{"id":"gen9nationaldex-1992052798","p1":"Cooolth","p2":"Alexander90281","format":"[Gen 9] National Dex","log":"|j|\u2606Cooolth\n|j|\u2606Alexander90281\n|t:|1700151117\n|gametype|singles\n|player|p1|Cooolth|clown|1586\n|player|p2|Alexander90281|tateandliza-gen6|1638\n|teamsize|p1|6\n|teamsize|p2|6\n|gen|9\n|tier|[Gen 9] National Dex\n|rated|\n|rule|HP Percentage Mod: HP is shown in percentages\n|rule|Endless Battle Clause: Forcing endless battles is banned\n|rule|OHKO Clause: OHKO moves are banned\n|rule|Evasion Clause: Evasion abilities, items, and moves are banned\n|rule|Evasion Abilities Clause: Evasion abilities are banned\n|rule|Evasion Items Clause: Evasion items are banned\n|rule|Evasion Moves Clause: Evasion moves are banned\n|rule|Species Clause: Limit one of each Pok\u00e9mon\n|rule|Sleep Clause Mod: Limit one foe put to sleep\n|clearpoke\n|poke|p1|Tapu Lele|\n|poke|p1|Zapdos|\n|poke|p1|Ferrothorn, F|\n|poke|p1|Heatran, M|\n|poke|p1|Urshifu-*, F|\n|poke|p1|Ogerpon-Wellspring, F|\n|poke|p2|Mimikyu, M|\n|poke|p2|Hatterene, F|\n|poke|p2|Marowak-Alola, M|\n|poke|p2|Victini|\n|poke|p2|Mawile, M|\n|poke|p2|Alakazam, F|\n|teampreview\n|inactive|Battle timer is ON: inactive players will automatically lose when time's up. (requested by Cooolth)\n|\n|t:|1700151169\n|start\n|switch|p1a: Heatran|Heatran, M|100\/100\n|switch|p2a: Victini|Victini|100\/100\n|turn|1\n|\n|t:|1700151177\n|move|p2a: Victini|Final Gambit|p1a: Heatran\n|-damage|p1a: Heatran|0 fnt\n|faint|p2a: Victini\n|faint|p1a: Heatran\n|\n|upkeep\n|\n|t:|1700151183\n|switch|p2a: Hatterene|Hatterene, F|100\/100\n|switch|p1a: Zapdos|Zapdos|100\/100\n|turn|2\n|\n|t:|1700151186\n|move|p1a: Zapdos|Hurricane|p2a: Hatterene\n|-damage|p2a: Hatterene|46\/100\n|move|p2a: Hatterene|Trick Room|p2a: Hatterene\n|-fieldstart|move: Trick Room|[of] p2a: Hatterene\n|\n|upkeep\n|turn|3\n|\n|t:|1700151193\n|move|p2a: Hatterene|Healing Wish|p2a: Hatterene\n|faint|p2a: Hatterene\n|move|p1a: Zapdos|Hurricane|p2: Hatterene|[notarget]\n|-fail|p1a: Zapdos\n|\n|upkeep\n|j| xsk123\n|j| elvisma\n|\n|t:|1700151202\n|switch|p2a: Marowak|Marowak-Alola, M|100\/100\n|turn|4\n|\n|t:|1700151206\n|move|p2a: Marowak|Swords Dance|p2a: Marowak\n|-boost|p2a: Marowak|atk|2\n|move|p1a: Zapdos|Hurricane|p2a: Marowak\n|-damage|p2a: Marowak|35\/100\n|\n|upkeep\n|turn|5\n|\n|t:|1700151210\n|move|p2a: Marowak|Flare Blitz|p1a: Zapdos\n|-damage|p1a: Zapdos|0 fnt\n|-status|p2a: Marowak|par|[from] ability: Static|[of] p1a: Zapdos\n|faint|p1a: Zapdos\n|\n|upkeep\n|\n|t:|1700151214\n|switch|p1a: Urshifu|Urshifu-Rapid-Strike, F|100\/100\n|turn|6\n|\n|t:|1700151217\n|-terastallize|p2a: Marowak|Normal\n|move|p1a: Urshifu|Aqua Jet|p2a: Marowak\n|-damage|p2a: Marowak|15\/100 par\n|move|p2a: Marowak|Poltergeist|p1a: Urshifu\n|-activate|p1a: Urshifu|move: Poltergeist|Protective Pads\n|-damage|p1a: Urshifu|0 fnt\n|faint|p1a: Urshifu\n|\n|-fieldend|move: Trick Room\n|upkeep\n|\n|t:|1700151226\n|switch|p1a: Ogerpon|Ogerpon-Wellspring, F|100\/100\n|turn|7\n|\n|t:|1700151230\n|switch|p2a: Mawile|Mawile, M|100\/100\n|-ability|p2a: Mawile|Intimidate|boost\n|-unboost|p1a: Ogerpon|atk|1\n|move|p1a: Ogerpon|Ivy Cudgel|p2a: Mawile|[anim] Ivy Cudgel Water\n|-damage|p2a: Mawile|52\/100\n|\n|upkeep\n|turn|8\n|\n|t:|1700151237\n|detailschange|p2a: Mawile|Mawile-Mega, M\n|-mega|p2a: Mawile|Mawile|Mawilite\n|move|p1a: Ogerpon|Ivy Cudgel|p2a: Mawile|[anim] Ivy Cudgel Water\n|-damage|p2a: Mawile|16\/100\n|move|p2a: Mawile|Brick Break|p1a: Ogerpon\n|-damage|p1a: Ogerpon|40\/100\n|\n|upkeep\n|turn|9\n|\n|t:|1700151243\n|switch|p1a: Ferrothorn|Ferrothorn, F|100\/100\n|move|p2a: Mawile|Sucker Punch||[still]\n|-fail|p2a: Mawile\n|\n|upkeep\n|turn|10\n|\n|t:|1700151252\n|move|p2a: Mawile|Brick Break|p1a: Ferrothorn\n|-supereffective|p1a: Ferrothorn\n|-damage|p1a: Ferrothorn|48\/100\n|-damage|p2a: Mawile|4\/100|[from] ability: Iron Barbs|[of] p1a: Ferrothorn\n|-damage|p2a: Mawile|0 fnt|[from] item: Rocky Helmet|[of] p1a: Ferrothorn\n|faint|p2a: Mawile\n|move|p1a: Ferrothorn|Spikes|p2: Mawile\n|-sidestart|p2: Alexander90281|Spikes\n|\n|upkeep\n|\n|t:|1700151264\n|switch|p2a: Marowak|Marowak-Alola, M, tera:Normal|15\/100 par\n|-heal|p2a: Marowak|100\/100|[from] move: Healing Wish\n|-damage|p2a: Marowak|88\/100|[from] Spikes\n|turn|11\n|\n|t:|1700151268\n|move|p2a: Marowak|Flare Blitz|p1a: Ferrothorn\n|-supereffective|p1a: Ferrothorn\n|-damage|p1a: Ferrothorn|0 fnt\n|-damage|p2a: Marowak|76\/100|[from] ability: Iron Barbs|[of] p1a: Ferrothorn\n|-damage|p2a: Marowak|59\/100|[from] item: Rocky Helmet|[of] p1a: Ferrothorn\n|faint|p1a: Ferrothorn\n|\n|upkeep\n|\n|t:|1700151270\n|switch|p1a: Ogerpon|Ogerpon-Wellspring, F|40\/100\n|turn|12\n|\n|t:|1700151274\n|switch|p2a: Mimikyu|Mimikyu, M|100\/100\n|-damage|p2a: Mimikyu|88\/100|[from] Spikes\n|move|p1a: Ogerpon|Ivy Cudgel|p2a: Mimikyu|[anim] Ivy Cudgel Water\n|-activate|p2a: Mimikyu|ability: Disguise\n|-damage|p2a: Mimikyu|88\/100\n|detailschange|p2a: Mimikyu|Mimikyu-Busted, M\n|-damage|p2a: Mimikyu|76\/100|[from] pokemon: Mimikyu-Busted\n|\n|upkeep\n|turn|13\n|\n|t:|1700151278\n|move|p1a: Ogerpon|Ivy Cudgel|p2a: Mimikyu|[anim] Ivy Cudgel Water\n|-damage|p2a: Mimikyu|22\/100\n|-enditem|p2a: Mimikyu|Sitrus Berry|[eat]\n|-heal|p2a: Mimikyu|47\/100|[from] item: Sitrus Berry\n|move|p2a: Mimikyu|Trick Room|p2a: Mimikyu\n|-fieldstart|move: Trick Room|[of] p2a: Mimikyu\n|\n|upkeep\n|turn|14\n|\n|t:|1700151283\n|move|p2a: Mimikyu|Curse|p1a: Ogerpon\n|-start|p1a: Ogerpon|Curse|[of] p2a: Mimikyu\n|-damage|p2a: Mimikyu|0 fnt\n|faint|p2a: Mimikyu\n|move|p1a: Ogerpon|Ivy Cudgel|p2: Mimikyu|[notarget]\n|-fail|p1a: Ogerpon\n|\n|-damage|p1a: Ogerpon|15\/100|[from] Curse\n|upkeep\n|\n|t:|1700151286\n|switch|p2a: Marowak|Marowak-Alola, M, tera:Normal|59\/100\n|-damage|p2a: Marowak|47\/100|[from] Spikes\n|turn|15\n|\n|t:|1700151291\n|move|p2a: Marowak|Flare Blitz|p1a: Ogerpon\n|-damage|p1a: Ogerpon|0 fnt\n|faint|p1a: Ogerpon\n|\n|upkeep\n|\n|t:|1700151292\n|switch|p1a: Tapu Lele|Tapu Lele|100\/100\n|-fieldstart|move: Psychic Terrain|[from] ability: Psychic Surge|[of] p1a: Tapu Lele\n|turn|16\n|\n|t:|1700151296\n|move|p2a: Marowak|Flare Blitz|p1a: Tapu Lele\n|-damage|p1a: Tapu Lele|0 fnt\n|faint|p1a: Tapu Lele\n|\n|win|Alexander90281\n|raw|Cooolth's rating: 1586 &rarr; <strong>1569<\/strong><br \/>(-17 for losing)\n|raw|Alexander90281's rating: 1638 &rarr; <strong>1655<\/strong><br \/>(+17 for winning)\n|l|\u2606Alexander90281\n|l| elvisma\n","uploadtime":1700151307,"views":4,"p1id":"cooolth","p2id":"alexander90281","formatid":"gen9nationaldex","rating":1569,"private":0,"password":""}