{"id":"gen9nationaldex-1996067701","p1":"HYC13","p2":"FlyingSudowoodo","format":"[Gen 9] National Dex","log":"|html|<div class=\"broadcast-blue\"><strong>[Gen 9] National Dex is currently suspecting Sneasler! For information on how to participate check out the <a href=\"https:\/\/www.smogon.com\/forums\/threads\/sv-national-dex-suspect-8-just-dance.3731534\/\">suspect thread<\/a>.<\/strong><\/div>\n|j|\u2606HYC13\n|j|\u2606FlyingSudowoodo\n|t:|1700638681\n|gametype|singles\n|player|p1|HYC13|lass|1369\n|player|p2|FlyingSudowoodo|brock|1432\n|teamsize|p1|6\n|teamsize|p2|6\n|gen|9\n|tier|[Gen 9] National Dex\n|rated|\n|rule|HP Percentage Mod: HP is shown in percentages\n|rule|Endless Battle Clause: Forcing endless battles is banned\n|rule|OHKO Clause: OHKO moves are banned\n|rule|Evasion Clause: Evasion abilities, items, and moves are banned\n|rule|Evasion Abilities Clause: Evasion abilities are banned\n|rule|Evasion Items Clause: Evasion items are banned\n|rule|Evasion Moves Clause: Evasion moves are banned\n|rule|Species Clause: Limit one of each Pok\u00e9mon\n|rule|Sleep Clause Mod: Limit one foe put to sleep\n|clearpoke\n|poke|p1|Garganacl, M|\n|poke|p1|Urshifu-*, F|\n|poke|p1|Ogerpon-Wellspring, F|\n|poke|p1|Latias, F|\n|poke|p1|Scizor, M|\n|poke|p1|Tapu Lele|\n|poke|p2|Golem-Alola, M|\n|poke|p2|Glalie, M|\n|poke|p2|Victini|\n|poke|p2|Blissey, F|\n|poke|p2|Lucario, F|\n|poke|p2|Rillaboom, M|\n|teampreview\n|inactive|Battle timer is ON: inactive players will automatically lose when time's up. (requested by FlyingSudowoodo)\n|\n|t:|1700638687\n|start\n|switch|p1a: Ogerpon|Ogerpon-Wellspring, F|100\/100\n|switch|p2a: Lucario|Lucario, F|100\/100\n|turn|1\n|\n|t:|1700638697\n|-terastallize|p1a: Ogerpon|Water\n|detailschange|p1a: Ogerpon|Ogerpon-Wellspring-Tera, F, tera:Water\n|-ability|p1a: Ogerpon|Embody Aspect (Wellspring)|boost\n|-boost|p1a: Ogerpon|spd|1\n|move|p2a: Lucario|Final Gambit|p1a: Ogerpon\n|-damage|p1a: Ogerpon|0 fnt\n|faint|p2a: Lucario\n|faint|p1a: Ogerpon\n|\n|upkeep\n|\n|t:|1700638709\n|switch|p1a: Urshifu|Urshifu-Rapid-Strike, F|100\/100\n|switch|p2a: Blissey|Blissey, F|100\/100\n|turn|2\n|\n|t:|1700638721\n|-terastallize|p2a: Blissey|Ghost\n|move|p2a: Blissey|Copycat|p2a: Blissey\n|move|p2a: Blissey|Final Gambit|p1a: Urshifu|[from]move: Copycat\n|-damage|p1a: Urshifu|0 fnt\n|faint|p2a: Blissey\n|faint|p1a: Urshifu\n|\n|upkeep\n|\n|t:|1700638737\n|switch|p1a: Scizor|Scizor, M|100\/100\n|switch|p2a: Golem|Golem-Alola, M|100\/100\n|turn|3\n|\n|t:|1700638747\n|detailschange|p1a: Scizor|Scizor-Mega, M\n|-mega|p1a: Scizor|Scizor|Scizorite\n|move|p1a: Scizor|Bullet Punch|p2a: Golem\n|-damage|p2a: Golem|76\/100\n|move|p2a: Golem|Explosion|p1a: Scizor\n|-damage|p1a: Scizor|0 fnt\n|faint|p2a: Golem\n|faint|p1a: Scizor\n|\n|upkeep\n|\n|t:|1700638759\n|switch|p2a: Victini|Victini|100\/100\n|switch|p1a: Tapu Lele|Tapu Lele|100\/100\n|-fieldstart|move: Psychic Terrain|[from] ability: Psychic Surge|[of] p1a: Tapu Lele\n|turn|4\n|\n|t:|1700638786\n|switch|p1a: Latias|Latias, F|100\/100\n|move|p2a: Victini|Final Gambit|p1a: Latias\n|-damage|p1a: Latias|0 fnt\n|faint|p2a: Victini\n|faint|p1a: Latias\n|\n|upkeep\n|\n|t:|1700638800\n|switch|p2a: Glalie|Glalie, M|100\/100\n|switch|p1a: Tapu Lele|Tapu Lele|100\/100\n|turn|5\n|\n|t:|1700638812\n|detailschange|p2a: Glalie|Glalie-Mega, M\n|-mega|p2a: Glalie|Glalie|Glalitite\n|move|p1a: Tapu Lele|Focus Blast|p2a: Glalie|[miss]\n|-miss|p1a: Tapu Lele|p2a: Glalie\n|move|p2a: Glalie|Explosion|p1a: Tapu Lele\n|-damage|p1a: Tapu Lele|0 fnt\n|faint|p2a: Glalie\n|faint|p1a: Tapu Lele\n|\n|upkeep\n|\n|t:|1700638820\n|switch|p2a: Rillaboom|Rillaboom, M|100\/100\n|switch|p1a: Garganacl|Garganacl, M|100\/100\n|-fieldstart|move: Grassy Terrain|[from] ability: Grassy Surge|[of] p2a: Rillaboom\n|turn|6\n|\n|t:|1700638826\n|move|p2a: Rillaboom|Wood Hammer|p1a: Garganacl\n|-supereffective|p1a: Garganacl\n|-damage|p1a: Garganacl|0 fnt\n|faint|p1a: Garganacl\n|-damage|p2a: Rillaboom|61\/100|[from] Recoil\n|-damage|p2a: Rillaboom|52\/100|[from] item: Life Orb\n|\n|win|FlyingSudowoodo\n|raw|HYC13's rating: 1369 &rarr; <strong>1353<\/strong><br \/>(-16 for losing)\n|raw|FlyingSudowoodo's rating: 1432 &rarr; <strong>1448<\/strong><br \/>(+16 for winning)\n|l|\u2606HYC13\n","uploadtime":1700638834,"views":3,"p1id":"hyc13","p2id":"flyingsudowoodo","formatid":"gen9nationaldex","rating":1353,"private":0,"password":""}