{"id":"gen9nationaldex-1993412920","p1":"akxhdwy","p2":"grass knot zygarde","format":"[Gen 9] National Dex","log":"|j|\u2606akxhdwy\n|j|\u2606grass knot zygarde\n|t:|1700314494\n|gametype|singles\n|player|p1|akxhdwy|swimmerf|1713\n|player|p2|grass knot zygarde|dawn|1667\n|teamsize|p1|6\n|teamsize|p2|6\n|gen|9\n|tier|[Gen 9] National Dex\n|rated|\n|rule|HP Percentage Mod: HP is shown in percentages\n|rule|Endless Battle Clause: Forcing endless battles is banned\n|rule|OHKO Clause: OHKO moves are banned\n|rule|Evasion Clause: Evasion abilities, items, and moves are banned\n|rule|Evasion Abilities Clause: Evasion abilities are banned\n|rule|Evasion Items Clause: Evasion items are banned\n|rule|Evasion Moves Clause: Evasion moves are banned\n|rule|Species Clause: Limit one of each Pok\u00e9mon\n|rule|Sleep Clause Mod: Limit one foe put to sleep\n|clearpoke\n|poke|p1|Weavile, F|\n|poke|p1|Landorus-Therian, M|\n|poke|p1|Zapdos|\n|poke|p1|Volcanion|\n|poke|p1|Ursaluna, F|\n|poke|p1|Kartana|\n|poke|p2|Latios, M|\n|poke|p2|Buzzwole|\n|poke|p2|Gliscor, M|\n|poke|p2|Weavile, F|\n|poke|p2|Heatran, M|\n|poke|p2|Ogerpon-Wellspring, F|\n|teampreview\n|inactive|Battle timer is ON: inactive players will automatically lose when time's up. (requested by grass knot zygarde)\n|\n|t:|1700314508\n|start\n|switch|p1a: Weavile|Weavile, F|100\/100\n|switch|p2a: \ua329\ua35f\ua074\ua14f\ua2ea\ua038\ua038\ua0a6\ua329\ua038\ua018\ua02d|Ogerpon-Wellspring, F|100\/100\n|-ability|p1a: Weavile|Pressure\n|turn|1\n|\n|t:|1700314522\n|-terastallize|p1a: Weavile|Dark\n|move|p1a: Weavile|Beat Up|p2a: \ua329\ua35f\ua074\ua14f\ua2ea\ua038\ua038\ua0a6\ua329\ua038\ua018\ua02d\n|-damage|p2a: \ua329\ua35f\ua074\ua14f\ua2ea\ua038\ua038\ua0a6\ua329\ua038\ua018\ua02d|79\/100\n|-damage|p2a: \ua329\ua35f\ua074\ua14f\ua2ea\ua038\ua038\ua0a6\ua329\ua038\ua018\ua02d|55\/100\n|-damage|p2a: \ua329\ua35f\ua074\ua14f\ua2ea\ua038\ua038\ua0a6\ua329\ua038\ua018\ua02d|35\/100\n|-crit|p2a: \ua329\ua35f\ua074\ua14f\ua2ea\ua038\ua038\ua0a6\ua329\ua038\ua018\ua02d\n|-damage|p2a: \ua329\ua35f\ua074\ua14f\ua2ea\ua038\ua038\ua0a6\ua329\ua038\ua018\ua02d|5\/100\n|-damage|p2a: \ua329\ua35f\ua074\ua14f\ua2ea\ua038\ua038\ua0a6\ua329\ua038\ua018\ua02d|0 fnt\n|faint|p2a: \ua329\ua35f\ua074\ua14f\ua2ea\ua038\ua038\ua0a6\ua329\ua038\ua018\ua02d\n|-hitcount|p2: \ua329\ua35f\ua074\ua14f\ua2ea\ua038\ua038\ua0a6\ua329\ua038\ua018\ua02d|5\n|\n|upkeep\n|\n|t:|1700314536\n|switch|p2a: nitro cell device|Buzzwole|100\/100\n|turn|2\n|\n|t:|1700314541\n|switch|p1a: Landorus|Landorus-Therian, M|100\/100\n|-ability|p1a: Landorus|Intimidate|boost\n|-unboost|p2a: nitro cell device|atk|1\n|move|p2a: nitro cell device|Ice Punch|p1a: Landorus\n|-supereffective|p1a: Landorus\n|-damage|p1a: Landorus|45\/100\n|\n|-heal|p1a: Landorus|51\/100|[from] item: Leftovers\n|upkeep\n|turn|3\n|\n|t:|1700314553\n|switch|p1a: Volcanion|Volcanion|100\/100\n|move|p2a: nitro cell device|Ice Punch|p1a: Volcanion\n|-resisted|p1a: Volcanion\n|-damage|p1a: Volcanion|98\/100\n|\n|upkeep\n|turn|4\n|\n|t:|1700314559\n|switch|p2a: ECHOES|Latios, M|100\/100\n|move|p1a: Volcanion|Toxic|p2a: ECHOES\n|-status|p2a: ECHOES|tox\n|\n|-damage|p2a: ECHOES|95\/100 tox|[from] psn\n|upkeep\n|turn|5\n|\n|t:|1700314568\n|switch|p1a: Ursaluna|Ursaluna, F|100\/100\n|detailschange|p2a: ECHOES|Latios-Mega, M\n|-mega|p2a: ECHOES|Latios|Latiosite\n|move|p2a: ECHOES|Psychic|p1a: Ursaluna\n|-damage|p1a: Ursaluna|44\/100\n|\n|-damage|p2a: ECHOES|83\/100 tox|[from] psn\n|-status|p1a: Ursaluna|brn|[from] item: Flame Orb\n|upkeep\n|turn|6\n|\n|t:|1700314576\n|move|p2a: ECHOES|Aura Sphere|p1a: Ursaluna\n|-supereffective|p1a: Ursaluna\n|-damage|p1a: Ursaluna|0 fnt\n|faint|p1a: Ursaluna\n|\n|-damage|p2a: ECHOES|65\/100 tox|[from] psn\n|upkeep\n|\n|t:|1700314582\n|switch|p1a: Weavile|Weavile, F, tera:Dark|100\/100\n|-ability|p1a: Weavile|Pressure\n|turn|7\n|\n|t:|1700314587\n|switch|p2a: nitro cell device|Buzzwole|100\/100\n|move|p1a: Weavile|Beat Up|p2a: nitro cell device\n|-resisted|p2a: nitro cell device\n|-damage|p2a: nitro cell device|96\/100\n|-resisted|p2a: nitro cell device\n|-damage|p2a: nitro cell device|92\/100\n|-resisted|p2a: nitro cell device\n|-damage|p2a: nitro cell device|88\/100\n|-resisted|p2a: nitro cell device\n|-damage|p2a: nitro cell device|84\/100\n|-resisted|p2a: nitro cell device\n|-damage|p2a: nitro cell device|79\/100\n|-hitcount|p2a: nitro cell device|5\n|\n|upkeep\n|turn|8\n|\n|t:|1700314594\n|switch|p1a: Volcanion|Volcanion|98\/100\n|move|p2a: nitro cell device|Drain Punch|p1a: Volcanion\n|-damage|p1a: Volcanion|79\/100\n|-heal|p2a: nitro cell device|87\/100|[from] drain|[of] p1a: Volcanion\n|\n|upkeep\n|turn|9\n|\n|t:|1700314608\n|switch|p2a: ECHOES|Latios-Mega, M|65\/100 tox\n|move|p1a: Volcanion|Steam Eruption|p2a: ECHOES|[miss]\n|-miss|p1a: Volcanion|p2a: ECHOES\n|\n|-damage|p2a: ECHOES|59\/100 tox|[from] psn\n|upkeep\n|turn|10\n|\n|t:|1700314616\n|switch|p1a: Weavile|Weavile, F, tera:Dark|100\/100\n|-ability|p1a: Weavile|Pressure\n|move|p2a: ECHOES|Roost|p2a: ECHOES\n|-heal|p2a: ECHOES|100\/100 tox\n|-singleturn|p2a: ECHOES|move: Roost\n|\n|-damage|p2a: ECHOES|89\/100 tox|[from] psn\n|upkeep\n|turn|11\n|\n|t:|1700314624\n|move|p1a: Weavile|Triple Axel|p2a: ECHOES\n|-supereffective|p2a: ECHOES\n|-damage|p2a: ECHOES|55\/100 tox\n|-supereffective|p2a: ECHOES\n|-damage|p2a: ECHOES|0 fnt\n|faint|p2a: ECHOES\n|-hitcount|p2: ECHOES|2\n|\n|upkeep\n|\n|t:|1700314633\n|switch|p2a: Piss Cup Haircut|Weavile, F|100\/100\n|-ability|p2a: Piss Cup Haircut|Pressure\n|turn|12\n|\n|t:|1700314639\n|switch|p1a: Landorus|Landorus-Therian, M|51\/100\n|-ability|p1a: Landorus|Intimidate|boost\n|-unboost|p2a: Piss Cup Haircut|atk|1\n|move|p2a: Piss Cup Haircut|Knock Off|p1a: Landorus\n|-damage|p1a: Landorus|1\/100\n|-enditem|p1a: Landorus|Leftovers|[from] move: Knock Off|[of] p2a: Piss Cup Haircut\n|\n|upkeep\n|turn|13\n|\n|t:|1700314647\n|move|p2a: Piss Cup Haircut|Knock Off|p1a: Landorus\n|-damage|p1a: Landorus|0 fnt\n|faint|p1a: Landorus\n|\n|upkeep\n|\n|t:|1700314659\n|switch|p1a: Kartana|Kartana|100\/100\n|turn|14\n|\n|t:|1700314663\n|switch|p2a: nitro cell device|Buzzwole|87\/100\n|move|p1a: Kartana|Sacred Sword|p2a: nitro cell device\n|-resisted|p2a: nitro cell device\n|-damage|p2a: nitro cell device|77\/100\n|\n|upkeep\n|turn|15\n|\n|t:|1700314670\n|switch|p1a: Volcanion|Volcanion|79\/100\n|move|p2a: nitro cell device|Ice Punch|p1a: Volcanion\n|-resisted|p1a: Volcanion\n|-damage|p1a: Volcanion|76\/100\n|\n|upkeep\n|turn|16\n|\n|t:|1700314679\n|switch|p2a: i|Gliscor, M, shiny|100\/100\n|move|p1a: Volcanion|Steam Eruption|p2a: i\n|-supereffective|p2a: i\n|-damage|p2a: i|17\/100\n|-status|p2a: i|brn\n|\n|-damage|p2a: i|10\/100 brn|[from] brn\n|upkeep\n|turn|17\n|\n|t:|1700314687\n|move|p2a: i|Toxic|p1a: Volcanion\n|-status|p1a: Volcanion|tox\n|move|p1a: Volcanion|Steam Eruption|p2a: i\n|-supereffective|p2a: i\n|-damage|p2a: i|0 fnt\n|faint|p2a: i\n|\n|-damage|p1a: Volcanion|70\/100 tox|[from] psn\n|upkeep\n|\n|t:|1700314693\n|switch|p2a: u|Heatran, M|100\/100\n|turn|18\n|\n|t:|1700314704\n|switch|p1a: Zapdos|Zapdos|100\/100\n|-terastallize|p2a: u|Grass\n|move|p2a: u|Magma Storm|p1a: Zapdos|[miss]\n|-miss|p2a: u|p1a: Zapdos\n|\n|upkeep\n|turn|19\n|\n|t:|1700314715\n|switch|p2a: Piss Cup Haircut|Weavile, F|100\/100\n|-ability|p2a: Piss Cup Haircut|Pressure\n|move|p1a: Zapdos|Hurricane|p2a: Piss Cup Haircut\n|-damage|p2a: Piss Cup Haircut|40\/100\n|\n|upkeep\n|turn|20\n|\n|t:|1700314727\n|switch|p1a: Weavile|Weavile, F, tera:Dark|100\/100\n|-ability|p1a: Weavile|Pressure\n|move|p2a: Piss Cup Haircut|Triple Axel|p1a: Weavile\n|-damage|p1a: Weavile|76\/100\n|-damage|p1a: Weavile|26\/100\n|-damage|p1a: Weavile|0 fnt\n|faint|p1a: Weavile\n|-hitcount|p1: Weavile|3\n|\n|upkeep\n|\n|t:|1700314730\n|switch|p1a: Kartana|Kartana|100\/100\n|turn|21\n|\n|t:|1700314742\n|switch|p1a: Zapdos|Zapdos|100\/100\n|move|p2a: Piss Cup Haircut|Triple Axel|p1a: Zapdos\n|-supereffective|p1a: Zapdos\n|-damage|p1a: Zapdos|80\/100\n|-supereffective|p1a: Zapdos\n|-damage|p1a: Zapdos|35\/100\n|-status|p2a: Piss Cup Haircut|par|[from] ability: Static|[of] p1a: Zapdos\n|-hitcount|p1a: Zapdos|2\n|\n|upkeep\n|turn|22\n|\n|t:|1700314752\n|move|p1a: Zapdos|Roost|p1a: Zapdos\n|-heal|p1a: Zapdos|85\/100\n|-singleturn|p1a: Zapdos|move: Roost\n|move|p2a: Piss Cup Haircut|Triple Axel|p1a: Zapdos\n|-damage|p1a: Zapdos|74\/100\n|-damage|p1a: Zapdos|51\/100\n|-damage|p1a: Zapdos|20\/100\n|-hitcount|p1a: Zapdos|3\n|\n|upkeep\n|turn|23\n|\n|t:|1700314762\n|move|p1a: Zapdos|U-turn|p2a: Piss Cup Haircut\n|-supereffective|p2a: Piss Cup Haircut\n|-damage|p2a: Piss Cup Haircut|0 fnt\n|faint|p2a: Piss Cup Haircut\n|j| Ultramanball1\n|\n|t:|1700314767\n|switch|p1a: Volcanion|Volcanion|70\/100 tox|[from] U-turn\n|\n|-damage|p1a: Volcanion|64\/100 tox|[from] psn\n|upkeep\n|\n|t:|1700314771\n|switch|p2a: u|Heatran, M, tera:Grass|100\/100\n|turn|24\n|\n|t:|1700314775\n|move|p2a: u|Magma Storm|p1a: Volcanion\n|-resisted|p1a: Volcanion\n|-damage|p1a: Volcanion|53\/100 tox\n|-activate|p1a: Volcanion|move: Magma Storm|[of] p2a: u\n|move|p1a: Volcanion|Toxic|p2a: u|[miss]\n|-miss|p1a: Volcanion|p2a: u\n|\n|-damage|p1a: Volcanion|40\/100 tox|[from] psn\n|-damage|p1a: Volcanion|28\/100 tox|[from] move: Magma Storm|[partiallytrapped]\n|upkeep\n|turn|25\n|\n|t:|1700314779\n|move|p2a: u|Earth Power|p1a: Volcanion\n|-supereffective|p1a: Volcanion\n|-damage|p1a: Volcanion|0 fnt\n|faint|p1a: Volcanion\n|\n|upkeep\n|\n|t:|1700314783\n|switch|p1a: Zapdos|Zapdos|20\/100\n|turn|26\n|\n|t:|1700314787\n|move|p1a: Zapdos|Roost|p1a: Zapdos\n|-heal|p1a: Zapdos|70\/100\n|-singleturn|p1a: Zapdos|move: Roost\n|move|p2a: u|Magma Storm|p1a: Zapdos\n|-damage|p1a: Zapdos|32\/100\n|-activate|p1a: Zapdos|move: Magma Storm|[of] p2a: u\n|\n|-damage|p1a: Zapdos|19\/100|[from] move: Magma Storm|[partiallytrapped]\n|upkeep\n|turn|27\n|\n|t:|1700314792\n|move|p1a: Zapdos|U-turn|p2a: u\n|-supereffective|p2a: u\n|-damage|p2a: u|80\/100\n|\n|t:|1700314794\n|switch|p1a: Kartana|Kartana|100\/100|[from] U-turn\n|move|p2a: u|Magma Storm|p1a: Kartana\n|-supereffective|p1a: Kartana\n|-damage|p1a: Kartana|0 fnt\n|faint|p1a: Kartana\n|\n|-heal|p2a: u|86\/100|[from] item: Leftovers\n|upkeep\n|\n|t:|1700314796\n|switch|p1a: Zapdos|Zapdos|19\/100\n|turn|28\n|\n|t:|1700314801\n|move|p1a: Zapdos|Roost|p1a: Zapdos\n|-heal|p1a: Zapdos|69\/100\n|-singleturn|p1a: Zapdos|move: Roost\n|move|p2a: u|Magma Storm|p1a: Zapdos\n|-damage|p1a: Zapdos|26\/100\n|-activate|p1a: Zapdos|move: Magma Storm|[of] p2a: u\n|\n|-heal|p2a: u|93\/100|[from] item: Leftovers\n|-damage|p1a: Zapdos|14\/100|[from] move: Magma Storm|[partiallytrapped]\n|upkeep\n|turn|29\n|\n|t:|1700314806\n|move|p1a: Zapdos|Roost|p1a: Zapdos\n|-heal|p1a: Zapdos|64\/100\n|-singleturn|p1a: Zapdos|move: Roost\n|move|p2a: u|Magma Storm|p1a: Zapdos\n|-damage|p1a: Zapdos|22\/100\n|\n|-heal|p2a: u|99\/100|[from] item: Leftovers\n|-damage|p1a: Zapdos|10\/100|[from] move: Magma Storm|[partiallytrapped]\n|upkeep\n|turn|30\n|\n|t:|1700314810\n|move|p1a: Zapdos|Roost|p1a: Zapdos\n|-heal|p1a: Zapdos|60\/100\n|-singleturn|p1a: Zapdos|move: Roost\n|move|p2a: u|Earth Power|p1a: Zapdos\n|-supereffective|p1a: Zapdos\n|-damage|p1a: Zapdos|8\/100\n|\n|-heal|p2a: u|100\/100|[from] item: Leftovers\n|-damage|p1a: Zapdos|0 fnt|[from] move: Magma Storm|[partiallytrapped]\n|faint|p1a: Zapdos\n|\n|win|grass knot zygarde\n|upkeep\n|raw|akxhdwy's rating: 1713 &rarr; <strong>1690<\/strong><br \/>(-23 for losing)\n|raw|grass knot zygarde's rating: 1667 &rarr; <strong>1690<\/strong><br \/>(+23 for winning)\n|c|\u2606grass knot zygarde|gg\n|l|\u2606akxhdwy\n|l| Ultramanball1\n","uploadtime":1700314829,"views":6,"p1id":"akxhdwy","p2id":"grassknotzygarde","formatid":"gen9nationaldex","rating":1690,"private":0,"password":""}