{"id":"gen9nationaldex-1994929219","p1":"kpoc12","p2":"Void88829","format":"[Gen 9] National Dex","log":"|html|<div class=\"broadcast-blue\"><strong>[Gen 9] National Dex is currently suspecting Sneasler! For information on how to participate check out the <a href=\"https:\/\/www.smogon.com\/forums\/threads\/sv-national-dex-suspect-8-just-dance.3731534\/\">suspect thread<\/a>.<\/strong><\/div>\n|j|\u2606kpoc12\n|j|\u2606Void88829\n|t:|1700505558\n|gametype|singles\n|player|p1|kpoc12|ghetsis|1000\n|player|p2|Void88829|ingo|1071\n|teamsize|p1|6\n|teamsize|p2|6\n|gen|9\n|tier|[Gen 9] National Dex\n|rated|\n|rule|HP Percentage Mod: HP is shown in percentages\n|rule|Endless Battle Clause: Forcing endless battles is banned\n|rule|OHKO Clause: OHKO moves are banned\n|rule|Evasion Clause: Evasion abilities, items, and moves are banned\n|rule|Evasion Abilities Clause: Evasion abilities are banned\n|rule|Evasion Items Clause: Evasion items are banned\n|rule|Evasion Moves Clause: Evasion moves are banned\n|rule|Species Clause: Limit one of each Pok\u00e9mon\n|rule|Sleep Clause Mod: Limit one foe put to sleep\n|clearpoke\n|poke|p1|Grimmsnarl, M|\n|poke|p1|Liepard, M|\n|poke|p1|Scrafty, M|\n|poke|p1|Toxicroak, F|\n|poke|p1|Sharpedo, M|\n|poke|p1|Morpeko, F|\n|poke|p2|Forretress, M|\n|poke|p2|Scizor, M|\n|poke|p2|Greninja-*, M|\n|poke|p2|Snorlax, M|\n|poke|p2|Mew|\n|poke|p2|Kommo-o, M|\n|teampreview\n|inactive|Battle timer is ON: inactive players will automatically lose when time's up. (requested by Void88829)\n|\n|t:|1700505563\n|start\n|switch|p1a: Grimmsnarl|Grimmsnarl, M|100\/100\n|switch|p2a: Forretress|Forretress, M|100\/100\n|turn|1\n|\n|t:|1700505571\n|move|p1a: Grimmsnarl|Taunt|p2a: Forretress\n|-start|p2a: Forretress|move: Taunt\n|move|p2a: Forretress|Gyro Ball|p1a: Grimmsnarl\n|-supereffective|p1a: Grimmsnarl\n|-damage|p1a: Grimmsnarl|44\/100\n|\n|upkeep\n|turn|2\n|\n|t:|1700505580\n|move|p1a: Grimmsnarl|Reflect|p1a: Grimmsnarl\n|-sidestart|p1: kpoc12|Reflect\n|move|p2a: Forretress|Gyro Ball|p1a: Grimmsnarl\n|-supereffective|p1a: Grimmsnarl\n|-damage|p1a: Grimmsnarl|14\/100\n|\n|upkeep\n|turn|3\n|\n|t:|1700505585\n|move|p1a: Grimmsnarl|Light Screen|p1a: Grimmsnarl\n|-sidestart|p1: kpoc12|move: Light Screen\n|move|p2a: Forretress|Gyro Ball|p1a: Grimmsnarl\n|-supereffective|p1a: Grimmsnarl\n|-damage|p1a: Grimmsnarl|0 fnt\n|faint|p1a: Grimmsnarl\n|\n|-end|p2a: Forretress|move: Taunt\n|upkeep\n|\n|t:|1700505595\n|switch|p1a: Scrafty|Scrafty, M|100\/100\n|turn|4\n|\n|t:|1700505598\n|move|p1a: Scrafty|Fake Out|p2a: Forretress\n|-resisted|p2a: Forretress\n|-damage|p2a: Forretress|96\/100\n|cant|p2a: Forretress|flinch\n|\n|-heal|p2a: Forretress|100\/100|[from] item: Leftovers\n|upkeep\n|turn|5\n|\n|t:|1700505605\n|move|p1a: Scrafty|Drain Punch|p2a: Forretress\n|-damage|p2a: Forretress|76\/100\n|move|p2a: Forretress|Stealth Rock|p1a: Scrafty\n|-sidestart|p1: kpoc12|move: Stealth Rock\n|\n|-heal|p2a: Forretress|83\/100|[from] item: Leftovers\n|upkeep\n|turn|6\n|\n|t:|1700505612\n|move|p1a: Scrafty|Dragon Dance|p1a: Scrafty\n|-boost|p1a: Scrafty|atk|1\n|-boost|p1a: Scrafty|spe|1\n|move|p2a: Forretress|Spikes|p1a: Scrafty\n|-sidestart|p1: kpoc12|Spikes\n|\n|-heal|p2a: Forretress|89\/100|[from] item: Leftovers\n|upkeep\n|turn|7\n|\n|t:|1700505619\n|move|p1a: Scrafty|Dragon Dance|p1a: Scrafty\n|-boost|p1a: Scrafty|atk|1\n|-boost|p1a: Scrafty|spe|1\n|move|p2a: Forretress|Spikes|p1a: Scrafty\n|-sidestart|p1: kpoc12|Spikes\n|\n|-heal|p2a: Forretress|95\/100|[from] item: Leftovers\n|upkeep\n|turn|8\n|\n|t:|1700505627\n|move|p1a: Scrafty|Dragon Dance|p1a: Scrafty\n|-boost|p1a: Scrafty|atk|1\n|-boost|p1a: Scrafty|spe|1\n|move|p2a: Forretress|Spikes|p1a: Scrafty\n|-sidestart|p1: kpoc12|Spikes\n|\n|-heal|p2a: Forretress|100\/100|[from] item: Leftovers\n|upkeep\n|turn|9\n|\n|t:|1700505636\n|move|p1a: Scrafty|Knock Off|p2a: Forretress\n|-damage|p2a: Forretress|23\/100\n|-enditem|p2a: Forretress|Leftovers|[from] move: Knock Off|[of] p1a: Scrafty\n|move|p2a: Forretress|Gyro Ball|p1a: Scrafty\n|-damage|p1a: Scrafty|64\/100\n|\n|-heal|p1a: Scrafty|70\/100|[from] item: Leftovers\n|-sideend|p1: kpoc12|Reflect\n|upkeep\n|turn|10\n|\n|t:|1700505645\n|move|p1a: Scrafty|Drain Punch|p2a: Forretress\n|-damage|p2a: Forretress|0 fnt\n|-heal|p1a: Scrafty|85\/100|[from] drain|[of] p2a: Forretress\n|faint|p2a: Forretress\n|-ability|p1a: Scrafty|Moxie|boost\n|-boost|p1a: Scrafty|atk|1\n|\n|-heal|p1a: Scrafty|91\/100|[from] item: Leftovers\n|-sideend|p1: kpoc12|move: Light Screen\n|upkeep\n|\n|t:|1700505657\n|switch|p2a: Snorlax|Snorlax, M|100\/100\n|turn|11\n|\n|t:|1700505660\n|move|p1a: Scrafty|Drain Punch|p2a: Snorlax\n|-supereffective|p2a: Snorlax\n|-damage|p2a: Snorlax|0 fnt\n|-heal|p1a: Scrafty|100\/100|[from] drain|[of] p2a: Snorlax\n|faint|p2a: Snorlax\n|-ability|p1a: Scrafty|Moxie|boost\n|-boost|p1a: Scrafty|atk|1\n|\n|upkeep\n|\n|t:|1700505671\n|switch|p2a: Scizor|Scizor, M|100\/100\n|turn|12\n|\n|t:|1700505674\n|detailschange|p2a: Scizor|Scizor-Mega, M\n|-mega|p2a: Scizor|Scizor|Scizorite\n|move|p1a: Scrafty|Drain Punch|p2a: Scizor\n|-damage|p2a: Scizor|17\/100\n|move|p2a: Scizor|X-Scissor|p1a: Scrafty\n|-damage|p1a: Scrafty|45\/100\n|\n|-heal|p1a: Scrafty|51\/100|[from] item: Leftovers\n|upkeep\n|turn|13\n|\n|t:|1700505683\n|move|p2a: Scizor|Bullet Punch|p1a: Scrafty\n|-damage|p1a: Scrafty|10\/100\n|move|p1a: Scrafty|Drain Punch|p2a: Scizor\n|-damage|p2a: Scizor|0 fnt\n|-heal|p1a: Scrafty|21\/100|[from] drain|[of] p2a: Scizor\n|faint|p2a: Scizor\n|-ability|p1a: Scrafty|Moxie|boost\n|-boost|p1a: Scrafty|atk|1\n|\n|-heal|p1a: Scrafty|27\/100|[from] item: Leftovers\n|upkeep\n|\n|t:|1700505698\n|switch|p2a: Greninja|Greninja, M|100\/100\n|turn|14\n|\n|t:|1700505712\n|-terastallize|p2a: Greninja|Water\n|move|p1a: Scrafty|Drain Punch|p2a: Greninja\n|-damage|p2a: Greninja|0 fnt\n|-heal|p1a: Scrafty|80\/100|[from] drain|[of] p2a: Greninja\n|faint|p2a: Greninja\n|\n|-heal|p1a: Scrafty|86\/100|[from] item: Leftovers\n|upkeep\n|\n|t:|1700505721\n|switch|p2a: Mew|Mew|100\/100\n|turn|15\n|\n|t:|1700505728\n|move|p1a: Scrafty|Knock Off|p2a: Mew\n|-supereffective|p2a: Mew\n|-damage|p2a: Mew|0 fnt\n|faint|p2a: Mew\n|\n|-heal|p1a: Scrafty|92\/100|[from] item: Leftovers\n|upkeep\n|-message|Void88829 forfeited.\n|\n|win|kpoc12\n|raw|kpoc12's rating: 1000 &rarr; <strong>1048<\/strong><br \/>(+48 for winning)\n|raw|Void88829's rating: 1071 &rarr; <strong>1046<\/strong><br \/>(-25 for losing)\n|l|\u2606Void88829\n","uploadtime":1700505737,"views":20,"p1id":"kpoc12","p2id":"void88829","formatid":"gen9nationaldex","rating":1046,"private":0,"password":""}