{"id":"gen9nationaldex-1990718468","p1":"theusb","p2":"Maxx Zwei","format":"[Gen 9] National Dex","log":"|j|\u2606theusb\n|j|\u2606Maxx Zwei\n|t:|1699994486\n|gametype|singles\n|player|p1|theusb|1|1075\n|player|p2|Maxx Zwei|riley|1158\n|teamsize|p1|6\n|teamsize|p2|6\n|gen|9\n|tier|[Gen 9] National Dex\n|rated|\n|rule|HP Percentage Mod: HP is shown in percentages\n|rule|Endless Battle Clause: Forcing endless battles is banned\n|rule|OHKO Clause: OHKO moves are banned\n|rule|Evasion Clause: Evasion abilities, items, and moves are banned\n|rule|Evasion Abilities Clause: Evasion abilities are banned\n|rule|Evasion Items Clause: Evasion items are banned\n|rule|Evasion Moves Clause: Evasion moves are banned\n|rule|Species Clause: Limit one of each Pok\u00e9mon\n|rule|Sleep Clause Mod: Limit one foe put to sleep\n|clearpoke\n|poke|p1|Mienshao, F|\n|poke|p1|Samurott-Hisui, M|\n|poke|p1|Okidogi, M|\n|poke|p1|Runerigus, M|\n|poke|p1|Kyurem|\n|poke|p1|Iron Valiant|\n|poke|p2|Tyranitar, M|\n|poke|p2|Arcanine-Hisui, M|\n|poke|p2|Glimmora, F|\n|poke|p2|Cradily, F|\n|poke|p2|Archeops, M|\n|poke|p2|Kleavor, F|\n|teampreview\n|inactive|Battle timer is ON: inactive players will automatically lose when time's up. (requested by theusb)\n|\n|t:|1699994508\n|start\n|switch|p1a: Iron Valiant|Iron Valiant, shiny|100\/100\n|switch|p2a: Glimmora|Glimmora, F|100\/100\n|-item|p2a: Glimmora|Air Balloon\n|turn|1\n|\n|t:|1699994515\n|move|p2a: Glimmora|Mortal Spin|p1a: Iron Valiant\n|-supereffective|p1a: Iron Valiant\n|-damage|p1a: Iron Valiant|88\/100\n|-status|p1a: Iron Valiant|psn\n|-zpower|p1a: Iron Valiant\n|move|p1a: Iron Valiant|Z-Electric Terrain|p1a: Iron Valiant|[anim]Electric Terrain\n|-boost|p1a: Iron Valiant|spe|1|[zeffect]\n|-fieldstart|move: Electric Terrain\n|-activate|p1a: Iron Valiant|ability: Quark Drive\n|-start|p1a: Iron Valiant|quarkdrivespa\n|\n|-damage|p1a: Iron Valiant|75\/100 psn|[from] psn\n|upkeep\n|turn|2\n|\n|t:|1699994532\n|move|p1a: Iron Valiant|Aura Sphere|p2a: Glimmora\n|-damage|p2a: Glimmora|32\/100\n|-enditem|p2a: Glimmora|Air Balloon\n|move|p2a: Glimmora|Earth Power|p1a: Iron Valiant\n|-damage|p1a: Iron Valiant|27\/100 psn\n|\n|-damage|p1a: Iron Valiant|14\/100 psn|[from] psn\n|upkeep\n|turn|3\n|\n|t:|1699994543\n|move|p1a: Iron Valiant|Aura Sphere|p2a: Glimmora\n|-damage|p2a: Glimmora|0 fnt\n|faint|p2a: Glimmora\n|\n|-damage|p1a: Iron Valiant|2\/100 psn|[from] psn\n|upkeep\n|\n|t:|1699994553\n|switch|p2a: Arcanine|Arcanine-Hisui, M|100\/100\n|turn|4\n|\n|t:|1699994557\n|move|p2a: Arcanine|Extreme Speed|p1a: Iron Valiant\n|-damage|p1a: Iron Valiant|0 fnt\n|faint|p1a: Iron Valiant\n|-end|p1a: Iron Valiant|Quark Drive|[silent]\n|\n|upkeep\n|\n|t:|1699994563\n|switch|p1a: Runerigus|Runerigus, M, shiny|100\/100\n|turn|5\n|\n|t:|1699994568\n|switch|p2a: Tyranitar|Tyranitar, M|100\/100\n|-weather|Sandstorm|[from] ability: Sand Stream|[of] p2a: Tyranitar\n|move|p1a: Runerigus|Stealth Rock|p2a: Tyranitar\n|-sidestart|p2: Maxx Zwei|move: Stealth Rock\n|\n|-weather|Sandstorm|[upkeep]\n|-fieldend|move: Electric Terrain\n|upkeep\n|turn|6\n|\n|t:|1699994576\n|detailschange|p2a: Tyranitar|Tyranitar-Mega, M\n|-mega|p2a: Tyranitar|Tyranitar|Tyranitarite\n|move|p2a: Tyranitar|Pursuit|p1a: Runerigus\n|-supereffective|p1a: Runerigus\n|-damage|p1a: Runerigus|69\/100\n|-activate|p1a: Runerigus|ability: Wandering Spirit|Sand Stream|Wandering Spirit|[of] p2a: Tyranitar\n|move|p1a: Runerigus|Will-O-Wisp|p2a: Tyranitar\n|-status|p2a: Tyranitar|brn\n|\n|-weather|Sandstorm|[upkeep]\n|-heal|p1a: Runerigus|74\/100|[from] item: Leftovers\n|-damage|p2a: Tyranitar|94\/100 brn|[from] brn\n|upkeep\n|turn|7\n|\n|t:|1699994589\n|move|p2a: Tyranitar|Pursuit|p1a: Runerigus\n|-supereffective|p1a: Runerigus\n|-damage|p1a: Runerigus|57\/100\n|move|p1a: Runerigus|Earthquake|p2a: Tyranitar\n|-supereffective|p2a: Tyranitar\n|-damage|p2a: Tyranitar|51\/100 brn\n|\n|-weather|Sandstorm|[upkeep]\n|-heal|p1a: Runerigus|63\/100|[from] item: Leftovers\n|-damage|p2a: Tyranitar|45\/100 brn|[from] brn\n|upkeep\n|turn|8\n|\n|t:|1699994604\n|switch|p2a: Archeops|Archeops, M|100\/100\n|-damage|p2a: Archeops|76\/100|[from] Stealth Rock\n|move|p1a: Runerigus|Earthquake|p2a: Archeops\n|-immune|p2a: Archeops\n|\n|-weather|Sandstorm|[upkeep]\n|-heal|p1a: Runerigus|69\/100|[from] item: Leftovers\n|upkeep\n|turn|9\n|\n|t:|1699994615\n|move|p2a: Archeops|Air Slash|p1a: Runerigus\n|-damage|p1a: Runerigus|30\/100\n|move|p1a: Runerigus|Will-O-Wisp|p2a: Archeops|[miss]\n|-miss|p1a: Runerigus|p2a: Archeops\n|\n|-weather|none\n|-heal|p1a: Runerigus|36\/100|[from] item: Leftovers\n|upkeep\n|turn|10\n|\n|t:|1699994626\n|move|p2a: Archeops|Air Slash|p1a: Runerigus\n|-damage|p1a: Runerigus|0 fnt\n|faint|p1a: Runerigus\n|\n|upkeep\n|\n|t:|1699994643\n|switch|p1a: Samurott|Samurott-Hisui, M, shiny|100\/100\n|turn|11\n|\n|t:|1699994653\n|switch|p2a: Cradily|Cradily, F|100\/100\n|-damage|p2a: Cradily|88\/100|[from] Stealth Rock\n|move|p1a: Samurott|Flip Turn|p2a: Cradily\n|-ability|p2a: Cradily|Storm Drain|boost\n|-boost|p2a: Cradily|spa|1\n|\n|-heal|p2a: Cradily|94\/100|[from] item: Leftovers\n|upkeep\n|turn|12\n|\n|t:|1699994673\n|switch|p1a: Okidogi|Okidogi, M|100\/100\n|move|p2a: Cradily|Toxic|p1a: Okidogi\n|-immune|p1a: Okidogi\n|\n|-heal|p2a: Cradily|99\/100|[from] item: Leftovers\n|upkeep\n|turn|13\n|\n|t:|1699994688\n|switch|p2a: Tyranitar|Tyranitar-Mega, M|45\/100 brn\n|-damage|p2a: Tyranitar|33\/100 brn|[from] Stealth Rock\n|-weather|Sandstorm|[from] ability: Sand Stream|[of] p2a: Tyranitar\n|move|p1a: Okidogi|Knock Off|p2a: Tyranitar\n|-resisted|p2a: Tyranitar\n|-damage|p2a: Tyranitar|26\/100 brn\n|\n|-weather|Sandstorm|[upkeep]\n|-damage|p1a: Okidogi|94\/100|[from] Sandstorm\n|-damage|p2a: Tyranitar|20\/100 brn|[from] brn\n|upkeep\n|turn|14\n|\n|t:|1699994700\n|move|p1a: Okidogi|Poison Jab|p2a: Tyranitar\n|-resisted|p2a: Tyranitar\n|-damage|p2a: Tyranitar|10\/100 brn\n|move|p2a: Tyranitar|Thunder Wave|p1a: Okidogi\n|-status|p1a: Okidogi|par\n|\n|-weather|Sandstorm|[upkeep]\n|-damage|p1a: Okidogi|88\/100 par|[from] Sandstorm\n|-damage|p2a: Tyranitar|3\/100 brn|[from] brn\n|upkeep\n|turn|15\n|\n|t:|1699994710\n|move|p2a: Tyranitar|Earthquake|p1a: Okidogi\n|-supereffective|p1a: Okidogi\n|-damage|p1a: Okidogi|58\/100 par\n|cant|p1a: Okidogi|par\n|\n|-weather|Sandstorm|[upkeep]\n|-damage|p1a: Okidogi|52\/100 par|[from] Sandstorm\n|-damage|p2a: Tyranitar|0 fnt|[from] brn\n|faint|p2a: Tyranitar\n|upkeep\n|\n|t:|1699994719\n|switch|p2a: Arcanine|Arcanine-Hisui, M|100\/100\n|-damage|p2a: Arcanine|76\/100|[from] Stealth Rock\n|turn|16\n|\n|t:|1699994728\n|move|p2a: Arcanine|Flare Blitz|p1a: Okidogi\n|-damage|p1a: Okidogi|0 fnt\n|-damage|p2a: Arcanine|59\/100|[from] item: Rocky Helmet|[of] p1a: Okidogi\n|faint|p1a: Okidogi\n|\n|-weather|Sandstorm|[upkeep]\n|upkeep\n|\n|t:|1699994739\n|switch|p1a: Samurott|Samurott-Hisui, M, shiny|100\/100\n|turn|17\n|\n|t:|1699994744\n|switch|p2a: Cradily|Cradily, F|99\/100\n|-damage|p2a: Cradily|88\/100|[from] Stealth Rock\n|move|p1a: Samurott|Ceaseless Edge|p2a: Cradily\n|-damage|p2a: Cradily|60\/100\n|-sidestart|p2: Maxx Zwei|Spikes\n|\n|-weather|none\n|-heal|p2a: Cradily|66\/100|[from] item: Leftovers\n|upkeep\n|turn|18\n|\n|t:|1699994753\n|move|p1a: Samurott|Ceaseless Edge|p2a: Cradily\n|-damage|p2a: Cradily|37\/100\n|-sidestart|p2: Maxx Zwei|Spikes\n|move|p2a: Cradily|Giga Drain|p1a: Samurott\n|-supereffective|p1a: Samurott\n|-damage|p1a: Samurott|53\/100\n|-heal|p2a: Cradily|57\/100|[from] drain|[of] p1a: Samurott\n|\n|-heal|p2a: Cradily|63\/100|[from] item: Leftovers\n|upkeep\n|turn|19\n|\n|t:|1699994763\n|move|p1a: Samurott|Sacred Sword|p2a: Cradily\n|-supereffective|p2a: Cradily\n|-damage|p2a: Cradily|5\/100\n|move|p2a: Cradily|Toxic|p1a: Samurott\n|-status|p1a: Samurott|tox\n|\n|-heal|p2a: Cradily|11\/100|[from] item: Leftovers\n|-damage|p1a: Samurott|47\/100 tox|[from] psn\n|upkeep\n|turn|20\n|\n|t:|1699994772\n|move|p1a: Samurott|Ceaseless Edge|p2a: Cradily\n|-damage|p2a: Cradily|0 fnt\n|-sidestart|p2: Maxx Zwei|Spikes\n|faint|p2a: Cradily\n|\n|-damage|p1a: Samurott|34\/100 tox|[from] psn\n|upkeep\n|\n|t:|1699994789\n|switch|p2a: Archeops|Archeops, M|76\/100\n|-damage|p2a: Archeops|51\/100|[from] Stealth Rock\n|turn|21\n|\n|t:|1699994801\n|move|p2a: Archeops|Air Slash|p1a: Samurott\n|-damage|p1a: Samurott|0 fnt\n|faint|p1a: Samurott\n|\n|upkeep\n|\n|t:|1699994804\n|switch|p1a: Mienshao|Mienshao, F, shiny|100\/100\n|turn|22\n|\n|t:|1699994809\n|move|p1a: Mienshao|Knock Off|p2a: Archeops\n|-damage|p2a: Archeops|0 fnt\n|-enditem|p2a: Archeops|Choice Specs|[from] move: Knock Off|[of] p1a: Mienshao\n|faint|p2a: Archeops\n|\n|upkeep\n|\n|t:|1699994814\n|switch|p2a: Kleavor|Kleavor, F|100\/100\n|-damage|p2a: Kleavor|76\/100|[from] Stealth Rock\n|-damage|p2a: Kleavor|51\/100|[from] Spikes\n|turn|23\n|\n|t:|1699994825\n|-terastallize|p2a: Kleavor|Bug\n|move|p1a: Mienshao|Knock Off|p2a: Kleavor\n|-damage|p2a: Kleavor|7\/100\n|-enditem|p2a: Kleavor|Choice Scarf|[from] move: Knock Off|[of] p1a: Mienshao\n|move|p2a: Kleavor|X-Scissor|p1a: Mienshao\n|-resisted|p1a: Mienshao\n|-damage|p1a: Mienshao|13\/100\n|\n|upkeep\n|turn|24\n|\n|t:|1699994833\n|move|p1a: Mienshao|Knock Off|p2a: Kleavor\n|-damage|p2a: Kleavor|0 fnt\n|faint|p2a: Kleavor\n|\n|upkeep\n|\n|t:|1699994837\n|switch|p2a: Arcanine|Arcanine-Hisui, M|59\/100\n|-damage|p2a: Arcanine|34\/100|[from] Stealth Rock\n|-damage|p2a: Arcanine|10\/100|[from] Spikes\n|turn|25\n|\n|t:|1699994844\n|move|p1a: Mienshao|Knock Off|p2a: Arcanine\n|-damage|p2a: Arcanine|0 fnt\n|-enditem|p2a: Arcanine|Choice Band|[from] move: Knock Off|[of] p1a: Mienshao\n|faint|p2a: Arcanine\n|\n|win|theusb\n|raw|theusb's rating: 1075 &rarr; <strong>1110<\/strong><br \/>(+35 for winning)\n|raw|Maxx Zwei's rating: 1158 &rarr; <strong>1127<\/strong><br \/>(-31 for losing)\n|l|\u2606theusb\n","uploadtime":1699995186,"views":19,"p1id":"theusb","p2id":"maxxzwei","formatid":"gen9nationaldex","rating":1110,"private":0,"password":""}