{"id":"gen9nationaldex-1988096607","p1":"PyroGaleZX","p2":"Dono_XD","format":"[Gen 9] National Dex","log":"|j|\u2606PyroGaleZX\n|j|\u2606Dono_XD\n|t:|1699669080\n|gametype|singles\n|player|p1|PyroGaleZX|grusha|\n|player|p2|Dono_XD|nate|\n|teamsize|p1|6\n|teamsize|p2|6\n|gen|9\n|tier|[Gen 9] National Dex\n|rule|HP Percentage Mod: HP is shown in percentages\n|rule|Endless Battle Clause: Forcing endless battles is banned\n|rule|OHKO Clause: OHKO moves are banned\n|rule|Evasion Clause: Evasion abilities, items, and moves are banned\n|rule|Evasion Abilities Clause: Evasion abilities are banned\n|rule|Evasion Items Clause: Evasion items are banned\n|rule|Evasion Moves Clause: Evasion moves are banned\n|rule|Species Clause: Limit one of each Pok\u00e9mon\n|rule|Sleep Clause Mod: Limit one foe put to sleep\n|clearpoke\n|poke|p1|Samurott-Hisui, F|\n|poke|p1|Enamorus-Therian, F|\n|poke|p1|Arcanine, F|\n|poke|p1|Umbreon, M|\n|poke|p1|Spiritomb, F|\n|poke|p1|Pawmo, M|\n|poke|p2|Corviknight, F|\n|poke|p2|Gengar, F|\n|poke|p2|Decidueye-Hisui, M|\n|poke|p2|Sableye, M|\n|poke|p2|Dugtrio, F|\n|poke|p2|Jigglypuff, F|\n|teampreview\n|\n|t:|1699669102\n|start\n|switch|p1a: Enamorus|Enamorus-Therian, F|100\/100\n|switch|p2a: Decidueye|Decidueye-Hisui, M, shiny|100\/100\n|turn|1\n|\n|t:|1699669126\n|switch|p2a: Jiggle on dat puff|Jigglypuff, F, shiny|100\/100\n|move|p1a: Enamorus|Iron Defense|p1a: Enamorus\n|-boost|p1a: Enamorus|def|2\n|\n|upkeep\n|turn|2\n|\n|t:|1699669141\n|switch|p1a: Pawmo|Pawmo, M|100\/100\n|switch|p2a: I smell pennies|Sableye, M|100\/100\n|\n|upkeep\n|turn|3\n|\n|t:|1699669148\n|move|p2a: I smell pennies|Light Screen|p2a: I smell pennies\n|-sidestart|p2: Dono_XD|move: Light Screen\n|move|p1a: Pawmo|Knock Off|p2a: I smell pennies\n|-damage|p2a: I smell pennies|82\/100\n|-enditem|p2a: I smell pennies|Light Clay|[from] move: Knock Off|[of] p1a: Pawmo\n|\n|upkeep\n|turn|4\n|\n|t:|1699669157\n|switch|p1a: Umbreon|Umbreon, M|100\/100\n|move|p2a: I smell pennies|Will-O-Wisp|p1a: Umbreon\n|-hint|Since gen 7, Dark is immune to Prankster moves.\n|-immune|p1a: Umbreon\n|\n|upkeep\n|turn|5\n|\n|t:|1699669174\n|move|p1a: Umbreon|Toxic|p2a: I smell pennies\n|-status|p2a: I smell pennies|tox\n|move|p2a: I smell pennies|Knock Off|p1a: Umbreon\n|-resisted|p1a: Umbreon\n|-damage|p1a: Umbreon|91\/100\n|-enditem|p1a: Umbreon|Leftovers|[from] move: Knock Off|[of] p2a: I smell pennies\n|\n|-damage|p2a: I smell pennies|76\/100 tox|[from] psn\n|upkeep\n|turn|6\n|\n|t:|1699669184\n|switch|p1a: Enamorus|Enamorus-Therian, F|100\/100\n|switch|p2a: Biggest Berd|Corviknight, F, shiny|100\/100\n|\n|upkeep\n|turn|7\n|\n|t:|1699669190\n|switch|p1a: Arcanine|Arcanine, F|100\/100\n|-ability|p1a: Arcanine|Intimidate|boost\n|-ability|p2a: Biggest Berd|Mirror Armor\n|-unboost|p1a: Arcanine|atk|1\n|move|p2a: Biggest Berd|Iron Head|p1a: Arcanine\n|-resisted|p1a: Arcanine\n|-crit|p1a: Arcanine\n|-damage|p1a: Arcanine|84\/100\n|\n|upkeep\n|turn|8\n|\n|t:|1699669223\n|switch|p2a: Dugtrio|Dugtrio, F|100\/100\n|move|p1a: Arcanine|Roar|p2a: Dugtrio\n|drag|p2a: Decidueye|Decidueye-Hisui, M, shiny|100\/100\n|\n|upkeep\n|turn|9\n|\n|t:|1699669255\n|switch|p2a: Dugtrio|Dugtrio, F|100\/100\n|move|p1a: Arcanine|Flare Blitz|p2a: Dugtrio\n|-damage|p2a: Dugtrio|30\/100\n|-damage|p1a: Arcanine|64\/100|[from] Recoil\n|\n|upkeep\n|turn|10\n|\n|t:|1699669270\n|switch|p1a: Enamorus|Enamorus-Therian, F|100\/100\n|move|p2a: Dugtrio|Stone Edge|p1a: Enamorus\n|-supereffective|p1a: Enamorus\n|-damage|p1a: Enamorus|62\/100\n|\n|-sideend|p2: Dono_XD|move: Light Screen\n|upkeep\n|turn|11\n|\n|t:|1699669290\n|move|p2a: Dugtrio|Stealth Rock|p1a: Enamorus\n|-sidestart|p1: PyroGaleZX|move: Stealth Rock\n|move|p1a: Enamorus|Iron Defense|p1a: Enamorus\n|-boost|p1a: Enamorus|def|2\n|\n|upkeep\n|turn|12\n|\n|t:|1699669294\n|move|p2a: Dugtrio|Stone Edge|p1a: Enamorus|[miss]\n|-miss|p2a: Dugtrio|p1a: Enamorus\n|move|p1a: Enamorus|Calm Mind|p1a: Enamorus\n|-boost|p1a: Enamorus|spa|1\n|-boost|p1a: Enamorus|spd|1\n|\n|upkeep\n|turn|13\n|\n|t:|1699669301\n|move|p2a: Dugtrio|Stone Edge|p1a: Enamorus\n|-supereffective|p1a: Enamorus\n|-damage|p1a: Enamorus|42\/100\n|move|p1a: Enamorus|Calm Mind|p1a: Enamorus\n|-boost|p1a: Enamorus|spa|1\n|-boost|p1a: Enamorus|spd|1\n|\n|upkeep\n|turn|14\n|\n|t:|1699669307\n|move|p2a: Dugtrio|Stone Edge|p1a: Enamorus\n|-supereffective|p1a: Enamorus\n|-damage|p1a: Enamorus|22\/100\n|move|p1a: Enamorus|Draining Kiss|p2a: Dugtrio\n|-damage|p2a: Dugtrio|0 fnt\n|-heal|p1a: Enamorus|45\/100|[from] drain|[of] p2a: Dugtrio\n|faint|p2a: Dugtrio\n|\n|upkeep\n|\n|t:|1699669315\n|switch|p2a: I smell pennies|Sableye, M|76\/100 tox\n|turn|15\n|\n|t:|1699669319\n|move|p2a: I smell pennies|Will-O-Wisp|p1a: Enamorus\n|-status|p1a: Enamorus|brn\n|move|p1a: Enamorus|Draining Kiss|p2a: I smell pennies\n|-supereffective|p2a: I smell pennies\n|-damage|p2a: I smell pennies|0 fnt\n|-heal|p1a: Enamorus|100\/100 brn|[from] drain|[of] p2a: I smell pennies\n|faint|p2a: I smell pennies\n|\n|-damage|p1a: Enamorus|95\/100 brn|[from] brn\n|upkeep\n|\n|t:|1699669330\n|switch|p2a: Biggest Berd|Corviknight, F, shiny|100\/100\n|turn|16\n|\n|t:|1699669336\n|move|p2a: Biggest Berd|Iron Head|p1a: Enamorus\n|-supereffective|p1a: Enamorus\n|-damage|p1a: Enamorus|71\/100 brn\n|cant|p1a: Enamorus|flinch\n|\n|-damage|p1a: Enamorus|65\/100 brn|[from] brn\n|upkeep\n|turn|17\n|\n|t:|1699669374\n|-terastallize|p1a: Enamorus|Water\n|move|p2a: Biggest Berd|Iron Head|p1a: Enamorus\n|-resisted|p1a: Enamorus\n|-damage|p1a: Enamorus|59\/100 brn\n|cant|p1a: Enamorus|flinch\n|\n|-damage|p1a: Enamorus|53\/100 brn|[from] brn\n|upkeep\n|turn|18\n|\n|t:|1699669404\n|move|p2a: Biggest Berd|Brave Bird|p1a: Enamorus\n|-damage|p1a: Enamorus|37\/100 brn\n|-damage|p2a: Biggest Berd|96\/100|[from] Recoil\n|move|p1a: Enamorus|Draining Kiss|p2a: Biggest Berd\n|-resisted|p2a: Biggest Berd\n|-damage|p2a: Biggest Berd|68\/100\n|-heal|p1a: Enamorus|68\/100 brn|[from] drain|[of] p2a: Biggest Berd\n|\n|-heal|p2a: Biggest Berd|74\/100|[from] item: Leftovers\n|-damage|p1a: Enamorus|62\/100 brn|[from] brn\n|upkeep\n|turn|19\n|\n|t:|1699669414\n|move|p2a: Biggest Berd|Iron Head|p1a: Enamorus\n|-resisted|p1a: Enamorus\n|-damage|p1a: Enamorus|56\/100 brn\n|cant|p1a: Enamorus|flinch\n|\n|-heal|p2a: Biggest Berd|80\/100|[from] item: Leftovers\n|-damage|p1a: Enamorus|50\/100 brn|[from] brn\n|upkeep\n|turn|20\n|\n|t:|1699669422\n|move|p2a: Biggest Berd|Iron Head|p1a: Enamorus\n|-resisted|p1a: Enamorus\n|-damage|p1a: Enamorus|44\/100 brn\n|move|p1a: Enamorus|Draining Kiss|p2a: Biggest Berd\n|-resisted|p2a: Biggest Berd\n|-damage|p2a: Biggest Berd|51\/100\n|-heal|p1a: Enamorus|76\/100 brn|[from] drain|[of] p2a: Biggest Berd\n|\n|-heal|p2a: Biggest Berd|57\/100|[from] item: Leftovers\n|-damage|p1a: Enamorus|70\/100 brn|[from] brn\n|upkeep\n|turn|21\n|\n|t:|1699669432\n|move|p2a: Biggest Berd|Roost|p2a: Biggest Berd\n|-heal|p2a: Biggest Berd|100\/100\n|-singleturn|p2a: Biggest Berd|move: Roost\n|move|p1a: Enamorus|Draining Kiss|p2a: Biggest Berd\n|-resisted|p2a: Biggest Berd\n|-damage|p2a: Biggest Berd|73\/100\n|-heal|p1a: Enamorus|100\/100 brn|[from] drain|[of] p2a: Biggest Berd\n|\n|-heal|p2a: Biggest Berd|79\/100|[from] item: Leftovers\n|-damage|p1a: Enamorus|95\/100 brn|[from] brn\n|upkeep\n|turn|22\n|\n|t:|1699669444\n|move|p2a: Biggest Berd|Iron Head|p1a: Enamorus\n|-resisted|p1a: Enamorus\n|-damage|p1a: Enamorus|89\/100 brn\n|move|p1a: Enamorus|Draining Kiss|p2a: Biggest Berd\n|-resisted|p2a: Biggest Berd\n|-damage|p2a: Biggest Berd|50\/100\n|-heal|p1a: Enamorus|100\/100 brn|[from] drain|[of] p2a: Biggest Berd\n|\n|-heal|p2a: Biggest Berd|56\/100|[from] item: Leftovers\n|-damage|p1a: Enamorus|95\/100 brn|[from] brn\n|upkeep\n|turn|23\n|\n|t:|1699669455\n|move|p2a: Biggest Berd|Roost|p2a: Biggest Berd\n|-heal|p2a: Biggest Berd|100\/100\n|-singleturn|p2a: Biggest Berd|move: Roost\n|move|p1a: Enamorus|Earth Power|p2a: Biggest Berd\n|-supereffective|p2a: Biggest Berd\n|-damage|p2a: Biggest Berd|0 fnt\n|faint|p2a: Biggest Berd\n|\n|-damage|p1a: Enamorus|89\/100 brn|[from] brn\n|upkeep\n|\n|t:|1699669497\n|switch|p2a: Noah|Gengar, F, shiny|100\/100\n|turn|24\n|\n|t:|1699669502\n|move|p2a: Noah|Energy Ball|p1a: Enamorus\n|-supereffective|p1a: Enamorus\n|-damage|p1a: Enamorus|43\/100 brn\n|move|p1a: Enamorus|Draining Kiss|p2a: Noah\n|-resisted|p2a: Noah\n|-damage|p2a: Noah|56\/100\n|-heal|p1a: Enamorus|75\/100 brn|[from] drain|[of] p2a: Noah\n|\n|-damage|p1a: Enamorus|69\/100 brn|[from] brn\n|upkeep\n|turn|25\n|\n|t:|1699669513\n|switch|p2a: Jiggle on dat puff|Jigglypuff, F, shiny|100\/100\n|move|p1a: Enamorus|Earth Power|p2a: Jiggle on dat puff\n|-damage|p2a: Jiggle on dat puff|9\/100\n|\n|-damage|p1a: Enamorus|63\/100 brn|[from] brn\n|upkeep\n|turn|26\n|\n|t:|1699669523\n|move|p2a: Jiggle on dat puff|Protect|p2a: Jiggle on dat puff\n|-singleturn|p2a: Jiggle on dat puff|Protect\n|move|p1a: Enamorus|Draining Kiss|p2a: Jiggle on dat puff\n|-activate|p2a: Jiggle on dat puff|move: Protect\n|\n|-damage|p1a: Enamorus|57\/100 brn|[from] brn\n|upkeep\n|turn|27\n|\n|t:|1699669530\n|move|p2a: Jiggle on dat puff|Protect||[still]\n|-fail|p2a: Jiggle on dat puff\n|move|p1a: Enamorus|Draining Kiss|p2a: Jiggle on dat puff\n|-damage|p2a: Jiggle on dat puff|0 fnt\n|-heal|p1a: Enamorus|67\/100 brn|[from] drain|[of] p2a: Jiggle on dat puff\n|faint|p2a: Jiggle on dat puff\n|\n|-damage|p1a: Enamorus|61\/100 brn|[from] brn\n|upkeep\n|\n|t:|1699669538\n|switch|p2a: Noah|Gengar, F, shiny|56\/100\n|turn|28\n|\n|t:|1699669541\n|move|p2a: Noah|Trick|p1a: Enamorus\n|-activate|p2a: Noah|move: Trick|[of] p1a: Enamorus\n|-item|p1a: Enamorus|Choice Specs|[from] move: Trick\n|-item|p2a: Noah|Big Root|[from] move: Trick\n|move|p1a: Enamorus|Earth Power|p2a: Noah\n|-supereffective|p2a: Noah\n|-damage|p2a: Noah|0 fnt\n|faint|p2a: Noah\n|\n|-damage|p1a: Enamorus|55\/100 brn|[from] brn\n|upkeep\n|\n|t:|1699669549\n|switch|p2a: Decidueye|Decidueye-Hisui, M, shiny|100\/100\n|turn|29\n|\n|t:|1699669564\n|-terastallize|p2a: Decidueye|Grass\n|move|p2a: Decidueye|Shadow Sneak|p1a: Enamorus\n|-damage|p1a: Enamorus|46\/100 brn\n|-damage|p2a: Decidueye|91\/100|[from] item: Life Orb\n|move|p1a: Enamorus|Earth Power|p2a: Decidueye\n|-resisted|p2a: Decidueye\n|-crit|p2a: Decidueye\n|-damage|p2a: Decidueye|0 fnt\n|faint|p2a: Decidueye\n|\n|win|PyroGaleZX\n|l|\u2606Dono_XD\n","uploadtime":1699669575,"views":4,"p1id":"pyrogalezx","p2id":"donoxd","formatid":"gen9nationaldex","rating":0,"private":0,"password":""}