{"id":"gen9nationaldex-1988178419","p1":"chocopatoco","p2":"MickLizard","format":"[Gen 9] National Dex","log":"|j|\u2606chocopatoco\n|j|\u2606MickLizard\n|t:|1699680207\n|gametype|singles\n|player|p1|chocopatoco|hilbert|1052\n|player|p2|MickLizard|170|1027\n|teamsize|p1|6\n|teamsize|p2|6\n|gen|9\n|tier|[Gen 9] National Dex\n|rated|\n|rule|HP Percentage Mod: HP is shown in percentages\n|rule|Endless Battle Clause: Forcing endless battles is banned\n|rule|OHKO Clause: OHKO moves are banned\n|rule|Evasion Clause: Evasion abilities, items, and moves are banned\n|rule|Evasion Abilities Clause: Evasion abilities are banned\n|rule|Evasion Items Clause: Evasion items are banned\n|rule|Evasion Moves Clause: Evasion moves are banned\n|rule|Species Clause: Limit one of each Pok\u00e9mon\n|rule|Sleep Clause Mod: Limit one foe put to sleep\n|clearpoke\n|poke|p1|Mawile, F|\n|poke|p1|Golisopod, M|\n|poke|p1|Goodra, M|\n|poke|p1|Electivire, M|\n|poke|p1|Excadrill, M|\n|poke|p1|Dragalge, F|\n|poke|p2|Mawile, F|\n|poke|p2|Greninja-*, F|\n|poke|p2|Cryogonal|\n|poke|p2|Zoroark-Hisui, F|\n|poke|p2|Electrode-Hisui|\n|poke|p2|Ursaluna, F|\n|teampreview\n|\n|t:|1699680234\n|start\n|switch|p1a: Goodra|Goodra, M|100\/100\n|switch|p2a: Ursaluna|Ursaluna, F|100\/100\n|turn|1\n|\n|t:|1699680245\n|move|p1a: Goodra|Superpower|p2a: Ursaluna\n|-supereffective|p2a: Ursaluna\n|-damage|p2a: Ursaluna|33\/100\n|-unboost|p1a: Goodra|atk|1\n|-unboost|p1a: Goodra|def|1\n|-damage|p1a: Goodra|91\/100|[from] item: Life Orb\n|move|p2a: Ursaluna|Yawn|p1a: Goodra\n|-start|p1a: Goodra|move: Yawn|[of] p2a: Ursaluna\n|\n|-status|p2a: Ursaluna|brn|[from] item: Flame Orb\n|upkeep\n|turn|2\n|\n|t:|1699680259\n|move|p1a: Goodra|Aqua Tail|p2a: Ursaluna\n|-supereffective|p2a: Ursaluna\n|-damage|p2a: Ursaluna|2\/100 brn\n|-damage|p1a: Goodra|81\/100|[from] item: Life Orb\n|move|p2a: Ursaluna|Earthquake|p1a: Goodra\n|-damage|p1a: Goodra|0 fnt\n|faint|p1a: Goodra\n|\n|-damage|p2a: Ursaluna|0 fnt|[from] brn\n|faint|p2a: Ursaluna\n|upkeep\n|\n|t:|1699680287\n|switch|p1a: Electivire|Electivire, M|100\/100\n|switch|p2a: Electrode|Electrode-Hisui|100\/100\n|turn|3\n|\n|t:|1699680304\n|move|p2a: Electrode|Trick|p1a: Electivire\n|-activate|p2a: Electrode|move: Trick|[of] p1a: Electivire\n|-item|p1a: Electivire|Choice Scarf|[from] move: Trick\n|-item|p2a: Electrode|Choice Specs|[from] move: Trick\n|move|p1a: Electivire|Ice Punch|p2a: Electrode\n|-damage|p2a: Electrode|46\/100\n|replace|p2a: Zoroark|Zoroark-Hisui, F\n|-end|p2a: Zoroark|Illusion\n|\n|upkeep\n|turn|4\n|\n|t:|1699680316\n|move|p1a: Electivire|Ice Punch|p2a: Zoroark\n|-damage|p2a: Zoroark|0 fnt\n|faint|p2a: Zoroark\n|\n|upkeep\n|\n|t:|1699680327\n|switch|p2a: Greninja|Greninja, F|100\/100\n|turn|5\n|\n|t:|1699680333\n|move|p1a: Electivire|Ice Punch|p2a: Greninja\n|-resisted|p2a: Greninja\n|-damage|p2a: Greninja|80\/100\n|move|p2a: Greninja|Scald|p1a: Electivire\n|-start|p2a: Greninja|typechange|Water|[from] ability: Protean\n|-damage|p1a: Electivire|38\/100\n|-damage|p2a: Greninja|70\/100|[from] item: Life Orb\n|\n|upkeep\n|turn|6\n|\n|t:|1699680346\n|move|p1a: Electivire|Ice Punch|p2a: Greninja\n|-resisted|p2a: Greninja\n|-damage|p2a: Greninja|49\/100\n|move|p2a: Greninja|Scald|p1a: Electivire\n|-damage|p1a: Electivire|0 fnt\n|faint|p1a: Electivire\n|-damage|p2a: Greninja|39\/100|[from] item: Life Orb\n|\n|upkeep\n|\n|t:|1699680352\n|switch|p1a: Mawile|Mawile, F, shiny|100\/100\n|-ability|p1a: Mawile|Intimidate|boost\n|-unboost|p2a: Greninja|atk|1\n|turn|7\n|\n|t:|1699680360\n|detailschange|p1a: Mawile|Mawile-Mega, F, shiny\n|-mega|p1a: Mawile|Mawile|Mawilite\n|move|p2a: Greninja|Scald|p1a: Mawile\n|-damage|p1a: Mawile|37\/100\n|-damage|p2a: Greninja|29\/100|[from] item: Life Orb\n|move|p1a: Mawile|Play Rough|p2a: Greninja\n|-damage|p2a: Greninja|0 fnt\n|faint|p2a: Greninja\n|\n|upkeep\n|\n|t:|1699680372\n|switch|p2a: Electrode|Electrode-Hisui|100\/100\n|turn|8\n|\n|t:|1699680380\n|move|p2a: Electrode|Giga Drain|p1a: Mawile\n|-resisted|p1a: Mawile\n|-damage|p1a: Mawile|10\/100\n|-damage|p2a: Electrode|91\/100|[from] item: Life Orb\n|move|p1a: Mawile|Flamethrower|p2a: Electrode\n|-supereffective|p2a: Electrode\n|-damage|p2a: Electrode|48\/100\n|\n|upkeep\n|turn|9\n|\n|t:|1699680383\n|move|p2a: Electrode|Giga Drain|p1a: Mawile\n|-resisted|p1a: Mawile\n|-crit|p1a: Mawile\n|-damage|p1a: Mawile|0 fnt\n|-heal|p2a: Electrode|52\/100|[from] drain|[of] p1a: Mawile\n|faint|p1a: Mawile\n|-damage|p2a: Electrode|42\/100|[from] item: Life Orb\n|\n|upkeep\n|\n|t:|1699680399\n|switch|p1a: Dragalge|Dragalge, F|100\/100\n|turn|10\n|\n|t:|1699680408\n|move|p2a: Electrode|Volt Switch|p1a: Dragalge\n|-resisted|p1a: Dragalge\n|-damage|p1a: Dragalge|81\/100\n|-damage|p2a: Electrode|32\/100|[from] item: Life Orb\n|\n|t:|1699680411\n|switch|p2a: Mawile|Mawile, F|100\/100|[from] Volt Switch\n|-ability|p2a: Mawile|Intimidate|boost\n|-unboost|p1a: Dragalge|atk|1\n|move|p1a: Dragalge|Draco Meteor|p2a: Mawile\n|-immune|p2a: Mawile\n|\n|-heal|p1a: Dragalge|87\/100|[from] item: Leftovers\n|upkeep\n|turn|11\n|\n|t:|1699680420\n|switch|p1a: Excadrill|Excadrill, M|100\/100\n|detailschange|p2a: Mawile|Mawile-Mega, F\n|-mega|p2a: Mawile|Mawile|Mawilite\n|move|p2a: Mawile|Swords Dance|p2a: Mawile\n|-boost|p2a: Mawile|atk|2\n|\n|upkeep\n|turn|12\n|\n|t:|1699680433\n|move|p1a: Excadrill|Drill Run|p2a: Mawile\n|-supereffective|p2a: Mawile\n|-damage|p2a: Mawile|19\/100\n|move|p2a: Mawile|Brick Break|p1a: Excadrill\n|-supereffective|p1a: Excadrill\n|-damage|p1a: Excadrill|0 fnt\n|faint|p1a: Excadrill\n|\n|upkeep\n|\n|t:|1699680436\n|switch|p1a: Golisopod|Golisopod, M|100\/100\n|turn|13\n|\n|t:|1699680446\n|switch|p2a: Electrode|Electrode-Hisui|32\/100\n|move|p1a: Golisopod|Drill Run|p2a: Electrode\n|-crit|p2a: Electrode\n|-damage|p2a: Electrode|0 fnt\n|faint|p2a: Electrode\n|\n|upkeep\n|\n|t:|1699680453\n|switch|p2a: Cryogonal|Cryogonal|100\/100\n|turn|14\n|\n|t:|1699680459\n|move|p2a: Cryogonal|Freeze-Dry|p1a: Golisopod\n|-supereffective|p1a: Golisopod\n|-damage|p1a: Golisopod|43\/100\n|-activate|p1a: Golisopod|ability: Emergency Exit\n|\n|t:|1699680466\n|switch|p1a: Dragalge|Dragalge, F|87\/100\n|\n|-heal|p1a: Dragalge|93\/100|[from] item: Leftovers\n|upkeep\n|turn|15\n|\n|t:|1699680477\n|move|p2a: Cryogonal|Freeze-Dry|p1a: Dragalge\n|-supereffective|p1a: Dragalge\n|-damage|p1a: Dragalge|44\/100\n|move|p1a: Dragalge|Draco Meteor|p2a: Cryogonal\n|-damage|p2a: Cryogonal|71\/100\n|-unboost|p1a: Dragalge|spa|2\n|\n|-heal|p2a: Cryogonal|77\/100|[from] item: Leftovers\n|-heal|p1a: Dragalge|50\/100|[from] item: Leftovers\n|upkeep\n|turn|16\n|\n|t:|1699680484\n|move|p2a: Cryogonal|Freeze-Dry|p1a: Dragalge\n|-supereffective|p1a: Dragalge\n|-damage|p1a: Dragalge|0 fnt\n|faint|p1a: Dragalge\n|\n|-heal|p2a: Cryogonal|83\/100|[from] item: Leftovers\n|upkeep\n|\n|t:|1699680486\n|switch|p1a: Golisopod|Golisopod, M|43\/100\n|turn|17\n|\n|t:|1699680489\n|move|p2a: Cryogonal|Freeze-Dry|p1a: Golisopod\n|-supereffective|p1a: Golisopod\n|-damage|p1a: Golisopod|0 fnt\n|faint|p1a: Golisopod\n|\n|win|MickLizard\n|raw|chocopatoco's rating: 1052 &rarr; <strong>1033<\/strong><br \/>(-19 for losing)\n|raw|MickLizard's rating: 1027 &rarr; <strong>1066<\/strong><br \/>(+39 for winning)\n|l|\u2606MickLizard\n","uploadtime":1699680499,"views":4,"p1id":"chocopatoco","p2id":"micklizard","formatid":"gen9nationaldex","rating":1033,"private":0,"password":""}