{"id":"gen9nationaldex-1990340266","p1":"Nadlei37","p2":"Daimnik","format":"[Gen 9] National Dex","log":"|j|\u2606Nadlei37\n|j|\u2606Daimnik\n|t:|1699959216\n|gametype|singles\n|player|p1|Nadlei37|170|1461\n|player|p2|Daimnik|janitor|1627\n|teamsize|p1|6\n|teamsize|p2|6\n|gen|9\n|tier|[Gen 9] National Dex\n|rated|\n|rule|HP Percentage Mod: HP is shown in percentages\n|rule|Endless Battle Clause: Forcing endless battles is banned\n|rule|OHKO Clause: OHKO moves are banned\n|rule|Evasion Clause: Evasion abilities, items, and moves are banned\n|rule|Evasion Abilities Clause: Evasion abilities are banned\n|rule|Evasion Items Clause: Evasion items are banned\n|rule|Evasion Moves Clause: Evasion moves are banned\n|rule|Species Clause: Limit one of each Pok\u00e9mon\n|rule|Sleep Clause Mod: Limit one foe put to sleep\n|clearpoke\n|poke|p1|Tapu Bulu|\n|poke|p1|Sneasler, M|\n|poke|p1|Rillaboom, F|\n|poke|p1|Mawile, M|\n|poke|p1|Heatran, F|\n|poke|p1|Alomomola, M|\n|poke|p2|Breloom, F|\n|poke|p2|Iron Treads|\n|poke|p2|Bisharp, M|\n|poke|p2|Pinsir, F|\n|poke|p2|Gengar, M|\n|poke|p2|Greninja-*, M|\n|teampreview\n|inactive|Battle timer is ON: inactive players will automatically lose when time's up. (requested by Daimnik)\n|inactive|Nadlei37 has 120 seconds left.\n|j| ElOpac\n|inactive|Nadlei37 has 90 seconds left.\n|\n|t:|1699959291\n|start\n|switch|p1a: Rillaboom|Rillaboom, F|100\/100\n|switch|p2a: Future|Iron Treads|100\/100\n|-fieldstart|move: Grassy Terrain|[from] ability: Grassy Surge|[of] p1a: Rillaboom\n|turn|1\n|\n|t:|1699959297\n|move|p2a: Future|Stealth Rock|p1a: Rillaboom\n|-sidestart|p1: Nadlei37|move: Stealth Rock\n|move|p1a: Rillaboom|Wood Hammer|p2a: Future\n|-damage|p2a: Future|26\/100\n|-damage|p1a: Rillaboom|77\/100|[from] Recoil\n|\n|-heal|p2a: Future|32\/100|[from] Grassy Terrain\n|-heal|p1a: Rillaboom|83\/100|[from] Grassy Terrain\n|upkeep\n|turn|2\n|\n|t:|1699959306\n|move|p1a: Rillaboom|Grassy Glide|p2a: Future\n|-damage|p2a: Future|0 fnt\n|faint|p2a: Future\n|-end|p2a: Future|Quark Drive|[silent]\n|\n|-heal|p1a: Rillaboom|89\/100|[from] Grassy Terrain\n|upkeep\n|\n|t:|1699959309\n|switch|p2a: Stormy Bugzy|Pinsir, F|100\/100\n|turn|3\n|c| ElOpac|who is better here?\n|inactive|Nadlei37 has 120 seconds left.\n|inactive|Nadlei37 has 90 seconds left.\n|c| ElOpac|who\n|\n|t:|1699959387\n|switch|p1a: Alomomola|Alomomola, M|100\/100\n|-damage|p1a: Alomomola|88\/100|[from] Stealth Rock\n|move|p2a: Stormy Bugzy|Swords Dance|p2a: Stormy Bugzy\n|-boost|p2a: Stormy Bugzy|atk|2\n|\n|-heal|p1a: Alomomola|94\/100|[from] Grassy Terrain\n|-heal|p1a: Alomomola|100\/100|[from] item: Leftovers\n|upkeep\n|turn|4\n|\n|t:|1699959398\n|detailschange|p2a: Stormy Bugzy|Pinsir-Mega, F\n|-mega|p2a: Stormy Bugzy|Pinsir|Pinsirite\n|move|p2a: Stormy Bugzy|Frustration|p1a: Alomomola\n|-damage|p1a: Alomomola|18\/100\n|move|p1a: Alomomola|Flip Turn|p2a: Stormy Bugzy\n|-damage|p2a: Stormy Bugzy|85\/100\n|inactive|Nadlei37 has 60 seconds left.\n|\n|t:|1699959440\n|switch|p1a: Sneasler|Sneasler, M|100\/100|[from] Flip Turn\n|-damage|p1a: Sneasler|95\/100|[from] Stealth Rock\n|-enditem|p1a: Sneasler|Grassy Seed\n|-boost|p1a: Sneasler|def|1|[from] item: Grassy Seed\n|\n|-heal|p1a: Sneasler|100\/100|[from] Grassy Terrain\n|upkeep\n|turn|5\n|\n|t:|1699959445\n|move|p2a: Stormy Bugzy|Quick Attack|p1a: Sneasler\n|-supereffective|p1a: Sneasler\n|-damage|p1a: Sneasler|0 fnt\n|faint|p1a: Sneasler\n|\n|-fieldend|move: Grassy Terrain\n|upkeep\n|\n|t:|1699959462\n|switch|p1a: Heatran|Heatran, F|100\/100\n|-damage|p1a: Heatran|88\/100|[from] Stealth Rock\n|turn|6\n|\n|t:|1699959473\n|-terastallize|p1a: Heatran|Grass\n|move|p2a: Stormy Bugzy|Stone Edge|p1a: Heatran|[miss]\n|-miss|p2a: Stormy Bugzy|p1a: Heatran\n|move|p1a: Heatran|Magma Storm|p2a: Stormy Bugzy\n|-supereffective|p2a: Stormy Bugzy\n|-damage|p2a: Stormy Bugzy|0 fnt\n|faint|p2a: Stormy Bugzy\n|\n|upkeep\n|j| megabof\n|inactive|Daimnik has 120 seconds left.\n|\n|t:|1699959499\n|switch|p2a: La F\u00e8ve|Greninja, M|100\/100\n|turn|7\n|inactive|Nadlei37 has 60 seconds left.\n|\n|t:|1699959515\n|move|p2a: La F\u00e8ve|Ice Beam|p1a: Heatran\n|-supereffective|p1a: Heatran\n|-damage|p1a: Heatran|56\/100\n|-status|p1a: Heatran|frz\n|cant|p1a: Heatran|frz\n|\n|upkeep\n|turn|8\n|inactive|Nadlei37 has 60 seconds left.\n|\n|t:|1699959525\n|switch|p1a: Alomomola|Alomomola, M|51\/100\n|-damage|p1a: Alomomola|39\/100|[from] Stealth Rock\n|move|p2a: La F\u00e8ve|Ice Beam|p1a: Alomomola\n|-resisted|p1a: Alomomola\n|-damage|p1a: Alomomola|22\/100\n|\n|-heal|p1a: Alomomola|28\/100|[from] item: Leftovers\n|upkeep\n|turn|9\n|\n|t:|1699959531\n|switch|p2a: M Huncho|Bisharp, M|100\/100\n|switch|p1a: Heatran|Heatran, F, tera:Grass|56\/100 frz\n|-damage|p1a: Heatran|44\/100 frz|[from] Stealth Rock\n|\n|upkeep\n|turn|10\n|n| megabof|megabof\n|c| megabof|bof\n|inactive|Daimnik has 120 seconds left.\n|\n|t:|1699959570\n|move|p2a: M Huncho|Knock Off|p1a: Heatran\n|-damage|p1a: Heatran|0 fnt\n|-enditem|p1a: Heatran|Assault Vest|[from] move: Knock Off|[of] p2a: M Huncho\n|faint|p1a: Heatran\n|\n|upkeep\n|c| ElOpac|who is the best player in this match\n|c|\u2606Daimnik|fermez vos gueules\n|\n|t:|1699959581\n|switch|p1a: Tapu Bulu|Tapu Bulu|100\/100\n|-damage|p1a: Tapu Bulu|88\/100|[from] Stealth Rock\n|-fieldstart|move: Grassy Terrain|[from] ability: Grassy Surge|[of] p1a: Tapu Bulu\n|turn|11\n|c|\u2606Daimnik|shut the fuck up\n|c|\u2606Nadlei37|report\n|\n|t:|1699959595\n|-terastallize|p2a: M Huncho|Flying\n|move|p2a: M Huncho|Iron Head|p1a: Tapu Bulu\n|-supereffective|p1a: Tapu Bulu\n|-damage|p1a: Tapu Bulu|3\/100\n|move|p1a: Tapu Bulu|Close Combat|p2a: M Huncho\n|-resisted|p2a: M Huncho\n|-damage|p2a: M Huncho|81\/100\n|-unboost|p1a: Tapu Bulu|def|1\n|-unboost|p1a: Tapu Bulu|spd|1\n|\n|-heal|p1a: Tapu Bulu|9\/100|[from] Grassy Terrain\n|-heal|p1a: Tapu Bulu|15\/100|[from] item: Leftovers\n|upkeep\n|turn|12\n|c| ElOpac|bro why ar u mad\n|\n|t:|1699959606\n|move|p2a: M Huncho|Knock Off|p1a: Tapu Bulu\n|-resisted|p1a: Tapu Bulu\n|-damage|p1a: Tapu Bulu|0 fnt\n|-enditem|p1a: Tapu Bulu|Leftovers|[from] move: Knock Off|[of] p2a: M Huncho\n|faint|p1a: Tapu Bulu\n|\n|upkeep\n|\n|t:|1699959618\n|switch|p1a: Alomomola|Alomomola, M|62\/100\n|-damage|p1a: Alomomola|49\/100|[from] Stealth Rock\n|turn|13\n|\n|t:|1699959622\n|move|p2a: M Huncho|Swords Dance|p2a: M Huncho\n|-boost|p2a: M Huncho|atk|2\n|move|p1a: Alomomola|Wish|p1a: Alomomola\n|\n|-heal|p1a: Alomomola|56\/100|[from] Grassy Terrain\n|-heal|p1a: Alomomola|62\/100|[from] item: Leftovers\n|upkeep\n|turn|14\n|\n|t:|1699959629\n|move|p2a: M Huncho|Swords Dance|p2a: M Huncho\n|-boost|p2a: M Huncho|atk|2\n|move|p1a: Alomomola|Scald|p2a: M Huncho\n|-damage|p2a: M Huncho|66\/100\n|-status|p2a: M Huncho|brn\n|\n|-heal|p1a: Alomomola|100\/100|[from] move: Wish|[wisher] Alomomola\n|-damage|p2a: M Huncho|60\/100 brn|[from] brn\n|upkeep\n|turn|15\n|\n|t:|1699959636\n|move|p2a: M Huncho|Swords Dance|p2a: M Huncho\n|-boost|p2a: M Huncho|atk|2\n|move|p1a: Alomomola|Wish|p1a: Alomomola\n|\n|-damage|p2a: M Huncho|54\/100 brn|[from] brn\n|-fieldend|move: Grassy Terrain\n|upkeep\n|turn|16\n|\n|t:|1699959653\n|move|p2a: M Huncho|Knock Off|p1a: Alomomola\n|-damage|p1a: Alomomola|46\/100\n|-enditem|p1a: Alomomola|Leftovers|[from] move: Knock Off|[of] p2a: M Huncho\n|move|p1a: Alomomola|Scald|p2a: M Huncho\n|-damage|p2a: M Huncho|38\/100 brn\n|\n|-heal|p1a: Alomomola|96\/100|[from] move: Wish|[wisher] Alomomola\n|-damage|p2a: M Huncho|32\/100 brn|[from] brn\n|upkeep\n|turn|17\n|c| ElOpac|respect me\n|\n|t:|1699959664\n|switch|p2a: Biggie Small|Gengar, M|100\/100\n|move|p1a: Alomomola|Protect||[still]\n|-fail|p1a: Alomomola\n|\n|upkeep\n|turn|18\n|\n|t:|1699959668\n|move|p2a: Biggie Small|Trick|p1a: Alomomola\n|-activate|p2a: Biggie Small|move: Trick|[of] p1a: Alomomola\n|-item|p1a: Alomomola|Choice Scarf|[from] move: Trick\n|-enditem|p2a: Biggie Small|Choice Scarf|[silent]|[from] move: Trick\n|move|p1a: Alomomola|Flip Turn|p2a: Biggie Small\n|-damage|p2a: Biggie Small|69\/100\n|\n|t:|1699959675\n|switch|p1a: Rillaboom|Rillaboom, F|89\/100|[from] Flip Turn\n|-damage|p1a: Rillaboom|77\/100|[from] Stealth Rock\n|-fieldstart|move: Grassy Terrain|[from] ability: Grassy Surge|[of] p1a: Rillaboom\n|\n|-heal|p2a: Biggie Small|75\/100|[from] Grassy Terrain\n|-heal|p1a: Rillaboom|83\/100|[from] Grassy Terrain\n|upkeep\n|turn|19\n|\n|t:|1699959683\n|move|p2a: Biggie Small|Sludge Wave|p1a: Rillaboom\n|-supereffective|p1a: Rillaboom\n|-damage|p1a: Rillaboom|0 fnt\n|faint|p1a: Rillaboom\n|\n|-heal|p2a: Biggie Small|81\/100|[from] Grassy Terrain\n|upkeep\n|\n|t:|1699959686\n|switch|p1a: Mawile|Mawile, M|100\/100\n|-damage|p1a: Mawile|95\/100|[from] Stealth Rock\n|-ability|p1a: Mawile|Intimidate|boost\n|-unboost|p2a: Biggie Small|atk|1\n|turn|20\n|\n|t:|1699959692\n|detailschange|p1a: Mawile|Mawile-Mega, M\n|-mega|p1a: Mawile|Mawile|Mawilite\n|move|p2a: Biggie Small|Shadow Ball|p1a: Mawile\n|-damage|p1a: Mawile|49\/100\n|move|p1a: Mawile|Swords Dance|p1a: Mawile\n|-boost|p1a: Mawile|atk|2\n|\n|-heal|p2a: Biggie Small|88\/100|[from] Grassy Terrain\n|-heal|p1a: Mawile|55\/100|[from] Grassy Terrain\n|upkeep\n|turn|21\n|\n|t:|1699959697\n|move|p1a: Mawile|Sucker Punch|p2a: Biggie Small\n|-supereffective|p2a: Biggie Small\n|-damage|p2a: Biggie Small|0 fnt\n|faint|p2a: Biggie Small\n|\n|-heal|p1a: Mawile|61\/100|[from] Grassy Terrain\n|upkeep\n|c| megabof|bof\n|\n|t:|1699959705\n|switch|p2a: Lil Baby|Breloom, F|100\/100\n|turn|22\n|c| ElOpac|shut up\n|\n|t:|1699959708\n|move|p1a: Mawile|Sucker Punch||[still]\n|-fail|p1a: Mawile\n|move|p2a: Lil Baby|Spore|p1a: Mawile\n|-status|p1a: Mawile|slp|[from] move: Spore\n|\n|-heal|p1a: Mawile|67\/100 slp|[from] Grassy Terrain\n|-fieldend|move: Grassy Terrain\n|upkeep\n|turn|23\n|\n|t:|1699959712\n|move|p2a: Lil Baby|Close Combat|p1a: Mawile\n|-damage|p1a: Mawile|3\/100 slp\n|-unboost|p2a: Lil Baby|def|1\n|-unboost|p2a: Lil Baby|spd|1\n|cant|p1a: Mawile|slp\n|\n|upkeep\n|turn|24\n|-message|Nadlei37 forfeited.\n|\n|win|Daimnik\n|raw|Nadlei37's rating: 1461 &rarr; <strong>1450<\/strong><br \/>(-11 for losing)\n|raw|Daimnik's rating: 1627 &rarr; <strong>1638<\/strong><br \/>(+11 for winning)\n|l|\u2606Nadlei37\n","uploadtime":1699959582,"views":6,"p1id":"nadlei37","p2id":"daimnik","formatid":"gen9nationaldex","rating":1450,"private":0,"password":""}