{"id":"gen9nationaldex-1993718023","p1":"Keykard","p2":"troubadour9","format":"[Gen 9] National Dex","log":"|j|\u2606Keykard\n|j|\u2606troubadour9\n|t:|1700349049\n|gametype|singles\n|player|p1|Keykard|depotagent|\n|player|p2|troubadour9|sage|\n|teamsize|p1|6\n|teamsize|p2|6\n|gen|9\n|tier|[Gen 9] National Dex\n|rule|HP Percentage Mod: HP is shown in percentages\n|rule|Endless Battle Clause: Forcing endless battles is banned\n|rule|OHKO Clause: OHKO moves are banned\n|rule|Evasion Clause: Evasion abilities, items, and moves are banned\n|rule|Evasion Abilities Clause: Evasion abilities are banned\n|rule|Evasion Items Clause: Evasion items are banned\n|rule|Evasion Moves Clause: Evasion moves are banned\n|rule|Species Clause: Limit one of each Pok\u00e9mon\n|rule|Sleep Clause Mod: Limit one foe put to sleep\n|clearpoke\n|poke|p1|Charizard, M|\n|poke|p1|Zapdos|\n|poke|p1|Greninja-*, M|\n|poke|p1|Slowking, F|\n|poke|p1|Cetitan, F|\n|poke|p1|Porygon2|\n|poke|p2|Banette, M|\n|poke|p2|Bisharp, M|\n|poke|p2|Urshifu-*, F|\n|poke|p2|Amoonguss, F|\n|poke|p2|Thundurus-Therian, M|\n|poke|p2|Pawmot, F|\n|teampreview\n|j| homixide poopoo\n|j| Megakid20\n|j| Tidaltao\n|j| jonglobobe\n|c| Tidaltao|laughing my gyatt off\n|\n|t:|1700349114\n|start\n|switch|p1a: Quack Dilly Oso|Porygon2|100\/100\n|switch|p2a: Bisharp|Bisharp, M|100\/100\n|-ability|p1a: Quack Dilly Oso|Download|boost\n|-boost|p1a: Quack Dilly Oso|spa|1\n|turn|1\n|c| jonglobobe|lmfgo\n|j| xaviersobased\n|\n|t:|1700349142\n|move|p2a: Bisharp|Knock Off|p1a: Quack Dilly Oso\n|-damage|p1a: Quack Dilly Oso|67\/100\n|-enditem|p1a: Quack Dilly Oso|Eviolite|[from] move: Knock Off|[of] p2a: Bisharp\n|move|p1a: Quack Dilly Oso|Substitute|p1a: Quack Dilly Oso\n|-start|p1a: Quack Dilly Oso|Substitute\n|-damage|p1a: Quack Dilly Oso|42\/100\n|\n|upkeep\n|turn|2\n|c| xaviersobased|where is walking Joke\n|\n|t:|1700349153\n|move|p2a: Bisharp|Iron Head|p1a: Quack Dilly Oso\n|-end|p1a: Quack Dilly Oso|Substitute\n|move|p1a: Quack Dilly Oso|Discharge|p2a: Bisharp\n|-damage|p2a: Bisharp|56\/100\n|-status|p2a: Bisharp|par\n|\n|upkeep\n|turn|3\n|\n|t:|1700349163\n|move|p1a: Quack Dilly Oso|Recover|p1a: Quack Dilly Oso\n|-heal|p1a: Quack Dilly Oso|92\/100\n|move|p2a: Bisharp|Iron Head|p1a: Quack Dilly Oso\n|-damage|p1a: Quack Dilly Oso|48\/100\n|\n|upkeep\n|turn|4\n|\n|t:|1700349175\n|move|p1a: Quack Dilly Oso|Recover|p1a: Quack Dilly Oso\n|-heal|p1a: Quack Dilly Oso|98\/100\n|move|p2a: Bisharp|Swords Dance|p2a: Bisharp\n|-boost|p2a: Bisharp|atk|2\n|\n|upkeep\n|turn|5\n|\n|t:|1700349188\n|move|p1a: Quack Dilly Oso|Discharge|p2a: Bisharp\n|-damage|p2a: Bisharp|13\/100 par\n|cant|p2a: Bisharp|par\n|\n|upkeep\n|turn|6\n|\n|t:|1700349201\n|cant|p2a: Bisharp|par\n|move|p1a: Quack Dilly Oso|Substitute|p1a: Quack Dilly Oso\n|-start|p1a: Quack Dilly Oso|Substitute\n|-damage|p1a: Quack Dilly Oso|73\/100\n|\n|upkeep\n|turn|7\n|c| Megakid20|dude\n|c| Megakid20|he did the right thing\n|c| xaviersobased|oh No bro\n|c| Tidaltao|unfort\n|\n|t:|1700349215\n|move|p2a: Bisharp|Sucker Punch|p1a: Quack Dilly Oso\n|-end|p1a: Quack Dilly Oso|Substitute\n|move|p1a: Quack Dilly Oso|Discharge|p2a: Bisharp\n|-damage|p2a: Bisharp|0 fnt\n|faint|p2a: Bisharp\n|\n|upkeep\n|\n|t:|1700349235\n|switch|p2a: Pawmot|Pawmot, F|100\/100\n|turn|8\n|c| homixide poopoo|cam check disc\n|\n|t:|1700349257\n|switch|p1a: Xardviersobased|Charizard, M|100\/100\n|move|p2a: Pawmot|Close Combat|p1a: Xardviersobased\n|-resisted|p1a: Xardviersobased\n|-damage|p1a: Xardviersobased|57\/100\n|-unboost|p2a: Pawmot|def|1\n|-unboost|p2a: Pawmot|spd|1\n|\n|upkeep\n|turn|9\n|l| Tidaltao\n|\n|t:|1700349276\n|detailschange|p1a: Xardviersobased|Charizard-Mega-X, M\n|-mega|p1a: Xardviersobased|Charizard|Charizardite X\n|move|p2a: Pawmot|Close Combat|p1a: Xardviersobased\n|-damage|p1a: Xardviersobased|2\/100\n|-unboost|p2a: Pawmot|def|1\n|-unboost|p2a: Pawmot|spd|1\n|move|p1a: Xardviersobased|Dragon Dance|p1a: Xardviersobased\n|-boost|p1a: Xardviersobased|atk|1\n|-boost|p1a: Xardviersobased|spe|1\n|\n|upkeep\n|turn|10\n|\n|t:|1700349289\n|move|p2a: Pawmot|Mach Punch|p1a: Xardviersobased\n|-damage|p1a: Xardviersobased|0 fnt\n|faint|p1a: Xardviersobased\n|\n|upkeep\n|c| Megakid20|blaine is the underdog GOAT of the season\n|inactive|Battle timer is ON: inactive players will automatically lose when time's up. (requested by troubadour9)\n|\n|t:|1700349356\n|switch|p1a: It's mad brick|Slowking, F|100\/100\n|turn|11\n|j| Tidaltao\n|\n|t:|1700349384\n|switch|p2a: Banette|Banette, M|100\/100\n|-item|p1a: It's mad brick|Icy Rock|[from] ability: Frisk|[of] p2a: Banette|[identify]\n|move|p1a: It's mad brick|Chilly Reception|p1a: It's mad brick\n|-weather|Snow\n|c| Tidaltao|What happened to xard\n|c| Tidaltao|Pls\n|\n|t:|1700349408\n|switch|p1a: Evil Cetitan|Cetitan, F, shiny|100\/100|[from] Chilly Reception\n|\n|-weather|Snow|[upkeep]\n|upkeep\n|turn|12\n|inactive|troubadour9 has 270 seconds left.\n|\n|t:|1700349431\n|detailschange|p2a: Banette|Banette-Mega, M\n|-mega|p2a: Banette|Banette|Banettite\n|move|p2a: Banette|Destiny Bond|p2a: Banette\n|-singlemove|p2a: Banette|Destiny Bond\n|move|p1a: Evil Cetitan|Belly Drum|p1a: Evil Cetitan\n|-damage|p1a: Evil Cetitan|50\/100\n|-setboost|p1a: Evil Cetitan|atk|6|[from] move: Belly Drum\n|-enditem|p1a: Evil Cetitan|Sitrus Berry|[eat]\n|-heal|p1a: Evil Cetitan|75\/100|[from] item: Sitrus Berry\n|\n|-weather|Snow|[upkeep]\n|upkeep\n|turn|13\n|c| Tidaltao|This is the moment of truth\n|inactive|troubadour9 has 270 seconds left.\n|\n|t:|1700349449\n|move|p1a: Evil Cetitan|Belly Drum||[still]\n|-fail|p1a: Evil Cetitan\n|move|p2a: Banette|Poltergeist||[still]\n|-fail|p2a: Banette\n|\n|-weather|Snow|[upkeep]\n|upkeep\n|turn|14\n|inactive|troubadour9 has 270 seconds left.\n|\n|t:|1700349455\n|move|p1a: Evil Cetitan|Ice Shard|p2a: Banette\n|-damage|p2a: Banette|0 fnt\n|faint|p2a: Banette\n|\n|-weather|Snow|[upkeep]\n|upkeep\n|inactive|troubadour9 has 270 seconds left.\n|\n|t:|1700349487\n|switch|p2a: Urshifu|Urshifu-Rapid-Strike, F|100\/100\n|turn|15\n|inactive|troubadour9 has 240 seconds left.\n|inactive|troubadour9 has 210 seconds left.\n|\n|t:|1700349532\n|switch|p2a: Thundurus|Thundurus-Therian, M|100\/100\n|move|p1a: Evil Cetitan|Earthquake|p2a: Thundurus\n|-immune|p2a: Thundurus\n|\n|-weather|Snow|[upkeep]\n|upkeep\n|turn|16\n|inactive|troubadour9 has 210 seconds left.\n|c| xaviersobased|Hold up\n|c| Megakid20|wait a minute\n|c| xaviersobased|is he Goat?\n|inactive|troubadour9 has 180 seconds left.\n|c|\u2606Keykard|yeah. he is.\n|\n|t:|1700349593\n|switch|p2a: Amoonguss|Amoonguss, F, shiny|100\/100\n|move|p1a: Evil Cetitan|Ice Shard|p2a: Amoonguss\n|-supereffective|p2a: Amoonguss\n|-damage|p2a: Amoonguss|0 fnt\n|faint|p2a: Amoonguss\n|\n|-weather|Snow|[upkeep]\n|upkeep\n|inactive|troubadour9 has 150 seconds left.\n|\n|t:|1700349621\n|switch|p2a: Urshifu|Urshifu-Rapid-Strike, F|100\/100\n|turn|17\n|\n|t:|1700349629\n|-terastallize|p2a: Urshifu|Steel\n|move|p1a: Evil Cetitan|Earthquake|p2a: Urshifu\n|-supereffective|p2a: Urshifu\n|-damage|p2a: Urshifu|0 fnt\n|faint|p2a: Urshifu\n|\n|-weather|Snow|[upkeep]\n|upkeep\n|c| Tidaltao|LMFAO\n|c| xaviersobased|its over\n|c| xaviersobased|GG\n|c| Tidaltao|NOOOOOOO\n|\n|t:|1700349639\n|switch|p2a: Thundurus|Thundurus-Therian, M|100\/100\n|turn|18\n|\n|t:|1700349642\n|move|p1a: Evil Cetitan|Ice Shard|p2a: Thundurus\n|-supereffective|p2a: Thundurus\n|-damage|p2a: Thundurus|0 fnt\n|faint|p2a: Thundurus\n|\n|-weather|none\n|upkeep\n|c| Tidaltao|WHY THE TERA\n|l|xaviersobased\n|\n|t:|1700349647\n|switch|p2a: Pawmot|Pawmot, F|100\/100\n|turn|19\n|c|\u2606Keykard|gg\n|\n|t:|1700349652\n|move|p1a: Evil Cetitan|Ice Shard|p2a: Pawmot\n|-damage|p2a: Pawmot|0 fnt\n|faint|p2a: Pawmot\n|\n|win|Keykard\n|j| atraino3\n|c|\u2606troubadour9|ggs\n|c| homixide poopoo|keeping banette was troll\n|l|\u2606troubadour9\n","uploadtime":1700349659,"views":15,"p1id":"keykard","p2id":"troubadour9","formatid":"gen9nationaldex","rating":0,"private":0,"password":""}