{"id":"gen9nationaldex-1991110521","p1":"BleckMehn","p2":"Kylokyz","format":"[Gen 9] National Dex","log":"|j|\u2606BleckMehn\n|j|\u2606Kylokyz\n|t:|1700044522\n|gametype|singles\n|player|p1|BleckMehn|2|1166\n|player|p2|Kylokyz|siebold|1096\n|teamsize|p1|6\n|teamsize|p2|6\n|gen|9\n|tier|[Gen 9] National Dex\n|rated|\n|rule|HP Percentage Mod: HP is shown in percentages\n|rule|Endless Battle Clause: Forcing endless battles is banned\n|rule|OHKO Clause: OHKO moves are banned\n|rule|Evasion Clause: Evasion abilities, items, and moves are banned\n|rule|Evasion Abilities Clause: Evasion abilities are banned\n|rule|Evasion Items Clause: Evasion items are banned\n|rule|Evasion Moves Clause: Evasion moves are banned\n|rule|Species Clause: Limit one of each Pok\u00e9mon\n|rule|Sleep Clause Mod: Limit one foe put to sleep\n|clearpoke\n|poke|p1|Scovillain, M|\n|poke|p1|Arcanine, M|\n|poke|p1|Torkoal, F|\n|poke|p1|Ceruledge, F|\n|poke|p1|Rillaboom, F|\n|poke|p1|Infernape, M|\n|poke|p2|Nidoking, M|\n|poke|p2|Banette, M|\n|poke|p2|Empoleon, F|\n|poke|p2|Moltres|\n|poke|p2|Garchomp, M|\n|poke|p2|Clefable, M|\n|teampreview\n|\n|t:|1700044538\n|start\n|switch|p1a: Infernape|Infernape, M|100\/100\n|switch|p2a: Nidoking|Nidoking, M, shiny|100\/100\n|turn|1\n|\n|t:|1700044550\n|switch|p1a: Rillaboom|Rillaboom, F|100\/100\n|-fieldstart|move: Grassy Terrain|[from] ability: Grassy Surge|[of] p1a: Rillaboom\n|switch|p2a: Clefable|Clefable, M|100\/100\n|\n|upkeep\n|turn|2\n|\n|t:|1700044559\n|move|p1a: Rillaboom|Knock Off|p2a: Clefable\n|-resisted|p2a: Clefable\n|-damage|p2a: Clefable|89\/100\n|-enditem|p2a: Clefable|Leftovers|[from] move: Knock Off|[of] p1a: Rillaboom\n|move|p2a: Clefable|Thunder Wave|p1a: Rillaboom\n|-status|p1a: Rillaboom|par\n|\n|-heal|p2a: Clefable|95\/100|[from] Grassy Terrain\n|upkeep\n|turn|3\n|\n|t:|1700044569\n|move|p2a: Clefable|Moonblast|p1a: Rillaboom\n|-damage|p1a: Rillaboom|60\/100 par\n|move|p1a: Rillaboom|Wood Hammer|p2a: Clefable\n|-damage|p2a: Clefable|39\/100\n|-damage|p1a: Rillaboom|39\/100 par|[from] Recoil\n|\n|-heal|p2a: Clefable|45\/100|[from] Grassy Terrain\n|-heal|p1a: Rillaboom|45\/100 par|[from] Grassy Terrain\n|-heal|p1a: Rillaboom|51\/100 par|[from] item: Leftovers\n|upkeep\n|turn|4\n|\n|t:|1700044583\n|move|p2a: Clefable|Soft-Boiled|p2a: Clefable\n|-heal|p2a: Clefable|95\/100\n|cant|p1a: Rillaboom|par\n|\n|-heal|p2a: Clefable|100\/100|[from] Grassy Terrain\n|-heal|p1a: Rillaboom|57\/100 par|[from] Grassy Terrain\n|-heal|p1a: Rillaboom|63\/100 par|[from] item: Leftovers\n|upkeep\n|turn|5\n|\n|t:|1700044594\n|switch|p1a: Torkoal|Torkoal, F|100\/100\n|-weather|SunnyDay|[from] ability: Drought|[of] p1a: Torkoal\n|move|p2a: Clefable|Moonblast|p1a: Torkoal\n|-resisted|p1a: Torkoal\n|-damage|p1a: Torkoal|83\/100\n|\n|-weather|SunnyDay|[upkeep]\n|-heal|p1a: Torkoal|89\/100|[from] Grassy Terrain\n|-fieldend|move: Grassy Terrain\n|upkeep\n|turn|6\n|\n|t:|1700044610\n|switch|p2a: Nidoking|Nidoking, M, shiny|100\/100\n|move|p1a: Torkoal|Stealth Rock|p2a: Nidoking\n|-sidestart|p2: Kylokyz|move: Stealth Rock\n|\n|-weather|SunnyDay|[upkeep]\n|upkeep\n|turn|7\n|\n|t:|1700044622\n|switch|p1a: Rillaboom|Rillaboom, F|63\/100 par\n|-fieldstart|move: Grassy Terrain|[from] ability: Grassy Surge|[of] p1a: Rillaboom\n|move|p2a: Nidoking|Earth Power|p1a: Rillaboom\n|-resisted|p1a: Rillaboom\n|-damage|p1a: Rillaboom|25\/100 par\n|\n|-weather|SunnyDay|[upkeep]\n|-heal|p1a: Rillaboom|31\/100 par|[from] Grassy Terrain\n|-heal|p1a: Rillaboom|37\/100 par|[from] item: Leftovers\n|upkeep\n|turn|8\n|\n|t:|1700044635\n|move|p2a: Nidoking|Sludge Wave|p1a: Rillaboom\n|-supereffective|p1a: Rillaboom\n|-damage|p1a: Rillaboom|0 fnt\n|faint|p1a: Rillaboom\n|\n|-weather|SunnyDay|[upkeep]\n|upkeep\n|\n|t:|1700044643\n|switch|p1a: Scovillain|Scovillain, M|100\/100\n|turn|9\n|\n|t:|1700044655\n|switch|p2a: Moltres|Moltres|100\/100\n|-terastallize|p1a: Scovillain|Steel\n|move|p1a: Scovillain|Growth|p1a: Scovillain\n|-boost|p1a: Scovillain|atk|2\n|-boost|p1a: Scovillain|spa|2\n|\n|-weather|SunnyDay|[upkeep]\n|upkeep\n|turn|10\n|\n|t:|1700044664\n|move|p1a: Scovillain|Fire Blast|p2a: Moltres\n|-resisted|p2a: Moltres\n|-damage|p2a: Moltres|28\/100\n|move|p2a: Moltres|Flamethrower|p1a: Scovillain\n|-supereffective|p1a: Scovillain\n|-damage|p1a: Scovillain|0 fnt\n|faint|p1a: Scovillain\n|\n|-weather|SunnyDay|[upkeep]\n|upkeep\n|\n|t:|1700044674\n|switch|p1a: Ceruledge|Ceruledge, F|100\/100\n|turn|11\n|\n|t:|1700044680\n|move|p1a: Ceruledge|Bulk Up|p1a: Ceruledge\n|-boost|p1a: Ceruledge|atk|1\n|-boost|p1a: Ceruledge|def|1\n|move|p2a: Moltres|Roost|p2a: Moltres\n|-heal|p2a: Moltres|78\/100\n|-singleturn|p2a: Moltres|move: Roost\n|\n|-weather|SunnyDay|[upkeep]\n|-heal|p2a: Moltres|84\/100|[from] Grassy Terrain\n|-fieldend|move: Grassy Terrain\n|upkeep\n|turn|12\n|\n|t:|1700044691\n|move|p1a: Ceruledge|Bitter Blade|p2a: Moltres\n|-resisted|p2a: Moltres\n|-crit|p2a: Moltres\n|-damage|p2a: Moltres|0 fnt\n|faint|p2a: Moltres\n|-damage|p1a: Ceruledge|91\/100|[from] item: Life Orb\n|\n|-weather|none\n|upkeep\n|\n|t:|1700044705\n|switch|p2a: Garchomp|Garchomp, M, shiny|100\/100\n|-damage|p2a: Garchomp|94\/100|[from] Stealth Rock\n|turn|13\n|\n|t:|1700044720\n|switch|p1a: Arcanine|Arcanine, M|100\/100\n|-ability|p1a: Arcanine|Intimidate|boost\n|-unboost|p2a: Garchomp|atk|1\n|move|p2a: Garchomp|Swords Dance|p2a: Garchomp\n|-boost|p2a: Garchomp|atk|2\n|\n|upkeep\n|turn|14\n|\n|t:|1700044730\n|switch|p1a: Torkoal|Torkoal, F|89\/100\n|-weather|SunnyDay|[from] ability: Drought|[of] p1a: Torkoal\n|move|p2a: Garchomp|Earthquake|p1a: Torkoal\n|-supereffective|p1a: Torkoal\n|-damage|p1a: Torkoal|0 fnt\n|faint|p1a: Torkoal\n|\n|-weather|SunnyDay|[upkeep]\n|upkeep\n|\n|t:|1700044743\n|switch|p1a: Arcanine|Arcanine, M|100\/100\n|-ability|p1a: Arcanine|Intimidate|boost\n|-unboost|p2a: Garchomp|atk|1\n|turn|15\n|\n|t:|1700044749\n|move|p2a: Garchomp|Stealth Rock|p1a: Arcanine\n|-sidestart|p1: BleckMehn|move: Stealth Rock\n|move|p1a: Arcanine|Solar Beam||[still]\n|-prepare|p1a: Arcanine|Solar Beam\n|-anim|p1a: Arcanine|Solar Beam|p2a: Garchomp\n|-damage|p2a: Garchomp|58\/100\n|\n|-weather|SunnyDay|[upkeep]\n|upkeep\n|turn|16\n|\n|t:|1700044757\n|move|p2a: Garchomp|Swords Dance|p2a: Garchomp\n|-boost|p2a: Garchomp|atk|2\n|move|p1a: Arcanine|Flamethrower|p2a: Garchomp\n|-resisted|p2a: Garchomp\n|-crit|p2a: Garchomp\n|-damage|p2a: Garchomp|13\/100\n|\n|-weather|SunnyDay|[upkeep]\n|upkeep\n|turn|17\n|\n|t:|1700044766\n|move|p2a: Garchomp|Earthquake|p1a: Arcanine\n|-supereffective|p1a: Arcanine\n|-damage|p1a: Arcanine|0 fnt\n|faint|p1a: Arcanine\n|\n|-weather|SunnyDay|[upkeep]\n|upkeep\n|\n|t:|1700044773\n|switch|p1a: Infernape|Infernape, M|100\/100\n|-damage|p1a: Infernape|88\/100|[from] Stealth Rock\n|turn|18\n|\n|t:|1700044778\n|move|p1a: Infernape|Vacuum Wave|p2a: Garchomp\n|-damage|p2a: Garchomp|0 fnt\n|faint|p2a: Garchomp\n|\n|-weather|SunnyDay|[upkeep]\n|upkeep\n|\n|t:|1700044788\n|switch|p2a: Clefable|Clefable, M|100\/100\n|turn|19\n|\n|t:|1700044793\n|move|p1a: Infernape|Focus Energy|p1a: Infernape\n|-start|p1a: Infernape|move: Focus Energy\n|move|p2a: Clefable|Thunder Wave|p1a: Infernape\n|-status|p1a: Infernape|par\n|\n|-weather|SunnyDay|[upkeep]\n|upkeep\n|turn|20\n|\n|t:|1700044799\n|move|p1a: Infernape|Overheat|p2a: Clefable\n|-crit|p2a: Clefable\n|-damage|p2a: Clefable|0 fnt\n|-unboost|p1a: Infernape|spa|2\n|faint|p2a: Clefable\n|\n|-weather|SunnyDay|[upkeep]\n|upkeep\n|\n|t:|1700044804\n|switch|p2a: Nidoking|Nidoking, M, shiny|100\/100\n|-damage|p2a: Nidoking|95\/100|[from] Stealth Rock\n|turn|21\n|\n|t:|1700044809\n|move|p2a: Nidoking|Earth Power|p1a: Infernape\n|-supereffective|p1a: Infernape\n|-crit|p1a: Infernape\n|-damage|p1a: Infernape|0 fnt\n|faint|p1a: Infernape\n|\n|-weather|none\n|upkeep\n|\n|t:|1700044817\n|switch|p1a: Ceruledge|Ceruledge, F|91\/100\n|-damage|p1a: Ceruledge|66\/100|[from] Stealth Rock\n|turn|22\n|\n|t:|1700044823\n|move|p2a: Nidoking|Earth Power|p1a: Ceruledge\n|-supereffective|p1a: Ceruledge\n|-damage|p1a: Ceruledge|0 fnt\n|faint|p1a: Ceruledge\n|\n|win|Kylokyz\n|raw|BleckMehn's rating: 1166 &rarr; <strong>1136<\/strong><br \/>(-30 for losing)\n|raw|Kylokyz's rating: 1096 &rarr; <strong>1127<\/strong><br \/>(+31 for winning)\n|l|\u2606BleckMehn\n","uploadtime":1700044830,"views":3,"p1id":"bleckmehn","p2id":"kylokyz","formatid":"gen9nationaldex","rating":1127,"private":0,"password":""}