{"id":"gen9nationaldex-1990076897","p1":"steals many wives","p2":"xygdr","format":"[Gen 9] National Dex","log":"|j|\u2606steals many wives\n|j|\u2606xygdr\n|t:|1699922045\n|gametype|singles\n|player|p1|steals many wives|waitress|1088\n|player|p2|xygdr|170|1000\n|teamsize|p1|6\n|teamsize|p2|6\n|gen|9\n|tier|[Gen 9] National Dex\n|rated|\n|rule|HP Percentage Mod: HP is shown in percentages\n|rule|Endless Battle Clause: Forcing endless battles is banned\n|rule|OHKO Clause: OHKO moves are banned\n|rule|Evasion Clause: Evasion abilities, items, and moves are banned\n|rule|Evasion Abilities Clause: Evasion abilities are banned\n|rule|Evasion Items Clause: Evasion items are banned\n|rule|Evasion Moves Clause: Evasion moves are banned\n|rule|Species Clause: Limit one of each Pok\u00e9mon\n|rule|Sleep Clause Mod: Limit one foe put to sleep\n|clearpoke\n|poke|p1|Aggron, M|\n|poke|p1|Ferrothorn, M|\n|poke|p1|Goodra-Hisui, F|\n|poke|p1|Celesteela|\n|poke|p1|Heatran, M|\n|poke|p1|Excadrill, M|\n|poke|p2|Swellow, F|\n|poke|p2|Blaziken, F|\n|poke|p2|Ferrothorn, M|\n|poke|p2|Toxapex, F|\n|poke|p2|Rotom-Wash|\n|poke|p2|Gardevoir, M|\n|teampreview\n|inactive|Battle timer is ON: inactive players will automatically lose when time's up. (requested by xygdr)\n|\n|t:|1699922060\n|start\n|switch|p1a: Team Rocket|Celesteela|100\/100\n|switch|p2a: Blaziken|Blaziken, F, shiny|100\/100\n|turn|1\n|\n|t:|1699922067\n|move|p2a: Blaziken|Detect|p2a: Blaziken\n|-singleturn|p2a: Blaziken|Protect\n|move|p1a: Team Rocket|Fly||[still]\n|-prepare|p1a: Team Rocket|Fly\n|\n|-ability|p2a: Blaziken|Speed Boost|boost\n|-boost|p2a: Blaziken|spe|1\n|upkeep\n|turn|2\n|\n|t:|1699922081\n|-terastallize|p2a: Blaziken|Fire\n|move|p2a: Blaziken|Blaze Kick|p1a: Team Rocket|[miss]\n|-miss|p2a: Blaziken|p1a: Team Rocket\n|move|p1a: Team Rocket|Fly|p2a: Blaziken|[from]lockedmove\n|-damage|p2a: Blaziken|49\/100\n|\n|-ability|p2a: Blaziken|Speed Boost|boost\n|-boost|p2a: Blaziken|spe|1\n|upkeep\n|turn|3\n|\n|t:|1699922093\n|move|p2a: Blaziken|Blaze Kick|p1a: Team Rocket\n|-supereffective|p1a: Team Rocket\n|-damage|p1a: Team Rocket|14\/100\n|move|p1a: Team Rocket|Fly||[still]\n|-prepare|p1a: Team Rocket|Fly\n|\n|-heal|p1a: Team Rocket|20\/100|[from] item: Leftovers\n|-ability|p2a: Blaziken|Speed Boost|boost\n|-boost|p2a: Blaziken|spe|1\n|upkeep\n|turn|4\n|\n|t:|1699922105\n|switch|p2a: Ferrothorn|Ferrothorn, M, shiny|100\/100\n|move|p1a: Team Rocket|Fly|p2a: Ferrothorn|[from]lockedmove\n|-damage|p2a: Ferrothorn|82\/100\n|-damage|p1a: Team Rocket|8\/100|[from] ability: Iron Barbs|[of] p2a: Ferrothorn\n|\n|-heal|p1a: Team Rocket|14\/100|[from] item: Leftovers\n|-heal|p2a: Ferrothorn|88\/100|[from] item: Leftovers\n|upkeep\n|turn|5\n|\n|t:|1699922117\n|switch|p1a: Slag Heap|Heatran, M|100\/100\n|move|p2a: Ferrothorn|Gyro Ball|p1a: Slag Heap\n|-resisted|p1a: Slag Heap\n|-damage|p1a: Slag Heap|89\/100\n|\n|-heal|p2a: Ferrothorn|94\/100|[from] item: Leftovers\n|upkeep\n|turn|6\n|\n|t:|1699922126\n|switch|p2a: Rotom|Rotom-Wash, shiny|100\/100\n|move|p1a: Slag Heap|Eruption|p2a: Rotom\n|-resisted|p2a: Rotom\n|-crit|p2a: Rotom\n|-damage|p2a: Rotom|47\/100\n|\n|-heal|p2a: Rotom|53\/100|[from] item: Leftovers\n|upkeep\n|turn|7\n|\n|t:|1699922137\n|switch|p1a: Lego|Ferrothorn, M|100\/100\n|move|p2a: Rotom|Hydro Pump|p1a: Lego\n|-resisted|p1a: Lego\n|-damage|p1a: Lego|85\/100\n|\n|-heal|p2a: Rotom|59\/100|[from] item: Leftovers\n|upkeep\n|turn|8\n|\n|t:|1699922148\n|move|p2a: Rotom|Volt Switch|p1a: Lego\n|-resisted|p1a: Lego\n|-damage|p1a: Lego|74\/100\n|\n|t:|1699922155\n|switch|p2a: Ferrothorn|Ferrothorn, M, shiny|94\/100|[from] Volt Switch\n|move|p1a: Lego|Stealth Rock|p2a: Ferrothorn\n|-sidestart|p2: xygdr|move: Stealth Rock\n|\n|-heal|p2a: Ferrothorn|100\/100|[from] item: Leftovers\n|upkeep\n|turn|9\n|\n|t:|1699922167\n|switch|p1a: Slime Shady|Goodra-Hisui, F|100\/100\n|move|p2a: Ferrothorn|Leech Seed|p1a: Slime Shady\n|-start|p1a: Slime Shady|move: Leech Seed\n|\n|-damage|p1a: Slime Shady|88\/100|[from] Leech Seed|[of] p2a: Ferrothorn\n|upkeep\n|turn|10\n|\n|t:|1699922182\n|switch|p2a: Rotom|Rotom-Wash, shiny|59\/100\n|-damage|p2a: Rotom|47\/100|[from] Stealth Rock\n|move|p1a: Slime Shady|Flamethrower|p2a: Rotom\n|-resisted|p2a: Rotom\n|-damage|p2a: Rotom|36\/100\n|\n|-heal|p2a: Rotom|42\/100|[from] item: Leftovers\n|-damage|p1a: Slime Shady|76\/100|[from] Leech Seed|[of] p2a: Rotom\n|-heal|p2a: Rotom|57\/100|[silent]\n|upkeep\n|turn|11\n|\n|t:|1699922194\n|switch|p1a: Team Rocket|Celesteela|14\/100\n|move|p2a: Rotom|Defog|p1a: Team Rocket\n|-unboost|p1a: Team Rocket|evasion|1\n|-sideend|p2: xygdr|Stealth Rock|[from] move: Defog|[of] p2a: Rotom\n|\n|-heal|p2a: Rotom|63\/100|[from] item: Leftovers\n|-heal|p1a: Team Rocket|20\/100|[from] item: Leftovers\n|upkeep\n|turn|12\n|\n|t:|1699922205\n|move|p2a: Rotom|Volt Switch|p1a: Team Rocket\n|-supereffective|p1a: Team Rocket\n|-damage|p1a: Team Rocket|0 fnt\n|faint|p1a: Team Rocket\n|\n|t:|1699922211\n|switch|p2a: Blaziken|Blaziken, F, shiny, tera:Fire|49\/100|[from] Volt Switch\n|\n|upkeep\n|\n|t:|1699922218\n|switch|p1a: Slime Shady|Goodra-Hisui, F|76\/100\n|turn|13\n|\n|t:|1699922225\n|move|p2a: Blaziken|Detect|p2a: Blaziken\n|-singleturn|p2a: Blaziken|Protect\n|move|p1a: Slime Shady|Dragon Pulse|p2a: Blaziken\n|-activate|p2a: Blaziken|move: Protect\n|\n|-ability|p2a: Blaziken|Speed Boost|boost\n|-boost|p2a: Blaziken|spe|1\n|upkeep\n|turn|14\n|\n|t:|1699922234\n|move|p2a: Blaziken|Blaze Kick|p1a: Slime Shady\n|-damage|p1a: Slime Shady|32\/100\n|-damage|p2a: Blaziken|32\/100|[from] item: Rocky Helmet|[of] p1a: Slime Shady\n|-ability|p1a: Slime Shady|Gooey\n|-unboost|p2a: Blaziken|spe|1\n|move|p1a: Slime Shady|Dragon Pulse|p2a: Blaziken\n|-damage|p2a: Blaziken|0 fnt\n|faint|p2a: Blaziken\n|\n|upkeep\n|\n|t:|1699922252\n|switch|p2a: Rotom|Rotom-Wash, shiny|63\/100\n|turn|15\n|\n|t:|1699922258\n|move|p2a: Rotom|Will-O-Wisp|p1a: Slime Shady\n|-status|p1a: Slime Shady|brn\n|move|p1a: Slime Shady|Dragon Pulse|p2a: Rotom\n|-damage|p2a: Rotom|29\/100\n|\n|-heal|p2a: Rotom|35\/100|[from] item: Leftovers\n|-damage|p1a: Slime Shady|26\/100 brn|[from] brn\n|upkeep\n|turn|16\n|\n|t:|1699922268\n|move|p2a: Rotom|Volt Switch|p1a: Slime Shady\n|-resisted|p1a: Slime Shady\n|-damage|p1a: Slime Shady|19\/100 brn\n|\n|t:|1699922273\n|switch|p2a: Ferrothorn|Ferrothorn, M, shiny|100\/100|[from] Volt Switch\n|move|p1a: Slime Shady|Dragon Pulse|p2a: Ferrothorn\n|-resisted|p2a: Ferrothorn\n|-damage|p2a: Ferrothorn|87\/100\n|\n|-heal|p2a: Ferrothorn|93\/100|[from] item: Leftovers\n|-damage|p1a: Slime Shady|13\/100 brn|[from] brn\n|upkeep\n|turn|17\n|\n|t:|1699922286\n|move|p1a: Slime Shady|Flamethrower|p2a: Ferrothorn\n|-supereffective|p2a: Ferrothorn\n|-damage|p2a: Ferrothorn|17\/100\n|move|p2a: Ferrothorn|Gyro Ball|p1a: Slime Shady\n|-resisted|p1a: Slime Shady\n|-damage|p1a: Slime Shady|0 fnt\n|-damage|p2a: Ferrothorn|0 fnt|[from] item: Rocky Helmet|[of] p1a: Slime Shady\n|-ability|p1a: Slime Shady|Gooey\n|faint|p1a: Slime Shady\n|faint|p2a: Ferrothorn\n|\n|upkeep\n|\n|t:|1699922302\n|switch|p1a: Lego|Ferrothorn, M|74\/100\n|switch|p2a: Toxapex|Toxapex, F, shiny|100\/100\n|turn|18\n|\n|t:|1699922310\n|switch|p2a: Swellow|Swellow, F, shiny|100\/100\n|move|p1a: Lego|Stealth Rock|p2a: Swellow\n|-sidestart|p2: xygdr|move: Stealth Rock\n|\n|-status|p2a: Swellow|brn|[from] item: Flame Orb\n|upkeep\n|turn|19\n|\n|t:|1699922323\n|switch|p2a: Rotom|Rotom-Wash, shiny|35\/100\n|-damage|p2a: Rotom|23\/100|[from] Stealth Rock\n|move|p1a: Lego|Gyro Ball|p2a: Rotom\n|-resisted|p2a: Rotom\n|-damage|p2a: Rotom|14\/100\n|\n|-heal|p2a: Rotom|20\/100|[from] item: Leftovers\n|upkeep\n|turn|20\n|\n|t:|1699922333\n|move|p2a: Rotom|Defog|p1a: Lego\n|-unboost|p1a: Lego|evasion|1\n|-sideend|p2: xygdr|Stealth Rock|[from] move: Defog|[of] p2a: Rotom\n|move|p1a: Lego|Seed Bomb|p2a: Rotom\n|-supereffective|p2a: Rotom\n|-damage|p2a: Rotom|0 fnt\n|faint|p2a: Rotom\n|\n|upkeep\n|\n|t:|1699922341\n|switch|p2a: Gardevoir|Gardevoir, M, shiny|100\/100\n|-ability|p2a: Gardevoir|Iron Barbs|[from] ability: Trace|[of] p1a: Lego\n|turn|21\n|\n|t:|1699922350\n|detailschange|p2a: Gardevoir|Gardevoir-Mega, M, shiny\n|-mega|p2a: Gardevoir|Gardevoir|Gardevoirite\n|move|p2a: Gardevoir|Mystical Fire|p1a: Lego\n|-supereffective|p1a: Lego\n|-damage|p1a: Lego|0 fnt\n|faint|p1a: Lego\n|\n|upkeep\n|\n|t:|1699922359\n|switch|p1a: Drilliam Wallace|Excadrill, M|100\/100\n|-ability|p1a: Drilliam Wallace|Mold Breaker\n|turn|22\n|\n|t:|1699922373\n|switch|p1a: Slag Heap|Heatran, M|89\/100\n|move|p2a: Gardevoir|Focus Blast|p1a: Slag Heap\n|-supereffective|p1a: Slag Heap\n|-damage|p1a: Slag Heap|0 fnt\n|faint|p1a: Slag Heap\n|\n|upkeep\n|c|\u2606steals many wives|NO\n|\n|t:|1699922382\n|switch|p1a: Drilliam Wallace|Excadrill, M|100\/100\n|-ability|p1a: Drilliam Wallace|Mold Breaker\n|turn|23\n|\n|t:|1699922399\n|move|p2a: Gardevoir|Focus Blast|p1a: Drilliam Wallace|[miss]\n|-miss|p2a: Gardevoir|p1a: Drilliam Wallace\n|move|p1a: Drilliam Wallace|Iron Head|p2a: Gardevoir\n|-supereffective|p2a: Gardevoir\n|-damage|p2a: Gardevoir|0 fnt\n|faint|p2a: Gardevoir\n|\n|upkeep\n|\n|t:|1699922410\n|switch|p2a: Swellow|Swellow, F, shiny|100\/100 brn\n|turn|24\n|\n|t:|1699922414\n|move|p2a: Swellow|Facade|p1a: Drilliam Wallace\n|-resisted|p1a: Drilliam Wallace\n|-damage|p1a: Drilliam Wallace|34\/100\n|move|p1a: Drilliam Wallace|Iron Head|p2a: Swellow\n|-damage|p2a: Swellow|17\/100 brn\n|\n|-damage|p2a: Swellow|10\/100 brn|[from] brn\n|upkeep\n|turn|25\n|\n|t:|1699922423\n|switch|p1a: The Wall|Aggron, M|100\/100\n|move|p2a: Swellow|Facade|p1a: The Wall\n|-resisted|p1a: The Wall\n|-damage|p1a: The Wall|90\/100\n|\n|-damage|p2a: Swellow|4\/100 brn|[from] brn\n|upkeep\n|turn|26\n|\n|t:|1699922433\n|move|p2a: Swellow|Brave Bird|p1a: The Wall\n|-resisted|p1a: The Wall\n|-damage|p1a: The Wall|81\/100\n|-damage|p2a: Swellow|1\/100 brn|[from] Recoil\n|move|p1a: The Wall|Curse|p1a: The Wall\n|-unboost|p1a: The Wall|spe|1\n|-boost|p1a: The Wall|atk|1\n|-boost|p1a: The Wall|def|1\n|\n|-damage|p2a: Swellow|0 fnt|[from] brn\n|faint|p2a: Swellow\n|upkeep\n|\n|t:|1699922445\n|switch|p2a: Toxapex|Toxapex, F, shiny|100\/100\n|turn|27\n|\n|t:|1699922452\n|detailschange|p1a: The Wall|Aggron-Mega, M\n|-mega|p1a: The Wall|Aggron|Aggronite\n|move|p2a: Toxapex|Scald|p1a: The Wall\n|-damage|p1a: The Wall|58\/100\n|move|p1a: The Wall|Curse|p1a: The Wall\n|-unboost|p1a: The Wall|spe|1\n|-boost|p1a: The Wall|atk|1\n|-boost|p1a: The Wall|def|1\n|\n|upkeep\n|turn|28\n|\n|t:|1699922463\n|move|p2a: Toxapex|Scald|p1a: The Wall\n|-damage|p1a: The Wall|36\/100\n|-status|p1a: The Wall|brn\n|move|p1a: The Wall|Head Smash|p2a: Toxapex\n|-crit|p2a: Toxapex\n|-damage|p2a: Toxapex|37\/100\n|-damage|p1a: The Wall|4\/100 brn|[from] Recoil\n|\n|-heal|p2a: Toxapex|43\/100|[from] item: Black Sludge\n|-damage|p1a: The Wall|0 fnt|[from] brn\n|faint|p1a: The Wall\n|upkeep\n|\n|t:|1699922473\n|switch|p1a: Drilliam Wallace|Excadrill, M|34\/100\n|-ability|p1a: Drilliam Wallace|Mold Breaker\n|turn|29\n|\n|t:|1699922480\n|move|p2a: Toxapex|Baneful Bunker|p2a: Toxapex\n|-singleturn|p2a: Toxapex|move: Protect\n|move|p1a: Drilliam Wallace|Earthquake|p2a: Toxapex\n|-activate|p2a: Toxapex|move: Protect\n|\n|-heal|p2a: Toxapex|49\/100|[from] item: Black Sludge\n|upkeep\n|turn|30\n|\n|t:|1699922489\n|move|p1a: Drilliam Wallace|Earthquake|p2a: Toxapex\n|-supereffective|p2a: Toxapex\n|-damage|p2a: Toxapex|0 fnt\n|faint|p2a: Toxapex\n|\n|win|steals many wives\n|raw|steals many wives's rating: 1088 &rarr; <strong>1108<\/strong><br \/>(+20 for winning)\n|raw|xygdr's rating: 1000 &rarr; <strong>1000<\/strong><br \/>(+0 for losing)\n|l|\u2606xygdr\n","uploadtime":1699922498,"views":4,"p1id":"stealsmanywives","p2id":"xygdr","formatid":"gen9nationaldex","rating":1000,"private":0,"password":""}