{"id":"gen9nationaldex-1992175247","p1":"TPX05","p2":"Simbadd","format":"[Gen 9] National Dex","log":"|j|\u2606TPX05\n|j|\u2606Simbadd\n|t:|1700161236\n|gametype|singles\n|player|p1|TPX05|kieran|1461\n|player|p2|Simbadd|170|1513\n|teamsize|p1|6\n|teamsize|p2|6\n|gen|9\n|tier|[Gen 9] National Dex\n|rated|\n|rule|HP Percentage Mod: HP is shown in percentages\n|rule|Endless Battle Clause: Forcing endless battles is banned\n|rule|OHKO Clause: OHKO moves are banned\n|rule|Evasion Clause: Evasion abilities, items, and moves are banned\n|rule|Evasion Abilities Clause: Evasion abilities are banned\n|rule|Evasion Items Clause: Evasion items are banned\n|rule|Evasion Moves Clause: Evasion moves are banned\n|rule|Species Clause: Limit one of each Pok\u00e9mon\n|rule|Sleep Clause Mod: Limit one foe put to sleep\n|clearpoke\n|poke|p1|Pelipper, F|\n|poke|p1|Swampert, F|\n|poke|p1|Floatzel, F|\n|poke|p1|Overqwil, M|\n|poke|p1|Ferrothorn, F|\n|poke|p1|Basculegion-F, F|\n|poke|p2|Torkoal, F|\n|poke|p2|Charizard, M|\n|poke|p2|Great Tusk|\n|poke|p2|Lilligant-Hisui, F|\n|poke|p2|Skeledirge, F|\n|poke|p2|Rillaboom, M|\n|teampreview\n|inactive|Battle timer is ON: inactive players will automatically lose when time's up. (requested by TPX05)\n|\n|t:|1700161249\n|start\n|switch|p1a: Overqwil|Overqwil, M|100\/100\n|switch|p2a: Torkoal|Torkoal, F|100\/100\n|-weather|SunnyDay|[from] ability: Drought|[of] p2a: Torkoal\n|turn|1\n|\n|t:|1700161265\n|-zpower|p1a: Overqwil\n|move|p1a: Overqwil|Acid Downpour|p2a: Torkoal|[zeffect]\n|-damage|p2a: Torkoal|52\/100\n|move|p2a: Torkoal|Stealth Rock|p1a: Overqwil\n|-sidestart|p1: TPX05|move: Stealth Rock\n|\n|-weather|SunnyDay|[upkeep]\n|upkeep\n|turn|2\n|\n|t:|1700161285\n|switch|p1a: Basculegion|Basculegion-F, F|100\/100\n|-damage|p1a: Basculegion|88\/100|[from] Stealth Rock\n|switch|p2a: Great Tusk|Great Tusk|100\/100\n|-activate|p2a: Great Tusk|ability: Protosynthesis\n|-start|p2a: Great Tusk|protosynthesisspe\n|\n|-weather|SunnyDay|[upkeep]\n|upkeep\n|turn|3\n|inactive|Simbadd has 120 seconds left.\n|\n|t:|1700161309\n|move|p2a: Great Tusk|Headlong Rush|p1a: Basculegion\n|-damage|p1a: Basculegion|16\/100\n|-unboost|p2a: Great Tusk|def|1\n|-unboost|p2a: Great Tusk|spd|1\n|move|p1a: Basculegion|Ice Beam|p2a: Great Tusk\n|-supereffective|p2a: Great Tusk\n|-damage|p2a: Great Tusk|0 fnt\n|faint|p2a: Great Tusk\n|-end|p2a: Great Tusk|Protosynthesis|[silent]\n|\n|-weather|SunnyDay|[upkeep]\n|upkeep\n|inactive|Simbadd has 120 seconds left.\n|\n|t:|1700161325\n|switch|p2a: Charizard|Charizard, M|100\/100\n|turn|4\n|\n|t:|1700161344\n|switch|p1a: Ferrothorn|Ferrothorn, F|100\/100\n|-damage|p1a: Ferrothorn|94\/100|[from] Stealth Rock\n|move|p2a: Charizard|Solar Beam||[still]\n|-prepare|p2a: Charizard|Solar Beam\n|-anim|p2a: Charizard|Solar Beam|p1a: Ferrothorn\n|-resisted|p1a: Ferrothorn\n|-damage|p1a: Ferrothorn|89\/100\n|-enditem|p1a: Ferrothorn|Eject Button\n|\n|t:|1700161347\n|switch|p1a: Floatzel|Floatzel, F|100\/100\n|-damage|p1a: Floatzel|88\/100|[from] Stealth Rock\n|\n|-weather|SunnyDay|[upkeep]\n|upkeep\n|turn|5\n|\n|t:|1700161356\n|detailschange|p2a: Charizard|Charizard-Mega-Y, M\n|-mega|p2a: Charizard|Charizard|Charizardite Y\n|-terastallize|p1a: Floatzel|Water\n|move|p1a: Floatzel|Wave Crash|p2a: Charizard\n|-supereffective|p2a: Charizard\n|-damage|p2a: Charizard|0 fnt\n|faint|p2a: Charizard\n|-damage|p1a: Floatzel|57\/100|[from] Recoil\n|\n|-weather|SunnyDay|[upkeep]\n|upkeep\n|\n|t:|1700161364\n|switch|p2a: Rillaboom|Rillaboom, M|100\/100\n|-fieldstart|move: Grassy Terrain|[from] ability: Grassy Surge|[of] p2a: Rillaboom\n|turn|6\n|\n|t:|1700161367\n|switch|p1a: Basculegion|Basculegion-F, F|16\/100\n|-damage|p1a: Basculegion|4\/100|[from] Stealth Rock\n|move|p2a: Rillaboom|U-turn|p1a: Basculegion\n|-resisted|p1a: Basculegion\n|-damage|p1a: Basculegion|0 fnt\n|faint|p1a: Basculegion\n|\n|t:|1700161377\n|switch|p2a: Lilligant|Lilligant-Hisui, F|100\/100|[from] U-turn\n|-enditem|p2a: Lilligant|Grassy Seed\n|-boost|p2a: Lilligant|def|1|[from] item: Grassy Seed\n|\n|-weather|SunnyDay|[upkeep]\n|upkeep\n|\n|t:|1700161384\n|switch|p1a: Pelipper|Pelipper, F|100\/100\n|-damage|p1a: Pelipper|76\/100|[from] Stealth Rock\n|-weather|RainDance|[from] ability: Drizzle|[of] p1a: Pelipper\n|turn|7\n|\n|t:|1700161390\n|move|p2a: Lilligant|Victory Dance|p2a: Lilligant\n|-boost|p2a: Lilligant|atk|1\n|-boost|p2a: Lilligant|def|1\n|-boost|p2a: Lilligant|spe|1\n|move|p1a: Pelipper|Hurricane|p2a: Lilligant\n|-supereffective|p2a: Lilligant\n|-damage|p2a: Lilligant|0 fnt\n|faint|p2a: Lilligant\n|\n|-weather|RainDance|[upkeep]\n|upkeep\n|-message|Simbadd forfeited.\n|\n|win|TPX05\n|raw|TPX05's rating: 1461 &rarr; <strong>1484<\/strong><br \/>(+23 for winning)\n|raw|Simbadd's rating: 1513 &rarr; <strong>1490<\/strong><br \/>(-23 for losing)\n|l|\u2606Simbadd\n","uploadtime":1700161401,"views":5,"p1id":"tpx05","p2id":"simbadd","formatid":"gen9nationaldex","rating":1484,"private":0,"password":""}