{"id":"gen9nationaldex-1995263732","p1":"shuichi420","p2":"Sirrawrz","format":"[Gen 9] National Dex","log":"|html|<div class=\"broadcast-blue\"><strong>[Gen 9] National Dex is currently suspecting Sneasler! For information on how to participate check out the <a href=\"https:\/\/www.smogon.com\/forums\/threads\/sv-national-dex-suspect-8-just-dance.3731534\/\">suspect thread<\/a>.<\/strong><\/div>\n|j|\u2606shuichi420\n|j|\u2606Sirrawrz\n|t:|1700543331\n|gametype|singles\n|player|p1|shuichi420|265|1503\n|player|p2|Sirrawrz|emmet|1535\n|teamsize|p1|6\n|teamsize|p2|6\n|gen|9\n|tier|[Gen 9] National Dex\n|rated|\n|rule|HP Percentage Mod: HP is shown in percentages\n|rule|Endless Battle Clause: Forcing endless battles is banned\n|rule|OHKO Clause: OHKO moves are banned\n|rule|Evasion Clause: Evasion abilities, items, and moves are banned\n|rule|Evasion Abilities Clause: Evasion abilities are banned\n|rule|Evasion Items Clause: Evasion items are banned\n|rule|Evasion Moves Clause: Evasion moves are banned\n|rule|Species Clause: Limit one of each Pok\u00e9mon\n|rule|Sleep Clause Mod: Limit one foe put to sleep\n|clearpoke\n|poke|p1|Heatran, F|\n|poke|p1|Ogerpon-Wellspring, F|\n|poke|p1|Landorus-Therian, M|\n|poke|p1|Diancie|\n|poke|p1|Zamazenta-*|\n|poke|p1|Slowbro, M|\n|poke|p2|Ninetales, M|\n|poke|p2|Venusaur, M|\n|poke|p2|Jolteon, F|\n|poke|p2|Blastoise, M|\n|poke|p2|Rhydon, F|\n|poke|p2|Scyther, F|\n|teampreview\n|\n|t:|1700543363\n|start\n|switch|p1a: Heatran|Heatran, F|100\/100\n|switch|p2a: Rhydon|Rhydon, F, shiny|100\/100\n|turn|1\n|\n|t:|1700543369\n|switch|p1a: Landorus|Landorus-Therian, M|100\/100\n|-ability|p1a: Landorus|Intimidate|boost\n|-unboost|p2a: Rhydon|atk|1\n|move|p2a: Rhydon|Stealth Rock|p1a: Landorus\n|-sidestart|p1: shuichi420|move: Stealth Rock\n|\n|upkeep\n|turn|2\n|j| The Susnape\n|\n|t:|1700543372\n|move|p1a: Landorus|Defog|p2a: Rhydon\n|-unboost|p2a: Rhydon|evasion|1\n|-sideend|p1: shuichi420|Stealth Rock|[from] move: Defog|[of] p1a: Landorus\n|move|p2a: Rhydon|Avalanche|p1a: Landorus\n|-supereffective|p1a: Landorus\n|-damage|p1a: Landorus|65\/100\n|-damage|p2a: Rhydon|84\/100|[from] item: Rocky Helmet|[of] p1a: Landorus\n|\n|upkeep\n|turn|3\n|\n|t:|1700543378\n|switch|p2a: Blastoise|Blastoise, M, shiny|100\/100\n|move|p1a: Landorus|U-turn|p2a: Blastoise\n|-damage|p2a: Blastoise|86\/100\n|\n|t:|1700543382\n|switch|p1a: Ogerpon|Ogerpon-Wellspring, F|100\/100|[from] U-turn\n|\n|upkeep\n|turn|4\n|\n|t:|1700543386\n|move|p1a: Ogerpon|Power Whip|p2a: Blastoise\n|-supereffective|p2a: Blastoise\n|-damage|p2a: Blastoise|0 fnt\n|faint|p2a: Blastoise\n|\n|upkeep\n|\n|t:|1700543399\n|switch|p2a: Ninetales|Ninetales, M, shiny|100\/100\n|-weather|SunnyDay|[from] ability: Drought|[of] p2a: Ninetales\n|turn|5\n|\n|t:|1700543417\n|switch|p2a: Venusaur|Venusaur, M, shiny|100\/100\n|move|p1a: Ogerpon|Knock Off|p2a: Venusaur\n|-damage|p2a: Venusaur|54\/100\n|-enditem|p2a: Venusaur|Life Orb|[from] move: Knock Off|[of] p1a: Ogerpon\n|\n|-weather|SunnyDay|[upkeep]\n|upkeep\n|turn|6\n|\n|t:|1700543443\n|switch|p1a: Heatran|Heatran, F|100\/100\n|move|p2a: Venusaur|Earth Power|p1a: Heatran\n|-supereffective|p1a: Heatran\n|-damage|p1a: Heatran|25\/100\n|\n|-weather|SunnyDay|[upkeep]\n|-heal|p1a: Heatran|31\/100|[from] item: Leftovers\n|upkeep\n|turn|7\n|\n|t:|1700543469\n|move|p1a: Heatran|Protect|p1a: Heatran\n|-singleturn|p1a: Heatran|Protect\n|move|p2a: Venusaur|Sludge Bomb|p1a: Heatran\n|-activate|p1a: Heatran|move: Protect\n|\n|-weather|SunnyDay|[upkeep]\n|-heal|p1a: Heatran|37\/100|[from] item: Leftovers\n|upkeep\n|turn|8\n|\n|t:|1700543488\n|-terastallize|p1a: Heatran|Grass\n|move|p2a: Venusaur|Earth Power|p1a: Heatran\n|-resisted|p1a: Heatran\n|-damage|p1a: Heatran|28\/100\n|move|p1a: Heatran|Magma Storm|p2a: Venusaur\n|-supereffective|p2a: Venusaur\n|-damage|p2a: Venusaur|0 fnt\n|faint|p2a: Venusaur\n|\n|-weather|SunnyDay|[upkeep]\n|-heal|p1a: Heatran|34\/100|[from] item: Leftovers\n|upkeep\n|\n|t:|1700543493\n|switch|p2a: Scyther|Scyther, F, shiny|100\/100\n|turn|9\n|\n|t:|1700543506\n|move|p2a: Scyther|U-turn|p1a: Heatran\n|-supereffective|p1a: Heatran\n|-damage|p1a: Heatran|0 fnt\n|faint|p1a: Heatran\n|\n|t:|1700543509\n|switch|p2a: Jolteon|Jolteon, F, shiny|100\/100|[from] U-turn\n|\n|-weather|none\n|-status|p2a: Jolteon|brn|[from] item: Flame Orb\n|upkeep\n|\n|t:|1700543532\n|switch|p1a: Diancie|Diancie|100\/100\n|turn|10\n|\n|t:|1700543537\n|detailschange|p1a: Diancie|Diancie-Mega\n|-mega|p1a: Diancie|Diancie|Diancite\n|move|p2a: Jolteon|Volt Switch|p1a: Diancie\n|-damage|p1a: Diancie|55\/100\n|\n|t:|1700543539\n|switch|p2a: Rhydon|Rhydon, F, shiny|84\/100|[from] Volt Switch\n|move|p1a: Diancie|Earth Power|p2a: Rhydon\n|-supereffective|p2a: Rhydon\n|-damage|p2a: Rhydon|36\/100\n|\n|upkeep\n|turn|11\n|\n|t:|1700543550\n|move|p1a: Diancie|Moonblast|p2a: Rhydon\n|-crit|p2a: Rhydon\n|-damage|p2a: Rhydon|0 fnt\n|faint|p2a: Rhydon\n|\n|upkeep\n|inactive|Battle timer is ON: inactive players will automatically lose when time's up. (requested by shuichi420)\n|\n|t:|1700543584\n|switch|p2a: Ninetales|Ninetales, M, shiny|100\/100\n|-weather|SunnyDay|[from] ability: Drought|[of] p2a: Ninetales\n|turn|12\n|\n|t:|1700543596\n|move|p2a: Ninetales|Solar Beam||[still]\n|-prepare|p2a: Ninetales|Solar Beam\n|-anim|p2a: Ninetales|Solar Beam|p1a: Diancie\n|-supereffective|p1a: Diancie\n|-damage|p1a: Diancie|0 fnt\n|faint|p1a: Diancie\n|\n|-weather|SunnyDay|[upkeep]\n|upkeep\n|inactive|shuichi420 has 120 seconds left.\n|\n|t:|1700543630\n|switch|p1a: Ogerpon|Ogerpon-Wellspring, F|100\/100\n|turn|13\n|\n|t:|1700543636\n|switch|p2a: Scyther|Scyther, F, shiny|100\/100\n|move|p1a: Ogerpon|Ivy Cudgel|p2a: Scyther|[anim] Ivy Cudgel Water\n|-damage|p2a: Scyther|59\/100\n|\n|-weather|SunnyDay|[upkeep]\n|upkeep\n|turn|14\n|\n|t:|1700543648\n|switch|p1a: Landorus|Landorus-Therian, M|65\/100\n|-ability|p1a: Landorus|Intimidate|boost\n|-unboost|p2a: Scyther|atk|1\n|move|p2a: Scyther|U-turn|p1a: Landorus\n|-resisted|p1a: Landorus\n|-damage|p1a: Landorus|53\/100\n|-damage|p2a: Scyther|42\/100|[from] item: Rocky Helmet|[of] p1a: Landorus\n|\n|t:|1700543669\n|switch|p2a: Jolteon|Jolteon, F, shiny|100\/100 brn|[from] U-turn\n|\n|-weather|SunnyDay|[upkeep]\n|-damage|p2a: Jolteon|94\/100 brn|[from] brn\n|upkeep\n|turn|15\n|\n|t:|1700543683\n|switch|p2a: Scyther|Scyther, F, shiny|42\/100\n|move|p1a: Landorus|Earthquake|p2a: Scyther\n|-immune|p2a: Scyther\n|\n|-weather|SunnyDay|[upkeep]\n|upkeep\n|turn|16\n|\n|t:|1700543690\n|move|p2a: Scyther|Dual Wingbeat|p1a: Landorus\n|-damage|p1a: Landorus|24\/100\n|-damage|p2a: Scyther|26\/100|[from] item: Rocky Helmet|[of] p1a: Landorus\n|-damage|p1a: Landorus|0 fnt\n|-damage|p2a: Scyther|10\/100|[from] item: Rocky Helmet|[of] p1a: Landorus\n|faint|p1a: Landorus\n|-hitcount|p1: Landorus|2\n|\n|-weather|none\n|upkeep\n|\n|t:|1700543701\n|switch|p1a: Ogerpon|Ogerpon-Wellspring, F|100\/100\n|turn|17\n|\n|t:|1700543704\n|switch|p2a: Ninetales|Ninetales, M, shiny|100\/100\n|-weather|SunnyDay|[from] ability: Drought|[of] p2a: Ninetales\n|move|p1a: Ogerpon|Ivy Cudgel|p2a: Ninetales|[anim] Ivy Cudgel Water\n|-supereffective|p2a: Ninetales\n|-damage|p2a: Ninetales|14\/100\n|\n|-weather|SunnyDay|[upkeep]\n|upkeep\n|turn|18\n|\n|t:|1700543711\n|move|p2a: Ninetales|Healing Wish|p2a: Ninetales\n|faint|p2a: Ninetales\n|move|p1a: Ogerpon|Ivy Cudgel|p2: Ninetales|[notarget]\n|-fail|p1a: Ogerpon\n|\n|-weather|SunnyDay|[upkeep]\n|upkeep\n|\n|t:|1700543716\n|switch|p2a: Scyther|Scyther, F, shiny|10\/100\n|-heal|p2a: Scyther|100\/100|[from] move: Healing Wish\n|turn|19\n|\n|t:|1700543723\n|switch|p1a: Slowbro|Slowbro, M|100\/100\n|move|p2a: Scyther|Dual Wingbeat|p1a: Slowbro|[miss]\n|-miss|p2a: Scyther|p1a: Slowbro\n|\n|-weather|SunnyDay|[upkeep]\n|upkeep\n|turn|20\n|\n|t:|1700543728\n|-terastallize|p2a: Scyther|Flying\n|move|p2a: Scyther|Dual Wingbeat|p1a: Slowbro\n|-damage|p1a: Slowbro|68\/100\n|-damage|p1a: Slowbro|36\/100\n|-hitcount|p1a: Slowbro|2\n|move|p1a: Slowbro|Future Sight|p2a: Scyther\n|-start|p1a: Slowbro|move: Future Sight\n|\n|-weather|SunnyDay|[upkeep]\n|upkeep\n|turn|21\n|\n|t:|1700543752\n|move|p2a: Scyther|Dual Wingbeat|p1a: Slowbro\n|-damage|p1a: Slowbro|3\/100\n|-damage|p1a: Slowbro|0 fnt\n|faint|p1a: Slowbro\n|-hitcount|p1: Slowbro|2\n|\n|-weather|none\n|upkeep\n|\n|t:|1700543755\n|switch|p1a: Zamazenta|Zamazenta|100\/100\n|-ability|p1a: Zamazenta|Dauntless Shield|boost\n|-boost|p1a: Zamazenta|def|1\n|turn|22\n|\n|t:|1700543761\n|move|p1a: Zamazenta|Iron Defense|p1a: Zamazenta\n|-boost|p1a: Zamazenta|def|2\n|move|p2a: Scyther|Dual Wingbeat|p1a: Zamazenta|[miss]\n|-miss|p2a: Scyther|p1a: Zamazenta\n|\n|-end|p2a: Scyther|move: Future Sight\n|-damage|p2a: Scyther|39\/100\n|upkeep\n|turn|23\n|c|\u2606Sirrawrz|zzz\n|-message|Sirrawrz forfeited.\n|\n|win|shuichi420\n|raw|shuichi420's rating: 1503 &rarr; <strong>1525<\/strong><br \/>(+22 for winning)\n|raw|Sirrawrz's rating: 1535 &rarr; <strong>1513<\/strong><br \/>(-22 for losing)\n|l|\u2606Sirrawrz\n","uploadtime":1700543776,"views":1,"p1id":"shuichi420","p2id":"sirrawrz","formatid":"gen9nationaldex","rating":1513,"private":0,"password":""}