{"id":"gen9nationaldex-1998069857","p1":"mannmilk","p2":"Onlymanever","format":"[Gen 9] National Dex","log":"|html|<div class=\"broadcast-blue\"><strong>[Gen 9] National Dex is currently suspecting Sneasler! For information on how to participate check out the <a href=\"https:\/\/www.smogon.com\/forums\/threads\/sv-national-dex-suspect-8-just-dance.3731534\/\">suspect thread<\/a>.<\/strong><\/div>\n|j|\u2606mannmilk\n|j|\u203dOnlymanever\n|t:|1700886562\n|gametype|singles\n|player|p1|mannmilk|clown|1091\n|player|p2|Onlymanever|lyra|1047\n|teamsize|p1|6\n|teamsize|p2|6\n|gen|9\n|tier|[Gen 9] National Dex\n|rated|\n|rule|HP Percentage Mod: HP is shown in percentages\n|rule|Endless Battle Clause: Forcing endless battles is banned\n|rule|OHKO Clause: OHKO moves are banned\n|rule|Evasion Clause: Evasion abilities, items, and moves are banned\n|rule|Evasion Abilities Clause: Evasion abilities are banned\n|rule|Evasion Items Clause: Evasion items are banned\n|rule|Evasion Moves Clause: Evasion moves are banned\n|rule|Species Clause: Limit one of each Pok\u00e9mon\n|rule|Sleep Clause Mod: Limit one foe put to sleep\n|clearpoke\n|poke|p1|Breloom, M|\n|poke|p1|Chandelure, F|\n|poke|p1|Tangrowth, F|\n|poke|p1|Torkoal, M|\n|poke|p1|Kartana|\n|poke|p1|Camerupt, F|\n|poke|p2|Samurott, F|\n|poke|p2|Musharna, M|\n|poke|p2|Emolga, F|\n|poke|p2|Durant, F|\n|poke|p2|Maractus, F|\n|poke|p2|Haxorus, F|\n|teampreview\n|\n|t:|1700886573\n|start\n|switch|p1a: touch fuzzy\ud83d\ude35\u200d\ud83d\udcab|Breloom, M, shiny|100\/100\n|switch|p2a: Samurott|Samurott, F|100\/100\n|turn|1\n|\n|t:|1700886583\n|switch|p2a: Emolga|Emolga, F|100\/100\n|move|p1a: touch fuzzy\ud83d\ude35\u200d\ud83d\udcab|Spore|p2a: Emolga\n|-status|p2a: Emolga|slp|[from] move: Spore\n|\n|upkeep\n|turn|2\n|\n|t:|1700886596\n|cant|p2a: Emolga|slp\n|move|p1a: touch fuzzy\ud83d\ude35\u200d\ud83d\udcab|Swords Dance|p1a: touch fuzzy\ud83d\ude35\u200d\ud83d\udcab\n|-boost|p1a: touch fuzzy\ud83d\ude35\u200d\ud83d\udcab|atk|2\n|\n|upkeep\n|turn|3\n|\n|t:|1700886602\n|-curestatus|p2a: Emolga|slp|[msg]\n|move|p2a: Emolga|Encore|p1a: touch fuzzy\ud83d\ude35\u200d\ud83d\udcab\n|-start|p1a: touch fuzzy\ud83d\ude35\u200d\ud83d\udcab|Encore\n|move|p1a: touch fuzzy\ud83d\ude35\u200d\ud83d\udcab|Swords Dance|p1a: touch fuzzy\ud83d\ude35\u200d\ud83d\udcab\n|-boost|p1a: touch fuzzy\ud83d\ude35\u200d\ud83d\udcab|atk|2\n|\n|upkeep\n|turn|4\n|\n|t:|1700886618\n|switch|p1a: Torkoal|Torkoal, M, shiny|100\/100\n|-weather|SunnyDay|[from] ability: Drought|[of] p1a: Torkoal\n|move|p2a: Emolga|Air Slash|p1a: Torkoal\n|-damage|p1a: Torkoal|61\/100\n|\n|-weather|SunnyDay|[upkeep]\n|upkeep\n|turn|5\n|inactive|Battle timer is ON: inactive players will automatically lose when time's up. (requested by Onlymanever)\n|\n|t:|1700886631\n|move|p2a: Emolga|Nuzzle|p1a: Torkoal\n|-damage|p1a: Torkoal|58\/100\n|-status|p1a: Torkoal|par\n|move|p1a: Torkoal|Stealth Rock|p2a: Emolga\n|-sidestart|p2: Onlymanever|move: Stealth Rock\n|\n|-weather|SunnyDay|[upkeep]\n|upkeep\n|turn|6\n|\n|t:|1700886644\n|switch|p1a: Camerupt|Camerupt, F, shiny|100\/100\n|move|p2a: Emolga|Encore||[still]\n|-fail|p2a: Emolga\n|\n|-weather|SunnyDay|[upkeep]\n|upkeep\n|turn|7\n|\n|t:|1700886656\n|detailschange|p1a: Camerupt|Camerupt-Mega, F, shiny\n|-mega|p1a: Camerupt|Camerupt|Cameruptite\n|-terastallize|p2a: Emolga|Water\n|move|p2a: Emolga|Air Slash|p1a: Camerupt\n|-damage|p1a: Camerupt|75\/100\n|move|p1a: Camerupt|Fire Blast|p2a: Emolga\n|-resisted|p2a: Emolga\n|-damage|p2a: Emolga|0 fnt\n|faint|p2a: Emolga\n|\n|-weather|SunnyDay|[upkeep]\n|upkeep\n|\n|t:|1700886670\n|switch|p2a: Samurott|Samurott, F|100\/100\n|-damage|p2a: Samurott|88\/100|[from] Stealth Rock\n|turn|8\n|\n|t:|1700886674\n|switch|p1a: Tangrowth|Tangrowth, F|100\/100\n|move|p2a: Samurott|Liquidation|p1a: Tangrowth\n|-resisted|p1a: Tangrowth\n|-damage|p1a: Tangrowth|93\/100\n|\n|-weather|SunnyDay|[upkeep]\n|-heal|p2a: Samurott|94\/100|[from] item: Leftovers\n|upkeep\n|turn|9\n|\n|t:|1700886686\n|switch|p2a: Durant|Durant, F|100\/100\n|-damage|p2a: Durant|88\/100|[from] Stealth Rock\n|move|p1a: Tangrowth|Sleep Powder|p2a: Durant\n|-status|p2a: Durant|slp|[from] move: Sleep Powder\n|\n|-weather|SunnyDay|[upkeep]\n|-heal|p2a: Durant|94\/100 slp|[from] item: Leftovers\n|upkeep\n|turn|10\n|\n|t:|1700886697\n|switch|p1a: touch fuzzy\ud83d\ude35\u200d\ud83d\udcab|Breloom, M, shiny|100\/100\n|cant|p2a: Durant|slp\n|\n|-weather|SunnyDay|[upkeep]\n|-heal|p2a: Durant|100\/100 slp|[from] item: Leftovers\n|upkeep\n|turn|11\n|\n|t:|1700886707\n|-curestatus|p2a: Durant|slp|[msg]\n|move|p2a: Durant|Iron Head|p1a: touch fuzzy\ud83d\ude35\u200d\ud83d\udcab\n|-damage|p1a: touch fuzzy\ud83d\ude35\u200d\ud83d\udcab|46\/100\n|move|p1a: touch fuzzy\ud83d\ude35\u200d\ud83d\udcab|Swords Dance|p1a: touch fuzzy\ud83d\ude35\u200d\ud83d\udcab\n|-boost|p1a: touch fuzzy\ud83d\ude35\u200d\ud83d\udcab|atk|2\n|\n|-weather|none\n|upkeep\n|turn|12\n|\n|t:|1700886717\n|move|p2a: Durant|Iron Head|p1a: touch fuzzy\ud83d\ude35\u200d\ud83d\udcab\n|-damage|p1a: touch fuzzy\ud83d\ude35\u200d\ud83d\udcab|0 fnt\n|faint|p1a: touch fuzzy\ud83d\ude35\u200d\ud83d\udcab\n|\n|upkeep\n|\n|t:|1700886725\n|switch|p1a: Torkoal|Torkoal, M, shiny|58\/100 par\n|-weather|SunnyDay|[from] ability: Drought|[of] p1a: Torkoal\n|turn|13\n|\n|t:|1700886735\n|move|p2a: Durant|Hone Claws|p2a: Durant\n|-boost|p2a: Durant|atk|1\n|-boost|p2a: Durant|accuracy|1\n|move|p1a: Torkoal|Overheat|p2a: Durant\n|-supereffective|p2a: Durant\n|-damage|p2a: Durant|0 fnt\n|-unboost|p1a: Torkoal|spa|2\n|faint|p2a: Durant\n|\n|-weather|SunnyDay|[upkeep]\n|upkeep\n|\n|t:|1700886746\n|switch|p2a: Haxorus|Haxorus, F|100\/100\n|-ability|p2a: Haxorus|Unnerve\n|-damage|p2a: Haxorus|88\/100|[from] Stealth Rock\n|turn|14\n|\n|t:|1700886756\n|move|p2a: Haxorus|Dragon Dance|p2a: Haxorus\n|-boost|p2a: Haxorus|atk|1\n|-boost|p2a: Haxorus|spe|1\n|move|p1a: Torkoal|Toxic|p2a: Haxorus\n|-status|p2a: Haxorus|tox\n|\n|-weather|SunnyDay|[upkeep]\n|-heal|p2a: Haxorus|94\/100 tox|[from] item: Leftovers\n|-damage|p2a: Haxorus|88\/100 tox|[from] psn\n|upkeep\n|turn|15\n|\n|t:|1700886769\n|switch|p1a: Tangrowth|Tangrowth, F|93\/100\n|move|p2a: Haxorus|Outrage|p1a: Tangrowth\n|-damage|p1a: Tangrowth|10\/100\n|\n|-weather|SunnyDay|[upkeep]\n|-heal|p2a: Haxorus|94\/100 tox|[from] item: Leftovers\n|-damage|p2a: Haxorus|82\/100 tox|[from] psn\n|upkeep\n|turn|16\n|\n|t:|1700886779\n|move|p2a: Haxorus|Outrage|p1a: Tangrowth|[from]lockedmove\n|-damage|p1a: Tangrowth|0 fnt\n|faint|p1a: Tangrowth\n|\n|-weather|SunnyDay|[upkeep]\n|-heal|p2a: Haxorus|88\/100 tox|[from] item: Leftovers\n|-damage|p2a: Haxorus|70\/100 tox|[from] psn\n|upkeep\n|\n|t:|1700886796\n|switch|p1a: Kartana|Kartana|100\/100\n|turn|17\n|\n|t:|1700886805\n|move|p2a: Haxorus|Outrage|p1a: Kartana|[from]lockedmove\n|-resisted|p1a: Kartana\n|-damage|p1a: Kartana|45\/100\n|-start|p2a: Haxorus|confusion|[fatigue]\n|move|p1a: Kartana|Smart Strike|p2a: Haxorus\n|-damage|p2a: Haxorus|8\/100 tox\n|\n|-weather|SunnyDay|[upkeep]\n|-heal|p2a: Haxorus|14\/100 tox|[from] item: Leftovers\n|-damage|p2a: Haxorus|0 fnt|[from] psn\n|faint|p2a: Haxorus\n|upkeep\n|\n|t:|1700886826\n|switch|p2a: Musharna|Musharna, M|100\/100\n|-damage|p2a: Musharna|88\/100|[from] Stealth Rock\n|turn|18\n|\n|t:|1700886832\n|move|p1a: Kartana|Solar Blade||[still]\n|-prepare|p1a: Kartana|Solar Blade\n|-anim|p1a: Kartana|Solar Blade|p2a: Musharna\n|-damage|p2a: Musharna|20\/100\n|move|p2a: Musharna|Psychic|p1a: Kartana\n|-resisted|p1a: Kartana\n|-damage|p1a: Kartana|0 fnt\n|faint|p1a: Kartana\n|\n|-weather|SunnyDay|[upkeep]\n|-heal|p2a: Musharna|26\/100|[from] item: Leftovers\n|upkeep\n|\n|t:|1700886842\n|switch|p1a: Chandelure|Chandelure, F|100\/100\n|turn|19\n|\n|t:|1700886848\n|move|p1a: Chandelure|Shadow Ball|p2a: Musharna\n|-supereffective|p2a: Musharna\n|-damage|p2a: Musharna|0 fnt\n|faint|p2a: Musharna\n|\n|-weather|SunnyDay|[upkeep]\n|upkeep\n|\n|t:|1700886869\n|switch|p2a: Samurott|Samurott, F|94\/100\n|-damage|p2a: Samurott|82\/100|[from] Stealth Rock\n|turn|20\n|\n|t:|1700886878\n|move|p1a: Chandelure|Endure|p1a: Chandelure\n|-singleturn|p1a: Chandelure|move: Endure\n|move|p2a: Samurott|Liquidation|p1a: Chandelure\n|-supereffective|p1a: Chandelure\n|-damage|p1a: Chandelure|49\/100\n|\n|-weather|none\n|-heal|p2a: Samurott|88\/100|[from] item: Leftovers\n|upkeep\n|turn|21\n|\n|t:|1700886887\n|move|p1a: Chandelure|Endure||[still]\n|-fail|p1a: Chandelure\n|move|p2a: Samurott|Liquidation|p1a: Chandelure\n|-supereffective|p1a: Chandelure\n|-damage|p1a: Chandelure|0 fnt\n|faint|p1a: Chandelure\n|\n|-heal|p2a: Samurott|94\/100|[from] item: Leftovers\n|upkeep\n|-message|mannmilk forfeited.\n|\n|win|Onlymanever\n|raw|mannmilk's rating: 1091 &rarr; <strong>1064<\/strong><br \/>(-27 for losing)\n|raw|Onlymanever's rating: 1047 &rarr; <strong>1084<\/strong><br \/>(+37 for winning)\n|l|\u2606mannmilk\n","uploadtime":1700886899,"views":1,"p1id":"mannmilk","p2id":"onlymanever","formatid":"gen9nationaldex","rating":1064,"private":0,"password":""}