{"id":"gen9nationaldex-1996479861","p1":"221savage","p2":"Dragonpetim","format":"[Gen 9] National Dex","log":"|html|<div class=\"broadcast-blue\"><strong>[Gen 9] National Dex is currently suspecting Sneasler! For information on how to participate check out the <a href=\"https:\/\/www.smogon.com\/forums\/threads\/sv-national-dex-suspect-8-just-dance.3731534\/\">suspect thread<\/a>.<\/strong><\/div>\n|j|\u2606221savage\n|j|\u2606Dragonpetim\n|t:|1700686066\n|gametype|singles\n|player|p1|221savage|266|1448\n|player|p2|Dragonpetim|red|1515\n|teamsize|p1|6\n|teamsize|p2|6\n|gen|9\n|tier|[Gen 9] National Dex\n|rated|\n|rule|HP Percentage Mod: HP is shown in percentages\n|rule|Endless Battle Clause: Forcing endless battles is banned\n|rule|OHKO Clause: OHKO moves are banned\n|rule|Evasion Clause: Evasion abilities, items, and moves are banned\n|rule|Evasion Abilities Clause: Evasion abilities are banned\n|rule|Evasion Items Clause: Evasion items are banned\n|rule|Evasion Moves Clause: Evasion moves are banned\n|rule|Species Clause: Limit one of each Pok\u00e9mon\n|rule|Sleep Clause Mod: Limit one foe put to sleep\n|clearpoke\n|poke|p1|Blastoise, F|\n|poke|p1|Banette, M|\n|poke|p1|Machamp, M|\n|poke|p1|Darmanitan, M|\n|poke|p1|Tsareena, F|\n|poke|p1|Toxtricity, M|\n|poke|p2|Charizard, M|\n|poke|p2|Regidrago|\n|poke|p2|Volcanion|\n|poke|p2|Lilligant-Hisui, F|\n|poke|p2|Torkoal, M|\n|poke|p2|Victini|\n|teampreview\n|c|\u2606221savage|hi\n|inactive|Battle timer is ON: inactive players will automatically lose when time's up. (requested by Dragonpetim)\n|c|\u2606Dragonpetim|hi\n|\n|t:|1700686077\n|start\n|switch|p1a: Banette|Banette, M|100\/100\n|switch|p2a: I s2 Charizard|Regidrago|100\/100\n|turn|1\n|\n|t:|1700686083\n|detailschange|p1a: Banette|Banette-Mega, M\n|-mega|p1a: Banette|Banette|Banettite\n|move|p1a: Banette|Destiny Bond|p1a: Banette\n|-singlemove|p1a: Banette|Destiny Bond\n|move|p2a: I s2 Charizard|Dragon Energy|p1a: Banette\n|-damage|p1a: Banette|0 fnt\n|faint|p1a: Banette\n|-activate|p1a: Banette|move: Destiny Bond\n|faint|p2a: I s2 Charizard\n|\n|upkeep\n|\n|t:|1700686111\n|switch|p2a: Charizard X|Charizard, M|100\/100\n|switch|p1a: Darmanitan|Darmanitan, M|100\/100\n|turn|2\n|\n|t:|1700686125\n|switch|p2a: (-)_.._(-)|Torkoal, M|100\/100\n|-weather|SunnyDay|[from] ability: Drought|[of] p2a: (-)_.._(-)\n|move|p1a: Darmanitan|Rock Slide|p2a: (-)_.._(-)\n|-supereffective|p2a: (-)_.._(-)\n|-damage|p2a: (-)_.._(-)|56\/100\n|\n|-weather|SunnyDay|[upkeep]\n|upkeep\n|turn|3\n|\n|t:|1700686133\n|move|p1a: Darmanitan|Rock Slide|p2a: (-)_.._(-)\n|-supereffective|p2a: (-)_.._(-)\n|-damage|p2a: (-)_.._(-)|9\/100\n|move|p2a: (-)_.._(-)|Yawn|p1a: Darmanitan\n|-start|p1a: Darmanitan|move: Yawn|[of] p2a: (-)_.._(-)\n|\n|-weather|SunnyDay|[upkeep]\n|upkeep\n|turn|4\n|\n|t:|1700686140\n|switch|p1a: Tsareena|Tsareena, F|100\/100\n|move|p2a: (-)_.._(-)|Stealth Rock|p1a: Tsareena\n|-sidestart|p1: 221savage|move: Stealth Rock\n|\n|-weather|SunnyDay|[upkeep]\n|upkeep\n|turn|5\n|\n|t:|1700686146\n|move|p1a: Tsareena|Rapid Spin|p2a: (-)_.._(-)\n|-damage|p2a: (-)_.._(-)|0 fnt\n|-boost|p1a: Tsareena|spe|1\n|-sideend|p1: 221savage|Stealth Rock|[from] move: Rapid Spin|[of] p1a: Tsareena\n|faint|p2a: (-)_.._(-)\n|\n|-weather|SunnyDay|[upkeep]\n|upkeep\n|\n|t:|1700686155\n|switch|p2a: Charizard's Son|Victini|100\/100\n|turn|6\n|c|\u2606221savage|aw frick\n|\n|t:|1700686167\n|move|p2a: Charizard's Son|V-create|p1a: Tsareena\n|-supereffective|p1a: Tsareena\n|-damage|p1a: Tsareena|0 fnt\n|-unboost|p2a: Charizard's Son|spe|1\n|-unboost|p2a: Charizard's Son|def|1\n|-unboost|p2a: Charizard's Son|spd|1\n|faint|p1a: Tsareena\n|\n|-weather|SunnyDay|[upkeep]\n|upkeep\n|\n|t:|1700686176\n|switch|p1a: Darmanitan|Darmanitan, M|100\/100\n|turn|7\n|\n|t:|1700686185\n|move|p1a: Darmanitan|Rock Slide|p2a: Charizard's Son\n|-supereffective|p2a: Charizard's Son\n|-damage|p2a: Charizard's Son|0 fnt\n|faint|p2a: Charizard's Son\n|\n|-weather|SunnyDay|[upkeep]\n|upkeep\n|\n|t:|1700686191\n|switch|p2a: Dancing|Lilligant-Hisui, F|100\/100\n|turn|8\n|\n|t:|1700686205\n|move|p2a: Dancing|Victory Dance|p2a: Dancing\n|-boost|p2a: Dancing|atk|1\n|-boost|p2a: Dancing|def|1\n|-boost|p2a: Dancing|spe|1\n|move|p1a: Darmanitan|Rock Slide|p2a: Dancing\n|-resisted|p2a: Dancing\n|-damage|p2a: Dancing|80\/100\n|\n|-weather|SunnyDay|[upkeep]\n|upkeep\n|turn|9\n|\n|t:|1700686215\n|switch|p1a: Toxtricity|Toxtricity, M|100\/100\n|move|p2a: Dancing|Victory Dance|p2a: Dancing\n|-boost|p2a: Dancing|atk|1\n|-boost|p2a: Dancing|def|1\n|-boost|p2a: Dancing|spe|1\n|\n|-weather|none\n|upkeep\n|turn|10\n|inactive|Dragonpetim has 120 seconds left.\n|\n|t:|1700686262\n|move|p2a: Dancing|Ice Spinner|p1a: Toxtricity\n|-damage|p1a: Toxtricity|25\/100\n|-damage|p2a: Dancing|70\/100|[from] item: Life Orb\n|move|p1a: Toxtricity|Sludge Wave|p2a: Dancing\n|-supereffective|p2a: Dancing\n|-damage|p2a: Dancing|0 fnt\n|faint|p2a: Dancing\n|\n|upkeep\n|\n|t:|1700686276\n|switch|p2a: I'm Torterra|Volcanion|100\/100\n|turn|11\n|\n|t:|1700686283\n|move|p1a: Toxtricity|Sludge Wave|p2a: I'm Torterra\n|-damage|p2a: I'm Torterra|28\/100\n|move|p2a: I'm Torterra|Steam Eruption|p1a: Toxtricity\n|-damage|p1a: Toxtricity|0 fnt\n|faint|p1a: Toxtricity\n|\n|upkeep\n|c|\u2606221savage|thats not torterra\n|c|\u2606Dragonpetim|this is\n|c|\u2606Dragonpetim|gg\n|c|\u2606221savage|gg\n|\n|t:|1700686308\n|switch|p1a: Darmanitan|Darmanitan, M|100\/100\n|turn|12\n|\n|t:|1700686313\n|-terastallize|p2a: I'm Torterra|Ground\n|move|p1a: Darmanitan|Rock Slide|p2a: I'm Torterra|[miss]\n|-miss|p1a: Darmanitan|p2a: I'm Torterra\n|move|p2a: I'm Torterra|Steam Eruption|p1a: Darmanitan\n|-supereffective|p1a: Darmanitan\n|-damage|p1a: Darmanitan|0 fnt\n|faint|p1a: Darmanitan\n|\n|upkeep\n|\n|t:|1700686321\n|switch|p1a: Blastoise|Blastoise, F|100\/100\n|turn|13\n|\n|t:|1700686324\n|move|p1a: Blastoise|Shell Smash|p1a: Blastoise\n|-unboost|p1a: Blastoise|def|1\n|-unboost|p1a: Blastoise|spd|1\n|-boost|p1a: Blastoise|atk|2\n|-boost|p1a: Blastoise|spa|2\n|-boost|p1a: Blastoise|spe|2\n|move|p2a: I'm Torterra|Haze|p2a: I'm Torterra\n|-clearallboost\n|\n|upkeep\n|turn|14\n|c|\u2606221savage|ok\n|\n|t:|1700686333\n|move|p1a: Blastoise|Ice Beam|p2a: I'm Torterra\n|-supereffective|p2a: I'm Torterra\n|-damage|p2a: I'm Torterra|0 fnt\n|faint|p2a: I'm Torterra\n|\n|upkeep\n|\n|t:|1700686338\n|switch|p2a: Charizard X|Charizard, M|100\/100\n|turn|15\n|c|\u2606221savage|maybe u got this still\n|\n|t:|1700686348\n|detailschange|p2a: Charizard X|Charizard-Mega-Y, M\n|-mega|p2a: Charizard X|Charizard|Charizardite Y\n|-weather|SunnyDay|[from] ability: Drought|[of] p2a: Charizard X\n|move|p2a: Charizard X|Attract|p1a: Blastoise\n|-start|p1a: Blastoise|Attract\n|-activate|p1a: Blastoise|move: Attract|[of] p2a: Charizard X\n|cant|p1a: Blastoise|Attract\n|\n|-weather|SunnyDay|[upkeep]\n|upkeep\n|turn|16\n|c|\u2606221savage|WHAT THE \u2014\n|c|\u2606Dragonpetim|XD\n|c|\u2606Dragonpetim|love power\n|\n|t:|1700686374\n|move|p2a: Charizard X|Solar Beam||[still]\n|-prepare|p2a: Charizard X|Solar Beam\n|-anim|p2a: Charizard X|Solar Beam|p1a: Blastoise\n|-supereffective|p1a: Blastoise\n|-damage|p1a: Blastoise|0 fnt\n|faint|p1a: Blastoise\n|\n|-weather|SunnyDay|[upkeep]\n|upkeep\n|\n|t:|1700686376\n|switch|p1a: Machamp|Machamp, M|100\/100\n|turn|17\n|c|\u2606221savage|with love anything is possible\n|c|\u2606221savage|they should make attract work for same gender\n|c|\u2606221savage|because 2023\n|inactive|221savage has 120 seconds left.\n|\n|t:|1700686399\n|-terastallize|p1a: Machamp|Rock\n|move|p2a: Charizard X|Air Slash|p1a: Machamp\n|-resisted|p1a: Machamp\n|-damage|p1a: Machamp|76\/100\n|move|p1a: Machamp|Stone Edge|p2a: Charizard X\n|-supereffective|p2a: Charizard X\n|-crit|p2a: Charizard X\n|-damage|p2a: Charizard X|0 fnt\n|faint|p2a: Charizard X\n|-damage|p1a: Machamp|66\/100|[from] item: Life Orb\n|\n|win|221savage\n|raw|221savage's rating: 1448 &rarr; <strong>1472<\/strong><br \/>(+24 for winning)\n|raw|Dragonpetim's rating: 1515 &rarr; <strong>1491<\/strong><br \/>(-24 for losing)\n|c|\u2606Dragonpetim|XD yes\n|c|\u2606Dragonpetim|oh no\n|c|\u2606Dragonpetim|XD\n|c|\u2606Dragonpetim|gg\n|c|\u2606221savage|haha gg\n|l|\u2606Dragonpetim\n","uploadtime":1700686421,"views":2,"p1id":"221savage","p2id":"dragonpetim","formatid":"gen9nationaldex","rating":1472,"private":0,"password":""}