{"id":"gen9nationaldex-1996328777","p1":"zhaizy","p2":"ronniedobbs","format":"[Gen 9] National Dex","log":"|html|<div class=\"broadcast-blue\"><strong>[Gen 9] National Dex is currently suspecting Sneasler! For information on how to participate check out the <a href=\"https:\/\/www.smogon.com\/forums\/threads\/sv-national-dex-suspect-8-just-dance.3731534\/\">suspect thread<\/a>.<\/strong><\/div>\n|j|\u2606zhaizy\n|j|\u2606ronniedobbs\n|t:|1700671640\n|gametype|singles\n|player|p1|zhaizy|fisherman|1201\n|player|p2|ronniedobbs|gentleman-gen4dp|1284\n|teamsize|p1|6\n|teamsize|p2|6\n|gen|9\n|tier|[Gen 9] National Dex\n|rated|\n|rule|HP Percentage Mod: HP is shown in percentages\n|rule|Endless Battle Clause: Forcing endless battles is banned\n|rule|OHKO Clause: OHKO moves are banned\n|rule|Evasion Clause: Evasion abilities, items, and moves are banned\n|rule|Evasion Abilities Clause: Evasion abilities are banned\n|rule|Evasion Items Clause: Evasion items are banned\n|rule|Evasion Moves Clause: Evasion moves are banned\n|rule|Species Clause: Limit one of each Pok\u00e9mon\n|rule|Sleep Clause Mod: Limit one foe put to sleep\n|clearpoke\n|poke|p1|Urshifu-*, M|\n|poke|p1|Zeraora|\n|poke|p1|Dugtrio, F|\n|poke|p1|Rillaboom, M|\n|poke|p1|Mienshao, M|\n|poke|p1|Tapu Fini|\n|poke|p2|Goodra-Hisui, M|\n|poke|p2|Zeraora|\n|poke|p2|Grimmsnarl, M|\n|poke|p2|Garchomp, M|\n|poke|p2|Iron Moth|\n|poke|p2|Mimikyu, F|\n|teampreview\n|\n|t:|1700671656\n|start\n|switch|p1a: Dugtrio|Dugtrio, F|100\/100\n|switch|p2a: dh peligro|Grimmsnarl, M, shiny|100\/100\n|turn|1\n|\n|t:|1700671662\n|move|p2a: dh peligro|Taunt|p1a: Dugtrio\n|-start|p1a: Dugtrio|move: Taunt\n|cant|p1a: Dugtrio|move: Taunt|Stealth Rock\n|\n|upkeep\n|turn|2\n|\n|t:|1700671670\n|move|p2a: dh peligro|Reflect|p2a: dh peligro\n|-sidestart|p2: ronniedobbs|Reflect\n|move|p1a: Dugtrio|Foul Play|p2a: dh peligro\n|-resisted|p2a: dh peligro\n|-damage|p2a: dh peligro|98\/100\n|\n|upkeep\n|turn|3\n|\n|t:|1700671676\n|move|p2a: dh peligro|Light Screen|p2a: dh peligro\n|-sidestart|p2: ronniedobbs|move: Light Screen\n|move|p1a: Dugtrio|Earthquake|p2a: dh peligro\n|-damage|p2a: dh peligro|73\/100\n|\n|-end|p1a: Dugtrio|move: Taunt\n|upkeep\n|turn|4\n|\n|t:|1700671685\n|move|p2a: dh peligro|Parting Shot|p1a: Dugtrio\n|-unboost|p1a: Dugtrio|atk|1\n|-unboost|p1a: Dugtrio|spa|1\n|\n|t:|1700671689\n|switch|p2a: gg allin|Garchomp, M, shiny|100\/100|[from] Parting Shot\n|move|p1a: Dugtrio|Stealth Rock|p2a: gg allin\n|-sidestart|p2: ronniedobbs|move: Stealth Rock\n|\n|upkeep\n|turn|5\n|\n|t:|1700671707\n|move|p1a: Dugtrio|Foul Play|p2a: gg allin\n|-damage|p2a: gg allin|85\/100\n|-damage|p1a: Dugtrio|88\/100|[from] ability: Rough Skin|[of] p2a: gg allin\n|move|p2a: gg allin|Swords Dance|p2a: gg allin\n|-boost|p2a: gg allin|atk|2\n|\n|upkeep\n|turn|6\n|\n|t:|1700671714\n|move|p1a: Dugtrio|Foul Play|p2a: gg allin\n|-damage|p2a: gg allin|54\/100\n|-damage|p1a: Dugtrio|76\/100|[from] ability: Rough Skin|[of] p2a: gg allin\n|move|p2a: gg allin|Earthquake|p1a: Dugtrio\n|-damage|p1a: Dugtrio|0 fnt\n|faint|p1a: Dugtrio\n|\n|upkeep\n|\n|t:|1700671736\n|switch|p1a: Tapu Fini|Tapu Fini|100\/100\n|-fieldstart|move: Misty Terrain|[from] ability: Misty Surge|[of] p1a: Tapu Fini\n|turn|7\n|\n|t:|1700671743\n|move|p2a: gg allin|Earthquake|p1a: Tapu Fini\n|-damage|p1a: Tapu Fini|22\/100\n|move|p1a: Tapu Fini|Moonblast|p2a: gg allin\n|-supereffective|p2a: gg allin\n|-damage|p2a: gg allin|23\/100\n|-unboost|p2a: gg allin|spa|1\n|\n|-heal|p1a: Tapu Fini|28\/100|[from] item: Leftovers\n|upkeep\n|turn|8\n|\n|t:|1700671752\n|move|p2a: gg allin|Earthquake|p1a: Tapu Fini\n|-damage|p1a: Tapu Fini|0 fnt\n|faint|p1a: Tapu Fini\n|\n|upkeep\n|\n|t:|1700671760\n|switch|p1a: Urshifu|Urshifu-Rapid-Strike, M|100\/100\n|turn|9\n|\n|t:|1700671764\n|-terastallize|p1a: Urshifu|Water\n|move|p2a: gg allin|Scale Shot|p1a: Urshifu\n|-damage|p1a: Urshifu|89\/100\n|-damage|p1a: Urshifu|75\/100\n|-damage|p1a: Urshifu|63\/100\n|-damage|p1a: Urshifu|51\/100\n|-damage|p1a: Urshifu|39\/100\n|-hitcount|p1a: Urshifu|5\n|-unboost|p2a: gg allin|def|1\n|-boost|p2a: gg allin|spe|1\n|move|p1a: Urshifu|Surging Strikes|p2a: gg allin\n|-crit|p2a: gg allin\n|-damage|p2a: gg allin|0 fnt\n|-damage|p1a: Urshifu|26\/100|[from] ability: Rough Skin|[of] p2a: gg allin\n|faint|p2a: gg allin\n|-hitcount|p2: gg allin|1\n|\n|-sideend|p2: ronniedobbs|Reflect\n|upkeep\n|\n|t:|1700671780\n|switch|p2a: adam yauch|Mimikyu, F, shiny|100\/100\n|-damage|p2a: adam yauch|88\/100|[from] Stealth Rock\n|turn|10\n|\n|t:|1700671784\n|move|p2a: adam yauch|Shadow Sneak|p1a: Urshifu\n|-damage|p1a: Urshifu|6\/100\n|-damage|p2a: adam yauch|78\/100|[from] item: Life Orb\n|move|p1a: Urshifu|Surging Strikes|p2a: adam yauch\n|-activate|p2a: adam yauch|ability: Disguise\n|-damage|p2a: adam yauch|78\/100\n|detailschange|p2a: adam yauch|Mimikyu-Busted, F, shiny\n|-damage|p2a: adam yauch|66\/100|[from] pokemon: Mimikyu-Busted\n|-crit|p2a: adam yauch\n|-damage|p2a: adam yauch|21\/100\n|-crit|p2a: adam yauch\n|-damage|p2a: adam yauch|0 fnt\n|faint|p2a: adam yauch\n|-hitcount|p2: adam yauch|3\n|\n|-sideend|p2: ronniedobbs|move: Light Screen\n|upkeep\n|\n|t:|1700671799\n|switch|p2a: ian curtis|Goodra-Hisui, M, shiny|100\/100\n|-damage|p2a: ian curtis|94\/100|[from] Stealth Rock\n|turn|11\n|\n|t:|1700671807\n|move|p1a: Urshifu|Close Combat|p2a: ian curtis\n|-supereffective|p2a: ian curtis\n|-damage|p2a: ian curtis|0 fnt\n|-unboost|p1a: Urshifu|def|1\n|-unboost|p1a: Urshifu|spd|1\n|faint|p2a: ian curtis\n|\n|-fieldend|Misty Terrain\n|upkeep\n|\n|t:|1700671814\n|switch|p2a: poly styrene|Iron Moth, shiny|100\/100\n|-damage|p2a: poly styrene|76\/100|[from] Stealth Rock\n|-enditem|p2a: poly styrene|Booster Energy\n|-activate|p2a: poly styrene|ability: Quark Drive|[fromitem]\n|-start|p2a: poly styrene|quarkdrivespe\n|turn|12\n|\n|t:|1700671821\n|move|p1a: Urshifu|Aqua Jet|p2a: poly styrene\n|-supereffective|p2a: poly styrene\n|-damage|p2a: poly styrene|0 fnt\n|faint|p2a: poly styrene\n|-end|p2a: poly styrene|Quark Drive|[silent]\n|\n|upkeep\n|-message|ronniedobbs forfeited.\n|\n|win|zhaizy\n|raw|zhaizy's rating: 1201 &rarr; <strong>1232<\/strong><br \/>(+31 for winning)\n|raw|ronniedobbs's rating: 1284 &rarr; <strong>1253<\/strong><br \/>(-31 for losing)\n|l|\u2606ronniedobbs\n","uploadtime":1700671831,"views":1,"p1id":"zhaizy","p2id":"ronniedobbs","formatid":"gen9nationaldex","rating":1232,"private":0,"password":""}