{"id":"gen9nationaldex-1995137362","p1":"Sirrawrz","p2":"chen170015098","format":"[Gen 9] National Dex","log":"|html|<div class=\"broadcast-blue\"><strong>[Gen 9] National Dex is currently suspecting Sneasler! For information on how to participate check out the <a href=\"https:\/\/www.smogon.com\/forums\/threads\/sv-national-dex-suspect-8-just-dance.3731534\/\">suspect thread<\/a>.<\/strong><\/div>\n|j|\u2606Sirrawrz\n|j|\u2606chen170015098\n|t:|1700526720\n|gametype|singles\n|player|p1|Sirrawrz|emmet|1499\n|player|p2|chen170015098|iris-gen5bw2|1575\n|teamsize|p1|6\n|teamsize|p2|6\n|gen|9\n|tier|[Gen 9] National Dex\n|rated|\n|rule|HP Percentage Mod: HP is shown in percentages\n|rule|Endless Battle Clause: Forcing endless battles is banned\n|rule|OHKO Clause: OHKO moves are banned\n|rule|Evasion Clause: Evasion abilities, items, and moves are banned\n|rule|Evasion Abilities Clause: Evasion abilities are banned\n|rule|Evasion Items Clause: Evasion items are banned\n|rule|Evasion Moves Clause: Evasion moves are banned\n|rule|Species Clause: Limit one of each Pok\u00e9mon\n|rule|Sleep Clause Mod: Limit one foe put to sleep\n|clearpoke\n|poke|p1|Ninetales, M|\n|poke|p1|Venusaur, M|\n|poke|p1|Jolteon, M|\n|poke|p1|Blastoise, M|\n|poke|p1|Rhydon, M|\n|poke|p1|Scyther, F|\n|poke|p2|Ogerpon-Cornerstone, F|\n|poke|p2|Landorus-Therian, M|\n|poke|p2|Alomomola, F|\n|poke|p2|Iron Moth|\n|poke|p2|Ting-Lu|\n|poke|p2|Ampharos, M|\n|teampreview\n|\n|t:|1700526733\n|start\n|switch|p1a: Scyther|Scyther, F, shiny|100\/100\n|switch|p2a: Ting-Lu|Ting-Lu|100\/100\n|-ability|p2a: Ting-Lu|Vessel of Ruin\n|turn|1\n|\n|t:|1700526742\n|switch|p2a: Iron Moth|Iron Moth|100\/100\n|move|p1a: Scyther|U-turn|p2a: Iron Moth\n|-resisted|p2a: Iron Moth\n|-damage|p2a: Iron Moth|80\/100\n|inactive|Battle timer is ON: inactive players will automatically lose when time's up. (requested by chen170015098)\n|\n|t:|1700526750\n|switch|p1a: Rhydon|Rhydon, M, shiny|100\/100|[from] U-turn\n|\n|upkeep\n|turn|2\n|\n|t:|1700526767\n|switch|p1a: Scyther|Scyther, F, shiny|100\/100\n|move|p2a: Iron Moth|Energy Ball|p1a: Scyther\n|-resisted|p1a: Scyther\n|-damage|p1a: Scyther|87\/100\n|\n|upkeep\n|turn|3\n|\n|t:|1700526784\n|-end|p2a: Iron Moth|Quark Drive|[silent]\n|switch|p2a: Landorus|Landorus-Therian, M|100\/100\n|-ability|p2a: Landorus|Intimidate|boost\n|-unboost|p1a: Scyther|atk|1\n|switch|p1a: Blastoise|Blastoise, M, shiny|100\/100\n|\n|upkeep\n|turn|4\n|\n|t:|1700526790\n|-zpower|p2a: Landorus\n|move|p2a: Landorus|Supersonic Skystrike|p1a: Blastoise|[zeffect]\n|-damage|p1a: Blastoise|27\/100\n|move|p1a: Blastoise|Flip Turn|p2a: Landorus\n|-supereffective|p2a: Landorus\n|-damage|p2a: Landorus|64\/100\n|\n|t:|1700526799\n|switch|p1a: Scyther|Scyther, F, shiny|87\/100|[from] Flip Turn\n|\n|upkeep\n|turn|5\n|\n|t:|1700526803\n|switch|p2a: Alomomola|Alomomola, F|100\/100\n|move|p1a: Scyther|Dual Wingbeat|p2a: Alomomola\n|-damage|p2a: Alomomola|76\/100\n|-damage|p2a: Alomomola|53\/100\n|-hitcount|p2a: Alomomola|2\n|\n|-heal|p2a: Alomomola|59\/100|[from] item: Leftovers\n|upkeep\n|turn|6\n|\n|t:|1700526809\n|-terastallize|p1a: Scyther|Flying\n|move|p1a: Scyther|Dual Wingbeat|p2a: Alomomola\n|-damage|p2a: Alomomola|26\/100\n|-damage|p2a: Alomomola|0 fnt\n|faint|p2a: Alomomola\n|-hitcount|p2: Alomomola|2\n|\n|upkeep\n|\n|t:|1700526816\n|switch|p2a: Ogerpon|Ogerpon-Cornerstone, F|100\/100\n|turn|7\n|\n|t:|1700526822\n|switch|p1a: Blastoise|Blastoise, M, shiny|27\/100\n|move|p2a: Ogerpon|Knock Off|p1a: Blastoise\n|-damage|p1a: Blastoise|0 fnt\n|-enditem|p1a: Blastoise|Assault Vest|[from] move: Knock Off|[of] p2a: Ogerpon\n|faint|p1a: Blastoise\n|\n|upkeep\n|\n|t:|1700526833\n|switch|p1a: Venusaur|Venusaur, M, shiny|100\/100\n|turn|8\n|\n|t:|1700526848\n|switch|p2a: Iron Moth|Iron Moth|80\/100\n|move|p1a: Venusaur|Earth Power|p2a: Iron Moth\n|-supereffective|p2a: Iron Moth\n|-damage|p2a: Iron Moth|0 fnt\n|faint|p2a: Iron Moth\n|-end|p2a: Iron Moth|Quark Drive|[silent]\n|-damage|p1a: Venusaur|91\/100|[from] item: Life Orb\n|\n|upkeep\n|\n|t:|1700526864\n|switch|p2a: Landorus|Landorus-Therian, M|64\/100\n|-ability|p2a: Landorus|Intimidate|boost\n|-unboost|p1a: Venusaur|atk|1\n|turn|9\n|\n|t:|1700526868\n|switch|p1a: Rhydon|Rhydon, M, shiny|100\/100\n|move|p2a: Landorus|Fly||[still]\n|-prepare|p2a: Landorus|Fly\n|\n|upkeep\n|turn|10\n|\n|t:|1700526872\n|move|p2a: Landorus|Fly|p1a: Rhydon|[from]lockedmove\n|-resisted|p1a: Rhydon\n|-damage|p1a: Rhydon|86\/100\n|move|p1a: Rhydon|Stealth Rock|p2a: Landorus\n|-sidestart|p2: chen170015098|move: Stealth Rock\n|\n|upkeep\n|turn|11\n|\n|t:|1700526878\n|move|p2a: Landorus|Defog|p1a: Rhydon\n|-unboost|p1a: Rhydon|evasion|1\n|-sideend|p2: chen170015098|Stealth Rock|[from] move: Defog|[of] p2a: Landorus\n|move|p1a: Rhydon|Avalanche|p2a: Landorus\n|-supereffective|p2a: Landorus\n|-damage|p2a: Landorus|0 fnt\n|faint|p2a: Landorus\n|\n|upkeep\n|\n|t:|1700526884\n|switch|p2a: Ogerpon|Ogerpon-Cornerstone, F|100\/100\n|turn|12\n|\n|t:|1700526888\n|move|p2a: Ogerpon|Ivy Cudgel|p1a: Rhydon|[anim] Ivy Cudgel Rock\n|-resisted|p1a: Rhydon\n|-damage|p1a: Rhydon|73\/100\n|move|p1a: Rhydon|Superpower|p2a: Ogerpon\n|-supereffective|p2a: Ogerpon\n|-damage|p2a: Ogerpon|7\/100\n|-unboost|p1a: Rhydon|atk|1\n|-unboost|p1a: Rhydon|def|1\n|\n|upkeep\n|turn|13\n|\n|t:|1700526896\n|move|p2a: Ogerpon|Horn Leech|p1a: Rhydon\n|-supereffective|p1a: Rhydon\n|-damage|p1a: Rhydon|0 fnt\n|-heal|p2a: Ogerpon|57\/100|[from] drain|[of] p1a: Rhydon\n|faint|p1a: Rhydon\n|\n|upkeep\n|\n|t:|1700526904\n|switch|p1a: Ninetales|Ninetales, M, shiny|100\/100\n|-weather|SunnyDay|[from] ability: Drought|[of] p1a: Ninetales\n|turn|14\n|\n|t:|1700526919\n|switch|p2a: Ampharos|Ampharos, M|100\/100\n|move|p1a: Ninetales|Weather Ball|p2a: Ampharos\n|-damage|p2a: Ampharos|48\/100\n|\n|-weather|SunnyDay|[upkeep]\n|upkeep\n|turn|15\n|\n|t:|1700526924\n|switch|p1a: Venusaur|Venusaur, M, shiny|91\/100\n|detailschange|p2a: Ampharos|Ampharos-Mega, M\n|-mega|p2a: Ampharos|Ampharos|Ampharosite\n|-ability|p2a: Ampharos|Mold Breaker\n|move|p2a: Ampharos|Thunder Wave|p1a: Venusaur\n|-status|p1a: Venusaur|par\n|\n|-weather|SunnyDay|[upkeep]\n|upkeep\n|turn|16\n|\n|t:|1700526934\n|move|p1a: Venusaur|Earth Power|p2a: Ampharos\n|-supereffective|p2a: Ampharos\n|-damage|p2a: Ampharos|0 fnt\n|faint|p2a: Ampharos\n|-damage|p1a: Venusaur|81\/100 par|[from] item: Life Orb\n|\n|-weather|SunnyDay|[upkeep]\n|upkeep\n|\n|t:|1700526947\n|switch|p2a: Ogerpon|Ogerpon-Cornerstone, F|57\/100\n|turn|17\n|\n|t:|1700526956\n|switch|p1a: Jolteon|Jolteon, M, shiny|100\/100\n|move|p2a: Ogerpon|Knock Off|p1a: Jolteon\n|-damage|p1a: Jolteon|30\/100\n|-enditem|p1a: Jolteon|Flame Orb|[from] move: Knock Off|[of] p2a: Ogerpon\n|\n|-weather|SunnyDay|[upkeep]\n|upkeep\n|turn|18\n|\n|t:|1700526969\n|switch|p2a: Ting-Lu|Ting-Lu|100\/100\n|-ability|p2a: Ting-Lu|Vessel of Ruin\n|move|p1a: Jolteon|Weather Ball|p2a: Ting-Lu\n|-damage|p2a: Ting-Lu|80\/100\n|\n|-weather|none\n|-heal|p2a: Ting-Lu|86\/100|[from] item: Leftovers\n|upkeep\n|turn|19\n|\n|t:|1700526974\n|switch|p1a: Scyther|Scyther, F, shiny, tera:Flying|87\/100\n|move|p2a: Ting-Lu|Stealth Rock|p1a: Scyther\n|-sidestart|p1: Sirrawrz|move: Stealth Rock\n|\n|-heal|p2a: Ting-Lu|92\/100|[from] item: Leftovers\n|upkeep\n|turn|20\n|\n|t:|1700526991\n|-terastallize|p2a: Ting-Lu|Poison\n|move|p1a: Scyther|U-turn|p2a: Ting-Lu\n|-resisted|p2a: Ting-Lu\n|-damage|p2a: Ting-Lu|78\/100\n|\n|t:|1700526995\n|switch|p1a: Venusaur|Venusaur, M, shiny|81\/100 par|[from] U-turn\n|-damage|p1a: Venusaur|68\/100 par|[from] Stealth Rock\n|move|p2a: Ting-Lu|Whirlwind|p1a: Venusaur\n|drag|p1a: Ninetales|Ninetales, M, shiny|100\/100\n|-damage|p1a: Ninetales|76\/100|[from] Stealth Rock\n|-weather|SunnyDay|[from] ability: Drought|[of] p1a: Ninetales\n|\n|-weather|SunnyDay|[upkeep]\n|-heal|p2a: Ting-Lu|85\/100|[from] item: Leftovers\n|upkeep\n|turn|21\n|\n|t:|1700527013\n|switch|p1a: Jolteon|Jolteon, M, shiny|30\/100\n|-damage|p1a: Jolteon|17\/100|[from] Stealth Rock\n|move|p2a: Ting-Lu|Earthquake|p1a: Jolteon\n|-supereffective|p1a: Jolteon\n|-damage|p1a: Jolteon|0 fnt\n|faint|p1a: Jolteon\n|\n|-weather|SunnyDay|[upkeep]\n|-heal|p2a: Ting-Lu|91\/100|[from] item: Leftovers\n|upkeep\n|\n|t:|1700527017\n|switch|p1a: Scyther|Scyther, F, shiny, tera:Flying|87\/100\n|-damage|p1a: Scyther|62\/100|[from] Stealth Rock\n|turn|22\n|\n|t:|1700527025\n|move|p1a: Scyther|Dual Wingbeat|p2a: Ting-Lu\n|-damage|p2a: Ting-Lu|58\/100\n|-damage|p2a: Ting-Lu|24\/100\n|-hitcount|p2a: Ting-Lu|2\n|move|p2a: Ting-Lu|Whirlwind|p1a: Scyther\n|drag|p1a: Venusaur|Venusaur, M, shiny|68\/100 par\n|-damage|p1a: Venusaur|56\/100 par|[from] Stealth Rock\n|\n|-weather|SunnyDay|[upkeep]\n|-heal|p2a: Ting-Lu|30\/100|[from] item: Leftovers\n|upkeep\n|turn|23\n|\n|t:|1700527041\n|switch|p2a: Ogerpon|Ogerpon-Cornerstone, F|57\/100\n|move|p1a: Venusaur|Weather Ball|p2a: Ogerpon\n|-damage|p2a: Ogerpon|0 fnt\n|faint|p2a: Ogerpon\n|-damage|p1a: Venusaur|46\/100 par|[from] item: Life Orb\n|\n|-weather|SunnyDay|[upkeep]\n|upkeep\n|\n|t:|1700527047\n|switch|p2a: Ting-Lu|Ting-Lu, tera:Poison|30\/100\n|-ability|p2a: Ting-Lu|Vessel of Ruin\n|turn|24\n|\n|t:|1700527050\n|cant|p1a: Venusaur|par\n|move|p2a: Ting-Lu|Earthquake|p1a: Venusaur\n|-damage|p1a: Venusaur|0 fnt\n|faint|p1a: Venusaur\n|\n|-weather|none\n|-heal|p2a: Ting-Lu|36\/100|[from] item: Leftovers\n|upkeep\n|\n|t:|1700527054\n|switch|p1a: Scyther|Scyther, F, shiny, tera:Flying|62\/100\n|-damage|p1a: Scyther|37\/100|[from] Stealth Rock\n|turn|25\n|-message|chen170015098 forfeited.\n|\n|win|Sirrawrz\n|raw|Sirrawrz's rating: 1499 &rarr; <strong>1523<\/strong><br \/>(+24 for winning)\n|raw|chen170015098's rating: 1575 &rarr; <strong>1551<\/strong><br \/>(-24 for losing)\n|l|\u2606chen170015098\n","uploadtime":1700527270,"views":1,"p1id":"sirrawrz","p2id":"chen170015098","formatid":"gen9nationaldex","rating":1523,"private":0,"password":""}