{"id":"gen9nationaldex-1993445124","p1":"shenban","p2":"Anhkiet","format":"[Gen 9] National Dex","log":"|j|\u2606shenban\n|j|\u2606Anhkiet\n|t:|1700318794\n|gametype|singles\n|player|p1|shenban|drayden|1516\n|player|p2|Anhkiet|102|1595\n|teamsize|p1|6\n|teamsize|p2|6\n|gen|9\n|tier|[Gen 9] National Dex\n|rated|\n|rule|HP Percentage Mod: HP is shown in percentages\n|rule|Endless Battle Clause: Forcing endless battles is banned\n|rule|OHKO Clause: OHKO moves are banned\n|rule|Evasion Clause: Evasion abilities, items, and moves are banned\n|rule|Evasion Abilities Clause: Evasion abilities are banned\n|rule|Evasion Items Clause: Evasion items are banned\n|rule|Evasion Moves Clause: Evasion moves are banned\n|rule|Species Clause: Limit one of each Pok\u00e9mon\n|rule|Sleep Clause Mod: Limit one foe put to sleep\n|clearpoke\n|poke|p1|Garchomp, M|\n|poke|p1|Zapdos|\n|poke|p1|Blissey, F|\n|poke|p1|Urshifu-*, M|\n|poke|p1|Volcarona, M|\n|poke|p1|Banette, M|\n|poke|p2|Pelipper, M|\n|poke|p2|Gorebyss, F|\n|poke|p2|Barraskewda, M|\n|poke|p2|Ogerpon-Wellspring, F|\n|poke|p2|Beedrill, F|\n|poke|p2|Blacephalon|\n|teampreview\n|\n|t:|1700318807\n|start\n|switch|p1a: Zapdos|Zapdos|100\/100\n|switch|p2a: Ogerpon|Ogerpon-Wellspring, F|100\/100\n|turn|1\n|inactive|Battle timer is ON: inactive players will automatically lose when time's up. (requested by Anhkiet)\n|\n|t:|1700318816\n|move|p2a: Ogerpon|Ivy Cudgel|p1a: Zapdos|[anim] Ivy Cudgel Water\n|-crit|p1a: Zapdos\n|-damage|p1a: Zapdos|33\/100\n|move|p1a: Zapdos|Hurricane|p2a: Ogerpon\n|-supereffective|p2a: Ogerpon\n|-damage|p2a: Ogerpon|0 fnt\n|faint|p2a: Ogerpon\n|\n|upkeep\n|inactive|Anhkiet has 120 seconds left.\n|inactive|Anhkiet has 90 seconds left.\n|\n|t:|1700318888\n|switch|p2a: Beedrill|Beedrill, F|100\/100\n|turn|2\n|\n|t:|1700318896\n|detailschange|p2a: Beedrill|Beedrill-Mega, F\n|-mega|p2a: Beedrill|Beedrill|Beedrillite\n|move|p2a: Beedrill|Swords Dance|p2a: Beedrill\n|-boost|p2a: Beedrill|atk|2\n|move|p1a: Zapdos|Roost|p1a: Zapdos\n|-heal|p1a: Zapdos|83\/100\n|-singleturn|p1a: Zapdos|move: Roost\n|\n|upkeep\n|turn|3\n|inactive|Anhkiet has 90 seconds left.\n|\n|t:|1700318908\n|move|p2a: Beedrill|Poison Jab|p1a: Zapdos\n|-damage|p1a: Zapdos|0 fnt\n|faint|p1a: Zapdos\n|\n|upkeep\n|\n|t:|1700318915\n|switch|p1a: Banette|Banette, M|100\/100\n|turn|4\n|\n|t:|1700318923\n|detailschange|p1a: Banette|Banette-Mega, M\n|-mega|p1a: Banette|Banette|Banettite\n|move|p1a: Banette|Destiny Bond|p1a: Banette\n|-singlemove|p1a: Banette|Destiny Bond\n|move|p2a: Beedrill|Poison Jab|p1a: Banette\n|-resisted|p1a: Banette\n|-damage|p1a: Banette|5\/100\n|\n|upkeep\n|turn|5\n|\n|t:|1700318937\n|move|p2a: Beedrill|Fell Stinger|p1a: Banette\n|-resisted|p1a: Banette\n|-damage|p1a: Banette|0 fnt\n|faint|p1a: Banette\n|-activate|p1a: Banette|move: Destiny Bond\n|faint|p2a: Beedrill\n|\n|upkeep\n|\n|t:|1700318948\n|switch|p2a: Pelipper|Pelipper, M|100\/100\n|switch|p1a: Garchomp|Garchomp, M|100\/100\n|-weather|RainDance|[from] ability: Drizzle|[of] p2a: Pelipper\n|turn|6\n|\n|t:|1700318969\n|switch|p1a: Blissey|Blissey, F|100\/100\n|move|p2a: Pelipper|Scald|p1a: Blissey\n|-damage|p1a: Blissey|84\/100\n|\n|-weather|RainDance|[upkeep]\n|-heal|p1a: Blissey|90\/100|[from] item: Leftovers\n|upkeep\n|turn|7\n|inactive|shenban has 120 seconds left.\n|\n|t:|1700319017\n|switch|p1a: Urshifu|Urshifu-Rapid-Strike, M|100\/100\n|move|p2a: Pelipper|U-turn|p1a: Urshifu\n|-resisted|p1a: Urshifu\n|-damage|p1a: Urshifu|96\/100\n|\n|t:|1700319023\n|switch|p2a: Barraskewda|Barraskewda, M|100\/100|[from] U-turn\n|\n|-weather|RainDance|[upkeep]\n|upkeep\n|turn|8\n|\n|t:|1700319031\n|move|p2a: Barraskewda|Psychic Fangs|p1a: Urshifu\n|-supereffective|p1a: Urshifu\n|-damage|p1a: Urshifu|6\/100\n|move|p1a: Urshifu|Close Combat|p2a: Barraskewda\n|-damage|p2a: Barraskewda|0 fnt\n|-unboost|p1a: Urshifu|def|1\n|-unboost|p1a: Urshifu|spd|1\n|faint|p2a: Barraskewda\n|\n|-weather|RainDance|[upkeep]\n|upkeep\n|inactive|Anhkiet has 120 seconds left.\n|\n|t:|1700319045\n|switch|p2a: Blacephalon|Blacephalon|100\/100\n|turn|9\n|\n|t:|1700319050\n|switch|p1a: Blissey|Blissey, F|90\/100\n|-terastallize|p2a: Blacephalon|Dark\n|move|p2a: Blacephalon|Knock Off|p1a: Blissey\n|-damage|p1a: Blissey|11\/100\n|-enditem|p1a: Blissey|Leftovers|[from] move: Knock Off|[of] p2a: Blacephalon\n|\n|-weather|RainDance|[upkeep]\n|upkeep\n|turn|10\n|\n|t:|1700319063\n|move|p2a: Blacephalon|Knock Off|p1a: Blissey\n|-damage|p1a: Blissey|0 fnt\n|faint|p1a: Blissey\n|-ability|p2a: Blacephalon|Beast Boost|boost\n|-boost|p2a: Blacephalon|spa|1\n|\n|-weather|RainDance|[upkeep]\n|upkeep\n|inactive|shenban has 120 seconds left.\n|\n|t:|1700319083\n|switch|p1a: Urshifu|Urshifu-Rapid-Strike, M|6\/100\n|turn|11\n|\n|t:|1700319088\n|move|p2a: Blacephalon|Knock Off|p1a: Urshifu\n|-resisted|p1a: Urshifu\n|-damage|p1a: Urshifu|0 fnt\n|-enditem|p1a: Urshifu|Choice Scarf|[from] move: Knock Off|[of] p2a: Blacephalon\n|faint|p1a: Urshifu\n|-ability|p2a: Blacephalon|Beast Boost|boost\n|-boost|p2a: Blacephalon|spa|1\n|\n|-weather|RainDance|[upkeep]\n|upkeep\n|\n|t:|1700319099\n|switch|p1a: Volcarona|Volcarona, M|100\/100\n|turn|12\n|inactive|Anhkiet has 120 seconds left.\n|inactive|Anhkiet has 90 seconds left.\n|\n|t:|1700319163\n|move|p2a: Blacephalon|Knock Off|p1a: Volcarona\n|-damage|p1a: Volcarona|34\/100\n|-status|p2a: Blacephalon|brn|[from] ability: Flame Body|[of] p1a: Volcarona\n|-enditem|p1a: Volcarona|Heavy-Duty Boots|[from] move: Knock Off|[of] p2a: Blacephalon\n|move|p1a: Volcarona|Quiver Dance|p1a: Volcarona\n|-boost|p1a: Volcarona|spa|1\n|-boost|p1a: Volcarona|spd|1\n|-boost|p1a: Volcarona|spe|1\n|\n|-weather|RainDance|[upkeep]\n|-damage|p2a: Blacephalon|94\/100 brn|[from] brn\n|upkeep\n|turn|13\n|inactive|shenban has 120 seconds left.\n|\n|t:|1700319179\n|move|p2a: Blacephalon|Knock Off|p1a: Volcarona\n|-damage|p1a: Volcarona|13\/100\n|move|p1a: Volcarona|Bug Buzz|p2a: Blacephalon\n|-supereffective|p2a: Blacephalon\n|-damage|p2a: Blacephalon|0 fnt\n|faint|p2a: Blacephalon\n|\n|-weather|none\n|upkeep\n|\n|t:|1700319184\n|switch|p2a: Pelipper|Pelipper, M|100\/100\n|-weather|RainDance|[from] ability: Drizzle|[of] p2a: Pelipper\n|turn|14\n|inactive|shenban has 120 seconds left.\n|\n|t:|1700319189\n|-terastallize|p1a: Volcarona|Grass\n|move|p1a: Volcarona|Giga Drain|p2a: Pelipper\n|-damage|p2a: Pelipper|0 fnt\n|-heal|p1a: Volcarona|55\/100|[from] drain|[of] p2a: Pelipper\n|faint|p2a: Pelipper\n|\n|-weather|RainDance|[upkeep]\n|upkeep\n|\n|t:|1700319190\n|switch|p2a: Gorebyss|Gorebyss, F|100\/100\n|turn|15\n|\n|t:|1700319196\n|move|p1a: Volcarona|Giga Drain|p2a: Gorebyss\n|-supereffective|p2a: Gorebyss\n|-enditem|p2a: Gorebyss|Focus Sash\n|-damage|p2a: Gorebyss|1\/100\n|-heal|p1a: Volcarona|95\/100|[from] drain|[of] p2a: Gorebyss\n|move|p2a: Gorebyss|Shell Smash|p2a: Gorebyss\n|-unboost|p2a: Gorebyss|def|1\n|-unboost|p2a: Gorebyss|spd|1\n|-boost|p2a: Gorebyss|atk|2\n|-boost|p2a: Gorebyss|spa|2\n|-boost|p2a: Gorebyss|spe|2\n|\n|-weather|RainDance|[upkeep]\n|upkeep\n|turn|16\n|\n|t:|1700319205\n|move|p2a: Gorebyss|Ice Beam|p1a: Volcarona\n|-supereffective|p1a: Volcarona\n|-damage|p1a: Volcarona|15\/100\n|-status|p1a: Volcarona|frz\n|cant|p1a: Volcarona|frz\n|\n|-weather|RainDance|[upkeep]\n|upkeep\n|turn|17\n|\n|t:|1700319219\n|move|p2a: Gorebyss|Surf|p1a: Volcarona\n|-resisted|p1a: Volcarona\n|-damage|p1a: Volcarona|0 fnt\n|faint|p1a: Volcarona\n|\n|-weather|RainDance|[upkeep]\n|upkeep\n|c|\u2606Anhkiet|gg\n|\n|t:|1700319224\n|switch|p1a: Garchomp|Garchomp, M|100\/100\n|turn|18\n|-message|shenban forfeited.\n|\n|win|Anhkiet\n|raw|shenban's rating: 1516 &rarr; <strong>1500<\/strong><br \/>(-16 for losing)\n|raw|Anhkiet's rating: 1593 &rarr; <strong>1609<\/strong><br \/>(+16 for winning)\n|l|\u2606shenban\n","uploadtime":1700319235,"views":7,"p1id":"shenban","p2id":"anhkiet","formatid":"gen9nationaldex","rating":1500,"private":0,"password":""}