{"id":"gen9nationaldex-1997849347","p1":"sofiene","p2":"Kenoko","format":"[Gen 9] National Dex","log":"|html|<div class=\"broadcast-blue\"><strong>[Gen 9] National Dex is currently suspecting Sneasler! For information on how to participate check out the <a href=\"https:\/\/www.smogon.com\/forums\/threads\/sv-national-dex-suspect-8-just-dance.3731534\/\">suspect thread<\/a>.<\/strong><\/div>\n|j|\u2606sofiene\n|j|\u2606Kenoko\n|t:|1700859474\n|gametype|singles\n|player|p1|sofiene|lucas|1178\n|player|p2|Kenoko|cameraman|1095\n|teamsize|p1|6\n|teamsize|p2|6\n|gen|9\n|tier|[Gen 9] National Dex\n|rated|\n|rule|HP Percentage Mod: HP is shown in percentages\n|rule|Endless Battle Clause: Forcing endless battles is banned\n|rule|OHKO Clause: OHKO moves are banned\n|rule|Evasion Clause: Evasion abilities, items, and moves are banned\n|rule|Evasion Abilities Clause: Evasion abilities are banned\n|rule|Evasion Items Clause: Evasion items are banned\n|rule|Evasion Moves Clause: Evasion moves are banned\n|rule|Species Clause: Limit one of each Pok\u00e9mon\n|rule|Sleep Clause Mod: Limit one foe put to sleep\n|clearpoke\n|poke|p1|Blaziken, M|\n|poke|p1|Gardevoir, F|\n|poke|p1|Shiftry, F|\n|poke|p1|Latios, M|\n|poke|p1|Milotic, F|\n|poke|p1|Banette, M|\n|poke|p2|Kyurem|\n|poke|p2|Corviknight, M|\n|poke|p2|Lopunny, M|\n|poke|p2|Blacephalon|\n|poke|p2|Amoonguss, M|\n|poke|p2|Urshifu-*, F|\n|teampreview\n|inactive|Battle timer is ON: inactive players will automatically lose when time's up. (requested by sofiene)\n|\n|t:|1700859485\n|start\n|switch|p1a: Milotic|Milotic, F|100\/100\n|switch|p2a: Lopunny|Lopunny, M|100\/100\n|turn|1\n|\n|t:|1700859491\n|switch|p2a: Amoonguss|Amoonguss, M|100\/100\n|move|p1a: Milotic|Protect||[still]\n|-fail|p1a: Milotic\n|\n|-status|p1a: Milotic|brn|[from] item: Flame Orb\n|upkeep\n|turn|2\n|\n|t:|1700859500\n|move|p1a: Milotic|Ice Beam|p2a: Amoonguss\n|-supereffective|p2a: Amoonguss\n|-damage|p2a: Amoonguss|63\/100\n|move|p2a: Amoonguss|Giga Drain|p1a: Milotic\n|-supereffective|p1a: Milotic\n|-damage|p1a: Milotic|69\/100 brn\n|-heal|p2a: Amoonguss|79\/100|[from] drain|[of] p1a: Milotic\n|\n|-heal|p2a: Amoonguss|85\/100|[from] item: Black Sludge\n|-damage|p1a: Milotic|62\/100 brn|[from] brn\n|upkeep\n|turn|3\n|\n|t:|1700859510\n|switch|p2a: Kyurem|Kyurem, shiny|100\/100\n|-ability|p2a: Kyurem|Pressure\n|move|p1a: Milotic|Ice Beam|p2a: Kyurem\n|-damage|p2a: Kyurem|82\/100\n|\n|-damage|p1a: Milotic|56\/100 brn|[from] brn\n|upkeep\n|turn|4\n|\n|t:|1700859522\n|switch|p1a: Shiftry|Shiftry, F|100\/100\n|move|p2a: Kyurem|Freeze-Dry|p1a: Shiftry\n|-supereffective|p1a: Shiftry\n|-damage|p1a: Shiftry|0 fnt\n|faint|p1a: Shiftry\n|\n|upkeep\n|\n|t:|1700859530\n|switch|p1a: Banette|Banette, M|100\/100\n|turn|5\n|\n|t:|1700859540\n|switch|p2a: Lopunny|Lopunny, M|100\/100\n|move|p1a: Banette|Curse|p2a: Lopunny\n|-start|p2a: Lopunny|Curse|[of] p1a: Banette\n|-damage|p1a: Banette|50\/100\n|\n|-damage|p2a: Lopunny|76\/100|[from] Curse\n|upkeep\n|turn|6\n|\n|t:|1700859550\n|detailschange|p2a: Lopunny|Lopunny-Mega, M\n|-mega|p2a: Lopunny|Lopunny|Lopunnite\n|move|p2a: Lopunny|Fake Out|p1a: Banette\n|-damage|p1a: Banette|18\/100\n|cant|p1a: Banette|flinch\n|\n|-damage|p2a: Lopunny|51\/100|[from] Curse\n|upkeep\n|turn|7\n|\n|t:|1700859557\n|move|p2a: Lopunny|Drain Punch|p1a: Banette\n|-damage|p1a: Banette|0 fnt\n|-heal|p2a: Lopunny|62\/100|[from] drain|[of] p1a: Banette\n|faint|p1a: Banette\n|\n|-damage|p2a: Lopunny|37\/100|[from] Curse\n|upkeep\n|\n|t:|1700859567\n|switch|p1a: Latios|Latios, M|100\/100\n|turn|8\n|\n|t:|1700859574\n|switch|p2a: Corviknight|Corviknight, M|100\/100\n|move|p1a: Latios|Psyshock|p2a: Corviknight\n|-resisted|p2a: Corviknight\n|-damage|p2a: Corviknight|79\/100\n|\n|upkeep\n|turn|9\n|\n|t:|1700859584\n|move|p1a: Latios|Dragon Breath|p2a: Corviknight\n|-resisted|p2a: Corviknight\n|-damage|p2a: Corviknight|68\/100\n|move|p2a: Corviknight|Iron Defense|p2a: Corviknight\n|-boost|p2a: Corviknight|def|2\n|\n|upkeep\n|turn|10\n|\n|t:|1700859590\n|move|p1a: Latios|Dragon Breath|p2a: Corviknight\n|-resisted|p2a: Corviknight\n|-damage|p2a: Corviknight|54\/100\n|move|p2a: Corviknight|Iron Defense|p2a: Corviknight\n|-boost|p2a: Corviknight|def|2\n|\n|upkeep\n|turn|11\n|\n|t:|1700859595\n|move|p1a: Latios|Aura Sphere|p2a: Corviknight\n|-damage|p2a: Corviknight|36\/100\n|move|p2a: Corviknight|Roost|p2a: Corviknight\n|-heal|p2a: Corviknight|86\/100\n|-singleturn|p2a: Corviknight|move: Roost\n|\n|upkeep\n|turn|12\n|\n|t:|1700859601\n|move|p1a: Latios|Aura Sphere|p2a: Corviknight\n|-damage|p2a: Corviknight|69\/100\n|move|p2a: Corviknight|Iron Defense|p2a: Corviknight\n|-boost|p2a: Corviknight|def|2\n|\n|upkeep\n|turn|13\n|\n|t:|1700859607\n|move|p1a: Latios|Aura Sphere|p2a: Corviknight\n|-damage|p2a: Corviknight|51\/100\n|move|p2a: Corviknight|Body Press|p1a: Latios\n|-resisted|p1a: Latios\n|-damage|p1a: Latios|50\/100\n|\n|upkeep\n|turn|14\n|\n|t:|1700859613\n|move|p1a: Latios|Aura Sphere|p2a: Corviknight\n|-damage|p2a: Corviknight|31\/100\n|move|p2a: Corviknight|Roost|p2a: Corviknight\n|-heal|p2a: Corviknight|81\/100\n|-singleturn|p2a: Corviknight|move: Roost\n|\n|upkeep\n|turn|15\n|\n|t:|1700859619\n|move|p1a: Latios|Aura Sphere|p2a: Corviknight\n|-damage|p2a: Corviknight|62\/100\n|move|p2a: Corviknight|Body Press|p1a: Latios\n|-resisted|p1a: Latios\n|-damage|p1a: Latios|0 fnt\n|faint|p1a: Latios\n|\n|upkeep\n|\n|t:|1700859628\n|switch|p1a: Gardevoir|Gardevoir, F|100\/100\n|turn|16\n|\n|t:|1700859632\n|detailschange|p1a: Gardevoir|Gardevoir-Mega, F\n|-mega|p1a: Gardevoir|Gardevoir|Gardevoirite\n|move|p1a: Gardevoir|Mystical Fire|p2a: Corviknight\n|-supereffective|p2a: Corviknight\n|-damage|p2a: Corviknight|22\/100\n|-ability|p2a: Corviknight|Mirror Armor\n|-unboost|p1a: Gardevoir|spa|1\n|move|p2a: Corviknight|Body Press|p1a: Gardevoir\n|-resisted|p1a: Gardevoir\n|-damage|p1a: Gardevoir|70\/100\n|\n|upkeep\n|turn|17\n|\n|t:|1700859643\n|switch|p2a: Blacephalon|Blacephalon|100\/100\n|move|p1a: Gardevoir|Calm Mind|p1a: Gardevoir\n|-boost|p1a: Gardevoir|spa|1\n|-boost|p1a: Gardevoir|spd|1\n|\n|upkeep\n|turn|18\n|\n|t:|1700859652\n|move|p2a: Blacephalon|Shadow Ball|p1a: Gardevoir\n|-supereffective|p1a: Gardevoir\n|-damage|p1a: Gardevoir|13\/100\n|move|p1a: Gardevoir|Calm Mind|p1a: Gardevoir\n|-boost|p1a: Gardevoir|spa|1\n|-boost|p1a: Gardevoir|spd|1\n|\n|upkeep\n|turn|19\n|\n|t:|1700859659\n|move|p2a: Blacephalon|Shadow Ball|p1a: Gardevoir\n|-supereffective|p1a: Gardevoir\n|-damage|p1a: Gardevoir|0 fnt\n|faint|p1a: Gardevoir\n|-ability|p2a: Blacephalon|Beast Boost|boost\n|-boost|p2a: Blacephalon|spa|1\n|\n|upkeep\n|\n|t:|1700859666\n|switch|p1a: Blaziken|Blaziken, M|100\/100\n|turn|20\n|\n|t:|1700859676\n|move|p2a: Blacephalon|Shadow Ball|p1a: Blaziken\n|-damage|p1a: Blaziken|0 fnt\n|faint|p1a: Blaziken\n|-ability|p2a: Blacephalon|Beast Boost|boost\n|-boost|p2a: Blacephalon|spa|1\n|\n|upkeep\n|\n|t:|1700859682\n|switch|p1a: Milotic|Milotic, F|56\/100 brn\n|turn|21\n|c|\u2606Kenoko|gg\n|\n|t:|1700859685\n|move|p2a: Blacephalon|Shadow Ball|p1a: Milotic\n|-damage|p1a: Milotic|0 fnt\n|faint|p1a: Milotic\n|\n|win|Kenoko\n|raw|sofiene's rating: 1178 &rarr; <strong>1147<\/strong><br \/>(-31 for losing)\n|raw|Kenoko's rating: 1095 &rarr; <strong>1127<\/strong><br \/>(+32 for winning)\n|c|\u2606sofiene|gg\n","uploadtime":1700859693,"views":2,"p1id":"sofiene","p2id":"kenoko","formatid":"gen9nationaldex","rating":1127,"private":0,"password":""}