{"id":"gen9nationaldex-1997783041","p1":"lelmoment","p2":"Throw Games","format":"[Gen 9] National Dex","log":"|html|<div class=\"broadcast-blue\"><strong>[Gen 9] National Dex is currently suspecting Sneasler! For information on how to participate check out the <a href=\"https:\/\/www.smogon.com\/forums\/threads\/sv-national-dex-suspect-8-just-dance.3731534\/\">suspect thread<\/a>.<\/strong><\/div>\n|j|\u2606lelmoment\n|j|\u2606Throw Games\n|t:|1700852180\n|gametype|singles\n|player|p1|lelmoment|burglar|1449\n|player|p2|Throw Games|clay|1555\n|teamsize|p1|6\n|teamsize|p2|6\n|gen|9\n|tier|[Gen 9] National Dex\n|rated|\n|rule|HP Percentage Mod: HP is shown in percentages\n|rule|Endless Battle Clause: Forcing endless battles is banned\n|rule|OHKO Clause: OHKO moves are banned\n|rule|Evasion Clause: Evasion abilities, items, and moves are banned\n|rule|Evasion Abilities Clause: Evasion abilities are banned\n|rule|Evasion Items Clause: Evasion items are banned\n|rule|Evasion Moves Clause: Evasion moves are banned\n|rule|Species Clause: Limit one of each Pok\u00e9mon\n|rule|Sleep Clause Mod: Limit one foe put to sleep\n|clearpoke\n|poke|p1|Tapu Lele|\n|poke|p1|Kartana|\n|poke|p1|Landorus-Therian, M|\n|poke|p1|Greninja-*, M|\n|poke|p1|Tornadus-Therian, M|\n|poke|p1|Beedrill, M|\n|poke|p2|Iron Valiant|\n|poke|p2|Tyranitar, F|\n|poke|p2|Ferrothorn, F|\n|poke|p2|Tornadus-Therian, M|\n|poke|p2|Ogerpon-Wellspring, F|\n|poke|p2|Zapdos|\n|teampreview\n|inactive|Battle timer is ON: inactive players will automatically lose when time's up. (requested by lelmoment)\n|inactive|Throw Games also wants the timer to be on.\n|\n|t:|1700852204\n|start\n|switch|p1a: Kartana|Kartana|100\/100\n|switch|p2a: Ferrothorn|Ferrothorn, F|100\/100\n|turn|1\n|\n|t:|1700852210\n|move|p1a: Kartana|Swords Dance|p1a: Kartana\n|-boost|p1a: Kartana|atk|2\n|move|p2a: Ferrothorn|Stealth Rock|p1a: Kartana\n|-sidestart|p1: lelmoment|move: Stealth Rock\n|\n|upkeep\n|turn|2\n|\n|t:|1700852212\n|switch|p2a: Zapdos|Zapdos, shiny|100\/100\n|move|p1a: Kartana|Sacred Sword|p2a: Zapdos\n|-resisted|p2a: Zapdos\n|-damage|p2a: Zapdos|69\/100\n|\n|upkeep\n|turn|3\n|\n|t:|1700852217\n|-zpower|p1a: Kartana\n|move|p1a: Kartana|Breakneck Blitz|p2a: Zapdos|[zeffect]\n|-damage|p2a: Zapdos|0 fnt\n|faint|p2a: Zapdos\n|-ability|p1a: Kartana|Beast Boost|boost\n|-boost|p1a: Kartana|atk|1\n|\n|upkeep\n|\n|t:|1700852222\n|switch|p2a: Iron Valiant|Iron Valiant|100\/100\n|turn|4\n|\n|t:|1700852226\n|switch|p1a: Tornadus|Tornadus-Therian, M|100\/100\n|move|p2a: Iron Valiant|Aura Sphere|p1a: Tornadus\n|-resisted|p1a: Tornadus\n|-damage|p1a: Tornadus|79\/100\n|\n|upkeep\n|turn|5\n|\n|t:|1700852231\n|-end|p2a: Iron Valiant|Quark Drive|[silent]\n|switch|p2a: Tornadus|Tornadus-Therian, M|100\/100\n|move|p1a: Tornadus|Defog|p2a: Tornadus\n|-unboost|p2a: Tornadus|evasion|1\n|-sideend|p1: lelmoment|Stealth Rock|[from] move: Defog|[of] p1a: Tornadus\n|\n|upkeep\n|turn|6\n|\n|t:|1700852234\n|move|p2a: Tornadus|Knock Off|p1a: Tornadus\n|-damage|p1a: Tornadus|57\/100\n|-enditem|p1a: Tornadus|Heavy-Duty Boots|[from] move: Knock Off|[of] p2a: Tornadus\n|move|p1a: Tornadus|Knock Off|p2a: Tornadus\n|-damage|p2a: Tornadus|77\/100\n|-enditem|p2a: Tornadus|Heavy-Duty Boots|[from] move: Knock Off|[of] p1a: Tornadus\n|\n|upkeep\n|turn|7\n|\n|t:|1700852240\n|move|p2a: Tornadus|Hurricane|p1a: Tornadus\n|-damage|p1a: Tornadus|11\/100\n|move|p1a: Tornadus|U-turn|p2a: Tornadus\n|-resisted|p2a: Tornadus\n|-crit|p2a: Tornadus\n|-damage|p2a: Tornadus|64\/100\n|inactive|lelmoment has 120 seconds left.\n|inactive|lelmoment has 90 seconds left.\n|\n|t:|1700852304\n|switch|p1a: Greninja|Greninja, M|100\/100|[from] U-turn\n|\n|upkeep\n|turn|8\n|\n|t:|1700852310\n|switch|p2a: Ferrothorn|Ferrothorn, F|100\/100\n|move|p1a: Greninja|Ice Beam|p2a: Ferrothorn\n|-damage|p2a: Ferrothorn|72\/100\n|-damage|p1a: Greninja|91\/100|[from] item: Life Orb\n|\n|-heal|p2a: Ferrothorn|78\/100|[from] item: Leftovers\n|upkeep\n|turn|9\n|\n|t:|1700852317\n|switch|p1a: Tapu Lele|Tapu Lele|100\/100\n|-fieldstart|move: Psychic Terrain|[from] ability: Psychic Surge|[of] p1a: Tapu Lele\n|move|p2a: Ferrothorn|Gyro Ball|p1a: Tapu Lele\n|-supereffective|p1a: Tapu Lele\n|-damage|p1a: Tapu Lele|0 fnt\n|faint|p1a: Tapu Lele\n|\n|-heal|p2a: Ferrothorn|85\/100|[from] item: Leftovers\n|upkeep\n|inactive|lelmoment has 90 seconds left.\n|\n|t:|1700852346\n|switch|p1a: Kartana|Kartana|100\/100\n|turn|10\n|\n|t:|1700852350\n|move|p1a: Kartana|Sacred Sword|p2a: Ferrothorn\n|-supereffective|p2a: Ferrothorn\n|-damage|p2a: Ferrothorn|35\/100\n|-damage|p1a: Kartana|88\/100|[from] ability: Iron Barbs|[of] p2a: Ferrothorn\n|move|p2a: Ferrothorn|Stealth Rock|p1a: Kartana\n|-sidestart|p1: lelmoment|move: Stealth Rock\n|\n|-heal|p2a: Ferrothorn|41\/100|[from] item: Leftovers\n|upkeep\n|turn|11\n|\n|t:|1700852354\n|switch|p2a: Tornadus|Tornadus-Therian, M|97\/100\n|move|p1a: Kartana|Sacred Sword|p2a: Tornadus\n|-resisted|p2a: Tornadus\n|-damage|p2a: Tornadus|75\/100\n|\n|upkeep\n|turn|12\n|\n|t:|1700852360\n|switch|p1a: Tornadus|Tornadus-Therian, M|44\/100\n|-damage|p1a: Tornadus|19\/100|[from] Stealth Rock\n|move|p2a: Tornadus|Hurricane|p1a: Tornadus|[miss]\n|-miss|p2a: Tornadus|p1a: Tornadus\n|\n|upkeep\n|turn|13\n|\n|t:|1700852365\n|move|p2a: Tornadus|Hurricane|p1a: Tornadus\n|-damage|p1a: Tornadus|0 fnt\n|faint|p1a: Tornadus\n|\n|-fieldend|move: Psychic Terrain\n|upkeep\n|inactive|lelmoment has 120 seconds left.\n|\n|t:|1700852372\n|switch|p1a: Greninja|Greninja, M|91\/100\n|-damage|p1a: Greninja|78\/100|[from] Stealth Rock\n|turn|14\n|\n|t:|1700852376\n|switch|p2a: Ferrothorn|Ferrothorn, F|41\/100\n|move|p1a: Greninja|Ice Beam|p2a: Ferrothorn\n|-damage|p2a: Ferrothorn|10\/100\n|-damage|p1a: Greninja|69\/100|[from] item: Life Orb\n|\n|-heal|p2a: Ferrothorn|16\/100|[from] item: Leftovers\n|upkeep\n|turn|15\n|\n|t:|1700852380\n|move|p2a: Ferrothorn|Protect|p2a: Ferrothorn\n|-singleturn|p2a: Ferrothorn|Protect\n|move|p1a: Greninja|Ice Beam|p2a: Ferrothorn\n|-activate|p2a: Ferrothorn|move: Protect\n|\n|-heal|p2a: Ferrothorn|22\/100|[from] item: Leftovers\n|upkeep\n|turn|16\n|\n|t:|1700852393\n|move|p2a: Ferrothorn|Protect||[still]\n|-fail|p2a: Ferrothorn\n|move|p1a: Greninja|Dark Pulse|p2a: Ferrothorn\n|-damage|p2a: Ferrothorn|0 fnt\n|faint|p2a: Ferrothorn\n|-ability|p1a: Greninja|Battle Bond|boost\n|-boost|p1a: Greninja|atk|1\n|-boost|p1a: Greninja|spa|1\n|-boost|p1a: Greninja|spe|1\n|-activate|p1a: Greninja|ability: Battle Bond\n|-damage|p1a: Greninja|59\/100|[from] item: Life Orb\n|\n|upkeep\n|\n|t:|1700852409\n|switch|p2a: Tornadus|Tornadus-Therian, M|100\/100\n|turn|17\n|\n|t:|1700852413\n|-terastallize|p2a: Tornadus|Steel\n|move|p1a: Greninja|Ice Beam|p2a: Tornadus\n|-resisted|p2a: Tornadus\n|-damage|p2a: Tornadus|74\/100\n|-damage|p1a: Greninja|49\/100|[from] item: Life Orb\n|move|p2a: Tornadus|U-turn|p1a: Greninja\n|-supereffective|p1a: Greninja\n|-damage|p1a: Greninja|0 fnt\n|faint|p1a: Greninja\n|\n|t:|1700852422\n|switch|p2a: Iron Valiant|Iron Valiant|100\/100|[from] U-turn\n|\n|upkeep\n|inactive|lelmoment has 120 seconds left.\n|\n|t:|1700852459\n|switch|p1a: Beedrill|Beedrill, M|100\/100\n|-damage|p1a: Beedrill|76\/100|[from] Stealth Rock\n|turn|18\n|\n|t:|1700852462\n|-end|p2a: Iron Valiant|Quark Drive|[silent]\n|switch|p2a: Tornadus|Tornadus-Therian, M, tera:Steel|100\/100\n|detailschange|p1a: Beedrill|Beedrill-Mega, M\n|-mega|p1a: Beedrill|Beedrill|Beedrillite\n|move|p1a: Beedrill|Poison Jab|p2a: Tornadus\n|-immune|p2a: Tornadus\n|\n|upkeep\n|turn|19\n|\n|t:|1700852470\n|move|p1a: Beedrill|Drill Run|p2a: Tornadus\n|-supereffective|p2a: Tornadus\n|-damage|p2a: Tornadus|29\/100\n|move|p2a: Tornadus|Hurricane|p1a: Beedrill\n|-supereffective|p1a: Beedrill\n|-damage|p1a: Beedrill|0 fnt\n|faint|p1a: Beedrill\n|\n|upkeep\n|\n|t:|1700852475\n|switch|p1a: Kartana|Kartana|88\/100\n|-damage|p1a: Kartana|82\/100|[from] Stealth Rock\n|turn|20\n|\n|t:|1700852479\n|move|p2a: Tornadus|Hurricane|p1a: Kartana\n|-damage|p1a: Kartana|0 fnt\n|faint|p1a: Kartana\n|\n|upkeep\n|-message|lelmoment forfeited.\n|\n|win|Throw Games\n|raw|lelmoment's rating: 1449 &rarr; <strong>1435<\/strong><br \/>(-14 for losing)\n|raw|Throw Games's rating: 1555 &rarr; <strong>1569<\/strong><br \/>(+14 for winning)\n|l|\u2606lelmoment\n","uploadtime":1700852488,"views":3,"p1id":"lelmoment","p2id":"throwgames","formatid":"gen9nationaldex","rating":1435,"private":0,"password":""}