{"id":"gen9nationaldex-1998012696","p1":"QIxhQI","p2":"xuxiansheng","format":"[Gen 9] National Dex","log":"|html|<div class=\"broadcast-blue\"><strong>[Gen 9] National Dex is currently suspecting Sneasler! For information on how to participate check out the <a href=\"https:\/\/www.smogon.com\/forums\/threads\/sv-national-dex-suspect-8-just-dance.3731534\/\">suspect thread<\/a>.<\/strong><\/div>\n|j|\u2606QIxhQI\n|j|\u2606xuxiansheng\n|t:|1700878889\n|gametype|singles\n|player|p1|QIxhQI|1|1631\n|player|p2|xuxiansheng|mira|1527\n|teamsize|p1|6\n|teamsize|p2|6\n|gen|9\n|tier|[Gen 9] National Dex\n|rated|\n|rule|HP Percentage Mod: HP is shown in percentages\n|rule|Endless Battle Clause: Forcing endless battles is banned\n|rule|OHKO Clause: OHKO moves are banned\n|rule|Evasion Clause: Evasion abilities, items, and moves are banned\n|rule|Evasion Abilities Clause: Evasion abilities are banned\n|rule|Evasion Items Clause: Evasion items are banned\n|rule|Evasion Moves Clause: Evasion moves are banned\n|rule|Species Clause: Limit one of each Pok\u00e9mon\n|rule|Sleep Clause Mod: Limit one foe put to sleep\n|clearpoke\n|poke|p1|Mawile, M|\n|poke|p1|Marowak-Alola, M|\n|poke|p1|Hatterene, F|\n|poke|p1|Cresselia, F|\n|poke|p1|Porygon2|\n|poke|p1|Ursaluna, F|\n|poke|p2|Ogerpon-Wellspring, F|\n|poke|p2|Ribombee, F|\n|poke|p2|Aegislash, F|\n|poke|p2|Garchomp, M|\n|poke|p2|Landorus-Therian, M|\n|poke|p2|Tapu Lele|\n|teampreview\n|inactive|Battle timer is ON: inactive players will automatically lose when time's up. (requested by xuxiansheng)\n|\n|t:|1700878915\n|start\n|switch|p1a: Cresselia|Cresselia, F|100\/100\n|switch|p2a: \u5927\u72c3\u62c9\u662f\u4ec0\u4e48\u4e1c\u897f|Aegislash, F|100\/100\n|turn|1\n|\n|t:|1700878929\n|switch|p1a: Porygon2|Porygon2|100\/100\n|switch|p2a: \u731c\u731c\u6211\u662f\u4ec0\u4e48\u914d\u7f6e|Garchomp, M|100\/100\n|-ability|p1a: Porygon2|Rough Skin|[from] ability: Trace|[of] p2a: \u731c\u731c\u6211\u662f\u4ec0\u4e48\u914d\u7f6e\n|\n|upkeep\n|turn|2\n|\n|t:|1700878937\n|move|p2a: \u731c\u731c\u6211\u662f\u4ec0\u4e48\u914d\u7f6e|Stealth Rock|p1a: Porygon2\n|-sidestart|p1: QIxhQI|move: Stealth Rock\n|move|p1a: Porygon2|Ice Beam|p2a: \u731c\u731c\u6211\u662f\u4ec0\u4e48\u914d\u7f6e\n|-supereffective|p2a: \u731c\u731c\u6211\u662f\u4ec0\u4e48\u914d\u7f6e\n|-damage|p2a: \u731c\u731c\u6211\u662f\u4ec0\u4e48\u914d\u7f6e|15\/100\n|\n|upkeep\n|turn|3\n|\n|t:|1700878944\n|move|p2a: \u731c\u731c\u6211\u662f\u4ec0\u4e48\u914d\u7f6e|Toxic|p1a: Porygon2\n|-status|p1a: Porygon2|tox\n|move|p1a: Porygon2|Ice Beam|p2a: \u731c\u731c\u6211\u662f\u4ec0\u4e48\u914d\u7f6e\n|-supereffective|p2a: \u731c\u731c\u6211\u662f\u4ec0\u4e48\u914d\u7f6e\n|-damage|p2a: \u731c\u731c\u6211\u662f\u4ec0\u4e48\u914d\u7f6e|0 fnt\n|faint|p2a: \u731c\u731c\u6211\u662f\u4ec0\u4e48\u914d\u7f6e\n|\n|-damage|p1a: Porygon2|94\/100 tox|[from] psn\n|upkeep\n|\n|t:|1700878948\n|switch|p2a: \u866b\u738b|Landorus-Therian, M|100\/100\n|-ability|p2a: \u866b\u738b|Intimidate|boost\n|-unboost|p1a: Porygon2|atk|1\n|turn|4\n|\n|t:|1700878952\n|move|p2a: \u866b\u738b|Knock Off|p1a: Porygon2\n|-damage|p1a: Porygon2|77\/100 tox\n|-damage|p2a: \u866b\u738b|88\/100|[from] ability: Rough Skin|[of] p1a: Porygon2\n|-enditem|p1a: Porygon2|Eviolite|[from] move: Knock Off|[of] p2a: \u866b\u738b\n|move|p1a: Porygon2|Trick Room|p1a: Porygon2\n|-fieldstart|move: Trick Room|[of] p1a: Porygon2\n|\n|-heal|p2a: \u866b\u738b|94\/100|[from] item: Leftovers\n|-damage|p1a: Porygon2|65\/100 tox|[from] psn\n|upkeep\n|turn|5\n|\n|t:|1700878962\n|move|p1a: Porygon2|Ice Beam|p2a: \u866b\u738b\n|-supereffective|p2a: \u866b\u738b\n|-damage|p2a: \u866b\u738b|11\/100\n|move|p2a: \u866b\u738b|Knock Off|p1a: Porygon2\n|-damage|p1a: Porygon2|48\/100 tox\n|-damage|p2a: \u866b\u738b|0 fnt|[from] ability: Rough Skin|[of] p1a: Porygon2\n|faint|p2a: \u866b\u738b\n|\n|-damage|p1a: Porygon2|29\/100 tox|[from] psn\n|upkeep\n|\n|t:|1700878972\n|switch|p2a: \u533a\u533a\u9b54\u6cd5\u955c|Ribombee, F|100\/100\n|turn|6\n|\n|t:|1700878977\n|move|p1a: Porygon2|Ice Beam|p2a: \u533a\u533a\u9b54\u6cd5\u955c\n|-damage|p2a: \u533a\u533a\u9b54\u6cd5\u955c|64\/100\n|move|p2a: \u533a\u533a\u9b54\u6cd5\u955c|Moonblast|p1a: Porygon2\n|-damage|p1a: Porygon2|0 fnt\n|faint|p1a: Porygon2\n|\n|upkeep\n|\n|t:|1700878988\n|switch|p1a: Marowak|Marowak-Alola, M|100\/100\n|-damage|p1a: Marowak|75\/100|[from] Stealth Rock\n|turn|7\n|\n|t:|1700878993\n|move|p1a: Marowak|Flare Blitz|p2a: \u533a\u533a\u9b54\u6cd5\u955c\n|-supereffective|p2a: \u533a\u533a\u9b54\u6cd5\u955c\n|-damage|p2a: \u533a\u533a\u9b54\u6cd5\u955c|0 fnt\n|faint|p2a: \u533a\u533a\u9b54\u6cd5\u955c\n|\n|upkeep\n|\n|t:|1700878998\n|switch|p2a: \u5927\u72c3\u62c9\u662f\u4ec0\u4e48\u4e1c\u897f|Aegislash, F|100\/100\n|turn|8\n|\n|t:|1700879002\n|move|p2a: \u5927\u72c3\u62c9\u662f\u4ec0\u4e48\u4e1c\u897f|King's Shield|p2a: \u5927\u72c3\u62c9\u662f\u4ec0\u4e48\u4e1c\u897f\n|-singleturn|p2a: \u5927\u72c3\u62c9\u662f\u4ec0\u4e48\u4e1c\u897f|Protect\n|move|p1a: Marowak|Flare Blitz|p2a: \u5927\u72c3\u62c9\u662f\u4ec0\u4e48\u4e1c\u897f\n|-activate|p2a: \u5927\u72c3\u62c9\u662f\u4ec0\u4e48\u4e1c\u897f|move: Protect\n|-unboost|p1a: Marowak|atk|1\n|\n|-fieldend|move: Trick Room\n|upkeep\n|turn|9\n|\n|t:|1700879015\n|switch|p1a: Mawile|Mawile, M|100\/100\n|-damage|p1a: Mawile|95\/100|[from] Stealth Rock\n|-ability|p1a: Mawile|Intimidate|boost\n|-unboost|p2a: \u5927\u72c3\u62c9\u662f\u4ec0\u4e48\u4e1c\u897f|atk|1\n|-formechange|p2a: \u5927\u72c3\u62c9\u662f\u4ec0\u4e48\u4e1c\u897f|Aegislash-Blade||[from] ability: Stance Change\n|move|p2a: \u5927\u72c3\u62c9\u662f\u4ec0\u4e48\u4e1c\u897f|Iron Head|p1a: Mawile\n|-damage|p1a: Mawile|63\/100\n|\n|upkeep\n|turn|10\n|\n|t:|1700879029\n|switch|p2a: \u7b49\u6211\u5251\u821e|Ogerpon-Wellspring, F|100\/100\n|detailschange|p1a: Mawile|Mawile-Mega, M\n|-mega|p1a: Mawile|Mawile|Mawilite\n|move|p1a: Mawile|Fire Fang|p2a: \u7b49\u6211\u5251\u821e\n|-damage|p2a: \u7b49\u6211\u5251\u821e|49\/100\n|\n|upkeep\n|turn|11\n|\n|t:|1700879036\n|move|p1a: Mawile|Sucker Punch|p2a: \u7b49\u6211\u5251\u821e\n|-damage|p2a: \u7b49\u6211\u5251\u821e|0 fnt\n|faint|p2a: \u7b49\u6211\u5251\u821e\n|\n|upkeep\n|\n|t:|1700879039\n|switch|p2a: \u522b\u62cd\u843d\u6211|Tapu Lele|100\/100\n|-fieldstart|move: Psychic Terrain|[from] ability: Psychic Surge|[of] p2a: \u522b\u62cd\u843d\u6211\n|turn|12\n|\n|t:|1700879048\n|move|p2a: \u522b\u62cd\u843d\u6211|Hidden Power|p1a: Mawile\n|-supereffective|p1a: Mawile\n|-damage|p1a: Mawile|10\/100\n|move|p1a: Mawile|Play Rough|p2a: \u522b\u62cd\u843d\u6211|[miss]\n|-miss|p1a: Mawile|p2a: \u522b\u62cd\u843d\u6211\n|\n|upkeep\n|turn|13\n|\n|t:|1700879053\n|move|p2a: \u522b\u62cd\u843d\u6211|Hidden Power|p1a: Mawile\n|-supereffective|p1a: Mawile\n|-damage|p1a: Mawile|0 fnt\n|faint|p1a: Mawile\n|\n|upkeep\n|\n|t:|1700879057\n|switch|p1a: Hatterene|Hatterene, F|100\/100\n|-damage|p1a: Hatterene|88\/100|[from] Stealth Rock\n|turn|14\n|\n|t:|1700879060\n|switch|p2a: \u5927\u72c3\u62c9\u662f\u4ec0\u4e48\u4e1c\u897f|Aegislash, F|100\/100\n|move|p1a: Hatterene|Trick Room|p1a: Hatterene\n|-fieldstart|move: Trick Room|[of] p1a: Hatterene\n|\n|upkeep\n|turn|15\n|\n|t:|1700879075\n|move|p1a: Hatterene|Healing Wish|p1a: Hatterene\n|faint|p1a: Hatterene\n|-formechange|p2a: \u5927\u72c3\u62c9\u662f\u4ec0\u4e48\u4e1c\u897f|Aegislash-Blade||[from] ability: Stance Change\n|move|p2a: \u5927\u72c3\u62c9\u662f\u4ec0\u4e48\u4e1c\u897f|Iron Head|p1: Hatterene|[notarget]\n|-fail|p2a: \u5927\u72c3\u62c9\u662f\u4ec0\u4e48\u4e1c\u897f\n|\n|upkeep\n|\n|t:|1700879078\n|switch|p1a: Marowak|Marowak-Alola, M|75\/100\n|-heal|p1a: Marowak|100\/100|[from] move: Healing Wish\n|-damage|p1a: Marowak|75\/100|[from] Stealth Rock\n|turn|16\n|\n|t:|1700879085\n|move|p1a: Marowak|Poltergeist|p2a: \u5927\u72c3\u62c9\u662f\u4ec0\u4e48\u4e1c\u897f\n|-activate|p2a: \u5927\u72c3\u62c9\u662f\u4ec0\u4e48\u4e1c\u897f|move: Poltergeist|Leftovers\n|-supereffective|p2a: \u5927\u72c3\u62c9\u662f\u4ec0\u4e48\u4e1c\u897f\n|-damage|p2a: \u5927\u72c3\u62c9\u662f\u4ec0\u4e48\u4e1c\u897f|0 fnt\n|faint|p2a: \u5927\u72c3\u62c9\u662f\u4ec0\u4e48\u4e1c\u897f\n|\n|-fieldend|move: Psychic Terrain\n|upkeep\n|\n|t:|1700879088\n|switch|p2a: \u522b\u62cd\u843d\u6211|Tapu Lele|100\/100\n|-fieldstart|move: Psychic Terrain|[from] ability: Psychic Surge|[of] p2a: \u522b\u62cd\u843d\u6211\n|turn|17\n|\n|t:|1700879092\n|move|p1a: Marowak|Poltergeist|p2a: \u522b\u62cd\u843d\u6211\n|-activate|p2a: \u522b\u62cd\u843d\u6211|move: Poltergeist|Choice Scarf\n|-supereffective|p2a: \u522b\u62cd\u843d\u6211\n|-damage|p2a: \u522b\u62cd\u843d\u6211|0 fnt\n|faint|p2a: \u522b\u62cd\u843d\u6211\n|\n|win|QIxhQI\n|raw|QIxhQI's rating: 1631 &rarr; <strong>1645<\/strong><br \/>(+14 for winning)\n|raw|xuxiansheng's rating: 1527 &rarr; <strong>1513<\/strong><br \/>(-14 for losing)\n|l|\u2606xuxiansheng\n","uploadtime":1700879096,"views":1,"p1id":"qixhqi","p2id":"xuxiansheng","formatid":"gen9nationaldex","rating":1513,"private":0,"password":""}