{"id":"gen9nationaldex-1993086193","p1":"are you jesus?","p2":"T_in_a_Cup","format":"[Gen 9] National Dex","log":"|j|\u2606are you jesus?\n|j|\u2606T_in_a_Cup\n|t:|1700263131\n|gametype|singles\n|player|p1|are you jesus?|170|1170\n|player|p2|T_in_a_Cup|ninjaboy|1114\n|teamsize|p1|6\n|teamsize|p2|6\n|gen|9\n|tier|[Gen 9] National Dex\n|rated|\n|rule|HP Percentage Mod: HP is shown in percentages\n|rule|Endless Battle Clause: Forcing endless battles is banned\n|rule|OHKO Clause: OHKO moves are banned\n|rule|Evasion Clause: Evasion abilities, items, and moves are banned\n|rule|Evasion Abilities Clause: Evasion abilities are banned\n|rule|Evasion Items Clause: Evasion items are banned\n|rule|Evasion Moves Clause: Evasion moves are banned\n|rule|Species Clause: Limit one of each Pok\u00e9mon\n|rule|Sleep Clause Mod: Limit one foe put to sleep\n|clearpoke\n|poke|p1|Chansey, F|\n|poke|p1|Clawitzer, F|\n|poke|p1|Arcanine-Hisui, M|\n|poke|p1|Raikou|\n|poke|p1|Beedrill, F|\n|poke|p1|Donphan, M|\n|poke|p2|Golisopod, M|\n|poke|p2|Grafaiai, M|\n|poke|p2|Rotom-Frost|\n|poke|p2|Breloom, F|\n|poke|p2|Houndstone, F|\n|poke|p2|Garganacl, M|\n|teampreview\n|c|\u2606are you jesus?|hi\n|c|\u2606T_in_a_Cup|yo\n|\n|t:|1700263143\n|start\n|switch|p1a: Beedrill|Beedrill, F|100\/100\n|switch|p2a: Garganacl|Garganacl, M|100\/100\n|turn|1\n|c|\u2606T_in_a_Cup|glhf\n|\n|t:|1700263165\n|detailschange|p1a: Beedrill|Beedrill-Mega, F\n|-mega|p1a: Beedrill|Beedrill|Beedrillite\n|move|p1a: Beedrill|U-turn|p2a: Garganacl\n|-damage|p2a: Garganacl|74\/100\n|c|\u2606are you jesus?|u too man\n|\n|t:|1700263170\n|switch|p1a: Donphan|Donphan, M|100\/100|[from] U-turn\n|move|p2a: Garganacl|Curse|p2a: Garganacl\n|-unboost|p2a: Garganacl|spe|1\n|-boost|p2a: Garganacl|atk|1\n|-boost|p2a: Garganacl|def|1\n|\n|-heal|p2a: Garganacl|80\/100|[from] item: Leftovers\n|upkeep\n|turn|2\n|\n|t:|1700263180\n|move|p1a: Donphan|Earthquake|p2a: Garganacl\n|-supereffective|p2a: Garganacl\n|-damage|p2a: Garganacl|53\/100\n|move|p2a: Garganacl|Salt Cure|p1a: Donphan\n|-resisted|p1a: Donphan\n|-damage|p1a: Donphan|95\/100\n|-start|p1a: Donphan|Salt Cure\n|\n|-heal|p2a: Garganacl|59\/100|[from] item: Leftovers\n|-damage|p1a: Donphan|82\/100|[from] Salt Cure\n|upkeep\n|turn|3\n|\n|t:|1700263190\n|move|p1a: Donphan|Stealth Rock|p2a: Garganacl\n|-sidestart|p2: T_in_a_Cup|move: Stealth Rock\n|move|p2a: Garganacl|Recover|p2a: Garganacl\n|-heal|p2a: Garganacl|100\/100\n|\n|-damage|p1a: Donphan|70\/100|[from] Salt Cure\n|upkeep\n|turn|4\n|\n|t:|1700263198\n|switch|p1a: Clawitzer|Clawitzer, F|100\/100\n|move|p2a: Garganacl|Body Press|p1a: Clawitzer\n|-damage|p1a: Clawitzer|37\/100\n|\n|upkeep\n|turn|5\n|\n|t:|1700263204\n|move|p1a: Clawitzer|Water Pulse|p2a: Garganacl\n|-supereffective|p2a: Garganacl\n|-damage|p2a: Garganacl|14\/100\n|move|p2a: Garganacl|Salt Cure|p1a: Clawitzer\n|-damage|p1a: Clawitzer|9\/100\n|-start|p1a: Clawitzer|Salt Cure\n|\n|-heal|p2a: Garganacl|21\/100|[from] item: Leftovers\n|-damage|p1a: Clawitzer|0 fnt|[from] Salt Cure\n|faint|p1a: Clawitzer\n|upkeep\n|\n|t:|1700263209\n|switch|p1a: Raikou|Raikou|100\/100\n|-ability|p1a: Raikou|Pressure\n|turn|6\n|\n|t:|1700263217\n|move|p1a: Raikou|Thunderbolt|p2a: Garganacl\n|-damage|p2a: Garganacl|0 fnt\n|faint|p2a: Garganacl\n|-damage|p1a: Raikou|91\/100|[from] item: Life Orb\n|\n|upkeep\n|\n|t:|1700263224\n|switch|p2a: Breloom|Breloom, F|100\/100\n|-damage|p2a: Breloom|94\/100|[from] Stealth Rock\n|turn|7\n|\n|t:|1700263229\n|switch|p1a: Donphan|Donphan, M|70\/100\n|move|p2a: Breloom|Power-Up Punch|p1a: Donphan\n|-damage|p1a: Donphan|50\/100\n|-boost|p2a: Breloom|atk|1\n|-damage|p2a: Breloom|78\/100|[from] item: Rocky Helmet|[of] p1a: Donphan\n|\n|upkeep\n|turn|8\n|\n|t:|1700263238\n|move|p2a: Breloom|Power-Up Punch|p1a: Donphan\n|-crit|p1a: Donphan\n|-damage|p1a: Donphan|2\/100\n|-boost|p2a: Breloom|atk|1\n|-damage|p2a: Breloom|61\/100|[from] item: Rocky Helmet|[of] p1a: Donphan\n|move|p1a: Donphan|Gyro Ball|p2a: Breloom\n|-damage|p2a: Breloom|36\/100\n|\n|upkeep\n|turn|9\n|\n|t:|1700263247\n|move|p2a: Breloom|Power-Up Punch|p1a: Donphan\n|-damage|p1a: Donphan|0 fnt\n|-boost|p2a: Breloom|atk|1\n|-damage|p2a: Breloom|20\/100|[from] item: Rocky Helmet|[of] p1a: Donphan\n|faint|p1a: Donphan\n|\n|upkeep\n|\n|t:|1700263252\n|switch|p1a: Raikou|Raikou|91\/100\n|-ability|p1a: Raikou|Pressure\n|turn|10\n|\n|t:|1700263256\n|move|p2a: Breloom|Mach Punch|p1a: Raikou\n|-damage|p1a: Raikou|0 fnt\n|faint|p1a: Raikou\n|\n|upkeep\n|\n|t:|1700263260\n|switch|p1a: Arcanine|Arcanine-Hisui, M|100\/100\n|turn|11\n|\n|t:|1700263262\n|-terastallize|p1a: Arcanine|Normal\n|move|p1a: Arcanine|Extreme Speed|p2a: Breloom\n|-damage|p2a: Breloom|0 fnt\n|faint|p2a: Breloom\n|-damage|p1a: Arcanine|91\/100|[from] item: Life Orb\n|\n|upkeep\n|\n|t:|1700263272\n|switch|p2a: Golisopod|Golisopod, M|100\/100\n|-damage|p2a: Golisopod|75\/100|[from] Stealth Rock\n|turn|12\n|\n|t:|1700263276\n|move|p1a: Arcanine|Head Smash|p2a: Golisopod|[miss]\n|-miss|p1a: Arcanine|p2a: Golisopod\n|move|p2a: Golisopod|Liquidation|p1a: Arcanine\n|-damage|p1a: Arcanine|32\/100\n|-unboost|p1a: Arcanine|def|1\n|\n|upkeep\n|turn|13\n|\n|t:|1700263284\n|move|p2a: Golisopod|Sucker Punch|p1a: Arcanine\n|-damage|p1a: Arcanine|0 fnt\n|faint|p1a: Arcanine\n|\n|upkeep\n|c|\u2606are you jesus?|god im dumb\n|\n|t:|1700263291\n|switch|p1a: Beedrill|Beedrill-Mega, F|100\/100\n|turn|14\n|c|\u2606are you jesus?|dumb bitch\n|c|\u2606T_in_a_Cup|lol\n|\n|t:|1700263301\n|switch|p2a: Grafaiai|Grafaiai, M|100\/100\n|move|p1a: Beedrill|Poison Jab|p2a: Grafaiai\n|-resisted|p2a: Grafaiai\n|-damage|p2a: Grafaiai|43\/100\n|\n|upkeep\n|turn|15\n|\n|t:|1700263309\n|move|p2a: Grafaiai|Parting Shot|p1a: Beedrill\n|-unboost|p1a: Beedrill|atk|1\n|-unboost|p1a: Beedrill|spa|1\n|\n|t:|1700263315\n|switch|p2a: Golisopod|Golisopod, M|75\/100|[from] Parting Shot\n|-damage|p2a: Golisopod|50\/100|[from] Stealth Rock\n|-activate|p2a: Golisopod|ability: Emergency Exit\n|c|\u2606T_in_a_Cup|o\n|\n|t:|1700263327\n|switch|p2a: Rotom|Rotom-Frost|100\/100\n|-damage|p2a: Rotom|76\/100|[from] Stealth Rock\n|move|p1a: Beedrill|Drill Run|p2a: Rotom\n|-immune|p2a: Rotom|[from] ability: Levitate\n|\n|upkeep\n|turn|16\n|\n|t:|1700263336\n|switch|p1a: Chansey|Chansey, F|100\/100\n|move|p2a: Rotom|Will-O-Wisp|p1a: Chansey\n|-status|p1a: Chansey|brn\n|\n|-damage|p1a: Chansey|94\/100 brn|[from] brn\n|upkeep\n|turn|17\n|\n|t:|1700263346\n|move|p2a: Rotom|Thunderbolt|p1a: Chansey\n|-damage|p1a: Chansey|82\/100 brn\n|-damage|p2a: Rotom|66\/100|[from] item: Life Orb\n|move|p1a: Chansey|Toxic|p2a: Rotom\n|-status|p2a: Rotom|tox\n|\n|-damage|p2a: Rotom|59\/100 tox|[from] psn\n|-damage|p1a: Chansey|76\/100 brn|[from] brn\n|upkeep\n|turn|18\n|c|\u2606are you jesus?|g\n|c|\u2606are you jesus?|g\n|\n|t:|1700263363\n|switch|p2a: Golisopod|Golisopod, M|50\/100\n|-damage|p2a: Golisopod|25\/100|[from] Stealth Rock\n|move|p1a: Chansey|Seismic Toss|p2a: Golisopod\n|-damage|p2a: Golisopod|0 fnt\n|faint|p2a: Golisopod\n|\n|-damage|p1a: Chansey|69\/100 brn|[from] brn\n|upkeep\n|\n|t:|1700263373\n|switch|p2a: Houndstone|Houndstone, F|100\/100\n|-damage|p2a: Houndstone|88\/100|[from] Stealth Rock\n|turn|19\n|\n|t:|1700263381\n|move|p2a: Houndstone|Body Press|p1a: Chansey\n|-supereffective|p1a: Chansey\n|-damage|p1a: Chansey|31\/100 brn\n|move|p1a: Chansey|Toxic|p2a: Houndstone\n|-status|p2a: Houndstone|tox\n|\n|-heal|p2a: Houndstone|94\/100 tox|[from] item: Leftovers\n|-damage|p2a: Houndstone|88\/100 tox|[from] psn\n|-damage|p1a: Chansey|25\/100 brn|[from] brn\n|upkeep\n|turn|20\n|\n|t:|1700263391\n|move|p2a: Houndstone|Body Press|p1a: Chansey\n|-supereffective|p1a: Chansey\n|-damage|p1a: Chansey|0 fnt\n|faint|p1a: Chansey\n|\n|-heal|p2a: Houndstone|94\/100 tox|[from] item: Leftovers\n|-damage|p2a: Houndstone|82\/100 tox|[from] psn\n|upkeep\n|\n|t:|1700263394\n|switch|p1a: Beedrill|Beedrill-Mega, F|100\/100\n|turn|21\n|c|\u2606T_in_a_Cup|don't say that\n|c|\u2606T_in_a_Cup|mega beedril will clutch\n|\n|t:|1700263409\n|move|p2a: Houndstone|Shadow Sneak|p1a: Beedrill\n|-damage|p1a: Beedrill|62\/100\n|move|p1a: Beedrill|Drill Run|p2a: Houndstone\n|-damage|p2a: Houndstone|71\/100 tox\n|\n|-heal|p2a: Houndstone|78\/100 tox|[from] item: Leftovers\n|-damage|p2a: Houndstone|59\/100 tox|[from] psn\n|upkeep\n|turn|22\n|\n|t:|1700263416\n|move|p2a: Houndstone|Shadow Sneak|p1a: Beedrill\n|-damage|p1a: Beedrill|26\/100\n|move|p1a: Beedrill|Poison Jab|p2a: Houndstone\n|-resisted|p2a: Houndstone\n|-damage|p2a: Houndstone|48\/100 tox\n|\n|-heal|p2a: Houndstone|54\/100 tox|[from] item: Leftovers\n|-damage|p2a: Houndstone|30\/100 tox|[from] psn\n|upkeep\n|turn|23\n|\n|t:|1700263424\n|move|p2a: Houndstone|Shadow Sneak|p1a: Beedrill\n|-damage|p1a: Beedrill|0 fnt\n|faint|p1a: Beedrill\n|\n|win|T_in_a_Cup\n|raw|are you jesus?'s rating: 1170 &rarr; <strong>1141<\/strong><br \/>(-29 for losing)\n|raw|T_in_a_Cup's rating: 1114 &rarr; <strong>1143<\/strong><br \/>(+29 for winning)\n","uploadtime":1700263295,"views":6,"p1id":"areyoujesus","p2id":"tinacup","formatid":"gen9nationaldex","rating":1141,"private":0,"password":""}