{"id":"gen9nationaldex-1987120440","p1":"skrow siht","p2":"DeathRayKPK","format":"[Gen 9] National Dex","log":"|j|\u2606skrow siht\n|j|\u2606DeathRayKPK\n|t:|1699557728\n|gametype|singles\n|player|p1|skrow siht|nate|1302\n|player|p2|DeathRayKPK|102|1335\n|teamsize|p1|6\n|teamsize|p2|6\n|gen|9\n|tier|[Gen 9] National Dex\n|rated|\n|rule|HP Percentage Mod: HP is shown in percentages\n|rule|Endless Battle Clause: Forcing endless battles is banned\n|rule|OHKO Clause: OHKO moves are banned\n|rule|Evasion Clause: Evasion abilities, items, and moves are banned\n|rule|Evasion Abilities Clause: Evasion abilities are banned\n|rule|Evasion Items Clause: Evasion items are banned\n|rule|Evasion Moves Clause: Evasion moves are banned\n|rule|Species Clause: Limit one of each Pok\u00e9mon\n|rule|Sleep Clause Mod: Limit one foe put to sleep\n|clearpoke\n|poke|p1|Blacephalon|\n|poke|p1|Great Tusk|\n|poke|p1|Hatterene, F|\n|poke|p1|Hydreigon, F|\n|poke|p1|Scizor, M|\n|poke|p1|Ogerpon-Wellspring, F|\n|poke|p2|Cinderace, F|\n|poke|p2|Urshifu-*, F|\n|poke|p2|Dragonite, M|\n|poke|p2|Chansey, F|\n|poke|p2|Corviknight, F|\n|poke|p2|Kyurem|\n|teampreview\n|inactive|Battle timer is ON: inactive players will automatically lose when time's up. (requested by skrow siht)\n|\n|t:|1699557741\n|start\n|switch|p1a: Scizor|Scizor, M|100\/100\n|switch|p2a: Cinderace|Cinderace, F|100\/100\n|turn|1\n|\n|t:|1699557747\n|switch|p1a: Great Tusk|Great Tusk|100\/100\n|move|p2a: Cinderace|Pyro Ball|p1a: Great Tusk\n|-damage|p1a: Great Tusk|73\/100\n|\n|-heal|p1a: Great Tusk|79\/100|[from] item: Leftovers\n|upkeep\n|turn|2\n|\n|t:|1699557774\n|switch|p2a: Kyurem|Kyurem|100\/100\n|-ability|p2a: Kyurem|Pressure\n|move|p1a: Great Tusk|Body Press|p2a: Kyurem\n|-supereffective|p2a: Kyurem\n|-damage|p2a: Kyurem|18\/100\n|\n|-heal|p1a: Great Tusk|85\/100|[from] item: Leftovers\n|upkeep\n|turn|3\n|\n|t:|1699557785\n|-end|p1a: Great Tusk|Protosynthesis|[silent]\n|switch|p1a: Scizor|Scizor, M|100\/100\n|move|p2a: Kyurem|Freeze-Dry|p1a: Scizor\n|-resisted|p1a: Scizor\n|-damage|p1a: Scizor|78\/100\n|\n|upkeep\n|turn|4\n|\n|t:|1699557793\n|switch|p2a: Corviknight|Corviknight, F|100\/100\n|-ability|p2a: Corviknight|Pressure\n|detailschange|p1a: Scizor|Scizor-Mega, M\n|-mega|p1a: Scizor|Scizor|Scizorite\n|move|p1a: Scizor|Knock Off|p2a: Corviknight\n|-damage|p2a: Corviknight|83\/100\n|-enditem|p2a: Corviknight|Leftovers|[from] move: Knock Off|[of] p1a: Scizor\n|\n|upkeep\n|turn|5\n|\n|t:|1699557813\n|move|p1a: Scizor|Knock Off|p2a: Corviknight\n|-damage|p2a: Corviknight|71\/100\n|move|p2a: Corviknight|Bulk Up|p2a: Corviknight\n|-boost|p2a: Corviknight|atk|1\n|-boost|p2a: Corviknight|def|1\n|\n|upkeep\n|turn|6\n|\n|t:|1699557822\n|move|p1a: Scizor|U-turn|p2a: Corviknight\n|-resisted|p2a: Corviknight\n|-damage|p2a: Corviknight|67\/100\n|\n|t:|1699557825\n|switch|p1a: Blacephalon|Blacephalon|100\/100|[from] U-turn\n|move|p2a: Corviknight|Iron Head|p1a: Blacephalon\n|-resisted|p1a: Blacephalon\n|-damage|p1a: Blacephalon|57\/100\n|\n|upkeep\n|turn|7\n|\n|t:|1699557833\n|switch|p2a: Chansey|Chansey, F|100\/100\n|move|p1a: Blacephalon|Psyshock|p2a: Chansey\n|-damage|p2a: Chansey|80\/100\n|\n|upkeep\n|turn|8\n|\n|t:|1699557842\n|switch|p1a: Scizor|Scizor-Mega, M|78\/100\n|move|p2a: Chansey|Stealth Rock|p1a: Scizor\n|-sidestart|p1: skrow siht|move: Stealth Rock\n|\n|upkeep\n|turn|9\n|\n|t:|1699557852\n|switch|p2a: Corviknight|Corviknight, F|67\/100\n|-ability|p2a: Corviknight|Pressure\n|move|p1a: Scizor|Knock Off|p2a: Corviknight\n|-damage|p2a: Corviknight|54\/100\n|\n|upkeep\n|turn|10\n|\n|t:|1699557860\n|move|p1a: Scizor|U-turn|p2a: Corviknight\n|-resisted|p2a: Corviknight\n|-crit|p2a: Corviknight\n|-damage|p2a: Corviknight|47\/100\n|\n|t:|1699557862\n|switch|p1a: Great Tusk|Great Tusk|85\/100|[from] U-turn\n|-damage|p1a: Great Tusk|82\/100|[from] Stealth Rock\n|move|p2a: Corviknight|Roost|p2a: Corviknight\n|-heal|p2a: Corviknight|97\/100\n|-singleturn|p2a: Corviknight|move: Roost\n|\n|-heal|p1a: Great Tusk|88\/100|[from] item: Leftovers\n|upkeep\n|turn|11\n|\n|t:|1699557872\n|move|p1a: Great Tusk|Rapid Spin|p2a: Corviknight\n|-resisted|p2a: Corviknight\n|-damage|p2a: Corviknight|93\/100\n|-boost|p1a: Great Tusk|spe|1\n|-sideend|p1: skrow siht|Stealth Rock|[from] move: Rapid Spin|[of] p1a: Great Tusk\n|move|p2a: Corviknight|Bulk Up|p2a: Corviknight\n|-boost|p2a: Corviknight|atk|1\n|-boost|p2a: Corviknight|def|1\n|\n|-heal|p1a: Great Tusk|95\/100|[from] item: Leftovers\n|upkeep\n|turn|12\n|\n|t:|1699557890\n|move|p1a: Great Tusk|Stealth Rock|p2a: Corviknight\n|-sidestart|p2: DeathRayKPK|move: Stealth Rock\n|move|p2a: Corviknight|Bulk Up|p2a: Corviknight\n|-boost|p2a: Corviknight|atk|1\n|-boost|p2a: Corviknight|def|1\n|\n|-heal|p1a: Great Tusk|100\/100|[from] item: Leftovers\n|upkeep\n|turn|13\n|inactive|skrow siht has 120 seconds left.\n|\n|t:|1699557933\n|-end|p1a: Great Tusk|Protosynthesis|[silent]\n|switch|p1a: Hydreigon|Hydreigon, F|100\/100\n|move|p2a: Corviknight|Iron Head|p1a: Hydreigon\n|-damage|p1a: Hydreigon|52\/100\n|\n|-heal|p1a: Hydreigon|59\/100|[from] item: Leftovers\n|upkeep\n|turn|14\n|\n|t:|1699557941\n|switch|p2a: Chansey|Chansey, F|80\/100\n|-damage|p2a: Chansey|67\/100|[from] Stealth Rock\n|move|p1a: Hydreigon|Fire Spin|p2a: Chansey\n|-damage|p2a: Chansey|64\/100\n|-activate|p2a: Chansey|move: Fire Spin|[of] p1a: Hydreigon\n|\n|-heal|p1a: Hydreigon|65\/100|[from] item: Leftovers\n|-damage|p2a: Chansey|52\/100|[from] move: Fire Spin|[partiallytrapped]\n|upkeep\n|turn|15\n|\n|t:|1699557953\n|move|p1a: Hydreigon|Taunt|p2a: Chansey\n|-start|p2a: Chansey|move: Taunt\n|cant|p2a: Chansey|move: Taunt|Soft-Boiled\n|\n|-heal|p1a: Hydreigon|71\/100|[from] item: Leftovers\n|-damage|p2a: Chansey|40\/100|[from] move: Fire Spin|[partiallytrapped]\n|upkeep\n|turn|16\n|\n|t:|1699557960\n|move|p1a: Hydreigon|Dark Pulse|p2a: Chansey\n|-damage|p2a: Chansey|29\/100\n|move|p2a: Chansey|Seismic Toss|p1a: Hydreigon\n|-damage|p1a: Hydreigon|45\/100\n|\n|-heal|p1a: Hydreigon|51\/100|[from] item: Leftovers\n|-damage|p2a: Chansey|16\/100|[from] move: Fire Spin|[partiallytrapped]\n|upkeep\n|turn|17\n|\n|t:|1699557969\n|move|p1a: Hydreigon|Roost|p1a: Hydreigon\n|-heal|p1a: Hydreigon|100\/100\n|-singleturn|p1a: Hydreigon|move: Roost\n|move|p2a: Chansey|Seismic Toss|p1a: Hydreigon\n|-damage|p1a: Hydreigon|75\/100\n|\n|-heal|p1a: Hydreigon|81\/100|[from] item: Leftovers\n|-damage|p2a: Chansey|4\/100|[from] move: Fire Spin|[partiallytrapped]\n|-end|p2a: Chansey|move: Taunt\n|upkeep\n|turn|18\n|\n|t:|1699557981\n|move|p1a: Hydreigon|Dark Pulse|p2a: Chansey\n|-damage|p2a: Chansey|0 fnt\n|faint|p2a: Chansey\n|\n|-heal|p1a: Hydreigon|87\/100|[from] item: Leftovers\n|upkeep\n|\n|t:|1699558005\n|switch|p2a: Cinderace|Cinderace, F|100\/100\n|-damage|p2a: Cinderace|76\/100|[from] Stealth Rock\n|turn|19\n|\n|t:|1699558016\n|move|p2a: Cinderace|Court Change|p2a: Cinderace\n|-start|p2a: Cinderace|typechange|Normal|[from] ability: Libero\n|-swapsideconditions\n|-activate|p2a: Cinderace|move: Court Change\n|move|p1a: Hydreigon|Dark Pulse|p2a: Cinderace\n|-damage|p2a: Cinderace|29\/100\n|\n|-heal|p1a: Hydreigon|93\/100|[from] item: Leftovers\n|upkeep\n|turn|20\n|\n|t:|1699558030\n|switch|p2a: Urshifu|Urshifu-Rapid-Strike, F|100\/100\n|move|p1a: Hydreigon|Dark Pulse|p2a: Urshifu\n|-resisted|p2a: Urshifu\n|-damage|p2a: Urshifu|77\/100\n|\n|-heal|p1a: Hydreigon|99\/100|[from] item: Leftovers\n|upkeep\n|turn|21\n|\n|t:|1699558044\n|switch|p1a: Hatterene|Hatterene, F|100\/100\n|-damage|p1a: Hatterene|88\/100|[from] Stealth Rock\n|move|p2a: Urshifu|Close Combat|p1a: Hatterene\n|-resisted|p1a: Hatterene\n|-damage|p1a: Hatterene|69\/100\n|-unboost|p2a: Urshifu|def|1\n|-unboost|p2a: Urshifu|spd|1\n|\n|-heal|p1a: Hatterene|75\/100|[from] item: Leftovers\n|upkeep\n|turn|22\n|\n|t:|1699558054\n|switch|p2a: Corviknight|Corviknight, F|93\/100\n|-ability|p2a: Corviknight|Pressure\n|move|p1a: Hatterene|Mystical Fire|p2a: Corviknight\n|-supereffective|p2a: Corviknight\n|-damage|p2a: Corviknight|47\/100\n|-unboost|p2a: Corviknight|spa|1\n|\n|-heal|p1a: Hatterene|81\/100|[from] item: Leftovers\n|upkeep\n|turn|23\n|\n|t:|1699558064\n|switch|p2a: Dragonite|Dragonite, M|100\/100\n|switch|p1a: Great Tusk|Great Tusk|100\/100\n|-damage|p1a: Great Tusk|97\/100|[from] Stealth Rock\n|\n|-heal|p1a: Great Tusk|100\/100|[from] item: Leftovers\n|upkeep\n|turn|24\n|inactive|DeathRayKPK has 120 seconds left.\n|\n|t:|1699558080\n|-end|p1a: Great Tusk|Protosynthesis|[silent]\n|switch|p1a: Hatterene|Hatterene, F|81\/100\n|-damage|p1a: Hatterene|68\/100|[from] Stealth Rock\n|move|p2a: Dragonite|Dragon Dance|p2a: Dragonite\n|-boost|p2a: Dragonite|atk|1\n|-boost|p2a: Dragonite|spe|1\n|\n|-heal|p1a: Hatterene|74\/100|[from] item: Leftovers\n|upkeep\n|turn|25\n|inactive|DeathRayKPK has 120 seconds left.\n|\n|t:|1699558113\n|move|p2a: Dragonite|Extreme Speed|p1a: Hatterene\n|-damage|p1a: Hatterene|47\/100\n|move|p1a: Hatterene|Draining Kiss|p2a: Dragonite\n|-supereffective|p2a: Dragonite\n|-damage|p2a: Dragonite|80\/100\n|-heal|p1a: Hatterene|66\/100|[from] drain|[of] p2a: Dragonite\n|\n|-heal|p2a: Dragonite|86\/100|[from] item: Leftovers\n|-heal|p1a: Hatterene|72\/100|[from] item: Leftovers\n|upkeep\n|turn|26\n|\n|t:|1699558128\n|move|p2a: Dragonite|Dragon Dance|p2a: Dragonite\n|-boost|p2a: Dragonite|atk|1\n|-boost|p2a: Dragonite|spe|1\n|move|p1a: Hatterene|Draining Kiss|p2a: Dragonite\n|-supereffective|p2a: Dragonite\n|-damage|p2a: Dragonite|45\/100\n|-heal|p1a: Hatterene|100\/100|[from] drain|[of] p2a: Dragonite\n|\n|-heal|p2a: Dragonite|51\/100|[from] item: Leftovers\n|upkeep\n|turn|27\n|\n|t:|1699558137\n|move|p2a: Dragonite|Roost|p2a: Dragonite\n|-heal|p2a: Dragonite|100\/100\n|-singleturn|p2a: Dragonite|move: Roost\n|move|p1a: Hatterene|Draining Kiss|p2a: Dragonite\n|-supereffective|p2a: Dragonite\n|-damage|p2a: Dragonite|79\/100\n|\n|-heal|p2a: Dragonite|85\/100|[from] item: Leftovers\n|upkeep\n|turn|28\n|\n|t:|1699558151\n|-terastallize|p2a: Dragonite|Normal\n|move|p2a: Dragonite|Extreme Speed|p1a: Hatterene\n|-damage|p1a: Hatterene|38\/100\n|move|p1a: Hatterene|Draining Kiss|p2a: Dragonite\n|-damage|p2a: Dragonite|67\/100\n|-heal|p1a: Hatterene|55\/100|[from] drain|[of] p2a: Dragonite\n|\n|-heal|p2a: Dragonite|73\/100|[from] item: Leftovers\n|-heal|p1a: Hatterene|61\/100|[from] item: Leftovers\n|upkeep\n|turn|29\n|inactive|skrow siht has 120 seconds left.\n|\n|t:|1699558205\n|move|p2a: Dragonite|Dragon Dance|p2a: Dragonite\n|-boost|p2a: Dragonite|atk|1\n|-boost|p2a: Dragonite|spe|1\n|move|p1a: Hatterene|Draining Kiss|p2a: Dragonite\n|-damage|p2a: Dragonite|52\/100\n|-heal|p1a: Hatterene|81\/100|[from] drain|[of] p2a: Dragonite\n|\n|-heal|p2a: Dragonite|58\/100|[from] item: Leftovers\n|-heal|p1a: Hatterene|87\/100|[from] item: Leftovers\n|upkeep\n|turn|30\n|\n|t:|1699558215\n|move|p2a: Dragonite|Extreme Speed|p1a: Hatterene\n|-damage|p1a: Hatterene|18\/100\n|move|p1a: Hatterene|Draining Kiss|p2a: Dragonite\n|-damage|p2a: Dragonite|38\/100\n|-heal|p1a: Hatterene|36\/100|[from] drain|[of] p2a: Dragonite\n|\n|-heal|p2a: Dragonite|45\/100|[from] item: Leftovers\n|-heal|p1a: Hatterene|42\/100|[from] item: Leftovers\n|upkeep\n|turn|31\n|\n|t:|1699558241\n|switch|p1a: Great Tusk|Great Tusk|100\/100\n|-damage|p1a: Great Tusk|97\/100|[from] Stealth Rock\n|move|p2a: Dragonite|Extreme Speed|p1a: Great Tusk\n|-damage|p1a: Great Tusk|58\/100\n|\n|-heal|p2a: Dragonite|51\/100|[from] item: Leftovers\n|-heal|p1a: Great Tusk|65\/100|[from] item: Leftovers\n|upkeep\n|turn|32\n|\n|t:|1699558251\n|move|p2a: Dragonite|Roost|p2a: Dragonite\n|-heal|p2a: Dragonite|100\/100\n|move|p1a: Great Tusk|Body Press|p2a: Dragonite\n|-supereffective|p2a: Dragonite\n|-damage|p2a: Dragonite|58\/100\n|\n|-heal|p2a: Dragonite|64\/100|[from] item: Leftovers\n|-heal|p1a: Great Tusk|71\/100|[from] item: Leftovers\n|upkeep\n|turn|33\n|inactive|DeathRayKPK has 90 seconds left.\n|\n|t:|1699558272\n|switch|p2a: Urshifu|Urshifu-Rapid-Strike, F|77\/100\n|move|p1a: Great Tusk|Body Press|p2a: Urshifu\n|-damage|p2a: Urshifu|28\/100\n|\n|-heal|p1a: Great Tusk|77\/100|[from] item: Leftovers\n|upkeep\n|turn|34\n|inactive|DeathRayKPK has 90 seconds left.\n|\n|t:|1699558280\n|-end|p1a: Great Tusk|Protosynthesis|[silent]\n|switch|p1a: Ogerpon|Ogerpon-Wellspring, F|100\/100\n|-damage|p1a: Ogerpon|88\/100|[from] Stealth Rock\n|move|p2a: Urshifu|Surging Strikes|p1a: Ogerpon\n|-heal|p1a: Ogerpon|100\/100|[from] ability: Water Absorb|[of] p2a: Urshifu\n|\n|upkeep\n|turn|35\n|\n|t:|1699558289\n|switch|p2a: Corviknight|Corviknight, F|47\/100\n|-ability|p2a: Corviknight|Pressure\n|move|p1a: Ogerpon|Ivy Cudgel|p2a: Corviknight\n|-crit|p2a: Corviknight\n|-damage|p2a: Corviknight|0 fnt\n|faint|p2a: Corviknight\n|\n|upkeep\n|inactive|DeathRayKPK has 90 seconds left.\n|\n|t:|1699558306\n|switch|p2a: Cinderace|Cinderace, F|29\/100\n|turn|36\n|inactive|DeathRayKPK has 90 seconds left.\n|\n|t:|1699558323\n|switch|p1a: Hatterene|Hatterene, F|42\/100\n|-damage|p1a: Hatterene|29\/100|[from] Stealth Rock\n|move|p2a: Cinderace|High Jump Kick|p1a: Hatterene\n|-start|p2a: Cinderace|typechange|Fighting|[from] ability: Libero\n|-resisted|p1a: Hatterene\n|-damage|p1a: Hatterene|16\/100\n|\n|-heal|p1a: Hatterene|22\/100|[from] item: Leftovers\n|upkeep\n|turn|37\n|inactive|DeathRayKPK has 90 seconds left.\n|\n|t:|1699558358\n|switch|p2a: Dragonite|Dragonite, M, tera:Normal|64\/100\n|move|p1a: Hatterene|Draining Kiss|p2a: Dragonite\n|-damage|p2a: Dragonite|44\/100\n|-heal|p1a: Hatterene|40\/100|[from] drain|[of] p2a: Dragonite\n|\n|-heal|p2a: Dragonite|50\/100|[from] item: Leftovers\n|-heal|p1a: Hatterene|46\/100|[from] item: Leftovers\n|upkeep\n|turn|38\n|\n|t:|1699558368\n|move|p2a: Dragonite|Extreme Speed|p1a: Hatterene\n|-damage|p1a: Hatterene|13\/100\n|move|p1a: Hatterene|Draining Kiss|p2a: Dragonite\n|-damage|p2a: Dragonite|31\/100\n|-heal|p1a: Hatterene|31\/100|[from] drain|[of] p2a: Dragonite\n|\n|-heal|p2a: Dragonite|37\/100|[from] item: Leftovers\n|-heal|p1a: Hatterene|37\/100|[from] item: Leftovers\n|upkeep\n|turn|39\n|\n|t:|1699558377\n|switch|p1a: Great Tusk|Great Tusk|77\/100\n|-damage|p1a: Great Tusk|74\/100|[from] Stealth Rock\n|move|p2a: Dragonite|Roost|p2a: Dragonite\n|-heal|p2a: Dragonite|87\/100\n|\n|-heal|p2a: Dragonite|93\/100|[from] item: Leftovers\n|-heal|p1a: Great Tusk|80\/100|[from] item: Leftovers\n|upkeep\n|turn|40\n|\n|t:|1699558400\n|move|p2a: Dragonite|Extreme Speed|p1a: Great Tusk\n|-damage|p1a: Great Tusk|65\/100\n|move|p1a: Great Tusk|Stealth Rock|p2a: Dragonite\n|-sidestart|p2: DeathRayKPK|move: Stealth Rock\n|\n|-heal|p2a: Dragonite|99\/100|[from] item: Leftovers\n|-heal|p1a: Great Tusk|71\/100|[from] item: Leftovers\n|upkeep\n|turn|41\n|\n|t:|1699558410\n|move|p2a: Dragonite|Extreme Speed|p1a: Great Tusk\n|-damage|p1a: Great Tusk|54\/100\n|move|p1a: Great Tusk|Rapid Spin|p2a: Dragonite\n|-damage|p2a: Dragonite|86\/100\n|-boost|p1a: Great Tusk|spe|1\n|-sideend|p1: skrow siht|Stealth Rock|[from] move: Rapid Spin|[of] p1a: Great Tusk\n|\n|-heal|p1a: Great Tusk|60\/100|[from] item: Leftovers\n|-heal|p2a: Dragonite|92\/100|[from] item: Leftovers\n|upkeep\n|turn|42\n|\n|t:|1699558421\n|move|p1a: Great Tusk|Rapid Spin|p2a: Dragonite\n|-damage|p2a: Dragonite|78\/100\n|-boost|p1a: Great Tusk|spe|1\n|move|p2a: Dragonite|Dragon Dance|p2a: Dragonite\n|-boost|p2a: Dragonite|atk|1\n|-boost|p2a: Dragonite|spe|1\n|\n|-heal|p1a: Great Tusk|66\/100|[from] item: Leftovers\n|-heal|p2a: Dragonite|85\/100|[from] item: Leftovers\n|upkeep\n|turn|43\n|\n|t:|1699558431\n|move|p2a: Dragonite|Extreme Speed|p1a: Great Tusk\n|-damage|p1a: Great Tusk|40\/100\n|move|p1a: Great Tusk|Body Press|p2a: Dragonite\n|-supereffective|p2a: Dragonite\n|-damage|p2a: Dragonite|1\/100\n|\n|-heal|p1a: Great Tusk|47\/100|[from] item: Leftovers\n|-heal|p2a: Dragonite|7\/100|[from] item: Leftovers\n|upkeep\n|turn|44\n|\n|t:|1699558445\n|move|p1a: Great Tusk|Rapid Spin|p2a: Dragonite\n|-crit|p2a: Dragonite\n|-damage|p2a: Dragonite|0 fnt\n|-boost|p1a: Great Tusk|spe|1\n|faint|p2a: Dragonite\n|\n|-heal|p1a: Great Tusk|53\/100|[from] item: Leftovers\n|upkeep\n|\n|t:|1699558454\n|switch|p2a: Cinderace|Cinderace, F|29\/100\n|-damage|p2a: Cinderace|4\/100|[from] Stealth Rock\n|turn|45\n|\n|t:|1699558463\n|move|p2a: Cinderace|Pyro Ball|p1a: Great Tusk\n|-damage|p1a: Great Tusk|24\/100\n|-status|p1a: Great Tusk|brn\n|move|p1a: Great Tusk|Rapid Spin|p2a: Cinderace\n|-damage|p2a: Cinderace|0 fnt\n|-boost|p1a: Great Tusk|spe|1\n|faint|p2a: Cinderace\n|\n|-heal|p1a: Great Tusk|30\/100 brn|[from] item: Leftovers\n|-damage|p1a: Great Tusk|24\/100 brn|[from] brn\n|upkeep\n|\n|t:|1699558474\n|switch|p2a: Urshifu|Urshifu-Rapid-Strike, F|28\/100\n|-damage|p2a: Urshifu|22\/100|[from] Stealth Rock\n|turn|46\n|\n|t:|1699558479\n|move|p1a: Great Tusk|Earthquake|p2a: Urshifu\n|-damage|p2a: Urshifu|0 fnt\n|faint|p2a: Urshifu\n|\n|-heal|p1a: Great Tusk|30\/100 brn|[from] item: Leftovers\n|-damage|p1a: Great Tusk|24\/100 brn|[from] brn\n|upkeep\n|\n|t:|1699558486\n|switch|p2a: Kyurem|Kyurem|18\/100\n|-damage|p2a: Kyurem|0 fnt|[from] Stealth Rock\n|faint|p2a: Kyurem\n|\n|win|skrow siht\n|raw|skrow siht's rating: 1302 &rarr; <strong>1324<\/strong><br \/>(+22 for winning)\n|raw|DeathRayKPK's rating: 1335 &rarr; <strong>1313<\/strong><br \/>(-22 for losing)\n|c|\u2606DeathRayKPK|g\n|c|\u2606DeathRayKPK|gg\n","uploadtime":1699558494,"views":14,"p1id":"skrowsiht","p2id":"deathraykpk","formatid":"gen9nationaldex","rating":1313,"private":0,"password":""}