{"id":"gen9nationaldex-1990236923","p1":"Klexy","p2":"Sly Killdex 2","format":"[Gen 9] National Dex","log":"|j|\u2606Klexy\n|j|\u2606Sly Killdex 2\n|t:|1699942192\n|gametype|singles\n|player|p1|Klexy|170|1123\n|player|p2|Sly Killdex 2|volkner|1021\n|teamsize|p1|6\n|teamsize|p2|6\n|gen|9\n|tier|[Gen 9] National Dex\n|rated|\n|rule|HP Percentage Mod: HP is shown in percentages\n|rule|Endless Battle Clause: Forcing endless battles is banned\n|rule|OHKO Clause: OHKO moves are banned\n|rule|Evasion Clause: Evasion abilities, items, and moves are banned\n|rule|Evasion Abilities Clause: Evasion abilities are banned\n|rule|Evasion Items Clause: Evasion items are banned\n|rule|Evasion Moves Clause: Evasion moves are banned\n|rule|Species Clause: Limit one of each Pok\u00e9mon\n|rule|Sleep Clause Mod: Limit one foe put to sleep\n|clearpoke\n|poke|p1|Pelipper, M|\n|poke|p1|Swampert, F|\n|poke|p1|Relicanth, F|\n|poke|p1|Rotom-Wash|\n|poke|p1|Victini|\n|poke|p1|Crawdaunt, F|\n|poke|p2|Silvally-*|\n|poke|p2|Litten, F|\n|poke|p2|Rowlet, M|\n|poke|p2|Zygarde-10%|\n|poke|p2|Bergmite, M|\n|poke|p2|Gourgeist-*, F|\n|teampreview\n|\n|t:|1699942200\n|start\n|switch|p1a: Pelipper|Pelipper, M|100\/100\n|switch|p2a: Silvally|Silvally|100\/100\n|-weather|RainDance|[from] ability: Drizzle|[of] p1a: Pelipper\n|turn|1\n|\n|t:|1699942206\n|move|p2a: Silvally|Explosion|p1a: Pelipper\n|-damage|p1a: Pelipper|0 fnt\n|faint|p2a: Silvally\n|faint|p1a: Pelipper\n|\n|-weather|RainDance|[upkeep]\n|upkeep\n|\n|t:|1699942222\n|switch|p2a: Rowlet|Rowlet, M|100\/100\n|switch|p1a: Swampert|Swampert, F|100\/100\n|turn|2\n|\n|t:|1699942229\n|detailschange|p1a: Swampert|Swampert-Mega, F\n|-mega|p1a: Swampert|Swampert|Swampertite\n|-terastallize|p2a: Rowlet|Steel\n|move|p1a: Swampert|Ice Punch|p2a: Rowlet\n|-resisted|p2a: Rowlet\n|-damage|p2a: Rowlet|81\/100\n|move|p2a: Rowlet|Leaf Blade|p1a: Swampert\n|-supereffective|p1a: Swampert\n|-damage|p1a: Swampert|0 fnt\n|faint|p1a: Swampert\n|\n|-weather|RainDance|[upkeep]\n|upkeep\n|\n|t:|1699942236\n|switch|p1a: Victini|Victini|100\/100\n|turn|3\n|\n|t:|1699942245\n|move|p2a: Rowlet|Shadow Sneak|p1a: Victini\n|-supereffective|p1a: Victini\n|-damage|p1a: Victini|83\/100\n|move|p1a: Victini|U-turn|p2a: Rowlet\n|-resisted|p2a: Rowlet\n|-damage|p2a: Rowlet|68\/100\n|\n|t:|1699942252\n|switch|p1a: Rotom|Rotom-Wash|100\/100|[from] U-turn\n|\n|-weather|RainDance|[upkeep]\n|upkeep\n|turn|4\n|\n|t:|1699942256\n|move|p1a: Rotom|Will-O-Wisp|p2a: Rowlet\n|-status|p2a: Rowlet|brn\n|move|p2a: Rowlet|Leaf Blade|p1a: Rotom\n|-supereffective|p1a: Rotom\n|-damage|p1a: Rotom|68\/100\n|\n|-weather|RainDance|[upkeep]\n|-heal|p1a: Rotom|74\/100|[from] item: Leftovers\n|-damage|p2a: Rowlet|62\/100 brn|[from] brn\n|upkeep\n|turn|5\n|\n|t:|1699942261\n|move|p1a: Rotom|Hydro Pump|p2a: Rowlet\n|-damage|p2a: Rowlet|0 fnt\n|faint|p2a: Rowlet\n|\n|-weather|RainDance|[upkeep]\n|-heal|p1a: Rotom|80\/100|[from] item: Leftovers\n|upkeep\n|\n|t:|1699942270\n|switch|p2a: Zygarde|Zygarde-10%|100\/100\n|-ability|p2a: Zygarde|Aura Break\n|turn|6\n|\n|t:|1699942275\n|move|p2a: Zygarde|Thousand Arrows|p1a: Rotom\n|-supereffective|p1a: Rotom\n|-damage|p1a: Rotom|0 fnt\n|faint|p1a: Rotom\n|\n|-weather|RainDance|[upkeep]\n|upkeep\n|\n|t:|1699942281\n|switch|p1a: Relicanth|Relicanth, F|100\/100\n|turn|7\n|\n|t:|1699942295\n|switch|p2a: Litten|Litten, F|100\/100\n|move|p1a: Relicanth|Waterfall|p2a: Litten\n|-supereffective|p2a: Litten\n|-enditem|p2a: Litten|Focus Sash\n|-damage|p2a: Litten|1\/100\n|\n|-weather|RainDance|[upkeep]\n|upkeep\n|turn|8\n|\n|t:|1699942302\n|move|p1a: Relicanth|Waterfall|p2a: Litten\n|-supereffective|p2a: Litten\n|-damage|p2a: Litten|0 fnt\n|faint|p2a: Litten\n|\n|-weather|none\n|upkeep\n|\n|t:|1699942305\n|switch|p2a: Gourgeist|Gourgeist-Super, F|100\/100\n|-item|p1a: Relicanth|Choice Band|[from] ability: Frisk|[of] p2a: Gourgeist|[identify]\n|turn|9\n|\n|t:|1699942313\n|switch|p1a: Victini|Victini|83\/100\n|move|p2a: Gourgeist|Poltergeist|p1a: Victini|[miss]\n|-miss|p2a: Gourgeist|p1a: Victini\n|\n|upkeep\n|turn|10\n|\n|t:|1699942328\n|-terastallize|p1a: Victini|Electric\n|move|p2a: Gourgeist|Shadow Sneak|p1a: Victini\n|-damage|p1a: Victini|63\/100\n|move|p1a: Victini|V-create|p2a: Gourgeist\n|-supereffective|p2a: Gourgeist\n|-damage|p2a: Gourgeist|0 fnt\n|-unboost|p1a: Victini|spe|1\n|-unboost|p1a: Victini|def|1\n|-unboost|p1a: Victini|spd|1\n|faint|p2a: Gourgeist\n|\n|upkeep\n|\n|t:|1699942334\n|switch|p2a: Bergmite|Bergmite, M|100\/100\n|turn|11\n|\n|t:|1699942336\n|move|p1a: Victini|V-create|p2a: Bergmite\n|-supereffective|p2a: Bergmite\n|-ability|p2a: Bergmite|Sturdy\n|-damage|p2a: Bergmite|1\/100\n|-unboost|p1a: Victini|spe|1\n|-unboost|p1a: Victini|def|1\n|-unboost|p1a: Victini|spd|1\n|move|p2a: Bergmite|Avalanche|p1a: Victini\n|-damage|p1a: Victini|0 fnt\n|faint|p1a: Victini\n|\n|upkeep\n|\n|t:|1699942340\n|switch|p1a: Crawdaunt|Crawdaunt, F|100\/100\n|turn|12\n|\n|t:|1699942347\n|move|p1a: Crawdaunt|Aqua Jet|p2a: Bergmite\n|-damage|p2a: Bergmite|0 fnt\n|faint|p2a: Bergmite\n|\n|upkeep\n|\n|t:|1699942350\n|switch|p2a: Zygarde|Zygarde-10%|100\/100\n|-ability|p2a: Zygarde|Aura Break\n|turn|13\n|\n|t:|1699942357\n|move|p2a: Zygarde|Outrage|p1a: Crawdaunt\n|-enditem|p1a: Crawdaunt|Focus Sash\n|-damage|p1a: Crawdaunt|1\/100\n|move|p1a: Crawdaunt|Dragon Dance|p1a: Crawdaunt\n|-boost|p1a: Crawdaunt|atk|1\n|-boost|p1a: Crawdaunt|spe|1\n|\n|upkeep\n|turn|14\n|\n|t:|1699942361\n|move|p1a: Crawdaunt|Aqua Jet|p2a: Zygarde\n|-damage|p2a: Zygarde|26\/100\n|move|p2a: Zygarde|Outrage|p1a: Crawdaunt|[from]lockedmove\n|-damage|p1a: Crawdaunt|0 fnt\n|faint|p1a: Crawdaunt\n|\n|upkeep\n|\n|t:|1699942365\n|switch|p1a: Relicanth|Relicanth, F|100\/100\n|turn|15\n|\n|t:|1699942369\n|move|p2a: Zygarde|Outrage|p1a: Relicanth|[from]lockedmove\n|-damage|p1a: Relicanth|33\/100\n|-start|p2a: Zygarde|confusion|[fatigue]\n|move|p1a: Relicanth|Waterfall|p2a: Zygarde\n|-damage|p2a: Zygarde|0 fnt\n|faint|p2a: Zygarde\n|\n|win|Klexy\n|raw|Klexy's rating: 1123 &rarr; <strong>1141<\/strong><br \/>(+18 for winning)\n|raw|Sly Killdex 2's rating: 1021 &rarr; <strong>1012<\/strong><br \/>(-9 for losing)\n","uploadtime":1699942373,"views":5,"p1id":"klexy","p2id":"slykilldex2","formatid":"gen9nationaldex","rating":1012,"private":0,"password":""}