{"id":"gen9nationaldex-1997452135","p1":"Logan! Watch This","p2":"But the government","format":"[Gen 9] National Dex","log":"|html|<div class=\"broadcast-blue\"><strong>[Gen 9] National Dex is currently suspecting Sneasler! For information on how to participate check out the <a href=\"https:\/\/www.smogon.com\/forums\/threads\/sv-national-dex-suspect-8-just-dance.3731534\/\">suspect thread<\/a>.<\/strong><\/div>\n|j|\u2606Logan! Watch This\n|j|\u2606But the government\n|t:|1700807696\n|gametype|singles\n|player|p1|Logan! Watch This|102|1082\n|player|p2|But the government|scientist-gen4dp|1127\n|teamsize|p1|6\n|teamsize|p2|6\n|gen|9\n|tier|[Gen 9] National Dex\n|rated|\n|rule|HP Percentage Mod: HP is shown in percentages\n|rule|Endless Battle Clause: Forcing endless battles is banned\n|rule|OHKO Clause: OHKO moves are banned\n|rule|Evasion Clause: Evasion abilities, items, and moves are banned\n|rule|Evasion Abilities Clause: Evasion abilities are banned\n|rule|Evasion Items Clause: Evasion items are banned\n|rule|Evasion Moves Clause: Evasion moves are banned\n|rule|Species Clause: Limit one of each Pok\u00e9mon\n|rule|Sleep Clause Mod: Limit one foe put to sleep\n|clearpoke\n|poke|p1|Keldeo-Resolute|\n|poke|p1|Blacephalon|\n|poke|p1|Tyranitar, M|\n|poke|p1|Zapdos|\n|poke|p1|Clodsire, M|\n|poke|p1|Ogerpon-Wellspring, F|\n|poke|p2|Alomomola, F|\n|poke|p2|Pawmot, F|\n|poke|p2|Corviknight, F|\n|poke|p2|Mew|\n|poke|p2|Gigalith, M|\n|poke|p2|Kartana|\n|teampreview\n|inactive|Battle timer is ON: inactive players will automatically lose when time's up. (requested by Logan! Watch This)\n|\n|t:|1700807706\n|start\n|switch|p1a: Keldeo|Keldeo-Resolute|100\/100\n|switch|p2a: Gigalith|Gigalith, M|100\/100\n|turn|1\n|\n|t:|1700807716\n|switch|p2a: Corviknight|Corviknight, F|100\/100\n|-ability|p2a: Corviknight|Pressure\n|move|p1a: Keldeo|Substitute|p1a: Keldeo\n|-start|p1a: Keldeo|Substitute\n|-damage|p1a: Keldeo|76\/100\n|\n|-heal|p1a: Keldeo|82\/100|[from] item: Leftovers\n|upkeep\n|turn|2\n|\n|t:|1700807721\n|move|p1a: Keldeo|Scald|p2a: Corviknight\n|-damage|p2a: Corviknight|60\/100\n|-status|p2a: Corviknight|brn\n|move|p2a: Corviknight|Brave Bird|p1a: Keldeo\n|-supereffective|p1a: Keldeo\n|-end|p1a: Keldeo|Substitute\n|-damage|p2a: Corviknight|53\/100 brn|[from] Recoil|[of] p1a: Keldeo\n|\n|-heal|p1a: Keldeo|88\/100|[from] item: Leftovers\n|-damage|p2a: Corviknight|47\/100 brn|[from] brn\n|upkeep\n|turn|3\n|\n|t:|1700807738\n|move|p1a: Keldeo|Calm Mind|p1a: Keldeo\n|-boost|p1a: Keldeo|spa|1\n|-boost|p1a: Keldeo|spd|1\n|move|p2a: Corviknight|Roost|p2a: Corviknight\n|-heal|p2a: Corviknight|97\/100 brn\n|-singleturn|p2a: Corviknight|move: Roost\n|\n|-heal|p1a: Keldeo|94\/100|[from] item: Leftovers\n|-damage|p2a: Corviknight|91\/100 brn|[from] brn\n|upkeep\n|turn|4\n|\n|t:|1700807741\n|move|p1a: Keldeo|Scald|p2a: Corviknight\n|-crit|p2a: Corviknight\n|-damage|p2a: Corviknight|0 fnt\n|faint|p2a: Corviknight\n|\n|-heal|p1a: Keldeo|100\/100|[from] item: Leftovers\n|upkeep\n|\n|t:|1700807746\n|switch|p2a: Pawmot|Pawmot, F|100\/100\n|turn|5\n|\n|t:|1700807751\n|move|p2a: Pawmot|Double Shock|p1a: Keldeo\n|-supereffective|p1a: Keldeo\n|-crit|p1a: Keldeo\n|-damage|p1a: Keldeo|0 fnt\n|-start|p2a: Pawmot|typechange|???\/Fighting|[from] move: Double Shock\n|faint|p1a: Keldeo\n|\n|upkeep\n|\n|t:|1700807772\n|switch|p1a: Ogerpon|Ogerpon-Wellspring, F|100\/100\n|turn|6\n|\n|t:|1700807776\n|-terastallize|p2a: Pawmot|Electric\n|move|p2a: Pawmot|Double Shock|p1a: Ogerpon\n|-damage|p1a: Ogerpon|26\/100\n|-start|p2a: Pawmot|typechange|Electric|[from] move: Double Shock\n|move|p1a: Ogerpon|Encore|p2a: Pawmot\n|-start|p2a: Pawmot|Encore\n|\n|upkeep\n|turn|7\n|\n|t:|1700807782\n|switch|p1a: Clodsire|Clodsire, M|100\/100\n|move|p2a: Pawmot|Double Shock|p1a: Clodsire\n|-immune|p1a: Clodsire\n|\n|upkeep\n|turn|8\n|\n|t:|1700807798\n|switch|p2a: Kartana|Kartana|100\/100\n|move|p1a: Clodsire|Earthquake|p2a: Kartana\n|-damage|p2a: Kartana|72\/100\n|\n|upkeep\n|turn|9\n|\n|t:|1700807813\n|switch|p1a: Zapdos|Zapdos|100\/100\n|move|p2a: Kartana|Psycho Cut|p1a: Zapdos\n|-damage|p1a: Zapdos|75\/100\n|\n|upkeep\n|turn|10\n|\n|t:|1700807820\n|switch|p2a: Mew|Mew|100\/100\n|move|p1a: Zapdos|Hurricane|p2a: Mew\n|-damage|p2a: Mew|52\/100\n|\n|upkeep\n|turn|11\n|\n|t:|1700807827\n|move|p2a: Mew|Power Gem|p1a: Zapdos\n|-supereffective|p1a: Zapdos\n|-damage|p1a: Zapdos|31\/100\n|move|p1a: Zapdos|U-turn|p2a: Mew\n|-supereffective|p2a: Mew\n|-damage|p2a: Mew|23\/100\n|-enditem|p2a: Mew|Starf Berry|[eat]\n|-boost|p2a: Mew|atk|2|[from] item: Starf Berry\n|\n|t:|1700807841\n|switch|p1a: Blacephalon|Blacephalon|100\/100|[from] U-turn\n|\n|upkeep\n|turn|12\n|\n|t:|1700807850\n|move|p1a: Blacephalon|Shadow Ball|p2a: Mew\n|-supereffective|p2a: Mew\n|-damage|p2a: Mew|0 fnt\n|faint|p2a: Mew\n|-ability|p1a: Blacephalon|Beast Boost|boost\n|-boost|p1a: Blacephalon|spa|1\n|\n|upkeep\n|\n|t:|1700807854\n|switch|p2a: Gigalith|Gigalith, M|100\/100\n|turn|13\n|\n|t:|1700807859\n|-terastallize|p1a: Blacephalon|Bug\n|move|p1a: Blacephalon|Shadow Ball|p2a: Gigalith\n|-damage|p2a: Gigalith|20\/100\n|move|p2a: Gigalith|Earthquake|p1a: Blacephalon\n|-resisted|p1a: Blacephalon\n|-damage|p1a: Blacephalon|53\/100\n|\n|upkeep\n|turn|14\n|-enditem|p2a: Gigalith|Custap Berry|[eat]\n|-activate|p2a: Gigalith|item: Custap Berry|[consumed]\n|\n|t:|1700807873\n|move|p2a: Gigalith|Explosion|p1a: Blacephalon\n|-damage|p1a: Blacephalon|0 fnt\n|faint|p2a: Gigalith\n|faint|p1a: Blacephalon\n|\n|upkeep\n|\n|t:|1700807886\n|switch|p1a: Clodsire|Clodsire, M|100\/100\n|switch|p2a: Pawmot|Pawmot, F, tera:Electric|100\/100\n|turn|15\n|\n|t:|1700807897\n|move|p2a: Pawmot|Revival Blessing|p2a: Pawmot\n|\n|t:|1700807900\n|-heal|p2: Gigalith|50\/100|[from] move: Revival Blessing\n|move|p1a: Clodsire|Earthquake|p2a: Pawmot\n|-supereffective|p2a: Pawmot\n|-damage|p2a: Pawmot|14\/100\n|\n|upkeep\n|turn|16\n|\n|t:|1700807907\n|switch|p2a: Alomomola|Alomomola, F|100\/100\n|move|p1a: Clodsire|Spikes|p2a: Alomomola\n|-sidestart|p2: But the government|Spikes\n|\n|upkeep\n|turn|17\n|\n|t:|1700807912\n|move|p2a: Alomomola|Wish|p2a: Alomomola\n|move|p1a: Clodsire|Toxic|p2a: Alomomola\n|-status|p2a: Alomomola|tox\n|\n|-damage|p2a: Alomomola|94\/100 tox|[from] psn\n|upkeep\n|turn|18\n|\n|t:|1700807919\n|switch|p2a: Gigalith|Gigalith, M|50\/100\n|-damage|p2a: Gigalith|38\/100|[from] Spikes\n|move|p1a: Clodsire|Earthquake|p2a: Gigalith\n|-supereffective|p2a: Gigalith\n|-damage|p2a: Gigalith|0 fnt\n|faint|p2a: Gigalith\n|\n|upkeep\n|\n|t:|1700807928\n|switch|p2a: Kartana|Kartana|72\/100\n|-damage|p2a: Kartana|60\/100|[from] Spikes\n|turn|19\n|\n|t:|1700807937\n|move|p2a: Kartana|Psycho Cut|p1a: Clodsire\n|-supereffective|p1a: Clodsire\n|-damage|p1a: Clodsire|29\/100\n|move|p1a: Clodsire|Earthquake|p2a: Kartana\n|-damage|p2a: Kartana|31\/100\n|\n|upkeep\n|turn|20\n|\n|t:|1700807959\n|move|p2a: Kartana|Psycho Cut|p1a: Clodsire\n|-supereffective|p1a: Clodsire\n|-damage|p1a: Clodsire|0 fnt\n|faint|p1a: Clodsire\n|-ability|p2a: Kartana|Beast Boost|boost\n|-boost|p2a: Kartana|atk|1\n|\n|upkeep\n|\n|t:|1700807966\n|switch|p1a: Tyranitar|Tyranitar, M|100\/100\n|-weather|Sandstorm|[from] ability: Sand Stream|[of] p1a: Tyranitar\n|turn|21\n|\n|t:|1700807973\n|switch|p2a: Pawmot|Pawmot, F, tera:Electric|14\/100\n|-damage|p2a: Pawmot|2\/100|[from] Spikes\n|detailschange|p1a: Tyranitar|Tyranitar-Mega, M\n|-mega|p1a: Tyranitar|Tyranitar|Tyranitarite\n|move|p1a: Tyranitar|Knock Off|p2a: Pawmot\n|-damage|p2a: Pawmot|0 fnt\n|-enditem|p2a: Pawmot|Choice Scarf|[from] move: Knock Off|[of] p1a: Tyranitar\n|faint|p2a: Pawmot\n|\n|-weather|Sandstorm|[upkeep]\n|upkeep\n|\n|t:|1700807984\n|switch|p2a: Kartana|Kartana|31\/100\n|-damage|p2a: Kartana|18\/100|[from] Spikes\n|turn|22\n|\n|t:|1700807986\n|move|p2a: Kartana|Sacred Sword|p1a: Tyranitar\n|-supereffective|p1a: Tyranitar\n|-damage|p1a: Tyranitar|0 fnt\n|faint|p1a: Tyranitar\n|-ability|p2a: Kartana|Beast Boost|boost\n|-boost|p2a: Kartana|atk|1\n|\n|-weather|Sandstorm|[upkeep]\n|upkeep\n|\n|t:|1700807991\n|switch|p1a: Zapdos|Zapdos|31\/100\n|turn|23\n|\n|t:|1700807993\n|move|p2a: Kartana|Sacred Sword|p1a: Zapdos\n|-resisted|p1a: Zapdos\n|-damage|p1a: Zapdos|9\/100\n|move|p1a: Zapdos|Roost|p1a: Zapdos\n|-heal|p1a: Zapdos|59\/100\n|-singleturn|p1a: Zapdos|move: Roost\n|\n|-weather|Sandstorm|[upkeep]\n|-damage|p1a: Zapdos|53\/100|[from] Sandstorm\n|upkeep\n|turn|24\n|\n|t:|1700808001\n|move|p2a: Kartana|Sacred Sword|p1a: Zapdos\n|-resisted|p1a: Zapdos\n|-crit|p1a: Zapdos\n|-damage|p1a: Zapdos|19\/100\n|move|p1a: Zapdos|Thunderbolt|p2a: Kartana\n|-resisted|p2a: Kartana\n|-damage|p2a: Kartana|0 fnt\n|faint|p2a: Kartana\n|\n|-weather|Sandstorm|[upkeep]\n|-damage|p1a: Zapdos|13\/100|[from] Sandstorm\n|upkeep\n|\n|t:|1700808007\n|switch|p2a: Alomomola|Alomomola, F|100\/100 tox\n|-damage|p2a: Alomomola|88\/100 tox|[from] Spikes\n|turn|25\n|\n|t:|1700808011\n|move|p1a: Zapdos|Roost|p1a: Zapdos\n|-heal|p1a: Zapdos|63\/100\n|-singleturn|p1a: Zapdos|move: Roost\n|move|p2a: Alomomola|Scald|p1a: Zapdos\n|-crit|p1a: Zapdos\n|-damage|p1a: Zapdos|41\/100\n|\n|-weather|none\n|-damage|p2a: Alomomola|82\/100 tox|[from] psn\n|upkeep\n|turn|26\n|\n|t:|1700808018\n|move|p1a: Zapdos|Roost|p1a: Zapdos\n|-heal|p1a: Zapdos|91\/100\n|-singleturn|p1a: Zapdos|move: Roost\n|-zpower|p2a: Alomomola\n|move|p2a: Alomomola|Z-Wish|p2a: Alomomola|[anim]Wish\n|-boost|p2a: Alomomola|spd|1|[zeffect]\n|\n|-damage|p2a: Alomomola|70\/100 tox|[from] psn\n|upkeep\n|turn|27\n|\n|t:|1700808025\n|move|p1a: Zapdos|U-turn|p2a: Alomomola\n|-damage|p2a: Alomomola|62\/100 tox\n|\n|t:|1700808027\n|switch|p1a: Ogerpon|Ogerpon-Wellspring, F|26\/100|[from] U-turn\n|move|p2a: Alomomola|Toxic|p1a: Ogerpon\n|-status|p1a: Ogerpon|tox\n|\n|-heal|p2a: Alomomola|100\/100 tox|[from] move: Wish|[wisher] Alomomola\n|-damage|p1a: Ogerpon|20\/100 tox|[from] psn\n|-damage|p2a: Alomomola|82\/100 tox|[from] psn\n|upkeep\n|turn|28\n|inactive|But the government has 120 seconds left.\n|l|\u2606But the government\n|inactive|But the government disconnected and has a minute to reconnect!\n|player|p2|\n|n|\u2606Logan! Watch This|loganwatchthis\n|c|\u2606Logan! Watch This|Fuckin loser\n|inactive|But the government has 30 seconds to reconnect!\n|inactive|But the government has 20 seconds to reconnect!\n|inactive|But the government has 15 seconds to reconnect!\n|inactive|But the government has 10 seconds to reconnect!\n|inactive|But the government has 5 seconds to reconnect!\n|-message|But the government lost due to inactivity.\n|\n|win|Logan! Watch This\n|raw|Logan! Watch This's rating: 1082 &rarr; <strong>1113<\/strong><br \/>(+31 for winning)\n|raw|But the government's rating: 1127 &rarr; <strong>1099<\/strong><br \/>(-28 for losing)\n","uploadtime":1700808083,"views":7,"p1id":"loganwatchthis","p2id":"butthegovernment","formatid":"gen9nationaldex","rating":1099,"private":0,"password":""}