{"id":"gen9nationaldex-1996121168","p1":"Ruinous Tusk","p2":"wajk","format":"[Gen 9] National Dex","log":"|html|<div class=\"broadcast-blue\"><strong>[Gen 9] National Dex is currently suspecting Sneasler! For information on how to participate check out the <a href=\"https:\/\/www.smogon.com\/forums\/threads\/sv-national-dex-suspect-8-just-dance.3731534\/\">suspect thread<\/a>.<\/strong><\/div>\n|j|\u2606Ruinous Tusk\n|j|\u2606wajk\n|t:|1700647353\n|gametype|singles\n|player|p1|Ruinous Tusk|hilbert|1158\n|player|p2|wajk|shauntal|1249\n|teamsize|p1|6\n|teamsize|p2|6\n|gen|9\n|tier|[Gen 9] National Dex\n|rated|\n|rule|HP Percentage Mod: HP is shown in percentages\n|rule|Endless Battle Clause: Forcing endless battles is banned\n|rule|OHKO Clause: OHKO moves are banned\n|rule|Evasion Clause: Evasion abilities, items, and moves are banned\n|rule|Evasion Abilities Clause: Evasion abilities are banned\n|rule|Evasion Items Clause: Evasion items are banned\n|rule|Evasion Moves Clause: Evasion moves are banned\n|rule|Species Clause: Limit one of each Pok\u00e9mon\n|rule|Sleep Clause Mod: Limit one foe put to sleep\n|clearpoke\n|poke|p1|Tapu Koko|\n|poke|p1|Iron Valiant|\n|poke|p1|Sneasler, M|\n|poke|p1|Charizard, M|\n|poke|p1|Hatterene, F|\n|poke|p1|Victini|\n|poke|p2|Tyranitar, M|\n|poke|p2|Volcarona, F|\n|poke|p2|Grimmsnarl, M|\n|poke|p2|Heatran, F|\n|poke|p2|Kartana|\n|poke|p2|Landorus-Therian, M|\n|teampreview\n|inactive|Battle timer is ON: inactive players will automatically lose when time's up. (requested by Ruinous Tusk)\n|\n|t:|1700647384\n|start\n|switch|p1a: Tapu Koko|Tapu Koko|100\/100\n|switch|p2a: Landorus|Landorus-Therian, M|100\/100\n|-fieldstart|move: Electric Terrain|[from] ability: Electric Surge|[of] p1a: Tapu Koko\n|-ability|p2a: Landorus|Intimidate|boost\n|-unboost|p1a: Tapu Koko|atk|1\n|turn|1\n|\n|t:|1700647393\n|move|p1a: Tapu Koko|U-turn|p2a: Landorus\n|-resisted|p2a: Landorus\n|-damage|p2a: Landorus|96\/100\n|\n|t:|1700647399\n|switch|p1a: Hatterene|Hatterene, F|100\/100|[from] U-turn\n|move|p2a: Landorus|Stealth Rock|p1a: Hatterene\n|move|p1a: Hatterene|Stealth Rock|p2a: Landorus|[from]ability: Magic Bounce\n|-sidestart|p2: wajk|move: Stealth Rock\n|\n|-heal|p2a: Landorus|100\/100|[from] item: Leftovers\n|upkeep\n|turn|2\n|\n|t:|1700647410\n|switch|p1a: Charizard|Charizard, M|100\/100\n|move|p2a: Landorus|Defog|p1a: Charizard\n|-unboost|p1a: Charizard|evasion|1\n|-sideend|p2: wajk|Stealth Rock|[from] move: Defog|[of] p2a: Landorus\n|-fieldend|move: Electric Terrain\n|\n|upkeep\n|turn|3\n|\n|t:|1700647426\n|detailschange|p1a: Charizard|Charizard-Mega-Y, M\n|-mega|p1a: Charizard|Charizard|Charizardite Y\n|-weather|SunnyDay|[from] ability: Drought|[of] p1a: Charizard\n|move|p1a: Charizard|Solar Beam||[still]\n|-prepare|p1a: Charizard|Solar Beam\n|-anim|p1a: Charizard|Solar Beam|p2a: Landorus\n|-damage|p2a: Landorus|37\/100\n|move|p2a: Landorus|Stealth Rock|p1a: Charizard\n|-sidestart|p1: Ruinous Tusk|move: Stealth Rock\n|\n|-weather|SunnyDay|[upkeep]\n|-heal|p2a: Landorus|43\/100|[from] item: Leftovers\n|upkeep\n|turn|4\n|\n|t:|1700647439\n|move|p1a: Charizard|Flamethrower|p2a: Landorus\n|-damage|p2a: Landorus|0 fnt\n|faint|p2a: Landorus\n|\n|-weather|SunnyDay|[upkeep]\n|upkeep\n|\n|t:|1700647446\n|switch|p2a: Grimmsnarl|Grimmsnarl, M|100\/100\n|turn|5\n|\n|t:|1700647450\n|move|p2a: Grimmsnarl|Light Screen|p2a: Grimmsnarl\n|-sidestart|p2: wajk|move: Light Screen\n|move|p1a: Charizard|Flamethrower|p2a: Grimmsnarl\n|-damage|p2a: Grimmsnarl|62\/100\n|\n|-weather|SunnyDay|[upkeep]\n|upkeep\n|turn|6\n|\n|t:|1700647457\n|move|p2a: Grimmsnarl|Reflect|p2a: Grimmsnarl\n|-sidestart|p2: wajk|Reflect\n|move|p1a: Charizard|Flamethrower|p2a: Grimmsnarl\n|-damage|p2a: Grimmsnarl|23\/100\n|\n|-weather|SunnyDay|[upkeep]\n|upkeep\n|turn|7\n|\n|t:|1700647463\n|move|p2a: Grimmsnarl|Parting Shot|p1a: Charizard\n|-unboost|p1a: Charizard|atk|1\n|-unboost|p1a: Charizard|spa|1\n|\n|t:|1700647467\n|switch|p2a: Tyranitar|Tyranitar, M|100\/100|[from] Parting Shot\n|-weather|Sandstorm|[from] ability: Sand Stream|[of] p2a: Tyranitar\n|move|p1a: Charizard|Flamethrower|p2a: Tyranitar\n|-resisted|p2a: Tyranitar\n|-damage|p2a: Tyranitar|94\/100\n|\n|-weather|Sandstorm|[upkeep]\n|-damage|p1a: Charizard|94\/100|[from] Sandstorm\n|upkeep\n|turn|8\n|\n|t:|1700647479\n|switch|p1a: Tapu Koko|Tapu Koko|100\/100\n|-damage|p1a: Tapu Koko|88\/100|[from] Stealth Rock\n|-fieldstart|move: Electric Terrain|[from] ability: Electric Surge|[of] p1a: Tapu Koko\n|detailschange|p2a: Tyranitar|Tyranitar-Mega, M\n|-mega|p2a: Tyranitar|Tyranitar|Tyranitarite\n|move|p2a: Tyranitar|Dragon Dance|p2a: Tyranitar\n|-boost|p2a: Tyranitar|atk|1\n|-boost|p2a: Tyranitar|spe|1\n|\n|-weather|Sandstorm|[upkeep]\n|-damage|p1a: Tapu Koko|82\/100|[from] Sandstorm\n|upkeep\n|turn|9\n|\n|t:|1700647493\n|move|p2a: Tyranitar|Earthquake|p1a: Tapu Koko\n|-supereffective|p1a: Tapu Koko\n|-damage|p1a: Tapu Koko|0 fnt\n|faint|p1a: Tapu Koko\n|\n|-weather|Sandstorm|[upkeep]\n|upkeep\n|\n|t:|1700647500\n|switch|p1a: Iron Valiant|Iron Valiant|100\/100\n|-damage|p1a: Iron Valiant|94\/100|[from] Stealth Rock\n|-activate|p1a: Iron Valiant|ability: Quark Drive\n|-start|p1a: Iron Valiant|quarkdrivespe\n|turn|10\n|inactive|wajk has 120 seconds left.\n|\n|t:|1700647538\n|move|p1a: Iron Valiant|Close Combat|p2a: Tyranitar\n|-supereffective|p2a: Tyranitar\n|-damage|p2a: Tyranitar|0 fnt\n|-unboost|p1a: Iron Valiant|def|1\n|-unboost|p1a: Iron Valiant|spd|1\n|faint|p2a: Tyranitar\n|-damage|p1a: Iron Valiant|85\/100|[from] item: Life Orb\n|\n|-weather|Sandstorm|[upkeep]\n|-damage|p1a: Iron Valiant|78\/100|[from] Sandstorm\n|upkeep\n|-message|wajk forfeited.\n|\n|win|Ruinous Tusk\n|raw|Ruinous Tusk's rating: 1158 &rarr; <strong>1189<\/strong><br \/>(+31 for winning)\n|raw|wajk's rating: 1249 &rarr; <strong>1218<\/strong><br \/>(-31 for losing)\n|l|\u2606wajk\n","uploadtime":1700647555,"views":0,"p1id":"ruinoustusk","p2id":"wajk","formatid":"gen9nationaldex","rating":1189,"private":0,"password":""}