{"id":"gen9nationaldex-1987657679","p1":"Blake-Mamba","p2":"Pizza Boi St3v3","format":"[Gen 9] National Dex","log":"|j|\u2606Blake-Mamba\n|j|\u2606Pizza Boi St3v3\n|t:|1699624774\n|gametype|singles\n|player|p1|Blake-Mamba|juan|1285\n|player|p2|Pizza Boi St3v3|firebreather|1209\n|teamsize|p1|6\n|teamsize|p2|6\n|gen|9\n|tier|[Gen 9] National Dex\n|rated|\n|rule|HP Percentage Mod: HP is shown in percentages\n|rule|Endless Battle Clause: Forcing endless battles is banned\n|rule|OHKO Clause: OHKO moves are banned\n|rule|Evasion Clause: Evasion abilities, items, and moves are banned\n|rule|Evasion Abilities Clause: Evasion abilities are banned\n|rule|Evasion Items Clause: Evasion items are banned\n|rule|Evasion Moves Clause: Evasion moves are banned\n|rule|Species Clause: Limit one of each Pok\u00e9mon\n|rule|Sleep Clause Mod: Limit one foe put to sleep\n|clearpoke\n|poke|p1|Cinccino, F|\n|poke|p1|Zebstrika, M|\n|poke|p1|Ferrothorn, F|\n|poke|p1|Seismitoad, F|\n|poke|p1|Krookodile, M|\n|poke|p1|Emboar, F|\n|poke|p2|Diancie|\n|poke|p2|Gallade, M|\n|poke|p2|Ceruledge, F|\n|poke|p2|Manaphy|\n|poke|p2|Palossand, F|\n|poke|p2|Kartana|\n|teampreview\n|\n|t:|1699624782\n|start\n|switch|p1a: Cinccino|Cinccino, F|100\/100\n|switch|p2a: Honj\u014d Masamune|Kartana, shiny|100\/100\n|turn|1\n|\n|t:|1699624788\n|switch|p1a: Ferrothorn|Ferrothorn, F|100\/100\n|move|p2a: Honj\u014d Masamune|Sacred Sword|p1a: Ferrothorn\n|-supereffective|p1a: Ferrothorn\n|-damage|p1a: Ferrothorn|53\/100\n|-damage|p2a: Honj\u014d Masamune|88\/100|[from] ability: Iron Barbs|[of] p1a: Ferrothorn\n|-damage|p2a: Honj\u014d Masamune|72\/100|[from] item: Rocky Helmet|[of] p1a: Ferrothorn\n|\n|upkeep\n|turn|2\n|\n|t:|1699624798\n|move|p2a: Honj\u014d Masamune|Sacred Sword|p1a: Ferrothorn\n|-supereffective|p1a: Ferrothorn\n|-damage|p1a: Ferrothorn|10\/100\n|-damage|p2a: Honj\u014d Masamune|59\/100|[from] ability: Iron Barbs|[of] p1a: Ferrothorn\n|-damage|p2a: Honj\u014d Masamune|43\/100|[from] item: Rocky Helmet|[of] p1a: Ferrothorn\n|move|p1a: Ferrothorn|Body Press|p2a: Honj\u014d Masamune\n|-supereffective|p2a: Honj\u014d Masamune\n|-damage|p2a: Honj\u014d Masamune|0 fnt\n|faint|p2a: Honj\u014d Masamune\n|\n|upkeep\n|\n|t:|1699624805\n|switch|p2a: Joan|Ceruledge, F|100\/100\n|turn|3\n|\n|t:|1699624815\n|move|p2a: Joan|Bitter Blade|p1a: Ferrothorn\n|-supereffective|p1a: Ferrothorn\n|-damage|p1a: Ferrothorn|0 fnt\n|-damage|p2a: Joan|88\/100|[from] ability: Iron Barbs|[of] p1a: Ferrothorn\n|-damage|p2a: Joan|72\/100|[from] item: Rocky Helmet|[of] p1a: Ferrothorn\n|faint|p1a: Ferrothorn\n|\n|upkeep\n|\n|t:|1699624825\n|switch|p1a: Cinccino|Cinccino, F|100\/100\n|turn|4\n|\n|t:|1699624837\n|move|p1a: Cinccino|Rock Blast|p2a: Joan\n|-supereffective|p2a: Joan\n|-damage|p2a: Joan|31\/100\n|-supereffective|p2a: Joan\n|-damage|p2a: Joan|0 fnt\n|faint|p2a: Joan\n|-hitcount|p2: Joan|2\n|-damage|p1a: Cinccino|91\/100|[from] item: Life Orb\n|\n|upkeep\n|\n|t:|1699624846\n|switch|p2a: Waj\u014d|Palossand, F, shiny|100\/100\n|turn|5\n|\n|t:|1699624849\n|move|p1a: Cinccino|Triple Axel|p2a: Waj\u014d|[miss]\n|-miss|p1a: Cinccino|p2a: Waj\u014d\n|move|p2a: Waj\u014d|Toxic|p1a: Cinccino\n|-status|p1a: Cinccino|tox\n|\n|-damage|p1a: Cinccino|84\/100 tox|[from] psn\n|upkeep\n|turn|6\n|inactive|Battle timer is ON: inactive players will automatically lose when time's up. (requested by Blake-Mamba)\n|\n|t:|1699624868\n|move|p2a: Waj\u014d|Protect|p2a: Waj\u014d\n|-singleturn|p2a: Waj\u014d|Protect\n|move|p1a: Cinccino|Triple Axel|p2a: Waj\u014d\n|-activate|p2a: Waj\u014d|move: Protect\n|\n|-damage|p1a: Cinccino|72\/100 tox|[from] psn\n|upkeep\n|turn|7\n|\n|t:|1699624877\n|switch|p2a: Princess|Diancie|100\/100\n|move|p1a: Cinccino|Bullet Seed|p2a: Princess\n|-supereffective|p2a: Princess\n|-damage|p2a: Princess|71\/100\n|-supereffective|p2a: Princess\n|-damage|p2a: Princess|42\/100\n|-hitcount|p2a: Princess|2\n|-damage|p1a: Cinccino|62\/100 tox|[from] item: Life Orb\n|\n|-damage|p1a: Cinccino|43\/100 tox|[from] psn\n|upkeep\n|turn|8\n|\n|t:|1699624887\n|detailschange|p2a: Princess|Diancie-Mega\n|-mega|p2a: Princess|Diancie|Diancite\n|move|p2a: Princess|Draining Kiss|p1a: Cinccino\n|-damage|p1a: Cinccino|6\/100 tox\n|-heal|p2a: Princess|76\/100|[from] drain|[of] p1a: Cinccino\n|move|p1a: Cinccino|Bullet Seed|p2a: Princess\n|-supereffective|p2a: Princess\n|-damage|p2a: Princess|41\/100\n|-supereffective|p2a: Princess\n|-damage|p2a: Princess|4\/100\n|-supereffective|p2a: Princess\n|-damage|p2a: Princess|0 fnt\n|faint|p2a: Princess\n|-hitcount|p2: Princess|3\n|-damage|p1a: Cinccino|0 fnt|[from] item: Life Orb\n|faint|p1a: Cinccino\n|\n|upkeep\n|\n|t:|1699624904\n|switch|p2a: Waj\u014d|Palossand, F, shiny|100\/100\n|switch|p1a: Seismitoad|Seismitoad, F|100\/100\n|turn|9\n|\n|t:|1699624921\n|move|p1a: Seismitoad|Hydro Pump|p2a: Waj\u014d\n|-supereffective|p2a: Waj\u014d\n|-damage|p2a: Waj\u014d|0 fnt\n|faint|p2a: Waj\u014d\n|\n|upkeep\n|\n|t:|1699624926\n|switch|p2a: Saber|Gallade, M, shiny|100\/100\n|turn|10\n|\n|t:|1699624950\n|move|p2a: Saber|Leaf Blade|p1a: Seismitoad\n|-supereffective|p1a: Seismitoad\n|-damage|p1a: Seismitoad|0 fnt\n|faint|p1a: Seismitoad\n|\n|upkeep\n|\n|t:|1699624956\n|switch|p1a: Zebstrika|Zebstrika, M, shiny|100\/100\n|turn|11\n|\n|t:|1699624965\n|move|p2a: Saber|Leaf Blade|p1a: Zebstrika\n|-ability|p1a: Zebstrika|Sap Sipper|boost\n|-boost|p1a: Zebstrika|atk|1\n|move|p1a: Zebstrika|Flame Charge|p2a: Saber\n|-damage|p2a: Saber|59\/100\n|-boost|p1a: Zebstrika|spe|1\n|\n|upkeep\n|turn|12\n|\n|t:|1699624973\n|switch|p2a: Prince|Manaphy|100\/100\n|move|p1a: Zebstrika|Wild Charge|p2a: Prince\n|-supereffective|p2a: Prince\n|-damage|p2a: Prince|0 fnt\n|faint|p2a: Prince\n|-damage|p1a: Zebstrika|66\/100|[from] Recoil\n|\n|upkeep\n|\n|t:|1699624979\n|switch|p2a: Saber|Gallade, M, shiny|59\/100\n|turn|13\n|\n|t:|1699624986\n|-zpower|p1a: Zebstrika\n|move|p1a: Zebstrika|Gigavolt Havoc|p2a: Saber|[zeffect]\n|-damage|p2a: Saber|0 fnt\n|faint|p2a: Saber\n|\n|win|Blake-Mamba\n|raw|Blake-Mamba's rating: 1285 &rarr; <strong>1305<\/strong><br \/>(+20 for winning)\n|raw|Pizza Boi St3v3's rating: 1209 &rarr; <strong>1189<\/strong><br \/>(-20 for losing)\n|c|\u2606Blake-Mamba|Gg\n|l|\u2606Pizza Boi St3v3\n","uploadtime":1699624999,"views":13,"p1id":"blakemamba","p2id":"pizzaboist3v3","formatid":"gen9nationaldex","rating":1189,"private":0,"password":""}