{"id":"gen9nationaldex-1990106137","p1":"Darklyst","p2":"savagewolf98420","format":"[Gen 9] National Dex","log":"|j|\u2606Darklyst\n|j|\u2606savagewolf98420\n|t:|1699925167\n|gametype|singles\n|player|p1|Darklyst|youngster|1204\n|player|p2|savagewolf98420|koga|1244\n|teamsize|p1|6\n|teamsize|p2|6\n|gen|9\n|tier|[Gen 9] National Dex\n|rated|\n|rule|HP Percentage Mod: HP is shown in percentages\n|rule|Endless Battle Clause: Forcing endless battles is banned\n|rule|OHKO Clause: OHKO moves are banned\n|rule|Evasion Clause: Evasion abilities, items, and moves are banned\n|rule|Evasion Abilities Clause: Evasion abilities are banned\n|rule|Evasion Items Clause: Evasion items are banned\n|rule|Evasion Moves Clause: Evasion moves are banned\n|rule|Species Clause: Limit one of each Pok\u00e9mon\n|rule|Sleep Clause Mod: Limit one foe put to sleep\n|clearpoke\n|poke|p1|Azumarill, F|\n|poke|p1|Houndoom, M|\n|poke|p1|Landorus-Therian, M|\n|poke|p1|Zoroark-Hisui, M|\n|poke|p1|Slurpuff, F|\n|poke|p1|Kartana|\n|poke|p2|Swampert, M|\n|poke|p2|Pelipper, M|\n|poke|p2|Zapdos|\n|poke|p2|Rotom-Wash|\n|poke|p2|Manaphy|\n|poke|p2|Kabutops, M|\n|teampreview\n|\n|t:|1699925192\n|start\n|switch|p1a: Slurpuff|Slurpuff, F|100\/100\n|switch|p2a: Pelipper|Pelipper, M|100\/100\n|-weather|RainDance|[from] ability: Drizzle|[of] p2a: Pelipper\n|turn|1\n|inactive|Battle timer is ON: inactive players will automatically lose when time's up. (requested by savagewolf98420)\n|\n|t:|1699925205\n|move|p1a: Slurpuff|Yawn|p2a: Pelipper\n|-start|p2a: Pelipper|move: Yawn|[of] p1a: Slurpuff\n|move|p2a: Pelipper|Hurricane|p1a: Slurpuff\n|-damage|p1a: Slurpuff|59\/100\n|\n|-weather|RainDance|[upkeep]\n|upkeep\n|turn|2\n|\n|t:|1699925219\n|switch|p2a: Kabutops|Kabutops, M|100\/100\n|move|p1a: Slurpuff|Sticky Web|p2a: Kabutops\n|-sidestart|p2: savagewolf98420|move: Sticky Web\n|\n|-weather|RainDance|[upkeep]\n|upkeep\n|turn|3\n|\n|t:|1699925233\n|move|p2a: Kabutops|Rapid Spin|p1a: Slurpuff\n|-damage|p1a: Slurpuff|40\/100\n|-boost|p2a: Kabutops|spe|1\n|-sideend|p2: savagewolf98420|Sticky Web|[from] move: Rapid Spin|[of] p2a: Kabutops\n|move|p1a: Slurpuff|Yawn|p2a: Kabutops\n|-start|p2a: Kabutops|move: Yawn|[of] p1a: Slurpuff\n|\n|-weather|RainDance|[upkeep]\n|upkeep\n|turn|4\n|\n|t:|1699925242\n|move|p2a: Kabutops|Flip Turn|p1a: Slurpuff\n|-damage|p1a: Slurpuff|0 fnt\n|faint|p1a: Slurpuff\n|\n|t:|1699925252\n|switch|p2a: Rotom|Rotom-Wash|100\/100|[from] Flip Turn\n|\n|-weather|RainDance|[upkeep]\n|upkeep\n|\n|t:|1699925258\n|switch|p1a: Kartana|Kartana|100\/100\n|turn|5\n|\n|t:|1699925269\n|move|p1a: Kartana|Knock Off|p2a: Rotom\n|-damage|p2a: Rotom|42\/100\n|-enditem|p2a: Rotom|Damp Rock|[from] move: Knock Off|[of] p1a: Kartana\n|move|p2a: Rotom|Volt Switch|p1a: Kartana\n|-resisted|p1a: Kartana\n|-crit|p1a: Kartana\n|-damage|p1a: Kartana|24\/100\n|\n|t:|1699925283\n|switch|p2a: Kabutops|Kabutops, M|100\/100|[from] Volt Switch\n|\n|-weather|none\n|upkeep\n|turn|6\n|\n|t:|1699925294\n|switch|p2a: Pelipper|Pelipper, M|100\/100\n|-weather|RainDance|[from] ability: Drizzle|[of] p2a: Pelipper\n|move|p1a: Kartana|Knock Off|p2a: Pelipper\n|-crit|p2a: Pelipper\n|-damage|p2a: Pelipper|47\/100\n|-enditem|p2a: Pelipper|Focus Sash|[from] move: Knock Off|[of] p1a: Kartana\n|\n|-weather|RainDance|[upkeep]\n|upkeep\n|turn|7\n|-message|Darklyst forfeited.\n|\n|win|savagewolf98420\n|raw|Darklyst's rating: 1204 &rarr; <strong>1182<\/strong><br \/>(-22 for losing)\n|raw|savagewolf98420's rating: 1244 &rarr; <strong>1266<\/strong><br \/>(+22 for winning)\n|l|\u2606Darklyst\n","uploadtime":1699925312,"views":7,"p1id":"darklyst","p2id":"savagewolf98420","formatid":"gen9nationaldex","rating":1182,"private":0,"password":""}