{"id":"gen9nationaldex-1996970540","p1":"Braquelo","p2":"AntonyJ0666","format":"[Gen 9] National Dex","log":"|html|<div class=\"broadcast-blue\"><strong>[Gen 9] National Dex is currently suspecting Sneasler! For information on how to participate check out the <a href=\"https:\/\/www.smogon.com\/forums\/threads\/sv-national-dex-suspect-8-just-dance.3731534\/\">suspect thread<\/a>.<\/strong><\/div>\n|j|\u2606Braquelo\n|j|\u2606AntonyJ0666\n|t:|1700751027\n|gametype|singles\n|player|p1|Braquelo|raihan|1101\n|player|p2|AntonyJ0666|cynthia|1181\n|teamsize|p1|6\n|teamsize|p2|6\n|gen|9\n|tier|[Gen 9] National Dex\n|rated|\n|rule|HP Percentage Mod: HP is shown in percentages\n|rule|Endless Battle Clause: Forcing endless battles is banned\n|rule|OHKO Clause: OHKO moves are banned\n|rule|Evasion Clause: Evasion abilities, items, and moves are banned\n|rule|Evasion Abilities Clause: Evasion abilities are banned\n|rule|Evasion Items Clause: Evasion items are banned\n|rule|Evasion Moves Clause: Evasion moves are banned\n|rule|Species Clause: Limit one of each Pok\u00e9mon\n|rule|Sleep Clause Mod: Limit one foe put to sleep\n|clearpoke\n|poke|p1|Sneasler, F|\n|poke|p1|Wyrdeer, F|\n|poke|p1|Lilligant-Hisui, F|\n|poke|p1|Basculegion-F, F|\n|poke|p1|Goodra-Hisui, F|\n|poke|p1|Arcanine-Hisui, M|\n|poke|p2|Hippowdon, F|\n|poke|p2|Garchomp, F|\n|poke|p2|Excadrill, M|\n|poke|p2|Landorus-Therian, M|\n|poke|p2|Mamoswine, F|\n|poke|p2|Gastrodon, M|\n|teampreview\n|inactive|Battle timer is ON: inactive players will automatically lose when time's up. (requested by AntonyJ0666)\n|\n|t:|1700751057\n|start\n|switch|p1a: Basculegion|Basculegion-F, F, shiny|100\/100\n|switch|p2a: Gastrodon|Gastrodon, M|100\/100\n|turn|1\n|\n|t:|1700751064\n|move|p1a: Basculegion|Shadow Ball|p2a: Gastrodon\n|-damage|p2a: Gastrodon|54\/100\n|move|p2a: Gastrodon|Toxic|p1a: Basculegion\n|-status|p1a: Basculegion|tox\n|\n|-heal|p2a: Gastrodon|61\/100|[from] item: Leftovers\n|-damage|p1a: Basculegion|94\/100 tox|[from] psn\n|upkeep\n|turn|2\n|\n|t:|1700751078\n|switch|p2a: Landorus|Landorus-Therian, M|100\/100\n|-ability|p2a: Landorus|Intimidate|boost\n|-unboost|p1a: Basculegion|atk|1\n|move|p1a: Basculegion|Shadow Ball|p2a: Landorus\n|-damage|p2a: Landorus|56\/100\n|-unboost|p2a: Landorus|spd|1\n|\n|-heal|p2a: Landorus|62\/100|[from] item: Leftovers\n|-damage|p1a: Basculegion|82\/100 tox|[from] psn\n|upkeep\n|turn|3\n|\n|t:|1700751091\n|move|p1a: Basculegion|Shadow Ball|p2a: Landorus\n|-damage|p2a: Landorus|0 fnt\n|faint|p2a: Landorus\n|\n|-damage|p1a: Basculegion|64\/100 tox|[from] psn\n|upkeep\n|\n|t:|1700751102\n|switch|p2a: Hippowdon|Hippowdon, F|100\/100\n|-weather|Sandstorm|[from] ability: Sand Stream|[of] p2a: Hippowdon\n|turn|4\n|\n|t:|1700751131\n|switch|p1a: Sneasler|Sneasler, F, shiny|100\/100\n|-item|p1a: Sneasler|Air Balloon\n|switch|p2a: Mamoswine|Mamoswine, F|100\/100\n|\n|-weather|Sandstorm|[upkeep]\n|-damage|p1a: Sneasler|95\/100|[from] Sandstorm\n|upkeep\n|turn|5\n|\n|t:|1700751142\n|switch|p2a: Hippowdon|Hippowdon, F|100\/100\n|move|p1a: Sneasler|Swords Dance|p1a: Sneasler\n|-boost|p1a: Sneasler|atk|2\n|\n|-weather|Sandstorm|[upkeep]\n|-damage|p1a: Sneasler|89\/100|[from] Sandstorm\n|upkeep\n|turn|6\n|\n|t:|1700751152\n|move|p1a: Sneasler|Dire Claw|p2a: Hippowdon\n|-resisted|p2a: Hippowdon\n|-damage|p2a: Hippowdon|77\/100\n|-status|p2a: Hippowdon|psn\n|move|p2a: Hippowdon|Stealth Rock|p1a: Sneasler\n|-sidestart|p1: Braquelo|move: Stealth Rock\n|\n|-weather|Sandstorm|[upkeep]\n|-damage|p1a: Sneasler|83\/100|[from] Sandstorm\n|-heal|p2a: Hippowdon|83\/100 psn|[from] item: Leftovers\n|-damage|p2a: Hippowdon|70\/100 psn|[from] psn\n|upkeep\n|turn|7\n|\n|t:|1700751166\n|move|p1a: Sneasler|Close Combat|p2a: Hippowdon\n|-damage|p2a: Hippowdon|0 fnt\n|-unboost|p1a: Sneasler|def|1\n|-unboost|p1a: Sneasler|spd|1\n|faint|p2a: Hippowdon\n|\n|-weather|Sandstorm|[upkeep]\n|-damage|p1a: Sneasler|77\/100|[from] Sandstorm\n|upkeep\n|inactive|AntonyJ0666 has 120 seconds left.\n|\n|t:|1700751178\n|switch|p2a: Gastrodon|Gastrodon, M|61\/100\n|turn|8\n|\n|t:|1700751182\n|move|p1a: Sneasler|Close Combat|p2a: Gastrodon\n|-crit|p2a: Gastrodon\n|-damage|p2a: Gastrodon|0 fnt\n|-unboost|p1a: Sneasler|def|1\n|-unboost|p1a: Sneasler|spd|1\n|faint|p2a: Gastrodon\n|\n|-weather|none\n|upkeep\n|\n|t:|1700751195\n|switch|p2a: Mamoswine|Mamoswine, F|100\/100\n|turn|9\n|\n|t:|1700751206\n|move|p2a: Mamoswine|Ice Shard|p1a: Sneasler\n|-damage|p1a: Sneasler|7\/100\n|-enditem|p1a: Sneasler|Air Balloon\n|move|p1a: Sneasler|Close Combat|p2a: Mamoswine\n|-supereffective|p2a: Mamoswine\n|-damage|p2a: Mamoswine|0 fnt\n|-unboost|p1a: Sneasler|def|1\n|-unboost|p1a: Sneasler|spd|1\n|faint|p2a: Mamoswine\n|\n|upkeep\n|\n|t:|1700751215\n|switch|p2a: Garchomp|Garchomp, F|100\/100\n|turn|10\n|\n|t:|1700751225\n|-terastallize|p2a: Garchomp|Dragon\n|move|p1a: Sneasler|Close Combat|p2a: Garchomp\n|-damage|p2a: Garchomp|0 fnt\n|-unboost|p1a: Sneasler|def|1\n|-unboost|p1a: Sneasler|spd|1\n|-damage|p1a: Sneasler|0 fnt|[from] ability: Rough Skin|[of] p2a: Garchomp\n|faint|p2a: Garchomp\n|faint|p1a: Sneasler\n|\n|upkeep\n|\n|t:|1700751244\n|switch|p1a: Basculegion|Basculegion-F, F, shiny|64\/100 tox\n|switch|p2a: Excadrill|Excadrill, M|100\/100\n|-damage|p1a: Basculegion|52\/100 tox|[from] Stealth Rock\n|turn|11\n|\n|t:|1700751250\n|move|p1a: Basculegion|Hydro Pump|p2a: Excadrill\n|-supereffective|p2a: Excadrill\n|-damage|p2a: Excadrill|0 fnt\n|faint|p2a: Excadrill\n|\n|win|Braquelo\n|raw|Braquelo's rating: 1101 &rarr; <strong>1132<\/strong><br \/>(+31 for winning)\n|raw|AntonyJ0666's rating: 1181 &rarr; <strong>1150<\/strong><br \/>(-31 for losing)\n","uploadtime":1700751258,"views":12,"p1id":"braquelo","p2id":"antonyj0666","formatid":"gen9nationaldex","rating":1132,"private":0,"password":""}