{"id":"gen9nationaldex-1996521147","p1":"alphabet_donke","p2":"AlcoholicDraggo","format":"[Gen 9] National Dex","log":"|html|<div class=\"broadcast-blue\"><strong>[Gen 9] National Dex is currently suspecting Sneasler! For information on how to participate check out the <a href=\"https:\/\/www.smogon.com\/forums\/threads\/sv-national-dex-suspect-8-just-dance.3731534\/\">suspect thread<\/a>.<\/strong><\/div>\n|j|\u2606alphabet_donke\n|j|\u2606AlcoholicDraggo\n|t:|1700690182\n|gametype|singles\n|player|p1|alphabet_donke|colress|1120\n|player|p2|AlcoholicDraggo|unknown|1073\n|teamsize|p1|6\n|teamsize|p2|6\n|gen|9\n|tier|[Gen 9] National Dex\n|rated|\n|rule|HP Percentage Mod: HP is shown in percentages\n|rule|Endless Battle Clause: Forcing endless battles is banned\n|rule|OHKO Clause: OHKO moves are banned\n|rule|Evasion Clause: Evasion abilities, items, and moves are banned\n|rule|Evasion Abilities Clause: Evasion abilities are banned\n|rule|Evasion Items Clause: Evasion items are banned\n|rule|Evasion Moves Clause: Evasion moves are banned\n|rule|Species Clause: Limit one of each Pok\u00e9mon\n|rule|Sleep Clause Mod: Limit one foe put to sleep\n|clearpoke\n|poke|p1|Lycanroc-Midnight, M|\n|poke|p1|Iron Treads|\n|poke|p1|Galvantula, M|\n|poke|p1|Zangoose, M|\n|poke|p1|Ceruledge, M|\n|poke|p1|Dragonite, M|\n|poke|p2|Wooper, M|\n|poke|p2|Mew|\n|poke|p2|Heatran, M|\n|poke|p2|Shiftry, M|\n|poke|p2|Whimsicott, L1, F|\n|poke|p2|Charizard, F|\n|teampreview\n|inactive|Battle timer is ON: inactive players will automatically lose when time's up. (requested by alphabet_donke)\n|\n|t:|1700690187\n|start\n|switch|p1a: Galvantula|Galvantula, M, shiny|100\/100\n|switch|p2a: Mew|Mew|100\/100\n|turn|1\n|\n|t:|1700690193\n|move|p2a: Mew|Stealth Rock|p1a: Galvantula\n|-sidestart|p1: alphabet_donke|move: Stealth Rock\n|move|p1a: Galvantula|Sticky Web|p2a: Mew\n|-sidestart|p2: AlcoholicDraggo|move: Sticky Web\n|\n|upkeep\n|turn|2\n|\n|t:|1700690201\n|move|p2a: Mew|Blizzard|p1a: Galvantula|[miss]\n|-miss|p2a: Mew|p1a: Galvantula\n|move|p1a: Galvantula|Bug Buzz|p2a: Mew\n|-supereffective|p2a: Mew\n|-damage|p2a: Mew|24\/100\n|-unboost|p2a: Mew|spd|1\n|\n|upkeep\n|turn|3\n|c|\u2606alphabet_donke|oof rng did u dirty\n|\n|t:|1700690217\n|move|p2a: Mew|Blizzard|p1a: Galvantula\n|-damage|p1a: Galvantula|49\/100\n|move|p1a: Galvantula|Bug Buzz|p2a: Mew\n|-supereffective|p2a: Mew\n|-damage|p2a: Mew|0 fnt\n|faint|p2a: Mew\n|\n|upkeep\n|\n|t:|1700690237\n|switch|p2a: Charizard|Charizard, F|100\/100\n|turn|4\n|\n|t:|1700690251\n|detailschange|p2a: Charizard|Charizard-Mega-Y, F\n|-mega|p2a: Charizard|Charizard|Charizardite Y\n|-weather|SunnyDay|[from] ability: Drought|[of] p2a: Charizard\n|move|p2a: Charizard|Ancient Power|p1a: Galvantula\n|-supereffective|p1a: Galvantula\n|-damage|p1a: Galvantula|0 fnt\n|faint|p1a: Galvantula\n|\n|-weather|SunnyDay|[upkeep]\n|upkeep\n|\n|t:|1700690265\n|switch|p1a: Dragonite|Dragonite, M|100\/100\n|-damage|p1a: Dragonite|75\/100|[from] Stealth Rock\n|turn|5\n|\n|t:|1700690274\n|move|p1a: Dragonite|Extreme Speed|p2a: Charizard\n|-damage|p2a: Charizard|53\/100\n|move|p2a: Charizard|Ancient Power|p1a: Dragonite\n|-supereffective|p1a: Dragonite\n|-damage|p1a: Dragonite|21\/100\n|-enditem|p1a: Dragonite|Weakness Policy\n|-boost|p1a: Dragonite|atk|2|[from] item: Weakness Policy\n|-boost|p1a: Dragonite|spa|2|[from] item: Weakness Policy\n|\n|-weather|SunnyDay|[upkeep]\n|upkeep\n|turn|6\n|inactive|AlcoholicDraggo has 120 seconds left.\n|\n|t:|1700690301\n|move|p1a: Dragonite|Extreme Speed|p2a: Charizard\n|-damage|p2a: Charizard|0 fnt\n|faint|p2a: Charizard\n|\n|-weather|SunnyDay|[upkeep]\n|upkeep\n|\n|t:|1700690304\n|switch|p2a: Heatran|Heatran, M|100\/100\n|-activate|p2a: Heatran|move: Sticky Web\n|-unboost|p2a: Heatran|spe|1\n|turn|7\n|\n|t:|1700690323\n|-terastallize|p2a: Heatran|Flying\n|move|p1a: Dragonite|Earthquake|p2a: Heatran\n|-immune|p2a: Heatran\n|move|p2a: Heatran|Ancient Power|p1a: Dragonite\n|-supereffective|p1a: Dragonite\n|-damage|p1a: Dragonite|0 fnt\n|faint|p1a: Dragonite\n|\n|-weather|SunnyDay|[upkeep]\n|upkeep\n|\n|t:|1700690338\n|switch|p1a: Lycanroc|Lycanroc-Midnight, M, shiny|100\/100\n|-damage|p1a: Lycanroc|88\/100|[from] Stealth Rock\n|turn|8\n|\n|t:|1700690352\n|-zpower|p1a: Lycanroc\n|move|p1a: Lycanroc|Splintered Stormshards|p2a: Heatran|[zeffect]\n|-supereffective|p2a: Heatran\n|-damage|p2a: Heatran|0 fnt\n|faint|p2a: Heatran\n|\n|-weather|none\n|upkeep\n|\n|t:|1700690363\n|switch|p2a: Shiftry|Shiftry, M|100\/100\n|-activate|p2a: Shiftry|move: Sticky Web\n|-unboost|p2a: Shiftry|spe|1\n|turn|9\n|\n|t:|1700690377\n|move|p1a: Lycanroc|Play Rough|p2a: Shiftry\n|-supereffective|p2a: Shiftry\n|-damage|p2a: Shiftry|3\/100\n|move|p2a: Shiftry|Knock Off|p1a: Lycanroc\n|-damage|p1a: Lycanroc|26\/100\n|\n|upkeep\n|turn|10\n|\n|t:|1700690383\n|move|p1a: Lycanroc|Play Rough|p2a: Shiftry\n|-supereffective|p2a: Shiftry\n|-damage|p2a: Shiftry|0 fnt\n|faint|p2a: Shiftry\n|\n|upkeep\n|\n|t:|1700690389\n|switch|p2a: Whimsicott|Whimsicott, L1, F|100\/100\n|-activate|p2a: Whimsicott|move: Sticky Web\n|-unboost|p2a: Whimsicott|spe|1\n|turn|11\n|\n|t:|1700690392\n|move|p2a: Whimsicott|Leech Seed|p1a: Lycanroc\n|-start|p1a: Lycanroc|move: Leech Seed\n|move|p1a: Lycanroc|Iron Tail|p2a: Whimsicott\n|-supereffective|p2a: Whimsicott\n|-enditem|p2a: Whimsicott|Focus Sash\n|-damage|p2a: Whimsicott|8\/100\n|-unboost|p2a: Whimsicott|def|1\n|\n|-damage|p1a: Lycanroc|14\/100|[from] Leech Seed|[of] p2a: Whimsicott\n|-heal|p2a: Whimsicott|100\/100|[silent]\n|upkeep\n|turn|12\n|\n|t:|1700690403\n|move|p2a: Whimsicott|Protect|p2a: Whimsicott\n|-singleturn|p2a: Whimsicott|Protect\n|move|p1a: Lycanroc|Iron Tail|p2a: Whimsicott\n|-activate|p2a: Whimsicott|move: Protect\n|\n|-damage|p1a: Lycanroc|2\/100|[from] Leech Seed|[of] p2a: Whimsicott\n|upkeep\n|turn|13\n|\n|t:|1700690408\n|switch|p2a: Wooper|Wooper, M|100\/100\n|-activate|p2a: Wooper|move: Sticky Web\n|-unboost|p2a: Wooper|spe|1\n|move|p1a: Lycanroc|Iron Tail|p2a: Wooper\n|-resisted|p2a: Wooper\n|-damage|p2a: Wooper|82\/100\n|\n|-damage|p1a: Lycanroc|0 fnt|[from] Leech Seed|[of] p2a: Wooper\n|-heal|p2a: Wooper|84\/100|[silent]\n|faint|p1a: Lycanroc\n|upkeep\n|\n|t:|1700690417\n|switch|p1a: Iron Treads|Iron Treads|100\/100\n|-damage|p1a: Iron Treads|97\/100|[from] Stealth Rock\n|turn|14\n|\n|t:|1700690421\n|move|p1a: Iron Treads|Iron Defense|p1a: Iron Treads\n|-boost|p1a: Iron Treads|def|2\n|move|p2a: Wooper|Counter||[still]\n|-fail|p2a: Wooper\n|\n|upkeep\n|turn|15\n|\n|t:|1700690426\n|move|p1a: Iron Treads|Iron Defense|p1a: Iron Treads\n|-boost|p1a: Iron Treads|def|2\n|move|p2a: Wooper|Counter||[still]\n|-fail|p2a: Wooper\n|\n|upkeep\n|turn|16\n|\n|t:|1700690430\n|move|p1a: Iron Treads|Iron Defense|p1a: Iron Treads\n|-boost|p1a: Iron Treads|def|2\n|move|p2a: Wooper|Counter||[still]\n|-fail|p2a: Wooper\n|\n|upkeep\n|turn|17\n|\n|t:|1700690435\n|move|p1a: Iron Treads|Body Press|p2a: Wooper\n|-damage|p2a: Wooper|48\/100\n|move|p2a: Wooper|Counter|p1a: Iron Treads\n|-damage|p1a: Iron Treads|28\/100\n|\n|upkeep\n|turn|18\n|\n|t:|1700690443\n|-terastallize|p1a: Iron Treads|Fighting\n|move|p1a: Iron Treads|Body Press|p2a: Wooper\n|-damage|p2a: Wooper|1\/100\n|move|p2a: Wooper|Counter|p1a: Iron Treads\n|-damage|p1a: Iron Treads|0 fnt\n|faint|p1a: Iron Treads\n|-end|p1a: Iron Treads|Quark Drive|[silent]\n|\n|upkeep\n|\n|t:|1700690452\n|switch|p1a: Ceruledge|Ceruledge, M|100\/100\n|-damage|p1a: Ceruledge|75\/100|[from] Stealth Rock\n|turn|19\n|\n|t:|1700690460\n|move|p1a: Ceruledge|Phantom Force||[still]\n|-prepare|p1a: Ceruledge|Phantom Force\n|move|p2a: Wooper|Toxic|p1a: Ceruledge|[miss]\n|-miss|p2a: Wooper|p1a: Ceruledge\n|\n|upkeep\n|turn|20\n|\n|t:|1700690466\n|move|p1a: Ceruledge|Phantom Force|p2a: Wooper|[from]lockedmove\n|-damage|p2a: Wooper|0 fnt\n|faint|p2a: Wooper\n|\n|upkeep\n|\n|t:|1700690469\n|switch|p2a: Whimsicott|Whimsicott, L1, F|100\/100\n|-activate|p2a: Whimsicott|move: Sticky Web\n|-unboost|p2a: Whimsicott|spe|1\n|turn|21\n|\n|t:|1700690476\n|move|p2a: Whimsicott|Encore|p1a: Ceruledge\n|-start|p1a: Ceruledge|Encore\n|move|p1a: Ceruledge|Phantom Force||[still]\n|-prepare|p1a: Ceruledge|Phantom Force\n|\n|upkeep\n|turn|22\n|\n|t:|1700690481\n|move|p2a: Whimsicott|Protect|p2a: Whimsicott\n|-singleturn|p2a: Whimsicott|Protect\n|move|p1a: Ceruledge|Phantom Force|p2a: Whimsicott|[from]lockedmove\n|-activate|p2a: Whimsicott|move: Phantom Force|[broken]\n|-damage|p2a: Whimsicott|0 fnt\n|faint|p2a: Whimsicott\n|\n|win|alphabet_donke\n|raw|alphabet_donke's rating: 1120 &rarr; <strong>1142<\/strong><br \/>(+22 for winning)\n|raw|AlcoholicDraggo's rating: 1073 &rarr; <strong>1055<\/strong><br \/>(-18 for losing)\n|l|\u2606AlcoholicDraggo\n","uploadtime":1700690497,"views":15,"p1id":"alphabetdonke","p2id":"alcoholicdraggo","formatid":"gen9nationaldex","rating":1055,"private":0,"password":""}