{"id":"gen9nationaldex-1995564817","p1":"RunicPower419","p2":"Epicgamergod69","format":"[Gen 9] National Dex","log":"|html|<div class=\"broadcast-blue\"><strong>[Gen 9] National Dex is currently suspecting Sneasler! For information on how to participate check out the <a href=\"https:\/\/www.smogon.com\/forums\/threads\/sv-national-dex-suspect-8-just-dance.3731534\/\">suspect thread<\/a>.<\/strong><\/div>\n|j|\u2606RunicPower419\n|j|\u2606Epicgamergod69\n|t:|1700583323\n|gametype|singles\n|player|p1|RunicPower419|red-masters|\n|player|p2|Epicgamergod69|steven-masters2|\n|teamsize|p1|6\n|teamsize|p2|6\n|gen|9\n|tier|[Gen 9] National Dex\n|rule|HP Percentage Mod: HP is shown in percentages\n|rule|Endless Battle Clause: Forcing endless battles is banned\n|rule|OHKO Clause: OHKO moves are banned\n|rule|Evasion Clause: Evasion abilities, items, and moves are banned\n|rule|Evasion Abilities Clause: Evasion abilities are banned\n|rule|Evasion Items Clause: Evasion items are banned\n|rule|Evasion Moves Clause: Evasion moves are banned\n|rule|Species Clause: Limit one of each Pok\u00e9mon\n|rule|Sleep Clause Mod: Limit one foe put to sleep\n|clearpoke\n|poke|p1|Zapdos|\n|poke|p1|Sinistcha-Masterpiece|\n|poke|p1|Ting-Lu|\n|poke|p1|Alomomola, M|\n|poke|p1|Heatran, F|\n|poke|p1|Zamazenta-*|\n|poke|p2|Garganacl, M|\n|poke|p2|Dondozo, M|\n|poke|p2|Alomomola, M|\n|poke|p2|Gliscor, F|\n|poke|p2|Chansey, F|\n|poke|p2|Sableye, F|\n|teampreview\n|inactive|Battle timer is ON: inactive players will automatically lose when time's up. (requested by RunicPower419)\n|j| Ineros\n|c|\u2606Epicgamergod69|Glhf\n|\n|t:|1700583341\n|start\n|switch|p1a: Zamazenta|Zamazenta|100\/100\n|switch|p2a: Sableye|Sableye, F|100\/100\n|-ability|p1a: Zamazenta|Dauntless Shield|boost\n|-boost|p1a: Zamazenta|def|1\n|turn|1\n|j| How To Beat Lance\n|c|\u2606RunicPower419|glhf\n|j| thb1\n|c| How To Beat Lance|stall\n|\n|t:|1700583353\n|switch|p1a: Heatran|Heatran, F|100\/100\n|move|p2a: Sableye|Will-O-Wisp|p1a: Heatran\n|-start|p1a: Heatran|ability: Flash Fire\n|\n|upkeep\n|turn|2\n|c| How To Beat Lance|vs stall\n|j| Signis_Kerman\n|l| Signis_Kerman\n|\n|t:|1700583359\n|switch|p2a: Chansey|Chansey, F|100\/100\n|move|p1a: Heatran|Magma Storm|p2a: Chansey\n|-damage|p2a: Chansey|80\/100\n|-activate|p2a: Chansey|move: Magma Storm|[of] p1a: Heatran\n|\n|-damage|p2a: Chansey|68\/100|[from] move: Magma Storm|[partiallytrapped]\n|upkeep\n|turn|3\n|\n|t:|1700583363\n|move|p1a: Heatran|Taunt|p2a: Chansey\n|-start|p2a: Chansey|move: Taunt\n|move|p2a: Chansey|Seismic Toss|p1a: Heatran\n|-damage|p1a: Heatran|75\/100\n|\n|-heal|p1a: Heatran|81\/100|[from] item: Leftovers\n|-damage|p2a: Chansey|55\/100|[from] move: Magma Storm|[partiallytrapped]\n|upkeep\n|turn|4\n|\n|t:|1700583369\n|move|p1a: Heatran|Magma Storm|p2a: Chansey\n|-damage|p2a: Chansey|35\/100\n|move|p2a: Chansey|Seismic Toss|p1a: Heatran\n|-damage|p1a: Heatran|55\/100\n|\n|-heal|p1a: Heatran|61\/100|[from] item: Leftovers\n|-damage|p2a: Chansey|22\/100|[from] move: Magma Storm|[partiallytrapped]\n|upkeep\n|turn|5\n|\n|t:|1700583374\n|move|p1a: Heatran|Earth Power|p2a: Chansey\n|-damage|p2a: Chansey|15\/100\n|move|p2a: Chansey|Seismic Toss|p1a: Heatran\n|-damage|p1a: Heatran|35\/100\n|\n|-heal|p1a: Heatran|41\/100|[from] item: Leftovers\n|-damage|p2a: Chansey|3\/100|[from] move: Magma Storm|[partiallytrapped]\n|-end|p2a: Chansey|move: Taunt\n|upkeep\n|turn|6\n|\n|t:|1700583378\n|move|p1a: Heatran|Earth Power|p2a: Chansey\n|-damage|p2a: Chansey|0 fnt\n|faint|p2a: Chansey\n|\n|-heal|p1a: Heatran|48\/100|[from] item: Leftovers\n|upkeep\n|\n|t:|1700583380\n|switch|p2a: Dondozo|Dondozo, M|100\/100\n|turn|7\n|j| DahnessTestAGAIN\n|j| Kybushi+\n|l| DahnessTestAGAIN\n|c| Kybushi+|not even using my morpeko\n|j| The power of ROCK\n|\n|t:|1700583393\n|-end|p1a: Heatran|ability: Flash Fire|[silent]\n|switch|p1a: Alomomola|Alomomola, M, shiny|100\/100\n|move|p2a: Dondozo|Body Press|p1a: Alomomola\n|-damage|p1a: Alomomola|84\/100\n|\n|upkeep\n|turn|8\n|c| Kybushi+|ewww\n|j| sealoo\n|c| Kybushi+|stall\n|\n|t:|1700583396\n|switch|p2a: Alomomola|Alomomola, M|100\/100\n|move|p1a: Alomomola|Wish|p1a: Alomomola\n|\n|upkeep\n|turn|9\n|\n|t:|1700583399\n|switch|p1a: Heatran|Heatran, F|48\/100\n|move|p2a: Alomomola|Flip Turn|p1a: Heatran\n|-supereffective|p1a: Heatran\n|-damage|p1a: Heatran|21\/100\n|j| Lechonkisuber\n|\n|t:|1700583403\n|switch|p2a: Garganacl|Garganacl, M|100\/100|[from] Flip Turn\n|\n|-heal|p1a: Heatran|82\/100|[from] move: Wish|[wisher] Alomomola\n|-heal|p1a: Heatran|89\/100|[from] item: Leftovers\n|upkeep\n|turn|10\n|\n|t:|1700583410\n|switch|p1a: Sinistcha|Sinistcha-Masterpiece, shiny|100\/100\n|-terastallize|p2a: Garganacl|Water\n|move|p2a: Garganacl|Salt Cure|p1a: Sinistcha\n|-damage|p1a: Sinistcha|91\/100\n|-start|p1a: Sinistcha|Salt Cure\n|\n|-heal|p1a: Sinistcha|97\/100|[from] item: Leftovers\n|-damage|p1a: Sinistcha|85\/100|[from] Salt Cure\n|upkeep\n|turn|11\n|\n|t:|1700583417\n|switch|p2a: Gliscor|Gliscor, F|100\/100\n|move|p1a: Sinistcha|Matcha Gotcha|p2a: Gliscor\n|-damage|p2a: Gliscor|72\/100\n|-heal|p1a: Sinistcha|99\/100|[from] drain|[of] p2a: Gliscor\n|\n|-heal|p1a: Sinistcha|100\/100|[from] item: Leftovers\n|-damage|p1a: Sinistcha|88\/100|[from] Salt Cure\n|-status|p2a: Gliscor|tox|[from] item: Toxic Orb\n|upkeep\n|turn|12\n|\n|t:|1700583421\n|switch|p1a: Alomomola|Alomomola, M, shiny|100\/100\n|move|p2a: Gliscor|Toxic|p1a: Alomomola|[miss]\n|-miss|p2a: Gliscor|p1a: Alomomola\n|\n|-heal|p2a: Gliscor|85\/100 tox|[from] ability: Poison Heal\n|upkeep\n|turn|13\n|c| Kybushi+|ITS YOUR CHANCE\n|c| Kybushi+|CALM MIND\n|\n|t:|1700583428\n|switch|p2a: Dondozo|Dondozo, M|100\/100\n|move|p1a: Alomomola|Flip Turn|p2a: Dondozo\n|-resisted|p2a: Dondozo\n|-damage|p2a: Dondozo|96\/100\n|c| Kybushi+|MOTCHA GATCHA\n|c| Kybushi+|DO IT AGAIN\n|c| How To Beat Lance|to use self destruct\n|\n|t:|1700583445\n|switch|p1a: Sinistcha|Sinistcha-Masterpiece, shiny|88\/100|[from] Flip Turn\n|\n|-heal|p1a: Sinistcha|94\/100|[from] item: Leftovers\n|-heal|p2a: Dondozo|100\/100|[from] item: Leftovers\n|upkeep\n|turn|14\n|\n|t:|1700583452\n|switch|p2a: Sableye|Sableye, F|100\/100\n|move|p1a: Sinistcha|Calm Mind|p1a: Sinistcha\n|-boost|p1a: Sinistcha|spa|1\n|-boost|p1a: Sinistcha|spd|1\n|\n|-heal|p1a: Sinistcha|99\/100|[from] item: Leftovers\n|upkeep\n|turn|15\n|c| Kybushi+|tera poison to avoid poison damage\n|c| Ineros|Stall is real\n|c| Kybushi+|SWEEEP\n|c| Kybushi+|RAAAAAAAAH\n|c| Ineros|finally real\n|\n|t:|1700583457\n|detailschange|p2a: Sableye|Sableye-Mega, F\n|-mega|p2a: Sableye|Sableye|Sablenite\n|move|p1a: Sinistcha|Calm Mind|p1a: Sinistcha\n|-boost|p1a: Sinistcha|spa|1\n|-boost|p1a: Sinistcha|spd|1\n|move|p2a: Sableye|Knock Off|p1a: Sinistcha\n|-supereffective|p1a: Sinistcha\n|-damage|p1a: Sinistcha|57\/100\n|-enditem|p1a: Sinistcha|Leftovers|[from] move: Knock Off|[of] p2a: Sableye\n|\n|upkeep\n|turn|16\n|c| thb1|RAHHHHHHHHHH\n|\n|t:|1700583465\n|move|p1a: Sinistcha|Matcha Gotcha|p2a: Sableye\n|-damage|p2a: Sableye|49\/100\n|-heal|p1a: Sinistcha|79\/100|[from] drain|[of] p2a: Sableye\n|-status|p2a: Sableye|brn\n|move|p2a: Sableye|Knock Off|p1a: Sinistcha\n|-supereffective|p1a: Sinistcha\n|-damage|p1a: Sinistcha|66\/100\n|\n|-damage|p2a: Sableye|43\/100 brn|[from] brn\n|upkeep\n|turn|17\n|c| Kybushi+|DONT MIND THAT\n|\n|t:|1700583470\n|move|p2a: Sableye|Protect|p2a: Sableye\n|-singleturn|p2a: Sableye|Protect\n|move|p1a: Sinistcha|Matcha Gotcha|p2a: Sableye\n|-activate|p2a: Sableye|move: Protect\n|\n|-damage|p2a: Sableye|37\/100 brn|[from] brn\n|upkeep\n|turn|18\n|j| Aziz Le Bledart\n|\n|t:|1700583473\n|switch|p2a: Gliscor|Gliscor, F|85\/100 tox\n|move|p1a: Sinistcha|Matcha Gotcha|p2a: Gliscor\n|-damage|p2a: Gliscor|31\/100 tox\n|-heal|p1a: Sinistcha|94\/100|[from] drain|[of] p2a: Gliscor\n|\n|-heal|p2a: Gliscor|43\/100 tox|[from] ability: Poison Heal\n|upkeep\n|turn|19\n|c| Kybushi+|RAAAAAAAAAAAAH\n|\n|t:|1700583480\n|switch|p2a: Dondozo|Dondozo, M|100\/100\n|move|p1a: Sinistcha|Shadow Ball|p2a: Dondozo\n|-damage|p2a: Dondozo|76\/100\n|\n|-heal|p2a: Dondozo|82\/100|[from] item: Leftovers\n|upkeep\n|turn|20\n|c| Kybushi+|CALM MIND AGAIN\n|c| Kybushi+|he dont do shit\n|\n|t:|1700583487\n|move|p1a: Sinistcha|Matcha Gotcha|p2a: Dondozo\n|-supereffective|p2a: Dondozo\n|-damage|p2a: Dondozo|32\/100\n|-heal|p1a: Sinistcha|100\/100|[from] drain|[of] p2a: Dondozo\n|move|p2a: Dondozo|Liquidation|p1a: Sinistcha\n|-resisted|p1a: Sinistcha\n|-damage|p1a: Sinistcha|90\/100\n|-unboost|p1a: Sinistcha|def|1\n|\n|-heal|p2a: Dondozo|38\/100|[from] item: Leftovers\n|upkeep\n|turn|21\n|c| Ineros|Bro does\n|\n|t:|1700583495\n|switch|p2a: Sableye|Sableye-Mega, F|37\/100 brn\n|move|p1a: Sinistcha|Matcha Gotcha|p2a: Sableye\n|-damage|p2a: Sableye|0 fnt\n|-heal|p1a: Sinistcha|100\/100|[from] drain|[of] p2a: Sableye\n|faint|p2a: Sableye\n|\n|upkeep\n|c| Ineros|Sinis\n|\n|t:|1700583498\n|switch|p2a: Garganacl|Garganacl, M, tera:Water|100\/100\n|turn|22\n|c| Ineros|just beat this\n|c| Kybushi+|yeah\n|c|\u2606Epicgamergod69|Ye\n|c| sealoo|bro where is the grass resist\n|\n|t:|1700583509\n|move|p1a: Sinistcha|Matcha Gotcha|p2a: Garganacl\n|-supereffective|p2a: Garganacl\n|-damage|p2a: Garganacl|20\/100\n|move|p2a: Garganacl|Salt Cure|p1a: Sinistcha\n|-damage|p1a: Sinistcha|86\/100\n|-start|p1a: Sinistcha|Salt Cure\n|\n|-heal|p2a: Garganacl|26\/100|[from] item: Leftovers\n|-damage|p1a: Sinistcha|73\/100|[from] Salt Cure\n|upkeep\n|turn|23\n|c| thb1|RAHHHHHHHHH\n|c| Kybushi+|sinistcha is a godo garg counter\n|c| Ineros|Dang\n|c| Kybushi+|which is cool\n|\n|t:|1700583521\n|switch|p2a: Gliscor|Gliscor, F|43\/100 tox\n|move|p1a: Sinistcha|Matcha Gotcha|p2a: Gliscor\n|-damage|p2a: Gliscor|0 fnt\n|-heal|p1a: Sinistcha|95\/100|[from] drain|[of] p2a: Gliscor\n|faint|p2a: Gliscor\n|\n|-damage|p1a: Sinistcha|83\/100|[from] Salt Cure\n|upkeep\n|\n|t:|1700583523\n|switch|p2a: Dondozo|Dondozo, M|38\/100\n|turn|24\n|\n|t:|1700583525\n|move|p1a: Sinistcha|Matcha Gotcha|p2a: Dondozo\n|-supereffective|p2a: Dondozo\n|-damage|p2a: Dondozo|0 fnt\n|-heal|p1a: Sinistcha|100\/100|[from] drain|[of] p2a: Dondozo\n|faint|p2a: Dondozo\n|\n|-damage|p1a: Sinistcha|88\/100|[from] Salt Cure\n|upkeep\n|c| Ineros|Bro used his gras resist (Tera) on Garg\n|\n|t:|1700583527\n|switch|p2a: Alomomola|Alomomola, M|100\/100\n|turn|25\n|c| Kybushi+|SALT CURE DOESNT MATTER\n|c| Kybushi+|SLAP HIP\n|c| Kybushi+|MOTCHA GOTCHA\n|c| Kybushi+|RAAAAAAAH\n|c| The power of ROCK|GOTCHA\n|j| looking 4 horizons\n|c|\u2606Epicgamergod69|Lmao\n|c| thb1|WHAT THE FUCK IS A KILOMETER\n|c|\u2606RunicPower419|Losing chansey early hurt like heck\n|c|\u2606Epicgamergod69|Yep\n|c| looking 4 horizons|what is this\n|c|\u2606Epicgamergod69|Anyways\n|inactive|Epicgamergod69 has 270 seconds left.\n|c| Kybushi+|IVE NEVER SEEN A GAME THAT COULDNT BE WON WITHOUT YELLING\n|c| looking 4 horizons|sorry what is this\n|raw|<div class=\"broadcast-red\"><strong>Moderated chat was set to \u2606!<\/strong><br \/>Only users of rank \u2606 and higher can talk.<\/div>\n|c|\u2606Epicgamergod69|Stfu\n|c|\u2606RunicPower419|LOL\n|\n|t:|1700583572\n|move|p1a: Sinistcha|Matcha Gotcha|p2a: Alomomola\n|-supereffective|p2a: Alomomola\n|-damage|p2a: Alomomola|0 fnt\n|-heal|p1a: Sinistcha|100\/100|[from] drain|[of] p2a: Alomomola\n|faint|p2a: Alomomola\n|\n|-damage|p1a: Sinistcha|88\/100|[from] Salt Cure\n|upkeep\n|\n|t:|1700583576\n|switch|p2a: Garganacl|Garganacl, M, tera:Water|26\/100\n|turn|26\n|c|\u2606RunicPower419|gg, sorry for the awful matchup\n|\n|t:|1700583596\n|move|p1a: Sinistcha|Matcha Gotcha|p2a: Garganacl\n|-supereffective|p2a: Garganacl\n|-damage|p2a: Garganacl|0 fnt\n|-heal|p1a: Sinistcha|100\/100|[from] drain|[of] p2a: Garganacl\n|faint|p2a: Garganacl\n|\n|win|RunicPower419\n|l|\u2606Epicgamergod69\n|l|\u2606RunicPower419\n","uploadtime":1700583647,"views":0,"p1id":"runicpower419","p2id":"epicgamergod69","formatid":"gen9nationaldex","rating":0,"private":0,"password":""}