{"id":"gen9nationaldex-1988860467","p1":"CHSwhite","p2":"akxhdwy","format":"[Gen 9] National Dex","log":"|j|\u2606CHSwhite\n|j|\u2606akxhdwy\n|t:|1699775693\n|gametype|singles\n|player|p1|CHSwhite|gentleman-gen4|1724\n|player|p2|akxhdwy|swimmerf|1729\n|teamsize|p1|6\n|teamsize|p2|6\n|gen|9\n|tier|[Gen 9] National Dex\n|rated|\n|rule|HP Percentage Mod: HP is shown in percentages\n|rule|Endless Battle Clause: Forcing endless battles is banned\n|rule|OHKO Clause: OHKO moves are banned\n|rule|Evasion Clause: Evasion abilities, items, and moves are banned\n|rule|Evasion Abilities Clause: Evasion abilities are banned\n|rule|Evasion Items Clause: Evasion items are banned\n|rule|Evasion Moves Clause: Evasion moves are banned\n|rule|Species Clause: Limit one of each Pok\u00e9mon\n|rule|Sleep Clause Mod: Limit one foe put to sleep\n|clearpoke\n|poke|p1|Tapu Lele|\n|poke|p1|Alomomola, M|\n|poke|p1|Chansey, F|\n|poke|p1|Lopunny, M|\n|poke|p1|Corviknight, F|\n|poke|p1|Gliscor, F|\n|poke|p2|Heatran, M|\n|poke|p2|Zapdos|\n|poke|p2|Tapu Bulu|\n|poke|p2|Great Tusk|\n|poke|p2|Cresselia, F|\n|poke|p2|Banette, F|\n|teampreview\n|inactive|Battle timer is ON: inactive players will automatically lose when time's up. (requested by CHSwhite)\n|inactive|akxhdwy also wants the timer to be on.\n|\n|t:|1699775704\n|start\n|switch|p1a: Tapu Lele|Tapu Lele|100\/100\n|switch|p2a: Great Tusk|Great Tusk|100\/100\n|-fieldstart|move: Psychic Terrain|[from] ability: Psychic Surge|[of] p1a: Tapu Lele\n|turn|1\n|\n|t:|1699775713\n|-end|p2a: Great Tusk|Protosynthesis|[silent]\n|switch|p2a: Heatran|Heatran, M|100\/100\n|-terastallize|p1a: Tapu Lele|Psychic\n|move|p1a: Tapu Lele|Psychic|p2a: Heatran\n|-resisted|p2a: Heatran\n|-damage|p2a: Heatran|63\/100\n|\n|-heal|p2a: Heatran|69\/100|[from] item: Leftovers\n|upkeep\n|turn|2\n|\n|t:|1699775725\n|switch|p1a: Alomomola|Alomomola, M|100\/100\n|move|p2a: Heatran|Toxic|p1a: Alomomola|[miss]\n|-miss|p2a: Heatran|p1a: Alomomola\n|\n|-heal|p2a: Heatran|75\/100|[from] item: Leftovers\n|upkeep\n|turn|3\n|\n|t:|1699775734\n|move|p2a: Heatran|Protect|p2a: Heatran\n|-singleturn|p2a: Heatran|Protect\n|move|p1a: Alomomola|Flip Turn|p2a: Heatran\n|-activate|p2a: Heatran|move: Protect\n|\n|-heal|p2a: Heatran|81\/100|[from] item: Leftovers\n|upkeep\n|turn|4\n|\n|t:|1699775737\n|move|p2a: Heatran|Toxic|p1a: Alomomola\n|-status|p1a: Alomomola|tox\n|move|p1a: Alomomola|Flip Turn|p2a: Heatran\n|-supereffective|p2a: Heatran\n|-damage|p2a: Heatran|56\/100\n|\n|t:|1699775744\n|switch|p1a: Lopunny|Lopunny, M|100\/100|[from] Flip Turn\n|\n|-heal|p2a: Heatran|63\/100|[from] item: Leftovers\n|upkeep\n|turn|5\n|j| spino6302\n|\n|t:|1699775761\n|switch|p1a: Tapu Lele|Tapu Lele, tera:Psychic|100\/100\n|move|p2a: Heatran|Protect||[still]\n|-fail|p2a: Heatran\n|\n|-heal|p2a: Heatran|69\/100|[from] item: Leftovers\n|-fieldend|move: Psychic Terrain\n|upkeep\n|turn|6\n|\n|t:|1699775770\n|switch|p1a: Alomomola|Alomomola, M|100\/100 tox\n|move|p2a: Heatran|Magma Storm|p1a: Alomomola\n|-resisted|p1a: Alomomola\n|-damage|p1a: Alomomola|75\/100 tox\n|-activate|p1a: Alomomola|move: Magma Storm|[of] p2a: Heatran\n|\n|-heal|p2a: Heatran|75\/100|[from] item: Leftovers\n|-damage|p1a: Alomomola|69\/100 tox|[from] psn\n|-damage|p1a: Alomomola|57\/100 tox|[from] move: Magma Storm|[partiallytrapped]\n|upkeep\n|turn|7\n|j| hainiumm\n|\n|t:|1699775778\n|move|p2a: Heatran|Protect|p2a: Heatran\n|-singleturn|p2a: Heatran|Protect\n|move|p1a: Alomomola|Wish|p1a: Alomomola\n|\n|-heal|p2a: Heatran|81\/100|[from] item: Leftovers\n|-damage|p1a: Alomomola|45\/100 tox|[from] psn\n|-damage|p1a: Alomomola|32\/100 tox|[from] move: Magma Storm|[partiallytrapped]\n|upkeep\n|turn|8\n|\n|t:|1699775791\n|move|p2a: Heatran|Protect||[still]\n|-fail|p2a: Heatran\n|move|p1a: Alomomola|Flip Turn|p2a: Heatran\n|-supereffective|p2a: Heatran\n|-damage|p2a: Heatran|55\/100\n|\n|t:|1699775801\n|switch|p1a: Lopunny|Lopunny, M|100\/100|[from] Flip Turn\n|\n|-heal|p2a: Heatran|61\/100|[from] item: Leftovers\n|upkeep\n|turn|9\n|\n|t:|1699775813\n|switch|p1a: Tapu Lele|Tapu Lele, tera:Psychic|100\/100\n|-fieldstart|move: Psychic Terrain|[from] ability: Psychic Surge|[of] p1a: Tapu Lele\n|switch|p2a: Zapdos|Zapdos|100\/100\n|\n|upkeep\n|turn|10\n|\n|t:|1699775832\n|switch|p2a: Banette|Banette, F|100\/100\n|move|p1a: Tapu Lele|Psychic|p2a: Banette\n|-damage|p2a: Banette|0 fnt\n|faint|p2a: Banette\n|\n|upkeep\n|\n|t:|1699775834\n|switch|p2a: Tapu Bulu|Tapu Bulu, shiny|100\/100\n|-fieldstart|move: Grassy Terrain|[from] ability: Grassy Surge|[of] p2a: Tapu Bulu\n|turn|11\n|\n|t:|1699775844\n|move|p1a: Tapu Lele|Psychic|p2a: Tapu Bulu\n|-damage|p2a: Tapu Bulu|0 fnt\n|faint|p2a: Tapu Bulu\n|\n|upkeep\n|\n|t:|1699775847\n|switch|p2a: Cresselia|Cresselia, F, shiny|100\/100\n|-enditem|p2a: Cresselia|Grassy Seed\n|-boost|p2a: Cresselia|def|1|[from] item: Grassy Seed\n|turn|12\n|\n|t:|1699775863\n|switch|p1a: Alomomola|Alomomola, M|65\/100 tox\n|move|p2a: Cresselia|Calm Mind|p2a: Cresselia\n|-boost|p2a: Cresselia|spa|1\n|-boost|p2a: Cresselia|spd|1\n|\n|-heal|p1a: Alomomola|72\/100 tox|[from] Grassy Terrain\n|-damage|p1a: Alomomola|65\/100 tox|[from] psn\n|upkeep\n|turn|13\n|\n|t:|1699775871\n|-terastallize|p2a: Cresselia|Poison\n|move|p2a: Cresselia|Calm Mind|p2a: Cresselia\n|-boost|p2a: Cresselia|spa|1\n|-boost|p2a: Cresselia|spd|1\n|move|p1a: Alomomola|Toxic|p2a: Cresselia\n|-immune|p2a: Cresselia\n|\n|-heal|p1a: Alomomola|72\/100 tox|[from] Grassy Terrain\n|-damage|p1a: Alomomola|59\/100 tox|[from] psn\n|upkeep\n|turn|14\n|\n|t:|1699775886\n|move|p2a: Cresselia|Calm Mind|p2a: Cresselia\n|-boost|p2a: Cresselia|spa|1\n|-boost|p2a: Cresselia|spd|1\n|move|p1a: Alomomola|Flip Turn|p2a: Cresselia\n|-damage|p2a: Cresselia|95\/100\n|\n|t:|1699775894\n|switch|p1a: Tapu Lele|Tapu Lele, tera:Psychic|100\/100|[from] Flip Turn\n|-fieldstart|move: Psychic Terrain|[from] ability: Psychic Surge|[of] p1a: Tapu Lele\n|\n|upkeep\n|turn|15\n|\n|t:|1699775908\n|move|p1a: Tapu Lele|Psyshock|p2a: Cresselia\n|-supereffective|p2a: Cresselia\n|-damage|p2a: Cresselia|24\/100\n|move|p2a: Cresselia|Calm Mind|p2a: Cresselia\n|-boost|p2a: Cresselia|spa|1\n|-boost|p2a: Cresselia|spd|1\n|\n|upkeep\n|turn|16\n|\n|t:|1699775915\n|move|p1a: Tapu Lele|Psyshock|p2a: Cresselia\n|-supereffective|p2a: Cresselia\n|-damage|p2a: Cresselia|0 fnt\n|faint|p2a: Cresselia\n|\n|upkeep\n|-message|akxhdwy forfeited.\n|\n|win|CHSwhite\n|raw|CHSwhite's rating: 1724 &rarr; <strong>1744<\/strong><br \/>(+20 for winning)\n|raw|akxhdwy's rating: 1729 &rarr; <strong>1709<\/strong><br \/>(-20 for losing)\n","uploadtime":1699775923,"views":7,"p1id":"chswhite","p2id":"akxhdwy","formatid":"gen9nationaldex","rating":1709,"private":0,"password":""}