{"id":"gen9nationaldex-1995155220","p1":"Tokiwakano","p2":"dwill16","format":"[Gen 9] National Dex","log":"|html|<div class=\"broadcast-blue\"><strong>[Gen 9] National Dex is currently suspecting Sneasler! For information on how to participate check out the <a href=\"https:\/\/www.smogon.com\/forums\/threads\/sv-national-dex-suspect-8-just-dance.3731534\/\">suspect thread<\/a>.<\/strong><\/div>\n|j|\u203dTokiwakano\n|j|\u2606dwill16\n|t:|1700528737\n|gametype|singles\n|player|p1|Tokiwakano|caitlin|1666\n|player|p2|dwill16|lady-gen4|1742\n|teamsize|p1|6\n|teamsize|p2|6\n|gen|9\n|tier|[Gen 9] National Dex\n|rated|\n|rule|HP Percentage Mod: HP is shown in percentages\n|rule|Endless Battle Clause: Forcing endless battles is banned\n|rule|OHKO Clause: OHKO moves are banned\n|rule|Evasion Clause: Evasion abilities, items, and moves are banned\n|rule|Evasion Abilities Clause: Evasion abilities are banned\n|rule|Evasion Items Clause: Evasion items are banned\n|rule|Evasion Moves Clause: Evasion moves are banned\n|rule|Species Clause: Limit one of each Pok\u00e9mon\n|rule|Sleep Clause Mod: Limit one foe put to sleep\n|clearpoke\n|poke|p1|Kyurem|\n|poke|p1|Clodsire, M|\n|poke|p1|Kartana|\n|poke|p1|Corviknight, F|\n|poke|p1|Tapu Lele|\n|poke|p1|Heatran, F|\n|poke|p2|Tapu Lele|\n|poke|p2|Great Tusk|\n|poke|p2|Charizard, M|\n|poke|p2|Garganacl, M|\n|poke|p2|Skarmory, F|\n|poke|p2|Aegislash, F|\n|teampreview\n|inactive|Battle timer is ON: inactive players will automatically lose when time's up. (requested by Tokiwakano)\n|\n|t:|1700528755\n|start\n|switch|p1a: Kartana|Kartana|100\/100\n|switch|p2a: \u571f\u738b|Garganacl, M|100\/100\n|turn|1\n|\n|t:|1700528762\n|-terastallize|p2a: \u571f\u738b|Dragon\n|move|p1a: Kartana|Leaf Blade|p2a: \u571f\u738b\n|-resisted|p2a: \u571f\u738b\n|-damage|p2a: \u571f\u738b|82\/100\n|move|p2a: \u571f\u738b|Salt Cure|p1a: Kartana\n|-resisted|p1a: Kartana\n|-damage|p1a: Kartana|93\/100\n|-start|p1a: Kartana|Salt Cure\n|\n|-heal|p2a: \u571f\u738b|88\/100|[from] item: Leftovers\n|-damage|p1a: Kartana|68\/100|[from] Salt Cure\n|upkeep\n|turn|2\n|\n|t:|1700528770\n|switch|p1a: Clodsire|Clodsire, M|100\/100\n|move|p2a: \u571f\u738b|Protect||[still]\n|-fail|p2a: \u571f\u738b\n|\n|-heal|p2a: \u571f\u738b|94\/100|[from] item: Leftovers\n|upkeep\n|turn|3\n|\n|t:|1700528773\n|switch|p2a: \u94c1\u8f99\u8ff9|Great Tusk|100\/100\n|move|p1a: Clodsire|Spikes|p2a: \u94c1\u8f99\u8ff9\n|-sidestart|p2: dwill16|Spikes\n|\n|upkeep\n|turn|4\n|\n|t:|1700528778\n|switch|p1a: Corviknight|Corviknight, F|100\/100\n|-ability|p1a: Corviknight|Pressure\n|move|p2a: \u94c1\u8f99\u8ff9|Rapid Spin|p1a: Corviknight\n|-resisted|p1a: Corviknight\n|-damage|p1a: Corviknight|96\/100\n|-boost|p2a: \u94c1\u8f99\u8ff9|spe|1\n|-damage|p2a: \u94c1\u8f99\u8ff9|84\/100|[from] item: Rocky Helmet|[of] p1a: Corviknight\n|-sideend|p2: dwill16|Spikes|[from] move: Rapid Spin|[of] p2a: \u94c1\u8f99\u8ff9\n|\n|upkeep\n|turn|5\n|\n|t:|1700528785\n|-end|p2a: \u94c1\u8f99\u8ff9|Protosynthesis|[silent]\n|switch|p2a: \u55b7\u706b\u9f99X|Charizard, M|100\/100\n|move|p1a: Corviknight|U-turn|p2a: \u55b7\u706b\u9f99X\n|-resisted|p2a: \u55b7\u706b\u9f99X\n|-damage|p2a: \u55b7\u706b\u9f99X|96\/100\n|\n|t:|1700528793\n|switch|p1a: Heatran|Heatran, F|100\/100|[from] U-turn\n|\n|upkeep\n|turn|6\n|\n|t:|1700528800\n|switch|p2a: \u571f\u738b|Garganacl, M, tera:Dragon|94\/100\n|move|p1a: Heatran|Stealth Rock|p2a: \u571f\u738b\n|-sidestart|p2: dwill16|move: Stealth Rock\n|\n|-heal|p2a: \u571f\u738b|100\/100|[from] item: Leftovers\n|upkeep\n|turn|7\n|\n|t:|1700528807\n|switch|p1a: Clodsire|Clodsire, M|100\/100\n|move|p2a: \u571f\u738b|Salt Cure|p1a: Clodsire\n|-resisted|p1a: Clodsire\n|-damage|p1a: Clodsire|93\/100\n|-start|p1a: Clodsire|Salt Cure\n|\n|-damage|p1a: Clodsire|80\/100|[from] Salt Cure\n|upkeep\n|turn|8\n|\n|t:|1700528812\n|move|p2a: \u571f\u738b|Protect|p2a: \u571f\u738b\n|-singleturn|p2a: \u571f\u738b|Protect\n|move|p1a: Clodsire|Spikes|p2a: \u571f\u738b\n|-sidestart|p2: dwill16|Spikes\n|\n|-damage|p1a: Clodsire|68\/100|[from] Salt Cure\n|upkeep\n|turn|9\n|\n|t:|1700528817\n|move|p2a: \u571f\u738b|Stealth Rock|p1a: Clodsire\n|-sidestart|p1: Tokiwakano|move: Stealth Rock\n|move|p1a: Clodsire|Recover|p1a: Clodsire\n|-heal|p1a: Clodsire|100\/100\n|\n|-damage|p1a: Clodsire|88\/100|[from] Salt Cure\n|upkeep\n|turn|10\n|\n|t:|1700528828\n|switch|p2a: \u94c1\u8f99\u8ff9|Great Tusk|84\/100\n|-damage|p2a: \u94c1\u8f99\u8ff9|81\/100|[from] Stealth Rock\n|-damage|p2a: \u94c1\u8f99\u8ff9|68\/100|[from] Spikes\n|switch|p1a: Tapu Lele|Tapu Lele|100\/100\n|-damage|p1a: Tapu Lele|88\/100|[from] Stealth Rock\n|-fieldstart|move: Psychic Terrain|[from] ability: Psychic Surge|[of] p1a: Tapu Lele\n|\n|upkeep\n|turn|11\n|\n|t:|1700528833\n|-end|p2a: \u94c1\u8f99\u8ff9|Protosynthesis|[silent]\n|switch|p2a: \u94a2\u94e0\u9e26|Skarmory, F|100\/100\n|-damage|p2a: \u94a2\u94e0\u9e26|88\/100|[from] Stealth Rock\n|move|p1a: Tapu Lele|Future Sight|p2a: \u94a2\u94e0\u9e26\n|-start|p1a: Tapu Lele|move: Future Sight\n|\n|upkeep\n|turn|12\n|\n|t:|1700528839\n|switch|p1a: Heatran|Heatran, F|100\/100\n|-damage|p1a: Heatran|88\/100|[from] Stealth Rock\n|move|p2a: \u94a2\u94e0\u9e26|Defog|p1a: Heatran\n|-unboost|p1a: Heatran|evasion|1\n|-sideend|p1: Tokiwakano|Stealth Rock|[from] move: Defog|[of] p2a: \u94a2\u94e0\u9e26\n|-sideend|p2: dwill16|Spikes|[from] move: Defog|[of] p2a: \u94a2\u94e0\u9e26\n|-sideend|p2: dwill16|Stealth Rock|[from] move: Defog|[of] p2a: \u94a2\u94e0\u9e26\n|-fieldend|move: Psychic Terrain\n|\n|-heal|p1a: Heatran|94\/100|[from] item: Leftovers\n|upkeep\n|turn|13\n|\n|t:|1700528846\n|switch|p2a: \u571f\u738b|Garganacl, M, tera:Dragon|100\/100\n|move|p1a: Heatran|Stealth Rock|p2a: \u571f\u738b\n|-sidestart|p2: dwill16|move: Stealth Rock\n|\n|-end|p2a: \u571f\u738b|move: Future Sight\n|-damage|p2a: \u571f\u738b|59\/100\n|-heal|p1a: Heatran|100\/100|[from] item: Leftovers\n|-heal|p2a: \u571f\u738b|65\/100|[from] item: Leftovers\n|upkeep\n|turn|14\n|\n|t:|1700528853\n|switch|p1a: Kyurem|Kyurem|100\/100\n|-ability|p1a: Kyurem|Pressure\n|move|p2a: \u571f\u738b|Salt Cure|p1a: Kyurem\n|-supereffective|p1a: Kyurem\n|-damage|p1a: Kyurem|81\/100\n|-start|p1a: Kyurem|Salt Cure\n|\n|-heal|p2a: \u571f\u738b|71\/100|[from] item: Leftovers\n|-damage|p1a: Kyurem|68\/100|[from] Salt Cure\n|upkeep\n|turn|15\n|\n|t:|1700528859\n|move|p2a: \u571f\u738b|Protect|p2a: \u571f\u738b\n|-singleturn|p2a: \u571f\u738b|Protect\n|move|p1a: Kyurem|Roost|p1a: Kyurem\n|-heal|p1a: Kyurem|100\/100\n|-singleturn|p1a: Kyurem|move: Roost\n|\n|-heal|p2a: \u571f\u738b|77\/100|[from] item: Leftovers\n|-damage|p1a: Kyurem|88\/100|[from] Salt Cure\n|upkeep\n|turn|16\n|\n|t:|1700528862\n|switch|p1a: Clodsire|Clodsire, M|88\/100\n|switch|p2a: \u5361\u666e\u9e23\u9e23|Tapu Lele|100\/100\n|-damage|p2a: \u5361\u666e\u9e23\u9e23|88\/100|[from] Stealth Rock\n|-fieldstart|move: Psychic Terrain|[from] ability: Psychic Surge|[of] p2a: \u5361\u666e\u9e23\u9e23\n|\n|upkeep\n|turn|17\n|\n|t:|1700528869\n|switch|p1a: Heatran|Heatran, F|100\/100\n|move|p2a: \u5361\u666e\u9e23\u9e23|Psyshock|p1a: Heatran\n|-resisted|p1a: Heatran\n|-damage|p1a: Heatran|78\/100\n|\n|-heal|p1a: Heatran|84\/100|[from] item: Leftovers\n|upkeep\n|turn|18\n|\n|t:|1700528875\n|switch|p2a: \u571f\u738b|Garganacl, M, tera:Dragon|77\/100\n|-damage|p2a: \u571f\u738b|65\/100|[from] Stealth Rock\n|move|p1a: Heatran|Magma Storm|p2a: \u571f\u738b\n|-resisted|p2a: \u571f\u738b\n|-damage|p2a: \u571f\u738b|50\/100\n|-activate|p2a: \u571f\u738b|move: Magma Storm|[of] p1a: Heatran\n|\n|-heal|p1a: Heatran|90\/100|[from] item: Leftovers\n|-heal|p2a: \u571f\u738b|56\/100|[from] item: Leftovers\n|-damage|p2a: \u571f\u738b|44\/100|[from] move: Magma Storm|[partiallytrapped]\n|upkeep\n|turn|19\n|\n|t:|1700528882\n|switch|p1a: Kyurem|Kyurem|88\/100\n|-ability|p1a: Kyurem|Pressure\n|move|p2a: \u571f\u738b|Recover|p2a: \u571f\u738b\n|-heal|p2a: \u571f\u738b|94\/100\n|\n|-heal|p2a: \u571f\u738b|99\/100|[from] item: Leftovers\n|-end|p2a: \u571f\u738b|Magma Storm|[partiallytrapped]|[silent]\n|upkeep\n|turn|20\n|\n|t:|1700528899\n|move|p2a: \u571f\u738b|Protect|p2a: \u571f\u738b\n|-singleturn|p2a: \u571f\u738b|Protect\n|move|p1a: Kyurem|Substitute|p1a: Kyurem\n|-start|p1a: Kyurem|Substitute\n|-damage|p1a: Kyurem|63\/100\n|\n|-heal|p2a: \u571f\u738b|100\/100|[from] item: Leftovers\n|-fieldend|move: Psychic Terrain\n|upkeep\n|turn|21\n|\n|t:|1700528905\n|switch|p2a: \u94a2\u94e0\u9e26|Skarmory, F|88\/100\n|-damage|p2a: \u94a2\u94e0\u9e26|76\/100|[from] Stealth Rock\n|move|p1a: Kyurem|Dragon Dance|p1a: Kyurem\n|-boost|p1a: Kyurem|atk|1\n|-boost|p1a: Kyurem|spe|1\n|\n|upkeep\n|turn|22\n|\n|t:|1700528911\n|move|p1a: Kyurem|Roost|p1a: Kyurem\n|-heal|p1a: Kyurem|100\/100\n|-singleturn|p1a: Kyurem|move: Roost\n|move|p2a: \u94a2\u94e0\u9e26|Whirlwind|p1a: Kyurem\n|drag|p1a: Clodsire|Clodsire, M|88\/100\n|\n|upkeep\n|turn|23\n|\n|t:|1700528918\n|switch|p1a: Heatran|Heatran, F|90\/100\n|move|p2a: \u94a2\u94e0\u9e26|Defog|p1a: Heatran\n|-unboost|p1a: Heatran|evasion|1\n|-sideend|p2: dwill16|Stealth Rock|[from] move: Defog|[of] p2a: \u94a2\u94e0\u9e26\n|\n|-heal|p1a: Heatran|97\/100|[from] item: Leftovers\n|upkeep\n|turn|24\n|\n|t:|1700528923\n|switch|p2a: \u571f\u738b|Garganacl, M, tera:Dragon|100\/100\n|move|p1a: Heatran|Magma Storm|p2a: \u571f\u738b\n|-resisted|p2a: \u571f\u738b\n|-crit|p2a: \u571f\u738b\n|-damage|p2a: \u571f\u738b|80\/100\n|-activate|p2a: \u571f\u738b|move: Magma Storm|[of] p1a: Heatran\n|\n|-heal|p1a: Heatran|100\/100|[from] item: Leftovers\n|-heal|p2a: \u571f\u738b|87\/100|[from] item: Leftovers\n|-damage|p2a: \u571f\u738b|74\/100|[from] move: Magma Storm|[partiallytrapped]\n|upkeep\n|turn|25\n|\n|t:|1700528928\n|move|p1a: Heatran|Stealth Rock|p2a: \u571f\u738b\n|-sidestart|p2: dwill16|move: Stealth Rock\n|move|p2a: \u571f\u738b|Salt Cure|p1a: Heatran\n|-damage|p1a: Heatran|89\/100\n|-start|p1a: Heatran|Salt Cure\n|\n|-heal|p1a: Heatran|96\/100|[from] item: Leftovers\n|-heal|p2a: \u571f\u738b|80\/100|[from] item: Leftovers\n|-damage|p1a: Heatran|71\/100|[from] Salt Cure\n|-damage|p2a: \u571f\u738b|68\/100|[from] move: Magma Storm|[partiallytrapped]\n|upkeep\n|turn|26\n|\n|t:|1700528933\n|switch|p1a: Clodsire|Clodsire, M|88\/100\n|move|p2a: \u571f\u738b|Salt Cure|p1a: Clodsire\n|-resisted|p1a: Clodsire\n|-damage|p1a: Clodsire|80\/100\n|-start|p1a: Clodsire|Salt Cure\n|\n|-heal|p2a: \u571f\u738b|74\/100|[from] item: Leftovers\n|-end|p2a: \u571f\u738b|Magma Storm|[partiallytrapped]|[silent]\n|-damage|p1a: Clodsire|68\/100|[from] Salt Cure\n|upkeep\n|turn|27\n|\n|t:|1700528938\n|switch|p2a: \u94c1\u8f99\u8ff9|Great Tusk|68\/100\n|-damage|p2a: \u94c1\u8f99\u8ff9|65\/100|[from] Stealth Rock\n|move|p1a: Clodsire|Recover|p1a: Clodsire\n|-heal|p1a: Clodsire|100\/100\n|\n|-damage|p1a: Clodsire|88\/100|[from] Salt Cure\n|upkeep\n|turn|28\n|\n|t:|1700528944\n|switch|p1a: Corviknight|Corviknight, F|96\/100\n|-ability|p1a: Corviknight|Pressure\n|move|p2a: \u94c1\u8f99\u8ff9|Rapid Spin|p1a: Corviknight\n|-resisted|p1a: Corviknight\n|-damage|p1a: Corviknight|91\/100\n|-boost|p2a: \u94c1\u8f99\u8ff9|spe|1\n|-damage|p2a: \u94c1\u8f99\u8ff9|49\/100|[from] item: Rocky Helmet|[of] p1a: Corviknight\n|-sideend|p2: dwill16|Stealth Rock|[from] move: Rapid Spin|[of] p2a: \u94c1\u8f99\u8ff9\n|\n|upkeep\n|turn|29\n|\n|t:|1700528950\n|-end|p2a: \u94c1\u8f99\u8ff9|Protosynthesis|[silent]\n|switch|p2a: \u55b7\u706b\u9f99X|Charizard, M|96\/100\n|move|p1a: Corviknight|U-turn|p2a: \u55b7\u706b\u9f99X\n|-resisted|p2a: \u55b7\u706b\u9f99X\n|-damage|p2a: \u55b7\u706b\u9f99X|91\/100\n|\n|t:|1700528956\n|switch|p1a: Tapu Lele|Tapu Lele|88\/100|[from] U-turn\n|-fieldstart|move: Psychic Terrain|[from] ability: Psychic Surge|[of] p1a: Tapu Lele\n|\n|upkeep\n|turn|30\n|\n|t:|1700528960\n|detailschange|p2a: \u55b7\u706b\u9f99X|Charizard-Mega-Y, M\n|-mega|p2a: \u55b7\u706b\u9f99X|Charizard|Charizardite Y\n|-weather|SunnyDay|[from] ability: Drought|[of] p2a: \u55b7\u706b\u9f99X\n|move|p1a: Tapu Lele|Psychic|p2a: \u55b7\u706b\u9f99X\n|-damage|p2a: \u55b7\u706b\u9f99X|31\/100\n|move|p2a: \u55b7\u706b\u9f99X|Weather Ball|p1a: Tapu Lele\n|-damage|p1a: Tapu Lele|0 fnt\n|faint|p1a: Tapu Lele\n|\n|-weather|SunnyDay|[upkeep]\n|upkeep\n|\n|t:|1700528967\n|switch|p1a: Kartana|Kartana|68\/100\n|turn|31\n|\n|t:|1700528970\n|switch|p2a: \u94a2\u94e0\u9e26|Skarmory, F|76\/100\n|move|p1a: Kartana|Knock Off|p2a: \u94a2\u94e0\u9e26\n|-crit|p2a: \u94a2\u94e0\u9e26\n|-damage|p2a: \u94a2\u94e0\u9e26|29\/100\n|-damage|p1a: Kartana|52\/100|[from] item: Rocky Helmet|[of] p2a: \u94a2\u94e0\u9e26\n|-enditem|p2a: \u94a2\u94e0\u9e26|Rocky Helmet|[from] move: Knock Off|[of] p1a: Kartana\n|\n|-weather|SunnyDay|[upkeep]\n|upkeep\n|turn|32\n|\n|t:|1700528977\n|move|p1a: Kartana|Knock Off|p2a: \u94a2\u94e0\u9e26\n|-damage|p2a: \u94a2\u94e0\u9e26|8\/100\n|move|p2a: \u94a2\u94e0\u9e26|Roost|p2a: \u94a2\u94e0\u9e26\n|-heal|p2a: \u94a2\u94e0\u9e26|58\/100\n|-singleturn|p2a: \u94a2\u94e0\u9e26|move: Roost\n|\n|-weather|SunnyDay|[upkeep]\n|upkeep\n|turn|33\n|\n|t:|1700528980\n|switch|p1a: Heatran|Heatran, F|71\/100\n|move|p2a: \u94a2\u94e0\u9e26|Roost|p2a: \u94a2\u94e0\u9e26\n|-heal|p2a: \u94a2\u94e0\u9e26|100\/100\n|-singleturn|p2a: \u94a2\u94e0\u9e26|move: Roost\n|\n|-weather|SunnyDay|[upkeep]\n|-heal|p1a: Heatran|77\/100|[from] item: Leftovers\n|-fieldend|move: Psychic Terrain\n|upkeep\n|turn|34\n|\n|t:|1700528983\n|switch|p2a: \u571f\u738b|Garganacl, M, tera:Dragon|74\/100\n|move|p1a: Heatran|Stealth Rock|p2a: \u571f\u738b\n|-sidestart|p2: dwill16|move: Stealth Rock\n|\n|-weather|none\n|-heal|p1a: Heatran|83\/100|[from] item: Leftovers\n|-heal|p2a: \u571f\u738b|80\/100|[from] item: Leftovers\n|upkeep\n|turn|35\n|\n|t:|1700528988\n|switch|p1a: Clodsire|Clodsire, M|88\/100\n|move|p2a: \u571f\u738b|Salt Cure|p1a: Clodsire\n|-resisted|p1a: Clodsire\n|-damage|p1a: Clodsire|80\/100\n|-start|p1a: Clodsire|Salt Cure\n|\n|-heal|p2a: \u571f\u738b|87\/100|[from] item: Leftovers\n|-damage|p1a: Clodsire|68\/100|[from] Salt Cure\n|upkeep\n|turn|36\n|\n|t:|1700528992\n|switch|p2a: \u94c1\u8f99\u8ff9|Great Tusk|49\/100\n|-damage|p2a: \u94c1\u8f99\u8ff9|46\/100|[from] Stealth Rock\n|move|p1a: Clodsire|Spikes|p2a: \u94c1\u8f99\u8ff9\n|-sidestart|p2: dwill16|Spikes\n|\n|-damage|p1a: Clodsire|55\/100|[from] Salt Cure\n|upkeep\n|turn|37\n|\n|t:|1700528996\n|switch|p1a: Corviknight|Corviknight, F|91\/100\n|-ability|p1a: Corviknight|Pressure\n|move|p2a: \u94c1\u8f99\u8ff9|Rapid Spin|p1a: Corviknight\n|-resisted|p1a: Corviknight\n|-crit|p1a: Corviknight\n|-damage|p1a: Corviknight|84\/100\n|-boost|p2a: \u94c1\u8f99\u8ff9|spe|1\n|-damage|p2a: \u94c1\u8f99\u8ff9|29\/100|[from] item: Rocky Helmet|[of] p1a: Corviknight\n|-sideend|p2: dwill16|Spikes|[from] move: Rapid Spin|[of] p2a: \u94c1\u8f99\u8ff9\n|-sideend|p2: dwill16|Stealth Rock|[from] move: Rapid Spin|[of] p2a: \u94c1\u8f99\u8ff9\n|\n|upkeep\n|turn|38\n|\n|t:|1700529000\n|-end|p2a: \u94c1\u8f99\u8ff9|Protosynthesis|[silent]\n|switch|p2a: \u571f\u738b|Garganacl, M, tera:Dragon|87\/100\n|move|p1a: Corviknight|U-turn|p2a: \u571f\u738b\n|-damage|p2a: \u571f\u738b|76\/100\n|\n|t:|1700529004\n|switch|p1a: Kyurem|Kyurem|100\/100|[from] U-turn\n|-ability|p1a: Kyurem|Pressure\n|\n|-heal|p2a: \u571f\u738b|82\/100|[from] item: Leftovers\n|upkeep\n|turn|39\n|\n|t:|1700529010\n|switch|p2a: \u8d5b\u5bcc\u8c6a|Aegislash, F|100\/100\n|move|p1a: Kyurem|Substitute|p1a: Kyurem\n|-start|p1a: Kyurem|Substitute\n|-damage|p1a: Kyurem|76\/100\n|\n|upkeep\n|turn|40\n|\n|t:|1700529013\n|move|p1a: Kyurem|Dragon Dance|p1a: Kyurem\n|-boost|p1a: Kyurem|atk|1\n|-boost|p1a: Kyurem|spe|1\n|-formechange|p2a: \u8d5b\u5bcc\u8c6a|Aegislash-Blade||[from] ability: Stance Change\n|move|p2a: \u8d5b\u5bcc\u8c6a|Iron Head|p1a: Kyurem\n|-supereffective|p1a: Kyurem\n|-end|p1a: Kyurem|Substitute\n|\n|upkeep\n|turn|41\n|\n|t:|1700529022\n|-formechange|p2a: \u8d5b\u5bcc\u8c6a|Aegislash||[from] ability: Stance Change\n|move|p2a: \u8d5b\u5bcc\u8c6a|King's Shield|p2a: \u8d5b\u5bcc\u8c6a\n|-singleturn|p2a: \u8d5b\u5bcc\u8c6a|Protect\n|move|p1a: Kyurem|Substitute|p1a: Kyurem\n|-start|p1a: Kyurem|Substitute\n|-damage|p1a: Kyurem|51\/100\n|\n|upkeep\n|turn|42\n|\n|t:|1700529025\n|move|p1a: Kyurem|Roost|p1a: Kyurem\n|-heal|p1a: Kyurem|100\/100\n|-singleturn|p1a: Kyurem|move: Roost\n|-formechange|p2a: \u8d5b\u5bcc\u8c6a|Aegislash-Blade||[from] ability: Stance Change\n|move|p2a: \u8d5b\u5bcc\u8c6a|Iron Head|p1a: Kyurem\n|-supereffective|p1a: Kyurem\n|-end|p1a: Kyurem|Substitute\n|\n|upkeep\n|turn|43\n|\n|t:|1700529031\n|move|p1a: Kyurem|Substitute|p1a: Kyurem\n|-start|p1a: Kyurem|Substitute\n|-damage|p1a: Kyurem|76\/100\n|move|p2a: \u8d5b\u5bcc\u8c6a|Iron Head|p1a: Kyurem\n|-supereffective|p1a: Kyurem\n|-end|p1a: Kyurem|Substitute\n|\n|upkeep\n|turn|44\n|\n|t:|1700529034\n|move|p1a: Kyurem|Substitute|p1a: Kyurem\n|-start|p1a: Kyurem|Substitute\n|-damage|p1a: Kyurem|51\/100\n|move|p2a: \u8d5b\u5bcc\u8c6a|Iron Head|p1a: Kyurem\n|-supereffective|p1a: Kyurem\n|-end|p1a: Kyurem|Substitute\n|\n|upkeep\n|turn|45\n|\n|t:|1700529038\n|move|p1a: Kyurem|Substitute|p1a: Kyurem\n|-start|p1a: Kyurem|Substitute\n|-damage|p1a: Kyurem|26\/100\n|move|p2a: \u8d5b\u5bcc\u8c6a|Iron Head|p1a: Kyurem\n|-supereffective|p1a: Kyurem\n|-end|p1a: Kyurem|Substitute\n|\n|upkeep\n|turn|46\n|\n|t:|1700529047\n|switch|p1a: Heatran|Heatran, F|83\/100\n|move|p2a: \u8d5b\u5bcc\u8c6a|Iron Head|p1a: Heatran\n|-resisted|p1a: Heatran\n|-damage|p1a: Heatran|75\/100\n|\n|-heal|p1a: Heatran|81\/100|[from] item: Leftovers\n|upkeep\n|turn|47\n|\n|t:|1700529054\n|-formechange|p2a: \u8d5b\u5bcc\u8c6a|Aegislash||[from] ability: Stance Change\n|move|p2a: \u8d5b\u5bcc\u8c6a|King's Shield|p2a: \u8d5b\u5bcc\u8c6a\n|-singleturn|p2a: \u8d5b\u5bcc\u8c6a|Protect\n|move|p1a: Heatran|Stealth Rock|p2a: \u8d5b\u5bcc\u8c6a\n|-sidestart|p2: dwill16|move: Stealth Rock\n|\n|-heal|p1a: Heatran|88\/100|[from] item: Leftovers\n|upkeep\n|turn|48\n|\n|t:|1700529058\n|switch|p2a: \u571f\u738b|Garganacl, M, tera:Dragon|82\/100\n|-damage|p2a: \u571f\u738b|70\/100|[from] Stealth Rock\n|move|p1a: Heatran|Magma Storm|p2a: \u571f\u738b\n|-resisted|p2a: \u571f\u738b\n|-damage|p2a: \u571f\u738b|55\/100\n|-activate|p2a: \u571f\u738b|move: Magma Storm|[of] p1a: Heatran\n|\n|-heal|p1a: Heatran|94\/100|[from] item: Leftovers\n|-heal|p2a: \u571f\u738b|62\/100|[from] item: Leftovers\n|-damage|p2a: \u571f\u738b|49\/100|[from] move: Magma Storm|[partiallytrapped]\n|upkeep\n|turn|49\n|\n|t:|1700529066\n|switch|p1a: Kyurem|Kyurem|26\/100\n|-ability|p1a: Kyurem|Pressure\n|move|p2a: \u571f\u738b|Salt Cure|p1a: Kyurem\n|-supereffective|p1a: Kyurem\n|-damage|p1a: Kyurem|4\/100\n|-start|p1a: Kyurem|Salt Cure\n|\n|-heal|p2a: \u571f\u738b|55\/100|[from] item: Leftovers\n|-damage|p1a: Kyurem|0 fnt|[from] Salt Cure\n|faint|p1a: Kyurem\n|-end|p2a: \u571f\u738b|Magma Storm|[partiallytrapped]|[silent]\n|upkeep\n|\n|t:|1700529076\n|switch|p1a: Kartana|Kartana|52\/100\n|turn|50\n|\n|t:|1700529097\n|move|p2a: \u571f\u738b|Protect|p2a: \u571f\u738b\n|-singleturn|p2a: \u571f\u738b|Protect\n|move|p1a: Kartana|Knock Off|p2a: \u571f\u738b\n|-activate|p2a: \u571f\u738b|move: Protect\n|\n|-heal|p2a: \u571f\u738b|62\/100|[from] item: Leftovers\n|upkeep\n|turn|51\n|\n|t:|1700529105\n|switch|p2a: \u94a2\u94e0\u9e26|Skarmory, F|100\/100\n|-damage|p2a: \u94a2\u94e0\u9e26|88\/100|[from] Stealth Rock\n|move|p1a: Kartana|Knock Off|p2a: \u94a2\u94e0\u9e26\n|-damage|p2a: \u94a2\u94e0\u9e26|68\/100\n|\n|upkeep\n|turn|52\n|\n|t:|1700529109\n|switch|p1a: Clodsire|Clodsire, M|55\/100\n|move|p2a: \u94a2\u94e0\u9e26|Defog|p1a: Clodsire\n|-unboost|p1a: Clodsire|evasion|1\n|-sideend|p2: dwill16|Stealth Rock|[from] move: Defog|[of] p2a: \u94a2\u94e0\u9e26\n|\n|upkeep\n|turn|53\n|\n|t:|1700529112\n|switch|p2a: \u94c1\u8f99\u8ff9|Great Tusk|29\/100\n|move|p1a: Clodsire|Recover|p1a: Clodsire\n|-heal|p1a: Clodsire|100\/100\n|\n|upkeep\n|turn|54\n|\n|t:|1700529118\n|switch|p1a: Corviknight|Corviknight, F|84\/100\n|-ability|p1a: Corviknight|Pressure\n|move|p2a: \u94c1\u8f99\u8ff9|Close Combat|p1a: Corviknight\n|-damage|p1a: Corviknight|51\/100\n|-unboost|p2a: \u94c1\u8f99\u8ff9|def|1\n|-unboost|p2a: \u94c1\u8f99\u8ff9|spd|1\n|-damage|p2a: \u94c1\u8f99\u8ff9|13\/100|[from] item: Rocky Helmet|[of] p1a: Corviknight\n|\n|upkeep\n|turn|55\n|\n|t:|1700529125\n|-zpower|p2a: \u94c1\u8f99\u8ff9\n|move|p2a: \u94c1\u8f99\u8ff9|Subzero Slammer|p1a: Corviknight|[zeffect]\n|-damage|p1a: Corviknight|21\/100\n|move|p1a: Corviknight|Roost|p1a: Corviknight\n|-heal|p1a: Corviknight|71\/100\n|-singleturn|p1a: Corviknight|move: Roost\n|\n|upkeep\n|turn|56\n|\n|t:|1700529130\n|-end|p2a: \u94c1\u8f99\u8ff9|Protosynthesis|[silent]\n|switch|p2a: \u55b7\u706b\u9f99X|Charizard-Mega-Y, M|31\/100\n|-weather|SunnyDay|[from] ability: Drought|[of] p2a: \u55b7\u706b\u9f99X\n|move|p1a: Corviknight|U-turn|p2a: \u55b7\u706b\u9f99X\n|-resisted|p2a: \u55b7\u706b\u9f99X\n|-damage|p2a: \u55b7\u706b\u9f99X|26\/100\n|\n|t:|1700529137\n|switch|p1a: Kartana|Kartana|52\/100|[from] U-turn\n|\n|-weather|SunnyDay|[upkeep]\n|upkeep\n|turn|57\n|\n|t:|1700529140\n|switch|p2a: \u94a2\u94e0\u9e26|Skarmory, F|68\/100\n|move|p1a: Kartana|Knock Off|p2a: \u94a2\u94e0\u9e26\n|-crit|p2a: \u94a2\u94e0\u9e26\n|-damage|p2a: \u94a2\u94e0\u9e26|37\/100\n|\n|-weather|SunnyDay|[upkeep]\n|upkeep\n|turn|58\n|\n|t:|1700529145\n|switch|p1a: Heatran|Heatran, F|94\/100\n|move|p2a: \u94a2\u94e0\u9e26|Roost|p2a: \u94a2\u94e0\u9e26\n|-heal|p2a: \u94a2\u94e0\u9e26|87\/100\n|-singleturn|p2a: \u94a2\u94e0\u9e26|move: Roost\n|\n|-weather|SunnyDay|[upkeep]\n|-heal|p1a: Heatran|99\/100|[from] item: Leftovers\n|upkeep\n|turn|59\n|j| shiro0620\n|\n|t:|1700529150\n|switch|p2a: \u94c1\u8f99\u8ff9|Great Tusk|13\/100\n|-activate|p2a: \u94c1\u8f99\u8ff9|ability: Protosynthesis\n|-start|p2a: \u94c1\u8f99\u8ff9|protosynthesisspe\n|move|p1a: Heatran|Stealth Rock|p2a: \u94c1\u8f99\u8ff9\n|-sidestart|p2: dwill16|move: Stealth Rock\n|\n|-weather|SunnyDay|[upkeep]\n|-heal|p1a: Heatran|100\/100|[from] item: Leftovers\n|upkeep\n|turn|60\n|j| yunyumao\n|\n|t:|1700529155\n|switch|p1a: Corviknight|Corviknight, F|71\/100\n|-ability|p1a: Corviknight|Pressure\n|move|p2a: \u94c1\u8f99\u8ff9|Rapid Spin|p1a: Corviknight\n|-resisted|p1a: Corviknight\n|-crit|p1a: Corviknight\n|-damage|p1a: Corviknight|65\/100\n|-boost|p2a: \u94c1\u8f99\u8ff9|spe|1\n|-damage|p2a: \u94c1\u8f99\u8ff9|0 fnt|[from] item: Rocky Helmet|[of] p1a: Corviknight\n|faint|p2a: \u94c1\u8f99\u8ff9\n|-end|p2a: \u94c1\u8f99\u8ff9|Protosynthesis|[silent]\n|\n|-weather|none\n|upkeep\n|\n|t:|1700529160\n|switch|p2a: \u94a2\u94e0\u9e26|Skarmory, F|87\/100\n|-damage|p2a: \u94a2\u94e0\u9e26|74\/100|[from] Stealth Rock\n|turn|61\n|\n|t:|1700529169\n|move|p2a: \u94a2\u94e0\u9e26|Defog|p1a: Corviknight\n|-unboost|p1a: Corviknight|evasion|1\n|-sideend|p2: dwill16|Stealth Rock|[from] move: Defog|[of] p2a: \u94a2\u94e0\u9e26\n|move|p1a: Corviknight|U-turn|p2a: \u94a2\u94e0\u9e26\n|-resisted|p2a: \u94a2\u94e0\u9e26\n|-damage|p2a: \u94a2\u94e0\u9e26|72\/100\n|\n|t:|1700529171\n|switch|p1a: Heatran|Heatran, F|100\/100|[from] U-turn\n|\n|upkeep\n|turn|62\n|\n|t:|1700529176\n|switch|p2a: \u8d5b\u5bcc\u8c6a|Aegislash, F|100\/100\n|move|p1a: Heatran|Stealth Rock|p2a: \u8d5b\u5bcc\u8c6a\n|-sidestart|p2: dwill16|move: Stealth Rock\n|\n|upkeep\n|turn|63\n|\n|t:|1700529182\n|switch|p1a: Clodsire|Clodsire, M|100\/100\n|-formechange|p2a: \u8d5b\u5bcc\u8c6a|Aegislash-Blade||[from] ability: Stance Change\n|move|p2a: \u8d5b\u5bcc\u8c6a|Shadow Claw|p1a: Clodsire\n|-damage|p1a: Clodsire|63\/100\n|\n|upkeep\n|turn|64\n|\n|t:|1700529188\n|move|p2a: \u8d5b\u5bcc\u8c6a|Swords Dance|p2a: \u8d5b\u5bcc\u8c6a\n|-boost|p2a: \u8d5b\u5bcc\u8c6a|atk|2\n|move|p1a: Clodsire|Earthquake|p2a: \u8d5b\u5bcc\u8c6a\n|-supereffective|p2a: \u8d5b\u5bcc\u8c6a\n|-damage|p2a: \u8d5b\u5bcc\u8c6a|20\/100\n|\n|upkeep\n|turn|65\n|\n|t:|1700529199\n|switch|p1a: Corviknight|Corviknight, F|65\/100\n|-ability|p1a: Corviknight|Pressure\n|move|p2a: \u8d5b\u5bcc\u8c6a|Shadow Claw|p1a: Corviknight\n|-damage|p1a: Corviknight|23\/100\n|-damage|p2a: \u8d5b\u5bcc\u8c6a|4\/100|[from] item: Rocky Helmet|[of] p1a: Corviknight\n|\n|upkeep\n|turn|66\n|\n|t:|1700529206\n|move|p1a: Corviknight|Roost|p1a: Corviknight\n|-heal|p1a: Corviknight|73\/100\n|-singleturn|p1a: Corviknight|move: Roost\n|move|p2a: \u8d5b\u5bcc\u8c6a|Shadow Claw|p1a: Corviknight\n|-damage|p1a: Corviknight|29\/100\n|-damage|p2a: \u8d5b\u5bcc\u8c6a|0 fnt|[from] item: Rocky Helmet|[of] p1a: Corviknight\n|faint|p2a: \u8d5b\u5bcc\u8c6a\n|\n|upkeep\n|\n|t:|1700529210\n|switch|p2a: \u571f\u738b|Garganacl, M, tera:Dragon|62\/100\n|-damage|p2a: \u571f\u738b|49\/100|[from] Stealth Rock\n|turn|67\n|\n|t:|1700529215\n|move|p1a: Corviknight|Roost|p1a: Corviknight\n|-heal|p1a: Corviknight|79\/100\n|-singleturn|p1a: Corviknight|move: Roost\n|move|p2a: \u571f\u738b|Salt Cure|p1a: Corviknight\n|-resisted|p1a: Corviknight\n|-damage|p1a: Corviknight|75\/100\n|-start|p1a: Corviknight|Salt Cure\n|\n|-heal|p2a: \u571f\u738b|55\/100|[from] item: Leftovers\n|-damage|p1a: Corviknight|50\/100|[from] Salt Cure\n|upkeep\n|turn|68\n|\n|t:|1700529221\n|move|p1a: Corviknight|Roost|p1a: Corviknight\n|-heal|p1a: Corviknight|99\/100\n|-singleturn|p1a: Corviknight|move: Roost\n|move|p2a: \u571f\u738b|Salt Cure|p1a: Corviknight\n|-resisted|p1a: Corviknight\n|-damage|p1a: Corviknight|96\/100\n|\n|-heal|p2a: \u571f\u738b|62\/100|[from] item: Leftovers\n|-damage|p1a: Corviknight|71\/100|[from] Salt Cure\n|upkeep\n|turn|69\n|\n|t:|1700529224\n|switch|p1a: Clodsire|Clodsire, M|63\/100\n|move|p2a: \u571f\u738b|Salt Cure|p1a: Clodsire\n|-resisted|p1a: Clodsire\n|-damage|p1a: Clodsire|55\/100\n|-start|p1a: Clodsire|Salt Cure\n|\n|-heal|p2a: \u571f\u738b|68\/100|[from] item: Leftovers\n|-damage|p1a: Clodsire|42\/100|[from] Salt Cure\n|upkeep\n|turn|70\n|\n|t:|1700529228\n|move|p2a: \u571f\u738b|Salt Cure|p1a: Clodsire\n|-resisted|p1a: Clodsire\n|-damage|p1a: Clodsire|34\/100\n|move|p1a: Clodsire|Recover|p1a: Clodsire\n|-heal|p1a: Clodsire|84\/100\n|\n|-heal|p2a: \u571f\u738b|74\/100|[from] item: Leftovers\n|-damage|p1a: Clodsire|71\/100|[from] Salt Cure\n|upkeep\n|turn|71\n|\n|t:|1700529231\n|move|p2a: \u571f\u738b|Stealth Rock|p1a: Clodsire\n|-sidestart|p1: Tokiwakano|move: Stealth Rock\n|move|p1a: Clodsire|Recover|p1a: Clodsire\n|-heal|p1a: Clodsire|100\/100\n|\n|-heal|p2a: \u571f\u738b|80\/100|[from] item: Leftovers\n|-damage|p1a: Clodsire|88\/100|[from] Salt Cure\n|upkeep\n|turn|72\n|\n|t:|1700529236\n|move|p2a: \u571f\u738b|Salt Cure|p1a: Clodsire\n|-resisted|p1a: Clodsire\n|-damage|p1a: Clodsire|80\/100\n|move|p1a: Clodsire|Spikes|p2a: \u571f\u738b\n|-sidestart|p2: dwill16|Spikes\n|\n|-heal|p2a: \u571f\u738b|86\/100|[from] item: Leftovers\n|-damage|p1a: Clodsire|68\/100|[from] Salt Cure\n|upkeep\n|turn|73\n|\n|t:|1700529241\n|move|p2a: \u571f\u738b|Stealth Rock||[still]\n|-fail|p2a: \u571f\u738b\n|move|p1a: Clodsire|Earthquake|p2a: \u571f\u738b\n|-damage|p2a: \u571f\u738b|69\/100\n|\n|-heal|p2a: \u571f\u738b|75\/100|[from] item: Leftovers\n|-damage|p1a: Clodsire|55\/100|[from] Salt Cure\n|upkeep\n|turn|74\n|\n|t:|1700529244\n|move|p2a: \u571f\u738b|Stealth Rock||[still]\n|-fail|p2a: \u571f\u738b\n|move|p1a: Clodsire|Recover|p1a: Clodsire\n|-heal|p1a: Clodsire|100\/100\n|\n|-heal|p2a: \u571f\u738b|81\/100|[from] item: Leftovers\n|-damage|p1a: Clodsire|88\/100|[from] Salt Cure\n|upkeep\n|turn|75\n|\n|t:|1700529248\n|switch|p1a: Corviknight|Corviknight, F|71\/100\n|-damage|p1a: Corviknight|58\/100|[from] Stealth Rock\n|-ability|p1a: Corviknight|Pressure\n|move|p2a: \u571f\u738b|Stealth Rock||[still]\n|-fail|p2a: \u571f\u738b\n|\n|-heal|p2a: \u571f\u738b|87\/100|[from] item: Leftovers\n|upkeep\n|turn|76\n|\n|t:|1700529255\n|move|p1a: Corviknight|Roost|p1a: Corviknight\n|-heal|p1a: Corviknight|100\/100\n|-singleturn|p1a: Corviknight|move: Roost\n|move|p2a: \u571f\u738b|Salt Cure|p1a: Corviknight\n|-resisted|p1a: Corviknight\n|-damage|p1a: Corviknight|96\/100\n|-start|p1a: Corviknight|Salt Cure\n|\n|-heal|p2a: \u571f\u738b|93\/100|[from] item: Leftovers\n|-damage|p1a: Corviknight|71\/100|[from] Salt Cure\n|upkeep\n|turn|77\n|\n|t:|1700529259\n|switch|p1a: Clodsire|Clodsire, M|88\/100\n|move|p2a: \u571f\u738b|Stealth Rock||[still]\n|-fail|p2a: \u571f\u738b\n|\n|-heal|p2a: \u571f\u738b|99\/100|[from] item: Leftovers\n|upkeep\n|turn|78\n|\n|t:|1700529262\n|move|p2a: \u571f\u738b|Salt Cure|p1a: Clodsire\n|-resisted|p1a: Clodsire\n|-damage|p1a: Clodsire|81\/100\n|-start|p1a: Clodsire|Salt Cure\n|move|p1a: Clodsire|Spikes|p2a: \u571f\u738b\n|-sidestart|p2: dwill16|Spikes\n|\n|-heal|p2a: \u571f\u738b|100\/100|[from] item: Leftovers\n|-damage|p1a: Clodsire|68\/100|[from] Salt Cure\n|upkeep\n|turn|79\n|\n|t:|1700529268\n|switch|p1a: Corviknight|Corviknight, F|71\/100\n|-damage|p1a: Corviknight|58\/100|[from] Stealth Rock\n|-ability|p1a: Corviknight|Pressure\n|move|p2a: \u571f\u738b|Stealth Rock||[still]\n|-fail|p2a: \u571f\u738b\n|\n|upkeep\n|turn|80\n|\n|t:|1700529270\n|move|p1a: Corviknight|Roost|p1a: Corviknight\n|-heal|p1a: Corviknight|100\/100\n|-singleturn|p1a: Corviknight|move: Roost\n|move|p2a: \u571f\u738b|Salt Cure|p1a: Corviknight\n|-resisted|p1a: Corviknight\n|-damage|p1a: Corviknight|96\/100\n|-start|p1a: Corviknight|Salt Cure\n|\n|-damage|p1a: Corviknight|71\/100|[from] Salt Cure\n|upkeep\n|turn|81\n|\n|t:|1700529273\n|switch|p1a: Clodsire|Clodsire, M|68\/100\n|move|p2a: \u571f\u738b|Stealth Rock||[still]\n|-fail|p2a: \u571f\u738b\n|\n|upkeep\n|turn|82\n|\n|t:|1700529277\n|switch|p2a: \u94a2\u94e0\u9e26|Skarmory, F|72\/100\n|-damage|p2a: \u94a2\u94e0\u9e26|59\/100|[from] Stealth Rock\n|move|p1a: Clodsire|Spikes|p2a: \u94a2\u94e0\u9e26\n|-sidestart|p2: dwill16|Spikes\n|\n|upkeep\n|turn|83\n|\n|t:|1700529280\n|move|p2a: \u94a2\u94e0\u9e26|Defog|p1a: Clodsire\n|-unboost|p1a: Clodsire|evasion|1\n|-sideend|p1: Tokiwakano|Stealth Rock|[from] move: Defog|[of] p2a: \u94a2\u94e0\u9e26\n|-sideend|p2: dwill16|Spikes|[from] move: Defog|[of] p2a: \u94a2\u94e0\u9e26\n|-sideend|p2: dwill16|Stealth Rock|[from] move: Defog|[of] p2a: \u94a2\u94e0\u9e26\n|move|p1a: Clodsire|Recover|p1a: Clodsire\n|-heal|p1a: Clodsire|100\/100\n|\n|upkeep\n|turn|84\n|\n|t:|1700529286\n|switch|p2a: \u55b7\u706b\u9f99X|Charizard-Mega-Y, M|26\/100\n|-weather|SunnyDay|[from] ability: Drought|[of] p2a: \u55b7\u706b\u9f99X\n|move|p1a: Clodsire|Spikes|p2a: \u55b7\u706b\u9f99X\n|-sidestart|p2: dwill16|Spikes\n|\n|-weather|SunnyDay|[upkeep]\n|upkeep\n|turn|85\n|\n|t:|1700529291\n|move|p2a: \u55b7\u706b\u9f99X|Weather Ball|p1a: Clodsire\n|-damage|p1a: Clodsire|56\/100\n|move|p1a: Clodsire|Toxic|p2a: \u55b7\u706b\u9f99X\n|-status|p2a: \u55b7\u706b\u9f99X|tox\n|\n|-weather|SunnyDay|[upkeep]\n|-damage|p2a: \u55b7\u706b\u9f99X|20\/100 tox|[from] psn\n|upkeep\n|turn|86\n|j| Twintail_Fetish\n|\n|t:|1700529296\n|move|p2a: \u55b7\u706b\u9f99X|Weather Ball|p1a: Clodsire\n|-damage|p1a: Clodsire|9\/100\n|move|p1a: Clodsire|Recover|p1a: Clodsire\n|-heal|p1a: Clodsire|59\/100\n|\n|-weather|SunnyDay|[upkeep]\n|-damage|p2a: \u55b7\u706b\u9f99X|8\/100 tox|[from] psn\n|upkeep\n|turn|87\n|\n|t:|1700529303\n|switch|p2a: \u5361\u666e\u9e23\u9e23|Tapu Lele|88\/100\n|-damage|p2a: \u5361\u666e\u9e23\u9e23|76\/100|[from] Spikes\n|-fieldstart|move: Psychic Terrain|[from] ability: Psychic Surge|[of] p2a: \u5361\u666e\u9e23\u9e23\n|switch|p1a: Heatran|Heatran, F|100\/100\n|\n|-weather|SunnyDay|[upkeep]\n|upkeep\n|turn|88\n|\n|t:|1700529308\n|switch|p2a: \u571f\u738b|Garganacl, M, tera:Dragon|100\/100\n|-damage|p2a: \u571f\u738b|88\/100|[from] Spikes\n|move|p1a: Heatran|Magma Storm|p2a: \u571f\u738b\n|-resisted|p2a: \u571f\u738b\n|-damage|p2a: \u571f\u738b|68\/100\n|-activate|p2a: \u571f\u738b|move: Magma Storm|[of] p1a: Heatran\n|\n|-weather|none\n|-heal|p2a: \u571f\u738b|74\/100|[from] item: Leftovers\n|-damage|p2a: \u571f\u738b|62\/100|[from] move: Magma Storm|[partiallytrapped]\n|upkeep\n|turn|89\n|\n|t:|1700529315\n|move|p1a: Heatran|Earth Power|p2a: \u571f\u738b\n|-damage|p2a: \u571f\u738b|45\/100\n|move|p2a: \u571f\u738b|Salt Cure|p1a: Heatran\n|-damage|p1a: Heatran|89\/100\n|-start|p1a: Heatran|Salt Cure\n|\n|-heal|p1a: Heatran|96\/100|[from] item: Leftovers\n|-heal|p2a: \u571f\u738b|51\/100|[from] item: Leftovers\n|-damage|p1a: Heatran|71\/100|[from] Salt Cure\n|-damage|p2a: \u571f\u738b|39\/100|[from] move: Magma Storm|[partiallytrapped]\n|upkeep\n|turn|90\n|\n|t:|1700529318\n|switch|p1a: Corviknight|Corviknight, F|71\/100\n|-ability|p1a: Corviknight|Pressure\n|move|p2a: \u571f\u738b|Recover|p2a: \u571f\u738b\n|-heal|p2a: \u571f\u738b|89\/100\n|\n|-heal|p2a: \u571f\u738b|95\/100|[from] item: Leftovers\n|-end|p2a: \u571f\u738b|Magma Storm|[partiallytrapped]|[silent]\n|upkeep\n|turn|91\n|\n|t:|1700529324\n|switch|p2a: \u55b7\u706b\u9f99X|Charizard-Mega-Y, M|8\/100 tox\n|-weather|SunnyDay|[from] ability: Drought|[of] p2a: \u55b7\u706b\u9f99X\n|move|p1a: Corviknight|Brave Bird|p2a: \u55b7\u706b\u9f99X\n|-damage|p2a: \u55b7\u706b\u9f99X|0 fnt\n|faint|p2a: \u55b7\u706b\u9f99X\n|-damage|p1a: Corviknight|69\/100|[from] Recoil\n|\n|-weather|SunnyDay|[upkeep]\n|-fieldend|move: Psychic Terrain\n|upkeep\n|\n|t:|1700529328\n|switch|p2a: \u5361\u666e\u9e23\u9e23|Tapu Lele|76\/100\n|-damage|p2a: \u5361\u666e\u9e23\u9e23|63\/100|[from] Spikes\n|-fieldstart|move: Psychic Terrain|[from] ability: Psychic Surge|[of] p2a: \u5361\u666e\u9e23\u9e23\n|turn|92\n|\n|t:|1700529332\n|switch|p1a: Clodsire|Clodsire, M|59\/100\n|move|p2a: \u5361\u666e\u9e23\u9e23|Hidden Power|p1a: Clodsire\n|-damage|p1a: Clodsire|42\/100\n|\n|-weather|SunnyDay|[upkeep]\n|upkeep\n|turn|93\n|\n|t:|1700529344\n|move|p2a: \u5361\u666e\u9e23\u9e23|Hidden Power|p1a: Clodsire\n|-damage|p1a: Clodsire|23\/100\n|move|p1a: Clodsire|Spikes|p2a: \u5361\u666e\u9e23\u9e23\n|-sidestart|p2: dwill16|Spikes\n|\n|-weather|SunnyDay|[upkeep]\n|upkeep\n|turn|94\n|\n|t:|1700529347\n|move|p2a: \u5361\u666e\u9e23\u9e23|Hidden Power|p1a: Clodsire\n|-damage|p1a: Clodsire|7\/100\n|move|p1a: Clodsire|Earthquake|p2a: \u5361\u666e\u9e23\u9e23\n|-damage|p2a: \u5361\u666e\u9e23\u9e23|25\/100\n|\n|-weather|SunnyDay|[upkeep]\n|upkeep\n|turn|95\n|\n|t:|1700529352\n|move|p2a: \u5361\u666e\u9e23\u9e23|Hidden Power|p1a: Clodsire\n|-damage|p1a: Clodsire|0 fnt\n|faint|p1a: Clodsire\n|\n|-weather|none\n|upkeep\n|\n|t:|1700529354\n|switch|p1a: Kartana|Kartana|52\/100\n|turn|96\n|\n|t:|1700529357\n|move|p1a: Kartana|Knock Off|p2a: \u5361\u666e\u9e23\u9e23\n|-damage|p2a: \u5361\u666e\u9e23\u9e23|0 fnt\n|-enditem|p2a: \u5361\u666e\u9e23\u9e23|Choice Scarf|[from] move: Knock Off|[of] p1a: Kartana\n|faint|p2a: \u5361\u666e\u9e23\u9e23\n|-ability|p1a: Kartana|Beast Boost|boost\n|-boost|p1a: Kartana|atk|1\n|\n|-fieldend|move: Psychic Terrain\n|upkeep\n|\n|t:|1700529360\n|switch|p2a: \u571f\u738b|Garganacl, M, tera:Dragon|95\/100\n|-damage|p2a: \u571f\u738b|78\/100|[from] Spikes\n|turn|97\n|\n|t:|1700529366\n|move|p1a: Kartana|Knock Off|p2a: \u571f\u738b\n|-damage|p2a: \u571f\u738b|37\/100\n|-enditem|p2a: \u571f\u738b|Leftovers|[from] move: Knock Off|[of] p1a: Kartana\n|move|p2a: \u571f\u738b|Salt Cure|p1a: Kartana\n|-resisted|p1a: Kartana\n|-damage|p1a: Kartana|44\/100\n|-start|p1a: Kartana|Salt Cure\n|\n|-damage|p1a: Kartana|19\/100|[from] Salt Cure\n|upkeep\n|turn|98\n|\n|t:|1700529371\n|switch|p1a: Corviknight|Corviknight, F|69\/100\n|-ability|p1a: Corviknight|Pressure\n|move|p2a: \u571f\u738b|Salt Cure|p1a: Corviknight\n|-damage|p1a: Corviknight|61\/100\n|-start|p1a: Corviknight|Salt Cure\n|\n|-damage|p1a: Corviknight|36\/100|[from] Salt Cure\n|upkeep\n|turn|99\n|\n|t:|1700529375\n|move|p1a: Corviknight|Roost|p1a: Corviknight\n|-heal|p1a: Corviknight|86\/100\n|-singleturn|p1a: Corviknight|move: Roost\n|move|p2a: \u571f\u738b|Stealth Rock|p1a: Corviknight\n|-sidestart|p1: Tokiwakano|move: Stealth Rock\n|\n|-damage|p1a: Corviknight|61\/100|[from] Salt Cure\n|upkeep\n|turn|100\n|-message|dwill16 forfeited.\n|\n|win|Tokiwakano\n|raw|Tokiwakano's rating: 1666 &rarr; <strong>1690<\/strong><br \/>(+24 for winning)\n|raw|dwill16's rating: 1742 &rarr; <strong>1718<\/strong><br \/>(-24 for losing)\n|l|\u2606dwill16\n","uploadtime":1700529381,"views":3,"p1id":"tokiwakano","p2id":"dwill16","formatid":"gen9nationaldex","rating":1690,"private":0,"password":""}