{"id":"gen9nationaldex-1996518428","p1":"Thom.zip","p2":"Vegitoss","format":"[Gen 9] National Dex","log":"|html|<div class=\"broadcast-blue\"><strong>[Gen 9] National Dex is currently suspecting Sneasler! For information on how to participate check out the <a href=\"https:\/\/www.smogon.com\/forums\/threads\/sv-national-dex-suspect-8-just-dance.3731534\/\">suspect thread<\/a>.<\/strong><\/div>\n|j|\u2606Thom.zip\n|j|\u2606Vegitoss\n|t:|1700689902\n|gametype|singles\n|player|p1|Thom.zip|buck|1125\n|player|p2|Vegitoss|2|1138\n|teamsize|p1|6\n|teamsize|p2|6\n|gen|9\n|tier|[Gen 9] National Dex\n|rated|\n|rule|HP Percentage Mod: HP is shown in percentages\n|rule|Endless Battle Clause: Forcing endless battles is banned\n|rule|OHKO Clause: OHKO moves are banned\n|rule|Evasion Clause: Evasion abilities, items, and moves are banned\n|rule|Evasion Abilities Clause: Evasion abilities are banned\n|rule|Evasion Items Clause: Evasion items are banned\n|rule|Evasion Moves Clause: Evasion moves are banned\n|rule|Species Clause: Limit one of each Pok\u00e9mon\n|rule|Sleep Clause Mod: Limit one foe put to sleep\n|clearpoke\n|poke|p1|Incineroar, M|\n|poke|p1|Rotom-Heat|\n|poke|p1|Flareon, M|\n|poke|p1|Ceruledge, M|\n|poke|p1|Coalossal, M|\n|poke|p1|Torkoal, M|\n|poke|p2|Garchomp, M|\n|poke|p2|Charizard, F|\n|poke|p2|Tapu Koko|\n|poke|p2|Iron Valiant|\n|poke|p2|Dragonite, M|\n|poke|p2|Iron Leaves|\n|teampreview\n|inactive|Battle timer is ON: inactive players will automatically lose when time's up. (requested by Thom.zip)\n|\n|t:|1700689937\n|start\n|switch|p1a: Up|Coalossal, M|100\/100\n|switch|p2a: Dragonite|Dragonite, M|100\/100\n|-item|p1a: Up|Air Balloon\n|turn|1\n|\n|t:|1700689954\n|move|p2a: Dragonite|Extreme Speed|p1a: Up\n|-resisted|p1a: Up\n|-damage|p1a: Up|90\/100\n|-enditem|p1a: Up|Air Balloon\n|move|p1a: Up|Stealth Rock|p2a: Dragonite\n|-sidestart|p2: Vegitoss|move: Stealth Rock\n|\n|upkeep\n|turn|2\n|inactive|Vegitoss has 120 seconds left.\n|\n|t:|1700689994\n|move|p2a: Dragonite|Dragon Dance|p2a: Dragonite\n|-boost|p2a: Dragonite|atk|1\n|-boost|p2a: Dragonite|spe|1\n|move|p1a: Up|Scald|p2a: Dragonite\n|-resisted|p2a: Dragonite\n|-damage|p2a: Dragonite|95\/100\n|\n|-heal|p2a: Dragonite|100\/100|[from] item: Leftovers\n|upkeep\n|turn|3\n|\n|t:|1700690012\n|move|p2a: Dragonite|Dragon Dance|p2a: Dragonite\n|-boost|p2a: Dragonite|atk|1\n|-boost|p2a: Dragonite|spe|1\n|move|p1a: Up|Scald|p2a: Dragonite\n|-resisted|p2a: Dragonite\n|-damage|p2a: Dragonite|95\/100\n|-status|p2a: Dragonite|brn\n|\n|-heal|p2a: Dragonite|100\/100 brn|[from] item: Leftovers\n|-damage|p2a: Dragonite|94\/100 brn|[from] brn\n|upkeep\n|turn|4\n|inactive|Vegitoss has 120 seconds left.\n|\n|t:|1700690027\n|switch|p1a: Sucrilhos|Incineroar, M|100\/100\n|-ability|p1a: Sucrilhos|Intimidate|boost\n|-unboost|p2a: Dragonite|atk|1\n|move|p2a: Dragonite|Extreme Speed|p1a: Sucrilhos\n|-damage|p1a: Sucrilhos|81\/100\n|\n|-heal|p2a: Dragonite|100\/100 brn|[from] item: Leftovers\n|-damage|p2a: Dragonite|94\/100 brn|[from] brn\n|upkeep\n|turn|5\n|inactive|Vegitoss has 120 seconds left.\n|\n|t:|1700690042\n|switch|p2a: Garchomp|Garchomp, M|100\/100\n|-damage|p2a: Garchomp|94\/100|[from] Stealth Rock\n|move|p1a: Sucrilhos|Fake Out|p2a: Garchomp\n|-damage|p2a: Garchomp|80\/100\n|-damage|p1a: Sucrilhos|69\/100|[from] ability: Rough Skin|[of] p2a: Garchomp\n|-damage|p1a: Sucrilhos|52\/100|[from] item: Rocky Helmet|[of] p2a: Garchomp\n|\n|upkeep\n|turn|6\n|\n|t:|1700690051\n|move|p2a: Garchomp|Earthquake|p1a: Sucrilhos\n|-supereffective|p1a: Sucrilhos\n|-damage|p1a: Sucrilhos|0 fnt\n|faint|p1a: Sucrilhos\n|\n|upkeep\n|\n|t:|1700690058\n|switch|p1a: Up|Coalossal, M|90\/100\n|turn|7\n|inactive|Vegitoss has 120 seconds left.\n|\n|t:|1700690086\n|move|p2a: Garchomp|Earthquake|p1a: Up\n|-supereffective|p1a: Up\n|-damage|p1a: Up|0 fnt\n|faint|p1a: Up\n|\n|upkeep\n|\n|t:|1700690095\n|switch|p1a: O forninho caiu|Rotom-Heat|100\/100\n|turn|8\n|\n|t:|1700690100\n|move|p2a: Garchomp|Earthquake|p1a: O forninho caiu\n|-immune|p1a: O forninho caiu|[from] ability: Levitate\n|move|p1a: O forninho caiu|Nasty Plot|p1a: O forninho caiu\n|-boost|p1a: O forninho caiu|spa|2\n|\n|upkeep\n|turn|9\n|inactive|Vegitoss has 120 seconds left.\n|\n|t:|1700690106\n|move|p2a: Garchomp|Poison Jab|p1a: O forninho caiu\n|-damage|p1a: O forninho caiu|57\/100\n|move|p1a: O forninho caiu|Shadow Ball|p2a: Garchomp\n|-damage|p2a: Garchomp|30\/100\n|\n|upkeep\n|turn|10\n|inactive|Vegitoss has 120 seconds left.\n|\n|t:|1700690118\n|move|p2a: Garchomp|Brick Break|p1a: O forninho caiu\n|-damage|p1a: O forninho caiu|20\/100\n|-enditem|p1a: O forninho caiu|Sitrus Berry|[eat]\n|-heal|p1a: O forninho caiu|44\/100|[from] item: Sitrus Berry\n|move|p1a: O forninho caiu|Shadow Ball|p2a: Garchomp\n|-damage|p2a: Garchomp|0 fnt\n|faint|p2a: Garchomp\n|\n|upkeep\n|inactive|Vegitoss has 120 seconds left.\n|\n|t:|1700690130\n|switch|p2a: Iron Valiant|Iron Valiant|100\/100\n|turn|11\n|\n|t:|1700690134\n|move|p2a: Iron Valiant|Knock Off|p1a: O forninho caiu\n|-damage|p1a: O forninho caiu|14\/100\n|move|p1a: O forninho caiu|Pain Split|p2a: Iron Valiant\n|-sethp|p2a: Iron Valiant|56\/100|[from] move: Pain Split|[silent]\n|-sethp|p1a: O forninho caiu|67\/100|[from] move: Pain Split\n|\n|upkeep\n|turn|12\n|\n|t:|1700690144\n|move|p2a: Iron Valiant|Close Combat|p1a: O forninho caiu\n|-damage|p1a: O forninho caiu|0 fnt\n|-unboost|p2a: Iron Valiant|def|1\n|-unboost|p2a: Iron Valiant|spd|1\n|faint|p1a: O forninho caiu\n|\n|upkeep\n|\n|t:|1700690148\n|switch|p1a: Morri|Ceruledge, M|100\/100\n|turn|13\n|\n|t:|1700690154\n|move|p2a: Iron Valiant|Close Combat|p1a: Morri\n|-immune|p1a: Morri\n|move|p1a: Morri|Swords Dance|p1a: Morri\n|-boost|p1a: Morri|atk|2\n|\n|upkeep\n|turn|14\n|\n|t:|1700690161\n|move|p2a: Iron Valiant|Spirit Break|p1a: Morri\n|-resisted|p1a: Morri\n|-damage|p1a: Morri|73\/100\n|-unboost|p1a: Morri|spa|1\n|-ability|p1a: Morri|Weak Armor|boost\n|-unboost|p1a: Morri|def|1\n|-boost|p1a: Morri|spe|2\n|move|p1a: Morri|Close Combat|p2a: Iron Valiant\n|-resisted|p2a: Iron Valiant\n|-damage|p2a: Iron Valiant|0 fnt\n|-unboost|p1a: Morri|def|1\n|-unboost|p1a: Morri|spd|1\n|faint|p2a: Iron Valiant\n|-end|p2a: Iron Valiant|Quark Drive|[silent]\n|\n|upkeep\n|\n|t:|1700690175\n|switch|p2a: Tapu Koko|Tapu Koko|100\/100\n|-damage|p2a: Tapu Koko|88\/100|[from] Stealth Rock\n|-fieldstart|move: Electric Terrain|[from] ability: Electric Surge|[of] p2a: Tapu Koko\n|turn|15\n|\n|t:|1700690181\n|move|p1a: Morri|Destiny Bond|p1a: Morri\n|-singlemove|p1a: Morri|Destiny Bond\n|-zpower|p2a: Tapu Koko\n|move|p2a: Tapu Koko|Guardian of Alola|p1a: Morri|[zeffect]\n|-damage|p1a: Morri|19\/100\n|\n|upkeep\n|turn|16\n|\n|t:|1700690196\n|move|p1a: Morri|Close Combat|p2a: Tapu Koko\n|-resisted|p2a: Tapu Koko\n|-damage|p2a: Tapu Koko|29\/100\n|-unboost|p1a: Morri|def|1\n|-unboost|p1a: Morri|spd|1\n|move|p2a: Tapu Koko|Volt Switch|p1a: Morri\n|-damage|p1a: Morri|0 fnt\n|faint|p1a: Morri\n|\n|t:|1700690210\n|switch|p2a: Iron Leaves|Iron Leaves|100\/100|[from] Volt Switch\n|-damage|p2a: Iron Leaves|88\/100|[from] Stealth Rock\n|-activate|p2a: Iron Leaves|ability: Quark Drive\n|-start|p2a: Iron Leaves|quarkdrivespe\n|\n|upkeep\n|\n|t:|1700690214\n|switch|p1a: Ebuli\u00e7\u00e3o|Torkoal, M|100\/100\n|-weather|SunnyDay|[from] ability: Drought|[of] p1a: Ebuli\u00e7\u00e3o\n|turn|17\n|\n|t:|1700690219\n|-terastallize|p1a: Ebuli\u00e7\u00e3o|Fire\n|move|p2a: Iron Leaves|Sacred Sword|p1a: Ebuli\u00e7\u00e3o\n|-damage|p1a: Ebuli\u00e7\u00e3o|72\/100\n|move|p1a: Ebuli\u00e7\u00e3o|Eruption|p2a: Iron Leaves\n|-supereffective|p2a: Iron Leaves\n|-damage|p2a: Iron Leaves|0 fnt\n|faint|p2a: Iron Leaves\n|-end|p2a: Iron Leaves|Quark Drive|[silent]\n|\n|-weather|SunnyDay|[upkeep]\n|upkeep\n|\n|t:|1700690229\n|switch|p2a: Tapu Koko|Tapu Koko|29\/100\n|-damage|p2a: Tapu Koko|17\/100|[from] Stealth Rock\n|turn|18\n|\n|t:|1700690234\n|move|p2a: Tapu Koko|Thunderbolt|p1a: Ebuli\u00e7\u00e3o\n|-damage|p1a: Ebuli\u00e7\u00e3o|0 fnt\n|faint|p1a: Ebuli\u00e7\u00e3o\n|\n|-weather|SunnyDay|[upkeep]\n|upkeep\n|\n|t:|1700690236\n|switch|p1a: Passiva t\u00f3xica|Flareon, M|100\/100\n|turn|19\n|\n|t:|1700690247\n|move|p1a: Passiva t\u00f3xica|Protect|p1a: Passiva t\u00f3xica\n|-singleturn|p1a: Passiva t\u00f3xica|Protect\n|move|p2a: Tapu Koko|Thunderbolt|p1a: Passiva t\u00f3xica\n|-activate|p1a: Passiva t\u00f3xica|move: Protect\n|\n|-weather|SunnyDay|[upkeep]\n|-fieldend|move: Electric Terrain\n|-status|p1a: Passiva t\u00f3xica|tox|[from] item: Toxic Orb\n|upkeep\n|turn|20\n|\n|t:|1700690255\n|move|p1a: Passiva t\u00f3xica|Quick Attack|p2a: Tapu Koko\n|-damage|p2a: Tapu Koko|0 fnt\n|faint|p2a: Tapu Koko\n|\n|-weather|SunnyDay|[upkeep]\n|-damage|p1a: Passiva t\u00f3xica|95\/100 tox|[from] psn\n|upkeep\n|\n|t:|1700690263\n|switch|p2a: Dragonite|Dragonite, M|94\/100 brn\n|-damage|p2a: Dragonite|69\/100 brn|[from] Stealth Rock\n|turn|21\n|\n|t:|1700690268\n|-terastallize|p2a: Dragonite|Dragon\n|move|p2a: Dragonite|Extreme Speed|p1a: Passiva t\u00f3xica\n|-damage|p1a: Passiva t\u00f3xica|74\/100 tox\n|move|p1a: Passiva t\u00f3xica|Facade|p2a: Dragonite\n|-damage|p2a: Dragonite|0 fnt\n|faint|p2a: Dragonite\n|\n|-weather|none\n|-damage|p1a: Passiva t\u00f3xica|62\/100 tox|[from] psn\n|upkeep\n|\n|t:|1700690277\n|switch|p2a: Charizard|Charizard, F|100\/100\n|-damage|p2a: Charizard|50\/100|[from] Stealth Rock\n|turn|22\n|\n|t:|1700690284\n|detailschange|p2a: Charizard|Charizard-Mega-Y, F\n|-mega|p2a: Charizard|Charizard|Charizardite Y\n|-weather|SunnyDay|[from] ability: Drought|[of] p2a: Charizard\n|move|p2a: Charizard|Air Slash|p1a: Passiva t\u00f3xica\n|-damage|p1a: Passiva t\u00f3xica|18\/100 tox\n|move|p1a: Passiva t\u00f3xica|Last Resort|p2a: Charizard\n|-damage|p2a: Charizard|0 fnt\n|faint|p2a: Charizard\n|\n|win|Thom.zip\n|raw|Thom.zip's rating: 1125 &rarr; <strong>1151<\/strong><br \/>(+26 for winning)\n|raw|Vegitoss's rating: 1138 &rarr; <strong>1112<\/strong><br \/>(-26 for losing)\n","uploadtime":1700690296,"views":14,"p1id":"thomzip","p2id":"vegitoss","formatid":"gen9nationaldex","rating":1112,"private":0,"password":""}