{"id":"gen9nationaldex-1990351092","p1":"PShine","p2":"GAGA233","format":"[Gen 9] National Dex","log":"|j|\u2606PShine\n|j|\u2606GAGA233\n|t:|1699960761\n|gametype|singles\n|player|p1|PShine|hilbert-wonderlauncher|1484\n|player|p2|GAGA233|red|1615\n|teamsize|p1|6\n|teamsize|p2|6\n|gen|9\n|tier|[Gen 9] National Dex\n|rated|\n|rule|HP Percentage Mod: HP is shown in percentages\n|rule|Endless Battle Clause: Forcing endless battles is banned\n|rule|OHKO Clause: OHKO moves are banned\n|rule|Evasion Clause: Evasion abilities, items, and moves are banned\n|rule|Evasion Abilities Clause: Evasion abilities are banned\n|rule|Evasion Items Clause: Evasion items are banned\n|rule|Evasion Moves Clause: Evasion moves are banned\n|rule|Species Clause: Limit one of each Pok\u00e9mon\n|rule|Sleep Clause Mod: Limit one foe put to sleep\n|clearpoke\n|poke|p1|Diancie|\n|poke|p1|Rotom-Wash|\n|poke|p1|Ogerpon, F|\n|poke|p1|Gliscor, F|\n|poke|p1|Dragonite, M|\n|poke|p1|Heatran, F|\n|poke|p2|Ogerpon, F|\n|poke|p2|Corviknight, M|\n|poke|p2|Clodsire, F|\n|poke|p2|Tyranitar, F|\n|poke|p2|Alomomola, M|\n|poke|p2|Banette, M|\n|teampreview\n|inactive|Battle timer is ON: inactive players will automatically lose when time's up. (requested by GAGA233)\n|\n|t:|1699960775\n|start\n|switch|p1a: Gliscor|Gliscor, F|100\/100\n|switch|p2a: Ogerpon|Ogerpon, F|100\/100\n|turn|1\n|\n|t:|1699960788\n|switch|p2a: Corviknight|Corviknight, M|100\/100\n|-ability|p2a: Corviknight|Pressure\n|move|p1a: Gliscor|Protect||[still]\n|-fail|p1a: Gliscor\n|\n|-status|p1a: Gliscor|tox|[from] item: Toxic Orb\n|upkeep\n|turn|2\n|\n|t:|1699960796\n|move|p1a: Gliscor|Knock Off|p2a: Corviknight\n|-damage|p2a: Corviknight|86\/100\n|-damage|p1a: Gliscor|84\/100 tox|[from] item: Rocky Helmet|[of] p2a: Corviknight\n|-enditem|p2a: Corviknight|Rocky Helmet|[from] move: Knock Off|[of] p1a: Gliscor\n|move|p2a: Corviknight|U-turn|p1a: Gliscor\n|-resisted|p1a: Gliscor\n|-damage|p1a: Gliscor|80\/100 tox\n|\n|t:|1699960813\n|switch|p2a: Ogerpon|Ogerpon, F|100\/100|[from] U-turn\n|\n|-heal|p1a: Gliscor|92\/100 tox|[from] ability: Poison Heal\n|upkeep\n|turn|3\n|\n|t:|1699960818\n|move|p2a: Ogerpon|Swords Dance|p2a: Ogerpon\n|-boost|p2a: Ogerpon|atk|2\n|move|p1a: Gliscor|Toxic|p2a: Ogerpon\n|-status|p2a: Ogerpon|tox\n|\n|-damage|p2a: Ogerpon|95\/100 tox|[from] psn\n|-heal|p1a: Gliscor|100\/100 tox|[from] ability: Poison Heal\n|upkeep\n|turn|4\n|\n|t:|1699960826\n|move|p2a: Ogerpon|Swords Dance|p2a: Ogerpon\n|-boost|p2a: Ogerpon|atk|2\n|move|p1a: Gliscor|Knock Off|p2a: Ogerpon\n|-damage|p2a: Ogerpon|68\/100 tox\n|-enditem|p2a: Ogerpon|Heavy-Duty Boots|[from] move: Knock Off|[of] p1a: Gliscor\n|\n|-damage|p2a: Ogerpon|56\/100 tox|[from] psn\n|upkeep\n|turn|5\n|\n|t:|1699960834\n|move|p2a: Ogerpon|Ivy Cudgel|p1a: Gliscor\n|-damage|p1a: Gliscor|12\/100 tox\n|move|p1a: Gliscor|Knock Off|p2a: Ogerpon\n|-damage|p2a: Ogerpon|37\/100 tox\n|\n|-damage|p2a: Ogerpon|19\/100 tox|[from] psn\n|-heal|p1a: Gliscor|24\/100 tox|[from] ability: Poison Heal\n|upkeep\n|turn|6\n|\n|t:|1699960844\n|switch|p2a: Banette|Banette, M|100\/100\n|move|p1a: Gliscor|Protect||[still]\n|-fail|p1a: Gliscor\n|\n|-heal|p1a: Gliscor|36\/100 tox|[from] ability: Poison Heal\n|upkeep\n|turn|7\n|\n|t:|1699960863\n|switch|p1a: Rotom|Rotom-Wash|100\/100\n|detailschange|p2a: Banette|Banette-Mega, M\n|-mega|p2a: Banette|Banette|Banettite\n|move|p2a: Banette|Encore||[still]\n|-fail|p2a: Banette\n|\n|upkeep\n|turn|8\n|\n|t:|1699960870\n|switch|p2a: Clodsire|Clodsire, F|100\/100\n|move|p1a: Rotom|Volt Switch|p2a: Clodsire\n|-immune|p2a: Clodsire\n|\n|upkeep\n|turn|9\n|\n|t:|1699960876\n|switch|p1a: Gliscor|Gliscor, F|36\/100 tox\n|move|p2a: Clodsire|Stealth Rock|p1a: Gliscor\n|-sidestart|p1: PShine|move: Stealth Rock\n|\n|-heal|p1a: Gliscor|49\/100 tox|[from] ability: Poison Heal\n|upkeep\n|turn|10\n|\n|t:|1699960884\n|switch|p2a: Corviknight|Corviknight, M|86\/100\n|-ability|p2a: Corviknight|Pressure\n|move|p1a: Gliscor|Knock Off|p2a: Corviknight\n|-damage|p2a: Corviknight|77\/100\n|\n|-heal|p1a: Gliscor|61\/100 tox|[from] ability: Poison Heal\n|upkeep\n|turn|11\n|\n|t:|1699960892\n|move|p1a: Gliscor|Protect|p1a: Gliscor\n|-singleturn|p1a: Gliscor|Protect\n|move|p2a: Corviknight|U-turn|p1a: Gliscor\n|-activate|p1a: Gliscor|move: Protect\n|\n|-heal|p1a: Gliscor|74\/100 tox|[from] ability: Poison Heal\n|upkeep\n|turn|12\n|\n|t:|1699960899\n|move|p1a: Gliscor|Knock Off|p2a: Corviknight\n|-damage|p2a: Corviknight|69\/100\n|move|p2a: Corviknight|U-turn|p1a: Gliscor\n|-resisted|p1a: Gliscor\n|-damage|p1a: Gliscor|69\/100 tox\n|\n|t:|1699960905\n|switch|p2a: Tyranitar|Tyranitar, F|100\/100|[from] U-turn\n|-weather|Sandstorm|[from] ability: Sand Stream|[of] p2a: Tyranitar\n|\n|-weather|Sandstorm|[upkeep]\n|-heal|p1a: Gliscor|81\/100 tox|[from] ability: Poison Heal\n|upkeep\n|turn|13\n|\n|t:|1699960915\n|move|p1a: Gliscor|Earthquake|p2a: Tyranitar\n|-supereffective|p2a: Tyranitar\n|-damage|p2a: Tyranitar|52\/100\n|move|p2a: Tyranitar|Pursuit|p1a: Gliscor\n|-damage|p1a: Gliscor|71\/100 tox\n|\n|-weather|Sandstorm|[upkeep]\n|-heal|p1a: Gliscor|83\/100 tox|[from] ability: Poison Heal\n|upkeep\n|turn|14\n|\n|t:|1699960923\n|move|p1a: Gliscor|Knock Off|p2a: Tyranitar\n|-resisted|p2a: Tyranitar\n|-damage|p2a: Tyranitar|44\/100\n|-enditem|p2a: Tyranitar|Assault Vest|[from] move: Knock Off|[of] p1a: Gliscor\n|move|p2a: Tyranitar|Ice Beam|p1a: Gliscor\n|-supereffective|p1a: Gliscor\n|-damage|p1a: Gliscor|0 fnt\n|faint|p1a: Gliscor\n|\n|-weather|Sandstorm|[upkeep]\n|upkeep\n|\n|t:|1699960936\n|switch|p1a: Rotom|Rotom-Wash|100\/100\n|-damage|p1a: Rotom|88\/100|[from] Stealth Rock\n|turn|15\n|\n|t:|1699960943\n|switch|p2a: Clodsire|Clodsire, F|100\/100\n|move|p1a: Rotom|Hydro Pump|p2a: Clodsire\n|-immune|p2a: Clodsire|[from] ability: Water Absorb\n|\n|-weather|Sandstorm|[upkeep]\n|-damage|p1a: Rotom|82\/100|[from] Sandstorm\n|-heal|p1a: Rotom|88\/100|[from] item: Leftovers\n|upkeep\n|turn|16\n|\n|t:|1699960956\n|switch|p1a: Ogerpon|Ogerpon, F|100\/100\n|-damage|p1a: Ogerpon|88\/100|[from] Stealth Rock\n|move|p2a: Clodsire|Yawn|p1a: Ogerpon\n|-start|p1a: Ogerpon|move: Yawn|[of] p2a: Clodsire\n|\n|-weather|none\n|-heal|p1a: Ogerpon|94\/100|[from] item: Leftovers\n|upkeep\n|turn|17\n|\n|t:|1699960965\n|move|p1a: Ogerpon|U-turn|p2a: Clodsire\n|-resisted|p2a: Clodsire\n|-damage|p2a: Clodsire|89\/100\n|\n|t:|1699960969\n|switch|p1a: Rotom|Rotom-Wash|88\/100|[from] U-turn\n|-damage|p1a: Rotom|75\/100|[from] Stealth Rock\n|move|p2a: Clodsire|Yawn|p1a: Rotom\n|-start|p1a: Rotom|move: Yawn|[of] p2a: Clodsire\n|\n|-heal|p1a: Rotom|82\/100|[from] item: Leftovers\n|-heal|p2a: Clodsire|95\/100|[from] item: Black Sludge\n|upkeep\n|turn|18\n|\n|t:|1699960978\n|move|p1a: Rotom|Defog|p2a: Clodsire\n|-unboost|p2a: Clodsire|evasion|1\n|-sideend|p1: PShine|Stealth Rock|[from] move: Defog|[of] p1a: Rotom\n|move|p2a: Clodsire|Yawn||[still]\n|-fail|p2a: Clodsire\n|\n|-heal|p1a: Rotom|88\/100|[from] item: Leftovers\n|-heal|p2a: Clodsire|100\/100|[from] item: Black Sludge\n|-end|p1a: Rotom|move: Yawn|[silent]\n|-status|p1a: Rotom|slp\n|upkeep\n|turn|19\n|\n|t:|1699960989\n|switch|p1a: Ogerpon|Ogerpon, F|94\/100\n|move|p2a: Clodsire|Stealth Rock|p1a: Ogerpon\n|-sidestart|p1: PShine|move: Stealth Rock\n|\n|-heal|p1a: Ogerpon|99\/100|[from] item: Leftovers\n|upkeep\n|turn|20\n|\n|t:|1699960996\n|switch|p2a: Corviknight|Corviknight, M|69\/100\n|-ability|p2a: Corviknight|Pressure\n|move|p1a: Ogerpon|Knock Off|p2a: Corviknight\n|-damage|p2a: Corviknight|56\/100\n|\n|-heal|p1a: Ogerpon|100\/100|[from] item: Leftovers\n|upkeep\n|turn|21\n|\n|t:|1699961004\n|move|p1a: Ogerpon|U-turn|p2a: Corviknight\n|-resisted|p2a: Corviknight\n|-damage|p2a: Corviknight|53\/100\n|\n|t:|1699961008\n|switch|p1a: Heatran|Heatran, F|100\/100|[from] U-turn\n|-damage|p1a: Heatran|88\/100|[from] Stealth Rock\n|move|p2a: Corviknight|Roost|p2a: Corviknight\n|-heal|p2a: Corviknight|100\/100\n|-singleturn|p2a: Corviknight|move: Roost\n|\n|-heal|p1a: Heatran|94\/100|[from] item: Leftovers\n|upkeep\n|turn|22\n|\n|t:|1699961017\n|switch|p2a: Alomomola|Alomomola, M|100\/100\n|move|p1a: Heatran|Magma Storm|p2a: Alomomola\n|-resisted|p2a: Alomomola\n|-damage|p2a: Alomomola|66\/100\n|-activate|p2a: Alomomola|move: Magma Storm|[of] p1a: Heatran\n|\n|-heal|p1a: Heatran|100\/100|[from] item: Leftovers\n|-damage|p2a: Alomomola|53\/100|[from] move: Magma Storm|[partiallytrapped]\n|upkeep\n|turn|23\n|\n|t:|1699961026\n|move|p1a: Heatran|Flash Cannon|p2a: Alomomola\n|-resisted|p2a: Alomomola\n|-damage|p2a: Alomomola|26\/100\n|move|p2a: Alomomola|Wish|p2a: Alomomola\n|\n|-damage|p2a: Alomomola|13\/100|[from] move: Magma Storm|[partiallytrapped]\n|upkeep\n|turn|24\n|\n|t:|1699961037\n|move|p2a: Alomomola|Protect|p2a: Alomomola\n|-singleturn|p2a: Alomomola|Protect\n|move|p1a: Heatran|Flash Cannon|p2a: Alomomola\n|-activate|p2a: Alomomola|move: Protect\n|\n|-heal|p2a: Alomomola|63\/100|[from] move: Wish|[wisher] Alomomola\n|-damage|p2a: Alomomola|51\/100|[from] move: Magma Storm|[partiallytrapped]\n|upkeep\n|turn|25\n|\n|t:|1699961046\n|move|p1a: Heatran|Flash Cannon|p2a: Alomomola\n|-resisted|p2a: Alomomola\n|-crit|p2a: Alomomola\n|-damage|p2a: Alomomola|11\/100\n|move|p2a: Alomomola|Wish|p2a: Alomomola\n|\n|-damage|p2a: Alomomola|0 fnt|[from] move: Magma Storm|[partiallytrapped]\n|faint|p2a: Alomomola\n|upkeep\n|\n|t:|1699961053\n|switch|p2a: Tyranitar|Tyranitar, F|44\/100\n|-weather|Sandstorm|[from] ability: Sand Stream|[of] p2a: Tyranitar\n|turn|26\n|\n|t:|1699961062\n|move|p1a: Heatran|Flash Cannon|p2a: Tyranitar\n|-supereffective|p2a: Tyranitar\n|-damage|p2a: Tyranitar|0 fnt\n|faint|p2a: Tyranitar\n|\n|-weather|Sandstorm|[upkeep]\n|upkeep\n|\n|t:|1699961068\n|switch|p2a: Ogerpon|Ogerpon, F|19\/100 tox\n|turn|27\n|\n|t:|1699961073\n|move|p2a: Ogerpon|Superpower|p1a: Heatran\n|-supereffective|p1a: Heatran\n|-damage|p1a: Heatran|33\/100\n|-unboost|p2a: Ogerpon|atk|1\n|-unboost|p2a: Ogerpon|def|1\n|move|p1a: Heatran|Flash Cannon|p2a: Ogerpon\n|-damage|p2a: Ogerpon|0 fnt\n|faint|p2a: Ogerpon\n|\n|-weather|Sandstorm|[upkeep]\n|-heal|p1a: Heatran|39\/100|[from] item: Leftovers\n|upkeep\n|\n|t:|1699961077\n|switch|p2a: Banette|Banette-Mega, M|100\/100\n|turn|28\n|\n|t:|1699961088\n|move|p1a: Heatran|Protect|p1a: Heatran\n|-singleturn|p1a: Heatran|Protect\n|move|p2a: Banette|Poltergeist|p1a: Heatran\n|-activate|p1a: Heatran|move: Protect\n|\n|-weather|Sandstorm|[upkeep]\n|-damage|p2a: Banette|95\/100|[from] Sandstorm\n|-heal|p1a: Heatran|46\/100|[from] item: Leftovers\n|upkeep\n|turn|29\n|\n|t:|1699961099\n|move|p2a: Banette|Poltergeist|p1a: Heatran\n|-activate|p1a: Heatran|move: Poltergeist|Leftovers\n|-damage|p1a: Heatran|0 fnt\n|faint|p1a: Heatran\n|\n|-weather|Sandstorm|[upkeep]\n|-damage|p2a: Banette|89\/100|[from] Sandstorm\n|upkeep\n|\n|t:|1699961106\n|switch|p1a: Diancie|Diancie|100\/100\n|-damage|p1a: Diancie|88\/100|[from] Stealth Rock\n|turn|30\n|\n|t:|1699961116\n|switch|p2a: Clodsire|Clodsire, F|100\/100\n|detailschange|p1a: Diancie|Diancie-Mega\n|-mega|p1a: Diancie|Diancie|Diancite\n|move|p1a: Diancie|Diamond Storm|p2a: Clodsire\n|-resisted|p2a: Clodsire\n|-damage|p2a: Clodsire|72\/100\n|\n|-weather|none\n|-heal|p2a: Clodsire|78\/100|[from] item: Black Sludge\n|upkeep\n|turn|31\n|\n|t:|1699961125\n|move|p1a: Diancie|Earth Power|p2a: Clodsire\n|-supereffective|p2a: Clodsire\n|-damage|p2a: Clodsire|38\/100\n|move|p2a: Clodsire|Earthquake|p1a: Diancie\n|-supereffective|p1a: Diancie\n|-damage|p1a: Diancie|13\/100\n|\n|-heal|p2a: Clodsire|44\/100|[from] item: Black Sludge\n|upkeep\n|turn|32\n|\n|t:|1699961132\n|move|p1a: Diancie|Earth Power|p2a: Clodsire\n|-supereffective|p2a: Clodsire\n|-damage|p2a: Clodsire|2\/100\n|move|p2a: Clodsire|Recover|p2a: Clodsire\n|-heal|p2a: Clodsire|53\/100\n|\n|-heal|p2a: Clodsire|59\/100|[from] item: Black Sludge\n|upkeep\n|turn|33\n|\n|t:|1699961140\n|move|p1a: Diancie|Earth Power|p2a: Clodsire\n|-supereffective|p2a: Clodsire\n|-damage|p2a: Clodsire|21\/100\n|move|p2a: Clodsire|Recover|p2a: Clodsire\n|-heal|p2a: Clodsire|71\/100\n|\n|-heal|p2a: Clodsire|77\/100|[from] item: Black Sludge\n|upkeep\n|turn|34\n|\n|t:|1699961148\n|switch|p1a: Rotom|Rotom-Wash|88\/100 slp\n|-damage|p1a: Rotom|75\/100 slp|[from] Stealth Rock\n|move|p2a: Clodsire|Earthquake|p1a: Rotom\n|-immune|p1a: Rotom|[from] ability: Levitate\n|\n|-heal|p1a: Rotom|82\/100 slp|[from] item: Leftovers\n|-heal|p2a: Clodsire|83\/100|[from] item: Black Sludge\n|upkeep\n|turn|35\n|\n|t:|1699961157\n|switch|p2a: Banette|Banette-Mega, M|89\/100\n|cant|p1a: Rotom|slp\n|\n|-heal|p1a: Rotom|88\/100 slp|[from] item: Leftovers\n|upkeep\n|turn|36\n|\n|t:|1699961163\n|move|p2a: Banette|Poltergeist|p1a: Rotom\n|-activate|p1a: Rotom|move: Poltergeist|Leftovers\n|-damage|p1a: Rotom|31\/100 slp\n|cant|p1a: Rotom|slp\n|\n|-heal|p1a: Rotom|38\/100 slp|[from] item: Leftovers\n|upkeep\n|turn|37\n|\n|t:|1699961172\n|-curestatus|p1a: Rotom|slp|[msg]\n|move|p1a: Rotom|Protect|p1a: Rotom\n|-singleturn|p1a: Rotom|Protect\n|move|p2a: Banette|Poltergeist|p1a: Rotom\n|-activate|p1a: Rotom|move: Protect\n|\n|-heal|p1a: Rotom|44\/100|[from] item: Leftovers\n|upkeep\n|turn|38\n|\n|t:|1699961183\n|switch|p1a: Ogerpon|Ogerpon, F|100\/100\n|-damage|p1a: Ogerpon|88\/100|[from] Stealth Rock\n|move|p2a: Banette|Poltergeist|p1a: Ogerpon\n|-activate|p1a: Ogerpon|move: Poltergeist|Leftovers\n|-damage|p1a: Ogerpon|0 fnt\n|faint|p1a: Ogerpon\n|\n|upkeep\n|\n|t:|1699961195\n|switch|p1a: Dragonite|Dragonite, M|100\/100\n|-damage|p1a: Dragonite|76\/100|[from] Stealth Rock\n|turn|39\n|\n|t:|1699961205\n|-terastallize|p1a: Dragonite|Normal\n|move|p1a: Dragonite|Dual Wingbeat|p2a: Banette\n|-damage|p2a: Banette|40\/100\n|-damage|p2a: Banette|0 fnt\n|faint|p2a: Banette\n|-hitcount|p2: Banette|2\n|\n|upkeep\n|\n|t:|1699961208\n|switch|p2a: Corviknight|Corviknight, M|100\/100\n|-ability|p2a: Corviknight|Pressure\n|turn|40\n|\n|t:|1699961221\n|switch|p1a: Diancie|Diancie-Mega|13\/100\n|-damage|p1a: Diancie|0 fnt|[from] Stealth Rock\n|faint|p1a: Diancie\n|move|p2a: Corviknight|U-turn|p1: Diancie|[notarget]\n|-fail|p2a: Corviknight\n|\n|upkeep\n|\n|t:|1699961228\n|switch|p1a: Rotom|Rotom-Wash|44\/100\n|-damage|p1a: Rotom|31\/100|[from] Stealth Rock\n|turn|41\n|\n|t:|1699961234\n|switch|p2a: Clodsire|Clodsire, F|83\/100\n|move|p1a: Rotom|Volt Switch|p2a: Clodsire\n|-immune|p2a: Clodsire\n|\n|-heal|p1a: Rotom|38\/100|[from] item: Leftovers\n|-heal|p2a: Clodsire|89\/100|[from] item: Black Sludge\n|upkeep\n|turn|42\n|-message|PShine forfeited.\n|\n|win|GAGA233\n|raw|PShine's rating: 1484 &rarr; <strong>1471<\/strong><br \/>(-13 for losing)\n|raw|GAGA233's rating: 1615 &rarr; <strong>1628<\/strong><br \/>(+13 for winning)\n|l|\u2606PShine\n","uploadtime":1699961248,"views":7,"p1id":"pshine","p2id":"gaga233","formatid":"gen9nationaldex","rating":1471,"private":0,"password":""}