{"id":"gen9nationaldex-1989769986","p1":"PerhapsXolas","p2":"LipeZero","format":"[Gen 9] National Dex","log":"|j|\u2606PerhapsXolas\n|j|\u2606LipeZero\n|t:|1699894232\n|gametype|singles\n|player|p1|PerhapsXolas|1|\n|player|p2|LipeZero|n|\n|teamsize|p1|6\n|teamsize|p2|6\n|gen|9\n|tier|[Gen 9] National Dex\n|rule|HP Percentage Mod: HP is shown in percentages\n|rule|Endless Battle Clause: Forcing endless battles is banned\n|rule|OHKO Clause: OHKO moves are banned\n|rule|Evasion Clause: Evasion abilities, items, and moves are banned\n|rule|Evasion Abilities Clause: Evasion abilities are banned\n|rule|Evasion Items Clause: Evasion items are banned\n|rule|Evasion Moves Clause: Evasion moves are banned\n|rule|Species Clause: Limit one of each Pok\u00e9mon\n|rule|Sleep Clause Mod: Limit one foe put to sleep\n|clearpoke\n|poke|p1|Meowscarada, M|\n|poke|p1|Ogerpon-Wellspring, F|\n|poke|p1|Zarude-Dada|\n|poke|p1|Zoroark-Hisui, F|\n|poke|p1|Indeedee, M|\n|poke|p1|Wo-Chien|\n|poke|p2|Politoed, F|\n|poke|p2|Porygon-Z|\n|poke|p2|Heliolisk, M|\n|poke|p2|Gallade, M|\n|poke|p2|Goodra-Hisui, F|\n|poke|p2|Swampert, M|\n|teampreview\n|\n|t:|1699894237\n|start\n|switch|p1a: Criatura|Wo-Chien|100\/100\n|switch|p2a: O homem|Gallade, M|100\/100\n|-ability|p1a: Criatura|Tablets of Ruin\n|turn|1\n|\n|t:|1699894248\n|move|p2a: O homem|Sacred Sword|p1a: Criatura\n|-supereffective|p1a: Criatura\n|-damage|p1a: Criatura|13\/100\n|move|p1a: Criatura|Giga Drain|p2a: O homem\n|-damage|p2a: O homem|72\/100\n|-heal|p1a: Criatura|27\/100|[from] drain|[of] p2a: O homem\n|\n|upkeep\n|turn|2\n|c|\u2606LipeZero|E tanka\n|c|\u2606PerhapsXolas|e num \u00e9 q tankou\n|c|\u2606PerhapsXolas|B)\n|\n|t:|1699894266\n|switch|p1a: Meowscaralho|Meowscarada, M|100\/100\n|move|p2a: O homem|Sacred Sword|p1a: Meowscaralho\n|-immune|p1a: Meowscaralho\n|\n|upkeep\n|turn|3\n|c|\u2606LipeZero|Oxi\n|c|\u2606LipeZero|Ele \u00e9 imune porque?\n|\n|t:|1699894286\n|-terastallize|p1a: Meowscaralho|Grass\n|move|p1a: Meowscaralho|Grass Knot|p2a: O homem\n|-crit|p2a: O homem\n|-damage|p2a: O homem|0 fnt\n|faint|p2a: O homem\n|\n|upkeep\n|c|\u2606PerhapsXolas|\u00e9 o zoroark\n|c|\u2606PerhapsXolas|KKKKKKKKKKKKKKKKKKKKKKKKKKKKKKKKKKKKKKKKKKKKKKK\n|c|\u2606LipeZero|Ata\n|c|\u2606LipeZero|Faz sentido\n|\n|t:|1699894303\n|switch|p2a: Coisa ruim|Porygon-Z|100\/100\n|turn|4\n|\n|t:|1699894318\n|switch|p1a: Cotoca D. \u00c1gua|Ogerpon-Wellspring, F|100\/100\n|move|p2a: Coisa ruim|Signal Beam|p1a: Cotoca D. \u00c1gua\n|-supereffective|p1a: Cotoca D. \u00c1gua\n|-damage|p1a: Cotoca D. \u00c1gua|27\/100\n|\n|upkeep\n|turn|5\n|\n|t:|1699894328\n|move|p2a: Coisa ruim|Signal Beam|p1a: Cotoca D. \u00c1gua\n|-supereffective|p1a: Cotoca D. \u00c1gua\n|-damage|p1a: Cotoca D. \u00c1gua|0 fnt\n|faint|p1a: Cotoca D. \u00c1gua\n|\n|upkeep\n|\n|t:|1699894343\n|switch|p1a: Masqueico|Zarude-Dada|100\/100\n|turn|6\n|\n|t:|1699894349\n|move|p2a: Coisa ruim|Signal Beam|p1a: Masqueico\n|-supereffective|p1a: Masqueico\n|-damage|p1a: Masqueico|0 fnt\n|faint|p1a: Masqueico\n|\n|upkeep\n|\n|t:|1699894352\n|switch|p1a: Kapet|Indeedee, M|100\/100\n|-fieldstart|move: Psychic Terrain|[from] ability: Psychic Surge|[of] p1a: Kapet\n|turn|7\n|c|\u2606PerhapsXolas|olha o sweep\n|\n|t:|1699894364\n|move|p2a: Coisa ruim|Signal Beam|p1a: Kapet\n|-supereffective|p1a: Kapet\n|-damage|p1a: Kapet|17\/100\n|move|p1a: Kapet|Tera Blast|p2a: Coisa ruim\n|-damage|p2a: Coisa ruim|54\/100\n|\n|upkeep\n|turn|8\n|\n|t:|1699894372\n|move|p2a: Coisa ruim|Signal Beam|p1a: Kapet\n|-supereffective|p1a: Kapet\n|-damage|p1a: Kapet|0 fnt\n|faint|p1a: Kapet\n|\n|upkeep\n|\n|t:|1699894375\n|switch|p1a: Meowscaralho|Meowscarada, M, tera:Grass|100\/100\n|turn|9\n|c|\u2606LipeZero|Tu n\u00e3o t\u00e1 sendo amassado pelo grande Porygon de signal beam n\u00e3o n\u00e9?\n|\n|t:|1699894395\n|move|p1a: Meowscaralho|Grass Knot|p2a: Coisa ruim\n|-damage|p2a: Coisa ruim|9\/100\n|move|p2a: Coisa ruim|Signal Beam|p1a: Meowscaralho\n|-supereffective|p1a: Meowscaralho\n|-damage|p1a: Meowscaralho|0 fnt\n|replace|p1a: Mascarenhas|Zoroark-Hisui, F\n|-end|p1a: Mascarenhas|Illusion\n|faint|p1a: Mascarenhas\n|\n|upkeep\n|\n|t:|1699894399\n|switch|p1a: Meowscaralho|Meowscarada, M|100\/100\n|turn|10\n|\n|t:|1699894409\n|move|p2a: Coisa ruim|Signal Beam|p1a: Meowscaralho\n|-supereffective|p1a: Meowscaralho\n|-damage|p1a: Meowscaralho|0 fnt\n|faint|p1a: Meowscaralho\n|\n|upkeep\n|c|\u2606PerhapsXolas|e to\n|\n|t:|1699894417\n|switch|p1a: Criatura|Wo-Chien|27\/100\n|-ability|p1a: Criatura|Tablets of Ruin\n|turn|11\n|c|\u2606PerhapsXolas|s\u00f3 tem grass no time\n|\n|t:|1699894428\n|move|p2a: Coisa ruim|Signal Beam|p1a: Criatura\n|-supereffective|p1a: Criatura\n|-damage|p1a: Criatura|0 fnt\n|faint|p1a: Criatura\n|\n|win|LipeZero\n","uploadtime":1699894436,"views":11,"p1id":"perhapsxolas","p2id":"lipezero","formatid":"gen9nationaldex","rating":0,"private":0,"password":""}