{"id":"gen9nationaldex-1990378199","p1":"shiyv","p2":"dsuwq","format":"[Gen 9] National Dex","log":"|j|\u203dshiyv\n|j|\u2606dsuwq\n|t:|1699964393\n|gametype|singles\n|player|p1|shiyv|wallace|1569\n|player|p2|dsuwq|265|1578\n|teamsize|p1|6\n|teamsize|p2|6\n|gen|9\n|tier|[Gen 9] National Dex\n|rated|\n|rule|HP Percentage Mod: HP is shown in percentages\n|rule|Endless Battle Clause: Forcing endless battles is banned\n|rule|OHKO Clause: OHKO moves are banned\n|rule|Evasion Clause: Evasion abilities, items, and moves are banned\n|rule|Evasion Abilities Clause: Evasion abilities are banned\n|rule|Evasion Items Clause: Evasion items are banned\n|rule|Evasion Moves Clause: Evasion moves are banned\n|rule|Species Clause: Limit one of each Pok\u00e9mon\n|rule|Sleep Clause Mod: Limit one foe put to sleep\n|clearpoke\n|poke|p1|Iron Valiant|\n|poke|p1|Dragonite, M|\n|poke|p1|Tyranitar, F|\n|poke|p1|Moltres|\n|poke|p1|Volcanion|\n|poke|p1|Glimmora, M|\n|poke|p2|Scizor, F|\n|poke|p2|Toxapex, F|\n|poke|p2|Zapdos|\n|poke|p2|Tapu Lele|\n|poke|p2|Sneasler, F|\n|poke|p2|Ting-Lu|\n|teampreview\n|inactive|Battle timer is ON: inactive players will automatically lose when time's up. (requested by shiyv)\n|\n|t:|1699964406\n|start\n|switch|p1a: Volcanion|Volcanion|100\/100\n|switch|p2a: Scizor|Scizor, F|100\/100\n|turn|1\n|\n|t:|1699964413\n|switch|p2a: Toxapex|Toxapex, F|100\/100\n|move|p1a: Volcanion|Flamethrower|p2a: Toxapex\n|-resisted|p2a: Toxapex\n|-damage|p2a: Toxapex|80\/100\n|-status|p2a: Toxapex|brn\n|\n|-damage|p2a: Toxapex|74\/100 brn|[from] brn\n|upkeep\n|turn|2\n|\n|t:|1699964417\n|switch|p1a: Glimmora|Glimmora, M|100\/100\n|move|p2a: Toxapex|Toxic|p1a: Glimmora\n|-immune|p1a: Glimmora\n|\n|-damage|p2a: Toxapex|68\/100 brn|[from] brn\n|upkeep\n|turn|3\n|\n|t:|1699964423\n|move|p1a: Glimmora|Earth Power|p2a: Toxapex\n|-supereffective|p2a: Toxapex\n|-damage|p2a: Toxapex|14\/100 brn\n|move|p2a: Toxapex|Scald|p1a: Glimmora\n|-supereffective|p1a: Glimmora\n|-damage|p1a: Glimmora|56\/100\n|-status|p1a: Glimmora|brn\n|\n|-damage|p1a: Glimmora|49\/100 brn|[from] brn\n|-damage|p2a: Toxapex|8\/100 brn|[from] brn\n|upkeep\n|turn|4\n|\n|t:|1699964431\n|switch|p2a: Ting-Lu|Ting-Lu|100\/100\n|-ability|p2a: Ting-Lu|Vessel of Ruin\n|move|p1a: Glimmora|Stealth Rock|p2a: Ting-Lu\n|-sidestart|p2: dsuwq|move: Stealth Rock\n|\n|-damage|p1a: Glimmora|43\/100 brn|[from] brn\n|upkeep\n|turn|5\n|\n|t:|1699964437\n|move|p1a: Glimmora|Mortal Spin|p2a: Ting-Lu\n|-resisted|p2a: Ting-Lu\n|-damage|p2a: Ting-Lu|99\/100\n|-status|p2a: Ting-Lu|psn\n|move|p2a: Ting-Lu|Stealth Rock|p1a: Glimmora\n|-sidestart|p1: shiyv|move: Stealth Rock\n|\n|-damage|p2a: Ting-Lu|87\/100 psn|[from] psn\n|-damage|p1a: Glimmora|37\/100 brn|[from] brn\n|upkeep\n|turn|6\n|\n|t:|1699964441\n|switch|p2a: Scizor|Scizor, F|100\/100\n|-damage|p2a: Scizor|88\/100|[from] Stealth Rock\n|move|p1a: Glimmora|Mortal Spin|p2a: Scizor\n|-immune|p2a: Scizor\n|\n|-damage|p1a: Glimmora|31\/100 brn|[from] brn\n|upkeep\n|turn|7\n|\n|t:|1699964447\n|detailschange|p2a: Scizor|Scizor-Mega, F\n|-mega|p2a: Scizor|Scizor|Scizorite\n|move|p1a: Glimmora|Power Gem|p2a: Scizor\n|-damage|p2a: Scizor|45\/100\n|move|p2a: Scizor|U-turn|p1a: Glimmora\n|-resisted|p1a: Glimmora\n|-damage|p1a: Glimmora|10\/100 brn\n|-activate|p1a: Glimmora|ability: Toxic Debris\n|-sidestart|p2: dsuwq|move: Toxic Spikes\n|\n|t:|1699964458\n|switch|p2a: Zapdos|Zapdos|100\/100|[from] U-turn\n|\n|-damage|p1a: Glimmora|4\/100 brn|[from] brn\n|upkeep\n|turn|8\n|\n|t:|1699964462\n|move|p1a: Glimmora|Power Gem|p2a: Zapdos\n|-supereffective|p2a: Zapdos\n|-damage|p2a: Zapdos|14\/100\n|move|p2a: Zapdos|Volt Switch|p1a: Glimmora\n|-crit|p1a: Glimmora\n|-damage|p1a: Glimmora|0 fnt\n|faint|p1a: Glimmora\n|\n|t:|1699964479\n|switch|p2a: Ting-Lu|Ting-Lu|87\/100 psn|[from] Volt Switch\n|-damage|p2a: Ting-Lu|81\/100 psn|[from] Stealth Rock\n|-ability|p2a: Ting-Lu|Vessel of Ruin\n|\n|-damage|p2a: Ting-Lu|69\/100 psn|[from] psn\n|upkeep\n|\n|t:|1699964490\n|switch|p1a: Volcanion|Volcanion|100\/100\n|turn|9\n|\n|t:|1699964496\n|move|p1a: Volcanion|Steam Eruption|p2a: Ting-Lu\n|-supereffective|p2a: Ting-Lu\n|-damage|p2a: Ting-Lu|0 fnt\n|faint|p2a: Ting-Lu\n|\n|upkeep\n|\n|t:|1699964499\n|switch|p2a: Tapu Lele|Tapu Lele|100\/100\n|-damage|p2a: Tapu Lele|88\/100|[from] Stealth Rock\n|-status|p2a: Tapu Lele|psn\n|-fieldstart|move: Psychic Terrain|[from] ability: Psychic Surge|[of] p2a: Tapu Lele\n|turn|10\n|\n|t:|1699964504\n|move|p2a: Tapu Lele|Psychic|p1a: Volcanion\n|-damage|p1a: Volcanion|0 fnt\n|faint|p1a: Volcanion\n|\n|-damage|p2a: Tapu Lele|76\/100 psn|[from] psn\n|upkeep\n|\n|t:|1699964507\n|switch|p1a: Tyranitar|Tyranitar, F|100\/100\n|-damage|p1a: Tyranitar|88\/100|[from] Stealth Rock\n|-weather|Sandstorm|[from] ability: Sand Stream|[of] p1a: Tyranitar\n|turn|11\n|\n|t:|1699964535\n|-activate|p2a: Tapu Lele|move: Pursuit\n|detailschange|p1a: Tyranitar|Tyranitar-Mega, F\n|-mega|p1a: Tyranitar|Tyranitar|Tyranitarite\n|move|p1a: Tyranitar|Pursuit|p2a: Tapu Lele|[from]Pursuit\n|-damage|p2a: Tapu Lele|0 fnt\n|faint|p2a: Tapu Lele\n|-hint|A Pokemon can't switch between when it runs out of HP and when it faints\n|\n|-weather|Sandstorm|[upkeep]\n|upkeep\n|\n|t:|1699964538\n|switch|p2a: Sneasler|Sneasler, F|100\/100\n|-damage|p2a: Sneasler|95\/100|[from] Stealth Rock\n|-sideend|p2: dsuwq|move: Toxic Spikes|[of] p2a: Sneasler\n|-enditem|p2a: Sneasler|Psychic Seed\n|-boost|p2a: Sneasler|spd|1|[from] item: Psychic Seed\n|turn|12\n|\n|t:|1699964544\n|-terastallize|p2a: Sneasler|Flying\n|move|p2a: Sneasler|Swords Dance|p2a: Sneasler\n|-boost|p2a: Sneasler|atk|2\n|move|p1a: Tyranitar|Ice Punch|p2a: Sneasler\n|-supereffective|p2a: Sneasler\n|-damage|p2a: Sneasler|0 fnt\n|faint|p2a: Sneasler\n|\n|-weather|Sandstorm|[upkeep]\n|upkeep\n|\n|t:|1699964553\n|switch|p2a: Scizor|Scizor-Mega, F|45\/100\n|-damage|p2a: Scizor|32\/100|[from] Stealth Rock\n|turn|13\n|\n|t:|1699964558\n|switch|p1a: Moltres|Moltres|100\/100\n|move|p2a: Scizor|Roost|p2a: Scizor\n|-heal|p2a: Scizor|82\/100\n|-singleturn|p2a: Scizor|move: Roost\n|\n|-weather|Sandstorm|[upkeep]\n|-damage|p1a: Moltres|94\/100|[from] Sandstorm\n|upkeep\n|turn|14\n|\n|t:|1699964563\n|switch|p2a: Toxapex|Toxapex, F|41\/100 brn\n|-damage|p2a: Toxapex|29\/100 brn|[from] Stealth Rock\n|move|p1a: Moltres|Flamethrower|p2a: Toxapex\n|-resisted|p2a: Toxapex\n|-damage|p2a: Toxapex|12\/100 brn\n|\n|-weather|Sandstorm|[upkeep]\n|-damage|p1a: Moltres|88\/100|[from] Sandstorm\n|-damage|p2a: Toxapex|6\/100 brn|[from] Sandstorm\n|-damage|p2a: Toxapex|0 fnt|[from] brn\n|faint|p2a: Toxapex\n|-fieldend|move: Psychic Terrain\n|upkeep\n|\n|t:|1699964570\n|switch|p2a: Zapdos|Zapdos|14\/100\n|turn|15\n|\n|t:|1699964575\n|switch|p1a: Tyranitar|Tyranitar-Mega, F|88\/100\n|-damage|p1a: Tyranitar|76\/100|[from] Stealth Rock\n|move|p2a: Zapdos|Roost|p2a: Zapdos\n|-heal|p2a: Zapdos|64\/100\n|-singleturn|p2a: Zapdos|move: Roost\n|\n|-weather|none\n|upkeep\n|turn|16\n|\n|t:|1699964580\n|move|p2a: Zapdos|Volt Switch|p1a: Tyranitar\n|-damage|p1a: Tyranitar|47\/100\n|\n|t:|1699964583\n|switch|p2a: Scizor|Scizor-Mega, F|82\/100|[from] Volt Switch\n|-damage|p2a: Scizor|70\/100|[from] Stealth Rock\n|move|p1a: Tyranitar|Knock Off|p2a: Scizor\n|-damage|p2a: Scizor|44\/100\n|\n|upkeep\n|turn|17\n|\n|t:|1699964591\n|switch|p2a: Zapdos|Zapdos|64\/100\n|switch|p1a: Moltres|Moltres|88\/100\n|\n|upkeep\n|turn|18\n|\n|t:|1699964597\n|move|p2a: Zapdos|Volt Switch|p1a: Moltres\n|-supereffective|p1a: Moltres\n|-damage|p1a: Moltres|3\/100\n|\n|t:|1699964600\n|switch|p2a: Scizor|Scizor-Mega, F|44\/100|[from] Volt Switch\n|-damage|p2a: Scizor|31\/100|[from] Stealth Rock\n|move|p1a: Moltres|U-turn|p2a: Scizor\n|-resisted|p2a: Scizor\n|-damage|p2a: Scizor|27\/100\n|\n|t:|1699964613\n|switch|p1a: Iron Valiant|Iron Valiant|100\/100|[from] U-turn\n|-damage|p1a: Iron Valiant|94\/100|[from] Stealth Rock\n|\n|upkeep\n|turn|19\n|\n|t:|1699964624\n|-terastallize|p1a: Iron Valiant|Steel\n|move|p2a: Scizor|Bullet Punch|p1a: Iron Valiant\n|-resisted|p1a: Iron Valiant\n|-damage|p1a: Iron Valiant|75\/100\n|move|p1a: Iron Valiant|Aura Sphere|p2a: Scizor\n|-damage|p2a: Scizor|0 fnt\n|faint|p2a: Scizor\n|\n|upkeep\n|\n|t:|1699964631\n|switch|p2a: Zapdos|Zapdos|64\/100\n|turn|20\n|\n|t:|1699964634\n|-end|p1a: Iron Valiant|Quark Drive|[silent]\n|switch|p1a: Moltres|Moltres|3\/100\n|move|p2a: Zapdos|Heat Wave|p1a: Moltres\n|-resisted|p1a: Moltres\n|-damage|p1a: Moltres|0 fnt\n|faint|p1a: Moltres\n|\n|upkeep\n|\n|t:|1699964638\n|switch|p1a: Tyranitar|Tyranitar-Mega, F|47\/100\n|-damage|p1a: Tyranitar|34\/100|[from] Stealth Rock\n|-weather|Sandstorm|[from] ability: Sand Stream|[of] p1a: Tyranitar\n|turn|21\n|\n|t:|1699964641\n|move|p2a: Zapdos|Volt Switch|p1a: Tyranitar\n|-damage|p1a: Tyranitar|16\/100\n|move|p1a: Tyranitar|Ice Punch|p2a: Zapdos\n|-supereffective|p2a: Zapdos\n|-damage|p2a: Zapdos|0 fnt\n|faint|p2a: Zapdos\n|\n|win|shiyv\n|raw|shiyv's rating: 1569 &rarr; <strong>1590<\/strong><br \/>(+21 for winning)\n|raw|dsuwq's rating: 1578 &rarr; <strong>1557<\/strong><br \/>(-21 for losing)\n|l|\u2606dsuwq\n","uploadtime":1699964648,"views":3,"p1id":"shiyv","p2id":"dsuwq","formatid":"gen9nationaldex","rating":1557,"private":0,"password":""}