{"id":"gen9nationaldex-1988082921","p1":"savagewolf98420","p2":"Impact star","format":"[Gen 9] National Dex","log":"|j|\u2606savagewolf98420\n|j|\u2606Impact star\n|t:|1699667426\n|gametype|singles\n|player|p1|savagewolf98420|koga|1133\n|player|p2|Impact star|wallace-gen6|1132\n|teamsize|p1|6\n|teamsize|p2|6\n|gen|9\n|tier|[Gen 9] National Dex\n|rated|\n|rule|HP Percentage Mod: HP is shown in percentages\n|rule|Endless Battle Clause: Forcing endless battles is banned\n|rule|OHKO Clause: OHKO moves are banned\n|rule|Evasion Clause: Evasion abilities, items, and moves are banned\n|rule|Evasion Abilities Clause: Evasion abilities are banned\n|rule|Evasion Items Clause: Evasion items are banned\n|rule|Evasion Moves Clause: Evasion moves are banned\n|rule|Species Clause: Limit one of each Pok\u00e9mon\n|rule|Sleep Clause Mod: Limit one foe put to sleep\n|clearpoke\n|poke|p1|Reuniclus, F|\n|poke|p1|Jirachi|\n|poke|p1|Serperior, M|\n|poke|p1|Togekiss, F|\n|poke|p1|Deoxys-Defense|\n|poke|p1|Kommo-o, F|\n|poke|p2|Dragonite, M|\n|poke|p2|Zapdos|\n|poke|p2|Alomomola, F|\n|poke|p2|Serperior, F|\n|poke|p2|Greninja-*, M|\n|poke|p2|Slowking-Galar, M|\n|teampreview\n|inactive|Battle timer is ON: inactive players will automatically lose when time's up. (requested by Impact star)\n|\n|t:|1699667436\n|start\n|switch|p1a: Kommo-o|Kommo-o, F|100\/100\n|switch|p2a: Greninja|Greninja, M|100\/100\n|turn|1\n|\n|t:|1699667443\n|move|p2a: Greninja|Ice Beam|p1a: Kommo-o\n|-supereffective|p1a: Kommo-o\n|-damage|p1a: Kommo-o|50\/100\n|move|p1a: Kommo-o|Bulk Up|p1a: Kommo-o\n|-boost|p1a: Kommo-o|atk|1\n|-boost|p1a: Kommo-o|def|1\n|\n|upkeep\n|turn|2\n|\n|t:|1699667466\n|move|p2a: Greninja|Ice Beam|p1a: Kommo-o\n|-supereffective|p1a: Kommo-o\n|-crit|p1a: Kommo-o\n|-damage|p1a: Kommo-o|0 fnt\n|faint|p1a: Kommo-o\n|-ability|p2a: Greninja|Battle Bond|boost\n|-boost|p2a: Greninja|atk|1\n|-boost|p2a: Greninja|spa|1\n|-boost|p2a: Greninja|spe|1\n|-activate|p2a: Greninja|ability: Battle Bond\n|\n|upkeep\n|inactive|savagewolf98420 has 120 seconds left.\n|\n|t:|1699667491\n|switch|p1a: Deoxys|Deoxys-Defense|100\/100\n|-ability|p1a: Deoxys|Pressure\n|turn|3\n|\n|t:|1699667497\n|move|p2a: Greninja|Dark Pulse|p1a: Deoxys\n|-supereffective|p1a: Deoxys\n|-damage|p1a: Deoxys|37\/100\n|move|p1a: Deoxys|Cosmic Power|p1a: Deoxys\n|-boost|p1a: Deoxys|def|1\n|-boost|p1a: Deoxys|spd|1\n|\n|-heal|p1a: Deoxys|44\/100|[from] item: Leftovers\n|upkeep\n|turn|4\n|inactive|savagewolf98420 has 120 seconds left.\n|\n|t:|1699667515\n|move|p2a: Greninja|Dark Pulse|p1a: Deoxys\n|-supereffective|p1a: Deoxys\n|-damage|p1a: Deoxys|0 fnt\n|faint|p1a: Deoxys\n|\n|upkeep\n|\n|t:|1699667522\n|switch|p1a: Jirachi|Jirachi|100\/100\n|turn|5\n|inactive|savagewolf98420 has 120 seconds left.\n|\n|t:|1699667539\n|move|p2a: Greninja|Dark Pulse|p1a: Jirachi\n|-supereffective|p1a: Jirachi\n|-damage|p1a: Jirachi|0 fnt\n|faint|p1a: Jirachi\n|\n|upkeep\n|\n|t:|1699667545\n|switch|p1a: Serperior|Serperior, M|100\/100\n|turn|6\n|\n|t:|1699667555\n|move|p2a: Greninja|Dark Pulse|p1a: Serperior\n|-damage|p1a: Serperior|10\/100\n|move|p1a: Serperior|Glare|p2a: Greninja\n|-status|p2a: Greninja|par\n|\n|upkeep\n|turn|7\n|\n|t:|1699667567\n|cant|p2a: Greninja|par\n|move|p1a: Serperior|Leaf Storm|p2a: Greninja|[miss]\n|-miss|p1a: Serperior|p2a: Greninja\n|\n|upkeep\n|turn|8\n|\n|t:|1699667575\n|switch|p1a: Togekiss|Togekiss, F|100\/100\n|cant|p2a: Greninja|par\n|\n|upkeep\n|turn|9\n|inactive|savagewolf98420 has 120 seconds left.\n|\n|t:|1699667585\n|move|p1a: Togekiss|Draining Kiss|p2a: Greninja\n|-supereffective|p2a: Greninja\n|-damage|p2a: Greninja|16\/100 par\n|move|p2a: Greninja|Ice Beam|p1a: Togekiss\n|-supereffective|p1a: Togekiss\n|-damage|p1a: Togekiss|29\/100\n|\n|-heal|p1a: Togekiss|35\/100|[from] item: Leftovers\n|upkeep\n|turn|10\n|inactive|savagewolf98420 has 120 seconds left.\n|\n|t:|1699667595\n|move|p2a: Greninja|Water Shuriken|p1a: Togekiss\n|-damage|p1a: Togekiss|24\/100\n|-damage|p1a: Togekiss|14\/100\n|-damage|p1a: Togekiss|4\/100\n|-damage|p1a: Togekiss|0 fnt\n|faint|p1a: Togekiss\n|-hitcount|p1: Togekiss|4\n|\n|upkeep\n|inactive|savagewolf98420 has 120 seconds left.\n|\n|t:|1699667611\n|switch|p1a: Serperior|Serperior, M|10\/100\n|turn|11\n|\n|t:|1699667616\n|move|p2a: Greninja|Water Shuriken|p1a: Serperior\n|-resisted|p1a: Serperior\n|-damage|p1a: Serperior|4\/100\n|-resisted|p1a: Serperior\n|-damage|p1a: Serperior|0 fnt\n|faint|p1a: Serperior\n|-hitcount|p1: Serperior|2\n|\n|upkeep\n|inactive|savagewolf98420 has 120 seconds left.\n|\n|t:|1699667633\n|switch|p1a: Reuniclus|Reuniclus, F|100\/100\n|turn|12\n|\n|t:|1699667640\n|move|p2a: Greninja|Dark Pulse|p1a: Reuniclus\n|-supereffective|p1a: Reuniclus\n|-damage|p1a: Reuniclus|28\/100\n|move|p1a: Reuniclus|Calm Mind|p1a: Reuniclus\n|-boost|p1a: Reuniclus|spa|1\n|-boost|p1a: Reuniclus|spd|1\n|\n|-heal|p1a: Reuniclus|34\/100|[from] item: Leftovers\n|upkeep\n|turn|13\n|inactive|savagewolf98420 has 120 seconds left.\n|\n|t:|1699667655\n|cant|p2a: Greninja|par\n|move|p1a: Reuniclus|Recover|p1a: Reuniclus\n|-heal|p1a: Reuniclus|84\/100\n|\n|-heal|p1a: Reuniclus|90\/100|[from] item: Leftovers\n|upkeep\n|turn|14\n|inactive|savagewolf98420 has 120 seconds left.\n|\n|t:|1699667664\n|move|p2a: Greninja|Dark Pulse|p1a: Reuniclus\n|-supereffective|p1a: Reuniclus\n|-damage|p1a: Reuniclus|44\/100\n|move|p1a: Reuniclus|Calm Mind|p1a: Reuniclus\n|-boost|p1a: Reuniclus|spa|1\n|-boost|p1a: Reuniclus|spd|1\n|\n|-heal|p1a: Reuniclus|50\/100|[from] item: Leftovers\n|upkeep\n|turn|15\n|inactive|savagewolf98420 has 120 seconds left.\n|\n|t:|1699667676\n|cant|p2a: Greninja|par\n|move|p1a: Reuniclus|Recover|p1a: Reuniclus\n|-heal|p1a: Reuniclus|100\/100\n|\n|upkeep\n|turn|16\n|inactive|savagewolf98420 has 120 seconds left.\n|inactive|savagewolf98420 has 90 seconds left.\n|\n|t:|1699667728\n|move|p2a: Greninja|Dark Pulse|p1a: Reuniclus\n|-supereffective|p1a: Reuniclus\n|-damage|p1a: Reuniclus|62\/100\n|move|p1a: Reuniclus|Calm Mind|p1a: Reuniclus\n|-boost|p1a: Reuniclus|spa|1\n|-boost|p1a: Reuniclus|spd|1\n|\n|-heal|p1a: Reuniclus|68\/100|[from] item: Leftovers\n|upkeep\n|turn|17\n|\n|t:|1699667741\n|switch|p2a: Dragonite|Dragonite, M|100\/100\n|move|p1a: Reuniclus|Acid Armor|p1a: Reuniclus\n|-boost|p1a: Reuniclus|def|2\n|\n|-heal|p1a: Reuniclus|75\/100|[from] item: Leftovers\n|upkeep\n|turn|18\n|\n|t:|1699667754\n|move|p2a: Dragonite|Dragon Dance|p2a: Dragonite\n|-boost|p2a: Dragonite|atk|1\n|-boost|p2a: Dragonite|spe|1\n|move|p1a: Reuniclus|Acid Armor|p1a: Reuniclus\n|-boost|p1a: Reuniclus|def|2\n|\n|-heal|p1a: Reuniclus|81\/100|[from] item: Leftovers\n|upkeep\n|turn|19\n|\n|t:|1699667766\n|-terastallize|p2a: Dragonite|Normal\n|move|p2a: Dragonite|Dragon Dance|p2a: Dragonite\n|-boost|p2a: Dragonite|atk|1\n|-boost|p2a: Dragonite|spe|1\n|move|p1a: Reuniclus|Stored Power|p2a: Dragonite\n|-damage|p2a: Dragonite|0 fnt\n|faint|p2a: Dragonite\n|\n|-heal|p1a: Reuniclus|87\/100|[from] item: Leftovers\n|upkeep\n|\n|t:|1699667771\n|switch|p2a: Serperior|Serperior, F|100\/100\n|turn|20\n|inactive|savagewolf98420 has 90 seconds left.\n|\n|t:|1699667781\n|move|p2a: Serperior|Glare|p1a: Reuniclus\n|-status|p1a: Reuniclus|par\n|move|p1a: Reuniclus|Stored Power|p2a: Serperior\n|-damage|p2a: Serperior|0 fnt\n|faint|p2a: Serperior\n|\n|-heal|p1a: Reuniclus|93\/100 par|[from] item: Leftovers\n|upkeep\n|\n|t:|1699667786\n|switch|p2a: Alomomola|Alomomola, F|100\/100\n|turn|21\n|\n|t:|1699667796\n|switch|p2a: Slowking|Slowking-Galar, M|100\/100\n|move|p1a: Reuniclus|Stored Power|p2a: Slowking\n|-damage|p2a: Slowking|0 fnt\n|faint|p2a: Slowking\n|\n|-heal|p1a: Reuniclus|99\/100 par|[from] item: Leftovers\n|upkeep\n|inactive|Impact star has 120 seconds left.\n|inactive|Impact star has 90 seconds left.\n|l|\u2606Impact star\n|inactive|Impact star disconnected and has a minute to reconnect!\n|player|p2|\n|inactive|Impact star has 30 seconds to reconnect!\n|inactive|Impact star has 20 seconds to reconnect!\n|inactive|Impact star has 15 seconds to reconnect!\n|inactive|Impact star has 10 seconds to reconnect!\n|inactive|Impact star has 5 seconds to reconnect!\n|-message|Impact star lost due to inactivity.\n|\n|win|savagewolf98420\n|inactive|Impact star has 20 seconds left this turn.\n|raw|savagewolf98420's rating: 1133 &rarr; <strong>1158<\/strong><br \/>(+25 for winning)\n|raw|Impact star's rating: 1132 &rarr; <strong>1107<\/strong><br \/>(-25 for losing)\n","uploadtime":1699667935,"views":9,"p1id":"savagewolf98420","p2id":"impactstar","formatid":"gen9nationaldex","rating":1107,"private":0,"password":""}