{"id":"gen9nationaldex-1986980228","p1":"contimway","p2":"icehorseenjoyer","format":"[Gen 9] National Dex","log":"|j|\u2606contimway\n|j|\u2606icehorseenjoyer\n|t:|1699546290\n|gametype|singles\n|player|p1|contimway|266|1050\n|player|p2|icehorseenjoyer|policeman-gen4|1044\n|teamsize|p1|6\n|teamsize|p2|6\n|gen|9\n|tier|[Gen 9] National Dex\n|rated|\n|rule|HP Percentage Mod: HP is shown in percentages\n|rule|Endless Battle Clause: Forcing endless battles is banned\n|rule|OHKO Clause: OHKO moves are banned\n|rule|Evasion Clause: Evasion abilities, items, and moves are banned\n|rule|Evasion Abilities Clause: Evasion abilities are banned\n|rule|Evasion Items Clause: Evasion items are banned\n|rule|Evasion Moves Clause: Evasion moves are banned\n|rule|Species Clause: Limit one of each Pok\u00e9mon\n|rule|Sleep Clause Mod: Limit one foe put to sleep\n|clearpoke\n|poke|p1|Torterra, M|\n|poke|p1|Greninja-*, M|\n|poke|p1|Rapidash-Galar, F|\n|poke|p1|Baxcalibur, M|\n|poke|p1|Iron Moth|\n|poke|p1|Eelektross, M|\n|poke|p2|Vikavolt, F|\n|poke|p2|Beedrill, M|\n|poke|p2|Bewear, F|\n|poke|p2|Garganacl, F|\n|poke|p2|Ferrothorn, F|\n|poke|p2|Buzzwole|\n|teampreview\n|\n|t:|1699546295\n|start\n|switch|p1a: Greninja|Greninja, M|100\/100\n|switch|p2a: Ferrothorn|Ferrothorn, F|100\/100\n|turn|1\n|inactive|Battle timer is ON: inactive players will automatically lose when time's up. (requested by contimway)\n|\n|t:|1699546301\n|-terastallize|p1a: Greninja|Fire\n|move|p1a: Greninja|Tera Blast|p2a: Ferrothorn|[anim] Tera Blast Fire\n|-supereffective|p2a: Ferrothorn\n|-damage|p2a: Ferrothorn|0 fnt\n|faint|p2a: Ferrothorn\n|-ability|p1a: Greninja|Battle Bond|boost\n|-boost|p1a: Greninja|atk|1\n|-boost|p1a: Greninja|spa|1\n|-boost|p1a: Greninja|spe|1\n|-activate|p1a: Greninja|ability: Battle Bond\n|\n|upkeep\n|c|\u2606icehorseenjoyer|nahhh\n|\n|t:|1699546313\n|switch|p2a: Beedrill|Beedrill, M|100\/100\n|turn|2\n|\n|t:|1699546317\n|detailschange|p2a: Beedrill|Beedrill-Mega, M\n|-mega|p2a: Beedrill|Beedrill|Beedrillite\n|move|p1a: Greninja|Tera Blast|p2a: Beedrill|[anim] Tera Blast Fire\n|-supereffective|p2a: Beedrill\n|-damage|p2a: Beedrill|0 fnt\n|faint|p2a: Beedrill\n|\n|upkeep\n|c|\u2606icehorseenjoyer|DUDE\n|\n|t:|1699546326\n|switch|p2a: Vikavolt|Vikavolt, F|100\/100\n|turn|3\n|\n|t:|1699546330\n|move|p1a: Greninja|Tera Blast|p2a: Vikavolt|[anim] Tera Blast Fire\n|-supereffective|p2a: Vikavolt\n|-damage|p2a: Vikavolt|0 fnt\n|faint|p2a: Vikavolt\n|\n|upkeep\n|c|\u2606icehorseenjoyer|ARE YOU SRSLY SWEEPING WITH A GODDAMN GRENINGA WHAT THE HELL\n|\n|t:|1699546344\n|switch|p2a: Garganacl|Garganacl, F|100\/100\n|turn|4\n|\n|t:|1699546348\n|move|p1a: Greninja|Scald|p2a: Garganacl\n|-supereffective|p2a: Garganacl\n|-damage|p2a: Garganacl|10\/100\n|-enditem|p2a: Garganacl|Aguav Berry|[eat]\n|-heal|p2a: Garganacl|43\/100|[from] item: Aguav Berry\n|move|p2a: Garganacl|Salt Cure|p1a: Greninja\n|-supereffective|p1a: Greninja\n|-damage|p1a: Greninja|39\/100\n|-start|p1a: Greninja|Salt Cure\n|\n|-heal|p1a: Greninja|45\/100|[from] item: Leftovers\n|-damage|p1a: Greninja|33\/100|[from] Salt Cure\n|upkeep\n|turn|5\n|\n|t:|1699546362\n|move|p1a: Greninja|Scald|p2a: Garganacl\n|-supereffective|p2a: Garganacl\n|-damage|p2a: Garganacl|0 fnt\n|faint|p2a: Garganacl\n|\n|-heal|p1a: Greninja|39\/100|[from] item: Leftovers\n|-damage|p1a: Greninja|27\/100|[from] Salt Cure\n|upkeep\n|\n|t:|1699546370\n|switch|p2a: Bewear|Bewear, F|100\/100\n|turn|6\n|\n|t:|1699546376\n|move|p1a: Greninja|Tera Blast|p2a: Bewear|[anim] Tera Blast Fire\n|-damage|p2a: Bewear|0 fnt\n|faint|p2a: Bewear\n|\n|-heal|p1a: Greninja|33\/100|[from] item: Leftovers\n|-damage|p1a: Greninja|20\/100|[from] Salt Cure\n|upkeep\n|c|\u2606icehorseenjoyer|b r o\n|\n|t:|1699546385\n|switch|p2a: Buzzwole|Buzzwole, shiny|100\/100\n|turn|7\n|c|\u2606icehorseenjoyer|YOUR TOS IS NOT SPEEDRUNNING\n|\n|t:|1699546399\n|move|p1a: Greninja|Tera Blast|p2a: Buzzwole|[anim] Tera Blast Fire\n|-supereffective|p2a: Buzzwole\n|-damage|p2a: Buzzwole|0 fnt\n|faint|p2a: Buzzwole\n|\n|win|contimway\n|raw|contimway's rating: 1050 &rarr; <strong>1082<\/strong><br \/>(+32 for winning)\n|raw|icehorseenjoyer's rating: 1044 &rarr; <strong>1028<\/strong><br \/>(-16 for losing)\n|c|\u2606icehorseenjoyer|bro thinks hes tempest\n","uploadtime":1699546421,"views":4,"p1id":"contimway","p2id":"icehorseenjoyer","formatid":"gen9nationaldex","rating":1028,"private":0,"password":""}