{"id":"gen9nationaldex-1991632661","p1":"Jarl_jake","p2":"bob_0728","format":"[Gen 9] National Dex","log":"|j|\u2606Jarl_jake\n|j|\u2606bob_0728\n|t:|1700096446\n|gametype|singles\n|player|p1|Jarl_jake|red|1463\n|player|p2|bob_0728|1|1563\n|teamsize|p1|6\n|teamsize|p2|6\n|gen|9\n|tier|[Gen 9] National Dex\n|rated|\n|rule|HP Percentage Mod: HP is shown in percentages\n|rule|Endless Battle Clause: Forcing endless battles is banned\n|rule|OHKO Clause: OHKO moves are banned\n|rule|Evasion Clause: Evasion abilities, items, and moves are banned\n|rule|Evasion Abilities Clause: Evasion abilities are banned\n|rule|Evasion Items Clause: Evasion items are banned\n|rule|Evasion Moves Clause: Evasion moves are banned\n|rule|Species Clause: Limit one of each Pok\u00e9mon\n|rule|Sleep Clause Mod: Limit one foe put to sleep\n|clearpoke\n|poke|p1|Ninetales-Alola, F|\n|poke|p1|Serperior, F|\n|poke|p1|Salamence, M|\n|poke|p1|Blaziken, M|\n|poke|p1|Blastoise, F|\n|poke|p1|Grimmsnarl, M|\n|poke|p2|Hatterene, F|\n|poke|p2|Ursaluna, M|\n|poke|p2|Cresselia, F|\n|poke|p2|Camerupt, M|\n|poke|p2|Mimikyu, F|\n|poke|p2|Glastrier|\n|teampreview\n|\n|t:|1700096459\n|start\n|switch|p1a: Lady Oscar|Serperior, F, shiny|100\/100\n|switch|p2a: Hatterene|Hatterene, F|100\/100\n|turn|1\n|\n|t:|1700096466\n|move|p1a: Lady Oscar|Leaf Storm|p2a: Hatterene\n|-damage|p2a: Hatterene|42\/100\n|-boost|p1a: Lady Oscar|spa|2\n|-damage|p1a: Lady Oscar|91\/100|[from] item: Life Orb\n|move|p2a: Hatterene|Trick Room|p2a: Hatterene\n|-fieldstart|move: Trick Room|[of] p2a: Hatterene\n|\n|upkeep\n|turn|2\n|\n|t:|1700096480\n|-terastallize|p1a: Lady Oscar|Fire\n|move|p2a: Hatterene|Mystical Fire|p1a: Lady Oscar\n|-resisted|p1a: Lady Oscar\n|-damage|p1a: Lady Oscar|74\/100\n|-boost|p1a: Lady Oscar|spa|1\n|move|p1a: Lady Oscar|Giga Drain|p2a: Hatterene\n|-damage|p2a: Hatterene|0 fnt\n|-heal|p1a: Lady Oscar|97\/100|[from] drain|[of] p2a: Hatterene\n|faint|p2a: Hatterene\n|-damage|p1a: Lady Oscar|87\/100|[from] item: Life Orb\n|\n|upkeep\n|\n|t:|1700096494\n|switch|p2a: Ursaluna|Ursaluna, M|100\/100\n|turn|3\n|\n|t:|1700096500\n|switch|p1a: Paarthurnax|Salamence, M, shiny|100\/100\n|move|p2a: Ursaluna|Headlong Rush|p1a: Paarthurnax\n|-immune|p1a: Paarthurnax\n|\n|-status|p2a: Ursaluna|brn|[from] item: Flame Orb\n|upkeep\n|turn|4\n|\n|t:|1700096524\n|-terastallize|p2a: Ursaluna|Normal\n|move|p2a: Ursaluna|Facade|p1a: Paarthurnax\n|-damage|p1a: Paarthurnax|0 fnt\n|faint|p1a: Paarthurnax\n|\n|-damage|p2a: Ursaluna|94\/100 brn|[from] brn\n|upkeep\n|\n|t:|1700096535\n|switch|p1a: Chicharron|Blaziken, M, shiny|100\/100\n|turn|5\n|\n|t:|1700096551\n|switch|p2a: Cresselia|Cresselia, F|100\/100\n|move|p1a: Chicharron|Close Combat|p2a: Cresselia\n|-resisted|p2a: Cresselia\n|-damage|p2a: Cresselia|79\/100\n|-unboost|p1a: Chicharron|def|1\n|-unboost|p1a: Chicharron|spd|1\n|\n|-heal|p2a: Cresselia|85\/100|[from] item: Leftovers\n|-fieldend|move: Trick Room\n|-ability|p1a: Chicharron|Speed Boost|boost\n|-boost|p1a: Chicharron|spe|1\n|upkeep\n|turn|6\n|\n|t:|1700096570\n|switch|p1a: Grendel|Grimmsnarl, M, shiny|100\/100\n|move|p2a: Cresselia|Toxic|p1a: Grendel\n|-status|p1a: Grendel|tox\n|\n|-heal|p2a: Cresselia|91\/100|[from] item: Leftovers\n|-damage|p1a: Grendel|94\/100 tox|[from] psn\n|upkeep\n|turn|7\n|\n|t:|1700096588\n|-zpower|p1a: Grendel\n|move|p1a: Grendel|Black Hole Eclipse|p2a: Cresselia|[zeffect]\n|-supereffective|p2a: Cresselia\n|-damage|p2a: Cresselia|0 fnt\n|faint|p2a: Cresselia\n|\n|-damage|p1a: Grendel|82\/100 tox|[from] psn\n|upkeep\n|\n|t:|1700096592\n|switch|p2a: Ursaluna|Ursaluna, M, tera:Normal|94\/100 brn\n|turn|8\n|\n|t:|1700096612\n|move|p1a: Grendel|Parting Shot|p2a: Ursaluna\n|-unboost|p2a: Ursaluna|atk|1\n|-unboost|p2a: Ursaluna|spa|1\n|\n|t:|1700096616\n|switch|p1a: Fat Girl|Blastoise, F, shiny|100\/100|[from] Parting Shot\n|move|p2a: Ursaluna|Facade|p1a: Fat Girl\n|-damage|p1a: Fat Girl|0 fnt\n|faint|p1a: Fat Girl\n|\n|-damage|p2a: Ursaluna|88\/100 brn|[from] brn\n|upkeep\n|\n|t:|1700096629\n|switch|p1a: Kurama|Ninetales-Alola, F, shiny|100\/100\n|-weather|Snow|[from] ability: Snow Warning|[of] p1a: Kurama\n|turn|9\n|\n|t:|1700096641\n|move|p1a: Kurama|Aurora Veil|p1a: Kurama\n|-sidestart|p1: Jarl_jake|move: Aurora Veil\n|move|p2a: Ursaluna|Facade|p1a: Kurama\n|-damage|p1a: Kurama|43\/100\n|\n|-weather|Snow|[upkeep]\n|-damage|p2a: Ursaluna|82\/100 brn|[from] brn\n|upkeep\n|turn|10\n|\n|t:|1700096650\n|move|p1a: Kurama|Blizzard|p2a: Ursaluna\n|-damage|p2a: Ursaluna|45\/100 brn\n|move|p2a: Ursaluna|Facade|p1a: Kurama\n|-damage|p1a: Kurama|0 fnt\n|faint|p1a: Kurama\n|\n|-weather|Snow|[upkeep]\n|-damage|p2a: Ursaluna|39\/100 brn|[from] brn\n|upkeep\n|\n|t:|1700096662\n|switch|p1a: Lady Oscar|Serperior, F, shiny, tera:Fire|87\/100\n|turn|11\n|\n|t:|1700096667\n|move|p1a: Lady Oscar|Leaf Storm|p2a: Ursaluna\n|-crit|p2a: Ursaluna\n|-damage|p2a: Ursaluna|0 fnt\n|-boost|p1a: Lady Oscar|spa|2\n|faint|p2a: Ursaluna\n|-damage|p1a: Lady Oscar|77\/100|[from] item: Life Orb\n|\n|-weather|Snow|[upkeep]\n|upkeep\n|\n|t:|1700096671\n|switch|p2a: Mimikyu|Mimikyu, F|100\/100\n|turn|12\n|\n|t:|1700096678\n|move|p1a: Lady Oscar|Giga Drain|p2a: Mimikyu\n|-activate|p2a: Mimikyu|ability: Disguise\n|-damage|p2a: Mimikyu|100\/100\n|detailschange|p2a: Mimikyu|Mimikyu-Busted, F\n|-damage|p2a: Mimikyu|88\/100|[from] pokemon: Mimikyu-Busted\n|-damage|p1a: Lady Oscar|67\/100|[from] item: Life Orb\n|move|p2a: Mimikyu|Trick Room|p2a: Mimikyu\n|-fieldstart|move: Trick Room|[of] p2a: Mimikyu\n|\n|-weather|Snow|[upkeep]\n|upkeep\n|turn|13\n|inactive|Battle timer is ON: inactive players will automatically lose when time's up. (requested by bob_0728)\n|\n|t:|1700096690\n|move|p2a: Mimikyu|Curse|p1a: Lady Oscar\n|-start|p1a: Lady Oscar|Curse|[of] p2a: Mimikyu\n|-damage|p2a: Mimikyu|38\/100\n|move|p1a: Lady Oscar|Giga Drain|p2a: Mimikyu\n|-damage|p2a: Mimikyu|0 fnt\n|-heal|p1a: Lady Oscar|87\/100|[from] drain|[of] p2a: Mimikyu\n|faint|p2a: Mimikyu\n|-damage|p1a: Lady Oscar|77\/100|[from] item: Life Orb\n|\n|-weather|none\n|-damage|p1a: Lady Oscar|52\/100|[from] Curse\n|upkeep\n|\n|t:|1700096706\n|switch|p2a: Camerupt|Camerupt, M|100\/100\n|turn|14\n|\n|t:|1700096718\n|detailschange|p2a: Camerupt|Camerupt-Mega, M\n|-mega|p2a: Camerupt|Camerupt|Cameruptite\n|move|p2a: Camerupt|Earth Power|p1a: Lady Oscar\n|-supereffective|p1a: Lady Oscar\n|-damage|p1a: Lady Oscar|0 fnt\n|faint|p1a: Lady Oscar\n|\n|upkeep\n|\n|t:|1700096728\n|switch|p1a: Grendel|Grimmsnarl, M, shiny|82\/100 tox\n|turn|15\n|\n|t:|1700096734\n|move|p1a: Grendel|Sucker Punch|p2a: Camerupt\n|-damage|p2a: Camerupt|70\/100\n|move|p2a: Camerupt|Earth Power|p1a: Grendel\n|-damage|p1a: Grendel|43\/100 tox\n|\n|-damage|p1a: Grendel|37\/100 tox|[from] psn\n|upkeep\n|turn|16\n|\n|t:|1700096746\n|move|p1a: Grendel|Sucker Punch|p2a: Camerupt\n|-damage|p2a: Camerupt|37\/100\n|move|p2a: Camerupt|Earth Power|p1a: Grendel\n|-damage|p1a: Grendel|0 fnt\n|faint|p1a: Grendel\n|\n|-sideend|p1: Jarl_jake|move: Aurora Veil\n|-fieldend|move: Trick Room\n|upkeep\n|\n|t:|1700096755\n|switch|p1a: Chicharron|Blaziken, M, shiny|100\/100\n|turn|17\n|\n|t:|1700096758\n|move|p1a: Chicharron|Swords Dance|p1a: Chicharron\n|-boost|p1a: Chicharron|atk|2\n|move|p2a: Camerupt|Earth Power|p1a: Chicharron\n|-supereffective|p1a: Chicharron\n|-enditem|p1a: Chicharron|Focus Sash\n|-damage|p1a: Chicharron|1\/100\n|\n|-ability|p1a: Chicharron|Speed Boost|boost\n|-boost|p1a: Chicharron|spe|1\n|upkeep\n|turn|18\n|\n|t:|1700096769\n|move|p1a: Chicharron|Close Combat|p2a: Camerupt\n|-damage|p2a: Camerupt|0 fnt\n|-unboost|p1a: Chicharron|def|1\n|-unboost|p1a: Chicharron|spd|1\n|faint|p2a: Camerupt\n|\n|-ability|p1a: Chicharron|Speed Boost|boost\n|-boost|p1a: Chicharron|spe|1\n|upkeep\n|\n|t:|1700096772\n|switch|p2a: Glastrier|Glastrier|100\/100\n|turn|19\n|\n|t:|1700096780\n|move|p1a: Chicharron|Close Combat|p2a: Glastrier\n|-supereffective|p2a: Glastrier\n|-damage|p2a: Glastrier|0 fnt\n|-unboost|p1a: Chicharron|def|1\n|-unboost|p1a: Chicharron|spd|1\n|faint|p2a: Glastrier\n|\n|win|Jarl_jake\n|raw|Jarl_jake's rating: 1463 &rarr; <strong>1490<\/strong><br \/>(+27 for winning)\n|raw|bob_0728's rating: 1583 &rarr; <strong>1556<\/strong><br \/>(-27 for losing)\n|l|\u2606bob_0728\n","uploadtime":1700096789,"views":17,"p1id":"jarljake","p2id":"bob0728","formatid":"gen9nationaldex","rating":1490,"private":0,"password":""}