{"id":"gen9nationaldex-1996935342","p1":"lemon1119","p2":"weirdnomad","format":"[Gen 9] National Dex","log":"|html|<div class=\"broadcast-blue\"><strong>[Gen 9] National Dex is currently suspecting Sneasler! For information on how to participate check out the <a href=\"https:\/\/www.smogon.com\/forums\/threads\/sv-national-dex-suspect-8-just-dance.3731534\/\">suspect thread<\/a>.<\/strong><\/div>\n|j|\u2606lemon1119\n|j|\u203dweirdnomad\n|t:|1700746844\n|gametype|singles\n|player|p1|lemon1119|lillie-masters2|1449\n|player|p2|weirdnomad|hiker-gen4|1544\n|teamsize|p1|6\n|teamsize|p2|6\n|gen|9\n|tier|[Gen 9] National Dex\n|rated|\n|rule|HP Percentage Mod: HP is shown in percentages\n|rule|Endless Battle Clause: Forcing endless battles is banned\n|rule|OHKO Clause: OHKO moves are banned\n|rule|Evasion Clause: Evasion abilities, items, and moves are banned\n|rule|Evasion Abilities Clause: Evasion abilities are banned\n|rule|Evasion Items Clause: Evasion items are banned\n|rule|Evasion Moves Clause: Evasion moves are banned\n|rule|Species Clause: Limit one of each Pok\u00e9mon\n|rule|Sleep Clause Mod: Limit one foe put to sleep\n|clearpoke\n|poke|p1|Tapu Koko|\n|poke|p1|Iron Valiant|\n|poke|p1|Medicham, M|\n|poke|p1|Hoopa-Unbound|\n|poke|p1|Rotom-Wash|\n|poke|p1|Iron Treads|\n|poke|p2|Corviknight, M|\n|poke|p2|Mamoswine, M|\n|poke|p2|Azumarill, F|\n|poke|p2|Gengar, M|\n|poke|p2|Blaziken, M|\n|poke|p2|Hydreigon, F|\n|teampreview\n|inactive|Battle timer is ON: inactive players will automatically lose when time's up. (requested by lemon1119)\n|\n|t:|1700746859\n|start\n|switch|p1a: Tapu Koko|Tapu Koko|100\/100\n|switch|p2a: Mamoswine|Mamoswine, M|100\/100\n|-fieldstart|move: Electric Terrain|[from] ability: Electric Surge|[of] p1a: Tapu Koko\n|turn|1\n|\n|t:|1700746870\n|switch|p1a: Rotom|Rotom-Wash|100\/100\n|move|p2a: Mamoswine|Knock Off|p1a: Rotom\n|-damage|p1a: Rotom|74\/100\n|-enditem|p1a: Rotom|Leftovers|[from] move: Knock Off|[of] p2a: Mamoswine\n|\n|upkeep\n|turn|2\n|\n|t:|1700746879\n|switch|p2a: Hydreigon|Hydreigon, F, shiny|100\/100\n|move|p1a: Rotom|Will-O-Wisp|p2a: Hydreigon\n|-status|p2a: Hydreigon|brn\n|\n|-damage|p2a: Hydreigon|94\/100 brn|[from] brn\n|upkeep\n|turn|3\n|\n|t:|1700746889\n|switch|p1a: Hoopa|Hoopa-Unbound|100\/100\n|move|p2a: Hydreigon|Stealth Rock|p1a: Hoopa\n|-sidestart|p1: lemon1119|move: Stealth Rock\n|\n|-heal|p2a: Hydreigon|100\/100 brn|[from] item: Leftovers\n|-damage|p2a: Hydreigon|94\/100 brn|[from] brn\n|upkeep\n|turn|4\n|\n|t:|1700746898\n|move|p1a: Hoopa|Hyperspace Fury|p2a: Hydreigon\n|-resisted|p2a: Hydreigon\n|-damage|p2a: Hydreigon|46\/100 brn\n|-unboost|p1a: Hoopa|def|1\n|move|p2a: Hydreigon|Thunder Wave|p1a: Hoopa\n|-status|p1a: Hoopa|par\n|\n|-heal|p2a: Hydreigon|52\/100 brn|[from] item: Leftovers\n|-damage|p2a: Hydreigon|46\/100 brn|[from] brn\n|upkeep\n|turn|5\n|\n|t:|1700746909\n|move|p2a: Hydreigon|U-turn|p1a: Hoopa\n|-supereffective|p1a: Hoopa\n|-damage|p1a: Hoopa|7\/100 par\n|\n|t:|1700746920\n|switch|p2a: Azumarill|Azumarill, F, shiny|100\/100|[from] U-turn\n|move|p1a: Hoopa|Hyperspace Fury|p2a: Azumarill\n|-resisted|p2a: Azumarill\n|-damage|p2a: Azumarill|51\/100\n|-unboost|p1a: Hoopa|def|1\n|\n|-fieldend|move: Electric Terrain\n|upkeep\n|turn|6\n|\n|t:|1700746934\n|move|p2a: Azumarill|Aqua Jet|p1a: Hoopa\n|-damage|p1a: Hoopa|0 fnt\n|faint|p1a: Hoopa\n|\n|upkeep\n|\n|t:|1700746946\n|switch|p1a: Tapu Koko|Tapu Koko|100\/100\n|-damage|p1a: Tapu Koko|88\/100|[from] Stealth Rock\n|-fieldstart|move: Electric Terrain|[from] ability: Electric Surge|[of] p1a: Tapu Koko\n|turn|7\n|\n|t:|1700746951\n|move|p2a: Azumarill|Aqua Jet|p1a: Tapu Koko\n|-crit|p1a: Tapu Koko\n|-damage|p1a: Tapu Koko|9\/100\n|move|p1a: Tapu Koko|U-turn|p2a: Azumarill\n|-resisted|p2a: Azumarill\n|-damage|p2a: Azumarill|42\/100\n|\n|t:|1700746962\n|switch|p1a: Rotom|Rotom-Wash|74\/100|[from] U-turn\n|-damage|p1a: Rotom|61\/100|[from] Stealth Rock\n|\n|upkeep\n|turn|8\n|\n|t:|1700746969\n|switch|p2a: Hydreigon|Hydreigon, F, shiny|46\/100 brn\n|move|p1a: Rotom|Pain Split|p2a: Hydreigon\n|-sethp|p2a: Hydreigon|47\/100 brn|[from] move: Pain Split|[silent]\n|-sethp|p1a: Rotom|60\/100|[from] move: Pain Split\n|\n|-heal|p2a: Hydreigon|53\/100 brn|[from] item: Leftovers\n|-damage|p2a: Hydreigon|47\/100 brn|[from] brn\n|upkeep\n|turn|9\n|\n|t:|1700746981\n|move|p1a: Rotom|Volt Switch|p2a: Hydreigon\n|-resisted|p2a: Hydreigon\n|-damage|p2a: Hydreigon|39\/100 brn\n|\n|t:|1700746983\n|switch|p1a: Iron Treads|Iron Treads|100\/100|[from] Volt Switch\n|-damage|p1a: Iron Treads|97\/100|[from] Stealth Rock\n|-activate|p1a: Iron Treads|ability: Quark Drive\n|-start|p1a: Iron Treads|quarkdrivespe\n|move|p2a: Hydreigon|U-turn|p1a: Iron Treads\n|-resisted|p1a: Iron Treads\n|-crit|p1a: Iron Treads\n|-damage|p1a: Iron Treads|93\/100\n|\n|t:|1700746999\n|switch|p2a: Azumarill|Azumarill, F, shiny|42\/100|[from] U-turn\n|\n|-heal|p1a: Iron Treads|99\/100|[from] item: Leftovers\n|upkeep\n|turn|10\n|\n|t:|1700747005\n|move|p2a: Azumarill|Aqua Jet|p1a: Iron Treads\n|-supereffective|p1a: Iron Treads\n|-damage|p1a: Iron Treads|37\/100\n|move|p1a: Iron Treads|Volt Switch|p2a: Azumarill\n|-supereffective|p2a: Azumarill\n|-damage|p2a: Azumarill|14\/100\n|\n|t:|1700747012\n|-end|p1a: Iron Treads|Quark Drive|[silent]\n|switch|p1a: Medicham|Medicham, M|100\/100|[from] Volt Switch\n|-damage|p1a: Medicham|94\/100|[from] Stealth Rock\n|\n|upkeep\n|turn|11\n|\n|t:|1700747018\n|detailschange|p1a: Medicham|Medicham-Mega, M\n|-mega|p1a: Medicham|Medicham|Medichamite\n|move|p1a: Medicham|Fake Out|p2a: Azumarill\n|-damage|p2a: Azumarill|0 fnt\n|faint|p2a: Azumarill\n|\n|-fieldend|move: Electric Terrain\n|upkeep\n|\n|t:|1700747026\n|switch|p2a: Corviknight|Corviknight, M, shiny|100\/100\n|-ability|p2a: Corviknight|Pressure\n|turn|12\n|\n|t:|1700747035\n|switch|p1a: Rotom|Rotom-Wash|60\/100\n|-damage|p1a: Rotom|48\/100|[from] Stealth Rock\n|move|p2a: Corviknight|U-turn|p1a: Rotom\n|-damage|p1a: Rotom|37\/100\n|\n|t:|1700747042\n|switch|p2a: Gengar|Gengar, M, shiny|100\/100|[from] U-turn\n|\n|upkeep\n|turn|13\n|\n|t:|1700747061\n|move|p2a: Gengar|Shadow Ball|p1a: Rotom\n|-damage|p1a: Rotom|0 fnt\n|faint|p1a: Rotom\n|\n|upkeep\n|\n|t:|1700747067\n|switch|p1a: Iron Valiant|Iron Valiant|100\/100\n|-damage|p1a: Iron Valiant|94\/100|[from] Stealth Rock\n|turn|14\n|\n|t:|1700747074\n|move|p1a: Iron Valiant|Psyshock|p2a: Gengar\n|-supereffective|p2a: Gengar\n|-damage|p2a: Gengar|0 fnt\n|faint|p2a: Gengar\n|\n|upkeep\n|\n|t:|1700747081\n|switch|p2a: Mamoswine|Mamoswine, M|100\/100\n|turn|15\n|\n|t:|1700747087\n|move|p1a: Iron Valiant|Close Combat|p2a: Mamoswine\n|-supereffective|p2a: Mamoswine\n|-damage|p2a: Mamoswine|0 fnt\n|-unboost|p1a: Iron Valiant|def|1\n|-unboost|p1a: Iron Valiant|spd|1\n|faint|p2a: Mamoswine\n|\n|upkeep\n|\n|t:|1700747094\n|switch|p2a: Blaziken|Blaziken, M|100\/100\n|turn|16\n|\n|t:|1700747099\n|-end|p1a: Iron Valiant|Quark Drive|[silent]\n|switch|p1a: Tapu Koko|Tapu Koko|9\/100\n|-damage|p1a: Tapu Koko|0 fnt|[from] Stealth Rock\n|faint|p1a: Tapu Koko\n|move|p2a: Blaziken|Protect||[still]\n|-fail|p2a: Blaziken\n|\n|-ability|p2a: Blaziken|Speed Boost|boost\n|-boost|p2a: Blaziken|spe|1\n|upkeep\n|\n|t:|1700747110\n|switch|p1a: Iron Treads|Iron Treads|37\/100\n|-damage|p1a: Iron Treads|34\/100|[from] Stealth Rock\n|turn|17\n|\n|t:|1700747122\n|move|p2a: Blaziken|Flare Blitz|p1a: Iron Treads\n|-supereffective|p1a: Iron Treads\n|-crit|p1a: Iron Treads\n|-damage|p1a: Iron Treads|0 fnt\n|faint|p1a: Iron Treads\n|-end|p1a: Iron Treads|Quark Drive|[silent]\n|-damage|p2a: Blaziken|87\/100|[from] Recoil\n|\n|-ability|p2a: Blaziken|Speed Boost|boost\n|-boost|p2a: Blaziken|spe|1\n|upkeep\n|\n|t:|1700747127\n|switch|p1a: Iron Valiant|Iron Valiant|94\/100\n|-damage|p1a: Iron Valiant|88\/100|[from] Stealth Rock\n|turn|18\n|\n|t:|1700747134\n|move|p2a: Blaziken|Flare Blitz|p1a: Iron Valiant\n|-damage|p1a: Iron Valiant|9\/100\n|-damage|p2a: Blaziken|61\/100|[from] Recoil\n|move|p1a: Iron Valiant|Psyshock|p2a: Blaziken\n|-supereffective|p2a: Blaziken\n|-crit|p2a: Blaziken\n|-damage|p2a: Blaziken|0 fnt\n|faint|p2a: Blaziken\n|\n|upkeep\n|\n|t:|1700747144\n|switch|p2a: Corviknight|Corviknight, M, shiny|100\/100\n|-ability|p2a: Corviknight|Pressure\n|turn|19\n|\n|t:|1700747160\n|-terastallize|p1a: Iron Valiant|Electric\n|-terastallize|p2a: Corviknight|Ghost\n|move|p1a: Iron Valiant|Thunderbolt|p2a: Corviknight\n|-damage|p2a: Corviknight|58\/100\n|-status|p2a: Corviknight|par\n|cant|p2a: Corviknight|par\n|\n|upkeep\n|turn|20\n|\n|t:|1700747171\n|move|p1a: Iron Valiant|Moonblast|p2a: Corviknight\n|-damage|p2a: Corviknight|14\/100 par\n|-unboost|p2a: Corviknight|spa|1\n|move|p2a: Corviknight|Brave Bird|p1a: Iron Valiant\n|-resisted|p1a: Iron Valiant\n|-damage|p1a: Iron Valiant|0 fnt\n|faint|p1a: Iron Valiant\n|-end|p1a: Iron Valiant|Quark Drive|[silent]\n|-damage|p2a: Corviknight|12\/100 par|[from] Recoil\n|\n|upkeep\n|\n|t:|1700747174\n|switch|p1a: Medicham|Medicham-Mega, M|94\/100\n|-damage|p1a: Medicham|88\/100|[from] Stealth Rock\n|turn|21\n|\n|t:|1700747185\n|move|p1a: Medicham|Thunder Punch|p2a: Corviknight\n|-damage|p2a: Corviknight|0 fnt\n|-damage|p1a: Medicham|72\/100|[from] item: Rocky Helmet|[of] p2a: Corviknight\n|faint|p2a: Corviknight\n|\n|upkeep\n|\n|t:|1700747191\n|switch|p2a: Hydreigon|Hydreigon, F, shiny|39\/100 brn\n|turn|22\n|\n|t:|1700747195\n|move|p1a: Medicham|Close Combat|p2a: Hydreigon\n|-supereffective|p2a: Hydreigon\n|-damage|p2a: Hydreigon|0 fnt\n|-unboost|p1a: Medicham|def|1\n|-unboost|p1a: Medicham|spd|1\n|faint|p2a: Hydreigon\n|\n|win|lemon1119\n|raw|lemon1119's rating: 1449 &rarr; <strong>1474<\/strong><br \/>(+25 for winning)\n|raw|weirdnomad's rating: 1544 &rarr; <strong>1519<\/strong><br \/>(-25 for losing)\n|l|\u2606lemon1119\n","uploadtime":1700747229,"views":1,"p1id":"lemon1119","p2id":"weirdnomad","formatid":"gen9nationaldex","rating":1474,"private":0,"password":""}