{"id":"gen9nationaldex-1998704326","p1":"Glados501","p2":"Legends king147","format":"[Gen 9] National Dex","log":"|html|<div class=\"broadcast-blue\"><strong>[Gen 9] National Dex is currently suspecting Sneasler! For information on how to participate check out the <a href=\"https:\/\/www.smogon.com\/forums\/threads\/sv-national-dex-suspect-8-just-dance.3731534\/\">suspect thread<\/a>.<\/strong><\/div>\n|j|\u2606Glados501\n|j|\u2606Legends king147\n|t:|1700975073\n|gametype|singles\n|player|p1|Glados501|cheren-gen5bw2|1016\n|player|p2|Legends king147|102|1043\n|teamsize|p1|6\n|teamsize|p2|6\n|gen|9\n|tier|[Gen 9] National Dex\n|rated|\n|rule|HP Percentage Mod: HP is shown in percentages\n|rule|Endless Battle Clause: Forcing endless battles is banned\n|rule|OHKO Clause: OHKO moves are banned\n|rule|Evasion Clause: Evasion abilities, items, and moves are banned\n|rule|Evasion Abilities Clause: Evasion abilities are banned\n|rule|Evasion Items Clause: Evasion items are banned\n|rule|Evasion Moves Clause: Evasion moves are banned\n|rule|Species Clause: Limit one of each Pok\u00e9mon\n|rule|Sleep Clause Mod: Limit one foe put to sleep\n|clearpoke\n|poke|p1|Audino, F|\n|poke|p1|Scolipede, M|\n|poke|p1|Delphox, F|\n|poke|p1|Krookodile, M|\n|poke|p1|Aegislash, M|\n|poke|p1|Ditto|\n|poke|p2|Sylveon, F|\n|poke|p2|Emboar, M|\n|poke|p2|Meganium, F|\n|poke|p2|Krookodile, M|\n|poke|p2|Metagross|\n|poke|p2|Milotic, F|\n|teampreview\n|\n|t:|1700975087\n|start\n|switch|p1a: Lemonade|Delphox, F|100\/100\n|switch|p2a: Sylveon|Sylveon, F|100\/100\n|turn|1\n|\n|t:|1700975100\n|switch|p2a: Milotic|Milotic, F|100\/100\n|move|p1a: Lemonade|Skill Swap|p2a: Milotic\n|-activate|p1a: Lemonade|move: Skill Swap|Competitive|Blaze|[of] p2a: Milotic\n|\n|upkeep\n|turn|2\n|\n|t:|1700975115\n|switch|p1a: This u?|Ditto|100\/100\n|-transform|p1a: This u?|p2a: Milotic|[from] ability: Imposter\n|switch|p2a: Krookodile|Krookodile, M|100\/100\n|\n|upkeep\n|turn|3\n|\n|t:|1700975132\n|switch|p2a: Meganium|Meganium, F|100\/100\n|move|p1a: This u?|Surf|p2a: Meganium\n|-resisted|p2a: Meganium\n|-damage|p2a: Meganium|83\/100\n|\n|-heal|p2a: Meganium|89\/100|[from] item: Leftovers\n|upkeep\n|turn|4\n|\n|t:|1700975141\n|switch|p1a: Lemonade|Delphox, F|100\/100\n|move|p2a: Meganium|Petal Dance|p1a: Lemonade\n|-resisted|p1a: Lemonade\n|-damage|p1a: Lemonade|75\/100\n|\n|-heal|p2a: Meganium|95\/100|[from] item: Leftovers\n|upkeep\n|turn|5\n|\n|t:|1700975152\n|move|p1a: Lemonade|Trick|p2a: Meganium\n|-activate|p1a: Lemonade|move: Trick|[of] p2a: Meganium\n|-item|p2a: Meganium|Choice Scarf|[from] move: Trick\n|-item|p1a: Lemonade|Leftovers|[from] move: Trick\n|move|p2a: Meganium|Petal Dance|p1a: Lemonade|[from]lockedmove\n|-resisted|p1a: Lemonade\n|-damage|p1a: Lemonade|47\/100\n|-start|p2a: Meganium|confusion|[fatigue]\n|\n|-heal|p1a: Lemonade|53\/100|[from] item: Leftovers\n|upkeep\n|turn|6\n|\n|t:|1700975169\n|move|p1a: Lemonade|Calm Mind|p1a: Lemonade\n|-boost|p1a: Lemonade|spa|1\n|-boost|p1a: Lemonade|spd|1\n|-activate|p2a: Meganium|confusion\n|move|p2a: Meganium|Petal Dance|p1a: Lemonade\n|-resisted|p1a: Lemonade\n|-damage|p1a: Lemonade|34\/100\n|\n|-heal|p1a: Lemonade|40\/100|[from] item: Leftovers\n|upkeep\n|turn|7\n|\n|t:|1700975187\n|move|p1a: Lemonade|Fire Blast|p2a: Meganium\n|-supereffective|p2a: Meganium\n|-damage|p2a: Meganium|0 fnt\n|faint|p2a: Meganium\n|\n|-heal|p1a: Lemonade|47\/100|[from] item: Leftovers\n|upkeep\n|\n|t:|1700975195\n|switch|p2a: Krookodile|Krookodile, M|100\/100\n|turn|8\n|\n|t:|1700975217\n|switch|p1a: This u?|Ditto|100\/100\n|-transform|p1a: This u?|p2a: Krookodile|[from] ability: Imposter\n|move|p2a: Krookodile|Earthquake|p1a: This u?\n|-damage|p1a: This u?|36\/100\n|\n|upkeep\n|turn|9\n|\n|t:|1700975243\n|switch|p1a: Kroko|Krookodile, M|100\/100\n|-ability|p1a: Kroko|Intimidate|boost\n|-unboost|p2a: Krookodile|atk|1\n|move|p2a: Krookodile|Earthquake|p1a: Kroko\n|-damage|p1a: Kroko|67\/100\n|\n|-heal|p1a: Kroko|73\/100|[from] item: Leftovers\n|upkeep\n|turn|10\n|\n|t:|1700975255\n|switch|p2a: Sylveon|Sylveon, F|100\/100\n|move|p1a: Kroko|Knock Off|p2a: Sylveon\n|-resisted|p2a: Sylveon\n|-damage|p2a: Sylveon|69\/100\n|-enditem|p2a: Sylveon|Wise Glasses|[from] move: Knock Off|[of] p1a: Kroko\n|\n|-heal|p1a: Kroko|79\/100|[from] item: Leftovers\n|upkeep\n|turn|11\n|\n|t:|1700975268\n|-terastallize|p1a: Kroko|Steel\n|move|p1a: Kroko|Tera Blast|p2a: Sylveon|[anim] Tera Blast Steel\n|-supereffective|p2a: Sylveon\n|-damage|p2a: Sylveon|0 fnt\n|faint|p2a: Sylveon\n|\n|-heal|p1a: Kroko|85\/100|[from] item: Leftovers\n|upkeep\n|\n|t:|1700975277\n|switch|p2a: Emboar|Emboar, M|100\/100\n|turn|12\n|\n|t:|1700975304\n|switch|p1a: This u?|Ditto|36\/100\n|-transform|p1a: This u?|p2a: Emboar|[from] ability: Imposter\n|move|p2a: Emboar|Heat Crash|p1a: This u?\n|-resisted|p1a: This u?\n|-damage|p1a: This u?|24\/100\n|\n|upkeep\n|turn|13\n|\n|t:|1700975335\n|switch|p1a: Eye Sword|Aegislash, M|100\/100\n|move|p2a: Emboar|Arm Thrust|p1a: Eye Sword\n|-immune|p1a: Eye Sword\n|\n|upkeep\n|turn|14\n|\n|t:|1700975345\n|switch|p2a: Krookodile|Krookodile, M|100\/100\n|move|p1a: Eye Sword|King's Shield||[still]\n|-fail|p1a: Eye Sword\n|\n|upkeep\n|turn|15\n|\n|t:|1700975355\n|move|p1a: Eye Sword|King's Shield|p1a: Eye Sword\n|-singleturn|p1a: Eye Sword|Protect\n|move|p2a: Krookodile|Dig||[still]\n|-prepare|p2a: Krookodile|Dig\n|\n|upkeep\n|turn|16\n|\n|t:|1700975370\n|move|p2a: Krookodile|Dig|p1a: Eye Sword|[from]lockedmove\n|-supereffective|p1a: Eye Sword\n|-damage|p1a: Eye Sword|27\/100\n|-enditem|p1a: Eye Sword|Weakness Policy\n|-boost|p1a: Eye Sword|atk|2|[from] item: Weakness Policy\n|-boost|p1a: Eye Sword|spa|2|[from] item: Weakness Policy\n|move|p1a: Eye Sword|Swords Dance|p1a: Eye Sword\n|-boost|p1a: Eye Sword|atk|2\n|\n|upkeep\n|turn|17\n|\n|t:|1700975387\n|move|p1a: Eye Sword|King's Shield|p1a: Eye Sword\n|-singleturn|p1a: Eye Sword|Protect\n|move|p2a: Krookodile|Foul Play|p1a: Eye Sword\n|-activate|p1a: Eye Sword|move: Protect\n|-unboost|p2a: Krookodile|atk|1\n|\n|upkeep\n|turn|18\n|\n|t:|1700975399\n|switch|p1a: Kroko|Krookodile, M, tera:Steel|85\/100\n|-ability|p1a: Kroko|Intimidate|boost\n|-unboost|p2a: Krookodile|atk|1\n|move|p2a: Krookodile|Foul Play|p1a: Kroko\n|-damage|p1a: Kroko|39\/100\n|\n|-heal|p1a: Kroko|45\/100|[from] item: Leftovers\n|upkeep\n|turn|19\n|\n|t:|1700975409\n|switch|p2a: Emboar|Emboar, M|100\/100\n|move|p1a: Kroko|Earthquake|p2a: Emboar\n|-supereffective|p2a: Emboar\n|-damage|p2a: Emboar|2\/100\n|\n|-heal|p1a: Kroko|51\/100|[from] item: Leftovers\n|upkeep\n|turn|20\n|\n|t:|1700975429\n|switch|p1a: This u?|Ditto|24\/100\n|-transform|p1a: This u?|p2a: Emboar|[from] ability: Imposter\n|move|p2a: Emboar|Heat Crash|p1a: This u?\n|-resisted|p1a: This u?\n|-damage|p1a: This u?|6\/100\n|\n|upkeep\n|turn|21\n|\n|t:|1700975442\n|move|p1a: This u?|Heat Crash|p2a: Emboar\n|-resisted|p2a: Emboar\n|-damage|p2a: Emboar|0 fnt\n|faint|p2a: Emboar\n|\n|upkeep\n|\n|t:|1700975448\n|switch|p2a: Milotic|Milotic, F|100\/100\n|turn|22\n|\n|t:|1700975456\n|switch|p1a: Courtesy Call|Audino, F|100\/100\n|move|p2a: Milotic|Scald|p1a: Courtesy Call\n|-damage|p1a: Courtesy Call|76\/100\n|\n|-heal|p1a: Courtesy Call|82\/100|[from] item: Leftovers\n|upkeep\n|turn|23\n|\n|t:|1700975464\n|move|p2a: Milotic|Surf|p1a: Courtesy Call\n|-damage|p1a: Courtesy Call|55\/100\n|move|p1a: Courtesy Call|Yawn|p2a: Milotic\n|-start|p2a: Milotic|move: Yawn|[of] p1a: Courtesy Call\n|\n|-heal|p1a: Courtesy Call|61\/100|[from] item: Leftovers\n|upkeep\n|turn|24\n|\n|t:|1700975473\n|switch|p2a: Metagross|Metagross|100\/100\n|move|p1a: Courtesy Call|Calm Mind|p1a: Courtesy Call\n|-boost|p1a: Courtesy Call|spa|1\n|-boost|p1a: Courtesy Call|spd|1\n|\n|-heal|p1a: Courtesy Call|67\/100|[from] item: Leftovers\n|upkeep\n|turn|25\n|\n|t:|1700975482\n|move|p2a: Metagross|Iron Head|p1a: Courtesy Call\n|-damage|p1a: Courtesy Call|33\/100\n|move|p1a: Courtesy Call|Yawn|p2a: Metagross\n|-start|p2a: Metagross|move: Yawn|[of] p1a: Courtesy Call\n|\n|-heal|p1a: Courtesy Call|39\/100|[from] item: Leftovers\n|upkeep\n|turn|26\n|\n|t:|1700975494\n|move|p2a: Metagross|Iron Head|p1a: Courtesy Call\n|-damage|p1a: Courtesy Call|5\/100\n|move|p1a: Courtesy Call|Calm Mind|p1a: Courtesy Call\n|-boost|p1a: Courtesy Call|spa|1\n|-boost|p1a: Courtesy Call|spd|1\n|\n|-heal|p1a: Courtesy Call|11\/100|[from] item: Leftovers\n|-end|p2a: Metagross|move: Yawn|[silent]\n|-status|p2a: Metagross|slp\n|upkeep\n|turn|27\n|\n|t:|1700975505\n|switch|p2a: Krookodile|Krookodile, M|100\/100\n|move|p1a: Courtesy Call|Draining Kiss|p2a: Krookodile\n|-supereffective|p2a: Krookodile\n|-crit|p2a: Krookodile\n|-damage|p2a: Krookodile|43\/100\n|-heal|p1a: Courtesy Call|46\/100|[from] drain|[of] p2a: Krookodile\n|\n|-heal|p1a: Courtesy Call|52\/100|[from] item: Leftovers\n|upkeep\n|turn|28\n|\n|t:|1700975519\n|-terastallize|p2a: Krookodile|Ground\n|move|p2a: Krookodile|Earthquake|p1a: Courtesy Call\n|-crit|p1a: Courtesy Call\n|-damage|p1a: Courtesy Call|0 fnt\n|faint|p1a: Courtesy Call\n|-ability|p2a: Krookodile|Moxie|boost\n|-boost|p2a: Krookodile|atk|1\n|-heal|p2a: Krookodile|50\/100|[from] item: Shell Bell|[of] p1: Courtesy Call\n|\n|upkeep\n|\n|t:|1700975529\n|switch|p1a: This u?|Ditto|6\/100\n|-transform|p1a: This u?|p2a: Krookodile|[from] ability: Imposter\n|-start|p1a: This u?|typechange|Ground\/Dark|[silent]\n|turn|29\n|\n|t:|1700975535\n|move|p1a: This u?|Earthquake|p2a: Krookodile\n|-damage|p2a: Krookodile|0 fnt\n|faint|p2a: Krookodile\n|-ability|p1a: This u?|Moxie|boost\n|-boost|p1a: This u?|atk|1\n|\n|upkeep\n|\n|t:|1700975542\n|switch|p2a: Milotic|Milotic, F|100\/100\n|turn|30\n|\n|t:|1700975560\n|move|p1a: This u?|Earthquake|p2a: Milotic\n|-damage|p2a: Milotic|0 fnt\n|faint|p2a: Milotic\n|-ability|p1a: This u?|Moxie|boost\n|-boost|p1a: This u?|atk|1\n|\n|upkeep\n|-message|Legends king147 forfeited.\n|\n|win|Glados501\n|raw|Glados501's rating: 1016 &rarr; <strong>1057<\/strong><br \/>(+41 for winning)\n|raw|Legends king147's rating: 1043 &rarr; <strong>1025<\/strong><br \/>(-18 for losing)\n|l|\u2606Legends king147\n","uploadtime":1700975577,"views":11,"p1id":"glados501","p2id":"legendsking147","formatid":"gen9nationaldex","rating":1025,"private":0,"password":""}