{"id":"gen9nationaldex-1990036124","p1":"marcolalenda","p2":"Skullmonkey","format":"[Gen 9] National Dex","log":"|j|\u2606marcolalenda\n|j|\u2606Skullmonkey\n|t:|1699917693\n|gametype|singles\n|player|p1|marcolalenda|kiawe|1498\n|player|p2|Skullmonkey|li|1498\n|teamsize|p1|6\n|teamsize|p2|6\n|gen|9\n|tier|[Gen 9] National Dex\n|rated|\n|rule|HP Percentage Mod: HP is shown in percentages\n|rule|Endless Battle Clause: Forcing endless battles is banned\n|rule|OHKO Clause: OHKO moves are banned\n|rule|Evasion Clause: Evasion abilities, items, and moves are banned\n|rule|Evasion Abilities Clause: Evasion abilities are banned\n|rule|Evasion Items Clause: Evasion items are banned\n|rule|Evasion Moves Clause: Evasion moves are banned\n|rule|Species Clause: Limit one of each Pok\u00e9mon\n|rule|Sleep Clause Mod: Limit one foe put to sleep\n|clearpoke\n|poke|p1|Garchomp, F|\n|poke|p1|Munkidori, M|\n|poke|p1|Hydreigon, M|\n|poke|p1|Ferrothorn, F|\n|poke|p1|Greninja-*, M|\n|poke|p1|Garganacl, F|\n|poke|p2|Crobat, M|\n|poke|p2|Corviknight, F|\n|poke|p2|Charizard, F|\n|poke|p2|Great Tusk|\n|poke|p2|Clodsire, M|\n|poke|p2|Heatran, M|\n|teampreview\n|inactive|Battle timer is ON: inactive players will automatically lose when time's up. (requested by Skullmonkey)\n|\n|t:|1699917719\n|start\n|switch|p1a: Garchomp|Garchomp, F|100\/100\n|switch|p2a: Great Tusk|Great Tusk|100\/100\n|turn|1\n|\n|t:|1699917724\n|move|p1a: Garchomp|Stealth Rock|p2a: Great Tusk\n|-sidestart|p2: Skullmonkey|move: Stealth Rock\n|move|p2a: Great Tusk|Ice Spinner|p1a: Garchomp\n|-supereffective|p1a: Garchomp\n|-damage|p1a: Garchomp|8\/100\n|-damage|p2a: Great Tusk|88\/100|[from] ability: Rough Skin|[of] p1a: Garchomp\n|-damage|p2a: Great Tusk|71\/100|[from] item: Rocky Helmet|[of] p1a: Garchomp\n|\n|upkeep\n|turn|2\n|\n|t:|1699917732\n|switch|p1a: Ferrothorn|Ferrothorn, F|100\/100\n|move|p2a: Great Tusk|Rapid Spin|p1a: Ferrothorn\n|-resisted|p1a: Ferrothorn\n|-damage|p1a: Ferrothorn|95\/100\n|-boost|p2a: Great Tusk|spe|1\n|-damage|p2a: Great Tusk|59\/100|[from] ability: Iron Barbs|[of] p1a: Ferrothorn\n|-sideend|p2: Skullmonkey|Stealth Rock|[from] move: Rapid Spin|[of] p2a: Great Tusk\n|\n|-heal|p1a: Ferrothorn|100\/100|[from] item: Leftovers\n|upkeep\n|turn|3\n|\n|t:|1699917742\n|-end|p2a: Great Tusk|Protosynthesis|[silent]\n|switch|p2a: Charizard|Charizard, F|100\/100\n|move|p1a: Ferrothorn|Leech Seed|p2a: Charizard\n|-start|p2a: Charizard|move: Leech Seed\n|\n|-damage|p2a: Charizard|88\/100|[from] Leech Seed|[of] p1a: Ferrothorn\n|upkeep\n|turn|4\n|\n|t:|1699917755\n|switch|p2a: Heatran|Heatran, M|100\/100\n|switch|p1a: Garchomp|Garchomp, F|8\/100\n|\n|upkeep\n|turn|5\n|\n|t:|1699917760\n|move|p2a: Heatran|Eruption|p1a: Garchomp\n|-resisted|p1a: Garchomp\n|-damage|p1a: Garchomp|0 fnt\n|faint|p1a: Garchomp\n|\n|upkeep\n|\n|t:|1699917767\n|switch|p1a: Greninja|Greninja, M|100\/100\n|turn|6\n|\n|t:|1699917775\n|switch|p2a: Clodsire|Clodsire, M|100\/100\n|move|p1a: Greninja|Surf|p2a: Clodsire\n|-immune|p2a: Clodsire|[from] ability: Water Absorb\n|\n|upkeep\n|turn|7\n|\n|t:|1699917783\n|switch|p1a: Munkidori|Munkidori, M|100\/100\n|move|p2a: Clodsire|Stealth Rock|p1a: Munkidori\n|-sidestart|p1: marcolalenda|move: Stealth Rock\n|\n|upkeep\n|turn|8\n|\n|t:|1699917788\n|switch|p2a: Corviknight|Corviknight, F|100\/100\n|move|p1a: Munkidori|Trick|p2a: Corviknight\n|-activate|p1a: Munkidori|move: Trick|[of] p2a: Corviknight\n|-item|p2a: Corviknight|Choice Scarf|[from] move: Trick\n|-item|p1a: Munkidori|Rocky Helmet|[from] move: Trick\n|\n|upkeep\n|turn|9\n|\n|t:|1699917798\n|move|p1a: Munkidori|Parting Shot|p2a: Corviknight\n|-ability|p2a: Corviknight|Mirror Armor\n|-unboost|p1a: Munkidori|atk|1\n|-ability|p2a: Corviknight|Mirror Armor\n|-unboost|p1a: Munkidori|spa|1\n|\n|t:|1699917807\n|switch|p1a: Ferrothorn|Ferrothorn, F|100\/100|[from] Parting Shot\n|-damage|p1a: Ferrothorn|94\/100|[from] Stealth Rock\n|move|p2a: Corviknight|Brave Bird|p1a: Ferrothorn\n|-damage|p1a: Ferrothorn|75\/100\n|-damage|p2a: Corviknight|88\/100|[from] ability: Iron Barbs|[of] p1a: Ferrothorn\n|-damage|p2a: Corviknight|82\/100|[from] Recoil\n|\n|-heal|p1a: Ferrothorn|81\/100|[from] item: Leftovers\n|upkeep\n|turn|10\n|\n|t:|1699917817\n|switch|p2a: Charizard|Charizard, F|88\/100\n|move|p1a: Ferrothorn|Leech Seed|p2a: Charizard|[miss]\n|-miss|p1a: Ferrothorn|p2a: Charizard\n|\n|-heal|p1a: Ferrothorn|88\/100|[from] item: Leftovers\n|upkeep\n|turn|11\n|\n|t:|1699917830\n|switch|p1a: Garganacl|Garganacl, F|100\/100\n|-damage|p1a: Garganacl|88\/100|[from] Stealth Rock\n|detailschange|p2a: Charizard|Charizard-Mega-Y, F\n|-mega|p2a: Charizard|Charizard|Charizardite Y\n|-weather|SunnyDay|[from] ability: Drought|[of] p2a: Charizard\n|move|p2a: Charizard|Weather Ball|p1a: Garganacl\n|-resisted|p1a: Garganacl\n|-damage|p1a: Garganacl|56\/100\n|\n|-weather|SunnyDay|[upkeep]\n|-heal|p1a: Garganacl|62\/100|[from] item: Leftovers\n|upkeep\n|turn|12\n|\n|t:|1699917841\n|move|p2a: Charizard|Solar Beam||[still]\n|-prepare|p2a: Charizard|Solar Beam\n|-anim|p2a: Charizard|Solar Beam|p1a: Garganacl\n|-supereffective|p1a: Garganacl\n|-damage|p1a: Garganacl|0 fnt\n|faint|p1a: Garganacl\n|\n|-weather|SunnyDay|[upkeep]\n|upkeep\n|\n|t:|1699917848\n|switch|p1a: creepin'|Hydreigon, M|100\/100\n|-damage|p1a: creepin'|88\/100|[from] Stealth Rock\n|turn|13\n|\n|t:|1699917853\n|move|p2a: Charizard|Toxic|p1a: creepin'\n|-status|p1a: creepin'|tox\n|move|p1a: creepin'|Dark Pulse|p2a: Charizard\n|-damage|p2a: Charizard|54\/100\n|\n|-weather|SunnyDay|[upkeep]\n|-heal|p1a: creepin'|94\/100 tox|[from] item: Leftovers\n|-damage|p1a: creepin'|88\/100 tox|[from] psn\n|upkeep\n|turn|14\n|\n|t:|1699917862\n|switch|p2a: Great Tusk|Great Tusk|59\/100\n|-activate|p2a: Great Tusk|ability: Protosynthesis\n|-start|p2a: Great Tusk|protosynthesisatk\n|move|p1a: creepin'|Dark Pulse|p2a: Great Tusk\n|-resisted|p2a: Great Tusk\n|-damage|p2a: Great Tusk|45\/100\n|\n|-weather|SunnyDay|[upkeep]\n|-heal|p1a: creepin'|94\/100 tox|[from] item: Leftovers\n|-damage|p1a: creepin'|82\/100 tox|[from] psn\n|upkeep\n|turn|15\n|\n|t:|1699917873\n|move|p1a: creepin'|Toxic|p2a: Great Tusk\n|-status|p2a: Great Tusk|tox\n|move|p2a: Great Tusk|Brick Break|p1a: creepin'\n|-supereffective|p1a: creepin'\n|-damage|p1a: creepin'|0 fnt\n|faint|p1a: creepin'\n|\n|-weather|none\n|-end|p2a: Great Tusk|Protosynthesis\n|-damage|p2a: Great Tusk|39\/100 tox|[from] psn\n|upkeep\n|\n|t:|1699917879\n|switch|p1a: Greninja|Greninja, M|100\/100\n|-damage|p1a: Greninja|88\/100|[from] Stealth Rock\n|turn|16\n|\n|t:|1699917896\n|-end|p2a: Great Tusk|Protosynthesis|[silent]\n|switch|p2a: Clodsire|Clodsire, M|100\/100\n|move|p1a: Greninja|Ice Beam|p2a: Clodsire\n|-supereffective|p2a: Clodsire\n|-damage|p2a: Clodsire|63\/100\n|-damage|p1a: Greninja|78\/100|[from] item: Life Orb\n|\n|-heal|p2a: Clodsire|69\/100|[from] item: Leftovers\n|upkeep\n|turn|17\n|\n|t:|1699917905\n|move|p1a: Greninja|Ice Beam|p2a: Clodsire\n|-supereffective|p2a: Clodsire\n|-damage|p2a: Clodsire|33\/100\n|-damage|p1a: Greninja|69\/100|[from] item: Life Orb\n|move|p2a: Clodsire|Recover|p2a: Clodsire\n|-heal|p2a: Clodsire|83\/100\n|\n|-heal|p2a: Clodsire|89\/100|[from] item: Leftovers\n|upkeep\n|turn|18\n|\n|t:|1699917913\n|move|p1a: Greninja|Ice Beam|p2a: Clodsire\n|-supereffective|p2a: Clodsire\n|-damage|p2a: Clodsire|52\/100\n|-damage|p1a: Greninja|59\/100|[from] item: Life Orb\n|move|p2a: Clodsire|Recover|p2a: Clodsire\n|-heal|p2a: Clodsire|100\/100\n|\n|upkeep\n|turn|19\n|\n|t:|1699917920\n|switch|p1a: Munkidori|Munkidori, M|100\/100\n|-damage|p1a: Munkidori|88\/100|[from] Stealth Rock\n|move|p2a: Clodsire|Recover||[still]\n|-fail|p2a: Clodsire|heal\n|\n|upkeep\n|turn|20\n|\n|t:|1699917928\n|switch|p2a: Corviknight|Corviknight, F|82\/100\n|move|p1a: Munkidori|Parting Shot|p2a: Corviknight\n|-ability|p2a: Corviknight|Mirror Armor\n|-unboost|p1a: Munkidori|atk|1\n|-ability|p2a: Corviknight|Mirror Armor\n|-unboost|p1a: Munkidori|spa|1\n|\n|t:|1699917932\n|switch|p1a: Ferrothorn|Ferrothorn, F|88\/100|[from] Parting Shot\n|-damage|p1a: Ferrothorn|81\/100|[from] Stealth Rock\n|\n|-heal|p1a: Ferrothorn|88\/100|[from] item: Leftovers\n|upkeep\n|turn|21\n|\n|t:|1699917942\n|switch|p2a: Charizard|Charizard-Mega-Y, F|54\/100\n|-weather|SunnyDay|[from] ability: Drought|[of] p2a: Charizard\n|move|p1a: Ferrothorn|Leech Seed|p2a: Charizard\n|-start|p2a: Charizard|move: Leech Seed\n|\n|-weather|SunnyDay|[upkeep]\n|-heal|p1a: Ferrothorn|94\/100|[from] item: Leftovers\n|-damage|p2a: Charizard|41\/100|[from] Leech Seed|[of] p1a: Ferrothorn\n|-heal|p1a: Ferrothorn|100\/100|[silent]\n|upkeep\n|turn|22\n|\n|t:|1699917951\n|switch|p2a: Great Tusk|Great Tusk|39\/100 tox\n|-activate|p2a: Great Tusk|ability: Protosynthesis\n|-start|p2a: Great Tusk|protosynthesisatk\n|move|p1a: Ferrothorn|Protect||[still]\n|-fail|p1a: Ferrothorn\n|\n|-weather|SunnyDay|[upkeep]\n|-damage|p2a: Great Tusk|33\/100 tox|[from] psn\n|upkeep\n|turn|23\n|\n|t:|1699917959\n|switch|p1a: Munkidori|Munkidori, M|88\/100\n|-damage|p1a: Munkidori|76\/100|[from] Stealth Rock\n|move|p2a: Great Tusk|Brick Break|p1a: Munkidori\n|-resisted|p1a: Munkidori\n|-damage|p1a: Munkidori|55\/100\n|-damage|p2a: Great Tusk|16\/100 tox|[from] item: Rocky Helmet|[of] p1a: Munkidori\n|\n|-weather|SunnyDay|[upkeep]\n|-damage|p2a: Great Tusk|4\/100 tox|[from] psn\n|upkeep\n|turn|24\n|\n|t:|1699917969\n|move|p1a: Munkidori|Parting Shot|p2a: Great Tusk\n|-unboost|p2a: Great Tusk|atk|1\n|-unboost|p2a: Great Tusk|spa|1\n|\n|t:|1699917976\n|switch|p1a: Ferrothorn|Ferrothorn, F|100\/100|[from] Parting Shot\n|-damage|p1a: Ferrothorn|94\/100|[from] Stealth Rock\n|move|p2a: Great Tusk|Earthquake|p1a: Ferrothorn\n|-damage|p1a: Ferrothorn|66\/100\n|\n|-weather|SunnyDay|[upkeep]\n|-heal|p1a: Ferrothorn|72\/100|[from] item: Leftovers\n|-damage|p2a: Great Tusk|0 fnt|[from] psn\n|faint|p2a: Great Tusk\n|-end|p2a: Great Tusk|Protosynthesis|[silent]\n|upkeep\n|\n|t:|1699917986\n|switch|p2a: Heatran|Heatran, M|100\/100\n|turn|25\n|\n|t:|1699917990\n|move|p1a: Ferrothorn|Protect|p1a: Ferrothorn\n|-singleturn|p1a: Ferrothorn|Protect\n|move|p2a: Heatran|Eruption|p1a: Ferrothorn\n|-activate|p1a: Ferrothorn|move: Protect\n|\n|-weather|none\n|-heal|p1a: Ferrothorn|78\/100|[from] item: Leftovers\n|upkeep\n|turn|26\n|\n|t:|1699918000\n|-terastallize|p1a: Ferrothorn|Water\n|move|p2a: Heatran|Eruption|p1a: Ferrothorn\n|-resisted|p1a: Ferrothorn\n|-damage|p1a: Ferrothorn|48\/100\n|move|p1a: Ferrothorn|Leech Seed|p2a: Heatran\n|-start|p2a: Heatran|move: Leech Seed\n|\n|-heal|p1a: Ferrothorn|54\/100|[from] item: Leftovers\n|-damage|p2a: Heatran|88\/100|[from] Leech Seed|[of] p1a: Ferrothorn\n|-heal|p1a: Ferrothorn|65\/100|[silent]\n|upkeep\n|turn|27\n|\n|t:|1699918018\n|switch|p2a: Charizard|Charizard-Mega-Y, F|41\/100\n|-weather|SunnyDay|[from] ability: Drought|[of] p2a: Charizard\n|move|p1a: Ferrothorn|Gyro Ball|p2a: Charizard\n|-resisted|p2a: Charizard\n|-damage|p2a: Charizard|4\/100\n|\n|-weather|SunnyDay|[upkeep]\n|-heal|p1a: Ferrothorn|72\/100|[from] item: Leftovers\n|upkeep\n|turn|28\n|\n|t:|1699918029\n|switch|p1a: Munkidori|Munkidori, M|55\/100\n|-damage|p1a: Munkidori|43\/100|[from] Stealth Rock\n|move|p2a: Charizard|Solar Beam||[still]\n|-prepare|p2a: Charizard|Solar Beam\n|-anim|p2a: Charizard|Solar Beam|p1a: Munkidori\n|-resisted|p1a: Munkidori\n|-damage|p1a: Munkidori|13\/100\n|\n|-weather|SunnyDay|[upkeep]\n|upkeep\n|turn|29\n|\n|t:|1699918048\n|switch|p2a: Heatran|Heatran, M|88\/100\n|move|p1a: Munkidori|Psychic|p2a: Heatran\n|-resisted|p2a: Heatran\n|-damage|p2a: Heatran|64\/100\n|\n|-weather|SunnyDay|[upkeep]\n|upkeep\n|turn|30\n|\n|t:|1699918056\n|move|p2a: Heatran|Fire Blast|p1a: Munkidori\n|-damage|p1a: Munkidori|0 fnt\n|faint|p1a: Munkidori\n|\n|-weather|SunnyDay|[upkeep]\n|upkeep\n|\n|t:|1699918060\n|switch|p1a: Ferrothorn|Ferrothorn, F, tera:Water|72\/100\n|-damage|p1a: Ferrothorn|59\/100|[from] Stealth Rock\n|turn|31\n|\n|t:|1699918064\n|move|p2a: Heatran|Fire Blast|p1a: Ferrothorn\n|-resisted|p1a: Ferrothorn\n|-damage|p1a: Ferrothorn|20\/100\n|-status|p1a: Ferrothorn|brn\n|move|p1a: Ferrothorn|Leech Seed|p2a: Heatran\n|-start|p2a: Heatran|move: Leech Seed\n|\n|-weather|none\n|-heal|p1a: Ferrothorn|26\/100 brn|[from] item: Leftovers\n|-damage|p2a: Heatran|52\/100|[from] Leech Seed|[of] p1a: Ferrothorn\n|-heal|p1a: Ferrothorn|38\/100 brn|[silent]\n|-damage|p1a: Ferrothorn|31\/100 brn|[from] brn\n|upkeep\n|turn|32\n|\n|t:|1699918077\n|switch|p2a: Crobat|Crobat, M|100\/100\n|move|p1a: Ferrothorn|Protect||[still]\n|-fail|p1a: Ferrothorn\n|\n|-heal|p1a: Ferrothorn|38\/100 brn|[from] item: Leftovers\n|-damage|p1a: Ferrothorn|31\/100 brn|[from] brn\n|upkeep\n|turn|33\n|\n|t:|1699918084\n|move|p2a: Crobat|Hurricane|p1a: Ferrothorn|[miss]\n|-miss|p2a: Crobat|p1a: Ferrothorn\n|move|p1a: Ferrothorn|Leech Seed|p2a: Crobat\n|-start|p2a: Crobat|move: Leech Seed\n|\n|-heal|p1a: Ferrothorn|38\/100 brn|[from] item: Leftovers\n|-damage|p2a: Crobat|88\/100|[from] Leech Seed|[of] p1a: Ferrothorn\n|-heal|p1a: Ferrothorn|49\/100 brn|[silent]\n|-damage|p1a: Ferrothorn|42\/100 brn|[from] brn\n|upkeep\n|turn|34\n|\n|t:|1699918093\n|switch|p2a: Charizard|Charizard-Mega-Y, F|4\/100\n|-weather|SunnyDay|[from] ability: Drought|[of] p2a: Charizard\n|move|p1a: Ferrothorn|Protect||[still]\n|-fail|p1a: Ferrothorn\n|\n|-weather|SunnyDay|[upkeep]\n|-heal|p1a: Ferrothorn|49\/100 brn|[from] item: Leftovers\n|-damage|p1a: Ferrothorn|42\/100 brn|[from] brn\n|upkeep\n|turn|35\n|\n|t:|1699918102\n|move|p2a: Charizard|Solar Beam||[still]\n|-prepare|p2a: Charizard|Solar Beam\n|-anim|p2a: Charizard|Solar Beam|p1a: Ferrothorn\n|-supereffective|p1a: Ferrothorn\n|-damage|p1a: Ferrothorn|0 fnt\n|faint|p1a: Ferrothorn\n|\n|-weather|SunnyDay|[upkeep]\n|upkeep\n|\n|t:|1699918106\n|switch|p1a: Greninja|Greninja, M|59\/100\n|-damage|p1a: Greninja|46\/100|[from] Stealth Rock\n|turn|36\n|\n|t:|1699918112\n|switch|p2a: Clodsire|Clodsire, M|100\/100\n|move|p1a: Greninja|Dark Pulse|p2a: Clodsire\n|-damage|p2a: Clodsire|77\/100\n|-damage|p1a: Greninja|37\/100|[from] item: Life Orb\n|\n|-weather|SunnyDay|[upkeep]\n|-heal|p2a: Clodsire|83\/100|[from] item: Leftovers\n|upkeep\n|turn|37\n|\n|t:|1699918120\n|move|p1a: Greninja|Ice Beam|p2a: Clodsire\n|-supereffective|p2a: Clodsire\n|-crit|p2a: Clodsire\n|-damage|p2a: Clodsire|26\/100\n|-damage|p1a: Greninja|27\/100|[from] item: Life Orb\n|move|p2a: Clodsire|Earthquake|p1a: Greninja\n|-damage|p1a: Greninja|0 fnt\n|faint|p1a: Greninja\n|\n|win|Skullmonkey\n|raw|marcolalenda's rating: 1498 &rarr; <strong>1478<\/strong><br \/>(-20 for losing)\n|raw|Skullmonkey's rating: 1498 &rarr; <strong>1518<\/strong><br \/>(+20 for winning)\n|c|\u2606Skullmonkey|GG\n|l|\u2606marcolalenda\n","uploadtime":1699918130,"views":12,"p1id":"marcolalenda","p2id":"skullmonkey","formatid":"gen9nationaldex","rating":1478,"private":0,"password":""}