{"id":"gen9nationaldex-1997023140","p1":"Johnnyjames","p2":"Zippybud5","format":"[Gen 9] National Dex","log":"|html|<div class=\"broadcast-blue\"><strong>[Gen 9] National Dex is currently suspecting Sneasler! For information on how to participate check out the <a href=\"https:\/\/www.smogon.com\/forums\/threads\/sv-national-dex-suspect-8-just-dance.3731534\/\">suspect thread<\/a>.<\/strong><\/div>\n|j|\u2606Johnnyjames\n|j|\u2606Zippybud5\n|t:|1700756713\n|gametype|singles\n|player|p1|Johnnyjames|lucas|1134\n|player|p2|Zippybud5|1|1059\n|teamsize|p1|6\n|teamsize|p2|6\n|gen|9\n|tier|[Gen 9] National Dex\n|rated|\n|rule|HP Percentage Mod: HP is shown in percentages\n|rule|Endless Battle Clause: Forcing endless battles is banned\n|rule|OHKO Clause: OHKO moves are banned\n|rule|Evasion Clause: Evasion abilities, items, and moves are banned\n|rule|Evasion Abilities Clause: Evasion abilities are banned\n|rule|Evasion Items Clause: Evasion items are banned\n|rule|Evasion Moves Clause: Evasion moves are banned\n|rule|Species Clause: Limit one of each Pok\u00e9mon\n|rule|Sleep Clause Mod: Limit one foe put to sleep\n|clearpoke\n|poke|p1|Dondozo, M|\n|poke|p1|Grimmsnarl, M|\n|poke|p1|Volcarona, F|\n|poke|p1|Ting-Lu|\n|poke|p1|Gliscor, F|\n|poke|p1|Heatran, M|\n|poke|p2|Dragonite, M|\n|poke|p2|Emboar, F|\n|poke|p2|Decidueye-Hisui, F|\n|poke|p2|Electivire, F|\n|poke|p2|Magmortar, M|\n|poke|p2|Servine, M|\n|teampreview\n|\n|t:|1700756726\n|start\n|switch|p1a: Grimmsnarl|Grimmsnarl, M|100\/100\n|switch|p2a: Decidueye|Decidueye-Hisui, F|100\/100\n|turn|1\n|inactive|Battle timer is ON: inactive players will automatically lose when time's up. (requested by Johnnyjames)\n|\n|t:|1700756737\n|move|p1a: Grimmsnarl|Reflect|p1a: Grimmsnarl\n|-sidestart|p1: Johnnyjames|Reflect\n|move|p2a: Decidueye|Knock Off|p1a: Grimmsnarl\n|-resisted|p1a: Grimmsnarl\n|-damage|p1a: Grimmsnarl|97\/100\n|-enditem|p1a: Grimmsnarl|Light Clay|[from] move: Knock Off|[of] p2a: Decidueye\n|\n|upkeep\n|turn|2\n|\n|t:|1700756745\n|move|p1a: Grimmsnarl|Light Screen|p1a: Grimmsnarl\n|-sidestart|p1: Johnnyjames|move: Light Screen\n|move|p2a: Decidueye|Brick Break|p1a: Grimmsnarl\n|-sideend|p1: Johnnyjames|Reflect\n|-sideend|p1: Johnnyjames|move: Light Screen\n|-damage|p1a: Grimmsnarl|64\/100\n|\n|upkeep\n|turn|3\n|\n|t:|1700756752\n|move|p1a: Grimmsnarl|Parting Shot|p2a: Decidueye\n|-unboost|p2a: Decidueye|atk|1\n|-unboost|p2a: Decidueye|spa|1\n|\n|t:|1700756758\n|switch|p1a: Heatran|Heatran, M|100\/100|[from] Parting Shot\n|-item|p1a: Heatran|Air Balloon\n|move|p2a: Decidueye|Brick Break|p1a: Heatran\n|-supereffective|p1a: Heatran\n|-damage|p1a: Heatran|66\/100\n|-enditem|p1a: Heatran|Air Balloon\n|\n|upkeep\n|turn|4\n|\n|t:|1700756771\n|switch|p2a: Dragonite|Dragonite, M|100\/100\n|move|p1a: Heatran|Will-O-Wisp|p2a: Dragonite\n|-status|p2a: Dragonite|brn\n|\n|-damage|p2a: Dragonite|94\/100 brn|[from] brn\n|upkeep\n|turn|5\n|\n|t:|1700756792\n|move|p2a: Dragonite|Air Slash|p1a: Heatran\n|-resisted|p1a: Heatran\n|-damage|p1a: Heatran|56\/100\n|move|p1a: Heatran|Magma Storm|p2a: Dragonite|[miss]\n|-miss|p1a: Heatran|p2a: Dragonite\n|\n|-damage|p2a: Dragonite|88\/100 brn|[from] brn\n|upkeep\n|turn|6\n|\n|t:|1700756809\n|move|p2a: Dragonite|Air Slash|p1a: Heatran\n|-resisted|p1a: Heatran\n|-crit|p1a: Heatran\n|-damage|p1a: Heatran|38\/100\n|move|p1a: Heatran|Magma Storm|p2a: Dragonite\n|-resisted|p2a: Dragonite\n|-damage|p2a: Dragonite|65\/100 brn\n|-activate|p2a: Dragonite|move: Magma Storm|[of] p1a: Heatran\n|\n|-damage|p2a: Dragonite|59\/100 brn|[from] brn\n|-damage|p2a: Dragonite|46\/100 brn|[from] move: Magma Storm|[partiallytrapped]\n|upkeep\n|turn|7\n|\n|t:|1700756824\n|switch|p1a: Dondozo|Dondozo, M|100\/100\n|move|p2a: Dragonite|Roost|p2a: Dragonite\n|-heal|p2a: Dragonite|96\/100 brn\n|-singleturn|p2a: Dragonite|move: Roost\n|\n|-damage|p2a: Dragonite|90\/100 brn|[from] brn\n|-end|p2a: Dragonite|Magma Storm|[partiallytrapped]|[silent]\n|upkeep\n|turn|8\n|\n|t:|1700756838\n|move|p2a: Dragonite|Air Slash|p1a: Dondozo\n|-damage|p1a: Dondozo|75\/100\n|move|p1a: Dondozo|Curse|p1a: Dondozo\n|-unboost|p1a: Dondozo|spe|1\n|-boost|p1a: Dondozo|atk|1\n|-boost|p1a: Dondozo|def|1\n|\n|-damage|p2a: Dragonite|84\/100 brn|[from] brn\n|upkeep\n|turn|9\n|\n|t:|1700756846\n|move|p2a: Dragonite|Haze|p2a: Dragonite\n|-clearallboost\n|move|p1a: Dondozo|Curse|p1a: Dondozo\n|-unboost|p1a: Dondozo|spe|1\n|-boost|p1a: Dondozo|atk|1\n|-boost|p1a: Dondozo|def|1\n|\n|-damage|p2a: Dragonite|78\/100 brn|[from] brn\n|upkeep\n|turn|10\n|\n|t:|1700756855\n|move|p2a: Dragonite|Haze|p2a: Dragonite\n|-clearallboost\n|move|p1a: Dondozo|Liquidation|p2a: Dragonite\n|-resisted|p2a: Dragonite\n|-damage|p2a: Dragonite|68\/100 brn\n|-unboost|p2a: Dragonite|def|1\n|\n|-damage|p2a: Dragonite|61\/100 brn|[from] brn\n|upkeep\n|turn|11\n|\n|t:|1700756868\n|switch|p2a: Decidueye|Decidueye-Hisui, F|100\/100\n|switch|p1a: Heatran|Heatran, M|38\/100\n|\n|upkeep\n|turn|12\n|\n|t:|1700756875\n|move|p1a: Heatran|Will-O-Wisp|p2a: Decidueye\n|-status|p2a: Decidueye|brn\n|move|p2a: Decidueye|Brick Break|p1a: Heatran\n|-supereffective|p1a: Heatran\n|-damage|p1a: Heatran|12\/100\n|\n|-damage|p2a: Decidueye|94\/100 brn|[from] brn\n|upkeep\n|turn|13\n|\n|t:|1700756886\n|move|p1a: Heatran|Magma Storm|p2a: Decidueye\n|-supereffective|p2a: Decidueye\n|-damage|p2a: Decidueye|3\/100 brn\n|-activate|p2a: Decidueye|move: Magma Storm|[of] p1a: Heatran\n|move|p2a: Decidueye|Brick Break|p1a: Heatran\n|-supereffective|p1a: Heatran\n|-damage|p1a: Heatran|0 fnt\n|faint|p1a: Heatran\n|\n|-damage|p2a: Decidueye|0 fnt|[from] brn\n|faint|p2a: Decidueye\n|upkeep\n|\n|t:|1700756905\n|switch|p1a: Grimmsnarl|Grimmsnarl, M|64\/100\n|switch|p2a: Emboar|Emboar, F|100\/100\n|turn|14\n|\n|t:|1700756911\n|-terastallize|p2a: Emboar|Fire\n|move|p1a: Grimmsnarl|Reflect|p1a: Grimmsnarl\n|-sidestart|p1: Johnnyjames|Reflect\n|move|p2a: Emboar|Fire Blast|p1a: Grimmsnarl\n|-damage|p1a: Grimmsnarl|17\/100\n|\n|upkeep\n|turn|15\n|\n|t:|1700756922\n|move|p1a: Grimmsnarl|Parting Shot|p2a: Emboar\n|-unboost|p2a: Emboar|atk|1\n|-unboost|p2a: Emboar|spa|1\n|\n|t:|1700756927\n|switch|p1a: Ting-Lu|Ting-Lu|100\/100|[from] Parting Shot\n|-ability|p1a: Ting-Lu|Vessel of Ruin\n|move|p2a: Emboar|Flame Charge|p1a: Ting-Lu\n|-damage|p1a: Ting-Lu|95\/100\n|-boost|p2a: Emboar|spe|1\n|\n|-heal|p1a: Ting-Lu|100\/100|[from] item: Leftovers\n|upkeep\n|turn|16\n|\n|t:|1700756940\n|switch|p2a: Dragonite|Dragonite, M|61\/100 brn\n|move|p1a: Ting-Lu|Spikes|p2a: Dragonite\n|-sidestart|p2: Zippybud5|Spikes\n|\n|-damage|p2a: Dragonite|55\/100 brn|[from] brn\n|upkeep\n|turn|17\n|\n|t:|1700756953\n|move|p2a: Dragonite|Air Slash|p1a: Ting-Lu\n|-damage|p1a: Ting-Lu|90\/100\n|cant|p1a: Ting-Lu|flinch\n|\n|-heal|p1a: Ting-Lu|96\/100|[from] item: Leftovers\n|-damage|p2a: Dragonite|49\/100 brn|[from] brn\n|upkeep\n|turn|18\n|\n|t:|1700756970\n|switch|p2a: Servine|Servine, M|100\/100\n|-damage|p2a: Servine|88\/100|[from] Spikes\n|move|p1a: Ting-Lu|Spikes|p2a: Servine\n|-sidestart|p2: Zippybud5|Spikes\n|\n|-heal|p1a: Ting-Lu|100\/100|[from] item: Leftovers\n|-sideend|p1: Johnnyjames|Reflect\n|upkeep\n|turn|19\n|\n|t:|1700756980\n|move|p2a: Servine|Leech Seed|p1a: Ting-Lu\n|-start|p1a: Ting-Lu|move: Leech Seed\n|move|p1a: Ting-Lu|Whirlwind|p2a: Servine\n|drag|p2a: Electivire|Electivire, F|100\/100\n|-damage|p2a: Electivire|84\/100|[from] Spikes\n|\n|-damage|p1a: Ting-Lu|88\/100|[from] Leech Seed|[of] p2a: Electivire\n|-heal|p2a: Electivire|100\/100|[silent]\n|upkeep\n|turn|20\n|\n|t:|1700756992\n|move|p2a: Electivire|Focus Blast|p1a: Ting-Lu\n|-supereffective|p1a: Ting-Lu\n|-damage|p1a: Ting-Lu|57\/100\n|-unboost|p1a: Ting-Lu|spd|1\n|move|p1a: Ting-Lu|Spikes|p2a: Electivire\n|-sidestart|p2: Zippybud5|Spikes\n|\n|-heal|p1a: Ting-Lu|64\/100|[from] item: Leftovers\n|-damage|p1a: Ting-Lu|51\/100|[from] Leech Seed|[of] p2a: Electivire\n|upkeep\n|turn|21\n|\n|t:|1700757004\n|switch|p1a: Grimmsnarl|Grimmsnarl, M|17\/100\n|move|p2a: Electivire|Focus Blast|p1a: Grimmsnarl\n|-damage|p1a: Grimmsnarl|0 fnt\n|faint|p1a: Grimmsnarl\n|\n|upkeep\n|\n|t:|1700757016\n|switch|p1a: Dondozo|Dondozo, M|75\/100\n|turn|22\n|\n|t:|1700757021\n|move|p2a: Electivire|Charge Beam|p1a: Dondozo\n|-supereffective|p1a: Dondozo\n|-damage|p1a: Dondozo|32\/100\n|move|p1a: Dondozo|Curse|p1a: Dondozo\n|-unboost|p1a: Dondozo|spe|1\n|-boost|p1a: Dondozo|atk|1\n|-boost|p1a: Dondozo|def|1\n|\n|upkeep\n|turn|23\n|\n|t:|1700757029\n|move|p2a: Electivire|Charge Beam|p1a: Dondozo\n|-supereffective|p1a: Dondozo\n|-damage|p1a: Dondozo|0 fnt\n|-boost|p2a: Electivire|spa|1\n|faint|p1a: Dondozo\n|\n|upkeep\n|\n|t:|1700757035\n|switch|p1a: Ting-Lu|Ting-Lu|51\/100\n|-ability|p1a: Ting-Lu|Vessel of Ruin\n|turn|24\n|\n|t:|1700757045\n|move|p2a: Electivire|Focus Blast|p1a: Ting-Lu|[miss]\n|-miss|p2a: Electivire|p1a: Ting-Lu\n|-enditem|p2a: Electivire|Blunder Policy\n|-boost|p2a: Electivire|spe|2\n|move|p1a: Ting-Lu|Whirlwind|p2a: Electivire\n|drag|p2a: Dragonite|Dragonite, M|49\/100 brn\n|\n|-heal|p1a: Ting-Lu|57\/100|[from] item: Leftovers\n|-damage|p2a: Dragonite|43\/100 brn|[from] brn\n|upkeep\n|turn|25\n|\n|t:|1700757059\n|move|p2a: Dragonite|Roost|p2a: Dragonite\n|-heal|p2a: Dragonite|93\/100 brn\n|-singleturn|p2a: Dragonite|move: Roost\n|move|p1a: Ting-Lu|Whirlwind|p2a: Dragonite\n|drag|p2a: Emboar|Emboar, F, tera:Fire|100\/100\n|-damage|p2a: Emboar|76\/100|[from] Spikes\n|\n|-heal|p2a: Emboar|82\/100|[from] item: Leftovers\n|-heal|p1a: Ting-Lu|64\/100|[from] item: Leftovers\n|upkeep\n|turn|26\n|\n|t:|1700757073\n|move|p2a: Emboar|Grass Knot|p1a: Ting-Lu\n|-supereffective|p1a: Ting-Lu\n|-damage|p1a: Ting-Lu|38\/100\n|move|p1a: Ting-Lu|Whirlwind|p2a: Emboar\n|drag|p2a: Dragonite|Dragonite, M|93\/100 brn\n|\n|-heal|p1a: Ting-Lu|44\/100|[from] item: Leftovers\n|-damage|p2a: Dragonite|87\/100 brn|[from] brn\n|upkeep\n|turn|27\n|\n|t:|1700757086\n|move|p2a: Dragonite|Air Slash|p1a: Ting-Lu\n|-damage|p1a: Ting-Lu|34\/100\n|cant|p1a: Ting-Lu|flinch\n|\n|-heal|p1a: Ting-Lu|40\/100|[from] item: Leftovers\n|-damage|p2a: Dragonite|81\/100 brn|[from] brn\n|upkeep\n|turn|28\n|\n|t:|1700757094\n|move|p2a: Dragonite|Air Slash|p1a: Ting-Lu\n|-damage|p1a: Ting-Lu|27\/100\n|move|p1a: Ting-Lu|Whirlwind|p2a: Dragonite\n|drag|p2a: Servine|Servine, M|88\/100\n|-damage|p2a: Servine|63\/100|[from] Spikes\n|\n|-heal|p1a: Ting-Lu|33\/100|[from] item: Leftovers\n|upkeep\n|turn|29\n|\n|t:|1700757108\n|move|p2a: Servine|Leech Seed|p1a: Ting-Lu\n|-start|p1a: Ting-Lu|move: Leech Seed\n|move|p1a: Ting-Lu|Whirlwind|p2a: Servine\n|drag|p2a: Emboar|Emboar, F, tera:Fire|82\/100\n|-damage|p2a: Emboar|57\/100|[from] Spikes\n|\n|-heal|p2a: Emboar|63\/100|[from] item: Leftovers\n|-heal|p1a: Ting-Lu|40\/100|[from] item: Leftovers\n|-damage|p1a: Ting-Lu|27\/100|[from] Leech Seed|[of] p2a: Emboar\n|-heal|p2a: Emboar|81\/100|[silent]\n|upkeep\n|turn|30\n|inactive|Zippybud5 has 120 seconds left.\n|\n|t:|1700757149\n|move|p2a: Emboar|Grass Knot|p1a: Ting-Lu\n|-supereffective|p1a: Ting-Lu\n|-damage|p1a: Ting-Lu|0 fnt\n|faint|p1a: Ting-Lu\n|\n|-heal|p2a: Emboar|87\/100|[from] item: Leftovers\n|upkeep\n|inactive|Johnnyjames has 120 seconds left.\n|\n|t:|1700757161\n|switch|p1a: Volcarona|Volcarona, F|100\/100\n|turn|31\n|inactive|Zippybud5 has 120 seconds left.\n|\n|t:|1700757168\n|move|p1a: Volcarona|Quiver Dance|p1a: Volcarona\n|-boost|p1a: Volcarona|spa|1\n|-boost|p1a: Volcarona|spd|1\n|-boost|p1a: Volcarona|spe|1\n|move|p2a: Emboar|Flame Charge|p1a: Volcarona\n|-damage|p1a: Volcarona|57\/100\n|-boost|p2a: Emboar|spe|1\n|\n|-heal|p2a: Emboar|93\/100|[from] item: Leftovers\n|upkeep\n|turn|32\n|inactive|Johnnyjames has 120 seconds left.\n|\n|t:|1700757200\n|move|p1a: Volcarona|Bug Buzz|p2a: Emboar\n|-resisted|p2a: Emboar\n|-damage|p2a: Emboar|49\/100\n|move|p2a: Emboar|Fire Blast|p1a: Volcarona\n|-damage|p1a: Volcarona|19\/100\n|\n|-heal|p2a: Emboar|55\/100|[from] item: Leftovers\n|upkeep\n|turn|33\n|\n|t:|1700757212\n|-terastallize|p1a: Volcarona|Grass\n|move|p1a: Volcarona|Giga Drain|p2a: Emboar\n|-resisted|p2a: Emboar\n|-damage|p2a: Emboar|20\/100\n|-heal|p1a: Volcarona|39\/100|[from] drain|[of] p2a: Emboar\n|move|p2a: Emboar|Flame Charge|p1a: Volcarona\n|-supereffective|p1a: Volcarona\n|-damage|p1a: Volcarona|0 fnt\n|-boost|p2a: Emboar|spe|1\n|faint|p1a: Volcarona\n|\n|-heal|p2a: Emboar|27\/100|[from] item: Leftovers\n|upkeep\n|\n|t:|1700757219\n|switch|p1a: Gliscor|Gliscor, F|100\/100\n|turn|34\n|\n|t:|1700757227\n|move|p2a: Emboar|Fire Blast|p1a: Gliscor\n|-damage|p1a: Gliscor|13\/100\n|move|p1a: Gliscor|Swords Dance|p1a: Gliscor\n|-boost|p1a: Gliscor|atk|2\n|\n|-heal|p2a: Emboar|33\/100|[from] item: Leftovers\n|-status|p1a: Gliscor|tox|[from] item: Toxic Orb\n|upkeep\n|turn|35\n|inactive|Johnnyjames has 120 seconds left.\n|\n|t:|1700757244\n|move|p2a: Emboar|Flame Charge|p1a: Gliscor\n|-damage|p1a: Gliscor|0 fnt\n|-boost|p2a: Emboar|spe|1\n|faint|p1a: Gliscor\n|\n|win|Zippybud5\n|raw|Johnnyjames's rating: 1134 &rarr; <strong>1104<\/strong><br \/>(-30 for losing)\n|raw|Zippybud5's rating: 1059 &rarr; <strong>1097<\/strong><br \/>(+38 for winning)\n|l|\u2606Johnnyjames\n|c|\u2606Zippybud5|Gg\n","uploadtime":1700757259,"views":0,"p1id":"johnnyjames","p2id":"zippybud5","formatid":"gen9nationaldex","rating":1097,"private":0,"password":""}