{"id":"gen9nationaldex-1998830035","p1":"mergency\u4e71\u821e","p2":"baigu3","format":"[Gen 9] National Dex","log":"|html|<div class=\"broadcast-blue\"><strong>[Gen 9] National Dex is currently suspecting Sneasler! For information on how to participate check out the <a href=\"https:\/\/www.smogon.com\/forums\/threads\/sv-national-dex-suspect-8-just-dance.3731534\/\">suspect thread<\/a>.<\/strong><\/div>\n|j|\u2606mergency\u4e71\u821e\n|j|\u2606baigu3\n|t:|1700999344\n|gametype|singles\n|player|p1|mergency\u4e71\u821e|policeman-gen4|1535\n|player|p2|baigu3|169|1657\n|teamsize|p1|6\n|teamsize|p2|6\n|gen|9\n|tier|[Gen 9] National Dex\n|rated|\n|rule|HP Percentage Mod: HP is shown in percentages\n|rule|Endless Battle Clause: Forcing endless battles is banned\n|rule|OHKO Clause: OHKO moves are banned\n|rule|Evasion Clause: Evasion abilities, items, and moves are banned\n|rule|Evasion Abilities Clause: Evasion abilities are banned\n|rule|Evasion Items Clause: Evasion items are banned\n|rule|Evasion Moves Clause: Evasion moves are banned\n|rule|Species Clause: Limit one of each Pok\u00e9mon\n|rule|Sleep Clause Mod: Limit one foe put to sleep\n|clearpoke\n|poke|p1|Ceruledge, F|\n|poke|p1|Dragonite, F|\n|poke|p1|Moltres|\n|poke|p1|Tapu Koko|\n|poke|p1|Ditto|\n|poke|p1|Sneasler, F|\n|poke|p2|Marowak-Alola, F|\n|poke|p2|Banette, M|\n|poke|p2|Hatterene, F|\n|poke|p2|Ursaluna, F|\n|poke|p2|Hoopa-Unbound|\n|poke|p2|Porygon2|\n|teampreview\n|\n|t:|1700999361\n|start\n|switch|p1a: Ceruledge|Ceruledge, F, shiny|100\/100\n|switch|p2a: Hatterene|Hatterene, F|100\/100\n|turn|1\n|inactive|Battle timer is ON: inactive players will automatically lose when time's up. (requested by mergency\u4e71\u821e)\n|\n|t:|1700999376\n|move|p1a: Ceruledge|Swords Dance|p1a: Ceruledge\n|-boost|p1a: Ceruledge|atk|2\n|move|p2a: Hatterene|Trick Room|p2a: Hatterene\n|-fieldstart|move: Trick Room|[of] p2a: Hatterene\n|\n|upkeep\n|turn|2\n|\n|t:|1700999382\n|move|p2a: Hatterene|Misty Explosion|p1a: Ceruledge\n|-resisted|p1a: Ceruledge\n|-damage|p1a: Ceruledge|67\/100\n|faint|p2a: Hatterene\n|move|p1a: Ceruledge|Poltergeist|p2: Hatterene|[notarget]\n|-fail|p1a: Ceruledge\n|\n|upkeep\n|\n|t:|1700999389\n|switch|p2a: Marowak|Marowak-Alola, F|100\/100\n|turn|3\n|\n|t:|1700999393\n|move|p1a: Ceruledge|Shadow Sneak|p2a: Marowak\n|-supereffective|p2a: Marowak\n|-damage|p2a: Marowak|19\/100\n|move|p2a: Marowak|Poltergeist|p1a: Ceruledge\n|-activate|p1a: Ceruledge|move: Poltergeist|Focus Sash\n|-supereffective|p1a: Ceruledge\n|-damage|p1a: Ceruledge|0 fnt\n|faint|p1a: Ceruledge\n|\n|upkeep\n|\n|t:|1700999413\n|switch|p1a: Tapu Koko|Tapu Koko|100\/100\n|-fieldstart|move: Electric Terrain|[from] ability: Electric Surge|[of] p1a: Tapu Koko\n|turn|4\n|\n|t:|1700999435\n|switch|p2a: Porygon2|Porygon2|100\/100\n|-ability|p2a: Porygon2|Electric Surge|[from] ability: Trace|[of] p1a: Tapu Koko\n|switch|p1a: Dragonite|Dragonite, F|100\/100\n|\n|upkeep\n|turn|5\n|\n|t:|1700999452\n|switch|p1a: Moltres|Moltres, shiny|100\/100\n|move|p2a: Porygon2|Ice Beam|p1a: Moltres\n|-damage|p1a: Moltres|83\/100\n|\n|-fieldend|move: Trick Room\n|upkeep\n|turn|6\n|\n|t:|1700999456\n|move|p1a: Moltres|Toxic|p2a: Porygon2\n|-status|p2a: Porygon2|tox\n|move|p2a: Porygon2|Trick Room|p2a: Porygon2\n|-fieldstart|move: Trick Room|[of] p2a: Porygon2\n|\n|-damage|p2a: Porygon2|94\/100 tox|[from] psn\n|upkeep\n|turn|7\n|\n|t:|1700999463\n|switch|p1a: Ditto|Ditto|100\/100\n|-transform|p1a: Ditto|p2a: Porygon2|[from] ability: Imposter\n|move|p2a: Porygon2|Teleport|p2a: Porygon2\n|\n|t:|1700999466\n|switch|p2a: \u718a\u5927|Ursaluna, F|100\/100|[from] Teleport\n|\n|-status|p2a: \u718a\u5927|brn|[from] item: Flame Orb\n|upkeep\n|turn|8\n|\n|t:|1700999471\n|-terastallize|p2a: \u718a\u5927|Normal\n|move|p2a: \u718a\u5927|Facade|p1a: Ditto\n|-damage|p1a: Ditto|0 fnt\n|faint|p1a: Ditto\n|\n|-damage|p2a: \u718a\u5927|94\/100 brn|[from] brn\n|-fieldend|move: Electric Terrain\n|upkeep\n|\n|t:|1700999477\n|switch|p1a: Dragonite|Dragonite, F|100\/100\n|turn|9\n|\n|t:|1700999480\n|move|p2a: \u718a\u5927|Facade|p1a: Dragonite\n|-damage|p1a: Dragonite|9\/100\n|-zpower|p1a: Dragonite\n|move|p1a: Dragonite|Devastating Drake|p2a: \u718a\u5927|[zeffect]\n|-damage|p2a: \u718a\u5927|17\/100 brn\n|\n|-damage|p2a: \u718a\u5927|11\/100 brn|[from] brn\n|upkeep\n|turn|10\n|\n|t:|1700999489\n|switch|p2a: Porygon2|Porygon2|94\/100 tox\n|-ability|p2a: Porygon2|Multiscale|[from] ability: Trace|[of] p1a: Dragonite\n|move|p1a: Dragonite|Extreme Speed|p2a: Porygon2\n|-damage|p2a: Porygon2|79\/100 tox\n|\n|-damage|p2a: Porygon2|73\/100 tox|[from] psn\n|-fieldend|move: Trick Room\n|upkeep\n|turn|11\n|\n|t:|1700999494\n|move|p1a: Dragonite|Outrage|p2a: Porygon2\n|-damage|p2a: Porygon2|42\/100 tox\n|move|p2a: Porygon2|Trick Room|p2a: Porygon2\n|-fieldstart|move: Trick Room|[of] p2a: Porygon2\n|\n|-damage|p2a: Porygon2|29\/100 tox|[from] psn\n|upkeep\n|turn|12\n|\n|t:|1700999502\n|move|p1a: Dragonite|Outrage|p2a: Porygon2|[from]lockedmove\n|-damage|p2a: Porygon2|0 fnt\n|faint|p2a: Porygon2\n|\n|upkeep\n|\n|t:|1700999507\n|switch|p2a: Marowak|Marowak-Alola, F|19\/100\n|turn|13\n|\n|t:|1700999509\n|move|p2a: Marowak|Flare Blitz|p1a: Dragonite\n|-resisted|p1a: Dragonite\n|-damage|p1a: Dragonite|0 fnt\n|faint|p1a: Dragonite\n|\n|upkeep\n|\n|t:|1700999521\n|switch|p1a: Tapu Koko|Tapu Koko|100\/100\n|-fieldstart|move: Electric Terrain|[from] ability: Electric Surge|[of] p1a: Tapu Koko\n|turn|14\n|\n|t:|1700999524\n|switch|p1a: Moltres|Moltres, shiny|83\/100\n|move|p2a: Marowak|Poltergeist|p1a: Moltres\n|-activate|p1a: Moltres|move: Poltergeist|Heavy-Duty Boots\n|-damage|p1a: Moltres|2\/100\n|\n|upkeep\n|turn|15\n|\n|t:|1700999531\n|move|p2a: Marowak|Flare Blitz|p1a: Moltres\n|-resisted|p1a: Moltres\n|-damage|p1a: Moltres|0 fnt\n|faint|p1a: Moltres\n|\n|-fieldend|move: Trick Room\n|upkeep\n|\n|t:|1700999534\n|switch|p1a: Sneasler|Sneasler, F|100\/100\n|-enditem|p1a: Sneasler|Electric Seed\n|-boost|p1a: Sneasler|def|1|[from] item: Electric Seed\n|turn|16\n|j| hainiumm\n|\n|t:|1700999548\n|switch|p2a: Banette|Banette, M|100\/100\n|move|p1a: Sneasler|Acrobatics|p2a: Banette\n|-damage|p2a: Banette|42\/100\n|\n|upkeep\n|turn|17\n|\n|t:|1700999552\n|detailschange|p2a: Banette|Banette-Mega, M\n|-mega|p2a: Banette|Banette|Banettite\n|move|p2a: Banette|Destiny Bond|p2a: Banette\n|-singlemove|p2a: Banette|Destiny Bond\n|move|p1a: Sneasler|Acrobatics|p2a: Banette\n|-damage|p2a: Banette|0 fnt\n|faint|p2a: Banette\n|-activate|p2a: Banette|move: Destiny Bond\n|faint|p1a: Sneasler\n|\n|upkeep\n|-message|mergency\u4e71\u821e forfeited.\n|\n|win|baigu3\n|raw|mergency\u4e71\u821e's rating: 1535 &rarr; <strong>1522<\/strong><br \/>(-13 for losing)\n|raw|baigu3's rating: 1657 &rarr; <strong>1670<\/strong><br \/>(+13 for winning)\n|l|\u2606mergency\u4e71\u821e\n","uploadtime":1700999562,"views":1,"p1id":"mergency","p2id":"baigu3","formatid":"gen9nationaldex","rating":1522,"private":0,"password":""}