{"id":"gen9nationaldex-1988276793","p1":"dumb penguin\u51b0\u780c\u9e45\u4fa0","p2":"Dajerkk","format":"[Gen 9] National Dex","log":"|j|\u2606dumb penguin\u51b0\u780c\u9e45\u4fa0\n|j|\u2606Dajerkk\n|t:|1699700011\n|gametype|singles\n|player|p1|dumb penguin\u51b0\u780c\u9e45\u4fa0|1|1472\n|player|p2|Dajerkk|1|1561\n|teamsize|p1|6\n|teamsize|p2|6\n|gen|9\n|tier|[Gen 9] National Dex\n|rated|\n|rule|HP Percentage Mod: HP is shown in percentages\n|rule|Endless Battle Clause: Forcing endless battles is banned\n|rule|OHKO Clause: OHKO moves are banned\n|rule|Evasion Clause: Evasion abilities, items, and moves are banned\n|rule|Evasion Abilities Clause: Evasion abilities are banned\n|rule|Evasion Items Clause: Evasion items are banned\n|rule|Evasion Moves Clause: Evasion moves are banned\n|rule|Species Clause: Limit one of each Pok\u00e9mon\n|rule|Sleep Clause Mod: Limit one foe put to sleep\n|clearpoke\n|poke|p1|Porygon2|\n|poke|p1|Hatterene, F|\n|poke|p1|Cresselia, F|\n|poke|p1|Marowak-Alola, F|\n|poke|p1|Aegislash, F|\n|poke|p1|Mawile, F|\n|poke|p2|Kyurem|\n|poke|p2|Togekiss, M|\n|poke|p2|Stakataka|\n|poke|p2|Great Tusk|\n|poke|p2|Latias, F|\n|poke|p2|Gardevoir, F|\n|teampreview\n|\n|t:|1699700020\n|start\n|switch|p1a: Hatterene|Hatterene, F|100\/100\n|switch|p2a: Kyurem|Kyurem|100\/100\n|-ability|p2a: Kyurem|Pressure\n|turn|1\n|\n|t:|1699700025\n|move|p2a: Kyurem|Substitute|p2a: Kyurem\n|-start|p2a: Kyurem|Substitute\n|-damage|p2a: Kyurem|76\/100\n|move|p1a: Hatterene|Trick Room|p1a: Hatterene\n|-fieldstart|move: Trick Room|[of] p1a: Hatterene\n|\n|-heal|p2a: Kyurem|82\/100|[from] item: Leftovers\n|upkeep\n|turn|2\n|\n|t:|1699700031\n|move|p1a: Hatterene|Psyshock|p2a: Kyurem\n|-end|p2a: Kyurem|Substitute\n|move|p2a: Kyurem|Substitute|p2a: Kyurem\n|-start|p2a: Kyurem|Substitute\n|-damage|p2a: Kyurem|57\/100\n|\n|-heal|p2a: Kyurem|63\/100|[from] item: Leftovers\n|upkeep\n|turn|3\n|\n|t:|1699700036\n|move|p1a: Hatterene|Misty Explosion|p2a: Kyurem\n|-supereffective|p2a: Kyurem\n|-end|p2a: Kyurem|Substitute\n|faint|p1a: Hatterene\n|move|p2a: Kyurem|Substitute|p2a: Kyurem\n|-start|p2a: Kyurem|Substitute\n|-damage|p2a: Kyurem|38\/100\n|\n|-heal|p2a: Kyurem|44\/100|[from] item: Leftovers\n|upkeep\n|\n|t:|1699700042\n|switch|p1a: Aegislash|Aegislash, F|100\/100\n|turn|4\n|\n|t:|1699700048\n|move|p1a: Aegislash|Swords Dance|p1a: Aegislash\n|-boost|p1a: Aegislash|atk|2\n|move|p2a: Kyurem|Freeze-Dry|p1a: Aegislash\n|-resisted|p1a: Aegislash\n|-damage|p1a: Aegislash|88\/100\n|\n|-heal|p1a: Aegislash|94\/100|[from] item: Leftovers\n|-heal|p2a: Kyurem|50\/100|[from] item: Leftovers\n|upkeep\n|turn|5\n|\n|t:|1699700056\n|move|p1a: Aegislash|Swords Dance|p1a: Aegislash\n|-boost|p1a: Aegislash|atk|2\n|move|p2a: Kyurem|Freeze-Dry|p1a: Aegislash\n|-resisted|p1a: Aegislash\n|-damage|p1a: Aegislash|83\/100\n|\n|-heal|p1a: Aegislash|89\/100|[from] item: Leftovers\n|-heal|p2a: Kyurem|57\/100|[from] item: Leftovers\n|-fieldend|move: Trick Room\n|upkeep\n|turn|6\n|\n|t:|1699700062\n|move|p2a: Kyurem|Freeze-Dry|p1a: Aegislash\n|-resisted|p1a: Aegislash\n|-damage|p1a: Aegislash|76\/100\n|move|p1a: Aegislash|Swords Dance|p1a: Aegislash\n|-boost|p1a: Aegislash|atk|2\n|\n|-heal|p2a: Kyurem|63\/100|[from] item: Leftovers\n|-heal|p1a: Aegislash|83\/100|[from] item: Leftovers\n|upkeep\n|turn|7\n|\n|t:|1699700067\n|-formechange|p1a: Aegislash|Aegislash-Blade||[from] ability: Stance Change\n|move|p1a: Aegislash|Shadow Sneak|p2a: Kyurem\n|-end|p2a: Kyurem|Substitute\n|move|p2a: Kyurem|Freeze-Dry|p1a: Aegislash\n|-resisted|p1a: Aegislash\n|-damage|p1a: Aegislash|53\/100\n|\n|-heal|p2a: Kyurem|69\/100|[from] item: Leftovers\n|-heal|p1a: Aegislash|59\/100|[from] item: Leftovers\n|upkeep\n|turn|8\n|\n|t:|1699700072\n|move|p1a: Aegislash|Shadow Sneak|p2a: Kyurem\n|-damage|p2a: Kyurem|0 fnt\n|faint|p2a: Kyurem\n|\n|-heal|p1a: Aegislash|65\/100|[from] item: Leftovers\n|upkeep\n|\n|t:|1699700075\n|switch|p2a: Great Tusk|Great Tusk|100\/100\n|turn|9\n|\n|t:|1699700080\n|-terastallize|p1a: Aegislash|Water\n|move|p1a: Aegislash|Shadow Sneak|p2a: Great Tusk\n|-damage|p2a: Great Tusk|58\/100\n|-damage|p1a: Aegislash|49\/100|[from] item: Rocky Helmet|[of] p2a: Great Tusk\n|move|p2a: Great Tusk|Earthquake|p1a: Aegislash\n|-damage|p1a: Aegislash|0 fnt\n|faint|p1a: Aegislash\n|\n|upkeep\n|\n|t:|1699700087\n|switch|p1a: Cresselia|Cresselia, F|100\/100\n|turn|10\n|\n|t:|1699700094\n|move|p2a: Great Tusk|Stealth Rock|p1a: Cresselia\n|-sidestart|p1: dumb penguin\u51b0\u780c\u9e45\u4fa0|move: Stealth Rock\n|move|p1a: Cresselia|Trick Room|p1a: Cresselia\n|-fieldstart|move: Trick Room|[of] p1a: Cresselia\n|\n|upkeep\n|turn|11\n|\n|t:|1699700098\n|-end|p2a: Great Tusk|Protosynthesis|[silent]\n|switch|p2a: Togekiss|Togekiss, M|100\/100\n|move|p1a: Cresselia|Moonblast|p2a: Togekiss\n|-damage|p2a: Togekiss|80\/100\n|\n|upkeep\n|turn|12\n|\n|t:|1699700102\n|switch|p1a: Mawile|Mawile, F|100\/100\n|-damage|p1a: Mawile|95\/100|[from] Stealth Rock\n|-ability|p1a: Mawile|Intimidate|boost\n|-unboost|p2a: Togekiss|atk|1\n|move|p2a: Togekiss|Roost|p2a: Togekiss\n|-heal|p2a: Togekiss|100\/100\n|-singleturn|p2a: Togekiss|move: Roost\n|\n|upkeep\n|turn|13\n|\n|t:|1699700106\n|detailschange|p1a: Mawile|Mawile-Mega, F\n|-mega|p1a: Mawile|Mawile|Mawilite\n|move|p1a: Mawile|Swords Dance|p1a: Mawile\n|-boost|p1a: Mawile|atk|2\n|move|p2a: Togekiss|Flamethrower|p1a: Mawile\n|-supereffective|p1a: Mawile\n|-damage|p1a: Mawile|42\/100\n|\n|upkeep\n|turn|14\n|\n|t:|1699700111\n|switch|p2a: Great Tusk|Great Tusk|58\/100\n|move|p1a: Mawile|Play Rough|p2a: Great Tusk\n|-supereffective|p2a: Great Tusk\n|-damage|p2a: Great Tusk|0 fnt\n|-damage|p1a: Mawile|25\/100|[from] item: Rocky Helmet|[of] p2a: Great Tusk\n|faint|p2a: Great Tusk\n|-end|p2a: Great Tusk|Protosynthesis|[silent]\n|\n|-fieldend|move: Trick Room\n|upkeep\n|\n|t:|1699700113\n|switch|p2a: Togekiss|Togekiss, M|100\/100\n|turn|15\n|\n|t:|1699700118\n|switch|p1a: Cresselia|Cresselia, F|100\/100\n|-damage|p1a: Cresselia|88\/100|[from] Stealth Rock\n|move|p2a: Togekiss|Flamethrower|p1a: Cresselia\n|-damage|p1a: Cresselia|73\/100\n|\n|upkeep\n|turn|16\n|\n|t:|1699700121\n|move|p2a: Togekiss|Air Slash|p1a: Cresselia\n|-damage|p1a: Cresselia|54\/100\n|cant|p1a: Cresselia|flinch\n|\n|upkeep\n|turn|17\n|\n|t:|1699700123\n|move|p2a: Togekiss|Air Slash|p1a: Cresselia\n|-damage|p1a: Cresselia|34\/100\n|move|p1a: Cresselia|Trick Room|p1a: Cresselia\n|-fieldstart|move: Trick Room|[of] p1a: Cresselia\n|\n|upkeep\n|turn|18\n|\n|t:|1699700129\n|switch|p2a: Stakataka|Stakataka|100\/100\n|-item|p2a: Stakataka|Air Balloon\n|move|p1a: Cresselia|Lunar Dance|p1a: Cresselia\n|faint|p1a: Cresselia\n|\n|upkeep\n|\n|t:|1699700142\n|switch|p1a: Marowak|Marowak-Alola, F|100\/100\n|-damage|p1a: Marowak|76\/100|[from] Stealth Rock\n|turn|19\n|\n|t:|1699700150\n|move|p2a: Stakataka|Stone Edge|p1a: Marowak\n|-supereffective|p1a: Marowak\n|-damage|p1a: Marowak|0 fnt\n|faint|p1a: Marowak\n|-ability|p2a: Stakataka|Beast Boost|boost\n|-boost|p2a: Stakataka|atk|1\n|\n|upkeep\n|-message|dumb penguin\u51b0\u780c\u9e45\u4fa0 forfeited.\n|\n|win|Dajerkk\n|raw|dumb penguin\u51b0\u780c\u9e45\u4fa0's rating: 1472 &rarr; <strong>1457<\/strong><br \/>(-15 for losing)\n|raw|Dajerkk's rating: 1561 &rarr; <strong>1576<\/strong><br \/>(+15 for winning)\n|l|\u2606dumb penguin\u51b0\u780c\u9e45\u4fa0\n","uploadtime":1699700184,"views":9,"p1id":"dumbpenguin","p2id":"dajerkk","formatid":"gen9nationaldex","rating":1457,"private":0,"password":""}