{"id":"gen9nationaldex-1994507244","p1":"IronShadow98","p2":"kilhousevanhouten","format":"[Gen 9] National Dex","log":"|j|\u2606IronShadow98\n|j|\u2606kilhousevanhouten\n|t:|1700452147\n|gametype|singles\n|player|p1|IronShadow98|ethan|1107\n|player|p2|kilhousevanhouten|cameraman|1171\n|teamsize|p1|6\n|teamsize|p2|6\n|gen|9\n|tier|[Gen 9] National Dex\n|rated|\n|rule|HP Percentage Mod: HP is shown in percentages\n|rule|Endless Battle Clause: Forcing endless battles is banned\n|rule|OHKO Clause: OHKO moves are banned\n|rule|Evasion Clause: Evasion abilities, items, and moves are banned\n|rule|Evasion Abilities Clause: Evasion abilities are banned\n|rule|Evasion Items Clause: Evasion items are banned\n|rule|Evasion Moves Clause: Evasion moves are banned\n|rule|Species Clause: Limit one of each Pok\u00e9mon\n|rule|Sleep Clause Mod: Limit one foe put to sleep\n|clearpoke\n|poke|p1|Feraligatr, M|\n|poke|p1|Swampert, M|\n|poke|p1|Gyarados, M|\n|poke|p1|Pelipper, M|\n|poke|p1|Samurott-Hisui, M|\n|poke|p1|Toxapex, F|\n|poke|p2|Garchomp, F|\n|poke|p2|Munkidori, M|\n|poke|p2|Hawlucha, F|\n|poke|p2|Ceruledge, F|\n|poke|p2|Tyranitar, F|\n|poke|p2|Volcarona, F|\n|teampreview\n|inactive|Battle timer is ON: inactive players will automatically lose when time's up. (requested by kilhousevanhouten)\n|\n|t:|1700452159\n|start\n|switch|p1a: Pelipper|Pelipper, M, shiny|100\/100\n|switch|p2a: trae|Munkidori, M|100\/100\n|-weather|RainDance|[from] ability: Drizzle|[of] p1a: Pelipper\n|turn|1\n|\n|t:|1700452179\n|switch|p1a: Gyarados|Gyarados, M, shiny|100\/100\n|move|p2a: trae|Sludge Bomb|p1a: Gyarados\n|-damage|p1a: Gyarados|47\/100\n|\n|-weather|RainDance|[upkeep]\n|-heal|p1a: Gyarados|53\/100|[from] item: Leftovers\n|upkeep\n|turn|2\n|\n|t:|1700452191\n|switch|p1a: Toxapex|Toxapex, F, shiny|100\/100\n|move|p2a: trae|Sludge Bomb|p1a: Toxapex\n|-resisted|p1a: Toxapex\n|-damage|p1a: Toxapex|80\/100\n|\n|-weather|RainDance|[upkeep]\n|upkeep\n|turn|3\n|\n|t:|1700452201\n|move|p2a: trae|Psychic|p1a: Toxapex\n|-supereffective|p1a: Toxapex\n|-damage|p1a: Toxapex|1\/100\n|move|p1a: Toxapex|Surf|p2a: trae\n|-crit|p2a: trae\n|-damage|p2a: trae|47\/100\n|\n|-weather|RainDance|[upkeep]\n|upkeep\n|turn|4\n|\n|t:|1700452219\n|switch|p1a: Swampert|Swampert, M|100\/100\n|move|p2a: trae|Psychic|p1a: Swampert\n|-damage|p1a: Swampert|53\/100\n|\n|-weather|RainDance|[upkeep]\n|upkeep\n|turn|5\n|\n|t:|1700452227\n|detailschange|p1a: Swampert|Swampert-Mega, M\n|-mega|p1a: Swampert|Swampert|Swampertite\n|move|p1a: Swampert|Waterfall|p2a: trae\n|-damage|p2a: trae|0 fnt\n|faint|p2a: trae\n|\n|-weather|RainDance|[upkeep]\n|upkeep\n|\n|t:|1700452233\n|switch|p2a: the element|Tyranitar, F|100\/100\n|-weather|Sandstorm|[from] ability: Sand Stream|[of] p2a: the element\n|turn|6\n|\n|t:|1700452242\n|detailschange|p2a: the element|Tyranitar-Mega, F\n|-mega|p2a: the element|Tyranitar|Tyranitarite\n|move|p2a: the element|Ice Fang|p1a: Swampert\n|-damage|p1a: Swampert|29\/100\n|move|p1a: Swampert|Waterfall|p2a: the element\n|-supereffective|p2a: the element\n|-damage|p2a: the element|44\/100\n|\n|-weather|Sandstorm|[upkeep]\n|upkeep\n|turn|7\n|\n|t:|1700452254\n|switch|p1a: Pelipper|Pelipper, M, shiny|100\/100\n|-weather|RainDance|[from] ability: Drizzle|[of] p1a: Pelipper\n|move|p2a: the element|Ice Fang|p1a: Pelipper\n|-damage|p1a: Pelipper|77\/100\n|\n|-weather|RainDance|[upkeep]\n|upkeep\n|turn|8\n|\n|t:|1700452263\n|switch|p2a: rick flaiur|Hawlucha, F|100\/100\n|move|p1a: Pelipper|Surf|p2a: rick flaiur\n|-damage|p2a: rick flaiur|20\/100\n|\n|-weather|RainDance|[upkeep]\n|upkeep\n|turn|9\n|\n|t:|1700452271\n|move|p2a: rick flaiur|Acrobatics|p1a: Pelipper\n|-damage|p1a: Pelipper|44\/100\n|move|p1a: Pelipper|U-turn|p2a: rick flaiur\n|-resisted|p2a: rick flaiur\n|-damage|p2a: rick flaiur|16\/100\n|\n|t:|1700452280\n|switch|p1a: Toxapex|Toxapex, F, shiny|34\/100|[from] U-turn\n|\n|-weather|RainDance|[upkeep]\n|upkeep\n|turn|10\n|\n|t:|1700452300\n|switch|p2a: the element|Tyranitar-Mega, F|44\/100\n|-weather|Sandstorm|[from] ability: Sand Stream|[of] p2a: the element\n|move|p1a: Toxapex|Recover|p1a: Toxapex\n|-heal|p1a: Toxapex|85\/100\n|\n|-weather|Sandstorm|[upkeep]\n|-damage|p1a: Toxapex|79\/100|[from] Sandstorm\n|upkeep\n|turn|11\n|\n|t:|1700452310\n|switch|p1a: Pelipper|Pelipper, M, shiny|44\/100\n|-weather|RainDance|[from] ability: Drizzle|[of] p1a: Pelipper\n|move|p2a: the element|Knock Off|p1a: Pelipper\n|-damage|p1a: Pelipper|0 fnt\n|-enditem|p1a: Pelipper|Damp Rock|[from] move: Knock Off|[of] p2a: the element\n|faint|p1a: Pelipper\n|\n|-weather|RainDance|[upkeep]\n|upkeep\n|\n|t:|1700452323\n|switch|p1a: Swampert|Swampert-Mega, M|29\/100\n|turn|12\n|\n|t:|1700452338\n|move|p1a: Swampert|Waterfall|p2a: the element\n|-supereffective|p2a: the element\n|-damage|p2a: the element|0 fnt\n|faint|p2a: the element\n|\n|-weather|RainDance|[upkeep]\n|upkeep\n|\n|t:|1700452348\n|switch|p2a: rick flaiur|Hawlucha, F|16\/100\n|turn|13\n|\n|t:|1700452352\n|move|p2a: rick flaiur|Acrobatics|p1a: Swampert\n|-damage|p1a: Swampert|0 fnt\n|faint|p1a: Swampert\n|\n|-weather|RainDance|[upkeep]\n|upkeep\n|\n|t:|1700452362\n|switch|p1a: Gyarados|Gyarados, M, shiny|53\/100\n|turn|14\n|\n|t:|1700452371\n|move|p2a: rick flaiur|Acrobatics|p1a: Gyarados\n|-damage|p1a: Gyarados|0 fnt\n|faint|p1a: Gyarados\n|\n|-weather|RainDance|[upkeep]\n|upkeep\n|\n|t:|1700452383\n|switch|p1a: Feraligatr|Feraligatr, M, shiny|100\/100\n|turn|15\n|\n|t:|1700452395\n|-terastallize|p1a: Feraligatr|Water\n|move|p2a: rick flaiur|Acrobatics|p1a: Feraligatr\n|-damage|p1a: Feraligatr|52\/100\n|move|p1a: Feraligatr|Waterfall|p2a: rick flaiur\n|-damage|p2a: rick flaiur|0 fnt\n|faint|p2a: rick flaiur\n|\n|-weather|RainDance|[upkeep]\n|upkeep\n|\n|t:|1700452406\n|switch|p2a: adrenae|Volcarona, F|100\/100\n|turn|16\n|\n|t:|1700452421\n|-terastallize|p2a: adrenae|Water\n|move|p2a: adrenae|Quiver Dance|p2a: adrenae\n|-boost|p2a: adrenae|spa|1\n|-boost|p2a: adrenae|spd|1\n|-boost|p2a: adrenae|spe|1\n|move|p1a: Feraligatr|Waterfall|p2a: adrenae\n|-resisted|p2a: adrenae\n|-damage|p2a: adrenae|1\/100\n|-status|p1a: Feraligatr|brn|[from] ability: Flame Body|[of] p2a: adrenae\n|\n|-weather|RainDance|[upkeep]\n|-damage|p1a: Feraligatr|46\/100 brn|[from] brn\n|upkeep\n|turn|17\n|\n|t:|1700452434\n|move|p2a: adrenae|Giga Drain|p1a: Feraligatr\n|-supereffective|p1a: Feraligatr\n|-damage|p1a: Feraligatr|0 fnt\n|-heal|p2a: adrenae|31\/100|[from] drain|[of] p1a: Feraligatr\n|faint|p1a: Feraligatr\n|\n|-weather|RainDance|[upkeep]\n|upkeep\n|\n|t:|1700452442\n|switch|p1a: Toxapex|Toxapex, F, shiny|100\/100\n|turn|18\n|\n|t:|1700452448\n|move|p2a: adrenae|Giga Drain|p1a: Toxapex\n|-damage|p1a: Toxapex|64\/100\n|-heal|p2a: adrenae|55\/100|[from] drain|[of] p1a: Toxapex\n|move|p1a: Toxapex|Haze|p1a: Toxapex\n|-clearallboost\n|\n|-weather|none\n|upkeep\n|turn|19\n|\n|t:|1700452458\n|move|p1a: Toxapex|Baneful Bunker|p1a: Toxapex\n|-singleturn|p1a: Toxapex|move: Protect\n|move|p2a: adrenae|Quiver Dance|p2a: adrenae\n|-boost|p2a: adrenae|spa|1\n|-boost|p2a: adrenae|spd|1\n|-boost|p2a: adrenae|spe|1\n|\n|upkeep\n|turn|20\n|\n|t:|1700452465\n|move|p2a: adrenae|Giga Drain|p1a: Toxapex\n|-damage|p1a: Toxapex|29\/100\n|-heal|p2a: adrenae|76\/100|[from] drain|[of] p1a: Toxapex\n|move|p1a: Toxapex|Haze|p1a: Toxapex\n|-clearallboost\n|\n|upkeep\n|turn|21\n|\n|t:|1700452472\n|move|p2a: adrenae|Giga Drain|p1a: Toxapex\n|-damage|p1a: Toxapex|5\/100\n|-heal|p2a: adrenae|92\/100|[from] drain|[of] p1a: Toxapex\n|move|p1a: Toxapex|Surf|p2a: adrenae\n|-resisted|p2a: adrenae\n|-damage|p2a: adrenae|81\/100\n|\n|upkeep\n|turn|22\n|l|\u2606IronShadow98\n|inactive|IronShadow98 disconnected and has a minute to reconnect!\n|player|p1|\n|inactive|IronShadow98 has 30 seconds to reconnect!\n|inactive|IronShadow98 has 20 seconds to reconnect!\n|inactive|IronShadow98 has 15 seconds to reconnect!\n|inactive|IronShadow98 has 10 seconds to reconnect!\n|inactive|IronShadow98 has 5 seconds to reconnect!\n|-message|IronShadow98 lost due to inactivity.\n|\n|win|kilhousevanhouten\n|raw|IronShadow98's rating: 1107 &rarr; <strong>1087<\/strong><br \/>(-20 for losing)\n|raw|kilhousevanhouten's rating: 1171 &rarr; <strong>1191<\/strong><br \/>(+20 for winning)\n","uploadtime":1700452574,"views":7,"p1id":"ironshadow98","p2id":"kilhousevanhouten","formatid":"gen9nationaldex","rating":1087,"private":0,"password":""}