{"id":"gen9nationaldex-1989328205","p1":"lefloseug","p2":"larsonshark","format":"[Gen 9] National Dex","log":"|j|\u2606lefloseug\n|j|\u2606larsonshark\n|t:|1699836896\n|gametype|singles\n|player|p1|lefloseug|grimsley|1474\n|player|p2|larsonshark|caitlin|1445\n|teamsize|p1|6\n|teamsize|p2|6\n|gen|9\n|tier|[Gen 9] National Dex\n|rated|\n|rule|HP Percentage Mod: HP is shown in percentages\n|rule|Endless Battle Clause: Forcing endless battles is banned\n|rule|OHKO Clause: OHKO moves are banned\n|rule|Evasion Clause: Evasion abilities, items, and moves are banned\n|rule|Evasion Abilities Clause: Evasion abilities are banned\n|rule|Evasion Items Clause: Evasion items are banned\n|rule|Evasion Moves Clause: Evasion moves are banned\n|rule|Species Clause: Limit one of each Pok\u00e9mon\n|rule|Sleep Clause Mod: Limit one foe put to sleep\n|clearpoke\n|poke|p1|Pelipper, M|\n|poke|p1|Swampert, M|\n|poke|p1|Tapu Koko|\n|poke|p1|Sneasler, M|\n|poke|p1|Kingdra, M|\n|poke|p1|Ferrothorn, M|\n|poke|p2|Smeargle, M|\n|poke|p2|Aggron, M|\n|poke|p2|Terrakion|\n|poke|p2|Scolipede, M|\n|poke|p2|Tapu Koko|\n|poke|p2|Iron Valiant|\n|teampreview\n|inactive|Battle timer is ON: inactive players will automatically lose when time's up. (requested by larsonshark)\n|\n|t:|1699836921\n|start\n|switch|p1a: Pelipper|Pelipper, M|100\/100\n|switch|p2a: chug jug|Smeargle, M|100\/100\n|-weather|RainDance|[from] ability: Drizzle|[of] p1a: Pelipper\n|turn|1\n|\n|t:|1699836924\n|move|p2a: chug jug|Spore|p1a: Pelipper\n|-status|p1a: Pelipper|slp|[from] move: Spore\n|cant|p1a: Pelipper|slp\n|\n|-weather|RainDance|[upkeep]\n|upkeep\n|turn|2\n|\n|t:|1699836937\n|switch|p2a: Aggron|Aggron, M|100\/100\n|switch|p1a: Tapu Koko|Tapu Koko, shiny|100\/100\n|-fieldstart|move: Electric Terrain|[from] ability: Electric Surge|[of] p1a: Tapu Koko\n|\n|-weather|RainDance|[upkeep]\n|upkeep\n|turn|3\n|\n|t:|1699836942\n|move|p1a: Tapu Koko|Volt Switch|p2a: Aggron\n|-damage|p2a: Aggron|31\/100\n|\n|t:|1699836959\n|switch|p1a: Kingdra|Kingdra, M|100\/100|[from] Volt Switch\n|move|p2a: Aggron|Stealth Rock|p1a: Kingdra\n|-sidestart|p1: lefloseug|move: Stealth Rock\n|\n|-weather|RainDance|[upkeep]\n|upkeep\n|turn|4\n|\n|t:|1699836966\n|move|p1a: Kingdra|Surf|p2a: Aggron\n|-supereffective|p2a: Aggron\n|-damage|p2a: Aggron|0 fnt\n|faint|p2a: Aggron\n|\n|-weather|RainDance|[upkeep]\n|upkeep\n|\n|t:|1699836977\n|switch|p2a: Scolipede|Scolipede, M|100\/100\n|turn|5\n|\n|t:|1699836985\n|switch|p2a: Tapu Koko|Tapu Koko, shiny|100\/100\n|-zpower|p1a: Kingdra\n|move|p1a: Kingdra|Hydro Vortex|p2a: Tapu Koko|[zeffect]\n|-damage|p2a: Tapu Koko|0 fnt\n|faint|p2a: Tapu Koko\n|\n|-weather|RainDance|[upkeep]\n|upkeep\n|\n|t:|1699836994\n|switch|p2a: chug jug|Smeargle, M|100\/100\n|turn|6\n|\n|t:|1699836997\n|move|p1a: Kingdra|Surf|p2a: chug jug\n|-enditem|p2a: chug jug|Focus Sash\n|-damage|p2a: chug jug|1\/100\n|move|p2a: chug jug|Revival Blessing|p2a: chug jug\n|\n|t:|1699837000\n|-heal|p2: Aggron|50\/100|[from] move: Revival Blessing\n|\n|-weather|RainDance|[upkeep]\n|-fieldend|move: Electric Terrain\n|upkeep\n|turn|7\n|\n|t:|1699837005\n|move|p1a: Kingdra|Flip Turn|p2a: chug jug\n|-damage|p2a: chug jug|0 fnt\n|faint|p2a: chug jug\n|\n|t:|1699837008\n|switch|p1a: Swampert|Swampert, M|100\/100|[from] Flip Turn\n|-damage|p1a: Swampert|94\/100|[from] Stealth Rock\n|\n|-weather|RainDance|[upkeep]\n|upkeep\n|\n|t:|1699837013\n|switch|p2a: Scolipede|Scolipede, M|100\/100\n|turn|8\n|\n|t:|1699837016\n|detailschange|p1a: Swampert|Swampert-Mega, M\n|-mega|p1a: Swampert|Swampert|Swampertite\n|move|p1a: Swampert|Flip Turn|p2a: Scolipede\n|-damage|p2a: Scolipede|16\/100\n|\n|t:|1699837020\n|switch|p1a: Pelipper|Pelipper, M|100\/100 slp|[from] Flip Turn\n|-damage|p1a: Pelipper|76\/100 slp|[from] Stealth Rock\n|move|p2a: Scolipede|Swords Dance|p2a: Scolipede\n|-boost|p2a: Scolipede|atk|2\n|\n|-weather|none\n|-ability|p2a: Scolipede|Speed Boost|boost\n|-boost|p2a: Scolipede|spe|1\n|upkeep\n|turn|9\n|\n|t:|1699837030\n|move|p2a: Scolipede|Swords Dance|p2a: Scolipede\n|-boost|p2a: Scolipede|atk|2\n|cant|p1a: Pelipper|slp\n|\n|-ability|p2a: Scolipede|Speed Boost|boost\n|-boost|p2a: Scolipede|spe|1\n|upkeep\n|turn|10\n|\n|t:|1699837035\n|move|p2a: Scolipede|Rock Slide|p1a: Pelipper\n|-supereffective|p1a: Pelipper\n|-damage|p1a: Pelipper|0 fnt\n|faint|p1a: Pelipper\n|\n|-ability|p2a: Scolipede|Speed Boost|boost\n|-boost|p2a: Scolipede|spe|1\n|upkeep\n|\n|t:|1699837038\n|switch|p1a: Ferrothorn|Ferrothorn, M|100\/100\n|-damage|p1a: Ferrothorn|94\/100|[from] Stealth Rock\n|turn|11\n|\n|t:|1699837046\n|move|p2a: Scolipede|Earthquake|p1a: Ferrothorn\n|-damage|p1a: Ferrothorn|29\/100\n|move|p1a: Ferrothorn|Stealth Rock|p2a: Scolipede\n|-sidestart|p2: larsonshark|move: Stealth Rock\n|\n|-heal|p1a: Ferrothorn|35\/100|[from] item: Leftovers\n|-ability|p2a: Scolipede|Speed Boost|boost\n|-boost|p2a: Scolipede|spe|1\n|upkeep\n|turn|12\n|\n|t:|1699837051\n|move|p2a: Scolipede|Earthquake|p1a: Ferrothorn\n|-damage|p1a: Ferrothorn|0 fnt\n|faint|p1a: Ferrothorn\n|\n|-ability|p2a: Scolipede|Speed Boost|boost\n|-boost|p2a: Scolipede|spe|1\n|upkeep\n|\n|t:|1699837053\n|switch|p1a: Swampert|Swampert-Mega, M|94\/100\n|-damage|p1a: Swampert|88\/100|[from] Stealth Rock\n|turn|13\n|\n|t:|1699837057\n|move|p2a: Scolipede|X-Scissor|p1a: Swampert\n|-damage|p1a: Swampert|0 fnt\n|faint|p1a: Swampert\n|\n|-ability|p2a: Scolipede|Speed Boost|boost\n|-boost|p2a: Scolipede|spe|1\n|upkeep\n|-message|lefloseug forfeited.\n|\n|win|larsonshark\n|raw|lefloseug's rating: 1474 &rarr; <strong>1452<\/strong><br \/>(-22 for losing)\n|raw|larsonshark's rating: 1445 &rarr; <strong>1467<\/strong><br \/>(+22 for winning)\n|l|\u2606lefloseug\n|c|\u2606larsonshark|never punush\n|c|\u2606larsonshark|always greed\n|c|\u2606larsonshark|punish\n","uploadtime":1699837212,"views":14,"p1id":"lefloseug","p2id":"larsonshark","formatid":"gen9nationaldex","rating":1452,"private":0,"password":""}