{"id":"gen9nationaldex-1989856599","p1":"SpecsGastr0","p2":"Marty1010","format":"[Gen 9] National Dex","log":"|j|\u2606SpecsGastr0\n|j|\u2606Marty1010\n|t:|1699901466\n|gametype|singles\n|player|p1|SpecsGastr0|colress|1105\n|player|p2|Marty1010|crasherwake|1208\n|teamsize|p1|6\n|teamsize|p2|6\n|gen|9\n|tier|[Gen 9] National Dex\n|rated|\n|rule|HP Percentage Mod: HP is shown in percentages\n|rule|Endless Battle Clause: Forcing endless battles is banned\n|rule|OHKO Clause: OHKO moves are banned\n|rule|Evasion Clause: Evasion abilities, items, and moves are banned\n|rule|Evasion Abilities Clause: Evasion abilities are banned\n|rule|Evasion Items Clause: Evasion items are banned\n|rule|Evasion Moves Clause: Evasion moves are banned\n|rule|Species Clause: Limit one of each Pok\u00e9mon\n|rule|Sleep Clause Mod: Limit one foe put to sleep\n|clearpoke\n|poke|p1|Golisopod, M|\n|poke|p1|Conkeldurr, M|\n|poke|p1|Lucario, M|\n|poke|p1|Hitmontop, M|\n|poke|p1|Obstagoon, M|\n|poke|p1|Torterra, M|\n|poke|p2|Chansey, F|\n|poke|p2|Lucario, M|\n|poke|p2|Glimmora, F|\n|poke|p2|Gliscor, F|\n|poke|p2|Milotic, F|\n|poke|p2|Umbreon, M|\n|teampreview\n|\n|t:|1699901482\n|start\n|switch|p1a: Sensei's Divining|Hitmontop, M|100\/100\n|switch|p2a: Max|Umbreon, M|100\/100\n|-ability|p1a: Sensei's Divining|Intimidate|boost\n|-unboost|p2a: Max|atk|1\n|turn|1\n|\n|t:|1699901488\n|-terastallize|p2a: Max|Poison\n|move|p1a: Sensei's Divining|Fake Out|p2a: Max\n|-damage|p2a: Max|90\/100\n|cant|p2a: Max|flinch\n|\n|-heal|p2a: Max|96\/100|[from] item: Leftovers\n|upkeep\n|turn|2\n|\n|t:|1699901509\n|move|p1a: Sensei's Divining|Bullet Punch|p2a: Max\n|-damage|p2a: Max|87\/100\n|move|p2a: Max|Toxic|p1a: Sensei's Divining\n|-status|p1a: Sensei's Divining|tox\n|\n|-heal|p2a: Max|93\/100|[from] item: Leftovers\n|-damage|p1a: Sensei's Divining|95\/100 tox|[from] psn\n|upkeep\n|turn|3\n|\n|t:|1699901522\n|switch|p1a: Allegations|Lucario, M|100\/100\n|move|p2a: Max|Wish|p2a: Max\n|\n|-heal|p2a: Max|99\/100|[from] item: Leftovers\n|upkeep\n|turn|4\n|\n|t:|1699901529\n|switch|p2a: Marceline|Gliscor, F|100\/100\n|move|p1a: Allegations|Nasty Plot|p1a: Allegations\n|-boost|p1a: Allegations|spa|2\n|\n|-status|p2a: Marceline|tox|[from] item: Toxic Orb\n|upkeep\n|turn|5\n|\n|t:|1699901544\n|move|p1a: Allegations|Flash Cannon|p2a: Marceline\n|-damage|p2a: Marceline|25\/100 tox\n|move|p2a: Marceline|Earthquake|p1a: Allegations\n|-supereffective|p1a: Allegations\n|-damage|p1a: Allegations|0 fnt\n|faint|p1a: Allegations\n|\n|-heal|p2a: Marceline|38\/100 tox|[from] ability: Poison Heal\n|upkeep\n|\n|t:|1699901566\n|switch|p1a: Sensei's Divining|Hitmontop, M|95\/100 tox\n|-ability|p1a: Sensei's Divining|Intimidate|boost\n|-unboost|p2a: Marceline|atk|1\n|turn|6\n|\n|t:|1699901573\n|move|p2a: Marceline|Protect|p2a: Marceline\n|-singleturn|p2a: Marceline|Protect\n|move|p1a: Sensei's Divining|Fake Out|p2a: Marceline\n|-activate|p2a: Marceline|move: Protect\n|\n|-heal|p2a: Marceline|50\/100 tox|[from] ability: Poison Heal\n|-damage|p1a: Sensei's Divining|89\/100 tox|[from] psn\n|upkeep\n|turn|7\n|\n|t:|1699901584\n|switch|p2a: Max|Umbreon, M, tera:Poison|99\/100\n|move|p1a: Sensei's Divining|Triple Axel|p2a: Max\n|-damage|p2a: Max|94\/100\n|-damage|p2a: Max|84\/100\n|-damage|p2a: Max|69\/100\n|-hitcount|p2a: Max|3\n|\n|-heal|p2a: Max|75\/100|[from] item: Leftovers\n|-damage|p1a: Sensei's Divining|77\/100 tox|[from] psn\n|upkeep\n|turn|8\n|\n|t:|1699901609\n|move|p1a: Sensei's Divining|Bullet Punch|p2a: Max\n|-crit|p2a: Max\n|-damage|p2a: Max|61\/100\n|move|p2a: Max|Wish|p2a: Max\n|\n|-heal|p2a: Max|67\/100|[from] item: Leftovers\n|-damage|p1a: Sensei's Divining|59\/100 tox|[from] psn\n|upkeep\n|turn|9\n|\n|t:|1699901620\n|switch|p1a: Wild Cherry|Obstagoon, M, shiny|100\/100\n|move|p2a: Max|Protect||[still]\n|-fail|p2a: Max\n|\n|-heal|p2a: Max|100\/100|[from] move: Wish|[wisher] Max\n|-status|p1a: Wild Cherry|brn|[from] item: Flame Orb\n|upkeep\n|turn|10\n|\n|t:|1699901629\n|move|p2a: Max|Protect|p2a: Max\n|-singleturn|p2a: Max|Protect\n|move|p1a: Wild Cherry|Knock Off|p2a: Max\n|-activate|p2a: Max|move: Protect\n|\n|-damage|p1a: Wild Cherry|94\/100 brn|[from] brn\n|upkeep\n|turn|11\n|\n|t:|1699901645\n|move|p1a: Wild Cherry|Knock Off|p2a: Max\n|-damage|p2a: Max|51\/100\n|-enditem|p2a: Max|Leftovers|[from] move: Knock Off|[of] p1a: Wild Cherry\n|move|p2a: Max|Wish|p2a: Max\n|\n|-damage|p1a: Wild Cherry|88\/100 brn|[from] brn\n|upkeep\n|turn|12\n|\n|t:|1699901654\n|switch|p2a: Marceline|Gliscor, F|50\/100 tox\n|move|p1a: Wild Cherry|Parting Shot|p2a: Marceline\n|-unboost|p2a: Marceline|atk|1\n|-unboost|p2a: Marceline|spa|1\n|\n|t:|1699901665\n|switch|p1a: Turbo|Torterra, M|100\/100|[from] Parting Shot\n|\n|-heal|p2a: Marceline|100\/100 tox|[from] move: Wish|[wisher] Max\n|upkeep\n|turn|13\n|\n|t:|1699901672\n|move|p2a: Marceline|Swords Dance|p2a: Marceline\n|-boost|p2a: Marceline|atk|2\n|move|p1a: Turbo|Shell Smash|p1a: Turbo\n|-unboost|p1a: Turbo|def|1\n|-unboost|p1a: Turbo|spd|1\n|-boost|p1a: Turbo|atk|2\n|-boost|p1a: Turbo|spa|2\n|-boost|p1a: Turbo|spe|2\n|-enditem|p1a: Turbo|White Herb\n|-clearnegativeboost|p1a: Turbo|[silent]\n|\n|upkeep\n|turn|14\n|\n|t:|1699901684\n|move|p1a: Turbo|Wood Hammer|p2a: Marceline\n|-damage|p2a: Marceline|7\/100 tox\n|-damage|p1a: Turbo|73\/100|[from] Recoil\n|move|p2a: Marceline|Swords Dance|p2a: Marceline\n|-boost|p2a: Marceline|atk|2\n|\n|-heal|p2a: Marceline|19\/100 tox|[from] ability: Poison Heal\n|upkeep\n|turn|15\n|\n|t:|1699901699\n|move|p2a: Marceline|Protect|p2a: Marceline\n|-singleturn|p2a: Marceline|Protect\n|move|p1a: Turbo|Wood Hammer|p2a: Marceline\n|-activate|p2a: Marceline|move: Protect\n|\n|-heal|p2a: Marceline|32\/100 tox|[from] ability: Poison Heal\n|upkeep\n|turn|16\n|\n|t:|1699901706\n|move|p2a: Marceline|Protect|p2a: Marceline\n|-singleturn|p2a: Marceline|Protect\n|move|p1a: Turbo|Wood Hammer|p2a: Marceline\n|-activate|p2a: Marceline|move: Protect\n|\n|-heal|p2a: Marceline|44\/100 tox|[from] ability: Poison Heal\n|upkeep\n|turn|17\n|\n|t:|1699901713\n|move|p1a: Turbo|Wood Hammer|p2a: Marceline\n|-damage|p2a: Marceline|0 fnt\n|faint|p2a: Marceline\n|-damage|p1a: Turbo|61\/100|[from] Recoil\n|\n|upkeep\n|\n|t:|1699901719\n|switch|p2a: Rio|Lucario, M|100\/100\n|turn|18\n|\n|t:|1699901722\n|move|p1a: Turbo|Earthquake|p2a: Rio\n|-supereffective|p2a: Rio\n|-enditem|p2a: Rio|Focus Sash\n|-damage|p2a: Rio|1\/100\n|move|p2a: Rio|Aura Sphere|p1a: Turbo\n|-damage|p1a: Turbo|13\/100\n|\n|upkeep\n|turn|19\n|\n|t:|1699901730\n|move|p1a: Turbo|Earthquake|p2a: Rio\n|-supereffective|p2a: Rio\n|-damage|p2a: Rio|0 fnt\n|faint|p2a: Rio\n|\n|upkeep\n|\n|t:|1699901735\n|switch|p2a: Allura|Milotic, F|100\/100\n|turn|20\n|\n|t:|1699901741\n|move|p1a: Turbo|Wood Hammer|p2a: Allura\n|-supereffective|p2a: Allura\n|-damage|p2a: Allura|0 fnt\n|faint|p2a: Allura\n|-damage|p1a: Turbo|0 fnt|[from] Recoil\n|faint|p1a: Turbo\n|\n|upkeep\n|\n|t:|1699901754\n|switch|p2a: Mari|Glimmora, F|100\/100\n|switch|p1a: Wild Cherry|Obstagoon, M, shiny|88\/100 brn\n|turn|21\n|\n|t:|1699901766\n|switch|p2a: Fionna|Chansey, F|100\/100\n|move|p1a: Wild Cherry|Facade|p2a: Fionna\n|-damage|p2a: Fionna|44\/100\n|\n|-damage|p1a: Wild Cherry|82\/100 brn|[from] brn\n|upkeep\n|turn|22\n|-message|Marty1010 forfeited.\n|\n|win|SpecsGastr0\n|raw|SpecsGastr0's rating: 1105 &rarr; <strong>1137<\/strong><br \/>(+32 for winning)\n|raw|Marty1010's rating: 1208 &rarr; <strong>1176<\/strong><br \/>(-32 for losing)\n|l|\u2606Marty1010\n","uploadtime":1699901782,"views":7,"p1id":"specsgastr0","p2id":"marty1010","formatid":"gen9nationaldex","rating":1137,"private":0,"password":""}