{"id":"gen9nationaldex-1993911390","p1":"Affection7114","p2":"rff123","format":"[Gen 9] National Dex","log":"|j|\u2606Affection7114\n|j|\u2606rff123\n|t:|1700374097\n|gametype|singles\n|player|p1|Affection7114|steven|1302\n|player|p2|rff123|nate|1366\n|teamsize|p1|6\n|teamsize|p2|6\n|gen|9\n|tier|[Gen 9] National Dex\n|rated|\n|rule|HP Percentage Mod: HP is shown in percentages\n|rule|Endless Battle Clause: Forcing endless battles is banned\n|rule|OHKO Clause: OHKO moves are banned\n|rule|Evasion Clause: Evasion abilities, items, and moves are banned\n|rule|Evasion Abilities Clause: Evasion abilities are banned\n|rule|Evasion Items Clause: Evasion items are banned\n|rule|Evasion Moves Clause: Evasion moves are banned\n|rule|Species Clause: Limit one of each Pok\u00e9mon\n|rule|Sleep Clause Mod: Limit one foe put to sleep\n|clearpoke\n|poke|p1|Dondozo, M|\n|poke|p1|Slowking-Galar, M|\n|poke|p1|Weezing-Galar, M|\n|poke|p1|Gallade, M|\n|poke|p1|Gliscor, M|\n|poke|p1|Hoopa-Unbound|\n|poke|p2|Pinsir, F|\n|poke|p2|Brambleghast, M|\n|poke|p2|Heatran, F|\n|poke|p2|Aggron, M|\n|poke|p2|Dragonite, M|\n|poke|p2|Urshifu-*, F|\n|teampreview\n|inactive|Battle timer is ON: inactive players will automatically lose when time's up. (requested by Affection7114)\n|\n|t:|1700374108\n|start\n|switch|p1a: \u6df7\u4e71\u4e0d\u6df7\u4e71|Weezing-Galar, M, shiny|100\/100\n|switch|p2a: Aggron|Aggron, M|100\/100\n|-ability|p1a: \u6df7\u4e71\u4e0d\u6df7\u4e71|Neutralizing Gas\n|turn|1\n|\n|t:|1700374117\n|move|p1a: \u6df7\u4e71\u4e0d\u6df7\u4e71|Will-O-Wisp|p2a: Aggron\n|-status|p2a: Aggron|brn\n|move|p2a: Aggron|Stealth Rock|p1a: \u6df7\u4e71\u4e0d\u6df7\u4e71\n|-sidestart|p1: Affection7114|move: Stealth Rock\n|\n|-damage|p2a: Aggron|94\/100 brn|[from] brn\n|upkeep\n|turn|2\n|\n|t:|1700374128\n|switch|p2a: Heatran|Heatran, F|100\/100\n|-item|p2a: Heatran|Air Balloon\n|move|p1a: \u6df7\u4e71\u4e0d\u6df7\u4e71|Defog|p2a: Heatran\n|-unboost|p2a: Heatran|evasion|1\n|-sideend|p1: Affection7114|Stealth Rock|[from] move: Defog|[of] p1a: \u6df7\u4e71\u4e0d\u6df7\u4e71\n|\n|upkeep\n|turn|3\n|\n|t:|1700374138\n|-end|p1a: \u6df7\u4e71\u4e0d\u6df7\u4e71|ability: Neutralizing Gas\n|switch|p1a: \u571f\u5730\u4e91\uff08\u7075\u517d\u5f62\u6001\uff09|Gliscor, M, shiny|100\/100\n|move|p2a: Heatran|Magma Storm|p1a: \u571f\u5730\u4e91\uff08\u7075\u517d\u5f62\u6001\uff09\n|-damage|p1a: \u571f\u5730\u4e91\uff08\u7075\u517d\u5f62\u6001\uff09|60\/100\n|-activate|p1a: \u571f\u5730\u4e91\uff08\u7075\u517d\u5f62\u6001\uff09|move: Magma Storm|[of] p2a: Heatran\n|\n|-damage|p1a: \u571f\u5730\u4e91\uff08\u7075\u517d\u5f62\u6001\uff09|47\/100|[from] move: Magma Storm|[partiallytrapped]\n|-status|p1a: \u571f\u5730\u4e91\uff08\u7075\u517d\u5f62\u6001\uff09|tox|[from] item: Toxic Orb\n|upkeep\n|turn|4\n|inactive|rff123 has 120 seconds left.\n|c|\u2606rff123|\u6211\u53bb\u65b0\u7ec4\u7684\u961f\u5fd8\u6539\u949b\u4e86\n|\n|t:|1700374174\n|move|p1a: \u571f\u5730\u4e91\uff08\u7075\u517d\u5f62\u6001\uff09|Roost|p1a: \u571f\u5730\u4e91\uff08\u7075\u517d\u5f62\u6001\uff09\n|-heal|p1a: \u571f\u5730\u4e91\uff08\u7075\u517d\u5f62\u6001\uff09|97\/100 tox\n|-singleturn|p1a: \u571f\u5730\u4e91\uff08\u7075\u517d\u5f62\u6001\uff09|move: Roost\n|move|p2a: Heatran|Magma Storm|p1a: \u571f\u5730\u4e91\uff08\u7075\u517d\u5f62\u6001\uff09|[miss]\n|-miss|p2a: Heatran|p1a: \u571f\u5730\u4e91\uff08\u7075\u517d\u5f62\u6001\uff09\n|\n|-heal|p1a: \u571f\u5730\u4e91\uff08\u7075\u517d\u5f62\u6001\uff09|100\/100 tox|[from] ability: Poison Heal\n|-damage|p1a: \u571f\u5730\u4e91\uff08\u7075\u517d\u5f62\u6001\uff09|88\/100 tox|[from] move: Magma Storm|[partiallytrapped]\n|upkeep\n|turn|5\n|inactive|rff123 has 120 seconds left.\n|\n|t:|1700374188\n|switch|p2a: Urshifu|Urshifu-Rapid-Strike, F|100\/100\n|move|p1a: \u571f\u5730\u4e91\uff08\u7075\u517d\u5f62\u6001\uff09|Stealth Rock|p2a: Urshifu\n|-sidestart|p2: rff123|move: Stealth Rock\n|\n|-heal|p1a: \u571f\u5730\u4e91\uff08\u7075\u517d\u5f62\u6001\uff09|100\/100 tox|[from] ability: Poison Heal\n|-end|p1a: \u571f\u5730\u4e91\uff08\u7075\u517d\u5f62\u6001\uff09|Magma Storm|[partiallytrapped]|[silent]\n|upkeep\n|turn|6\n|inactive|rff123 has 120 seconds left.\n|\n|t:|1700374199\n|switch|p2a: Brambleghast|Brambleghast, M|100\/100\n|-damage|p2a: Brambleghast|88\/100|[from] Stealth Rock\n|switch|p1a: \u552f\u4e00\u771f\u795e|Dondozo, M, shiny|100\/100\n|\n|upkeep\n|turn|7\n|inactive|rff123 has 120 seconds left.\n|\n|t:|1700374219\n|switch|p1a: \u963f\u5c14\u5b99\u65af\uff08\u6076 \u8d85\uff09|Hoopa-Unbound|100\/100\n|move|p2a: Brambleghast|Rapid Spin|p1a: \u963f\u5c14\u5b99\u65af\uff08\u6076 \u8d85\uff09\n|-damage|p1a: \u963f\u5c14\u5b99\u65af\uff08\u6076 \u8d85\uff09|77\/100\n|-boost|p2a: Brambleghast|spe|1\n|-sideend|p2: rff123|Stealth Rock|[from] move: Rapid Spin|[of] p2a: Brambleghast\n|\n|upkeep\n|turn|8\n|inactive|rff123 has 120 seconds left.\n|\n|t:|1700374236\n|switch|p2a: Urshifu|Urshifu-Rapid-Strike, F|100\/100\n|move|p1a: \u963f\u5c14\u5b99\u65af\uff08\u6076 \u8d85\uff09|Nasty Plot|p1a: \u963f\u5c14\u5b99\u65af\uff08\u6076 \u8d85\uff09\n|-boost|p1a: \u963f\u5c14\u5b99\u65af\uff08\u6076 \u8d85\uff09|spa|2\n|\n|upkeep\n|turn|9\n|inactive|rff123 has 120 seconds left.\n|\n|t:|1700374243\n|switch|p1a: \u552f\u4e00\u771f\u795e|Dondozo, M, shiny|100\/100\n|move|p2a: Urshifu|Surging Strikes|p1a: \u552f\u4e00\u771f\u795e\n|-resisted|p1a: \u552f\u4e00\u771f\u795e\n|-crit|p1a: \u552f\u4e00\u771f\u795e\n|-damage|p1a: \u552f\u4e00\u771f\u795e|93\/100\n|-damage|p2a: Urshifu|84\/100|[from] item: Rocky Helmet|[of] p1a: \u552f\u4e00\u771f\u795e\n|-resisted|p1a: \u552f\u4e00\u771f\u795e\n|-crit|p1a: \u552f\u4e00\u771f\u795e\n|-damage|p1a: \u552f\u4e00\u771f\u795e|87\/100\n|-damage|p2a: Urshifu|68\/100|[from] item: Rocky Helmet|[of] p1a: \u552f\u4e00\u771f\u795e\n|-resisted|p1a: \u552f\u4e00\u771f\u795e\n|-crit|p1a: \u552f\u4e00\u771f\u795e\n|-damage|p1a: \u552f\u4e00\u771f\u795e|81\/100\n|-damage|p2a: Urshifu|51\/100|[from] item: Rocky Helmet|[of] p1a: \u552f\u4e00\u771f\u795e\n|-hitcount|p1a: \u552f\u4e00\u771f\u795e|3\n|\n|upkeep\n|turn|10\n|inactive|rff123 has 120 seconds left.\n|\n|t:|1700374260\n|switch|p2a: Brambleghast|Brambleghast, M|88\/100\n|move|p1a: \u552f\u4e00\u771f\u795e|Body Press|p2a: Brambleghast\n|-immune|p2a: Brambleghast\n|\n|upkeep\n|turn|11\n|\n|t:|1700374276\n|switch|p1a: \u523a\u7532\u8d1d-\u7834\u58f3\uff01|Slowking-Galar, M, shiny|100\/100\n|move|p2a: Brambleghast|Spikes|p1a: \u523a\u7532\u8d1d-\u7834\u58f3\uff01\n|-sidestart|p1: Affection7114|Spikes\n|\n|upkeep\n|turn|12\n|\n|t:|1700374286\n|switch|p2a: Aggron|Aggron, M|94\/100 brn\n|move|p1a: \u523a\u7532\u8d1d-\u7834\u58f3\uff01|Future Sight|p2a: Aggron\n|-start|p1a: \u523a\u7532\u8d1d-\u7834\u58f3\uff01|move: Future Sight\n|\n|-damage|p2a: Aggron|88\/100 brn|[from] brn\n|upkeep\n|turn|13\n|\n|t:|1700374297\n|switch|p1a: \u571f\u5730\u4e91\uff08\u7075\u517d\u5f62\u6001\uff09|Gliscor, M, shiny|100\/100 tox\n|move|p2a: Aggron|Stealth Rock|p1a: \u571f\u5730\u4e91\uff08\u7075\u517d\u5f62\u6001\uff09\n|-sidestart|p1: Affection7114|move: Stealth Rock\n|\n|-damage|p2a: Aggron|82\/100 brn|[from] brn\n|upkeep\n|turn|14\n|\n|t:|1700374308\n|switch|p2a: Brambleghast|Brambleghast, M|88\/100\n|move|p1a: \u571f\u5730\u4e91\uff08\u7075\u517d\u5f62\u6001\uff09|Stealth Rock|p2a: Brambleghast\n|-sidestart|p2: rff123|move: Stealth Rock\n|\n|-end|p2a: Brambleghast|move: Future Sight\n|-damage|p2a: Brambleghast|22\/100\n|upkeep\n|turn|15\n|\n|t:|1700374335\n|move|p2a: Brambleghast|Strength Sap|p1a: \u571f\u5730\u4e91\uff08\u7075\u517d\u5f62\u6001\uff09\n|-unboost|p1a: \u571f\u5730\u4e91\uff08\u7075\u517d\u5f62\u6001\uff09|atk|1\n|-heal|p2a: Brambleghast|94\/100\n|move|p1a: \u571f\u5730\u4e91\uff08\u7075\u517d\u5f62\u6001\uff09|Earthquake|p2a: Brambleghast\n|-resisted|p2a: Brambleghast\n|-damage|p2a: Brambleghast|79\/100\n|\n|upkeep\n|turn|16\n|\n|t:|1700374344\n|move|p2a: Brambleghast|Rapid Spin|p1a: \u571f\u5730\u4e91\uff08\u7075\u517d\u5f62\u6001\uff09\n|-damage|p1a: \u571f\u5730\u4e91\uff08\u7075\u517d\u5f62\u6001\uff09|89\/100 tox\n|-boost|p2a: Brambleghast|spe|1\n|-sideend|p2: rff123|Stealth Rock|[from] move: Rapid Spin|[of] p2a: Brambleghast\n|move|p1a: \u571f\u5730\u4e91\uff08\u7075\u517d\u5f62\u6001\uff09|Toxic|p2a: Brambleghast|[miss]\n|-miss|p1a: \u571f\u5730\u4e91\uff08\u7075\u517d\u5f62\u6001\uff09|p2a: Brambleghast\n|\n|-heal|p1a: \u571f\u5730\u4e91\uff08\u7075\u517d\u5f62\u6001\uff09|100\/100 tox|[from] ability: Poison Heal\n|upkeep\n|turn|17\n|\n|t:|1700374357\n|switch|p2a: Heatran|Heatran, F|100\/100\n|-item|p2a: Heatran|Air Balloon\n|move|p1a: \u571f\u5730\u4e91\uff08\u7075\u517d\u5f62\u6001\uff09|Toxic|p2a: Heatran|[miss]\n|-miss|p1a: \u571f\u5730\u4e91\uff08\u7075\u517d\u5f62\u6001\uff09|p2a: Heatran\n|\n|upkeep\n|turn|18\n|\n|t:|1700374362\n|move|p1a: \u571f\u5730\u4e91\uff08\u7075\u517d\u5f62\u6001\uff09|Earthquake|p2a: Heatran\n|-immune|p2a: Heatran\n|move|p2a: Heatran|Taunt|p1a: \u571f\u5730\u4e91\uff08\u7075\u517d\u5f62\u6001\uff09\n|-start|p1a: \u571f\u5730\u4e91\uff08\u7075\u517d\u5f62\u6001\uff09|move: Taunt\n|\n|upkeep\n|turn|19\n|\n|t:|1700374367\n|switch|p1a: \u6df7\u4e71\u4e0d\u6df7\u4e71|Weezing-Galar, M, shiny|100\/100\n|-ability|p1a: \u6df7\u4e71\u4e0d\u6df7\u4e71|Neutralizing Gas\n|move|p2a: Heatran|Magma Storm|p1a: \u6df7\u4e71\u4e0d\u6df7\u4e71\n|-damage|p1a: \u6df7\u4e71\u4e0d\u6df7\u4e71|44\/100\n|-activate|p1a: \u6df7\u4e71\u4e0d\u6df7\u4e71|move: Magma Storm|[of] p2a: Heatran\n|\n|-damage|p1a: \u6df7\u4e71\u4e0d\u6df7\u4e71|31\/100|[from] move: Magma Storm|[partiallytrapped]\n|upkeep\n|turn|20\n|\n|t:|1700374377\n|move|p2a: Heatran|Magma Storm|p1a: \u6df7\u4e71\u4e0d\u6df7\u4e71\n|-damage|p1a: \u6df7\u4e71\u4e0d\u6df7\u4e71|0 fnt\n|faint|p1a: \u6df7\u4e71\u4e0d\u6df7\u4e71\n|-end|p1a: \u6df7\u4e71\u4e0d\u6df7\u4e71|ability: Neutralizing Gas\n|\n|upkeep\n|\n|t:|1700374382\n|switch|p1a: \u571f\u5730\u4e91\uff08\u7075\u517d\u5f62\u6001\uff09|Gliscor, M, shiny|100\/100 tox\n|-damage|p1a: \u571f\u5730\u4e91\uff08\u7075\u517d\u5f62\u6001\uff09|88\/100 tox|[from] Stealth Rock\n|turn|21\n|\n|t:|1700374388\n|move|p1a: \u571f\u5730\u4e91\uff08\u7075\u517d\u5f62\u6001\uff09|Stealth Rock|p2a: Heatran\n|-sidestart|p2: rff123|move: Stealth Rock\n|move|p2a: Heatran|Magma Storm|p1a: \u571f\u5730\u4e91\uff08\u7075\u517d\u5f62\u6001\uff09|[miss]\n|-miss|p2a: Heatran|p1a: \u571f\u5730\u4e91\uff08\u7075\u517d\u5f62\u6001\uff09\n|\n|-heal|p1a: \u571f\u5730\u4e91\uff08\u7075\u517d\u5f62\u6001\uff09|100\/100 tox|[from] ability: Poison Heal\n|upkeep\n|turn|22\n|\n|t:|1700374396\n|switch|p1a: \u552f\u4e00\u771f\u795e|Dondozo, M, shiny|81\/100\n|-damage|p1a: \u552f\u4e00\u771f\u795e|69\/100|[from] Spikes\n|-damage|p1a: \u552f\u4e00\u771f\u795e|56\/100|[from] Stealth Rock\n|move|p2a: Heatran|Magma Storm|p1a: \u552f\u4e00\u771f\u795e\n|-resisted|p1a: \u552f\u4e00\u771f\u795e\n|-damage|p1a: \u552f\u4e00\u771f\u795e|34\/100\n|-activate|p1a: \u552f\u4e00\u771f\u795e|move: Magma Storm|[of] p2a: Heatran\n|\n|-damage|p1a: \u552f\u4e00\u771f\u795e|22\/100|[from] move: Magma Storm|[partiallytrapped]\n|upkeep\n|turn|23\n|\n|t:|1700374406\n|move|p2a: Heatran|Taunt|p1a: \u552f\u4e00\u771f\u795e\n|-start|p1a: \u552f\u4e00\u771f\u795e|move: Taunt\n|cant|p1a: \u552f\u4e00\u771f\u795e|move: Taunt|Rest\n|\n|-damage|p1a: \u552f\u4e00\u771f\u795e|9\/100|[from] move: Magma Storm|[partiallytrapped]\n|upkeep\n|turn|24\n|\n|t:|1700374412\n|move|p2a: Heatran|Earth Power|p1a: \u552f\u4e00\u771f\u795e\n|-crit|p1a: \u552f\u4e00\u771f\u795e\n|-damage|p1a: \u552f\u4e00\u771f\u795e|0 fnt\n|faint|p1a: \u552f\u4e00\u771f\u795e\n|\n|upkeep\n|\n|t:|1700374416\n|switch|p1a: \u523a\u7532\u8d1d-\u7834\u58f3\uff01|Slowking-Galar, M, shiny|100\/100\n|turn|25\n|\n|t:|1700374421\n|move|p2a: Heatran|Magma Storm|p1a: \u523a\u7532\u8d1d-\u7834\u58f3\uff01\n|-damage|p1a: \u523a\u7532\u8d1d-\u7834\u58f3\uff01|74\/100\n|-activate|p1a: \u523a\u7532\u8d1d-\u7834\u58f3\uff01|move: Magma Storm|[of] p2a: Heatran\n|move|p1a: \u523a\u7532\u8d1d-\u7834\u58f3\uff01|Sludge Bomb|p2a: Heatran\n|-immune|p2a: Heatran\n|\n|-damage|p1a: \u523a\u7532\u8d1d-\u7834\u58f3\uff01|61\/100|[from] move: Magma Storm|[partiallytrapped]\n|upkeep\n|turn|26\n|\n|t:|1700374429\n|move|p2a: Heatran|Earth Power|p1a: \u523a\u7532\u8d1d-\u7834\u58f3\uff01\n|-supereffective|p1a: \u523a\u7532\u8d1d-\u7834\u58f3\uff01\n|-damage|p1a: \u523a\u7532\u8d1d-\u7834\u58f3\uff01|32\/100\n|move|p1a: \u523a\u7532\u8d1d-\u7834\u58f3\uff01|Future Sight|p2a: Heatran\n|-start|p1a: \u523a\u7532\u8d1d-\u7834\u58f3\uff01|move: Future Sight\n|\n|-damage|p1a: \u523a\u7532\u8d1d-\u7834\u58f3\uff01|19\/100|[from] move: Magma Storm|[partiallytrapped]\n|upkeep\n|turn|27\n|c|\u2606rff123|\uff1f\n|\n|t:|1700374439\n|move|p2a: Heatran|Earth Power|p1a: \u523a\u7532\u8d1d-\u7834\u58f3\uff01\n|-supereffective|p1a: \u523a\u7532\u8d1d-\u7834\u58f3\uff01\n|-damage|p1a: \u523a\u7532\u8d1d-\u7834\u58f3\uff01|0 fnt\n|faint|p1a: \u523a\u7532\u8d1d-\u7834\u58f3\uff01\n|\n|upkeep\n|\n|t:|1700374449\n|switch|p1a: \u963f\u5c14\u5b99\u65af\uff08\u6076 \u8d85\uff09|Hoopa-Unbound|77\/100\n|-damage|p1a: \u963f\u5c14\u5b99\u65af\uff08\u6076 \u8d85\uff09|65\/100|[from] Spikes\n|-damage|p1a: \u963f\u5c14\u5b99\u65af\uff08\u6076 \u8d85\uff09|53\/100|[from] Stealth Rock\n|turn|28\n|\n|t:|1700374454\n|-zpower|p1a: \u963f\u5c14\u5b99\u65af\uff08\u6076 \u8d85\uff09\n|move|p1a: \u963f\u5c14\u5b99\u65af\uff08\u6076 \u8d85\uff09|All-Out Pummeling|p2a: Heatran|[zeffect]\n|-supereffective|p2a: Heatran\n|-damage|p2a: Heatran|0 fnt\n|-enditem|p2a: Heatran|Air Balloon\n|faint|p2a: Heatran\n|\n|-hint|Future Sight did not hit because the target is fainted.\n|upkeep\n|\n|t:|1700374481\n|switch|p2a: Urshifu|Urshifu-Rapid-Strike, F|51\/100\n|-damage|p2a: Urshifu|45\/100|[from] Stealth Rock\n|turn|29\n|\n|t:|1700374492\n|move|p2a: Urshifu|Surging Strikes|p1a: \u963f\u5c14\u5b99\u65af\uff08\u6076 \u8d85\uff09\n|-crit|p1a: \u963f\u5c14\u5b99\u65af\uff08\u6076 \u8d85\uff09\n|-damage|p1a: \u963f\u5c14\u5b99\u65af\uff08\u6076 \u8d85\uff09|0 fnt\n|faint|p1a: \u963f\u5c14\u5b99\u65af\uff08\u6076 \u8d85\uff09\n|-hitcount|p1: \u963f\u5c14\u5b99\u65af\uff08\u6076 \u8d85\uff09|1\n|\n|upkeep\n|\n|t:|1700374506\n|switch|p1a: \u571f\u5730\u4e91\uff08\u7075\u517d\u5f62\u6001\uff09|Gliscor, M, shiny|100\/100 tox\n|-damage|p1a: \u571f\u5730\u4e91\uff08\u7075\u517d\u5f62\u6001\uff09|88\/100 tox|[from] Stealth Rock\n|turn|30\n|\n|t:|1700374511\n|-terastallize|p1a: \u571f\u5730\u4e91\uff08\u7075\u517d\u5f62\u6001\uff09|Water\n|move|p2a: Urshifu|Surging Strikes|p1a: \u571f\u5730\u4e91\uff08\u7075\u517d\u5f62\u6001\uff09\n|-resisted|p1a: \u571f\u5730\u4e91\uff08\u7075\u517d\u5f62\u6001\uff09\n|-crit|p1a: \u571f\u5730\u4e91\uff08\u7075\u517d\u5f62\u6001\uff09\n|-damage|p1a: \u571f\u5730\u4e91\uff08\u7075\u517d\u5f62\u6001\uff09|75\/100 tox\n|-resisted|p1a: \u571f\u5730\u4e91\uff08\u7075\u517d\u5f62\u6001\uff09\n|-crit|p1a: \u571f\u5730\u4e91\uff08\u7075\u517d\u5f62\u6001\uff09\n|-damage|p1a: \u571f\u5730\u4e91\uff08\u7075\u517d\u5f62\u6001\uff09|64\/100 tox\n|-resisted|p1a: \u571f\u5730\u4e91\uff08\u7075\u517d\u5f62\u6001\uff09\n|-crit|p1a: \u571f\u5730\u4e91\uff08\u7075\u517d\u5f62\u6001\uff09\n|-damage|p1a: \u571f\u5730\u4e91\uff08\u7075\u517d\u5f62\u6001\uff09|52\/100 tox\n|-hitcount|p1a: \u571f\u5730\u4e91\uff08\u7075\u517d\u5f62\u6001\uff09|3\n|move|p1a: \u571f\u5730\u4e91\uff08\u7075\u517d\u5f62\u6001\uff09|Toxic|p2a: Urshifu\n|-status|p2a: Urshifu|tox\n|\n|-damage|p2a: Urshifu|39\/100 tox|[from] psn\n|-heal|p1a: \u571f\u5730\u4e91\uff08\u7075\u517d\u5f62\u6001\uff09|64\/100 tox|[from] ability: Poison Heal\n|upkeep\n|turn|31\n|\n|t:|1700374516\n|switch|p2a: Brambleghast|Brambleghast, M|79\/100\n|-damage|p2a: Brambleghast|67\/100|[from] Stealth Rock\n|move|p1a: \u571f\u5730\u4e91\uff08\u7075\u517d\u5f62\u6001\uff09|Roost|p1a: \u571f\u5730\u4e91\uff08\u7075\u517d\u5f62\u6001\uff09\n|-heal|p1a: \u571f\u5730\u4e91\uff08\u7075\u517d\u5f62\u6001\uff09|100\/100 tox\n|\n|upkeep\n|turn|32\n|\n|t:|1700374525\n|move|p2a: Brambleghast|Rapid Spin|p1a: \u571f\u5730\u4e91\uff08\u7075\u517d\u5f62\u6001\uff09\n|-crit|p1a: \u571f\u5730\u4e91\uff08\u7075\u517d\u5f62\u6001\uff09\n|-damage|p1a: \u571f\u5730\u4e91\uff08\u7075\u517d\u5f62\u6001\uff09|84\/100 tox\n|-boost|p2a: Brambleghast|spe|1\n|-sideend|p2: rff123|Stealth Rock|[from] move: Rapid Spin|[of] p2a: Brambleghast\n|move|p1a: \u571f\u5730\u4e91\uff08\u7075\u517d\u5f62\u6001\uff09|Toxic|p2a: Brambleghast\n|-status|p2a: Brambleghast|tox\n|\n|-damage|p2a: Brambleghast|61\/100 tox|[from] psn\n|-heal|p1a: \u571f\u5730\u4e91\uff08\u7075\u517d\u5f62\u6001\uff09|97\/100 tox|[from] ability: Poison Heal\n|upkeep\n|turn|33\n|\n|t:|1700374538\n|move|p2a: Brambleghast|Curse|p1a: \u571f\u5730\u4e91\uff08\u7075\u517d\u5f62\u6001\uff09\n|-start|p1a: \u571f\u5730\u4e91\uff08\u7075\u517d\u5f62\u6001\uff09|Curse|[of] p2a: Brambleghast\n|-damage|p2a: Brambleghast|11\/100 tox\n|move|p1a: \u571f\u5730\u4e91\uff08\u7075\u517d\u5f62\u6001\uff09|Stealth Rock|p2a: Brambleghast\n|-sidestart|p2: rff123|move: Stealth Rock\n|\n|-damage|p2a: Brambleghast|0 fnt|[from] psn\n|faint|p2a: Brambleghast\n|-heal|p1a: \u571f\u5730\u4e91\uff08\u7075\u517d\u5f62\u6001\uff09|100\/100 tox|[from] ability: Poison Heal\n|-damage|p1a: \u571f\u5730\u4e91\uff08\u7075\u517d\u5f62\u6001\uff09|75\/100 tox|[from] Curse\n|upkeep\n|\n|t:|1700374545\n|switch|p2a: Pinsir|Pinsir, F|100\/100\n|-damage|p2a: Pinsir|76\/100|[from] Stealth Rock\n|turn|34\n|\n|t:|1700374554\n|detailschange|p2a: Pinsir|Pinsir-Mega, F\n|-mega|p2a: Pinsir|Pinsir|Pinsirite\n|move|p2a: Pinsir|Substitute|p2a: Pinsir\n|-start|p2a: Pinsir|Substitute\n|-damage|p2a: Pinsir|51\/100\n|move|p1a: \u571f\u5730\u4e91\uff08\u7075\u517d\u5f62\u6001\uff09|Toxic||[still]\n|-fail|p1a: \u571f\u5730\u4e91\uff08\u7075\u517d\u5f62\u6001\uff09\n|\n|-heal|p1a: \u571f\u5730\u4e91\uff08\u7075\u517d\u5f62\u6001\uff09|88\/100 tox|[from] ability: Poison Heal\n|-damage|p1a: \u571f\u5730\u4e91\uff08\u7075\u517d\u5f62\u6001\uff09|63\/100 tox|[from] Curse\n|upkeep\n|turn|35\n|\n|t:|1700374563\n|move|p2a: Pinsir|Swords Dance|p2a: Pinsir\n|-boost|p2a: Pinsir|atk|2\n|move|p1a: \u571f\u5730\u4e91\uff08\u7075\u517d\u5f62\u6001\uff09|Roost|p1a: \u571f\u5730\u4e91\uff08\u7075\u517d\u5f62\u6001\uff09\n|-heal|p1a: \u571f\u5730\u4e91\uff08\u7075\u517d\u5f62\u6001\uff09|100\/100 tox\n|\n|-damage|p1a: \u571f\u5730\u4e91\uff08\u7075\u517d\u5f62\u6001\uff09|75\/100 tox|[from] Curse\n|upkeep\n|turn|36\n|\n|t:|1700374569\n|switch|p1a: \u53cd\u6b63\u4e0d\u662f\u516c\u6c99\u5948\u6735|Gallade, M, shiny|100\/100\n|-damage|p1a: \u53cd\u6b63\u4e0d\u662f\u516c\u6c99\u5948\u6735|88\/100|[from] Spikes\n|-damage|p1a: \u53cd\u6b63\u4e0d\u662f\u516c\u6c99\u5948\u6735|82\/100|[from] Stealth Rock\n|move|p2a: Pinsir|Swords Dance|p2a: Pinsir\n|-boost|p2a: Pinsir|atk|2\n|\n|upkeep\n|turn|37\n|\n|t:|1700374575\n|detailschange|p1a: \u53cd\u6b63\u4e0d\u662f\u516c\u6c99\u5948\u6735|Gallade-Mega, M, shiny\n|-mega|p1a: \u53cd\u6b63\u4e0d\u662f\u516c\u6c99\u5948\u6735|Gallade|Galladite\n|move|p2a: Pinsir|Swords Dance|p2a: Pinsir\n|-boost|p2a: Pinsir|atk|2\n|move|p1a: \u53cd\u6b63\u4e0d\u662f\u516c\u6c99\u5948\u6735|Knock Off|p2a: Pinsir\n|-end|p2a: Pinsir|Substitute\n|\n|upkeep\n|turn|38\n|\n|t:|1700374584\n|move|p2a: Pinsir|Quick Attack|p1a: \u53cd\u6b63\u4e0d\u662f\u516c\u6c99\u5948\u6735\n|-supereffective|p1a: \u53cd\u6b63\u4e0d\u662f\u516c\u6c99\u5948\u6735\n|-damage|p1a: \u53cd\u6b63\u4e0d\u662f\u516c\u6c99\u5948\u6735|0 fnt\n|faint|p1a: \u53cd\u6b63\u4e0d\u662f\u516c\u6c99\u5948\u6735\n|\n|upkeep\n|-message|Affection7114 forfeited.\n|\n|win|rff123\n|raw|Affection7114's rating: 1302 &rarr; <strong>1286<\/strong><br \/>(-16 for losing)\n|raw|rff123's rating: 1366 &rarr; <strong>1382<\/strong><br \/>(+16 for winning)\n|l|\u2606Affection7114\n","uploadtime":1700374595,"views":11,"p1id":"affection7114","p2id":"rff123","formatid":"gen9nationaldex","rating":1286,"private":0,"password":""}