{"id":"gen9nationaldex-1995198529","p1":"Batalha Comigo","p2":"Not A Shady Dude","format":"[Gen 9] National Dex","log":"|html|<div class=\"broadcast-blue\"><strong>[Gen 9] National Dex is currently suspecting Sneasler! For information on how to participate check out the <a href=\"https:\/\/www.smogon.com\/forums\/threads\/sv-national-dex-suspect-8-just-dance.3731534\/\">suspect thread<\/a>.<\/strong><\/div>\n|j|\u2606Batalha Comigo\n|j|\u2606Not A Shady Dude\n|t:|1700533655\n|gametype|singles\n|player|p1|Batalha Comigo|nate|1220\n|player|p2|Not A Shady Dude|101|1119\n|teamsize|p1|6\n|teamsize|p2|6\n|gen|9\n|tier|[Gen 9] National Dex\n|rated|\n|rule|HP Percentage Mod: HP is shown in percentages\n|rule|Endless Battle Clause: Forcing endless battles is banned\n|rule|OHKO Clause: OHKO moves are banned\n|rule|Evasion Clause: Evasion abilities, items, and moves are banned\n|rule|Evasion Abilities Clause: Evasion abilities are banned\n|rule|Evasion Items Clause: Evasion items are banned\n|rule|Evasion Moves Clause: Evasion moves are banned\n|rule|Species Clause: Limit one of each Pok\u00e9mon\n|rule|Sleep Clause Mod: Limit one foe put to sleep\n|clearpoke\n|poke|p1|Togekiss, F|\n|poke|p1|Gallade, M|\n|poke|p1|Milotic, F|\n|poke|p1|Volcarona, F|\n|poke|p1|Ampharos, M|\n|poke|p1|Komala, M|\n|poke|p2|Volcarona, M|\n|poke|p2|Samurott-Hisui, F|\n|poke|p2|Xurkitree|\n|poke|p2|Kartana|\n|poke|p2|Garchomp, F|\n|poke|p2|Pidgeot, M|\n|teampreview\n|inactive|Battle timer is ON: inactive players will automatically lose when time's up. (requested by Not A Shady Dude)\n|c|\u2606Not A Shady Dude|glhf\n|\n|t:|1700533677\n|start\n|switch|p1a: Komala|Komala, M|100\/100\n|switch|p2a: The Holy Moth|Volcarona, M, shiny|100\/100\n|-ability|p1a: Komala|Comatose\n|turn|1\n|\n|t:|1700533690\n|switch|p2a: Katana|Kartana, shiny|100\/100\n|move|p1a: Komala|Swords Dance|p1a: Komala\n|-boost|p1a: Komala|atk|2\n|\n|upkeep\n|turn|2\n|\n|t:|1700533694\n|move|p2a: Katana|Sacred Sword|p1a: Komala\n|-supereffective|p1a: Komala\n|-damage|p1a: Komala|0 fnt\n|faint|p1a: Komala\n|-ability|p2a: Katana|Beast Boost|boost\n|-boost|p2a: Katana|atk|1\n|\n|upkeep\n|\n|t:|1700533698\n|switch|p1a: Volcarona|Volcarona, F|100\/100\n|turn|3\n|\n|t:|1700533713\n|-terastallize|p2a: Katana|Water\n|move|p2a: Katana|Sacred Sword|p1a: Volcarona\n|-resisted|p1a: Volcarona\n|-damage|p1a: Volcarona|54\/100\n|move|p1a: Volcarona|Quiver Dance|p1a: Volcarona\n|-boost|p1a: Volcarona|spa|1\n|-boost|p1a: Volcarona|spd|1\n|-boost|p1a: Volcarona|spe|1\n|\n|upkeep\n|turn|4\n|\n|t:|1700533721\n|move|p1a: Volcarona|Giga Drain|p2a: Katana\n|-supereffective|p2a: Katana\n|-damage|p2a: Katana|0 fnt\n|-heal|p1a: Volcarona|95\/100|[from] drain|[of] p2a: Katana\n|faint|p2a: Katana\n|\n|upkeep\n|\n|t:|1700533726\n|switch|p2a: Bird Jesus|Pidgeot, M|100\/100\n|turn|5\n|\n|t:|1700533745\n|detailschange|p2a: Bird Jesus|Pidgeot-Mega, M\n|-mega|p2a: Bird Jesus|Pidgeot|Pidgeotite\n|move|p1a: Volcarona|Fiery Dance|p2a: Bird Jesus\n|-damage|p2a: Bird Jesus|20\/100\n|move|p2a: Bird Jesus|Hurricane|p1a: Volcarona\n|-supereffective|p1a: Volcarona\n|-damage|p1a: Volcarona|3\/100\n|\n|upkeep\n|turn|6\n|\n|t:|1700533754\n|move|p1a: Volcarona|Fiery Dance|p2a: Bird Jesus\n|-damage|p2a: Bird Jesus|0 fnt\n|faint|p2a: Bird Jesus\n|\n|upkeep\n|\n|t:|1700533765\n|switch|p2a: The Holy Moth|Volcarona, M, shiny|100\/100\n|turn|7\n|\n|t:|1700533781\n|move|p1a: Volcarona|Fiery Dance|p2a: The Holy Moth\n|-damage|p2a: The Holy Moth|36\/100\n|move|p2a: The Holy Moth|Flamethrower|p1a: Volcarona\n|-damage|p1a: Volcarona|0 fnt\n|faint|p1a: Volcarona\n|\n|upkeep\n|\n|t:|1700533791\n|switch|p1a: Ampharos|Ampharos, M|100\/100\n|turn|8\n|\n|t:|1700533796\n|move|p2a: The Holy Moth|Flamethrower|p1a: Ampharos\n|-damage|p1a: Ampharos|45\/100\n|move|p1a: Ampharos|Power Gem|p2a: The Holy Moth\n|-supereffective|p2a: The Holy Moth\n|-damage|p2a: The Holy Moth|0 fnt\n|faint|p2a: The Holy Moth\n|\n|upkeep\n|\n|t:|1700533810\n|switch|p2a: Tough Skin|Garchomp, F, shiny|100\/100\n|turn|9\n|\n|t:|1700533826\n|move|p2a: Tough Skin|Hone Claws|p2a: Tough Skin\n|-boost|p2a: Tough Skin|atk|1\n|-boost|p2a: Tough Skin|accuracy|1\n|move|p1a: Ampharos|Power Gem|p2a: Tough Skin\n|-resisted|p2a: Tough Skin\n|-damage|p2a: Tough Skin|76\/100\n|\n|upkeep\n|turn|10\n|\n|t:|1700533831\n|move|p2a: Tough Skin|Earthquake|p1a: Ampharos\n|-supereffective|p1a: Ampharos\n|-damage|p1a: Ampharos|0 fnt\n|faint|p1a: Ampharos\n|\n|upkeep\n|\n|t:|1700533837\n|switch|p1a: Milotic|Milotic, F|100\/100\n|turn|11\n|\n|t:|1700533843\n|move|p2a: Tough Skin|Scale Shot|p1a: Milotic\n|-damage|p1a: Milotic|86\/100\n|-damage|p1a: Milotic|71\/100\n|-crit|p1a: Milotic\n|-damage|p1a: Milotic|49\/100\n|-hitcount|p1a: Milotic|3\n|-unboost|p2a: Tough Skin|def|1\n|-boost|p2a: Tough Skin|spe|1\n|move|p1a: Milotic|Ice Beam|p2a: Tough Skin\n|-supereffective|p2a: Tough Skin\n|-damage|p2a: Tough Skin|0 fnt\n|faint|p2a: Tough Skin\n|\n|-status|p1a: Milotic|brn|[from] item: Flame Orb\n|upkeep\n|\n|t:|1700533847\n|switch|p2a: Blue Wires|Xurkitree, shiny|100\/100\n|-item|p2a: Blue Wires|Air Balloon\n|turn|12\n|\n|t:|1700533858\n|move|p2a: Blue Wires|Tail Glow|p2a: Blue Wires\n|-boost|p2a: Blue Wires|spa|3\n|move|p1a: Milotic|Scald|p2a: Blue Wires\n|-damage|p2a: Blue Wires|63\/100\n|-enditem|p2a: Blue Wires|Air Balloon\n|\n|-damage|p1a: Milotic|43\/100 brn|[from] brn\n|upkeep\n|turn|13\n|\n|t:|1700533861\n|move|p2a: Blue Wires|Thunderbolt|p1a: Milotic\n|-supereffective|p1a: Milotic\n|-crit|p1a: Milotic\n|-damage|p1a: Milotic|0 fnt\n|faint|p1a: Milotic\n|-ability|p2a: Blue Wires|Beast Boost|boost\n|-boost|p2a: Blue Wires|spa|1\n|\n|upkeep\n|\n|t:|1700533865\n|switch|p1a: Gallade|Gallade, M|100\/100\n|turn|14\n|\n|t:|1700533869\n|detailschange|p1a: Gallade|Gallade-Mega, M\n|-mega|p1a: Gallade|Gallade|Galladite\n|move|p1a: Gallade|Close Combat|p2a: Blue Wires\n|-crit|p2a: Blue Wires\n|-damage|p2a: Blue Wires|0 fnt\n|-unboost|p1a: Gallade|def|1\n|-unboost|p1a: Gallade|spd|1\n|faint|p2a: Blue Wires\n|\n|upkeep\n|\n|t:|1700533874\n|switch|p2a: Ancient Samurai|Samurott-Hisui, F|100\/100\n|turn|15\n|\n|t:|1700533881\n|move|p1a: Gallade|Close Combat|p2a: Ancient Samurai\n|-supereffective|p2a: Ancient Samurai\n|-damage|p2a: Ancient Samurai|0 fnt\n|-unboost|p1a: Gallade|def|1\n|-unboost|p1a: Gallade|spd|1\n|faint|p2a: Ancient Samurai\n|\n|win|Batalha Comigo\n|raw|Batalha Comigo's rating: 1220 &rarr; <strong>1238<\/strong><br \/>(+18 for winning)\n|raw|Not A Shady Dude's rating: 1119 &rarr; <strong>1101<\/strong><br \/>(-18 for losing)\n|c|\u2606Not A Shady Dude|gg\n|c|\u2606Batalha Comigo|gg\n|l|\u2606Not A Shady Dude\n","uploadtime":1700533928,"views":8,"p1id":"batalhacomigo","p2id":"notashadydude","formatid":"gen9nationaldex","rating":1101,"private":0,"password":""}