{"id":"gen9nationaldex-1998145487","p1":"dingf","p2":"taowang","format":"[Gen 9] National Dex","log":"|html|<div class=\"broadcast-blue\"><strong>[Gen 9] National Dex is currently suspecting Sneasler! For information on how to participate check out the <a href=\"https:\/\/www.smogon.com\/forums\/threads\/sv-national-dex-suspect-8-just-dance.3731534\/\">suspect thread<\/a>.<\/strong><\/div>\n|j|\u2606dingf\n|j|\u2606taowang\n|t:|1700900098\n|gametype|singles\n|player|p1|dingf|acerola|1424\n|player|p2|taowang|266|1512\n|teamsize|p1|6\n|teamsize|p2|6\n|gen|9\n|tier|[Gen 9] National Dex\n|rated|\n|rule|HP Percentage Mod: HP is shown in percentages\n|rule|Endless Battle Clause: Forcing endless battles is banned\n|rule|OHKO Clause: OHKO moves are banned\n|rule|Evasion Clause: Evasion abilities, items, and moves are banned\n|rule|Evasion Abilities Clause: Evasion abilities are banned\n|rule|Evasion Items Clause: Evasion items are banned\n|rule|Evasion Moves Clause: Evasion moves are banned\n|rule|Species Clause: Limit one of each Pok\u00e9mon\n|rule|Sleep Clause Mod: Limit one foe put to sleep\n|clearpoke\n|poke|p1|Pelipper, F|\n|poke|p1|Kingdra, M|\n|poke|p1|Thundurus-Therian, M|\n|poke|p1|Barraskewda, F|\n|poke|p1|Tapu Lele|\n|poke|p1|Ferrothorn, F|\n|poke|p2|Toxapex, F|\n|poke|p2|Dondozo, F|\n|poke|p2|Garganacl, F|\n|poke|p2|Sableye, F|\n|poke|p2|Corviknight, F|\n|poke|p2|Gliscor, F|\n|teampreview\n|inactive|Battle timer is ON: inactive players will automatically lose when time's up. (requested by dingf)\n|\n|t:|1700900133\n|start\n|switch|p1a: Tapu Lele|Tapu Lele|100\/100\n|switch|p2a: Sableye|Sableye, F, shiny|100\/100\n|-fieldstart|move: Psychic Terrain|[from] ability: Psychic Surge|[of] p1a: Tapu Lele\n|turn|1\n|\n|t:|1700900139\n|detailschange|p2a: Sableye|Sableye-Mega, F, shiny\n|-mega|p2a: Sableye|Sableye|Sablenite\n|-terastallize|p1a: Tapu Lele|Fairy\n|move|p2a: Sableye|Protect|p2a: Sableye\n|-singleturn|p2a: Sableye|Protect\n|move|p1a: Tapu Lele|Moonblast|p2a: Sableye\n|-activate|p2a: Sableye|move: Protect\n|\n|upkeep\n|turn|2\n|\n|t:|1700900147\n|switch|p2a: Corviknight|Corviknight, F, shiny|100\/100\n|-ability|p2a: Corviknight|Pressure\n|move|p1a: Tapu Lele|Moonblast|p2a: Corviknight\n|-resisted|p2a: Corviknight\n|-damage|p2a: Corviknight|79\/100\n|-unboost|p2a: Corviknight|spa|1\n|\n|-heal|p2a: Corviknight|85\/100|[from] item: Leftovers\n|upkeep\n|turn|3\n|\n|t:|1700900161\n|switch|p1a: Thundurus|Thundurus-Therian, M|100\/100\n|move|p2a: Corviknight|U-turn|p1a: Thundurus\n|-resisted|p1a: Thundurus\n|-damage|p1a: Thundurus|90\/100\n|\n|t:|1700900170\n|switch|p2a: Garganacl|Garganacl, F|100\/100|[from] U-turn\n|\n|upkeep\n|turn|4\n|\n|t:|1700900175\n|move|p1a: Thundurus|Focus Blast|p2a: Garganacl\n|-supereffective|p2a: Garganacl\n|-damage|p2a: Garganacl|40\/100\n|move|p2a: Garganacl|Salt Cure|p1a: Thundurus\n|-supereffective|p1a: Thundurus\n|-damage|p1a: Thundurus|48\/100\n|-start|p1a: Thundurus|Salt Cure\n|\n|-heal|p2a: Garganacl|46\/100|[from] item: Leftovers\n|-damage|p1a: Thundurus|36\/100|[from] Salt Cure\n|upkeep\n|turn|5\n|\n|t:|1700900189\n|switch|p1a: Pelipper|Pelipper, F|100\/100\n|-weather|RainDance|[from] ability: Drizzle|[of] p1a: Pelipper\n|move|p2a: Garganacl|Protect||[still]\n|-fail|p2a: Garganacl\n|\n|-weather|RainDance|[upkeep]\n|-heal|p2a: Garganacl|52\/100|[from] item: Leftovers\n|-fieldend|move: Psychic Terrain\n|upkeep\n|turn|6\n|\n|t:|1700900205\n|move|p2a: Garganacl|Protect|p2a: Garganacl\n|-singleturn|p2a: Garganacl|Protect\n|move|p1a: Pelipper|Scald|p2a: Garganacl\n|-activate|p2a: Garganacl|move: Protect\n|\n|-weather|RainDance|[upkeep]\n|-heal|p2a: Garganacl|58\/100|[from] item: Leftovers\n|upkeep\n|turn|7\n|\n|t:|1700900211\n|switch|p2a: Corviknight|Corviknight, F, shiny|85\/100\n|-ability|p2a: Corviknight|Pressure\n|move|p1a: Pelipper|U-turn|p2a: Corviknight\n|-resisted|p2a: Corviknight\n|-damage|p2a: Corviknight|84\/100\n|\n|t:|1700900219\n|switch|p1a: Kingdra|Kingdra, M|100\/100|[from] U-turn\n|\n|-weather|RainDance|[upkeep]\n|-heal|p2a: Corviknight|90\/100|[from] item: Leftovers\n|upkeep\n|turn|8\n|\n|t:|1700900235\n|move|p2a: Corviknight|Protect|p2a: Corviknight\n|-singleturn|p2a: Corviknight|Protect\n|move|p1a: Kingdra|Hurricane|p2a: Corviknight\n|-activate|p2a: Corviknight|move: Protect\n|\n|-weather|RainDance|[upkeep]\n|-heal|p2a: Corviknight|96\/100|[from] item: Leftovers\n|upkeep\n|turn|9\n|\n|t:|1700900241\n|move|p1a: Kingdra|Hurricane|p2a: Corviknight\n|-resisted|p2a: Corviknight\n|-damage|p2a: Corviknight|81\/100\n|move|p2a: Corviknight|U-turn|p1a: Kingdra\n|-damage|p1a: Kingdra|83\/100\n|\n|t:|1700900247\n|switch|p2a: Toxapex|Toxapex, F, shiny|100\/100|[from] U-turn\n|\n|-weather|RainDance|[upkeep]\n|upkeep\n|turn|10\n|\n|t:|1700900255\n|switch|p1a: Ferrothorn|Ferrothorn, F|100\/100\n|move|p2a: Toxapex|Toxic|p1a: Ferrothorn\n|-immune|p1a: Ferrothorn\n|\n|-weather|RainDance|[upkeep]\n|upkeep\n|turn|11\n|\n|t:|1700900262\n|switch|p2a: Sableye|Sableye-Mega, F, shiny|100\/100\n|move|p1a: Ferrothorn|Leech Seed|p2a: Sableye\n|move|p2a: Sableye|Leech Seed|p1a: Ferrothorn|[from]ability: Magic Bounce\n|-immune|p1a: Ferrothorn\n|\n|-weather|RainDance|[upkeep]\n|upkeep\n|turn|12\n|\n|t:|1700900273\n|move|p1a: Ferrothorn|Protect|p1a: Ferrothorn\n|-singleturn|p1a: Ferrothorn|Protect\n|move|p2a: Sableye|Knock Off|p1a: Ferrothorn\n|-activate|p1a: Ferrothorn|move: Protect\n|\n|-weather|none\n|upkeep\n|turn|13\n|\n|t:|1700900288\n|move|p2a: Sableye|Knock Off|p1a: Ferrothorn\n|-damage|p1a: Ferrothorn|83\/100\n|-damage|p2a: Sableye|88\/100|[from] ability: Iron Barbs|[of] p1a: Ferrothorn\n|-damage|p2a: Sableye|72\/100|[from] item: Rocky Helmet|[of] p1a: Ferrothorn\n|-enditem|p1a: Ferrothorn|Rocky Helmet|[from] move: Knock Off|[of] p2a: Sableye\n|move|p1a: Ferrothorn|Gyro Ball|p2a: Sableye\n|-damage|p2a: Sableye|60\/100\n|\n|upkeep\n|turn|14\n|\n|t:|1700900297\n|move|p2a: Sableye|Will-O-Wisp|p1a: Ferrothorn\n|-status|p1a: Ferrothorn|brn\n|move|p1a: Ferrothorn|Knock Off|p2a: Sableye\n|-damage|p2a: Sableye|55\/100\n|\n|-damage|p1a: Ferrothorn|77\/100 brn|[from] brn\n|upkeep\n|turn|15\n|\n|t:|1700900302\n|move|p2a: Sableye|Recover|p2a: Sableye\n|-heal|p2a: Sableye|100\/100\n|move|p1a: Ferrothorn|Gyro Ball|p2a: Sableye\n|-damage|p2a: Sableye|95\/100\n|\n|-damage|p1a: Ferrothorn|71\/100 brn|[from] brn\n|upkeep\n|turn|16\n|\n|t:|1700900311\n|switch|p1a: Tapu Lele|Tapu Lele, tera:Fairy|100\/100\n|-fieldstart|move: Psychic Terrain|[from] ability: Psychic Surge|[of] p1a: Tapu Lele\n|move|p2a: Sableye|Protect||[still]\n|-fail|p2a: Sableye\n|\n|upkeep\n|turn|17\n|\n|t:|1700900323\n|switch|p2a: Corviknight|Corviknight, F, shiny|81\/100\n|-ability|p2a: Corviknight|Pressure\n|move|p1a: Tapu Lele|Thunder|p2a: Corviknight\n|-supereffective|p2a: Corviknight\n|-damage|p2a: Corviknight|25\/100\n|-status|p2a: Corviknight|par\n|\n|-heal|p2a: Corviknight|31\/100 par|[from] item: Leftovers\n|upkeep\n|turn|18\n|inactive|taowang has 120 seconds left.\n|\n|t:|1700900364\n|switch|p1a: Pelipper|Pelipper, F|100\/100\n|-weather|RainDance|[from] ability: Drizzle|[of] p1a: Pelipper\n|-terastallize|p2a: Corviknight|Ground\n|cant|p2a: Corviknight|par\n|\n|-weather|RainDance|[upkeep]\n|-heal|p2a: Corviknight|38\/100 par|[from] item: Leftovers\n|upkeep\n|turn|19\n|\n|t:|1700900375\n|switch|p2a: Toxapex|Toxapex, F, shiny|100\/100\n|move|p1a: Pelipper|U-turn|p2a: Toxapex\n|-resisted|p2a: Toxapex\n|-damage|p2a: Toxapex|98\/100\n|\n|t:|1700900378\n|switch|p1a: Thundurus|Thundurus-Therian, M|36\/100|[from] U-turn\n|\n|-weather|RainDance|[upkeep]\n|upkeep\n|turn|20\n|inactive|taowang has 120 seconds left.\n|\n|t:|1700900385\n|switch|p2a: Corviknight|Corviknight, F, shiny, tera:Ground|38\/100 par\n|-ability|p2a: Corviknight|Pressure\n|move|p1a: Thundurus|Focus Blast|p2a: Corviknight\n|-damage|p2a: Corviknight|5\/100 par\n|\n|-weather|RainDance|[upkeep]\n|-heal|p2a: Corviknight|11\/100 par|[from] item: Leftovers\n|-fieldend|move: Psychic Terrain\n|upkeep\n|turn|21\n|inactive|taowang has 120 seconds left.\n|\n|t:|1700900397\n|move|p2a: Corviknight|Protect|p2a: Corviknight\n|-singleturn|p2a: Corviknight|Protect\n|move|p1a: Thundurus|Hidden Power|p2a: Corviknight\n|-activate|p2a: Corviknight|move: Protect\n|\n|-weather|RainDance|[upkeep]\n|-heal|p2a: Corviknight|17\/100 par|[from] item: Leftovers\n|upkeep\n|turn|22\n|\n|t:|1700900404\n|cant|p2a: Corviknight|par\n|move|p1a: Thundurus|Volt Switch|p2a: Corviknight\n|-immune|p2a: Corviknight\n|\n|-weather|RainDance|[upkeep]\n|-heal|p2a: Corviknight|24\/100 par|[from] item: Leftovers\n|upkeep\n|turn|23\n|inactive|taowang has 120 seconds left.\n|\n|t:|1700900429\n|switch|p2a: Toxapex|Toxapex, F, shiny|100\/100\n|move|p1a: Thundurus|Hidden Power|p2a: Toxapex\n|-resisted|p2a: Toxapex\n|-damage|p2a: Toxapex|93\/100\n|\n|-weather|RainDance|[upkeep]\n|upkeep\n|turn|24\n|inactive|taowang has 120 seconds left.\n|\n|t:|1700900445\n|move|p1a: Thundurus|Wildbolt Storm|p2a: Toxapex\n|-supereffective|p2a: Toxapex\n|-damage|p2a: Toxapex|15\/100\n|move|p2a: Toxapex|Toxic|p1a: Thundurus\n|-status|p1a: Thundurus|tox\n|\n|-weather|RainDance|[upkeep]\n|-damage|p1a: Thundurus|30\/100 tox|[from] psn\n|upkeep\n|turn|25\n|inactive|taowang has 120 seconds left.\n|\n|t:|1700900461\n|switch|p2a: Corviknight|Corviknight, F, shiny, tera:Ground|24\/100 par\n|-ability|p2a: Corviknight|Pressure\n|move|p1a: Thundurus|Hidden Power|p2a: Corviknight\n|-supereffective|p2a: Corviknight\n|-damage|p2a: Corviknight|0 fnt\n|faint|p2a: Corviknight\n|\n|-weather|none\n|-damage|p1a: Thundurus|18\/100 tox|[from] psn\n|upkeep\n|\n|t:|1700900476\n|switch|p2a: Gliscor|Gliscor, F, shiny|100\/100\n|turn|26\n|\n|t:|1700900483\n|switch|p1a: Pelipper|Pelipper, F|100\/100\n|-weather|RainDance|[from] ability: Drizzle|[of] p1a: Pelipper\n|switch|p2a: Toxapex|Toxapex, F, shiny|49\/100\n|\n|-weather|RainDance|[upkeep]\n|upkeep\n|turn|27\n|\n|t:|1700900491\n|move|p1a: Pelipper|Hurricane|p2a: Toxapex\n|-damage|p2a: Toxapex|27\/100\n|move|p2a: Toxapex|Recover|p2a: Toxapex\n|-heal|p2a: Toxapex|77\/100\n|\n|-weather|RainDance|[upkeep]\n|upkeep\n|turn|28\n|\n|t:|1700900496\n|move|p1a: Pelipper|U-turn|p2a: Toxapex\n|-resisted|p2a: Toxapex\n|-damage|p2a: Toxapex|74\/100\n|\n|t:|1700900500\n|switch|p1a: Ferrothorn|Ferrothorn, F|71\/100 brn|[from] U-turn\n|move|p2a: Toxapex|Toxic||[still]\n|-fail|p2a: Toxapex\n|\n|-weather|RainDance|[upkeep]\n|-damage|p1a: Ferrothorn|64\/100 brn|[from] brn\n|upkeep\n|turn|29\n|\n|t:|1700900507\n|switch|p2a: Sableye|Sableye-Mega, F, shiny|95\/100\n|move|p1a: Ferrothorn|Leech Seed|p2a: Sableye\n|move|p2a: Sableye|Leech Seed|p1a: Ferrothorn|[from]ability: Magic Bounce\n|-immune|p1a: Ferrothorn\n|\n|-weather|RainDance|[upkeep]\n|-damage|p1a: Ferrothorn|58\/100 brn|[from] brn\n|upkeep\n|turn|30\n|\n|t:|1700900516\n|switch|p1a: Tapu Lele|Tapu Lele, tera:Fairy|100\/100\n|-fieldstart|move: Psychic Terrain|[from] ability: Psychic Surge|[of] p1a: Tapu Lele\n|move|p2a: Sableye|Knock Off|p1a: Tapu Lele\n|-resisted|p1a: Tapu Lele\n|-damage|p1a: Tapu Lele|78\/100\n|-enditem|p1a: Tapu Lele|Choice Scarf|[from] move: Knock Off|[of] p2a: Sableye\n|\n|-weather|RainDance|[upkeep]\n|upkeep\n|turn|31\n|\n|t:|1700900529\n|move|p2a: Sableye|Protect|p2a: Sableye\n|-singleturn|p2a: Sableye|Protect\n|move|p1a: Tapu Lele|Psychic|p2a: Sableye\n|-activate|p2a: Sableye|move: Protect\n|\n|-weather|RainDance|[upkeep]\n|upkeep\n|turn|32\n|\n|t:|1700900536\n|switch|p1a: Ferrothorn|Ferrothorn, F|58\/100 brn\n|move|p2a: Sableye|Will-O-Wisp|p1a: Ferrothorn\n|-fail|p1a: Ferrothorn|brn\n|\n|-weather|RainDance|[upkeep]\n|-damage|p1a: Ferrothorn|52\/100 brn|[from] brn\n|upkeep\n|turn|33\n|\n|t:|1700900545\n|switch|p1a: Tapu Lele|Tapu Lele, tera:Fairy|78\/100\n|move|p2a: Sableye|Knock Off|p1a: Tapu Lele\n|-resisted|p1a: Tapu Lele\n|-damage|p1a: Tapu Lele|64\/100\n|\n|-weather|none\n|upkeep\n|turn|34\n|\n|t:|1700900554\n|switch|p2a: Garganacl|Garganacl, F|58\/100\n|move|p1a: Tapu Lele|Psychic|p2a: Garganacl\n|-damage|p2a: Garganacl|20\/100\n|\n|-heal|p2a: Garganacl|26\/100|[from] item: Leftovers\n|-fieldend|move: Psychic Terrain\n|upkeep\n|turn|35\n|\n|t:|1700900565\n|move|p2a: Garganacl|Protect|p2a: Garganacl\n|-singleturn|p2a: Garganacl|Protect\n|move|p1a: Tapu Lele|Moonblast|p2a: Garganacl\n|-activate|p2a: Garganacl|move: Protect\n|\n|-heal|p2a: Garganacl|33\/100|[from] item: Leftovers\n|upkeep\n|turn|36\n|\n|t:|1700900575\n|move|p1a: Tapu Lele|Moonblast|p2a: Garganacl\n|-damage|p2a: Garganacl|0 fnt\n|faint|p2a: Garganacl\n|\n|upkeep\n|-message|taowang forfeited.\n|\n|win|dingf\n|raw|dingf's rating: 1424 &rarr; <strong>1449<\/strong><br \/>(+25 for winning)\n|raw|taowang's rating: 1512 &rarr; <strong>1487<\/strong><br \/>(-25 for losing)\n|l|\u2606taowang\n","uploadtime":1700900588,"views":1,"p1id":"dingf","p2id":"taowang","formatid":"gen9nationaldex","rating":1449,"private":0,"password":""}