{"id":"gen9nationaldex-1988962851","p1":"Cristian7gg","p2":"xCookieBallx","format":"[Gen 9] National Dex","log":"|j|\u2606Cristian7gg\n|j|\u2606xCookieBallx\n|t:|1699795249\n|gametype|singles\n|player|p1|Cristian7gg|lucas-gen4pt|\n|player|p2|xCookieBallx|102|\n|teamsize|p1|6\n|teamsize|p2|6\n|gen|9\n|tier|[Gen 9] National Dex\n|rule|HP Percentage Mod: HP is shown in percentages\n|rule|Endless Battle Clause: Forcing endless battles is banned\n|rule|OHKO Clause: OHKO moves are banned\n|rule|Evasion Clause: Evasion abilities, items, and moves are banned\n|rule|Evasion Abilities Clause: Evasion abilities are banned\n|rule|Evasion Items Clause: Evasion items are banned\n|rule|Evasion Moves Clause: Evasion moves are banned\n|rule|Species Clause: Limit one of each Pok\u00e9mon\n|rule|Sleep Clause Mod: Limit one foe put to sleep\n|clearpoke\n|poke|p1|Tapu Koko|\n|poke|p1|Raichu-Alola, M|\n|poke|p1|Charizard, M|\n|poke|p1|Gliscor, F|\n|poke|p1|Aegislash, F|\n|poke|p1|Dragonite, F|\n|poke|p2|Walrein, F|\n|poke|p2|Eiscue, M|\n|poke|p2|Ninetales-Alola, M|\n|poke|p2|Cetitan, M|\n|poke|p2|Frosmoth, F|\n|poke|p2|Mamoswine, M|\n|teampreview\n|c|\u2606Cristian7gg|Wa\n|j| Void280\n|\n|t:|1699795281\n|start\n|switch|p1a: Salamander|Charizard, M|100\/100\n|switch|p2a: Yukio|Ninetales-Alola, M|100\/100\n|-weather|Snow|[from] ability: Snow Warning|[of] p2a: Yukio\n|turn|1\n|c| Void280|glhf\n|\n|t:|1699795292\n|switch|p2a: Aleja|Walrein, F|100\/100\n|detailschange|p1a: Salamander|Charizard-Mega-Y, M\n|-mega|p1a: Salamander|Charizard|Charizardite Y\n|-weather|SunnyDay|[from] ability: Drought|[of] p1a: Salamander\n|move|p1a: Salamander|Flamethrower|p2a: Aleja\n|-damage|p2a: Aleja|73\/100\n|\n|-weather|SunnyDay|[upkeep]\n|-heal|p2a: Aleja|80\/100|[from] item: Leftovers\n|upkeep\n|turn|2\n|\n|t:|1699795309\n|switch|p1a: Papu :vvvvxdddd|Tapu Koko, shiny|100\/100\n|-fieldstart|move: Electric Terrain|[from] ability: Electric Surge|[of] p1a: Papu :vvvvxdddd\n|switch|p2a: Yukio|Ninetales-Alola, M|100\/100\n|-weather|Snow|[from] ability: Snow Warning|[of] p2a: Yukio\n|\n|-weather|Snow|[upkeep]\n|upkeep\n|turn|3\n|j| Gamer00ooO\n|\n|t:|1699795311\n|move|p1a: Papu :vvvvxdddd|U-turn|p2a: Yukio\n|-resisted|p2a: Yukio\n|-damage|p2a: Yukio|93\/100\n|\n|t:|1699795313\n|switch|p1a: Salamander|Charizard-Mega-Y, M|100\/100|[from] U-turn\n|-weather|SunnyDay|[from] ability: Drought|[of] p1a: Salamander\n|move|p2a: Yukio|Aurora Veil||[still]\n|-fail|p2a: Yukio\n|\n|-weather|SunnyDay|[upkeep]\n|upkeep\n|turn|4\n|c| Gamer00ooO|Hola\n|\n|t:|1699795317\n|switch|p2a: Aleja|Walrein, F|80\/100\n|move|p1a: Salamander|Flamethrower|p2a: Aleja\n|-damage|p2a: Aleja|52\/100\n|\n|-weather|SunnyDay|[upkeep]\n|-heal|p2a: Aleja|58\/100|[from] item: Leftovers\n|upkeep\n|turn|5\n|\n|t:|1699795322\n|switch|p1a: Papu :vvvvxdddd|Tapu Koko, shiny|100\/100\n|move|p2a: Aleja|Toxic|p1a: Papu :vvvvxdddd\n|-status|p1a: Papu :vvvvxdddd|tox\n|\n|-weather|SunnyDay|[upkeep]\n|-heal|p2a: Aleja|64\/100|[from] item: Leftovers\n|-damage|p1a: Papu :vvvvxdddd|94\/100 tox|[from] psn\n|upkeep\n|turn|6\n|\n|t:|1699795326\n|move|p2a: Aleja|Protect|p2a: Aleja\n|-singleturn|p2a: Aleja|Protect\n|move|p1a: Papu :vvvvxdddd|U-turn|p2a: Aleja\n|-activate|p2a: Aleja|move: Protect\n|\n|-weather|SunnyDay|[upkeep]\n|-heal|p2a: Aleja|70\/100|[from] item: Leftovers\n|-damage|p1a: Papu :vvvvxdddd|82\/100 tox|[from] psn\n|upkeep\n|turn|7\n|\n|t:|1699795328\n|move|p1a: Papu :vvvvxdddd|U-turn|p2a: Aleja\n|-damage|p2a: Aleja|56\/100\n|\n|t:|1699795331\n|switch|p1a: Alexis|Aegislash, F, shiny|100\/100|[from] U-turn\n|move|p2a: Aleja|Hydro Pump|p1a: Alexis\n|-damage|p1a: Alexis|86\/100\n|\n|-weather|none\n|-heal|p2a: Aleja|62\/100|[from] item: Leftovers\n|-heal|p1a: Alexis|92\/100|[from] item: Leftovers\n|upkeep\n|turn|8\n|\n|t:|1699795335\n|move|p2a: Aleja|Yawn|p1a: Alexis\n|-activate|p1a: Alexis|move: Electric Terrain\n|-formechange|p1a: Alexis|Aegislash-Blade||[from] ability: Stance Change\n|move|p1a: Alexis|Sacred Sword|p2a: Aleja\n|-supereffective|p2a: Aleja\n|-damage|p2a: Aleja|0 fnt\n|faint|p2a: Aleja\n|\n|-heal|p1a: Alexis|99\/100|[from] item: Leftovers\n|upkeep\n|\n|t:|1699795343\n|switch|p2a: Barney|Cetitan, M|100\/100\n|turn|9\n|\n|t:|1699795350\n|move|p2a: Barney|Earthquake|p1a: Alexis\n|-supereffective|p1a: Alexis\n|-damage|p1a: Alexis|0 fnt\n|faint|p1a: Alexis\n|\n|-fieldend|move: Electric Terrain\n|upkeep\n|\n|t:|1699795355\n|switch|p1a: Salamander|Charizard-Mega-Y, M|100\/100\n|-weather|SunnyDay|[from] ability: Drought|[of] p1a: Salamander\n|turn|10\n|\n|t:|1699795363\n|switch|p2a: Online|Mamoswine, M|100\/100\n|move|p1a: Salamander|Flamethrower|p2a: Online\n|-supereffective|p2a: Online\n|-damage|p2a: Online|0 fnt\n|faint|p2a: Online\n|\n|-weather|SunnyDay|[upkeep]\n|upkeep\n|c|\u2606Cristian7gg|Ai\n|\n|t:|1699795369\n|switch|p2a: Yukio|Ninetales-Alola, M|93\/100\n|-weather|Snow|[from] ability: Snow Warning|[of] p2a: Yukio\n|turn|11\n|\n|t:|1699795377\n|switch|p1a: Papu :vvvvxdddd|Tapu Koko, shiny|82\/100 tox\n|-fieldstart|move: Electric Terrain|[from] ability: Electric Surge|[of] p1a: Papu :vvvvxdddd\n|move|p2a: Yukio|Blizzard|p1a: Papu :vvvvxdddd\n|-damage|p1a: Papu :vvvvxdddd|15\/100 tox\n|\n|-weather|Snow|[upkeep]\n|-damage|p1a: Papu :vvvvxdddd|9\/100 tox|[from] psn\n|upkeep\n|turn|12\n|\n|t:|1699795386\n|switch|p2a: Eva|Frosmoth, F|100\/100\n|move|p1a: Papu :vvvvxdddd|U-turn|p2a: Eva\n|-damage|p2a: Eva|83\/100\n|\n|t:|1699795390\n|switch|p1a: Salamander|Charizard-Mega-Y, M|100\/100|[from] U-turn\n|-weather|SunnyDay|[from] ability: Drought|[of] p1a: Salamander\n|\n|-weather|SunnyDay|[upkeep]\n|upkeep\n|turn|13\n|\n|t:|1699795401\n|-terastallize|p2a: Eva|Ground\n|move|p1a: Salamander|Flamethrower|p2a: Eva\n|-damage|p2a: Eva|43\/100\n|move|p2a: Eva|Quiver Dance|p2a: Eva\n|-boost|p2a: Eva|spa|1\n|-boost|p2a: Eva|spd|1\n|-boost|p2a: Eva|spe|1\n|\n|-weather|SunnyDay|[upkeep]\n|upkeep\n|turn|14\n|\n|t:|1699795410\n|move|p2a: Eva|Ice Beam|p1a: Salamander\n|-damage|p1a: Salamander|43\/100\n|move|p1a: Salamander|Solar Beam||[still]\n|-prepare|p1a: Salamander|Solar Beam\n|-anim|p1a: Salamander|Solar Beam|p2a: Eva\n|-supereffective|p2a: Eva\n|-damage|p2a: Eva|13\/100\n|\n|-weather|SunnyDay|[upkeep]\n|upkeep\n|turn|15\n|\n|t:|1699795414\n|move|p2a: Eva|Ice Beam|p1a: Salamander\n|-damage|p1a: Salamander|0 fnt\n|faint|p1a: Salamander\n|\n|-weather|SunnyDay|[upkeep]\n|upkeep\n|\n|t:|1699795417\n|switch|p1a: Raichu|Raichu-Alola, M|100\/100\n|turn|16\n|\n|t:|1699795419\n|move|p1a: Raichu|Psyshock|p2a: Eva\n|-damage|p2a: Eva|0 fnt\n|faint|p2a: Eva\n|\n|-weather|none\n|upkeep\n|\n|t:|1699795421\n|switch|p2a: Yukio|Ninetales-Alola, M|93\/100\n|-weather|Snow|[from] ability: Snow Warning|[of] p2a: Yukio\n|turn|17\n|\n|t:|1699795423\n|-terastallize|p1a: Raichu|Electric\n|move|p1a: Raichu|Rising Voltage|p2a: Yukio\n|-hint|Rising Voltage's BP doubled on grounded target.\n|-damage|p2a: Yukio|0 fnt\n|faint|p2a: Yukio\n|\n|-weather|Snow|[upkeep]\n|upkeep\n|\n|t:|1699795443\n|switch|p2a: King|Eiscue, M, shiny|100\/100\n|turn|18\n|\n|t:|1699795447\n|move|p1a: Raichu|Rising Voltage|p2a: King\n|-hint|Rising Voltage's BP doubled on grounded target.\n|-damage|p2a: King|0 fnt\n|faint|p2a: King\n|\n|-weather|Snow|[upkeep]\n|-fieldend|move: Electric Terrain\n|upkeep\n|\n|t:|1699795449\n|switch|p2a: Barney|Cetitan, M|100\/100\n|turn|19\n|\n|t:|1699795454\n|switch|p1a: Papu :vvvvxdddd|Tapu Koko, shiny|9\/100 tox\n|-fieldstart|move: Electric Terrain|[from] ability: Electric Surge|[of] p1a: Papu :vvvvxdddd\n|move|p2a: Barney|Ice Spinner|p1a: Papu :vvvvxdddd\n|-damage|p1a: Papu :vvvvxdddd|0 fnt\n|-fieldend|move: Electric Terrain\n|faint|p1a: Papu :vvvvxdddd\n|\n|-weather|Snow|[upkeep]\n|upkeep\n|\n|t:|1699795466\n|switch|p1a: Pedro|Gliscor, F|100\/100\n|turn|20\n|\n|t:|1699795470\n|move|p2a: Barney|Ice Spinner|p1a: Pedro\n|-supereffective|p1a: Pedro\n|-damage|p1a: Pedro|0 fnt\n|faint|p1a: Pedro\n|\n|-weather|Snow|[upkeep]\n|upkeep\n|\n|t:|1699795475\n|switch|p1a: Raichu|Raichu-Alola, M, tera:Electric|100\/100\n|turn|21\n|\n|t:|1699795478\n|move|p2a: Barney|Earthquake|p1a: Raichu\n|-supereffective|p1a: Raichu\n|-enditem|p1a: Raichu|Focus Sash\n|-damage|p1a: Raichu|1\/100\n|move|p1a: Raichu|Rising Voltage|p2a: Barney\n|-damage|p2a: Barney|48\/100\n|\n|-weather|none\n|upkeep\n|turn|22\n|\n|t:|1699795486\n|move|p1a: Raichu|Rising Voltage|p2a: Barney\n|-damage|p2a: Barney|0 fnt\n|faint|p2a: Barney\n|\n|win|Cristian7gg\n|c| Void280|ggs\n|c|\u2606xCookieBallx|gg\n|c|\u2606Cristian7gg|Gg\n","uploadtime":1699795492,"views":12,"p1id":"cristian7gg","p2id":"xcookieballx","formatid":"gen9nationaldex","rating":0,"private":0,"password":""}