{"id":"gen9nationaldex-1996514707","p1":"Zippybud5","p2":"TheBigBadd","format":"[Gen 9] National Dex","log":"|html|<div class=\"broadcast-blue\"><strong>[Gen 9] National Dex is currently suspecting Sneasler! For information on how to participate check out the <a href=\"https:\/\/www.smogon.com\/forums\/threads\/sv-national-dex-suspect-8-just-dance.3731534\/\">suspect thread<\/a>.<\/strong><\/div>\n|j|\u2606Zippybud5\n|j|\u2606TheBigBadd\n|t:|1700689529\n|gametype|singles\n|player|p1|Zippybud5|169|1093\n|player|p2|TheBigBadd|marshal|1110\n|teamsize|p1|6\n|teamsize|p2|6\n|gen|9\n|tier|[Gen 9] National Dex\n|rated|\n|rule|HP Percentage Mod: HP is shown in percentages\n|rule|Endless Battle Clause: Forcing endless battles is banned\n|rule|OHKO Clause: OHKO moves are banned\n|rule|Evasion Clause: Evasion abilities, items, and moves are banned\n|rule|Evasion Abilities Clause: Evasion abilities are banned\n|rule|Evasion Items Clause: Evasion items are banned\n|rule|Evasion Moves Clause: Evasion moves are banned\n|rule|Species Clause: Limit one of each Pok\u00e9mon\n|rule|Sleep Clause Mod: Limit one foe put to sleep\n|clearpoke\n|poke|p1|Electivire, M|\n|poke|p1|Kabutops, M|\n|poke|p1|Dustox, F|\n|poke|p1|Orthworm, F|\n|poke|p1|Regidrago|\n|poke|p1|Iron Thorns|\n|poke|p2|Crawdaunt, F|\n|poke|p2|Latias, F|\n|poke|p2|Banette, F|\n|poke|p2|Aegislash, M|\n|poke|p2|Grimmsnarl, M|\n|poke|p2|Incineroar, F|\n|teampreview\n|\n|t:|1700689537\n|start\n|switch|p1a: Dustox|Dustox, F|100\/100\n|switch|p2a: RedLobster|Crawdaunt, F|100\/100\n|turn|1\n|\n|t:|1700689543\n|move|p2a: RedLobster|Aqua Jet|p1a: Dustox\n|-crit|p1a: Dustox\n|-damage|p1a: Dustox|15\/100\n|move|p1a: Dustox|Moonlight|p1a: Dustox\n|-heal|p1a: Dustox|65\/100\n|\n|-heal|p1a: Dustox|71\/100|[from] item: Black Sludge\n|upkeep\n|turn|2\n|\n|t:|1700689558\n|move|p2a: RedLobster|Aqua Jet|p1a: Dustox\n|-damage|p1a: Dustox|21\/100\n|move|p1a: Dustox|Quiver Dance|p1a: Dustox\n|-boost|p1a: Dustox|spa|1\n|-boost|p1a: Dustox|spd|1\n|-boost|p1a: Dustox|spe|1\n|\n|-heal|p1a: Dustox|27\/100|[from] item: Black Sludge\n|upkeep\n|turn|3\n|\n|t:|1700689569\n|-terastallize|p1a: Dustox|Grass\n|move|p2a: RedLobster|Aqua Jet|p1a: Dustox\n|-resisted|p1a: Dustox\n|-damage|p1a: Dustox|0 fnt\n|faint|p1a: Dustox\n|\n|upkeep\n|\n|t:|1700689576\n|switch|p1a: Regidrago|Regidrago|100\/100\n|turn|4\n|\n|t:|1700689581\n|switch|p2a: \"blocked\"|Grimmsnarl, M|100\/100\n|move|p1a: Regidrago|Dragon Dance|p1a: Regidrago\n|-boost|p1a: Regidrago|atk|1\n|-boost|p1a: Regidrago|spe|1\n|\n|upkeep\n|turn|5\n|\n|t:|1700689589\n|move|p2a: \"blocked\"|Fake Out|p1a: Regidrago\n|-damage|p1a: Regidrago|85\/100\n|cant|p1a: Regidrago|flinch\n|\n|upkeep\n|turn|6\n|\n|t:|1700689597\n|move|p2a: \"blocked\"|Thunder Wave|p1a: Regidrago\n|-status|p1a: Regidrago|par\n|move|p1a: Regidrago|Earthquake|p2a: \"blocked\"\n|-crit|p2a: \"blocked\"\n|-damage|p2a: \"blocked\"|6\/100\n|-enditem|p2a: \"blocked\"|Red Card|[of] p1a: Regidrago\n|drag|p1a: Kabutops|Kabutops, M|100\/100\n|\n|upkeep\n|turn|7\n|\n|t:|1700689607\n|move|p1a: Kabutops|Aqua Jet|p2a: \"blocked\"\n|-damage|p2a: \"blocked\"|0 fnt\n|faint|p2a: \"blocked\"\n|\n|upkeep\n|\n|t:|1700689616\n|switch|p2a: uWu supp|Latias, F|100\/100\n|turn|8\n|\n|t:|1700689623\n|move|p2a: uWu supp|Future Sight|p1a: Kabutops\n|-start|p2a: uWu supp|move: Future Sight\n|move|p1a: Kabutops|Swords Dance|p1a: Kabutops\n|-boost|p1a: Kabutops|atk|2\n|\n|upkeep\n|turn|9\n|\n|t:|1700689629\n|switch|p2a: MonsterHunter|Aegislash, M|100\/100\n|move|p1a: Kabutops|Leech Life|p2a: MonsterHunter\n|-resisted|p2a: MonsterHunter\n|-damage|p2a: MonsterHunter|90\/100\n|\n|-heal|p2a: MonsterHunter|96\/100|[from] item: Leftovers\n|upkeep\n|turn|10\n|\n|t:|1700689639\n|move|p1a: Kabutops|Knock Off|p2a: MonsterHunter\n|-supereffective|p2a: MonsterHunter\n|-damage|p2a: MonsterHunter|4\/100\n|-enditem|p2a: MonsterHunter|Leftovers|[from] move: Knock Off|[of] p1a: Kabutops\n|move|p2a: MonsterHunter|Swords Dance|p2a: MonsterHunter\n|-boost|p2a: MonsterHunter|atk|2\n|\n|-end|p1a: Kabutops|move: Future Sight\n|-damage|p1a: Kabutops|15\/100\n|upkeep\n|turn|11\n|\n|t:|1700689654\n|move|p2a: MonsterHunter|King's Shield|p2a: MonsterHunter\n|-singleturn|p2a: MonsterHunter|Protect\n|move|p1a: Kabutops|Aqua Jet|p2a: MonsterHunter\n|-activate|p2a: MonsterHunter|move: Protect\n|-unboost|p1a: Kabutops|atk|1\n|\n|upkeep\n|turn|12\n|\n|t:|1700689661\n|move|p2a: MonsterHunter|King's Shield||[still]\n|-fail|p2a: MonsterHunter\n|move|p1a: Kabutops|Aqua Jet|p2a: MonsterHunter\n|-damage|p2a: MonsterHunter|0 fnt\n|faint|p2a: MonsterHunter\n|\n|upkeep\n|\n|t:|1700689668\n|switch|p2a: RedLobster|Crawdaunt, F|100\/100\n|turn|13\n|\n|t:|1700689685\n|switch|p1a: Regidrago|Regidrago|85\/100 par\n|move|p2a: RedLobster|Aqua Jet|p1a: Regidrago\n|-resisted|p1a: Regidrago\n|-damage|p1a: Regidrago|62\/100 par\n|\n|upkeep\n|turn|14\n|\n|t:|1700689696\n|switch|p2a: Instigator|Banette, F|100\/100\n|-item|p1a: Regidrago|Life Orb|[from] ability: Frisk|[of] p2a: Instigator|[identify]\n|cant|p1a: Regidrago|par\n|\n|upkeep\n|turn|15\n|\n|t:|1700689709\n|move|p2a: Instigator|Encore||[still]\n|-fail|p2a: Instigator\n|move|p1a: Regidrago|Dragon Claw|p2a: Instigator\n|-damage|p2a: Instigator|12\/100\n|-damage|p1a: Regidrago|52\/100 par|[from] item: Life Orb\n|\n|upkeep\n|turn|16\n|\n|t:|1700689718\n|switch|p1a: Orthworm|Orthworm, F, shiny|100\/100\n|detailschange|p2a: Instigator|Banette-Mega, F\n|-mega|p2a: Instigator|Banette|Banettite\n|move|p2a: Instigator|Destiny Bond|p2a: Instigator\n|-singlemove|p2a: Instigator|Destiny Bond\n|\n|upkeep\n|turn|17\n|\n|t:|1700689740\n|move|p2a: Instigator|Taunt|p1a: Orthworm\n|-start|p1a: Orthworm|move: Taunt\n|move|p1a: Orthworm|Body Press|p2a: Instigator\n|-immune|p2a: Instigator\n|\n|upkeep\n|turn|18\n|\n|t:|1700689753\n|move|p2a: Instigator|Encore|p1a: Orthworm\n|-start|p1a: Orthworm|Encore\n|move|p1a: Orthworm|Body Press|p2a: Instigator\n|-immune|p2a: Instigator\n|\n|upkeep\n|turn|19\n|\n|t:|1700689772\n|switch|p1a: Iron Thorns|Iron Thorns|100\/100\n|-enditem|p1a: Iron Thorns|Booster Energy\n|-activate|p1a: Iron Thorns|ability: Quark Drive|[fromitem]\n|-start|p1a: Iron Thorns|quarkdriveatk\n|move|p2a: Instigator|Knock Off|p1a: Iron Thorns\n|-damage|p1a: Iron Thorns|74\/100\n|\n|upkeep\n|turn|20\n|\n|t:|1700689781\n|move|p2a: Instigator|Destiny Bond|p2a: Instigator\n|-singlemove|p2a: Instigator|Destiny Bond\n|move|p1a: Iron Thorns|Dragon Dance|p1a: Iron Thorns\n|-boost|p1a: Iron Thorns|atk|1\n|-boost|p1a: Iron Thorns|spe|1\n|\n|upkeep\n|turn|21\n|\n|t:|1700689789\n|move|p2a: Instigator|Encore|p1a: Iron Thorns\n|-start|p1a: Iron Thorns|Encore\n|move|p1a: Iron Thorns|Dragon Dance|p1a: Iron Thorns\n|-boost|p1a: Iron Thorns|atk|1\n|-boost|p1a: Iron Thorns|spe|1\n|\n|upkeep\n|turn|22\n|\n|t:|1700689795\n|move|p2a: Instigator|Taunt|p1a: Iron Thorns\n|-start|p1a: Iron Thorns|move: Taunt\n|cant|p1a: Iron Thorns|move: Taunt|Dragon Dance\n|\n|upkeep\n|turn|23\n|\n|t:|1700689802\n|move|p2a: Instigator|Destiny Bond|p2a: Instigator\n|-singlemove|p2a: Instigator|Destiny Bond\n|-activate|p1a: Iron Thorns|move: Struggle\n|move|p1a: Iron Thorns|Struggle|p2a: Instigator\n|-damage|p2a: Instigator|0 fnt\n|faint|p2a: Instigator\n|-activate|p2a: Instigator|move: Destiny Bond\n|faint|p1a: Iron Thorns\n|-end|p1a: Iron Thorns|Quark Drive|[silent]\n|\n|upkeep\n|\n|t:|1700689812\n|switch|p1a: Kabutops|Kabutops, M|15\/100\n|switch|p2a: RedLobster|Crawdaunt, F|100\/100\n|turn|24\n|\n|t:|1700689817\n|move|p1a: Kabutops|Leech Life|p2a: RedLobster\n|-supereffective|p2a: RedLobster\n|-damage|p2a: RedLobster|34\/100\n|-heal|p1a: Kabutops|57\/100|[from] drain|[of] p2a: RedLobster\n|move|p2a: RedLobster|Crabhammer|p1a: Kabutops\n|-damage|p1a: Kabutops|0 fnt\n|faint|p1a: Kabutops\n|\n|upkeep\n|\n|t:|1700689827\n|switch|p1a: Electivire|Electivire, M|100\/100\n|turn|25\n|\n|t:|1700689832\n|switch|p2a: uWu supp|Latias, F|100\/100\n|move|p1a: Electivire|Charge Beam|p2a: uWu supp\n|-resisted|p2a: uWu supp\n|-damage|p2a: uWu supp|92\/100\n|-boost|p1a: Electivire|spa|1\n|\n|-heal|p2a: uWu supp|98\/100|[from] item: Leftovers\n|upkeep\n|turn|26\n|\n|t:|1700689851\n|move|p2a: uWu supp|Future Sight|p1a: Electivire\n|-start|p2a: uWu supp|move: Future Sight\n|move|p1a: Electivire|Psychic|p2a: uWu supp\n|-resisted|p2a: uWu supp\n|-damage|p2a: uWu supp|84\/100\n|\n|-heal|p2a: uWu supp|90\/100|[from] item: Leftovers\n|upkeep\n|turn|27\n|\n|t:|1700689862\n|switch|p1a: Regidrago|Regidrago|52\/100 par\n|move|p2a: uWu supp|Wish|p2a: uWu supp\n|\n|-heal|p2a: uWu supp|96\/100|[from] item: Leftovers\n|upkeep\n|turn|28\n|\n|t:|1700689874\n|move|p2a: uWu supp|Psyshock|p1a: Regidrago\n|-damage|p1a: Regidrago|24\/100 par\n|move|p1a: Regidrago|Dragon Claw|p2a: uWu supp\n|-supereffective|p2a: uWu supp\n|-damage|p2a: uWu supp|0 fnt\n|faint|p2a: uWu supp\n|-damage|p1a: Regidrago|14\/100 par|[from] item: Life Orb\n|\n|-end|p1a: Regidrago|move: Future Sight\n|-crit|p1a: Regidrago\n|-damage|p1a: Regidrago|0 fnt\n|faint|p1a: Regidrago\n|upkeep\n|\n|t:|1700689892\n|switch|p2a: RedLobster|Crawdaunt, F|34\/100\n|switch|p1a: Orthworm|Orthworm, F, shiny|100\/100\n|turn|29\n|\n|t:|1700689900\n|move|p1a: Orthworm|Earthquake|p2a: RedLobster\n|-damage|p2a: RedLobster|8\/100\n|move|p2a: RedLobster|Crabhammer|p1a: Orthworm|[miss]\n|-miss|p2a: RedLobster|p1a: Orthworm\n|\n|upkeep\n|turn|30\n|\n|t:|1700689909\n|move|p1a: Orthworm|Body Press|p2a: RedLobster\n|-supereffective|p2a: RedLobster\n|-damage|p2a: RedLobster|0 fnt\n|faint|p2a: RedLobster\n|\n|upkeep\n|\n|t:|1700689914\n|switch|p2a: *PullsUpSki*|Incineroar, F|100\/100\n|-ability|p2a: *PullsUpSki*|Intimidate|boost\n|-unboost|p1a: Orthworm|atk|1\n|turn|31\n|\n|t:|1700689925\n|move|p1a: Orthworm|Bulldoze|p2a: *PullsUpSki*\n|-supereffective|p2a: *PullsUpSki*\n|-damage|p2a: *PullsUpSki*|85\/100\n|-unboost|p2a: *PullsUpSki*|spe|1\n|-enditem|p2a: *PullsUpSki*|Weakness Policy\n|-boost|p2a: *PullsUpSki*|atk|2|[from] item: Weakness Policy\n|-boost|p2a: *PullsUpSki*|spa|2|[from] item: Weakness Policy\n|move|p2a: *PullsUpSki*|Flame Charge|p1a: Orthworm\n|-supereffective|p1a: Orthworm\n|-damage|p1a: Orthworm|19\/100\n|-boost|p2a: *PullsUpSki*|spe|1\n|\n|upkeep\n|turn|32\n|l|\u2606Zippybud5\n|player|p1|\n|j|\u2606Zippybud5\n|player|p1|Zippybud5|169\n|\n|t:|1700689965\n|move|p1a: Orthworm|Bulldoze|p2a: *PullsUpSki*\n|-supereffective|p2a: *PullsUpSki*\n|-damage|p2a: *PullsUpSki*|70\/100\n|-unboost|p2a: *PullsUpSki*|spe|1\n|move|p2a: *PullsUpSki*|Flame Charge|p1a: Orthworm\n|-supereffective|p1a: Orthworm\n|-damage|p1a: Orthworm|0 fnt\n|-boost|p2a: *PullsUpSki*|spe|1\n|faint|p1a: Orthworm\n|\n|upkeep\n|\n|t:|1700689975\n|switch|p1a: Electivire|Electivire, M|100\/100\n|turn|33\n|\n|t:|1700689981\n|-terastallize|p2a: *PullsUpSki*|Steel\n|move|p1a: Electivire|Focus Blast|p2a: *PullsUpSki*\n|-supereffective|p2a: *PullsUpSki*\n|-damage|p2a: *PullsUpSki*|0 fnt\n|faint|p2a: *PullsUpSki*\n|\n|win|Zippybud5\n|raw|Zippybud5's rating: 1093 &rarr; <strong>1120<\/strong><br \/>(+27 for winning)\n|raw|TheBigBadd's rating: 1110 &rarr; <strong>1084<\/strong><br \/>(-26 for losing)\n","uploadtime":1700689989,"views":1,"p1id":"zippybud5","p2id":"thebigbadd","formatid":"gen9nationaldex","rating":1084,"private":0,"password":""}