{"id":"gen9nationaldex-1991752931","p1":"Souravgotthepkmn1","p2":"Dhaval101","format":"[Gen 9] National Dex","log":"|j|\u2606Souravgotthepkmn1\n|j|\u2606Dhaval101\n|t:|1700111294\n|gametype|singles\n|player|p1|Souravgotthepkmn1|gambler|\n|player|p2|Dhaval101|riley|\n|teamsize|p1|6\n|teamsize|p2|6\n|gen|9\n|tier|[Gen 9] National Dex\n|rule|HP Percentage Mod: HP is shown in percentages\n|rule|Endless Battle Clause: Forcing endless battles is banned\n|rule|OHKO Clause: OHKO moves are banned\n|rule|Evasion Clause: Evasion abilities, items, and moves are banned\n|rule|Evasion Abilities Clause: Evasion abilities are banned\n|rule|Evasion Items Clause: Evasion items are banned\n|rule|Evasion Moves Clause: Evasion moves are banned\n|rule|Species Clause: Limit one of each Pok\u00e9mon\n|rule|Sleep Clause Mod: Limit one foe put to sleep\n|clearpoke\n|poke|p1|Mawile, M|\n|poke|p1|Sneasler, M|\n|poke|p1|Lilligant-Hisui, F|\n|poke|p1|Dracozolt|\n|poke|p1|Skeledirge, F|\n|poke|p1|Primarina, F|\n|poke|p2|Iron Jugulis|\n|poke|p2|Crobat, F|\n|poke|p2|Glimmora, F|\n|poke|p2|Lopunny, F|\n|poke|p2|Grimmsnarl, M|\n|poke|p2|Typhlosion, M|\n|teampreview\n|\n|t:|1700111305\n|start\n|switch|p1a: Primarina|Primarina, F, shiny|100\/100\n|switch|p2a: Glimmora|Glimmora, F|100\/100\n|turn|1\n|\n|t:|1700111314\n|move|p2a: Glimmora|Stealth Rock|p1a: Primarina\n|-sidestart|p1: Souravgotthepkmn1|move: Stealth Rock\n|move|p1a: Primarina|Psychic|p2a: Glimmora\n|-supereffective|p2a: Glimmora\n|-damage|p2a: Glimmora|3\/100\n|\n|upkeep\n|turn|2\n|inactive|Battle timer is ON: inactive players will automatically lose when time's up. (requested by Souravgotthepkmn1)\n|\n|t:|1700111322\n|-terastallize|p1a: Primarina|Steel\n|move|p2a: Glimmora|Sludge Bomb|p1a: Primarina\n|-immune|p1a: Primarina\n|move|p1a: Primarina|Hyper Voice|p2a: Glimmora\n|-supereffective|p2a: Glimmora\n|-damage|p2a: Glimmora|0 fnt\n|faint|p2a: Glimmora\n|-enditem|p1a: Primarina|Throat Spray\n|-boost|p1a: Primarina|spa|1|[from] item: Throat Spray\n|\n|upkeep\n|\n|t:|1700111334\n|switch|p2a: Typhlosion|Typhlosion, M|100\/100\n|turn|3\n|\n|t:|1700111341\n|move|p2a: Typhlosion|Eruption|p1a: Primarina\n|-supereffective|p1a: Primarina\n|-damage|p1a: Primarina|0 fnt\n|faint|p1a: Primarina\n|\n|upkeep\n|\n|t:|1700111351\n|switch|p1a: Dracozolt|Dracozolt|100\/100\n|-damage|p1a: Dracozolt|88\/100|[from] Stealth Rock\n|turn|4\n|\n|t:|1700111364\n|move|p2a: Typhlosion|Eruption|p1a: Dracozolt\n|-resisted|p1a: Dracozolt\n|-damage|p1a: Dracozolt|42\/100\n|move|p1a: Dracozolt|Bolt Beak|p2a: Typhlosion\n|-damage|p2a: Typhlosion|25\/100\n|\n|upkeep\n|turn|5\n|\n|t:|1700111380\n|switch|p1a: Skeledirge|Skeledirge, F|100\/100\n|-damage|p1a: Skeledirge|75\/100|[from] Stealth Rock\n|move|p2a: Typhlosion|Eruption|p1a: Skeledirge\n|-resisted|p1a: Skeledirge\n|-damage|p1a: Skeledirge|70\/100\n|\n|upkeep\n|turn|6\n|\n|t:|1700111399\n|move|p2a: Typhlosion|Eruption|p1a: Skeledirge\n|-resisted|p1a: Skeledirge\n|-damage|p1a: Skeledirge|64\/100\n|move|p1a: Skeledirge|Torch Song|p2a: Typhlosion\n|-start|p2a: Typhlosion|ability: Flash Fire\n|\n|upkeep\n|turn|7\n|\n|t:|1700111409\n|move|p2a: Typhlosion|Eruption|p1a: Skeledirge\n|-resisted|p1a: Skeledirge\n|-damage|p1a: Skeledirge|56\/100\n|move|p1a: Skeledirge|Earth Power|p2a: Typhlosion\n|-supereffective|p2a: Typhlosion\n|-damage|p2a: Typhlosion|0 fnt\n|faint|p2a: Typhlosion\n|\n|upkeep\n|\n|t:|1700111419\n|switch|p2a: Iron Jugulis|Iron Jugulis|100\/100\n|-enditem|p2a: Iron Jugulis|Booster Energy\n|-activate|p2a: Iron Jugulis|ability: Quark Drive|[fromitem]\n|-start|p2a: Iron Jugulis|quarkdrivespe\n|turn|8\n|\n|t:|1700111434\n|-terastallize|p2a: Iron Jugulis|Ground\n|move|p2a: Iron Jugulis|Earth Power|p1a: Skeledirge\n|-supereffective|p1a: Skeledirge\n|-damage|p1a: Skeledirge|0 fnt\n|faint|p1a: Skeledirge\n|\n|upkeep\n|\n|t:|1700111446\n|switch|p1a: Lilligant|Lilligant-Hisui, F|100\/100\n|-damage|p1a: Lilligant|94\/100|[from] Stealth Rock\n|turn|9\n|\n|t:|1700111457\n|move|p2a: Iron Jugulis|Hurricane|p1a: Lilligant|[miss]\n|-miss|p2a: Iron Jugulis|p1a: Lilligant\n|move|p1a: Lilligant|Ice Spinner|p2a: Iron Jugulis\n|-supereffective|p2a: Iron Jugulis\n|-damage|p2a: Iron Jugulis|0 fnt\n|faint|p2a: Iron Jugulis\n|-end|p2a: Iron Jugulis|Quark Drive|[silent]\n|-damage|p1a: Lilligant|84\/100|[from] item: Life Orb\n|\n|upkeep\n|\n|t:|1700111467\n|switch|p2a: Crobat|Crobat, F|100\/100\n|turn|10\n|\n|t:|1700111474\n|move|p2a: Crobat|Brave Bird|p1a: Lilligant\n|-supereffective|p1a: Lilligant\n|-damage|p1a: Lilligant|0 fnt\n|faint|p1a: Lilligant\n|-damage|p2a: Crobat|75\/100|[from] Recoil\n|\n|upkeep\n|\n|t:|1700111481\n|switch|p1a: Sneasler|Sneasler, M|100\/100\n|-damage|p1a: Sneasler|95\/100|[from] Stealth Rock\n|turn|11\n|\n|t:|1700111487\n|move|p1a: Sneasler|Endure|p1a: Sneasler\n|-singleturn|p1a: Sneasler|move: Endure\n|move|p2a: Crobat|Brave Bird|p1a: Sneasler\n|-supereffective|p1a: Sneasler\n|-activate|p1a: Sneasler|move: Endure\n|-damage|p1a: Sneasler|1\/100\n|-enditem|p1a: Sneasler|Weakness Policy\n|-boost|p1a: Sneasler|atk|2|[from] item: Weakness Policy\n|-boost|p1a: Sneasler|spa|2|[from] item: Weakness Policy\n|-damage|p2a: Crobat|46\/100|[from] Recoil\n|\n|upkeep\n|turn|12\n|\n|t:|1700111500\n|move|p1a: Sneasler|Acrobatics|p2a: Crobat\n|-damage|p2a: Crobat|0 fnt\n|faint|p2a: Crobat\n|\n|upkeep\n|\n|t:|1700111509\n|switch|p2a: Lopunny|Lopunny, F|100\/100\n|turn|13\n|\n|t:|1700111514\n|detailschange|p2a: Lopunny|Lopunny-Mega, F\n|-mega|p2a: Lopunny|Lopunny|Lopunnite\n|move|p1a: Sneasler|Endure|p1a: Sneasler\n|-singleturn|p1a: Sneasler|move: Endure\n|move|p2a: Lopunny|Fake Out|p1a: Sneasler\n|-activate|p1a: Sneasler|move: Endure\n|-damage|p1a: Sneasler|1\/100\n|\n|upkeep\n|turn|14\n|\n|t:|1700111525\n|move|p1a: Sneasler|Acrobatics|p2a: Lopunny\n|-supereffective|p2a: Lopunny\n|-damage|p2a: Lopunny|0 fnt\n|faint|p2a: Lopunny\n|\n|upkeep\n|\n|t:|1700111531\n|switch|p2a: Grimmsnarl|Grimmsnarl, M|100\/100\n|turn|15\n|\n|t:|1700111536\n|move|p1a: Sneasler|Endure|p1a: Sneasler\n|-singleturn|p1a: Sneasler|move: Endure\n|move|p2a: Grimmsnarl|Bulk Up|p2a: Grimmsnarl\n|-boost|p2a: Grimmsnarl|atk|1\n|-boost|p2a: Grimmsnarl|def|1\n|\n|upkeep\n|turn|16\n|\n|t:|1700111547\n|move|p2a: Grimmsnarl|Sucker Punch|p1a: Sneasler\n|-resisted|p1a: Sneasler\n|-damage|p1a: Sneasler|0 fnt\n|faint|p1a: Sneasler\n|\n|upkeep\n|\n|t:|1700111557\n|switch|p1a: Dracozolt|Dracozolt|42\/100\n|-damage|p1a: Dracozolt|29\/100|[from] Stealth Rock\n|turn|17\n|\n|t:|1700111566\n|move|p2a: Grimmsnarl|Sucker Punch||[still]\n|-fail|p2a: Grimmsnarl\n|move|p1a: Dracozolt|Thunder Wave|p2a: Grimmsnarl\n|-status|p2a: Grimmsnarl|par\n|\n|upkeep\n|turn|18\n|\n|t:|1700111573\n|switch|p1a: Mawile|Mawile, M|100\/100\n|-damage|p1a: Mawile|94\/100|[from] Stealth Rock\n|-ability|p1a: Mawile|Intimidate|boost\n|-unboost|p2a: Grimmsnarl|atk|1\n|move|p2a: Grimmsnarl|Spirit Break|p1a: Mawile\n|-resisted|p1a: Mawile\n|-damage|p1a: Mawile|69\/100\n|-unboost|p1a: Mawile|spa|1\n|\n|upkeep\n|turn|19\n|\n|t:|1700111590\n|detailschange|p1a: Mawile|Mawile-Mega, M\n|-mega|p1a: Mawile|Mawile|Mawilite\n|move|p2a: Grimmsnarl|Bulk Up|p2a: Grimmsnarl\n|-boost|p2a: Grimmsnarl|atk|1\n|-boost|p2a: Grimmsnarl|def|1\n|move|p1a: Mawile|Iron Head|p2a: Grimmsnarl\n|-supereffective|p2a: Grimmsnarl\n|-enditem|p2a: Grimmsnarl|Focus Sash\n|-damage|p2a: Grimmsnarl|1\/100 par\n|\n|upkeep\n|turn|20\n|\n|t:|1700111602\n|move|p1a: Mawile|Sucker Punch|p2a: Grimmsnarl\n|-resisted|p2a: Grimmsnarl\n|-damage|p2a: Grimmsnarl|0 fnt\n|faint|p2a: Grimmsnarl\n|\n|win|Souravgotthepkmn1\n|l|\u2606Dhaval101\n|l|\u2606Souravgotthepkmn1\n|j|\u2606Souravgotthepkmn1\n|player|p1|Souravgotthepkmn1|gambler\n","uploadtime":1700111950,"views":15,"p1id":"souravgotthepkmn1","p2id":"dhaval101","formatid":"gen9nationaldex","rating":0,"private":0,"password":""}