{"id":"gen9nationaldex-1999336130","p1":"Striah44444","p2":"psng","format":"[Gen 9] National Dex","log":"|html|<div class=\"broadcast-blue\"><strong>[Gen 9] National Dex is currently suspecting Sneasler! For information on how to participate check out the <a href=\"https:\/\/www.smogon.com\/forums\/threads\/sv-national-dex-suspect-8-just-dance.3731534\/\">suspect thread<\/a>.<\/strong><\/div>\n|j|\u2606Striah44444\n|j|\u2606psng\n|t:|1701062332\n|gametype|singles\n|player|p1|Striah44444|265|1408\n|player|p2|psng|wallace|1472\n|teamsize|p1|6\n|teamsize|p2|6\n|gen|9\n|tier|[Gen 9] National Dex\n|rated|\n|rule|HP Percentage Mod: HP is shown in percentages\n|rule|Endless Battle Clause: Forcing endless battles is banned\n|rule|OHKO Clause: OHKO moves are banned\n|rule|Evasion Clause: Evasion abilities, items, and moves are banned\n|rule|Evasion Abilities Clause: Evasion abilities are banned\n|rule|Evasion Items Clause: Evasion items are banned\n|rule|Evasion Moves Clause: Evasion moves are banned\n|rule|Species Clause: Limit one of each Pok\u00e9mon\n|rule|Sleep Clause Mod: Limit one foe put to sleep\n|clearpoke\n|poke|p1|Iron Valiant|\n|poke|p1|Glimmora, F|\n|poke|p1|Ogerpon-Wellspring, F|\n|poke|p1|Weavile, M|\n|poke|p1|Gliscor, M|\n|poke|p1|Heatran, M|\n|poke|p2|Pelipper, M|\n|poke|p2|Tapu Lele|\n|poke|p2|Swampert, M|\n|poke|p2|Greninja-*, M|\n|poke|p2|Zapdos|\n|poke|p2|Ferrothorn, M|\n|teampreview\n|inactive|Battle timer is ON: inactive players will automatically lose when time's up. (requested by psng)\n|\n|t:|1701062345\n|start\n|switch|p1a: Heatran|Heatran, M|100\/100\n|switch|p2a: Tapu Lele|Tapu Lele, shiny|100\/100\n|-fieldstart|move: Psychic Terrain|[from] ability: Psychic Surge|[of] p2a: Tapu Lele\n|turn|1\n|\n|t:|1701062353\n|switch|p2a: Pelipper|Pelipper, M, shiny|100\/100\n|-weather|RainDance|[from] ability: Drizzle|[of] p2a: Pelipper\n|move|p1a: Heatran|Flash Cannon|p2a: Pelipper\n|-resisted|p2a: Pelipper\n|-damage|p2a: Pelipper|70\/100\n|\n|-weather|RainDance|[upkeep]\n|upkeep\n|turn|2\n|\n|t:|1701062370\n|switch|p1a: Ogerpon|Ogerpon-Wellspring, F|100\/100\n|move|p2a: Pelipper|Knock Off|p1a: Ogerpon\n|-damage|p1a: Ogerpon|90\/100\n|\n|-weather|RainDance|[upkeep]\n|upkeep\n|turn|3\n|c|\u2606Striah44444|Since when did pelipper learn knock\n|inactive|Striah44444 has 120 seconds left.\n|\n|t:|1701062397\n|move|p1a: Ogerpon|Power Whip|p2a: Pelipper\n|-damage|p2a: Pelipper|18\/100\n|move|p2a: Pelipper|U-turn|p1a: Ogerpon\n|-supereffective|p1a: Ogerpon\n|-damage|p1a: Ogerpon|66\/100\n|\n|t:|1701062406\n|switch|p2a: Zapdos|Zapdos, shiny|100\/100|[from] U-turn\n|\n|-weather|RainDance|[upkeep]\n|upkeep\n|turn|4\n|\n|t:|1701062412\n|switch|p1a: Glimmora|Glimmora, F|100\/100\n|-zpower|p2a: Zapdos\n|move|p2a: Zapdos|Supersonic Skystrike|p1a: Glimmora|[zeffect]\n|-resisted|p1a: Glimmora\n|-damage|p1a: Glimmora|47\/100\n|\n|-weather|RainDance|[upkeep]\n|upkeep\n|turn|5\n|\n|t:|1701062425\n|switch|p2a: Swampert|Swampert, M, shiny|100\/100\n|move|p1a: Glimmora|Power Gem|p2a: Swampert\n|-resisted|p2a: Swampert\n|-damage|p2a: Swampert|79\/100\n|\n|-weather|RainDance|[upkeep]\n|-fieldend|move: Psychic Terrain\n|upkeep\n|turn|6\n|\n|t:|1701062433\n|switch|p1a: Ogerpon|Ogerpon-Wellspring, F|66\/100\n|detailschange|p2a: Swampert|Swampert-Mega, M, shiny\n|-mega|p2a: Swampert|Swampert|Swampertite\n|move|p2a: Swampert|Earthquake|p1a: Ogerpon\n|-resisted|p1a: Ogerpon\n|-damage|p1a: Ogerpon|25\/100\n|\n|-weather|RainDance|[upkeep]\n|upkeep\n|turn|7\n|\n|t:|1701062449\n|switch|p1a: Gliscor|Gliscor, M|100\/100\n|move|p2a: Swampert|Ice Punch|p1a: Gliscor\n|-supereffective|p1a: Gliscor\n|-damage|p1a: Gliscor|13\/100\n|\n|-weather|RainDance|[upkeep]\n|-status|p1a: Gliscor|tox|[from] item: Toxic Orb\n|upkeep\n|turn|8\n|\n|t:|1701062470\n|switch|p1a: Weavile|Weavile, M|100\/100\n|-ability|p1a: Weavile|Pressure\n|move|p2a: Swampert|Flip Turn|p1a: Weavile\n|-damage|p1a: Weavile|0 fnt\n|faint|p1a: Weavile\n|\n|t:|1701062485\n|switch|p2a: Tapu Lele|Tapu Lele, shiny|100\/100|[from] Flip Turn\n|-fieldstart|move: Psychic Terrain|[from] ability: Psychic Surge|[of] p2a: Tapu Lele\n|\n|-weather|none\n|upkeep\n|\n|t:|1701062491\n|switch|p1a: Heatran|Heatran, M|100\/100\n|turn|9\n|\n|t:|1701062502\n|switch|p2a: Pelipper|Pelipper, M, shiny|18\/100\n|-weather|RainDance|[from] ability: Drizzle|[of] p2a: Pelipper\n|move|p1a: Heatran|Flash Cannon|p2a: Pelipper\n|-resisted|p2a: Pelipper\n|-damage|p2a: Pelipper|0 fnt\n|faint|p2a: Pelipper\n|\n|-weather|RainDance|[upkeep]\n|upkeep\n|\n|t:|1701062509\n|switch|p2a: Swampert|Swampert-Mega, M, shiny|79\/100\n|turn|10\n|\n|t:|1701062527\n|-terastallize|p1a: Heatran|Flying\n|move|p2a: Swampert|Flip Turn|p1a: Heatran\n|-damage|p1a: Heatran|53\/100\n|-status|p2a: Swampert|brn|[from] ability: Flame Body|[of] p1a: Heatran\n|\n|t:|1701062541\n|switch|p2a: Zapdos|Zapdos, shiny|100\/100|[from] Flip Turn\n|move|p1a: Heatran|Tera Blast|p2a: Zapdos|[anim] Tera Blast Flying\n|-resisted|p2a: Zapdos\n|-damage|p2a: Zapdos|79\/100\n|\n|-weather|RainDance|[upkeep]\n|upkeep\n|turn|11\n|\n|t:|1701062556\n|switch|p1a: Gliscor|Gliscor, M|13\/100 tox\n|move|p2a: Zapdos|U-turn|p1a: Gliscor\n|-resisted|p1a: Gliscor\n|-damage|p1a: Gliscor|10\/100 tox\n|\n|t:|1701062561\n|switch|p2a: Greninja|Greninja, M|100\/100|[from] U-turn\n|\n|-weather|RainDance|[upkeep]\n|-heal|p1a: Gliscor|22\/100 tox|[from] ability: Poison Heal\n|upkeep\n|turn|12\n|\n|t:|1701062568\n|switch|p1a: Ogerpon|Ogerpon-Wellspring, F|25\/100\n|move|p2a: Greninja|Ice Beam|p1a: Ogerpon\n|-damage|p1a: Ogerpon|0 fnt\n|faint|p1a: Ogerpon\n|-ability|p2a: Greninja|Battle Bond|boost\n|-boost|p2a: Greninja|atk|1\n|-boost|p2a: Greninja|spa|1\n|-boost|p2a: Greninja|spe|1\n|-activate|p2a: Greninja|ability: Battle Bond\n|-damage|p2a: Greninja|91\/100|[from] item: Life Orb\n|\n|-weather|RainDance|[upkeep]\n|-fieldend|move: Psychic Terrain\n|upkeep\n|\n|t:|1701062572\n|switch|p1a: Iron Valiant|Iron Valiant|100\/100\n|-enditem|p1a: Iron Valiant|Booster Energy\n|-activate|p1a: Iron Valiant|ability: Quark Drive|[fromitem]\n|-start|p1a: Iron Valiant|quarkdrivespe\n|turn|13\n|\n|t:|1701062580\n|-terastallize|p2a: Greninja|Water\n|move|p2a: Greninja|Surf|p1a: Iron Valiant\n|-damage|p1a: Iron Valiant|0 fnt\n|faint|p1a: Iron Valiant\n|-end|p1a: Iron Valiant|Quark Drive|[silent]\n|-damage|p2a: Greninja|81\/100|[from] item: Life Orb\n|\n|-weather|RainDance|[upkeep]\n|upkeep\n|-message|Striah44444 forfeited.\n|\n|win|psng\n|raw|Striah44444's rating: 1408 &rarr; <strong>1392<\/strong><br \/>(-16 for losing)\n|raw|psng's rating: 1472 &rarr; <strong>1488<\/strong><br \/>(+16 for winning)\n|l|\u2606Striah44444\n","uploadtime":1701062593,"views":28,"p1id":"striah44444","p2id":"psng","formatid":"gen9nationaldex","rating":1392,"private":0,"password":""}