{"id":"gen9nationaldex-1998511970","p1":"CapNTyreezy","p2":"Idkwhat237","format":"[Gen 9] National Dex","log":"|html|<div class=\"broadcast-blue\"><strong>[Gen 9] National Dex is currently suspecting Sneasler! For information on how to participate check out the <a href=\"https:\/\/www.smogon.com\/forums\/threads\/sv-national-dex-suspect-8-just-dance.3731534\/\">suspect thread<\/a>.<\/strong><\/div>\n|j|\u2606CapNTyreezy\n|j|\u2606Idkwhat237\n|t:|1700950703\n|gametype|singles\n|player|p1|CapNTyreezy|lucas|1210\n|player|p2|Idkwhat237|dawn|1262\n|teamsize|p1|6\n|teamsize|p2|6\n|gen|9\n|tier|[Gen 9] National Dex\n|rated|\n|rule|HP Percentage Mod: HP is shown in percentages\n|rule|Endless Battle Clause: Forcing endless battles is banned\n|rule|OHKO Clause: OHKO moves are banned\n|rule|Evasion Clause: Evasion abilities, items, and moves are banned\n|rule|Evasion Abilities Clause: Evasion abilities are banned\n|rule|Evasion Items Clause: Evasion items are banned\n|rule|Evasion Moves Clause: Evasion moves are banned\n|rule|Species Clause: Limit one of each Pok\u00e9mon\n|rule|Sleep Clause Mod: Limit one foe put to sleep\n|clearpoke\n|poke|p1|Pelipper, M|\n|poke|p1|Politoed, M|\n|poke|p1|Kabutops, M|\n|poke|p1|Swampert, F|\n|poke|p1|Ludicolo, F|\n|poke|p1|Kingdra, M|\n|poke|p2|Alomomola, F|\n|poke|p2|Tornadus-Therian, M|\n|poke|p2|Mienshao, F|\n|poke|p2|Audino, F|\n|poke|p2|Tangrowth, F|\n|poke|p2|Slowbro-Galar, M|\n|teampreview\n|inactive|Battle timer is ON: inactive players will automatically lose when time's up. (requested by Idkwhat237)\n|\n|t:|1700950713\n|start\n|switch|p1a: Pelipper|Pelipper, M|100\/100\n|switch|p2a: Mienshao|Mienshao, F, shiny|100\/100\n|-weather|RainDance|[from] ability: Drizzle|[of] p1a: Pelipper\n|turn|1\n|\n|t:|1700950715\n|move|p2a: Mienshao|Knock Off|p1a: Pelipper\n|-damage|p1a: Pelipper|31\/100\n|-enditem|p1a: Pelipper|Damp Rock|[from] move: Knock Off|[of] p2a: Mienshao\n|move|p1a: Pelipper|Hurricane|p2a: Mienshao\n|-supereffective|p2a: Mienshao\n|-damage|p2a: Mienshao|0 fnt\n|faint|p2a: Mienshao\n|\n|-weather|RainDance|[upkeep]\n|upkeep\n|\n|t:|1700950726\n|switch|p2a: Tornadus|Tornadus-Therian, M|100\/100\n|turn|2\n|\n|t:|1700950737\n|switch|p1a: Kingdra|Kingdra, M|100\/100\n|move|p2a: Tornadus|Hurricane|p1a: Kingdra\n|-damage|p1a: Kingdra|39\/100\n|\n|-weather|RainDance|[upkeep]\n|upkeep\n|turn|3\n|\n|t:|1700950745\n|move|p1a: Kingdra|Ice Beam|p2a: Tornadus\n|-supereffective|p2a: Tornadus\n|-damage|p2a: Tornadus|1\/100\n|move|p2a: Tornadus|Hurricane|p1a: Kingdra\n|-damage|p1a: Kingdra|0 fnt\n|faint|p1a: Kingdra\n|\n|-weather|RainDance|[upkeep]\n|upkeep\n|\n|t:|1700950754\n|switch|p1a: Swampert|Swampert, F|100\/100\n|turn|4\n|\n|t:|1700950756\n|switch|p2a: Alomomola|Alomomola, F, shiny|100\/100\n|detailschange|p1a: Swampert|Swampert-Mega, F\n|-mega|p1a: Swampert|Swampert|Swampertite\n|move|p1a: Swampert|Ice Punch|p2a: Alomomola\n|-resisted|p2a: Alomomola\n|-damage|p2a: Alomomola|92\/100\n|\n|-weather|RainDance|[upkeep]\n|-heal|p2a: Alomomola|98\/100|[from] item: Leftovers\n|upkeep\n|turn|5\n|\n|t:|1700950762\n|move|p1a: Swampert|Earthquake|p2a: Alomomola\n|-damage|p2a: Alomomola|64\/100\n|move|p2a: Alomomola|Wish|p2a: Alomomola\n|\n|-weather|RainDance|[upkeep]\n|-heal|p2a: Alomomola|70\/100|[from] item: Leftovers\n|upkeep\n|turn|6\n|\n|t:|1700950768\n|switch|p2a: Tornadus|Tornadus-Therian, M|34\/100\n|move|p1a: Swampert|Ice Punch|p2a: Tornadus\n|-supereffective|p2a: Tornadus\n|-damage|p2a: Tornadus|0 fnt\n|faint|p2a: Tornadus\n|\n|-weather|RainDance|[upkeep]\n|upkeep\n|\n|t:|1700950775\n|switch|p2a: Tangrowth|Tangrowth, F, shiny|100\/100\n|turn|7\n|\n|t:|1700950781\n|switch|p1a: Ludicolo|Ludicolo, F|100\/100\n|move|p2a: Tangrowth|Giga Drain|p1a: Ludicolo\n|-damage|p1a: Ludicolo|70\/100\n|\n|-weather|RainDance|[upkeep]\n|-heal|p1a: Ludicolo|76\/100|[from] item: Leftovers\n|upkeep\n|turn|8\n|\n|t:|1700950785\n|move|p1a: Ludicolo|Ice Beam|p2a: Tangrowth\n|-supereffective|p2a: Tangrowth\n|-damage|p2a: Tangrowth|50\/100\n|move|p2a: Tangrowth|Knock Off|p1a: Ludicolo\n|-damage|p1a: Ludicolo|40\/100\n|-enditem|p1a: Ludicolo|Leftovers|[from] move: Knock Off|[of] p2a: Tangrowth\n|\n|-weather|none\n|upkeep\n|turn|9\n|\n|t:|1700950804\n|switch|p2a: Audino|Audino, F, shiny|100\/100\n|move|p1a: Ludicolo|Ice Beam|p2a: Audino\n|-damage|p2a: Audino|83\/100\n|\n|-heal|p2a: Audino|89\/100|[from] item: Leftovers\n|upkeep\n|turn|10\n|\n|t:|1700950810\n|switch|p1a: Pelipper|Pelipper, M|31\/100\n|-weather|RainDance|[from] ability: Drizzle|[of] p1a: Pelipper\n|move|p2a: Audino|Wish|p2a: Audino\n|\n|-weather|RainDance|[upkeep]\n|-heal|p2a: Audino|95\/100|[from] item: Leftovers\n|upkeep\n|turn|11\n|\n|t:|1700950818\n|move|p1a: Pelipper|Hurricane|p2a: Audino\n|-damage|p2a: Audino|61\/100\n|-start|p2a: Audino|confusion\n|-activate|p2a: Audino|confusion\n|move|p2a: Audino|Toxic|p1a: Pelipper\n|-status|p1a: Pelipper|tox\n|\n|-weather|RainDance|[upkeep]\n|-heal|p2a: Audino|100\/100|[from] move: Wish|[wisher] Audino\n|-damage|p1a: Pelipper|25\/100 tox|[from] psn\n|upkeep\n|turn|12\n|\n|t:|1700950827\n|-end|p2a: Audino|confusion\n|move|p2a: Audino|Protect|p2a: Audino\n|-singleturn|p2a: Audino|Protect\n|move|p1a: Pelipper|Hurricane|p2a: Audino\n|-activate|p2a: Audino|move: Protect\n|\n|-weather|RainDance|[upkeep]\n|-damage|p1a: Pelipper|12\/100 tox|[from] psn\n|upkeep\n|turn|13\n|\n|t:|1700950834\n|move|p1a: Pelipper|Roost|p1a: Pelipper\n|-heal|p1a: Pelipper|63\/100 tox\n|-singleturn|p1a: Pelipper|move: Roost\n|move|p2a: Audino|Wish|p2a: Audino\n|\n|-weather|RainDance|[upkeep]\n|-damage|p1a: Pelipper|44\/100 tox|[from] psn\n|upkeep\n|turn|14\n|\n|t:|1700950847\n|switch|p2a: Slowbro|Slowbro-Galar, M, shiny|100\/100\n|move|p1a: Pelipper|Hurricane|p2a: Slowbro\n|-damage|p2a: Slowbro|40\/100\n|\n|-weather|none\n|-heal|p2a: Slowbro|92\/100|[from] move: Wish|[wisher] Audino\n|-heal|p2a: Slowbro|98\/100|[from] item: Leftovers\n|-damage|p1a: Pelipper|20\/100 tox|[from] psn\n|upkeep\n|turn|15\n|inactive|Idkwhat237 has 120 seconds left.\n|\n|t:|1700950892\n|switch|p1a: Politoed|Politoed, M|100\/100\n|-weather|RainDance|[from] ability: Drizzle|[of] p1a: Politoed\n|switch|p2a: Tangrowth|Tangrowth, F, shiny|50\/100\n|\n|-weather|RainDance|[upkeep]\n|upkeep\n|turn|16\n|\n|t:|1700950897\n|move|p1a: Politoed|Ice Beam|p2a: Tangrowth\n|-supereffective|p2a: Tangrowth\n|-damage|p2a: Tangrowth|9\/100\n|move|p2a: Tangrowth|Synthesis|p2a: Tangrowth\n|-heal|p2a: Tangrowth|34\/100\n|\n|-weather|RainDance|[upkeep]\n|upkeep\n|turn|17\n|inactive|Idkwhat237 has 120 seconds left.\n|\n|t:|1700950923\n|switch|p2a: Alomomola|Alomomola, F, shiny|100\/100\n|move|p1a: Politoed|Ice Beam|p2a: Alomomola\n|-resisted|p2a: Alomomola\n|-damage|p2a: Alomomola|89\/100\n|\n|-weather|RainDance|[upkeep]\n|-heal|p2a: Alomomola|95\/100|[from] item: Leftovers\n|upkeep\n|turn|18\n|\n|t:|1700950926\n|move|p1a: Politoed|Toxic|p2a: Alomomola\n|-status|p2a: Alomomola|tox\n|move|p2a: Alomomola|Wish|p2a: Alomomola\n|\n|-weather|RainDance|[upkeep]\n|-heal|p2a: Alomomola|100\/100 tox|[from] item: Leftovers\n|-damage|p2a: Alomomola|94\/100 tox|[from] psn\n|upkeep\n|turn|19\n|\n|t:|1700950933\n|switch|p2a: Tangrowth|Tangrowth, F, shiny|34\/100\n|move|p1a: Politoed|Ice Beam|p2a: Tangrowth\n|-supereffective|p2a: Tangrowth\n|-damage|p2a: Tangrowth|0 fnt\n|faint|p2a: Tangrowth\n|\n|-weather|RainDance|[upkeep]\n|upkeep\n|\n|t:|1700950940\n|switch|p2a: Slowbro|Slowbro-Galar, M, shiny|100\/100\n|turn|20\n|\n|t:|1700950943\n|move|p1a: Politoed|Weather Ball|p2a: Slowbro\n|-damage|p2a: Slowbro|49\/100\n|move|p2a: Slowbro|Shell Side Arm|p1a: Politoed|[anim] Shell Side Arm Physical\n|-damage|p1a: Politoed|68\/100\n|-hint|Physical Shell Side Arm\n|\n|-weather|RainDance|[upkeep]\n|-heal|p2a: Slowbro|56\/100|[from] item: Leftovers\n|upkeep\n|turn|21\n|\n|t:|1700950955\n|switch|p2a: Audino|Audino, F, shiny|100\/100\n|move|p1a: Politoed|Weather Ball|p2a: Audino\n|-damage|p2a: Audino|72\/100\n|\n|-weather|RainDance|[upkeep]\n|-heal|p2a: Audino|78\/100|[from] item: Leftovers\n|upkeep\n|turn|22\n|\n|t:|1700950963\n|move|p1a: Politoed|Toxic|p2a: Audino\n|-status|p2a: Audino|tox\n|move|p2a: Audino|Wish|p2a: Audino\n|\n|-weather|none\n|-heal|p2a: Audino|84\/100 tox|[from] item: Leftovers\n|-damage|p2a: Audino|78\/100 tox|[from] psn\n|upkeep\n|turn|23\n|\n|t:|1700950971\n|switch|p1a: Pelipper|Pelipper, M|20\/100 tox\n|-weather|RainDance|[from] ability: Drizzle|[of] p1a: Pelipper\n|move|p2a: Audino|Heal Bell|p2a: Audino\n|-activate|p2a: Audino|move: Heal Bell\n|-curestatus|p2a: Audino|tox|[msg]\n|-curestatus|p2: Alomomola|tox|[msg]\n|\n|-weather|RainDance|[upkeep]\n|-heal|p2a: Audino|100\/100|[from] move: Wish|[wisher] Audino\n|-damage|p1a: Pelipper|14\/100 tox|[from] psn\n|upkeep\n|turn|24\n|\n|t:|1700950983\n|move|p2a: Audino|Protect|p2a: Audino\n|-singleturn|p2a: Audino|Protect\n|move|p1a: Pelipper|Hydro Pump|p2a: Audino\n|-activate|p2a: Audino|move: Protect\n|\n|-weather|RainDance|[upkeep]\n|-damage|p1a: Pelipper|1\/100 tox|[from] psn\n|upkeep\n|turn|25\n|\n|t:|1700950990\n|move|p1a: Pelipper|Roost|p1a: Pelipper\n|-heal|p1a: Pelipper|51\/100 tox\n|-singleturn|p1a: Pelipper|move: Roost\n|move|p2a: Audino|Wish|p2a: Audino\n|\n|-weather|RainDance|[upkeep]\n|-damage|p1a: Pelipper|33\/100 tox|[from] psn\n|upkeep\n|turn|26\n|\n|t:|1700951001\n|switch|p2a: Alomomola|Alomomola, F, shiny|100\/100\n|move|p1a: Pelipper|Hydro Pump|p2a: Alomomola|[miss]\n|-miss|p1a: Pelipper|p2a: Alomomola\n|\n|-weather|RainDance|[upkeep]\n|-damage|p1a: Pelipper|9\/100 tox|[from] psn\n|upkeep\n|turn|27\n|\n|t:|1700951008\n|move|p2a: Alomomola|Protect|p2a: Alomomola\n|-singleturn|p2a: Alomomola|Protect\n|move|p1a: Pelipper|Roost|p1a: Pelipper\n|-heal|p1a: Pelipper|59\/100 tox\n|-singleturn|p1a: Pelipper|move: Roost\n|\n|-weather|none\n|-damage|p1a: Pelipper|28\/100 tox|[from] psn\n|upkeep\n|turn|28\n|\n|t:|1700951014\n|move|p1a: Pelipper|Roost|p1a: Pelipper\n|-heal|p1a: Pelipper|78\/100 tox\n|-singleturn|p1a: Pelipper|move: Roost\n|move|p2a: Alomomola|Wish|p2a: Alomomola\n|\n|-damage|p1a: Pelipper|41\/100 tox|[from] psn\n|upkeep\n|turn|29\n|\n|t:|1700951024\n|switch|p1a: Politoed|Politoed, M|68\/100\n|-weather|RainDance|[from] ability: Drizzle|[of] p1a: Politoed\n|move|p2a: Alomomola|Flip Turn|p1a: Politoed\n|-resisted|p1a: Politoed\n|-damage|p1a: Politoed|58\/100\n|\n|t:|1700951035\n|switch|p2a: Audino|Audino, F, shiny|100\/100|[from] Flip Turn\n|\n|-weather|RainDance|[upkeep]\n|upkeep\n|turn|30\n|\n|t:|1700951037\n|move|p1a: Politoed|Toxic|p2a: Audino\n|-status|p2a: Audino|tox\n|move|p2a: Audino|Wish|p2a: Audino\n|\n|-weather|RainDance|[upkeep]\n|-damage|p2a: Audino|94\/100 tox|[from] psn\n|upkeep\n|turn|31\n|\n|t:|1700951049\n|switch|p1a: Kabutops|Kabutops, M|100\/100\n|move|p2a: Audino|Toxic|p1a: Kabutops\n|-status|p1a: Kabutops|tox\n|\n|-weather|RainDance|[upkeep]\n|-heal|p2a: Audino|100\/100 tox|[from] move: Wish|[wisher] Audino\n|-damage|p1a: Kabutops|94\/100 tox|[from] psn\n|-damage|p2a: Audino|88\/100 tox|[from] psn\n|upkeep\n|turn|32\n|\n|t:|1700951058\n|switch|p2a: Alomomola|Alomomola, F, shiny|100\/100\n|move|p1a: Kabutops|Swords Dance|p1a: Kabutops\n|-boost|p1a: Kabutops|atk|2\n|\n|-weather|RainDance|[upkeep]\n|-damage|p1a: Kabutops|82\/100 tox|[from] psn\n|upkeep\n|turn|33\n|\n|t:|1700951063\n|move|p1a: Kabutops|Leech Life|p2a: Alomomola\n|-damage|p2a: Alomomola|72\/100\n|-heal|p1a: Kabutops|100\/100 tox|[from] drain|[of] p2a: Alomomola\n|move|p2a: Alomomola|Scald|p1a: Kabutops\n|-damage|p1a: Kabutops|68\/100 tox\n|\n|-weather|RainDance|[upkeep]\n|-heal|p2a: Alomomola|78\/100|[from] item: Leftovers\n|-damage|p1a: Kabutops|50\/100 tox|[from] psn\n|upkeep\n|turn|34\n|\n|t:|1700951073\n|move|p2a: Alomomola|Protect|p2a: Alomomola\n|-singleturn|p2a: Alomomola|Protect\n|move|p1a: Kabutops|Rock Slide|p2a: Alomomola\n|-activate|p2a: Alomomola|move: Protect\n|\n|-weather|RainDance|[upkeep]\n|-heal|p2a: Alomomola|84\/100|[from] item: Leftovers\n|-damage|p1a: Kabutops|25\/100 tox|[from] psn\n|upkeep\n|turn|35\n|\n|t:|1700951080\n|move|p1a: Kabutops|Rock Slide|p2a: Alomomola\n|-damage|p2a: Alomomola|46\/100\n|cant|p2a: Alomomola|flinch\n|\n|-weather|RainDance|[upkeep]\n|-heal|p2a: Alomomola|52\/100|[from] item: Leftovers\n|-damage|p1a: Kabutops|0 fnt|[from] psn\n|faint|p1a: Kabutops\n|upkeep\n|\n|t:|1700951082\n|switch|p1a: Swampert|Swampert-Mega, F|100\/100\n|turn|36\n|\n|t:|1700951092\n|move|p1a: Swampert|Earthquake|p2a: Alomomola\n|-damage|p2a: Alomomola|19\/100\n|move|p2a: Alomomola|Wish|p2a: Alomomola\n|\n|-weather|none\n|-heal|p2a: Alomomola|25\/100|[from] item: Leftovers\n|upkeep\n|turn|37\n|\n|t:|1700951095\n|move|p2a: Alomomola|Protect|p2a: Alomomola\n|-singleturn|p2a: Alomomola|Protect\n|move|p1a: Swampert|Earthquake|p2a: Alomomola\n|-activate|p2a: Alomomola|move: Protect\n|\n|-heal|p2a: Alomomola|75\/100|[from] move: Wish|[wisher] Alomomola\n|-heal|p2a: Alomomola|81\/100|[from] item: Leftovers\n|upkeep\n|turn|38\n|\n|t:|1700951097\n|move|p1a: Swampert|Earthquake|p2a: Alomomola\n|-damage|p2a: Alomomola|46\/100\n|move|p2a: Alomomola|Scald|p1a: Swampert\n|-damage|p1a: Swampert|90\/100\n|\n|-heal|p2a: Alomomola|52\/100|[from] item: Leftovers\n|upkeep\n|turn|39\n|\n|t:|1700951104\n|move|p2a: Alomomola|Protect|p2a: Alomomola\n|-singleturn|p2a: Alomomola|Protect\n|move|p1a: Swampert|Earthquake|p2a: Alomomola\n|-activate|p2a: Alomomola|move: Protect\n|\n|-heal|p2a: Alomomola|59\/100|[from] item: Leftovers\n|upkeep\n|turn|40\n|\n|t:|1700951106\n|move|p1a: Swampert|Earthquake|p2a: Alomomola\n|-damage|p2a: Alomomola|27\/100\n|move|p2a: Alomomola|Wish|p2a: Alomomola\n|\n|-heal|p2a: Alomomola|33\/100|[from] item: Leftovers\n|upkeep\n|turn|41\n|\n|t:|1700951115\n|move|p2a: Alomomola|Protect|p2a: Alomomola\n|-singleturn|p2a: Alomomola|Protect\n|move|p1a: Swampert|Ice Punch|p2a: Alomomola\n|-activate|p2a: Alomomola|move: Protect\n|\n|-heal|p2a: Alomomola|83\/100|[from] move: Wish|[wisher] Alomomola\n|-heal|p2a: Alomomola|89\/100|[from] item: Leftovers\n|upkeep\n|turn|42\n|\n|t:|1700951116\n|move|p1a: Swampert|Earthquake|p2a: Alomomola\n|-damage|p2a: Alomomola|53\/100\n|move|p2a: Alomomola|Scald|p1a: Swampert\n|-damage|p1a: Swampert|79\/100\n|\n|-heal|p2a: Alomomola|59\/100|[from] item: Leftovers\n|upkeep\n|turn|43\n|\n|t:|1700951122\n|move|p2a: Alomomola|Protect|p2a: Alomomola\n|-singleturn|p2a: Alomomola|Protect\n|move|p1a: Swampert|Ice Punch|p2a: Alomomola\n|-activate|p2a: Alomomola|move: Protect\n|\n|-heal|p2a: Alomomola|66\/100|[from] item: Leftovers\n|upkeep\n|turn|44\n|\n|t:|1700951124\n|move|p1a: Swampert|Earthquake|p2a: Alomomola\n|-damage|p2a: Alomomola|31\/100\n|move|p2a: Alomomola|Wish|p2a: Alomomola\n|\n|-heal|p2a: Alomomola|37\/100|[from] item: Leftovers\n|upkeep\n|turn|45\n|\n|t:|1700951126\n|move|p2a: Alomomola|Protect|p2a: Alomomola\n|-singleturn|p2a: Alomomola|Protect\n|move|p1a: Swampert|Ice Punch|p2a: Alomomola\n|-activate|p2a: Alomomola|move: Protect\n|\n|-heal|p2a: Alomomola|87\/100|[from] move: Wish|[wisher] Alomomola\n|-heal|p2a: Alomomola|93\/100|[from] item: Leftovers\n|upkeep\n|turn|46\n|\n|t:|1700951129\n|move|p1a: Swampert|Earthquake|p2a: Alomomola\n|-damage|p2a: Alomomola|62\/100\n|move|p2a: Alomomola|Scald|p1a: Swampert\n|-damage|p1a: Swampert|70\/100\n|\n|-heal|p2a: Alomomola|68\/100|[from] item: Leftovers\n|upkeep\n|turn|47\n|\n|t:|1700951140\n|move|p2a: Alomomola|Protect|p2a: Alomomola\n|-singleturn|p2a: Alomomola|Protect\n|move|p1a: Swampert|Ice Punch|p2a: Alomomola\n|-activate|p2a: Alomomola|move: Protect\n|\n|-heal|p2a: Alomomola|74\/100|[from] item: Leftovers\n|upkeep\n|turn|48\n|\n|t:|1700951148\n|switch|p1a: Pelipper|Pelipper, M|41\/100 tox\n|-weather|RainDance|[from] ability: Drizzle|[of] p1a: Pelipper\n|move|p2a: Alomomola|Wish|p2a: Alomomola\n|\n|-weather|RainDance|[upkeep]\n|-heal|p2a: Alomomola|80\/100|[from] item: Leftovers\n|-damage|p1a: Pelipper|35\/100 tox|[from] psn\n|upkeep\n|turn|49\n|\n|t:|1700951155\n|switch|p2a: Audino|Audino, F, shiny|100\/100 tox\n|move|p1a: Pelipper|Hurricane|p2a: Audino\n|-damage|p2a: Audino|67\/100 tox\n|\n|-weather|RainDance|[upkeep]\n|-heal|p2a: Audino|100\/100 tox|[from] move: Wish|[wisher] Alomomola\n|-damage|p1a: Pelipper|23\/100 tox|[from] psn\n|-damage|p2a: Audino|94\/100 tox|[from] psn\n|upkeep\n|turn|50\n|\n|t:|1700951161\n|move|p1a: Pelipper|Roost|p1a: Pelipper\n|-heal|p1a: Pelipper|73\/100 tox\n|-singleturn|p1a: Pelipper|move: Roost\n|move|p2a: Audino|Heal Bell|p2a: Audino\n|-activate|p2a: Audino|move: Heal Bell\n|-curestatus|p2a: Audino|tox|[msg]\n|\n|-weather|RainDance|[upkeep]\n|-heal|p2a: Audino|100\/100|[from] item: Leftovers\n|-damage|p1a: Pelipper|55\/100 tox|[from] psn\n|upkeep\n|turn|51\n|\n|t:|1700951170\n|switch|p1a: Ludicolo|Ludicolo, F|40\/100\n|move|p2a: Audino|Wish|p2a: Audino\n|\n|-weather|RainDance|[upkeep]\n|upkeep\n|turn|52\n|\n|t:|1700951175\n|move|p1a: Ludicolo|Fake Out|p2a: Audino\n|-damage|p2a: Audino|94\/100\n|cant|p2a: Audino|flinch\n|\n|-weather|none\n|-heal|p2a: Audino|100\/100|[from] move: Wish|[wisher] Audino\n|upkeep\n|turn|53\n|\n|t:|1700951181\n|switch|p1a: Pelipper|Pelipper, M|55\/100 tox\n|-weather|RainDance|[from] ability: Drizzle|[of] p1a: Pelipper\n|move|p2a: Audino|Toxic|p1a: Pelipper\n|-fail|p1a: Pelipper|tox\n|\n|-weather|RainDance|[upkeep]\n|-damage|p1a: Pelipper|49\/100 tox|[from] psn\n|upkeep\n|turn|54\n|\n|t:|1700951191\n|switch|p1a: Ludicolo|Ludicolo, F|40\/100\n|move|p2a: Audino|Protect||[still]\n|-fail|p2a: Audino\n|\n|-weather|RainDance|[upkeep]\n|upkeep\n|turn|55\n|c|\u2606CapNTyreezy|Pure cancer\n|c|\u2606CapNTyreezy|I respect it\n|\n|t:|1700951207\n|-terastallize|p2a: Audino|Ghost\n|move|p1a: Ludicolo|Fake Out|p2a: Audino\n|-immune|p2a: Audino\n|move|p2a: Audino|Toxic|p1a: Ludicolo\n|-status|p1a: Ludicolo|tox\n|\n|-weather|RainDance|[upkeep]\n|-damage|p1a: Ludicolo|34\/100 tox|[from] psn\n|upkeep\n|turn|56\n|\n|t:|1700951219\n|switch|p2a: Alomomola|Alomomola, F, shiny|100\/100\n|move|p1a: Ludicolo|Hydro Pump|p2a: Alomomola\n|-resisted|p2a: Alomomola\n|-damage|p2a: Alomomola|57\/100\n|\n|-weather|RainDance|[upkeep]\n|-heal|p2a: Alomomola|63\/100|[from] item: Leftovers\n|-damage|p1a: Ludicolo|22\/100 tox|[from] psn\n|upkeep\n|turn|57\n|\n|t:|1700951230\n|switch|p1a: Politoed|Politoed, M|58\/100\n|switch|p2a: Audino|Audino, F, shiny, tera:Ghost|100\/100\n|\n|-weather|none\n|upkeep\n|turn|58\n|\n|t:|1700951237\n|switch|p1a: Pelipper|Pelipper, M|49\/100 tox\n|-weather|RainDance|[from] ability: Drizzle|[of] p1a: Pelipper\n|move|p2a: Audino|Toxic|p1a: Pelipper|[miss]\n|-miss|p2a: Audino|p1a: Pelipper\n|\n|-weather|RainDance|[upkeep]\n|-damage|p1a: Pelipper|43\/100 tox|[from] psn\n|upkeep\n|turn|59\n|\n|t:|1700951244\n|move|p1a: Pelipper|Hydro Pump|p2a: Audino\n|-damage|p2a: Audino|50\/100\n|move|p2a: Audino|Wish|p2a: Audino\n|\n|-weather|RainDance|[upkeep]\n|-heal|p2a: Audino|56\/100|[from] item: Leftovers\n|-damage|p1a: Pelipper|30\/100 tox|[from] psn\n|upkeep\n|turn|60\n|\n|t:|1700951250\n|move|p2a: Audino|Protect|p2a: Audino\n|-singleturn|p2a: Audino|Protect\n|move|p1a: Pelipper|Roost|p1a: Pelipper\n|-heal|p1a: Pelipper|81\/100 tox\n|-singleturn|p1a: Pelipper|move: Roost\n|\n|-weather|RainDance|[upkeep]\n|-heal|p2a: Audino|100\/100|[from] move: Wish|[wisher] Audino\n|-damage|p1a: Pelipper|62\/100 tox|[from] psn\n|upkeep\n|turn|61\n|\n|t:|1700951258\n|move|p1a: Pelipper|Hydro Pump|p2a: Audino\n|-damage|p2a: Audino|50\/100\n|move|p2a: Audino|Wish|p2a: Audino\n|\n|-weather|RainDance|[upkeep]\n|-heal|p2a: Audino|56\/100|[from] item: Leftovers\n|-damage|p1a: Pelipper|38\/100 tox|[from] psn\n|upkeep\n|turn|62\n|\n|t:|1700951280\n|switch|p2a: Alomomola|Alomomola, F, shiny|96\/100\n|move|p1a: Pelipper|Roost|p1a: Pelipper\n|-heal|p1a: Pelipper|88\/100 tox\n|-singleturn|p1a: Pelipper|move: Roost\n|\n|-weather|none\n|-heal|p2a: Alomomola|100\/100|[from] move: Wish|[wisher] Audino\n|-damage|p1a: Pelipper|57\/100 tox|[from] psn\n|upkeep\n|turn|63\n|\n|t:|1700951288\n|move|p1a: Pelipper|Hurricane|p2a: Alomomola|[miss]\n|-miss|p1a: Pelipper|p2a: Alomomola\n|move|p2a: Alomomola|Wish|p2a: Alomomola\n|\n|-damage|p1a: Pelipper|20\/100 tox|[from] psn\n|upkeep\n|turn|64\n|\n|t:|1700951291\n|move|p1a: Pelipper|Roost|p1a: Pelipper\n|-heal|p1a: Pelipper|71\/100 tox\n|-singleturn|p1a: Pelipper|move: Roost\n|move|p2a: Alomomola|Flip Turn|p1a: Pelipper\n|-resisted|p1a: Pelipper\n|-damage|p1a: Pelipper|61\/100 tox\n|\n|t:|1700951294\n|switch|p2a: Slowbro|Slowbro-Galar, M, shiny|89\/100|[from] Flip Turn\n|\n|-heal|p2a: Slowbro|100\/100|[from] move: Wish|[wisher] Alomomola\n|-damage|p1a: Pelipper|18\/100 tox|[from] psn\n|upkeep\n|turn|65\n|\n|t:|1700951301\n|move|p1a: Pelipper|Hydro Pump|p2a: Slowbro\n|-damage|p2a: Slowbro|42\/100\n|move|p2a: Slowbro|Shell Side Arm|p1a: Pelipper|[anim] Shell Side Arm Physical\n|-damage|p1a: Pelipper|0 fnt\n|-hint|Physical Shell Side Arm\n|faint|p1a: Pelipper\n|\n|-heal|p2a: Slowbro|48\/100|[from] item: Leftovers\n|upkeep\n|\n|t:|1700951304\n|switch|p1a: Politoed|Politoed, M|58\/100\n|-weather|RainDance|[from] ability: Drizzle|[of] p1a: Politoed\n|turn|66\n|\n|t:|1700951310\n|switch|p2a: Audino|Audino, F, shiny, tera:Ghost|89\/100\n|move|p1a: Politoed|Ice Beam|p2a: Audino\n|-damage|p2a: Audino|76\/100\n|\n|-weather|RainDance|[upkeep]\n|-heal|p2a: Audino|82\/100|[from] item: Leftovers\n|upkeep\n|turn|67\n|\n|t:|1700951317\n|switch|p2a: Slowbro|Slowbro-Galar, M, shiny|81\/100\n|move|p1a: Politoed|Ice Beam|p2a: Slowbro\n|-crit|p2a: Slowbro\n|-damage|p2a: Slowbro|49\/100\n|\n|-weather|RainDance|[upkeep]\n|-heal|p2a: Slowbro|55\/100|[from] item: Leftovers\n|upkeep\n|turn|68\n|\n|t:|1700951326\n|switch|p2a: Audino|Audino, F, shiny, tera:Ghost|100\/100\n|move|p1a: Politoed|Ice Beam|p2a: Audino\n|-damage|p2a: Audino|88\/100\n|\n|-weather|RainDance|[upkeep]\n|-heal|p2a: Audino|94\/100|[from] item: Leftovers\n|upkeep\n|turn|69\n|\n|t:|1700951331\n|move|p1a: Politoed|Ice Beam|p2a: Audino\n|-damage|p2a: Audino|82\/100\n|move|p2a: Audino|Wish|p2a: Audino\n|\n|-weather|RainDance|[upkeep]\n|-heal|p2a: Audino|89\/100|[from] item: Leftovers\n|upkeep\n|turn|70\n|\n|t:|1700951339\n|switch|p2a: Slowbro|Slowbro-Galar, M, shiny|88\/100\n|move|p1a: Politoed|Toxic|p2a: Slowbro|[miss]\n|-miss|p1a: Politoed|p2a: Slowbro\n|\n|-weather|RainDance|[upkeep]\n|-heal|p2a: Slowbro|100\/100|[from] move: Wish|[wisher] Audino\n|upkeep\n|turn|71\n|\n|t:|1700951348\n|move|p1a: Politoed|Ice Beam|p2a: Slowbro\n|-damage|p2a: Slowbro|79\/100\n|move|p2a: Slowbro|Shell Side Arm|p1a: Politoed|[anim] Shell Side Arm Physical\n|-damage|p1a: Politoed|28\/100\n|-hint|Physical Shell Side Arm\n|\n|-weather|RainDance|[upkeep]\n|-heal|p2a: Slowbro|86\/100|[from] item: Leftovers\n|upkeep\n|turn|72\n|\n|t:|1700951355\n|move|p1a: Politoed|Weather Ball|p2a: Slowbro\n|-crit|p2a: Slowbro\n|-damage|p2a: Slowbro|0 fnt\n|faint|p2a: Slowbro\n|\n|-weather|RainDance|[upkeep]\n|upkeep\n|\n|t:|1700951359\n|switch|p2a: Audino|Audino, F, shiny, tera:Ghost|100\/100\n|turn|73\n|\n|t:|1700951363\n|move|p1a: Politoed|Weather Ball|p2a: Audino\n|-damage|p2a: Audino|70\/100\n|move|p2a: Audino|Toxic|p1a: Politoed\n|-status|p1a: Politoed|tox\n|\n|-weather|none\n|-heal|p2a: Audino|76\/100|[from] item: Leftovers\n|-damage|p1a: Politoed|22\/100 tox|[from] psn\n|upkeep\n|turn|74\n|\n|t:|1700951373\n|switch|p1a: Ludicolo|Ludicolo, F|22\/100 tox\n|switch|p2a: Alomomola|Alomomola, F, shiny|100\/100\n|\n|-damage|p1a: Ludicolo|16\/100 tox|[from] psn\n|upkeep\n|turn|75\n|\n|t:|1700951383\n|switch|p1a: Politoed|Politoed, M|22\/100 tox\n|-weather|RainDance|[from] ability: Drizzle|[of] p1a: Politoed\n|switch|p2a: Audino|Audino, F, shiny, tera:Ghost|100\/100\n|\n|-weather|RainDance|[upkeep]\n|-damage|p1a: Politoed|16\/100 tox|[from] psn\n|upkeep\n|turn|76\n|\n|t:|1700951390\n|move|p1a: Politoed|Weather Ball|p2a: Audino\n|-crit|p2a: Audino\n|-damage|p2a: Audino|57\/100\n|move|p2a: Audino|Wish|p2a: Audino\n|\n|-weather|RainDance|[upkeep]\n|-heal|p2a: Audino|63\/100|[from] item: Leftovers\n|-damage|p1a: Politoed|4\/100 tox|[from] psn\n|upkeep\n|turn|77\n|\n|t:|1700951398\n|switch|p2a: Alomomola|Alomomola, F, shiny|100\/100\n|move|p1a: Politoed|Weather Ball|p2a: Alomomola\n|-resisted|p2a: Alomomola\n|-damage|p2a: Alomomola|70\/100\n|\n|-weather|RainDance|[upkeep]\n|-heal|p2a: Alomomola|100\/100|[from] move: Wish|[wisher] Audino\n|-damage|p1a: Politoed|0 fnt|[from] psn\n|faint|p1a: Politoed\n|upkeep\n|\n|t:|1700951400\n|switch|p1a: Ludicolo|Ludicolo, F|16\/100 tox\n|turn|78\n|\n|t:|1700951408\n|switch|p2a: Audino|Audino, F, shiny, tera:Ghost|96\/100\n|move|p1a: Ludicolo|Energy Ball|p2a: Audino\n|-damage|p2a: Audino|71\/100\n|\n|-weather|RainDance|[upkeep]\n|-heal|p2a: Audino|77\/100|[from] item: Leftovers\n|-damage|p1a: Ludicolo|10\/100 tox|[from] psn\n|upkeep\n|turn|79\n|\n|t:|1700951412\n|move|p2a: Audino|Protect|p2a: Audino\n|-singleturn|p2a: Audino|Protect\n|move|p1a: Ludicolo|Hydro Pump|p2a: Audino\n|-activate|p2a: Audino|move: Protect\n|\n|-weather|RainDance|[upkeep]\n|-heal|p2a: Audino|83\/100|[from] item: Leftovers\n|-damage|p1a: Ludicolo|0 fnt|[from] psn\n|faint|p1a: Ludicolo\n|upkeep\n|\n|t:|1700951413\n|switch|p1a: Swampert|Swampert-Mega, F|70\/100\n|turn|80\n|\n|t:|1700951420\n|move|p1a: Swampert|Aqua Tail|p2a: Audino\n|-damage|p2a: Audino|3\/100\n|move|p2a: Audino|Wish|p2a: Audino\n|\n|-weather|RainDance|[upkeep]\n|-heal|p2a: Audino|9\/100|[from] item: Leftovers\n|upkeep\n|turn|81\n|\n|t:|1700951426\n|switch|p2a: Alomomola|Alomomola, F, shiny|100\/100\n|move|p1a: Swampert|Earthquake|p2a: Alomomola\n|-damage|p2a: Alomomola|67\/100\n|\n|-weather|RainDance|[upkeep]\n|-heal|p2a: Alomomola|100\/100|[from] move: Wish|[wisher] Audino\n|upkeep\n|turn|82\n|\n|t:|1700951432\n|move|p1a: Swampert|Ice Punch|p2a: Alomomola\n|-resisted|p2a: Alomomola\n|-crit|p2a: Alomomola\n|-damage|p2a: Alomomola|87\/100\n|move|p2a: Alomomola|Wish|p2a: Alomomola\n|\n|-weather|none\n|-heal|p2a: Alomomola|93\/100|[from] item: Leftovers\n|upkeep\n|turn|83\n|\n|t:|1700951436\n|move|p1a: Swampert|Earthquake|p2a: Alomomola\n|-damage|p2a: Alomomola|59\/100\n|move|p2a: Alomomola|Scald|p1a: Swampert\n|-damage|p1a: Swampert|60\/100\n|\n|-heal|p2a: Alomomola|100\/100|[from] move: Wish|[wisher] Alomomola\n|upkeep\n|turn|84\n|\n|t:|1700951446\n|move|p1a: Swampert|Aqua Tail|p2a: Alomomola\n|-resisted|p2a: Alomomola\n|-damage|p2a: Alomomola|85\/100\n|move|p2a: Alomomola|Scald|p1a: Swampert\n|-damage|p1a: Swampert|51\/100\n|\n|-heal|p2a: Alomomola|91\/100|[from] item: Leftovers\n|upkeep\n|turn|85\n|\n|t:|1700951456\n|move|p1a: Swampert|Aqua Tail|p2a: Alomomola\n|-resisted|p2a: Alomomola\n|-damage|p2a: Alomomola|76\/100\n|move|p2a: Alomomola|Wish|p2a: Alomomola\n|\n|-heal|p2a: Alomomola|82\/100|[from] item: Leftovers\n|upkeep\n|turn|86\n|\n|t:|1700951460\n|move|p1a: Swampert|Aqua Tail|p2a: Alomomola\n|-resisted|p2a: Alomomola\n|-damage|p2a: Alomomola|67\/100\n|move|p2a: Alomomola|Scald|p1a: Swampert\n|-damage|p1a: Swampert|41\/100\n|\n|-heal|p2a: Alomomola|100\/100|[from] move: Wish|[wisher] Alomomola\n|upkeep\n|turn|87\n|\n|t:|1700951467\n|move|p1a: Swampert|Earthquake|p2a: Alomomola\n|-damage|p2a: Alomomola|69\/100\n|move|p2a: Alomomola|Scald|p1a: Swampert\n|-damage|p1a: Swampert|30\/100\n|\n|-heal|p2a: Alomomola|75\/100|[from] item: Leftovers\n|upkeep\n|turn|88\n|\n|t:|1700951473\n|move|p2a: Alomomola|Protect|p2a: Alomomola\n|-singleturn|p2a: Alomomola|Protect\n|move|p1a: Swampert|Earthquake|p2a: Alomomola\n|-activate|p2a: Alomomola|move: Protect\n|\n|-heal|p2a: Alomomola|81\/100|[from] item: Leftovers\n|upkeep\n|turn|89\n|\n|t:|1700951482\n|move|p1a: Swampert|Hammer Arm|p2a: Alomomola\n|-damage|p2a: Alomomola|57\/100\n|-unboost|p1a: Swampert|spe|1\n|move|p2a: Alomomola|Wish|p2a: Alomomola\n|\n|-heal|p2a: Alomomola|63\/100|[from] item: Leftovers\n|upkeep\n|turn|90\n|\n|t:|1700951489\n|move|p2a: Alomomola|Scald|p1a: Swampert\n|-damage|p1a: Swampert|21\/100\n|move|p1a: Swampert|Hammer Arm|p2a: Alomomola\n|-crit|p2a: Alomomola\n|-damage|p2a: Alomomola|27\/100\n|-unboost|p1a: Swampert|spe|1\n|\n|-heal|p2a: Alomomola|77\/100|[from] move: Wish|[wisher] Alomomola\n|-heal|p2a: Alomomola|83\/100|[from] item: Leftovers\n|upkeep\n|turn|91\n|inactive|CapNTyreezy has 120 seconds left.\n|inactive|CapNTyreezy has 90 seconds left.\n|inactive|CapNTyreezy has 60 seconds left.\n|\n|t:|1700951597\n|move|p2a: Alomomola|Wish|p2a: Alomomola\n|move|p1a: Swampert|Ice Punch|p2a: Alomomola\n|-resisted|p2a: Alomomola\n|-damage|p2a: Alomomola|74\/100\n|\n|-heal|p2a: Alomomola|81\/100|[from] item: Leftovers\n|upkeep\n|turn|92\n|inactive|CapNTyreezy has 30 seconds left.\n|inactive|CapNTyreezy has 20 seconds left.\n|inactive|CapNTyreezy has 15 seconds left.\n|inactive|CapNTyreezy has 10 seconds left.\n|\n|t:|1700951638\n|switch|p2a: Audino|Audino, F, shiny, tera:Ghost|42\/100\n|move|p1a: Swampert|Ice Punch|p2a: Audino\n|-damage|p2a: Audino|13\/100\n|\n|-heal|p2a: Audino|78\/100|[from] move: Wish|[wisher] Alomomola\n|-heal|p2a: Audino|84\/100|[from] item: Leftovers\n|upkeep\n|turn|93\n|inactive|CapNTyreezy has 15 seconds left this turn.\n|\n|t:|1700951646\n|move|p2a: Audino|Toxic|p1a: Swampert\n|-status|p1a: Swampert|tox\n|move|p1a: Swampert|Earthquake|p2a: Audino\n|-damage|p2a: Audino|27\/100\n|\n|-heal|p2a: Audino|33\/100|[from] item: Leftovers\n|-damage|p1a: Swampert|15\/100 tox|[from] psn\n|upkeep\n|turn|94\n|inactive|CapNTyreezy has 20 seconds left this turn.\n|inactive|CapNTyreezy has 15 seconds left.\n|inactive|CapNTyreezy has 10 seconds left.\n|inactive|CapNTyreezy has 5 seconds left.\n|\n|t:|1700951665\n|switch|p2a: Alomomola|Alomomola, F, shiny|100\/100\n|move|p1a: Swampert|Earthquake|p2a: Alomomola\n|-damage|p2a: Alomomola|65\/100\n|\n|-heal|p2a: Alomomola|71\/100|[from] item: Leftovers\n|-damage|p1a: Swampert|2\/100 tox|[from] psn\n|upkeep\n|turn|95\n|inactive|CapNTyreezy has 10 seconds left this turn.\n|-message|CapNTyreezy forfeited.\n|\n|win|Idkwhat237\n|inactive|CapNTyreezy has 15 seconds left this turn.\n|raw|CapNTyreezy's rating: 1210 &rarr; <strong>1189<\/strong><br \/>(-21 for losing)\n|raw|Idkwhat237's rating: 1262 &rarr; <strong>1283<\/strong><br \/>(+21 for winning)\n|l|\u2606CapNTyreezy\n","uploadtime":1700951690,"views":2,"p1id":"capntyreezy","p2id":"idkwhat237","formatid":"gen9nationaldex","rating":1189,"private":0,"password":""}