{"id":"gen9nationaldex-1999652757","p1":"tuenhi","p2":"LIWWEIR","format":"[Gen 9] National Dex","log":"|html|<div class=\"broadcast-blue\"><strong>[Gen 9] National Dex is currently suspecting Sneasler! For information on how to participate check out the <a href=\"https:\/\/www.smogon.com\/forums\/threads\/sv-national-dex-suspect-8-just-dance.3731534\/\">suspect thread<\/a>.<\/strong><\/div>\n|j|\u2606tuenhi\n|j|\u2606LIWWEIR\n|t:|1701104807\n|gametype|singles\n|player|p1|tuenhi|bruno|1335\n|player|p2|LIWWEIR|blue|1367\n|teamsize|p1|6\n|teamsize|p2|6\n|gen|9\n|tier|[Gen 9] National Dex\n|rated|\n|rule|HP Percentage Mod: HP is shown in percentages\n|rule|Endless Battle Clause: Forcing endless battles is banned\n|rule|OHKO Clause: OHKO moves are banned\n|rule|Evasion Clause: Evasion abilities, items, and moves are banned\n|rule|Evasion Abilities Clause: Evasion abilities are banned\n|rule|Evasion Items Clause: Evasion items are banned\n|rule|Evasion Moves Clause: Evasion moves are banned\n|rule|Species Clause: Limit one of each Pok\u00e9mon\n|rule|Sleep Clause Mod: Limit one foe put to sleep\n|clearpoke\n|poke|p1|Dondozo, F|\n|poke|p1|Clefable, M|\n|poke|p1|Ting-Lu|\n|poke|p1|Blissey, F|\n|poke|p1|Tapu Koko|\n|poke|p1|Skeledirge, F|\n|poke|p2|Nidoking, M|\n|poke|p2|Tornadus-Therian, M|\n|poke|p2|Ferrothorn, M|\n|poke|p2|Urshifu-*, M|\n|poke|p2|Slowking, M|\n|poke|p2|Mew|\n|teampreview\n|inactive|Battle timer is ON: inactive players will automatically lose when time's up. (requested by tuenhi)\n|\n|t:|1701104823\n|start\n|switch|p1a: Ting-Lu|Ting-Lu|100\/100\n|switch|p2a: Tornadus|Tornadus-Therian, M|100\/100\n|-ability|p1a: Ting-Lu|Vessel of Ruin\n|turn|1\n|\n|t:|1701104833\n|move|p2a: Tornadus|Taunt|p1a: Ting-Lu\n|-start|p1a: Ting-Lu|move: Taunt\n|cant|p1a: Ting-Lu|move: Taunt|Stealth Rock\n|\n|upkeep\n|turn|2\n|\n|t:|1701104839\n|move|p2a: Tornadus|U-turn|p1a: Ting-Lu\n|-supereffective|p1a: Ting-Lu\n|-damage|p1a: Ting-Lu|89\/100\n|\n|t:|1701104842\n|switch|p2a: Urshifu|Urshifu-Rapid-Strike, M|100\/100|[from] U-turn\n|move|p1a: Ting-Lu|Ruination|p2a: Urshifu\n|-damage|p2a: Urshifu|50\/100\n|\n|-heal|p1a: Ting-Lu|95\/100|[from] item: Leftovers\n|upkeep\n|turn|3\n|\n|t:|1701104853\n|switch|p1a: Dondozo|Dondozo, F|100\/100\n|move|p2a: Urshifu|Surging Strikes|p1a: Dondozo\n|-resisted|p1a: Dondozo\n|-crit|p1a: Dondozo\n|-damage|p1a: Dondozo|96\/100\n|-resisted|p1a: Dondozo\n|-crit|p1a: Dondozo\n|-damage|p1a: Dondozo|92\/100\n|-resisted|p1a: Dondozo\n|-crit|p1a: Dondozo\n|-damage|p1a: Dondozo|87\/100\n|-hitcount|p1a: Dondozo|3\n|\n|upkeep\n|turn|4\n|\n|t:|1701104864\n|switch|p2a: Mew|Mew|100\/100\n|move|p1a: Dondozo|Body Press|p2a: Mew\n|-resisted|p2a: Mew\n|-damage|p2a: Mew|92\/100\n|\n|upkeep\n|turn|5\n|\n|t:|1701104874\n|switch|p2a: Tornadus|Tornadus-Therian, M|100\/100\n|switch|p1a: Blissey|Blissey, F|100\/100\n|\n|upkeep\n|turn|6\n|\n|t:|1701104890\n|switch|p1a: Dondozo|Dondozo, F|87\/100\n|move|p2a: Tornadus|Taunt|p1a: Dondozo\n|-start|p1a: Dondozo|move: Taunt\n|\n|upkeep\n|turn|7\n|\n|t:|1701104898\n|move|p2a: Tornadus|U-turn|p1a: Dondozo\n|-damage|p1a: Dondozo|81\/100\n|\n|t:|1701104901\n|switch|p2a: Nidoking|Nidoking, M|100\/100|[from] U-turn\n|move|p1a: Dondozo|Body Press|p2a: Nidoking\n|-resisted|p2a: Nidoking\n|-damage|p2a: Nidoking|82\/100\n|\n|upkeep\n|turn|8\n|\n|t:|1701104910\n|switch|p2a: Urshifu|Urshifu-Rapid-Strike, M|50\/100\n|switch|p1a: Blissey|Blissey, F|100\/100\n|\n|upkeep\n|turn|9\n|\n|t:|1701104917\n|switch|p1a: Dondozo|Dondozo, F|81\/100\n|move|p2a: Urshifu|Close Combat|p1a: Dondozo\n|-damage|p1a: Dondozo|54\/100\n|-unboost|p2a: Urshifu|def|1\n|-unboost|p2a: Urshifu|spd|1\n|\n|upkeep\n|turn|10\n|\n|t:|1701104925\n|switch|p2a: Tornadus|Tornadus-Therian, M|100\/100\n|move|p1a: Dondozo|Body Press|p2a: Tornadus\n|-resisted|p2a: Tornadus\n|-damage|p2a: Tornadus|86\/100\n|\n|upkeep\n|turn|11\n|\n|t:|1701104934\n|move|p2a: Tornadus|Taunt|p1a: Dondozo\n|-start|p1a: Dondozo|move: Taunt\n|cant|p1a: Dondozo|move: Taunt|Curse\n|\n|upkeep\n|turn|12\n|\n|t:|1701104942\n|move|p2a: Tornadus|U-turn|p1a: Dondozo\n|-damage|p1a: Dondozo|48\/100\n|\n|t:|1701104945\n|switch|p2a: Ferrothorn|Ferrothorn, M|100\/100|[from] U-turn\n|move|p1a: Dondozo|Body Press|p2a: Ferrothorn\n|-supereffective|p2a: Ferrothorn\n|-damage|p2a: Ferrothorn|68\/100\n|-damage|p1a: Dondozo|35\/100|[from] ability: Iron Barbs|[of] p2a: Ferrothorn\n|-damage|p1a: Dondozo|19\/100|[from] item: Rocky Helmet|[of] p2a: Ferrothorn\n|\n|upkeep\n|turn|13\n|\n|t:|1701104959\n|switch|p1a: Clefable|Clefable, M|100\/100\n|move|p2a: Ferrothorn|Stealth Rock|p1a: Clefable\n|-sidestart|p1: tuenhi|move: Stealth Rock\n|\n|upkeep\n|turn|14\n|\n|t:|1701104965\n|move|p1a: Clefable|Cosmic Power|p1a: Clefable\n|-boost|p1a: Clefable|def|1\n|-boost|p1a: Clefable|spd|1\n|move|p2a: Ferrothorn|Gyro Ball|p1a: Clefable\n|-supereffective|p1a: Clefable\n|-damage|p1a: Clefable|58\/100\n|\n|-heal|p1a: Clefable|64\/100|[from] item: Leftovers\n|upkeep\n|turn|15\n|\n|t:|1701104976\n|move|p1a: Clefable|Cosmic Power|p1a: Clefable\n|-boost|p1a: Clefable|def|1\n|-boost|p1a: Clefable|spd|1\n|move|p2a: Ferrothorn|Leech Seed|p1a: Clefable\n|-start|p1a: Clefable|move: Leech Seed\n|\n|-heal|p1a: Clefable|70\/100|[from] item: Leftovers\n|upkeep\n|turn|16\n|\n|t:|1701104986\n|switch|p2a: Nidoking|Nidoking, M|82\/100\n|move|p1a: Clefable|Cosmic Power|p1a: Clefable\n|-boost|p1a: Clefable|def|1\n|-boost|p1a: Clefable|spd|1\n|\n|-heal|p1a: Clefable|76\/100|[from] item: Leftovers\n|upkeep\n|turn|17\n|\n|t:|1701104995\n|move|p2a: Nidoking|Sludge Wave|p1a: Clefable\n|-supereffective|p1a: Clefable\n|-damage|p1a: Clefable|25\/100\n|move|p1a: Clefable|Cosmic Power|p1a: Clefable\n|-boost|p1a: Clefable|def|1\n|-boost|p1a: Clefable|spd|1\n|\n|-heal|p1a: Clefable|31\/100|[from] item: Leftovers\n|upkeep\n|turn|18\n|\n|t:|1701105005\n|move|p2a: Nidoking|Sludge Wave|p1a: Clefable\n|-supereffective|p1a: Clefable\n|-damage|p1a: Clefable|0 fnt\n|faint|p1a: Clefable\n|\n|upkeep\n|\n|t:|1701105011\n|switch|p1a: Blissey|Blissey, F|100\/100\n|turn|19\n|\n|t:|1701105017\n|switch|p2a: Urshifu|Urshifu-Rapid-Strike, M|50\/100\n|move|p1a: Blissey|Seismic Toss|p2a: Urshifu\n|-damage|p2a: Urshifu|21\/100\n|\n|upkeep\n|turn|20\n|\n|t:|1701105028\n|switch|p1a: Tapu Koko|Tapu Koko|100\/100\n|-fieldstart|move: Electric Terrain|[from] ability: Electric Surge|[of] p1a: Tapu Koko\n|move|p2a: Urshifu|Surging Strikes|p1a: Tapu Koko\n|-crit|p1a: Tapu Koko\n|-damage|p1a: Tapu Koko|71\/100\n|-crit|p1a: Tapu Koko\n|-damage|p1a: Tapu Koko|45\/100\n|-crit|p1a: Tapu Koko\n|-damage|p1a: Tapu Koko|17\/100\n|-hitcount|p1a: Tapu Koko|3\n|\n|upkeep\n|turn|21\n|\n|t:|1701105040\n|move|p2a: Urshifu|Surging Strikes|p1a: Tapu Koko\n|-crit|p1a: Tapu Koko\n|-damage|p1a: Tapu Koko|0 fnt\n|faint|p1a: Tapu Koko\n|-hitcount|p1: Tapu Koko|1\n|\n|upkeep\n|\n|t:|1701105049\n|switch|p1a: Dondozo|Dondozo, F|19\/100\n|turn|22\n|\n|t:|1701105053\n|move|p2a: Urshifu|Surging Strikes|p1a: Dondozo\n|-resisted|p1a: Dondozo\n|-crit|p1a: Dondozo\n|-damage|p1a: Dondozo|14\/100\n|-resisted|p1a: Dondozo\n|-crit|p1a: Dondozo\n|-damage|p1a: Dondozo|10\/100\n|-resisted|p1a: Dondozo\n|-crit|p1a: Dondozo\n|-damage|p1a: Dondozo|5\/100\n|-hitcount|p1a: Dondozo|3\n|move|p1a: Dondozo|Rest||[still]\n|-activate|p1a: Dondozo|move: Electric Terrain\n|-fail|p1a: Dondozo\n|\n|upkeep\n|turn|23\n|-message|tuenhi forfeited.\n|\n|win|LIWWEIR\n|raw|tuenhi's rating: 1335 &rarr; <strong>1317<\/strong><br \/>(-18 for losing)\n|raw|LIWWEIR's rating: 1367 &rarr; <strong>1385<\/strong><br \/>(+18 for winning)\n|l|\u2606tuenhi\n","uploadtime":1701105075,"views":1,"p1id":"tuenhi","p2id":"liwweir","formatid":"gen9nationaldex","rating":1317,"private":0,"password":""}