{"id":"gen9nationaldex-1996003262","p1":"Dovahhkiin64","p2":"Champion Corper","format":"[Gen 9] National Dex","log":"|html|<div class=\"broadcast-blue\"><strong>[Gen 9] National Dex is currently suspecting Sneasler! For information on how to participate check out the <a href=\"https:\/\/www.smogon.com\/forums\/threads\/sv-national-dex-suspect-8-just-dance.3731534\/\">suspect thread<\/a>.<\/strong><\/div>\n|j|\u2606Dovahhkiin64\n|j|\u2606Champion Corper\n|t:|1700627907\n|gametype|singles\n|player|p1|Dovahhkiin64|n|1490\n|player|p2|Champion Corper|hoopster|1535\n|teamsize|p1|6\n|teamsize|p2|6\n|gen|9\n|tier|[Gen 9] National Dex\n|rated|\n|rule|HP Percentage Mod: HP is shown in percentages\n|rule|Endless Battle Clause: Forcing endless battles is banned\n|rule|OHKO Clause: OHKO moves are banned\n|rule|Evasion Clause: Evasion abilities, items, and moves are banned\n|rule|Evasion Abilities Clause: Evasion abilities are banned\n|rule|Evasion Items Clause: Evasion items are banned\n|rule|Evasion Moves Clause: Evasion moves are banned\n|rule|Species Clause: Limit one of each Pok\u00e9mon\n|rule|Sleep Clause Mod: Limit one foe put to sleep\n|clearpoke\n|poke|p1|Crawdaunt, M|\n|poke|p1|Tapu Lele|\n|poke|p1|Yanmega, F|\n|poke|p1|Zapdos|\n|poke|p1|Garchomp, F|\n|poke|p1|Samurott-Hisui, F|\n|poke|p2|Tapu Koko|\n|poke|p2|Iron Valiant|\n|poke|p2|Iron Moth|\n|poke|p2|Tornadus-Therian, M|\n|poke|p2|Garganacl, F|\n|poke|p2|Scizor, F|\n|teampreview\n|inactive|Battle timer is ON: inactive players will automatically lose when time's up. (requested by Champion Corper)\n|\n|t:|1700627927\n|start\n|switch|p1a: Yanmega|Yanmega, F|100\/100\n|switch|p2a: Tapu Koko|Tapu Koko|100\/100\n|-fieldstart|move: Electric Terrain|[from] ability: Electric Surge|[of] p2a: Tapu Koko\n|turn|1\n|\n|t:|1700627937\n|switch|p1a: Garchomp|Garchomp, F|100\/100\n|move|p2a: Tapu Koko|U-turn|p1a: Garchomp\n|-damage|p1a: Garchomp|83\/100\n|-damage|p2a: Tapu Koko|88\/100|[from] ability: Rough Skin|[of] p1a: Garchomp\n|\n|t:|1700627940\n|switch|p2a: Iron Valiant|Iron Valiant|100\/100|[from] U-turn\n|-activate|p2a: Iron Valiant|ability: Quark Drive\n|-start|p2a: Iron Valiant|quarkdrivespe\n|\n|upkeep\n|turn|2\n|\n|t:|1700627951\n|switch|p1a: Zapdos|Zapdos|100\/100\n|-ability|p1a: Zapdos|Pressure\n|move|p2a: Iron Valiant|Moonblast|p1a: Zapdos\n|-damage|p1a: Zapdos|59\/100\n|\n|-heal|p1a: Zapdos|65\/100|[from] item: Leftovers\n|upkeep\n|turn|3\n|\n|t:|1700627961\n|-end|p2a: Iron Valiant|Quark Drive|[silent]\n|switch|p2a: Garganacl|Garganacl, F|100\/100\n|move|p1a: Zapdos|Discharge|p2a: Garganacl\n|-damage|p2a: Garganacl|79\/100\n|\n|-heal|p1a: Zapdos|71\/100|[from] item: Leftovers\n|-heal|p2a: Garganacl|86\/100|[from] item: Leftovers\n|upkeep\n|turn|4\n|\n|t:|1700627970\n|switch|p1a: Crawdaunt|Crawdaunt, M|100\/100\n|move|p2a: Garganacl|Iron Defense|p2a: Garganacl\n|-boost|p2a: Garganacl|def|2\n|\n|-heal|p2a: Garganacl|92\/100|[from] item: Leftovers\n|upkeep\n|turn|5\n|\n|t:|1700627979\n|move|p1a: Crawdaunt|Crabhammer|p2a: Garganacl\n|-supereffective|p2a: Garganacl\n|-damage|p2a: Garganacl|20\/100\n|move|p2a: Garganacl|Iron Defense|p2a: Garganacl\n|-boost|p2a: Garganacl|def|2\n|\n|-heal|p2a: Garganacl|26\/100|[from] item: Leftovers\n|-fieldend|move: Electric Terrain\n|upkeep\n|turn|6\n|\n|t:|1700627989\n|-terastallize|p2a: Garganacl|Ghost\n|move|p1a: Crawdaunt|Crabhammer|p2a: Garganacl\n|-damage|p2a: Garganacl|2\/100\n|move|p2a: Garganacl|Recover|p2a: Garganacl\n|-heal|p2a: Garganacl|52\/100\n|\n|-heal|p2a: Garganacl|58\/100|[from] item: Leftovers\n|upkeep\n|turn|7\n|\n|t:|1700628006\n|switch|p1a: Yanmega|Yanmega, F|100\/100\n|move|p2a: Garganacl|Recover|p2a: Garganacl\n|-heal|p2a: Garganacl|100\/100\n|\n|upkeep\n|turn|8\n|\n|t:|1700628014\n|-terastallize|p1a: Yanmega|Bug\n|move|p1a: Yanmega|Bug Buzz|p2a: Garganacl\n|-resisted|p2a: Garganacl\n|-damage|p2a: Garganacl|42\/100\n|move|p2a: Garganacl|Salt Cure|p1a: Yanmega\n|-supereffective|p1a: Yanmega\n|-damage|p1a: Yanmega|64\/100\n|-start|p1a: Yanmega|Salt Cure\n|\n|-heal|p2a: Garganacl|48\/100|[from] item: Leftovers\n|-damage|p1a: Yanmega|52\/100|[from] Salt Cure\n|upkeep\n|turn|9\n|\n|t:|1700628026\n|switch|p2a: Scizor|Scizor, F|100\/100\n|move|p1a: Yanmega|Bug Buzz|p2a: Scizor\n|-resisted|p2a: Scizor\n|-damage|p2a: Scizor|12\/100\n|\n|-damage|p1a: Yanmega|39\/100|[from] Salt Cure\n|upkeep\n|turn|10\n|\n|t:|1700628034\n|detailschange|p2a: Scizor|Scizor-Mega, F\n|-mega|p2a: Scizor|Scizor|Scizorite\n|move|p2a: Scizor|Bullet Punch|p1a: Yanmega\n|-damage|p1a: Yanmega|5\/100\n|move|p1a: Yanmega|Bug Buzz|p2a: Scizor\n|-resisted|p2a: Scizor\n|-damage|p2a: Scizor|0 fnt\n|faint|p2a: Scizor\n|\n|-damage|p1a: Yanmega|0 fnt|[from] Salt Cure\n|faint|p1a: Yanmega\n|upkeep\n|\n|t:|1700628052\n|switch|p1a: Tapu Lele|Tapu Lele|100\/100\n|switch|p2a: Tornadus|Tornadus-Therian, M|100\/100\n|-fieldstart|move: Psychic Terrain|[from] ability: Psychic Surge|[of] p1a: Tapu Lele\n|turn|11\n|\n|t:|1700628059\n|switch|p1a: Zapdos|Zapdos|71\/100\n|-ability|p1a: Zapdos|Pressure\n|move|p2a: Tornadus|U-turn|p1a: Zapdos\n|-resisted|p1a: Zapdos\n|-damage|p1a: Zapdos|66\/100\n|\n|t:|1700628064\n|switch|p2a: Garganacl|Garganacl, F, tera:Ghost|48\/100|[from] U-turn\n|\n|-heal|p1a: Zapdos|72\/100|[from] item: Leftovers\n|-heal|p2a: Garganacl|54\/100|[from] item: Leftovers\n|upkeep\n|turn|12\n|\n|t:|1700628071\n|switch|p1a: Crawdaunt|Crawdaunt, M|100\/100\n|move|p2a: Garganacl|Recover|p2a: Garganacl\n|-heal|p2a: Garganacl|100\/100\n|\n|upkeep\n|turn|13\n|\n|t:|1700628081\n|switch|p2a: Iron Valiant|Iron Valiant|100\/100\n|move|p1a: Crawdaunt|Knock Off|p2a: Iron Valiant\n|-resisted|p2a: Iron Valiant\n|-damage|p2a: Iron Valiant|68\/100\n|-enditem|p2a: Iron Valiant|Expert Belt|[from] move: Knock Off|[of] p1a: Crawdaunt\n|\n|upkeep\n|turn|14\n|\n|t:|1700628092\n|switch|p1a: Tapu Lele|Tapu Lele|100\/100\n|move|p2a: Iron Valiant|Moonblast|p1a: Tapu Lele\n|-damage|p1a: Tapu Lele|54\/100\n|\n|upkeep\n|turn|15\n|\n|t:|1700628100\n|-end|p2a: Iron Valiant|Quark Drive|[silent]\n|switch|p2a: Tornadus|Tornadus-Therian, M|100\/100\n|move|p1a: Tapu Lele|Psychic|p2a: Tornadus\n|-damage|p2a: Tornadus|35\/100\n|\n|-fieldend|move: Psychic Terrain\n|upkeep\n|turn|16\n|\n|t:|1700628108\n|move|p1a: Tapu Lele|Psychic|p2a: Tornadus\n|-damage|p2a: Tornadus|0 fnt\n|faint|p2a: Tornadus\n|\n|upkeep\n|\n|t:|1700628113\n|switch|p2a: Tapu Koko|Tapu Koko|88\/100\n|-fieldstart|move: Electric Terrain|[from] ability: Electric Surge|[of] p2a: Tapu Koko\n|turn|17\n|\n|t:|1700628119\n|switch|p1a: Zapdos|Zapdos|72\/100\n|-ability|p1a: Zapdos|Pressure\n|move|p2a: Tapu Koko|U-turn|p1a: Zapdos\n|-resisted|p1a: Zapdos\n|-damage|p1a: Zapdos|65\/100\n|\n|t:|1700628122\n|switch|p2a: Iron Moth|Iron Moth|100\/100|[from] U-turn\n|-activate|p2a: Iron Moth|ability: Quark Drive\n|-start|p2a: Iron Moth|quarkdrivespa\n|\n|-heal|p1a: Zapdos|71\/100|[from] item: Leftovers\n|upkeep\n|turn|18\n|\n|t:|1700628132\n|move|p2a: Iron Moth|Sludge Wave|p1a: Zapdos\n|-damage|p1a: Zapdos|5\/100\n|move|p1a: Zapdos|Discharge|p2a: Iron Moth\n|-damage|p2a: Iron Moth|68\/100\n|\n|-heal|p1a: Zapdos|11\/100|[from] item: Leftovers\n|upkeep\n|turn|19\n|\n|t:|1700628142\n|move|p2a: Iron Moth|Sludge Wave|p1a: Zapdos\n|-damage|p1a: Zapdos|0 fnt\n|faint|p1a: Zapdos\n|\n|upkeep\n|\n|t:|1700628149\n|switch|p1a: Garchomp|Garchomp, F|83\/100\n|turn|20\n|\n|t:|1700628154\n|move|p2a: Iron Moth|Energy Ball|p1a: Garchomp\n|-crit|p1a: Garchomp\n|-damage|p1a: Garchomp|12\/100\n|move|p1a: Garchomp|Earthquake|p2a: Iron Moth\n|-supereffective|p2a: Iron Moth\n|-damage|p2a: Iron Moth|0 fnt\n|faint|p2a: Iron Moth\n|-end|p2a: Iron Moth|Quark Drive|[silent]\n|\n|upkeep\n|\n|t:|1700628160\n|switch|p2a: Garganacl|Garganacl, F, tera:Ghost|100\/100\n|turn|21\n|\n|t:|1700628164\n|switch|p1a: Crawdaunt|Crawdaunt, M|100\/100\n|move|p2a: Garganacl|Iron Defense|p2a: Garganacl\n|-boost|p2a: Garganacl|def|2\n|\n|-fieldend|move: Electric Terrain\n|upkeep\n|turn|22\n|\n|t:|1700628171\n|move|p1a: Crawdaunt|Knock Off|p2a: Garganacl\n|-supereffective|p2a: Garganacl\n|-damage|p2a: Garganacl|30\/100\n|-enditem|p2a: Garganacl|Leftovers|[from] move: Knock Off|[of] p1a: Crawdaunt\n|move|p2a: Garganacl|Iron Defense|p2a: Garganacl\n|-boost|p2a: Garganacl|def|2\n|\n|upkeep\n|turn|23\n|\n|t:|1700628178\n|move|p1a: Crawdaunt|Knock Off|p2a: Garganacl\n|-supereffective|p2a: Garganacl\n|-damage|p2a: Garganacl|0 fnt\n|faint|p2a: Garganacl\n|\n|upkeep\n|\n|t:|1700628183\n|switch|p2a: Tapu Koko|Tapu Koko|88\/100\n|-fieldstart|move: Electric Terrain|[from] ability: Electric Surge|[of] p2a: Tapu Koko\n|turn|24\n|\n|t:|1700628189\n|switch|p1a: Garchomp|Garchomp, F|12\/100\n|move|p2a: Tapu Koko|Thunderbolt|p1a: Garchomp\n|-immune|p1a: Garchomp\n|\n|upkeep\n|turn|25\n|\n|t:|1700628198\n|switch|p1a: Tapu Lele|Tapu Lele|54\/100\n|-fieldstart|move: Psychic Terrain|[from] ability: Psychic Surge|[of] p1a: Tapu Lele\n|move|p2a: Tapu Koko|U-turn|p1a: Tapu Lele\n|-damage|p1a: Tapu Lele|31\/100\n|\n|t:|1700628200\n|switch|p2a: Iron Valiant|Iron Valiant|68\/100|[from] U-turn\n|\n|upkeep\n|turn|26\n|\n|t:|1700628208\n|-end|p2a: Iron Valiant|Quark Drive|[silent]\n|switch|p2a: Tapu Koko|Tapu Koko|88\/100\n|-fieldstart|move: Electric Terrain|[from] ability: Electric Surge|[of] p2a: Tapu Koko\n|move|p1a: Tapu Lele|Psychic|p2a: Tapu Koko\n|-damage|p2a: Tapu Koko|22\/100\n|\n|upkeep\n|turn|27\n|\n|t:|1700628215\n|move|p1a: Tapu Lele|Psychic|p2a: Tapu Koko\n|-damage|p2a: Tapu Koko|0 fnt\n|faint|p2a: Tapu Koko\n|\n|upkeep\n|\n|t:|1700628217\n|switch|p2a: Iron Valiant|Iron Valiant|68\/100\n|-activate|p2a: Iron Valiant|ability: Quark Drive\n|-start|p2a: Iron Valiant|quarkdrivespe\n|turn|28\n|\n|t:|1700628224\n|switch|p1a: Garchomp|Garchomp, F|12\/100\n|move|p2a: Iron Valiant|Moonblast|p1a: Garchomp\n|-supereffective|p1a: Garchomp\n|-damage|p1a: Garchomp|0 fnt\n|faint|p1a: Garchomp\n|\n|upkeep\n|c|\u2606Champion Corper|gg\n|c|\u2606Dovahhkiin64|gg\n|\n|t:|1700628232\n|switch|p1a: Tapu Lele|Tapu Lele|31\/100\n|-fieldstart|move: Psychic Terrain|[from] ability: Psychic Surge|[of] p1a: Tapu Lele\n|-end|p2a: Iron Valiant|Quark Drive\n|turn|29\n|\n|t:|1700628238\n|move|p1a: Tapu Lele|Psychic|p2a: Iron Valiant\n|-supereffective|p2a: Iron Valiant\n|-damage|p2a: Iron Valiant|0 fnt\n|faint|p2a: Iron Valiant\n|-end|p2a: Iron Valiant|Quark Drive|[silent]\n|\n|win|Dovahhkiin64\n|raw|Dovahhkiin64's rating: 1490 &rarr; <strong>1513<\/strong><br \/>(+23 for winning)\n|raw|Champion Corper's rating: 1535 &rarr; <strong>1512<\/strong><br \/>(-23 for losing)\n|l|\u2606Champion Corper\n","uploadtime":1700628245,"views":0,"p1id":"dovahhkiin64","p2id":"championcorper","formatid":"gen9nationaldex","rating":1512,"private":0,"password":""}