{"id":"gen9nationaldex-1997608000","p1":"manaphymoments","p2":"NDSNEZ fyzmelm","format":"[Gen 9] National Dex","log":"|html|<div class=\"broadcast-blue\"><strong>[Gen 9] National Dex is currently suspecting Sneasler! For information on how to participate check out the <a href=\"https:\/\/www.smogon.com\/forums\/threads\/sv-national-dex-suspect-8-just-dance.3731534\/\">suspect thread<\/a>.<\/strong><\/div>\n|j|\u2606manaphymoments\n|j|\u2606NDSNEZ fyzmelm\n|t:|1700832337\n|gametype|singles\n|player|p1|manaphymoments|riley|1177\n|player|p2|NDSNEZ fyzmelm|flannery|1222\n|teamsize|p1|6\n|teamsize|p2|6\n|gen|9\n|tier|[Gen 9] National Dex\n|rated|\n|rule|HP Percentage Mod: HP is shown in percentages\n|rule|Endless Battle Clause: Forcing endless battles is banned\n|rule|OHKO Clause: OHKO moves are banned\n|rule|Evasion Clause: Evasion abilities, items, and moves are banned\n|rule|Evasion Abilities Clause: Evasion abilities are banned\n|rule|Evasion Items Clause: Evasion items are banned\n|rule|Evasion Moves Clause: Evasion moves are banned\n|rule|Species Clause: Limit one of each Pok\u00e9mon\n|rule|Sleep Clause Mod: Limit one foe put to sleep\n|clearpoke\n|poke|p1|Tapu Koko|\n|poke|p1|Landorus-Therian, M|\n|poke|p1|Lopunny, F|\n|poke|p1|Alomomola, M|\n|poke|p1|Iron Valiant|\n|poke|p1|Blacephalon|\n|poke|p2|Venusaur, F|\n|poke|p2|Alomomola, F|\n|poke|p2|Chansey, F|\n|poke|p2|Clodsire, M|\n|poke|p2|Corviknight, F|\n|poke|p2|Dondozo, F|\n|teampreview\n|c|\u2606manaphymoments|hf\n|c|\u2606NDSNEZ fyzmelm|gl\n|\n|t:|1700832350\n|start\n|switch|p1a: Tapu Koko|Tapu Koko|100\/100\n|switch|p2a: Venusaur|Venusaur, F|100\/100\n|-fieldstart|move: Electric Terrain|[from] ability: Electric Surge|[of] p1a: Tapu Koko\n|turn|1\n|\n|t:|1700832381\n|detailschange|p2a: Venusaur|Venusaur-Mega, F\n|-mega|p2a: Venusaur|Venusaur|Venusaurite\n|move|p1a: Tapu Koko|Volt Switch|p2a: Venusaur\n|-resisted|p2a: Venusaur\n|-damage|p2a: Venusaur|86\/100\n|\n|t:|1700832399\n|switch|p1a: Lopunny|Lopunny, F, shiny|100\/100|[from] Volt Switch\n|move|p2a: Venusaur|Leech Seed|p1a: Lopunny\n|-start|p1a: Lopunny|move: Leech Seed\n|\n|-damage|p1a: Lopunny|88\/100|[from] Leech Seed|[of] p2a: Venusaur\n|-heal|p2a: Venusaur|95\/100|[silent]\n|upkeep\n|turn|2\n|\n|t:|1700832408\n|detailschange|p1a: Lopunny|Lopunny-Mega, F, shiny\n|-mega|p1a: Lopunny|Lopunny|Lopunnite\n|move|p1a: Lopunny|U-turn|p2a: Venusaur\n|-damage|p2a: Venusaur|80\/100\n|\n|t:|1700832414\n|switch|p1a: Blacephalon|Blacephalon, shiny|100\/100|[from] U-turn\n|move|p2a: Venusaur|Giga Drain|p1a: Blacephalon\n|-resisted|p1a: Blacephalon\n|-damage|p1a: Blacephalon|73\/100\n|-heal|p2a: Venusaur|89\/100|[from] drain|[of] p1a: Blacephalon\n|\n|upkeep\n|turn|3\n|\n|t:|1700832444\n|move|p1a: Blacephalon|Shadow Ball|p2a: Venusaur\n|-damage|p2a: Venusaur|54\/100\n|move|p2a: Venusaur|Knock Off|p1a: Blacephalon\n|-supereffective|p1a: Blacephalon\n|-damage|p1a: Blacephalon|0 fnt\n|-enditem|p1a: Blacephalon|Choice Scarf|[from] move: Knock Off|[of] p2a: Venusaur\n|faint|p1a: Blacephalon\n|\n|upkeep\n|\n|t:|1700832449\n|switch|p1a: Iron Valiant|Iron Valiant, shiny|100\/100\n|-activate|p1a: Iron Valiant|ability: Quark Drive\n|-start|p1a: Iron Valiant|quarkdrivespe\n|turn|4\n|\n|t:|1700832480\n|move|p1a: Iron Valiant|Encore|p2a: Venusaur\n|-start|p2a: Venusaur|Encore\n|move|p2a: Venusaur|Knock Off|p1a: Iron Valiant\n|-resisted|p1a: Iron Valiant\n|-damage|p1a: Iron Valiant|96\/100\n|\n|upkeep\n|turn|5\n|\n|t:|1700832491\n|switch|p2a: lovely|Clodsire, M|100\/100\n|move|p1a: Iron Valiant|Swords Dance|p1a: Iron Valiant\n|-boost|p1a: Iron Valiant|atk|2\n|\n|-fieldend|move: Electric Terrain\n|-end|p1a: Iron Valiant|Quark Drive\n|upkeep\n|-enditem|p1a: Iron Valiant|Booster Energy\n|-activate|p1a: Iron Valiant|ability: Quark Drive|[fromitem]\n|-start|p1a: Iron Valiant|quarkdriveatk\n|turn|6\n|\n|t:|1700832509\n|move|p1a: Iron Valiant|Knock Off|p2a: lovely\n|-damage|p2a: lovely|49\/100\n|-enditem|p2a: lovely|Heavy-Duty Boots|[from] move: Knock Off|[of] p1a: Iron Valiant\n|move|p2a: lovely|Stealth Rock|p1a: Iron Valiant\n|-sidestart|p1: manaphymoments|move: Stealth Rock\n|\n|upkeep\n|turn|7\n|\n|t:|1700832521\n|move|p1a: Iron Valiant|Swords Dance|p1a: Iron Valiant\n|-boost|p1a: Iron Valiant|atk|2\n|move|p2a: lovely|Toxic|p1a: Iron Valiant\n|-status|p1a: Iron Valiant|tox\n|\n|-damage|p1a: Iron Valiant|90\/100 tox|[from] psn\n|upkeep\n|turn|8\n|\n|t:|1700832529\n|move|p1a: Iron Valiant|Close Combat|p2a: lovely\n|-resisted|p2a: lovely\n|-damage|p2a: lovely|5\/100\n|-unboost|p1a: Iron Valiant|def|1\n|-unboost|p1a: Iron Valiant|spd|1\n|move|p2a: lovely|Recover|p2a: lovely\n|-heal|p2a: lovely|55\/100\n|\n|-damage|p1a: Iron Valiant|78\/100 tox|[from] psn\n|upkeep\n|turn|9\n|\n|t:|1700832537\n|move|p1a: Iron Valiant|Encore|p2a: lovely\n|-start|p2a: lovely|Encore\n|move|p2a: lovely|Recover|p2a: lovely\n|-heal|p2a: lovely|100\/100\n|\n|-damage|p1a: Iron Valiant|59\/100 tox|[from] psn\n|upkeep\n|turn|10\n|\n|t:|1700832550\n|-end|p1a: Iron Valiant|Quark Drive|[silent]\n|switch|p1a: Landorus|Landorus-Therian, M|100\/100\n|-damage|p1a: Landorus|88\/100|[from] Stealth Rock\n|-ability|p1a: Landorus|Intimidate|boost\n|-unboost|p2a: lovely|atk|1\n|switch|p2a: Alomomola|Alomomola, F|100\/100\n|\n|upkeep\n|turn|11\n|\n|t:|1700832556\n|move|p1a: Landorus|U-turn|p2a: Alomomola\n|-damage|p2a: Alomomola|88\/100\n|\n|t:|1700832560\n|switch|p1a: Tapu Koko|Tapu Koko|100\/100|[from] U-turn\n|-fieldstart|move: Electric Terrain|[from] ability: Electric Surge|[of] p1a: Tapu Koko\n|move|p2a: Alomomola|Scald|p1a: Tapu Koko\n|-damage|p1a: Tapu Koko|80\/100\n|\n|upkeep\n|turn|12\n|\n|t:|1700832573\n|switch|p2a: lovely|Clodsire, M|100\/100\n|move|p1a: Tapu Koko|Thunderbolt|p2a: lovely\n|-immune|p2a: lovely\n|\n|upkeep\n|turn|13\n|\n|t:|1700832587\n|switch|p1a: Iron Valiant|Iron Valiant, shiny|59\/100 tox\n|-damage|p1a: Iron Valiant|53\/100 tox|[from] Stealth Rock\n|-activate|p1a: Iron Valiant|ability: Quark Drive\n|-start|p1a: Iron Valiant|quarkdrivespe\n|move|p2a: lovely|Earthquake|p1a: Iron Valiant\n|-damage|p1a: Iron Valiant|21\/100 tox\n|\n|-damage|p1a: Iron Valiant|14\/100 tox|[from] psn\n|upkeep\n|turn|14\n|\n|t:|1700832620\n|move|p1a: Iron Valiant|Encore|p2a: lovely\n|-start|p2a: lovely|Encore\n|move|p2a: lovely|Earthquake|p1a: Iron Valiant\n|-damage|p1a: Iron Valiant|0 fnt\n|faint|p1a: Iron Valiant\n|-end|p1a: Iron Valiant|Quark Drive|[silent]\n|\n|upkeep\n|\n|t:|1700832626\n|switch|p1a: Landorus|Landorus-Therian, M|88\/100\n|-damage|p1a: Landorus|76\/100|[from] Stealth Rock\n|-ability|p1a: Landorus|Intimidate|boost\n|-unboost|p2a: lovely|atk|1\n|turn|15\n|\n|t:|1700832676\n|switch|p2a: Venusaur|Venusaur-Mega, F|54\/100\n|move|p1a: Landorus|Toxic|p2a: Venusaur\n|-immune|p2a: Venusaur\n|\n|-fieldend|move: Electric Terrain\n|upkeep\n|turn|16\n|inactive|Battle timer is ON: inactive players will automatically lose when time's up. (requested by manaphymoments)\n|\n|t:|1700832683\n|move|p2a: Venusaur|Synthesis|p2a: Venusaur\n|-heal|p2a: Venusaur|100\/100\n|move|p1a: Landorus|Earthquake|p2a: Venusaur\n|-damage|p2a: Venusaur|72\/100\n|\n|upkeep\n|turn|17\n|\n|t:|1700832698\n|switch|p1a: Alomomola|Alomomola, M|100\/100\n|move|p2a: Venusaur|Giga Drain|p1a: Alomomola\n|-supereffective|p1a: Alomomola\n|-damage|p1a: Alomomola|47\/100\n|-heal|p2a: Venusaur|100\/100|[from] drain|[of] p1a: Alomomola\n|\n|upkeep\n|turn|18\n|inactive|NDSNEZ fyzmelm has 120 seconds left.\n|\n|t:|1700832725\n|-terastallize|p1a: Alomomola|Grass\n|move|p2a: Venusaur|Giga Drain|p1a: Alomomola\n|-resisted|p1a: Alomomola\n|-damage|p1a: Alomomola|34\/100\n|move|p1a: Alomomola|Wish|p1a: Alomomola\n|\n|upkeep\n|turn|19\n|\n|t:|1700832745\n|switch|p1a: Landorus|Landorus-Therian, M|76\/100\n|-damage|p1a: Landorus|64\/100|[from] Stealth Rock\n|-ability|p1a: Landorus|Intimidate|boost\n|-unboost|p2a: Venusaur|atk|1\n|move|p2a: Venusaur|Knock Off|p1a: Landorus\n|-damage|p1a: Landorus|50\/100\n|-damage|p2a: Venusaur|84\/100|[from] item: Rocky Helmet|[of] p1a: Landorus\n|-enditem|p1a: Landorus|Rocky Helmet|[from] move: Knock Off|[of] p2a: Venusaur\n|\n|-heal|p1a: Landorus|100\/100|[from] move: Wish|[wisher] Alomomola\n|upkeep\n|turn|20\n|\n|t:|1700832752\n|move|p2a: Venusaur|Leech Seed|p1a: Landorus\n|-start|p1a: Landorus|move: Leech Seed\n|move|p1a: Landorus|Earthquake|p2a: Venusaur\n|-damage|p2a: Venusaur|58\/100\n|\n|-damage|p1a: Landorus|88\/100|[from] Leech Seed|[of] p2a: Venusaur\n|-heal|p2a: Venusaur|71\/100|[silent]\n|upkeep\n|turn|21\n|\n|t:|1700832756\n|move|p2a: Venusaur|Synthesis|p2a: Venusaur\n|-heal|p2a: Venusaur|100\/100\n|move|p1a: Landorus|U-turn|p2a: Venusaur\n|-damage|p2a: Venusaur|87\/100\n|\n|t:|1700832762\n|switch|p1a: Alomomola|Alomomola, M, tera:Grass|67\/100|[from] U-turn\n|\n|upkeep\n|turn|22\n|\n|t:|1700832784\n|move|p2a: Venusaur|Knock Off|p1a: Alomomola\n|-damage|p1a: Alomomola|59\/100\n|-enditem|p1a: Alomomola|Heavy-Duty Boots|[from] move: Knock Off|[of] p2a: Venusaur\n|move|p1a: Alomomola|Wish|p1a: Alomomola\n|\n|upkeep\n|turn|23\n|\n|t:|1700832807\n|switch|p2a: Chansey|Chansey, F|100\/100\n|move|p1a: Alomomola|Wish||[still]\n|-fail|p1a: Alomomola\n|\n|-heal|p1a: Alomomola|100\/100|[from] move: Wish|[wisher] Alomomola\n|upkeep\n|turn|24\n|\n|t:|1700832827\n|move|p1a: Alomomola|Knock Off|p2a: Chansey\n|-damage|p2a: Chansey|90\/100\n|-enditem|p2a: Chansey|Eviolite|[from] move: Knock Off|[of] p1a: Alomomola\n|move|p2a: Chansey|Toxic|p1a: Alomomola\n|-status|p1a: Alomomola|tox\n|\n|-damage|p1a: Alomomola|94\/100 tox|[from] psn\n|upkeep\n|turn|25\n|\n|t:|1700832847\n|move|p1a: Alomomola|Flip Turn|p2a: Chansey\n|-damage|p2a: Chansey|75\/100\n|\n|t:|1700832851\n|switch|p1a: Lopunny|Lopunny-Mega, F, shiny|88\/100|[from] Flip Turn\n|-damage|p1a: Lopunny|82\/100|[from] Stealth Rock\n|move|p2a: Chansey|Toxic|p1a: Lopunny\n|-status|p1a: Lopunny|tox\n|\n|-damage|p1a: Lopunny|77\/100 tox|[from] psn\n|upkeep\n|turn|26\n|\n|t:|1700832857\n|switch|p2a: Venusaur|Venusaur-Mega, F|87\/100\n|move|p1a: Lopunny|Fake Out|p2a: Venusaur\n|-damage|p2a: Venusaur|75\/100\n|\n|-damage|p1a: Lopunny|65\/100 tox|[from] psn\n|upkeep\n|turn|27\n|\n|t:|1700832864\n|move|p1a: Lopunny|U-turn|p2a: Venusaur\n|-damage|p2a: Venusaur|60\/100\n|\n|t:|1700832869\n|switch|p1a: Alomomola|Alomomola, M, tera:Grass|100\/100 tox|[from] U-turn\n|-damage|p1a: Alomomola|88\/100 tox|[from] Stealth Rock\n|move|p2a: Venusaur|Leech Seed|p1a: Alomomola\n|-immune|p1a: Alomomola\n|\n|-damage|p1a: Alomomola|82\/100 tox|[from] psn\n|upkeep\n|turn|28\n|\n|t:|1700832882\n|move|p2a: Venusaur|Synthesis|p2a: Venusaur\n|-heal|p2a: Venusaur|100\/100\n|move|p1a: Alomomola|Wish|p1a: Alomomola\n|\n|-damage|p1a: Alomomola|70\/100 tox|[from] psn\n|upkeep\n|turn|29\n|\n|t:|1700832898\n|switch|p2a: Chansey|Chansey, F|75\/100\n|switch|p1a: Lopunny|Lopunny-Mega, F, shiny|65\/100 tox\n|-damage|p1a: Lopunny|59\/100 tox|[from] Stealth Rock\n|\n|-heal|p1a: Lopunny|100\/100 tox|[from] move: Wish|[wisher] Alomomola\n|-damage|p1a: Lopunny|95\/100 tox|[from] psn\n|upkeep\n|turn|30\n|\n|t:|1700832915\n|switch|p2a: Alomomola|Alomomola, F|100\/100\n|move|p1a: Lopunny|Frustration|p2a: Alomomola\n|-damage|p2a: Alomomola|71\/100\n|\n|-damage|p1a: Lopunny|83\/100 tox|[from] psn\n|upkeep\n|turn|31\n|\n|t:|1700832921\n|move|p1a: Lopunny|U-turn|p2a: Alomomola\n|-damage|p2a: Alomomola|57\/100\n|\n|t:|1700832925\n|switch|p1a: Alomomola|Alomomola, M, tera:Grass|100\/100 tox|[from] U-turn\n|-damage|p1a: Alomomola|88\/100 tox|[from] Stealth Rock\n|move|p2a: Alomomola|Flip Turn|p1a: Alomomola\n|-resisted|p1a: Alomomola\n|-damage|p1a: Alomomola|83\/100 tox\n|\n|t:|1700832949\n|switch|p2a: lovely|Clodsire, M|100\/100|[from] Flip Turn\n|\n|-damage|p1a: Alomomola|77\/100 tox|[from] psn\n|upkeep\n|turn|32\n|\n|t:|1700832959\n|switch|p1a: Landorus|Landorus-Therian, M|88\/100\n|-damage|p1a: Landorus|76\/100|[from] Stealth Rock\n|-ability|p1a: Landorus|Intimidate|boost\n|-unboost|p2a: lovely|atk|1\n|move|p2a: lovely|Earthquake|p1a: Landorus\n|-immune|p1a: Landorus\n|\n|upkeep\n|turn|33\n|\n|t:|1700832966\n|move|p1a: Landorus|Earthquake|p2a: lovely\n|-supereffective|p2a: lovely\n|-damage|p2a: lovely|0 fnt\n|faint|p2a: lovely\n|\n|upkeep\n|\n|t:|1700832969\n|switch|p2a: Chansey|Chansey, F|75\/100\n|turn|34\n|\n|t:|1700832977\n|move|p1a: Landorus|Earthquake|p2a: Chansey\n|-damage|p2a: Chansey|28\/100\n|move|p2a: Chansey|Toxic|p1a: Landorus\n|-status|p1a: Landorus|tox\n|\n|-damage|p1a: Landorus|70\/100 tox|[from] psn\n|upkeep\n|turn|35\n|\n|t:|1700832984\n|move|p1a: Landorus|U-turn|p2a: Chansey\n|-damage|p2a: Chansey|7\/100\n|\n|t:|1700832991\n|switch|p1a: Tapu Koko|Tapu Koko|80\/100|[from] U-turn\n|-fieldstart|move: Electric Terrain|[from] ability: Electric Surge|[of] p1a: Tapu Koko\n|move|p2a: Chansey|Soft-Boiled|p2a: Chansey\n|-heal|p2a: Chansey|57\/100\n|\n|upkeep\n|turn|36\n|\n|t:|1700833000\n|move|p1a: Tapu Koko|Volt Switch|p2a: Chansey\n|-damage|p2a: Chansey|41\/100\n|\n|t:|1700833003\n|switch|p1a: Alomomola|Alomomola, M, tera:Grass|100\/100 tox|[from] Volt Switch\n|-damage|p1a: Alomomola|88\/100 tox|[from] Stealth Rock\n|move|p2a: Chansey|Soft-Boiled|p2a: Chansey\n|-heal|p2a: Chansey|91\/100\n|\n|-damage|p1a: Alomomola|82\/100 tox|[from] psn\n|upkeep\n|turn|37\n|\n|t:|1700833022\n|switch|p2a: Venusaur|Venusaur-Mega, F|100\/100\n|move|p1a: Alomomola|Flip Turn|p2a: Venusaur\n|-resisted|p2a: Venusaur\n|-damage|p2a: Venusaur|96\/100\n|\n|t:|1700833049\n|switch|p1a: Landorus|Landorus-Therian, M|70\/100 tox|[from] Flip Turn\n|-damage|p1a: Landorus|58\/100 tox|[from] Stealth Rock\n|-ability|p1a: Landorus|Intimidate|boost\n|-unboost|p2a: Venusaur|atk|1\n|\n|-damage|p1a: Landorus|52\/100 tox|[from] psn\n|upkeep\n|turn|38\n|\n|t:|1700833057\n|move|p2a: Venusaur|Knock Off|p1a: Landorus\n|-damage|p1a: Landorus|42\/100 tox\n|move|p1a: Landorus|U-turn|p2a: Venusaur\n|-damage|p2a: Venusaur|83\/100\n|\n|t:|1700833067\n|switch|p1a: Alomomola|Alomomola, M, tera:Grass|100\/100 tox|[from] U-turn\n|-damage|p1a: Alomomola|88\/100 tox|[from] Stealth Rock\n|\n|-damage|p1a: Alomomola|82\/100 tox|[from] psn\n|upkeep\n|turn|39\n|\n|t:|1700833076\n|switch|p2a: Dondozo|Dondozo, F|100\/100\n|move|p1a: Alomomola|Wish|p1a: Alomomola\n|\n|-damage|p1a: Alomomola|70\/100 tox|[from] psn\n|-fieldend|move: Electric Terrain\n|upkeep\n|turn|40\n|\n|t:|1700833083\n|move|p1a: Alomomola|Flip Turn|p2a: Dondozo\n|-resisted|p2a: Dondozo\n|-damage|p2a: Dondozo|97\/100\n|\n|t:|1700833086\n|switch|p1a: Landorus|Landorus-Therian, M|42\/100 tox|[from] Flip Turn\n|-damage|p1a: Landorus|30\/100 tox|[from] Stealth Rock\n|-ability|p1a: Landorus|Intimidate|boost\n|-unboost|p2a: Dondozo|atk|1\n|move|p2a: Dondozo|Curse|p2a: Dondozo\n|-unboost|p2a: Dondozo|spe|1\n|-boost|p2a: Dondozo|atk|1\n|-boost|p2a: Dondozo|def|1\n|\n|-heal|p1a: Landorus|92\/100 tox|[from] move: Wish|[wisher] Alomomola\n|-damage|p1a: Landorus|86\/100 tox|[from] psn\n|upkeep\n|turn|41\n|\n|t:|1700833092\n|move|p1a: Landorus|U-turn|p2a: Dondozo\n|-damage|p2a: Dondozo|90\/100\n|\n|t:|1700833095\n|switch|p1a: Tapu Koko|Tapu Koko|80\/100|[from] U-turn\n|-fieldstart|move: Electric Terrain|[from] ability: Electric Surge|[of] p1a: Tapu Koko\n|move|p2a: Dondozo|Curse|p2a: Dondozo\n|-unboost|p2a: Dondozo|spe|1\n|-boost|p2a: Dondozo|atk|1\n|-boost|p2a: Dondozo|def|1\n|\n|upkeep\n|turn|42\n|\n|t:|1700833104\n|switch|p2a: Venusaur|Venusaur-Mega, F|83\/100\n|move|p1a: Tapu Koko|Thunderbolt|p2a: Venusaur\n|-resisted|p2a: Venusaur\n|-damage|p2a: Venusaur|64\/100\n|\n|upkeep\n|turn|43\n|\n|t:|1700833110\n|move|p1a: Tapu Koko|Volt Switch|p2a: Venusaur\n|-resisted|p2a: Venusaur\n|-damage|p2a: Venusaur|49\/100\n|\n|t:|1700833117\n|switch|p1a: Alomomola|Alomomola, M, tera:Grass|100\/100 tox|[from] Volt Switch\n|-damage|p1a: Alomomola|88\/100 tox|[from] Stealth Rock\n|move|p2a: Venusaur|Knock Off|p1a: Alomomola\n|-damage|p1a: Alomomola|79\/100 tox\n|\n|-damage|p1a: Alomomola|73\/100 tox|[from] psn\n|upkeep\n|turn|44\n|\n|t:|1700833126\n|move|p2a: Venusaur|Synthesis|p2a: Venusaur\n|-heal|p2a: Venusaur|99\/100\n|move|p1a: Alomomola|Flip Turn|p2a: Venusaur\n|-resisted|p2a: Venusaur\n|-damage|p2a: Venusaur|94\/100\n|\n|t:|1700833136\n|switch|p1a: Landorus|Landorus-Therian, M|86\/100 tox|[from] Flip Turn\n|-damage|p1a: Landorus|73\/100 tox|[from] Stealth Rock\n|-ability|p1a: Landorus|Intimidate|boost\n|-unboost|p2a: Venusaur|atk|1\n|\n|-damage|p1a: Landorus|67\/100 tox|[from] psn\n|upkeep\n|turn|45\n|\n|t:|1700833149\n|move|p2a: Venusaur|Giga Drain|p1a: Landorus\n|-damage|p1a: Landorus|44\/100 tox\n|-heal|p2a: Venusaur|100\/100|[from] drain|[of] p1a: Landorus\n|move|p1a: Landorus|U-turn|p2a: Venusaur\n|-damage|p2a: Venusaur|86\/100\n|\n|t:|1700833160\n|switch|p1a: Alomomola|Alomomola, M, tera:Grass|100\/100 tox|[from] U-turn\n|-damage|p1a: Alomomola|88\/100 tox|[from] Stealth Rock\n|\n|-damage|p1a: Alomomola|82\/100 tox|[from] psn\n|-fieldend|move: Electric Terrain\n|upkeep\n|turn|46\n|\n|t:|1700833171\n|switch|p2a: black King|Corviknight, F|100\/100\n|-ability|p2a: black King|Pressure\n|move|p1a: Alomomola|Wish|p1a: Alomomola\n|\n|-damage|p1a: Alomomola|70\/100 tox|[from] psn\n|upkeep\n|turn|47\n|\n|t:|1700833185\n|switch|p2a: Venusaur|Venusaur-Mega, F|86\/100\n|switch|p1a: Landorus|Landorus-Therian, M|44\/100 tox\n|-damage|p1a: Landorus|32\/100 tox|[from] Stealth Rock\n|-ability|p1a: Landorus|Intimidate|boost\n|-unboost|p2a: Venusaur|atk|1\n|\n|-heal|p1a: Landorus|94\/100 tox|[from] move: Wish|[wisher] Alomomola\n|-damage|p1a: Landorus|88\/100 tox|[from] psn\n|upkeep\n|turn|48\n|\n|t:|1700833191\n|switch|p2a: Alomomola|Alomomola, F|90\/100\n|move|p1a: Landorus|U-turn|p2a: Alomomola\n|-crit|p2a: Alomomola\n|-damage|p2a: Alomomola|74\/100\n|\n|t:|1700833196\n|switch|p1a: Tapu Koko|Tapu Koko|80\/100|[from] U-turn\n|-fieldstart|move: Electric Terrain|[from] ability: Electric Surge|[of] p1a: Tapu Koko\n|\n|upkeep\n|turn|49\n|\n|t:|1700833202\n|move|p2a: Alomomola|Protect|p2a: Alomomola\n|-singleturn|p2a: Alomomola|Protect\n|move|p1a: Tapu Koko|Thunderbolt|p2a: Alomomola\n|-activate|p2a: Alomomola|move: Protect\n|\n|upkeep\n|turn|50\n|\n|t:|1700833209\n|switch|p2a: Chansey|Chansey, F|91\/100\n|move|p1a: Tapu Koko|Volt Switch|p2a: Chansey\n|-damage|p2a: Chansey|73\/100\n|\n|t:|1700833215\n|switch|p1a: Lopunny|Lopunny-Mega, F, shiny|83\/100 tox|[from] Volt Switch\n|-damage|p1a: Lopunny|77\/100 tox|[from] Stealth Rock\n|\n|-damage|p1a: Lopunny|71\/100 tox|[from] psn\n|upkeep\n|turn|51\n|\n|t:|1700833222\n|switch|p2a: Alomomola|Alomomola, F|100\/100\n|move|p1a: Lopunny|Close Combat|p2a: Alomomola\n|-damage|p2a: Alomomola|65\/100\n|-unboost|p1a: Lopunny|def|1\n|-unboost|p1a: Lopunny|spd|1\n|\n|-damage|p1a: Lopunny|59\/100 tox|[from] psn\n|upkeep\n|turn|52\n|\n|t:|1700833229\n|move|p1a: Lopunny|U-turn|p2a: Alomomola\n|-damage|p2a: Alomomola|52\/100\n|\n|t:|1700833233\n|switch|p1a: Alomomola|Alomomola, M, tera:Grass|100\/100 tox|[from] U-turn\n|-damage|p1a: Alomomola|88\/100 tox|[from] Stealth Rock\n|move|p2a: Alomomola|Flip Turn|p1a: Alomomola\n|-resisted|p1a: Alomomola\n|-damage|p1a: Alomomola|83\/100 tox\n|\n|t:|1700833247\n|switch|p2a: black King|Corviknight, F|100\/100|[from] Flip Turn\n|-ability|p2a: black King|Pressure\n|\n|-damage|p1a: Alomomola|77\/100 tox|[from] psn\n|-fieldend|move: Electric Terrain\n|upkeep\n|turn|53\n|\n|t:|1700833256\n|switch|p1a: Landorus|Landorus-Therian, M|88\/100 tox\n|-damage|p1a: Landorus|75\/100 tox|[from] Stealth Rock\n|-ability|p1a: Landorus|Intimidate|boost\n|-unboost|p2a: black King|atk|1\n|move|p2a: black King|Iron Defense|p2a: black King\n|-boost|p2a: black King|def|2\n|\n|-damage|p1a: Landorus|69\/100 tox|[from] psn\n|upkeep\n|turn|54\n|\n|t:|1700833267\n|move|p1a: Landorus|U-turn|p2a: black King\n|-resisted|p2a: black King\n|-damage|p2a: black King|98\/100\n|\n|t:|1700833271\n|switch|p1a: Tapu Koko|Tapu Koko|80\/100|[from] U-turn\n|-fieldstart|move: Electric Terrain|[from] ability: Electric Surge|[of] p1a: Tapu Koko\n|move|p2a: black King|Body Press|p1a: Tapu Koko\n|-resisted|p1a: Tapu Koko\n|-damage|p1a: Tapu Koko|54\/100\n|\n|-heal|p2a: black King|100\/100|[from] item: Leftovers\n|upkeep\n|turn|55\n|\n|t:|1700833284\n|switch|p2a: Chansey|Chansey, F|73\/100\n|move|p1a: Tapu Koko|Thunderbolt|p2a: Chansey\n|-damage|p2a: Chansey|50\/100\n|\n|upkeep\n|turn|56\n|\n|t:|1700833289\n|move|p1a: Tapu Koko|Volt Switch|p2a: Chansey\n|-damage|p2a: Chansey|33\/100\n|\n|t:|1700833295\n|switch|p1a: Alomomola|Alomomola, M, tera:Grass|100\/100 tox|[from] Volt Switch\n|-damage|p1a: Alomomola|88\/100 tox|[from] Stealth Rock\n|move|p2a: Chansey|Soft-Boiled|p2a: Chansey\n|-heal|p2a: Chansey|83\/100\n|\n|-damage|p1a: Alomomola|82\/100 tox|[from] psn\n|upkeep\n|turn|57\n|\n|t:|1700833305\n|move|p1a: Alomomola|Wish|p1a: Alomomola\n|move|p2a: Chansey|Seismic Toss|p1a: Alomomola\n|-damage|p1a: Alomomola|61\/100 tox\n|\n|-damage|p1a: Alomomola|48\/100 tox|[from] psn\n|upkeep\n|turn|58\n|\n|t:|1700833311\n|move|p1a: Alomomola|Flip Turn|p2a: Chansey\n|-damage|p2a: Chansey|69\/100\n|\n|t:|1700833318\n|switch|p1a: Tapu Koko|Tapu Koko|54\/100|[from] Flip Turn\n|move|p2a: Chansey|Seismic Toss|p1a: Tapu Koko\n|-damage|p1a: Tapu Koko|19\/100\n|\n|-heal|p1a: Tapu Koko|100\/100|[from] move: Wish|[wisher] Alomomola\n|-fieldend|move: Electric Terrain\n|upkeep\n|turn|59\n|\n|t:|1700833324\n|move|p1a: Tapu Koko|Volt Switch|p2a: Chansey\n|-damage|p2a: Chansey|56\/100\n|\n|t:|1700833331\n|switch|p1a: Alomomola|Alomomola, M, tera:Grass|82\/100 tox|[from] Volt Switch\n|-damage|p1a: Alomomola|69\/100 tox|[from] Stealth Rock\n|move|p2a: Chansey|Toxic|p1a: Alomomola\n|-fail|p1a: Alomomola|tox\n|\n|-damage|p1a: Alomomola|63\/100 tox|[from] psn\n|upkeep\n|turn|60\n|\n|t:|1700833336\n|move|p1a: Alomomola|Wish|p1a: Alomomola\n|move|p2a: Chansey|Soft-Boiled|p2a: Chansey\n|-heal|p2a: Chansey|100\/100\n|\n|-damage|p1a: Alomomola|51\/100 tox|[from] psn\n|upkeep\n|turn|61\n|\n|t:|1700833345\n|switch|p2a: black King|Corviknight, F|100\/100\n|-ability|p2a: black King|Pressure\n|move|p1a: Alomomola|Flip Turn|p2a: black King\n|-damage|p2a: black King|88\/100\n|j|+taoke\n|\n|t:|1700833356\n|switch|p1a: Lopunny|Lopunny-Mega, F, shiny|59\/100 tox|[from] Flip Turn\n|-damage|p1a: Lopunny|53\/100 tox|[from] Stealth Rock\n|\n|-heal|p1a: Lopunny|100\/100 tox|[from] move: Wish|[wisher] Alomomola\n|-heal|p2a: black King|95\/100|[from] item: Leftovers\n|-damage|p1a: Lopunny|95\/100 tox|[from] psn\n|upkeep\n|turn|62\n|\n|t:|1700833364\n|-terastallize|p2a: black King|Fairy\n|move|p1a: Lopunny|U-turn|p2a: black King\n|-resisted|p2a: black King\n|-damage|p2a: black King|84\/100\n|\n|t:|1700833372\n|switch|p1a: Landorus|Landorus-Therian, M|69\/100 tox|[from] U-turn\n|-damage|p1a: Landorus|57\/100 tox|[from] Stealth Rock\n|-ability|p1a: Landorus|Intimidate|boost\n|-unboost|p2a: black King|atk|1\n|move|p2a: black King|Iron Defense|p2a: black King\n|-boost|p2a: black King|def|2\n|\n|-heal|p2a: black King|91\/100|[from] item: Leftovers\n|-damage|p1a: Landorus|51\/100 tox|[from] psn\n|upkeep\n|turn|63\n|\n|t:|1700833379\n|switch|p2a: Venusaur|Venusaur-Mega, F|86\/100\n|move|p1a: Landorus|Toxic|p2a: Venusaur\n|-immune|p2a: Venusaur\n|\n|-damage|p1a: Landorus|39\/100 tox|[from] psn\n|upkeep\n|turn|64\n|\n|t:|1700833388\n|move|p2a: Venusaur|Giga Drain|p1a: Landorus\n|-damage|p1a: Landorus|16\/100 tox\n|-heal|p2a: Venusaur|98\/100|[from] drain|[of] p1a: Landorus\n|move|p1a: Landorus|U-turn|p2a: Venusaur\n|-damage|p2a: Venusaur|85\/100\n|\n|t:|1700833392\n|switch|p1a: Alomomola|Alomomola, M, tera:Grass|84\/100 tox|[from] U-turn\n|-damage|p1a: Alomomola|71\/100 tox|[from] Stealth Rock\n|\n|-damage|p1a: Alomomola|65\/100 tox|[from] psn\n|upkeep\n|turn|65\n|\n|t:|1700833398\n|switch|p2a: Alomomola|Alomomola, F|85\/100\n|move|p1a: Alomomola|Wish|p1a: Alomomola\n|\n|-damage|p1a: Alomomola|53\/100 tox|[from] psn\n|upkeep\n|turn|66\n|\n|t:|1700833401\n|move|p1a: Alomomola|Flip Turn|p2a: Alomomola\n|-resisted|p2a: Alomomola\n|-damage|p2a: Alomomola|81\/100\n|inactive|manaphymoments has 120 seconds left.\n|\n|t:|1700833436\n|switch|p1a: Landorus|Landorus-Therian, M|16\/100 tox|[from] Flip Turn\n|-damage|p1a: Landorus|4\/100 tox|[from] Stealth Rock\n|-ability|p1a: Landorus|Intimidate|boost\n|-unboost|p2a: Alomomola|atk|1\n|move|p2a: Alomomola|Scald|p1a: Landorus\n|-supereffective|p1a: Landorus\n|-damage|p1a: Landorus|0 fnt\n|faint|p1a: Landorus\n|\n|upkeep\n|inactive|manaphymoments has 120 seconds left.\n|\n|t:|1700833467\n|switch|p1a: Tapu Koko|Tapu Koko|100\/100\n|-fieldstart|move: Electric Terrain|[from] ability: Electric Surge|[of] p1a: Tapu Koko\n|turn|67\n|\n|t:|1700833487\n|switch|p2a: Venusaur|Venusaur-Mega, F|85\/100\n|move|p1a: Tapu Koko|Thunderbolt|p2a: Venusaur\n|-resisted|p2a: Venusaur\n|-damage|p2a: Venusaur|66\/100\n|\n|upkeep\n|turn|68\n|\n|t:|1700833495\n|move|p1a: Tapu Koko|Volt Switch|p2a: Venusaur\n|-resisted|p2a: Venusaur\n|-damage|p2a: Venusaur|50\/100\n|inactive|manaphymoments has 90 seconds left.\n|\n|t:|1700833508\n|switch|p1a: Alomomola|Alomomola, M, tera:Grass|86\/100 tox|[from] Volt Switch\n|-damage|p1a: Alomomola|74\/100 tox|[from] Stealth Rock\n|move|p2a: Venusaur|Giga Drain|p1a: Alomomola\n|-resisted|p1a: Alomomola\n|-damage|p1a: Alomomola|62\/100 tox\n|-heal|p2a: Venusaur|58\/100|[from] drain|[of] p1a: Alomomola\n|\n|-damage|p1a: Alomomola|55\/100 tox|[from] psn\n|upkeep\n|turn|69\n|inactive|manaphymoments has 90 seconds left.\n|j| ybbjj\n|j| Ruin sword\n|\n|t:|1700833528\n|move|p2a: Venusaur|Giga Drain|p1a: Alomomola\n|-resisted|p1a: Alomomola\n|-damage|p1a: Alomomola|42\/100 tox\n|-heal|p2a: Venusaur|67\/100|[from] drain|[of] p1a: Alomomola\n|move|p1a: Alomomola|Flip Turn|p2a: Venusaur\n|-resisted|p2a: Venusaur\n|-damage|p2a: Venusaur|63\/100\n|j| subishan\u94c1\u8681\u4fa0\n|inactive|manaphymoments has 90 seconds left.\n|j| xue6\n|j| mtws1605\n|\n|t:|1700833556\n|switch|p1a: Tapu Koko|Tapu Koko|100\/100|[from] Flip Turn\n|\n|upkeep\n|turn|70\n|j| shuiyi\n|\n|t:|1700833568\n|move|p1a: Tapu Koko|Thunderbolt|p2a: Venusaur\n|-resisted|p2a: Venusaur\n|-crit|p2a: Venusaur\n|-damage|p2a: Venusaur|35\/100\n|move|p2a: Venusaur|Knock Off|p1a: Tapu Koko\n|-resisted|p1a: Tapu Koko\n|-damage|p1a: Tapu Koko|87\/100\n|-enditem|p1a: Tapu Koko|Heavy-Duty Boots|[from] move: Knock Off|[of] p2a: Venusaur\n|\n|upkeep\n|turn|71\n|\n|t:|1700833582\n|move|p1a: Tapu Koko|Thunderbolt|p2a: Venusaur\n|-resisted|p2a: Venusaur\n|-damage|p2a: Venusaur|17\/100\n|move|p2a: Venusaur|Synthesis|p2a: Venusaur\n|-heal|p2a: Venusaur|67\/100\n|\n|-fieldend|move: Electric Terrain\n|upkeep\n|turn|72\n|\n|t:|1700833589\n|move|p1a: Tapu Koko|Volt Switch|p2a: Venusaur\n|-resisted|p2a: Venusaur\n|-damage|p2a: Venusaur|57\/100\n|inactive|manaphymoments has 60 seconds left.\n|\n|t:|1700833610\n|switch|p1a: Alomomola|Alomomola, M, tera:Grass|75\/100 tox|[from] Volt Switch\n|-damage|p1a: Alomomola|63\/100 tox|[from] Stealth Rock\n|move|p2a: Venusaur|Giga Drain|p1a: Alomomola\n|-resisted|p1a: Alomomola\n|-damage|p1a: Alomomola|50\/100 tox\n|-heal|p2a: Venusaur|65\/100|[from] drain|[of] p1a: Alomomola\n|\n|-damage|p1a: Alomomola|44\/100 tox|[from] psn\n|upkeep\n|turn|73\n|j| wzy52013145\n|l| wzy52013145\n|l| xue6\n|\n|t:|1700833630\n|move|p2a: Venusaur|Synthesis|p2a: Venusaur\n|-heal|p2a: Venusaur|100\/100\n|move|p1a: Alomomola|Wish|p1a: Alomomola\n|\n|-damage|p1a: Alomomola|32\/100 tox|[from] psn\n|upkeep\n|turn|74\n|\n|t:|1700833639\n|switch|p2a: Chansey|Chansey, F|100\/100\n|move|p1a: Alomomola|Flip Turn|p2a: Chansey\n|-damage|p2a: Chansey|88\/100\n|\n|t:|1700833646\n|switch|p1a: Lopunny|Lopunny-Mega, F, shiny|95\/100 tox|[from] Flip Turn\n|-damage|p1a: Lopunny|89\/100 tox|[from] Stealth Rock\n|\n|-heal|p1a: Lopunny|100\/100 tox|[from] move: Wish|[wisher] Alomomola\n|-damage|p1a: Lopunny|95\/100 tox|[from] psn\n|upkeep\n|turn|75\n|inactive|NDSNEZ fyzmelm has 120 seconds left.\n|\n|t:|1700833666\n|switch|p2a: Alomomola|Alomomola, F|100\/100\n|move|p1a: Lopunny|Fake Out|p2a: Alomomola\n|-damage|p2a: Alomomola|90\/100\n|\n|-damage|p1a: Lopunny|83\/100 tox|[from] psn\n|upkeep\n|turn|76\n|inactive|manaphymoments has 60 seconds left.\n|\n|t:|1700833678\n|move|p1a: Lopunny|U-turn|p2a: Alomomola\n|-damage|p2a: Alomomola|76\/100\n|l| shuiyi\n|\n|t:|1700833688\n|switch|p1a: Tapu Koko|Tapu Koko|87\/100|[from] U-turn\n|-damage|p1a: Tapu Koko|75\/100|[from] Stealth Rock\n|-fieldstart|move: Electric Terrain|[from] ability: Electric Surge|[of] p1a: Tapu Koko\n|move|p2a: Alomomola|Flip Turn|p1a: Tapu Koko\n|-damage|p1a: Tapu Koko|53\/100\n|inactive|NDSNEZ fyzmelm has 120 seconds left.\n|\n|t:|1700833701\n|switch|p2a: Chansey|Chansey, F|88\/100|[from] Flip Turn\n|\n|upkeep\n|turn|77\n|l| subishan\u94c1\u8681\u4fa0\n|\n|t:|1700833716\n|move|p1a: Tapu Koko|Volt Switch|p2a: Chansey\n|-damage|p2a: Chansey|70\/100\n|\n|t:|1700833720\n|switch|p1a: Alomomola|Alomomola, M, tera:Grass|65\/100 tox|[from] Volt Switch\n|-damage|p1a: Alomomola|53\/100 tox|[from] Stealth Rock\n|move|p2a: Chansey|Seismic Toss|p1a: Alomomola\n|-damage|p1a: Alomomola|31\/100 tox\n|\n|-damage|p1a: Alomomola|25\/100 tox|[from] psn\n|upkeep\n|turn|78\n|\n|t:|1700833737\n|move|p1a: Alomomola|Flip Turn|p2a: Chansey\n|-damage|p2a: Chansey|56\/100\n|\n|t:|1700833740\n|switch|p1a: Lopunny|Lopunny-Mega, F, shiny|83\/100 tox|[from] Flip Turn\n|-damage|p1a: Lopunny|77\/100 tox|[from] Stealth Rock\n|move|p2a: Chansey|Seismic Toss|p1a: Lopunny\n|-damage|p1a: Lopunny|40\/100 tox\n|\n|-damage|p1a: Lopunny|34\/100 tox|[from] psn\n|upkeep\n|turn|79\n|c|\u2606NDSNEZ fyzmelm|\u5bf9\u9762\u5b9e\u5728\u592a\u8089\u4e86\n|\n|t:|1700833755\n|switch|p2a: Venusaur|Venusaur-Mega, F|100\/100\n|move|p1a: Lopunny|U-turn|p2a: Venusaur\n|-damage|p2a: Venusaur|86\/100\n|\n|t:|1700833757\n|switch|p1a: Alomomola|Alomomola, M, tera:Grass|59\/100 tox|[from] U-turn\n|-damage|p1a: Alomomola|46\/100 tox|[from] Stealth Rock\n|\n|-damage|p1a: Alomomola|40\/100 tox|[from] psn\n|upkeep\n|turn|80\n|inactive|NDSNEZ fyzmelm has 120 seconds left.\n|\n|t:|1700833789\n|switch|p2a: black King|Corviknight, F, tera:Fairy|91\/100\n|-ability|p2a: black King|Pressure\n|move|p1a: Alomomola|Wish|p1a: Alomomola\n|\n|-heal|p2a: black King|97\/100|[from] item: Leftovers\n|-damage|p1a: Alomomola|28\/100 tox|[from] psn\n|-fieldend|move: Electric Terrain\n|upkeep\n|turn|81\n|j| cocakk\n|\n|t:|1700833801\n|switch|p1a: Tapu Koko|Tapu Koko|53\/100\n|-damage|p1a: Tapu Koko|41\/100|[from] Stealth Rock\n|-fieldstart|move: Electric Terrain|[from] ability: Electric Surge|[of] p1a: Tapu Koko\n|move|p2a: black King|Iron Defense|p2a: black King\n|-boost|p2a: black King|def|2\n|\n|-heal|p1a: Tapu Koko|100\/100|[from] move: Wish|[wisher] Alomomola\n|-heal|p2a: black King|100\/100|[from] item: Leftovers\n|upkeep\n|turn|82\n|\n|t:|1700833815\n|move|p1a: Tapu Koko|Defog|p2a: black King\n|-unboost|p2a: black King|evasion|1\n|-sideend|p1: manaphymoments|Stealth Rock|[from] move: Defog|[of] p1a: Tapu Koko\n|-fieldend|move: Electric Terrain\n|move|p2a: black King|Roost||[still]\n|-fail|p2a: black King|heal\n|\n|upkeep\n|turn|83\n|\n|t:|1700833822\n|move|p1a: Tapu Koko|Volt Switch|p2a: black King\n|-damage|p2a: black King|81\/100\n|\n|t:|1700833827\n|switch|p1a: Alomomola|Alomomola, M, tera:Grass|61\/100 tox|[from] Volt Switch\n|move|p2a: black King|Iron Defense|p2a: black King\n|-boost|p2a: black King|def|2\n|\n|-heal|p2a: black King|88\/100|[from] item: Leftovers\n|-damage|p1a: Alomomola|55\/100 tox|[from] psn\n|upkeep\n|turn|84\n|inactive|NDSNEZ fyzmelm has 120 seconds left.\n|\n|t:|1700833845\n|move|p2a: black King|Iron Defense|p2a: black King\n|-boost|p2a: black King|def|2\n|move|p1a: Alomomola|Wish|p1a: Alomomola\n|\n|-heal|p2a: black King|94\/100|[from] item: Leftovers\n|-damage|p1a: Alomomola|42\/100 tox|[from] psn\n|upkeep\n|turn|85\n|inactive|NDSNEZ fyzmelm has 120 seconds left.\n|inactive|manaphymoments has 30 seconds left.\n|\n|t:|1700833855\n|switch|p1a: Lopunny|Lopunny-Mega, F, shiny|34\/100 tox\n|move|p2a: black King|Body Press|p1a: Lopunny\n|-supereffective|p1a: Lopunny\n|-damage|p1a: Lopunny|0 fnt\n|faint|p1a: Lopunny\n|\n|-heal|p2a: black King|99\/100|[from] item: Leftovers\n|upkeep\n|\n|t:|1700833858\n|switch|p1a: Tapu Koko|Tapu Koko|100\/100\n|-fieldstart|move: Electric Terrain|[from] ability: Electric Surge|[of] p1a: Tapu Koko\n|turn|86\n|inactive|NDSNEZ fyzmelm has 120 seconds left.\n|\n|t:|1700833871\n|move|p1a: Tapu Koko|Volt Switch|p2a: black King\n|-damage|p2a: black King|75\/100\n|\n|t:|1700833875\n|switch|p1a: Alomomola|Alomomola, M, tera:Grass|76\/100 tox|[from] Volt Switch\n|move|p2a: black King|Body Press|p1a: Alomomola\n|-damage|p1a: Alomomola|24\/100 tox\n|\n|-heal|p2a: black King|81\/100|[from] item: Leftovers\n|-damage|p1a: Alomomola|18\/100 tox|[from] psn\n|upkeep\n|turn|87\n|\n|t:|1700833880\n|move|p2a: black King|Body Press|p1a: Alomomola\n|-damage|p1a: Alomomola|0 fnt\n|faint|p1a: Alomomola\n|\n|-heal|p2a: black King|88\/100|[from] item: Leftovers\n|upkeep\n|\n|t:|1700833883\n|switch|p1a: Tapu Koko|Tapu Koko|100\/100\n|turn|88\n|c|\u2606manaphymoments|yeahhh i threw\n|c|\u2606manaphymoments|ggs\n|\n|t:|1700833892\n|move|p1a: Tapu Koko|Thunderbolt|p2a: black King\n|-damage|p2a: black King|52\/100\n|move|p2a: black King|Body Press|p1a: Tapu Koko\n|-resisted|p1a: Tapu Koko\n|-damage|p1a: Tapu Koko|47\/100\n|\n|-heal|p2a: black King|59\/100|[from] item: Leftovers\n|upkeep\n|turn|89\n|\n|t:|1700833896\n|move|p1a: Tapu Koko|Thunderbolt|p2a: black King\n|-damage|p2a: black King|23\/100\n|move|p2a: black King|Body Press|p1a: Tapu Koko\n|-resisted|p1a: Tapu Koko\n|-damage|p1a: Tapu Koko|0 fnt\n|faint|p1a: Tapu Koko\n|\n|win|NDSNEZ fyzmelm\n|raw|manaphymoments's rating: 1177 &rarr; <strong>1157<\/strong><br \/>(-20 for losing)\n|raw|NDSNEZ fyzmelm's rating: 1247 &rarr; <strong>1267<\/strong><br \/>(+20 for winning)\n|c|\u2606NDSNEZ fyzmelm|gg\n","uploadtime":1700833912,"views":1,"p1id":"manaphymoments","p2id":"ndsnezfyzmelm","formatid":"gen9nationaldex","rating":1157,"private":0,"password":""}