{"id":"gen9nationaldex-1999911059","p1":"Sprocket0835","p2":"DiamondDiancie25","format":"[Gen 9] National Dex","log":"|html|<div class=\"broadcast-blue\"><strong>[Gen 9] National Dex is currently suspecting Sneasler! For information on how to participate check out the <a href=\"https:\/\/www.smogon.com\/forums\/threads\/sv-national-dex-suspect-8-just-dance.3731534\/\">suspect thread<\/a>.<\/strong><\/div>\n|j|\u2606Sprocket0835\n|j|\u2606DiamondDiancie25\n|t:|1701129112\n|gametype|singles\n|player|p1|Sprocket0835|lucas|1350\n|player|p2|DiamondDiancie25|psychic-gen4|1476\n|teamsize|p1|6\n|teamsize|p2|6\n|gen|9\n|tier|[Gen 9] National Dex\n|rated|\n|rule|HP Percentage Mod: HP is shown in percentages\n|rule|Endless Battle Clause: Forcing endless battles is banned\n|rule|OHKO Clause: OHKO moves are banned\n|rule|Evasion Clause: Evasion abilities, items, and moves are banned\n|rule|Evasion Abilities Clause: Evasion abilities are banned\n|rule|Evasion Items Clause: Evasion items are banned\n|rule|Evasion Moves Clause: Evasion moves are banned\n|rule|Species Clause: Limit one of each Pok\u00e9mon\n|rule|Sleep Clause Mod: Limit one foe put to sleep\n|clearpoke\n|poke|p1|Metagross|\n|poke|p1|Ninetales-Alola, F|\n|poke|p1|Ceruledge, M|\n|poke|p1|Tapu Lele|\n|poke|p1|Tyranitar, M|\n|poke|p1|Ferrothorn, M|\n|poke|p2|Tyranitar, F|\n|poke|p2|Gliscor, F|\n|poke|p2|Iron Valiant|\n|poke|p2|Tapu Koko|\n|poke|p2|Heatran, F|\n|poke|p2|Alomomola, F|\n|teampreview\n|\n|t:|1701129137\n|start\n|switch|p1a: Ninetales|Ninetales-Alola, F|100\/100\n|switch|p2a: Heatran|Heatran, F|100\/100\n|-weather|Snow|[from] ability: Snow Warning|[of] p1a: Ninetales\n|turn|1\n|\n|t:|1701129145\n|switch|p1a: Ceruledge|Ceruledge, M|100\/100\n|switch|p2a: Tyranitar|Tyranitar, F|100\/100\n|-weather|Sandstorm|[from] ability: Sand Stream|[of] p2a: Tyranitar\n|\n|-weather|Sandstorm|[upkeep]\n|-damage|p1a: Ceruledge|94\/100|[from] Sandstorm\n|upkeep\n|turn|2\n|\n|t:|1701129156\n|switch|p2a: Alomomola|Alomomola, F|100\/100\n|move|p1a: Ceruledge|Close Combat|p2a: Alomomola\n|-damage|p2a: Alomomola|80\/100\n|-unboost|p1a: Ceruledge|def|1\n|-unboost|p1a: Ceruledge|spd|1\n|\n|-weather|Sandstorm|[upkeep]\n|-damage|p1a: Ceruledge|88\/100|[from] Sandstorm\n|-damage|p2a: Alomomola|73\/100|[from] Sandstorm\n|upkeep\n|turn|3\n|\n|t:|1701129173\n|switch|p1a: Ferrothorn|Ferrothorn, M|100\/100\n|move|p2a: Alomomola|Flip Turn|p1a: Ferrothorn\n|-resisted|p1a: Ferrothorn\n|-damage|p1a: Ferrothorn|95\/100\n|-damage|p2a: Alomomola|61\/100|[from] ability: Iron Barbs|[of] p1a: Ferrothorn\n|-damage|p2a: Alomomola|44\/100|[from] item: Rocky Helmet|[of] p1a: Ferrothorn\n|\n|t:|1701129195\n|switch|p2a: Heatran|Heatran, F|100\/100|[from] Flip Turn\n|\n|-weather|Sandstorm|[upkeep]\n|upkeep\n|turn|4\n|\n|t:|1701129200\n|move|p1a: Ferrothorn|Protect|p1a: Ferrothorn\n|-singleturn|p1a: Ferrothorn|Protect\n|move|p2a: Heatran|Stealth Rock|p1a: Ferrothorn\n|-sidestart|p1: Sprocket0835|move: Stealth Rock\n|\n|-weather|Sandstorm|[upkeep]\n|upkeep\n|turn|5\n|\n|t:|1701129249\n|switch|p1a: Tyranitar|Tyranitar, M|100\/100\n|-damage|p1a: Tyranitar|88\/100|[from] Stealth Rock\n|move|p2a: Heatran|Earth Power|p1a: Tyranitar\n|-supereffective|p1a: Tyranitar\n|-damage|p1a: Tyranitar|45\/100\n|\n|-weather|none\n|upkeep\n|turn|6\n|\n|t:|1701129263\n|-activate|p2a: Heatran|move: Pursuit\n|detailschange|p1a: Tyranitar|Tyranitar-Mega, M\n|-mega|p1a: Tyranitar|Tyranitar|Tyranitarite\n|-weather|Sandstorm|[from] ability: Sand Stream|[of] p1a: Tyranitar\n|move|p1a: Tyranitar|Pursuit|p2a: Heatran|[from]Pursuit\n|-damage|p2a: Heatran|59\/100\n|switch|p2a: Alomomola|Alomomola, F|78\/100\n|\n|-weather|Sandstorm|[upkeep]\n|-damage|p2a: Alomomola|71\/100|[from] Sandstorm\n|upkeep\n|turn|7\n|\n|t:|1701129280\n|switch|p1a: Ninetales|Ninetales-Alola, F|100\/100\n|-damage|p1a: Ninetales|76\/100|[from] Stealth Rock\n|-weather|Snow|[from] ability: Snow Warning|[of] p1a: Ninetales\n|move|p2a: Alomomola|Wish|p2a: Alomomola\n|\n|-weather|Snow|[upkeep]\n|upkeep\n|turn|8\n|\n|t:|1701129289\n|switch|p2a: Tyranitar|Tyranitar, F|100\/100\n|-weather|Sandstorm|[from] ability: Sand Stream|[of] p2a: Tyranitar\n|move|p1a: Ninetales|Aurora Veil||[still]\n|-fail|p1a: Ninetales\n|\n|-weather|Sandstorm|[upkeep]\n|-damage|p1a: Ninetales|70\/100|[from] Sandstorm\n|upkeep\n|turn|9\n|\n|t:|1701129299\n|detailschange|p2a: Tyranitar|Tyranitar-Mega, F\n|-mega|p2a: Tyranitar|Tyranitar|Tyranitarite\n|move|p1a: Ninetales|Pain Split|p2a: Tyranitar\n|-sethp|p2a: Tyranitar|86\/100|[from] move: Pain Split|[silent]\n|-sethp|p1a: Ninetales|84\/100|[from] move: Pain Split\n|move|p2a: Tyranitar|Knock Off|p1a: Ninetales\n|-resisted|p1a: Ninetales\n|-damage|p1a: Ninetales|45\/100\n|-enditem|p1a: Ninetales|Light Clay|[from] move: Knock Off|[of] p2a: Tyranitar\n|\n|-weather|Sandstorm|[upkeep]\n|-damage|p1a: Ninetales|39\/100|[from] Sandstorm\n|upkeep\n|turn|10\n|\n|t:|1701129311\n|move|p1a: Ninetales|Encore|p2a: Tyranitar\n|-start|p2a: Tyranitar|Encore\n|move|p2a: Tyranitar|Knock Off|p1a: Ninetales\n|-resisted|p1a: Ninetales\n|-damage|p1a: Ninetales|16\/100\n|\n|-weather|Sandstorm|[upkeep]\n|-damage|p1a: Ninetales|10\/100|[from] Sandstorm\n|upkeep\n|turn|11\n|\n|t:|1701129320\n|switch|p1a: Ferrothorn|Ferrothorn, M|95\/100\n|-damage|p1a: Ferrothorn|89\/100|[from] Stealth Rock\n|switch|p2a: Alomomola|Alomomola, F|100\/100\n|\n|-weather|Sandstorm|[upkeep]\n|-damage|p2a: Alomomola|94\/100|[from] Sandstorm\n|upkeep\n|turn|12\n|\n|t:|1701129333\n|move|p2a: Alomomola|Wish|p2a: Alomomola\n|move|p1a: Ferrothorn|Leech Seed|p2a: Alomomola\n|-start|p2a: Alomomola|move: Leech Seed\n|\n|-weather|none\n|-damage|p2a: Alomomola|82\/100|[from] Leech Seed|[of] p1a: Ferrothorn\n|-heal|p1a: Ferrothorn|100\/100|[silent]\n|upkeep\n|turn|13\n|\n|t:|1701129339\n|switch|p2a: Heatran|Heatran, F|59\/100\n|move|p1a: Ferrothorn|Thunder Wave|p2a: Heatran\n|-status|p2a: Heatran|par\n|\n|-heal|p2a: Heatran|100\/100 par|[from] move: Wish|[wisher] Alomomola\n|upkeep\n|turn|14\n|\n|t:|1701129349\n|move|p1a: Ferrothorn|Protect|p1a: Ferrothorn\n|-singleturn|p1a: Ferrothorn|Protect\n|move|p2a: Heatran|Earth Power|p1a: Ferrothorn\n|-activate|p1a: Ferrothorn|move: Protect\n|\n|upkeep\n|turn|15\n|\n|t:|1701129375\n|cant|p2a: Heatran|par\n|move|p1a: Ferrothorn|Leech Seed|p2a: Heatran\n|-start|p2a: Heatran|move: Leech Seed\n|\n|-damage|p2a: Heatran|88\/100 par|[from] Leech Seed|[of] p1a: Ferrothorn\n|upkeep\n|turn|16\n|\n|t:|1701129384\n|switch|p2a: Gliscor|Gliscor, F|100\/100\n|move|p1a: Ferrothorn|Protect||[still]\n|-fail|p1a: Ferrothorn\n|\n|-status|p2a: Gliscor|tox|[from] item: Toxic Orb\n|upkeep\n|turn|17\n|\n|t:|1701129396\n|switch|p1a: Tapu Lele|Tapu Lele|100\/100\n|-damage|p1a: Tapu Lele|88\/100|[from] Stealth Rock\n|-fieldstart|move: Psychic Terrain|[from] ability: Psychic Surge|[of] p1a: Tapu Lele\n|move|p2a: Gliscor|Spikes|p1a: Tapu Lele\n|-sidestart|p1: Sprocket0835|Spikes\n|\n|upkeep\n|turn|18\n|\n|t:|1701129407\n|switch|p2a: Heatran|Heatran, F|88\/100 par\n|move|p1a: Tapu Lele|Moonblast|p2a: Heatran\n|-resisted|p2a: Heatran\n|-damage|p2a: Heatran|78\/100 par\n|-unboost|p2a: Heatran|spa|1\n|\n|upkeep\n|turn|19\n|\n|t:|1701129421\n|switch|p1a: Ninetales|Ninetales-Alola, F|10\/100\n|-damage|p1a: Ninetales|0 fnt|[from] Stealth Rock\n|faint|p1a: Ninetales\n|cant|p2a: Heatran|par\n|\n|upkeep\n|\n|t:|1701129424\n|switch|p1a: Ceruledge|Ceruledge, M|88\/100\n|-damage|p1a: Ceruledge|63\/100|[from] Stealth Rock\n|-damage|p1a: Ceruledge|51\/100|[from] Spikes\n|turn|20\n|\n|t:|1701129437\n|switch|p2a: Gliscor|Gliscor, F|100\/100 tox\n|move|p1a: Ceruledge|Swords Dance|p1a: Ceruledge\n|-boost|p1a: Ceruledge|atk|2\n|\n|upkeep\n|turn|21\n|\n|t:|1701129482\n|move|p1a: Ceruledge|Bitter Blade|p2a: Gliscor\n|-damage|p2a: Gliscor|45\/100 tox\n|-heal|p1a: Ceruledge|85\/100|[from] drain|[of] p2a: Gliscor\n|move|p2a: Gliscor|Toxic|p1a: Ceruledge\n|-status|p1a: Ceruledge|tox\n|\n|-damage|p1a: Ceruledge|79\/100 tox|[from] psn\n|-heal|p2a: Gliscor|58\/100 tox|[from] ability: Poison Heal\n|-fieldend|move: Psychic Terrain\n|upkeep\n|turn|22\n|\n|t:|1701129492\n|move|p2a: Gliscor|Protect|p2a: Gliscor\n|-singleturn|p2a: Gliscor|Protect\n|move|p1a: Ceruledge|Swords Dance|p1a: Ceruledge\n|-boost|p1a: Ceruledge|atk|2\n|\n|-damage|p1a: Ceruledge|66\/100 tox|[from] psn\n|-heal|p2a: Gliscor|70\/100 tox|[from] ability: Poison Heal\n|upkeep\n|turn|23\n|\n|t:|1701129503\n|switch|p2a: Alomomola|Alomomola, F|100\/100\n|move|p1a: Ceruledge|Close Combat|p2a: Alomomola\n|-damage|p2a: Alomomola|36\/100\n|-unboost|p1a: Ceruledge|def|1\n|-unboost|p1a: Ceruledge|spd|1\n|\n|-damage|p1a: Ceruledge|48\/100 tox|[from] psn\n|upkeep\n|turn|24\n|\n|t:|1701129512\n|move|p2a: Alomomola|Protect|p2a: Alomomola\n|-singleturn|p2a: Alomomola|Protect\n|move|p1a: Ceruledge|Poltergeist|p2a: Alomomola\n|-activate|p2a: Alomomola|move: Protect\n|\n|-damage|p1a: Ceruledge|23\/100 tox|[from] psn\n|upkeep\n|turn|25\n|c|\u2606Sprocket0835|feels like 1300 is still to tiers\n|\n|t:|1701129530\n|switch|p2a: Gliscor|Gliscor, F|70\/100 tox\n|-terastallize|p1a: Ceruledge|Fire\n|move|p1a: Ceruledge|Bitter Blade|p2a: Gliscor\n|-damage|p2a: Gliscor|0 fnt\n|-heal|p1a: Ceruledge|65\/100 tox|[from] drain|[of] p2a: Gliscor\n|faint|p2a: Gliscor\n|\n|-damage|p1a: Ceruledge|34\/100 tox|[from] psn\n|upkeep\n|\n|t:|1701129540\n|switch|p2a: Alomomola|Alomomola, F|70\/100\n|turn|26\n|\n|t:|1701129545\n|switch|p1a: Ferrothorn|Ferrothorn, M|100\/100\n|-damage|p1a: Ferrothorn|94\/100|[from] Stealth Rock\n|-damage|p1a: Ferrothorn|82\/100|[from] Spikes\n|move|p2a: Alomomola|Protect||[still]\n|-fail|p2a: Alomomola\n|\n|upkeep\n|turn|27\n|\n|t:|1701129554\n|move|p2a: Alomomola|Wish|p2a: Alomomola\n|move|p1a: Ferrothorn|Leech Seed|p2a: Alomomola\n|-start|p2a: Alomomola|move: Leech Seed\n|\n|-damage|p2a: Alomomola|57\/100|[from] Leech Seed|[of] p1a: Ferrothorn\n|-heal|p1a: Ferrothorn|100\/100|[silent]\n|upkeep\n|turn|28\n|\n|t:|1701129560\n|switch|p2a: Heatran|Heatran, F|78\/100 par\n|move|p1a: Ferrothorn|Power Whip|p2a: Heatran\n|-resisted|p2a: Heatran\n|-damage|p2a: Heatran|70\/100 par\n|\n|-heal|p2a: Heatran|100\/100 par|[from] move: Wish|[wisher] Alomomola\n|upkeep\n|turn|29\n|\n|t:|1701129569\n|move|p2a: Heatran|Lava Plume|p1a: Ferrothorn\n|-supereffective|p1a: Ferrothorn\n|-damage|p1a: Ferrothorn|0 fnt\n|faint|p1a: Ferrothorn\n|\n|upkeep\n|\n|t:|1701129579\n|switch|p1a: Tapu Lele|Tapu Lele|88\/100\n|-damage|p1a: Tapu Lele|76\/100|[from] Stealth Rock\n|-damage|p1a: Tapu Lele|63\/100|[from] Spikes\n|-fieldstart|move: Psychic Terrain|[from] ability: Psychic Surge|[of] p1a: Tapu Lele\n|turn|30\n|\n|t:|1701129610\n|move|p1a: Tapu Lele|Focus Blast|p2a: Heatran|[miss]\n|-miss|p1a: Tapu Lele|p2a: Heatran\n|move|p2a: Heatran|Lava Plume|p1a: Tapu Lele\n|-damage|p1a: Tapu Lele|13\/100\n|\n|upkeep\n|turn|31\n|\n|t:|1701129616\n|move|p1a: Tapu Lele|Focus Blast|p2a: Heatran|[miss]\n|-miss|p1a: Tapu Lele|p2a: Heatran\n|move|p2a: Heatran|Lava Plume|p1a: Tapu Lele\n|-damage|p1a: Tapu Lele|0 fnt\n|faint|p1a: Tapu Lele\n|\n|upkeep\n|inactive|Battle timer is ON: inactive players will automatically lose when time's up. (requested by Sprocket0835)\n|inactive|Sprocket0835 has 120 seconds left.\n|inactive|Sprocket0835 has 90 seconds left.\n|inactive|Sprocket0835 has 60 seconds left.\n|inactive|Sprocket0835 has 30 seconds left.\n|inactive|Sprocket0835 has 20 seconds left.\n|inactive|Sprocket0835 has 15 seconds left.\n|inactive|Sprocket0835 has 10 seconds left.\n|inactive|Sprocket0835 has 5 seconds left.\n|-message|Sprocket0835 lost due to inactivity.\n|\n|win|DiamondDiancie25\n|raw|Sprocket0835's rating: 1350 &rarr; <strong>1337<\/strong><br \/>(-13 for losing)\n|raw|DiamondDiancie25's rating: 1476 &rarr; <strong>1489<\/strong><br \/>(+13 for winning)\n|l|\u2606DiamondDiancie25\n|c|\u2606Sprocket0835|!report\n|c| Sprocket0835|\/raw <div class=\"infobox\"><button name=\"joinRoom\" value=\"view-help-request--report-room-battle-gen9nationaldex-1999911059\" class=\"button\"><strong>Report someone<\/strong><\/button><\/div>\n","uploadtime":1701130006,"views":1,"p1id":"sprocket0835","p2id":"diamonddiancie25","formatid":"gen9nationaldex","rating":1337,"private":0,"password":""}