{"id":"gen9nationaldex-1993217440","p1":"wwaaa","p2":"xiaoxiaoyue","format":"[Gen 9] National Dex","log":"|j|\u2606wwaaa\n|j|\u2606xiaoxiaoyue\n|t:|1700279444\n|gametype|singles\n|player|p1|wwaaa|lillie-masters|1709\n|player|p2|xiaoxiaoyue|170|1577\n|teamsize|p1|6\n|teamsize|p2|6\n|gen|9\n|tier|[Gen 9] National Dex\n|rated|\n|rule|HP Percentage Mod: HP is shown in percentages\n|rule|Endless Battle Clause: Forcing endless battles is banned\n|rule|OHKO Clause: OHKO moves are banned\n|rule|Evasion Clause: Evasion abilities, items, and moves are banned\n|rule|Evasion Abilities Clause: Evasion abilities are banned\n|rule|Evasion Items Clause: Evasion items are banned\n|rule|Evasion Moves Clause: Evasion moves are banned\n|rule|Species Clause: Limit one of each Pok\u00e9mon\n|rule|Sleep Clause Mod: Limit one foe put to sleep\n|clearpoke\n|poke|p1|Weavile, F|\n|poke|p1|Zamazenta-*|\n|poke|p1|Banette, F|\n|poke|p1|Dragonite, M|\n|poke|p1|Slowking-Galar, M|\n|poke|p1|Ferrothorn, F|\n|poke|p2|Rillaboom, M|\n|poke|p2|Alomomola, M|\n|poke|p2|Ursaluna, F|\n|poke|p2|Glimmora, M|\n|poke|p2|Beedrill, F|\n|poke|p2|Iron Valiant|\n|teampreview\n|inactive|Battle timer is ON: inactive players will automatically lose when time's up. (requested by wwaaa)\n|\n|t:|1700279463\n|start\n|switch|p1a: Ferrothorn|Ferrothorn, F|100\/100\n|switch|p2a: Rillaboom|Rillaboom, M|100\/100\n|-fieldstart|move: Grassy Terrain|[from] ability: Grassy Surge|[of] p2a: Rillaboom\n|turn|1\n|\n|t:|1700279475\n|move|p2a: Rillaboom|Hammer Arm|p1a: Ferrothorn\n|-supereffective|p1a: Ferrothorn\n|-damage|p1a: Ferrothorn|27\/100\n|-unboost|p2a: Rillaboom|spe|1\n|-damage|p2a: Rillaboom|88\/100|[from] ability: Iron Barbs|[of] p1a: Ferrothorn\n|move|p1a: Ferrothorn|Stealth Rock|p2a: Rillaboom\n|-sidestart|p2: xiaoxiaoyue|move: Stealth Rock\n|\n|-heal|p2a: Rillaboom|94\/100|[from] Grassy Terrain\n|-heal|p1a: Ferrothorn|33\/100|[from] Grassy Terrain\n|-heal|p1a: Ferrothorn|40\/100|[from] item: Leftovers\n|upkeep\n|turn|2\n|inactive|wwaaa has 120 seconds left.\n|\n|t:|1700279515\n|switch|p2a: Glimmora|Glimmora, M|100\/100\n|-damage|p2a: Glimmora|88\/100|[from] Stealth Rock\n|switch|p1a: Slowking|Slowking-Galar, M|100\/100\n|\n|-heal|p2a: Glimmora|94\/100|[from] Grassy Terrain\n|upkeep\n|turn|3\n|\n|t:|1700279522\n|move|p2a: Glimmora|Stealth Rock|p1a: Slowking\n|-sidestart|p1: wwaaa|move: Stealth Rock\n|move|p1a: Slowking|Toxic Spikes|p2a: Glimmora\n|-sidestart|p2: xiaoxiaoyue|move: Toxic Spikes\n|\n|-heal|p2a: Glimmora|100\/100|[from] Grassy Terrain\n|upkeep\n|turn|4\n|inactive|wwaaa has 120 seconds left.\n|\n|t:|1700279530\n|move|p2a: Glimmora|Spikes|p1a: Slowking\n|-sidestart|p1: wwaaa|Spikes\n|move|p1a: Slowking|Future Sight|p2a: Glimmora\n|-start|p1a: Slowking|move: Future Sight\n|\n|upkeep\n|turn|5\n|\n|t:|1700279536\n|move|p2a: Glimmora|Mortal Spin|p1a: Slowking\n|-resisted|p1a: Slowking\n|-damage|p1a: Slowking|97\/100\n|-sideend|p2: xiaoxiaoyue|Toxic Spikes|[from] move: Mortal Spin|[of] p2a: Glimmora\n|-sideend|p2: xiaoxiaoyue|Stealth Rock|[from] move: Mortal Spin|[of] p2a: Glimmora\n|move|p1a: Slowking|Chilly Reception|p1a: Slowking\n|-weather|Snow\n|\n|t:|1700279542\n|switch|p1a: Ferrothorn|Ferrothorn, F|40\/100|[from] Chilly Reception\n|-damage|p1a: Ferrothorn|33\/100|[from] Stealth Rock\n|-damage|p1a: Ferrothorn|21\/100|[from] Spikes\n|\n|-weather|Snow|[upkeep]\n|-heal|p1a: Ferrothorn|27\/100|[from] Grassy Terrain\n|-heal|p1a: Ferrothorn|33\/100|[from] item: Leftovers\n|-fieldend|move: Grassy Terrain\n|upkeep\n|turn|6\n|\n|t:|1700279558\n|move|p2a: Glimmora|Spikes|p1a: Ferrothorn\n|-sidestart|p1: wwaaa|Spikes\n|move|p1a: Ferrothorn|Leech Seed|p2a: Glimmora\n|-start|p2a: Glimmora|move: Leech Seed\n|\n|-weather|Snow|[upkeep]\n|-end|p2a: Glimmora|move: Future Sight\n|-supereffective|p2a: Glimmora\n|-damage|p2a: Glimmora|2\/100\n|-heal|p1a: Ferrothorn|40\/100|[from] item: Leftovers\n|-damage|p2a: Glimmora|0 fnt|[from] Leech Seed|[of] p1a: Ferrothorn\n|-heal|p1a: Ferrothorn|41\/100|[silent]\n|faint|p2a: Glimmora\n|upkeep\n|\n|t:|1700279573\n|switch|p2a: Rillaboom|Rillaboom, M|94\/100\n|-fieldstart|move: Grassy Terrain|[from] ability: Grassy Surge|[of] p2a: Rillaboom\n|turn|7\n|\n|t:|1700279584\n|move|p2a: Rillaboom|U-turn|p1a: Ferrothorn\n|-damage|p1a: Ferrothorn|18\/100\n|-damage|p2a: Rillaboom|82\/100|[from] ability: Iron Barbs|[of] p1a: Ferrothorn\n|\n|t:|1700279594\n|switch|p2a: Ursaluna|Ursaluna, F|100\/100|[from] U-turn\n|move|p1a: Ferrothorn|Stealth Rock|p2a: Ursaluna\n|-sidestart|p2: xiaoxiaoyue|move: Stealth Rock\n|\n|-weather|Snow|[upkeep]\n|-heal|p1a: Ferrothorn|24\/100|[from] Grassy Terrain\n|-heal|p1a: Ferrothorn|30\/100|[from] item: Leftovers\n|-status|p2a: Ursaluna|brn|[from] item: Flame Orb\n|upkeep\n|turn|8\n|\n|t:|1700279605\n|move|p2a: Ursaluna|Fire Punch|p1a: Ferrothorn\n|-supereffective|p1a: Ferrothorn\n|-damage|p1a: Ferrothorn|0 fnt\n|-damage|p2a: Ursaluna|88\/100 brn|[from] ability: Iron Barbs|[of] p1a: Ferrothorn\n|faint|p1a: Ferrothorn\n|\n|-weather|Snow|[upkeep]\n|-heal|p2a: Ursaluna|94\/100 brn|[from] Grassy Terrain\n|-damage|p2a: Ursaluna|88\/100 brn|[from] brn\n|upkeep\n|\n|t:|1700279619\n|switch|p1a: Banette|Banette, F|100\/100\n|-damage|p1a: Banette|88\/100|[from] Stealth Rock\n|-damage|p1a: Banette|72\/100|[from] Spikes\n|-item|p2a: Ursaluna|Flame Orb|[from] ability: Frisk|[of] p1a: Banette|[identify]\n|turn|9\n|\n|t:|1700279627\n|detailschange|p1a: Banette|Banette-Mega, F\n|-mega|p1a: Banette|Banette|Banettite\n|move|p1a: Banette|Destiny Bond|p1a: Banette\n|-singlemove|p1a: Banette|Destiny Bond\n|move|p2a: Ursaluna|Headlong Rush|p1a: Banette\n|-damage|p1a: Banette|0 fnt\n|-unboost|p2a: Ursaluna|def|1\n|-unboost|p2a: Ursaluna|spd|1\n|faint|p1a: Banette\n|-activate|p1a: Banette|move: Destiny Bond\n|faint|p2a: Ursaluna\n|\n|-weather|none\n|upkeep\n|\n|t:|1700279650\n|switch|p1a: Slowking|Slowking-Galar, M|100\/100\n|switch|p2a: Rillaboom|Rillaboom, M|82\/100\n|-damage|p2a: Rillaboom|70\/100|[from] Stealth Rock\n|turn|10\n|\n|t:|1700279661\n|move|p2a: Rillaboom|High Horsepower|p1a: Slowking\n|-supereffective|p1a: Slowking\n|-damage|p1a: Slowking|8\/100\n|move|p1a: Slowking|Sludge Bomb|p2a: Rillaboom\n|-supereffective|p2a: Rillaboom\n|-damage|p2a: Rillaboom|0 fnt\n|faint|p2a: Rillaboom\n|\n|-heal|p1a: Slowking|14\/100|[from] Grassy Terrain\n|upkeep\n|\n|t:|1700279668\n|switch|p2a: Beedrill|Beedrill, F|100\/100\n|-damage|p2a: Beedrill|76\/100|[from] Stealth Rock\n|turn|11\n|\n|t:|1700279681\n|-activate|p1a: Slowking|move: Pursuit\n|detailschange|p2a: Beedrill|Beedrill-Mega, F\n|-mega|p2a: Beedrill|Beedrill|Beedrillite\n|move|p2a: Beedrill|Pursuit|p1a: Slowking|[from]Pursuit\n|-supereffective|p1a: Slowking\n|-damage|p1a: Slowking|0 fnt\n|faint|p1a: Slowking\n|-hint|A Pokemon can't switch between when it runs out of HP and when it faints\n|\n|-heal|p2a: Beedrill|82\/100|[from] Grassy Terrain\n|-fieldend|move: Grassy Terrain\n|upkeep\n|\n|t:|1700279690\n|switch|p1a: Weavile|Weavile, F|100\/100\n|-damage|p1a: Weavile|76\/100|[from] Stealth Rock\n|-damage|p1a: Weavile|59\/100|[from] Spikes\n|-ability|p1a: Weavile|Pressure\n|turn|12\n|\n|t:|1700279695\n|move|p1a: Weavile|Ice Shard|p2a: Beedrill\n|-damage|p2a: Beedrill|0 fnt\n|faint|p2a: Beedrill\n|\n|upkeep\n|\n|t:|1700279701\n|switch|p2a: Iron Valiant|Iron Valiant|100\/100\n|-damage|p2a: Iron Valiant|94\/100|[from] Stealth Rock\n|-enditem|p2a: Iron Valiant|Booster Energy\n|-activate|p2a: Iron Valiant|ability: Quark Drive|[fromitem]\n|-start|p2a: Iron Valiant|quarkdrivespe\n|turn|13\n|\n|t:|1700279709\n|move|p1a: Weavile|Ice Shard|p2a: Iron Valiant\n|-damage|p2a: Iron Valiant|52\/100\n|move|p2a: Iron Valiant|Moonblast|p1a: Weavile\n|-supereffective|p1a: Weavile\n|-damage|p1a: Weavile|0 fnt\n|faint|p1a: Weavile\n|\n|upkeep\n|\n|t:|1700279713\n|switch|p1a: Dragonite|Dragonite, M|100\/100\n|turn|14\n|\n|t:|1700279733\n|-end|p2a: Iron Valiant|Quark Drive|[silent]\n|switch|p2a: Alomomola|Alomomola, M|100\/100\n|-damage|p2a: Alomomola|88\/100|[from] Stealth Rock\n|move|p1a: Dragonite|Dragon Dance|p1a: Dragonite\n|-boost|p1a: Dragonite|atk|1\n|-boost|p1a: Dragonite|spe|1\n|\n|-heal|p2a: Alomomola|94\/100|[from] item: Leftovers\n|upkeep\n|turn|15\n|\n|t:|1700279738\n|move|p1a: Dragonite|Earthquake|p2a: Alomomola\n|-damage|p2a: Alomomola|65\/100\n|move|p2a: Alomomola|Scald|p1a: Dragonite\n|-resisted|p1a: Dragonite\n|-damage|p1a: Dragonite|97\/100\n|\n|-heal|p2a: Alomomola|71\/100|[from] item: Leftovers\n|upkeep\n|turn|16\n|\n|t:|1700279742\n|move|p1a: Dragonite|Dragon Dance|p1a: Dragonite\n|-boost|p1a: Dragonite|atk|1\n|-boost|p1a: Dragonite|spe|1\n|move|p2a: Alomomola|Scald|p1a: Dragonite\n|-resisted|p1a: Dragonite\n|-damage|p1a: Dragonite|90\/100\n|\n|-heal|p2a: Alomomola|77\/100|[from] item: Leftovers\n|upkeep\n|turn|17\n|\n|t:|1700279749\n|move|p1a: Dragonite|Dragon Dance|p1a: Dragonite\n|-boost|p1a: Dragonite|atk|1\n|-boost|p1a: Dragonite|spe|1\n|move|p2a: Alomomola|Scald|p1a: Dragonite\n|-resisted|p1a: Dragonite\n|-damage|p1a: Dragonite|83\/100\n|-status|p1a: Dragonite|brn\n|\n|-heal|p2a: Alomomola|83\/100|[from] item: Leftovers\n|-damage|p1a: Dragonite|76\/100 brn|[from] brn\n|upkeep\n|turn|18\n|\n|t:|1700279751\n|move|p1a: Dragonite|Dragon Dance|p1a: Dragonite\n|-boost|p1a: Dragonite|atk|1\n|-boost|p1a: Dragonite|spe|1\n|move|p2a: Alomomola|Wish|p2a: Alomomola\n|\n|-heal|p2a: Alomomola|89\/100|[from] item: Leftovers\n|-damage|p1a: Dragonite|70\/100 brn|[from] brn\n|upkeep\n|turn|19\n|\n|t:|1700279756\n|move|p1a: Dragonite|Dragon Dance|p1a: Dragonite\n|-boost|p1a: Dragonite|atk|1\n|-boost|p1a: Dragonite|spe|1\n|move|p2a: Alomomola|Flip Turn|p1a: Dragonite\n|-resisted|p1a: Dragonite\n|-damage|p1a: Dragonite|62\/100 brn\n|\n|t:|1700279759\n|switch|p2a: Iron Valiant|Iron Valiant|52\/100|[from] Flip Turn\n|-damage|p2a: Iron Valiant|46\/100|[from] Stealth Rock\n|\n|-heal|p2a: Iron Valiant|100\/100|[from] move: Wish|[wisher] Alomomola\n|-damage|p1a: Dragonite|56\/100 brn|[from] brn\n|upkeep\n|turn|20\n|\n|t:|1700279770\n|-end|p2a: Iron Valiant|Quark Drive|[silent]\n|switch|p2a: Alomomola|Alomomola, M|100\/100\n|-damage|p2a: Alomomola|88\/100|[from] Stealth Rock\n|move|p1a: Dragonite|Earthquake|p2a: Alomomola\n|-damage|p2a: Alomomola|54\/100\n|\n|-heal|p2a: Alomomola|60\/100|[from] item: Leftovers\n|-damage|p1a: Dragonite|50\/100 brn|[from] brn\n|upkeep\n|turn|21\n|\n|t:|1700279777\n|move|p1a: Dragonite|Dragon Dance|p1a: Dragonite\n|-boost|p1a: Dragonite|atk|1\n|-boost|p1a: Dragonite|spe|1\n|move|p2a: Alomomola|Wish|p2a: Alomomola\n|\n|-heal|p2a: Alomomola|66\/100|[from] item: Leftovers\n|-damage|p1a: Dragonite|44\/100 brn|[from] brn\n|upkeep\n|turn|22\n|\n|t:|1700279779\n|move|p2a: Alomomola|Protect|p2a: Alomomola\n|-singleturn|p2a: Alomomola|Protect\n|move|p1a: Dragonite|Roost|p1a: Dragonite\n|-heal|p1a: Dragonite|94\/100 brn\n|-singleturn|p1a: Dragonite|move: Roost\n|\n|-heal|p2a: Alomomola|100\/100|[from] move: Wish|[wisher] Alomomola\n|-damage|p1a: Dragonite|88\/100 brn|[from] brn\n|upkeep\n|turn|23\n|\n|t:|1700279782\n|move|p1a: Dragonite|Earthquake|p2a: Alomomola\n|-damage|p2a: Alomomola|56\/100\n|move|p2a: Alomomola|Wish|p2a: Alomomola\n|\n|-heal|p2a: Alomomola|62\/100|[from] item: Leftovers\n|-damage|p1a: Dragonite|82\/100 brn|[from] brn\n|upkeep\n|turn|24\n|\n|t:|1700279793\n|move|p2a: Alomomola|Protect|p2a: Alomomola\n|-singleturn|p2a: Alomomola|Protect\n|move|p1a: Dragonite|Earthquake|p2a: Alomomola\n|-activate|p2a: Alomomola|move: Protect\n|\n|-heal|p2a: Alomomola|100\/100|[from] move: Wish|[wisher] Alomomola\n|-damage|p1a: Dragonite|75\/100 brn|[from] brn\n|upkeep\n|turn|25\n|\n|t:|1700279796\n|move|p1a: Dragonite|Earthquake|p2a: Alomomola\n|-damage|p2a: Alomomola|57\/100\n|move|p2a: Alomomola|Wish|p2a: Alomomola\n|\n|-heal|p2a: Alomomola|63\/100|[from] item: Leftovers\n|-damage|p1a: Dragonite|69\/100 brn|[from] brn\n|upkeep\n|turn|26\n|\n|t:|1700279803\n|move|p1a: Dragonite|Earthquake|p2a: Alomomola\n|-damage|p2a: Alomomola|21\/100\n|move|p2a: Alomomola|Scald|p1a: Dragonite\n|-resisted|p1a: Dragonite\n|-damage|p1a: Dragonite|62\/100 brn\n|\n|-heal|p2a: Alomomola|71\/100|[from] move: Wish|[wisher] Alomomola\n|-heal|p2a: Alomomola|77\/100|[from] item: Leftovers\n|-damage|p1a: Dragonite|56\/100 brn|[from] brn\n|upkeep\n|turn|27\n|\n|t:|1700279807\n|move|p1a: Dragonite|Earthquake|p2a: Alomomola\n|-damage|p2a: Alomomola|39\/100\n|move|p2a: Alomomola|Wish|p2a: Alomomola\n|\n|-heal|p2a: Alomomola|45\/100|[from] item: Leftovers\n|-damage|p1a: Dragonite|50\/100 brn|[from] brn\n|upkeep\n|turn|28\n|\n|t:|1700279810\n|move|p1a: Dragonite|Earthquake|p2a: Alomomola\n|-damage|p2a: Alomomola|4\/100\n|move|p2a: Alomomola|Scald|p1a: Dragonite\n|-resisted|p1a: Dragonite\n|-damage|p1a: Dragonite|43\/100 brn\n|\n|-heal|p2a: Alomomola|54\/100|[from] move: Wish|[wisher] Alomomola\n|-heal|p2a: Alomomola|60\/100|[from] item: Leftovers\n|-damage|p1a: Dragonite|36\/100 brn|[from] brn\n|upkeep\n|turn|29\n|\n|t:|1700279813\n|move|p1a: Dragonite|Earthquake|p2a: Alomomola\n|-damage|p2a: Alomomola|21\/100\n|move|p2a: Alomomola|Wish|p2a: Alomomola\n|\n|-heal|p2a: Alomomola|27\/100|[from] item: Leftovers\n|-damage|p1a: Dragonite|30\/100 brn|[from] brn\n|upkeep\n|turn|30\n|\n|t:|1700279818\n|move|p2a: Alomomola|Protect|p2a: Alomomola\n|-singleturn|p2a: Alomomola|Protect\n|move|p1a: Dragonite|Earthquake|p2a: Alomomola\n|-activate|p2a: Alomomola|move: Protect\n|\n|-heal|p2a: Alomomola|77\/100|[from] move: Wish|[wisher] Alomomola\n|-heal|p2a: Alomomola|83\/100|[from] item: Leftovers\n|-damage|p1a: Dragonite|24\/100 brn|[from] brn\n|upkeep\n|turn|31\n|\n|t:|1700279822\n|move|p1a: Dragonite|Roost|p1a: Dragonite\n|-heal|p1a: Dragonite|74\/100 brn\n|-singleturn|p1a: Dragonite|move: Roost\n|move|p2a: Alomomola|Scald|p1a: Dragonite\n|-resisted|p1a: Dragonite\n|-damage|p1a: Dragonite|67\/100 brn\n|\n|-heal|p2a: Alomomola|90\/100|[from] item: Leftovers\n|-damage|p1a: Dragonite|61\/100 brn|[from] brn\n|upkeep\n|turn|32\n|\n|t:|1700279825\n|move|p1a: Dragonite|Roost|p1a: Dragonite\n|-heal|p1a: Dragonite|100\/100 brn\n|-singleturn|p1a: Dragonite|move: Roost\n|move|p2a: Alomomola|Wish|p2a: Alomomola\n|\n|-heal|p2a: Alomomola|96\/100|[from] item: Leftovers\n|-damage|p1a: Dragonite|94\/100 brn|[from] brn\n|upkeep\n|turn|33\n|\n|t:|1700279828\n|move|p1a: Dragonite|Earthquake|p2a: Alomomola\n|-damage|p2a: Alomomola|56\/100\n|move|p2a: Alomomola|Scald|p1a: Dragonite\n|-resisted|p1a: Dragonite\n|-damage|p1a: Dragonite|87\/100 brn\n|\n|-heal|p2a: Alomomola|100\/100|[from] move: Wish|[wisher] Alomomola\n|-damage|p1a: Dragonite|81\/100 brn|[from] brn\n|upkeep\n|turn|34\n|\n|t:|1700279831\n|move|p1a: Dragonite|Earthquake|p2a: Alomomola\n|-damage|p2a: Alomomola|61\/100\n|move|p2a: Alomomola|Scald|p1a: Dragonite\n|-resisted|p1a: Dragonite\n|-damage|p1a: Dragonite|74\/100 brn\n|\n|-heal|p2a: Alomomola|67\/100|[from] item: Leftovers\n|-damage|p1a: Dragonite|68\/100 brn|[from] brn\n|upkeep\n|turn|35\n|\n|t:|1700279835\n|move|p1a: Dragonite|Earthquake|p2a: Alomomola\n|-damage|p2a: Alomomola|24\/100\n|move|p2a: Alomomola|Wish|p2a: Alomomola\n|\n|-heal|p2a: Alomomola|30\/100|[from] item: Leftovers\n|-damage|p1a: Dragonite|62\/100 brn|[from] brn\n|upkeep\n|turn|36\n|\n|t:|1700279842\n|move|p2a: Alomomola|Protect|p2a: Alomomola\n|-singleturn|p2a: Alomomola|Protect\n|move|p1a: Dragonite|Earthquake|p2a: Alomomola\n|-activate|p2a: Alomomola|move: Protect\n|\n|-heal|p2a: Alomomola|80\/100|[from] move: Wish|[wisher] Alomomola\n|-heal|p2a: Alomomola|86\/100|[from] item: Leftovers\n|-damage|p1a: Dragonite|56\/100 brn|[from] brn\n|upkeep\n|turn|37\n|\n|t:|1700279849\n|move|p1a: Dragonite|Earthquake|p2a: Alomomola\n|-damage|p2a: Alomomola|45\/100\n|move|p2a: Alomomola|Wish|p2a: Alomomola\n|\n|-heal|p2a: Alomomola|51\/100|[from] item: Leftovers\n|-damage|p1a: Dragonite|49\/100 brn|[from] brn\n|upkeep\n|turn|38\n|\n|t:|1700279862\n|move|p1a: Dragonite|Earthquake|p2a: Alomomola\n|-damage|p2a: Alomomola|9\/100\n|move|p2a: Alomomola|Scald|p1a: Dragonite\n|-resisted|p1a: Dragonite\n|-damage|p1a: Dragonite|43\/100 brn\n|\n|-heal|p2a: Alomomola|59\/100|[from] move: Wish|[wisher] Alomomola\n|-heal|p2a: Alomomola|66\/100|[from] item: Leftovers\n|-damage|p1a: Dragonite|37\/100 brn|[from] brn\n|upkeep\n|turn|39\n|\n|t:|1700279869\n|move|p1a: Dragonite|Roost|p1a: Dragonite\n|-heal|p1a: Dragonite|87\/100 brn\n|-singleturn|p1a: Dragonite|move: Roost\n|move|p2a: Alomomola|Wish|p2a: Alomomola\n|\n|-heal|p2a: Alomomola|72\/100|[from] item: Leftovers\n|-damage|p1a: Dragonite|81\/100 brn|[from] brn\n|upkeep\n|turn|40\n|\n|t:|1700279876\n|move|p1a: Dragonite|Extreme Speed|p2a: Alomomola\n|-crit|p2a: Alomomola\n|-damage|p2a: Alomomola|21\/100\n|move|p2a: Alomomola|Scald|p1a: Dragonite\n|-resisted|p1a: Dragonite\n|-damage|p1a: Dragonite|74\/100 brn\n|\n|-heal|p2a: Alomomola|71\/100|[from] move: Wish|[wisher] Alomomola\n|-heal|p2a: Alomomola|77\/100|[from] item: Leftovers\n|-damage|p1a: Dragonite|68\/100 brn|[from] brn\n|upkeep\n|turn|41\n|\n|t:|1700279888\n|move|p1a: Dragonite|Extreme Speed|p2a: Alomomola\n|-damage|p2a: Alomomola|44\/100\n|move|p2a: Alomomola|Wish|p2a: Alomomola\n|\n|-heal|p2a: Alomomola|50\/100|[from] item: Leftovers\n|-damage|p1a: Dragonite|61\/100 brn|[from] brn\n|upkeep\n|turn|42\n|\n|t:|1700279900\n|switch|p1a: Zamazenta|Zamazenta|100\/100\n|-damage|p1a: Zamazenta|94\/100|[from] Stealth Rock\n|-damage|p1a: Zamazenta|78\/100|[from] Spikes\n|-ability|p1a: Zamazenta|Dauntless Shield|boost\n|-boost|p1a: Zamazenta|def|1\n|move|p2a: Alomomola|Scald|p1a: Zamazenta\n|-damage|p1a: Zamazenta|66\/100\n|\n|-heal|p2a: Alomomola|99\/100|[from] move: Wish|[wisher] Alomomola\n|-heal|p2a: Alomomola|100\/100|[from] item: Leftovers\n|upkeep\n|turn|43\n|\n|t:|1700279904\n|move|p1a: Zamazenta|Iron Defense|p1a: Zamazenta\n|-boost|p1a: Zamazenta|def|2\n|move|p2a: Alomomola|Scald|p1a: Zamazenta\n|-damage|p1a: Zamazenta|55\/100\n|\n|upkeep\n|turn|44\n|\n|t:|1700279909\n|move|p1a: Zamazenta|Iron Defense|p1a: Zamazenta\n|-boost|p1a: Zamazenta|def|2\n|move|p2a: Alomomola|Scald|p1a: Zamazenta\n|-damage|p1a: Zamazenta|44\/100\n|\n|upkeep\n|turn|45\n|\n|t:|1700279913\n|move|p1a: Zamazenta|Iron Defense|p1a: Zamazenta\n|-boost|p1a: Zamazenta|def|1\n|move|p2a: Alomomola|Scald|p1a: Zamazenta\n|-damage|p1a: Zamazenta|32\/100\n|-status|p1a: Zamazenta|brn\n|\n|-damage|p1a: Zamazenta|26\/100 brn|[from] brn\n|upkeep\n|turn|46\n|\n|t:|1700279920\n|move|p2a: Alomomola|Protect|p2a: Alomomola\n|-singleturn|p2a: Alomomola|Protect\n|move|p1a: Zamazenta|Rest|p1a: Zamazenta\n|-status|p1a: Zamazenta|slp|[from] move: Rest\n|-heal|p1a: Zamazenta|100\/100 slp|[silent]\n|-enditem|p1a: Zamazenta|Chesto Berry|[eat]\n|-curestatus|p1a: Zamazenta|slp|[msg]\n|\n|upkeep\n|turn|47\n|\n|t:|1700279926\n|move|p1a: Zamazenta|Body Press|p2a: Alomomola\n|-damage|p2a: Alomomola|33\/100\n|move|p2a: Alomomola|Scald|p1a: Zamazenta\n|-damage|p1a: Zamazenta|89\/100\n|-status|p1a: Zamazenta|brn\n|\n|-heal|p2a: Alomomola|39\/100|[from] item: Leftovers\n|-damage|p1a: Zamazenta|83\/100 brn|[from] brn\n|upkeep\n|turn|48\n|\n|t:|1700279933\n|move|p2a: Alomomola|Protect|p2a: Alomomola\n|-singleturn|p2a: Alomomola|Protect\n|move|p1a: Zamazenta|Rest|p1a: Zamazenta\n|-status|p1a: Zamazenta|slp|[from] move: Rest\n|-heal|p1a: Zamazenta|100\/100 slp|[silent]\n|\n|-heal|p2a: Alomomola|45\/100|[from] item: Leftovers\n|upkeep\n|turn|49\n|\n|t:|1700279939\n|switch|p2a: Iron Valiant|Iron Valiant|100\/100\n|-damage|p2a: Iron Valiant|94\/100|[from] Stealth Rock\n|cant|p1a: Zamazenta|slp\n|\n|upkeep\n|turn|50\n|\n|t:|1700279943\n|-terastallize|p1a: Zamazenta|Steel\n|-terastallize|p2a: Iron Valiant|Fairy\n|cant|p1a: Zamazenta|slp\n|move|p2a: Iron Valiant|Moonblast|p1a: Zamazenta\n|-resisted|p1a: Zamazenta\n|-damage|p1a: Zamazenta|78\/100 slp\n|\n|upkeep\n|turn|51\n|\n|t:|1700279951\n|-curestatus|p1a: Zamazenta|slp|[msg]\n|move|p1a: Zamazenta|Heavy Slam|p2a: Iron Valiant\n|-supereffective|p2a: Iron Valiant\n|-damage|p2a: Iron Valiant|0 fnt\n|faint|p2a: Iron Valiant\n|-end|p2a: Iron Valiant|Quark Drive|[silent]\n|\n|upkeep\n|-message|xiaoxiaoyue forfeited.\n|\n|win|wwaaa\n|raw|wwaaa's rating: 1709 &rarr; <strong>1722<\/strong><br \/>(+13 for winning)\n|raw|xiaoxiaoyue's rating: 1577 &rarr; <strong>1564<\/strong><br \/>(-13 for losing)\n|l|\u2606xiaoxiaoyue\n","uploadtime":1700279968,"views":12,"p1id":"wwaaa","p2id":"xiaoxiaoyue","formatid":"gen9nationaldex","rating":1564,"private":0,"password":""}