{"id":"gen9nationaldex-1998409680","p1":"The power of ROCK","p2":"tttttynobuts","format":"[Gen 9] National Dex","log":"|html|<div class=\"broadcast-blue\"><strong>[Gen 9] National Dex is currently suspecting Sneasler! For information on how to participate check out the <a href=\"https:\/\/www.smogon.com\/forums\/threads\/sv-national-dex-suspect-8-just-dance.3731534\/\">suspect thread<\/a>.<\/strong><\/div>\n|j|\u2606The power of ROCK\n|j|\u2606tttttynobuts\n|inactive|Battle timer is ON: inactive players will automatically lose when time's up.\n|t:|1700939142\n|gametype|singles\n|player|p1|The power of ROCK|roark|\n|player|p2|tttttynobuts|266|\n|teamsize|p1|6\n|teamsize|p2|6\n|gen|9\n|tier|[Gen 9] National Dex\n|rated|Tournament battle\n|rule|HP Percentage Mod: HP is shown in percentages\n|rule|Endless Battle Clause: Forcing endless battles is banned\n|rule|OHKO Clause: OHKO moves are banned\n|rule|Evasion Clause: Evasion abilities, items, and moves are banned\n|rule|Evasion Abilities Clause: Evasion abilities are banned\n|rule|Evasion Items Clause: Evasion items are banned\n|rule|Evasion Moves Clause: Evasion moves are banned\n|rule|Species Clause: Limit one of each Pok\u00e9mon\n|rule|Sleep Clause Mod: Limit one foe put to sleep\n|clearpoke\n|poke|p1|Tyranitar, F|\n|poke|p1|Garganacl, F|\n|poke|p1|Aggron, M|\n|poke|p1|Glimmora, M|\n|poke|p1|Stakataka|\n|poke|p1|Rampardos, F|\n|poke|p2|Slowbro, F|\n|poke|p2|Blissey, F|\n|poke|p2|Ferrothorn, F|\n|poke|p2|Tornadus-Therian, M|\n|poke|p2|Toxapex, F|\n|poke|p2|Diancie|\n|teampreview\n|c|\u2606The power of ROCK|Welcome to the ROCK gym\n|c|\u2606tttttynobuts|yooo\n|j| XXMurdrXX\n|c|\u2606tttttynobuts|thats cool\n|inactive|tttttynobuts has 120 seconds left.\n|\n|t:|1700939172\n|start\n|switch|p1a: Stakataka|Stakataka|100\/100\n|switch|p2a: Ferrothorn|Ferrothorn, F|100\/100\n|turn|1\n|\n|t:|1700939176\n|move|p2a: Ferrothorn|Stealth Rock|p1a: Stakataka\n|-sidestart|p1: The power of ROCK|move: Stealth Rock\n|move|p1a: Stakataka|Heat Crash|p2a: Ferrothorn\n|-supereffective|p2a: Ferrothorn\n|-damage|p2a: Ferrothorn|0 fnt\n|-damage|p1a: Stakataka|88\/100|[from] ability: Iron Barbs|[of] p2a: Ferrothorn\n|-damage|p1a: Stakataka|72\/100|[from] item: Rocky Helmet|[of] p2a: Ferrothorn\n|faint|p2a: Ferrothorn\n|-ability|p1a: Stakataka|Beast Boost|boost\n|-boost|p1a: Stakataka|atk|1\n|\n|upkeep\n|\n|t:|1700939189\n|switch|p2a: Slowbro|Slowbro, F|100\/100\n|turn|2\n|\n|t:|1700939210\n|move|p2a: Slowbro|Slack Off||[still]\n|-fail|p2a: Slowbro|heal\n|move|p1a: Stakataka|Trick Room|p1a: Stakataka\n|-fieldstart|move: Trick Room|[of] p1a: Stakataka\n|\n|upkeep\n|turn|3\n|\n|t:|1700939217\n|switch|p1a: Garganacl|Garganacl, F|100\/100\n|-damage|p1a: Garganacl|88\/100|[from] Stealth Rock\n|move|p2a: Slowbro|Slack Off||[still]\n|-fail|p2a: Slowbro|heal\n|\n|upkeep\n|turn|4\n|\n|t:|1700939227\n|switch|p2a: Diancie|Diancie|100\/100\n|move|p1a: Garganacl|Iron Defense|p1a: Garganacl\n|-boost|p1a: Garganacl|def|2\n|\n|upkeep\n|turn|5\n|\n|t:|1700939232\n|detailschange|p2a: Diancie|Diancie-Mega\n|-mega|p2a: Diancie|Diancie|Diancite\n|-terastallize|p1a: Garganacl|Ghost\n|move|p1a: Garganacl|Salt Cure|p2a: Diancie\n|-damage|p2a: Diancie|79\/100\n|-start|p2a: Diancie|Salt Cure\n|move|p2a: Diancie|Diamond Storm|p1a: Garganacl\n|-damage|p1a: Garganacl|71\/100\n|-boost|p2a: Diancie|def|2\n|\n|-damage|p2a: Diancie|66\/100|[from] Salt Cure\n|upkeep\n|turn|6\n|\n|t:|1700939239\n|move|p1a: Garganacl|Recover|p1a: Garganacl\n|-heal|p1a: Garganacl|100\/100\n|move|p2a: Diancie|Diamond Storm|p1a: Garganacl\n|-damage|p1a: Garganacl|82\/100\n|-boost|p2a: Diancie|def|2\n|\n|-damage|p2a: Diancie|54\/100|[from] Salt Cure\n|-fieldend|move: Trick Room\n|upkeep\n|turn|7\n|\n|t:|1700939243\n|move|p2a: Diancie|Moonblast|p1a: Garganacl\n|-damage|p1a: Garganacl|42\/100\n|-enditem|p1a: Garganacl|Maranga Berry|[eat]\n|-boost|p1a: Garganacl|spd|1|[from] item: Maranga Berry\n|move|p1a: Garganacl|Salt Cure|p2a: Diancie\n|-damage|p2a: Diancie|46\/100\n|\n|-damage|p2a: Diancie|34\/100|[from] Salt Cure\n|upkeep\n|turn|8\n|\n|t:|1700939248\n|move|p2a: Diancie|Moonblast|p1a: Garganacl\n|-damage|p1a: Garganacl|17\/100\n|move|p1a: Garganacl|Recover|p1a: Garganacl\n|-heal|p1a: Garganacl|67\/100\n|\n|-damage|p2a: Diancie|21\/100|[from] Salt Cure\n|upkeep\n|turn|9\n|\n|t:|1700939251\n|move|p2a: Diancie|Moonblast|p1a: Garganacl\n|-damage|p1a: Garganacl|44\/100\n|-unboost|p1a: Garganacl|spa|1\n|move|p1a: Garganacl|Recover|p1a: Garganacl\n|-heal|p1a: Garganacl|94\/100\n|\n|-damage|p2a: Diancie|9\/100|[from] Salt Cure\n|upkeep\n|turn|10\n|\n|t:|1700939257\n|move|p2a: Diancie|Moonblast|p1a: Garganacl\n|-damage|p1a: Garganacl|69\/100\n|move|p1a: Garganacl|Salt Cure|p2a: Diancie\n|-damage|p2a: Diancie|2\/100\n|\n|-damage|p2a: Diancie|0 fnt|[from] Salt Cure\n|faint|p2a: Diancie\n|upkeep\n|\n|t:|1700939260\n|switch|p2a: Toxapex|Toxapex, F|100\/100\n|turn|11\n|\n|t:|1700939268\n|move|p2a: Toxapex|Haze|p2a: Toxapex\n|-clearallboost\n|move|p1a: Garganacl|Salt Cure|p2a: Toxapex\n|-damage|p2a: Toxapex|92\/100\n|-start|p2a: Toxapex|Salt Cure\n|\n|-heal|p2a: Toxapex|98\/100|[from] item: Leftovers\n|-damage|p2a: Toxapex|73\/100|[from] Salt Cure\n|upkeep\n|turn|12\n|\n|t:|1700939280\n|switch|p2a: Slowbro|Slowbro, F|100\/100\n|move|p1a: Garganacl|Recover|p1a: Garganacl\n|-heal|p1a: Garganacl|100\/100\n|\n|upkeep\n|turn|13\n|-message|tttttynobuts forfeited.\n|\n|win|The power of ROCK\n|n|\u2606The power of ROCK|thepowerofrock\n|n|\u2606tttttynobuts|tttttynobuts\n|n| XXMurdrXX|xxmurdrxx\n|l|\u2606tttttynobuts\n|c|\u2606The power of ROCK|gg : )\n","uploadtime":1700939294,"views":1,"p1id":"thepowerofrock","p2id":"tttttynobuts","formatid":"gen9nationaldex","rating":0,"private":0,"password":""}