{"id":"gen9nationaldex-1993007868","p1":"coco falante","p2":"hackilla15","format":"[Gen 9] National Dex","log":"|j|\u2606coco falante\n|j|\u2606hackilla15\n|t:|1700254951\n|gametype|singles\n|player|p1|coco falante|veteran|1184\n|player|p2|hackilla15|ethan|1358\n|teamsize|p1|6\n|teamsize|p2|6\n|gen|9\n|tier|[Gen 9] National Dex\n|rated|\n|rule|HP Percentage Mod: HP is shown in percentages\n|rule|Endless Battle Clause: Forcing endless battles is banned\n|rule|OHKO Clause: OHKO moves are banned\n|rule|Evasion Clause: Evasion abilities, items, and moves are banned\n|rule|Evasion Abilities Clause: Evasion abilities are banned\n|rule|Evasion Items Clause: Evasion items are banned\n|rule|Evasion Moves Clause: Evasion moves are banned\n|rule|Species Clause: Limit one of each Pok\u00e9mon\n|rule|Sleep Clause Mod: Limit one foe put to sleep\n|clearpoke\n|poke|p1|Tauros, M|\n|poke|p1|Nidoking, M|\n|poke|p1|Darmanitan, M|\n|poke|p1|Braviary-Hisui, M|\n|poke|p1|Hariyama, F|\n|poke|p1|Beedrill, F|\n|poke|p2|Zoroark-Hisui, F|\n|poke|p2|Venusaur, F|\n|poke|p2|Ceruledge, M|\n|poke|p2|Muk-Alola, F|\n|poke|p2|Corviknight, M|\n|poke|p2|Dragonite, M|\n|teampreview\n|\n|t:|1700254968\n|start\n|switch|p1a: O0000|Nidoking, M|100\/100\n|switch|p2a: Moody Edge|Ceruledge, M, shiny|100\/100\n|turn|1\n|inactive|Battle timer is ON: inactive players will automatically lose when time's up. (requested by hackilla15)\n|\n|t:|1700254978\n|switch|p2a: Lancelot|Corviknight, M, shiny|100\/100\n|move|p1a: O0000|Earth Power|p2a: Lancelot\n|-immune|p2a: Lancelot\n|\n|upkeep\n|turn|2\n|\n|t:|1700254981\n|move|p1a: O0000|Flamethrower|p2a: Lancelot\n|-supereffective|p2a: Lancelot\n|-damage|p2a: Lancelot|33\/100\n|move|p2a: Lancelot|Light Screen|p2a: Lancelot\n|-sidestart|p2: hackilla15|move: Light Screen\n|\n|upkeep\n|turn|3\n|\n|t:|1700254988\n|move|p1a: O0000|Flamethrower|p2a: Lancelot\n|-supereffective|p2a: Lancelot\n|-damage|p2a: Lancelot|0 fnt\n|faint|p2a: Lancelot\n|\n|upkeep\n|\n|t:|1700254990\n|switch|p2a: M.J. Watson|Venusaur, F, shiny|100\/100\n|turn|4\n|\n|t:|1700254997\n|detailschange|p2a: M.J. Watson|Venusaur-Mega, F, shiny\n|-mega|p2a: M.J. Watson|Venusaur|Venusaurite\n|move|p1a: O0000|Ice Beam|p2a: M.J. Watson\n|-supereffective|p2a: M.J. Watson\n|-damage|p2a: M.J. Watson|85\/100\n|move|p2a: M.J. Watson|Earth Power|p1a: O0000\n|-supereffective|p1a: O0000\n|-damage|p1a: O0000|25\/100\n|\n|upkeep\n|turn|5\n|\n|t:|1700255009\n|move|p1a: O0000|Sludge Wave|p2a: M.J. Watson\n|-damage|p2a: M.J. Watson|64\/100\n|move|p2a: M.J. Watson|Giga Drain|p1a: O0000\n|-damage|p1a: O0000|0 fnt\n|-heal|p2a: M.J. Watson|75\/100|[from] drain|[of] p1a: O0000\n|faint|p1a: O0000\n|\n|upkeep\n|\n|t:|1700255015\n|switch|p1a: 00O00|Braviary-Hisui, M|100\/100\n|turn|6\n|\n|t:|1700255020\n|switch|p2a: BIG BERTHA|Muk-Alola, F|100\/100\n|move|p1a: 00O00|Air Slash|p2a: BIG BERTHA\n|-damage|p2a: BIG BERTHA|76\/100\n|\n|upkeep\n|turn|7\n|\n|t:|1700255027\n|switch|p1a: 0000O|Hariyama, F|100\/100\n|move|p2a: BIG BERTHA|Knock Off|p1a: 0000O\n|-resisted|p1a: 0000O\n|-damage|p1a: 0000O|75\/100\n|-enditem|p1a: 0000O|Life Orb|[from] move: Knock Off|[of] p2a: BIG BERTHA\n|\n|upkeep\n|turn|8\n|\n|t:|1700255036\n|switch|p2a: M.J. Watson|Venusaur-Mega, F, shiny|100\/100\n|move|p1a: 0000O|Drain Punch|p2a: M.J. Watson\n|-immune|p2a: M.J. Watson\n|\n|upkeep\n|turn|9\n|\n|t:|1700255041\n|-terastallize|p2a: M.J. Watson|Fairy\n|move|p2a: M.J. Watson|Tera Blast|p1a: 0000O|[anim] Tera Blast Fairy\n|-supereffective|p1a: 0000O\n|-damage|p1a: 0000O|0 fnt\n|faint|p1a: 0000O\n|\n|-sideend|p2: hackilla15|move: Light Screen\n|upkeep\n|\n|t:|1700255046\n|switch|p1a: 000O0|Beedrill, F|100\/100\n|turn|10\n|\n|t:|1700255053\n|switch|p2a: Alduin|Dragonite, M|100\/100\n|detailschange|p1a: 000O0|Beedrill-Mega, F\n|-mega|p1a: 000O0|Beedrill|Beedrillite\n|move|p1a: 000O0|Poison Jab|p2a: Alduin\n|-damage|p2a: Alduin|73\/100\n|-status|p2a: Alduin|psn\n|\n|-damage|p2a: Alduin|60\/100 psn|[from] psn\n|upkeep\n|turn|11\n|\n|t:|1700255063\n|switch|p1a: 00000|Tauros, M|100\/100\n|move|p2a: Alduin|Earthquake|p1a: 00000\n|-damage|p1a: 00000|66\/100\n|\n|-damage|p2a: Alduin|48\/100 psn|[from] psn\n|upkeep\n|turn|12\n|\n|t:|1700255073\n|switch|p2a: M.J. Watson|Venusaur-Mega, F, shiny|75\/100\n|move|p1a: 00000|Rock Slide|p2a: M.J. Watson|[miss]\n|-miss|p1a: 00000|p2a: M.J. Watson\n|\n|upkeep\n|turn|13\n|\n|t:|1700255095\n|move|p1a: 00000|Iron Head|p2a: M.J. Watson\n|-damage|p2a: M.J. Watson|48\/100\n|move|p2a: M.J. Watson|Leech Seed|p1a: 00000\n|-start|p1a: 00000|move: Leech Seed\n|\n|-damage|p1a: 00000|54\/100|[from] Leech Seed|[of] p2a: M.J. Watson\n|-heal|p2a: M.J. Watson|58\/100|[silent]\n|upkeep\n|turn|14\n|\n|t:|1700255103\n|move|p1a: 00000|Iron Head|p2a: M.J. Watson\n|-damage|p2a: M.J. Watson|28\/100\n|move|p2a: M.J. Watson|Giga Drain|p1a: 00000\n|-damage|p1a: 00000|0 fnt\n|-heal|p2a: M.J. Watson|51\/100|[from] drain|[of] p1a: 00000\n|faint|p1a: 00000\n|\n|upkeep\n|\n|t:|1700255106\n|switch|p1a: 000O0|Beedrill-Mega, F|100\/100\n|turn|15\n|\n|t:|1700255114\n|switch|p2a: Alduin|Dragonite, M|48\/100 psn\n|move|p1a: 000O0|U-turn|p2a: Alduin\n|-resisted|p2a: Alduin\n|-damage|p2a: Alduin|26\/100 psn\n|\n|t:|1700255122\n|switch|p1a: 0O000|Darmanitan, M|100\/100|[from] U-turn\n|\n|-damage|p2a: Alduin|14\/100 psn|[from] psn\n|upkeep\n|turn|16\n|\n|t:|1700255129\n|move|p1a: 0O000|Rock Slide|p2a: Alduin\n|-supereffective|p2a: Alduin\n|-damage|p2a: Alduin|0 fnt\n|faint|p2a: Alduin\n|\n|upkeep\n|\n|t:|1700255133\n|switch|p2a: Moody Edge|Ceruledge, M, shiny|100\/100\n|turn|17\n|\n|t:|1700255136\n|move|p1a: 0O000|Rock Slide|p2a: Moody Edge\n|-supereffective|p2a: Moody Edge\n|-enditem|p2a: Moody Edge|Focus Sash\n|-damage|p2a: Moody Edge|1\/100\n|-ability|p2a: Moody Edge|Weak Armor|boost\n|-unboost|p2a: Moody Edge|def|1\n|-boost|p2a: Moody Edge|spe|2\n|move|p2a: Moody Edge|Swords Dance|p2a: Moody Edge\n|-boost|p2a: Moody Edge|atk|2\n|\n|upkeep\n|turn|18\n|\n|t:|1700255143\n|move|p2a: Moody Edge|Close Combat|p1a: 0O000\n|-damage|p1a: 0O000|0 fnt\n|-unboost|p2a: Moody Edge|def|1\n|-unboost|p2a: Moody Edge|spd|1\n|faint|p1a: 0O000\n|\n|upkeep\n|\n|t:|1700255147\n|switch|p1a: 00O00|Braviary-Hisui, M|100\/100\n|turn|19\n|\n|t:|1700255153\n|move|p2a: Moody Edge|Shadow Claw|p1a: 00O00\n|-supereffective|p1a: 00O00\n|-damage|p1a: 00O00|0 fnt\n|faint|p1a: 00O00\n|\n|upkeep\n|\n|t:|1700255156\n|switch|p1a: 000O0|Beedrill-Mega, F|100\/100\n|turn|20\n|\n|t:|1700255159\n|move|p2a: Moody Edge|Bitter Blade|p1a: 000O0\n|-supereffective|p1a: 000O0\n|-damage|p1a: 000O0|0 fnt\n|-heal|p2a: Moody Edge|47\/100|[from] drain|[of] p1a: 000O0\n|faint|p1a: 000O0\n|\n|win|hackilla15\n|raw|coco falante's rating: 1184 &rarr; <strong>1171<\/strong><br \/>(-13 for losing)\n|raw|hackilla15's rating: 1358 &rarr; <strong>1369<\/strong><br \/>(+11 for winning)\n|l|\u2606coco falante\n","uploadtime":1700255174,"views":8,"p1id":"cocofalante","p2id":"hackilla15","formatid":"gen9nationaldex","rating":1171,"private":0,"password":""}