{"id":"gen9nationaldex-1989119061","p1":"we rule yeah","p2":"Zer0king","format":"[Gen 9] National Dex","log":"|j|\u2606we rule yeah\n|j|\u2606Zer0king\n|t:|1699814277\n|gametype|singles\n|player|p1|we rule yeah|170|1021\n|player|p2|Zer0king|alder|1061\n|teamsize|p1|6\n|teamsize|p2|6\n|gen|9\n|tier|[Gen 9] National Dex\n|rated|\n|rule|HP Percentage Mod: HP is shown in percentages\n|rule|Endless Battle Clause: Forcing endless battles is banned\n|rule|OHKO Clause: OHKO moves are banned\n|rule|Evasion Clause: Evasion abilities, items, and moves are banned\n|rule|Evasion Abilities Clause: Evasion abilities are banned\n|rule|Evasion Items Clause: Evasion items are banned\n|rule|Evasion Moves Clause: Evasion moves are banned\n|rule|Species Clause: Limit one of each Pok\u00e9mon\n|rule|Sleep Clause Mod: Limit one foe put to sleep\n|clearpoke\n|poke|p1|Floatzel, M|\n|poke|p1|Pelipper, F|\n|poke|p1|Barraskewda, M|\n|poke|p1|Basculegion, M|\n|poke|p1|Thundurus-Therian, M|\n|poke|p1|Heatran, M|\n|poke|p2|Krookodile, M|\n|poke|p2|Ferrothorn, F|\n|poke|p2|Urshifu-*, F|\n|poke|p2|Scizor, F|\n|poke|p2|Hitmonlee, M|\n|poke|p2|Magnezone|\n|teampreview\n|\n|t:|1699814289\n|start\n|switch|p1a: Floatzel|Floatzel, M, shiny|100\/100\n|switch|p2a: Ferrothorn|Ferrothorn, F|100\/100\n|turn|1\n|\n|t:|1699814296\n|-singleturn|p1a: Floatzel|move: Focus Punch\n|move|p2a: Ferrothorn|Stealth Rock|p1a: Floatzel\n|-sidestart|p1: we rule yeah|move: Stealth Rock\n|move|p1a: Floatzel|Focus Punch|p2a: Ferrothorn\n|-supereffective|p2a: Ferrothorn\n|-damage|p2a: Ferrothorn|0 fnt\n|-damage|p1a: Floatzel|88\/100|[from] ability: Iron Barbs|[of] p2a: Ferrothorn\n|-damage|p1a: Floatzel|72\/100|[from] item: Rocky Helmet|[of] p2a: Ferrothorn\n|faint|p2a: Ferrothorn\n|\n|upkeep\n|\n|t:|1699814308\n|switch|p2a: Magnezone|Magnezone|100\/100\n|turn|2\n|\n|t:|1699814313\n|switch|p1a: Pelipper|Pelipper, F, shiny|100\/100\n|-damage|p1a: Pelipper|76\/100|[from] Stealth Rock\n|-weather|RainDance|[from] ability: Drizzle|[of] p1a: Pelipper\n|move|p2a: Magnezone|Thunderbolt|p1a: Pelipper\n|-supereffective|p1a: Pelipper\n|-damage|p1a: Pelipper|0 fnt\n|faint|p1a: Pelipper\n|\n|-weather|RainDance|[upkeep]\n|upkeep\n|\n|t:|1699814324\n|switch|p1a: Floatzel|Floatzel, M, shiny|72\/100\n|-damage|p1a: Floatzel|60\/100|[from] Stealth Rock\n|turn|3\n|\n|t:|1699814330\n|-terastallize|p1a: Floatzel|Ground\n|-singleturn|p1a: Floatzel|move: Focus Punch\n|move|p2a: Magnezone|Thunderbolt|p1a: Floatzel\n|-immune|p1a: Floatzel\n|move|p1a: Floatzel|Focus Punch|p2a: Magnezone\n|-supereffective|p2a: Magnezone\n|-damage|p2a: Magnezone|0 fnt\n|faint|p2a: Magnezone\n|\n|-weather|RainDance|[upkeep]\n|upkeep\n|\n|t:|1699814342\n|switch|p2a: Urshifu|Urshifu-Rapid-Strike, F|100\/100\n|turn|4\n|\n|t:|1699814352\n|switch|p1a: Basculegion|Basculegion, M, shiny|100\/100\n|-damage|p1a: Basculegion|88\/100|[from] Stealth Rock\n|move|p2a: Urshifu|Surging Strikes|p1a: Basculegion\n|-resisted|p1a: Basculegion\n|-crit|p1a: Basculegion\n|-damage|p1a: Basculegion|55\/100\n|-resisted|p1a: Basculegion\n|-crit|p1a: Basculegion\n|-damage|p1a: Basculegion|21\/100\n|-resisted|p1a: Basculegion\n|-crit|p1a: Basculegion\n|-damage|p1a: Basculegion|0 fnt\n|faint|p1a: Basculegion\n|-hitcount|p1: Basculegion|3\n|\n|-weather|RainDance|[upkeep]\n|upkeep\n|\n|t:|1699814371\n|switch|p1a: Thundurus|Thundurus-Therian, M, shiny|100\/100\n|-damage|p1a: Thundurus|75\/100|[from] Stealth Rock\n|turn|5\n|\n|t:|1699814385\n|-terastallize|p2a: Urshifu|Water\n|move|p1a: Thundurus|Thunderbolt|p2a: Urshifu\n|-supereffective|p2a: Urshifu\n|-damage|p2a: Urshifu|0 fnt\n|faint|p2a: Urshifu\n|\n|-weather|RainDance|[upkeep]\n|upkeep\n|\n|t:|1699814393\n|switch|p2a: Krookodile|Krookodile, M, shiny|100\/100\n|turn|6\n|\n|t:|1699814401\n|switch|p1a: Barraskewda|Barraskewda, M, shiny|100\/100\n|-damage|p1a: Barraskewda|88\/100|[from] Stealth Rock\n|move|p2a: Krookodile|Scale Shot|p1a: Barraskewda\n|-crit|p1a: Barraskewda\n|-damage|p1a: Barraskewda|61\/100\n|-damage|p1a: Barraskewda|42\/100\n|-damage|p1a: Barraskewda|24\/100\n|-hitcount|p1a: Barraskewda|3\n|-unboost|p2a: Krookodile|def|1\n|-boost|p2a: Krookodile|spe|1\n|\n|-weather|none\n|upkeep\n|turn|7\n|\n|t:|1699814419\n|move|p1a: Barraskewda|Aqua Jet|p2a: Krookodile\n|-supereffective|p2a: Krookodile\n|-damage|p2a: Krookodile|0 fnt\n|faint|p2a: Krookodile\n|\n|upkeep\n|\n|t:|1699814425\n|switch|p2a: Scizor|Scizor, F|100\/100\n|turn|8\n|\n|t:|1699814432\n|switch|p1a: Heatran|Heatran, M, shiny|100\/100\n|-damage|p1a: Heatran|88\/100|[from] Stealth Rock\n|detailschange|p2a: Scizor|Scizor-Mega, F\n|-mega|p2a: Scizor|Scizor|Scizorite\n|move|p2a: Scizor|Bullet Punch|p1a: Heatran\n|-resisted|p1a: Heatran\n|-crit|p1a: Heatran\n|-damage|p1a: Heatran|78\/100\n|\n|upkeep\n|turn|9\n|\n|t:|1699814452\n|move|p1a: Heatran|Flamethrower|p2a: Scizor\n|-supereffective|p2a: Scizor\n|-damage|p2a: Scizor|0 fnt\n|faint|p2a: Scizor\n|\n|upkeep\n|\n|t:|1699814458\n|switch|p2a: Hitmonlee|Hitmonlee, M, shiny|100\/100\n|turn|10\n|\n|t:|1699814465\n|switch|p1a: Thundurus|Thundurus-Therian, M, shiny|75\/100\n|-damage|p1a: Thundurus|50\/100|[from] Stealth Rock\n|move|p2a: Hitmonlee|Endure||[still]\n|-fail|p2a: Hitmonlee\n|\n|upkeep\n|turn|11\n|\n|t:|1699814473\n|move|p2a: Hitmonlee|Endure|p2a: Hitmonlee\n|-singleturn|p2a: Hitmonlee|move: Endure\n|move|p1a: Thundurus|Psychic|p2a: Hitmonlee\n|-supereffective|p2a: Hitmonlee\n|-activate|p2a: Hitmonlee|move: Endure\n|-damage|p2a: Hitmonlee|1\/100\n|-enditem|p2a: Hitmonlee|Liechi Berry|[eat]\n|-boost|p2a: Hitmonlee|atk|1|[from] item: Liechi Berry\n|\n|upkeep\n|turn|12\n|\n|t:|1699814489\n|move|p2a: Hitmonlee|Knock Off|p1a: Thundurus\n|-damage|p1a: Thundurus|0 fnt\n|-enditem|p1a: Thundurus|Choice Specs|[from] move: Knock Off|[of] p2a: Hitmonlee\n|faint|p1a: Thundurus\n|\n|upkeep\n|\n|t:|1699814496\n|switch|p1a: Floatzel|Floatzel, M, shiny, tera:Ground|60\/100\n|-damage|p1a: Floatzel|54\/100|[from] Stealth Rock\n|turn|13\n|\n|t:|1699814510\n|move|p1a: Floatzel|Aqua Jet|p2a: Hitmonlee\n|-damage|p2a: Hitmonlee|0 fnt\n|faint|p2a: Hitmonlee\n|\n|win|we rule yeah\n|raw|we rule yeah's rating: 1008 &rarr; <strong>1053<\/strong><br \/>(+45 for winning)\n|raw|Zer0king's rating: 1061 &rarr; <strong>1039<\/strong><br \/>(-22 for losing)\n","uploadtime":1699814536,"views":5,"p1id":"weruleyeah","p2id":"zer0king","formatid":"gen9nationaldex","rating":1039,"private":0,"password":""}