{"id":"gen9nationaldex-1990463178","p1":"MagnificentMudkip","p2":"zxw000","format":"[Gen 9] National Dex","log":"|j|\u2606MagnificentMudkip\n|j|\u2606zxw000\n|t:|1699973300\n|gametype|singles\n|player|p1|MagnificentMudkip|caitlin|1381\n|player|p2|zxw000|102|1449\n|teamsize|p1|6\n|teamsize|p2|6\n|gen|9\n|tier|[Gen 9] National Dex\n|rated|\n|rule|HP Percentage Mod: HP is shown in percentages\n|rule|Endless Battle Clause: Forcing endless battles is banned\n|rule|OHKO Clause: OHKO moves are banned\n|rule|Evasion Clause: Evasion abilities, items, and moves are banned\n|rule|Evasion Abilities Clause: Evasion abilities are banned\n|rule|Evasion Items Clause: Evasion items are banned\n|rule|Evasion Moves Clause: Evasion moves are banned\n|rule|Species Clause: Limit one of each Pok\u00e9mon\n|rule|Sleep Clause Mod: Limit one foe put to sleep\n|clearpoke\n|poke|p1|Altaria, F|\n|poke|p1|Gliscor, M|\n|poke|p1|Heatran, M|\n|poke|p1|Rillaboom, F|\n|poke|p1|Zapdos|\n|poke|p1|Greninja-*, M|\n|poke|p2|Charizard, F|\n|poke|p2|Alomomola, M|\n|poke|p2|Tyranitar, M|\n|poke|p2|Doublade, M|\n|poke|p2|Serperior, M|\n|poke|p2|Great Tusk|\n|teampreview\n|\n|t:|1699973318\n|start\n|switch|p1a: Heatran|Heatran, M|100\/100\n|switch|p2a: Charizard|Charizard, F|100\/100\n|turn|1\n|\n|t:|1699973325\n|detailschange|p2a: Charizard|Charizard-Mega-Y, F\n|-mega|p2a: Charizard|Charizard|Charizardite Y\n|-weather|SunnyDay|[from] ability: Drought|[of] p2a: Charizard\n|move|p1a: Heatran|Eruption|p2a: Charizard\n|-resisted|p2a: Charizard\n|-damage|p2a: Charizard|37\/100\n|move|p2a: Charizard|Scorching Sands|p1a: Heatran\n|-supereffective|p1a: Heatran\n|-damage|p1a: Heatran|0 fnt\n|faint|p1a: Heatran\n|\n|-weather|SunnyDay|[upkeep]\n|upkeep\n|\n|t:|1699973331\n|switch|p1a: Altaria|Altaria, F|100\/100\n|turn|2\n|l|\u2606zxw000\n|player|p2|\n|j|\u2606zxw000\n|player|p2|zxw000|102\n|inactive|Battle timer is ON: inactive players will automatically lose when time's up. (requested by MagnificentMudkip)\n|\n|t:|1699973360\n|switch|p2a: Tyranitar|Tyranitar, M|100\/100\n|-weather|Sandstorm|[from] ability: Sand Stream|[of] p2a: Tyranitar\n|detailschange|p1a: Altaria|Altaria-Mega, F\n|-mega|p1a: Altaria|Altaria|Altarianite\n|move|p1a: Altaria|Dragon Dance|p1a: Altaria\n|-boost|p1a: Altaria|atk|1\n|-boost|p1a: Altaria|spe|1\n|\n|-weather|Sandstorm|[upkeep]\n|-damage|p1a: Altaria|94\/100|[from] Sandstorm\n|upkeep\n|turn|3\n|\n|t:|1699973373\n|move|p1a: Altaria|Frustration|p2a: Tyranitar\n|-supereffective|p2a: Tyranitar\n|-damage|p2a: Tyranitar|0 fnt\n|faint|p2a: Tyranitar\n|\n|-weather|Sandstorm|[upkeep]\n|-damage|p1a: Altaria|88\/100|[from] Sandstorm\n|upkeep\n|\n|t:|1699973382\n|switch|p2a: Alomomola|Alomomola, M|100\/100\n|turn|4\n|\n|t:|1699973385\n|move|p1a: Altaria|Frustration|p2a: Alomomola\n|-damage|p2a: Alomomola|56\/100\n|move|p2a: Alomomola|Toxic|p1a: Altaria\n|-status|p1a: Altaria|tox\n|\n|-weather|Sandstorm|[upkeep]\n|-damage|p1a: Altaria|82\/100 tox|[from] Sandstorm\n|-damage|p2a: Alomomola|49\/100|[from] Sandstorm\n|-heal|p2a: Alomomola|56\/100|[from] item: Leftovers\n|-damage|p1a: Altaria|76\/100 tox|[from] psn\n|upkeep\n|turn|5\n|\n|t:|1699973399\n|move|p1a: Altaria|Dragon Dance|p1a: Altaria\n|-boost|p1a: Altaria|atk|1\n|-boost|p1a: Altaria|spe|1\n|move|p2a: Alomomola|Wish|p2a: Alomomola\n|\n|-weather|Sandstorm|[upkeep]\n|-damage|p1a: Altaria|70\/100 tox|[from] Sandstorm\n|-damage|p2a: Alomomola|49\/100|[from] Sandstorm\n|-heal|p2a: Alomomola|56\/100|[from] item: Leftovers\n|-damage|p1a: Altaria|57\/100 tox|[from] psn\n|upkeep\n|turn|6\n|\n|t:|1699973406\n|move|p2a: Alomomola|Protect|p2a: Alomomola\n|-singleturn|p2a: Alomomola|Protect\n|move|p1a: Altaria|Roost|p1a: Altaria\n|-heal|p1a: Altaria|100\/100 tox\n|-singleturn|p1a: Altaria|move: Roost\n|\n|-weather|none\n|-heal|p2a: Alomomola|100\/100|[from] move: Wish|[wisher] Alomomola\n|-damage|p1a: Altaria|82\/100 tox|[from] psn\n|upkeep\n|turn|7\n|\n|t:|1699973416\n|move|p1a: Altaria|Frustration|p2a: Alomomola\n|-damage|p2a: Alomomola|45\/100\n|move|p2a: Alomomola|Wish|p2a: Alomomola\n|\n|-heal|p2a: Alomomola|51\/100|[from] item: Leftovers\n|-damage|p1a: Altaria|57\/100 tox|[from] psn\n|upkeep\n|turn|8\n|inactive|zxw000 has 120 seconds left.\n|\n|t:|1699973455\n|move|p1a: Altaria|Roost|p1a: Altaria\n|-heal|p1a: Altaria|100\/100 tox\n|-singleturn|p1a: Altaria|move: Roost\n|move|p2a: Alomomola|Wish||[still]\n|-fail|p2a: Alomomola\n|\n|-heal|p2a: Alomomola|100\/100|[from] move: Wish|[wisher] Alomomola\n|-damage|p1a: Altaria|70\/100 tox|[from] psn\n|upkeep\n|turn|9\n|inactive|zxw000 has 120 seconds left.\n|\n|t:|1699973467\n|move|p1a: Altaria|Frustration|p2a: Alomomola\n|-damage|p2a: Alomomola|42\/100\n|move|p2a: Alomomola|Wish|p2a: Alomomola\n|\n|-heal|p2a: Alomomola|48\/100|[from] item: Leftovers\n|-damage|p1a: Altaria|32\/100 tox|[from] psn\n|upkeep\n|turn|10\n|inactive|zxw000 has 120 seconds left.\n|\n|t:|1699973483\n|move|p2a: Alomomola|Protect|p2a: Alomomola\n|-singleturn|p2a: Alomomola|Protect\n|move|p1a: Altaria|Frustration|p2a: Alomomola\n|-activate|p2a: Alomomola|move: Protect\n|\n|-heal|p2a: Alomomola|98\/100|[from] move: Wish|[wisher] Alomomola\n|-heal|p2a: Alomomola|100\/100|[from] item: Leftovers\n|-damage|p1a: Altaria|0 fnt|[from] psn\n|faint|p1a: Altaria\n|upkeep\n|\n|t:|1699973487\n|switch|p1a: Rillaboom|Rillaboom, F|100\/100\n|-fieldstart|move: Grassy Terrain|[from] ability: Grassy Surge|[of] p1a: Rillaboom\n|turn|11\n|inactive|zxw000 has 120 seconds left.\n|\n|t:|1699973504\n|switch|p2a: Doublade|Doublade, M|100\/100\n|move|p1a: Rillaboom|Knock Off|p2a: Doublade\n|-supereffective|p2a: Doublade\n|-damage|p2a: Doublade|47\/100\n|-enditem|p2a: Doublade|Eviolite|[from] move: Knock Off|[of] p1a: Rillaboom\n|\n|-heal|p2a: Doublade|53\/100|[from] Grassy Terrain\n|upkeep\n|turn|12\n|\n|t:|1699973521\n|move|p2a: Doublade|Shadow Sneak|p1a: Rillaboom\n|-damage|p1a: Rillaboom|83\/100\n|move|p1a: Rillaboom|Knock Off|p2a: Doublade\n|-supereffective|p2a: Doublade\n|-damage|p2a: Doublade|0 fnt\n|faint|p2a: Doublade\n|\n|-heal|p1a: Rillaboom|89\/100|[from] Grassy Terrain\n|upkeep\n|\n|t:|1699973530\n|switch|p2a: Serperior|Serperior, M|100\/100\n|turn|13\n|\n|t:|1699973544\n|move|p2a: Serperior|Substitute|p2a: Serperior\n|-start|p2a: Serperior|Substitute\n|-damage|p2a: Serperior|76\/100\n|move|p1a: Rillaboom|Knock Off|p2a: Serperior\n|-end|p2a: Serperior|Substitute\n|\n|-heal|p2a: Serperior|82\/100|[from] Grassy Terrain\n|-heal|p2a: Serperior|88\/100|[from] item: Leftovers\n|-heal|p1a: Rillaboom|96\/100|[from] Grassy Terrain\n|upkeep\n|turn|14\n|l|\u2606MagnificentMudkip\n|inactive|MagnificentMudkip disconnected and has a minute to reconnect!\n|player|p1|\n|j|\u2606MagnificentMudkip\n|inactive|MagnificentMudkip reconnected and has 140 seconds left.\n|player|p1|MagnificentMudkip|caitlin\n|\n|t:|1699973568\n|move|p2a: Serperior|Glare|p1a: Rillaboom\n|-status|p1a: Rillaboom|par\n|cant|p1a: Rillaboom|par\n|\n|-heal|p2a: Serperior|94\/100|[from] Grassy Terrain\n|-heal|p2a: Serperior|100\/100|[from] item: Leftovers\n|-heal|p1a: Rillaboom|100\/100 par|[from] Grassy Terrain\n|upkeep\n|turn|15\n|\n|t:|1699973577\n|move|p2a: Serperior|Substitute|p2a: Serperior\n|-start|p2a: Serperior|Substitute\n|-damage|p2a: Serperior|76\/100\n|cant|p1a: Rillaboom|par\n|\n|-heal|p2a: Serperior|82\/100|[from] Grassy Terrain\n|-heal|p2a: Serperior|88\/100|[from] item: Leftovers\n|-fieldend|move: Grassy Terrain\n|upkeep\n|turn|16\n|\n|t:|1699973585\n|move|p2a: Serperior|Hidden Power|p1a: Rillaboom\n|-supereffective|p1a: Rillaboom\n|-damage|p1a: Rillaboom|66\/100 par\n|cant|p1a: Rillaboom|par\n|\n|-heal|p2a: Serperior|94\/100|[from] item: Leftovers\n|upkeep\n|turn|17\n|\n|t:|1699973591\n|move|p2a: Serperior|Leaf Storm|p1a: Rillaboom\n|-resisted|p1a: Rillaboom\n|-damage|p1a: Rillaboom|38\/100 par\n|-boost|p2a: Serperior|spa|2\n|cant|p1a: Rillaboom|par\n|\n|-heal|p2a: Serperior|100\/100|[from] item: Leftovers\n|upkeep\n|turn|18\n|c|\u2606MagnificentMudkip|Dude\n|\n|t:|1699973597\n|move|p2a: Serperior|Hidden Power|p1a: Rillaboom\n|-supereffective|p1a: Rillaboom\n|-damage|p1a: Rillaboom|0 fnt\n|faint|p1a: Rillaboom\n|\n|upkeep\n|c|\u2606MagnificentMudkip|so lucky\n|c|\u2606zxw000|sry\n|\n|t:|1699973605\n|switch|p1a: Zapdos|Zapdos|100\/100\n|turn|19\n|\n|t:|1699973610\n|move|p2a: Serperior|Leaf Storm|p1a: Zapdos\n|-resisted|p1a: Zapdos\n|-damage|p1a: Zapdos|54\/100\n|-boost|p2a: Serperior|spa|2\n|move|p1a: Zapdos|U-turn|p2a: Serperior\n|-supereffective|p2a: Serperior\n|-end|p2a: Serperior|Substitute\n|\n|t:|1699973615\n|switch|p1a: Greninja|Greninja, M|100\/100|[from] U-turn\n|\n|upkeep\n|turn|20\n|\n|t:|1699973626\n|move|p1a: Greninja|Ice Beam|p2a: Serperior\n|-supereffective|p2a: Serperior\n|-damage|p2a: Serperior|38\/100\n|move|p2a: Serperior|Glare|p1a: Greninja\n|-status|p1a: Greninja|par\n|\n|-heal|p2a: Serperior|44\/100|[from] item: Leftovers\n|upkeep\n|turn|21\n|\n|t:|1699973630\n|move|p2a: Serperior|Leaf Storm|p1a: Greninja\n|-supereffective|p1a: Greninja\n|-damage|p1a: Greninja|0 fnt\n|-boost|p2a: Serperior|spa|2\n|faint|p1a: Greninja\n|\n|-heal|p2a: Serperior|50\/100|[from] item: Leftovers\n|upkeep\n|-message|MagnificentMudkip forfeited.\n|\n|win|zxw000\n|raw|MagnificentMudkip's rating: 1381 &rarr; <strong>1365<\/strong><br \/>(-16 for losing)\n|raw|zxw000's rating: 1449 &rarr; <strong>1465<\/strong><br \/>(+16 for winning)\n|l|\u2606MagnificentMudkip\n|l|\u2606zxw000\n|j|\u2606zxw000\n|player|p2|zxw000|102\n","uploadtime":1699973873,"views":5,"p1id":"magnificentmudkip","p2id":"zxw000","formatid":"gen9nationaldex","rating":1365,"private":0,"password":""}