{"id":"gen9nationaldex-1996078420","p1":"Keanmon","p2":"VincentCryox13","format":"[Gen 9] National Dex","log":"|html|<div class=\"broadcast-blue\"><strong>[Gen 9] National Dex is currently suspecting Sneasler! For information on how to participate check out the <a href=\"https:\/\/www.smogon.com\/forums\/threads\/sv-national-dex-suspect-8-just-dance.3731534\/\">suspect thread<\/a>.<\/strong><\/div>\n|j|\u2606Keanmon\n|j|\u2606VincentCryox13\n|t:|1700640528\n|gametype|singles\n|player|p1|Keanmon|rood|1000\n|player|p2|VincentCryox13|101|1070\n|teamsize|p1|6\n|teamsize|p2|6\n|gen|9\n|tier|[Gen 9] National Dex\n|rated|\n|rule|HP Percentage Mod: HP is shown in percentages\n|rule|Endless Battle Clause: Forcing endless battles is banned\n|rule|OHKO Clause: OHKO moves are banned\n|rule|Evasion Clause: Evasion abilities, items, and moves are banned\n|rule|Evasion Abilities Clause: Evasion abilities are banned\n|rule|Evasion Items Clause: Evasion items are banned\n|rule|Evasion Moves Clause: Evasion moves are banned\n|rule|Species Clause: Limit one of each Pok\u00e9mon\n|rule|Sleep Clause Mod: Limit one foe put to sleep\n|clearpoke\n|poke|p1|Cloyster, M|\n|poke|p1|Forretress, M|\n|poke|p1|Solrock|\n|poke|p1|Glalie, M|\n|poke|p1|Ferrothorn, M|\n|poke|p1|Carbink|\n|poke|p2|Primarina, M|\n|poke|p2|Braviary-Hisui, M|\n|poke|p2|Sylveon, F|\n|poke|p2|Gallade, M|\n|poke|p2|Cryogonal|\n|poke|p2|Raichu-Alola, F|\n|teampreview\n|\n|t:|1700640536\n|start\n|switch|p1a: Geoshine|Solrock|100\/100\n|switch|p2a: Primarina|Primarina, M|100\/100\n|turn|1\n|\n|t:|1700640544\n|switch|p1a: Whiplash|Ferrothorn, M|100\/100\n|move|p2a: Primarina|Flip Turn|p1a: Whiplash\n|-resisted|p1a: Whiplash\n|-damage|p1a: Whiplash|95\/100\n|-damage|p2a: Primarina|88\/100|[from] ability: Iron Barbs|[of] p1a: Whiplash\n|-damage|p2a: Primarina|72\/100|[from] item: Rocky Helmet|[of] p1a: Whiplash\n|\n|t:|1700640555\n|switch|p2a: Braviary|Braviary-Hisui, M, shiny|100\/100|[from] Flip Turn\n|\n|upkeep\n|turn|2\n|\n|t:|1700640563\n|switch|p1a: Geoshine|Solrock|100\/100\n|-terastallize|p2a: Braviary|Flying\n|move|p2a: Braviary|Air Slash|p1a: Geoshine\n|-resisted|p1a: Geoshine\n|-damage|p1a: Geoshine|66\/100\n|\n|upkeep\n|turn|3\n|\n|t:|1700640574\n|switch|p2a: Primarina|Primarina, M|72\/100\n|move|p1a: Geoshine|Rock Slide|p2a: Primarina\n|-damage|p2a: Primarina|39\/100\n|\n|upkeep\n|turn|4\n|\n|t:|1700640582\n|switch|p1a: Whiplash|Ferrothorn, M|95\/100\n|-zpower|p2a: Primarina\n|move|p2a: Primarina|Oceanic Operetta|p1a: Whiplash|[zeffect]\n|-resisted|p1a: Whiplash\n|-damage|p1a: Whiplash|50\/100\n|\n|upkeep\n|turn|5\n|\n|t:|1700640593\n|switch|p2a: Braviary|Braviary-Hisui, M, shiny, tera:Flying|100\/100\n|move|p1a: Whiplash|Leech Seed|p2a: Braviary\n|-start|p2a: Braviary|move: Leech Seed\n|\n|-damage|p2a: Braviary|88\/100|[from] Leech Seed|[of] p1a: Whiplash\n|-heal|p1a: Whiplash|66\/100|[silent]\n|upkeep\n|turn|6\n|\n|t:|1700640602\n|move|p1a: Whiplash|Protect|p1a: Whiplash\n|-singleturn|p1a: Whiplash|Protect\n|move|p2a: Braviary|Air Slash|p1a: Whiplash\n|-activate|p1a: Whiplash|move: Protect\n|\n|-heal|p2a: Braviary|94\/100|[from] item: Leftovers\n|-damage|p2a: Braviary|82\/100|[from] Leech Seed|[of] p1a: Whiplash\n|-heal|p1a: Whiplash|81\/100|[silent]\n|upkeep\n|turn|7\n|\n|t:|1700640616\n|switch|p1a: Geoshine|Solrock|66\/100\n|move|p2a: Braviary|Esper Wing|p1a: Geoshine\n|-resisted|p1a: Geoshine\n|-damage|p1a: Geoshine|42\/100\n|-boost|p2a: Braviary|spe|1\n|\n|-heal|p2a: Braviary|88\/100|[from] item: Leftovers\n|-damage|p2a: Braviary|75\/100|[from] Leech Seed|[of] p1a: Geoshine\n|-heal|p1a: Geoshine|54\/100|[silent]\n|upkeep\n|turn|8\n|\n|t:|1700640628\n|switch|p2a: Sylveon|Sylveon, F, shiny|100\/100\n|move|p1a: Geoshine|Rock Slide|p2a: Sylveon\n|-damage|p2a: Sylveon|66\/100\n|\n|upkeep\n|turn|9\n|\n|t:|1700640637\n|switch|p1a: Ironut|Forretress, M|100\/100\n|move|p2a: Sylveon|Yawn|p1a: Ironut\n|-start|p1a: Ironut|move: Yawn|[of] p2a: Sylveon\n|\n|upkeep\n|turn|10\n|\n|t:|1700640647\n|switch|p2a: Primarina|Primarina, M|39\/100\n|move|p1a: Ironut|Toxic Spikes|p2a: Primarina\n|-sidestart|p2: VincentCryox13|move: Toxic Spikes\n|\n|-end|p1a: Ironut|move: Yawn|[silent]\n|-status|p1a: Ironut|slp\n|upkeep\n|turn|11\n|\n|t:|1700640655\n|move|p2a: Primarina|Sparkling Aria|p1a: Ironut\n|-damage|p1a: Ironut|31\/100 slp\n|cant|p1a: Ironut|slp\n|\n|-heal|p1a: Ironut|37\/100 slp|[from] item: Leftovers\n|upkeep\n|turn|12\n|\n|t:|1700640672\n|move|p2a: Primarina|Sparkling Aria|p1a: Ironut\n|-damage|p1a: Ironut|0 fnt\n|faint|p1a: Ironut\n|\n|upkeep\n|\n|t:|1700640685\n|switch|p1a: Whiplash|Ferrothorn, M|81\/100\n|turn|13\n|\n|t:|1700640696\n|move|p2a: Primarina|Flip Turn|p1a: Whiplash\n|-resisted|p1a: Whiplash\n|-damage|p1a: Whiplash|76\/100\n|-damage|p2a: Primarina|27\/100|[from] ability: Iron Barbs|[of] p1a: Whiplash\n|-damage|p2a: Primarina|10\/100|[from] item: Rocky Helmet|[of] p1a: Whiplash\n|\n|t:|1700640704\n|switch|p2a: Braviary|Braviary-Hisui, M, shiny, tera:Flying|75\/100|[from] Flip Turn\n|move|p1a: Whiplash|Leech Seed|p2a: Braviary\n|-start|p2a: Braviary|move: Leech Seed\n|\n|-heal|p2a: Braviary|81\/100|[from] item: Leftovers\n|-damage|p2a: Braviary|69\/100|[from] Leech Seed|[of] p1a: Whiplash\n|-heal|p1a: Whiplash|91\/100|[silent]\n|upkeep\n|turn|14\n|\n|t:|1700640714\n|switch|p1a: Cryosion|Glalie, M|100\/100\n|move|p2a: Braviary|Esper Wing|p1a: Cryosion\n|-crit|p1a: Cryosion\n|-damage|p1a: Cryosion|14\/100\n|-boost|p2a: Braviary|spe|1\n|\n|-heal|p2a: Braviary|75\/100|[from] item: Leftovers\n|-damage|p2a: Braviary|63\/100|[from] Leech Seed|[of] p1a: Cryosion\n|-heal|p1a: Cryosion|29\/100|[silent]\n|upkeep\n|turn|15\n|\n|t:|1700640726\n|detailschange|p1a: Cryosion|Glalie-Mega, M\n|-mega|p1a: Cryosion|Glalie|Glalitite\n|move|p1a: Cryosion|Ice Shard|p2a: Braviary\n|-supereffective|p2a: Braviary\n|-damage|p2a: Braviary|5\/100\n|move|p2a: Braviary|Esper Wing|p1a: Cryosion\n|-damage|p1a: Cryosion|0 fnt\n|-boost|p2a: Braviary|spe|1\n|faint|p1a: Cryosion\n|\n|-heal|p2a: Braviary|12\/100|[from] item: Leftovers\n|upkeep\n|\n|t:|1700640737\n|switch|p1a: Whiplash|Ferrothorn, M|91\/100\n|turn|16\n|\n|t:|1700640741\n|move|p1a: Whiplash|Protect|p1a: Whiplash\n|-singleturn|p1a: Whiplash|Protect\n|move|p2a: Braviary|Air Slash|p1a: Whiplash\n|-activate|p1a: Whiplash|move: Protect\n|\n|-heal|p2a: Braviary|18\/100|[from] item: Leftovers\n|-damage|p2a: Braviary|5\/100|[from] Leech Seed|[of] p1a: Whiplash\n|-heal|p1a: Whiplash|100\/100|[silent]\n|upkeep\n|turn|17\n|\n|t:|1700640751\n|move|p2a: Braviary|Air Slash|p1a: Whiplash\n|-crit|p1a: Whiplash\n|-damage|p1a: Whiplash|41\/100\n|cant|p1a: Whiplash|flinch\n|\n|-heal|p2a: Braviary|11\/100|[from] item: Leftovers\n|-damage|p2a: Braviary|0 fnt|[from] Leech Seed|[of] p1a: Whiplash\n|-heal|p1a: Whiplash|54\/100|[silent]\n|faint|p2a: Braviary\n|upkeep\n|\n|t:|1700640761\n|switch|p2a: Raichu|Raichu-Alola, F|100\/100\n|-status|p2a: Raichu|psn\n|turn|18\n|\n|t:|1700640783\n|move|p2a: Raichu|Light Screen|p2a: Raichu\n|-sidestart|p2: VincentCryox13|move: Light Screen\n|move|p1a: Whiplash|Leech Seed|p2a: Raichu\n|-start|p2a: Raichu|move: Leech Seed\n|\n|-damage|p2a: Raichu|88\/100 psn|[from] Leech Seed|[of] p1a: Whiplash\n|-heal|p1a: Whiplash|65\/100|[silent]\n|-damage|p2a: Raichu|76\/100 psn|[from] psn\n|upkeep\n|turn|19\n|\n|t:|1700640795\n|switch|p2a: Cryogonal|Cryogonal|100\/100\n|move|p1a: Whiplash|Protect||[still]\n|-fail|p1a: Whiplash\n|\n|upkeep\n|turn|20\n|\n|t:|1700640808\n|move|p1a: Whiplash|Leech Seed|p2a: Cryogonal|[miss]\n|-miss|p1a: Whiplash|p2a: Cryogonal\n|move|p2a: Cryogonal|Avalanche|p1a: Whiplash\n|-damage|p1a: Whiplash|55\/100\n|-damage|p2a: Cryogonal|88\/100|[from] ability: Iron Barbs|[of] p1a: Whiplash\n|-damage|p2a: Cryogonal|72\/100|[from] item: Rocky Helmet|[of] p1a: Whiplash\n|\n|upkeep\n|turn|21\n|\n|t:|1700640827\n|move|p2a: Cryogonal|Acid Armor|p2a: Cryogonal\n|-boost|p2a: Cryogonal|def|2\n|move|p1a: Whiplash|Leech Seed|p2a: Cryogonal\n|-start|p2a: Cryogonal|move: Leech Seed\n|\n|-damage|p2a: Cryogonal|59\/100|[from] Leech Seed|[of] p1a: Whiplash\n|-heal|p1a: Whiplash|71\/100|[silent]\n|upkeep\n|turn|22\n|\n|t:|1700640836\n|switch|p2a: Gallade|Gallade, M|100\/100\n|-status|p2a: Gallade|psn\n|move|p1a: Whiplash|Gyro Ball|p2a: Gallade\n|-damage|p2a: Gallade|49\/100 psn\n|\n|-damage|p2a: Gallade|36\/100 psn|[from] psn\n|-sideend|p2: VincentCryox13|move: Light Screen\n|upkeep\n|turn|23\n|\n|t:|1700640848\n|switch|p1a: Comastone|Carbink|100\/100\n|detailschange|p2a: Gallade|Gallade-Mega, M\n|-mega|p2a: Gallade|Gallade|Galladite\n|move|p2a: Gallade|Stone Edge|p1a: Comastone\n|-damage|p1a: Comastone|67\/100\n|\n|-damage|p2a: Gallade|24\/100 psn|[from] psn\n|upkeep\n|turn|24\n|\n|t:|1700640860\n|move|p2a: Gallade|Aqua Cutter|p1a: Comastone\n|-supereffective|p1a: Comastone\n|-damage|p1a: Comastone|16\/100\n|-enditem|p1a: Comastone|Sitrus Berry|[eat]\n|-heal|p1a: Comastone|41\/100|[from] item: Sitrus Berry\n|move|p1a: Comastone|Moonblast|p2a: Gallade\n|-supereffective|p2a: Gallade\n|-damage|p2a: Gallade|0 fnt\n|faint|p2a: Gallade\n|\n|upkeep\n|\n|t:|1700640871\n|switch|p2a: Primarina|Primarina, M|10\/100\n|-status|p2a: Primarina|psn\n|turn|25\n|\n|t:|1700640879\n|move|p2a: Primarina|Flip Turn|p1a: Comastone\n|-supereffective|p1a: Comastone\n|-damage|p1a: Comastone|8\/100\n|\n|t:|1700640883\n|switch|p2a: Sylveon|Sylveon, F, shiny|66\/100|[from] Flip Turn\n|-status|p2a: Sylveon|psn\n|move|p1a: Comastone|Rest|p1a: Comastone\n|-status|p1a: Comastone|slp|[from] move: Rest\n|-heal|p1a: Comastone|100\/100 slp|[silent]\n|\n|-damage|p2a: Sylveon|54\/100 psn|[from] psn\n|upkeep\n|turn|26\n|\n|t:|1700640899\n|move|p2a: Sylveon|Calm Mind|p2a: Sylveon\n|-boost|p2a: Sylveon|spa|1\n|-boost|p2a: Sylveon|spd|1\n|cant|p1a: Comastone|slp\n|move|p1a: Comastone|Sleep Talk|p1a: Comastone\n|move|p1a: Comastone|Rest||[from]move: Sleep Talk|[still]\n|-fail|p1a: Comastone\n|\n|-damage|p2a: Sylveon|41\/100 psn|[from] psn\n|upkeep\n|turn|27\n|\n|t:|1700640910\n|move|p2a: Sylveon|Dazzling Gleam|p1a: Comastone\n|-damage|p1a: Comastone|48\/100 slp\n|cant|p1a: Comastone|slp\n|move|p1a: Comastone|Sleep Talk|p1a: Comastone\n|move|p1a: Comastone|Moonblast|p2a: Sylveon|[from]move: Sleep Talk\n|-damage|p2a: Sylveon|32\/100 psn\n|-unboost|p2a: Sylveon|spa|1\n|\n|-damage|p2a: Sylveon|20\/100 psn|[from] psn\n|upkeep\n|turn|28\n|\n|t:|1700640923\n|switch|p1a: Whiplash|Ferrothorn, M|71\/100\n|move|p2a: Sylveon|Dazzling Gleam|p1a: Whiplash\n|-resisted|p1a: Whiplash\n|-damage|p1a: Whiplash|57\/100\n|\n|-damage|p2a: Sylveon|8\/100 psn|[from] psn\n|upkeep\n|turn|29\n|\n|t:|1700640935\n|move|p1a: Whiplash|Protect|p1a: Whiplash\n|-singleturn|p1a: Whiplash|Protect\n|move|p2a: Sylveon|Dazzling Gleam|p1a: Whiplash\n|-activate|p1a: Whiplash|move: Protect\n|\n|-damage|p2a: Sylveon|0 fnt|[from] psn\n|faint|p2a: Sylveon\n|upkeep\n|\n|t:|1700640945\n|switch|p2a: Raichu|Raichu-Alola, F|76\/100 psn\n|turn|30\n|\n|t:|1700640951\n|move|p2a: Raichu|Calm Mind|p2a: Raichu\n|-boost|p2a: Raichu|spa|1\n|-boost|p2a: Raichu|spd|1\n|move|p1a: Whiplash|Leech Seed|p2a: Raichu\n|-start|p2a: Raichu|move: Leech Seed\n|\n|-damage|p2a: Raichu|64\/100 psn|[from] Leech Seed|[of] p1a: Whiplash\n|-heal|p1a: Whiplash|68\/100|[silent]\n|-damage|p2a: Raichu|51\/100 psn|[from] psn\n|upkeep\n|turn|31\n|\n|t:|1700640961\n|move|p2a: Raichu|Calm Mind|p2a: Raichu\n|-boost|p2a: Raichu|spa|1\n|-boost|p2a: Raichu|spd|1\n|move|p1a: Whiplash|Gyro Ball|p2a: Raichu\n|-resisted|p2a: Raichu\n|-damage|p2a: Raichu|0 fnt\n|faint|p2a: Raichu\n|\n|upkeep\n|\n|t:|1700640969\n|switch|p2a: Primarina|Primarina, M|10\/100 psn\n|turn|32\n|\n|t:|1700640973\n|move|p1a: Whiplash|Protect|p1a: Whiplash\n|-singleturn|p1a: Whiplash|Protect\n|move|p2a: Primarina|Flip Turn|p1a: Whiplash\n|-activate|p1a: Whiplash|move: Protect\n|\n|-damage|p2a: Primarina|0 fnt|[from] psn\n|faint|p2a: Primarina\n|upkeep\n|\n|t:|1700640981\n|switch|p2a: Cryogonal|Cryogonal|59\/100\n|turn|33\n|\n|t:|1700640987\n|move|p2a: Cryogonal|Chilling Water|p1a: Whiplash\n|-resisted|p1a: Whiplash\n|-damage|p1a: Whiplash|63\/100\n|-unboost|p1a: Whiplash|atk|1\n|move|p1a: Whiplash|Gyro Ball|p2a: Cryogonal\n|-supereffective|p2a: Cryogonal\n|-damage|p2a: Cryogonal|0 fnt\n|faint|p2a: Cryogonal\n|\n|win|Keanmon\n|raw|Keanmon's rating: 1000 &rarr; <strong>1048<\/strong><br \/>(+48 for winning)\n|raw|VincentCryox13's rating: 1070 &rarr; <strong>1045<\/strong><br \/>(-25 for losing)\n","uploadtime":1700640992,"views":0,"p1id":"keanmon","p2id":"vincentcryox13","formatid":"gen9nationaldex","rating":1045,"private":0,"password":""}