{"id":"gen9nationaldex-1987403536","p1":"hackilla15","p2":"Dragoncharmer 2023","format":"[Gen 9] National Dex","log":"|j|\u2606hackilla15\n|j|\u2606Dragoncharmer 2023\n|t:|1699586860\n|gametype|singles\n|player|p1|hackilla15|ethan|1200\n|player|p2|Dragoncharmer 2023|cilan|1183\n|teamsize|p1|6\n|teamsize|p2|6\n|gen|9\n|tier|[Gen 9] National Dex\n|rated|\n|rule|HP Percentage Mod: HP is shown in percentages\n|rule|Endless Battle Clause: Forcing endless battles is banned\n|rule|OHKO Clause: OHKO moves are banned\n|rule|Evasion Clause: Evasion abilities, items, and moves are banned\n|rule|Evasion Abilities Clause: Evasion abilities are banned\n|rule|Evasion Items Clause: Evasion items are banned\n|rule|Evasion Moves Clause: Evasion moves are banned\n|rule|Species Clause: Limit one of each Pok\u00e9mon\n|rule|Sleep Clause Mod: Limit one foe put to sleep\n|clearpoke\n|poke|p1|Ting-Lu|\n|poke|p1|Infernape, M|\n|poke|p1|Wo-Chien|\n|poke|p1|Pangoro, M|\n|poke|p1|Drampa, M|\n|poke|p1|Gyarados, F|\n|poke|p2|Swampert, M|\n|poke|p2|Obstagoon, F|\n|poke|p2|Rhyperior, F|\n|poke|p2|Dubwool, M|\n|poke|p2|Charizard, F|\n|poke|p2|Mismagius, F|\n|teampreview\n|inactive|Battle timer is ON: inactive players will automatically lose when time's up. (requested by hackilla15)\n|\n|t:|1699586895\n|start\n|switch|p1a: Pangoro|Pangoro, M|100\/100\n|switch|p2a: Dizzy|Swampert, M|100\/100\n|turn|1\n|\n|t:|1699586902\n|move|p2a: Dizzy|Flip Turn|p1a: Pangoro\n|-damage|p1a: Pangoro|65\/100\n|\n|t:|1699586905\n|switch|p2a: Drake|Charizard, F|100\/100|[from] Flip Turn\n|move|p1a: Pangoro|Knock Off|p2a: Drake\n|-damage|p2a: Drake|51\/100\n|\n|upkeep\n|turn|2\n|\n|t:|1699586914\n|switch|p1a: Ting-Lu|Ting-Lu|100\/100\n|-ability|p1a: Ting-Lu|Vessel of Ruin\n|detailschange|p2a: Drake|Charizard-Mega-Y, F\n|-mega|p2a: Drake|Charizard|Charizardite Y\n|-weather|SunnyDay|[from] ability: Drought|[of] p2a: Drake\n|move|p2a: Drake|Air Slash|p1a: Ting-Lu\n|-damage|p1a: Ting-Lu|75\/100\n|\n|-weather|SunnyDay|[upkeep]\n|-heal|p1a: Ting-Lu|81\/100|[from] item: Leftovers\n|upkeep\n|turn|3\n|\n|t:|1699586925\n|move|p2a: Drake|Solar Beam||[still]\n|-prepare|p2a: Drake|Solar Beam\n|-anim|p2a: Drake|Solar Beam|p1a: Ting-Lu\n|-supereffective|p1a: Ting-Lu\n|-damage|p1a: Ting-Lu|26\/100\n|move|p1a: Ting-Lu|Whirlwind|p2a: Drake\n|drag|p2a: Books|Mismagius, F|100\/100\n|\n|-weather|SunnyDay|[upkeep]\n|-heal|p1a: Ting-Lu|32\/100|[from] item: Leftovers\n|upkeep\n|turn|4\n|\n|t:|1699586934\n|move|p2a: Books|Energy Ball|p1a: Ting-Lu\n|-supereffective|p1a: Ting-Lu\n|-crit|p1a: Ting-Lu\n|-damage|p1a: Ting-Lu|0 fnt\n|faint|p1a: Ting-Lu\n|\n|-weather|SunnyDay|[upkeep]\n|upkeep\n|\n|t:|1699586937\n|switch|p1a: Pangoro|Pangoro, M|65\/100\n|turn|5\n|\n|t:|1699586953\n|switch|p2a: Isaac|Dubwool, M|100\/100\n|-terastallize|p1a: Pangoro|Poison\n|move|p1a: Pangoro|Knock Off|p2a: Isaac\n|-damage|p2a: Isaac|82\/100\n|-enditem|p2a: Isaac|Leftovers|[from] move: Knock Off|[of] p1a: Pangoro\n|\n|-weather|SunnyDay|[upkeep]\n|upkeep\n|turn|6\n|\n|t:|1699586961\n|move|p2a: Isaac|Cotton Guard|p2a: Isaac\n|-boost|p2a: Isaac|def|3\n|move|p1a: Pangoro|Drain Punch|p2a: Isaac\n|-supereffective|p2a: Isaac\n|-damage|p2a: Isaac|70\/100\n|-heal|p1a: Pangoro|71\/100|[from] drain|[of] p2a: Isaac\n|\n|-weather|none\n|upkeep\n|turn|7\n|\n|t:|1699586969\n|move|p2a: Isaac|Zen Headbutt|p1a: Pangoro\n|-supereffective|p1a: Pangoro\n|-damage|p1a: Pangoro|41\/100\n|move|p1a: Pangoro|Poison Jab|p2a: Isaac\n|-damage|p2a: Isaac|63\/100\n|\n|upkeep\n|turn|8\n|\n|t:|1699586975\n|move|p2a: Isaac|Zen Headbutt|p1a: Pangoro\n|-supereffective|p1a: Pangoro\n|-damage|p1a: Pangoro|8\/100\n|move|p1a: Pangoro|Drain Punch|p2a: Isaac\n|-supereffective|p2a: Isaac\n|-damage|p2a: Isaac|49\/100\n|-heal|p1a: Pangoro|14\/100|[from] drain|[of] p2a: Isaac\n|\n|upkeep\n|turn|9\n|\n|t:|1699586984\n|move|p2a: Isaac|Zen Headbutt|p1a: Pangoro\n|-supereffective|p1a: Pangoro\n|-damage|p1a: Pangoro|0 fnt\n|faint|p1a: Pangoro\n|\n|upkeep\n|\n|t:|1699586994\n|switch|p1a: Infernape|Infernape, M|100\/100\n|turn|10\n|\n|t:|1699587000\n|move|p1a: Infernape|Fire Punch|p2a: Isaac\n|-damage|p2a: Isaac|25\/100\n|move|p2a: Isaac|Zen Headbutt|p1a: Infernape\n|-supereffective|p1a: Infernape\n|-damage|p1a: Infernape|56\/100\n|\n|upkeep\n|turn|11\n|\n|t:|1699587008\n|move|p1a: Infernape|Drain Punch|p2a: Isaac\n|-supereffective|p2a: Isaac\n|-damage|p2a: Isaac|0 fnt\n|-heal|p1a: Infernape|71\/100|[from] drain|[of] p2a: Isaac\n|faint|p2a: Isaac\n|\n|upkeep\n|\n|t:|1699587014\n|switch|p2a: Drake|Charizard-Mega-Y, F|51\/100\n|-weather|SunnyDay|[from] ability: Drought|[of] p2a: Drake\n|turn|12\n|\n|t:|1699587018\n|move|p1a: Infernape|Thunder Punch|p2a: Drake\n|-supereffective|p2a: Drake\n|-damage|p2a: Drake|0 fnt\n|faint|p2a: Drake\n|\n|-weather|SunnyDay|[upkeep]\n|upkeep\n|\n|t:|1699587043\n|switch|p2a: Books|Mismagius, F|100\/100\n|turn|13\n|\n|t:|1699587045\n|move|p1a: Infernape|Fire Punch|p2a: Books\n|-damage|p2a: Books|0 fnt\n|faint|p2a: Books\n|\n|-weather|SunnyDay|[upkeep]\n|upkeep\n|\n|t:|1699587050\n|switch|p2a: Peri|Rhyperior, F|100\/100\n|turn|14\n|\n|t:|1699587055\n|-terastallize|p2a: Peri|Dragon\n|move|p1a: Infernape|Drain Punch|p2a: Peri\n|-damage|p2a: Peri|71\/100\n|-heal|p1a: Infernape|93\/100|[from] drain|[of] p2a: Peri\n|move|p2a: Peri|Earthquake|p1a: Infernape\n|-supereffective|p1a: Infernape\n|-damage|p1a: Infernape|0 fnt\n|faint|p1a: Infernape\n|\n|-weather|SunnyDay|[upkeep]\n|upkeep\n|\n|t:|1699587059\n|switch|p1a: Wo-Chien|Wo-Chien|100\/100\n|-ability|p1a: Wo-Chien|Tablets of Ruin\n|turn|15\n|\n|t:|1699587079\n|move|p1a: Wo-Chien|Giga Drain|p2a: Peri\n|-resisted|p2a: Peri\n|-damage|p2a: Peri|57\/100\n|move|p2a: Peri|Swords Dance|p2a: Peri\n|-boost|p2a: Peri|atk|2\n|\n|-weather|SunnyDay|[upkeep]\n|upkeep\n|turn|16\n|\n|t:|1699587085\n|move|p1a: Wo-Chien|Leech Seed|p2a: Peri\n|-start|p2a: Peri|move: Leech Seed\n|move|p2a: Peri|Power-Up Punch|p1a: Wo-Chien\n|-supereffective|p1a: Wo-Chien\n|-damage|p1a: Wo-Chien|65\/100\n|-boost|p2a: Peri|atk|1\n|\n|-weather|none\n|-heal|p1a: Wo-Chien|71\/100|[from] item: Leftovers\n|-damage|p2a: Peri|45\/100|[from] Leech Seed|[of] p1a: Wo-Chien\n|-heal|p1a: Wo-Chien|85\/100|[silent]\n|upkeep\n|turn|17\n|\n|t:|1699587095\n|switch|p2a: Riggs|Obstagoon, F|100\/100\n|move|p1a: Wo-Chien|Ruination|p2a: Riggs\n|-damage|p2a: Riggs|50\/100\n|\n|-heal|p1a: Wo-Chien|91\/100|[from] item: Leftovers\n|upkeep\n|turn|18\n|\n|t:|1699587102\n|move|p2a: Riggs|Taunt|p1a: Wo-Chien\n|-start|p1a: Wo-Chien|move: Taunt\n|cant|p1a: Wo-Chien|move: Taunt|Leech Seed\n|\n|-heal|p1a: Wo-Chien|98\/100|[from] item: Leftovers\n|upkeep\n|turn|19\n|\n|t:|1699587109\n|move|p2a: Riggs|Knock Off|p1a: Wo-Chien\n|-resisted|p1a: Wo-Chien\n|-damage|p1a: Wo-Chien|87\/100\n|-enditem|p1a: Wo-Chien|Leftovers|[from] move: Knock Off|[of] p2a: Riggs\n|move|p1a: Wo-Chien|Giga Drain|p2a: Riggs\n|-damage|p2a: Riggs|20\/100\n|-heal|p1a: Wo-Chien|100\/100|[from] drain|[of] p2a: Riggs\n|\n|upkeep\n|turn|20\n|\n|t:|1699587121\n|move|p2a: Riggs|Body Slam|p1a: Wo-Chien\n|-damage|p1a: Wo-Chien|83\/100\n|move|p1a: Wo-Chien|Giga Drain|p2a: Riggs\n|-damage|p2a: Riggs|0 fnt\n|-heal|p1a: Wo-Chien|93\/100|[from] drain|[of] p2a: Riggs\n|faint|p2a: Riggs\n|\n|-end|p1a: Wo-Chien|move: Taunt\n|upkeep\n|\n|t:|1699587130\n|switch|p2a: Peri|Rhyperior, F, tera:Dragon|45\/100\n|turn|21\n|\n|t:|1699587134\n|move|p1a: Wo-Chien|Leech Seed|p2a: Peri\n|-start|p2a: Peri|move: Leech Seed\n|move|p2a: Peri|Power-Up Punch|p1a: Wo-Chien\n|-supereffective|p1a: Wo-Chien\n|-damage|p1a: Wo-Chien|74\/100\n|-boost|p2a: Peri|atk|1\n|\n|-damage|p2a: Peri|33\/100|[from] Leech Seed|[of] p1a: Wo-Chien\n|-heal|p1a: Wo-Chien|89\/100|[silent]\n|upkeep\n|turn|22\n|-message|Dragoncharmer 2023 forfeited.\n|\n|win|hackilla15\n|raw|hackilla15's rating: 1200 &rarr; <strong>1224<\/strong><br \/>(+24 for winning)\n|raw|Dragoncharmer 2023's rating: 1183 &rarr; <strong>1159<\/strong><br \/>(-24 for losing)\n|l|\u2606Dragoncharmer 2023\n","uploadtime":1699587153,"views":11,"p1id":"hackilla15","p2id":"dragoncharmer2023","formatid":"gen9nationaldex","rating":1159,"private":0,"password":""}