{"id":"gen9nationaldex-1999143747","p1":"Feuertraene","p2":"Huryuijujilo","format":"[Gen 9] National Dex","log":"|html|<div class=\"broadcast-blue\"><strong>[Gen 9] National Dex is currently suspecting Sneasler! For information on how to participate check out the <a href=\"https:\/\/www.smogon.com\/forums\/threads\/sv-national-dex-suspect-8-just-dance.3731534\/\">suspect thread<\/a>.<\/strong><\/div>\n|j|\u2606Feuertraene\n|j|\u2606Huryuijujilo\n|inactive|Battle timer is ON: inactive players will automatically lose when time's up.\n|t:|1701037924\n|gametype|singles\n|player|p1|Feuertraene|cynthia-gen4|\n|player|p2|Huryuijujilo|clown|\n|teamsize|p1|6\n|teamsize|p2|6\n|gen|9\n|tier|[Gen 9] National Dex\n|rated|Tournament battle\n|rule|HP Percentage Mod: HP is shown in percentages\n|rule|Endless Battle Clause: Forcing endless battles is banned\n|rule|OHKO Clause: OHKO moves are banned\n|rule|Evasion Clause: Evasion abilities, items, and moves are banned\n|rule|Evasion Abilities Clause: Evasion abilities are banned\n|rule|Evasion Items Clause: Evasion items are banned\n|rule|Evasion Moves Clause: Evasion moves are banned\n|rule|Species Clause: Limit one of each Pok\u00e9mon\n|rule|Sleep Clause Mod: Limit one foe put to sleep\n|clearpoke\n|poke|p1|Victini|\n|poke|p1|Lopunny, F|\n|poke|p1|Great Tusk|\n|poke|p1|Zapdos|\n|poke|p1|Ting-Lu|\n|poke|p1|Iron Valiant|\n|poke|p2|Venusaur, F|\n|poke|p2|Parasect, F|\n|poke|p2|Heatran, M|\n|poke|p2|Gastrodon-East, M|\n|poke|p2|Moltres|\n|poke|p2|Raticate, F|\n|teampreview\n|inactive|Feuertraene also wants the timer to be on.\n|\n|t:|1701037944\n|start\n|switch|p1a: Lopunny|Lopunny, F|100\/100\n|switch|p2a: Gastrodon|Gastrodon-East, M|100\/100\n|turn|1\n|\n|t:|1701037955\n|switch|p2a: Moltres|Moltres|100\/100\n|detailschange|p1a: Lopunny|Lopunny-Mega, F\n|-mega|p1a: Lopunny|Lopunny|Lopunnite\n|move|p1a: Lopunny|Return|p2a: Moltres\n|-damage|p2a: Moltres|45\/100\n|-status|p1a: Lopunny|brn|[from] ability: Flame Body|[of] p2a: Moltres\n|\n|-damage|p1a: Lopunny|95\/100 brn|[from] brn\n|upkeep\n|turn|2\n|\n|t:|1701037970\n|switch|p1a: Ting-Lu|Ting-Lu|100\/100\n|-ability|p1a: Ting-Lu|Vessel of Ruin\n|move|p2a: Moltres|Roost|p2a: Moltres\n|-heal|p2a: Moltres|96\/100\n|-singleturn|p2a: Moltres|move: Roost\n|\n|upkeep\n|turn|3\n|\n|t:|1701037981\n|switch|p2a: Venusaur|Venusaur, F|100\/100\n|move|p1a: Ting-Lu|Spikes|p2a: Venusaur\n|-sidestart|p2: Huryuijujilo|Spikes\n|\n|upkeep\n|turn|4\n|\n|t:|1701037999\n|detailschange|p2a: Venusaur|Venusaur-Mega, F\n|-mega|p2a: Venusaur|Venusaur|Venusaurite\n|move|p2a: Venusaur|Sleep Powder|p1a: Ting-Lu\n|-status|p1a: Ting-Lu|slp|[from] move: Sleep Powder\n|cant|p1a: Ting-Lu|slp\n|\n|upkeep\n|turn|5\n|\n|t:|1701038007\n|switch|p1a: Zapdos|Zapdos|100\/100\n|move|p2a: Venusaur|Giga Drain|p1a: Zapdos\n|-resisted|p1a: Zapdos\n|-damage|p1a: Zapdos|82\/100\n|\n|upkeep\n|turn|6\n|\n|t:|1701038026\n|switch|p2a: Gastrodon|Gastrodon-East, M|100\/100\n|-damage|p2a: Gastrodon|88\/100|[from] Spikes\n|move|p1a: Zapdos|Hurricane|p2a: Gastrodon\n|-damage|p2a: Gastrodon|51\/100\n|\n|upkeep\n|turn|7\n|j| Ineros\n|\n|t:|1701038034\n|switch|p1a: Lopunny|Lopunny-Mega, F|95\/100 brn\n|move|p2a: Gastrodon|Recover|p2a: Gastrodon\n|-heal|p2a: Gastrodon|100\/100\n|\n|-damage|p1a: Lopunny|89\/100 brn|[from] brn\n|upkeep\n|turn|8\n|\n|t:|1701038051\n|switch|p2a: Moltres|Moltres|96\/100\n|move|p1a: Lopunny|Fake Out|p2a: Moltres\n|-damage|p2a: Moltres|86\/100\n|\n|-damage|p1a: Lopunny|83\/100 brn|[from] brn\n|upkeep\n|turn|9\n|\n|t:|1701038059\n|switch|p1a: Ting-Lu|Ting-Lu|100\/100 slp\n|-ability|p1a: Ting-Lu|Vessel of Ruin\n|move|p2a: Moltres|Defog|p1a: Ting-Lu\n|-unboost|p1a: Ting-Lu|evasion|1\n|-sideend|p2: Huryuijujilo|Spikes|[from] move: Defog|[of] p2a: Moltres\n|\n|upkeep\n|turn|10\n|\n|t:|1701038078\n|switch|p2a: Raticate|Raticate, F|100\/100\n|-curestatus|p1a: Ting-Lu|slp|[msg]\n|move|p1a: Ting-Lu|Stealth Rock|p2a: Raticate\n|-sidestart|p2: Huryuijujilo|move: Stealth Rock\n|\n|-status|p2a: Raticate|brn|[from] item: Flame Orb\n|upkeep\n|turn|11\n|inactive|Huryuijujilo has 120 seconds left.\n|\n|t:|1701038110\n|switch|p2a: Moltres|Moltres|86\/100\n|move|p1a: Ting-Lu|Whirlwind|p2a: Moltres\n|drag|p2a: Heatran|Heatran, M|100\/100\n|-damage|p2a: Heatran|88\/100|[from] Stealth Rock\n|\n|-heal|p2a: Heatran|94\/100|[from] item: Leftovers\n|upkeep\n|turn|12\n|\n|t:|1701038121\n|switch|p2a: Parasect|Parasect, F|100\/100\n|move|p1a: Ting-Lu|Spikes|p2a: Parasect\n|-sidestart|p2: Huryuijujilo|Spikes\n|\n|upkeep\n|turn|13\n|\n|t:|1701038127\n|switch|p1a: Lopunny|Lopunny-Mega, F|83\/100 brn\n|move|p2a: Parasect|Spore||[still]\n|-fail|p2a: Parasect\n|\n|-damage|p1a: Lopunny|77\/100 brn|[from] brn\n|upkeep\n|turn|14\n|l| Ineros\n|\n|t:|1701038150\n|switch|p1a: Iron Valiant|Iron Valiant|100\/100\n|switch|p2a: Moltres|Moltres|86\/100\n|\n|upkeep\n|turn|15\n|\n|t:|1701038157\n|move|p1a: Iron Valiant|Thunderbolt|p2a: Moltres\n|-supereffective|p2a: Moltres\n|-damage|p2a: Moltres|0 fnt\n|faint|p2a: Moltres\n|-damage|p1a: Iron Valiant|91\/100|[from] item: Life Orb\n|\n|upkeep\n|\n|t:|1701038163\n|switch|p2a: Venusaur|Venusaur-Mega, F|100\/100\n|-damage|p2a: Venusaur|88\/100|[from] Stealth Rock\n|-damage|p2a: Venusaur|76\/100|[from] Spikes\n|turn|16\n|\n|t:|1701038184\n|-end|p1a: Iron Valiant|Quark Drive|[silent]\n|switch|p1a: Zapdos|Zapdos|82\/100\n|move|p2a: Venusaur|Sludge Bomb|p1a: Zapdos\n|-damage|p1a: Zapdos|32\/100\n|\n|upkeep\n|turn|17\n|\n|t:|1701038191\n|move|p1a: Zapdos|Hurricane|p2a: Venusaur\n|-supereffective|p2a: Venusaur\n|-damage|p2a: Venusaur|0 fnt\n|faint|p2a: Venusaur\n|\n|upkeep\n|\n|t:|1701038203\n|switch|p2a: Raticate|Raticate, F|100\/100 brn\n|-damage|p2a: Raticate|88\/100 brn|[from] Stealth Rock\n|-damage|p2a: Raticate|76\/100 brn|[from] Spikes\n|turn|18\n|\n|t:|1701038222\n|switch|p1a: Great Tusk|Great Tusk|100\/100\n|move|p2a: Raticate|Facade|p1a: Great Tusk\n|-damage|p1a: Great Tusk|64\/100\n|\n|-heal|p1a: Great Tusk|70\/100|[from] item: Leftovers\n|-damage|p2a: Raticate|70\/100 brn|[from] brn\n|upkeep\n|turn|19\n|\n|t:|1701038231\n|switch|p2a: Parasect|Parasect, F|100\/100\n|move|p1a: Great Tusk|Earthquake|p2a: Parasect\n|-resisted|p2a: Parasect\n|-damage|p2a: Parasect|88\/100\n|\n|-heal|p1a: Great Tusk|76\/100|[from] item: Leftovers\n|upkeep\n|turn|20\n|\n|t:|1701038241\n|-end|p1a: Great Tusk|Protosynthesis|[silent]\n|switch|p1a: Lopunny|Lopunny-Mega, F|77\/100 brn\n|move|p2a: Parasect|Swords Dance|p2a: Parasect\n|-boost|p2a: Parasect|atk|2\n|\n|-damage|p1a: Lopunny|71\/100 brn|[from] brn\n|upkeep\n|turn|21\n|\n|t:|1701038267\n|move|p1a: Lopunny|Return|p2a: Parasect\n|-damage|p2a: Parasect|55\/100\n|move|p2a: Parasect|Leech Life|p1a: Lopunny\n|-resisted|p1a: Lopunny\n|-damage|p1a: Lopunny|38\/100 brn\n|-heal|p2a: Parasect|72\/100|[from] drain|[of] p1a: Lopunny\n|\n|-damage|p1a: Lopunny|32\/100 brn|[from] brn\n|upkeep\n|turn|22\n|\n|t:|1701038278\n|move|p1a: Lopunny|Return|p2a: Parasect\n|-damage|p2a: Parasect|42\/100\n|move|p2a: Parasect|Leech Life|p1a: Lopunny\n|-resisted|p1a: Lopunny\n|-damage|p1a: Lopunny|0 fnt\n|-heal|p2a: Parasect|58\/100|[from] drain|[of] p1a: Lopunny\n|faint|p1a: Lopunny\n|\n|upkeep\n|\n|t:|1701038291\n|switch|p1a: Iron Valiant|Iron Valiant|91\/100\n|turn|23\n|\n|t:|1701038298\n|move|p1a: Iron Valiant|Moonblast|p2a: Parasect\n|-damage|p2a: Parasect|0 fnt\n|faint|p2a: Parasect\n|-damage|p1a: Iron Valiant|81\/100|[from] item: Life Orb\n|\n|upkeep\n|\n|t:|1701038305\n|switch|p2a: Gastrodon|Gastrodon-East, M|100\/100\n|-damage|p2a: Gastrodon|94\/100|[from] Stealth Rock\n|-damage|p2a: Gastrodon|82\/100|[from] Spikes\n|turn|24\n|\n|t:|1701038322\n|move|p1a: Iron Valiant|Knock Off|p2a: Gastrodon\n|-damage|p2a: Gastrodon|49\/100\n|-enditem|p2a: Gastrodon|Expert Belt|[from] move: Knock Off|[of] p1a: Iron Valiant\n|-damage|p1a: Iron Valiant|71\/100|[from] item: Life Orb\n|move|p2a: Gastrodon|Earth Power|p1a: Iron Valiant\n|-damage|p1a: Iron Valiant|13\/100\n|\n|upkeep\n|turn|25\n|\n|t:|1701038332\n|move|p1a: Iron Valiant|Close Combat|p2a: Gastrodon\n|-damage|p2a: Gastrodon|0 fnt\n|-unboost|p1a: Iron Valiant|def|1\n|-unboost|p1a: Iron Valiant|spd|1\n|faint|p2a: Gastrodon\n|-damage|p1a: Iron Valiant|3\/100|[from] item: Life Orb\n|\n|upkeep\n|\n|t:|1701038339\n|switch|p2a: Raticate|Raticate, F|70\/100 brn\n|-damage|p2a: Raticate|57\/100 brn|[from] Stealth Rock\n|-damage|p2a: Raticate|45\/100 brn|[from] Spikes\n|turn|26\n|c|\u2606Huryuijujilo|Gg\n|\n|t:|1701038350\n|-end|p1a: Iron Valiant|Quark Drive|[silent]\n|switch|p1a: Great Tusk|Great Tusk|76\/100\n|move|p2a: Raticate|Quick Attack|p1a: Great Tusk\n|-crit|p1a: Great Tusk\n|-damage|p1a: Great Tusk|61\/100\n|\n|-heal|p1a: Great Tusk|67\/100|[from] item: Leftovers\n|-damage|p2a: Raticate|39\/100 brn|[from] brn\n|upkeep\n|turn|27\n|j| test account dl\n|\n|t:|1701038362\n|-terastallize|p2a: Raticate|Normal\n|move|p2a: Raticate|Facade|p1a: Great Tusk\n|-damage|p1a: Great Tusk|18\/100\n|move|p1a: Great Tusk|Rapid Spin|p2a: Raticate\n|-damage|p2a: Raticate|8\/100 brn\n|-boost|p1a: Great Tusk|spe|1\n|\n|-heal|p1a: Great Tusk|24\/100|[from] item: Leftovers\n|-damage|p2a: Raticate|2\/100 brn|[from] brn\n|upkeep\n|turn|28\n|\n|t:|1701038374\n|move|p2a: Raticate|Quick Attack|p1a: Great Tusk\n|-damage|p1a: Great Tusk|9\/100\n|move|p1a: Great Tusk|Earthquake|p2a: Raticate\n|-damage|p2a: Raticate|0 fnt\n|faint|p2a: Raticate\n|\n|-heal|p1a: Great Tusk|16\/100|[from] item: Leftovers\n|upkeep\n|l| test account dl\n|\n|t:|1701038383\n|switch|p2a: Heatran|Heatran, M|94\/100\n|-damage|p2a: Heatran|82\/100|[from] Stealth Rock\n|-damage|p2a: Heatran|70\/100|[from] Spikes\n|turn|29\n|\n|t:|1701038388\n|move|p1a: Great Tusk|Earthquake|p2a: Heatran\n|-supereffective|p2a: Heatran\n|-damage|p2a: Heatran|0 fnt\n|faint|p2a: Heatran\n|\n|win|Feuertraene\n|n|\u2606Feuertraene|feuertraene\n|n|\u2606Huryuijujilo|huryuijujilo\n","uploadtime":1701038389,"views":2,"p1id":"feuertraene","p2id":"huryuijujilo","formatid":"gen9nationaldex","rating":0,"private":0,"password":""}