{"id":"gen9nationaldex-1996598586","p1":"Tunderboltz456","p2":"The Kitten Boy","format":"[Gen 9] National Dex","log":"|html|<div class=\"broadcast-blue\"><strong>[Gen 9] National Dex is currently suspecting Sneasler! For information on how to participate check out the <a href=\"https:\/\/www.smogon.com\/forums\/threads\/sv-national-dex-suspect-8-just-dance.3731534\/\">suspect thread<\/a>.<\/strong><\/div>\n|j|\u2606Tunderboltz456\n|j|\u2606The Kitten Boy\n|inactive|Battle timer is ON: inactive players will automatically lose when time's up.\n|t:|1700698885\n|gametype|singles\n|player|p1|Tunderboltz456|guzma|\n|player|p2|The Kitten Boy|kieran-festival|\n|teamsize|p1|6\n|teamsize|p2|6\n|gen|9\n|tier|[Gen 9] National Dex\n|rated|Tournament battle\n|rule|HP Percentage Mod: HP is shown in percentages\n|rule|Endless Battle Clause: Forcing endless battles is banned\n|rule|OHKO Clause: OHKO moves are banned\n|rule|Evasion Clause: Evasion abilities, items, and moves are banned\n|rule|Evasion Abilities Clause: Evasion abilities are banned\n|rule|Evasion Items Clause: Evasion items are banned\n|rule|Evasion Moves Clause: Evasion moves are banned\n|rule|Species Clause: Limit one of each Pok\u00e9mon\n|rule|Sleep Clause Mod: Limit one foe put to sleep\n|clearpoke\n|poke|p1|Haxorus, M|\n|poke|p1|Hatterene, F|\n|poke|p1|Aegislash, M|\n|poke|p1|Ogerpon-Cornerstone, F|\n|poke|p1|Urshifu-*, M|\n|poke|p1|Charizard, M|\n|poke|p2|Tapu Koko|\n|poke|p2|Iron Valiant|\n|poke|p2|Sneasler, F|\n|poke|p2|Iron Moth|\n|poke|p2|Landorus-Therian, M|\n|poke|p2|Scizor, M|\n|teampreview\n|inactive|Tunderboltz456 also wants the timer to be on.\n|j| 1oao\n|j| Always Edgy\n|c|\u2606Tunderboltz456|N tinha assim\n|c|\u2606The Kitten Boy|meow\n|j|%Drampa\u5927Raivoso\n|c|\u2606Tunderboltz456|NADA mais original doq sample de Terreno j?\n|inactive|Tunderboltz456 has 120 seconds left.\n|c|\u2606The Kitten Boy|original sim\n|c|\u2606Tunderboltz456|Um HO, um Wall sla\n|\n|t:|1700698925\n|start\n|switch|p1a: Urshifu|Urshifu-Rapid-Strike, M|100\/100\n|switch|p2a: Intimidate Gliscor|Landorus-Therian, M, shiny|100\/100\n|-ability|p2a: Intimidate Gliscor|Intimidate|boost\n|-unboost|p1a: Urshifu|atk|1\n|turn|1\n|c|\u2606The Kitten Boy|melhor n\u00e3o\n|c|\u2606The Kitten Boy|e esssa sample foi modificada umas 30 vezes por mim\n|\n|t:|1700698947\n|switch|p2a: Atack Forretress|Scizor, M, shiny|100\/100\n|move|p1a: Urshifu|Surging Strikes|p2a: Atack Forretress\n|-crit|p2a: Atack Forretress\n|-damage|p2a: Atack Forretress|84\/100\n|-crit|p2a: Atack Forretress\n|-damage|p2a: Atack Forretress|67\/100\n|-crit|p2a: Atack Forretress\n|-damage|p2a: Atack Forretress|51\/100\n|-hitcount|p2a: Atack Forretress|3\n|\n|upkeep\n|turn|2\n|j| Riquelme 14\n|c|\u2606Tunderboltz456|Primeiro cabe\u00e7a q n deixa o Landorus morrer\n|\n|t:|1700698964\n|switch|p1a: Charizard|Charizard, M|100\/100\n|detailschange|p2a: Atack Forretress|Scizor-Mega, M, shiny\n|-mega|p2a: Atack Forretress|Scizor|Scizorite\n|move|p2a: Atack Forretress|Roost|p2a: Atack Forretress\n|-heal|p2a: Atack Forretress|100\/100\n|-singleturn|p2a: Atack Forretress|move: Roost\n|\n|upkeep\n|turn|3\n|\n|t:|1700698969\n|switch|p2a: Intimidate Gliscor|Landorus-Therian, M, shiny|100\/100\n|-ability|p2a: Intimidate Gliscor|Intimidate|boost\n|-unboost|p1a: Charizard|atk|1\n|detailschange|p1a: Charizard|Charizard-Mega-Y, M\n|-mega|p1a: Charizard|Charizard|Charizardite Y\n|-weather|SunnyDay|[from] ability: Drought|[of] p1a: Charizard\n|move|p1a: Charizard|Fire Blast|p2a: Intimidate Gliscor\n|-damage|p2a: Intimidate Gliscor|0 fnt\n|faint|p2a: Intimidate Gliscor\n|\n|-weather|SunnyDay|[upkeep]\n|upkeep\n|\n|t:|1700698972\n|switch|p2a: PiuPiu|Tapu Koko, shiny|100\/100\n|-fieldstart|move: Electric Terrain|[from] ability: Electric Surge|[of] p2a: PiuPiu\n|turn|4\n|c|\u2606Tunderboltz456|Falei cedo dms\n|\n|t:|1700698979\n|move|p2a: PiuPiu|U-turn|p1a: Charizard\n|-resisted|p1a: Charizard\n|-damage|p1a: Charizard|95\/100\n|\n|t:|1700698982\n|switch|p2a: No QuiverDance?|Iron Moth, shiny|100\/100|[from] U-turn\n|-activate|p2a: No QuiverDance?|ability: Quark Drive\n|-start|p2a: No QuiverDance?|quarkdrivespe\n|move|p1a: Charizard|Fire Blast|p2a: No QuiverDance?\n|-resisted|p2a: No QuiverDance?\n|-damage|p2a: No QuiverDance?|55\/100\n|\n|-weather|SunnyDay|[upkeep]\n|upkeep\n|turn|5\n|c|\u2606Tunderboltz456|HEHEHEHEHEHE\n|\n|t:|1700698987\n|move|p2a: No QuiverDance?|Sludge Wave|p1a: Charizard\n|-damage|p1a: Charizard|44\/100\n|move|p1a: Charizard|Air Slash|p2a: No QuiverDance?\n|-damage|p2a: No QuiverDance?|10\/100\n|\n|-weather|SunnyDay|[upkeep]\n|upkeep\n|turn|6\n|\n|t:|1700698991\n|move|p2a: No QuiverDance?|Fiery Dance|p1a: Charizard\n|-resisted|p1a: Charizard\n|-damage|p1a: Charizard|15\/100\n|move|p1a: Charizard|Air Slash|p2a: No QuiverDance?\n|-damage|p2a: No QuiverDance?|0 fnt\n|faint|p2a: No QuiverDance?\n|-end|p2a: No QuiverDance?|Quark Drive|[silent]\n|\n|-weather|SunnyDay|[upkeep]\n|upkeep\n|c|\u2606Tunderboltz456|Nonono amigo\n|c|\u2606Tunderboltz456|Aegislash n pisa na arena t\u00e3o cedo\n|c|\u2606The Kitten Boy|vai me dar o parador de scizor assim mesmo?\n|\n|t:|1700699009\n|switch|p2a: N\u00e3o-Bin\u00e1rie|Iron Valiant, shiny|100\/100\n|-activate|p2a: N\u00e3o-Bin\u00e1rie|ability: Quark Drive\n|-start|p2a: N\u00e3o-Bin\u00e1rie|quarkdrivespe\n|turn|7\n|c|\u2606Tunderboltz456|Ser\u00e1 q eu so tenho ele?\n|\n|t:|1700699022\n|move|p2a: N\u00e3o-Bin\u00e1rie|Thunderbolt|p1a: Charizard\n|-supereffective|p1a: Charizard\n|-damage|p1a: Charizard|0 fnt\n|faint|p1a: Charizard\n|\n|-weather|none\n|upkeep\n|\n|t:|1700699023\n|switch|p1a: Haxorus|Haxorus, M, shiny|100\/100\n|-ability|p1a: Haxorus|Mold Breaker\n|turn|8\n|\n|t:|1700699026\n|-terastallize|p1a: Haxorus|Poison\n|move|p2a: N\u00e3o-Bin\u00e1rie|Psyshock|p1a: Haxorus\n|-supereffective|p1a: Haxorus\n|-damage|p1a: Haxorus|34\/100\n|move|p1a: Haxorus|Poison Jab|p2a: N\u00e3o-Bin\u00e1rie\n|-supereffective|p2a: N\u00e3o-Bin\u00e1rie\n|-damage|p2a: N\u00e3o-Bin\u00e1rie|0 fnt\n|faint|p2a: N\u00e3o-Bin\u00e1rie\n|-end|p2a: N\u00e3o-Bin\u00e1rie|Quark Drive|[silent]\n|\n|upkeep\n|\n|t:|1700699031\n|switch|p2a: Hawlucha s\u00f3q bom|Sneasler, F, shiny|100\/100\n|-enditem|p2a: Hawlucha s\u00f3q bom|Electric Seed\n|-boost|p2a: Hawlucha s\u00f3q bom|def|1|[from] item: Electric Seed\n|turn|9\n|\n|t:|1700699033\n|move|p2a: Hawlucha s\u00f3q bom|Dire Claw|p1a: Haxorus\n|-resisted|p1a: Haxorus\n|-damage|p1a: Haxorus|5\/100\n|move|p1a: Haxorus|Outrage|p2a: Hawlucha s\u00f3q bom\n|-damage|p2a: Hawlucha s\u00f3q bom|19\/100\n|\n|upkeep\n|turn|10\n|\n|t:|1700699035\n|move|p2a: Hawlucha s\u00f3q bom|Acrobatics|p1a: Haxorus\n|-damage|p1a: Haxorus|0 fnt\n|faint|p1a: Haxorus\n|\n|upkeep\n|\n|t:|1700699038\n|switch|p1a: Aegislash|Aegislash, M|100\/100\n|turn|11\n|\n|t:|1700699041\n|move|p2a: Hawlucha s\u00f3q bom|Acrobatics|p1a: Aegislash\n|-resisted|p1a: Aegislash\n|-damage|p1a: Aegislash|83\/100\n|-formechange|p1a: Aegislash|Aegislash-Blade||[from] ability: Stance Change\n|move|p1a: Aegislash|Shadow Ball|p2a: Hawlucha s\u00f3q bom\n|-damage|p2a: Hawlucha s\u00f3q bom|0 fnt\n|faint|p2a: Hawlucha s\u00f3q bom\n|\n|-fieldend|move: Electric Terrain\n|upkeep\n|\n|t:|1700699042\n|switch|p2a: Atack Forretress|Scizor-Mega, M, shiny|100\/100\n|turn|12\n|\n|t:|1700699050\n|-formechange|p1a: Aegislash|Aegislash||[from] ability: Stance Change\n|move|p1a: Aegislash|King's Shield|p1a: Aegislash\n|-singleturn|p1a: Aegislash|Protect\n|move|p2a: Atack Forretress|Swords Dance|p2a: Atack Forretress\n|-boost|p2a: Atack Forretress|atk|2\n|\n|upkeep\n|turn|13\n|\n|t:|1700699052\n|move|p2a: Atack Forretress|Swords Dance|p2a: Atack Forretress\n|-boost|p2a: Atack Forretress|atk|2\n|-formechange|p1a: Aegislash|Aegislash-Blade||[from] ability: Stance Change\n|move|p1a: Aegislash|Shadow Ball|p2a: Atack Forretress\n|-damage|p2a: Atack Forretress|59\/100\n|\n|upkeep\n|turn|14\n|\n|t:|1700699054\n|move|p2a: Atack Forretress|Roost|p2a: Atack Forretress\n|-heal|p2a: Atack Forretress|100\/100\n|-singleturn|p2a: Atack Forretress|move: Roost\n|move|p1a: Aegislash|Shadow Ball|p2a: Atack Forretress\n|-damage|p2a: Atack Forretress|56\/100\n|\n|upkeep\n|turn|15\n|\n|t:|1700699057\n|move|p2a: Atack Forretress|Swords Dance|p2a: Atack Forretress\n|-boost|p2a: Atack Forretress|atk|2\n|move|p1a: Aegislash|Shadow Ball|p2a: Atack Forretress\n|-damage|p2a: Atack Forretress|16\/100\n|-unboost|p2a: Atack Forretress|spd|1\n|\n|upkeep\n|turn|16\n|\n|t:|1700699061\n|move|p1a: Aegislash|Shadow Sneak|p2a: Atack Forretress\n|-damage|p2a: Atack Forretress|4\/100\n|move|p2a: Atack Forretress|Roost|p2a: Atack Forretress\n|-heal|p2a: Atack Forretress|54\/100\n|-singleturn|p2a: Atack Forretress|move: Roost\n|\n|upkeep\n|turn|17\n|c| 1oao|s\u00f3 eu acho genial os nick dos pokemon do kitten?\n|\n|t:|1700699063\n|move|p2a: Atack Forretress|Bullet Punch|p1a: Aegislash\n|-resisted|p1a: Aegislash\n|-damage|p1a: Aegislash|0 fnt\n|faint|p1a: Aegislash\n|\n|upkeep\n|\n|t:|1700699065\n|switch|p1a: Urshifu|Urshifu-Rapid-Strike, M|100\/100\n|turn|18\n|\n|t:|1700699067\n|move|p2a: Atack Forretress|Bullet Punch|p1a: Urshifu\n|-resisted|p1a: Urshifu\n|-damage|p1a: Urshifu|42\/100\n|move|p1a: Urshifu|Surging Strikes|p2a: Atack Forretress\n|-crit|p2a: Atack Forretress\n|-damage|p2a: Atack Forretress|42\/100\n|-crit|p2a: Atack Forretress\n|-damage|p2a: Atack Forretress|31\/100\n|-crit|p2a: Atack Forretress\n|-damage|p2a: Atack Forretress|18\/100\n|-hitcount|p2a: Atack Forretress|3\n|\n|upkeep\n|turn|19\n|\n|t:|1700699069\n|move|p2a: Atack Forretress|Bullet Punch|p1a: Urshifu\n|-resisted|p1a: Urshifu\n|-damage|p1a: Urshifu|0 fnt\n|faint|p1a: Urshifu\n|\n|upkeep\n|\n|t:|1700699070\n|switch|p1a: Ogerpon|Ogerpon-Cornerstone, F|100\/100\n|turn|20\n|\n|t:|1700699072\n|move|p2a: Atack Forretress|Bullet Punch|p1a: Ogerpon\n|-supereffective|p1a: Ogerpon\n|-ability|p1a: Ogerpon|Sturdy\n|-damage|p1a: Ogerpon|1\/100\n|move|p1a: Ogerpon|Ivy Cudgel|p2a: Atack Forretress|[anim] Ivy Cudgel Rock\n|-damage|p2a: Atack Forretress|0 fnt\n|faint|p2a: Atack Forretress\n|\n|upkeep\n|\n|t:|1700699073\n|switch|p2a: PiuPiu|Tapu Koko, shiny|100\/100\n|-fieldstart|move: Electric Terrain|[from] ability: Electric Surge|[of] p2a: PiuPiu\n|turn|21\n|\n|t:|1700699076\n|move|p2a: PiuPiu|U-turn|p1a: Ogerpon\n|-supereffective|p1a: Ogerpon\n|-damage|p1a: Ogerpon|0 fnt\n|faint|p1a: Ogerpon\n|\n|upkeep\n|\n|t:|1700699078\n|switch|p1a: Hatterene|Hatterene, F|100\/100\n|turn|22\n|c|\u2606Tunderboltz456|E agr\n|\n|t:|1700699087\n|move|p2a: PiuPiu|Thunderbolt|p1a: Hatterene\n|-damage|p1a: Hatterene|48\/100\n|-status|p1a: Hatterene|par\n|move|p1a: Hatterene|Draining Kiss|p2a: PiuPiu\n|-damage|p2a: PiuPiu|66\/100\n|-heal|p1a: Hatterene|71\/100 par|[from] drain|[of] p2a: PiuPiu\n|\n|-heal|p1a: Hatterene|77\/100 par|[from] item: Leftovers\n|upkeep\n|turn|23\n|\n|t:|1700699090\n|move|p2a: PiuPiu|Thunderbolt|p1a: Hatterene\n|-damage|p1a: Hatterene|28\/100 par\n|cant|p1a: Hatterene|par\n|\n|-heal|p1a: Hatterene|34\/100 par|[from] item: Leftovers\n|upkeep\n|turn|24\n|\n|t:|1700699092\n|move|p2a: PiuPiu|Thunderbolt|p1a: Hatterene\n|-damage|p1a: Hatterene|0 fnt\n|faint|p1a: Hatterene\n|\n|win|The Kitten Boy\n|n|\u2606Tunderboltz456|tunderboltz456\n|n|\u2606The Kitten Boy|thekittenboy\n|n| 1oao|1oao\n|n| Always Edgy|alwaysedgy\n|n| Drampa\u5927Raivoso|dramparaivoso\n|n| Riquelme 14|riquelme14\n","uploadtime":1700699094,"views":1,"p1id":"tunderboltz456","p2id":"thekittenboy","formatid":"gen9nationaldex","rating":0,"private":0,"password":""}