{"id":"gen9nationaldex-1999658424","p1":"pablo86420","p2":"mcelong","format":"[Gen 9] National Dex","log":"|html|<div class=\"broadcast-blue\"><strong>[Gen 9] National Dex is currently suspecting Sneasler! For information on how to participate check out the <a href=\"https:\/\/www.smogon.com\/forums\/threads\/sv-national-dex-suspect-8-just-dance.3731534\/\">suspect thread<\/a>.<\/strong><\/div>\n|j|\u2606pablo86420\n|j|\u2606mcelong\n|t:|1701105311\n|gametype|singles\n|player|p1|pablo86420|2|1370\n|player|p2|mcelong|fisherman-gen4|1355\n|teamsize|p1|6\n|teamsize|p2|6\n|gen|9\n|tier|[Gen 9] National Dex\n|rated|\n|rule|HP Percentage Mod: HP is shown in percentages\n|rule|Endless Battle Clause: Forcing endless battles is banned\n|rule|OHKO Clause: OHKO moves are banned\n|rule|Evasion Clause: Evasion abilities, items, and moves are banned\n|rule|Evasion Abilities Clause: Evasion abilities are banned\n|rule|Evasion Items Clause: Evasion items are banned\n|rule|Evasion Moves Clause: Evasion moves are banned\n|rule|Species Clause: Limit one of each Pok\u00e9mon\n|rule|Sleep Clause Mod: Limit one foe put to sleep\n|clearpoke\n|poke|p1|Alomomola, M|\n|poke|p1|Corviknight, M|\n|poke|p1|Lopunny, F|\n|poke|p1|Ting-Lu|\n|poke|p1|Zapdos|\n|poke|p1|Clodsire, M|\n|poke|p2|Charizard, F|\n|poke|p2|Alomomola, M|\n|poke|p2|Toxapex, F|\n|poke|p2|Rillaboom, F|\n|poke|p2|Ogerpon-Cornerstone, F|\n|poke|p2|Great Tusk|\n|teampreview\n|inactive|Battle timer is ON: inactive players will automatically lose when time's up. (requested by pablo86420)\n|\n|t:|1701105326\n|start\n|switch|p1a: Lopunny|Lopunny, F|100\/100\n|switch|p2a: Charizard|Charizard, F|100\/100\n|turn|1\n|\n|t:|1701105338\n|detailschange|p1a: Lopunny|Lopunny-Mega, F\n|-mega|p1a: Lopunny|Lopunny|Lopunnite\n|detailschange|p2a: Charizard|Charizard-Mega-Y, F\n|-mega|p2a: Charizard|Charizard|Charizardite Y\n|-weather|SunnyDay|[from] ability: Drought|[of] p2a: Charizard\n|move|p1a: Lopunny|Fake Out|p2a: Charizard\n|-damage|p2a: Charizard|71\/100\n|cant|p2a: Charizard|flinch\n|\n|-weather|SunnyDay|[upkeep]\n|upkeep\n|turn|2\n|\n|t:|1701105356\n|switch|p2a: Alomomola|Alomomola, M|100\/100\n|move|p1a: Lopunny|Frustration|p2a: Alomomola\n|-damage|p2a: Alomomola|70\/100\n|\n|-weather|SunnyDay|[upkeep]\n|upkeep\n|turn|3\n|\n|t:|1701105368\n|move|p1a: Lopunny|U-turn|p2a: Alomomola\n|-damage|p2a: Alomomola|57\/100\n|\n|t:|1701105380\n|switch|p1a: Zapdos|Zapdos|100\/100|[from] U-turn\n|move|p2a: Alomomola|Wish|p2a: Alomomola\n|\n|-weather|SunnyDay|[upkeep]\n|upkeep\n|turn|4\n|l|\u2606mcelong\n|inactive|mcelong disconnected and has a minute to reconnect!\n|player|p2|\n|inactive|pablo86420 has 120 seconds left.\n|j|\u2606mcelong\n|inactive|mcelong reconnected and has 125 seconds left.\n|player|p2|mcelong|fisherman-gen4\n|inactive|mcelong has 120 seconds left.\n|\n|t:|1701105420\n|move|p2a: Alomomola|Protect|p2a: Alomomola\n|-singleturn|p2a: Alomomola|Protect\n|move|p1a: Zapdos|Thunderbolt|p2a: Alomomola\n|-activate|p2a: Alomomola|move: Protect\n|\n|-weather|SunnyDay|[upkeep]\n|-heal|p2a: Alomomola|100\/100|[from] move: Wish|[wisher] Alomomola\n|upkeep\n|turn|5\n|inactive|mcelong has 120 seconds left.\n|\n|t:|1701105429\n|switch|p2a: Great Tusk|Great Tusk|100\/100\n|-activate|p2a: Great Tusk|ability: Protosynthesis\n|-start|p2a: Great Tusk|protosynthesisatk\n|move|p1a: Zapdos|Thunderbolt|p2a: Great Tusk\n|-immune|p2a: Great Tusk\n|\n|-weather|none\n|-end|p2a: Great Tusk|Protosynthesis\n|upkeep\n|turn|6\n|inactive|pablo86420 has 120 seconds left.\n|inactive|mcelong has 120 seconds left.\n|\n|t:|1701105441\n|-zpower|p1a: Zapdos\n|move|p1a: Zapdos|Supersonic Skystrike|p2a: Great Tusk|[zeffect]\n|-supereffective|p2a: Great Tusk\n|-damage|p2a: Great Tusk|0 fnt\n|faint|p2a: Great Tusk\n|-end|p2a: Great Tusk|Protosynthesis|[silent]\n|\n|upkeep\n|inactive|mcelong has 120 seconds left.\n|\n|t:|1701105453\n|switch|p2a: Ogerpon|Ogerpon-Cornerstone, F|100\/100\n|turn|7\n|inactive|mcelong has 120 seconds left.\n|\n|t:|1701105465\n|switch|p1a: Corviknight|Corviknight, M|100\/100\n|-ability|p1a: Corviknight|Pressure\n|move|p2a: Ogerpon|Swords Dance|p2a: Ogerpon\n|-boost|p2a: Ogerpon|atk|2\n|\n|upkeep\n|turn|8\n|inactive|mcelong has 120 seconds left.\n|\n|t:|1701105475\n|move|p2a: Ogerpon|Ivy Cudgel|p1a: Corviknight|[anim] Ivy Cudgel Rock\n|-crit|p1a: Corviknight\n|-damage|p1a: Corviknight|4\/100\n|move|p1a: Corviknight|U-turn|p2a: Ogerpon\n|-supereffective|p2a: Ogerpon\n|-damage|p2a: Ogerpon|62\/100\n|\n|t:|1701105493\n|switch|p1a: Lopunny|Lopunny-Mega, F|100\/100|[from] U-turn\n|\n|upkeep\n|turn|9\n|inactive|pablo86420 has 120 seconds left.\n|c|\u2606mcelong|quick\n|\n|t:|1701105525\n|switch|p2a: Alomomola|Alomomola, M|100\/100\n|move|p1a: Lopunny|Close Combat|p2a: Alomomola\n|-damage|p2a: Alomomola|65\/100\n|-unboost|p1a: Lopunny|def|1\n|-unboost|p1a: Lopunny|spd|1\n|\n|upkeep\n|turn|10\n|\n|t:|1701105538\n|move|p1a: Lopunny|U-turn|p2a: Alomomola\n|-damage|p2a: Alomomola|52\/100\n|inactive|pablo86420 has 90 seconds left.\n|\n|t:|1701105570\n|switch|p1a: Zapdos|Zapdos|100\/100|[from] U-turn\n|move|p2a: Alomomola|Toxic|p1a: Zapdos\n|-status|p1a: Zapdos|tox\n|\n|-damage|p1a: Zapdos|94\/100 tox|[from] psn\n|upkeep\n|turn|11\n|inactive|pablo86420 has 90 seconds left.\n|\n|t:|1701105582\n|move|p2a: Alomomola|Protect|p2a: Alomomola\n|-singleturn|p2a: Alomomola|Protect\n|move|p1a: Zapdos|Volt Switch|p2a: Alomomola\n|-activate|p2a: Alomomola|move: Protect\n|\n|-damage|p1a: Zapdos|82\/100 tox|[from] psn\n|upkeep\n|turn|12\n|\n|t:|1701105604\n|-terastallize|p2a: Alomomola|Dragon\n|move|p1a: Zapdos|Volt Switch|p2a: Alomomola\n|-resisted|p2a: Alomomola\n|-damage|p2a: Alomomola|31\/100\n|inactive|pablo86420 has 90 seconds left.\n|\n|t:|1701105632\n|switch|p1a: Ting-Lu|Ting-Lu|100\/100|[from] Volt Switch\n|-ability|p1a: Ting-Lu|Vessel of Ruin\n|move|p2a: Alomomola|Wish|p2a: Alomomola\n|\n|upkeep\n|turn|13\n|\n|t:|1701105645\n|move|p2a: Alomomola|Protect|p2a: Alomomola\n|-singleturn|p2a: Alomomola|Protect\n|move|p1a: Ting-Lu|Stealth Rock|p2a: Alomomola\n|-sidestart|p2: mcelong|move: Stealth Rock\n|\n|-heal|p2a: Alomomola|81\/100|[from] move: Wish|[wisher] Alomomola\n|upkeep\n|turn|14\n|inactive|pablo86420 has 90 seconds left.\n|\n|t:|1701105650\n|move|p2a: Alomomola|Toxic|p1a: Ting-Lu\n|-status|p1a: Ting-Lu|tox\n|move|p1a: Ting-Lu|Ruination|p2a: Alomomola\n|-damage|p2a: Alomomola|41\/100\n|\n|-damage|p1a: Ting-Lu|94\/100 tox|[from] psn\n|upkeep\n|turn|15\n|inactive|mcelong has 120 seconds left.\n|\n|t:|1701105690\n|move|p2a: Alomomola|Wish|p2a: Alomomola\n|move|p1a: Ting-Lu|Whirlwind|p2a: Alomomola\n|drag|p2a: Charizard|Charizard-Mega-Y, F|71\/100\n|-damage|p2a: Charizard|21\/100|[from] Stealth Rock\n|-weather|SunnyDay|[from] ability: Drought|[of] p2a: Charizard\n|\n|-weather|SunnyDay|[upkeep]\n|-heal|p1a: Ting-Lu|100\/100 tox|[from] item: Leftovers\n|-damage|p1a: Ting-Lu|88\/100 tox|[from] psn\n|upkeep\n|turn|16\n|inactive|mcelong has 120 seconds left.\n|\n|t:|1701105703\n|move|p2a: Charizard|Overheat|p1a: Ting-Lu\n|-damage|p1a: Ting-Lu|35\/100 tox\n|-unboost|p2a: Charizard|spa|2\n|move|p1a: Ting-Lu|Whirlwind|p2a: Charizard\n|drag|p2a: Rillaboom|Rillaboom, F|100\/100\n|-damage|p2a: Rillaboom|88\/100|[from] Stealth Rock\n|-fieldstart|move: Grassy Terrain|[from] ability: Grassy Surge|[of] p2a: Rillaboom\n|\n|-weather|SunnyDay|[upkeep]\n|-heal|p2a: Rillaboom|100\/100|[from] move: Wish|[wisher] Alomomola\n|-heal|p1a: Ting-Lu|42\/100 tox|[from] Grassy Terrain\n|-heal|p1a: Ting-Lu|48\/100 tox|[from] item: Leftovers\n|-damage|p1a: Ting-Lu|29\/100 tox|[from] psn\n|upkeep\n|turn|17\n|inactive|mcelong has 120 seconds left.\n|inactive|pablo86420 has 90 seconds left.\n|\n|t:|1701105734\n|move|p2a: Rillaboom|Wood Hammer|p1a: Ting-Lu\n|-supereffective|p1a: Ting-Lu\n|-damage|p1a: Ting-Lu|0 fnt\n|faint|p1a: Ting-Lu\n|-damage|p2a: Rillaboom|88\/100|[from] Recoil\n|\n|-weather|SunnyDay|[upkeep]\n|-heal|p2a: Rillaboom|94\/100|[from] Grassy Terrain\n|upkeep\n|\n|t:|1701105744\n|switch|p1a: Lopunny|Lopunny-Mega, F|100\/100\n|turn|18\n|inactive|mcelong has 120 seconds left.\n|\n|t:|1701105754\n|switch|p2a: Toxapex|Toxapex, F|100\/100\n|-damage|p2a: Toxapex|88\/100|[from] Stealth Rock\n|move|p1a: Lopunny|Fake Out|p2a: Toxapex\n|-damage|p2a: Toxapex|71\/100\n|\n|-weather|SunnyDay|[upkeep]\n|-heal|p2a: Toxapex|77\/100|[from] Grassy Terrain\n|-heal|p2a: Toxapex|83\/100|[from] item: Leftovers\n|upkeep\n|turn|19\n|\n|t:|1701105760\n|move|p1a: Lopunny|U-turn|p2a: Toxapex\n|-resisted|p2a: Toxapex\n|-damage|p2a: Toxapex|74\/100\n|\n|t:|1701105764\n|switch|p1a: Alomomola|Alomomola, M|100\/100|[from] U-turn\n|move|p2a: Toxapex|Toxic|p1a: Alomomola\n|-status|p1a: Alomomola|tox\n|\n|-weather|none\n|-heal|p2a: Toxapex|80\/100|[from] Grassy Terrain\n|-heal|p2a: Toxapex|86\/100|[from] item: Leftovers\n|-damage|p1a: Alomomola|94\/100 tox|[from] psn\n|upkeep\n|turn|20\n|inactive|pablo86420 has 90 seconds left.\n|\n|t:|1701105776\n|switch|p2a: Alomomola|Alomomola, M, tera:Dragon|74\/100\n|move|p1a: Alomomola|Wish|p1a: Alomomola\n|\n|-heal|p2a: Alomomola|80\/100|[from] Grassy Terrain\n|-heal|p1a: Alomomola|100\/100 tox|[from] Grassy Terrain\n|-damage|p1a: Alomomola|88\/100 tox|[from] psn\n|-fieldend|move: Grassy Terrain\n|upkeep\n|turn|21\n|\n|t:|1701105785\n|move|p2a: Alomomola|Protect|p2a: Alomomola\n|-singleturn|p2a: Alomomola|Protect\n|move|p1a: Alomomola|Flip Turn|p2a: Alomomola\n|-activate|p2a: Alomomola|move: Protect\n|\n|-heal|p1a: Alomomola|100\/100 tox|[from] move: Wish|[wisher] Alomomola\n|-damage|p1a: Alomomola|82\/100 tox|[from] psn\n|upkeep\n|turn|22\n|\n|t:|1701105794\n|move|p2a: Alomomola|Wish|p2a: Alomomola\n|move|p1a: Alomomola|Scald|p2a: Alomomola\n|-resisted|p2a: Alomomola\n|-damage|p2a: Alomomola|73\/100\n|\n|-damage|p1a: Alomomola|57\/100 tox|[from] psn\n|upkeep\n|turn|23\n|\n|t:|1701105802\n|move|p2a: Alomomola|Flip Turn|p1a: Alomomola\n|-resisted|p1a: Alomomola\n|-damage|p1a: Alomomola|53\/100 tox\n|\n|t:|1701105808\n|switch|p2a: Ogerpon|Ogerpon-Cornerstone, F|62\/100|[from] Flip Turn\n|-damage|p2a: Ogerpon|50\/100|[from] Stealth Rock\n|move|p1a: Alomomola|Wish|p1a: Alomomola\n|\n|-heal|p2a: Ogerpon|100\/100|[from] move: Wish|[wisher] Alomomola\n|-damage|p1a: Alomomola|22\/100 tox|[from] psn\n|upkeep\n|turn|24\n|\n|t:|1701105823\n|switch|p1a: Corviknight|Corviknight, M|4\/100\n|-ability|p1a: Corviknight|Pressure\n|move|p2a: Ogerpon|Swords Dance|p2a: Ogerpon\n|-boost|p2a: Ogerpon|atk|2\n|\n|-heal|p1a: Corviknight|70\/100|[from] move: Wish|[wisher] Alomomola\n|-heal|p1a: Corviknight|76\/100|[from] item: Leftovers\n|upkeep\n|turn|25\n|\n|t:|1701105831\n|move|p2a: Ogerpon|Ivy Cudgel|p1a: Corviknight|[anim] Ivy Cudgel Rock\n|-crit|p1a: Corviknight\n|-damage|p1a: Corviknight|0 fnt\n|faint|p1a: Corviknight\n|\n|upkeep\n|\n|t:|1701105835\n|switch|p1a: Lopunny|Lopunny-Mega, F|100\/100\n|turn|26\n|\n|t:|1701105857\n|switch|p2a: Charizard|Charizard-Mega-Y, F|21\/100\n|-damage|p2a: Charizard|0 fnt|[from] Stealth Rock\n|faint|p2a: Charizard\n|move|p1a: Lopunny|Close Combat|p2: Charizard|[notarget]\n|-fail|p1a: Lopunny\n|\n|upkeep\n|\n|t:|1701105871\n|switch|p2a: Rillaboom|Rillaboom, F|94\/100\n|-damage|p2a: Rillaboom|82\/100|[from] Stealth Rock\n|-fieldstart|move: Grassy Terrain|[from] ability: Grassy Surge|[of] p2a: Rillaboom\n|turn|27\n|\n|t:|1701105885\n|move|p1a: Lopunny|U-turn|p2a: Rillaboom\n|-supereffective|p2a: Rillaboom\n|-damage|p2a: Rillaboom|34\/100\n|\n|t:|1701105889\n|switch|p1a: Clodsire|Clodsire, M|100\/100|[from] U-turn\n|move|p2a: Rillaboom|Wood Hammer|p1a: Clodsire\n|-damage|p1a: Clodsire|0 fnt\n|faint|p1a: Clodsire\n|-damage|p2a: Rillaboom|0 fnt|[from] Recoil\n|faint|p2a: Rillaboom\n|\n|upkeep\n|\n|t:|1701105900\n|switch|p2a: Toxapex|Toxapex, F|100\/100\n|switch|p1a: Lopunny|Lopunny-Mega, F|100\/100\n|-damage|p2a: Toxapex|88\/100|[from] Stealth Rock\n|turn|28\n|\n|t:|1701105906\n|move|p1a: Lopunny|Fake Out|p2a: Toxapex\n|-damage|p2a: Toxapex|69\/100\n|cant|p2a: Toxapex|flinch\n|\n|-heal|p2a: Toxapex|75\/100|[from] Grassy Terrain\n|-heal|p2a: Toxapex|82\/100|[from] item: Leftovers\n|upkeep\n|turn|29\n|\n|t:|1701105914\n|move|p1a: Lopunny|U-turn|p2a: Toxapex\n|-resisted|p2a: Toxapex\n|-damage|p2a: Toxapex|72\/100\n|\n|t:|1701105916\n|switch|p1a: Zapdos|Zapdos|82\/100 tox|[from] U-turn\n|move|p2a: Toxapex|Scald|p1a: Zapdos\n|-damage|p1a: Zapdos|63\/100 tox\n|\n|-heal|p2a: Toxapex|78\/100|[from] Grassy Terrain\n|-heal|p2a: Toxapex|84\/100|[from] item: Leftovers\n|-damage|p1a: Zapdos|57\/100 tox|[from] psn\n|upkeep\n|turn|30\n|\n|t:|1701105937\n|switch|p2a: Alomomola|Alomomola, M, tera:Dragon|100\/100\n|move|p1a: Zapdos|Volt Switch|p2a: Alomomola\n|-resisted|p2a: Alomomola\n|-damage|p2a: Alomomola|78\/100\n|\n|t:|1701105941\n|switch|p1a: Alomomola|Alomomola, M|55\/100 tox|[from] Volt Switch\n|\n|-heal|p2a: Alomomola|84\/100|[from] Grassy Terrain\n|-heal|p1a: Alomomola|61\/100 tox|[from] Grassy Terrain\n|-damage|p1a: Alomomola|55\/100 tox|[from] psn\n|upkeep\n|turn|31\n|\n|t:|1701105947\n|move|p2a: Alomomola|Protect|p2a: Alomomola\n|-singleturn|p2a: Alomomola|Protect\n|move|p1a: Alomomola|Wish|p1a: Alomomola\n|\n|-heal|p2a: Alomomola|91\/100|[from] Grassy Terrain\n|-heal|p1a: Alomomola|61\/100 tox|[from] Grassy Terrain\n|-damage|p1a: Alomomola|49\/100 tox|[from] psn\n|-fieldend|move: Grassy Terrain\n|upkeep\n|turn|32\n|\n|t:|1701105956\n|switch|p1a: Zapdos|Zapdos|57\/100 tox\n|move|p2a: Alomomola|Wish|p2a: Alomomola\n|\n|-heal|p1a: Zapdos|100\/100 tox|[from] move: Wish|[wisher] Alomomola\n|-damage|p1a: Zapdos|94\/100 tox|[from] psn\n|upkeep\n|turn|33\n|inactive|mcelong has 120 seconds left.\n|\n|t:|1701106007\n|move|p1a: Zapdos|Hurricane|p2a: Alomomola|[miss]\n|-miss|p1a: Zapdos|p2a: Alomomola\n|move|p2a: Alomomola|Flip Turn|p1a: Zapdos\n|-damage|p1a: Zapdos|73\/100 tox\n|\n|t:|1701106013\n|switch|p2a: Ogerpon|Ogerpon-Cornerstone, F|100\/100|[from] Flip Turn\n|-damage|p2a: Ogerpon|88\/100|[from] Stealth Rock\n|\n|-heal|p2a: Ogerpon|100\/100|[from] move: Wish|[wisher] Alomomola\n|-damage|p1a: Zapdos|61\/100 tox|[from] psn\n|upkeep\n|turn|34\n|\n|t:|1701106022\n|switch|p1a: Lopunny|Lopunny-Mega, F|100\/100\n|move|p2a: Ogerpon|Ivy Cudgel|p1a: Lopunny|[anim] Ivy Cudgel Rock\n|-resisted|p1a: Lopunny\n|-crit|p1a: Lopunny\n|-damage|p1a: Lopunny|44\/100\n|\n|upkeep\n|turn|35\n|\n|t:|1701106033\n|switch|p2a: Alomomola|Alomomola, M, tera:Dragon|100\/100\n|move|p1a: Lopunny|Fake Out|p2a: Alomomola\n|-damage|p2a: Alomomola|89\/100\n|\n|upkeep\n|turn|36\n|\n|t:|1701106050\n|move|p1a: Lopunny|U-turn|p2a: Alomomola\n|-damage|p2a: Alomomola|74\/100\n|\n|t:|1701106056\n|switch|p1a: Alomomola|Alomomola, M|82\/100 tox|[from] U-turn\n|move|p2a: Alomomola|Flip Turn|p1a: Alomomola\n|-resisted|p1a: Alomomola\n|-damage|p1a: Alomomola|78\/100 tox\n|\n|t:|1701106063\n|switch|p2a: Ogerpon|Ogerpon-Cornerstone, F|100\/100|[from] Flip Turn\n|-damage|p2a: Ogerpon|88\/100|[from] Stealth Rock\n|\n|-damage|p1a: Alomomola|71\/100 tox|[from] psn\n|upkeep\n|turn|37\n|\n|t:|1701106069\n|move|p2a: Ogerpon|Horn Leech|p1a: Alomomola\n|-supereffective|p1a: Alomomola\n|-damage|p1a: Alomomola|27\/100 tox\n|-heal|p2a: Ogerpon|100\/100|[from] drain|[of] p1a: Alomomola\n|move|p1a: Alomomola|Scald|p2a: Ogerpon\n|-damage|p2a: Ogerpon|84\/100\n|\n|-damage|p1a: Alomomola|14\/100 tox|[from] psn\n|upkeep\n|turn|38\n|inactive|mcelong has 120 seconds left.\n|\n|t:|1701106087\n|switch|p1a: Zapdos|Zapdos|61\/100 tox\n|move|p2a: Ogerpon|Ivy Cudgel|p1a: Zapdos|[anim] Ivy Cudgel Rock\n|-supereffective|p1a: Zapdos\n|-damage|p1a: Zapdos|0 fnt\n|faint|p1a: Zapdos\n|\n|upkeep\n|\n|t:|1701106098\n|switch|p1a: Lopunny|Lopunny-Mega, F|44\/100\n|turn|39\n|inactive|mcelong has 120 seconds left.\n|\n|t:|1701106105\n|switch|p2a: Alomomola|Alomomola, M, tera:Dragon|100\/100\n|move|p1a: Lopunny|Close Combat|p2a: Alomomola\n|-damage|p2a: Alomomola|64\/100\n|-unboost|p1a: Lopunny|def|1\n|-unboost|p1a: Lopunny|spd|1\n|\n|upkeep\n|turn|40\n|inactive|mcelong has 120 seconds left.\n|\n|t:|1701106133\n|move|p1a: Lopunny|Frustration|p2a: Alomomola\n|-damage|p2a: Alomomola|36\/100\n|move|p2a: Alomomola|Wish|p2a: Alomomola\n|\n|upkeep\n|turn|41\n|\n|t:|1701106142\n|move|p1a: Lopunny|Close Combat|p2a: Alomomola\n|-damage|p2a: Alomomola|1\/100\n|-unboost|p1a: Lopunny|def|1\n|-unboost|p1a: Lopunny|spd|1\n|move|p2a: Alomomola|Flip Turn|p1a: Lopunny\n|-damage|p1a: Lopunny|0 fnt\n|faint|p1a: Lopunny\n|\n|t:|1701106147\n|switch|p2a: Ogerpon|Ogerpon-Cornerstone, F|84\/100|[from] Flip Turn\n|-damage|p2a: Ogerpon|71\/100|[from] Stealth Rock\n|\n|-heal|p2a: Ogerpon|100\/100|[from] move: Wish|[wisher] Alomomola\n|upkeep\n|-message|pablo86420 forfeited.\n|\n|win|mcelong\n|raw|pablo86420's rating: 1370 &rarr; <strong>1348<\/strong><br \/>(-22 for losing)\n|raw|mcelong's rating: 1337 &rarr; <strong>1359<\/strong><br \/>(+22 for winning)\n|l|\u2606pablo86420\n","uploadtime":1701106164,"views":2,"p1id":"pablo86420","p2id":"mcelong","formatid":"gen9nationaldex","rating":1348,"private":0,"password":""}