{"id":"gen9nationaldex-1998658185","p1":"baigu2","p2":"ImagineWagins","format":"[Gen 9] National Dex","log":"|html|<div class=\"broadcast-blue\"><strong>[Gen 9] National Dex is currently suspecting Sneasler! For information on how to participate check out the <a href=\"https:\/\/www.smogon.com\/forums\/threads\/sv-national-dex-suspect-8-just-dance.3731534\/\">suspect thread<\/a>.<\/strong><\/div>\n|j|\u2606baigu2\n|j|\u2606ImagineWagins\n|t:|1700968642\n|gametype|singles\n|player|p1|baigu2|170|1803\n|player|p2|ImagineWagins|blaine|1666\n|teamsize|p1|6\n|teamsize|p2|6\n|gen|9\n|tier|[Gen 9] National Dex\n|rated|\n|rule|HP Percentage Mod: HP is shown in percentages\n|rule|Endless Battle Clause: Forcing endless battles is banned\n|rule|OHKO Clause: OHKO moves are banned\n|rule|Evasion Clause: Evasion abilities, items, and moves are banned\n|rule|Evasion Abilities Clause: Evasion abilities are banned\n|rule|Evasion Items Clause: Evasion items are banned\n|rule|Evasion Moves Clause: Evasion moves are banned\n|rule|Species Clause: Limit one of each Pok\u00e9mon\n|rule|Sleep Clause Mod: Limit one foe put to sleep\n|clearpoke\n|poke|p1|Ursaluna, F|\n|poke|p1|Slowking, F|\n|poke|p1|Corviknight, M|\n|poke|p1|Hoopa-Unbound|\n|poke|p1|Dragonite, M|\n|poke|p1|Tapu Koko|\n|poke|p2|Zapdos|\n|poke|p2|Torkoal, F|\n|poke|p2|Alomomola, M|\n|poke|p2|Quagsire, F|\n|poke|p2|Blissey, F|\n|poke|p2|Muk-Alola, M|\n|teampreview\n|inactive|Battle timer is ON: inactive players will automatically lose when time's up. (requested by ImagineWagins)\n|\n|t:|1700968659\n|start\n|switch|p1a: Tapu Koko|Tapu Koko|100\/100\n|switch|p2a: Muk|Muk-Alola, M|100\/100\n|-fieldstart|move: Electric Terrain|[from] ability: Electric Surge|[of] p1a: Tapu Koko\n|turn|1\n|\n|t:|1700968665\n|move|p1a: Tapu Koko|Volt Switch|p2a: Muk\n|-damage|p2a: Muk|77\/100\n|\n|t:|1700968668\n|switch|p1a: Corviknight|Corviknight, M|100\/100|[from] Volt Switch\n|-ability|p1a: Corviknight|Pressure\n|move|p2a: Muk|Knock Off|p1a: Corviknight\n|-damage|p1a: Corviknight|79\/100\n|-damage|p2a: Muk|61\/100|[from] item: Rocky Helmet|[of] p1a: Corviknight\n|-enditem|p1a: Corviknight|Rocky Helmet|[from] move: Knock Off|[of] p2a: Muk\n|\n|upkeep\n|turn|2\n|\n|t:|1700968675\n|switch|p2a: Torkoal|Torkoal, F|100\/100\n|-weather|SunnyDay|[from] ability: Drought|[of] p2a: Torkoal\n|move|p1a: Corviknight|U-turn|p2a: Torkoal\n|-resisted|p2a: Torkoal\n|-damage|p2a: Torkoal|96\/100\n|\n|t:|1700968680\n|switch|p1a: \u718a\u5927|Ursaluna, F|100\/100|[from] U-turn\n|\n|-weather|SunnyDay|[upkeep]\n|-status|p1a: \u718a\u5927|brn|[from] item: Flame Orb\n|upkeep\n|turn|3\n|\n|t:|1700968687\n|switch|p2a: Alomomola|Alomomola, M|100\/100\n|-terastallize|p1a: \u718a\u5927|Normal\n|move|p1a: \u718a\u5927|Facade|p2a: Alomomola\n|-damage|p2a: Alomomola|8\/100\n|-damage|p1a: \u718a\u5927|84\/100 brn|[from] item: Rocky Helmet|[of] p2a: Alomomola\n|\n|-weather|SunnyDay|[upkeep]\n|-damage|p1a: \u718a\u5927|78\/100 brn|[from] brn\n|upkeep\n|turn|4\n|\n|t:|1700968693\n|move|p2a: Alomomola|Protect|p2a: Alomomola\n|-singleturn|p2a: Alomomola|Protect\n|move|p1a: \u718a\u5927|Facade|p2a: Alomomola\n|-activate|p2a: Alomomola|move: Protect\n|\n|-weather|SunnyDay|[upkeep]\n|-damage|p1a: \u718a\u5927|72\/100 brn|[from] brn\n|upkeep\n|turn|5\n|\n|t:|1700968709\n|move|p1a: \u718a\u5927|Facade|p2a: Alomomola\n|-damage|p2a: Alomomola|0 fnt\n|-damage|p1a: \u718a\u5927|55\/100 brn|[from] item: Rocky Helmet|[of] p2a: Alomomola\n|faint|p2a: Alomomola\n|\n|-weather|SunnyDay|[upkeep]\n|-damage|p1a: \u718a\u5927|49\/100 brn|[from] brn\n|-fieldend|move: Electric Terrain\n|upkeep\n|\n|t:|1700968711\n|switch|p2a: Zapdos|Zapdos|100\/100\n|turn|6\n|\n|t:|1700968720\n|switch|p1a: Slowking|Slowking, F|100\/100\n|move|p2a: Zapdos|Substitute|p2a: Zapdos\n|-start|p2a: Zapdos|Substitute\n|-damage|p2a: Zapdos|76\/100\n|\n|-weather|none\n|-heal|p2a: Zapdos|82\/100|[from] item: Leftovers\n|upkeep\n|turn|7\n|\n|t:|1700968727\n|move|p2a: Zapdos|Thunderbolt|p1a: Slowking\n|-supereffective|p1a: Slowking\n|-damage|p1a: Slowking|45\/100\n|move|p1a: Slowking|Trick Room|p1a: Slowking\n|-fieldstart|move: Trick Room|[of] p1a: Slowking\n|\n|-heal|p2a: Zapdos|88\/100|[from] item: Leftovers\n|upkeep\n|turn|8\n|\n|t:|1700968735\n|switch|p1a: Tapu Koko|Tapu Koko|100\/100\n|-fieldstart|move: Electric Terrain|[from] ability: Electric Surge|[of] p1a: Tapu Koko\n|move|p2a: Zapdos|Thunderbolt|p1a: Tapu Koko\n|-resisted|p1a: Tapu Koko\n|-damage|p1a: Tapu Koko|66\/100\n|\n|-heal|p2a: Zapdos|94\/100|[from] item: Leftovers\n|upkeep\n|turn|9\n|\n|t:|1700968740\n|move|p2a: Zapdos|Toxic|p1a: Tapu Koko\n|-status|p1a: Tapu Koko|tox\n|move|p1a: Tapu Koko|Volt Switch|p2a: Zapdos\n|-end|p2a: Zapdos|Substitute\n|\n|t:|1700968744\n|switch|p1a: \u718a\u5927|Ursaluna, F, tera:Normal|49\/100 brn|[from] Volt Switch\n|\n|-heal|p2a: Zapdos|100\/100|[from] item: Leftovers\n|-damage|p1a: \u718a\u5927|43\/100 brn|[from] brn\n|upkeep\n|turn|10\n|\n|t:|1700968747\n|switch|p2a: Torkoal|Torkoal, F|96\/100\n|-weather|SunnyDay|[from] ability: Drought|[of] p2a: Torkoal\n|move|p1a: \u718a\u5927|Facade|p2a: Torkoal\n|-damage|p2a: Torkoal|9\/100\n|\n|-weather|SunnyDay|[upkeep]\n|-damage|p1a: \u718a\u5927|37\/100 brn|[from] brn\n|upkeep\n|turn|11\n|\n|t:|1700968754\n|switch|p1a: Slowking|Slowking, F|78\/100\n|move|p2a: Torkoal|Solar Beam||[still]\n|-prepare|p2a: Torkoal|Solar Beam\n|-anim|p2a: Torkoal|Solar Beam|p1a: Slowking\n|-supereffective|p1a: Slowking\n|-damage|p1a: Slowking|52\/100\n|\n|-weather|SunnyDay|[upkeep]\n|-fieldend|move: Trick Room\n|upkeep\n|turn|12\n|\n|t:|1700968757\n|move|p2a: Torkoal|Stealth Rock|p1a: Slowking\n|-sidestart|p1: baigu2|move: Stealth Rock\n|move|p1a: Slowking|Teleport|p1a: Slowking\n|\n|t:|1700968760\n|switch|p1a: Hoopa|Hoopa-Unbound|100\/100|[from] Teleport\n|-damage|p1a: Hoopa|88\/100|[from] Stealth Rock\n|\n|-weather|SunnyDay|[upkeep]\n|-fieldend|move: Electric Terrain\n|upkeep\n|turn|13\n|\n|t:|1700968765\n|move|p1a: Hoopa|Psychic|p2a: Torkoal\n|-damage|p2a: Torkoal|0 fnt\n|faint|p2a: Torkoal\n|\n|-weather|SunnyDay|[upkeep]\n|upkeep\n|\n|t:|1700968768\n|switch|p2a: Muk|Muk-Alola, M|61\/100\n|turn|14\n|\n|t:|1700968772\n|switch|p1a: Corviknight|Corviknight, M|79\/100\n|-damage|p1a: Corviknight|66\/100|[from] Stealth Rock\n|-ability|p1a: Corviknight|Pressure\n|move|p2a: Muk|Fire Punch|p1a: Corviknight\n|-supereffective|p1a: Corviknight\n|-damage|p1a: Corviknight|35\/100\n|\n|-weather|none\n|upkeep\n|turn|15\n|\n|t:|1700968775\n|switch|p2a: Zapdos|Zapdos|100\/100\n|move|p1a: Corviknight|Roost|p1a: Corviknight\n|-heal|p1a: Corviknight|85\/100\n|-singleturn|p1a: Corviknight|move: Roost\n|\n|upkeep\n|turn|16\n|\n|t:|1700968778\n|move|p2a: Zapdos|Substitute|p2a: Zapdos\n|-start|p2a: Zapdos|Substitute\n|-damage|p2a: Zapdos|76\/100\n|move|p1a: Corviknight|Defog|p2a: Zapdos\n|-sideend|p1: baigu2|Stealth Rock|[from] move: Defog|[of] p1a: Corviknight\n|\n|-heal|p2a: Zapdos|82\/100|[from] item: Leftovers\n|upkeep\n|turn|17\n|\n|t:|1700968782\n|switch|p1a: Tapu Koko|Tapu Koko|66\/100 tox\n|-fieldstart|move: Electric Terrain|[from] ability: Electric Surge|[of] p1a: Tapu Koko\n|move|p2a: Zapdos|Thunderbolt|p1a: Tapu Koko\n|-resisted|p1a: Tapu Koko\n|-damage|p1a: Tapu Koko|29\/100 tox\n|\n|-heal|p2a: Zapdos|88\/100|[from] item: Leftovers\n|-damage|p1a: Tapu Koko|23\/100 tox|[from] psn\n|upkeep\n|turn|18\n|\n|t:|1700968784\n|move|p1a: Tapu Koko|Volt Switch|p2a: Zapdos\n|-end|p2a: Zapdos|Substitute\n|\n|t:|1700968787\n|switch|p1a: Dragonite|Dragonite, M|100\/100|[from] Volt Switch\n|move|p2a: Zapdos|Substitute|p2a: Zapdos\n|-start|p2a: Zapdos|Substitute\n|-damage|p2a: Zapdos|63\/100\n|\n|-heal|p2a: Zapdos|69\/100|[from] item: Leftovers\n|upkeep\n|turn|19\n|\n|t:|1700968790\n|move|p2a: Zapdos|Toxic|p1a: Dragonite\n|-status|p1a: Dragonite|tox\n|move|p1a: Dragonite|Outrage|p2a: Zapdos\n|-end|p2a: Zapdos|Substitute\n|\n|-heal|p2a: Zapdos|76\/100|[from] item: Leftovers\n|-damage|p1a: Dragonite|94\/100 tox|[from] psn\n|upkeep\n|turn|20\n|\n|t:|1700968795\n|switch|p2a: Quagsire|Quagsire, F|100\/100\n|move|p1a: Dragonite|Outrage|p2a: Quagsire|[from]lockedmove\n|-damage|p2a: Quagsire|32\/100\n|-start|p1a: Dragonite|confusion|[fatigue]\n|\n|-heal|p2a: Quagsire|38\/100|[from] item: Leftovers\n|-damage|p1a: Dragonite|82\/100 tox|[from] psn\n|upkeep\n|turn|21\n|\n|t:|1700968799\n|-activate|p1a: Dragonite|confusion\n|move|p1a: Dragonite|Outrage|p2a: Quagsire\n|-damage|p2a: Quagsire|0 fnt\n|faint|p2a: Quagsire\n|\n|-damage|p1a: Dragonite|64\/100 tox|[from] psn\n|-fieldend|move: Electric Terrain\n|upkeep\n|\n|t:|1700968805\n|switch|p2a: Zapdos|Zapdos|76\/100\n|turn|22\n|\n|t:|1700968809\n|move|p2a: Zapdos|Substitute|p2a: Zapdos\n|-start|p2a: Zapdos|Substitute\n|-damage|p2a: Zapdos|51\/100\n|-activate|p1a: Dragonite|confusion\n|-damage|p1a: Dragonite|47\/100 tox|[from] confusion\n|\n|-heal|p2a: Zapdos|57\/100|[from] item: Leftovers\n|-damage|p1a: Dragonite|23\/100 tox|[from] psn\n|upkeep\n|turn|23\n|\n|t:|1700968818\n|switch|p1a: Slowking|Slowking, F|85\/100\n|move|p2a: Zapdos|Thunderbolt|p1a: Slowking\n|-supereffective|p1a: Slowking\n|-damage|p1a: Slowking|36\/100\n|-status|p1a: Slowking|par\n|\n|-heal|p2a: Zapdos|63\/100|[from] item: Leftovers\n|upkeep\n|turn|24\n|\n|t:|1700968823\n|move|p2a: Zapdos|Thunderbolt|p1a: Slowking\n|-supereffective|p1a: Slowking\n|-damage|p1a: Slowking|0 fnt\n|faint|p1a: Slowking\n|\n|-heal|p2a: Zapdos|69\/100|[from] item: Leftovers\n|upkeep\n|\n|t:|1700968825\n|switch|p1a: Tapu Koko|Tapu Koko|23\/100 tox\n|-fieldstart|move: Electric Terrain|[from] ability: Electric Surge|[of] p1a: Tapu Koko\n|turn|25\n|j| NicksRokaya\n|\n|t:|1700968830\n|move|p1a: Tapu Koko|Volt Switch|p2a: Zapdos\n|-end|p2a: Zapdos|Substitute\n|\n|t:|1700968838\n|switch|p1a: Hoopa|Hoopa-Unbound|88\/100|[from] Volt Switch\n|move|p2a: Zapdos|Substitute|p2a: Zapdos\n|-start|p2a: Zapdos|Substitute\n|-damage|p2a: Zapdos|45\/100\n|\n|-heal|p2a: Zapdos|51\/100|[from] item: Leftovers\n|upkeep\n|turn|26\n|\n|t:|1700968844\n|move|p2a: Zapdos|Roost|p2a: Zapdos\n|-heal|p2a: Zapdos|100\/100\n|-singleturn|p2a: Zapdos|move: Roost\n|move|p1a: Hoopa|Dark Pulse|p2a: Zapdos\n|-end|p2a: Zapdos|Substitute\n|\n|upkeep\n|turn|27\n|\n|t:|1700968850\n|switch|p2a: Blissey|Blissey, F|100\/100\n|move|p1a: Hoopa|Dark Pulse|p2a: Blissey\n|-damage|p2a: Blissey|80\/100\n|\n|upkeep\n|turn|28\n|\n|t:|1700968854\n|move|p1a: Hoopa|Nasty Plot|p1a: Hoopa\n|-boost|p1a: Hoopa|spa|2\n|move|p2a: Blissey|Seismic Toss|p1a: Hoopa\n|-damage|p1a: Hoopa|55\/100\n|\n|upkeep\n|turn|29\n|\n|t:|1700968856\n|-zpower|p1a: Hoopa\n|move|p1a: Hoopa|All-Out Pummeling|p2a: Blissey|[zeffect]\n|-supereffective|p2a: Blissey\n|-damage|p2a: Blissey|0 fnt\n|faint|p2a: Blissey\n|\n|-fieldend|move: Electric Terrain\n|upkeep\n|\n|t:|1700968859\n|switch|p2a: Muk|Muk-Alola, M|61\/100\n|turn|30\n|j| cmziqun\n|\n|t:|1700968864\n|switch|p1a: Corviknight|Corviknight, M|85\/100\n|-ability|p1a: Corviknight|Pressure\n|move|p2a: Muk|Poison Jab|p1a: Corviknight\n|-immune|p1a: Corviknight\n|\n|upkeep\n|turn|31\n|\n|t:|1700968866\n|switch|p2a: Zapdos|Zapdos|100\/100\n|move|p1a: Corviknight|U-turn|p2a: Zapdos\n|-resisted|p2a: Zapdos\n|-damage|p2a: Zapdos|91\/100\n|\n|t:|1700968869\n|switch|p1a: Tapu Koko|Tapu Koko|23\/100 tox|[from] U-turn\n|-fieldstart|move: Electric Terrain|[from] ability: Electric Surge|[of] p1a: Tapu Koko\n|\n|-heal|p2a: Zapdos|98\/100|[from] item: Leftovers\n|-damage|p1a: Tapu Koko|17\/100 tox|[from] psn\n|upkeep\n|turn|32\n|\n|t:|1700968872\n|move|p1a: Tapu Koko|Thunderbolt|p2a: Zapdos\n|-damage|p2a: Zapdos|17\/100\n|move|p2a: Zapdos|Substitute|p2a: Zapdos\n|-fail|p2a: Zapdos|move: Substitute|[weak]\n|\n|-heal|p2a: Zapdos|23\/100|[from] item: Leftovers\n|-damage|p1a: Tapu Koko|5\/100 tox|[from] psn\n|upkeep\n|turn|33\n|\n|t:|1700968878\n|switch|p2a: Muk|Muk-Alola, M|61\/100\n|move|p1a: Tapu Koko|Thunderbolt|p2a: Muk\n|-damage|p2a: Muk|31\/100\n|\n|-damage|p1a: Tapu Koko|0 fnt|[from] psn\n|faint|p1a: Tapu Koko\n|upkeep\n|l| cmziqun\n|\n|t:|1700968887\n|switch|p1a: Dragonite|Dragonite, M|23\/100 tox\n|turn|34\n|j| cmziqun\n|l| cmziqun\n|\n|t:|1700968895\n|move|p1a: Dragonite|Extreme Speed|p2a: Muk\n|-damage|p2a: Muk|0 fnt\n|faint|p2a: Muk\n|\n|-damage|p1a: Dragonite|17\/100 tox|[from] psn\n|upkeep\n|\n|t:|1700968897\n|switch|p2a: Zapdos|Zapdos|23\/100\n|turn|35\n|\n|t:|1700968899\n|-terastallize|p2a: Zapdos|Steel\n|move|p1a: Dragonite|Extreme Speed|p2a: Zapdos\n|-resisted|p2a: Zapdos\n|-damage|p2a: Zapdos|0 fnt\n|faint|p2a: Zapdos\n|\n|win|baigu2\n|raw|baigu2's rating: 1803 &rarr; <strong>1815<\/strong><br \/>(+12 for winning)\n|raw|ImagineWagins's rating: 1666 &rarr; <strong>1654<\/strong><br \/>(-12 for losing)\n","uploadtime":1700968907,"views":1,"p1id":"baigu2","p2id":"imaginewagins","formatid":"gen9nationaldex","rating":1654,"private":0,"password":""}