{"id":"gen9nationaldex-1989209485","p1":"Kuzwa","p2":"ColdZoroark","format":"[Gen 9] National Dex","log":"|j|\u2606Kuzwa\n|j|\u2606ColdZoroark\n|t:|1699823686\n|gametype|singles\n|player|p1|Kuzwa|parasollady|1325\n|player|p2|ColdZoroark|grimsley|1420\n|teamsize|p1|6\n|teamsize|p2|6\n|gen|9\n|tier|[Gen 9] National Dex\n|rated|\n|rule|HP Percentage Mod: HP is shown in percentages\n|rule|Endless Battle Clause: Forcing endless battles is banned\n|rule|OHKO Clause: OHKO moves are banned\n|rule|Evasion Clause: Evasion abilities, items, and moves are banned\n|rule|Evasion Abilities Clause: Evasion abilities are banned\n|rule|Evasion Items Clause: Evasion items are banned\n|rule|Evasion Moves Clause: Evasion moves are banned\n|rule|Species Clause: Limit one of each Pok\u00e9mon\n|rule|Sleep Clause Mod: Limit one foe put to sleep\n|clearpoke\n|poke|p1|Gallade, M|\n|poke|p1|Garchomp, M|\n|poke|p1|Kartana|\n|poke|p1|Scizor, M|\n|poke|p1|Weavile, M|\n|poke|p1|Quaquaval, M|\n|poke|p2|Rotom-Wash|\n|poke|p2|Iron Jugulis|\n|poke|p2|Volcarona, M|\n|poke|p2|Abomasnow, M|\n|poke|p2|Gallade, M|\n|poke|p2|Hydreigon, M|\n|teampreview\n|inactive|Battle timer is ON: inactive players will automatically lose when time's up. (requested by ColdZoroark)\n|\n|t:|1699823696\n|start\n|switch|p1a: Akihiko Sanada|Garchomp, M|100\/100\n|switch|p2a: Fawful|Rotom-Wash|100\/100\n|turn|1\n|\n|t:|1699823699\n|move|p2a: Fawful|Trick|p1a: Akihiko Sanada\n|-activate|p2a: Fawful|move: Trick|[of] p1a: Akihiko Sanada\n|-item|p1a: Akihiko Sanada|Choice Scarf|[from] move: Trick\n|-item|p2a: Fawful|Focus Sash|[from] move: Trick\n|move|p1a: Akihiko Sanada|Swords Dance|p1a: Akihiko Sanada\n|-boost|p1a: Akihiko Sanada|atk|2\n|\n|upkeep\n|turn|2\n|\n|t:|1699823709\n|move|p1a: Akihiko Sanada|Swords Dance|p1a: Akihiko Sanada\n|-boost|p1a: Akihiko Sanada|atk|2\n|move|p2a: Fawful|Hydro Pump|p1a: Akihiko Sanada\n|-damage|p1a: Akihiko Sanada|60\/100\n|\n|upkeep\n|turn|3\n|\n|t:|1699823731\n|switch|p1a: Makoto Yuki|Kartana, shiny|100\/100\n|move|p2a: Fawful|Hydro Pump|p1a: Makoto Yuki\n|-resisted|p1a: Makoto Yuki\n|-damage|p1a: Makoto Yuki|41\/100\n|\n|upkeep\n|turn|4\n|\n|t:|1699823737\n|move|p1a: Makoto Yuki|Leaf Blade|p2a: Fawful\n|-supereffective|p2a: Fawful\n|-crit|p2a: Fawful\n|-enditem|p2a: Fawful|Focus Sash\n|-damage|p2a: Fawful|1\/100\n|move|p2a: Fawful|Volt Switch|p1a: Makoto Yuki\n|-resisted|p1a: Makoto Yuki\n|-damage|p1a: Makoto Yuki|1\/100\n|\n|t:|1699823741\n|switch|p2a: Fracktail|Iron Jugulis|100\/100|[from] Volt Switch\n|-enditem|p2a: Fracktail|Booster Energy\n|-activate|p2a: Fracktail|ability: Quark Drive|[fromitem]\n|-start|p2a: Fracktail|quarkdrivespe\n|\n|upkeep\n|turn|5\n|\n|t:|1699823746\n|move|p2a: Fracktail|Air Slash|p1a: Makoto Yuki\n|-damage|p1a: Makoto Yuki|0 fnt\n|faint|p1a: Makoto Yuki\n|\n|upkeep\n|\n|t:|1699823749\n|switch|p1a: Akihiko Sanada|Garchomp, M|60\/100\n|turn|6\n|\n|t:|1699823755\n|move|p2a: Fracktail|Air Slash|p1a: Akihiko Sanada\n|-damage|p1a: Akihiko Sanada|22\/100\n|move|p1a: Akihiko Sanada|Outrage|p2a: Fracktail\n|-damage|p2a: Fracktail|25\/100\n|\n|upkeep\n|turn|7\n|\n|t:|1699823760\n|move|p2a: Fracktail|Air Slash|p1a: Akihiko Sanada|[miss]\n|-miss|p2a: Fracktail|p1a: Akihiko Sanada\n|move|p1a: Akihiko Sanada|Outrage|p2a: Fracktail|[from]lockedmove\n|-damage|p2a: Fracktail|0 fnt\n|faint|p2a: Fracktail\n|-end|p2a: Fracktail|Quark Drive|[silent]\n|-start|p1a: Akihiko Sanada|confusion|[fatigue]\n|\n|upkeep\n|\n|t:|1699823763\n|switch|p2a: Vulcan|Volcarona, M|100\/100\n|turn|8\n|\n|t:|1699823766\n|-activate|p1a: Akihiko Sanada|confusion\n|move|p1a: Akihiko Sanada|Outrage|p2a: Vulcan\n|-damage|p2a: Vulcan|4\/100\n|move|p2a: Vulcan|Quiver Dance|p2a: Vulcan\n|-boost|p2a: Vulcan|spa|1\n|-boost|p2a: Vulcan|spd|1\n|-boost|p2a: Vulcan|spe|1\n|\n|upkeep\n|turn|9\n|\n|t:|1699823769\n|-activate|p1a: Akihiko Sanada|confusion\n|move|p1a: Akihiko Sanada|Outrage|p2a: Vulcan|[from]lockedmove\n|-damage|p2a: Vulcan|0 fnt\n|faint|p2a: Vulcan\n|\n|upkeep\n|\n|t:|1699823773\n|switch|p2a: Blade|Gallade, M|100\/100\n|turn|10\n|\n|t:|1699823775\n|detailschange|p2a: Blade|Gallade-Mega, M\n|-mega|p2a: Blade|Gallade|Galladite\n|-activate|p1a: Akihiko Sanada|confusion\n|move|p1a: Akihiko Sanada|Outrage|p2a: Blade|[from]lockedmove\n|-damage|p2a: Blade|20\/100\n|move|p2a: Blade|Drain Punch|p1a: Akihiko Sanada\n|-damage|p1a: Akihiko Sanada|0 fnt\n|-heal|p2a: Blade|34\/100|[from] drain|[of] p1a: Akihiko Sanada\n|-damage|p2a: Blade|22\/100|[from] ability: Rough Skin|[of] p1a: Akihiko Sanada\n|faint|p1a: Akihiko Sanada\n|\n|upkeep\n|\n|t:|1699823792\n|switch|p1a: Junpei Iori|Weavile, M, shiny|100\/100\n|turn|11\n|\n|t:|1699823795\n|move|p1a: Junpei Iori|Ice Spinner|p2a: Blade\n|-damage|p2a: Blade|0 fnt\n|faint|p2a: Blade\n|\n|upkeep\n|\n|t:|1699823799\n|switch|p2a: Fawful|Rotom-Wash|1\/100\n|turn|12\n|\n|t:|1699823801\n|move|p1a: Junpei Iori|Throat Chop|p2a: Fawful\n|-damage|p2a: Fawful|0 fnt\n|faint|p2a: Fawful\n|\n|upkeep\n|\n|t:|1699823806\n|switch|p2a: Frosty|Abomasnow, M|100\/100\n|-weather|Snow|[from] ability: Snow Warning|[of] p2a: Frosty\n|turn|13\n|\n|t:|1699823809\n|move|p1a: Junpei Iori|Swords Dance|p1a: Junpei Iori\n|-boost|p1a: Junpei Iori|atk|2\n|move|p2a: Frosty|Aurora Veil|p2a: Frosty\n|-sidestart|p2: ColdZoroark|move: Aurora Veil\n|\n|-weather|Snow|[upkeep]\n|upkeep\n|turn|14\n|\n|t:|1699823811\n|move|p1a: Junpei Iori|Swords Dance|p1a: Junpei Iori\n|-boost|p1a: Junpei Iori|atk|2\n|move|p2a: Frosty|Seed Bomb|p1a: Junpei Iori\n|-damage|p1a: Junpei Iori|61\/100\n|\n|-weather|Snow|[upkeep]\n|upkeep\n|turn|15\n|\n|t:|1699823815\n|move|p1a: Junpei Iori|Throat Chop|p2a: Frosty\n|-damage|p2a: Frosty|60\/100\n|-start|p2a: Frosty|Throat Chop|[silent]\n|move|p2a: Frosty|Seed Bomb|p1a: Junpei Iori\n|-damage|p1a: Junpei Iori|21\/100\n|\n|-weather|Snow|[upkeep]\n|upkeep\n|turn|16\n|\n|t:|1699823822\n|move|p1a: Junpei Iori|Ice Spinner|p2a: Frosty\n|-damage|p2a: Frosty|12\/100\n|move|p2a: Frosty|Earthquake|p1a: Junpei Iori\n|-damage|p1a: Junpei Iori|0 fnt\n|faint|p1a: Junpei Iori\n|\n|-weather|Snow|[upkeep]\n|-end|p2a: Frosty|Throat Chop|[silent]\n|upkeep\n|\n|t:|1699823827\n|switch|p1a: ???|Quaquaval, M|100\/100\n|turn|17\n|\n|t:|1699823832\n|move|p1a: ???|Rapid Spin|p2a: Frosty\n|-damage|p2a: Frosty|6\/100\n|-boost|p1a: ???|spe|1\n|move|p2a: Frosty|Seed Bomb|p1a: ???\n|-supereffective|p1a: ???\n|-damage|p1a: ???|3\/100\n|\n|-weather|none\n|upkeep\n|turn|18\n|\n|t:|1699823835\n|move|p1a: ???|Rapid Spin|p2a: Frosty\n|-damage|p2a: Frosty|0 fnt\n|-boost|p1a: ???|spe|1\n|faint|p2a: Frosty\n|-ability|p1a: ???|Moxie|boost\n|-boost|p1a: ???|atk|1\n|\n|upkeep\n|\n|t:|1699823837\n|switch|p2a: Shade|Hydreigon, M|100\/100\n|turn|19\n|\n|t:|1699823842\n|-terastallize|p2a: Shade|Steel\n|-zpower|p1a: ???\n|move|p1a: ???|Subzero Slammer|p2a: Shade|[zeffect]\n|-resisted|p2a: Shade\n|-damage|p2a: Shade|77\/100\n|move|p2a: Shade|Dark Pulse|p1a: ???\n|-resisted|p1a: ???\n|-damage|p1a: ???|0 fnt\n|faint|p1a: ???\n|-damage|p2a: Shade|68\/100|[from] item: Life Orb\n|\n|upkeep\n|\n|t:|1699823851\n|switch|p1a: Ken Amada|Scizor, M|100\/100\n|turn|20\n|\n|t:|1699823855\n|move|p2a: Shade|Nasty Plot|p2a: Shade\n|-boost|p2a: Shade|spa|2\n|move|p1a: Ken Amada|Swords Dance|p1a: Ken Amada\n|-boost|p1a: Ken Amada|atk|2\n|\n|-sideend|p2: ColdZoroark|move: Aurora Veil\n|upkeep\n|turn|21\n|\n|t:|1699823858\n|move|p1a: Ken Amada|Bullet Punch|p2a: Shade\n|-resisted|p2a: Shade\n|-damage|p2a: Shade|29\/100\n|move|p2a: Shade|Dark Pulse|p1a: Ken Amada\n|-damage|p1a: Ken Amada|0 fnt\n|faint|p1a: Ken Amada\n|-damage|p2a: Shade|19\/100|[from] item: Life Orb\n|\n|upkeep\n|\n|t:|1699823863\n|switch|p1a: Ryoji Mochizuki|Gallade, M, shiny|100\/100\n|turn|22\n|\n|t:|1699823866\n|detailschange|p1a: Ryoji Mochizuki|Gallade-Mega, M, shiny\n|-mega|p1a: Ryoji Mochizuki|Gallade|Galladite\n|move|p1a: Ryoji Mochizuki|Sacred Sword|p2a: Shade\n|-supereffective|p2a: Shade\n|-damage|p2a: Shade|0 fnt\n|faint|p2a: Shade\n|\n|win|Kuzwa\n|raw|Kuzwa's rating: 1325 &rarr; <strong>1350<\/strong><br \/>(+25 for winning)\n|raw|ColdZoroark's rating: 1420 &rarr; <strong>1395<\/strong><br \/>(-25 for losing)\n|c|\u2606ColdZoroark|Gg wp\n","uploadtime":1699823872,"views":4,"p1id":"kuzwa","p2id":"coldzoroark","formatid":"gen9nationaldex","rating":1350,"private":0,"password":""}