{"id":"gen9nationaldex-1989855630","p1":"Nyxao","p2":"STEVETHETS","format":"[Gen 9] National Dex","log":"|j|\u2606Nyxao\n|j|\u2606STEVETHETS\n|t:|1699901386\n|gametype|singles\n|player|p1|Nyxao|serena-masters3|1083\n|player|p2|STEVETHETS|169|1000\n|teamsize|p1|6\n|teamsize|p2|6\n|gen|9\n|tier|[Gen 9] National Dex\n|rated|\n|rule|HP Percentage Mod: HP is shown in percentages\n|rule|Endless Battle Clause: Forcing endless battles is banned\n|rule|OHKO Clause: OHKO moves are banned\n|rule|Evasion Clause: Evasion abilities, items, and moves are banned\n|rule|Evasion Abilities Clause: Evasion abilities are banned\n|rule|Evasion Items Clause: Evasion items are banned\n|rule|Evasion Moves Clause: Evasion moves are banned\n|rule|Species Clause: Limit one of each Pok\u00e9mon\n|rule|Sleep Clause Mod: Limit one foe put to sleep\n|clearpoke\n|poke|p1|Blaziken, F|\n|poke|p1|Tapu Koko|\n|poke|p1|Iron Valiant|\n|poke|p1|Gliscor, M|\n|poke|p1|Ferrothorn, M|\n|poke|p1|Zoroark-Hisui, M|\n|poke|p2|Froslass, F|\n|poke|p2|Maushold-Four|\n|poke|p2|Tapu Koko|\n|poke|p2|Xurkitree|\n|poke|p2|Snorlax, M|\n|poke|p2|Guzzlord|\n|teampreview\n|\n|t:|1699901395\n|start\n|switch|p1a: Ferrothorn|Ferrothorn, M|100\/100\n|switch|p2a: Tapu Koko|Tapu Koko|100\/100\n|-fieldstart|move: Electric Terrain|[from] ability: Electric Surge|[of] p2a: Tapu Koko\n|turn|1\n|\n|t:|1699901405\n|move|p2a: Tapu Koko|Calm Mind|p2a: Tapu Koko\n|-boost|p2a: Tapu Koko|spa|1\n|-boost|p2a: Tapu Koko|spd|1\n|move|p1a: Ferrothorn|Gyro Ball|p2a: Tapu Koko\n|-crit|p2a: Tapu Koko\n|-damage|p2a: Tapu Koko|0 fnt\n|faint|p2a: Tapu Koko\n|\n|upkeep\n|\n|t:|1699901425\n|switch|p2a: Snorlax|Snorlax, M|100\/100\n|turn|2\n|\n|t:|1699901438\n|move|p1a: Ferrothorn|Leech Seed|p2a: Snorlax\n|-start|p2a: Snorlax|move: Leech Seed\n|move|p2a: Snorlax|Counter||[still]\n|-fail|p2a: Snorlax\n|\n|-damage|p2a: Snorlax|88\/100|[from] Leech Seed|[of] p1a: Ferrothorn\n|upkeep\n|turn|3\n|\n|t:|1699901447\n|switch|p1a: Gliscor|Gliscor, M|100\/100\n|move|p2a: Snorlax|Power-Up Punch|p1a: Gliscor\n|-resisted|p1a: Gliscor\n|-damage|p1a: Gliscor|95\/100\n|-boost|p2a: Snorlax|atk|1\n|\n|-heal|p2a: Snorlax|94\/100|[from] item: Leftovers\n|-damage|p2a: Snorlax|82\/100|[from] Leech Seed|[of] p1a: Gliscor\n|-heal|p1a: Gliscor|100\/100|[silent]\n|-status|p1a: Gliscor|tox|[from] item: Toxic Orb\n|upkeep\n|turn|4\n|\n|t:|1699901459\n|move|p1a: Gliscor|Stealth Rock|p2a: Snorlax\n|-sidestart|p2: STEVETHETS|move: Stealth Rock\n|move|p2a: Snorlax|Giga Impact|p1a: Gliscor|[miss]\n|-miss|p2a: Snorlax|p1a: Gliscor\n|\n|-heal|p2a: Snorlax|88\/100|[from] item: Leftovers\n|-damage|p2a: Snorlax|76\/100|[from] Leech Seed|[of] p1a: Gliscor\n|upkeep\n|turn|5\n|\n|t:|1699901464\n|switch|p1a: Ferrothorn|Ferrothorn, M|100\/100\n|-terastallize|p2a: Snorlax|Normal\n|move|p2a: Snorlax|Giga Impact|p1a: Ferrothorn\n|-immune|p1a: Ferrothorn\n|\n|-heal|p2a: Snorlax|82\/100|[from] item: Leftovers\n|-damage|p2a: Snorlax|69\/100|[from] Leech Seed|[of] p1a: Ferrothorn\n|upkeep\n|turn|6\n|\n|t:|1699901476\n|move|p1a: Ferrothorn|Flamethrower|p2a: Snorlax\n|-damage|p2a: Snorlax|58\/100\n|move|p2a: Snorlax|Counter||[still]\n|-fail|p2a: Snorlax\n|\n|-heal|p2a: Snorlax|64\/100|[from] item: Leftovers\n|-damage|p2a: Snorlax|52\/100|[from] Leech Seed|[of] p1a: Ferrothorn\n|upkeep\n|turn|7\n|\n|t:|1699901482\n|move|p1a: Ferrothorn|Nasty Plot|p1a: Ferrothorn\n|-boost|p1a: Ferrothorn|spa|2\n|move|p2a: Snorlax|Body Press|p1a: Ferrothorn\n|-immune|p1a: Ferrothorn\n|\n|-heal|p2a: Snorlax|58\/100|[from] item: Leftovers\n|-damage|p2a: Snorlax|45\/100|[from] Leech Seed|[of] p1a: Ferrothorn\n|upkeep\n|turn|8\n|c|\u2606STEVETHETS|... wut\n|c|\u2606Nyxao|heh\n|\n|t:|1699901504\n|move|p1a: Ferrothorn|Nasty Plot|p1a: Ferrothorn\n|-boost|p1a: Ferrothorn|spa|2\n|move|p2a: Snorlax|Counter||[still]\n|-fail|p2a: Snorlax\n|\n|-heal|p2a: Snorlax|51\/100|[from] item: Leftovers\n|-damage|p2a: Snorlax|39\/100|[from] Leech Seed|[of] p1a: Ferrothorn\n|-fieldend|move: Electric Terrain\n|upkeep\n|turn|9\n|\n|t:|1699901506\n|move|p1a: Ferrothorn|Nasty Plot|p1a: Ferrothorn\n|-boost|p1a: Ferrothorn|spa|2\n|move|p2a: Snorlax|Counter||[still]\n|-fail|p2a: Snorlax\n|\n|-heal|p2a: Snorlax|45\/100|[from] item: Leftovers\n|-damage|p2a: Snorlax|33\/100|[from] Leech Seed|[of] p1a: Ferrothorn\n|upkeep\n|turn|10\n|\n|t:|1699901509\n|switch|p2a: Guzzlord|Guzzlord|100\/100\n|-damage|p2a: Guzzlord|88\/100|[from] Stealth Rock\n|move|p1a: Ferrothorn|Flamethrower|p2a: Guzzlord\n|-resisted|p2a: Guzzlord\n|-damage|p2a: Guzzlord|29\/100\n|\n|upkeep\n|turn|11\n|c|\u2606STEVETHETS|misclicked\n|c|\u2606STEVETHETS|aaaaaaaa\n|c|\u2606Nyxao|:((\n|c|\u2606STEVETHETS|yo you win i give up\n|c|\u2606Nyxao|what\n|c|\u2606Nyxao|LMFAO\n|-message|STEVETHETS forfeited.\n|\n|win|Nyxao\n|raw|Nyxao's rating: 1083 &rarr; <strong>1104<\/strong><br \/>(+21 for winning)\n|raw|STEVETHETS's rating: 1000 &rarr; <strong>1000<\/strong><br \/>(+0 for losing)\n|l|\u2606STEVETHETS\n|c|\u2606Nyxao|u can still trey\n","uploadtime":1699901540,"views":9,"p1id":"nyxao","p2id":"stevethets","formatid":"gen9nationaldex","rating":1000,"private":0,"password":""}