{"id":"gen9nationaldex-1999280738","p1":"stevethebees","p2":"xXNealXx420","format":"[Gen 9] National Dex","log":"|html|<div class=\"broadcast-blue\"><strong>[Gen 9] National Dex is currently suspecting Sneasler! For information on how to participate check out the <a href=\"https:\/\/www.smogon.com\/forums\/threads\/sv-national-dex-suspect-8-just-dance.3731534\/\">suspect thread<\/a>.<\/strong><\/div>\n|j|\u2606stevethebees\n|j|\u2606xXNealXx420\n|t:|1701054512\n|gametype|singles\n|player|p1|stevethebees|169|\n|player|p2|xXNealXx420|sage|\n|teamsize|p1|6\n|teamsize|p2|6\n|gen|9\n|tier|[Gen 9] National Dex\n|rule|HP Percentage Mod: HP is shown in percentages\n|rule|Endless Battle Clause: Forcing endless battles is banned\n|rule|OHKO Clause: OHKO moves are banned\n|rule|Evasion Clause: Evasion abilities, items, and moves are banned\n|rule|Evasion Abilities Clause: Evasion abilities are banned\n|rule|Evasion Items Clause: Evasion items are banned\n|rule|Evasion Moves Clause: Evasion moves are banned\n|rule|Species Clause: Limit one of each Pok\u00e9mon\n|rule|Sleep Clause Mod: Limit one foe put to sleep\n|clearpoke\n|poke|p1|Espeon, F|\n|poke|p1|Tyranitar, F|\n|poke|p1|Skarmory, F|\n|poke|p1|Mesprit|\n|poke|p1|Garchomp, M|\n|poke|p1|Clefable, F|\n|poke|p2|Glimmora, F|\n|poke|p2|Latios, M|\n|poke|p2|Rillaboom, F|\n|poke|p2|Primarina, F|\n|poke|p2|Clodsire, M|\n|poke|p2|Infernape, F|\n|teampreview\n|j| vuvu42\n|\n|t:|1701054607\n|start\n|switch|p1a: Espeon|Espeon, F|100\/100\n|switch|p2a: Glimmora|Glimmora, F|100\/100\n|turn|1\n|\n|t:|1701054684\n|move|p1a: Espeon|Dazzling Gleam|p2a: Glimmora\n|-resisted|p2a: Glimmora\n|-damage|p2a: Glimmora|83\/100\n|move|p2a: Glimmora|Stealth Rock|p1a: Espeon\n|move|p1a: Espeon|Stealth Rock|p2a: Glimmora|[from]ability: Magic Bounce\n|-sidestart|p2: xXNealXx420|move: Stealth Rock\n|\n|upkeep\n|turn|2\n|\n|t:|1701054698\n|move|p1a: Espeon|Dazzling Gleam|p2a: Glimmora\n|-resisted|p2a: Glimmora\n|-damage|p2a: Glimmora|64\/100\n|move|p2a: Glimmora|Power Gem|p1a: Espeon\n|-damage|p1a: Espeon|43\/100\n|\n|upkeep\n|turn|3\n|\n|t:|1701054719\n|switch|p1a: Dingo|Skarmory, F|100\/100\n|move|p2a: Glimmora|Power Gem|p1a: Dingo\n|-damage|p1a: Dingo|40\/100\n|\n|upkeep\n|turn|4\n|\n|t:|1701054740\n|move|p2a: Glimmora|Power Gem|p1a: Dingo\n|-damage|p1a: Dingo|0 fnt\n|faint|p1a: Dingo\n|\n|upkeep\n|\n|t:|1701054773\n|switch|p1a: Shepherd|Mesprit|100\/100\n|turn|5\n|\n|t:|1701054789\n|move|p2a: Glimmora|Power Gem|p1a: Shepherd\n|-damage|p1a: Shepherd|63\/100\n|move|p1a: Shepherd|Reflect|p1a: Shepherd\n|-sidestart|p1: stevethebees|Reflect\n|\n|upkeep\n|turn|6\n|\n|t:|1701054796\n|move|p2a: Glimmora|Power Gem|p1a: Shepherd\n|-damage|p1a: Shepherd|23\/100\n|move|p1a: Shepherd|Light Screen|p1a: Shepherd\n|-sidestart|p1: stevethebees|move: Light Screen\n|\n|upkeep\n|turn|7\n|\n|t:|1701054814\n|move|p2a: Glimmora|Power Gem|p1a: Shepherd\n|-damage|p1a: Shepherd|5\/100\n|move|p1a: Shepherd|U-turn|p2a: Glimmora\n|-resisted|p2a: Glimmora\n|-damage|p2a: Glimmora|54\/100\n|-activate|p2a: Glimmora|ability: Toxic Debris\n|-sidestart|p1: stevethebees|move: Toxic Spikes\n|\n|t:|1701054821\n|switch|p1a: Oatchi|Garchomp, M|100\/100|[from] U-turn\n|-status|p1a: Oatchi|psn\n|\n|-damage|p1a: Oatchi|88\/100 psn|[from] psn\n|upkeep\n|turn|8\n|\n|t:|1701054828\n|move|p1a: Oatchi|Swords Dance|p1a: Oatchi\n|-boost|p1a: Oatchi|atk|2\n|move|p2a: Glimmora|Earth Power|p1a: Oatchi\n|-damage|p1a: Oatchi|71\/100 psn\n|\n|-damage|p1a: Oatchi|58\/100 psn|[from] psn\n|upkeep\n|turn|9\n|\n|t:|1701054836\n|move|p1a: Oatchi|Swords Dance|p1a: Oatchi\n|-boost|p1a: Oatchi|atk|2\n|move|p2a: Glimmora|Earth Power|p1a: Oatchi\n|-damage|p1a: Oatchi|42\/100 psn\n|\n|-damage|p1a: Oatchi|30\/100 psn|[from] psn\n|upkeep\n|turn|10\n|\n|t:|1701054843\n|move|p1a: Oatchi|Earthquake|p2a: Glimmora\n|-supereffective|p2a: Glimmora\n|-damage|p2a: Glimmora|0 fnt\n|-activate|p2a: Glimmora|ability: Toxic Debris\n|-sidestart|p1: stevethebees|move: Toxic Spikes\n|faint|p2a: Glimmora\n|\n|-damage|p1a: Oatchi|18\/100 psn|[from] psn\n|upkeep\n|\n|t:|1701054856\n|switch|p2a: Rillaboom|Rillaboom, F|100\/100\n|-damage|p2a: Rillaboom|88\/100|[from] Stealth Rock\n|-fieldstart|move: Grassy Terrain|[from] ability: Grassy Surge|[of] p2a: Rillaboom\n|turn|11\n|\n|t:|1701054873\n|-terastallize|p1a: Oatchi|Poison\n|move|p2a: Rillaboom|Grassy Glide|p1a: Oatchi\n|-resisted|p1a: Oatchi\n|-damage|p1a: Oatchi|4\/100 psn\n|-damage|p2a: Rillaboom|76\/100|[from] ability: Rough Skin|[of] p1a: Oatchi\n|-damage|p2a: Rillaboom|66\/100|[from] item: Life Orb\n|move|p1a: Oatchi|Tera Blast|p2a: Rillaboom|[anim] Tera Blast Poison\n|-supereffective|p2a: Rillaboom\n|-damage|p2a: Rillaboom|0 fnt\n|faint|p2a: Rillaboom\n|\n|-heal|p1a: Oatchi|10\/100 psn|[from] Grassy Terrain\n|-damage|p1a: Oatchi|0 fnt|[from] psn\n|faint|p1a: Oatchi\n|upkeep\n|\n|t:|1701054946\n|switch|p1a: Olimar|Tyranitar, F|100\/100\n|switch|p2a: Primarina|Primarina, F|100\/100\n|-status|p1a: Olimar|tox\n|-weather|Sandstorm|[from] ability: Sand Stream|[of] p1a: Olimar\n|-damage|p2a: Primarina|88\/100|[from] Stealth Rock\n|turn|12\n|\n|t:|1701054988\n|switch|p1a: Clefable|Clefable, F|100\/100\n|-status|p1a: Clefable|tox\n|move|p2a: Primarina|Surf|p1a: Clefable\n|-damage|p1a: Clefable|76\/100 tox\n|\n|-weather|Sandstorm|[upkeep]\n|-damage|p2a: Primarina|82\/100|[from] Sandstorm\n|-heal|p1a: Clefable|82\/100 tox|[from] Grassy Terrain\n|-heal|p2a: Primarina|88\/100|[from] Grassy Terrain\n|-heal|p1a: Clefable|89\/100 tox|[from] item: Leftovers\n|-sideend|p1: stevethebees|Reflect\n|upkeep\n|turn|13\n|j| dunsparcedingo\n|\n|t:|1701055037\n|move|p1a: Clefable|Wish|p1a: Clefable\n|move|p2a: Primarina|Surf|p1a: Clefable\n|-damage|p1a: Clefable|61\/100 tox\n|\n|-weather|Sandstorm|[upkeep]\n|-damage|p2a: Primarina|82\/100|[from] Sandstorm\n|-heal|p2a: Primarina|88\/100|[from] Grassy Terrain\n|-heal|p1a: Clefable|68\/100 tox|[from] Grassy Terrain\n|-heal|p1a: Clefable|74\/100 tox|[from] item: Leftovers\n|-sideend|p1: stevethebees|move: Light Screen\n|upkeep\n|turn|14\n|c| dunsparcedingo|go go go\n|\n|t:|1701055054\n|move|p2a: Primarina|Surf|p1a: Clefable\n|-damage|p1a: Clefable|23\/100 tox\n|move|p1a: Clefable|Teleport|p1a: Clefable\n|\n|t:|1701055058\n|switch|p1a: Espeon|Espeon, F|43\/100|[from] Teleport\n|-status|p1a: Espeon|tox\n|\n|-weather|Sandstorm|[upkeep]\n|-damage|p1a: Espeon|37\/100 tox|[from] Sandstorm\n|-damage|p2a: Primarina|82\/100|[from] Sandstorm\n|-heal|p1a: Espeon|100\/100 tox|[from] move: Wish|[wisher] Clefable\n|-heal|p2a: Primarina|88\/100|[from] Grassy Terrain\n|-damage|p1a: Espeon|94\/100 tox|[from] psn\n|upkeep\n|turn|15\n|j| RealJakePaulVEVO\n|\n|t:|1701055097\n|move|p1a: Espeon|Psyshock|p2a: Primarina\n|-damage|p2a: Primarina|42\/100\n|move|p2a: Primarina|Surf|p1a: Espeon\n|-damage|p1a: Espeon|0 fnt\n|faint|p1a: Espeon\n|\n|-weather|Sandstorm|[upkeep]\n|-damage|p2a: Primarina|36\/100|[from] Sandstorm\n|-heal|p2a: Primarina|42\/100|[from] Grassy Terrain\n|-fieldend|move: Grassy Terrain\n|upkeep\n|\n|t:|1701055112\n|switch|p1a: Clefable|Clefable, F|23\/100 tox\n|turn|16\n|\n|t:|1701055117\n|move|p1a: Clefable|Protect|p1a: Clefable\n|-singleturn|p1a: Clefable|Protect\n|move|p2a: Primarina|Surf|p1a: Clefable\n|-activate|p1a: Clefable|move: Protect\n|\n|-weather|none\n|-heal|p1a: Clefable|29\/100 tox|[from] item: Leftovers\n|upkeep\n|turn|17\n|\n|t:|1701055132\n|move|p2a: Primarina|Surf|p1a: Clefable\n|-damage|p1a: Clefable|0 fnt\n|faint|p1a: Clefable\n|\n|upkeep\n|\n|t:|1701055185\n|switch|p1a: Olimar|Tyranitar, F|100\/100 tox\n|-weather|Sandstorm|[from] ability: Sand Stream|[of] p1a: Olimar\n|turn|18\n|\n|t:|1701055196\n|detailschange|p1a: Olimar|Tyranitar-Mega, F\n|-mega|p1a: Olimar|Tyranitar|Tyranitarite\n|move|p1a: Olimar|Stone Edge|p2a: Primarina\n|-crit|p2a: Primarina\n|-damage|p2a: Primarina|0 fnt\n|faint|p2a: Primarina\n|\n|-weather|Sandstorm|[upkeep]\n|-damage|p1a: Olimar|94\/100 tox|[from] psn\n|upkeep\n|\n|t:|1701055212\n|switch|p2a: Infernape|Infernape, F|100\/100\n|-damage|p2a: Infernape|88\/100|[from] Stealth Rock\n|turn|19\n|\n|t:|1701055226\n|move|p2a: Infernape|Close Combat|p1a: Olimar\n|-supereffective|p1a: Olimar\n|-damage|p1a: Olimar|0 fnt\n|-unboost|p2a: Infernape|def|1\n|-unboost|p2a: Infernape|spd|1\n|faint|p1a: Olimar\n|\n|-weather|Sandstorm|[upkeep]\n|-damage|p2a: Infernape|82\/100|[from] Sandstorm\n|upkeep\n|\n|t:|1701055233\n|switch|p1a: Shepherd|Mesprit|5\/100\n|turn|20\n|\n|t:|1701055244\n|move|p2a: Infernape|Close Combat|p1a: Shepherd\n|-resisted|p1a: Shepherd\n|-damage|p1a: Shepherd|0 fnt\n|-unboost|p2a: Infernape|def|1\n|-unboost|p2a: Infernape|spd|1\n|faint|p1a: Shepherd\n|\n|win|xXNealXx420\n|c|\u2606stevethebees|gg\n|c|\u2606xXNealXx420|gg\n|c| dunsparcedingo|gg\n","uploadtime":1701055259,"views":7,"p1id":"stevethebees","p2id":"xxnealxx420","formatid":"gen9nationaldex","rating":0,"private":0,"password":""}