{"id":"gen9nationaldex-1993514976","p1":"DJRRRR","p2":"brunodiesinpart5","format":"[Gen 9] National Dex","log":"|j|\u2606DJRRRR\n|j|\u2606brunodiesinpart5\n|t:|1700326882\n|gametype|singles\n|player|p1|DJRRRR|roxie|1384\n|player|p2|brunodiesinpart5|fisherman|1461\n|teamsize|p1|6\n|teamsize|p2|6\n|gen|9\n|tier|[Gen 9] National Dex\n|rated|\n|rule|HP Percentage Mod: HP is shown in percentages\n|rule|Endless Battle Clause: Forcing endless battles is banned\n|rule|OHKO Clause: OHKO moves are banned\n|rule|Evasion Clause: Evasion abilities, items, and moves are banned\n|rule|Evasion Abilities Clause: Evasion abilities are banned\n|rule|Evasion Items Clause: Evasion items are banned\n|rule|Evasion Moves Clause: Evasion moves are banned\n|rule|Species Clause: Limit one of each Pok\u00e9mon\n|rule|Sleep Clause Mod: Limit one foe put to sleep\n|clearpoke\n|poke|p1|Greninja-*, M|\n|poke|p1|Pelipper, F|\n|poke|p1|Barraskewda, M|\n|poke|p1|Scizor, M|\n|poke|p1|Dragonite, M|\n|poke|p1|Zapdos|\n|poke|p2|Sneasler, F|\n|poke|p2|Tapu Lele|\n|poke|p2|Gliscor, F|\n|poke|p2|Charizard, F|\n|poke|p2|Kommo-o, F|\n|poke|p2|Kartana|\n|teampreview\n|inactive|Battle timer is ON: inactive players will automatically lose when time's up. (requested by brunodiesinpart5)\n|\n|t:|1700326975\n|start\n|switch|p1a: Pelipper|Pelipper, F|100\/100\n|switch|p2a: Tapu Lele|Tapu Lele|100\/100\n|-fieldstart|move: Psychic Terrain|[from] ability: Psychic Surge|[of] p2a: Tapu Lele\n|-weather|RainDance|[from] ability: Drizzle|[of] p1a: Pelipper\n|turn|1\n|\n|t:|1700326982\n|switch|p1a: Scizor|Scizor, M|100\/100\n|move|p2a: Tapu Lele|Psychic|p1a: Scizor\n|-resisted|p1a: Scizor\n|-damage|p1a: Scizor|71\/100\n|\n|-weather|RainDance|[upkeep]\n|upkeep\n|turn|2\n|\n|t:|1700326987\n|switch|p2a: Charizard|Charizard, F|100\/100\n|detailschange|p1a: Scizor|Scizor-Mega, M\n|-mega|p1a: Scizor|Scizor|Scizorite\n|move|p1a: Scizor|U-turn|p2a: Charizard\n|-resisted|p2a: Charizard\n|-damage|p2a: Charizard|88\/100\n|\n|t:|1700326991\n|switch|p1a: Barraskewda|Barraskewda, M|100\/100|[from] U-turn\n|\n|-weather|RainDance|[upkeep]\n|upkeep\n|turn|3\n|\n|t:|1700326996\n|detailschange|p2a: Charizard|Charizard-Mega-Y, F\n|-mega|p2a: Charizard|Charizard|Charizardite Y\n|-weather|SunnyDay|[from] ability: Drought|[of] p2a: Charizard\n|move|p1a: Barraskewda|Flip Turn|p2a: Charizard\n|-supereffective|p2a: Charizard\n|-damage|p2a: Charizard|23\/100\n|\n|t:|1700327003\n|switch|p1a: Pelipper|Pelipper, F|100\/100|[from] Flip Turn\n|-weather|RainDance|[from] ability: Drizzle|[of] p1a: Pelipper\n|move|p2a: Charizard|Solar Beam||[still]\n|-prepare|p2a: Charizard|Solar Beam\n|\n|-weather|RainDance|[upkeep]\n|upkeep\n|turn|4\n|\n|t:|1700327011\n|move|p2a: Charizard|Solar Beam|p1a: Pelipper|[from]lockedmove\n|-damage|p1a: Pelipper|69\/100\n|move|p1a: Pelipper|U-turn|p2a: Charizard\n|-resisted|p2a: Charizard\n|-damage|p2a: Charizard|20\/100\n|\n|t:|1700327015\n|switch|p1a: Barraskewda|Barraskewda, M|100\/100|[from] U-turn\n|\n|-weather|RainDance|[upkeep]\n|upkeep\n|turn|5\n|\n|t:|1700327021\n|switch|p2a: Kartana|Kartana|100\/100\n|move|p1a: Barraskewda|Flip Turn|p2a: Kartana\n|-resisted|p2a: Kartana\n|-damage|p2a: Kartana|64\/100\n|\n|t:|1700327041\n|switch|p1a: Greninja|Greninja, M|100\/100|[from] Flip Turn\n|\n|-weather|RainDance|[upkeep]\n|-fieldend|move: Psychic Terrain\n|upkeep\n|turn|6\n|\n|t:|1700327046\n|switch|p1a: Scizor|Scizor-Mega, M|71\/100\n|move|p2a: Kartana|Sacred Sword|p1a: Scizor\n|-damage|p1a: Scizor|46\/100\n|\n|-weather|RainDance|[upkeep]\n|upkeep\n|turn|7\n|\n|t:|1700327052\n|move|p2a: Kartana|Sacred Sword|p1a: Scizor\n|-damage|p1a: Scizor|20\/100\n|move|p1a: Scizor|U-turn|p2a: Kartana\n|-damage|p2a: Kartana|27\/100\n|\n|t:|1700327057\n|switch|p1a: Barraskewda|Barraskewda, M|100\/100|[from] U-turn\n|\n|-weather|RainDance|[upkeep]\n|upkeep\n|turn|8\n|\n|t:|1700327060\n|move|p1a: Barraskewda|Flip Turn|p2a: Kartana\n|-resisted|p2a: Kartana\n|-damage|p2a: Kartana|0 fnt\n|faint|p2a: Kartana\n|\n|t:|1700327072\n|switch|p1a: Zapdos|Zapdos|100\/100|[from] Flip Turn\n|\n|-weather|RainDance|[upkeep]\n|upkeep\n|\n|t:|1700327078\n|switch|p2a: Kommo-o|Kommo-o, F|100\/100\n|turn|9\n|\n|t:|1700327082\n|move|p1a: Zapdos|Hurricane|p2a: Kommo-o\n|-supereffective|p2a: Kommo-o\n|-damage|p2a: Kommo-o|0 fnt\n|faint|p2a: Kommo-o\n|\n|-weather|RainDance|[upkeep]\n|upkeep\n|\n|t:|1700327085\n|switch|p2a: Tapu Lele|Tapu Lele|100\/100\n|-fieldstart|move: Psychic Terrain|[from] ability: Psychic Surge|[of] p2a: Tapu Lele\n|turn|10\n|\n|t:|1700327090\n|move|p2a: Tapu Lele|Psychic|p1a: Zapdos\n|-damage|p1a: Zapdos|30\/100\n|-zpower|p1a: Zapdos\n|move|p1a: Zapdos|Supersonic Skystrike|p2a: Tapu Lele|[zeffect]\n|-damage|p2a: Tapu Lele|0 fnt\n|faint|p2a: Tapu Lele\n|\n|-weather|none\n|upkeep\n|\n|t:|1700327103\n|switch|p2a: Sneasler|Sneasler, F|100\/100\n|-enditem|p2a: Sneasler|Psychic Seed\n|-boost|p2a: Sneasler|spd|1|[from] item: Psychic Seed\n|turn|11\n|\n|t:|1700327108\n|-terastallize|p2a: Sneasler|Flying\n|move|p2a: Sneasler|Swords Dance|p2a: Sneasler\n|-boost|p2a: Sneasler|atk|2\n|move|p1a: Zapdos|Volt Switch|p2a: Sneasler\n|-supereffective|p2a: Sneasler\n|-damage|p2a: Sneasler|32\/100\n|\n|t:|1700327114\n|switch|p1a: Pelipper|Pelipper, F|69\/100|[from] Volt Switch\n|-weather|RainDance|[from] ability: Drizzle|[of] p1a: Pelipper\n|\n|-weather|RainDance|[upkeep]\n|upkeep\n|turn|12\n|\n|t:|1700327121\n|switch|p1a: Scizor|Scizor-Mega, M|20\/100\n|move|p2a: Sneasler|Dire Claw|p1a: Scizor\n|-immune|p1a: Scizor\n|\n|-weather|RainDance|[upkeep]\n|upkeep\n|turn|13\n|\n|t:|1700327125\n|move|p1a: Scizor|Bullet Punch|p2a: Sneasler\n|-hint|Psychic Terrain doesn't affect Pok\u00e9mon immune to Ground.\n|-damage|p2a: Sneasler|0 fnt\n|faint|p2a: Sneasler\n|\n|-weather|RainDance|[upkeep]\n|upkeep\n|\n|t:|1700327135\n|switch|p2a: Charizard|Charizard-Mega-Y, F|20\/100\n|-weather|SunnyDay|[from] ability: Drought|[of] p2a: Charizard\n|turn|14\n|\n|t:|1700327143\n|move|p1a: Scizor|Bullet Punch|p2a: Charizard\n|-hint|Psychic Terrain doesn't affect Pok\u00e9mon immune to Ground.\n|-resisted|p2a: Charizard\n|-damage|p2a: Charizard|0 fnt\n|faint|p2a: Charizard\n|\n|-weather|SunnyDay|[upkeep]\n|-fieldend|move: Psychic Terrain\n|upkeep\n|-message|brunodiesinpart5 forfeited.\n|\n|win|DJRRRR\n|raw|DJRRRR's rating: 1402 &rarr; <strong>1425<\/strong><br \/>(+23 for winning)\n|raw|brunodiesinpart5's rating: 1461 &rarr; <strong>1438<\/strong><br \/>(-23 for losing)\n|l|\u2606brunodiesinpart5\n","uploadtime":1700327158,"views":8,"p1id":"djrrrr","p2id":"brunodiesinpart5","formatid":"gen9nationaldex","rating":1425,"private":0,"password":""}