{"id":"gen9nationaldex-1993311048","p1":"steals many wives","p2":"Tianxiaoba","format":"[Gen 9] National Dex","log":"|j|\u2606steals many wives\n|j|\u2606Tianxiaoba\n|t:|1700295657\n|gametype|singles\n|player|p1|steals many wives|waitress|1135\n|player|p2|Tianxiaoba|cynthia|1027\n|teamsize|p1|6\n|teamsize|p2|6\n|gen|9\n|tier|[Gen 9] National Dex\n|rated|\n|rule|HP Percentage Mod: HP is shown in percentages\n|rule|Endless Battle Clause: Forcing endless battles is banned\n|rule|OHKO Clause: OHKO moves are banned\n|rule|Evasion Clause: Evasion abilities, items, and moves are banned\n|rule|Evasion Abilities Clause: Evasion abilities are banned\n|rule|Evasion Items Clause: Evasion items are banned\n|rule|Evasion Moves Clause: Evasion moves are banned\n|rule|Species Clause: Limit one of each Pok\u00e9mon\n|rule|Sleep Clause Mod: Limit one foe put to sleep\n|clearpoke\n|poke|p1|Amoonguss, F|\n|poke|p1|Nihilego|\n|poke|p1|Toxapex, F|\n|poke|p1|Drapion, F|\n|poke|p1|Salazzle, F|\n|poke|p1|Beedrill, M|\n|poke|p2|Charizard, F|\n|poke|p2|Rillaboom, F|\n|poke|p2|Great Tusk|\n|poke|p2|Garganacl, F|\n|poke|p2|Breloom, M|\n|poke|p2|Urshifu-*, F|\n|teampreview\n|inactive|Battle timer is ON: inactive players will automatically lose when time's up. (requested by Tianxiaoba)\n|\n|t:|1700295671\n|start\n|switch|p1a: Huggable|Toxapex, F|100\/100\n|switch|p2a: Charizard|Charizard, F, shiny|100\/100\n|turn|1\n|\n|t:|1700295689\n|detailschange|p2a: Charizard|Charizard-Mega-Y, F, shiny\n|-mega|p2a: Charizard|Charizard|Charizardite Y\n|-weather|SunnyDay|[from] ability: Drought|[of] p2a: Charizard\n|move|p2a: Charizard|Solar Beam||[still]\n|-prepare|p2a: Charizard|Solar Beam\n|-anim|p2a: Charizard|Solar Beam|p1a: Huggable\n|-damage|p1a: Huggable|54\/100\n|move|p1a: Huggable|Toxic Spikes|p2a: Charizard\n|-sidestart|p2: Tianxiaoba|move: Toxic Spikes\n|\n|-weather|SunnyDay|[upkeep]\n|-heal|p1a: Huggable|60\/100|[from] item: Black Sludge\n|upkeep\n|turn|2\n|\n|t:|1700295704\n|move|p1a: Huggable|Baneful Bunker|p1a: Huggable\n|-singleturn|p1a: Huggable|move: Protect\n|move|p2a: Charizard|Solar Beam||[still]\n|-prepare|p2a: Charizard|Solar Beam\n|-anim|p2a: Charizard|Solar Beam|p1a: Huggable\n|-activate|p1a: Huggable|move: Protect\n|\n|-weather|SunnyDay|[upkeep]\n|-heal|p1a: Huggable|66\/100|[from] item: Black Sludge\n|upkeep\n|turn|3\n|\n|t:|1700295717\n|move|p2a: Charizard|Solar Beam||[still]\n|-prepare|p2a: Charizard|Solar Beam\n|-anim|p2a: Charizard|Solar Beam|p1a: Huggable\n|-damage|p1a: Huggable|15\/100\n|move|p1a: Huggable|Scald|p2a: Charizard\n|-supereffective|p2a: Charizard\n|-damage|p2a: Charizard|76\/100\n|\n|-weather|SunnyDay|[upkeep]\n|-heal|p1a: Huggable|22\/100|[from] item: Black Sludge\n|upkeep\n|turn|4\n|\n|t:|1700295732\n|switch|p2a: Breloom|Breloom, M, shiny|100\/100\n|-status|p2a: Breloom|psn\n|move|p1a: Huggable|Scald|p2a: Breloom\n|-resisted|p2a: Breloom\n|-crit|p2a: Breloom\n|-damage|p2a: Breloom|87\/100 psn\n|\n|-weather|SunnyDay|[upkeep]\n|-heal|p1a: Huggable|28\/100|[from] item: Black Sludge\n|-damage|p2a: Breloom|75\/100 psn|[from] psn\n|upkeep\n|turn|5\n|\n|t:|1700295747\n|move|p2a: Breloom|Mach Punch|p1a: Huggable\n|-resisted|p1a: Huggable\n|-damage|p1a: Huggable|11\/100\n|move|p1a: Huggable|Sludge Bomb|p2a: Breloom\n|-supereffective|p2a: Breloom\n|-crit|p2a: Breloom\n|-damage|p2a: Breloom|0 fnt\n|faint|p2a: Breloom\n|\n|-weather|none\n|-heal|p1a: Huggable|18\/100|[from] item: Black Sludge\n|upkeep\n|\n|t:|1700295765\n|switch|p2a: Garganacl|Garganacl, F, shiny|100\/100\n|-status|p2a: Garganacl|psn\n|turn|6\n|\n|t:|1700295772\n|move|p1a: Huggable|Scald|p2a: Garganacl\n|-supereffective|p2a: Garganacl\n|-crit|p2a: Garganacl\n|-damage|p2a: Garganacl|33\/100 psn\n|move|p2a: Garganacl|Salt Cure|p1a: Huggable\n|-damage|p1a: Huggable|5\/100\n|-start|p1a: Huggable|Salt Cure\n|\n|-heal|p1a: Huggable|11\/100|[from] item: Black Sludge\n|-heal|p2a: Garganacl|39\/100 psn|[from] item: Leftovers\n|-damage|p2a: Garganacl|27\/100 psn|[from] psn\n|-damage|p1a: Huggable|0 fnt|[from] Salt Cure\n|faint|p1a: Huggable\n|upkeep\n|\n|t:|1700295790\n|switch|p1a: Jelly|Nihilego|100\/100\n|turn|7\n|\n|t:|1700295798\n|move|p1a: Jelly|Sludge Bomb|p2a: Garganacl\n|-resisted|p2a: Garganacl\n|-damage|p2a: Garganacl|5\/100 psn\n|move|p2a: Garganacl|Salt Cure|p1a: Jelly\n|-damage|p1a: Jelly|78\/100\n|-start|p1a: Jelly|Salt Cure\n|\n|-heal|p2a: Garganacl|12\/100 psn|[from] item: Leftovers\n|-damage|p2a: Garganacl|0 fnt|[from] psn\n|faint|p2a: Garganacl\n|-damage|p1a: Jelly|65\/100|[from] Salt Cure\n|upkeep\n|\n|t:|1700295818\n|switch|p2a: Great Tusk|Great Tusk, shiny|100\/100\n|-status|p2a: Great Tusk|psn\n|turn|8\n|\n|t:|1700295826\n|switch|p1a: Shrooms|Amoonguss, F|100\/100\n|move|p2a: Great Tusk|Headlong Rush|p1a: Shrooms\n|-damage|p1a: Shrooms|32\/100\n|-unboost|p2a: Great Tusk|def|1\n|-unboost|p2a: Great Tusk|spd|1\n|-damage|p2a: Great Tusk|91\/100 psn|[from] item: Life Orb\n|\n|-heal|p1a: Shrooms|38\/100|[from] item: Black Sludge\n|-damage|p2a: Great Tusk|78\/100 psn|[from] psn\n|upkeep\n|turn|9\n|\n|t:|1700295840\n|switch|p1a: Lizard Lady|Salazzle, F|100\/100\n|move|p2a: Great Tusk|Headlong Rush|p1a: Lizard Lady\n|-supereffective|p1a: Lizard Lady\n|-damage|p1a: Lizard Lady|0 fnt\n|-unboost|p2a: Great Tusk|def|1\n|-unboost|p2a: Great Tusk|spd|1\n|faint|p1a: Lizard Lady\n|-damage|p2a: Great Tusk|68\/100 psn|[from] item: Life Orb\n|\n|-damage|p2a: Great Tusk|56\/100 psn|[from] psn\n|upkeep\n|\n|t:|1700295859\n|switch|p1a: Jelly|Nihilego|65\/100\n|turn|10\n|\n|t:|1700295863\n|move|p1a: Jelly|Hex|p2a: Great Tusk\n|-damage|p2a: Great Tusk|0 fnt\n|faint|p2a: Great Tusk\n|-end|p2a: Great Tusk|Protosynthesis|[silent]\n|-ability|p1a: Jelly|Beast Boost|boost\n|-boost|p1a: Jelly|spa|1\n|\n|upkeep\n|\n|t:|1700295874\n|switch|p2a: Charizard|Charizard-Mega-Y, F, shiny|76\/100\n|-weather|SunnyDay|[from] ability: Drought|[of] p2a: Charizard\n|turn|11\n|\n|t:|1700295885\n|switch|p1a: Shrooms|Amoonguss, F|71\/100\n|move|p2a: Charizard|Solar Beam||[still]\n|-prepare|p2a: Charizard|Solar Beam\n|-anim|p2a: Charizard|Solar Beam|p1a: Shrooms\n|-resisted|p1a: Shrooms\n|-damage|p1a: Shrooms|60\/100\n|\n|-weather|SunnyDay|[upkeep]\n|-heal|p1a: Shrooms|67\/100|[from] item: Black Sludge\n|upkeep\n|turn|12\n|\n|t:|1700295896\n|switch|p1a: Stabitha|Drapion, F|100\/100\n|move|p2a: Charizard|Fire Blast|p1a: Stabitha|[miss]\n|-miss|p2a: Charizard|p1a: Stabitha\n|\n|-weather|SunnyDay|[upkeep]\n|upkeep\n|turn|13\n|\n|t:|1700295913\n|move|p2a: Charizard|Fire Blast|p1a: Stabitha\n|-damage|p1a: Stabitha|0 fnt\n|faint|p1a: Stabitha\n|\n|-weather|SunnyDay|[upkeep]\n|upkeep\n|\n|t:|1700295919\n|switch|p1a: Jelly|Nihilego|65\/100\n|turn|14\n|\n|t:|1700295927\n|move|p1a: Jelly|Power Gem|p2a: Charizard\n|-supereffective|p2a: Charizard\n|-damage|p2a: Charizard|0 fnt\n|faint|p2a: Charizard\n|-ability|p1a: Jelly|Beast Boost|boost\n|-boost|p1a: Jelly|spa|1\n|\n|-weather|SunnyDay|[upkeep]\n|upkeep\n|\n|t:|1700295936\n|switch|p2a: Rillaboom|Rillaboom, F, shiny|100\/100\n|-status|p2a: Rillaboom|psn\n|-fieldstart|move: Grassy Terrain|[from] ability: Grassy Surge|[of] p2a: Rillaboom\n|turn|15\n|\n|t:|1700295946\n|move|p1a: Jelly|Power Gem|p2a: Rillaboom\n|-damage|p2a: Rillaboom|17\/100 psn\n|move|p2a: Rillaboom|Swords Dance|p2a: Rillaboom\n|-boost|p2a: Rillaboom|atk|2\n|\n|-weather|none\n|-heal|p1a: Jelly|72\/100|[from] Grassy Terrain\n|-heal|p2a: Rillaboom|23\/100 psn|[from] Grassy Terrain\n|-damage|p2a: Rillaboom|10\/100 psn|[from] psn\n|upkeep\n|turn|16\n|\n|t:|1700295958\n|move|p2a: Rillaboom|Grassy Glide|p1a: Jelly\n|-damage|p1a: Jelly|0 fnt\n|faint|p1a: Jelly\n|-damage|p2a: Rillaboom|0 fnt|[from] item: Life Orb\n|faint|p2a: Rillaboom\n|\n|upkeep\n|\n|t:|1700295971\n|switch|p1a: Shrooms|Amoonguss, F|99\/100\n|switch|p2a: Urshifu|Urshifu-Rapid-Strike, F|100\/100\n|-status|p2a: Urshifu|psn\n|turn|17\n|\n|t:|1700295983\n|move|p2a: Urshifu|Iron Head|p1a: Shrooms\n|-damage|p1a: Shrooms|76\/100\n|move|p1a: Shrooms|Energy Ball|p2a: Urshifu\n|-supereffective|p2a: Urshifu\n|-damage|p2a: Urshifu|0 fnt\n|faint|p2a: Urshifu\n|\n|win|steals many wives\n|raw|steals many wives's rating: 1135 &rarr; <strong>1152<\/strong><br \/>(+17 for winning)\n|raw|Tianxiaoba's rating: 1027 &rarr; <strong>1017<\/strong><br \/>(-10 for losing)\n","uploadtime":1700295992,"views":22,"p1id":"stealsmanywives","p2id":"tianxiaoba","formatid":"gen9nationaldex","rating":1017,"private":0,"password":""}