{"id":"gen9nationaldex-1991922689","p1":"12ISR","p2":"Pursuit Of Perfect","format":"[Gen 9] National Dex","log":"|j|\u260612ISR\n|j|\u2606Pursuit Of Perfect\n|t:|1700138581\n|gametype|singles\n|player|p1|12ISR|265|1627\n|player|p2|Pursuit Of Perfect|lucy|1820\n|teamsize|p1|6\n|teamsize|p2|6\n|gen|9\n|tier|[Gen 9] National Dex\n|rated|\n|rule|HP Percentage Mod: HP is shown in percentages\n|rule|Endless Battle Clause: Forcing endless battles is banned\n|rule|OHKO Clause: OHKO moves are banned\n|rule|Evasion Clause: Evasion abilities, items, and moves are banned\n|rule|Evasion Abilities Clause: Evasion abilities are banned\n|rule|Evasion Items Clause: Evasion items are banned\n|rule|Evasion Moves Clause: Evasion moves are banned\n|rule|Species Clause: Limit one of each Pok\u00e9mon\n|rule|Sleep Clause Mod: Limit one foe put to sleep\n|clearpoke\n|poke|p1|Entei|\n|poke|p1|Ogerpon-Wellspring, F|\n|poke|p1|Garchomp, F|\n|poke|p1|Blissey, F|\n|poke|p1|Thundurus-Therian, M|\n|poke|p1|Aegislash, M|\n|poke|p2|Moltres|\n|poke|p2|Meowscarada, M|\n|poke|p2|Keldeo-Resolute|\n|poke|p2|Hippowdon, F|\n|poke|p2|Latias, F|\n|poke|p2|Metagross|\n|teampreview\n|inactive|Battle timer is ON: inactive players will automatically lose when time's up. (requested by Pursuit Of Perfect)\n|\n|t:|1700138602\n|start\n|switch|p1a: Ogerpon|Ogerpon-Wellspring, F|100\/100\n|switch|p2a: Keldeo|Keldeo-Resolute|100\/100\n|turn|1\n|\n|t:|1700138617\n|switch|p2a: Latias|Latias, F|100\/100\n|move|p1a: Ogerpon|Trailblaze|p2a: Latias\n|-resisted|p2a: Latias\n|-damage|p2a: Latias|81\/100\n|-boost|p1a: Ogerpon|spe|1\n|\n|upkeep\n|turn|2\n|\n|t:|1700138621\n|detailschange|p2a: Latias|Latias-Mega, F\n|-mega|p2a: Latias|Latias|Latiasite\n|move|p1a: Ogerpon|Play Rough|p2a: Latias\n|-supereffective|p2a: Latias\n|-damage|p2a: Latias|13\/100\n|-unboost|p2a: Latias|atk|1\n|move|p2a: Latias|Dragon Pulse|p1a: Ogerpon\n|-damage|p1a: Ogerpon|44\/100\n|\n|upkeep\n|turn|3\n|\n|t:|1700138635\n|switch|p2a: Meowscarada|Meowscarada, M|100\/100\n|move|p1a: Ogerpon|Ivy Cudgel|p2a: Meowscarada|[anim] Ivy Cudgel Water\n|-resisted|p2a: Meowscarada\n|-damage|p2a: Meowscarada|51\/100\n|\n|upkeep\n|turn|4\n|\n|t:|1700138645\n|move|p2a: Meowscarada|U-turn|p1a: Ogerpon\n|-supereffective|p1a: Ogerpon\n|-damage|p1a: Ogerpon|0 fnt\n|faint|p1a: Ogerpon\n|\n|t:|1700138652\n|switch|p2a: Keldeo|Keldeo-Resolute|100\/100|[from] U-turn\n|\n|upkeep\n|\n|t:|1700138665\n|switch|p1a: Thundurus|Thundurus-Therian, M|100\/100\n|turn|5\n|\n|t:|1700138672\n|switch|p2a: Hippowdon|Hippowdon, F|100\/100\n|-weather|Sandstorm|[from] ability: Sand Stream|[of] p2a: Hippowdon\n|-terastallize|p1a: Thundurus|Water\n|move|p1a: Thundurus|Tera Blast|p2a: Hippowdon|[anim] Tera Blast Water\n|-supereffective|p2a: Hippowdon\n|-damage|p2a: Hippowdon|22\/100\n|\n|-weather|Sandstorm|[upkeep]\n|-damage|p1a: Thundurus|94\/100|[from] Sandstorm\n|-heal|p2a: Hippowdon|28\/100|[from] item: Leftovers\n|upkeep\n|turn|6\n|\n|t:|1700138682\n|switch|p2a: Keldeo|Keldeo-Resolute|100\/100\n|move|p1a: Thundurus|Tera Blast|p2a: Keldeo|[anim] Tera Blast Water\n|-resisted|p2a: Keldeo\n|-damage|p2a: Keldeo|74\/100\n|\n|-weather|Sandstorm|[upkeep]\n|-damage|p2a: Keldeo|68\/100|[from] Sandstorm\n|-damage|p1a: Thundurus|88\/100|[from] Sandstorm\n|-heal|p2a: Keldeo|74\/100|[from] item: Leftovers\n|upkeep\n|turn|7\n|\n|t:|1700138692\n|move|p2a: Keldeo|Substitute|p2a: Keldeo\n|-start|p2a: Keldeo|Substitute\n|-damage|p2a: Keldeo|50\/100\n|move|p1a: Thundurus|Volt Switch|p2a: Keldeo\n|-supereffective|p2a: Keldeo\n|-end|p2a: Keldeo|Substitute\n|\n|t:|1700138706\n|switch|p1a: Aegislash|Aegislash, M|100\/100|[from] Volt Switch\n|\n|-weather|Sandstorm|[upkeep]\n|-damage|p2a: Keldeo|44\/100|[from] Sandstorm\n|-heal|p2a: Keldeo|50\/100|[from] item: Leftovers\n|upkeep\n|turn|8\n|\n|t:|1700138718\n|switch|p2a: Moltres|Moltres|100\/100\n|-formechange|p1a: Aegislash|Aegislash-Blade||[from] ability: Stance Change\n|move|p1a: Aegislash|Shadow Ball|p2a: Moltres\n|-damage|p2a: Moltres|55\/100\n|\n|-weather|Sandstorm|[upkeep]\n|-damage|p2a: Moltres|49\/100|[from] Sandstorm\n|upkeep\n|turn|9\n|\n|t:|1700138724\n|switch|p1a: Blissey|Blissey, F|100\/100\n|move|p2a: Moltres|Roost|p2a: Moltres\n|-heal|p2a: Moltres|99\/100\n|-singleturn|p2a: Moltres|move: Roost\n|\n|-weather|none\n|upkeep\n|turn|10\n|\n|t:|1700138734\n|switch|p2a: Hippowdon|Hippowdon, F|28\/100\n|-weather|Sandstorm|[from] ability: Sand Stream|[of] p2a: Hippowdon\n|move|p1a: Blissey|Thunder Wave|p2a: Hippowdon\n|-immune|p2a: Hippowdon\n|\n|-weather|Sandstorm|[upkeep]\n|-damage|p1a: Blissey|94\/100|[from] Sandstorm\n|-heal|p1a: Blissey|100\/100|[from] item: Leftovers\n|-heal|p2a: Hippowdon|34\/100|[from] item: Leftovers\n|upkeep\n|turn|11\n|\n|t:|1700138737\n|move|p1a: Blissey|Seismic Toss|p2a: Hippowdon\n|-damage|p2a: Hippowdon|10\/100\n|move|p2a: Hippowdon|Slack Off|p2a: Hippowdon\n|-heal|p2a: Hippowdon|60\/100\n|\n|-weather|Sandstorm|[upkeep]\n|-damage|p1a: Blissey|94\/100|[from] Sandstorm\n|-heal|p1a: Blissey|100\/100|[from] item: Leftovers\n|-heal|p2a: Hippowdon|66\/100|[from] item: Leftovers\n|upkeep\n|turn|12\n|\n|t:|1700138743\n|move|p2a: Hippowdon|Stealth Rock|p1a: Blissey\n|-sidestart|p1: 12ISR|move: Stealth Rock\n|move|p1a: Blissey|Teleport|p1a: Blissey\n|\n|t:|1700138755\n|switch|p1a: Garchomp|Garchomp, F|100\/100|[from] Teleport\n|-damage|p1a: Garchomp|94\/100|[from] Stealth Rock\n|\n|-weather|Sandstorm|[upkeep]\n|-heal|p2a: Hippowdon|73\/100|[from] item: Leftovers\n|upkeep\n|turn|13\n|\n|t:|1700138759\n|move|p1a: Garchomp|Toxic|p2a: Hippowdon\n|-status|p2a: Hippowdon|tox\n|move|p2a: Hippowdon|Toxic|p1a: Garchomp\n|-status|p1a: Garchomp|tox\n|\n|-weather|Sandstorm|[upkeep]\n|-heal|p2a: Hippowdon|79\/100 tox|[from] item: Leftovers\n|-damage|p1a: Garchomp|88\/100 tox|[from] psn\n|-damage|p2a: Hippowdon|73\/100 tox|[from] psn\n|upkeep\n|turn|14\n|\n|t:|1700138763\n|switch|p2a: Latias|Latias-Mega, F|13\/100\n|move|p1a: Garchomp|Stealth Rock|p2a: Latias\n|-sidestart|p2: Pursuit Of Perfect|move: Stealth Rock\n|\n|-weather|none\n|-damage|p1a: Garchomp|76\/100 tox|[from] psn\n|upkeep\n|turn|15\n|\n|t:|1700138772\n|switch|p1a: Blissey|Blissey, F|100\/100\n|-damage|p1a: Blissey|88\/100|[from] Stealth Rock\n|move|p2a: Latias|Recover|p2a: Latias\n|-heal|p2a: Latias|64\/100\n|\n|-heal|p1a: Blissey|94\/100|[from] item: Leftovers\n|upkeep\n|turn|16\n|\n|t:|1700138780\n|switch|p2a: Hippowdon|Hippowdon, F|73\/100 tox\n|-damage|p2a: Hippowdon|66\/100 tox|[from] Stealth Rock\n|-weather|Sandstorm|[from] ability: Sand Stream|[of] p2a: Hippowdon\n|move|p1a: Blissey|Thunder Wave|p2a: Hippowdon\n|-immune|p2a: Hippowdon\n|\n|-weather|Sandstorm|[upkeep]\n|-damage|p1a: Blissey|88\/100|[from] Sandstorm\n|-heal|p1a: Blissey|94\/100|[from] item: Leftovers\n|-heal|p2a: Hippowdon|73\/100 tox|[from] item: Leftovers\n|-damage|p2a: Hippowdon|66\/100 tox|[from] psn\n|upkeep\n|turn|17\n|\n|t:|1700138799\n|move|p1a: Blissey|Seismic Toss|p2a: Hippowdon\n|-damage|p2a: Hippowdon|43\/100 tox\n|move|p2a: Hippowdon|Slack Off|p2a: Hippowdon\n|-heal|p2a: Hippowdon|93\/100 tox\n|\n|-weather|Sandstorm|[upkeep]\n|-damage|p1a: Blissey|88\/100|[from] Sandstorm\n|-heal|p1a: Blissey|94\/100|[from] item: Leftovers\n|-heal|p2a: Hippowdon|99\/100 tox|[from] item: Leftovers\n|-damage|p2a: Hippowdon|86\/100 tox|[from] psn\n|upkeep\n|turn|18\n|\n|t:|1700138804\n|switch|p2a: Metagross|Metagross|100\/100\n|-damage|p2a: Metagross|95\/100|[from] Stealth Rock\n|move|p1a: Blissey|Seismic Toss|p2a: Metagross\n|-damage|p2a: Metagross|61\/100\n|\n|-weather|Sandstorm|[upkeep]\n|-damage|p1a: Blissey|88\/100|[from] Sandstorm\n|-heal|p1a: Blissey|94\/100|[from] item: Leftovers\n|upkeep\n|turn|19\n|\n|t:|1700138815\n|move|p2a: Metagross|Agility|p2a: Metagross\n|-boost|p2a: Metagross|spe|2\n|move|p1a: Blissey|Thunder Wave|p2a: Metagross\n|-status|p2a: Metagross|par\n|\n|-weather|Sandstorm|[upkeep]\n|-damage|p1a: Blissey|88\/100|[from] Sandstorm\n|-heal|p1a: Blissey|94\/100|[from] item: Leftovers\n|upkeep\n|turn|20\n|\n|t:|1700138822\n|move|p2a: Metagross|Earthquake|p1a: Blissey\n|-damage|p1a: Blissey|61\/100\n|move|p1a: Blissey|Seismic Toss|p2a: Metagross\n|-damage|p2a: Metagross|28\/100 par\n|\n|-weather|none\n|-heal|p1a: Blissey|68\/100|[from] item: Leftovers\n|upkeep\n|turn|21\n|l|\u2606Pursuit Of Perfect\n|inactive|Pursuit Of Perfect disconnected and has a minute to reconnect!\n|player|p2|\n|j|\u2606Pursuit Of Perfect\n|inactive|Pursuit Of Perfect reconnected and has 130 seconds left.\n|player|p2|Pursuit Of Perfect|lucy\n|\n|t:|1700138848\n|move|p2a: Metagross|Earthquake|p1a: Blissey\n|-damage|p1a: Blissey|33\/100\n|move|p1a: Blissey|Soft-Boiled|p1a: Blissey\n|-heal|p1a: Blissey|83\/100\n|\n|-heal|p1a: Blissey|89\/100|[from] item: Leftovers\n|upkeep\n|turn|22\n|l|\u2606Pursuit Of Perfect\n|inactive|Pursuit Of Perfect disconnected and has a minute to reconnect!\n|player|p2|\n|j|\u2606Pursuit Of Perfect\n|inactive|Pursuit Of Perfect reconnected and has 120 seconds left.\n|player|p2|Pursuit Of Perfect|lucy\n|\n|t:|1700138869\n|cant|p2a: Metagross|par\n|move|p1a: Blissey|Seismic Toss|p2a: Metagross\n|-damage|p2a: Metagross|0 fnt\n|faint|p2a: Metagross\n|\n|-heal|p1a: Blissey|95\/100|[from] item: Leftovers\n|upkeep\n|\n|t:|1700138871\n|switch|p2a: Keldeo|Keldeo-Resolute|50\/100\n|-damage|p2a: Keldeo|44\/100|[from] Stealth Rock\n|turn|23\n|\n|t:|1700138880\n|switch|p1a: Aegislash|Aegislash, M|100\/100\n|-damage|p1a: Aegislash|94\/100|[from] Stealth Rock\n|move|p2a: Keldeo|Calm Mind|p2a: Keldeo\n|-boost|p2a: Keldeo|spa|1\n|-boost|p2a: Keldeo|spd|1\n|\n|-heal|p2a: Keldeo|50\/100|[from] item: Leftovers\n|upkeep\n|turn|24\n|\n|t:|1700138887\n|move|p2a: Keldeo|Substitute|p2a: Keldeo\n|-start|p2a: Keldeo|Substitute\n|-damage|p2a: Keldeo|25\/100\n|-formechange|p1a: Aegislash|Aegislash-Blade||[from] ability: Stance Change\n|move|p1a: Aegislash|Shadow Ball|p2a: Keldeo\n|-end|p2a: Keldeo|Substitute\n|\n|-heal|p2a: Keldeo|31\/100|[from] item: Leftovers\n|upkeep\n|turn|25\n|\n|t:|1700138898\n|-formechange|p1a: Aegislash|Aegislash||[from] ability: Stance Change\n|move|p1a: Aegislash|King's Shield|p1a: Aegislash\n|-singleturn|p1a: Aegislash|Protect\n|move|p2a: Keldeo|Scald|p1a: Aegislash\n|-activate|p1a: Aegislash|move: Protect\n|\n|-heal|p2a: Keldeo|37\/100|[from] item: Leftovers\n|upkeep\n|turn|26\n|\n|t:|1700138902\n|move|p2a: Keldeo|Scald|p1a: Aegislash\n|-damage|p1a: Aegislash|42\/100\n|-status|p1a: Aegislash|brn\n|-formechange|p1a: Aegislash|Aegislash-Blade||[from] ability: Stance Change\n|move|p1a: Aegislash|Shadow Ball|p2a: Keldeo\n|-damage|p2a: Keldeo|0 fnt\n|faint|p2a: Keldeo\n|\n|-damage|p1a: Aegislash|36\/100 brn|[from] brn\n|upkeep\n|\n|t:|1700138918\n|switch|p2a: Moltres|Moltres|99\/100\n|turn|27\n|\n|t:|1700138923\n|-formechange|p1a: Aegislash|Aegislash||[from] ability: Stance Change\n|move|p1a: Aegislash|King's Shield|p1a: Aegislash\n|-singleturn|p1a: Aegislash|Protect\n|move|p2a: Moltres|Scorching Sands|p1a: Aegislash\n|-activate|p1a: Aegislash|move: Protect\n|\n|-damage|p1a: Aegislash|30\/100 brn|[from] brn\n|upkeep\n|turn|28\n|\n|t:|1700138932\n|switch|p1a: Blissey|Blissey, F|95\/100\n|-damage|p1a: Blissey|83\/100|[from] Stealth Rock\n|move|p2a: Moltres|Defog|p1a: Blissey\n|-unboost|p1a: Blissey|evasion|1\n|-sideend|p1: 12ISR|Stealth Rock|[from] move: Defog|[of] p2a: Moltres\n|-sideend|p2: Pursuit Of Perfect|Stealth Rock|[from] move: Defog|[of] p2a: Moltres\n|\n|-heal|p1a: Blissey|89\/100|[from] item: Leftovers\n|upkeep\n|turn|29\n|\n|t:|1700138940\n|switch|p2a: Hippowdon|Hippowdon, F|86\/100 tox\n|-weather|Sandstorm|[from] ability: Sand Stream|[of] p2a: Hippowdon\n|move|p1a: Blissey|Seismic Toss|p2a: Hippowdon\n|-damage|p2a: Hippowdon|63\/100 tox\n|\n|-weather|Sandstorm|[upkeep]\n|-damage|p1a: Blissey|83\/100|[from] Sandstorm\n|-heal|p1a: Blissey|89\/100|[from] item: Leftovers\n|-heal|p2a: Hippowdon|69\/100 tox|[from] item: Leftovers\n|-damage|p2a: Hippowdon|63\/100 tox|[from] psn\n|upkeep\n|turn|30\n|\n|t:|1700138943\n|move|p1a: Blissey|Seismic Toss|p2a: Hippowdon\n|-damage|p2a: Hippowdon|39\/100 tox\n|move|p2a: Hippowdon|Stealth Rock|p1a: Blissey\n|-sidestart|p1: 12ISR|move: Stealth Rock\n|\n|-weather|Sandstorm|[upkeep]\n|-damage|p1a: Blissey|83\/100|[from] Sandstorm\n|-heal|p1a: Blissey|89\/100|[from] item: Leftovers\n|-heal|p2a: Hippowdon|45\/100 tox|[from] item: Leftovers\n|-damage|p2a: Hippowdon|33\/100 tox|[from] psn\n|upkeep\n|turn|31\n|\n|t:|1700138949\n|move|p1a: Blissey|Seismic Toss|p2a: Hippowdon\n|-damage|p2a: Hippowdon|9\/100 tox\n|move|p2a: Hippowdon|Slack Off|p2a: Hippowdon\n|-heal|p2a: Hippowdon|59\/100 tox\n|\n|-weather|Sandstorm|[upkeep]\n|-damage|p1a: Blissey|83\/100|[from] Sandstorm\n|-heal|p1a: Blissey|89\/100|[from] item: Leftovers\n|-heal|p2a: Hippowdon|65\/100 tox|[from] item: Leftovers\n|-damage|p2a: Hippowdon|46\/100 tox|[from] psn\n|upkeep\n|turn|32\n|\n|t:|1700138953\n|switch|p2a: Moltres|Moltres|99\/100\n|move|p1a: Blissey|Seismic Toss|p2a: Moltres\n|-damage|p2a: Moltres|73\/100\n|-status|p1a: Blissey|brn|[from] ability: Flame Body|[of] p2a: Moltres\n|\n|-weather|Sandstorm|[upkeep]\n|-damage|p2a: Moltres|66\/100|[from] Sandstorm\n|-damage|p1a: Blissey|83\/100 brn|[from] Sandstorm\n|-heal|p1a: Blissey|89\/100 brn|[from] item: Leftovers\n|-damage|p1a: Blissey|83\/100 brn|[from] brn\n|upkeep\n|turn|33\n|\n|t:|1700138957\n|switch|p2a: Hippowdon|Hippowdon, F|46\/100 tox\n|move|p1a: Blissey|Thunder Wave|p2a: Hippowdon\n|-immune|p2a: Hippowdon\n|\n|-weather|none\n|-heal|p1a: Blissey|89\/100 brn|[from] item: Leftovers\n|-heal|p2a: Hippowdon|53\/100 tox|[from] item: Leftovers\n|-damage|p2a: Hippowdon|46\/100 tox|[from] psn\n|-damage|p1a: Blissey|83\/100 brn|[from] brn\n|upkeep\n|turn|34\n|\n|t:|1700138961\n|move|p1a: Blissey|Seismic Toss|p2a: Hippowdon\n|-damage|p2a: Hippowdon|23\/100 tox\n|move|p2a: Hippowdon|Slack Off|p2a: Hippowdon\n|-heal|p2a: Hippowdon|73\/100 tox\n|\n|-heal|p1a: Blissey|89\/100 brn|[from] item: Leftovers\n|-heal|p2a: Hippowdon|79\/100 tox|[from] item: Leftovers\n|-damage|p2a: Hippowdon|66\/100 tox|[from] psn\n|-damage|p1a: Blissey|83\/100 brn|[from] brn\n|upkeep\n|turn|35\n|\n|t:|1700138967\n|switch|p2a: Meowscarada|Meowscarada, M|51\/100\n|move|p1a: Blissey|Thunder Wave|p2a: Meowscarada\n|-status|p2a: Meowscarada|par\n|\n|-heal|p1a: Blissey|89\/100 brn|[from] item: Leftovers\n|-damage|p1a: Blissey|83\/100 brn|[from] brn\n|upkeep\n|turn|36\n|\n|t:|1700138974\n|-curestatus|p1a: Blissey|brn|[from] ability: Natural Cure\n|switch|p1a: Garchomp|Garchomp, F|76\/100 tox\n|-damage|p1a: Garchomp|70\/100 tox|[from] Stealth Rock\n|cant|p2a: Meowscarada|par\n|\n|-damage|p1a: Garchomp|63\/100 tox|[from] psn\n|upkeep\n|turn|37\n|\n|t:|1700138985\n|move|p2a: Meowscarada|Flower Trick|p1a: Garchomp\n|-crit|p1a: Garchomp\n|-damage|p1a: Garchomp|36\/100 tox\n|move|p1a: Garchomp|Dragon Tail|p2a: Meowscarada\n|-damage|p2a: Meowscarada|12\/100 par\n|drag|p2a: Hippowdon|Hippowdon, F|66\/100 tox\n|-weather|Sandstorm|[from] ability: Sand Stream|[of] p2a: Hippowdon\n|\n|-weather|Sandstorm|[upkeep]\n|-heal|p2a: Hippowdon|73\/100 tox|[from] item: Leftovers\n|-damage|p1a: Garchomp|24\/100 tox|[from] psn\n|-damage|p2a: Hippowdon|66\/100 tox|[from] psn\n|upkeep\n|turn|38\n|\n|t:|1700138996\n|switch|p2a: Moltres|Moltres|66\/100\n|move|p1a: Garchomp|Stealth Rock|p2a: Moltres\n|-sidestart|p2: Pursuit Of Perfect|move: Stealth Rock\n|\n|-weather|Sandstorm|[upkeep]\n|-damage|p2a: Moltres|60\/100|[from] Sandstorm\n|-damage|p1a: Garchomp|5\/100 tox|[from] psn\n|upkeep\n|turn|39\n|\n|t:|1700139001\n|move|p2a: Moltres|Defog|p1a: Garchomp\n|-unboost|p1a: Garchomp|evasion|1\n|-sideend|p1: 12ISR|Stealth Rock|[from] move: Defog|[of] p2a: Moltres\n|-sideend|p2: Pursuit Of Perfect|Stealth Rock|[from] move: Defog|[of] p2a: Moltres\n|move|p1a: Garchomp|Toxic|p2a: Moltres\n|-status|p2a: Moltres|tox\n|\n|-weather|Sandstorm|[upkeep]\n|-damage|p2a: Moltres|54\/100 tox|[from] Sandstorm\n|-damage|p2a: Moltres|48\/100 tox|[from] psn\n|-damage|p1a: Garchomp|0 fnt|[from] psn\n|faint|p1a: Garchomp\n|upkeep\n|\n|t:|1700139008\n|switch|p1a: Thundurus|Thundurus-Therian, M, tera:Water|88\/100\n|turn|40\n|\n|t:|1700139018\n|switch|p2a: Latias|Latias-Mega, F|64\/100\n|move|p1a: Thundurus|Tera Blast|p2a: Latias|[anim] Tera Blast Water\n|-resisted|p2a: Latias\n|-damage|p2a: Latias|46\/100\n|\n|-weather|Sandstorm|[upkeep]\n|-damage|p2a: Latias|40\/100|[from] Sandstorm\n|-damage|p1a: Thundurus|82\/100|[from] Sandstorm\n|upkeep\n|turn|41\n|\n|t:|1700139027\n|switch|p1a: Aegislash|Aegislash, M|30\/100 brn\n|move|p2a: Latias|Recover|p2a: Latias\n|-heal|p2a: Latias|90\/100\n|\n|-weather|none\n|-damage|p1a: Aegislash|24\/100 brn|[from] brn\n|upkeep\n|turn|42\n|\n|t:|1700139040\n|switch|p2a: Moltres|Moltres|48\/100 tox\n|-formechange|p1a: Aegislash|Aegislash-Blade||[from] ability: Stance Change\n|move|p1a: Aegislash|Shadow Sneak|p2a: Moltres\n|-damage|p2a: Moltres|40\/100 tox\n|\n|-damage|p2a: Moltres|34\/100 tox|[from] psn\n|-damage|p1a: Aegislash|17\/100 brn|[from] brn\n|upkeep\n|turn|43\n|\n|t:|1700139047\n|switch|p1a: Blissey|Blissey, F|83\/100\n|move|p2a: Moltres|Roost|p2a: Moltres\n|-heal|p2a: Moltres|84\/100 tox\n|-singleturn|p2a: Moltres|move: Roost\n|\n|-heal|p1a: Blissey|89\/100|[from] item: Leftovers\n|-damage|p2a: Moltres|71\/100 tox|[from] psn\n|upkeep\n|turn|44\n|\n|t:|1700139056\n|switch|p2a: Latias|Latias-Mega, F|90\/100\n|move|p1a: Blissey|Seismic Toss|p2a: Latias\n|-damage|p2a: Latias|57\/100\n|\n|-heal|p1a: Blissey|95\/100|[from] item: Leftovers\n|upkeep\n|turn|45\n|\n|t:|1700139067\n|switch|p2a: Hippowdon|Hippowdon, F|66\/100 tox\n|-weather|Sandstorm|[from] ability: Sand Stream|[of] p2a: Hippowdon\n|move|p1a: Blissey|Thunder Wave|p2a: Hippowdon\n|-immune|p2a: Hippowdon\n|\n|-weather|Sandstorm|[upkeep]\n|-damage|p1a: Blissey|89\/100|[from] Sandstorm\n|-heal|p1a: Blissey|95\/100|[from] item: Leftovers\n|-heal|p2a: Hippowdon|73\/100 tox|[from] item: Leftovers\n|-damage|p2a: Hippowdon|66\/100 tox|[from] psn\n|upkeep\n|turn|46\n|\n|t:|1700139071\n|move|p1a: Blissey|Seismic Toss|p2a: Hippowdon\n|-damage|p2a: Hippowdon|43\/100 tox\n|move|p2a: Hippowdon|Stealth Rock|p1a: Blissey\n|-sidestart|p1: 12ISR|move: Stealth Rock\n|\n|-weather|Sandstorm|[upkeep]\n|-damage|p1a: Blissey|89\/100|[from] Sandstorm\n|-heal|p1a: Blissey|95\/100|[from] item: Leftovers\n|-heal|p2a: Hippowdon|49\/100 tox|[from] item: Leftovers\n|-damage|p2a: Hippowdon|36\/100 tox|[from] psn\n|upkeep\n|turn|47\n|\n|t:|1700139076\n|move|p1a: Blissey|Seismic Toss|p2a: Hippowdon\n|-damage|p2a: Hippowdon|13\/100 tox\n|move|p2a: Hippowdon|Slack Off|p2a: Hippowdon\n|-heal|p2a: Hippowdon|63\/100 tox\n|\n|-weather|Sandstorm|[upkeep]\n|-damage|p1a: Blissey|89\/100|[from] Sandstorm\n|-heal|p1a: Blissey|95\/100|[from] item: Leftovers\n|-heal|p2a: Hippowdon|69\/100 tox|[from] item: Leftovers\n|-damage|p2a: Hippowdon|50\/100 tox|[from] psn\n|upkeep\n|turn|48\n|\n|t:|1700139085\n|move|p1a: Blissey|Seismic Toss|p2a: Hippowdon\n|-damage|p2a: Hippowdon|26\/100 tox\n|move|p2a: Hippowdon|Earthquake|p1a: Blissey\n|-damage|p1a: Blissey|62\/100\n|\n|-weather|Sandstorm|[upkeep]\n|-damage|p1a: Blissey|55\/100|[from] Sandstorm\n|-heal|p1a: Blissey|62\/100|[from] item: Leftovers\n|-heal|p2a: Hippowdon|33\/100 tox|[from] item: Leftovers\n|-damage|p2a: Hippowdon|8\/100 tox|[from] psn\n|upkeep\n|turn|49\n|\n|t:|1700139092\n|move|p1a: Blissey|Seismic Toss|p2a: Hippowdon\n|-damage|p2a: Hippowdon|0 fnt\n|faint|p2a: Hippowdon\n|\n|-weather|none\n|-heal|p1a: Blissey|68\/100|[from] item: Leftovers\n|upkeep\n|\n|t:|1700139095\n|switch|p2a: Meowscarada|Meowscarada, M|12\/100 par\n|turn|50\n|\n|t:|1700139104\n|-terastallize|p2a: Meowscarada|Grass\n|move|p2a: Meowscarada|Flower Trick|p1a: Blissey\n|-crit|p1a: Blissey\n|-damage|p1a: Blissey|0 fnt\n|faint|p1a: Blissey\n|\n|upkeep\n|\n|t:|1700139121\n|switch|p1a: Entei|Entei|100\/100\n|turn|51\n|\n|t:|1700139133\n|move|p1a: Entei|Extreme Speed|p2a: Meowscarada\n|-damage|p2a: Meowscarada|0 fnt\n|faint|p2a: Meowscarada\n|\n|upkeep\n|\n|t:|1700139137\n|switch|p2a: Latias|Latias-Mega, F|57\/100\n|turn|52\n|\n|t:|1700139145\n|move|p2a: Latias|Recover|p2a: Latias\n|-heal|p2a: Latias|100\/100\n|move|p1a: Entei|Stone Edge|p2a: Latias|[miss]\n|-miss|p1a: Entei|p2a: Latias\n|\n|upkeep\n|turn|53\n|\n|t:|1700139154\n|move|p2a: Latias|Dragon Pulse|p1a: Entei\n|-damage|p1a: Entei|50\/100\n|move|p1a: Entei|Stone Edge|p2a: Latias|[miss]\n|-miss|p1a: Entei|p2a: Latias\n|\n|upkeep\n|turn|54\n|c|\u260612ISR|fucking fuck\n|\n|t:|1700139163\n|move|p1a: Entei|Extreme Speed|p2a: Latias\n|-damage|p2a: Latias|71\/100\n|move|p2a: Latias|Dragon Pulse|p1a: Entei\n|-damage|p1a: Entei|0 fnt\n|faint|p1a: Entei\n|\n|upkeep\n|\n|t:|1700139174\n|switch|p1a: Thundurus|Thundurus-Therian, M, tera:Water|82\/100\n|-damage|p1a: Thundurus|70\/100|[from] Stealth Rock\n|turn|55\n|\n|t:|1700139182\n|move|p2a: Latias|Dragon Pulse|p1a: Thundurus\n|-damage|p1a: Thundurus|11\/100\n|move|p1a: Thundurus|Sludge Wave|p2a: Latias\n|-damage|p2a: Latias|42\/100\n|-status|p2a: Latias|psn\n|\n|-damage|p2a: Latias|29\/100 psn|[from] psn\n|upkeep\n|turn|56\n|\n|t:|1700139192\n|move|p2a: Latias|Dragon Pulse|p1a: Thundurus\n|-damage|p1a: Thundurus|0 fnt\n|faint|p1a: Thundurus\n|\n|-damage|p2a: Latias|17\/100 psn|[from] psn\n|upkeep\n|\n|t:|1700139194\n|switch|p1a: Aegislash|Aegislash, M|17\/100 brn\n|-damage|p1a: Aegislash|11\/100 brn|[from] Stealth Rock\n|turn|57\n|\n|t:|1700139200\n|switch|p2a: Moltres|Moltres|71\/100 tox\n|-formechange|p1a: Aegislash|Aegislash-Blade||[from] ability: Stance Change\n|move|p1a: Aegislash|Shadow Sneak|p2a: Moltres\n|-damage|p2a: Moltres|65\/100 tox\n|\n|-damage|p2a: Moltres|59\/100 tox|[from] psn\n|-damage|p1a: Aegislash|5\/100 brn|[from] brn\n|upkeep\n|turn|58\n|\n|t:|1700139206\n|move|p2a: Moltres|Defog|p1a: Aegislash\n|-unboost|p1a: Aegislash|evasion|1\n|-sideend|p1: 12ISR|Stealth Rock|[from] move: Defog|[of] p2a: Moltres\n|-zpower|p1a: Aegislash\n|move|p1a: Aegislash|Never-Ending Nightmare|p2a: Moltres|[zeffect]\n|-damage|p2a: Moltres|0 fnt\n|faint|p2a: Moltres\n|\n|-damage|p1a: Aegislash|0 fnt|[from] brn\n|faint|p1a: Aegislash\n|\n|win|Pursuit Of Perfect\n|upkeep\n|raw|12ISR's rating: 1627 &rarr; <strong>1617<\/strong><br \/>(-10 for losing)\n|raw|Pursuit Of Perfect's rating: 1820 &rarr; <strong>1830<\/strong><br \/>(+10 for winning)\n","uploadtime":1700139161,"views":4,"p1id":"12isr","p2id":"pursuitofperfect","formatid":"gen9nationaldex","rating":1617,"private":0,"password":""}