{"id":"gen9nationaldex-1993567787","p1":"JuzOzuj","p2":"OnlyPyper","format":"[Gen 9] National Dex","log":"|j|\u2606JuzOzuj\n|j|\u2606OnlyPyper\n|t:|1700332624\n|gametype|singles\n|player|p1|JuzOzuj|170|\n|player|p2|OnlyPyper|shauntal|\n|teamsize|p1|6\n|teamsize|p2|6\n|gen|9\n|tier|[Gen 9] National Dex\n|rule|HP Percentage Mod: HP is shown in percentages\n|rule|Endless Battle Clause: Forcing endless battles is banned\n|rule|OHKO Clause: OHKO moves are banned\n|rule|Evasion Clause: Evasion abilities, items, and moves are banned\n|rule|Evasion Abilities Clause: Evasion abilities are banned\n|rule|Evasion Items Clause: Evasion items are banned\n|rule|Evasion Moves Clause: Evasion moves are banned\n|rule|Species Clause: Limit one of each Pok\u00e9mon\n|rule|Sleep Clause Mod: Limit one foe put to sleep\n|clearpoke\n|poke|p1|Meowscarada, M|\n|poke|p1|Blaziken, F|\n|poke|p1|Togekiss, F|\n|poke|p1|Hydreigon, M|\n|poke|p1|Golisopod, M|\n|poke|p1|Toxapex, F|\n|poke|p2|Quaquaval, F|\n|poke|p2|Ceruledge, F|\n|poke|p2|Slither Wing|\n|poke|p2|Farigiraf, F|\n|poke|p2|Bombirdier, F|\n|poke|p2|Arboliva, F|\n|teampreview\n|j| Corazonmorado27\n|c| Corazonmorado27|suerte miadas uwu\n|c|\u2606OnlyPyper|Tenkius qlona uwu\n|c|\u2606JuzOzuj|tenkius wapap\n|c|\u2606JuzOzuj|uwu\n|\n|t:|1700332693\n|start\n|switch|p1a: Asmodeus|Meowscarada, M|100\/100\n|switch|p2a: Toriat|Bombirdier, F|100\/100\n|turn|1\n|c| Corazonmorado27|denankius uwu\n|\n|t:|1700332707\n|move|p1a: Asmodeus|U-turn|p2a: Toriat\n|-start|p1a: Asmodeus|typechange|Bug|[from] ability: Protean\n|-damage|p2a: Toriat|64\/100\n|\n|t:|1700332711\n|switch|p1a: Lotan|Toxapex, F|100\/100|[from] U-turn\n|move|p2a: Toriat|Knock Off|p1a: Lotan\n|-damage|p1a: Lotan|79\/100\n|-enditem|p1a: Lotan|Leftovers|[from] move: Knock Off|[of] p2a: Toriat\n|\n|upkeep\n|turn|2\n|\n|t:|1700332724\n|move|p2a: Toriat|Taunt|p1a: Lotan\n|-start|p1a: Lotan|move: Taunt\n|cant|p1a: Lotan|move: Taunt|Toxic\n|\n|upkeep\n|turn|3\n|\n|t:|1700332736\n|switch|p1a: Cass|Togekiss, F, shiny|100\/100\n|move|p2a: Toriat|Stealth Rock|p1a: Cass\n|-sidestart|p1: JuzOzuj|move: Stealth Rock\n|\n|upkeep\n|turn|4\n|\n|t:|1700332748\n|move|p2a: Toriat|Knock Off|p1a: Cass\n|-resisted|p1a: Cass\n|-damage|p1a: Cass|85\/100\n|-enditem|p1a: Cass|Heavy-Duty Boots|[from] move: Knock Off|[of] p2a: Toriat\n|move|p1a: Cass|Defog|p2a: Toriat\n|-unboost|p2a: Toriat|evasion|1\n|-sideend|p1: JuzOzuj|Stealth Rock|[from] move: Defog|[of] p1a: Cass\n|\n|upkeep\n|turn|5\n|j| mixco\n|\n|t:|1700332763\n|switch|p1a: Brigit|Blaziken, F|100\/100\n|move|p2a: Toriat|Stealth Rock|p1a: Brigit\n|-sidestart|p1: JuzOzuj|move: Stealth Rock\n|\n|upkeep\n|turn|6\n|\n|t:|1700332784\n|switch|p2a: Odet|Ceruledge, F|100\/100\n|move|p1a: Brigit|Protect||[still]\n|-fail|p1a: Brigit\n|\n|-ability|p1a: Brigit|Speed Boost|boost\n|-boost|p1a: Brigit|spe|1\n|upkeep\n|turn|7\n|\n|t:|1700332804\n|move|p1a: Brigit|Protect|p1a: Brigit\n|-singleturn|p1a: Brigit|Protect\n|move|p2a: Odet|Swords Dance|p2a: Odet\n|-boost|p2a: Odet|atk|2\n|\n|-ability|p1a: Brigit|Speed Boost|boost\n|-boost|p1a: Brigit|spe|1\n|upkeep\n|turn|8\n|c| Corazonmorado27|porque?\n|c| Corazonmorado27|ya eres m\u00e1s veloz mensa\n|c| Corazonmorado27|XD\n|c|\u2606JuzOzuj|no tengo terremoto\n|c|\u2606JuzOzuj|XD\n|c|\u2606JuzOzuj|es que no se que hacer\n|c|\u2606JuzOzuj|tengo rato que no juego el team\n|c|\u2606JuzOzuj|aver\n|c|\u2606OnlyPyper|Ekisde\n|c| Corazonmorado27|:quede:\n|c|\u2606JuzOzuj|MMMMM\n|c| mixco|El pendejo el pendejo\n|\n|t:|1700332856\n|switch|p1a: Lotan|Toxapex, F|100\/100\n|-damage|p1a: Lotan|88\/100|[from] Stealth Rock\n|move|p2a: Odet|Bitter Blade|p1a: Lotan\n|-resisted|p1a: Lotan\n|-crit|p1a: Lotan\n|-damage|p1a: Lotan|45\/100\n|\n|upkeep\n|turn|9\n|c| Corazonmorado27|lindo crit\n|\n|t:|1700332884\n|switch|p2a: Aziza|Farigiraf, F|100\/100\n|move|p1a: Lotan|Haze|p1a: Lotan\n|-clearallboost\n|\n|upkeep\n|turn|10\n|\n|t:|1700332892\n|switch|p1a: Abaddon|Golisopod, M|100\/100\n|-damage|p1a: Abaddon|76\/100|[from] Stealth Rock\n|move|p2a: Aziza|Light Screen|p2a: Aziza\n|-sidestart|p2: OnlyPyper|move: Light Screen\n|\n|upkeep\n|turn|11\n|\n|t:|1700332903\n|move|p2a: Aziza|Reflect|p2a: Aziza\n|-sidestart|p2: OnlyPyper|Reflect\n|move|p1a: Abaddon|Knock Off|p2a: Aziza\n|-supereffective|p2a: Aziza\n|-damage|p2a: Aziza|66\/100\n|-enditem|p2a: Aziza|Light Clay|[from] move: Knock Off|[of] p1a: Abaddon\n|\n|upkeep\n|turn|12\n|\n|t:|1700332913\n|move|p2a: Aziza|Thunder Wave|p1a: Abaddon\n|-status|p1a: Abaddon|par\n|move|p1a: Abaddon|Liquidation|p2a: Aziza\n|-damage|p2a: Aziza|44\/100\n|\n|upkeep\n|turn|13\n|c| Corazonmorado27|dondequedoelpinchefirstimpression?\n|c|\u2606OnlyPyper|La hab cora\n|c| Corazonmorado27|aaaaa\n|c| Corazonmorado27|si cierto\n|c| Corazonmorado27|jajajjaja\n|\n|t:|1700332947\n|switch|p2a: Seina|Arboliva, F|100\/100\n|cant|p1a: Abaddon|par\n|\n|upkeep\n|turn|14\n|c|\u2606OnlyPyper|Mucho \ud83d\udc49\ud83d\udc48 pero tiene lo ovarios bien grandes para quedarse enfrente de un bicho y plantar pantallas xd\n|\n|t:|1700332984\n|move|p2a: Seina|Leaf Storm|p1a: Abaddon\n|-crit|p1a: Abaddon\n|-damage|p1a: Abaddon|0 fnt\n|-unboost|p2a: Seina|spa|2\n|faint|p1a: Abaddon\n|\n|upkeep\n|\n|t:|1700332999\n|switch|p1a: Brigit|Blaziken, F|100\/100\n|-damage|p1a: Brigit|88\/100|[from] Stealth Rock\n|turn|15\n|\n|t:|1700333005\n|switch|p2a: Odet|Ceruledge, F|100\/100\n|move|p1a: Brigit|Swords Dance|p1a: Brigit\n|-boost|p1a: Brigit|atk|2\n|\n|-ability|p1a: Brigit|Speed Boost|boost\n|-boost|p1a: Brigit|spe|1\n|upkeep\n|turn|16\n|c| Corazonmorado27|jajahabhbha\n|\n|t:|1700333012\n|-zpower|p1a: Brigit\n|move|p1a: Brigit|Inferno Overdrive|p2a: Odet|[zeffect]\n|-resisted|p2a: Odet\n|-damage|p2a: Odet|23\/100\n|-ability|p2a: Odet|Weak Armor|boost\n|-unboost|p2a: Odet|def|1\n|-boost|p2a: Odet|spe|2\n|move|p2a: Odet|Swords Dance|p2a: Odet\n|-boost|p2a: Odet|atk|2\n|\n|-ability|p1a: Brigit|Speed Boost|boost\n|-boost|p1a: Brigit|spe|1\n|upkeep\n|turn|17\n|c|\u2606OnlyPyper|Ahora s\u00ed soy m\u00e1s r\u00e1pida\n|c|\u2606JuzOzuj|dios\n|c|\u2606JuzOzuj|como me la jugue\n|\n|t:|1700333040\n|move|p1a: Brigit|Protect|p1a: Brigit\n|-singleturn|p1a: Brigit|Protect\n|move|p2a: Odet|Shadow Sneak|p1a: Brigit\n|-activate|p1a: Brigit|move: Protect\n|\n|-sideend|p2: OnlyPyper|move: Light Screen\n|-ability|p1a: Brigit|Speed Boost|boost\n|-boost|p1a: Brigit|spe|1\n|upkeep\n|turn|18\n|c|\u2606JuzOzuj|Y AKI ES CUANDO\n|c|\u2606JuzOzuj|CELL\n|c|\u2606JuzOzuj|SINTIO EL VERDADERO TEMOR\n|c|\u2606JuzOzuj|me va a papear\n|c|\u2606JuzOzuj|XD\n|c|\u2606OnlyPyper|Tienes suerte de que no sea flash flre\n|\n|t:|1700333076\n|move|p2a: Odet|Shadow Sneak|p1a: Brigit\n|-damage|p1a: Brigit|22\/100\n|move|p1a: Brigit|Flare Blitz|p2a: Odet\n|-resisted|p2a: Odet\n|-damage|p2a: Odet|0 fnt\n|faint|p2a: Odet\n|-damage|p1a: Brigit|15\/100|[from] Recoil\n|\n|-sideend|p2: OnlyPyper|Reflect\n|-ability|p1a: Brigit|Speed Boost|boost\n|-boost|p1a: Brigit|spe|1\n|upkeep\n|c| Corazonmorado27|y si\n|c|\u2606JuzOzuj|me la jugue mucho\n|c|\u2606JuzOzuj|con lo del flahs fire\n|\n|t:|1700333097\n|switch|p2a: Matsuri|Quaquaval, F|100\/100\n|turn|19\n|c|\u2606OnlyPyper|Matsuri vas a morir\n|c| Corazonmorado27|XD\n|c|\u2606OnlyPyper|Demostrado que tiene una debilidad por los fuego\/lucha(?\n|c|\u2606OnlyPyper|Jskajskabz\n|c| Corazonmorado27|XDXDXD\n|c| mixco|Kshfjsjf\n|c| Corazonmorado27|Mori tmb\n|c| Corazonmorado27|jsjsjsj\n|c|\u2606JuzOzuj|XD\n|c|\u2606OnlyPyper|Y los wonejos tmb\n|\n|t:|1700333159\n|move|p1a: Brigit|Close Combat|p2a: Matsuri\n|-damage|p2a: Matsuri|0 fnt\n|-unboost|p1a: Brigit|def|1\n|-unboost|p1a: Brigit|spd|1\n|faint|p2a: Matsuri\n|\n|-ability|p1a: Brigit|Speed Boost|boost\n|-boost|p1a: Brigit|spe|1\n|upkeep\n|c|\u2606JuzOzuj|el diablo\n|c|\u2606OnlyPyper|Efectivamente\n|\n|t:|1700333171\n|switch|p2a: Toriat|Bombirdier, F|64\/100\n|turn|20\n|c| Corazonmorado27|rapido, alguien use prioridad\n|c| Corazonmorado27|ok no\n|c|\u2606OnlyPyper|Est\u00e1 no tiene xd\n|c|\u2606OnlyPyper|No tengo de hecho\n|c| Corazonmorado27|ekisde\n|c|\u2606OnlyPyper|Es polilla booster xd\n|c| Corazonmorado27|lel\n|c|\u2606OnlyPyper|Y esta es support\n|c|\u2606JuzOzuj|vovli\n|c|\u2606JuzOzuj|xd\n|c|\u2606OnlyPyper|Volvi\u00f3\n|\n|t:|1700333213\n|-terastallize|p2a: Toriat|Ghost\n|move|p1a: Brigit|Close Combat|p2a: Toriat\n|-immune|p2a: Toriat\n|move|p2a: Toriat|Knock Off|p1a: Brigit\n|-resisted|p1a: Brigit\n|-damage|p1a: Brigit|0 fnt\n|faint|p1a: Brigit\n|\n|upkeep\n|c|\u2606JuzOzuj|HIJA DE PUTA\n|c|\u2606OnlyPyper|Jskanzkabzks\n|c| Corazonmorado27|ekisde\n|c|\u2606JuzOzuj|KGASJDGJASGDIASD\n|c|\u2606JuzOzuj|ME LA HIZO\n|c|\u2606JuzOzuj|XDDDDDDDDDDDDDDDDD\n|c|\u2606OnlyPyper|O te matabas con el flare\n|c|\u2606JuzOzuj|ubiera hecho flare\n|c|\u2606JuzOzuj|chales\n|\n|t:|1700333245\n|switch|p1a: Asmodeus|Meowscarada, M|100\/100\n|-damage|p1a: Asmodeus|88\/100|[from] Stealth Rock\n|turn|21\n|c| Corazonmorado27|y belfe en plan: es hora de hacer kills\n|c|\u2606JuzOzuj|A\n|c| Corazonmorado27|o no\n|c| Corazonmorado27|XD\n|c|\u2606JuzOzuj|QUE HICE\n|c|\u2606JuzOzuj|XDDDDDDDDDD\n|c|\u2606OnlyPyper|Cada d\u00eda m\u00e1s canon lo de cajita de sorpresas jsjsjsjs\n|c| Corazonmorado27|XDXD\n|\n|t:|1700333272\n|move|p1a: Asmodeus|Flower Trick|p2a: Toriat\n|-start|p1a: Asmodeus|typechange|Grass|[from] ability: Protean\n|-crit|p2a: Toriat\n|-damage|p2a: Toriat|11\/100\n|move|p2a: Toriat|Knock Off|p1a: Asmodeus\n|-damage|p1a: Asmodeus|38\/100\n|-enditem|p1a: Asmodeus|Focus Sash|[from] move: Knock Off|[of] p2a: Toriat\n|\n|upkeep\n|turn|22\n|c|\u2606OnlyPyper|Messi\n|\n|t:|1700333290\n|move|p1a: Asmodeus|Thunder Punch|p2a: Toriat\n|-damage|p2a: Toriat|0 fnt\n|faint|p2a: Toriat\n|\n|upkeep\n|c|\u2606JuzOzuj|ya perdi xd\n|\n|t:|1700333307\n|switch|p2a: Seina|Arboliva, F|100\/100\n|turn|23\n|c|\u2606JuzOzuj|la polilla me swepear\n|c|\u2606JuzOzuj|y la planta me aguanta\n|c|\u2606OnlyPyper|No tiene terremoto xd\n|\n|t:|1700333336\n|move|p1a: Asmodeus|U-turn|p2a: Seina\n|-supereffective|p2a: Seina\n|-damage|p2a: Seina|56\/100\n|-fieldstart|move: Grassy Terrain|[from] ability: Seed Sower|[of] p2a: Seina\n|\n|t:|1700333341\n|switch|p1a: Cass|Togekiss, F, shiny|85\/100|[from] U-turn\n|-damage|p1a: Cass|60\/100|[from] Stealth Rock\n|move|p2a: Seina|Leaf Storm|p1a: Cass\n|-resisted|p1a: Cass\n|-damage|p1a: Cass|13\/100\n|-unboost|p2a: Seina|spa|2\n|\n|-heal|p2a: Seina|62\/100|[from] Grassy Terrain\n|upkeep\n|turn|24\n|\n|t:|1700333353\n|switch|p2a: Aziza|Farigiraf, F|44\/100\n|move|p1a: Cass|Soft-Boiled|p1a: Cass\n|-heal|p1a: Cass|63\/100\n|\n|-heal|p2a: Aziza|50\/100|[from] Grassy Terrain\n|upkeep\n|turn|25\n|c|\u2606OnlyPyper|Watafak\n|c|\u2606JuzOzuj|Soft boiled pa los panas\n|c|\u2606JuzOzuj|XDDD\n|c|\u2606JuzOzuj|XDDDDDDDDD\n|c| Corazonmorado27|XD\n|c|\u2606OnlyPyper|Que raro es ver usar ese move a un poke que no sea la gorda rosa xd\n|c| Corazonmorado27|y si\n|\n|t:|1700333404\n|move|p1a: Cass|Air Slash|p2a: Aziza\n|-damage|p2a: Aziza|30\/100\n|move|p2a: Aziza|Light Screen|p2a: Aziza\n|-sidestart|p2: OnlyPyper|move: Light Screen\n|\n|-heal|p2a: Aziza|36\/100|[from] Grassy Terrain\n|upkeep\n|turn|26\n|c| mixco|A cass le gusta comer webos\n|\n|t:|1700333412\n|move|p1a: Cass|Thunder Wave|p2a: Aziza\n|-status|p2a: Aziza|par\n|move|p2a: Aziza|Thunder Wave|p1a: Cass\n|-status|p1a: Cass|par\n|\n|-heal|p2a: Aziza|42\/100 par|[from] Grassy Terrain\n|upkeep\n|turn|27\n|\n|t:|1700333423\n|move|p1a: Cass|Defog|p2a: Aziza\n|-unboost|p2a: Aziza|evasion|1\n|-sideend|p2: OnlyPyper|move: Light Screen\n|-sideend|p1: JuzOzuj|Stealth Rock|[from] move: Defog|[of] p1a: Cass\n|-fieldend|move: Grassy Terrain\n|cant|p2a: Aziza|par\n|\n|upkeep\n|turn|28\n|c| Corazonmorado27|comoasiCass?\n|c|\u2606JuzOzuj|XDDDD\n|c|\u2606OnlyPyper|Que hetere de su parte\n|c|\u2606JuzOzuj|ca: :tevoyacastrarjuzo:\n|c| Corazonmorado27|XDXD\n|\n|t:|1700333460\n|move|p1a: Cass|Air Slash|p2a: Aziza\n|-damage|p2a: Aziza|23\/100 par\n|cant|p2a: Aziza|par\n|\n|upkeep\n|turn|29\n|c| Corazonmorado27|quiere quitarle los huevos a alguien\n|c| Corazonmorado27|pa comerselos\n|c| Corazonmorado27|n fly\n|\n|t:|1700333477\n|move|p1a: Cass|Air Slash|p2a: Aziza\n|-damage|p2a: Aziza|1\/100 par\n|cant|p2a: Aziza|flinch\n|\n|upkeep\n|turn|30\n|\n|t:|1700333483\n|move|p1a: Cass|Air Slash|p2a: Aziza\n|-damage|p2a: Aziza|0 fnt\n|faint|p2a: Aziza\n|\n|upkeep\n|\n|t:|1700333489\n|switch|p2a: Slither Wing|Slither Wing|100\/100\n|-enditem|p2a: Slither Wing|Booster Energy\n|-activate|p2a: Slither Wing|ability: Protosynthesis|[fromitem]\n|-start|p2a: Slither Wing|protosynthesisatk\n|turn|31\n|c| mixco|Jshfjsjfdj\n|c|\u2606OnlyPyper|Paralizate puta\n|\n|t:|1700333519\n|-terastallize|p1a: Cass|Steel\n|move|p2a: Slither Wing|Flame Charge|p1a: Cass\n|-supereffective|p1a: Cass\n|-damage|p1a: Cass|19\/100 par\n|-boost|p2a: Slither Wing|spe|1\n|move|p1a: Cass|Air Slash|p2a: Slither Wing\n|-supereffective|p2a: Slither Wing\n|-damage|p2a: Slither Wing|0 fnt\n|faint|p2a: Slither Wing\n|-end|p2a: Slither Wing|Protosynthesis|[silent]\n|\n|upkeep\n|c| Corazonmorado27|mala idea\n|c|\u2606JuzOzuj|IUASSIDUASDAS\n|c|\u2606JuzOzuj|WEY\n|\n|t:|1700333531\n|switch|p2a: Seina|Arboliva, F|62\/100\n|turn|32\n|c|\u2606JuzOzuj|PENSABA QUE ME IBA A TIRAR WILD CHARGE\n|\n|t:|1700333542\n|move|p2a: Seina|Tera Blast|p1a: Cass\n|-resisted|p1a: Cass\n|-damage|p1a: Cass|0 fnt\n|faint|p1a: Cass\n|\n|upkeep\n|c| Corazonmorado27|te predijo la tera\n|c| Corazonmorado27|XD\n|\n|t:|1700333552\n|switch|p1a: Asmodeus|Meowscarada, M|38\/100\n|turn|33\n|c|\u2606OnlyPyper|Deb\u00ed tirar cc directamente\n|\n|t:|1700333561\n|move|p1a: Asmodeus|U-turn|p2a: Seina\n|-start|p1a: Asmodeus|typechange|Bug|[from] ability: Protean\n|-supereffective|p2a: Seina\n|-damage|p2a: Seina|0 fnt\n|-fieldstart|move: Grassy Terrain|[from] ability: Seed Sower|[of] p2a: Seina\n|faint|p2a: Seina\n|\n|win|JuzOzuj\n|c|\u2606JuzOzuj|Sep\n|c|\u2606JuzOzuj|gg\n|c| Corazonmorado27|gg\n|c|\u2606OnlyPyper|Gg\n|c| mixco|gg\n|l| mixco\n","uploadtime":1700333724,"views":6,"p1id":"juzozuj","p2id":"onlypyper","formatid":"gen9nationaldex","rating":0,"private":0,"password":""}