{"id":"gen9nationaldex-1999497189","p1":"thattomattguy","p2":"Chacharealsmoove","format":"[Gen 9] National Dex","log":"|html|<div class=\"broadcast-blue\"><strong>[Gen 9] National Dex is currently suspecting Sneasler! For information on how to participate check out the <a href=\"https:\/\/www.smogon.com\/forums\/threads\/sv-national-dex-suspect-8-just-dance.3731534\/\">suspect thread<\/a>.<\/strong><\/div>\n|j|\u2606thattomattguy\n|j|\u2606Chacharealsmoove\n|t:|1701089156\n|gametype|singles\n|player|p1|thattomattguy|169|1050\n|player|p2|Chacharealsmoove|ingo|1136\n|teamsize|p1|6\n|teamsize|p2|6\n|gen|9\n|tier|[Gen 9] National Dex\n|rated|\n|rule|HP Percentage Mod: HP is shown in percentages\n|rule|Endless Battle Clause: Forcing endless battles is banned\n|rule|OHKO Clause: OHKO moves are banned\n|rule|Evasion Clause: Evasion abilities, items, and moves are banned\n|rule|Evasion Abilities Clause: Evasion abilities are banned\n|rule|Evasion Items Clause: Evasion items are banned\n|rule|Evasion Moves Clause: Evasion moves are banned\n|rule|Species Clause: Limit one of each Pok\u00e9mon\n|rule|Sleep Clause Mod: Limit one foe put to sleep\n|clearpoke\n|poke|p1|Pelipper, F|\n|poke|p1|Swampert, F|\n|poke|p1|Ferrothorn, M|\n|poke|p1|Zapdos|\n|poke|p1|Goodra-Hisui, F|\n|poke|p1|Crawdaunt, F|\n|poke|p2|Pelipper, F|\n|poke|p2|Swampert, F|\n|poke|p2|Ferrothorn, F|\n|poke|p2|Zapdos|\n|poke|p2|Goodra-Hisui, F|\n|poke|p2|Crawdaunt, F|\n|teampreview\n|\n|t:|1701089196\n|start\n|switch|p1a: Ferrothorn|Ferrothorn, M|100\/100\n|switch|p2a: Zapdos|Zapdos|100\/100\n|turn|1\n|\n|t:|1701089215\n|move|p2a: Zapdos|Defog|p1a: Ferrothorn\n|-unboost|p1a: Ferrothorn|evasion|1\n|move|p1a: Ferrothorn|Stealth Rock|p2a: Zapdos\n|-sidestart|p2: Chacharealsmoove|move: Stealth Rock\n|\n|upkeep\n|turn|2\n|\n|t:|1701089222\n|move|p2a: Zapdos|Hurricane|p1a: Ferrothorn\n|-damage|p1a: Ferrothorn|62\/100\n|move|p1a: Ferrothorn|Leech Seed|p2a: Zapdos|[miss]\n|-miss|p1a: Ferrothorn|p2a: Zapdos\n|\n|upkeep\n|turn|3\n|\n|t:|1701089230\n|move|p2a: Zapdos|Defog|p1a: Ferrothorn\n|-unboost|p1a: Ferrothorn|evasion|1\n|-sideend|p2: Chacharealsmoove|Stealth Rock|[from] move: Defog|[of] p2a: Zapdos\n|move|p1a: Ferrothorn|Leech Seed|p2a: Zapdos\n|-start|p2a: Zapdos|move: Leech Seed\n|\n|-damage|p2a: Zapdos|88\/100|[from] Leech Seed|[of] p1a: Ferrothorn\n|-heal|p1a: Ferrothorn|76\/100|[silent]\n|upkeep\n|turn|4\n|\n|t:|1701089239\n|switch|p2a: Pelipper|Pelipper, F|100\/100\n|-weather|RainDance|[from] ability: Drizzle|[of] p2a: Pelipper\n|move|p1a: Ferrothorn|Protect||[still]\n|-fail|p1a: Ferrothorn\n|\n|-weather|RainDance|[upkeep]\n|upkeep\n|turn|5\n|\n|t:|1701089263\n|move|p2a: Pelipper|U-turn|p1a: Ferrothorn\n|-damage|p1a: Ferrothorn|71\/100\n|-damage|p2a: Pelipper|88\/100|[from] ability: Iron Barbs|[of] p1a: Ferrothorn\n|-damage|p2a: Pelipper|72\/100|[from] item: Rocky Helmet|[of] p1a: Ferrothorn\n|\n|t:|1701089272\n|switch|p2a: Goodra|Goodra-Hisui, F|100\/100|[from] U-turn\n|move|p1a: Ferrothorn|Leech Seed|p2a: Goodra\n|-ability|p2a: Goodra|Sap Sipper|boost\n|-boost|p2a: Goodra|atk|1\n|\n|-weather|RainDance|[upkeep]\n|upkeep\n|turn|6\n|\n|t:|1701089297\n|switch|p1a: Swampert|Swampert, F|100\/100\n|move|p2a: Goodra|Knock Off|p1a: Swampert\n|-damage|p1a: Swampert|78\/100\n|\n|-weather|RainDance|[upkeep]\n|upkeep\n|turn|7\n|\n|t:|1701089313\n|switch|p2a: Pelipper|Pelipper, F|72\/100\n|detailschange|p1a: Swampert|Swampert-Mega, F\n|-mega|p1a: Swampert|Swampert|Swampertite\n|move|p1a: Swampert|Waterfall|p2a: Pelipper\n|-resisted|p2a: Pelipper\n|-damage|p2a: Pelipper|39\/100\n|\n|-weather|RainDance|[upkeep]\n|upkeep\n|turn|8\n|\n|t:|1701089331\n|move|p1a: Swampert|Ice Punch|p2a: Pelipper\n|-damage|p2a: Pelipper|15\/100\n|move|p2a: Pelipper|Roost|p2a: Pelipper\n|-heal|p2a: Pelipper|65\/100\n|-singleturn|p2a: Pelipper|move: Roost\n|\n|-weather|RainDance|[upkeep]\n|upkeep\n|turn|9\n|\n|t:|1701089338\n|switch|p1a: Pelipper|Pelipper, F|100\/100\n|move|p2a: Pelipper|Roost|p2a: Pelipper\n|-heal|p2a: Pelipper|100\/100\n|-singleturn|p2a: Pelipper|move: Roost\n|\n|-weather|RainDance|[upkeep]\n|upkeep\n|turn|10\n|\n|t:|1701089344\n|move|p1a: Pelipper|Toxic|p2a: Pelipper\n|-status|p2a: Pelipper|tox\n|move|p2a: Pelipper|U-turn|p1a: Pelipper\n|-resisted|p1a: Pelipper\n|-damage|p1a: Pelipper|97\/100\n|\n|t:|1701089357\n|switch|p2a: Goodra|Goodra-Hisui, F|100\/100|[from] U-turn\n|\n|-weather|RainDance|[upkeep]\n|upkeep\n|turn|11\n|\n|t:|1701089371\n|switch|p1a: Swampert|Swampert-Mega, F|78\/100\n|move|p2a: Goodra|Flash Cannon|p1a: Swampert\n|-resisted|p1a: Swampert\n|-damage|p1a: Swampert|66\/100\n|\n|-weather|none\n|upkeep\n|turn|12\n|\n|t:|1701089381\n|switch|p2a: Zapdos|Zapdos|88\/100\n|move|p1a: Swampert|Ice Punch|p2a: Zapdos\n|-supereffective|p2a: Zapdos\n|-damage|p2a: Zapdos|42\/100\n|-status|p1a: Swampert|par|[from] ability: Static|[of] p2a: Zapdos\n|\n|upkeep\n|turn|13\n|\n|t:|1701089393\n|move|p2a: Zapdos|Roost|p2a: Zapdos\n|-heal|p2a: Zapdos|92\/100\n|-singleturn|p2a: Zapdos|move: Roost\n|move|p1a: Swampert|Ice Punch|p2a: Zapdos\n|-damage|p2a: Zapdos|68\/100\n|\n|upkeep\n|turn|14\n|\n|t:|1701089405\n|switch|p1a: Goodra|Goodra-Hisui, F|100\/100\n|move|p2a: Zapdos|Hurricane|p1a: Goodra\n|-resisted|p1a: Goodra\n|-damage|p1a: Goodra|90\/100\n|\n|-heal|p1a: Goodra|96\/100|[from] item: Leftovers\n|upkeep\n|turn|15\n|\n|t:|1701089413\n|switch|p2a: Ferrothorn|Ferrothorn, F|100\/100\n|move|p1a: Goodra|Knock Off|p2a: Ferrothorn\n|-damage|p2a: Ferrothorn|88\/100\n|-damage|p1a: Goodra|83\/100|[from] ability: Iron Barbs|[of] p2a: Ferrothorn\n|-damage|p1a: Goodra|67\/100|[from] item: Rocky Helmet|[of] p2a: Ferrothorn\n|-enditem|p2a: Ferrothorn|Rocky Helmet|[from] move: Knock Off|[of] p1a: Goodra\n|\n|-heal|p1a: Goodra|73\/100|[from] item: Leftovers\n|upkeep\n|turn|16\n|\n|t:|1701089421\n|switch|p1a: Pelipper|Pelipper, F|97\/100\n|-weather|RainDance|[from] ability: Drizzle|[of] p1a: Pelipper\n|move|p2a: Ferrothorn|Stealth Rock|p1a: Pelipper\n|-sidestart|p1: thattomattguy|move: Stealth Rock\n|\n|-weather|RainDance|[upkeep]\n|upkeep\n|turn|17\n|\n|t:|1701089427\n|move|p1a: Pelipper|Scald|p2a: Ferrothorn\n|-resisted|p2a: Ferrothorn\n|-damage|p2a: Ferrothorn|73\/100\n|move|p2a: Ferrothorn|Leech Seed|p1a: Pelipper\n|-start|p1a: Pelipper|move: Leech Seed\n|\n|-weather|RainDance|[upkeep]\n|-damage|p1a: Pelipper|85\/100|[from] Leech Seed|[of] p2a: Ferrothorn\n|-heal|p2a: Ferrothorn|84\/100|[silent]\n|upkeep\n|turn|18\n|\n|t:|1701089436\n|switch|p2a: Swampert|Swampert, F|100\/100\n|move|p1a: Pelipper|Defog|p2a: Swampert\n|-unboost|p2a: Swampert|evasion|1\n|-sideend|p1: thattomattguy|Stealth Rock|[from] move: Defog|[of] p1a: Pelipper\n|\n|-weather|RainDance|[upkeep]\n|-damage|p1a: Pelipper|73\/100|[from] Leech Seed|[of] p2a: Swampert\n|upkeep\n|turn|19\n|\n|t:|1701089446\n|switch|p2a: Ferrothorn|Ferrothorn, F|84\/100\n|move|p1a: Pelipper|Scald|p2a: Ferrothorn\n|-resisted|p2a: Ferrothorn\n|-damage|p2a: Ferrothorn|69\/100\n|\n|-weather|RainDance|[upkeep]\n|-damage|p1a: Pelipper|60\/100|[from] Leech Seed|[of] p2a: Ferrothorn\n|-heal|p2a: Ferrothorn|80\/100|[silent]\n|upkeep\n|turn|20\n|\n|t:|1701089457\n|switch|p1a: Ferrothorn|Ferrothorn, M|71\/100\n|switch|p2a: Goodra|Goodra-Hisui, F|100\/100\n|\n|-weather|RainDance|[upkeep]\n|upkeep\n|turn|21\n|\n|t:|1701089464\n|move|p2a: Goodra|Knock Off|p1a: Ferrothorn\n|-damage|p1a: Ferrothorn|59\/100\n|-damage|p2a: Goodra|88\/100|[from] ability: Iron Barbs|[of] p1a: Ferrothorn\n|-damage|p2a: Goodra|72\/100|[from] item: Rocky Helmet|[of] p1a: Ferrothorn\n|-enditem|p1a: Ferrothorn|Rocky Helmet|[from] move: Knock Off|[of] p2a: Goodra\n|move|p1a: Ferrothorn|Stealth Rock|p2a: Goodra\n|-sidestart|p2: Chacharealsmoove|move: Stealth Rock\n|\n|-weather|RainDance|[upkeep]\n|-heal|p2a: Goodra|78\/100|[from] item: Leftovers\n|upkeep\n|turn|22\n|\n|t:|1701089481\n|switch|p2a: Swampert|Swampert, F|100\/100\n|-damage|p2a: Swampert|94\/100|[from] Stealth Rock\n|switch|p1a: Swampert|Swampert-Mega, F|66\/100 par\n|\n|-weather|RainDance|[upkeep]\n|upkeep\n|turn|23\n|\n|t:|1701089487\n|detailschange|p2a: Swampert|Swampert-Mega, F\n|-mega|p2a: Swampert|Swampert|Swampertite\n|move|p2a: Swampert|Waterfall|p1a: Swampert\n|-damage|p1a: Swampert|0 fnt\n|faint|p1a: Swampert\n|\n|-weather|none\n|upkeep\n|\n|t:|1701089495\n|switch|p1a: Ferrothorn|Ferrothorn, M|59\/100\n|turn|24\n|\n|t:|1701089502\n|move|p2a: Swampert|Hammer Arm|p1a: Ferrothorn|[miss]\n|-miss|p2a: Swampert|p1a: Ferrothorn\n|move|p1a: Ferrothorn|Power Whip|p2a: Swampert\n|-supereffective|p2a: Swampert\n|-crit|p2a: Swampert\n|-damage|p2a: Swampert|0 fnt\n|faint|p2a: Swampert\n|\n|upkeep\n|\n|t:|1701089509\n|switch|p2a: Zapdos|Zapdos|68\/100\n|turn|25\n|\n|t:|1701089515\n|move|p2a: Zapdos|Defog|p1a: Ferrothorn\n|-unboost|p1a: Ferrothorn|evasion|1\n|-sideend|p2: Chacharealsmoove|Stealth Rock|[from] move: Defog|[of] p2a: Zapdos\n|move|p1a: Ferrothorn|Leech Seed|p2a: Zapdos|[miss]\n|-miss|p1a: Ferrothorn|p2a: Zapdos\n|\n|upkeep\n|turn|26\n|\n|t:|1701089533\n|switch|p1a: Goodra|Goodra-Hisui, F|73\/100\n|move|p2a: Zapdos|Hurricane|p1a: Goodra\n|-resisted|p1a: Goodra\n|-damage|p1a: Goodra|62\/100\n|\n|-heal|p1a: Goodra|68\/100|[from] item: Leftovers\n|upkeep\n|turn|27\n|\n|t:|1701089547\n|switch|p2a: Pelipper|Pelipper, F|100\/100 tox\n|-weather|RainDance|[from] ability: Drizzle|[of] p2a: Pelipper\n|move|p1a: Goodra|Draco Meteor|p2a: Pelipper\n|-damage|p2a: Pelipper|41\/100 tox\n|-unboost|p1a: Goodra|spa|2\n|\n|-weather|RainDance|[upkeep]\n|-heal|p1a: Goodra|74\/100|[from] item: Leftovers\n|-damage|p2a: Pelipper|35\/100 tox|[from] psn\n|upkeep\n|turn|28\n|\n|t:|1701089556\n|move|p2a: Pelipper|U-turn|p1a: Goodra\n|-resisted|p1a: Goodra\n|-damage|p1a: Goodra|70\/100\n|\n|t:|1701089560\n|switch|p2a: Ferrothorn|Ferrothorn, F|80\/100|[from] U-turn\n|move|p1a: Goodra|Knock Off|p2a: Ferrothorn\n|-damage|p2a: Ferrothorn|72\/100\n|-damage|p1a: Goodra|57\/100|[from] ability: Iron Barbs|[of] p2a: Ferrothorn\n|\n|-weather|RainDance|[upkeep]\n|-heal|p1a: Goodra|63\/100|[from] item: Leftovers\n|upkeep\n|turn|29\n|\n|t:|1701089567\n|switch|p1a: Pelipper|Pelipper, F|60\/100\n|move|p2a: Ferrothorn|Stealth Rock|p1a: Pelipper\n|-sidestart|p1: thattomattguy|move: Stealth Rock\n|\n|-weather|RainDance|[upkeep]\n|upkeep\n|turn|30\n|\n|t:|1701089577\n|move|p1a: Pelipper|Defog|p2a: Ferrothorn\n|-unboost|p2a: Ferrothorn|evasion|1\n|-sideend|p1: thattomattguy|Stealth Rock|[from] move: Defog|[of] p1a: Pelipper\n|move|p2a: Ferrothorn|Leech Seed|p1a: Pelipper\n|-start|p1a: Pelipper|move: Leech Seed\n|\n|-weather|RainDance|[upkeep]\n|-damage|p1a: Pelipper|48\/100|[from] Leech Seed|[of] p2a: Ferrothorn\n|-heal|p2a: Ferrothorn|84\/100|[silent]\n|upkeep\n|turn|31\n|\n|t:|1701089579\n|move|p1a: Pelipper|Scald|p2a: Ferrothorn\n|-resisted|p2a: Ferrothorn\n|-damage|p2a: Ferrothorn|67\/100\n|move|p2a: Ferrothorn|Stealth Rock|p1a: Pelipper\n|-sidestart|p1: thattomattguy|move: Stealth Rock\n|\n|-weather|RainDance|[upkeep]\n|-damage|p1a: Pelipper|35\/100|[from] Leech Seed|[of] p2a: Ferrothorn\n|-heal|p2a: Ferrothorn|79\/100|[silent]\n|upkeep\n|turn|32\n|\n|t:|1701089582\n|switch|p2a: Crawdaunt|Crawdaunt, F|100\/100\n|move|p1a: Pelipper|Roost|p1a: Pelipper\n|-heal|p1a: Pelipper|86\/100\n|-singleturn|p1a: Pelipper|move: Roost\n|\n|-weather|RainDance|[upkeep]\n|-damage|p1a: Pelipper|73\/100|[from] Leech Seed|[of] p2a: Crawdaunt\n|upkeep\n|turn|33\n|\n|t:|1701089596\n|move|p2a: Crawdaunt|Crabhammer|p1a: Pelipper\n|-resisted|p1a: Pelipper\n|-damage|p1a: Pelipper|6\/100\n|move|p1a: Pelipper|Scald|p2a: Crawdaunt\n|-resisted|p2a: Crawdaunt\n|-damage|p2a: Crawdaunt|57\/100\n|\n|-weather|RainDance|[upkeep]\n|-damage|p1a: Pelipper|0 fnt|[from] Leech Seed|[of] p2a: Crawdaunt\n|-heal|p2a: Crawdaunt|64\/100|[silent]\n|faint|p1a: Pelipper\n|upkeep\n|\n|t:|1701089616\n|switch|p1a: Crawdaunt|Crawdaunt, F|100\/100\n|-damage|p1a: Crawdaunt|88\/100|[from] Stealth Rock\n|turn|34\n|\n|t:|1701089631\n|switch|p2a: Zapdos|Zapdos|68\/100\n|move|p1a: Crawdaunt|Crabhammer|p2a: Zapdos\n|-damage|p2a: Zapdos|0 fnt\n|-status|p1a: Crawdaunt|par|[from] ability: Static|[of] p2a: Zapdos\n|faint|p2a: Zapdos\n|\n|-weather|none\n|upkeep\n|\n|t:|1701089638\n|switch|p2a: Pelipper|Pelipper, F|35\/100 tox\n|-weather|RainDance|[from] ability: Drizzle|[of] p2a: Pelipper\n|turn|35\n|\n|t:|1701089648\n|move|p2a: Pelipper|Roost|p2a: Pelipper\n|-heal|p2a: Pelipper|85\/100 tox\n|-singleturn|p2a: Pelipper|move: Roost\n|move|p1a: Crawdaunt|Crabhammer|p2a: Pelipper\n|-resisted|p2a: Pelipper\n|-damage|p2a: Pelipper|25\/100 tox\n|\n|-weather|RainDance|[upkeep]\n|-damage|p2a: Pelipper|18\/100 tox|[from] psn\n|upkeep\n|turn|36\n|\n|t:|1701089652\n|move|p2a: Pelipper|U-turn|p1a: Crawdaunt\n|-supereffective|p1a: Crawdaunt\n|-damage|p1a: Crawdaunt|63\/100 par\n|\n|t:|1701089657\n|switch|p2a: Ferrothorn|Ferrothorn, F|79\/100|[from] U-turn\n|move|p1a: Crawdaunt|Crabhammer|p2a: Ferrothorn\n|-resisted|p2a: Ferrothorn\n|-damage|p2a: Ferrothorn|34\/100\n|-damage|p1a: Crawdaunt|51\/100 par|[from] ability: Iron Barbs|[of] p2a: Ferrothorn\n|\n|-weather|RainDance|[upkeep]\n|upkeep\n|turn|37\n|\n|t:|1701089664\n|move|p2a: Ferrothorn|Protect|p2a: Ferrothorn\n|-singleturn|p2a: Ferrothorn|Protect\n|move|p1a: Crawdaunt|Crabhammer|p2a: Ferrothorn\n|-activate|p2a: Ferrothorn|move: Protect\n|\n|-weather|RainDance|[upkeep]\n|upkeep\n|turn|38\n|\n|t:|1701089671\n|move|p1a: Crawdaunt|Crabhammer|p2a: Ferrothorn\n|-resisted|p2a: Ferrothorn\n|-damage|p2a: Ferrothorn|0 fnt\n|-damage|p1a: Crawdaunt|39\/100 par|[from] ability: Iron Barbs|[of] p2a: Ferrothorn\n|faint|p2a: Ferrothorn\n|\n|-weather|RainDance|[upkeep]\n|upkeep\n|\n|t:|1701089675\n|switch|p2a: Crawdaunt|Crawdaunt, F|64\/100\n|turn|39\n|\n|t:|1701089681\n|move|p2a: Crawdaunt|Knock Off|p1a: Crawdaunt\n|-resisted|p1a: Crawdaunt\n|-damage|p1a: Crawdaunt|0 fnt\n|-enditem|p1a: Crawdaunt|Choice Band|[from] move: Knock Off|[of] p2a: Crawdaunt\n|faint|p1a: Crawdaunt\n|\n|-weather|RainDance|[upkeep]\n|upkeep\n|\n|t:|1701089688\n|switch|p1a: Zapdos|Zapdos|100\/100\n|-damage|p1a: Zapdos|75\/100|[from] Stealth Rock\n|turn|40\n|\n|t:|1701089694\n|switch|p2a: Goodra|Goodra-Hisui, F|78\/100\n|move|p1a: Zapdos|Thunder|p2a: Goodra\n|-resisted|p2a: Goodra\n|-damage|p2a: Goodra|65\/100\n|-status|p2a: Goodra|par\n|\n|-weather|RainDance|[upkeep]\n|-heal|p1a: Zapdos|82\/100|[from] item: Leftovers\n|-heal|p2a: Goodra|71\/100 par|[from] item: Leftovers\n|upkeep\n|turn|41\n|\n|t:|1701089707\n|switch|p2a: Pelipper|Pelipper, F|18\/100 tox\n|move|p1a: Zapdos|Hurricane|p2a: Pelipper\n|-damage|p2a: Pelipper|0 fnt\n|faint|p2a: Pelipper\n|\n|-weather|RainDance|[upkeep]\n|-heal|p1a: Zapdos|88\/100|[from] item: Leftovers\n|upkeep\n|\n|t:|1701089710\n|switch|p2a: Goodra|Goodra-Hisui, F|71\/100 par\n|turn|42\n|\n|t:|1701089727\n|move|p1a: Zapdos|Hurricane|p2a: Goodra\n|-resisted|p2a: Goodra\n|-damage|p2a: Goodra|59\/100 par\n|move|p2a: Goodra|Draco Meteor|p1a: Zapdos\n|-damage|p1a: Zapdos|38\/100\n|-unboost|p2a: Goodra|spa|2\n|\n|-weather|none\n|-heal|p1a: Zapdos|44\/100|[from] item: Leftovers\n|-heal|p2a: Goodra|65\/100 par|[from] item: Leftovers\n|upkeep\n|turn|43\n|\n|t:|1701089734\n|move|p1a: Zapdos|Roost|p1a: Zapdos\n|-heal|p1a: Zapdos|94\/100\n|-singleturn|p1a: Zapdos|move: Roost\n|move|p2a: Goodra|Knock Off|p1a: Zapdos\n|-damage|p1a: Zapdos|79\/100\n|-enditem|p1a: Zapdos|Leftovers|[from] move: Knock Off|[of] p2a: Goodra\n|\n|-heal|p2a: Goodra|71\/100 par|[from] item: Leftovers\n|upkeep\n|turn|44\n|\n|t:|1701089740\n|move|p1a: Zapdos|Hurricane|p2a: Goodra|[miss]\n|-miss|p1a: Zapdos|p2a: Goodra\n|cant|p2a: Goodra|par\n|\n|-heal|p2a: Goodra|77\/100 par|[from] item: Leftovers\n|upkeep\n|turn|45\n|\n|t:|1701089745\n|switch|p1a: Goodra|Goodra-Hisui, F|63\/100\n|-damage|p1a: Goodra|57\/100|[from] Stealth Rock\n|move|p2a: Goodra|Sludge Bomb|p1a: Goodra\n|-immune|p1a: Goodra\n|\n|-heal|p1a: Goodra|63\/100|[from] item: Leftovers\n|-heal|p2a: Goodra|83\/100 par|[from] item: Leftovers\n|upkeep\n|turn|46\n|\n|t:|1701089755\n|move|p1a: Goodra|Draco Meteor|p2a: Goodra\n|-damage|p2a: Goodra|60\/100 par\n|-unboost|p1a: Goodra|spa|2\n|move|p2a: Goodra|Draco Meteor|p1a: Goodra\n|-damage|p1a: Goodra|52\/100\n|-unboost|p2a: Goodra|spa|2\n|\n|-heal|p1a: Goodra|58\/100|[from] item: Leftovers\n|-heal|p2a: Goodra|66\/100 par|[from] item: Leftovers\n|upkeep\n|turn|47\n|\n|t:|1701089760\n|switch|p1a: Zapdos|Zapdos|79\/100\n|-damage|p1a: Zapdos|54\/100|[from] Stealth Rock\n|move|p2a: Goodra|Knock Off|p1a: Zapdos\n|-damage|p1a: Zapdos|44\/100\n|\n|-heal|p2a: Goodra|72\/100 par|[from] item: Leftovers\n|upkeep\n|turn|48\n|\n|t:|1701089764\n|move|p1a: Zapdos|Roost|p1a: Zapdos\n|-heal|p1a: Zapdos|94\/100\n|-singleturn|p1a: Zapdos|move: Roost\n|move|p2a: Goodra|Sludge Bomb|p1a: Zapdos\n|-damage|p1a: Zapdos|86\/100\n|\n|-heal|p2a: Goodra|78\/100 par|[from] item: Leftovers\n|upkeep\n|turn|49\n|\n|t:|1701089781\n|switch|p1a: Goodra|Goodra-Hisui, F|58\/100\n|-damage|p1a: Goodra|52\/100|[from] Stealth Rock\n|move|p2a: Goodra|Sludge Bomb|p1a: Goodra\n|-immune|p1a: Goodra\n|\n|-heal|p1a: Goodra|58\/100|[from] item: Leftovers\n|-heal|p2a: Goodra|84\/100 par|[from] item: Leftovers\n|upkeep\n|turn|50\n|\n|t:|1701089785\n|move|p1a: Goodra|Knock Off|p2a: Goodra\n|-damage|p2a: Goodra|64\/100 par\n|-enditem|p2a: Goodra|Leftovers|[from] move: Knock Off|[of] p1a: Goodra\n|move|p2a: Goodra|Knock Off|p1a: Goodra\n|-damage|p1a: Goodra|38\/100\n|-enditem|p1a: Goodra|Leftovers|[from] move: Knock Off|[of] p2a: Goodra\n|\n|upkeep\n|turn|51\n|\n|t:|1701089795\n|move|p1a: Goodra|Knock Off|p2a: Goodra\n|-damage|p2a: Goodra|52\/100 par\n|move|p2a: Goodra|Knock Off|p1a: Goodra\n|-damage|p1a: Goodra|24\/100\n|\n|upkeep\n|turn|52\n|\n|t:|1701089801\n|move|p1a: Goodra|Draco Meteor|p2a: Goodra\n|-damage|p2a: Goodra|27\/100 par\n|-unboost|p1a: Goodra|spa|2\n|move|p2a: Goodra|Knock Off|p1a: Goodra\n|-damage|p1a: Goodra|12\/100\n|\n|upkeep\n|turn|53\n|\n|t:|1701089807\n|move|p1a: Goodra|Draco Meteor|p2a: Goodra\n|-damage|p2a: Goodra|14\/100 par\n|-unboost|p1a: Goodra|spa|2\n|move|p2a: Goodra|Knock Off|p1a: Goodra\n|-damage|p1a: Goodra|0 fnt\n|faint|p1a: Goodra\n|\n|upkeep\n|\n|t:|1701089811\n|switch|p1a: Zapdos|Zapdos|86\/100\n|-damage|p1a: Zapdos|61\/100|[from] Stealth Rock\n|turn|54\n|\n|t:|1701089816\n|move|p1a: Zapdos|Roost|p1a: Zapdos\n|-heal|p1a: Zapdos|100\/100\n|-singleturn|p1a: Zapdos|move: Roost\n|move|p2a: Goodra|Knock Off|p1a: Zapdos\n|-damage|p1a: Zapdos|90\/100\n|\n|upkeep\n|turn|55\n|\n|t:|1701089820\n|move|p1a: Zapdos|Hurricane|p2a: Goodra\n|-resisted|p2a: Goodra\n|-damage|p2a: Goodra|2\/100 par\n|move|p2a: Goodra|Sludge Bomb|p1a: Zapdos\n|-damage|p1a: Zapdos|82\/100\n|\n|upkeep\n|turn|56\n|\n|t:|1701089824\n|move|p1a: Zapdos|Hurricane|p2a: Goodra\n|-resisted|p2a: Goodra\n|-damage|p2a: Goodra|0 fnt\n|faint|p2a: Goodra\n|\n|upkeep\n|\n|t:|1701089826\n|switch|p2a: Crawdaunt|Crawdaunt, F|64\/100\n|turn|57\n|\n|t:|1701089835\n|move|p2a: Crawdaunt|Aqua Jet|p1a: Zapdos\n|-damage|p1a: Zapdos|47\/100\n|-status|p2a: Crawdaunt|par|[from] ability: Static|[of] p1a: Zapdos\n|move|p1a: Zapdos|Thunder|p2a: Crawdaunt|[miss]\n|-miss|p1a: Zapdos|p2a: Crawdaunt\n|\n|upkeep\n|turn|58\n|\n|t:|1701089846\n|-terastallize|p2a: Crawdaunt|Water\n|move|p2a: Crawdaunt|Aqua Jet|p1a: Zapdos\n|-crit|p1a: Zapdos\n|-damage|p1a: Zapdos|0 fnt\n|faint|p1a: Zapdos\n|\n|upkeep\n|\n|t:|1701089853\n|switch|p1a: Ferrothorn|Ferrothorn, M|59\/100\n|-damage|p1a: Ferrothorn|53\/100|[from] Stealth Rock\n|turn|59\n|\n|t:|1701089860\n|move|p2a: Crawdaunt|Aqua Jet|p1a: Ferrothorn\n|-resisted|p1a: Ferrothorn\n|-damage|p1a: Ferrothorn|40\/100\n|-damage|p2a: Crawdaunt|51\/100 par|[from] ability: Iron Barbs|[of] p1a: Ferrothorn\n|move|p1a: Ferrothorn|Power Whip|p2a: Crawdaunt\n|-supereffective|p2a: Crawdaunt\n|-damage|p2a: Crawdaunt|0 fnt\n|faint|p2a: Crawdaunt\n|\n|win|thattomattguy\n|raw|thattomattguy's rating: 1050 &rarr; <strong>1090<\/strong><br \/>(+40 for winning)\n|raw|Chacharealsmoove's rating: 1136 &rarr; <strong>1105<\/strong><br \/>(-31 for losing)\n|l|\u2606Chacharealsmoove\n","uploadtime":1701089888,"views":14,"p1id":"thattomattguy","p2id":"chacharealsmoove","formatid":"gen9nationaldex","rating":1090,"private":0,"password":""}