{"id":"gen9nationaldex-1994854122","p1":"Gabrielxz18","p2":"DieZitron3","format":"[Gen 9] National Dex","log":"|html|<div class=\"broadcast-blue\"><strong>[Gen 9] National Dex is currently suspecting Sneasler! For information on how to participate check out the <a href=\"https:\/\/www.smogon.com\/forums\/threads\/sv-national-dex-suspect-8-just-dance.3731534\/\">suspect thread<\/a>.<\/strong><\/div>\n|j|\u2606Gabrielxz18\n|j|\u2606DieZitron3\n|t:|1700498845\n|gametype|singles\n|player|p1|Gabrielxz18|shadowtriad|\n|player|p2|DieZitron3|acetrainer-gen4dp|\n|teamsize|p1|6\n|teamsize|p2|6\n|gen|9\n|tier|[Gen 9] National Dex\n|rule|HP Percentage Mod: HP is shown in percentages\n|rule|Endless Battle Clause: Forcing endless battles is banned\n|rule|OHKO Clause: OHKO moves are banned\n|rule|Evasion Clause: Evasion abilities, items, and moves are banned\n|rule|Evasion Abilities Clause: Evasion abilities are banned\n|rule|Evasion Items Clause: Evasion items are banned\n|rule|Evasion Moves Clause: Evasion moves are banned\n|rule|Species Clause: Limit one of each Pok\u00e9mon\n|rule|Sleep Clause Mod: Limit one foe put to sleep\n|clearpoke\n|poke|p1|Mienshao, F|\n|poke|p1|Honchkrow, F|\n|poke|p1|Pyroar, M|\n|poke|p1|Gyarados, M|\n|poke|p1|Delphox, F|\n|poke|p1|Talonflame, M|\n|poke|p2|Dragonite, M|\n|poke|p2|Aerodactyl, M|\n|poke|p2|Gyarados, M|\n|poke|p2|Charizard, F|\n|poke|p2|Exeggutor-Alola, F|\n|poke|p2|Dracozolt|\n|teampreview\n|c|\u2606DieZitron3|Suerte pa\n|c|\u2606Gabrielxz18|igualmente\n|\n|t:|1700498890\n|start\n|switch|p1a: Gyarados|Gyarados, M|100\/100\n|switch|p2a: Drogadicto \ud83e\udd70|Aerodactyl, M, shiny|100\/100\n|-ability|p2a: Drogadicto \ud83e\udd70|Pressure\n|-ability|p1a: Gyarados|Intimidate|boost\n|-unboost|p2a: Drogadicto \ud83e\udd70|atk|1\n|turn|1\n|\n|t:|1700498904\n|detailschange|p1a: Gyarados|Gyarados-Mega, M\n|-mega|p1a: Gyarados|Gyarados|Gyaradosite\n|-ability|p1a: Gyarados|Mold Breaker\n|move|p2a: Drogadicto \ud83e\udd70|Rock Slide|p1a: Gyarados\n|-damage|p1a: Gyarados|83\/100\n|move|p1a: Gyarados|Dragon Dance|p1a: Gyarados\n|-boost|p1a: Gyarados|atk|1\n|-boost|p1a: Gyarados|spe|1\n|\n|upkeep\n|turn|2\n|\n|t:|1700498914\n|switch|p2a: Titi \ud83e\udd74|Exeggutor-Alola, F, shiny|100\/100\n|move|p1a: Gyarados|Waterfall|p2a: Titi \ud83e\udd74\n|-resisted|p2a: Titi \ud83e\udd74\n|-damage|p2a: Titi \ud83e\udd74|82\/100\n|\n|upkeep\n|turn|3\n|\n|t:|1700498921\n|move|p1a: Gyarados|Outrage|p2a: Titi \ud83e\udd74\n|-supereffective|p2a: Titi \ud83e\udd74\n|-damage|p2a: Titi \ud83e\udd74|0 fnt\n|faint|p2a: Titi \ud83e\udd74\n|\n|upkeep\n|c|\u2606DieZitron3|Que\n|c|\u2606DieZitron3|Jajaja\n|c|\u2606DieZitron3|No se si se sale de esta la vdd\n|\n|t:|1700498964\n|switch|p2a: Zardina \ud83d\udc1f|Charizard, F, shiny|100\/100\n|turn|4\n|\n|t:|1700498968\n|detailschange|p2a: Zardina \ud83d\udc1f|Charizard-Mega-Y, F, shiny\n|-mega|p2a: Zardina \ud83d\udc1f|Charizard|Charizardite Y\n|-weather|SunnyDay|[from] ability: Drought|[of] p2a: Zardina \ud83d\udc1f\n|move|p1a: Gyarados|Outrage|p2a: Zardina \ud83d\udc1f|[from]lockedmove\n|-damage|p2a: Zardina \ud83d\udc1f|0 fnt\n|faint|p2a: Zardina \ud83d\udc1f\n|-start|p1a: Gyarados|confusion|[fatigue]\n|\n|-weather|SunnyDay|[upkeep]\n|upkeep\n|\n|t:|1700498992\n|switch|p2a: Gordito \ud83e\udd11|Dragonite, M, shiny|100\/100\n|turn|5\n|\n|t:|1700498998\n|-terastallize|p2a: Gordito \ud83e\udd11|Normal\n|-activate|p1a: Gyarados|confusion\n|move|p1a: Gyarados|Outrage|p2a: Gordito \ud83e\udd11\n|-damage|p2a: Gordito \ud83e\udd11|25\/100\n|move|p2a: Gordito \ud83e\udd11|Dragon Dance|p2a: Gordito \ud83e\udd11\n|-boost|p2a: Gordito \ud83e\udd11|atk|1\n|-boost|p2a: Gordito \ud83e\udd11|spe|1\n|\n|-weather|SunnyDay|[upkeep]\n|upkeep\n|turn|6\n|\n|t:|1700499008\n|move|p2a: Gordito \ud83e\udd11|Extreme Speed|p1a: Gyarados\n|-damage|p1a: Gyarados|20\/100\n|-activate|p1a: Gyarados|confusion\n|move|p1a: Gyarados|Outrage|p2a: Gordito \ud83e\udd11|[from]lockedmove\n|-damage|p2a: Gordito \ud83e\udd11|0 fnt\n|faint|p2a: Gordito \ud83e\udd11\n|\n|-weather|SunnyDay|[upkeep]\n|upkeep\n|\n|t:|1700499011\n|switch|p2a: Gyaratres \ud83e\udd75|Gyarados, M, shiny|100\/100\n|turn|7\n|j| Vaictador\n|\n|t:|1700499017\n|-activate|p1a: Gyarados|confusion\n|move|p1a: Gyarados|Outrage|p2a: Gyaratres \ud83e\udd75|[from]lockedmove\n|-damage|p2a: Gyaratres \ud83e\udd75|0 fnt\n|faint|p2a: Gyaratres \ud83e\udd75\n|\n|-weather|SunnyDay|[upkeep]\n|upkeep\n|\n|t:|1700499022\n|switch|p2a: Drogadicto \ud83e\udd70|Aerodactyl, M, shiny|100\/100\n|-ability|p2a: Drogadicto \ud83e\udd70|Pressure\n|turn|8\n|\n|t:|1700499028\n|move|p2a: Drogadicto \ud83e\udd70|Rock Slide|p1a: Gyarados\n|-damage|p1a: Gyarados|0 fnt\n|faint|p1a: Gyarados\n|\n|-weather|none\n|upkeep\n|c|\u2606DieZitron3|Que\n|c|\u2606DieZitron3|Xd\n|\n|t:|1700499050\n|switch|p1a: Mienshao|Mienshao, F|100\/100\n|turn|9\n|\n|t:|1700499053\n|move|p1a: Mienshao|Fake Out|p2a: Drogadicto \ud83e\udd70\n|-resisted|p2a: Drogadicto \ud83e\udd70\n|-damage|p2a: Drogadicto \ud83e\udd70|92\/100\n|cant|p2a: Drogadicto \ud83e\udd70|flinch\n|\n|upkeep\n|turn|10\n|\n|t:|1700499064\n|-terastallize|p1a: Mienshao|Fighting\n|move|p2a: Drogadicto \ud83e\udd70|Stealth Rock|p1a: Mienshao\n|-sidestart|p1: Gabrielxz18|move: Stealth Rock\n|move|p1a: Mienshao|High Jump Kick|p2a: Drogadicto \ud83e\udd70\n|-damage|p2a: Drogadicto \ud83e\udd70|0 fnt\n|faint|p2a: Drogadicto \ud83e\udd70\n|\n|upkeep\n|\n|t:|1700499067\n|switch|p2a: Tamalito \ud83d\ude0a|Dracozolt, shiny|100\/100\n|turn|11\n|j| newluka\n|\n|t:|1700499073\n|move|p2a: Tamalito \ud83d\ude0a|Bolt Beak|p1a: Mienshao|[miss]\n|-miss|p2a: Tamalito \ud83d\ude0a|p1a: Mienshao\n|move|p1a: Mienshao|High Jump Kick|p2a: Tamalito \ud83d\ude0a\n|-damage|p2a: Tamalito \ud83d\ude0a|0 fnt\n|faint|p2a: Tamalito \ud83d\ude0a\n|\n|win|Gabrielxz18\n|c|\u2606DieZitron3|Diablo\n|c|\u2606DieZitron3|Gg\n|c|\u2606Gabrielxz18|sorry\n|c|\u2606Gabrielxz18|gg\n|l|\u2606DieZitron3\n|l| Vaictador\n","uploadtime":1700499110,"views":3,"p1id":"gabrielxz18","p2id":"diezitron3","formatid":"gen9nationaldex","rating":0,"private":0,"password":""}