{"id":"gen9nationaldex-1997503744","p1":"ZachPlay","p2":"joachim exe","format":"[Gen 9] National Dex","log":"|html|<div class=\"broadcast-blue\"><strong>[Gen 9] National Dex is currently suspecting Sneasler! For information on how to participate check out the <a href=\"https:\/\/www.smogon.com\/forums\/threads\/sv-national-dex-suspect-8-just-dance.3731534\/\">suspect thread<\/a>.<\/strong><\/div>\n|j|\u2606ZachPlay\n|j|\u2606joachim exe\n|t:|1700816655\n|gametype|singles\n|player|p1|ZachPlay|ginchiyo-conquest|1106\n|player|p2|joachim exe|colress|1000\n|teamsize|p1|6\n|teamsize|p2|6\n|gen|9\n|tier|[Gen 9] National Dex\n|rated|\n|rule|HP Percentage Mod: HP is shown in percentages\n|rule|Endless Battle Clause: Forcing endless battles is banned\n|rule|OHKO Clause: OHKO moves are banned\n|rule|Evasion Clause: Evasion abilities, items, and moves are banned\n|rule|Evasion Abilities Clause: Evasion abilities are banned\n|rule|Evasion Items Clause: Evasion items are banned\n|rule|Evasion Moves Clause: Evasion moves are banned\n|rule|Species Clause: Limit one of each Pok\u00e9mon\n|rule|Sleep Clause Mod: Limit one foe put to sleep\n|clearpoke\n|poke|p1|Tapu Koko|\n|poke|p1|Ogerpon-Wellspring, F|\n|poke|p1|Froslass, F|\n|poke|p1|Charizard, M|\n|poke|p1|Iron Valiant|\n|poke|p1|Archeops, M|\n|poke|p2|Heracross, M|\n|poke|p2|Scizor, M|\n|poke|p2|Volcarona, F|\n|poke|p2|Lokix, F|\n|poke|p2|Vikavolt, M|\n|poke|p2|Kleavor, M|\n|teampreview\n|\n|t:|1700816666\n|start\n|switch|p1a: Archeops|Archeops, M|100\/100\n|switch|p2a: the ghost temmer|Lokix, F|100\/100\n|turn|1\n|\n|t:|1700816672\n|move|p2a: the ghost temmer|First Impression|p1a: Archeops\n|-resisted|p1a: Archeops\n|-damage|p1a: Archeops|39\/100\n|move|p1a: Archeops|Roost|p1a: Archeops\n|-heal|p1a: Archeops|89\/100\n|-singleturn|p1a: Archeops|move: Roost\n|\n|upkeep\n|turn|2\n|\n|t:|1700816681\n|move|p1a: Archeops|Hone Claws|p1a: Archeops\n|-boost|p1a: Archeops|atk|1\n|-boost|p1a: Archeops|accuracy|1\n|move|p2a: the ghost temmer|Brick Break|p1a: Archeops\n|-damage|p1a: Archeops|58\/100\n|\n|upkeep\n|turn|3\n|\n|t:|1700816692\n|move|p2a: the ghost temmer|Sucker Punch|p1a: Archeops\n|-damage|p1a: Archeops|7\/100\n|move|p1a: Archeops|Dual Wingbeat|p2a: the ghost temmer\n|-supereffective|p2a: the ghost temmer\n|-damage|p2a: the ghost temmer|57\/100\n|-supereffective|p2a: the ghost temmer\n|-damage|p2a: the ghost temmer|15\/100\n|-hitcount|p2a: the ghost temmer|2\n|\n|-heal|p2a: the ghost temmer|21\/100|[from] item: Leftovers\n|upkeep\n|turn|4\n|\n|t:|1700816701\n|move|p1a: Archeops|Roost|p1a: Archeops\n|-heal|p1a: Archeops|57\/100\n|-singleturn|p1a: Archeops|move: Roost\n|move|p2a: the ghost temmer|Brick Break|p1a: Archeops\n|-supereffective|p1a: Archeops\n|-damage|p1a: Archeops|0 fnt\n|faint|p1a: Archeops\n|\n|-heal|p2a: the ghost temmer|27\/100|[from] item: Leftovers\n|upkeep\n|\n|t:|1700816710\n|switch|p1a: Froslass|Froslass, F|100\/100\n|turn|5\n|\n|t:|1700816714\n|move|p1a: Froslass|Spikes|p2a: the ghost temmer\n|-sidestart|p2: joachim exe|Spikes\n|move|p2a: the ghost temmer|Lash Out|p1a: Froslass\n|-supereffective|p1a: Froslass\n|-enditem|p1a: Froslass|Focus Sash\n|-damage|p1a: Froslass|1\/100\n|-start|p2a: the ghost temmer|Disable|Lash Out|[from] ability: Cursed Body|[of] p1a: Froslass\n|\n|-heal|p2a: the ghost temmer|33\/100|[from] item: Leftovers\n|upkeep\n|turn|6\n|\n|t:|1700816724\n|move|p2a: the ghost temmer|Sucker Punch||[still]\n|-fail|p2a: the ghost temmer\n|move|p1a: Froslass|Spikes|p2a: the ghost temmer\n|-sidestart|p2: joachim exe|Spikes\n|\n|-heal|p2a: the ghost temmer|39\/100|[from] item: Leftovers\n|upkeep\n|turn|7\n|\n|t:|1700816729\n|move|p2a: the ghost temmer|Sucker Punch||[still]\n|-fail|p2a: the ghost temmer\n|move|p1a: Froslass|Spikes|p2a: the ghost temmer\n|-sidestart|p2: joachim exe|Spikes\n|\n|-heal|p2a: the ghost temmer|45\/100|[from] item: Leftovers\n|upkeep\n|turn|8\n|\n|t:|1700816734\n|move|p2a: the ghost temmer|Sucker Punch||[still]\n|-fail|p2a: the ghost temmer\n|move|p1a: Froslass|Destiny Bond|p1a: Froslass\n|-singlemove|p1a: Froslass|Destiny Bond\n|\n|-heal|p2a: the ghost temmer|51\/100|[from] item: Leftovers\n|-end|p2a: the ghost temmer|Disable\n|upkeep\n|turn|9\n|\n|t:|1700816742\n|move|p2a: the ghost temmer|First Impression||[still]\n|-hint|First Impression only works on your first turn out.\n|-fail|p2a: the ghost temmer\n|move|p1a: Froslass|Shadow Ball|p2a: the ghost temmer\n|-resisted|p2a: the ghost temmer\n|-damage|p2a: the ghost temmer|27\/100\n|\n|-heal|p2a: the ghost temmer|33\/100|[from] item: Leftovers\n|upkeep\n|turn|10\n|\n|t:|1700816749\n|move|p1a: Froslass|Destiny Bond|p1a: Froslass\n|-singlemove|p1a: Froslass|Destiny Bond\n|move|p2a: the ghost temmer|Lash Out|p1a: Froslass\n|-supereffective|p1a: Froslass\n|-damage|p1a: Froslass|0 fnt\n|faint|p1a: Froslass\n|-activate|p1a: Froslass|move: Destiny Bond\n|faint|p2a: the ghost temmer\n|\n|upkeep\n|\n|t:|1700816757\n|switch|p1a: Tapu Koko|Tapu Koko|100\/100\n|switch|p2a: hacker|Vikavolt, M, shiny|100\/100\n|-fieldstart|move: Electric Terrain|[from] ability: Electric Surge|[of] p1a: Tapu Koko\n|turn|11\n|\n|t:|1700816765\n|move|p1a: Tapu Koko|Volt Switch|p2a: hacker\n|-resisted|p2a: hacker\n|-damage|p2a: hacker|65\/100\n|\n|t:|1700816768\n|switch|p1a: Iron Valiant|Iron Valiant|100\/100|[from] Volt Switch\n|-activate|p1a: Iron Valiant|ability: Quark Drive\n|-start|p1a: Iron Valiant|quarkdrivespe\n|move|p2a: hacker|Bug Buzz|p1a: Iron Valiant\n|-resisted|p1a: Iron Valiant\n|-damage|p1a: Iron Valiant|77\/100\n|\n|-heal|p2a: hacker|71\/100|[from] item: Leftovers\n|upkeep\n|turn|12\n|\n|t:|1700816779\n|move|p1a: Iron Valiant|Moonblast|p2a: hacker\n|-damage|p2a: hacker|16\/100\n|move|p2a: hacker|Thunderbolt|p1a: Iron Valiant\n|-damage|p1a: Iron Valiant|0 fnt\n|faint|p1a: Iron Valiant\n|-end|p1a: Iron Valiant|Quark Drive|[silent]\n|\n|-heal|p2a: hacker|22\/100|[from] item: Leftovers\n|upkeep\n|\n|t:|1700816782\n|switch|p1a: Tapu Koko|Tapu Koko|100\/100\n|turn|13\n|\n|t:|1700816793\n|move|p1a: Tapu Koko|Thunderbolt|p2a: hacker\n|-resisted|p2a: hacker\n|-damage|p2a: hacker|0 fnt\n|faint|p2a: hacker\n|\n|upkeep\n|\n|t:|1700816797\n|switch|p2a: rock worrier|Kleavor, M|100\/100\n|-damage|p2a: rock worrier|75\/100|[from] Spikes\n|turn|14\n|\n|t:|1700816801\n|-terastallize|p1a: Tapu Koko|Electric\n|move|p1a: Tapu Koko|Thunderbolt|p2a: rock worrier\n|-damage|p2a: rock worrier|0 fnt\n|faint|p2a: rock worrier\n|\n|upkeep\n|\n|t:|1700816806\n|switch|p2a: worrier|Scizor, M, shiny|100\/100\n|-damage|p2a: worrier|76\/100|[from] Spikes\n|turn|15\n|\n|t:|1700816812\n|-terastallize|p2a: worrier|Steel\n|move|p2a: worrier|Bullet Punch|p1a: Tapu Koko\n|-resisted|p1a: Tapu Koko\n|-damage|p1a: Tapu Koko|77\/100\n|move|p1a: Tapu Koko|Thunderbolt|p2a: worrier\n|-damage|p2a: worrier|0 fnt\n|faint|p2a: worrier\n|\n|-fieldend|move: Electric Terrain\n|upkeep\n|\n|t:|1700816820\n|switch|p2a: hoter enemy|Volcarona, F|100\/100\n|-damage|p2a: hoter enemy|76\/100|[from] Spikes\n|turn|16\n|\n|t:|1700816827\n|switch|p1a: Ogerpon|Ogerpon-Wellspring, F|100\/100\n|move|p2a: hoter enemy|Whirlwind|p1a: Ogerpon\n|drag|p1a: Charizard|Charizard, M|100\/100\n|\n|-heal|p2a: hoter enemy|82\/100|[from] item: Leftovers\n|upkeep\n|turn|17\n|\n|t:|1700816835\n|detailschange|p1a: Charizard|Charizard-Mega-X, M\n|-mega|p1a: Charizard|Charizard|Charizardite X\n|move|p1a: Charizard|Flare Blitz|p2a: hoter enemy\n|-damage|p2a: hoter enemy|0 fnt\n|faint|p2a: hoter enemy\n|-damage|p1a: Charizard|70\/100|[from] Recoil\n|\n|upkeep\n|\n|t:|1700816841\n|switch|p2a: big bug|Heracross, M|100\/100\n|-damage|p2a: big bug|76\/100|[from] Spikes\n|turn|18\n|\n|t:|1700816846\n|move|p1a: Charizard|Flare Blitz|p2a: big bug\n|-supereffective|p2a: big bug\n|-damage|p2a: big bug|0 fnt\n|faint|p2a: big bug\n|-damage|p1a: Charizard|41\/100|[from] Recoil\n|\n|win|ZachPlay\n|raw|ZachPlay's rating: 1106 &rarr; <strong>1124<\/strong><br \/>(+18 for winning)\n|raw|joachim exe's rating: 1000 &rarr; <strong>1000<\/strong><br \/>(+0 for losing)\n|l|\u2606joachim exe\n","uploadtime":1700816850,"views":3,"p1id":"zachplay","p2id":"joachimexe","formatid":"gen9nationaldex","rating":1000,"private":0,"password":""}