{"id":"gen9nationaldex-1995304909","p1":"Ripperon","p2":"DJRRRR","format":"[Gen 9] National Dex","log":"|html|<div class=\"broadcast-blue\"><strong>[Gen 9] National Dex is currently suspecting Sneasler! For information on how to participate check out the <a href=\"https:\/\/www.smogon.com\/forums\/threads\/sv-national-dex-suspect-8-just-dance.3731534\/\">suspect thread<\/a>.<\/strong><\/div>\n|j|\u2606Ripperon\n|j|\u2606DJRRRR\n|t:|1700550396\n|gametype|singles\n|player|p1|Ripperon|cynthia-gen4|1288\n|player|p2|DJRRRR|roxie|1346\n|teamsize|p1|6\n|teamsize|p2|6\n|gen|9\n|tier|[Gen 9] National Dex\n|rated|\n|rule|HP Percentage Mod: HP is shown in percentages\n|rule|Endless Battle Clause: Forcing endless battles is banned\n|rule|OHKO Clause: OHKO moves are banned\n|rule|Evasion Clause: Evasion abilities, items, and moves are banned\n|rule|Evasion Abilities Clause: Evasion abilities are banned\n|rule|Evasion Items Clause: Evasion items are banned\n|rule|Evasion Moves Clause: Evasion moves are banned\n|rule|Species Clause: Limit one of each Pok\u00e9mon\n|rule|Sleep Clause Mod: Limit one foe put to sleep\n|clearpoke\n|poke|p1|Garchomp, M|\n|poke|p1|Serperior, F|\n|poke|p1|Hoopa-Unbound|\n|poke|p1|Greninja-*, M|\n|poke|p1|Zamazenta-*|\n|poke|p1|Dragonite, F|\n|poke|p2|Victini|\n|poke|p2|Heatran, M|\n|poke|p2|Blacephalon|\n|poke|p2|Torkoal, F|\n|poke|p2|Venusaur, F|\n|poke|p2|Great Tusk|\n|teampreview\n|inactive|Battle timer is ON: inactive players will automatically lose when time's up. (requested by DJRRRR)\n|\n|t:|1700550417\n|start\n|switch|p1a: Dragonite|Dragonite, F|100\/100\n|switch|p2a: Victini|Victini|100\/100\n|turn|1\n|\n|t:|1700550437\n|move|p2a: Victini|Final Gambit|p1a: Dragonite\n|-damage|p1a: Dragonite|0 fnt\n|faint|p2a: Victini\n|faint|p1a: Dragonite\n|\n|upkeep\n|\n|t:|1700550463\n|switch|p2a: Torkoal|Torkoal, F|100\/100\n|switch|p1a: Garchomp|Garchomp, M|100\/100\n|-weather|SunnyDay|[from] ability: Drought|[of] p2a: Torkoal\n|turn|2\n|\n|t:|1700550485\n|switch|p2a: Venusaur|Venusaur, F|100\/100\n|detailschange|p1a: Garchomp|Garchomp-Mega, M\n|-mega|p1a: Garchomp|Garchomp|Garchompite\n|move|p1a: Garchomp|Earthquake|p2a: Venusaur\n|-damage|p2a: Venusaur|4\/100\n|\n|-weather|SunnyDay|[upkeep]\n|upkeep\n|turn|3\n|\n|t:|1700550495\n|move|p2a: Venusaur|Sludge Bomb|p1a: Garchomp\n|-resisted|p1a: Garchomp\n|-damage|p1a: Garchomp|74\/100\n|-damage|p2a: Venusaur|0 fnt|[from] item: Life Orb\n|faint|p2a: Venusaur\n|move|p1a: Garchomp|Earthquake|p2: Venusaur|[notarget]\n|-fail|p1a: Garchomp\n|\n|-weather|SunnyDay|[upkeep]\n|upkeep\n|\n|t:|1700550519\n|switch|p2a: Great Tusk|Great Tusk|100\/100\n|-activate|p2a: Great Tusk|ability: Protosynthesis\n|-start|p2a: Great Tusk|protosynthesisatk\n|turn|4\n|\n|t:|1700550541\n|switch|p1a: Serperior|Serperior, F|100\/100\n|move|p2a: Great Tusk|Rapid Spin|p1a: Serperior\n|-damage|p1a: Serperior|70\/100\n|-boost|p2a: Great Tusk|spe|1\n|-damage|p2a: Great Tusk|91\/100|[from] item: Life Orb\n|\n|-weather|SunnyDay|[upkeep]\n|-heal|p1a: Serperior|76\/100|[from] item: Leftovers\n|upkeep\n|turn|5\n|\n|t:|1700550554\n|move|p2a: Great Tusk|Close Combat|p1a: Serperior\n|-damage|p1a: Serperior|0 fnt\n|-unboost|p2a: Great Tusk|def|1\n|-unboost|p2a: Great Tusk|spd|1\n|faint|p1a: Serperior\n|-damage|p2a: Great Tusk|81\/100|[from] item: Life Orb\n|\n|-weather|SunnyDay|[upkeep]\n|upkeep\n|inactive|Ripperon has 120 seconds left.\n|\n|t:|1700550570\n|switch|p1a: Zamazenta|Zamazenta|100\/100\n|-ability|p1a: Zamazenta|Dauntless Shield|boost\n|-boost|p1a: Zamazenta|def|1\n|turn|6\n|inactive|Ripperon has 120 seconds left.\n|\n|t:|1700550587\n|-end|p2a: Great Tusk|Protosynthesis|[silent]\n|switch|p2a: Blacephalon|Blacephalon|100\/100\n|move|p1a: Zamazenta|Iron Defense|p1a: Zamazenta\n|-boost|p1a: Zamazenta|def|2\n|\n|-weather|SunnyDay|[upkeep]\n|upkeep\n|turn|7\n|\n|t:|1700550604\n|switch|p1a: Greninja|Greninja, M|100\/100\n|move|p2a: Blacephalon|Flamethrower|p1a: Greninja\n|-resisted|p1a: Greninja\n|-damage|p1a: Greninja|43\/100\n|\n|-weather|SunnyDay|[upkeep]\n|upkeep\n|turn|8\n|\n|t:|1700550621\n|switch|p2a: Great Tusk|Great Tusk|81\/100\n|-activate|p2a: Great Tusk|ability: Protosynthesis\n|-start|p2a: Great Tusk|protosynthesisatk\n|move|p1a: Greninja|Dark Pulse|p2a: Great Tusk\n|-resisted|p2a: Great Tusk\n|-damage|p2a: Great Tusk|56\/100\n|\n|-weather|SunnyDay|[upkeep]\n|upkeep\n|turn|9\n|\n|t:|1700550638\n|move|p1a: Greninja|Extrasensory|p2a: Great Tusk\n|-supereffective|p2a: Great Tusk\n|-damage|p2a: Great Tusk|0 fnt\n|faint|p2a: Great Tusk\n|-end|p2a: Great Tusk|Protosynthesis|[silent]\n|-ability|p1a: Greninja|Battle Bond|boost\n|-boost|p1a: Greninja|atk|1\n|-boost|p1a: Greninja|spa|1\n|-boost|p1a: Greninja|spe|1\n|-activate|p1a: Greninja|ability: Battle Bond\n|\n|-weather|none\n|upkeep\n|\n|t:|1700550642\n|switch|p2a: Torkoal|Torkoal, F|100\/100\n|-weather|SunnyDay|[from] ability: Drought|[of] p2a: Torkoal\n|turn|10\n|\n|t:|1700550668\n|move|p1a: Greninja|Dark Pulse|p2a: Torkoal\n|-damage|p2a: Torkoal|45\/100\n|move|p2a: Torkoal|Clear Smog|p1a: Greninja\n|-damage|p1a: Greninja|27\/100\n|-clearboost|p1a: Greninja\n|\n|-weather|SunnyDay|[upkeep]\n|upkeep\n|turn|11\n|\n|t:|1700550680\n|move|p1a: Greninja|Dark Pulse|p2a: Torkoal\n|-damage|p2a: Torkoal|5\/100\n|move|p2a: Torkoal|Toxic|p1a: Greninja\n|-status|p1a: Greninja|tox\n|\n|-weather|SunnyDay|[upkeep]\n|-damage|p1a: Greninja|21\/100 tox|[from] psn\n|upkeep\n|turn|12\n|\n|t:|1700550690\n|move|p1a: Greninja|Dark Pulse|p2a: Torkoal\n|-damage|p2a: Torkoal|0 fnt\n|faint|p2a: Torkoal\n|\n|-weather|SunnyDay|[upkeep]\n|-damage|p1a: Greninja|9\/100 tox|[from] psn\n|upkeep\n|\n|t:|1700550696\n|switch|p2a: Blacephalon|Blacephalon|100\/100\n|turn|13\n|\n|t:|1700550705\n|move|p1a: Greninja|Dark Pulse|p2a: Blacephalon\n|-supereffective|p2a: Blacephalon\n|-damage|p2a: Blacephalon|0 fnt\n|faint|p2a: Blacephalon\n|\n|-weather|SunnyDay|[upkeep]\n|-damage|p1a: Greninja|0 fnt|[from] psn\n|faint|p1a: Greninja\n|upkeep\n|inactive|Ripperon has 120 seconds left.\n|\n|t:|1700550722\n|switch|p1a: Garchomp|Garchomp-Mega, M|74\/100\n|switch|p2a: Heatran|Heatran, M|100\/100\n|turn|14\n|inactive|Ripperon has 120 seconds left.\n|\n|t:|1700550731\n|-terastallize|p2a: Heatran|Fire\n|move|p2a: Heatran|Eruption|p1a: Garchomp\n|-resisted|p1a: Garchomp\n|-damage|p1a: Garchomp|0 fnt\n|faint|p1a: Garchomp\n|\n|-weather|SunnyDay|[upkeep]\n|upkeep\n|inactive|Ripperon has 120 seconds left.\n|\n|t:|1700550748\n|switch|p1a: Hoopa|Hoopa-Unbound|100\/100\n|turn|15\n|\n|t:|1700550766\n|move|p2a: Heatran|Eruption|p1a: Hoopa\n|-damage|p1a: Hoopa|0 fnt\n|faint|p1a: Hoopa\n|\n|-weather|SunnyDay|[upkeep]\n|upkeep\n|\n|t:|1700550771\n|switch|p1a: Zamazenta|Zamazenta|100\/100\n|turn|16\n|\n|t:|1700550779\n|move|p2a: Heatran|Eruption|p1a: Zamazenta\n|-damage|p1a: Zamazenta|0 fnt\n|faint|p1a: Zamazenta\n|\n|win|DJRRRR\n|raw|Ripperon's rating: 1288 &rarr; <strong>1267<\/strong><br \/>(-21 for losing)\n|raw|DJRRRR's rating: 1346 &rarr; <strong>1363<\/strong><br \/>(+17 for winning)\n|l|\u2606Ripperon\n","uploadtime":1700550827,"views":4,"p1id":"ripperon","p2id":"djrrrr","formatid":"gen9nationaldex","rating":1267,"private":0,"password":""}