{"id":"gen9nationaldex-1997875515","p1":"pk.nutmeg","p2":"papunutriaxd","format":"[Gen 9] National Dex","log":"|html|<div class=\"broadcast-blue\"><strong>[Gen 9] National Dex is currently suspecting Sneasler! For information on how to participate check out the <a href=\"https:\/\/www.smogon.com\/forums\/threads\/sv-national-dex-suspect-8-just-dance.3731534\/\">suspect thread<\/a>.<\/strong><\/div>\n|j|\u2606pk.nutmeg\n|j|\u2606papunutriaxd\n|t:|1700862480\n|gametype|singles\n|player|p1|pk.nutmeg|sabrina|1279\n|player|p2|papunutriaxd|clair|1302\n|teamsize|p1|6\n|teamsize|p2|6\n|gen|9\n|tier|[Gen 9] National Dex\n|rated|\n|rule|HP Percentage Mod: HP is shown in percentages\n|rule|Endless Battle Clause: Forcing endless battles is banned\n|rule|OHKO Clause: OHKO moves are banned\n|rule|Evasion Clause: Evasion abilities, items, and moves are banned\n|rule|Evasion Abilities Clause: Evasion abilities are banned\n|rule|Evasion Items Clause: Evasion items are banned\n|rule|Evasion Moves Clause: Evasion moves are banned\n|rule|Species Clause: Limit one of each Pok\u00e9mon\n|rule|Sleep Clause Mod: Limit one foe put to sleep\n|clearpoke\n|poke|p1|Lopunny, F|\n|poke|p1|Tapu Koko|\n|poke|p1|Rotom-Wash|\n|poke|p1|Gliscor, F|\n|poke|p1|Heatran, M|\n|poke|p1|Iron Valiant|\n|poke|p2|Greninja-*, M|\n|poke|p2|Great Tusk|\n|poke|p2|Blaziken, M|\n|poke|p2|Sneasler, M|\n|poke|p2|Tapu Koko|\n|poke|p2|Decidueye, M|\n|teampreview\n|\n|t:|1700862487\n|start\n|switch|p1a: Rotom|Rotom-Wash|100\/100\n|switch|p2a: Tapu Koko|Tapu Koko|100\/100\n|-fieldstart|move: Electric Terrain|[from] ability: Electric Surge|[of] p2a: Tapu Koko\n|turn|1\n|\n|t:|1700862494\n|move|p2a: Tapu Koko|Light Screen|p2a: Tapu Koko\n|-sidestart|p2: papunutriaxd|move: Light Screen\n|move|p1a: Rotom|Hydro Pump|p2a: Tapu Koko\n|-damage|p2a: Tapu Koko|75\/100\n|\n|upkeep\n|turn|2\n|\n|t:|1700862498\n|move|p2a: Tapu Koko|Reflect|p2a: Tapu Koko\n|-sidestart|p2: papunutriaxd|Reflect\n|move|p1a: Rotom|Volt Switch|p2a: Tapu Koko\n|-resisted|p2a: Tapu Koko\n|-damage|p2a: Tapu Koko|67\/100\n|\n|t:|1700862507\n|switch|p1a: Gliscor|Gliscor, F|100\/100|[from] Volt Switch\n|\n|-status|p1a: Gliscor|tox|[from] item: Toxic Orb\n|upkeep\n|turn|3\n|\n|t:|1700862510\n|move|p2a: Tapu Koko|U-turn|p1a: Gliscor\n|-resisted|p1a: Gliscor\n|-damage|p1a: Gliscor|95\/100 tox\n|\n|t:|1700862513\n|switch|p2a: Greninja|Greninja, M|100\/100|[from] U-turn\n|move|p1a: Gliscor|Spikes|p2a: Greninja\n|-sidestart|p2: papunutriaxd|Spikes\n|\n|-heal|p1a: Gliscor|100\/100 tox|[from] ability: Poison Heal\n|upkeep\n|turn|4\n|\n|t:|1700862520\n|-terastallize|p1a: Gliscor|Water\n|move|p2a: Greninja|Water Shuriken|p1a: Gliscor\n|-resisted|p1a: Gliscor\n|-damage|p1a: Gliscor|97\/100 tox\n|-resisted|p1a: Gliscor\n|-damage|p1a: Gliscor|92\/100 tox\n|-resisted|p1a: Gliscor\n|-damage|p1a: Gliscor|89\/100 tox\n|-hitcount|p1a: Gliscor|3\n|move|p1a: Gliscor|U-turn|p2a: Greninja\n|-supereffective|p2a: Greninja\n|-damage|p2a: Greninja|73\/100\n|\n|t:|1700862525\n|switch|p1a: Tapu Koko|Tapu Koko|100\/100|[from] U-turn\n|\n|upkeep\n|turn|5\n|\n|t:|1700862530\n|move|p2a: Greninja|Water Shuriken|p1a: Tapu Koko\n|-damage|p1a: Tapu Koko|91\/100\n|-damage|p1a: Tapu Koko|80\/100\n|-damage|p1a: Tapu Koko|69\/100\n|-damage|p1a: Tapu Koko|58\/100\n|-hitcount|p1a: Tapu Koko|4\n|move|p1a: Tapu Koko|Thunderbolt|p2a: Greninja\n|-supereffective|p2a: Greninja\n|-damage|p2a: Greninja|0 fnt\n|faint|p2a: Greninja\n|\n|-fieldend|move: Electric Terrain\n|upkeep\n|\n|t:|1700862538\n|switch|p2a: Great Tusk|Great Tusk|100\/100\n|-damage|p2a: Great Tusk|88\/100|[from] Spikes\n|turn|6\n|\n|t:|1700862543\n|move|p1a: Tapu Koko|U-turn|p2a: Great Tusk\n|-resisted|p2a: Great Tusk\n|-damage|p2a: Great Tusk|85\/100\n|\n|t:|1700862544\n|switch|p1a: Gliscor|Gliscor, F, tera:Water|89\/100 tox|[from] U-turn\n|move|p2a: Great Tusk|Rapid Spin|p1a: Gliscor\n|-damage|p1a: Gliscor|81\/100 tox\n|-boost|p2a: Great Tusk|spe|1\n|-sideend|p2: papunutriaxd|Spikes|[from] move: Rapid Spin|[of] p2a: Great Tusk\n|\n|-heal|p2a: Great Tusk|92\/100|[from] item: Leftovers\n|-heal|p1a: Gliscor|93\/100 tox|[from] ability: Poison Heal\n|upkeep\n|turn|7\n|\n|t:|1700862548\n|-end|p2a: Great Tusk|Protosynthesis|[silent]\n|switch|p2a: Decidueye|Decidueye, M|100\/100\n|move|p1a: Gliscor|Knock Off|p2a: Decidueye\n|-supereffective|p2a: Decidueye\n|-damage|p2a: Decidueye|78\/100\n|-enditem|p2a: Decidueye|Covert Cloak|[from] move: Knock Off|[of] p1a: Gliscor\n|\n|-heal|p1a: Gliscor|100\/100 tox|[from] ability: Poison Heal\n|upkeep\n|turn|8\n|\n|t:|1700862559\n|move|p1a: Gliscor|U-turn|p2a: Decidueye\n|-damage|p2a: Decidueye|70\/100\n|\n|t:|1700862563\n|switch|p1a: Tapu Koko|Tapu Koko|58\/100|[from] U-turn\n|-fieldstart|move: Electric Terrain|[from] ability: Electric Surge|[of] p1a: Tapu Koko\n|move|p2a: Decidueye|Spirit Shackle|p1a: Tapu Koko\n|-damage|p1a: Tapu Koko|18\/100\n|-activate|p1a: Tapu Koko|trapped\n|\n|-sideend|p2: papunutriaxd|move: Light Screen\n|upkeep\n|turn|9\n|\n|t:|1700862571\n|move|p1a: Tapu Koko|Roost|p1a: Tapu Koko\n|-heal|p1a: Tapu Koko|68\/100\n|-singleturn|p1a: Tapu Koko|move: Roost\n|move|p2a: Decidueye|Night Shade|p1a: Tapu Koko\n|-damage|p1a: Tapu Koko|33\/100\n|\n|-sideend|p2: papunutriaxd|Reflect\n|upkeep\n|turn|10\n|\n|t:|1700862578\n|move|p1a: Tapu Koko|U-turn|p2a: Decidueye\n|-damage|p2a: Decidueye|55\/100\n|\n|t:|1700862584\n|switch|p1a: Heatran|Heatran, M|100\/100|[from] U-turn\n|move|p2a: Decidueye|Spirit Shackle|p1a: Heatran\n|-damage|p1a: Heatran|70\/100\n|-activate|p1a: Heatran|trapped\n|\n|upkeep\n|turn|11\n|\n|t:|1700862594\n|switch|p2a: Tapu Koko|Tapu Koko|67\/100\n|move|p1a: Heatran|Eruption|p2a: Tapu Koko\n|-damage|p2a: Tapu Koko|0 fnt\n|faint|p2a: Tapu Koko\n|\n|upkeep\n|\n|t:|1700862598\n|switch|p2a: Blaziken|Blaziken, M|100\/100\n|turn|12\n|\n|t:|1700862601\n|move|p2a: Blaziken|Protect|p2a: Blaziken\n|-singleturn|p2a: Blaziken|Protect\n|move|p1a: Heatran|Eruption|p2a: Blaziken\n|-activate|p2a: Blaziken|move: Protect\n|\n|-fieldend|move: Electric Terrain\n|-ability|p2a: Blaziken|Speed Boost|boost\n|-boost|p2a: Blaziken|spe|1\n|upkeep\n|turn|13\n|\n|t:|1700862612\n|move|p2a: Blaziken|Swords Dance|p2a: Blaziken\n|-boost|p2a: Blaziken|atk|2\n|move|p1a: Heatran|Eruption|p2a: Blaziken\n|-resisted|p2a: Blaziken\n|-crit|p2a: Blaziken\n|-damage|p2a: Blaziken|2\/100\n|\n|-ability|p2a: Blaziken|Speed Boost|boost\n|-boost|p2a: Blaziken|spe|1\n|upkeep\n|turn|14\n|\n|t:|1700862625\n|switch|p1a: Gliscor|Gliscor, F, tera:Water|100\/100 tox\n|move|p2a: Blaziken|Close Combat|p1a: Gliscor\n|-damage|p1a: Gliscor|19\/100 tox\n|-unboost|p2a: Blaziken|def|1\n|-unboost|p2a: Blaziken|spd|1\n|\n|-heal|p1a: Gliscor|32\/100 tox|[from] ability: Poison Heal\n|-ability|p2a: Blaziken|Speed Boost|boost\n|-boost|p2a: Blaziken|spe|1\n|upkeep\n|turn|15\n|\n|t:|1700862630\n|move|p2a: Blaziken|Close Combat|p1a: Gliscor\n|-damage|p1a: Gliscor|0 fnt\n|-unboost|p2a: Blaziken|def|1\n|-unboost|p2a: Blaziken|spd|1\n|faint|p1a: Gliscor\n|\n|-ability|p2a: Blaziken|Speed Boost|boost\n|-boost|p2a: Blaziken|spe|1\n|upkeep\n|\n|t:|1700862632\n|switch|p1a: Lopunny|Lopunny, F|100\/100\n|turn|16\n|\n|t:|1700862634\n|detailschange|p1a: Lopunny|Lopunny-Mega, F\n|-mega|p1a: Lopunny|Lopunny|Lopunnite\n|move|p2a: Blaziken|Protect|p2a: Blaziken\n|-singleturn|p2a: Blaziken|Protect\n|move|p1a: Lopunny|Fake Out|p2a: Blaziken\n|-activate|p2a: Blaziken|move: Protect\n|\n|-ability|p2a: Blaziken|Speed Boost|boost\n|-boost|p2a: Blaziken|spe|1\n|upkeep\n|turn|17\n|\n|t:|1700862642\n|switch|p1a: Tapu Koko|Tapu Koko|33\/100\n|-fieldstart|move: Electric Terrain|[from] ability: Electric Surge|[of] p1a: Tapu Koko\n|move|p2a: Blaziken|Close Combat|p1a: Tapu Koko\n|-resisted|p1a: Tapu Koko\n|-damage|p1a: Tapu Koko|0 fnt\n|-unboost|p2a: Blaziken|def|1\n|-unboost|p2a: Blaziken|spd|1\n|faint|p1a: Tapu Koko\n|\n|-ability|p2a: Blaziken|Speed Boost|boost\n|-boost|p2a: Blaziken|spe|1\n|upkeep\n|\n|t:|1700862658\n|switch|p1a: Rotom|Rotom-Wash|100\/100\n|turn|18\n|\n|t:|1700862662\n|move|p2a: Blaziken|Close Combat|p1a: Rotom\n|-crit|p1a: Rotom\n|-damage|p1a: Rotom|0 fnt\n|-unboost|p2a: Blaziken|def|1\n|-unboost|p2a: Blaziken|spd|1\n|faint|p1a: Rotom\n|\n|upkeep\n|\n|t:|1700862666\n|switch|p1a: Lopunny|Lopunny-Mega, F|100\/100\n|turn|19\n|\n|t:|1700862674\n|switch|p1a: Iron Valiant|Iron Valiant|100\/100\n|-activate|p1a: Iron Valiant|ability: Quark Drive\n|-start|p1a: Iron Valiant|quarkdrivespe\n|move|p2a: Blaziken|Protect||[still]\n|-fail|p2a: Blaziken\n|\n|upkeep\n|turn|20\n|\n|t:|1700862684\n|move|p2a: Blaziken|Close Combat|p1a: Iron Valiant\n|-resisted|p1a: Iron Valiant\n|-damage|p1a: Iron Valiant|15\/100\n|-unboost|p2a: Blaziken|def|1\n|-unboost|p2a: Blaziken|spd|1\n|move|p1a: Iron Valiant|Moonblast|p2a: Blaziken\n|-damage|p2a: Blaziken|0 fnt\n|faint|p2a: Blaziken\n|\n|upkeep\n|\n|t:|1700862690\n|switch|p2a: Sneasler|Sneasler, M|100\/100\n|-enditem|p2a: Sneasler|Electric Seed\n|-boost|p2a: Sneasler|def|1|[from] item: Electric Seed\n|turn|21\n|\n|t:|1700862696\n|-terastallize|p2a: Sneasler|Flying\n|move|p2a: Sneasler|Dire Claw|p1a: Iron Valiant\n|-supereffective|p1a: Iron Valiant\n|-damage|p1a: Iron Valiant|0 fnt\n|faint|p1a: Iron Valiant\n|-end|p1a: Iron Valiant|Quark Drive|[silent]\n|\n|-fieldend|move: Electric Terrain\n|upkeep\n|\n|t:|1700862703\n|switch|p1a: Lopunny|Lopunny-Mega, F|100\/100\n|turn|22\n|\n|t:|1700862711\n|move|p1a: Lopunny|Fake Out|p2a: Sneasler\n|-damage|p2a: Sneasler|78\/100\n|cant|p2a: Sneasler|flinch\n|\n|upkeep\n|turn|23\n|\n|t:|1700862718\n|move|p2a: Sneasler|Acrobatics|p1a: Lopunny\n|-supereffective|p1a: Lopunny\n|-damage|p1a: Lopunny|0 fnt\n|faint|p1a: Lopunny\n|\n|upkeep\n|-message|pk.nutmeg forfeited.\n|\n|win|papunutriaxd\n|raw|pk.nutmeg's rating: 1279 &rarr; <strong>1256<\/strong><br \/>(-23 for losing)\n|raw|papunutriaxd's rating: 1302 &rarr; <strong>1321<\/strong><br \/>(+19 for winning)\n|c|\u2606papunutriaxd|gg\n|l|\u2606pk.nutmeg\n","uploadtime":1700862731,"views":5,"p1id":"pknutmeg","p2id":"papunutriaxd","formatid":"gen9nationaldex","rating":1256,"private":0,"password":""}