{"id":"gen9nationaldex-1999496450","p1":"Heatfish","p2":"baigu","format":"[Gen 9] National Dex","log":"|html|<div class=\"broadcast-blue\"><strong>[Gen 9] National Dex is currently suspecting Sneasler! For information on how to participate check out the <a href=\"https:\/\/www.smogon.com\/forums\/threads\/sv-national-dex-suspect-8-just-dance.3731534\/\">suspect thread<\/a>.<\/strong><\/div>\n|j|\u2606Heatfish\n|j|\u2606baigu\n|t:|1701089063\n|gametype|singles\n|player|p1|Heatfish|irida|1764\n|player|p2|baigu|266|1843\n|teamsize|p1|6\n|teamsize|p2|6\n|gen|9\n|tier|[Gen 9] National Dex\n|rated|\n|rule|HP Percentage Mod: HP is shown in percentages\n|rule|Endless Battle Clause: Forcing endless battles is banned\n|rule|OHKO Clause: OHKO moves are banned\n|rule|Evasion Clause: Evasion abilities, items, and moves are banned\n|rule|Evasion Abilities Clause: Evasion abilities are banned\n|rule|Evasion Items Clause: Evasion items are banned\n|rule|Evasion Moves Clause: Evasion moves are banned\n|rule|Species Clause: Limit one of each Pok\u00e9mon\n|rule|Sleep Clause Mod: Limit one foe put to sleep\n|clearpoke\n|poke|p1|Hydreigon, M|\n|poke|p1|Basculegion, M|\n|poke|p1|Ferrothorn, M|\n|poke|p1|Clodsire, F|\n|poke|p1|Urshifu-*, M|\n|poke|p1|Zapdos|\n|poke|p2|Ursaluna, M|\n|poke|p2|Slowking, M|\n|poke|p2|Corviknight, F|\n|poke|p2|Hoopa-Unbound|\n|poke|p2|Dragonite, M|\n|poke|p2|Tapu Koko|\n|teampreview\n|\n|t:|1701089069\n|start\n|switch|p1a: Urshifu|Urshifu-Rapid-Strike, M|100\/100\n|switch|p2a: Tapu Koko|Tapu Koko|100\/100\n|-fieldstart|move: Electric Terrain|[from] ability: Electric Surge|[of] p2a: Tapu Koko\n|turn|1\n|inactive|Battle timer is ON: inactive players will automatically lose when time's up. (requested by Heatfish)\n|\n|t:|1701089073\n|switch|p1a: Clodsire|Clodsire, F|100\/100\n|switch|p2a: Corviknight|Corviknight, F|100\/100\n|-ability|p2a: Corviknight|Pressure\n|\n|upkeep\n|turn|2\n|\n|t:|1701089078\n|move|p2a: Corviknight|U-turn|p1a: Clodsire\n|-resisted|p1a: Clodsire\n|-damage|p1a: Clodsire|93\/100\n|\n|t:|1701089079\n|switch|p2a: \u718a\u5927|Ursaluna, M|100\/100|[from] U-turn\n|move|p1a: Clodsire|Stealth Rock|p2a: \u718a\u5927\n|-sidestart|p2: baigu|move: Stealth Rock\n|\n|-heal|p1a: Clodsire|99\/100|[from] item: Leftovers\n|-status|p2a: \u718a\u5927|brn|[from] item: Flame Orb\n|upkeep\n|turn|3\n|\n|t:|1701089085\n|switch|p1a: Zapdos|Zapdos|100\/100\n|move|p2a: \u718a\u5927|Facade|p1a: Zapdos\n|-damage|p1a: Zapdos|8\/100\n|\n|-damage|p2a: \u718a\u5927|94\/100 brn|[from] brn\n|upkeep\n|turn|4\n|\n|t:|1701089093\n|move|p1a: Zapdos|Hurricane|p2a: \u718a\u5927|[miss]\n|-miss|p1a: Zapdos|p2a: \u718a\u5927\n|move|p2a: \u718a\u5927|Throat Chop|p1a: Zapdos\n|-crit|p1a: Zapdos\n|-damage|p1a: Zapdos|0 fnt\n|faint|p1a: Zapdos\n|\n|-damage|p2a: \u718a\u5927|88\/100 brn|[from] brn\n|upkeep\n|\n|t:|1701089098\n|switch|p1a: Basculegion|Basculegion, M|100\/100\n|turn|5\n|\n|t:|1701089105\n|-terastallize|p2a: \u718a\u5927|Normal\n|move|p1a: Basculegion|Flip Turn|p2a: \u718a\u5927\n|-damage|p2a: \u718a\u5927|56\/100 brn\n|\n|t:|1701089115\n|switch|p1a: Hydreigon|Hydreigon, M|100\/100|[from] Flip Turn\n|move|p2a: \u718a\u5927|Throat Chop|p1a: Hydreigon\n|-resisted|p1a: Hydreigon\n|-damage|p1a: Hydreigon|74\/100\n|-start|p1a: Hydreigon|Throat Chop|[silent]\n|\n|-damage|p2a: \u718a\u5927|50\/100 brn|[from] brn\n|-fieldend|move: Electric Terrain\n|upkeep\n|turn|6\n|\n|t:|1701089124\n|switch|p2a: Tapu Koko|Tapu Koko|100\/100\n|-damage|p2a: Tapu Koko|88\/100|[from] Stealth Rock\n|-fieldstart|move: Electric Terrain|[from] ability: Electric Surge|[of] p2a: Tapu Koko\n|move|p1a: Hydreigon|Draco Meteor|p2a: Tapu Koko\n|-immune|p2a: Tapu Koko\n|\n|-end|p1a: Hydreigon|Throat Chop|[silent]\n|upkeep\n|turn|7\n|\n|t:|1701089128\n|switch|p1a: Clodsire|Clodsire, F|99\/100\n|move|p2a: Tapu Koko|U-turn|p1a: Clodsire\n|-resisted|p1a: Clodsire\n|-damage|p1a: Clodsire|91\/100\n|\n|t:|1701089136\n|switch|p2a: \u718a\u5927|Ursaluna, M, tera:Normal|50\/100 brn|[from] U-turn\n|-damage|p2a: \u718a\u5927|38\/100 brn|[from] Stealth Rock\n|\n|-heal|p1a: Clodsire|98\/100|[from] item: Leftovers\n|-damage|p2a: \u718a\u5927|32\/100 brn|[from] brn\n|upkeep\n|turn|8\n|j| spino6302\n|\n|t:|1701089143\n|switch|p1a: Ferrothorn|Ferrothorn, M|100\/100\n|move|p2a: \u718a\u5927|Headlong Rush|p1a: Ferrothorn\n|-damage|p1a: Ferrothorn|33\/100\n|-unboost|p2a: \u718a\u5927|def|1\n|-unboost|p2a: \u718a\u5927|spd|1\n|-damage|p2a: \u718a\u5927|19\/100 brn|[from] ability: Iron Barbs|[of] p1a: Ferrothorn\n|\n|-heal|p1a: Ferrothorn|39\/100|[from] item: Leftovers\n|-damage|p2a: \u718a\u5927|13\/100 brn|[from] brn\n|upkeep\n|turn|9\n|\n|t:|1701089154\n|switch|p1a: Hydreigon|Hydreigon, M|74\/100\n|move|p2a: \u718a\u5927|Facade|p1a: Hydreigon\n|-crit|p1a: Hydreigon\n|-damage|p1a: Hydreigon|0 fnt\n|faint|p1a: Hydreigon\n|\n|-damage|p2a: \u718a\u5927|7\/100 brn|[from] brn\n|upkeep\n|-message|Heatfish forfeited.\n|\n|win|baigu\n|raw|Heatfish's rating: 1764 &rarr; <strong>1748<\/strong><br \/>(-16 for losing)\n|raw|baigu's rating: 1843 &rarr; <strong>1859<\/strong><br \/>(+16 for winning)\n|l|\u2606Heatfish\n","uploadtime":1701089161,"views":3,"p1id":"heatfish","p2id":"baigu","formatid":"gen9nationaldex","rating":1748,"private":0,"password":""}