{"id":"gen9nationaldex-1998694738","p1":"PyroGaleZX","p2":"tbor2002","format":"[Gen 9] National Dex","log":"|html|<div class=\"broadcast-blue\"><strong>[Gen 9] National Dex is currently suspecting Sneasler! For information on how to participate check out the <a href=\"https:\/\/www.smogon.com\/forums\/threads\/sv-national-dex-suspect-8-just-dance.3731534\/\">suspect thread<\/a>.<\/strong><\/div>\n|j|\u2606PyroGaleZX\n|j|\u2606tbor2002\n|t:|1700973661\n|gametype|singles\n|player|p1|PyroGaleZX|grusha|\n|player|p2|tbor2002|wattson|\n|teamsize|p1|6\n|teamsize|p2|6\n|gen|9\n|tier|[Gen 9] National Dex\n|rule|HP Percentage Mod: HP is shown in percentages\n|rule|Endless Battle Clause: Forcing endless battles is banned\n|rule|OHKO Clause: OHKO moves are banned\n|rule|Evasion Clause: Evasion abilities, items, and moves are banned\n|rule|Evasion Abilities Clause: Evasion abilities are banned\n|rule|Evasion Items Clause: Evasion items are banned\n|rule|Evasion Moves Clause: Evasion moves are banned\n|rule|Species Clause: Limit one of each Pok\u00e9mon\n|rule|Sleep Clause Mod: Limit one foe put to sleep\n|clearpoke\n|poke|p1|Gyarados, F|\n|poke|p1|Arcanine, F|\n|poke|p1|Spiritomb, M|\n|poke|p1|Luxio, F|\n|poke|p1|Articuno-Galar|\n|poke|p1|Dragonite, M|\n|poke|p2|Zamazenta-*|\n|poke|p2|Goodra-Hisui, F|\n|poke|p2|Jolteon, F|\n|poke|p2|Eelektross, F|\n|poke|p2|Crabominable, M|\n|poke|p2|Mareanie, M|\n|teampreview\n|\n|t:|1700973686\n|start\n|switch|p1a: Mini Gun?|Luxio, F|100\/100\n|switch|p2a: Eelektross|Eelektross, F|100\/100\n|-ability|p1a: Mini Gun?|Intimidate|boost\n|-unboost|p2a: Eelektross|atk|1\n|turn|1\n|\n|t:|1700973697\n|move|p1a: Mini Gun?|Ice Fang|p2a: Eelektross\n|-damage|p2a: Eelektross|86\/100\n|move|p2a: Eelektross|Dragon Tail|p1a: Mini Gun?|[miss]\n|-miss|p2a: Eelektross|p1a: Mini Gun?\n|\n|upkeep\n|turn|2\n|\n|t:|1700973705\n|move|p1a: Mini Gun?|Roar|p2a: Eelektross\n|drag|p2a: Zamazenta|Zamazenta, shiny|100\/100\n|-ability|p2a: Zamazenta|Dauntless Shield|boost\n|-boost|p2a: Zamazenta|def|1\n|\n|upkeep\n|turn|3\n|\n|t:|1700973722\n|move|p2a: Zamazenta|Substitute|p2a: Zamazenta\n|-start|p2a: Zamazenta|Substitute\n|-damage|p2a: Zamazenta|75\/100\n|move|p1a: Mini Gun?|Roar|p2a: Zamazenta\n|drag|p2a: Eelektross|Eelektross, F|86\/100\n|\n|upkeep\n|turn|4\n|\n|t:|1700973757\n|move|p1a: Mini Gun?|Ice Fang|p2a: Eelektross\n|-damage|p2a: Eelektross|70\/100\n|move|p2a: Eelektross|U-turn|p1a: Mini Gun?\n|-damage|p1a: Mini Gun?|85\/100\n|\n|t:|1700973773\n|switch|p2a: Crabominable|Crabominable, M|100\/100|[from] U-turn\n|\n|upkeep\n|turn|5\n|\n|t:|1700973798\n|move|p2a: Crabominable|Drain Punch|p1a: Mini Gun?\n|-damage|p1a: Mini Gun?|35\/100\n|move|p1a: Mini Gun?|Thunder Wave|p2a: Crabominable\n|-status|p2a: Crabominable|par\n|\n|upkeep\n|turn|6\n|\n|t:|1700973817\n|move|p2a: Crabominable|Ice Hammer|p1a: Mini Gun?\n|-damage|p1a: Mini Gun?|0 fnt\n|-unboost|p2a: Crabominable|spe|1\n|faint|p1a: Mini Gun?\n|\n|upkeep\n|\n|t:|1700973823\n|switch|p1a: Shameful Gun|Arcanine, F|100\/100\n|-ability|p1a: Shameful Gun|Intimidate|boost\n|-unboost|p2a: Crabominable|atk|1\n|turn|7\n|\n|t:|1700973848\n|move|p1a: Shameful Gun|Flare Blitz|p2a: Crabominable\n|-supereffective|p2a: Crabominable\n|-damage|p2a: Crabominable|0 fnt\n|faint|p2a: Crabominable\n|-damage|p1a: Shameful Gun|60\/100|[from] Recoil\n|\n|upkeep\n|\n|t:|1700973859\n|switch|p2a: Mareanie|Mareanie, M|100\/100\n|turn|8\n|\n|t:|1700973872\n|switch|p1a: Not Gun|Spiritomb, M, shiny|100\/100\n|-ability|p1a: Not Gun|Pressure\n|move|p2a: Mareanie|Surf|p1a: Not Gun\n|-damage|p1a: Not Gun|85\/100\n|\n|upkeep\n|turn|9\n|\n|t:|1700973886\n|switch|p2a: Jolteon|Jolteon, F|100\/100\n|move|p1a: Not Gun|Foul Play|p2a: Jolteon\n|-damage|p2a: Jolteon|67\/100\n|\n|upkeep\n|turn|10\n|\n|t:|1700973891\n|move|p2a: Jolteon|Heal Bell||[still]\n|-activate|p2a: Jolteon|move: Heal Bell\n|-fail|p2a: Jolteon\n|move|p1a: Not Gun|Foul Play|p2a: Jolteon\n|-damage|p2a: Jolteon|35\/100\n|\n|upkeep\n|turn|11\n|\n|t:|1700973909\n|switch|p2a: Mareanie|Mareanie, M|100\/100\n|move|p1a: Not Gun|Foul Play|p2a: Mareanie\n|-damage|p2a: Mareanie|81\/100\n|\n|upkeep\n|turn|12\n|\n|t:|1700973915\n|move|p2a: Mareanie|Sludge Bomb|p1a: Not Gun\n|-resisted|p1a: Not Gun\n|-damage|p1a: Not Gun|77\/100\n|move|p1a: Not Gun|Foul Play|p2a: Mareanie\n|-damage|p2a: Mareanie|65\/100\n|\n|upkeep\n|turn|13\n|\n|t:|1700973922\n|move|p2a: Mareanie|Sludge Bomb|p1a: Not Gun\n|-resisted|p1a: Not Gun\n|-damage|p1a: Not Gun|70\/100\n|-status|p1a: Not Gun|psn\n|move|p1a: Not Gun|Foul Play|p2a: Mareanie\n|-damage|p2a: Mareanie|46\/100\n|\n|-damage|p1a: Not Gun|58\/100 psn|[from] psn\n|upkeep\n|turn|14\n|\n|t:|1700973939\n|move|p2a: Mareanie|Recover|p2a: Mareanie\n|-heal|p2a: Mareanie|96\/100\n|move|p1a: Not Gun|Rest|p1a: Not Gun\n|-status|p1a: Not Gun|slp|[from] move: Rest\n|-heal|p1a: Not Gun|100\/100 slp|[silent]\n|\n|upkeep\n|turn|15\n|\n|t:|1700973954\n|switch|p2a: Goodra|Goodra-Hisui, F|100\/100\n|cant|p1a: Not Gun|slp\n|\n|upkeep\n|turn|16\n|\n|t:|1700973962\n|move|p2a: Goodra|Dragon Tail|p1a: Not Gun\n|-damage|p1a: Not Gun|80\/100 slp\n|-damage|p2a: Goodra|84\/100|[from] item: Rocky Helmet|[of] p1a: Not Gun\n|drag|p1a: Gun|Dragonite, M|100\/100\n|\n|-heal|p2a: Goodra|90\/100|[from] item: Leftovers\n|upkeep\n|turn|17\n|\n|t:|1700973976\n|switch|p1a: Not Gun|Spiritomb, M, shiny|80\/100 slp\n|-ability|p1a: Not Gun|Pressure\n|move|p2a: Goodra|Draco Meteor|p1a: Not Gun\n|-damage|p1a: Not Gun|33\/100 slp\n|-unboost|p2a: Goodra|spa|2\n|\n|-heal|p2a: Goodra|96\/100|[from] item: Leftovers\n|upkeep\n|turn|18\n|\n|t:|1700973985\n|move|p2a: Goodra|Dragon Tail|p1a: Not Gun\n|-damage|p1a: Not Gun|9\/100 slp\n|-damage|p2a: Goodra|80\/100|[from] item: Rocky Helmet|[of] p1a: Not Gun\n|drag|p1a: Water Gun|Gyarados, F|100\/100\n|-ability|p1a: Water Gun|Intimidate|boost\n|-unboost|p2a: Goodra|atk|1\n|\n|-heal|p2a: Goodra|86\/100|[from] item: Leftovers\n|upkeep\n|turn|19\n|\n|t:|1700973997\n|switch|p1a: Not Gun|Spiritomb, M, shiny|9\/100 slp\n|-ability|p1a: Not Gun|Pressure\n|move|p2a: Goodra|Dragon Tail|p1a: Not Gun\n|-damage|p1a: Not Gun|0 fnt\n|-damage|p2a: Goodra|69\/100|[from] item: Rocky Helmet|[of] p1a: Not Gun\n|faint|p1a: Not Gun\n|\n|-heal|p2a: Goodra|75\/100|[from] item: Leftovers\n|upkeep\n|\n|t:|1700974009\n|switch|p1a: Shameful Gun|Arcanine, F|60\/100\n|-ability|p1a: Shameful Gun|Intimidate|boost\n|-unboost|p2a: Goodra|atk|1\n|turn|20\n|\n|t:|1700974020\n|move|p1a: Shameful Gun|Close Combat|p2a: Goodra\n|-supereffective|p2a: Goodra\n|-damage|p2a: Goodra|4\/100\n|-unboost|p1a: Shameful Gun|def|1\n|-unboost|p1a: Shameful Gun|spd|1\n|move|p2a: Goodra|Dragon Tail|p1a: Shameful Gun|[miss]\n|-miss|p2a: Goodra|p1a: Shameful Gun\n|\n|-heal|p2a: Goodra|10\/100|[from] item: Leftovers\n|upkeep\n|turn|21\n|\n|t:|1700974032\n|move|p1a: Shameful Gun|Close Combat|p2a: Goodra\n|-supereffective|p2a: Goodra\n|-damage|p2a: Goodra|0 fnt\n|-unboost|p1a: Shameful Gun|def|1\n|-unboost|p1a: Shameful Gun|spd|1\n|faint|p2a: Goodra\n|\n|upkeep\n|\n|t:|1700974039\n|switch|p2a: Mareanie|Mareanie, M|100\/100\n|turn|22\n|\n|t:|1700974050\n|move|p1a: Shameful Gun|Close Combat|p2a: Mareanie\n|-resisted|p2a: Mareanie\n|-damage|p2a: Mareanie|81\/100\n|-unboost|p1a: Shameful Gun|def|1\n|-unboost|p1a: Shameful Gun|spd|1\n|move|p2a: Mareanie|Surf|p1a: Shameful Gun\n|-supereffective|p1a: Shameful Gun\n|-damage|p1a: Shameful Gun|0 fnt\n|faint|p1a: Shameful Gun\n|\n|upkeep\n|\n|t:|1700974053\n|switch|p1a: Water Gun|Gyarados, F|100\/100\n|-ability|p1a: Water Gun|Intimidate|boost\n|-unboost|p2a: Mareanie|atk|1\n|turn|23\n|\n|t:|1700974063\n|move|p1a: Water Gun|Taunt|p2a: Mareanie\n|-start|p2a: Mareanie|move: Taunt\n|move|p2a: Mareanie|Sludge Bomb|p1a: Water Gun\n|-damage|p1a: Water Gun|80\/100\n|\n|upkeep\n|turn|24\n|\n|t:|1700974069\n|move|p1a: Water Gun|Dragon Dance|p1a: Water Gun\n|-boost|p1a: Water Gun|atk|1\n|-boost|p1a: Water Gun|spe|1\n|move|p2a: Mareanie|Sludge Bomb|p1a: Water Gun\n|-damage|p1a: Water Gun|61\/100\n|\n|upkeep\n|turn|25\n|\n|t:|1700974077\n|switch|p2a: Eelektross|Eelektross, F|70\/100\n|move|p1a: Water Gun|Dragon Dance|p1a: Water Gun\n|-boost|p1a: Water Gun|atk|1\n|-boost|p1a: Water Gun|spe|1\n|\n|upkeep\n|turn|26\n|\n|t:|1700974083\n|move|p1a: Water Gun|Waterfall|p2a: Eelektross\n|-damage|p2a: Eelektross|0 fnt\n|faint|p2a: Eelektross\n|-damage|p1a: Water Gun|51\/100|[from] item: Life Orb\n|\n|upkeep\n|\n|t:|1700974089\n|switch|p2a: Jolteon|Jolteon, F|35\/100\n|turn|27\n|\n|t:|1700974095\n|move|p1a: Water Gun|Waterfall|p2a: Jolteon\n|-damage|p2a: Jolteon|0 fnt\n|faint|p2a: Jolteon\n|-damage|p1a: Water Gun|41\/100|[from] item: Life Orb\n|\n|upkeep\n|\n|t:|1700974118\n|switch|p2a: Mareanie|Mareanie, M|100\/100\n|turn|28\n|\n|t:|1700974124\n|move|p1a: Water Gun|Tera Blast|p2a: Mareanie\n|-damage|p2a: Mareanie|83\/100\n|-damage|p1a: Water Gun|31\/100|[from] item: Life Orb\n|move|p2a: Mareanie|Haze|p2a: Mareanie\n|-clearallboost\n|\n|upkeep\n|turn|29\n|\n|t:|1700974131\n|move|p1a: Water Gun|Taunt|p2a: Mareanie\n|-start|p2a: Mareanie|move: Taunt\n|move|p2a: Mareanie|Sludge Bomb|p1a: Water Gun\n|-damage|p1a: Water Gun|10\/100\n|-status|p1a: Water Gun|psn\n|\n|-damage|p1a: Water Gun|0 fnt|[from] psn\n|faint|p1a: Water Gun\n|upkeep\n|\n|t:|1700974135\n|switch|p1a: Other Gun|Articuno-Galar|100\/100\n|turn|30\n|\n|t:|1700974150\n|move|p1a: Other Gun|Agility|p1a: Other Gun\n|-boost|p1a: Other Gun|spe|2\n|move|p2a: Mareanie|Sludge Bomb|p1a: Other Gun\n|-damage|p1a: Other Gun|85\/100\n|\n|-heal|p1a: Other Gun|91\/100|[from] item: Leftovers\n|upkeep\n|turn|31\n|\n|t:|1700974206\n|move|p1a: Other Gun|Calm Mind|p1a: Other Gun\n|-boost|p1a: Other Gun|spa|1\n|-boost|p1a: Other Gun|spd|1\n|move|p2a: Mareanie|Sludge Bomb|p1a: Other Gun\n|-damage|p1a: Other Gun|80\/100\n|-status|p1a: Other Gun|psn\n|\n|-heal|p1a: Other Gun|86\/100 psn|[from] item: Leftovers\n|-damage|p1a: Other Gun|74\/100 psn|[from] psn\n|-end|p2a: Mareanie|move: Taunt\n|upkeep\n|turn|32\n|\n|t:|1700974216\n|move|p1a: Other Gun|Stored Power|p2a: Mareanie\n|-supereffective|p2a: Mareanie\n|-damage|p2a: Mareanie|0 fnt\n|faint|p2a: Mareanie\n|\n|-heal|p1a: Other Gun|80\/100 psn|[from] item: Leftovers\n|-damage|p1a: Other Gun|67\/100 psn|[from] psn\n|upkeep\n|\n|t:|1700974225\n|switch|p2a: Zamazenta|Zamazenta, shiny|75\/100\n|turn|33\n|\n|t:|1700974232\n|-terastallize|p2a: Zamazenta|Steel\n|move|p1a: Other Gun|Stored Power|p2a: Zamazenta\n|-resisted|p2a: Zamazenta\n|-damage|p2a: Zamazenta|50\/100\n|move|p2a: Zamazenta|Crunch|p1a: Other Gun\n|-supereffective|p1a: Other Gun\n|-damage|p1a: Other Gun|27\/100 psn\n|\n|-heal|p1a: Other Gun|33\/100 psn|[from] item: Leftovers\n|-heal|p2a: Zamazenta|57\/100|[from] item: Leftovers\n|-damage|p1a: Other Gun|21\/100 psn|[from] psn\n|upkeep\n|turn|34\n|\n|t:|1700974244\n|-terastallize|p1a: Other Gun|Fighting\n|move|p1a: Other Gun|Tera Blast|p2a: Zamazenta|[anim] Tera Blast Fighting\n|-supereffective|p2a: Zamazenta\n|-damage|p2a: Zamazenta|0 fnt\n|faint|p2a: Zamazenta\n|\n|win|PyroGaleZX\n","uploadtime":1700974251,"views":1,"p1id":"pyrogalezx","p2id":"tbor2002","formatid":"gen9nationaldex","rating":0,"private":0,"password":""}