{"id":"gen9nationaldex-1992578853","p1":"cycycycycycy","p2":"disenchanted2914","format":"[Gen 9] National Dex","log":"|j|\u2606cycycycycycy\n|j|\u2606disenchanted2914\n|t:|1700209153\n|gametype|singles\n|player|p1|cycycycycycy|1|1307\n|player|p2|disenchanted2914|alec-anime|1330\n|teamsize|p1|6\n|teamsize|p2|6\n|gen|9\n|tier|[Gen 9] National Dex\n|rated|\n|rule|HP Percentage Mod: HP is shown in percentages\n|rule|Endless Battle Clause: Forcing endless battles is banned\n|rule|OHKO Clause: OHKO moves are banned\n|rule|Evasion Clause: Evasion abilities, items, and moves are banned\n|rule|Evasion Abilities Clause: Evasion abilities are banned\n|rule|Evasion Items Clause: Evasion items are banned\n|rule|Evasion Moves Clause: Evasion moves are banned\n|rule|Species Clause: Limit one of each Pok\u00e9mon\n|rule|Sleep Clause Mod: Limit one foe put to sleep\n|clearpoke\n|poke|p1|Dracozolt|\n|poke|p1|Tyranitar, F|\n|poke|p1|Excadrill, M|\n|poke|p1|Aegislash, M|\n|poke|p1|Slowbro, F|\n|poke|p1|Ursaluna, M|\n|poke|p2|Dusknoir, M|\n|poke|p2|Ceruledge, F|\n|poke|p2|Sableye, F|\n|poke|p2|Aegislash, M|\n|poke|p2|Mimikyu, F|\n|poke|p2|Brambleghast, F|\n|teampreview\n|\n|t:|1700209173\n|start\n|switch|p1a: Tyranitar|Tyranitar, F|100\/100\n|switch|p2a: Dusknoir|Dusknoir, M|100\/100\n|-weather|Sandstorm|[from] ability: Sand Stream|[of] p1a: Tyranitar\n|-item|p1a: Tyranitar|Tyranitarite|[from] ability: Frisk|[of] p2a: Dusknoir|[identify]\n|turn|1\n|\n|t:|1700209189\n|detailschange|p1a: Tyranitar|Tyranitar-Mega, F\n|-mega|p1a: Tyranitar|Tyranitar|Tyranitarite\n|move|p1a: Tyranitar|Pursuit|p2a: Dusknoir\n|-supereffective|p2a: Dusknoir\n|-damage|p2a: Dusknoir|51\/100\n|move|p2a: Dusknoir|Earthquake|p1a: Tyranitar\n|-supereffective|p1a: Tyranitar\n|-damage|p1a: Tyranitar|48\/100\n|\n|-weather|Sandstorm|[upkeep]\n|-damage|p2a: Dusknoir|45\/100|[from] Sandstorm\n|upkeep\n|turn|2\n|\n|t:|1700209199\n|move|p1a: Tyranitar|Stealth Rock|p2a: Dusknoir\n|-sidestart|p2: disenchanted2914|move: Stealth Rock\n|move|p2a: Dusknoir|Earthquake|p1a: Tyranitar\n|-supereffective|p1a: Tyranitar\n|-damage|p1a: Tyranitar|0 fnt\n|faint|p1a: Tyranitar\n|\n|-weather|Sandstorm|[upkeep]\n|-damage|p2a: Dusknoir|39\/100|[from] Sandstorm\n|upkeep\n|\n|t:|1700209203\n|switch|p1a: Dracozolt|Dracozolt|100\/100\n|turn|3\n|\n|t:|1700209209\n|move|p1a: Dracozolt|Bolt Beak|p2a: Dusknoir\n|-crit|p2a: Dusknoir\n|-damage|p2a: Dusknoir|0 fnt\n|faint|p2a: Dusknoir\n|-damage|p1a: Dracozolt|91\/100|[from] item: Life Orb\n|\n|-weather|Sandstorm|[upkeep]\n|upkeep\n|\n|t:|1700209222\n|switch|p2a: Aegislash|Aegislash, M|100\/100\n|-damage|p2a: Aegislash|94\/100|[from] Stealth Rock\n|turn|4\n|\n|t:|1700209233\n|move|p1a: Dracozolt|Substitute|p1a: Dracozolt\n|-start|p1a: Dracozolt|Substitute\n|-damage|p1a: Dracozolt|66\/100\n|-formechange|p2a: Aegislash|Aegislash-Blade||[from] ability: Stance Change\n|move|p2a: Aegislash|Shadow Ball|p1a: Dracozolt\n|-end|p1a: Dracozolt|Substitute\n|\n|-weather|Sandstorm|[upkeep]\n|-heal|p2a: Aegislash|100\/100|[from] item: Leftovers\n|upkeep\n|turn|5\n|\n|t:|1700209244\n|-formechange|p2a: Aegislash|Aegislash||[from] ability: Stance Change\n|move|p2a: Aegislash|King's Shield|p2a: Aegislash\n|-singleturn|p2a: Aegislash|Protect\n|move|p1a: Dracozolt|Fire Blast|p2a: Aegislash\n|-activate|p2a: Aegislash|move: Protect\n|\n|-weather|none\n|upkeep\n|turn|6\n|\n|t:|1700209254\n|move|p1a: Dracozolt|Fire Blast|p2a: Aegislash\n|-supereffective|p2a: Aegislash\n|-damage|p2a: Aegislash|59\/100\n|-damage|p1a: Dracozolt|56\/100|[from] item: Life Orb\n|-formechange|p2a: Aegislash|Aegislash-Blade||[from] ability: Stance Change\n|move|p2a: Aegislash|Shadow Ball|p1a: Dracozolt\n|-damage|p1a: Dracozolt|0 fnt\n|faint|p1a: Dracozolt\n|\n|-heal|p2a: Aegislash|65\/100|[from] item: Leftovers\n|upkeep\n|\n|t:|1700209280\n|switch|p1a: Aegislash|Aegislash, M|100\/100\n|-item|p1a: Aegislash|Air Balloon\n|turn|7\n|\n|t:|1700209297\n|-formechange|p2a: Aegislash|Aegislash||[from] ability: Stance Change\n|move|p2a: Aegislash|King's Shield|p2a: Aegislash\n|-singleturn|p2a: Aegislash|Protect\n|move|p1a: Aegislash|Swords Dance|p1a: Aegislash\n|-boost|p1a: Aegislash|atk|2\n|\n|-heal|p2a: Aegislash|71\/100|[from] item: Leftovers\n|upkeep\n|turn|8\n|\n|t:|1700209307\n|-formechange|p1a: Aegislash|Aegislash-Blade||[from] ability: Stance Change\n|move|p1a: Aegislash|Shadow Sneak|p2a: Aegislash\n|-supereffective|p2a: Aegislash\n|-damage|p2a: Aegislash|0 fnt\n|faint|p2a: Aegislash\n|\n|upkeep\n|\n|t:|1700209337\n|switch|p2a: Mimikyu|Mimikyu, F|100\/100\n|-damage|p2a: Mimikyu|88\/100|[from] Stealth Rock\n|turn|9\n|\n|t:|1700209347\n|move|p2a: Mimikyu|Swords Dance|p2a: Mimikyu\n|-boost|p2a: Mimikyu|atk|2\n|move|p1a: Aegislash|Iron Head|p2a: Mimikyu\n|-activate|p2a: Mimikyu|ability: Disguise\n|-damage|p2a: Mimikyu|88\/100\n|detailschange|p2a: Mimikyu|Mimikyu-Busted, F\n|-damage|p2a: Mimikyu|76\/100|[from] pokemon: Mimikyu-Busted\n|\n|upkeep\n|turn|10\n|\n|t:|1700209361\n|move|p2a: Mimikyu|Shadow Sneak|p1a: Aegislash\n|-supereffective|p1a: Aegislash\n|-damage|p1a: Aegislash|0 fnt\n|-enditem|p1a: Aegislash|Air Balloon\n|faint|p1a: Aegislash\n|-damage|p2a: Mimikyu|66\/100|[from] item: Life Orb\n|\n|upkeep\n|\n|t:|1700209373\n|switch|p1a: Excadrill|Excadrill, M|100\/100\n|turn|11\n|\n|t:|1700209377\n|move|p2a: Mimikyu|Drain Punch|p1a: Excadrill\n|-supereffective|p1a: Excadrill\n|-damage|p1a: Excadrill|0 fnt\n|-heal|p2a: Mimikyu|100\/100|[from] drain|[of] p1a: Excadrill\n|faint|p1a: Excadrill\n|-damage|p2a: Mimikyu|91\/100|[from] item: Life Orb\n|\n|upkeep\n|\n|t:|1700209385\n|switch|p1a: Ursaluna|Ursaluna, M|100\/100\n|turn|12\n|\n|t:|1700209401\n|-terastallize|p1a: Ursaluna|Ghost\n|move|p2a: Mimikyu|Drain Punch|p1a: Ursaluna\n|-immune|p1a: Ursaluna\n|move|p1a: Ursaluna|Earthquake|p2a: Mimikyu\n|-damage|p2a: Mimikyu|0 fnt\n|faint|p2a: Mimikyu\n|\n|-status|p1a: Ursaluna|brn|[from] item: Flame Orb\n|upkeep\n|\n|t:|1700209412\n|switch|p2a: Brambleghast|Brambleghast, F|100\/100\n|turn|13\n|\n|t:|1700209419\n|switch|p1a: Slowbro|Slowbro, F|100\/100\n|move|p2a: Brambleghast|Strength Sap|p1a: Slowbro\n|-unboost|p1a: Slowbro|atk|1\n|\n|upkeep\n|turn|14\n|\n|t:|1700209425\n|move|p2a: Brambleghast|Power Whip|p1a: Slowbro\n|-supereffective|p1a: Slowbro\n|-damage|p1a: Slowbro|37\/100\n|-damage|p2a: Brambleghast|84\/100|[from] item: Rocky Helmet|[of] p1a: Slowbro\n|move|p1a: Slowbro|Future Sight|p2a: Brambleghast\n|-start|p1a: Slowbro|move: Future Sight\n|\n|upkeep\n|turn|15\n|\n|t:|1700209435\n|switch|p1a: Ursaluna|Ursaluna, M, tera:Ghost|100\/100 brn\n|move|p2a: Brambleghast|Power Whip|p1a: Ursaluna\n|-damage|p1a: Ursaluna|60\/100 brn\n|\n|-damage|p1a: Ursaluna|54\/100 brn|[from] brn\n|upkeep\n|turn|16\n|\n|t:|1700209442\n|switch|p2a: Sableye|Sableye, F|100\/100\n|-damage|p2a: Sableye|88\/100|[from] Stealth Rock\n|move|p1a: Ursaluna|Earthquake|p2a: Sableye\n|-damage|p2a: Sableye|6\/100\n|\n|-end|p2a: Sableye|move: Future Sight\n|-immune|p2a: Sableye\n|-damage|p1a: Ursaluna|48\/100 brn|[from] brn\n|upkeep\n|turn|17\n|\n|t:|1700209457\n|move|p2a: Sableye|Encore|p1a: Ursaluna\n|-start|p1a: Ursaluna|Encore\n|move|p1a: Ursaluna|Earthquake|p2a: Sableye\n|-damage|p2a: Sableye|0 fnt\n|faint|p2a: Sableye\n|\n|-damage|p1a: Ursaluna|42\/100 brn|[from] brn\n|upkeep\n|\n|t:|1700209459\n|switch|p2a: Brambleghast|Brambleghast, F|84\/100\n|turn|18\n|\n|t:|1700209466\n|switch|p1a: Slowbro|Slowbro, F|70\/100\n|move|p2a: Brambleghast|Poltergeist|p1a: Slowbro\n|-activate|p1a: Slowbro|move: Poltergeist|Rocky Helmet\n|-supereffective|p1a: Slowbro\n|-damage|p1a: Slowbro|10\/100\n|\n|upkeep\n|turn|19\n|\n|t:|1700209476\n|move|p2a: Brambleghast|Poltergeist|p1a: Slowbro|[miss]\n|-miss|p2a: Brambleghast|p1a: Slowbro\n|move|p1a: Slowbro|Trick Room|p1a: Slowbro\n|-fieldstart|move: Trick Room|[of] p1a: Slowbro\n|\n|upkeep\n|turn|20\n|\n|t:|1700209484\n|move|p1a: Slowbro|Future Sight|p2a: Brambleghast\n|-start|p1a: Slowbro|move: Future Sight\n|move|p2a: Brambleghast|Rapid Spin|p1a: Slowbro\n|-damage|p1a: Slowbro|1\/100\n|-boost|p2a: Brambleghast|spe|1\n|-damage|p2a: Brambleghast|68\/100|[from] item: Rocky Helmet|[of] p1a: Slowbro\n|-sideend|p2: disenchanted2914|Stealth Rock|[from] move: Rapid Spin|[of] p2a: Brambleghast\n|\n|upkeep\n|turn|21\n|\n|t:|1700209488\n|move|p1a: Slowbro|Scald|p2a: Brambleghast\n|-resisted|p2a: Brambleghast\n|-damage|p2a: Brambleghast|42\/100\n|move|p2a: Brambleghast|Strength Sap|p1a: Slowbro\n|-unboost|p1a: Slowbro|atk|1\n|-heal|p2a: Brambleghast|100\/100\n|\n|upkeep\n|turn|22\n|\n|t:|1700209497\n|switch|p1a: Ursaluna|Ursaluna, M, tera:Ghost|42\/100 brn\n|move|p2a: Brambleghast|Strength Sap|p1a: Ursaluna\n|-unboost|p1a: Ursaluna|atk|1\n|\n|-end|p2a: Brambleghast|move: Future Sight\n|-damage|p2a: Brambleghast|20\/100\n|-damage|p1a: Ursaluna|35\/100 brn|[from] brn\n|upkeep\n|turn|23\n|\n|t:|1700209503\n|move|p1a: Ursaluna|Earthquake|p2a: Brambleghast\n|-resisted|p2a: Brambleghast\n|-damage|p2a: Brambleghast|0 fnt\n|faint|p2a: Brambleghast\n|\n|-damage|p1a: Ursaluna|29\/100 brn|[from] brn\n|-fieldend|move: Trick Room\n|upkeep\n|\n|t:|1700209506\n|switch|p2a: Ceruledge|Ceruledge, F|100\/100\n|turn|24\n|\n|t:|1700209515\n|move|p2a: Ceruledge|Swords Dance|p2a: Ceruledge\n|-boost|p2a: Ceruledge|atk|2\n|move|p1a: Ursaluna|Earthquake|p2a: Ceruledge\n|-supereffective|p2a: Ceruledge\n|-enditem|p2a: Ceruledge|Focus Sash\n|-damage|p2a: Ceruledge|1\/100\n|-ability|p2a: Ceruledge|Weak Armor|boost\n|-unboost|p2a: Ceruledge|def|1\n|-boost|p2a: Ceruledge|spe|2\n|\n|-damage|p1a: Ursaluna|23\/100 brn|[from] brn\n|upkeep\n|turn|25\n|\n|t:|1700209522\n|move|p2a: Ceruledge|Bitter Blade|p1a: Ursaluna\n|-damage|p1a: Ursaluna|0 fnt\n|-heal|p2a: Ceruledge|19\/100|[from] drain|[of] p1a: Ursaluna\n|faint|p1a: Ursaluna\n|\n|upkeep\n|\n|t:|1700209523\n|switch|p1a: Slowbro|Slowbro, F|35\/100\n|turn|26\n|\n|t:|1700209529\n|move|p2a: Ceruledge|Poltergeist|p1a: Slowbro\n|-activate|p1a: Slowbro|move: Poltergeist|Rocky Helmet\n|-supereffective|p1a: Slowbro\n|-damage|p1a: Slowbro|0 fnt\n|faint|p1a: Slowbro\n|\n|win|disenchanted2914\n|raw|cycycycycycy's rating: 1307 &rarr; <strong>1288<\/strong><br \/>(-19 for losing)\n|raw|disenchanted2914's rating: 1330 &rarr; <strong>1349<\/strong><br \/>(+19 for winning)\n|l|\u2606cycycycycycy\n","uploadtime":1700209538,"views":8,"p1id":"cycycycycycy","p2id":"disenchanted2914","formatid":"gen9nationaldex","rating":1288,"private":0,"password":""}