{"id":"gen9nationaldex-1987735841","p1":"Funny jumpiiiiiii","p2":"not_kastadiva","format":"[Gen 9] National Dex","log":"|j|\u2606Funny jumpiiiiiii\n|j|\u2606not_kastadiva\n|t:|1699632211\n|gametype|singles\n|player|p1|Funny jumpiiiiiii|dawn|1283\n|player|p2|not_kastadiva|1|1346\n|teamsize|p1|6\n|teamsize|p2|6\n|gen|9\n|tier|[Gen 9] National Dex\n|rated|\n|rule|HP Percentage Mod: HP is shown in percentages\n|rule|Endless Battle Clause: Forcing endless battles is banned\n|rule|OHKO Clause: OHKO moves are banned\n|rule|Evasion Clause: Evasion abilities, items, and moves are banned\n|rule|Evasion Abilities Clause: Evasion abilities are banned\n|rule|Evasion Items Clause: Evasion items are banned\n|rule|Evasion Moves Clause: Evasion moves are banned\n|rule|Species Clause: Limit one of each Pok\u00e9mon\n|rule|Sleep Clause Mod: Limit one foe put to sleep\n|clearpoke\n|poke|p1|Tapu Lele|\n|poke|p1|Alakazam, F|\n|poke|p1|Armarouge, F|\n|poke|p1|Cinderace, M|\n|poke|p1|Hawlucha, F|\n|poke|p1|Chansey, F|\n|poke|p2|Ursaluna, M|\n|poke|p2|Hatterene, F|\n|poke|p2|Hoopa-Unbound|\n|poke|p2|Sinistcha-Masterpiece|\n|poke|p2|Iron Hands|\n|poke|p2|Drampa, M|\n|teampreview\n|inactive|Battle timer is ON: inactive players will automatically lose when time's up. (requested by not_kastadiva)\n|\n|t:|1699632222\n|start\n|switch|p1a: Cinderace|Cinderace, M|100\/100\n|switch|p2a: Hatterene|Hatterene, F|100\/100\n|turn|1\n|\n|t:|1699632244\n|switch|p1a: Tapu Lele|Tapu Lele, shiny|100\/100\n|-fieldstart|move: Psychic Terrain|[from] ability: Psychic Surge|[of] p1a: Tapu Lele\n|move|p2a: Hatterene|Trick Room|p2a: Hatterene\n|-fieldstart|move: Trick Room|[of] p2a: Hatterene\n|\n|upkeep\n|turn|2\n|\n|t:|1699632249\n|move|p2a: Hatterene|Healing Wish|p2a: Hatterene\n|faint|p2a: Hatterene\n|move|p1a: Tapu Lele|Future Sight|p2: Hatterene\n|-start|p1a: Tapu Lele|move: Future Sight\n|\n|upkeep\n|\n|t:|1699632262\n|switch|p2a: Drampa|Drampa, M|100\/100\n|turn|3\n|\n|t:|1699632267\n|switch|p1a: Chansey|Chansey, F|100\/100\n|move|p2a: Drampa|Hyper Voice|p1a: Chansey\n|-damage|p1a: Chansey|76\/100\n|\n|upkeep\n|turn|4\n|\n|t:|1699632278\n|switch|p2a: Ursaluna|Ursaluna, M|100\/100\n|move|p1a: Chansey|Teleport|p1a: Chansey\n|\n|t:|1699632291\n|switch|p1a: Armarouge|Armarouge, F|100\/100|[from] Teleport\n|\n|-end|p2a: Ursaluna|move: Future Sight\n|-damage|p2a: Ursaluna|31\/100\n|-status|p2a: Ursaluna|brn|[from] item: Flame Orb\n|upkeep\n|turn|5\n|inactive|not_kastadiva has 120 seconds left.\n|\n|t:|1699632328\n|move|p1a: Armarouge|Endure|p1a: Armarouge\n|-singleturn|p1a: Armarouge|move: Endure\n|move|p2a: Ursaluna|Earthquake|p1a: Armarouge\n|-supereffective|p1a: Armarouge\n|-activate|p1a: Armarouge|move: Endure\n|-damage|p1a: Armarouge|1\/100\n|-ability|p1a: Armarouge|Weak Armor|boost\n|-unboost|p1a: Armarouge|def|1\n|-boost|p1a: Armarouge|spe|2\n|-enditem|p1a: Armarouge|Weakness Policy\n|-boost|p1a: Armarouge|atk|2|[from] item: Weakness Policy\n|-boost|p1a: Armarouge|spa|2|[from] item: Weakness Policy\n|\n|-damage|p2a: Ursaluna|25\/100 brn|[from] brn\n|-fieldend|move: Trick Room\n|upkeep\n|turn|6\n|inactive|not_kastadiva has 120 seconds left.\n|\n|t:|1699632334\n|move|p1a: Armarouge|Armor Cannon|p2a: Ursaluna\n|-damage|p2a: Ursaluna|0 fnt\n|-unboost|p1a: Armarouge|def|1\n|-unboost|p1a: Armarouge|spd|1\n|faint|p2a: Ursaluna\n|\n|upkeep\n|inactive|not_kastadiva has 120 seconds left.\n|\n|t:|1699632341\n|switch|p2a: Drampa|Drampa, M|100\/100\n|turn|7\n|\n|t:|1699632343\n|move|p1a: Armarouge|Expanding Force|p2a: Drampa\n|-damage|p2a: Drampa|0 fnt\n|faint|p2a: Drampa\n|\n|upkeep\n|\n|t:|1699632347\n|switch|p2a: Hoopa|Hoopa-Unbound|100\/100\n|turn|8\n|\n|t:|1699632350\n|move|p2a: Hoopa|Protect|p2a: Hoopa\n|-singleturn|p2a: Hoopa|Protect\n|move|p1a: Armarouge|Armor Cannon|p2a: Hoopa\n|-activate|p2a: Hoopa|move: Protect\n|\n|-fieldend|move: Psychic Terrain\n|upkeep\n|turn|9\n|\n|t:|1699632356\n|move|p1a: Armarouge|Armor Cannon|p2a: Hoopa\n|-damage|p2a: Hoopa|18\/100\n|-unboost|p1a: Armarouge|def|1\n|-unboost|p1a: Armarouge|spd|1\n|move|p2a: Hoopa|Trick Room|p2a: Hoopa\n|-fieldstart|move: Trick Room|[of] p2a: Hoopa\n|\n|upkeep\n|turn|10\n|\n|t:|1699632362\n|move|p1a: Armarouge|Endure|p1a: Armarouge\n|-singleturn|p1a: Armarouge|move: Endure\n|move|p2a: Hoopa|Hyperspace Fury|p1a: Armarouge\n|-supereffective|p1a: Armarouge\n|-crit|p1a: Armarouge\n|-activate|p1a: Armarouge|move: Endure\n|-damage|p1a: Armarouge|1\/100\n|-unboost|p2a: Hoopa|def|1\n|-enditem|p2a: Hoopa|Eject Pack\n|-ability|p1a: Armarouge|Weak Armor|boost\n|-unboost|p1a: Armarouge|def|1\n|-boost|p1a: Armarouge|spe|2\n|\n|t:|1699632375\n|switch|p2a: Iron Hands|Iron Hands|100\/100\n|-enditem|p2a: Iron Hands|Booster Energy\n|-activate|p2a: Iron Hands|ability: Quark Drive|[fromitem]\n|-start|p2a: Iron Hands|quarkdriveatk\n|\n|upkeep\n|turn|11\n|\n|t:|1699632387\n|switch|p1a: Cinderace|Cinderace, M|100\/100\n|move|p2a: Iron Hands|Wild Charge|p1a: Cinderace\n|-damage|p1a: Cinderace|6\/100\n|-damage|p2a: Iron Hands|87\/100|[from] Recoil\n|\n|upkeep\n|turn|12\n|\n|t:|1699632405\n|move|p2a: Iron Hands|Wild Charge|p1a: Cinderace\n|-damage|p1a: Cinderace|0 fnt\n|faint|p1a: Cinderace\n|-damage|p2a: Iron Hands|86\/100|[from] Recoil\n|\n|upkeep\n|\n|t:|1699632411\n|switch|p1a: Armarouge|Armarouge, F|1\/100\n|turn|13\n|inactive|not_kastadiva has 120 seconds left.\n|\n|t:|1699632447\n|move|p1a: Armarouge|Endure|p1a: Armarouge\n|-singleturn|p1a: Armarouge|move: Endure\n|move|p2a: Iron Hands|Wild Charge|p1a: Armarouge\n|-activate|p1a: Armarouge|move: Endure\n|-damage|p1a: Armarouge|1\/100\n|-ability|p1a: Armarouge|Weak Armor|boost\n|-unboost|p1a: Armarouge|def|1\n|-boost|p1a: Armarouge|spe|2\n|\n|-fieldend|move: Trick Room\n|upkeep\n|turn|14\n|\n|t:|1699632453\n|move|p1a: Armarouge|Destiny Bond|p1a: Armarouge\n|-singlemove|p1a: Armarouge|Destiny Bond\n|move|p2a: Iron Hands|Wild Charge|p1a: Armarouge\n|-damage|p1a: Armarouge|0 fnt\n|faint|p1a: Armarouge\n|-activate|p1a: Armarouge|move: Destiny Bond\n|faint|p2a: Iron Hands\n|-end|p2a: Iron Hands|Quark Drive|[silent]\n|\n|upkeep\n|\n|t:|1699632466\n|switch|p1a: Tapu Lele|Tapu Lele, shiny|100\/100\n|switch|p2a: Sinistcha|Sinistcha-Masterpiece|100\/100\n|-fieldstart|move: Psychic Terrain|[from] ability: Psychic Surge|[of] p1a: Tapu Lele\n|turn|15\n|inactive|not_kastadiva has 120 seconds left.\n|\n|t:|1699632489\n|move|p1a: Tapu Lele|Taunt|p2a: Sinistcha\n|-start|p2a: Sinistcha|move: Taunt\n|cant|p2a: Sinistcha|move: Taunt|Trick Room\n|\n|upkeep\n|turn|16\n|\n|t:|1699632493\n|move|p1a: Tapu Lele|Moonblast|p2a: Sinistcha\n|-damage|p2a: Sinistcha|42\/100\n|-unboost|p2a: Sinistcha|spa|1\n|move|p2a: Sinistcha|Matcha Gotcha|p1a: Tapu Lele\n|-damage|p1a: Tapu Lele|75\/100\n|-heal|p2a: Sinistcha|52\/100|[from] drain|[of] p1a: Tapu Lele\n|\n|upkeep\n|turn|17\n|\n|t:|1699632499\n|move|p1a: Tapu Lele|Moonblast|p2a: Sinistcha\n|-damage|p2a: Sinistcha|0 fnt\n|faint|p2a: Sinistcha\n|\n|upkeep\n|\n|t:|1699632500\n|switch|p2a: Hoopa|Hoopa-Unbound|18\/100\n|-heal|p2a: Hoopa|100\/100|[from] move: Healing Wish\n|turn|18\n|\n|t:|1699632505\n|move|p1a: Tapu Lele|Taunt|p2a: Hoopa\n|-start|p2a: Hoopa|move: Taunt\n|cant|p2a: Hoopa|move: Taunt|Trick Room\n|\n|upkeep\n|turn|19\n|\n|t:|1699632509\n|move|p1a: Tapu Lele|Moonblast|p2a: Hoopa\n|-supereffective|p2a: Hoopa\n|-damage|p2a: Hoopa|37\/100\n|-unboost|p2a: Hoopa|spa|1\n|move|p2a: Hoopa|Hyperspace Fury|p1a: Tapu Lele\n|-damage|p1a: Tapu Lele|0 fnt\n|-unboost|p2a: Hoopa|def|1\n|faint|p1a: Tapu Lele\n|\n|upkeep\n|\n|t:|1699632514\n|switch|p1a: Hawlucha|Hawlucha, F|100\/100\n|-enditem|p1a: Hawlucha|Psychic Seed\n|-boost|p1a: Hawlucha|spd|1|[from] item: Psychic Seed\n|turn|20\n|\n|t:|1699632540\n|-terastallize|p2a: Hoopa|Ice\n|move|p1a: Hawlucha|Acrobatics|p2a: Hoopa\n|-damage|p2a: Hoopa|0 fnt\n|faint|p2a: Hoopa\n|\n|win|Funny jumpiiiiiii\n|raw|Funny jumpiiiiiii's rating: 1283 &rarr; <strong>1312<\/strong><br \/>(+29 for winning)\n|raw|not_kastadiva's rating: 1333 &rarr; <strong>1310<\/strong><br \/>(-23 for losing)\n|l|\u2606not_kastadiva\n","uploadtime":1699632556,"views":4,"p1id":"funnyjumpiiiiiii","p2id":"notkastadiva","formatid":"gen9nationaldex","rating":1310,"private":0,"password":""}