{"id":"gen9nationaldex-1997186766","p1":"DO103","p2":"PunyPluto","format":"[Gen 9] National Dex","log":"|html|<div class=\"broadcast-blue\"><strong>[Gen 9] National Dex is currently suspecting Sneasler! For information on how to participate check out the <a href=\"https:\/\/www.smogon.com\/forums\/threads\/sv-national-dex-suspect-8-just-dance.3731534\/\">suspect thread<\/a>.<\/strong><\/div>\n|j|\u2606DO103\n|j|\u2606PunyPluto\n|t:|1700773425\n|gametype|singles\n|player|p1|DO103|preschooler|1148\n|player|p2|PunyPluto|caitlin|1199\n|teamsize|p1|6\n|teamsize|p2|6\n|gen|9\n|tier|[Gen 9] National Dex\n|rated|\n|rule|HP Percentage Mod: HP is shown in percentages\n|rule|Endless Battle Clause: Forcing endless battles is banned\n|rule|OHKO Clause: OHKO moves are banned\n|rule|Evasion Clause: Evasion abilities, items, and moves are banned\n|rule|Evasion Abilities Clause: Evasion abilities are banned\n|rule|Evasion Items Clause: Evasion items are banned\n|rule|Evasion Moves Clause: Evasion moves are banned\n|rule|Species Clause: Limit one of each Pok\u00e9mon\n|rule|Sleep Clause Mod: Limit one foe put to sleep\n|clearpoke\n|poke|p1|Pikachu-Original, M|\n|poke|p1|Snorlax, M|\n|poke|p1|Scizor, F|\n|poke|p1|Lapras, F|\n|poke|p1|Espeon, M|\n|poke|p1|Charizard, M|\n|poke|p2|Serperior, M|\n|poke|p2|Volcarona, F|\n|poke|p2|Sneasler, M|\n|poke|p2|Greninja-*, M|\n|poke|p2|Diancie|\n|poke|p2|Gliscor, M|\n|teampreview\n|c|\u2606DO103|glhf\n|\n|t:|1700773447\n|start\n|switch|p1a: Lapras|Lapras, F|100\/100\n|switch|p2a: Gyomei|Gliscor, M|100\/100\n|turn|1\n|\n|t:|1700773462\n|switch|p2a: Tengen|Greninja, M|100\/100\n|move|p1a: Lapras|Ice Beam|p2a: Tengen\n|-resisted|p2a: Tengen\n|-crit|p2a: Tengen\n|-damage|p2a: Tengen|70\/100\n|\n|upkeep\n|turn|2\n|\n|t:|1700773481\n|move|p2a: Tengen|Gunk Shot|p1a: Lapras\n|-start|p2a: Tengen|typechange|Poison|[from] ability: Protean\n|-damage|p1a: Lapras|66\/100\n|-status|p1a: Lapras|psn\n|move|p1a: Lapras|Toxic|p2a: Tengen\n|-immune|p2a: Tengen\n|\n|-damage|p1a: Lapras|54\/100 psn|[from] psn\n|upkeep\n|turn|3\n|\n|t:|1700773490\n|move|p2a: Tengen|Gunk Shot|p1a: Lapras\n|-damage|p1a: Lapras|17\/100 psn\n|move|p1a: Lapras|Rest|p1a: Lapras\n|-status|p1a: Lapras|slp|[from] move: Rest\n|-heal|p1a: Lapras|100\/100 slp|[silent]\n|-enditem|p1a: Lapras|Chesto Berry|[eat]\n|-curestatus|p1a: Lapras|slp|[msg]\n|\n|upkeep\n|turn|4\n|\n|t:|1700773498\n|move|p2a: Tengen|Gunk Shot|p1a: Lapras|[miss]\n|-miss|p2a: Tengen|p1a: Lapras\n|move|p1a: Lapras|Ice Beam|p2a: Tengen\n|-damage|p2a: Tengen|26\/100\n|\n|upkeep\n|turn|5\n|\n|t:|1700773525\n|move|p2a: Tengen|Gunk Shot|p1a: Lapras\n|-damage|p1a: Lapras|65\/100\n|move|p1a: Lapras|Ice Beam|p2a: Tengen\n|-damage|p2a: Tengen|0 fnt\n|faint|p2a: Tengen\n|\n|upkeep\n|\n|t:|1700773542\n|switch|p2a: Obanai|Serperior, M|100\/100\n|turn|6\n|\n|t:|1700773556\n|-terastallize|p1a: Lapras|Ice\n|move|p2a: Obanai|Leaf Storm|p1a: Lapras\n|-damage|p1a: Lapras|40\/100\n|-boost|p2a: Obanai|spa|2\n|move|p1a: Lapras|Rain Dance|p1a: Lapras\n|-weather|RainDance\n|\n|-weather|RainDance|[upkeep]\n|upkeep\n|turn|7\n|\n|t:|1700773567\n|move|p2a: Obanai|Hidden Power|p1a: Lapras\n|-supereffective|p1a: Lapras\n|-damage|p1a: Lapras|25\/100\n|move|p1a: Lapras|Rest|p1a: Lapras\n|-status|p1a: Lapras|slp|[from] move: Rest\n|-heal|p1a: Lapras|100\/100 slp|[silent]\n|\n|-weather|RainDance|[upkeep]\n|-activate|p1a: Lapras|ability: Hydration\n|-curestatus|p1a: Lapras|slp|[msg]\n|upkeep\n|turn|8\n|\n|t:|1700773585\n|switch|p2a: Mitsuri|Diancie|100\/100\n|move|p1a: Lapras|Ice Beam|p2a: Mitsuri\n|-damage|p2a: Mitsuri|66\/100\n|\n|-weather|RainDance|[upkeep]\n|upkeep\n|turn|9\n|\n|t:|1700773603\n|switch|p1a: Pikachu|Pikachu-Original, M|100\/100\n|detailschange|p2a: Mitsuri|Diancie-Mega\n|-mega|p2a: Mitsuri|Diancie|Diancite\n|move|p2a: Mitsuri|Diamond Storm|p1a: Pikachu\n|-damage|p1a: Pikachu|0 fnt\n|faint|p1a: Pikachu\n|\n|-weather|RainDance|[upkeep]\n|upkeep\n|\n|t:|1700773605\n|switch|p1a: Scizor|Scizor, F|100\/100\n|turn|10\n|\n|t:|1700773615\n|move|p1a: Scizor|Bullet Punch|p2a: Mitsuri\n|-supereffective|p2a: Mitsuri\n|-damage|p2a: Mitsuri|0 fnt\n|faint|p2a: Mitsuri\n|\n|-weather|none\n|upkeep\n|\n|t:|1700773623\n|switch|p2a: Obanai|Serperior, M|100\/100\n|turn|11\n|\n|t:|1700773626\n|move|p2a: Obanai|Hidden Power|p1a: Scizor\n|-supereffective|p1a: Scizor\n|-damage|p1a: Scizor|31\/100\n|move|p1a: Scizor|Fury Cutter|p2a: Obanai|[miss]\n|-miss|p1a: Scizor|p2a: Obanai\n|\n|upkeep\n|turn|12\n|\n|t:|1700773632\n|move|p1a: Scizor|Bullet Punch|p2a: Obanai\n|-damage|p2a: Obanai|61\/100\n|move|p2a: Obanai|Hidden Power|p1a: Scizor\n|-supereffective|p1a: Scizor\n|-damage|p1a: Scizor|0 fnt\n|faint|p1a: Scizor\n|\n|-heal|p2a: Obanai|67\/100|[from] item: Leftovers\n|upkeep\n|\n|t:|1700773636\n|switch|p1a: Lapras|Lapras, F, tera:Ice|100\/100\n|turn|13\n|\n|t:|1700773642\n|move|p2a: Obanai|Hidden Power|p1a: Lapras\n|-supereffective|p1a: Lapras\n|-damage|p1a: Lapras|84\/100\n|move|p1a: Lapras|Ice Beam|p2a: Obanai\n|-supereffective|p2a: Obanai\n|-crit|p2a: Obanai\n|-damage|p2a: Obanai|0 fnt\n|faint|p2a: Obanai\n|\n|upkeep\n|\n|t:|1700773649\n|switch|p2a: Sanemi|Sneasler, M|100\/100\n|turn|14\n|\n|t:|1700773656\n|switch|p1a: Espeon|Espeon, M|100\/100\n|move|p2a: Sanemi|Swords Dance|p2a: Sanemi\n|-boost|p2a: Sanemi|atk|2\n|\n|upkeep\n|turn|15\n|\n|t:|1700773664\n|-zpower|p1a: Espeon\n|move|p1a: Espeon|Z-Celebrate|p1a: Espeon|[anim]Celebrate\n|-boost|p1a: Espeon|atk|1|[zeffect]\n|-boost|p1a: Espeon|def|1|[zeffect]\n|-boost|p1a: Espeon|spa|1|[zeffect]\n|-boost|p1a: Espeon|spd|1|[zeffect]\n|-boost|p1a: Espeon|spe|1|[zeffect]\n|-activate|p1a: Espeon|move: Celebrate\n|move|p2a: Sanemi|Dire Claw|p1a: Espeon\n|-damage|p1a: Espeon|0 fnt\n|faint|p1a: Espeon\n|\n|upkeep\n|\n|t:|1700773667\n|switch|p1a: Charizard|Charizard, M|100\/100\n|turn|16\n|\n|t:|1700773676\n|detailschange|p1a: Charizard|Charizard-Mega-X, M\n|-mega|p1a: Charizard|Charizard|Charizardite X\n|move|p2a: Sanemi|Dire Claw|p1a: Charizard\n|-damage|p1a: Charizard|0 fnt\n|faint|p1a: Charizard\n|\n|upkeep\n|\n|t:|1700773681\n|switch|p1a: Snorlax|Snorlax, M|100\/100\n|turn|17\n|\n|t:|1700773684\n|move|p2a: Sanemi|Close Combat|p1a: Snorlax\n|-supereffective|p1a: Snorlax\n|-damage|p1a: Snorlax|0 fnt\n|-unboost|p2a: Sanemi|def|1\n|-unboost|p2a: Sanemi|spd|1\n|faint|p1a: Snorlax\n|\n|upkeep\n|\n|t:|1700773687\n|switch|p1a: Lapras|Lapras, F, tera:Ice|84\/100\n|turn|18\n|c|\u2606DO103|gg\n|c|\u2606PunyPluto|gg\n|\n|t:|1700773695\n|move|p2a: Sanemi|Close Combat|p1a: Lapras\n|-supereffective|p1a: Lapras\n|-damage|p1a: Lapras|0 fnt\n|-unboost|p2a: Sanemi|def|1\n|-unboost|p2a: Sanemi|spd|1\n|faint|p1a: Lapras\n|\n|win|PunyPluto\n|raw|DO103's rating: 1148 &rarr; <strong>1127<\/strong><br \/>(-21 for losing)\n|raw|PunyPluto's rating: 1199 &rarr; <strong>1220<\/strong><br \/>(+21 for winning)\n","uploadtime":1700773706,"views":3,"p1id":"do103","p2id":"punypluto","formatid":"gen9nationaldex","rating":1127,"private":0,"password":""}