{"id":"gen9nationaldex-1998207998","p1":"Natendius","p2":"Dark Umbreon 08","format":"[Gen 9] National Dex","log":"|html|<div class=\"broadcast-blue\"><strong>[Gen 9] National Dex is currently suspecting Sneasler! For information on how to participate check out the <a href=\"https:\/\/www.smogon.com\/forums\/threads\/sv-national-dex-suspect-8-just-dance.3731534\/\">suspect thread<\/a>.<\/strong><\/div>\n|j|\u2606Natendius\n|j|\u2606Dark Umbreon 08\n|t:|1700912815\n|gametype|singles\n|player|p1|Natendius|benga|1024\n|player|p2|Dark Umbreon 08|lass-gen4dp|1030\n|teamsize|p1|6\n|teamsize|p2|6\n|gen|9\n|tier|[Gen 9] National Dex\n|rated|\n|rule|HP Percentage Mod: HP is shown in percentages\n|rule|Endless Battle Clause: Forcing endless battles is banned\n|rule|OHKO Clause: OHKO moves are banned\n|rule|Evasion Clause: Evasion abilities, items, and moves are banned\n|rule|Evasion Abilities Clause: Evasion abilities are banned\n|rule|Evasion Items Clause: Evasion items are banned\n|rule|Evasion Moves Clause: Evasion moves are banned\n|rule|Species Clause: Limit one of each Pok\u00e9mon\n|rule|Sleep Clause Mod: Limit one foe put to sleep\n|clearpoke\n|poke|p1|Aggron, L50, F|\n|poke|p1|Clodsire, F|\n|poke|p1|Ferrothorn, M|\n|poke|p1|Blaziken, F|\n|poke|p1|Gliscor, M|\n|poke|p1|Azumarill, M|\n|poke|p2|Pikachu-Original, M|\n|poke|p2|Charizard, F|\n|poke|p2|Bulbasaur, M|\n|poke|p2|Squirtle, M|\n|poke|p2|Tauros, M|\n|poke|p2|Muk-Alola, M|\n|teampreview\n|inactive|Battle timer is ON: inactive players will automatically lose when time's up. (requested by Dark Umbreon 08)\n|\n|t:|1700912825\n|start\n|switch|p1a: Gliscor|Gliscor, M|100\/100\n|switch|p2a: Bulbasaur|Bulbasaur, M|100\/100\n|turn|1\n|\n|t:|1700912839\n|move|p1a: Gliscor|Toxic Spikes|p2a: Bulbasaur\n|-sidestart|p2: Dark Umbreon 08|move: Toxic Spikes\n|move|p2a: Bulbasaur|Leech Seed|p1a: Gliscor\n|-start|p1a: Gliscor|move: Leech Seed\n|\n|-damage|p1a: Gliscor|88\/100|[from] Leech Seed|[of] p2a: Bulbasaur\n|upkeep\n|turn|2\n|\n|t:|1700912847\n|move|p1a: Gliscor|Dual Wingbeat|p2a: Bulbasaur\n|-supereffective|p2a: Bulbasaur\n|-damage|p2a: Bulbasaur|68\/100\n|-supereffective|p2a: Bulbasaur\n|-damage|p2a: Bulbasaur|37\/100\n|-hitcount|p2a: Bulbasaur|2\n|move|p2a: Bulbasaur|Substitute|p2a: Bulbasaur\n|-start|p2a: Bulbasaur|Substitute\n|-damage|p2a: Bulbasaur|12\/100\n|\n|-heal|p1a: Gliscor|94\/100|[from] item: Leftovers\n|-damage|p1a: Gliscor|82\/100|[from] Leech Seed|[of] p2a: Bulbasaur\n|-heal|p2a: Bulbasaur|26\/100|[silent]\n|upkeep\n|turn|3\n|\n|t:|1700912858\n|move|p2a: Bulbasaur|Protect|p2a: Bulbasaur\n|-singleturn|p2a: Bulbasaur|Protect\n|move|p1a: Gliscor|Toxic Spikes|p2a: Bulbasaur\n|-sidestart|p2: Dark Umbreon 08|move: Toxic Spikes\n|\n|-heal|p1a: Gliscor|88\/100|[from] item: Leftovers\n|-damage|p1a: Gliscor|75\/100|[from] Leech Seed|[of] p2a: Bulbasaur\n|-heal|p2a: Bulbasaur|39\/100|[silent]\n|upkeep\n|turn|4\n|\n|t:|1700912870\n|switch|p1a: Ferrothorn|Ferrothorn, M, shiny|100\/100\n|move|p2a: Bulbasaur|Protect||[still]\n|-fail|p2a: Bulbasaur\n|\n|upkeep\n|turn|5\n|\n|t:|1700912875\n|switch|p2a: Muk|Muk-Alola, M|100\/100\n|-sideend|p2: Dark Umbreon 08|move: Toxic Spikes|[of] p2a: Muk\n|move|p1a: Ferrothorn|Leech Seed|p2a: Muk\n|-start|p2a: Muk|move: Leech Seed\n|\n|-damage|p2a: Muk|88\/100|[from] Leech Seed|[of] p1a: Ferrothorn\n|upkeep\n|turn|6\n|\n|t:|1700912888\n|switch|p2a: Charizard|Charizard, F|100\/100\n|move|p1a: Ferrothorn|Spikes|p2a: Charizard\n|-sidestart|p2: Dark Umbreon 08|Spikes\n|\n|upkeep\n|turn|7\n|\n|t:|1700912904\n|detailschange|p2a: Charizard|Charizard-Mega-X, F\n|-mega|p2a: Charizard|Charizard|Charizardite X\n|-terastallize|p1a: Ferrothorn|Dragon\n|move|p2a: Charizard|Fire Punch|p1a: Ferrothorn\n|-resisted|p1a: Ferrothorn\n|-damage|p1a: Ferrothorn|83\/100\n|-damage|p2a: Charizard|88\/100|[from] ability: Iron Barbs|[of] p1a: Ferrothorn\n|move|p1a: Ferrothorn|Knock Off|p2a: Charizard\n|-damage|p2a: Charizard|72\/100\n|\n|-heal|p1a: Ferrothorn|89\/100|[from] item: Leftovers\n|upkeep\n|turn|8\n|\n|t:|1700912920\n|switch|p1a: Azumarill|Azumarill, M, shiny|100\/100\n|move|p2a: Charizard|Dragon Dance|p2a: Charizard\n|-boost|p2a: Charizard|atk|1\n|-boost|p2a: Charizard|spe|1\n|\n|upkeep\n|turn|9\n|l|\u2606Dark Umbreon 08\n|inactive|Dark Umbreon 08 disconnected and has a minute to reconnect!\n|player|p2|\n|j|\u2606Dark Umbreon 08\n|inactive|Dark Umbreon 08 reconnected and has 130 seconds left.\n|player|p2|Dark Umbreon 08|lass-gen4dp\n|\n|t:|1700912946\n|move|p2a: Charizard|Earthquake|p1a: Azumarill\n|-damage|p1a: Azumarill|32\/100\n|move|p1a: Azumarill|Draining Kiss|p2a: Charizard\n|-damage|p2a: Charizard|50\/100\n|-heal|p1a: Azumarill|46\/100|[from] drain|[of] p2a: Charizard\n|\n|upkeep\n|turn|10\n|\n|t:|1700912968\n|move|p1a: Azumarill|Aqua Jet|p2a: Charizard\n|-damage|p2a: Charizard|34\/100\n|move|p2a: Charizard|Earthquake|p1a: Azumarill\n|-damage|p1a: Azumarill|0 fnt\n|faint|p1a: Azumarill\n|\n|upkeep\n|\n|t:|1700912978\n|switch|p1a: Gliscor|Gliscor, M|75\/100\n|turn|11\n|\n|t:|1700912984\n|move|p2a: Charizard|Dragon Claw|p1a: Gliscor\n|-damage|p1a: Gliscor|1\/100\n|move|p1a: Gliscor|Toxic Spikes|p2a: Charizard\n|-sidestart|p2: Dark Umbreon 08|move: Toxic Spikes\n|\n|-heal|p1a: Gliscor|7\/100|[from] item: Leftovers\n|upkeep\n|turn|12\n|\n|t:|1700912997\n|move|p2a: Charizard|Dragon Claw|p1a: Gliscor\n|-damage|p1a: Gliscor|0 fnt\n|faint|p1a: Gliscor\n|\n|upkeep\n|\n|t:|1700913003\n|switch|p1a: Blaziken|Blaziken, F|100\/100\n|turn|13\n|\n|t:|1700913006\n|move|p2a: Charizard|Dragon Claw|p1a: Blaziken\n|-damage|p1a: Blaziken|0 fnt\n|faint|p1a: Blaziken\n|\n|upkeep\n|\n|t:|1700913011\n|switch|p1a: Aggron|Aggron, L50, F|100\/100\n|turn|14\n|\n|t:|1700913015\n|move|p2a: Charizard|Fire Punch|p1a: Aggron\n|-ability|p1a: Aggron|Sturdy\n|-damage|p1a: Aggron|1\/100\n|move|p1a: Aggron|Metal Burst|p2a: Charizard\n|-damage|p2a: Charizard|0 fnt\n|faint|p2a: Charizard\n|-heal|p1a: Aggron|9\/100|[from] item: Shell Bell|[of] p2: Charizard\n|\n|upkeep\n|\n|t:|1700913019\n|switch|p2a: Muk|Muk-Alola, M|88\/100\n|-damage|p2a: Muk|76\/100|[from] Spikes\n|-sideend|p2: Dark Umbreon 08|move: Toxic Spikes|[of] p2a: Muk\n|turn|15\n|\n|t:|1700913029\n|move|p1a: Aggron|Protect|p1a: Aggron\n|-singleturn|p1a: Aggron|Protect\n|move|p2a: Muk|Shadow Sneak|p1a: Aggron\n|-activate|p1a: Aggron|move: Protect\n|\n|-heal|p2a: Muk|82\/100|[from] item: Leftovers\n|upkeep\n|turn|16\n|\n|t:|1700913037\n|move|p1a: Aggron|Protect|p1a: Aggron\n|-singleturn|p1a: Aggron|Protect\n|move|p2a: Muk|Shadow Sneak|p1a: Aggron\n|-activate|p1a: Aggron|move: Protect\n|\n|-heal|p2a: Muk|88\/100|[from] item: Leftovers\n|upkeep\n|turn|17\n|\n|t:|1700913043\n|move|p1a: Aggron|Protect||[still]\n|-fail|p1a: Aggron\n|move|p2a: Muk|Shadow Sneak|p1a: Aggron\n|-damage|p1a: Aggron|0 fnt\n|faint|p1a: Aggron\n|\n|-heal|p2a: Muk|94\/100|[from] item: Leftovers\n|upkeep\n|\n|t:|1700913051\n|switch|p1a: Ferrothorn|Ferrothorn, M, shiny, tera:Dragon|89\/100\n|turn|18\n|\n|t:|1700913060\n|move|p2a: Muk|Poison Jab|p1a: Ferrothorn\n|-damage|p1a: Ferrothorn|61\/100\n|-status|p1a: Ferrothorn|psn\n|-damage|p2a: Muk|82\/100|[from] ability: Iron Barbs|[of] p1a: Ferrothorn\n|move|p1a: Ferrothorn|Leech Seed|p2a: Muk\n|-start|p2a: Muk|move: Leech Seed\n|\n|-heal|p2a: Muk|88\/100|[from] item: Leftovers\n|-heal|p1a: Ferrothorn|67\/100 psn|[from] item: Leftovers\n|-damage|p2a: Muk|75\/100|[from] Leech Seed|[of] p1a: Ferrothorn\n|-heal|p1a: Ferrothorn|81\/100 psn|[silent]\n|-damage|p1a: Ferrothorn|69\/100 psn|[from] psn\n|upkeep\n|turn|19\n|\n|t:|1700913079\n|switch|p2a: Tauros|Tauros, M|100\/100\n|-damage|p2a: Tauros|88\/100|[from] Spikes\n|switch|p1a: Clodsire|Clodsire, F|100\/100\n|\n|upkeep\n|turn|20\n|\n|t:|1700913100\n|move|p2a: Tauros|Earthquake|p1a: Clodsire\n|-supereffective|p1a: Clodsire\n|-crit|p1a: Clodsire\n|-damage|p1a: Clodsire|14\/100\n|-damage|p2a: Tauros|78\/100|[from] item: Life Orb\n|move|p1a: Clodsire|Gunk Shot|p2a: Tauros\n|-damage|p2a: Tauros|29\/100\n|-status|p2a: Tauros|psn\n|\n|-damage|p2a: Tauros|17\/100 psn|[from] psn\n|upkeep\n|turn|21\n|\n|t:|1700913117\n|move|p2a: Tauros|Body Slam|p1a: Clodsire\n|-damage|p1a: Clodsire|0 fnt\n|faint|p1a: Clodsire\n|\n|-damage|p2a: Tauros|5\/100 psn|[from] psn\n|upkeep\n|\n|t:|1700913123\n|switch|p1a: Ferrothorn|Ferrothorn, M, shiny, tera:Dragon|69\/100 psn\n|turn|22\n|\n|t:|1700913136\n|move|p2a: Tauros|Body Slam|p1a: Ferrothorn\n|-damage|p1a: Ferrothorn|28\/100 psn\n|-damage|p2a: Tauros|0 fnt|[from] ability: Iron Barbs|[of] p1a: Ferrothorn\n|faint|p2a: Tauros\n|move|p1a: Ferrothorn|Leech Seed|p2: Tauros|[notarget]\n|-fail|p1a: Ferrothorn\n|\n|-heal|p1a: Ferrothorn|34\/100 psn|[from] item: Leftovers\n|-damage|p1a: Ferrothorn|22\/100 psn|[from] psn\n|upkeep\n|\n|t:|1700913142\n|switch|p2a: Muk|Muk-Alola, M|75\/100\n|-damage|p2a: Muk|63\/100|[from] Spikes\n|turn|23\n|\n|t:|1700913148\n|move|p2a: Muk|Poison Jab|p1a: Ferrothorn\n|-damage|p1a: Ferrothorn|0 fnt\n|-damage|p2a: Muk|51\/100|[from] ability: Iron Barbs|[of] p1a: Ferrothorn\n|faint|p1a: Ferrothorn\n|\n|win|Dark Umbreon 08\n|raw|Natendius's rating: 1024 &rarr; <strong>1012<\/strong><br \/>(-12 for losing)\n|raw|Dark Umbreon 08's rating: 1067 &rarr; <strong>1093<\/strong><br \/>(+26 for winning)\n|c|\u2606Dark Umbreon 08|Gg\n|c|\u2606Natendius|gg\n","uploadtime":1700913163,"views":0,"p1id":"natendius","p2id":"darkumbreon08","formatid":"gen9nationaldex","rating":1012,"private":0,"password":""}