{"id":"gen9nationaldex-1993003212","p1":"GameBored","p2":"NahImtheotherguy","format":"[Gen 9] National Dex","log":"|j|\u203dGameBored\n|j|\u203dNahImtheotherguy\n|t:|1700254503\n|gametype|singles\n|player|p1|GameBored|schoolkid-gen8|1373\n|player|p2|NahImtheotherguy|bea|1420\n|teamsize|p1|6\n|teamsize|p2|6\n|gen|9\n|tier|[Gen 9] National Dex\n|rated|\n|rule|HP Percentage Mod: HP is shown in percentages\n|rule|Endless Battle Clause: Forcing endless battles is banned\n|rule|OHKO Clause: OHKO moves are banned\n|rule|Evasion Clause: Evasion abilities, items, and moves are banned\n|rule|Evasion Abilities Clause: Evasion abilities are banned\n|rule|Evasion Items Clause: Evasion items are banned\n|rule|Evasion Moves Clause: Evasion moves are banned\n|rule|Species Clause: Limit one of each Pok\u00e9mon\n|rule|Sleep Clause Mod: Limit one foe put to sleep\n|clearpoke\n|poke|p1|Grimmsnarl, M|\n|poke|p1|Toxtricity, M|\n|poke|p1|Turtonator, M|\n|poke|p1|Sharpedo, M|\n|poke|p1|Slowbro-Galar, M|\n|poke|p1|Cofagrigus, M|\n|poke|p2|Ting-Lu|\n|poke|p2|Volcarona, M|\n|poke|p2|Floatzel, M|\n|poke|p2|Iron Valiant|\n|poke|p2|Great Tusk|\n|poke|p2|Scizor, F|\n|teampreview\n|inactive|Battle timer is ON: inactive players will automatically lose when time's up. (requested by GameBored)\n|\n|t:|1700254522\n|start\n|switch|p1a: Grimmsnarl|Grimmsnarl, M, shiny|100\/100\n|switch|p2a: Ting-Lu|Ting-Lu|100\/100\n|-ability|p2a: Ting-Lu|Vessel of Ruin\n|turn|1\n|\n|t:|1700254531\n|move|p1a: Grimmsnarl|Reflect|p1a: Grimmsnarl\n|-sidestart|p1: GameBored|Reflect\n|move|p2a: Ting-Lu|Stealth Rock|p1a: Grimmsnarl\n|-sidestart|p1: GameBored|move: Stealth Rock\n|\n|upkeep\n|turn|2\n|\n|t:|1700254533\n|move|p1a: Grimmsnarl|Light Screen|p1a: Grimmsnarl\n|-sidestart|p1: GameBored|move: Light Screen\n|move|p2a: Ting-Lu|Spikes|p1a: Grimmsnarl\n|-sidestart|p1: GameBored|Spikes\n|\n|upkeep\n|turn|3\n|\n|t:|1700254537\n|switch|p1a: Turtonator|Turtonator, M, shiny|100\/100\n|move|p2a: Ting-Lu|Spikes|p1a: Turtonator\n|-sidestart|p1: GameBored|Spikes\n|\n|upkeep\n|turn|4\n|\n|t:|1700254541\n|move|p1a: Turtonator|Rapid Spin|p2a: Ting-Lu\n|-damage|p2a: Ting-Lu|97\/100\n|-boost|p1a: Turtonator|spe|1\n|-sideend|p1: GameBored|Spikes|[from] move: Rapid Spin|[of] p1a: Turtonator\n|-sideend|p1: GameBored|Stealth Rock|[from] move: Rapid Spin|[of] p1a: Turtonator\n|move|p2a: Ting-Lu|Whirlwind|p1a: Turtonator\n|drag|p1a: Toxtricity|Toxtricity, M, shiny|100\/100\n|\n|-heal|p2a: Ting-Lu|100\/100|[from] item: Leftovers\n|upkeep\n|turn|5\n|\n|t:|1700254547\n|switch|p1a: Sharpedo|Sharpedo, M, shiny|100\/100\n|move|p2a: Ting-Lu|Stealth Rock|p1a: Sharpedo\n|-sidestart|p1: GameBored|move: Stealth Rock\n|\n|upkeep\n|turn|6\n|\n|t:|1700254555\n|move|p1a: Sharpedo|Ice Fang|p2a: Ting-Lu\n|-supereffective|p2a: Ting-Lu\n|-damage|p2a: Ting-Lu|83\/100\n|move|p2a: Ting-Lu|Whirlwind|p1a: Sharpedo\n|drag|p1a: Toxtricity|Toxtricity, M, shiny|100\/100\n|-damage|p1a: Toxtricity|88\/100|[from] Stealth Rock\n|\n|-heal|p2a: Ting-Lu|89\/100|[from] item: Leftovers\n|upkeep\n|turn|7\n|\n|t:|1700254567\n|switch|p1a: Turtonator|Turtonator, M, shiny|100\/100\n|move|p2a: Ting-Lu|Spikes|p1a: Turtonator\n|-sidestart|p1: GameBored|Spikes\n|\n|-heal|p2a: Ting-Lu|95\/100|[from] item: Leftovers\n|upkeep\n|turn|8\n|\n|t:|1700254574\n|move|p1a: Turtonator|Rapid Spin|p2a: Ting-Lu\n|-damage|p2a: Ting-Lu|92\/100\n|-boost|p1a: Turtonator|spe|1\n|-sideend|p1: GameBored|Spikes|[from] move: Rapid Spin|[of] p1a: Turtonator\n|-sideend|p1: GameBored|Stealth Rock|[from] move: Rapid Spin|[of] p1a: Turtonator\n|move|p2a: Ting-Lu|Whirlwind|p1a: Turtonator\n|drag|p1a: Slowbro|Slowbro-Galar, M, shiny|100\/100\n|\n|-heal|p2a: Ting-Lu|98\/100|[from] item: Leftovers\n|-sideend|p1: GameBored|Reflect\n|upkeep\n|turn|9\n|\n|t:|1700254583\n|move|p2a: Ting-Lu|Stealth Rock|p1a: Slowbro\n|-sidestart|p1: GameBored|move: Stealth Rock\n|move|p1a: Slowbro|Belly Drum|p1a: Slowbro\n|-damage|p1a: Slowbro|50\/100\n|-setboost|p1a: Slowbro|atk|6|[from] move: Belly Drum\n|-enditem|p1a: Slowbro|Sitrus Berry|[eat]\n|-heal|p1a: Slowbro|75\/100|[from] item: Sitrus Berry\n|\n|-heal|p2a: Ting-Lu|100\/100|[from] item: Leftovers\n|-sideend|p1: GameBored|move: Light Screen\n|upkeep\n|turn|10\n|\n|t:|1700254607\n|-terastallize|p2a: Ting-Lu|Poison\n|move|p1a: Slowbro|Drain Punch|p2a: Ting-Lu\n|-resisted|p2a: Ting-Lu\n|-damage|p2a: Ting-Lu|80\/100\n|-heal|p1a: Slowbro|89\/100|[from] drain|[of] p2a: Ting-Lu\n|move|p2a: Ting-Lu|Whirlwind|p1a: Slowbro\n|drag|p1a: Toxtricity|Toxtricity, M, shiny|88\/100\n|-damage|p1a: Toxtricity|76\/100|[from] Stealth Rock\n|\n|-heal|p2a: Ting-Lu|87\/100|[from] item: Leftovers\n|upkeep\n|turn|11\n|\n|t:|1700254622\n|switch|p1a: Turtonator|Turtonator, M, shiny|100\/100\n|move|p2a: Ting-Lu|Whirlwind|p1a: Turtonator\n|drag|p1a: Cofagrigus|Cofagrigus, M, shiny|100\/100\n|-damage|p1a: Cofagrigus|88\/100|[from] Stealth Rock\n|\n|-heal|p2a: Ting-Lu|93\/100|[from] item: Leftovers\n|upkeep\n|turn|12\n|\n|t:|1700254626\n|move|p2a: Ting-Lu|Spikes|p1a: Cofagrigus\n|-sidestart|p1: GameBored|Spikes\n|move|p1a: Cofagrigus|Will-O-Wisp|p2a: Ting-Lu\n|-status|p2a: Ting-Lu|brn\n|\n|-heal|p2a: Ting-Lu|99\/100 brn|[from] item: Leftovers\n|-damage|p2a: Ting-Lu|93\/100 brn|[from] brn\n|upkeep\n|turn|13\n|\n|t:|1700254631\n|move|p2a: Ting-Lu|Spikes|p1a: Cofagrigus\n|-sidestart|p1: GameBored|Spikes\n|move|p1a: Cofagrigus|Night Shade|p2a: Ting-Lu\n|-damage|p2a: Ting-Lu|73\/100 brn\n|\n|-heal|p2a: Ting-Lu|80\/100 brn|[from] item: Leftovers\n|-damage|p2a: Ting-Lu|73\/100 brn|[from] brn\n|upkeep\n|turn|14\n|\n|t:|1700254636\n|move|p1a: Cofagrigus|Night Shade|p2a: Ting-Lu\n|-damage|p2a: Ting-Lu|54\/100 brn\n|move|p2a: Ting-Lu|Whirlwind|p1a: Cofagrigus\n|drag|p1a: Turtonator|Turtonator, M, shiny|100\/100\n|\n|-heal|p2a: Ting-Lu|60\/100 brn|[from] item: Leftovers\n|-damage|p2a: Ting-Lu|54\/100 brn|[from] brn\n|upkeep\n|turn|15\n|\n|t:|1700254647\n|switch|p2a: Volcarona|Volcarona, M|100\/100\n|move|p1a: Turtonator|Rapid Spin|p2a: Volcarona\n|-damage|p2a: Volcarona|87\/100\n|-boost|p1a: Turtonator|spe|1\n|-sideend|p1: GameBored|Spikes|[from] move: Rapid Spin|[of] p1a: Turtonator\n|-sideend|p1: GameBored|Stealth Rock|[from] move: Rapid Spin|[of] p1a: Turtonator\n|\n|upkeep\n|turn|16\n|\n|t:|1700254651\n|move|p2a: Volcarona|Quiver Dance|p2a: Volcarona\n|-boost|p2a: Volcarona|spa|1\n|-boost|p2a: Volcarona|spd|1\n|-boost|p2a: Volcarona|spe|1\n|move|p1a: Turtonator|Shell Smash|p1a: Turtonator\n|-unboost|p1a: Turtonator|def|1\n|-unboost|p1a: Turtonator|spd|1\n|-boost|p1a: Turtonator|atk|2\n|-boost|p1a: Turtonator|spa|2\n|-boost|p1a: Turtonator|spe|2\n|\n|upkeep\n|turn|17\n|\n|t:|1700254659\n|move|p2a: Volcarona|Psychic|p1a: Turtonator\n|-damage|p1a: Turtonator|0 fnt\n|faint|p1a: Turtonator\n|\n|upkeep\n|\n|t:|1700254664\n|switch|p1a: Grimmsnarl|Grimmsnarl, M, shiny|100\/100\n|turn|18\n|\n|t:|1700254668\n|switch|p2a: Ting-Lu|Ting-Lu, tera:Poison|54\/100 brn\n|-ability|p2a: Ting-Lu|Vessel of Ruin\n|move|p1a: Grimmsnarl|Taunt|p2a: Ting-Lu\n|-start|p2a: Ting-Lu|move: Taunt\n|\n|-heal|p2a: Ting-Lu|60\/100 brn|[from] item: Leftovers\n|-damage|p2a: Ting-Lu|54\/100 brn|[from] brn\n|upkeep\n|turn|19\n|\n|t:|1700254672\n|move|p1a: Grimmsnarl|Reflect|p1a: Grimmsnarl\n|-sidestart|p1: GameBored|Reflect\n|move|p2a: Ting-Lu|Ruination|p1a: Grimmsnarl\n|-damage|p1a: Grimmsnarl|50\/100\n|\n|-heal|p2a: Ting-Lu|60\/100 brn|[from] item: Leftovers\n|-damage|p2a: Ting-Lu|54\/100 brn|[from] brn\n|upkeep\n|turn|20\n|\n|t:|1700254679\n|move|p1a: Grimmsnarl|Light Screen|p1a: Grimmsnarl\n|-sidestart|p1: GameBored|move: Light Screen\n|move|p2a: Ting-Lu|Ruination|p1a: Grimmsnarl\n|-damage|p1a: Grimmsnarl|26\/100\n|\n|-heal|p2a: Ting-Lu|60\/100 brn|[from] item: Leftovers\n|-damage|p2a: Ting-Lu|54\/100 brn|[from] brn\n|-end|p2a: Ting-Lu|move: Taunt\n|upkeep\n|turn|21\n|\n|t:|1700254686\n|switch|p2a: Scizor|Scizor, F|100\/100\n|move|p1a: Grimmsnarl|Taunt|p2a: Scizor\n|-start|p2a: Scizor|move: Taunt\n|\n|upkeep\n|turn|22\n|\n|t:|1700254691\n|switch|p1a: Slowbro|Slowbro-Galar, M, shiny|89\/100\n|detailschange|p2a: Scizor|Scizor-Mega, F\n|-mega|p2a: Scizor|Scizor|Scizorite\n|move|p2a: Scizor|Bullet Punch|p1a: Slowbro\n|-damage|p1a: Slowbro|75\/100\n|\n|upkeep\n|turn|23\n|\n|t:|1700254693\n|move|p2a: Scizor|U-turn|p1a: Slowbro\n|-damage|p1a: Slowbro|61\/100\n|\n|t:|1700254707\n|switch|p2a: Ting-Lu|Ting-Lu, tera:Poison|54\/100 brn|[from] U-turn\n|-ability|p2a: Ting-Lu|Vessel of Ruin\n|move|p1a: Slowbro|Belly Drum|p1a: Slowbro\n|-damage|p1a: Slowbro|11\/100\n|-setboost|p1a: Slowbro|atk|6|[from] move: Belly Drum\n|\n|-heal|p2a: Ting-Lu|60\/100 brn|[from] item: Leftovers\n|-damage|p2a: Ting-Lu|54\/100 brn|[from] brn\n|upkeep\n|turn|24\n|\n|t:|1700254713\n|move|p1a: Slowbro|Earthquake|p2a: Ting-Lu\n|-supereffective|p2a: Ting-Lu\n|-damage|p2a: Ting-Lu|0 fnt\n|faint|p2a: Ting-Lu\n|\n|upkeep\n|\n|t:|1700254717\n|switch|p2a: Floatzel|Floatzel, M|100\/100\n|turn|25\n|-activate|p1a: Slowbro|ability: Quick Draw\n|\n|t:|1700254721\n|move|p2a: Floatzel|Aqua Jet|p1a: Slowbro\n|-damage|p1a: Slowbro|0 fnt\n|faint|p1a: Slowbro\n|\n|upkeep\n|\n|t:|1700254726\n|switch|p1a: Toxtricity|Toxtricity, M, shiny|76\/100\n|turn|26\n|\n|t:|1700254730\n|move|p2a: Floatzel|Aqua Jet|p1a: Toxtricity\n|-damage|p1a: Toxtricity|54\/100\n|move|p1a: Toxtricity|Shift Gear|p1a: Toxtricity\n|-boost|p1a: Toxtricity|spe|2\n|-boost|p1a: Toxtricity|atk|1\n|\n|-sideend|p1: GameBored|Reflect\n|upkeep\n|turn|27\n|\n|t:|1700254736\n|move|p2a: Floatzel|Aqua Jet|p1a: Toxtricity\n|-damage|p1a: Toxtricity|8\/100\n|move|p1a: Toxtricity|Boomburst|p2a: Floatzel\n|-damage|p2a: Floatzel|0 fnt\n|faint|p2a: Floatzel\n|-enditem|p1a: Toxtricity|Throat Spray\n|-boost|p1a: Toxtricity|spa|1|[from] item: Throat Spray\n|\n|-sideend|p1: GameBored|move: Light Screen\n|upkeep\n|\n|t:|1700254739\n|switch|p2a: Scizor|Scizor-Mega, F|100\/100\n|turn|28\n|\n|t:|1700254744\n|switch|p1a: Cofagrigus|Cofagrigus, M, shiny|88\/100\n|move|p2a: Scizor|Bullet Punch|p1a: Cofagrigus\n|-damage|p1a: Cofagrigus|68\/100\n|-activate|p1a: Cofagrigus|ability: Mummy|Technician|[of] p2a: Scizor\n|\n|upkeep\n|turn|29\n|\n|t:|1700254747\n|move|p2a: Scizor|U-turn|p1a: Cofagrigus\n|-resisted|p1a: Cofagrigus\n|-damage|p1a: Cofagrigus|57\/100\n|\n|t:|1700254750\n|switch|p2a: Volcarona|Volcarona, M|87\/100|[from] U-turn\n|move|p1a: Cofagrigus|Will-O-Wisp|p2a: Volcarona\n|-immune|p2a: Volcarona\n|\n|upkeep\n|turn|30\n|\n|t:|1700254755\n|move|p2a: Volcarona|Quiver Dance|p2a: Volcarona\n|-boost|p2a: Volcarona|spa|1\n|-boost|p2a: Volcarona|spd|1\n|-boost|p2a: Volcarona|spe|1\n|move|p1a: Cofagrigus|Haze|p1a: Cofagrigus\n|-clearallboost\n|\n|upkeep\n|turn|31\n|\n|t:|1700254760\n|move|p2a: Volcarona|Quiver Dance|p2a: Volcarona\n|-boost|p2a: Volcarona|spa|1\n|-boost|p2a: Volcarona|spd|1\n|-boost|p2a: Volcarona|spe|1\n|move|p1a: Cofagrigus|Haze|p1a: Cofagrigus\n|-clearallboost\n|\n|upkeep\n|turn|32\n|\n|t:|1700254763\n|move|p2a: Volcarona|Quiver Dance|p2a: Volcarona\n|-boost|p2a: Volcarona|spa|1\n|-boost|p2a: Volcarona|spd|1\n|-boost|p2a: Volcarona|spe|1\n|move|p1a: Cofagrigus|Haze|p1a: Cofagrigus\n|-clearallboost\n|\n|upkeep\n|turn|33\n|\n|t:|1700254765\n|move|p2a: Volcarona|Quiver Dance|p2a: Volcarona\n|-boost|p2a: Volcarona|spa|1\n|-boost|p2a: Volcarona|spd|1\n|-boost|p2a: Volcarona|spe|1\n|move|p1a: Cofagrigus|Night Shade|p2a: Volcarona\n|-damage|p2a: Volcarona|55\/100\n|\n|upkeep\n|turn|34\n|\n|t:|1700254769\n|move|p2a: Volcarona|Fiery Dance|p1a: Cofagrigus\n|-damage|p1a: Cofagrigus|0 fnt\n|-boost|p2a: Volcarona|spa|1\n|faint|p1a: Cofagrigus\n|\n|upkeep\n|\n|t:|1700254773\n|switch|p1a: Grimmsnarl|Grimmsnarl, M, shiny|26\/100\n|turn|35\n|\n|t:|1700254778\n|switch|p2a: Great Tusk|Great Tusk|100\/100\n|move|p1a: Grimmsnarl|Taunt|p2a: Great Tusk\n|-start|p2a: Great Tusk|move: Taunt\n|\n|upkeep\n|turn|36\n|\n|t:|1700254784\n|move|p1a: Grimmsnarl|Reflect|p1a: Grimmsnarl\n|-sidestart|p1: GameBored|Reflect\n|move|p2a: Great Tusk|Rapid Spin|p1a: Grimmsnarl\n|-damage|p1a: Grimmsnarl|16\/100\n|-boost|p2a: Great Tusk|spe|1\n|\n|upkeep\n|turn|37\n|\n|t:|1700254789\n|move|p1a: Grimmsnarl|Parting Shot|p2a: Great Tusk\n|-unboost|p2a: Great Tusk|atk|1\n|-unboost|p2a: Great Tusk|spa|1\n|\n|t:|1700254791\n|switch|p1a: Toxtricity|Toxtricity, M, shiny|8\/100|[from] Parting Shot\n|move|p2a: Great Tusk|Headlong Rush|p1a: Toxtricity\n|-supereffective|p1a: Toxtricity\n|-damage|p1a: Toxtricity|0 fnt\n|-unboost|p2a: Great Tusk|def|1\n|-unboost|p2a: Great Tusk|spd|1\n|faint|p1a: Toxtricity\n|\n|-end|p2a: Great Tusk|move: Taunt\n|upkeep\n|\n|t:|1700254794\n|switch|p1a: Sharpedo|Sharpedo, M, shiny|100\/100\n|turn|38\n|\n|t:|1700254798\n|-end|p2a: Great Tusk|Protosynthesis|[silent]\n|switch|p2a: Scizor|Scizor-Mega, F|100\/100\n|move|p1a: Sharpedo|Protect||[still]\n|-fail|p1a: Sharpedo\n|\n|-ability|p1a: Sharpedo|Speed Boost|boost\n|-boost|p1a: Sharpedo|spe|1\n|upkeep\n|turn|39\n|\n|t:|1700254808\n|detailschange|p1a: Sharpedo|Sharpedo-Mega, M, shiny\n|-mega|p1a: Sharpedo|Sharpedo|Sharpedonite\n|move|p1a: Sharpedo|Crunch|p2a: Scizor\n|-damage|p2a: Scizor|56\/100\n|move|p2a: Scizor|Swords Dance|p2a: Scizor\n|-boost|p2a: Scizor|atk|2\n|\n|upkeep\n|turn|40\n|\n|t:|1700254814\n|move|p1a: Sharpedo|Crunch|p2a: Scizor\n|-damage|p2a: Scizor|13\/100\n|move|p2a: Scizor|Roost|p2a: Scizor\n|-heal|p2a: Scizor|63\/100\n|-singleturn|p2a: Scizor|move: Roost\n|\n|upkeep\n|turn|41\n|\n|t:|1700254819\n|move|p1a: Sharpedo|Crunch|p2a: Scizor\n|-damage|p2a: Scizor|21\/100\n|move|p2a: Scizor|Roost|p2a: Scizor\n|-heal|p2a: Scizor|71\/100\n|-singleturn|p2a: Scizor|move: Roost\n|\n|upkeep\n|turn|42\n|\n|t:|1700254824\n|move|p1a: Sharpedo|Ice Fang|p2a: Scizor\n|-resisted|p2a: Scizor\n|-crit|p2a: Scizor\n|-damage|p2a: Scizor|54\/100\n|-status|p2a: Scizor|frz\n|cant|p2a: Scizor|frz\n|\n|upkeep\n|turn|43\n|\n|t:|1700254831\n|move|p1a: Sharpedo|Crunch|p2a: Scizor\n|-damage|p2a: Scizor|15\/100 frz\n|cant|p2a: Scizor|frz\n|\n|-sideend|p1: GameBored|Reflect\n|upkeep\n|turn|44\n|\n|t:|1700254835\n|cant|p2a: Scizor|frz\n|move|p1a: Sharpedo|Crunch|p2a: Scizor\n|-damage|p2a: Scizor|0 fnt\n|faint|p2a: Scizor\n|\n|upkeep\n|\n|t:|1700254838\n|switch|p2a: Iron Valiant|Iron Valiant|100\/100\n|turn|45\n|\n|t:|1700254841\n|move|p1a: Sharpedo|Psychic Fangs|p2a: Iron Valiant\n|-supereffective|p2a: Iron Valiant\n|-damage|p2a: Iron Valiant|0 fnt\n|faint|p2a: Iron Valiant\n|-end|p2a: Iron Valiant|Quark Drive|[silent]\n|\n|upkeep\n|\n|t:|1700254845\n|switch|p2a: Great Tusk|Great Tusk|100\/100\n|turn|46\n|\n|t:|1700254852\n|move|p1a: Sharpedo|Protect|p1a: Sharpedo\n|-singleturn|p1a: Sharpedo|Protect\n|move|p2a: Great Tusk|Close Combat|p1a: Sharpedo\n|-activate|p1a: Sharpedo|move: Protect\n|\n|upkeep\n|turn|47\n|\n|t:|1700254860\n|move|p1a: Sharpedo|Ice Fang|p2a: Great Tusk\n|-supereffective|p2a: Great Tusk\n|-damage|p2a: Great Tusk|48\/100\n|-status|p2a: Great Tusk|frz\n|cant|p2a: Great Tusk|frz\n|\n|upkeep\n|turn|48\n|\n|t:|1700254866\n|move|p1a: Sharpedo|Psychic Fangs|p2a: Great Tusk\n|-supereffective|p2a: Great Tusk\n|-damage|p2a: Great Tusk|0 fnt\n|faint|p2a: Great Tusk\n|-end|p2a: Great Tusk|Protosynthesis|[silent]\n|\n|upkeep\n|\n|t:|1700254869\n|switch|p2a: Volcarona|Volcarona, M|55\/100\n|turn|49\n|\n|t:|1700254872\n|move|p1a: Sharpedo|Crunch|p2a: Volcarona\n|-damage|p2a: Volcarona|0 fnt\n|faint|p2a: Volcarona\n|\n|win|GameBored\n|raw|GameBored's rating: 1373 &rarr; <strong>1396<\/strong><br \/>(+23 for winning)\n|raw|NahImtheotherguy's rating: 1420 &rarr; <strong>1397<\/strong><br \/>(-23 for losing)\n|l|\u203dNahImtheotherguy\n","uploadtime":1700254884,"views":8,"p1id":"gamebored","p2id":"nahimtheotherguy","formatid":"gen9nationaldex","rating":1396,"private":0,"password":""}