{"id":"gen9nationaldex-1993553904","p1":"Vaconsio1","p2":"830r","format":"[Gen 9] National Dex","log":"|j|\u2606Vaconsio1\n|j|\u2606830r\n|t:|1700331109\n|gametype|singles\n|player|p1|Vaconsio1|skier|1265\n|player|p2|830r|veteran|1255\n|teamsize|p1|6\n|teamsize|p2|6\n|gen|9\n|tier|[Gen 9] National Dex\n|rated|\n|rule|HP Percentage Mod: HP is shown in percentages\n|rule|Endless Battle Clause: Forcing endless battles is banned\n|rule|OHKO Clause: OHKO moves are banned\n|rule|Evasion Clause: Evasion abilities, items, and moves are banned\n|rule|Evasion Abilities Clause: Evasion abilities are banned\n|rule|Evasion Items Clause: Evasion items are banned\n|rule|Evasion Moves Clause: Evasion moves are banned\n|rule|Species Clause: Limit one of each Pok\u00e9mon\n|rule|Sleep Clause Mod: Limit one foe put to sleep\n|clearpoke\n|poke|p1|Slowking-Galar, M|\n|poke|p1|Toxapex, M|\n|poke|p1|Tornadus-Therian, M|\n|poke|p1|Mienshao, F|\n|poke|p1|Alomomola, M|\n|poke|p1|Tangrowth, F|\n|poke|p2|Deoxys-Defense|\n|poke|p2|Celesteela|\n|poke|p2|Cursola, M|\n|poke|p2|Toxapex, F|\n|poke|p2|Banette, M|\n|poke|p2|Clodsire, F|\n|teampreview\n|inactive|Battle timer is ON: inactive players will automatically lose when time's up. (requested by 830r)\n|c|\u2606830r|Stall v stall?\n|c|\u2606830r|may we have an epic battle\n|\n|t:|1700331136\n|start\n|switch|p1a: Slowking|Slowking-Galar, M, shiny|100\/100\n|switch|p2a: Toxapex|Toxapex, F, shiny|100\/100\n|turn|1\n|\n|t:|1700331149\n|switch|p2a: Deoxys|Deoxys-Defense|100\/100\n|-ability|p2a: Deoxys|Pressure\n|move|p1a: Slowking|Thunder Wave|p2a: Deoxys\n|-status|p2a: Deoxys|par\n|\n|upkeep\n|turn|2\n|\n|t:|1700331159\n|switch|p1a: Tangrowth|Tangrowth, F, shiny|100\/100\n|move|p2a: Deoxys|Thunder Wave|p1a: Tangrowth\n|-status|p1a: Tangrowth|par\n|\n|upkeep\n|turn|3\n|\n|t:|1700331170\n|switch|p2a: Toxapex|Toxapex, F, shiny|100\/100\n|move|p1a: Tangrowth|Knock Off|p2a: Toxapex\n|-damage|p2a: Toxapex|85\/100\n|-enditem|p2a: Toxapex|Black Sludge|[from] move: Knock Off|[of] p1a: Tangrowth\n|\n|upkeep\n|turn|4\n|\n|t:|1700331178\n|switch|p1a: Slowking|Slowking-Galar, M, shiny|100\/100\n|move|p2a: Toxapex|Infestation|p1a: Slowking\n|-damage|p1a: Slowking|98\/100\n|-activate|p1a: Slowking|move: Infestation|[of] p2a: Toxapex\n|\n|-heal|p1a: Slowking|100\/100|[from] item: Black Sludge\n|-damage|p1a: Slowking|88\/100|[from] move: Infestation|[partiallytrapped]\n|upkeep\n|turn|5\n|\n|t:|1700331188\n|switch|p2a: Deoxys|Deoxys-Defense|100\/100 par\n|-ability|p2a: Deoxys|Pressure\n|move|p1a: Slowking|Future Sight|p2a: Deoxys\n|-start|p1a: Slowking|move: Future Sight\n|\n|-heal|p1a: Slowking|94\/100|[from] item: Black Sludge\n|-end|p1a: Slowking|Infestation|[partiallytrapped]|[silent]\n|upkeep\n|turn|6\n|\n|t:|1700331198\n|switch|p1a: Tangrowth|Tangrowth, F, shiny|100\/100 par\n|move|p2a: Deoxys|Wrap|p1a: Tangrowth\n|-damage|p1a: Tangrowth|99\/100 par\n|-activate|p1a: Tangrowth|move: Wrap|[of] p2a: Deoxys\n|\n|-damage|p1a: Tangrowth|86\/100 par|[from] move: Wrap|[partiallytrapped]\n|upkeep\n|turn|7\n|\n|t:|1700331208\n|move|p2a: Deoxys|Cosmic Power|p2a: Deoxys\n|-boost|p2a: Deoxys|def|1\n|-boost|p2a: Deoxys|spd|1\n|move|p1a: Tangrowth|Knock Off|p2a: Deoxys\n|-supereffective|p2a: Deoxys\n|-damage|p2a: Deoxys|80\/100 par\n|-enditem|p2a: Deoxys|Leftovers|[from] move: Knock Off|[of] p1a: Tangrowth\n|\n|-end|p2a: Deoxys|move: Future Sight\n|-resisted|p2a: Deoxys\n|-damage|p2a: Deoxys|70\/100 par\n|-damage|p1a: Tangrowth|74\/100 par|[from] move: Wrap|[partiallytrapped]\n|upkeep\n|turn|8\n|\n|t:|1700331225\n|move|p2a: Deoxys|Cosmic Power|p2a: Deoxys\n|-boost|p2a: Deoxys|def|1\n|-boost|p2a: Deoxys|spd|1\n|move|p1a: Tangrowth|Knock Off|p2a: Deoxys\n|-supereffective|p2a: Deoxys\n|-damage|p2a: Deoxys|60\/100 par\n|\n|-damage|p1a: Tangrowth|62\/100 par|[from] move: Wrap|[partiallytrapped]\n|upkeep\n|turn|9\n|\n|t:|1700331235\n|cant|p2a: Deoxys|par\n|cant|p1a: Tangrowth|par\n|\n|-damage|p1a: Tangrowth|50\/100 par|[from] move: Wrap|[partiallytrapped]\n|upkeep\n|turn|10\n|\n|t:|1700331242\n|move|p2a: Deoxys|Recover|p2a: Deoxys\n|-heal|p2a: Deoxys|100\/100 par\n|move|p1a: Tangrowth|Knock Off|p2a: Deoxys\n|-supereffective|p2a: Deoxys\n|-damage|p2a: Deoxys|90\/100 par\n|\n|-damage|p1a: Tangrowth|37\/100 par|[from] move: Wrap|[partiallytrapped]\n|upkeep\n|turn|11\n|\n|t:|1700331251\n|move|p2a: Deoxys|Cosmic Power|p2a: Deoxys\n|-boost|p2a: Deoxys|def|1\n|-boost|p2a: Deoxys|spd|1\n|move|p1a: Tangrowth|Knock Off|p2a: Deoxys\n|-supereffective|p2a: Deoxys\n|-damage|p2a: Deoxys|81\/100 par\n|\n|-end|p1a: Tangrowth|Wrap|[partiallytrapped]\n|upkeep\n|turn|12\n|\n|t:|1700331261\n|switch|p1a: Slowking|Slowking-Galar, M, shiny|100\/100\n|move|p2a: Deoxys|Cosmic Power|p2a: Deoxys\n|-boost|p2a: Deoxys|def|1\n|-boost|p2a: Deoxys|spd|1\n|\n|upkeep\n|turn|13\n|\n|t:|1700331269\n|move|p2a: Deoxys|Thunder Wave|p1a: Slowking\n|-status|p1a: Slowking|par\n|move|p1a: Slowking|Future Sight|p2a: Deoxys\n|-start|p1a: Slowking|move: Future Sight\n|\n|upkeep\n|turn|14\n|\n|t:|1700331280\n|move|p2a: Deoxys|Wrap|p1a: Slowking\n|-damage|p1a: Slowking|98\/100 par\n|-activate|p1a: Slowking|move: Wrap|[of] p2a: Deoxys\n|move|p1a: Slowking|Chilly Reception|p1a: Slowking\n|-weather|Snow\n|\n|t:|1700331290\n|switch|p1a: Mienshao|Mienshao, F, shiny|100\/100|[from] Chilly Reception\n|\n|-weather|Snow|[upkeep]\n|upkeep\n|turn|15\n|\n|t:|1700331297\n|move|p1a: Mienshao|U-turn|p2a: Deoxys\n|-supereffective|p2a: Deoxys\n|-damage|p2a: Deoxys|70\/100 par\n|\n|t:|1700331305\n|switch|p1a: Tangrowth|Tangrowth, F, shiny|71\/100 par|[from] U-turn\n|move|p2a: Deoxys|Thunder Wave|p1a: Tangrowth\n|-fail|p1a: Tangrowth|par\n|\n|-weather|Snow|[upkeep]\n|-end|p2a: Deoxys|move: Future Sight\n|-resisted|p2a: Deoxys\n|-damage|p2a: Deoxys|66\/100 par\n|upkeep\n|turn|16\n|\n|t:|1700331317\n|switch|p1a: Slowking|Slowking-Galar, M, shiny|100\/100 par\n|move|p2a: Deoxys|Recover|p2a: Deoxys\n|-heal|p2a: Deoxys|100\/100 par\n|\n|-weather|Snow|[upkeep]\n|upkeep\n|turn|17\n|\n|t:|1700331325\n|move|p2a: Deoxys|Cosmic Power|p2a: Deoxys\n|-boost|p2a: Deoxys|def|1\n|-boost|p2a: Deoxys|spd|1\n|move|p1a: Slowking|Tri Attack|p2a: Deoxys\n|-damage|p2a: Deoxys|97\/100 par\n|\n|-weather|Snow|[upkeep]\n|upkeep\n|turn|18\n|\n|t:|1700331337\n|move|p2a: Deoxys|Cosmic Power|p2a: Deoxys\n|-boost|p2a: Deoxys|def|1\n|-boost|p2a: Deoxys|spd|1\n|move|p1a: Slowking|Tri Attack|p2a: Deoxys\n|-damage|p2a: Deoxys|93\/100 par\n|\n|-weather|none\n|upkeep\n|turn|19\n|\n|t:|1700331347\n|switch|p1a: Mienshao|Mienshao, F, shiny|100\/100\n|move|p2a: Deoxys|Wrap|p1a: Mienshao\n|-damage|p1a: Mienshao|96\/100\n|-activate|p1a: Mienshao|move: Wrap|[of] p2a: Deoxys\n|\n|-damage|p1a: Mienshao|84\/100|[from] move: Wrap|[partiallytrapped]\n|upkeep\n|turn|20\n|\n|t:|1700331356\n|move|p1a: Mienshao|U-turn|p2a: Deoxys\n|-supereffective|p2a: Deoxys\n|-damage|p2a: Deoxys|85\/100 par\n|\n|t:|1700331361\n|switch|p1a: Slowking|Slowking-Galar, M, shiny|100\/100 par|[from] U-turn\n|move|p2a: Deoxys|Thunder Wave|p1a: Slowking\n|-fail|p1a: Slowking|par\n|\n|upkeep\n|turn|21\n|\n|t:|1700331373\n|switch|p1a: Mienshao|Mienshao, F, shiny|100\/100\n|move|p2a: Deoxys|Wrap|p1a: Mienshao\n|-damage|p1a: Mienshao|95\/100\n|-activate|p1a: Mienshao|move: Wrap|[of] p2a: Deoxys\n|\n|-damage|p1a: Mienshao|83\/100|[from] move: Wrap|[partiallytrapped]\n|upkeep\n|turn|22\n|\n|t:|1700331383\n|move|p1a: Mienshao|U-turn|p2a: Deoxys\n|-supereffective|p2a: Deoxys\n|-damage|p2a: Deoxys|77\/100 par\n|\n|t:|1700331387\n|switch|p1a: Tangrowth|Tangrowth, F, shiny|100\/100 par|[from] U-turn\n|move|p2a: Deoxys|Wrap|p1a: Tangrowth\n|-damage|p1a: Tangrowth|99\/100 par\n|-activate|p1a: Tangrowth|move: Wrap|[of] p2a: Deoxys\n|\n|-damage|p1a: Tangrowth|86\/100 par|[from] move: Wrap|[partiallytrapped]\n|upkeep\n|turn|23\n|\n|t:|1700331401\n|move|p2a: Deoxys|Thunder Wave|p1a: Tangrowth\n|-fail|p1a: Tangrowth|par\n|move|p1a: Tangrowth|Knock Off|p2a: Deoxys\n|-supereffective|p2a: Deoxys\n|-damage|p2a: Deoxys|72\/100 par\n|\n|-damage|p1a: Tangrowth|74\/100 par|[from] move: Wrap|[partiallytrapped]\n|upkeep\n|turn|24\n|\n|t:|1700331411\n|move|p2a: Deoxys|Thunder Wave|p1a: Tangrowth\n|-fail|p1a: Tangrowth|par\n|cant|p1a: Tangrowth|par\n|\n|-damage|p1a: Tangrowth|62\/100 par|[from] move: Wrap|[partiallytrapped]\n|upkeep\n|turn|25\n|\n|t:|1700331419\n|cant|p2a: Deoxys|par\n|move|p1a: Tangrowth|Body Slam|p2a: Deoxys\n|-damage|p2a: Deoxys|68\/100 par\n|\n|-damage|p1a: Tangrowth|50\/100 par|[from] move: Wrap|[partiallytrapped]\n|upkeep\n|turn|26\n|\n|t:|1700331427\n|move|p2a: Deoxys|Wrap|p1a: Tangrowth\n|-damage|p1a: Tangrowth|48\/100 par\n|move|p1a: Tangrowth|Body Slam|p2a: Deoxys\n|-damage|p2a: Deoxys|64\/100 par\n|\n|-end|p1a: Tangrowth|Wrap|[partiallytrapped]\n|upkeep\n|turn|27\n|\n|t:|1700331437\n|switch|p1a: Slowking|Slowking-Galar, M, shiny|100\/100 par\n|cant|p2a: Deoxys|par\n|\n|upkeep\n|turn|28\n|\n|t:|1700331443\n|move|p2a: Deoxys|Recover|p2a: Deoxys\n|-heal|p2a: Deoxys|100\/100 par\n|move|p1a: Slowking|Thunder Wave|p2a: Deoxys\n|-fail|p2a: Deoxys|par\n|\n|upkeep\n|turn|29\n|\n|t:|1700331457\n|cant|p2a: Deoxys|par\n|cant|p1a: Slowking|par\n|\n|upkeep\n|turn|30\n|\n|t:|1700331462\n|move|p2a: Deoxys|Wrap|p1a: Slowking\n|-damage|p1a: Slowking|98\/100 par\n|-activate|p1a: Slowking|move: Wrap|[of] p2a: Deoxys\n|move|p1a: Slowking|Thunder Wave|p2a: Deoxys|[miss]\n|-miss|p1a: Slowking|p2a: Deoxys\n|\n|-heal|p1a: Slowking|100\/100 par|[from] item: Black Sludge\n|-damage|p1a: Slowking|88\/100 par|[from] move: Wrap|[partiallytrapped]\n|upkeep\n|turn|31\n|\n|t:|1700331475\n|move|p2a: Deoxys|Thunder Wave|p1a: Slowking\n|-fail|p1a: Slowking|par\n|cant|p1a: Slowking|par\n|\n|-heal|p1a: Slowking|94\/100 par|[from] item: Black Sludge\n|-damage|p1a: Slowking|82\/100 par|[from] move: Wrap|[partiallytrapped]\n|upkeep\n|turn|32\n|\n|t:|1700331486\n|move|p2a: Deoxys|Wrap|p1a: Slowking\n|-crit|p1a: Slowking\n|-damage|p1a: Slowking|78\/100 par\n|cant|p1a: Slowking|par\n|\n|-heal|p1a: Slowking|84\/100 par|[from] item: Black Sludge\n|-damage|p1a: Slowking|72\/100 par|[from] move: Wrap|[partiallytrapped]\n|upkeep\n|turn|33\n|\n|t:|1700331502\n|cant|p2a: Deoxys|par\n|move|p1a: Slowking|Thunder Wave|p2a: Deoxys\n|-fail|p2a: Deoxys|par\n|\n|-heal|p1a: Slowking|78\/100 par|[from] item: Black Sludge\n|-damage|p1a: Slowking|66\/100 par|[from] move: Wrap|[partiallytrapped]\n|upkeep\n|turn|34\n|\n|t:|1700331513\n|move|p2a: Deoxys|Thunder Wave|p1a: Slowking\n|-fail|p1a: Slowking|par\n|move|p1a: Slowking|Thunder Wave|p2a: Deoxys\n|-fail|p2a: Deoxys|par\n|\n|-heal|p1a: Slowking|72\/100 par|[from] item: Black Sludge\n|-damage|p1a: Slowking|59\/100 par|[from] move: Wrap|[partiallytrapped]\n|upkeep\n|turn|35\n|\n|t:|1700331527\n|move|p2a: Deoxys|Wrap|p1a: Slowking\n|-damage|p1a: Slowking|57\/100 par\n|move|p1a: Slowking|Thunder Wave|p2a: Deoxys\n|-fail|p2a: Deoxys|par\n|\n|-heal|p1a: Slowking|63\/100 par|[from] item: Black Sludge\n|-end|p1a: Slowking|Wrap|[partiallytrapped]\n|upkeep\n|turn|36\n|\n|t:|1700331537\n|move|p2a: Deoxys|Wrap|p1a: Slowking\n|-damage|p1a: Slowking|61\/100 par\n|-activate|p1a: Slowking|move: Wrap|[of] p2a: Deoxys\n|move|p1a: Slowking|Chilly Reception|p1a: Slowking\n|-weather|Snow\n|\n|t:|1700331549\n|switch|p1a: Mienshao|Mienshao, F, shiny|100\/100|[from] Chilly Reception\n|\n|-weather|Snow|[upkeep]\n|upkeep\n|turn|37\n|\n|t:|1700331555\n|move|p1a: Mienshao|U-turn|p2a: Deoxys\n|-supereffective|p2a: Deoxys\n|-damage|p2a: Deoxys|93\/100 par\n|\n|t:|1700331560\n|switch|p1a: Slowking|Slowking-Galar, M, shiny|94\/100 par|[from] U-turn\n|move|p2a: Deoxys|Thunder Wave|p1a: Slowking|[miss]\n|-miss|p2a: Deoxys|p1a: Slowking\n|\n|-weather|Snow|[upkeep]\n|-heal|p1a: Slowking|99\/100 par|[from] item: Black Sludge\n|upkeep\n|turn|38\n|\n|t:|1700331571\n|switch|p1a: Tangrowth|Tangrowth, F, shiny|81\/100 par\n|move|p2a: Deoxys|Cosmic Power|p2a: Deoxys\n|-boost|p2a: Deoxys|def|0\n|-boost|p2a: Deoxys|spd|0\n|\n|-weather|Snow|[upkeep]\n|upkeep\n|turn|39\n|\n|t:|1700331582\n|switch|p1a: Slowking|Slowking-Galar, M, shiny|100\/100 par\n|move|p2a: Deoxys|Wrap|p1a: Slowking\n|-damage|p1a: Slowking|98\/100 par\n|-activate|p1a: Slowking|move: Wrap|[of] p2a: Deoxys\n|\n|-weather|Snow|[upkeep]\n|-heal|p1a: Slowking|100\/100 par|[from] item: Black Sludge\n|-damage|p1a: Slowking|88\/100 par|[from] move: Wrap|[partiallytrapped]\n|upkeep\n|turn|40\n|\n|t:|1700331599\n|move|p2a: Deoxys|Thunder Wave|p1a: Slowking\n|-fail|p1a: Slowking|par\n|move|p1a: Slowking|Tri Attack|p2a: Deoxys\n|-damage|p2a: Deoxys|89\/100 par\n|\n|-weather|none\n|-heal|p1a: Slowking|94\/100 par|[from] item: Black Sludge\n|-damage|p1a: Slowking|82\/100 par|[from] move: Wrap|[partiallytrapped]\n|upkeep\n|turn|41\n|\n|t:|1700331612\n|move|p2a: Deoxys|Cosmic Power|p2a: Deoxys\n|-boost|p2a: Deoxys|def|0\n|-boost|p2a: Deoxys|spd|0\n|move|p1a: Slowking|Tri Attack|p2a: Deoxys\n|-damage|p2a: Deoxys|86\/100 par\n|\n|-heal|p1a: Slowking|88\/100 par|[from] item: Black Sludge\n|-damage|p1a: Slowking|75\/100 par|[from] move: Wrap|[partiallytrapped]\n|upkeep\n|turn|42\n|\n|t:|1700331623\n|cant|p2a: Deoxys|par\n|cant|p1a: Slowking|par\n|\n|-heal|p1a: Slowking|82\/100 par|[from] item: Black Sludge\n|-damage|p1a: Slowking|69\/100 par|[from] move: Wrap|[partiallytrapped]\n|upkeep\n|turn|43\n|\n|t:|1700331632\n|move|p2a: Deoxys|Cosmic Power|p2a: Deoxys\n|-boost|p2a: Deoxys|def|0\n|-boost|p2a: Deoxys|spd|0\n|cant|p1a: Slowking|par\n|\n|-heal|p1a: Slowking|75\/100 par|[from] item: Black Sludge\n|-damage|p1a: Slowking|63\/100 par|[from] move: Wrap|[partiallytrapped]\n|upkeep\n|turn|44\n|\n|t:|1700331646\n|move|p2a: Deoxys|Wrap|p1a: Slowking\n|-damage|p1a: Slowking|60\/100 par\n|cant|p1a: Slowking|par\n|\n|-heal|p1a: Slowking|66\/100 par|[from] item: Black Sludge\n|-end|p1a: Slowking|Wrap|[partiallytrapped]\n|upkeep\n|turn|45\n|\n|t:|1700331658\n|move|p2a: Deoxys|Thunder Wave|p1a: Slowking\n|-fail|p1a: Slowking|par\n|move|p1a: Slowking|Tri Attack|p2a: Deoxys\n|-damage|p2a: Deoxys|83\/100 par\n|\n|-heal|p1a: Slowking|72\/100 par|[from] item: Black Sludge\n|upkeep\n|turn|46\n|\n|t:|1700331670\n|switch|p1a: Tangrowth|Tangrowth, F, shiny|100\/100 par\n|move|p2a: Deoxys|Wrap|p1a: Tangrowth\n|-damage|p1a: Tangrowth|99\/100 par\n|-activate|p1a: Tangrowth|move: Wrap|[of] p2a: Deoxys\n|\n|-damage|p1a: Tangrowth|86\/100 par|[from] move: Wrap|[partiallytrapped]\n|upkeep\n|turn|47\n|\n|t:|1700331679\n|move|p2a: Deoxys|Cosmic Power|p2a: Deoxys\n|-boost|p2a: Deoxys|def|0\n|-boost|p2a: Deoxys|spd|0\n|cant|p1a: Tangrowth|par\n|\n|-damage|p1a: Tangrowth|74\/100 par|[from] move: Wrap|[partiallytrapped]\n|upkeep\n|turn|48\n|\n|t:|1700331687\n|move|p2a: Deoxys|Cosmic Power|p2a: Deoxys\n|-boost|p2a: Deoxys|def|0\n|-boost|p2a: Deoxys|spd|0\n|move|p1a: Tangrowth|Body Slam|p2a: Deoxys\n|-damage|p2a: Deoxys|79\/100 par\n|\n|-damage|p1a: Tangrowth|62\/100 par|[from] move: Wrap|[partiallytrapped]\n|upkeep\n|turn|49\n|\n|t:|1700331703\n|move|p2a: Deoxys|Cosmic Power|p2a: Deoxys\n|-boost|p2a: Deoxys|def|0\n|-boost|p2a: Deoxys|spd|0\n|move|p1a: Tangrowth|Power Whip|p2a: Deoxys\n|-damage|p2a: Deoxys|73\/100 par\n|\n|-damage|p1a: Tangrowth|50\/100 par|[from] move: Wrap|[partiallytrapped]\n|upkeep\n|turn|50\n|\n|t:|1700331712\n|move|p2a: Deoxys|Thunder Wave|p1a: Tangrowth\n|-fail|p1a: Tangrowth|par\n|move|p1a: Tangrowth|Power Whip|p2a: Deoxys\n|-damage|p2a: Deoxys|66\/100 par\n|\n|-damage|p1a: Tangrowth|37\/100 par|[from] move: Wrap|[partiallytrapped]\n|upkeep\n|turn|51\n|\n|t:|1700331722\n|move|p2a: Deoxys|Cosmic Power|p2a: Deoxys\n|-boost|p2a: Deoxys|def|0\n|-boost|p2a: Deoxys|spd|0\n|move|p1a: Tangrowth|Power Whip|p2a: Deoxys|[miss]\n|-miss|p1a: Tangrowth|p2a: Deoxys\n|\n|-end|p1a: Tangrowth|Wrap|[partiallytrapped]\n|upkeep\n|turn|52\n|\n|t:|1700331732\n|switch|p1a: Slowking|Slowking-Galar, M, shiny|100\/100 par\n|move|p2a: Deoxys|Wrap|p1a: Slowking|[miss]\n|-miss|p2a: Deoxys|p1a: Slowking\n|\n|upkeep\n|turn|53\n|\n|t:|1700331747\n|move|p2a: Deoxys|Wrap|p1a: Slowking\n|-damage|p1a: Slowking|98\/100 par\n|-activate|p1a: Slowking|move: Wrap|[of] p2a: Deoxys\n|move|p1a: Slowking|Thunder Wave|p2a: Deoxys\n|-fail|p2a: Deoxys|par\n|\n|-heal|p1a: Slowking|100\/100 par|[from] item: Black Sludge\n|-damage|p1a: Slowking|88\/100 par|[from] move: Wrap|[partiallytrapped]\n|upkeep\n|turn|54\n|\n|t:|1700331761\n|switch|p2a: Clodsire|Clodsire, F|100\/100\n|move|p1a: Slowking|Future Sight|p2a: Clodsire\n|-start|p1a: Slowking|move: Future Sight\n|\n|-heal|p1a: Slowking|94\/100 par|[from] item: Black Sludge\n|-end|p1a: Slowking|Wrap|[partiallytrapped]|[silent]\n|upkeep\n|turn|55\n|\n|t:|1700331772\n|switch|p1a: Tangrowth|Tangrowth, F, shiny|71\/100 par\n|move|p2a: Clodsire|Toxic Spikes|p1a: Tangrowth\n|-sidestart|p1: Vaconsio1|move: Toxic Spikes\n|\n|upkeep\n|turn|56\n|\n|t:|1700331784\n|switch|p2a: Cursola|Cursola, M, shiny|100\/100\n|move|p1a: Tangrowth|Knock Off|p2a: Cursola\n|-supereffective|p2a: Cursola\n|-damage|p2a: Cursola|49\/100\n|-ability|p2a: Cursola|Perish Body\n|-enditem|p2a: Cursola|Leftovers|[from] move: Knock Off|[of] p1a: Tangrowth\n|\n|-end|p2a: Cursola|move: Future Sight\n|-damage|p2a: Cursola|12\/100\n|-start|p2a: Cursola|perish3\n|-start|p1a: Tangrowth|perish3\n|upkeep\n|turn|57\n|\n|t:|1700331799\n|-terastallize|p2a: Cursola|Fairy\n|move|p2a: Cursola|Strength Sap|p1a: Tangrowth\n|-unboost|p1a: Tangrowth|atk|1\n|-heal|p2a: Cursola|85\/100\n|move|p1a: Tangrowth|Knock Off|p2a: Cursola\n|-resisted|p2a: Cursola\n|-damage|p2a: Cursola|79\/100\n|\n|-start|p2a: Cursola|perish2\n|-start|p1a: Tangrowth|perish2\n|upkeep\n|turn|58\n|\n|t:|1700331813\n|switch|p1a: Slowking|Slowking-Galar, M, shiny|100\/100 par\n|-sideend|p1: Vaconsio1|move: Toxic Spikes|[of] p1a: Slowking\n|move|p2a: Cursola|Whirlpool|p1a: Slowking\n|-damage|p1a: Slowking|92\/100 par\n|-activate|p1a: Slowking|move: Whirlpool|[of] p2a: Cursola\n|\n|-heal|p1a: Slowking|98\/100 par|[from] item: Black Sludge\n|-damage|p1a: Slowking|86\/100 par|[from] move: Whirlpool|[partiallytrapped]\n|-start|p2a: Cursola|perish1\n|upkeep\n|turn|59\n|\n|t:|1700331824\n|switch|p2a: Deoxys|Deoxys-Defense|66\/100 par\n|-ability|p2a: Deoxys|Pressure\n|move|p1a: Slowking|Future Sight|p2a: Deoxys\n|-start|p1a: Slowking|move: Future Sight\n|\n|-heal|p1a: Slowking|92\/100 par|[from] item: Black Sludge\n|-end|p1a: Slowking|Whirlpool|[partiallytrapped]|[silent]\n|upkeep\n|turn|60\n|\n|t:|1700331834\n|move|p2a: Deoxys|Cosmic Power|p2a: Deoxys\n|-boost|p2a: Deoxys|def|1\n|-boost|p2a: Deoxys|spd|1\n|cant|p1a: Slowking|par\n|\n|-heal|p1a: Slowking|98\/100 par|[from] item: Black Sludge\n|upkeep\n|turn|61\n|\n|t:|1700331842\n|move|p2a: Deoxys|Cosmic Power|p2a: Deoxys\n|-boost|p2a: Deoxys|def|1\n|-boost|p2a: Deoxys|spd|1\n|move|p1a: Slowking|Chilly Reception|p1a: Slowking\n|-weather|Snow\n|\n|t:|1700331849\n|switch|p1a: Mienshao|Mienshao, F, shiny|100\/100|[from] Chilly Reception\n|\n|-weather|Snow|[upkeep]\n|-end|p2a: Deoxys|move: Future Sight\n|-resisted|p2a: Deoxys\n|-damage|p2a: Deoxys|58\/100 par\n|upkeep\n|turn|62\n|\n|t:|1700331857\n|move|p1a: Mienshao|Fake Out|p2a: Deoxys\n|-damage|p2a: Deoxys|53\/100 par\n|cant|p2a: Deoxys|flinch\n|\n|-weather|Snow|[upkeep]\n|upkeep\n|turn|63\n|\n|t:|1700331864\n|move|p1a: Mienshao|U-turn|p2a: Deoxys\n|-supereffective|p2a: Deoxys\n|-damage|p2a: Deoxys|38\/100 par\n|\n|t:|1700331870\n|switch|p1a: Tangrowth|Tangrowth, F, shiny|100\/100 par|[from] U-turn\n|move|p2a: Deoxys|Recover|p2a: Deoxys\n|-heal|p2a: Deoxys|88\/100 par\n|\n|-weather|Snow|[upkeep]\n|upkeep\n|turn|64\n|\n|t:|1700331879\n|switch|p2a: Toxapex|Toxapex, F, shiny|100\/100\n|move|p1a: Tangrowth|Power Whip|p2a: Toxapex\n|-crit|p2a: Toxapex\n|-damage|p2a: Toxapex|54\/100\n|\n|-weather|Snow|[upkeep]\n|upkeep\n|turn|65\n|\n|t:|1700331889\n|move|p2a: Toxapex|Infestation|p1a: Tangrowth\n|-supereffective|p1a: Tangrowth\n|-damage|p1a: Tangrowth|95\/100 par\n|-activate|p1a: Tangrowth|move: Infestation|[of] p2a: Toxapex\n|cant|p1a: Tangrowth|par\n|\n|-weather|none\n|-damage|p1a: Tangrowth|83\/100 par|[from] move: Infestation|[partiallytrapped]\n|upkeep\n|turn|66\n|\n|t:|1700331898\n|move|p2a: Toxapex|Recover|p2a: Toxapex\n|-heal|p2a: Toxapex|100\/100\n|move|p1a: Tangrowth|Earthquake|p2a: Toxapex\n|-supereffective|p2a: Toxapex\n|-damage|p2a: Toxapex|68\/100\n|\n|-damage|p1a: Tangrowth|71\/100 par|[from] move: Infestation|[partiallytrapped]\n|upkeep\n|turn|67\n|\n|t:|1700331910\n|switch|p2a: Cursola|Cursola, M, shiny, tera:Fairy|79\/100\n|move|p1a: Tangrowth|Body Slam|p2a: Cursola\n|-damage|p2a: Cursola|58\/100\n|-ability|p2a: Cursola|Perish Body\n|\n|-end|p1a: Tangrowth|Infestation|[partiallytrapped]|[silent]\n|-start|p2a: Cursola|perish3\n|-start|p1a: Tangrowth|perish3\n|upkeep\n|turn|68\n|\n|t:|1700331923\n|switch|p1a: Slowking|Slowking-Galar, M, shiny|100\/100 par\n|move|p2a: Cursola|Whirlpool|p1a: Slowking\n|-damage|p1a: Slowking|92\/100 par\n|-activate|p1a: Slowking|move: Whirlpool|[of] p2a: Cursola\n|\n|-heal|p1a: Slowking|98\/100 par|[from] item: Black Sludge\n|-damage|p1a: Slowking|85\/100 par|[from] move: Whirlpool|[partiallytrapped]\n|-start|p2a: Cursola|perish2\n|upkeep\n|turn|69\n|\n|t:|1700331935\n|move|p2a: Cursola|Hex|p1a: Slowking\n|-supereffective|p1a: Slowking\n|-damage|p1a: Slowking|0 fnt\n|faint|p1a: Slowking\n|\n|-start|p2a: Cursola|perish1\n|upkeep\n|\n|t:|1700331945\n|switch|p1a: Mienshao|Mienshao, F, shiny|100\/100\n|turn|70\n|\n|t:|1700331956\n|switch|p2a: Toxapex|Toxapex, F, shiny|100\/100\n|move|p1a: Mienshao|U-turn|p2a: Toxapex\n|-resisted|p2a: Toxapex\n|-damage|p2a: Toxapex|92\/100\n|\n|t:|1700331967\n|switch|p1a: Tangrowth|Tangrowth, F, shiny|100\/100 par|[from] U-turn\n|\n|upkeep\n|turn|71\n|\n|t:|1700331974\n|move|p2a: Toxapex|Infestation|p1a: Tangrowth\n|-supereffective|p1a: Tangrowth\n|-damage|p1a: Tangrowth|96\/100 par\n|-activate|p1a: Tangrowth|move: Infestation|[of] p2a: Toxapex\n|move|p1a: Tangrowth|Body Slam|p2a: Toxapex\n|-damage|p2a: Toxapex|78\/100\n|\n|-damage|p1a: Tangrowth|84\/100 par|[from] move: Infestation|[partiallytrapped]\n|upkeep\n|turn|72\n|\n|t:|1700331983\n|switch|p2a: Cursola|Cursola, M, shiny, tera:Fairy|58\/100\n|move|p1a: Tangrowth|Body Slam|p2a: Cursola\n|-damage|p2a: Cursola|35\/100\n|-status|p2a: Cursola|par\n|-ability|p2a: Cursola|Perish Body\n|\n|-end|p1a: Tangrowth|Infestation|[partiallytrapped]|[silent]\n|-start|p1a: Tangrowth|perish3\n|-start|p2a: Cursola|perish3\n|upkeep\n|turn|73\n|\n|t:|1700331997\n|move|p1a: Tangrowth|Power Whip|p2a: Cursola\n|-crit|p2a: Cursola\n|-damage|p2a: Cursola|0 fnt\n|faint|p2a: Cursola\n|\n|-start|p1a: Tangrowth|perish2\n|upkeep\n|\n|t:|1700332009\n|switch|p2a: Toxapex|Toxapex, F, shiny|100\/100\n|turn|74\n|\n|t:|1700332027\n|switch|p1a: Mienshao|Mienshao, F, shiny|100\/100\n|move|p2a: Toxapex|Toxic|p1a: Mienshao\n|-status|p1a: Mienshao|tox\n|\n|-damage|p1a: Mienshao|94\/100 tox|[from] psn\n|upkeep\n|turn|75\n|\n|t:|1700332035\n|move|p1a: Mienshao|U-turn|p2a: Toxapex\n|-resisted|p2a: Toxapex\n|-damage|p2a: Toxapex|92\/100\n|\n|t:|1700332038\n|switch|p1a: Tangrowth|Tangrowth, F, shiny|100\/100 par|[from] U-turn\n|move|p2a: Toxapex|Infestation|p1a: Tangrowth\n|-supereffective|p1a: Tangrowth\n|-damage|p1a: Tangrowth|95\/100 par\n|-activate|p1a: Tangrowth|move: Infestation|[of] p2a: Toxapex\n|\n|-damage|p1a: Tangrowth|83\/100 par|[from] move: Infestation|[partiallytrapped]\n|upkeep\n|turn|76\n|\n|t:|1700332053\n|switch|p2a: Celesteela|Celesteela|100\/100\n|move|p1a: Tangrowth|Earthquake|p2a: Celesteela\n|-immune|p2a: Celesteela\n|\n|-end|p1a: Tangrowth|Infestation|[partiallytrapped]|[silent]\n|upkeep\n|turn|77\n|\n|t:|1700332062\n|switch|p1a: Alomomola|Alomomola, M, shiny|100\/100\n|move|p2a: Celesteela|Substitute|p2a: Celesteela\n|-start|p2a: Celesteela|Substitute\n|-damage|p2a: Celesteela|76\/100\n|\n|-heal|p2a: Celesteela|82\/100|[from] item: Leftovers\n|upkeep\n|turn|78\n|\n|t:|1700332071\n|move|p1a: Alomomola|Scald|p2a: Celesteela\n|-activate|p2a: Celesteela|move: Substitute|[damage]\n|move|p2a: Celesteela|Toxic|p1a: Alomomola\n|-status|p1a: Alomomola|tox\n|\n|-heal|p2a: Celesteela|88\/100|[from] item: Leftovers\n|-damage|p1a: Alomomola|94\/100 tox|[from] psn\n|upkeep\n|turn|79\n|\n|t:|1700332082\n|move|p1a: Alomomola|Scald|p2a: Celesteela\n|-activate|p2a: Celesteela|move: Substitute|[damage]\n|move|p2a: Celesteela|Leech Seed|p1a: Alomomola|[miss]\n|-miss|p2a: Celesteela|p1a: Alomomola\n|\n|-heal|p1a: Alomomola|100\/100 tox|[from] item: Leftovers\n|-heal|p2a: Celesteela|94\/100|[from] item: Leftovers\n|-damage|p1a: Alomomola|88\/100 tox|[from] psn\n|upkeep\n|turn|80\n|\n|t:|1700332096\n|move|p1a: Alomomola|Scald|p2a: Celesteela\n|-end|p2a: Celesteela|Substitute\n|move|p2a: Celesteela|Leech Seed|p1a: Alomomola\n|-start|p1a: Alomomola|move: Leech Seed\n|\n|-heal|p1a: Alomomola|94\/100 tox|[from] item: Leftovers\n|-heal|p2a: Celesteela|99\/100|[from] item: Leftovers\n|-damage|p1a: Alomomola|82\/100 tox|[from] Leech Seed|[of] p2a: Celesteela\n|-heal|p2a: Celesteela|100\/100|[silent]\n|-damage|p1a: Alomomola|63\/100 tox|[from] psn\n|upkeep\n|turn|81\n|\n|t:|1700332109\n|switch|p1a: Tangrowth|Tangrowth, F, shiny|100\/100 par\n|move|p2a: Celesteela|Substitute|p2a: Celesteela\n|-start|p2a: Celesteela|Substitute\n|-damage|p2a: Celesteela|76\/100\n|\n|-heal|p2a: Celesteela|82\/100|[from] item: Leftovers\n|upkeep\n|turn|82\n|\n|t:|1700332119\n|move|p2a: Celesteela|Heavy Slam|p1a: Tangrowth\n|-damage|p1a: Tangrowth|75\/100 par\n|move|p1a: Tangrowth|Knock Off|p2a: Celesteela\n|-activate|p2a: Celesteela|move: Substitute|[damage]\n|\n|-heal|p2a: Celesteela|88\/100|[from] item: Leftovers\n|upkeep\n|turn|83\n|\n|t:|1700332129\n|switch|p1a: Alomomola|Alomomola, M, shiny|97\/100 tox\n|move|p2a: Celesteela|Heavy Slam|p1a: Alomomola\n|-resisted|p1a: Alomomola\n|-damage|p1a: Alomomola|85\/100 tox\n|\n|-heal|p1a: Alomomola|91\/100 tox|[from] item: Leftovers\n|-heal|p2a: Celesteela|94\/100|[from] item: Leftovers\n|-damage|p1a: Alomomola|85\/100 tox|[from] psn\n|upkeep\n|turn|84\n|\n|t:|1700332143\n|move|p1a: Alomomola|Scald|p2a: Celesteela\n|-end|p2a: Celesteela|Substitute\n|move|p2a: Celesteela|Leech Seed|p1a: Alomomola\n|-start|p1a: Alomomola|move: Leech Seed\n|\n|-heal|p1a: Alomomola|91\/100 tox|[from] item: Leftovers\n|-heal|p2a: Celesteela|99\/100|[from] item: Leftovers\n|-damage|p1a: Alomomola|78\/100 tox|[from] Leech Seed|[of] p2a: Celesteela\n|-heal|p2a: Celesteela|100\/100|[silent]\n|-damage|p1a: Alomomola|66\/100 tox|[from] psn\n|upkeep\n|turn|85\n|\n|t:|1700332156\n|switch|p1a: Tangrowth|Tangrowth, F, shiny|100\/100 par\n|move|p2a: Celesteela|Substitute|p2a: Celesteela\n|-start|p2a: Celesteela|Substitute\n|-damage|p2a: Celesteela|76\/100\n|\n|-heal|p2a: Celesteela|82\/100|[from] item: Leftovers\n|upkeep\n|turn|86\n|\n|t:|1700332171\n|switch|p1a: Alomomola|Alomomola, M, shiny|99\/100 tox\n|move|p2a: Celesteela|Heavy Slam|p1a: Alomomola\n|-resisted|p1a: Alomomola\n|-crit|p1a: Alomomola\n|-damage|p1a: Alomomola|82\/100 tox\n|\n|-heal|p1a: Alomomola|88\/100 tox|[from] item: Leftovers\n|-heal|p2a: Celesteela|88\/100|[from] item: Leftovers\n|-damage|p1a: Alomomola|82\/100 tox|[from] psn\n|upkeep\n|turn|87\n|\n|t:|1700332185\n|switch|p1a: Tangrowth|Tangrowth, F, shiny|100\/100 par\n|move|p2a: Celesteela|Leech Seed|p1a: Tangrowth\n|-immune|p1a: Tangrowth\n|\n|-heal|p2a: Celesteela|94\/100|[from] item: Leftovers\n|upkeep\n|turn|88\n|\n|t:|1700332199\n|switch|p1a: Alomomola|Alomomola, M, shiny|100\/100 tox\n|move|p2a: Celesteela|Heavy Slam|p1a: Alomomola\n|-resisted|p1a: Alomomola\n|-damage|p1a: Alomomola|89\/100 tox\n|\n|-heal|p1a: Alomomola|95\/100 tox|[from] item: Leftovers\n|-heal|p2a: Celesteela|99\/100|[from] item: Leftovers\n|-damage|p1a: Alomomola|89\/100 tox|[from] psn\n|upkeep\n|turn|89\n|inactive|Vaconsio1 has 120 seconds left.\n|\n|t:|1700332222\n|switch|p1a: Tangrowth|Tangrowth, F, shiny|100\/100 par\n|switch|p2a: Clodsire|Clodsire, F|100\/100\n|\n|upkeep\n|turn|90\n|\n|t:|1700332237\n|switch|p2a: Deoxys|Deoxys-Defense|88\/100 par\n|-ability|p2a: Deoxys|Pressure\n|switch|p1a: Alomomola|Alomomola, M, shiny|100\/100 tox\n|\n|-damage|p1a: Alomomola|94\/100 tox|[from] psn\n|upkeep\n|turn|91\n|\n|t:|1700332252\n|move|p1a: Alomomola|Scald|p2a: Deoxys\n|-damage|p2a: Deoxys|79\/100 par\n|cant|p2a: Deoxys|par\n|\n|-heal|p1a: Alomomola|100\/100 tox|[from] item: Leftovers\n|-damage|p1a: Alomomola|88\/100 tox|[from] psn\n|upkeep\n|turn|92\n|\n|t:|1700332261\n|switch|p1a: Tangrowth|Tangrowth, F, shiny|100\/100 par\n|move|p2a: Deoxys|Wrap|p1a: Tangrowth\n|-damage|p1a: Tangrowth|99\/100 par\n|-activate|p1a: Tangrowth|move: Wrap|[of] p2a: Deoxys\n|\n|-damage|p1a: Tangrowth|86\/100 par|[from] move: Wrap|[partiallytrapped]\n|upkeep\n|turn|93\n|\n|t:|1700332272\n|switch|p2a: Celesteela|Celesteela|99\/100\n|move|p1a: Tangrowth|Knock Off|p2a: Celesteela\n|-damage|p2a: Celesteela|83\/100\n|-enditem|p2a: Celesteela|Leftovers|[from] move: Knock Off|[of] p1a: Tangrowth\n|\n|-end|p1a: Tangrowth|Wrap|[partiallytrapped]|[silent]\n|upkeep\n|turn|94\n|\n|t:|1700332286\n|move|p2a: Celesteela|Substitute|p2a: Celesteela\n|-start|p2a: Celesteela|Substitute\n|-damage|p2a: Celesteela|59\/100\n|move|p1a: Tangrowth|Body Slam|p2a: Celesteela\n|-resisted|p2a: Celesteela\n|-activate|p2a: Celesteela|move: Substitute|[damage]\n|\n|upkeep\n|turn|95\n|\n|t:|1700332295\n|switch|p1a: Alomomola|Alomomola, M, shiny|100\/100 tox\n|move|p2a: Celesteela|Heavy Slam|p1a: Alomomola\n|-resisted|p1a: Alomomola\n|-damage|p1a: Alomomola|88\/100 tox\n|\n|-heal|p1a: Alomomola|95\/100 tox|[from] item: Leftovers\n|-damage|p1a: Alomomola|88\/100 tox|[from] psn\n|upkeep\n|turn|96\n|inactive|Vaconsio1 has 90 seconds left.\n|\n|t:|1700332306\n|move|p1a: Alomomola|Scald|p2a: Celesteela\n|-activate|p2a: Celesteela|move: Substitute|[damage]\n|move|p2a: Celesteela|Heavy Slam|p1a: Alomomola\n|-resisted|p1a: Alomomola\n|-damage|p1a: Alomomola|76\/100 tox\n|\n|-heal|p1a: Alomomola|82\/100 tox|[from] item: Leftovers\n|-damage|p1a: Alomomola|70\/100 tox|[from] psn\n|upkeep\n|turn|97\n|inactive|Vaconsio1 has 90 seconds left.\n|\n|t:|1700332318\n|switch|p1a: Tangrowth|Tangrowth, F, shiny|100\/100 par\n|move|p2a: Celesteela|Leech Seed|p1a: Tangrowth\n|-immune|p1a: Tangrowth\n|\n|upkeep\n|turn|98\n|\n|t:|1700332334\n|switch|p2a: Deoxys|Deoxys-Defense|79\/100 par\n|-ability|p2a: Deoxys|Pressure\n|move|p1a: Tangrowth|Knock Off|p2a: Deoxys\n|-supereffective|p2a: Deoxys\n|-damage|p2a: Deoxys|58\/100 par\n|\n|upkeep\n|turn|99\n|\n|t:|1700332343\n|switch|p1a: Mienshao|Mienshao, F, shiny|100\/100 tox\n|move|p2a: Deoxys|Wrap|p1a: Mienshao\n|-damage|p1a: Mienshao|96\/100 tox\n|-activate|p1a: Mienshao|move: Wrap|[of] p2a: Deoxys\n|\n|-damage|p1a: Mienshao|90\/100 tox|[from] psn\n|-damage|p1a: Mienshao|78\/100 tox|[from] move: Wrap|[partiallytrapped]\n|upkeep\n|turn|100\n|\n|t:|1700332356\n|move|p1a: Mienshao|U-turn|p2a: Deoxys\n|-supereffective|p2a: Deoxys\n|-damage|p2a: Deoxys|27\/100 par\n|\n|t:|1700332361\n|switch|p1a: Tornadus|Tornadus-Therian, M, shiny|100\/100|[from] U-turn\n|cant|p2a: Deoxys|par\n|\n|upkeep\n|turn|101\n|\n|t:|1700332372\n|switch|p2a: Clodsire|Clodsire, F|100\/100\n|move|p1a: Tornadus|Bleakwind Storm|p2a: Clodsire\n|-damage|p2a: Clodsire|68\/100\n|\n|-heal|p2a: Clodsire|74\/100|[from] item: Black Sludge\n|upkeep\n|turn|102\n|\n|t:|1700332384\n|switch|p1a: Mienshao|Mienshao, F, shiny|100\/100 tox\n|move|p2a: Clodsire|Toxic|p1a: Mienshao\n|-fail|p1a: Mienshao|tox\n|\n|-heal|p2a: Clodsire|80\/100|[from] item: Black Sludge\n|-damage|p1a: Mienshao|94\/100 tox|[from] psn\n|upkeep\n|turn|103\n|\n|t:|1700332395\n|move|p1a: Mienshao|Ice Spinner|p2a: Clodsire\n|-supereffective|p2a: Clodsire\n|-damage|p2a: Clodsire|43\/100\n|move|p2a: Clodsire|Toxic|p1a: Mienshao\n|-fail|p1a: Mienshao|tox\n|\n|-heal|p2a: Clodsire|49\/100|[from] item: Black Sludge\n|-damage|p1a: Mienshao|82\/100 tox|[from] psn\n|upkeep\n|turn|104\n|\n|t:|1700332405\n|move|p1a: Mienshao|U-turn|p2a: Clodsire\n|-resisted|p2a: Clodsire\n|-damage|p2a: Clodsire|41\/100\n|\n|t:|1700332411\n|switch|p1a: Alomomola|Alomomola, M, shiny|100\/100 tox|[from] U-turn\n|move|p2a: Clodsire|Recover|p2a: Clodsire\n|-heal|p2a: Clodsire|91\/100\n|\n|-heal|p2a: Clodsire|98\/100|[from] item: Black Sludge\n|-damage|p1a: Alomomola|94\/100 tox|[from] psn\n|upkeep\n|turn|105\n|inactive|Vaconsio1 has 60 seconds left.\n|\n|t:|1700332424\n|move|p1a: Alomomola|Wish|p1a: Alomomola\n|move|p2a: Clodsire|Yawn||[still]\n|-fail|p2a: Clodsire\n|\n|-heal|p1a: Alomomola|100\/100 tox|[from] item: Leftovers\n|-heal|p2a: Clodsire|100\/100|[from] item: Black Sludge\n|-damage|p1a: Alomomola|88\/100 tox|[from] psn\n|upkeep\n|turn|106\n|inactive|Vaconsio1 has 60 seconds left.\n|\n|t:|1700332436\n|switch|p1a: Mienshao|Mienshao, F, shiny|100\/100 tox\n|switch|p2a: Deoxys|Deoxys-Defense|27\/100 par\n|-ability|p2a: Deoxys|Pressure\n|\n|-damage|p1a: Mienshao|94\/100 tox|[from] psn\n|upkeep\n|turn|107\n|\n|t:|1700332450\n|switch|p2a: Toxapex|Toxapex, F, shiny|100\/100\n|move|p1a: Mienshao|U-turn|p2a: Toxapex\n|-resisted|p2a: Toxapex\n|-damage|p2a: Toxapex|93\/100\n|\n|t:|1700332461\n|switch|p1a: Tornadus|Tornadus-Therian, M, shiny|100\/100|[from] U-turn\n|\n|upkeep\n|turn|108\n|\n|t:|1700332470\n|switch|p1a: Mienshao|Mienshao, F, shiny|100\/100 tox\n|move|p2a: Toxapex|Infestation|p1a: Mienshao\n|-resisted|p1a: Mienshao\n|-damage|p1a: Mienshao|98\/100 tox\n|-activate|p1a: Mienshao|move: Infestation|[of] p2a: Toxapex\n|\n|-damage|p1a: Mienshao|92\/100 tox|[from] psn\n|-damage|p1a: Mienshao|79\/100 tox|[from] move: Infestation|[partiallytrapped]\n|upkeep\n|turn|109\n|\n|t:|1700332483\n|move|p2a: Toxapex|Baneful Bunker|p2a: Toxapex\n|-singleturn|p2a: Toxapex|move: Protect\n|move|p1a: Mienshao|U-turn|p2a: Toxapex\n|-activate|p2a: Toxapex|move: Protect\n|\n|-damage|p1a: Mienshao|67\/100 tox|[from] psn\n|-damage|p1a: Mienshao|54\/100 tox|[from] move: Infestation|[partiallytrapped]\n|upkeep\n|turn|110\n|\n|t:|1700332494\n|move|p2a: Toxapex|Baneful Bunker|p2a: Toxapex\n|-singleturn|p2a: Toxapex|move: Protect\n|move|p1a: Mienshao|U-turn|p2a: Toxapex\n|-activate|p2a: Toxapex|move: Protect\n|\n|-damage|p1a: Mienshao|35\/100 tox|[from] psn\n|-damage|p1a: Mienshao|23\/100 tox|[from] move: Infestation|[partiallytrapped]\n|upkeep\n|turn|111\n|\n|t:|1700332504\n|move|p2a: Toxapex|Baneful Bunker|p2a: Toxapex\n|-singleturn|p2a: Toxapex|move: Protect\n|move|p1a: Mienshao|U-turn|p2a: Toxapex\n|-activate|p2a: Toxapex|move: Protect\n|\n|-damage|p1a: Mienshao|0 fnt|[from] psn\n|faint|p1a: Mienshao\n|upkeep\n|c|\u2606830r|OOOOOH\n|inactive|Vaconsio1 has 30 seconds left.\n|\n|t:|1700332520\n|switch|p1a: Toxapex|Toxapex, M, shiny|100\/100\n|turn|112\n|inactive|Vaconsio1 has 30 seconds left.\n|\n|t:|1700332527\n|move|p2a: Toxapex|Infestation|p1a: Toxapex\n|-resisted|p1a: Toxapex\n|-damage|p1a: Toxapex|99\/100\n|-activate|p1a: Toxapex|move: Infestation|[of] p2a: Toxapex\n|move|p1a: Toxapex|Scald|p2a: Toxapex\n|-resisted|p2a: Toxapex\n|-damage|p2a: Toxapex|86\/100\n|\n|-heal|p1a: Toxapex|100\/100|[from] item: Black Sludge\n|-damage|p1a: Toxapex|88\/100|[from] move: Infestation|[partiallytrapped]\n|upkeep\n|turn|113\n|inactive|Vaconsio1 has 30 seconds left.\n|\n|t:|1700332538\n|move|p2a: Toxapex|Infestation|p1a: Toxapex\n|-resisted|p1a: Toxapex\n|-damage|p1a: Toxapex|87\/100\n|move|p1a: Toxapex|Scald|p2a: Toxapex\n|-resisted|p2a: Toxapex\n|-damage|p2a: Toxapex|80\/100\n|-status|p2a: Toxapex|brn\n|\n|-heal|p1a: Toxapex|93\/100|[from] item: Black Sludge\n|-damage|p2a: Toxapex|74\/100 brn|[from] brn\n|-damage|p1a: Toxapex|81\/100|[from] move: Infestation|[partiallytrapped]\n|upkeep\n|turn|114\n|inactive|Vaconsio1 has 30 seconds left this turn.\n|inactive|Vaconsio1 has 20 seconds left.\n|\n|t:|1700332552\n|switch|p2a: Clodsire|Clodsire, F|100\/100\n|move|p1a: Toxapex|Knock Off|p2a: Clodsire\n|-damage|p2a: Clodsire|91\/100\n|-enditem|p2a: Clodsire|Black Sludge|[from] move: Knock Off|[of] p1a: Toxapex\n|\n|-heal|p1a: Toxapex|87\/100|[from] item: Black Sludge\n|-end|p1a: Toxapex|Infestation|[partiallytrapped]|[silent]\n|upkeep\n|turn|115\n|inactive|Vaconsio1 has 25 seconds left this turn.\n|inactive|Vaconsio1 has 20 seconds left.\n|inactive|Vaconsio1 has 15 seconds left.\n|\n|t:|1700332562\n|move|p1a: Toxapex|Scald|p2a: Clodsire\n|-heal|p2a: Clodsire|100\/100|[from] ability: Water Absorb|[of] p1a: Toxapex\n|move|p2a: Clodsire|Yawn|p1a: Toxapex\n|-start|p1a: Toxapex|move: Yawn|[of] p2a: Clodsire\n|\n|-heal|p1a: Toxapex|93\/100|[from] item: Black Sludge\n|upkeep\n|turn|116\n|inactive|Vaconsio1 has 20 seconds left this turn.\n|inactive|Vaconsio1 has 15 seconds left.\n|\n|t:|1700332576\n|switch|p1a: Tangrowth|Tangrowth, F, shiny|100\/100 par\n|move|p2a: Clodsire|Toxic Spikes|p1a: Tangrowth\n|-sidestart|p1: Vaconsio1|move: Toxic Spikes\n|\n|upkeep\n|turn|117\n|inactive|Vaconsio1 has 20 seconds left this turn.\n|inactive|Vaconsio1 has 15 seconds left.\n|\n|t:|1700332589\n|move|p2a: Clodsire|Toxic||[still]\n|-fail|p2a: Clodsire\n|move|p1a: Tangrowth|Earthquake|p2a: Clodsire\n|-supereffective|p2a: Clodsire\n|-damage|p2a: Clodsire|69\/100\n|\n|upkeep\n|turn|118\n|inactive|Vaconsio1 has 20 seconds left this turn.\n|inactive|Vaconsio1 has 15 seconds left.\n|\n|t:|1700332595\n|switch|p2a: Celesteela|Celesteela|59\/100\n|move|p1a: Tangrowth|Body Slam|p2a: Celesteela\n|-resisted|p2a: Celesteela\n|-damage|p2a: Celesteela|51\/100\n|\n|upkeep\n|turn|119\n|inactive|Vaconsio1 has 20 seconds left this turn.\n|inactive|Vaconsio1 has 15 seconds left.\n|\n|t:|1700332603\n|move|p2a: Celesteela|Substitute|p2a: Celesteela\n|-start|p2a: Celesteela|Substitute\n|-damage|p2a: Celesteela|26\/100\n|cant|p1a: Tangrowth|par\n|\n|upkeep\n|turn|120\n|inactive|Vaconsio1 has 20 seconds left this turn.\n|inactive|Vaconsio1 has 15 seconds left.\n|\n|t:|1700332612\n|switch|p1a: Toxapex|Toxapex, M, shiny|100\/100\n|-sideend|p1: Vaconsio1|move: Toxic Spikes|[of] p1a: Toxapex\n|move|p2a: Celesteela|Heavy Slam|p1a: Toxapex\n|-resisted|p1a: Toxapex\n|-damage|p1a: Toxapex|84\/100\n|\n|-heal|p1a: Toxapex|91\/100|[from] item: Black Sludge\n|upkeep\n|turn|121\n|inactive|Vaconsio1 has 20 seconds left this turn.\n|inactive|Vaconsio1 has 15 seconds left.\n|inactive|Vaconsio1 has 10 seconds left.\n|\n|t:|1700332622\n|move|p1a: Toxapex|Baneful Bunker|p1a: Toxapex\n|-singleturn|p1a: Toxapex|move: Protect\n|move|p2a: Celesteela|Leech Seed|p1a: Toxapex\n|-activate|p1a: Toxapex|move: Protect\n|\n|-heal|p1a: Toxapex|97\/100|[from] item: Black Sludge\n|upkeep\n|turn|122\n|inactive|Vaconsio1 has 15 seconds left this turn.\n|inactive|Vaconsio1 has 10 seconds left.\n|\n|t:|1700332633\n|switch|p2a: Deoxys|Deoxys-Defense|27\/100 par\n|-ability|p2a: Deoxys|Pressure\n|switch|p1a: Tangrowth|Tangrowth, F, shiny|100\/100 par\n|\n|upkeep\n|turn|123\n|inactive|Vaconsio1 has 15 seconds left this turn.\n|inactive|Vaconsio1 has 10 seconds left.\n|\n|t:|1700332641\n|cant|p2a: Deoxys|par\n|move|p1a: Tangrowth|Power Whip|p2a: Deoxys\n|-damage|p2a: Deoxys|0 fnt\n|faint|p2a: Deoxys\n|\n|upkeep\n|inactive|Vaconsio1 has 15 seconds left this turn.\n|\n|t:|1700332655\n|switch|p2a: Toxapex|Toxapex, F, shiny|100\/100 brn\n|turn|124\n|inactive|Vaconsio1 has 20 seconds left this turn.\n|inactive|Vaconsio1 has 15 seconds left.\n|\n|t:|1700332662\n|move|p2a: Toxapex|Infestation|p1a: Tangrowth\n|-supereffective|p1a: Tangrowth\n|-damage|p1a: Tangrowth|96\/100 par\n|-activate|p1a: Tangrowth|move: Infestation|[of] p2a: Toxapex\n|move|p1a: Tangrowth|Earthquake|p2a: Toxapex\n|-supereffective|p2a: Toxapex\n|-damage|p2a: Toxapex|66\/100 brn\n|\n|-damage|p2a: Toxapex|60\/100 brn|[from] brn\n|-damage|p1a: Tangrowth|84\/100 par|[from] move: Infestation|[partiallytrapped]\n|upkeep\n|turn|125\n|inactive|Vaconsio1 has 20 seconds left this turn.\n|inactive|Vaconsio1 has 15 seconds left.\n|inactive|Vaconsio1 has 10 seconds left.\n|\n|t:|1700332673\n|move|p2a: Toxapex|Baneful Bunker|p2a: Toxapex\n|-singleturn|p2a: Toxapex|move: Protect\n|cant|p1a: Tangrowth|par\n|\n|-damage|p2a: Toxapex|54\/100 brn|[from] brn\n|-damage|p1a: Tangrowth|71\/100 par|[from] move: Infestation|[partiallytrapped]\n|upkeep\n|turn|126\n|inactive|Vaconsio1 has 15 seconds left this turn.\n|inactive|Vaconsio1 has 10 seconds left.\n|\n|t:|1700332683\n|move|p2a: Toxapex|Recover|p2a: Toxapex\n|-heal|p2a: Toxapex|100\/100 brn\n|move|p1a: Tangrowth|Earthquake|p2a: Toxapex\n|-supereffective|p2a: Toxapex\n|-damage|p2a: Toxapex|69\/100 brn\n|\n|-damage|p2a: Toxapex|63\/100 brn|[from] brn\n|-damage|p1a: Tangrowth|59\/100 par|[from] move: Infestation|[partiallytrapped]\n|upkeep\n|turn|127\n|inactive|Vaconsio1 has 15 seconds left this turn.\n|inactive|Vaconsio1 has 10 seconds left.\n|inactive|Vaconsio1 has 5 seconds left.\n|\n|t:|1700332694\n|switch|p2a: Celesteela|Celesteela|26\/100\n|move|p1a: Tangrowth|Body Slam|p2a: Celesteela\n|-resisted|p2a: Celesteela\n|-damage|p2a: Celesteela|19\/100\n|-status|p2a: Celesteela|par\n|\n|-end|p1a: Tangrowth|Infestation|[partiallytrapped]|[silent]\n|upkeep\n|turn|128\n|inactive|Vaconsio1 has 10 seconds left this turn.\n|inactive|Vaconsio1 has 5 seconds left.\n|-message|Vaconsio1 lost due to inactivity.\n|\n|win|830r\n|raw|Vaconsio1's rating: 1265 &rarr; <strong>1239<\/strong><br \/>(-26 for losing)\n|raw|830r's rating: 1255 &rarr; <strong>1281<\/strong><br \/>(+26 for winning)\n","uploadtime":1700332708,"views":7,"p1id":"vaconsio1","p2id":"830r","formatid":"gen9nationaldex","rating":1239,"private":0,"password":""}