{"id":"gen9nationaldex-1993267316","p1":"DreamFreedom","p2":"roberticochamp1","format":"[Gen 9] National Dex","log":"|j|\u2606DreamFreedom\n|j|\u2606roberticochamp1\n|t:|1700287060\n|gametype|singles\n|player|p1|DreamFreedom|bianca|1614\n|player|p2|roberticochamp1|lucas|1533\n|teamsize|p1|6\n|teamsize|p2|6\n|gen|9\n|tier|[Gen 9] National Dex\n|rated|\n|rule|HP Percentage Mod: HP is shown in percentages\n|rule|Endless Battle Clause: Forcing endless battles is banned\n|rule|OHKO Clause: OHKO moves are banned\n|rule|Evasion Clause: Evasion abilities, items, and moves are banned\n|rule|Evasion Abilities Clause: Evasion abilities are banned\n|rule|Evasion Items Clause: Evasion items are banned\n|rule|Evasion Moves Clause: Evasion moves are banned\n|rule|Species Clause: Limit one of each Pok\u00e9mon\n|rule|Sleep Clause Mod: Limit one foe put to sleep\n|clearpoke\n|poke|p1|Kyurem|\n|poke|p1|Moltres|\n|poke|p1|Garchomp, F|\n|poke|p1|Tapu Lele|\n|poke|p1|Sneasler, M|\n|poke|p1|Ogerpon-Wellspring, F|\n|poke|p2|Kommo-o, M|\n|poke|p2|Alomomola, M|\n|poke|p2|Clodsire, F|\n|poke|p2|Hoopa-Unbound|\n|poke|p2|Bronzong|\n|poke|p2|Azumarill, F|\n|teampreview\n|\n|t:|1700287071\n|start\n|switch|p1a: Moltres|Moltres|100\/100\n|switch|p2a: Clodsire|Clodsire, F|100\/100\n|turn|1\n|\n|t:|1700287079\n|move|p1a: Moltres|U-turn|p2a: Clodsire\n|-resisted|p2a: Clodsire\n|-damage|p2a: Clodsire|93\/100\n|\n|t:|1700287081\n|switch|p1a: Garchomp|Garchomp, F|100\/100|[from] U-turn\n|move|p2a: Clodsire|Toxic|p1a: Garchomp\n|-status|p1a: Garchomp|tox\n|\n|-heal|p2a: Clodsire|99\/100|[from] item: Leftovers\n|-damage|p1a: Garchomp|94\/100 tox|[from] psn\n|upkeep\n|turn|2\n|\n|t:|1700287094\n|switch|p2a: Alomomola|Alomomola, M|100\/100\n|move|p1a: Garchomp|Stealth Rock|p2a: Alomomola\n|-sidestart|p2: roberticochamp1|move: Stealth Rock\n|\n|-damage|p1a: Garchomp|82\/100 tox|[from] psn\n|upkeep\n|turn|3\n|\n|t:|1700287105\n|move|p1a: Garchomp|Toxic|p2a: Alomomola\n|-status|p2a: Alomomola|tox\n|move|p2a: Alomomola|Whirlpool|p1a: Garchomp\n|-damage|p1a: Garchomp|77\/100 tox\n|-activate|p1a: Garchomp|move: Whirlpool|[of] p2a: Alomomola\n|\n|-damage|p1a: Garchomp|58\/100 tox|[from] psn\n|-damage|p2a: Alomomola|94\/100 tox|[from] psn\n|-damage|p1a: Garchomp|46\/100 tox|[from] move: Whirlpool|[partiallytrapped]\n|upkeep\n|turn|4\n|\n|t:|1700287115\n|move|p2a: Alomomola|Wish|p2a: Alomomola\n|move|p1a: Garchomp|Dragon Tail|p2a: Alomomola\n|-crit|p2a: Alomomola\n|-damage|p2a: Alomomola|72\/100 tox\n|drag|p2a: Kommo-o|Kommo-o, M|100\/100\n|-damage|p2a: Kommo-o|94\/100|[from] Stealth Rock\n|\n|-damage|p1a: Garchomp|21\/100 tox|[from] psn\n|-end|p1a: Garchomp|Whirlpool|[partiallytrapped]|[silent]\n|upkeep\n|turn|5\n|\n|t:|1700287132\n|switch|p1a: Tapu Lele|Tapu Lele|100\/100\n|-fieldstart|move: Psychic Terrain|[from] ability: Psychic Surge|[of] p1a: Tapu Lele\n|move|p2a: Kommo-o|Aura Sphere|p1a: Tapu Lele\n|-resisted|p1a: Tapu Lele\n|-damage|p1a: Tapu Lele|91\/100\n|\n|-heal|p2a: Kommo-o|100\/100|[from] move: Wish|[wisher] Alomomola\n|upkeep\n|turn|6\n|\n|t:|1700287147\n|-terastallize|p2a: Kommo-o|Normal\n|move|p1a: Tapu Lele|Focus Blast|p2a: Kommo-o\n|-immune|p2a: Kommo-o|[from] ability: Bulletproof\n|move|p2a: Kommo-o|Boomburst|p1a: Tapu Lele\n|-damage|p1a: Tapu Lele|29\/100\n|-enditem|p2a: Kommo-o|Throat Spray\n|-boost|p2a: Kommo-o|spa|1|[from] item: Throat Spray\n|\n|upkeep\n|turn|7\n|\n|t:|1700287162\n|switch|p1a: Garchomp|Garchomp, F|21\/100 tox\n|move|p2a: Kommo-o|Clangorous Soul|p2a: Kommo-o\n|-boost|p2a: Kommo-o|atk|1\n|-boost|p2a: Kommo-o|def|1\n|-boost|p2a: Kommo-o|spa|1\n|-boost|p2a: Kommo-o|spd|1\n|-boost|p2a: Kommo-o|spe|1\n|-damage|p2a: Kommo-o|68\/100\n|\n|-damage|p1a: Garchomp|15\/100 tox|[from] psn\n|upkeep\n|turn|8\n|\n|t:|1700287173\n|move|p2a: Kommo-o|Boomburst|p1a: Garchomp\n|-damage|p1a: Garchomp|0 fnt\n|faint|p1a: Garchomp\n|\n|upkeep\n|\n|t:|1700287175\n|switch|p1a: Sneasler|Sneasler, M|100\/100\n|-enditem|p1a: Sneasler|Psychic Seed\n|-boost|p1a: Sneasler|spd|1|[from] item: Psychic Seed\n|turn|9\n|\n|t:|1700287181\n|move|p1a: Sneasler|Close Combat|p2a: Kommo-o\n|-supereffective|p2a: Kommo-o\n|-damage|p2a: Kommo-o|0 fnt\n|-unboost|p1a: Sneasler|def|1\n|-unboost|p1a: Sneasler|spd|1\n|faint|p2a: Kommo-o\n|\n|-fieldend|move: Psychic Terrain\n|upkeep\n|\n|t:|1700287195\n|switch|p2a: Bronzong|Bronzong|100\/100\n|-damage|p2a: Bronzong|94\/100|[from] Stealth Rock\n|turn|10\n|\n|t:|1700287206\n|switch|p1a: Moltres|Moltres|100\/100\n|move|p2a: Bronzong|Iron Defense|p2a: Bronzong\n|-boost|p2a: Bronzong|def|2\n|\n|-heal|p2a: Bronzong|100\/100|[from] item: Leftovers\n|upkeep\n|turn|11\n|\n|t:|1700287213\n|move|p1a: Moltres|Mystical Fire|p2a: Bronzong\n|-supereffective|p2a: Bronzong\n|-damage|p2a: Bronzong|53\/100\n|-unboost|p2a: Bronzong|spa|1\n|move|p2a: Bronzong|Calm Mind|p2a: Bronzong\n|-boost|p2a: Bronzong|spa|1\n|-boost|p2a: Bronzong|spd|1\n|\n|-heal|p2a: Bronzong|59\/100|[from] item: Leftovers\n|upkeep\n|turn|12\n|\n|t:|1700287228\n|switch|p2a: Clodsire|Clodsire, F|99\/100\n|-damage|p2a: Clodsire|93\/100|[from] Stealth Rock\n|move|p1a: Moltres|Mystical Fire|p2a: Clodsire\n|-damage|p2a: Clodsire|75\/100\n|-unboost|p2a: Clodsire|spa|1\n|\n|-heal|p2a: Clodsire|82\/100|[from] item: Leftovers\n|upkeep\n|turn|13\n|\n|t:|1700287238\n|move|p1a: Moltres|U-turn|p2a: Clodsire\n|-resisted|p2a: Clodsire\n|-damage|p2a: Clodsire|73\/100\n|\n|t:|1700287243\n|switch|p1a: Sneasler|Sneasler, M|100\/100|[from] U-turn\n|move|p2a: Clodsire|Stealth Rock|p1a: Sneasler\n|-sidestart|p1: DreamFreedom|move: Stealth Rock\n|\n|-heal|p2a: Clodsire|80\/100|[from] item: Leftovers\n|upkeep\n|turn|14\n|\n|t:|1700287254\n|-terastallize|p1a: Sneasler|Flying\n|move|p1a: Sneasler|Acrobatics|p2a: Clodsire\n|-damage|p2a: Clodsire|19\/100\n|move|p2a: Clodsire|Earthquake|p1a: Sneasler\n|-immune|p1a: Sneasler\n|\n|-heal|p2a: Clodsire|25\/100|[from] item: Leftovers\n|upkeep\n|turn|15\n|\n|t:|1700287269\n|switch|p2a: Alomomola|Alomomola, M|100\/100 tox\n|-damage|p2a: Alomomola|88\/100 tox|[from] Stealth Rock\n|move|p1a: Sneasler|Swords Dance|p1a: Sneasler\n|-boost|p1a: Sneasler|atk|2\n|\n|-heal|p2a: Alomomola|94\/100 tox|[from] item: Leftovers\n|-damage|p2a: Alomomola|88\/100 tox|[from] psn\n|upkeep\n|turn|16\n|\n|t:|1700287281\n|move|p1a: Sneasler|Close Combat|p2a: Alomomola\n|-damage|p2a: Alomomola|18\/100 tox\n|-unboost|p1a: Sneasler|def|1\n|-unboost|p1a: Sneasler|spd|1\n|move|p2a: Alomomola|Toxic|p1a: Sneasler\n|-status|p1a: Sneasler|tox\n|\n|-heal|p2a: Alomomola|25\/100 tox|[from] item: Leftovers\n|-damage|p1a: Sneasler|95\/100 tox|[from] psn\n|-damage|p2a: Alomomola|12\/100 tox|[from] psn\n|upkeep\n|turn|17\n|\n|t:|1700287294\n|switch|p2a: Clodsire|Clodsire, F|25\/100\n|-damage|p2a: Clodsire|19\/100|[from] Stealth Rock\n|move|p1a: Sneasler|Swords Dance|p1a: Sneasler\n|-boost|p1a: Sneasler|atk|2\n|\n|-heal|p2a: Clodsire|25\/100|[from] item: Leftovers\n|-damage|p1a: Sneasler|83\/100 tox|[from] psn\n|upkeep\n|turn|18\n|inactive|Battle timer is ON: inactive players will automatically lose when time's up. (requested by DreamFreedom)\n|\n|t:|1700287317\n|move|p1a: Sneasler|Acrobatics|p2a: Clodsire\n|-damage|p2a: Clodsire|0 fnt\n|faint|p2a: Clodsire\n|\n|-damage|p1a: Sneasler|65\/100 tox|[from] psn\n|upkeep\n|\n|t:|1700287329\n|switch|p2a: Alomomola|Alomomola, M|46\/100 tox\n|-damage|p2a: Alomomola|33\/100 tox|[from] Stealth Rock\n|turn|19\n|\n|t:|1700287335\n|move|p1a: Sneasler|Close Combat|p2a: Alomomola\n|-damage|p2a: Alomomola|0 fnt\n|-unboost|p1a: Sneasler|def|1\n|-unboost|p1a: Sneasler|spd|1\n|faint|p2a: Alomomola\n|\n|-damage|p1a: Sneasler|41\/100 tox|[from] psn\n|upkeep\n|\n|t:|1700287343\n|switch|p2a: Azumarill|Azumarill, F|100\/100\n|-damage|p2a: Azumarill|88\/100|[from] Stealth Rock\n|turn|20\n|\n|t:|1700287353\n|move|p2a: Azumarill|Aqua Jet|p1a: Sneasler\n|-damage|p1a: Sneasler|0 fnt\n|faint|p1a: Sneasler\n|\n|upkeep\n|\n|t:|1700287355\n|switch|p1a: Ogerpon|Ogerpon-Wellspring, F|100\/100\n|-damage|p1a: Ogerpon|88\/100|[from] Stealth Rock\n|turn|21\n|\n|t:|1700287375\n|switch|p2a: Bronzong|Bronzong|59\/100\n|-damage|p2a: Bronzong|53\/100|[from] Stealth Rock\n|move|p1a: Ogerpon|Horn Leech|p2a: Bronzong\n|-resisted|p2a: Bronzong\n|-damage|p2a: Bronzong|33\/100\n|-heal|p1a: Ogerpon|99\/100|[from] drain|[of] p2a: Bronzong\n|\n|-heal|p2a: Bronzong|39\/100|[from] item: Leftovers\n|upkeep\n|turn|22\n|\n|t:|1700287386\n|move|p1a: Ogerpon|Ivy Cudgel|p2a: Bronzong|[anim] Ivy Cudgel Water\n|-crit|p2a: Bronzong\n|-damage|p2a: Bronzong|0 fnt\n|faint|p2a: Bronzong\n|\n|upkeep\n|\n|t:|1700287392\n|switch|p2a: Hoopa|Hoopa-Unbound|100\/100\n|-damage|p2a: Hoopa|88\/100|[from] Stealth Rock\n|turn|23\n|\n|t:|1700287401\n|switch|p1a: Tapu Lele|Tapu Lele|29\/100\n|-damage|p1a: Tapu Lele|16\/100|[from] Stealth Rock\n|-fieldstart|move: Psychic Terrain|[from] ability: Psychic Surge|[of] p1a: Tapu Lele\n|move|p2a: Hoopa|Hyperspace Fury|p1a: Tapu Lele\n|-damage|p1a: Tapu Lele|0 fnt\n|-unboost|p2a: Hoopa|def|1\n|faint|p1a: Tapu Lele\n|\n|upkeep\n|\n|t:|1700287405\n|switch|p1a: Moltres|Moltres|100\/100\n|turn|24\n|\n|t:|1700287415\n|switch|p2a: Azumarill|Azumarill, F|88\/100\n|-damage|p2a: Azumarill|76\/100|[from] Stealth Rock\n|move|p1a: Moltres|U-turn|p2a: Azumarill\n|-resisted|p2a: Azumarill\n|-damage|p2a: Azumarill|68\/100\n|\n|t:|1700287417\n|switch|p1a: Ogerpon|Ogerpon-Wellspring, F|99\/100|[from] U-turn\n|-damage|p1a: Ogerpon|87\/100|[from] Stealth Rock\n|\n|upkeep\n|turn|25\n|\n|t:|1700287427\n|move|p1a: Ogerpon|Horn Leech|p2a: Azumarill\n|-supereffective|p2a: Azumarill\n|-damage|p2a: Azumarill|0 fnt\n|-heal|p1a: Ogerpon|100\/100|[from] drain|[of] p2a: Azumarill\n|faint|p2a: Azumarill\n|\n|upkeep\n|-message|roberticochamp1 forfeited.\n|\n|win|DreamFreedom\n|raw|DreamFreedom's rating: 1614 &rarr; <strong>1629<\/strong><br \/>(+15 for winning)\n|raw|roberticochamp1's rating: 1533 &rarr; <strong>1518<\/strong><br \/>(-15 for losing)\n|l|\u2606roberticochamp1\n","uploadtime":1700287442,"views":9,"p1id":"dreamfreedom","p2id":"roberticochamp1","formatid":"gen9nationaldex","rating":1518,"private":0,"password":""}