{"id":"gen9nationaldex-2000623498","p1":"PLAYB0I R0BBIE B","p2":"radlc","format":"[Gen 9] National Dex","log":"|html|<div class=\"broadcast-blue\"><strong>[Gen 9] National Dex is currently suspecting Sneasler! For information on how to participate check out the <a href=\"https:\/\/www.smogon.com\/forums\/threads\/sv-national-dex-suspect-8-just-dance.3731534\/\">suspect thread<\/a>.<\/strong><\/div>\n|j|\u2606PLAYB0I R0BBIE B\n|j|\u2606radlc\n|t:|1701211623\n|gametype|singles\n|player|p1|PLAYB0I R0BBIE B|eusine|1297\n|player|p2|radlc|rocketgrunt|1338\n|teamsize|p1|6\n|teamsize|p2|6\n|gen|9\n|tier|[Gen 9] National Dex\n|rated|\n|rule|HP Percentage Mod: HP is shown in percentages\n|rule|Endless Battle Clause: Forcing endless battles is banned\n|rule|OHKO Clause: OHKO moves are banned\n|rule|Evasion Clause: Evasion abilities, items, and moves are banned\n|rule|Evasion Abilities Clause: Evasion abilities are banned\n|rule|Evasion Items Clause: Evasion items are banned\n|rule|Evasion Moves Clause: Evasion moves are banned\n|rule|Species Clause: Limit one of each Pok\u00e9mon\n|rule|Sleep Clause Mod: Limit one foe put to sleep\n|clearpoke\n|poke|p1|Tapu Koko|\n|poke|p1|Tyranitar, F|\n|poke|p1|Iron Valiant|\n|poke|p1|Gliscor, F|\n|poke|p1|Toxapex, F|\n|poke|p1|Heatran, F|\n|poke|p2|Lilligant-Hisui, F|\n|poke|p2|Ninetales, F|\n|poke|p2|Sandy Shocks|\n|poke|p2|Scream Tail|\n|poke|p2|Torkoal, F|\n|poke|p2|Ditto|\n|teampreview\n|inactive|Battle timer is ON: inactive players will automatically lose when time's up. (requested by radlc)\n|\n|t:|1701211630\n|start\n|switch|p1a: Tyranitar|Tyranitar, F|100\/100\n|switch|p2a: Scream Tail|Scream Tail|100\/100\n|-weather|Sandstorm|[from] ability: Sand Stream|[of] p1a: Tyranitar\n|turn|1\n|\n|t:|1701211639\n|detailschange|p1a: Tyranitar|Tyranitar-Mega, F\n|-mega|p1a: Tyranitar|Tyranitar|Tyranitarite\n|move|p2a: Scream Tail|Trick||[still]\n|-fail|p2a: Scream Tail\n|move|p1a: Tyranitar|Stealth Rock|p2a: Scream Tail\n|-sidestart|p2: radlc|move: Stealth Rock\n|\n|-weather|Sandstorm|[upkeep]\n|-damage|p2a: Scream Tail|94\/100|[from] Sandstorm\n|upkeep\n|turn|2\n|\n|t:|1701211653\n|-end|p2a: Scream Tail|Protosynthesis|[silent]\n|switch|p2a: Ninetales|Ninetales, F, shiny|100\/100\n|-weather|SunnyDay|[from] ability: Drought|[of] p2a: Ninetales\n|move|p1a: Tyranitar|Stone Edge|p2a: Ninetales\n|-supereffective|p2a: Ninetales\n|-damage|p2a: Ninetales|0 fnt\n|faint|p2a: Ninetales\n|\n|-weather|SunnyDay|[upkeep]\n|upkeep\n|\n|t:|1701211664\n|switch|p2a: Lilligant|Lilligant-Hisui, F, shiny|100\/100\n|-damage|p2a: Lilligant|94\/100|[from] Stealth Rock\n|turn|3\n|\n|t:|1701211669\n|switch|p1a: Toxapex|Toxapex, F|100\/100\n|move|p2a: Lilligant|Victory Dance|p2a: Lilligant\n|-boost|p2a: Lilligant|atk|1\n|-boost|p2a: Lilligant|def|1\n|-boost|p2a: Lilligant|spe|1\n|\n|-weather|SunnyDay|[upkeep]\n|-heal|p2a: Lilligant|100\/100|[from] item: Leftovers\n|upkeep\n|turn|4\n|\n|t:|1701211680\n|move|p2a: Lilligant|Solar Blade||[still]\n|-prepare|p2a: Lilligant|Solar Blade\n|-anim|p2a: Lilligant|Solar Blade|p1a: Toxapex\n|-damage|p1a: Toxapex|42\/100\n|move|p1a: Toxapex|Haze|p1a: Toxapex\n|-clearallboost\n|\n|-weather|SunnyDay|[upkeep]\n|-heal|p1a: Toxapex|49\/100|[from] item: Leftovers\n|upkeep\n|turn|5\n|\n|t:|1701211690\n|move|p2a: Lilligant|Victory Dance|p2a: Lilligant\n|-boost|p2a: Lilligant|atk|1\n|-boost|p2a: Lilligant|def|1\n|-boost|p2a: Lilligant|spe|1\n|move|p1a: Toxapex|Toxic Spikes|p2a: Lilligant\n|-sidestart|p2: radlc|move: Toxic Spikes\n|\n|-weather|SunnyDay|[upkeep]\n|-heal|p1a: Toxapex|55\/100|[from] item: Leftovers\n|upkeep\n|turn|6\n|\n|t:|1701211699\n|switch|p1a: Tyranitar|Tyranitar-Mega, F|100\/100\n|-weather|Sandstorm|[from] ability: Sand Stream|[of] p1a: Tyranitar\n|move|p2a: Lilligant|Solar Blade||[still]\n|-prepare|p2a: Lilligant|Solar Blade\n|\n|-weather|Sandstorm|[upkeep]\n|-damage|p2a: Lilligant|94\/100|[from] Sandstorm\n|-heal|p2a: Lilligant|100\/100|[from] item: Leftovers\n|upkeep\n|turn|7\n|\n|t:|1701211710\n|switch|p1a: Toxapex|Toxapex, F|88\/100\n|move|p2a: Lilligant|Solar Blade|p1a: Toxapex|[from]lockedmove\n|-crit|p1a: Toxapex\n|-damage|p1a: Toxapex|49\/100\n|\n|-weather|Sandstorm|[upkeep]\n|-damage|p2a: Lilligant|94\/100|[from] Sandstorm\n|-damage|p1a: Toxapex|42\/100|[from] Sandstorm\n|-heal|p2a: Lilligant|100\/100|[from] item: Leftovers\n|-heal|p1a: Toxapex|49\/100|[from] item: Leftovers\n|upkeep\n|turn|8\n|\n|t:|1701211726\n|switch|p2a: Ditto|Ditto, shiny|100\/100\n|-damage|p2a: Ditto|88\/100|[from] Stealth Rock\n|-status|p2a: Ditto|psn\n|-transform|p2a: Ditto|p1a: Toxapex|[from] ability: Imposter\n|move|p1a: Toxapex|Haze|p1a: Toxapex\n|-clearallboost\n|\n|-weather|Sandstorm|[upkeep]\n|-damage|p2a: Ditto|82\/100 psn|[from] Sandstorm\n|-damage|p1a: Toxapex|42\/100|[from] Sandstorm\n|-heal|p1a: Toxapex|49\/100|[from] item: Leftovers\n|-damage|p2a: Ditto|70\/100 psn|[from] psn\n|upkeep\n|turn|9\n|\n|t:|1701211743\n|switch|p1a: Tapu Koko|Tapu Koko|100\/100\n|-fieldstart|move: Electric Terrain|[from] ability: Electric Surge|[of] p1a: Tapu Koko\n|move|p2a: Ditto|Toxic Spikes|p1a: Tapu Koko\n|-sidestart|p1: PLAYB0I R0BBIE B|move: Toxic Spikes\n|\n|-weather|Sandstorm|[upkeep]\n|-damage|p1a: Tapu Koko|94\/100|[from] Sandstorm\n|-damage|p2a: Ditto|64\/100 psn|[from] Sandstorm\n|-damage|p2a: Ditto|51\/100 psn|[from] psn\n|upkeep\n|turn|10\n|\n|t:|1701211758\n|switch|p2a: Scream Tail|Scream Tail|94\/100\n|-damage|p2a: Scream Tail|82\/100|[from] Stealth Rock\n|-status|p2a: Scream Tail|psn\n|move|p1a: Tapu Koko|Thunderbolt|p2a: Scream Tail\n|-damage|p2a: Scream Tail|56\/100 psn\n|\n|-weather|none\n|-damage|p2a: Scream Tail|44\/100 psn|[from] psn\n|upkeep\n|turn|11\n|\n|t:|1701211769\n|switch|p1a: Tyranitar|Tyranitar-Mega, F|100\/100\n|-status|p1a: Tyranitar|psn\n|-weather|Sandstorm|[from] ability: Sand Stream|[of] p1a: Tyranitar\n|move|p2a: Scream Tail|Stealth Rock|p1a: Tyranitar\n|-sidestart|p1: PLAYB0I R0BBIE B|move: Stealth Rock\n|\n|-weather|Sandstorm|[upkeep]\n|-damage|p2a: Scream Tail|38\/100 psn|[from] Sandstorm\n|-damage|p2a: Scream Tail|25\/100 psn|[from] psn\n|-damage|p1a: Tyranitar|88\/100 psn|[from] psn\n|upkeep\n|turn|12\n|inactive|radlc has 120 seconds left.\n|\n|t:|1701211794\n|-end|p2a: Scream Tail|Protosynthesis|[silent]\n|switch|p2a: Sandy Shocks|Sandy Shocks, shiny|100\/100\n|-damage|p2a: Sandy Shocks|94\/100|[from] Stealth Rock\n|-status|p2a: Sandy Shocks|psn\n|switch|p1a: Toxapex|Toxapex, F|82\/100\n|-sideend|p1: PLAYB0I R0BBIE B|move: Toxic Spikes|[of] p1a: Toxapex\n|-damage|p1a: Toxapex|69\/100|[from] Stealth Rock\n|\n|-weather|Sandstorm|[upkeep]\n|-damage|p1a: Toxapex|63\/100|[from] Sandstorm\n|-heal|p1a: Toxapex|69\/100|[from] item: Leftovers\n|-damage|p2a: Sandy Shocks|82\/100 psn|[from] psn\n|upkeep\n|turn|13\n|inactive|radlc has 120 seconds left.\n|\n|t:|1701211811\n|switch|p1a: Gliscor|Gliscor, F|100\/100\n|-damage|p1a: Gliscor|88\/100|[from] Stealth Rock\n|-terastallize|p2a: Sandy Shocks|Ice\n|move|p2a: Sandy Shocks|Tera Blast|p1a: Gliscor|[anim] Tera Blast Ice\n|-supereffective|p1a: Gliscor\n|-damage|p1a: Gliscor|0 fnt\n|faint|p1a: Gliscor\n|\n|-weather|Sandstorm|[upkeep]\n|-damage|p2a: Sandy Shocks|76\/100 psn|[from] Sandstorm\n|-damage|p2a: Sandy Shocks|64\/100 psn|[from] psn\n|upkeep\n|\n|t:|1701211819\n|switch|p1a: Iron Valiant|Iron Valiant|100\/100\n|-damage|p1a: Iron Valiant|94\/100|[from] Stealth Rock\n|-activate|p1a: Iron Valiant|ability: Quark Drive\n|-start|p1a: Iron Valiant|quarkdrivespe\n|turn|14\n|inactive|radlc has 120 seconds left.\n|\n|t:|1701211832\n|-end|p2a: Sandy Shocks|Protosynthesis|[silent]\n|switch|p2a: Scream Tail|Scream Tail|25\/100 psn\n|-damage|p2a: Scream Tail|13\/100 psn|[from] Stealth Rock\n|move|p1a: Iron Valiant|Close Combat|p2a: Scream Tail\n|-resisted|p2a: Scream Tail\n|-damage|p2a: Scream Tail|3\/100 psn\n|-unboost|p1a: Iron Valiant|def|1\n|-unboost|p1a: Iron Valiant|spd|1\n|\n|-weather|Sandstorm|[upkeep]\n|-damage|p1a: Iron Valiant|88\/100|[from] Sandstorm\n|-damage|p2a: Scream Tail|0 fnt|[from] Sandstorm\n|faint|p2a: Scream Tail\n|-end|p2a: Scream Tail|Protosynthesis|[silent]\n|upkeep\n|inactive|radlc has 120 seconds left.\n|\n|t:|1701211856\n|switch|p2a: Ditto|Ditto, shiny|85\/100 psn\n|-damage|p2a: Ditto|72\/100 psn|[from] Stealth Rock\n|-transform|p2a: Ditto|p1a: Iron Valiant|[from] ability: Imposter\n|turn|15\n|\n|t:|1701211868\n|-end|p1a: Iron Valiant|Quark Drive|[silent]\n|switch|p1a: Toxapex|Toxapex, F|100\/100\n|-damage|p1a: Toxapex|88\/100|[from] Stealth Rock\n|move|p2a: Ditto|Thunderbolt|p1a: Toxapex\n|-supereffective|p1a: Toxapex\n|-damage|p1a: Toxapex|25\/100\n|\n|-weather|none\n|-heal|p1a: Toxapex|32\/100|[from] item: Leftovers\n|-damage|p2a: Ditto|60\/100 psn|[from] psn\n|upkeep\n|turn|16\n|\n|t:|1701211880\n|switch|p1a: Heatran|Heatran, F|100\/100\n|-damage|p1a: Heatran|88\/100|[from] Stealth Rock\n|move|p2a: Ditto|Thunderbolt|p1a: Heatran\n|-crit|p1a: Heatran\n|-damage|p1a: Heatran|29\/100\n|\n|-heal|p1a: Heatran|35\/100|[from] item: Leftovers\n|-damage|p2a: Ditto|48\/100 psn|[from] psn\n|-fieldend|move: Electric Terrain\n|upkeep\n|turn|17\n|\n|t:|1701211891\n|move|p2a: Ditto|Thunderbolt|p1a: Heatran\n|-damage|p1a: Heatran|6\/100\n|move|p1a: Heatran|Earth Power|p2a: Ditto\n|-damage|p2a: Ditto|0 fnt\n|faint|p2a: Ditto\n|-end|p2a: Ditto|Quark Drive|[silent]\n|\n|-heal|p1a: Heatran|12\/100|[from] item: Leftovers\n|upkeep\n|\n|t:|1701211901\n|switch|p2a: Sandy Shocks|Sandy Shocks, shiny, tera:Ice|64\/100 psn\n|-damage|p2a: Sandy Shocks|39\/100 psn|[from] Stealth Rock\n|turn|18\n|\n|t:|1701211929\n|switch|p1a: Tyranitar|Tyranitar-Mega, F|88\/100 psn\n|-damage|p1a: Tyranitar|76\/100 psn|[from] Stealth Rock\n|-weather|Sandstorm|[from] ability: Sand Stream|[of] p1a: Tyranitar\n|move|p2a: Sandy Shocks|Volt Switch|p1a: Tyranitar\n|-damage|p1a: Tyranitar|58\/100 psn\n|\n|t:|1701211937\n|-end|p2a: Sandy Shocks|Protosynthesis|[silent]\n|switch|p2a: Torkoal|Torkoal, F|100\/100|[from] Volt Switch\n|-damage|p2a: Torkoal|75\/100|[from] Stealth Rock\n|-status|p2a: Torkoal|psn\n|-weather|SunnyDay|[from] ability: Drought|[of] p2a: Torkoal\n|\n|-weather|SunnyDay|[upkeep]\n|-damage|p1a: Tyranitar|45\/100 psn|[from] psn\n|-damage|p2a: Torkoal|63\/100 psn|[from] psn\n|upkeep\n|turn|19\n|\n|t:|1701211950\n|move|p1a: Tyranitar|Stone Edge|p2a: Torkoal\n|-supereffective|p2a: Torkoal\n|-damage|p2a: Torkoal|0 fnt\n|faint|p2a: Torkoal\n|\n|-weather|SunnyDay|[upkeep]\n|-damage|p1a: Tyranitar|33\/100 psn|[from] psn\n|upkeep\n|\n|t:|1701211964\n|switch|p2a: Lilligant|Lilligant-Hisui, F, shiny|100\/100\n|-damage|p2a: Lilligant|94\/100|[from] Stealth Rock\n|-status|p2a: Lilligant|psn\n|turn|20\n|\n|t:|1701211970\n|switch|p1a: Heatran|Heatran, F|12\/100\n|-damage|p1a: Heatran|0 fnt|[from] Stealth Rock\n|faint|p1a: Heatran\n|move|p2a: Lilligant|Victory Dance|p2a: Lilligant\n|-boost|p2a: Lilligant|atk|1\n|-boost|p2a: Lilligant|def|1\n|-boost|p2a: Lilligant|spe|1\n|\n|-weather|SunnyDay|[upkeep]\n|-heal|p2a: Lilligant|100\/100 psn|[from] item: Leftovers\n|-damage|p2a: Lilligant|88\/100 psn|[from] psn\n|upkeep\n|\n|t:|1701211975\n|switch|p1a: Tyranitar|Tyranitar-Mega, F|33\/100 psn\n|-damage|p1a: Tyranitar|21\/100 psn|[from] Stealth Rock\n|-weather|Sandstorm|[from] ability: Sand Stream|[of] p1a: Tyranitar\n|turn|21\n|\n|t:|1701211989\n|move|p2a: Lilligant|Ice Spinner|p1a: Tyranitar\n|-damage|p1a: Tyranitar|0 fnt\n|faint|p1a: Tyranitar\n|\n|-weather|Sandstorm|[upkeep]\n|-damage|p2a: Lilligant|82\/100 psn|[from] Sandstorm\n|-heal|p2a: Lilligant|88\/100 psn|[from] item: Leftovers\n|-damage|p2a: Lilligant|76\/100 psn|[from] psn\n|upkeep\n|\n|t:|1701211992\n|switch|p1a: Tapu Koko|Tapu Koko|94\/100\n|-damage|p1a: Tapu Koko|82\/100|[from] Stealth Rock\n|-fieldstart|move: Electric Terrain|[from] ability: Electric Surge|[of] p1a: Tapu Koko\n|turn|22\n|inactive|radlc has 120 seconds left.\n|\n|t:|1701212021\n|move|p2a: Lilligant|Ice Spinner|p1a: Tapu Koko\n|-damage|p1a: Tapu Koko|32\/100\n|-fieldend|move: Electric Terrain\n|move|p1a: Tapu Koko|Hidden Power|p2a: Lilligant\n|-supereffective|p2a: Lilligant\n|-damage|p2a: Lilligant|26\/100 psn\n|\n|-weather|Sandstorm|[upkeep]\n|-damage|p2a: Lilligant|20\/100 psn|[from] Sandstorm\n|-damage|p1a: Tapu Koko|26\/100|[from] Sandstorm\n|-heal|p2a: Lilligant|26\/100 psn|[from] item: Leftovers\n|-damage|p2a: Lilligant|13\/100 psn|[from] psn\n|upkeep\n|turn|23\n|inactive|radlc has 90 seconds left.\n|\n|t:|1701212044\n|switch|p1a: Toxapex|Toxapex, F|65\/100\n|-damage|p1a: Toxapex|52\/100|[from] Stealth Rock\n|move|p2a: Lilligant|Ice Spinner|p1a: Toxapex\n|-resisted|p1a: Toxapex\n|-damage|p1a: Toxapex|41\/100\n|\n|-weather|Sandstorm|[upkeep]\n|-damage|p2a: Lilligant|7\/100 psn|[from] Sandstorm\n|-damage|p1a: Toxapex|35\/100|[from] Sandstorm\n|-heal|p2a: Lilligant|13\/100 psn|[from] item: Leftovers\n|-heal|p1a: Toxapex|41\/100|[from] item: Leftovers\n|-damage|p2a: Lilligant|1\/100 psn|[from] psn\n|upkeep\n|turn|24\n|inactive|radlc has 90 seconds left.\n|\n|t:|1701212060\n|move|p2a: Lilligant|Close Combat|p1a: Toxapex\n|-resisted|p1a: Toxapex\n|-damage|p1a: Toxapex|15\/100\n|-unboost|p2a: Lilligant|def|1\n|-unboost|p2a: Lilligant|spd|1\n|move|p1a: Toxapex|Recover|p1a: Toxapex\n|-heal|p1a: Toxapex|65\/100\n|\n|-weather|Sandstorm|[upkeep]\n|-damage|p2a: Lilligant|0 fnt|[from] Sandstorm\n|-damage|p1a: Toxapex|59\/100|[from] Sandstorm\n|faint|p2a: Lilligant\n|-heal|p1a: Toxapex|65\/100|[from] item: Leftovers\n|upkeep\n|\n|t:|1701212073\n|switch|p2a: Sandy Shocks|Sandy Shocks, shiny, tera:Ice|39\/100 psn\n|-damage|p2a: Sandy Shocks|14\/100 psn|[from] Stealth Rock\n|turn|25\n|\n|t:|1701212078\n|move|p2a: Sandy Shocks|Thunderbolt|p1a: Toxapex\n|-supereffective|p1a: Toxapex\n|-damage|p1a: Toxapex|0 fnt\n|faint|p1a: Toxapex\n|\n|-weather|none\n|-damage|p2a: Sandy Shocks|2\/100 psn|[from] psn\n|upkeep\n|\n|t:|1701212083\n|switch|p1a: Tapu Koko|Tapu Koko|26\/100\n|-damage|p1a: Tapu Koko|13\/100|[from] Stealth Rock\n|-fieldstart|move: Electric Terrain|[from] ability: Electric Surge|[of] p1a: Tapu Koko\n|turn|26\n|\n|t:|1701212090\n|move|p2a: Sandy Shocks|Thunderbolt|p1a: Tapu Koko\n|-resisted|p1a: Tapu Koko\n|-damage|p1a: Tapu Koko|0 fnt\n|faint|p1a: Tapu Koko\n|\n|-damage|p2a: Sandy Shocks|0 fnt|[from] psn\n|faint|p2a: Sandy Shocks\n|-end|p2a: Sandy Shocks|Protosynthesis|[silent]\n|\n|win|PLAYB0I R0BBIE B\n|upkeep\n|raw|PLAYB0I R0BBIE B's rating: 1297 &rarr; <strong>1325<\/strong><br \/>(+28 for winning)\n|raw|radlc's rating: 1338 &rarr; <strong>1316<\/strong><br \/>(-22 for losing)\n|l|\u2606radlc\n","uploadtime":1701212103,"views":0,"p1id":"playb0ir0bbieb","p2id":"radlc","formatid":"gen9nationaldex","rating":1316,"private":0,"password":""}