{"id":"gen9nationaldex-1991275323","p1":"chill element","p2":"Blackllheart","format":"[Gen 9] National Dex","log":"|j|\u2606chill element\n|j|\u2606Blackllheart\n|t:|1700063444\n|gametype|singles\n|player|p1|chill element|265|1254\n|player|p2|Blackllheart|crasherwake|1254\n|teamsize|p1|6\n|teamsize|p2|6\n|gen|9\n|tier|[Gen 9] National Dex\n|rated|\n|rule|HP Percentage Mod: HP is shown in percentages\n|rule|Endless Battle Clause: Forcing endless battles is banned\n|rule|OHKO Clause: OHKO moves are banned\n|rule|Evasion Clause: Evasion abilities, items, and moves are banned\n|rule|Evasion Abilities Clause: Evasion abilities are banned\n|rule|Evasion Items Clause: Evasion items are banned\n|rule|Evasion Moves Clause: Evasion moves are banned\n|rule|Species Clause: Limit one of each Pok\u00e9mon\n|rule|Sleep Clause Mod: Limit one foe put to sleep\n|clearpoke\n|poke|p1|Pangoro, M|\n|poke|p1|Togekiss, F|\n|poke|p1|Ludicolo, M|\n|poke|p1|Aegislash, M|\n|poke|p1|Aerodactyl, F|\n|poke|p1|Cryogonal|\n|poke|p2|Cinderace, M|\n|poke|p2|Lopunny, F|\n|poke|p2|Enamorus, F|\n|poke|p2|Ogerpon, F|\n|poke|p2|Jirachi|\n|poke|p2|Tornadus-Therian, M|\n|teampreview\n|inactive|Battle timer is ON: inactive players will automatically lose when time's up. (requested by chill element)\n|\n|t:|1700063463\n|start\n|switch|p1a: Aerodactyl|Aerodactyl, F|100\/100\n|switch|p2a: Tornadus|Tornadus-Therian, M|100\/100\n|-ability|p1a: Aerodactyl|Unnerve\n|turn|1\n|\n|t:|1700063473\n|detailschange|p1a: Aerodactyl|Aerodactyl-Mega, F\n|-mega|p1a: Aerodactyl|Aerodactyl|Aerodactylite\n|move|p1a: Aerodactyl|Hone Claws|p1a: Aerodactyl\n|-boost|p1a: Aerodactyl|atk|1\n|-boost|p1a: Aerodactyl|accuracy|1\n|move|p2a: Tornadus|U-turn|p1a: Aerodactyl\n|-resisted|p1a: Aerodactyl\n|-damage|p1a: Aerodactyl|90\/100\n|\n|t:|1700063481\n|switch|p2a: Ogerpon|Ogerpon, F|100\/100|[from] U-turn\n|\n|upkeep\n|turn|2\n|\n|t:|1700063500\n|-terastallize|p2a: Ogerpon|Grass\n|detailschange|p2a: Ogerpon|Ogerpon-Teal-Tera, F, tera:Grass\n|-ability|p2a: Ogerpon|Embody Aspect (Teal)|boost\n|-boost|p2a: Ogerpon|spe|1\n|move|p2a: Ogerpon|Ivy Cudgel|p1a: Aerodactyl\n|-damage|p1a: Aerodactyl|10\/100\n|move|p1a: Aerodactyl|Dual Wingbeat|p2a: Ogerpon\n|-supereffective|p2a: Ogerpon\n|-damage|p2a: Ogerpon|0 fnt\n|faint|p2a: Ogerpon\n|-hitcount|p2: Ogerpon|1\n|\n|upkeep\n|\n|t:|1700063506\n|switch|p2a: Lopunny|Lopunny, F, shiny|100\/100\n|turn|3\n|\n|t:|1700063516\n|detailschange|p2a: Lopunny|Lopunny-Mega, F, shiny\n|-mega|p2a: Lopunny|Lopunny|Lopunnite\n|move|p2a: Lopunny|Fake Out|p1a: Aerodactyl\n|-resisted|p1a: Aerodactyl\n|-damage|p1a: Aerodactyl|0 fnt\n|faint|p1a: Aerodactyl\n|\n|upkeep\n|\n|t:|1700063524\n|switch|p1a: Togekiss|Togekiss, F|100\/100\n|turn|4\n|\n|t:|1700063527\n|move|p2a: Lopunny|U-turn|p1a: Togekiss\n|-resisted|p1a: Togekiss\n|-damage|p1a: Togekiss|94\/100\n|\n|t:|1700063529\n|switch|p2a: Jirachi|Jirachi|100\/100|[from] U-turn\n|move|p1a: Togekiss|Thunder Wave|p2a: Jirachi\n|-status|p2a: Jirachi|par\n|\n|-heal|p1a: Togekiss|99\/100|[from] item: Leftovers\n|upkeep\n|turn|5\n|\n|t:|1700063538\n|switch|p1a: Pangoro|Pangoro, M|100\/100\n|move|p2a: Jirachi|Meteor Mash|p1a: Pangoro\n|-damage|p1a: Pangoro|55\/100\n|\n|upkeep\n|turn|6\n|\n|t:|1700063545\n|move|p1a: Pangoro|Knock Off|p2a: Jirachi\n|-supereffective|p2a: Jirachi\n|-damage|p2a: Jirachi|0 fnt\n|-enditem|p2a: Jirachi|Assault Vest|[from] move: Knock Off|[of] p1a: Pangoro\n|faint|p2a: Jirachi\n|\n|upkeep\n|\n|t:|1700063552\n|switch|p2a: Cinderace|Cinderace, M, shiny|100\/100\n|turn|7\n|\n|t:|1700063556\n|move|p2a: Cinderace|Pyro Ball|p1a: Pangoro|[miss]\n|-miss|p2a: Cinderace|p1a: Pangoro\n|move|p1a: Pangoro|Knock Off|p2a: Cinderace\n|-damage|p2a: Cinderace|0 fnt\n|-enditem|p2a: Cinderace|Life Orb|[from] move: Knock Off|[of] p1a: Pangoro\n|faint|p2a: Cinderace\n|\n|upkeep\n|c|\u2606Blackllheart|This game is ass\n|\n|t:|1700063567\n|switch|p2a: Enamorus|Enamorus, F|100\/100\n|turn|8\n|\n|t:|1700063574\n|switch|p1a: Cryogonal|Cryogonal|100\/100\n|move|p2a: Enamorus|Superpower|p1a: Cryogonal\n|-supereffective|p1a: Cryogonal\n|-damage|p1a: Cryogonal|0 fnt\n|-boost|p2a: Enamorus|atk|1\n|-boost|p2a: Enamorus|def|1\n|faint|p1a: Cryogonal\n|\n|upkeep\n|\n|t:|1700063580\n|switch|p1a: Aegislash|Aegislash, M|100\/100\n|turn|9\n|\n|t:|1700063585\n|move|p1a: Aegislash|King's Shield|p1a: Aegislash\n|-singleturn|p1a: Aegislash|Protect\n|move|p2a: Enamorus|Play Rough|p1a: Aegislash\n|-activate|p1a: Aegislash|move: Protect\n|-boost|p2a: Enamorus|atk|1\n|\n|upkeep\n|turn|10\n|\n|t:|1700063594\n|move|p2a: Enamorus|Play Rough|p1a: Aegislash|[miss]\n|-miss|p2a: Enamorus|p1a: Aegislash\n|-formechange|p1a: Aegislash|Aegislash-Blade||[from] ability: Stance Change\n|move|p1a: Aegislash|Iron Head|p2a: Enamorus\n|-supereffective|p2a: Enamorus\n|-damage|p2a: Enamorus|0 fnt\n|faint|p2a: Enamorus\n|\n|upkeep\n|c|\u2606Blackllheart|This game is sum donkey shit terrible\n|inactive|Blackllheart has 120 seconds left.\n|n|\u203dBlackllheart|blackllheart\n|c|&|\/log Blackllheart was locked from talking by Artemis. (\u2606Blackllheart:   is sum donkey shit terrible)\n|c|&|\/raw <small>This action was done automatically. Want to learn more about the AI? <a href=\"https:\/\/www.smogon.com\/forums\/threads\/3570628\/#post-9056769\">Visit the information thread<\/a>.<\/small>\n|\n|t:|1700063632\n|switch|p2a: Tornadus|Tornadus-Therian, M|100\/100\n|turn|11\n|\n|t:|1700063640\n|-formechange|p1a: Aegislash|Aegislash||[from] ability: Stance Change\n|move|p1a: Aegislash|King's Shield|p1a: Aegislash\n|-singleturn|p1a: Aegislash|Protect\n|move|p2a: Tornadus|Knock Off|p1a: Aegislash\n|-activate|p1a: Aegislash|move: Protect\n|-unboost|p2a: Tornadus|atk|1\n|\n|upkeep\n|turn|12\n|\n|t:|1700063659\n|move|p2a: Tornadus|Knock Off|p1a: Aegislash\n|-supereffective|p1a: Aegislash\n|-damage|p1a: Aegislash|78\/100\n|-enditem|p1a: Aegislash|Leftovers|[from] move: Knock Off|[of] p2a: Tornadus\n|-formechange|p1a: Aegislash|Aegislash-Blade||[from] ability: Stance Change\n|move|p1a: Aegislash|Iron Head|p2a: Tornadus\n|-damage|p2a: Tornadus|45\/100\n|\n|-heal|p2a: Tornadus|51\/100|[from] item: Leftovers\n|upkeep\n|turn|13\n|\n|t:|1700063665\n|-formechange|p1a: Aegislash|Aegislash||[from] ability: Stance Change\n|move|p1a: Aegislash|King's Shield|p1a: Aegislash\n|-singleturn|p1a: Aegislash|Protect\n|move|p2a: Tornadus|U-turn|p1a: Aegislash\n|-activate|p1a: Aegislash|move: Protect\n|-unboost|p2a: Tornadus|atk|1\n|\n|-heal|p2a: Tornadus|57\/100|[from] item: Leftovers\n|upkeep\n|turn|14\n|\n|t:|1700063680\n|move|p2a: Tornadus|U-turn|p1a: Aegislash\n|-resisted|p1a: Aegislash\n|-damage|p1a: Aegislash|76\/100\n|\n|t:|1700063690\n|switch|p2a: Lopunny|Lopunny-Mega, F, shiny|100\/100|[from] U-turn\n|-formechange|p1a: Aegislash|Aegislash-Blade||[from] ability: Stance Change\n|move|p1a: Aegislash|Iron Head|p2a: Lopunny\n|-damage|p2a: Lopunny|38\/100\n|\n|upkeep\n|turn|15\n|\n|t:|1700063699\n|-formechange|p1a: Aegislash|Aegislash||[from] ability: Stance Change\n|move|p1a: Aegislash|King's Shield|p1a: Aegislash\n|-singleturn|p1a: Aegislash|Protect\n|move|p2a: Lopunny|High Jump Kick|p1a: Aegislash\n|-activate|p1a: Aegislash|move: Protect\n|-unboost|p2a: Lopunny|atk|1\n|-damage|p2a: Lopunny|0 fnt|[from] highjumpkick\n|faint|p2a: Lopunny\n|\n|upkeep\n|-message|Blackllheart forfeited.\n|\n|win|chill element\n|raw|chill element's rating: 1254 &rarr; <strong>1279<\/strong><br \/>(+25 for winning)\n|raw|Blackllheart's rating: 1254 &rarr; <strong>1229<\/strong><br \/>(-25 for losing)\n|l|\u203dBlackllheart\n","uploadtime":1700063625,"views":4,"p1id":"chillelement","p2id":"blackllheart","formatid":"gen9nationaldex","rating":1229,"private":0,"password":""}