{"id":"gen9nationaldex-1988861456","p1":"vexolos","p2":"Dr Allen Hu","format":"[Gen 9] National Dex","log":"|j|\u2606vexolos\n|j|\u2606Dr Allen Hu\n|t:|1699775890\n|gametype|singles\n|player|p1|vexolos|teamrocket|1044\n|player|p2|Dr Allen Hu|265|1005\n|teamsize|p1|6\n|teamsize|p2|6\n|gen|9\n|tier|[Gen 9] National Dex\n|rated|\n|rule|HP Percentage Mod: HP is shown in percentages\n|rule|Endless Battle Clause: Forcing endless battles is banned\n|rule|OHKO Clause: OHKO moves are banned\n|rule|Evasion Clause: Evasion abilities, items, and moves are banned\n|rule|Evasion Abilities Clause: Evasion abilities are banned\n|rule|Evasion Items Clause: Evasion items are banned\n|rule|Evasion Moves Clause: Evasion moves are banned\n|rule|Species Clause: Limit one of each Pok\u00e9mon\n|rule|Sleep Clause Mod: Limit one foe put to sleep\n|clearpoke\n|poke|p1|Charizard, M|\n|poke|p1|Gengar, M|\n|poke|p1|Iron Valiant|\n|poke|p1|Serperior, F|\n|poke|p1|Blastoise, M|\n|poke|p1|Scizor, M|\n|poke|p2|Umbreon, M|\n|poke|p2|Ferrothorn, F|\n|poke|p2|Toedscruel, F|\n|poke|p2|Slowbro, F|\n|poke|p2|Meowstic, M|\n|poke|p2|Clefable, M|\n|teampreview\n|inactive|Battle timer is ON: inactive players will automatically lose when time's up. (requested by Dr Allen Hu)\n|inactive|vexolos has 120 seconds left.\n|\n|t:|1699775940\n|start\n|switch|p1a: Charizard|Charizard, M, shiny|100\/100\n|switch|p2a: Meowstic|Meowstic, M|100\/100\n|turn|1\n|\n|t:|1699775950\n|detailschange|p1a: Charizard|Charizard-Mega-Y, M, shiny\n|-mega|p1a: Charizard|Charizard|Charizardite Y\n|-weather|SunnyDay|[from] ability: Drought|[of] p1a: Charizard\n|move|p2a: Meowstic|Light Screen|p2a: Meowstic\n|-sidestart|p2: Dr Allen Hu|move: Light Screen\n|move|p1a: Charizard|Flamethrower|p2a: Meowstic\n|-damage|p2a: Meowstic|68\/100\n|\n|-weather|SunnyDay|[upkeep]\n|upkeep\n|turn|2\n|\n|t:|1699775963\n|move|p2a: Meowstic|Toxic|p1a: Charizard\n|-status|p1a: Charizard|tox\n|move|p1a: Charizard|Scorching Sands|p2a: Meowstic\n|-damage|p2a: Meowstic|56\/100\n|-status|p2a: Meowstic|brn\n|\n|-weather|SunnyDay|[upkeep]\n|-damage|p1a: Charizard|94\/100 tox|[from] psn\n|-damage|p2a: Meowstic|50\/100 brn|[from] brn\n|upkeep\n|turn|3\n|\n|t:|1699775975\n|switch|p2a: Umbreon|Umbreon, M, shiny|100\/100\n|move|p1a: Charizard|Flamethrower|p2a: Umbreon\n|-damage|p2a: Umbreon|73\/100\n|\n|-weather|SunnyDay|[upkeep]\n|-heal|p2a: Umbreon|79\/100|[from] item: Leftovers\n|-damage|p1a: Charizard|82\/100 tox|[from] psn\n|upkeep\n|turn|4\n|\n|t:|1699775992\n|move|p1a: Charizard|Focus Blast|p2a: Umbreon|[miss]\n|-miss|p1a: Charizard|p2a: Umbreon\n|move|p2a: Umbreon|Foul Play|p1a: Charizard\n|-damage|p1a: Charizard|45\/100 tox\n|\n|-weather|SunnyDay|[upkeep]\n|-heal|p2a: Umbreon|85\/100|[from] item: Leftovers\n|-damage|p1a: Charizard|27\/100 tox|[from] psn\n|upkeep\n|turn|5\n|\n|t:|1699776001\n|move|p1a: Charizard|Focus Blast|p2a: Umbreon|[miss]\n|-miss|p1a: Charizard|p2a: Umbreon\n|move|p2a: Umbreon|Moonlight|p2a: Umbreon\n|-heal|p2a: Umbreon|100\/100\n|\n|-weather|none\n|-damage|p1a: Charizard|3\/100 tox|[from] psn\n|upkeep\n|turn|6\n|c|\u2606vexolos|oh my fucking god bro\n|c|\u2606vexolos|every game\n|\n|t:|1699776009\n|switch|p2a: Slowbro|Slowbro, F|100\/100\n|move|p1a: Charizard|Focus Blast|p2a: Slowbro|[miss]\n|-miss|p1a: Charizard|p2a: Slowbro\n|\n|-damage|p1a: Charizard|0 fnt|[from] psn\n|faint|p1a: Charizard\n|upkeep\n|c|\u2606vexolos|every single FUCKING GAME\n|c|\u2606vexolos|WHAT THE FUCK MAN\n|c|\u2606vexolos|FUCK\n|\n|t:|1699776034\n|switch|p1a: Scizor|Scizor, M|100\/100\n|turn|7\n|\n|t:|1699776047\n|move|p1a: Scizor|Swords Dance|p1a: Scizor\n|-boost|p1a: Scizor|atk|2\n|move|p2a: Slowbro|Flamethrower|p1a: Scizor\n|-supereffective|p1a: Scizor\n|-damage|p1a: Scizor|0 fnt\n|faint|p1a: Scizor\n|\n|upkeep\n|c|\u2606vexolos|who the fuck has slowbro with flamethrower\n|c|\u2606vexolos|why can it even learn that\n|inactive|vexolos has 120 seconds left.\n|c|\u2606vexolos|what the fuckkkkk\n|\n|t:|1699776074\n|switch|p1a: Gengar|Gengar, M|100\/100\n|turn|8\n|inactive|vexolos has 120 seconds left.\n|\n|t:|1699776102\n|-zpower|p1a: Gengar\n|move|p1a: Gengar|Never-Ending Nightmare|p2a: Slowbro|[zeffect]\n|-supereffective|p2a: Slowbro\n|-damage|p2a: Slowbro|42\/100\n|move|p2a: Slowbro|Psychic|p1a: Gengar\n|-supereffective|p1a: Gengar\n|-damage|p1a: Gengar|0 fnt\n|faint|p1a: Gengar\n|\n|-heal|p2a: Slowbro|48\/100|[from] item: Leftovers\n|-sideend|p2: Dr Allen Hu|move: Light Screen\n|upkeep\n|\n|t:|1699776128\n|switch|p1a: Serperior|Serperior, F|100\/100\n|turn|9\n|\n|t:|1699776134\n|move|p1a: Serperior|Leaf Storm|p2a: Slowbro\n|-supereffective|p2a: Slowbro\n|-damage|p2a: Slowbro|0 fnt\n|-boost|p1a: Serperior|spa|2\n|faint|p2a: Slowbro\n|\n|upkeep\n|\n|t:|1699776138\n|switch|p2a: Meowstic|Meowstic, M|50\/100 brn\n|turn|10\n|\n|t:|1699776149\n|move|p2a: Meowstic|Toxic|p1a: Serperior\n|-status|p1a: Serperior|tox\n|move|p1a: Serperior|Leaf Storm|p2a: Meowstic\n|-damage|p2a: Meowstic|0 fnt\n|-boost|p1a: Serperior|spa|2\n|faint|p2a: Meowstic\n|\n|-damage|p1a: Serperior|94\/100 tox|[from] psn\n|upkeep\n|\n|t:|1699776164\n|switch|p2a: Toedscruel|Toedscruel, F|100\/100\n|turn|11\n|inactive|vexolos has 120 seconds left.\n|\n|t:|1699776173\n|-terastallize|p1a: Serperior|Fire\n|move|p1a: Serperior|Hidden Power|p2a: Toedscruel\n|-supereffective|p2a: Toedscruel\n|-damage|p2a: Toedscruel|23\/100\n|move|p2a: Toedscruel|Rapid Spin|p1a: Serperior\n|-damage|p1a: Serperior|86\/100 tox\n|-boost|p2a: Toedscruel|spe|1\n|\n|-heal|p1a: Serperior|92\/100 tox|[from] item: Leftovers\n|-heal|p2a: Toedscruel|29\/100|[from] item: Leftovers\n|-damage|p1a: Serperior|80\/100 tox|[from] psn\n|upkeep\n|turn|12\n|inactive|vexolos has 120 seconds left.\n|\n|t:|1699776185\n|switch|p2a: Clefable|Clefable, M|100\/100\n|move|p1a: Serperior|Hidden Power|p2a: Clefable\n|-damage|p2a: Clefable|61\/100\n|\n|-heal|p1a: Serperior|86\/100 tox|[from] item: Leftovers\n|-damage|p1a: Serperior|67\/100 tox|[from] psn\n|upkeep\n|turn|13\n|\n|t:|1699776194\n|move|p1a: Serperior|Leaf Storm|p2a: Clefable\n|-damage|p2a: Clefable|0 fnt\n|-boost|p1a: Serperior|spa|2\n|faint|p2a: Clefable\n|\n|-heal|p1a: Serperior|73\/100 tox|[from] item: Leftovers\n|-damage|p1a: Serperior|48\/100 tox|[from] psn\n|upkeep\n|inactive|Dr Allen Hu has 120 seconds left.\n|\n|t:|1699776237\n|switch|p2a: Umbreon|Umbreon, M, shiny|100\/100\n|turn|14\n|\n|t:|1699776247\n|move|p1a: Serperior|Glare||[still]\n|-status|p2a: Umbreon|par\n|-activate|p2a: Umbreon|ability: Synchronize\n|-fail|p2a: Umbreon\n|move|p2a: Umbreon|Foul Play|p1a: Serperior\n|-damage|p1a: Serperior|25\/100 tox\n|\n|-heal|p1a: Serperior|31\/100 tox|[from] item: Leftovers\n|-damage|p1a: Serperior|0 fnt|[from] psn\n|faint|p1a: Serperior\n|upkeep\n|\n|t:|1699776258\n|switch|p1a: Iron Valiant|Iron Valiant, shiny|100\/100\n|-enditem|p1a: Iron Valiant|Booster Energy\n|-activate|p1a: Iron Valiant|ability: Quark Drive|[fromitem]\n|-start|p1a: Iron Valiant|quarkdrivespe\n|turn|15\n|\n|t:|1699776265\n|-terastallize|p2a: Umbreon|Ghost\n|move|p1a: Iron Valiant|Swords Dance|p1a: Iron Valiant\n|-boost|p1a: Iron Valiant|atk|2\n|cant|p2a: Umbreon|par\n|\n|upkeep\n|turn|16\n|\n|t:|1699776272\n|move|p1a: Iron Valiant|Spirit Break|p2a: Umbreon\n|-damage|p2a: Umbreon|55\/100 par\n|-unboost|p2a: Umbreon|spa|1\n|move|p2a: Umbreon|Toxic|p1a: Iron Valiant\n|-status|p1a: Iron Valiant|tox\n|\n|-heal|p2a: Umbreon|61\/100 par|[from] item: Leftovers\n|-damage|p1a: Iron Valiant|94\/100 tox|[from] psn\n|upkeep\n|turn|17\n|\n|t:|1699776285\n|switch|p2a: Ferrothorn|Ferrothorn, F|100\/100\n|move|p1a: Iron Valiant|Knock Off|p2a: Ferrothorn\n|-damage|p2a: Ferrothorn|64\/100\n|-damage|p1a: Iron Valiant|82\/100 tox|[from] ability: Iron Barbs|[of] p2a: Ferrothorn\n|-damage|p1a: Iron Valiant|65\/100 tox|[from] item: Rocky Helmet|[of] p2a: Ferrothorn\n|-enditem|p2a: Ferrothorn|Rocky Helmet|[from] move: Knock Off|[of] p1a: Iron Valiant\n|\n|-damage|p1a: Iron Valiant|53\/100 tox|[from] psn\n|upkeep\n|turn|18\n|\n|t:|1699776294\n|switch|p2a: Umbreon|Umbreon, M, shiny, tera:Ghost|61\/100 par\n|move|p1a: Iron Valiant|Close Combat|p2a: Umbreon\n|-immune|p2a: Umbreon\n|\n|-heal|p2a: Umbreon|67\/100 par|[from] item: Leftovers\n|-damage|p1a: Iron Valiant|34\/100 tox|[from] psn\n|upkeep\n|turn|19\n|c|\u2606vexolos|what is this fucking shitty strat of yours\n|\n|t:|1699776306\n|move|p1a: Iron Valiant|Knock Off|p2a: Umbreon\n|-supereffective|p2a: Umbreon\n|-damage|p2a: Umbreon|0 fnt\n|-enditem|p2a: Umbreon|Leftovers|[from] move: Knock Off|[of] p1a: Iron Valiant\n|faint|p2a: Umbreon\n|\n|-damage|p1a: Iron Valiant|9\/100 tox|[from] psn\n|upkeep\n|\n|t:|1699776315\n|switch|p2a: Toedscruel|Toedscruel, F|29\/100\n|turn|20\n|\n|t:|1699776335\n|move|p1a: Iron Valiant|Knock Off|p2a: Toedscruel\n|-damage|p2a: Toedscruel|0 fnt\n|-enditem|p2a: Toedscruel|Leftovers|[from] move: Knock Off|[of] p1a: Iron Valiant\n|faint|p2a: Toedscruel\n|\n|-damage|p1a: Iron Valiant|0 fnt|[from] psn\n|faint|p1a: Iron Valiant\n|-end|p1a: Iron Valiant|Quark Drive|[silent]\n|upkeep\n|\n|t:|1699776343\n|switch|p1a: Blastoise|Blastoise, M|100\/100\n|switch|p2a: Ferrothorn|Ferrothorn, F|64\/100\n|turn|21\n|\n|t:|1699776348\n|move|p1a: Blastoise|Shell Smash|p1a: Blastoise\n|-unboost|p1a: Blastoise|def|1\n|-unboost|p1a: Blastoise|spd|1\n|-boost|p1a: Blastoise|atk|2\n|-boost|p1a: Blastoise|spa|2\n|-boost|p1a: Blastoise|spe|2\n|-enditem|p1a: Blastoise|White Herb\n|-clearnegativeboost|p1a: Blastoise|[silent]\n|move|p2a: Ferrothorn|Leech Seed|p1a: Blastoise\n|-start|p1a: Blastoise|move: Leech Seed\n|\n|-damage|p1a: Blastoise|88\/100|[from] Leech Seed|[of] p2a: Ferrothorn\n|-heal|p2a: Ferrothorn|75\/100|[silent]\n|upkeep\n|turn|22\n|inactive|Dr Allen Hu has 120 seconds left.\n|inactive|Dr Allen Hu has 90 seconds left.\n|inactive|Dr Allen Hu has 60 seconds left.\n|inactive|Dr Allen Hu has 30 seconds left.\n|inactive|Dr Allen Hu has 20 seconds left.\n|inactive|Dr Allen Hu has 15 seconds left.\n|inactive|Dr Allen Hu has 10 seconds left.\n|inactive|Dr Allen Hu has 5 seconds left.\n|-message|Dr Allen Hu lost due to inactivity.\n|\n|win|vexolos\n|raw|vexolos's rating: 1044 &rarr; <strong>1073<\/strong><br \/>(+29 for winning)\n|raw|Dr Allen Hu's rating: 1000 &rarr; <strong>1000<\/strong><br \/>(+0 for losing)\n","uploadtime":1699776305,"views":4,"p1id":"vexolos","p2id":"drallenhu","formatid":"gen9nationaldex","rating":1000,"private":0,"password":""}