{"id":"gen9nationaldex-1990512969","p1":"ElAlvaroNFT","p2":"mastro uccello","format":"[Gen 9] National Dex","log":"|j|\u2606ElAlvaroNFT\n|j|\u2606mastro uccello\n|t:|1699977613\n|gametype|singles\n|player|p1|ElAlvaroNFT|ghetsis|1346\n|player|p2|mastro uccello|guitarist-gen4|1352\n|teamsize|p1|6\n|teamsize|p2|6\n|gen|9\n|tier|[Gen 9] National Dex\n|rated|\n|rule|HP Percentage Mod: HP is shown in percentages\n|rule|Endless Battle Clause: Forcing endless battles is banned\n|rule|OHKO Clause: OHKO moves are banned\n|rule|Evasion Clause: Evasion abilities, items, and moves are banned\n|rule|Evasion Abilities Clause: Evasion abilities are banned\n|rule|Evasion Items Clause: Evasion items are banned\n|rule|Evasion Moves Clause: Evasion moves are banned\n|rule|Species Clause: Limit one of each Pok\u00e9mon\n|rule|Sleep Clause Mod: Limit one foe put to sleep\n|clearpoke\n|poke|p1|Samurott-Hisui, M|\n|poke|p1|Meowscarada, F|\n|poke|p1|Sableye, M|\n|poke|p1|Krookodile, M|\n|poke|p1|Hydreigon, M|\n|poke|p1|Greninja-*, M|\n|poke|p2|Ursaluna, M|\n|poke|p2|Azumarill, M|\n|poke|p2|Psyduck, F|\n|poke|p2|Thievul, M|\n|poke|p2|Gengar, M|\n|poke|p2|Dusknoir, M|\n|teampreview\n|inactive|Battle timer is ON: inactive players will automatically lose when time's up. (requested by mastro uccello)\n|\n|t:|1699977630\n|start\n|switch|p1a: Samurott|Samurott-Hisui, M|100\/100\n|switch|p2a: Foxy|Thievul, M|100\/100\n|turn|1\n|\n|t:|1699977635\n|move|p2a: Foxy|Nasty Plot|p2a: Foxy\n|-boost|p2a: Foxy|spa|2\n|move|p1a: Samurott|Swords Dance|p1a: Samurott\n|-boost|p1a: Samurott|atk|2\n|\n|upkeep\n|turn|2\n|\n|t:|1699977642\n|move|p2a: Foxy|Grass Knot|p1a: Samurott\n|-supereffective|p1a: Samurott\n|-enditem|p1a: Samurott|Focus Sash\n|-damage|p1a: Samurott|1\/100\n|-damage|p2a: Foxy|91\/100|[from] item: Life Orb\n|move|p1a: Samurott|Ceaseless Edge|p2a: Foxy|[miss]\n|-miss|p1a: Samurott|p2a: Foxy\n|\n|upkeep\n|turn|3\n|\n|t:|1699977650\n|move|p1a: Samurott|Aqua Jet|p2a: Foxy\n|-damage|p2a: Foxy|24\/100\n|move|p2a: Foxy|Dark Pulse|p1a: Samurott\n|-resisted|p1a: Samurott\n|-damage|p1a: Samurott|0 fnt\n|faint|p1a: Samurott\n|-damage|p2a: Foxy|14\/100|[from] item: Life Orb\n|\n|upkeep\n|\n|t:|1699977661\n|switch|p1a: Krookodile|Krookodile, M|100\/100\n|turn|4\n|\n|t:|1699977681\n|move|p1a: Krookodile|Earthquake|p2a: Foxy\n|-damage|p2a: Foxy|0 fnt\n|faint|p2a: Foxy\n|-ability|p1a: Krookodile|Moxie|boost\n|-boost|p1a: Krookodile|atk|1\n|\n|upkeep\n|\n|t:|1699977687\n|switch|p2a: Chica|Psyduck, F|100\/100\n|-ability|p2a: Chica|Cloud Nine\n|turn|5\n|inactive|mastro uccello has 120 seconds left.\n|\n|t:|1699977715\n|move|p1a: Krookodile|Earthquake|p2a: Chica\n|-damage|p2a: Chica|36\/100\n|move|p2a: Chica|Scald|p1a: Krookodile\n|-supereffective|p1a: Krookodile\n|-damage|p1a: Krookodile|51\/100\n|-status|p1a: Krookodile|brn\n|\n|-damage|p1a: Krookodile|45\/100 brn|[from] brn\n|upkeep\n|turn|6\n|inactive|mastro uccello has 120 seconds left.\n|\n|t:|1699977726\n|move|p1a: Krookodile|Earthquake|p2a: Chica\n|-damage|p2a: Chica|7\/100\n|move|p2a: Chica|Scald|p1a: Krookodile\n|-supereffective|p1a: Krookodile\n|-damage|p1a: Krookodile|0 fnt\n|faint|p1a: Krookodile\n|\n|upkeep\n|\n|t:|1699977733\n|switch|p1a: Greninja|Greninja, M|100\/100\n|turn|7\n|\n|t:|1699977737\n|switch|p2a: Bonnie|Azumarill, M|100\/100\n|move|p1a: Greninja|Dark Pulse|p2a: Bonnie\n|-resisted|p2a: Bonnie\n|-damage|p2a: Bonnie|77\/100\n|-damage|p1a: Greninja|91\/100|[from] item: Life Orb\n|\n|upkeep\n|turn|8\n|\n|t:|1699977746\n|move|p1a: Greninja|Extrasensory|p2a: Bonnie\n|-damage|p2a: Bonnie|48\/100\n|-enditem|p2a: Bonnie|Sitrus Berry|[eat]\n|-heal|p2a: Bonnie|73\/100|[from] item: Sitrus Berry\n|-damage|p1a: Greninja|81\/100|[from] item: Life Orb\n|move|p2a: Bonnie|Play Rough|p1a: Greninja\n|-supereffective|p1a: Greninja\n|-damage|p1a: Greninja|0 fnt\n|faint|p1a: Greninja\n|\n|upkeep\n|\n|t:|1699977755\n|switch|p1a: Meowscarada|Meowscarada, F|100\/100\n|turn|9\n|\n|t:|1699977760\n|switch|p2a: Chica|Psyduck, F|7\/100\n|-ability|p2a: Chica|Cloud Nine\n|move|p1a: Meowscarada|Thunder Punch|p2a: Chica\n|-start|p1a: Meowscarada|typechange|Electric|[from] ability: Protean\n|-supereffective|p2a: Chica\n|-damage|p2a: Chica|0 fnt\n|faint|p2a: Chica\n|\n|upkeep\n|\n|t:|1699977776\n|switch|p2a: Freddy|Ursaluna, M|100\/100\n|turn|10\n|\n|t:|1699977779\n|switch|p1a: Hydreigon|Hydreigon, M|100\/100\n|move|p2a: Freddy|Earthquake|p1a: Hydreigon\n|-immune|p1a: Hydreigon|[from] ability: Levitate\n|\n|-status|p2a: Freddy|brn|[from] item: Flame Orb\n|upkeep\n|turn|11\n|\n|t:|1699977788\n|switch|p2a: Bonnie|Azumarill, M|73\/100\n|-terastallize|p1a: Hydreigon|Steel\n|move|p1a: Hydreigon|Nasty Plot|p1a: Hydreigon\n|-boost|p1a: Hydreigon|spa|2\n|\n|upkeep\n|turn|12\n|\n|t:|1699977797\n|move|p1a: Hydreigon|Flash Cannon|p2a: Bonnie\n|-damage|p2a: Bonnie|0 fnt\n|faint|p2a: Bonnie\n|\n|upkeep\n|\n|t:|1699977804\n|switch|p2a: Afton|Gengar, M|100\/100\n|turn|13\n|\n|t:|1699977810\n|move|p2a: Afton|Shadow Ball|p1a: Hydreigon\n|-damage|p1a: Hydreigon|53\/100\n|move|p1a: Hydreigon|Dark Pulse|p2a: Afton\n|-supereffective|p2a: Afton\n|-enditem|p2a: Afton|Focus Sash\n|-damage|p2a: Afton|1\/100\n|-start|p1a: Hydreigon|Disable|Dark Pulse|[from] ability: Cursed Body|[of] p2a: Afton\n|\n|-heal|p1a: Hydreigon|59\/100|[from] item: Leftovers\n|upkeep\n|turn|14\n|\n|t:|1699977822\n|move|p2a: Afton|Shadow Ball|p1a: Hydreigon\n|-damage|p1a: Hydreigon|12\/100\n|move|p1a: Hydreigon|Dragon Pulse|p2a: Afton\n|-damage|p2a: Afton|0 fnt\n|faint|p2a: Afton\n|\n|-heal|p1a: Hydreigon|18\/100|[from] item: Leftovers\n|upkeep\n|\n|t:|1699977826\n|switch|p2a: Nightmare|Dusknoir, M|100\/100\n|-ability|p2a: Nightmare|Pressure\n|turn|15\n|\n|t:|1699977838\n|-terastallize|p2a: Nightmare|Fairy\n|move|p1a: Hydreigon|Dragon Pulse|p2a: Nightmare\n|-immune|p2a: Nightmare\n|move|p2a: Nightmare|Night Shade|p1a: Hydreigon\n|-damage|p1a: Hydreigon|0 fnt\n|faint|p1a: Hydreigon\n|\n|upkeep\n|\n|t:|1699977850\n|switch|p1a: Meowscarada|Meowscarada, F|100\/100\n|turn|16\n|\n|t:|1699977854\n|move|p1a: Meowscarada|Flower Trick|p2a: Nightmare\n|-start|p1a: Meowscarada|typechange|Grass|[from] ability: Protean\n|-crit|p2a: Nightmare\n|-damage|p2a: Nightmare|58\/100\n|move|p2a: Nightmare|Will-O-Wisp|p1a: Meowscarada\n|-status|p1a: Meowscarada|brn\n|\n|-heal|p2a: Nightmare|64\/100|[from] item: Leftovers\n|-damage|p1a: Meowscarada|94\/100 brn|[from] brn\n|upkeep\n|turn|17\n|\n|t:|1699977865\n|switch|p1a: Sableye|Sableye, M|100\/100\n|move|p2a: Nightmare|Pain Split|p1a: Sableye\n|-sethp|p1a: Sableye|74\/100|[from] move: Pain Split|[silent]\n|-sethp|p2a: Nightmare|97\/100|[from] move: Pain Split\n|\n|-heal|p2a: Nightmare|100\/100|[from] item: Leftovers\n|upkeep\n|turn|18\n|\n|t:|1699977873\n|move|p1a: Sableye|Recover|p1a: Sableye\n|-heal|p1a: Sableye|100\/100\n|move|p2a: Nightmare|Will-O-Wisp|p1a: Sableye\n|-status|p1a: Sableye|brn\n|\n|-damage|p1a: Sableye|95\/100 brn|[from] brn\n|upkeep\n|turn|19\n|c|\u2606ElAlvaroNFT|AH FUCK\n|c|\u2606ElAlvaroNFT|STUPID FAIRIES\n|-message|ElAlvaroNFT forfeited.\n|\n|win|mastro uccello\n|raw|ElAlvaroNFT's rating: 1346 &rarr; <strong>1326<\/strong><br \/>(-20 for losing)\n|raw|mastro uccello's rating: 1352 &rarr; <strong>1372<\/strong><br \/>(+20 for winning)\n|l|\u2606ElAlvaroNFT\n","uploadtime":1699977896,"views":27,"p1id":"elalvaronft","p2id":"mastrouccello","formatid":"gen9nationaldex","rating":1326,"private":0,"password":""}