{"id":"gen9nationaldex-1988296148","p1":"Assault Lady","p2":"Qwesdfcvb8","format":"[Gen 9] National Dex","log":"|j|\u2606Assault Lady\n|j|\u2606Qwesdfcvb8\n|t:|1699703756\n|gametype|singles\n|player|p1|Assault Lady|klara|1088\n|player|p2|Qwesdfcvb8|265|1080\n|teamsize|p1|6\n|teamsize|p2|6\n|gen|9\n|tier|[Gen 9] National Dex\n|rated|\n|rule|HP Percentage Mod: HP is shown in percentages\n|rule|Endless Battle Clause: Forcing endless battles is banned\n|rule|OHKO Clause: OHKO moves are banned\n|rule|Evasion Clause: Evasion abilities, items, and moves are banned\n|rule|Evasion Abilities Clause: Evasion abilities are banned\n|rule|Evasion Items Clause: Evasion items are banned\n|rule|Evasion Moves Clause: Evasion moves are banned\n|rule|Species Clause: Limit one of each Pok\u00e9mon\n|rule|Sleep Clause Mod: Limit one foe put to sleep\n|clearpoke\n|poke|p1|Pikachu, F|\n|poke|p1|Venusaur, F|\n|poke|p1|Charizard, F|\n|poke|p1|Blastoise, F|\n|poke|p1|Espeon, F|\n|poke|p1|Snorlax, F|\n|poke|p2|Camerupt, M|\n|poke|p2|Goodra-Hisui, M|\n|poke|p2|Nihilego|\n|poke|p2|Hydreigon, M|\n|poke|p2|Primarina, M|\n|poke|p2|Iron Hands|\n|teampreview\n|inactive|Battle timer is ON: inactive players will automatically lose when time's up. (requested by Assault Lady)\n|inactive|Assault Lady has 120 seconds left.\n|inactive|Qwesdfcvb8 has 120 seconds left.\n|inactive|Assault Lady has 90 seconds left.\n|inactive|Assault Lady has 60 seconds left.\n|\n|t:|1699703847\n|start\n|switch|p1a: Sloth|Snorlax, F|100\/100\n|switch|p2a: Camerupt|Camerupt, M, shiny|100\/100\n|turn|1\n|\n|t:|1699703854\n|switch|p2a: Iron Hands|Iron Hands|100\/100\n|move|p1a: Sloth|Curse|p1a: Sloth\n|-unboost|p1a: Sloth|spe|1\n|-boost|p1a: Sloth|atk|1\n|-boost|p1a: Sloth|def|1\n|\n|upkeep\n|turn|2\n|\n|t:|1699703862\n|move|p2a: Iron Hands|Swords Dance|p2a: Iron Hands\n|-boost|p2a: Iron Hands|atk|2\n|move|p1a: Sloth|Earthquake|p2a: Iron Hands\n|-supereffective|p2a: Iron Hands\n|-damage|p2a: Iron Hands|58\/100\n|\n|-heal|p2a: Iron Hands|64\/100|[from] item: Leftovers\n|upkeep\n|turn|3\n|\n|t:|1699703871\n|-terastallize|p1a: Sloth|Ground\n|move|p2a: Iron Hands|Drain Punch|p1a: Sloth\n|-damage|p1a: Sloth|64\/100\n|-heal|p2a: Iron Hands|80\/100|[from] drain|[of] p1a: Sloth\n|move|p1a: Sloth|Earthquake|p2a: Iron Hands\n|-supereffective|p2a: Iron Hands\n|-damage|p2a: Iron Hands|15\/100\n|\n|-heal|p2a: Iron Hands|22\/100|[from] item: Leftovers\n|-heal|p1a: Sloth|71\/100|[from] item: Leftovers\n|upkeep\n|turn|4\n|\n|t:|1699703885\n|move|p2a: Iron Hands|Drain Punch|p1a: Sloth\n|-crit|p1a: Sloth\n|-damage|p1a: Sloth|0 fnt\n|-heal|p2a: Iron Hands|53\/100|[from] drain|[of] p1a: Sloth\n|faint|p1a: Sloth\n|\n|-heal|p2a: Iron Hands|60\/100|[from] item: Leftovers\n|upkeep\n|inactive|Assault Lady has 120 seconds left.\n|\n|t:|1699703915\n|switch|p1a: Wrath|Charizard, F|100\/100\n|turn|5\n|\n|t:|1699703938\n|move|p1a: Wrath|Scorching Sands|p2a: Iron Hands\n|-supereffective|p2a: Iron Hands\n|-damage|p2a: Iron Hands|32\/100\n|move|p2a: Iron Hands|Thunder Punch|p1a: Wrath\n|-supereffective|p1a: Wrath\n|-damage|p1a: Wrath|0 fnt\n|faint|p1a: Wrath\n|\n|-heal|p2a: Iron Hands|38\/100|[from] item: Leftovers\n|upkeep\n|inactive|Assault Lady has 120 seconds left.\n|\n|t:|1699703952\n|switch|p1a: Pride|Blastoise, F|100\/100\n|turn|6\n|inactive|Assault Lady has 120 seconds left.\n|\n|t:|1699703961\n|move|p1a: Pride|Scald|p2a: Iron Hands\n|-damage|p2a: Iron Hands|23\/100\n|-status|p2a: Iron Hands|brn\n|move|p2a: Iron Hands|Thunder Punch|p1a: Pride\n|-supereffective|p1a: Pride\n|-damage|p1a: Pride|51\/100\n|\n|-heal|p1a: Pride|57\/100|[from] item: Leftovers\n|-heal|p2a: Iron Hands|29\/100 brn|[from] item: Leftovers\n|-damage|p2a: Iron Hands|23\/100 brn|[from] brn\n|upkeep\n|turn|7\n|inactive|Assault Lady has 120 seconds left.\n|\n|t:|1699703981\n|move|p1a: Pride|Seismic Toss|p2a: Iron Hands\n|-damage|p2a: Iron Hands|3\/100 brn\n|move|p2a: Iron Hands|Thunder Punch|p1a: Pride\n|-supereffective|p1a: Pride\n|-damage|p1a: Pride|9\/100\n|\n|-heal|p1a: Pride|15\/100|[from] item: Leftovers\n|-heal|p2a: Iron Hands|10\/100 brn|[from] item: Leftovers\n|-damage|p2a: Iron Hands|3\/100 brn|[from] brn\n|upkeep\n|turn|8\n|inactive|Assault Lady has 120 seconds left.\n|\n|t:|1699704009\n|switch|p1a: Greed|Venusaur, F|100\/100\n|move|p2a: Iron Hands|Thunder Punch|p1a: Greed\n|-resisted|p1a: Greed\n|-damage|p1a: Greed|82\/100\n|-status|p1a: Greed|par\n|\n|-heal|p2a: Iron Hands|10\/100 brn|[from] item: Leftovers\n|-damage|p2a: Iron Hands|3\/100 brn|[from] brn\n|upkeep\n|turn|9\n|\n|t:|1699704026\n|switch|p1a: Envy|Espeon, F|100\/100\n|move|p2a: Iron Hands|Ice Punch|p1a: Envy\n|-damage|p1a: Envy|56\/100\n|\n|-heal|p2a: Iron Hands|10\/100 brn|[from] item: Leftovers\n|-damage|p2a: Iron Hands|3\/100 brn|[from] brn\n|upkeep\n|turn|10\n|\n|t:|1699704045\n|switch|p1a: Lust|Pikachu, F|100\/100\n|move|p2a: Iron Hands|Drain Punch|p1a: Lust\n|-damage|p1a: Lust|0 fnt\n|-heal|p2a: Iron Hands|24\/100 brn|[from] drain|[of] p1a: Lust\n|faint|p1a: Lust\n|\n|-heal|p2a: Iron Hands|30\/100 brn|[from] item: Leftovers\n|-damage|p2a: Iron Hands|24\/100 brn|[from] brn\n|upkeep\n|\n|t:|1699704057\n|switch|p1a: Envy|Espeon, F|56\/100\n|turn|11\n|\n|t:|1699704067\n|switch|p1a: Pride|Blastoise, F|15\/100\n|move|p2a: Iron Hands|Drain Punch|p1a: Pride\n|-damage|p1a: Pride|0 fnt\n|-heal|p2a: Iron Hands|29\/100 brn|[from] drain|[of] p1a: Pride\n|faint|p1a: Pride\n|\n|-heal|p2a: Iron Hands|35\/100 brn|[from] item: Leftovers\n|-damage|p2a: Iron Hands|29\/100 brn|[from] brn\n|upkeep\n|\n|t:|1699704077\n|switch|p1a: Greed|Venusaur, F|82\/100 par\n|turn|12\n|\n|t:|1699704082\n|move|p2a: Iron Hands|Ice Punch|p1a: Greed\n|-supereffective|p1a: Greed\n|-damage|p1a: Greed|31\/100 par\n|cant|p1a: Greed|par\n|\n|-heal|p2a: Iron Hands|35\/100 brn|[from] item: Leftovers\n|-damage|p2a: Iron Hands|29\/100 brn|[from] brn\n|upkeep\n|turn|13\n|\n|t:|1699704098\n|switch|p1a: Envy|Espeon, F|56\/100\n|move|p2a: Iron Hands|Ice Punch|p1a: Envy\n|-crit|p1a: Envy\n|-damage|p1a: Envy|0 fnt\n|faint|p1a: Envy\n|\n|-heal|p2a: Iron Hands|35\/100 brn|[from] item: Leftovers\n|-damage|p2a: Iron Hands|29\/100 brn|[from] brn\n|upkeep\n|\n|t:|1699704109\n|switch|p1a: Greed|Venusaur, F|31\/100 par\n|turn|14\n|\n|t:|1699704117\n|move|p2a: Iron Hands|Ice Punch|p1a: Greed\n|-supereffective|p1a: Greed\n|-damage|p1a: Greed|0 fnt\n|faint|p1a: Greed\n|\n|win|Qwesdfcvb8\n|raw|Assault Lady's rating: 1088 &rarr; <strong>1064<\/strong><br \/>(-24 for losing)\n|raw|Qwesdfcvb8's rating: 1080 &rarr; <strong>1109<\/strong><br \/>(+29 for winning)\n","uploadtime":1699704124,"views":7,"p1id":"assaultlady","p2id":"qwesdfcvb8","formatid":"gen9nationaldex","rating":1064,"private":0,"password":""}