{"id":"gen9nationaldex-1993173010","p1":"dgosilva","p2":"kkllxx","format":"[Gen 9] National Dex","log":"|j|\u2606dgosilva\n|j|\u2606kkllxx\n|t:|1700273696\n|gametype|singles\n|player|p1|dgosilva|ash|1441\n|player|p2|kkllxx|marnie-masters3|1340\n|teamsize|p1|6\n|teamsize|p2|6\n|gen|9\n|tier|[Gen 9] National Dex\n|rated|\n|rule|HP Percentage Mod: HP is shown in percentages\n|rule|Endless Battle Clause: Forcing endless battles is banned\n|rule|OHKO Clause: OHKO moves are banned\n|rule|Evasion Clause: Evasion abilities, items, and moves are banned\n|rule|Evasion Abilities Clause: Evasion abilities are banned\n|rule|Evasion Items Clause: Evasion items are banned\n|rule|Evasion Moves Clause: Evasion moves are banned\n|rule|Species Clause: Limit one of each Pok\u00e9mon\n|rule|Sleep Clause Mod: Limit one foe put to sleep\n|clearpoke\n|poke|p1|Venusaur, F|\n|poke|p1|Umbreon, M|\n|poke|p1|Arcanine-Hisui, M|\n|poke|p1|Kingdra, M|\n|poke|p1|Ninetales-Alola, M|\n|poke|p1|Weezing-Galar, F|\n|poke|p2|Weavile, M|\n|poke|p2|Ursaluna, M|\n|poke|p2|Scizor, F|\n|poke|p2|Zapdos|\n|poke|p2|Alomomola, M|\n|poke|p2|Kyurem|\n|teampreview\n|inactive|Battle timer is ON: inactive players will automatically lose when time's up. (requested by kkllxx)\n|\n|t:|1700273707\n|start\n|switch|p1a: Bulba Fett|Venusaur, F|100\/100\n|switch|p2a: Weavile|Weavile, M|100\/100\n|-ability|p2a: Weavile|Pressure\n|turn|1\n|\n|t:|1700273726\n|detailschange|p1a: Bulba Fett|Venusaur-Mega, F\n|-mega|p1a: Bulba Fett|Venusaur|Venusaurite\n|-terastallize|p2a: Weavile|Dark\n|move|p2a: Weavile|Beat Up|p1a: Bulba Fett\n|-damage|p1a: Bulba Fett|86\/100\n|-damage|p1a: Bulba Fett|69\/100\n|-damage|p1a: Bulba Fett|51\/100\n|-damage|p1a: Bulba Fett|37\/100\n|-damage|p1a: Bulba Fett|27\/100\n|-damage|p1a: Bulba Fett|11\/100\n|-hitcount|p1a: Bulba Fett|6\n|move|p1a: Bulba Fett|Giga Drain|p2a: Weavile\n|-damage|p2a: Weavile|42\/100\n|-heal|p1a: Bulba Fett|38\/100|[from] drain|[of] p2a: Weavile\n|\n|upkeep\n|turn|2\n|\n|t:|1700273736\n|switch|p1a: Sir Farts'alot|Weezing-Galar, F|100\/100\n|move|p2a: Weavile|Beat Up|p1a: Sir Farts'alot\n|-resisted|p1a: Sir Farts'alot\n|-damage|p1a: Sir Farts'alot|94\/100\n|-resisted|p1a: Sir Farts'alot\n|-damage|p1a: Sir Farts'alot|87\/100\n|-resisted|p1a: Sir Farts'alot\n|-damage|p1a: Sir Farts'alot|81\/100\n|-resisted|p1a: Sir Farts'alot\n|-damage|p1a: Sir Farts'alot|76\/100\n|-resisted|p1a: Sir Farts'alot\n|-damage|p1a: Sir Farts'alot|71\/100\n|-resisted|p1a: Sir Farts'alot\n|-damage|p1a: Sir Farts'alot|64\/100\n|-hitcount|p1a: Sir Farts'alot|6\n|\n|-heal|p1a: Sir Farts'alot|70\/100|[from] item: Black Sludge\n|upkeep\n|turn|3\n|inactive|kkllxx has 120 seconds left.\n|\n|t:|1700273765\n|switch|p2a: Zapdos|Zapdos|100\/100\n|move|p1a: Sir Farts'alot|Strange Steam|p2a: Zapdos\n|-damage|p2a: Zapdos|71\/100\n|-start|p2a: Zapdos|confusion\n|\n|-heal|p1a: Sir Farts'alot|76\/100|[from] item: Black Sludge\n|upkeep\n|turn|4\n|inactive|kkllxx has 120 seconds left.\n|\n|t:|1700273777\n|switch|p1a: Ninetales|Ninetales-Alola, M|100\/100\n|-weather|Snow|[from] ability: Snow Warning|[of] p1a: Ninetales\n|-activate|p2a: Zapdos|confusion\n|-damage|p2a: Zapdos|61\/100|[from] confusion\n|\n|-weather|Snow|[upkeep]\n|upkeep\n|turn|5\n|\n|t:|1700273783\n|move|p1a: Ninetales|Aurora Veil|p1a: Ninetales\n|-sidestart|p1: dgosilva|move: Aurora Veil\n|-end|p2a: Zapdos|confusion\n|-zpower|p2a: Zapdos\n|move|p2a: Zapdos|Supersonic Skystrike|p1a: Ninetales|[zeffect]\n|-damage|p1a: Ninetales|56\/100\n|\n|-weather|Snow|[upkeep]\n|upkeep\n|turn|6\n|\n|t:|1700273792\n|move|p1a: Ninetales|Freeze-Dry|p2a: Zapdos\n|-supereffective|p2a: Zapdos\n|-damage|p2a: Zapdos|15\/100\n|move|p2a: Zapdos|Heat Wave|p1a: Ninetales\n|-supereffective|p1a: Ninetales\n|-damage|p1a: Ninetales|23\/100\n|\n|-weather|Snow|[upkeep]\n|upkeep\n|turn|7\n|\n|t:|1700273802\n|switch|p2a: Scizor|Scizor, F|100\/100\n|move|p1a: Ninetales|Freeze-Dry|p2a: Scizor\n|-resisted|p2a: Scizor\n|-damage|p2a: Scizor|89\/100\n|\n|-weather|Snow|[upkeep]\n|upkeep\n|turn|8\n|\n|t:|1700273816\n|switch|p1a: Arcanine|Arcanine-Hisui, M|100\/100\n|detailschange|p2a: Scizor|Scizor-Mega, F\n|-mega|p2a: Scizor|Scizor|Scizorite\n|move|p2a: Scizor|U-turn|p1a: Arcanine\n|-resisted|p1a: Arcanine\n|-damage|p1a: Arcanine|91\/100\n|\n|t:|1700273829\n|switch|p2a: Ursaluna|Ursaluna, M|100\/100|[from] U-turn\n|\n|-weather|none\n|-status|p2a: Ursaluna|brn|[from] item: Flame Orb\n|upkeep\n|turn|9\n|\n|t:|1700273839\n|move|p1a: Arcanine|Close Combat|p2a: Ursaluna\n|-supereffective|p2a: Ursaluna\n|-damage|p2a: Ursaluna|21\/100 brn\n|-unboost|p1a: Arcanine|def|1\n|-unboost|p1a: Arcanine|spd|1\n|-damage|p1a: Arcanine|81\/100|[from] item: Life Orb\n|move|p2a: Ursaluna|Headlong Rush|p1a: Arcanine\n|-supereffective|p1a: Arcanine\n|-damage|p1a: Arcanine|0 fnt\n|-unboost|p2a: Ursaluna|def|1\n|-unboost|p2a: Ursaluna|spd|1\n|faint|p1a: Arcanine\n|\n|-damage|p2a: Ursaluna|15\/100 brn|[from] brn\n|upkeep\n|\n|t:|1700273849\n|switch|p1a: Bulba Fett|Venusaur-Mega, F|38\/100\n|turn|10\n|\n|t:|1700273861\n|switch|p2a: Kyurem|Kyurem|100\/100\n|-ability|p2a: Kyurem|Pressure\n|move|p1a: Bulba Fett|Giga Drain|p2a: Kyurem\n|-resisted|p2a: Kyurem\n|-damage|p2a: Kyurem|83\/100\n|-heal|p1a: Bulba Fett|50\/100|[from] drain|[of] p2a: Kyurem\n|\n|upkeep\n|turn|11\n|\n|t:|1700273866\n|move|p2a: Kyurem|Dragon Dance|p2a: Kyurem\n|-boost|p2a: Kyurem|atk|1\n|-boost|p2a: Kyurem|spe|1\n|move|p1a: Bulba Fett|Leech Seed|p2a: Kyurem\n|-start|p2a: Kyurem|move: Leech Seed\n|\n|-damage|p2a: Kyurem|70\/100|[from] Leech Seed|[of] p1a: Bulba Fett\n|-heal|p1a: Bulba Fett|67\/100|[silent]\n|upkeep\n|turn|12\n|\n|t:|1700273873\n|move|p2a: Kyurem|Icicle Spear|p1a: Bulba Fett\n|-supereffective|p1a: Bulba Fett\n|-damage|p1a: Bulba Fett|58\/100\n|-supereffective|p1a: Bulba Fett\n|-damage|p1a: Bulba Fett|47\/100\n|-supereffective|p1a: Bulba Fett\n|-damage|p1a: Bulba Fett|37\/100\n|-supereffective|p1a: Bulba Fett\n|-damage|p1a: Bulba Fett|26\/100\n|-hitcount|p1a: Bulba Fett|4\n|move|p1a: Bulba Fett|Sludge Bomb|p2a: Kyurem\n|-damage|p2a: Kyurem|28\/100\n|\n|-damage|p2a: Kyurem|16\/100|[from] Leech Seed|[of] p1a: Bulba Fett\n|-heal|p1a: Bulba Fett|43\/100|[silent]\n|-sideend|p1: dgosilva|move: Aurora Veil\n|upkeep\n|turn|13\n|\n|t:|1700273885\n|switch|p1a: My old friend|Umbreon, M|100\/100\n|move|p2a: Kyurem|Icicle Spear|p1a: My old friend\n|-damage|p1a: My old friend|87\/100\n|-damage|p1a: My old friend|72\/100\n|-damage|p1a: My old friend|59\/100\n|-damage|p1a: My old friend|44\/100\n|-damage|p1a: My old friend|30\/100\n|-hitcount|p1a: My old friend|5\n|\n|-heal|p1a: My old friend|37\/100|[from] item: Leftovers\n|-damage|p2a: Kyurem|4\/100|[from] Leech Seed|[of] p1a: My old friend\n|-heal|p1a: My old friend|49\/100|[silent]\n|upkeep\n|turn|14\n|\n|t:|1700273895\n|move|p1a: My old friend|Protect|p1a: My old friend\n|-singleturn|p1a: My old friend|Protect\n|move|p2a: Kyurem|Icicle Spear|p1a: My old friend\n|-activate|p1a: My old friend|move: Protect\n|\n|-heal|p1a: My old friend|55\/100|[from] item: Leftovers\n|-damage|p2a: Kyurem|0 fnt|[from] Leech Seed|[of] p1a: My old friend\n|-heal|p1a: My old friend|59\/100|[silent]\n|faint|p2a: Kyurem\n|upkeep\n|\n|t:|1700273899\n|switch|p2a: Ursaluna|Ursaluna, M|15\/100 brn\n|turn|15\n|\n|t:|1700273912\n|switch|p1a: Sir Farts'alot|Weezing-Galar, F|76\/100\n|move|p2a: Ursaluna|Facade|p1a: Sir Farts'alot\n|-damage|p1a: Sir Farts'alot|0 fnt\n|faint|p1a: Sir Farts'alot\n|\n|-damage|p2a: Ursaluna|9\/100 brn|[from] brn\n|upkeep\n|\n|t:|1700273924\n|switch|p1a: Bulba Fett|Venusaur-Mega, F|43\/100\n|turn|16\n|\n|t:|1700273927\n|move|p1a: Bulba Fett|Giga Drain|p2a: Ursaluna\n|-supereffective|p2a: Ursaluna\n|-damage|p2a: Ursaluna|0 fnt\n|-heal|p1a: Bulba Fett|49\/100|[from] drain|[of] p2a: Ursaluna\n|faint|p2a: Ursaluna\n|\n|upkeep\n|\n|t:|1700273929\n|switch|p2a: Weavile|Weavile, M, tera:Dark|42\/100\n|-ability|p2a: Weavile|Pressure\n|turn|17\n|\n|t:|1700273940\n|move|p2a: Weavile|Triple Axel|p1a: Bulba Fett\n|-supereffective|p1a: Bulba Fett\n|-damage|p1a: Bulba Fett|37\/100\n|-supereffective|p1a: Bulba Fett\n|-damage|p1a: Bulba Fett|9\/100\n|-supereffective|p1a: Bulba Fett\n|-damage|p1a: Bulba Fett|0 fnt\n|faint|p1a: Bulba Fett\n|-hitcount|p1: Bulba Fett|3\n|\n|upkeep\n|\n|t:|1700273943\n|switch|p1a: My old friend|Umbreon, M|59\/100\n|turn|18\n|\n|t:|1700273946\n|move|p2a: Weavile|Triple Axel|p1a: My old friend\n|-damage|p1a: My old friend|48\/100\n|-damage|p1a: My old friend|26\/100\n|-damage|p1a: My old friend|0 fnt\n|faint|p1a: My old friend\n|-hitcount|p1: My old friend|3\n|\n|upkeep\n|\n|t:|1700273951\n|switch|p1a: Ninetales|Ninetales-Alola, M|23\/100\n|-weather|Snow|[from] ability: Snow Warning|[of] p1a: Ninetales\n|turn|19\n|\n|t:|1700273956\n|move|p2a: Weavile|Triple Axel|p1a: Ninetales\n|-resisted|p1a: Ninetales\n|-damage|p1a: Ninetales|15\/100\n|-resisted|p1a: Ninetales\n|-damage|p1a: Ninetales|2\/100\n|-resisted|p1a: Ninetales\n|-damage|p1a: Ninetales|0 fnt\n|faint|p1a: Ninetales\n|-hitcount|p1: Ninetales|3\n|\n|-weather|Snow|[upkeep]\n|upkeep\n|\n|t:|1700273962\n|switch|p1a: Kingdra|Kingdra, M|100\/100\n|turn|20\n|\n|t:|1700273976\n|move|p2a: Weavile|Triple Axel|p1a: Kingdra\n|-damage|p1a: Kingdra|78\/100\n|-damage|p1a: Kingdra|35\/100\n|-damage|p1a: Kingdra|0 fnt\n|faint|p1a: Kingdra\n|-hitcount|p1: Kingdra|3\n|\n|win|kkllxx\n|raw|dgosilva's rating: 1441 &rarr; <strong>1415<\/strong><br \/>(-26 for losing)\n|raw|kkllxx's rating: 1340 &rarr; <strong>1366<\/strong><br \/>(+26 for winning)\n|l|\u2606dgosilva\n","uploadtime":1700273985,"views":6,"p1id":"dgosilva","p2id":"kkllxx","formatid":"gen9nationaldex","rating":1366,"private":0,"password":""}