{"id":"gen9nationaldex-1999080903","p1":"GalvantulaSupreme","p2":"drossito pambisito","format":"[Gen 9] National Dex","log":"|html|<div class=\"broadcast-blue\"><strong>[Gen 9] National Dex is currently suspecting Sneasler! For information on how to participate check out the <a href=\"https:\/\/www.smogon.com\/forums\/threads\/sv-national-dex-suspect-8-just-dance.3731534\/\">suspect thread<\/a>.<\/strong><\/div>\n|j|\u2606GalvantulaSupreme\n|j|\u2606drossito pambisito\n|t:|1701031109\n|gametype|singles\n|player|p1|GalvantulaSupreme|adaman|1438\n|player|p2|drossito pambisito|169|1541\n|teamsize|p1|6\n|teamsize|p2|6\n|gen|9\n|tier|[Gen 9] National Dex\n|rated|\n|rule|HP Percentage Mod: HP is shown in percentages\n|rule|Endless Battle Clause: Forcing endless battles is banned\n|rule|OHKO Clause: OHKO moves are banned\n|rule|Evasion Clause: Evasion abilities, items, and moves are banned\n|rule|Evasion Abilities Clause: Evasion abilities are banned\n|rule|Evasion Items Clause: Evasion items are banned\n|rule|Evasion Moves Clause: Evasion moves are banned\n|rule|Species Clause: Limit one of each Pok\u00e9mon\n|rule|Sleep Clause Mod: Limit one foe put to sleep\n|clearpoke\n|poke|p1|Dondozo, F|\n|poke|p1|Ninetales-Alola, F|\n|poke|p1|Volcarona, M|\n|poke|p1|Landorus-Therian, M|\n|poke|p1|Lopunny, M|\n|poke|p1|Zeraora|\n|poke|p2|Blacephalon|\n|poke|p2|Tapu Lele|\n|poke|p2|Sneasler, F|\n|poke|p2|Samurott-Hisui, M|\n|poke|p2|Kyurem|\n|poke|p2|Manectric, M|\n|teampreview\n|l|\u2606GalvantulaSupreme\n|player|p1|\n|inactive|Battle timer is ON: inactive players will automatically lose when time's up. (requested by drossito pambisito)\n|j|\u2606GalvantulaSupreme\n|inactive|GalvantulaSupreme reconnected and has 140 seconds left.\n|player|p1|GalvantulaSupreme|adaman\n|\n|t:|1701031157\n|start\n|switch|p1a: Lopunny|Lopunny, M|100\/100\n|switch|p2a: Manectric|Manectric, M|100\/100\n|turn|1\n|\n|t:|1701031174\n|detailschange|p2a: Manectric|Manectric-Mega, M\n|-mega|p2a: Manectric|Manectric|Manectite\n|-ability|p2a: Manectric|Intimidate|boost\n|-unboost|p1a: Lopunny|atk|1\n|detailschange|p1a: Lopunny|Lopunny-Mega, M\n|-mega|p1a: Lopunny|Lopunny|Lopunnite\n|move|p1a: Lopunny|Fake Out|p2a: Manectric\n|-damage|p2a: Manectric|80\/100\n|cant|p2a: Manectric|flinch\n|\n|upkeep\n|turn|2\n|\n|t:|1701031186\n|switch|p1a: Zeraora|Zeraora|100\/100\n|move|p2a: Manectric|Discharge|p1a: Zeraora\n|-immune|p1a: Zeraora|[from] ability: Volt Absorb\n|\n|upkeep\n|turn|3\n|\n|t:|1701031197\n|switch|p2a: Tapu Lele|Tapu Lele|100\/100\n|-fieldstart|move: Psychic Terrain|[from] ability: Psychic Surge|[of] p2a: Tapu Lele\n|move|p1a: Zeraora|Bulk Up|p1a: Zeraora\n|-boost|p1a: Zeraora|atk|1\n|-boost|p1a: Zeraora|def|1\n|\n|upkeep\n|turn|4\n|inactive|drossito pambisito has 120 seconds left.\n|\n|t:|1701031230\n|switch|p2a: Manectric|Manectric-Mega, M|80\/100\n|-ability|p2a: Manectric|Intimidate|boost\n|-unboost|p1a: Zeraora|atk|1\n|move|p1a: Zeraora|Plasma Fists|p2a: Manectric\n|-resisted|p2a: Manectric\n|-damage|p2a: Manectric|38\/100\n|-fieldactivate|move: Ion Deluge\n|-hint|Normal-type moves become Electric-type after using Plasma Fists.\n|-damage|p1a: Zeraora|91\/100|[from] item: Life Orb\n|\n|upkeep\n|turn|5\n|\n|t:|1701031240\n|move|p1a: Zeraora|Bulk Up|p1a: Zeraora\n|-boost|p1a: Zeraora|atk|1\n|-boost|p1a: Zeraora|def|1\n|move|p2a: Manectric|Flamethrower|p1a: Zeraora\n|-damage|p1a: Zeraora|45\/100\n|\n|upkeep\n|turn|6\n|\n|t:|1701031248\n|move|p1a: Zeraora|Plasma Fists|p2a: Manectric\n|-resisted|p2a: Manectric\n|-damage|p2a: Manectric|0 fnt\n|-fieldactivate|move: Ion Deluge\n|-hint|Normal-type moves become Electric-type after using Plasma Fists.\n|faint|p2a: Manectric\n|-damage|p1a: Zeraora|36\/100|[from] item: Life Orb\n|\n|upkeep\n|\n|t:|1701031252\n|switch|p2a: Sneasler|Sneasler, F|100\/100\n|-enditem|p2a: Sneasler|Psychic Seed\n|-boost|p2a: Sneasler|spd|1|[from] item: Psychic Seed\n|turn|7\n|\n|t:|1701031257\n|switch|p1a: Landorus|Landorus-Therian, M|100\/100\n|-ability|p1a: Landorus|Intimidate|boost\n|-unboost|p2a: Sneasler|atk|1\n|move|p2a: Sneasler|Dire Claw|p1a: Landorus\n|-resisted|p1a: Landorus\n|-damage|p1a: Landorus|84\/100\n|\n|-fieldend|move: Psychic Terrain\n|upkeep\n|turn|8\n|\n|t:|1701031265\n|-terastallize|p2a: Sneasler|Flying\n|move|p2a: Sneasler|Swords Dance|p2a: Sneasler\n|-boost|p2a: Sneasler|atk|2\n|move|p1a: Landorus|Earthquake|p2a: Sneasler\n|-immune|p2a: Sneasler\n|\n|upkeep\n|turn|9\n|\n|t:|1701031278\n|switch|p1a: Dondozo|Dondozo, F|100\/100\n|move|p2a: Sneasler|Acrobatics|p1a: Dondozo\n|-damage|p1a: Dondozo|66\/100\n|\n|-heal|p1a: Dondozo|72\/100|[from] item: Leftovers\n|upkeep\n|turn|10\n|\n|t:|1701031282\n|move|p2a: Sneasler|Dire Claw|p1a: Dondozo\n|-damage|p1a: Dondozo|48\/100\n|move|p1a: Dondozo|Curse|p1a: Dondozo\n|-unboost|p1a: Dondozo|spe|1\n|-boost|p1a: Dondozo|atk|1\n|-boost|p1a: Dondozo|def|1\n|\n|-heal|p1a: Dondozo|54\/100|[from] item: Leftovers\n|upkeep\n|turn|11\n|\n|t:|1701031290\n|move|p2a: Sneasler|Dire Claw|p1a: Dondozo\n|-damage|p1a: Dondozo|37\/100\n|-status|p1a: Dondozo|psn\n|move|p1a: Dondozo|Curse|p1a: Dondozo\n|-unboost|p1a: Dondozo|spe|1\n|-boost|p1a: Dondozo|atk|1\n|-boost|p1a: Dondozo|def|1\n|\n|-heal|p1a: Dondozo|43\/100 psn|[from] item: Leftovers\n|-damage|p1a: Dondozo|31\/100 psn|[from] psn\n|upkeep\n|turn|12\n|\n|t:|1701031297\n|move|p2a: Sneasler|Low Kick|p1a: Dondozo\n|-damage|p1a: Dondozo|13\/100 psn\n|move|p1a: Dondozo|Rest|p1a: Dondozo\n|-status|p1a: Dondozo|slp|[from] move: Rest\n|-heal|p1a: Dondozo|100\/100 slp|[silent]\n|\n|upkeep\n|turn|13\n|\n|t:|1701031304\n|move|p2a: Sneasler|Low Kick|p1a: Dondozo\n|-damage|p1a: Dondozo|81\/100 slp\n|cant|p1a: Dondozo|slp\n|\n|-heal|p1a: Dondozo|87\/100 slp|[from] item: Leftovers\n|upkeep\n|turn|14\n|inactive|drossito pambisito has 120 seconds left.\n|\n|t:|1701031336\n|move|p2a: Sneasler|Low Kick|p1a: Dondozo\n|-damage|p1a: Dondozo|68\/100 slp\n|cant|p1a: Dondozo|slp\n|\n|-heal|p1a: Dondozo|74\/100 slp|[from] item: Leftovers\n|upkeep\n|turn|15\n|\n|t:|1701031343\n|move|p2a: Sneasler|Dire Claw|p1a: Dondozo\n|-damage|p1a: Dondozo|59\/100 slp\n|-curestatus|p1a: Dondozo|slp|[msg]\n|move|p1a: Dondozo|Liquidation|p2a: Sneasler\n|-damage|p2a: Sneasler|5\/100\n|\n|-heal|p1a: Dondozo|66\/100|[from] item: Leftovers\n|upkeep\n|turn|16\n|\n|t:|1701031357\n|move|p2a: Sneasler|Dire Claw|p1a: Dondozo\n|-damage|p1a: Dondozo|53\/100\n|-status|p1a: Dondozo|slp\n|cant|p1a: Dondozo|slp\n|\n|-heal|p1a: Dondozo|59\/100 slp|[from] item: Leftovers\n|upkeep\n|turn|17\n|\n|t:|1701031364\n|move|p2a: Sneasler|Acrobatics|p1a: Dondozo\n|-damage|p1a: Dondozo|42\/100 slp\n|cant|p1a: Dondozo|slp\n|\n|-heal|p1a: Dondozo|48\/100 slp|[from] item: Leftovers\n|upkeep\n|turn|18\n|\n|t:|1701031369\n|move|p2a: Sneasler|Acrobatics|p1a: Dondozo\n|-damage|p1a: Dondozo|29\/100 slp\n|-curestatus|p1a: Dondozo|slp|[msg]\n|move|p1a: Dondozo|Rest|p1a: Dondozo\n|-status|p1a: Dondozo|slp|[from] move: Rest\n|-heal|p1a: Dondozo|100\/100 slp|[silent]\n|\n|upkeep\n|turn|19\n|\n|t:|1701031376\n|switch|p2a: Tapu Lele|Tapu Lele|100\/100\n|-fieldstart|move: Psychic Terrain|[from] ability: Psychic Surge|[of] p2a: Tapu Lele\n|cant|p1a: Dondozo|slp\n|\n|upkeep\n|turn|20\n|\n|t:|1701031381\n|move|p2a: Tapu Lele|Grass Knot|p1a: Dondozo\n|-supereffective|p1a: Dondozo\n|-damage|p1a: Dondozo|14\/100 slp\n|cant|p1a: Dondozo|slp\n|\n|-heal|p1a: Dondozo|20\/100 slp|[from] item: Leftovers\n|upkeep\n|turn|21\n|\n|t:|1701031387\n|switch|p2a: Samurott|Samurott-Hisui, M|100\/100\n|-curestatus|p1a: Dondozo|slp|[msg]\n|move|p1a: Dondozo|Liquidation|p2a: Samurott\n|-resisted|p2a: Samurott\n|-damage|p2a: Samurott|60\/100\n|\n|-heal|p1a: Dondozo|26\/100|[from] item: Leftovers\n|upkeep\n|turn|22\n|\n|t:|1701031395\n|move|p2a: Samurott|Ceaseless Edge|p1a: Dondozo\n|-damage|p1a: Dondozo|14\/100\n|-sidestart|p1: GalvantulaSupreme|Spikes\n|move|p1a: Dondozo|Rest|p1a: Dondozo\n|-status|p1a: Dondozo|slp|[from] move: Rest\n|-heal|p1a: Dondozo|100\/100 slp|[silent]\n|\n|upkeep\n|turn|23\n|\n|t:|1701031406\n|move|p2a: Samurott|Ceaseless Edge|p1a: Dondozo\n|-damage|p1a: Dondozo|86\/100 slp\n|-sidestart|p1: GalvantulaSupreme|Spikes\n|cant|p1a: Dondozo|slp\n|\n|-heal|p1a: Dondozo|92\/100 slp|[from] item: Leftovers\n|-fieldend|move: Psychic Terrain\n|upkeep\n|turn|24\n|inactive|drossito pambisito has 120 seconds left.\n|inactive|drossito pambisito has 90 seconds left.\n|\n|t:|1701031472\n|switch|p2a: Sneasler|Sneasler, F, tera:Flying|5\/100\n|cant|p1a: Dondozo|slp\n|\n|-heal|p1a: Dondozo|98\/100 slp|[from] item: Leftovers\n|upkeep\n|turn|25\n|\n|t:|1701031481\n|move|p2a: Sneasler|Swords Dance|p2a: Sneasler\n|-boost|p2a: Sneasler|atk|2\n|-curestatus|p1a: Dondozo|slp|[msg]\n|move|p1a: Dondozo|Curse|p1a: Dondozo\n|-unboost|p1a: Dondozo|spe|1\n|-boost|p1a: Dondozo|atk|1\n|-boost|p1a: Dondozo|def|1\n|\n|-heal|p1a: Dondozo|100\/100|[from] item: Leftovers\n|upkeep\n|turn|26\n|inactive|drossito pambisito has 90 seconds left.\n|\n|t:|1701031506\n|move|p2a: Sneasler|Acrobatics|p1a: Dondozo\n|-damage|p1a: Dondozo|87\/100\n|move|p1a: Dondozo|Liquidation|p2a: Sneasler\n|-damage|p2a: Sneasler|0 fnt\n|faint|p2a: Sneasler\n|\n|-heal|p1a: Dondozo|93\/100|[from] item: Leftovers\n|upkeep\n|\n|t:|1701031511\n|switch|p2a: Tapu Lele|Tapu Lele|100\/100\n|-fieldstart|move: Psychic Terrain|[from] ability: Psychic Surge|[of] p2a: Tapu Lele\n|turn|27\n|\n|t:|1701031519\n|-terastallize|p1a: Dondozo|Fire\n|move|p2a: Tapu Lele|Grass Knot|p1a: Dondozo\n|-resisted|p1a: Dondozo\n|-damage|p1a: Dondozo|70\/100\n|move|p1a: Dondozo|Liquidation|p2a: Tapu Lele\n|-damage|p2a: Tapu Lele|0 fnt\n|faint|p2a: Tapu Lele\n|\n|-heal|p1a: Dondozo|76\/100|[from] item: Leftovers\n|upkeep\n|inactive|drossito pambisito has 90 seconds left.\n|\n|t:|1701031533\n|switch|p2a: Blacephalon|Blacephalon|100\/100\n|turn|28\n|c|\u2606GalvantulaSupreme|you fucked up your game letting dondozo survive tapu lele earlier \u00d1v\n|\n|t:|1701031556\n|-zpower|p2a: Blacephalon\n|move|p2a: Blacephalon|Z-Hypnosis|p1a: Dondozo|[anim]Hypnosis\n|-boost|p2a: Blacephalon|spe|1|[zeffect]\n|-status|p1a: Dondozo|slp|[from] move: Hypnosis\n|cant|p1a: Dondozo|slp\n|\n|-heal|p1a: Dondozo|83\/100 slp|[from] item: Leftovers\n|upkeep\n|turn|29\n|\n|t:|1701031563\n|move|p2a: Blacephalon|Shadow Ball|p1a: Dondozo\n|-damage|p1a: Dondozo|46\/100 slp\n|cant|p1a: Dondozo|slp\n|\n|-heal|p1a: Dondozo|52\/100 slp|[from] item: Leftovers\n|upkeep\n|turn|30\n|\n|t:|1701031568\n|move|p2a: Blacephalon|Shadow Ball|p1a: Dondozo\n|-damage|p1a: Dondozo|18\/100 slp\n|cant|p1a: Dondozo|slp\n|\n|-heal|p1a: Dondozo|25\/100 slp|[from] item: Leftovers\n|upkeep\n|turn|31\n|\n|t:|1701031574\n|move|p2a: Blacephalon|Shadow Ball|p1a: Dondozo\n|-damage|p1a: Dondozo|0 fnt\n|faint|p1a: Dondozo\n|-ability|p2a: Blacephalon|Beast Boost|boost\n|-boost|p2a: Blacephalon|spa|1\n|\n|-fieldend|move: Psychic Terrain\n|upkeep\n|\n|t:|1701031582\n|switch|p1a: Landorus|Landorus-Therian, M|84\/100\n|-ability|p1a: Landorus|Intimidate|boost\n|-unboost|p2a: Blacephalon|atk|1\n|turn|32\n|\n|t:|1701031585\n|move|p2a: Blacephalon|Hidden Power|p1a: Landorus\n|-supereffective|p1a: Landorus\n|-damage|p1a: Landorus|0 fnt\n|faint|p1a: Landorus\n|-ability|p2a: Blacephalon|Beast Boost|boost\n|-boost|p2a: Blacephalon|spa|1\n|\n|upkeep\n|\n|t:|1701031589\n|switch|p1a: Lopunny|Lopunny-Mega, M|100\/100\n|-damage|p1a: Lopunny|84\/100|[from] Spikes\n|turn|33\n|\n|t:|1701031594\n|move|p1a: Lopunny|Fake Out|p2a: Blacephalon\n|-damage|p2a: Blacephalon|52\/100\n|cant|p2a: Blacephalon|flinch\n|\n|upkeep\n|turn|34\n|\n|t:|1701031600\n|switch|p1a: Zeraora|Zeraora|36\/100\n|-damage|p1a: Zeraora|19\/100|[from] Spikes\n|move|p2a: Blacephalon|Hypnosis|p1a: Zeraora\n|-status|p1a: Zeraora|slp|[from] move: Hypnosis\n|\n|upkeep\n|turn|35\n|\n|t:|1701031605\n|move|p2a: Blacephalon|Flamethrower|p1a: Zeraora\n|-damage|p1a: Zeraora|0 fnt\n|faint|p1a: Zeraora\n|-ability|p2a: Blacephalon|Beast Boost|boost\n|-boost|p2a: Blacephalon|spa|1\n|\n|upkeep\n|\n|t:|1701031608\n|switch|p1a: Lopunny|Lopunny-Mega, M|84\/100\n|-damage|p1a: Lopunny|67\/100|[from] Spikes\n|turn|36\n|\n|t:|1701031614\n|move|p1a: Lopunny|Fake Out|p2a: Blacephalon\n|-damage|p2a: Blacephalon|1\/100\n|cant|p2a: Blacephalon|flinch\n|\n|upkeep\n|turn|37\n|\n|t:|1701031620\n|switch|p1a: Volcarona|Volcarona, M|100\/100\n|-damage|p1a: Volcarona|84\/100|[from] Spikes\n|move|p2a: Blacephalon|Flamethrower|p1a: Volcarona\n|-damage|p1a: Volcarona|0 fnt\n|faint|p1a: Volcarona\n|-ability|p2a: Blacephalon|Beast Boost|boost\n|-boost|p2a: Blacephalon|spa|1\n|\n|upkeep\n|\n|t:|1701031623\n|switch|p1a: Lopunny|Lopunny-Mega, M|67\/100\n|-damage|p1a: Lopunny|51\/100|[from] Spikes\n|turn|38\n|\n|t:|1701031630\n|move|p1a: Lopunny|Fake Out|p2a: Blacephalon\n|-damage|p2a: Blacephalon|0 fnt\n|faint|p2a: Blacephalon\n|\n|upkeep\n|\n|t:|1701031632\n|switch|p2a: Samurott|Samurott-Hisui, M|60\/100\n|turn|39\n|\n|t:|1701031638\n|move|p1a: Lopunny|Close Combat|p2a: Samurott\n|-supereffective|p2a: Samurott\n|-damage|p2a: Samurott|0 fnt\n|-unboost|p1a: Lopunny|def|1\n|-unboost|p1a: Lopunny|spd|1\n|faint|p2a: Samurott\n|\n|upkeep\n|\n|t:|1701031647\n|switch|p2a: Kyurem|Kyurem|100\/100\n|-ability|p2a: Kyurem|Pressure\n|turn|40\n|\n|t:|1701031650\n|move|p1a: Lopunny|Close Combat|p2a: Kyurem\n|-supereffective|p2a: Kyurem\n|-damage|p2a: Kyurem|0 fnt\n|-unboost|p1a: Lopunny|def|1\n|-unboost|p1a: Lopunny|spd|1\n|faint|p2a: Kyurem\n|\n|win|GalvantulaSupreme\n|raw|GalvantulaSupreme's rating: 1438 &rarr; <strong>1464<\/strong><br \/>(+26 for winning)\n|raw|drossito pambisito's rating: 1541 &rarr; <strong>1515<\/strong><br \/>(-26 for losing)\n","uploadtime":1701031553,"views":1,"p1id":"galvantulasupreme","p2id":"drossitopambisito","formatid":"gen9nationaldex","rating":1464,"private":0,"password":""}