{"id":"gen9nationaldex-1989132682","p1":"Oxxo_ntsm","p2":"JesusPizzaCrusher","format":"[Gen 9] National Dex","log":"|j|\u2606Oxxo_ntsm\n|j|\u2606JesusPizzaCrusher\n|t:|1699815720\n|gametype|singles\n|player|p1|Oxxo_ntsm|hilbert-wonderlauncher|\n|player|p2|JesusPizzaCrusher|hugh|\n|teamsize|p1|6\n|teamsize|p2|6\n|gen|9\n|tier|[Gen 9] National Dex\n|rule|HP Percentage Mod: HP is shown in percentages\n|rule|Endless Battle Clause: Forcing endless battles is banned\n|rule|OHKO Clause: OHKO moves are banned\n|rule|Evasion Clause: Evasion abilities, items, and moves are banned\n|rule|Evasion Abilities Clause: Evasion abilities are banned\n|rule|Evasion Items Clause: Evasion items are banned\n|rule|Evasion Moves Clause: Evasion moves are banned\n|rule|Species Clause: Limit one of each Pok\u00e9mon\n|rule|Sleep Clause Mod: Limit one foe put to sleep\n|clearpoke\n|poke|p1|Galvantula, M|\n|poke|p1|Volcarona, F|\n|poke|p1|Forretress, M|\n|poke|p1|Slither Wing|\n|poke|p1|Heracross, M|\n|poke|p1|Scizor, M|\n|poke|p2|Scizor, F|\n|poke|p2|Volcarona, F|\n|poke|p2|Pinsir, F|\n|poke|p2|Lokix, F|\n|poke|p2|Galvantula, F|\n|poke|p2|Araquanid, F|\n|teampreview\n|inactive|Battle timer is ON: inactive players will automatically lose when time's up. (requested by Oxxo_ntsm)\n|\n|t:|1699815731\n|start\n|switch|p1a: Mothra Leo|Slither Wing|100\/100\n|switch|p2a: Galvantula|Galvantula, F, shiny|100\/100\n|-enditem|p1a: Mothra Leo|Booster Energy\n|-activate|p1a: Mothra Leo|ability: Protosynthesis|[fromitem]\n|-start|p1a: Mothra Leo|protosynthesisatk\n|turn|1\n|\n|t:|1699815745\n|move|p2a: Galvantula|Thunder Wave|p1a: Mothra Leo\n|-status|p1a: Mothra Leo|par\n|move|p1a: Mothra Leo|Earthquake|p2a: Galvantula\n|-damage|p2a: Galvantula|9\/100\n|\n|upkeep\n|turn|2\n|\n|t:|1699815752\n|move|p2a: Galvantula|Sticky Web|p1a: Mothra Leo\n|-sidestart|p1: Oxxo_ntsm|move: Sticky Web\n|move|p1a: Mothra Leo|Earthquake|p2a: Galvantula\n|-damage|p2a: Galvantula|0 fnt\n|faint|p2a: Galvantula\n|\n|upkeep\n|\n|t:|1699815761\n|switch|p2a: Guilotine|Pinsir, F|100\/100\n|turn|3\n|\n|t:|1699815775\n|detailschange|p2a: Guilotine|Pinsir-Mega, F\n|-mega|p2a: Guilotine|Pinsir|Pinsirite\n|move|p2a: Guilotine|Swords Dance|p2a: Guilotine\n|-boost|p2a: Guilotine|atk|2\n|move|p1a: Mothra Leo|Earthquake|p2a: Guilotine\n|-immune|p2a: Guilotine\n|\n|upkeep\n|turn|4\n|\n|t:|1699815787\n|move|p2a: Guilotine|Body Slam|p1a: Mothra Leo\n|-supereffective|p1a: Mothra Leo\n|-damage|p1a: Mothra Leo|0 fnt\n|faint|p1a: Mothra Leo\n|-end|p1a: Mothra Leo|Protosynthesis|[silent]\n|\n|upkeep\n|\n|t:|1699815797\n|switch|p1a: Galvanni|Galvantula, M|100\/100\n|-activate|p1a: Galvanni|move: Sticky Web\n|-unboost|p1a: Galvanni|spe|1\n|turn|5\n|\n|t:|1699815830\n|move|p2a: Guilotine|Body Slam|p1a: Galvanni\n|-enditem|p1a: Galvanni|Focus Sash\n|-damage|p1a: Galvanni|1\/100\n|move|p1a: Galvanni|Thunder|p2a: Guilotine\n|-supereffective|p2a: Guilotine\n|-damage|p2a: Guilotine|0 fnt\n|faint|p2a: Guilotine\n|\n|upkeep\n|\n|t:|1699815837\n|switch|p2a: Kamen Rider|Lokix, F|100\/100\n|turn|6\n|\n|t:|1699815845\n|move|p2a: Kamen Rider|First Impression|p1a: Galvanni\n|-damage|p1a: Galvanni|0 fnt\n|faint|p1a: Galvanni\n|-damage|p2a: Kamen Rider|91\/100|[from] item: Life Orb\n|\n|upkeep\n|\n|t:|1699815856\n|switch|p1a: Ranque|Forretress, M|100\/100\n|-activate|p1a: Ranque|move: Sticky Web\n|-unboost|p1a: Ranque|spe|1\n|turn|7\n|\n|t:|1699815867\n|move|p2a: Kamen Rider|U-turn|p1a: Ranque\n|-resisted|p1a: Ranque\n|-damage|p1a: Ranque|79\/100\n|-damage|p2a: Kamen Rider|74\/100|[from] item: Rocky Helmet|[of] p1a: Ranque\n|-damage|p2a: Kamen Rider|64\/100|[from] item: Life Orb\n|\n|t:|1699815873\n|switch|p2a: Scizor|Scizor, F|100\/100|[from] U-turn\n|move|p1a: Ranque|Stealth Rock|p2a: Scizor\n|-sidestart|p2: JesusPizzaCrusher|move: Stealth Rock\n|\n|upkeep\n|turn|8\n|\n|t:|1699815884\n|move|p2a: Scizor|Swords Dance|p2a: Scizor\n|-boost|p2a: Scizor|atk|2\n|move|p1a: Ranque|Explosion|p2a: Scizor\n|-resisted|p2a: Scizor\n|-damage|p2a: Scizor|76\/100\n|faint|p1a: Ranque\n|\n|-heal|p2a: Scizor|82\/100|[from] item: Leftovers\n|upkeep\n|\n|t:|1699815900\n|switch|p1a: Mothra|Volcarona, F, shiny|100\/100\n|turn|9\n|\n|t:|1699815909\n|move|p1a: Mothra|Quiver Dance|p1a: Mothra\n|-boost|p1a: Mothra|spa|1\n|-boost|p1a: Mothra|spd|1\n|-boost|p1a: Mothra|spe|1\n|move|p2a: Scizor|Dual Wingbeat|p1a: Mothra\n|-supereffective|p1a: Mothra\n|-damage|p1a: Mothra|0 fnt\n|faint|p1a: Mothra\n|-hitcount|p1: Mothra|1\n|\n|-heal|p2a: Scizor|89\/100|[from] item: Leftovers\n|upkeep\n|\n|t:|1699815920\n|switch|p1a: Little Mac|Scizor, M|100\/100\n|-activate|p1a: Little Mac|move: Sticky Web\n|-unboost|p1a: Little Mac|spe|1\n|turn|10\n|\n|t:|1699815931\n|detailschange|p1a: Little Mac|Scizor-Mega, M\n|-mega|p1a: Little Mac|Scizor|Scizorite\n|move|p2a: Scizor|Dual Wingbeat|p1a: Little Mac\n|-damage|p1a: Little Mac|68\/100\n|-damage|p1a: Little Mac|32\/100\n|-hitcount|p1a: Little Mac|2\n|move|p1a: Little Mac|Swords Dance|p1a: Little Mac\n|-boost|p1a: Little Mac|atk|2\n|\n|-heal|p2a: Scizor|95\/100|[from] item: Leftovers\n|upkeep\n|turn|11\n|\n|t:|1699815943\n|move|p2a: Scizor|Dual Wingbeat|p1a: Little Mac\n|-damage|p1a: Little Mac|0 fnt\n|faint|p1a: Little Mac\n|-hitcount|p1: Little Mac|1\n|\n|-heal|p2a: Scizor|100\/100|[from] item: Leftovers\n|upkeep\n|\n|t:|1699815950\n|switch|p1a: Kabuterimon|Heracross, M|100\/100\n|-activate|p1a: Kabuterimon|move: Sticky Web\n|-unboost|p1a: Kabuterimon|spe|1\n|turn|12\n|c|\u2606JesusPizzaCrusher|omae wa\n|c|\u2606JesusPizzaCrusher|mu shindeiru\n|\n|t:|1699815962\n|move|p1a: Kabuterimon|Brick Break|p2a: Scizor\n|-damage|p2a: Scizor|60\/100\n|move|p2a: Scizor|Dual Wingbeat|p1a: Kabuterimon\n|-supereffective|p1a: Kabuterimon\n|-damage|p1a: Kabuterimon|0 fnt\n|faint|p1a: Kabuterimon\n|-hitcount|p1: Kabuterimon|1\n|\n|win|JesusPizzaCrusher\n|c|\u2606JesusPizzaCrusher|good game\n|c|\u2606JesusPizzaCrusher|hiciste bien\n","uploadtime":1699815973,"views":8,"p1id":"oxxontsm","p2id":"jesuspizzacrusher","formatid":"gen9nationaldex","rating":0,"private":0,"password":""}