{"id":"gen9nationaldex-1990825162","p1":"Smitty47401","p2":"Jhswagdog","format":"[Gen 9] National Dex","log":"|j|\u2606Smitty47401\n|j|\u2606Jhswagdog\n|t:|1700004694\n|gametype|singles\n|player|p1|Smitty47401|2|\n|player|p2|Jhswagdog|1|\n|teamsize|p1|6\n|teamsize|p2|6\n|gen|9\n|tier|[Gen 9] National Dex\n|rule|HP Percentage Mod: HP is shown in percentages\n|rule|Endless Battle Clause: Forcing endless battles is banned\n|rule|OHKO Clause: OHKO moves are banned\n|rule|Evasion Clause: Evasion abilities, items, and moves are banned\n|rule|Evasion Abilities Clause: Evasion abilities are banned\n|rule|Evasion Items Clause: Evasion items are banned\n|rule|Evasion Moves Clause: Evasion moves are banned\n|rule|Species Clause: Limit one of each Pok\u00e9mon\n|rule|Sleep Clause Mod: Limit one foe put to sleep\n|clearpoke\n|poke|p1|Mew|\n|poke|p1|Ninetales-Alola, F|\n|poke|p1|Salazzle, F|\n|poke|p1|Greninja-*, M|\n|poke|p1|Decidueye, M|\n|poke|p1|Jolteon, F|\n|poke|p2|Landorus-Therian, M|\n|poke|p2|Blaziken, M|\n|poke|p2|Clefable, M|\n|poke|p2|Scrafty, F|\n|poke|p2|Mismagius, M|\n|poke|p2|Gyarados, M|\n|teampreview\n|\n|t:|1700004775\n|start\n|switch|p1a: Jolteon|Jolteon, F|100\/100\n|switch|p2a: Scrafty|Scrafty, F|100\/100\n|turn|1\n|\n|t:|1700004843\n|switch|p2a: Landorus|Landorus-Therian, M|100\/100\n|-ability|p2a: Landorus|Intimidate|boost\n|-unboost|p1a: Jolteon|atk|1\n|move|p1a: Jolteon|Volt Switch|p2a: Landorus\n|-immune|p2a: Landorus\n|\n|upkeep\n|turn|2\n|\n|t:|1700004867\n|switch|p1a: Ninetales|Ninetales-Alola, F, shiny|100\/100\n|-weather|Snow|[from] ability: Snow Warning|[of] p1a: Ninetales\n|move|p2a: Landorus|Earthquake|p1a: Ninetales\n|-damage|p1a: Ninetales|47\/100\n|\n|-weather|Snow|[upkeep]\n|upkeep\n|turn|3\n|\n|t:|1700004886\n|move|p1a: Ninetales|Ice Beam|p2a: Landorus\n|-supereffective|p2a: Landorus\n|-damage|p2a: Landorus|0 fnt\n|faint|p2a: Landorus\n|\n|-weather|Snow|[upkeep]\n|upkeep\n|\n|t:|1700004953\n|switch|p2a: Gyarados|Gyarados, M|100\/100\n|-ability|p2a: Gyarados|Intimidate|boost\n|-unboost|p1a: Ninetales|atk|1\n|turn|4\n|\n|t:|1700004965\n|move|p1a: Ninetales|Ice Beam|p2a: Gyarados\n|-damage|p2a: Gyarados|64\/100\n|move|p2a: Gyarados|Earthquake|p1a: Ninetales\n|-damage|p1a: Ninetales|7\/100\n|\n|-weather|Snow|[upkeep]\n|upkeep\n|turn|5\n|\n|t:|1700004987\n|-terastallize|p2a: Gyarados|Water\n|move|p1a: Ninetales|Ice Beam|p2a: Gyarados\n|-resisted|p2a: Gyarados\n|-damage|p2a: Gyarados|46\/100\n|move|p2a: Gyarados|Earthquake|p1a: Ninetales\n|-damage|p1a: Ninetales|0 fnt\n|faint|p1a: Ninetales\n|\n|-weather|Snow|[upkeep]\n|upkeep\n|\n|t:|1700005000\n|switch|p1a: Jolteon|Jolteon, F|100\/100\n|turn|6\n|\n|t:|1700005031\n|move|p1a: Jolteon|Thunderbolt|p2a: Gyarados\n|-supereffective|p2a: Gyarados\n|-damage|p2a: Gyarados|0 fnt\n|faint|p2a: Gyarados\n|\n|-weather|none\n|upkeep\n|\n|t:|1700005047\n|switch|p2a: Blaziken|Blaziken, M|100\/100\n|turn|7\n|\n|t:|1700005104\n|-singleturn|p2a: Blaziken|move: Focus Punch\n|move|p1a: Jolteon|Volt Switch|p2a: Blaziken\n|-damage|p2a: Blaziken|54\/100\n|\n|t:|1700005109\n|switch|p1a: Mew|Mew, shiny|100\/100|[from] Volt Switch\n|cant|p2a: Blaziken|Focus Punch|Focus Punch\n|\n|-ability|p2a: Blaziken|Speed Boost|boost\n|-boost|p2a: Blaziken|spe|1\n|upkeep\n|turn|8\n|\n|t:|1700005127\n|switch|p2a: Mismagius|Mismagius, M|100\/100\n|move|p1a: Mew|Psychic|p2a: Mismagius\n|-damage|p2a: Mismagius|64\/100\n|\n|upkeep\n|turn|9\n|\n|t:|1700005167\n|switch|p1a: Greninja|Greninja, M|100\/100\n|move|p2a: Mismagius|Shadow Ball|p1a: Greninja\n|-resisted|p1a: Greninja\n|-damage|p1a: Greninja|73\/100\n|\n|upkeep\n|turn|10\n|\n|t:|1700005185\n|switch|p2a: Clefable|Clefable, M|100\/100\n|move|p1a: Greninja|Dark Pulse|p2a: Clefable\n|-start|p1a: Greninja|typechange|Dark|[from] ability: Protean\n|-resisted|p2a: Clefable\n|-crit|p2a: Clefable\n|-damage|p2a: Clefable|77\/100\n|\n|-heal|p2a: Clefable|83\/100|[from] item: Leftovers\n|upkeep\n|turn|11\n|\n|t:|1700005211\n|move|p1a: Greninja|U-turn|p2a: Clefable\n|-resisted|p2a: Clefable\n|-damage|p2a: Clefable|76\/100\n|\n|t:|1700005218\n|switch|p1a: Toxolizard|Salazzle, F, shiny|100\/100|[from] U-turn\n|move|p2a: Clefable|Moonblast|p1a: Toxolizard\n|-resisted|p1a: Toxolizard\n|-damage|p1a: Toxolizard|81\/100\n|-unboost|p1a: Toxolizard|spa|1\n|\n|-heal|p2a: Clefable|82\/100|[from] item: Leftovers\n|upkeep\n|turn|12\n|\n|t:|1700005303\n|move|p1a: Toxolizard|Sludge Wave|p2a: Clefable\n|-supereffective|p2a: Clefable\n|-damage|p2a: Clefable|0 fnt\n|faint|p2a: Clefable\n|\n|upkeep\n|\n|t:|1700005310\n|switch|p2a: Mismagius|Mismagius, M|64\/100\n|turn|13\n|\n|t:|1700005328\n|move|p1a: Toxolizard|Leech Life|p2a: Mismagius\n|-resisted|p2a: Mismagius\n|-damage|p2a: Mismagius|53\/100\n|-heal|p1a: Toxolizard|87\/100|[from] drain|[of] p2a: Mismagius\n|move|p2a: Mismagius|Trick|p1a: Toxolizard\n|-activate|p2a: Mismagius|move: Trick|[of] p1a: Toxolizard\n|-item|p1a: Toxolizard|Choice Band|[from] move: Trick\n|-item|p2a: Mismagius|Heavy-Duty Boots|[from] move: Trick\n|\n|upkeep\n|turn|14\n|\n|t:|1700005452\n|switch|p1a: Greninja|Greninja, M|73\/100\n|move|p2a: Mismagius|Power Gem|p1a: Greninja\n|-damage|p1a: Greninja|33\/100\n|\n|upkeep\n|turn|15\n|\n|t:|1700005461\n|move|p1a: Greninja|Dark Pulse|p2a: Mismagius\n|-start|p1a: Greninja|typechange|Dark|[from] ability: Protean\n|-supereffective|p2a: Mismagius\n|-damage|p2a: Mismagius|0 fnt\n|faint|p2a: Mismagius\n|\n|upkeep\n|\n|t:|1700005468\n|switch|p2a: Scrafty|Scrafty, F|100\/100\n|turn|16\n|\n|t:|1700005490\n|move|p1a: Greninja|U-turn|p2a: Scrafty\n|-damage|p2a: Scrafty|84\/100\n|\n|t:|1700005527\n|switch|p1a: Mew|Mew, shiny|100\/100|[from] U-turn\n|move|p2a: Scrafty|Drain Punch|p1a: Mew\n|-resisted|p1a: Mew\n|-damage|p1a: Mew|86\/100\n|-heal|p2a: Scrafty|95\/100|[from] drain|[of] p1a: Mew\n|\n|-heal|p1a: Mew|92\/100|[from] item: Leftovers\n|upkeep\n|turn|17\n|\n|t:|1700005548\n|move|p1a: Mew|Dazzling Gleam|p2a: Scrafty\n|-supereffective|p2a: Scrafty\n|-damage|p2a: Scrafty|18\/100\n|move|p2a: Scrafty|Foul Play|p1a: Mew\n|-supereffective|p1a: Mew\n|-crit|p1a: Mew\n|-damage|p1a: Mew|15\/100\n|\n|-heal|p1a: Mew|21\/100|[from] item: Leftovers\n|upkeep\n|turn|18\n|\n|t:|1700005562\n|switch|p2a: Blaziken|Blaziken, M|54\/100\n|move|p1a: Mew|Dazzling Gleam|p2a: Blaziken\n|-crit|p2a: Blaziken\n|-damage|p2a: Blaziken|16\/100\n|\n|-heal|p1a: Mew|27\/100|[from] item: Leftovers\n|upkeep\n|turn|19\n|\n|t:|1700005577\n|move|p2a: Blaziken|Fire Blast|p1a: Mew\n|-damage|p1a: Mew|0 fnt\n|faint|p1a: Mew\n|\n|-ability|p2a: Blaziken|Speed Boost|boost\n|-boost|p2a: Blaziken|spe|1\n|upkeep\n|\n|t:|1700005617\n|switch|p1a: Toxolizard|Salazzle, F, shiny|87\/100\n|turn|20\n|\n|t:|1700005626\n|move|p2a: Blaziken|Fire Blast|p1a: Toxolizard|[miss]\n|-miss|p2a: Blaziken|p1a: Toxolizard\n|move|p1a: Toxolizard|Sludge Wave|p2a: Blaziken\n|-damage|p2a: Blaziken|0 fnt\n|faint|p2a: Blaziken\n|\n|upkeep\n|\n|t:|1700005632\n|switch|p2a: Scrafty|Scrafty, F|18\/100\n|turn|21\n|\n|t:|1700005655\n|move|p1a: Toxolizard|Sludge Wave|p2a: Scrafty\n|-damage|p2a: Scrafty|0 fnt\n|faint|p2a: Scrafty\n|\n|win|Smitty47401\n|c|\u2606Jhswagdog|gg\n","uploadtime":1700005664,"views":26,"p1id":"smitty47401","p2id":"jhswagdog","formatid":"gen9nationaldex","rating":0,"private":0,"password":""}