{"id":"gen9nationaldex-1994267215","p1":"pmarcos7","p2":"Superfunandgames","format":"[Gen 9] National Dex","log":"|j|\u2606pmarcos7\n|j|\u2606Superfunandgames\n|t:|1700425209\n|gametype|singles\n|player|p1|pmarcos7|169|1120\n|player|p2|Superfunandgames|volkner|1112\n|teamsize|p1|6\n|teamsize|p2|6\n|gen|9\n|tier|[Gen 9] National Dex\n|rated|\n|rule|HP Percentage Mod: HP is shown in percentages\n|rule|Endless Battle Clause: Forcing endless battles is banned\n|rule|OHKO Clause: OHKO moves are banned\n|rule|Evasion Clause: Evasion abilities, items, and moves are banned\n|rule|Evasion Abilities Clause: Evasion abilities are banned\n|rule|Evasion Items Clause: Evasion items are banned\n|rule|Evasion Moves Clause: Evasion moves are banned\n|rule|Species Clause: Limit one of each Pok\u00e9mon\n|rule|Sleep Clause Mod: Limit one foe put to sleep\n|clearpoke\n|poke|p1|Garchomp, M|\n|poke|p1|Rotom-Wash|\n|poke|p1|Corviknight, M|\n|poke|p1|Incineroar, F|\n|poke|p1|Toxapex, M|\n|poke|p1|Meowscarada, M|\n|poke|p2|Beedrill, F|\n|poke|p2|Basculegion, M|\n|poke|p2|Basculin, F|\n|poke|p2|Porygon-Z|\n|poke|p2|Crawdaunt, M|\n|poke|p2|Dragalge, F|\n|teampreview\n|inactive|Battle timer is ON: inactive players will automatically lose when time's up. (requested by pmarcos7)\n|\n|t:|1700425237\n|start\n|switch|p1a: Garchomp|Garchomp, M|100\/100\n|switch|p2a: Basculegion|Basculegion, M|100\/100\n|turn|1\n|\n|t:|1700425250\n|move|p2a: Basculegion|Wave Crash|p1a: Garchomp\n|-damage|p1a: Garchomp|29\/100\n|-damage|p2a: Basculegion|88\/100|[from] ability: Rough Skin|[of] p1a: Garchomp\n|-damage|p2a: Basculegion|66\/100|[from] Recoil\n|move|p1a: Garchomp|Dragon Claw|p2a: Basculegion\n|-damage|p2a: Basculegion|0 fnt\n|faint|p2a: Basculegion\n|\n|upkeep\n|\n|t:|1700425263\n|switch|p2a: Basculin|Basculin, F|100\/100\n|turn|2\n|\n|t:|1700425271\n|switch|p1a: Rotom|Rotom-Wash|100\/100\n|move|p2a: Basculin|Aqua Jet|p1a: Rotom\n|-resisted|p1a: Rotom\n|-damage|p1a: Rotom|82\/100\n|\n|-heal|p1a: Rotom|88\/100|[from] item: Leftovers\n|upkeep\n|turn|3\n|\n|t:|1700425283\n|switch|p2a: Dragalge|Dragalge, F|100\/100\n|move|p1a: Rotom|Volt Switch|p2a: Dragalge\n|-resisted|p2a: Dragalge\n|-damage|p2a: Dragalge|88\/100\n|\n|t:|1700425288\n|switch|p1a: Garchomp|Garchomp, M|29\/100|[from] Volt Switch\n|\n|upkeep\n|turn|4\n|\n|t:|1700425297\n|switch|p2a: Basculin|Basculin, F|100\/100\n|move|p1a: Garchomp|Dragon Claw|p2a: Basculin\n|-damage|p2a: Basculin|0 fnt\n|faint|p2a: Basculin\n|\n|upkeep\n|\n|t:|1700425308\n|switch|p2a: Beedrill|Beedrill, F|100\/100\n|turn|5\n|c|\u2606pmarcos7|tu \u00e9 br?\n|\n|t:|1700425335\n|switch|p1a: Incineroar|Incineroar, F|100\/100\n|-ability|p1a: Incineroar|Intimidate|boost\n|-unboost|p2a: Beedrill|atk|1\n|detailschange|p2a: Beedrill|Beedrill-Mega, F\n|-mega|p2a: Beedrill|Beedrill|Beedrillite\n|move|p2a: Beedrill|Swords Dance|p2a: Beedrill\n|-boost|p2a: Beedrill|atk|2\n|\n|upkeep\n|turn|6\n|inactive|pmarcos7 has 120 seconds left.\n|\n|t:|1700425371\n|move|p2a: Beedrill|Poison Jab|p1a: Incineroar\n|-damage|p1a: Incineroar|31\/100\n|-status|p1a: Incineroar|psn\n|move|p1a: Incineroar|Flare Blitz|p2a: Beedrill\n|-supereffective|p2a: Beedrill\n|-damage|p2a: Beedrill|0 fnt\n|faint|p2a: Beedrill\n|-damage|p1a: Incineroar|8\/100 psn|[from] Recoil\n|-enditem|p1a: Incineroar|Figy Berry|[eat]\n|-heal|p1a: Incineroar|41\/100 psn|[from] item: Figy Berry\n|\n|-damage|p1a: Incineroar|29\/100 psn|[from] psn\n|upkeep\n|inactive|Superfunandgames has 120 seconds left.\n|\n|t:|1700425387\n|switch|p2a: Porygon-Z|Porygon-Z|100\/100\n|turn|7\n|inactive|Superfunandgames has 120 seconds left.\n|inactive|pmarcos7 has 120 seconds left.\n|\n|t:|1700425409\n|-zpower|p2a: Porygon-Z\n|move|p2a: Porygon-Z|Z-Conversion|p2a: Porygon-Z|[anim]Conversion\n|-boost|p2a: Porygon-Z|atk|1|[zeffect]\n|-boost|p2a: Porygon-Z|def|1|[zeffect]\n|-boost|p2a: Porygon-Z|spa|1|[zeffect]\n|-boost|p2a: Porygon-Z|spd|1|[zeffect]\n|-boost|p2a: Porygon-Z|spe|1|[zeffect]\n|-start|p2a: Porygon-Z|typechange|Ghost\n|move|p1a: Incineroar|Knock Off|p2a: Porygon-Z\n|-supereffective|p2a: Porygon-Z\n|-damage|p2a: Porygon-Z|50\/100\n|\n|-damage|p1a: Incineroar|16\/100 psn|[from] psn\n|upkeep\n|turn|8\n|inactive|Superfunandgames has 120 seconds left.\n|\n|t:|1700425423\n|move|p2a: Porygon-Z|Thunderbolt|p1a: Incineroar\n|-damage|p1a: Incineroar|0 fnt\n|faint|p1a: Incineroar\n|\n|upkeep\n|\n|t:|1700425427\n|switch|p1a: Toxapex|Toxapex, M, shiny|100\/100\n|turn|9\n|\n|t:|1700425433\n|-terastallize|p1a: Toxapex|Ground\n|move|p2a: Porygon-Z|Thunderbolt|p1a: Toxapex\n|-immune|p1a: Toxapex\n|move|p1a: Toxapex|Haze|p1a: Toxapex\n|-clearallboost\n|\n|upkeep\n|turn|10\n|-message|Superfunandgames forfeited.\n|\n|win|pmarcos7\n|raw|pmarcos7's rating: 1120 &rarr; <strong>1144<\/strong><br \/>(+24 for winning)\n|raw|Superfunandgames's rating: 1112 &rarr; <strong>1088<\/strong><br \/>(-24 for losing)\n|l|\u2606Superfunandgames\n","uploadtime":1700425448,"views":8,"p1id":"pmarcos7","p2id":"superfunandgames","formatid":"gen9nationaldex","rating":1088,"private":0,"password":""}