{"id":"gen9nationaldex-1998580297","p1":"llxli","p2":"hcff","format":"[Gen 9] National Dex","log":"|html|<div class=\"broadcast-blue\"><strong>[Gen 9] National Dex is currently suspecting Sneasler! For information on how to participate check out the <a href=\"https:\/\/www.smogon.com\/forums\/threads\/sv-national-dex-suspect-8-just-dance.3731534\/\">suspect thread<\/a>.<\/strong><\/div>\n|j|\u2606llxli\n|j|\u2606hcff\n|t:|1700958895\n|gametype|singles\n|player|p1|llxli|102|1399\n|player|p2|hcff|ingo|1462\n|teamsize|p1|6\n|teamsize|p2|6\n|gen|9\n|tier|[Gen 9] National Dex\n|rated|\n|rule|HP Percentage Mod: HP is shown in percentages\n|rule|Endless Battle Clause: Forcing endless battles is banned\n|rule|OHKO Clause: OHKO moves are banned\n|rule|Evasion Clause: Evasion abilities, items, and moves are banned\n|rule|Evasion Abilities Clause: Evasion abilities are banned\n|rule|Evasion Items Clause: Evasion items are banned\n|rule|Evasion Moves Clause: Evasion moves are banned\n|rule|Species Clause: Limit one of each Pok\u00e9mon\n|rule|Sleep Clause Mod: Limit one foe put to sleep\n|clearpoke\n|poke|p1|Ferrothorn, M|\n|poke|p1|Pelipper, F|\n|poke|p1|Scizor, M|\n|poke|p1|Manaphy|\n|poke|p1|Barraskewda, M|\n|poke|p1|Zapdos|\n|poke|p2|Latias, F|\n|poke|p2|Virizion|\n|poke|p2|Salamence, F|\n|poke|p2|Barraskewda, F|\n|poke|p2|Heatran, F|\n|poke|p2|Hatterene, F|\n|teampreview\n|inactive|Battle timer is ON: inactive players will automatically lose when time's up. (requested by hcff)\n|\n|t:|1700958913\n|start\n|switch|p1a: Barraskewda|Barraskewda, M|100\/100\n|switch|p2a: Hatterene|Hatterene, F|100\/100\n|turn|1\n|\n|t:|1700958916\n|move|p1a: Barraskewda|Flip Turn|p2a: Hatterene\n|-damage|p2a: Hatterene|57\/100\n|\n|t:|1700958919\n|switch|p1a: Pelipper|Pelipper, F|100\/100|[from] Flip Turn\n|-weather|RainDance|[from] ability: Drizzle|[of] p1a: Pelipper\n|move|p2a: Hatterene|Calm Mind|p2a: Hatterene\n|-boost|p2a: Hatterene|spa|1\n|-boost|p2a: Hatterene|spd|1\n|\n|-weather|RainDance|[upkeep]\n|-heal|p2a: Hatterene|63\/100|[from] item: Leftovers\n|upkeep\n|turn|2\n|\n|t:|1700958926\n|move|p1a: Pelipper|U-turn|p2a: Hatterene\n|-damage|p2a: Hatterene|56\/100\n|\n|t:|1700958930\n|switch|p1a: Scizor|Scizor, M|100\/100|[from] U-turn\n|move|p2a: Hatterene|Draining Kiss|p1a: Scizor\n|-resisted|p1a: Scizor\n|-damage|p1a: Scizor|81\/100\n|-heal|p2a: Hatterene|72\/100|[from] drain|[of] p1a: Scizor\n|\n|-weather|RainDance|[upkeep]\n|-heal|p2a: Hatterene|78\/100|[from] item: Leftovers\n|upkeep\n|turn|3\n|\n|t:|1700958937\n|detailschange|p1a: Scizor|Scizor-Mega, M\n|-mega|p1a: Scizor|Scizor|Scizorite\n|move|p1a: Scizor|U-turn|p2a: Hatterene\n|-damage|p2a: Hatterene|42\/100\n|\n|t:|1700958942\n|switch|p1a: Ferrothorn|Ferrothorn, M|100\/100|[from] U-turn\n|move|p2a: Hatterene|Mystical Fire|p1a: Ferrothorn\n|-supereffective|p1a: Ferrothorn\n|-damage|p1a: Ferrothorn|48\/100\n|-unboost|p1a: Ferrothorn|spa|1\n|\n|-weather|RainDance|[upkeep]\n|-heal|p1a: Ferrothorn|54\/100|[from] item: Leftovers\n|-heal|p2a: Hatterene|48\/100|[from] item: Leftovers\n|upkeep\n|turn|4\n|\n|t:|1700958956\n|switch|p1a: Manaphy|Manaphy|100\/100\n|move|p2a: Hatterene|Mystical Fire|p1a: Manaphy\n|-resisted|p1a: Manaphy\n|-damage|p1a: Manaphy|93\/100\n|-unboost|p1a: Manaphy|spa|1\n|\n|-weather|RainDance|[upkeep]\n|-heal|p1a: Manaphy|99\/100|[from] item: Leftovers\n|-heal|p2a: Hatterene|54\/100|[from] item: Leftovers\n|upkeep\n|turn|5\n|\n|t:|1700958967\n|move|p1a: Manaphy|Substitute|p1a: Manaphy\n|-start|p1a: Manaphy|Substitute\n|-damage|p1a: Manaphy|74\/100\n|move|p2a: Hatterene|Psyshock|p1a: Manaphy\n|-end|p1a: Manaphy|Substitute\n|\n|-weather|RainDance|[upkeep]\n|-heal|p1a: Manaphy|80\/100|[from] item: Leftovers\n|-heal|p2a: Hatterene|60\/100|[from] item: Leftovers\n|upkeep\n|turn|6\n|\n|t:|1700958975\n|switch|p1a: Scizor|Scizor-Mega, M|81\/100\n|move|p2a: Hatterene|Psyshock|p1a: Scizor\n|-resisted|p1a: Scizor\n|-damage|p1a: Scizor|61\/100\n|\n|-weather|RainDance|[upkeep]\n|-heal|p2a: Hatterene|66\/100|[from] item: Leftovers\n|upkeep\n|turn|7\n|\n|t:|1700958981\n|move|p1a: Scizor|Bullet Punch|p2a: Hatterene\n|-supereffective|p2a: Hatterene\n|-damage|p2a: Hatterene|1\/100\n|move|p2a: Hatterene|Mystical Fire|p1a: Scizor\n|-supereffective|p1a: Scizor\n|-damage|p1a: Scizor|0 fnt\n|faint|p1a: Scizor\n|\n|-weather|RainDance|[upkeep]\n|-heal|p2a: Hatterene|7\/100|[from] item: Leftovers\n|upkeep\n|\n|t:|1700958985\n|switch|p1a: Barraskewda|Barraskewda, M|100\/100\n|turn|8\n|\n|t:|1700958989\n|move|p1a: Barraskewda|Flip Turn|p2a: Hatterene\n|-damage|p2a: Hatterene|0 fnt\n|faint|p2a: Hatterene\n|\n|t:|1700958994\n|switch|p1a: Ferrothorn|Ferrothorn, M|54\/100|[from] Flip Turn\n|\n|-weather|none\n|-heal|p1a: Ferrothorn|61\/100|[from] item: Leftovers\n|upkeep\n|\n|t:|1700958998\n|switch|p2a: Heatran|Heatran, F|100\/100\n|turn|9\n|\n|t:|1700959001\n|move|p1a: Ferrothorn|Protect|p1a: Ferrothorn\n|-singleturn|p1a: Ferrothorn|Protect\n|move|p2a: Heatran|Magma Storm|p1a: Ferrothorn\n|-activate|p1a: Ferrothorn|move: Protect\n|\n|-heal|p1a: Ferrothorn|67\/100|[from] item: Leftovers\n|upkeep\n|turn|10\n|\n|t:|1700959006\n|switch|p1a: Pelipper|Pelipper, F|100\/100\n|-weather|RainDance|[from] ability: Drizzle|[of] p1a: Pelipper\n|move|p2a: Heatran|Magma Storm|p1a: Pelipper\n|-resisted|p1a: Pelipper\n|-damage|p1a: Pelipper|84\/100\n|-activate|p1a: Pelipper|move: Magma Storm|[of] p2a: Heatran\n|\n|-weather|RainDance|[upkeep]\n|-damage|p1a: Pelipper|72\/100|[from] move: Magma Storm|[partiallytrapped]\n|upkeep\n|turn|11\n|\n|t:|1700959013\n|move|p2a: Heatran|Toxic|p1a: Pelipper\n|-status|p1a: Pelipper|tox\n|move|p1a: Pelipper|U-turn|p2a: Heatran\n|-resisted|p2a: Heatran\n|-damage|p2a: Heatran|99\/100\n|\n|t:|1700959021\n|switch|p1a: Manaphy|Manaphy|80\/100|[from] U-turn\n|\n|-weather|RainDance|[upkeep]\n|-heal|p1a: Manaphy|87\/100|[from] item: Leftovers\n|-heal|p2a: Heatran|100\/100|[from] item: Leftovers\n|upkeep\n|turn|12\n|\n|t:|1700959029\n|-terastallize|p2a: Heatran|Grass\n|move|p1a: Manaphy|Substitute|p1a: Manaphy\n|-start|p1a: Manaphy|Substitute\n|-damage|p1a: Manaphy|62\/100\n|move|p2a: Heatran|Toxic||[still]\n|-fail|p2a: Heatran\n|\n|-weather|RainDance|[upkeep]\n|-heal|p1a: Manaphy|68\/100|[from] item: Leftovers\n|upkeep\n|turn|13\n|\n|t:|1700959037\n|switch|p2a: Virizion|Virizion|100\/100\n|move|p1a: Manaphy|Tail Glow|p1a: Manaphy\n|-boost|p1a: Manaphy|spa|3\n|\n|-weather|RainDance|[upkeep]\n|-heal|p1a: Manaphy|74\/100|[from] item: Leftovers\n|upkeep\n|turn|14\n|\n|t:|1700959045\n|-terastallize|p1a: Manaphy|Dragon\n|move|p2a: Virizion|Giga Drain|p1a: Manaphy\n|-resisted|p1a: Manaphy\n|-activate|p1a: Manaphy|move: Substitute|[damage]\n|-damage|p2a: Virizion|91\/100|[from] item: Life Orb\n|move|p1a: Manaphy|Ice Beam|p2a: Virizion\n|-supereffective|p2a: Virizion\n|-damage|p2a: Virizion|0 fnt\n|faint|p2a: Virizion\n|\n|-weather|RainDance|[upkeep]\n|-heal|p1a: Manaphy|80\/100|[from] item: Leftovers\n|upkeep\n|\n|t:|1700959058\n|switch|p2a: Salamence|Salamence, F|100\/100\n|-ability|p2a: Salamence|Intimidate|boost\n|-immune|p1a: Manaphy\n|turn|15\n|\n|t:|1700959061\n|move|p2a: Salamence|Draco Meteor|p1a: Manaphy\n|-supereffective|p1a: Manaphy\n|-end|p1a: Manaphy|Substitute\n|-unboost|p2a: Salamence|spa|2\n|move|p1a: Manaphy|Ice Beam|p2a: Salamence\n|-supereffective|p2a: Salamence\n|-crit|p2a: Salamence\n|-damage|p2a: Salamence|0 fnt\n|faint|p2a: Salamence\n|\n|-weather|RainDance|[upkeep]\n|-heal|p1a: Manaphy|86\/100|[from] item: Leftovers\n|upkeep\n|\n|t:|1700959065\n|switch|p2a: Barraskewda|Barraskewda, F|100\/100\n|turn|16\n|\n|t:|1700959070\n|move|p2a: Barraskewda|Close Combat|p1a: Manaphy\n|-damage|p1a: Manaphy|36\/100\n|-unboost|p2a: Barraskewda|def|1\n|-unboost|p2a: Barraskewda|spd|1\n|move|p1a: Manaphy|Scald|p2a: Barraskewda\n|-resisted|p2a: Barraskewda\n|-damage|p2a: Barraskewda|0 fnt\n|faint|p2a: Barraskewda\n|\n|-weather|RainDance|[upkeep]\n|-heal|p1a: Manaphy|42\/100|[from] item: Leftovers\n|upkeep\n|\n|t:|1700959074\n|switch|p2a: Latias|Latias, F|100\/100\n|turn|17\n|\n|t:|1700959085\n|switch|p1a: Ferrothorn|Ferrothorn, M|67\/100\n|move|p2a: Latias|Psyshock|p1a: Ferrothorn\n|-resisted|p1a: Ferrothorn\n|-damage|p1a: Ferrothorn|58\/100\n|\n|-weather|none\n|-heal|p1a: Ferrothorn|64\/100|[from] item: Leftovers\n|upkeep\n|turn|18\n|\n|t:|1700959104\n|move|p2a: Latias|Substitute|p2a: Latias\n|-start|p2a: Latias|Substitute\n|-damage|p2a: Latias|75\/100\n|move|p1a: Ferrothorn|Stealth Rock|p2a: Latias\n|-sidestart|p2: hcff|move: Stealth Rock\n|\n|-heal|p2a: Latias|82\/100|[from] item: Leftovers\n|-heal|p1a: Ferrothorn|71\/100|[from] item: Leftovers\n|upkeep\n|turn|19\n|\n|t:|1700959108\n|switch|p1a: Zapdos|Zapdos|100\/100\n|move|p2a: Latias|Calm Mind|p2a: Latias\n|-boost|p2a: Latias|spa|1\n|-boost|p2a: Latias|spd|1\n|\n|-heal|p2a: Latias|88\/100|[from] item: Leftovers\n|upkeep\n|turn|20\n|\n|t:|1700959113\n|move|p2a: Latias|Calm Mind|p2a: Latias\n|-boost|p2a: Latias|spa|1\n|-boost|p2a: Latias|spd|1\n|-zpower|p1a: Zapdos\n|move|p1a: Zapdos|Z-Rain Dance|p1a: Zapdos|[anim]Rain Dance\n|-boost|p1a: Zapdos|spe|1|[zeffect]\n|-weather|RainDance\n|\n|-weather|RainDance|[upkeep]\n|-heal|p2a: Latias|94\/100|[from] item: Leftovers\n|upkeep\n|turn|21\n|\n|t:|1700959118\n|move|p1a: Zapdos|Hurricane|p2a: Latias\n|-activate|p2a: Latias|move: Substitute|[damage]\n|move|p2a: Latias|Calm Mind|p2a: Latias\n|-boost|p2a: Latias|spa|1\n|-boost|p2a: Latias|spd|1\n|\n|-weather|RainDance|[upkeep]\n|-heal|p2a: Latias|99\/100|[from] item: Leftovers\n|upkeep\n|turn|22\n|\n|t:|1700959123\n|move|p1a: Zapdos|Hurricane|p2a: Latias\n|-end|p2a: Latias|Substitute\n|move|p2a: Latias|Substitute|p2a: Latias\n|-start|p2a: Latias|Substitute\n|-damage|p2a: Latias|75\/100\n|\n|-weather|RainDance|[upkeep]\n|-heal|p2a: Latias|81\/100|[from] item: Leftovers\n|upkeep\n|turn|23\n|\n|t:|1700959127\n|move|p1a: Zapdos|Hurricane|p2a: Latias\n|-activate|p2a: Latias|move: Substitute|[damage]\n|move|p2a: Latias|Calm Mind|p2a: Latias\n|-boost|p2a: Latias|spa|1\n|-boost|p2a: Latias|spd|1\n|\n|-weather|RainDance|[upkeep]\n|-heal|p2a: Latias|87\/100|[from] item: Leftovers\n|upkeep\n|turn|24\n|\n|t:|1700959132\n|switch|p1a: Barraskewda|Barraskewda, M|100\/100\n|move|p2a: Latias|Calm Mind|p2a: Latias\n|-boost|p2a: Latias|spa|1\n|-boost|p2a: Latias|spd|1\n|\n|-weather|none\n|-heal|p2a: Latias|93\/100|[from] item: Leftovers\n|upkeep\n|turn|25\n|\n|t:|1700959136\n|move|p1a: Barraskewda|Flip Turn|p2a: Latias\n|-resisted|p2a: Latias\n|-end|p2a: Latias|Substitute\n|\n|t:|1700959142\n|switch|p1a: Zapdos|Zapdos|100\/100|[from] Flip Turn\n|move|p2a: Latias|Psyshock|p1a: Zapdos\n|-damage|p1a: Zapdos|0 fnt\n|faint|p1a: Zapdos\n|\n|-heal|p2a: Latias|99\/100|[from] item: Leftovers\n|upkeep\n|\n|t:|1700959149\n|switch|p1a: Pelipper|Pelipper, F|72\/100 tox\n|-weather|RainDance|[from] ability: Drizzle|[of] p1a: Pelipper\n|turn|26\n|\n|t:|1700959153\n|move|p2a: Latias|Substitute|p2a: Latias\n|-start|p2a: Latias|Substitute\n|-damage|p2a: Latias|74\/100\n|move|p1a: Pelipper|U-turn|p2a: Latias\n|-supereffective|p2a: Latias\n|-activate|p2a: Latias|move: Substitute|[damage]\n|\n|t:|1700959159\n|switch|p1a: Barraskewda|Barraskewda, M|100\/100|[from] U-turn\n|\n|-weather|RainDance|[upkeep]\n|-heal|p2a: Latias|80\/100|[from] item: Leftovers\n|upkeep\n|turn|27\n|\n|t:|1700959169\n|move|p1a: Barraskewda|Flip Turn|p2a: Latias\n|-resisted|p2a: Latias\n|-end|p2a: Latias|Substitute\n|\n|t:|1700959174\n|switch|p1a: Manaphy|Manaphy, tera:Dragon|42\/100|[from] Flip Turn\n|move|p2a: Latias|Psyshock|p1a: Manaphy\n|-damage|p1a: Manaphy|0 fnt\n|faint|p1a: Manaphy\n|\n|-weather|RainDance|[upkeep]\n|-heal|p2a: Latias|86\/100|[from] item: Leftovers\n|upkeep\n|\n|t:|1700959180\n|switch|p1a: Barraskewda|Barraskewda, M|100\/100\n|turn|28\n|\n|t:|1700959184\n|move|p1a: Barraskewda|Liquidation|p2a: Latias\n|-resisted|p2a: Latias\n|-damage|p2a: Latias|36\/100\n|move|p2a: Latias|Psyshock|p1a: Barraskewda\n|-damage|p1a: Barraskewda|0 fnt\n|faint|p1a: Barraskewda\n|\n|-weather|RainDance|[upkeep]\n|-heal|p2a: Latias|42\/100|[from] item: Leftovers\n|upkeep\n|-message|llxli forfeited.\n|\n|win|hcff\n|raw|llxli's rating: 1399 &rarr; <strong>1383<\/strong><br \/>(-16 for losing)\n|raw|hcff's rating: 1462 &rarr; <strong>1478<\/strong><br \/>(+16 for winning)\n|l|\u2606llxli\n","uploadtime":1700959194,"views":30,"p1id":"llxli","p2id":"hcff","formatid":"gen9nationaldex","rating":1383,"private":0,"password":""}