{"id":"gen9nationaldex-1990556075","p1":"GORE AND FLESH","p2":"PWA Wright","format":"[Gen 9] National Dex","log":"|j|\u2606GORE AND FLESH\n|j|\u2606PWA Wright\n|t:|1699981136\n|gametype|singles\n|player|p1|GORE AND FLESH|cynthia-gen4|1525\n|player|p2|PWA Wright|cynthia|1691\n|teamsize|p1|6\n|teamsize|p2|6\n|gen|9\n|tier|[Gen 9] National Dex\n|rated|\n|rule|HP Percentage Mod: HP is shown in percentages\n|rule|Endless Battle Clause: Forcing endless battles is banned\n|rule|OHKO Clause: OHKO moves are banned\n|rule|Evasion Clause: Evasion abilities, items, and moves are banned\n|rule|Evasion Abilities Clause: Evasion abilities are banned\n|rule|Evasion Items Clause: Evasion items are banned\n|rule|Evasion Moves Clause: Evasion moves are banned\n|rule|Species Clause: Limit one of each Pok\u00e9mon\n|rule|Sleep Clause Mod: Limit one foe put to sleep\n|clearpoke\n|poke|p1|Toxapex, F|\n|poke|p1|Gliscor, M|\n|poke|p1|Blissey, F|\n|poke|p1|Aggron, M|\n|poke|p1|Heatran, F|\n|poke|p1|Rillaboom, F|\n|poke|p2|Garchomp, M|\n|poke|p2|Dondozo, M|\n|poke|p2|Tyranitar, F|\n|poke|p2|Charizard, F|\n|poke|p2|Clodsire, F|\n|poke|p2|Corviknight, M|\n|teampreview\n|inactive|Battle timer is ON: inactive players will automatically lose when time's up. (requested by PWA Wright)\n|j| Aziz Le Bledart\n|l| Aziz Le Bledart\n|inactive|GORE AND FLESH has 120 seconds left.\n|\n|t:|1699981199\n|start\n|switch|p1a: Aggron|Aggron, M|100\/100\n|switch|p2a: Clodsire|Clodsire, F|100\/100\n|turn|1\n|\n|t:|1699981209\n|switch|p2a: Corviknight|Corviknight, M|100\/100\n|-ability|p2a: Corviknight|Pressure\n|detailschange|p1a: Aggron|Aggron-Mega, M\n|-mega|p1a: Aggron|Aggron|Aggronite\n|move|p1a: Aggron|Stealth Rock|p2a: Corviknight\n|-sidestart|p2: PWA Wright|move: Stealth Rock\n|\n|upkeep\n|turn|2\n|\n|t:|1699981213\n|switch|p1a: Heatran|Heatran, F|100\/100\n|move|p2a: Corviknight|Defog|p1a: Heatran\n|-unboost|p1a: Heatran|evasion|1\n|-sideend|p2: PWA Wright|Stealth Rock|[from] move: Defog|[of] p2a: Corviknight\n|\n|upkeep\n|turn|3\n|\n|t:|1699981217\n|switch|p2a: Clodsire|Clodsire, F|100\/100\n|move|p1a: Heatran|Toxic|p2a: Clodsire\n|-immune|p2a: Clodsire\n|\n|upkeep\n|turn|4\n|\n|t:|1699981225\n|switch|p1a: Gliscor|Gliscor, M|100\/100\n|move|p2a: Clodsire|Stealth Rock|p1a: Gliscor\n|-sidestart|p1: GORE AND FLESH|move: Stealth Rock\n|\n|-status|p1a: Gliscor|tox|[from] item: Toxic Orb\n|upkeep\n|turn|5\n|\n|t:|1699981228\n|switch|p2a: Corviknight|Corviknight, M|100\/100\n|-ability|p2a: Corviknight|Pressure\n|move|p1a: Gliscor|Knock Off|p2a: Corviknight\n|-damage|p2a: Corviknight|88\/100\n|-damage|p1a: Gliscor|84\/100 tox|[from] item: Rocky Helmet|[of] p2a: Corviknight\n|-enditem|p2a: Corviknight|Rocky Helmet|[from] move: Knock Off|[of] p1a: Gliscor\n|\n|-heal|p1a: Gliscor|96\/100 tox|[from] ability: Poison Heal\n|upkeep\n|turn|6\n|\n|t:|1699981233\n|switch|p1a: Heatran|Heatran, F|100\/100\n|-damage|p1a: Heatran|88\/100|[from] Stealth Rock\n|move|p2a: Corviknight|U-turn|p1a: Heatran\n|-resisted|p1a: Heatran\n|-damage|p1a: Heatran|85\/100\n|\n|t:|1699981241\n|switch|p2a: Garchomp|Garchomp, M|100\/100|[from] U-turn\n|\n|-heal|p1a: Heatran|91\/100|[from] item: Leftovers\n|upkeep\n|turn|7\n|\n|t:|1699981252\n|-terastallize|p1a: Heatran|Grass\n|move|p2a: Garchomp|Swords Dance|p2a: Garchomp\n|-boost|p2a: Garchomp|atk|2\n|move|p1a: Heatran|Toxic|p2a: Garchomp\n|-status|p2a: Garchomp|tox\n|\n|-heal|p1a: Heatran|98\/100|[from] item: Leftovers\n|-damage|p2a: Garchomp|94\/100 tox|[from] psn\n|upkeep\n|turn|8\n|\n|t:|1699981261\n|move|p1a: Heatran|Protect|p1a: Heatran\n|-singleturn|p1a: Heatran|Protect\n|move|p2a: Garchomp|Scale Shot|p1a: Heatran\n|-activate|p1a: Heatran|move: Protect\n|\n|-heal|p1a: Heatran|100\/100|[from] item: Leftovers\n|-damage|p2a: Garchomp|82\/100 tox|[from] psn\n|upkeep\n|turn|9\n|\n|t:|1699981269\n|switch|p1a: Aggron|Aggron-Mega, M|100\/100\n|-damage|p1a: Aggron|94\/100|[from] Stealth Rock\n|move|p2a: Garchomp|Scale Shot|p1a: Aggron\n|-resisted|p1a: Aggron\n|-damage|p1a: Aggron|88\/100\n|-resisted|p1a: Aggron\n|-damage|p1a: Aggron|82\/100\n|-resisted|p1a: Aggron\n|-damage|p1a: Aggron|76\/100\n|-resisted|p1a: Aggron\n|-damage|p1a: Aggron|71\/100\n|-hitcount|p1a: Aggron|4\n|-unboost|p2a: Garchomp|def|1\n|-boost|p2a: Garchomp|spe|1\n|\n|-damage|p2a: Garchomp|64\/100 tox|[from] psn\n|upkeep\n|turn|10\n|\n|t:|1699981277\n|-terastallize|p2a: Garchomp|Fire\n|move|p2a: Garchomp|Tera Blast|p1a: Aggron|[anim] Tera Blast Fire\n|-supereffective|p1a: Aggron\n|-damage|p1a: Aggron|17\/100\n|move|p1a: Aggron|Ice Punch|p2a: Garchomp\n|-resisted|p2a: Garchomp\n|-damage|p2a: Garchomp|46\/100 tox\n|-damage|p1a: Aggron|5\/100|[from] ability: Rough Skin|[of] p2a: Garchomp\n|\n|-damage|p2a: Garchomp|21\/100 tox|[from] psn\n|upkeep\n|turn|11\n|\n|t:|1699981288\n|move|p2a: Garchomp|Scale Shot|p1a: Aggron\n|-resisted|p1a: Aggron\n|-damage|p1a: Aggron|0 fnt\n|faint|p1a: Aggron\n|-hitcount|p1: Aggron|1\n|-unboost|p2a: Garchomp|def|1\n|-boost|p2a: Garchomp|spe|1\n|\n|-damage|p2a: Garchomp|0 fnt|[from] psn\n|faint|p2a: Garchomp\n|upkeep\n|\n|t:|1699981293\n|switch|p2a: Charizard|Charizard, F|100\/100\n|switch|p1a: Heatran|Heatran, F, tera:Grass|100\/100\n|-damage|p1a: Heatran|88\/100|[from] Stealth Rock\n|turn|12\n|\n|t:|1699981297\n|switch|p2a: Clodsire|Clodsire, F|100\/100\n|move|p1a: Heatran|Toxic|p2a: Clodsire\n|-immune|p2a: Clodsire\n|\n|-heal|p1a: Heatran|94\/100|[from] item: Leftovers\n|upkeep\n|turn|13\n|\n|t:|1699981299\n|move|p1a: Heatran|Earth Power|p2a: Clodsire\n|-supereffective|p2a: Clodsire\n|-damage|p2a: Clodsire|72\/100\n|move|p2a: Clodsire|Toxic|p1a: Heatran\n|-status|p1a: Heatran|tox\n|\n|-heal|p1a: Heatran|100\/100 tox|[from] item: Leftovers\n|-heal|p2a: Clodsire|78\/100|[from] item: Leftovers\n|-damage|p1a: Heatran|94\/100 tox|[from] psn\n|upkeep\n|turn|14\n|\n|t:|1699981304\n|switch|p1a: Blissey|Blissey, F|100\/100\n|move|p2a: Clodsire|Earthquake|p1a: Blissey\n|-damage|p1a: Blissey|79\/100\n|\n|-heal|p2a: Clodsire|84\/100|[from] item: Leftovers\n|upkeep\n|turn|15\n|\n|t:|1699981314\n|move|p1a: Blissey|Aromatherapy|p1a: Blissey\n|-activate|p1a: Blissey|move: Aromatherapy\n|-curestatus|p1: Gliscor|tox|[msg]\n|-curestatus|p1: Heatran|tox|[msg]\n|move|p2a: Clodsire|Toxic|p1a: Blissey\n|-status|p1a: Blissey|tox\n|\n|-heal|p2a: Clodsire|90\/100|[from] item: Leftovers\n|-damage|p1a: Blissey|72\/100 tox|[from] psn\n|upkeep\n|turn|16\n|\n|t:|1699981321\n|move|p1a: Blissey|Soft-Boiled|p1a: Blissey\n|-heal|p1a: Blissey|100\/100 tox\n|move|p2a: Clodsire|Earthquake|p1a: Blissey\n|-damage|p1a: Blissey|76\/100 tox\n|\n|-heal|p2a: Clodsire|96\/100|[from] item: Leftovers\n|-damage|p1a: Blissey|63\/100 tox|[from] psn\n|upkeep\n|turn|17\n|\n|t:|1699981327\n|-curestatus|p1a: Blissey|tox|[from] ability: Natural Cure\n|switch|p1a: Gliscor|Gliscor, M|96\/100\n|-damage|p1a: Gliscor|84\/100|[from] Stealth Rock\n|switch|p2a: Corviknight|Corviknight, M|88\/100\n|-ability|p2a: Corviknight|Pressure\n|\n|-status|p1a: Gliscor|tox|[from] item: Toxic Orb\n|upkeep\n|turn|18\n|\n|t:|1699981332\n|move|p1a: Gliscor|Defog|p2a: Corviknight\n|-unboost|p2a: Corviknight|evasion|1\n|-sideend|p1: GORE AND FLESH|Stealth Rock|[from] move: Defog|[of] p1a: Gliscor\n|move|p2a: Corviknight|U-turn|p1a: Gliscor\n|-resisted|p1a: Gliscor\n|-damage|p1a: Gliscor|78\/100 tox\n|\n|t:|1699981336\n|switch|p2a: Charizard|Charizard, F|100\/100|[from] U-turn\n|\n|-heal|p1a: Gliscor|91\/100 tox|[from] ability: Poison Heal\n|upkeep\n|turn|19\n|\n|t:|1699981347\n|switch|p1a: Heatran|Heatran, F, tera:Grass|94\/100\n|detailschange|p2a: Charizard|Charizard-Mega-Y, F\n|-mega|p2a: Charizard|Charizard|Charizardite Y\n|-weather|SunnyDay|[from] ability: Drought|[of] p2a: Charizard\n|move|p2a: Charizard|Air Slash|p1a: Heatran\n|-supereffective|p1a: Heatran\n|-damage|p1a: Heatran|37\/100\n|\n|-weather|SunnyDay|[upkeep]\n|-heal|p1a: Heatran|43\/100|[from] item: Leftovers\n|upkeep\n|turn|20\n|\n|t:|1699981360\n|switch|p1a: Toxapex|Toxapex, F|100\/100\n|move|p2a: Charizard|Air Slash|p1a: Toxapex\n|-damage|p1a: Toxapex|62\/100\n|\n|-weather|SunnyDay|[upkeep]\n|upkeep\n|turn|21\n|\n|t:|1699981366\n|switch|p2a: Clodsire|Clodsire, F|96\/100\n|move|p1a: Toxapex|Baneful Bunker||[still]\n|-fail|p1a: Toxapex\n|\n|-weather|SunnyDay|[upkeep]\n|-heal|p2a: Clodsire|100\/100|[from] item: Leftovers\n|upkeep\n|turn|22\n|\n|t:|1699981371\n|move|p1a: Toxapex|Knock Off|p2a: Clodsire\n|-damage|p2a: Clodsire|84\/100\n|-enditem|p2a: Clodsire|Leftovers|[from] move: Knock Off|[of] p1a: Toxapex\n|move|p2a: Clodsire|Stealth Rock|p1a: Toxapex\n|-sidestart|p1: GORE AND FLESH|move: Stealth Rock\n|\n|-weather|SunnyDay|[upkeep]\n|upkeep\n|turn|23\n|\n|t:|1699981385\n|switch|p1a: Rillaboom|Rillaboom, F|100\/100\n|-damage|p1a: Rillaboom|88\/100|[from] Stealth Rock\n|-fieldstart|move: Grassy Terrain|[from] ability: Grassy Surge|[of] p1a: Rillaboom\n|switch|p2a: Corviknight|Corviknight, M|88\/100\n|-ability|p2a: Corviknight|Pressure\n|\n|-weather|none\n|-heal|p1a: Rillaboom|94\/100|[from] Grassy Terrain\n|-heal|p1a: Rillaboom|100\/100|[from] item: Leftovers\n|upkeep\n|turn|24\n|\n|t:|1699981389\n|move|p1a: Rillaboom|U-turn|p2a: Corviknight\n|-resisted|p2a: Corviknight\n|-damage|p2a: Corviknight|85\/100\n|\n|t:|1699981396\n|switch|p1a: Gliscor|Gliscor, M|91\/100 tox|[from] U-turn\n|-damage|p1a: Gliscor|78\/100 tox|[from] Stealth Rock\n|move|p2a: Corviknight|U-turn|p1a: Gliscor\n|-resisted|p1a: Gliscor\n|-damage|p1a: Gliscor|73\/100 tox\n|\n|t:|1699981399\n|switch|p2a: Charizard|Charizard-Mega-Y, F|100\/100|[from] U-turn\n|-weather|SunnyDay|[from] ability: Drought|[of] p2a: Charizard\n|\n|-weather|SunnyDay|[upkeep]\n|-heal|p1a: Gliscor|85\/100 tox|[from] ability: Poison Heal\n|upkeep\n|turn|25\n|\n|t:|1699981402\n|move|p2a: Charizard|Weather Ball|p1a: Gliscor\n|-damage|p1a: Gliscor|0 fnt\n|faint|p1a: Gliscor\n|\n|-weather|SunnyDay|[upkeep]\n|upkeep\n|\n|t:|1699981415\n|switch|p1a: Blissey|Blissey, F|63\/100\n|turn|26\n|-message|GORE AND FLESH forfeited.\n|\n|win|PWA Wright\n|raw|GORE AND FLESH's rating: 1525 &rarr; <strong>1514<\/strong><br \/>(-11 for losing)\n|raw|PWA Wright's rating: 1691 &rarr; <strong>1702<\/strong><br \/>(+11 for winning)\n|l|\u2606GORE AND FLESH\n","uploadtime":1699981428,"views":10,"p1id":"goreandflesh","p2id":"pwawright","formatid":"gen9nationaldex","rating":1514,"private":0,"password":""}