{"id":"gen9nationaldex-1988745498","p1":"mannmilk","p2":"BleckMehn","format":"[Gen 9] National Dex","log":"|j|\u2606mannmilk\n|j|\u2606BleckMehn\n|t:|1699757754\n|gametype|singles\n|player|p1|mannmilk|clown|1119\n|player|p2|BleckMehn|265|1083\n|teamsize|p1|6\n|teamsize|p2|6\n|gen|9\n|tier|[Gen 9] National Dex\n|rated|\n|rule|HP Percentage Mod: HP is shown in percentages\n|rule|Endless Battle Clause: Forcing endless battles is banned\n|rule|OHKO Clause: OHKO moves are banned\n|rule|Evasion Clause: Evasion abilities, items, and moves are banned\n|rule|Evasion Abilities Clause: Evasion abilities are banned\n|rule|Evasion Items Clause: Evasion items are banned\n|rule|Evasion Moves Clause: Evasion moves are banned\n|rule|Species Clause: Limit one of each Pok\u00e9mon\n|rule|Sleep Clause Mod: Limit one foe put to sleep\n|clearpoke\n|poke|p1|Claydol|\n|poke|p1|Mimikyu, M|\n|poke|p1|Cofagrigus, M|\n|poke|p1|Regigigas|\n|poke|p1|Reuniclus, F|\n|poke|p1|Stakataka|\n|poke|p2|Scovillain, M|\n|poke|p2|Arcanine, F|\n|poke|p2|Torkoal, F|\n|poke|p2|Ceruledge, F|\n|poke|p2|Rillaboom, F|\n|poke|p2|Infernape, M|\n|teampreview\n|c|\u2606mannmilk|hullo\n|\n|t:|1699757768\n|start\n|switch|p1a: gaydoll\ud83d\ude33|Claydol|100\/100\n|switch|p2a: Infernape|Infernape, M|100\/100\n|turn|1\n|\n|t:|1699757774\n|switch|p2a: Rillaboom|Rillaboom, F|100\/100\n|-fieldstart|move: Grassy Terrain|[from] ability: Grassy Surge|[of] p2a: Rillaboom\n|move|p1a: gaydoll\ud83d\ude33|Reflect|p1a: gaydoll\ud83d\ude33\n|-sidestart|p1: mannmilk|Reflect\n|\n|upkeep\n|turn|2\n|\n|t:|1699757781\n|move|p2a: Rillaboom|Knock Off|p1a: gaydoll\ud83d\ude33\n|-supereffective|p1a: gaydoll\ud83d\ude33\n|-damage|p1a: gaydoll\ud83d\ude33|69\/100\n|-enditem|p1a: gaydoll\ud83d\ude33|Light Clay|[from] move: Knock Off|[of] p2a: Rillaboom\n|move|p1a: gaydoll\ud83d\ude33|Light Screen|p1a: gaydoll\ud83d\ude33\n|-sidestart|p1: mannmilk|move: Light Screen\n|\n|upkeep\n|turn|3\n|\n|t:|1699757787\n|switch|p1a: xD|Cofagrigus, M|100\/100\n|move|p2a: Rillaboom|Grassy Glide|p1a: xD\n|-damage|p1a: xD|88\/100\n|-activate|p1a: xD|ability: Mummy|Grassy Surge|[of] p2a: Rillaboom\n|\n|-heal|p1a: xD|94\/100|[from] Grassy Terrain\n|upkeep\n|turn|4\n|\n|t:|1699757799\n|switch|p2a: Arcanine|Arcanine, F|100\/100\n|-ability|p2a: Arcanine|Intimidate|boost\n|-unboost|p1a: xD|atk|1\n|move|p1a: xD|Trick Room|p1a: xD\n|-fieldstart|move: Trick Room|[of] p1a: xD\n|\n|-heal|p1a: xD|100\/100|[from] Grassy Terrain\n|upkeep\n|turn|5\n|\n|t:|1699757807\n|move|p1a: xD|Skill Swap|p2a: Arcanine\n|-activate|p1a: xD|move: Skill Swap|Intimidate|Mummy|[of] p2a: Arcanine\n|-ability|p1a: xD|Intimidate|boost\n|-unboost|p2a: Arcanine|atk|1\n|move|p2a: Arcanine|Flamethrower|p1a: xD\n|-damage|p1a: xD|81\/100\n|\n|-heal|p1a: xD|87\/100|[from] Grassy Terrain\n|-fieldend|move: Grassy Terrain\n|upkeep\n|turn|6\n|\n|t:|1699757819\n|switch|p1a: regi swag ass|Regigigas|100\/100\n|-start|p1a: regi swag ass|ability: Slow Start\n|move|p2a: Arcanine|Flamethrower|p1a: regi swag ass\n|-damage|p1a: regi swag ass|86\/100\n|\n|-heal|p1a: regi swag ass|92\/100|[from] item: Leftovers\n|-sideend|p1: mannmilk|move: Light Screen\n|upkeep\n|turn|7\n|\n|t:|1699757829\n|switch|p2a: Scovillain|Scovillain, M|100\/100\n|move|p1a: regi swag ass|Power-Up Punch|p2a: Scovillain\n|-damage|p2a: Scovillain|85\/100\n|-boost|p1a: regi swag ass|atk|1\n|\n|-heal|p1a: regi swag ass|98\/100|[from] item: Leftovers\n|upkeep\n|turn|8\n|\n|t:|1699757841\n|-end|p1a: regi swag ass|Slow Start|[silent]\n|switch|p1a: xD|Cofagrigus, M|87\/100\n|move|p2a: Scovillain|Will-O-Wisp|p1a: xD\n|-status|p1a: xD|brn\n|\n|-damage|p1a: xD|81\/100 brn|[from] brn\n|-sideend|p1: mannmilk|Reflect\n|-fieldend|move: Trick Room\n|upkeep\n|turn|9\n|\n|t:|1699757860\n|switch|p2a: Arcanine|Arcanine, F|100\/100\n|-ability|p2a: Arcanine|Intimidate|boost\n|-unboost|p1a: xD|atk|1\n|move|p1a: xD|Trick Room|p1a: xD\n|-fieldstart|move: Trick Room|[of] p1a: xD\n|\n|-damage|p1a: xD|74\/100 brn|[from] brn\n|upkeep\n|turn|10\n|\n|t:|1699757868\n|switch|p2a: Torkoal|Torkoal, F|100\/100\n|-weather|SunnyDay|[from] ability: Drought|[of] p2a: Torkoal\n|move|p1a: xD|Skill Swap|p2a: Torkoal\n|-activate|p1a: xD|move: Skill Swap|Drought|Mummy|[of] p2a: Torkoal\n|\n|-weather|SunnyDay|[upkeep]\n|-damage|p1a: xD|68\/100 brn|[from] brn\n|upkeep\n|turn|11\n|\n|t:|1699757878\n|switch|p1a: regi swag ass|Regigigas|98\/100\n|-start|p1a: regi swag ass|ability: Slow Start\n|move|p2a: Torkoal|Stealth Rock|p1a: regi swag ass\n|-sidestart|p1: mannmilk|move: Stealth Rock\n|\n|-weather|SunnyDay|[upkeep]\n|-heal|p1a: regi swag ass|100\/100|[from] item: Leftovers\n|upkeep\n|turn|12\n|\n|t:|1699757890\n|move|p2a: Torkoal|Lava Plume|p1a: regi swag ass\n|-damage|p1a: regi swag ass|75\/100\n|move|p1a: regi swag ass|Power-Up Punch|p2a: Torkoal\n|-damage|p2a: Torkoal|95\/100\n|-boost|p1a: regi swag ass|atk|1\n|-end|p1a: regi swag ass|Slow Start|[silent]\n|-activate|p2a: Torkoal|ability: Mummy|Slow Start|[of] p1a: regi swag ass\n|\n|-weather|SunnyDay|[upkeep]\n|-heal|p1a: regi swag ass|82\/100|[from] item: Leftovers\n|upkeep\n|turn|13\n|\n|t:|1699757902\n|move|p2a: Torkoal|Lava Plume|p1a: regi swag ass\n|-damage|p1a: regi swag ass|56\/100\n|move|p1a: regi swag ass|Rock Polish|p1a: regi swag ass\n|-boost|p1a: regi swag ass|spe|2\n|\n|-weather|SunnyDay|[upkeep]\n|-heal|p1a: regi swag ass|62\/100|[from] item: Leftovers\n|-fieldend|move: Trick Room\n|upkeep\n|turn|14\n|\n|t:|1699757911\n|-terastallize|p1a: regi swag ass|Ground\n|move|p1a: regi swag ass|Earthquake|p2a: Torkoal\n|-supereffective|p2a: Torkoal\n|-damage|p2a: Torkoal|0 fnt\n|faint|p2a: Torkoal\n|\n|-weather|SunnyDay|[upkeep]\n|-heal|p1a: regi swag ass|68\/100|[from] item: Leftovers\n|upkeep\n|\n|t:|1699757924\n|switch|p2a: Scovillain|Scovillain, M|85\/100\n|turn|15\n|\n|t:|1699757930\n|move|p1a: regi swag ass|Power-Up Punch|p2a: Scovillain\n|-damage|p2a: Scovillain|42\/100\n|-boost|p1a: regi swag ass|atk|1\n|move|p2a: Scovillain|Will-O-Wisp|p1a: regi swag ass\n|-status|p1a: regi swag ass|brn\n|\n|-weather|SunnyDay|[upkeep]\n|-heal|p1a: regi swag ass|75\/100 brn|[from] item: Leftovers\n|-damage|p1a: regi swag ass|68\/100 brn|[from] brn\n|upkeep\n|turn|16\n|c|\u2606mannmilk|he he\n|\n|t:|1699757940\n|move|p1a: regi swag ass|Facade|p2a: Scovillain\n|-damage|p2a: Scovillain|0 fnt\n|faint|p2a: Scovillain\n|\n|-weather|SunnyDay|[upkeep]\n|-heal|p1a: regi swag ass|75\/100 brn|[from] item: Leftovers\n|-damage|p1a: regi swag ass|68\/100 brn|[from] brn\n|upkeep\n|c|\u2606mannmilk|i habe da facade\n|\n|t:|1699757951\n|switch|p2a: Rillaboom|Rillaboom, F|100\/100\n|-fieldstart|move: Grassy Terrain|[from] ability: Grassy Surge|[of] p2a: Rillaboom\n|turn|17\n|\n|t:|1699757956\n|move|p1a: regi swag ass|Facade|p2a: Rillaboom\n|-damage|p2a: Rillaboom|0 fnt\n|faint|p2a: Rillaboom\n|\n|-weather|none\n|-heal|p1a: regi swag ass|75\/100 brn|[from] Grassy Terrain\n|-heal|p1a: regi swag ass|81\/100 brn|[from] item: Leftovers\n|-damage|p1a: regi swag ass|75\/100 brn|[from] brn\n|upkeep\n|\n|t:|1699757966\n|switch|p2a: Ceruledge|Ceruledge, F|100\/100\n|turn|18\n|c|\u2606mannmilk|y u no grassy glide\n|c|\u2606mannmilk|i think i die now\n|\n|t:|1699757979\n|-terastallize|p2a: Ceruledge|Grass\n|move|p1a: regi swag ass|Earthquake|p2a: Ceruledge\n|-resisted|p2a: Ceruledge\n|-damage|p2a: Ceruledge|75\/100\n|-ability|p2a: Ceruledge|Weak Armor|boost\n|-unboost|p2a: Ceruledge|def|1\n|-boost|p2a: Ceruledge|spe|2\n|move|p2a: Ceruledge|Bulk Up|p2a: Ceruledge\n|-boost|p2a: Ceruledge|atk|1\n|-boost|p2a: Ceruledge|def|1\n|\n|-heal|p2a: Ceruledge|82\/100|[from] Grassy Terrain\n|-heal|p1a: regi swag ass|81\/100 brn|[from] Grassy Terrain\n|-heal|p1a: regi swag ass|87\/100 brn|[from] item: Leftovers\n|-damage|p1a: regi swag ass|81\/100 brn|[from] brn\n|upkeep\n|turn|19\n|\n|t:|1699757996\n|move|p2a: Ceruledge|Bulk Up|p2a: Ceruledge\n|-boost|p2a: Ceruledge|atk|1\n|-boost|p2a: Ceruledge|def|1\n|move|p1a: regi swag ass|Facade|p2a: Ceruledge\n|-damage|p2a: Ceruledge|0 fnt\n|faint|p2a: Ceruledge\n|\n|-heal|p1a: regi swag ass|87\/100 brn|[from] Grassy Terrain\n|-heal|p1a: regi swag ass|93\/100 brn|[from] item: Leftovers\n|-damage|p1a: regi swag ass|87\/100 brn|[from] brn\n|upkeep\n|c|\u2606mannmilk|lol\n|-message|BleckMehn forfeited.\n|\n|win|mannmilk\n|raw|mannmilk's rating: 1119 &rarr; <strong>1141<\/strong><br \/>(+22 for winning)\n|raw|BleckMehn's rating: 1083 &rarr; <strong>1063<\/strong><br \/>(-20 for losing)\n|l|\u2606BleckMehn\n","uploadtime":1699758015,"views":6,"p1id":"mannmilk","p2id":"bleckmehn","formatid":"gen9nationaldex","rating":1063,"private":0,"password":""}