{"id":"gen9nationaldex-1999557888","p1":"suib1anWanWan","p2":"readingpaper","format":"[Gen 9] National Dex","log":"|html|<div class=\"broadcast-blue\"><strong>[Gen 9] National Dex is currently suspecting Sneasler! For information on how to participate check out the <a href=\"https:\/\/www.smogon.com\/forums\/threads\/sv-national-dex-suspect-8-just-dance.3731534\/\">suspect thread<\/a>.<\/strong><\/div>\n|j|\u2606suib1anWanWan\n|j|\u2606readingpaper\n|t:|1701095957\n|gametype|singles\n|player|p1|suib1anWanWan|2|1405\n|player|p2|readingpaper|102|1370\n|teamsize|p1|6\n|teamsize|p2|6\n|gen|9\n|tier|[Gen 9] National Dex\n|rated|\n|rule|HP Percentage Mod: HP is shown in percentages\n|rule|Endless Battle Clause: Forcing endless battles is banned\n|rule|OHKO Clause: OHKO moves are banned\n|rule|Evasion Clause: Evasion abilities, items, and moves are banned\n|rule|Evasion Abilities Clause: Evasion abilities are banned\n|rule|Evasion Items Clause: Evasion items are banned\n|rule|Evasion Moves Clause: Evasion moves are banned\n|rule|Species Clause: Limit one of each Pok\u00e9mon\n|rule|Sleep Clause Mod: Limit one foe put to sleep\n|clearpoke\n|poke|p1|Rillaboom, M|\n|poke|p1|Heatran, M|\n|poke|p1|Urshifu-*, M|\n|poke|p1|Slowking-Galar, F|\n|poke|p1|Thundurus-Therian, M|\n|poke|p1|Weezing-Galar, M|\n|poke|p2|Pelipper, M|\n|poke|p2|Barraskewda, M|\n|poke|p2|Swampert, F|\n|poke|p2|Kingdra, F|\n|poke|p2|Moltres|\n|poke|p2|Garganacl, F|\n|teampreview\n|inactive|Battle timer is ON: inactive players will automatically lose when time's up. (requested by suib1anWanWan)\n|\n|t:|1701095969\n|start\n|switch|p1a: Slowking|Slowking-Galar, F|100\/100\n|switch|p2a: Barraskewda|Barraskewda, M, shiny|100\/100\n|turn|1\n|\n|t:|1701095977\n|move|p2a: Barraskewda|Flip Turn|p1a: Slowking\n|-damage|p1a: Slowking|66\/100\n|\n|t:|1701095987\n|switch|p2a: Pelipper|Pelipper, M|100\/100|[from] Flip Turn\n|-weather|RainDance|[from] ability: Drizzle|[of] p2a: Pelipper\n|move|p1a: Slowking|Thunder Wave|p2a: Pelipper\n|-status|p2a: Pelipper|par\n|\n|-weather|RainDance|[upkeep]\n|upkeep\n|turn|2\n|\n|t:|1701095995\n|move|p2a: Pelipper|U-turn|p1a: Slowking\n|-damage|p1a: Slowking|61\/100\n|\n|t:|1701095999\n|switch|p2a: Garganacl|Garganacl, F|100\/100|[from] U-turn\n|move|p1a: Slowking|Chilly Reception|p1a: Slowking\n|-weather|Snow\n|\n|t:|1701096008\n|switch|p1a: Thundurus|Thundurus-Therian, M|100\/100|[from] Chilly Reception\n|\n|-weather|Snow|[upkeep]\n|upkeep\n|turn|3\n|\n|t:|1701096016\n|move|p2a: Garganacl|Protect|p2a: Garganacl\n|-singleturn|p2a: Garganacl|Protect\n|move|p1a: Thundurus|Volt Switch|p2a: Garganacl\n|-activate|p2a: Garganacl|move: Protect\n|\n|-weather|Snow|[upkeep]\n|upkeep\n|turn|4\n|\n|t:|1701096029\n|switch|p1a: Rillaboom|Rillaboom, M|100\/100\n|-fieldstart|move: Grassy Terrain|[from] ability: Grassy Surge|[of] p1a: Rillaboom\n|move|p2a: Garganacl|Stealth Rock|p1a: Rillaboom\n|-sidestart|p1: suib1anWanWan|move: Stealth Rock\n|\n|-weather|Snow|[upkeep]\n|upkeep\n|turn|5\n|\n|t:|1701096036\n|switch|p2a: Moltres|Moltres|100\/100\n|move|p1a: Rillaboom|Knock Off|p2a: Moltres\n|-damage|p2a: Moltres|55\/100\n|-enditem|p2a: Moltres|Heavy-Duty Boots|[from] move: Knock Off|[of] p1a: Rillaboom\n|\n|-weather|Snow|[upkeep]\n|upkeep\n|turn|6\n|\n|t:|1701096045\n|switch|p1a: Slowking|Slowking-Galar, F|94\/100\n|move|p2a: Moltres|Flamethrower|p1a: Slowking\n|-crit|p1a: Slowking\n|-damage|p1a: Slowking|50\/100\n|\n|-weather|none\n|-heal|p1a: Slowking|56\/100|[from] Grassy Terrain\n|upkeep\n|turn|7\n|\n|t:|1701096053\n|move|p2a: Moltres|U-turn|p1a: Slowking\n|-damage|p1a: Slowking|44\/100\n|\n|t:|1701096058\n|switch|p2a: Garganacl|Garganacl, F|100\/100|[from] U-turn\n|move|p1a: Slowking|Chilly Reception|p1a: Slowking\n|-weather|Snow\n|\n|t:|1701096064\n|switch|p1a: Urshifu|Urshifu-Rapid-Strike, M|100\/100|[from] Chilly Reception\n|-damage|p1a: Urshifu|94\/100|[from] Stealth Rock\n|\n|-weather|Snow|[upkeep]\n|-heal|p1a: Urshifu|100\/100|[from] Grassy Terrain\n|upkeep\n|turn|8\n|\n|t:|1701096073\n|-terastallize|p2a: Garganacl|Water\n|move|p1a: Urshifu|Surging Strikes|p2a: Garganacl\n|-resisted|p2a: Garganacl\n|-crit|p2a: Garganacl\n|-damage|p2a: Garganacl|93\/100\n|-resisted|p2a: Garganacl\n|-crit|p2a: Garganacl\n|-damage|p2a: Garganacl|86\/100\n|-resisted|p2a: Garganacl\n|-crit|p2a: Garganacl\n|-damage|p2a: Garganacl|78\/100\n|-hitcount|p2a: Garganacl|3\n|move|p2a: Garganacl|Salt Cure|p1a: Urshifu\n|-resisted|p1a: Urshifu\n|-damage|p1a: Urshifu|93\/100\n|-start|p1a: Urshifu|Salt Cure\n|\n|-weather|Snow|[upkeep]\n|-heal|p1a: Urshifu|99\/100|[from] Grassy Terrain\n|-heal|p2a: Garganacl|84\/100|[from] Grassy Terrain\n|-heal|p2a: Garganacl|90\/100|[from] item: Leftovers\n|-damage|p1a: Urshifu|75\/100|[from] Salt Cure\n|-fieldend|move: Grassy Terrain\n|upkeep\n|turn|9\n|\n|t:|1701096080\n|switch|p1a: Slowking|Slowking-Galar, F|77\/100\n|move|p2a: Garganacl|Salt Cure|p1a: Slowking\n|-damage|p1a: Slowking|66\/100\n|-start|p1a: Slowking|Salt Cure\n|\n|-weather|Snow|[upkeep]\n|-heal|p2a: Garganacl|97\/100|[from] item: Leftovers\n|-damage|p1a: Slowking|53\/100|[from] Salt Cure\n|upkeep\n|turn|10\n|\n|t:|1701096089\n|move|p2a: Garganacl|Protect|p2a: Garganacl\n|-singleturn|p2a: Garganacl|Protect\n|move|p1a: Slowking|Chilly Reception|p1a: Slowking\n|\n|t:|1701096091\n|switch|p1a: Rillaboom|Rillaboom, M|100\/100|[from] Chilly Reception\n|-damage|p1a: Rillaboom|88\/100|[from] Stealth Rock\n|-fieldstart|move: Grassy Terrain|[from] ability: Grassy Surge|[of] p1a: Rillaboom\n|\n|-weather|Snow|[upkeep]\n|-heal|p1a: Rillaboom|94\/100|[from] Grassy Terrain\n|-heal|p2a: Garganacl|100\/100|[from] Grassy Terrain\n|upkeep\n|turn|11\n|\n|t:|1701096101\n|switch|p2a: Moltres|Moltres|55\/100\n|move|p1a: Rillaboom|U-turn|p2a: Moltres\n|-resisted|p2a: Moltres\n|-damage|p2a: Moltres|46\/100\n|-status|p1a: Rillaboom|brn|[from] ability: Flame Body|[of] p2a: Moltres\n|\n|t:|1701096106\n|switch|p1a: Urshifu|Urshifu-Rapid-Strike, M|75\/100|[from] U-turn\n|-damage|p1a: Urshifu|69\/100|[from] Stealth Rock\n|\n|-weather|none\n|-heal|p1a: Urshifu|75\/100|[from] Grassy Terrain\n|upkeep\n|turn|12\n|\n|t:|1701096113\n|switch|p2a: Garganacl|Garganacl, F, tera:Water|100\/100\n|move|p1a: Urshifu|Close Combat|p2a: Garganacl\n|-damage|p2a: Garganacl|56\/100\n|-unboost|p1a: Urshifu|def|1\n|-unboost|p1a: Urshifu|spd|1\n|\n|-heal|p1a: Urshifu|81\/100|[from] Grassy Terrain\n|-heal|p2a: Garganacl|63\/100|[from] Grassy Terrain\n|-heal|p2a: Garganacl|69\/100|[from] item: Leftovers\n|upkeep\n|turn|13\n|inactive|readingpaper has 120 seconds left.\n|\n|t:|1701096144\n|switch|p1a: Slowking|Slowking-Galar, F|87\/100\n|move|p2a: Garganacl|Salt Cure|p1a: Slowking\n|-damage|p1a: Slowking|74\/100\n|-start|p1a: Slowking|Salt Cure\n|\n|-heal|p2a: Garganacl|75\/100|[from] Grassy Terrain\n|-heal|p2a: Garganacl|81\/100|[from] item: Leftovers\n|-heal|p1a: Slowking|80\/100|[from] Grassy Terrain\n|-damage|p1a: Slowking|68\/100|[from] Salt Cure\n|upkeep\n|turn|14\n|inactive|readingpaper has 120 seconds left.\n|\n|t:|1701096157\n|move|p2a: Garganacl|Salt Cure|p1a: Slowking\n|-damage|p1a: Slowking|57\/100\n|move|p1a: Slowking|Chilly Reception|p1a: Slowking\n|-weather|Snow\n|\n|t:|1701096159\n|switch|p1a: Weezing|Weezing-Galar, M|100\/100|[from] Chilly Reception\n|-ability|p1a: Weezing|Neutralizing Gas\n|-damage|p1a: Weezing|88\/100|[from] Stealth Rock\n|\n|-weather|Snow|[upkeep]\n|-heal|p1a: Weezing|94\/100|[from] Grassy Terrain\n|-heal|p1a: Weezing|99\/100|[from] item: Leftovers\n|-heal|p2a: Garganacl|87\/100|[from] Grassy Terrain\n|-heal|p2a: Garganacl|94\/100|[from] item: Leftovers\n|-fieldend|move: Grassy Terrain\n|upkeep\n|turn|15\n|\n|t:|1701096172\n|move|p2a: Garganacl|Protect|p2a: Garganacl\n|-singleturn|p2a: Garganacl|Protect\n|move|p1a: Weezing|Will-O-Wisp|p2a: Garganacl\n|-activate|p2a: Garganacl|move: Protect\n|\n|-weather|Snow|[upkeep]\n|-heal|p1a: Weezing|100\/100|[from] item: Leftovers\n|-heal|p2a: Garganacl|99\/100|[from] item: Leftovers\n|upkeep\n|turn|16\n|\n|t:|1701096181\n|switch|p2a: Moltres|Moltres|46\/100\n|move|p1a: Weezing|Defog|p2a: Moltres\n|-unboost|p2a: Moltres|evasion|1\n|-sideend|p1: suib1anWanWan|Stealth Rock|[from] move: Defog|[of] p1a: Weezing\n|\n|-weather|Snow|[upkeep]\n|upkeep\n|turn|17\n|\n|t:|1701096193\n|-end|p1a: Weezing|ability: Neutralizing Gas\n|switch|p1a: Heatran|Heatran, M|100\/100\n|move|p2a: Moltres|Roost|p2a: Moltres\n|-heal|p2a: Moltres|97\/100\n|-singleturn|p2a: Moltres|move: Roost\n|\n|-weather|Snow|[upkeep]\n|upkeep\n|turn|18\n|\n|t:|1701096203\n|switch|p2a: Garganacl|Garganacl, F, tera:Water|99\/100\n|move|p1a: Heatran|Stealth Rock|p2a: Garganacl\n|-sidestart|p2: readingpaper|move: Stealth Rock\n|\n|-weather|none\n|-heal|p2a: Garganacl|100\/100|[from] item: Leftovers\n|upkeep\n|turn|19\n|\n|t:|1701096210\n|switch|p1a: Thundurus|Thundurus-Therian, M|100\/100\n|move|p2a: Garganacl|Salt Cure|p1a: Thundurus\n|-supereffective|p1a: Thundurus\n|-damage|p1a: Thundurus|62\/100\n|-start|p1a: Thundurus|Salt Cure\n|\n|-damage|p1a: Thundurus|49\/100|[from] Salt Cure\n|upkeep\n|turn|20\n|\n|t:|1701096217\n|switch|p1a: Rillaboom|Rillaboom, M|94\/100 brn\n|-fieldstart|move: Grassy Terrain|[from] ability: Grassy Surge|[of] p1a: Rillaboom\n|move|p2a: Garganacl|Protect||[still]\n|-fail|p2a: Garganacl\n|\n|-heal|p1a: Rillaboom|100\/100 brn|[from] Grassy Terrain\n|-damage|p1a: Rillaboom|94\/100 brn|[from] brn\n|upkeep\n|turn|21\n|\n|t:|1701096227\n|move|p2a: Garganacl|Protect|p2a: Garganacl\n|-singleturn|p2a: Garganacl|Protect\n|move|p1a: Rillaboom|Wood Hammer|p2a: Garganacl\n|-activate|p2a: Garganacl|move: Protect\n|\n|-heal|p1a: Rillaboom|100\/100 brn|[from] Grassy Terrain\n|-damage|p1a: Rillaboom|94\/100 brn|[from] brn\n|upkeep\n|turn|22\n|\n|t:|1701096242\n|switch|p2a: Kingdra|Kingdra, F|100\/100\n|-damage|p2a: Kingdra|88\/100|[from] Stealth Rock\n|move|p1a: Rillaboom|Wood Hammer|p2a: Kingdra\n|-damage|p2a: Kingdra|17\/100\n|-damage|p1a: Rillaboom|73\/100 brn|[from] Recoil\n|\n|-heal|p2a: Kingdra|23\/100|[from] Grassy Terrain\n|-heal|p1a: Rillaboom|79\/100 brn|[from] Grassy Terrain\n|-damage|p1a: Rillaboom|73\/100 brn|[from] brn\n|upkeep\n|turn|23\n|\n|t:|1701096255\n|switch|p1a: Slowking|Slowking-Galar, F|91\/100\n|move|p2a: Kingdra|Draco Meteor|p1a: Slowking|[miss]\n|-miss|p2a: Kingdra|p1a: Slowking\n|\n|-heal|p2a: Kingdra|29\/100|[from] Grassy Terrain\n|-heal|p1a: Slowking|97\/100|[from] Grassy Terrain\n|upkeep\n|turn|24\n|\n|t:|1701096260\n|switch|p1a: Heatran|Heatran, M|100\/100\n|move|p2a: Kingdra|Draco Meteor|p1a: Heatran\n|-resisted|p1a: Heatran\n|-crit|p1a: Heatran\n|-damage|p1a: Heatran|66\/100\n|-unboost|p2a: Kingdra|spa|2\n|\n|-heal|p2a: Kingdra|35\/100|[from] Grassy Terrain\n|-heal|p1a: Heatran|72\/100|[from] Grassy Terrain\n|-heal|p1a: Heatran|78\/100|[from] item: Leftovers\n|-fieldend|move: Grassy Terrain\n|upkeep\n|turn|25\n|\n|t:|1701096266\n|switch|p2a: Garganacl|Garganacl, F, tera:Water|100\/100\n|-damage|p2a: Garganacl|88\/100|[from] Stealth Rock\n|move|p1a: Heatran|Magma Storm|p2a: Garganacl|[miss]\n|-miss|p1a: Heatran|p2a: Garganacl\n|\n|-heal|p1a: Heatran|84\/100|[from] item: Leftovers\n|-heal|p2a: Garganacl|94\/100|[from] item: Leftovers\n|upkeep\n|turn|26\n|\n|t:|1701096272\n|switch|p1a: Slowking|Slowking-Galar, F|100\/100\n|move|p2a: Garganacl|Stealth Rock|p1a: Slowking\n|-sidestart|p1: suib1anWanWan|move: Stealth Rock\n|\n|-heal|p2a: Garganacl|100\/100|[from] item: Leftovers\n|upkeep\n|turn|27\n|\n|t:|1701096281\n|move|p2a: Garganacl|Salt Cure|p1a: Slowking\n|-damage|p1a: Slowking|89\/100\n|-start|p1a: Slowking|Salt Cure\n|move|p1a: Slowking|Chilly Reception|p1a: Slowking\n|-weather|Snow\n|\n|t:|1701096283\n|switch|p1a: Rillaboom|Rillaboom, M|73\/100 brn|[from] Chilly Reception\n|-damage|p1a: Rillaboom|61\/100 brn|[from] Stealth Rock\n|-fieldstart|move: Grassy Terrain|[from] ability: Grassy Surge|[of] p1a: Rillaboom\n|\n|-weather|Snow|[upkeep]\n|-heal|p1a: Rillaboom|67\/100 brn|[from] Grassy Terrain\n|-damage|p1a: Rillaboom|61\/100 brn|[from] brn\n|upkeep\n|turn|28\n|\n|t:|1701096296\n|move|p1a: Rillaboom|Wood Hammer|p2a: Garganacl\n|-supereffective|p2a: Garganacl\n|-crit|p2a: Garganacl\n|-damage|p2a: Garganacl|0 fnt\n|faint|p2a: Garganacl\n|-damage|p1a: Rillaboom|22\/100 brn|[from] Recoil\n|\n|-weather|Snow|[upkeep]\n|-heal|p1a: Rillaboom|28\/100 brn|[from] Grassy Terrain\n|-damage|p1a: Rillaboom|22\/100 brn|[from] brn\n|upkeep\n|\n|t:|1701096314\n|switch|p2a: Barraskewda|Barraskewda, M, shiny|100\/100\n|-damage|p2a: Barraskewda|88\/100|[from] Stealth Rock\n|turn|29\n|\n|t:|1701096321\n|switch|p1a: Weezing|Weezing-Galar, M|100\/100\n|-ability|p1a: Weezing|Neutralizing Gas\n|-damage|p1a: Weezing|88\/100|[from] Stealth Rock\n|move|p2a: Barraskewda|Liquidation|p1a: Weezing\n|-damage|p1a: Weezing|45\/100\n|\n|-weather|Snow|[upkeep]\n|-heal|p2a: Barraskewda|94\/100|[from] Grassy Terrain\n|-heal|p1a: Weezing|51\/100|[from] Grassy Terrain\n|-heal|p1a: Weezing|57\/100|[from] item: Leftovers\n|upkeep\n|turn|30\n|\n|t:|1701096332\n|switch|p2a: Moltres|Moltres|97\/100\n|-damage|p2a: Moltres|47\/100|[from] Stealth Rock\n|move|p1a: Weezing|Will-O-Wisp|p2a: Moltres|[miss]\n|-miss|p1a: Weezing|p2a: Moltres\n|\n|-weather|Snow|[upkeep]\n|-heal|p1a: Weezing|63\/100|[from] Grassy Terrain\n|-heal|p1a: Weezing|69\/100|[from] item: Leftovers\n|upkeep\n|turn|31\n|\n|t:|1701096345\n|-end|p1a: Weezing|ability: Neutralizing Gas\n|switch|p1a: Slowking|Slowking-Galar, F|100\/100\n|move|p2a: Moltres|Defog|p1a: Slowking\n|-unboost|p1a: Slowking|evasion|1\n|-sideend|p1: suib1anWanWan|Stealth Rock|[from] move: Defog|[of] p2a: Moltres\n|-sideend|p2: readingpaper|Stealth Rock|[from] move: Defog|[of] p2a: Moltres\n|-fieldend|move: Grassy Terrain\n|\n|-weather|none\n|upkeep\n|turn|32\n|\n|t:|1701096355\n|move|p2a: Moltres|U-turn|p1a: Slowking\n|-damage|p1a: Slowking|89\/100\n|\n|t:|1701096358\n|switch|p2a: Swampert|Swampert, F|100\/100|[from] U-turn\n|move|p1a: Slowking|Chilly Reception|p1a: Slowking\n|-weather|Snow\n|\n|t:|1701096362\n|switch|p1a: Rillaboom|Rillaboom, M|22\/100 brn|[from] Chilly Reception\n|-fieldstart|move: Grassy Terrain|[from] ability: Grassy Surge|[of] p1a: Rillaboom\n|\n|-weather|Snow|[upkeep]\n|-heal|p1a: Rillaboom|28\/100 brn|[from] Grassy Terrain\n|-damage|p1a: Rillaboom|22\/100 brn|[from] brn\n|upkeep\n|turn|33\n|\n|t:|1701096371\n|switch|p2a: Pelipper|Pelipper, M|100\/100 par\n|-weather|RainDance|[from] ability: Drizzle|[of] p2a: Pelipper\n|-terastallize|p1a: Rillaboom|Grass\n|move|p1a: Rillaboom|Grassy Glide|p2a: Pelipper\n|-damage|p2a: Pelipper|68\/100 par\n|\n|-weather|RainDance|[upkeep]\n|-heal|p1a: Rillaboom|28\/100 brn|[from] Grassy Terrain\n|-damage|p1a: Rillaboom|22\/100 brn|[from] brn\n|upkeep\n|turn|34\n|\n|t:|1701096383\n|switch|p1a: Weezing|Weezing-Galar, M|69\/100\n|-ability|p1a: Weezing|Neutralizing Gas\n|move|p2a: Pelipper|Hurricane|p1a: Weezing\n|-damage|p1a: Weezing|16\/100\n|-start|p1a: Weezing|confusion\n|\n|-weather|RainDance|[upkeep]\n|-heal|p1a: Weezing|22\/100|[from] Grassy Terrain\n|-heal|p1a: Weezing|28\/100|[from] item: Leftovers\n|upkeep\n|turn|35\n|\n|t:|1701096389\n|-end|p1a: Weezing|ability: Neutralizing Gas\n|switch|p1a: Slowking|Slowking-Galar, F|100\/100\n|cant|p2a: Pelipper|par\n|\n|-weather|RainDance|[upkeep]\n|upkeep\n|turn|36\n|\n|t:|1701096396\n|move|p2a: Pelipper|U-turn|p1a: Slowking\n|-damage|p1a: Slowking|95\/100\n|\n|t:|1701096400\n|switch|p2a: Swampert|Swampert, F|100\/100|[from] U-turn\n|move|p1a: Slowking|Chilly Reception|p1a: Slowking\n|-weather|Snow\n|\n|t:|1701096403\n|switch|p1a: Rillaboom|Rillaboom, M, tera:Grass|22\/100 brn|[from] Chilly Reception\n|\n|-weather|Snow|[upkeep]\n|-heal|p1a: Rillaboom|28\/100 brn|[from] Grassy Terrain\n|-damage|p1a: Rillaboom|22\/100 brn|[from] brn\n|-fieldend|move: Grassy Terrain\n|upkeep\n|turn|37\n|\n|t:|1701096411\n|switch|p2a: Moltres|Moltres|47\/100\n|move|p1a: Rillaboom|Grassy Glide|p2a: Moltres\n|-resisted|p2a: Moltres\n|-damage|p2a: Moltres|40\/100\n|\n|-weather|Snow|[upkeep]\n|-damage|p1a: Rillaboom|15\/100 brn|[from] brn\n|upkeep\n|turn|38\n|\n|t:|1701096422\n|switch|p1a: Heatran|Heatran, M|84\/100\n|move|p2a: Moltres|Roost|p2a: Moltres\n|-heal|p2a: Moltres|90\/100\n|-singleturn|p2a: Moltres|move: Roost\n|\n|-weather|Snow|[upkeep]\n|-heal|p1a: Heatran|90\/100|[from] item: Leftovers\n|upkeep\n|turn|39\n|\n|t:|1701096430\n|switch|p2a: Swampert|Swampert, F|100\/100\n|move|p1a: Heatran|Stealth Rock|p2a: Swampert\n|-sidestart|p2: readingpaper|move: Stealth Rock\n|\n|-weather|Snow|[upkeep]\n|-heal|p1a: Heatran|97\/100|[from] item: Leftovers\n|upkeep\n|turn|40\n|\n|t:|1701096438\n|switch|p1a: Weezing|Weezing-Galar, M|28\/100\n|-ability|p1a: Weezing|Neutralizing Gas\n|detailschange|p2a: Swampert|Swampert-Mega, F\n|-mega|p2a: Swampert|Swampert|Swampertite\n|move|p2a: Swampert|Ice Punch|p1a: Weezing\n|-damage|p1a: Weezing|11\/100\n|\n|-weather|none\n|-heal|p1a: Weezing|17\/100|[from] item: Leftovers\n|upkeep\n|turn|41\n|\n|t:|1701096451\n|move|p2a: Swampert|Flip Turn|p1a: Weezing\n|-damage|p1a: Weezing|0 fnt\n|faint|p1a: Weezing\n|-end|p1a: Weezing|ability: Neutralizing Gas\n|\n|t:|1701096456\n|switch|p2a: Pelipper|Pelipper, M|68\/100 par|[from] Flip Turn\n|-damage|p2a: Pelipper|43\/100 par|[from] Stealth Rock\n|-weather|RainDance|[from] ability: Drizzle|[of] p2a: Pelipper\n|\n|-weather|RainDance|[upkeep]\n|upkeep\n|\n|t:|1701096465\n|switch|p1a: Slowking|Slowking-Galar, F|100\/100\n|turn|42\n|\n|t:|1701096470\n|move|p2a: Pelipper|Roost|p2a: Pelipper\n|-heal|p2a: Pelipper|93\/100 par\n|-singleturn|p2a: Pelipper|move: Roost\n|move|p1a: Slowking|Chilly Reception|p1a: Slowking\n|-weather|Snow\n|\n|t:|1701096473\n|switch|p1a: Thundurus|Thundurus-Therian, M|49\/100|[from] Chilly Reception\n|\n|-weather|Snow|[upkeep]\n|upkeep\n|turn|43\n|inactive|readingpaper has 120 seconds left.\n|\n|t:|1701096523\n|move|p1a: Thundurus|Hidden Power|p2a: Pelipper\n|-damage|p2a: Pelipper|61\/100 par\n|cant|p2a: Pelipper|par\n|\n|-weather|Snow|[upkeep]\n|upkeep\n|turn|44\n|\n|t:|1701096535\n|switch|p1a: Slowking|Slowking-Galar, F|100\/100\n|move|p2a: Pelipper|U-turn|p1a: Slowking\n|-damage|p1a: Slowking|95\/100\n|\n|t:|1701096540\n|switch|p2a: Swampert|Swampert-Mega, F|100\/100|[from] U-turn\n|-damage|p2a: Swampert|94\/100|[from] Stealth Rock\n|\n|-weather|Snow|[upkeep]\n|upkeep\n|turn|45\n|\n|t:|1701096550\n|move|p2a: Swampert|Ice Punch|p1a: Slowking\n|-damage|p1a: Slowking|74\/100\n|move|p1a: Slowking|Chilly Reception|p1a: Slowking\n|\n|t:|1701096552\n|switch|p1a: Urshifu|Urshifu-Rapid-Strike, M|81\/100|[from] Chilly Reception\n|\n|-weather|Snow|[upkeep]\n|upkeep\n|turn|46\n|inactive|readingpaper has 120 seconds left.\n|\n|t:|1701096569\n|move|p1a: Urshifu|Surging Strikes|p2a: Swampert\n|-crit|p2a: Swampert\n|-damage|p2a: Swampert|67\/100\n|-crit|p2a: Swampert\n|-damage|p2a: Swampert|38\/100\n|-crit|p2a: Swampert\n|-damage|p2a: Swampert|9\/100\n|-hitcount|p2a: Swampert|3\n|move|p2a: Swampert|Earthquake|p1a: Urshifu\n|-damage|p1a: Urshifu|18\/100\n|\n|-weather|none\n|upkeep\n|turn|47\n|\n|t:|1701096579\n|switch|p2a: Pelipper|Pelipper, M|61\/100 par\n|-damage|p2a: Pelipper|37\/100 par|[from] Stealth Rock\n|-weather|RainDance|[from] ability: Drizzle|[of] p2a: Pelipper\n|move|p1a: Urshifu|Surging Strikes|p2a: Pelipper\n|-resisted|p2a: Pelipper\n|-crit|p2a: Pelipper\n|-damage|p2a: Pelipper|20\/100 par\n|-resisted|p2a: Pelipper\n|-crit|p2a: Pelipper\n|-damage|p2a: Pelipper|2\/100 par\n|-resisted|p2a: Pelipper\n|-crit|p2a: Pelipper\n|-damage|p2a: Pelipper|0 fnt\n|faint|p2a: Pelipper\n|-hitcount|p2: Pelipper|3\n|\n|-weather|RainDance|[upkeep]\n|upkeep\n|\n|t:|1701096596\n|switch|p2a: Barraskewda|Barraskewda, M, shiny|94\/100\n|-damage|p2a: Barraskewda|82\/100|[from] Stealth Rock\n|turn|48\n|inactive|suib1anWanWan has 120 seconds left.\n|\n|t:|1701096631\n|switch|p1a: Heatran|Heatran, M|97\/100\n|move|p2a: Barraskewda|Liquidation|p1a: Heatran\n|-supereffective|p1a: Heatran\n|-damage|p1a: Heatran|0 fnt\n|faint|p1a: Heatran\n|\n|-weather|RainDance|[upkeep]\n|upkeep\n|\n|t:|1701096633\n|switch|p1a: Rillaboom|Rillaboom, M, tera:Grass|15\/100 brn\n|-fieldstart|move: Grassy Terrain|[from] ability: Grassy Surge|[of] p1a: Rillaboom\n|turn|49\n|inactive|readingpaper has 120 seconds left.\n|\n|t:|1701096642\n|switch|p2a: Moltres|Moltres|90\/100\n|-damage|p2a: Moltres|40\/100|[from] Stealth Rock\n|move|p1a: Rillaboom|U-turn|p2a: Moltres\n|-resisted|p2a: Moltres\n|-damage|p2a: Moltres|36\/100\n|\n|t:|1701096645\n|switch|p1a: Urshifu|Urshifu-Rapid-Strike, M|18\/100|[from] U-turn\n|\n|-weather|RainDance|[upkeep]\n|-heal|p1a: Urshifu|25\/100|[from] Grassy Terrain\n|upkeep\n|turn|50\n|\n|t:|1701096658\n|move|p1a: Urshifu|Surging Strikes|p2a: Moltres\n|-supereffective|p2a: Moltres\n|-crit|p2a: Moltres\n|-damage|p2a: Moltres|0 fnt\n|faint|p2a: Moltres\n|-hitcount|p2: Moltres|1\n|\n|-weather|RainDance|[upkeep]\n|-heal|p1a: Urshifu|31\/100|[from] Grassy Terrain\n|upkeep\n|\n|t:|1701096663\n|switch|p2a: Kingdra|Kingdra, F|35\/100\n|-damage|p2a: Kingdra|23\/100|[from] Stealth Rock\n|turn|51\n|\n|t:|1701096677\n|switch|p1a: Slowking|Slowking-Galar, F|100\/100\n|move|p2a: Kingdra|Hurricane|p1a: Slowking\n|-damage|p1a: Slowking|66\/100\n|\n|-weather|RainDance|[upkeep]\n|-heal|p2a: Kingdra|29\/100|[from] Grassy Terrain\n|-heal|p1a: Slowking|72\/100|[from] Grassy Terrain\n|upkeep\n|turn|52\n|\n|t:|1701096685\n|move|p2a: Kingdra|Hurricane|p1a: Slowking\n|-damage|p1a: Slowking|37\/100\n|-start|p1a: Slowking|confusion\n|-activate|p1a: Slowking|confusion\n|move|p1a: Slowking|Chilly Reception|p1a: Slowking\n|-weather|Snow\n|\n|t:|1701096691\n|switch|p1a: Urshifu|Urshifu-Rapid-Strike, M|31\/100|[from] Chilly Reception\n|\n|-weather|Snow|[upkeep]\n|-heal|p1a: Urshifu|37\/100|[from] Grassy Terrain\n|-heal|p2a: Kingdra|35\/100|[from] Grassy Terrain\n|upkeep\n|turn|53\n|\n|t:|1701096697\n|move|p1a: Urshifu|Close Combat|p2a: Kingdra\n|-damage|p2a: Kingdra|0 fnt\n|-unboost|p1a: Urshifu|def|1\n|-unboost|p1a: Urshifu|spd|1\n|faint|p2a: Kingdra\n|\n|-weather|Snow|[upkeep]\n|-heal|p1a: Urshifu|43\/100|[from] Grassy Terrain\n|-fieldend|move: Grassy Terrain\n|upkeep\n|\n|t:|1701096705\n|switch|p2a: Barraskewda|Barraskewda, M, shiny|82\/100\n|-damage|p2a: Barraskewda|70\/100|[from] Stealth Rock\n|turn|54\n|\n|t:|1701096709\n|switch|p1a: Slowking|Slowking-Galar, F|70\/100\n|move|p2a: Barraskewda|Flip Turn|p1a: Slowking\n|-damage|p1a: Slowking|36\/100\n|-message|readingpaper forfeited.\n|\n|win|suib1anWanWan\n|raw|suib1anWanWan's rating: 1405 &rarr; <strong>1423<\/strong><br \/>(+18 for winning)\n|raw|readingpaper's rating: 1370 &rarr; <strong>1352<\/strong><br \/>(-18 for losing)\n|l|\u2606readingpaper\n","uploadtime":1701096718,"views":11,"p1id":"suib1anwanwan","p2id":"readingpaper","formatid":"gen9nationaldex","rating":1352,"private":0,"password":""}