{"id":"gen9nationaldex-1994663336","p1":"Miss sorcery","p2":"MoonNeighzi","format":"[Gen 9] National Dex","log":"|html|<div class=\"broadcast-blue\"><strong>[Gen 9] National Dex is currently suspecting Sneasler! For information on how to participate check out the <a href=\"https:\/\/www.smogon.com\/forums\/threads\/sv-national-dex-suspect-8-just-dance.3731534\/\">suspect thread<\/a>.<\/strong><\/div>\n|j|\u2606Miss sorcery\n|j|\u2606MoonNeighzi\n|t:|1700477543\n|gametype|singles\n|player|p1|Miss sorcery|veteranf|1086\n|player|p2|MoonNeighzi|1|1077\n|teamsize|p1|6\n|teamsize|p2|6\n|gen|9\n|tier|[Gen 9] National Dex\n|rated|\n|rule|HP Percentage Mod: HP is shown in percentages\n|rule|Endless Battle Clause: Forcing endless battles is banned\n|rule|OHKO Clause: OHKO moves are banned\n|rule|Evasion Clause: Evasion abilities, items, and moves are banned\n|rule|Evasion Abilities Clause: Evasion abilities are banned\n|rule|Evasion Items Clause: Evasion items are banned\n|rule|Evasion Moves Clause: Evasion moves are banned\n|rule|Species Clause: Limit one of each Pok\u00e9mon\n|rule|Sleep Clause Mod: Limit one foe put to sleep\n|clearpoke\n|poke|p1|Nihilego|\n|poke|p1|Turtonator, M|\n|poke|p1|Uxie|\n|poke|p1|Buzzwole|\n|poke|p1|Gallade, M|\n|poke|p1|Zoroark, F|\n|poke|p2|Charizard, M|\n|poke|p2|Gyarados, F|\n|poke|p2|Gardevoir, F|\n|poke|p2|Ceruledge, M|\n|poke|p2|Forretress, M|\n|poke|p2|Kleavor, M|\n|teampreview\n|\n|t:|1700477569\n|start\n|switch|p1a: Turtonator|Turtonator, M|100\/100\n|switch|p2a: Gardevoir|Gardevoir, F|100\/100\n|turn|1\n|\n|t:|1700477583\n|move|p1a: Turtonator|Swords Dance|p1a: Turtonator\n|-boost|p1a: Turtonator|atk|2\n|move|p2a: Gardevoir|Calm Mind|p2a: Gardevoir\n|-boost|p2a: Gardevoir|spa|1\n|-boost|p2a: Gardevoir|spd|1\n|\n|upkeep\n|turn|2\n|\n|t:|1700477592\n|move|p1a: Turtonator|Knock Off|p2a: Gardevoir\n|-damage|p2a: Gardevoir|0 fnt\n|-enditem|p2a: Gardevoir|Life Orb|[from] move: Knock Off|[of] p1a: Turtonator\n|faint|p2a: Gardevoir\n|\n|upkeep\n|\n|t:|1700477601\n|switch|p2a: Gyarados|Gyarados, F|100\/100\n|-ability|p2a: Gyarados|Intimidate|boost\n|-unboost|p1a: Turtonator|atk|1\n|turn|3\n|\n|t:|1700477608\n|move|p1a: Turtonator|Knock Off|p2a: Gyarados\n|-damage|p2a: Gyarados|49\/100\n|move|p2a: Gyarados|Crunch|p1a: Turtonator\n|-resisted|p1a: Turtonator\n|-damage|p1a: Turtonator|74\/100\n|replace|p1a: Zoroark|Zoroark, F\n|-end|p1a: Zoroark|Illusion\n|\n|upkeep\n|turn|4\n|\n|t:|1700477626\n|move|p1a: Zoroark|U-turn|p2a: Gyarados\n|-resisted|p2a: Gyarados\n|-damage|p2a: Gyarados|28\/100\n|\n|t:|1700477630\n|switch|p1a: Uxie|Uxie|100\/100|[from] U-turn\n|move|p2a: Gyarados|Dragon Dance|p2a: Gyarados\n|-boost|p2a: Gyarados|atk|1\n|-boost|p2a: Gyarados|spe|1\n|\n|upkeep\n|turn|5\n|\n|t:|1700477639\n|move|p2a: Gyarados|Crunch|p1a: Uxie\n|-supereffective|p1a: Uxie\n|-damage|p1a: Uxie|29\/100\n|move|p1a: Uxie|Stealth Rock|p2a: Gyarados\n|-sidestart|p2: MoonNeighzi|move: Stealth Rock\n|\n|-heal|p1a: Uxie|35\/100|[from] item: Leftovers\n|upkeep\n|turn|6\n|\n|t:|1700477647\n|switch|p1a: Buzzwole|Buzzwole|100\/100\n|move|p2a: Gyarados|Crunch|p1a: Buzzwole\n|-resisted|p1a: Buzzwole\n|-damage|p1a: Buzzwole|87\/100\n|\n|upkeep\n|turn|7\n|\n|t:|1700477657\n|-zpower|p2a: Gyarados\n|move|p2a: Gyarados|Supersonic Skystrike|p1a: Buzzwole|[zeffect]\n|-supereffective|p1a: Buzzwole\n|-damage|p1a: Buzzwole|0 fnt\n|faint|p1a: Buzzwole\n|\n|upkeep\n|\n|t:|1700477666\n|switch|p1a: Turtonator|Turtonator, M|74\/100\n|turn|8\n|\n|t:|1700477672\n|move|p1a: Turtonator|Sucker Punch|p2a: Gyarados\n|-damage|p2a: Gyarados|0 fnt\n|faint|p2a: Gyarados\n|\n|upkeep\n|\n|t:|1700477681\n|switch|p2a: Kleavor|Kleavor, M|100\/100\n|-damage|p2a: Kleavor|75\/100|[from] Stealth Rock\n|turn|9\n|\n|t:|1700477689\n|move|p1a: Turtonator|Knock Off|p2a: Kleavor\n|-damage|p2a: Kleavor|36\/100\n|-enditem|p2a: Kleavor|Lum Berry|[from] move: Knock Off|[of] p1a: Turtonator\n|move|p2a: Kleavor|U-turn|p1a: Turtonator\n|-supereffective|p1a: Turtonator\n|-damage|p1a: Turtonator|0 fnt\n|replace|p1a: Zoroark|Zoroark, F\n|-end|p1a: Zoroark|Illusion\n|faint|p1a: Zoroark\n|\n|t:|1700477699\n|switch|p2a: Ceruledge|Ceruledge, M|100\/100|[from] U-turn\n|-damage|p2a: Ceruledge|76\/100|[from] Stealth Rock\n|\n|upkeep\n|\n|t:|1700477705\n|switch|p1a: Nihilego|Nihilego|100\/100\n|turn|10\n|\n|t:|1700477710\n|move|p1a: Nihilego|Wonder Room|p1a: Nihilego\n|-fieldstart|move: Wonder Room|[of] p1a: Nihilego\n|move|p2a: Ceruledge|Flame Charge|p1a: Nihilego\n|-resisted|p1a: Nihilego\n|-damage|p1a: Nihilego|92\/100\n|-boost|p2a: Ceruledge|spe|1\n|\n|-heal|p1a: Nihilego|98\/100|[from] item: Black Sludge\n|upkeep\n|turn|11\n|\n|t:|1700477725\n|move|p2a: Ceruledge|Bitter Blade|p1a: Nihilego\n|-resisted|p1a: Nihilego\n|-damage|p1a: Nihilego|83\/100\n|-heal|p2a: Ceruledge|85\/100|[from] drain|[of] p1a: Nihilego\n|move|p1a: Nihilego|Power Gem|p2a: Ceruledge\n|-supereffective|p2a: Ceruledge\n|-damage|p2a: Ceruledge|18\/100\n|\n|-heal|p1a: Nihilego|89\/100|[from] item: Black Sludge\n|upkeep\n|turn|12\n|\n|t:|1700477735\n|move|p2a: Ceruledge|Poltergeist|p1a: Nihilego\n|-activate|p1a: Nihilego|move: Poltergeist|Black Sludge\n|-damage|p1a: Nihilego|52\/100\n|move|p1a: Nihilego|Power Gem|p2a: Ceruledge\n|-supereffective|p2a: Ceruledge\n|-damage|p2a: Ceruledge|0 fnt\n|faint|p2a: Ceruledge\n|-ability|p1a: Nihilego|Beast Boost|boost\n|-boost|p1a: Nihilego|spe|1\n|\n|-heal|p1a: Nihilego|58\/100|[from] item: Black Sludge\n|upkeep\n|\n|t:|1700477746\n|switch|p2a: Forretress|Forretress, M|100\/100\n|-damage|p2a: Forretress|88\/100|[from] Stealth Rock\n|turn|13\n|\n|t:|1700477753\n|switch|p1a: Turtonator|Turtonator, M|100\/100\n|move|p2a: Forretress|Rapid Spin|p1a: Turtonator\n|-damage|p1a: Turtonator|84\/100\n|-boost|p2a: Forretress|spe|1\n|-sideend|p2: MoonNeighzi|Stealth Rock|[from] move: Rapid Spin|[of] p2a: Forretress\n|\n|upkeep\n|turn|14\n|\n|t:|1700477767\n|-terastallize|p2a: Forretress|Normal\n|move|p2a: Forretress|Explosion|p1a: Turtonator\n|-damage|p1a: Turtonator|0 fnt\n|faint|p2a: Forretress\n|faint|p1a: Turtonator\n|\n|-fieldend|move: Wonder Room\n|upkeep\n|\n|t:|1700477782\n|switch|p1a: Nihilego|Nihilego|58\/100\n|switch|p2a: Charizard|Charizard, M|100\/100\n|turn|15\n|\n|t:|1700477793\n|detailschange|p2a: Charizard|Charizard-Mega-Y, M\n|-mega|p2a: Charizard|Charizard|Charizardite Y\n|-weather|SunnyDay|[from] ability: Drought|[of] p2a: Charizard\n|move|p1a: Nihilego|Power Gem|p2a: Charizard\n|-supereffective|p2a: Charizard\n|-damage|p2a: Charizard|0 fnt\n|faint|p2a: Charizard\n|-ability|p1a: Nihilego|Beast Boost|boost\n|-boost|p1a: Nihilego|spe|1\n|\n|-weather|SunnyDay|[upkeep]\n|-heal|p1a: Nihilego|65\/100|[from] item: Black Sludge\n|upkeep\n|\n|t:|1700477806\n|switch|p2a: Kleavor|Kleavor, M|36\/100\n|turn|16\n|c|\u2606Miss sorcery|modest?\n|c|\u2606MoonNeighzi|yea :D\n|\n|t:|1700477823\n|move|p1a: Nihilego|Power Gem|p2a: Kleavor\n|-supereffective|p2a: Kleavor\n|-damage|p2a: Kleavor|0 fnt\n|faint|p2a: Kleavor\n|\n|win|Miss sorcery\n|raw|Miss sorcery's rating: 1086 &rarr; <strong>1112<\/strong><br \/>(+26 for winning)\n|raw|MoonNeighzi's rating: 1077 &rarr; <strong>1056<\/strong><br \/>(-21 for losing)\n|c|\u2606Miss sorcery|gg\n|c|\u2606MoonNeighzi|gg\n|l|\u2606MoonNeighzi\n","uploadtime":1700477839,"views":8,"p1id":"misssorcery","p2id":"moonneighzi","formatid":"gen9nationaldex","rating":1056,"private":0,"password":""}