{"id":"gen9nationaldex-1997840592","p1":"Yami Tayori","p2":"TheMuj","format":"[Gen 9] National Dex","log":"|html|<div class=\"broadcast-blue\"><strong>[Gen 9] National Dex is currently suspecting Sneasler! For information on how to participate check out the <a href=\"https:\/\/www.smogon.com\/forums\/threads\/sv-national-dex-suspect-8-just-dance.3731534\/\">suspect thread<\/a>.<\/strong><\/div>\n|j|\u2606Yami Tayori\n|j|\u2606TheMuj\n|t:|1700858476\n|gametype|singles\n|player|p1|Yami Tayori|steven|1169\n|player|p2|TheMuj|steven|1072\n|teamsize|p1|6\n|teamsize|p2|6\n|gen|9\n|tier|[Gen 9] National Dex\n|rated|\n|rule|HP Percentage Mod: HP is shown in percentages\n|rule|Endless Battle Clause: Forcing endless battles is banned\n|rule|OHKO Clause: OHKO moves are banned\n|rule|Evasion Clause: Evasion abilities, items, and moves are banned\n|rule|Evasion Abilities Clause: Evasion abilities are banned\n|rule|Evasion Items Clause: Evasion items are banned\n|rule|Evasion Moves Clause: Evasion moves are banned\n|rule|Species Clause: Limit one of each Pok\u00e9mon\n|rule|Sleep Clause Mod: Limit one foe put to sleep\n|clearpoke\n|poke|p1|Flygon, M|\n|poke|p1|Breloom, F|\n|poke|p1|Aggron, M|\n|poke|p1|Garchomp, M|\n|poke|p1|Tyranitar, M|\n|poke|p1|Rotom-Heat|\n|poke|p2|Corviknight, F|\n|poke|p2|Victini|\n|poke|p2|Zapdos|\n|poke|p2|Sharpedo, F|\n|poke|p2|Yanmega, F|\n|poke|p2|Thundurus-Therian, M|\n|teampreview\n|inactive|Battle timer is ON: inactive players will automatically lose when time's up. (requested by TheMuj)\n|\n|t:|1700858481\n|start\n|switch|p1a: Flygon|Flygon, M|100\/100\n|switch|p2a: Victini|Victini|100\/100\n|turn|1\n|\n|t:|1700858490\n|-terastallize|p1a: Flygon|Ground\n|move|p1a: Flygon|Earthquake|p2a: Victini\n|-supereffective|p2a: Victini\n|-damage|p2a: Victini|0 fnt\n|faint|p2a: Victini\n|\n|upkeep\n|\n|t:|1700858499\n|switch|p2a: Yanmega|Yanmega, F|100\/100\n|turn|2\n|\n|t:|1700858509\n|switch|p1a: Rotom|Rotom-Heat|100\/100\n|move|p2a: Yanmega|Protect||[still]\n|-fail|p2a: Yanmega\n|\n|-ability|p2a: Yanmega|Speed Boost|boost\n|-boost|p2a: Yanmega|spe|1\n|upkeep\n|turn|3\n|\n|t:|1700858515\n|switch|p2a: Sharpedo|Sharpedo, F|100\/100\n|move|p1a: Rotom|Volt Switch|p2a: Sharpedo\n|-supereffective|p2a: Sharpedo\n|-damage|p2a: Sharpedo|0 fnt\n|faint|p2a: Sharpedo\n|\n|t:|1700858523\n|switch|p1a: Tyranitar|Tyranitar, M, shiny|100\/100|[from] Volt Switch\n|-weather|Sandstorm|[from] ability: Sand Stream|[of] p1a: Tyranitar\n|\n|-weather|Sandstorm|[upkeep]\n|upkeep\n|\n|t:|1700858533\n|switch|p2a: Thundurus|Thundurus-Therian, M|100\/100\n|turn|4\n|\n|t:|1700858539\n|move|p2a: Thundurus|Focus Blast|p1a: Tyranitar\n|-supereffective|p1a: Tyranitar\n|-damage|p1a: Tyranitar|6\/100\n|move|p1a: Tyranitar|Stealth Rock|p2a: Thundurus\n|-sidestart|p2: TheMuj|move: Stealth Rock\n|\n|-weather|Sandstorm|[upkeep]\n|-damage|p2a: Thundurus|94\/100|[from] Sandstorm\n|-heal|p1a: Tyranitar|13\/100|[from] item: Leftovers\n|upkeep\n|turn|5\n|\n|t:|1700858544\n|move|p2a: Thundurus|Thunderbolt|p1a: Tyranitar\n|-damage|p1a: Tyranitar|0 fnt\n|faint|p1a: Tyranitar\n|\n|-weather|Sandstorm|[upkeep]\n|-damage|p2a: Thundurus|88\/100|[from] Sandstorm\n|upkeep\n|\n|t:|1700858554\n|switch|p1a: Flygon|Flygon, M, tera:Ground|100\/100\n|turn|6\n|\n|t:|1700858568\n|move|p1a: Flygon|Rock Slide|p2a: Thundurus\n|-supereffective|p2a: Thundurus\n|-damage|p2a: Thundurus|23\/100\n|move|p2a: Thundurus|Hidden Power|p1a: Flygon\n|-supereffective|p1a: Flygon\n|-damage|p1a: Flygon|43\/100\n|\n|-weather|Sandstorm|[upkeep]\n|-damage|p2a: Thundurus|17\/100|[from] Sandstorm\n|upkeep\n|turn|7\n|\n|t:|1700858574\n|move|p1a: Flygon|Rock Slide|p2a: Thundurus\n|-supereffective|p2a: Thundurus\n|-damage|p2a: Thundurus|0 fnt\n|faint|p2a: Thundurus\n|\n|-weather|none\n|upkeep\n|\n|t:|1700858583\n|switch|p2a: Yanmega|Yanmega, F|100\/100\n|-damage|p2a: Yanmega|51\/100|[from] Stealth Rock\n|turn|8\n|\n|t:|1700858586\n|move|p2a: Yanmega|Protect|p2a: Yanmega\n|-singleturn|p2a: Yanmega|Protect\n|move|p1a: Flygon|Rock Slide|p2a: Yanmega\n|-activate|p2a: Yanmega|move: Protect\n|\n|-ability|p2a: Yanmega|Speed Boost|boost\n|-boost|p2a: Yanmega|spe|1\n|upkeep\n|turn|9\n|\n|t:|1700858590\n|move|p1a: Flygon|Rock Slide|p2a: Yanmega\n|-supereffective|p2a: Yanmega\n|-damage|p2a: Yanmega|0 fnt\n|faint|p2a: Yanmega\n|\n|upkeep\n|\n|t:|1700858594\n|switch|p2a: Zapdos|Zapdos|100\/100\n|-damage|p2a: Zapdos|76\/100|[from] Stealth Rock\n|turn|10\n|\n|t:|1700858599\n|move|p1a: Flygon|Rock Slide|p2a: Zapdos|[miss]\n|-miss|p1a: Flygon|p2a: Zapdos\n|move|p2a: Zapdos|Hurricane|p1a: Flygon\n|-damage|p1a: Flygon|0 fnt\n|faint|p1a: Flygon\n|\n|upkeep\n|\n|t:|1700858604\n|switch|p1a: Aggron|Aggron, M|100\/100\n|turn|11\n|\n|t:|1700858610\n|-zpower|p2a: Zapdos\n|move|p2a: Zapdos|Supersonic Skystrike|p1a: Aggron|[zeffect]\n|-resisted|p1a: Aggron\n|-crit|p1a: Aggron\n|-damage|p1a: Aggron|69\/100\n|move|p1a: Aggron|Ice Punch|p2a: Zapdos\n|-supereffective|p2a: Zapdos\n|-damage|p2a: Zapdos|25\/100\n|\n|upkeep\n|turn|12\n|\n|t:|1700858621\n|move|p2a: Zapdos|Thunderbolt|p1a: Aggron\n|-damage|p1a: Aggron|27\/100\n|move|p1a: Aggron|Ice Punch|p2a: Zapdos\n|-supereffective|p2a: Zapdos\n|-damage|p2a: Zapdos|0 fnt\n|-status|p1a: Aggron|par|[from] ability: Static|[of] p2a: Zapdos\n|faint|p2a: Zapdos\n|\n|upkeep\n|\n|t:|1700858625\n|switch|p2a: Corviknight|Corviknight, F|100\/100\n|-damage|p2a: Corviknight|88\/100|[from] Stealth Rock\n|-ability|p2a: Corviknight|Pressure\n|turn|13\n|\n|t:|1700858630\n|move|p2a: Corviknight|Bulk Up|p2a: Corviknight\n|-boost|p2a: Corviknight|atk|1\n|-boost|p2a: Corviknight|def|1\n|move|p1a: Aggron|Power-Up Punch|p2a: Corviknight\n|-damage|p2a: Corviknight|82\/100\n|-boost|p1a: Aggron|atk|1\n|\n|-heal|p2a: Corviknight|88\/100|[from] item: Leftovers\n|upkeep\n|turn|14\n|\n|t:|1700858632\n|move|p2a: Corviknight|Bulk Up|p2a: Corviknight\n|-boost|p2a: Corviknight|atk|1\n|-boost|p2a: Corviknight|def|1\n|cant|p1a: Aggron|par\n|\n|-heal|p2a: Corviknight|94\/100|[from] item: Leftovers\n|upkeep\n|turn|15\n|\n|t:|1700858638\n|move|p2a: Corviknight|Bulk Up|p2a: Corviknight\n|-boost|p2a: Corviknight|atk|1\n|-boost|p2a: Corviknight|def|1\n|cant|p1a: Aggron|par\n|\n|-heal|p2a: Corviknight|99\/100|[from] item: Leftovers\n|upkeep\n|turn|16\n|\n|t:|1700858641\n|move|p2a: Corviknight|Bulk Up|p2a: Corviknight\n|-boost|p2a: Corviknight|atk|1\n|-boost|p2a: Corviknight|def|1\n|move|p1a: Aggron|Power-Up Punch|p2a: Corviknight\n|-damage|p2a: Corviknight|95\/100\n|-boost|p1a: Aggron|atk|1\n|\n|-heal|p2a: Corviknight|100\/100|[from] item: Leftovers\n|upkeep\n|turn|17\n|\n|t:|1700858643\n|move|p2a: Corviknight|Bulk Up|p2a: Corviknight\n|-boost|p2a: Corviknight|atk|1\n|-boost|p2a: Corviknight|def|1\n|move|p1a: Aggron|Power-Up Punch|p2a: Corviknight\n|-damage|p2a: Corviknight|95\/100\n|-boost|p1a: Aggron|atk|1\n|\n|-heal|p2a: Corviknight|100\/100|[from] item: Leftovers\n|upkeep\n|turn|18\n|\n|t:|1700858645\n|move|p2a: Corviknight|Bulk Up|p2a: Corviknight\n|-boost|p2a: Corviknight|atk|1\n|-boost|p2a: Corviknight|def|1\n|cant|p1a: Aggron|par\n|\n|upkeep\n|turn|19\n|\n|t:|1700858650\n|move|p2a: Corviknight|Power Trip|p1a: Aggron\n|-damage|p1a: Aggron|0 fnt\n|faint|p1a: Aggron\n|\n|upkeep\n|\n|t:|1700858653\n|switch|p1a: Rotom|Rotom-Heat|100\/100\n|turn|20\n|\n|t:|1700858658\n|-terastallize|p2a: Corviknight|Ground\n|move|p1a: Rotom|Will-O-Wisp|p2a: Corviknight\n|-status|p2a: Corviknight|brn\n|move|p2a: Corviknight|Power Trip|p1a: Rotom\n|-damage|p1a: Rotom|4\/100\n|\n|-heal|p1a: Rotom|10\/100|[from] item: Leftovers\n|-damage|p2a: Corviknight|94\/100 brn|[from] brn\n|upkeep\n|turn|21\n|\n|t:|1700858670\n|move|p1a: Rotom|Protect|p1a: Rotom\n|-singleturn|p1a: Rotom|Protect\n|move|p2a: Corviknight|Power Trip|p1a: Rotom\n|-activate|p1a: Rotom|move: Protect\n|\n|-heal|p1a: Rotom|16\/100|[from] item: Leftovers\n|-heal|p2a: Corviknight|100\/100 brn|[from] item: Leftovers\n|-damage|p2a: Corviknight|94\/100 brn|[from] brn\n|upkeep\n|turn|22\n|\n|t:|1700858675\n|move|p1a: Rotom|Volt Switch|p2a: Corviknight\n|-immune|p2a: Corviknight\n|move|p2a: Corviknight|Power Trip|p1a: Rotom\n|-damage|p1a: Rotom|0 fnt\n|faint|p1a: Rotom\n|\n|-heal|p2a: Corviknight|100\/100 brn|[from] item: Leftovers\n|-damage|p2a: Corviknight|94\/100 brn|[from] brn\n|upkeep\n|\n|t:|1700858680\n|switch|p1a: Garchomp|Garchomp, M|100\/100\n|turn|23\n|\n|t:|1700858687\n|detailschange|p1a: Garchomp|Garchomp-Mega, M\n|-mega|p1a: Garchomp|Garchomp|Garchompite\n|move|p1a: Garchomp|Swords Dance|p1a: Garchomp\n|-boost|p1a: Garchomp|atk|2\n|move|p2a: Corviknight|Power Trip|p1a: Garchomp\n|-damage|p1a: Garchomp|8\/100\n|\n|-heal|p2a: Corviknight|100\/100 brn|[from] item: Leftovers\n|-damage|p2a: Corviknight|94\/100 brn|[from] brn\n|upkeep\n|turn|24\n|\n|t:|1700858695\n|move|p1a: Garchomp|Earthquake|p2a: Corviknight\n|-damage|p2a: Corviknight|70\/100 brn\n|move|p2a: Corviknight|Power Trip|p1a: Garchomp\n|-damage|p1a: Garchomp|0 fnt\n|faint|p1a: Garchomp\n|\n|-heal|p2a: Corviknight|76\/100 brn|[from] item: Leftovers\n|-damage|p2a: Corviknight|70\/100 brn|[from] brn\n|upkeep\n|\n|t:|1700858698\n|switch|p1a: Breloom|Breloom, F|100\/100\n|turn|25\n|\n|t:|1700858701\n|move|p1a: Breloom|Spore||[still]\n|-fail|p1a: Breloom\n|move|p2a: Corviknight|Brave Bird|p1a: Breloom\n|-supereffective|p1a: Breloom\n|-damage|p1a: Breloom|0 fnt\n|faint|p1a: Breloom\n|-damage|p2a: Corviknight|48\/100 brn|[from] Recoil\n|\n|win|TheMuj\n|raw|Yami Tayori's rating: 1169 &rarr; <strong>1137<\/strong><br \/>(-32 for losing)\n|raw|TheMuj's rating: 1072 &rarr; <strong>1109<\/strong><br \/>(+37 for winning)\n","uploadtime":1700858706,"views":3,"p1id":"yamitayori","p2id":"themuj","formatid":"gen9nationaldex","rating":1109,"private":0,"password":""}