{"id":"gen9nationaldex-1989752317","p1":"Aesiro13","p2":"v587","format":"[Gen 9] National Dex","log":"|j|\u2606Aesiro13\n|j|\u2606v587\n|t:|1699892738\n|gametype|singles\n|player|p1|Aesiro13|giacomo|1231\n|player|p2|v587|dawn|1311\n|teamsize|p1|6\n|teamsize|p2|6\n|gen|9\n|tier|[Gen 9] National Dex\n|rated|\n|rule|HP Percentage Mod: HP is shown in percentages\n|rule|Endless Battle Clause: Forcing endless battles is banned\n|rule|OHKO Clause: OHKO moves are banned\n|rule|Evasion Clause: Evasion abilities, items, and moves are banned\n|rule|Evasion Abilities Clause: Evasion abilities are banned\n|rule|Evasion Items Clause: Evasion items are banned\n|rule|Evasion Moves Clause: Evasion moves are banned\n|rule|Species Clause: Limit one of each Pok\u00e9mon\n|rule|Sleep Clause Mod: Limit one foe put to sleep\n|clearpoke\n|poke|p1|Glimmora, F|\n|poke|p1|Gyarados, M|\n|poke|p1|Landorus-Therian, M|\n|poke|p1|Heatran, M|\n|poke|p1|Nihilego|\n|poke|p1|Gliscor, M|\n|poke|p2|Swellow, M|\n|poke|p2|Lopunny, M|\n|poke|p2|Zoroark-Hisui, M|\n|poke|p2|Komala, F|\n|poke|p2|Grafaiai, M|\n|poke|p2|Miltank, F|\n|teampreview\n|inactive|Battle timer is ON: inactive players will automatically lose when time's up. (requested by v587)\n|inactive|v587 has 120 seconds left.\n|\n|t:|1699892803\n|start\n|switch|p1a: Gyarados|Gyarados, M, shiny|100\/100\n|switch|p2a: Grafaiai|Grafaiai, M|100\/100\n|-ability|p1a: Gyarados|Intimidate|boost\n|-unboost|p2a: Grafaiai|atk|1\n|turn|1\n|\n|t:|1699892828\n|move|p1a: Gyarados|Dragon Dance|p1a: Gyarados\n|-boost|p1a: Gyarados|atk|1\n|-boost|p1a: Gyarados|spe|1\n|move|p2a: Grafaiai|Super Fang|p1a: Gyarados\n|-damage|p1a: Gyarados|51\/100\n|\n|upkeep\n|turn|2\n|\n|t:|1699892839\n|detailschange|p1a: Gyarados|Gyarados-Mega, M, shiny\n|-mega|p1a: Gyarados|Gyarados|Gyaradosite\n|-ability|p1a: Gyarados|Mold Breaker\n|move|p2a: Grafaiai|Encore|p1a: Gyarados\n|-hint|Since gen 7, Dark is immune to Prankster moves.\n|-immune|p1a: Gyarados\n|move|p1a: Gyarados|Earthquake|p2a: Grafaiai\n|-supereffective|p2a: Grafaiai\n|-damage|p2a: Grafaiai|0 fnt\n|faint|p2a: Grafaiai\n|\n|upkeep\n|\n|t:|1699892853\n|switch|p2a: Miltank|Miltank, F|100\/100\n|turn|3\n|\n|t:|1699892861\n|move|p1a: Gyarados|Waterfall|p2a: Miltank\n|-damage|p2a: Miltank|56\/100\n|cant|p2a: Miltank|flinch\n|\n|-heal|p2a: Miltank|62\/100|[from] item: Leftovers\n|upkeep\n|turn|4\n|\n|t:|1699892866\n|move|p1a: Gyarados|Waterfall|p2a: Miltank\n|-damage|p2a: Miltank|21\/100\n|move|p2a: Miltank|Milk Drink|p2a: Miltank\n|-heal|p2a: Miltank|71\/100\n|\n|-heal|p2a: Miltank|77\/100|[from] item: Leftovers\n|upkeep\n|turn|5\n|\n|t:|1699892871\n|move|p1a: Gyarados|Dragon Dance|p1a: Gyarados\n|-boost|p1a: Gyarados|atk|1\n|-boost|p1a: Gyarados|spe|1\n|move|p2a: Miltank|Body Press|p1a: Gyarados\n|-supereffective|p1a: Gyarados\n|-crit|p1a: Gyarados\n|-damage|p1a: Gyarados|0 fnt\n|faint|p1a: Gyarados\n|\n|-heal|p2a: Miltank|83\/100|[from] item: Leftovers\n|upkeep\n|\n|t:|1699892878\n|switch|p1a: Glimmora|Glimmora, F|100\/100\n|turn|6\n|\n|t:|1699892883\n|move|p2a: Miltank|Stealth Rock|p1a: Glimmora\n|-sidestart|p1: Aesiro13|move: Stealth Rock\n|move|p1a: Glimmora|Mortal Spin|p2a: Miltank\n|-damage|p2a: Miltank|79\/100\n|-status|p2a: Miltank|psn\n|-sideend|p1: Aesiro13|Stealth Rock|[from] move: Mortal Spin|[of] p1a: Glimmora\n|\n|-heal|p2a: Miltank|86\/100 psn|[from] item: Leftovers\n|-damage|p2a: Miltank|73\/100 psn|[from] psn\n|upkeep\n|turn|7\n|\n|t:|1699892895\n|switch|p2a: Komala|Komala, F|100\/100\n|-ability|p2a: Komala|Comatose\n|move|p1a: Glimmora|Stealth Rock|p2a: Komala\n|-sidestart|p2: v587|move: Stealth Rock\n|\n|upkeep\n|turn|8\n|\n|t:|1699892904\n|move|p1a: Glimmora|Spikes|p2a: Komala\n|-sidestart|p2: v587|Spikes\n|move|p2a: Komala|Knock Off|p1a: Glimmora\n|-crit|p1a: Glimmora\n|-damage|p1a: Glimmora|69\/100\n|-activate|p1a: Glimmora|ability: Toxic Debris\n|-sidestart|p2: v587|move: Toxic Spikes\n|-enditem|p1a: Glimmora|Leftovers|[from] move: Knock Off|[of] p2a: Komala\n|\n|upkeep\n|turn|9\n|\n|t:|1699892908\n|move|p1a: Glimmora|Spikes|p2a: Komala\n|-sidestart|p2: v587|Spikes\n|move|p2a: Komala|Body Slam|p1a: Glimmora\n|-resisted|p1a: Glimmora\n|-damage|p1a: Glimmora|57\/100\n|-activate|p1a: Glimmora|ability: Toxic Debris\n|-sidestart|p2: v587|move: Toxic Spikes\n|\n|upkeep\n|turn|10\n|\n|t:|1699892915\n|move|p1a: Glimmora|Spikes|p2a: Komala\n|-sidestart|p2: v587|Spikes\n|move|p2a: Komala|Body Slam|p1a: Glimmora\n|-resisted|p1a: Glimmora\n|-damage|p1a: Glimmora|45\/100\n|\n|upkeep\n|turn|11\n|\n|t:|1699892919\n|move|p1a: Glimmora|Mortal Spin|p2a: Komala\n|-damage|p2a: Komala|92\/100\n|move|p2a: Komala|Rapid Spin|p1a: Glimmora\n|-resisted|p1a: Glimmora\n|-damage|p1a: Glimmora|37\/100\n|-boost|p2a: Komala|spe|1\n|-sideend|p2: v587|Spikes|[from] move: Rapid Spin|[of] p2a: Komala\n|-sideend|p2: v587|Toxic Spikes|[from] move: Rapid Spin|[of] p2a: Komala\n|-sideend|p2: v587|Stealth Rock|[from] move: Rapid Spin|[of] p2a: Komala\n|\n|upkeep\n|turn|12\n|\n|t:|1699892929\n|switch|p1a: Landorus|Landorus-Therian, M|100\/100\n|-ability|p1a: Landorus|Intimidate|boost\n|-unboost|p2a: Komala|atk|1\n|move|p2a: Komala|Body Slam|p1a: Landorus\n|-damage|p1a: Landorus|71\/100\n|-status|p1a: Landorus|par\n|\n|upkeep\n|turn|13\n|\n|t:|1699892934\n|move|p2a: Komala|U-turn|p1a: Landorus\n|-resisted|p1a: Landorus\n|-damage|p1a: Landorus|63\/100 par\n|\n|t:|1699892938\n|switch|p2a: Miltank|Miltank, F|73\/100 psn|[from] U-turn\n|cant|p1a: Landorus|par\n|\n|-heal|p2a: Miltank|79\/100 psn|[from] item: Leftovers\n|-damage|p2a: Miltank|67\/100 psn|[from] psn\n|upkeep\n|turn|14\n|\n|t:|1699892946\n|move|p2a: Miltank|Stealth Rock|p1a: Landorus\n|-sidestart|p1: Aesiro13|move: Stealth Rock\n|move|p1a: Landorus|Knock Off|p2a: Miltank\n|-damage|p2a: Miltank|44\/100 psn\n|-enditem|p2a: Miltank|Leftovers|[from] move: Knock Off|[of] p1a: Landorus\n|\n|-damage|p2a: Miltank|31\/100 psn|[from] psn\n|upkeep\n|turn|15\n|\n|t:|1699892952\n|move|p2a: Miltank|Milk Drink|p2a: Miltank\n|-heal|p2a: Miltank|81\/100 psn\n|cant|p1a: Landorus|par\n|\n|-damage|p2a: Miltank|69\/100 psn|[from] psn\n|upkeep\n|turn|16\n|\n|t:|1699892959\n|switch|p2a: Lopunny|Lopunny, M|100\/100\n|move|p1a: Landorus|Earthquake|p2a: Lopunny\n|-damage|p2a: Lopunny|14\/100\n|\n|upkeep\n|turn|17\n|\n|t:|1699892970\n|switch|p1a: Glimmora|Glimmora, F|37\/100\n|-damage|p1a: Glimmora|25\/100|[from] Stealth Rock\n|detailschange|p2a: Lopunny|Lopunny-Mega, M\n|-mega|p2a: Lopunny|Lopunny|Lopunnite\n|move|p2a: Lopunny|Frustration|p1a: Glimmora\n|-resisted|p1a: Glimmora\n|-damage|p1a: Glimmora|6\/100\n|-activate|p1a: Glimmora|ability: Toxic Debris\n|-sidestart|p2: v587|move: Toxic Spikes\n|\n|upkeep\n|turn|18\n|\n|t:|1699892980\n|move|p2a: Lopunny|Frustration|p1a: Glimmora\n|-resisted|p1a: Glimmora\n|-damage|p1a: Glimmora|0 fnt\n|-activate|p1a: Glimmora|ability: Toxic Debris\n|-sidestart|p2: v587|move: Toxic Spikes\n|faint|p1a: Glimmora\n|\n|upkeep\n|\n|t:|1699892990\n|switch|p1a: Heatran|Heatran, M|100\/100\n|-damage|p1a: Heatran|88\/100|[from] Stealth Rock\n|turn|19\n|\n|t:|1699892994\n|move|p1a: Heatran|Eruption|p2a: Lopunny\n|-damage|p2a: Lopunny|0 fnt\n|faint|p2a: Lopunny\n|\n|upkeep\n|\n|t:|1699892998\n|switch|p2a: Komala|Komala, F|92\/100\n|-ability|p2a: Komala|Comatose\n|turn|20\n|\n|t:|1699893002\n|move|p1a: Heatran|Eruption|p2a: Komala\n|-damage|p2a: Komala|50\/100\n|move|p2a: Komala|Rapid Spin|p1a: Heatran\n|-resisted|p1a: Heatran\n|-damage|p1a: Heatran|77\/100\n|-boost|p2a: Komala|spe|1\n|-sideend|p2: v587|Toxic Spikes|[from] move: Rapid Spin|[of] p2a: Komala\n|\n|upkeep\n|turn|21\n|\n|t:|1699893009\n|move|p1a: Heatran|Eruption|p2a: Komala\n|-damage|p2a: Komala|19\/100\n|move|p2a: Komala|Knock Off|p1a: Heatran\n|-damage|p1a: Heatran|52\/100\n|-enditem|p1a: Heatran|Choice Scarf|[from] move: Knock Off|[of] p2a: Komala\n|\n|upkeep\n|turn|22\n|\n|t:|1699893018\n|move|p1a: Heatran|Earth Power|p2a: Komala\n|-damage|p2a: Komala|3\/100\n|move|p2a: Komala|Body Slam|p1a: Heatran\n|-resisted|p1a: Heatran\n|-damage|p1a: Heatran|34\/100\n|\n|upkeep\n|turn|23\n|\n|t:|1699893025\n|move|p1a: Heatran|Earth Power|p2a: Komala\n|-damage|p2a: Komala|0 fnt\n|faint|p2a: Komala\n|\n|upkeep\n|\n|t:|1699893031\n|switch|p2a: Swellow|Swellow, M|100\/100\n|turn|24\n|\n|t:|1699893048\n|replace|p2a: Zoroark|Zoroark-Hisui, M\n|-end|p2a: Zoroark|Illusion\n|-zpower|p2a: Zoroark\n|move|p2a: Zoroark|Z-Happy Hour|p2a: Zoroark|[anim]Happy Hour\n|-boost|p2a: Zoroark|atk|1|[zeffect]\n|-boost|p2a: Zoroark|def|1|[zeffect]\n|-boost|p2a: Zoroark|spa|1|[zeffect]\n|-boost|p2a: Zoroark|spd|1|[zeffect]\n|-boost|p2a: Zoroark|spe|1|[zeffect]\n|move|p1a: Heatran|Flash Cannon|p2a: Zoroark\n|-damage|p2a: Zoroark|43\/100\n|\n|upkeep\n|turn|25\n|\n|t:|1699893059\n|move|p2a: Zoroark|Shadow Ball|p1a: Heatran\n|-damage|p1a: Heatran|0 fnt\n|faint|p1a: Heatran\n|\n|upkeep\n|\n|t:|1699893068\n|switch|p1a: Landorus|Landorus-Therian, M|63\/100 par\n|-damage|p1a: Landorus|51\/100 par|[from] Stealth Rock\n|-ability|p1a: Landorus|Intimidate|boost\n|-unboost|p2a: Zoroark|atk|1\n|turn|26\n|\n|t:|1699893075\n|move|p2a: Zoroark|Hyper Voice|p1a: Landorus\n|-damage|p1a: Landorus|0 fnt\n|faint|p1a: Landorus\n|\n|upkeep\n|\n|t:|1699893080\n|switch|p1a: Nihilego|Nihilego|100\/100\n|-damage|p1a: Nihilego|88\/100|[from] Stealth Rock\n|turn|27\n|\n|t:|1699893086\n|move|p2a: Zoroark|Shadow Ball|p1a: Nihilego\n|-damage|p1a: Nihilego|41\/100\n|move|p1a: Nihilego|Meteor Beam||[still]\n|-prepare|p1a: Nihilego|Meteor Beam\n|-boost|p1a: Nihilego|spa|1\n|-enditem|p1a: Nihilego|Power Herb\n|-anim|p1a: Nihilego|Meteor Beam|p2a: Zoroark\n|-damage|p2a: Zoroark|0 fnt\n|faint|p2a: Zoroark\n|-ability|p1a: Nihilego|Beast Boost|boost\n|-boost|p1a: Nihilego|spa|1\n|\n|upkeep\n|\n|t:|1699893094\n|switch|p2a: Swellow|Swellow, M|100\/100\n|turn|28\n|\n|t:|1699893099\n|-terastallize|p2a: Swellow|Normal\n|move|p2a: Swellow|Boomburst|p1a: Nihilego\n|-resisted|p1a: Nihilego\n|-damage|p1a: Nihilego|0 fnt\n|faint|p1a: Nihilego\n|\n|upkeep\n|\n|t:|1699893104\n|switch|p1a: Gliscor|Gliscor, M, shiny|100\/100\n|-damage|p1a: Gliscor|88\/100|[from] Stealth Rock\n|turn|29\n|\n|t:|1699893112\n|-terastallize|p1a: Gliscor|Water\n|move|p2a: Swellow|Boomburst|p1a: Gliscor\n|-damage|p1a: Gliscor|0 fnt\n|faint|p1a: Gliscor\n|\n|win|v587\n|raw|Aesiro13's rating: 1231 &rarr; <strong>1212<\/strong><br \/>(-19 for losing)\n|raw|v587's rating: 1311 &rarr; <strong>1326<\/strong><br \/>(+15 for winning)\n|c|\u2606Aesiro13|you did well man\n","uploadtime":1699893123,"views":4,"p1id":"aesiro13","p2id":"v587","formatid":"gen9nationaldex","rating":1212,"private":0,"password":""}