{"id":"gen9nationaldex-1995205520","p1":"Marcio 109","p2":"FlyingSudowoodo","format":"[Gen 9] National Dex","log":"|html|<div class=\"broadcast-blue\"><strong>[Gen 9] National Dex is currently suspecting Sneasler! For information on how to participate check out the <a href=\"https:\/\/www.smogon.com\/forums\/threads\/sv-national-dex-suspect-8-just-dance.3731534\/\">suspect thread<\/a>.<\/strong><\/div>\n|j|\u2606Marcio 109\n|j|\u2606FlyingSudowoodo\n|t:|1700534449\n|gametype|singles\n|player|p1|Marcio 109|swimmer-gen4dp|1299\n|player|p2|FlyingSudowoodo|cheren|1393\n|teamsize|p1|6\n|teamsize|p2|6\n|gen|9\n|tier|[Gen 9] National Dex\n|rated|\n|rule|HP Percentage Mod: HP is shown in percentages\n|rule|Endless Battle Clause: Forcing endless battles is banned\n|rule|OHKO Clause: OHKO moves are banned\n|rule|Evasion Clause: Evasion abilities, items, and moves are banned\n|rule|Evasion Abilities Clause: Evasion abilities are banned\n|rule|Evasion Items Clause: Evasion items are banned\n|rule|Evasion Moves Clause: Evasion moves are banned\n|rule|Species Clause: Limit one of each Pok\u00e9mon\n|rule|Sleep Clause Mod: Limit one foe put to sleep\n|clearpoke\n|poke|p1|Blaziken, M|\n|poke|p1|Forretress, M|\n|poke|p1|Banette, M|\n|poke|p1|Bisharp, M|\n|poke|p1|Rillaboom, M|\n|poke|p1|Rotom-Wash|\n|poke|p2|Medicham, M|\n|poke|p2|Alomomola, F|\n|poke|p2|Clodsire, M|\n|poke|p2|Glimmora, M|\n|poke|p2|Tapu Lele|\n|poke|p2|Hawlucha, F|\n|teampreview\n|\n|t:|1700534456\n|start\n|switch|p1a: Armadilha|Forretress, M|100\/100\n|switch|p2a: Medicham|Medicham, M|100\/100\n|turn|1\n|inactive|Battle timer is ON: inactive players will automatically lose when time's up. (requested by FlyingSudowoodo)\n|\n|t:|1700534463\n|detailschange|p2a: Medicham|Medicham-Mega, M\n|-mega|p2a: Medicham|Medicham|Medichamite\n|move|p2a: Medicham|Fake Out|p1a: Armadilha\n|-resisted|p1a: Armadilha\n|-damage|p1a: Armadilha|94\/100\n|cant|p1a: Armadilha|flinch\n|\n|upkeep\n|turn|2\n|\n|t:|1700534478\n|switch|p2a: Alomomola|Alomomola, F|100\/100\n|move|p1a: Armadilha|Stealth Rock|p2a: Alomomola\n|-sidestart|p2: FlyingSudowoodo|move: Stealth Rock\n|\n|upkeep\n|turn|3\n|\n|t:|1700534485\n|move|p2a: Alomomola|Flip Turn|p1a: Armadilha\n|-damage|p1a: Armadilha|85\/100\n|\n|t:|1700534488\n|switch|p2a: Glimmora|Glimmora, M|100\/100|[from] Flip Turn\n|-damage|p2a: Glimmora|88\/100|[from] Stealth Rock\n|-item|p2a: Glimmora|Air Balloon\n|move|p1a: Armadilha|Spikes|p2a: Glimmora\n|-sidestart|p2: FlyingSudowoodo|Spikes\n|\n|upkeep\n|turn|4\n|\n|t:|1700534502\n|move|p2a: Glimmora|Power Gem|p1a: Armadilha\n|-damage|p1a: Armadilha|27\/100\n|move|p1a: Armadilha|Spikes|p2a: Glimmora\n|-sidestart|p2: FlyingSudowoodo|Spikes\n|\n|upkeep\n|turn|5\n|\n|t:|1700534509\n|move|p2a: Glimmora|Power Gem|p1a: Armadilha\n|-damage|p1a: Armadilha|0 fnt\n|faint|p1a: Armadilha\n|\n|upkeep\n|\n|t:|1700534522\n|switch|p1a: Diagonal cut|Bisharp, M|100\/100\n|turn|6\n|\n|t:|1700534531\n|switch|p2a: Alomomola|Alomomola, F|100\/100\n|move|p1a: Diagonal cut|Iron Head|p2a: Alomomola\n|-resisted|p2a: Alomomola\n|-damage|p2a: Alomomola|88\/100\n|\n|upkeep\n|turn|7\n|\n|t:|1700534543\n|move|p1a: Diagonal cut|Knock Off|p2a: Alomomola\n|-damage|p2a: Alomomola|54\/100\n|-enditem|p2a: Alomomola|Heavy-Duty Boots|[from] move: Knock Off|[of] p1a: Diagonal cut\n|move|p2a: Alomomola|Wish|p2a: Alomomola\n|\n|upkeep\n|turn|8\n|\n|t:|1700534552\n|move|p1a: Diagonal cut|Swords Dance|p1a: Diagonal cut\n|-boost|p1a: Diagonal cut|atk|2\n|move|p2a: Alomomola|Flip Turn|p1a: Diagonal cut\n|-damage|p1a: Diagonal cut|89\/100\n|\n|t:|1700534557\n|switch|p2a: Hawlucha|Hawlucha, F|100\/100|[from] Flip Turn\n|-damage|p2a: Hawlucha|88\/100|[from] Stealth Rock\n|\n|-heal|p2a: Hawlucha|100\/100|[from] move: Wish|[wisher] Alomomola\n|upkeep\n|turn|9\n|\n|t:|1700534568\n|move|p1a: Diagonal cut|Sucker Punch|p2a: Hawlucha\n|-resisted|p2a: Hawlucha\n|-damage|p2a: Hawlucha|56\/100\n|move|p2a: Hawlucha|Close Combat|p1a: Diagonal cut\n|-supereffective|p1a: Diagonal cut\n|-damage|p1a: Diagonal cut|0 fnt\n|-unboost|p2a: Hawlucha|def|1\n|-unboost|p2a: Hawlucha|spd|1\n|faint|p1a: Diagonal cut\n|\n|upkeep\n|inactive|Marcio 109 has 120 seconds left.\n|\n|t:|1700534600\n|switch|p1a: M\u00e1quina de matar|Rotom-Wash|100\/100\n|turn|10\n|inactive|Marcio 109 has 120 seconds left.\n|\n|t:|1700534617\n|switch|p2a: Clodsire|Clodsire, M|100\/100\n|-damage|p2a: Clodsire|94\/100|[from] Stealth Rock\n|-damage|p2a: Clodsire|78\/100|[from] Spikes\n|move|p1a: M\u00e1quina de matar|Will-O-Wisp|p2a: Clodsire\n|-status|p2a: Clodsire|brn\n|\n|-heal|p2a: Clodsire|84\/100 brn|[from] item: Leftovers\n|-damage|p2a: Clodsire|78\/100 brn|[from] brn\n|upkeep\n|turn|11\n|\n|t:|1700534631\n|move|p1a: M\u00e1quina de matar|Hydro Pump|p2a: Clodsire\n|-supereffective|p2a: Clodsire\n|-damage|p2a: Clodsire|28\/100 brn\n|move|p2a: Clodsire|Stealth Rock|p1a: M\u00e1quina de matar\n|-sidestart|p1: Marcio 109|move: Stealth Rock\n|\n|-heal|p2a: Clodsire|34\/100 brn|[from] item: Leftovers\n|-damage|p2a: Clodsire|28\/100 brn|[from] brn\n|upkeep\n|turn|12\n|\n|t:|1700534641\n|move|p1a: M\u00e1quina de matar|Hydro Pump|p2a: Clodsire\n|-supereffective|p2a: Clodsire\n|-damage|p2a: Clodsire|0 fnt\n|faint|p2a: Clodsire\n|\n|upkeep\n|\n|t:|1700534645\n|switch|p2a: Glimmora|Glimmora, M|88\/100\n|-damage|p2a: Glimmora|76\/100|[from] Stealth Rock\n|-item|p2a: Glimmora|Air Balloon\n|turn|13\n|inactive|Marcio 109 has 120 seconds left.\n|\n|t:|1700534662\n|move|p2a: Glimmora|Mortal Spin|p1a: M\u00e1quina de matar\n|-damage|p1a: M\u00e1quina de matar|93\/100\n|-status|p1a: M\u00e1quina de matar|psn\n|-sideend|p2: FlyingSudowoodo|Spikes|[from] move: Mortal Spin|[of] p2a: Glimmora\n|-sideend|p2: FlyingSudowoodo|Stealth Rock|[from] move: Mortal Spin|[of] p2a: Glimmora\n|move|p1a: M\u00e1quina de matar|Hydro Pump|p2a: Glimmora\n|-supereffective|p2a: Glimmora\n|-crit|p2a: Glimmora\n|-damage|p2a: Glimmora|0 fnt\n|-enditem|p2a: Glimmora|Air Balloon\n|faint|p2a: Glimmora\n|\n|-heal|p1a: M\u00e1quina de matar|99\/100 psn|[from] item: Leftovers\n|-damage|p1a: M\u00e1quina de matar|86\/100 psn|[from] psn\n|upkeep\n|\n|t:|1700534674\n|switch|p2a: Medicham|Medicham-Mega, M|100\/100\n|turn|14\n|inactive|Marcio 109 has 120 seconds left.\n|\n|t:|1700534681\n|move|p2a: Medicham|Fake Out|p1a: M\u00e1quina de matar\n|-damage|p1a: M\u00e1quina de matar|54\/100 psn\n|cant|p1a: M\u00e1quina de matar|flinch\n|\n|-heal|p1a: M\u00e1quina de matar|60\/100 psn|[from] item: Leftovers\n|-damage|p1a: M\u00e1quina de matar|47\/100 psn|[from] psn\n|upkeep\n|turn|15\n|\n|t:|1700534691\n|move|p2a: Medicham|Zen Headbutt|p1a: M\u00e1quina de matar\n|-damage|p1a: M\u00e1quina de matar|0 fnt\n|faint|p1a: M\u00e1quina de matar\n|\n|upkeep\n|inactive|Marcio 109 has 120 seconds left.\n|\n|t:|1700534720\n|switch|p1a: Baterista selvagem|Rillaboom, M|100\/100\n|-damage|p1a: Baterista selvagem|88\/100|[from] Stealth Rock\n|-fieldstart|move: Grassy Terrain|[from] ability: Grassy Surge|[of] p1a: Baterista selvagem\n|-enditem|p1a: Baterista selvagem|Grassy Seed\n|-boost|p1a: Baterista selvagem|def|1|[from] item: Grassy Seed\n|turn|16\n|\n|t:|1700534734\n|switch|p2a: Tapu Lele|Tapu Lele|100\/100\n|-fieldstart|move: Psychic Terrain|[from] ability: Psychic Surge|[of] p2a: Tapu Lele\n|move|p1a: Baterista selvagem|Drum Beating|p2a: Tapu Lele\n|-damage|p2a: Tapu Lele|39\/100\n|-unboost|p2a: Tapu Lele|spe|1\n|\n|upkeep\n|turn|17\n|\n|t:|1700534748\n|move|p2a: Tapu Lele|Psychic|p1a: Baterista selvagem\n|-damage|p1a: Baterista selvagem|6\/100\n|-unboost|p1a: Baterista selvagem|spd|1\n|move|p1a: Baterista selvagem|Drum Beating|p2a: Tapu Lele\n|-damage|p2a: Tapu Lele|0 fnt\n|faint|p2a: Tapu Lele\n|\n|upkeep\n|\n|t:|1700534755\n|switch|p2a: Hawlucha|Hawlucha, F|56\/100\n|-enditem|p2a: Hawlucha|Psychic Seed\n|-boost|p2a: Hawlucha|spd|1|[from] item: Psychic Seed\n|turn|18\n|\n|t:|1700534762\n|move|p2a: Hawlucha|Acrobatics|p1a: Baterista selvagem\n|-supereffective|p1a: Baterista selvagem\n|-damage|p1a: Baterista selvagem|0 fnt\n|faint|p1a: Baterista selvagem\n|\n|upkeep\n|\n|t:|1700534779\n|switch|p1a: Slipknot|Banette, M|100\/100\n|-damage|p1a: Slipknot|88\/100|[from] Stealth Rock\n|turn|19\n|\n|t:|1700534802\n|detailschange|p1a: Slipknot|Banette-Mega, M\n|-mega|p1a: Slipknot|Banette|Banettite\n|move|p1a: Slipknot|Encore|p2a: Hawlucha\n|-start|p2a: Hawlucha|Encore\n|move|p2a: Hawlucha|Acrobatics|p1a: Slipknot\n|-damage|p1a: Slipknot|29\/100\n|\n|upkeep\n|turn|20\n|\n|t:|1700534815\n|switch|p2a: Medicham|Medicham-Mega, M|100\/100\n|move|p1a: Slipknot|Destiny Bond|p1a: Slipknot\n|-singlemove|p1a: Slipknot|Destiny Bond\n|\n|-fieldend|move: Psychic Terrain\n|upkeep\n|turn|21\n|inactive|Marcio 109 has 90 seconds left.\n|\n|t:|1700534832\n|switch|p2a: Hawlucha|Hawlucha, F|56\/100\n|switch|p1a: Frango de brasas|Blaziken, M|100\/100\n|\n|upkeep\n|turn|22\n|inactive|Marcio 109 has 90 seconds left.\n|\n|t:|1700534853\n|-terastallize|p1a: Frango de brasas|Fire\n|move|p1a: Frango de brasas|Thunder Punch|p2a: Hawlucha\n|-supereffective|p2a: Hawlucha\n|-damage|p2a: Hawlucha|0 fnt\n|faint|p2a: Hawlucha\n|\n|-ability|p1a: Frango de brasas|Speed Boost|boost\n|-boost|p1a: Frango de brasas|spe|1\n|upkeep\n|\n|t:|1700534860\n|switch|p2a: Medicham|Medicham-Mega, M|100\/100\n|turn|23\n|inactive|Marcio 109 has 90 seconds left.\n|\n|t:|1700534892\n|switch|p1a: Slipknot|Banette-Mega, M|29\/100\n|-damage|p1a: Slipknot|16\/100|[from] Stealth Rock\n|move|p2a: Medicham|Fake Out|p1a: Slipknot\n|-immune|p1a: Slipknot\n|\n|upkeep\n|turn|24\n|inactive|Marcio 109 has 60 seconds left.\n|\n|t:|1700534911\n|move|p2a: Medicham|Bullet Punch|p1a: Slipknot\n|-damage|p1a: Slipknot|0 fnt\n|faint|p1a: Slipknot\n|\n|upkeep\n|inactive|Marcio 109 has 60 seconds left.\n|\n|t:|1700534917\n|switch|p1a: Frango de brasas|Blaziken, M, tera:Fire|100\/100\n|turn|25\n|inactive|Marcio 109 has 60 seconds left.\n|\n|t:|1700534932\n|move|p2a: Medicham|Close Combat|p1a: Frango de brasas\n|-damage|p1a: Frango de brasas|0 fnt\n|-unboost|p2a: Medicham|def|1\n|-unboost|p2a: Medicham|spd|1\n|faint|p1a: Frango de brasas\n|\n|win|FlyingSudowoodo\n|raw|Marcio 109's rating: 1299 &rarr; <strong>1281<\/strong><br \/>(-18 for losing)\n|raw|FlyingSudowoodo's rating: 1393 &rarr; <strong>1408<\/strong><br \/>(+15 for winning)\n","uploadtime":1700534940,"views":1,"p1id":"marcio109","p2id":"flyingsudowoodo","formatid":"gen9nationaldex","rating":1281,"private":0,"password":""}