{"id":"gen9nationaldex-1993094052","p1":"mr Deuzp","p2":"jwiwwkkwwkk","format":"[Gen 9] National Dex","log":"|j|\u2606mr Deuzp\n|j|\u2606jwiwwkkwwkk\n|t:|1700264044\n|gametype|singles\n|player|p1|mr Deuzp|shadowtriad|1066\n|player|p2|jwiwwkkwwkk|saturn|1201\n|teamsize|p1|6\n|teamsize|p2|6\n|gen|9\n|tier|[Gen 9] National Dex\n|rated|\n|rule|HP Percentage Mod: HP is shown in percentages\n|rule|Endless Battle Clause: Forcing endless battles is banned\n|rule|OHKO Clause: OHKO moves are banned\n|rule|Evasion Clause: Evasion abilities, items, and moves are banned\n|rule|Evasion Abilities Clause: Evasion abilities are banned\n|rule|Evasion Items Clause: Evasion items are banned\n|rule|Evasion Moves Clause: Evasion moves are banned\n|rule|Species Clause: Limit one of each Pok\u00e9mon\n|rule|Sleep Clause Mod: Limit one foe put to sleep\n|clearpoke\n|poke|p1|Jirachi|\n|poke|p1|Grimmsnarl, M|\n|poke|p1|Venusaur, M|\n|poke|p1|Kleavor, M|\n|poke|p1|Great Tusk|\n|poke|p1|Zoroark-Hisui, F|\n|poke|p2|Slowbro-Galar, M|\n|poke|p2|Enamorus, F|\n|poke|p2|Lilligant-Hisui, F|\n|poke|p2|Cinderace, F|\n|poke|p2|Magcargo, M|\n|poke|p2|Gastrodon, F|\n|teampreview\n|\n|t:|1700264048\n|start\n|switch|p1a: Kleavor|Kleavor, M, shiny|100\/100\n|switch|p2a: Cinderace|Cinderace, F|100\/100\n|turn|1\n|\n|t:|1700264053\n|move|p2a: Cinderace|Will-O-Wisp|p1a: Kleavor\n|-status|p1a: Kleavor|brn\n|move|p1a: Kleavor|Agility|p1a: Kleavor\n|-boost|p1a: Kleavor|spe|2\n|\n|-damage|p1a: Kleavor|94\/100 brn|[from] brn\n|upkeep\n|turn|2\n|\n|t:|1700264059\n|move|p1a: Kleavor|Stone Axe|p2a: Cinderace\n|-supereffective|p2a: Cinderace\n|-damage|p2a: Cinderace|13\/100\n|-sidestart|p2: jwiwwkkwwkk|move: Stealth Rock\n|move|p2a: Cinderace|Court Change|p2a: Cinderace\n|-start|p2a: Cinderace|typechange|Normal|[from] ability: Libero\n|-swapsideconditions\n|-activate|p2a: Cinderace|move: Court Change\n|\n|-heal|p2a: Cinderace|19\/100|[from] item: Leftovers\n|-damage|p1a: Kleavor|88\/100 brn|[from] brn\n|upkeep\n|turn|3\n|\n|t:|1700264072\n|switch|p2a: Gastrodon|Gastrodon, F|100\/100\n|move|p1a: Kleavor|Stone Axe|p2a: Gastrodon\n|-resisted|p2a: Gastrodon\n|-damage|p2a: Gastrodon|89\/100\n|-damage|p1a: Kleavor|72\/100 brn|[from] item: Rocky Helmet|[of] p2a: Gastrodon\n|-sidestart|p2: jwiwwkkwwkk|move: Stealth Rock\n|\n|-damage|p1a: Kleavor|66\/100 brn|[from] brn\n|upkeep\n|turn|4\n|\n|t:|1700264083\n|move|p1a: Kleavor|Psycho Cut|p2a: Gastrodon\n|-damage|p2a: Gastrodon|74\/100\n|move|p2a: Gastrodon|Clear Smog|p1a: Kleavor\n|-resisted|p1a: Kleavor\n|-damage|p1a: Kleavor|57\/100 brn\n|-clearboost|p1a: Kleavor\n|\n|-damage|p1a: Kleavor|51\/100 brn|[from] brn\n|upkeep\n|turn|5\n|\n|t:|1700264092\n|move|p1a: Kleavor|Stone Axe|p2a: Gastrodon\n|-resisted|p2a: Gastrodon\n|-damage|p2a: Gastrodon|63\/100\n|-damage|p1a: Kleavor|35\/100 brn|[from] item: Rocky Helmet|[of] p2a: Gastrodon\n|move|p2a: Gastrodon|Recover|p2a: Gastrodon\n|-heal|p2a: Gastrodon|100\/100\n|\n|-damage|p1a: Kleavor|29\/100 brn|[from] brn\n|upkeep\n|turn|6\n|inactive|Battle timer is ON: inactive players will automatically lose when time's up. (requested by jwiwwkkwwkk)\n|\n|t:|1700264101\n|move|p1a: Kleavor|Stone Axe|p2a: Gastrodon\n|-resisted|p2a: Gastrodon\n|-damage|p2a: Gastrodon|90\/100\n|-damage|p1a: Kleavor|13\/100 brn|[from] item: Rocky Helmet|[of] p2a: Gastrodon\n|move|p2a: Gastrodon|Earth Power|p1a: Kleavor\n|-crit|p1a: Kleavor\n|-damage|p1a: Kleavor|0 fnt\n|faint|p1a: Kleavor\n|\n|upkeep\n|\n|t:|1700264103\n|switch|p1a: Great Tusk|Great Tusk, shiny|100\/100\n|turn|7\n|\n|t:|1700264109\n|move|p1a: Great Tusk|Rapid Spin|p2a: Gastrodon\n|-damage|p2a: Gastrodon|76\/100\n|-boost|p1a: Great Tusk|spe|1\n|-damage|p1a: Great Tusk|84\/100|[from] item: Rocky Helmet|[of] p2a: Gastrodon\n|-sideend|p1: mr Deuzp|Stealth Rock|[from] move: Rapid Spin|[of] p1a: Great Tusk\n|move|p2a: Gastrodon|Earth Power|p1a: Great Tusk\n|-damage|p1a: Great Tusk|37\/100\n|\n|upkeep\n|turn|8\n|\n|t:|1700264120\n|-end|p1a: Great Tusk|Protosynthesis|[silent]\n|switch|p1a: Venusaur|Venusaur, M, shiny|100\/100\n|move|p2a: Gastrodon|Earth Power|p1a: Venusaur\n|-damage|p1a: Venusaur|72\/100\n|\n|upkeep\n|turn|9\n|\n|t:|1700264126\n|detailschange|p1a: Venusaur|Venusaur-Mega, M, shiny\n|-mega|p1a: Venusaur|Venusaur|Venusaurite\n|move|p1a: Venusaur|Toxic|p2a: Gastrodon\n|-status|p2a: Gastrodon|tox\n|move|p2a: Gastrodon|Stealth Rock|p1a: Venusaur\n|-sidestart|p1: mr Deuzp|move: Stealth Rock\n|\n|-damage|p2a: Gastrodon|70\/100 tox|[from] psn\n|upkeep\n|turn|10\n|\n|t:|1700264134\n|move|p1a: Venusaur|Leech Seed|p2a: Gastrodon|[miss]\n|-miss|p1a: Venusaur|p2a: Gastrodon\n|move|p2a: Gastrodon|Recover|p2a: Gastrodon\n|-heal|p2a: Gastrodon|100\/100 tox\n|\n|-damage|p2a: Gastrodon|88\/100 tox|[from] psn\n|upkeep\n|turn|11\n|\n|t:|1700264138\n|switch|p2a: Cinderace|Cinderace, F|19\/100\n|-damage|p2a: Cinderace|0 fnt|[from] Stealth Rock\n|faint|p2a: Cinderace\n|move|p1a: Venusaur|Leech Seed|p2: Cinderace|[notarget]\n|-fail|p1a: Venusaur\n|\n|upkeep\n|\n|t:|1700264143\n|switch|p2a: Enamorus|Enamorus, F|100\/100\n|-damage|p2a: Enamorus|76\/100|[from] Stealth Rock\n|turn|12\n|\n|t:|1700264146\n|-terastallize|p2a: Enamorus|Flying\n|move|p2a: Enamorus|Tera Blast|p1a: Venusaur|[anim] Tera Blast Flying\n|-supereffective|p1a: Venusaur\n|-damage|p1a: Venusaur|0 fnt\n|faint|p1a: Venusaur\n|\n|upkeep\n|\n|t:|1700264152\n|switch|p1a: Jirachi|Jirachi, shiny|100\/100\n|-damage|p1a: Jirachi|94\/100|[from] Stealth Rock\n|turn|13\n|\n|t:|1700264158\n|switch|p2a: Gastrodon|Gastrodon, F|88\/100 tox\n|-damage|p2a: Gastrodon|82\/100 tox|[from] Stealth Rock\n|-zpower|p1a: Jirachi\n|move|p1a: Jirachi|Z-Happy Hour|p1a: Jirachi|[anim]Happy Hour\n|-boost|p1a: Jirachi|atk|1|[zeffect]\n|-boost|p1a: Jirachi|def|1|[zeffect]\n|-boost|p1a: Jirachi|spa|1|[zeffect]\n|-boost|p1a: Jirachi|spd|1|[zeffect]\n|-boost|p1a: Jirachi|spe|1|[zeffect]\n|\n|-damage|p2a: Gastrodon|76\/100 tox|[from] psn\n|upkeep\n|turn|14\n|\n|t:|1700264166\n|move|p1a: Jirachi|Stored Power|p2a: Gastrodon\n|-damage|p2a: Gastrodon|0 fnt\n|faint|p2a: Gastrodon\n|\n|upkeep\n|\n|t:|1700264173\n|switch|p2a: Slowbro|Slowbro-Galar, M|100\/100\n|-damage|p2a: Slowbro|88\/100|[from] Stealth Rock\n|turn|15\n|-activate|p2a: Slowbro|ability: Quick Draw\n|\n|t:|1700264178\n|move|p2a: Slowbro|Flamethrower|p1a: Jirachi\n|-supereffective|p1a: Jirachi\n|-damage|p1a: Jirachi|58\/100\n|move|p1a: Jirachi|Stored Power|p2a: Slowbro\n|-damage|p2a: Slowbro|2\/100\n|-enditem|p2a: Slowbro|Sitrus Berry|[eat]\n|-heal|p2a: Slowbro|27\/100|[from] item: Sitrus Berry\n|\n|upkeep\n|turn|16\n|\n|t:|1700264186\n|move|p1a: Jirachi|Thunderbolt|p2a: Slowbro\n|-damage|p2a: Slowbro|0 fnt\n|faint|p2a: Slowbro\n|\n|upkeep\n|\n|t:|1700264192\n|switch|p2a: Enamorus|Enamorus, F, tera:Flying|76\/100\n|-damage|p2a: Enamorus|51\/100|[from] Stealth Rock\n|turn|17\n|\n|t:|1700264195\n|move|p1a: Jirachi|Stored Power|p2a: Enamorus\n|-damage|p2a: Enamorus|0 fnt\n|faint|p2a: Enamorus\n|\n|upkeep\n|\n|t:|1700264198\n|switch|p2a: Lilligant|Lilligant-Hisui, F|100\/100\n|turn|18\n|\n|t:|1700264200\n|move|p1a: Jirachi|Stored Power|p2a: Lilligant\n|-supereffective|p2a: Lilligant\n|-damage|p2a: Lilligant|0 fnt\n|faint|p2a: Lilligant\n|\n|upkeep\n|l|\u2606jwiwwkkwwkk\n|inactive|jwiwwkkwwkk disconnected and has a minute to reconnect!\n|player|p2|\n|inactive|jwiwwkkwwkk has 30 seconds to reconnect!\n|inactive|jwiwwkkwwkk has 20 seconds to reconnect!\n|inactive|jwiwwkkwwkk has 15 seconds to reconnect!\n|inactive|jwiwwkkwwkk has 10 seconds to reconnect!\n|inactive|jwiwwkkwwkk has 5 seconds to reconnect!\n|-message|jwiwwkkwwkk lost due to inactivity.\n|\n|win|mr Deuzp\n|raw|mr Deuzp's rating: 1066 &rarr; <strong>1107<\/strong><br \/>(+41 for winning)\n|raw|jwiwwkkwwkk's rating: 1201 &rarr; <strong>1167<\/strong><br \/>(-34 for losing)\n","uploadtime":1700264288,"views":15,"p1id":"mrdeuzp","p2id":"jwiwwkkwwkk","formatid":"gen9nationaldex","rating":1107,"private":0,"password":""}