{"id":"gen9nationaldex-1999525233","p1":"itay7689","p2":"ido1234567890","format":"[Gen 9] National Dex","log":"|html|<div class=\"broadcast-blue\"><strong>[Gen 9] National Dex is currently suspecting Sneasler! For information on how to participate check out the <a href=\"https:\/\/www.smogon.com\/forums\/threads\/sv-national-dex-suspect-8-just-dance.3731534\/\">suspect thread<\/a>.<\/strong><\/div>\n|j|\u2606itay7689\n|j|\u2606ido1234567890\n|t:|1701092489\n|gametype|singles\n|player|p1|itay7689|cynthia-gen4|\n|player|p2|ido1234567890|lucas|\n|teamsize|p1|4\n|teamsize|p2|6\n|gen|9\n|tier|[Gen 9] National Dex\n|rule|HP Percentage Mod: HP is shown in percentages\n|rule|Endless Battle Clause: Forcing endless battles is banned\n|rule|OHKO Clause: OHKO moves are banned\n|rule|Evasion Clause: Evasion abilities, items, and moves are banned\n|rule|Evasion Abilities Clause: Evasion abilities are banned\n|rule|Evasion Items Clause: Evasion items are banned\n|rule|Evasion Moves Clause: Evasion moves are banned\n|rule|Species Clause: Limit one of each Pok\u00e9mon\n|rule|Sleep Clause Mod: Limit one foe put to sleep\n|clearpoke\n|poke|p1|Dragonite, F|\n|poke|p1|Sceptile, M|\n|poke|p1|Drampa, M|\n|poke|p1|Tyrantrum, M|\n|poke|p2|Kommo-o, M|\n|poke|p2|Lilligant-Hisui, F|\n|poke|p2|Infernape, F|\n|poke|p2|Heracross, F|\n|poke|p2|Hawlucha, M|\n|poke|p2|Urshifu-*, M|\n|teampreview\n|inactive|Battle timer is ON: inactive players will automatically lose when time's up. (requested by itay7689)\n|j| Lightning emolga\n|inactive|itay7689 has 270 seconds left.\n|inactive|ido1234567890 has 270 seconds left.\n|\n|t:|1701092524\n|start\n|switch|p1a: Sceptile|Sceptile, M, shiny|100\/100\n|switch|p2a: Kommo-o|Kommo-o, M|100\/100\n|turn|1\n|\n|t:|1701092534\n|switch|p2a: Urshifu|Urshifu-Rapid-Strike, M|100\/100\n|detailschange|p1a: Sceptile|Sceptile-Mega, M, shiny\n|-mega|p1a: Sceptile|Sceptile|Sceptilite\n|move|p1a: Sceptile|Dragon Pulse|p2a: Urshifu\n|-damage|p2a: Urshifu|23\/100\n|\n|upkeep\n|turn|2\n|c| Lightning emolga|\u05e8\u05d2\u05e2 \u05d4\u05d9\u05d4 \u05d8\u05e2\u05d5\u05ea \u05d1\u05d0\u05d7\u05ea \u05d4\u05e9\u05d0\u05dc\u05d5\u05ea?\n|\n|t:|1701092542\n|move|p1a: Sceptile|Dragon Pulse|p2a: Urshifu\n|-damage|p2a: Urshifu|0 fnt\n|faint|p2a: Urshifu\n|\n|upkeep\n|\n|t:|1701092556\n|switch|p2a: Hawlucha|Hawlucha, M|100\/100\n|turn|3\n|\n|t:|1701092561\n|-terastallize|p2a: Hawlucha|Poison\n|move|p1a: Sceptile|Dragon Pulse|p2a: Hawlucha\n|-damage|p2a: Hawlucha|18\/100\n|move|p2a: Hawlucha|Close Combat|p1a: Sceptile\n|-damage|p1a: Sceptile|14\/100\n|-unboost|p2a: Hawlucha|def|1\n|-unboost|p2a: Hawlucha|spd|1\n|-enditem|p2a: Hawlucha|White Herb\n|-clearnegativeboost|p2a: Hawlucha|[silent]\n|\n|upkeep\n|turn|4\n|\n|t:|1701092569\n|move|p2a: Hawlucha|Acrobatics|p1a: Sceptile\n|-supereffective|p1a: Sceptile\n|-damage|p1a: Sceptile|0 fnt\n|faint|p1a: Sceptile\n|\n|upkeep\n|\n|t:|1701092573\n|switch|p1a: Dragonite|Dragonite, F|100\/100\n|turn|5\n|\n|t:|1701092591\n|switch|p2a: Infernape|Infernape, F|100\/100\n|move|p1a: Dragonite|Extreme Speed|p2a: Infernape\n|-damage|p2a: Infernape|56\/100\n|\n|upkeep\n|turn|6\n|\n|t:|1701092609\n|move|p2a: Infernape|Stone Edge|p1a: Dragonite\n|-supereffective|p1a: Dragonite\n|-damage|p1a: Dragonite|64\/100\n|-enditem|p1a: Dragonite|Weakness Policy\n|-boost|p1a: Dragonite|atk|2|[from] item: Weakness Policy\n|-boost|p1a: Dragonite|spa|2|[from] item: Weakness Policy\n|-damage|p2a: Infernape|46\/100|[from] item: Life Orb\n|move|p1a: Dragonite|Dragon Dance|p1a: Dragonite\n|-boost|p1a: Dragonite|atk|1\n|-boost|p1a: Dragonite|spe|1\n|\n|upkeep\n|turn|7\n|j| xzeav\n|\n|t:|1701092621\n|move|p1a: Dragonite|Extreme Speed|p2a: Infernape\n|-damage|p2a: Infernape|0 fnt\n|faint|p2a: Infernape\n|\n|upkeep\n|\n|t:|1701092625\n|switch|p2a: Lilligant|Lilligant-Hisui, F|100\/100\n|turn|8\n|\n|t:|1701092633\n|move|p2a: Lilligant|Ice Spinner|p1a: Dragonite\n|-supereffective|p1a: Dragonite\n|-damage|p1a: Dragonite|0 fnt\n|faint|p1a: Dragonite\n|\n|upkeep\n|\n|t:|1701092640\n|switch|p1a: Tyrantrum|Tyrantrum, M|100\/100\n|turn|9\n|\n|t:|1701092655\n|move|p2a: Lilligant|Victory Dance|p2a: Lilligant\n|-boost|p2a: Lilligant|atk|1\n|-boost|p2a: Lilligant|def|1\n|-boost|p2a: Lilligant|spe|1\n|move|p1a: Tyrantrum|Play Rough|p2a: Lilligant\n|-supereffective|p2a: Lilligant\n|-damage|p2a: Lilligant|7\/100\n|\n|upkeep\n|turn|10\n|\n|t:|1701092661\n|move|p2a: Lilligant|Close Combat|p1a: Tyrantrum\n|-supereffective|p1a: Tyrantrum\n|-damage|p1a: Tyrantrum|0 fnt\n|-unboost|p2a: Lilligant|def|1\n|-unboost|p2a: Lilligant|spd|1\n|faint|p1a: Tyrantrum\n|\n|upkeep\n|\n|t:|1701092664\n|switch|p1a: Drampa|Drampa, M|100\/100\n|turn|11\n|\n|t:|1701092669\n|move|p2a: Lilligant|Ice Spinner|p1a: Drampa\n|-supereffective|p1a: Drampa\n|-damage|p1a: Drampa|0 fnt\n|faint|p1a: Drampa\n|\n|win|ido1234567890\n|l|\u2606itay7689\n|l| xzeav\n","uploadtime":1701092676,"views":11,"p1id":"itay7689","p2id":"ido1234567890","formatid":"gen9nationaldex","rating":0,"private":0,"password":""}