{"id":"gen9nationaldex-1997315818","p1":"TheStroker","p2":"ikun\u4e00\u4e2a\u771f\u6b63\u7684man","format":"[Gen 9] National Dex","log":"|html|<div class=\"broadcast-blue\"><strong>[Gen 9] National Dex is currently suspecting Sneasler! For information on how to participate check out the <a href=\"https:\/\/www.smogon.com\/forums\/threads\/sv-national-dex-suspect-8-just-dance.3731534\/\">suspect thread<\/a>.<\/strong><\/div>\n|j|\u2606TheStroker\n|j|\u2606ikun\u4e00\u4e2a\u771f\u6b63\u7684man\n|t:|1700788450\n|gametype|singles\n|player|p1|TheStroker|janitor|1609\n|player|p2|ikun\u4e00\u4e2a\u771f\u6b63\u7684man|fisherman|1648\n|teamsize|p1|6\n|teamsize|p2|6\n|gen|9\n|tier|[Gen 9] National Dex\n|rated|\n|rule|HP Percentage Mod: HP is shown in percentages\n|rule|Endless Battle Clause: Forcing endless battles is banned\n|rule|OHKO Clause: OHKO moves are banned\n|rule|Evasion Clause: Evasion abilities, items, and moves are banned\n|rule|Evasion Abilities Clause: Evasion abilities are banned\n|rule|Evasion Items Clause: Evasion items are banned\n|rule|Evasion Moves Clause: Evasion moves are banned\n|rule|Species Clause: Limit one of each Pok\u00e9mon\n|rule|Sleep Clause Mod: Limit one foe put to sleep\n|clearpoke\n|poke|p1|Blaziken, M|\n|poke|p1|Mew|\n|poke|p1|Kyurem|\n|poke|p1|Garganacl, M|\n|poke|p1|Kleavor, F|\n|poke|p1|Ribombee, M|\n|poke|p2|Slither Wing|\n|poke|p2|Slowbro, M|\n|poke|p2|Kommo-o, F|\n|poke|p2|Heatran, M|\n|poke|p2|Great Tusk|\n|poke|p2|Rillaboom, M|\n|teampreview\n|inactive|Battle timer is ON: inactive players will automatically lose when time's up. (requested by ikun\u4e00\u4e2a\u771f\u6b63\u7684man)\n|j| kung fu pokechu\n|j| champ enjoyer\n|j| mistahmerrikuu\n|\n|t:|1700788480\n|start\n|switch|p1a: At least 2|Garganacl, M|100\/100\n|switch|p2a: Heatran|Heatran, M|100\/100\n|turn|1\n|\n|t:|1700788485\n|move|p2a: Heatran|Substitute|p2a: Heatran\n|-start|p2a: Heatran|Substitute\n|-damage|p2a: Heatran|76\/100\n|move|p1a: At least 2|Earthquake|p2a: Heatran\n|-supereffective|p2a: Heatran\n|-end|p2a: Heatran|Substitute\n|\n|-heal|p2a: Heatran|82\/100|[from] item: Leftovers\n|upkeep\n|turn|2\n|j| less might be more\n|\n|t:|1700788497\n|switch|p2a: Rillaboom|Rillaboom, M|100\/100\n|-fieldstart|move: Grassy Terrain|[from] ability: Grassy Surge|[of] p2a: Rillaboom\n|switch|p1a: How|Ribombee, M|100\/100\n|\n|upkeep\n|turn|3\n|\n|t:|1700788507\n|move|p1a: How|Sticky Web|p2a: Rillaboom\n|-sidestart|p2: ikun\u4e00\u4e2a\u771f\u6b63\u7684man|move: Sticky Web\n|move|p2a: Rillaboom|U-turn|p1a: How\n|-resisted|p1a: How\n|-damage|p1a: How|60\/100\n|\n|t:|1700788510\n|switch|p2a: Great Tusk|Great Tusk|100\/100|[from] U-turn\n|-activate|p2a: Great Tusk|move: Sticky Web\n|-unboost|p2a: Great Tusk|spe|1\n|\n|-heal|p1a: How|66\/100|[from] Grassy Terrain\n|upkeep\n|turn|4\n|\n|t:|1700788515\n|move|p1a: How|Moonblast|p2a: Great Tusk\n|-supereffective|p2a: Great Tusk\n|-damage|p2a: Great Tusk|5\/100\n|move|p2a: Great Tusk|Rapid Spin|p1a: How\n|-damage|p1a: How|35\/100\n|-boost|p2a: Great Tusk|spe|1\n|-sideend|p2: ikun\u4e00\u4e2a\u771f\u6b63\u7684man|Sticky Web|[from] move: Rapid Spin|[of] p2a: Great Tusk\n|\n|-heal|p1a: How|41\/100|[from] Grassy Terrain\n|-heal|p2a: Great Tusk|11\/100|[from] Grassy Terrain\n|-heal|p2a: Great Tusk|18\/100|[from] item: Leftovers\n|upkeep\n|turn|5\n|\n|t:|1700788525\n|move|p1a: How|Moonblast|p2a: Great Tusk\n|-supereffective|p2a: Great Tusk\n|-damage|p2a: Great Tusk|0 fnt\n|faint|p2a: Great Tusk\n|-end|p2a: Great Tusk|Protosynthesis|[silent]\n|\n|-heal|p1a: How|48\/100|[from] Grassy Terrain\n|upkeep\n|\n|t:|1700788533\n|switch|p2a: Slowbro|Slowbro, M|100\/100\n|turn|6\n|\n|t:|1700788554\n|detailschange|p2a: Slowbro|Slowbro-Mega, M\n|-mega|p2a: Slowbro|Slowbro|Slowbronite\n|move|p1a: How|Sticky Web|p2a: Slowbro\n|-sidestart|p2: ikun\u4e00\u4e2a\u771f\u6b63\u7684man|move: Sticky Web\n|move|p2a: Slowbro|Calm Mind|p2a: Slowbro\n|-boost|p2a: Slowbro|spa|1\n|-boost|p2a: Slowbro|spd|1\n|\n|-heal|p1a: How|54\/100|[from] Grassy Terrain\n|-fieldend|move: Grassy Terrain\n|upkeep\n|turn|7\n|\n|t:|1700788561\n|move|p1a: How|Stun Spore|p2a: Slowbro\n|-status|p2a: Slowbro|par\n|cant|p2a: Slowbro|par\n|\n|upkeep\n|turn|8\n|\n|t:|1700788575\n|move|p1a: How|Skill Swap|p2a: Slowbro\n|-activate|p1a: How|move: Skill Swap|Shell Armor|Shield Dust|[of] p2a: Slowbro\n|move|p2a: Slowbro|Calm Mind|p2a: Slowbro\n|-boost|p2a: Slowbro|spa|1\n|-boost|p2a: Slowbro|spd|1\n|\n|upkeep\n|turn|9\n|\n|t:|1700788581\n|move|p1a: How|Moonblast|p2a: Slowbro\n|-damage|p2a: Slowbro|80\/100 par\n|move|p2a: Slowbro|Scald|p1a: How\n|-damage|p1a: How|0 fnt\n|faint|p1a: How\n|\n|upkeep\n|\n|t:|1700788584\n|switch|p1a: Synergy|Kleavor, F|100\/100\n|turn|10\n|\n|t:|1700788588\n|move|p1a: Synergy|Lunge|p2a: Slowbro\n|-supereffective|p2a: Slowbro\n|-damage|p2a: Slowbro|24\/100 par\n|move|p2a: Slowbro|Scald|p1a: Synergy\n|-supereffective|p1a: Synergy\n|-damage|p1a: Synergy|0 fnt\n|faint|p1a: Synergy\n|\n|upkeep\n|\n|t:|1700788595\n|switch|p1a: Wow|Kyurem|100\/100\n|-ability|p1a: Wow|Pressure\n|turn|11\n|\n|t:|1700788600\n|move|p1a: Wow|Freeze-Dry|p2a: Slowbro\n|-supereffective|p2a: Slowbro\n|-damage|p2a: Slowbro|0 fnt\n|faint|p2a: Slowbro\n|\n|upkeep\n|\n|t:|1700788604\n|switch|p2a: Slither Wing|Slither Wing|100\/100\n|-activate|p2a: Slither Wing|move: Sticky Web\n|-unboost|p2a: Slither Wing|spe|1\n|turn|12\n|\n|t:|1700788618\n|switch|p1a: At least 2|Garganacl, M|100\/100\n|move|p2a: Slither Wing|U-turn|p1a: At least 2\n|-damage|p1a: At least 2|57\/100\n|\n|t:|1700788625\n|-end|p2a: Slither Wing|Protosynthesis|[silent]\n|switch|p2a: Kommo-o|Kommo-o, F|100\/100|[from] U-turn\n|-activate|p2a: Kommo-o|move: Sticky Web\n|-unboost|p2a: Kommo-o|spe|1\n|\n|upkeep\n|turn|13\n|\n|t:|1700788632\n|move|p2a: Kommo-o|Autotomize|p2a: Kommo-o\n|-boost|p2a: Kommo-o|spe|2\n|-start|p2a: Kommo-o|Autotomize\n|move|p1a: At least 2|Ice Punch|p2a: Kommo-o\n|-supereffective|p2a: Kommo-o\n|-damage|p2a: Kommo-o|30\/100\n|-enditem|p2a: Kommo-o|Sitrus Berry|[eat]\n|-heal|p2a: Kommo-o|55\/100|[from] item: Sitrus Berry\n|\n|upkeep\n|turn|14\n|\n|t:|1700788639\n|move|p2a: Kommo-o|Drain Punch|p1a: At least 2\n|-supereffective|p1a: At least 2\n|-damage|p1a: At least 2|1\/100\n|-heal|p2a: Kommo-o|93\/100|[from] drain|[of] p1a: At least 2\n|move|p1a: At least 2|Ice Punch|p2a: Kommo-o\n|-supereffective|p2a: Kommo-o\n|-damage|p2a: Kommo-o|22\/100\n|\n|upkeep\n|turn|15\n|j| chocolate mint\n|\n|t:|1700788646\n|move|p2a: Kommo-o|Drain Punch|p1a: At least 2\n|-supereffective|p1a: At least 2\n|-damage|p1a: At least 2|0 fnt\n|-heal|p2a: Kommo-o|23\/100|[from] drain|[of] p1a: At least 2\n|faint|p1a: At least 2\n|\n|upkeep\n|\n|t:|1700788665\n|switch|p1a: Wow|Kyurem|100\/100\n|-ability|p1a: Wow|Pressure\n|turn|16\n|\n|t:|1700788679\n|-terastallize|p2a: Kommo-o|Steel\n|-terastallize|p1a: Wow|Ground\n|move|p2a: Kommo-o|Drain Punch|p1a: Wow\n|-damage|p1a: Wow|66\/100\n|-heal|p2a: Kommo-o|46\/100|[from] drain|[of] p1a: Wow\n|move|p1a: Wow|Ice Beam|p2a: Kommo-o\n|-resisted|p2a: Kommo-o\n|-damage|p2a: Kommo-o|6\/100\n|\n|upkeep\n|turn|17\n|\n|t:|1700788690\n|move|p2a: Kommo-o|Earthquake|p1a: Wow\n|-damage|p1a: Wow|36\/100\n|move|p1a: Wow|Ice Beam|p2a: Kommo-o\n|-resisted|p2a: Kommo-o\n|-damage|p2a: Kommo-o|0 fnt\n|faint|p2a: Kommo-o\n|\n|upkeep\n|\n|t:|1700788695\n|switch|p2a: Rillaboom|Rillaboom, M|100\/100\n|-activate|p2a: Rillaboom|move: Sticky Web\n|-unboost|p2a: Rillaboom|spe|1\n|-fieldstart|move: Grassy Terrain|[from] ability: Grassy Surge|[of] p2a: Rillaboom\n|turn|18\n|\n|t:|1700788703\n|move|p2a: Rillaboom|Grassy Glide|p1a: Wow\n|-supereffective|p1a: Wow\n|-damage|p1a: Wow|0 fnt\n|faint|p1a: Wow\n|\n|upkeep\n|\n|t:|1700788706\n|switch|p1a: Turkeyduckchicken|Blaziken, M|100\/100\n|turn|19\n|\n|t:|1700788716\n|move|p1a: Turkeyduckchicken|Protect|p1a: Turkeyduckchicken\n|-singleturn|p1a: Turkeyduckchicken|Protect\n|move|p2a: Rillaboom|Grassy Glide|p1a: Turkeyduckchicken\n|-activate|p1a: Turkeyduckchicken|move: Protect\n|\n|-ability|p1a: Turkeyduckchicken|Speed Boost|boost\n|-boost|p1a: Turkeyduckchicken|spe|1\n|upkeep\n|turn|20\n|\n|t:|1700788726\n|move|p2a: Rillaboom|Grassy Glide|p1a: Turkeyduckchicken\n|-resisted|p1a: Turkeyduckchicken\n|-damage|p1a: Turkeyduckchicken|56\/100\n|-zpower|p1a: Turkeyduckchicken\n|move|p1a: Turkeyduckchicken|Inferno Overdrive|p2a: Rillaboom|[zeffect]\n|-supereffective|p2a: Rillaboom\n|-damage|p2a: Rillaboom|0 fnt\n|faint|p2a: Rillaboom\n|\n|-heal|p1a: Turkeyduckchicken|62\/100|[from] Grassy Terrain\n|-ability|p1a: Turkeyduckchicken|Speed Boost|boost\n|-boost|p1a: Turkeyduckchicken|spe|1\n|upkeep\n|\n|t:|1700788734\n|switch|p2a: Slither Wing|Slither Wing|100\/100\n|-activate|p2a: Slither Wing|move: Sticky Web\n|-unboost|p2a: Slither Wing|spe|1\n|turn|21\n|\n|t:|1700788738\n|move|p1a: Turkeyduckchicken|Protect|p1a: Turkeyduckchicken\n|-singleturn|p1a: Turkeyduckchicken|Protect\n|move|p2a: Slither Wing|Close Combat|p1a: Turkeyduckchicken\n|-activate|p1a: Turkeyduckchicken|move: Protect\n|\n|-heal|p1a: Turkeyduckchicken|68\/100|[from] Grassy Terrain\n|-ability|p1a: Turkeyduckchicken|Speed Boost|boost\n|-boost|p1a: Turkeyduckchicken|spe|1\n|upkeep\n|turn|22\n|\n|t:|1700788746\n|move|p1a: Turkeyduckchicken|Flare Blitz|p2a: Slither Wing\n|-supereffective|p2a: Slither Wing\n|-damage|p2a: Slither Wing|0 fnt\n|faint|p2a: Slither Wing\n|-end|p2a: Slither Wing|Protosynthesis|[silent]\n|-damage|p1a: Turkeyduckchicken|34\/100|[from] Recoil\n|\n|-heal|p1a: Turkeyduckchicken|40\/100|[from] Grassy Terrain\n|-fieldend|move: Grassy Terrain\n|-ability|p1a: Turkeyduckchicken|Speed Boost|boost\n|-boost|p1a: Turkeyduckchicken|spe|1\n|upkeep\n|-message|ikun\u4e00\u4e2a\u771f\u6b63\u7684man forfeited.\n|\n|win|TheStroker\n|raw|TheStroker's rating: 1609 &rarr; <strong>1631<\/strong><br \/>(+22 for winning)\n|raw|ikun\u4e00\u4e2a\u771f\u6b63\u7684man's rating: 1648 &rarr; <strong>1626<\/strong><br \/>(-22 for losing)\n|l|\u2606ikun\u4e00\u4e2a\u771f\u6b63\u7684man\n|j|\u2606ikun\u4e00\u4e2a\u771f\u6b63\u7684man\n|player|p2|ikun\u4e00\u4e2a\u771f\u6b63\u7684man|fisherman\n|l|\u2606ikun\u4e00\u4e2a\u771f\u6b63\u7684man\n|player|p2|\n","uploadtime":1700788757,"views":4,"p1id":"thestroker","p2id":"ikunman","formatid":"gen9nationaldex","rating":1626,"private":0,"password":""}