{"id":"gen9nationaldex-1992066528","p1":"Forbidden_Child-","p2":"luffyclapsnaruto","format":"[Gen 9] National Dex","log":"|j|\u2606Forbidden_Child-\n|j|\u2606luffyclapsnaruto\n|t:|1700152263\n|gametype|singles\n|player|p1|Forbidden_Child-|plasmagrunt-gen5bw|1218\n|player|p2|luffyclapsnaruto|byron|1113\n|teamsize|p1|6\n|teamsize|p2|6\n|gen|9\n|tier|[Gen 9] National Dex\n|rated|\n|rule|HP Percentage Mod: HP is shown in percentages\n|rule|Endless Battle Clause: Forcing endless battles is banned\n|rule|OHKO Clause: OHKO moves are banned\n|rule|Evasion Clause: Evasion abilities, items, and moves are banned\n|rule|Evasion Abilities Clause: Evasion abilities are banned\n|rule|Evasion Items Clause: Evasion items are banned\n|rule|Evasion Moves Clause: Evasion moves are banned\n|rule|Species Clause: Limit one of each Pok\u00e9mon\n|rule|Sleep Clause Mod: Limit one foe put to sleep\n|clearpoke\n|poke|p1|Ferrothorn, F|\n|poke|p1|Goodra-Hisui, M|\n|poke|p1|Tangrowth, M|\n|poke|p1|Nidoking, M|\n|poke|p1|Sneasler, F|\n|poke|p1|Pinsir, M|\n|poke|p2|Dugtrio, M|\n|poke|p2|Sunflora, F|\n|poke|p2|Ninetales, F|\n|poke|p2|Hypno, M|\n|poke|p2|Skarmory, M|\n|poke|p2|Omastar, M|\n|teampreview\n|\n|t:|1700152278\n|start\n|switch|p1a: Goodra|Goodra-Hisui, M|100\/100\n|switch|p2a: Dugtrio|Dugtrio, M|100\/100\n|turn|1\n|\n|t:|1700152289\n|move|p2a: Dugtrio|Sucker Punch|p1a: Goodra\n|-damage|p1a: Goodra|76\/100\n|-damage|p2a: Dugtrio|91\/100|[from] item: Life Orb\n|move|p1a: Goodra|Hidden Power|p2a: Dugtrio\n|-supereffective|p2a: Dugtrio\n|-damage|p2a: Dugtrio|0 fnt\n|faint|p2a: Dugtrio\n|\n|upkeep\n|\n|t:|1700152294\n|switch|p2a: Ninetales|Ninetales, F|100\/100\n|-weather|SunnyDay|[from] ability: Drought|[of] p2a: Ninetales\n|turn|2\n|inactive|Battle timer is ON: inactive players will automatically lose when time's up. (requested by luffyclapsnaruto)\n|\n|t:|1700152302\n|move|p2a: Ninetales|Fire Blast|p1a: Goodra\n|-damage|p1a: Goodra|45\/100\n|move|p1a: Goodra|Thunderbolt|p2a: Ninetales\n|-damage|p2a: Ninetales|66\/100\n|\n|-weather|SunnyDay|[upkeep]\n|upkeep\n|turn|3\n|inactive|luffyclapsnaruto has 120 seconds left.\n|\n|t:|1700152333\n|move|p2a: Ninetales|Fire Blast|p1a: Goodra\n|-damage|p1a: Goodra|17\/100\n|move|p1a: Goodra|Thunderbolt|p2a: Ninetales\n|-damage|p2a: Ninetales|32\/100\n|\n|-weather|SunnyDay|[upkeep]\n|upkeep\n|turn|4\n|\n|t:|1700152343\n|move|p2a: Ninetales|Fire Blast|p1a: Goodra\n|-damage|p1a: Goodra|0 fnt\n|faint|p1a: Goodra\n|\n|-weather|SunnyDay|[upkeep]\n|upkeep\n|\n|t:|1700152357\n|switch|p1a: Sneasler|Sneasler, F|100\/100\n|turn|5\n|\n|t:|1700152367\n|move|p1a: Sneasler|Dire Claw|p2a: Ninetales\n|-damage|p2a: Ninetales|0 fnt\n|faint|p2a: Ninetales\n|\n|-weather|SunnyDay|[upkeep]\n|upkeep\n|\n|t:|1700152371\n|switch|p2a: Sunflora|Sunflora, F|100\/100\n|turn|6\n|\n|t:|1700152376\n|move|p1a: Sneasler|Endure|p1a: Sneasler\n|-singleturn|p1a: Sneasler|move: Endure\n|move|p2a: Sunflora|Earth Power|p1a: Sneasler\n|-supereffective|p1a: Sneasler\n|-activate|p1a: Sneasler|move: Endure\n|-damage|p1a: Sneasler|1\/100\n|-enditem|p1a: Sneasler|Lansat Berry|[eat]\n|-start|p1a: Sneasler|move: Focus Energy\n|\n|-weather|SunnyDay|[upkeep]\n|upkeep\n|turn|7\n|\n|t:|1700152387\n|move|p1a: Sneasler|Dire Claw|p2a: Sunflora\n|-supereffective|p2a: Sunflora\n|-crit|p2a: Sunflora\n|-damage|p2a: Sunflora|0 fnt\n|faint|p2a: Sunflora\n|\n|-weather|SunnyDay|[upkeep]\n|upkeep\n|\n|t:|1700152394\n|switch|p2a: Skarmory|Skarmory, M|100\/100\n|turn|8\n|\n|t:|1700152403\n|move|p1a: Sneasler|Acrobatics|p2a: Skarmory\n|-resisted|p2a: Skarmory\n|-damage|p2a: Skarmory|83\/100\n|move|p2a: Skarmory|Body Press|p1a: Sneasler\n|-resisted|p1a: Sneasler\n|-damage|p1a: Sneasler|0 fnt\n|faint|p1a: Sneasler\n|\n|-weather|SunnyDay|[upkeep]\n|upkeep\n|\n|t:|1700152413\n|switch|p1a: Nidoking|Nidoking, M|100\/100\n|turn|9\n|\n|t:|1700152426\n|move|p1a: Nidoking|Flamethrower|p2a: Skarmory\n|-supereffective|p2a: Skarmory\n|-damage|p2a: Skarmory|0 fnt\n|faint|p2a: Skarmory\n|\n|-weather|none\n|upkeep\n|\n|t:|1700152434\n|switch|p2a: Hypno|Hypno, M|100\/100\n|-activate|p2a: Hypno|ability: Forewarn|Sludge Wave|[of] p1a: Nidoking\n|turn|10\n|\n|t:|1700152441\n|-terastallize|p1a: Nidoking|Dark\n|move|p1a: Nidoking|Sludge Wave|p2a: Hypno\n|-damage|p2a: Hypno|64\/100\n|move|p2a: Hypno|Future Sight|p1a: Nidoking\n|-start|p2a: Hypno|move: Future Sight\n|\n|-heal|p2a: Hypno|70\/100|[from] item: Leftovers\n|upkeep\n|turn|11\n|\n|t:|1700152452\n|move|p1a: Nidoking|Ice Beam|p2a: Hypno\n|-crit|p2a: Hypno\n|-damage|p2a: Hypno|35\/100\n|move|p2a: Hypno|Toxic|p1a: Nidoking|[miss]\n|-miss|p2a: Hypno|p1a: Nidoking\n|\n|-heal|p2a: Hypno|41\/100|[from] item: Leftovers\n|upkeep\n|turn|12\n|\n|t:|1700152461\n|move|p1a: Nidoking|Earth Power|p2a: Hypno\n|-damage|p2a: Hypno|8\/100\n|move|p2a: Hypno|Toxic|p1a: Nidoking\n|-status|p1a: Nidoking|tox\n|\n|-end|p1a: Nidoking|move: Future Sight\n|-immune|p1a: Nidoking\n|-heal|p2a: Hypno|14\/100|[from] item: Leftovers\n|-damage|p1a: Nidoking|95\/100 tox|[from] psn\n|upkeep\n|turn|13\n|\n|t:|1700152472\n|move|p2a: Hypno|Protect|p2a: Hypno\n|-singleturn|p2a: Hypno|Protect\n|move|p1a: Nidoking|Earth Power|p2a: Hypno\n|-activate|p2a: Hypno|move: Protect\n|\n|-heal|p2a: Hypno|20\/100|[from] item: Leftovers\n|-damage|p1a: Nidoking|83\/100 tox|[from] psn\n|upkeep\n|turn|14\n|\n|t:|1700152485\n|move|p1a: Nidoking|Earth Power|p2a: Hypno\n|-damage|p2a: Hypno|0 fnt\n|faint|p2a: Hypno\n|\n|-damage|p1a: Nidoking|65\/100 tox|[from] psn\n|upkeep\n|\n|t:|1700152487\n|switch|p2a: Omastar|Omastar, M|100\/100\n|turn|15\n|\n|t:|1700152492\n|move|p1a: Nidoking|Sludge Wave|p2a: Omastar\n|-resisted|p2a: Omastar\n|-damage|p2a: Omastar|50\/100\n|move|p2a: Omastar|Shell Smash|p2a: Omastar\n|-unboost|p2a: Omastar|def|1\n|-unboost|p2a: Omastar|spd|1\n|-boost|p2a: Omastar|atk|2\n|-boost|p2a: Omastar|spa|2\n|-boost|p2a: Omastar|spe|2\n|\n|-heal|p2a: Omastar|56\/100|[from] item: Leftovers\n|-damage|p1a: Nidoking|41\/100 tox|[from] psn\n|upkeep\n|turn|16\n|\n|t:|1700152516\n|-terastallize|p2a: Omastar|Rock\n|move|p2a: Omastar|Hydro Pump|p1a: Nidoking\n|-damage|p1a: Nidoking|0 fnt\n|faint|p1a: Nidoking\n|\n|-heal|p2a: Omastar|62\/100|[from] item: Leftovers\n|upkeep\n|\n|t:|1700152522\n|switch|p1a: Ferrothorn|Ferrothorn, F|100\/100\n|turn|17\n|\n|t:|1700152530\n|move|p2a: Omastar|Ice Beam|p1a: Ferrothorn\n|-damage|p1a: Ferrothorn|53\/100\n|move|p1a: Ferrothorn|Gyro Ball|p2a: Omastar\n|-supereffective|p2a: Omastar\n|-damage|p2a: Omastar|0 fnt\n|faint|p2a: Omastar\n|\n|win|Forbidden_Child-\n|raw|Forbidden_Child-'s rating: 1218 &rarr; <strong>1236<\/strong><br \/>(+18 for winning)\n|raw|luffyclapsnaruto's rating: 1113 &rarr; <strong>1095<\/strong><br \/>(-18 for losing)\n|l|\u2606luffyclapsnaruto\n","uploadtime":1700152541,"views":4,"p1id":"forbiddenchild","p2id":"luffyclapsnaruto","formatid":"gen9nationaldex","rating":1095,"private":0,"password":""}