{"id":"gen9nationaldex-1991742587","p1":"Dono_XD","p2":"PapaPena","format":"[Gen 9] National Dex","log":"|j|\u2606Dono_XD\n|j|\u2606PapaPena\n|t:|1700109715\n|gametype|singles\n|player|p1|Dono_XD|nate|\n|player|p2|PapaPena|roughneck|\n|teamsize|p1|6\n|teamsize|p2|6\n|gen|9\n|tier|[Gen 9] National Dex\n|rule|HP Percentage Mod: HP is shown in percentages\n|rule|Endless Battle Clause: Forcing endless battles is banned\n|rule|OHKO Clause: OHKO moves are banned\n|rule|Evasion Clause: Evasion abilities, items, and moves are banned\n|rule|Evasion Abilities Clause: Evasion abilities are banned\n|rule|Evasion Items Clause: Evasion items are banned\n|rule|Evasion Moves Clause: Evasion moves are banned\n|rule|Species Clause: Limit one of each Pok\u00e9mon\n|rule|Sleep Clause Mod: Limit one foe put to sleep\n|clearpoke\n|poke|p1|Corviknight, M|\n|poke|p1|Gengar, M|\n|poke|p1|Decidueye-Hisui, M|\n|poke|p1|Sableye, F|\n|poke|p1|Dugtrio, F|\n|poke|p1|Jigglypuff, F|\n|poke|p2|Moltres|\n|poke|p2|Tornadus-Therian, M|\n|poke|p2|Klefki, F|\n|poke|p2|Eelektross, M|\n|poke|p2|Lycanroc-Midnight, M|\n|poke|p2|Toedscool, M|\n|teampreview\n|\n|t:|1700109746\n|start\n|switch|p1a: Decidueye|Decidueye-Hisui, M, shiny|100\/100\n|switch|p2a: Klefki|Klefki, F|100\/100\n|turn|1\n|\n|t:|1700109773\n|move|p2a: Klefki|Spikes|p1a: Decidueye\n|-sidestart|p1: Dono_XD|Spikes\n|move|p1a: Decidueye|Knock Off|p2a: Klefki\n|-resisted|p2a: Klefki\n|-damage|p2a: Klefki|82\/100\n|-enditem|p2a: Klefki|Light Clay|[from] move: Knock Off|[of] p1a: Decidueye\n|-damage|p1a: Decidueye|91\/100|[from] item: Life Orb\n|\n|upkeep\n|turn|2\n|\n|t:|1700109785\n|move|p2a: Klefki|Spikes|p1a: Decidueye\n|-sidestart|p1: Dono_XD|Spikes\n|move|p1a: Decidueye|Close Combat|p2a: Klefki\n|-damage|p2a: Klefki|20\/100\n|-unboost|p1a: Decidueye|def|1\n|-unboost|p1a: Decidueye|spd|1\n|-damage|p1a: Decidueye|81\/100|[from] item: Life Orb\n|\n|upkeep\n|turn|3\n|\n|t:|1700109793\n|switch|p2a: flame-ingo|Moltres, shiny|100\/100\n|move|p1a: Decidueye|Close Combat|p2a: flame-ingo\n|-resisted|p2a: flame-ingo\n|-damage|p2a: flame-ingo|59\/100\n|-unboost|p1a: Decidueye|def|1\n|-unboost|p1a: Decidueye|spd|1\n|-damage|p1a: Decidueye|71\/100|[from] item: Life Orb\n|\n|upkeep\n|turn|4\n|\n|t:|1700109818\n|switch|p1a: Jiggle on dat puff|Jigglypuff, F, shiny|100\/100\n|-damage|p1a: Jiggle on dat puff|84\/100|[from] Spikes\n|move|p2a: flame-ingo|Air Slash|p1a: Jiggle on dat puff\n|-damage|p1a: Jiggle on dat puff|40\/100\n|\n|upkeep\n|turn|5\n|\n|t:|1700109839\n|move|p2a: flame-ingo|Roost|p2a: flame-ingo\n|-heal|p2a: flame-ingo|100\/100\n|-singleturn|p2a: flame-ingo|move: Roost\n|move|p1a: Jiggle on dat puff|Wish|p1a: Jiggle on dat puff\n|\n|upkeep\n|turn|6\n|\n|t:|1700109849\n|switch|p1a: Dugtrio|Dugtrio, F|100\/100\n|-damage|p1a: Dugtrio|84\/100|[from] Spikes\n|move|p2a: flame-ingo|Air Slash|p1a: Dugtrio\n|-damage|p1a: Dugtrio|30\/100\n|\n|-heal|p1a: Dugtrio|100\/100|[from] move: Wish|[wisher] Jiggle on dat puff\n|upkeep\n|turn|7\n|\n|t:|1700109867\n|-terastallize|p2a: flame-ingo|Fairy\n|move|p1a: Dugtrio|Stone Edge|p2a: flame-ingo|[miss]\n|-miss|p1a: Dugtrio|p2a: flame-ingo\n|move|p2a: flame-ingo|Air Slash|p1a: Dugtrio\n|-damage|p1a: Dugtrio|46\/100\n|\n|upkeep\n|turn|8\n|\n|t:|1700109900\n|switch|p1a: Jiggle on dat puff|Jigglypuff, F, shiny|40\/100\n|-damage|p1a: Jiggle on dat puff|24\/100|[from] Spikes\n|move|p2a: flame-ingo|Air Slash|p1a: Jiggle on dat puff\n|-damage|p1a: Jiggle on dat puff|0 fnt\n|faint|p1a: Jiggle on dat puff\n|\n|upkeep\n|\n|t:|1700109907\n|switch|p1a: Biggest Berd|Corviknight, M, shiny|100\/100\n|turn|9\n|\n|t:|1700109933\n|switch|p2a: Klefki|Klefki, F|20\/100\n|-terastallize|p1a: Biggest Berd|Water\n|move|p1a: Biggest Berd|Iron Head|p2a: Klefki\n|-damage|p2a: Klefki|0 fnt\n|faint|p2a: Klefki\n|\n|upkeep\n|\n|t:|1700109960\n|switch|p2a: what dat mouth do|Eelektross, M|100\/100\n|turn|10\n|\n|t:|1700109983\n|switch|p1a: Dugtrio|Dugtrio, F|46\/100\n|-damage|p1a: Dugtrio|29\/100|[from] Spikes\n|move|p2a: what dat mouth do|Thunder Punch|p1a: Dugtrio\n|-immune|p1a: Dugtrio\n|\n|upkeep\n|turn|11\n|\n|t:|1700109993\n|switch|p2a: squeeward|Toedscool, M|100\/100\n|move|p1a: Dugtrio|Stealth Rock|p2a: squeeward\n|-sidestart|p2: PapaPena|move: Stealth Rock\n|\n|upkeep\n|turn|12\n|\n|t:|1700110019\n|move|p1a: Dugtrio|Sucker Punch|p2a: squeeward\n|-damage|p2a: squeeward|72\/100\n|move|p2a: squeeward|Knock Off|p1a: Dugtrio\n|-damage|p1a: Dugtrio|6\/100\n|-enditem|p1a: Dugtrio|Focus Sash|[from] move: Knock Off|[of] p2a: squeeward\n|\n|upkeep\n|turn|13\n|\n|t:|1700110038\n|move|p1a: Dugtrio|Sucker Punch||[still]\n|-fail|p1a: Dugtrio\n|move|p2a: squeeward|Leech Seed|p1a: Dugtrio\n|-start|p1a: Dugtrio|move: Leech Seed\n|\n|-damage|p1a: Dugtrio|0 fnt|[from] Leech Seed|[of] p2a: squeeward\n|-heal|p2a: squeeward|78\/100|[silent]\n|faint|p1a: Dugtrio\n|upkeep\n|\n|t:|1700110054\n|switch|p1a: I smell pennies|Sableye, F|100\/100\n|-damage|p1a: I smell pennies|84\/100|[from] Spikes\n|turn|14\n|\n|t:|1700110059\n|move|p2a: squeeward|Knock Off|p1a: I smell pennies\n|-damage|p1a: I smell pennies|73\/100\n|-enditem|p1a: I smell pennies|Light Clay|[from] move: Knock Off|[of] p2a: squeeward\n|move|p1a: I smell pennies|Knock Off|p2a: squeeward\n|-damage|p2a: squeeward|29\/100\n|-enditem|p2a: squeeward|Eviolite|[from] move: Knock Off|[of] p1a: I smell pennies\n|\n|upkeep\n|turn|15\n|\n|t:|1700110067\n|move|p1a: I smell pennies|Will-O-Wisp|p2a: squeeward\n|-status|p2a: squeeward|brn\n|move|p2a: squeeward|Toxic|p1a: I smell pennies\n|-status|p1a: I smell pennies|tox\n|\n|-damage|p1a: I smell pennies|67\/100 tox|[from] psn\n|-damage|p2a: squeeward|23\/100 brn|[from] brn\n|upkeep\n|turn|16\n|\n|t:|1700110077\n|move|p1a: I smell pennies|Knock Off|p2a: squeeward\n|-damage|p2a: squeeward|0 fnt\n|faint|p2a: squeeward\n|\n|-damage|p1a: I smell pennies|55\/100 tox|[from] psn\n|upkeep\n|\n|t:|1700110090\n|switch|p2a: Tornadus|Tornadus-Therian, M|100\/100\n|-damage|p2a: Tornadus|76\/100|[from] Stealth Rock\n|turn|17\n|\n|t:|1700110112\n|move|p1a: I smell pennies|Will-O-Wisp|p2a: Tornadus\n|-status|p2a: Tornadus|brn\n|move|p2a: Tornadus|Dark Pulse|p1a: I smell pennies\n|-damage|p1a: I smell pennies|14\/100 tox\n|\n|-heal|p2a: Tornadus|82\/100 brn|[from] item: Leftovers\n|-damage|p1a: I smell pennies|0 fnt|[from] psn\n|faint|p1a: I smell pennies\n|-damage|p2a: Tornadus|76\/100 brn|[from] brn\n|upkeep\n|\n|t:|1700110128\n|switch|p1a: Noah|Gengar, M, shiny|100\/100\n|-damage|p1a: Noah|84\/100|[from] Spikes\n|turn|18\n|\n|t:|1700110146\n|switch|p1a: Biggest Berd|Corviknight, M, shiny, tera:Water|100\/100\n|-damage|p1a: Biggest Berd|84\/100|[from] Spikes\n|move|p2a: Tornadus|Dark Pulse|p1a: Biggest Berd\n|-damage|p1a: Biggest Berd|58\/100\n|\n|-heal|p2a: Tornadus|82\/100 brn|[from] item: Leftovers\n|-heal|p1a: Biggest Berd|64\/100|[from] item: Leftovers\n|-damage|p2a: Tornadus|76\/100 brn|[from] brn\n|upkeep\n|turn|19\n|\n|t:|1700110158\n|move|p2a: Tornadus|Grass Knot|p1a: Biggest Berd\n|-supereffective|p1a: Biggest Berd\n|-damage|p1a: Biggest Berd|18\/100\n|move|p1a: Biggest Berd|Iron Head|p2a: Tornadus\n|-damage|p2a: Tornadus|44\/100 brn\n|\n|-heal|p2a: Tornadus|50\/100 brn|[from] item: Leftovers\n|-heal|p1a: Biggest Berd|24\/100|[from] item: Leftovers\n|-damage|p2a: Tornadus|44\/100 brn|[from] brn\n|upkeep\n|turn|20\n|\n|t:|1700110171\n|switch|p1a: Decidueye|Decidueye-Hisui, M, shiny|71\/100\n|-damage|p1a: Decidueye|55\/100|[from] Spikes\n|move|p2a: Tornadus|Dark Pulse|p1a: Decidueye\n|-resisted|p1a: Decidueye\n|-damage|p1a: Decidueye|41\/100\n|\n|-heal|p2a: Tornadus|50\/100 brn|[from] item: Leftovers\n|-damage|p2a: Tornadus|44\/100 brn|[from] brn\n|upkeep\n|turn|21\n|\n|t:|1700110199\n|switch|p2a: flame-ingo|Moltres, shiny, tera:Fairy|100\/100\n|move|p1a: Decidueye|Shadow Sneak|p2a: flame-ingo\n|-damage|p2a: flame-ingo|84\/100\n|-status|p1a: Decidueye|brn|[from] ability: Flame Body|[of] p2a: flame-ingo\n|-damage|p1a: Decidueye|31\/100 brn|[from] item: Life Orb\n|\n|-damage|p1a: Decidueye|25\/100 brn|[from] brn\n|upkeep\n|turn|22\n|\n|t:|1700110209\n|move|p1a: Decidueye|Knock Off|p2a: flame-ingo\n|-resisted|p2a: flame-ingo\n|-damage|p2a: flame-ingo|73\/100\n|-enditem|p2a: flame-ingo|Heavy-Duty Boots|[from] move: Knock Off|[of] p1a: Decidueye\n|-damage|p1a: Decidueye|15\/100 brn|[from] item: Life Orb\n|move|p2a: flame-ingo|Air Slash|p1a: Decidueye\n|-supereffective|p1a: Decidueye\n|-damage|p1a: Decidueye|0 fnt\n|faint|p1a: Decidueye\n|\n|upkeep\n|\n|t:|1700110219\n|switch|p1a: Biggest Berd|Corviknight, M, shiny, tera:Water|24\/100\n|-damage|p1a: Biggest Berd|7\/100|[from] Spikes\n|turn|23\n|\n|t:|1700110227\n|move|p2a: flame-ingo|Scorching Sands|p1a: Biggest Berd\n|-damage|p1a: Biggest Berd|0 fnt\n|faint|p1a: Biggest Berd\n|\n|upkeep\n|\n|t:|1700110232\n|switch|p1a: Noah|Gengar, M, shiny|84\/100\n|-damage|p1a: Noah|68\/100|[from] Spikes\n|turn|24\n|\n|t:|1700110241\n|move|p1a: Noah|Trick|p2a: flame-ingo\n|-activate|p1a: Noah|move: Trick|[of] p2a: flame-ingo\n|-item|p2a: flame-ingo|Choice Specs|[from] move: Trick\n|-enditem|p1a: Noah|Choice Specs|[silent]|[from] move: Trick\n|move|p2a: flame-ingo|Scorching Sands|p1a: Noah\n|-supereffective|p1a: Noah\n|-damage|p1a: Noah|0 fnt\n|faint|p1a: Noah\n|\n|win|PapaPena\n","uploadtime":1700110251,"views":5,"p1id":"donoxd","p2id":"papapena","formatid":"gen9nationaldex","rating":0,"private":0,"password":""}