{"id":"gen9nationaldex-1991090064","p1":"gfsn\u7535\u68cd\u5973\u513f\u7c73\u8bfa","p2":"Ellogovornor","format":"[Gen 9] National Dex","log":"|j|\u2606gfsn\u7535\u68cd\u5973\u513f\u7c73\u8bfa\n|j|\u2606Ellogovornor\n|t:|1700041279\n|gametype|singles\n|player|p1|gfsn\u7535\u68cd\u5973\u513f\u7c73\u8bfa|rosa|1335\n|player|p2|Ellogovornor|2|1285\n|teamsize|p1|6\n|teamsize|p2|5\n|gen|9\n|tier|[Gen 9] National Dex\n|rated|\n|rule|HP Percentage Mod: HP is shown in percentages\n|rule|Endless Battle Clause: Forcing endless battles is banned\n|rule|OHKO Clause: OHKO moves are banned\n|rule|Evasion Clause: Evasion abilities, items, and moves are banned\n|rule|Evasion Abilities Clause: Evasion abilities are banned\n|rule|Evasion Items Clause: Evasion items are banned\n|rule|Evasion Moves Clause: Evasion moves are banned\n|rule|Species Clause: Limit one of each Pok\u00e9mon\n|rule|Sleep Clause Mod: Limit one foe put to sleep\n|clearpoke\n|poke|p1|Medicham, F|\n|poke|p1|Tapu Lele|\n|poke|p1|Torkoal, M|\n|poke|p1|Sinistcha-Masterpiece|\n|poke|p1|Hatterene, F|\n|poke|p1|Polteageist-Antique|\n|poke|p2|Hippowdon, F|\n|poke|p2|Excadrill, F|\n|poke|p2|Dracozolt|\n|poke|p2|Minior|\n|poke|p2|Torterra, M|\n|teampreview\n|inactive|Battle timer is ON: inactive players will automatically lose when time's up. (requested by Ellogovornor)\n|inactive|gfsn\u7535\u68cd\u5973\u513f\u7c73\u8bfa also wants the timer to be on.\n|\n|t:|1700041296\n|start\n|switch|p1a: Torkoal|Torkoal, M|100\/100\n|switch|p2a: Minior|Minior|100\/100\n|-formechange|p2a: Minior|Minior-Meteor||[from] ability: Shields Down\n|-weather|SunnyDay|[from] ability: Drought|[of] p1a: Torkoal\n|turn|1\n|\n|t:|1700041306\n|move|p2a: Minior|Shell Smash|p2a: Minior\n|-unboost|p2a: Minior|def|1\n|-unboost|p2a: Minior|spd|1\n|-boost|p2a: Minior|atk|2\n|-boost|p2a: Minior|spa|2\n|-boost|p2a: Minior|spe|2\n|-enditem|p2a: Minior|White Herb\n|-clearnegativeboost|p2a: Minior|[silent]\n|move|p1a: Torkoal|Will-O-Wisp|p2a: Minior\n|-immune|p2a: Minior|[from] ability: Shields Down\n|\n|-weather|SunnyDay|[upkeep]\n|upkeep\n|turn|2\n|inactive|gfsn\u7535\u68cd\u5973\u513f\u7c73\u8bfa has 120 seconds left.\n|\n|t:|1700041339\n|switch|p1a: Tapu Lele|Tapu Lele|100\/100\n|-fieldstart|move: Psychic Terrain|[from] ability: Psychic Surge|[of] p1a: Tapu Lele\n|move|p2a: Minior|Earthquake|p1a: Tapu Lele\n|-damage|p1a: Tapu Lele|38\/100\n|\n|-weather|SunnyDay|[upkeep]\n|upkeep\n|turn|3\n|\n|t:|1700041349\n|switch|p1a: Hatterene|Hatterene, F|100\/100\n|move|p2a: Minior|Acrobatics|p1a: Hatterene\n|-damage|p1a: Hatterene|7\/100\n|-enditem|p1a: Hatterene|Eject Button\n|\n|t:|1700041356\n|switch|p1a: Polteageist|Polteageist-Antique, shiny|100\/100\n|\n|-weather|SunnyDay|[upkeep]\n|upkeep\n|turn|4\n|\n|t:|1700041364\n|move|p2a: Minior|Acrobatics|p1a: Polteageist\n|-enditem|p1a: Polteageist|Focus Sash\n|-damage|p1a: Polteageist|1\/100\n|-ability|p1a: Polteageist|Weak Armor|boost\n|-unboost|p1a: Polteageist|def|1\n|-boost|p1a: Polteageist|spe|2\n|move|p1a: Polteageist|Shell Smash|p1a: Polteageist\n|-unboost|p1a: Polteageist|def|1\n|-unboost|p1a: Polteageist|spd|1\n|-boost|p1a: Polteageist|atk|2\n|-boost|p1a: Polteageist|spa|2\n|-boost|p1a: Polteageist|spe|2\n|\n|-weather|SunnyDay|[upkeep]\n|upkeep\n|turn|5\n|\n|t:|1700041377\n|switch|p2a: Hippowdon|Hippowdon, F|100\/100\n|-weather|Sandstorm|[from] ability: Sand Stream|[of] p2a: Hippowdon\n|move|p1a: Polteageist|Stored Power|p2a: Hippowdon\n|-damage|p2a: Hippowdon|0 fnt\n|faint|p2a: Hippowdon\n|\n|-weather|Sandstorm|[upkeep]\n|-damage|p1a: Polteageist|0 fnt|[from] Sandstorm\n|faint|p1a: Polteageist\n|upkeep\n|\n|t:|1700041390\n|switch|p1a: Torkoal|Torkoal, M|100\/100\n|switch|p2a: Dracozolt|Dracozolt|100\/100\n|-weather|SunnyDay|[from] ability: Drought|[of] p1a: Torkoal\n|turn|6\n|\n|t:|1700041406\n|-terastallize|p2a: Dracozolt|Electric\n|move|p2a: Dracozolt|Bolt Beak|p1a: Torkoal\n|-damage|p1a: Torkoal|0 fnt\n|faint|p1a: Torkoal\n|-damage|p2a: Dracozolt|91\/100|[from] item: Life Orb\n|\n|-weather|SunnyDay|[upkeep]\n|upkeep\n|\n|t:|1700041418\n|switch|p1a: Sinistcha|Sinistcha-Masterpiece, shiny|100\/100\n|turn|7\n|inactive|Ellogovornor has 120 seconds left.\n|\n|t:|1700041466\n|move|p2a: Dracozolt|Bolt Beak|p1a: Sinistcha\n|-resisted|p1a: Sinistcha\n|-damage|p1a: Sinistcha|39\/100\n|-damage|p2a: Dracozolt|81\/100|[from] item: Life Orb\n|move|p1a: Sinistcha|Strength Sap|p2a: Dracozolt\n|-unboost|p2a: Dracozolt|atk|1\n|-heal|p1a: Sinistcha|100\/100\n|\n|-weather|SunnyDay|[upkeep]\n|upkeep\n|turn|8\n|\n|t:|1700041486\n|switch|p2a: Torterra|Torterra, M|100\/100\n|move|p1a: Sinistcha|Calm Mind|p1a: Sinistcha\n|-boost|p1a: Sinistcha|spa|1\n|-boost|p1a: Sinistcha|spd|1\n|\n|-weather|SunnyDay|[upkeep]\n|upkeep\n|turn|9\n|\n|t:|1700041515\n|move|p2a: Torterra|Shell Smash|p2a: Torterra\n|-unboost|p2a: Torterra|def|1\n|-unboost|p2a: Torterra|spd|1\n|-boost|p2a: Torterra|atk|2\n|-boost|p2a: Torterra|spa|2\n|-boost|p2a: Torterra|spe|2\n|move|p1a: Sinistcha|Matcha Gotcha|p2a: Torterra\n|-damage|p2a: Torterra|9\/100\n|-status|p2a: Torterra|brn\n|\n|-weather|SunnyDay|[upkeep]\n|-damage|p2a: Torterra|3\/100 brn|[from] brn\n|-fieldend|move: Psychic Terrain\n|upkeep\n|turn|10\n|inactive|gfsn\u7535\u68cd\u5973\u513f\u7c73\u8bfa has 120 seconds left.\n|\n|t:|1700041532\n|move|p2a: Torterra|Seed Bomb|p1a: Sinistcha\n|-resisted|p1a: Sinistcha\n|-damage|p1a: Sinistcha|79\/100\n|move|p1a: Sinistcha|Strength Sap|p2a: Torterra\n|-unboost|p2a: Torterra|atk|1\n|-heal|p1a: Sinistcha|100\/100\n|\n|-weather|none\n|-damage|p2a: Torterra|0 fnt|[from] brn\n|faint|p2a: Torterra\n|upkeep\n|\n|t:|1700041542\n|switch|p2a: Minior|Minior|100\/100\n|-formechange|p2a: Minior|Minior-Meteor||[from] ability: Shields Down\n|turn|11\n|\n|t:|1700041549\n|move|p2a: Minior|Shell Smash|p2a: Minior\n|-unboost|p2a: Minior|def|1\n|-unboost|p2a: Minior|spd|1\n|-boost|p2a: Minior|atk|2\n|-boost|p2a: Minior|spa|2\n|-boost|p2a: Minior|spe|2\n|-zpower|p1a: Sinistcha\n|move|p1a: Sinistcha|Never-Ending Nightmare|p2a: Minior|[zeffect]\n|-damage|p2a: Minior|0 fnt\n|faint|p2a: Minior\n|\n|upkeep\n|\n|t:|1700041560\n|switch|p2a: Excadrill|Excadrill, F|100\/100\n|turn|12\n|\n|t:|1700041571\n|move|p2a: Excadrill|Iron Head|p1a: Sinistcha\n|-damage|p1a: Sinistcha|49\/100\n|-damage|p2a: Excadrill|91\/100|[from] item: Life Orb\n|cant|p1a: Sinistcha|flinch\n|\n|upkeep\n|turn|13\n|\n|t:|1700041582\n|move|p2a: Excadrill|Iron Head|p1a: Sinistcha\n|-damage|p1a: Sinistcha|0 fnt\n|faint|p1a: Sinistcha\n|-damage|p2a: Excadrill|81\/100|[from] item: Life Orb\n|\n|upkeep\n|\n|t:|1700041589\n|switch|p1a: Medicham|Medicham, F, shiny|100\/100\n|turn|14\n|\n|t:|1700041595\n|detailschange|p1a: Medicham|Medicham-Mega, F, shiny\n|-mega|p1a: Medicham|Medicham|Medichamite\n|move|p1a: Medicham|Bulk Up|p1a: Medicham\n|-boost|p1a: Medicham|atk|1\n|-boost|p1a: Medicham|def|1\n|move|p2a: Excadrill|Rapid Spin|p1a: Medicham\n|-damage|p1a: Medicham|73\/100\n|-boost|p2a: Excadrill|spe|1\n|-damage|p2a: Excadrill|71\/100|[from] item: Life Orb\n|\n|upkeep\n|turn|15\n|\n|t:|1700041606\n|move|p2a: Excadrill|Iron Head|p1a: Medicham\n|-damage|p1a: Medicham|15\/100\n|-damage|p2a: Excadrill|61\/100|[from] item: Life Orb\n|cant|p1a: Medicham|flinch\n|\n|upkeep\n|turn|16\n|inactive|gfsn\u7535\u68cd\u5973\u513f\u7c73\u8bfa has 120 seconds left.\n|c|\u2606gfsn\u7535\u68cd\u5973\u513f\u7c73\u8bfa|?\u2026\n|\n|t:|1700041652\n|move|p2a: Excadrill|Rapid Spin|p1a: Medicham\n|-damage|p1a: Medicham|0 fnt\n|-boost|p2a: Excadrill|spe|1\n|faint|p1a: Medicham\n|-damage|p2a: Excadrill|51\/100|[from] item: Life Orb\n|\n|upkeep\n|c|\u2606Ellogovornor|ability\n|\n|t:|1700041659\n|switch|p1a: Hatterene|Hatterene, F|7\/100\n|turn|17\n|\n|t:|1700041664\n|-terastallize|p1a: Hatterene|Steel\n|move|p2a: Excadrill|Rapid Spin|p1a: Hatterene\n|-resisted|p1a: Hatterene\n|-damage|p1a: Hatterene|0 fnt\n|-boost|p2a: Excadrill|spe|1\n|faint|p1a: Hatterene\n|-damage|p2a: Excadrill|41\/100|[from] item: Life Orb\n|\n|upkeep\n|\n|t:|1700041691\n|switch|p1a: Tapu Lele|Tapu Lele|38\/100\n|-fieldstart|move: Psychic Terrain|[from] ability: Psychic Surge|[of] p1a: Tapu Lele\n|turn|18\n|\n|t:|1700041697\n|move|p2a: Excadrill|Iron Head|p1a: Tapu Lele\n|-supereffective|p1a: Tapu Lele\n|-damage|p1a: Tapu Lele|0 fnt\n|faint|p1a: Tapu Lele\n|-damage|p2a: Excadrill|31\/100|[from] item: Life Orb\n|\n|win|Ellogovornor\n|raw|gfsn\u7535\u68cd\u5973\u513f\u7c73\u8bfa's rating: 1335 &rarr; <strong>1312<\/strong><br \/>(-23 for losing)\n|raw|Ellogovornor's rating: 1285 &rarr; <strong>1314<\/strong><br \/>(+29 for winning)\n|c|\u2606Ellogovornor|gg\n","uploadtime":1700041702,"views":15,"p1id":"gfsn","p2id":"ellogovornor","formatid":"gen9nationaldex","rating":1312,"private":0,"password":""}