{"id":"gen9nationaldex-1990125134","p1":"shuichi420","p2":"hell dome","format":"[Gen 9] National Dex","log":"|j|\u2606shuichi420\n|j|\u2606hell dome\n|t:|1699927239\n|gametype|singles\n|player|p1|shuichi420|169|1336\n|player|p2|hell dome|lucas|1316\n|teamsize|p1|6\n|teamsize|p2|6\n|gen|9\n|tier|[Gen 9] National Dex\n|rated|\n|rule|HP Percentage Mod: HP is shown in percentages\n|rule|Endless Battle Clause: Forcing endless battles is banned\n|rule|OHKO Clause: OHKO moves are banned\n|rule|Evasion Clause: Evasion abilities, items, and moves are banned\n|rule|Evasion Abilities Clause: Evasion abilities are banned\n|rule|Evasion Items Clause: Evasion items are banned\n|rule|Evasion Moves Clause: Evasion moves are banned\n|rule|Species Clause: Limit one of each Pok\u00e9mon\n|rule|Sleep Clause Mod: Limit one foe put to sleep\n|clearpoke\n|poke|p1|Landorus-Therian, M|\n|poke|p1|Tapu Koko|\n|poke|p1|Iron Valiant|\n|poke|p1|Slowbro, M|\n|poke|p1|Corviknight, F|\n|poke|p1|Hawlucha, M|\n|poke|p2|Greninja-*, M|\n|poke|p2|Heatran, M|\n|poke|p2|Lilligant, F|\n|poke|p2|Corviknight, M|\n|poke|p2|Garganacl, M|\n|poke|p2|Garchomp, F|\n|teampreview\n|\n|t:|1699927275\n|start\n|switch|p1a: Landorus|Landorus-Therian, M|100\/100\n|switch|p2a: kc - 3|Corviknight, M|100\/100\n|-ability|p1a: Landorus|Intimidate|boost\n|-ability|p2a: kc - 3|Mirror Armor\n|-unboost|p1a: Landorus|atk|1\n|turn|1\n|inactive|Battle timer is ON: inactive players will automatically lose when time's up. (requested by hell dome)\n|\n|t:|1699927287\n|move|p1a: Landorus|Stealth Rock|p2a: kc - 3\n|-sidestart|p2: hell dome|move: Stealth Rock\n|move|p2a: kc - 3|Bulk Up|p2a: kc - 3\n|-boost|p2a: kc - 3|atk|1\n|-boost|p2a: kc - 3|def|1\n|\n|upkeep\n|turn|2\n|\n|t:|1699927292\n|move|p1a: Landorus|U-turn|p2a: kc - 3\n|-resisted|p2a: kc - 3\n|-damage|p2a: kc - 3|99\/100\n|\n|t:|1699927298\n|switch|p1a: Tapu Koko|Tapu Koko|100\/100|[from] U-turn\n|-fieldstart|move: Electric Terrain|[from] ability: Electric Surge|[of] p1a: Tapu Koko\n|move|p2a: kc - 3|Bulk Up|p2a: kc - 3\n|-boost|p2a: kc - 3|atk|1\n|-boost|p2a: kc - 3|def|1\n|\n|upkeep\n|turn|3\n|\n|t:|1699927325\n|switch|p2a: kc - 01|Garganacl, M|100\/100\n|-damage|p2a: kc - 01|88\/100|[from] Stealth Rock\n|move|p1a: Tapu Koko|Thunderbolt|p2a: kc - 01\n|-damage|p2a: kc - 01|45\/100\n|\n|-heal|p2a: kc - 01|51\/100|[from] item: Leftovers\n|upkeep\n|turn|4\n|\n|t:|1699927339\n|move|p1a: Tapu Koko|Grass Knot|p2a: kc - 01\n|-supereffective|p2a: kc - 01\n|-damage|p2a: kc - 01|0 fnt\n|faint|p2a: kc - 01\n|\n|upkeep\n|\n|t:|1699927344\n|switch|p2a: kc - 8|Heatran, M|100\/100\n|-damage|p2a: kc - 8|88\/100|[from] Stealth Rock\n|turn|5\n|\n|t:|1699927349\n|move|p1a: Tapu Koko|U-turn|p2a: kc - 8\n|-resisted|p2a: kc - 8\n|-damage|p2a: kc - 8|84\/100\n|\n|t:|1699927353\n|switch|p1a: Landorus|Landorus-Therian, M|100\/100|[from] U-turn\n|-ability|p1a: Landorus|Intimidate|boost\n|-unboost|p2a: kc - 8|atk|1\n|move|p2a: kc - 8|Earth Power|p1a: Landorus\n|-immune|p1a: Landorus\n|\n|upkeep\n|turn|6\n|\n|t:|1699927364\n|switch|p2a: kc - 12|Garchomp, F|100\/100\n|-damage|p2a: kc - 12|94\/100|[from] Stealth Rock\n|move|p1a: Landorus|U-turn|p2a: kc - 12\n|-damage|p2a: kc - 12|72\/100\n|-damage|p1a: Landorus|88\/100|[from] ability: Rough Skin|[of] p2a: kc - 12\n|\n|t:|1699927373\n|switch|p1a: Calamity|Iron Valiant|100\/100|[from] U-turn\n|-activate|p1a: Calamity|ability: Quark Drive\n|-start|p1a: Calamity|quarkdrivespe\n|\n|-fieldend|move: Electric Terrain\n|-end|p1a: Calamity|Quark Drive\n|upkeep\n|turn|7\n|\n|t:|1699927387\n|switch|p2a: kc - 3|Corviknight, M|99\/100\n|-damage|p2a: kc - 3|86\/100|[from] Stealth Rock\n|move|p1a: Calamity|Moonblast|p2a: kc - 3\n|-resisted|p2a: kc - 3\n|-damage|p2a: kc - 3|55\/100\n|\n|upkeep\n|turn|8\n|\n|t:|1699927399\n|-end|p1a: Calamity|Quark Drive|[silent]\n|switch|p1a: Tapu Koko|Tapu Koko|100\/100\n|-fieldstart|move: Electric Terrain|[from] ability: Electric Surge|[of] p1a: Tapu Koko\n|switch|p2a: kc - 9|Greninja, M|100\/100\n|-damage|p2a: kc - 9|88\/100|[from] Stealth Rock\n|\n|upkeep\n|turn|9\n|\n|t:|1699927409\n|switch|p2a: kc - 12|Garchomp, F|72\/100\n|-damage|p2a: kc - 12|66\/100|[from] Stealth Rock\n|move|p1a: Tapu Koko|U-turn|p2a: kc - 12\n|-damage|p2a: kc - 12|48\/100\n|-damage|p1a: Tapu Koko|88\/100|[from] ability: Rough Skin|[of] p2a: kc - 12\n|\n|t:|1699927412\n|switch|p1a: Calamity|Iron Valiant|100\/100|[from] U-turn\n|-activate|p1a: Calamity|ability: Quark Drive\n|-start|p1a: Calamity|quarkdrivespe\n|\n|upkeep\n|turn|10\n|\n|t:|1699927422\n|detailschange|p2a: kc - 12|Garchomp-Mega, F\n|-mega|p2a: kc - 12|Garchomp|Garchompite\n|move|p1a: Calamity|Moonblast|p2a: kc - 12\n|-supereffective|p2a: kc - 12\n|-damage|p2a: kc - 12|0 fnt\n|faint|p2a: kc - 12\n|\n|upkeep\n|-message|hell dome forfeited.\n|\n|win|shuichi420\n|raw|shuichi420's rating: 1336 &rarr; <strong>1355<\/strong><br \/>(+19 for winning)\n|raw|hell dome's rating: 1316 &rarr; <strong>1297<\/strong><br \/>(-19 for losing)\n|l|\u2606hell dome\n","uploadtime":1699927436,"views":17,"p1id":"shuichi420","p2id":"helldome","formatid":"gen9nationaldex","rating":1297,"private":0,"password":""}