{"id":"gen9nationaldex-1995336858","p1":"Viruskilleryt2","p2":"Emre_Rekt","format":"[Gen 9] National Dex","log":"|html|<div class=\"broadcast-blue\"><strong>[Gen 9] National Dex is currently suspecting Sneasler! For information on how to participate check out the <a href=\"https:\/\/www.smogon.com\/forums\/threads\/sv-national-dex-suspect-8-just-dance.3731534\/\">suspect thread<\/a>.<\/strong><\/div>\n|j|\u2606Viruskilleryt2\n|j|\u2606Emre_Rekt\n|t:|1700555903\n|gametype|singles\n|player|p1|Viruskilleryt2|102|1113\n|player|p2|Emre_Rekt|red|1149\n|teamsize|p1|6\n|teamsize|p2|5\n|gen|9\n|tier|[Gen 9] National Dex\n|rated|\n|rule|HP Percentage Mod: HP is shown in percentages\n|rule|Endless Battle Clause: Forcing endless battles is banned\n|rule|OHKO Clause: OHKO moves are banned\n|rule|Evasion Clause: Evasion abilities, items, and moves are banned\n|rule|Evasion Abilities Clause: Evasion abilities are banned\n|rule|Evasion Items Clause: Evasion items are banned\n|rule|Evasion Moves Clause: Evasion moves are banned\n|rule|Species Clause: Limit one of each Pok\u00e9mon\n|rule|Sleep Clause Mod: Limit one foe put to sleep\n|clearpoke\n|poke|p1|Krookodile, F|\n|poke|p1|Greninja-*, F|\n|poke|p1|Charizard, F|\n|poke|p1|Kleavor, F|\n|poke|p1|Pikachu, F|\n|poke|p1|Sceptile, F|\n|poke|p2|Garchomp, F|\n|poke|p2|Ninjask, F|\n|poke|p2|Ferrothorn, F|\n|poke|p2|Ribombee, F|\n|poke|p2|Suicune|\n|teampreview\n|\n|t:|1700555937\n|start\n|switch|p1a: the rockler|Kleavor, F, shiny|100\/100\n|switch|p2a: Ribombee|Ribombee, F|100\/100\n|turn|1\n|\n|t:|1700555943\n|move|p2a: Ribombee|Sticky Web|p1a: the rockler\n|-sidestart|p1: Viruskilleryt2|move: Sticky Web\n|move|p1a: the rockler|Stone Axe|p2a: Ribombee\n|-supereffective|p2a: Ribombee\n|-enditem|p2a: Ribombee|Focus Sash\n|-damage|p2a: Ribombee|1\/100\n|-sidestart|p2: Emre_Rekt|move: Stealth Rock\n|\n|upkeep\n|turn|2\n|\n|t:|1700555952\n|move|p2a: Ribombee|Stun Spore|p1a: the rockler\n|-status|p1a: the rockler|par\n|cant|p1a: the rockler|par\n|\n|upkeep\n|turn|3\n|\n|t:|1700555959\n|move|p2a: Ribombee|Dazzling Gleam|p1a: the rockler\n|-damage|p1a: the rockler|75\/100 par\n|move|p1a: the rockler|Stone Axe|p2a: Ribombee\n|-supereffective|p2a: Ribombee\n|-damage|p2a: Ribombee|0 fnt\n|faint|p2a: Ribombee\n|\n|upkeep\n|\n|t:|1700555964\n|switch|p2a: Ferrothorn|Ferrothorn, F|100\/100\n|-damage|p2a: Ferrothorn|94\/100|[from] Stealth Rock\n|turn|4\n|\n|t:|1700555970\n|switch|p1a: raxter|Krookodile, F|100\/100\n|-activate|p1a: raxter|move: Sticky Web\n|-unboost|p1a: raxter|spe|1\n|move|p2a: Ferrothorn|Leech Seed|p1a: raxter\n|-start|p1a: raxter|move: Leech Seed\n|\n|-damage|p1a: raxter|88\/100|[from] Leech Seed|[of] p2a: Ferrothorn\n|-heal|p2a: Ferrothorn|100\/100|[silent]\n|upkeep\n|turn|5\n|c|\u2606Viruskilleryt2|I hate sticky web\n|\n|t:|1700555978\n|move|p2a: Ferrothorn|Protect|p2a: Ferrothorn\n|-singleturn|p2a: Ferrothorn|Protect\n|move|p1a: raxter|Earthquake|p2a: Ferrothorn\n|-activate|p2a: Ferrothorn|move: Protect\n|\n|-damage|p1a: raxter|76\/100|[from] Leech Seed|[of] p2a: Ferrothorn\n|upkeep\n|turn|6\n|\n|t:|1700555983\n|move|p1a: raxter|Fire Fang|p2a: Ferrothorn\n|-supereffective|p2a: Ferrothorn\n|-crit|p2a: Ferrothorn\n|-damage|p2a: Ferrothorn|0 fnt\n|-damage|p1a: raxter|63\/100|[from] ability: Iron Barbs|[of] p2a: Ferrothorn\n|-damage|p1a: raxter|47\/100|[from] item: Rocky Helmet|[of] p2a: Ferrothorn\n|faint|p2a: Ferrothorn\n|-ability|p1a: raxter|Moxie|boost\n|-boost|p1a: raxter|atk|1\n|-damage|p1a: raxter|37\/100|[from] item: Life Orb\n|\n|upkeep\n|\n|t:|1700555991\n|switch|p2a: Ninjask|Ninjask, F|100\/100\n|-damage|p2a: Ninjask|50\/100|[from] Stealth Rock\n|turn|7\n|\n|t:|1700555994\n|move|p2a: Ninjask|Protect|p2a: Ninjask\n|-singleturn|p2a: Ninjask|Protect\n|move|p1a: raxter|Fire Fang|p2a: Ninjask\n|-activate|p2a: Ninjask|move: Protect\n|\n|-damage|p1a: raxter|24\/100|[from] Leech Seed|[of] p2a: Ninjask\n|-heal|p2a: Ninjask|63\/100|[silent]\n|-ability|p2a: Ninjask|Speed Boost|boost\n|-boost|p2a: Ninjask|spe|1\n|upkeep\n|turn|8\n|\n|t:|1700555998\n|move|p2a: Ninjask|Leech Life|p1a: raxter\n|-supereffective|p1a: raxter\n|-damage|p1a: raxter|0 fnt\n|-heal|p2a: Ninjask|75\/100|[from] drain|[of] p1a: raxter\n|faint|p1a: raxter\n|\n|-ability|p2a: Ninjask|Speed Boost|boost\n|-boost|p2a: Ninjask|spe|1\n|upkeep\n|\n|t:|1700556002\n|switch|p1a: slash|Sceptile, F|100\/100\n|-activate|p1a: slash|move: Sticky Web\n|-unboost|p1a: slash|spe|1\n|turn|9\n|\n|t:|1700556006\n|move|p1a: slash|Endure|p1a: slash\n|-singleturn|p1a: slash|move: Endure\n|move|p2a: Ninjask|Leech Life|p1a: slash\n|-supereffective|p1a: slash\n|-activate|p1a: slash|move: Endure\n|-damage|p1a: slash|1\/100\n|-heal|p2a: Ninjask|100\/100|[from] drain|[of] p1a: slash\n|-enditem|p1a: slash|Weakness Policy\n|-boost|p1a: slash|atk|2|[from] item: Weakness Policy\n|-boost|p1a: slash|spa|2|[from] item: Weakness Policy\n|\n|-ability|p2a: Ninjask|Speed Boost|boost\n|-boost|p2a: Ninjask|spe|1\n|upkeep\n|turn|10\n|\n|t:|1700556012\n|move|p2a: Ninjask|Acrobatics|p1a: slash\n|-supereffective|p1a: slash\n|-damage|p1a: slash|0 fnt\n|faint|p1a: slash\n|\n|-ability|p2a: Ninjask|Speed Boost|boost\n|-boost|p2a: Ninjask|spe|1\n|upkeep\n|\n|t:|1700556017\n|switch|p1a: the rockler|Kleavor, F, shiny|75\/100 par\n|-activate|p1a: the rockler|move: Sticky Web\n|-unboost|p1a: the rockler|spe|1\n|turn|11\n|\n|t:|1700556021\n|move|p2a: Ninjask|Swords Dance|p2a: Ninjask\n|-boost|p2a: Ninjask|atk|2\n|move|p1a: the rockler|Stone Axe|p2a: Ninjask\n|-supereffective|p2a: Ninjask\n|-enditem|p2a: Ninjask|Focus Sash\n|-damage|p2a: Ninjask|1\/100\n|\n|-ability|p2a: Ninjask|Speed Boost|boost\n|-boost|p2a: Ninjask|spe|1\n|upkeep\n|turn|12\n|\n|t:|1700556026\n|move|p2a: Ninjask|Protect|p2a: Ninjask\n|-singleturn|p2a: Ninjask|Protect\n|cant|p1a: the rockler|par\n|\n|-ability|p2a: Ninjask|Speed Boost|boost\n|-boost|p2a: Ninjask|spe|1\n|upkeep\n|turn|13\n|c|\u2606Viruskilleryt2|WHOA CHILL\n|c|\u2606Viruskilleryt2|THE BUG BUFF AS HELL\n|\n|t:|1700556040\n|move|p2a: Ninjask|Acrobatics|p1a: the rockler\n|-damage|p1a: the rockler|0 fnt\n|-damage|p2a: Ninjask|0 fnt|[from] item: Rocky Helmet|[of] p1a: the rockler\n|faint|p1a: the rockler\n|faint|p2a: Ninjask\n|\n|upkeep\n|\n|t:|1700556044\n|switch|p2a: Garchomp|Garchomp, F|100\/100\n|switch|p1a: static|Pikachu, F|100\/100\n|-damage|p2a: Garchomp|94\/100|[from] Stealth Rock\n|-activate|p1a: static|move: Sticky Web\n|-unboost|p1a: static|spe|1\n|turn|14\n|\n|t:|1700556050\n|move|p2a: Garchomp|Earthquake|p1a: static\n|-supereffective|p1a: static\n|-damage|p1a: static|0 fnt\n|faint|p1a: static\n|\n|upkeep\n|c|\u2606Emre_Rekt|xdd\n|\n|t:|1700556054\n|switch|p1a: storm|Greninja, F|100\/100\n|-activate|p1a: storm|move: Sticky Web\n|-unboost|p1a: storm|spe|1\n|turn|15\n|\n|t:|1700556058\n|-terastallize|p2a: Garchomp|Steel\n|move|p2a: Garchomp|Hone Claws|p2a: Garchomp\n|-boost|p2a: Garchomp|atk|1\n|-boost|p2a: Garchomp|accuracy|1\n|move|p1a: storm|Ice Beam|p2a: Garchomp\n|-start|p1a: storm|typechange|Ice|[from] ability: Protean\n|-resisted|p2a: Garchomp\n|-damage|p2a: Garchomp|78\/100\n|\n|upkeep\n|turn|16\n|c|\u2606Viruskilleryt2|DANG IT\n|c|\u2606Viruskilleryt2|yeah ok gg I\u2019m screwed\n|inactive|Battle timer is ON: inactive players will automatically lose when time's up. (requested by Emre_Rekt)\n|c|\u2606Emre_Rekt|gg\n|\n|t:|1700556074\n|switch|p1a: Charcoal|Charizard, F|100\/100\n|move|p2a: Garchomp|Earthquake|p1a: Charcoal\n|-immune|p1a: Charcoal\n|\n|upkeep\n|turn|17\n|\n|t:|1700556080\n|detailschange|p1a: Charcoal|Charizard-Mega-Y, F\n|-mega|p1a: Charcoal|Charizard|Charizardite Y\n|-weather|SunnyDay|[from] ability: Drought|[of] p1a: Charcoal\n|move|p2a: Garchomp|Dragon Rush|p1a: Charcoal\n|-damage|p1a: Charcoal|9\/100\n|move|p1a: Charcoal|Flamethrower|p2a: Garchomp\n|-supereffective|p2a: Garchomp\n|-damage|p2a: Garchomp|0 fnt\n|faint|p2a: Garchomp\n|\n|-weather|SunnyDay|[upkeep]\n|upkeep\n|\n|t:|1700556087\n|switch|p2a: Suicune|Suicune|100\/100\n|-damage|p2a: Suicune|88\/100|[from] Stealth Rock\n|-ability|p2a: Suicune|Pressure\n|turn|18\n|\n|t:|1700556090\n|move|p1a: Charcoal|Solar Beam||[still]\n|-prepare|p1a: Charcoal|Solar Beam\n|-anim|p1a: Charcoal|Solar Beam|p2a: Suicune\n|-supereffective|p2a: Suicune\n|-damage|p2a: Suicune|30\/100\n|move|p2a: Suicune|Calm Mind|p2a: Suicune\n|-boost|p2a: Suicune|spa|1\n|-boost|p2a: Suicune|spd|1\n|\n|-weather|SunnyDay|[upkeep]\n|-heal|p2a: Suicune|36\/100|[from] item: Leftovers\n|upkeep\n|turn|19\n|\n|t:|1700556095\n|move|p1a: Charcoal|Solar Beam||[still]\n|-prepare|p1a: Charcoal|Solar Beam\n|-anim|p1a: Charcoal|Solar Beam|p2a: Suicune\n|-supereffective|p2a: Suicune\n|-damage|p2a: Suicune|0 fnt\n|faint|p2a: Suicune\n|\n|win|Viruskilleryt2\n|raw|Viruskilleryt2's rating: 1113 &rarr; <strong>1141<\/strong><br \/>(+28 for winning)\n|raw|Emre_Rekt's rating: 1149 &rarr; <strong>1121<\/strong><br \/>(-28 for losing)\n|c|\u2606Emre_Rekt|XD\n|l|\u2606Emre_Rekt\n","uploadtime":1700556105,"views":4,"p1id":"viruskilleryt2","p2id":"emrerekt","formatid":"gen9nationaldex","rating":1121,"private":0,"password":""}