{"id":"gen9nationaldex-1995367435","p1":"nozarashi07","p2":"JinnFlame","format":"[Gen 9] National Dex","log":"|html|<div class=\"broadcast-blue\"><strong>[Gen 9] National Dex is currently suspecting Sneasler! For information on how to participate check out the <a href=\"https:\/\/www.smogon.com\/forums\/threads\/sv-national-dex-suspect-8-just-dance.3731534\/\">suspect thread<\/a>.<\/strong><\/div>\n|j|\u2606nozarashi07\n|j|\u2606JinnFlame\n|t:|1700560857\n|gametype|singles\n|player|p1|nozarashi07|170|1398\n|player|p2|JinnFlame|101|1324\n|teamsize|p1|6\n|teamsize|p2|6\n|gen|9\n|tier|[Gen 9] National Dex\n|rated|\n|rule|HP Percentage Mod: HP is shown in percentages\n|rule|Endless Battle Clause: Forcing endless battles is banned\n|rule|OHKO Clause: OHKO moves are banned\n|rule|Evasion Clause: Evasion abilities, items, and moves are banned\n|rule|Evasion Abilities Clause: Evasion abilities are banned\n|rule|Evasion Items Clause: Evasion items are banned\n|rule|Evasion Moves Clause: Evasion moves are banned\n|rule|Species Clause: Limit one of each Pok\u00e9mon\n|rule|Sleep Clause Mod: Limit one foe put to sleep\n|clearpoke\n|poke|p1|Porygon2|\n|poke|p1|Hatterene, F|\n|poke|p1|Crawdaunt, M|\n|poke|p1|Marowak-Alola, F|\n|poke|p1|Mawile, M|\n|poke|p1|Bronzong|\n|poke|p2|Diancie|\n|poke|p2|Tapu Lele|\n|poke|p2|Ting-Lu|\n|poke|p2|Sneasler, F|\n|poke|p2|Moltres|\n|poke|p2|Rotom-Wash|\n|teampreview\n|\n|t:|1700560863\n|start\n|switch|p1a: Bronzong|Bronzong|100\/100\n|switch|p2a: Rotom|Rotom-Wash|100\/100\n|turn|1\n|\n|t:|1700560866\n|move|p2a: Rotom|Trick|p1a: Bronzong\n|-activate|p2a: Rotom|move: Trick|[of] p1a: Bronzong\n|-item|p1a: Bronzong|Choice Scarf|[from] move: Trick\n|-item|p2a: Rotom|Leftovers|[from] move: Trick\n|move|p1a: Bronzong|Trick Room|p1a: Bronzong\n|-fieldstart|move: Trick Room|[of] p1a: Bronzong\n|\n|upkeep\n|turn|2\n|\n|t:|1700560873\n|switch|p1a: Mawile|Mawile, M|100\/100\n|move|p2a: Rotom|Volt Switch|p1a: Mawile\n|-damage|p1a: Mawile|46\/100\n|\n|t:|1700560880\n|switch|p2a: Ting-Lu|Ting-Lu|100\/100|[from] Volt Switch\n|-ability|p2a: Ting-Lu|Vessel of Ruin\n|\n|upkeep\n|turn|3\n|\n|t:|1700560890\n|detailschange|p1a: Mawile|Mawile-Mega, M\n|-mega|p1a: Mawile|Mawile|Mawilite\n|-terastallize|p2a: Ting-Lu|Poison\n|move|p2a: Ting-Lu|Earthquake|p1a: Mawile\n|-supereffective|p1a: Mawile\n|-damage|p1a: Mawile|0 fnt\n|faint|p1a: Mawile\n|\n|upkeep\n|\n|t:|1700560899\n|switch|p1a: Marowak|Marowak-Alola, F|100\/100\n|turn|4\n|\n|t:|1700560904\n|move|p1a: Marowak|Earthquake|p2a: Ting-Lu\n|-supereffective|p2a: Ting-Lu\n|-damage|p2a: Ting-Lu|45\/100\n|move|p2a: Ting-Lu|Earthquake|p1a: Marowak\n|-supereffective|p1a: Marowak\n|-damage|p1a: Marowak|22\/100\n|\n|-heal|p2a: Ting-Lu|51\/100|[from] item: Leftovers\n|upkeep\n|turn|5\n|\n|t:|1700560907\n|move|p2a: Ting-Lu|Protect|p2a: Ting-Lu\n|-singleturn|p2a: Ting-Lu|Protect\n|move|p1a: Marowak|Earthquake|p2a: Ting-Lu\n|-activate|p2a: Ting-Lu|move: Protect\n|\n|-heal|p2a: Ting-Lu|57\/100|[from] item: Leftovers\n|-fieldend|move: Trick Room\n|upkeep\n|turn|6\n|\n|t:|1700560909\n|move|p2a: Ting-Lu|Earthquake|p1a: Marowak\n|-supereffective|p1a: Marowak\n|-damage|p1a: Marowak|0 fnt\n|faint|p1a: Marowak\n|\n|-heal|p2a: Ting-Lu|63\/100|[from] item: Leftovers\n|upkeep\n|\n|t:|1700560912\n|switch|p1a: Crawdaunt|Crawdaunt, M|100\/100\n|turn|7\n|\n|t:|1700560920\n|switch|p1a: Porygon2|Porygon2|100\/100\n|-ability|p1a: Porygon2|Vessel of Ruin\n|-ability|p1a: Porygon2|Vessel of Ruin|[from] ability: Trace|[of] p2a: Ting-Lu\n|switch|p2a: Diancie|Diancie|100\/100\n|\n|upkeep\n|turn|8\n|\n|t:|1700560932\n|move|p2a: Diancie|Stealth Rock|p1a: Porygon2\n|-sidestart|p1: nozarashi07|move: Stealth Rock\n|move|p1a: Porygon2|Trick Room|p1a: Porygon2\n|-fieldstart|move: Trick Room|[of] p1a: Porygon2\n|\n|upkeep\n|turn|9\n|\n|t:|1700560938\n|switch|p2a: Rotom|Rotom-Wash|100\/100\n|move|p1a: Porygon2|Teleport|p1a: Porygon2\n|\n|t:|1700560941\n|switch|p1a: Crawdaunt|Crawdaunt, M|100\/100|[from] Teleport\n|-damage|p1a: Crawdaunt|88\/100|[from] Stealth Rock\n|\n|upkeep\n|turn|10\n|\n|t:|1700560946\n|move|p1a: Crawdaunt|Knock Off|p2a: Rotom\n|-damage|p2a: Rotom|5\/100\n|-enditem|p2a: Rotom|Leftovers|[from] move: Knock Off|[of] p1a: Crawdaunt\n|-damage|p1a: Crawdaunt|78\/100|[from] item: Life Orb\n|move|p2a: Rotom|Trick|p1a: Crawdaunt\n|-activate|p2a: Rotom|move: Trick|[of] p1a: Crawdaunt\n|-enditem|p1a: Crawdaunt|Life Orb|[silent]|[from] move: Trick\n|-item|p2a: Rotom|Life Orb|[from] move: Trick\n|\n|upkeep\n|turn|11\n|\n|t:|1700560959\n|switch|p2a: Sneasler|Sneasler, F|100\/100\n|move|p1a: Crawdaunt|Knock Off|p2a: Sneasler\n|-resisted|p2a: Sneasler\n|-crit|p2a: Sneasler\n|-damage|p2a: Sneasler|11\/100\n|-enditem|p2a: Sneasler|Psychic Seed|[from] move: Knock Off|[of] p1a: Crawdaunt\n|\n|upkeep\n|turn|12\n|\n|t:|1700560968\n|move|p1a: Crawdaunt|Knock Off|p2a: Sneasler\n|-resisted|p2a: Sneasler\n|-damage|p2a: Sneasler|0 fnt\n|faint|p2a: Sneasler\n|\n|-fieldend|move: Trick Room\n|upkeep\n|\n|t:|1700560977\n|switch|p2a: Tapu Lele|Tapu Lele|100\/100\n|-fieldstart|move: Psychic Terrain|[from] ability: Psychic Surge|[of] p2a: Tapu Lele\n|turn|13\n|\n|t:|1700560981\n|switch|p1a: Bronzong|Bronzong|100\/100\n|-damage|p1a: Bronzong|94\/100|[from] Stealth Rock\n|move|p2a: Tapu Lele|Future Sight|p1a: Bronzong\n|-start|p2a: Tapu Lele|move: Future Sight\n|\n|upkeep\n|turn|14\n|\n|t:|1700560987\n|switch|p2a: Rotom|Rotom-Wash|5\/100\n|move|p1a: Bronzong|Stealth Rock|p2a: Rotom\n|-sidestart|p2: JinnFlame|move: Stealth Rock\n|\n|upkeep\n|turn|15\n|\n|t:|1700560993\n|switch|p1a: Hatterene|Hatterene, F|100\/100\n|-damage|p1a: Hatterene|88\/100|[from] Stealth Rock\n|move|p2a: Rotom|Pain Split|p1a: Hatterene\n|-sethp|p1a: Hatterene|47\/100|[from] move: Pain Split|[silent]\n|-sethp|p2a: Rotom|49\/100|[from] move: Pain Split\n|\n|-end|p1a: Hatterene|move: Future Sight\n|-resisted|p1a: Hatterene\n|-damage|p1a: Hatterene|7\/100\n|upkeep\n|turn|16\n|\n|t:|1700560997\n|move|p2a: Rotom|Volt Switch|p1a: Hatterene\n|-damage|p1a: Hatterene|0 fnt\n|faint|p1a: Hatterene\n|-damage|p2a: Rotom|39\/100|[from] item: Life Orb\n|\n|t:|1700561005\n|switch|p2a: Tapu Lele|Tapu Lele|100\/100|[from] Volt Switch\n|-damage|p2a: Tapu Lele|88\/100|[from] Stealth Rock\n|\n|upkeep\n|\n|t:|1700561008\n|switch|p1a: Porygon2|Porygon2|100\/100\n|-damage|p1a: Porygon2|88\/100|[from] Stealth Rock\n|-ability|p1a: Porygon2|Psychic Surge|[from] ability: Trace|[of] p2a: Tapu Lele\n|turn|17\n|\n|t:|1700561015\n|move|p2a: Tapu Lele|Future Sight|p1a: Porygon2\n|-start|p2a: Tapu Lele|move: Future Sight\n|move|p1a: Porygon2|Trick Room|p1a: Porygon2\n|-fieldstart|move: Trick Room|[of] p1a: Porygon2\n|\n|-fieldend|move: Psychic Terrain\n|upkeep\n|turn|18\n|\n|t:|1700561021\n|switch|p2a: Moltres|Moltres|100\/100\n|move|p1a: Porygon2|Teleport|p1a: Porygon2\n|\n|t:|1700561024\n|switch|p1a: Crawdaunt|Crawdaunt, M|78\/100|[from] Teleport\n|-damage|p1a: Crawdaunt|66\/100|[from] Stealth Rock\n|\n|upkeep\n|turn|19\n|\n|t:|1700561026\n|move|p1a: Crawdaunt|Crabhammer|p2a: Moltres\n|-supereffective|p2a: Moltres\n|-crit|p2a: Moltres\n|-damage|p2a: Moltres|0 fnt\n|-status|p1a: Crawdaunt|brn|[from] ability: Flame Body|[of] p2a: Moltres\n|faint|p2a: Moltres\n|\n|-end|p1a: Crawdaunt|move: Future Sight\n|-immune|p1a: Crawdaunt\n|-damage|p1a: Crawdaunt|60\/100 brn|[from] brn\n|upkeep\n|\n|t:|1700561031\n|switch|p2a: Ting-Lu|Ting-Lu, tera:Poison|63\/100\n|-damage|p2a: Ting-Lu|51\/100|[from] Stealth Rock\n|-ability|p2a: Ting-Lu|Vessel of Ruin\n|turn|20\n|\n|t:|1700561039\n|-terastallize|p1a: Crawdaunt|Water\n|move|p2a: Ting-Lu|Earthquake|p1a: Crawdaunt\n|-damage|p1a: Crawdaunt|5\/100 brn\n|move|p1a: Crawdaunt|Crabhammer|p2a: Ting-Lu|[miss]\n|-miss|p1a: Crawdaunt|p2a: Ting-Lu\n|\n|-heal|p2a: Ting-Lu|57\/100|[from] item: Leftovers\n|-damage|p1a: Crawdaunt|0 fnt|[from] brn\n|faint|p1a: Crawdaunt\n|upkeep\n|-message|nozarashi07 forfeited.\n|\n|win|JinnFlame\n|raw|nozarashi07's rating: 1398 &rarr; <strong>1374<\/strong><br \/>(-24 for losing)\n|raw|JinnFlame's rating: 1324 &rarr; <strong>1348<\/strong><br \/>(+24 for winning)\n|l|\u2606nozarashi07\n","uploadtime":1700561048,"views":9,"p1id":"nozarashi07","p2id":"jinnflame","formatid":"gen9nationaldex","rating":1348,"private":0,"password":""}