{"id":"gen9nationaldex-1994022143","p1":"Blubbex","p2":"shfeha","format":"[Gen 9] National Dex","log":"|j|\u2606Blubbex\n|j|\u2606shfeha\n|t:|1700395176\n|gametype|singles\n|player|p1|Blubbex|chili|1307\n|player|p2|shfeha|cyclist|1258\n|teamsize|p1|6\n|teamsize|p2|6\n|gen|9\n|tier|[Gen 9] National Dex\n|rated|\n|rule|HP Percentage Mod: HP is shown in percentages\n|rule|Endless Battle Clause: Forcing endless battles is banned\n|rule|OHKO Clause: OHKO moves are banned\n|rule|Evasion Clause: Evasion abilities, items, and moves are banned\n|rule|Evasion Abilities Clause: Evasion abilities are banned\n|rule|Evasion Items Clause: Evasion items are banned\n|rule|Evasion Moves Clause: Evasion moves are banned\n|rule|Species Clause: Limit one of each Pok\u00e9mon\n|rule|Sleep Clause Mod: Limit one foe put to sleep\n|clearpoke\n|poke|p1|Charizard, F|\n|poke|p1|Delphox, M|\n|poke|p1|Cursola, F|\n|poke|p1|Crobat, M|\n|poke|p1|Scizor, M|\n|poke|p1|Swampert, M|\n|poke|p2|Greninja-*, M|\n|poke|p2|Scizor, F|\n|poke|p2|Skeledirge, F|\n|poke|p2|Ting-Lu|\n|poke|p2|Corviknight, M|\n|poke|p2|Clodsire, F|\n|teampreview\n|inactive|Battle timer is ON: inactive players will automatically lose when time's up. (requested by shfeha)\n|\n|t:|1700395188\n|start\n|switch|p1a: Crobat|Crobat, M|100\/100\n|switch|p2a: Clodsire|Clodsire, F, shiny|100\/100\n|turn|1\n|\n|t:|1700395196\n|switch|p2a: Greninja|Greninja, M|100\/100\n|move|p1a: Crobat|Dual Wingbeat|p2a: Greninja\n|-damage|p2a: Greninja|75\/100\n|-damage|p2a: Greninja|48\/100\n|-hitcount|p2a: Greninja|2\n|\n|upkeep\n|turn|2\n|\n|t:|1700395210\n|switch|p2a: Corviknight|Corviknight, M, shiny|100\/100\n|move|p1a: Crobat|U-turn|p2a: Corviknight\n|-resisted|p2a: Corviknight\n|-damage|p2a: Corviknight|96\/100\n|-damage|p1a: Crobat|84\/100|[from] item: Rocky Helmet|[of] p2a: Corviknight\n|\n|t:|1700395221\n|switch|p1a: Charizard|Charizard, F|100\/100|[from] U-turn\n|\n|upkeep\n|turn|3\n|\n|t:|1700395236\n|switch|p2a: Greninja|Greninja, M|48\/100\n|move|p1a: Charizard|Substitute|p1a: Charizard\n|-start|p1a: Charizard|Substitute\n|-damage|p1a: Charizard|75\/100\n|\n|upkeep\n|turn|4\n|\n|t:|1700395243\n|move|p2a: Greninja|Hydro Pump|p1a: Charizard\n|-supereffective|p1a: Charizard\n|-end|p1a: Charizard|Substitute\n|-damage|p2a: Greninja|38\/100|[from] item: Life Orb\n|move|p1a: Charizard|Belly Drum|p1a: Charizard\n|-damage|p1a: Charizard|25\/100\n|-setboost|p1a: Charizard|atk|6|[from] move: Belly Drum\n|-enditem|p1a: Charizard|Salac Berry|[eat]\n|-boost|p1a: Charizard|spe|1|[from] item: Salac Berry\n|\n|upkeep\n|turn|5\n|\n|t:|1700395254\n|move|p2a: Greninja|Water Shuriken|p1a: Charizard\n|-supereffective|p1a: Charizard\n|-damage|p1a: Charizard|1\/100\n|-supereffective|p1a: Charizard\n|-damage|p1a: Charizard|0 fnt\n|faint|p1a: Charizard\n|-ability|p2a: Greninja|Battle Bond|boost\n|-boost|p2a: Greninja|atk|1\n|-boost|p2a: Greninja|spa|1\n|-boost|p2a: Greninja|spe|1\n|-activate|p2a: Greninja|ability: Battle Bond\n|-hitcount|p1: Charizard|2\n|-damage|p2a: Greninja|28\/100|[from] item: Life Orb\n|\n|upkeep\n|\n|t:|1700395271\n|switch|p1a: Scizor|Scizor, M|100\/100\n|turn|6\n|\n|t:|1700395275\n|detailschange|p1a: Scizor|Scizor-Mega, M\n|-mega|p1a: Scizor|Scizor|Scizorite\n|move|p1a: Scizor|Bullet Punch|p2a: Greninja\n|-resisted|p2a: Greninja\n|-damage|p2a: Greninja|0 fnt\n|faint|p2a: Greninja\n|\n|upkeep\n|\n|t:|1700395280\n|switch|p2a: Skeledirge|Skeledirge, F, shiny|100\/100\n|turn|7\n|c|\u2606Blubbex|!data skelderidge\nNo Pok\u00e9mon, item, move, ability or nature named 'skelderidge' was found. Showing the data of 'Skeledirge' instead.\n|raw|<div class=\"message\"><ul class=\"utilichart\"><li class=\"result\"><span class=\"col numcol\">UU<\/span> <span class=\"col iconcol\"><psicon pokemon=\"skeledirge\"\/><\/span> <span class=\"col pokemonnamecol\" style=\"white-space:nowrap\"><a href=\"https:\/\/dex.pokemonshowdown.com\/pokemon\/skeledirge\" target=\"_blank\">Skeledirge<\/a><\/span> <span class=\"col typecol\"><img src=\"https:\/\/play.pokemonshowdown.com\/sprites\/types\/Fire.png\" alt=\"Fire\" height=\"14\" width=\"32\"><img src=\"https:\/\/play.pokemonshowdown.com\/sprites\/types\/Ghost.png\" alt=\"Ghost\" height=\"14\" width=\"32\"><\/span> <span style=\"float:left;min-height:26px\"><span class=\"col abilitycol\">Blaze<\/span><span class=\"col abilitycol\"><em>Unaware<\/em><\/span><\/span><span style=\"float:left;min-height:26px\"><span class=\"col statcol\"><em>HP<\/em><br \/>104<\/span> <span class=\"col statcol\"><em>Atk<\/em><br \/>75<\/span> <span class=\"col statcol\"><em>Def<\/em><br \/>100<\/span> <span class=\"col statcol\"><em>SpA<\/em><br \/>110<\/span> <span class=\"col statcol\"><em>SpD<\/em><br \/>75<\/span> <span class=\"col statcol\"><em>Spe<\/em><br \/>66<\/span> <span class=\"col bstcol\"><em>BST<br \/>530<\/em><\/span> <\/span><\/li><li style=\"clear:both\"><\/li><\/ul><\/div>\n\n|\n|t:|1700395297\n|switch|p1a: Cursola|Cursola, F|100\/100\n|move|p2a: Skeledirge|Torch Song|p1a: Cursola\n|-damage|p1a: Cursola|82\/100\n|-boost|p2a: Skeledirge|spa|1\n|\n|upkeep\n|turn|8\n|\n|t:|1700395309\n|move|p2a: Skeledirge|Shadow Ball|p1a: Cursola\n|-supereffective|p1a: Cursola\n|-damage|p1a: Cursola|33\/100\n|move|p1a: Cursola|Shadow Ball|p2a: Skeledirge\n|-supereffective|p2a: Skeledirge\n|-damage|p2a: Skeledirge|0 fnt\n|faint|p2a: Skeledirge\n|\n|upkeep\n|\n|t:|1700395318\n|switch|p2a: Scizor|Scizor, F|100\/100\n|turn|9\n|\n|t:|1700395324\n|switch|p1a: Swampert|Swampert, M|100\/100\n|detailschange|p2a: Scizor|Scizor-Mega, F\n|-mega|p2a: Scizor|Scizor|Scizorite\n|move|p2a: Scizor|Bullet Punch|p1a: Swampert\n|-resisted|p1a: Swampert\n|-damage|p1a: Swampert|82\/100\n|\n|upkeep\n|turn|10\n|\n|t:|1700395334\n|move|p2a: Scizor|Swords Dance|p2a: Scizor\n|-boost|p2a: Scizor|atk|2\n|move|p1a: Swampert|Counter||[still]\n|-fail|p1a: Swampert\n|\n|upkeep\n|turn|11\n|\n|t:|1700395344\n|move|p2a: Scizor|Bullet Punch|p1a: Swampert\n|-resisted|p1a: Swampert\n|-damage|p1a: Swampert|45\/100\n|move|p1a: Swampert|Yawn|p2a: Scizor\n|-start|p2a: Scizor|move: Yawn|[of] p1a: Swampert\n|\n|upkeep\n|turn|12\n|\n|t:|1700395357\n|-singleturn|p1a: Swampert|move: Focus Punch\n|move|p2a: Scizor|U-turn|p1a: Swampert\n|-damage|p1a: Swampert|0 fnt\n|faint|p1a: Swampert\n|\n|t:|1700395362\n|switch|p2a: Clodsire|Clodsire, F, shiny|100\/100|[from] U-turn\n|\n|upkeep\n|\n|t:|1700395374\n|switch|p1a: Scizor|Scizor-Mega, M|100\/100\n|turn|13\n|\n|t:|1700395392\n|switch|p2a: Scizor|Scizor-Mega, F|100\/100\n|move|p1a: Scizor|Swords Dance|p1a: Scizor\n|-boost|p1a: Scizor|atk|2\n|\n|upkeep\n|turn|14\n|\n|t:|1700395400\n|move|p1a: Scizor|Knock Off|p2a: Scizor\n|-damage|p2a: Scizor|59\/100\n|move|p2a: Scizor|Swords Dance|p2a: Scizor\n|-boost|p2a: Scizor|atk|2\n|\n|upkeep\n|turn|15\n|\n|t:|1700395415\n|move|p2a: Scizor|Superpower|p1a: Scizor\n|-damage|p1a: Scizor|21\/100\n|-unboost|p2a: Scizor|atk|1\n|-unboost|p2a: Scizor|def|1\n|move|p1a: Scizor|Knock Off|p2a: Scizor\n|-damage|p2a: Scizor|2\/100\n|\n|upkeep\n|turn|16\n|\n|t:|1700395423\n|move|p1a: Scizor|Bullet Punch|p2a: Scizor\n|-resisted|p2a: Scizor\n|-damage|p2a: Scizor|0 fnt\n|faint|p2a: Scizor\n|\n|upkeep\n|\n|t:|1700395426\n|switch|p2a: Corviknight|Corviknight, M, shiny|96\/100\n|turn|17\n|\n|t:|1700395434\n|move|p1a: Scizor|Knock Off|p2a: Corviknight\n|-damage|p2a: Corviknight|32\/100\n|-damage|p1a: Scizor|5\/100|[from] item: Rocky Helmet|[of] p2a: Corviknight\n|-enditem|p2a: Corviknight|Rocky Helmet|[from] move: Knock Off|[of] p1a: Scizor\n|move|p2a: Corviknight|Iron Defense|p2a: Corviknight\n|-boost|p2a: Corviknight|def|2\n|\n|upkeep\n|turn|18\n|\n|t:|1700395442\n|move|p1a: Scizor|Knock Off|p2a: Corviknight\n|-damage|p2a: Corviknight|11\/100\n|move|p2a: Corviknight|Roost|p2a: Corviknight\n|-heal|p2a: Corviknight|61\/100\n|-singleturn|p2a: Corviknight|move: Roost\n|\n|upkeep\n|turn|19\n|\n|t:|1700395450\n|move|p1a: Scizor|Close Combat|p2a: Corviknight\n|-damage|p2a: Corviknight|22\/100\n|-unboost|p1a: Scizor|def|1\n|-unboost|p1a: Scizor|spd|1\n|move|p2a: Corviknight|Roost|p2a: Corviknight\n|-heal|p2a: Corviknight|72\/100\n|-singleturn|p2a: Corviknight|move: Roost\n|\n|upkeep\n|turn|20\n|\n|t:|1700395459\n|move|p1a: Scizor|Swords Dance|p1a: Scizor\n|-boost|p1a: Scizor|atk|2\n|move|p2a: Corviknight|Roost|p2a: Corviknight\n|-heal|p2a: Corviknight|100\/100\n|-singleturn|p2a: Corviknight|move: Roost\n|\n|upkeep\n|turn|21\n|\n|t:|1700395466\n|move|p1a: Scizor|Knock Off|p2a: Corviknight\n|-damage|p2a: Corviknight|66\/100\n|move|p2a: Corviknight|Brave Bird|p1a: Scizor\n|-damage|p1a: Scizor|0 fnt\n|faint|p1a: Scizor\n|-damage|p2a: Corviknight|64\/100|[from] Recoil\n|\n|upkeep\n|\n|t:|1700395477\n|switch|p1a: Cursola|Cursola, F|33\/100\n|turn|22\n|\n|t:|1700395480\n|move|p2a: Corviknight|Brave Bird|p1a: Cursola\n|-damage|p1a: Cursola|0 fnt\n|-ability|p1a: Cursola|Perish Body\n|faint|p1a: Cursola\n|-damage|p2a: Corviknight|57\/100|[from] Recoil\n|\n|-start|p2a: Corviknight|perish3\n|upkeep\n|\n|t:|1700395509\n|switch|p1a: Delphox|Delphox, M|100\/100\n|turn|23\n|\n|t:|1700395513\n|switch|p2a: Ting-Lu|Ting-Lu|100\/100\n|-ability|p2a: Ting-Lu|Vessel of Ruin\n|move|p1a: Delphox|Calm Mind|p1a: Delphox\n|-boost|p1a: Delphox|spa|1\n|-boost|p1a: Delphox|spd|1\n|\n|upkeep\n|turn|24\n|c|\u2606Blubbex|!data ting-lu\n|raw|<div class=\"message\"><ul class=\"utilichart\"><li class=\"result\"><span class=\"col numcol\">OU<\/span> <span class=\"col iconcol\"><psicon pokemon=\"tinglu\"\/><\/span> <span class=\"col pokemonnamecol\" style=\"white-space:nowrap\"><a href=\"https:\/\/dex.pokemonshowdown.com\/pokemon\/tinglu\" target=\"_blank\">Ting-Lu<\/a><\/span> <span class=\"col typecol\"><img src=\"https:\/\/play.pokemonshowdown.com\/sprites\/types\/Dark.png\" alt=\"Dark\" height=\"14\" width=\"32\"><img src=\"https:\/\/play.pokemonshowdown.com\/sprites\/types\/Ground.png\" alt=\"Ground\" height=\"14\" width=\"32\"><\/span> <span style=\"float:left;min-height:26px\"><span class=\"col abilitycol\">Vessel of Ruin<\/span><span class=\"col abilitycol\"><\/span><\/span><span style=\"float:left;min-height:26px\"><span class=\"col statcol\"><em>HP<\/em><br \/>155<\/span> <span class=\"col statcol\"><em>Atk<\/em><br \/>110<\/span> <span class=\"col statcol\"><em>Def<\/em><br \/>125<\/span> <span class=\"col statcol\"><em>SpA<\/em><br \/>55<\/span> <span class=\"col statcol\"><em>SpD<\/em><br \/>80<\/span> <span class=\"col statcol\"><em>Spe<\/em><br \/>45<\/span> <span class=\"col bstcol\"><em>BST<br \/>570<\/em><\/span> <\/span><\/li><li style=\"clear:both\"><\/li><\/ul><\/div>\n\n|\n|t:|1700395536\n|switch|p1a: Crobat|Crobat, M|84\/100\n|move|p2a: Ting-Lu|Whirlwind|p1a: Crobat\n|drag|p1a: Delphox|Delphox, M|100\/100\n|\n|upkeep\n|turn|25\n|\n|t:|1700395544\n|switch|p1a: Crobat|Crobat, M|84\/100\n|move|p2a: Ting-Lu|Earthquake|p1a: Crobat\n|-immune|p1a: Crobat\n|\n|upkeep\n|turn|26\n|\n|t:|1700395557\n|move|p1a: Crobat|Dual Wingbeat|p2a: Ting-Lu\n|-damage|p2a: Ting-Lu|94\/100\n|-damage|p2a: Ting-Lu|86\/100\n|-hitcount|p2a: Ting-Lu|2\n|move|p2a: Ting-Lu|Ruination|p1a: Crobat\n|-damage|p1a: Crobat|42\/100\n|\n|-heal|p2a: Ting-Lu|93\/100|[from] item: Leftovers\n|upkeep\n|turn|27\n|\n|t:|1700395567\n|move|p1a: Crobat|Dual Wingbeat|p2a: Ting-Lu\n|-crit|p2a: Ting-Lu\n|-damage|p2a: Ting-Lu|82\/100\n|-damage|p2a: Ting-Lu|75\/100\n|-hitcount|p2a: Ting-Lu|2\n|move|p2a: Ting-Lu|Ruination|p1a: Crobat\n|-damage|p1a: Crobat|21\/100\n|\n|-heal|p2a: Ting-Lu|81\/100|[from] item: Leftovers\n|upkeep\n|turn|28\n|c|\u2606Blubbex|!data ruination\n|raw|<ul class=\"utilichart\"><li class=\"result\"><span class=\"col movenamecol\"><a href=\"https:\/\/dex.pokemonshowdown.com\/moves\/ruination\">Ruination<\/a><\/span> <span class=\"col typecol\"><img src=\"\/\/play.pokemonshowdown.com\/sprites\/types\/Dark.png\" alt=\"Dark\" width=\"32\" height=\"14\"><img src=\"\/\/play.pokemonshowdown.com\/sprites\/categories\/Special.png\" alt=\"Special\" width=\"32\" height=\"14\"><\/span> <span class=\"col widelabelcol\"><em>Accuracy<\/em><br>90%<\/span> <span class=\"col pplabelcol\"><em>PP<\/em><br>16<\/span> <span class=\"col movedesccol\">Does damage equal to 1\/2 target's current HP.<\/span> <\/li><li style=\"clear:both\"><\/li><\/ul>\n\n|\n|t:|1700395588\n|switch|p2a: Clodsire|Clodsire, F, shiny|100\/100\n|move|p1a: Crobat|U-turn|p2a: Clodsire\n|-resisted|p2a: Clodsire\n|-damage|p2a: Clodsire|91\/100\n|\n|t:|1700395593\n|switch|p1a: Delphox|Delphox, M|100\/100|[from] U-turn\n|\n|-heal|p2a: Clodsire|97\/100|[from] item: Black Sludge\n|upkeep\n|turn|29\n|\n|t:|1700395600\n|-zpower|p1a: Delphox\n|move|p1a: Delphox|Shattered Psyche|p2a: Clodsire|[zeffect]\n|-supereffective|p2a: Clodsire\n|-damage|p2a: Clodsire|22\/100\n|move|p2a: Clodsire|Stealth Rock|p1a: Delphox\n|-sidestart|p1: Blubbex|move: Stealth Rock\n|\n|-heal|p2a: Clodsire|28\/100|[from] item: Black Sludge\n|upkeep\n|turn|30\n|\n|t:|1700395610\n|move|p1a: Delphox|Calm Mind|p1a: Delphox\n|-boost|p1a: Delphox|spa|1\n|-boost|p1a: Delphox|spd|1\n|move|p2a: Clodsire|Toxic|p1a: Delphox\n|-status|p1a: Delphox|tox\n|\n|-heal|p2a: Clodsire|34\/100|[from] item: Black Sludge\n|-damage|p1a: Delphox|94\/100 tox|[from] psn\n|upkeep\n|turn|31\n|\n|t:|1700395618\n|move|p1a: Delphox|Psyshock|p2a: Clodsire\n|-supereffective|p2a: Clodsire\n|-damage|p2a: Clodsire|0 fnt\n|faint|p2a: Clodsire\n|\n|-damage|p1a: Delphox|82\/100 tox|[from] psn\n|upkeep\n|\n|t:|1700395622\n|switch|p2a: Ting-Lu|Ting-Lu|81\/100\n|-ability|p2a: Ting-Lu|Vessel of Ruin\n|turn|32\n|\n|t:|1700395628\n|move|p1a: Delphox|Flamethrower|p2a: Ting-Lu\n|-damage|p2a: Ting-Lu|44\/100\n|move|p2a: Ting-Lu|Earthquake|p1a: Delphox\n|-supereffective|p1a: Delphox\n|-damage|p1a: Delphox|0 fnt\n|faint|p1a: Delphox\n|\n|-heal|p2a: Ting-Lu|50\/100|[from] item: Leftovers\n|upkeep\n|\n|t:|1700395636\n|switch|p1a: Crobat|Crobat, M|21\/100\n|turn|33\n|\n|t:|1700395642\n|move|p1a: Crobat|U-turn|p2a: Ting-Lu\n|-supereffective|p2a: Ting-Lu\n|-damage|p2a: Ting-Lu|36\/100\n|move|p2a: Ting-Lu|Body Press|p1a: Crobat\n|-resisted|p1a: Crobat\n|-damage|p1a: Crobat|11\/100\n|\n|-heal|p2a: Ting-Lu|42\/100|[from] item: Leftovers\n|upkeep\n|turn|34\n|\n|t:|1700395651\n|move|p1a: Crobat|U-turn|p2a: Ting-Lu\n|-supereffective|p2a: Ting-Lu\n|-damage|p2a: Ting-Lu|28\/100\n|move|p2a: Ting-Lu|Body Press|p1a: Crobat\n|-resisted|p1a: Crobat\n|-crit|p1a: Crobat\n|-damage|p1a: Crobat|0 fnt\n|faint|p1a: Crobat\n|\n|win|shfeha\n|raw|Blubbex's rating: 1307 &rarr; <strong>1284<\/strong><br \/>(-23 for losing)\n|raw|shfeha's rating: 1258 &rarr; <strong>1287<\/strong><br \/>(+29 for winning)\n","uploadtime":1700395654,"views":4,"p1id":"blubbex","p2id":"shfeha","formatid":"gen9nationaldex","rating":1284,"private":0,"password":""}