{"id":"gen9nationaldex-1996673382","p1":"nine-0909","p2":"king d1","format":"[Gen 9] National Dex","log":"|html|<div class=\"broadcast-blue\"><strong>[Gen 9] National Dex is currently suspecting Sneasler! For information on how to participate check out the <a href=\"https:\/\/www.smogon.com\/forums\/threads\/sv-national-dex-suspect-8-just-dance.3731534\/\">suspect thread<\/a>.<\/strong><\/div>\n|j|\u2606nine-0909\n|j|\u2606king d1\n|t:|1700708013\n|gametype|singles\n|player|p1|nine-0909|clown|1335\n|player|p2|king d1|red|1424\n|teamsize|p1|6\n|teamsize|p2|6\n|gen|9\n|tier|[Gen 9] National Dex\n|rated|\n|rule|HP Percentage Mod: HP is shown in percentages\n|rule|Endless Battle Clause: Forcing endless battles is banned\n|rule|OHKO Clause: OHKO moves are banned\n|rule|Evasion Clause: Evasion abilities, items, and moves are banned\n|rule|Evasion Abilities Clause: Evasion abilities are banned\n|rule|Evasion Items Clause: Evasion items are banned\n|rule|Evasion Moves Clause: Evasion moves are banned\n|rule|Species Clause: Limit one of each Pok\u00e9mon\n|rule|Sleep Clause Mod: Limit one foe put to sleep\n|clearpoke\n|poke|p1|Abomasnow, F|\n|poke|p1|Marowak-Alola, M|\n|poke|p1|Hatterene, F|\n|poke|p1|Cresselia, F|\n|poke|p1|Porygon2|\n|poke|p1|Ursaluna, M|\n|poke|p2|Ribombee, F|\n|poke|p2|Jirachi|\n|poke|p2|Xurkitree|\n|poke|p2|Great Tusk|\n|poke|p2|Volcarona, M|\n|poke|p2|Pinsir, F|\n|teampreview\n|inactive|Battle timer is ON: inactive players will automatically lose when time's up. (requested by king d1)\n|\n|t:|1700708017\n|start\n|switch|p1a: Porygon2|Porygon2|100\/100\n|switch|p2a: Ribombee|Ribombee, F|100\/100\n|-ability|p1a: Porygon2|Shield Dust|[from] ability: Trace|[of] p2a: Ribombee\n|turn|1\n|\n|t:|1700708025\n|move|p2a: Ribombee|Bug Buzz|p1a: Porygon2\n|-damage|p1a: Porygon2|80\/100\n|move|p1a: Porygon2|Trick Room|p1a: Porygon2\n|-fieldstart|move: Trick Room|[of] p1a: Porygon2\n|\n|upkeep\n|turn|2\n|\n|t:|1700708031\n|move|p2a: Ribombee|Bug Buzz|p1a: Porygon2\n|-damage|p1a: Porygon2|57\/100\n|move|p1a: Porygon2|Teleport|p1a: Porygon2\n|\n|t:|1700708048\n|switch|p1a: Ursaluna|Ursaluna, M|100\/100|[from] Teleport\n|\n|-status|p1a: Ursaluna|brn|[from] item: Flame Orb\n|upkeep\n|turn|3\n|\n|t:|1700708051\n|move|p1a: Ursaluna|Facade|p2a: Ribombee\n|-enditem|p2a: Ribombee|Focus Sash\n|-damage|p2a: Ribombee|1\/100\n|move|p2a: Ribombee|Sticky Web|p1a: Ursaluna\n|-sidestart|p1: nine-0909|move: Sticky Web\n|\n|-damage|p1a: Ursaluna|94\/100 brn|[from] brn\n|upkeep\n|turn|4\n|\n|t:|1700708057\n|move|p1a: Ursaluna|Facade|p2a: Ribombee\n|-damage|p2a: Ribombee|0 fnt\n|faint|p2a: Ribombee\n|\n|-damage|p1a: Ursaluna|88\/100 brn|[from] brn\n|upkeep\n|\n|t:|1700708062\n|switch|p2a: Great Tusk|Great Tusk|100\/100\n|turn|5\n|\n|t:|1700708065\n|move|p1a: Ursaluna|Facade|p2a: Great Tusk\n|-damage|p2a: Great Tusk|8\/100\n|move|p2a: Great Tusk|Knock Off|p1a: Ursaluna\n|-damage|p1a: Ursaluna|63\/100 brn\n|-enditem|p1a: Ursaluna|Flame Orb|[from] move: Knock Off|[of] p2a: Great Tusk\n|\n|-damage|p1a: Ursaluna|57\/100 brn|[from] brn\n|-fieldend|move: Trick Room\n|upkeep\n|turn|6\n|\n|t:|1700708072\n|move|p2a: Great Tusk|Close Combat|p1a: Ursaluna\n|-supereffective|p1a: Ursaluna\n|-damage|p1a: Ursaluna|0 fnt\n|-unboost|p2a: Great Tusk|def|1\n|-unboost|p2a: Great Tusk|spd|1\n|faint|p1a: Ursaluna\n|\n|upkeep\n|\n|t:|1700708080\n|switch|p1a: Porygon2|Porygon2|57\/100\n|-activate|p1a: Porygon2|move: Sticky Web\n|-unboost|p1a: Porygon2|spe|1\n|turn|7\n|\n|t:|1700708083\n|move|p2a: Great Tusk|Close Combat|p1a: Porygon2\n|-supereffective|p1a: Porygon2\n|-damage|p1a: Porygon2|0 fnt\n|-unboost|p2a: Great Tusk|def|1\n|-unboost|p2a: Great Tusk|spd|1\n|faint|p1a: Porygon2\n|\n|upkeep\n|\n|t:|1700708088\n|switch|p1a: Hatterene|Hatterene, F|100\/100\n|-activate|p1a: Hatterene|move: Sticky Web\n|-unboost|p1a: Hatterene|spe|1\n|turn|8\n|\n|t:|1700708094\n|move|p2a: Great Tusk|Knock Off|p1a: Hatterene\n|-damage|p1a: Hatterene|65\/100\n|-enditem|p1a: Hatterene|Focus Sash|[from] move: Knock Off|[of] p2a: Great Tusk\n|move|p1a: Hatterene|Mystical Fire|p2a: Great Tusk\n|-damage|p2a: Great Tusk|0 fnt\n|faint|p2a: Great Tusk\n|-end|p2a: Great Tusk|Protosynthesis|[silent]\n|\n|upkeep\n|\n|t:|1700708104\n|switch|p2a: Jirachi|Jirachi, shiny|100\/100\n|turn|9\n|\n|t:|1700708107\n|move|p2a: Jirachi|Calm Mind|p2a: Jirachi\n|-boost|p2a: Jirachi|spa|1\n|-boost|p2a: Jirachi|spd|1\n|move|p1a: Hatterene|Trick Room|p1a: Hatterene\n|-fieldstart|move: Trick Room|[of] p1a: Hatterene\n|\n|upkeep\n|turn|10\n|\n|t:|1700708112\n|move|p1a: Hatterene|Misty Explosion|p2a: Jirachi\n|-resisted|p2a: Jirachi\n|-damage|p2a: Jirachi|83\/100\n|faint|p1a: Hatterene\n|move|p2a: Jirachi|Flash Cannon|p1: Hatterene|[notarget]\n|-fail|p2a: Jirachi\n|\n|-heal|p2a: Jirachi|89\/100|[from] item: Leftovers\n|upkeep\n|\n|t:|1700708121\n|switch|p1a: Marowak|Marowak-Alola, M|100\/100\n|-activate|p1a: Marowak|move: Sticky Web\n|-unboost|p1a: Marowak|spe|1\n|turn|11\n|\n|t:|1700708125\n|-terastallize|p2a: Jirachi|Water\n|move|p1a: Marowak|Flare Blitz|p2a: Jirachi\n|-resisted|p2a: Jirachi\n|-damage|p2a: Jirachi|47\/100\n|move|p2a: Jirachi|Psychic|p1a: Marowak\n|-damage|p1a: Marowak|17\/100\n|-unboost|p1a: Marowak|spd|1\n|\n|-heal|p2a: Jirachi|53\/100|[from] item: Leftovers\n|upkeep\n|turn|12\n|\n|t:|1700708142\n|move|p1a: Marowak|Poltergeist|p2a: Jirachi|[miss]\n|-miss|p1a: Marowak|p2a: Jirachi\n|move|p2a: Jirachi|Psychic|p1a: Marowak\n|-damage|p1a: Marowak|0 fnt\n|faint|p1a: Marowak\n|\n|-heal|p2a: Jirachi|59\/100|[from] item: Leftovers\n|upkeep\n|\n|t:|1700708147\n|switch|p1a: Abomasnow|Abomasnow, F|100\/100\n|-activate|p1a: Abomasnow|move: Sticky Web\n|-unboost|p1a: Abomasnow|spe|1\n|-weather|Snow|[from] ability: Snow Warning|[of] p1a: Abomasnow\n|turn|13\n|\n|t:|1700708153\n|detailschange|p1a: Abomasnow|Abomasnow-Mega, F\n|-mega|p1a: Abomasnow|Abomasnow|Abomasite\n|move|p1a: Abomasnow|Energy Ball|p2a: Jirachi\n|-supereffective|p2a: Jirachi\n|-damage|p2a: Jirachi|0 fnt\n|faint|p2a: Jirachi\n|\n|-weather|Snow|[upkeep]\n|-fieldend|move: Trick Room\n|upkeep\n|\n|t:|1700708161\n|switch|p2a: Pinsir|Pinsir, F|100\/100\n|turn|14\n|\n|t:|1700708163\n|switch|p1a: Cresselia|Cresselia, F|100\/100\n|detailschange|p2a: Pinsir|Pinsir-Mega, F\n|-mega|p2a: Pinsir|Pinsir|Pinsirite\n|move|p2a: Pinsir|Return|p1a: Cresselia\n|-damage|p1a: Cresselia|62\/100\n|\n|-weather|Snow|[upkeep]\n|upkeep\n|turn|15\n|\n|t:|1700708172\n|move|p2a: Pinsir|Swords Dance|p2a: Pinsir\n|-boost|p2a: Pinsir|atk|2\n|move|p1a: Cresselia|Trick Room|p1a: Cresselia\n|-fieldstart|move: Trick Room|[of] p1a: Cresselia\n|\n|-weather|Snow|[upkeep]\n|upkeep\n|turn|16\n|\n|t:|1700708176\n|move|p1a: Cresselia|Lunar Dance|p1a: Cresselia\n|faint|p1a: Cresselia\n|move|p2a: Pinsir|X-Scissor|p1: Cresselia|[notarget]\n|-fail|p2a: Pinsir\n|\n|-weather|Snow|[upkeep]\n|upkeep\n|\n|t:|1700708181\n|switch|p1a: Abomasnow|Abomasnow-Mega, F|100\/100\n|-heal|p1a: Abomasnow|100\/100|[from] move: Lunar Dance\n|-activate|p1a: Abomasnow|move: Sticky Web\n|-unboost|p1a: Abomasnow|spe|1\n|turn|17\n|\n|t:|1700708188\n|move|p2a: Pinsir|Quick Attack|p1a: Abomasnow\n|-supereffective|p1a: Abomasnow\n|-damage|p1a: Abomasnow|35\/100\n|move|p1a: Abomasnow|Blizzard|p2a: Pinsir\n|-supereffective|p2a: Pinsir\n|-crit|p2a: Pinsir\n|-damage|p2a: Pinsir|0 fnt\n|faint|p2a: Pinsir\n|\n|-weather|none\n|upkeep\n|\n|t:|1700708193\n|switch|p2a: Xurkitree|Xurkitree|100\/100\n|turn|18\n|\n|t:|1700708196\n|move|p1a: Abomasnow|Earth Power|p2a: Xurkitree\n|-supereffective|p2a: Xurkitree\n|-damage|p2a: Xurkitree|7\/100\n|move|p2a: Xurkitree|Signal Beam|p1a: Abomasnow\n|-supereffective|p1a: Abomasnow\n|-crit|p1a: Abomasnow\n|-damage|p1a: Abomasnow|0 fnt\n|faint|p1a: Abomasnow\n|\n|win|king d1\n|raw|nine-0909's rating: 1335 &rarr; <strong>1320<\/strong><br \/>(-15 for losing)\n|raw|king d1's rating: 1424 &rarr; <strong>1439<\/strong><br \/>(+15 for winning)\n","uploadtime":1700708203,"views":3,"p1id":"nine0909","p2id":"kingd1","formatid":"gen9nationaldex","rating":1320,"private":0,"password":""}