{"id":"gen9nationaldex-1987215575","p1":"Ferexcalibur","p2":"Theherod","format":"[Gen 9] National Dex","log":"|j|\u2606Ferexcalibur\n|j|\u2606Theherod\n|t:|1699566070\n|gametype|singles\n|player|p1|Ferexcalibur|169|\n|player|p2|Theherod|1|\n|teamsize|p1|6\n|teamsize|p2|6\n|gen|9\n|tier|[Gen 9] National Dex\n|rule|HP Percentage Mod: HP is shown in percentages\n|rule|Endless Battle Clause: Forcing endless battles is banned\n|rule|OHKO Clause: OHKO moves are banned\n|rule|Evasion Clause: Evasion abilities, items, and moves are banned\n|rule|Evasion Abilities Clause: Evasion abilities are banned\n|rule|Evasion Items Clause: Evasion items are banned\n|rule|Evasion Moves Clause: Evasion moves are banned\n|rule|Species Clause: Limit one of each Pok\u00e9mon\n|rule|Sleep Clause Mod: Limit one foe put to sleep\n|clearpoke\n|poke|p1|Swampert, F|\n|poke|p1|Latias, F|\n|poke|p1|Kartana|\n|poke|p1|Pelipper, M|\n|poke|p1|Avalugg-Hisui, M|\n|poke|p1|Nidoking, M|\n|poke|p2|Venusaur, F|\n|poke|p2|Deoxys-Defense|\n|poke|p2|Celesteela|\n|poke|p2|Salamence, F|\n|poke|p2|Snorlax, M|\n|poke|p2|Starmie|\n|teampreview\n|\n|t:|1699566096\n|start\n|switch|p1a: Pelipper|Pelipper, M|100\/100\n|switch|p2a: Salamence|Salamence, F, shiny|100\/100\n|-ability|p2a: Salamence|Intimidate|boost\n|-unboost|p1a: Pelipper|atk|1\n|-weather|RainDance|[from] ability: Drizzle|[of] p1a: Pelipper\n|turn|1\n|\n|t:|1699566109\n|move|p2a: Salamence|Dragon Dance|p2a: Salamence\n|-boost|p2a: Salamence|atk|1\n|-boost|p2a: Salamence|spe|1\n|move|p1a: Pelipper|U-turn|p2a: Salamence\n|-resisted|p2a: Salamence\n|-damage|p2a: Salamence|97\/100\n|\n|t:|1699566142\n|switch|p1a: Nidoking|Nidoking, M|100\/100|[from] U-turn\n|\n|-weather|RainDance|[upkeep]\n|upkeep\n|turn|2\n|\n|t:|1699566156\n|-terastallize|p2a: Salamence|Ground\n|-terastallize|p1a: Nidoking|Ice\n|move|p2a: Salamence|Earthquake|p1a: Nidoking\n|-crit|p1a: Nidoking\n|-damage|p1a: Nidoking|0 fnt\n|faint|p1a: Nidoking\n|-damage|p2a: Salamence|87\/100|[from] item: Life Orb\n|\n|-weather|RainDance|[upkeep]\n|upkeep\n|\n|t:|1699566170\n|switch|p1a: Swampert|Swampert, F|100\/100\n|turn|3\n|\n|t:|1699566189\n|detailschange|p1a: Swampert|Swampert-Mega, F\n|-mega|p1a: Swampert|Swampert|Swampertite\n|move|p1a: Swampert|Waterfall|p2a: Salamence\n|-supereffective|p2a: Salamence\n|-damage|p2a: Salamence|0 fnt\n|faint|p2a: Salamence\n|\n|-weather|RainDance|[upkeep]\n|upkeep\n|\n|t:|1699566195\n|switch|p2a: Venusaur|Venusaur, F, shiny|100\/100\n|turn|4\n|\n|t:|1699566211\n|detailschange|p2a: Venusaur|Venusaur-Mega, F, shiny\n|-mega|p2a: Venusaur|Venusaur|Venusaurite\n|move|p1a: Swampert|Flip Turn|p2a: Venusaur\n|-resisted|p2a: Venusaur\n|-damage|p2a: Venusaur|80\/100\n|\n|t:|1699566238\n|switch|p1a: Avalugg|Avalugg-Hisui, M|100\/100|[from] Flip Turn\n|move|p2a: Venusaur|Energy Ball|p1a: Avalugg\n|-supereffective|p1a: Avalugg\n|-ability|p1a: Avalugg|Sturdy\n|-damage|p1a: Avalugg|1\/100\n|-unboost|p1a: Avalugg|spd|1\n|\n|-weather|RainDance|[upkeep]\n|upkeep\n|turn|5\n|\n|t:|1699566254\n|switch|p2a: Celesteela|Celesteela, shiny|100\/100\n|move|p1a: Avalugg|Body Press|p2a: Celesteela\n|-damage|p2a: Celesteela|68\/100\n|-damage|p1a: Avalugg|0 fnt|[from] item: Rocky Helmet|[of] p2a: Celesteela\n|faint|p1a: Avalugg\n|\n|-weather|RainDance|[upkeep]\n|upkeep\n|\n|t:|1699566266\n|switch|p1a: Latias|Latias, F|100\/100\n|turn|6\n|\n|t:|1699566280\n|move|p1a: Latias|Mystical Fire|p2a: Celesteela\n|-supereffective|p2a: Celesteela\n|-damage|p2a: Celesteela|49\/100\n|-unboost|p2a: Celesteela|spa|1\n|move|p2a: Celesteela|Toxic|p1a: Latias\n|-status|p1a: Latias|tox\n|\n|-weather|RainDance|[upkeep]\n|-damage|p1a: Latias|95\/100 tox|[from] psn\n|upkeep\n|turn|7\n|l|\u2606Theherod\n|player|p2|\n|\n|t:|1699566307\n|move|p2a: Celesteela|Protect|p2a: Celesteela\n|-singleturn|p2a: Celesteela|Protect\n|move|p1a: Latias|Psychic|p2a: Celesteela\n|-activate|p2a: Celesteela|move: Protect\n|\n|-weather|RainDance|[upkeep]\n|-damage|p1a: Latias|83\/100 tox|[from] psn\n|upkeep\n|turn|8\n|j|\u2606Theherod\n|player|p2|Theherod|1\n|\n|t:|1699566339\n|move|p2a: Celesteela|Protect||[still]\n|-fail|p2a: Celesteela\n|move|p1a: Latias|Psychic|p2a: Celesteela\n|-resisted|p2a: Celesteela\n|-damage|p2a: Celesteela|27\/100\n|\n|-weather|none\n|-damage|p1a: Latias|65\/100 tox|[from] psn\n|upkeep\n|turn|9\n|\n|t:|1699566355\n|move|p1a: Latias|Psychic|p2a: Celesteela\n|-resisted|p2a: Celesteela\n|-damage|p2a: Celesteela|5\/100\n|move|p2a: Celesteela|Body Slam|p1a: Latias\n|-damage|p1a: Latias|35\/100 tox\n|\n|-damage|p1a: Latias|11\/100 tox|[from] psn\n|upkeep\n|turn|10\n|\n|t:|1699566371\n|switch|p1a: Pelipper|Pelipper, M|100\/100\n|-weather|RainDance|[from] ability: Drizzle|[of] p1a: Pelipper\n|move|p2a: Celesteela|Protect||[still]\n|-fail|p2a: Celesteela\n|\n|-weather|RainDance|[upkeep]\n|upkeep\n|turn|11\n|\n|t:|1699566384\n|move|p1a: Pelipper|Hurricane|p2a: Celesteela\n|-resisted|p2a: Celesteela\n|-damage|p2a: Celesteela|0 fnt\n|faint|p2a: Celesteela\n|\n|-weather|RainDance|[upkeep]\n|upkeep\n|\n|t:|1699566403\n|switch|p2a: Deoxys|Deoxys-Defense|100\/100\n|-ability|p2a: Deoxys|Pressure\n|turn|12\n|\n|t:|1699566411\n|move|p1a: Pelipper|Tailwind|p1a: Pelipper\n|-sidestart|p1: Ferexcalibur|move: Tailwind\n|move|p2a: Deoxys|Psychic|p1a: Pelipper\n|-damage|p1a: Pelipper|63\/100\n|\n|-weather|RainDance|[upkeep]\n|upkeep\n|turn|13\n|\n|t:|1699566424\n|move|p1a: Pelipper|U-turn|p2a: Deoxys\n|-supereffective|p2a: Deoxys\n|-damage|p2a: Deoxys|86\/100\n|\n|t:|1699566428\n|switch|p1a: Kartana|Kartana|100\/100|[from] U-turn\n|move|p2a: Deoxys|Reflect|p2a: Deoxys\n|-sidestart|p2: Theherod|Reflect\n|\n|-weather|RainDance|[upkeep]\n|-heal|p2a: Deoxys|92\/100|[from] item: Leftovers\n|upkeep\n|turn|14\n|\n|t:|1699566437\n|switch|p2a: Starmie|Starmie, shiny|100\/100\n|move|p1a: Kartana|Knock Off|p2a: Starmie\n|-supereffective|p2a: Starmie\n|-damage|p2a: Starmie|31\/100\n|-enditem|p2a: Starmie|Life Orb|[from] move: Knock Off|[of] p1a: Kartana\n|\n|-weather|RainDance|[upkeep]\n|upkeep\n|turn|15\n|\n|t:|1699566453\n|move|p1a: Kartana|Knock Off|p2a: Starmie\n|-supereffective|p2a: Starmie\n|-damage|p2a: Starmie|0 fnt\n|faint|p2a: Starmie\n|-ability|p1a: Kartana|Beast Boost|boost\n|-boost|p1a: Kartana|atk|1\n|\n|-weather|RainDance|[upkeep]\n|-sideend|p1: Ferexcalibur|move: Tailwind\n|upkeep\n|\n|t:|1699566466\n|switch|p2a: Snorlax|Snorlax, M, shiny|100\/100\n|turn|16\n|\n|t:|1699566477\n|move|p1a: Kartana|Sacred Sword|p2a: Snorlax\n|-supereffective|p2a: Snorlax\n|-damage|p2a: Snorlax|61\/100\n|-damage|p1a: Kartana|84\/100|[from] item: Rocky Helmet|[of] p2a: Snorlax\n|move|p2a: Snorlax|Yawn|p1a: Kartana\n|-start|p1a: Kartana|move: Yawn|[of] p2a: Snorlax\n|\n|-weather|RainDance|[upkeep]\n|upkeep\n|turn|17\n|\n|t:|1699566503\n|-activate|p1a: Kartana|move: Pursuit\n|move|p2a: Snorlax|Pursuit|p1a: Kartana|[from]Pursuit\n|-crit|p1a: Kartana\n|-damage|p1a: Kartana|49\/100\n|switch|p1a: Latias|Latias, F|11\/100 tox\n|\n|-weather|none\n|-damage|p1a: Latias|5\/100 tox|[from] psn\n|-sideend|p2: Theherod|Reflect\n|upkeep\n|turn|18\n|\n|t:|1699566533\n|move|p1a: Latias|Dragon Pulse|p2a: Snorlax\n|-damage|p2a: Snorlax|30\/100\n|move|p2a: Snorlax|Pursuit|p1a: Latias\n|-supereffective|p1a: Latias\n|-damage|p1a: Latias|0 fnt\n|faint|p1a: Latias\n|\n|upkeep\n|\n|t:|1699566542\n|switch|p1a: Kartana|Kartana|49\/100\n|turn|19\n|\n|t:|1699566556\n|switch|p2a: Deoxys|Deoxys-Defense|92\/100\n|-ability|p2a: Deoxys|Pressure\n|move|p1a: Kartana|Sacred Sword|p2a: Deoxys\n|-resisted|p2a: Deoxys\n|-damage|p2a: Deoxys|76\/100\n|\n|-heal|p2a: Deoxys|83\/100|[from] item: Leftovers\n|upkeep\n|turn|20\n|\n|t:|1699566566\n|move|p1a: Kartana|Knock Off|p2a: Deoxys\n|-supereffective|p2a: Deoxys\n|-damage|p2a: Deoxys|9\/100\n|-enditem|p2a: Deoxys|Leftovers|[from] move: Knock Off|[of] p1a: Kartana\n|move|p2a: Deoxys|Reflect|p2a: Deoxys\n|-sidestart|p2: Theherod|Reflect\n|\n|upkeep\n|turn|21\n|\n|t:|1699566578\n|move|p1a: Kartana|Knock Off|p2a: Deoxys\n|-supereffective|p2a: Deoxys\n|-damage|p2a: Deoxys|0 fnt\n|faint|p2a: Deoxys\n|-ability|p1a: Kartana|Beast Boost|boost\n|-boost|p1a: Kartana|atk|1\n|\n|upkeep\n|\n|t:|1699566584\n|switch|p2a: Snorlax|Snorlax, M, shiny|30\/100\n|turn|22\n|\n|t:|1699566592\n|move|p1a: Kartana|Sacred Sword|p2a: Snorlax\n|-supereffective|p2a: Snorlax\n|-damage|p2a: Snorlax|0 fnt\n|-damage|p1a: Kartana|32\/100|[from] item: Rocky Helmet|[of] p2a: Snorlax\n|faint|p2a: Snorlax\n|-ability|p1a: Kartana|Beast Boost|boost\n|-boost|p1a: Kartana|atk|1\n|\n|upkeep\n|\n|t:|1699566600\n|switch|p2a: Venusaur|Venusaur-Mega, F, shiny|80\/100\n|turn|23\n|\n|t:|1699566610\n|move|p1a: Kartana|Return|p2a: Venusaur\n|-damage|p2a: Venusaur|46\/100\n|move|p2a: Venusaur|Energy Ball|p1a: Kartana\n|-resisted|p1a: Kartana\n|-damage|p1a: Kartana|0 fnt\n|faint|p1a: Kartana\n|\n|upkeep\n|\n|t:|1699566619\n|switch|p1a: Pelipper|Pelipper, M|63\/100\n|-weather|RainDance|[from] ability: Drizzle|[of] p1a: Pelipper\n|turn|24\n|\n|t:|1699566628\n|move|p1a: Pelipper|Hurricane|p2a: Venusaur\n|-supereffective|p2a: Venusaur\n|-damage|p2a: Venusaur|0 fnt\n|faint|p2a: Venusaur\n|\n|win|Ferexcalibur\n|c|\u2606Ferexcalibur|gg\n","uploadtime":1699566637,"views":16,"p1id":"ferexcalibur","p2id":"theherod","formatid":"gen9nationaldex","rating":0,"private":0,"password":""}