{"id":"gen9nationaldex-1997879466","p1":"Gregory Mirabella","p2":"knightgem","format":"[Gen 9] National Dex","log":"|html|<div class=\"broadcast-blue\"><strong>[Gen 9] National Dex is currently suspecting Sneasler! For information on how to participate check out the <a href=\"https:\/\/www.smogon.com\/forums\/threads\/sv-national-dex-suspect-8-just-dance.3731534\/\">suspect thread<\/a>.<\/strong><\/div>\n|j|\u2606Gregory Mirabella\n|j|\u2606knightgem\n|t:|1700862925\n|gametype|singles\n|player|p1|Gregory Mirabella|lusamine-nihilego|1421\n|player|p2|knightgem|#knightgem|1359\n|teamsize|p1|6\n|teamsize|p2|6\n|gen|9\n|tier|[Gen 9] National Dex\n|rated|\n|rule|HP Percentage Mod: HP is shown in percentages\n|rule|Endless Battle Clause: Forcing endless battles is banned\n|rule|OHKO Clause: OHKO moves are banned\n|rule|Evasion Clause: Evasion abilities, items, and moves are banned\n|rule|Evasion Abilities Clause: Evasion abilities are banned\n|rule|Evasion Items Clause: Evasion items are banned\n|rule|Evasion Moves Clause: Evasion moves are banned\n|rule|Species Clause: Limit one of each Pok\u00e9mon\n|rule|Sleep Clause Mod: Limit one foe put to sleep\n|clearpoke\n|poke|p1|Tyranitar, F|\n|poke|p1|Excadrill, F|\n|poke|p1|Heatran, M|\n|poke|p1|Corviknight, F|\n|poke|p1|Alomomola, F|\n|poke|p1|Aggron, F|\n|poke|p2|Primarina, F|\n|poke|p2|Skeledirge, M|\n|poke|p2|Rillaboom, M|\n|poke|p2|Toxtricity, M|\n|poke|p2|Obstagoon, M|\n|poke|p2|Altaria, F|\n|teampreview\n|inactive|Battle timer is ON: inactive players will automatically lose when time's up. (requested by knightgem)\n|c|\u2606Gregory Mirabella|glhf\n|\n|t:|1700862937\n|start\n|switch|p1a: Colossus|Tyranitar, F, shiny|100\/100\n|switch|p2a: Rappart|Obstagoon, M, shiny|100\/100\n|-weather|Sandstorm|[from] ability: Sand Stream|[of] p1a: Colossus\n|turn|1\n|\n|t:|1700862947\n|switch|p1a: Tybur|Excadrill, F, shiny|100\/100\n|move|p2a: Rappart|Parting Shot|p1a: Tybur\n|-unboost|p1a: Tybur|atk|1\n|-unboost|p1a: Tybur|spa|1\n|\n|t:|1700862951\n|switch|p2a: Bongorilla|Rillaboom, M|100\/100|[from] Parting Shot\n|-fieldstart|move: Grassy Terrain|[from] ability: Grassy Surge|[of] p2a: Bongorilla\n|-enditem|p2a: Bongorilla|Grassy Seed\n|-boost|p2a: Bongorilla|def|1|[from] item: Grassy Seed\n|\n|-weather|Sandstorm|[upkeep]\n|-damage|p2a: Bongorilla|94\/100|[from] Sandstorm\n|-heal|p2a: Bongorilla|100\/100|[from] Grassy Terrain\n|upkeep\n|turn|2\n|\n|t:|1700862961\n|switch|p1a: Cartman|Heatran, M|100\/100\n|move|p2a: Bongorilla|Swords Dance|p2a: Bongorilla\n|-boost|p2a: Bongorilla|atk|2\n|\n|-weather|Sandstorm|[upkeep]\n|-damage|p2a: Bongorilla|94\/100|[from] Sandstorm\n|-heal|p2a: Bongorilla|100\/100|[from] Grassy Terrain\n|upkeep\n|turn|3\n|\n|t:|1700862971\n|move|p1a: Cartman|Eruption|p2a: Bongorilla\n|-supereffective|p2a: Bongorilla\n|-damage|p2a: Bongorilla|0 fnt\n|faint|p2a: Bongorilla\n|\n|-weather|Sandstorm|[upkeep]\n|upkeep\n|\n|t:|1700862978\n|switch|p2a: Sopraino|Primarina, F|100\/100\n|turn|4\n|\n|t:|1700862983\n|switch|p1a: Falco|Corviknight, F, shiny|100\/100\n|-ability|p1a: Falco|Pressure\n|switch|p2a: Rappart|Obstagoon, M, shiny|100\/100\n|\n|-weather|Sandstorm|[upkeep]\n|-damage|p2a: Rappart|94\/100|[from] Sandstorm\n|-heal|p2a: Rappart|100\/100|[from] Grassy Terrain\n|upkeep\n|turn|5\n|\n|t:|1700863000\n|move|p2a: Rappart|Switcheroo|p1a: Falco\n|-activate|p2a: Rappart|move: Trick|[of] p1a: Falco\n|-item|p1a: Falco|Choice Scarf|[from] move: Switcheroo\n|-item|p2a: Rappart|Leftovers|[from] move: Switcheroo\n|move|p1a: Falco|U-turn|p2a: Rappart\n|-supereffective|p2a: Rappart\n|-damage|p2a: Rappart|70\/100\n|c|\u2606Gregory Mirabella|nice obstagoon set\n|\n|t:|1700863017\n|switch|p1a: Tybur|Excadrill, F, shiny|100\/100|[from] U-turn\n|\n|-weather|Sandstorm|[upkeep]\n|-damage|p2a: Rappart|64\/100|[from] Sandstorm\n|-heal|p2a: Rappart|70\/100|[from] Grassy Terrain\n|-heal|p2a: Rappart|77\/100|[from] item: Leftovers\n|-fieldend|move: Grassy Terrain\n|upkeep\n|turn|6\n|\n|t:|1700863026\n|move|p1a: Tybur|Swords Dance|p1a: Tybur\n|-boost|p1a: Tybur|atk|2\n|move|p2a: Rappart|Brick Break|p1a: Tybur\n|-supereffective|p1a: Tybur\n|-damage|p1a: Tybur|38\/100\n|\n|-weather|Sandstorm|[upkeep]\n|-damage|p2a: Rappart|70\/100|[from] Sandstorm\n|-heal|p2a: Rappart|77\/100|[from] item: Leftovers\n|upkeep\n|turn|7\n|\n|t:|1700863040\n|move|p1a: Tybur|Iron Head|p2a: Rappart\n|-crit|p2a: Rappart\n|-damage|p2a: Rappart|0 fnt\n|faint|p2a: Rappart\n|\n|-weather|Sandstorm|[upkeep]\n|upkeep\n|\n|t:|1700863043\n|switch|p2a: Tenorch|Skeledirge, M|100\/100\n|turn|8\n|\n|t:|1700863051\n|move|p1a: Tybur|Earthquake|p2a: Tenorch\n|-supereffective|p2a: Tenorch\n|-crit|p2a: Tenorch\n|-damage|p2a: Tenorch|0 fnt\n|faint|p2a: Tenorch\n|\n|-weather|none\n|upkeep\n|c|\u2606knightgem|Gg\n|-message|knightgem forfeited.\n|\n|win|Gregory Mirabella\n|raw|Gregory Mirabella's rating: 1421 &rarr; <strong>1437<\/strong><br \/>(+16 for winning)\n|raw|knightgem's rating: 1359 &rarr; <strong>1343<\/strong><br \/>(-16 for losing)\n|l|\u2606knightgem\n|c|\u2606Gregory Mirabella|gg\n|c|\u2606Gregory Mirabella|wp\n|c|\u2606Gregory Mirabella|nice team\n","uploadtime":1700863070,"views":2,"p1id":"gregorymirabella","p2id":"knightgem","formatid":"gen9nationaldex","rating":1343,"private":0,"password":""}