{"id":"gen9nationaldex-1988314648","p1":"realested","p2":"Serena1111","format":"[Gen 9] National Dex","log":"|j|\u2606realested\n|j|\u2606Serena1111\n|t:|1699707037\n|gametype|singles\n|player|p1|realested|biker-gen4|1143\n|player|p2|Serena1111|serena|1116\n|teamsize|p1|6\n|teamsize|p2|6\n|gen|9\n|tier|[Gen 9] National Dex\n|rated|\n|rule|HP Percentage Mod: HP is shown in percentages\n|rule|Endless Battle Clause: Forcing endless battles is banned\n|rule|OHKO Clause: OHKO moves are banned\n|rule|Evasion Clause: Evasion abilities, items, and moves are banned\n|rule|Evasion Abilities Clause: Evasion abilities are banned\n|rule|Evasion Items Clause: Evasion items are banned\n|rule|Evasion Moves Clause: Evasion moves are banned\n|rule|Species Clause: Limit one of each Pok\u00e9mon\n|rule|Sleep Clause Mod: Limit one foe put to sleep\n|clearpoke\n|poke|p1|Heatran, F|\n|poke|p1|Glalie, F|\n|poke|p1|Tapu Fini|\n|poke|p1|Sneasler, M|\n|poke|p1|Samurott-Hisui, F|\n|poke|p1|Zygarde-10%|\n|poke|p2|Chansey, F|\n|poke|p2|Dondozo, F|\n|poke|p2|Ditto|\n|poke|p2|Alomomola, F|\n|poke|p2|Ogerpon-Wellspring, F|\n|poke|p2|Whimsicott, F|\n|teampreview\n|inactive|Battle timer is ON: inactive players will automatically lose when time's up. (requested by Serena1111)\n|\n|t:|1699707047\n|start\n|switch|p1a: Zygarde|Zygarde-10%, shiny|100\/100\n|switch|p2a: \u624b \u81c2 \u7ec8 \u7ed3 \u8005|Ogerpon-Wellspring, F|100\/100\n|-ability|p1a: Zygarde|Aura Break\n|turn|1\n|\n|t:|1699707073\n|move|p1a: Zygarde|Coil|p1a: Zygarde\n|-boost|p1a: Zygarde|atk|1\n|-boost|p1a: Zygarde|def|1\n|-boost|p1a: Zygarde|accuracy|1\n|move|p2a: \u624b \u81c2 \u7ec8 \u7ed3 \u8005|Focus Energy|p2a: \u624b \u81c2 \u7ec8 \u7ed3 \u8005\n|-start|p2a: \u624b \u81c2 \u7ec8 \u7ed3 \u8005|move: Focus Energy\n|\n|upkeep\n|turn|2\n|c|\u2606realested|\u4f60\u4e0d\u662f\u624b\u81c2\uff1f\uff01\n|inactive|Serena1111 has 120 seconds left.\n|c|\u2606Serena1111|\u6240\u4ee5\u624d\u8981\u7ec8\u7ed3\u5176\u4ed6\u624b\u81c2\n|\n|t:|1699707109\n|-terastallize|p2a: \u624b \u81c2 \u7ec8 \u7ed3 \u8005|Water\n|detailschange|p2a: \u624b \u81c2 \u7ec8 \u7ed3 \u8005|Ogerpon-Wellspring-Tera, F, tera:Water\n|-ability|p2a: \u624b \u81c2 \u7ec8 \u7ed3 \u8005|Embody Aspect (Wellspring)|boost\n|-boost|p2a: \u624b \u81c2 \u7ec8 \u7ed3 \u8005|spd|1\n|move|p1a: Zygarde|Outrage|p2a: \u624b \u81c2 \u7ec8 \u7ed3 \u8005\n|-damage|p2a: \u624b \u81c2 \u7ec8 \u7ed3 \u8005|4\/100\n|move|p2a: \u624b \u81c2 \u7ec8 \u7ed3 \u8005|Ivy Cudgel|p1a: Zygarde\n|-crit|p1a: Zygarde\n|-enditem|p1a: Zygarde|Focus Sash\n|-damage|p1a: Zygarde|1\/100\n|\n|upkeep\n|turn|3\n|\n|t:|1699707121\n|switch|p2a: \u810f\u4e1c\u897f|Whimsicott, F|100\/100\n|move|p1a: Zygarde|Outrage|p2a: \u810f\u4e1c\u897f|[from]lockedmove\n|-immune|p2a: \u810f\u4e1c\u897f\n|-start|p1a: Zygarde|confusion|[fatigue]\n|\n|upkeep\n|turn|4\n|\n|t:|1699707129\n|-activate|p1a: Zygarde|confusion\n|-damage|p1a: Zygarde|0 fnt|[from] confusion\n|faint|p1a: Zygarde\n|move|p2a: \u810f\u4e1c\u897f|Toxic|p1: Zygarde|[notarget]\n|-fail|p2a: \u810f\u4e1c\u897f\n|\n|upkeep\n|\n|t:|1699707137\n|switch|p1a: Glalie|Glalie, F|100\/100\n|turn|5\n|\n|t:|1699707148\n|switch|p2a: \u6e05\u6f88\u7684\u53cc\u773c \u53ef\u7231\u7684\u8138\u5e9e|Chansey, F|100\/100\n|detailschange|p1a: Glalie|Glalie-Mega, F\n|-mega|p1a: Glalie|Glalie|Glalitite\n|move|p1a: Glalie|Ice Shard|p2a: \u6e05\u6f88\u7684\u53cc\u773c \u53ef\u7231\u7684\u8138\u5e9e\n|-damage|p2a: \u6e05\u6f88\u7684\u53cc\u773c \u53ef\u7231\u7684\u8138\u5e9e|89\/100\n|\n|upkeep\n|turn|6\n|\n|t:|1699707155\n|move|p1a: Glalie|Frustration|p2a: \u6e05\u6f88\u7684\u53cc\u773c \u53ef\u7231\u7684\u8138\u5e9e\n|-damage|p2a: \u6e05\u6f88\u7684\u53cc\u773c \u53ef\u7231\u7684\u8138\u5e9e|53\/100\n|move|p2a: \u6e05\u6f88\u7684\u53cc\u773c \u53ef\u7231\u7684\u8138\u5e9e|Seismic Toss|p1a: Glalie\n|-damage|p1a: Glalie|67\/100\n|\n|upkeep\n|turn|7\n|\n|t:|1699707163\n|switch|p2a: \u5403\u543c\u9738\u7684\u53cd\u5f3a\u5316\u7269\u8bed|Dondozo, F|100\/100\n|move|p1a: Glalie|Frustration|p2a: \u5403\u543c\u9738\u7684\u53cd\u5f3a\u5316\u7269\u8bed\n|-resisted|p2a: \u5403\u543c\u9738\u7684\u53cd\u5f3a\u5316\u7269\u8bed\n|-damage|p2a: \u5403\u543c\u9738\u7684\u53cd\u5f3a\u5316\u7269\u8bed|87\/100\n|\n|-heal|p2a: \u5403\u543c\u9738\u7684\u53cd\u5f3a\u5316\u7269\u8bed|94\/100|[from] item: Leftovers\n|upkeep\n|turn|8\n|\n|t:|1699707170\n|switch|p1a: Samurott|Samurott-Hisui, F|100\/100\n|move|p2a: \u5403\u543c\u9738\u7684\u53cd\u5f3a\u5316\u7269\u8bed|Curse|p2a: \u5403\u543c\u9738\u7684\u53cd\u5f3a\u5316\u7269\u8bed\n|-unboost|p2a: \u5403\u543c\u9738\u7684\u53cd\u5f3a\u5316\u7269\u8bed|spe|1\n|-boost|p2a: \u5403\u543c\u9738\u7684\u53cd\u5f3a\u5316\u7269\u8bed|atk|1\n|-boost|p2a: \u5403\u543c\u9738\u7684\u53cd\u5f3a\u5316\u7269\u8bed|def|1\n|\n|-heal|p2a: \u5403\u543c\u9738\u7684\u53cd\u5f3a\u5316\u7269\u8bed|99\/100|[from] item: Leftovers\n|upkeep\n|turn|9\n|\n|t:|1699707175\n|move|p1a: Samurott|Encore|p2a: \u5403\u543c\u9738\u7684\u53cd\u5f3a\u5316\u7269\u8bed\n|-start|p2a: \u5403\u543c\u9738\u7684\u53cd\u5f3a\u5316\u7269\u8bed|Encore\n|move|p2a: \u5403\u543c\u9738\u7684\u53cd\u5f3a\u5316\u7269\u8bed|Curse|p2a: \u5403\u543c\u9738\u7684\u53cd\u5f3a\u5316\u7269\u8bed\n|-unboost|p2a: \u5403\u543c\u9738\u7684\u53cd\u5f3a\u5316\u7269\u8bed|spe|1\n|-boost|p2a: \u5403\u543c\u9738\u7684\u53cd\u5f3a\u5316\u7269\u8bed|atk|1\n|-boost|p2a: \u5403\u543c\u9738\u7684\u53cd\u5f3a\u5316\u7269\u8bed|def|1\n|\n|-heal|p2a: \u5403\u543c\u9738\u7684\u53cd\u5f3a\u5316\u7269\u8bed|100\/100|[from] item: Leftovers\n|upkeep\n|turn|10\n|\n|t:|1699707184\n|switch|p1a: Tapu Fini|Tapu Fini|100\/100\n|-fieldstart|move: Misty Terrain|[from] ability: Misty Surge|[of] p1a: Tapu Fini\n|move|p2a: \u5403\u543c\u9738\u7684\u53cd\u5f3a\u5316\u7269\u8bed|Curse|p2a: \u5403\u543c\u9738\u7684\u53cd\u5f3a\u5316\u7269\u8bed\n|-unboost|p2a: \u5403\u543c\u9738\u7684\u53cd\u5f3a\u5316\u7269\u8bed|spe|1\n|-boost|p2a: \u5403\u543c\u9738\u7684\u53cd\u5f3a\u5316\u7269\u8bed|atk|1\n|-boost|p2a: \u5403\u543c\u9738\u7684\u53cd\u5f3a\u5316\u7269\u8bed|def|1\n|\n|upkeep\n|turn|11\n|\n|t:|1699707192\n|switch|p2a: \u6e05\u6f88\u7684\u53cc\u773c \u53ef\u7231\u7684\u8138\u5e9e|Chansey, F|53\/100\n|move|p1a: Tapu Fini|Calm Mind|p1a: Tapu Fini\n|-boost|p1a: Tapu Fini|spa|1\n|-boost|p1a: Tapu Fini|spd|1\n|\n|upkeep\n|turn|12\n|\n|t:|1699707197\n|move|p1a: Tapu Fini|Scald|p2a: \u6e05\u6f88\u7684\u53cc\u773c \u53ef\u7231\u7684\u8138\u5e9e\n|-damage|p2a: \u6e05\u6f88\u7684\u53cc\u773c \u53ef\u7231\u7684\u8138\u5e9e|33\/100\n|-damage|p1a: Tapu Fini|91\/100|[from] item: Life Orb\n|move|p2a: \u6e05\u6f88\u7684\u53cc\u773c \u53ef\u7231\u7684\u8138\u5e9e|Soft-Boiled|p2a: \u6e05\u6f88\u7684\u53cc\u773c \u53ef\u7231\u7684\u8138\u5e9e\n|-heal|p2a: \u6e05\u6f88\u7684\u53cc\u773c \u53ef\u7231\u7684\u8138\u5e9e|83\/100\n|\n|upkeep\n|turn|13\n|\n|t:|1699707206\n|switch|p2a: \u810f\u4e1c\u897f|Whimsicott, F|100\/100\n|move|p1a: Tapu Fini|Scald|p2a: \u810f\u4e1c\u897f\n|-resisted|p2a: \u810f\u4e1c\u897f\n|-damage|p2a: \u810f\u4e1c\u897f|60\/100\n|-damage|p1a: Tapu Fini|81\/100|[from] item: Life Orb\n|\n|upkeep\n|turn|14\n|\n|t:|1699707212\n|switch|p1a: Glalie|Glalie-Mega, F|67\/100\n|move|p2a: \u810f\u4e1c\u897f|Toxic|p1a: Glalie\n|-activate|p1a: Glalie|move: Misty Terrain\n|\n|-fieldend|Misty Terrain\n|upkeep\n|turn|15\n|c|\u2606realested|\u96fe\u573a\u5f00\u5267\u6bd2\n|inactive|realested has 120 seconds left.\n|\n|t:|1699707248\n|switch|p2a: \u5403\u543c\u9738\u7684\u53cd\u5f3a\u5316\u7269\u8bed|Dondozo, F|100\/100\n|move|p1a: Glalie|Frustration|p2a: \u5403\u543c\u9738\u7684\u53cd\u5f3a\u5316\u7269\u8bed\n|-resisted|p2a: \u5403\u543c\u9738\u7684\u53cd\u5f3a\u5316\u7269\u8bed\n|-damage|p2a: \u5403\u543c\u9738\u7684\u53cd\u5f3a\u5316\u7269\u8bed|86\/100\n|\n|-heal|p2a: \u5403\u543c\u9738\u7684\u53cd\u5f3a\u5316\u7269\u8bed|93\/100|[from] item: Leftovers\n|upkeep\n|turn|16\n|inactive|realested has 120 seconds left.\n|\n|t:|1699707256\n|switch|p1a: Samurott|Samurott-Hisui, F|100\/100\n|move|p2a: \u5403\u543c\u9738\u7684\u53cd\u5f3a\u5316\u7269\u8bed|Curse|p2a: \u5403\u543c\u9738\u7684\u53cd\u5f3a\u5316\u7269\u8bed\n|-unboost|p2a: \u5403\u543c\u9738\u7684\u53cd\u5f3a\u5316\u7269\u8bed|spe|1\n|-boost|p2a: \u5403\u543c\u9738\u7684\u53cd\u5f3a\u5316\u7269\u8bed|atk|1\n|-boost|p2a: \u5403\u543c\u9738\u7684\u53cd\u5f3a\u5316\u7269\u8bed|def|1\n|\n|-heal|p2a: \u5403\u543c\u9738\u7684\u53cd\u5f3a\u5316\u7269\u8bed|99\/100|[from] item: Leftovers\n|upkeep\n|turn|17\n|\n|t:|1699707264\n|switch|p2a: \u5c0f\u667a\u518d\u4e5f\u4e0d\u7528\u62c5\u5fc3\u6211\u4e0d\u77e5\u9053\u5bf9\u65b9\u62db\u5f0f\u4e86|Ditto|100\/100\n|-transform|p2a: \u5c0f\u667a\u518d\u4e5f\u4e0d\u7528\u62c5\u5fc3\u6211\u4e0d\u77e5\u9053\u5bf9\u65b9\u62db\u5f0f\u4e86|p1a: Samurott|[from] ability: Imposter\n|move|p1a: Samurott|Ceaseless Edge|p2a: \u5c0f\u667a\u518d\u4e5f\u4e0d\u7528\u62c5\u5fc3\u6211\u4e0d\u77e5\u9053\u5bf9\u65b9\u62db\u5f0f\u4e86\n|-resisted|p2a: \u5c0f\u667a\u518d\u4e5f\u4e0d\u7528\u62c5\u5fc3\u6211\u4e0d\u77e5\u9053\u5bf9\u65b9\u62db\u5f0f\u4e86\n|-damage|p2a: \u5c0f\u667a\u518d\u4e5f\u4e0d\u7528\u62c5\u5fc3\u6211\u4e0d\u77e5\u9053\u5bf9\u65b9\u62db\u5f0f\u4e86|71\/100\n|-sidestart|p2: Serena1111|Spikes\n|\n|upkeep\n|turn|18\n|inactive|realested has 120 seconds left.\n|\n|t:|1699707281\n|switch|p1a: Tapu Fini|Tapu Fini|81\/100\n|-fieldstart|move: Misty Terrain|[from] ability: Misty Surge|[of] p1a: Tapu Fini\n|switch|p2a: \u810f\u4e1c\u897f|Whimsicott, F|60\/100\n|\n|upkeep\n|turn|19\n|inactive|realested has 120 seconds left.\n|\n|t:|1699707298\n|switch|p1a: Heatran|Heatran, F|100\/100\n|move|p2a: \u810f\u4e1c\u897f|Leech Seed|p1a: Heatran\n|-start|p1a: Heatran|move: Leech Seed\n|\n|-damage|p1a: Heatran|88\/100|[from] Leech Seed|[of] p2a: \u810f\u4e1c\u897f\n|-heal|p2a: \u810f\u4e1c\u897f|75\/100|[silent]\n|upkeep\n|turn|20\n|inactive|realested has 120 seconds left.\n|\n|t:|1699707319\n|switch|p2a: \u6e05\u6f88\u7684\u53cc\u773c \u53ef\u7231\u7684\u8138\u5e9e|Chansey, F|83\/100\n|-damage|p2a: \u6e05\u6f88\u7684\u53cc\u773c \u53ef\u7231\u7684\u8138\u5e9e|71\/100|[from] Spikes\n|move|p1a: Heatran|Magma Storm|p2a: \u6e05\u6f88\u7684\u53cc\u773c \u53ef\u7231\u7684\u8138\u5e9e\n|-crit|p2a: \u6e05\u6f88\u7684\u53cc\u773c \u53ef\u7231\u7684\u8138\u5e9e\n|-damage|p2a: \u6e05\u6f88\u7684\u53cc\u773c \u53ef\u7231\u7684\u8138\u5e9e|47\/100\n|-activate|p2a: \u6e05\u6f88\u7684\u53cc\u773c \u53ef\u7231\u7684\u8138\u5e9e|move: Magma Storm|[of] p1a: Heatran\n|\n|-heal|p1a: Heatran|94\/100|[from] item: Leftovers\n|-damage|p1a: Heatran|82\/100|[from] Leech Seed|[of] p2a: \u6e05\u6f88\u7684\u53cc\u773c \u53ef\u7231\u7684\u8138\u5e9e\n|-heal|p2a: \u6e05\u6f88\u7684\u53cc\u773c \u53ef\u7231\u7684\u8138\u5e9e|53\/100|[silent]\n|-damage|p2a: \u6e05\u6f88\u7684\u53cc\u773c \u53ef\u7231\u7684\u8138\u5e9e|41\/100|[from] move: Magma Storm|[partiallytrapped]\n|upkeep\n|turn|21\n|\n|t:|1699707330\n|move|p1a: Heatran|Earth Power|p2a: \u6e05\u6f88\u7684\u53cc\u773c \u53ef\u7231\u7684\u8138\u5e9e\n|-damage|p2a: \u6e05\u6f88\u7684\u53cc\u773c \u53ef\u7231\u7684\u8138\u5e9e|32\/100\n|-unboost|p2a: \u6e05\u6f88\u7684\u53cc\u773c \u53ef\u7231\u7684\u8138\u5e9e|spd|1\n|move|p2a: \u6e05\u6f88\u7684\u53cc\u773c \u53ef\u7231\u7684\u8138\u5e9e|Soft-Boiled|p2a: \u6e05\u6f88\u7684\u53cc\u773c \u53ef\u7231\u7684\u8138\u5e9e\n|-heal|p2a: \u6e05\u6f88\u7684\u53cc\u773c \u53ef\u7231\u7684\u8138\u5e9e|82\/100\n|\n|-heal|p1a: Heatran|88\/100|[from] item: Leftovers\n|-damage|p1a: Heatran|76\/100|[from] Leech Seed|[of] p2a: \u6e05\u6f88\u7684\u53cc\u773c \u53ef\u7231\u7684\u8138\u5e9e\n|-heal|p2a: \u6e05\u6f88\u7684\u53cc\u773c \u53ef\u7231\u7684\u8138\u5e9e|89\/100|[silent]\n|-damage|p2a: \u6e05\u6f88\u7684\u53cc\u773c \u53ef\u7231\u7684\u8138\u5e9e|76\/100|[from] move: Magma Storm|[partiallytrapped]\n|upkeep\n|turn|22\n|\n|t:|1699707336\n|move|p1a: Heatran|Earth Power|p2a: \u6e05\u6f88\u7684\u53cc\u773c \u53ef\u7231\u7684\u8138\u5e9e\n|-damage|p2a: \u6e05\u6f88\u7684\u53cc\u773c \u53ef\u7231\u7684\u8138\u5e9e|61\/100\n|move|p2a: \u6e05\u6f88\u7684\u53cc\u773c \u53ef\u7231\u7684\u8138\u5e9e|Seismic Toss|p1a: Heatran\n|-damage|p1a: Heatran|50\/100\n|\n|-heal|p1a: Heatran|56\/100|[from] item: Leftovers\n|-damage|p1a: Heatran|44\/100|[from] Leech Seed|[of] p2a: \u6e05\u6f88\u7684\u53cc\u773c \u53ef\u7231\u7684\u8138\u5e9e\n|-heal|p2a: \u6e05\u6f88\u7684\u53cc\u773c \u53ef\u7231\u7684\u8138\u5e9e|68\/100|[silent]\n|-damage|p2a: \u6e05\u6f88\u7684\u53cc\u773c \u53ef\u7231\u7684\u8138\u5e9e|56\/100|[from] move: Magma Storm|[partiallytrapped]\n|-fieldend|Misty Terrain\n|upkeep\n|turn|23\n|\n|t:|1699707350\n|switch|p1a: Tapu Fini|Tapu Fini|81\/100\n|-fieldstart|move: Misty Terrain|[from] ability: Misty Surge|[of] p1a: Tapu Fini\n|move|p2a: \u6e05\u6f88\u7684\u53cc\u773c \u53ef\u7231\u7684\u8138\u5e9e|Seismic Toss|p1a: Tapu Fini\n|-damage|p1a: Tapu Fini|45\/100\n|\n|-end|p2a: \u6e05\u6f88\u7684\u53cc\u773c \u53ef\u7231\u7684\u8138\u5e9e|Magma Storm|[partiallytrapped]|[silent]\n|upkeep\n|turn|24\n|\n|t:|1699707371\n|switch|p1a: Sneasler|Sneasler, M|100\/100\n|-enditem|p1a: Sneasler|Misty Seed\n|-boost|p1a: Sneasler|spd|1|[from] item: Misty Seed\n|move|p2a: \u6e05\u6f88\u7684\u53cc\u773c \u53ef\u7231\u7684\u8138\u5e9e|Seismic Toss|p1a: Sneasler\n|-damage|p1a: Sneasler|67\/100\n|\n|upkeep\n|turn|25\n|\n|t:|1699707378\n|switch|p2a: \u5403\u543c\u9738\u7684\u53cd\u5f3a\u5316\u7269\u8bed|Dondozo, F|99\/100\n|-damage|p2a: \u5403\u543c\u9738\u7684\u53cd\u5f3a\u5316\u7269\u8bed|86\/100|[from] Spikes\n|move|p1a: Sneasler|Swords Dance|p1a: Sneasler\n|-boost|p1a: Sneasler|atk|2\n|\n|-heal|p2a: \u5403\u543c\u9738\u7684\u53cd\u5f3a\u5316\u7269\u8bed|92\/100|[from] item: Leftovers\n|upkeep\n|turn|26\n|\n|t:|1699707391\n|move|p1a: Sneasler|Dire Claw|p2a: \u5403\u543c\u9738\u7684\u53cd\u5f3a\u5316\u7269\u8bed\n|-damage|p2a: \u5403\u543c\u9738\u7684\u53cd\u5f3a\u5316\u7269\u8bed|73\/100\n|move|p2a: \u5403\u543c\u9738\u7684\u53cd\u5f3a\u5316\u7269\u8bed|Curse|p2a: \u5403\u543c\u9738\u7684\u53cd\u5f3a\u5316\u7269\u8bed\n|-unboost|p2a: \u5403\u543c\u9738\u7684\u53cd\u5f3a\u5316\u7269\u8bed|spe|1\n|-boost|p2a: \u5403\u543c\u9738\u7684\u53cd\u5f3a\u5316\u7269\u8bed|atk|1\n|-boost|p2a: \u5403\u543c\u9738\u7684\u53cd\u5f3a\u5316\u7269\u8bed|def|1\n|\n|-heal|p2a: \u5403\u543c\u9738\u7684\u53cd\u5f3a\u5316\u7269\u8bed|79\/100|[from] item: Leftovers\n|upkeep\n|turn|27\n|\n|t:|1699707398\n|move|p1a: Sneasler|Dire Claw|p2a: \u5403\u543c\u9738\u7684\u53cd\u5f3a\u5316\u7269\u8bed\n|-damage|p2a: \u5403\u543c\u9738\u7684\u53cd\u5f3a\u5316\u7269\u8bed|67\/100\n|move|p2a: \u5403\u543c\u9738\u7684\u53cd\u5f3a\u5316\u7269\u8bed|Wave Crash|p1a: Sneasler\n|-damage|p1a: Sneasler|0 fnt\n|faint|p1a: Sneasler\n|-damage|p2a: \u5403\u543c\u9738\u7684\u53cd\u5f3a\u5316\u7269\u8bed|53\/100|[from] Recoil\n|\n|-heal|p2a: \u5403\u543c\u9738\u7684\u53cd\u5f3a\u5316\u7269\u8bed|60\/100|[from] item: Leftovers\n|-fieldend|Misty Terrain\n|upkeep\n|\n|t:|1699707411\n|switch|p1a: Samurott|Samurott-Hisui, F|100\/100\n|turn|28\n|\n|t:|1699707440\n|move|p1a: Samurott|Ceaseless Edge|p2a: \u5403\u543c\u9738\u7684\u53cd\u5f3a\u5316\u7269\u8bed\n|-damage|p2a: \u5403\u543c\u9738\u7684\u53cd\u5f3a\u5316\u7269\u8bed|48\/100\n|-sidestart|p2: Serena1111|Spikes\n|move|p2a: \u5403\u543c\u9738\u7684\u53cd\u5f3a\u5316\u7269\u8bed|Wave Crash|p1a: Samurott\n|-resisted|p1a: Samurott\n|-damage|p1a: Samurott|63\/100\n|-damage|p2a: \u5403\u543c\u9738\u7684\u53cd\u5f3a\u5316\u7269\u8bed|40\/100|[from] Recoil\n|\n|-heal|p2a: \u5403\u543c\u9738\u7684\u53cd\u5f3a\u5316\u7269\u8bed|46\/100|[from] item: Leftovers\n|upkeep\n|turn|29\n|\n|t:|1699707447\n|move|p1a: Samurott|Ceaseless Edge|p2a: \u5403\u543c\u9738\u7684\u53cd\u5f3a\u5316\u7269\u8bed|[miss]\n|-miss|p1a: Samurott|p2a: \u5403\u543c\u9738\u7684\u53cd\u5f3a\u5316\u7269\u8bed\n|move|p2a: \u5403\u543c\u9738\u7684\u53cd\u5f3a\u5316\u7269\u8bed|Rest|p2a: \u5403\u543c\u9738\u7684\u53cd\u5f3a\u5316\u7269\u8bed\n|-status|p2a: \u5403\u543c\u9738\u7684\u53cd\u5f3a\u5316\u7269\u8bed|slp|[from] move: Rest\n|-heal|p2a: \u5403\u543c\u9738\u7684\u53cd\u5f3a\u5316\u7269\u8bed|100\/100 slp|[silent]\n|\n|upkeep\n|turn|30\n|\n|t:|1699707452\n|move|p1a: Samurott|Ceaseless Edge|p2a: \u5403\u543c\u9738\u7684\u53cd\u5f3a\u5316\u7269\u8bed\n|-damage|p2a: \u5403\u543c\u9738\u7684\u53cd\u5f3a\u5316\u7269\u8bed|88\/100 slp\n|-sidestart|p2: Serena1111|Spikes\n|cant|p2a: \u5403\u543c\u9738\u7684\u53cd\u5f3a\u5316\u7269\u8bed|slp\n|move|p2a: \u5403\u543c\u9738\u7684\u53cd\u5f3a\u5316\u7269\u8bed|Sleep Talk|p2a: \u5403\u543c\u9738\u7684\u53cd\u5f3a\u5316\u7269\u8bed\n|move|p2a: \u5403\u543c\u9738\u7684\u53cd\u5f3a\u5316\u7269\u8bed|Curse|p2a: \u5403\u543c\u9738\u7684\u53cd\u5f3a\u5316\u7269\u8bed|[from]move: Sleep Talk\n|-unboost|p2a: \u5403\u543c\u9738\u7684\u53cd\u5f3a\u5316\u7269\u8bed|spe|1\n|-boost|p2a: \u5403\u543c\u9738\u7684\u53cd\u5f3a\u5316\u7269\u8bed|atk|1\n|-boost|p2a: \u5403\u543c\u9738\u7684\u53cd\u5f3a\u5316\u7269\u8bed|def|1\n|\n|-heal|p2a: \u5403\u543c\u9738\u7684\u53cd\u5f3a\u5316\u7269\u8bed|94\/100 slp|[from] item: Leftovers\n|upkeep\n|turn|31\n|\n|t:|1699707466\n|switch|p1a: Tapu Fini|Tapu Fini|45\/100\n|-fieldstart|move: Misty Terrain|[from] ability: Misty Surge|[of] p1a: Tapu Fini\n|cant|p2a: \u5403\u543c\u9738\u7684\u53cd\u5f3a\u5316\u7269\u8bed|slp\n|move|p2a: \u5403\u543c\u9738\u7684\u53cd\u5f3a\u5316\u7269\u8bed|Sleep Talk|p2a: \u5403\u543c\u9738\u7684\u53cd\u5f3a\u5316\u7269\u8bed\n|move|p2a: \u5403\u543c\u9738\u7684\u53cd\u5f3a\u5316\u7269\u8bed|Rest||[from]move: Sleep Talk|[still]\n|-fail|p2a: \u5403\u543c\u9738\u7684\u53cd\u5f3a\u5316\u7269\u8bed\n|\n|-heal|p2a: \u5403\u543c\u9738\u7684\u53cd\u5f3a\u5316\u7269\u8bed|99\/100 slp|[from] item: Leftovers\n|upkeep\n|turn|32\n|\n|t:|1699707480\n|move|p1a: Tapu Fini|Moonblast|p2a: \u5403\u543c\u9738\u7684\u53cd\u5f3a\u5316\u7269\u8bed\n|-damage|p2a: \u5403\u543c\u9738\u7684\u53cd\u5f3a\u5316\u7269\u8bed|49\/100 slp\n|-damage|p1a: Tapu Fini|35\/100|[from] item: Life Orb\n|-curestatus|p2a: \u5403\u543c\u9738\u7684\u53cd\u5f3a\u5316\u7269\u8bed|slp|[msg]\n|move|p2a: \u5403\u543c\u9738\u7684\u53cd\u5f3a\u5316\u7269\u8bed|Wave Crash|p1a: Tapu Fini\n|-resisted|p1a: Tapu Fini\n|-damage|p1a: Tapu Fini|0 fnt\n|faint|p1a: Tapu Fini\n|-damage|p2a: \u5403\u543c\u9738\u7684\u53cd\u5f3a\u5316\u7269\u8bed|42\/100|[from] Recoil\n|\n|-heal|p2a: \u5403\u543c\u9738\u7684\u53cd\u5f3a\u5316\u7269\u8bed|48\/100|[from] item: Leftovers\n|upkeep\n|\n|t:|1699707492\n|switch|p1a: Heatran|Heatran, F|44\/100\n|turn|33\n|\n|t:|1699707501\n|switch|p2a: \u6e05\u6f88\u7684\u53cc\u773c \u53ef\u7231\u7684\u8138\u5e9e|Chansey, F|56\/100\n|-damage|p2a: \u6e05\u6f88\u7684\u53cc\u773c \u53ef\u7231\u7684\u8138\u5e9e|31\/100|[from] Spikes\n|-terastallize|p1a: Heatran|Grass\n|move|p1a: Heatran|Tera Blast|p2a: \u6e05\u6f88\u7684\u53cc\u773c \u53ef\u7231\u7684\u8138\u5e9e|[anim] Tera Blast Grass\n|-crit|p2a: \u6e05\u6f88\u7684\u53cc\u773c \u53ef\u7231\u7684\u8138\u5e9e\n|-damage|p2a: \u6e05\u6f88\u7684\u53cc\u773c \u53ef\u7231\u7684\u8138\u5e9e|12\/100\n|\n|-heal|p1a: Heatran|50\/100|[from] item: Leftovers\n|upkeep\n|turn|34\n|\n|t:|1699707510\n|move|p1a: Heatran|Earth Power|p2a: \u6e05\u6f88\u7684\u53cc\u773c \u53ef\u7231\u7684\u8138\u5e9e\n|-damage|p2a: \u6e05\u6f88\u7684\u53cc\u773c \u53ef\u7231\u7684\u8138\u5e9e|3\/100\n|move|p2a: \u6e05\u6f88\u7684\u53cc\u773c \u53ef\u7231\u7684\u8138\u5e9e|Soft-Boiled|p2a: \u6e05\u6f88\u7684\u53cc\u773c \u53ef\u7231\u7684\u8138\u5e9e\n|-heal|p2a: \u6e05\u6f88\u7684\u53cc\u773c \u53ef\u7231\u7684\u8138\u5e9e|53\/100\n|\n|-heal|p1a: Heatran|56\/100|[from] item: Leftovers\n|upkeep\n|turn|35\n|\n|t:|1699707521\n|move|p1a: Heatran|Heat Wave|p2a: \u6e05\u6f88\u7684\u53cc\u773c \u53ef\u7231\u7684\u8138\u5e9e\n|-damage|p2a: \u6e05\u6f88\u7684\u53cc\u773c \u53ef\u7231\u7684\u8138\u5e9e|38\/100\n|move|p2a: \u6e05\u6f88\u7684\u53cc\u773c \u53ef\u7231\u7684\u8138\u5e9e|Seismic Toss|p1a: Heatran\n|-damage|p1a: Heatran|30\/100\n|\n|-heal|p1a: Heatran|36\/100|[from] item: Leftovers\n|-fieldend|Misty Terrain\n|upkeep\n|turn|36\n|\n|t:|1699707531\n|move|p1a: Heatran|Magma Storm|p2a: \u6e05\u6f88\u7684\u53cc\u773c \u53ef\u7231\u7684\u8138\u5e9e|[miss]\n|-miss|p1a: Heatran|p2a: \u6e05\u6f88\u7684\u53cc\u773c \u53ef\u7231\u7684\u8138\u5e9e\n|move|p2a: \u6e05\u6f88\u7684\u53cc\u773c \u53ef\u7231\u7684\u8138\u5e9e|Soft-Boiled|p2a: \u6e05\u6f88\u7684\u53cc\u773c \u53ef\u7231\u7684\u8138\u5e9e\n|-heal|p2a: \u6e05\u6f88\u7684\u53cc\u773c \u53ef\u7231\u7684\u8138\u5e9e|89\/100\n|\n|-heal|p1a: Heatran|42\/100|[from] item: Leftovers\n|upkeep\n|turn|37\n|\n|t:|1699707538\n|move|p1a: Heatran|Magma Storm|p2a: \u6e05\u6f88\u7684\u53cc\u773c \u53ef\u7231\u7684\u8138\u5e9e\n|-damage|p2a: \u6e05\u6f88\u7684\u53cc\u773c \u53ef\u7231\u7684\u8138\u5e9e|73\/100\n|-activate|p2a: \u6e05\u6f88\u7684\u53cc\u773c \u53ef\u7231\u7684\u8138\u5e9e|move: Magma Storm|[of] p1a: Heatran\n|move|p2a: \u6e05\u6f88\u7684\u53cc\u773c \u53ef\u7231\u7684\u8138\u5e9e|Seismic Toss|p1a: Heatran\n|-damage|p1a: Heatran|17\/100\n|\n|-heal|p1a: Heatran|23\/100|[from] item: Leftovers\n|-damage|p2a: \u6e05\u6f88\u7684\u53cc\u773c \u53ef\u7231\u7684\u8138\u5e9e|61\/100|[from] move: Magma Storm|[partiallytrapped]\n|upkeep\n|turn|38\n|\n|t:|1699707545\n|move|p1a: Heatran|Tera Blast|p2a: \u6e05\u6f88\u7684\u53cc\u773c \u53ef\u7231\u7684\u8138\u5e9e|[anim] Tera Blast Grass\n|-damage|p2a: \u6e05\u6f88\u7684\u53cc\u773c \u53ef\u7231\u7684\u8138\u5e9e|48\/100\n|move|p2a: \u6e05\u6f88\u7684\u53cc\u773c \u53ef\u7231\u7684\u8138\u5e9e|Seismic Toss|p1a: Heatran\n|-damage|p1a: Heatran|0 fnt\n|faint|p1a: Heatran\n|\n|-end|p2a: \u6e05\u6f88\u7684\u53cc\u773c \u53ef\u7231\u7684\u8138\u5e9e|Magma Storm|[partiallytrapped]|[silent]\n|upkeep\n|\n|t:|1699707549\n|switch|p1a: Glalie|Glalie-Mega, F|67\/100\n|turn|39\n|\n|t:|1699707570\n|switch|p2a: \u4fdd\u59c6\u9c7c|Alomomola, F|100\/100\n|move|p1a: Glalie|Explosion|p2a: \u4fdd\u59c6\u9c7c\n|-resisted|p2a: \u4fdd\u59c6\u9c7c\n|-damage|p2a: \u4fdd\u59c6\u9c7c|63\/100\n|faint|p1a: Glalie\n|\n|upkeep\n|\n|t:|1699707575\n|switch|p1a: Samurott|Samurott-Hisui, F|63\/100\n|turn|40\n|\n|t:|1699707580\n|move|p1a: Samurott|Taunt|p2a: \u4fdd\u59c6\u9c7c\n|-start|p2a: \u4fdd\u59c6\u9c7c|move: Taunt\n|cant|p2a: \u4fdd\u59c6\u9c7c|move: Taunt|Wish\n|\n|upkeep\n|turn|41\n|\n|t:|1699707586\n|switch|p2a: \u810f\u4e1c\u897f|Whimsicott, F|75\/100\n|move|p1a: Samurott|Taunt|p2a: \u810f\u4e1c\u897f\n|-start|p2a: \u810f\u4e1c\u897f|move: Taunt\n|\n|upkeep\n|turn|42\n|\n|t:|1699707594\n|switch|p2a: \u4fdd\u59c6\u9c7c|Alomomola, F|96\/100\n|move|p1a: Samurott|Taunt|p2a: \u4fdd\u59c6\u9c7c\n|-start|p2a: \u4fdd\u59c6\u9c7c|move: Taunt\n|\n|upkeep\n|turn|43\n|\n|t:|1699707599\n|switch|p2a: \u810f\u4e1c\u897f|Whimsicott, F|75\/100\n|move|p1a: Samurott|Taunt|p2a: \u810f\u4e1c\u897f\n|-start|p2a: \u810f\u4e1c\u897f|move: Taunt\n|\n|upkeep\n|turn|44\n|\n|t:|1699707604\n|switch|p2a: \u4fdd\u59c6\u9c7c|Alomomola, F|100\/100\n|move|p1a: Samurott|Taunt|p2a: \u4fdd\u59c6\u9c7c\n|-start|p2a: \u4fdd\u59c6\u9c7c|move: Taunt\n|\n|upkeep\n|turn|45\n|c|\u2606realested|\u522b\u905b\u6211\u6211\u53ea\u662f\u4e2a\u56f4\u5dfe\n|\n|t:|1699707628\n|move|p1a: Samurott|Taunt||[still]\n|-fail|p1a: Samurott\n|move|p2a: \u4fdd\u59c6\u9c7c|Flip Turn|p1a: Samurott\n|-resisted|p1a: Samurott\n|-damage|p1a: Samurott|53\/100\n|\n|t:|1699707633\n|switch|p2a: \u810f\u4e1c\u897f|Whimsicott, F|75\/100|[from] Flip Turn\n|\n|upkeep\n|turn|46\n|c|\u2606Serena1111|\u56f4\u5dfe\u5e26\u53d8\u5316\uff1f\uff1f\n|inactive|realested has 120 seconds left.\n|c|\u2606realested|\u9ad8\u901f\u6311\u8845\u5c31\u8d70\n|inactive|realested has 90 seconds left.\n|\n|t:|1699707694\n|move|p2a: \u810f\u4e1c\u897f|Toxic|p1a: Samurott\n|-hint|Since gen 7, Dark is immune to Prankster moves.\n|-immune|p1a: Samurott\n|move|p1a: Samurott|Taunt|p2a: \u810f\u4e1c\u897f\n|-start|p2a: \u810f\u4e1c\u897f|move: Taunt\n|\n|upkeep\n|turn|47\n|\n|t:|1699707709\n|switch|p2a: \u5c0f\u667a\u518d\u4e5f\u4e0d\u7528\u62c5\u5fc3\u6211\u4e0d\u77e5\u9053\u5bf9\u65b9\u62db\u5f0f\u4e86|Ditto|71\/100\n|-damage|p2a: \u5c0f\u667a\u518d\u4e5f\u4e0d\u7528\u62c5\u5fc3\u6211\u4e0d\u77e5\u9053\u5bf9\u65b9\u62db\u5f0f\u4e86|46\/100|[from] Spikes\n|-transform|p2a: \u5c0f\u667a\u518d\u4e5f\u4e0d\u7528\u62c5\u5fc3\u6211\u4e0d\u77e5\u9053\u5bf9\u65b9\u62db\u5f0f\u4e86|p1a: Samurott|[from] ability: Imposter\n|move|p1a: Samurott|Taunt|p2a: \u5c0f\u667a\u518d\u4e5f\u4e0d\u7528\u62c5\u5fc3\u6211\u4e0d\u77e5\u9053\u5bf9\u65b9\u62db\u5f0f\u4e86\n|-start|p2a: \u5c0f\u667a\u518d\u4e5f\u4e0d\u7528\u62c5\u5fc3\u6211\u4e0d\u77e5\u9053\u5bf9\u65b9\u62db\u5f0f\u4e86|move: Taunt\n|\n|upkeep\n|turn|48\n|\n|t:|1699707717\n|move|p2a: \u5c0f\u667a\u518d\u4e5f\u4e0d\u7528\u62c5\u5fc3\u6211\u4e0d\u77e5\u9053\u5bf9\u65b9\u62db\u5f0f\u4e86|Ceaseless Edge|p1a: Samurott\n|-resisted|p1a: Samurott\n|-damage|p1a: Samurott|25\/100\n|-sidestart|p1: realested|Spikes\n|move|p1a: Samurott|Taunt||[still]\n|-fail|p1a: Samurott\n|\n|upkeep\n|turn|49\n|\n|t:|1699707727\n|move|p2a: \u5c0f\u667a\u518d\u4e5f\u4e0d\u7528\u62c5\u5fc3\u6211\u4e0d\u77e5\u9053\u5bf9\u65b9\u62db\u5f0f\u4e86|Ceaseless Edge|p1a: Samurott\n|-resisted|p1a: Samurott\n|-damage|p1a: Samurott|0 fnt\n|-sidestart|p1: realested|Spikes\n|faint|p1a: Samurott\n|\n|win|Serena1111\n|raw|realested's rating: 1143 &rarr; <strong>1116<\/strong><br \/>(-27 for losing)\n|raw|Serena1111's rating: 1116 &rarr; <strong>1143<\/strong><br \/>(+27 for winning)\n|l|\u2606realested\n|j| xdswl\n|j| XYStarshone.\u6c34\u706b\u4fa0\u661f\u8000\n|j| dianciexia\n|j| Yjun\u3010\u541b\u3011\n|l| xdswl\n|l| dianciexia\n|l| XYStarshone.\u6c34\u706b\u4fa0\u661f\u8000\n|j| THBD differents\n|j| lchx\n|l| THBD differents\n|l| Yjun\u3010\u541b\u3011\n|j| gevamjh\n|l| gevamjh\n|j| dianciexia\n|l| dianciexia\n|l| lchx\n","uploadtime":1699707734,"views":6,"p1id":"realested","p2id":"serena1111","formatid":"gen9nationaldex","rating":1116,"private":0,"password":""}