{"id":"gen9nationaldex-1991897298","p1":"wlakjqpqbe","p2":"Gilsog","format":"[Gen 9] National Dex","log":"|j|\u2606wlakjqpqbe\n|j|\u2606Gilsog\n|t:|1700135223\n|gametype|singles\n|player|p1|wlakjqpqbe|101|1000\n|player|p2|Gilsog|linebacker|1052\n|teamsize|p1|6\n|teamsize|p2|6\n|gen|9\n|tier|[Gen 9] National Dex\n|rated|\n|rule|HP Percentage Mod: HP is shown in percentages\n|rule|Endless Battle Clause: Forcing endless battles is banned\n|rule|OHKO Clause: OHKO moves are banned\n|rule|Evasion Clause: Evasion abilities, items, and moves are banned\n|rule|Evasion Abilities Clause: Evasion abilities are banned\n|rule|Evasion Items Clause: Evasion items are banned\n|rule|Evasion Moves Clause: Evasion moves are banned\n|rule|Species Clause: Limit one of each Pok\u00e9mon\n|rule|Sleep Clause Mod: Limit one foe put to sleep\n|clearpoke\n|poke|p1|Pelipper, M|\n|poke|p1|Greninja-*, M|\n|poke|p1|Swampert, M|\n|poke|p1|Talonflame, F|\n|poke|p1|Ogerpon-Wellspring, F|\n|poke|p1|Urshifu-*, M|\n|poke|p2|Tapu Koko|\n|poke|p2|Glimmora, F|\n|poke|p2|Sneasler, M|\n|poke|p2|Azumarill, M|\n|poke|p2|Dragonite, F|\n|poke|p2|Heatran, M|\n|teampreview\n|\n|t:|1700135235\n|start\n|switch|p1a: Pelipper|Pelipper, M|100\/100\n|switch|p2a: Glimmora|Glimmora, F|100\/100\n|-weather|RainDance|[from] ability: Drizzle|[of] p1a: Pelipper\n|turn|1\n|\n|t:|1700135257\n|move|p2a: Glimmora|Stealth Rock|p1a: Pelipper\n|-sidestart|p1: wlakjqpqbe|move: Stealth Rock\n|move|p1a: Pelipper|Scald|p2a: Glimmora\n|-supereffective|p2a: Glimmora\n|-enditem|p2a: Glimmora|Focus Sash\n|-damage|p2a: Glimmora|1\/100\n|\n|-weather|RainDance|[upkeep]\n|upkeep\n|turn|2\n|\n|t:|1700135274\n|switch|p1a: Swampert|Swampert, M|100\/100\n|-damage|p1a: Swampert|94\/100|[from] Stealth Rock\n|move|p2a: Glimmora|Toxic Spikes|p1a: Swampert\n|-sidestart|p1: wlakjqpqbe|move: Toxic Spikes\n|\n|-weather|RainDance|[upkeep]\n|upkeep\n|turn|3\n|\n|t:|1700135283\n|detailschange|p1a: Swampert|Swampert-Mega, M\n|-mega|p1a: Swampert|Swampert|Swampertite\n|move|p1a: Swampert|Waterfall|p2a: Glimmora\n|-supereffective|p2a: Glimmora\n|-damage|p2a: Glimmora|0 fnt\n|-activate|p2a: Glimmora|ability: Toxic Debris\n|-sidestart|p1: wlakjqpqbe|move: Toxic Spikes\n|faint|p2a: Glimmora\n|\n|-weather|RainDance|[upkeep]\n|upkeep\n|\n|t:|1700135293\n|switch|p2a: Tapu Koko|Tapu Koko|100\/100\n|-fieldstart|move: Electric Terrain|[from] ability: Electric Surge|[of] p2a: Tapu Koko\n|turn|4\n|\n|t:|1700135302\n|-terastallize|p2a: Tapu Koko|Flying\n|move|p1a: Swampert|Waterfall|p2a: Tapu Koko\n|-damage|p2a: Tapu Koko|0 fnt\n|faint|p2a: Tapu Koko\n|\n|-weather|RainDance|[upkeep]\n|upkeep\n|\n|t:|1700135310\n|switch|p2a: Sneasler|Sneasler, M|100\/100\n|-enditem|p2a: Sneasler|Electric Seed\n|-boost|p2a: Sneasler|def|1|[from] item: Electric Seed\n|turn|5\n|\n|t:|1700135317\n|move|p2a: Sneasler|Acrobatics|p1a: Swampert\n|-damage|p1a: Swampert|58\/100\n|move|p1a: Swampert|Earthquake|p2a: Sneasler\n|-supereffective|p2a: Sneasler\n|-damage|p2a: Sneasler|0 fnt\n|faint|p2a: Sneasler\n|\n|-weather|RainDance|[upkeep]\n|upkeep\n|-message|Gilsog forfeited.\n|\n|win|wlakjqpqbe\n|raw|wlakjqpqbe's rating: 1000 &rarr; <strong>1046<\/strong><br \/>(+46 for winning)\n|raw|Gilsog's rating: 1052 &rarr; <strong>1032<\/strong><br \/>(-20 for losing)\n|l|\u2606Gilsog\n","uploadtime":1700135324,"views":6,"p1id":"wlakjqpqbe","p2id":"gilsog","formatid":"gen9nationaldex","rating":1032,"private":0,"password":""}