{"id":"gen9nationaldex-1988692040","p1":"GuiJiXia","p2":"adpg.alt","format":"[Gen 9] National Dex","log":"|j|\u2606GuiJiXia\n|j|\u2606adpg.alt\n|t:|1699751286\n|gametype|singles\n|player|p1|GuiJiXia|cynthia|1335\n|player|p2|adpg.alt|hilbert-wonderlauncher|1360\n|teamsize|p1|6\n|teamsize|p2|6\n|gen|9\n|tier|[Gen 9] National Dex\n|rated|\n|rule|HP Percentage Mod: HP is shown in percentages\n|rule|Endless Battle Clause: Forcing endless battles is banned\n|rule|OHKO Clause: OHKO moves are banned\n|rule|Evasion Clause: Evasion abilities, items, and moves are banned\n|rule|Evasion Abilities Clause: Evasion abilities are banned\n|rule|Evasion Items Clause: Evasion items are banned\n|rule|Evasion Moves Clause: Evasion moves are banned\n|rule|Species Clause: Limit one of each Pok\u00e9mon\n|rule|Sleep Clause Mod: Limit one foe put to sleep\n|clearpoke\n|poke|p1|Rillaboom, M|\n|poke|p1|Urshifu-*, M|\n|poke|p1|Volcarona, F|\n|poke|p1|Great Tusk|\n|poke|p1|Skeledirge, F|\n|poke|p1|Venusaur, M|\n|poke|p2|Glimmora, F|\n|poke|p2|Ninetales-Alola, M|\n|poke|p2|Dragonite, F|\n|poke|p2|Iron Valiant|\n|poke|p2|Sneasler, F|\n|poke|p2|Xurkitree|\n|teampreview\n|\n|t:|1699751331\n|start\n|switch|p1a: Rillaboom|Rillaboom, M|100\/100\n|switch|p2a: Glimmora|Glimmora, F|100\/100\n|-fieldstart|move: Grassy Terrain|[from] ability: Grassy Surge|[of] p1a: Rillaboom\n|turn|1\n|\n|t:|1699751343\n|move|p2a: Glimmora|Stealth Rock|p1a: Rillaboom\n|-sidestart|p1: GuiJiXia|move: Stealth Rock\n|move|p1a: Rillaboom|Wood Hammer|p2a: Glimmora\n|-enditem|p2a: Glimmora|Focus Sash\n|-damage|p2a: Glimmora|1\/100\n|-activate|p2a: Glimmora|ability: Toxic Debris\n|-sidestart|p1: GuiJiXia|move: Toxic Spikes\n|-damage|p1a: Rillaboom|71\/100|[from] Recoil\n|\n|-heal|p2a: Glimmora|7\/100|[from] Grassy Terrain\n|-heal|p1a: Rillaboom|77\/100|[from] Grassy Terrain\n|upkeep\n|turn|2\n|\n|t:|1699751356\n|move|p2a: Glimmora|Mortal Spin|p1a: Rillaboom\n|-supereffective|p1a: Rillaboom\n|-damage|p1a: Rillaboom|63\/100\n|-status|p1a: Rillaboom|psn\n|move|p1a: Rillaboom|Wood Hammer|p2a: Glimmora\n|-crit|p2a: Glimmora\n|-damage|p2a: Glimmora|0 fnt\n|-activate|p2a: Glimmora|ability: Toxic Debris\n|-sidestart|p1: GuiJiXia|move: Toxic Spikes\n|faint|p2a: Glimmora\n|-damage|p1a: Rillaboom|61\/100 psn|[from] Recoil\n|\n|-heal|p1a: Rillaboom|67\/100 psn|[from] Grassy Terrain\n|-damage|p1a: Rillaboom|55\/100 psn|[from] psn\n|upkeep\n|\n|t:|1699751373\n|switch|p2a: Dragonite|Dragonite, F|100\/100\n|turn|3\n|\n|t:|1699751384\n|switch|p1a: Skeledirge|Skeledirge, F|100\/100\n|move|p2a: Dragonite|Ice Spinner|p1a: Skeledirge\n|-resisted|p1a: Skeledirge\n|-damage|p1a: Skeledirge|91\/100\n|-fieldend|move: Grassy Terrain\n|\n|upkeep\n|turn|4\n|\n|t:|1699751394\n|switch|p2a: Ninetales|Ninetales-Alola, M|100\/100\n|-weather|Snow|[from] ability: Snow Warning|[of] p2a: Ninetales\n|move|p1a: Skeledirge|Torch Song|p2a: Ninetales\n|-supereffective|p2a: Ninetales\n|-damage|p2a: Ninetales|33\/100\n|-boost|p1a: Skeledirge|spa|1\n|\n|-weather|Snow|[upkeep]\n|upkeep\n|turn|5\n|\n|t:|1699751408\n|move|p2a: Ninetales|Aurora Veil|p2a: Ninetales\n|-sidestart|p2: adpg.alt|move: Aurora Veil\n|move|p1a: Skeledirge|Torch Song|p2a: Ninetales\n|-supereffective|p2a: Ninetales\n|-damage|p2a: Ninetales|0 fnt\n|-boost|p1a: Skeledirge|spa|1\n|faint|p2a: Ninetales\n|\n|-weather|Snow|[upkeep]\n|upkeep\n|\n|t:|1699751413\n|switch|p2a: Xurkitree|Xurkitree|100\/100\n|turn|6\n|\n|t:|1699751426\n|-zpower|p2a: Xurkitree\n|move|p2a: Xurkitree|Z-Hypnosis|p1a: Skeledirge|[anim]Hypnosis\n|-boost|p2a: Xurkitree|spe|1|[zeffect]\n|-status|p1a: Skeledirge|slp|[from] move: Hypnosis\n|cant|p1a: Skeledirge|slp\n|\n|-weather|Snow|[upkeep]\n|upkeep\n|turn|7\n|\n|t:|1699751444\n|switch|p1a: Venusaur|Venusaur, M|100\/100\n|-damage|p1a: Venusaur|88\/100|[from] Stealth Rock\n|-sideend|p1: GuiJiXia|move: Toxic Spikes|[of] p1a: Venusaur\n|move|p2a: Xurkitree|Tail Glow|p2a: Xurkitree\n|-boost|p2a: Xurkitree|spa|3\n|\n|-weather|Snow|[upkeep]\n|upkeep\n|turn|8\n|\n|t:|1699751452\n|detailschange|p1a: Venusaur|Venusaur-Mega, M\n|-mega|p1a: Venusaur|Venusaur|Venusaurite\n|move|p2a: Xurkitree|Hidden Power|p1a: Venusaur\n|-supereffective|p1a: Venusaur\n|-damage|p1a: Venusaur|31\/100\n|move|p1a: Venusaur|Earth Power|p2a: Xurkitree\n|-supereffective|p2a: Xurkitree\n|-damage|p2a: Xurkitree|57\/100\n|\n|-weather|none\n|upkeep\n|turn|9\n|\n|t:|1699751497\n|switch|p1a: Rillaboom|Rillaboom, M|55\/100 psn\n|-damage|p1a: Rillaboom|43\/100 psn|[from] Stealth Rock\n|-fieldstart|move: Grassy Terrain|[from] ability: Grassy Surge|[of] p1a: Rillaboom\n|move|p2a: Xurkitree|Thunderbolt|p1a: Rillaboom\n|-resisted|p1a: Rillaboom\n|-damage|p1a: Rillaboom|0 fnt\n|faint|p1a: Rillaboom\n|-ability|p2a: Xurkitree|Beast Boost|boost\n|-boost|p2a: Xurkitree|spa|1\n|\n|-heal|p2a: Xurkitree|63\/100|[from] Grassy Terrain\n|upkeep\n|\n|t:|1699751508\n|switch|p1a: Volcarona|Volcarona, F|100\/100\n|turn|10\n|\n|t:|1699751513\n|move|p2a: Xurkitree|Thunderbolt|p1a: Volcarona\n|-damage|p1a: Volcarona|0 fnt\n|faint|p1a: Volcarona\n|-ability|p2a: Xurkitree|Beast Boost|boost\n|-boost|p2a: Xurkitree|spa|1\n|\n|-heal|p2a: Xurkitree|69\/100|[from] Grassy Terrain\n|upkeep\n|\n|t:|1699751517\n|switch|p1a: Venusaur|Venusaur-Mega, M|31\/100\n|-damage|p1a: Venusaur|19\/100|[from] Stealth Rock\n|turn|11\n|-message|GuiJiXia forfeited.\n|\n|win|adpg.alt\n|raw|GuiJiXia's rating: 1335 &rarr; <strong>1316<\/strong><br \/>(-19 for losing)\n|raw|adpg.alt's rating: 1360 &rarr; <strong>1379<\/strong><br \/>(+19 for winning)\n|l|\u2606GuiJiXia\n","uploadtime":1699751532,"views":6,"p1id":"guijixia","p2id":"adpgalt","formatid":"gen9nationaldex","rating":1316,"private":0,"password":""}