{"id":"gen9nationaldex-1997654803","p1":"oonation","p2":"hhhhhh111111","format":"[Gen 9] National Dex","log":"|html|<div class=\"broadcast-blue\"><strong>[Gen 9] National Dex is currently suspecting Sneasler! For information on how to participate check out the <a href=\"https:\/\/www.smogon.com\/forums\/threads\/sv-national-dex-suspect-8-just-dance.3731534\/\">suspect thread<\/a>.<\/strong><\/div>\n|j|\u2606oonation\n|j|\u2606hhhhhh111111\n|t:|1700838103\n|gametype|singles\n|player|p1|oonation|bugcatcher-gen4dp|1635\n|player|p2|hhhhhh111111|steven|1670\n|teamsize|p1|6\n|teamsize|p2|6\n|gen|9\n|tier|[Gen 9] National Dex\n|rated|\n|rule|HP Percentage Mod: HP is shown in percentages\n|rule|Endless Battle Clause: Forcing endless battles is banned\n|rule|OHKO Clause: OHKO moves are banned\n|rule|Evasion Clause: Evasion abilities, items, and moves are banned\n|rule|Evasion Abilities Clause: Evasion abilities are banned\n|rule|Evasion Items Clause: Evasion items are banned\n|rule|Evasion Moves Clause: Evasion moves are banned\n|rule|Species Clause: Limit one of each Pok\u00e9mon\n|rule|Sleep Clause Mod: Limit one foe put to sleep\n|clearpoke\n|poke|p1|Dragonite, M|\n|poke|p1|Ursaluna, F|\n|poke|p1|Tapu Koko|\n|poke|p1|Garchomp, M|\n|poke|p1|Hoopa-Unbound|\n|poke|p1|Moltres|\n|poke|p2|Swampert, M|\n|poke|p2|Pelipper, F|\n|poke|p2|Greninja-*, M|\n|poke|p2|Ferrothorn, F|\n|poke|p2|Dragonite, M|\n|poke|p2|Barraskewda, M|\n|teampreview\n|inactive|Battle timer is ON: inactive players will automatically lose when time's up. (requested by oonation)\n|inactive|oonation has 120 seconds left.\n|\n|t:|1700838160\n|start\n|switch|p1a: Hoopa|Hoopa-Unbound|100\/100\n|switch|p2a: Ferrothorn|Ferrothorn, F, shiny|100\/100\n|turn|1\n|\n|t:|1700838188\n|switch|p2a: Dragonite|Dragonite, M, shiny|100\/100\n|move|p1a: Hoopa|Dark Pulse|p2a: Dragonite\n|-damage|p2a: Dragonite|73\/100\n|\n|-heal|p2a: Dragonite|79\/100|[from] item: Leftovers\n|upkeep\n|turn|2\n|\n|t:|1700838198\n|switch|p1a: Ursaluna|Ursaluna, F|100\/100\n|move|p2a: Dragonite|Dragon Claw|p1a: Ursaluna\n|-damage|p1a: Ursaluna|68\/100\n|\n|-heal|p2a: Dragonite|86\/100|[from] item: Leftovers\n|upkeep\n|turn|3\n|\n|t:|1700838206\n|move|p2a: Dragonite|Dragon Dance|p2a: Dragonite\n|-boost|p2a: Dragonite|atk|1\n|-boost|p2a: Dragonite|spe|1\n|move|p1a: Ursaluna|Stone Edge|p2a: Dragonite|[miss]\n|-miss|p1a: Ursaluna|p2a: Dragonite\n|\n|-heal|p2a: Dragonite|92\/100|[from] item: Leftovers\n|upkeep\n|turn|4\n|\n|t:|1700838220\n|-terastallize|p2a: Dragonite|Normal\n|move|p2a: Dragonite|Dragon Dance|p2a: Dragonite\n|-boost|p2a: Dragonite|atk|1\n|-boost|p2a: Dragonite|spe|1\n|move|p1a: Ursaluna|Stone Edge|p2a: Dragonite\n|-damage|p2a: Dragonite|47\/100\n|\n|-heal|p2a: Dragonite|53\/100|[from] item: Leftovers\n|upkeep\n|turn|5\n|\n|t:|1700838227\n|move|p2a: Dragonite|Extreme Speed|p1a: Ursaluna\n|-damage|p1a: Ursaluna|5\/100\n|move|p1a: Ursaluna|Body Slam|p2a: Dragonite\n|-damage|p2a: Dragonite|0 fnt\n|faint|p2a: Dragonite\n|\n|upkeep\n|\n|t:|1700838237\n|switch|p2a: Pelipper|Pelipper, F|100\/100\n|-weather|RainDance|[from] ability: Drizzle|[of] p2a: Pelipper\n|turn|6\n|\n|t:|1700838248\n|move|p2a: Pelipper|U-turn|p1a: Ursaluna\n|-crit|p1a: Ursaluna\n|-damage|p1a: Ursaluna|0 fnt\n|faint|p1a: Ursaluna\n|\n|t:|1700838256\n|switch|p2a: Swampert|Swampert, M, shiny|100\/100|[from] U-turn\n|\n|-weather|RainDance|[upkeep]\n|upkeep\n|\n|t:|1700838276\n|switch|p1a: Dragonite|Dragonite, M|100\/100\n|turn|7\n|\n|t:|1700838303\n|detailschange|p2a: Swampert|Swampert-Mega, M, shiny\n|-mega|p2a: Swampert|Swampert|Swampertite\n|-terastallize|p1a: Dragonite|Normal\n|move|p1a: Dragonite|Extreme Speed|p2a: Swampert\n|-damage|p2a: Swampert|39\/100\n|move|p2a: Swampert|Ice Punch|p1a: Dragonite\n|-damage|p1a: Dragonite|86\/100\n|\n|-weather|RainDance|[upkeep]\n|upkeep\n|turn|8\n|inactive|hhhhhh111111 has 120 seconds left.\n|\n|t:|1700838332\n|switch|p2a: Ferrothorn|Ferrothorn, F, shiny|100\/100\n|move|p1a: Dragonite|Extreme Speed|p2a: Ferrothorn\n|-resisted|p2a: Ferrothorn\n|-damage|p2a: Ferrothorn|75\/100\n|-damage|p1a: Dragonite|74\/100|[from] ability: Iron Barbs|[of] p2a: Ferrothorn\n|\n|-weather|RainDance|[upkeep]\n|-heal|p2a: Ferrothorn|81\/100|[from] item: Leftovers\n|upkeep\n|turn|9\n|\n|t:|1700838336\n|switch|p1a: Hoopa|Hoopa-Unbound|100\/100\n|move|p2a: Ferrothorn|Stealth Rock|p1a: Hoopa\n|-sidestart|p1: oonation|move: Stealth Rock\n|\n|-weather|RainDance|[upkeep]\n|-heal|p2a: Ferrothorn|87\/100|[from] item: Leftovers\n|upkeep\n|turn|10\n|\n|t:|1700838344\n|-zpower|p1a: Hoopa\n|move|p1a: Hoopa|All-Out Pummeling|p2a: Ferrothorn|[zeffect]\n|-supereffective|p2a: Ferrothorn\n|-damage|p2a: Ferrothorn|0 fnt\n|faint|p2a: Ferrothorn\n|\n|-weather|RainDance|[upkeep]\n|upkeep\n|\n|t:|1700838350\n|switch|p2a: Barraskewda|Barraskewda, M, shiny|100\/100\n|turn|11\n|\n|t:|1700838365\n|move|p2a: Barraskewda|Liquidation|p1a: Hoopa\n|-damage|p1a: Hoopa|0 fnt\n|faint|p1a: Hoopa\n|\n|-weather|RainDance|[upkeep]\n|upkeep\n|\n|t:|1700838374\n|switch|p1a: Garchomp|Garchomp, M|100\/100\n|-damage|p1a: Garchomp|94\/100|[from] Stealth Rock\n|turn|12\n|\n|t:|1700838388\n|move|p2a: Barraskewda|Liquidation|p1a: Garchomp\n|-damage|p1a: Garchomp|0 fnt\n|-damage|p2a: Barraskewda|88\/100|[from] ability: Rough Skin|[of] p1a: Garchomp\n|faint|p1a: Garchomp\n|\n|-weather|RainDance|[upkeep]\n|upkeep\n|\n|t:|1700838392\n|switch|p1a: Dragonite|Dragonite, M, tera:Normal|74\/100\n|-damage|p1a: Dragonite|61\/100|[from] Stealth Rock\n|turn|13\n|\n|t:|1700838401\n|switch|p2a: Swampert|Swampert-Mega, M, shiny|39\/100\n|move|p1a: Dragonite|Extreme Speed|p2a: Swampert\n|-damage|p2a: Swampert|0 fnt\n|faint|p2a: Swampert\n|\n|-weather|none\n|upkeep\n|\n|t:|1700838408\n|switch|p2a: Pelipper|Pelipper, F|100\/100\n|-weather|RainDance|[from] ability: Drizzle|[of] p2a: Pelipper\n|turn|14\n|\n|t:|1700838417\n|switch|p1a: Tapu Koko|Tapu Koko|100\/100\n|-damage|p1a: Tapu Koko|88\/100|[from] Stealth Rock\n|-fieldstart|move: Electric Terrain|[from] ability: Electric Surge|[of] p1a: Tapu Koko\n|move|p2a: Pelipper|Scald|p1a: Tapu Koko\n|-damage|p1a: Tapu Koko|27\/100\n|-status|p1a: Tapu Koko|brn\n|\n|-weather|RainDance|[upkeep]\n|-damage|p1a: Tapu Koko|21\/100 brn|[from] brn\n|upkeep\n|turn|15\n|\n|t:|1700838430\n|switch|p2a: Greninja|Greninja, M|100\/100\n|move|p1a: Tapu Koko|Thunderbolt|p2a: Greninja\n|-supereffective|p2a: Greninja\n|-damage|p2a: Greninja|0 fnt\n|faint|p2a: Greninja\n|\n|-weather|RainDance|[upkeep]\n|-damage|p1a: Tapu Koko|15\/100 brn|[from] brn\n|upkeep\n|\n|t:|1700838436\n|switch|p2a: Barraskewda|Barraskewda, M, shiny|88\/100\n|turn|16\n|\n|t:|1700838440\n|move|p2a: Barraskewda|Flip Turn|p1a: Tapu Koko\n|-damage|p1a: Tapu Koko|0 fnt\n|faint|p1a: Tapu Koko\n|\n|t:|1700838442\n|switch|p2a: Pelipper|Pelipper, F|100\/100|[from] Flip Turn\n|\n|-weather|RainDance|[upkeep]\n|upkeep\n|\n|t:|1700838444\n|switch|p1a: Moltres|Moltres|100\/100\n|turn|17\n|\n|t:|1700838451\n|move|p1a: Moltres|Defog|p2a: Pelipper\n|-unboost|p2a: Pelipper|evasion|1\n|-sideend|p1: oonation|Stealth Rock|[from] move: Defog|[of] p1a: Moltres\n|-fieldend|move: Electric Terrain\n|move|p2a: Pelipper|U-turn|p1a: Moltres\n|-resisted|p1a: Moltres\n|-damage|p1a: Moltres|99\/100\n|-status|p2a: Pelipper|brn|[from] ability: Flame Body|[of] p1a: Moltres\n|\n|t:|1700838469\n|switch|p2a: Barraskewda|Barraskewda, M, shiny|88\/100|[from] U-turn\n|\n|-weather|RainDance|[upkeep]\n|upkeep\n|turn|18\n|\n|t:|1700838472\n|move|p2a: Barraskewda|Liquidation|p1a: Moltres\n|-supereffective|p1a: Moltres\n|-damage|p1a: Moltres|0 fnt\n|faint|p1a: Moltres\n|\n|-weather|RainDance|[upkeep]\n|upkeep\n|\n|t:|1700838474\n|switch|p1a: Dragonite|Dragonite, M, tera:Normal|61\/100\n|turn|19\n|\n|t:|1700838476\n|move|p1a: Dragonite|Extreme Speed|p2a: Barraskewda\n|-damage|p2a: Barraskewda|0 fnt\n|faint|p2a: Barraskewda\n|\n|-weather|RainDance|[upkeep]\n|upkeep\n|\n|t:|1700838480\n|switch|p2a: Pelipper|Pelipper, F|100\/100 brn\n|turn|20\n|\n|t:|1700838482\n|move|p1a: Dragonite|Extreme Speed|p2a: Pelipper\n|-damage|p2a: Pelipper|44\/100 brn\n|move|p2a: Pelipper|Scald|p1a: Dragonite\n|-damage|p1a: Dragonite|20\/100\n|-status|p1a: Dragonite|brn\n|\n|-weather|RainDance|[upkeep]\n|-damage|p1a: Dragonite|14\/100 brn|[from] brn\n|-damage|p2a: Pelipper|38\/100 brn|[from] brn\n|upkeep\n|turn|21\n|\n|t:|1700838490\n|move|p1a: Dragonite|Extreme Speed|p2a: Pelipper\n|-crit|p2a: Pelipper\n|-damage|p2a: Pelipper|0 fnt\n|faint|p2a: Pelipper\n|\n|win|oonation\n|raw|oonation's rating: 1635 &rarr; <strong>1657<\/strong><br \/>(+22 for winning)\n|raw|hhhhhh111111's rating: 1670 &rarr; <strong>1648<\/strong><br \/>(-22 for losing)\n|l|\u2606hhhhhh111111\n","uploadtime":1700838544,"views":6,"p1id":"oonation","p2id":"hhhhhh111111","formatid":"gen9nationaldex","rating":1648,"private":0,"password":""}