{"id":"gen9nationaldex-1992449520","p1":"Qwmere","p2":"Glalie hero","format":"[Gen 9] National Dex","log":"|j|\u2606Qwmere\n|j|\u2606Glalie hero\n|t:|1700188968\n|gametype|singles\n|player|p1|Qwmere|102|1246\n|player|p2|Glalie hero|ltsurge|1267\n|teamsize|p1|6\n|teamsize|p2|6\n|gen|9\n|tier|[Gen 9] National Dex\n|rated|\n|rule|HP Percentage Mod: HP is shown in percentages\n|rule|Endless Battle Clause: Forcing endless battles is banned\n|rule|OHKO Clause: OHKO moves are banned\n|rule|Evasion Clause: Evasion abilities, items, and moves are banned\n|rule|Evasion Abilities Clause: Evasion abilities are banned\n|rule|Evasion Items Clause: Evasion items are banned\n|rule|Evasion Moves Clause: Evasion moves are banned\n|rule|Species Clause: Limit one of each Pok\u00e9mon\n|rule|Sleep Clause Mod: Limit one foe put to sleep\n|clearpoke\n|poke|p1|Regice|\n|poke|p1|Latias, F|\n|poke|p1|Tapu Koko|\n|poke|p1|Sneasler, F|\n|poke|p1|Skeledirge, F|\n|poke|p1|Gyarados, F|\n|poke|p2|Ribombee, F|\n|poke|p2|Glalie, M|\n|poke|p2|Manaphy|\n|poke|p2|Urshifu-*, F|\n|poke|p2|Garchomp, M|\n|poke|p2|Kartana|\n|teampreview\n|inactive|Battle timer is ON: inactive players will automatically lose when time's up. (requested by Qwmere)\n|\n|t:|1700188976\n|start\n|switch|p1a: Skeledirge|Skeledirge, F|100\/100\n|switch|p2a: Top Shelf Za|Ribombee, F|100\/100\n|turn|1\n|\n|t:|1700188979\n|move|p2a: Top Shelf Za|Sticky Web|p1a: Skeledirge\n|-sidestart|p1: Qwmere|move: Sticky Web\n|move|p1a: Skeledirge|Torch Song|p2a: Top Shelf Za\n|-supereffective|p2a: Top Shelf Za\n|-enditem|p2a: Top Shelf Za|Focus Sash\n|-damage|p2a: Top Shelf Za|1\/100\n|-boost|p1a: Skeledirge|spa|1\n|\n|upkeep\n|turn|2\n|\n|t:|1700188984\n|move|p2a: Top Shelf Za|Stun Spore|p1a: Skeledirge|[miss]\n|-miss|p2a: Top Shelf Za|p1a: Skeledirge\n|move|p1a: Skeledirge|Torch Song|p2a: Top Shelf Za\n|-supereffective|p2a: Top Shelf Za\n|-damage|p2a: Top Shelf Za|0 fnt\n|-boost|p1a: Skeledirge|spa|1\n|faint|p2a: Top Shelf Za\n|\n|upkeep\n|\n|t:|1700189006\n|switch|p2a: Po|Urshifu-Rapid-Strike, F|100\/100\n|turn|3\n|\n|t:|1700189009\n|move|p2a: Po|Surging Strikes|p1a: Skeledirge\n|-supereffective|p1a: Skeledirge\n|-crit|p1a: Skeledirge\n|-damage|p1a: Skeledirge|42\/100\n|-supereffective|p1a: Skeledirge\n|-crit|p1a: Skeledirge\n|-damage|p1a: Skeledirge|0 fnt\n|faint|p1a: Skeledirge\n|-hitcount|p1: Skeledirge|2\n|\n|upkeep\n|\n|t:|1700189019\n|switch|p1a: Latias|Latias, F, shiny|100\/100\n|turn|4\n|\n|t:|1700189026\n|switch|p2a: Battin' an eye..|Manaphy|100\/100\n|move|p1a: Latias|Defog|p2a: Battin' an eye..\n|-unboost|p2a: Battin' an eye..|evasion|1\n|-sideend|p1: Qwmere|Sticky Web|[from] move: Defog|[of] p1a: Latias\n|\n|upkeep\n|turn|5\n|\n|t:|1700189031\n|detailschange|p1a: Latias|Latias-Mega, F, shiny\n|-mega|p1a: Latias|Latias|Latiasite\n|move|p2a: Battin' an eye..|Tail Glow|p2a: Battin' an eye..\n|-boost|p2a: Battin' an eye..|spa|3\n|move|p1a: Latias|Calm Mind|p1a: Latias\n|-boost|p1a: Latias|spa|1\n|-boost|p1a: Latias|spd|1\n|\n|upkeep\n|turn|6\n|\n|t:|1700189040\n|move|p2a: Battin' an eye..|Dazzling Gleam|p1a: Latias\n|-supereffective|p1a: Latias\n|-damage|p1a: Latias|47\/100\n|move|p1a: Latias|Calm Mind|p1a: Latias\n|-boost|p1a: Latias|spa|1\n|-boost|p1a: Latias|spd|1\n|\n|upkeep\n|turn|7\n|\n|t:|1700189047\n|move|p2a: Battin' an eye..|Dazzling Gleam|p1a: Latias\n|-supereffective|p1a: Latias\n|-damage|p1a: Latias|11\/100\n|move|p1a: Latias|Psyshock|p2a: Battin' an eye..\n|-damage|p2a: Battin' an eye..|24\/100\n|\n|-heal|p2a: Battin' an eye..|30\/100|[from] item: Leftovers\n|upkeep\n|turn|8\n|\n|t:|1700189057\n|move|p2a: Battin' an eye..|Dazzling Gleam|p1a: Latias\n|-supereffective|p1a: Latias\n|-damage|p1a: Latias|0 fnt\n|faint|p1a: Latias\n|\n|-heal|p2a: Battin' an eye..|36\/100|[from] item: Leftovers\n|upkeep\n|c|\u2606Glalie hero|who let u cook\n|c|\u2606Glalie hero|wheres ur speed evs\n|c|\u2606Glalie hero|ur slower than +0 manaphy\n|c|\u2606Qwmere|defence\n|c|\u2606Glalie hero|Yikes\n|\n|t:|1700189080\n|switch|p1a: Sneasler|Sneasler, F, shiny|100\/100\n|turn|9\n|\n|t:|1700189087\n|move|p1a: Sneasler|Close Combat|p2a: Battin' an eye..\n|-damage|p2a: Battin' an eye..|0 fnt\n|-unboost|p1a: Sneasler|def|1\n|-unboost|p1a: Sneasler|spd|1\n|faint|p2a: Battin' an eye..\n|\n|upkeep\n|\n|t:|1700189099\n|switch|p2a: Po|Urshifu-Rapid-Strike, F|100\/100\n|turn|10\n|\n|t:|1700189106\n|switch|p1a: Gyarados|Gyarados, F|100\/100\n|move|p2a: Po|Surging Strikes|p1a: Gyarados\n|-resisted|p1a: Gyarados\n|-crit|p1a: Gyarados\n|-damage|p1a: Gyarados|80\/100\n|-resisted|p1a: Gyarados\n|-crit|p1a: Gyarados\n|-damage|p1a: Gyarados|60\/100\n|-resisted|p1a: Gyarados\n|-crit|p1a: Gyarados\n|-damage|p1a: Gyarados|40\/100\n|-hitcount|p1a: Gyarados|3\n|\n|upkeep\n|turn|11\n|\n|t:|1700189120\n|move|p2a: Po|Surging Strikes|p1a: Gyarados\n|-resisted|p1a: Gyarados\n|-crit|p1a: Gyarados\n|-damage|p1a: Gyarados|19\/100\n|-resisted|p1a: Gyarados\n|-crit|p1a: Gyarados\n|-damage|p1a: Gyarados|0 fnt\n|faint|p1a: Gyarados\n|-hitcount|p1: Gyarados|2\n|\n|upkeep\n|c|\u2606Qwmere|urshifu is broken\n|\n|t:|1700189133\n|switch|p1a: Tapu Koko|Tapu Koko|100\/100\n|-fieldstart|move: Electric Terrain|[from] ability: Electric Surge|[of] p1a: Tapu Koko\n|turn|12\n|c|\u2606Glalie hero|its base 293 speed\n|c|\u2606Glalie hero|ur braindead\n|c|\u2606Glalie hero|dont use gyara in nat dex next time\n|c|\u2606Qwmere|3 crits\n|c|\u2606Glalie hero|the signature move always crits\n|c|\u2606Glalie hero|r u okay\n|c|\u2606Qwmere|im having fun\n|inactive|Glalie hero has 120 seconds left.\n|c|\u2606Glalie hero|its guaranteed crit\n|c|\u2606Qwmere|you just sweaty asf niga lmfao\n|c|\u2606Glalie hero|have u ever read surging strikes\n|c|\u2606Glalie hero|LOOL\n|c|\u2606Glalie hero|yeah bro\n|c|\u2606Glalie hero|im running banded urshifu\n|c|\u2606Glalie hero|im trying so hard\n|c|\u2606Qwmere|exactly 3 crits\n|inactive|Glalie hero has 90 seconds left.\n|c|\u2606Glalie hero|bro\n|c|\u2606Glalie hero|ITS GUARANTEED\n|c|\u2606Qwmere|no shit\n|c|\u2606Glalie hero|READ SURGING STRIKES\n|c|\u2606Glalie hero|PLEASE\n|c|\u2606Glalie hero|then why r u complaining\n|c|\u2606Glalie hero|about 3 crits\n|c|\u2606Qwmere|i know what the move does\n|\n|t:|1700189217\n|switch|p2a: Chompin..|Garchomp, M|100\/100\n|move|p1a: Tapu Koko|Dazzling Gleam|p2a: Chompin..\n|-supereffective|p2a: Chompin..\n|-damage|p2a: Chompin..|37\/100\n|-damage|p1a: Tapu Koko|91\/100|[from] item: Life Orb\n|\n|upkeep\n|turn|13\n|c|\u2606Qwmere|doesnt make it less broken\n|\n|t:|1700189226\n|move|p1a: Tapu Koko|Dazzling Gleam|p2a: Chompin..\n|-supereffective|p2a: Chompin..\n|-damage|p2a: Chompin..|0 fnt\n|faint|p2a: Chompin..\n|-damage|p1a: Tapu Koko|81\/100|[from] item: Life Orb\n|\n|upkeep\n|c|\u2606Glalie hero|its not broken\n|c|\u2606Glalie hero|ur just awful\n|c|\u2606Glalie hero|im sorry\n|\n|t:|1700189241\n|switch|p2a: Original Gangsta|Glalie, M, shiny|100\/100\n|turn|14\n|c|\u2606Qwmere|XP\n|c|\u2606Qwmere|u mad\n|\n|t:|1700189264\n|detailschange|p2a: Original Gangsta|Glalie-Mega, M, shiny\n|-mega|p2a: Original Gangsta|Glalie|Glalitite\n|move|p1a: Tapu Koko|Iron Head|p2a: Original Gangsta\n|-supereffective|p2a: Original Gangsta\n|-damage|p2a: Original Gangsta|9\/100\n|-damage|p1a: Tapu Koko|71\/100|[from] item: Life Orb\n|move|p2a: Original Gangsta|Earthquake|p1a: Tapu Koko\n|-supereffective|p1a: Tapu Koko\n|-damage|p1a: Tapu Koko|0 fnt\n|faint|p1a: Tapu Koko\n|\n|upkeep\n|\n|t:|1700189270\n|switch|p1a: Sneasler|Sneasler, F, shiny|100\/100\n|-enditem|p1a: Sneasler|Electric Seed\n|-boost|p1a: Sneasler|def|1|[from] item: Electric Seed\n|turn|15\n|c|\u2606Glalie hero|yea im Absolutely Tweakin rn\n|inactive|Glalie hero has 90 seconds left.\n|\n|t:|1700189276\n|move|p1a: Sneasler|Quick Attack|p2a: Original Gangsta\n|-damage|p2a: Original Gangsta|0 fnt\n|faint|p2a: Original Gangsta\n|\n|upkeep\n|inactive|Glalie hero has 90 seconds left.\n|c|\u2606Qwmere|im aweful\n|\n|t:|1700189283\n|switch|p2a: Po|Urshifu-Rapid-Strike, F|100\/100\n|turn|16\n|c|\u2606Qwmere|but look who is coming back\n|c|\u2606Qwmere|nah lol jk ggs\n|c|\u2606Qwmere|i lose\n|c|\u2606Glalie hero|i know\n|\n|t:|1700189299\n|-terastallize|p2a: Po|Water\n|move|p1a: Sneasler|Dire Claw|p2a: Po\n|-damage|p2a: Po|56\/100\n|-status|p2a: Po|psn\n|move|p2a: Po|Surging Strikes|p1a: Sneasler\n|-crit|p1a: Sneasler\n|-damage|p1a: Sneasler|17\/100\n|-crit|p1a: Sneasler\n|-damage|p1a: Sneasler|0 fnt\n|faint|p1a: Sneasler\n|-hitcount|p1: Sneasler|2\n|\n|-damage|p2a: Po|44\/100 psn|[from] psn\n|-fieldend|move: Electric Terrain\n|upkeep\n|c|\u2606Glalie hero|wouldnt expect the guy running quick attack sneasler to come back anyway\n|\n|t:|1700189313\n|switch|p1a: Regice|Regice|100\/100\n|turn|17\n|c|\u2606Glalie hero|go back 2 ou\n|inactive|Qwmere has 120 seconds left.\n|c|\u2606Qwmere|you are just a sweaty bitch huh lmfo\n|c|\u2606Glalie hero|yeah dude\n|c|\u2606Glalie hero|so sweaty..\n|c|\u2606Glalie hero|im running.. nat dex ho..\n|c|\u2606Qwmere|im just having fun\n|c|\u2606Glalie hero|with glalie\n|c|\u2606Glalie hero|an ru mega..\n|c|\u2606Glalie hero|im tryin so hardddddd.\n|c|\u2606Qwmere|nah toxic ass mofo lmfao\n|c|\u2606Glalie hero|ur bad\n|inactive|Qwmere has 90 seconds left.\n|c|\u2606Qwmere|its a troll team\n|c|\u2606Glalie hero|i know its troll bro\n|c|\u2606Qwmere|you clearly have no life\n|c|\u2606Glalie hero|yeah man\n|\n|t:|1700189382\n|move|p2a: Po|Surging Strikes|p1a: Regice\n|-crit|p1a: Regice\n|-damage|p1a: Regice|62\/100\n|-crit|p1a: Regice\n|-damage|p1a: Regice|18\/100\n|-crit|p1a: Regice\n|-damage|p1a: Regice|0 fnt\n|faint|p1a: Regice\n|-hitcount|p1: Regice|3\n|\n|win|Glalie hero\n|raw|Qwmere's rating: 1246 &rarr; <strong>1223<\/strong><br \/>(-23 for losing)\n|raw|Glalie hero's rating: 1267 &rarr; <strong>1290<\/strong><br \/>(+23 for winning)\n|c|\u2606Glalie hero|no life\n","uploadtime":1700189335,"views":4,"p1id":"qwmere","p2id":"glaliehero","formatid":"gen9nationaldex","rating":1223,"private":0,"password":""}