{"id":"gen9nationaldex-1988050970","p1":"lwh666","p2":"baolongsibiantai","format":"[Gen 9] National Dex","log":"|j|\u2606lwh666\n|j|\u2606baolongsibiantai\n|t:|1699663527\n|gametype|singles\n|player|p1|lwh666|cyclist|1607\n|player|p2|baolongsibiantai|elesa-masters|1478\n|teamsize|p1|6\n|teamsize|p2|6\n|gen|9\n|tier|[Gen 9] National Dex\n|rated|\n|rule|HP Percentage Mod: HP is shown in percentages\n|rule|Endless Battle Clause: Forcing endless battles is banned\n|rule|OHKO Clause: OHKO moves are banned\n|rule|Evasion Clause: Evasion abilities, items, and moves are banned\n|rule|Evasion Abilities Clause: Evasion abilities are banned\n|rule|Evasion Items Clause: Evasion items are banned\n|rule|Evasion Moves Clause: Evasion moves are banned\n|rule|Species Clause: Limit one of each Pok\u00e9mon\n|rule|Sleep Clause Mod: Limit one foe put to sleep\n|clearpoke\n|poke|p1|Torkoal, M|\n|poke|p1|Tapu Lele|\n|poke|p1|Banette, F|\n|poke|p1|Sneasler, F|\n|poke|p1|Great Tusk|\n|poke|p1|Garganacl, M|\n|poke|p2|Floatzel, M|\n|poke|p2|Ferrothorn, M|\n|poke|p2|Pelipper, M|\n|poke|p2|Manaphy|\n|poke|p2|Swampert, F|\n|poke|p2|Tornadus-Therian, M|\n|teampreview\n|\n|t:|1699663536\n|start\n|switch|p1a: Banette|Banette, F|100\/100\n|switch|p2a: Tornadus|Tornadus-Therian, M|100\/100\n|-item|p2a: Tornadus|Rocky Helmet|[from] ability: Frisk|[of] p1a: Banette|[identify]\n|turn|1\n|\n|t:|1699663540\n|detailschange|p1a: Banette|Banette-Mega, F\n|-mega|p1a: Banette|Banette|Banettite\n|move|p2a: Tornadus|Knock Off|p1a: Banette\n|-supereffective|p1a: Banette\n|-damage|p1a: Banette|59\/100\n|move|p1a: Banette|Poltergeist|p2a: Tornadus\n|-activate|p2a: Tornadus|move: Poltergeist|Rocky Helmet\n|-damage|p2a: Tornadus|24\/100\n|\n|upkeep\n|turn|2\n|\n|t:|1699663553\n|move|p2a: Tornadus|Hurricane|p1a: Banette\n|-damage|p1a: Banette|3\/100\n|move|p1a: Banette|Poltergeist|p2a: Tornadus\n|-activate|p2a: Tornadus|move: Poltergeist|Rocky Helmet\n|-damage|p2a: Tornadus|0 fnt\n|faint|p2a: Tornadus\n|\n|upkeep\n|\n|t:|1699663559\n|switch|p2a: Floatzel|Floatzel, M|100\/100\n|turn|3\n|\n|t:|1699663568\n|switch|p1a: Tapu Lele|Tapu Lele|100\/100\n|-fieldstart|move: Psychic Terrain|[from] ability: Psychic Surge|[of] p1a: Tapu Lele\n|move|p2a: Floatzel|Aqua Jet|p1a: Tapu Lele\n|-activate|p1a: Tapu Lele|move: Psychic Terrain\n|\n|upkeep\n|turn|4\n|inactive|Battle timer is ON: inactive players will automatically lose when time's up. (requested by baolongsibiantai)\n|\n|t:|1699663584\n|switch|p2a: \u672c\u4f53|Ferrothorn, M, shiny|100\/100\n|move|p1a: Tapu Lele|Future Sight|p2a: \u672c\u4f53\n|-start|p1a: Tapu Lele|move: Future Sight\n|\n|upkeep\n|turn|5\n|\n|t:|1699663593\n|switch|p1a: Torkoal|Torkoal, M|100\/100\n|-weather|SunnyDay|[from] ability: Drought|[of] p1a: Torkoal\n|move|p2a: \u672c\u4f53|Leech Seed|p1a: Torkoal\n|-start|p1a: Torkoal|move: Leech Seed\n|\n|-weather|SunnyDay|[upkeep]\n|-damage|p1a: Torkoal|88\/100|[from] Leech Seed|[of] p2a: \u672c\u4f53\n|upkeep\n|turn|6\n|\n|t:|1699663601\n|move|p2a: \u672c\u4f53|Protect|p2a: \u672c\u4f53\n|-singleturn|p2a: \u672c\u4f53|Protect\n|move|p1a: Torkoal|Overheat|p2a: \u672c\u4f53\n|-activate|p2a: \u672c\u4f53|move: Protect\n|\n|-weather|SunnyDay|[upkeep]\n|-end|p2a: \u672c\u4f53|move: Future Sight\n|-resisted|p2a: \u672c\u4f53\n|-damage|p2a: \u672c\u4f53|72\/100\n|-heal|p2a: \u672c\u4f53|78\/100|[from] item: Leftovers\n|-damage|p1a: Torkoal|76\/100|[from] Leech Seed|[of] p2a: \u672c\u4f53\n|-heal|p2a: \u672c\u4f53|89\/100|[silent]\n|upkeep\n|turn|7\n|\n|t:|1699663614\n|switch|p2a: Pelipper|Pelipper, M|100\/100\n|-weather|RainDance|[from] ability: Drizzle|[of] p2a: Pelipper\n|switch|p1a: Banette|Banette-Mega, F|3\/100\n|\n|-weather|RainDance|[upkeep]\n|-fieldend|move: Psychic Terrain\n|upkeep\n|turn|8\n|\n|t:|1699663627\n|switch|p1a: Torkoal|Torkoal, M|76\/100\n|-weather|SunnyDay|[from] ability: Drought|[of] p1a: Torkoal\n|move|p2a: Pelipper|U-turn|p1a: Torkoal\n|-resisted|p1a: Torkoal\n|-damage|p1a: Torkoal|74\/100\n|\n|t:|1699663633\n|switch|p2a: Floatzel|Floatzel, M|100\/100|[from] U-turn\n|\n|-weather|SunnyDay|[upkeep]\n|upkeep\n|turn|9\n|\n|t:|1699663644\n|move|p2a: Floatzel|Wave Crash|p1a: Torkoal\n|-supereffective|p1a: Torkoal\n|-damage|p1a: Torkoal|18\/100\n|-damage|p2a: Floatzel|82\/100|[from] Recoil\n|move|p1a: Torkoal|Overheat|p2a: Floatzel|[miss]\n|-miss|p1a: Torkoal|p2a: Floatzel\n|\n|-weather|SunnyDay|[upkeep]\n|upkeep\n|turn|10\n|c|\u2606lwh666|\u9006\u5929\n|\n|t:|1699663669\n|switch|p1a: Tapu Lele|Tapu Lele|100\/100\n|-fieldstart|move: Psychic Terrain|[from] ability: Psychic Surge|[of] p1a: Tapu Lele\n|move|p2a: Floatzel|Wave Crash|p1a: Tapu Lele\n|-damage|p1a: Tapu Lele|31\/100\n|-damage|p2a: Floatzel|61\/100|[from] Recoil\n|\n|-weather|SunnyDay|[upkeep]\n|upkeep\n|turn|11\n|\n|t:|1699663681\n|switch|p2a: \u672c\u4f53|Ferrothorn, M, shiny|89\/100\n|move|p1a: Tapu Lele|Focus Blast|p2a: \u672c\u4f53\n|-supereffective|p2a: \u672c\u4f53\n|-damage|p2a: \u672c\u4f53|31\/100\n|\n|-weather|SunnyDay|[upkeep]\n|-heal|p2a: \u672c\u4f53|38\/100|[from] item: Leftovers\n|upkeep\n|turn|12\n|inactive|lwh666 has 120 seconds left.\n|\n|t:|1699663707\n|switch|p1a: Banette|Banette-Mega, F|3\/100\n|move|p2a: \u672c\u4f53|Protect||[still]\n|-fail|p2a: \u672c\u4f53\n|\n|-weather|none\n|-heal|p2a: \u672c\u4f53|44\/100|[from] item: Leftovers\n|upkeep\n|turn|13\n|\n|t:|1699663716\n|move|p1a: Banette|Destiny Bond|p1a: Banette\n|-singlemove|p1a: Banette|Destiny Bond\n|move|p2a: \u672c\u4f53|Leech Seed|p1a: Banette\n|-start|p1a: Banette|move: Leech Seed\n|\n|-heal|p2a: \u672c\u4f53|50\/100|[from] item: Leftovers\n|-damage|p1a: Banette|0 fnt|[from] Leech Seed|[of] p2a: \u672c\u4f53\n|-heal|p2a: \u672c\u4f53|52\/100|[silent]\n|faint|p1a: Banette\n|upkeep\n|c|\u2606baolongsibiantai|6\n|\n|t:|1699663723\n|switch|p1a: Garganacl|Garganacl, M|100\/100\n|turn|14\n|c|\u2606baolongsibiantai|\u54e5\u4eec\u4f60\u5728\u5e72\u4ec0\u4e48\u5462\n|\n|t:|1699663731\n|move|p2a: \u672c\u4f53|Protect|p2a: \u672c\u4f53\n|-singleturn|p2a: \u672c\u4f53|Protect\n|move|p1a: Garganacl|Curse|p1a: Garganacl\n|-unboost|p1a: Garganacl|spe|1\n|-boost|p1a: Garganacl|atk|1\n|-boost|p1a: Garganacl|def|1\n|\n|-heal|p2a: \u672c\u4f53|58\/100|[from] item: Leftovers\n|-fieldend|move: Psychic Terrain\n|upkeep\n|turn|15\n|\n|t:|1699663739\n|switch|p2a: Manaphy|Manaphy|100\/100\n|move|p1a: Garganacl|Curse|p1a: Garganacl\n|-unboost|p1a: Garganacl|spe|1\n|-boost|p1a: Garganacl|atk|1\n|-boost|p1a: Garganacl|def|1\n|\n|upkeep\n|turn|16\n|\n|t:|1699663743\n|-terastallize|p1a: Garganacl|Ghost\n|move|p2a: Manaphy|Tail Glow|p2a: Manaphy\n|-boost|p2a: Manaphy|spa|3\n|move|p1a: Garganacl|Salt Cure|p2a: Manaphy\n|-damage|p2a: Manaphy|75\/100\n|-start|p2a: Manaphy|Salt Cure\n|\n|-damage|p2a: Manaphy|50\/100|[from] Salt Cure\n|upkeep\n|turn|17\n|\n|t:|1699663756\n|move|p1a: Garganacl|Protect|p1a: Garganacl\n|-singleturn|p1a: Garganacl|Protect\n|-zpower|p2a: Manaphy\n|move|p2a: Manaphy|Hydro Vortex|p1a: Garganacl|[zeffect]\n|-zbroken|p1a: Garganacl\n|-damage|p1a: Garganacl|59\/100\n|\n|-heal|p1a: Garganacl|65\/100|[from] item: Leftovers\n|-damage|p2a: Manaphy|25\/100|[from] Salt Cure\n|upkeep\n|turn|18\n|\n|t:|1699663771\n|move|p2a: Manaphy|Surf|p1a: Garganacl\n|-damage|p1a: Garganacl|0 fnt\n|faint|p1a: Garganacl\n|\n|-damage|p2a: Manaphy|0 fnt|[from] Salt Cure\n|faint|p2a: Manaphy\n|upkeep\n|\n|t:|1699663793\n|switch|p2a: Floatzel|Floatzel, M|61\/100\n|switch|p1a: Torkoal|Torkoal, M|18\/100\n|-weather|SunnyDay|[from] ability: Drought|[of] p1a: Torkoal\n|turn|19\n|\n|t:|1699663800\n|switch|p1a: Tapu Lele|Tapu Lele|31\/100\n|-fieldstart|move: Psychic Terrain|[from] ability: Psychic Surge|[of] p1a: Tapu Lele\n|move|p2a: Floatzel|Wave Crash|p1a: Tapu Lele\n|-damage|p1a: Tapu Lele|0 fnt\n|faint|p1a: Tapu Lele\n|-damage|p2a: Floatzel|52\/100|[from] Recoil\n|\n|-weather|SunnyDay|[upkeep]\n|upkeep\n|\n|t:|1699663806\n|switch|p1a: Sneasler|Sneasler, F|100\/100\n|-enditem|p1a: Sneasler|Psychic Seed\n|-boost|p1a: Sneasler|spd|1|[from] item: Psychic Seed\n|turn|20\n|\n|t:|1699663812\n|switch|p2a: \u672c\u4f53|Ferrothorn, M, shiny|58\/100\n|move|p1a: Sneasler|Acrobatics|p2a: \u672c\u4f53\n|-damage|p2a: \u672c\u4f53|33\/100\n|-damage|p1a: Sneasler|88\/100|[from] ability: Iron Barbs|[of] p2a: \u672c\u4f53\n|\n|-weather|SunnyDay|[upkeep]\n|-heal|p2a: \u672c\u4f53|39\/100|[from] item: Leftovers\n|upkeep\n|turn|21\n|\n|t:|1699663819\n|-terastallize|p2a: \u672c\u4f53|Ghost\n|move|p1a: Sneasler|Swords Dance|p1a: Sneasler\n|-boost|p1a: Sneasler|atk|2\n|move|p2a: \u672c\u4f53|Leech Seed|p1a: Sneasler\n|-start|p1a: Sneasler|move: Leech Seed\n|\n|-weather|SunnyDay|[upkeep]\n|-heal|p2a: \u672c\u4f53|45\/100|[from] item: Leftovers\n|-damage|p1a: Sneasler|76\/100|[from] Leech Seed|[of] p2a: \u672c\u4f53\n|-heal|p2a: \u672c\u4f53|56\/100|[silent]\n|upkeep\n|turn|22\n|\n|t:|1699663825\n|move|p2a: \u672c\u4f53|Protect|p2a: \u672c\u4f53\n|-singleturn|p2a: \u672c\u4f53|Protect\n|move|p1a: Sneasler|Swords Dance|p1a: Sneasler\n|-boost|p1a: Sneasler|atk|2\n|\n|-weather|SunnyDay|[upkeep]\n|-heal|p2a: \u672c\u4f53|62\/100|[from] item: Leftovers\n|-damage|p1a: Sneasler|64\/100|[from] Leech Seed|[of] p2a: \u672c\u4f53\n|-heal|p2a: \u672c\u4f53|73\/100|[silent]\n|upkeep\n|turn|23\n|\n|t:|1699663830\n|move|p1a: Sneasler|Acrobatics|p2a: \u672c\u4f53\n|-damage|p2a: \u672c\u4f53|0 fnt\n|-damage|p1a: Sneasler|51\/100|[from] ability: Iron Barbs|[of] p2a: \u672c\u4f53\n|faint|p2a: \u672c\u4f53\n|\n|-weather|none\n|-fieldend|move: Psychic Terrain\n|upkeep\n|\n|t:|1699663833\n|switch|p2a: Pelipper|Pelipper, M|100\/100\n|-weather|RainDance|[from] ability: Drizzle|[of] p2a: Pelipper\n|turn|24\n|\n|t:|1699663836\n|move|p1a: Sneasler|Acrobatics|p2a: Pelipper\n|-damage|p2a: Pelipper|9\/100\n|move|p2a: Pelipper|Hurricane|p1a: Sneasler\n|-supereffective|p1a: Sneasler\n|-damage|p1a: Sneasler|0 fnt\n|faint|p1a: Sneasler\n|\n|-weather|RainDance|[upkeep]\n|upkeep\n|l|\u2606lwh666\n|inactive|lwh666 disconnected and has a minute to reconnect!\n|player|p1|\n|c|\u2606baolongsibiantai|\uff1f\n|c|\u2606baolongsibiantai|\u4f60\u5988\u6b7b\u4e86\u8001\u5f1f\u6d6a\u8d39\u65f6\u95f4\n|inactive|lwh666 has 30 seconds to reconnect!\n|inactive|lwh666 has 20 seconds to reconnect!\n|inactive|lwh666 has 15 seconds to reconnect!\n|inactive|lwh666 has 10 seconds to reconnect!\n|inactive|lwh666 has 5 seconds to reconnect!\n|-message|lwh666 lost due to inactivity.\n|\n|win|baolongsibiantai\n|raw|lwh666's rating: 1607 &rarr; <strong>1580<\/strong><br \/>(-27 for losing)\n|raw|baolongsibiantai's rating: 1478 &rarr; <strong>1505<\/strong><br \/>(+27 for winning)\n","uploadtime":1699663880,"views":4,"p1id":"lwh666","p2id":"baolongsibiantai","formatid":"gen9nationaldex","rating":1505,"private":0,"password":""}