{"id":"gen9nationaldex-1992330502","p1":"Jarl_jake","p2":"AwolfNamedSun","format":"[Gen 9] National Dex","log":"|j|\u2606Jarl_jake\n|j|\u2606AwolfNamedSun\n|t:|1700175398\n|gametype|singles\n|player|p1|Jarl_jake|red|1519\n|player|p2|AwolfNamedSun|zinzolin|1426\n|teamsize|p1|6\n|teamsize|p2|6\n|gen|9\n|tier|[Gen 9] National Dex\n|rated|\n|rule|HP Percentage Mod: HP is shown in percentages\n|rule|Endless Battle Clause: Forcing endless battles is banned\n|rule|OHKO Clause: OHKO moves are banned\n|rule|Evasion Clause: Evasion abilities, items, and moves are banned\n|rule|Evasion Abilities Clause: Evasion abilities are banned\n|rule|Evasion Items Clause: Evasion items are banned\n|rule|Evasion Moves Clause: Evasion moves are banned\n|rule|Species Clause: Limit one of each Pok\u00e9mon\n|rule|Sleep Clause Mod: Limit one foe put to sleep\n|clearpoke\n|poke|p1|Latios, M|\n|poke|p1|Venusaur, F|\n|poke|p1|Volcarona, F|\n|poke|p1|Shuckle, F|\n|poke|p1|Great Tusk|\n|poke|p1|Milotic, F|\n|poke|p2|Excadrill, M|\n|poke|p2|Salamence, F|\n|poke|p2|Comfey, M|\n|poke|p2|Banette, F|\n|poke|p2|Ferrothorn, F|\n|poke|p2|Zapdos|\n|teampreview\n|\n|t:|1700175428\n|start\n|switch|p1a: Spicy Meatball|Volcarona, F, shiny|100\/100\n|switch|p2a: Ferrothorn|Ferrothorn, F|100\/100\n|turn|1\n|inactive|Battle timer is ON: inactive players will automatically lose when time's up. (requested by AwolfNamedSun)\n|\n|t:|1700175434\n|move|p1a: Spicy Meatball|Fiery Dance|p2a: Ferrothorn\n|-supereffective|p2a: Ferrothorn\n|-damage|p2a: Ferrothorn|0 fnt\n|faint|p2a: Ferrothorn\n|\n|upkeep\n|\n|t:|1700175439\n|switch|p2a: Banette|Banette, F|100\/100\n|turn|2\n|\n|t:|1700175448\n|switch|p1a: Thunder Smash|Venusaur, F, shiny|100\/100\n|detailschange|p2a: Banette|Banette-Mega, F\n|-mega|p2a: Banette|Banette|Banettite\n|move|p2a: Banette|Gunk Shot|p1a: Thunder Smash\n|-damage|p1a: Thunder Smash|50\/100\n|\n|upkeep\n|turn|3\n|\n|t:|1700175463\n|switch|p1a: Unga Bunga|Great Tusk, shiny|100\/100\n|-enditem|p1a: Unga Bunga|Booster Energy\n|-activate|p1a: Unga Bunga|ability: Protosynthesis|[fromitem]\n|-start|p1a: Unga Bunga|protosynthesisatk\n|move|p2a: Banette|Gunk Shot|p1a: Unga Bunga\n|-resisted|p1a: Unga Bunga\n|-damage|p1a: Unga Bunga|82\/100\n|-status|p1a: Unga Bunga|psn\n|\n|-damage|p1a: Unga Bunga|69\/100 psn|[from] psn\n|upkeep\n|turn|4\n|\n|t:|1700175480\n|switch|p2a: Para God|Zapdos|100\/100\n|move|p1a: Unga Bunga|Ice Spinner|p2a: Para God\n|-supereffective|p2a: Para God\n|-damage|p2a: Para God|31\/100\n|\n|-damage|p1a: Unga Bunga|57\/100 psn|[from] psn\n|upkeep\n|turn|5\n|\n|t:|1700175489\n|move|p2a: Para God|Roost|p2a: Para God\n|-heal|p2a: Para God|81\/100\n|-singleturn|p2a: Para God|move: Roost\n|move|p1a: Unga Bunga|Ice Spinner|p2a: Para God\n|-damage|p2a: Para God|46\/100\n|\n|-damage|p1a: Unga Bunga|45\/100 psn|[from] psn\n|upkeep\n|turn|6\n|\n|t:|1700175498\n|move|p2a: Para God|Hurricane|p1a: Unga Bunga\n|-supereffective|p1a: Unga Bunga\n|-damage|p1a: Unga Bunga|0 fnt\n|faint|p1a: Unga Bunga\n|-end|p1a: Unga Bunga|Protosynthesis|[silent]\n|\n|upkeep\n|\n|t:|1700175509\n|switch|p1a: Smart boi|Latios, M, shiny|100\/100\n|turn|7\n|inactive|AwolfNamedSun has 120 seconds left.\n|\n|t:|1700175549\n|move|p1a: Smart boi|Psychic|p2a: Para God\n|-damage|p2a: Para God|0 fnt\n|faint|p2a: Para God\n|\n|upkeep\n|\n|t:|1700175554\n|switch|p2a: Banette|Banette-Mega, F|100\/100\n|turn|8\n|\n|t:|1700175568\n|switch|p1a: Thunder Smash|Venusaur, F, shiny|50\/100\n|move|p2a: Banette|Gunk Shot|p1a: Thunder Smash\n|-damage|p1a: Thunder Smash|0 fnt\n|faint|p1a: Thunder Smash\n|\n|upkeep\n|\n|t:|1700175578\n|switch|p1a: Shuckie|Shuckle, F, shiny|100\/100\n|turn|9\n|\n|t:|1700175581\n|switch|p2a: Excadrill|Excadrill, M|100\/100\n|-ability|p2a: Excadrill|Mold Breaker\n|-item|p2a: Excadrill|Air Balloon\n|move|p1a: Shuckie|Sticky Web|p2a: Excadrill\n|-sidestart|p2: AwolfNamedSun|move: Sticky Web\n|\n|upkeep\n|turn|10\n|\n|t:|1700175589\n|move|p2a: Excadrill|Swords Dance|p2a: Excadrill\n|-boost|p2a: Excadrill|atk|2\n|move|p1a: Shuckie|Power Split|p2a: Excadrill\n|-activate|p1a: Shuckie|move: Power Split|[of] p2a: Excadrill\n|\n|upkeep\n|turn|11\n|\n|t:|1700175596\n|move|p2a: Excadrill|Rapid Spin|p1a: Shuckie\n|-resisted|p1a: Shuckie\n|-damage|p1a: Shuckie|95\/100\n|-boost|p2a: Excadrill|spe|1\n|-sideend|p2: AwolfNamedSun|Sticky Web|[from] move: Rapid Spin|[of] p2a: Excadrill\n|-enditem|p1a: Shuckie|Red Card|[of] p2a: Excadrill\n|drag|p2a: Comfey|Comfey, M|100\/100\n|move|p1a: Shuckie|Rock Tomb|p2a: Comfey\n|-damage|p2a: Comfey|86\/100\n|-unboost|p2a: Comfey|spe|1\n|\n|-heal|p2a: Comfey|92\/100|[from] item: Leftovers\n|upkeep\n|turn|12\n|\n|t:|1700175610\n|switch|p2a: Excadrill|Excadrill, M|100\/100\n|-ability|p2a: Excadrill|Mold Breaker\n|-item|p2a: Excadrill|Air Balloon\n|move|p1a: Shuckie|Mud-Slap|p2a: Excadrill\n|-immune|p2a: Excadrill\n|\n|upkeep\n|turn|13\n|\n|t:|1700175619\n|move|p2a: Excadrill|Swords Dance|p2a: Excadrill\n|-boost|p2a: Excadrill|atk|2\n|move|p1a: Shuckie|Power Split|p2a: Excadrill\n|-activate|p1a: Shuckie|move: Power Split|[of] p2a: Excadrill\n|\n|upkeep\n|turn|14\n|\n|t:|1700175625\n|move|p2a: Excadrill|Earthquake|p1a: Shuckie\n|-damage|p1a: Shuckie|46\/100\n|move|p1a: Shuckie|Rock Tomb|p2a: Excadrill\n|-resisted|p2a: Excadrill\n|-damage|p2a: Excadrill|92\/100\n|-unboost|p2a: Excadrill|spe|1\n|-enditem|p2a: Excadrill|Air Balloon\n|\n|upkeep\n|turn|15\n|\n|t:|1700175634\n|move|p2a: Excadrill|Stealth Rock|p1a: Shuckie\n|-sidestart|p1: Jarl_jake|move: Stealth Rock\n|move|p1a: Shuckie|Mud-Slap|p2a: Excadrill\n|-supereffective|p2a: Excadrill\n|-damage|p2a: Excadrill|87\/100\n|-unboost|p2a: Excadrill|accuracy|1\n|\n|upkeep\n|turn|16\n|\n|t:|1700175642\n|move|p2a: Excadrill|Earthquake|p1a: Shuckie\n|-damage|p1a: Shuckie|0 fnt\n|faint|p1a: Shuckie\n|\n|upkeep\n|\n|t:|1700175647\n|switch|p1a: Spicy Meatball|Volcarona, F, shiny|100\/100\n|turn|17\n|\n|t:|1700175650\n|move|p1a: Spicy Meatball|Fiery Dance|p2a: Excadrill\n|-supereffective|p2a: Excadrill\n|-damage|p2a: Excadrill|0 fnt\n|faint|p2a: Excadrill\n|\n|upkeep\n|\n|t:|1700175655\n|switch|p2a: Banette|Banette-Mega, F|100\/100\n|turn|18\n|\n|t:|1700175659\n|move|p1a: Spicy Meatball|Fiery Dance|p2a: Banette\n|-damage|p2a: Banette|49\/100\n|-boost|p1a: Spicy Meatball|spa|1\n|move|p2a: Banette|Gunk Shot|p1a: Spicy Meatball\n|-damage|p1a: Spicy Meatball|43\/100\n|\n|upkeep\n|turn|19\n|\n|t:|1700175668\n|move|p2a: Banette|Destiny Bond|p2a: Banette\n|-singlemove|p2a: Banette|Destiny Bond\n|move|p1a: Spicy Meatball|Fiery Dance|p2a: Banette\n|-damage|p2a: Banette|0 fnt\n|-boost|p1a: Spicy Meatball|spa|1\n|faint|p2a: Banette\n|-activate|p2a: Banette|move: Destiny Bond\n|faint|p1a: Spicy Meatball\n|\n|upkeep\n|\n|t:|1700175680\n|switch|p1a: Sexy Fish|Milotic, F, shiny|100\/100\n|switch|p2a: Comfey|Comfey, M|92\/100\n|-damage|p1a: Sexy Fish|88\/100|[from] Stealth Rock\n|turn|20\n|\n|t:|1700175687\n|move|p2a: Comfey|Calm Mind|p2a: Comfey\n|-boost|p2a: Comfey|spa|1\n|-boost|p2a: Comfey|spd|1\n|move|p1a: Sexy Fish|Scald|p2a: Comfey\n|-damage|p2a: Comfey|69\/100\n|-status|p2a: Comfey|brn\n|\n|-heal|p2a: Comfey|75\/100 brn|[from] item: Leftovers\n|-heal|p1a: Sexy Fish|94\/100|[from] item: Leftovers\n|-damage|p2a: Comfey|69\/100 brn|[from] brn\n|upkeep\n|turn|21\n|\n|t:|1700175699\n|move|p2a: Comfey|Calm Mind|p2a: Comfey\n|-boost|p2a: Comfey|spa|1\n|-boost|p2a: Comfey|spd|1\n|move|p1a: Sexy Fish|Haze|p1a: Sexy Fish\n|-clearallboost\n|\n|-heal|p2a: Comfey|75\/100 brn|[from] item: Leftovers\n|-heal|p1a: Sexy Fish|99\/100|[from] item: Leftovers\n|-damage|p2a: Comfey|69\/100 brn|[from] brn\n|upkeep\n|turn|22\n|\n|t:|1700175711\n|move|p2a: Comfey|Calm Mind|p2a: Comfey\n|-boost|p2a: Comfey|spa|1\n|-boost|p2a: Comfey|spd|1\n|move|p1a: Sexy Fish|Scald|p2a: Comfey\n|-damage|p2a: Comfey|46\/100 brn\n|\n|-heal|p2a: Comfey|52\/100 brn|[from] item: Leftovers\n|-heal|p1a: Sexy Fish|100\/100|[from] item: Leftovers\n|-damage|p2a: Comfey|46\/100 brn|[from] brn\n|upkeep\n|turn|23\n|\n|t:|1700175723\n|move|p2a: Comfey|Energy Ball|p1a: Sexy Fish\n|-supereffective|p1a: Sexy Fish\n|-damage|p1a: Sexy Fish|63\/100\n|move|p1a: Sexy Fish|Haze|p1a: Sexy Fish\n|-clearallboost\n|\n|-heal|p2a: Comfey|52\/100 brn|[from] item: Leftovers\n|-heal|p1a: Sexy Fish|70\/100|[from] item: Leftovers\n|-damage|p2a: Comfey|46\/100 brn|[from] brn\n|upkeep\n|turn|24\n|\n|t:|1700175735\n|-terastallize|p1a: Sexy Fish|Grass\n|move|p2a: Comfey|Calm Mind|p2a: Comfey\n|-boost|p2a: Comfey|spa|1\n|-boost|p2a: Comfey|spd|1\n|move|p1a: Sexy Fish|Scald|p2a: Comfey\n|-damage|p2a: Comfey|24\/100 brn\n|\n|-heal|p2a: Comfey|30\/100 brn|[from] item: Leftovers\n|-heal|p1a: Sexy Fish|76\/100|[from] item: Leftovers\n|-damage|p2a: Comfey|24\/100 brn|[from] brn\n|upkeep\n|turn|25\n|\n|t:|1700175749\n|move|p2a: Comfey|Draining Kiss|p1a: Sexy Fish\n|-damage|p1a: Sexy Fish|60\/100\n|-heal|p2a: Comfey|39\/100 brn|[from] drain|[of] p1a: Sexy Fish\n|move|p1a: Sexy Fish|Haze|p1a: Sexy Fish\n|-clearallboost\n|\n|-heal|p2a: Comfey|45\/100 brn|[from] item: Leftovers\n|-heal|p1a: Sexy Fish|66\/100|[from] item: Leftovers\n|-damage|p2a: Comfey|39\/100 brn|[from] brn\n|upkeep\n|turn|26\n|\n|t:|1700175760\n|move|p2a: Comfey|Draining Kiss|p1a: Sexy Fish\n|-crit|p1a: Sexy Fish\n|-damage|p1a: Sexy Fish|52\/100\n|-heal|p2a: Comfey|54\/100 brn|[from] drain|[of] p1a: Sexy Fish\n|move|p1a: Sexy Fish|Scald|p2a: Comfey\n|-damage|p2a: Comfey|18\/100 brn\n|\n|-heal|p2a: Comfey|24\/100 brn|[from] item: Leftovers\n|-heal|p1a: Sexy Fish|58\/100|[from] item: Leftovers\n|-damage|p2a: Comfey|18\/100 brn|[from] brn\n|upkeep\n|turn|27\n|\n|t:|1700175773\n|move|p2a: Comfey|Draining Kiss|p1a: Sexy Fish\n|-damage|p1a: Sexy Fish|48\/100\n|-heal|p2a: Comfey|28\/100 brn|[from] drain|[of] p1a: Sexy Fish\n|move|p1a: Sexy Fish|Recover|p1a: Sexy Fish\n|-heal|p1a: Sexy Fish|98\/100\n|\n|-heal|p2a: Comfey|34\/100 brn|[from] item: Leftovers\n|-heal|p1a: Sexy Fish|100\/100|[from] item: Leftovers\n|-damage|p2a: Comfey|28\/100 brn|[from] brn\n|upkeep\n|turn|28\n|\n|t:|1700175784\n|move|p2a: Comfey|Draining Kiss|p1a: Sexy Fish\n|-damage|p1a: Sexy Fish|90\/100\n|-heal|p2a: Comfey|37\/100 brn|[from] drain|[of] p1a: Sexy Fish\n|move|p1a: Sexy Fish|Scald|p2a: Comfey\n|-damage|p2a: Comfey|5\/100 brn\n|\n|-heal|p2a: Comfey|11\/100 brn|[from] item: Leftovers\n|-heal|p1a: Sexy Fish|96\/100|[from] item: Leftovers\n|-damage|p2a: Comfey|5\/100 brn|[from] brn\n|upkeep\n|turn|29\n|\n|t:|1700175796\n|move|p2a: Comfey|Draining Kiss|p1a: Sexy Fish\n|-damage|p1a: Sexy Fish|85\/100\n|-heal|p2a: Comfey|17\/100 brn|[from] drain|[of] p1a: Sexy Fish\n|move|p1a: Sexy Fish|Scald|p2a: Comfey\n|-damage|p2a: Comfey|0 fnt\n|faint|p2a: Comfey\n|\n|-heal|p1a: Sexy Fish|91\/100|[from] item: Leftovers\n|upkeep\n|\n|t:|1700175805\n|switch|p2a: GG it's Mence|Salamence, F|100\/100\n|turn|30\n|\n|t:|1700175809\n|move|p2a: GG it's Mence|Dragon Dance|p2a: GG it's Mence\n|-boost|p2a: GG it's Mence|atk|1\n|-boost|p2a: GG it's Mence|spe|1\n|move|p1a: Sexy Fish|Ice Beam|p2a: GG it's Mence\n|-supereffective|p2a: GG it's Mence\n|-damage|p2a: GG it's Mence|0 fnt\n|faint|p2a: GG it's Mence\n|\n|win|Jarl_jake\n|raw|Jarl_jake's rating: 1519 &rarr; <strong>1534<\/strong><br \/>(+15 for winning)\n|raw|AwolfNamedSun's rating: 1426 &rarr; <strong>1411<\/strong><br \/>(-15 for losing)\n|l|\u2606AwolfNamedSun\n","uploadtime":1700175828,"views":16,"p1id":"jarljake","p2id":"awolfnamedsun","formatid":"gen9nationaldex","rating":1411,"private":0,"password":""}