{"id":"gen9nationaldex-1988153931","p1":"taoke","p2":"Seidou1","format":"[Gen 9] National Dex","log":"|j|\u2606taoke\n|j|\u2606Seidou1\n|t:|1699676501\n|gametype|singles\n|player|p1|taoke|cyclist|1625\n|player|p2|Seidou1|2|1800\n|teamsize|p1|6\n|teamsize|p2|6\n|gen|9\n|tier|[Gen 9] National Dex\n|rated|\n|rule|HP Percentage Mod: HP is shown in percentages\n|rule|Endless Battle Clause: Forcing endless battles is banned\n|rule|OHKO Clause: OHKO moves are banned\n|rule|Evasion Clause: Evasion abilities, items, and moves are banned\n|rule|Evasion Abilities Clause: Evasion abilities are banned\n|rule|Evasion Items Clause: Evasion items are banned\n|rule|Evasion Moves Clause: Evasion moves are banned\n|rule|Species Clause: Limit one of each Pok\u00e9mon\n|rule|Sleep Clause Mod: Limit one foe put to sleep\n|clearpoke\n|poke|p1|Ting-Lu|\n|poke|p1|Great Tusk|\n|poke|p1|Vaporeon, F|\n|poke|p1|Sylveon, F|\n|poke|p1|Espeon, M|\n|poke|p1|Umbreon, F|\n|poke|p2|Clefable, F|\n|poke|p2|Gliscor, F|\n|poke|p2|Skeledirge, F|\n|poke|p2|Maushold-Four|\n|poke|p2|Alomomola, F|\n|poke|p2|Slowking-Galar, F|\n|teampreview\n|\n|t:|1699676517\n|start\n|switch|p1a: Great Tusk|Great Tusk|100\/100\n|switch|p2a: Gliscor|Gliscor, F|100\/100\n|turn|1\n|\n|t:|1699676527\n|move|p2a: Gliscor|Protect|p2a: Gliscor\n|-singleturn|p2a: Gliscor|Protect\n|move|p1a: Great Tusk|Ice Spinner|p2a: Gliscor\n|-activate|p2a: Gliscor|move: Protect\n|\n|-status|p2a: Gliscor|tox|[from] item: Toxic Orb\n|upkeep\n|turn|2\n|\n|t:|1699676534\n|-terastallize|p2a: Gliscor|Ghost\n|move|p1a: Great Tusk|Ice Spinner|p2a: Gliscor\n|-damage|p2a: Gliscor|78\/100 tox\n|move|p2a: Gliscor|Toxic|p1a: Great Tusk\n|-status|p1a: Great Tusk|tox\n|\n|-damage|p1a: Great Tusk|94\/100 tox|[from] psn\n|-heal|p2a: Gliscor|91\/100 tox|[from] ability: Poison Heal\n|upkeep\n|turn|3\n|\n|t:|1699676551\n|-end|p1a: Great Tusk|Protosynthesis|[silent]\n|switch|p1a: Espeon|Espeon, M|100\/100\n|move|p2a: Gliscor|Spikes|p1a: Espeon\n|move|p1a: Espeon|Spikes|p2a: Gliscor|[from]ability: Magic Bounce\n|-sidestart|p2: Seidou1|Spikes\n|\n|-heal|p2a: Gliscor|100\/100 tox|[from] ability: Poison Heal\n|upkeep\n|turn|4\n|\n|t:|1699676557\n|move|p1a: Espeon|Calm Mind|p1a: Espeon\n|-boost|p1a: Espeon|spa|1\n|-boost|p1a: Espeon|spd|1\n|move|p2a: Gliscor|Earthquake|p1a: Espeon\n|-damage|p1a: Espeon|55\/100\n|\n|-heal|p1a: Espeon|61\/100|[from] item: Leftovers\n|upkeep\n|turn|5\n|\n|t:|1699676563\n|move|p1a: Espeon|Calm Mind|p1a: Espeon\n|-boost|p1a: Espeon|spa|1\n|-boost|p1a: Espeon|spd|1\n|move|p2a: Gliscor|Earthquake|p1a: Espeon\n|-damage|p1a: Espeon|18\/100\n|\n|-heal|p1a: Espeon|25\/100|[from] item: Leftovers\n|upkeep\n|turn|6\n|\n|t:|1699676566\n|move|p1a: Espeon|Morning Sun|p1a: Espeon\n|-heal|p1a: Espeon|75\/100\n|move|p2a: Gliscor|Earthquake|p1a: Espeon\n|-damage|p1a: Espeon|32\/100\n|\n|-heal|p1a: Espeon|39\/100|[from] item: Leftovers\n|upkeep\n|turn|7\n|\n|t:|1699676569\n|move|p1a: Espeon|Morning Sun|p1a: Espeon\n|-heal|p1a: Espeon|89\/100\n|move|p2a: Gliscor|Earthquake|p1a: Espeon\n|-damage|p1a: Espeon|47\/100\n|\n|-heal|p1a: Espeon|54\/100|[from] item: Leftovers\n|upkeep\n|turn|8\n|\n|t:|1699676577\n|move|p1a: Espeon|Stored Power|p2a: Gliscor\n|-damage|p2a: Gliscor|21\/100 tox\n|move|p2a: Gliscor|Earthquake|p1a: Espeon\n|-damage|p1a: Espeon|11\/100\n|\n|-heal|p1a: Espeon|17\/100|[from] item: Leftovers\n|-heal|p2a: Gliscor|33\/100 tox|[from] ability: Poison Heal\n|upkeep\n|turn|9\n|\n|t:|1699676584\n|move|p2a: Gliscor|Protect|p2a: Gliscor\n|-singleturn|p2a: Gliscor|Protect\n|move|p1a: Espeon|Stored Power|p2a: Gliscor\n|-activate|p2a: Gliscor|move: Protect\n|\n|-heal|p1a: Espeon|24\/100|[from] item: Leftovers\n|-heal|p2a: Gliscor|46\/100 tox|[from] ability: Poison Heal\n|upkeep\n|turn|10\n|\n|t:|1699676591\n|switch|p2a: Skeledirge|Skeledirge, F|100\/100\n|move|p1a: Espeon|Stored Power|p2a: Skeledirge\n|-damage|p2a: Skeledirge|62\/100\n|\n|-heal|p1a: Espeon|30\/100|[from] item: Leftovers\n|upkeep\n|turn|11\n|\n|t:|1699676600\n|move|p1a: Espeon|Stored Power|p2a: Skeledirge\n|-damage|p2a: Skeledirge|25\/100\n|move|p2a: Skeledirge|Hex|p1a: Espeon\n|-supereffective|p1a: Espeon\n|-damage|p1a: Espeon|0 fnt\n|faint|p1a: Espeon\n|\n|upkeep\n|\n|t:|1699676611\n|switch|p1a: Umbreon|Umbreon, F|100\/100\n|turn|12\n|\n|t:|1699676619\n|switch|p2a: Clefable|Clefable, F|100\/100\n|move|p1a: Umbreon|Foul Play|p2a: Clefable\n|-resisted|p2a: Clefable\n|-damage|p2a: Clefable|94\/100\n|\n|upkeep\n|turn|13\n|\n|t:|1699676626\n|move|p1a: Umbreon|Toxic|p2a: Clefable\n|-status|p2a: Clefable|tox\n|move|p2a: Clefable|Toxic|p1a: Umbreon\n|-status|p1a: Umbreon|tox\n|-activate|p1a: Umbreon|ability: Synchronize\n|-fail|p2a: Clefable|tox\n|\n|-damage|p1a: Umbreon|94\/100 tox|[from] psn\n|upkeep\n|turn|14\n|\n|t:|1699676633\n|move|p1a: Umbreon|Heal Bell|p1a: Umbreon\n|-activate|p1a: Umbreon|move: Heal Bell\n|-curestatus|p1a: Umbreon|tox|[msg]\n|-curestatus|p1: Great Tusk|tox|[msg]\n|move|p2a: Clefable|Toxic|p1a: Umbreon\n|-status|p1a: Umbreon|tox\n|-activate|p1a: Umbreon|ability: Synchronize\n|-fail|p2a: Clefable|tox\n|\n|-heal|p1a: Umbreon|100\/100 tox|[from] item: Leftovers\n|-damage|p1a: Umbreon|94\/100 tox|[from] psn\n|upkeep\n|turn|15\n|\n|t:|1699676644\n|switch|p1a: Ting-Lu|Ting-Lu|100\/100\n|-ability|p1a: Ting-Lu|Vessel of Ruin\n|move|p2a: Clefable|Moonblast|p1a: Ting-Lu\n|-supereffective|p1a: Ting-Lu\n|-damage|p1a: Ting-Lu|70\/100\n|\n|-heal|p1a: Ting-Lu|76\/100|[from] item: Leftovers\n|upkeep\n|turn|16\n|\n|t:|1699676648\n|move|p2a: Clefable|Toxic|p1a: Ting-Lu|[miss]\n|-miss|p2a: Clefable|p1a: Ting-Lu\n|move|p1a: Ting-Lu|Stealth Rock|p2a: Clefable\n|-sidestart|p2: Seidou1|move: Stealth Rock\n|\n|-heal|p1a: Ting-Lu|82\/100|[from] item: Leftovers\n|upkeep\n|turn|17\n|\n|t:|1699676657\n|switch|p1a: Umbreon|Umbreon, F|94\/100 tox\n|move|p2a: Clefable|Toxic|p1a: Umbreon\n|-fail|p1a: Umbreon|tox\n|\n|-heal|p1a: Umbreon|100\/100 tox|[from] item: Leftovers\n|-damage|p1a: Umbreon|94\/100 tox|[from] psn\n|upkeep\n|turn|18\n|\n|t:|1699676665\n|switch|p1a: Great Tusk|Great Tusk|94\/100\n|switch|p2a: Maushold|Maushold-Four|100\/100\n|-damage|p2a: Maushold|88\/100|[from] Spikes\n|-damage|p2a: Maushold|76\/100|[from] Stealth Rock\n|\n|-heal|p1a: Great Tusk|100\/100|[from] item: Leftovers\n|upkeep\n|turn|19\n|\n|t:|1699676673\n|switch|p2a: Clefable|Clefable, F|94\/100 tox\n|move|p1a: Great Tusk|Close Combat|p2a: Clefable\n|-resisted|p2a: Clefable\n|-damage|p2a: Clefable|67\/100 tox\n|-unboost|p1a: Great Tusk|def|1\n|-unboost|p1a: Great Tusk|spd|1\n|\n|upkeep\n|turn|20\n|\n|t:|1699676690\n|-end|p1a: Great Tusk|Protosynthesis|[silent]\n|switch|p1a: Sylveon|Sylveon, F|100\/100\n|move|p2a: Clefable|Soft-Boiled|p2a: Clefable\n|-heal|p2a: Clefable|100\/100 tox\n|\n|upkeep\n|turn|21\n|\n|t:|1699676696\n|move|p1a: Sylveon|Protect|p1a: Sylveon\n|-singleturn|p1a: Sylveon|Protect\n|move|p2a: Clefable|Toxic|p1a: Sylveon\n|-activate|p1a: Sylveon|move: Protect\n|\n|upkeep\n|turn|22\n|\n|t:|1699676707\n|move|p2a: Clefable|Moonblast|p1a: Sylveon\n|-damage|p1a: Sylveon|80\/100\n|move|p1a: Sylveon|Mystical Fire|p2a: Clefable\n|-damage|p2a: Clefable|84\/100 tox\n|-unboost|p2a: Clefable|spa|1\n|\n|-heal|p1a: Sylveon|87\/100|[from] item: Leftovers\n|upkeep\n|turn|23\n|\n|t:|1699676716\n|switch|p1a: Umbreon|Umbreon, F|94\/100 tox\n|move|p2a: Clefable|Stealth Rock|p1a: Umbreon\n|-sidestart|p1: taoke|move: Stealth Rock\n|\n|-heal|p1a: Umbreon|100\/100 tox|[from] item: Leftovers\n|-damage|p1a: Umbreon|94\/100 tox|[from] psn\n|upkeep\n|turn|24\n|\n|t:|1699676729\n|switch|p1a: Great Tusk|Great Tusk|100\/100\n|-damage|p1a: Great Tusk|97\/100|[from] Stealth Rock\n|move|p2a: Clefable|Moonblast|p1a: Great Tusk\n|-supereffective|p1a: Great Tusk\n|-damage|p1a: Great Tusk|38\/100\n|-unboost|p1a: Great Tusk|spa|1\n|\n|-heal|p1a: Great Tusk|44\/100|[from] item: Leftovers\n|upkeep\n|turn|25\n|\n|t:|1699676738\n|-end|p1a: Great Tusk|Protosynthesis|[silent]\n|switch|p1a: Sylveon|Sylveon, F|87\/100\n|-damage|p1a: Sylveon|74\/100|[from] Stealth Rock\n|move|p2a: Clefable|Moonblast|p1a: Sylveon\n|-damage|p1a: Sylveon|60\/100\n|\n|-heal|p1a: Sylveon|66\/100|[from] item: Leftovers\n|upkeep\n|turn|26\n|\n|t:|1699676744\n|move|p2a: Clefable|Toxic|p1a: Sylveon\n|-status|p1a: Sylveon|tox\n|move|p1a: Sylveon|Hyper Voice|p2a: Clefable\n|-damage|p2a: Clefable|46\/100 tox\n|\n|-heal|p1a: Sylveon|72\/100 tox|[from] item: Leftovers\n|-damage|p1a: Sylveon|66\/100 tox|[from] psn\n|upkeep\n|turn|27\n|\n|t:|1699676750\n|move|p2a: Clefable|Soft-Boiled|p2a: Clefable\n|-heal|p2a: Clefable|96\/100 tox\n|move|p1a: Sylveon|Wish|p1a: Sylveon\n|\n|-heal|p1a: Sylveon|72\/100 tox|[from] item: Leftovers\n|-damage|p1a: Sylveon|60\/100 tox|[from] psn\n|upkeep\n|turn|28\n|\n|t:|1699676755\n|switch|p2a: Maushold|Maushold-Four|76\/100\n|-damage|p2a: Maushold|63\/100|[from] Spikes\n|-damage|p2a: Maushold|51\/100|[from] Stealth Rock\n|move|p1a: Sylveon|Mystical Fire|p2a: Maushold\n|-damage|p2a: Maushold|24\/100\n|-unboost|p2a: Maushold|spa|1\n|\n|-heal|p1a: Sylveon|100\/100 tox|[from] move: Wish|[wisher] Sylveon\n|-damage|p1a: Sylveon|82\/100 tox|[from] psn\n|upkeep\n|turn|29\n|\n|t:|1699676766\n|move|p2a: Maushold|Population Bomb|p1a: Sylveon\n|-damage|p1a: Sylveon|73\/100 tox\n|-damage|p1a: Sylveon|64\/100 tox\n|-damage|p1a: Sylveon|55\/100 tox\n|-damage|p1a: Sylveon|46\/100 tox\n|-damage|p1a: Sylveon|38\/100 tox\n|-damage|p1a: Sylveon|29\/100 tox\n|-damage|p1a: Sylveon|20\/100 tox\n|-damage|p1a: Sylveon|11\/100 tox\n|-damage|p1a: Sylveon|3\/100 tox\n|-damage|p1a: Sylveon|0 fnt\n|faint|p1a: Sylveon\n|-hitcount|p1: Sylveon|10\n|\n|upkeep\n|\n|t:|1699676769\n|switch|p1a: Great Tusk|Great Tusk|44\/100\n|-damage|p1a: Great Tusk|41\/100|[from] Stealth Rock\n|turn|30\n|\n|t:|1699676779\n|move|p2a: Maushold|Population Bomb|p1a: Great Tusk\n|-damage|p1a: Great Tusk|34\/100\n|-damage|p1a: Great Tusk|27\/100\n|-crit|p1a: Great Tusk\n|-damage|p1a: Great Tusk|15\/100\n|-damage|p1a: Great Tusk|8\/100\n|-damage|p1a: Great Tusk|1\/100\n|-damage|p1a: Great Tusk|0 fnt\n|faint|p1a: Great Tusk\n|-end|p1a: Great Tusk|Protosynthesis|[silent]\n|-hitcount|p1: Great Tusk|6\n|\n|upkeep\n|\n|t:|1699676781\n|switch|p1a: Ting-Lu|Ting-Lu|82\/100\n|-damage|p1a: Ting-Lu|76\/100|[from] Stealth Rock\n|-ability|p1a: Ting-Lu|Vessel of Ruin\n|turn|31\n|\n|t:|1699676786\n|move|p2a: Maushold|Tidy Up|p2a: Maushold\n|-sideend|p2: Seidou1|Spikes\n|-sideend|p2: Seidou1|Stealth Rock\n|-sideend|p1: taoke|Stealth Rock\n|-activate|p2a: Maushold|move: Tidy Up\n|-boost|p2a: Maushold|atk|1\n|-boost|p2a: Maushold|spe|1\n|move|p1a: Ting-Lu|Earthquake|p2a: Maushold\n|-damage|p2a: Maushold|0 fnt\n|faint|p2a: Maushold\n|\n|-heal|p1a: Ting-Lu|82\/100|[from] item: Leftovers\n|upkeep\n|\n|t:|1699676788\n|switch|p2a: Gliscor|Gliscor, F, tera:Ghost|46\/100 tox\n|turn|32\n|\n|t:|1699676800\n|move|p2a: Gliscor|Spikes|p1a: Ting-Lu\n|-sidestart|p1: taoke|Spikes\n|move|p1a: Ting-Lu|Stealth Rock|p2a: Gliscor\n|-sidestart|p2: Seidou1|move: Stealth Rock\n|\n|-heal|p1a: Ting-Lu|88\/100|[from] item: Leftovers\n|-heal|p2a: Gliscor|58\/100 tox|[from] ability: Poison Heal\n|upkeep\n|turn|33\n|\n|t:|1699676804\n|move|p2a: Gliscor|Spikes|p1a: Ting-Lu\n|-sidestart|p1: taoke|Spikes\n|move|p1a: Ting-Lu|Whirlwind|p2a: Gliscor\n|drag|p2a: Slowking|Slowking-Galar, F|100\/100\n|-damage|p2a: Slowking|88\/100|[from] Stealth Rock\n|\n|-heal|p1a: Ting-Lu|95\/100|[from] item: Leftovers\n|upkeep\n|turn|34\n|\n|t:|1699676811\n|switch|p2a: Alomomola|Alomomola, F|100\/100\n|-damage|p2a: Alomomola|88\/100|[from] Stealth Rock\n|move|p1a: Ting-Lu|Earthquake|p2a: Alomomola\n|-damage|p2a: Alomomola|65\/100\n|\n|-heal|p1a: Ting-Lu|100\/100|[from] item: Leftovers\n|upkeep\n|turn|35\n|\n|t:|1699676818\n|-terastallize|p1a: Ting-Lu|Poison\n|move|p1a: Ting-Lu|Ruination|p2a: Alomomola\n|-damage|p2a: Alomomola|33\/100\n|move|p2a: Alomomola|Knock Off|p1a: Ting-Lu\n|-damage|p1a: Ting-Lu|92\/100\n|-enditem|p1a: Ting-Lu|Leftovers|[from] move: Knock Off|[of] p2a: Alomomola\n|\n|upkeep\n|turn|36\n|\n|t:|1699676825\n|move|p1a: Ting-Lu|Earthquake|p2a: Alomomola\n|-damage|p2a: Alomomola|7\/100\n|move|p2a: Alomomola|Scald|p1a: Ting-Lu\n|-damage|p1a: Ting-Lu|85\/100\n|\n|upkeep\n|turn|37\n|\n|t:|1699676836\n|switch|p2a: Clefable|Clefable, F|96\/100 tox\n|move|p1a: Ting-Lu|Earthquake|p2a: Clefable\n|-damage|p2a: Clefable|65\/100 tox\n|\n|upkeep\n|turn|38\n|\n|t:|1699676842\n|move|p2a: Clefable|Soft-Boiled|p2a: Clefable\n|-heal|p2a: Clefable|100\/100 tox\n|move|p1a: Ting-Lu|Ruination|p2a: Clefable\n|-damage|p2a: Clefable|51\/100 tox\n|\n|upkeep\n|turn|39\n|\n|t:|1699676848\n|move|p2a: Clefable|Moonblast|p1a: Ting-Lu\n|-resisted|p1a: Ting-Lu\n|-damage|p1a: Ting-Lu|78\/100\n|move|p1a: Ting-Lu|Ruination|p2a: Clefable\n|-damage|p2a: Clefable|26\/100 tox\n|\n|upkeep\n|turn|40\n|\n|t:|1699676856\n|move|p2a: Clefable|Soft-Boiled|p2a: Clefable\n|-heal|p2a: Clefable|76\/100 tox\n|move|p1a: Ting-Lu|Earthquake|p2a: Clefable\n|-damage|p2a: Clefable|48\/100 tox\n|\n|upkeep\n|turn|41\n|\n|t:|1699676860\n|move|p2a: Clefable|Soft-Boiled|p2a: Clefable\n|-heal|p2a: Clefable|98\/100 tox\n|move|p1a: Ting-Lu|Ruination|p2a: Clefable\n|-damage|p2a: Clefable|49\/100 tox\n|\n|upkeep\n|turn|42\n|\n|t:|1699676864\n|move|p2a: Clefable|Moonblast|p1a: Ting-Lu\n|-resisted|p1a: Ting-Lu\n|-damage|p1a: Ting-Lu|71\/100\n|-unboost|p1a: Ting-Lu|spa|1\n|move|p1a: Ting-Lu|Ruination|p2a: Clefable\n|-damage|p2a: Clefable|25\/100 tox\n|\n|upkeep\n|turn|43\n|\n|t:|1699676868\n|move|p2a: Clefable|Soft-Boiled|p2a: Clefable\n|-heal|p2a: Clefable|75\/100 tox\n|move|p1a: Ting-Lu|Earthquake|p2a: Clefable\n|-damage|p2a: Clefable|48\/100 tox\n|\n|upkeep\n|turn|44\n|\n|t:|1699676873\n|switch|p2a: Gliscor|Gliscor, F, tera:Ghost|58\/100 tox\n|-damage|p2a: Gliscor|46\/100 tox|[from] Stealth Rock\n|move|p1a: Ting-Lu|Ruination|p2a: Gliscor\n|-damage|p2a: Gliscor|23\/100 tox\n|\n|-heal|p2a: Gliscor|36\/100 tox|[from] ability: Poison Heal\n|upkeep\n|turn|45\n|\n|t:|1699676881\n|move|p2a: Gliscor|Earthquake|p1a: Ting-Lu\n|-supereffective|p1a: Ting-Lu\n|-damage|p1a: Ting-Lu|38\/100\n|move|p1a: Ting-Lu|Whirlwind|p2a: Gliscor\n|drag|p2a: Clefable|Clefable, F|48\/100 tox\n|\n|upkeep\n|turn|46\n|\n|t:|1699676888\n|switch|p2a: Gliscor|Gliscor, F, tera:Ghost|36\/100 tox\n|-damage|p2a: Gliscor|23\/100 tox|[from] Stealth Rock\n|move|p1a: Ting-Lu|Earthquake|p2a: Gliscor\n|-damage|p2a: Gliscor|0 fnt\n|faint|p2a: Gliscor\n|\n|upkeep\n|\n|t:|1699676895\n|switch|p2a: Alomomola|Alomomola, F|40\/100\n|-damage|p2a: Alomomola|28\/100|[from] Stealth Rock\n|turn|47\n|\n|t:|1699676899\n|move|p1a: Ting-Lu|Earthquake|p2a: Alomomola\n|-damage|p2a: Alomomola|2\/100\n|move|p2a: Alomomola|Scald|p1a: Ting-Lu\n|-damage|p1a: Ting-Lu|32\/100\n|\n|upkeep\n|turn|48\n|\n|t:|1699676907\n|switch|p2a: Clefable|Clefable, F|48\/100 tox\n|move|p1a: Ting-Lu|Earthquake|p2a: Clefable\n|-damage|p2a: Clefable|18\/100 tox\n|\n|upkeep\n|turn|49\n|\n|t:|1699676918\n|move|p2a: Clefable|Soft-Boiled|p2a: Clefable\n|-heal|p2a: Clefable|68\/100 tox\n|move|p1a: Ting-Lu|Earthquake|p2a: Clefable\n|-damage|p2a: Clefable|41\/100 tox\n|\n|upkeep\n|turn|50\n|\n|t:|1699676924\n|move|p2a: Clefable|Moonblast|p1a: Ting-Lu\n|-resisted|p1a: Ting-Lu\n|-damage|p1a: Ting-Lu|24\/100\n|move|p1a: Ting-Lu|Ruination|p2a: Clefable\n|-damage|p2a: Clefable|21\/100 tox\n|\n|upkeep\n|turn|51\n|\n|t:|1699676928\n|move|p2a: Clefable|Soft-Boiled|p2a: Clefable\n|-heal|p2a: Clefable|71\/100 tox\n|move|p1a: Ting-Lu|Earthquake|p2a: Clefable\n|-damage|p2a: Clefable|42\/100 tox\n|\n|upkeep\n|turn|52\n|\n|t:|1699676932\n|move|p2a: Clefable|Moonblast|p1a: Ting-Lu\n|-resisted|p1a: Ting-Lu\n|-damage|p1a: Ting-Lu|18\/100\n|-unboost|p1a: Ting-Lu|spa|1\n|move|p1a: Ting-Lu|Earthquake|p2a: Clefable\n|-damage|p2a: Clefable|13\/100 tox\n|\n|upkeep\n|turn|53\n|\n|t:|1699676936\n|move|p2a: Clefable|Moonblast|p1a: Ting-Lu\n|-resisted|p1a: Ting-Lu\n|-damage|p1a: Ting-Lu|11\/100\n|move|p1a: Ting-Lu|Earthquake|p2a: Clefable\n|-damage|p2a: Clefable|0 fnt\n|faint|p2a: Clefable\n|\n|upkeep\n|\n|t:|1699676943\n|switch|p2a: Alomomola|Alomomola, F|35\/100\n|-damage|p2a: Alomomola|23\/100|[from] Stealth Rock\n|turn|54\n|\n|t:|1699676947\n|move|p1a: Ting-Lu|Earthquake|p2a: Alomomola\n|-damage|p2a: Alomomola|0 fnt\n|faint|p2a: Alomomola\n|\n|upkeep\n|\n|t:|1699676949\n|switch|p2a: Skeledirge|Skeledirge, F|25\/100\n|turn|55\n|\n|t:|1699676953\n|move|p2a: Skeledirge|Torch Song|p1a: Ting-Lu\n|-crit|p1a: Ting-Lu\n|-damage|p1a: Ting-Lu|0 fnt\n|-boost|p2a: Skeledirge|spa|1\n|faint|p1a: Ting-Lu\n|\n|upkeep\n|\n|t:|1699676958\n|switch|p1a: Umbreon|Umbreon, F|94\/100 tox\n|-damage|p1a: Umbreon|78\/100 tox|[from] Spikes\n|turn|56\n|\n|t:|1699676961\n|move|p2a: Skeledirge|Slack Off|p2a: Skeledirge\n|-heal|p2a: Skeledirge|75\/100\n|move|p1a: Umbreon|Foul Play|p2a: Skeledirge\n|-supereffective|p2a: Skeledirge\n|-damage|p2a: Skeledirge|47\/100\n|\n|-heal|p1a: Umbreon|84\/100 tox|[from] item: Leftovers\n|-damage|p1a: Umbreon|78\/100 tox|[from] psn\n|upkeep\n|turn|57\n|\n|t:|1699676966\n|move|p2a: Skeledirge|Torch Song|p1a: Umbreon\n|-damage|p1a: Umbreon|49\/100 tox\n|-boost|p2a: Skeledirge|spa|1\n|move|p1a: Umbreon|Toxic|p2a: Skeledirge\n|-status|p2a: Skeledirge|tox\n|\n|-heal|p1a: Umbreon|55\/100 tox|[from] item: Leftovers\n|-damage|p2a: Skeledirge|41\/100 tox|[from] psn\n|-damage|p1a: Umbreon|43\/100 tox|[from] psn\n|upkeep\n|turn|58\n|\n|t:|1699676970\n|move|p2a: Skeledirge|Slack Off|p2a: Skeledirge\n|-heal|p2a: Skeledirge|91\/100 tox\n|move|p1a: Umbreon|Heal Bell|p1a: Umbreon\n|-activate|p1a: Umbreon|move: Heal Bell\n|-curestatus|p1a: Umbreon|tox|[msg]\n|\n|-heal|p1a: Umbreon|49\/100|[from] item: Leftovers\n|-damage|p2a: Skeledirge|79\/100 tox|[from] psn\n|upkeep\n|turn|59\n|\n|t:|1699676980\n|move|p2a: Skeledirge|Torch Song|p1a: Umbreon\n|-damage|p1a: Umbreon|12\/100\n|-boost|p2a: Skeledirge|spa|1\n|move|p1a: Umbreon|Moonlight|p1a: Umbreon\n|-heal|p1a: Umbreon|62\/100\n|\n|-heal|p1a: Umbreon|68\/100|[from] item: Leftovers\n|-damage|p2a: Skeledirge|61\/100 tox|[from] psn\n|upkeep\n|turn|60\n|\n|t:|1699676986\n|move|p2a: Skeledirge|Torch Song|p1a: Umbreon\n|-damage|p1a: Umbreon|21\/100\n|-boost|p2a: Skeledirge|spa|1\n|move|p1a: Umbreon|Moonlight|p1a: Umbreon\n|-heal|p1a: Umbreon|71\/100\n|\n|-heal|p1a: Umbreon|77\/100|[from] item: Leftovers\n|-damage|p2a: Skeledirge|37\/100 tox|[from] psn\n|upkeep\n|turn|61\n|\n|t:|1699676992\n|switch|p2a: Slowking|Slowking-Galar, F|100\/100\n|-damage|p2a: Slowking|88\/100|[from] Stealth Rock\n|switch|p1a: Vaporeon|Vaporeon, F|100\/100\n|-damage|p1a: Vaporeon|84\/100|[from] Spikes\n|\n|-heal|p1a: Vaporeon|90\/100|[from] item: Leftovers\n|upkeep\n|turn|62\n|\n|t:|1699676998\n|move|p1a: Vaporeon|Protect|p1a: Vaporeon\n|-singleturn|p1a: Vaporeon|Protect\n|move|p2a: Slowking|Sludge Bomb|p1a: Vaporeon\n|-activate|p1a: Vaporeon|move: Protect\n|\n|-heal|p1a: Vaporeon|96\/100|[from] item: Leftovers\n|upkeep\n|turn|63\n|\n|t:|1699677006\n|move|p1a: Vaporeon|Scald|p2a: Slowking\n|-damage|p2a: Slowking|73\/100\n|move|p2a: Slowking|Sludge Bomb|p1a: Vaporeon\n|-damage|p1a: Vaporeon|62\/100\n|-status|p1a: Vaporeon|psn\n|\n|-heal|p1a: Vaporeon|68\/100 psn|[from] item: Leftovers\n|-damage|p1a: Vaporeon|56\/100 psn|[from] psn\n|upkeep\n|turn|64\n|\n|t:|1699677014\n|move|p1a: Vaporeon|Wish|p1a: Vaporeon\n|move|p2a: Slowking|Sludge Bomb|p1a: Vaporeon\n|-damage|p1a: Vaporeon|21\/100 psn\n|\n|-heal|p1a: Vaporeon|27\/100 psn|[from] item: Leftovers\n|-damage|p1a: Vaporeon|15\/100 psn|[from] psn\n|upkeep\n|turn|65\n|\n|t:|1699677018\n|move|p1a: Vaporeon|Protect|p1a: Vaporeon\n|-singleturn|p1a: Vaporeon|Protect\n|move|p2a: Slowking|Sludge Bomb|p1a: Vaporeon\n|-activate|p1a: Vaporeon|move: Protect\n|\n|-heal|p1a: Vaporeon|65\/100 psn|[from] move: Wish|[wisher] Vaporeon\n|-heal|p1a: Vaporeon|71\/100 psn|[from] item: Leftovers\n|-damage|p1a: Vaporeon|58\/100 psn|[from] psn\n|upkeep\n|turn|66\n|\n|t:|1699677022\n|move|p1a: Vaporeon|Wish|p1a: Vaporeon\n|move|p2a: Slowking|Sludge Bomb|p1a: Vaporeon\n|-damage|p1a: Vaporeon|21\/100 psn\n|\n|-heal|p1a: Vaporeon|27\/100 psn|[from] item: Leftovers\n|-damage|p1a: Vaporeon|15\/100 psn|[from] psn\n|upkeep\n|turn|67\n|\n|t:|1699677027\n|move|p1a: Vaporeon|Protect|p1a: Vaporeon\n|-singleturn|p1a: Vaporeon|Protect\n|move|p2a: Slowking|Sludge Bomb|p1a: Vaporeon\n|-activate|p1a: Vaporeon|move: Protect\n|\n|-heal|p1a: Vaporeon|65\/100 psn|[from] move: Wish|[wisher] Vaporeon\n|-heal|p1a: Vaporeon|71\/100 psn|[from] item: Leftovers\n|-damage|p1a: Vaporeon|58\/100 psn|[from] psn\n|upkeep\n|turn|68\n|\n|t:|1699677032\n|move|p1a: Vaporeon|Wish|p1a: Vaporeon\n|move|p2a: Slowking|Sludge Bomb|p1a: Vaporeon\n|-damage|p1a: Vaporeon|23\/100 psn\n|\n|-heal|p1a: Vaporeon|29\/100 psn|[from] item: Leftovers\n|-damage|p1a: Vaporeon|17\/100 psn|[from] psn\n|upkeep\n|turn|69\n|\n|t:|1699677037\n|move|p1a: Vaporeon|Protect|p1a: Vaporeon\n|-singleturn|p1a: Vaporeon|Protect\n|move|p2a: Slowking|Earthquake|p1a: Vaporeon\n|-activate|p1a: Vaporeon|move: Protect\n|\n|-heal|p1a: Vaporeon|67\/100 psn|[from] move: Wish|[wisher] Vaporeon\n|-heal|p1a: Vaporeon|73\/100 psn|[from] item: Leftovers\n|-damage|p1a: Vaporeon|61\/100 psn|[from] psn\n|upkeep\n|turn|70\n|\n|t:|1699677044\n|move|p1a: Vaporeon|Wish|p1a: Vaporeon\n|move|p2a: Slowking|Sludge Bomb|p1a: Vaporeon\n|-damage|p1a: Vaporeon|25\/100 psn\n|\n|-heal|p1a: Vaporeon|31\/100 psn|[from] item: Leftovers\n|-damage|p1a: Vaporeon|19\/100 psn|[from] psn\n|upkeep\n|turn|71\n|\n|t:|1699677050\n|switch|p1a: Umbreon|Umbreon, F|77\/100\n|-damage|p1a: Umbreon|60\/100|[from] Spikes\n|move|p2a: Slowking|Ice Beam|p1a: Umbreon\n|-damage|p1a: Umbreon|41\/100\n|\n|-heal|p1a: Umbreon|99\/100|[from] move: Wish|[wisher] Vaporeon\n|-heal|p1a: Umbreon|100\/100|[from] item: Leftovers\n|upkeep\n|turn|72\n|\n|t:|1699677060\n|move|p1a: Umbreon|Foul Play|p2a: Slowking\n|-supereffective|p2a: Slowking\n|-damage|p2a: Slowking|25\/100\n|move|p2a: Slowking|Sludge Bomb|p1a: Umbreon\n|-damage|p1a: Umbreon|67\/100\n|\n|-heal|p1a: Umbreon|73\/100|[from] item: Leftovers\n|upkeep\n|turn|73\n|\n|t:|1699677067\n|move|p1a: Umbreon|Foul Play|p2a: Slowking\n|-supereffective|p2a: Slowking\n|-damage|p2a: Slowking|0 fnt\n|faint|p2a: Slowking\n|\n|-heal|p1a: Umbreon|79\/100|[from] item: Leftovers\n|upkeep\n|\n|t:|1699677069\n|switch|p2a: Skeledirge|Skeledirge, F|37\/100 tox\n|turn|74\n|-message|Seidou1 forfeited.\n|\n|win|taoke\n|raw|taoke's rating: 1625 &rarr; <strong>1654<\/strong><br \/>(+29 for winning)\n|raw|Seidou1's rating: 1800 &rarr; <strong>1771<\/strong><br \/>(-29 for losing)\n|l|\u2606Seidou1\n","uploadtime":1699677081,"views":4,"p1id":"taoke","p2id":"seidou1","formatid":"gen9nationaldex","rating":1654,"private":0,"password":""}