{"id":"gen9nationaldex-1997672185","p1":"Yatogami_weilai","p2":"NOWISESSEFE","format":"[Gen 9] National Dex","log":"|html|<div class=\"broadcast-blue\"><strong>[Gen 9] National Dex is currently suspecting Sneasler! For information on how to participate check out the <a href=\"https:\/\/www.smogon.com\/forums\/threads\/sv-national-dex-suspect-8-just-dance.3731534\/\">suspect thread<\/a>.<\/strong><\/div>\n|j|\u2606Yatogami_weilai\n|j|\u2606NOWISESSEFE\n|t:|1700840128\n|gametype|singles\n|player|p1|Yatogami_weilai|zinnia|1106\n|player|p2|NOWISESSEFE|101|1192\n|teamsize|p1|6\n|teamsize|p2|6\n|gen|9\n|tier|[Gen 9] National Dex\n|rated|\n|rule|HP Percentage Mod: HP is shown in percentages\n|rule|Endless Battle Clause: Forcing endless battles is banned\n|rule|OHKO Clause: OHKO moves are banned\n|rule|Evasion Clause: Evasion abilities, items, and moves are banned\n|rule|Evasion Abilities Clause: Evasion abilities are banned\n|rule|Evasion Items Clause: Evasion items are banned\n|rule|Evasion Moves Clause: Evasion moves are banned\n|rule|Species Clause: Limit one of each Pok\u00e9mon\n|rule|Sleep Clause Mod: Limit one foe put to sleep\n|clearpoke\n|poke|p1|Tyranitar, M|\n|poke|p1|Excadrill, M|\n|poke|p1|Togekiss, F|\n|poke|p1|Klefki, F|\n|poke|p1|Cradily, F|\n|poke|p1|Salamence, M|\n|poke|p2|Quagsire, M|\n|poke|p2|Espeon, F|\n|poke|p2|Steelix, F|\n|poke|p2|Lopunny, F|\n|poke|p2|Togekiss, F|\n|poke|p2|Sneasler, F|\n|teampreview\n|\n|t:|1700840139\n|start\n|switch|p1a: Klefki|Klefki, F, shiny|100\/100\n|switch|p2a: Lopunny|Lopunny, F|100\/100\n|turn|1\n|\n|t:|1700840149\n|detailschange|p2a: Lopunny|Lopunny-Mega, F\n|-mega|p2a: Lopunny|Lopunny|Lopunnite\n|move|p1a: Klefki|Reflect|p1a: Klefki\n|-sidestart|p1: Yatogami_weilai|Reflect\n|move|p2a: Lopunny|U-turn|p1a: Klefki\n|-resisted|p1a: Klefki\n|-damage|p1a: Klefki|98\/100\n|\n|t:|1700840154\n|switch|p2a: Espeon|Espeon, F|100\/100|[from] U-turn\n|\n|upkeep\n|turn|2\n|\n|t:|1700840159\n|move|p2a: Espeon|Trick|p1a: Klefki\n|-activate|p2a: Espeon|move: Trick|[of] p1a: Klefki\n|-item|p1a: Klefki|Choice Scarf|[from] move: Trick\n|-item|p2a: Espeon|Light Clay|[from] move: Trick\n|move|p1a: Klefki|Foul Play|p2a: Espeon\n|-supereffective|p2a: Espeon\n|-damage|p2a: Espeon|55\/100\n|\n|upkeep\n|turn|3\n|\n|t:|1700840165\n|switch|p2a: Steelix|Steelix, F|100\/100\n|move|p1a: Klefki|Foul Play|p2a: Steelix\n|-damage|p2a: Steelix|93\/100\n|\n|-heal|p2a: Steelix|99\/100|[from] item: Leftovers\n|upkeep\n|turn|4\n|\n|t:|1700840180\n|switch|p1a: Salamence|Salamence, M|100\/100\n|move|p2a: Steelix|Stealth Rock|p1a: Salamence\n|-sidestart|p1: Yatogami_weilai|move: Stealth Rock\n|\n|-heal|p2a: Steelix|100\/100|[from] item: Leftovers\n|upkeep\n|turn|5\n|\n|t:|1700840187\n|move|p1a: Salamence|Dragon Dance|p1a: Salamence\n|-boost|p1a: Salamence|atk|1\n|-boost|p1a: Salamence|spe|1\n|move|p2a: Steelix|Curse|p2a: Steelix\n|-unboost|p2a: Steelix|spe|1\n|-boost|p2a: Steelix|atk|1\n|-boost|p2a: Steelix|def|1\n|\n|upkeep\n|turn|6\n|\n|t:|1700840196\n|move|p1a: Salamence|Earthquake|p2a: Steelix\n|-supereffective|p2a: Steelix\n|-damage|p2a: Steelix|63\/100\n|-damage|p1a: Salamence|91\/100|[from] item: Life Orb\n|move|p2a: Steelix|Curse|p2a: Steelix\n|-unboost|p2a: Steelix|spe|1\n|-boost|p2a: Steelix|atk|1\n|-boost|p2a: Steelix|def|1\n|\n|-heal|p2a: Steelix|69\/100|[from] item: Leftovers\n|upkeep\n|turn|7\n|\n|t:|1700840206\n|move|p1a: Salamence|Earthquake|p2a: Steelix\n|-supereffective|p2a: Steelix\n|-damage|p2a: Steelix|38\/100\n|-damage|p1a: Salamence|81\/100|[from] item: Life Orb\n|move|p2a: Steelix|Curse|p2a: Steelix\n|-unboost|p2a: Steelix|spe|1\n|-boost|p2a: Steelix|atk|1\n|-boost|p2a: Steelix|def|1\n|\n|-heal|p2a: Steelix|45\/100|[from] item: Leftovers\n|upkeep\n|turn|8\n|\n|t:|1700840229\n|move|p1a: Salamence|Dragon Dance|p1a: Salamence\n|-boost|p1a: Salamence|atk|1\n|-boost|p1a: Salamence|spe|1\n|move|p2a: Steelix|Curse|p2a: Steelix\n|-unboost|p2a: Steelix|spe|1\n|-boost|p2a: Steelix|atk|1\n|-boost|p2a: Steelix|def|1\n|\n|-heal|p2a: Steelix|51\/100|[from] item: Leftovers\n|-sideend|p1: Yatogami_weilai|Reflect\n|upkeep\n|turn|9\n|\n|t:|1700840238\n|move|p1a: Salamence|Earthquake|p2a: Steelix\n|-supereffective|p2a: Steelix\n|-damage|p2a: Steelix|26\/100\n|-damage|p1a: Salamence|71\/100|[from] item: Life Orb\n|move|p2a: Steelix|Gyro Ball|p1a: Salamence\n|-damage|p1a: Salamence|0 fnt\n|faint|p1a: Salamence\n|\n|-heal|p2a: Steelix|33\/100|[from] item: Leftovers\n|upkeep\n|\n|t:|1700840249\n|switch|p1a: Cradily|Cradily, F|100\/100\n|-damage|p1a: Cradily|88\/100|[from] Stealth Rock\n|turn|10\n|\n|t:|1700840254\n|move|p1a: Cradily|Giga Drain|p2a: Steelix\n|-damage|p2a: Steelix|4\/100\n|-heal|p1a: Cradily|100\/100|[from] drain|[of] p2a: Steelix\n|move|p2a: Steelix|Gyro Ball|p1a: Cradily\n|-supereffective|p1a: Cradily\n|-damage|p1a: Cradily|0 fnt\n|faint|p1a: Cradily\n|\n|-heal|p2a: Steelix|11\/100|[from] item: Leftovers\n|upkeep\n|\n|t:|1700840265\n|switch|p1a: Togekiss|Togekiss, F, shiny|100\/100\n|turn|11\n|\n|t:|1700840268\n|move|p1a: Togekiss|Flamethrower|p2a: Steelix\n|-supereffective|p2a: Steelix\n|-damage|p2a: Steelix|0 fnt\n|faint|p2a: Steelix\n|\n|upkeep\n|\n|t:|1700840273\n|switch|p2a: Quagsire|Quagsire, M|100\/100\n|turn|12\n|\n|t:|1700840280\n|-terastallize|p1a: Togekiss|Flying\n|move|p1a: Togekiss|Air Slash|p2a: Quagsire\n|-damage|p2a: Quagsire|53\/100\n|cant|p2a: Quagsire|flinch\n|\n|upkeep\n|turn|13\n|\n|t:|1700840288\n|move|p1a: Togekiss|Air Slash|p2a: Quagsire\n|-damage|p2a: Quagsire|6\/100\n|cant|p2a: Quagsire|flinch\n|\n|upkeep\n|turn|14\n|\n|t:|1700840292\n|move|p1a: Togekiss|Air Slash|p2a: Quagsire\n|-damage|p2a: Quagsire|0 fnt\n|faint|p2a: Quagsire\n|\n|upkeep\n|\n|t:|1700840297\n|switch|p2a: Sneasler|Sneasler, F|100\/100\n|-item|p2a: Sneasler|Air Balloon\n|turn|15\n|\n|t:|1700840302\n|move|p2a: Sneasler|Dire Claw|p1a: Togekiss\n|-damage|p1a: Togekiss|57\/100\n|-status|p1a: Togekiss|psn\n|move|p1a: Togekiss|Air Slash|p2a: Sneasler\n|-supereffective|p2a: Sneasler\n|-damage|p2a: Sneasler|3\/100\n|-enditem|p2a: Sneasler|Air Balloon\n|\n|-damage|p1a: Togekiss|44\/100 psn|[from] psn\n|upkeep\n|turn|16\n|\n|t:|1700840316\n|switch|p1a: Klefki|Klefki, F, shiny|98\/100\n|-damage|p1a: Klefki|92\/100|[from] Stealth Rock\n|move|p2a: Sneasler|Dire Claw|p1a: Klefki\n|-immune|p1a: Klefki\n|\n|upkeep\n|turn|17\n|\n|t:|1700840326\n|switch|p2a: Togekiss|Togekiss, F|100\/100\n|move|p1a: Klefki|Reflect|p1a: Klefki\n|-sidestart|p1: Yatogami_weilai|Reflect\n|\n|upkeep\n|turn|18\n|\n|t:|1700840332\n|switch|p1a: Excadrill|Excadrill, M, shiny|100\/100\n|-damage|p1a: Excadrill|97\/100|[from] Stealth Rock\n|-ability|p1a: Excadrill|Mold Breaker\n|-terastallize|p2a: Togekiss|Fire\n|move|p2a: Togekiss|Flamethrower|p1a: Excadrill\n|-supereffective|p1a: Excadrill\n|-damage|p1a: Excadrill|0 fnt\n|faint|p1a: Excadrill\n|\n|upkeep\n|\n|t:|1700840343\n|switch|p1a: Tyranitar|Tyranitar, M, shiny|100\/100\n|-damage|p1a: Tyranitar|88\/100|[from] Stealth Rock\n|-weather|Sandstorm|[from] ability: Sand Stream|[of] p1a: Tyranitar\n|turn|19\n|\n|t:|1700840354\n|switch|p2a: Espeon|Espeon, F|55\/100\n|detailschange|p1a: Tyranitar|Tyranitar-Mega, M, shiny\n|-mega|p1a: Tyranitar|Tyranitar|Tyranitarite\n|move|p1a: Tyranitar|Stone Edge|p2a: Espeon\n|-damage|p2a: Espeon|0 fnt\n|faint|p2a: Espeon\n|\n|-weather|Sandstorm|[upkeep]\n|upkeep\n|\n|t:|1700840362\n|switch|p2a: Sneasler|Sneasler, F|3\/100\n|turn|20\n|\n|t:|1700840368\n|switch|p1a: Klefki|Klefki, F, shiny|92\/100\n|-damage|p1a: Klefki|86\/100|[from] Stealth Rock\n|move|p2a: Sneasler|Toxic Spikes|p1a: Klefki\n|-sidestart|p1: Yatogami_weilai|move: Toxic Spikes\n|\n|-weather|Sandstorm|[upkeep]\n|-damage|p2a: Sneasler|0 fnt|[from] Sandstorm\n|faint|p2a: Sneasler\n|upkeep\n|\n|t:|1700840377\n|switch|p2a: Togekiss|Togekiss, F, tera:Fire|100\/100\n|turn|21\n|\n|t:|1700840385\n|move|p1a: Klefki|Light Screen|p1a: Klefki\n|-sidestart|p1: Yatogami_weilai|move: Light Screen\n|move|p2a: Togekiss|Air Slash|p1a: Klefki\n|-resisted|p1a: Klefki\n|-damage|p1a: Klefki|76\/100\n|\n|-weather|Sandstorm|[upkeep]\n|-damage|p2a: Togekiss|94\/100|[from] Sandstorm\n|-sideend|p1: Yatogami_weilai|Reflect\n|upkeep\n|turn|22\n|\n|t:|1700840393\n|switch|p1a: Tyranitar|Tyranitar-Mega, M, shiny|88\/100\n|-damage|p1a: Tyranitar|76\/100|[from] Stealth Rock\n|-status|p1a: Tyranitar|psn\n|move|p2a: Togekiss|Air Slash|p1a: Tyranitar\n|-resisted|p1a: Tyranitar\n|-damage|p1a: Tyranitar|71\/100 psn\n|\n|-weather|Sandstorm|[upkeep]\n|-damage|p2a: Togekiss|88\/100|[from] Sandstorm\n|-damage|p1a: Tyranitar|59\/100 psn|[from] psn\n|upkeep\n|turn|23\n|\n|t:|1700840405\n|move|p2a: Togekiss|Air Slash|p1a: Tyranitar\n|-resisted|p1a: Tyranitar\n|-damage|p1a: Tyranitar|54\/100 psn\n|move|p1a: Tyranitar|Stone Edge|p2a: Togekiss\n|-supereffective|p2a: Togekiss\n|-damage|p2a: Togekiss|0 fnt\n|faint|p2a: Togekiss\n|\n|-weather|none\n|-damage|p1a: Tyranitar|42\/100 psn|[from] psn\n|upkeep\n|\n|t:|1700840413\n|switch|p2a: Lopunny|Lopunny-Mega, F|100\/100\n|turn|24\n|\n|t:|1700840418\n|switch|p1a: Klefki|Klefki, F, shiny|76\/100\n|-damage|p1a: Klefki|70\/100|[from] Stealth Rock\n|move|p2a: Lopunny|Close Combat|p1a: Klefki\n|-damage|p1a: Klefki|24\/100\n|-unboost|p2a: Lopunny|def|1\n|-unboost|p2a: Lopunny|spd|1\n|\n|upkeep\n|turn|25\n|\n|t:|1700840429\n|move|p1a: Klefki|Reflect|p1a: Klefki\n|-sidestart|p1: Yatogami_weilai|Reflect\n|move|p2a: Lopunny|Close Combat|p1a: Klefki\n|-damage|p1a: Klefki|0 fnt\n|-unboost|p2a: Lopunny|def|1\n|-unboost|p2a: Lopunny|spd|1\n|faint|p1a: Klefki\n|\n|-sideend|p1: Yatogami_weilai|move: Light Screen\n|upkeep\n|\n|t:|1700840437\n|switch|p1a: Togekiss|Togekiss, F, shiny, tera:Flying|44\/100 psn\n|turn|26\n|\n|t:|1700840440\n|move|p2a: Lopunny|Triple Axel|p1a: Togekiss\n|-supereffective|p1a: Togekiss\n|-damage|p1a: Togekiss|38\/100 psn\n|-supereffective|p1a: Togekiss\n|-damage|p1a: Togekiss|25\/100 psn\n|-supereffective|p1a: Togekiss\n|-damage|p1a: Togekiss|7\/100 psn\n|-hitcount|p1a: Togekiss|3\n|move|p1a: Togekiss|Air Slash|p2a: Lopunny\n|-supereffective|p2a: Lopunny\n|-damage|p2a: Lopunny|0 fnt\n|faint|p2a: Lopunny\n|\n|win|Yatogami_weilai\n|raw|Yatogami_weilai's rating: 1106 &rarr; <strong>1137<\/strong><br \/>(+31 for winning)\n|raw|NOWISESSEFE's rating: 1192 &rarr; <strong>1161<\/strong><br \/>(-31 for losing)\n|l|\u2606NOWISESSEFE\n","uploadtime":1700840456,"views":0,"p1id":"yatogamiweilai","p2id":"nowisessefe","formatid":"gen9nationaldex","rating":1137,"private":0,"password":""}