{"id":"gen9nationaldex-1993451679","p1":"Daepiquejt","p2":"yes or no my dude\u2740","format":"[Gen 9] National Dex","log":"|j|\u2606Daepiquejt\n|j|\u2606yes or no my dude\u2740\n|t:|1700319591\n|gametype|singles\n|player|p1|Daepiquejt|170|\n|player|p2|yes or no my dude\u2740|#rbtt6teamchienpaof|\n|teamsize|p1|6\n|teamsize|p2|6\n|gen|9\n|tier|[Gen 9] National Dex\n|rule|HP Percentage Mod: HP is shown in percentages\n|rule|Endless Battle Clause: Forcing endless battles is banned\n|rule|OHKO Clause: OHKO moves are banned\n|rule|Evasion Clause: Evasion abilities, items, and moves are banned\n|rule|Evasion Abilities Clause: Evasion abilities are banned\n|rule|Evasion Items Clause: Evasion items are banned\n|rule|Evasion Moves Clause: Evasion moves are banned\n|rule|Species Clause: Limit one of each Pok\u00e9mon\n|rule|Sleep Clause Mod: Limit one foe put to sleep\n|clearpoke\n|poke|p1|Landorus-Therian, M|\n|poke|p1|Gyarados, M|\n|poke|p1|Hatterene, F|\n|poke|p1|Polteageist|\n|poke|p1|Sneasler, F|\n|poke|p1|Tapu Lele|\n|poke|p2|Diancie|\n|poke|p2|Dragonite, F|\n|poke|p2|Iron Valiant|\n|poke|p2|Iron Moth|\n|poke|p2|Ogerpon-Wellspring, F|\n|poke|p2|Great Tusk|\n|teampreview\n|inactive|Battle timer is ON: inactive players will automatically lose when time's up. (requested by Daepiquejt)\n|inactive|yes or no my dude\u2740 also wants the timer to be on.\n|j| Runo\n|j| hidin\n|j| sealoo\n|j| NDUU9SCRN BBB\n|j| tempo di anguria\n|j| Kinzo Ketchum\n|inactive|yes or no my dude\u2740 has 270 seconds left.\n|j| WeirdHamster\n|c|\u2606Daepiquejt|This can only go badly\n|j| santinii\n|j| tf\n|l| tf\n|l| sealoo\n|j| sealoo\n|j| president of korea\n|\n|t:|1700319640\n|start\n|switch|p1a: Landorus|Landorus-Therian, M|100\/100\n|switch|p2a: Ogerpon|Ogerpon-Wellspring, F|100\/100\n|-ability|p1a: Landorus|Intimidate|boost\n|-unboost|p2a: Ogerpon|atk|1\n|turn|1\n|j| tf\n|c|\u2606Daepiquejt|Good luck\n|l| sealoo\n|j| Isza\n|c|\u2606yes or no my dude\u2740|hf\n|j| nthflr\n|j| Torpi1\n|l| Isza\n|l| nthflr\n|\n|t:|1700319667\n|switch|p1a: Gyarados|Gyarados, M|100\/100\n|-ability|p1a: Gyarados|Intimidate|boost\n|-unboost|p2a: Ogerpon|atk|1\n|move|p2a: Ogerpon|Ivy Cudgel|p1a: Gyarados|[anim] Ivy Cudgel Water\n|-resisted|p1a: Gyarados\n|-damage|p1a: Gyarados|83\/100\n|\n|upkeep\n|turn|2\n|j| asoespresso\n|j| Iceberg77\n|inactive|Daepiquejt has 270 seconds left.\n|inactive|yes or no my dude\u2740 has 270 seconds left.\n|\n|t:|1700319710\n|move|p2a: Ogerpon|Swords Dance|p2a: Ogerpon\n|-boost|p2a: Ogerpon|atk|2\n|move|p1a: Gyarados|Dragon Dance|p1a: Gyarados\n|-boost|p1a: Gyarados|atk|1\n|-boost|p1a: Gyarados|spe|1\n|\n|upkeep\n|turn|3\n|j| Guapenheimer\n|\n|t:|1700319733\n|detailschange|p1a: Gyarados|Gyarados-Mega, M\n|-mega|p1a: Gyarados|Gyarados|Gyaradosite\n|-ability|p1a: Gyarados|Mold Breaker\n|move|p1a: Gyarados|Crunch|p2a: Ogerpon\n|-damage|p2a: Ogerpon|0 fnt\n|faint|p2a: Ogerpon\n|\n|upkeep\n|\n|t:|1700319742\n|switch|p2a: Iron Valiant|Iron Valiant|100\/100\n|-enditem|p2a: Iron Valiant|Booster Energy\n|-activate|p2a: Iron Valiant|ability: Quark Drive|[fromitem]\n|-start|p2a: Iron Valiant|quarkdrivespe\n|turn|4\n|l| Guapenheimer\n|\n|t:|1700319770\n|switch|p1a: Tapu Lele|Tapu Lele|100\/100\n|-fieldstart|move: Psychic Terrain|[from] ability: Psychic Surge|[of] p1a: Tapu Lele\n|move|p2a: Iron Valiant|Moonblast|p1a: Tapu Lele\n|-damage|p1a: Tapu Lele|51\/100\n|\n|upkeep\n|turn|5\n|inactive|Daepiquejt has 240 seconds left.\n|\n|t:|1700319786\n|switch|p1a: Hatterene|Hatterene, F|100\/100\n|move|p2a: Iron Valiant|Moonblast|p1a: Hatterene\n|-damage|p1a: Hatterene|50\/100\n|-enditem|p1a: Hatterene|Eject Button\n|j| Guapenheimer\n|inactive|Daepiquejt has 240 seconds left.\n|\n|t:|1700319798\n|switch|p1a: Sneasler|Sneasler, F|100\/100\n|-enditem|p1a: Sneasler|Psychic Seed\n|-boost|p1a: Sneasler|spd|1|[from] item: Psychic Seed\n|\n|upkeep\n|turn|6\n|inactive|Daepiquejt has 240 seconds left.\n|inactive|yes or no my dude\u2740 has 240 seconds left.\n|\n|t:|1700319829\n|-terastallize|p2a: Iron Valiant|Steel\n|move|p1a: Sneasler|Gunk Shot|p2a: Iron Valiant\n|-immune|p2a: Iron Valiant\n|move|p2a: Iron Valiant|Psyshock|p1a: Sneasler\n|-supereffective|p1a: Sneasler\n|-damage|p1a: Sneasler|0 fnt\n|faint|p1a: Sneasler\n|\n|upkeep\n|inactive|Daepiquejt has 240 seconds left.\n|j| about15guys\n|l| Guapenheimer\n|\n|t:|1700319855\n|switch|p1a: Landorus|Landorus-Therian, M|100\/100\n|-ability|p1a: Landorus|Intimidate|boost\n|-unboost|p2a: Iron Valiant|atk|1\n|turn|7\n|inactive|yes or no my dude\u2740 has 240 seconds left.\n|j| Guapenheimer\n|l| Torpi1\n|l| Guapenheimer\n|\n|t:|1700319874\n|-end|p2a: Iron Valiant|Quark Drive|[silent]\n|switch|p2a: Great Tusk|Great Tusk|100\/100\n|move|p1a: Landorus|Earthquake|p2a: Great Tusk\n|-damage|p2a: Great Tusk|67\/100\n|\n|-heal|p2a: Great Tusk|73\/100|[from] item: Leftovers\n|upkeep\n|turn|8\n|j| Guapenheimer\n|\n|t:|1700319888\n|-terastallize|p1a: Landorus|Ghost\n|move|p1a: Landorus|Stealth Rock|p2a: Great Tusk\n|-sidestart|p2: yes or no my dude\u2740|move: Stealth Rock\n|move|p2a: Great Tusk|Ice Spinner|p1a: Landorus\n|-damage|p1a: Landorus|71\/100\n|-fieldend|move: Psychic Terrain\n|\n|-heal|p2a: Great Tusk|79\/100|[from] item: Leftovers\n|upkeep\n|turn|9\n|j| WillroBalance\n|inactive|yes or no my dude\u2740 has 240 seconds left.\n|l| Guapenheimer\n|j| Guapenheimer\n|l| Guapenheimer\n|\n|t:|1700319913\n|switch|p1a: Gyarados|Gyarados-Mega, M|83\/100\n|-ability|p1a: Gyarados|Mold Breaker\n|move|p2a: Great Tusk|Earthquake|p1a: Gyarados\n|-damage|p1a: Gyarados|43\/100\n|\n|-heal|p2a: Great Tusk|85\/100|[from] item: Leftovers\n|upkeep\n|turn|10\n|c| WillroBalance|woooo go jt\n|\n|t:|1700319919\n|switch|p1a: Landorus|Landorus-Therian, M, tera:Ghost|71\/100\n|-ability|p1a: Landorus|Intimidate|boost\n|-unboost|p2a: Great Tusk|atk|1\n|move|p2a: Great Tusk|Bulk Up|p2a: Great Tusk\n|-boost|p2a: Great Tusk|atk|1\n|-boost|p2a: Great Tusk|def|1\n|\n|-heal|p2a: Great Tusk|92\/100|[from] item: Leftovers\n|upkeep\n|turn|11\n|inactive|yes or no my dude\u2740 has 240 seconds left.\n|j| Dorron\n|\n|t:|1700319928\n|move|p1a: Landorus|Explosion|p2a: Great Tusk\n|-damage|p2a: Great Tusk|53\/100\n|faint|p1a: Landorus\n|move|p2a: Great Tusk|Bulk Up|p2a: Great Tusk\n|-boost|p2a: Great Tusk|atk|1\n|-boost|p2a: Great Tusk|def|1\n|\n|-heal|p2a: Great Tusk|60\/100|[from] item: Leftovers\n|upkeep\n|j| Guapenheimer\n|\n|t:|1700319940\n|switch|p1a: Tapu Lele|Tapu Lele|51\/100\n|-fieldstart|move: Psychic Terrain|[from] ability: Psychic Surge|[of] p1a: Tapu Lele\n|turn|12\n|\n|t:|1700319945\n|-end|p2a: Great Tusk|Protosynthesis|[silent]\n|switch|p2a: Iron Valiant|Iron Valiant, tera:Steel|100\/100\n|-damage|p2a: Iron Valiant|94\/100|[from] Stealth Rock\n|move|p1a: Tapu Lele|Psychic|p2a: Iron Valiant\n|-resisted|p2a: Iron Valiant\n|-damage|p2a: Iron Valiant|41\/100\n|\n|upkeep\n|turn|13\n|inactive|Daepiquejt has 240 seconds left.\n|l| Kinzo Ketchum\n|l| Guapenheimer\n|inactive|yes or no my dude\u2740 has 240 seconds left.\n|j| Guapenheimer\n|\n|t:|1700319977\n|move|p2a: Iron Valiant|Calm Mind|p2a: Iron Valiant\n|-boost|p2a: Iron Valiant|spa|1\n|-boost|p2a: Iron Valiant|spd|1\n|move|p1a: Tapu Lele|Focus Blast|p2a: Iron Valiant\n|-supereffective|p2a: Iron Valiant\n|-damage|p2a: Iron Valiant|0 fnt\n|faint|p2a: Iron Valiant\n|-end|p2a: Iron Valiant|Quark Drive|[silent]\n|\n|upkeep\n|inactive|yes or no my dude\u2740 has 240 seconds left.\n|c|\u2606Daepiquejt|Rare footage of focus miss hitting\n|l| Guapenheimer\n|\n|t:|1700320001\n|switch|p2a: Iron Moth|Iron Moth|100\/100\n|-damage|p2a: Iron Moth|76\/100|[from] Stealth Rock\n|-enditem|p2a: Iron Moth|Booster Energy\n|-activate|p2a: Iron Moth|ability: Quark Drive|[fromitem]\n|-start|p2a: Iron Moth|quarkdrivespe\n|turn|14\n|l| tempo di anguria\n|l| santinii\n|\n|t:|1700320016\n|move|p2a: Iron Moth|Sludge Wave|p1a: Tapu Lele\n|-supereffective|p1a: Tapu Lele\n|-damage|p1a: Tapu Lele|0 fnt\n|faint|p1a: Tapu Lele\n|\n|upkeep\n|j| Guapenheimer\n|\n|t:|1700320019\n|switch|p1a: Polteageist|Polteageist|100\/100\n|turn|15\n|l| Guapenheimer\n|j| tempo di anguria\n|\n|t:|1700320039\n|move|p2a: Iron Moth|Fiery Dance|p1a: Polteageist\n|-damage|p1a: Polteageist|56\/100\n|move|p1a: Polteageist|Shell Smash|p1a: Polteageist\n|-unboost|p1a: Polteageist|def|1\n|-unboost|p1a: Polteageist|spd|1\n|-boost|p1a: Polteageist|atk|2\n|-boost|p1a: Polteageist|spa|2\n|-boost|p1a: Polteageist|spe|2\n|\n|upkeep\n|turn|16\n|\n|t:|1700320044\n|move|p2a: Iron Moth|Fiery Dance|p1a: Polteageist\n|-damage|p1a: Polteageist|0 fnt\n|-boost|p2a: Iron Moth|spa|1\n|faint|p1a: Polteageist\n|\n|upkeep\n|j| Guapenheimer\n|c|\u2606yes or no my dude\u2740|gg\n|l| Guapenheimer\n|\n|t:|1700320052\n|switch|p1a: Gyarados|Gyarados-Mega, M|43\/100\n|-ability|p1a: Gyarados|Mold Breaker\n|turn|17\n|\n|t:|1700320057\n|move|p2a: Iron Moth|Sludge Wave|p1a: Gyarados\n|-damage|p1a: Gyarados|0 fnt\n|faint|p1a: Gyarados\n|\n|upkeep\n|c|\u2606Daepiquejt|GG\n|\n|t:|1700320060\n|switch|p1a: Hatterene|Hatterene, F|50\/100\n|turn|18\n|\n|t:|1700320066\n|move|p2a: Iron Moth|Fiery Dance|p1a: Hatterene\n|-damage|p1a: Hatterene|0 fnt\n|-boost|p2a: Iron Moth|spa|1\n|faint|p1a: Hatterene\n|\n|win|yes or no my dude\u2740\n|j| Guapenheimer\n|l| Guapenheimer\n|j| Kinzo Ketchum\n|l| Iceberg77\n|l| hidin\n|l| Kinzo Ketchum\n|l| WeirdHamster\n|l| tempo di anguria\n|l| president of korea\n|l| asoespresso\n|l|\u2606Daepiquejt\n|j|\u2606Daepiquejt\n|player|p1|Daepiquejt|170\n","uploadtime":1700320118,"views":157,"p1id":"daepiquejt","p2id":"yesornomydude","formatid":"gen9nationaldex","rating":0,"private":0,"password":""}