{"id":"gen9nationaldex-1997959145","p1":"DrBeak101","p2":"QIxhQI","format":"[Gen 9] National Dex","log":"|html|<div class=\"broadcast-blue\"><strong>[Gen 9] National Dex is currently suspecting Sneasler! For information on how to participate check out the <a href=\"https:\/\/www.smogon.com\/forums\/threads\/sv-national-dex-suspect-8-just-dance.3731534\/\">suspect thread<\/a>.<\/strong><\/div>\n|j|\u2606DrBeak101\n|j|\u2606QIxhQI\n|t:|1700872275\n|gametype|singles\n|player|p1|DrBeak101|scientist-gen4|1547\n|player|p2|QIxhQI|1|1601\n|teamsize|p1|6\n|teamsize|p2|6\n|gen|9\n|tier|[Gen 9] National Dex\n|rated|\n|rule|HP Percentage Mod: HP is shown in percentages\n|rule|Endless Battle Clause: Forcing endless battles is banned\n|rule|OHKO Clause: OHKO moves are banned\n|rule|Evasion Clause: Evasion abilities, items, and moves are banned\n|rule|Evasion Abilities Clause: Evasion abilities are banned\n|rule|Evasion Items Clause: Evasion items are banned\n|rule|Evasion Moves Clause: Evasion moves are banned\n|rule|Species Clause: Limit one of each Pok\u00e9mon\n|rule|Sleep Clause Mod: Limit one foe put to sleep\n|clearpoke\n|poke|p1|Toucannon, M|\n|poke|p1|Banette, M|\n|poke|p1|Kartana|\n|poke|p1|Kyurem|\n|poke|p1|Gliscor, M|\n|poke|p1|Xurkitree|\n|poke|p2|Ninetales-Alola, M|\n|poke|p2|Blaziken, M|\n|poke|p2|Gyarados, M|\n|poke|p2|Volcarona, F|\n|poke|p2|Celesteela|\n|poke|p2|Iron Treads|\n|teampreview\n|inactive|Battle timer is ON: inactive players will automatically lose when time's up. (requested by QIxhQI)\n|\n|t:|1700872285\n|start\n|switch|p1a: Jack|Kartana, shiny|100\/100\n|switch|p2a: Iron Treads|Iron Treads|100\/100\n|turn|1\n|\n|t:|1700872297\n|move|p1a: Jack|Knock Off|p2a: Iron Treads\n|-damage|p2a: Iron Treads|34\/100\n|-enditem|p2a: Iron Treads|Focus Sash|[from] move: Knock Off|[of] p1a: Jack\n|-damage|p1a: Jack|90\/100|[from] item: Life Orb\n|move|p2a: Iron Treads|Stealth Rock|p1a: Jack\n|-sidestart|p1: DrBeak101|move: Stealth Rock\n|\n|upkeep\n|turn|2\n|\n|t:|1700872319\n|move|p1a: Jack|Knock Off|p2a: Iron Treads\n|-crit|p2a: Iron Treads\n|-damage|p2a: Iron Treads|0 fnt\n|faint|p2a: Iron Treads\n|-end|p2a: Iron Treads|Quark Drive|[silent]\n|-ability|p1a: Jack|Beast Boost|boost\n|-boost|p1a: Jack|atk|1\n|-damage|p1a: Jack|80\/100|[from] item: Life Orb\n|\n|upkeep\n|\n|t:|1700872323\n|switch|p2a: Blaziken|Blaziken, M, shiny|100\/100\n|turn|3\n|\n|t:|1700872332\n|move|p1a: Jack|Sacred Sword|p2a: Blaziken\n|-damage|p2a: Blaziken|0 fnt\n|faint|p2a: Blaziken\n|-ability|p1a: Jack|Beast Boost|boost\n|-boost|p1a: Jack|atk|1\n|-damage|p1a: Jack|70\/100|[from] item: Life Orb\n|\n|upkeep\n|\n|t:|1700872337\n|switch|p2a: Gyarados|Gyarados, M, shiny|100\/100\n|-ability|p2a: Gyarados|Intimidate|boost\n|-unboost|p1a: Jack|atk|1\n|turn|4\n|\n|t:|1700872343\n|switch|p2a: Celesteela|Celesteela, shiny|100\/100\n|move|p1a: Jack|Leaf Blade|p2a: Celesteela\n|-resisted|p2a: Celesteela\n|-damage|p2a: Celesteela|73\/100\n|-damage|p1a: Jack|60\/100|[from] item: Life Orb\n|\n|upkeep\n|turn|5\n|\n|t:|1700872353\n|switch|p2a: Gyarados|Gyarados, M, shiny|100\/100\n|-ability|p2a: Gyarados|Intimidate|boost\n|-unboost|p1a: Jack|atk|1\n|move|p1a: Jack|Knock Off|p2a: Gyarados\n|-damage|p2a: Gyarados|56\/100\n|-damage|p1a: Jack|50\/100|[from] item: Life Orb\n|\n|upkeep\n|turn|6\n|\n|t:|1700872362\n|move|p1a: Jack|Swords Dance|p1a: Jack\n|-boost|p1a: Jack|atk|2\n|move|p2a: Gyarados|Crunch|p1a: Jack\n|-damage|p1a: Jack|20\/100\n|\n|upkeep\n|turn|7\n|\n|t:|1700872373\n|switch|p2a: Celesteela|Celesteela, shiny|73\/100\n|move|p1a: Jack|Knock Off|p2a: Celesteela\n|-damage|p2a: Celesteela|0 fnt\n|-enditem|p2a: Celesteela|Power Herb|[from] move: Knock Off|[of] p1a: Jack\n|faint|p2a: Celesteela\n|-ability|p1a: Jack|Beast Boost|boost\n|-boost|p1a: Jack|atk|1\n|-damage|p1a: Jack|10\/100|[from] item: Life Orb\n|\n|upkeep\n|\n|t:|1700872380\n|switch|p2a: Gyarados|Gyarados, M, shiny|56\/100\n|-ability|p2a: Gyarados|Intimidate|boost\n|-unboost|p1a: Jack|atk|1\n|turn|8\n|\n|t:|1700872387\n|switch|p2a: Ninetales|Ninetales-Alola, M|100\/100\n|-weather|Snow|[from] ability: Snow Warning|[of] p2a: Ninetales\n|move|p1a: Jack|Knock Off|p2a: Ninetales\n|-resisted|p2a: Ninetales\n|-damage|p2a: Ninetales|54\/100\n|-enditem|p2a: Ninetales|Light Clay|[from] move: Knock Off|[of] p1a: Jack\n|-damage|p1a: Jack|0 fnt|[from] item: Life Orb\n|faint|p1a: Jack\n|\n|-weather|Snow|[upkeep]\n|upkeep\n|\n|t:|1700872394\n|switch|p1a: Shock light|Xurkitree, shiny|100\/100\n|-damage|p1a: Shock light|88\/100|[from] Stealth Rock\n|turn|9\n|\n|t:|1700872400\n|move|p2a: Ninetales|Aurora Veil|p2a: Ninetales\n|-sidestart|p2: QIxhQI|move: Aurora Veil\n|-zpower|p1a: Shock light\n|move|p1a: Shock light|Z-Hypnosis|p2a: Ninetales|[anim]Hypnosis|[miss]\n|-boost|p1a: Shock light|spe|1|[zeffect]\n|-miss|p1a: Shock light|p2a: Ninetales\n|\n|-weather|Snow|[upkeep]\n|upkeep\n|turn|10\n|\n|t:|1700872408\n|move|p1a: Shock light|Hypnosis|p2a: Ninetales|[miss]\n|-miss|p1a: Shock light|p2a: Ninetales\n|move|p2a: Ninetales|Encore|p1a: Shock light\n|-start|p1a: Shock light|Encore\n|\n|-weather|Snow|[upkeep]\n|upkeep\n|turn|11\n|\n|t:|1700872413\n|move|p1a: Shock light|Hypnosis|p2a: Ninetales|[miss]\n|-miss|p1a: Shock light|p2a: Ninetales\n|move|p2a: Ninetales|Safeguard|p2a: Ninetales\n|-sidestart|p2: QIxhQI|Safeguard\n|\n|-weather|Snow|[upkeep]\n|upkeep\n|turn|12\n|\n|t:|1700872416\n|switch|p2a: Volcarona|Volcarona, F|100\/100\n|move|p1a: Shock light|Hypnosis|p2a: Volcarona|[miss]\n|-miss|p1a: Shock light|p2a: Volcarona\n|\n|-weather|none\n|upkeep\n|turn|13\n|\n|t:|1700872422\n|switch|p1a: Stitches|Banette, M, shiny|100\/100\n|-damage|p1a: Stitches|88\/100|[from] Stealth Rock\n|move|p2a: Volcarona|Quiver Dance|p2a: Volcarona\n|-boost|p2a: Volcarona|spa|1\n|-boost|p2a: Volcarona|spd|1\n|-boost|p2a: Volcarona|spe|1\n|\n|-sideend|p2: QIxhQI|move: Aurora Veil\n|upkeep\n|turn|14\n|\n|t:|1700872433\n|detailschange|p1a: Stitches|Banette-Mega, M, shiny\n|-mega|p1a: Stitches|Banette|Banettite\n|move|p1a: Stitches|Destiny Bond|p1a: Stitches\n|-singlemove|p1a: Stitches|Destiny Bond\n|move|p2a: Volcarona|Flamethrower|p1a: Stitches\n|-damage|p1a: Stitches|0 fnt\n|faint|p1a: Stitches\n|-activate|p1a: Stitches|move: Destiny Bond\n|faint|p2a: Volcarona\n|\n|upkeep\n|\n|t:|1700872443\n|switch|p2a: Gyarados|Gyarados, M, shiny|56\/100\n|switch|p1a: Shock light|Xurkitree, shiny|88\/100\n|-damage|p1a: Shock light|76\/100|[from] Stealth Rock\n|-ability|p2a: Gyarados|Intimidate|boost\n|-unboost|p1a: Shock light|atk|1\n|turn|15\n|\n|t:|1700872450\n|switch|p2a: Ninetales|Ninetales-Alola, M|54\/100\n|-weather|Snow|[from] ability: Snow Warning|[of] p2a: Ninetales\n|move|p1a: Shock light|Thunderbolt|p2a: Ninetales\n|-damage|p2a: Ninetales|0 fnt\n|faint|p2a: Ninetales\n|-ability|p1a: Shock light|Beast Boost|boost\n|-boost|p1a: Shock light|spa|1\n|\n|-weather|Snow|[upkeep]\n|-sideend|p2: QIxhQI|Safeguard\n|upkeep\n|-message|QIxhQI forfeited.\n|\n|win|DrBeak101\n|raw|DrBeak101's rating: 1547 &rarr; <strong>1570<\/strong><br \/>(+23 for winning)\n|raw|QIxhQI's rating: 1601 &rarr; <strong>1578<\/strong><br \/>(-23 for losing)\n|l|\u2606QIxhQI\n","uploadtime":1700872469,"views":2,"p1id":"drbeak101","p2id":"qixhqi","formatid":"gen9nationaldex","rating":1570,"private":0,"password":""}