{"id":"gen9nationaldex-1993470213","p1":"SOLAROS & LUNARIS","p2":"Plutonium PT","format":"[Gen 9] National Dex","log":"|j|\u2606SOLAROS & LUNARIS\n|j|\u2606Plutonium PT\n|inactive|Battle timer is ON: inactive players will automatically lose when time's up.\n|t:|1700321806\n|gametype|singles\n|player|p1|SOLAROS & LUNARIS|#solaroslunaris|\n|player|p2|Plutonium PT|clay|\n|teamsize|p1|6\n|teamsize|p2|6\n|gen|9\n|tier|[Gen 9] National Dex\n|rated|Tournament battle\n|rule|HP Percentage Mod: HP is shown in percentages\n|rule|Endless Battle Clause: Forcing endless battles is banned\n|rule|OHKO Clause: OHKO moves are banned\n|rule|Evasion Clause: Evasion abilities, items, and moves are banned\n|rule|Evasion Abilities Clause: Evasion abilities are banned\n|rule|Evasion Items Clause: Evasion items are banned\n|rule|Evasion Moves Clause: Evasion moves are banned\n|rule|Species Clause: Limit one of each Pok\u00e9mon\n|rule|Sleep Clause Mod: Limit one foe put to sleep\n|rule|Terastal Clause: You cannot Terastallize\n|clearpoke\n|poke|p1|Zapdos-Galar|\n|poke|p1|Iron Valiant|\n|poke|p1|Ting-Lu|\n|poke|p1|Tapu Koko|\n|poke|p1|Alomomola, F|\n|poke|p1|Gholdengo|\n|poke|p2|Ursaluna-Bloodmoon, M|\n|poke|p2|Melmetal|\n|poke|p2|Kingambit, F|\n|poke|p2|Slowking-Galar, F|\n|poke|p2|Hatterene, F|\n|poke|p2|Camerupt, F|\n|teampreview\n|c|\u2606Plutonium PT|hf!\n|c|\u2606Plutonium PT|oh god\n|c|\u2606SOLAROS & LUNARIS|glhf\n|j|%hidin\n|c|\u2606Plutonium PT|hazard stack\n|l|%hidin\n|j| CuriousStraightGuy\n|c| CuriousStraightGuy|Plutonium is highly radioactive\n|j| The power of ROCK\n|inactive|SOLAROS & LUNARIS has 120 seconds left.\n|inactive|Plutonium PT has 120 seconds left.\n|c| CuriousStraightGuy|It would kills you within hours of being around it\n|\n|t:|1700321842\n|start\n|switch|p1a: Gholdengo|Gholdengo|100\/100\n|switch|p2a: Camerupt|Camerupt, F|100\/100\n|turn|1\n|\n|t:|1700321849\n|switch|p1a: Alomomola|Alomomola, F|100\/100\n|detailschange|p2a: Camerupt|Camerupt-Mega, F\n|-mega|p2a: Camerupt|Camerupt|Cameruptite\n|move|p2a: Camerupt|Stealth Rock|p1a: Alomomola\n|-sidestart|p1: SOLAROS & LUNARIS|move: Stealth Rock\n|\n|upkeep\n|turn|2\n|c| CuriousStraightGuy|and death would come many months after suffering\n|\n|t:|1700321854\n|switch|p2a: Slowking|Slowking-Galar, F|100\/100\n|move|p1a: Alomomola|Toxic|p2a: Slowking\n|-immune|p2a: Slowking\n|\n|upkeep\n|turn|3\n|c| CuriousStraightGuy|from radiation poisoning\n|\n|t:|1700321861\n|move|p1a: Alomomola|Flip Turn|p2a: Slowking\n|-damage|p2a: Slowking|82\/100\n|\n|t:|1700321865\n|switch|p1a: Ting-Lu|Ting-Lu|100\/100|[from] Flip Turn\n|-damage|p1a: Ting-Lu|94\/100|[from] Stealth Rock\n|-ability|p1a: Ting-Lu|Vessel of Ruin\n|move|p2a: Slowking|Trick Room|p2a: Slowking\n|-fieldstart|move: Trick Room|[of] p2a: Slowking\n|\n|-heal|p1a: Ting-Lu|100\/100|[from] item: Leftovers\n|upkeep\n|turn|4\n|\n|t:|1700321873\n|switch|p2a: Melmetal|Melmetal|100\/100\n|move|p1a: Ting-Lu|Spikes|p2a: Melmetal\n|-sidestart|p2: Plutonium PT|Spikes\n|\n|upkeep\n|turn|5\n|\n|t:|1700321881\n|switch|p1a: Gholdengo|Gholdengo|100\/100\n|-damage|p1a: Gholdengo|94\/100|[from] Stealth Rock\n|move|p2a: Melmetal|Double Iron Bash|p1a: Gholdengo\n|-resisted|p1a: Gholdengo\n|-damage|p1a: Gholdengo|71\/100\n|-resisted|p1a: Gholdengo\n|-damage|p1a: Gholdengo|47\/100\n|-hitcount|p1a: Gholdengo|2\n|\n|upkeep\n|turn|6\n|c| CuriousStraightGuy|Oh melmetal, col\n|c| CuriousStraightGuy|cool\n|\n|t:|1700321888\n|switch|p1a: Alomomola|Alomomola, F|100\/100\n|move|p2a: Melmetal|Double Iron Bash|p1a: Alomomola\n|-resisted|p1a: Alomomola\n|-damage|p1a: Alomomola|79\/100\n|-resisted|p1a: Alomomola\n|-damage|p1a: Alomomola|59\/100\n|-hitcount|p1a: Alomomola|2\n|\n|upkeep\n|turn|7\n|c|\u2606Plutonium PT|get punched\n|\n|t:|1700321896\n|move|p2a: Melmetal|Double Iron Bash|p1a: Alomomola\n|-resisted|p1a: Alomomola\n|-damage|p1a: Alomomola|39\/100\n|-resisted|p1a: Alomomola\n|-damage|p1a: Alomomola|20\/100\n|-hitcount|p1a: Alomomola|2\n|move|p1a: Alomomola|Wish|p1a: Alomomola\n|\n|-fieldend|move: Trick Room\n|upkeep\n|turn|8\n|\n|t:|1700321912\n|switch|p2a: Slowking|Slowking-Galar, F|100\/100\n|-damage|p2a: Slowking|88\/100|[from] Spikes\n|move|p1a: Alomomola|Flip Turn|p2a: Slowking\n|-damage|p2a: Slowking|70\/100\n|c|\u2606Plutonium PT|its such a stupid mon\n|\n|t:|1700321916\n|switch|p1a: Gholdengo|Gholdengo|47\/100|[from] Flip Turn\n|-damage|p1a: Gholdengo|40\/100|[from] Stealth Rock\n|\n|-heal|p1a: Gholdengo|100\/100|[from] move: Wish|[wisher] Alomomola\n|upkeep\n|turn|9\n|\n|t:|1700321922\n|move|p1a: Gholdengo|Nasty Plot|p1a: Gholdengo\n|-boost|p1a: Gholdengo|spa|2\n|move|p2a: Slowking|Trick Room|p2a: Slowking\n|-fieldstart|move: Trick Room|[of] p2a: Slowking\n|\n|upkeep\n|turn|10\n|\n|t:|1700321927\n|move|p2a: Slowking|Chilly Reception|p2a: Slowking\n|-weather|Snow\n|\n|t:|1700321931\n|switch|p2a: Kingambit|Kingambit, F|100\/100|[from] Chilly Reception\n|-damage|p2a: Kingambit|88\/100|[from] Spikes\n|move|p1a: Gholdengo|Shadow Ball|p2a: Kingambit\n|-resisted|p2a: Kingambit\n|-damage|p2a: Kingambit|56\/100\n|\n|-weather|Snow|[upkeep]\n|upkeep\n|turn|11\n|\n|t:|1700321950\n|switch|p1a: Ting-Lu|Ting-Lu|100\/100\n|-damage|p1a: Ting-Lu|94\/100|[from] Stealth Rock\n|-ability|p1a: Ting-Lu|Vessel of Ruin\n|move|p2a: Kingambit|Kowtow Cleave|p1a: Ting-Lu\n|-resisted|p1a: Ting-Lu\n|-damage|p1a: Ting-Lu|82\/100\n|\n|-weather|Snow|[upkeep]\n|-heal|p1a: Ting-Lu|89\/100|[from] item: Leftovers\n|upkeep\n|turn|12\n|\n|t:|1700321959\n|-end|p2a: Kingambit|fallenundefined|[silent]\n|switch|p2a: Ursaluna|Ursaluna-Bloodmoon, M|100\/100\n|-damage|p2a: Ursaluna|88\/100|[from] Spikes\n|move|p1a: Ting-Lu|Whirlwind|p2a: Ursaluna\n|drag|p2a: Slowking|Slowking-Galar, F|100\/100\n|-damage|p2a: Slowking|88\/100|[from] Spikes\n|\n|-weather|Snow|[upkeep]\n|-heal|p1a: Ting-Lu|95\/100|[from] item: Leftovers\n|upkeep\n|turn|13\n|\n|t:|1700321967\n|move|p2a: Slowking|Future Sight|p1a: Ting-Lu\n|-start|p2a: Slowking|move: Future Sight\n|move|p1a: Ting-Lu|Earthquake|p2a: Slowking\n|-supereffective|p2a: Slowking\n|-crit|p2a: Slowking\n|-damage|p2a: Slowking|0 fnt\n|faint|p2a: Slowking\n|\n|-weather|Snow|[upkeep]\n|-heal|p1a: Ting-Lu|100\/100|[from] item: Leftovers\n|-fieldend|move: Trick Room\n|upkeep\n|c| The power of ROCK|smart\n|\n|t:|1700321972\n|switch|p2a: Hatterene|Hatterene, F|100\/100\n|-damage|p2a: Hatterene|88\/100|[from] Spikes\n|turn|14\n|c|\u2606Plutonium PT|crit is sad\n|c|\u2606Plutonium PT|haha\n|\n|t:|1700321984\n|move|p1a: Ting-Lu|Ruination|p2a: Hatterene\n|-damage|p2a: Hatterene|45\/100\n|move|p2a: Hatterene|Trick Room|p2a: Hatterene\n|-fieldstart|move: Trick Room|[of] p2a: Hatterene\n|\n|-weather|none\n|upkeep\n|turn|15\n|\n|t:|1700321989\n|move|p2a: Hatterene|Misty Explosion|p1a: Ting-Lu\n|-supereffective|p1a: Ting-Lu\n|-damage|p1a: Ting-Lu|23\/100\n|faint|p2a: Hatterene\n|move|p1a: Ting-Lu|Earthquake|p2: Hatterene|[notarget]\n|-fail|p1a: Ting-Lu\n|\n|-end|p1a: Ting-Lu|move: Future Sight\n|-immune|p1a: Ting-Lu\n|-heal|p1a: Ting-Lu|30\/100|[from] item: Leftovers\n|upkeep\n|\n|t:|1700322002\n|switch|p2a: Melmetal|Melmetal|100\/100\n|-damage|p2a: Melmetal|88\/100|[from] Spikes\n|turn|16\n|\n|t:|1700322011\n|move|p2a: Melmetal|Double Iron Bash|p1a: Ting-Lu\n|-damage|p1a: Ting-Lu|2\/100\n|-damage|p1a: Ting-Lu|0 fnt\n|faint|p1a: Ting-Lu\n|-hitcount|p1: Ting-Lu|2\n|\n|upkeep\n|\n|t:|1700322020\n|switch|p1a: Alomomola|Alomomola, F|54\/100\n|turn|17\n|\n|t:|1700322024\n|move|p1a: Alomomola|Protect|p1a: Alomomola\n|-singleturn|p1a: Alomomola|Protect\n|move|p2a: Melmetal|Double Iron Bash|p1a: Alomomola\n|-activate|p1a: Alomomola|move: Protect\n|\n|upkeep\n|turn|18\n|\n|t:|1700322030\n|switch|p1a: Gholdengo|Gholdengo|100\/100\n|-damage|p1a: Gholdengo|94\/100|[from] Stealth Rock\n|move|p2a: Melmetal|Double Iron Bash|p1a: Gholdengo\n|-resisted|p1a: Gholdengo\n|-damage|p1a: Gholdengo|70\/100\n|-resisted|p1a: Gholdengo\n|-damage|p1a: Gholdengo|47\/100\n|-hitcount|p1a: Gholdengo|2\n|\n|-fieldend|move: Trick Room\n|upkeep\n|turn|19\n|\n|t:|1700322036\n|switch|p2a: Camerupt|Camerupt-Mega, F|100\/100\n|-damage|p2a: Camerupt|88\/100|[from] Spikes\n|move|p1a: Gholdengo|Recover|p1a: Gholdengo\n|-heal|p1a: Gholdengo|97\/100\n|\n|upkeep\n|turn|20\n|j| XerneasStan\n|\n|t:|1700322047\n|move|p1a: Gholdengo|Shadow Ball|p2a: Camerupt\n|-damage|p2a: Camerupt|57\/100\n|move|p2a: Camerupt|Earth Power|p1a: Gholdengo\n|-supereffective|p1a: Gholdengo\n|-damage|p1a: Gholdengo|0 fnt\n|faint|p1a: Gholdengo\n|\n|upkeep\n|\n|t:|1700322052\n|switch|p1a: Zapdos|Zapdos-Galar|100\/100\n|-damage|p1a: Zapdos|88\/100|[from] Stealth Rock\n|turn|21\n|\n|t:|1700322054\n|move|p1a: Zapdos|Close Combat|p2a: Camerupt\n|-damage|p2a: Camerupt|0 fnt\n|-unboost|p1a: Zapdos|def|1\n|-unboost|p1a: Zapdos|spd|1\n|faint|p2a: Camerupt\n|\n|upkeep\n|c|\u2606Plutonium PT|ggs lmao\n|\n|t:|1700322066\n|switch|p2a: Melmetal|Melmetal|88\/100\n|-damage|p2a: Melmetal|76\/100|[from] Spikes\n|turn|22\n|\n|t:|1700322071\n|move|p1a: Zapdos|Close Combat|p2a: Melmetal\n|-supereffective|p2a: Melmetal\n|-damage|p2a: Melmetal|0 fnt\n|-unboost|p1a: Zapdos|def|1\n|-unboost|p1a: Zapdos|spd|1\n|faint|p2a: Melmetal\n|\n|upkeep\n|\n|t:|1700322075\n|switch|p2a: Kingambit|Kingambit, F|56\/100\n|-damage|p2a: Kingambit|44\/100|[from] Spikes\n|-activate|p2a: Kingambit|ability: Supreme Overlord\n|-start|p2a: Kingambit|fallen4|[silent]\n|turn|23\n|\n|t:|1700322082\n|switch|p1a: Tapu Koko|Tapu Koko|100\/100\n|-fieldstart|move: Electric Terrain|[from] ability: Electric Surge|[of] p1a: Tapu Koko\n|move|p2a: Kingambit|Sucker Punch||[still]\n|-fail|p2a: Kingambit\n|\n|upkeep\n|turn|24\n|\n|t:|1700322087\n|move|p1a: Tapu Koko|Thunderbolt|p2a: Kingambit\n|-damage|p2a: Kingambit|0 fnt\n|faint|p2a: Kingambit\n|-end|p2a: Kingambit|fallen4|[silent]\n|\n|upkeep\n|\n|t:|1700322089\n|switch|p2a: Ursaluna|Ursaluna-Bloodmoon, M|88\/100\n|-damage|p2a: Ursaluna|76\/100|[from] Spikes\n|turn|25\n|\n|t:|1700322093\n|switch|p1a: Iron Valiant|Iron Valiant|100\/100\n|-damage|p1a: Iron Valiant|94\/100|[from] Stealth Rock\n|-activate|p1a: Iron Valiant|ability: Quark Drive\n|-start|p1a: Iron Valiant|quarkdrivespe\n|move|p2a: Ursaluna|Calm Mind|p2a: Ursaluna\n|-boost|p2a: Ursaluna|spa|1\n|-boost|p2a: Ursaluna|spd|1\n|\n|-heal|p2a: Ursaluna|82\/100|[from] item: Leftovers\n|upkeep\n|turn|26\n|c| CuriousStraightGuy|gagged\n|\n|t:|1700322099\n|move|p1a: Iron Valiant|Focus Blast|p2a: Ursaluna\n|-supereffective|p2a: Ursaluna\n|-damage|p2a: Ursaluna|0 fnt\n|faint|p2a: Ursaluna\n|\n|win|SOLAROS & LUNARIS\n|n|\u2606SOLAROS & LUNARIS|solaroslunaris\n|n|\u2606Plutonium PT|plutoniumpt\n|n| CuriousStraightGuy|curiousstraightguy\n|n| The power of ROCK|thepowerofrock\n|n| XerneasStan|xerneasstan\n","uploadtime":1700322100,"views":6,"p1id":"solaroslunaris","p2id":"plutoniumpt","formatid":"gen9nationaldex","rating":0,"private":0,"password":""}