{"id":"gen9nationaldex-1989951534","p1":"JeanPierre693","p2":"nirwell","format":"[Gen 9] National Dex","log":"|j|\u2606JeanPierre693\n|j|\u2606nirwell\n|t:|1699909573\n|gametype|singles\n|player|p1|JeanPierre693|elio|\n|player|p2|nirwell|cyclist-gen4|\n|teamsize|p1|6\n|teamsize|p2|6\n|gen|9\n|tier|[Gen 9] National Dex\n|rule|HP Percentage Mod: HP is shown in percentages\n|rule|Endless Battle Clause: Forcing endless battles is banned\n|rule|OHKO Clause: OHKO moves are banned\n|rule|Evasion Clause: Evasion abilities, items, and moves are banned\n|rule|Evasion Abilities Clause: Evasion abilities are banned\n|rule|Evasion Items Clause: Evasion items are banned\n|rule|Evasion Moves Clause: Evasion moves are banned\n|rule|Species Clause: Limit one of each Pok\u00e9mon\n|rule|Sleep Clause Mod: Limit one foe put to sleep\n|clearpoke\n|poke|p1|Suicune|\n|poke|p1|Entei|\n|poke|p1|Raikou|\n|poke|p1|Latias, F|\n|poke|p1|Corviknight, M|\n|poke|p1|Clefable, F|\n|poke|p2|Clodsire, F|\n|poke|p2|Greninja-*, M|\n|poke|p2|Lopunny, F|\n|poke|p2|Tapu Koko|\n|poke|p2|Iron Moth|\n|poke|p2|Kartana|\n|teampreview\n|\n|t:|1699909594\n|start\n|switch|p1a: A que te quemo \ud83e\udd75|Entei|100\/100\n|switch|p2a: Tapu Koko|Tapu Koko|100\/100\n|-fieldstart|move: Electric Terrain|[from] ability: Electric Surge|[of] p2a: Tapu Koko\n|turn|1\n|\n|t:|1699909611\n|move|p2a: Tapu Koko|Volt Switch|p1a: A que te quemo \ud83e\udd75\n|-damage|p1a: A que te quemo \ud83e\udd75|39\/100\n|\n|t:|1699909617\n|switch|p2a: Clodsire|Clodsire, F, shiny|100\/100|[from] Volt Switch\n|move|p1a: A que te quemo \ud83e\udd75|Sacred Fire|p2a: Clodsire\n|-damage|p2a: Clodsire|42\/100\n|\n|upkeep\n|turn|2\n|\n|t:|1699909633\n|move|p1a: A que te quemo \ud83e\udd75|Sacred Fire|p2a: Clodsire\n|-damage|p2a: Clodsire|0 fnt\n|faint|p2a: Clodsire\n|\n|upkeep\n|\n|t:|1699909648\n|switch|p2a: Tapu Koko|Tapu Koko|100\/100\n|turn|3\n|\n|t:|1699909655\n|switch|p1a: Flash|Raikou|100\/100\n|move|p2a: Tapu Koko|Thunderbolt|p1a: Flash\n|-resisted|p1a: Flash\n|-damage|p1a: Flash|59\/100\n|\n|upkeep\n|turn|4\n|\n|t:|1699909667\n|switch|p2a: Kartana|Kartana|100\/100\n|move|p1a: Flash|Volt Switch|p2a: Kartana\n|-resisted|p2a: Kartana\n|-damage|p2a: Kartana|28\/100\n|\n|t:|1699909672\n|switch|p1a: F-16|Latias, F|100\/100|[from] Volt Switch\n|\n|upkeep\n|turn|5\n|\n|t:|1699909684\n|switch|p2a: Tapu Koko|Tapu Koko|100\/100\n|detailschange|p1a: F-16|Latias-Mega, F\n|-mega|p1a: F-16|Latias|Latiasite\n|move|p1a: F-16|Mystical Fire|p2a: Tapu Koko\n|-damage|p2a: Tapu Koko|66\/100\n|-unboost|p2a: Tapu Koko|spa|1\n|\n|-fieldend|move: Electric Terrain\n|upkeep\n|turn|6\n|\n|t:|1699909695\n|move|p2a: Tapu Koko|Dazzling Gleam|p1a: F-16\n|-supereffective|p1a: F-16\n|-damage|p1a: F-16|54\/100\n|move|p1a: F-16|Calm Mind|p1a: F-16\n|-boost|p1a: F-16|spa|1\n|-boost|p1a: F-16|spd|1\n|\n|upkeep\n|turn|7\n|\n|t:|1699909703\n|move|p2a: Tapu Koko|Dazzling Gleam|p1a: F-16\n|-supereffective|p1a: F-16\n|-damage|p1a: F-16|22\/100\n|move|p1a: F-16|Recover|p1a: F-16\n|-heal|p1a: F-16|72\/100\n|\n|upkeep\n|turn|8\n|\n|t:|1699909718\n|switch|p2a: Lopunny|Lopunny, F|100\/100\n|move|p1a: F-16|Recover|p1a: F-16\n|-heal|p1a: F-16|100\/100\n|\n|upkeep\n|turn|9\n|\n|t:|1699909725\n|detailschange|p2a: Lopunny|Lopunny-Mega, F\n|-mega|p2a: Lopunny|Lopunny|Lopunnite\n|move|p2a: Lopunny|Fake Out|p1a: F-16\n|-damage|p1a: F-16|86\/100\n|cant|p1a: F-16|flinch\n|\n|upkeep\n|turn|10\n|\n|t:|1699909734\n|move|p2a: Lopunny|Return|p1a: F-16\n|-damage|p1a: F-16|52\/100\n|move|p1a: F-16|Psyshock|p2a: Lopunny\n|-supereffective|p2a: Lopunny\n|-damage|p2a: Lopunny|0 fnt\n|faint|p2a: Lopunny\n|\n|upkeep\n|\n|t:|1699909748\n|switch|p2a: Tapu Koko|Tapu Koko|66\/100\n|-fieldstart|move: Electric Terrain|[from] ability: Electric Surge|[of] p2a: Tapu Koko\n|turn|11\n|\n|t:|1699909753\n|move|p2a: Tapu Koko|Dazzling Gleam|p1a: F-16\n|-supereffective|p1a: F-16\n|-crit|p1a: F-16\n|-damage|p1a: F-16|0 fnt\n|faint|p1a: F-16\n|\n|upkeep\n|\n|t:|1699909757\n|switch|p1a: A que te quemo \ud83e\udd75|Entei|39\/100\n|turn|12\n|\n|t:|1699909763\n|switch|p2a: Greninja|Greninja, M|100\/100\n|-zpower|p1a: A que te quemo \ud83e\udd75\n|move|p1a: A que te quemo \ud83e\udd75|Inferno Overdrive|p2a: Greninja|[zeffect]\n|-resisted|p2a: Greninja\n|-damage|p2a: Greninja|18\/100\n|\n|upkeep\n|turn|13\n|\n|t:|1699909774\n|move|p1a: A que te quemo \ud83e\udd75|Extreme Speed|p2a: Greninja\n|-damage|p2a: Greninja|0 fnt\n|faint|p2a: Greninja\n|\n|upkeep\n|\n|t:|1699909781\n|switch|p2a: Kartana|Kartana|28\/100\n|turn|14\n|\n|t:|1699909790\n|switch|p1a: Vamos Golpeame Bv|Corviknight, M|100\/100\n|-ability|p1a: Vamos Golpeame Bv|Pressure\n|move|p2a: Kartana|Sacred Sword|p1a: Vamos Golpeame Bv\n|-damage|p1a: Vamos Golpeame Bv|76\/100\n|-damage|p2a: Kartana|12\/100|[from] item: Rocky Helmet|[of] p1a: Vamos Golpeame Bv\n|\n|upkeep\n|turn|15\n|\n|t:|1699909803\n|switch|p2a: Iron Moth|Iron Moth|100\/100\n|-activate|p2a: Iron Moth|ability: Quark Drive\n|-start|p2a: Iron Moth|quarkdrivespa\n|switch|p1a: no me matas xd|Clefable, F|100\/100\n|\n|-fieldend|move: Electric Terrain\n|-end|p2a: Iron Moth|Quark Drive\n|upkeep\n|-enditem|p2a: Iron Moth|Booster Energy\n|-activate|p2a: Iron Moth|ability: Quark Drive|[fromitem]\n|-start|p2a: Iron Moth|quarkdrivespa\n|turn|16\n|\n|t:|1699909817\n|switch|p1a: Aurora|Suicune|100\/100\n|-ability|p1a: Aurora|Pressure\n|move|p2a: Iron Moth|Sludge Wave|p1a: Aurora\n|-damage|p1a: Aurora|46\/100\n|\n|-heal|p1a: Aurora|52\/100|[from] item: Leftovers\n|upkeep\n|turn|17\n|\n|t:|1699909831\n|move|p2a: Iron Moth|Energy Ball|p1a: Aurora\n|-supereffective|p1a: Aurora\n|-damage|p1a: Aurora|0 fnt\n|faint|p1a: Aurora\n|\n|upkeep\n|\n|t:|1699909836\n|switch|p1a: Flash|Raikou|59\/100\n|turn|18\n|\n|t:|1699909845\n|move|p1a: Flash|Volt Switch|p2a: Iron Moth\n|-damage|p2a: Iron Moth|66\/100\n|\n|t:|1699909854\n|switch|p1a: no me matas xd|Clefable, F|100\/100|[from] Volt Switch\n|move|p2a: Iron Moth|Sludge Wave|p1a: no me matas xd\n|-supereffective|p1a: no me matas xd\n|-damage|p1a: no me matas xd|0 fnt\n|faint|p1a: no me matas xd\n|\n|upkeep\n|\n|t:|1699909864\n|switch|p1a: Flash|Raikou|59\/100\n|turn|19\n|\n|t:|1699909872\n|move|p1a: Flash|Volt Switch|p2a: Iron Moth\n|-damage|p2a: Iron Moth|30\/100\n|\n|t:|1699909880\n|switch|p1a: Vamos Golpeame Bv|Corviknight, M|76\/100|[from] Volt Switch\n|-ability|p1a: Vamos Golpeame Bv|Pressure\n|move|p2a: Iron Moth|Sludge Wave|p1a: Vamos Golpeame Bv\n|-immune|p1a: Vamos Golpeame Bv\n|\n|upkeep\n|turn|20\n|\n|t:|1699909901\n|-terastallize|p1a: Vamos Golpeame Bv|Fighting\n|move|p2a: Iron Moth|Fiery Dance|p1a: Vamos Golpeame Bv\n|-damage|p1a: Vamos Golpeame Bv|17\/100\n|-boost|p2a: Iron Moth|spa|1\n|move|p1a: Vamos Golpeame Bv|Body Press|p2a: Iron Moth\n|-resisted|p2a: Iron Moth\n|-damage|p2a: Iron Moth|0 fnt\n|faint|p2a: Iron Moth\n|-end|p2a: Iron Moth|Quark Drive|[silent]\n|\n|upkeep\n|\n|t:|1699909914\n|switch|p2a: Kartana|Kartana|12\/100\n|turn|21\n|\n|t:|1699909920\n|move|p2a: Kartana|Psycho Cut|p1a: Vamos Golpeame Bv\n|-supereffective|p1a: Vamos Golpeame Bv\n|-crit|p1a: Vamos Golpeame Bv\n|-damage|p1a: Vamos Golpeame Bv|0 fnt\n|faint|p1a: Vamos Golpeame Bv\n|-ability|p2a: Kartana|Beast Boost|boost\n|-boost|p2a: Kartana|atk|1\n|\n|upkeep\n|\n|t:|1699909923\n|switch|p1a: Flash|Raikou|59\/100\n|turn|22\n|\n|t:|1699909930\n|move|p1a: Flash|Thunderbolt|p2a: Kartana\n|-resisted|p2a: Kartana\n|-damage|p2a: Kartana|0 fnt\n|faint|p2a: Kartana\n|\n|upkeep\n|\n|t:|1699909935\n|switch|p2a: Tapu Koko|Tapu Koko|66\/100\n|-fieldstart|move: Electric Terrain|[from] ability: Electric Surge|[of] p2a: Tapu Koko\n|turn|23\n|\n|t:|1699909941\n|move|p1a: Flash|Thunderbolt|p2a: Tapu Koko\n|-resisted|p2a: Tapu Koko\n|-damage|p2a: Tapu Koko|25\/100\n|move|p2a: Tapu Koko|Dazzling Gleam|p1a: Flash\n|-damage|p1a: Flash|5\/100\n|\n|upkeep\n|turn|24\n|\n|t:|1699909948\n|move|p1a: Flash|Thunderbolt|p2a: Tapu Koko\n|-resisted|p2a: Tapu Koko\n|-damage|p2a: Tapu Koko|0 fnt\n|faint|p2a: Tapu Koko\n|\n|win|JeanPierre693\n","uploadtime":1699909953,"views":5,"p1id":"jeanpierre693","p2id":"nirwell","formatid":"gen9nationaldex","rating":0,"private":0,"password":""}