{"id":"gen9nationaldex-1988258574","p1":"TheGrassKing1","p2":"LIBIBI233","format":"[Gen 9] National Dex","log":"|j|\u2606TheGrassKing1\n|j|\u2606LIBIBI233\n|t:|1699696258\n|gametype|singles\n|player|p1|TheGrassKing1|morty-masters2|1775\n|player|p2|LIBIBI233|red|1749\n|teamsize|p1|6\n|teamsize|p2|6\n|gen|9\n|tier|[Gen 9] National Dex\n|rated|\n|rule|HP Percentage Mod: HP is shown in percentages\n|rule|Endless Battle Clause: Forcing endless battles is banned\n|rule|OHKO Clause: OHKO moves are banned\n|rule|Evasion Clause: Evasion abilities, items, and moves are banned\n|rule|Evasion Abilities Clause: Evasion abilities are banned\n|rule|Evasion Items Clause: Evasion items are banned\n|rule|Evasion Moves Clause: Evasion moves are banned\n|rule|Species Clause: Limit one of each Pok\u00e9mon\n|rule|Sleep Clause Mod: Limit one foe put to sleep\n|clearpoke\n|poke|p1|Torkoal, M|\n|poke|p1|Typhlosion, F|\n|poke|p1|Victini|\n|poke|p1|Landorus-Therian, M|\n|poke|p1|Shiftry, M|\n|poke|p1|Scizor, F|\n|poke|p2|Alakazam, M|\n|poke|p2|Armarouge, M|\n|poke|p2|Tapu Lele|\n|poke|p2|Hawlucha, M|\n|poke|p2|Chansey, F|\n|poke|p2|Cinderace, F|\n|teampreview\n|\n|t:|1699696284\n|start\n|switch|p1a: Torkoal|Torkoal, M|100\/100\n|switch|p2a: Tapu Lele|Tapu Lele|100\/100\n|-fieldstart|move: Psychic Terrain|[from] ability: Psychic Surge|[of] p2a: Tapu Lele\n|-weather|SunnyDay|[from] ability: Drought|[of] p1a: Torkoal\n|turn|1\n|inactive|Battle timer is ON: inactive players will automatically lose when time's up. (requested by LIBIBI233)\n|\n|t:|1699696292\n|switch|p1a: Scizor|Scizor, F|100\/100\n|move|p2a: Tapu Lele|Future Sight|p1a: Scizor\n|-start|p2a: Tapu Lele|move: Future Sight\n|\n|-weather|SunnyDay|[upkeep]\n|upkeep\n|turn|2\n|\n|t:|1699696301\n|switch|p2a: Armarouge|Armarouge, M|100\/100\n|detailschange|p1a: Scizor|Scizor-Mega, F\n|-mega|p1a: Scizor|Scizor|Scizorite\n|move|p1a: Scizor|U-turn|p2a: Armarouge\n|-damage|p2a: Armarouge|67\/100\n|-ability|p2a: Armarouge|Weak Armor|boost\n|-unboost|p2a: Armarouge|def|1\n|-boost|p2a: Armarouge|spe|2\n|\n|t:|1699696310\n|switch|p1a: Shiftry|Shiftry, M|100\/100|[from] U-turn\n|\n|-weather|SunnyDay|[upkeep]\n|upkeep\n|turn|3\n|j| 1 em trach thu\n|inactive|TheGrassKing1 has 120 seconds left.\n|\n|t:|1699696361\n|switch|p1a: Scizor|Scizor-Mega, F|100\/100\n|move|p2a: Armarouge|Endure||[still]\n|-fail|p2a: Armarouge\n|\n|-weather|SunnyDay|[upkeep]\n|-end|p1a: Scizor|move: Future Sight\n|-resisted|p1a: Scizor\n|-damage|p1a: Scizor|62\/100\n|upkeep\n|turn|4\n|l| 1 em trach thu\n|inactive|TheGrassKing1 has 90 seconds left.\n|\n|t:|1699696381\n|switch|p1a: Typhlosion|Typhlosion, F|100\/100\n|move|p2a: Armarouge|Armor Cannon|p1a: Typhlosion\n|-start|p1a: Typhlosion|ability: Flash Fire\n|\n|-weather|SunnyDay|[upkeep]\n|upkeep\n|turn|5\n|inactive|TheGrassKing1 has 90 seconds left.\n|\n|t:|1699696404\n|move|p1a: Typhlosion|Eruption|p2a: Armarouge\n|-resisted|p2a: Armarouge\n|-damage|p2a: Armarouge|0 fnt\n|faint|p2a: Armarouge\n|\n|-weather|SunnyDay|[upkeep]\n|upkeep\n|\n|t:|1699696416\n|switch|p2a: Hawlucha|Hawlucha, M, shiny|100\/100\n|-enditem|p2a: Hawlucha|Psychic Seed\n|-boost|p2a: Hawlucha|spd|1|[from] item: Psychic Seed\n|turn|6\n|inactive|TheGrassKing1 has 90 seconds left.\n|\n|t:|1699696429\n|-end|p1a: Typhlosion|ability: Flash Fire|[silent]\n|switch|p1a: Landorus|Landorus-Therian, M|100\/100\n|-ability|p1a: Landorus|Intimidate|boost\n|-unboost|p2a: Hawlucha|atk|1\n|move|p2a: Hawlucha|Acrobatics|p1a: Landorus\n|-damage|p1a: Landorus|68\/100\n|-enditem|p1a: Landorus|Eject Button\n|\n|t:|1699696442\n|switch|p1a: Victini|Victini|100\/100\n|\n|-weather|SunnyDay|[upkeep]\n|upkeep\n|turn|7\n|\n|t:|1699696465\n|-terastallize|p1a: Victini|Fire\n|move|p2a: Hawlucha|Acrobatics|p1a: Victini\n|-damage|p1a: Victini|65\/100\n|move|p1a: Victini|V-create|p2a: Hawlucha\n|-damage|p2a: Hawlucha|0 fnt\n|-unboost|p1a: Victini|spe|1\n|-unboost|p1a: Victini|def|1\n|-unboost|p1a: Victini|spd|1\n|faint|p2a: Hawlucha\n|-damage|p1a: Victini|55\/100|[from] item: Life Orb\n|\n|-weather|SunnyDay|[upkeep]\n|upkeep\n|\n|t:|1699696476\n|switch|p2a: Alakazam|Alakazam, M, shiny|100\/100\n|turn|8\n|inactive|TheGrassKing1 has 60 seconds left.\n|\n|t:|1699696529\n|move|p2a: Alakazam|Focus Blast|p1a: Victini\n|-damage|p1a: Victini|0 fnt\n|faint|p1a: Victini\n|\n|-weather|none\n|-fieldend|move: Psychic Terrain\n|upkeep\n|\n|t:|1699696533\n|switch|p1a: Scizor|Scizor-Mega, F|62\/100\n|turn|9\n|\n|t:|1699696542\n|switch|p2a: Cinderace|Cinderace, F|100\/100\n|move|p1a: Scizor|U-turn|p2a: Cinderace\n|-resisted|p2a: Cinderace\n|-damage|p2a: Cinderace|74\/100\n|\n|t:|1699696545\n|switch|p1a: Torkoal|Torkoal, M|100\/100|[from] U-turn\n|-weather|SunnyDay|[from] ability: Drought|[of] p1a: Torkoal\n|\n|-weather|SunnyDay|[upkeep]\n|upkeep\n|turn|10\n|inactive|TheGrassKing1 has 60 seconds left.\n|\n|t:|1699696551\n|move|p2a: Cinderace|U-turn|p1a: Torkoal\n|-start|p2a: Cinderace|typechange|Bug|[from] ability: Libero\n|-resisted|p1a: Torkoal\n|-damage|p1a: Torkoal|89\/100\n|\n|t:|1699696554\n|switch|p2a: Tapu Lele|Tapu Lele|100\/100|[from] U-turn\n|-fieldstart|move: Psychic Terrain|[from] ability: Psychic Surge|[of] p2a: Tapu Lele\n|move|p1a: Torkoal|Stealth Rock|p2a: Tapu Lele\n|-sidestart|p2: LIBIBI233|move: Stealth Rock\n|\n|-weather|SunnyDay|[upkeep]\n|upkeep\n|turn|11\n|inactive|TheGrassKing1 has 60 seconds left.\n|\n|t:|1699696570\n|move|p2a: Tapu Lele|Focus Blast|p1a: Torkoal\n|-damage|p1a: Torkoal|42\/100\n|move|p1a: Torkoal|Overheat|p2a: Tapu Lele\n|-damage|p2a: Tapu Lele|47\/100\n|-unboost|p1a: Torkoal|spa|2\n|\n|-weather|SunnyDay|[upkeep]\n|upkeep\n|turn|12\n|inactive|TheGrassKing1 has 60 seconds left.\n|\n|t:|1699696582\n|switch|p1a: Typhlosion|Typhlosion, F|100\/100\n|move|p2a: Tapu Lele|Moonblast|p1a: Typhlosion\n|-resisted|p1a: Typhlosion\n|-damage|p1a: Typhlosion|61\/100\n|-unboost|p1a: Typhlosion|spa|1\n|\n|-weather|SunnyDay|[upkeep]\n|upkeep\n|turn|13\n|inactive|TheGrassKing1 has 60 seconds left.\n|\n|t:|1699696599\n|switch|p2a: Chansey|Chansey, F|100\/100\n|-damage|p2a: Chansey|88\/100|[from] Stealth Rock\n|move|p1a: Typhlosion|Burn Up|p2a: Chansey\n|-damage|p2a: Chansey|70\/100\n|-start|p1a: Typhlosion|typechange|???|[from] move: Burn Up\n|\n|-weather|SunnyDay|[upkeep]\n|upkeep\n|turn|14\n|inactive|TheGrassKing1 has 60 seconds left.\n|\n|t:|1699696614\n|switch|p1a: Landorus|Landorus-Therian, M|68\/100\n|-ability|p1a: Landorus|Intimidate|boost\n|-unboost|p2a: Chansey|atk|1\n|move|p2a: Chansey|Teleport|p2a: Chansey\n|\n|t:|1699696624\n|switch|p2a: Cinderace|Cinderace, F|74\/100|[from] Teleport\n|\n|-weather|SunnyDay|[upkeep]\n|upkeep\n|turn|15\n|\n|t:|1699696636\n|move|p2a: Cinderace|Pyro Ball|p1a: Landorus\n|-damage|p1a: Landorus|0 fnt\n|faint|p1a: Landorus\n|\n|-weather|SunnyDay|[upkeep]\n|upkeep\n|\n|t:|1699696640\n|switch|p1a: Shiftry|Shiftry, M|100\/100\n|turn|16\n|\n|t:|1699696649\n|switch|p2a: Chansey|Chansey, F|70\/100\n|-damage|p2a: Chansey|57\/100|[from] Stealth Rock\n|move|p1a: Shiftry|Knock Off|p2a: Chansey\n|-damage|p2a: Chansey|20\/100\n|-enditem|p2a: Chansey|Eviolite|[from] move: Knock Off|[of] p1a: Shiftry\n|-damage|p1a: Shiftry|91\/100|[from] item: Life Orb\n|\n|-weather|none\n|upkeep\n|turn|17\n|\n|t:|1699696660\n|move|p1a: Shiftry|Knock Off|p2a: Chansey\n|-damage|p2a: Chansey|0 fnt\n|faint|p2a: Chansey\n|-damage|p1a: Shiftry|81\/100|[from] item: Life Orb\n|\n|-fieldend|move: Psychic Terrain\n|upkeep\n|\n|t:|1699696664\n|switch|p2a: Cinderace|Cinderace, F|74\/100\n|turn|18\n|inactive|TheGrassKing1 has 90 seconds left.\n|\n|t:|1699696675\n|switch|p1a: Torkoal|Torkoal, M|42\/100\n|-weather|SunnyDay|[from] ability: Drought|[of] p1a: Torkoal\n|move|p2a: Cinderace|Court Change|p2a: Cinderace\n|-start|p2a: Cinderace|typechange|Normal|[from] ability: Libero\n|-swapsideconditions\n|-activate|p2a: Cinderace|move: Court Change\n|\n|-weather|SunnyDay|[upkeep]\n|upkeep\n|turn|19\n|\n|t:|1699696680\n|move|p2a: Cinderace|Pyro Ball|p1a: Torkoal\n|-resisted|p1a: Torkoal\n|-damage|p1a: Torkoal|24\/100\n|move|p1a: Torkoal|Rapid Spin|p2a: Cinderace\n|-damage|p2a: Cinderace|60\/100\n|-boost|p1a: Torkoal|spe|1\n|-sideend|p1: TheGrassKing1|Stealth Rock|[from] move: Rapid Spin|[of] p1a: Torkoal\n|\n|-weather|SunnyDay|[upkeep]\n|upkeep\n|turn|20\n|\n|t:|1699696686\n|-terastallize|p2a: Cinderace|Fire\n|move|p2a: Cinderace|Pyro Ball|p1a: Torkoal\n|-resisted|p1a: Torkoal\n|-damage|p1a: Torkoal|0 fnt\n|faint|p1a: Torkoal\n|\n|-weather|SunnyDay|[upkeep]\n|upkeep\n|inactive|TheGrassKing1 has 90 seconds left.\n|\n|t:|1699696708\n|switch|p1a: Shiftry|Shiftry, M|81\/100\n|turn|21\n|\n|t:|1699696721\n|switch|p2a: Tapu Lele|Tapu Lele|47\/100\n|-fieldstart|move: Psychic Terrain|[from] ability: Psychic Surge|[of] p2a: Tapu Lele\n|move|p1a: Shiftry|Knock Off|p2a: Tapu Lele\n|-damage|p2a: Tapu Lele|0 fnt\n|-enditem|p2a: Tapu Lele|Terrain Extender|[from] move: Knock Off|[of] p1a: Shiftry\n|faint|p2a: Tapu Lele\n|-damage|p1a: Shiftry|71\/100|[from] item: Life Orb\n|\n|-weather|SunnyDay|[upkeep]\n|upkeep\n|\n|t:|1699696735\n|switch|p2a: Alakazam|Alakazam, M, shiny|100\/100\n|turn|22\n|\n|t:|1699696740\n|move|p1a: Shiftry|Knock Off|p2a: Alakazam\n|-supereffective|p2a: Alakazam\n|-enditem|p2a: Alakazam|Focus Sash\n|-damage|p2a: Alakazam|1\/100\n|-damage|p1a: Shiftry|61\/100|[from] item: Life Orb\n|move|p2a: Alakazam|Focus Blast|p1a: Shiftry|[miss]\n|-miss|p2a: Alakazam|p1a: Shiftry\n|\n|-weather|SunnyDay|[upkeep]\n|upkeep\n|turn|23\n|\n|t:|1699696749\n|move|p1a: Shiftry|Knock Off|p2a: Alakazam\n|-supereffective|p2a: Alakazam\n|-damage|p2a: Alakazam|0 fnt\n|faint|p2a: Alakazam\n|-damage|p1a: Shiftry|51\/100|[from] item: Life Orb\n|\n|-weather|SunnyDay|[upkeep]\n|upkeep\n|-message|LIBIBI233 forfeited.\n|\n|win|TheGrassKing1\n|raw|TheGrassKing1's rating: 1775 &rarr; <strong>1794<\/strong><br \/>(+19 for winning)\n|raw|LIBIBI233's rating: 1749 &rarr; <strong>1730<\/strong><br \/>(-19 for losing)\n|l|\u2606LIBIBI233\n","uploadtime":1699696767,"views":43,"p1id":"thegrassking1","p2id":"libibi233","formatid":"gen9nationaldex","rating":1730,"private":0,"password":""}