{"id":"gen9nationaldex-1995744239","p1":"SpeedyBlu","p2":"Simiabrass","format":"[Gen 9] National Dex","log":"|html|<div class=\"broadcast-blue\"><strong>[Gen 9] National Dex is currently suspecting Sneasler! For information on how to participate check out the <a href=\"https:\/\/www.smogon.com\/forums\/threads\/sv-national-dex-suspect-8-just-dance.3731534\/\">suspect thread<\/a>.<\/strong><\/div>\n|j|\u2606SpeedyBlu\n|j|\u2606Simiabrass\n|t:|1700599105\n|gametype|singles\n|player|p1|SpeedyBlu|gardenia|\n|player|p2|Simiabrass|may-masters3|\n|teamsize|p1|6\n|teamsize|p2|6\n|gen|9\n|tier|[Gen 9] National Dex\n|rule|HP Percentage Mod: HP is shown in percentages\n|rule|Endless Battle Clause: Forcing endless battles is banned\n|rule|OHKO Clause: OHKO moves are banned\n|rule|Evasion Clause: Evasion abilities, items, and moves are banned\n|rule|Evasion Abilities Clause: Evasion abilities are banned\n|rule|Evasion Items Clause: Evasion items are banned\n|rule|Evasion Moves Clause: Evasion moves are banned\n|rule|Species Clause: Limit one of each Pok\u00e9mon\n|rule|Sleep Clause Mod: Limit one foe put to sleep\n|clearpoke\n|poke|p1|Slowking, F|\n|poke|p1|Pangoro, F|\n|poke|p1|Aegislash, M|\n|poke|p1|Gliscor, M|\n|poke|p1|Garganacl, F|\n|poke|p1|Sneasler, F|\n|poke|p2|Aurorus, F|\n|poke|p2|Aerodactyl, M|\n|poke|p2|Arctovish|\n|poke|p2|Omastar, M|\n|poke|p2|Arctozolt|\n|poke|p2|Cradily, F|\n|teampreview\n|c|\u2606Simiabrass|gl hf\n|c|\u2606Simiabrass|tiens d'ailleurs j'viens de voir le natdex qui copie l'ou l\u00e0 xD\n|c|\u2606SpeedyBlu|nany ?\n|c|\u2606Simiabrass|sneasler ban\n|c|\u2606SpeedyBlu|Ah suspect sneasler\n|c|\u2606SpeedyBlu|nan il est pas ban encore abuse pas\n|c|\u2606SpeedyBlu|Il est suspect\n|c|\u2606Simiabrass|oui mais bon\n|c|\u2606Simiabrass|le council veut la m\u00eame quoi xD\n|\n|t:|1700599173\n|start\n|switch|p1a: Sneasler|Sneasler, F|100\/100\n|switch|p2a: Aurorus|Aurorus, F|100\/100\n|-weather|Snow|[from] ability: Snow Warning|[of] p2a: Aurorus\n|turn|1\n|\n|t:|1700599191\n|switch|p2a: Cradily|Cradily, F|100\/100\n|move|p1a: Sneasler|Close Combat|p2a: Cradily\n|-supereffective|p2a: Cradily\n|-damage|p2a: Cradily|0 fnt\n|-unboost|p1a: Sneasler|def|1\n|-unboost|p1a: Sneasler|spd|1\n|faint|p2a: Cradily\n|\n|-weather|Snow|[upkeep]\n|upkeep\n|\n|t:|1700599197\n|switch|p2a: Arctozolt|Arctozolt|100\/100\n|turn|2\n|\n|t:|1700599204\n|move|p1a: Sneasler|Close Combat|p2a: Arctozolt\n|-supereffective|p2a: Arctozolt\n|-damage|p2a: Arctozolt|0 fnt\n|-unboost|p1a: Sneasler|def|1\n|-unboost|p1a: Sneasler|spd|1\n|faint|p2a: Arctozolt\n|\n|-weather|Snow|[upkeep]\n|upkeep\n|c|\u2606SpeedyBlu|: )\n|c|\u2606Simiabrass|ah\n|c|\u2606Simiabrass|xD\n|c|\u2606Simiabrass|scarf\n|c|\u2606Simiabrass|pas con\n|\n|t:|1700599236\n|switch|p2a: Aerodactyl|Aerodactyl, M|100\/100\n|turn|3\n|\n|t:|1700599248\n|-terastallize|p2a: Aerodactyl|Flying\n|move|p1a: Sneasler|Close Combat|p2a: Aerodactyl\n|-resisted|p2a: Aerodactyl\n|-damage|p2a: Aerodactyl|48\/100\n|-unboost|p1a: Sneasler|def|1\n|-unboost|p1a: Sneasler|spd|1\n|move|p2a: Aerodactyl|Dragon Dance|p2a: Aerodactyl\n|-boost|p2a: Aerodactyl|atk|1\n|-boost|p2a: Aerodactyl|spe|1\n|\n|-weather|Snow|[upkeep]\n|upkeep\n|turn|4\n|c|\u2606Simiabrass|:)\n|\n|t:|1700599260\n|switch|p1a: Aegislash|Aegislash, M|100\/100\n|move|p2a: Aerodactyl|Dual Wingbeat|p1a: Aegislash\n|-resisted|p1a: Aegislash\n|-damage|p1a: Aegislash|90\/100\n|-resisted|p1a: Aegislash\n|-damage|p1a: Aegislash|80\/100\n|-hitcount|p1a: Aegislash|2\n|\n|-weather|Snow|[upkeep]\n|-heal|p1a: Aegislash|86\/100|[from] item: Leftovers\n|upkeep\n|turn|5\n|c|\u2606SpeedyBlu|: )\n|c|\u2606Simiabrass|bon no eq par contre xD\n|\n|t:|1700599274\n|move|p2a: Aerodactyl|Aqua Tail|p1a: Aegislash\n|-damage|p1a: Aegislash|62\/100\n|-formechange|p1a: Aegislash|Aegislash-Blade||[from] ability: Stance Change\n|move|p1a: Aegislash|Flash Cannon|p2a: Aerodactyl\n|-damage|p2a: Aerodactyl|0 fnt\n|faint|p2a: Aerodactyl\n|\n|-weather|none\n|-heal|p1a: Aegislash|69\/100|[from] item: Leftovers\n|upkeep\n|c|\u2606Simiabrass|mais \u00e7a tue pas eq\n|\n|t:|1700599290\n|switch|p2a: Arctovish|Arctovish|100\/100\n|turn|6\n|c|\u2606Simiabrass|ah wait chuis plus lent? xD\n|\n|t:|1700599311\n|-formechange|p1a: Aegislash|Aegislash||[from] ability: Stance Change\n|move|p1a: Aegislash|King's Shield|p1a: Aegislash\n|-singleturn|p1a: Aegislash|Protect\n|move|p2a: Arctovish|Fishious Rend|p1a: Aegislash\n|-activate|p1a: Aegislash|move: Protect\n|-unboost|p2a: Arctovish|atk|1\n|\n|-heal|p1a: Aegislash|75\/100|[from] item: Leftovers\n|upkeep\n|turn|7\n|c|\u2606Simiabrass|nan oublie\n|\n|t:|1700599320\n|move|p2a: Arctovish|Fishious Rend|p1a: Aegislash\n|-damage|p1a: Aegislash|29\/100\n|move|p1a: Aegislash|Toxic|p2a: Arctovish\n|-status|p2a: Arctovish|tox\n|\n|-heal|p1a: Aegislash|35\/100|[from] item: Leftovers\n|-damage|p2a: Arctovish|94\/100 tox|[from] psn\n|upkeep\n|turn|8\n|\n|t:|1700599329\n|switch|p2a: Aurorus|Aurorus, F|100\/100\n|-weather|Snow|[from] ability: Snow Warning|[of] p2a: Aurorus\n|switch|p1a: Slowking|Slowking, F|100\/100\n|\n|-weather|Snow|[upkeep]\n|upkeep\n|turn|9\n|\n|t:|1700599340\n|move|p2a: Aurorus|Aurora Veil|p2a: Aurorus\n|-sidestart|p2: Simiabrass|move: Aurora Veil\n|move|p1a: Slowking|Scald|p2a: Aurorus\n|-supereffective|p2a: Aurorus\n|-damage|p2a: Aurorus|84\/100\n|\n|-weather|Snow|[upkeep]\n|upkeep\n|turn|10\n|\n|t:|1700599349\n|move|p2a: Aurorus|Stealth Rock|p1a: Slowking\n|-sidestart|p1: SpeedyBlu|move: Stealth Rock\n|move|p1a: Slowking|Chilly Reception|p1a: Slowking\n|\n|t:|1700599355\n|switch|p1a: Sneasler|Sneasler, F|100\/100|[from] Chilly Reception\n|-damage|p1a: Sneasler|95\/100|[from] Stealth Rock\n|\n|-weather|Snow|[upkeep]\n|upkeep\n|turn|11\n|\n|t:|1700599364\n|move|p1a: Sneasler|Brick Break|p2a: Aurorus\n|-sideend|p2: Simiabrass|move: Aurora Veil\n|-supereffective|p2a: Aurorus\n|-damage|p2a: Aurorus|0 fnt\n|faint|p2a: Aurorus\n|\n|-weather|Snow|[upkeep]\n|upkeep\n|\n|t:|1700599372\n|switch|p2a: Arctovish|Arctovish|94\/100 tox\n|turn|12\n|\n|t:|1700599377\n|switch|p1a: Slowking|Slowking, F|100\/100\n|move|p2a: Arctovish|Fishious Rend|p1a: Slowking\n|-resisted|p1a: Slowking\n|-crit|p1a: Slowking\n|-damage|p1a: Slowking|44\/100\n|\n|-weather|none\n|-damage|p2a: Arctovish|88\/100 tox|[from] psn\n|upkeep\n|turn|13\n|\n|t:|1700599401\n|move|p2a: Arctovish|Fishious Rend|p1a: Slowking\n|-resisted|p1a: Slowking\n|-damage|p1a: Slowking|5\/100\n|move|p1a: Slowking|Chilly Reception|p1a: Slowking\n|-weather|Snow\n|\n|t:|1700599407\n|switch|p1a: Sneasler|Sneasler, F|95\/100|[from] Chilly Reception\n|-damage|p1a: Sneasler|89\/100|[from] Stealth Rock\n|\n|-weather|Snow|[upkeep]\n|-damage|p2a: Arctovish|76\/100 tox|[from] psn\n|upkeep\n|turn|14\n|c|\u2606Simiabrass|genre l\u00e0 tp\n|c|\u2606Simiabrass|aurait \u00e9t\u00e9 mieux\n|c|\u2606Simiabrass|xD\n|c|\u2606SpeedyBlu|ui\n|\n|t:|1700599418\n|move|p1a: Sneasler|Close Combat|p2a: Arctovish\n|-supereffective|p2a: Arctovish\n|-damage|p2a: Arctovish|0 fnt\n|-unboost|p1a: Sneasler|def|1\n|-unboost|p1a: Sneasler|spd|1\n|faint|p2a: Arctovish\n|\n|-weather|Snow|[upkeep]\n|upkeep\n|c|\u2606SpeedyBlu|mais en soit \u00e7a change rien\n|\n|t:|1700599422\n|switch|p2a: Omastar|Omastar, M|100\/100\n|turn|15\n|\n|t:|1700599427\n|move|p1a: Sneasler|Close Combat|p2a: Omastar\n|-supereffective|p2a: Omastar\n|-damage|p2a: Omastar|0 fnt\n|-unboost|p1a: Sneasler|def|1\n|-unboost|p1a: Sneasler|spd|1\n|faint|p2a: Omastar\n|\n|win|SpeedyBlu\n|c|\u2606Simiabrass|oui\n","uploadtime":1700599434,"views":9,"p1id":"speedyblu","p2id":"simiabrass","formatid":"gen9nationaldex","rating":0,"private":0,"password":""}