{"id":"gen9nationaldex-2000360632","p1":"Gollark","p2":"Sonanta","format":"[Gen 9] National Dex","log":"|html|<div class=\"broadcast-blue\"><strong>[Gen 9] National Dex is currently suspecting Sneasler! For information on how to participate check out the <a href=\"https:\/\/www.smogon.com\/forums\/threads\/sv-national-dex-suspect-8-just-dance.3731534\/\">suspect thread<\/a>.<\/strong><\/div>\n|j|\u2606Gollark\n|j|\u2606Sonanta\n|t:|1701188245\n|gametype|singles\n|player|p1|Gollark|swimmerf-gen4dp|1501\n|player|p2|Sonanta|flint|1656\n|teamsize|p1|6\n|teamsize|p2|6\n|gen|9\n|tier|[Gen 9] National Dex\n|rated|\n|rule|HP Percentage Mod: HP is shown in percentages\n|rule|Endless Battle Clause: Forcing endless battles is banned\n|rule|OHKO Clause: OHKO moves are banned\n|rule|Evasion Clause: Evasion abilities, items, and moves are banned\n|rule|Evasion Abilities Clause: Evasion abilities are banned\n|rule|Evasion Items Clause: Evasion items are banned\n|rule|Evasion Moves Clause: Evasion moves are banned\n|rule|Species Clause: Limit one of each Pok\u00e9mon\n|rule|Sleep Clause Mod: Limit one foe put to sleep\n|clearpoke\n|poke|p1|Zapdos|\n|poke|p1|Heatran, F|\n|poke|p1|Sneasler, F|\n|poke|p1|Alomomola, F|\n|poke|p1|Xurkitree|\n|poke|p1|Hoopa-Unbound|\n|poke|p2|Garchomp, M|\n|poke|p2|Dondozo, F|\n|poke|p2|Scizor, F|\n|poke|p2|Chansey, F|\n|poke|p2|Zapdos|\n|poke|p2|Heatran, M|\n|teampreview\n|inactive|Battle timer is ON: inactive players will automatically lose when time's up. (requested by Gollark)\n|\n|t:|1701188271\n|start\n|switch|p1a: Zapdos|Zapdos|100\/100\n|switch|p2a: magna|Heatran, M|100\/100\n|turn|1\n|l|\u2606Gollark\n|inactive|Gollark disconnected and has a minute to reconnect!\n|player|p1|\n|inactive|Gollark has 30 seconds to reconnect!\n|inactive|Sonanta has 120 seconds left.\n|j|\u2606Gollark\n|inactive|Gollark reconnected and has 115 seconds left.\n|player|p1|Gollark|swimmerf-gen4dp\n|\n|t:|1701188317\n|switch|p2a: Chansey|Chansey, F|100\/100\n|move|p1a: Zapdos|Volt Switch|p2a: Chansey\n|-damage|p2a: Chansey|91\/100\n|\n|t:|1701188328\n|switch|p1a: Sneasler|Sneasler, F|100\/100|[from] Volt Switch\n|\n|upkeep\n|turn|2\n|inactive|Sonanta has 120 seconds left.\n|\n|t:|1701188335\n|switch|p2a: Dondozo|Dondozo, F, shiny|100\/100\n|move|p1a: Sneasler|U-turn|p2a: Dondozo\n|-damage|p2a: Dondozo|89\/100\n|inactive|Gollark has 120 seconds left.\n|\n|t:|1701188342\n|switch|p1a: Zapdos|Zapdos|100\/100|[from] U-turn\n|\n|-heal|p2a: Dondozo|95\/100|[from] item: Leftovers\n|upkeep\n|turn|3\n|\n|t:|1701188354\n|switch|p2a: Chansey|Chansey, F|91\/100\n|move|p1a: Zapdos|Volt Switch|p2a: Chansey\n|-damage|p2a: Chansey|81\/100\n|\n|t:|1701188360\n|switch|p1a: Sneasler|Sneasler, F|100\/100|[from] Volt Switch\n|\n|upkeep\n|turn|4\n|\n|t:|1701188365\n|switch|p2a: Zapdos|Zapdos|100\/100\n|move|p1a: Sneasler|Close Combat|p2a: Zapdos\n|-resisted|p2a: Zapdos\n|-damage|p2a: Zapdos|77\/100\n|-unboost|p1a: Sneasler|def|1\n|-unboost|p1a: Sneasler|spd|1\n|\n|upkeep\n|turn|5\n|\n|t:|1701188374\n|switch|p1a: Heatran|Heatran, F|100\/100\n|move|p2a: Zapdos|Volt Switch|p1a: Heatran\n|-damage|p1a: Heatran|83\/100\n|\n|t:|1701188391\n|switch|p2a: Dragon hunter|Garchomp, M, shiny|100\/100|[from] Volt Switch\n|\n|-heal|p1a: Heatran|89\/100|[from] item: Leftovers\n|upkeep\n|turn|6\n|\n|t:|1701188403\n|switch|p1a: Zapdos|Zapdos|100\/100\n|move|p2a: Dragon hunter|Earthquake|p1a: Zapdos\n|-immune|p1a: Zapdos\n|\n|upkeep\n|turn|7\n|\n|t:|1701188415\n|switch|p2a: Chansey|Chansey, F|81\/100\n|move|p1a: Zapdos|Hurricane|p2a: Chansey\n|-damage|p2a: Chansey|66\/100\n|\n|upkeep\n|turn|8\n|\n|t:|1701188425\n|move|p1a: Zapdos|Volt Switch|p2a: Chansey\n|-damage|p2a: Chansey|57\/100\n|\n|t:|1701188430\n|switch|p1a: Sneasler|Sneasler, F|100\/100|[from] Volt Switch\n|move|p2a: Chansey|Soft-Boiled|p2a: Chansey\n|-heal|p2a: Chansey|100\/100\n|\n|upkeep\n|turn|9\n|\n|t:|1701188458\n|switch|p2a: Zapdos|Zapdos|77\/100\n|move|p1a: Sneasler|Dire Claw|p2a: Zapdos\n|-damage|p2a: Zapdos|47\/100\n|-status|p1a: Sneasler|par|[from] ability: Static|[of] p2a: Zapdos\n|\n|upkeep\n|turn|10\n|\n|t:|1701188472\n|move|p2a: Zapdos|Volt Switch|p1a: Sneasler\n|-damage|p1a: Sneasler|73\/100 par\n|\n|t:|1701188477\n|switch|p2a: iron-bug|Scizor, F|100\/100|[from] Volt Switch\n|cant|p1a: Sneasler|par\n|\n|upkeep\n|turn|11\n|\n|t:|1701188486\n|switch|p1a: Zapdos|Zapdos|100\/100\n|detailschange|p2a: iron-bug|Scizor-Mega, F\n|-mega|p2a: iron-bug|Scizor|Scizorite\n|move|p2a: iron-bug|Bullet Punch|p1a: Zapdos\n|-resisted|p1a: Zapdos\n|-damage|p1a: Zapdos|86\/100\n|\n|upkeep\n|turn|12\n|\n|t:|1701188496\n|switch|p2a: Chansey|Chansey, F|100\/100\n|move|p1a: Zapdos|Volt Switch|p2a: Chansey\n|-damage|p2a: Chansey|92\/100\n|\n|t:|1701188504\n|switch|p1a: Sneasler|Sneasler, F|73\/100 par|[from] Volt Switch\n|\n|upkeep\n|turn|13\n|\n|t:|1701188529\n|switch|p2a: Dondozo|Dondozo, F, shiny|95\/100\n|move|p1a: Sneasler|Dire Claw|p2a: Dondozo\n|-damage|p2a: Dondozo|76\/100\n|-status|p2a: Dondozo|par\n|\n|-heal|p2a: Dondozo|83\/100 par|[from] item: Leftovers\n|upkeep\n|turn|14\n|\n|t:|1701188552\n|switch|p2a: iron-bug|Scizor-Mega, F|100\/100\n|move|p1a: Sneasler|U-turn|p2a: iron-bug\n|-resisted|p2a: iron-bug\n|-damage|p2a: iron-bug|91\/100\n|\n|t:|1701188565\n|switch|p1a: Heatran|Heatran, F|89\/100|[from] U-turn\n|\n|-heal|p1a: Heatran|95\/100|[from] item: Leftovers\n|upkeep\n|turn|15\n|inactive|Sonanta has 120 seconds left.\n|\n|t:|1701188588\n|switch|p2a: Chansey|Chansey, F|92\/100\n|move|p1a: Heatran|Earth Power|p2a: Chansey\n|-damage|p2a: Chansey|85\/100\n|\n|-heal|p1a: Heatran|100\/100|[from] item: Leftovers\n|upkeep\n|turn|16\n|\n|t:|1701188597\n|move|p1a: Heatran|Toxic|p2a: Chansey\n|-status|p2a: Chansey|tox\n|move|p2a: Chansey|Seismic Toss|p1a: Heatran\n|-damage|p1a: Heatran|75\/100\n|\n|-heal|p1a: Heatran|81\/100|[from] item: Leftovers\n|-damage|p2a: Chansey|78\/100 tox|[from] psn\n|upkeep\n|turn|17\n|\n|t:|1701188607\n|move|p1a: Heatran|Magma Storm|p2a: Chansey\n|-damage|p2a: Chansey|64\/100 tox\n|-activate|p2a: Chansey|move: Magma Storm|[of] p1a: Heatran\n|move|p2a: Chansey|Heal Bell|p2a: Chansey\n|-activate|p2a: Chansey|move: Heal Bell\n|-curestatus|p2a: Chansey|tox|[msg]\n|-curestatus|p2: Dondozo|par|[msg]\n|\n|-heal|p1a: Heatran|87\/100|[from] item: Leftovers\n|-damage|p2a: Chansey|51\/100|[from] move: Magma Storm|[partiallytrapped]\n|upkeep\n|turn|18\n|\n|t:|1701188619\n|switch|p1a: Sneasler|Sneasler, F|73\/100 par\n|move|p2a: Chansey|Soft-Boiled|p2a: Chansey\n|-heal|p2a: Chansey|100\/100\n|\n|-end|p2a: Chansey|Magma Storm|[partiallytrapped]|[silent]\n|upkeep\n|turn|19\n|\n|t:|1701188629\n|switch|p2a: Dondozo|Dondozo, F, shiny|83\/100\n|move|p1a: Sneasler|Dire Claw|p2a: Dondozo\n|-damage|p2a: Dondozo|65\/100\n|\n|-heal|p2a: Dondozo|71\/100|[from] item: Leftovers\n|upkeep\n|turn|20\n|\n|t:|1701188638\n|move|p1a: Sneasler|U-turn|p2a: Dondozo\n|-damage|p2a: Dondozo|60\/100\n|\n|t:|1701188641\n|switch|p1a: Zapdos|Zapdos|86\/100|[from] U-turn\n|move|p2a: Dondozo|Wave Crash|p1a: Zapdos\n|-damage|p1a: Zapdos|58\/100\n|-damage|p2a: Dondozo|53\/100|[from] Recoil\n|\n|-heal|p2a: Dondozo|59\/100|[from] item: Leftovers\n|upkeep\n|turn|21\n|\n|t:|1701188655\n|switch|p2a: Chansey|Chansey, F|100\/100\n|move|p1a: Zapdos|Volt Switch|p2a: Chansey\n|-damage|p2a: Chansey|91\/100\n|\n|t:|1701188658\n|switch|p1a: Hoopa|Hoopa-Unbound|100\/100|[from] Volt Switch\n|\n|upkeep\n|turn|22\n|\n|t:|1701188685\n|switch|p2a: Zapdos|Zapdos|47\/100\n|-terastallize|p1a: Hoopa|Dark\n|move|p1a: Hoopa|Hyperspace Fury|p2a: Zapdos\n|-damage|p2a: Zapdos|0 fnt\n|-unboost|p1a: Hoopa|def|1\n|faint|p2a: Zapdos\n|\n|upkeep\n|\n|t:|1701188695\n|switch|p2a: iron-bug|Scizor-Mega, F|91\/100\n|turn|23\n|\n|t:|1701188702\n|switch|p1a: Heatran|Heatran, F|87\/100\n|move|p2a: iron-bug|U-turn|p1a: Heatran\n|-resisted|p1a: Heatran\n|-damage|p1a: Heatran|78\/100\n|\n|t:|1701188711\n|switch|p2a: Dragon hunter|Garchomp, M, shiny|100\/100|[from] U-turn\n|\n|-heal|p1a: Heatran|84\/100|[from] item: Leftovers\n|upkeep\n|turn|24\n|\n|t:|1701188716\n|switch|p1a: Alomomola|Alomomola, F|100\/100\n|move|p2a: Dragon hunter|Stealth Rock|p1a: Alomomola\n|-sidestart|p1: Gollark|move: Stealth Rock\n|\n|upkeep\n|turn|25\n|\n|t:|1701188722\n|switch|p2a: Chansey|Chansey, F|91\/100\n|move|p1a: Alomomola|Toxic|p2a: Chansey\n|-status|p2a: Chansey|tox\n|\n|-damage|p2a: Chansey|84\/100 tox|[from] psn\n|upkeep\n|turn|26\n|\n|t:|1701188729\n|move|p1a: Alomomola|Wish|p1a: Alomomola\n|move|p2a: Chansey|Toxic|p1a: Alomomola|[miss]\n|-miss|p2a: Chansey|p1a: Alomomola\n|\n|-damage|p2a: Chansey|72\/100 tox|[from] psn\n|upkeep\n|turn|27\n|\n|t:|1701188745\n|move|p1a: Alomomola|Flip Turn|p2a: Chansey\n|-crit|p2a: Chansey\n|-damage|p2a: Chansey|56\/100 tox\n|\n|t:|1701188753\n|switch|p1a: Sneasler|Sneasler, F|73\/100 par|[from] Flip Turn\n|-damage|p1a: Sneasler|67\/100 par|[from] Stealth Rock\n|move|p2a: Chansey|Toxic||[still]\n|-fail|p2a: Chansey\n|\n|-heal|p1a: Sneasler|100\/100 par|[from] move: Wish|[wisher] Alomomola\n|-damage|p2a: Chansey|38\/100 tox|[from] psn\n|upkeep\n|turn|28\n|\n|t:|1701188765\n|-curestatus|p2a: Chansey|tox|[from] ability: Natural Cure\n|switch|p2a: Dondozo|Dondozo, F, shiny|59\/100\n|move|p1a: Sneasler|U-turn|p2a: Dondozo\n|-damage|p2a: Dondozo|48\/100\n|\n|t:|1701188772\n|switch|p1a: Zapdos|Zapdos|58\/100|[from] U-turn\n|\n|-heal|p2a: Dondozo|54\/100|[from] item: Leftovers\n|upkeep\n|turn|29\n|\n|t:|1701188780\n|move|p1a: Zapdos|Volt Switch|p2a: Dondozo\n|-supereffective|p2a: Dondozo\n|-damage|p2a: Dondozo|0 fnt\n|faint|p2a: Dondozo\n|\n|t:|1701188792\n|switch|p1a: Sneasler|Sneasler, F|100\/100 par|[from] Volt Switch\n|-damage|p1a: Sneasler|95\/100 par|[from] Stealth Rock\n|\n|upkeep\n|\n|t:|1701188800\n|switch|p2a: Dragon hunter|Garchomp, M, shiny|100\/100\n|turn|30\n|\n|t:|1701188810\n|switch|p1a: Alomomola|Alomomola, F|100\/100\n|-damage|p1a: Alomomola|88\/100|[from] Stealth Rock\n|move|p2a: Dragon hunter|Outrage|p1a: Alomomola\n|-damage|p1a: Alomomola|51\/100\n|-damage|p2a: Dragon hunter|84\/100|[from] item: Rocky Helmet|[of] p1a: Alomomola\n|\n|upkeep\n|turn|31\n|\n|t:|1701188825\n|move|p2a: Dragon hunter|Outrage|p1a: Alomomola|[from]lockedmove\n|-damage|p1a: Alomomola|12\/100\n|-damage|p2a: Dragon hunter|67\/100|[from] item: Rocky Helmet|[of] p1a: Alomomola\n|-start|p2a: Dragon hunter|confusion|[fatigue]\n|move|p1a: Alomomola|Wish|p1a: Alomomola\n|\n|upkeep\n|turn|32\n|\n|t:|1701188836\n|move|p1a: Alomomola|Protect|p1a: Alomomola\n|-singleturn|p1a: Alomomola|Protect\n|-activate|p2a: Dragon hunter|confusion\n|-damage|p2a: Dragon hunter|51\/100|[from] confusion\n|\n|-heal|p1a: Alomomola|62\/100|[from] move: Wish|[wisher] Alomomola\n|upkeep\n|turn|33\n|\n|t:|1701188845\n|switch|p2a: Chansey|Chansey, F|38\/100\n|move|p1a: Alomomola|Toxic|p2a: Chansey\n|-status|p2a: Chansey|tox\n|\n|-damage|p2a: Chansey|31\/100 tox|[from] psn\n|upkeep\n|turn|34\n|\n|t:|1701188851\n|move|p1a: Alomomola|Flip Turn|p2a: Chansey\n|-damage|p2a: Chansey|21\/100 tox\n|\n|t:|1701188856\n|switch|p1a: Hoopa|Hoopa-Unbound, tera:Dark|100\/100|[from] Flip Turn\n|-damage|p1a: Hoopa|88\/100|[from] Stealth Rock\n|move|p2a: Chansey|Soft-Boiled|p2a: Chansey\n|-heal|p2a: Chansey|71\/100 tox\n|\n|-damage|p2a: Chansey|59\/100 tox|[from] psn\n|upkeep\n|turn|35\n|\n|t:|1701188865\n|-curestatus|p2a: Chansey|tox|[from] ability: Natural Cure\n|switch|p2a: iron-bug|Scizor-Mega, F|91\/100\n|move|p1a: Hoopa|Hyperspace Fury|p2a: iron-bug\n|-damage|p2a: iron-bug|3\/100\n|-unboost|p1a: Hoopa|def|1\n|\n|upkeep\n|turn|36\n|\n|t:|1701188875\n|move|p1a: Hoopa|Hyperspace Fury|p2a: iron-bug\n|-damage|p2a: iron-bug|0 fnt\n|-unboost|p1a: Hoopa|def|1\n|faint|p2a: iron-bug\n|\n|upkeep\n|\n|t:|1701188881\n|switch|p2a: magna|Heatran, M|100\/100\n|turn|37\n|\n|t:|1701188884\n|move|p2a: magna|Earth Power|p1a: Hoopa\n|-damage|p1a: Hoopa|59\/100\n|move|p1a: Hoopa|Hyperspace Fury|p2a: magna\n|-damage|p2a: magna|0 fnt\n|-unboost|p1a: Hoopa|def|1\n|faint|p2a: magna\n|\n|upkeep\n|-message|Sonanta forfeited.\n|\n|win|Gollark\n|raw|Gollark's rating: 1501 &rarr; <strong>1529<\/strong><br \/>(+28 for winning)\n|raw|Sonanta's rating: 1656 &rarr; <strong>1628<\/strong><br \/>(-28 for losing)\n|l|\u2606Gollark\n","uploadtime":1701188909,"views":4,"p1id":"gollark","p2id":"sonanta","formatid":"gen9nationaldex","rating":1529,"private":0,"password":""}