{"id":"gen9nationaldex-1990773831","p1":"Plorb Nation","p2":"NDXPine69","format":"[Gen 9] National Dex","log":"|j|\u2606Plorb Nation\n|j|\u2606NDXPine69\n|t:|1699999511\n|gametype|singles\n|player|p1|Plorb Nation|supernerd|1232\n|player|p2|NDXPine69|scientist|1149\n|teamsize|p1|6\n|teamsize|p2|6\n|gen|9\n|tier|[Gen 9] National Dex\n|rated|\n|rule|HP Percentage Mod: HP is shown in percentages\n|rule|Endless Battle Clause: Forcing endless battles is banned\n|rule|OHKO Clause: OHKO moves are banned\n|rule|Evasion Clause: Evasion abilities, items, and moves are banned\n|rule|Evasion Abilities Clause: Evasion abilities are banned\n|rule|Evasion Items Clause: Evasion items are banned\n|rule|Evasion Moves Clause: Evasion moves are banned\n|rule|Species Clause: Limit one of each Pok\u00e9mon\n|rule|Sleep Clause Mod: Limit one foe put to sleep\n|clearpoke\n|poke|p1|Ursaluna, F|\n|poke|p1|Cresselia, F|\n|poke|p1|Porygon2|\n|poke|p1|Slowking, F|\n|poke|p1|Torkoal, F|\n|poke|p1|Conkeldurr, F|\n|poke|p2|Alomomola, M|\n|poke|p2|Garchomp, M|\n|poke|p2|Rillaboom, M|\n|poke|p2|Heatran, F|\n|poke|p2|Gyarados, M|\n|poke|p2|Zapdos|\n|teampreview\n|inactive|Battle timer is ON: inactive players will automatically lose when time's up. (requested by NDXPine69)\n|\n|t:|1699999534\n|start\n|switch|p1a: Junkmail|Porygon2, shiny|100\/100\n|switch|p2a: Heatran|Heatran, F|100\/100\n|-ability|p1a: Junkmail|Flash Fire|[from] ability: Trace|[of] p2a: Heatran\n|turn|1\n|\n|t:|1699999542\n|switch|p1a: Warpdrive|Slowking, F, shiny|100\/100\n|move|p2a: Heatran|Taunt|p1a: Warpdrive\n|-immune|p1a: Warpdrive|[from] ability: Oblivious\n|\n|upkeep\n|turn|2\n|\n|t:|1699999565\n|move|p2a: Heatran|Taunt|p1a: Warpdrive\n|-immune|p1a: Warpdrive|[from] ability: Oblivious\n|move|p1a: Warpdrive|Trick Room|p1a: Warpdrive\n|-fieldstart|move: Trick Room|[of] p1a: Warpdrive\n|\n|upkeep\n|turn|3\n|\n|t:|1699999574\n|move|p2a: Heatran|Stealth Rock|p1a: Warpdrive\n|-sidestart|p1: Plorb Nation|move: Stealth Rock\n|move|p1a: Warpdrive|Teleport|p1a: Warpdrive\n|\n|t:|1699999588\n|switch|p1a: Mixmaster|Conkeldurr, F, shiny|100\/100|[from] Teleport\n|-damage|p1a: Mixmaster|94\/100|[from] Stealth Rock\n|\n|-status|p1a: Mixmaster|brn|[from] item: Flame Orb\n|upkeep\n|turn|4\n|\n|t:|1699999592\n|switch|p2a: Alomomola|Alomomola, M|100\/100\n|move|p1a: Mixmaster|Defog|p2a: Alomomola\n|-unboost|p2a: Alomomola|evasion|1\n|-sideend|p1: Plorb Nation|Stealth Rock|[from] move: Defog|[of] p1a: Mixmaster\n|\n|-damage|p1a: Mixmaster|88\/100 brn|[from] brn\n|upkeep\n|turn|5\n|\n|t:|1699999600\n|move|p1a: Mixmaster|Knock Off|p2a: Alomomola\n|-damage|p2a: Alomomola|71\/100\n|-damage|p1a: Mixmaster|72\/100 brn|[from] item: Rocky Helmet|[of] p2a: Alomomola\n|-enditem|p2a: Alomomola|Rocky Helmet|[from] move: Knock Off|[of] p1a: Mixmaster\n|move|p2a: Alomomola|Scald|p1a: Mixmaster\n|-damage|p1a: Mixmaster|58\/100 brn\n|\n|-damage|p1a: Mixmaster|52\/100 brn|[from] brn\n|upkeep\n|turn|6\n|\n|t:|1699999607\n|move|p1a: Mixmaster|Drain Punch|p2a: Alomomola\n|-damage|p2a: Alomomola|32\/100\n|-heal|p1a: Mixmaster|77\/100 brn|[from] drain|[of] p2a: Alomomola\n|move|p2a: Alomomola|Flip Turn|p1a: Mixmaster\n|-damage|p1a: Mixmaster|63\/100 brn\n|\n|t:|1699999617\n|switch|p2a: Garchomp|Garchomp, M|100\/100|[from] Flip Turn\n|\n|-damage|p1a: Mixmaster|57\/100 brn|[from] brn\n|-fieldend|move: Trick Room\n|upkeep\n|turn|7\n|\n|t:|1699999623\n|move|p2a: Garchomp|Swords Dance|p2a: Garchomp\n|-boost|p2a: Garchomp|atk|2\n|move|p1a: Mixmaster|Ice Punch|p2a: Garchomp\n|-supereffective|p2a: Garchomp\n|-damage|p2a: Garchomp|0 fnt\n|-damage|p1a: Mixmaster|45\/100 brn|[from] ability: Rough Skin|[of] p2a: Garchomp\n|faint|p2a: Garchomp\n|\n|-damage|p1a: Mixmaster|39\/100 brn|[from] brn\n|upkeep\n|\n|t:|1699999628\n|switch|p2a: Gyarados|Gyarados, M|100\/100\n|-ability|p2a: Gyarados|Intimidate|boost\n|-unboost|p1a: Mixmaster|atk|1\n|turn|8\n|\n|t:|1699999636\n|switch|p1a: Junkmail|Porygon2, shiny|100\/100\n|-ability|p1a: Junkmail|Intimidate|boost\n|-unboost|p2a: Gyarados|atk|1\n|-ability|p1a: Junkmail|Intimidate|[from] ability: Trace|[of] p2a: Gyarados\n|move|p2a: Gyarados|Dragon Dance|p2a: Gyarados\n|-boost|p2a: Gyarados|atk|1\n|-boost|p2a: Gyarados|spe|1\n|\n|upkeep\n|turn|9\n|\n|t:|1699999657\n|detailschange|p2a: Gyarados|Gyarados-Mega, M\n|-mega|p2a: Gyarados|Gyarados|Gyaradosite\n|-ability|p2a: Gyarados|Mold Breaker\n|move|p2a: Gyarados|Waterfall|p1a: Junkmail\n|-damage|p1a: Junkmail|79\/100\n|move|p1a: Junkmail|Trick Room|p1a: Junkmail\n|-fieldstart|move: Trick Room|[of] p1a: Junkmail\n|\n|upkeep\n|turn|10\n|\n|t:|1699999664\n|move|p2a: Gyarados|Waterfall|p1a: Junkmail\n|-damage|p1a: Junkmail|58\/100\n|move|p1a: Junkmail|Teleport|p1a: Junkmail\n|\n|t:|1699999671\n|switch|p1a: Mixmaster|Conkeldurr, F, shiny|39\/100 brn|[from] Teleport\n|\n|-damage|p1a: Mixmaster|33\/100 brn|[from] brn\n|upkeep\n|turn|11\n|\n|t:|1699999675\n|switch|p2a: Zapdos|Zapdos|100\/100\n|-terastallize|p1a: Mixmaster|Fighting\n|move|p1a: Mixmaster|Drain Punch|p2a: Zapdos\n|-resisted|p2a: Zapdos\n|-damage|p2a: Zapdos|57\/100\n|-heal|p1a: Mixmaster|53\/100 brn|[from] drain|[of] p2a: Zapdos\n|\n|-damage|p1a: Mixmaster|47\/100 brn|[from] brn\n|upkeep\n|turn|12\n|\n|t:|1699999684\n|switch|p2a: Alomomola|Alomomola, M|65\/100\n|move|p1a: Mixmaster|Ice Punch|p2a: Alomomola\n|-resisted|p2a: Alomomola\n|-damage|p2a: Alomomola|53\/100\n|\n|-damage|p1a: Mixmaster|41\/100 brn|[from] brn\n|upkeep\n|turn|13\n|\n|t:|1699999688\n|move|p1a: Mixmaster|Drain Punch|p2a: Alomomola\n|-damage|p2a: Alomomola|3\/100\n|-heal|p1a: Mixmaster|73\/100 brn|[from] drain|[of] p2a: Alomomola\n|move|p2a: Alomomola|Flip Turn|p1a: Mixmaster\n|-damage|p1a: Mixmaster|59\/100 brn\n|\n|t:|1699999698\n|switch|p2a: Heatran|Heatran, F|100\/100|[from] Flip Turn\n|\n|-damage|p1a: Mixmaster|53\/100 brn|[from] brn\n|-fieldend|move: Trick Room\n|upkeep\n|turn|14\n|\n|t:|1699999701\n|move|p2a: Heatran|Magma Storm|p1a: Mixmaster\n|-damage|p1a: Mixmaster|1\/100 brn\n|-activate|p1a: Mixmaster|move: Magma Storm|[of] p2a: Heatran\n|move|p1a: Mixmaster|Drain Punch|p2a: Heatran\n|-supereffective|p2a: Heatran\n|-damage|p2a: Heatran|0 fnt\n|-heal|p1a: Mixmaster|48\/100 brn|[from] drain|[of] p2a: Heatran\n|faint|p2a: Heatran\n|\n|-damage|p1a: Mixmaster|42\/100 brn|[from] brn\n|-end|p1a: Mixmaster|Magma Storm|[partiallytrapped]|[silent]\n|upkeep\n|\n|t:|1699999708\n|switch|p2a: Gyarados|Gyarados-Mega, M|100\/100\n|-ability|p2a: Gyarados|Mold Breaker\n|turn|15\n|c|\u2606Plorb Nation|:^D\n|\n|t:|1699999721\n|move|p2a: Gyarados|Waterfall|p1a: Mixmaster\n|-damage|p1a: Mixmaster|0 fnt\n|faint|p1a: Mixmaster\n|\n|upkeep\n|\n|t:|1699999730\n|switch|p1a: Lunar Landlord|Cresselia, F|100\/100\n|turn|16\n|c|\u2606NDXPine69|emoji using ass hah\n|\n|t:|1699999742\n|move|p2a: Gyarados|Crunch|p1a: Lunar Landlord\n|-supereffective|p1a: Lunar Landlord\n|-enditem|p1a: Lunar Landlord|Colbur Berry|[eat]\n|-enditem|p1a: Lunar Landlord|Colbur Berry|[weaken]\n|-damage|p1a: Lunar Landlord|66\/100\n|move|p1a: Lunar Landlord|Trick Room|p1a: Lunar Landlord\n|-fieldstart|move: Trick Room|[of] p1a: Lunar Landlord\n|\n|upkeep\n|turn|17\n|c|\u2606Plorb Nation|hehehe\n|\n|t:|1699999756\n|move|p1a: Lunar Landlord|Lunar Dance|p1a: Lunar Landlord\n|faint|p1a: Lunar Landlord\n|move|p2a: Gyarados|Dragon Dance|p2a: Gyarados\n|-boost|p2a: Gyarados|atk|1\n|-boost|p2a: Gyarados|spe|1\n|\n|upkeep\n|\n|t:|1699999766\n|switch|p1a: Baronstine|Ursaluna, F|100\/100\n|turn|18\n|\n|t:|1699999780\n|move|p1a: Baronstine|Headlong Rush|p2a: Gyarados\n|-damage|p2a: Gyarados|37\/100\n|-unboost|p1a: Baronstine|def|1\n|-unboost|p1a: Baronstine|spd|1\n|move|p2a: Gyarados|Waterfall|p1a: Baronstine\n|-supereffective|p1a: Baronstine\n|-damage|p1a: Baronstine|0 fnt\n|faint|p1a: Baronstine\n|\n|upkeep\n|\n|t:|1699999788\n|switch|p1a: Testudo|Torkoal, F|100\/100\n|-weather|SunnyDay|[from] ability: Drought|[of] p1a: Testudo\n|turn|19\n|\n|t:|1699999794\n|switch|p2a: Zapdos|Zapdos|57\/100\n|move|p1a: Testudo|Eruption|p2a: Zapdos\n|-damage|p2a: Zapdos|0 fnt\n|faint|p2a: Zapdos\n|\n|-weather|SunnyDay|[upkeep]\n|upkeep\n|\n|t:|1699999801\n|switch|p2a: Rillaboom|Rillaboom, M|100\/100\n|-fieldstart|move: Grassy Terrain|[from] ability: Grassy Surge|[of] p2a: Rillaboom\n|turn|20\n|\n|t:|1699999805\n|move|p2a: Rillaboom|Fake Out|p1a: Testudo\n|-damage|p1a: Testudo|90\/100\n|cant|p1a: Testudo|flinch\n|\n|-weather|SunnyDay|[upkeep]\n|-heal|p1a: Testudo|96\/100|[from] Grassy Terrain\n|-fieldend|move: Trick Room\n|upkeep\n|turn|21\n|\n|t:|1699999810\n|move|p2a: Rillaboom|Leech Seed|p1a: Testudo\n|-start|p1a: Testudo|move: Leech Seed\n|move|p1a: Testudo|Eruption|p2a: Rillaboom\n|-supereffective|p2a: Rillaboom\n|-damage|p2a: Rillaboom|0 fnt\n|faint|p2a: Rillaboom\n|\n|-weather|SunnyDay|[upkeep]\n|-heal|p1a: Testudo|100\/100|[from] Grassy Terrain\n|upkeep\n|\n|t:|1699999813\n|switch|p2a: Alomomola|Alomomola, M|36\/100\n|turn|22\n|\n|t:|1699999832\n|move|p2a: Alomomola|Wish|p2a: Alomomola\n|move|p1a: Testudo|Eruption|p2a: Alomomola\n|-resisted|p2a: Alomomola\n|-damage|p2a: Alomomola|0 fnt\n|faint|p2a: Alomomola\n|\n|-weather|SunnyDay|[upkeep]\n|upkeep\n|\n|t:|1699999835\n|switch|p2a: Gyarados|Gyarados-Mega, M|37\/100\n|-ability|p2a: Gyarados|Mold Breaker\n|turn|23\n|\n|t:|1699999851\n|move|p2a: Gyarados|Waterfall|p1a: Testudo\n|-supereffective|p1a: Testudo\n|-damage|p1a: Testudo|67\/100\n|cant|p1a: Testudo|flinch\n|\n|-weather|none\n|-heal|p2a: Gyarados|100\/100|[from] move: Wish|[wisher] Alomomola\n|-heal|p1a: Testudo|73\/100|[from] Grassy Terrain\n|-damage|p1a: Testudo|61\/100|[from] Leech Seed|[of] p2a: Gyarados\n|upkeep\n|turn|24\n|\n|t:|1699999863\n|switch|p1a: Junkmail|Porygon2, shiny|58\/100\n|-heal|p1a: Junkmail|100\/100|[from] move: Lunar Dance\n|-ability|p1a: Junkmail|Mold Breaker\n|-ability|p1a: Junkmail|Mold Breaker|[from] ability: Trace|[of] p2a: Gyarados\n|move|p2a: Gyarados|Dragon Dance|p2a: Gyarados\n|-boost|p2a: Gyarados|atk|1\n|-boost|p2a: Gyarados|spe|1\n|\n|-fieldend|move: Grassy Terrain\n|upkeep\n|turn|25\n|\n|t:|1699999871\n|move|p2a: Gyarados|Waterfall|p1a: Junkmail\n|-damage|p1a: Junkmail|68\/100\n|move|p1a: Junkmail|Trick Room|p1a: Junkmail\n|-fieldstart|move: Trick Room|[of] p1a: Junkmail\n|\n|upkeep\n|turn|26\n|\n|t:|1699999890\n|move|p2a: Gyarados|Dragon Dance|p2a: Gyarados\n|-boost|p2a: Gyarados|atk|1\n|-boost|p2a: Gyarados|spe|1\n|move|p1a: Junkmail|Teleport|p1a: Junkmail\n|\n|t:|1699999896\n|switch|p1a: Testudo|Torkoal, F|61\/100|[from] Teleport\n|-weather|SunnyDay|[from] ability: Drought|[of] p1a: Testudo\n|\n|-weather|SunnyDay|[upkeep]\n|upkeep\n|turn|27\n|\n|t:|1699999902\n|move|p1a: Testudo|Weather Ball|p2a: Gyarados\n|-resisted|p2a: Gyarados\n|-damage|p2a: Gyarados|61\/100\n|move|p2a: Gyarados|Earthquake|p1a: Testudo\n|-supereffective|p1a: Testudo\n|-damage|p1a: Testudo|0 fnt\n|faint|p1a: Testudo\n|\n|-weather|SunnyDay|[upkeep]\n|upkeep\n|inactive|Plorb Nation has 120 seconds left.\n|\n|t:|1699999948\n|switch|p1a: Junkmail|Porygon2, shiny|68\/100\n|-ability|p1a: Junkmail|Mold Breaker\n|-ability|p1a: Junkmail|Mold Breaker|[from] ability: Trace|[of] p2a: Gyarados\n|turn|28\n|\n|t:|1699999951\n|move|p1a: Junkmail|Foul Play|p2a: Gyarados\n|-resisted|p2a: Gyarados\n|-damage|p2a: Gyarados|27\/100\n|move|p2a: Gyarados|Crunch|p1a: Junkmail\n|-damage|p1a: Junkmail|23\/100\n|\n|-weather|SunnyDay|[upkeep]\n|upkeep\n|turn|29\n|\n|t:|1699999956\n|move|p1a: Junkmail|Foul Play|p2a: Gyarados\n|-resisted|p2a: Gyarados\n|-damage|p2a: Gyarados|0 fnt\n|faint|p2a: Gyarados\n|\n|win|Plorb Nation\n|raw|Plorb Nation's rating: 1232 &rarr; <strong>1251<\/strong><br \/>(+19 for winning)\n|raw|NDXPine69's rating: 1149 &rarr; <strong>1130<\/strong><br \/>(-19 for losing)\n|l|\u2606NDXPine69\n|l|\u2606Plorb Nation\n|j|\u2606Plorb Nation\n|player|p1|Plorb Nation|supernerd\n","uploadtime":1700000032,"views":4,"p1id":"plorbnation","p2id":"ndxpine69","formatid":"gen9nationaldex","rating":1130,"private":0,"password":""}