{"id":"gen9nationaldex-1992415056","p1":"potatotime486","p2":"akyraaiko","format":"[Gen 9] National Dex","log":"|j|\u2606potatotime486\n|j|\u2606akyraaiko\n|t:|1700184872\n|gametype|singles\n|player|p1|potatotime486|harlequin|1059\n|player|p2|akyraaiko|266|1121\n|teamsize|p1|6\n|teamsize|p2|6\n|gen|9\n|tier|[Gen 9] National Dex\n|rated|\n|rule|HP Percentage Mod: HP is shown in percentages\n|rule|Endless Battle Clause: Forcing endless battles is banned\n|rule|OHKO Clause: OHKO moves are banned\n|rule|Evasion Clause: Evasion abilities, items, and moves are banned\n|rule|Evasion Abilities Clause: Evasion abilities are banned\n|rule|Evasion Items Clause: Evasion items are banned\n|rule|Evasion Moves Clause: Evasion moves are banned\n|rule|Species Clause: Limit one of each Pok\u00e9mon\n|rule|Sleep Clause Mod: Limit one foe put to sleep\n|clearpoke\n|poke|p1|Dipplin, M|\n|poke|p1|Sinistcha-Masterpiece|\n|poke|p1|Fezandipiti, M|\n|poke|p1|Ogerpon-Cornerstone, F|\n|poke|p1|Garchomp, F|\n|poke|p1|Corviknight, F|\n|poke|p2|Tapu Koko|\n|poke|p2|Aerodactyl, M|\n|poke|p2|Iron Moth|\n|poke|p2|Urshifu-*, F|\n|poke|p2|Zoroark-Hisui, M|\n|poke|p2|Lycanroc-Dusk, F|\n|teampreview\n|c|\u2606potatotime486|hello\n|c|\u2606akyraaiko|helloo\n|\n|t:|1700184884\n|start\n|switch|p1a: Fezandipiti|Fezandipiti, M|100\/100\n|switch|p2a: Tapu Koko|Tapu Koko, shiny|100\/100\n|-fieldstart|move: Electric Terrain|[from] ability: Electric Surge|[of] p2a: Tapu Koko\n|turn|1\n|\n|t:|1700184893\n|move|p2a: Tapu Koko|U-turn|p1a: Fezandipiti\n|-resisted|p1a: Fezandipiti\n|-damage|p1a: Fezandipiti|95\/100\n|\n|t:|1700184897\n|switch|p2a: Tapu Koko|Tapu Koko, shiny|100\/100|[from] U-turn\n|move|p1a: Fezandipiti|Tailwind|p1a: Fezandipiti\n|-sidestart|p1: potatotime486|move: Tailwind\n|\n|upkeep\n|turn|2\n|c|\u2606potatotime486|huh?\n|c|\u2606potatotime486|ohhhhhhhhh zorua\n|c|\u2606akyraaiko|hahaahah yess\n|c|\u2606potatotime486|zoroark i mean\n|\n|t:|1700184924\n|move|p1a: Fezandipiti|Acrobatics|p2a: Tapu Koko\n|-damage|p2a: Tapu Koko|31\/100\n|replace|p2a: who?|Zoroark-Hisui, M, shiny\n|-end|p2a: who?|Illusion\n|move|p2a: who?|Bitter Malice|p1a: Fezandipiti\n|-damage|p1a: Fezandipiti|38\/100\n|-unboost|p1a: Fezandipiti|atk|1\n|\n|upkeep\n|turn|3\n|c|\u2606akyraaiko|i though he will ilussion with other poke\n|\n|t:|1700184940\n|move|p1a: Fezandipiti|Acrobatics|p2a: who?\n|-damage|p2a: who?|0 fnt\n|faint|p2a: who?\n|\n|upkeep\n|c|\u2606potatotime486|its always illusion to last pokemon in the party\n|c|\u2606potatotime486|and tapu koko is last so tje illusion will go to tapu koko\n|c|\u2606akyraaiko|ohh thanks\n|\n|t:|1700184979\n|switch|p2a: roger guedes|Urshifu-Rapid-Strike, F|100\/100\n|turn|4\n|\n|t:|1700184990\n|move|p1a: Fezandipiti|Acrobatics|p2a: roger guedes\n|-supereffective|p2a: roger guedes\n|-damage|p2a: roger guedes|60\/100\n|move|p2a: roger guedes|Ice Spinner|p1a: Fezandipiti\n|-crit|p1a: Fezandipiti\n|-damage|p1a: Fezandipiti|0 fnt\n|-fieldend|move: Electric Terrain\n|faint|p1a: Fezandipiti\n|\n|-sideend|p1: potatotime486|move: Tailwind\n|upkeep\n|\n|t:|1700185002\n|switch|p1a: Sinistcha|Sinistcha-Masterpiece|100\/100\n|turn|5\n|\n|t:|1700185005\n|move|p2a: roger guedes|Ice Spinner|p1a: Sinistcha\n|-supereffective|p1a: Sinistcha\n|-damage|p1a: Sinistcha|14\/100\n|-damage|p2a: roger guedes|44\/100|[from] item: Rocky Helmet|[of] p1a: Sinistcha\n|move|p1a: Sinistcha|Matcha Gotcha|p2a: roger guedes\n|-supereffective|p2a: roger guedes\n|-damage|p2a: roger guedes|0 fnt\n|-heal|p1a: Sinistcha|40\/100|[from] drain|[of] p2a: roger guedes\n|faint|p2a: roger guedes\n|\n|upkeep\n|\n|t:|1700185014\n|switch|p2a: Aerodactyl|Aerodactyl, M|100\/100\n|turn|6\n|\n|t:|1700185020\n|detailschange|p2a: Aerodactyl|Aerodactyl-Mega, M\n|-mega|p2a: Aerodactyl|Aerodactyl|Aerodactylite\n|move|p2a: Aerodactyl|Dual Wingbeat|p1a: Sinistcha\n|-supereffective|p1a: Sinistcha\n|-damage|p1a: Sinistcha|0 fnt\n|-damage|p2a: Aerodactyl|84\/100|[from] item: Rocky Helmet|[of] p1a: Sinistcha\n|faint|p1a: Sinistcha\n|-hitcount|p1: Sinistcha|1\n|\n|upkeep\n|\n|t:|1700185034\n|switch|p1a: Ogerpon|Ogerpon-Cornerstone, F|100\/100\n|turn|7\n|\n|t:|1700185041\n|move|p2a: Aerodactyl|Dual Wingbeat|p1a: Ogerpon\n|-damage|p1a: Ogerpon|62\/100\n|-damage|p1a: Ogerpon|26\/100\n|-hitcount|p1a: Ogerpon|2\n|move|p1a: Ogerpon|Ivy Cudgel|p2a: Aerodactyl|[anim] Ivy Cudgel Rock\n|-supereffective|p2a: Aerodactyl\n|-crit|p2a: Aerodactyl\n|-damage|p2a: Aerodactyl|0 fnt\n|faint|p2a: Aerodactyl\n|\n|upkeep\n|\n|t:|1700185046\n|switch|p2a: el lobo|Lycanroc-Dusk, F, shiny|100\/100\n|turn|8\n|\n|t:|1700185055\n|move|p2a: el lobo|Crunch|p1a: Ogerpon\n|-damage|p1a: Ogerpon|0 fnt\n|faint|p1a: Ogerpon\n|\n|upkeep\n|\n|t:|1700185065\n|switch|p1a: Garchomp|Garchomp, F|100\/100\n|turn|9\n|c|\u2606potatotime486|garchomp\n|c|\u2606potatotime486|kill them all\n|\n|t:|1700185076\n|detailschange|p1a: Garchomp|Garchomp-Mega, F\n|-mega|p1a: Garchomp|Garchomp|Garchompite\n|move|p2a: el lobo|Crunch|p1a: Garchomp\n|-damage|p1a: Garchomp|61\/100\n|move|p1a: Garchomp|Earthquake|p2a: el lobo\n|-supereffective|p2a: el lobo\n|-damage|p2a: el lobo|0 fnt\n|faint|p2a: el lobo\n|\n|upkeep\n|\n|t:|1700185082\n|switch|p2a: Tapu Koko|Tapu Koko, shiny|100\/100\n|-fieldstart|move: Electric Terrain|[from] ability: Electric Surge|[of] p2a: Tapu Koko\n|turn|10\n|\n|t:|1700185090\n|-terastallize|p2a: Tapu Koko|Grass\n|move|p2a: Tapu Koko|Dazzling Gleam|p1a: Garchomp\n|-supereffective|p1a: Garchomp\n|-damage|p1a: Garchomp|0 fnt\n|faint|p1a: Garchomp\n|\n|upkeep\n|c|\u2606akyraaiko|i dont think so\n|c|\u2606potatotime486|ah crap\n|\n|t:|1700185098\n|switch|p1a: Corviknight|Corviknight, F, shiny|100\/100\n|turn|11\n|c|\u2606akyraaiko|hahahah\n|\n|t:|1700185104\n|move|p2a: Tapu Koko|Thunderbolt|p1a: Corviknight\n|-supereffective|p1a: Corviknight\n|-damage|p1a: Corviknight|13\/100\n|move|p1a: Corviknight|Brave Bird|p2a: Tapu Koko\n|-supereffective|p2a: Tapu Koko\n|-damage|p2a: Tapu Koko|0 fnt\n|faint|p2a: Tapu Koko\n|-damage|p1a: Corviknight|0 fnt|[from] Recoil\n|faint|p1a: Corviknight\n|\n|upkeep\n|c|\u2606potatotime486|b i r d\n|\n|t:|1700185113\n|switch|p2a: sol|Iron Moth|100\/100\n|switch|p1a: dippy|Dipplin, M, shiny|100\/100\n|-activate|p2a: sol|ability: Quark Drive\n|-start|p2a: sol|quarkdrivespe\n|-ability|p1a: dippy|Supersweet Syrup\n|-ability|p1a: dippy|Supersweet Syrup|boost\n|-unboost|p2a: sol|evasion|1\n|turn|12\n|c|\u2606potatotime486|DIPPY\n|c|\u2606akyraaiko|one x one\n|c|\u2606potatotime486|DO WHAT YOU MUST\n|\n|t:|1700185127\n|-terastallize|p1a: dippy|Water\n|move|p2a: sol|Dazzling Gleam|p1a: dippy\n|-damage|p1a: dippy|72\/100\n|move|p1a: dippy|Tera Blast|p2a: sol|[anim] Tera Blast Water\n|-supereffective|p2a: sol\n|-damage|p2a: sol|27\/100\n|\n|-heal|p1a: dippy|78\/100|[from] item: Leftovers\n|upkeep\n|turn|13\n|c|\u2606akyraaiko|OMG\n|\n|t:|1700185136\n|move|p2a: sol|Energy Ball|p1a: dippy\n|-supereffective|p1a: dippy\n|-damage|p1a: dippy|8\/100\n|move|p1a: dippy|Tera Blast|p2a: sol|[anim] Tera Blast Water\n|-supereffective|p2a: sol\n|-damage|p2a: sol|0 fnt\n|faint|p2a: sol\n|-end|p2a: sol|Quark Drive|[silent]\n|\n|win|potatotime486\n|raw|potatotime486's rating: 1059 &rarr; <strong>1096<\/strong><br \/>(+37 for winning)\n|raw|akyraaiko's rating: 1121 &rarr; <strong>1092<\/strong><br \/>(-29 for losing)\n|c|\u2606akyraaiko|noooo\n|c|\u2606potatotime486|TERASTALISE\n","uploadtime":1700185142,"views":7,"p1id":"potatotime486","p2id":"akyraaiko","formatid":"gen9nationaldex","rating":1092,"private":0,"password":""}