{"id":"gen9nationaldex-1990009104","p1":"chessguru101","p2":"luccs.xx","format":"[Gen 9] National Dex","log":"|j|\u2606chessguru101\n|j|\u2606luccs.xx\n|t:|1699914959\n|gametype|singles\n|player|p1|chessguru101|265|1351\n|player|p2|luccs.xx|2|1360\n|teamsize|p1|6\n|teamsize|p2|6\n|gen|9\n|tier|[Gen 9] National Dex\n|rated|\n|rule|HP Percentage Mod: HP is shown in percentages\n|rule|Endless Battle Clause: Forcing endless battles is banned\n|rule|OHKO Clause: OHKO moves are banned\n|rule|Evasion Clause: Evasion abilities, items, and moves are banned\n|rule|Evasion Abilities Clause: Evasion abilities are banned\n|rule|Evasion Items Clause: Evasion items are banned\n|rule|Evasion Moves Clause: Evasion moves are banned\n|rule|Species Clause: Limit one of each Pok\u00e9mon\n|rule|Sleep Clause Mod: Limit one foe put to sleep\n|clearpoke\n|poke|p1|Tornadus-Therian, M|\n|poke|p1|Toxapex, F|\n|poke|p1|Skeledirge, M|\n|poke|p1|Garganacl, F|\n|poke|p1|Hippowdon, M|\n|poke|p1|Tangrowth, F|\n|poke|p2|Blissey, F|\n|poke|p2|Slowbro, F|\n|poke|p2|Iron Valiant|\n|poke|p2|Gliscor, M|\n|poke|p2|Tapu Koko|\n|poke|p2|Scizor, F|\n|teampreview\n|inactive|Battle timer is ON: inactive players will automatically lose when time's up. (requested by chessguru101)\n|\n|t:|1699914980\n|start\n|switch|p1a: Hippowdon|Hippowdon, M|100\/100\n|switch|p2a: Tapu Koko|Tapu Koko|100\/100\n|-fieldstart|move: Electric Terrain|[from] ability: Electric Surge|[of] p2a: Tapu Koko\n|-weather|Sandstorm|[from] ability: Sand Stream|[of] p1a: Hippowdon\n|turn|1\n|\n|t:|1699914988\n|switch|p2a: Gliscor|Gliscor, M|100\/100\n|move|p1a: Hippowdon|Stealth Rock|p2a: Gliscor\n|-sidestart|p2: luccs.xx|move: Stealth Rock\n|\n|-weather|Sandstorm|[upkeep]\n|-status|p2a: Gliscor|tox|[from] item: Toxic Orb\n|upkeep\n|turn|2\n|\n|t:|1699915006\n|switch|p1a: Garganacl|Garganacl, F|100\/100\n|move|p2a: Gliscor|Knock Off|p1a: Garganacl\n|-damage|p1a: Garganacl|87\/100\n|-enditem|p1a: Garganacl|Leftovers|[from] move: Knock Off|[of] p2a: Gliscor\n|\n|-weather|Sandstorm|[upkeep]\n|upkeep\n|turn|3\n|\n|t:|1699915019\n|move|p2a: Gliscor|Earthquake|p1a: Garganacl\n|-supereffective|p1a: Garganacl\n|-damage|p1a: Garganacl|38\/100\n|move|p1a: Garganacl|Salt Cure|p2a: Gliscor\n|-damage|p2a: Gliscor|90\/100 tox\n|-start|p2a: Gliscor|Salt Cure\n|\n|-weather|Sandstorm|[upkeep]\n|-heal|p2a: Gliscor|100\/100 tox|[from] ability: Poison Heal\n|-damage|p2a: Gliscor|88\/100 tox|[from] Salt Cure\n|upkeep\n|turn|4\n|\n|t:|1699915028\n|switch|p1a: Tangrowth|Tangrowth, F|100\/100\n|move|p2a: Gliscor|Earthquake|p1a: Tangrowth\n|-resisted|p1a: Tangrowth\n|-damage|p1a: Tangrowth|90\/100\n|\n|-weather|Sandstorm|[upkeep]\n|-damage|p1a: Tangrowth|83\/100|[from] Sandstorm\n|-heal|p2a: Gliscor|100\/100 tox|[from] ability: Poison Heal\n|-damage|p2a: Gliscor|88\/100 tox|[from] Salt Cure\n|upkeep\n|turn|5\n|inactive|luccs.xx has 120 seconds left.\n|\n|t:|1699915062\n|switch|p2a: Blissey|Blissey, F|100\/100\n|move|p1a: Tangrowth|Leaf Storm|p2a: Blissey\n|-damage|p2a: Blissey|74\/100\n|-unboost|p1a: Tangrowth|spa|2\n|\n|-weather|none\n|-fieldend|move: Electric Terrain\n|upkeep\n|turn|6\n|\n|t:|1699915074\n|switch|p1a: Toxapex|Toxapex, F|100\/100\n|move|p2a: Blissey|Toxic|p1a: Toxapex\n|-immune|p1a: Toxapex\n|\n|upkeep\n|turn|7\n|\n|t:|1699915088\n|switch|p2a: Slowbro|Slowbro, F|100\/100\n|move|p1a: Toxapex|Knock Off|p2a: Slowbro\n|-supereffective|p2a: Slowbro\n|-damage|p2a: Slowbro|83\/100\n|-enditem|p2a: Slowbro|Heavy-Duty Boots|[from] move: Knock Off|[of] p1a: Toxapex\n|\n|upkeep\n|turn|8\n|\n|t:|1699915099\n|switch|p1a: Tornadus|Tornadus-Therian, M|100\/100\n|move|p2a: Slowbro|Future Sight|p1a: Tornadus\n|-start|p2a: Slowbro|move: Future Sight\n|\n|upkeep\n|turn|9\n|\n|t:|1699915108\n|move|p1a: Tornadus|U-turn|p2a: Slowbro\n|-supereffective|p2a: Slowbro\n|-damage|p2a: Slowbro|65\/100\n|\n|t:|1699915116\n|switch|p1a: Tangrowth|Tangrowth, F|100\/100|[from] U-turn\n|move|p2a: Slowbro|Teleport|p2a: Slowbro\n|inactive|luccs.xx has 120 seconds left.\n|\n|t:|1699915154\n|switch|p2a: Blissey|Blissey, F|74\/100|[from] Teleport\n|\n|upkeep\n|turn|10\n|\n|t:|1699915167\n|switch|p1a: Toxapex|Toxapex, F|100\/100\n|move|p2a: Blissey|Teleport|p2a: Blissey\n|\n|t:|1699915171\n|switch|p2a: Gliscor|Gliscor, M|88\/100 tox|[from] Teleport\n|-damage|p2a: Gliscor|76\/100 tox|[from] Stealth Rock\n|\n|-end|p1a: Toxapex|move: Future Sight\n|-supereffective|p1a: Toxapex\n|-damage|p1a: Toxapex|49\/100\n|-heal|p2a: Gliscor|88\/100 tox|[from] ability: Poison Heal\n|upkeep\n|turn|11\n|\n|t:|1699915185\n|switch|p1a: Tornadus|Tornadus-Therian, M|100\/100\n|move|p2a: Gliscor|Spikes|p1a: Tornadus\n|-sidestart|p1: chessguru101|Spikes\n|\n|-heal|p2a: Gliscor|100\/100 tox|[from] ability: Poison Heal\n|upkeep\n|turn|12\n|\n|t:|1699915204\n|move|p1a: Tornadus|Knock Off|p2a: Gliscor\n|-damage|p2a: Gliscor|84\/100 tox\n|-enditem|p2a: Gliscor|Toxic Orb|[from] move: Knock Off|[of] p1a: Tornadus\n|move|p2a: Gliscor|Spikes|p1a: Tornadus\n|-sidestart|p1: chessguru101|Spikes\n|\n|-heal|p2a: Gliscor|97\/100 tox|[from] ability: Poison Heal\n|upkeep\n|turn|13\n|\n|t:|1699915213\n|move|p1a: Tornadus|Bleakwind Storm|p2a: Gliscor\n|-damage|p2a: Gliscor|65\/100 tox\n|move|p2a: Gliscor|Knock Off|p1a: Tornadus\n|-damage|p1a: Tornadus|78\/100\n|-enditem|p1a: Tornadus|Heavy-Duty Boots|[from] move: Knock Off|[of] p2a: Gliscor\n|\n|-heal|p2a: Gliscor|77\/100 tox|[from] ability: Poison Heal\n|upkeep\n|turn|14\n|\n|t:|1699915226\n|move|p1a: Tornadus|Defog|p2a: Gliscor\n|-unboost|p2a: Gliscor|evasion|1\n|-sideend|p2: luccs.xx|Stealth Rock|[from] move: Defog|[of] p1a: Tornadus\n|-sideend|p1: chessguru101|Spikes|[from] move: Defog|[of] p1a: Tornadus\n|move|p2a: Gliscor|Spikes|p1a: Tornadus\n|-sidestart|p1: chessguru101|Spikes\n|\n|-heal|p2a: Gliscor|90\/100 tox|[from] ability: Poison Heal\n|upkeep\n|turn|15\n|\n|t:|1699915231\n|switch|p2a: Tapu Koko|Tapu Koko|100\/100\n|-fieldstart|move: Electric Terrain|[from] ability: Electric Surge|[of] p2a: Tapu Koko\n|move|p1a: Tornadus|U-turn|p2a: Tapu Koko\n|-resisted|p2a: Tapu Koko\n|-damage|p2a: Tapu Koko|90\/100\n|\n|t:|1699915241\n|switch|p1a: Skeledirge|Skeledirge, M|100\/100|[from] U-turn\n|\n|upkeep\n|turn|16\n|\n|t:|1699915246\n|move|p2a: Tapu Koko|Thunderbolt|p1a: Skeledirge\n|-damage|p1a: Skeledirge|52\/100\n|move|p1a: Skeledirge|Torch Song|p2a: Tapu Koko\n|-damage|p2a: Tapu Koko|45\/100\n|-boost|p1a: Skeledirge|spa|1\n|\n|upkeep\n|turn|17\n|\n|t:|1699915250\n|move|p2a: Tapu Koko|Volt Switch|p1a: Skeledirge\n|-damage|p1a: Skeledirge|15\/100\n|\n|t:|1699915253\n|switch|p2a: Blissey|Blissey, F|74\/100|[from] Volt Switch\n|move|p1a: Skeledirge|Torch Song|p2a: Blissey\n|-damage|p2a: Blissey|60\/100\n|-boost|p1a: Skeledirge|spa|1\n|\n|upkeep\n|turn|18\n|\n|t:|1699915261\n|move|p1a: Skeledirge|Slack Off|p1a: Skeledirge\n|-heal|p1a: Skeledirge|65\/100\n|move|p2a: Blissey|Teleport|p2a: Blissey\n|\n|t:|1699915264\n|switch|p2a: Tapu Koko|Tapu Koko|45\/100|[from] Teleport\n|\n|upkeep\n|turn|19\n|\n|t:|1699915270\n|move|p2a: Tapu Koko|Volt Switch|p1a: Skeledirge\n|-damage|p1a: Skeledirge|29\/100\n|\n|t:|1699915272\n|switch|p2a: Blissey|Blissey, F|60\/100|[from] Volt Switch\n|move|p1a: Skeledirge|Slack Off|p1a: Skeledirge\n|-heal|p1a: Skeledirge|79\/100\n|\n|-fieldend|move: Electric Terrain\n|upkeep\n|turn|20\n|\n|t:|1699915278\n|switch|p1a: Toxapex|Toxapex, F|82\/100\n|move|p2a: Blissey|Soft-Boiled|p2a: Blissey\n|-heal|p2a: Blissey|100\/100\n|\n|upkeep\n|turn|21\n|\n|t:|1699915283\n|move|p1a: Toxapex|Knock Off|p2a: Blissey\n|-damage|p2a: Blissey|72\/100\n|-enditem|p2a: Blissey|Heavy-Duty Boots|[from] move: Knock Off|[of] p1a: Toxapex\n|move|p2a: Blissey|Teleport|p2a: Blissey\n|\n|t:|1699915287\n|switch|p2a: Gliscor|Gliscor, M|90\/100 tox|[from] Teleport\n|\n|-heal|p2a: Gliscor|100\/100 tox|[from] ability: Poison Heal\n|upkeep\n|turn|22\n|\n|t:|1699915310\n|switch|p1a: Tornadus|Tornadus-Therian, M|100\/100\n|move|p2a: Gliscor|Earthquake|p1a: Tornadus\n|-immune|p1a: Tornadus\n|\n|upkeep\n|turn|23\n|\n|t:|1699915317\n|switch|p1a: Tangrowth|Tangrowth, F|100\/100\n|-damage|p1a: Tangrowth|88\/100|[from] Spikes\n|switch|p2a: Tapu Koko|Tapu Koko|45\/100\n|-fieldstart|move: Electric Terrain|[from] ability: Electric Surge|[of] p2a: Tapu Koko\n|\n|upkeep\n|turn|24\n|\n|t:|1699915329\n|switch|p2a: Blissey|Blissey, F|72\/100\n|move|p1a: Tangrowth|Sludge Bomb|p2a: Blissey\n|-damage|p2a: Blissey|59\/100\n|-status|p2a: Blissey|psn\n|\n|-damage|p2a: Blissey|47\/100 psn|[from] psn\n|upkeep\n|turn|25\n|\n|t:|1699915337\n|switch|p1a: Toxapex|Toxapex, F|100\/100\n|move|p2a: Blissey|Soft-Boiled|p2a: Blissey\n|-heal|p2a: Blissey|97\/100 psn\n|\n|-damage|p2a: Blissey|84\/100 psn|[from] psn\n|upkeep\n|turn|26\n|\n|t:|1699915345\n|switch|p1a: Tornadus|Tornadus-Therian, M|100\/100\n|move|p2a: Blissey|Teleport|p2a: Blissey\n|\n|t:|1699915348\n|-curestatus|p2a: Blissey|psn|[from] ability: Natural Cure\n|switch|p2a: Tapu Koko|Tapu Koko|45\/100|[from] Teleport\n|\n|upkeep\n|turn|27\n|\n|t:|1699915361\n|switch|p2a: Gliscor|Gliscor, M|100\/100 tox\n|switch|p1a: Hippowdon|Hippowdon, M|100\/100\n|-damage|p1a: Hippowdon|88\/100|[from] Spikes\n|-weather|Sandstorm|[from] ability: Sand Stream|[of] p1a: Hippowdon\n|\n|-weather|Sandstorm|[upkeep]\n|-heal|p1a: Hippowdon|94\/100|[from] item: Leftovers\n|-fieldend|move: Electric Terrain\n|upkeep\n|turn|28\n|\n|t:|1699915368\n|move|p2a: Gliscor|Knock Off|p1a: Hippowdon\n|-damage|p1a: Hippowdon|80\/100\n|-enditem|p1a: Hippowdon|Leftovers|[from] move: Knock Off|[of] p2a: Gliscor\n|move|p1a: Hippowdon|Stealth Rock|p2a: Gliscor\n|-sidestart|p2: luccs.xx|move: Stealth Rock\n|\n|-weather|Sandstorm|[upkeep]\n|upkeep\n|turn|29\n|\n|t:|1699915373\n|switch|p1a: Tornadus|Tornadus-Therian, M|100\/100\n|move|p2a: Gliscor|Spikes|p1a: Tornadus\n|-sidestart|p1: chessguru101|Spikes\n|\n|-weather|Sandstorm|[upkeep]\n|-damage|p1a: Tornadus|94\/100|[from] Sandstorm\n|upkeep\n|turn|30\n|\n|t:|1699915377\n|move|p1a: Tornadus|Defog|p2a: Gliscor\n|-unboost|p2a: Gliscor|evasion|1\n|-sideend|p2: luccs.xx|Stealth Rock|[from] move: Defog|[of] p1a: Tornadus\n|-sideend|p1: chessguru101|Spikes|[from] move: Defog|[of] p1a: Tornadus\n|move|p2a: Gliscor|Spikes|p1a: Tornadus\n|-sidestart|p1: chessguru101|Spikes\n|\n|-weather|Sandstorm|[upkeep]\n|-damage|p1a: Tornadus|88\/100|[from] Sandstorm\n|upkeep\n|turn|31\n|\n|t:|1699915385\n|switch|p1a: Tangrowth|Tangrowth, F|100\/100\n|-damage|p1a: Tangrowth|88\/100|[from] Spikes\n|move|p2a: Gliscor|Spikes|p1a: Tangrowth\n|-sidestart|p1: chessguru101|Spikes\n|\n|-weather|none\n|upkeep\n|turn|32\n|\n|t:|1699915390\n|switch|p2a: Blissey|Blissey, F|84\/100\n|move|p1a: Tangrowth|Earthquake|p2a: Blissey\n|-damage|p2a: Blissey|37\/100\n|\n|upkeep\n|turn|33\n|\n|t:|1699915397\n|switch|p2a: Gliscor|Gliscor, M|100\/100 tox\n|move|p1a: Tangrowth|Earthquake|p2a: Gliscor\n|-immune|p2a: Gliscor\n|\n|upkeep\n|turn|34\n|\n|t:|1699915401\n|switch|p1a: Tornadus|Tornadus-Therian, M|100\/100\n|move|p2a: Gliscor|Knock Off|p1a: Tornadus\n|-damage|p1a: Tornadus|86\/100\n|\n|upkeep\n|turn|35\n|\n|t:|1699915412\n|switch|p2a: Tapu Koko|Tapu Koko|45\/100\n|-fieldstart|move: Electric Terrain|[from] ability: Electric Surge|[of] p2a: Tapu Koko\n|move|p1a: Tornadus|U-turn|p2a: Tapu Koko\n|-resisted|p2a: Tapu Koko\n|-crit|p2a: Tapu Koko\n|-damage|p2a: Tapu Koko|30\/100\n|\n|t:|1699915419\n|switch|p1a: Hippowdon|Hippowdon, M|80\/100|[from] U-turn\n|-damage|p1a: Hippowdon|64\/100|[from] Spikes\n|-weather|Sandstorm|[from] ability: Sand Stream|[of] p1a: Hippowdon\n|\n|-weather|Sandstorm|[upkeep]\n|-damage|p2a: Tapu Koko|24\/100|[from] Sandstorm\n|upkeep\n|turn|36\n|\n|t:|1699915428\n|switch|p2a: Gliscor|Gliscor, M|100\/100 tox\n|move|p1a: Hippowdon|Slack Off|p1a: Hippowdon\n|-heal|p1a: Hippowdon|100\/100\n|\n|-weather|Sandstorm|[upkeep]\n|upkeep\n|turn|37\n|\n|t:|1699915432\n|switch|p1a: Tornadus|Tornadus-Therian, M|100\/100\n|move|p2a: Gliscor|Earthquake|p1a: Tornadus\n|-immune|p1a: Tornadus\n|\n|-weather|Sandstorm|[upkeep]\n|-damage|p1a: Tornadus|94\/100|[from] Sandstorm\n|upkeep\n|turn|38\n|\n|t:|1699915442\n|switch|p2a: Tapu Koko|Tapu Koko|24\/100\n|move|p1a: Tornadus|Defog|p2a: Tapu Koko\n|-unboost|p2a: Tapu Koko|evasion|1\n|-sideend|p1: chessguru101|Spikes|[from] move: Defog|[of] p1a: Tornadus\n|-fieldend|move: Electric Terrain\n|\n|-weather|Sandstorm|[upkeep]\n|-damage|p2a: Tapu Koko|18\/100|[from] Sandstorm\n|-damage|p1a: Tornadus|88\/100|[from] Sandstorm\n|upkeep\n|turn|39\n|\n|t:|1699915452\n|switch|p2a: Slowbro|Slowbro, F|99\/100\n|switch|p1a: Skeledirge|Skeledirge, M|79\/100\n|\n|-weather|none\n|upkeep\n|turn|40\n|\n|t:|1699915476\n|switch|p1a: Garganacl|Garganacl, F|38\/100\n|move|p2a: Slowbro|Future Sight|p1a: Garganacl\n|-start|p2a: Slowbro|move: Future Sight\n|\n|upkeep\n|turn|41\n|\n|t:|1699915483\n|move|p1a: Garganacl|Recover|p1a: Garganacl\n|-heal|p1a: Garganacl|88\/100\n|move|p2a: Slowbro|Scald|p1a: Garganacl\n|-supereffective|p1a: Garganacl\n|-damage|p1a: Garganacl|51\/100\n|\n|upkeep\n|turn|42\n|\n|t:|1699915491\n|move|p1a: Garganacl|Recover|p1a: Garganacl\n|-heal|p1a: Garganacl|100\/100\n|move|p2a: Slowbro|Teleport|p2a: Slowbro\n|\n|t:|1699915493\n|switch|p2a: Gliscor|Gliscor, M|100\/100 tox|[from] Teleport\n|\n|-end|p1a: Garganacl|move: Future Sight\n|-damage|p1a: Garganacl|75\/100\n|upkeep\n|turn|43\n|\n|t:|1699915498\n|switch|p1a: Tangrowth|Tangrowth, F|100\/100\n|move|p2a: Gliscor|Earthquake|p1a: Tangrowth\n|-resisted|p1a: Tangrowth\n|-damage|p1a: Tangrowth|90\/100\n|\n|upkeep\n|turn|44\n|inactive|luccs.xx has 120 seconds left.\n|\n|t:|1699915547\n|switch|p1a: Tornadus|Tornadus-Therian, M|100\/100\n|move|p2a: Gliscor|Spikes|p1a: Tornadus\n|-sidestart|p1: chessguru101|Spikes\n|\n|upkeep\n|turn|45\n|inactive|chessguru101 has 120 seconds left.\n|\n|t:|1699915578\n|switch|p1a: Tangrowth|Tangrowth, F|100\/100\n|-damage|p1a: Tangrowth|88\/100|[from] Spikes\n|switch|p2a: Slowbro|Slowbro, F|100\/100\n|\n|upkeep\n|turn|46\n|\n|t:|1699915587\n|switch|p2a: Blissey|Blissey, F|37\/100\n|move|p1a: Tangrowth|Leaf Storm|p2a: Blissey\n|-damage|p2a: Blissey|8\/100\n|-unboost|p1a: Tangrowth|spa|2\n|\n|upkeep\n|turn|47\n|inactive|chessguru101 has 120 seconds left.\n|l|\u2606chessguru101\n|inactive|chessguru101 disconnected and has a minute to reconnect!\n|player|p1|\n|j|\u2606chessguru101\n|inactive|chessguru101 reconnected and has 105 seconds left.\n|player|p1|chessguru101|265\n|\n|t:|1699915627\n|move|p2a: Blissey|Soft-Boiled|p2a: Blissey\n|-heal|p2a: Blissey|58\/100\n|move|p1a: Tangrowth|Leaf Storm|p2a: Blissey\n|-crit|p2a: Blissey\n|-damage|p2a: Blissey|17\/100\n|-unboost|p1a: Tangrowth|spa|2\n|\n|upkeep\n|turn|48\n|inactive|luccs.xx has 120 seconds left.\n|\n|t:|1699915634\n|switch|p1a: Garganacl|Garganacl, F|75\/100\n|-damage|p1a: Garganacl|63\/100|[from] Spikes\n|move|p2a: Blissey|Soft-Boiled|p2a: Blissey\n|-heal|p2a: Blissey|67\/100\n|\n|upkeep\n|turn|49\n|\n|t:|1699915648\n|switch|p2a: Gliscor|Gliscor, M|100\/100 tox\n|move|p1a: Garganacl|Recover|p1a: Garganacl\n|-heal|p1a: Garganacl|100\/100\n|\n|upkeep\n|turn|50\n|\n|t:|1699915657\n|switch|p2a: Tapu Koko|Tapu Koko|18\/100\n|-fieldstart|move: Electric Terrain|[from] ability: Electric Surge|[of] p2a: Tapu Koko\n|move|p1a: Garganacl|Iron Defense|p1a: Garganacl\n|-boost|p1a: Garganacl|def|2\n|\n|upkeep\n|turn|51\n|\n|t:|1699915665\n|move|p2a: Tapu Koko|Volt Switch|p1a: Garganacl\n|-damage|p1a: Garganacl|75\/100\n|\n|t:|1699915669\n|switch|p2a: Slowbro|Slowbro, F|100\/100|[from] Volt Switch\n|move|p1a: Garganacl|Salt Cure|p2a: Slowbro\n|-damage|p2a: Slowbro|92\/100\n|-start|p2a: Slowbro|Salt Cure\n|\n|-damage|p2a: Slowbro|67\/100|[from] Salt Cure\n|upkeep\n|turn|52\n|inactive|chessguru101 has 120 seconds left.\n|\n|t:|1699915682\n|move|p1a: Garganacl|Iron Defense|p1a: Garganacl\n|-boost|p1a: Garganacl|def|2\n|move|p2a: Slowbro|Future Sight|p1a: Garganacl\n|-start|p2a: Slowbro|move: Future Sight\n|\n|-damage|p2a: Slowbro|42\/100|[from] Salt Cure\n|upkeep\n|turn|53\n|inactive|chessguru101 has 120 seconds left.\n|\n|t:|1699915692\n|switch|p2a: Gliscor|Gliscor, M|100\/100 tox\n|move|p1a: Garganacl|Body Press|p2a: Gliscor\n|-resisted|p2a: Gliscor\n|-damage|p2a: Gliscor|71\/100 tox\n|\n|-heal|p2a: Gliscor|84\/100 tox|[from] ability: Poison Heal\n|upkeep\n|turn|54\n|inactive|chessguru101 has 120 seconds left.\n|\n|t:|1699915705\n|move|p2a: Gliscor|Earthquake|p1a: Garganacl\n|-supereffective|p1a: Garganacl\n|-damage|p1a: Garganacl|59\/100\n|move|p1a: Garganacl|Salt Cure|p2a: Gliscor\n|-damage|p2a: Gliscor|71\/100 tox\n|-start|p2a: Gliscor|Salt Cure\n|\n|-end|p1a: Garganacl|move: Future Sight\n|-damage|p1a: Garganacl|31\/100\n|-heal|p2a: Gliscor|84\/100 tox|[from] ability: Poison Heal\n|-damage|p2a: Gliscor|71\/100 tox|[from] Salt Cure\n|-fieldend|move: Electric Terrain\n|upkeep\n|turn|55\n|\n|t:|1699915711\n|move|p2a: Gliscor|Earthquake|p1a: Garganacl\n|-supereffective|p1a: Garganacl\n|-damage|p1a: Garganacl|16\/100\n|move|p1a: Garganacl|Recover|p1a: Garganacl\n|-heal|p1a: Garganacl|66\/100\n|\n|-heal|p2a: Gliscor|84\/100 tox|[from] ability: Poison Heal\n|-damage|p2a: Gliscor|71\/100 tox|[from] Salt Cure\n|upkeep\n|turn|56\n|\n|t:|1699915734\n|switch|p2a: Slowbro|Slowbro, F|75\/100\n|move|p1a: Garganacl|Iron Defense|p1a: Garganacl\n|-boost|p1a: Garganacl|def|2\n|\n|upkeep\n|turn|57\n|\n|t:|1699915739\n|move|p1a: Garganacl|Salt Cure|p2a: Slowbro\n|-damage|p2a: Slowbro|67\/100\n|-start|p2a: Slowbro|Salt Cure\n|move|p2a: Slowbro|Future Sight|p1a: Garganacl\n|-start|p2a: Slowbro|move: Future Sight\n|\n|-damage|p2a: Slowbro|42\/100|[from] Salt Cure\n|upkeep\n|turn|58\n|\n|t:|1699915745\n|move|p1a: Garganacl|Body Press|p2a: Slowbro\n|-resisted|p2a: Slowbro\n|-damage|p2a: Slowbro|13\/100\n|move|p2a: Slowbro|Teleport|p2a: Slowbro\n|\n|t:|1699915755\n|switch|p2a: Gliscor|Gliscor, M|71\/100 tox|[from] Teleport\n|\n|-heal|p2a: Gliscor|84\/100 tox|[from] ability: Poison Heal\n|upkeep\n|turn|59\n|\n|t:|1699915762\n|move|p2a: Gliscor|Earthquake|p1a: Garganacl\n|-supereffective|p1a: Garganacl\n|-damage|p1a: Garganacl|54\/100\n|move|p1a: Garganacl|Salt Cure|p2a: Gliscor\n|-damage|p2a: Gliscor|72\/100 tox\n|-start|p2a: Gliscor|Salt Cure\n|\n|-end|p1a: Garganacl|move: Future Sight\n|-damage|p1a: Garganacl|29\/100\n|-heal|p2a: Gliscor|84\/100 tox|[from] ability: Poison Heal\n|-damage|p2a: Gliscor|72\/100 tox|[from] Salt Cure\n|upkeep\n|turn|60\n|\n|t:|1699915767\n|move|p2a: Gliscor|Earthquake|p1a: Garganacl\n|-supereffective|p1a: Garganacl\n|-damage|p1a: Garganacl|18\/100\n|move|p1a: Garganacl|Recover|p1a: Garganacl\n|-heal|p1a: Garganacl|68\/100\n|\n|-heal|p2a: Gliscor|84\/100 tox|[from] ability: Poison Heal\n|-damage|p2a: Gliscor|72\/100 tox|[from] Salt Cure\n|upkeep\n|turn|61\n|\n|t:|1699915775\n|switch|p2a: Slowbro|Slowbro, F|47\/100\n|move|p1a: Garganacl|Salt Cure|p2a: Slowbro\n|-damage|p2a: Slowbro|38\/100\n|-start|p2a: Slowbro|Salt Cure\n|\n|-damage|p2a: Slowbro|13\/100|[from] Salt Cure\n|upkeep\n|turn|62\n|\n|t:|1699915781\n|move|p1a: Garganacl|Salt Cure|p2a: Slowbro\n|-damage|p2a: Slowbro|5\/100\n|move|p2a: Slowbro|Slack Off|p2a: Slowbro\n|-heal|p2a: Slowbro|55\/100\n|\n|-damage|p2a: Slowbro|30\/100|[from] Salt Cure\n|upkeep\n|turn|63\n|\n|t:|1699915788\n|switch|p2a: Iron Valiant|Iron Valiant|100\/100\n|move|p1a: Garganacl|Body Press|p2a: Iron Valiant\n|-resisted|p2a: Iron Valiant\n|-damage|p2a: Iron Valiant|46\/100\n|\n|upkeep\n|turn|64\n|\n|t:|1699915795\n|switch|p1a: Toxapex|Toxapex, F|100\/100\n|move|p2a: Iron Valiant|Moonblast|p1a: Toxapex\n|-resisted|p1a: Toxapex\n|-damage|p1a: Toxapex|86\/100\n|-unboost|p1a: Toxapex|spa|1\n|\n|upkeep\n|turn|65\n|\n|t:|1699915812\n|-end|p2a: Iron Valiant|Quark Drive|[silent]\n|switch|p2a: Gliscor|Gliscor, M|72\/100 tox\n|move|p1a: Toxapex|Knock Off|p2a: Gliscor\n|-damage|p2a: Gliscor|64\/100 tox\n|\n|-heal|p2a: Gliscor|76\/100 tox|[from] ability: Poison Heal\n|upkeep\n|turn|66\n|\n|t:|1699915824\n|switch|p2a: Tapu Koko|Tapu Koko|18\/100\n|-fieldstart|move: Electric Terrain|[from] ability: Electric Surge|[of] p2a: Tapu Koko\n|switch|p1a: Tornadus|Tornadus-Therian, M|100\/100\n|\n|upkeep\n|turn|67\n|\n|t:|1699915851\n|move|p2a: Tapu Koko|Volt Switch|p1a: Tornadus\n|-supereffective|p1a: Tornadus\n|-damage|p1a: Tornadus|23\/100\n|\n|t:|1699915860\n|switch|p2a: Gliscor|Gliscor, M|76\/100 tox|[from] Volt Switch\n|move|p1a: Tornadus|Defog|p2a: Gliscor\n|-unboost|p2a: Gliscor|evasion|1\n|-sideend|p1: chessguru101|Spikes|[from] move: Defog|[of] p1a: Tornadus\n|-fieldend|move: Electric Terrain\n|\n|-heal|p2a: Gliscor|89\/100 tox|[from] ability: Poison Heal\n|upkeep\n|turn|68\n|\n|t:|1699915871\n|switch|p1a: Tangrowth|Tangrowth, F|100\/100\n|move|p2a: Gliscor|Spikes|p1a: Tangrowth\n|-sidestart|p1: chessguru101|Spikes\n|\n|-heal|p2a: Gliscor|100\/100 tox|[from] ability: Poison Heal\n|upkeep\n|turn|69\n|\n|t:|1699915879\n|switch|p2a: Blissey|Blissey, F|67\/100\n|switch|p1a: Tornadus|Tornadus-Therian, M|56\/100\n|\n|upkeep\n|turn|70\n|\n|t:|1699915888\n|switch|p1a: Garganacl|Garganacl, F|68\/100\n|-damage|p1a: Garganacl|55\/100|[from] Spikes\n|move|p2a: Blissey|Toxic|p1a: Garganacl\n|-immune|p1a: Garganacl|[from] ability: Purifying Salt\n|\n|upkeep\n|turn|71\n|\n|t:|1699915901\n|switch|p2a: Slowbro|Slowbro, F|63\/100\n|move|p1a: Garganacl|Iron Defense|p1a: Garganacl\n|-boost|p1a: Garganacl|def|2\n|\n|upkeep\n|turn|72\n|\n|t:|1699915904\n|move|p1a: Garganacl|Salt Cure|p2a: Slowbro\n|-crit|p2a: Slowbro\n|-damage|p2a: Slowbro|50\/100\n|-start|p2a: Slowbro|Salt Cure\n|move|p2a: Slowbro|Future Sight|p1a: Garganacl\n|-start|p2a: Slowbro|move: Future Sight\n|\n|-damage|p2a: Slowbro|25\/100|[from] Salt Cure\n|upkeep\n|turn|73\n|\n|t:|1699915924\n|switch|p2a: Gliscor|Gliscor, M|100\/100 tox\n|move|p1a: Garganacl|Body Press|p2a: Gliscor\n|-resisted|p2a: Gliscor\n|-damage|p2a: Gliscor|81\/100 tox\n|\n|-heal|p2a: Gliscor|94\/100 tox|[from] ability: Poison Heal\n|upkeep\n|turn|74\n|\n|t:|1699915930\n|move|p2a: Gliscor|Spikes|p1a: Garganacl\n|-sidestart|p1: chessguru101|Spikes\n|move|p1a: Garganacl|Recover|p1a: Garganacl\n|-heal|p1a: Garganacl|100\/100\n|\n|-end|p1a: Garganacl|move: Future Sight\n|-damage|p1a: Garganacl|72\/100\n|-heal|p2a: Gliscor|100\/100 tox|[from] ability: Poison Heal\n|upkeep\n|turn|75\n|\n|t:|1699915934\n|move|p2a: Gliscor|Earthquake|p1a: Garganacl\n|-supereffective|p1a: Garganacl\n|-crit|p1a: Garganacl\n|-damage|p1a: Garganacl|5\/100\n|move|p1a: Garganacl|Salt Cure|p2a: Gliscor\n|-damage|p2a: Gliscor|90\/100 tox\n|-start|p2a: Gliscor|Salt Cure\n|\n|-heal|p2a: Gliscor|100\/100 tox|[from] ability: Poison Heal\n|-damage|p2a: Gliscor|88\/100 tox|[from] Salt Cure\n|upkeep\n|turn|76\n|\n|t:|1699915964\n|switch|p1a: Tornadus|Tornadus-Therian, M|89\/100\n|move|p2a: Gliscor|Earthquake|p1a: Tornadus\n|-immune|p1a: Tornadus\n|\n|-heal|p2a: Gliscor|100\/100 tox|[from] ability: Poison Heal\n|-damage|p2a: Gliscor|88\/100 tox|[from] Salt Cure\n|upkeep\n|turn|77\n|\n|t:|1699915973\n|switch|p2a: Tapu Koko|Tapu Koko|18\/100\n|-fieldstart|move: Electric Terrain|[from] ability: Electric Surge|[of] p2a: Tapu Koko\n|move|p1a: Tornadus|Defog|p2a: Tapu Koko\n|-unboost|p2a: Tapu Koko|evasion|1\n|-sideend|p1: chessguru101|Spikes|[from] move: Defog|[of] p1a: Tornadus\n|-fieldend|move: Electric Terrain\n|\n|upkeep\n|turn|78\n|\n|t:|1699915980\n|switch|p1a: Hippowdon|Hippowdon, M|100\/100\n|-weather|Sandstorm|[from] ability: Sand Stream|[of] p1a: Hippowdon\n|move|p2a: Tapu Koko|Thunderbolt|p1a: Hippowdon\n|-immune|p1a: Hippowdon\n|\n|-weather|Sandstorm|[upkeep]\n|-damage|p2a: Tapu Koko|12\/100|[from] Sandstorm\n|upkeep\n|turn|79\n|\n|t:|1699915993\n|switch|p2a: Gliscor|Gliscor, M|88\/100 tox\n|move|p1a: Hippowdon|Stealth Rock|p2a: Gliscor\n|-sidestart|p2: luccs.xx|move: Stealth Rock\n|\n|-weather|Sandstorm|[upkeep]\n|-heal|p2a: Gliscor|100\/100 tox|[from] ability: Poison Heal\n|upkeep\n|turn|80\n|\n|t:|1699915997\n|switch|p1a: Tangrowth|Tangrowth, F|100\/100\n|move|p2a: Gliscor|Spikes|p1a: Tangrowth\n|-sidestart|p1: chessguru101|Spikes\n|\n|-weather|Sandstorm|[upkeep]\n|-damage|p1a: Tangrowth|94\/100|[from] Sandstorm\n|upkeep\n|turn|81\n|\n|t:|1699916002\n|switch|p2a: Blissey|Blissey, F|67\/100\n|-damage|p2a: Blissey|55\/100|[from] Stealth Rock\n|switch|p1a: Tornadus|Tornadus-Therian, M|100\/100\n|\n|-weather|Sandstorm|[upkeep]\n|-damage|p1a: Tornadus|94\/100|[from] Sandstorm\n|-damage|p2a: Blissey|49\/100|[from] Sandstorm\n|upkeep\n|turn|82\n|\n|t:|1699916009\n|move|p1a: Tornadus|U-turn|p2a: Blissey\n|-damage|p2a: Blissey|20\/100\n|\n|t:|1699916020\n|switch|p1a: Hippowdon|Hippowdon, M|100\/100|[from] U-turn\n|-damage|p1a: Hippowdon|88\/100|[from] Spikes\n|move|p2a: Blissey|Soft-Boiled|p2a: Blissey\n|-heal|p2a: Blissey|70\/100\n|\n|-weather|none\n|upkeep\n|turn|83\n|\n|t:|1699916029\n|switch|p2a: Gliscor|Gliscor, M|100\/100 tox\n|-damage|p2a: Gliscor|88\/100 tox|[from] Stealth Rock\n|move|p1a: Hippowdon|Earthquake|p2a: Gliscor\n|-immune|p2a: Gliscor\n|\n|-heal|p2a: Gliscor|100\/100 tox|[from] ability: Poison Heal\n|upkeep\n|turn|84\n|\n|t:|1699916032\n|switch|p1a: Tornadus|Tornadus-Therian, M|100\/100\n|move|p2a: Gliscor|Earthquake|p1a: Tornadus\n|-immune|p1a: Tornadus\n|\n|upkeep\n|turn|85\n|\n|t:|1699916037\n|move|p1a: Tornadus|U-turn|p2a: Gliscor\n|-resisted|p2a: Gliscor\n|-damage|p2a: Gliscor|95\/100 tox\n|\n|t:|1699916039\n|switch|p1a: Tangrowth|Tangrowth, F|100\/100|[from] U-turn\n|-damage|p1a: Tangrowth|88\/100|[from] Spikes\n|move|p2a: Gliscor|Spikes|p1a: Tangrowth\n|-sidestart|p1: chessguru101|Spikes\n|\n|-heal|p2a: Gliscor|100\/100 tox|[from] ability: Poison Heal\n|upkeep\n|turn|86\n|\n|t:|1699916045\n|switch|p2a: Blissey|Blissey, F|70\/100\n|-damage|p2a: Blissey|58\/100|[from] Stealth Rock\n|switch|p1a: Tornadus|Tornadus-Therian, M|100\/100\n|\n|upkeep\n|turn|87\n|\n|t:|1699916052\n|move|p1a: Tornadus|U-turn|p2a: Blissey\n|-damage|p2a: Blissey|29\/100\n|\n|t:|1699916055\n|switch|p1a: Toxapex|Toxapex, F|100\/100|[from] U-turn\n|move|p2a: Blissey|Toxic|p1a: Toxapex\n|-immune|p1a: Toxapex\n|\n|upkeep\n|turn|88\n|\n|t:|1699916062\n|move|p2a: Blissey|Soft-Boiled|p2a: Blissey\n|-heal|p2a: Blissey|79\/100\n|move|p1a: Toxapex|Knock Off|p2a: Blissey\n|-damage|p2a: Blissey|60\/100\n|\n|upkeep\n|turn|89\n|inactive|luccs.xx has 120 seconds left.\n|\n|t:|1699916093\n|switch|p2a: Scizor|Scizor, F|100\/100\n|-damage|p2a: Scizor|88\/100|[from] Stealth Rock\n|move|p1a: Toxapex|Scald|p2a: Scizor\n|-damage|p2a: Scizor|73\/100\n|\n|upkeep\n|turn|90\n|inactive|luccs.xx has 120 seconds left.\n|\n|t:|1699916101\n|switch|p2a: Slowbro|Slowbro, F|58\/100\n|-damage|p2a: Slowbro|46\/100|[from] Stealth Rock\n|move|p1a: Toxapex|Scald|p2a: Slowbro\n|-resisted|p2a: Slowbro\n|-damage|p2a: Slowbro|38\/100\n|\n|upkeep\n|turn|91\n|\n|t:|1699916111\n|switch|p1a: Tornadus|Tornadus-Therian, M|100\/100\n|move|p2a: Slowbro|Future Sight|p1a: Tornadus\n|-start|p2a: Slowbro|move: Future Sight\n|\n|upkeep\n|turn|92\n|\n|t:|1699916116\n|switch|p2a: Gliscor|Gliscor, M|100\/100 tox\n|-damage|p2a: Gliscor|88\/100 tox|[from] Stealth Rock\n|move|p1a: Tornadus|Defog|p2a: Gliscor\n|-unboost|p2a: Gliscor|evasion|1\n|-sideend|p2: luccs.xx|Stealth Rock|[from] move: Defog|[of] p1a: Tornadus\n|-sideend|p1: chessguru101|Spikes|[from] move: Defog|[of] p1a: Tornadus\n|\n|-heal|p2a: Gliscor|100\/100 tox|[from] ability: Poison Heal\n|upkeep\n|turn|93\n|\n|t:|1699916128\n|move|p1a: Tornadus|Knock Off|p2a: Gliscor\n|-damage|p2a: Gliscor|89\/100 tox\n|move|p2a: Gliscor|Spikes|p1a: Tornadus\n|-sidestart|p1: chessguru101|Spikes\n|\n|-end|p1a: Tornadus|move: Future Sight\n|-damage|p1a: Tornadus|55\/100\n|-heal|p2a: Gliscor|100\/100 tox|[from] ability: Poison Heal\n|upkeep\n|turn|94\n|inactive|luccs.xx has 120 seconds left.\n|\n|t:|1699916145\n|switch|p1a: Tangrowth|Tangrowth, F|100\/100\n|-damage|p1a: Tangrowth|88\/100|[from] Spikes\n|move|p2a: Gliscor|Spikes|p1a: Tangrowth\n|-sidestart|p1: chessguru101|Spikes\n|\n|upkeep\n|turn|95\n|\n|t:|1699916151\n|move|p2a: Gliscor|Knock Off|p1a: Tangrowth\n|-damage|p1a: Tangrowth|74\/100\n|-enditem|p1a: Tangrowth|Choice Specs|[from] move: Knock Off|[of] p2a: Gliscor\n|move|p1a: Tangrowth|Earthquake|p2a: Gliscor\n|-immune|p2a: Gliscor\n|\n|upkeep\n|turn|96\n|inactive|luccs.xx has 120 seconds left.\n|\n|t:|1699916178\n|switch|p1a: Tornadus|Tornadus-Therian, M|88\/100\n|move|p2a: Gliscor|Earthquake|p1a: Tornadus\n|-immune|p1a: Tornadus\n|\n|upkeep\n|turn|97\n|\n|t:|1699916191\n|switch|p1a: Tangrowth|Tangrowth, F|100\/100\n|-damage|p1a: Tangrowth|84\/100|[from] Spikes\n|switch|p2a: Tapu Koko|Tapu Koko|12\/100\n|-fieldstart|move: Electric Terrain|[from] ability: Electric Surge|[of] p2a: Tapu Koko\n|\n|upkeep\n|turn|98\n|\n|t:|1699916205\n|move|p2a: Tapu Koko|Volt Switch|p1a: Tangrowth\n|-resisted|p1a: Tangrowth\n|-damage|p1a: Tangrowth|55\/100\n|\n|t:|1699916208\n|switch|p2a: Blissey|Blissey, F|60\/100|[from] Volt Switch\n|move|p1a: Tangrowth|Leaf Storm|p2a: Blissey\n|-damage|p2a: Blissey|41\/100\n|-unboost|p1a: Tangrowth|spa|2\n|\n|upkeep\n|turn|99\n|\n|t:|1699916214\n|switch|p2a: Gliscor|Gliscor, M|100\/100 tox\n|move|p1a: Tangrowth|Earthquake|p2a: Gliscor\n|-immune|p2a: Gliscor\n|\n|upkeep\n|turn|100\n|\n|t:|1699916218\n|switch|p2a: Tapu Koko|Tapu Koko|12\/100\n|switch|p1a: Tornadus|Tornadus-Therian, M|100\/100\n|\n|upkeep\n|turn|101\n|inactive|luccs.xx has 120 seconds left.\n|\n|t:|1699916235\n|switch|p2a: Slowbro|Slowbro, F|71\/100\n|switch|p1a: Toxapex|Toxapex, F|100\/100\n|\n|-fieldend|move: Electric Terrain\n|upkeep\n|turn|102\n|\n|t:|1699916245\n|switch|p1a: Tornadus|Tornadus-Therian, M|100\/100\n|move|p2a: Slowbro|Future Sight|p1a: Tornadus\n|-start|p2a: Slowbro|move: Future Sight\n|\n|upkeep\n|turn|103\n|\n|t:|1699916250\n|move|p1a: Tornadus|Defog|p2a: Slowbro\n|-unboost|p2a: Slowbro|evasion|1\n|-sideend|p1: chessguru101|Spikes|[from] move: Defog|[of] p1a: Tornadus\n|move|p2a: Slowbro|Teleport|p2a: Slowbro\n|\n|t:|1699916255\n|switch|p2a: Tapu Koko|Tapu Koko|12\/100|[from] Teleport\n|-fieldstart|move: Electric Terrain|[from] ability: Electric Surge|[of] p2a: Tapu Koko\n|\n|upkeep\n|turn|104\n|inactive|luccs.xx has 120 seconds left.\n|\n|t:|1699916280\n|-terastallize|p1a: Tornadus|Ground\n|move|p2a: Tapu Koko|Volt Switch|p1a: Tornadus\n|-immune|p1a: Tornadus\n|move|p1a: Tornadus|Knock Off|p2a: Tapu Koko\n|-resisted|p2a: Tapu Koko\n|-damage|p2a: Tapu Koko|0 fnt\n|-enditem|p2a: Tapu Koko|Heavy-Duty Boots|[from] move: Knock Off|[of] p1a: Tornadus\n|faint|p2a: Tapu Koko\n|\n|-end|p1a: Tornadus|move: Future Sight\n|-damage|p1a: Tornadus|56\/100\n|upkeep\n|inactive|luccs.xx has 120 seconds left.\n|\n|t:|1699916294\n|switch|p2a: Scizor|Scizor, F|73\/100\n|turn|105\n|\n|t:|1699916298\n|switch|p1a: Skeledirge|Skeledirge, M|79\/100\n|detailschange|p2a: Scizor|Scizor-Mega, F\n|-mega|p2a: Scizor|Scizor|Scizorite\n|move|p2a: Scizor|Roost|p2a: Scizor\n|-heal|p2a: Scizor|100\/100\n|-singleturn|p2a: Scizor|move: Roost\n|\n|upkeep\n|turn|106\n|\n|t:|1699916307\n|switch|p2a: Blissey|Blissey, F|41\/100\n|move|p1a: Skeledirge|Torch Song|p2a: Blissey\n|-damage|p2a: Blissey|33\/100\n|-boost|p1a: Skeledirge|spa|1\n|\n|upkeep\n|turn|107\n|\n|t:|1699916312\n|switch|p1a: Toxapex|Toxapex, F|100\/100\n|move|p2a: Blissey|Soft-Boiled|p2a: Blissey\n|-heal|p2a: Blissey|83\/100\n|\n|-fieldend|move: Electric Terrain\n|upkeep\n|turn|108\n|\n|t:|1699916327\n|switch|p1a: Garganacl|Garganacl, F|5\/100\n|move|p2a: Blissey|Toxic|p1a: Garganacl|[miss]\n|-miss|p2a: Blissey|p1a: Garganacl\n|\n|upkeep\n|turn|109\n|inactive|chessguru101 has 120 seconds left.\n|\n|t:|1699916338\n|switch|p1a: Toxapex|Toxapex, F|100\/100\n|move|p2a: Blissey|Seismic Toss|p1a: Toxapex\n|-damage|p1a: Toxapex|68\/100\n|\n|upkeep\n|turn|110\n|inactive|chessguru101 has 120 seconds left.\n|\n|t:|1699916346\n|move|p2a: Blissey|Seismic Toss|p1a: Toxapex\n|-damage|p1a: Toxapex|35\/100\n|move|p1a: Toxapex|Scald|p2a: Blissey\n|-damage|p2a: Blissey|78\/100\n|\n|upkeep\n|turn|111\n|\n|t:|1699916352\n|move|p1a: Toxapex|Recover|p1a: Toxapex\n|-heal|p1a: Toxapex|85\/100\n|move|p2a: Blissey|Teleport|p2a: Blissey\n|\n|t:|1699916353\n|switch|p2a: Gliscor|Gliscor, M|100\/100 tox|[from] Teleport\n|\n|upkeep\n|turn|112\n|\n|t:|1699916359\n|switch|p2a: Scizor|Scizor-Mega, F|100\/100\n|switch|p1a: Tornadus|Tornadus-Therian, M, tera:Ground|89\/100\n|\n|upkeep\n|turn|113\n|\n|t:|1699916365\n|switch|p1a: Toxapex|Toxapex, F|100\/100\n|move|p2a: Scizor|Swords Dance|p2a: Scizor\n|-boost|p2a: Scizor|atk|2\n|\n|upkeep\n|turn|114\n|\n|t:|1699916372\n|move|p2a: Scizor|Swords Dance|p2a: Scizor\n|-boost|p2a: Scizor|atk|2\n|move|p1a: Toxapex|Haze|p1a: Toxapex\n|-clearallboost\n|\n|upkeep\n|turn|115\n|\n|t:|1699916385\n|move|p2a: Scizor|Swords Dance|p2a: Scizor\n|-boost|p2a: Scizor|atk|2\n|move|p1a: Toxapex|Scald|p2a: Scizor\n|-damage|p2a: Scizor|88\/100\n|-status|p2a: Scizor|brn\n|\n|-damage|p2a: Scizor|82\/100 brn|[from] brn\n|upkeep\n|turn|116\n|\n|t:|1699916391\n|move|p2a: Scizor|Swords Dance|p2a: Scizor\n|-boost|p2a: Scizor|atk|2\n|move|p1a: Toxapex|Knock Off|p2a: Scizor\n|-damage|p2a: Scizor|75\/100 brn\n|\n|-damage|p2a: Scizor|69\/100 brn|[from] brn\n|upkeep\n|turn|117\n|\n|t:|1699916397\n|switch|p2a: Gliscor|Gliscor, M|100\/100 tox\n|move|p1a: Toxapex|Haze|p1a: Toxapex\n|-clearallboost\n|\n|upkeep\n|turn|118\n|\n|t:|1699916400\n|switch|p1a: Tangrowth|Tangrowth, F|88\/100\n|move|p2a: Gliscor|Earthquake|p1a: Tangrowth\n|-resisted|p1a: Tangrowth\n|-damage|p1a: Tangrowth|78\/100\n|\n|upkeep\n|turn|119\n|\n|t:|1699916406\n|switch|p1a: Tornadus|Tornadus-Therian, M, tera:Ground|100\/100\n|move|p2a: Gliscor|Spikes|p1a: Tornadus\n|-sidestart|p1: chessguru101|Spikes\n|\n|upkeep\n|turn|120\n|\n|t:|1699916416\n|move|p1a: Tornadus|U-turn|p2a: Gliscor\n|-resisted|p2a: Gliscor\n|-damage|p2a: Gliscor|95\/100 tox\n|\n|t:|1699916418\n|switch|p1a: Tangrowth|Tangrowth, F|100\/100|[from] U-turn\n|-damage|p1a: Tangrowth|88\/100|[from] Spikes\n|move|p2a: Gliscor|Earthquake|p1a: Tangrowth\n|-resisted|p1a: Tangrowth\n|-damage|p1a: Tangrowth|76\/100\n|\n|-heal|p2a: Gliscor|100\/100 tox|[from] ability: Poison Heal\n|upkeep\n|turn|121\n|\n|t:|1699916427\n|switch|p1a: Tornadus|Tornadus-Therian, M, tera:Ground|100\/100\n|-damage|p1a: Tornadus|88\/100|[from] Spikes\n|move|p2a: Gliscor|Spikes|p1a: Tornadus\n|-sidestart|p1: chessguru101|Spikes\n|\n|upkeep\n|turn|122\n|\n|t:|1699916442\n|move|p1a: Tornadus|Defog|p2a: Gliscor\n|-unboost|p2a: Gliscor|evasion|1\n|-sideend|p1: chessguru101|Spikes|[from] move: Defog|[of] p1a: Tornadus\n|move|p2a: Gliscor|Spikes|p1a: Tornadus\n|-sidestart|p1: chessguru101|Spikes\n|\n|upkeep\n|turn|123\n|\n|t:|1699916449\n|switch|p1a: Tangrowth|Tangrowth, F|100\/100\n|-damage|p1a: Tangrowth|88\/100|[from] Spikes\n|switch|p2a: Iron Valiant|Iron Valiant|46\/100\n|\n|upkeep\n|turn|124\n|\n|t:|1699916460\n|switch|p1a: Toxapex|Toxapex, F|100\/100\n|-terastallize|p2a: Iron Valiant|Fairy\n|move|p2a: Iron Valiant|Moonblast|p1a: Toxapex\n|-resisted|p1a: Toxapex\n|-damage|p1a: Toxapex|79\/100\n|-unboost|p1a: Toxapex|spa|1\n|\n|upkeep\n|turn|125\n|\n|t:|1699916472\n|-end|p2a: Iron Valiant|Quark Drive|[silent]\n|switch|p2a: Slowbro|Slowbro, F|100\/100\n|move|p1a: Toxapex|Scald|p2a: Slowbro\n|-resisted|p2a: Slowbro\n|-damage|p2a: Slowbro|95\/100\n|\n|upkeep\n|turn|126\n|inactive|chessguru101 has 120 seconds left.\n|\n|t:|1699916484\n|switch|p1a: Tangrowth|Tangrowth, F|100\/100\n|-damage|p1a: Tangrowth|88\/100|[from] Spikes\n|move|p2a: Slowbro|Future Sight|p1a: Tangrowth\n|-start|p2a: Slowbro|move: Future Sight\n|\n|upkeep\n|turn|127\n|inactive|chessguru101 has 120 seconds left.\n|\n|t:|1699916500\n|switch|p1a: Skeledirge|Skeledirge, M|79\/100\n|move|p2a: Slowbro|Teleport|p2a: Slowbro\n|\n|t:|1699916507\n|switch|p2a: Gliscor|Gliscor, M|100\/100 tox|[from] Teleport\n|\n|upkeep\n|turn|128\n|\n|t:|1699916516\n|switch|p1a: Tornadus|Tornadus-Therian, M, tera:Ground|100\/100\n|-damage|p1a: Tornadus|88\/100|[from] Spikes\n|move|p2a: Gliscor|Earthquake|p1a: Tornadus\n|-damage|p1a: Tornadus|57\/100\n|\n|-end|p1a: Tornadus|move: Future Sight\n|-damage|p1a: Tornadus|18\/100\n|upkeep\n|turn|129\n|\n|t:|1699916524\n|move|p1a: Tornadus|U-turn|p2a: Gliscor\n|-resisted|p2a: Gliscor\n|-damage|p2a: Gliscor|95\/100 tox\n|\n|t:|1699916527\n|switch|p1a: Tangrowth|Tangrowth, F|100\/100|[from] U-turn\n|-damage|p1a: Tangrowth|88\/100|[from] Spikes\n|move|p2a: Gliscor|Knock Off|p1a: Tangrowth\n|-damage|p1a: Tangrowth|78\/100\n|\n|-heal|p2a: Gliscor|100\/100 tox|[from] ability: Poison Heal\n|upkeep\n|turn|130\n|\n|t:|1699916535\n|switch|p1a: Tornadus|Tornadus-Therian, M, tera:Ground|51\/100\n|-damage|p1a: Tornadus|39\/100|[from] Spikes\n|move|p2a: Gliscor|Spikes|p1a: Tornadus\n|-sidestart|p1: chessguru101|Spikes\n|\n|upkeep\n|turn|131\n|\n|t:|1699916538\n|move|p1a: Tornadus|Defog|p2a: Gliscor\n|-unboost|p2a: Gliscor|evasion|1\n|-sideend|p1: chessguru101|Spikes|[from] move: Defog|[of] p1a: Tornadus\n|move|p2a: Gliscor|Knock Off|p1a: Tornadus\n|-damage|p1a: Tornadus|23\/100\n|\n|upkeep\n|turn|132\n|\n|t:|1699916542\n|switch|p1a: Tangrowth|Tangrowth, F|100\/100\n|switch|p2a: Slowbro|Slowbro, F|100\/100\n|\n|upkeep\n|turn|133\n|\n|t:|1699916546\n|move|p1a: Tangrowth|Earthquake|p2a: Slowbro\n|-damage|p2a: Slowbro|86\/100\n|move|p2a: Slowbro|Scald|p1a: Tangrowth\n|-resisted|p1a: Tangrowth\n|-crit|p1a: Tangrowth\n|-damage|p1a: Tangrowth|69\/100\n|\n|upkeep\n|turn|134\n|\n|t:|1699916551\n|move|p1a: Tangrowth|Earthquake|p2a: Slowbro\n|-crit|p2a: Slowbro\n|-damage|p2a: Slowbro|66\/100\n|move|p2a: Slowbro|Scald|p1a: Tangrowth\n|-resisted|p1a: Tangrowth\n|-damage|p1a: Tangrowth|50\/100\n|-status|p1a: Tangrowth|brn\n|\n|-damage|p1a: Tangrowth|44\/100 brn|[from] brn\n|upkeep\n|turn|135\n|\n|t:|1699916566\n|switch|p2a: Blissey|Blissey, F|78\/100\n|move|p1a: Tangrowth|Leaf Storm|p2a: Blissey\n|-damage|p2a: Blissey|60\/100\n|-unboost|p1a: Tangrowth|spa|2\n|\n|-damage|p1a: Tangrowth|38\/100 brn|[from] brn\n|upkeep\n|turn|136\n|\n|t:|1699916574\n|switch|p1a: Toxapex|Toxapex, F|100\/100\n|move|p2a: Blissey|Seismic Toss|p1a: Toxapex\n|-damage|p1a: Toxapex|68\/100\n|\n|upkeep\n|turn|137\n|\n|t:|1699916577\n|switch|p1a: Tangrowth|Tangrowth, F|71\/100 brn\n|move|p2a: Blissey|Seismic Toss|p1a: Tangrowth\n|-damage|p1a: Tangrowth|46\/100 brn\n|\n|-damage|p1a: Tangrowth|40\/100 brn|[from] brn\n|upkeep\n|turn|138\n|\n|t:|1699916581\n|switch|p2a: Gliscor|Gliscor, M|100\/100 tox\n|switch|p1a: Toxapex|Toxapex, F|100\/100\n|\n|upkeep\n|turn|139\n|\n|t:|1699916587\n|switch|p1a: Tangrowth|Tangrowth, F|73\/100 brn\n|move|p2a: Gliscor|Spikes|p1a: Tangrowth\n|-sidestart|p1: chessguru101|Spikes\n|\n|-damage|p1a: Tangrowth|67\/100 brn|[from] brn\n|upkeep\n|turn|140\n|\n|t:|1699916591\n|switch|p1a: Tornadus|Tornadus-Therian, M, tera:Ground|57\/100\n|-damage|p1a: Tornadus|44\/100|[from] Spikes\n|move|p2a: Gliscor|Knock Off|p1a: Tornadus\n|-damage|p1a: Tornadus|29\/100\n|\n|upkeep\n|turn|141\n|\n|t:|1699916594\n|move|p1a: Tornadus|Defog|p2a: Gliscor\n|-unboost|p2a: Gliscor|evasion|1\n|-sideend|p1: chessguru101|Spikes|[from] move: Defog|[of] p1a: Tornadus\n|move|p2a: Gliscor|Knock Off|p1a: Tornadus\n|-damage|p1a: Tornadus|15\/100\n|\n|upkeep\n|turn|142\n|\n|t:|1699916600\n|switch|p1a: Tangrowth|Tangrowth, F|99\/100 brn\n|move|p2a: Gliscor|Spikes|p1a: Tangrowth\n|-sidestart|p1: chessguru101|Spikes\n|\n|-damage|p1a: Tangrowth|94\/100 brn|[from] brn\n|upkeep\n|turn|143\n|\n|t:|1699916612\n|switch|p2a: Iron Valiant|Iron Valiant, tera:Fairy|46\/100\n|switch|p1a: Tornadus|Tornadus-Therian, M, tera:Ground|48\/100\n|-damage|p1a: Tornadus|36\/100|[from] Spikes\n|\n|upkeep\n|turn|144\n|\n|t:|1699916617\n|-end|p2a: Iron Valiant|Quark Drive|[silent]\n|switch|p2a: Gliscor|Gliscor, M|100\/100 tox\n|switch|p1a: Toxapex|Toxapex, F|100\/100\n|\n|upkeep\n|turn|145\n|\n|t:|1699916622\n|switch|p1a: Tornadus|Tornadus-Therian, M, tera:Ground|69\/100\n|-damage|p1a: Tornadus|56\/100|[from] Spikes\n|move|p2a: Gliscor|Knock Off|p1a: Tornadus\n|-damage|p1a: Tornadus|42\/100\n|\n|upkeep\n|turn|146\n|\n|t:|1699916629\n|switch|p2a: Iron Valiant|Iron Valiant, tera:Fairy|46\/100\n|move|p1a: Tornadus|Defog|p2a: Iron Valiant\n|-unboost|p2a: Iron Valiant|evasion|1\n|-sideend|p1: chessguru101|Spikes|[from] move: Defog|[of] p1a: Tornadus\n|\n|upkeep\n|turn|147\n|\n|t:|1699916632\n|switch|p1a: Toxapex|Toxapex, F|100\/100\n|move|p2a: Iron Valiant|Knock Off|p1a: Toxapex\n|-damage|p1a: Toxapex|78\/100\n|-enditem|p1a: Toxapex|Heavy-Duty Boots|[from] move: Knock Off|[of] p2a: Iron Valiant\n|\n|upkeep\n|turn|148\n|\n|t:|1699916640\n|-end|p2a: Iron Valiant|Quark Drive|[silent]\n|switch|p2a: Scizor|Scizor-Mega, F|69\/100 brn\n|switch|p1a: Tornadus|Tornadus-Therian, M, tera:Ground|75\/100\n|\n|-damage|p2a: Scizor|63\/100 brn|[from] brn\n|upkeep\n|turn|149\n|\n|t:|1699916646\n|move|p1a: Tornadus|U-turn|p2a: Scizor\n|-resisted|p2a: Scizor\n|-damage|p2a: Scizor|58\/100 brn\n|\n|t:|1699916665\n|switch|p1a: Skeledirge|Skeledirge, M|79\/100|[from] U-turn\n|move|p2a: Scizor|Swords Dance|p2a: Scizor\n|-boost|p2a: Scizor|atk|2\n|\n|-damage|p2a: Scizor|52\/100 brn|[from] brn\n|upkeep\n|turn|150\n|\n|t:|1699916671\n|switch|p2a: Blissey|Blissey, F|60\/100\n|move|p1a: Skeledirge|Torch Song|p2a: Blissey\n|-damage|p2a: Blissey|52\/100\n|-boost|p1a: Skeledirge|spa|1\n|\n|upkeep\n|turn|151\n|\n|t:|1699916678\n|switch|p1a: Tangrowth|Tangrowth, F|100\/100 brn\n|move|p2a: Blissey|Toxic||[still]\n|-fail|p2a: Blissey\n|\n|-damage|p1a: Tangrowth|94\/100 brn|[from] brn\n|upkeep\n|turn|152\n|\n|t:|1699916690\n|switch|p2a: Gliscor|Gliscor, M|100\/100 tox\n|move|p1a: Tangrowth|Earthquake|p2a: Gliscor\n|-immune|p2a: Gliscor\n|\n|-damage|p1a: Tangrowth|88\/100 brn|[from] brn\n|upkeep\n|turn|153\n|inactive|luccs.xx has 120 seconds left.\n|c|\u2606luccs.xx|I hope your computer or PC explodes <3\n|-message|luccs.xx forfeited.\n|\n|win|chessguru101\n|raw|chessguru101's rating: 1351 &rarr; <strong>1372<\/strong><br \/>(+21 for winning)\n|raw|luccs.xx's rating: 1360 &rarr; <strong>1339<\/strong><br \/>(-21 for losing)\n|l|\u2606luccs.xx\n","uploadtime":1699916732,"views":22,"p1id":"chessguru101","p2id":"luccsxx","formatid":"gen9nationaldex","rating":1339,"private":0,"password":""}