{"id":"gen9nationaldex-1990601535","p1":"C02 emissions","p2":"perv51","format":"[Gen 9] National Dex","log":"|j|\u2606C02 emissions\n|j|\u2606perv51\n|t:|1699984818\n|gametype|singles\n|player|p1|C02 emissions|harlequin|1139\n|player|p2|perv51|jasmine|1071\n|teamsize|p1|6\n|teamsize|p2|6\n|gen|9\n|tier|[Gen 9] National Dex\n|rated|\n|rule|HP Percentage Mod: HP is shown in percentages\n|rule|Endless Battle Clause: Forcing endless battles is banned\n|rule|OHKO Clause: OHKO moves are banned\n|rule|Evasion Clause: Evasion abilities, items, and moves are banned\n|rule|Evasion Abilities Clause: Evasion abilities are banned\n|rule|Evasion Items Clause: Evasion items are banned\n|rule|Evasion Moves Clause: Evasion moves are banned\n|rule|Species Clause: Limit one of each Pok\u00e9mon\n|rule|Sleep Clause Mod: Limit one foe put to sleep\n|clearpoke\n|poke|p1|Necrozma|\n|poke|p1|Ariados, F|\n|poke|p1|Sceptile, F|\n|poke|p1|Polteageist|\n|poke|p1|Rhyperior, M|\n|poke|p1|Dusclops, M|\n|poke|p2|Swellow, M|\n|poke|p2|Gardevoir, F|\n|poke|p2|Machamp, M|\n|poke|p2|Toxapex, F|\n|poke|p2|Ninetales-Alola, F|\n|poke|p2|Xurkitree|\n|teampreview\n|\n|t:|1699984824\n|start\n|switch|p1a: Ariados|Ariados, F|100\/100\n|switch|p2a: Akali|Toxapex, F|100\/100\n|turn|1\n|\n|t:|1699984829\n|move|p1a: Ariados|Sticky Web|p2a: Akali\n|-sidestart|p2: perv51|move: Sticky Web\n|move|p2a: Akali|Toxic Spikes|p1a: Ariados\n|-sidestart|p1: C02 emissions|move: Toxic Spikes\n|\n|upkeep\n|turn|2\n|\n|t:|1699984834\n|move|p1a: Ariados|Knock Off|p2a: Akali\n|-damage|p2a: Akali|77\/100\n|-damage|p1a: Ariados|84\/100|[from] item: Rocky Helmet|[of] p2a: Akali\n|-enditem|p2a: Akali|Rocky Helmet|[from] move: Knock Off|[of] p1a: Ariados\n|move|p2a: Akali|Toxic Spikes|p1a: Ariados\n|-sidestart|p1: C02 emissions|move: Toxic Spikes\n|\n|upkeep\n|turn|3\n|\n|t:|1699984843\n|switch|p1a: Dusclops|Dusclops, M|100\/100\n|-status|p1a: Dusclops|tox\n|-ability|p1a: Dusclops|Pressure\n|move|p2a: Akali|Scald|p1a: Dusclops\n|-damage|p1a: Dusclops|90\/100 tox\n|\n|-damage|p1a: Dusclops|84\/100 tox|[from] psn\n|upkeep\n|turn|4\n|\n|t:|1699984855\n|move|p2a: Akali|Pain Split|p1a: Dusclops\n|-sethp|p1a: Dusclops|74\/100 tox|[from] move: Pain Split|[silent]\n|-sethp|p2a: Akali|88\/100|[from] move: Pain Split\n|move|p1a: Dusclops|Seismic Toss|p2a: Akali\n|-damage|p2a: Akali|46\/100\n|\n|-damage|p1a: Dusclops|62\/100 tox|[from] psn\n|upkeep\n|turn|5\n|\n|t:|1699984862\n|move|p2a: Akali|Pain Split|p1a: Dusclops\n|-sethp|p1a: Dusclops|51\/100 tox|[from] move: Pain Split|[silent]\n|-sethp|p2a: Akali|60\/100|[from] move: Pain Split\n|move|p1a: Dusclops|Seismic Toss|p2a: Akali\n|-damage|p2a: Akali|18\/100\n|\n|-damage|p1a: Dusclops|33\/100 tox|[from] psn\n|upkeep\n|turn|6\n|\n|t:|1699984870\n|move|p2a: Akali|Pain Split|p1a: Dusclops\n|-sethp|p1a: Dusclops|24\/100 tox|[from] move: Pain Split|[silent]\n|-sethp|p2a: Akali|28\/100|[from] move: Pain Split\n|move|p1a: Dusclops|Seismic Toss|p2a: Akali\n|-damage|p2a: Akali|0 fnt\n|faint|p2a: Akali\n|\n|-damage|p1a: Dusclops|0 fnt|[from] psn\n|faint|p1a: Dusclops\n|upkeep\n|\n|t:|1699984879\n|switch|p2a: Quinn|Swellow, M|100\/100\n|switch|p1a: Ariados|Ariados, F|84\/100\n|-sideend|p1: C02 emissions|move: Toxic Spikes|[of] p1a: Ariados\n|turn|7\n|\n|t:|1699984884\n|move|p2a: Quinn|Brave Bird|p1a: Ariados\n|-supereffective|p1a: Ariados\n|-damage|p1a: Ariados|0 fnt\n|faint|p1a: Ariados\n|-damage|p2a: Quinn|64\/100|[from] Recoil\n|\n|-status|p2a: Quinn|brn|[from] item: Flame Orb\n|upkeep\n|\n|t:|1699984895\n|switch|p1a: Sceptile|Sceptile, F|100\/100\n|turn|8\n|\n|t:|1699984900\n|detailschange|p1a: Sceptile|Sceptile-Mega, F\n|-mega|p1a: Sceptile|Sceptile|Sceptilite\n|move|p1a: Sceptile|Dragon Pulse|p2a: Quinn\n|-damage|p2a: Quinn|0 fnt\n|faint|p2a: Quinn\n|\n|upkeep\n|\n|t:|1699984904\n|switch|p2a: Ahri|Ninetales-Alola, F, shiny|100\/100\n|-activate|p2a: Ahri|move: Sticky Web\n|-unboost|p2a: Ahri|spe|1\n|-weather|Snow|[from] ability: Snow Warning|[of] p2a: Ahri\n|turn|9\n|\n|t:|1699984908\n|move|p1a: Sceptile|Energy Ball|p2a: Ahri\n|-damage|p2a: Ahri|36\/100\n|move|p2a: Ahri|Blizzard|p1a: Sceptile\n|-supereffective|p1a: Sceptile\n|-damage|p1a: Sceptile|0 fnt\n|faint|p1a: Sceptile\n|-damage|p2a: Ahri|26\/100|[from] item: Life Orb\n|\n|-weather|Snow|[upkeep]\n|upkeep\n|\n|t:|1699984921\n|switch|p1a: Rhyperior|Rhyperior, M|100\/100\n|turn|10\n|\n|t:|1699984924\n|move|p2a: Ahri|Blizzard|p1a: Rhyperior\n|-supereffective|p1a: Rhyperior\n|-damage|p1a: Rhyperior|0 fnt\n|faint|p1a: Rhyperior\n|-damage|p2a: Ahri|16\/100|[from] item: Life Orb\n|\n|-weather|Snow|[upkeep]\n|upkeep\n|\n|t:|1699984928\n|switch|p1a: Necrozma|Necrozma|100\/100\n|turn|11\n|\n|t:|1699984932\n|move|p1a: Necrozma|Dragon Dance|p1a: Necrozma\n|-boost|p1a: Necrozma|atk|1\n|-boost|p1a: Necrozma|spe|1\n|move|p2a: Ahri|Dark Pulse|p1a: Necrozma\n|-supereffective|p1a: Necrozma\n|-damage|p1a: Necrozma|55\/100\n|-enditem|p1a: Necrozma|Weakness Policy\n|-boost|p1a: Necrozma|atk|2|[from] item: Weakness Policy\n|-boost|p1a: Necrozma|spa|2|[from] item: Weakness Policy\n|-damage|p2a: Ahri|6\/100|[from] item: Life Orb\n|\n|-weather|Snow|[upkeep]\n|upkeep\n|turn|12\n|\n|t:|1699984941\n|move|p1a: Necrozma|X-Scissor|p2a: Ahri\n|-resisted|p2a: Ahri\n|-crit|p2a: Ahri\n|-damage|p2a: Ahri|0 fnt\n|faint|p2a: Ahri\n|\n|-weather|Snow|[upkeep]\n|upkeep\n|\n|t:|1699984944\n|switch|p2a: Cho\u00b4Gath|Xurkitree|100\/100\n|-activate|p2a: Cho\u00b4Gath|move: Sticky Web\n|-unboost|p2a: Cho\u00b4Gath|spe|1\n|turn|13\n|\n|t:|1699984950\n|-terastallize|p1a: Necrozma|Psychic\n|move|p1a: Necrozma|Photon Geyser|p2a: Cho\u00b4Gath\n|-crit|p2a: Cho\u00b4Gath\n|-damage|p2a: Cho\u00b4Gath|0 fnt\n|faint|p2a: Cho\u00b4Gath\n|\n|-weather|none\n|upkeep\n|\n|t:|1699984957\n|switch|p2a: Sett|Machamp, M|100\/100\n|-activate|p2a: Sett|move: Sticky Web\n|-unboost|p2a: Sett|spe|1\n|turn|14\n|\n|t:|1699984962\n|-terastallize|p2a: Sett|Steel\n|move|p1a: Necrozma|Photon Geyser|p2a: Sett\n|-resisted|p2a: Sett\n|-crit|p2a: Sett\n|-damage|p2a: Sett|0 fnt\n|faint|p2a: Sett\n|\n|upkeep\n|\n|t:|1699984968\n|switch|p2a: Airlain|Gardevoir, F, shiny|100\/100\n|-activate|p2a: Airlain|move: Sticky Web\n|-unboost|p2a: Airlain|spe|1\n|turn|15\n|c|\u2606C02 emissions|WHAT THE FUCK ARE THESE CRITS\n|c|\u2606perv51|IDK\n|c|\u2606C02 emissions|DUDE THE GAME HATES YOU TODAY\n|\n|t:|1699984996\n|detailschange|p2a: Airlain|Gardevoir-Mega, F, shiny\n|-mega|p2a: Airlain|Gardevoir|Gardevoirite\n|move|p1a: Necrozma|X-Scissor|p2a: Airlain\n|-damage|p2a: Airlain|0 fnt\n|faint|p2a: Airlain\n|\n|win|C02 emissions\n|raw|C02 emissions's rating: 1139 &rarr; <strong>1159<\/strong><br \/>(+20 for winning)\n|raw|perv51's rating: 1071 &rarr; <strong>1054<\/strong><br \/>(-17 for losing)\n|c|\u2606perv51|YEAH\n|c|\u2606perv51|GG\n|c|\u2606C02 emissions|gg\n|l|\u2606perv51\n|c|\u2606C02 emissions|that was stupid\n","uploadtime":1699985024,"views":4,"p1id":"c02emissions","p2id":"perv51","formatid":"gen9nationaldex","rating":1054,"private":0,"password":""}