{"id":"gen9nationaldex-1995290459","p1":"japue","p2":"daniel241595","format":"[Gen 9] National Dex","log":"|html|<div class=\"broadcast-blue\"><strong>[Gen 9] National Dex is currently suspecting Sneasler! For information on how to participate check out the <a href=\"https:\/\/www.smogon.com\/forums\/threads\/sv-national-dex-suspect-8-just-dance.3731534\/\">suspect thread<\/a>.<\/strong><\/div>\n|j|\u2606japue\n|j|\u2606daniel241595\n|t:|1700547784\n|gametype|singles\n|player|p1|japue|cynthia|1583\n|player|p2|daniel241595|gambler|1485\n|teamsize|p1|6\n|teamsize|p2|6\n|gen|9\n|tier|[Gen 9] National Dex\n|rated|\n|rule|HP Percentage Mod: HP is shown in percentages\n|rule|Endless Battle Clause: Forcing endless battles is banned\n|rule|OHKO Clause: OHKO moves are banned\n|rule|Evasion Clause: Evasion abilities, items, and moves are banned\n|rule|Evasion Abilities Clause: Evasion abilities are banned\n|rule|Evasion Items Clause: Evasion items are banned\n|rule|Evasion Moves Clause: Evasion moves are banned\n|rule|Species Clause: Limit one of each Pok\u00e9mon\n|rule|Sleep Clause Mod: Limit one foe put to sleep\n|clearpoke\n|poke|p1|Medicham, F|\n|poke|p1|Ogerpon-Wellspring, F|\n|poke|p1|Heatran, M|\n|poke|p1|Toxapex, M|\n|poke|p1|Gliscor, M|\n|poke|p1|Aegislash, F|\n|poke|p2|Arcanine, M|\n|poke|p2|Flygon, F|\n|poke|p2|Empoleon, M|\n|poke|p2|Eelektross, F|\n|poke|p2|Florges, F|\n|poke|p2|Kleavor, M|\n|teampreview\n|inactive|Battle timer is ON: inactive players will automatically lose when time's up. (requested by japue)\n|inactive|daniel241595 has 120 seconds left.\n|l|\u2606japue\n|inactive|japue disconnected and has a minute to reconnect!\n|player|p1|\n|j|\u2606japue\n|inactive|japue reconnected.\n|player|p1|japue|cynthia\n|inactive|daniel241595 has 90 seconds left.\n|\n|t:|1700547855\n|start\n|switch|p1a: YOGA King|Medicham, F|100\/100\n|switch|p2a: Kleavor|Kleavor, M|100\/100\n|turn|1\n|\n|t:|1700547867\n|detailschange|p1a: YOGA King|Medicham-Mega, F\n|-mega|p1a: YOGA King|Medicham|Medichamite\n|move|p1a: YOGA King|Fake Out|p2a: Kleavor\n|-resisted|p2a: Kleavor\n|-damage|p2a: Kleavor|86\/100\n|cant|p2a: Kleavor|flinch\n|\n|upkeep\n|turn|2\n|\n|t:|1700547878\n|move|p2a: Kleavor|U-turn|p1a: YOGA King\n|-damage|p1a: YOGA King|49\/100\n|\n|t:|1700547889\n|switch|p2a: Arcanine|Arcanine, M, shiny|100\/100|[from] U-turn\n|-ability|p2a: Arcanine|Intimidate|boost\n|-unboost|p1a: YOGA King|atk|1\n|move|p1a: YOGA King|High Jump Kick|p2a: Arcanine|[miss]\n|-miss|p1a: YOGA King|p2a: Arcanine\n|-damage|p1a: YOGA King|0 fnt|[from] highjumpkick\n|faint|p1a: YOGA King\n|\n|upkeep\n|\n|t:|1700547893\n|switch|p1a: Ogerpon|Ogerpon-Wellspring, F|100\/100\n|turn|3\n|\n|t:|1700547909\n|move|p2a: Arcanine|Extreme Speed|p1a: Ogerpon\n|-damage|p1a: Ogerpon|60\/100\n|move|p1a: Ogerpon|U-turn|p2a: Arcanine\n|-resisted|p2a: Arcanine\n|-damage|p2a: Arcanine|88\/100\n|\n|t:|1700547915\n|switch|p1a: Toxapex|Toxapex, M|100\/100|[from] U-turn\n|\n|upkeep\n|turn|4\n|\n|t:|1700547934\n|switch|p2a: Flygon|Flygon, F|100\/100\n|move|p1a: Toxapex|Scald|p2a: Flygon\n|-damage|p2a: Flygon|77\/100\n|\n|upkeep\n|turn|5\n|\n|t:|1700547943\n|switch|p1a: Gliscor|Gliscor, M|100\/100\n|move|p2a: Flygon|Dragon Dance|p2a: Flygon\n|-boost|p2a: Flygon|atk|1\n|-boost|p2a: Flygon|spe|1\n|\n|-status|p1a: Gliscor|tox|[from] item: Toxic Orb\n|upkeep\n|turn|6\n|\n|t:|1700547967\n|-terastallize|p2a: Flygon|Steel\n|move|p2a: Flygon|Dragon Dance|p2a: Flygon\n|-boost|p2a: Flygon|atk|1\n|-boost|p2a: Flygon|spe|1\n|move|p1a: Gliscor|Earthquake|p2a: Flygon\n|-immune|p2a: Flygon|[from] ability: Levitate\n|\n|upkeep\n|turn|7\n|\n|t:|1700547973\n|move|p2a: Flygon|Dragon Dance|p2a: Flygon\n|-boost|p2a: Flygon|atk|1\n|-boost|p2a: Flygon|spe|1\n|move|p1a: Gliscor|U-turn|p2a: Flygon\n|-resisted|p2a: Flygon\n|-damage|p2a: Flygon|66\/100\n|\n|t:|1700547976\n|switch|p1a: Aegislash|Aegislash, F|100\/100|[from] U-turn\n|-item|p1a: Aegislash|Air Balloon\n|\n|upkeep\n|turn|8\n|\n|t:|1700547984\n|move|p2a: Flygon|Dual Wingbeat|p1a: Aegislash\n|-resisted|p1a: Aegislash\n|-damage|p1a: Aegislash|82\/100\n|-enditem|p1a: Aegislash|Air Balloon\n|-resisted|p1a: Aegislash\n|-damage|p1a: Aegislash|64\/100\n|-hitcount|p1a: Aegislash|2\n|-damage|p2a: Flygon|56\/100|[from] item: Life Orb\n|-formechange|p1a: Aegislash|Aegislash-Blade||[from] ability: Stance Change\n|move|p1a: Aegislash|Close Combat|p2a: Flygon\n|-supereffective|p2a: Flygon\n|-damage|p2a: Flygon|0 fnt\n|-unboost|p1a: Aegislash|def|1\n|-unboost|p1a: Aegislash|spd|1\n|faint|p2a: Flygon\n|\n|upkeep\n|\n|t:|1700547995\n|switch|p2a: Eelektross|Eelektross, F|100\/100\n|turn|9\n|\n|t:|1700548001\n|switch|p1a: Gliscor|Gliscor, M|100\/100 tox\n|move|p2a: Eelektross|Flamethrower|p1a: Gliscor\n|-damage|p1a: Gliscor|67\/100 tox\n|\n|-heal|p1a: Gliscor|79\/100 tox|[from] ability: Poison Heal\n|upkeep\n|turn|10\n|\n|t:|1700548007\n|move|p1a: Gliscor|U-turn|p2a: Eelektross\n|-damage|p2a: Eelektross|84\/100\n|\n|t:|1700548009\n|switch|p1a: \u4e0d\u8981\u6f14\u6211|Heatran, M|100\/100|[from] U-turn\n|move|p2a: Eelektross|Giga Drain|p1a: \u4e0d\u8981\u6f14\u6211\n|-resisted|p1a: \u4e0d\u8981\u6f14\u6211\n|-damage|p1a: \u4e0d\u8981\u6f14\u6211|96\/100\n|-heal|p2a: Eelektross|87\/100|[from] drain|[of] p1a: \u4e0d\u8981\u6f14\u6211\n|\n|-heal|p1a: \u4e0d\u8981\u6f14\u6211|100\/100|[from] item: Leftovers\n|upkeep\n|turn|11\n|\n|t:|1700548012\n|move|p1a: \u4e0d\u8981\u6f14\u6211|Magma Storm|p2a: Eelektross|[miss]\n|-miss|p1a: \u4e0d\u8981\u6f14\u6211|p2a: Eelektross\n|move|p2a: Eelektross|Volt Switch|p1a: \u4e0d\u8981\u6f14\u6211\n|-damage|p1a: \u4e0d\u8981\u6f14\u6211|78\/100\n|\n|t:|1700548026\n|switch|p2a: Kleavor|Kleavor, M|86\/100|[from] Volt Switch\n|\n|-heal|p1a: \u4e0d\u8981\u6f14\u6211|85\/100|[from] item: Leftovers\n|upkeep\n|turn|12\n|\n|t:|1700548029\n|move|p1a: \u4e0d\u8981\u6f14\u6211|Protect|p1a: \u4e0d\u8981\u6f14\u6211\n|-singleturn|p1a: \u4e0d\u8981\u6f14\u6211|Protect\n|move|p2a: Kleavor|Stone Axe|p1a: \u4e0d\u8981\u6f14\u6211\n|-activate|p1a: \u4e0d\u8981\u6f14\u6211|move: Protect\n|\n|-heal|p1a: \u4e0d\u8981\u6f14\u6211|91\/100|[from] item: Leftovers\n|upkeep\n|turn|13\n|\n|t:|1700548034\n|switch|p1a: Toxapex|Toxapex, M|100\/100\n|move|p2a: Kleavor|Stone Axe|p1a: Toxapex\n|-damage|p1a: Toxapex|68\/100\n|-sidestart|p1: japue|move: Stealth Rock\n|\n|-heal|p1a: Toxapex|74\/100|[from] item: Black Sludge\n|upkeep\n|turn|14\n|\n|t:|1700548041\n|switch|p2a: Eelektross|Eelektross, F|87\/100\n|move|p1a: Toxapex|Scald|p2a: Eelektross\n|-damage|p2a: Eelektross|75\/100\n|\n|-heal|p1a: Toxapex|80\/100|[from] item: Black Sludge\n|upkeep\n|turn|15\n|\n|t:|1700548049\n|switch|p1a: Gliscor|Gliscor, M|79\/100 tox\n|-damage|p1a: Gliscor|67\/100 tox|[from] Stealth Rock\n|move|p2a: Eelektross|Volt Switch|p1a: Gliscor\n|-immune|p1a: Gliscor\n|\n|-heal|p1a: Gliscor|79\/100 tox|[from] ability: Poison Heal\n|upkeep\n|turn|16\n|\n|t:|1700548053\n|move|p1a: Gliscor|U-turn|p2a: Eelektross\n|-damage|p2a: Eelektross|58\/100\n|\n|t:|1700548055\n|switch|p1a: Aegislash|Aegislash, F|64\/100|[from] U-turn\n|-damage|p1a: Aegislash|58\/100|[from] Stealth Rock\n|move|p2a: Eelektross|Giga Drain|p1a: Aegislash\n|-resisted|p1a: Aegislash\n|-damage|p1a: Aegislash|45\/100\n|-heal|p2a: Eelektross|62\/100|[from] drain|[of] p1a: Aegislash\n|\n|upkeep\n|turn|17\n|\n|t:|1700548057\n|move|p1a: Aegislash|Swords Dance|p1a: Aegislash\n|-boost|p1a: Aegislash|atk|2\n|move|p2a: Eelektross|Flamethrower|p1a: Aegislash\n|-supereffective|p1a: Aegislash\n|-damage|p1a: Aegislash|0 fnt\n|faint|p1a: Aegislash\n|\n|upkeep\n|\n|t:|1700548060\n|switch|p1a: \u4e0d\u8981\u6f14\u6211|Heatran, M|91\/100\n|-damage|p1a: \u4e0d\u8981\u6f14\u6211|78\/100|[from] Stealth Rock\n|turn|18\n|\n|t:|1700548063\n|move|p1a: \u4e0d\u8981\u6f14\u6211|Magma Storm|p2a: Eelektross\n|-damage|p2a: Eelektross|33\/100\n|-activate|p2a: Eelektross|move: Magma Storm|[of] p1a: \u4e0d\u8981\u6f14\u6211\n|move|p2a: Eelektross|Volt Switch|p1a: \u4e0d\u8981\u6f14\u6211\n|-damage|p1a: \u4e0d\u8981\u6f14\u6211|57\/100\n|\n|t:|1700548083\n|switch|p2a: Kleavor|Kleavor, M|86\/100|[from] Volt Switch\n|\n|-heal|p1a: \u4e0d\u8981\u6f14\u6211|64\/100|[from] item: Leftovers\n|upkeep\n|turn|19\n|\n|t:|1700548094\n|move|p1a: \u4e0d\u8981\u6f14\u6211|Protect|p1a: \u4e0d\u8981\u6f14\u6211\n|-singleturn|p1a: \u4e0d\u8981\u6f14\u6211|Protect\n|move|p2a: Kleavor|Knock Off|p1a: \u4e0d\u8981\u6f14\u6211\n|-activate|p1a: \u4e0d\u8981\u6f14\u6211|move: Protect\n|\n|-heal|p1a: \u4e0d\u8981\u6f14\u6211|70\/100|[from] item: Leftovers\n|upkeep\n|turn|20\n|\n|t:|1700548105\n|switch|p2a: Empoleon|Empoleon, M|100\/100\n|switch|p1a: Ogerpon|Ogerpon-Wellspring, F|60\/100\n|-damage|p1a: Ogerpon|47\/100|[from] Stealth Rock\n|\n|upkeep\n|turn|21\n|\n|t:|1700548108\n|move|p1a: Ogerpon|Horn Leech|p2a: Empoleon\n|-damage|p2a: Empoleon|74\/100\n|-heal|p1a: Ogerpon|61\/100|[from] drain|[of] p2a: Empoleon\n|move|p2a: Empoleon|Ice Beam|p1a: Ogerpon\n|-damage|p1a: Ogerpon|38\/100\n|\n|upkeep\n|turn|22\n|\n|t:|1700548117\n|switch|p2a: Arcanine|Arcanine, M, shiny|88\/100\n|-ability|p2a: Arcanine|Intimidate|boost\n|-unboost|p1a: Ogerpon|atk|1\n|-terastallize|p1a: Ogerpon|Water\n|detailschange|p1a: Ogerpon|Ogerpon-Wellspring-Tera, F, tera:Water\n|-ability|p1a: Ogerpon|Embody Aspect (Wellspring)|boost\n|-boost|p1a: Ogerpon|spd|1\n|move|p1a: Ogerpon|Horn Leech|p2a: Arcanine\n|-resisted|p2a: Arcanine\n|-damage|p2a: Arcanine|75\/100\n|-heal|p1a: Ogerpon|44\/100|[from] drain|[of] p2a: Arcanine\n|\n|upkeep\n|turn|23\n|\n|t:|1700548122\n|move|p2a: Arcanine|Extreme Speed|p1a: Ogerpon\n|-damage|p1a: Ogerpon|0 fnt\n|faint|p1a: Ogerpon\n|\n|upkeep\n|\n|t:|1700548126\n|switch|p1a: Toxapex|Toxapex, M|100\/100\n|-damage|p1a: Toxapex|88\/100|[from] Stealth Rock\n|turn|24\n|\n|t:|1700548133\n|switch|p2a: Florges|Florges, F|100\/100\n|move|p1a: Toxapex|Scald|p2a: Florges\n|-damage|p2a: Florges|90\/100\n|\n|-heal|p2a: Florges|97\/100|[from] item: Leftovers\n|-heal|p1a: Toxapex|94\/100|[from] item: Black Sludge\n|upkeep\n|turn|25\n|-message|japue forfeited.\n|\n|win|daniel241595\n|raw|japue's rating: 1583 &rarr; <strong>1558<\/strong><br \/>(-25 for losing)\n|raw|daniel241595's rating: 1485 &rarr; <strong>1510<\/strong><br \/>(+25 for winning)\n|l|\u2606japue\n","uploadtime":1700548142,"views":10,"p1id":"japue","p2id":"daniel241595","formatid":"gen9nationaldex","rating":1510,"private":0,"password":""}