{"id":"gen9nationaldex-1989132564","p1":"Tsheezi","p2":"monsterapper","format":"[Gen 9] National Dex","log":"|j|\u2606Tsheezi\n|j|\u2606monsterapper\n|t:|1699815707\n|gametype|singles\n|player|p1|Tsheezi|170|1326\n|player|p2|monsterapper|veteran|1401\n|teamsize|p1|6\n|teamsize|p2|6\n|gen|9\n|tier|[Gen 9] National Dex\n|rated|\n|rule|HP Percentage Mod: HP is shown in percentages\n|rule|Endless Battle Clause: Forcing endless battles is banned\n|rule|OHKO Clause: OHKO moves are banned\n|rule|Evasion Clause: Evasion abilities, items, and moves are banned\n|rule|Evasion Abilities Clause: Evasion abilities are banned\n|rule|Evasion Items Clause: Evasion items are banned\n|rule|Evasion Moves Clause: Evasion moves are banned\n|rule|Species Clause: Limit one of each Pok\u00e9mon\n|rule|Sleep Clause Mod: Limit one foe put to sleep\n|clearpoke\n|poke|p1|Volcanion|\n|poke|p1|Zapdos|\n|poke|p1|Gallade, M|\n|poke|p1|Urshifu-*, F|\n|poke|p1|Diancie|\n|poke|p1|Bisharp, F|\n|poke|p2|Lopunny, F|\n|poke|p2|Zoroark-Hisui, F|\n|poke|p2|Blissey, F|\n|poke|p2|Ditto|\n|poke|p2|Staraptor, F|\n|poke|p2|Ursaluna, M|\n|teampreview\n|\n|t:|1699815730\n|start\n|switch|p1a: Bisharp|Bisharp, F|100\/100\n|switch|p2a: Shang Tsung|Ditto|100\/100\n|-transform|p2a: Shang Tsung|p1a: Bisharp|[from] ability: Imposter\n|turn|1\n|\n|t:|1699815749\n|switch|p1a: Smoker|Volcanion|100\/100\n|move|p2a: Shang Tsung|Iron Head|p1a: Smoker\n|-resisted|p1a: Smoker\n|-damage|p1a: Smoker|92\/100\n|\n|upkeep\n|turn|2\n|\n|t:|1699815759\n|switch|p2a: Tamago|Blissey, F|100\/100\n|move|p1a: Smoker|Flamethrower|p2a: Tamago\n|-damage|p2a: Tamago|83\/100\n|\n|upkeep\n|turn|3\n|\n|t:|1699815771\n|switch|p1a: Urshifu|Urshifu-Rapid-Strike, F|100\/100\n|move|p2a: Tamago|Teleport|p2a: Tamago\n|\n|t:|1699815785\n|switch|p2a: DemonDice|Staraptor, F|100\/100|[from] Teleport\n|-ability|p2a: DemonDice|Intimidate|boost\n|-unboost|p1a: Urshifu|atk|1\n|\n|upkeep\n|turn|4\n|\n|t:|1699815792\n|switch|p1a: Zapdos|Zapdos|100\/100\n|move|p2a: DemonDice|U-turn|p1a: Zapdos\n|-resisted|p1a: Zapdos\n|-damage|p1a: Zapdos|91\/100\n|\n|t:|1699815807\n|switch|p2a: Oliver|Ursaluna, M|100\/100|[from] U-turn\n|\n|-status|p2a: Oliver|brn|[from] item: Flame Orb\n|upkeep\n|turn|5\n|\n|t:|1699815842\n|switch|p1a: Zoro|Gallade, M, shiny|100\/100\n|move|p2a: Oliver|Facade|p1a: Zoro\n|-damage|p1a: Zoro|0 fnt\n|faint|p1a: Zoro\n|\n|-damage|p2a: Oliver|94\/100 brn|[from] brn\n|upkeep\n|\n|t:|1699815852\n|switch|p1a: Smoker|Volcanion|92\/100\n|turn|6\n|\n|t:|1699815861\n|switch|p2a: Tamago|Blissey, F|83\/100\n|move|p1a: Smoker|Steam Eruption|p2a: Tamago\n|-damage|p2a: Tamago|60\/100\n|-status|p2a: Tamago|brn\n|\n|-damage|p2a: Tamago|53\/100 brn|[from] brn\n|upkeep\n|turn|7\n|\n|t:|1699815871\n|switch|p1a: Urshifu|Urshifu-Rapid-Strike, F|100\/100\n|move|p2a: Tamago|Teleport|p2a: Tamago\n|\n|t:|1699815905\n|-curestatus|p2a: Tamago|brn|[from] ability: Natural Cure\n|switch|p2a: Miruko|Lopunny, F|100\/100|[from] Teleport\n|\n|upkeep\n|turn|8\n|\n|t:|1699815913\n|move|p2a: Miruko|Fake Out|p1a: Urshifu\n|-damage|p1a: Urshifu|90\/100\n|cant|p1a: Urshifu|flinch\n|\n|upkeep\n|turn|9\n|\n|t:|1699815923\n|move|p2a: Miruko|U-turn|p1a: Urshifu\n|-resisted|p1a: Urshifu\n|-damage|p1a: Urshifu|83\/100\n|\n|t:|1699815929\n|switch|p2a: DemonDice|Staraptor, F|100\/100|[from] U-turn\n|-ability|p2a: DemonDice|Intimidate|boost\n|-unboost|p1a: Urshifu|atk|1\n|move|p1a: Urshifu|Surging Strikes|p2a: DemonDice\n|-crit|p2a: DemonDice\n|-damage|p2a: DemonDice|82\/100\n|-crit|p2a: DemonDice\n|-damage|p2a: DemonDice|65\/100\n|-crit|p2a: DemonDice\n|-damage|p2a: DemonDice|47\/100\n|-hitcount|p2a: DemonDice|3\n|\n|upkeep\n|turn|10\n|\n|t:|1699815947\n|switch|p1a: Zapdos|Zapdos|91\/100\n|move|p2a: DemonDice|Roost|p2a: DemonDice\n|-heal|p2a: DemonDice|97\/100\n|-singleturn|p2a: DemonDice|move: Roost\n|\n|upkeep\n|turn|11\n|\n|t:|1699815954\n|switch|p2a: Tamago|Blissey, F|53\/100\n|move|p1a: Zapdos|Hurricane|p2a: Tamago\n|-damage|p2a: Tamago|31\/100\n|\n|upkeep\n|turn|12\n|\n|t:|1699815963\n|-terastallize|p1a: Zapdos|Electric\n|move|p1a: Zapdos|Thunder|p2a: Tamago\n|-damage|p2a: Tamago|1\/100\n|move|p2a: Tamago|Soft-Boiled|p2a: Tamago\n|-heal|p2a: Tamago|51\/100\n|\n|upkeep\n|turn|13\n|\n|t:|1699815972\n|switch|p1a: Urshifu|Urshifu-Rapid-Strike, F|83\/100\n|move|p2a: Tamago|Soft-Boiled|p2a: Tamago\n|-heal|p2a: Tamago|100\/100\n|\n|upkeep\n|turn|14\n|\n|t:|1699816004\n|switch|p2a: Shang Tsung|Ditto|100\/100\n|-transform|p2a: Shang Tsung|p1a: Urshifu|[from] ability: Imposter\n|move|p1a: Urshifu|Drain Punch|p2a: Shang Tsung\n|-damage|p2a: Shang Tsung|59\/100\n|-heal|p1a: Urshifu|100\/100|[from] drain|[of] p2a: Shang Tsung\n|\n|upkeep\n|turn|15\n|\n|t:|1699816018\n|switch|p1a: Zapdos|Zapdos, tera:Electric|91\/100\n|move|p2a: Shang Tsung|Drain Punch|p1a: Zapdos\n|-damage|p1a: Zapdos|47\/100\n|-heal|p2a: Shang Tsung|87\/100|[from] drain|[of] p1a: Zapdos\n|-status|p2a: Shang Tsung|par|[from] ability: Static|[of] p1a: Zapdos\n|\n|upkeep\n|turn|16\n|\n|t:|1699816035\n|switch|p2a: Tamago|Blissey, F|100\/100\n|move|p1a: Zapdos|Roost|p1a: Zapdos\n|-heal|p1a: Zapdos|98\/100\n|\n|upkeep\n|turn|17\n|\n|t:|1699816045\n|switch|p1a: Urshifu|Urshifu-Rapid-Strike, F|100\/100\n|move|p2a: Tamago|Toxic|p1a: Urshifu\n|-status|p1a: Urshifu|tox\n|\n|-damage|p1a: Urshifu|94\/100 tox|[from] psn\n|upkeep\n|turn|18\n|\n|t:|1699816057\n|move|p1a: Urshifu|Iron Head|p2a: Tamago\n|-damage|p2a: Tamago|75\/100\n|move|p2a: Tamago|Teleport|p2a: Tamago\n|\n|t:|1699816071\n|switch|p2a: DemonDice|Staraptor, F|97\/100|[from] Teleport\n|-ability|p2a: DemonDice|Intimidate|boost\n|-unboost|p1a: Urshifu|atk|1\n|\n|-damage|p1a: Urshifu|82\/100 tox|[from] psn\n|upkeep\n|turn|19\n|\n|t:|1699816084\n|switch|p2a: Oliver|Ursaluna, M|94\/100 brn\n|switch|p1a: Diancie|Diancie|100\/100\n|\n|-damage|p2a: Oliver|88\/100 brn|[from] brn\n|upkeep\n|turn|20\n|\n|t:|1699816104\n|switch|p1a: Urshifu|Urshifu-Rapid-Strike, F|82\/100 tox\n|move|p2a: Oliver|Earthquake|p1a: Urshifu\n|-damage|p1a: Urshifu|13\/100 tox\n|\n|-damage|p1a: Urshifu|7\/100 tox|[from] psn\n|-damage|p2a: Oliver|82\/100 brn|[from] brn\n|upkeep\n|turn|21\n|\n|t:|1699816119\n|switch|p2a: Miruko|Lopunny, F|100\/100\n|move|p1a: Urshifu|Ice Spinner|p2a: Miruko\n|-damage|p2a: Miruko|40\/100\n|replace|p2a: E621|Zoroark-Hisui, F\n|-end|p2a: E621|Illusion\n|\n|-damage|p1a: Urshifu|0 fnt|[from] psn\n|faint|p1a: Urshifu\n|upkeep\n|\n|t:|1699816128\n|switch|p1a: Bisharp|Bisharp, F|100\/100\n|turn|22\n|\n|t:|1699816134\n|move|p1a: Bisharp|Sucker Punch|p2a: E621\n|-supereffective|p2a: E621\n|-damage|p2a: E621|0 fnt\n|faint|p2a: E621\n|\n|upkeep\n|\n|t:|1699816139\n|switch|p2a: Oliver|Ursaluna, M|82\/100 brn\n|turn|23\n|\n|t:|1699816152\n|move|p1a: Bisharp|Sucker Punch|p2a: Oliver\n|-damage|p2a: Oliver|55\/100 brn\n|move|p2a: Oliver|Earthquake|p1a: Bisharp\n|-supereffective|p1a: Bisharp\n|-damage|p1a: Bisharp|0 fnt\n|faint|p1a: Bisharp\n|\n|-damage|p2a: Oliver|49\/100 brn|[from] brn\n|upkeep\n|\n|t:|1699816162\n|switch|p1a: Zapdos|Zapdos, tera:Electric|98\/100\n|turn|24\n|\n|t:|1699816166\n|move|p1a: Zapdos|Hurricane|p2a: Oliver|[miss]\n|-miss|p1a: Zapdos|p2a: Oliver\n|move|p2a: Oliver|Earthquake|p1a: Zapdos\n|-supereffective|p1a: Zapdos\n|-damage|p1a: Zapdos|0 fnt\n|faint|p1a: Zapdos\n|\n|-damage|p2a: Oliver|43\/100 brn|[from] brn\n|upkeep\n|\n|t:|1699816178\n|switch|p1a: Diancie|Diancie|100\/100\n|turn|25\n|\n|t:|1699816182\n|move|p2a: Oliver|Earthquake|p1a: Diancie\n|-supereffective|p1a: Diancie\n|-damage|p1a: Diancie|0 fnt\n|faint|p1a: Diancie\n|\n|-damage|p2a: Oliver|37\/100 brn|[from] brn\n|upkeep\n|\n|t:|1699816189\n|switch|p1a: Smoker|Volcanion|92\/100\n|turn|26\n|\n|t:|1699816194\n|switch|p2a: Tamago|Blissey, F|75\/100\n|move|p1a: Smoker|Steam Eruption|p2a: Tamago\n|-damage|p2a: Tamago|51\/100\n|\n|upkeep\n|turn|27\n|\n|t:|1699816201\n|move|p1a: Smoker|Focus Blast|p2a: Tamago\n|-supereffective|p2a: Tamago\n|-damage|p2a: Tamago|17\/100\n|move|p2a: Tamago|Soft-Boiled|p2a: Tamago\n|-heal|p2a: Tamago|67\/100\n|\n|upkeep\n|turn|28\n|-message|Tsheezi forfeited.\n|\n|win|monsterapper\n|raw|Tsheezi's rating: 1326 &rarr; <strong>1310<\/strong><br \/>(-16 for losing)\n|raw|monsterapper's rating: 1401 &rarr; <strong>1417<\/strong><br \/>(+16 for winning)\n|l|\u2606Tsheezi\n","uploadtime":1699816213,"views":5,"p1id":"tsheezi","p2id":"monsterapper","formatid":"gen9nationaldex","rating":1310,"private":0,"password":""}