{"id":"gen9nationaldex-1990774489","p1":"Regielekiv2","p2":"Si Si Papi","format":"[Gen 9] National Dex","log":"|j|\u2606Regielekiv2\n|j|\u2606Si Si Papi\n|t:|1699999574\n|gametype|singles\n|player|p1|Regielekiv2|clair|1699\n|player|p2|Si Si Papi|102|1624\n|teamsize|p1|6\n|teamsize|p2|6\n|gen|9\n|tier|[Gen 9] National Dex\n|rated|\n|rule|HP Percentage Mod: HP is shown in percentages\n|rule|Endless Battle Clause: Forcing endless battles is banned\n|rule|OHKO Clause: OHKO moves are banned\n|rule|Evasion Clause: Evasion abilities, items, and moves are banned\n|rule|Evasion Abilities Clause: Evasion abilities are banned\n|rule|Evasion Items Clause: Evasion items are banned\n|rule|Evasion Moves Clause: Evasion moves are banned\n|rule|Species Clause: Limit one of each Pok\u00e9mon\n|rule|Sleep Clause Mod: Limit one foe put to sleep\n|clearpoke\n|poke|p1|Absol, M|\n|poke|p1|Tapu Koko|\n|poke|p1|Sneasler, F|\n|poke|p1|Clefable, M|\n|poke|p1|Landorus-Therian, M|\n|poke|p1|Jirachi|\n|poke|p2|Excadrill, M|\n|poke|p2|Tyranitar, F|\n|poke|p2|Gliscor, M|\n|poke|p2|Blacephalon|\n|poke|p2|Garganacl, M|\n|poke|p2|Latias, F|\n|teampreview\n|\n|t:|1699999587\n|start\n|switch|p1a: Landorus|Landorus-Therian, M|100\/100\n|switch|p2a: Blacephalon|Blacephalon|100\/100\n|-ability|p1a: Landorus|Intimidate|boost\n|-unboost|p2a: Blacephalon|atk|1\n|turn|1\n|\n|t:|1699999593\n|move|p2a: Blacephalon|Mind Blown|p1a: Landorus\n|-damage|p1a: Landorus|24\/100\n|-damage|p2a: Blacephalon|50\/100|[from] mindblown\n|move|p1a: Landorus|Earthquake|p2a: Blacephalon\n|-supereffective|p2a: Blacephalon\n|-damage|p2a: Blacephalon|0 fnt\n|faint|p2a: Blacephalon\n|\n|-heal|p1a: Landorus|30\/100|[from] item: Leftovers\n|upkeep\n|\n|t:|1699999602\n|switch|p2a: Latias|Latias, F|100\/100\n|turn|2\n|\n|t:|1699999606\n|switch|p1a: Absol|Absol, M|100\/100\n|detailschange|p2a: Latias|Latias-Mega, F\n|-mega|p2a: Latias|Latias|Latiasite\n|move|p2a: Latias|Psychic|p1a: Absol\n|-immune|p1a: Absol\n|\n|upkeep\n|turn|3\n|\n|t:|1699999612\n|-activate|p2a: Latias|move: Pursuit\n|detailschange|p1a: Absol|Absol-Mega, M\n|-mega|p1a: Absol|Absol|Absolite\n|move|p1a: Absol|Pursuit|p2a: Latias|[from]Pursuit\n|-supereffective|p2a: Latias\n|-damage|p2a: Latias|36\/100\n|switch|p2a: Tyranitar|Tyranitar, F|100\/100\n|-weather|Sandstorm|[from] ability: Sand Stream|[of] p2a: Tyranitar\n|\n|-weather|Sandstorm|[upkeep]\n|-damage|p1a: Absol|95\/100|[from] Sandstorm\n|upkeep\n|turn|4\n|\n|t:|1699999618\n|move|p1a: Absol|Knock Off|p2a: Tyranitar\n|-resisted|p2a: Tyranitar\n|-damage|p2a: Tyranitar|82\/100\n|-enditem|p2a: Tyranitar|Smooth Rock|[from] move: Knock Off|[of] p1a: Absol\n|move|p2a: Tyranitar|Stone Edge|p1a: Absol\n|-damage|p1a: Absol|0 fnt\n|faint|p1a: Absol\n|\n|-weather|Sandstorm|[upkeep]\n|upkeep\n|\n|t:|1699999623\n|switch|p1a: Sneasler|Sneasler, F, shiny|100\/100\n|turn|5\n|\n|t:|1699999634\n|switch|p1a: Landorus|Landorus-Therian, M|30\/100\n|-ability|p1a: Landorus|Intimidate|boost\n|-unboost|p2a: Tyranitar|atk|1\n|-terastallize|p2a: Tyranitar|Ghost\n|move|p2a: Tyranitar|Thunder Wave|p1a: Landorus\n|-immune|p1a: Landorus\n|\n|-weather|Sandstorm|[upkeep]\n|-damage|p2a: Tyranitar|76\/100|[from] Sandstorm\n|-heal|p1a: Landorus|36\/100|[from] item: Leftovers\n|upkeep\n|turn|6\n|\n|t:|1699999638\n|switch|p2a: Gliscor|Gliscor, M|100\/100\n|move|p1a: Landorus|Stealth Rock|p2a: Gliscor\n|-sidestart|p2: Si Si Papi|move: Stealth Rock\n|\n|-weather|Sandstorm|[upkeep]\n|-heal|p1a: Landorus|42\/100|[from] item: Leftovers\n|-status|p2a: Gliscor|tox|[from] item: Toxic Orb\n|upkeep\n|turn|7\n|\n|t:|1699999642\n|move|p2a: Gliscor|Toxic|p1a: Landorus\n|-status|p1a: Landorus|tox\n|move|p1a: Landorus|Hidden Power|p2a: Gliscor\n|-supereffective|p2a: Gliscor\n|-damage|p2a: Gliscor|38\/100 tox\n|\n|-weather|Sandstorm|[upkeep]\n|-heal|p1a: Landorus|48\/100 tox|[from] item: Leftovers\n|-heal|p2a: Gliscor|51\/100 tox|[from] ability: Poison Heal\n|-damage|p1a: Landorus|42\/100 tox|[from] psn\n|upkeep\n|turn|8\n|\n|t:|1699999646\n|move|p2a: Gliscor|Roost|p2a: Gliscor\n|-heal|p2a: Gliscor|100\/100 tox\n|-singleturn|p2a: Gliscor|move: Roost\n|move|p1a: Landorus|Hidden Power|p2a: Gliscor\n|-supereffective|p2a: Gliscor\n|-damage|p2a: Gliscor|68\/100 tox\n|\n|-weather|Sandstorm|[upkeep]\n|-heal|p1a: Landorus|48\/100 tox|[from] item: Leftovers\n|-heal|p2a: Gliscor|81\/100 tox|[from] ability: Poison Heal\n|-damage|p1a: Landorus|36\/100 tox|[from] psn\n|upkeep\n|turn|9\n|\n|t:|1699999650\n|move|p2a: Gliscor|Protect|p2a: Gliscor\n|-singleturn|p2a: Gliscor|Protect\n|move|p1a: Landorus|U-turn|p2a: Gliscor\n|-activate|p2a: Gliscor|move: Protect\n|\n|-weather|Sandstorm|[upkeep]\n|-heal|p1a: Landorus|42\/100 tox|[from] item: Leftovers\n|-heal|p2a: Gliscor|93\/100 tox|[from] ability: Poison Heal\n|-damage|p1a: Landorus|24\/100 tox|[from] psn\n|upkeep\n|turn|10\n|\n|t:|1699999661\n|switch|p2a: Garganacl|Garganacl, M|100\/100\n|-damage|p2a: Garganacl|88\/100|[from] Stealth Rock\n|move|p1a: Landorus|U-turn|p2a: Garganacl\n|-damage|p2a: Garganacl|75\/100\n|\n|t:|1699999665\n|switch|p1a: Sneasler|Sneasler, F, shiny|100\/100|[from] U-turn\n|\n|-weather|none\n|-heal|p2a: Garganacl|81\/100|[from] item: Leftovers\n|upkeep\n|turn|11\n|\n|t:|1699999668\n|move|p1a: Sneasler|Close Combat|p2a: Garganacl\n|-supereffective|p2a: Garganacl\n|-damage|p2a: Garganacl|0 fnt\n|-unboost|p1a: Sneasler|def|1\n|-unboost|p1a: Sneasler|spd|1\n|faint|p2a: Garganacl\n|\n|upkeep\n|\n|t:|1699999673\n|switch|p2a: Tyranitar|Tyranitar, F, tera:Ghost|76\/100\n|-damage|p2a: Tyranitar|63\/100|[from] Stealth Rock\n|-weather|Sandstorm|[from] ability: Sand Stream|[of] p2a: Tyranitar\n|turn|12\n|\n|t:|1699999676\n|switch|p1a: Landorus|Landorus-Therian, M|24\/100 tox\n|-ability|p1a: Landorus|Intimidate|boost\n|-unboost|p2a: Tyranitar|atk|1\n|move|p2a: Tyranitar|Stone Edge|p1a: Landorus\n|-damage|p1a: Landorus|0 fnt\n|faint|p1a: Landorus\n|\n|-weather|Sandstorm|[upkeep]\n|-damage|p2a: Tyranitar|57\/100|[from] Sandstorm\n|upkeep\n|\n|t:|1699999682\n|switch|p1a: Jirachi|Jirachi|100\/100\n|turn|13\n|\n|t:|1699999686\n|switch|p2a: Gliscor|Gliscor, M|93\/100 tox\n|-damage|p2a: Gliscor|81\/100 tox|[from] Stealth Rock\n|move|p1a: Jirachi|Iron Head|p2a: Gliscor\n|-damage|p2a: Gliscor|64\/100 tox\n|\n|-weather|Sandstorm|[upkeep]\n|-heal|p2a: Gliscor|76\/100 tox|[from] ability: Poison Heal\n|upkeep\n|turn|14\n|\n|t:|1699999689\n|move|p1a: Jirachi|Iron Head|p2a: Gliscor\n|-damage|p2a: Gliscor|59\/100 tox\n|cant|p2a: Gliscor|flinch\n|\n|-weather|Sandstorm|[upkeep]\n|-heal|p2a: Gliscor|71\/100 tox|[from] ability: Poison Heal\n|upkeep\n|turn|15\n|\n|t:|1699999692\n|move|p2a: Gliscor|Protect|p2a: Gliscor\n|-singleturn|p2a: Gliscor|Protect\n|move|p1a: Jirachi|U-turn|p2a: Gliscor\n|-activate|p2a: Gliscor|move: Protect\n|\n|-weather|Sandstorm|[upkeep]\n|-heal|p2a: Gliscor|84\/100 tox|[from] ability: Poison Heal\n|upkeep\n|turn|16\n|\n|t:|1699999694\n|move|p1a: Jirachi|Iron Head|p2a: Gliscor\n|-damage|p2a: Gliscor|67\/100 tox\n|cant|p2a: Gliscor|flinch\n|\n|-weather|none\n|-heal|p2a: Gliscor|79\/100 tox|[from] ability: Poison Heal\n|upkeep\n|turn|17\n|\n|t:|1699999697\n|move|p1a: Jirachi|U-turn|p2a: Gliscor\n|-resisted|p2a: Gliscor\n|-damage|p2a: Gliscor|74\/100 tox\n|\n|t:|1699999699\n|switch|p1a: Clefable|Clefable, M|100\/100|[from] U-turn\n|move|p2a: Gliscor|Earthquake|p1a: Clefable\n|-damage|p1a: Clefable|77\/100\n|\n|-heal|p1a: Clefable|83\/100|[from] item: Leftovers\n|-heal|p2a: Gliscor|87\/100 tox|[from] ability: Poison Heal\n|upkeep\n|turn|18\n|j| hainiumm\n|\n|t:|1699999705\n|switch|p2a: Excadrill|Excadrill, M|100\/100\n|-damage|p2a: Excadrill|97\/100|[from] Stealth Rock\n|move|p1a: Clefable|Flamethrower|p2a: Excadrill\n|-supereffective|p2a: Excadrill\n|-damage|p2a: Excadrill|49\/100\n|\n|-heal|p1a: Clefable|90\/100|[from] item: Leftovers\n|upkeep\n|turn|19\n|\n|t:|1699999710\n|move|p2a: Excadrill|Rapid Spin|p1a: Clefable\n|-damage|p1a: Clefable|74\/100\n|-boost|p2a: Excadrill|spe|1\n|-sideend|p2: Si Si Papi|Stealth Rock|[from] move: Rapid Spin|[of] p2a: Excadrill\n|move|p1a: Clefable|Flamethrower|p2a: Excadrill\n|-supereffective|p2a: Excadrill\n|-damage|p2a: Excadrill|0 fnt\n|faint|p2a: Excadrill\n|\n|-heal|p1a: Clefable|80\/100|[from] item: Leftovers\n|upkeep\n|\n|t:|1699999716\n|switch|p2a: Tyranitar|Tyranitar, F, tera:Ghost|57\/100\n|-weather|Sandstorm|[from] ability: Sand Stream|[of] p2a: Tyranitar\n|turn|20\n|\n|t:|1699999719\n|move|p2a: Tyranitar|Thunder Wave|p1a: Clefable\n|-status|p1a: Clefable|par\n|cant|p1a: Clefable|par\n|\n|-weather|Sandstorm|[upkeep]\n|-damage|p2a: Tyranitar|51\/100|[from] Sandstorm\n|-heal|p1a: Clefable|86\/100 par|[from] item: Leftovers\n|upkeep\n|turn|21\n|\n|t:|1699999722\n|move|p2a: Tyranitar|Stone Edge|p1a: Clefable\n|-damage|p1a: Clefable|45\/100 par\n|move|p1a: Clefable|Moonblast|p2a: Tyranitar\n|-damage|p2a: Tyranitar|26\/100\n|-unboost|p2a: Tyranitar|spa|1\n|\n|-weather|Sandstorm|[upkeep]\n|-damage|p2a: Tyranitar|20\/100|[from] Sandstorm\n|-heal|p1a: Clefable|52\/100 par|[from] item: Leftovers\n|upkeep\n|turn|22\n|\n|t:|1699999725\n|move|p2a: Tyranitar|Stone Edge|p1a: Clefable\n|-crit|p1a: Clefable\n|-damage|p1a: Clefable|0 fnt\n|faint|p1a: Clefable\n|\n|-weather|Sandstorm|[upkeep]\n|-damage|p2a: Tyranitar|14\/100|[from] Sandstorm\n|upkeep\n|\n|t:|1699999729\n|switch|p1a: Tapu Koko|Tapu Koko|100\/100\n|-fieldstart|move: Electric Terrain|[from] ability: Electric Surge|[of] p1a: Tapu Koko\n|turn|23\n|\n|t:|1699999734\n|move|p1a: Tapu Koko|Dazzling Gleam|p2a: Tyranitar\n|-damage|p2a: Tyranitar|0 fnt\n|faint|p2a: Tyranitar\n|\n|-weather|Sandstorm|[upkeep]\n|-damage|p1a: Tapu Koko|94\/100|[from] Sandstorm\n|upkeep\n|\n|t:|1699999737\n|switch|p2a: Gliscor|Gliscor, M|87\/100 tox\n|turn|24\n|\n|t:|1699999740\n|-zpower|p1a: Tapu Koko\n|move|p1a: Tapu Koko|Twinkle Tackle|p2a: Gliscor|[zeffect]\n|-damage|p2a: Gliscor|9\/100 tox\n|move|p2a: Gliscor|Earthquake|p1a: Tapu Koko\n|-supereffective|p1a: Tapu Koko\n|-damage|p1a: Tapu Koko|6\/100\n|\n|-weather|none\n|-heal|p2a: Gliscor|21\/100 tox|[from] ability: Poison Heal\n|upkeep\n|turn|25\n|\n|t:|1699999744\n|move|p2a: Gliscor|Protect|p2a: Gliscor\n|-singleturn|p2a: Gliscor|Protect\n|move|p1a: Tapu Koko|Dazzling Gleam|p2a: Gliscor\n|-activate|p2a: Gliscor|move: Protect\n|\n|-heal|p2a: Gliscor|34\/100 tox|[from] ability: Poison Heal\n|upkeep\n|turn|26\n|\n|t:|1699999747\n|move|p1a: Tapu Koko|Dazzling Gleam|p2a: Gliscor\n|-crit|p2a: Gliscor\n|-damage|p2a: Gliscor|0 fnt\n|faint|p2a: Gliscor\n|\n|upkeep\n|-message|Si Si Papi forfeited.\n|\n|win|Regielekiv2\n|raw|Regielekiv2's rating: 1699 &rarr; <strong>1715<\/strong><br \/>(+16 for winning)\n|raw|Si Si Papi's rating: 1624 &rarr; <strong>1608<\/strong><br \/>(-16 for losing)\n|l|\u2606Si Si Papi\n|l|\u2606Regielekiv2\n|j|\u2606Regielekiv2\n|player|p1|Regielekiv2|clair\n","uploadtime":1699999756,"views":6,"p1id":"regielekiv2","p2id":"sisipapi","formatid":"gen9nationaldex","rating":1608,"private":0,"password":""}