{"id":"gen9nationaldex-1989682661","p1":"Just B3A$T","p2":"ThatOneZoro\/Zoa","format":"[Gen 9] National Dex","log":"|j|\u2606Just B3A$T\n|j|\u2606ThatOneZoro\/Zoa\n|t:|1699886469\n|gametype|singles\n|player|p1|Just B3A$T|dawn|\n|player|p2|ThatOneZoro\/Zoa|grusha|\n|teamsize|p1|6\n|teamsize|p2|6\n|gen|9\n|tier|[Gen 9] National Dex\n|rule|HP Percentage Mod: HP is shown in percentages\n|rule|Endless Battle Clause: Forcing endless battles is banned\n|rule|OHKO Clause: OHKO moves are banned\n|rule|Evasion Clause: Evasion abilities, items, and moves are banned\n|rule|Evasion Abilities Clause: Evasion abilities are banned\n|rule|Evasion Items Clause: Evasion items are banned\n|rule|Evasion Moves Clause: Evasion moves are banned\n|rule|Species Clause: Limit one of each Pok\u00e9mon\n|rule|Sleep Clause Mod: Limit one foe put to sleep\n|clearpoke\n|poke|p1|Pinsir, M|\n|poke|p1|Blaziken, M|\n|poke|p1|Zapdos|\n|poke|p1|Hoopa-Unbound|\n|poke|p1|Aegislash, M|\n|poke|p1|Tornadus-Therian, M|\n|poke|p2|Tapu Koko|\n|poke|p2|Iron Valiant|\n|poke|p2|Raichu-Alola, M|\n|poke|p2|Iron Hands|\n|poke|p2|Thundurus-Therian, M|\n|poke|p2|Rotom-Wash|\n|teampreview\n|inactive|Battle timer is ON: inactive players will automatically lose when time's up. (requested by Just B3A$T)\n|c|\u2606ThatOneZoro\/Zoa|glhf\n|c|\u2606Just B3A$T|it's a Jojo themed team\n|c|\u2606Just B3A$T|!!!\n|c|\u2606Just B3A$T|u3\n|c|\u2606Just B3A$T|*u2\n|\n|t:|1699886488\n|start\n|switch|p1a: Tornadus|Tornadus-Therian, M, shiny|100\/100\n|switch|p2a: Tapu Koko|Tapu Koko|100\/100\n|-fieldstart|move: Electric Terrain|[from] ability: Electric Surge|[of] p2a: Tapu Koko\n|turn|1\n|c|\u2606ThatOneZoro\/Zoa|Jojo\n|inactive|Just B3A$T has 270 seconds left.\n|\n|t:|1699886540\n|switch|p1a: Aegislash|Aegislash, M, shiny|100\/100\n|move|p2a: Tapu Koko|Thunderbolt|p1a: Aegislash\n|-damage|p1a: Aegislash|75\/100\n|\n|upkeep\n|turn|2\n|inactive|Just B3A$T has 240 seconds left.\n|\n|t:|1699886579\n|move|p2a: Tapu Koko|Volt Switch|p1a: Aegislash\n|-damage|p1a: Aegislash|53\/100\n|\n|t:|1699886581\n|switch|p2a: Iron Valiant|Iron Valiant|100\/100|[from] Volt Switch\n|-activate|p2a: Iron Valiant|ability: Quark Drive\n|-start|p2a: Iron Valiant|quarkdrivespe\n|-formechange|p1a: Aegislash|Aegislash-Blade||[from] ability: Stance Change\n|move|p1a: Aegislash|Iron Head|p2a: Iron Valiant\n|-supereffective|p2a: Iron Valiant\n|-damage|p2a: Iron Valiant|0 fnt\n|faint|p2a: Iron Valiant\n|-end|p2a: Iron Valiant|Quark Drive|[silent]\n|\n|upkeep\n|c|\u2606ThatOneZoro\/Zoa|I misclicked \u2620\ufe0f\n|c|\u2606Just B3A$T|bruh\n|\n|t:|1699886610\n|switch|p2a: Raichu|Raichu-Alola, M|100\/100\n|turn|3\n|\n|t:|1699886613\n|-formechange|p1a: Aegislash|Aegislash||[from] ability: Stance Change\n|move|p1a: Aegislash|King's Shield|p1a: Aegislash\n|-singleturn|p1a: Aegislash|Protect\n|move|p2a: Raichu|Nasty Plot|p2a: Raichu\n|-boost|p2a: Raichu|spa|2\n|\n|upkeep\n|turn|4\n|\n|t:|1699886621\n|move|p2a: Raichu|Rising Voltage|p1a: Aegislash\n|-hint|Rising Voltage's BP doubled on grounded target.\n|-damage|p1a: Aegislash|0 fnt\n|faint|p1a: Aegislash\n|\n|upkeep\n|c|\u2606Just B3A$T|pain\n|\n|t:|1699886632\n|switch|p1a: Zapdos|Zapdos, shiny|100\/100\n|turn|5\n|\n|t:|1699886635\n|move|p2a: Raichu|Rising Voltage|p1a: Zapdos\n|-damage|p1a: Zapdos|14\/100\n|move|p1a: Zapdos|Volt Switch|p2a: Raichu\n|-resisted|p2a: Raichu\n|-damage|p2a: Raichu|75\/100\n|\n|t:|1699886640\n|switch|p1a: Hoopa|Hoopa-Unbound|100\/100|[from] Volt Switch\n|\n|upkeep\n|turn|6\n|c|\u2606Just B3A$T|shit lasts forever\n|\n|t:|1699886650\n|move|p2a: Raichu|Rising Voltage|p1a: Hoopa\n|-hint|Rising Voltage's BP doubled on grounded target.\n|-damage|p1a: Hoopa|0 fnt\n|faint|p1a: Hoopa\n|\n|upkeep\n|\n|t:|1699886658\n|switch|p1a: Zapdos|Zapdos, shiny|14\/100\n|turn|7\n|\n|t:|1699886662\n|move|p2a: Raichu|Rising Voltage|p1a: Zapdos\n|-damage|p1a: Zapdos|0 fnt\n|faint|p1a: Zapdos\n|\n|upkeep\n|\n|t:|1699886671\n|switch|p1a: Tornadus|Tornadus-Therian, M, shiny|100\/100\n|turn|8\n|\n|t:|1699886674\n|-terastallize|p1a: Tornadus|Ground\n|move|p2a: Raichu|Rising Voltage|p1a: Tornadus\n|-immune|p1a: Tornadus\n|move|p1a: Tornadus|U-turn|p2a: Raichu\n|-supereffective|p2a: Raichu\n|-damage|p2a: Raichu|0 fnt\n|faint|p2a: Raichu\n|\n|t:|1699886675\n|switch|p1a: Blaziken|Blaziken, M, shiny|100\/100|[from] U-turn\n|\n|-fieldend|move: Electric Terrain\n|upkeep\n|c|\u2606ThatOneZoro\/Zoa|fair\n|\n|t:|1699886689\n|switch|p2a: Tapu Koko|Tapu Koko|100\/100\n|-fieldstart|move: Electric Terrain|[from] ability: Electric Surge|[of] p2a: Tapu Koko\n|turn|9\n|\n|t:|1699886695\n|move|p2a: Tapu Koko|Volt Switch|p1a: Blaziken\n|-damage|p1a: Blaziken|57\/100\n|\n|t:|1699886697\n|switch|p2a: Rotom|Rotom-Wash|100\/100|[from] Volt Switch\n|move|p1a: Blaziken|Swords Dance|p1a: Blaziken\n|-boost|p1a: Blaziken|atk|2\n|\n|-heal|p1a: Blaziken|63\/100|[from] item: Leftovers\n|-ability|p1a: Blaziken|Speed Boost|boost\n|-boost|p1a: Blaziken|spe|1\n|upkeep\n|turn|10\n|\n|t:|1699886703\n|move|p1a: Blaziken|Close Combat|p2a: Rotom\n|-damage|p2a: Rotom|2\/100\n|-unboost|p1a: Blaziken|def|1\n|-unboost|p1a: Blaziken|spd|1\n|move|p2a: Rotom|Hydro Pump|p1a: Blaziken\n|-supereffective|p1a: Blaziken\n|-damage|p1a: Blaziken|0 fnt\n|faint|p1a: Blaziken\n|\n|-heal|p2a: Rotom|8\/100|[from] item: Leftovers\n|upkeep\n|c|\u2606Just B3A$T|man\n|\n|t:|1699886711\n|switch|p1a: Pinsir|Pinsir, M, shiny|100\/100\n|turn|11\n|c|\u2606ThatOneZoro\/Zoa|damn\n|\n|t:|1699886717\n|detailschange|p1a: Pinsir|Pinsir-Mega, M, shiny\n|-mega|p1a: Pinsir|Pinsir|Pinsirite\n|move|p1a: Pinsir|Quick Attack|p2a: Rotom\n|-resisted|p2a: Rotom\n|-crit|p2a: Rotom\n|-damage|p2a: Rotom|0 fnt\n|faint|p2a: Rotom\n|\n|upkeep\n|\n|t:|1699886724\n|switch|p2a: Iron Hands|Iron Hands|100\/100\n|-activate|p2a: Iron Hands|ability: Quark Drive\n|-start|p2a: Iron Hands|quarkdriveatk\n|turn|12\n|\n|t:|1699886731\n|move|p2a: Iron Hands|Fake Out|p1a: Pinsir\n|-damage|p1a: Pinsir|77\/100\n|cant|p1a: Pinsir|flinch\n|\n|upkeep\n|turn|13\n|\n|t:|1699886734\n|move|p1a: Pinsir|Return|p2a: Iron Hands\n|-damage|p2a: Iron Hands|59\/100\n|move|p2a: Iron Hands|Wild Charge|p1a: Pinsir\n|-supereffective|p1a: Pinsir\n|-damage|p1a: Pinsir|0 fnt\n|faint|p1a: Pinsir\n|-damage|p2a: Iron Hands|49\/100|[from] Recoil\n|\n|upkeep\n|\n|t:|1699886736\n|switch|p1a: Tornadus|Tornadus-Therian, M, shiny, tera:Ground|100\/100\n|turn|14\n|c|\u2606Just B3A$T|I probably lose\n|c|\u2606Just B3A$T|ngl\n|\n|t:|1699886746\n|move|p1a: Tornadus|Bleakwind Storm|p2a: Iron Hands\n|-crit|p2a: Iron Hands\n|-damage|p2a: Iron Hands|16\/100\n|move|p2a: Iron Hands|Wild Charge|p1a: Tornadus\n|-immune|p1a: Tornadus\n|\n|upkeep\n|turn|15\n|c|\u2606ThatOneZoro\/Zoa|gg\n|c|\u2606ThatOneZoro\/Zoa|oh wait tera\n|\n|t:|1699886761\n|move|p1a: Tornadus|Bleakwind Storm|p2a: Iron Hands|[miss]\n|-miss|p1a: Tornadus|p2a: Iron Hands\n|move|p2a: Iron Hands|Ice Punch|p1a: Tornadus\n|-supereffective|p1a: Tornadus\n|-damage|p1a: Tornadus|0 fnt\n|faint|p1a: Tornadus\n|\n|win|ThatOneZoro\/Zoa\n|c|\u2606ThatOneZoro\/Zoa|now gg\n|c|\u2606Just B3A$T|bruh\n|c|\u2606Just B3A$T|gg\n|l|\u2606Just B3A$T\n","uploadtime":1699886774,"views":5,"p1id":"justb3at","p2id":"thatonezorozoa","formatid":"gen9nationaldex","rating":0,"private":0,"password":""}