{"id":"gen9nationaldex-1991575684","p1":"Kozuru_Koken","p2":"Trockenschwamm","format":"[Gen 9] National Dex","log":"|j|\u2606Kozuru_Koken\n|j|\u2606Trockenschwamm\n|t:|1700090070\n|gametype|singles\n|player|p1|Kozuru_Koken|red|1248\n|player|p2|Trockenschwamm|cynthia-gen4|1352\n|teamsize|p1|6\n|teamsize|p2|6\n|gen|9\n|tier|[Gen 9] National Dex\n|rated|\n|rule|HP Percentage Mod: HP is shown in percentages\n|rule|Endless Battle Clause: Forcing endless battles is banned\n|rule|OHKO Clause: OHKO moves are banned\n|rule|Evasion Clause: Evasion abilities, items, and moves are banned\n|rule|Evasion Abilities Clause: Evasion abilities are banned\n|rule|Evasion Items Clause: Evasion items are banned\n|rule|Evasion Moves Clause: Evasion moves are banned\n|rule|Species Clause: Limit one of each Pok\u00e9mon\n|rule|Sleep Clause Mod: Limit one foe put to sleep\n|clearpoke\n|poke|p1|Zapdos|\n|poke|p1|Pidgeot, M|\n|poke|p1|Corviknight, M|\n|poke|p1|Dragonite, F|\n|poke|p1|Gyarados, F|\n|poke|p1|Moltres-Galar|\n|poke|p2|Pelipper, F|\n|poke|p2|Swampert, M|\n|poke|p2|Manaphy|\n|poke|p2|Zapdos|\n|poke|p2|Kartana|\n|poke|p2|Landorus-Therian, M|\n|teampreview\n|c|\u2606Trockenschwamm|Wrong format?\n|\n|t:|1700090086\n|start\n|switch|p1a: Gyarados|Gyarados, F|100\/100\n|switch|p2a: Pelipper|Pelipper, F|100\/100\n|-weather|RainDance|[from] ability: Drizzle|[of] p2a: Pelipper\n|turn|1\n|\n|t:|1700090093\n|move|p1a: Gyarados|Dragon Dance|p1a: Gyarados\n|-boost|p1a: Gyarados|atk|1\n|-boost|p1a: Gyarados|spe|1\n|move|p2a: Pelipper|U-turn|p1a: Gyarados\n|-resisted|p1a: Gyarados\n|-damage|p1a: Gyarados|95\/100\n|\n|t:|1700090097\n|switch|p2a: Zapdos|Zapdos|100\/100|[from] U-turn\n|\n|-weather|RainDance|[upkeep]\n|upkeep\n|turn|2\n|\n|t:|1700090104\n|-terastallize|p1a: Gyarados|Ground\n|move|p1a: Gyarados|Dragon Dance|p1a: Gyarados\n|-boost|p1a: Gyarados|atk|1\n|-boost|p1a: Gyarados|spe|1\n|move|p2a: Zapdos|Thunder|p1a: Gyarados\n|-immune|p1a: Gyarados\n|\n|-weather|RainDance|[upkeep]\n|upkeep\n|turn|3\n|\n|t:|1700090121\n|move|p1a: Gyarados|Crunch|p2a: Zapdos\n|-damage|p2a: Zapdos|15\/100\n|-status|p1a: Gyarados|par|[from] ability: Static|[of] p2a: Zapdos\n|-damage|p1a: Gyarados|85\/100 par|[from] item: Life Orb\n|move|p2a: Zapdos|Hurricane|p1a: Gyarados\n|-damage|p1a: Gyarados|29\/100 par\n|\n|-weather|RainDance|[upkeep]\n|upkeep\n|turn|4\n|\n|t:|1700090129\n|move|p2a: Zapdos|Hurricane|p1a: Gyarados\n|-damage|p1a: Gyarados|0 fnt\n|faint|p1a: Gyarados\n|\n|-weather|RainDance|[upkeep]\n|upkeep\n|inactive|Battle timer is ON: inactive players will automatically lose when time's up. (requested by Trockenschwamm)\n|\n|t:|1700090162\n|switch|p1a: Zapdos|Zapdos|100\/100\n|turn|5\n|\n|t:|1700090168\n|move|p1a: Zapdos|Ominous Wind|p2a: Zapdos\n|-damage|p2a: Zapdos|0 fnt\n|faint|p2a: Zapdos\n|\n|-weather|RainDance|[upkeep]\n|upkeep\n|\n|t:|1700090196\n|switch|p2a: Swampert|Swampert, M|100\/100\n|turn|6\n|\n|t:|1700090201\n|detailschange|p2a: Swampert|Swampert-Mega, M\n|-mega|p2a: Swampert|Swampert|Swampertite\n|move|p2a: Swampert|Ice Punch|p1a: Zapdos\n|-supereffective|p1a: Zapdos\n|-damage|p1a: Zapdos|18\/100\n|move|p1a: Zapdos|Hurricane|p2a: Swampert\n|-damage|p2a: Swampert|47\/100\n|\n|-weather|RainDance|[upkeep]\n|-heal|p1a: Zapdos|24\/100|[from] item: Leftovers\n|upkeep\n|turn|7\n|\n|t:|1700090208\n|move|p2a: Swampert|Ice Punch|p1a: Zapdos\n|-supereffective|p1a: Zapdos\n|-damage|p1a: Zapdos|0 fnt\n|faint|p1a: Zapdos\n|\n|-weather|RainDance|[upkeep]\n|upkeep\n|\n|t:|1700090216\n|switch|p1a: Corviknight|Corviknight, M|100\/100\n|turn|8\n|\n|t:|1700090222\n|move|p2a: Swampert|Waterfall|p1a: Corviknight\n|-damage|p1a: Corviknight|36\/100\n|move|p1a: Corviknight|Agility|p1a: Corviknight\n|-boost|p1a: Corviknight|spe|2\n|\n|-weather|none\n|-heal|p1a: Corviknight|42\/100|[from] item: Leftovers\n|upkeep\n|turn|9\n|\n|t:|1700090241\n|switch|p2a: Kartana|Kartana|100\/100\n|move|p1a: Corviknight|Air Slash|p2a: Kartana\n|-damage|p2a: Kartana|28\/100\n|\n|-heal|p1a: Corviknight|48\/100|[from] item: Leftovers\n|upkeep\n|turn|10\n|inactive|Kozuru_Koken has 120 seconds left.\n|\n|t:|1700090281\n|-terastallize|p2a: Kartana|Grass\n|move|p2a: Kartana|Leaf Blade|p1a: Corviknight\n|-resisted|p1a: Corviknight\n|-damage|p1a: Corviknight|31\/100\n|move|p1a: Corviknight|Air Slash|p2a: Kartana\n|-supereffective|p2a: Kartana\n|-damage|p2a: Kartana|0 fnt\n|faint|p2a: Kartana\n|\n|-heal|p1a: Corviknight|37\/100|[from] item: Leftovers\n|upkeep\n|\n|t:|1700090289\n|switch|p2a: Pelipper|Pelipper, F|100\/100\n|-weather|RainDance|[from] ability: Drizzle|[of] p2a: Pelipper\n|turn|11\n|\n|t:|1700090299\n|move|p1a: Corviknight|Agility|p1a: Corviknight\n|-boost|p1a: Corviknight|spe|2\n|move|p2a: Pelipper|Scald|p1a: Corviknight\n|-damage|p1a: Corviknight|0 fnt\n|faint|p1a: Corviknight\n|\n|-weather|RainDance|[upkeep]\n|upkeep\n|\n|t:|1700090303\n|switch|p1a: Pidgeot|Pidgeot, M|100\/100\n|turn|12\n|\n|t:|1700090310\n|detailschange|p1a: Pidgeot|Pidgeot-Mega, M\n|-mega|p1a: Pidgeot|Pidgeot|Pidgeotite\n|move|p1a: Pidgeot|Substitute|p1a: Pidgeot\n|-start|p1a: Pidgeot|Substitute\n|-damage|p1a: Pidgeot|76\/100\n|move|p2a: Pelipper|Scald|p1a: Pidgeot\n|-end|p1a: Pidgeot|Substitute\n|\n|-weather|RainDance|[upkeep]\n|upkeep\n|turn|13\n|\n|t:|1700090319\n|move|p1a: Pidgeot|Work Up|p1a: Pidgeot\n|-boost|p1a: Pidgeot|atk|1\n|-boost|p1a: Pidgeot|spa|1\n|move|p2a: Pelipper|Scald|p1a: Pidgeot\n|-damage|p1a: Pidgeot|22\/100\n|-status|p1a: Pidgeot|brn\n|\n|-weather|RainDance|[upkeep]\n|-damage|p1a: Pidgeot|16\/100 brn|[from] brn\n|upkeep\n|turn|14\n|\n|t:|1700090329\n|move|p1a: Pidgeot|Hurricane|p2a: Pelipper\n|-damage|p2a: Pelipper|0 fnt\n|faint|p2a: Pelipper\n|\n|-weather|RainDance|[upkeep]\n|-damage|p1a: Pidgeot|10\/100 brn|[from] brn\n|upkeep\n|\n|t:|1700090337\n|switch|p2a: Landorus|Landorus-Therian, M|100\/100\n|-ability|p2a: Landorus|Intimidate|boost\n|-unboost|p1a: Pidgeot|atk|1\n|turn|15\n|\n|t:|1700090342\n|move|p1a: Pidgeot|Hurricane|p2a: Landorus\n|-damage|p2a: Landorus|11\/100\n|move|p2a: Landorus|U-turn|p1a: Pidgeot\n|-resisted|p1a: Pidgeot\n|-damage|p1a: Pidgeot|0 fnt\n|faint|p1a: Pidgeot\n|\n|t:|1700090348\n|switch|p2a: Manaphy|Manaphy|100\/100|[from] U-turn\n|\n|-weather|RainDance|[upkeep]\n|upkeep\n|\n|t:|1700090355\n|switch|p1a: Moltres|Moltres-Galar|100\/100\n|turn|16\n|inactive|Kozuru_Koken has 120 seconds left.\n|\n|t:|1700090402\n|switch|p2a: Swampert|Swampert-Mega, M|47\/100\n|move|p1a: Moltres|Agility|p1a: Moltres\n|-boost|p1a: Moltres|spe|2\n|\n|-weather|RainDance|[upkeep]\n|upkeep\n|turn|17\n|\n|t:|1700090412\n|move|p1a: Moltres|Fiery Wrath|p2a: Swampert\n|-damage|p2a: Swampert|4\/100\n|move|p2a: Swampert|Waterfall|p1a: Moltres\n|-damage|p1a: Moltres|15\/100\n|-ability|p1a: Moltres|Berserk|boost\n|-boost|p1a: Moltres|spa|1\n|\n|-weather|RainDance|[upkeep]\n|-heal|p1a: Moltres|21\/100|[from] item: Leftovers\n|upkeep\n|turn|18\n|inactive|Kozuru_Koken has 120 seconds left.\n|\n|t:|1700090422\n|move|p1a: Moltres|Fiery Wrath|p2a: Swampert\n|-damage|p2a: Swampert|0 fnt\n|faint|p2a: Swampert\n|\n|-weather|none\n|-heal|p1a: Moltres|27\/100|[from] item: Leftovers\n|upkeep\n|\n|t:|1700090427\n|switch|p2a: Landorus|Landorus-Therian, M|11\/100\n|-ability|p2a: Landorus|Intimidate|boost\n|-unboost|p1a: Moltres|atk|1\n|turn|19\n|inactive|Kozuru_Koken has 120 seconds left.\n|\n|t:|1700090443\n|move|p1a: Moltres|Fiery Wrath|p2a: Landorus\n|-damage|p2a: Landorus|0 fnt\n|faint|p2a: Landorus\n|\n|-heal|p1a: Moltres|33\/100|[from] item: Leftovers\n|upkeep\n|\n|t:|1700090445\n|switch|p2a: Manaphy|Manaphy|100\/100\n|turn|20\n|\n|t:|1700090453\n|move|p1a: Moltres|Fiery Wrath|p2a: Manaphy\n|-damage|p2a: Manaphy|42\/100\n|move|p2a: Manaphy|Surf|p1a: Moltres\n|-damage|p1a: Moltres|8\/100\n|\n|-heal|p1a: Moltres|14\/100|[from] item: Leftovers\n|upkeep\n|turn|21\n|\n|t:|1700090461\n|move|p1a: Moltres|Fiery Wrath|p2a: Manaphy\n|-damage|p2a: Manaphy|0 fnt\n|faint|p2a: Manaphy\n|\n|win|Kozuru_Koken\n|raw|Kozuru_Koken's rating: 1266 &rarr; <strong>1297<\/strong><br \/>(+31 for winning)\n|raw|Trockenschwamm's rating: 1352 &rarr; <strong>1327<\/strong><br \/>(-25 for losing)\n","uploadtime":1700090473,"views":4,"p1id":"kozurukoken","p2id":"trockenschwamm","formatid":"gen9nationaldex","rating":1297,"private":0,"password":""}