{"id":"gen9nationaldex-1990753423","p1":"PWA Wright","p2":"Toryyy","format":"[Gen 9] National Dex","log":"|j|\u2606PWA Wright\n|j|\u203dToryyy\n|t:|1699997618\n|gametype|singles\n|player|p1|PWA Wright|cynthia|1720\n|player|p2|Toryyy|265|1580\n|teamsize|p1|6\n|teamsize|p2|6\n|gen|9\n|tier|[Gen 9] National Dex\n|rated|\n|rule|HP Percentage Mod: HP is shown in percentages\n|rule|Endless Battle Clause: Forcing endless battles is banned\n|rule|OHKO Clause: OHKO moves are banned\n|rule|Evasion Clause: Evasion abilities, items, and moves are banned\n|rule|Evasion Abilities Clause: Evasion abilities are banned\n|rule|Evasion Items Clause: Evasion items are banned\n|rule|Evasion Moves Clause: Evasion moves are banned\n|rule|Species Clause: Limit one of each Pok\u00e9mon\n|rule|Sleep Clause Mod: Limit one foe put to sleep\n|clearpoke\n|poke|p1|Garchomp, M|\n|poke|p1|Dondozo, M|\n|poke|p1|Tyranitar, F|\n|poke|p1|Charizard, F|\n|poke|p1|Clodsire, F|\n|poke|p1|Corviknight, M|\n|poke|p2|Charizard, F|\n|poke|p2|Tyranitar, F|\n|poke|p2|Great Tusk|\n|poke|p2|Aegislash, M|\n|poke|p2|Ogerpon, F|\n|poke|p2|Tapu Lele|\n|teampreview\n|inactive|Battle timer is ON: inactive players will automatically lose when time's up. (requested by PWA Wright)\n|\n|t:|1699997675\n|start\n|switch|p1a: Clodsire|Clodsire, F|100\/100\n|switch|p2a: Ogerpon|Ogerpon, F|100\/100\n|turn|1\n|\n|t:|1699997683\n|move|p2a: Ogerpon|Spikes|p1a: Clodsire\n|-sidestart|p1: PWA Wright|Spikes\n|move|p1a: Clodsire|Toxic|p2a: Ogerpon\n|-status|p2a: Ogerpon|tox\n|\n|-damage|p2a: Ogerpon|95\/100 tox|[from] psn\n|upkeep\n|turn|2\n|\n|t:|1699997691\n|switch|p1a: Corviknight|Corviknight, M|100\/100\n|-ability|p1a: Corviknight|Pressure\n|move|p2a: Ogerpon|U-turn|p1a: Corviknight\n|-resisted|p1a: Corviknight\n|-damage|p1a: Corviknight|96\/100\n|-damage|p2a: Ogerpon|78\/100 tox|[from] item: Rocky Helmet|[of] p1a: Corviknight\n|-damage|p2a: Ogerpon|68\/100 tox|[from] item: Life Orb\n|\n|t:|1699997695\n|switch|p2a: Charizard|Charizard, F|100\/100|[from] U-turn\n|\n|upkeep\n|turn|3\n|\n|t:|1699997711\n|switch|p2a: Ogerpon|Ogerpon, F|68\/100 tox\n|switch|p1a: Tyranitar|Tyranitar, F|100\/100\n|-damage|p1a: Tyranitar|88\/100|[from] Spikes\n|-weather|Sandstorm|[from] ability: Sand Stream|[of] p1a: Tyranitar\n|\n|-weather|Sandstorm|[upkeep]\n|-damage|p2a: Ogerpon|62\/100 tox|[from] Sandstorm\n|-damage|p2a: Ogerpon|56\/100 tox|[from] psn\n|upkeep\n|turn|4\n|\n|t:|1699997717\n|switch|p1a: Corviknight|Corviknight, M|96\/100\n|-ability|p1a: Corviknight|Pressure\n|move|p2a: Ogerpon|Spikes|p1a: Corviknight\n|-sidestart|p1: PWA Wright|Spikes\n|\n|-weather|Sandstorm|[upkeep]\n|-damage|p2a: Ogerpon|50\/100 tox|[from] Sandstorm\n|-damage|p2a: Ogerpon|38\/100 tox|[from] psn\n|upkeep\n|turn|5\n|\n|t:|1699997720\n|move|p2a: Ogerpon|Taunt|p1a: Corviknight\n|-start|p1a: Corviknight|move: Taunt\n|cant|p1a: Corviknight|move: Taunt|Defog\n|\n|-weather|Sandstorm|[upkeep]\n|-damage|p2a: Ogerpon|32\/100 tox|[from] Sandstorm\n|-damage|p2a: Ogerpon|14\/100 tox|[from] psn\n|upkeep\n|turn|6\n|\n|t:|1699997723\n|move|p2a: Ogerpon|Spikes|p1a: Corviknight\n|-sidestart|p1: PWA Wright|Spikes\n|move|p1a: Corviknight|U-turn|p2a: Ogerpon\n|-supereffective|p2a: Ogerpon\n|-damage|p2a: Ogerpon|0 fnt\n|faint|p2a: Ogerpon\n|\n|t:|1699997728\n|switch|p1a: Charizard|Charizard, F|100\/100|[from] U-turn\n|\n|-weather|Sandstorm|[upkeep]\n|-damage|p1a: Charizard|94\/100|[from] Sandstorm\n|upkeep\n|\n|t:|1699997732\n|switch|p2a: Tyranitar|Tyranitar, F|100\/100\n|turn|7\n|\n|t:|1699997748\n|switch|p2a: Charizard|Charizard, F|100\/100\n|detailschange|p1a: Charizard|Charizard-Mega-Y, F\n|-mega|p1a: Charizard|Charizard|Charizardite Y\n|-weather|SunnyDay|[from] ability: Drought|[of] p1a: Charizard\n|move|p1a: Charizard|Solar Beam||[still]\n|-prepare|p1a: Charizard|Solar Beam\n|-anim|p1a: Charizard|Solar Beam|p2a: Charizard\n|-resisted|p2a: Charizard\n|-damage|p2a: Charizard|85\/100\n|\n|-weather|SunnyDay|[upkeep]\n|upkeep\n|turn|8\n|j| slobadd\n|l|\u203dToryyy\n|inactive|Toryyy disconnected and has a minute to reconnect!\n|player|p2|\n|j|\u203dToryyy\n|inactive|Toryyy reconnected and has 120 seconds left.\n|player|p2|Toryyy|265\n|n|\u203dToryyy|toryyy\n|n|\u203dToryyy|toryyy\n|n|\u203dToryyy|toryyy\n|\n|t:|1699997789\n|switch|p2a: Tyranitar|Tyranitar, F|100\/100\n|-weather|Sandstorm|[from] ability: Sand Stream|[of] p2a: Tyranitar\n|move|p1a: Charizard|Weather Ball|p2a: Tyranitar\n|-damage|p2a: Tyranitar|77\/100\n|\n|-weather|Sandstorm|[upkeep]\n|-damage|p1a: Charizard|88\/100|[from] Sandstorm\n|upkeep\n|turn|9\n|\n|t:|1699997796\n|switch|p1a: Corviknight|Corviknight, M|96\/100\n|-ability|p1a: Corviknight|Pressure\n|move|p2a: Tyranitar|Stone Edge|p1a: Corviknight|[miss]\n|-miss|p2a: Tyranitar|p1a: Corviknight\n|\n|-weather|Sandstorm|[upkeep]\n|upkeep\n|turn|10\n|inactive|Toryyy has 120 seconds left.\n|\n|t:|1699997807\n|move|p2a: Tyranitar|Stone Edge|p1a: Corviknight\n|-damage|p1a: Corviknight|45\/100\n|move|p1a: Corviknight|Defog|p2a: Tyranitar\n|-unboost|p2a: Tyranitar|evasion|1\n|-sideend|p1: PWA Wright|Spikes|[from] move: Defog|[of] p1a: Corviknight\n|\n|-weather|Sandstorm|[upkeep]\n|upkeep\n|turn|11\n|inactive|Toryyy has 120 seconds left.\n|\n|t:|1699997813\n|switch|p2a: Tapu Lele|Tapu Lele|100\/100\n|-fieldstart|move: Psychic Terrain|[from] ability: Psychic Surge|[of] p2a: Tapu Lele\n|move|p1a: Corviknight|Roost|p1a: Corviknight\n|-heal|p1a: Corviknight|95\/100\n|-singleturn|p1a: Corviknight|move: Roost\n|\n|-weather|Sandstorm|[upkeep]\n|-damage|p2a: Tapu Lele|94\/100|[from] Sandstorm\n|upkeep\n|turn|12\n|\n|t:|1699997817\n|switch|p1a: Tyranitar|Tyranitar, F|88\/100\n|move|p2a: Tapu Lele|Thunderbolt|p1a: Tyranitar\n|-damage|p1a: Tyranitar|77\/100\n|-damage|p2a: Tapu Lele|84\/100|[from] item: Life Orb\n|\n|-weather|none\n|upkeep\n|turn|13\n|\n|t:|1699997823\n|move|p2a: Tapu Lele|Moonblast|p1a: Tyranitar\n|-supereffective|p1a: Tyranitar\n|-damage|p1a: Tyranitar|21\/100\n|-unboost|p1a: Tyranitar|spa|1\n|-damage|p2a: Tapu Lele|75\/100|[from] item: Life Orb\n|move|p1a: Tyranitar|Pursuit|p2a: Tapu Lele\n|-damage|p2a: Tapu Lele|50\/100\n|\n|upkeep\n|turn|14\n|\n|t:|1699997834\n|switch|p1a: Charizard|Charizard-Mega-Y, F|88\/100\n|-weather|SunnyDay|[from] ability: Drought|[of] p1a: Charizard\n|move|p2a: Tapu Lele|Thunderbolt|p1a: Charizard\n|-supereffective|p1a: Charizard\n|-damage|p1a: Charizard|5\/100\n|-damage|p2a: Tapu Lele|40\/100|[from] item: Life Orb\n|\n|-weather|SunnyDay|[upkeep]\n|upkeep\n|turn|15\n|\n|t:|1699997840\n|switch|p2a: Tyranitar|Tyranitar, F|77\/100\n|-weather|Sandstorm|[from] ability: Sand Stream|[of] p2a: Tyranitar\n|move|p1a: Charizard|Scorching Sands|p2a: Tyranitar\n|-supereffective|p2a: Tyranitar\n|-damage|p2a: Tyranitar|45\/100\n|-status|p2a: Tyranitar|brn\n|\n|-weather|Sandstorm|[upkeep]\n|-damage|p1a: Charizard|0 fnt|[from] Sandstorm\n|faint|p1a: Charizard\n|-damage|p2a: Tyranitar|39\/100 brn|[from] brn\n|-fieldend|move: Psychic Terrain\n|upkeep\n|inactive|PWA Wright has 120 seconds left.\n|\n|t:|1699997880\n|switch|p1a: Garchomp|Garchomp, M|100\/100\n|turn|16\n|\n|t:|1699997896\n|move|p1a: Garchomp|Swords Dance|p1a: Garchomp\n|-boost|p1a: Garchomp|atk|2\n|move|p2a: Tyranitar|Superpower|p1a: Garchomp\n|-damage|p1a: Garchomp|63\/100\n|-unboost|p2a: Tyranitar|atk|1\n|-unboost|p2a: Tyranitar|def|1\n|-damage|p2a: Tyranitar|27\/100 brn|[from] ability: Rough Skin|[of] p1a: Garchomp\n|\n|-weather|Sandstorm|[upkeep]\n|-damage|p2a: Tyranitar|21\/100 brn|[from] brn\n|upkeep\n|turn|17\n|inactive|PWA Wright has 120 seconds left.\n|\n|t:|1699997905\n|move|p1a: Garchomp|Swords Dance|p1a: Garchomp\n|-boost|p1a: Garchomp|atk|2\n|move|p2a: Tyranitar|Superpower|p1a: Garchomp\n|-damage|p1a: Garchomp|40\/100\n|-unboost|p2a: Tyranitar|atk|1\n|-unboost|p2a: Tyranitar|def|1\n|-damage|p2a: Tyranitar|8\/100 brn|[from] ability: Rough Skin|[of] p1a: Garchomp\n|\n|-weather|Sandstorm|[upkeep]\n|-damage|p2a: Tyranitar|2\/100 brn|[from] brn\n|upkeep\n|turn|18\n|\n|t:|1699997914\n|move|p1a: Garchomp|Earthquake|p2a: Tyranitar\n|-supereffective|p2a: Tyranitar\n|-damage|p2a: Tyranitar|0 fnt\n|faint|p2a: Tyranitar\n|\n|-weather|Sandstorm|[upkeep]\n|upkeep\n|\n|t:|1699997921\n|switch|p2a: Aegislash|Aegislash, M|100\/100\n|turn|19\n|\n|t:|1699997934\n|-terastallize|p1a: Garchomp|Fire\n|-terastallize|p2a: Aegislash|Flying\n|move|p1a: Garchomp|Tera Blast|p2a: Aegislash|[anim] Tera Blast Fire\n|-damage|p2a: Aegislash|0 fnt\n|faint|p2a: Aegislash\n|\n|-weather|none\n|upkeep\n|\n|t:|1699997942\n|switch|p2a: Great Tusk|Great Tusk|100\/100\n|turn|20\n|c|\u2606PWA Wright|The bait was kinda obvious\n|\n|t:|1699997949\n|move|p1a: Garchomp|Earthquake|p2a: Great Tusk\n|-crit|p2a: Great Tusk\n|-damage|p2a: Great Tusk|0 fnt\n|faint|p2a: Great Tusk\n|-end|p2a: Great Tusk|Protosynthesis|[silent]\n|\n|upkeep\n|-message|Toryyy forfeited.\n|\n|win|PWA Wright\n|raw|PWA Wright's rating: 1720 &rarr; <strong>1732<\/strong><br \/>(+12 for winning)\n|raw|Toryyy's rating: 1580 &rarr; <strong>1568<\/strong><br \/>(-12 for losing)\n|l|\u203dToryyy\n","uploadtime":1699997956,"views":6,"p1id":"pwawright","p2id":"toryyy","formatid":"gen9nationaldex","rating":1568,"private":0,"password":""}