{"id":"gen9nationaldex-2000644133","p1":"RandoTestAccount","p2":"Charizardman2008","format":"[Gen 9] National Dex","log":"|html|<div class=\"broadcast-blue\"><strong>[Gen 9] National Dex is currently suspecting Sneasler! For information on how to participate check out the <a href=\"https:\/\/www.smogon.com\/forums\/threads\/sv-national-dex-suspect-8-just-dance.3731534\/\">suspect thread<\/a>.<\/strong><\/div>\n|j|\u2606RandoTestAccount\n|j|\u2606Charizardman2008\n|t:|1701213873\n|gametype|singles\n|player|p1|RandoTestAccount|pokemonrangerf|1235\n|player|p2|Charizardman2008|red|1383\n|teamsize|p1|6\n|teamsize|p2|6\n|gen|9\n|tier|[Gen 9] National Dex\n|rated|\n|rule|HP Percentage Mod: HP is shown in percentages\n|rule|Endless Battle Clause: Forcing endless battles is banned\n|rule|OHKO Clause: OHKO moves are banned\n|rule|Evasion Clause: Evasion abilities, items, and moves are banned\n|rule|Evasion Abilities Clause: Evasion abilities are banned\n|rule|Evasion Items Clause: Evasion items are banned\n|rule|Evasion Moves Clause: Evasion moves are banned\n|rule|Species Clause: Limit one of each Pok\u00e9mon\n|rule|Sleep Clause Mod: Limit one foe put to sleep\n|clearpoke\n|poke|p1|Umbreon, F|\n|poke|p1|Excadrill, F|\n|poke|p1|Corviknight, F|\n|poke|p1|Sableye, F|\n|poke|p1|Tapu Fini|\n|poke|p1|Dragalge, F|\n|poke|p2|Basculegion-F, F|\n|poke|p2|Ferrothorn, M|\n|poke|p2|Zapdos|\n|poke|p2|Swampert, M|\n|poke|p2|Crawdaunt, F|\n|poke|p2|Pelipper, M|\n|teampreview\n|inactive|Battle timer is ON: inactive players will automatically lose when time's up. (requested by RandoTestAccount)\n|\n|t:|1701213884\n|start\n|switch|p1a: Spectre of Emerald|Sableye, F, shiny|100\/100\n|switch|p2a: Pelipper|Pelipper, M|100\/100\n|-weather|RainDance|[from] ability: Drizzle|[of] p2a: Pelipper\n|turn|1\n|\n|t:|1701213890\n|move|p1a: Spectre of Emerald|Calm Mind|p1a: Spectre of Emerald\n|-boost|p1a: Spectre of Emerald|spa|1\n|-boost|p1a: Spectre of Emerald|spd|1\n|move|p2a: Pelipper|Scald|p1a: Spectre of Emerald\n|-damage|p1a: Spectre of Emerald|55\/100\n|\n|-weather|RainDance|[upkeep]\n|upkeep\n|turn|2\n|\n|t:|1701213908\n|move|p1a: Spectre of Emerald|Calm Mind|p1a: Spectre of Emerald\n|-boost|p1a: Spectre of Emerald|spa|1\n|-boost|p1a: Spectre of Emerald|spd|1\n|move|p2a: Pelipper|U-turn|p1a: Spectre of Emerald\n|-damage|p1a: Spectre of Emerald|46\/100\n|\n|t:|1701213913\n|switch|p2a: Swampert|Swampert, M|100\/100|[from] U-turn\n|\n|-weather|RainDance|[upkeep]\n|upkeep\n|turn|3\n|\n|t:|1701213917\n|detailschange|p2a: Swampert|Swampert-Mega, M\n|-mega|p2a: Swampert|Swampert|Swampertite\n|move|p1a: Spectre of Emerald|Will-O-Wisp|p2a: Swampert\n|-status|p2a: Swampert|brn\n|move|p2a: Swampert|Liquidation|p1a: Spectre of Emerald\n|-damage|p1a: Spectre of Emerald|6\/100\n|-unboost|p1a: Spectre of Emerald|def|1\n|\n|-weather|RainDance|[upkeep]\n|-damage|p2a: Swampert|94\/100 brn|[from] brn\n|upkeep\n|turn|4\n|\n|t:|1701213927\n|switch|p1a: The Droplet Tear|Tapu Fini, shiny|100\/100\n|-fieldstart|move: Misty Terrain|[from] ability: Misty Surge|[of] p1a: The Droplet Tear\n|move|p2a: Swampert|Liquidation|p1a: The Droplet Tear\n|-resisted|p1a: The Droplet Tear\n|-damage|p1a: The Droplet Tear|85\/100\n|-unboost|p1a: The Droplet Tear|def|1\n|\n|-weather|RainDance|[upkeep]\n|-heal|p1a: The Droplet Tear|91\/100|[from] item: Leftovers\n|-damage|p2a: Swampert|88\/100 brn|[from] brn\n|upkeep\n|turn|5\n|\n|t:|1701213932\n|switch|p1a: Ephialtes Keeper|Corviknight, F, shiny|100\/100\n|-ability|p1a: Ephialtes Keeper|Pressure\n|move|p2a: Swampert|Earthquake|p1a: Ephialtes Keeper\n|-immune|p1a: Ephialtes Keeper\n|\n|-weather|RainDance|[upkeep]\n|-damage|p2a: Swampert|82\/100 brn|[from] brn\n|upkeep\n|turn|6\n|\n|t:|1701213935\n|move|p2a: Swampert|Ice Punch|p1a: Ephialtes Keeper\n|-damage|p1a: Ephialtes Keeper|89\/100\n|-damage|p2a: Swampert|65\/100 brn|[from] item: Rocky Helmet|[of] p1a: Ephialtes Keeper\n|move|p1a: Ephialtes Keeper|U-turn|p2a: Swampert\n|-damage|p2a: Swampert|53\/100 brn\n|-message|Charizardman2008 forfeited.\n|\n|win|RandoTestAccount\n|raw|RandoTestAccount's rating: 1235 &rarr; <strong>1270<\/strong><br \/>(+35 for winning)\n|raw|Charizardman2008's rating: 1383 &rarr; <strong>1355<\/strong><br \/>(-28 for losing)\n|l|\u2606Charizardman2008\n","uploadtime":1701213942,"views":0,"p1id":"randotestaccount","p2id":"charizardman2008","formatid":"gen9nationaldex","rating":1270,"private":0,"password":""}