{"id":"gen9nationaldex-1996467978","p1":"Zera & Lucy","p2":"Motorgis3534","format":"[Gen 9] National Dex","log":"|html|<div class=\"broadcast-blue\"><strong>[Gen 9] National Dex is currently suspecting Sneasler! For information on how to participate check out the <a href=\"https:\/\/www.smogon.com\/forums\/threads\/sv-national-dex-suspect-8-just-dance.3731534\/\">suspect thread<\/a>.<\/strong><\/div>\n|j|\u2606Zera & Lucy\n|j|\u2606Motorgis3534\n|t:|1700684909\n|gametype|singles\n|player|p1|Zera & Lucy|cynthia|\n|player|p2|Motorgis3534|benga|\n|teamsize|p1|6\n|teamsize|p2|6\n|gen|9\n|tier|[Gen 9] National Dex\n|rule|HP Percentage Mod: HP is shown in percentages\n|rule|Endless Battle Clause: Forcing endless battles is banned\n|rule|OHKO Clause: OHKO moves are banned\n|rule|Evasion Clause: Evasion abilities, items, and moves are banned\n|rule|Evasion Abilities Clause: Evasion abilities are banned\n|rule|Evasion Items Clause: Evasion items are banned\n|rule|Evasion Moves Clause: Evasion moves are banned\n|rule|Species Clause: Limit one of each Pok\u00e9mon\n|rule|Sleep Clause Mod: Limit one foe put to sleep\n|clearpoke\n|poke|p1|Nidoqueen, F|\n|poke|p1|Ribombee, M|\n|poke|p1|Excadrill, M|\n|poke|p1|Florges, F|\n|poke|p1|Slaking, M|\n|poke|p1|Banette, F|\n|poke|p2|Ogerpon-Cornerstone, F|\n|poke|p2|Obstagoon, F|\n|poke|p2|Kleavor, F|\n|poke|p2|Garganacl, M|\n|poke|p2|Gallade, M|\n|poke|p2|Dragonite, F|\n|teampreview\n|inactive|Battle timer is ON: inactive players will automatically lose when time's up. (requested by Zera & Lucy)\n|\n|t:|1700684924\n|start\n|switch|p1a: Ribombee|Ribombee, M|100\/100\n|switch|p2a: Obstagoon|Obstagoon, F|100\/100\n|turn|1\n|\n|t:|1700684932\n|switch|p2a: Dragonite|Dragonite, F|100\/100\n|move|p1a: Ribombee|Sticky Web|p2a: Dragonite\n|-sidestart|p2: Motorgis3534|move: Sticky Web\n|\n|upkeep\n|turn|2\n|\n|t:|1700684939\n|move|p1a: Ribombee|Moonblast|p2a: Dragonite\n|-supereffective|p2a: Dragonite\n|-damage|p2a: Dragonite|57\/100\n|-enditem|p2a: Dragonite|Weakness Policy\n|-boost|p2a: Dragonite|atk|2|[from] item: Weakness Policy\n|-boost|p2a: Dragonite|spa|2|[from] item: Weakness Policy\n|move|p2a: Dragonite|Dragon Dance|p2a: Dragonite\n|-boost|p2a: Dragonite|atk|1\n|-boost|p2a: Dragonite|spe|1\n|\n|upkeep\n|turn|3\n|\n|t:|1700684944\n|-terastallize|p2a: Dragonite|Normal\n|move|p2a: Dragonite|Extreme Speed|p1a: Ribombee\n|-enditem|p1a: Ribombee|Focus Sash\n|-damage|p1a: Ribombee|1\/100\n|move|p1a: Ribombee|Moonblast|p2a: Dragonite\n|-damage|p2a: Dragonite|13\/100\n|-unboost|p2a: Dragonite|spa|1\n|\n|upkeep\n|turn|4\n|\n|t:|1700684951\n|move|p2a: Dragonite|Extreme Speed|p1a: Ribombee\n|-damage|p1a: Ribombee|0 fnt\n|faint|p1a: Ribombee\n|\n|upkeep\n|\n|t:|1700684955\n|switch|p1a: Banette|Banette, F|100\/100\n|turn|5\n|\n|t:|1700684962\n|detailschange|p1a: Banette|Banette-Mega, F\n|-mega|p1a: Banette|Banette|Banettite\n|move|p1a: Banette|Destiny Bond|p1a: Banette\n|-singlemove|p1a: Banette|Destiny Bond\n|move|p2a: Dragonite|Dual Wingbeat|p1a: Banette\n|-damage|p1a: Banette|31\/100\n|-damage|p1a: Banette|0 fnt\n|faint|p1a: Banette\n|-activate|p1a: Banette|move: Destiny Bond\n|faint|p2a: Dragonite\n|-hitcount|p1: Banette|2\n|\n|upkeep\n|\n|t:|1700684976\n|switch|p2a: Kleavor|Kleavor, F|100\/100\n|switch|p1a: Nidoqueen|Nidoqueen, F|100\/100\n|-activate|p2a: Kleavor|move: Sticky Web\n|-unboost|p2a: Kleavor|spe|1\n|turn|6\n|\n|t:|1700684986\n|move|p2a: Kleavor|Stone Axe|p1a: Nidoqueen\n|-resisted|p1a: Nidoqueen\n|-damage|p1a: Nidoqueen|66\/100\n|-sidestart|p1: Zera & Lucy|move: Stealth Rock\n|-damage|p2a: Kleavor|91\/100|[from] item: Life Orb\n|move|p1a: Nidoqueen|Hone Claws|p1a: Nidoqueen\n|-boost|p1a: Nidoqueen|atk|1\n|-boost|p1a: Nidoqueen|accuracy|1\n|\n|upkeep\n|turn|7\n|\n|t:|1700684994\n|move|p2a: Kleavor|Lunge|p1a: Nidoqueen\n|-resisted|p1a: Nidoqueen\n|-damage|p1a: Nidoqueen|40\/100\n|-unboost|p1a: Nidoqueen|atk|1\n|-damage|p2a: Kleavor|81\/100|[from] item: Life Orb\n|move|p1a: Nidoqueen|Hone Claws|p1a: Nidoqueen\n|-boost|p1a: Nidoqueen|atk|1\n|-boost|p1a: Nidoqueen|accuracy|1\n|\n|upkeep\n|turn|8\n|\n|t:|1700685000\n|move|p2a: Kleavor|Lunge|p1a: Nidoqueen\n|-resisted|p1a: Nidoqueen\n|-damage|p1a: Nidoqueen|12\/100\n|-unboost|p1a: Nidoqueen|atk|1\n|-damage|p2a: Kleavor|71\/100|[from] item: Life Orb\n|move|p1a: Nidoqueen|Poison Jab|p2a: Kleavor\n|-resisted|p2a: Kleavor\n|-damage|p2a: Kleavor|33\/100\n|\n|upkeep\n|turn|9\n|\n|t:|1700685011\n|move|p2a: Kleavor|Lunge|p1a: Nidoqueen\n|-resisted|p1a: Nidoqueen\n|-damage|p1a: Nidoqueen|0 fnt\n|faint|p1a: Nidoqueen\n|-damage|p2a: Kleavor|23\/100|[from] item: Life Orb\n|\n|upkeep\n|\n|t:|1700685022\n|switch|p1a: Excadrill|Excadrill, M|100\/100\n|-damage|p1a: Excadrill|97\/100|[from] Stealth Rock\n|-ability|p1a: Excadrill|Mold Breaker\n|turn|10\n|\n|t:|1700685028\n|move|p1a: Excadrill|Rapid Spin|p2a: Kleavor\n|-resisted|p2a: Kleavor\n|-damage|p2a: Kleavor|13\/100\n|-boost|p1a: Excadrill|spe|1\n|-sideend|p1: Zera & Lucy|Stealth Rock|[from] move: Rapid Spin|[of] p1a: Excadrill\n|move|p2a: Kleavor|Lunge|p1a: Excadrill\n|-resisted|p1a: Excadrill\n|-damage|p1a: Excadrill|61\/100\n|-unboost|p1a: Excadrill|atk|1\n|-damage|p2a: Kleavor|3\/100|[from] item: Life Orb\n|\n|upkeep\n|turn|11\n|\n|t:|1700685037\n|move|p1a: Excadrill|Earthquake|p2a: Kleavor\n|-damage|p2a: Kleavor|0 fnt\n|faint|p2a: Kleavor\n|\n|upkeep\n|\n|t:|1700685049\n|switch|p2a: Ogerpon|Ogerpon-Cornerstone, F|100\/100\n|-activate|p2a: Ogerpon|move: Sticky Web\n|-unboost|p2a: Ogerpon|spe|1\n|turn|12\n|\n|t:|1700685055\n|move|p1a: Excadrill|Brick Break|p2a: Ogerpon\n|-supereffective|p2a: Ogerpon\n|-damage|p2a: Ogerpon|45\/100\n|move|p2a: Ogerpon|Power Whip|p1a: Excadrill|[miss]\n|-miss|p2a: Ogerpon|p1a: Excadrill\n|\n|upkeep\n|turn|13\n|\n|t:|1700685060\n|move|p1a: Excadrill|Brick Break|p2a: Ogerpon\n|-supereffective|p2a: Ogerpon\n|-damage|p2a: Ogerpon|0 fnt\n|faint|p2a: Ogerpon\n|\n|upkeep\n|\n|t:|1700685066\n|switch|p2a: Gallade|Gallade, M|100\/100\n|-activate|p2a: Gallade|move: Sticky Web\n|-unboost|p2a: Gallade|spe|1\n|turn|14\n|\n|t:|1700685072\n|move|p1a: Excadrill|Earthquake|p2a: Gallade\n|-damage|p2a: Gallade|37\/100\n|move|p2a: Gallade|Sacred Sword|p1a: Excadrill\n|-supereffective|p1a: Excadrill\n|-damage|p1a: Excadrill|0 fnt\n|faint|p1a: Excadrill\n|\n|upkeep\n|\n|t:|1700685076\n|switch|p1a: Florges|Florges, F|100\/100\n|turn|15\n|\n|t:|1700685081\n|switch|p2a: Garganacl|Garganacl, M|100\/100\n|-activate|p2a: Garganacl|move: Sticky Web\n|-unboost|p2a: Garganacl|spe|1\n|move|p1a: Florges|Moonblast|p2a: Garganacl\n|-damage|p2a: Garganacl|65\/100\n|-unboost|p2a: Garganacl|spa|1\n|\n|-heal|p2a: Garganacl|72\/100|[from] item: Leftovers\n|upkeep\n|turn|16\n|\n|t:|1700685088\n|move|p1a: Florges|Chilling Water|p2a: Garganacl\n|-supereffective|p2a: Garganacl\n|-damage|p2a: Garganacl|48\/100\n|-unboost|p2a: Garganacl|atk|1\n|move|p2a: Garganacl|Recover|p2a: Garganacl\n|-heal|p2a: Garganacl|98\/100\n|\n|-heal|p2a: Garganacl|100\/100|[from] item: Leftovers\n|upkeep\n|turn|17\n|\n|t:|1700685095\n|move|p1a: Florges|Chilling Water|p2a: Garganacl\n|-supereffective|p2a: Garganacl\n|-damage|p2a: Garganacl|78\/100\n|-unboost|p2a: Garganacl|atk|1\n|move|p2a: Garganacl|Salt Cure|p1a: Florges\n|-damage|p1a: Florges|90\/100\n|-start|p1a: Florges|Salt Cure\n|\n|-heal|p2a: Garganacl|84\/100|[from] item: Leftovers\n|-damage|p1a: Florges|78\/100|[from] Salt Cure\n|upkeep\n|turn|18\n|\n|t:|1700685107\n|move|p1a: Florges|Chilling Water|p2a: Garganacl\n|-supereffective|p2a: Garganacl\n|-damage|p2a: Garganacl|60\/100\n|-unboost|p2a: Garganacl|atk|1\n|move|p2a: Garganacl|Curse|p2a: Garganacl\n|-unboost|p2a: Garganacl|spe|1\n|-boost|p2a: Garganacl|atk|1\n|-boost|p2a: Garganacl|def|1\n|\n|-heal|p2a: Garganacl|66\/100|[from] item: Leftovers\n|-damage|p1a: Florges|66\/100|[from] Salt Cure\n|upkeep\n|turn|19\n|\n|t:|1700685121\n|switch|p1a: Slaking|Slaking, M|100\/100\n|move|p2a: Garganacl|Recover|p2a: Garganacl\n|-heal|p2a: Garganacl|100\/100\n|\n|upkeep\n|turn|20\n|\n|t:|1700685132\n|-terastallize|p1a: Slaking|Normal\n|move|p1a: Slaking|Giga Impact|p2a: Garganacl\n|-resisted|p2a: Garganacl\n|-crit|p2a: Garganacl\n|-damage|p2a: Garganacl|36\/100\n|-mustrecharge|p1a: Slaking\n|move|p2a: Garganacl|Body Press|p1a: Slaking\n|-supereffective|p1a: Slaking\n|-damage|p1a: Slaking|28\/100\n|\n|-heal|p2a: Garganacl|42\/100|[from] item: Leftovers\n|upkeep\n|turn|21\n|\n|t:|1700685140\n|cant|p1a: Slaking|recharge\n|move|p2a: Garganacl|Salt Cure|p1a: Slaking\n|-damage|p1a: Slaking|23\/100\n|-start|p1a: Slaking|Salt Cure\n|\n|-heal|p2a: Garganacl|48\/100|[from] item: Leftovers\n|-damage|p1a: Slaking|10\/100|[from] Salt Cure\n|upkeep\n|turn|22\n|\n|t:|1700685151\n|switch|p1a: Florges|Florges, F|66\/100\n|switch|p2a: Gallade|Gallade, M|37\/100\n|-activate|p2a: Gallade|move: Sticky Web\n|-unboost|p2a: Gallade|spe|1\n|\n|upkeep\n|turn|23\n|\n|t:|1700685166\n|move|p2a: Gallade|Psycho Cut|p1a: Florges\n|-damage|p1a: Florges|0 fnt\n|faint|p1a: Florges\n|\n|upkeep\n|\n|t:|1700685169\n|switch|p1a: Slaking|Slaking, M, tera:Normal|10\/100\n|turn|24\n|\n|t:|1700685172\n|move|p1a: Slaking|Giga Impact|p2a: Gallade\n|-damage|p2a: Gallade|0 fnt\n|-mustrecharge|p1a: Slaking\n|faint|p2a: Gallade\n|\n|upkeep\n|\n|t:|1700685174\n|switch|p2a: Obstagoon|Obstagoon, F|100\/100\n|-activate|p2a: Obstagoon|move: Sticky Web\n|-unboost|p2a: Obstagoon|spe|1\n|turn|25\n|\n|t:|1700685178\n|cant|p1a: Slaking|recharge\n|move|p2a: Obstagoon|Facade|p1a: Slaking\n|-damage|p1a: Slaking|0 fnt\n|faint|p1a: Slaking\n|\n|win|Motorgis3534\n|l|\u2606Zera & Lucy\n","uploadtime":1700685206,"views":3,"p1id":"zeralucy","p2id":"motorgis3534","formatid":"gen9nationaldex","rating":0,"private":0,"password":""}