{"id":"gen9nationaldex-1997735021","p1":"hanen300","p2":"rjd.w","format":"[Gen 9] National Dex","log":"|html|<div class=\"broadcast-blue\"><strong>[Gen 9] National Dex is currently suspecting Sneasler! For information on how to participate check out the <a href=\"https:\/\/www.smogon.com\/forums\/threads\/sv-national-dex-suspect-8-just-dance.3731534\/\">suspect thread<\/a>.<\/strong><\/div>\n|j|\u2606hanen300\n|j|\u2606rjd.w\n|t:|1700847070\n|gametype|singles\n|player|p1|hanen300|2|1107\n|player|p2|rjd.w|dragontamer|1057\n|teamsize|p1|6\n|teamsize|p2|1\n|gen|9\n|tier|[Gen 9] National Dex\n|rated|\n|rule|HP Percentage Mod: HP is shown in percentages\n|rule|Endless Battle Clause: Forcing endless battles is banned\n|rule|OHKO Clause: OHKO moves are banned\n|rule|Evasion Clause: Evasion abilities, items, and moves are banned\n|rule|Evasion Abilities Clause: Evasion abilities are banned\n|rule|Evasion Items Clause: Evasion items are banned\n|rule|Evasion Moves Clause: Evasion moves are banned\n|rule|Species Clause: Limit one of each Pok\u00e9mon\n|rule|Sleep Clause Mod: Limit one foe put to sleep\n|clearpoke\n|poke|p1|Slurpuff, M|\n|poke|p1|Garganacl, F|\n|poke|p1|Malamar, M|\n|poke|p1|Swellow, F|\n|poke|p1|Venusaur, M|\n|poke|p1|Golisopod, F|\n|poke|p2|Scizor, M|\n|teampreview\n|\n|t:|1700847074\n|start\n|switch|p1a: Malamar|Malamar, M|100\/100\n|switch|p2a: Scizor|Scizor, M|100\/100\n|turn|1\n|inactive|Battle timer is ON: inactive players will automatically lose when time's up. (requested by hanen300)\n|\n|t:|1700847095\n|detailschange|p2a: Scizor|Scizor-Mega, M\n|-mega|p2a: Scizor|Scizor|Scizorite\n|move|p2a: Scizor|Swords Dance|p2a: Scizor\n|-boost|p2a: Scizor|atk|2\n|move|p1a: Malamar|Superpower|p2a: Scizor\n|-damage|p2a: Scizor|71\/100\n|-boost|p1a: Malamar|atk|1\n|-boost|p1a: Malamar|def|1\n|\n|upkeep\n|turn|2\n|\n|t:|1700847116\n|move|p2a: Scizor|Dual Wingbeat|p1a: Malamar\n|-damage|p1a: Malamar|66\/100\n|-damage|p1a: Malamar|29\/100\n|-hitcount|p1a: Malamar|2\n|move|p1a: Malamar|Superpower|p2a: Scizor\n|-damage|p2a: Scizor|31\/100\n|-boost|p1a: Malamar|atk|1\n|-boost|p1a: Malamar|def|1\n|\n|upkeep\n|turn|3\n|\n|t:|1700847126\n|move|p2a: Scizor|Bullet Punch|p1a: Malamar\n|-damage|p1a: Malamar|0 fnt\n|faint|p1a: Malamar\n|\n|upkeep\n|\n|t:|1700847130\n|switch|p1a: Venusaur|Venusaur, M|100\/100\n|turn|4\n|\n|t:|1700847141\n|detailschange|p1a: Venusaur|Venusaur-Mega, M\n|-mega|p1a: Venusaur|Venusaur|Venusaurite\n|move|p1a: Venusaur|Leech Seed|p2a: Scizor\n|-start|p2a: Scizor|move: Leech Seed\n|move|p2a: Scizor|Dual Wingbeat|p1a: Venusaur\n|-supereffective|p1a: Venusaur\n|-damage|p1a: Venusaur|20\/100\n|-supereffective|p1a: Venusaur\n|-damage|p1a: Venusaur|0 fnt\n|faint|p1a: Venusaur\n|-hitcount|p1: Venusaur|2\n|\n|upkeep\n|\n|t:|1700847147\n|switch|p1a: Golisopod|Golisopod, F|100\/100\n|turn|5\n|\n|t:|1700847161\n|move|p2a: Scizor|Bullet Punch|p1a: Golisopod\n|-resisted|p1a: Golisopod\n|-damage|p1a: Golisopod|73\/100\n|move|p1a: Golisopod|Sucker Punch||[still]\n|-fail|p1a: Golisopod\n|\n|-heal|p1a: Golisopod|79\/100|[from] item: Leftovers\n|-damage|p2a: Scizor|18\/100|[from] Leech Seed|[of] p1a: Golisopod\n|-heal|p1a: Golisopod|91\/100|[silent]\n|upkeep\n|turn|6\n|\n|t:|1700847166\n|move|p2a: Scizor|Dual Wingbeat|p1a: Golisopod\n|-supereffective|p1a: Golisopod\n|-damage|p1a: Golisopod|20\/100\n|-supereffective|p1a: Golisopod\n|-damage|p1a: Golisopod|0 fnt\n|faint|p1a: Golisopod\n|-hitcount|p1: Golisopod|2\n|\n|upkeep\n|\n|t:|1700847172\n|switch|p1a: Garganacl|Garganacl, F|100\/100\n|turn|7\n|\n|t:|1700847184\n|move|p2a: Scizor|Bullet Punch|p1a: Garganacl\n|-supereffective|p1a: Garganacl\n|-damage|p1a: Garganacl|0 fnt\n|-damage|p2a: Scizor|2\/100|[from] item: Rocky Helmet|[of] p1a: Garganacl\n|faint|p1a: Garganacl\n|\n|upkeep\n|\n|t:|1700847190\n|switch|p1a: Swellow|Swellow, F|100\/100\n|turn|8\n|\n|t:|1700847204\n|move|p1a: Swellow|U-turn|p2a: Scizor\n|-resisted|p2a: Scizor\n|-damage|p2a: Scizor|0 fnt\n|faint|p2a: Scizor\n|\n|win|hanen300\n|raw|hanen300's rating: 1107 &rarr; <strong>1128<\/strong><br \/>(+21 for winning)\n|raw|rjd.w's rating: 1057 &rarr; <strong>1041<\/strong><br \/>(-16 for losing)\n","uploadtime":1700847212,"views":8,"p1id":"hanen300","p2id":"rjdw","formatid":"gen9nationaldex","rating":1041,"private":0,"password":""}