{"id":"gen9nationaldex-1997938058","p1":"Reivya","p2":"Ash Ketchum344","format":"[Gen 9] National Dex","log":"|html|<div class=\"broadcast-blue\"><strong>[Gen 9] National Dex is currently suspecting Sneasler! For information on how to participate check out the <a href=\"https:\/\/www.smogon.com\/forums\/threads\/sv-national-dex-suspect-8-just-dance.3731534\/\">suspect thread<\/a>.<\/strong><\/div>\n|j|\u2606Reivya\n|j|\u2606Ash Ketchum344\n|t:|1700869676\n|gametype|singles\n|player|p1|Reivya|gardenia|1074\n|player|p2|Ash Ketchum344|ash|1140\n|teamsize|p1|6\n|teamsize|p2|6\n|gen|9\n|tier|[Gen 9] National Dex\n|rated|\n|rule|HP Percentage Mod: HP is shown in percentages\n|rule|Endless Battle Clause: Forcing endless battles is banned\n|rule|OHKO Clause: OHKO moves are banned\n|rule|Evasion Clause: Evasion abilities, items, and moves are banned\n|rule|Evasion Abilities Clause: Evasion abilities are banned\n|rule|Evasion Items Clause: Evasion items are banned\n|rule|Evasion Moves Clause: Evasion moves are banned\n|rule|Species Clause: Limit one of each Pok\u00e9mon\n|rule|Sleep Clause Mod: Limit one foe put to sleep\n|clearpoke\n|poke|p1|Gigalith, F|\n|poke|p1|Quagsire, M|\n|poke|p1|Pyukumuku, M|\n|poke|p1|Slurpuff, M|\n|poke|p1|Medicham, F|\n|poke|p1|Zoroark, M|\n|poke|p2|Dracozolt|\n|poke|p2|Lucario, F|\n|poke|p2|Sirfetch\u2019d, M|\n|poke|p2|Dragonite, F|\n|poke|p2|Gengar, F|\n|poke|p2|Pikachu-Partner, M|\n|teampreview\n|c|\u2606Reivya|good luck, have fun\n|\n|t:|1700869693\n|start\n|switch|p1a: puff|Slurpuff, M|100\/100\n|switch|p2a: Pikachu|Pikachu-Partner, M|100\/100\n|turn|1\n|\n|t:|1700869701\n|-zpower|p2a: Pikachu\n|move|p2a: Pikachu|10,000,000 Volt Thunderbolt|p1a: puff|[zeffect]\n|-crit|p1a: puff\n|-damage|p1a: puff|1\/100\n|move|p1a: puff|Sticky Web|p2a: Pikachu\n|-sidestart|p2: Ash Ketchum344|move: Sticky Web\n|\n|upkeep\n|turn|2\n|\n|t:|1700869710\n|move|p2a: Pikachu|Quick Attack|p1a: puff\n|-damage|p1a: puff|0 fnt\n|faint|p1a: puff\n|\n|upkeep\n|\n|t:|1700869719\n|switch|p1a: woah|Pyukumuku, M|100\/100\n|turn|3\n|\n|t:|1700869722\n|move|p2a: Pikachu|Thunderbolt|p1a: woah\n|-supereffective|p1a: woah\n|-damage|p1a: woah|65\/100\n|move|p1a: woah|Mirror Coat|p2a: Pikachu\n|-damage|p2a: Pikachu|0 fnt\n|faint|p2a: Pikachu\n|\n|-heal|p1a: woah|72\/100|[from] item: Leftovers\n|upkeep\n|\n|t:|1700869735\n|switch|p2a: Dracozolt|Dracozolt|100\/100\n|-activate|p2a: Dracozolt|move: Sticky Web\n|-unboost|p2a: Dracozolt|spe|1\n|turn|4\n|inactive|Battle timer is ON: inactive players will automatically lose when time's up. (requested by Ash Ketchum344)\n|\n|t:|1700869768\n|move|p2a: Dracozolt|Bolt Beak|p1a: woah\n|-supereffective|p1a: woah\n|-damage|p1a: woah|0 fnt\n|-damage|p2a: Dracozolt|31\/100|[from] ability: Innards Out|[of] p1a: woah\n|faint|p1a: woah\n|\n|upkeep\n|\n|t:|1700869776\n|switch|p1a: ardhanari|Medicham, F|100\/100\n|turn|5\n|\n|t:|1700869783\n|detailschange|p1a: ardhanari|Medicham-Mega, F\n|-mega|p1a: ardhanari|Medicham|Medichamite\n|move|p1a: ardhanari|Fake Out|p2a: Dracozolt\n|-damage|p2a: Dracozolt|4\/100\n|cant|p2a: Dracozolt|flinch\n|\n|upkeep\n|turn|6\n|\n|t:|1700869790\n|move|p1a: ardhanari|Ice Punch|p2a: Dracozolt\n|-supereffective|p2a: Dracozolt\n|-damage|p2a: Dracozolt|0 fnt\n|faint|p2a: Dracozolt\n|\n|upkeep\n|\n|t:|1700869806\n|switch|p2a: Dragonite|Dragonite, F|100\/100\n|turn|7\n|\n|t:|1700869810\n|move|p1a: ardhanari|Ice Punch|p2a: Dragonite\n|-supereffective|p2a: Dragonite\n|-damage|p2a: Dragonite|5\/100\n|move|p2a: Dragonite|Dragon Dance|p2a: Dragonite\n|-boost|p2a: Dragonite|atk|1\n|-boost|p2a: Dragonite|spe|1\n|\n|upkeep\n|turn|8\n|\n|t:|1700869817\n|-terastallize|p2a: Dragonite|Normal\n|move|p2a: Dragonite|Extreme Speed|p1a: ardhanari\n|-damage|p1a: ardhanari|1\/100\n|move|p1a: ardhanari|Ice Punch|p2a: Dragonite\n|-damage|p2a: Dragonite|0 fnt\n|faint|p2a: Dragonite\n|\n|upkeep\n|\n|t:|1700869826\n|switch|p2a: Lucario|Lucario, F|100\/100\n|-activate|p2a: Lucario|move: Sticky Web\n|-unboost|p2a: Lucario|spe|1\n|turn|9\n|\n|t:|1700869834\n|switch|p1a: quack|Quagsire, M|100\/100\n|move|p2a: Lucario|Extreme Speed|p1a: quack\n|-damage|p1a: quack|67\/100\n|-damage|p2a: Lucario|91\/100|[from] item: Life Orb\n|\n|-heal|p1a: quack|73\/100|[from] item: Leftovers\n|upkeep\n|turn|10\n|\n|t:|1700869843\n|move|p2a: Lucario|Close Combat|p1a: quack\n|-damage|p1a: quack|1\/100\n|-unboost|p2a: Lucario|def|1\n|-unboost|p2a: Lucario|spd|1\n|-damage|p2a: Lucario|81\/100|[from] item: Life Orb\n|move|p1a: quack|Curse|p1a: quack\n|-unboost|p1a: quack|spe|1\n|-boost|p1a: quack|atk|1\n|-boost|p1a: quack|def|1\n|\n|-heal|p1a: quack|7\/100|[from] item: Leftovers\n|upkeep\n|turn|11\n|\n|t:|1700869858\n|move|p2a: Lucario|Extreme Speed|p1a: quack\n|-damage|p1a: quack|0 fnt\n|faint|p1a: quack\n|-damage|p2a: Lucario|71\/100|[from] item: Life Orb\n|\n|upkeep\n|\n|t:|1700869867\n|switch|p1a: subarashii|Gigalith, F|100\/100\n|turn|12\n|\n|t:|1700869871\n|move|p2a: Lucario|Close Combat|p1a: subarashii\n|-supereffective|p1a: subarashii\n|-ability|p1a: subarashii|Sturdy\n|-damage|p1a: subarashii|1\/100\n|-unboost|p2a: Lucario|def|1\n|-unboost|p2a: Lucario|spd|1\n|-damage|p2a: Lucario|61\/100|[from] item: Life Orb\n|move|p1a: subarashii|Explosion|p2a: Lucario\n|-resisted|p2a: Lucario\n|-crit|p2a: Lucario\n|-damage|p2a: Lucario|0 fnt\n|faint|p1a: subarashii\n|faint|p2a: Lucario\n|\n|upkeep\n|\n|t:|1700869894\n|switch|p2a: Sirfetch\u2019d|Sirfetch\u2019d, M|100\/100\n|switch|p1a: ardhanari|Medicham-Mega, F|100\/100\n|-activate|p2a: Sirfetch\u2019d|move: Sticky Web\n|-unboost|p2a: Sirfetch\u2019d|spe|1\n|turn|13\n|\n|t:|1700869903\n|move|p1a: ardhanari|Trick|p2a: Sirfetch\u2019d\n|-activate|p1a: ardhanari|move: Trick|[of] p2a: Sirfetch\u2019d\n|-item|p2a: Sirfetch\u2019d|Choice Scarf|[from] move: Trick\n|-item|p1a: ardhanari|Choice Band|[from] move: Trick\n|move|p2a: Sirfetch\u2019d|Close Combat|p1a: ardhanari\n|-supereffective|p1a: ardhanari\n|-damage|p1a: ardhanari|0 fnt\n|-unboost|p2a: Sirfetch\u2019d|def|1\n|-unboost|p2a: Sirfetch\u2019d|spd|1\n|replace|p1a: hehe|Zoroark, M\n|-end|p1a: hehe|Illusion\n|faint|p1a: hehe\n|\n|upkeep\n|\n|t:|1700869913\n|switch|p1a: ardhanari|Medicham-Mega, F|1\/100\n|turn|14\n|\n|t:|1700869917\n|move|p1a: ardhanari|Fake Out|p2a: Sirfetch\u2019d\n|-damage|p2a: Sirfetch\u2019d|63\/100\n|cant|p2a: Sirfetch\u2019d|flinch\n|\n|upkeep\n|turn|15\n|\n|t:|1700869921\n|move|p1a: ardhanari|Zen Headbutt|p2a: Sirfetch\u2019d\n|-supereffective|p2a: Sirfetch\u2019d\n|-damage|p2a: Sirfetch\u2019d|0 fnt\n|faint|p2a: Sirfetch\u2019d\n|\n|upkeep\n|\n|t:|1700869925\n|switch|p2a: Gengar|Gengar, F|100\/100\n|-activate|p2a: Gengar|move: Sticky Web\n|-unboost|p2a: Gengar|spe|1\n|turn|16\n|\n|t:|1700869929\n|move|p1a: ardhanari|Zen Headbutt|p2a: Gengar\n|-supereffective|p2a: Gengar\n|-damage|p2a: Gengar|0 fnt\n|faint|p2a: Gengar\n|\n|win|Reivya\n|raw|Reivya's rating: 1074 &rarr; <strong>1108<\/strong><br \/>(+34 for winning)\n|raw|Ash Ketchum344's rating: 1140 &rarr; <strong>1110<\/strong><br \/>(-30 for losing)\n|c|\u2606Reivya|ggwp\n","uploadtime":1700869947,"views":3,"p1id":"reivya","p2id":"ashketchum344","formatid":"gen9nationaldex","rating":1108,"private":0,"password":""}