{"id":"gen9nationaldex-1996976998","p1":"RandoTestAccount","p2":"Raseninnegan","format":"[Gen 9] National Dex","log":"|html|<div class=\"broadcast-blue\"><strong>[Gen 9] National Dex is currently suspecting Sneasler! For information on how to participate check out the <a href=\"https:\/\/www.smogon.com\/forums\/threads\/sv-national-dex-suspect-8-just-dance.3731534\/\">suspect thread<\/a>.<\/strong><\/div>\n|j|\u2606RandoTestAccount\n|j|\u2606Raseninnegan\n|t:|1700751746\n|gametype|singles\n|player|p1|RandoTestAccount|pokemonrangerf|1224\n|player|p2|Raseninnegan|gambler|1206\n|teamsize|p1|6\n|teamsize|p2|6\n|gen|9\n|tier|[Gen 9] National Dex\n|rated|\n|rule|HP Percentage Mod: HP is shown in percentages\n|rule|Endless Battle Clause: Forcing endless battles is banned\n|rule|OHKO Clause: OHKO moves are banned\n|rule|Evasion Clause: Evasion abilities, items, and moves are banned\n|rule|Evasion Abilities Clause: Evasion abilities are banned\n|rule|Evasion Items Clause: Evasion items are banned\n|rule|Evasion Moves Clause: Evasion moves are banned\n|rule|Species Clause: Limit one of each Pok\u00e9mon\n|rule|Sleep Clause Mod: Limit one foe put to sleep\n|clearpoke\n|poke|p1|Umbreon, F|\n|poke|p1|Excadrill, F|\n|poke|p1|Corviknight, F|\n|poke|p1|Sableye, F|\n|poke|p1|Tapu Fini|\n|poke|p1|Dragalge, F|\n|poke|p2|Hawlucha, F|\n|poke|p2|Pelipper, M|\n|poke|p2|Tapu Koko|\n|poke|p2|Electivire, F|\n|poke|p2|Pikachu-Sinnoh, M|\n|poke|p2|Gyarados, M|\n|teampreview\n|inactive|Battle timer is ON: inactive players will automatically lose when time's up. (requested by RandoTestAccount)\n|\n|t:|1700751757\n|start\n|switch|p1a: The Droplet Tear|Tapu Fini, shiny|100\/100\n|switch|p2a: Gyarados|Gyarados, M, shiny|100\/100\n|-fieldstart|move: Misty Terrain|[from] ability: Misty Surge|[of] p1a: The Droplet Tear\n|turn|1\n|\n|t:|1700751763\n|move|p2a: Gyarados|Dragon Dance|p2a: Gyarados\n|-boost|p2a: Gyarados|atk|1\n|-boost|p2a: Gyarados|spe|1\n|move|p1a: The Droplet Tear|Substitute|p1a: The Droplet Tear\n|-start|p1a: The Droplet Tear|Substitute\n|-damage|p1a: The Droplet Tear|76\/100\n|\n|-heal|p1a: The Droplet Tear|82\/100|[from] item: Leftovers\n|upkeep\n|turn|2\n|\n|t:|1700751781\n|move|p2a: Gyarados|Dragon Dance|p2a: Gyarados\n|-boost|p2a: Gyarados|atk|1\n|-boost|p2a: Gyarados|spe|1\n|move|p1a: The Droplet Tear|Calm Mind|p1a: The Droplet Tear\n|-boost|p1a: The Droplet Tear|spa|1\n|-boost|p1a: The Droplet Tear|spd|1\n|\n|-heal|p1a: The Droplet Tear|88\/100|[from] item: Leftovers\n|upkeep\n|turn|3\n|\n|t:|1700751789\n|move|p2a: Gyarados|Iron Head|p1a: The Droplet Tear\n|-end|p1a: The Droplet Tear|Substitute\n|move|p1a: The Droplet Tear|Moonblast|p2a: Gyarados\n|-damage|p2a: Gyarados|49\/100\n|\n|-heal|p1a: The Droplet Tear|94\/100|[from] item: Leftovers\n|upkeep\n|turn|4\n|\n|t:|1700751797\n|move|p2a: Gyarados|Iron Head|p1a: The Droplet Tear\n|-damage|p1a: The Droplet Tear|52\/100\n|move|p1a: The Droplet Tear|Moonblast|p2a: Gyarados\n|-damage|p2a: Gyarados|0 fnt\n|faint|p2a: Gyarados\n|\n|-heal|p1a: The Droplet Tear|58\/100|[from] item: Leftovers\n|upkeep\n|\n|t:|1700751805\n|switch|p2a: Raikuro|Tapu Koko, shiny|100\/100\n|-fieldstart|move: Electric Terrain|[from] ability: Electric Surge|[of] p2a: Raikuro\n|turn|5\n|\n|t:|1700751809\n|switch|p2a: Scuttle|Pelipper, M|100\/100\n|-weather|RainDance|[from] ability: Drizzle|[of] p2a: Scuttle\n|switch|p1a: The Lonesome One|Excadrill, F, shiny|100\/100\n|-ability|p1a: The Lonesome One|Mold Breaker\n|\n|-weather|RainDance|[upkeep]\n|upkeep\n|turn|6\n|\n|t:|1700751822\n|switch|p1a: The Droplet Tear|Tapu Fini, shiny|58\/100\n|-fieldstart|move: Misty Terrain|[from] ability: Misty Surge|[of] p1a: The Droplet Tear\n|move|p2a: Scuttle|Surf|p1a: The Droplet Tear\n|-resisted|p1a: The Droplet Tear\n|-damage|p1a: The Droplet Tear|40\/100\n|\n|-weather|RainDance|[upkeep]\n|-heal|p1a: The Droplet Tear|46\/100|[from] item: Leftovers\n|upkeep\n|turn|7\n|\n|t:|1700751833\n|move|p1a: The Droplet Tear|Substitute|p1a: The Droplet Tear\n|-start|p1a: The Droplet Tear|Substitute\n|-damage|p1a: The Droplet Tear|21\/100\n|move|p2a: Scuttle|U-turn|p1a: The Droplet Tear\n|-resisted|p1a: The Droplet Tear\n|-activate|p1a: The Droplet Tear|move: Substitute|[damage]\n|\n|t:|1700751839\n|switch|p2a: Raikuro|Tapu Koko, shiny|100\/100|[from] U-turn\n|-fieldstart|move: Electric Terrain|[from] ability: Electric Surge|[of] p2a: Raikuro\n|\n|-weather|RainDance|[upkeep]\n|-heal|p1a: The Droplet Tear|27\/100|[from] item: Leftovers\n|upkeep\n|turn|8\n|\n|t:|1700751859\n|move|p2a: Raikuro|Volt Switch|p1a: The Droplet Tear\n|-supereffective|p1a: The Droplet Tear\n|-end|p1a: The Droplet Tear|Substitute\n|\n|t:|1700751864\n|switch|p2a: El Tigre|Hawlucha, F|100\/100|[from] Volt Switch\n|-enditem|p2a: El Tigre|Electric Seed\n|-boost|p2a: El Tigre|def|1|[from] item: Electric Seed\n|move|p1a: The Droplet Tear|Scald|p2a: El Tigre\n|-damage|p2a: El Tigre|40\/100\n|\n|-weather|RainDance|[upkeep]\n|-heal|p1a: The Droplet Tear|33\/100|[from] item: Leftovers\n|upkeep\n|turn|9\n|\n|t:|1700751873\n|switch|p1a: Ephialtes Keeper|Corviknight, F, shiny|100\/100\n|-ability|p1a: Ephialtes Keeper|Pressure\n|move|p2a: El Tigre|Acrobatics|p1a: Ephialtes Keeper\n|-resisted|p1a: Ephialtes Keeper\n|-damage|p1a: Ephialtes Keeper|80\/100\n|-damage|p2a: El Tigre|24\/100|[from] item: Rocky Helmet|[of] p1a: Ephialtes Keeper\n|\n|-weather|RainDance|[upkeep]\n|upkeep\n|turn|10\n|c|\u2606RandoTestAccount|Legendary reference.\n|\n|t:|1700751883\n|move|p2a: El Tigre|High Jump Kick|p1a: Ephialtes Keeper\n|-damage|p1a: Ephialtes Keeper|33\/100\n|-damage|p2a: El Tigre|7\/100|[from] item: Rocky Helmet|[of] p1a: Ephialtes Keeper\n|move|p1a: Ephialtes Keeper|U-turn|p2a: El Tigre\n|-resisted|p2a: El Tigre\n|-crit|p2a: El Tigre\n|-damage|p2a: El Tigre|1\/100\n|\n|t:|1700751888\n|switch|p1a: Spectre of Emerald|Sableye, F, shiny|100\/100|[from] U-turn\n|\n|-weather|RainDance|[upkeep]\n|upkeep\n|turn|11\n|\n|t:|1700751896\n|move|p1a: Spectre of Emerald|Will-O-Wisp|p2a: El Tigre\n|-status|p2a: El Tigre|brn\n|move|p2a: El Tigre|Acrobatics|p1a: Spectre of Emerald\n|-damage|p1a: Spectre of Emerald|76\/100\n|\n|-weather|RainDance|[upkeep]\n|-damage|p2a: El Tigre|0 fnt|[from] brn\n|faint|p2a: El Tigre\n|-fieldend|move: Electric Terrain\n|upkeep\n|\n|t:|1700751906\n|switch|p2a: Raikuro|Tapu Koko, shiny|100\/100\n|-fieldstart|move: Electric Terrain|[from] ability: Electric Surge|[of] p2a: Raikuro\n|turn|12\n|c|\u2606Raseninnegan|haha thanks dude\n|\n|t:|1700751917\n|switch|p1a: The Lonesome One|Excadrill, F, shiny|100\/100\n|-ability|p1a: The Lonesome One|Mold Breaker\n|move|p2a: Raikuro|Thunder|p1a: The Lonesome One\n|-immune|p1a: The Lonesome One\n|\n|-weather|none\n|upkeep\n|turn|13\n|\n|t:|1700751928\n|switch|p2a: ShockSquatch|Electivire, F, shiny|100\/100\n|switch|p1a: The Droplet Tear|Tapu Fini, shiny|33\/100\n|-fieldstart|move: Misty Terrain|[from] ability: Misty Surge|[of] p1a: The Droplet Tear\n|\n|-heal|p1a: The Droplet Tear|39\/100|[from] item: Leftovers\n|upkeep\n|turn|14\n|c|\u2606RandoTestAccount|Are all of these references?\n|c|\u2606Raseninnegan|i think a couple of them are\n|inactive|Raseninnegan has 120 seconds left.\n|\n|t:|1700751962\n|switch|p1a: Agony Steelheart|Dragalge, F, shiny|100\/100\n|move|p2a: ShockSquatch|Earthquake|p1a: Agony Steelheart\n|-supereffective|p1a: Agony Steelheart\n|-damage|p1a: Agony Steelheart|9\/100\n|-damage|p2a: ShockSquatch|91\/100|[from] item: Life Orb\n|\n|-heal|p1a: Agony Steelheart|15\/100|[from] item: Black Sludge\n|upkeep\n|turn|15\n|\n|t:|1700751978\n|move|p2a: ShockSquatch|Thunder Wave|p1a: Agony Steelheart\n|-activate|p1a: Agony Steelheart|move: Misty Terrain\n|move|p1a: Agony Steelheart|Dragon Pulse|p2a: ShockSquatch\n|-damage|p2a: ShockSquatch|62\/100\n|\n|-heal|p1a: Agony Steelheart|21\/100|[from] item: Black Sludge\n|upkeep\n|turn|16\n|c|\u2606Raseninnegan|the pelipper is the pelican from little mermaid\n|inactive|Raseninnegan has 120 seconds left.\n|\n|t:|1700751997\n|switch|p1a: Ephialtes Keeper|Corviknight, F, shiny|33\/100\n|-ability|p1a: Ephialtes Keeper|Pressure\n|move|p2a: ShockSquatch|Ice Punch|p1a: Ephialtes Keeper\n|-crit|p1a: Ephialtes Keeper\n|-damage|p1a: Ephialtes Keeper|0 fnt\n|-damage|p2a: ShockSquatch|45\/100|[from] item: Rocky Helmet|[of] p1a: Ephialtes Keeper\n|faint|p1a: Ephialtes Keeper\n|-damage|p2a: ShockSquatch|35\/100|[from] item: Life Orb\n|\n|upkeep\n|c|\u2606RandoTestAccount|Lmao, I ain't even realize that.\n|inactive|RandoTestAccount has 120 seconds left.\n|c|\u2606RandoTestAccount|That's a good one.\n|\n|t:|1700752033\n|switch|p1a: Spectre of Emerald|Sableye, F, shiny|76\/100\n|turn|17\n|\n|t:|1700752038\n|detailschange|p1a: Spectre of Emerald|Sableye-Mega, F, shiny\n|-mega|p1a: Spectre of Emerald|Sableye|Sablenite\n|move|p2a: ShockSquatch|Wild Charge|p1a: Spectre of Emerald\n|-damage|p1a: Spectre of Emerald|36\/100\n|-damage|p2a: ShockSquatch|25\/100|[from] Recoil\n|-damage|p2a: ShockSquatch|15\/100|[from] item: Life Orb\n|move|p1a: Spectre of Emerald|Recover|p1a: Spectre of Emerald\n|-heal|p1a: Spectre of Emerald|86\/100\n|\n|-fieldend|Misty Terrain\n|upkeep\n|turn|18\n|c|\u2606Raseninnegan|Wanted to make my team a little more home like\n|\n|t:|1700752055\n|move|p2a: ShockSquatch|Earthquake|p1a: Spectre of Emerald\n|-damage|p1a: Spectre of Emerald|54\/100\n|-damage|p2a: ShockSquatch|5\/100|[from] item: Life Orb\n|move|p1a: Spectre of Emerald|Will-O-Wisp|p2a: ShockSquatch\n|-status|p2a: ShockSquatch|brn\n|\n|-damage|p2a: ShockSquatch|0 fnt|[from] brn\n|faint|p2a: ShockSquatch\n|upkeep\n|inactive|Raseninnegan has 120 seconds left.\n|\n|t:|1700752066\n|switch|p2a: Raikuro|Tapu Koko, shiny|100\/100\n|-fieldstart|move: Electric Terrain|[from] ability: Electric Surge|[of] p2a: Raikuro\n|turn|19\n|c|\u2606RandoTestAccount|That's fair.\n|inactive|RandoTestAccount has 120 seconds left.\n|c|\u2606RandoTestAccount|I swear, Pok\u00e9mon with nicknames get more kills on average.\n|\n|t:|1700752088\n|switch|p1a: The Lonesome One|Excadrill, F, shiny|100\/100\n|-ability|p1a: The Lonesome One|Mold Breaker\n|move|p2a: Raikuro|Hidden Power|p1a: The Lonesome One\n|-damage|p1a: The Lonesome One|69\/100\n|\n|-heal|p1a: The Lonesome One|75\/100|[from] item: Leftovers\n|upkeep\n|turn|20\n|\n|t:|1700752097\n|switch|p2a: Scuttle|Pelipper, M|100\/100\n|-weather|RainDance|[from] ability: Drizzle|[of] p2a: Scuttle\n|move|p1a: The Lonesome One|Swords Dance|p1a: The Lonesome One\n|-boost|p1a: The Lonesome One|atk|2\n|\n|-weather|RainDance|[upkeep]\n|-heal|p1a: The Lonesome One|82\/100|[from] item: Leftovers\n|upkeep\n|turn|21\n|inactive|RandoTestAccount has 120 seconds left.\n|\n|t:|1700752106\n|switch|p1a: Nika Reanukko|Umbreon, F, shiny|100\/100\n|move|p2a: Scuttle|Surf|p1a: Nika Reanukko\n|-damage|p1a: Nika Reanukko|77\/100\n|\n|-weather|RainDance|[upkeep]\n|-heal|p1a: Nika Reanukko|83\/100|[from] item: Leftovers\n|upkeep\n|turn|22\n|\n|t:|1700752114\n|switch|p2a: Pika|Pikachu-Sinnoh, M|100\/100\n|move|p1a: Nika Reanukko|Wish|p1a: Nika Reanukko\n|\n|-weather|RainDance|[upkeep]\n|-heal|p1a: Nika Reanukko|89\/100|[from] item: Leftovers\n|upkeep\n|turn|23\n|\n|t:|1700752120\n|switch|p1a: The Lonesome One|Excadrill, F, shiny|82\/100\n|-ability|p1a: The Lonesome One|Mold Breaker\n|move|p2a: Pika|Surf|p1a: The Lonesome One\n|-supereffective|p1a: The Lonesome One\n|-damage|p1a: The Lonesome One|0 fnt\n|faint|p1a: The Lonesome One\n|\n|-weather|RainDance|[upkeep]\n|-fieldend|move: Electric Terrain\n|upkeep\n|\n|t:|1700752133\n|switch|p1a: Nika Reanukko|Umbreon, F, shiny|89\/100\n|turn|24\n|c|\u2606Raseninnegan|It's the battle bond\n|\n|t:|1700752138\n|-terastallize|p2a: Pika|Electric\n|move|p2a: Pika|Volt Tackle|p1a: Nika Reanukko\n|-damage|p1a: Nika Reanukko|16\/100\n|-damage|p2a: Pika|56\/100|[from] Recoil\n|move|p1a: Nika Reanukko|Wish|p1a: Nika Reanukko\n|\n|-weather|RainDance|[upkeep]\n|-heal|p1a: Nika Reanukko|22\/100|[from] item: Leftovers\n|upkeep\n|turn|25\n|\n|t:|1700752159\n|switch|p1a: Agony Steelheart|Dragalge, F, shiny|21\/100\n|move|p2a: Pika|Volt Switch|p1a: Agony Steelheart\n|-resisted|p1a: Agony Steelheart\n|-damage|p1a: Agony Steelheart|8\/100\n|\n|t:|1700752165\n|switch|p2a: Raikuro|Tapu Koko, shiny|100\/100|[from] Volt Switch\n|-fieldstart|move: Electric Terrain|[from] ability: Electric Surge|[of] p2a: Raikuro\n|\n|-weather|RainDance|[upkeep]\n|-heal|p1a: Agony Steelheart|67\/100|[from] move: Wish|[wisher] Nika Reanukko\n|-heal|p1a: Agony Steelheart|73\/100|[from] item: Black Sludge\n|upkeep\n|turn|26\n|\n|t:|1700752174\n|move|p2a: Raikuro|Hidden Power|p1a: Agony Steelheart\n|-supereffective|p1a: Agony Steelheart\n|-damage|p1a: Agony Steelheart|42\/100\n|move|p1a: Agony Steelheart|Acid Spray|p2a: Raikuro\n|-supereffective|p2a: Raikuro\n|-damage|p2a: Raikuro|45\/100\n|-unboost|p2a: Raikuro|spd|2\n|\n|-weather|RainDance|[upkeep]\n|-heal|p1a: Agony Steelheart|48\/100|[from] item: Black Sludge\n|upkeep\n|turn|27\n|\n|t:|1700752189\n|switch|p2a: Scuttle|Pelipper, M|100\/100\n|move|p1a: Agony Steelheart|Acid Spray|p2a: Scuttle\n|-damage|p2a: Scuttle|77\/100\n|-unboost|p2a: Scuttle|spd|2\n|\n|-weather|none\n|-heal|p1a: Agony Steelheart|53\/100|[from] item: Black Sludge\n|upkeep\n|turn|28\n|c|\u2606RandoTestAccount|Lmao, on everything!\n|c|\u2606RandoTestAccount|Shoot, I've had these same nicknames forever.\n|\n|t:|1700752215\n|move|p2a: Scuttle|Hurricane|p1a: Agony Steelheart|[miss]\n|-miss|p2a: Scuttle|p1a: Agony Steelheart\n|move|p1a: Agony Steelheart|Acid Spray|p2a: Scuttle\n|-damage|p2a: Scuttle|29\/100\n|-unboost|p2a: Scuttle|spd|2\n|\n|-heal|p1a: Agony Steelheart|59\/100|[from] item: Black Sludge\n|upkeep\n|turn|29\n|\n|t:|1700752228\n|move|p2a: Scuttle|Surf|p1a: Agony Steelheart\n|-resisted|p1a: Agony Steelheart\n|-damage|p1a: Agony Steelheart|50\/100\n|move|p1a: Agony Steelheart|Acid Spray|p2a: Scuttle\n|-damage|p2a: Scuttle|0 fnt\n|faint|p2a: Scuttle\n|\n|-heal|p1a: Agony Steelheart|56\/100|[from] item: Black Sludge\n|-fieldend|move: Electric Terrain\n|upkeep\n|\n|t:|1700752236\n|switch|p2a: Raikuro|Tapu Koko, shiny|45\/100\n|-fieldstart|move: Electric Terrain|[from] ability: Electric Surge|[of] p2a: Raikuro\n|turn|30\n|c|\u2606Raseninnegan|they're cool\n|c|\u2606Raseninnegan|what are the from?\n|\n|t:|1700752250\n|move|p2a: Raikuro|Dazzling Gleam|p1a: Agony Steelheart\n|-crit|p1a: Agony Steelheart\n|-damage|p1a: Agony Steelheart|11\/100\n|move|p1a: Agony Steelheart|Acid Spray|p2a: Raikuro\n|-supereffective|p2a: Raikuro\n|-damage|p2a: Raikuro|0 fnt\n|faint|p2a: Raikuro\n|\n|-heal|p1a: Agony Steelheart|17\/100|[from] item: Black Sludge\n|upkeep\n|\n|t:|1700752258\n|switch|p2a: Pika|Pikachu-Sinnoh, M, tera:Electric|56\/100\n|turn|31\n|\n|t:|1700752262\n|switch|p1a: The Droplet Tear|Tapu Fini, shiny|39\/100\n|-fieldstart|move: Misty Terrain|[from] ability: Misty Surge|[of] p1a: The Droplet Tear\n|move|p2a: Pika|Volt Tackle|p1a: The Droplet Tear\n|-supereffective|p1a: The Droplet Tear\n|-damage|p1a: The Droplet Tear|0 fnt\n|faint|p1a: The Droplet Tear\n|-damage|p2a: Pika|37\/100|[from] Recoil\n|\n|upkeep\n|\n|t:|1700752279\n|switch|p1a: Nika Reanukko|Umbreon, F, shiny|22\/100\n|turn|32\n|\n|t:|1700752284\n|move|p2a: Pika|Play Rough|p1a: Nika Reanukko\n|-supereffective|p1a: Nika Reanukko\n|-damage|p1a: Nika Reanukko|0 fnt\n|faint|p1a: Nika Reanukko\n|\n|upkeep\n|c|\u2606RandoTestAccount|Nothing, too be honest. I just thought of them a few years ago as time went on.\n|\n|t:|1700752314\n|switch|p1a: Spectre of Emerald|Sableye-Mega, F, shiny|54\/100\n|turn|33\n|\n|t:|1700752319\n|move|p2a: Pika|Play Rough|p1a: Spectre of Emerald\n|-supereffective|p1a: Spectre of Emerald\n|-damage|p1a: Spectre of Emerald|0 fnt\n|faint|p1a: Spectre of Emerald\n|\n|upkeep\n|\n|t:|1700752323\n|switch|p1a: Agony Steelheart|Dragalge, F, shiny|17\/100\n|turn|34\n|\n|t:|1700752329\n|move|p2a: Pika|Volt Tackle|p1a: Agony Steelheart\n|-resisted|p1a: Agony Steelheart\n|-damage|p1a: Agony Steelheart|0 fnt\n|faint|p1a: Agony Steelheart\n|-damage|p2a: Pika|28\/100|[from] Recoil\n|\n|win|Raseninnegan\n|raw|RandoTestAccount's rating: 1224 &rarr; <strong>1198<\/strong><br \/>(-26 for losing)\n|raw|Raseninnegan's rating: 1206 &rarr; <strong>1232<\/strong><br \/>(+26 for winning)\n|c|\u2606Raseninnegan|gg mate\n|c|\u2606RandoTestAccount|Good game, G.\n|c|\u2606RandoTestAccount|I'mma send you a friend request.\n|c|\u2606RandoTestAccount|That cool with you?\n|c|\u2606Raseninnegan|Yea!\n|c|\u2606RandoTestAccount|Say less.\n|c|\u2606RandoTestAccount|I hope we can battle again soon.\n|c|\u2606RandoTestAccount|Enjoy your Thanksgiving!\n","uploadtime":1700752383,"views":3,"p1id":"randotestaccount","p2id":"raseninnegan","formatid":"gen9nationaldex","rating":1198,"private":0,"password":""}