{"id":"gen9nationaldex-1987469439","p1":"raltz","p2":"autumn-emberz","format":"[Gen 9] National Dex","log":"|j|\u2606raltz\n|j|\u2606autumn-emberz\n|t:|1699596642\n|gametype|singles\n|player|p1|raltz|janitor|1047\n|player|p2|autumn-emberz|blue|1059\n|teamsize|p1|6\n|teamsize|p2|6\n|gen|9\n|tier|[Gen 9] National Dex\n|rated|\n|rule|HP Percentage Mod: HP is shown in percentages\n|rule|Endless Battle Clause: Forcing endless battles is banned\n|rule|OHKO Clause: OHKO moves are banned\n|rule|Evasion Clause: Evasion abilities, items, and moves are banned\n|rule|Evasion Abilities Clause: Evasion abilities are banned\n|rule|Evasion Items Clause: Evasion items are banned\n|rule|Evasion Moves Clause: Evasion moves are banned\n|rule|Species Clause: Limit one of each Pok\u00e9mon\n|rule|Sleep Clause Mod: Limit one foe put to sleep\n|clearpoke\n|poke|p1|Blissey, F|\n|poke|p1|Metagross|\n|poke|p1|Ludicolo, F|\n|poke|p1|Dragonite, M|\n|poke|p1|Swampert, M|\n|poke|p1|Pelipper, F|\n|poke|p2|Beedrill, F|\n|poke|p2|Greninja-*, M|\n|poke|p2|Sneasler, M|\n|poke|p2|Celebi|\n|poke|p2|Tyranitar, F|\n|poke|p2|Toxapex, F|\n|teampreview\n|\n|t:|1699596654\n|start\n|switch|p1a: Swampert|Swampert, M|100\/100\n|switch|p2a: Toxapex|Toxapex, F|100\/100\n|turn|1\n|\n|t:|1699596665\n|move|p2a: Toxapex|Baneful Bunker|p2a: Toxapex\n|-singleturn|p2a: Toxapex|move: Protect\n|move|p1a: Swampert|Stealth Rock|p2a: Toxapex\n|-sidestart|p2: autumn-emberz|move: Stealth Rock\n|\n|upkeep\n|turn|2\n|\n|t:|1699596670\n|move|p2a: Toxapex|Toxic Spikes|p1a: Swampert\n|-sidestart|p1: raltz|move: Toxic Spikes\n|move|p1a: Swampert|Roar|p2a: Toxapex\n|drag|p2a: Beedrill|Beedrill, F|100\/100\n|-damage|p2a: Beedrill|75\/100|[from] Stealth Rock\n|\n|upkeep\n|turn|3\n|\n|t:|1699596681\n|detailschange|p2a: Beedrill|Beedrill-Mega, F\n|-mega|p2a: Beedrill|Beedrill|Beedrillite\n|move|p2a: Beedrill|U-turn|p1a: Swampert\n|-damage|p1a: Swampert|61\/100\n|\n|t:|1699596686\n|switch|p2a: Toxapex|Toxapex, F|100\/100|[from] U-turn\n|-damage|p2a: Toxapex|88\/100|[from] Stealth Rock\n|move|p1a: Swampert|Rain Dance|p1a: Swampert\n|-weather|RainDance\n|\n|-weather|RainDance|[upkeep]\n|-heal|p2a: Toxapex|94\/100|[from] item: Leftovers\n|upkeep\n|turn|4\n|\n|t:|1699596694\n|move|p2a: Toxapex|Toxic Spikes|p1a: Swampert\n|-sidestart|p1: raltz|move: Toxic Spikes\n|move|p1a: Swampert|Roar|p2a: Toxapex\n|drag|p2a: Beedrill|Beedrill-Mega, F|75\/100\n|-damage|p2a: Beedrill|50\/100|[from] Stealth Rock\n|\n|-weather|RainDance|[upkeep]\n|upkeep\n|turn|5\n|\n|t:|1699596708\n|move|p2a: Beedrill|X-Scissor|p1a: Swampert\n|-damage|p1a: Swampert|17\/100\n|move|p1a: Swampert|Scald|p2a: Beedrill\n|-damage|p2a: Beedrill|0 fnt\n|faint|p2a: Beedrill\n|\n|-weather|RainDance|[upkeep]\n|upkeep\n|\n|t:|1699596729\n|switch|p2a: Greninja|Greninja, M|100\/100\n|-damage|p2a: Greninja|88\/100|[from] Stealth Rock\n|turn|6\n|\n|t:|1699596739\n|move|p2a: Greninja|Shadow Sneak|p1a: Swampert\n|-damage|p1a: Swampert|12\/100\n|move|p1a: Swampert|Roar|p2a: Greninja\n|drag|p2a: Tyranitar|Tyranitar, F|100\/100\n|-ability|p2a: Tyranitar|Unnerve\n|-damage|p2a: Tyranitar|88\/100|[from] Stealth Rock\n|\n|-weather|RainDance|[upkeep]\n|upkeep\n|turn|7\n|\n|t:|1699596755\n|move|p2a: Tyranitar|Crunch|p1a: Swampert\n|-damage|p1a: Swampert|0 fnt\n|faint|p1a: Swampert\n|\n|-weather|RainDance|[upkeep]\n|upkeep\n|\n|t:|1699596759\n|switch|p1a: Ludicolo|Ludicolo, F|100\/100\n|-status|p1a: Ludicolo|tox\n|turn|8\n|\n|t:|1699596771\n|move|p1a: Ludicolo|Surf|p2a: Tyranitar\n|-supereffective|p2a: Tyranitar\n|-damage|p2a: Tyranitar|0 fnt\n|faint|p2a: Tyranitar\n|-damage|p1a: Ludicolo|91\/100 tox|[from] item: Life Orb\n|\n|-weather|RainDance|[upkeep]\n|-damage|p1a: Ludicolo|85\/100 tox|[from] psn\n|upkeep\n|\n|t:|1699596781\n|switch|p2a: Toxapex|Toxapex, F|100\/100\n|-damage|p2a: Toxapex|88\/100|[from] Stealth Rock\n|turn|9\n|\n|t:|1699596787\n|move|p2a: Toxapex|Baneful Bunker|p2a: Toxapex\n|-singleturn|p2a: Toxapex|move: Protect\n|move|p1a: Ludicolo|Energy Ball|p2a: Toxapex\n|-activate|p2a: Toxapex|move: Protect\n|\n|-weather|RainDance|[upkeep]\n|-heal|p2a: Toxapex|94\/100|[from] item: Leftovers\n|-damage|p1a: Ludicolo|73\/100 tox|[from] psn\n|upkeep\n|turn|10\n|\n|t:|1699596803\n|move|p1a: Ludicolo|Energy Ball|p2a: Toxapex\n|-damage|p2a: Toxapex|53\/100\n|-unboost|p2a: Toxapex|spd|1\n|-damage|p1a: Ludicolo|63\/100 tox|[from] item: Life Orb\n|move|p2a: Toxapex|Knock Off|p1a: Ludicolo\n|-damage|p1a: Ludicolo|36\/100 tox\n|-enditem|p1a: Ludicolo|Life Orb|[from] move: Knock Off|[of] p2a: Toxapex\n|\n|-weather|none\n|-heal|p2a: Toxapex|59\/100|[from] item: Leftovers\n|-damage|p1a: Ludicolo|18\/100 tox|[from] psn\n|upkeep\n|turn|11\n|\n|t:|1699596816\n|move|p2a: Toxapex|Baneful Bunker|p2a: Toxapex\n|-singleturn|p2a: Toxapex|move: Protect\n|move|p1a: Ludicolo|Rain Dance|p1a: Ludicolo\n|-weather|RainDance\n|\n|-weather|RainDance|[upkeep]\n|-heal|p2a: Toxapex|66\/100|[from] item: Leftovers\n|-damage|p1a: Ludicolo|0 fnt|[from] psn\n|faint|p1a: Ludicolo\n|upkeep\n|\n|t:|1699596820\n|switch|p1a: Metagross|Metagross|100\/100\n|turn|12\n|\n|t:|1699596833\n|move|p1a: Metagross|Earthquake|p2a: Toxapex\n|-supereffective|p2a: Toxapex\n|-damage|p2a: Toxapex|4\/100\n|move|p2a: Toxapex|Knock Off|p1a: Metagross\n|-supereffective|p1a: Metagross\n|-damage|p1a: Metagross|75\/100\n|-enditem|p1a: Metagross|Figy Berry|[from] move: Knock Off|[of] p2a: Toxapex\n|\n|-weather|RainDance|[upkeep]\n|-heal|p2a: Toxapex|11\/100|[from] item: Leftovers\n|upkeep\n|turn|13\n|\n|t:|1699596843\n|move|p2a: Toxapex|Baneful Bunker|p2a: Toxapex\n|-singleturn|p2a: Toxapex|move: Protect\n|move|p1a: Metagross|Earthquake|p2a: Toxapex\n|-activate|p2a: Toxapex|move: Protect\n|\n|-weather|RainDance|[upkeep]\n|-heal|p2a: Toxapex|17\/100|[from] item: Leftovers\n|upkeep\n|turn|14\n|\n|t:|1699596862\n|move|p2a: Toxapex|Baneful Bunker|p2a: Toxapex\n|-singleturn|p2a: Toxapex|move: Protect\n|move|p1a: Metagross|Earthquake|p2a: Toxapex\n|-activate|p2a: Toxapex|move: Protect\n|\n|-weather|RainDance|[upkeep]\n|-heal|p2a: Toxapex|23\/100|[from] item: Leftovers\n|upkeep\n|turn|15\n|\n|t:|1699596869\n|move|p1a: Metagross|Earthquake|p2a: Toxapex\n|-supereffective|p2a: Toxapex\n|-damage|p2a: Toxapex|0 fnt\n|faint|p2a: Toxapex\n|\n|-weather|none\n|upkeep\n|\n|t:|1699596884\n|switch|p2a: Celebi|Celebi|100\/100\n|-damage|p2a: Celebi|88\/100|[from] Stealth Rock\n|turn|16\n|\n|t:|1699596909\n|move|p2a: Celebi|Shadow Ball|p1a: Metagross\n|-supereffective|p1a: Metagross\n|-damage|p1a: Metagross|18\/100\n|move|p1a: Metagross|Explosion|p2a: Celebi\n|-damage|p2a: Celebi|0 fnt\n|faint|p1a: Metagross\n|faint|p2a: Celebi\n|\n|upkeep\n|\n|t:|1699596926\n|switch|p2a: Greninja|Greninja, M|88\/100\n|switch|p1a: Dragonite|Dragonite, M|100\/100\n|-damage|p2a: Greninja|76\/100|[from] Stealth Rock\n|turn|17\n|\n|t:|1699596946\n|-terastallize|p2a: Greninja|Water\n|-terastallize|p1a: Dragonite|Fire\n|move|p2a: Greninja|Ice Beam|p1a: Dragonite\n|-resisted|p1a: Dragonite\n|-damage|p1a: Dragonite|93\/100\n|move|p1a: Dragonite|Outrage|p2a: Greninja\n|-damage|p2a: Greninja|0 fnt\n|faint|p2a: Greninja\n|\n|upkeep\n|\n|t:|1699596956\n|switch|p2a: Sneasler|Sneasler, M|100\/100\n|-damage|p2a: Sneasler|95\/100|[from] Stealth Rock\n|turn|18\n|\n|t:|1699596962\n|move|p2a: Sneasler|Dire Claw|p1a: Dragonite\n|-damage|p1a: Dragonite|35\/100\n|-status|p1a: Dragonite|slp\n|-damage|p2a: Sneasler|85\/100|[from] item: Life Orb\n|cant|p1a: Dragonite|slp\n|\n|-start|p1a: Dragonite|confusion|[fatigue]\n|upkeep\n|turn|19\n|\n|t:|1699596970\n|move|p2a: Sneasler|Dire Claw|p1a: Dragonite\n|-damage|p1a: Dragonite|0 fnt\n|faint|p1a: Dragonite\n|-damage|p2a: Sneasler|75\/100|[from] item: Life Orb\n|\n|upkeep\n|\n|t:|1699596981\n|switch|p1a: Pelipper|Pelipper, F|100\/100\n|-weather|RainDance|[from] ability: Drizzle|[of] p1a: Pelipper\n|turn|20\n|\n|t:|1699596987\n|move|p2a: Sneasler|Dire Claw|p1a: Pelipper\n|-damage|p1a: Pelipper|59\/100\n|-status|p1a: Pelipper|par\n|-damage|p2a: Sneasler|65\/100|[from] item: Life Orb\n|move|p1a: Pelipper|Air Slash|p2a: Sneasler\n|-supereffective|p2a: Sneasler\n|-damage|p2a: Sneasler|0 fnt\n|faint|p2a: Sneasler\n|\n|win|raltz\n|raw|raltz's rating: 1047 &rarr; <strong>1081<\/strong><br \/>(+34 for winning)\n|raw|autumn-emberz's rating: 1059 &rarr; <strong>1039<\/strong><br \/>(-20 for losing)\n|l|\u2606autumn-emberz\n","uploadtime":1699597000,"views":4,"p1id":"raltz","p2id":"autumnemberz","formatid":"gen9nationaldex","rating":1039,"private":0,"password":""}