{"id":"gen9nationaldex-1988287973","p1":"h8for3v","p2":"Cykada 3301","format":"[Gen 9] National Dex","log":"|j|\u2606h8for3v\n|j|\u2606Cykada 3301\n|t:|1699702202\n|gametype|singles\n|player|p1|h8for3v|alec-anime|1047\n|player|p2|Cykada 3301|wallace|1040\n|teamsize|p1|6\n|teamsize|p2|6\n|gen|9\n|tier|[Gen 9] National Dex\n|rated|\n|rule|HP Percentage Mod: HP is shown in percentages\n|rule|Endless Battle Clause: Forcing endless battles is banned\n|rule|OHKO Clause: OHKO moves are banned\n|rule|Evasion Clause: Evasion abilities, items, and moves are banned\n|rule|Evasion Abilities Clause: Evasion abilities are banned\n|rule|Evasion Items Clause: Evasion items are banned\n|rule|Evasion Moves Clause: Evasion moves are banned\n|rule|Species Clause: Limit one of each Pok\u00e9mon\n|rule|Sleep Clause Mod: Limit one foe put to sleep\n|clearpoke\n|poke|p1|Dragonite, M|\n|poke|p1|Arcanine, M|\n|poke|p1|Maushold|\n|poke|p1|Ursaluna, M|\n|poke|p1|Blastoise, M|\n|poke|p1|Miltank, F|\n|poke|p2|Snorlax, F|\n|poke|p2|Blissey, F|\n|poke|p2|Mew|\n|poke|p2|Togekiss, F|\n|poke|p2|Clefable, F|\n|poke|p2|Medicham, F|\n|teampreview\n|\n|t:|1699702215\n|start\n|switch|p1a: MILKSHAKE|Miltank, F|100\/100\n|switch|p2a: Clefable|Clefable, F|100\/100\n|turn|1\n|\n|t:|1699702222\n|move|p1a: MILKSHAKE|Toxic|p2a: Clefable\n|-status|p2a: Clefable|tox\n|move|p2a: Clefable|Metronome|p2a: Clefable\n|move|p2a: Clefable|Shock Wave|p1a: MILKSHAKE|[from]move: Metronome\n|-crit|p1a: MILKSHAKE\n|-damage|p1a: MILKSHAKE|76\/100\n|\n|-heal|p1a: MILKSHAKE|82\/100|[from] item: Leftovers\n|-damage|p2a: Clefable|94\/100 tox|[from] psn\n|upkeep\n|turn|2\n|inactive|Battle timer is ON: inactive players will automatically lose when time's up. (requested by h8for3v)\n|\n|t:|1699702243\n|switch|p1a: _AKATSUKI_|Maushold|100\/100\n|move|p2a: Clefable|Metronome|p2a: Clefable\n|move|p2a: Clefable|Horn Attack|p1a: _AKATSUKI_|[from]move: Metronome\n|-damage|p1a: _AKATSUKI_|77\/100\n|\n|-heal|p2a: Clefable|100\/100 tox|[from] item: Leftovers\n|-damage|p2a: Clefable|88\/100 tox|[from] psn\n|upkeep\n|turn|3\n|\n|t:|1699702253\n|-terastallize|p1a: _AKATSUKI_|Ghost\n|move|p1a: _AKATSUKI_|Tidy Up|p1a: _AKATSUKI_\n|-boost|p1a: _AKATSUKI_|atk|1\n|-boost|p1a: _AKATSUKI_|spe|1\n|move|p2a: Clefable|Metronome|p2a: Clefable\n|move|p2a: Clefable|Nuzzle|p1a: _AKATSUKI_|[from]move: Metronome\n|-damage|p1a: _AKATSUKI_|70\/100\n|-status|p1a: _AKATSUKI_|par\n|\n|-heal|p2a: Clefable|94\/100 tox|[from] item: Leftovers\n|-damage|p2a: Clefable|76\/100 tox|[from] psn\n|upkeep\n|turn|4\n|\n|t:|1699702270\n|cant|p1a: _AKATSUKI_|par\n|move|p2a: Clefable|Metronome|p2a: Clefable\n|move|p2a: Clefable|Fissure|p1a: _AKATSUKI_|[from]move: Metronome|[miss]\n|-miss|p2a: Clefable|p1a: _AKATSUKI_\n|\n|-heal|p2a: Clefable|82\/100 tox|[from] item: Leftovers\n|-damage|p2a: Clefable|58\/100 tox|[from] psn\n|upkeep\n|turn|5\n|\n|t:|1699702279\n|move|p1a: _AKATSUKI_|Tidy Up|p1a: _AKATSUKI_\n|-boost|p1a: _AKATSUKI_|atk|1\n|-boost|p1a: _AKATSUKI_|spe|1\n|move|p2a: Clefable|Metronome|p2a: Clefable\n|move|p2a: Clefable|Night Shade|p1a: _AKATSUKI_|[from]move: Metronome\n|-damage|p1a: _AKATSUKI_|35\/100 par\n|\n|-heal|p2a: Clefable|64\/100 tox|[from] item: Leftovers\n|-damage|p2a: Clefable|34\/100 tox|[from] psn\n|upkeep\n|turn|6\n|\n|t:|1699702290\n|move|p1a: _AKATSUKI_|Population Bomb|p2a: Clefable\n|-damage|p2a: Clefable|13\/100 tox\n|-damage|p2a: Clefable|0 fnt\n|faint|p2a: Clefable\n|-hitcount|p2: Clefable|2\n|\n|upkeep\n|\n|t:|1699702304\n|switch|p2a: Blissey|Blissey, F|100\/100\n|turn|7\n|\n|t:|1699702310\n|move|p1a: _AKATSUKI_|Population Bomb|p2a: Blissey\n|-damage|p2a: Blissey|77\/100\n|-damage|p2a: Blissey|55\/100\n|-damage|p2a: Blissey|34\/100\n|-damage|p2a: Blissey|13\/100\n|-damage|p2a: Blissey|0 fnt\n|faint|p2a: Blissey\n|-hitcount|p2: Blissey|5\n|\n|upkeep\n|\n|t:|1699702325\n|switch|p2a: Snorlax|Snorlax, F|100\/100\n|turn|8\n|\n|t:|1699702335\n|move|p1a: _AKATSUKI_|Population Bomb|p2a: Snorlax\n|-damage|p2a: Snorlax|81\/100\n|-damage|p2a: Snorlax|61\/100\n|-damage|p2a: Snorlax|43\/100\n|-damage|p2a: Snorlax|25\/100\n|-damage|p2a: Snorlax|8\/100\n|-damage|p2a: Snorlax|0 fnt\n|faint|p2a: Snorlax\n|-hitcount|p2: Snorlax|6\n|\n|upkeep\n|c|\u2606h8for3v|3 mice > wall cheeser\n|\n|t:|1699702340\n|switch|p2a: Togekiss|Togekiss, F|100\/100\n|turn|9\n|\n|t:|1699702349\n|move|p1a: _AKATSUKI_|Population Bomb|p2a: Togekiss\n|-damage|p2a: Togekiss|75\/100\n|-damage|p2a: Togekiss|50\/100\n|-damage|p2a: Togekiss|27\/100\n|-damage|p2a: Togekiss|4\/100\n|-hitcount|p2a: Togekiss|4\n|move|p2a: Togekiss|Metronome|p2a: Togekiss\n|move|p2a: Togekiss|Dynamic Punch|p1a: _AKATSUKI_|[from]move: Metronome\n|-immune|p1a: _AKATSUKI_\n|\n|-heal|p2a: Togekiss|10\/100|[from] item: Leftovers\n|upkeep\n|turn|10\n|\n|t:|1699702361\n|move|p1a: _AKATSUKI_|Population Bomb|p2a: Togekiss\n|-damage|p2a: Togekiss|0 fnt\n|faint|p2a: Togekiss\n|-hitcount|p2: Togekiss|1\n|\n|upkeep\n|\n|t:|1699702368\n|switch|p2a: Mew|Mew|100\/100\n|turn|11\n|\n|t:|1699702374\n|-terastallize|p2a: Mew|Psychic\n|move|p1a: _AKATSUKI_|Population Bomb|p2a: Mew\n|-damage|p2a: Mew|81\/100\n|-damage|p2a: Mew|63\/100\n|-damage|p2a: Mew|43\/100\n|-damage|p2a: Mew|24\/100\n|-damage|p2a: Mew|4\/100\n|-damage|p2a: Mew|0 fnt\n|faint|p2a: Mew\n|-hitcount|p2: Mew|6\n|\n|upkeep\n|\n|t:|1699702392\n|switch|p2a: Medicham|Medicham, F|100\/100\n|turn|12\n|\n|t:|1699702396\n|detailschange|p2a: Medicham|Medicham-Mega, F\n|-mega|p2a: Medicham|Medicham|Medichamite\n|cant|p1a: _AKATSUKI_|par\n|move|p2a: Medicham|Metronome|p2a: Medicham\n|move|p2a: Medicham|Defend Order|p2a: Medicham|[from]move: Metronome\n|-boost|p2a: Medicham|def|1\n|-boost|p2a: Medicham|spd|1\n|\n|upkeep\n|turn|13\n|\n|t:|1699702405\n|move|p1a: _AKATSUKI_|Population Bomb|p2a: Medicham\n|-damage|p2a: Medicham|76\/100\n|-damage|p2a: Medicham|53\/100\n|-damage|p2a: Medicham|28\/100\n|-damage|p2a: Medicham|2\/100\n|-damage|p2a: Medicham|0 fnt\n|faint|p2a: Medicham\n|-hitcount|p2: Medicham|5\n|\n|win|h8for3v\n|raw|h8for3v's rating: 1047 &rarr; <strong>1079<\/strong><br \/>(+32 for winning)\n|raw|Cykada 3301's rating: 1040 &rarr; <strong>1024<\/strong><br \/>(-16 for losing)\n|l|\u2606Cykada 3301\n","uploadtime":1699702433,"views":4,"p1id":"h8for3v","p2id":"cykada3301","formatid":"gen9nationaldex","rating":1024,"private":0,"password":""}