{"id":"gen9nationaldex-2000287038","p1":"laxar123","p2":"gcutsx","format":"[Gen 9] National Dex","log":"|html|<div class=\"broadcast-blue\"><strong>[Gen 9] National Dex is currently suspecting Sneasler! For information on how to participate check out the <a href=\"https:\/\/www.smogon.com\/forums\/threads\/sv-national-dex-suspect-8-just-dance.3731534\/\">suspect thread<\/a>.<\/strong><\/div>\n|j|\u2606laxar123\n|j|\u2606gcutsx\n|t:|1701181505\n|gametype|singles\n|player|p1|laxar123|acetrainer-gen4dp|1125\n|player|p2|gcutsx|guzma|1040\n|teamsize|p1|6\n|teamsize|p2|6\n|gen|9\n|tier|[Gen 9] National Dex\n|rated|\n|rule|HP Percentage Mod: HP is shown in percentages\n|rule|Endless Battle Clause: Forcing endless battles is banned\n|rule|OHKO Clause: OHKO moves are banned\n|rule|Evasion Clause: Evasion abilities, items, and moves are banned\n|rule|Evasion Abilities Clause: Evasion abilities are banned\n|rule|Evasion Items Clause: Evasion items are banned\n|rule|Evasion Moves Clause: Evasion moves are banned\n|rule|Species Clause: Limit one of each Pok\u00e9mon\n|rule|Sleep Clause Mod: Limit one foe put to sleep\n|clearpoke\n|poke|p1|Diancie|\n|poke|p1|Landorus-Therian, M|\n|poke|p1|Hoopa-Unbound|\n|poke|p1|Zapdos|\n|poke|p1|Ferrothorn, M|\n|poke|p1|Pelipper, F|\n|poke|p2|Tauros-Paldea-Blaze, M|\n|poke|p2|Garganacl, M|\n|poke|p2|Rotom-Wash|\n|poke|p2|Sharpedo, M|\n|poke|p2|Tornadus-Therian, M|\n|poke|p2|Serperior, M|\n|teampreview\n|inactive|Battle timer is ON: inactive players will automatically lose when time's up. (requested by gcutsx)\n|\n|t:|1701181510\n|start\n|switch|p1a: Landorus|Landorus-Therian, M|100\/100\n|switch|p2a: Rotom|Rotom-Wash, shiny|100\/100\n|-ability|p1a: Landorus|Intimidate|boost\n|-unboost|p2a: Rotom|atk|1\n|turn|1\n|\n|t:|1701181516\n|move|p1a: Landorus|U-turn|p2a: Rotom\n|-damage|p2a: Rotom|60\/100\n|\n|t:|1701181521\n|switch|p1a: Ferrothorn|Ferrothorn, M|100\/100|[from] U-turn\n|move|p2a: Rotom|Will-O-Wisp|p1a: Ferrothorn\n|-status|p1a: Ferrothorn|brn\n|\n|-heal|p2a: Rotom|66\/100|[from] item: Leftovers\n|-damage|p1a: Ferrothorn|94\/100 brn|[from] brn\n|upkeep\n|turn|2\n|\n|t:|1701181525\n|move|p2a: Rotom|Volt Switch|p1a: Ferrothorn\n|-resisted|p1a: Ferrothorn\n|-damage|p1a: Ferrothorn|87\/100 brn\n|\n|t:|1701181530\n|switch|p2a: Tornadus|Tornadus-Therian, M, shiny|100\/100|[from] Volt Switch\n|move|p1a: Ferrothorn|Leech Seed|p2a: Tornadus\n|-start|p2a: Tornadus|move: Leech Seed\n|\n|-heal|p1a: Ferrothorn|93\/100 brn|[from] item: Leftovers\n|-damage|p2a: Tornadus|88\/100|[from] Leech Seed|[of] p1a: Ferrothorn\n|-heal|p1a: Ferrothorn|100\/100 brn|[silent]\n|-damage|p1a: Ferrothorn|94\/100 brn|[from] brn\n|upkeep\n|turn|3\n|\n|t:|1701181536\n|switch|p1a: Pelipper|Pelipper, F|100\/100\n|-weather|RainDance|[from] ability: Drizzle|[of] p1a: Pelipper\n|move|p2a: Tornadus|Heat Wave|p1a: Pelipper|[miss]\n|-miss|p2a: Tornadus|p1a: Pelipper\n|\n|-weather|RainDance|[upkeep]\n|-damage|p2a: Tornadus|76\/100|[from] Leech Seed|[of] p1a: Pelipper\n|upkeep\n|turn|4\n|\n|t:|1701181547\n|move|p2a: Tornadus|U-turn|p1a: Pelipper\n|-resisted|p1a: Pelipper\n|-damage|p1a: Pelipper|95\/100\n|\n|t:|1701181552\n|switch|p2a: Rotom|Rotom-Wash, shiny|66\/100|[from] U-turn\n|move|p1a: Pelipper|Toxic|p2a: Rotom\n|-status|p2a: Rotom|tox\n|\n|-weather|RainDance|[upkeep]\n|-heal|p2a: Rotom|73\/100 tox|[from] item: Leftovers\n|-damage|p2a: Rotom|66\/100 tox|[from] psn\n|upkeep\n|turn|5\n|\n|t:|1701181560\n|switch|p1a: Ferrothorn|Ferrothorn, M|94\/100 brn\n|move|p2a: Rotom|Hydro Pump|p1a: Ferrothorn\n|-resisted|p1a: Ferrothorn\n|-crit|p1a: Ferrothorn\n|-damage|p1a: Ferrothorn|64\/100 brn\n|\n|-weather|RainDance|[upkeep]\n|-heal|p2a: Rotom|73\/100 tox|[from] item: Leftovers\n|-heal|p1a: Ferrothorn|70\/100 brn|[from] item: Leftovers\n|-damage|p2a: Rotom|60\/100 tox|[from] psn\n|-damage|p1a: Ferrothorn|64\/100 brn|[from] brn\n|upkeep\n|turn|6\n|\n|t:|1701181568\n|move|p2a: Rotom|Volt Switch|p1a: Ferrothorn\n|-resisted|p1a: Ferrothorn\n|-damage|p1a: Ferrothorn|56\/100 brn\n|\n|t:|1701181571\n|switch|p2a: Garganacl|Garganacl, M, shiny|100\/100|[from] Volt Switch\n|move|p1a: Ferrothorn|Leech Seed|p2a: Garganacl\n|-start|p2a: Garganacl|move: Leech Seed\n|\n|-weather|RainDance|[upkeep]\n|-heal|p1a: Ferrothorn|62\/100 brn|[from] item: Leftovers\n|-damage|p2a: Garganacl|88\/100|[from] Leech Seed|[of] p1a: Ferrothorn\n|-heal|p1a: Ferrothorn|76\/100 brn|[silent]\n|-damage|p1a: Ferrothorn|70\/100 brn|[from] brn\n|upkeep\n|turn|7\n|\n|t:|1701181580\n|move|p2a: Garganacl|Salt Cure|p1a: Ferrothorn\n|-resisted|p1a: Ferrothorn\n|-damage|p1a: Ferrothorn|65\/100 brn\n|-start|p1a: Ferrothorn|Salt Cure\n|move|p1a: Ferrothorn|Iron Defense|p1a: Ferrothorn\n|-boost|p1a: Ferrothorn|def|2\n|\n|-weather|RainDance|[upkeep]\n|-heal|p2a: Garganacl|94\/100|[from] item: Leftovers\n|-heal|p1a: Ferrothorn|71\/100 brn|[from] item: Leftovers\n|-damage|p2a: Garganacl|82\/100|[from] Leech Seed|[of] p1a: Ferrothorn\n|-heal|p1a: Ferrothorn|85\/100 brn|[silent]\n|-damage|p1a: Ferrothorn|79\/100 brn|[from] brn\n|-damage|p1a: Ferrothorn|54\/100 brn|[from] Salt Cure\n|upkeep\n|turn|8\n|\n|t:|1701181588\n|switch|p2a: Tornadus|Tornadus-Therian, M, shiny|100\/100\n|move|p1a: Ferrothorn|Iron Defense|p1a: Ferrothorn\n|-boost|p1a: Ferrothorn|def|2\n|\n|-weather|RainDance|[upkeep]\n|-heal|p1a: Ferrothorn|60\/100 brn|[from] item: Leftovers\n|-damage|p1a: Ferrothorn|54\/100 brn|[from] brn\n|-damage|p1a: Ferrothorn|29\/100 brn|[from] Salt Cure\n|upkeep\n|turn|9\n|\n|t:|1701181594\n|move|p1a: Ferrothorn|Protect|p1a: Ferrothorn\n|-singleturn|p1a: Ferrothorn|Protect\n|move|p2a: Tornadus|Heat Wave|p1a: Ferrothorn\n|-activate|p1a: Ferrothorn|move: Protect\n|\n|-weather|RainDance|[upkeep]\n|-heal|p1a: Ferrothorn|35\/100 brn|[from] item: Leftovers\n|-damage|p1a: Ferrothorn|29\/100 brn|[from] brn\n|-damage|p1a: Ferrothorn|4\/100 brn|[from] Salt Cure\n|upkeep\n|turn|10\n|\n|t:|1701181607\n|switch|p1a: Zapdos|Zapdos|100\/100\n|-ability|p1a: Zapdos|Pressure\n|move|p2a: Tornadus|Heat Wave|p1a: Zapdos\n|-damage|p1a: Zapdos|86\/100\n|\n|-weather|none\n|upkeep\n|turn|11\n|\n|t:|1701181631\n|switch|p2a: Garganacl|Garganacl, M, shiny|82\/100\n|move|p1a: Zapdos|Volt Switch|p2a: Garganacl\n|-damage|p2a: Garganacl|45\/100\n|\n|t:|1701181634\n|switch|p1a: Landorus|Landorus-Therian, M|100\/100|[from] Volt Switch\n|-ability|p1a: Landorus|Intimidate|boost\n|-unboost|p2a: Garganacl|atk|1\n|\n|-heal|p2a: Garganacl|51\/100|[from] item: Leftovers\n|upkeep\n|turn|12\n|\n|t:|1701181640\n|move|p2a: Garganacl|Protect|p2a: Garganacl\n|-singleturn|p2a: Garganacl|Protect\n|move|p1a: Landorus|Earthquake|p2a: Garganacl\n|-activate|p2a: Garganacl|move: Protect\n|\n|-heal|p2a: Garganacl|58\/100|[from] item: Leftovers\n|upkeep\n|turn|13\n|\n|t:|1701181647\n|switch|p2a: Rotom|Rotom-Wash, shiny|60\/100 tox\n|move|p1a: Landorus|Earthquake|p2a: Rotom\n|-immune|p2a: Rotom|[from] ability: Levitate\n|\n|-heal|p2a: Rotom|66\/100 tox|[from] item: Leftovers\n|-damage|p2a: Rotom|60\/100 tox|[from] psn\n|upkeep\n|turn|14\n|\n|t:|1701181660\n|switch|p1a: Ferrothorn|Ferrothorn, M|4\/100 brn\n|move|p2a: Rotom|Pain Split|p1a: Ferrothorn\n|-sethp|p1a: Ferrothorn|28\/100 brn|[from] move: Pain Split|[silent]\n|-sethp|p2a: Rotom|32\/100 tox|[from] move: Pain Split\n|\n|-heal|p2a: Rotom|39\/100 tox|[from] item: Leftovers\n|-heal|p1a: Ferrothorn|34\/100 brn|[from] item: Leftovers\n|-damage|p2a: Rotom|26\/100 tox|[from] psn\n|-damage|p1a: Ferrothorn|28\/100 brn|[from] brn\n|upkeep\n|turn|15\n|\n|t:|1701181671\n|move|p2a: Rotom|Hydro Pump|p1a: Ferrothorn|[miss]\n|-miss|p2a: Rotom|p1a: Ferrothorn\n|move|p1a: Ferrothorn|Leech Seed|p2a: Rotom\n|-start|p2a: Rotom|move: Leech Seed\n|\n|-heal|p2a: Rotom|32\/100 tox|[from] item: Leftovers\n|-heal|p1a: Ferrothorn|34\/100 brn|[from] item: Leftovers\n|-damage|p2a: Rotom|20\/100 tox|[from] Leech Seed|[of] p1a: Ferrothorn\n|-heal|p1a: Ferrothorn|45\/100 brn|[silent]\n|-damage|p2a: Rotom|1\/100 tox|[from] psn\n|-damage|p1a: Ferrothorn|39\/100 brn|[from] brn\n|upkeep\n|turn|16\n|-message|gcutsx forfeited.\n|\n|win|laxar123\n|raw|laxar123's rating: 1125 &rarr; <strong>1144<\/strong><br \/>(+19 for winning)\n|raw|gcutsx's rating: 1040 &rarr; <strong>1028<\/strong><br \/>(-12 for losing)\n|l|\u2606gcutsx\n","uploadtime":1701181686,"views":13,"p1id":"laxar123","p2id":"gcutsx","formatid":"gen9nationaldex","rating":1028,"private":0,"password":""}