{"id":"gen9nationaldex-1997404424","p1":"finnawinbruh","p2":"RebornG","format":"[Gen 9] National Dex","log":"|html|<div class=\"broadcast-blue\"><strong>[Gen 9] National Dex is currently suspecting Sneasler! For information on how to participate check out the <a href=\"https:\/\/www.smogon.com\/forums\/threads\/sv-national-dex-suspect-8-just-dance.3731534\/\">suspect thread<\/a>.<\/strong><\/div>\n|j|\u2606finnawinbruh\n|j|\u2606RebornG\n|t:|1700799922\n|gametype|singles\n|player|p1|finnawinbruh|volkner|1575\n|player|p2|RebornG|elesa|1604\n|teamsize|p1|6\n|teamsize|p2|6\n|gen|9\n|tier|[Gen 9] National Dex\n|rated|\n|rule|HP Percentage Mod: HP is shown in percentages\n|rule|Endless Battle Clause: Forcing endless battles is banned\n|rule|OHKO Clause: OHKO moves are banned\n|rule|Evasion Clause: Evasion abilities, items, and moves are banned\n|rule|Evasion Abilities Clause: Evasion abilities are banned\n|rule|Evasion Items Clause: Evasion items are banned\n|rule|Evasion Moves Clause: Evasion moves are banned\n|rule|Species Clause: Limit one of each Pok\u00e9mon\n|rule|Sleep Clause Mod: Limit one foe put to sleep\n|clearpoke\n|poke|p1|Zamazenta-*|\n|poke|p1|Garganacl, M|\n|poke|p1|Hoopa-Unbound|\n|poke|p1|Dondozo, M|\n|poke|p1|Gigalith, M|\n|poke|p1|Kyurem|\n|poke|p2|Ogerpon-Cornerstone, F|\n|poke|p2|Gyarados, M|\n|poke|p2|Glimmora, F|\n|poke|p2|Volcarona, M|\n|poke|p2|Garchomp, M|\n|poke|p2|Grimmsnarl, M|\n|teampreview\n|inactive|Battle timer is ON: inactive players will automatically lose when time's up. (requested by finnawinbruh)\n|\n|t:|1700799932\n|start\n|switch|p1a: Garganacl|Garganacl, M|100\/100\n|switch|p2a: Glimmora|Glimmora, F|100\/100\n|turn|1\n|\n|t:|1700799938\n|move|p2a: Glimmora|Stealth Rock|p1a: Garganacl\n|-sidestart|p1: finnawinbruh|move: Stealth Rock\n|move|p1a: Garganacl|Salt Cure|p2a: Glimmora\n|-damage|p2a: Glimmora|83\/100\n|-start|p2a: Glimmora|Salt Cure\n|-activate|p2a: Glimmora|ability: Toxic Debris\n|-sidestart|p1: finnawinbruh|move: Toxic Spikes\n|\n|-damage|p2a: Glimmora|71\/100|[from] Salt Cure\n|upkeep\n|turn|2\n|\n|t:|1700799943\n|move|p2a: Glimmora|Earth Power|p1a: Garganacl\n|-supereffective|p1a: Garganacl\n|-damage|p1a: Garganacl|57\/100\n|move|p1a: Garganacl|Salt Cure|p2a: Glimmora\n|-damage|p2a: Glimmora|52\/100\n|-activate|p2a: Glimmora|ability: Toxic Debris\n|-sidestart|p1: finnawinbruh|move: Toxic Spikes\n|\n|-heal|p1a: Garganacl|64\/100|[from] item: Leftovers\n|-damage|p2a: Glimmora|40\/100|[from] Salt Cure\n|upkeep\n|turn|3\n|\n|t:|1700799948\n|switch|p2a: Ogerpon|Ogerpon-Cornerstone, F|100\/100\n|move|p1a: Garganacl|Recover|p1a: Garganacl\n|-heal|p1a: Garganacl|100\/100\n|\n|upkeep\n|turn|4\n|\n|t:|1700799961\n|switch|p1a: Kyurem|Kyurem|100\/100\n|-damage|p1a: Kyurem|76\/100|[from] Stealth Rock\n|-status|p1a: Kyurem|tox\n|-ability|p1a: Kyurem|Pressure\n|move|p2a: Ogerpon|Swords Dance|p2a: Ogerpon\n|-boost|p2a: Ogerpon|atk|2\n|\n|-damage|p1a: Kyurem|70\/100 tox|[from] psn\n|upkeep\n|turn|5\n|\n|t:|1700799965\n|move|p1a: Kyurem|Ice Beam|p2a: Ogerpon\n|-supereffective|p2a: Ogerpon\n|-ability|p2a: Ogerpon|Sturdy\n|-damage|p2a: Ogerpon|1\/100\n|move|p2a: Ogerpon|Ivy Cudgel|p1a: Kyurem|[anim] Ivy Cudgel Rock\n|-supereffective|p1a: Kyurem\n|-damage|p1a: Kyurem|0 fnt\n|faint|p1a: Kyurem\n|\n|upkeep\n|\n|t:|1700799976\n|switch|p1a: Zamazenta|Zamazenta|100\/100\n|-damage|p1a: Zamazenta|94\/100|[from] Stealth Rock\n|-status|p1a: Zamazenta|tox\n|-ability|p1a: Zamazenta|Dauntless Shield|boost\n|-boost|p1a: Zamazenta|def|1\n|turn|6\n|\n|t:|1700799989\n|switch|p2a: Glimmora|Glimmora, F|40\/100\n|move|p1a: Zamazenta|Iron Defense|p1a: Zamazenta\n|-boost|p1a: Zamazenta|def|2\n|\n|-heal|p1a: Zamazenta|100\/100 tox|[from] item: Leftovers\n|-damage|p1a: Zamazenta|94\/100 tox|[from] psn\n|upkeep\n|turn|7\n|\n|t:|1700799997\n|move|p1a: Zamazenta|Body Press|p2a: Glimmora\n|-damage|p2a: Glimmora|0 fnt\n|faint|p2a: Glimmora\n|\n|-heal|p1a: Zamazenta|100\/100 tox|[from] item: Leftovers\n|-damage|p1a: Zamazenta|88\/100 tox|[from] psn\n|upkeep\n|\n|t:|1700800000\n|switch|p2a: Grimmsnarl|Grimmsnarl, M|100\/100\n|turn|8\n|\n|t:|1700800009\n|move|p2a: Grimmsnarl|Reflect|p2a: Grimmsnarl\n|-sidestart|p2: RebornG|Reflect\n|move|p1a: Zamazenta|Body Press|p2a: Grimmsnarl\n|-damage|p2a: Grimmsnarl|63\/100\n|\n|-heal|p1a: Zamazenta|94\/100 tox|[from] item: Leftovers\n|-damage|p1a: Zamazenta|76\/100 tox|[from] psn\n|upkeep\n|turn|9\n|\n|t:|1700800027\n|move|p2a: Grimmsnarl|Taunt|p1a: Zamazenta\n|-start|p1a: Zamazenta|move: Taunt\n|move|p1a: Zamazenta|Body Press|p2a: Grimmsnarl\n|-damage|p2a: Grimmsnarl|20\/100\n|\n|-heal|p1a: Zamazenta|82\/100 tox|[from] item: Leftovers\n|-damage|p1a: Zamazenta|57\/100 tox|[from] psn\n|upkeep\n|turn|10\n|\n|t:|1700800030\n|move|p2a: Grimmsnarl|Parting Shot|p1a: Zamazenta\n|-unboost|p1a: Zamazenta|atk|1\n|-unboost|p1a: Zamazenta|spa|1\n|\n|t:|1700800032\n|switch|p2a: Volcarona|Volcarona, M, shiny|100\/100|[from] Parting Shot\n|move|p1a: Zamazenta|Body Press|p2a: Volcarona\n|-resisted|p2a: Volcarona\n|-damage|p2a: Volcarona|68\/100\n|\n|-heal|p1a: Zamazenta|64\/100 tox|[from] item: Leftovers\n|-damage|p1a: Zamazenta|33\/100 tox|[from] psn\n|upkeep\n|turn|11\n|\n|t:|1700800037\n|move|p1a: Zamazenta|Stone Edge|p2a: Volcarona\n|-supereffective|p2a: Volcarona\n|-damage|p2a: Volcarona|16\/100\n|move|p2a: Volcarona|Quiver Dance|p2a: Volcarona\n|-boost|p2a: Volcarona|spa|1\n|-boost|p2a: Volcarona|spd|1\n|-boost|p2a: Volcarona|spe|1\n|\n|-heal|p1a: Zamazenta|39\/100 tox|[from] item: Leftovers\n|-damage|p1a: Zamazenta|2\/100 tox|[from] psn\n|-end|p1a: Zamazenta|move: Taunt\n|upkeep\n|turn|12\n|\n|t:|1700800042\n|move|p2a: Volcarona|Fiery Dance|p1a: Zamazenta\n|-damage|p1a: Zamazenta|0 fnt\n|faint|p1a: Zamazenta\n|\n|upkeep\n|\n|t:|1700800054\n|switch|p1a: Dondozo|Dondozo, M|100\/100\n|-damage|p1a: Dondozo|88\/100|[from] Stealth Rock\n|-status|p1a: Dondozo|tox\n|turn|13\n|\n|t:|1700800065\n|move|p2a: Volcarona|Bug Buzz|p1a: Dondozo\n|-damage|p1a: Dondozo|64\/100 tox\n|move|p1a: Dondozo|Wave Crash|p2a: Volcarona\n|-supereffective|p2a: Volcarona\n|-damage|p2a: Volcarona|0 fnt\n|faint|p2a: Volcarona\n|-damage|p1a: Dondozo|61\/100 tox|[from] Recoil\n|\n|-damage|p1a: Dondozo|55\/100 tox|[from] psn\n|upkeep\n|\n|t:|1700800084\n|switch|p2a: Grimmsnarl|Grimmsnarl, M|20\/100\n|turn|14\n|\n|t:|1700800087\n|switch|p1a: Garganacl|Garganacl, M|100\/100\n|-damage|p1a: Garganacl|88\/100|[from] Stealth Rock\n|move|p2a: Grimmsnarl|Taunt|p1a: Garganacl\n|-start|p1a: Garganacl|move: Taunt\n|\n|-heal|p1a: Garganacl|94\/100|[from] item: Leftovers\n|upkeep\n|turn|15\n|\n|t:|1700800101\n|switch|p1a: Dondozo|Dondozo, M|55\/100 tox\n|-damage|p1a: Dondozo|42\/100 tox|[from] Stealth Rock\n|move|p2a: Grimmsnarl|Light Screen|p2a: Grimmsnarl\n|-sidestart|p2: RebornG|move: Light Screen\n|\n|-damage|p1a: Dondozo|36\/100 tox|[from] psn\n|-sideend|p2: RebornG|Reflect\n|upkeep\n|turn|16\n|\n|t:|1700800104\n|move|p2a: Grimmsnarl|Taunt|p1a: Dondozo\n|-start|p1a: Dondozo|move: Taunt\n|move|p1a: Dondozo|Wave Crash|p2a: Grimmsnarl\n|-damage|p2a: Grimmsnarl|0 fnt\n|faint|p2a: Grimmsnarl\n|-damage|p1a: Dondozo|31\/100 tox|[from] Recoil\n|\n|-damage|p1a: Dondozo|19\/100 tox|[from] psn\n|upkeep\n|\n|t:|1700800117\n|switch|p2a: Ogerpon|Ogerpon-Cornerstone, F|1\/100\n|turn|17\n|\n|t:|1700800119\n|move|p2a: Ogerpon|Horn Leech|p1a: Dondozo\n|-supereffective|p1a: Dondozo\n|-damage|p1a: Dondozo|0 fnt\n|-heal|p2a: Ogerpon|16\/100|[from] drain|[of] p1a: Dondozo\n|faint|p1a: Dondozo\n|\n|upkeep\n|\n|t:|1700800128\n|switch|p1a: Garganacl|Garganacl, M|94\/100\n|-damage|p1a: Garganacl|82\/100|[from] Stealth Rock\n|turn|18\n|\n|t:|1700800134\n|-terastallize|p1a: Garganacl|Psychic\n|move|p2a: Ogerpon|Horn Leech|p1a: Garganacl\n|-damage|p1a: Garganacl|53\/100\n|-heal|p2a: Ogerpon|35\/100|[from] drain|[of] p1a: Garganacl\n|move|p1a: Garganacl|Iron Defense|p1a: Garganacl\n|-boost|p1a: Garganacl|def|2\n|\n|-heal|p1a: Garganacl|59\/100|[from] item: Leftovers\n|upkeep\n|turn|19\n|\n|t:|1700800139\n|move|p2a: Ogerpon|Encore|p1a: Garganacl\n|-start|p1a: Garganacl|Encore\n|move|p1a: Garganacl|Iron Defense|p1a: Garganacl\n|-boost|p1a: Garganacl|def|2\n|\n|-heal|p1a: Garganacl|66\/100|[from] item: Leftovers\n|upkeep\n|turn|20\n|n|!finnawinbruh|finnawinbruh\n|-message|finnawinbruh forfeited.\n|\n|win|RebornG\n|raw|finnawinbruh's rating: 1575 &rarr; <strong>1557<\/strong><br \/>(-18 for losing)\n|raw|RebornG's rating: 1604 &rarr; <strong>1622<\/strong><br \/>(+18 for winning)\n","uploadtime":1700800148,"views":3,"p1id":"finnawinbruh","p2id":"reborng","formatid":"gen9nationaldex","rating":1557,"private":0,"password":""}