{"id":"gen9nationaldex-1989374908","p1":"FlyingSudowoodo","p2":"weixiaojian","format":"[Gen 9] National Dex","log":"|j|\u2606FlyingSudowoodo\n|j|\u2606weixiaojian\n|t:|1699842335\n|gametype|singles\n|player|p1|FlyingSudowoodo|cheren|1452\n|player|p2|weixiaojian|twins-gen4dp|1402\n|teamsize|p1|6\n|teamsize|p2|6\n|gen|9\n|tier|[Gen 9] National Dex\n|rated|\n|rule|HP Percentage Mod: HP is shown in percentages\n|rule|Endless Battle Clause: Forcing endless battles is banned\n|rule|OHKO Clause: OHKO moves are banned\n|rule|Evasion Clause: Evasion abilities, items, and moves are banned\n|rule|Evasion Abilities Clause: Evasion abilities are banned\n|rule|Evasion Items Clause: Evasion items are banned\n|rule|Evasion Moves Clause: Evasion moves are banned\n|rule|Species Clause: Limit one of each Pok\u00e9mon\n|rule|Sleep Clause Mod: Limit one foe put to sleep\n|clearpoke\n|poke|p1|Ribombee, F|\n|poke|p1|Glimmora, F|\n|poke|p1|Great Tusk|\n|poke|p1|Enamorus, F|\n|poke|p1|Samurott-Hisui, F|\n|poke|p1|Iron Moth|\n|poke|p2|Clodsire, M|\n|poke|p2|Diancie|\n|poke|p2|Azumarill, M|\n|poke|p2|Zamazenta-*|\n|poke|p2|Dragonite, M|\n|poke|p2|Sneasler, M|\n|teampreview\n|inactive|Battle timer is ON: inactive players will automatically lose when time's up. (requested by weixiaojian)\n|\n|t:|1699842355\n|start\n|switch|p1a: Glimmora|Glimmora, F|100\/100\n|switch|p2a: \u5927\u8001\u5a46|Diancie|100\/100\n|-item|p1a: Glimmora|Air Balloon\n|turn|1\n|\n|t:|1699842360\n|detailschange|p2a: \u5927\u8001\u5a46|Diancie-Mega\n|-mega|p2a: \u5927\u8001\u5a46|Diancie|Diancite\n|move|p2a: \u5927\u8001\u5a46|Stealth Rock|p1a: Glimmora\n|-sidestart|p1: FlyingSudowoodo|move: Stealth Rock\n|move|p1a: Glimmora|Flash Cannon|p2a: \u5927\u8001\u5a46\n|-supereffective|p2a: \u5927\u8001\u5a46\n|-damage|p2a: \u5927\u8001\u5a46|0 fnt\n|faint|p2a: \u5927\u8001\u5a46\n|\n|upkeep\n|inactive|weixiaojian has 120 seconds left.\n|\n|t:|1699842394\n|switch|p2a: \u968f\u65f6\u6709\u53ef\u80fd\u629b\u5f03\u7684\u516d\u53f7\u4f4d|Sneasler, M|100\/100\n|turn|2\n|inactive|weixiaojian has 120 seconds left.\n|\n|t:|1699842408\n|move|p2a: \u968f\u65f6\u6709\u53ef\u80fd\u629b\u5f03\u7684\u516d\u53f7\u4f4d|Dire Claw|p1a: Glimmora\n|-resisted|p1a: Glimmora\n|-damage|p1a: Glimmora|83\/100\n|-activate|p1a: Glimmora|ability: Toxic Debris\n|-sidestart|p2: weixiaojian|move: Toxic Spikes\n|-enditem|p1a: Glimmora|Air Balloon\n|move|p1a: Glimmora|Mortal Spin|p2a: \u968f\u65f6\u6709\u53ef\u80fd\u629b\u5f03\u7684\u516d\u53f7\u4f4d\n|-resisted|p2a: \u968f\u65f6\u6709\u53ef\u80fd\u629b\u5f03\u7684\u516d\u53f7\u4f4d\n|-damage|p2a: \u968f\u65f6\u6709\u53ef\u80fd\u629b\u5f03\u7684\u516d\u53f7\u4f4d|95\/100\n|-sideend|p1: FlyingSudowoodo|Stealth Rock|[from] move: Mortal Spin|[of] p1a: Glimmora\n|\n|upkeep\n|turn|3\n|inactive|weixiaojian has 120 seconds left.\n|\n|t:|1699842428\n|move|p2a: \u968f\u65f6\u6709\u53ef\u80fd\u629b\u5f03\u7684\u516d\u53f7\u4f4d|Dire Claw|p1a: Glimmora\n|-resisted|p1a: Glimmora\n|-damage|p1a: Glimmora|62\/100\n|-activate|p1a: Glimmora|ability: Toxic Debris\n|-sidestart|p2: weixiaojian|move: Toxic Spikes\n|move|p1a: Glimmora|Stealth Rock|p2a: \u968f\u65f6\u6709\u53ef\u80fd\u629b\u5f03\u7684\u516d\u53f7\u4f4d\n|-sidestart|p2: weixiaojian|move: Stealth Rock\n|\n|upkeep\n|turn|4\n|\n|t:|1699842440\n|switch|p1a: Iron Moth|Iron Moth|100\/100\n|-enditem|p1a: Iron Moth|Booster Energy\n|-activate|p1a: Iron Moth|ability: Quark Drive|[fromitem]\n|-start|p1a: Iron Moth|quarkdrivespe\n|move|p2a: \u968f\u65f6\u6709\u53ef\u80fd\u629b\u5f03\u7684\u516d\u53f7\u4f4d|Dire Claw|p1a: Iron Moth\n|-resisted|p1a: Iron Moth\n|-damage|p1a: Iron Moth|55\/100\n|-status|p1a: Iron Moth|par\n|\n|upkeep\n|turn|5\n|\n|t:|1699842449\n|move|p2a: \u968f\u65f6\u6709\u53ef\u80fd\u629b\u5f03\u7684\u516d\u53f7\u4f4d|Dire Claw|p1a: Iron Moth\n|-resisted|p1a: Iron Moth\n|-damage|p1a: Iron Moth|8\/100 par\n|move|p1a: Iron Moth|Psychic|p2a: \u968f\u65f6\u6709\u53ef\u80fd\u629b\u5f03\u7684\u516d\u53f7\u4f4d\n|-supereffective|p2a: \u968f\u65f6\u6709\u53ef\u80fd\u629b\u5f03\u7684\u516d\u53f7\u4f4d\n|-damage|p2a: \u968f\u65f6\u6709\u53ef\u80fd\u629b\u5f03\u7684\u516d\u53f7\u4f4d|0 fnt\n|faint|p2a: \u968f\u65f6\u6709\u53ef\u80fd\u629b\u5f03\u7684\u516d\u53f7\u4f4d\n|\n|upkeep\n|\n|t:|1699842458\n|switch|p2a: \u4e00\u5768\u574f\u86cb|Clodsire, M|100\/100\n|-sideend|p2: weixiaojian|move: Toxic Spikes|[of] p2a: \u4e00\u5768\u574f\u86cb\n|-damage|p2a: \u4e00\u5768\u574f\u86cb|94\/100|[from] Stealth Rock\n|turn|6\n|\n|t:|1699842466\n|move|p1a: Iron Moth|Psychic|p2a: \u4e00\u5768\u574f\u86cb\n|-supereffective|p2a: \u4e00\u5768\u574f\u86cb\n|-damage|p2a: \u4e00\u5768\u574f\u86cb|60\/100\n|move|p2a: \u4e00\u5768\u574f\u86cb|Earthquake|p1a: Iron Moth\n|-supereffective|p1a: Iron Moth\n|-damage|p1a: Iron Moth|0 fnt\n|faint|p1a: Iron Moth\n|-end|p1a: Iron Moth|Quark Drive|[silent]\n|\n|-heal|p2a: \u4e00\u5768\u574f\u86cb|66\/100|[from] item: Leftovers\n|upkeep\n|\n|t:|1699842477\n|switch|p1a: Ribombee|Ribombee, F|100\/100\n|turn|7\n|\n|t:|1699842487\n|switch|p2a: \u613f\u505a\u516c\u4e3b\u72d7|Zamazenta|100\/100\n|-damage|p2a: \u613f\u505a\u516c\u4e3b\u72d7|95\/100|[from] Stealth Rock\n|-ability|p2a: \u613f\u505a\u516c\u4e3b\u72d7|Dauntless Shield|boost\n|-boost|p2a: \u613f\u505a\u516c\u4e3b\u72d7|def|1\n|move|p1a: Ribombee|Sticky Web|p2a: \u613f\u505a\u516c\u4e3b\u72d7\n|-sidestart|p2: weixiaojian|move: Sticky Web\n|\n|-heal|p2a: \u613f\u505a\u516c\u4e3b\u72d7|100\/100|[from] item: Leftovers\n|upkeep\n|turn|8\n|\n|t:|1699842496\n|move|p1a: Ribombee|Moonblast|p2a: \u613f\u505a\u516c\u4e3b\u72d7\n|-supereffective|p2a: \u613f\u505a\u516c\u4e3b\u72d7\n|-damage|p2a: \u613f\u505a\u516c\u4e3b\u72d7|35\/100\n|move|p2a: \u613f\u505a\u516c\u4e3b\u72d7|Substitute|p2a: \u613f\u505a\u516c\u4e3b\u72d7\n|-start|p2a: \u613f\u505a\u516c\u4e3b\u72d7|Substitute\n|-damage|p2a: \u613f\u505a\u516c\u4e3b\u72d7|10\/100\n|\n|-heal|p2a: \u613f\u505a\u516c\u4e3b\u72d7|16\/100|[from] item: Leftovers\n|upkeep\n|turn|9\n|\n|t:|1699842506\n|-terastallize|p2a: \u613f\u505a\u516c\u4e3b\u72d7|Steel\n|move|p1a: Ribombee|Moonblast|p2a: \u613f\u505a\u516c\u4e3b\u72d7\n|-resisted|p2a: \u613f\u505a\u516c\u4e3b\u72d7\n|-activate|p2a: \u613f\u505a\u516c\u4e3b\u72d7|move: Substitute|[damage]\n|move|p2a: \u613f\u505a\u516c\u4e3b\u72d7|Body Press|p1a: Ribombee\n|-resisted|p1a: Ribombee\n|-damage|p1a: Ribombee|67\/100\n|\n|-heal|p2a: \u613f\u505a\u516c\u4e3b\u72d7|22\/100|[from] item: Leftovers\n|upkeep\n|turn|10\n|\n|t:|1699842516\n|move|p1a: Ribombee|Moonblast|p2a: \u613f\u505a\u516c\u4e3b\u72d7\n|-resisted|p2a: \u613f\u505a\u516c\u4e3b\u72d7\n|-end|p2a: \u613f\u505a\u516c\u4e3b\u72d7|Substitute\n|move|p2a: \u613f\u505a\u516c\u4e3b\u72d7|Crunch|p1a: Ribombee\n|-resisted|p1a: Ribombee\n|-damage|p1a: Ribombee|47\/100\n|\n|-heal|p2a: \u613f\u505a\u516c\u4e3b\u72d7|28\/100|[from] item: Leftovers\n|upkeep\n|turn|11\n|\n|t:|1699842532\n|switch|p1a: Great Tusk|Great Tusk|100\/100\n|move|p2a: \u613f\u505a\u516c\u4e3b\u72d7|Body Press|p1a: Great Tusk\n|-damage|p1a: Great Tusk|67\/100\n|\n|-heal|p2a: \u613f\u505a\u516c\u4e3b\u72d7|34\/100|[from] item: Leftovers\n|-heal|p1a: Great Tusk|73\/100|[from] item: Leftovers\n|upkeep\n|turn|12\n|\n|t:|1699842544\n|move|p2a: \u613f\u505a\u516c\u4e3b\u72d7|Body Press|p1a: Great Tusk\n|-crit|p1a: Great Tusk\n|-damage|p1a: Great Tusk|26\/100\n|move|p1a: Great Tusk|Headlong Rush|p2a: \u613f\u505a\u516c\u4e3b\u72d7\n|-supereffective|p2a: \u613f\u505a\u516c\u4e3b\u72d7\n|-damage|p2a: \u613f\u505a\u516c\u4e3b\u72d7|0 fnt\n|-unboost|p1a: Great Tusk|def|1\n|-unboost|p1a: Great Tusk|spd|1\n|faint|p2a: \u613f\u505a\u516c\u4e3b\u72d7\n|\n|-heal|p1a: Great Tusk|32\/100|[from] item: Leftovers\n|upkeep\n|\n|t:|1699842553\n|switch|p2a: \u6076\u9f99|Dragonite, M|100\/100\n|turn|13\n|\n|t:|1699842560\n|-end|p1a: Great Tusk|Protosynthesis|[silent]\n|switch|p1a: Glimmora|Glimmora, F|62\/100\n|move|p2a: \u6076\u9f99|Curse|p2a: \u6076\u9f99\n|-unboost|p2a: \u6076\u9f99|spe|1\n|-boost|p2a: \u6076\u9f99|atk|1\n|-boost|p2a: \u6076\u9f99|def|1\n|\n|upkeep\n|turn|14\n|\n|t:|1699842576\n|move|p2a: \u6076\u9f99|Extreme Speed|p1a: Glimmora\n|-resisted|p1a: Glimmora\n|-damage|p1a: Glimmora|33\/100\n|-activate|p1a: Glimmora|ability: Toxic Debris\n|-sidestart|p2: weixiaojian|move: Toxic Spikes\n|move|p1a: Glimmora|Mortal Spin|p2a: \u6076\u9f99\n|-damage|p2a: \u6076\u9f99|99\/100\n|-status|p2a: \u6076\u9f99|psn\n|\n|-damage|p2a: \u6076\u9f99|86\/100 psn|[from] psn\n|upkeep\n|turn|15\n|\n|t:|1699842587\n|move|p1a: Glimmora|Power Gem|p2a: \u6076\u9f99\n|-supereffective|p2a: \u6076\u9f99\n|-damage|p2a: \u6076\u9f99|17\/100 psn\n|move|p2a: \u6076\u9f99|Curse|p2a: \u6076\u9f99\n|-unboost|p2a: \u6076\u9f99|spe|1\n|-boost|p2a: \u6076\u9f99|atk|1\n|-boost|p2a: \u6076\u9f99|def|1\n|\n|-damage|p2a: \u6076\u9f99|5\/100 psn|[from] psn\n|upkeep\n|turn|16\n|\n|t:|1699842596\n|move|p2a: \u6076\u9f99|Extreme Speed|p1a: Glimmora\n|-resisted|p1a: Glimmora\n|-damage|p1a: Glimmora|0 fnt\n|-activate|p1a: Glimmora|ability: Toxic Debris\n|-sidestart|p2: weixiaojian|move: Toxic Spikes\n|faint|p1a: Glimmora\n|\n|-damage|p2a: \u6076\u9f99|0 fnt|[from] psn\n|faint|p2a: \u6076\u9f99\n|upkeep\n|\n|t:|1699842605\n|switch|p1a: Great Tusk|Great Tusk|32\/100\n|switch|p2a: \u4e00\u5768\u574f\u86cb|Clodsire, M|66\/100\n|-damage|p2a: \u4e00\u5768\u574f\u86cb|60\/100|[from] Stealth Rock\n|-activate|p2a: \u4e00\u5768\u574f\u86cb|move: Sticky Web\n|-unboost|p2a: \u4e00\u5768\u574f\u86cb|spe|1\n|-sideend|p2: weixiaojian|move: Toxic Spikes|[of] p2a: \u4e00\u5768\u574f\u86cb\n|turn|17\n|-message|weixiaojian forfeited.\n|\n|win|FlyingSudowoodo\n|raw|FlyingSudowoodo's rating: 1452 &rarr; <strong>1469<\/strong><br \/>(+17 for winning)\n|raw|weixiaojian's rating: 1402 &rarr; <strong>1385<\/strong><br \/>(-17 for losing)\n|l|\u2606weixiaojian\n","uploadtime":1699842614,"views":4,"p1id":"flyingsudowoodo","p2id":"weixiaojian","formatid":"gen9nationaldex","rating":1385,"private":0,"password":""}