{"id":"gen9nationaldex-1996428984","p1":"MP1024","p2":"PM4201","format":"[Gen 9] National Dex","log":"|html|<div class=\"broadcast-blue\"><strong>[Gen 9] National Dex is currently suspecting Sneasler! For information on how to participate check out the <a href=\"https:\/\/www.smogon.com\/forums\/threads\/sv-national-dex-suspect-8-just-dance.3731534\/\">suspect thread<\/a>.<\/strong><\/div>\n|j|\u2606MP1024\n|j|\u2606PM4201\n|t:|1700681139\n|gametype|singles\n|player|p1|MP1024|scientist|\n|player|p2|PM4201|pokemonranger-gen4|\n|teamsize|p1|6\n|teamsize|p2|6\n|gen|9\n|tier|[Gen 9] National Dex\n|rule|HP Percentage Mod: HP is shown in percentages\n|rule|Endless Battle Clause: Forcing endless battles is banned\n|rule|OHKO Clause: OHKO moves are banned\n|rule|Evasion Clause: Evasion abilities, items, and moves are banned\n|rule|Evasion Abilities Clause: Evasion abilities are banned\n|rule|Evasion Items Clause: Evasion items are banned\n|rule|Evasion Moves Clause: Evasion moves are banned\n|rule|Species Clause: Limit one of each Pok\u00e9mon\n|rule|Sleep Clause Mod: Limit one foe put to sleep\n|clearpoke\n|poke|p1|Mantine, M|\n|poke|p1|Weavile, F|\n|poke|p1|Garchomp, F|\n|poke|p1|Sableye, F|\n|poke|p1|Mismagius, F|\n|poke|p1|Rampardos, F|\n|poke|p2|Houndoom, M|\n|poke|p2|Farigiraf, M|\n|poke|p2|Hitmontop, M|\n|poke|p2|Azumarill, M|\n|poke|p2|Magmortar, M|\n|poke|p2|Skarmory, F|\n|teampreview\n|inactive|Battle timer is ON: inactive players will automatically lose when time's up. (requested by MP1024)\n|\n|t:|1700681156\n|start\n|switch|p1a: Weavile|Weavile, F|100\/100\n|switch|p2a: Magmortar|Magmortar, M|100\/100\n|-ability|p1a: Weavile|Pressure\n|turn|1\n|\n|t:|1700681171\n|move|p1a: Weavile|Fake Out|p2a: Magmortar\n|-damage|p2a: Magmortar|79\/100\n|cant|p2a: Magmortar|flinch\n|\n|upkeep\n|turn|2\n|\n|t:|1700681178\n|move|p1a: Weavile|Knock Off|p2a: Magmortar\n|-damage|p2a: Magmortar|8\/100\n|-enditem|p2a: Magmortar|Choice Specs|[from] move: Knock Off|[of] p1a: Weavile\n|move|p2a: Magmortar|Heat Wave|p1a: Weavile\n|-supereffective|p1a: Weavile\n|-enditem|p1a: Weavile|Focus Sash\n|-damage|p1a: Weavile|1\/100\n|\n|upkeep\n|turn|3\n|\n|t:|1700681191\n|move|p1a: Weavile|Poison Jab|p2a: Magmortar\n|-damage|p2a: Magmortar|0 fnt\n|faint|p2a: Magmortar\n|\n|upkeep\n|\n|t:|1700681205\n|switch|p2a: Azumarill|Azumarill, M|100\/100\n|turn|4\n|\n|t:|1700681210\n|move|p2a: Azumarill|Aqua Jet|p1a: Weavile\n|-damage|p1a: Weavile|0 fnt\n|faint|p1a: Weavile\n|-damage|p2a: Azumarill|91\/100|[from] item: Life Orb\n|\n|upkeep\n|\n|t:|1700681219\n|switch|p1a: Mantine|Mantine, M|100\/100\n|turn|5\n|\n|t:|1700681223\n|move|p1a: Mantine|Aqua Ring|p1a: Mantine\n|-start|p1a: Mantine|Aqua Ring\n|move|p2a: Azumarill|Belly Drum|p2a: Azumarill\n|-damage|p2a: Azumarill|41\/100\n|-setboost|p2a: Azumarill|atk|6|[from] move: Belly Drum\n|\n|upkeep\n|turn|6\n|\n|t:|1700681234\n|move|p1a: Mantine|Toxic|p2a: Azumarill\n|-status|p2a: Azumarill|tox\n|move|p2a: Azumarill|Play Rough|p1a: Mantine\n|-damage|p1a: Mantine|0 fnt\n|faint|p1a: Mantine\n|-damage|p2a: Azumarill|31\/100 tox|[from] item: Life Orb\n|\n|-damage|p2a: Azumarill|25\/100 tox|[from] psn\n|upkeep\n|\n|t:|1700681250\n|switch|p1a: Mismagius|Mismagius, F|100\/100\n|turn|7\n|\n|t:|1700681255\n|move|p2a: Azumarill|Aqua Jet|p1a: Mismagius\n|-damage|p1a: Mismagius|0 fnt\n|faint|p1a: Mismagius\n|-damage|p2a: Azumarill|15\/100 tox|[from] item: Life Orb\n|\n|-damage|p2a: Azumarill|2\/100 tox|[from] psn\n|upkeep\n|\n|t:|1700681264\n|switch|p1a: Sableye|Sableye, F|100\/100\n|turn|8\n|\n|t:|1700681272\n|detailschange|p1a: Sableye|Sableye-Mega, F\n|-mega|p1a: Sableye|Sableye|Sablenite\n|move|p2a: Azumarill|Aqua Jet|p1a: Sableye\n|-damage|p1a: Sableye|0 fnt\n|faint|p1a: Sableye\n|-damage|p2a: Azumarill|0 fnt|[from] item: Life Orb\n|faint|p2a: Azumarill\n|\n|upkeep\n|\n|t:|1700681287\n|switch|p2a: Hitmontop|Hitmontop, M|100\/100\n|switch|p1a: Garchomp|Garchomp, F|100\/100\n|turn|9\n|\n|t:|1700681294\n|move|p2a: Hitmontop|Fake Out|p1a: Garchomp\n|-damage|p1a: Garchomp|82\/100\n|-damage|p2a: Hitmontop|88\/100|[from] ability: Rough Skin|[of] p1a: Garchomp\n|cant|p1a: Garchomp|flinch\n|\n|upkeep\n|turn|10\n|\n|t:|1700681304\n|move|p1a: Garchomp|Earthquake|p2a: Hitmontop\n|-damage|p2a: Hitmontop|31\/100\n|move|p2a: Hitmontop|Triple Axel|p1a: Garchomp\n|-supereffective|p1a: Garchomp\n|-crit|p1a: Garchomp\n|-enditem|p1a: Garchomp|Yache Berry|[eat]\n|-enditem|p1a: Garchomp|Yache Berry|[weaken]\n|-damage|p1a: Garchomp|51\/100\n|-damage|p2a: Hitmontop|18\/100|[from] ability: Rough Skin|[of] p1a: Garchomp\n|-enditem|p2a: Hitmontop|Aguav Berry|[eat]\n|-heal|p2a: Hitmontop|52\/100|[from] item: Aguav Berry\n|-supereffective|p1a: Garchomp\n|-damage|p1a: Garchomp|0 fnt\n|-damage|p2a: Hitmontop|39\/100|[from] ability: Rough Skin|[of] p1a: Garchomp\n|faint|p1a: Garchomp\n|-hitcount|p1: Garchomp|2\n|\n|upkeep\n|\n|t:|1700681319\n|switch|p1a: Rampardos|Rampardos, F|100\/100\n|turn|11\n|\n|t:|1700681330\n|-terastallize|p2a: Hitmontop|Fighting\n|move|p2a: Hitmontop|Mach Punch|p1a: Rampardos\n|-supereffective|p1a: Rampardos\n|-damage|p1a: Rampardos|0 fnt\n|faint|p1a: Rampardos\n|\n|win|PM4201\n","uploadtime":1700681350,"views":0,"p1id":"mp1024","p2id":"pm4201","formatid":"gen9nationaldex","rating":0,"private":0,"password":""}