{"id":"gen9nationaldex-1995971211","p1":"TheEmeraldGamerGuy","p2":"Aglio.4x","format":"[Gen 9] National Dex","log":"|html|<div class=\"broadcast-blue\"><strong>[Gen 9] National Dex is currently suspecting Sneasler! For information on how to participate check out the <a href=\"https:\/\/www.smogon.com\/forums\/threads\/sv-national-dex-suspect-8-just-dance.3731534\/\">suspect thread<\/a>.<\/strong><\/div>\n|j|\u2606TheEmeraldGamerGuy\n|j|\u2606Aglio.4x\n|t:|1700623645\n|gametype|singles\n|player|p1|TheEmeraldGamerGuy|colress|1431\n|player|p2|Aglio.4x|clair|1342\n|teamsize|p1|6\n|teamsize|p2|6\n|gen|9\n|tier|[Gen 9] National Dex\n|rated|\n|rule|HP Percentage Mod: HP is shown in percentages\n|rule|Endless Battle Clause: Forcing endless battles is banned\n|rule|OHKO Clause: OHKO moves are banned\n|rule|Evasion Clause: Evasion abilities, items, and moves are banned\n|rule|Evasion Abilities Clause: Evasion abilities are banned\n|rule|Evasion Items Clause: Evasion items are banned\n|rule|Evasion Moves Clause: Evasion moves are banned\n|rule|Species Clause: Limit one of each Pok\u00e9mon\n|rule|Sleep Clause Mod: Limit one foe put to sleep\n|clearpoke\n|poke|p1|Sinistcha|\n|poke|p1|Scizor, M|\n|poke|p1|Tapu Fini|\n|poke|p1|Gliscor, M|\n|poke|p1|Heatran, F|\n|poke|p1|Kommo-o, M|\n|poke|p2|Aggron, F|\n|poke|p2|Blacephalon|\n|poke|p2|Kleavor, F|\n|poke|p2|Ribombee, F|\n|poke|p2|Meowscarada, M|\n|poke|p2|Salamence, M|\n|teampreview\n|inactive|Battle timer is ON: inactive players will automatically lose when time's up. (requested by TheEmeraldGamerGuy)\n|inactive|Aglio.4x also wants the timer to be on.\n|\n|t:|1700623667\n|start\n|switch|p1a: melty blood|Heatran, F|100\/100\n|switch|p2a: Blacephalon|Blacephalon|100\/100\n|turn|1\n|\n|t:|1700623671\n|move|p2a: Blacephalon|Shadow Ball|p1a: melty blood\n|-damage|p1a: melty blood|55\/100\n|-unboost|p1a: melty blood|spd|1\n|move|p1a: melty blood|Earth Power|p2a: Blacephalon\n|-supereffective|p2a: Blacephalon\n|-damage|p2a: Blacephalon|20\/100\n|\n|-heal|p1a: melty blood|61\/100|[from] item: Leftovers\n|upkeep\n|turn|2\n|\n|t:|1700623684\n|switch|p1a: clang gang leader|Kommo-o, M|100\/100\n|move|p2a: Blacephalon|Shadow Ball|p1a: clang gang leader\n|-immune|p1a: clang gang leader|[from] ability: Bulletproof\n|\n|upkeep\n|turn|3\n|\n|t:|1700623687\n|switch|p2a: Ribombee|Ribombee, F|100\/100\n|move|p1a: clang gang leader|Substitute|p1a: clang gang leader\n|-start|p1a: clang gang leader|Substitute\n|-damage|p1a: clang gang leader|75\/100\n|\n|upkeep\n|turn|4\n|\n|t:|1700623690\n|move|p2a: Ribombee|Moonblast|p1a: clang gang leader\n|-supereffective|p1a: clang gang leader\n|-end|p1a: clang gang leader|Substitute\n|move|p1a: clang gang leader|Belly Drum|p1a: clang gang leader\n|-damage|p1a: clang gang leader|25\/100\n|-setboost|p1a: clang gang leader|atk|6|[from] move: Belly Drum\n|-enditem|p1a: clang gang leader|Salac Berry|[eat]\n|-boost|p1a: clang gang leader|spe|1|[from] item: Salac Berry\n|\n|upkeep\n|turn|5\n|\n|t:|1700623696\n|-terastallize|p1a: clang gang leader|Electric\n|move|p1a: clang gang leader|Thunder Punch|p2a: Ribombee\n|-enditem|p2a: Ribombee|Focus Sash\n|-damage|p2a: Ribombee|1\/100\n|move|p2a: Ribombee|Moonblast|p1a: clang gang leader\n|-damage|p1a: clang gang leader|0 fnt\n|faint|p1a: clang gang leader\n|\n|upkeep\n|\n|t:|1700623703\n|switch|p1a: cool dude|Scizor, M|100\/100\n|turn|6\n|\n|t:|1700623707\n|switch|p2a: Salamence|Salamence, M|100\/100\n|-ability|p2a: Salamence|Intimidate|boost\n|-unboost|p1a: cool dude|atk|1\n|detailschange|p1a: cool dude|Scizor-Mega, M\n|-mega|p1a: cool dude|Scizor|Scizorite\n|move|p1a: cool dude|U-turn|p2a: Salamence\n|-resisted|p2a: Salamence\n|-damage|p2a: Salamence|88\/100\n|\n|t:|1700623714\n|switch|p1a: lady of the lake|Tapu Fini|100\/100|[from] U-turn\n|-fieldstart|move: Misty Terrain|[from] ability: Misty Surge|[of] p1a: lady of the lake\n|\n|upkeep\n|turn|7\n|\n|t:|1700623720\n|switch|p2a: Ribombee|Ribombee, F|1\/100\n|move|p1a: lady of the lake|Draining Kiss|p2a: Ribombee\n|-damage|p2a: Ribombee|0 fnt\n|faint|p2a: Ribombee\n|\n|upkeep\n|\n|t:|1700623723\n|switch|p2a: Meowscarada|Meowscarada, M|100\/100\n|turn|8\n|\n|t:|1700623730\n|switch|p1a: cool dude|Scizor-Mega, M|100\/100\n|move|p2a: Meowscarada|Flower Trick|p1a: cool dude\n|-start|p2a: Meowscarada|typechange|Grass|[from] ability: Protean\n|-resisted|p1a: cool dude\n|-crit|p1a: cool dude\n|-damage|p1a: cool dude|89\/100\n|\n|upkeep\n|turn|9\n|\n|t:|1700623736\n|switch|p2a: Salamence|Salamence, M|88\/100\n|-ability|p2a: Salamence|Intimidate|boost\n|-unboost|p1a: cool dude|atk|1\n|move|p1a: cool dude|U-turn|p2a: Salamence\n|-resisted|p2a: Salamence\n|-damage|p2a: Salamence|75\/100\n|\n|t:|1700623739\n|switch|p1a: it just works|Gliscor, M|100\/100|[from] U-turn\n|\n|-status|p1a: it just works|tox|[from] item: Toxic Orb\n|upkeep\n|turn|10\n|\n|t:|1700623747\n|switch|p2a: Kleavor|Kleavor, F|100\/100\n|switch|p1a: melty blood|Heatran, F|61\/100\n|\n|-heal|p1a: melty blood|68\/100|[from] item: Leftovers\n|-fieldend|Misty Terrain\n|upkeep\n|turn|11\n|\n|t:|1700623753\n|move|p2a: Kleavor|Stone Axe|p1a: melty blood\n|-damage|p1a: melty blood|16\/100\n|-sidestart|p1: TheEmeraldGamerGuy|move: Stealth Rock\n|move|p1a: melty blood|Stealth Rock|p2a: Kleavor\n|-sidestart|p2: Aglio.4x|move: Stealth Rock\n|\n|-heal|p1a: melty blood|23\/100|[from] item: Leftovers\n|upkeep\n|turn|12\n|\n|t:|1700623757\n|switch|p1a: it just works|Gliscor, M|100\/100 tox\n|-damage|p1a: it just works|88\/100 tox|[from] Stealth Rock\n|move|p2a: Kleavor|Knock Off|p1a: it just works\n|-damage|p1a: it just works|58\/100 tox\n|-enditem|p1a: it just works|Toxic Orb|[from] move: Knock Off|[of] p2a: Kleavor\n|\n|-heal|p1a: it just works|70\/100 tox|[from] ability: Poison Heal\n|upkeep\n|turn|13\n|\n|t:|1700623762\n|switch|p2a: Salamence|Salamence, M|75\/100\n|-ability|p2a: Salamence|Intimidate|boost\n|-unboost|p1a: it just works|atk|1\n|move|p1a: it just works|Toxic|p2a: Salamence\n|-status|p2a: Salamence|tox\n|\n|-damage|p2a: Salamence|69\/100 tox|[from] psn\n|-heal|p1a: it just works|83\/100 tox|[from] ability: Poison Heal\n|upkeep\n|turn|14\n|\n|t:|1700623776\n|switch|p1a: lady of the lake|Tapu Fini|100\/100\n|-damage|p1a: lady of the lake|88\/100|[from] Stealth Rock\n|-fieldstart|move: Misty Terrain|[from] ability: Misty Surge|[of] p1a: lady of the lake\n|move|p2a: Salamence|Defog|p1a: lady of the lake\n|-unboost|p1a: lady of the lake|evasion|1\n|-sideend|p1: TheEmeraldGamerGuy|Stealth Rock|[from] move: Defog|[of] p2a: Salamence\n|-sideend|p2: Aglio.4x|Stealth Rock|[from] move: Defog|[of] p2a: Salamence\n|-fieldend|Misty Terrain\n|\n|-heal|p1a: lady of the lake|94\/100|[from] item: Leftovers\n|-damage|p2a: Salamence|57\/100 tox|[from] psn\n|upkeep\n|turn|15\n|\n|t:|1700623784\n|switch|p2a: Kleavor|Kleavor, F|100\/100\n|move|p1a: lady of the lake|Calm Mind|p1a: lady of the lake\n|-boost|p1a: lady of the lake|spa|1\n|-boost|p1a: lady of the lake|spd|1\n|\n|-heal|p1a: lady of the lake|99\/100|[from] item: Leftovers\n|upkeep\n|turn|16\n|\n|t:|1700623788\n|move|p1a: lady of the lake|Scald|p2a: Kleavor\n|-supereffective|p2a: Kleavor\n|-damage|p2a: Kleavor|0 fnt\n|faint|p2a: Kleavor\n|\n|-heal|p1a: lady of the lake|100\/100|[from] item: Leftovers\n|upkeep\n|\n|t:|1700623791\n|switch|p2a: Meowscarada|Meowscarada, M|100\/100\n|turn|17\n|\n|t:|1700623795\n|move|p2a: Meowscarada|Flower Trick|p1a: lady of the lake\n|-start|p2a: Meowscarada|typechange|Grass|[from] ability: Protean\n|-supereffective|p1a: lady of the lake\n|-crit|p1a: lady of the lake\n|-damage|p1a: lady of the lake|0 fnt\n|faint|p1a: lady of the lake\n|\n|upkeep\n|\n|t:|1700623799\n|switch|p1a: cool dude|Scizor-Mega, M|89\/100\n|turn|18\n|\n|t:|1700623801\n|switch|p2a: Salamence|Salamence, M|57\/100 tox\n|-ability|p2a: Salamence|Intimidate|boost\n|-unboost|p1a: cool dude|atk|1\n|move|p1a: cool dude|U-turn|p2a: Salamence\n|-resisted|p2a: Salamence\n|-damage|p2a: Salamence|43\/100 tox\n|\n|t:|1700623806\n|switch|p1a: the big sippy|Sinistcha|100\/100|[from] U-turn\n|\n|-damage|p2a: Salamence|37\/100 tox|[from] psn\n|upkeep\n|turn|19\n|\n|t:|1700623812\n|switch|p1a: it just works|Gliscor, M|83\/100 tox\n|move|p2a: Salamence|Dragon Tail|p1a: it just works\n|-damage|p1a: it just works|60\/100 tox\n|drag|p1a: the big sippy|Sinistcha|100\/100\n|\n|-damage|p2a: Salamence|25\/100 tox|[from] psn\n|upkeep\n|turn|20\n|\n|t:|1700623820\n|move|p2a: Salamence|Draco Meteor|p1a: the big sippy\n|-damage|p1a: the big sippy|47\/100\n|-unboost|p2a: Salamence|spa|2\n|move|p1a: the big sippy|Calm Mind|p1a: the big sippy\n|-boost|p1a: the big sippy|spa|1\n|-boost|p1a: the big sippy|spd|1\n|\n|-heal|p1a: the big sippy|53\/100|[from] item: Leftovers\n|-damage|p2a: Salamence|7\/100 tox|[from] psn\n|upkeep\n|turn|21\n|\n|t:|1700623827\n|move|p1a: the big sippy|Strength Sap|p2a: Salamence\n|-unboost|p2a: Salamence|atk|1\n|-heal|p1a: the big sippy|100\/100\n|move|p2a: Salamence|Dragon Tail|p1a: the big sippy\n|-damage|p1a: the big sippy|87\/100\n|drag|p1a: melty blood|Heatran, F|23\/100\n|\n|-heal|p1a: melty blood|29\/100|[from] item: Leftovers\n|-damage|p2a: Salamence|0 fnt|[from] psn\n|faint|p2a: Salamence\n|upkeep\n|\n|t:|1700623838\n|switch|p2a: Blacephalon|Blacephalon|20\/100\n|turn|22\n|\n|t:|1700623842\n|move|p2a: Blacephalon|Shadow Ball|p1a: melty blood\n|-damage|p1a: melty blood|0 fnt\n|faint|p1a: melty blood\n|-ability|p2a: Blacephalon|Beast Boost|boost\n|-boost|p2a: Blacephalon|spa|1\n|\n|upkeep\n|\n|t:|1700623845\n|switch|p1a: cool dude|Scizor-Mega, M|89\/100\n|turn|23\n|\n|t:|1700623850\n|switch|p2a: Aggron|Aggron, F|100\/100\n|move|p1a: cool dude|Bullet Punch|p2a: Aggron\n|-damage|p2a: Aggron|81\/100\n|\n|upkeep\n|turn|24\n|\n|t:|1700623854\n|switch|p1a: the big sippy|Sinistcha|87\/100\n|detailschange|p2a: Aggron|Aggron-Mega, F\n|-mega|p2a: Aggron|Aggron|Aggronite\n|move|p2a: Aggron|Heavy Slam|p1a: the big sippy\n|-damage|p1a: the big sippy|46\/100\n|\n|-heal|p1a: the big sippy|52\/100|[from] item: Leftovers\n|upkeep\n|turn|25\n|\n|t:|1700623861\n|switch|p2a: Meowscarada|Meowscarada, M|100\/100\n|move|p1a: the big sippy|Strength Sap|p2a: Meowscarada\n|-unboost|p2a: Meowscarada|atk|1\n|-heal|p1a: the big sippy|100\/100\n|\n|upkeep\n|turn|26\n|\n|t:|1700623865\n|switch|p1a: cool dude|Scizor-Mega, M|89\/100\n|move|p2a: Meowscarada|Knock Off|p1a: cool dude\n|-start|p2a: Meowscarada|typechange|Dark|[from] ability: Protean\n|-damage|p1a: cool dude|69\/100\n|\n|upkeep\n|turn|27\n|\n|t:|1700623872\n|switch|p2a: Aggron|Aggron-Mega, F|81\/100\n|move|p1a: cool dude|U-turn|p2a: Aggron\n|-resisted|p2a: Aggron\n|-damage|p2a: Aggron|72\/100\n|\n|t:|1700623875\n|switch|p1a: the big sippy|Sinistcha|100\/100|[from] U-turn\n|\n|upkeep\n|turn|28\n|\n|t:|1700623881\n|switch|p2a: Meowscarada|Meowscarada, M|100\/100\n|move|p1a: the big sippy|Matcha Gotcha|p2a: Meowscarada\n|-resisted|p2a: Meowscarada\n|-damage|p2a: Meowscarada|76\/100\n|\n|upkeep\n|turn|29\n|\n|t:|1700623886\n|switch|p1a: cool dude|Scizor-Mega, M|69\/100\n|move|p2a: Meowscarada|U-turn|p1a: cool dude\n|-start|p2a: Meowscarada|typechange|Bug|[from] ability: Protean\n|-resisted|p1a: cool dude\n|-damage|p1a: cool dude|54\/100\n|\n|t:|1700623896\n|switch|p2a: Aggron|Aggron-Mega, F|72\/100|[from] U-turn\n|\n|upkeep\n|turn|30\n|\n|t:|1700623910\n|move|p2a: Aggron|Heavy Slam|p1a: cool dude\n|-resisted|p1a: cool dude\n|-damage|p1a: cool dude|42\/100\n|move|p1a: cool dude|U-turn|p2a: Aggron\n|-resisted|p2a: Aggron\n|-damage|p2a: Aggron|63\/100\n|\n|t:|1700623913\n|switch|p1a: the big sippy|Sinistcha|100\/100|[from] U-turn\n|\n|upkeep\n|turn|31\n|\n|t:|1700623922\n|switch|p2a: Blacephalon|Blacephalon|20\/100\n|move|p1a: the big sippy|Matcha Gotcha|p2a: Blacephalon\n|-resisted|p2a: Blacephalon\n|-damage|p2a: Blacephalon|0 fnt\n|faint|p2a: Blacephalon\n|\n|upkeep\n|\n|t:|1700623926\n|switch|p2a: Meowscarada|Meowscarada, M|76\/100\n|turn|32\n|\n|t:|1700623929\n|switch|p1a: it just works|Gliscor, M|60\/100 tox\n|move|p2a: Meowscarada|Knock Off|p1a: it just works\n|-start|p2a: Meowscarada|typechange|Dark|[from] ability: Protean\n|-damage|p1a: it just works|26\/100 tox\n|\n|-heal|p1a: it just works|39\/100 tox|[from] ability: Poison Heal\n|upkeep\n|turn|33\n|\n|t:|1700623932\n|switch|p2a: Aggron|Aggron-Mega, F|63\/100\n|move|p1a: it just works|Roost|p1a: it just works\n|-heal|p1a: it just works|89\/100 tox\n|-singleturn|p1a: it just works|move: Roost\n|\n|-heal|p1a: it just works|100\/100 tox|[from] ability: Poison Heal\n|upkeep\n|turn|34\n|\n|t:|1700623941\n|move|p1a: it just works|Earthquake|p2a: Aggron\n|-supereffective|p2a: Aggron\n|-damage|p2a: Aggron|38\/100\n|move|p2a: Aggron|Rock Polish|p2a: Aggron\n|-boost|p2a: Aggron|spe|2\n|\n|upkeep\n|turn|35\n|\n|t:|1700623944\n|move|p2a: Aggron|Iron Defense|p2a: Aggron\n|-boost|p2a: Aggron|def|2\n|move|p1a: it just works|Earthquake|p2a: Aggron\n|-supereffective|p2a: Aggron\n|-damage|p2a: Aggron|24\/100\n|\n|upkeep\n|turn|36\n|\n|t:|1700623947\n|switch|p1a: the big sippy|Sinistcha|100\/100\n|move|p2a: Aggron|Body Press|p1a: the big sippy\n|-immune|p1a: the big sippy\n|\n|upkeep\n|turn|37\n|\n|t:|1700623957\n|move|p2a: Aggron|Heavy Slam|p1a: the big sippy\n|-damage|p1a: the big sippy|61\/100\n|move|p1a: the big sippy|Matcha Gotcha|p2a: Aggron\n|-resisted|p2a: Aggron\n|-damage|p2a: Aggron|0 fnt\n|-heal|p1a: the big sippy|70\/100|[from] drain|[of] p2a: Aggron\n|faint|p2a: Aggron\n|\n|-heal|p1a: the big sippy|77\/100|[from] item: Leftovers\n|upkeep\n|\n|t:|1700623963\n|switch|p2a: Meowscarada|Meowscarada, M|76\/100\n|turn|38\n|\n|t:|1700623968\n|-terastallize|p2a: Meowscarada|Grass\n|move|p2a: Meowscarada|Flower Trick|p1a: the big sippy\n|-resisted|p1a: the big sippy\n|-crit|p1a: the big sippy\n|-damage|p1a: the big sippy|39\/100\n|move|p1a: the big sippy|Shadow Ball|p2a: Meowscarada\n|-damage|p2a: Meowscarada|24\/100\n|\n|-heal|p1a: the big sippy|45\/100|[from] item: Leftovers\n|upkeep\n|turn|39\n|\n|t:|1700623975\n|move|p2a: Meowscarada|Flower Trick|p1a: the big sippy\n|-resisted|p1a: the big sippy\n|-crit|p1a: the big sippy\n|-damage|p1a: the big sippy|8\/100\n|move|p1a: the big sippy|Shadow Ball|p2a: Meowscarada\n|-damage|p2a: Meowscarada|0 fnt\n|faint|p2a: Meowscarada\n|\n|win|TheEmeraldGamerGuy\n|raw|TheEmeraldGamerGuy's rating: 1431 &rarr; <strong>1446<\/strong><br \/>(+15 for winning)\n|raw|Aglio.4x's rating: 1342 &rarr; <strong>1327<\/strong><br \/>(-15 for losing)\n|l|\u2606Aglio.4x\n|l|\u2606TheEmeraldGamerGuy\n|j|\u2606TheEmeraldGamerGuy\n|player|p1|TheEmeraldGamerGuy|colress\n","uploadtime":1700624206,"views":2,"p1id":"theemeraldgamerguy","p2id":"aglio4x","formatid":"gen9nationaldex","rating":1327,"private":0,"password":""}