{"id":"gen9nationaldex-1997264249","p1":"Player 723456","p2":"volk12","format":"[Gen 9] National Dex","log":"|html|<div class=\"broadcast-blue\"><strong>[Gen 9] National Dex is currently suspecting Sneasler! For information on how to participate check out the <a href=\"https:\/\/www.smogon.com\/forums\/threads\/sv-national-dex-suspect-8-just-dance.3731534\/\">suspect thread<\/a>.<\/strong><\/div>\n|j|\u2606Player 723456\n|j|\u2606volk12\n|t:|1700782089\n|gametype|singles\n|player|p1|Player 723456|lucas|1121\n|player|p2|volk12|alder|1208\n|teamsize|p1|6\n|teamsize|p2|6\n|gen|9\n|tier|[Gen 9] National Dex\n|rated|\n|rule|HP Percentage Mod: HP is shown in percentages\n|rule|Endless Battle Clause: Forcing endless battles is banned\n|rule|OHKO Clause: OHKO moves are banned\n|rule|Evasion Clause: Evasion abilities, items, and moves are banned\n|rule|Evasion Abilities Clause: Evasion abilities are banned\n|rule|Evasion Items Clause: Evasion items are banned\n|rule|Evasion Moves Clause: Evasion moves are banned\n|rule|Species Clause: Limit one of each Pok\u00e9mon\n|rule|Sleep Clause Mod: Limit one foe put to sleep\n|clearpoke\n|poke|p1|Glimmora, M|\n|poke|p1|Basculegion, M|\n|poke|p1|Kricketune, F|\n|poke|p1|Jolteon, M|\n|poke|p1|Darmanitan, M|\n|poke|p1|Torterra, M|\n|poke|p2|Medicham, M|\n|poke|p2|Glimmora, M|\n|poke|p2|Chansey, F|\n|poke|p2|Quagsire, M|\n|poke|p2|Alakazam, M|\n|poke|p2|Mew|\n|teampreview\n|\n|t:|1700782098\n|start\n|switch|p1a: Glimmora|Glimmora, M|100\/100\n|switch|p2a: Alakazam|Alakazam, M|100\/100\n|turn|1\n|\n|t:|1700782109\n|switch|p1a: Basculegion|Basculegion, M|100\/100\n|move|p2a: Alakazam|Psychic|p1a: Basculegion\n|-damage|p1a: Basculegion|53\/100\n|-unboost|p1a: Basculegion|spd|1\n|\n|upkeep\n|turn|2\n|\n|t:|1700782129\n|move|p2a: Alakazam|Psychic|p1a: Basculegion\n|-damage|p1a: Basculegion|0 fnt\n|faint|p1a: Basculegion\n|\n|upkeep\n|\n|t:|1700782134\n|switch|p1a: Kricketune|Kricketune, F|100\/100\n|turn|3\n|\n|t:|1700782139\n|move|p1a: Kricketune|X-Scissor|p2a: Alakazam\n|-supereffective|p2a: Alakazam\n|-enditem|p2a: Alakazam|Focus Sash\n|-damage|p2a: Alakazam|1\/100\n|move|p2a: Alakazam|Counter|p1a: Kricketune\n|-damage|p1a: Kricketune|0 fnt\n|faint|p1a: Kricketune\n|\n|upkeep\n|\n|t:|1700782151\n|switch|p1a: Glimmora|Glimmora, M|100\/100\n|turn|4\n|\n|t:|1700782157\n|move|p2a: Alakazam|Psychic|p1a: Glimmora\n|-supereffective|p1a: Glimmora\n|-enditem|p1a: Glimmora|Focus Sash\n|-damage|p1a: Glimmora|1\/100\n|move|p1a: Glimmora|Power Gem|p2a: Alakazam\n|-damage|p2a: Alakazam|0 fnt\n|faint|p2a: Alakazam\n|\n|upkeep\n|\n|t:|1700782165\n|switch|p2a: Medicham|Medicham, M, shiny|100\/100\n|turn|5\n|\n|t:|1700782170\n|detailschange|p2a: Medicham|Medicham-Mega, M, shiny\n|-mega|p2a: Medicham|Medicham|Medichamite\n|move|p2a: Medicham|Psycho Cut|p1a: Glimmora\n|-supereffective|p1a: Glimmora\n|-damage|p1a: Glimmora|0 fnt\n|-activate|p1a: Glimmora|ability: Toxic Debris\n|-sidestart|p2: volk12|move: Toxic Spikes\n|faint|p1a: Glimmora\n|\n|upkeep\n|\n|t:|1700782185\n|switch|p1a: Darmanitan|Darmanitan, M|100\/100\n|turn|6\n|\n|t:|1700782193\n|switch|p2a: Glimmora|Glimmora, M, shiny|100\/100\n|-sideend|p2: volk12|move: Toxic Spikes|[of] p2a: Glimmora\n|move|p1a: Darmanitan|Flamethrower|p2a: Glimmora\n|-resisted|p2a: Glimmora\n|-damage|p2a: Glimmora|82\/100\n|\n|upkeep\n|turn|7\n|\n|t:|1700782208\n|move|p1a: Darmanitan|Focus Blast|p2a: Glimmora|[miss]\n|-miss|p1a: Darmanitan|p2a: Glimmora\n|move|p2a: Glimmora|Spikes|p1a: Darmanitan\n|-sidestart|p1: Player 723456|Spikes\n|\n|upkeep\n|turn|8\n|\n|t:|1700782216\n|move|p1a: Darmanitan|Focus Blast|p2a: Glimmora\n|-damage|p2a: Glimmora|44\/100\n|move|p2a: Glimmora|Spikes|p1a: Darmanitan\n|-sidestart|p1: Player 723456|Spikes\n|\n|upkeep\n|turn|9\n|\n|t:|1700782224\n|move|p1a: Darmanitan|Focus Blast|p2a: Glimmora|[miss]\n|-miss|p1a: Darmanitan|p2a: Glimmora\n|move|p2a: Glimmora|Spikes|p1a: Darmanitan\n|-sidestart|p1: Player 723456|Spikes\n|\n|upkeep\n|turn|10\n|\n|t:|1700782234\n|move|p1a: Darmanitan|Focus Blast|p2a: Glimmora\n|-damage|p2a: Glimmora|11\/100\n|move|p2a: Glimmora|Mortal Spin|p1a: Darmanitan\n|-damage|p1a: Darmanitan|90\/100\n|-status|p1a: Darmanitan|psn\n|\n|-damage|p1a: Darmanitan|78\/100 psn|[from] psn\n|upkeep\n|turn|11\n|\n|t:|1700782244\n|move|p2a: Glimmora|Spiky Shield|p2a: Glimmora\n|-singleturn|p2a: Glimmora|move: Protect\n|move|p1a: Darmanitan|Focus Blast|p2a: Glimmora\n|-activate|p2a: Glimmora|move: Protect\n|\n|-damage|p1a: Darmanitan|65\/100 psn|[from] psn\n|upkeep\n|turn|12\n|\n|t:|1700782255\n|move|p1a: Darmanitan|Focus Blast|p2a: Glimmora|[miss]\n|-miss|p1a: Darmanitan|p2a: Glimmora\n|move|p2a: Glimmora|Explosion|p1a: Darmanitan\n|-damage|p1a: Darmanitan|7\/100 psn\n|faint|p2a: Glimmora\n|\n|-damage|p1a: Darmanitan|0 fnt|[from] psn\n|faint|p1a: Darmanitan\n|upkeep\n|\n|t:|1700782270\n|switch|p1a: Jolteon|Jolteon, M|100\/100\n|switch|p2a: Mew|Mew, shiny|100\/100\n|-damage|p1a: Jolteon|76\/100|[from] Spikes\n|turn|13\n|\n|t:|1700782280\n|move|p1a: Jolteon|Signal Beam|p2a: Mew\n|-supereffective|p2a: Mew\n|-damage|p2a: Mew|60\/100\n|move|p2a: Mew|Stealth Rock|p1a: Jolteon\n|-sidestart|p1: Player 723456|move: Stealth Rock\n|\n|upkeep\n|turn|14\n|\n|t:|1700782287\n|move|p1a: Jolteon|Signal Beam|p2a: Mew\n|-supereffective|p2a: Mew\n|-damage|p2a: Mew|14\/100\n|move|p2a: Mew|Knock Off|p1a: Jolteon\n|-damage|p1a: Jolteon|39\/100\n|-enditem|p1a: Jolteon|Aguav Berry|[from] move: Knock Off|[of] p2a: Mew\n|\n|upkeep\n|turn|15\n|\n|t:|1700782295\n|move|p1a: Jolteon|Signal Beam|p2a: Mew\n|-supereffective|p2a: Mew\n|-damage|p2a: Mew|0 fnt\n|faint|p2a: Mew\n|\n|upkeep\n|\n|t:|1700782301\n|switch|p2a: Quagsire|Quagsire, M|100\/100\n|turn|16\n|\n|t:|1700782310\n|-terastallize|p1a: Jolteon|Water\n|move|p1a: Jolteon|Tera Blast|p2a: Quagsire|[anim] Tera Blast Water\n|-damage|p2a: Quagsire|49\/100\n|move|p2a: Quagsire|Scald|p1a: Jolteon\n|-resisted|p1a: Jolteon\n|-crit|p1a: Jolteon\n|-damage|p1a: Jolteon|20\/100\n|\n|upkeep\n|turn|17\n|\n|t:|1700782319\n|switch|p2a: Chansey|Chansey, F|100\/100\n|move|p1a: Jolteon|Tera Blast|p2a: Chansey|[anim] Tera Blast Water\n|-damage|p2a: Chansey|91\/100\n|\n|upkeep\n|turn|18\n|\n|t:|1700782328\n|move|p1a: Jolteon|Thunder|p2a: Chansey\n|-damage|p2a: Chansey|78\/100\n|-status|p2a: Chansey|par\n|move|p2a: Chansey|Seismic Toss|p1a: Jolteon\n|-damage|p1a: Jolteon|0 fnt\n|faint|p1a: Jolteon\n|\n|upkeep\n|\n|t:|1700782337\n|switch|p1a: Torterra|Torterra, M|100\/100\n|-damage|p1a: Torterra|76\/100|[from] Spikes\n|-damage|p1a: Torterra|70\/100|[from] Stealth Rock\n|turn|19\n|\n|t:|1700782346\n|-curestatus|p2a: Chansey|par|[from] ability: Natural Cure\n|switch|p2a: Quagsire|Quagsire, M|49\/100\n|move|p1a: Torterra|Shell Smash|p1a: Torterra\n|-unboost|p1a: Torterra|def|1\n|-unboost|p1a: Torterra|spd|1\n|-boost|p1a: Torterra|atk|2\n|-boost|p1a: Torterra|spa|2\n|-boost|p1a: Torterra|spe|2\n|\n|upkeep\n|turn|20\n|\n|t:|1700782356\n|move|p1a: Torterra|Bullet Seed|p2a: Quagsire\n|-supereffective|p2a: Quagsire\n|-damage|p2a: Quagsire|13\/100\n|-supereffective|p2a: Quagsire\n|-damage|p2a: Quagsire|0 fnt\n|faint|p2a: Quagsire\n|-hitcount|p2: Quagsire|2\n|\n|upkeep\n|\n|t:|1700782363\n|switch|p2a: Medicham|Medicham-Mega, M, shiny|100\/100\n|turn|21\n|\n|t:|1700782370\n|move|p1a: Torterra|Bullet Seed|p2a: Medicham\n|-damage|p2a: Medicham|61\/100\n|-damage|p2a: Medicham|25\/100\n|-damage|p2a: Medicham|0 fnt\n|faint|p2a: Medicham\n|-hitcount|p2: Medicham|3\n|\n|upkeep\n|\n|t:|1700782376\n|switch|p2a: Chansey|Chansey, F|78\/100\n|turn|22\n|\n|t:|1700782382\n|move|p1a: Torterra|Bullet Seed|p2a: Chansey\n|-damage|p2a: Chansey|38\/100\n|-damage|p2a: Chansey|0 fnt\n|faint|p2a: Chansey\n|-hitcount|p2: Chansey|2\n|\n|win|Player 723456\n|raw|Player 723456's rating: 1121 &rarr; <strong>1152<\/strong><br \/>(+31 for winning)\n|raw|volk12's rating: 1208 &rarr; <strong>1177<\/strong><br \/>(-31 for losing)\n|l|\u2606volk12\n","uploadtime":1700782409,"views":5,"p1id":"player723456","p2id":"volk12","formatid":"gen9nationaldex","rating":1152,"private":0,"password":""}