{"id":"gen9nationaldex-1988167253","p1":"Subject298","p2":"lonely_smile","format":"[Gen 9] National Dex","log":"|j|\u2606Subject298\n|j|\u2606lonely_smile\n|t:|1699678468\n|gametype|singles\n|player|p1|Subject298|iris-gen5bw2|1462\n|player|p2|lonely_smile|lady|1460\n|teamsize|p1|6\n|teamsize|p2|6\n|gen|9\n|tier|[Gen 9] National Dex\n|rated|\n|rule|HP Percentage Mod: HP is shown in percentages\n|rule|Endless Battle Clause: Forcing endless battles is banned\n|rule|OHKO Clause: OHKO moves are banned\n|rule|Evasion Clause: Evasion abilities, items, and moves are banned\n|rule|Evasion Abilities Clause: Evasion abilities are banned\n|rule|Evasion Items Clause: Evasion items are banned\n|rule|Evasion Moves Clause: Evasion moves are banned\n|rule|Species Clause: Limit one of each Pok\u00e9mon\n|rule|Sleep Clause Mod: Limit one foe put to sleep\n|clearpoke\n|poke|p1|Hydreigon, M|\n|poke|p1|Aggron, F|\n|poke|p1|Archeops, M|\n|poke|p1|Druddigon, M|\n|poke|p1|Lapras, F|\n|poke|p1|Haxorus, F|\n|poke|p2|Mawile, M|\n|poke|p2|Hatterene, F|\n|poke|p2|Cresselia, F|\n|poke|p2|Mew|\n|poke|p2|Marowak-Alola, F|\n|poke|p2|Iron Valiant|\n|teampreview\n|inactive|Battle timer is ON: inactive players will automatically lose when time's up. (requested by lonely_smile)\n|\n|t:|1699678489\n|start\n|switch|p1a: Aggron|Aggron, F|100\/100\n|switch|p2a: Iron Valiant|Iron Valiant|100\/100\n|-enditem|p2a: Iron Valiant|Booster Energy\n|-activate|p2a: Iron Valiant|ability: Quark Drive|[fromitem]\n|-start|p2a: Iron Valiant|quarkdrivespe\n|turn|1\n|\n|t:|1699678496\n|-terastallize|p1a: Aggron|Flying\n|move|p2a: Iron Valiant|Destiny Bond|p2a: Iron Valiant\n|-singlemove|p2a: Iron Valiant|Destiny Bond\n|move|p1a: Aggron|Heavy Slam|p2a: Iron Valiant\n|-supereffective|p2a: Iron Valiant\n|-crit|p2a: Iron Valiant\n|-damage|p2a: Iron Valiant|0 fnt\n|faint|p2a: Iron Valiant\n|-activate|p2a: Iron Valiant|move: Destiny Bond\n|-end|p2a: Iron Valiant|Quark Drive|[silent]\n|faint|p1a: Aggron\n|\n|upkeep\n|\n|t:|1699678506\n|switch|p2a: Mawile|Mawile, M|100\/100\n|switch|p1a: Hydreigon|Hydreigon, M|100\/100\n|-ability|p2a: Mawile|Intimidate|boost\n|-unboost|p1a: Hydreigon|atk|1\n|turn|2\n|\n|t:|1699678513\n|detailschange|p2a: Mawile|Mawile-Mega, M\n|-mega|p2a: Mawile|Mawile|Mawilite\n|move|p1a: Hydreigon|Flamethrower|p2a: Mawile\n|-supereffective|p2a: Mawile\n|-damage|p2a: Mawile|13\/100\n|-damage|p1a: Hydreigon|91\/100|[from] item: Life Orb\n|move|p2a: Mawile|Play Rough|p1a: Hydreigon\n|-supereffective|p1a: Hydreigon\n|-damage|p1a: Hydreigon|0 fnt\n|faint|p1a: Hydreigon\n|\n|upkeep\n|\n|t:|1699678521\n|switch|p1a: Druddigon|Druddigon, M|100\/100\n|turn|3\n|\n|t:|1699678526\n|switch|p2a: Cresselia|Cresselia, F|100\/100\n|move|p1a: Druddigon|Stealth Rock|p2a: Cresselia\n|-sidestart|p2: lonely_smile|move: Stealth Rock\n|\n|upkeep\n|turn|4\n|\n|t:|1699678531\n|move|p1a: Druddigon|Glare|p2a: Cresselia\n|-status|p2a: Cresselia|par\n|move|p2a: Cresselia|Trick Room|p2a: Cresselia\n|-fieldstart|move: Trick Room|[of] p2a: Cresselia\n|\n|upkeep\n|turn|5\n|\n|t:|1699678536\n|switch|p1a: Lapras|Lapras, F|100\/100\n|cant|p2a: Cresselia|par\n|\n|upkeep\n|turn|6\n|\n|t:|1699678541\n|move|p2a: Cresselia|Lunar Dance|p2a: Cresselia\n|faint|p2a: Cresselia\n|move|p1a: Lapras|Whirlpool|p2: Cresselia|[notarget]\n|-fail|p1a: Lapras\n|\n|upkeep\n|\n|t:|1699678544\n|switch|p2a: Mawile|Mawile-Mega, M|13\/100\n|-heal|p2a: Mawile|100\/100|[from] move: Lunar Dance\n|-damage|p2a: Mawile|94\/100|[from] Stealth Rock\n|turn|7\n|\n|t:|1699678558\n|move|p2a: Mawile|Brick Break|p1a: Lapras\n|-supereffective|p1a: Lapras\n|-damage|p1a: Lapras|10\/100\n|move|p1a: Lapras|Whirlpool|p2a: Mawile\n|-damage|p2a: Mawile|81\/100\n|-activate|p2a: Mawile|move: Whirlpool|[of] p1a: Lapras\n|\n|-heal|p1a: Lapras|16\/100|[from] item: Leftovers\n|-damage|p2a: Mawile|69\/100|[from] move: Whirlpool|[partiallytrapped]\n|upkeep\n|turn|8\n|\n|t:|1699678566\n|move|p1a: Lapras|Protect|p1a: Lapras\n|-singleturn|p1a: Lapras|Protect\n|move|p2a: Mawile|Brick Break|p1a: Lapras\n|-activate|p1a: Lapras|move: Protect\n|\n|-heal|p1a: Lapras|22\/100|[from] item: Leftovers\n|-damage|p2a: Mawile|56\/100|[from] move: Whirlpool|[partiallytrapped]\n|-fieldend|move: Trick Room\n|upkeep\n|turn|9\n|\n|t:|1699678571\n|switch|p1a: Druddigon|Druddigon, M|100\/100\n|move|p2a: Mawile|Brick Break|p1a: Druddigon\n|-damage|p1a: Druddigon|66\/100\n|-damage|p2a: Mawile|44\/100|[from] ability: Rough Skin|[of] p1a: Druddigon\n|-damage|p2a: Mawile|27\/100|[from] item: Rocky Helmet|[of] p1a: Druddigon\n|\n|-end|p2a: Mawile|Whirlpool|[partiallytrapped]|[silent]\n|upkeep\n|turn|10\n|\n|t:|1699678593\n|move|p2a: Mawile|Play Rough|p1a: Druddigon\n|-supereffective|p1a: Druddigon\n|-damage|p1a: Druddigon|0 fnt\n|-damage|p2a: Mawile|15\/100|[from] ability: Rough Skin|[of] p1a: Druddigon\n|-damage|p2a: Mawile|0 fnt|[from] item: Rocky Helmet|[of] p1a: Druddigon\n|faint|p1a: Druddigon\n|faint|p2a: Mawile\n|\n|upkeep\n|\n|t:|1699678607\n|switch|p1a: Haxorus|Haxorus, F|100\/100\n|switch|p2a: Hatterene|Hatterene, F|100\/100\n|-ability|p1a: Haxorus|Mold Breaker\n|-damage|p2a: Hatterene|88\/100|[from] Stealth Rock\n|turn|11\n|\n|t:|1699678610\n|move|p1a: Haxorus|Dragon Dance|p1a: Haxorus\n|-boost|p1a: Haxorus|atk|1\n|-boost|p1a: Haxorus|spe|1\n|move|p2a: Hatterene|Trick Room|p2a: Hatterene\n|-fieldstart|move: Trick Room|[of] p2a: Hatterene\n|\n|upkeep\n|turn|12\n|\n|t:|1699678613\n|move|p2a: Hatterene|Misty Explosion|p1a: Haxorus\n|-supereffective|p1a: Haxorus\n|-enditem|p1a: Haxorus|Focus Sash\n|-damage|p1a: Haxorus|1\/100\n|faint|p2a: Hatterene\n|move|p1a: Haxorus|Iron Head|p2: Hatterene|[notarget]\n|-fail|p1a: Haxorus\n|\n|upkeep\n|\n|t:|1699678618\n|switch|p2a: Marowak|Marowak-Alola, F|100\/100\n|-damage|p2a: Marowak|75\/100|[from] Stealth Rock\n|turn|13\n|\n|t:|1699678629\n|switch|p1a: Archeops|Archeops, M|100\/100\n|move|p2a: Marowak|Poltergeist|p1a: Archeops|[miss]\n|-miss|p2a: Marowak|p1a: Archeops\n|\n|upkeep\n|turn|14\n|\n|t:|1699678637\n|move|p2a: Marowak|Poltergeist|p1a: Archeops\n|-activate|p1a: Archeops|move: Poltergeist|Aguav Berry\n|-damage|p1a: Archeops|0 fnt\n|faint|p1a: Archeops\n|\n|upkeep\n|\n|t:|1699678640\n|switch|p1a: Lapras|Lapras, F|22\/100\n|turn|15\n|\n|t:|1699678652\n|move|p1a: Lapras|Protect|p1a: Lapras\n|-singleturn|p1a: Lapras|Protect\n|move|p2a: Marowak|Flare Blitz|p1a: Lapras\n|-activate|p1a: Lapras|move: Protect\n|\n|-heal|p1a: Lapras|28\/100|[from] item: Leftovers\n|-fieldend|move: Trick Room\n|upkeep\n|turn|16\n|\n|t:|1699678659\n|switch|p2a: Mew|Mew|100\/100\n|-damage|p2a: Mew|88\/100|[from] Stealth Rock\n|move|p1a: Lapras|Whirlpool|p2a: Mew\n|-damage|p2a: Mew|80\/100\n|-activate|p2a: Mew|move: Whirlpool|[of] p1a: Lapras\n|\n|-heal|p1a: Lapras|34\/100|[from] item: Leftovers\n|-damage|p2a: Mew|67\/100|[from] move: Whirlpool|[partiallytrapped]\n|upkeep\n|turn|17\n|\n|t:|1699678664\n|move|p1a: Lapras|Perish Song|p1a: Lapras\n|-start|p1a: Lapras|perish3|[silent]\n|-start|p2a: Mew|perish3|[silent]\n|-fieldactivate|move: Perish Song\n|move|p2a: Mew|Trick Room|p2a: Mew\n|-fieldstart|move: Trick Room|[of] p2a: Mew\n|\n|-heal|p1a: Lapras|40\/100|[from] item: Leftovers\n|-damage|p2a: Mew|55\/100|[from] move: Whirlpool|[partiallytrapped]\n|-start|p1a: Lapras|perish3\n|-start|p2a: Mew|perish3\n|upkeep\n|turn|18\n|\n|t:|1699678669\n|move|p1a: Lapras|Protect|p1a: Lapras\n|-singleturn|p1a: Lapras|Protect\n|move|p2a: Mew|Explosion|p1a: Lapras\n|-activate|p1a: Lapras|move: Protect\n|faint|p2a: Mew\n|\n|-heal|p1a: Lapras|46\/100|[from] item: Leftovers\n|-start|p1a: Lapras|perish2\n|upkeep\n|\n|t:|1699678672\n|switch|p2a: Marowak|Marowak-Alola, F|75\/100\n|-damage|p2a: Marowak|50\/100|[from] Stealth Rock\n|turn|19\n|\n|t:|1699678677\n|move|p2a: Marowak|Poltergeist|p1a: Lapras\n|-activate|p1a: Lapras|move: Poltergeist|Leftovers\n|-damage|p1a: Lapras|0 fnt\n|faint|p1a: Lapras\n|\n|upkeep\n|\n|t:|1699678680\n|switch|p1a: Haxorus|Haxorus, F|1\/100\n|-ability|p1a: Haxorus|Mold Breaker\n|turn|20\n|\n|t:|1699678690\n|-terastallize|p2a: Marowak|Fire\n|move|p2a: Marowak|Flare Blitz|p1a: Haxorus\n|-resisted|p1a: Haxorus\n|-damage|p1a: Haxorus|0 fnt\n|faint|p1a: Haxorus\n|\n|win|lonely_smile\n|raw|Subject298's rating: 1462 &rarr; <strong>1442<\/strong><br \/>(-20 for losing)\n|raw|lonely_smile's rating: 1460 &rarr; <strong>1480<\/strong><br \/>(+20 for winning)\n","uploadtime":1699678699,"views":4,"p1id":"subject298","p2id":"lonelysmile","formatid":"gen9nationaldex","rating":1442,"private":0,"password":""}