{"id":"gen9nationaldex-1991960301","p1":"taoke","p2":"Catnavi","format":"[Gen 9] National Dex","log":"|j|\u2606taoke\n|j|\u2606Catnavi\n|t:|1700142752\n|gametype|singles\n|player|p1|taoke|cyclist|\n|player|p2|Catnavi|lass-gen4dp|\n|teamsize|p1|6\n|teamsize|p2|6\n|gen|9\n|tier|[Gen 9] National Dex\n|rated|Tournament battle\n|rule|HP Percentage Mod: HP is shown in percentages\n|rule|Endless Battle Clause: Forcing endless battles is banned\n|rule|OHKO Clause: OHKO moves are banned\n|rule|Evasion Clause: Evasion abilities, items, and moves are banned\n|rule|Evasion Abilities Clause: Evasion abilities are banned\n|rule|Evasion Items Clause: Evasion items are banned\n|rule|Evasion Moves Clause: Evasion moves are banned\n|rule|Species Clause: Limit one of each Pok\u00e9mon\n|rule|Sleep Clause Mod: Limit one foe put to sleep\n|clearpoke\n|poke|p1|Latios, M|\n|poke|p1|Linoone, M|\n|poke|p1|Great Tusk|\n|poke|p1|Ting-Lu|\n|poke|p1|Ogerpon-Wellspring, F|\n|poke|p1|Sylveon, F|\n|poke|p2|Clawitzer, M|\n|poke|p2|Tapu Koko|\n|poke|p2|Thundurus, M|\n|poke|p2|Garchomp, M|\n|poke|p2|Scizor, M|\n|poke|p2|Iron Valiant|\n|teampreview\n|\n|t:|1700142766\n|start\n|switch|p1a: Ting-Lu|Ting-Lu|100\/100\n|switch|p2a: Scizor|Scizor, M|100\/100\n|-ability|p1a: Ting-Lu|Vessel of Ruin\n|turn|1\n|\n|t:|1700142774\n|detailschange|p2a: Scizor|Scizor-Mega, M\n|-mega|p2a: Scizor|Scizor|Scizorite\n|move|p2a: Scizor|Knock Off|p1a: Ting-Lu\n|-resisted|p1a: Ting-Lu\n|-damage|p1a: Ting-Lu|91\/100\n|-enditem|p1a: Ting-Lu|Leftovers|[from] move: Knock Off|[of] p2a: Scizor\n|move|p1a: Ting-Lu|Ruination|p2a: Scizor\n|-damage|p2a: Scizor|51\/100\n|\n|upkeep\n|turn|2\n|\n|t:|1700142782\n|move|p2a: Scizor|U-turn|p1a: Ting-Lu\n|-supereffective|p1a: Ting-Lu\n|-damage|p1a: Ting-Lu|50\/100\n|\n|t:|1700142790\n|switch|p2a: Tapu Koko|Tapu Koko, shiny|100\/100|[from] U-turn\n|-fieldstart|move: Electric Terrain|[from] ability: Electric Surge|[of] p2a: Tapu Koko\n|move|p1a: Ting-Lu|Stealth Rock|p2a: Tapu Koko\n|-sidestart|p2: Catnavi|move: Stealth Rock\n|\n|upkeep\n|turn|3\n|\n|t:|1700142796\n|switch|p2a: Thundurus|Thundurus, M|100\/100\n|-damage|p2a: Thundurus|76\/100|[from] Stealth Rock\n|move|p1a: Ting-Lu|Earthquake|p2a: Thundurus\n|-immune|p2a: Thundurus\n|\n|upkeep\n|turn|4\n|\n|t:|1700142810\n|move|p2a: Thundurus|Acrobatics|p1a: Ting-Lu\n|-damage|p1a: Ting-Lu|40\/100\n|move|p1a: Ting-Lu|Whirlwind|p2a: Thundurus\n|drag|p2a: Tapu Koko|Tapu Koko, shiny|100\/100\n|-damage|p2a: Tapu Koko|88\/100|[from] Stealth Rock\n|\n|upkeep\n|turn|5\n|\n|t:|1700142827\n|switch|p2a: Garchomp|Garchomp, M, shiny|100\/100\n|-damage|p2a: Garchomp|94\/100|[from] Stealth Rock\n|switch|p1a: Latios|Latios, M|100\/100\n|\n|upkeep\n|turn|6\n|\n|t:|1700142833\n|switch|p2a: Thundurus|Thundurus, M|76\/100\n|-damage|p2a: Thundurus|51\/100|[from] Stealth Rock\n|move|p1a: Latios|Memento|p2a: Thundurus\n|-unboost|p2a: Thundurus|atk|2\n|-unboost|p2a: Thundurus|spa|2\n|faint|p1a: Latios\n|\n|upkeep\n|\n|t:|1700142840\n|switch|p1a: Extreme Killer|Linoone, M|100\/100\n|turn|7\n|\n|t:|1700142845\n|move|p2a: Thundurus|Taunt|p1a: Extreme Killer\n|-start|p1a: Extreme Killer|move: Taunt\n|cant|p1a: Extreme Killer|move: Taunt|Belly Drum\n|\n|upkeep\n|turn|8\n|\n|t:|1700142851\n|-terastallize|p1a: Extreme Killer|Normal\n|move|p1a: Extreme Killer|Extreme Speed|p2a: Thundurus\n|-damage|p2a: Thundurus|2\/100\n|-enditem|p2a: Thundurus|Eject Button\n|\n|t:|1700142859\n|switch|p2a: Iron Valiant|Iron Valiant, shiny|100\/100\n|-damage|p2a: Iron Valiant|94\/100|[from] Stealth Rock\n|-activate|p2a: Iron Valiant|ability: Quark Drive\n|-start|p2a: Iron Valiant|quarkdrivespe\n|\n|upkeep\n|turn|9\n|\n|t:|1700142864\n|move|p1a: Extreme Killer|Extreme Speed|p2a: Iron Valiant\n|-damage|p2a: Iron Valiant|49\/100\n|move|p2a: Iron Valiant|Close Combat|p1a: Extreme Killer\n|-supereffective|p1a: Extreme Killer\n|-damage|p1a: Extreme Killer|0 fnt\n|-unboost|p2a: Iron Valiant|def|1\n|-unboost|p2a: Iron Valiant|spd|1\n|faint|p1a: Extreme Killer\n|-damage|p2a: Iron Valiant|39\/100|[from] item: Life Orb\n|\n|-fieldend|move: Electric Terrain\n|-end|p2a: Iron Valiant|Quark Drive\n|upkeep\n|\n|t:|1700142871\n|switch|p1a: Sylveon|Sylveon, F|100\/100\n|turn|10\n|\n|t:|1700142880\n|move|p2a: Iron Valiant|Destiny Bond|p2a: Iron Valiant\n|-singlemove|p2a: Iron Valiant|Destiny Bond\n|move|p1a: Sylveon|Hyper Voice|p2a: Iron Valiant\n|-supereffective|p2a: Iron Valiant\n|-damage|p2a: Iron Valiant|0 fnt\n|faint|p2a: Iron Valiant\n|-activate|p2a: Iron Valiant|move: Destiny Bond\n|-end|p2a: Iron Valiant|Quark Drive|[silent]\n|faint|p1a: Sylveon\n|\n|upkeep\n|\n|t:|1700142890\n|switch|p2a: Tapu Koko|Tapu Koko, shiny|88\/100\n|switch|p1a: Ogerpon|Ogerpon-Wellspring, F|100\/100\n|-damage|p2a: Tapu Koko|76\/100|[from] Stealth Rock\n|-fieldstart|move: Electric Terrain|[from] ability: Electric Surge|[of] p2a: Tapu Koko\n|turn|11\n|\n|t:|1700142897\n|move|p2a: Tapu Koko|Volt Switch|p1a: Ogerpon\n|-damage|p1a: Ogerpon|57\/100\n|\n|t:|1700142902\n|switch|p2a: Thundurus|Thundurus, M|2\/100|[from] Volt Switch\n|-damage|p2a: Thundurus|0 fnt|[from] Stealth Rock\n|faint|p2a: Thundurus\n|move|p1a: Ogerpon|Ivy Cudgel|p2: Thundurus|[notarget]\n|-fail|p1a: Ogerpon\n|\n|upkeep\n|\n|t:|1700142909\n|switch|p2a: Garchomp|Garchomp, M, shiny|94\/100\n|-damage|p2a: Garchomp|88\/100|[from] Stealth Rock\n|turn|12\n|\n|t:|1700142914\n|move|p1a: Ogerpon|Ivy Cudgel|p2a: Garchomp|[anim] Ivy Cudgel Water\n|-crit|p2a: Garchomp\n|-damage|p2a: Garchomp|5\/100\n|-zpower|p2a: Garchomp\n|move|p2a: Garchomp|Devastating Drake|p1a: Ogerpon|[zeffect]\n|-damage|p1a: Ogerpon|0 fnt\n|faint|p1a: Ogerpon\n|\n|upkeep\n|\n|t:|1700142922\n|switch|p1a: Great Tusk|Great Tusk|100\/100\n|turn|13\n|\n|t:|1700142926\n|move|p2a: Garchomp|Outrage|p1a: Great Tusk\n|-damage|p1a: Great Tusk|60\/100\n|move|p1a: Great Tusk|Rapid Spin|p2a: Garchomp\n|-damage|p2a: Garchomp|0 fnt\n|-boost|p1a: Great Tusk|spe|1\n|-damage|p1a: Great Tusk|48\/100|[from] ability: Rough Skin|[of] p2a: Garchomp\n|faint|p2a: Garchomp\n|\n|-heal|p1a: Great Tusk|54\/100|[from] item: Leftovers\n|upkeep\n|\n|t:|1700142937\n|switch|p2a: Scizor|Scizor-Mega, M|51\/100\n|-damage|p2a: Scizor|38\/100|[from] Stealth Rock\n|turn|14\n|\n|t:|1700142941\n|move|p2a: Scizor|Bullet Punch|p1a: Great Tusk\n|-damage|p1a: Great Tusk|29\/100\n|move|p1a: Great Tusk|Headlong Rush|p2a: Scizor\n|-damage|p2a: Scizor|0 fnt\n|-unboost|p1a: Great Tusk|def|1\n|-unboost|p1a: Great Tusk|spd|1\n|faint|p2a: Scizor\n|\n|-heal|p1a: Great Tusk|36\/100|[from] item: Leftovers\n|upkeep\n|\n|t:|1700142954\n|switch|p2a: Tapu Koko|Tapu Koko, shiny|76\/100\n|-damage|p2a: Tapu Koko|63\/100|[from] Stealth Rock\n|turn|15\n|\n|t:|1700142958\n|-terastallize|p2a: Tapu Koko|Grass\n|move|p2a: Tapu Koko|Dazzling Gleam|p1a: Great Tusk\n|-supereffective|p1a: Great Tusk\n|-damage|p1a: Great Tusk|0 fnt\n|faint|p1a: Great Tusk\n|-end|p1a: Great Tusk|Protosynthesis|[silent]\n|\n|upkeep\n|\n|t:|1700142963\n|switch|p1a: Ting-Lu|Ting-Lu|40\/100\n|-ability|p1a: Ting-Lu|Vessel of Ruin\n|turn|16\n|c|\u2606taoke|gg\n|-message|taoke forfeited.\n|\n|win|Catnavi\n|n|\u2606taoke|taoke\n|n|\u2606Catnavi|catnavi\n|l|\u2606taoke\n|j| sithred8\n|l|\u2606Catnavi\n","uploadtime":1700145912,"views":4,"p1id":"taoke","p2id":"catnavi","formatid":"gen9nationaldex","rating":0,"private":0,"password":""}