{"id":"gen9nationaldex-1992998242","p1":"DinoDudePlayzYT","p2":"Azu_CriticalXD","format":"[Gen 9] National Dex","log":"|j|\u2606DinoDudePlayzYT\n|j|\u2606Azu_CriticalXD\n|t:|1700254027\n|gametype|singles\n|player|p1|DinoDudePlayzYT|silver|1123\n|player|p2|Azu_CriticalXD|ltsurge|1101\n|teamsize|p1|6\n|teamsize|p2|6\n|gen|9\n|tier|[Gen 9] National Dex\n|rated|\n|rule|HP Percentage Mod: HP is shown in percentages\n|rule|Endless Battle Clause: Forcing endless battles is banned\n|rule|OHKO Clause: OHKO moves are banned\n|rule|Evasion Clause: Evasion abilities, items, and moves are banned\n|rule|Evasion Abilities Clause: Evasion abilities are banned\n|rule|Evasion Items Clause: Evasion items are banned\n|rule|Evasion Moves Clause: Evasion moves are banned\n|rule|Species Clause: Limit one of each Pok\u00e9mon\n|rule|Sleep Clause Mod: Limit one foe put to sleep\n|clearpoke\n|poke|p1|Skeledirge, F|\n|poke|p1|Fezandipiti, M|\n|poke|p1|Ceruledge, M|\n|poke|p1|Salamence, F|\n|poke|p1|Sylveon, M|\n|poke|p1|Salazzle, F|\n|poke|p2|Chansey, F|\n|poke|p2|Ursaluna, F|\n|poke|p2|Maushold-Four|\n|poke|p2|Regigigas|\n|poke|p2|Pidgeot, M|\n|poke|p2|Porygon-Z|\n|teampreview\n|inactive|Battle timer is ON: inactive players will automatically lose when time's up. (requested by DinoDudePlayzYT)\n|c|\u2606DinoDudePlayzYT|oh\n|c|\u2606Azu_CriticalXD|xD\n|c|\u2606DinoDudePlayzYT|hi again\n|c|\u2606Azu_CriticalXD|hi\n|c|\u2606DinoDudePlayzYT|lol\n|\n|t:|1700254042\n|start\n|switch|p1a: Fezandipiti|Fezandipiti, M|100\/100\n|switch|p2a: Glitchman|Porygon-Z, shiny|100\/100\n|turn|1\n|\n|t:|1700254050\n|move|p2a: Glitchman|Thunder Wave|p1a: Fezandipiti|[miss]\n|-miss|p2a: Glitchman|p1a: Fezandipiti\n|move|p1a: Fezandipiti|Beat Up|p2a: Glitchman\n|-damage|p2a: Glitchman|96\/100\n|-damage|p2a: Glitchman|92\/100\n|-damage|p2a: Glitchman|87\/100\n|-damage|p2a: Glitchman|81\/100\n|-damage|p2a: Glitchman|77\/100\n|-status|p2a: Glitchman|tox|[from] ability: Toxic Chain|[of] p1a: Fezandipiti\n|-damage|p2a: Glitchman|73\/100 tox\n|-hitcount|p2a: Glitchman|6\n|\n|-damage|p2a: Glitchman|67\/100 tox|[from] psn\n|upkeep\n|turn|2\n|\n|t:|1700254063\n|move|p2a: Glitchman|Thunder Wave|p1a: Fezandipiti\n|-status|p1a: Fezandipiti|par\n|move|p1a: Fezandipiti|Venoshock|p2a: Glitchman\n|-damage|p2a: Glitchman|0 fnt\n|faint|p2a: Glitchman\n|\n|upkeep\n|\n|t:|1700254075\n|switch|p2a: Bloodmen|Maushold-Four, shiny|100\/100\n|turn|3\n|c|\u2606DinoDudePlayzYT|out of the 3 new legends, fenzandipiti is the best\n|inactive|DinoDudePlayzYT has 120 seconds left.\n|\n|t:|1700254105\n|move|p2a: Bloodmen|Population Bomb|p1a: Fezandipiti\n|-damage|p1a: Fezandipiti|88\/100 par\n|-damage|p1a: Fezandipiti|75\/100 par\n|-crit|p1a: Fezandipiti\n|-damage|p1a: Fezandipiti|55\/100 par\n|-damage|p1a: Fezandipiti|43\/100 par\n|-damage|p1a: Fezandipiti|29\/100 par\n|-damage|p1a: Fezandipiti|16\/100 par\n|-damage|p1a: Fezandipiti|4\/100 par\n|-damage|p1a: Fezandipiti|0 fnt\n|faint|p1a: Fezandipiti\n|-hitcount|p1: Fezandipiti|8\n|\n|upkeep\n|inactive|DinoDudePlayzYT has 120 seconds left.\n|\n|t:|1700254119\n|switch|p1a: Ceruledge|Ceruledge, M|100\/100\n|turn|4\n|inactive|DinoDudePlayzYT has 120 seconds left.\n|\n|t:|1700254128\n|move|p2a: Bloodmen|Bite|p1a: Ceruledge\n|-supereffective|p1a: Ceruledge\n|-damage|p1a: Ceruledge|39\/100\n|-ability|p1a: Ceruledge|Weak Armor|boost\n|-unboost|p1a: Ceruledge|def|1\n|-boost|p1a: Ceruledge|spe|2\n|move|p1a: Ceruledge|Swords Dance|p1a: Ceruledge\n|-boost|p1a: Ceruledge|atk|2\n|\n|upkeep\n|turn|5\n|inactive|DinoDudePlayzYT has 120 seconds left.\n|\n|t:|1700254142\n|switch|p2a: Fancie|Ursaluna, F, shiny|100\/100\n|move|p1a: Ceruledge|Bitter Blade|p2a: Fancie\n|-damage|p2a: Fancie|44\/100\n|-heal|p1a: Ceruledge|81\/100|[from] drain|[of] p2a: Fancie\n|\n|-status|p2a: Fancie|brn|[from] item: Flame Orb\n|upkeep\n|turn|6\n|inactive|DinoDudePlayzYT has 120 seconds left.\n|\n|t:|1700254155\n|switch|p2a: Regbeat|Regigigas, shiny|100\/100\n|-start|p2a: Regbeat|ability: Slow Start\n|move|p1a: Ceruledge|Bitter Blade|p2a: Regbeat\n|-damage|p2a: Regbeat|37\/100\n|-heal|p1a: Ceruledge|100\/100|[from] drain|[of] p2a: Regbeat\n|\n|-heal|p2a: Regbeat|43\/100|[from] item: Leftovers\n|upkeep\n|turn|7\n|inactive|DinoDudePlayzYT has 120 seconds left.\n|\n|t:|1700254175\n|move|p1a: Ceruledge|Bitter Blade|p2a: Regbeat\n|-damage|p2a: Regbeat|0 fnt\n|faint|p2a: Regbeat\n|-end|p2a: Regbeat|Slow Start|[silent]\n|\n|upkeep\n|\n|t:|1700254192\n|switch|p2a: LordJesus|Pidgeot, M, shiny|100\/100\n|turn|8\n|\n|t:|1700254197\n|detailschange|p2a: LordJesus|Pidgeot-Mega, M, shiny\n|-mega|p2a: LordJesus|Pidgeot|Pidgeotite\n|move|p1a: Ceruledge|Bitter Blade|p2a: LordJesus\n|-damage|p2a: LordJesus|0 fnt\n|faint|p2a: LordJesus\n|\n|upkeep\n|\n|t:|1700254211\n|switch|p2a: Cuichan|Chansey, F, shiny|100\/100\n|turn|9\n|\n|t:|1700254215\n|move|p1a: Ceruledge|Bitter Blade|p2a: Cuichan\n|-damage|p2a: Cuichan|41\/100\n|move|p2a: Cuichan|Toxic|p1a: Ceruledge\n|-status|p1a: Ceruledge|tox\n|\n|-damage|p1a: Ceruledge|94\/100 tox|[from] psn\n|upkeep\n|turn|10\n|\n|t:|1700254231\n|move|p1a: Ceruledge|Bitter Blade|p2a: Cuichan\n|-damage|p2a: Cuichan|0 fnt\n|-heal|p1a: Ceruledge|100\/100 tox|[from] drain|[of] p2a: Cuichan\n|faint|p2a: Cuichan\n|\n|-damage|p1a: Ceruledge|88\/100 tox|[from] psn\n|upkeep\n|c|\u2606Azu_CriticalXD|xd\n|\n|t:|1700254242\n|switch|p2a: Bloodmen|Maushold-Four, shiny|100\/100\n|turn|11\n|\n|t:|1700254246\n|move|p1a: Ceruledge|Bitter Blade|p2a: Bloodmen\n|-damage|p2a: Bloodmen|0 fnt\n|-heal|p1a: Ceruledge|100\/100 tox|[from] drain|[of] p2a: Bloodmen\n|faint|p2a: Bloodmen\n|\n|-damage|p1a: Ceruledge|82\/100 tox|[from] psn\n|upkeep\n|\n|t:|1700254253\n|switch|p2a: Fancie|Ursaluna, F, shiny|44\/100 brn\n|turn|12\n|c|\u2606DinoDudePlayzYT|not a lot anyone can do against this\n|\n|t:|1700254263\n|-terastallize|p1a: Ceruledge|Dragon\n|move|p1a: Ceruledge|Dragon Claw|p2a: Fancie\n|-damage|p2a: Fancie|0 fnt\n|faint|p2a: Fancie\n|\n|win|DinoDudePlayzYT\n|raw|DinoDudePlayzYT's rating: 1123 &rarr; <strong>1146<\/strong><br \/>(+23 for winning)\n|raw|Azu_CriticalXD's rating: 1101 &rarr; <strong>1078<\/strong><br \/>(-23 for losing)\n|c|\u2606DinoDudePlayzYT|gg\n|l|\u2606DinoDudePlayzYT\n|c|\u2606Azu_CriticalXD|gg\n","uploadtime":1700254279,"views":9,"p1id":"dinodudeplayzyt","p2id":"azucriticalxd","formatid":"gen9nationaldex","rating":1078,"private":0,"password":""}