{"id":"gen9nationaldex-1997488413","p1":"I have -106 IQ","p2":"Omgitsphill","format":"[Gen 9] National Dex","log":"|html|<div class=\"broadcast-blue\"><strong>[Gen 9] National Dex is currently suspecting Sneasler! For information on how to participate check out the <a href=\"https:\/\/www.smogon.com\/forums\/threads\/sv-national-dex-suspect-8-just-dance.3731534\/\">suspect thread<\/a>.<\/strong><\/div>\n|j|\u2606I have -106 IQ\n|j|\u2606Omgitsphill\n|inactive|Battle timer is ON: inactive players will automatically lose when time's up.\n|t:|1700814137\n|gametype|singles\n|player|p1|I have -106 IQ|marnie-masters2|\n|player|p2|Omgitsphill|hero2-conquest|\n|teamsize|p1|6\n|teamsize|p2|6\n|gen|9\n|tier|[Gen 9] National Dex\n|rated|Tournament battle\n|rule|HP Percentage Mod: HP is shown in percentages\n|rule|Endless Battle Clause: Forcing endless battles is banned\n|rule|OHKO Clause: OHKO moves are banned\n|rule|Evasion Clause: Evasion abilities, items, and moves are banned\n|rule|Evasion Abilities Clause: Evasion abilities are banned\n|rule|Evasion Items Clause: Evasion items are banned\n|rule|Evasion Moves Clause: Evasion moves are banned\n|rule|Species Clause: Limit one of each Pok\u00e9mon\n|rule|Sleep Clause Mod: Limit one foe put to sleep\n|clearpoke\n|poke|p1|Cresselia, F|\n|poke|p1|Ursaluna, M|\n|poke|p1|Porygon2|\n|poke|p1|Marowak-Alola, F|\n|poke|p1|Hatterene, F|\n|poke|p1|Hoopa-Unbound|\n|poke|p2|Lopunny, F|\n|poke|p2|Blissey, F|\n|poke|p2|Gliscor, M|\n|poke|p2|Iron Valiant|\n|poke|p2|Toxapex, F|\n|poke|p2|Zapdos|\n|teampreview\n|inactive|I have -106 IQ also wants the timer to be on.\n|c|\u2606Omgitsphill|oh no\n|\n|t:|1700814145\n|start\n|switch|p1a: Hatterene|Hatterene, F|100\/100\n|switch|p2a: Lopunny|Lopunny, F, shiny|100\/100\n|turn|1\n|c|\u2606Omgitsphill|trick room\n|c|\u2606Omgitsphill|;-;\n|j| programofuse\n|\n|t:|1700814151\n|detailschange|p2a: Lopunny|Lopunny-Mega, F, shiny\n|-mega|p2a: Lopunny|Lopunny|Lopunnite\n|move|p2a: Lopunny|Fake Out|p1a: Hatterene\n|-damage|p1a: Hatterene|75\/100\n|cant|p1a: Hatterene|flinch\n|\n|upkeep\n|turn|2\n|\n|t:|1700814163\n|move|p2a: Lopunny|U-turn|p1a: Hatterene\n|-damage|p1a: Hatterene|48\/100\n|\n|t:|1700814166\n|switch|p2a: Blissey|Blissey, F|100\/100|[from] U-turn\n|move|p1a: Hatterene|Trick Room|p1a: Hatterene\n|-fieldstart|move: Trick Room|[of] p1a: Hatterene\n|\n|upkeep\n|turn|3\n|\n|t:|1700814170\n|move|p1a: Hatterene|Healing Wish|p1a: Hatterene\n|faint|p1a: Hatterene\n|move|p2a: Blissey|Seismic Toss|p1: Hatterene|[notarget]\n|-fail|p2a: Blissey\n|\n|upkeep\n|\n|t:|1700814172\n|switch|p1a: Ursaluna|Ursaluna, M|100\/100\n|turn|4\n|\n|t:|1700814179\n|-terastallize|p2a: Blissey|Ghost\n|move|p1a: Ursaluna|Swords Dance|p1a: Ursaluna\n|-boost|p1a: Ursaluna|atk|2\n|move|p2a: Blissey|Teleport|p2a: Blissey\n|j| El Kuerbador\n|\n|t:|1700814194\n|switch|p2a: Zapdos|Zapdos|100\/100|[from] Teleport\n|\n|-status|p1a: Ursaluna|brn|[from] item: Flame Orb\n|upkeep\n|turn|5\n|\n|t:|1700814201\n|move|p1a: Ursaluna|Fire Punch|p2a: Zapdos\n|-damage|p2a: Zapdos|0 fnt\n|faint|p2a: Zapdos\n|\n|-damage|p1a: Ursaluna|94\/100 brn|[from] brn\n|upkeep\n|c|\u2606Omgitsphill|damn\n|c|\u2606Omgitsphill|what do i do\n|\n|t:|1700814217\n|switch|p2a: Lopunny|Lopunny-Mega, F, shiny|100\/100\n|turn|6\n|\n|t:|1700814221\n|switch|p1a: Cresselia|Cresselia, F|100\/100\n|move|p2a: Lopunny|Fake Out|p1a: Cresselia\n|-damage|p1a: Cresselia|87\/100\n|\n|-fieldend|move: Trick Room\n|upkeep\n|turn|7\n|\n|t:|1700814226\n|move|p2a: Lopunny|U-turn|p1a: Cresselia\n|-supereffective|p1a: Cresselia\n|-crit|p1a: Cresselia\n|-damage|p1a: Cresselia|42\/100\n|\n|t:|1700814231\n|switch|p2a: Iron Valiant|Iron Valiant|100\/100|[from] U-turn\n|move|p1a: Cresselia|Trick Room|p1a: Cresselia\n|-fieldstart|move: Trick Room|[of] p1a: Cresselia\n|\n|upkeep\n|turn|8\n|\n|t:|1700814237\n|switch|p1a: Marowak|Marowak-Alola, F|100\/100\n|move|p2a: Iron Valiant|Moonblast|p1a: Marowak\n|-resisted|p1a: Marowak\n|-damage|p1a: Marowak|54\/100\n|\n|upkeep\n|turn|9\n|\n|t:|1700814256\n|-end|p2a: Iron Valiant|Quark Drive|[silent]\n|switch|p2a: Toxapex|Toxapex, F|100\/100\n|move|p1a: Marowak|Flare Blitz|p2a: Toxapex\n|-resisted|p2a: Toxapex\n|-damage|p2a: Toxapex|73\/100\n|\n|upkeep\n|turn|10\n|\n|t:|1700814259\n|move|p1a: Marowak|Poltergeist|p2a: Toxapex\n|-activate|p2a: Toxapex|move: Poltergeist|Heavy-Duty Boots\n|-damage|p2a: Toxapex|16\/100\n|move|p2a: Toxapex|Toxic|p1a: Marowak\n|-status|p1a: Marowak|tox\n|\n|-damage|p1a: Marowak|48\/100 tox|[from] psn\n|upkeep\n|turn|11\n|\n|t:|1700814264\n|move|p1a: Marowak|Flare Blitz|p2a: Toxapex\n|-resisted|p2a: Toxapex\n|-damage|p2a: Toxapex|0 fnt\n|faint|p2a: Toxapex\n|\n|-damage|p1a: Marowak|36\/100 tox|[from] psn\n|-fieldend|move: Trick Room\n|upkeep\n|\n|t:|1700814266\n|switch|p2a: Lopunny|Lopunny-Mega, F, shiny|100\/100\n|turn|12\n|\n|t:|1700814277\n|move|p2a: Lopunny|Fake Out|p1a: Marowak\n|-damage|p1a: Marowak|14\/100 tox\n|cant|p1a: Marowak|flinch\n|\n|-damage|p1a: Marowak|0 fnt|[from] psn\n|faint|p1a: Marowak\n|upkeep\n|\n|t:|1700814278\n|switch|p1a: Cresselia|Cresselia, F|42\/100\n|-heal|p1a: Cresselia|100\/100|[from] move: Healing Wish\n|turn|13\n|\n|t:|1700814284\n|move|p2a: Lopunny|U-turn|p1a: Cresselia\n|-supereffective|p1a: Cresselia\n|-damage|p1a: Cresselia|73\/100\n|\n|t:|1700814287\n|switch|p2a: Gliscor|Gliscor, M|100\/100|[from] U-turn\n|move|p1a: Cresselia|Trick Room|p1a: Cresselia\n|-fieldstart|move: Trick Room|[of] p1a: Cresselia\n|\n|-status|p2a: Gliscor|tox|[from] item: Toxic Orb\n|upkeep\n|turn|14\n|\n|t:|1700814290\n|switch|p1a: Hoopa|Hoopa-Unbound|100\/100\n|move|p2a: Gliscor|Toxic|p1a: Hoopa\n|-status|p1a: Hoopa|tox\n|\n|-damage|p1a: Hoopa|94\/100 tox|[from] psn\n|upkeep\n|turn|15\n|\n|t:|1700814295\n|-zpower|p1a: Hoopa\n|move|p1a: Hoopa|Shattered Psyche|p2a: Gliscor|[zeffect]\n|-damage|p2a: Gliscor|0 fnt\n|faint|p2a: Gliscor\n|\n|-damage|p1a: Hoopa|82\/100 tox|[from] psn\n|upkeep\n|\n|t:|1700814300\n|switch|p2a: Lopunny|Lopunny-Mega, F, shiny|100\/100\n|turn|16\n|\n|t:|1700814302\n|move|p2a: Lopunny|Fake Out|p1a: Hoopa\n|-damage|p1a: Hoopa|51\/100 tox\n|cant|p1a: Hoopa|flinch\n|\n|-damage|p1a: Hoopa|33\/100 tox|[from] psn\n|upkeep\n|turn|17\n|\n|t:|1700814321\n|switch|p2a: Blissey|Blissey, F, tera:Ghost|100\/100\n|move|p1a: Hoopa|Hyperspace Fury|p2a: Blissey\n|-supereffective|p2a: Blissey\n|-damage|p2a: Blissey|12\/100\n|-unboost|p1a: Hoopa|def|1\n|\n|-heal|p2a: Blissey|18\/100|[from] item: Leftovers\n|-damage|p1a: Hoopa|8\/100 tox|[from] psn\n|-fieldend|move: Trick Room\n|upkeep\n|turn|18\n|\n|t:|1700814325\n|move|p1a: Hoopa|Hyperspace Fury|p2a: Blissey\n|-supereffective|p2a: Blissey\n|-damage|p2a: Blissey|0 fnt\n|-unboost|p1a: Hoopa|def|1\n|faint|p2a: Blissey\n|\n|-damage|p1a: Hoopa|0 fnt|[from] psn\n|faint|p1a: Hoopa\n|upkeep\n|\n|t:|1700814340\n|switch|p1a: Porygon2|Porygon2|100\/100\n|switch|p2a: Lopunny|Lopunny-Mega, F, shiny|100\/100\n|-ability|p1a: Porygon2|Scrappy|[from] ability: Trace|[of] p2a: Lopunny\n|turn|19\n|\n|t:|1700814349\n|-terastallize|p1a: Porygon2|Ghost\n|move|p2a: Lopunny|Fake Out|p1a: Porygon2\n|-damage|p1a: Porygon2|85\/100\n|cant|p1a: Porygon2|flinch\n|\n|upkeep\n|turn|20\n|\n|t:|1700814358\n|move|p2a: Lopunny|Triple Axel|p1a: Porygon2\n|-damage|p1a: Porygon2|80\/100\n|-damage|p1a: Porygon2|70\/100\n|-damage|p1a: Porygon2|56\/100\n|-hitcount|p1a: Porygon2|3\n|move|p1a: Porygon2|Trick Room|p1a: Porygon2\n|-fieldstart|move: Trick Room|[of] p1a: Porygon2\n|\n|upkeep\n|turn|21\n|\n|t:|1700814363\n|move|p2a: Lopunny|Close Combat|p1a: Porygon2\n|-damage|p1a: Porygon2|11\/100\n|-unboost|p2a: Lopunny|def|1\n|-unboost|p2a: Lopunny|spd|1\n|move|p1a: Porygon2|Teleport|p1a: Porygon2\n|\n|t:|1700814365\n|switch|p1a: Ursaluna|Ursaluna, M|94\/100 brn|[from] Teleport\n|\n|-damage|p1a: Ursaluna|88\/100 brn|[from] brn\n|upkeep\n|turn|22\n|c|\u2606Omgitsphill|bro\n|c|\u2606Omgitsphill|;-;\n|\n|t:|1700814376\n|switch|p2a: Iron Valiant|Iron Valiant|100\/100\n|move|p1a: Ursaluna|Facade|p2a: Iron Valiant\n|-damage|p2a: Iron Valiant|0 fnt\n|faint|p2a: Iron Valiant\n|-end|p2a: Iron Valiant|Quark Drive|[silent]\n|\n|-damage|p1a: Ursaluna|82\/100 brn|[from] brn\n|upkeep\n|\n|t:|1700814378\n|switch|p2a: Lopunny|Lopunny-Mega, F, shiny|100\/100\n|turn|23\n|\n|t:|1700814380\n|move|p2a: Lopunny|Fake Out|p1a: Ursaluna\n|-damage|p1a: Ursaluna|68\/100 brn\n|cant|p1a: Ursaluna|flinch\n|\n|-damage|p1a: Ursaluna|62\/100 brn|[from] brn\n|upkeep\n|turn|24\n|\n|t:|1700814385\n|move|p1a: Ursaluna|Facade|p2a: Lopunny\n|-damage|p2a: Lopunny|0 fnt\n|faint|p2a: Lopunny\n|\n|win|I have -106 IQ\n|n|\u2606I have -106 IQ|ihave106iq\n|n|\u2606Omgitsphill|omgitsphill\n|n| programofuse|programofuse\n|n| El Kuerbador|elkuerbador\n","uploadtime":1700814386,"views":4,"p1id":"ihave106iq","p2id":"omgitsphill","formatid":"gen9nationaldex","rating":0,"private":0,"password":""}