{"id":"gen9nationaldex-1988143331","p1":"steals many wives","p2":"Randal RYFU","format":"[Gen 9] National Dex","log":"|j|\u2606steals many wives\n|j|\u2606Randal RYFU\n|t:|1699675050\n|gametype|singles\n|player|p1|steals many wives|waitress|1068\n|player|p2|Randal RYFU|darach-caitlin|1000\n|teamsize|p1|6\n|teamsize|p2|6\n|gen|9\n|tier|[Gen 9] National Dex\n|rated|\n|rule|HP Percentage Mod: HP is shown in percentages\n|rule|Endless Battle Clause: Forcing endless battles is banned\n|rule|OHKO Clause: OHKO moves are banned\n|rule|Evasion Clause: Evasion abilities, items, and moves are banned\n|rule|Evasion Abilities Clause: Evasion abilities are banned\n|rule|Evasion Items Clause: Evasion items are banned\n|rule|Evasion Moves Clause: Evasion moves are banned\n|rule|Species Clause: Limit one of each Pok\u00e9mon\n|rule|Sleep Clause Mod: Limit one foe put to sleep\n|clearpoke\n|poke|p1|Torterra, F|\n|poke|p1|Excadrill, M|\n|poke|p1|Clodsire, M|\n|poke|p1|Gastrodon, F|\n|poke|p1|Mudsdale, F|\n|poke|p1|Camerupt, M|\n|poke|p2|Sylveon, F|\n|poke|p2|Scizor, M|\n|poke|p2|Lopunny, F|\n|poke|p2|Pikachu, M|\n|poke|p2|Gastrodon, M|\n|poke|p2|Mimikyu, F|\n|teampreview\n|\n|t:|1699675054\n|start\n|switch|p1a: Vesuvius|Camerupt, M|100\/100\n|switch|p2a: Pikachu|Pikachu, M|100\/100\n|turn|1\n|inactive|Battle timer is ON: inactive players will automatically lose when time's up. (requested by Randal RYFU)\n|\n|t:|1699675063\n|detailschange|p1a: Vesuvius|Camerupt-Mega, M\n|-mega|p1a: Vesuvius|Camerupt|Cameruptite\n|move|p2a: Pikachu|Surf|p1a: Vesuvius\n|-supereffective|p1a: Vesuvius\n|-damage|p1a: Vesuvius|0 fnt\n|faint|p1a: Vesuvius\n|\n|upkeep\n|\n|t:|1699675073\n|switch|p1a: Thicc|Mudsdale, F|100\/100\n|turn|2\n|\n|t:|1699675077\n|switch|p1a: The Slimy One|Gastrodon, F|100\/100\n|move|p2a: Pikachu|Surf|p1a: The Slimy One\n|-ability|p1a: The Slimy One|Storm Drain|boost\n|-boost|p1a: The Slimy One|spa|1\n|\n|upkeep\n|turn|3\n|\n|t:|1699675087\n|switch|p2a: Mimikyu|Mimikyu, F|100\/100\n|move|p1a: The Slimy One|Yawn|p2a: Mimikyu\n|-start|p2a: Mimikyu|move: Yawn|[of] p1a: The Slimy One\n|\n|upkeep\n|turn|4\n|\n|t:|1699675102\n|move|p2a: Mimikyu|Swords Dance|p2a: Mimikyu\n|-boost|p2a: Mimikyu|atk|2\n|move|p1a: The Slimy One|Scald|p2a: Mimikyu\n|-activate|p2a: Mimikyu|ability: Disguise\n|-damage|p2a: Mimikyu|100\/100\n|detailschange|p2a: Mimikyu|Mimikyu-Busted, F\n|-damage|p2a: Mimikyu|88\/100|[from] pokemon: Mimikyu-Busted\n|-enditem|p2a: Mimikyu|Red Card|[of] p1a: The Slimy One\n|drag|p1a: Drilliam Wallace|Excadrill, M|100\/100\n|-ability|p1a: Drilliam Wallace|Mold Breaker\n|\n|-end|p2a: Mimikyu|move: Yawn|[silent]\n|-status|p2a: Mimikyu|slp\n|upkeep\n|turn|5\n|\n|t:|1699675116\n|cant|p2a: Mimikyu|slp\n|move|p1a: Drilliam Wallace|Iron Head|p2a: Mimikyu\n|-supereffective|p2a: Mimikyu\n|-damage|p2a: Mimikyu|0 fnt\n|faint|p2a: Mimikyu\n|\n|upkeep\n|\n|t:|1699675123\n|switch|p2a: Lopunny|Lopunny, F|100\/100\n|turn|6\n|\n|t:|1699675129\n|switch|p1a: Thicc|Mudsdale, F|100\/100\n|detailschange|p2a: Lopunny|Lopunny-Mega, F\n|-mega|p2a: Lopunny|Lopunny|Lopunnite\n|move|p2a: Lopunny|Fake Out|p1a: Thicc\n|-damage|p1a: Thicc|89\/100\n|-ability|p1a: Thicc|Stamina|boost\n|-boost|p1a: Thicc|def|1\n|\n|-heal|p1a: Thicc|95\/100|[from] item: Leftovers\n|upkeep\n|turn|7\n|\n|t:|1699675141\n|move|p2a: Lopunny|U-turn|p1a: Thicc\n|-damage|p1a: Thicc|86\/100\n|-ability|p1a: Thicc|Stamina|boost\n|-boost|p1a: Thicc|def|1\n|\n|t:|1699675148\n|switch|p2a: Pikachu|Pikachu, M|100\/100|[from] U-turn\n|move|p1a: Thicc|Body Press|p2a: Pikachu\n|-damage|p2a: Pikachu|0 fnt\n|faint|p2a: Pikachu\n|\n|-heal|p1a: Thicc|92\/100|[from] item: Leftovers\n|upkeep\n|\n|t:|1699675154\n|switch|p2a: Scizor|Scizor, M|100\/100\n|turn|8\n|\n|t:|1699675161\n|move|p2a: Scizor|Acrobatics|p1a: Thicc\n|-damage|p1a: Thicc|79\/100\n|-ability|p1a: Thicc|Stamina|boost\n|-boost|p1a: Thicc|def|1\n|move|p1a: Thicc|Body Press|p2a: Scizor\n|-damage|p2a: Scizor|35\/100\n|\n|-heal|p1a: Thicc|85\/100|[from] item: Leftovers\n|upkeep\n|turn|9\n|-message|Randal RYFU forfeited.\n|\n|win|steals many wives\n|raw|steals many wives's rating: 1068 &rarr; <strong>1092<\/strong><br \/>(+24 for winning)\n|raw|Randal RYFU's rating: 1000 &rarr; <strong>1000<\/strong><br \/>(+0 for losing)\n|l|\u2606Randal RYFU\n","uploadtime":1699675172,"views":15,"p1id":"stealsmanywives","p2id":"randalryfu","formatid":"gen9nationaldex","rating":1000,"private":0,"password":""}