{"id":"gen9nationaldex-1989853871","p1":"AjoFC","p2":"Sai4rr","format":"[Gen 9] National Dex","log":"|j|\u2606AjoFC\n|j|\u2606Sai4rr\n|t:|1699901234\n|gametype|singles\n|player|p1|AjoFC|juggler|\n|player|p2|Sai4rr|elesa|\n|teamsize|p1|6\n|teamsize|p2|6\n|gen|9\n|tier|[Gen 9] National Dex\n|rule|HP Percentage Mod: HP is shown in percentages\n|rule|Endless Battle Clause: Forcing endless battles is banned\n|rule|OHKO Clause: OHKO moves are banned\n|rule|Evasion Clause: Evasion abilities, items, and moves are banned\n|rule|Evasion Abilities Clause: Evasion abilities are banned\n|rule|Evasion Items Clause: Evasion items are banned\n|rule|Evasion Moves Clause: Evasion moves are banned\n|rule|Species Clause: Limit one of each Pok\u00e9mon\n|rule|Sleep Clause Mod: Limit one foe put to sleep\n|clearpoke\n|poke|p1|Maushold-Four|\n|poke|p1|Lopunny, F|\n|poke|p1|Ditto|\n|poke|p1|Porygon-Z|\n|poke|p1|Zoroark-Hisui, M|\n|poke|p1|Dondozo, M|\n|poke|p2|Corviknight, M|\n|poke|p2|Corsola-Galar, M|\n|poke|p2|Garganacl, F|\n|poke|p2|Cinderace, F|\n|poke|p2|Sneasler, F|\n|poke|p2|Clodsire, M|\n|teampreview\n|inactive|Battle timer is ON: inactive players will automatically lose when time's up. (requested by AjoFC)\n|j| Sylveon(404)\n|c|\u2606Sai4rr|Ahora s\u00ed\n|\n|t:|1699901254\n|start\n|switch|p1a: SOY TU XD|Ditto|100\/100\n|switch|p2a: La Veneno|Sneasler, F, shiny|100\/100\n|-transform|p1a: SOY TU XD|p2a: La Veneno|[from] ability: Imposter\n|turn|1\n|c| Sylveon(404)|spamton carry\n|\n|t:|1699901277\n|move|p1a: SOY TU XD|Swords Dance|p1a: SOY TU XD\n|-boost|p1a: SOY TU XD|atk|2\n|move|p2a: La Veneno|Swords Dance|p2a: La Veneno\n|-boost|p2a: La Veneno|atk|2\n|\n|upkeep\n|turn|2\n|j| Void280\n|\n|t:|1699901295\n|-terastallize|p2a: La Veneno|Ground\n|move|p1a: SOY TU XD|Swords Dance|p1a: SOY TU XD\n|-boost|p1a: SOY TU XD|atk|2\n|move|p2a: La Veneno|Close Combat|p1a: SOY TU XD\n|-resisted|p1a: SOY TU XD\n|-enditem|p1a: SOY TU XD|Focus Sash\n|-damage|p1a: SOY TU XD|1\/100\n|-unboost|p2a: La Veneno|def|1\n|-unboost|p2a: La Veneno|spd|1\n|\n|upkeep\n|turn|3\n|inactive|Sai4rr has 270 seconds left.\n|\n|t:|1699901311\n|move|p1a: SOY TU XD|Close Combat|p2a: La Veneno\n|-damage|p2a: La Veneno|0 fnt\n|-unboost|p1a: SOY TU XD|def|1\n|-unboost|p1a: SOY TU XD|spd|1\n|faint|p2a: La Veneno\n|\n|upkeep\n|inactive|Sai4rr has 270 seconds left.\n|\n|t:|1699901319\n|switch|p2a: Lola|Cinderace, F|100\/100\n|turn|4\n|c| Sylveon(404)|AJO\n|\n|t:|1699901329\n|move|p2a: Lola|Sucker Punch||[still]\n|-fail|p2a: Lola\n|move|p1a: SOY TU XD|Swords Dance|p1a: SOY TU XD\n|-boost|p1a: SOY TU XD|atk|2\n|\n|upkeep\n|turn|5\n|j| WSoldat\n|c| Sylveon(404)|ese cinde\n|c| Sylveon(404)|es mov z\n|\n|t:|1699901338\n|move|p2a: Lola|Sucker Punch|p1a: SOY TU XD\n|-start|p2a: Lola|typechange|Dark|[from] ability: Libero\n|-resisted|p1a: SOY TU XD\n|-damage|p1a: SOY TU XD|0 fnt\n|faint|p1a: SOY TU XD\n|\n|upkeep\n|\n|t:|1699901355\n|switch|p1a: Harvest|Maushold-Four|100\/100\n|turn|6\n|c| Sylveon(404)|vpid\n|c| Sylveon(404)|*void\n|\n|t:|1699901362\n|move|p2a: Lola|Swords Dance|p2a: Lola\n|-boost|p2a: Lola|atk|2\n|move|p1a: Harvest|Nasty Plot|p1a: Harvest\n|-boost|p1a: Harvest|spa|2\n|\n|upkeep\n|turn|7\n|c| Sylveon(404)|desde cuando estas aca XD?\n|\n|t:|1699901373\n|move|p2a: Lola|Sucker Punch|p1a: Harvest\n|-supereffective|p1a: Harvest\n|-enditem|p1a: Harvest|Focus Sash\n|-damage|p1a: Harvest|1\/100\n|replace|p1a: MONDONGO|Zoroark-Hisui, M\n|-end|p1a: MONDONGO|Illusion\n|move|p1a: MONDONGO|Flamethrower|p2a: Lola\n|-damage|p2a: Lola|15\/100\n|\n|upkeep\n|turn|8\n|c| Void280|Hace 5 turnos\u00bf\n|c| Sylveon(404)|waos\n|\n|t:|1699901391\n|move|p2a: Lola|Pyro Ball|p1a: MONDONGO\n|-damage|p1a: MONDONGO|0 fnt\n|faint|p1a: MONDONGO\n|\n|upkeep\n|\n|t:|1699901411\n|switch|p1a: OwO|Lopunny, F|100\/100\n|turn|9\n|c| WSoldat|Opa\n|\n|t:|1699901421\n|detailschange|p1a: OwO|Lopunny-Mega, F\n|-mega|p1a: OwO|Lopunny|Lopunnite\n|move|p1a: OwO|Fake Out|p2a: Lola\n|-damage|p2a: Lola|0 fnt\n|faint|p2a: Lola\n|\n|upkeep\n|c| Sylveon(404)|bih chotas gana\n|c| Sylveon(404)|*big\n|\n|t:|1699901441\n|switch|p2a: Kouga|Clodsire, M|100\/100\n|turn|10\n|c| Void280|Sai no tendr\u00eda 3 stalls=\n|c| Void280|?*\n|c| Sylveon(404)|el corsola\n|c| Sylveon(404)|es tanke\n|\n|t:|1699901468\n|move|p1a: OwO|Ice Punch|p2a: Kouga\n|-supereffective|p2a: Kouga\n|-damage|p2a: Kouga|39\/100\n|move|p2a: Kouga|Yawn|p1a: OwO\n|-start|p1a: OwO|move: Yawn|[of] p2a: Kouga\n|\n|-heal|p2a: Kouga|45\/100|[from] item: Leftovers\n|upkeep\n|turn|11\n|\n|t:|1699901481\n|switch|p2a: Garganta|Garganacl, F|100\/100\n|move|p1a: OwO|Ice Punch|p2a: Garganta\n|-damage|p2a: Garganta|81\/100\n|\n|-heal|p2a: Garganta|87\/100|[from] item: Leftovers\n|-end|p1a: OwO|move: Yawn|[silent]\n|-status|p1a: OwO|slp\n|upkeep\n|turn|12\n|\n|t:|1699901496\n|cant|p1a: OwO|slp\n|move|p2a: Garganta|Salt Cure|p1a: OwO\n|-resisted|p1a: OwO\n|-damage|p1a: OwO|91\/100 slp\n|-start|p1a: OwO|Salt Cure\n|\n|-heal|p2a: Garganta|93\/100|[from] item: Leftovers\n|-damage|p1a: OwO|79\/100 slp|[from] Salt Cure\n|upkeep\n|turn|13\n|\n|t:|1699901509\n|cant|p1a: OwO|slp\n|move|p2a: Garganta|Iron Defense|p2a: Garganta\n|-boost|p2a: Garganta|def|2\n|\n|-heal|p2a: Garganta|99\/100|[from] item: Leftovers\n|-damage|p1a: OwO|67\/100 slp|[from] Salt Cure\n|upkeep\n|turn|14\n|\n|t:|1699901520\n|switch|p1a: Harvest|Maushold-Four|100\/100\n|switch|p2a: Kouga|Clodsire, M|45\/100\n|\n|-heal|p2a: Kouga|51\/100|[from] item: Leftovers\n|upkeep\n|turn|15\n|\n|t:|1699901533\n|move|p1a: Harvest|Population Bomb|p2a: Kouga\n|-damage|p2a: Kouga|40\/100\n|-damage|p2a: Kouga|28\/100\n|-damage|p2a: Kouga|16\/100\n|-damage|p2a: Kouga|5\/100\n|-damage|p2a: Kouga|0 fnt\n|faint|p2a: Kouga\n|-hitcount|p2: Kouga|5\n|\n|upkeep\n|c| Sylveon(404)|harvest carry\n|\n|t:|1699901550\n|switch|p2a: Rita|Corsola-Galar, M, shiny|100\/100\n|turn|16\n|c|\u2606Sai4rr|Pobre kouga\n|\n|t:|1699901559\n|move|p1a: Harvest|Bite|p2a: Rita\n|-supereffective|p2a: Rita\n|-damage|p2a: Rita|70\/100\n|move|p2a: Rita|Strength Sap|p1a: Harvest\n|-unboost|p1a: Harvest|atk|1\n|-heal|p2a: Rita|100\/100\n|\n|upkeep\n|turn|17\n|\n|t:|1699901570\n|move|p1a: Harvest|Encore|p2a: Rita\n|-start|p2a: Rita|Encore\n|move|p2a: Rita|Strength Sap|p1a: Harvest\n|-unboost|p1a: Harvest|atk|1\n|\n|upkeep\n|turn|18\n|\n|t:|1699901577\n|switch|p1a: Spamton|Porygon-Z|100\/100\n|move|p2a: Rita|Strength Sap|p1a: Spamton\n|-unboost|p1a: Spamton|atk|1\n|\n|upkeep\n|turn|19\n|\n|t:|1699901586\n|-zpower|p1a: Spamton\n|move|p1a: Spamton|Z-Conversion|p1a: Spamton|[anim]Conversion\n|-boost|p1a: Spamton|atk|1|[zeffect]\n|-boost|p1a: Spamton|def|1|[zeffect]\n|-boost|p1a: Spamton|spa|1|[zeffect]\n|-boost|p1a: Spamton|spd|1|[zeffect]\n|-boost|p1a: Spamton|spe|1|[zeffect]\n|-start|p1a: Spamton|typechange|Electric\n|move|p2a: Rita|Strength Sap|p1a: Spamton\n|-unboost|p1a: Spamton|atk|1\n|\n|-end|p2a: Rita|Encore\n|upkeep\n|turn|20\n|c| Sylveon(404)|ggs\n|\n|t:|1699901601\n|move|p1a: Spamton|Discharge|p2a: Rita\n|-damage|p2a: Rita|57\/100\n|move|p2a: Rita|Earthquake|p1a: Spamton\n|-supereffective|p1a: Spamton\n|-damage|p1a: Spamton|72\/100\n|\n|upkeep\n|turn|21\n|c| Void280|Porygon Z no aprende Stored Power \u00bfno?\n|c| Sylveon(404)|no\n|\n|t:|1699901617\n|move|p1a: Spamton|Discharge|p2a: Rita\n|-damage|p2a: Rita|11\/100\n|move|p2a: Rita|Strength Sap|p1a: Spamton\n|-unboost|p1a: Spamton|atk|1\n|-heal|p2a: Rita|41\/100\n|\n|upkeep\n|turn|22\n|\n|t:|1699901633\n|move|p1a: Spamton|Discharge|p2a: Rita\n|-damage|p2a: Rita|0 fnt\n|faint|p2a: Rita\n|\n|upkeep\n|c| Void280|Supongo que tampoco Power Trip, le vendr\u00eda bien si no\n|c|\u2606Sai4rr|\ud83d\ude2d\ud83d\ude2d\ud83d\ude2d\ud83d\ude2d\n|\n|t:|1699901647\n|switch|p2a: Garganta|Garganacl, F|99\/100\n|turn|23\n|\n|t:|1699901654\n|move|p1a: Spamton|Discharge|p2a: Garganta\n|-damage|p2a: Garganta|48\/100\n|move|p2a: Garganta|Recover|p2a: Garganta\n|-heal|p2a: Garganta|98\/100\n|\n|-heal|p2a: Garganta|100\/100|[from] item: Leftovers\n|upkeep\n|turn|24\n|\n|t:|1699901673\n|move|p1a: Spamton|Discharge|p2a: Garganta\n|-damage|p2a: Garganta|40\/100\n|move|p2a: Garganta|Salt Cure|p1a: Spamton\n|-damage|p1a: Spamton|59\/100\n|-start|p1a: Spamton|Salt Cure\n|\n|-heal|p2a: Garganta|46\/100|[from] item: Leftovers\n|-damage|p1a: Spamton|46\/100|[from] Salt Cure\n|upkeep\n|turn|25\n|inactive|Sai4rr has 270 seconds left.\n|c| Void280|Acepta la f Sai\n|\n|t:|1699901701\n|switch|p2a: Pepito|Corviknight, M, shiny|100\/100\n|-ability|p2a: Pepito|Pressure\n|move|p1a: Spamton|Discharge|p2a: Pepito\n|-supereffective|p2a: Pepito\n|-damage|p2a: Pepito|0 fnt\n|faint|p2a: Pepito\n|\n|-damage|p1a: Spamton|34\/100|[from] Salt Cure\n|upkeep\n|\n|t:|1699901712\n|switch|p2a: Garganta|Garganacl, F|46\/100\n|turn|26\n|\n|t:|1699901716\n|move|p1a: Spamton|Discharge|p2a: Garganta\n|-damage|p2a: Garganta|0 fnt\n|faint|p2a: Garganta\n|\n|win|AjoFC\n|c|\u2606AjoFC|GG\n","uploadtime":1699901724,"views":5,"p1id":"ajofc","p2id":"sai4rr","formatid":"gen9nationaldex","rating":0,"private":0,"password":""}