{"id":"gen9nationaldex-1992368003","p1":"KingoftheTitans","p2":"Oliotus","format":"[Gen 9] National Dex","log":"|j|\u2606KingoftheTitans\n|j|\u2606Oliotus\n|t:|1700179482\n|gametype|singles\n|player|p1|KingoftheTitans|2|1383\n|player|p2|Oliotus|169|1423\n|teamsize|p1|6\n|teamsize|p2|6\n|gen|9\n|tier|[Gen 9] National Dex\n|rated|\n|rule|HP Percentage Mod: HP is shown in percentages\n|rule|Endless Battle Clause: Forcing endless battles is banned\n|rule|OHKO Clause: OHKO moves are banned\n|rule|Evasion Clause: Evasion abilities, items, and moves are banned\n|rule|Evasion Abilities Clause: Evasion abilities are banned\n|rule|Evasion Items Clause: Evasion items are banned\n|rule|Evasion Moves Clause: Evasion moves are banned\n|rule|Species Clause: Limit one of each Pok\u00e9mon\n|rule|Sleep Clause Mod: Limit one foe put to sleep\n|clearpoke\n|poke|p1|Glalie, M|\n|poke|p1|Blacephalon|\n|poke|p1|Registeel|\n|poke|p1|Glimmora, M|\n|poke|p1|Electrode-Hisui|\n|poke|p1|Typhlosion-Hisui, M|\n|poke|p2|Clefable, F|\n|poke|p2|Glimmora, F|\n|poke|p2|Tapu Koko|\n|poke|p2|Ferrothorn, F|\n|poke|p2|Dragonite, F|\n|poke|p2|Greninja-*, M|\n|teampreview\n|\n|t:|1700179494\n|start\n|switch|p1a: Electrode|Electrode-Hisui|100\/100\n|switch|p2a: Glimmora|Glimmora, F|100\/100\n|turn|1\n|\n|t:|1700179499\n|move|p1a: Electrode|Taunt|p2a: Glimmora\n|-start|p2a: Glimmora|move: Taunt\n|move|p2a: Glimmora|Mortal Spin|p1a: Electrode\n|-supereffective|p1a: Electrode\n|-damage|p1a: Electrode|75\/100\n|-status|p1a: Electrode|psn\n|\n|-damage|p1a: Electrode|63\/100 psn|[from] psn\n|upkeep\n|turn|2\n|j| LordGimmickIII\n|\n|t:|1700179507\n|move|p1a: Electrode|Thunderbolt|p2a: Glimmora\n|-damage|p2a: Glimmora|52\/100\n|-damage|p1a: Electrode|53\/100 psn|[from] item: Life Orb\n|move|p2a: Glimmora|Mortal Spin|p1a: Electrode\n|-supereffective|p1a: Electrode\n|-damage|p1a: Electrode|32\/100 psn\n|\n|-damage|p1a: Electrode|19\/100 psn|[from] psn\n|upkeep\n|turn|3\n|\n|t:|1700179517\n|move|p1a: Electrode|Chloroblast|p2a: Glimmora\n|-damage|p2a: Glimmora|0 fnt\n|faint|p2a: Glimmora\n|-damage|p1a: Electrode|0 fnt|[from] Recoil\n|faint|p1a: Electrode\n|\n|upkeep\n|\n|t:|1700179524\n|switch|p1a: Glimmora|Glimmora, M|100\/100\n|switch|p2a: Ferrothorn|Ferrothorn, F|100\/100\n|turn|4\n|\n|t:|1700179536\n|switch|p1a: Typhlosion|Typhlosion-Hisui, M|100\/100\n|move|p2a: Ferrothorn|Leech Seed|p1a: Typhlosion\n|-start|p1a: Typhlosion|move: Leech Seed\n|\n|-damage|p1a: Typhlosion|88\/100|[from] Leech Seed|[of] p2a: Ferrothorn\n|upkeep\n|turn|5\n|\n|t:|1700179543\n|switch|p1a: Blacephalon|Blacephalon|100\/100\n|move|p2a: Ferrothorn|Protect||[still]\n|-fail|p2a: Ferrothorn\n|\n|upkeep\n|turn|6\n|\n|t:|1700179549\n|-terastallize|p2a: Ferrothorn|Flying\n|move|p1a: Blacephalon|Trick|p2a: Ferrothorn\n|-activate|p1a: Blacephalon|move: Trick|[of] p2a: Ferrothorn\n|-item|p2a: Ferrothorn|Choice Scarf|[from] move: Trick\n|-item|p1a: Blacephalon|Rocky Helmet|[from] move: Trick\n|move|p2a: Ferrothorn|Leech Seed|p1a: Blacephalon\n|-start|p1a: Blacephalon|move: Leech Seed\n|\n|-damage|p1a: Blacephalon|88\/100|[from] Leech Seed|[of] p2a: Ferrothorn\n|upkeep\n|turn|7\n|\n|t:|1700179563\n|move|p1a: Blacephalon|Mind Blown|p2a: Ferrothorn\n|-damage|p2a: Ferrothorn|27\/100\n|-damage|p1a: Blacephalon|38\/100|[from] mindblown\n|move|p2a: Ferrothorn|Leech Seed||[still]\n|-fail|p2a: Ferrothorn\n|\n|-damage|p1a: Blacephalon|26\/100|[from] Leech Seed|[of] p2a: Ferrothorn\n|-heal|p2a: Ferrothorn|36\/100|[silent]\n|upkeep\n|turn|8\n|\n|t:|1700179571\n|move|p1a: Blacephalon|Shadow Ball|p2a: Ferrothorn\n|-damage|p2a: Ferrothorn|0 fnt\n|faint|p2a: Ferrothorn\n|-ability|p1a: Blacephalon|Beast Boost|boost\n|-boost|p1a: Blacephalon|spa|1\n|\n|upkeep\n|\n|t:|1700179578\n|switch|p2a: Tapu Koko|Tapu Koko|100\/100\n|-fieldstart|move: Electric Terrain|[from] ability: Electric Surge|[of] p2a: Tapu Koko\n|-item|p2a: Tapu Koko|Air Balloon\n|turn|9\n|\n|t:|1700179582\n|move|p2a: Tapu Koko|Volt Switch|p1a: Blacephalon\n|-damage|p1a: Blacephalon|0 fnt\n|faint|p1a: Blacephalon\n|\n|t:|1700179588\n|switch|p2a: Dragonite|Dragonite, F|100\/100|[from] Volt Switch\n|\n|upkeep\n|\n|t:|1700179594\n|switch|p1a: Glimmora|Glimmora, M|100\/100\n|turn|10\n|\n|t:|1700179602\n|switch|p2a: Greninja|Greninja, M|100\/100\n|move|p1a: Glimmora|Mortal Spin|p2a: Greninja\n|-damage|p2a: Greninja|88\/100\n|-status|p2a: Greninja|psn\n|\n|-damage|p2a: Greninja|75\/100 psn|[from] psn\n|upkeep\n|turn|11\n|\n|t:|1700179610\n|switch|p1a: Registeel|Registeel|100\/100\n|move|p2a: Greninja|Liquidation|p1a: Registeel\n|-damage|p1a: Registeel|77\/100\n|-damage|p2a: Greninja|65\/100 psn|[from] item: Life Orb\n|\n|-heal|p1a: Registeel|83\/100|[from] item: Leftovers\n|-damage|p2a: Greninja|53\/100 psn|[from] psn\n|upkeep\n|turn|12\n|\n|t:|1700179619\n|move|p2a: Greninja|Brick Break|p1a: Registeel\n|-supereffective|p1a: Registeel\n|-crit|p1a: Registeel\n|-damage|p1a: Registeel|41\/100\n|-damage|p2a: Greninja|43\/100 psn|[from] item: Life Orb\n|move|p1a: Registeel|Iron Defense|p1a: Registeel\n|-boost|p1a: Registeel|def|2\n|\n|-heal|p1a: Registeel|47\/100|[from] item: Leftovers\n|-damage|p2a: Greninja|31\/100 psn|[from] psn\n|upkeep\n|turn|13\n|\n|t:|1700179628\n|move|p2a: Greninja|Brick Break|p1a: Registeel\n|-supereffective|p1a: Registeel\n|-damage|p1a: Registeel|34\/100\n|-damage|p2a: Greninja|21\/100 psn|[from] item: Life Orb\n|move|p1a: Registeel|Body Press|p2a: Greninja\n|-supereffective|p2a: Greninja\n|-damage|p2a: Greninja|0 fnt\n|faint|p2a: Greninja\n|\n|-heal|p1a: Registeel|40\/100|[from] item: Leftovers\n|-fieldend|move: Electric Terrain\n|upkeep\n|\n|t:|1700179638\n|switch|p2a: Dragonite|Dragonite, F|100\/100\n|turn|14\n|\n|t:|1700179642\n|move|p2a: Dragonite|Earthquake|p1a: Registeel\n|-supereffective|p1a: Registeel\n|-damage|p1a: Registeel|12\/100\n|move|p1a: Registeel|Explosion|p2a: Dragonite\n|-damage|p2a: Dragonite|65\/100\n|faint|p1a: Registeel\n|\n|upkeep\n|\n|t:|1700179649\n|switch|p1a: Glalie|Glalie, M|100\/100\n|turn|15\n|\n|t:|1700179653\n|detailschange|p1a: Glalie|Glalie-Mega, M\n|-mega|p1a: Glalie|Glalie|Glalitite\n|move|p2a: Dragonite|Extreme Speed|p1a: Glalie\n|-damage|p1a: Glalie|57\/100\n|move|p1a: Glalie|Body Slam|p2a: Dragonite\n|-supereffective|p2a: Dragonite\n|-crit|p2a: Dragonite\n|-damage|p2a: Dragonite|0 fnt\n|faint|p2a: Dragonite\n|\n|upkeep\n|\n|t:|1700179662\n|switch|p2a: Tapu Koko|Tapu Koko|100\/100\n|-fieldstart|move: Electric Terrain|[from] ability: Electric Surge|[of] p2a: Tapu Koko\n|-item|p2a: Tapu Koko|Air Balloon\n|turn|16\n|\n|t:|1700179668\n|switch|p1a: Typhlosion|Typhlosion-Hisui, M|88\/100\n|move|p2a: Tapu Koko|Volt Switch|p1a: Typhlosion\n|-crit|p1a: Typhlosion\n|-damage|p1a: Typhlosion|28\/100\n|\n|t:|1700179674\n|switch|p2a: Clefable|Clefable, F|100\/100|[from] Volt Switch\n|\n|upkeep\n|turn|17\n|\n|t:|1700179677\n|move|p1a: Typhlosion|Fire Blast|p2a: Clefable\n|-damage|p2a: Clefable|23\/100\n|move|p2a: Clefable|Cosmic Power|p2a: Clefable\n|-boost|p2a: Clefable|def|1\n|-boost|p2a: Clefable|spd|1\n|\n|-heal|p2a: Clefable|29\/100|[from] item: Leftovers\n|upkeep\n|turn|18\n|\n|t:|1700179685\n|move|p1a: Typhlosion|Fire Blast|p2a: Clefable\n|-damage|p2a: Clefable|0 fnt\n|faint|p2a: Clefable\n|\n|upkeep\n|\n|t:|1700179687\n|switch|p2a: Tapu Koko|Tapu Koko|100\/100\n|-item|p2a: Tapu Koko|Air Balloon\n|turn|19\n|\n|t:|1700179709\n|move|p1a: Typhlosion|Fire Blast|p2a: Tapu Koko\n|-damage|p2a: Tapu Koko|0 fnt\n|-enditem|p2a: Tapu Koko|Air Balloon\n|faint|p2a: Tapu Koko\n|\n|win|KingoftheTitans\n|raw|KingoftheTitans's rating: 1383 &rarr; <strong>1405<\/strong><br \/>(+22 for winning)\n|raw|Oliotus's rating: 1423 &rarr; <strong>1401<\/strong><br \/>(-22 for losing)\n|c|\u2606KingoftheTitans|gg\n","uploadtime":1700179716,"views":11,"p1id":"kingofthetitans","p2id":"oliotus","formatid":"gen9nationaldex","rating":1401,"private":0,"password":""}