{"id":"gen9nationaldex-1989982388","p1":"Ninjasloth2000","p2":"Sly Killdex 2","format":"[Gen 9] National Dex","log":"|j|\u2606Ninjasloth2000\n|j|\u2606Sly Killdex 2\n|t:|1699912383\n|gametype|singles\n|player|p1|Ninjasloth2000|265|1047\n|player|p2|Sly Killdex 2|volkner|1043\n|teamsize|p1|6\n|teamsize|p2|6\n|gen|9\n|tier|[Gen 9] National Dex\n|rated|\n|rule|HP Percentage Mod: HP is shown in percentages\n|rule|Endless Battle Clause: Forcing endless battles is banned\n|rule|OHKO Clause: OHKO moves are banned\n|rule|Evasion Clause: Evasion abilities, items, and moves are banned\n|rule|Evasion Abilities Clause: Evasion abilities are banned\n|rule|Evasion Items Clause: Evasion items are banned\n|rule|Evasion Moves Clause: Evasion moves are banned\n|rule|Species Clause: Limit one of each Pok\u00e9mon\n|rule|Sleep Clause Mod: Limit one foe put to sleep\n|clearpoke\n|poke|p1|Sceptile, M|\n|poke|p1|Cloyster, M|\n|poke|p1|Kleavor, F|\n|poke|p1|Clodsire, M|\n|poke|p1|Bisharp, M|\n|poke|p1|Rotom|\n|poke|p2|Silvally-*|\n|poke|p2|Rockruff, F|\n|poke|p2|Oricorio-Pom-Pom, F|\n|poke|p2|Grubbin, F|\n|poke|p2|Toucannon, M|\n|poke|p2|Primarina, F|\n|teampreview\n|\n|t:|1699912416\n|start\n|switch|p1a: Sceptile|Sceptile, M, shiny|100\/100\n|switch|p2a: Rockruff|Rockruff, F|100\/100\n|turn|1\n|\n|t:|1699912426\n|move|p1a: Sceptile|Leaf Storm|p2a: Rockruff\n|-supereffective|p2a: Rockruff\n|-enditem|p2a: Rockruff|Focus Sash\n|-damage|p2a: Rockruff|1\/100\n|-unboost|p1a: Sceptile|spa|2\n|move|p2a: Rockruff|Endeavor|p1a: Sceptile\n|-damage|p1a: Sceptile|1\/100\n|\n|upkeep\n|turn|2\n|\n|t:|1699912437\n|move|p2a: Rockruff|Sucker Punch|p1a: Sceptile\n|-damage|p1a: Sceptile|0 fnt\n|faint|p1a: Sceptile\n|\n|upkeep\n|\n|t:|1699912447\n|switch|p1a: Cloyster|Cloyster, M, shiny|100\/100\n|turn|3\n|\n|t:|1699912453\n|move|p2a: Rockruff|Endeavor|p1a: Cloyster\n|-damage|p1a: Cloyster|1\/100\n|move|p1a: Cloyster|Shell Smash|p1a: Cloyster\n|-unboost|p1a: Cloyster|def|1\n|-unboost|p1a: Cloyster|spd|1\n|-boost|p1a: Cloyster|atk|2\n|-boost|p1a: Cloyster|spa|2\n|-boost|p1a: Cloyster|spe|2\n|-enditem|p1a: Cloyster|White Herb\n|-clearnegativeboost|p1a: Cloyster|[silent]\n|\n|upkeep\n|turn|4\n|\n|t:|1699912463\n|move|p1a: Cloyster|Hydro Pump|p2a: Rockruff\n|-supereffective|p2a: Rockruff\n|-damage|p2a: Rockruff|0 fnt\n|faint|p2a: Rockruff\n|\n|upkeep\n|\n|t:|1699912470\n|switch|p2a: Primarina|Primarina, F|100\/100\n|turn|5\n|\n|t:|1699912483\n|move|p1a: Cloyster|Rock Blast|p2a: Primarina\n|-damage|p2a: Primarina|80\/100\n|-damage|p2a: Primarina|61\/100\n|-damage|p2a: Primarina|41\/100\n|-damage|p2a: Primarina|24\/100\n|-damage|p2a: Primarina|5\/100\n|-hitcount|p2a: Primarina|5\n|move|p2a: Primarina|Moonblast|p1a: Cloyster\n|-damage|p1a: Cloyster|0 fnt\n|faint|p1a: Cloyster\n|\n|upkeep\n|\n|t:|1699912494\n|switch|p1a: Rotom|Rotom, shiny|100\/100\n|turn|6\n|\n|t:|1699912516\n|move|p1a: Rotom|Thunderbolt|p2a: Primarina\n|-supereffective|p2a: Primarina\n|-damage|p2a: Primarina|0 fnt\n|faint|p2a: Primarina\n|\n|upkeep\n|\n|t:|1699912521\n|switch|p2a: Silvally|Silvally-Ghost|100\/100\n|turn|7\n|\n|t:|1699912544\n|-terastallize|p1a: Rotom|Electric\n|move|p2a: Silvally|Multi-Attack|p1a: Rotom\n|-damage|p1a: Rotom|15\/100\n|move|p1a: Rotom|Thunderbolt|p2a: Silvally\n|-crit|p2a: Silvally\n|-damage|p2a: Silvally|0 fnt\n|faint|p2a: Silvally\n|\n|upkeep\n|\n|t:|1699912551\n|switch|p2a: Grubbin|Grubbin, F|100\/100\n|turn|8\n|\n|t:|1699912563\n|move|p1a: Rotom|Thunderbolt|p2a: Grubbin\n|-enditem|p2a: Grubbin|Focus Sash\n|-damage|p2a: Grubbin|1\/100\n|move|p2a: Grubbin|X-Scissor|p1a: Rotom\n|-damage|p1a: Rotom|0 fnt\n|faint|p1a: Rotom\n|\n|upkeep\n|\n|t:|1699912578\n|switch|p1a: Kleavor|Kleavor, F, shiny|100\/100\n|turn|9\n|inactive|Battle timer is ON: inactive players will automatically lose when time's up. (requested by Sly Killdex 2)\n|\n|t:|1699912582\n|move|p1a: Kleavor|Agility|p1a: Kleavor\n|-boost|p1a: Kleavor|spe|2\n|move|p2a: Grubbin|Volt Switch|p1a: Kleavor\n|-damage|p1a: Kleavor|87\/100\n|\n|t:|1699912587\n|switch|p2a: Oricorio|Oricorio-Pom-Pom, F|100\/100|[from] Volt Switch\n|\n|upkeep\n|turn|10\n|\n|t:|1699912600\n|-terastallize|p2a: Oricorio|Water\n|move|p1a: Kleavor|Stone Axe|p2a: Oricorio\n|-damage|p2a: Oricorio|5\/100\n|-sidestart|p2: Sly Killdex 2|move: Stealth Rock\n|move|p2a: Oricorio|Revelation Dance|p1a: Kleavor\n|-supereffective|p1a: Kleavor\n|-damage|p1a: Kleavor|0 fnt\n|faint|p1a: Kleavor\n|\n|upkeep\n|\n|t:|1699912610\n|switch|p1a: Clodsire|Clodsire, M|100\/100\n|turn|11\n|\n|t:|1699912620\n|move|p2a: Oricorio|Revelation Dance|p1a: Clodsire\n|-supereffective|p1a: Clodsire\n|-damage|p1a: Clodsire|51\/100\n|move|p1a: Clodsire|Gunk Shot|p2a: Oricorio\n|-damage|p2a: Oricorio|0 fnt\n|faint|p2a: Oricorio\n|\n|-heal|p1a: Clodsire|57\/100|[from] item: Black Sludge\n|upkeep\n|\n|t:|1699912625\n|switch|p2a: Toucannon|Toucannon, M|100\/100\n|-damage|p2a: Toucannon|76\/100|[from] Stealth Rock\n|turn|12\n|\n|t:|1699912644\n|move|p2a: Toucannon|Frustration|p1a: Clodsire\n|-damage|p1a: Clodsire|0 fnt\n|faint|p1a: Clodsire\n|\n|upkeep\n|\n|t:|1699912649\n|switch|p1a: Bisharp|Bisharp, M|100\/100\n|turn|13\n|\n|t:|1699912668\n|move|p1a: Bisharp|Swords Dance|p1a: Bisharp\n|-boost|p1a: Bisharp|atk|2\n|move|p2a: Toucannon|Frustration|p1a: Bisharp\n|-resisted|p1a: Bisharp\n|-damage|p1a: Bisharp|51\/100\n|\n|upkeep\n|turn|14\n|\n|t:|1699912681\n|switch|p2a: Grubbin|Grubbin, F|1\/100\n|-damage|p2a: Grubbin|0 fnt|[from] Stealth Rock\n|faint|p2a: Grubbin\n|move|p1a: Bisharp|Sucker Punch|p2: Grubbin|[notarget]\n|-fail|p1a: Bisharp\n|\n|upkeep\n|\n|t:|1699912686\n|switch|p2a: Toucannon|Toucannon, M|76\/100\n|-damage|p2a: Toucannon|51\/100|[from] Stealth Rock\n|turn|15\n|\n|t:|1699912690\n|-singleturn|p2a: Toucannon|move: Beak Blast\n|move|p1a: Bisharp|Sucker Punch|p2a: Toucannon\n|-damage|p2a: Toucannon|0 fnt\n|-status|p1a: Bisharp|brn\n|faint|p2a: Toucannon\n|-damage|p1a: Bisharp|41\/100 brn|[from] item: Life Orb\n|\n|win|Ninjasloth2000\n|raw|Ninjasloth2000's rating: 1047 &rarr; <strong>1080<\/strong><br \/>(+33 for winning)\n|raw|Sly Killdex 2's rating: 1043 &rarr; <strong>1027<\/strong><br \/>(-16 for losing)\n","uploadtime":1699912699,"views":6,"p1id":"ninjasloth2000","p2id":"slykilldex2","formatid":"gen9nationaldex","rating":1027,"private":0,"password":""}