{"id":"gen9nationaldex-1997950799","p1":"hsenb\u59da\u67d0","p2":"Arlo Ghost","format":"[Gen 9] National Dex","log":"|html|<div class=\"broadcast-blue\"><strong>[Gen 9] National Dex is currently suspecting Sneasler! For information on how to participate check out the <a href=\"https:\/\/www.smogon.com\/forums\/threads\/sv-national-dex-suspect-8-just-dance.3731534\/\">suspect thread<\/a>.<\/strong><\/div>\n|j|\u2606hsenb\u59da\u67d0\n|j|\u2606Arlo Ghost\n|t:|1700871250\n|gametype|singles\n|player|p1|hsenb\u59da\u67d0|may-contest|1644\n|player|p2|Arlo Ghost|mars|1702\n|teamsize|p1|6\n|teamsize|p2|6\n|gen|9\n|tier|[Gen 9] National Dex\n|rated|\n|rule|HP Percentage Mod: HP is shown in percentages\n|rule|Endless Battle Clause: Forcing endless battles is banned\n|rule|OHKO Clause: OHKO moves are banned\n|rule|Evasion Clause: Evasion abilities, items, and moves are banned\n|rule|Evasion Abilities Clause: Evasion abilities are banned\n|rule|Evasion Items Clause: Evasion items are banned\n|rule|Evasion Moves Clause: Evasion moves are banned\n|rule|Species Clause: Limit one of each Pok\u00e9mon\n|rule|Sleep Clause Mod: Limit one foe put to sleep\n|clearpoke\n|poke|p1|Lokix, M|\n|poke|p1|Vivillon-Pokeball, M|\n|poke|p1|Scizor, M|\n|poke|p1|Kleavor, M|\n|poke|p1|Buzzwole|\n|poke|p1|Ribombee, F|\n|poke|p2|Mandibuzz, F|\n|poke|p2|Greninja-*, M|\n|poke|p2|Tyranitar, M|\n|poke|p2|Muk-Alola, M|\n|poke|p2|Grimmsnarl, M|\n|poke|p2|Hydreigon, M|\n|teampreview\n|\n|t:|1700871260\n|start\n|switch|p1a: \u5f00\u7f51\uff0c\u6ca1\u4e86|Ribombee, F|100\/100\n|switch|p2a: Marijuano|Muk-Alola, M|100\/100\n|turn|1\n|\n|t:|1700871270\n|move|p1a: \u5f00\u7f51\uff0c\u6ca1\u4e86|Sticky Web|p2a: Marijuano\n|-sidestart|p2: Arlo Ghost|move: Sticky Web\n|move|p2a: Marijuano|Knock Off|p1a: \u5f00\u7f51\uff0c\u6ca1\u4e86\n|-resisted|p1a: \u5f00\u7f51\uff0c\u6ca1\u4e86\n|-damage|p1a: \u5f00\u7f51\uff0c\u6ca1\u4e86|68\/100\n|-enditem|p1a: \u5f00\u7f51\uff0c\u6ca1\u4e86|Focus Sash|[from] move: Knock Off|[of] p2a: Marijuano\n|\n|upkeep\n|turn|2\n|\n|t:|1700871275\n|move|p1a: \u5f00\u7f51\uff0c\u6ca1\u4e86|Moonblast|p2a: Marijuano\n|-crit|p2a: Marijuano\n|-damage|p2a: Marijuano|74\/100\n|-unboost|p2a: Marijuano|spa|1\n|move|p2a: Marijuano|Poison Jab|p1a: \u5f00\u7f51\uff0c\u6ca1\u4e86\n|-supereffective|p1a: \u5f00\u7f51\uff0c\u6ca1\u4e86\n|-damage|p1a: \u5f00\u7f51\uff0c\u6ca1\u4e86|0 fnt\n|faint|p1a: \u5f00\u7f51\uff0c\u6ca1\u4e86\n|\n|upkeep\n|\n|t:|1700871280\n|switch|p1a: \u5251\u821e\u63a8\u63a8\u63a8|Scizor, M|100\/100\n|turn|3\n|\n|t:|1700871293\n|detailschange|p1a: \u5251\u821e\u63a8\u63a8\u63a8|Scizor-Mega, M\n|-mega|p1a: \u5251\u821e\u63a8\u63a8\u63a8|Scizor|Scizorite\n|move|p1a: \u5251\u821e\u63a8\u63a8\u63a8|U-turn|p2a: Marijuano\n|-damage|p2a: Marijuano|39\/100\n|\n|t:|1700871300\n|switch|p1a: \u4e00\u6b21\u6027\u7528\u54c1|Kleavor, M|100\/100|[from] U-turn\n|move|p2a: Marijuano|Fire Punch|p1a: \u4e00\u6b21\u6027\u7528\u54c1\n|-damage|p1a: \u4e00\u6b21\u6027\u7528\u54c1|78\/100\n|\n|upkeep\n|turn|4\n|j| ourat\n|\n|t:|1700871318\n|switch|p2a: Sherkemo|Grimmsnarl, M|100\/100\n|-activate|p2a: Sherkemo|move: Sticky Web\n|-unboost|p2a: Sherkemo|spe|1\n|move|p1a: \u4e00\u6b21\u6027\u7528\u54c1|Stone Axe|p2a: Sherkemo\n|-damage|p2a: Sherkemo|42\/100\n|-sidestart|p2: Arlo Ghost|move: Stealth Rock\n|\n|upkeep\n|turn|5\n|\n|t:|1700871329\n|move|p2a: Sherkemo|Reflect|p2a: Sherkemo\n|-sidestart|p2: Arlo Ghost|Reflect\n|move|p1a: \u4e00\u6b21\u6027\u7528\u54c1|Stone Axe|p2a: Sherkemo\n|-damage|p2a: Sherkemo|15\/100\n|\n|upkeep\n|turn|6\n|\n|t:|1700871336\n|switch|p1a: \u5251\u821e\u63a8\u63a8\u63a8|Scizor-Mega, M|100\/100\n|move|p2a: Sherkemo|Light Screen|p2a: Sherkemo\n|-sidestart|p2: Arlo Ghost|move: Light Screen\n|\n|upkeep\n|turn|7\n|\n|t:|1700871340\n|move|p1a: \u5251\u821e\u63a8\u63a8\u63a8|Bullet Punch|p2a: Sherkemo\n|-supereffective|p2a: Sherkemo\n|-damage|p2a: Sherkemo|0 fnt\n|faint|p2a: Sherkemo\n|\n|upkeep\n|\n|t:|1700871342\n|switch|p2a: Winona|Mandibuzz, F|100\/100\n|-damage|p2a: Winona|76\/100|[from] Stealth Rock\n|turn|8\n|\n|t:|1700871359\n|move|p2a: Winona|Defog|p1a: \u5251\u821e\u63a8\u63a8\u63a8\n|-unboost|p1a: \u5251\u821e\u63a8\u63a8\u63a8|evasion|1\n|-sideend|p2: Arlo Ghost|Stealth Rock|[from] move: Defog|[of] p2a: Winona\n|-sideend|p2: Arlo Ghost|Sticky Web|[from] move: Defog|[of] p2a: Winona\n|move|p1a: \u5251\u821e\u63a8\u63a8\u63a8|U-turn|p2a: Winona\n|-damage|p2a: Winona|67\/100\n|-damage|p1a: \u5251\u821e\u63a8\u63a8\u63a8|84\/100|[from] item: Rocky Helmet|[of] p2a: Winona\n|\n|t:|1700871367\n|switch|p1a: \u4e00\u6b21\u6027\u7528\u54c1|Kleavor, M|78\/100|[from] U-turn\n|\n|upkeep\n|turn|9\n|\n|t:|1700871370\n|move|p1a: \u4e00\u6b21\u6027\u7528\u54c1|Stone Axe|p2a: Winona\n|-supereffective|p2a: Winona\n|-damage|p2a: Winona|35\/100\n|-damage|p1a: \u4e00\u6b21\u6027\u7528\u54c1|62\/100|[from] item: Rocky Helmet|[of] p2a: Winona\n|-sidestart|p2: Arlo Ghost|move: Stealth Rock\n|move|p2a: Winona|Foul Play|p1a: \u4e00\u6b21\u6027\u7528\u54c1\n|-damage|p1a: \u4e00\u6b21\u6027\u7528\u54c1|0 fnt\n|faint|p1a: \u4e00\u6b21\u6027\u7528\u54c1\n|\n|upkeep\n|\n|t:|1700871392\n|switch|p1a: \u4f60\u5c31\u662f\u4e2afw\u6211\u8bf4\u5b9e\u8bdd|Vivillon-Pokeball, M|100\/100\n|turn|10\n|\n|t:|1700871401\n|move|p1a: \u4f60\u5c31\u662f\u4e2afw\u6211\u8bf4\u5b9e\u8bdd|Substitute|p1a: \u4f60\u5c31\u662f\u4e2afw\u6211\u8bf4\u5b9e\u8bdd\n|-start|p1a: \u4f60\u5c31\u662f\u4e2afw\u6211\u8bf4\u5b9e\u8bdd|Substitute\n|-damage|p1a: \u4f60\u5c31\u662f\u4e2afw\u6211\u8bf4\u5b9e\u8bdd|76\/100\n|move|p2a: Winona|Roost|p2a: Winona\n|-heal|p2a: Winona|86\/100\n|-singleturn|p2a: Winona|move: Roost\n|\n|-heal|p1a: \u4f60\u5c31\u662f\u4e2afw\u6211\u8bf4\u5b9e\u8bdd|82\/100|[from] item: Leftovers\n|upkeep\n|turn|11\n|\n|t:|1700871404\n|move|p1a: \u4f60\u5c31\u662f\u4e2afw\u6211\u8bf4\u5b9e\u8bdd|Quiver Dance|p1a: \u4f60\u5c31\u662f\u4e2afw\u6211\u8bf4\u5b9e\u8bdd\n|-boost|p1a: \u4f60\u5c31\u662f\u4e2afw\u6211\u8bf4\u5b9e\u8bdd|spa|1\n|-boost|p1a: \u4f60\u5c31\u662f\u4e2afw\u6211\u8bf4\u5b9e\u8bdd|spd|1\n|-boost|p1a: \u4f60\u5c31\u662f\u4e2afw\u6211\u8bf4\u5b9e\u8bdd|spe|1\n|move|p2a: Winona|Defog|p1a: \u4f60\u5c31\u662f\u4e2afw\u6211\u8bf4\u5b9e\u8bdd\n|-sideend|p2: Arlo Ghost|Stealth Rock|[from] move: Defog|[of] p2a: Winona\n|\n|-heal|p1a: \u4f60\u5c31\u662f\u4e2afw\u6211\u8bf4\u5b9e\u8bdd|88\/100|[from] item: Leftovers\n|upkeep\n|turn|12\n|\n|t:|1700871413\n|switch|p2a: Rockzilla|Tyranitar, M, shiny|100\/100\n|-weather|Sandstorm|[from] ability: Sand Stream|[of] p2a: Rockzilla\n|move|p1a: \u4f60\u5c31\u662f\u4e2afw\u6211\u8bf4\u5b9e\u8bdd|Quiver Dance|p1a: \u4f60\u5c31\u662f\u4e2afw\u6211\u8bf4\u5b9e\u8bdd\n|-boost|p1a: \u4f60\u5c31\u662f\u4e2afw\u6211\u8bf4\u5b9e\u8bdd|spa|1\n|-boost|p1a: \u4f60\u5c31\u662f\u4e2afw\u6211\u8bf4\u5b9e\u8bdd|spd|1\n|-boost|p1a: \u4f60\u5c31\u662f\u4e2afw\u6211\u8bf4\u5b9e\u8bdd|spe|1\n|\n|-weather|Sandstorm|[upkeep]\n|-damage|p1a: \u4f60\u5c31\u662f\u4e2afw\u6211\u8bf4\u5b9e\u8bdd|82\/100|[from] Sandstorm\n|-heal|p1a: \u4f60\u5c31\u662f\u4e2afw\u6211\u8bf4\u5b9e\u8bdd|88\/100|[from] item: Leftovers\n|-sideend|p2: Arlo Ghost|Reflect\n|upkeep\n|turn|13\n|\n|t:|1700871419\n|detailschange|p2a: Rockzilla|Tyranitar-Mega, M, shiny\n|-mega|p2a: Rockzilla|Tyranitar|Tyranitarite\n|move|p1a: \u4f60\u5c31\u662f\u4e2afw\u6211\u8bf4\u5b9e\u8bdd|Sleep Powder|p2a: Rockzilla\n|-status|p2a: Rockzilla|slp|[from] move: Sleep Powder\n|cant|p2a: Rockzilla|slp\n|\n|-weather|Sandstorm|[upkeep]\n|-damage|p1a: \u4f60\u5c31\u662f\u4e2afw\u6211\u8bf4\u5b9e\u8bdd|82\/100|[from] Sandstorm\n|-heal|p1a: \u4f60\u5c31\u662f\u4e2afw\u6211\u8bf4\u5b9e\u8bdd|88\/100|[from] item: Leftovers\n|-sideend|p2: Arlo Ghost|move: Light Screen\n|upkeep\n|turn|14\n|\n|t:|1700871438\n|-terastallize|p1a: \u4f60\u5c31\u662f\u4e2afw\u6211\u8bf4\u5b9e\u8bdd|Flying\n|move|p1a: \u4f60\u5c31\u662f\u4e2afw\u6211\u8bf4\u5b9e\u8bdd|Hurricane|p2a: Rockzilla\n|-resisted|p2a: Rockzilla\n|-damage|p2a: Rockzilla|71\/100 slp\n|-start|p2a: Rockzilla|confusion\n|-curestatus|p2a: Rockzilla|slp|[msg]\n|-activate|p2a: Rockzilla|confusion\n|move|p2a: Rockzilla|Rock Slide|p1a: \u4f60\u5c31\u662f\u4e2afw\u6211\u8bf4\u5b9e\u8bdd\n|-supereffective|p1a: \u4f60\u5c31\u662f\u4e2afw\u6211\u8bf4\u5b9e\u8bdd\n|-end|p1a: \u4f60\u5c31\u662f\u4e2afw\u6211\u8bf4\u5b9e\u8bdd|Substitute\n|\n|-weather|Sandstorm|[upkeep]\n|-damage|p1a: \u4f60\u5c31\u662f\u4e2afw\u6211\u8bf4\u5b9e\u8bdd|82\/100|[from] Sandstorm\n|-heal|p1a: \u4f60\u5c31\u662f\u4e2afw\u6211\u8bf4\u5b9e\u8bdd|88\/100|[from] item: Leftovers\n|upkeep\n|turn|15\n|\n|t:|1700871447\n|move|p1a: \u4f60\u5c31\u662f\u4e2afw\u6211\u8bf4\u5b9e\u8bdd|Sleep Powder|p2a: Rockzilla\n|-status|p2a: Rockzilla|slp|[from] move: Sleep Powder\n|cant|p2a: Rockzilla|slp\n|\n|-weather|Sandstorm|[upkeep]\n|-damage|p1a: \u4f60\u5c31\u662f\u4e2afw\u6211\u8bf4\u5b9e\u8bdd|82\/100|[from] Sandstorm\n|-heal|p1a: \u4f60\u5c31\u662f\u4e2afw\u6211\u8bf4\u5b9e\u8bdd|88\/100|[from] item: Leftovers\n|upkeep\n|turn|16\n|\n|t:|1700871452\n|move|p1a: \u4f60\u5c31\u662f\u4e2afw\u6211\u8bf4\u5b9e\u8bdd|Substitute|p1a: \u4f60\u5c31\u662f\u4e2afw\u6211\u8bf4\u5b9e\u8bdd\n|-start|p1a: \u4f60\u5c31\u662f\u4e2afw\u6211\u8bf4\u5b9e\u8bdd|Substitute\n|-damage|p1a: \u4f60\u5c31\u662f\u4e2afw\u6211\u8bf4\u5b9e\u8bdd|63\/100\n|cant|p2a: Rockzilla|slp\n|\n|-weather|none\n|-heal|p1a: \u4f60\u5c31\u662f\u4e2afw\u6211\u8bf4\u5b9e\u8bdd|69\/100|[from] item: Leftovers\n|upkeep\n|turn|17\n|\n|t:|1700871466\n|switch|p2a: Marijuano|Muk-Alola, M|39\/100\n|move|p1a: \u4f60\u5c31\u662f\u4e2afw\u6211\u8bf4\u5b9e\u8bdd|Hurricane|p2a: Marijuano\n|-damage|p2a: Marijuano|0 fnt\n|faint|p2a: Marijuano\n|\n|-heal|p1a: \u4f60\u5c31\u662f\u4e2afw\u6211\u8bf4\u5b9e\u8bdd|75\/100|[from] item: Leftovers\n|upkeep\n|\n|t:|1700871468\n|switch|p2a: El Cumbia Ninja|Greninja, M|100\/100\n|turn|18\n|\n|t:|1700871470\n|move|p1a: \u4f60\u5c31\u662f\u4e2afw\u6211\u8bf4\u5b9e\u8bdd|Hurricane|p2a: El Cumbia Ninja\n|-damage|p2a: El Cumbia Ninja|0 fnt\n|faint|p2a: El Cumbia Ninja\n|\n|-heal|p1a: \u4f60\u5c31\u662f\u4e2afw\u6211\u8bf4\u5b9e\u8bdd|81\/100|[from] item: Leftovers\n|upkeep\n|\n|t:|1700871474\n|switch|p2a: Rockzilla|Tyranitar-Mega, M, shiny|71\/100 slp\n|-weather|Sandstorm|[from] ability: Sand Stream|[of] p2a: Rockzilla\n|turn|19\n|\n|t:|1700871483\n|move|p1a: \u4f60\u5c31\u662f\u4e2afw\u6211\u8bf4\u5b9e\u8bdd|Hurricane|p2a: Rockzilla|[miss]\n|-miss|p1a: \u4f60\u5c31\u662f\u4e2afw\u6211\u8bf4\u5b9e\u8bdd|p2a: Rockzilla\n|cant|p2a: Rockzilla|slp\n|\n|-weather|Sandstorm|[upkeep]\n|-damage|p1a: \u4f60\u5c31\u662f\u4e2afw\u6211\u8bf4\u5b9e\u8bdd|75\/100|[from] Sandstorm\n|-heal|p1a: \u4f60\u5c31\u662f\u4e2afw\u6211\u8bf4\u5b9e\u8bdd|81\/100|[from] item: Leftovers\n|upkeep\n|turn|20\n|\n|t:|1700871488\n|move|p1a: \u4f60\u5c31\u662f\u4e2afw\u6211\u8bf4\u5b9e\u8bdd|Quiver Dance|p1a: \u4f60\u5c31\u662f\u4e2afw\u6211\u8bf4\u5b9e\u8bdd\n|-boost|p1a: \u4f60\u5c31\u662f\u4e2afw\u6211\u8bf4\u5b9e\u8bdd|spa|1\n|-boost|p1a: \u4f60\u5c31\u662f\u4e2afw\u6211\u8bf4\u5b9e\u8bdd|spd|1\n|-boost|p1a: \u4f60\u5c31\u662f\u4e2afw\u6211\u8bf4\u5b9e\u8bdd|spe|1\n|-curestatus|p2a: Rockzilla|slp|[msg]\n|move|p2a: Rockzilla|Rock Slide|p1a: \u4f60\u5c31\u662f\u4e2afw\u6211\u8bf4\u5b9e\u8bdd\n|-supereffective|p1a: \u4f60\u5c31\u662f\u4e2afw\u6211\u8bf4\u5b9e\u8bdd\n|-end|p1a: \u4f60\u5c31\u662f\u4e2afw\u6211\u8bf4\u5b9e\u8bdd|Substitute\n|\n|-weather|Sandstorm|[upkeep]\n|-damage|p1a: \u4f60\u5c31\u662f\u4e2afw\u6211\u8bf4\u5b9e\u8bdd|75\/100|[from] Sandstorm\n|-heal|p1a: \u4f60\u5c31\u662f\u4e2afw\u6211\u8bf4\u5b9e\u8bdd|81\/100|[from] item: Leftovers\n|upkeep\n|turn|21\n|\n|t:|1700871495\n|switch|p2a: Winona|Mandibuzz, F|86\/100\n|move|p1a: \u4f60\u5c31\u662f\u4e2afw\u6211\u8bf4\u5b9e\u8bdd|Sleep Powder|p2a: Winona\n|-immune|p2a: Winona|[from] ability: Overcoat\n|\n|-weather|Sandstorm|[upkeep]\n|-damage|p1a: \u4f60\u5c31\u662f\u4e2afw\u6211\u8bf4\u5b9e\u8bdd|75\/100|[from] Sandstorm\n|-heal|p1a: \u4f60\u5c31\u662f\u4e2afw\u6211\u8bf4\u5b9e\u8bdd|81\/100|[from] item: Leftovers\n|upkeep\n|turn|22\n|\n|t:|1700871500\n|move|p1a: \u4f60\u5c31\u662f\u4e2afw\u6211\u8bf4\u5b9e\u8bdd|Hurricane|p2a: Winona\n|-damage|p2a: Winona|0 fnt\n|faint|p2a: Winona\n|\n|-weather|Sandstorm|[upkeep]\n|-damage|p1a: \u4f60\u5c31\u662f\u4e2afw\u6211\u8bf4\u5b9e\u8bdd|75\/100|[from] Sandstorm\n|-heal|p1a: \u4f60\u5c31\u662f\u4e2afw\u6211\u8bf4\u5b9e\u8bdd|81\/100|[from] item: Leftovers\n|upkeep\n|\n|t:|1700871503\n|switch|p2a: Hydrarlo|Hydreigon, M|100\/100\n|turn|23\n|\n|t:|1700871506\n|-terastallize|p2a: Hydrarlo|Steel\n|move|p1a: \u4f60\u5c31\u662f\u4e2afw\u6211\u8bf4\u5b9e\u8bdd|Hurricane|p2a: Hydrarlo\n|-resisted|p2a: Hydrarlo\n|-damage|p2a: Hydrarlo|22\/100\n|move|p2a: Hydrarlo|Flash Cannon|p1a: \u4f60\u5c31\u662f\u4e2afw\u6211\u8bf4\u5b9e\u8bdd\n|-damage|p1a: \u4f60\u5c31\u662f\u4e2afw\u6211\u8bf4\u5b9e\u8bdd|50\/100\n|\n|-weather|none\n|-heal|p1a: \u4f60\u5c31\u662f\u4e2afw\u6211\u8bf4\u5b9e\u8bdd|56\/100|[from] item: Leftovers\n|-heal|p2a: Hydrarlo|28\/100|[from] item: Leftovers\n|upkeep\n|turn|24\n|\n|t:|1700871512\n|move|p1a: \u4f60\u5c31\u662f\u4e2afw\u6211\u8bf4\u5b9e\u8bdd|Hurricane|p2a: Hydrarlo\n|-resisted|p2a: Hydrarlo\n|-crit|p2a: Hydrarlo\n|-damage|p2a: Hydrarlo|0 fnt\n|faint|p2a: Hydrarlo\n|\n|-heal|p1a: \u4f60\u5c31\u662f\u4e2afw\u6211\u8bf4\u5b9e\u8bdd|62\/100|[from] item: Leftovers\n|upkeep\n|\n|t:|1700871514\n|switch|p2a: Rockzilla|Tyranitar-Mega, M, shiny|71\/100\n|-weather|Sandstorm|[from] ability: Sand Stream|[of] p2a: Rockzilla\n|turn|25\n|\n|t:|1700871532\n|move|p1a: \u4f60\u5c31\u662f\u4e2afw\u6211\u8bf4\u5b9e\u8bdd|Sleep Powder|p2a: Rockzilla\n|-status|p2a: Rockzilla|slp|[from] move: Sleep Powder\n|cant|p2a: Rockzilla|slp\n|\n|-weather|Sandstorm|[upkeep]\n|-damage|p1a: \u4f60\u5c31\u662f\u4e2afw\u6211\u8bf4\u5b9e\u8bdd|56\/100|[from] Sandstorm\n|-heal|p1a: \u4f60\u5c31\u662f\u4e2afw\u6211\u8bf4\u5b9e\u8bdd|62\/100|[from] item: Leftovers\n|upkeep\n|turn|26\n|\n|t:|1700871538\n|move|p1a: \u4f60\u5c31\u662f\u4e2afw\u6211\u8bf4\u5b9e\u8bdd|Substitute|p1a: \u4f60\u5c31\u662f\u4e2afw\u6211\u8bf4\u5b9e\u8bdd\n|-start|p1a: \u4f60\u5c31\u662f\u4e2afw\u6211\u8bf4\u5b9e\u8bdd|Substitute\n|-damage|p1a: \u4f60\u5c31\u662f\u4e2afw\u6211\u8bf4\u5b9e\u8bdd|37\/100\n|cant|p2a: Rockzilla|slp\n|\n|-weather|Sandstorm|[upkeep]\n|-damage|p1a: \u4f60\u5c31\u662f\u4e2afw\u6211\u8bf4\u5b9e\u8bdd|31\/100|[from] Sandstorm\n|-heal|p1a: \u4f60\u5c31\u662f\u4e2afw\u6211\u8bf4\u5b9e\u8bdd|37\/100|[from] item: Leftovers\n|upkeep\n|turn|27\n|\n|t:|1700871542\n|move|p1a: \u4f60\u5c31\u662f\u4e2afw\u6211\u8bf4\u5b9e\u8bdd|Hurricane|p2a: Rockzilla\n|-resisted|p2a: Rockzilla\n|-damage|p2a: Rockzilla|33\/100 slp\n|-start|p2a: Rockzilla|confusion\n|cant|p2a: Rockzilla|slp\n|\n|-weather|Sandstorm|[upkeep]\n|-damage|p1a: \u4f60\u5c31\u662f\u4e2afw\u6211\u8bf4\u5b9e\u8bdd|31\/100|[from] Sandstorm\n|-heal|p1a: \u4f60\u5c31\u662f\u4e2afw\u6211\u8bf4\u5b9e\u8bdd|37\/100|[from] item: Leftovers\n|upkeep\n|turn|28\n|\n|t:|1700871564\n|move|p1a: \u4f60\u5c31\u662f\u4e2afw\u6211\u8bf4\u5b9e\u8bdd|Hurricane|p2a: Rockzilla\n|-resisted|p2a: Rockzilla\n|-damage|p2a: Rockzilla|0 fnt\n|faint|p2a: Rockzilla\n|\n|win|hsenb\u59da\u67d0\n|raw|hsenb\u59da\u67d0's rating: 1644 &rarr; <strong>1667<\/strong><br \/>(+23 for winning)\n|raw|Arlo Ghost's rating: 1702 &rarr; <strong>1679<\/strong><br \/>(-23 for losing)\n|l| ourat\n","uploadtime":1700871576,"views":2,"p1id":"hsenb","p2id":"arloghost","formatid":"gen9nationaldex","rating":1667,"private":0,"password":""}