{"id":"gen9nationaldex-1992472858","p1":"lemmybro87","p2":"Applejuicebruh","format":"[Gen 9] National Dex","log":"|j|\u2606lemmybro87\n|j|\u2606Applejuicebruh\n|t:|1700191861\n|gametype|singles\n|player|p1|lemmybro87|liza|1165\n|player|p2|Applejuicebruh|crasherwake|1230\n|teamsize|p1|6\n|teamsize|p2|6\n|gen|9\n|tier|[Gen 9] National Dex\n|rated|\n|rule|HP Percentage Mod: HP is shown in percentages\n|rule|Endless Battle Clause: Forcing endless battles is banned\n|rule|OHKO Clause: OHKO moves are banned\n|rule|Evasion Clause: Evasion abilities, items, and moves are banned\n|rule|Evasion Abilities Clause: Evasion abilities are banned\n|rule|Evasion Items Clause: Evasion items are banned\n|rule|Evasion Moves Clause: Evasion moves are banned\n|rule|Species Clause: Limit one of each Pok\u00e9mon\n|rule|Sleep Clause Mod: Limit one foe put to sleep\n|clearpoke\n|poke|p1|Feraligatr, M|\n|poke|p1|Victini|\n|poke|p1|Rhyperior, M|\n|poke|p1|Tinkaton, F|\n|poke|p1|Serperior, M|\n|poke|p1|Tapu Lele|\n|poke|p2|Beedrill, M|\n|poke|p2|Victini|\n|poke|p2|Togekiss, M|\n|poke|p2|Hawlucha, M|\n|poke|p2|Feraligatr, M|\n|poke|p2|Blastoise, M|\n|teampreview\n|\n|t:|1700191866\n|start\n|switch|p1a: Miss Piggy|Tinkaton, F|100\/100\n|switch|p2a: John Cena|Victini|100\/100\n|-ability|p1a: Miss Piggy|Mold Breaker\n|turn|1\n|\n|t:|1700191871\n|move|p1a: Miss Piggy|Stealth Rock|p2a: John Cena\n|-sidestart|p2: Applejuicebruh|move: Stealth Rock\n|-zpower|p2a: John Cena\n|move|p2a: John Cena|Z-Celebrate|p2a: John Cena|[anim]Celebrate\n|-boost|p2a: John Cena|atk|1|[zeffect]\n|-boost|p2a: John Cena|def|1|[zeffect]\n|-boost|p2a: John Cena|spa|1|[zeffect]\n|-boost|p2a: John Cena|spd|1|[zeffect]\n|-boost|p2a: John Cena|spe|1|[zeffect]\n|-activate|p2a: John Cena|move: Celebrate\n|\n|upkeep\n|turn|2\n|\n|t:|1700191876\n|move|p2a: John Cena|Flamethrower|p1a: Miss Piggy\n|-supereffective|p1a: Miss Piggy\n|-enditem|p1a: Miss Piggy|Focus Sash\n|-damage|p1a: Miss Piggy|1\/100\n|move|p1a: Miss Piggy|Knock Off|p2a: John Cena\n|-supereffective|p2a: John Cena\n|-damage|p2a: John Cena|81\/100\n|\n|upkeep\n|turn|3\n|\n|t:|1700191882\n|move|p2a: John Cena|Stored Power|p1a: Miss Piggy\n|-resisted|p1a: Miss Piggy\n|-damage|p1a: Miss Piggy|0 fnt\n|faint|p1a: Miss Piggy\n|\n|upkeep\n|\n|t:|1700191890\n|switch|p1a: Bismark|Rhyperior, M|100\/100\n|turn|4\n|\n|t:|1700191894\n|-terastallize|p1a: Bismark|Fairy\n|move|p2a: John Cena|Stored Power|p1a: Bismark\n|-damage|p1a: Bismark|26\/100\n|move|p1a: Bismark|Earthquake|p2a: John Cena\n|-supereffective|p2a: John Cena\n|-damage|p2a: John Cena|3\/100\n|\n|upkeep\n|turn|5\n|\n|t:|1700191900\n|move|p2a: John Cena|Stored Power|p1a: Bismark\n|-damage|p1a: Bismark|0 fnt\n|faint|p1a: Bismark\n|\n|upkeep\n|\n|t:|1700191902\n|switch|p1a: Victory|Victini|100\/100\n|turn|6\n|\n|t:|1700191907\n|move|p2a: John Cena|Stored Power|p1a: Victory\n|-resisted|p1a: Victory\n|-damage|p1a: Victory|60\/100\n|move|p1a: Victory|Flame Charge|p2a: John Cena\n|-resisted|p2a: John Cena\n|-damage|p2a: John Cena|0 fnt\n|-boost|p1a: Victory|spe|1\n|faint|p2a: John Cena\n|\n|upkeep\n|\n|t:|1700191919\n|switch|p2a: Tommy Vercetti|Blastoise, M, shiny|100\/100\n|-damage|p2a: Tommy Vercetti|88\/100|[from] Stealth Rock\n|turn|7\n|\n|t:|1700191922\n|move|p1a: Victory|Fusion Bolt|p2a: Tommy Vercetti\n|-supereffective|p2a: Tommy Vercetti\n|-damage|p2a: Tommy Vercetti|11\/100\n|move|p2a: Tommy Vercetti|Shell Smash|p2a: Tommy Vercetti\n|-unboost|p2a: Tommy Vercetti|def|1\n|-unboost|p2a: Tommy Vercetti|spd|1\n|-boost|p2a: Tommy Vercetti|atk|2\n|-boost|p2a: Tommy Vercetti|spa|2\n|-boost|p2a: Tommy Vercetti|spe|2\n|-enditem|p2a: Tommy Vercetti|White Herb\n|-clearnegativeboost|p2a: Tommy Vercetti|[silent]\n|\n|upkeep\n|turn|8\n|\n|t:|1700191928\n|move|p2a: Tommy Vercetti|Scald|p1a: Victory\n|-supereffective|p1a: Victory\n|-damage|p1a: Victory|0 fnt\n|faint|p1a: Victory\n|\n|upkeep\n|\n|t:|1700191931\n|switch|p1a: ka|Serperior, M, shiny|100\/100\n|turn|9\n|\n|t:|1700191934\n|move|p2a: Tommy Vercetti|Ice Beam|p1a: ka\n|-supereffective|p1a: ka\n|-damage|p1a: ka|0 fnt\n|faint|p1a: ka\n|\n|upkeep\n|\n|t:|1700191937\n|switch|p1a: Tapu Lele|Tapu Lele|100\/100\n|-fieldstart|move: Psychic Terrain|[from] ability: Psychic Surge|[of] p1a: Tapu Lele\n|turn|10\n|\n|t:|1700191941\n|move|p2a: Tommy Vercetti|Scald|p1a: Tapu Lele\n|-damage|p1a: Tapu Lele|0 fnt\n|faint|p1a: Tapu Lele\n|\n|upkeep\n|\n|t:|1700191944\n|switch|p1a: Saber|Feraligatr, M|100\/100\n|turn|11\n|\n|t:|1700191947\n|move|p2a: Tommy Vercetti|Aura Sphere|p1a: Saber\n|-damage|p1a: Saber|46\/100\n|move|p1a: Saber|Dragon Dance|p1a: Saber\n|-boost|p1a: Saber|atk|1\n|-boost|p1a: Saber|spe|1\n|\n|upkeep\n|turn|12\n|\n|t:|1700191950\n|move|p2a: Tommy Vercetti|Aura Sphere|p1a: Saber\n|-damage|p1a: Saber|0 fnt\n|faint|p1a: Saber\n|\n|win|Applejuicebruh\n|raw|lemmybro87's rating: 1165 &rarr; <strong>1145<\/strong><br \/>(-20 for losing)\n|raw|Applejuicebruh's rating: 1230 &rarr; <strong>1250<\/strong><br \/>(+20 for winning)\n|l|\u2606lemmybro87\n","uploadtime":1700191965,"views":15,"p1id":"lemmybro87","p2id":"applejuicebruh","formatid":"gen9nationaldex","rating":1145,"private":0,"password":""}