{"id":"gen9nationaldex-1987512546","p1":"Lord Howen","p2":"sheep1","format":"[Gen 9] National Dex","log":"|j|\u2606Lord Howen\n|j|\u2606sheep1\n|t:|1699604420\n|gametype|singles\n|player|p1|Lord Howen|crasherwake|1112\n|player|p2|sheep1|swimmer-gen4|1178\n|teamsize|p1|6\n|teamsize|p2|6\n|gen|9\n|tier|[Gen 9] National Dex\n|rated|\n|rule|HP Percentage Mod: HP is shown in percentages\n|rule|Endless Battle Clause: Forcing endless battles is banned\n|rule|OHKO Clause: OHKO moves are banned\n|rule|Evasion Clause: Evasion abilities, items, and moves are banned\n|rule|Evasion Abilities Clause: Evasion abilities are banned\n|rule|Evasion Items Clause: Evasion items are banned\n|rule|Evasion Moves Clause: Evasion moves are banned\n|rule|Species Clause: Limit one of each Pok\u00e9mon\n|rule|Sleep Clause Mod: Limit one foe put to sleep\n|clearpoke\n|poke|p1|Serperior, F|\n|poke|p1|Landorus-Therian, M|\n|poke|p1|Iron Valiant|\n|poke|p1|Swellow, M|\n|poke|p1|Lokix, M|\n|poke|p1|Dondozo, M|\n|poke|p2|Gengar, F|\n|poke|p2|Dragonite, F|\n|poke|p2|Tyranitar, F|\n|poke|p2|Snorlax, M|\n|poke|p2|Volcarona, M|\n|poke|p2|Slowbro, M|\n|teampreview\n|inactive|Battle timer is ON: inactive players will automatically lose when time's up. (requested by sheep1)\n|\n|t:|1699604437\n|start\n|switch|p1a: Lokix|Lokix, M, shiny|100\/100\n|switch|p2a: \u80a5\u9b3c|Gengar, F|100\/100\n|turn|1\n|\n|t:|1699604445\n|move|p1a: Lokix|First Impression|p2a: \u80a5\u9b3c\n|-resisted|p2a: \u80a5\u9b3c\n|-damage|p2a: \u80a5\u9b3c|44\/100\n|-start|p1a: Lokix|Disable|First Impression|[from] ability: Cursed Body|[of] p2a: \u80a5\u9b3c\n|-damage|p1a: Lokix|91\/100|[from] item: Life Orb\n|move|p2a: \u80a5\u9b3c|Sludge Bomb|p1a: Lokix\n|-damage|p1a: Lokix|3\/100\n|\n|upkeep\n|turn|2\n|\n|t:|1699604455\n|move|p1a: Lokix|Sucker Punch|p2a: \u80a5\u9b3c\n|-supereffective|p2a: \u80a5\u9b3c\n|-damage|p2a: \u80a5\u9b3c|0 fnt\n|faint|p2a: \u80a5\u9b3c\n|-damage|p1a: Lokix|0 fnt|[from] item: Life Orb\n|faint|p1a: Lokix\n|\n|upkeep\n|\n|t:|1699604466\n|switch|p2a: \u80a5\u5427|Slowbro, M|100\/100\n|switch|p1a: Serperior|Serperior, F|100\/100\n|turn|3\n|\n|t:|1699604476\n|-terastallize|p2a: \u80a5\u5427|Steel\n|move|p1a: Serperior|Leaf Storm|p2a: \u80a5\u5427\n|-resisted|p2a: \u80a5\u5427\n|-damage|p2a: \u80a5\u5427|80\/100\n|-boost|p1a: Serperior|spa|2\n|move|p2a: \u80a5\u5427|Toxic|p1a: Serperior\n|-status|p1a: Serperior|tox\n|\n|-heal|p2a: \u80a5\u5427|86\/100|[from] item: Leftovers\n|-damage|p1a: Serperior|94\/100 tox|[from] psn\n|upkeep\n|turn|4\n|\n|t:|1699604484\n|move|p2a: \u80a5\u5427|Protect|p2a: \u80a5\u5427\n|-singleturn|p2a: \u80a5\u5427|Protect\n|move|p1a: Serperior|Leaf Storm|p2a: \u80a5\u5427\n|-activate|p2a: \u80a5\u5427|move: Protect\n|\n|-heal|p2a: \u80a5\u5427|92\/100|[from] item: Leftovers\n|-damage|p1a: Serperior|82\/100 tox|[from] psn\n|upkeep\n|turn|5\n|\n|t:|1699604495\n|move|p1a: Serperior|Leaf Storm|p2a: \u80a5\u5427\n|-resisted|p2a: \u80a5\u5427\n|-damage|p2a: \u80a5\u5427|54\/100\n|-boost|p1a: Serperior|spa|2\n|move|p2a: \u80a5\u5427|Future Sight|p1a: Serperior\n|-start|p2a: \u80a5\u5427|move: Future Sight\n|\n|-heal|p2a: \u80a5\u5427|60\/100|[from] item: Leftovers\n|-damage|p1a: Serperior|63\/100 tox|[from] psn\n|upkeep\n|turn|6\n|\n|t:|1699604502\n|move|p2a: \u80a5\u5427|Protect|p2a: \u80a5\u5427\n|-singleturn|p2a: \u80a5\u5427|Protect\n|move|p1a: Serperior|Leaf Storm|p2a: \u80a5\u5427\n|-activate|p2a: \u80a5\u5427|move: Protect\n|\n|-heal|p2a: \u80a5\u5427|66\/100|[from] item: Leftovers\n|-damage|p1a: Serperior|39\/100 tox|[from] psn\n|upkeep\n|turn|7\n|\n|t:|1699604515\n|switch|p2a: \u80a5\u86fe|Volcarona, M|100\/100\n|move|p1a: Serperior|Leaf Storm|p2a: \u80a5\u86fe\n|-resisted|p2a: \u80a5\u86fe\n|-damage|p2a: \u80a5\u86fe|67\/100\n|-boost|p1a: Serperior|spa|2\n|\n|-end|p1a: Serperior|move: Future Sight\n|-damage|p1a: Serperior|0 fnt\n|faint|p1a: Serperior\n|upkeep\n|\n|t:|1699604526\n|switch|p1a: Landorus|Landorus-Therian, M|100\/100\n|-ability|p1a: Landorus|Intimidate|boost\n|-unboost|p2a: \u80a5\u86fe|atk|1\n|turn|8\n|\n|t:|1699604532\n|switch|p2a: \u80a5\u5427|Slowbro, M, tera:Steel|99\/100\n|move|p1a: Landorus|Stone Edge|p2a: \u80a5\u5427|[miss]\n|-miss|p1a: Landorus|p2a: \u80a5\u5427\n|\n|-heal|p2a: \u80a5\u5427|100\/100|[from] item: Leftovers\n|upkeep\n|turn|9\n|\n|t:|1699604541\n|switch|p1a: Iron Valiant|Iron Valiant|100\/100\n|move|p2a: \u80a5\u5427|Toxic|p1a: Iron Valiant\n|-status|p1a: Iron Valiant|tox\n|\n|-damage|p1a: Iron Valiant|94\/100 tox|[from] psn\n|upkeep\n|turn|10\n|\n|t:|1699604548\n|move|p2a: \u80a5\u5427|Protect|p2a: \u80a5\u5427\n|-singleturn|p2a: \u80a5\u5427|Protect\n|move|p1a: Iron Valiant|Aura Sphere|p2a: \u80a5\u5427\n|-activate|p2a: \u80a5\u5427|move: Protect\n|\n|-damage|p1a: Iron Valiant|82\/100 tox|[from] psn\n|upkeep\n|turn|11\n|\n|t:|1699604555\n|move|p1a: Iron Valiant|Aura Sphere|p2a: \u80a5\u5427\n|-supereffective|p2a: \u80a5\u5427\n|-damage|p2a: \u80a5\u5427|0 fnt\n|faint|p2a: \u80a5\u5427\n|\n|-damage|p1a: Iron Valiant|63\/100 tox|[from] psn\n|upkeep\n|\n|t:|1699604563\n|switch|p2a: \u80a5\u5927|Dragonite, F|100\/100\n|turn|12\n|\n|t:|1699604575\n|-end|p1a: Iron Valiant|Quark Drive|[silent]\n|switch|p1a: Landorus|Landorus-Therian, M|100\/100\n|-ability|p1a: Landorus|Intimidate|boost\n|-unboost|p2a: \u80a5\u5927|atk|1\n|move|p2a: \u80a5\u5927|Extreme Speed|p1a: Landorus\n|-damage|p1a: Landorus|77\/100\n|\n|upkeep\n|turn|13\n|\n|t:|1699604589\n|switch|p2a: \u80a5\u6bd4|Snorlax, M|100\/100\n|move|p1a: Landorus|Stone Edge|p2a: \u80a5\u6bd4\n|-crit|p2a: \u80a5\u6bd4\n|-damage|p2a: \u80a5\u6bd4|56\/100\n|\n|upkeep\n|turn|14\n|\n|t:|1699604597\n|move|p1a: Landorus|Stone Edge|p2a: \u80a5\u6bd4\n|-damage|p2a: \u80a5\u6bd4|27\/100\n|move|p2a: \u80a5\u6bd4|Trailblaze|p1a: Landorus\n|-damage|p1a: Landorus|57\/100\n|-boost|p2a: \u80a5\u6bd4|spe|1\n|\n|upkeep\n|turn|15\n|-enditem|p2a: \u80a5\u6bd4|Custap Berry|[eat]\n|-activate|p2a: \u80a5\u6bd4|item: Custap Berry|[consumed]\n|\n|t:|1699604606\n|move|p2a: \u80a5\u6bd4|Self-Destruct|p1a: Landorus\n|-damage|p1a: Landorus|0 fnt\n|faint|p2a: \u80a5\u6bd4\n|faint|p1a: Landorus\n|\n|upkeep\n|inactive|Lord Howen has 120 seconds left.\n|\n|t:|1699604638\n|switch|p1a: Iron Valiant|Iron Valiant|63\/100 tox\n|switch|p2a: \u80a5\u73ed|Tyranitar, F|100\/100\n|-weather|Sandstorm|[from] ability: Sand Stream|[of] p2a: \u80a5\u73ed\n|turn|16\n|\n|t:|1699604658\n|switch|p2a: \u80a5\u5927|Dragonite, F|100\/100\n|move|p1a: Iron Valiant|Moonblast|p2a: \u80a5\u5927\n|-supereffective|p2a: \u80a5\u5927\n|-damage|p2a: \u80a5\u5927|35\/100\n|-unboost|p2a: \u80a5\u5927|spa|1\n|\n|-weather|Sandstorm|[upkeep]\n|-damage|p1a: Iron Valiant|57\/100 tox|[from] Sandstorm\n|-damage|p2a: \u80a5\u5927|29\/100|[from] Sandstorm\n|-damage|p1a: Iron Valiant|51\/100 tox|[from] psn\n|upkeep\n|turn|17\n|inactive|Lord Howen has 120 seconds left.\n|\n|t:|1699604675\n|move|p2a: \u80a5\u5927|Extreme Speed|p1a: Iron Valiant\n|-damage|p1a: Iron Valiant|7\/100 tox\n|move|p1a: Iron Valiant|Moonblast|p2a: \u80a5\u5927\n|-supereffective|p2a: \u80a5\u5927\n|-damage|p2a: \u80a5\u5927|0 fnt\n|faint|p2a: \u80a5\u5927\n|\n|-weather|Sandstorm|[upkeep]\n|-damage|p1a: Iron Valiant|0 fnt|[from] Sandstorm\n|faint|p1a: Iron Valiant\n|-end|p1a: Iron Valiant|Quark Drive|[silent]\n|upkeep\n|inactive|Lord Howen has 120 seconds left.\n|\n|t:|1699604686\n|switch|p1a: Dondozo|Dondozo, M|100\/100\n|switch|p2a: \u80a5\u73ed|Tyranitar, F|100\/100\n|turn|18\n|inactive|Lord Howen has 120 seconds left.\n|\n|t:|1699604701\n|detailschange|p2a: \u80a5\u73ed|Tyranitar-Mega, F\n|-mega|p2a: \u80a5\u73ed|Tyranitar|Tyranitarite\n|move|p2a: \u80a5\u73ed|Knock Off|p1a: Dondozo\n|-damage|p1a: Dondozo|67\/100\n|-enditem|p1a: Dondozo|Leftovers|[from] move: Knock Off|[of] p2a: \u80a5\u73ed\n|move|p1a: Dondozo|Wave Crash|p2a: \u80a5\u73ed\n|-supereffective|p2a: \u80a5\u73ed\n|-damage|p2a: \u80a5\u73ed|61\/100\n|-damage|p1a: Dondozo|56\/100|[from] Recoil\n|\n|-weather|Sandstorm|[upkeep]\n|-damage|p1a: Dondozo|50\/100|[from] Sandstorm\n|upkeep\n|turn|19\n|inactive|Lord Howen has 120 seconds left.\n|\n|t:|1699604712\n|move|p2a: \u80a5\u73ed|Thunder Punch|p1a: Dondozo\n|-supereffective|p1a: Dondozo\n|-damage|p1a: Dondozo|18\/100\n|move|p1a: Dondozo|Wave Crash|p2a: \u80a5\u73ed\n|-supereffective|p2a: \u80a5\u73ed\n|-damage|p2a: \u80a5\u73ed|22\/100\n|-damage|p1a: Dondozo|8\/100|[from] Recoil\n|\n|-weather|Sandstorm|[upkeep]\n|-damage|p1a: Dondozo|1\/100|[from] Sandstorm\n|upkeep\n|turn|20\n|inactive|Lord Howen has 120 seconds left.\n|\n|t:|1699604725\n|switch|p2a: \u80a5\u86fe|Volcarona, M|67\/100\n|move|p1a: Dondozo|Wave Crash|p2a: \u80a5\u86fe\n|-supereffective|p2a: \u80a5\u86fe\n|-damage|p2a: \u80a5\u86fe|0 fnt\n|-status|p1a: Dondozo|brn|[from] ability: Flame Body|[of] p2a: \u80a5\u86fe\n|faint|p2a: \u80a5\u86fe\n|-damage|p1a: Dondozo|0 fnt|[from] Recoil\n|faint|p1a: Dondozo\n|\n|-weather|none\n|upkeep\n|\n|t:|1699604731\n|switch|p2a: \u80a5\u73ed|Tyranitar-Mega, F|22\/100\n|switch|p1a: Swellow|Swellow, M|100\/100\n|-weather|Sandstorm|[from] ability: Sand Stream|[of] p2a: \u80a5\u73ed\n|turn|21\n|\n|t:|1699604736\n|-terastallize|p1a: Swellow|Normal\n|move|p1a: Swellow|Boomburst|p2a: \u80a5\u73ed\n|-resisted|p2a: \u80a5\u73ed\n|-damage|p2a: \u80a5\u73ed|0 fnt\n|faint|p2a: \u80a5\u73ed\n|\n|win|Lord Howen\n|raw|Lord Howen's rating: 1112 &rarr; <strong>1142<\/strong><br \/>(+30 for winning)\n|raw|sheep1's rating: 1178 &rarr; <strong>1148<\/strong><br \/>(-30 for losing)\n|l|\u2606Lord Howen\n|l|\u2606sheep1\n","uploadtime":1699604819,"views":6,"p1id":"lordhowen","p2id":"sheep1","formatid":"gen9nationaldex","rating":1142,"private":0,"password":""}