{"id":"gen9nationaldex-1997413603","p1":"PhatcatLover","p2":"WonderOff","format":"[Gen 9] National Dex","log":"|html|<div class=\"broadcast-blue\"><strong>[Gen 9] National Dex is currently suspecting Sneasler! For information on how to participate check out the <a href=\"https:\/\/www.smogon.com\/forums\/threads\/sv-national-dex-suspect-8-just-dance.3731534\/\">suspect thread<\/a>.<\/strong><\/div>\n|j|\u2606PhatcatLover\n|j|\u2606WonderOff\n|t:|1700801272\n|gametype|singles\n|player|p1|PhatcatLover|nate|\n|player|p2|WonderOff|flannery|\n|teamsize|p1|6\n|teamsize|p2|6\n|gen|9\n|tier|[Gen 9] National Dex\n|rule|HP Percentage Mod: HP is shown in percentages\n|rule|Endless Battle Clause: Forcing endless battles is banned\n|rule|OHKO Clause: OHKO moves are banned\n|rule|Evasion Clause: Evasion abilities, items, and moves are banned\n|rule|Evasion Abilities Clause: Evasion abilities are banned\n|rule|Evasion Items Clause: Evasion items are banned\n|rule|Evasion Moves Clause: Evasion moves are banned\n|rule|Species Clause: Limit one of each Pok\u00e9mon\n|rule|Sleep Clause Mod: Limit one foe put to sleep\n|clearpoke\n|poke|p1|Toxicroak, M|\n|poke|p1|Politoed, F|\n|poke|p1|Kingdra, M|\n|poke|p1|Heliolisk, M|\n|poke|p1|Greninja-*, M|\n|poke|p1|Dragonite, F|\n|poke|p2|Decidueye, M|\n|poke|p2|Weavile, M|\n|poke|p2|Arcanine, M|\n|poke|p2|Lilligant, F|\n|poke|p2|Braviary, M|\n|poke|p2|Electrode|\n|teampreview\n|\n|t:|1700801290\n|start\n|switch|p1a: Politoed|Politoed, F, shiny|100\/100\n|switch|p2a: Electrode|Electrode|100\/100\n|-weather|RainDance|[from] ability: Drizzle|[of] p1a: Politoed\n|turn|1\n|\n|t:|1700801309\n|switch|p1a: Heliolisk|Heliolisk, M, shiny|100\/100\n|move|p2a: Electrode|Thunder Wave|p1a: Heliolisk\n|-immune|p1a: Heliolisk\n|\n|-weather|RainDance|[upkeep]\n|upkeep\n|turn|2\n|\n|t:|1700801322\n|move|p2a: Electrode|Taunt|p1a: Heliolisk\n|-start|p1a: Heliolisk|move: Taunt\n|move|p1a: Heliolisk|Grass Knot|p2a: Electrode\n|-damage|p2a: Electrode|71\/100\n|-damage|p1a: Heliolisk|84\/100|[from] item: Rocky Helmet|[of] p2a: Electrode\n|\n|-weather|RainDance|[upkeep]\n|-heal|p1a: Heliolisk|96\/100|[from] ability: Dry Skin\n|upkeep\n|turn|3\n|\n|t:|1700801339\n|move|p2a: Electrode|Explosion|p1a: Heliolisk\n|-damage|p1a: Heliolisk|25\/100\n|faint|p2a: Electrode\n|move|p1a: Heliolisk|Hyper Beam|p2: Electrode|[notarget]\n|-fail|p1a: Heliolisk\n|\n|-weather|RainDance|[upkeep]\n|-heal|p1a: Heliolisk|37\/100|[from] ability: Dry Skin\n|upkeep\n|\n|t:|1700801348\n|switch|p2a: Weavile|Weavile, M|100\/100\n|-ability|p2a: Weavile|Pressure\n|turn|4\n|\n|t:|1700801367\n|move|p2a: Weavile|Knock Off|p1a: Heliolisk\n|-damage|p1a: Heliolisk|0 fnt\n|-enditem|p1a: Heliolisk|Magnet|[from] move: Knock Off|[of] p2a: Weavile\n|faint|p1a: Heliolisk\n|\n|-weather|RainDance|[upkeep]\n|upkeep\n|\n|t:|1700801373\n|switch|p1a: Toxicroak|Toxicroak, M|100\/100\n|turn|5\n|\n|t:|1700801377\n|move|p1a: Toxicroak|Fake Out|p2a: Weavile\n|-crit|p2a: Weavile\n|-damage|p2a: Weavile|65\/100\n|cant|p2a: Weavile|flinch\n|\n|-weather|RainDance|[upkeep]\n|upkeep\n|turn|6\n|\n|t:|1700801389\n|move|p2a: Weavile|Swords Dance|p2a: Weavile\n|-boost|p2a: Weavile|atk|2\n|move|p1a: Toxicroak|Drain Punch|p2a: Weavile\n|-supereffective|p2a: Weavile\n|-damage|p2a: Weavile|0 fnt\n|faint|p2a: Weavile\n|\n|-weather|RainDance|[upkeep]\n|upkeep\n|\n|t:|1700801400\n|switch|p2a: Lilligant|Lilligant, F, shiny|100\/100\n|turn|7\n|\n|t:|1700801416\n|-terastallize|p2a: Lilligant|Electric\n|move|p2a: Lilligant|Sunny Day|p2a: Lilligant\n|-weather|SunnyDay\n|move|p1a: Toxicroak|Poison Jab|p2a: Lilligant\n|-crit|p2a: Lilligant\n|-damage|p2a: Lilligant|1\/100\n|\n|-weather|SunnyDay|[upkeep]\n|-damage|p1a: Toxicroak|88\/100|[from] ability: Dry Skin|[of] p1a: Toxicroak\n|upkeep\n|turn|8\n|\n|t:|1700801428\n|move|p1a: Toxicroak|Bullet Punch|p2a: Lilligant\n|-resisted|p2a: Lilligant\n|-damage|p2a: Lilligant|0 fnt\n|faint|p2a: Lilligant\n|\n|-weather|SunnyDay|[upkeep]\n|-damage|p1a: Toxicroak|76\/100|[from] ability: Dry Skin|[of] p1a: Toxicroak\n|upkeep\n|-message|WonderOff forfeited.\n|\n|win|PhatcatLover\n|l|\u2606WonderOff\n","uploadtime":1700801462,"views":5,"p1id":"phatcatlover","p2id":"wonderoff","formatid":"gen9nationaldex","rating":0,"private":0,"password":""}