{"id":"gen9nationaldex-1998956680","p1":"kaput1809","p2":"judgementaldeity","format":"[Gen 9] National Dex","log":"|html|<div class=\"broadcast-blue\"><strong>[Gen 9] National Dex is currently suspecting Sneasler! For information on how to participate check out the <a href=\"https:\/\/www.smogon.com\/forums\/threads\/sv-national-dex-suspect-8-just-dance.3731534\/\">suspect thread<\/a>.<\/strong><\/div>\n|j|\u2606kaput1809\n|j|\u2606judgementaldeity\n|t:|1701017585\n|gametype|singles\n|player|p1|kaput1809|silver|\n|player|p2|judgementaldeity|iris-gen5bw2|\n|teamsize|p1|6\n|teamsize|p2|6\n|gen|9\n|tier|[Gen 9] National Dex\n|rule|HP Percentage Mod: HP is shown in percentages\n|rule|Endless Battle Clause: Forcing endless battles is banned\n|rule|OHKO Clause: OHKO moves are banned\n|rule|Evasion Clause: Evasion abilities, items, and moves are banned\n|rule|Evasion Abilities Clause: Evasion abilities are banned\n|rule|Evasion Items Clause: Evasion items are banned\n|rule|Evasion Moves Clause: Evasion moves are banned\n|rule|Species Clause: Limit one of each Pok\u00e9mon\n|rule|Sleep Clause Mod: Limit one foe put to sleep\n|clearpoke\n|poke|p1|Rampardos, M|\n|poke|p1|Steelix, F|\n|poke|p1|Tauros, M|\n|poke|p1|Abomasnow, M|\n|poke|p1|Kommo-o, M|\n|poke|p1|Volcanion|\n|poke|p2|Armaldo, F|\n|poke|p2|Ambipom, M|\n|poke|p2|Arcanine, F|\n|poke|p2|Exeggutor, M|\n|poke|p2|Eelektross, M|\n|poke|p2|Blissey, F|\n|teampreview\n|\n|t:|1701017627\n|start\n|switch|p1a: Rampardos|Rampardos, M|100\/100\n|switch|p2a: Armaldo|Armaldo, F|100\/100\n|turn|1\n|\n|t:|1701017641\n|move|p1a: Rampardos|Stealth Rock|p2a: Armaldo\n|-sidestart|p2: judgementaldeity|move: Stealth Rock\n|move|p2a: Armaldo|Earthquake|p1a: Rampardos\n|-supereffective|p1a: Rampardos\n|-damage|p1a: Rampardos|0 fnt\n|faint|p1a: Rampardos\n|\n|upkeep\n|\n|t:|1701017728\n|switch|p1a: Volcanion|Volcanion|100\/100\n|turn|2\n|\n|t:|1701017780\n|move|p1a: Volcanion|Steam Eruption|p2a: Armaldo\n|-supereffective|p2a: Armaldo\n|-damage|p2a: Armaldo|0 fnt\n|faint|p2a: Armaldo\n|\n|upkeep\n|\n|t:|1701017790\n|switch|p2a: Eelektross|Eelektross, M|100\/100\n|-damage|p2a: Eelektross|88\/100|[from] Stealth Rock\n|turn|3\n|\n|t:|1701017830\n|switch|p1a: Steelix|Steelix, F|100\/100\n|move|p2a: Eelektross|Thunderbolt|p1a: Steelix\n|-immune|p1a: Steelix\n|\n|upkeep\n|turn|4\n|\n|t:|1701017887\n|switch|p1a: Kommo-o|Kommo-o, M|100\/100\n|move|p2a: Eelektross|Flamethrower|p1a: Kommo-o\n|-resisted|p1a: Kommo-o\n|-damage|p1a: Kommo-o|84\/100\n|\n|upkeep\n|turn|5\n|\n|t:|1701017962\n|move|p1a: Kommo-o|Clanging Scales|p2a: Eelektross\n|-damage|p2a: Eelektross|26\/100\n|-unboost|p1a: Kommo-o|def|1\n|move|p2a: Eelektross|Volt Switch|p1a: Kommo-o\n|-resisted|p1a: Kommo-o\n|-damage|p1a: Kommo-o|65\/100\n|\n|t:|1701017978\n|switch|p2a: Exeggutor|Exeggutor, M|100\/100|[from] Volt Switch\n|-damage|p2a: Exeggutor|88\/100|[from] Stealth Rock\n|\n|upkeep\n|turn|6\n|\n|t:|1701017988\n|switch|p1a: Abomasnow|Abomasnow, M|100\/100\n|-weather|Snow|[from] ability: Snow Warning|[of] p1a: Abomasnow\n|move|p2a: Exeggutor|Psyshock|p1a: Abomasnow\n|-damage|p1a: Abomasnow|53\/100\n|-damage|p2a: Exeggutor|78\/100|[from] item: Life Orb\n|\n|-weather|Snow|[upkeep]\n|upkeep\n|turn|7\n|\n|t:|1701018006\n|move|p2a: Exeggutor|Hidden Power|p1a: Abomasnow\n|-supereffective|p1a: Abomasnow\n|-damage|p1a: Abomasnow|0 fnt\n|faint|p1a: Abomasnow\n|-damage|p2a: Exeggutor|68\/100|[from] item: Life Orb\n|\n|-weather|Snow|[upkeep]\n|upkeep\n|\n|t:|1701018016\n|switch|p1a: Tauros|Tauros, M|100\/100\n|turn|8\n|\n|t:|1701018044\n|switch|p2a: Eelektross|Eelektross, M|26\/100\n|-damage|p2a: Eelektross|14\/100|[from] Stealth Rock\n|-terastallize|p1a: Tauros|Normal\n|move|p1a: Tauros|Rock Climb|p2a: Eelektross\n|-damage|p2a: Eelektross|0 fnt\n|faint|p2a: Eelektross\n|\n|-weather|Snow|[upkeep]\n|upkeep\n|\n|t:|1701018067\n|switch|p2a: Ambipom|Ambipom, M|100\/100\n|-damage|p2a: Ambipom|88\/100|[from] Stealth Rock\n|turn|9\n|\n|t:|1701018094\n|switch|p1a: Steelix|Steelix, F|100\/100\n|-terastallize|p2a: Ambipom|Normal\n|move|p2a: Ambipom|Fake Out|p1a: Steelix\n|-resisted|p1a: Steelix\n|-damage|p1a: Steelix|88\/100\n|-damage|p2a: Ambipom|78\/100|[from] item: Life Orb\n|\n|-weather|Snow|[upkeep]\n|-heal|p1a: Steelix|94\/100|[from] item: Leftovers\n|upkeep\n|turn|10\n|\n|t:|1701018107\n|move|p2a: Ambipom|Knock Off|p1a: Steelix\n|-damage|p1a: Steelix|75\/100\n|-enditem|p1a: Steelix|Leftovers|[from] move: Knock Off|[of] p2a: Ambipom\n|-damage|p2a: Ambipom|68\/100|[from] item: Life Orb\n|move|p1a: Steelix|Earthquake|p2a: Ambipom\n|-damage|p2a: Ambipom|21\/100\n|\n|-weather|Snow|[upkeep]\n|upkeep\n|turn|11\n|\n|t:|1701018122\n|move|p2a: Ambipom|Double Hit|p1a: Steelix\n|-resisted|p1a: Steelix\n|-damage|p1a: Steelix|65\/100\n|-resisted|p1a: Steelix\n|-damage|p1a: Steelix|56\/100\n|-hitcount|p1a: Steelix|2\n|-damage|p2a: Ambipom|11\/100|[from] item: Life Orb\n|move|p1a: Steelix|Heavy Slam|p2a: Ambipom\n|-damage|p2a: Ambipom|0 fnt\n|faint|p2a: Ambipom\n|\n|-weather|Snow|[upkeep]\n|upkeep\n|\n|t:|1701018132\n|switch|p2a: Exeggutor|Exeggutor, M|68\/100\n|-damage|p2a: Exeggutor|56\/100|[from] Stealth Rock\n|turn|12\n|\n|t:|1701018142\n|switch|p1a: Kommo-o|Kommo-o, M|65\/100\n|move|p2a: Exeggutor|Hidden Power|p1a: Kommo-o\n|-resisted|p1a: Kommo-o\n|-damage|p1a: Kommo-o|49\/100\n|-damage|p2a: Exeggutor|46\/100|[from] item: Life Orb\n|\n|-weather|Snow|[upkeep]\n|upkeep\n|turn|13\n|\n|t:|1701018153\n|move|p1a: Kommo-o|Clanging Scales|p2a: Exeggutor\n|-damage|p2a: Exeggutor|0 fnt\n|faint|p2a: Exeggutor\n|-unboost|p1a: Kommo-o|def|1\n|\n|-weather|none\n|upkeep\n|\n|t:|1701018167\n|switch|p2a: Blissey|Blissey, F|100\/100\n|-damage|p2a: Blissey|88\/100|[from] Stealth Rock\n|turn|14\n|\n|t:|1701018174\n|switch|p1a: Steelix|Steelix, F|56\/100\n|move|p2a: Blissey|Toxic|p1a: Steelix\n|-immune|p1a: Steelix\n|\n|-heal|p2a: Blissey|94\/100|[from] item: Leftovers\n|upkeep\n|turn|15\n|\n|t:|1701018182\n|move|p2a: Blissey|Wish|p2a: Blissey\n|move|p1a: Steelix|Earthquake|p2a: Blissey\n|-damage|p2a: Blissey|70\/100\n|\n|-heal|p2a: Blissey|76\/100|[from] item: Leftovers\n|upkeep\n|turn|16\n|\n|t:|1701018189\n|move|p2a: Blissey|Seismic Toss|p1a: Steelix\n|-damage|p1a: Steelix|28\/100\n|move|p1a: Steelix|Gyro Ball|p2a: Blissey\n|-damage|p2a: Blissey|65\/100\n|\n|-heal|p2a: Blissey|100\/100|[from] move: Wish|[wisher] Blissey\n|upkeep\n|turn|17\n|\n|t:|1701018209\n|switch|p1a: Kommo-o|Kommo-o, M|49\/100\n|move|p2a: Blissey|Wish|p2a: Blissey\n|\n|upkeep\n|turn|18\n|\n|t:|1701018215\n|move|p1a: Kommo-o|Poison Jab|p2a: Blissey\n|-damage|p2a: Blissey|86\/100\n|-status|p2a: Blissey|psn\n|move|p2a: Blissey|Toxic|p1a: Kommo-o\n|-status|p1a: Kommo-o|tox\n|\n|-heal|p2a: Blissey|100\/100 psn|[from] move: Wish|[wisher] Blissey\n|-damage|p1a: Kommo-o|43\/100 tox|[from] psn\n|-damage|p2a: Blissey|88\/100 psn|[from] psn\n|upkeep\n|turn|19\n|\n|t:|1701018250\n|switch|p1a: Volcanion|Volcanion|100\/100\n|move|p2a: Blissey|Protect||[still]\n|-fail|p2a: Blissey\n|\n|-heal|p2a: Blissey|94\/100 psn|[from] item: Leftovers\n|-damage|p2a: Blissey|82\/100 psn|[from] psn\n|upkeep\n|turn|20\n|\n|t:|1701018265\n|move|p1a: Volcanion|Steam Eruption|p2a: Blissey\n|-damage|p2a: Blissey|59\/100 psn\n|move|p2a: Blissey|Wish|p2a: Blissey\n|\n|-heal|p2a: Blissey|65\/100 psn|[from] item: Leftovers\n|-damage|p2a: Blissey|53\/100 psn|[from] psn\n|upkeep\n|turn|21\n|\n|t:|1701018284\n|move|p1a: Volcanion|Steam Eruption|p2a: Blissey\n|-damage|p2a: Blissey|29\/100 psn\n|move|p2a: Blissey|Toxic|p1a: Volcanion\n|-status|p1a: Volcanion|tox\n|\n|-heal|p2a: Blissey|79\/100 psn|[from] move: Wish|[wisher] Blissey\n|-heal|p2a: Blissey|85\/100 psn|[from] item: Leftovers\n|-damage|p1a: Volcanion|95\/100 tox|[from] psn\n|-damage|p2a: Blissey|72\/100 psn|[from] psn\n|upkeep\n|turn|22\n|\n|t:|1701018296\n|-curestatus|p2a: Blissey|psn|[from] ability: Natural Cure\n|switch|p2a: Arcanine|Arcanine, F|100\/100\n|-damage|p2a: Arcanine|76\/100|[from] Stealth Rock\n|-ability|p2a: Arcanine|Intimidate|boost\n|-unboost|p1a: Volcanion|atk|1\n|move|p1a: Volcanion|Steam Eruption|p2a: Arcanine\n|-supereffective|p2a: Arcanine\n|-crit|p2a: Arcanine\n|-damage|p2a: Arcanine|0 fnt\n|faint|p2a: Arcanine\n|\n|-heal|p1a: Volcanion|100\/100 tox|[from] item: Leftovers\n|-damage|p1a: Volcanion|89\/100 tox|[from] psn\n|upkeep\n|\n|t:|1701018309\n|switch|p2a: Blissey|Blissey, F|72\/100\n|-damage|p2a: Blissey|60\/100|[from] Stealth Rock\n|turn|23\n|\n|t:|1701018313\n|move|p1a: Volcanion|Sludge Bomb|p2a: Blissey\n|-damage|p2a: Blissey|47\/100\n|move|p2a: Blissey|Wish|p2a: Blissey\n|\n|-heal|p1a: Volcanion|95\/100 tox|[from] item: Leftovers\n|-heal|p2a: Blissey|54\/100|[from] item: Leftovers\n|-damage|p1a: Volcanion|77\/100 tox|[from] psn\n|upkeep\n|turn|24\n|\n|t:|1701018321\n|move|p2a: Blissey|Protect|p2a: Blissey\n|-singleturn|p2a: Blissey|Protect\n|move|p1a: Volcanion|Sludge Bomb|p2a: Blissey\n|-activate|p2a: Blissey|move: Protect\n|\n|-heal|p2a: Blissey|100\/100|[from] move: Wish|[wisher] Blissey\n|-heal|p1a: Volcanion|83\/100 tox|[from] item: Leftovers\n|-damage|p1a: Volcanion|59\/100 tox|[from] psn\n|upkeep\n|turn|25\n|\n|t:|1701018331\n|move|p1a: Volcanion|Sludge Bomb|p2a: Blissey\n|-damage|p2a: Blissey|88\/100\n|-status|p2a: Blissey|psn\n|move|p2a: Blissey|Wish|p2a: Blissey\n|\n|-heal|p1a: Volcanion|65\/100 tox|[from] item: Leftovers\n|-heal|p2a: Blissey|94\/100 psn|[from] item: Leftovers\n|-damage|p1a: Volcanion|35\/100 tox|[from] psn\n|-damage|p2a: Blissey|82\/100 psn|[from] psn\n|upkeep\n|turn|26\n|\n|t:|1701018355\n|move|p1a: Volcanion|Steam Eruption|p2a: Blissey\n|-damage|p2a: Blissey|60\/100 psn\n|move|p2a: Blissey|Seismic Toss|p1a: Volcanion\n|-damage|p1a: Volcanion|1\/100 tox\n|\n|-heal|p2a: Blissey|100\/100 psn|[from] move: Wish|[wisher] Blissey\n|-heal|p1a: Volcanion|7\/100 tox|[from] item: Leftovers\n|-damage|p1a: Volcanion|0 fnt|[from] psn\n|faint|p1a: Volcanion\n|-damage|p2a: Blissey|88\/100 psn|[from] psn\n|upkeep\n|\n|t:|1701018372\n|switch|p1a: Kommo-o|Kommo-o, M|43\/100 tox\n|turn|27\n|\n|t:|1701018398\n|move|p1a: Kommo-o|Clanging Scales|p2a: Blissey\n|-damage|p2a: Blissey|61\/100 psn\n|-unboost|p1a: Kommo-o|def|1\n|move|p2a: Blissey|Wish|p2a: Blissey\n|\n|-heal|p2a: Blissey|68\/100 psn|[from] item: Leftovers\n|-damage|p1a: Kommo-o|37\/100 tox|[from] psn\n|-damage|p2a: Blissey|55\/100 psn|[from] psn\n|upkeep\n|turn|28\n|c|\u2606kaput1809|your blissey wont save you now\n|\n|t:|1701018408\n|move|p1a: Kommo-o|Clanging Scales|p2a: Blissey\n|-damage|p2a: Blissey|26\/100 psn\n|-unboost|p1a: Kommo-o|def|1\n|move|p2a: Blissey|Seismic Toss|p1a: Kommo-o\n|-damage|p1a: Kommo-o|2\/100 tox\n|\n|-heal|p2a: Blissey|76\/100 psn|[from] move: Wish|[wisher] Blissey\n|-heal|p2a: Blissey|82\/100 psn|[from] item: Leftovers\n|-damage|p1a: Kommo-o|0 fnt|[from] psn\n|faint|p1a: Kommo-o\n|-damage|p2a: Blissey|70\/100 psn|[from] psn\n|upkeep\n|c|\u2606judgementaldeity|maybe not but it'll do its job\n|\n|t:|1701018435\n|switch|p1a: Tauros|Tauros, M, tera:Normal|100\/100\n|turn|29\n|\n|t:|1701018442\n|move|p1a: Tauros|Rock Climb|p2a: Blissey|[miss]\n|-miss|p1a: Tauros|p2a: Blissey\n|move|p2a: Blissey|Wish|p2a: Blissey\n|\n|-heal|p2a: Blissey|76\/100 psn|[from] item: Leftovers\n|-damage|p2a: Blissey|64\/100 psn|[from] psn\n|upkeep\n|turn|30\n|c|\u2606kaput1809|YOU STUPID BULL\n|\n|t:|1701018452\n|move|p1a: Tauros|Rock Climb|p2a: Blissey|[miss]\n|-miss|p1a: Tauros|p2a: Blissey\n|move|p2a: Blissey|Toxic|p1a: Tauros|[miss]\n|-miss|p2a: Blissey|p1a: Tauros\n|\n|-heal|p2a: Blissey|100\/100 psn|[from] move: Wish|[wisher] Blissey\n|-damage|p2a: Blissey|88\/100 psn|[from] psn\n|upkeep\n|turn|31\n|c|\u2606judgementaldeity|now this is funny\n|\n|t:|1701018461\n|move|p1a: Tauros|Rock Climb|p2a: Blissey\n|-damage|p2a: Blissey|0 fnt\n|faint|p2a: Blissey\n|\n|win|kaput1809\n|c|\u2606judgementaldeity|ggs\n","uploadtime":1701018472,"views":4,"p1id":"kaput1809","p2id":"judgementaldeity","formatid":"gen9nationaldex","rating":0,"private":0,"password":""}