{"id":"gen9nationaldex-1995752604","p1":"MP1024","p2":"PM4201","format":"[Gen 9] National Dex","log":"|html|<div class=\"broadcast-blue\"><strong>[Gen 9] National Dex is currently suspecting Sneasler! For information on how to participate check out the <a href=\"https:\/\/www.smogon.com\/forums\/threads\/sv-national-dex-suspect-8-just-dance.3731534\/\">suspect thread<\/a>.<\/strong><\/div>\n|j|\u2606MP1024\n|j|\u2606PM4201\n|t:|1700599870\n|gametype|singles\n|player|p1|MP1024|scientist|\n|player|p2|PM4201|pokemonranger-gen4|\n|teamsize|p1|6\n|teamsize|p2|6\n|gen|9\n|tier|[Gen 9] National Dex\n|rule|HP Percentage Mod: HP is shown in percentages\n|rule|Endless Battle Clause: Forcing endless battles is banned\n|rule|OHKO Clause: OHKO moves are banned\n|rule|Evasion Clause: Evasion abilities, items, and moves are banned\n|rule|Evasion Abilities Clause: Evasion abilities are banned\n|rule|Evasion Items Clause: Evasion items are banned\n|rule|Evasion Moves Clause: Evasion moves are banned\n|rule|Species Clause: Limit one of each Pok\u00e9mon\n|rule|Sleep Clause Mod: Limit one foe put to sleep\n|clearpoke\n|poke|p1|Mew|\n|poke|p1|Tyranitar, M|\n|poke|p1|Toucannon, F|\n|poke|p1|Golisopod, M|\n|poke|p1|Lycanroc-Dusk, F|\n|poke|p1|Mimikyu, F|\n|poke|p2|Pidgeot, M|\n|poke|p2|Tangrowth, M|\n|poke|p2|Electivire, M|\n|poke|p2|Lapras, M|\n|poke|p2|Ditto|\n|poke|p2|Dragonite, F|\n|teampreview\n|inactive|Battle timer is ON: inactive players will automatically lose when time's up. (requested by MP1024)\n|\n|t:|1700599889\n|start\n|switch|p1a: Toucannon|Toucannon, F|100\/100\n|switch|p2a: Electivire|Electivire, M|100\/100\n|turn|1\n|\n|t:|1700599916\n|-singleturn|p1a: Toucannon|move: Beak Blast\n|move|p2a: Electivire|Thunder Punch|p1a: Toucannon\n|-supereffective|p1a: Toucannon\n|-damage|p1a: Toucannon|0 fnt\n|-status|p2a: Electivire|brn\n|faint|p1a: Toucannon\n|\n|-damage|p2a: Electivire|94\/100 brn|[from] brn\n|upkeep\n|inactive|MP1024 has 270 seconds left.\n|\n|t:|1700599928\n|switch|p1a: Lycanroc|Lycanroc-Dusk, F|100\/100\n|turn|2\n|\n|t:|1700599934\n|move|p1a: Lycanroc|Drill Run|p2a: Electivire|[miss]\n|-miss|p1a: Lycanroc|p2a: Electivire\n|move|p2a: Electivire|Earthquake|p1a: Lycanroc\n|-supereffective|p1a: Lycanroc\n|-damage|p1a: Lycanroc|45\/100\n|\n|-damage|p2a: Electivire|88\/100 brn|[from] brn\n|upkeep\n|turn|3\n|\n|t:|1700599945\n|move|p1a: Lycanroc|Drill Run|p2a: Electivire\n|-supereffective|p2a: Electivire\n|-damage|p2a: Electivire|0 fnt\n|faint|p2a: Electivire\n|\n|upkeep\n|inactive|PM4201 has 270 seconds left.\n|inactive|PM4201 has 240 seconds left.\n|\n|t:|1700600008\n|switch|p2a: Ditto|Ditto|100\/100\n|-transform|p2a: Ditto|p1a: Lycanroc|[from] ability: Imposter\n|turn|4\n|inactive|PM4201 has 240 seconds left.\n|\n|t:|1700600023\n|move|p1a: Lycanroc|Drill Run|p2a: Ditto\n|-supereffective|p2a: Ditto\n|-damage|p2a: Ditto|0 fnt\n|faint|p2a: Ditto\n|\n|upkeep\n|inactive|PM4201 has 240 seconds left.\n|\n|t:|1700600042\n|switch|p2a: Dragonite|Dragonite, F|100\/100\n|turn|5\n|\n|t:|1700600049\n|move|p1a: Lycanroc|Accelerock|p2a: Dragonite\n|-supereffective|p2a: Dragonite\n|-damage|p2a: Dragonite|65\/100\n|move|p2a: Dragonite|Dragon Dance|p2a: Dragonite\n|-boost|p2a: Dragonite|atk|1\n|-boost|p2a: Dragonite|spe|1\n|\n|upkeep\n|turn|6\n|inactive|PM4201 has 240 seconds left.\n|\n|t:|1700600077\n|move|p2a: Dragonite|Dragon Claw|p1a: Lycanroc\n|-crit|p1a: Lycanroc\n|-damage|p1a: Lycanroc|0 fnt\n|faint|p1a: Lycanroc\n|\n|upkeep\n|\n|t:|1700600081\n|switch|p1a: Mimikyu|Mimikyu, F|100\/100\n|turn|7\n|\n|t:|1700600086\n|move|p2a: Dragonite|Dragon Claw|p1a: Mimikyu\n|-immune|p1a: Mimikyu\n|move|p1a: Mimikyu|Play Rough|p2a: Dragonite\n|-supereffective|p2a: Dragonite\n|-damage|p2a: Dragonite|0 fnt\n|faint|p2a: Dragonite\n|-damage|p1a: Mimikyu|91\/100|[from] item: Life Orb\n|\n|upkeep\n|\n|t:|1700600097\n|switch|p2a: Pidgeot|Pidgeot, M|100\/100\n|turn|8\n|\n|t:|1700600108\n|detailschange|p2a: Pidgeot|Pidgeot-Mega, M\n|-mega|p2a: Pidgeot|Pidgeot|Pidgeotite\n|move|p2a: Pidgeot|U-turn|p1a: Mimikyu\n|-activate|p1a: Mimikyu|ability: Disguise\n|-damage|p1a: Mimikyu|91\/100\n|detailschange|p1a: Mimikyu|Mimikyu-Busted, F\n|-damage|p1a: Mimikyu|78\/100|[from] pokemon: Mimikyu-Busted\n|\n|t:|1700600117\n|switch|p2a: Tangrowth|Tangrowth, M|100\/100|[from] U-turn\n|move|p1a: Mimikyu|Drain Punch|p2a: Tangrowth\n|-damage|p2a: Tangrowth|83\/100\n|-heal|p1a: Mimikyu|92\/100|[from] drain|[of] p2a: Tangrowth\n|-damage|p1a: Mimikyu|76\/100|[from] item: Rocky Helmet|[of] p2a: Tangrowth\n|-damage|p1a: Mimikyu|66\/100|[from] item: Life Orb\n|\n|upkeep\n|turn|9\n|inactive|PM4201 has 240 seconds left.\n|\n|t:|1700600131\n|move|p1a: Mimikyu|Swords Dance|p1a: Mimikyu\n|-boost|p1a: Mimikyu|atk|2\n|move|p2a: Tangrowth|Energy Ball|p1a: Mimikyu\n|-damage|p1a: Mimikyu|7\/100\n|\n|upkeep\n|turn|10\n|inactive|PM4201 has 240 seconds left.\n|\n|t:|1700600143\n|move|p1a: Mimikyu|Play Rough|p2a: Tangrowth\n|-damage|p2a: Tangrowth|14\/100\n|-damage|p1a: Mimikyu|0 fnt|[from] item: Rocky Helmet|[of] p2a: Tangrowth\n|faint|p1a: Mimikyu\n|move|p2a: Tangrowth|Ancient Power|p1: Mimikyu|[notarget]\n|-fail|p2a: Tangrowth\n|\n|upkeep\n|\n|t:|1700600149\n|switch|p1a: Golisopod|Golisopod, M|100\/100\n|turn|11\n|\n|t:|1700600154\n|move|p1a: Golisopod|First Impression|p2a: Tangrowth\n|-supereffective|p2a: Tangrowth\n|-damage|p2a: Tangrowth|0 fnt\n|-damage|p1a: Golisopod|84\/100|[from] item: Rocky Helmet|[of] p2a: Tangrowth\n|faint|p2a: Tangrowth\n|\n|upkeep\n|\n|t:|1700600162\n|switch|p2a: Pidgeot|Pidgeot-Mega, M|100\/100\n|turn|12\n|\n|t:|1700600166\n|move|p2a: Pidgeot|Hurricane|p1a: Golisopod\n|-supereffective|p1a: Golisopod\n|-damage|p1a: Golisopod|0 fnt\n|faint|p1a: Golisopod\n|\n|upkeep\n|inactive|MP1024 has 270 seconds left.\n|\n|t:|1700600210\n|switch|p1a: Mew|Mew|100\/100\n|turn|13\n|inactive|PM4201 has 270 seconds left.\n|\n|t:|1700600220\n|move|p2a: Pidgeot|U-turn|p1a: Mew\n|-supereffective|p1a: Mew\n|-damage|p1a: Mew|78\/100\n|\n|t:|1700600223\n|switch|p2a: Lapras|Lapras, M|100\/100|[from] U-turn\n|-zpower|p1a: Mew\n|move|p1a: Mew|Genesis Supernova|p2a: Lapras|[zeffect]\n|-damage|p2a: Lapras|63\/100\n|-fieldstart|move: Psychic Terrain\n|\n|upkeep\n|turn|14\n|\n|t:|1700600236\n|move|p1a: Mew|Expanding Force|p2a: Lapras\n|-damage|p2a: Lapras|30\/100\n|move|p2a: Lapras|Surf|p1a: Mew\n|-damage|p1a: Mew|40\/100\n|\n|upkeep\n|turn|15\n|inactive|MP1024 has 270 seconds left.\n|inactive|PM4201 has 270 seconds left.\n|\n|t:|1700600258\n|move|p1a: Mew|Psychic|p2a: Lapras\n|-damage|p2a: Lapras|6\/100\n|move|p2a: Lapras|Brine|p1a: Mew\n|-damage|p1a: Mew|0 fnt\n|faint|p1a: Mew\n|\n|upkeep\n|inactive|MP1024 has 270 seconds left.\n|\n|t:|1700600266\n|switch|p1a: Tyranitar|Tyranitar, M|100\/100\n|-ability|p1a: Tyranitar|Unnerve\n|turn|16\n|\n|t:|1700600274\n|move|p1a: Tyranitar|Crunch|p2a: Lapras\n|-damage|p2a: Lapras|0 fnt\n|faint|p2a: Lapras\n|\n|upkeep\n|\n|t:|1700600278\n|switch|p2a: Pidgeot|Pidgeot-Mega, M|100\/100\n|turn|17\n|\n|t:|1700600291\n|detailschange|p1a: Tyranitar|Tyranitar-Mega, M\n|-mega|p1a: Tyranitar|Tyranitar|Tyranitarite\n|-weather|Sandstorm|[from] ability: Sand Stream|[of] p1a: Tyranitar\n|move|p2a: Pidgeot|U-turn|p1a: Tyranitar\n|-supereffective|p1a: Tyranitar\n|-damage|p1a: Tyranitar|86\/100\n|move|p1a: Tyranitar|Crunch|p2a: Pidgeot\n|-damage|p2a: Pidgeot|26\/100\n|-unboost|p2a: Pidgeot|def|1\n|\n|-weather|Sandstorm|[upkeep]\n|-damage|p2a: Pidgeot|20\/100|[from] Sandstorm\n|-fieldend|move: Psychic Terrain\n|upkeep\n|turn|18\n|\n|t:|1700600307\n|move|p2a: Pidgeot|Roost|p2a: Pidgeot\n|-heal|p2a: Pidgeot|70\/100\n|-singleturn|p2a: Pidgeot|move: Roost\n|move|p1a: Tyranitar|Outrage|p2a: Pidgeot\n|-damage|p2a: Pidgeot|0 fnt\n|faint|p2a: Pidgeot\n|\n|win|MP1024\n","uploadtime":1700600319,"views":0,"p1id":"mp1024","p2id":"pm4201","formatid":"gen9nationaldex","rating":0,"private":0,"password":""}