{"id":"gen9nationaldex-1992914625","p1":"dr needs","p2":"XxGH0$TxX","format":"[Gen 9] National Dex","log":"|j|\u2606dr needs\n|j|\u2606XxGH0$TxX\n|t:|1700246408\n|gametype|singles\n|player|p1|dr needs|265|1332\n|player|p2|XxGH0$TxX|ghetsis-gen5bw|1229\n|teamsize|p1|6\n|teamsize|p2|6\n|gen|9\n|tier|[Gen 9] National Dex\n|rated|\n|rule|HP Percentage Mod: HP is shown in percentages\n|rule|Endless Battle Clause: Forcing endless battles is banned\n|rule|OHKO Clause: OHKO moves are banned\n|rule|Evasion Clause: Evasion abilities, items, and moves are banned\n|rule|Evasion Abilities Clause: Evasion abilities are banned\n|rule|Evasion Items Clause: Evasion items are banned\n|rule|Evasion Moves Clause: Evasion moves are banned\n|rule|Species Clause: Limit one of each Pok\u00e9mon\n|rule|Sleep Clause Mod: Limit one foe put to sleep\n|clearpoke\n|poke|p1|Kommo-o, F|\n|poke|p1|Lickilicky, M|\n|poke|p1|Latios, M|\n|poke|p1|Corviknight, M|\n|poke|p1|Rillaboom, M|\n|poke|p1|Darmanitan, M|\n|poke|p2|Audino, F|\n|poke|p2|Celesteela|\n|poke|p2|Urshifu-*, M|\n|poke|p2|Dragonite, M|\n|poke|p2|Ribombee, F|\n|poke|p2|Thundurus-Therian, M|\n|teampreview\n|c|\u2606dr needs|bro\n|c|\u2606dr needs|how old are you\n|c|\u2606dr needs|12 or 30\n|\n|t:|1700246441\n|start\n|switch|p1a: beans|Darmanitan, M|100\/100\n|switch|p2a: Thundurus|Thundurus-Therian, M|100\/100\n|turn|1\n|c|\u2606XxGH0$TxX|100\n|c|\u2606XxGH0$TxX|Why\n|\n|t:|1700246469\n|move|p2a: Thundurus|Volt Switch|p1a: beans\n|-damage|p1a: beans|37\/100\n|\n|t:|1700246476\n|switch|p2a: Dragonite|Dragonite, M|100\/100|[from] Volt Switch\n|move|p1a: beans|Flare Blitz|p2a: Dragonite\n|-resisted|p2a: Dragonite\n|-damage|p2a: Dragonite|68\/100\n|-damage|p1a: beans|27\/100|[from] Recoil\n|\n|-heal|p2a: Dragonite|74\/100|[from] item: Leftovers\n|upkeep\n|turn|2\n|c|\u2606dr needs|mf xx xx headass\n|\n|t:|1700246493\n|move|p1a: beans|Flare Blitz|p2a: Dragonite\n|-resisted|p2a: Dragonite\n|-damage|p2a: Dragonite|1\/100\n|-damage|p1a: beans|5\/100|[from] Recoil\n|move|p2a: Dragonite|Dragon Dance|p2a: Dragonite\n|-boost|p2a: Dragonite|atk|1\n|-boost|p2a: Dragonite|spe|1\n|\n|-heal|p2a: Dragonite|7\/100|[from] item: Leftovers\n|upkeep\n|turn|3\n|\n|t:|1700246508\n|switch|p1a: lueeuua|Corviknight, M|100\/100\n|move|p2a: Dragonite|Earthquake|p1a: lueeuua\n|-immune|p1a: lueeuua\n|\n|-heal|p2a: Dragonite|13\/100|[from] item: Leftovers\n|upkeep\n|turn|4\n|\n|t:|1700246517\n|move|p2a: Dragonite|Fire Punch|p1a: lueeuua\n|-supereffective|p1a: lueeuua\n|-damage|p1a: lueeuua|44\/100\n|-damage|p2a: Dragonite|0 fnt|[from] item: Rocky Helmet|[of] p1a: lueeuua\n|faint|p2a: Dragonite\n|move|p1a: lueeuua|Brave Bird|p2: Dragonite|[notarget]\n|-fail|p1a: lueeuua\n|\n|upkeep\n|\n|t:|1700246530\n|switch|p2a: Thundurus|Thundurus-Therian, M|100\/100\n|turn|5\n|\n|t:|1700246552\n|switch|p1a: lumini|Latios, M|100\/100\n|move|p2a: Thundurus|Thunderbolt|p1a: lumini\n|-resisted|p1a: lumini\n|-damage|p1a: lumini|72\/100\n|\n|upkeep\n|turn|6\n|\n|t:|1700246564\n|detailschange|p1a: lumini|Latios-Mega, M\n|-mega|p1a: lumini|Latios|Latiosite\n|move|p1a: lumini|Draco Meteor|p2a: Thundurus\n|-damage|p2a: Thundurus|2\/100\n|-unboost|p1a: lumini|spa|2\n|move|p2a: Thundurus|Volt Switch|p1a: lumini\n|-resisted|p1a: lumini\n|-damage|p1a: lumini|49\/100\n|\n|t:|1700246576\n|switch|p2a: Ribombee|Ribombee, F|100\/100|[from] Volt Switch\n|\n|upkeep\n|turn|7\n|\n|t:|1700246581\n|switch|p1a: lueeuua|Corviknight, M|44\/100\n|move|p2a: Ribombee|Moonblast|p1a: lueeuua\n|-resisted|p1a: lueeuua\n|-damage|p1a: lueeuua|26\/100\n|\n|upkeep\n|turn|8\n|\n|t:|1700246592\n|switch|p2a: Thundurus|Thundurus-Therian, M|2\/100\n|move|p1a: lueeuua|Roost|p1a: lueeuua\n|-heal|p1a: lueeuua|76\/100\n|-singleturn|p1a: lueeuua|move: Roost\n|\n|upkeep\n|turn|9\n|\n|t:|1700246602\n|switch|p1a: lumini|Latios-Mega, M|49\/100\n|move|p2a: Thundurus|Thunderbolt|p1a: lumini\n|-resisted|p1a: lumini\n|-damage|p1a: lumini|19\/100\n|\n|upkeep\n|turn|10\n|\n|t:|1700246612\n|move|p1a: lumini|Draco Meteor|p2a: Thundurus\n|-damage|p2a: Thundurus|0 fnt\n|-unboost|p1a: lumini|spa|2\n|faint|p2a: Thundurus\n|\n|upkeep\n|c|\u2606dr needs|gime a sec swear\n|\n|t:|1700246628\n|switch|p2a: Audino|Audino, F|100\/100\n|turn|11\n|c|\u2606dr needs|gotta move some boxes for food drive\n|-message|XxGH0$TxX forfeited.\n|\n|win|dr needs\n|raw|dr needs's rating: 1332 &rarr; <strong>1346<\/strong><br \/>(+14 for winning)\n|raw|XxGH0$TxX's rating: 1229 &rarr; <strong>1211<\/strong><br \/>(-18 for losing)\n|l|\u2606XxGH0$TxX\n","uploadtime":1700246489,"views":6,"p1id":"drneeds","p2id":"xxgh0txx","formatid":"gen9nationaldex","rating":1211,"private":0,"password":""}