{"id":"gen9nationaldex-1988090841","p1":"mtyqjltz4","p2":"Deedezs","format":"[Gen 9] National Dex","log":"|j|\u2606mtyqjltz4\n|j|\u2606Deedezs\n|t:|1699668388\n|gametype|singles\n|player|p1|mtyqjltz4|elesa|1489\n|player|p2|Deedezs|n|1422\n|teamsize|p1|6\n|teamsize|p2|6\n|gen|9\n|tier|[Gen 9] National Dex\n|rated|\n|rule|HP Percentage Mod: HP is shown in percentages\n|rule|Endless Battle Clause: Forcing endless battles is banned\n|rule|OHKO Clause: OHKO moves are banned\n|rule|Evasion Clause: Evasion abilities, items, and moves are banned\n|rule|Evasion Abilities Clause: Evasion abilities are banned\n|rule|Evasion Items Clause: Evasion items are banned\n|rule|Evasion Moves Clause: Evasion moves are banned\n|rule|Species Clause: Limit one of each Pok\u00e9mon\n|rule|Sleep Clause Mod: Limit one foe put to sleep\n|clearpoke\n|poke|p1|Butterfree, F|\n|poke|p1|Moltres|\n|poke|p1|Venusaur, M|\n|poke|p1|Samurott-Hisui, M|\n|poke|p1|Jirachi|\n|poke|p1|Iron Valiant|\n|poke|p2|Lopunny, M|\n|poke|p2|Corviknight, F|\n|poke|p2|Hatterene, F|\n|poke|p2|Clodsire, M|\n|poke|p2|Ogerpon-Wellspring, F|\n|poke|p2|Kommo-o, M|\n|teampreview\n|inactive|Battle timer is ON: inactive players will automatically lose when time's up. (requested by mtyqjltz4)\n|\n|t:|1699668402\n|start\n|switch|p1a: Venusaur|Venusaur, M|100\/100\n|switch|p2a: Lopunny|Lopunny, M|100\/100\n|turn|1\n|\n|t:|1699668414\n|detailschange|p2a: Lopunny|Lopunny-Mega, M\n|-mega|p2a: Lopunny|Lopunny|Lopunnite\n|detailschange|p1a: Venusaur|Venusaur-Mega, M\n|-mega|p1a: Venusaur|Venusaur|Venusaurite\n|move|p2a: Lopunny|Fake Out|p1a: Venusaur\n|-damage|p1a: Venusaur|85\/100\n|cant|p1a: Venusaur|flinch\n|\n|upkeep\n|turn|2\n|\n|t:|1699668421\n|switch|p1a: Moltres|Moltres|100\/100\n|move|p2a: Lopunny|U-turn|p1a: Moltres\n|-resisted|p1a: Moltres\n|-damage|p1a: Moltres|96\/100\n|\n|t:|1699668428\n|switch|p2a: Ogerpon|Ogerpon-Wellspring, F|100\/100|[from] U-turn\n|\n|upkeep\n|turn|3\n|\n|t:|1699668436\n|switch|p1a: Venusaur|Venusaur-Mega, M|85\/100\n|move|p2a: Ogerpon|Swords Dance|p2a: Ogerpon\n|-boost|p2a: Ogerpon|atk|2\n|\n|upkeep\n|turn|4\n|\n|t:|1699668445\n|switch|p2a: Corviknight|Corviknight, F|100\/100\n|-ability|p2a: Corviknight|Pressure\n|move|p1a: Venusaur|Giga Drain|p2a: Corviknight\n|-resisted|p2a: Corviknight\n|-damage|p2a: Corviknight|92\/100\n|-heal|p1a: Venusaur|89\/100|[from] drain|[of] p2a: Corviknight\n|\n|upkeep\n|turn|5\n|inactive|mtyqjltz4 has 120 seconds left.\n|\n|t:|1699668477\n|move|p1a: Venusaur|Sludge Bomb|p2a: Corviknight\n|-immune|p2a: Corviknight\n|move|p2a: Corviknight|U-turn|p1a: Venusaur\n|-damage|p1a: Venusaur|78\/100\n|\n|t:|1699668495\n|switch|p2a: Lopunny|Lopunny-Mega, M|100\/100|[from] U-turn\n|\n|upkeep\n|turn|6\n|\n|t:|1699668502\n|switch|p1a: Moltres|Moltres|96\/100\n|move|p2a: Lopunny|Fake Out|p1a: Moltres\n|-damage|p1a: Moltres|81\/100\n|\n|upkeep\n|turn|7\n|\n|t:|1699668510\n|switch|p2a: Clodsire|Clodsire, M|100\/100\n|move|p1a: Moltres|U-turn|p2a: Clodsire\n|-resisted|p2a: Clodsire\n|-damage|p2a: Clodsire|92\/100\n|\n|t:|1699668525\n|switch|p1a: Jirachi|Jirachi, shiny|100\/100|[from] U-turn\n|\n|-heal|p2a: Clodsire|98\/100|[from] item: Black Sludge\n|upkeep\n|turn|8\n|inactive|Deedezs has 120 seconds left.\n|\n|t:|1699668561\n|switch|p2a: Hatterene|Hatterene, F|100\/100\n|-zpower|p1a: Jirachi\n|move|p1a: Jirachi|Z-Happy Hour|p1a: Jirachi|[anim]Happy Hour\n|-boost|p1a: Jirachi|atk|1|[zeffect]\n|-boost|p1a: Jirachi|def|1|[zeffect]\n|-boost|p1a: Jirachi|spa|1|[zeffect]\n|-boost|p1a: Jirachi|spd|1|[zeffect]\n|-boost|p1a: Jirachi|spe|1|[zeffect]\n|\n|upkeep\n|turn|9\n|inactive|Deedezs has 120 seconds left.\n|\n|t:|1699668569\n|switch|p2a: Corviknight|Corviknight, F|92\/100\n|-ability|p2a: Corviknight|Pressure\n|move|p1a: Jirachi|Iron Head|p2a: Corviknight\n|-resisted|p2a: Corviknight\n|-damage|p2a: Corviknight|80\/100\n|-damage|p1a: Jirachi|84\/100|[from] item: Rocky Helmet|[of] p2a: Corviknight\n|\n|upkeep\n|turn|10\n|inactive|Deedezs has 120 seconds left.\n|\n|t:|1699668586\n|move|p1a: Jirachi|Thunderbolt|p2a: Corviknight\n|-supereffective|p2a: Corviknight\n|-damage|p2a: Corviknight|0 fnt\n|faint|p2a: Corviknight\n|\n|upkeep\n|\n|t:|1699668597\n|switch|p2a: Clodsire|Clodsire, M|98\/100\n|turn|11\n|\n|t:|1699668603\n|move|p1a: Jirachi|Stored Power|p2a: Clodsire\n|-supereffective|p2a: Clodsire\n|-damage|p2a: Clodsire|46\/100\n|move|p2a: Clodsire|Earthquake|p1a: Jirachi\n|-supereffective|p1a: Jirachi\n|-damage|p1a: Jirachi|24\/100\n|\n|-heal|p2a: Clodsire|52\/100|[from] item: Black Sludge\n|upkeep\n|turn|12\n|\n|t:|1699668612\n|move|p1a: Jirachi|Stored Power|p2a: Clodsire\n|-supereffective|p2a: Clodsire\n|-damage|p2a: Clodsire|0 fnt\n|faint|p2a: Clodsire\n|\n|upkeep\n|inactive|Deedezs has 120 seconds left.\n|-message|Deedezs forfeited.\n|\n|win|mtyqjltz4\n|raw|mtyqjltz4's rating: 1489 &rarr; <strong>1505<\/strong><br \/>(+16 for winning)\n|raw|Deedezs's rating: 1422 &rarr; <strong>1406<\/strong><br \/>(-16 for losing)\n|l|\u2606Deedezs\n","uploadtime":1699668630,"views":5,"p1id":"mtyqjltz4","p2id":"deedezs","formatid":"gen9nationaldex","rating":1406,"private":0,"password":""}