{"id":"gen9nationaldex-1988019411","p1":"Itz_Ado6","p2":"Ankun4","format":"[Gen 9] National Dex","log":"|j|\u2606Itz_Ado6\n|j|\u2606Ankun4\n|t:|1699659846\n|gametype|singles\n|player|p1|Itz_Ado6|iris-gen5bw2|1119\n|player|p2|Ankun4|1|1067\n|teamsize|p1|6\n|teamsize|p2|6\n|gen|9\n|tier|[Gen 9] National Dex\n|rated|\n|rule|HP Percentage Mod: HP is shown in percentages\n|rule|Endless Battle Clause: Forcing endless battles is banned\n|rule|OHKO Clause: OHKO moves are banned\n|rule|Evasion Clause: Evasion abilities, items, and moves are banned\n|rule|Evasion Abilities Clause: Evasion abilities are banned\n|rule|Evasion Items Clause: Evasion items are banned\n|rule|Evasion Moves Clause: Evasion moves are banned\n|rule|Species Clause: Limit one of each Pok\u00e9mon\n|rule|Sleep Clause Mod: Limit one foe put to sleep\n|clearpoke\n|poke|p1|Hippowdon, F|\n|poke|p1|Dracozolt|\n|poke|p1|Steelix, M|\n|poke|p1|Rotom-Wash|\n|poke|p1|Garganacl, M|\n|poke|p1|Mamoswine, M|\n|poke|p2|Meowscarada, F|\n|poke|p2|Iron Hands|\n|poke|p2|Quaquaval, M|\n|poke|p2|Incineroar, F|\n|poke|p2|Toxapex, M|\n|poke|p2|Landorus-Therian, M|\n|teampreview\n|c|\u2606Itz_Ado6|glhf\n|\n|t:|1699659861\n|start\n|switch|p1a: Hippowdon|Hippowdon, F|100\/100\n|switch|p2a: Landorus|Landorus-Therian, M|100\/100\n|-ability|p2a: Landorus|Intimidate|boost\n|-unboost|p1a: Hippowdon|atk|1\n|-weather|Sandstorm|[from] ability: Sand Stream|[of] p1a: Hippowdon\n|turn|1\n|\n|t:|1699659871\n|move|p2a: Landorus|U-turn|p1a: Hippowdon\n|-damage|p1a: Hippowdon|80\/100\n|\n|t:|1699659875\n|switch|p2a: Toxapex|Toxapex, M|100\/100|[from] U-turn\n|move|p1a: Hippowdon|Toxic|p2a: Toxapex\n|-immune|p2a: Toxapex\n|\n|-weather|Sandstorm|[upkeep]\n|-damage|p2a: Toxapex|94\/100|[from] Sandstorm\n|-heal|p1a: Hippowdon|87\/100|[from] item: Leftovers\n|-heal|p2a: Toxapex|100\/100|[from] item: Leftovers\n|upkeep\n|turn|2\n|\n|t:|1699659887\n|move|p1a: Hippowdon|Stealth Rock|p2a: Toxapex\n|-sidestart|p2: Ankun4|move: Stealth Rock\n|move|p2a: Toxapex|Toxic Spikes|p1a: Hippowdon\n|-sidestart|p1: Itz_Ado6|move: Toxic Spikes\n|\n|-weather|Sandstorm|[upkeep]\n|-damage|p2a: Toxapex|94\/100|[from] Sandstorm\n|-heal|p1a: Hippowdon|93\/100|[from] item: Leftovers\n|-heal|p2a: Toxapex|100\/100|[from] item: Leftovers\n|upkeep\n|turn|3\n|\n|t:|1699659902\n|switch|p1a: Mamoswine|Mamoswine, M|100\/100\n|-status|p1a: Mamoswine|psn\n|move|p2a: Toxapex|Toxic Spikes|p1a: Mamoswine\n|-sidestart|p1: Itz_Ado6|move: Toxic Spikes\n|\n|-weather|Sandstorm|[upkeep]\n|-damage|p2a: Toxapex|94\/100|[from] Sandstorm\n|-heal|p2a: Toxapex|100\/100|[from] item: Leftovers\n|-damage|p1a: Mamoswine|88\/100 psn|[from] psn\n|upkeep\n|turn|4\n|\n|t:|1699659943\n|move|p1a: Mamoswine|Trailblaze|p2a: Toxapex\n|-damage|p2a: Toxapex|90\/100\n|-boost|p1a: Mamoswine|spe|1\n|move|p2a: Toxapex|Surf|p1a: Mamoswine\n|-supereffective|p1a: Mamoswine\n|-crit|p1a: Mamoswine\n|-damage|p1a: Mamoswine|11\/100 psn\n|\n|-weather|Sandstorm|[upkeep]\n|-damage|p2a: Toxapex|84\/100|[from] Sandstorm\n|-heal|p1a: Mamoswine|17\/100 psn|[from] item: Leftovers\n|-heal|p2a: Toxapex|90\/100|[from] item: Leftovers\n|-damage|p1a: Mamoswine|5\/100 psn|[from] psn\n|upkeep\n|turn|5\n|\n|t:|1699659967\n|switch|p2a: Incineroar|Incineroar, F|100\/100\n|-damage|p2a: Incineroar|76\/100|[from] Stealth Rock\n|-ability|p2a: Incineroar|Intimidate|boost\n|-unboost|p1a: Mamoswine|atk|1\n|move|p1a: Mamoswine|Earthquake|p2a: Incineroar\n|-supereffective|p2a: Incineroar\n|-damage|p2a: Incineroar|11\/100\n|\n|-weather|none\n|-heal|p1a: Mamoswine|11\/100 psn|[from] item: Leftovers\n|-damage|p1a: Mamoswine|0 fnt|[from] psn\n|faint|p1a: Mamoswine\n|upkeep\n|\n|t:|1699659988\n|switch|p1a: Hippowdon|Hippowdon, F|93\/100\n|-status|p1a: Hippowdon|tox\n|-weather|Sandstorm|[from] ability: Sand Stream|[of] p1a: Hippowdon\n|turn|6\n|\n|t:|1699659997\n|move|p2a: Incineroar|Knock Off|p1a: Hippowdon\n|-damage|p1a: Hippowdon|56\/100 tox\n|-enditem|p1a: Hippowdon|Leftovers|[from] move: Knock Off|[of] p2a: Incineroar\n|move|p1a: Hippowdon|Earthquake|p2a: Incineroar\n|-supereffective|p2a: Incineroar\n|-damage|p2a: Incineroar|0 fnt\n|faint|p2a: Incineroar\n|\n|-weather|Sandstorm|[upkeep]\n|-damage|p1a: Hippowdon|50\/100 tox|[from] psn\n|upkeep\n|\n|t:|1699660008\n|switch|p2a: Quaquaval|Quaquaval, M|100\/100\n|-damage|p2a: Quaquaval|94\/100|[from] Stealth Rock\n|turn|7\n|\n|t:|1699660018\n|move|p2a: Quaquaval|Rapid Spin|p1a: Hippowdon\n|-damage|p1a: Hippowdon|38\/100 tox\n|-boost|p2a: Quaquaval|spe|1\n|-sideend|p2: Ankun4|Stealth Rock|[from] move: Rapid Spin|[of] p2a: Quaquaval\n|move|p1a: Hippowdon|Toxic|p2a: Quaquaval\n|-status|p2a: Quaquaval|tox\n|-enditem|p2a: Quaquaval|Lum Berry|[eat]\n|-curestatus|p2a: Quaquaval|tox|[msg]\n|\n|-weather|Sandstorm|[upkeep]\n|-damage|p2a: Quaquaval|88\/100|[from] Sandstorm\n|-damage|p1a: Hippowdon|26\/100 tox|[from] psn\n|upkeep\n|turn|8\n|\n|t:|1699660030\n|move|p2a: Quaquaval|Knock Off|p1a: Hippowdon\n|-damage|p1a: Hippowdon|10\/100 tox\n|move|p1a: Hippowdon|Toxic|p2a: Quaquaval|[miss]\n|-miss|p1a: Hippowdon|p2a: Quaquaval\n|\n|-weather|Sandstorm|[upkeep]\n|-damage|p2a: Quaquaval|82\/100|[from] Sandstorm\n|-damage|p1a: Hippowdon|0 fnt|[from] psn\n|faint|p1a: Hippowdon\n|upkeep\n|\n|t:|1699660040\n|switch|p1a: Dracozolt|Dracozolt|100\/100\n|-status|p1a: Dracozolt|tox\n|turn|9\n|\n|t:|1699660046\n|-zpower|p1a: Dracozolt\n|move|p1a: Dracozolt|Gigavolt Havoc|p2a: Quaquaval|[zeffect]\n|-supereffective|p2a: Quaquaval\n|-damage|p2a: Quaquaval|0 fnt\n|faint|p2a: Quaquaval\n|\n|-weather|Sandstorm|[upkeep]\n|-damage|p1a: Dracozolt|94\/100 tox|[from] psn\n|upkeep\n|\n|t:|1699660072\n|switch|p2a: Landorus|Landorus-Therian, M|100\/100\n|-ability|p2a: Landorus|Intimidate|boost\n|-unboost|p1a: Dracozolt|atk|1\n|turn|10\n|\n|t:|1699660084\n|switch|p1a: Garganacl|Garganacl, M|100\/100\n|move|p2a: Landorus|Stealth Rock|p1a: Garganacl\n|-sidestart|p1: Itz_Ado6|move: Stealth Rock\n|\n|-weather|none\n|upkeep\n|turn|11\n|\n|t:|1699660097\n|move|p2a: Landorus|Earthquake|p1a: Garganacl\n|-supereffective|p1a: Garganacl\n|-damage|p1a: Garganacl|17\/100\n|move|p1a: Garganacl|Iron Defense|p1a: Garganacl\n|-boost|p1a: Garganacl|def|2\n|\n|-heal|p1a: Garganacl|24\/100|[from] item: Leftovers\n|upkeep\n|turn|12\n|\n|t:|1699660107\n|switch|p1a: Rotom|Rotom-Wash|100\/100\n|-damage|p1a: Rotom|88\/100|[from] Stealth Rock\n|move|p2a: Landorus|Earthquake|p1a: Rotom\n|-immune|p1a: Rotom|[from] ability: Levitate\n|\n|-heal|p1a: Rotom|94\/100|[from] item: Leftovers\n|upkeep\n|turn|13\n|\n|t:|1699660130\n|switch|p2a: Toxapex|Toxapex, M|90\/100\n|move|p1a: Rotom|Will-O-Wisp|p2a: Toxapex\n|-status|p2a: Toxapex|brn\n|\n|-heal|p1a: Rotom|100\/100|[from] item: Leftovers\n|-heal|p2a: Toxapex|96\/100 brn|[from] item: Leftovers\n|-damage|p2a: Toxapex|90\/100 brn|[from] brn\n|upkeep\n|turn|14\n|\n|t:|1699660145\n|move|p1a: Rotom|Volt Switch|p2a: Toxapex\n|-supereffective|p2a: Toxapex\n|-damage|p2a: Toxapex|50\/100 brn\n|\n|t:|1699660150\n|switch|p1a: Garganacl|Garganacl, M|24\/100|[from] Volt Switch\n|-damage|p1a: Garganacl|11\/100|[from] Stealth Rock\n|move|p2a: Toxapex|Surf|p1a: Garganacl\n|-supereffective|p1a: Garganacl\n|-damage|p1a: Garganacl|0 fnt\n|faint|p1a: Garganacl\n|\n|-heal|p2a: Toxapex|56\/100 brn|[from] item: Leftovers\n|-damage|p2a: Toxapex|50\/100 brn|[from] brn\n|upkeep\n|\n|t:|1699660163\n|switch|p1a: Dracozolt|Dracozolt|94\/100 tox\n|-damage|p1a: Dracozolt|82\/100 tox|[from] Stealth Rock\n|turn|15\n|\n|t:|1699660169\n|switch|p1a: Rotom|Rotom-Wash|100\/100\n|-damage|p1a: Rotom|88\/100|[from] Stealth Rock\n|move|p2a: Toxapex|Recover|p2a: Toxapex\n|-heal|p2a: Toxapex|99\/100 brn\n|\n|-heal|p1a: Rotom|94\/100|[from] item: Leftovers\n|-heal|p2a: Toxapex|100\/100 brn|[from] item: Leftovers\n|-damage|p2a: Toxapex|94\/100 brn|[from] brn\n|upkeep\n|turn|16\n|\n|t:|1699660191\n|switch|p2a: Iron Hands|Iron Hands|100\/100\n|move|p1a: Rotom|Volt Switch|p2a: Iron Hands\n|-resisted|p2a: Iron Hands\n|-damage|p2a: Iron Hands|88\/100\n|\n|t:|1699660197\n|switch|p1a: Dracozolt|Dracozolt|82\/100 tox|[from] Volt Switch\n|-damage|p1a: Dracozolt|69\/100 tox|[from] Stealth Rock\n|\n|-damage|p1a: Dracozolt|63\/100 tox|[from] psn\n|upkeep\n|turn|17\n|\n|t:|1699660210\n|move|p1a: Dracozolt|Earthquake|p2a: Iron Hands\n|-supereffective|p2a: Iron Hands\n|-damage|p2a: Iron Hands|50\/100\n|move|p2a: Iron Hands|Ice Punch|p1a: Dracozolt\n|-supereffective|p1a: Dracozolt\n|-damage|p1a: Dracozolt|0 fnt\n|faint|p1a: Dracozolt\n|\n|upkeep\n|\n|t:|1699660218\n|switch|p1a: Steelix|Steelix, M|100\/100\n|-damage|p1a: Steelix|97\/100|[from] Stealth Rock\n|turn|18\n|\n|t:|1699660228\n|detailschange|p1a: Steelix|Steelix-Mega, M\n|-mega|p1a: Steelix|Steelix|Steelixite\n|move|p2a: Iron Hands|Drain Punch|p1a: Steelix\n|-supereffective|p1a: Steelix\n|-damage|p1a: Steelix|61\/100\n|-heal|p2a: Iron Hands|63\/100|[from] drain|[of] p1a: Steelix\n|move|p1a: Steelix|Curse|p1a: Steelix\n|-unboost|p1a: Steelix|spe|1\n|-boost|p1a: Steelix|atk|1\n|-boost|p1a: Steelix|def|1\n|\n|upkeep\n|turn|19\n|\n|t:|1699660263\n|move|p2a: Iron Hands|Ice Punch|p1a: Steelix\n|-damage|p1a: Steelix|53\/100\n|move|p1a: Steelix|Curse|p1a: Steelix\n|-unboost|p1a: Steelix|spe|1\n|-boost|p1a: Steelix|atk|1\n|-boost|p1a: Steelix|def|1\n|\n|upkeep\n|turn|20\n|\n|t:|1699660273\n|move|p2a: Iron Hands|Drain Punch|p1a: Steelix\n|-supereffective|p1a: Steelix\n|-crit|p1a: Steelix\n|-damage|p1a: Steelix|0 fnt\n|-heal|p2a: Iron Hands|81\/100|[from] drain|[of] p1a: Steelix\n|faint|p1a: Steelix\n|\n|upkeep\n|-message|Itz_Ado6 forfeited.\n|\n|win|Ankun4\n|raw|Itz_Ado6's rating: 1119 &rarr; <strong>1090<\/strong><br \/>(-29 for losing)\n|raw|Ankun4's rating: 1067 &rarr; <strong>1101<\/strong><br \/>(+34 for winning)\n|l|\u2606Itz_Ado6\n","uploadtime":1699660283,"views":6,"p1id":"itzado6","p2id":"ankun4","formatid":"gen9nationaldex","rating":1090,"private":0,"password":""}