{"id":"gen9nationaldex-1990014029","p1":"Somnus9862","p2":"leona misa","format":"[Gen 9] National Dex","log":"|j|\u2606Somnus9862\n|j|\u2606leona misa\n|t:|1699915445\n|gametype|singles\n|player|p1|Somnus9862|aaron|1511\n|player|p2|leona misa|hilda-wonderlauncher|1749\n|teamsize|p1|6\n|teamsize|p2|6\n|gen|9\n|tier|[Gen 9] National Dex\n|rated|\n|rule|HP Percentage Mod: HP is shown in percentages\n|rule|Endless Battle Clause: Forcing endless battles is banned\n|rule|OHKO Clause: OHKO moves are banned\n|rule|Evasion Clause: Evasion abilities, items, and moves are banned\n|rule|Evasion Abilities Clause: Evasion abilities are banned\n|rule|Evasion Items Clause: Evasion items are banned\n|rule|Evasion Moves Clause: Evasion moves are banned\n|rule|Species Clause: Limit one of each Pok\u00e9mon\n|rule|Sleep Clause Mod: Limit one foe put to sleep\n|clearpoke\n|poke|p1|Charizard, M|\n|poke|p1|Victini|\n|poke|p1|Great Tusk|\n|poke|p1|Volcarona, F|\n|poke|p1|Slowking-Galar, F|\n|poke|p1|Gliscor, M|\n|poke|p2|Tornadus-Therian, M|\n|poke|p2|Alomomola, M|\n|poke|p2|Ursaluna, M|\n|poke|p2|Venusaur, M|\n|poke|p2|Corviknight, M|\n|poke|p2|Garganacl, M|\n|teampreview\n|inactive|Battle timer is ON: inactive players will automatically lose when time's up. (requested by leona misa)\n|inactive|Somnus9862 also wants the timer to be on.\n|\n|t:|1699915468\n|start\n|switch|p1a: Victini|Victini|100\/100\n|switch|p2a: Garganacl|Garganacl, M|100\/100\n|turn|1\n|\n|t:|1699915478\n|move|p1a: Victini|U-turn|p2a: Garganacl\n|-damage|p2a: Garganacl|86\/100\n|\n|t:|1699915481\n|switch|p1a: Gliscor|Gliscor, M|100\/100|[from] U-turn\n|move|p2a: Garganacl|Stealth Rock|p1a: Gliscor\n|-sidestart|p1: Somnus9862|move: Stealth Rock\n|\n|-heal|p2a: Garganacl|93\/100|[from] item: Leftovers\n|-status|p1a: Gliscor|tox|[from] item: Toxic Orb\n|upkeep\n|turn|2\n|\n|t:|1699915492\n|switch|p1a: Great Tusk|Great Tusk|100\/100\n|-damage|p1a: Great Tusk|98\/100|[from] Stealth Rock\n|switch|p2a: Corviknight|Corviknight, M|100\/100\n|-ability|p2a: Corviknight|Pressure\n|\n|-heal|p1a: Great Tusk|100\/100|[from] item: Leftovers\n|upkeep\n|turn|3\n|\n|t:|1699915502\n|move|p1a: Great Tusk|Stealth Rock|p2a: Corviknight\n|-sidestart|p2: leona misa|move: Stealth Rock\n|move|p2a: Corviknight|Brave Bird|p1a: Great Tusk\n|-supereffective|p1a: Great Tusk\n|-damage|p1a: Great Tusk|65\/100\n|-damage|p2a: Corviknight|88\/100|[from] Recoil\n|\n|-heal|p1a: Great Tusk|72\/100|[from] item: Leftovers\n|upkeep\n|turn|4\n|\n|t:|1699915514\n|-end|p1a: Great Tusk|Protosynthesis|[silent]\n|switch|p1a: Gliscor|Gliscor, M|100\/100 tox\n|-damage|p1a: Gliscor|88\/100 tox|[from] Stealth Rock\n|move|p2a: Corviknight|U-turn|p1a: Gliscor\n|-resisted|p1a: Gliscor\n|-damage|p1a: Gliscor|84\/100 tox\n|\n|t:|1699915518\n|switch|p2a: Ursaluna|Ursaluna, M|100\/100|[from] U-turn\n|-damage|p2a: Ursaluna|94\/100|[from] Stealth Rock\n|\n|-heal|p1a: Gliscor|96\/100 tox|[from] ability: Poison Heal\n|-status|p2a: Ursaluna|brn|[from] item: Flame Orb\n|upkeep\n|turn|5\n|\n|t:|1699915529\n|move|p1a: Gliscor|Earthquake|p2a: Ursaluna\n|-damage|p2a: Ursaluna|67\/100 brn\n|move|p2a: Ursaluna|Facade|p1a: Gliscor\n|-damage|p1a: Gliscor|15\/100 tox\n|\n|-heal|p1a: Gliscor|27\/100 tox|[from] ability: Poison Heal\n|-damage|p2a: Ursaluna|60\/100 brn|[from] brn\n|upkeep\n|turn|6\n|\n|t:|1699915542\n|move|p1a: Gliscor|Roost|p1a: Gliscor\n|-heal|p1a: Gliscor|77\/100 tox\n|-singleturn|p1a: Gliscor|move: Roost\n|move|p2a: Ursaluna|Facade|p1a: Gliscor\n|-damage|p1a: Gliscor|0 fnt\n|faint|p1a: Gliscor\n|\n|-damage|p2a: Ursaluna|54\/100 brn|[from] brn\n|upkeep\n|\n|t:|1699915553\n|switch|p1a: Great Tusk|Great Tusk|72\/100\n|-damage|p1a: Great Tusk|69\/100|[from] Stealth Rock\n|turn|7\n|\n|t:|1699915574\n|switch|p2a: Corviknight|Corviknight, M|88\/100\n|-damage|p2a: Corviknight|75\/100|[from] Stealth Rock\n|-ability|p2a: Corviknight|Pressure\n|move|p1a: Great Tusk|Body Press|p2a: Corviknight\n|-damage|p2a: Corviknight|45\/100\n|-damage|p1a: Great Tusk|52\/100|[from] item: Rocky Helmet|[of] p2a: Corviknight\n|\n|-heal|p1a: Great Tusk|58\/100|[from] item: Leftovers\n|upkeep\n|turn|8\n|\n|t:|1699915586\n|move|p1a: Great Tusk|Knock Off|p2a: Corviknight\n|-damage|p2a: Corviknight|26\/100\n|-damage|p1a: Great Tusk|42\/100|[from] item: Rocky Helmet|[of] p2a: Corviknight\n|-enditem|p2a: Corviknight|Rocky Helmet|[from] move: Knock Off|[of] p1a: Great Tusk\n|move|p2a: Corviknight|Roost|p2a: Corviknight\n|-heal|p2a: Corviknight|76\/100\n|-singleturn|p2a: Corviknight|move: Roost\n|\n|-heal|p1a: Great Tusk|48\/100|[from] item: Leftovers\n|upkeep\n|turn|9\n|j| slobadd\n|\n|t:|1699915602\n|move|p1a: Great Tusk|Rapid Spin|p2a: Corviknight\n|-resisted|p2a: Corviknight\n|-damage|p2a: Corviknight|72\/100\n|-boost|p1a: Great Tusk|spe|1\n|-sideend|p1: Somnus9862|Stealth Rock|[from] move: Rapid Spin|[of] p1a: Great Tusk\n|move|p2a: Corviknight|U-turn|p1a: Great Tusk\n|-resisted|p1a: Great Tusk\n|-damage|p1a: Great Tusk|45\/100\n|\n|t:|1699915608\n|switch|p2a: Alomomola|Alomomola, M|100\/100|[from] U-turn\n|\n|-heal|p1a: Great Tusk|51\/100|[from] item: Leftovers\n|upkeep\n|turn|10\n|\n|t:|1699915615\n|-end|p1a: Great Tusk|Protosynthesis|[silent]\n|switch|p1a: Slowking|Slowking-Galar, F|100\/100\n|move|p2a: Alomomola|Toxic|p1a: Slowking|[miss]\n|-miss|p2a: Alomomola|p1a: Slowking\n|\n|upkeep\n|turn|11\n|\n|t:|1699915622\n|move|p2a: Alomomola|Wish|p2a: Alomomola\n|move|p1a: Slowking|Future Sight|p2a: Alomomola\n|-start|p1a: Slowking|move: Future Sight\n|\n|upkeep\n|turn|12\n|\n|t:|1699915635\n|switch|p1a: Charizard|Charizard, M|100\/100\n|move|p2a: Alomomola|Flip Turn|p1a: Charizard\n|-supereffective|p1a: Charizard\n|-damage|p1a: Charizard|54\/100\n|\n|t:|1699915662\n|switch|p2a: Garganacl|Garganacl, M|93\/100|[from] Flip Turn\n|-damage|p2a: Garganacl|80\/100|[from] Stealth Rock\n|\n|-heal|p2a: Garganacl|100\/100|[from] move: Wish|[wisher] Alomomola\n|upkeep\n|turn|13\n|\n|t:|1699915683\n|switch|p1a: Great Tusk|Great Tusk|51\/100\n|move|p2a: Garganacl|Stealth Rock|p1a: Great Tusk\n|-sidestart|p1: Somnus9862|move: Stealth Rock\n|\n|-end|p2a: Garganacl|move: Future Sight\n|-damage|p2a: Garganacl|71\/100\n|-heal|p1a: Great Tusk|57\/100|[from] item: Leftovers\n|-heal|p2a: Garganacl|77\/100|[from] item: Leftovers\n|upkeep\n|turn|14\n|\n|t:|1699915702\n|switch|p2a: Venusaur|Venusaur, M|100\/100\n|-damage|p2a: Venusaur|88\/100|[from] Stealth Rock\n|move|p1a: Great Tusk|Rapid Spin|p2a: Venusaur\n|-damage|p2a: Venusaur|72\/100\n|-boost|p1a: Great Tusk|spe|1\n|-sideend|p1: Somnus9862|Stealth Rock|[from] move: Rapid Spin|[of] p1a: Great Tusk\n|\n|-heal|p1a: Great Tusk|63\/100|[from] item: Leftovers\n|upkeep\n|turn|15\n|\n|t:|1699915716\n|-end|p1a: Great Tusk|Protosynthesis|[silent]\n|switch|p1a: Slowking|Slowking-Galar, F|100\/100\n|detailschange|p2a: Venusaur|Venusaur-Mega, M\n|-mega|p2a: Venusaur|Venusaur|Venusaurite\n|move|p2a: Venusaur|Giga Drain|p1a: Slowking\n|-resisted|p1a: Slowking\n|-damage|p1a: Slowking|89\/100\n|-heal|p2a: Venusaur|78\/100|[from] drain|[of] p1a: Slowking\n|\n|upkeep\n|turn|16\n|inactive|Somnus9862 has 120 seconds left.\n|\n|t:|1699915735\n|switch|p2a: Ursaluna|Ursaluna, M|54\/100 brn\n|-damage|p2a: Ursaluna|48\/100 brn|[from] Stealth Rock\n|move|p1a: Slowking|Future Sight|p2a: Ursaluna\n|-start|p1a: Slowking|move: Future Sight\n|\n|-damage|p2a: Ursaluna|42\/100 brn|[from] brn\n|upkeep\n|turn|17\n|\n|t:|1699915745\n|switch|p1a: Charizard|Charizard, M|54\/100\n|move|p2a: Ursaluna|Facade|p1a: Charizard\n|-damage|p1a: Charizard|0 fnt\n|faint|p1a: Charizard\n|\n|-damage|p2a: Ursaluna|35\/100 brn|[from] brn\n|upkeep\n|inactive|Somnus9862 has 120 seconds left.\n|\n|t:|1699915765\n|switch|p1a: Victini|Victini|100\/100\n|turn|18\n|inactive|Somnus9862 has 120 seconds left.\n|\n|t:|1699915772\n|switch|p2a: Alomomola|Alomomola, M|100\/100\n|move|p1a: Victini|U-turn|p2a: Alomomola\n|-damage|p2a: Alomomola|89\/100\n|inactive|Somnus9862 has 120 seconds left.\n|\n|t:|1699915777\n|switch|p1a: Volcarona|Volcarona, F|100\/100|[from] U-turn\n|\n|-end|p2a: Alomomola|move: Future Sight\n|-crit|p2a: Alomomola\n|-damage|p2a: Alomomola|15\/100\n|upkeep\n|turn|19\n|inactive|Somnus9862 has 120 seconds left.\n|\n|t:|1699915788\n|-terastallize|p1a: Volcarona|Grass\n|move|p1a: Volcarona|Quiver Dance|p1a: Volcarona\n|-boost|p1a: Volcarona|spa|1\n|-boost|p1a: Volcarona|spd|1\n|-boost|p1a: Volcarona|spe|1\n|move|p2a: Alomomola|Toxic|p1a: Volcarona\n|-status|p1a: Volcarona|tox\n|\n|-damage|p1a: Volcarona|94\/100 tox|[from] psn\n|upkeep\n|turn|20\n|inactive|Somnus9862 has 120 seconds left.\n|\n|t:|1699915801\n|move|p2a: Alomomola|Protect|p2a: Alomomola\n|-singleturn|p2a: Alomomola|Protect\n|move|p1a: Volcarona|Quiver Dance|p1a: Volcarona\n|-boost|p1a: Volcarona|spa|1\n|-boost|p1a: Volcarona|spd|1\n|-boost|p1a: Volcarona|spe|1\n|\n|-damage|p1a: Volcarona|82\/100 tox|[from] psn\n|upkeep\n|turn|21\n|inactive|Somnus9862 has 120 seconds left.\n|\n|t:|1699915813\n|move|p1a: Volcarona|Giga Drain|p2a: Alomomola\n|-supereffective|p2a: Alomomola\n|-damage|p2a: Alomomola|0 fnt\n|-heal|p1a: Volcarona|94\/100 tox|[from] drain|[of] p2a: Alomomola\n|faint|p2a: Alomomola\n|\n|-damage|p1a: Volcarona|76\/100 tox|[from] psn\n|upkeep\n|\n|t:|1699915820\n|switch|p2a: Venusaur|Venusaur-Mega, M|78\/100\n|-damage|p2a: Venusaur|66\/100|[from] Stealth Rock\n|turn|22\n|\n|t:|1699915830\n|switch|p2a: Garganacl|Garganacl, M|77\/100\n|-damage|p2a: Garganacl|65\/100|[from] Stealth Rock\n|move|p1a: Volcarona|Bug Buzz|p2a: Garganacl\n|-damage|p2a: Garganacl|0 fnt\n|faint|p2a: Garganacl\n|\n|-damage|p1a: Volcarona|52\/100 tox|[from] psn\n|upkeep\n|\n|t:|1699915850\n|switch|p2a: Venusaur|Venusaur-Mega, M|66\/100\n|-damage|p2a: Venusaur|54\/100|[from] Stealth Rock\n|turn|23\n|\n|t:|1699915871\n|move|p1a: Volcarona|Fire Blast|p2a: Venusaur\n|-supereffective|p2a: Venusaur\n|-damage|p2a: Venusaur|0 fnt\n|faint|p2a: Venusaur\n|\n|-damage|p1a: Volcarona|21\/100 tox|[from] psn\n|upkeep\n|\n|t:|1699915883\n|switch|p2a: Ursaluna|Ursaluna, M|35\/100 brn\n|-damage|p2a: Ursaluna|29\/100 brn|[from] Stealth Rock\n|turn|24\n|\n|t:|1699915902\n|switch|p2a: Corviknight|Corviknight, M|72\/100\n|-damage|p2a: Corviknight|59\/100|[from] Stealth Rock\n|-ability|p2a: Corviknight|Pressure\n|move|p1a: Volcarona|Fire Blast|p2a: Corviknight\n|-supereffective|p2a: Corviknight\n|-damage|p2a: Corviknight|0 fnt\n|faint|p2a: Corviknight\n|\n|-damage|p1a: Volcarona|0 fnt|[from] psn\n|faint|p1a: Volcarona\n|upkeep\n|\n|t:|1699915917\n|switch|p1a: Victini|Victini|100\/100\n|switch|p2a: Tornadus|Tornadus-Therian, M|100\/100\n|-damage|p2a: Tornadus|76\/100|[from] Stealth Rock\n|turn|25\n|\n|t:|1699915924\n|switch|p2a: Ursaluna|Ursaluna, M|29\/100 brn\n|-damage|p2a: Ursaluna|23\/100 brn|[from] Stealth Rock\n|move|p1a: Victini|V-create|p2a: Ursaluna\n|-damage|p2a: Ursaluna|0 fnt\n|-unboost|p1a: Victini|spe|1\n|-unboost|p1a: Victini|def|1\n|-unboost|p1a: Victini|spd|1\n|faint|p2a: Ursaluna\n|\n|upkeep\n|\n|t:|1699915926\n|switch|p2a: Tornadus|Tornadus-Therian, M|100\/100\n|-damage|p2a: Tornadus|76\/100|[from] Stealth Rock\n|turn|26\n|\n|t:|1699915939\n|switch|p1a: Slowking|Slowking-Galar, F|100\/100\n|move|p2a: Tornadus|Bleakwind Storm|p1a: Slowking\n|-damage|p1a: Slowking|74\/100\n|\n|upkeep\n|turn|27\n|\n|t:|1699915946\n|move|p2a: Tornadus|Nasty Plot|p2a: Tornadus\n|-boost|p2a: Tornadus|spa|2\n|move|p1a: Slowking|Future Sight|p2a: Tornadus\n|-start|p1a: Slowking|move: Future Sight\n|\n|upkeep\n|turn|28\n|\n|t:|1699915954\n|-zpower|p2a: Tornadus\n|move|p2a: Tornadus|Supersonic Skystrike|p1a: Slowking|[zeffect]\n|-damage|p1a: Slowking|0 fnt\n|faint|p1a: Slowking\n|\n|upkeep\n|\n|t:|1699915963\n|switch|p1a: Great Tusk|Great Tusk|63\/100\n|turn|29\n|\n|t:|1699915968\n|move|p2a: Tornadus|Bleakwind Storm|p1a: Great Tusk\n|-supereffective|p1a: Great Tusk\n|-damage|p1a: Great Tusk|0 fnt\n|faint|p1a: Great Tusk\n|-end|p1a: Great Tusk|Protosynthesis|[silent]\n|\n|-end|p2a: Tornadus|move: Future Sight\n|-damage|p2a: Tornadus|23\/100\n|upkeep\n|\n|t:|1699915976\n|switch|p1a: Victini|Victini|100\/100\n|turn|30\n|\n|t:|1699915980\n|move|p1a: Victini|V-create|p2a: Tornadus\n|-damage|p2a: Tornadus|0 fnt\n|-unboost|p1a: Victini|spe|1\n|-unboost|p1a: Victini|def|1\n|-unboost|p1a: Victini|spd|1\n|faint|p2a: Tornadus\n|\n|win|Somnus9862\n|raw|Somnus9862's rating: 1511 &rarr; <strong>1543<\/strong><br \/>(+32 for winning)\n|raw|leona misa's rating: 1749 &rarr; <strong>1717<\/strong><br \/>(-32 for losing)\n|l|\u2606leona misa\n|l|\u2606Somnus9862\n|j|\u2606Somnus9862\n|player|p1|Somnus9862|aaron\n","uploadtime":1699916011,"views":6,"p1id":"somnus9862","p2id":"leonamisa","formatid":"gen9nationaldex","rating":1543,"private":0,"password":""}