{"id":"gen9nationaldex-1990859597","p1":"serimat","p2":"KoiGameing","format":"[Gen 9] National Dex","log":"|j|\u2606serimat\n|j|\u2606KoiGameing\n|t:|1700008478\n|gametype|singles\n|player|p1|serimat|169|1258\n|player|p2|KoiGameing|unknownf|1191\n|teamsize|p1|6\n|teamsize|p2|6\n|gen|9\n|tier|[Gen 9] National Dex\n|rated|\n|rule|HP Percentage Mod: HP is shown in percentages\n|rule|Endless Battle Clause: Forcing endless battles is banned\n|rule|OHKO Clause: OHKO moves are banned\n|rule|Evasion Clause: Evasion abilities, items, and moves are banned\n|rule|Evasion Abilities Clause: Evasion abilities are banned\n|rule|Evasion Items Clause: Evasion items are banned\n|rule|Evasion Moves Clause: Evasion moves are banned\n|rule|Species Clause: Limit one of each Pok\u00e9mon\n|rule|Sleep Clause Mod: Limit one foe put to sleep\n|clearpoke\n|poke|p1|Espeon, F|\n|poke|p1|Jolteon, F|\n|poke|p1|Vaporeon, F|\n|poke|p1|Umbreon, F|\n|poke|p1|Sylveon, F|\n|poke|p1|Flareon, F|\n|poke|p2|Smeargle, M|\n|poke|p2|Chansey, F|\n|poke|p2|Aggron, F|\n|poke|p2|Scream Tail|\n|poke|p2|Clodsire, M|\n|poke|p2|Garganacl, F|\n|teampreview\n|\n|t:|1700008485\n|start\n|switch|p1a: Flareon|Flareon, F|100\/100\n|switch|p2a: Smeargle|Smeargle, M|100\/100\n|turn|1\n|\n|t:|1700008493\n|move|p2a: Smeargle|King's Shield|p2a: Smeargle\n|-singleturn|p2a: Smeargle|Protect\n|move|p1a: Flareon|Superpower|p2a: Smeargle\n|-activate|p2a: Smeargle|move: Protect\n|-unboost|p1a: Flareon|atk|1\n|\n|upkeep\n|turn|2\n|\n|t:|1700008525\n|switch|p1a: Vaporeon|Vaporeon, F|100\/100\n|move|p2a: Smeargle|Spore|p1a: Vaporeon\n|-status|p1a: Vaporeon|slp|[from] move: Spore\n|\n|upkeep\n|turn|3\n|\n|t:|1700008533\n|switch|p2a: Aggron|Aggron, F|100\/100\n|cant|p1a: Vaporeon|slp\n|\n|upkeep\n|turn|4\n|\n|t:|1700008539\n|detailschange|p2a: Aggron|Aggron-Mega, F\n|-mega|p2a: Aggron|Aggron|Aggronite\n|cant|p1a: Vaporeon|slp\n|move|p2a: Aggron|Stealth Rock|p1a: Vaporeon\n|-sidestart|p1: serimat|move: Stealth Rock\n|\n|upkeep\n|turn|5\n|\n|t:|1700008546\n|-curestatus|p1a: Vaporeon|slp|[msg]\n|move|p1a: Vaporeon|Scald|p2a: Aggron\n|-damage|p2a: Aggron|70\/100\n|move|p2a: Aggron|Body Press|p1a: Vaporeon\n|-damage|p1a: Vaporeon|57\/100\n|\n|-heal|p1a: Vaporeon|63\/100|[from] item: Leftovers\n|upkeep\n|turn|6\n|\n|t:|1700008559\n|switch|p2a: Chansey|Chansey, F|100\/100\n|move|p1a: Vaporeon|Scald|p2a: Chansey\n|-damage|p2a: Chansey|90\/100\n|\n|-heal|p1a: Vaporeon|69\/100|[from] item: Leftovers\n|upkeep\n|turn|7\n|\n|t:|1700008570\n|switch|p1a: Espeon|Espeon, F|100\/100\n|-damage|p1a: Espeon|88\/100|[from] Stealth Rock\n|move|p2a: Chansey|Toxic|p1a: Espeon\n|move|p1a: Espeon|Toxic|p2a: Chansey|[from]ability: Magic Bounce\n|-status|p2a: Chansey|tox\n|\n|-damage|p2a: Chansey|84\/100 tox|[from] psn\n|upkeep\n|turn|8\n|\n|t:|1700008587\n|switch|p1a: Flareon|Flareon, F|100\/100\n|-damage|p1a: Flareon|76\/100|[from] Stealth Rock\n|-curestatus|p2a: Chansey|tox|[from] ability: Natural Cure\n|switch|p2a: Garganacl|Garganacl, F|100\/100\n|\n|upkeep\n|turn|9\n|\n|t:|1700008601\n|-terastallize|p2a: Garganacl|Water\n|move|p1a: Flareon|Flare Blitz|p2a: Garganacl\n|-resisted|p2a: Garganacl\n|-damage|p2a: Garganacl|79\/100\n|-damage|p1a: Flareon|65\/100|[from] Recoil\n|move|p2a: Garganacl|Curse|p2a: Garganacl\n|-unboost|p2a: Garganacl|spe|1\n|-boost|p2a: Garganacl|atk|1\n|-boost|p2a: Garganacl|def|1\n|\n|-heal|p2a: Garganacl|85\/100|[from] item: Leftovers\n|upkeep\n|turn|10\n|\n|t:|1700008616\n|switch|p1a: Vaporeon|Vaporeon, F|69\/100\n|-damage|p1a: Vaporeon|57\/100|[from] Stealth Rock\n|move|p2a: Garganacl|Salt Cure|p1a: Vaporeon\n|-damage|p1a: Vaporeon|35\/100\n|-start|p1a: Vaporeon|Salt Cure\n|\n|-heal|p1a: Vaporeon|41\/100|[from] item: Leftovers\n|-heal|p2a: Garganacl|91\/100|[from] item: Leftovers\n|-damage|p1a: Vaporeon|16\/100|[from] Salt Cure\n|upkeep\n|turn|11\n|\n|t:|1700008629\n|move|p2a: Garganacl|Curse|p2a: Garganacl\n|-unboost|p2a: Garganacl|spe|1\n|-boost|p2a: Garganacl|atk|1\n|-boost|p2a: Garganacl|def|1\n|move|p1a: Vaporeon|Roar|p2a: Garganacl\n|drag|p2a: Scream Tail|Scream Tail|100\/100\n|\n|-heal|p1a: Vaporeon|23\/100|[from] item: Leftovers\n|-damage|p1a: Vaporeon|0 fnt|[from] Salt Cure\n|faint|p1a: Vaporeon\n|upkeep\n|\n|t:|1700008649\n|switch|p1a: Espeon|Espeon, F|88\/100\n|-damage|p1a: Espeon|76\/100|[from] Stealth Rock\n|turn|12\n|\n|t:|1700008658\n|move|p1a: Espeon|Shadow Ball|p2a: Scream Tail\n|-supereffective|p2a: Scream Tail\n|-damage|p2a: Scream Tail|59\/100\n|-unboost|p2a: Scream Tail|spd|1\n|move|p2a: Scream Tail|Wish|p2a: Scream Tail\n|\n|-heal|p2a: Scream Tail|65\/100|[from] item: Leftovers\n|upkeep\n|turn|13\n|\n|t:|1700008671\n|-end|p2a: Scream Tail|Protosynthesis|[silent]\n|switch|p2a: Chansey|Chansey, F|84\/100\n|move|p1a: Espeon|Shadow Ball|p2a: Chansey\n|-immune|p2a: Chansey\n|\n|-heal|p2a: Chansey|100\/100|[from] move: Wish|[wisher] Scream Tail\n|upkeep\n|turn|14\n|\n|t:|1700008683\n|switch|p1a: Umbreon|Umbreon, F|100\/100\n|-damage|p1a: Umbreon|88\/100|[from] Stealth Rock\n|move|p2a: Chansey|Seismic Toss|p1a: Umbreon\n|-damage|p1a: Umbreon|58\/100\n|\n|-heal|p1a: Umbreon|64\/100|[from] item: Leftovers\n|upkeep\n|turn|15\n|\n|t:|1700008694\n|move|p1a: Umbreon|Reflect|p1a: Umbreon\n|-sidestart|p1: serimat|Reflect\n|move|p2a: Chansey|Toxic|p1a: Umbreon\n|-status|p1a: Umbreon|tox\n|-activate|p1a: Umbreon|ability: Synchronize\n|-status|p2a: Chansey|tox\n|\n|-heal|p1a: Umbreon|70\/100 tox|[from] item: Leftovers\n|-damage|p1a: Umbreon|64\/100 tox|[from] psn\n|-damage|p2a: Chansey|94\/100 tox|[from] psn\n|upkeep\n|turn|16\n|\n|t:|1700008707\n|-curestatus|p2a: Chansey|tox|[from] ability: Natural Cure\n|switch|p2a: Scream Tail|Scream Tail|65\/100\n|move|p1a: Umbreon|Copycat|p1a: Umbreon\n|move|p1a: Umbreon|Toxic|p2a: Scream Tail|[from]move: Copycat\n|-status|p2a: Scream Tail|tox\n|\n|-heal|p2a: Scream Tail|71\/100 tox|[from] item: Leftovers\n|-heal|p1a: Umbreon|70\/100 tox|[from] item: Leftovers\n|-damage|p2a: Scream Tail|65\/100 tox|[from] psn\n|-damage|p1a: Umbreon|58\/100 tox|[from] psn\n|upkeep\n|turn|17\n|\n|t:|1700008722\n|move|p2a: Scream Tail|Wish|p2a: Scream Tail\n|move|p1a: Umbreon|Foul Play|p2a: Scream Tail\n|-damage|p2a: Scream Tail|52\/100 tox\n|\n|-heal|p2a: Scream Tail|58\/100 tox|[from] item: Leftovers\n|-heal|p1a: Umbreon|64\/100 tox|[from] item: Leftovers\n|-damage|p2a: Scream Tail|45\/100 tox|[from] psn\n|-damage|p1a: Umbreon|46\/100 tox|[from] psn\n|upkeep\n|turn|18\n|\n|t:|1700008738\n|-end|p2a: Scream Tail|Protosynthesis|[silent]\n|switch|p2a: Garganacl|Garganacl, F, tera:Water|91\/100\n|move|p1a: Umbreon|Copycat|p1a: Umbreon\n|move|p1a: Umbreon|Foul Play|p2a: Garganacl|[from]move: Copycat\n|-damage|p2a: Garganacl|70\/100\n|\n|-heal|p2a: Garganacl|100\/100|[from] move: Wish|[wisher] Scream Tail\n|-heal|p1a: Umbreon|52\/100 tox|[from] item: Leftovers\n|-damage|p1a: Umbreon|28\/100 tox|[from] psn\n|upkeep\n|turn|19\n|\n|t:|1700008764\n|move|p1a: Umbreon|Foul Play|p2a: Garganacl\n|-damage|p2a: Garganacl|78\/100\n|move|p2a: Garganacl|Curse|p2a: Garganacl\n|-unboost|p2a: Garganacl|spe|1\n|-boost|p2a: Garganacl|atk|1\n|-boost|p2a: Garganacl|def|1\n|\n|-heal|p1a: Umbreon|34\/100 tox|[from] item: Leftovers\n|-heal|p2a: Garganacl|84\/100|[from] item: Leftovers\n|-damage|p1a: Umbreon|4\/100 tox|[from] psn\n|-sideend|p1: serimat|Reflect\n|upkeep\n|turn|20\n|\n|t:|1700008777\n|move|p1a: Umbreon|Reflect|p1a: Umbreon\n|-sidestart|p1: serimat|Reflect\n|move|p2a: Garganacl|Curse|p2a: Garganacl\n|-unboost|p2a: Garganacl|spe|1\n|-boost|p2a: Garganacl|atk|1\n|-boost|p2a: Garganacl|def|1\n|\n|-heal|p1a: Umbreon|10\/100 tox|[from] item: Leftovers\n|-heal|p2a: Garganacl|91\/100|[from] item: Leftovers\n|-damage|p1a: Umbreon|0 fnt|[from] psn\n|faint|p1a: Umbreon\n|upkeep\n|\n|t:|1700008791\n|switch|p1a: Jolteon|Jolteon, F|100\/100\n|-damage|p1a: Jolteon|88\/100|[from] Stealth Rock\n|turn|21\n|\n|t:|1700008799\n|move|p1a: Jolteon|Thunderbolt|p2a: Garganacl\n|-supereffective|p2a: Garganacl\n|-damage|p2a: Garganacl|26\/100\n|move|p2a: Garganacl|Earthquake|p1a: Jolteon\n|-supereffective|p1a: Jolteon\n|-damage|p1a: Jolteon|0 fnt\n|faint|p1a: Jolteon\n|\n|-heal|p2a: Garganacl|32\/100|[from] item: Leftovers\n|upkeep\n|\n|t:|1700008814\n|switch|p1a: Sylveon|Sylveon, F|100\/100\n|-damage|p1a: Sylveon|88\/100|[from] Stealth Rock\n|turn|22\n|\n|t:|1700008820\n|move|p1a: Sylveon|Hyper Voice|p2a: Garganacl\n|-damage|p2a: Garganacl|0 fnt\n|faint|p2a: Garganacl\n|-damage|p1a: Sylveon|78\/100|[from] item: Life Orb\n|\n|upkeep\n|\n|t:|1700008824\n|switch|p2a: Scream Tail|Scream Tail|45\/100 tox\n|turn|23\n|\n|t:|1700008830\n|move|p2a: Scream Tail|Wish|p2a: Scream Tail\n|move|p1a: Sylveon|Hyper Voice|p2a: Scream Tail\n|-damage|p2a: Scream Tail|0 fnt\n|faint|p2a: Scream Tail\n|-end|p2a: Scream Tail|Protosynthesis|[silent]\n|-damage|p1a: Sylveon|68\/100|[from] item: Life Orb\n|\n|upkeep\n|\n|t:|1700008837\n|switch|p2a: Smeargle|Smeargle, M|100\/100\n|turn|24\n|\n|t:|1700008844\n|switch|p1a: Espeon|Espeon, F|76\/100\n|-damage|p1a: Espeon|64\/100|[from] Stealth Rock\n|move|p2a: Smeargle|Spore|p1a: Espeon\n|move|p1a: Espeon|Spore|p2a: Smeargle|[from]ability: Magic Bounce\n|-status|p2a: Smeargle|slp|[from] move: Spore\n|\n|-sideend|p1: serimat|Reflect\n|upkeep\n|turn|25\n|\n|t:|1700008858\n|move|p1a: Espeon|Psychic|p2a: Smeargle\n|-enditem|p2a: Smeargle|Focus Sash\n|-damage|p2a: Smeargle|1\/100 slp\n|cant|p2a: Smeargle|slp\n|\n|upkeep\n|turn|26\n|\n|t:|1700008865\n|cant|p2a: Smeargle|slp\n|move|p1a: Espeon|Psychic|p2a: Smeargle\n|-damage|p2a: Smeargle|0 fnt\n|faint|p2a: Smeargle\n|\n|upkeep\n|\n|t:|1700008872\n|switch|p2a: Chansey|Chansey, F|94\/100\n|turn|27\n|\n|t:|1700008876\n|move|p1a: Espeon|Psychic|p2a: Chansey\n|-damage|p2a: Chansey|78\/100\n|move|p2a: Chansey|Seismic Toss|p1a: Espeon\n|-damage|p1a: Espeon|27\/100\n|\n|upkeep\n|turn|28\n|\n|t:|1700008897\n|switch|p1a: Sylveon|Sylveon, F|68\/100\n|-damage|p1a: Sylveon|56\/100|[from] Stealth Rock\n|move|p2a: Chansey|Seismic Toss|p1a: Sylveon\n|-damage|p1a: Sylveon|26\/100\n|\n|upkeep\n|turn|29\n|\n|t:|1700008906\n|move|p1a: Sylveon|Hyper Voice|p2a: Chansey\n|-damage|p2a: Chansey|55\/100\n|-damage|p1a: Sylveon|16\/100|[from] item: Life Orb\n|move|p2a: Chansey|Seismic Toss|p1a: Sylveon\n|-damage|p1a: Sylveon|0 fnt\n|faint|p1a: Sylveon\n|\n|upkeep\n|\n|t:|1700008916\n|switch|p1a: Flareon|Flareon, F|65\/100\n|-damage|p1a: Flareon|40\/100|[from] Stealth Rock\n|turn|30\n|\n|t:|1700008922\n|switch|p2a: Clodsire|Clodsire, M|100\/100\n|move|p1a: Flareon|Flare Blitz|p2a: Clodsire\n|-damage|p2a: Clodsire|19\/100\n|-damage|p1a: Flareon|0 fnt|[from] Recoil\n|faint|p1a: Flareon\n|\n|upkeep\n|\n|t:|1700008931\n|switch|p1a: Espeon|Espeon, F|27\/100\n|-damage|p1a: Espeon|15\/100|[from] Stealth Rock\n|turn|31\n|\n|t:|1700008937\n|move|p1a: Espeon|Psychic|p2a: Clodsire\n|-supereffective|p2a: Clodsire\n|-damage|p2a: Clodsire|0 fnt\n|faint|p2a: Clodsire\n|\n|upkeep\n|\n|t:|1700008939\n|switch|p2a: Aggron|Aggron-Mega, F|70\/100\n|turn|32\n|\n|t:|1700008947\n|move|p1a: Espeon|Psychic|p2a: Aggron\n|-resisted|p2a: Aggron\n|-damage|p2a: Aggron|48\/100\n|move|p2a: Aggron|Heavy Slam|p1a: Espeon\n|-damage|p1a: Espeon|0 fnt\n|faint|p1a: Espeon\n|\n|win|KoiGameing\n|raw|serimat's rating: 1258 &rarr; <strong>1228<\/strong><br \/>(-30 for losing)\n|raw|KoiGameing's rating: 1191 &rarr; <strong>1221<\/strong><br \/>(+30 for winning)\n","uploadtime":1700008953,"views":11,"p1id":"serimat","p2id":"koigameing","formatid":"gen9nationaldex","rating":1221,"private":0,"password":""}