{"id":"gen9nationaldex-1995957098","p1":"Djangoman","p2":"redbullranger","format":"[Gen 9] National Dex","log":"|html|<div class=\"broadcast-blue\"><strong>[Gen 9] National Dex is currently suspecting Sneasler! For information on how to participate check out the <a href=\"https:\/\/www.smogon.com\/forums\/threads\/sv-national-dex-suspect-8-just-dance.3731534\/\">suspect thread<\/a>.<\/strong><\/div>\n|j|\u2606Djangoman\n|j|\u2606redbullranger\n|t:|1700621891\n|gametype|singles\n|player|p1|Djangoman|crasherwake|1000\n|player|p2|redbullranger|biker-gen4|1030\n|teamsize|p1|6\n|teamsize|p2|6\n|gen|9\n|tier|[Gen 9] National Dex\n|rated|\n|rule|HP Percentage Mod: HP is shown in percentages\n|rule|Endless Battle Clause: Forcing endless battles is banned\n|rule|OHKO Clause: OHKO moves are banned\n|rule|Evasion Clause: Evasion abilities, items, and moves are banned\n|rule|Evasion Abilities Clause: Evasion abilities are banned\n|rule|Evasion Items Clause: Evasion items are banned\n|rule|Evasion Moves Clause: Evasion moves are banned\n|rule|Species Clause: Limit one of each Pok\u00e9mon\n|rule|Sleep Clause Mod: Limit one foe put to sleep\n|clearpoke\n|poke|p1|Gigalith, M|\n|poke|p1|Alakazam, M|\n|poke|p1|Excadrill, M|\n|poke|p1|Buzzwole|\n|poke|p1|Sableye, M|\n|poke|p1|Whimsicott, F|\n|poke|p2|Scovillain, M|\n|poke|p2|Gliscor, M|\n|poke|p2|Walrein, F|\n|poke|p2|Malamar, F|\n|poke|p2|Banette, F|\n|poke|p2|Xurkitree|\n|teampreview\n|\n|t:|1700621897\n|start\n|switch|p1a: Tsar|Gigalith, M|100\/100\n|switch|p2a: Dumb and Dumber|Scovillain, M|100\/100\n|turn|1\n|\n|t:|1700621902\n|move|p2a: Dumb and Dumber|Leech Seed|p1a: Tsar\n|-start|p1a: Tsar|move: Leech Seed\n|move|p1a: Tsar|Explosion|p2a: Dumb and Dumber\n|-crit|p2a: Dumb and Dumber\n|-damage|p2a: Dumb and Dumber|0 fnt\n|faint|p1a: Tsar\n|faint|p2a: Dumb and Dumber\n|\n|upkeep\n|\n|t:|1700621910\n|switch|p2a: Nickleback|Walrein, F|100\/100\n|switch|p1a: Crucify|Alakazam, M|100\/100\n|turn|2\n|\n|t:|1700621915\n|move|p1a: Crucify|Energy Ball|p2a: Nickleback\n|-supereffective|p2a: Nickleback\n|-damage|p2a: Nickleback|46\/100\n|move|p2a: Nickleback|Blizzard|p1a: Crucify\n|-damage|p1a: Crucify|53\/100\n|\n|upkeep\n|turn|3\n|\n|t:|1700621923\n|move|p1a: Crucify|Energy Ball|p2a: Nickleback\n|-supereffective|p2a: Nickleback\n|-damage|p2a: Nickleback|0 fnt\n|faint|p2a: Nickleback\n|\n|upkeep\n|\n|t:|1700621930\n|switch|p2a: Puppeteer|Banette, F|100\/100\n|-item|p1a: Crucify|Life Orb|[from] ability: Frisk|[of] p2a: Puppeteer|[identify]\n|turn|4\n|\n|t:|1700621942\n|move|p1a: Crucify|Psyshock|p2a: Puppeteer\n|-damage|p2a: Puppeteer|14\/100\n|move|p2a: Puppeteer|Foul Play|p1a: Crucify\n|-supereffective|p1a: Crucify\n|-damage|p1a: Crucify|11\/100\n|\n|upkeep\n|turn|5\n|\n|t:|1700621951\n|move|p1a: Crucify|Energy Ball|p2a: Puppeteer\n|-damage|p2a: Puppeteer|0 fnt\n|faint|p2a: Puppeteer\n|\n|upkeep\n|\n|t:|1700621956\n|switch|p2a: Cable|Xurkitree|100\/100\n|-item|p2a: Cable|Air Balloon\n|turn|6\n|\n|t:|1700621963\n|move|p1a: Crucify|Psyshock|p2a: Cable\n|-damage|p2a: Cable|16\/100\n|-enditem|p2a: Cable|Air Balloon\n|move|p2a: Cable|Power Whip|p1a: Crucify\n|-crit|p1a: Crucify\n|-damage|p1a: Crucify|0 fnt\n|faint|p1a: Crucify\n|-ability|p2a: Cable|Beast Boost|boost\n|-boost|p2a: Cable|spa|1\n|\n|upkeep\n|\n|t:|1700621975\n|switch|p1a: Emperor|Excadrill, M|100\/100\n|-ability|p1a: Emperor|Mold Breaker\n|turn|7\n|\n|t:|1700621981\n|move|p1a: Emperor|Swords Dance|p1a: Emperor\n|-boost|p1a: Emperor|atk|2\n|move|p2a: Cable|Power Whip|p1a: Emperor\n|-damage|p1a: Emperor|66\/100\n|\n|upkeep\n|turn|8\n|\n|t:|1700621989\n|switch|p2a: Batman|Gliscor, M|100\/100\n|move|p1a: Emperor|Brick Break|p2a: Batman\n|-resisted|p2a: Batman\n|-damage|p2a: Batman|75\/100\n|\n|upkeep\n|turn|9\n|\n|t:|1700621996\n|move|p2a: Batman|Crabhammer|p1a: Emperor\n|-supereffective|p1a: Emperor\n|-crit|p1a: Emperor\n|-damage|p1a: Emperor|0 fnt\n|faint|p1a: Emperor\n|\n|upkeep\n|\n|t:|1700622001\n|switch|p1a: Pesada|Whimsicott, F|100\/100\n|turn|10\n|\n|t:|1700622004\n|move|p1a: Pesada|Switcheroo|p2a: Batman\n|-activate|p1a: Pesada|move: Trick|[of] p2a: Batman\n|-item|p2a: Batman|Choice Scarf|[from] move: Switcheroo\n|-item|p1a: Pesada|Smooth Rock|[from] move: Switcheroo\n|move|p2a: Batman|Dual Wingbeat|p1a: Pesada\n|-supereffective|p1a: Pesada\n|-damage|p1a: Pesada|50\/100\n|-supereffective|p1a: Pesada\n|-damage|p1a: Pesada|2\/100\n|-hitcount|p1a: Pesada|2\n|\n|upkeep\n|turn|11\n|\n|t:|1700622014\n|move|p2a: Batman|Dual Wingbeat|p1a: Pesada\n|-supereffective|p1a: Pesada\n|-damage|p1a: Pesada|0 fnt\n|faint|p1a: Pesada\n|-hitcount|p1: Pesada|1\n|\n|upkeep\n|\n|t:|1700622020\n|switch|p1a: Richard|Buzzwole|100\/100\n|turn|12\n|\n|t:|1700622023\n|-terastallize|p1a: Richard|Bug\n|move|p2a: Batman|Dual Wingbeat|p1a: Richard\n|-supereffective|p1a: Richard\n|-damage|p1a: Richard|78\/100\n|-supereffective|p1a: Richard\n|-damage|p1a: Richard|56\/100\n|-hitcount|p1a: Richard|2\n|move|p1a: Richard|Bulk Up|p1a: Richard\n|-boost|p1a: Richard|atk|1\n|-boost|p1a: Richard|def|1\n|\n|upkeep\n|turn|13\n|\n|t:|1700622033\n|move|p2a: Batman|Dual Wingbeat|p1a: Richard\n|-supereffective|p1a: Richard\n|-damage|p1a: Richard|42\/100\n|-enditem|p1a: Richard|Sitrus Berry|[eat]\n|-heal|p1a: Richard|67\/100|[from] item: Sitrus Berry\n|-supereffective|p1a: Richard\n|-damage|p1a: Richard|52\/100\n|-hitcount|p1a: Richard|2\n|move|p1a: Richard|Ice Punch|p2a: Batman\n|-supereffective|p2a: Batman\n|-damage|p2a: Batman|0 fnt\n|faint|p2a: Batman\n|-ability|p1a: Richard|Beast Boost|boost\n|-boost|p1a: Richard|atk|1\n|\n|upkeep\n|\n|t:|1700622046\n|switch|p2a: Calamari|Malamar, F|100\/100\n|turn|14\n|\n|t:|1700622056\n|move|p2a: Calamari|Expanding Force|p1a: Richard\n|-damage|p1a: Richard|18\/100\n|move|p1a: Richard|Superpower|p2a: Calamari\n|-damage|p2a: Calamari|0 fnt\n|-unboost|p1a: Richard|atk|1\n|-unboost|p1a: Richard|def|1\n|faint|p2a: Calamari\n|-ability|p1a: Richard|Beast Boost|boost\n|-boost|p1a: Richard|atk|1\n|\n|upkeep\n|\n|t:|1700622064\n|switch|p2a: Cable|Xurkitree|16\/100\n|turn|15\n|\n|t:|1700622068\n|move|p2a: Cable|Thunderbolt|p1a: Richard\n|-damage|p1a: Richard|0 fnt\n|faint|p1a: Richard\n|-ability|p2a: Cable|Beast Boost|boost\n|-boost|p2a: Cable|spa|1\n|\n|upkeep\n|\n|t:|1700622073\n|switch|p1a: Stitch|Sableye, M|100\/100\n|turn|16\n|\n|t:|1700622079\n|detailschange|p1a: Stitch|Sableye-Mega, M\n|-mega|p1a: Stitch|Sableye|Sablenite\n|move|p2a: Cable|Power Whip|p1a: Stitch\n|-damage|p1a: Stitch|83\/100\n|move|p1a: Stitch|Knock Off|p2a: Cable\n|-damage|p2a: Cable|0 fnt\n|faint|p2a: Cable\n|\n|win|Djangoman\n|raw|Djangoman's rating: 1000 &rarr; <strong>1043<\/strong><br \/>(+43 for winning)\n|raw|redbullranger's rating: 1030 &rarr; <strong>1014<\/strong><br \/>(-16 for losing)\n|c|\u2606Djangoman|GG\n|c|\u2606redbullranger|gg\n|l|\u2606redbullranger\n","uploadtime":1700622095,"views":0,"p1id":"djangoman","p2id":"redbullranger","formatid":"gen9nationaldex","rating":1014,"private":0,"password":""}