{"id":"gen9nationaldex-1994726780","p1":"UN0EG0","p2":"zhangsangua","format":"[Gen 9] National Dex","log":"|html|<div class=\"broadcast-blue\"><strong>[Gen 9] National Dex is currently suspecting Sneasler! For information on how to participate check out the <a href=\"https:\/\/www.smogon.com\/forums\/threads\/sv-national-dex-suspect-8-just-dance.3731534\/\">suspect thread<\/a>.<\/strong><\/div>\n|j|\u2606UN0EG0\n|j|\u2606zhangsangua\n|t:|1700486289\n|gametype|singles\n|player|p1|UN0EG0|ash|1354\n|player|p2|zhangsangua|rocketgrunt|1328\n|teamsize|p1|6\n|teamsize|p2|6\n|gen|9\n|tier|[Gen 9] National Dex\n|rated|\n|rule|HP Percentage Mod: HP is shown in percentages\n|rule|Endless Battle Clause: Forcing endless battles is banned\n|rule|OHKO Clause: OHKO moves are banned\n|rule|Evasion Clause: Evasion abilities, items, and moves are banned\n|rule|Evasion Abilities Clause: Evasion abilities are banned\n|rule|Evasion Items Clause: Evasion items are banned\n|rule|Evasion Moves Clause: Evasion moves are banned\n|rule|Species Clause: Limit one of each Pok\u00e9mon\n|rule|Sleep Clause Mod: Limit one foe put to sleep\n|clearpoke\n|poke|p1|Pikachu, F|\n|poke|p1|Lucario, F|\n|poke|p1|Gengar, F|\n|poke|p1|Dragonite, M|\n|poke|p1|Sirfetch\u2019d, M|\n|poke|p1|Greninja-*, M|\n|poke|p2|Banette, M|\n|poke|p2|Hoopa-Unbound|\n|poke|p2|Ribombee, M|\n|poke|p2|Victini|\n|poke|p2|Moltres|\n|poke|p2|Sneasler, F|\n|teampreview\n|inactive|Battle timer is ON: inactive players will automatically lose when time's up. (requested by UN0EG0)\n|\n|t:|1700486305\n|start\n|switch|p1a: Star platinum|Lucario, F|100\/100\n|switch|p2a: Victini|Victini|100\/100\n|turn|1\n|\n|t:|1700486311\n|move|p2a: Victini|Final Gambit|p1a: Star platinum\n|-damage|p1a: Star platinum|0 fnt\n|faint|p2a: Victini\n|faint|p1a: Star platinum\n|\n|upkeep\n|\n|t:|1700486317\n|switch|p2a: Ribombee|Ribombee, M|100\/100\n|switch|p1a: Zatch|Pikachu, F, shiny|100\/100\n|turn|2\n|\n|t:|1700486323\n|move|p1a: Zatch|Fake Out|p2a: Ribombee\n|-damage|p2a: Ribombee|68\/100\n|move|p2a: Ribombee|Sticky Web|p1a: Zatch\n|-sidestart|p1: UN0EG0|move: Sticky Web\n|\n|upkeep\n|turn|3\n|\n|t:|1700486326\n|move|p1a: Zatch|Extreme Speed|p2a: Ribombee\n|-damage|p2a: Ribombee|3\/100\n|move|p2a: Ribombee|Moonblast|p1a: Zatch\n|-damage|p1a: Zatch|0 fnt\n|faint|p1a: Zatch\n|\n|upkeep\n|\n|t:|1700486336\n|switch|p1a: KaMon|Sirfetch\u2019d, M|100\/100\n|-activate|p1a: KaMon|move: Sticky Web\n|-unboost|p1a: KaMon|spe|1\n|turn|4\n|\n|t:|1700486343\n|move|p1a: KaMon|First Impression|p2a: Ribombee\n|-resisted|p2a: Ribombee\n|-damage|p2a: Ribombee|0 fnt\n|faint|p2a: Ribombee\n|\n|upkeep\n|\n|t:|1700486352\n|switch|p2a: Banette|Banette, M|100\/100\n|-item|p1a: KaMon|Leek|[from] ability: Frisk|[of] p2a: Banette|[identify]\n|turn|5\n|\n|t:|1700486355\n|detailschange|p2a: Banette|Banette-Mega, M\n|-mega|p2a: Banette|Banette|Banettite\n|move|p2a: Banette|Encore|p1a: KaMon\n|-start|p1a: KaMon|Encore\n|move|p1a: KaMon|First Impression||[still]\n|-hint|First Impression only works on your first turn out.\n|-fail|p1a: KaMon\n|\n|upkeep\n|turn|6\n|\n|t:|1700486362\n|switch|p1a: Bachira|Gengar, F|100\/100\n|-activate|p1a: Bachira|move: Sticky Web\n|-unboost|p1a: Bachira|spe|1\n|move|p2a: Banette|Shadow Claw|p1a: Bachira\n|-supereffective|p1a: Bachira\n|-enditem|p1a: Bachira|Focus Sash\n|-damage|p1a: Bachira|1\/100\n|\n|upkeep\n|turn|7\n|\n|t:|1700486367\n|move|p2a: Banette|Destiny Bond|p2a: Banette\n|-singlemove|p2a: Banette|Destiny Bond\n|move|p1a: Bachira|Destiny Bond|p1a: Bachira\n|-singlemove|p1a: Bachira|Destiny Bond\n|\n|upkeep\n|turn|8\n|\n|t:|1700486371\n|move|p1a: Bachira|Shadow Ball|p2a: Banette\n|-supereffective|p2a: Banette\n|-damage|p2a: Banette|0 fnt\n|faint|p2a: Banette\n|-activate|p2a: Banette|move: Destiny Bond\n|faint|p1a: Bachira\n|\n|upkeep\n|\n|t:|1700486383\n|switch|p1a: Drago|Dragonite, M|100\/100\n|switch|p2a: Hoopa|Hoopa-Unbound|100\/100\n|turn|9\n|\n|t:|1700486387\n|move|p2a: Hoopa|Trick|p1a: Drago\n|-activate|p2a: Hoopa|move: Trick|[of] p1a: Drago\n|-item|p1a: Drago|Eject Pack|[from] move: Trick\n|-item|p2a: Hoopa|Weakness Policy|[from] move: Trick\n|move|p1a: Drago|Dragon Dance|p1a: Drago\n|-boost|p1a: Drago|atk|1\n|-boost|p1a: Drago|spe|1\n|\n|upkeep\n|turn|10\n|\n|t:|1700486396\n|move|p1a: Drago|Dragon Claw|p2a: Hoopa\n|-damage|p2a: Hoopa|0 fnt\n|faint|p2a: Hoopa\n|\n|upkeep\n|\n|t:|1700486399\n|switch|p2a: Moltres|Moltres|100\/100\n|turn|11\n|\n|t:|1700486402\n|move|p1a: Drago|Dragon Claw|p2a: Moltres\n|-damage|p2a: Moltres|55\/100\n|move|p2a: Moltres|Toxic|p1a: Drago\n|-status|p1a: Drago|tox\n|\n|-damage|p1a: Drago|94\/100 tox|[from] psn\n|upkeep\n|turn|12\n|\n|t:|1700486408\n|move|p1a: Drago|Dragon Claw|p2a: Moltres\n|-damage|p2a: Moltres|9\/100\n|move|p2a: Moltres|Roost|p2a: Moltres\n|-heal|p2a: Moltres|59\/100\n|-singleturn|p2a: Moltres|move: Roost\n|\n|-damage|p1a: Drago|82\/100 tox|[from] psn\n|upkeep\n|turn|13\n|\n|t:|1700486414\n|move|p1a: Drago|Dragon Dance|p1a: Drago\n|-boost|p1a: Drago|atk|1\n|-boost|p1a: Drago|spe|1\n|move|p2a: Moltres|Roost|p2a: Moltres\n|-heal|p2a: Moltres|100\/100\n|-singleturn|p2a: Moltres|move: Roost\n|\n|-damage|p1a: Drago|63\/100 tox|[from] psn\n|upkeep\n|turn|14\n|\n|t:|1700486418\n|move|p1a: Drago|Dragon Claw|p2a: Moltres\n|-damage|p2a: Moltres|38\/100\n|move|p2a: Moltres|Overheat|p1a: Drago\n|-resisted|p1a: Drago\n|-damage|p1a: Drago|33\/100 tox\n|-unboost|p2a: Moltres|spa|2\n|\n|-damage|p1a: Drago|8\/100 tox|[from] psn\n|upkeep\n|turn|15\n|\n|t:|1700486426\n|move|p1a: Drago|Dragon Claw|p2a: Moltres\n|-damage|p2a: Moltres|0 fnt\n|faint|p2a: Moltres\n|\n|-damage|p1a: Drago|0 fnt|[from] psn\n|faint|p1a: Drago\n|upkeep\n|\n|t:|1700486430\n|switch|p1a: KaMon|Sirfetch\u2019d, M|100\/100\n|switch|p2a: Sneasler|Sneasler, F|100\/100\n|-activate|p1a: KaMon|move: Sticky Web\n|-unboost|p1a: KaMon|spe|1\n|turn|16\n|\n|t:|1700486435\n|-terastallize|p1a: KaMon|Flying\n|move|p2a: Sneasler|Fake Out|p1a: KaMon\n|-enditem|p2a: Sneasler|Normal Gem|[from] gem\n|-damage|p1a: KaMon|82\/100\n|cant|p1a: KaMon|flinch\n|\n|upkeep\n|turn|17\n|\n|t:|1700486441\n|-terastallize|p2a: Sneasler|Flying\n|move|p2a: Sneasler|Acrobatics|p1a: KaMon\n|-damage|p1a: KaMon|14\/100\n|move|p1a: KaMon|Dual Wingbeat|p2a: Sneasler\n|-damage|p2a: Sneasler|62\/100\n|-damage|p2a: Sneasler|24\/100\n|-hitcount|p2a: Sneasler|2\n|\n|upkeep\n|turn|18\n|\n|t:|1700486450\n|move|p2a: Sneasler|Acrobatics|p1a: KaMon\n|-damage|p1a: KaMon|0 fnt\n|faint|p1a: KaMon\n|\n|upkeep\n|\n|t:|1700486452\n|switch|p1a: Naruto|Greninja, M|100\/100\n|-activate|p1a: Naruto|move: Sticky Web\n|-unboost|p1a: Naruto|spe|1\n|turn|19\n|\n|t:|1700486455\n|move|p1a: Naruto|Water Shuriken|p2a: Sneasler\n|-damage|p2a: Sneasler|10\/100\n|-damage|p2a: Sneasler|0 fnt\n|faint|p2a: Sneasler\n|-hitcount|p2: Sneasler|2\n|\n|win|UN0EG0\n|raw|UN0EG0's rating: 1354 &rarr; <strong>1373<\/strong><br \/>(+19 for winning)\n|raw|zhangsangua's rating: 1328 &rarr; <strong>1309<\/strong><br \/>(-19 for losing)\n|l|\u2606zhangsangua\n","uploadtime":1700486463,"views":1,"p1id":"un0eg0","p2id":"zhangsangua","formatid":"gen9nationaldex","rating":1309,"private":0,"password":""}