{"id":"gen9nationaldex-1997871822","p1":"apheliodiomycota","p2":"jkljlkh","format":"[Gen 9] National Dex","log":"|html|<div class=\"broadcast-blue\"><strong>[Gen 9] National Dex is currently suspecting Sneasler! For information on how to participate check out the <a href=\"https:\/\/www.smogon.com\/forums\/threads\/sv-national-dex-suspect-8-just-dance.3731534\/\">suspect thread<\/a>.<\/strong><\/div>\n|j|\u2606apheliodiomycota\n|j|\u2606jkljlkh\n|t:|1700862051\n|gametype|singles\n|player|p1|apheliodiomycota|169|1607\n|player|p2|jkljlkh|1|1934\n|teamsize|p1|6\n|teamsize|p2|6\n|gen|9\n|tier|[Gen 9] National Dex\n|rated|\n|rule|HP Percentage Mod: HP is shown in percentages\n|rule|Endless Battle Clause: Forcing endless battles is banned\n|rule|OHKO Clause: OHKO moves are banned\n|rule|Evasion Clause: Evasion abilities, items, and moves are banned\n|rule|Evasion Abilities Clause: Evasion abilities are banned\n|rule|Evasion Items Clause: Evasion items are banned\n|rule|Evasion Moves Clause: Evasion moves are banned\n|rule|Species Clause: Limit one of each Pok\u00e9mon\n|rule|Sleep Clause Mod: Limit one foe put to sleep\n|clearpoke\n|poke|p1|Tapu Lele|\n|poke|p1|Garchomp, F|\n|poke|p1|Corviknight, M|\n|poke|p1|Skeledirge, F|\n|poke|p1|Samurott-Hisui, F|\n|poke|p1|Venusaur, F|\n|poke|p2|Toxapex, F|\n|poke|p2|Dondozo, M|\n|poke|p2|Gliscor, M|\n|poke|p2|Blissey, F|\n|poke|p2|Corviknight, F|\n|poke|p2|Tyranitar, M|\n|teampreview\n|inactive|Battle timer is ON: inactive players will automatically lose when time's up. (requested by apheliodiomycota)\n|\n|t:|1700862071\n|start\n|switch|p1a: Garchomp|Garchomp, F|100\/100\n|switch|p2a: Gliscor|Gliscor, M|100\/100\n|turn|1\n|\n|t:|1700862084\n|move|p1a: Garchomp|Stealth Rock|p2a: Gliscor\n|-sidestart|p2: jkljlkh|move: Stealth Rock\n|move|p2a: Gliscor|Toxic|p1a: Garchomp\n|-status|p1a: Garchomp|tox\n|\n|-damage|p1a: Garchomp|94\/100 tox|[from] psn\n|-status|p2a: Gliscor|tox|[from] item: Toxic Orb\n|upkeep\n|turn|2\n|\n|t:|1700862089\n|move|p1a: Garchomp|Swords Dance|p1a: Garchomp\n|-boost|p1a: Garchomp|atk|2\n|move|p2a: Gliscor|Spikes|p1a: Garchomp\n|-sidestart|p1: apheliodiomycota|Spikes\n|\n|-damage|p1a: Garchomp|82\/100 tox|[from] psn\n|upkeep\n|turn|3\n|\n|t:|1700862092\n|move|p2a: Gliscor|Protect|p2a: Gliscor\n|-singleturn|p2a: Gliscor|Protect\n|-zpower|p1a: Garchomp\n|move|p1a: Garchomp|Devastating Drake|p2a: Gliscor|[zeffect]\n|-zbroken|p2a: Gliscor\n|-damage|p2a: Gliscor|73\/100 tox\n|\n|-damage|p1a: Garchomp|64\/100 tox|[from] psn\n|-heal|p2a: Gliscor|85\/100 tox|[from] ability: Poison Heal\n|upkeep\n|turn|4\n|\n|t:|1700862097\n|switch|p2a: Corviknight|Corviknight, F|100\/100\n|-damage|p2a: Corviknight|88\/100|[from] Stealth Rock\n|-ability|p2a: Corviknight|Pressure\n|move|p1a: Garchomp|Swords Dance|p1a: Garchomp\n|-boost|p1a: Garchomp|atk|2\n|\n|-heal|p2a: Corviknight|94\/100|[from] item: Leftovers\n|-damage|p1a: Garchomp|39\/100 tox|[from] psn\n|upkeep\n|turn|5\n|\n|t:|1700862101\n|switch|p1a: Skeledirge|Skeledirge, F|100\/100\n|move|p2a: Corviknight|Protect||[still]\n|-fail|p2a: Corviknight\n|\n|-heal|p2a: Corviknight|100\/100|[from] item: Leftovers\n|upkeep\n|turn|6\n|\n|t:|1700862104\n|switch|p2a: Toxapex|Toxapex, F|100\/100\n|move|p1a: Skeledirge|Will-O-Wisp|p2a: Toxapex\n|-status|p2a: Toxapex|brn\n|\n|-damage|p2a: Toxapex|95\/100 brn|[from] brn\n|upkeep\n|turn|7\n|\n|t:|1700862106\n|move|p1a: Skeledirge|Torch Song|p2a: Toxapex\n|-resisted|p2a: Toxapex\n|-damage|p2a: Toxapex|83\/100 brn\n|-boost|p1a: Skeledirge|spa|1\n|move|p2a: Toxapex|Toxic|p1a: Skeledirge\n|-status|p1a: Skeledirge|tox\n|\n|-damage|p1a: Skeledirge|94\/100 tox|[from] psn\n|-damage|p2a: Toxapex|77\/100 brn|[from] brn\n|upkeep\n|turn|8\n|\n|t:|1700862109\n|move|p1a: Skeledirge|Hex|p2a: Toxapex\n|-damage|p2a: Toxapex|20\/100 brn\n|move|p2a: Toxapex|Knock Off|p1a: Skeledirge\n|-supereffective|p1a: Skeledirge\n|-damage|p1a: Skeledirge|81\/100 tox\n|-enditem|p1a: Skeledirge|Heavy-Duty Boots|[from] move: Knock Off|[of] p2a: Toxapex\n|\n|-damage|p1a: Skeledirge|69\/100 tox|[from] psn\n|-damage|p2a: Toxapex|14\/100 brn|[from] brn\n|upkeep\n|turn|9\n|\n|t:|1700862113\n|switch|p2a: Blissey|Blissey, F|100\/100\n|move|p1a: Skeledirge|Torch Song|p2a: Blissey\n|-damage|p2a: Blissey|87\/100\n|-boost|p1a: Skeledirge|spa|1\n|\n|-damage|p1a: Skeledirge|50\/100 tox|[from] psn\n|upkeep\n|turn|10\n|\n|t:|1700862117\n|move|p1a: Skeledirge|Slack Off|p1a: Skeledirge\n|-heal|p1a: Skeledirge|100\/100 tox\n|move|p2a: Blissey|Stealth Rock|p1a: Skeledirge\n|-sidestart|p1: apheliodiomycota|move: Stealth Rock\n|\n|-damage|p1a: Skeledirge|76\/100 tox|[from] psn\n|upkeep\n|turn|11\n|\n|t:|1700862125\n|switch|p1a: Corviknight|Corviknight, M|100\/100\n|-damage|p1a: Corviknight|88\/100|[from] Stealth Rock\n|-ability|p1a: Corviknight|Pressure\n|move|p2a: Blissey|Calm Mind|p2a: Blissey\n|-boost|p2a: Blissey|spa|1\n|-boost|p2a: Blissey|spd|1\n|\n|upkeep\n|turn|12\n|\n|t:|1700862130\n|switch|p2a: Toxapex|Toxapex, F|47\/100 brn\n|move|p1a: Corviknight|Defog|p2a: Toxapex\n|-unboost|p2a: Toxapex|evasion|1\n|-sideend|p2: jkljlkh|Stealth Rock|[from] move: Defog|[of] p1a: Corviknight\n|-sideend|p1: apheliodiomycota|Spikes|[from] move: Defog|[of] p1a: Corviknight\n|-sideend|p1: apheliodiomycota|Stealth Rock|[from] move: Defog|[of] p1a: Corviknight\n|\n|-damage|p2a: Toxapex|41\/100 brn|[from] brn\n|upkeep\n|turn|13\n|\n|t:|1700862133\n|switch|p2a: Gliscor|Gliscor, M|85\/100 tox\n|move|p1a: Corviknight|Brave Bird|p2a: Gliscor\n|-damage|p2a: Gliscor|60\/100 tox\n|-damage|p1a: Corviknight|81\/100|[from] Recoil\n|\n|-heal|p2a: Gliscor|73\/100 tox|[from] ability: Poison Heal\n|upkeep\n|turn|14\n|\n|t:|1700862136\n|move|p2a: Gliscor|Spikes|p1a: Corviknight\n|-sidestart|p1: apheliodiomycota|Spikes\n|move|p1a: Corviknight|U-turn|p2a: Gliscor\n|-resisted|p2a: Gliscor\n|-damage|p2a: Gliscor|68\/100 tox\n|\n|t:|1700862140\n|switch|p1a: Tapu Lele|Tapu Lele|100\/100|[from] U-turn\n|-damage|p1a: Tapu Lele|88\/100|[from] Spikes\n|-fieldstart|move: Psychic Terrain|[from] ability: Psychic Surge|[of] p1a: Tapu Lele\n|\n|-heal|p2a: Gliscor|81\/100 tox|[from] ability: Poison Heal\n|upkeep\n|turn|15\n|\n|t:|1700862142\n|move|p2a: Gliscor|Protect|p2a: Gliscor\n|-singleturn|p2a: Gliscor|Protect\n|move|p1a: Tapu Lele|Focus Blast|p2a: Gliscor\n|-activate|p2a: Gliscor|move: Protect\n|\n|-heal|p2a: Gliscor|93\/100 tox|[from] ability: Poison Heal\n|upkeep\n|turn|16\n|\n|t:|1700862147\n|switch|p1a: Venusaur|Venusaur, F|100\/100\n|-damage|p1a: Venusaur|88\/100|[from] Spikes\n|switch|p2a: Toxapex|Toxapex, F|75\/100 brn\n|\n|-damage|p2a: Toxapex|69\/100 brn|[from] brn\n|upkeep\n|turn|17\n|\n|t:|1700862149\n|detailschange|p1a: Venusaur|Venusaur-Mega, F\n|-mega|p1a: Venusaur|Venusaur|Venusaurite\n|move|p2a: Toxapex|Baneful Bunker|p2a: Toxapex\n|-singleturn|p2a: Toxapex|move: Protect\n|move|p1a: Venusaur|Earth Power|p2a: Toxapex\n|-activate|p2a: Toxapex|move: Protect\n|\n|-damage|p2a: Toxapex|63\/100 brn|[from] brn\n|upkeep\n|turn|18\n|\n|t:|1700862153\n|switch|p2a: Corviknight|Corviknight, F|100\/100\n|-ability|p2a: Corviknight|Pressure\n|move|p1a: Venusaur|Leech Seed|p2a: Corviknight\n|-start|p2a: Corviknight|move: Leech Seed\n|\n|-damage|p2a: Corviknight|88\/100|[from] Leech Seed|[of] p1a: Venusaur\n|-heal|p1a: Venusaur|100\/100|[silent]\n|-fieldend|move: Psychic Terrain\n|upkeep\n|turn|19\n|\n|t:|1700862156\n|switch|p1a: Corviknight|Corviknight, M|81\/100\n|-ability|p1a: Corviknight|Pressure\n|switch|p2a: Gliscor|Gliscor, M|93\/100 tox\n|\n|-heal|p2a: Gliscor|100\/100 tox|[from] ability: Poison Heal\n|upkeep\n|turn|20\n|\n|t:|1700862160\n|switch|p2a: Toxapex|Toxapex, F|96\/100 brn\n|move|p1a: Corviknight|Defog|p2a: Toxapex\n|-unboost|p2a: Toxapex|evasion|1\n|-sideend|p1: apheliodiomycota|Spikes|[from] move: Defog|[of] p1a: Corviknight\n|\n|-damage|p2a: Toxapex|90\/100 brn|[from] brn\n|upkeep\n|turn|21\n|\n|t:|1700862163\n|move|p1a: Corviknight|Brave Bird|p2a: Toxapex\n|-damage|p2a: Toxapex|68\/100 brn\n|-damage|p1a: Corviknight|75\/100|[from] Recoil\n|move|p2a: Toxapex|Knock Off|p1a: Corviknight\n|-damage|p1a: Corviknight|70\/100\n|-damage|p2a: Toxapex|52\/100 brn|[from] item: Rocky Helmet|[of] p1a: Corviknight\n|-enditem|p1a: Corviknight|Rocky Helmet|[from] move: Knock Off|[of] p2a: Toxapex\n|\n|-damage|p2a: Toxapex|46\/100 brn|[from] brn\n|upkeep\n|turn|22\n|\n|t:|1700862167\n|switch|p2a: Corviknight|Corviknight, F|88\/100\n|-ability|p2a: Corviknight|Pressure\n|move|p1a: Corviknight|U-turn|p2a: Corviknight\n|-resisted|p2a: Corviknight\n|-damage|p2a: Corviknight|85\/100\n|\n|t:|1700862171\n|switch|p1a: Skeledirge|Skeledirge, F|76\/100 tox|[from] U-turn\n|\n|-heal|p2a: Corviknight|91\/100|[from] item: Leftovers\n|-damage|p1a: Skeledirge|70\/100 tox|[from] psn\n|upkeep\n|turn|23\n|\n|t:|1700862175\n|move|p2a: Corviknight|Protect|p2a: Corviknight\n|-singleturn|p2a: Corviknight|Protect\n|move|p1a: Skeledirge|Torch Song|p2a: Corviknight\n|-activate|p2a: Corviknight|move: Protect\n|\n|-heal|p2a: Corviknight|98\/100|[from] item: Leftovers\n|-damage|p1a: Skeledirge|58\/100 tox|[from] psn\n|upkeep\n|turn|24\n|\n|t:|1700862177\n|switch|p2a: Toxapex|Toxapex, F|79\/100 brn\n|move|p1a: Skeledirge|Torch Song|p2a: Toxapex\n|-resisted|p2a: Toxapex\n|-damage|p2a: Toxapex|66\/100 brn\n|-boost|p1a: Skeledirge|spa|1\n|\n|-damage|p1a: Skeledirge|40\/100 tox|[from] psn\n|-damage|p2a: Toxapex|60\/100 brn|[from] brn\n|upkeep\n|turn|25\n|\n|t:|1700862194\n|switch|p2a: Blissey|Blissey, F|87\/100\n|move|p1a: Skeledirge|Slack Off|p1a: Skeledirge\n|-heal|p1a: Skeledirge|90\/100 tox\n|\n|-damage|p1a: Skeledirge|65\/100 tox|[from] psn\n|upkeep\n|turn|26\n|\n|t:|1700862198\n|switch|p1a: Samurott|Samurott-Hisui, F|100\/100\n|move|p2a: Blissey|Stealth Rock|p1a: Samurott\n|-sidestart|p1: apheliodiomycota|move: Stealth Rock\n|\n|upkeep\n|turn|27\n|\n|t:|1700862200\n|switch|p2a: Gliscor|Gliscor, M|100\/100 tox\n|move|p1a: Samurott|Ceaseless Edge|p2a: Gliscor\n|-damage|p2a: Gliscor|71\/100 tox\n|-sidestart|p2: jkljlkh|Spikes\n|\n|-heal|p2a: Gliscor|83\/100 tox|[from] ability: Poison Heal\n|upkeep\n|turn|28\n|\n|t:|1700862205\n|move|p1a: Samurott|Ceaseless Edge|p2a: Gliscor\n|-damage|p2a: Gliscor|54\/100 tox\n|-sidestart|p2: jkljlkh|Spikes\n|move|p2a: Gliscor|Toxic|p1a: Samurott\n|-status|p1a: Samurott|tox\n|\n|-damage|p1a: Samurott|94\/100 tox|[from] psn\n|-heal|p2a: Gliscor|67\/100 tox|[from] ability: Poison Heal\n|upkeep\n|turn|29\n|\n|t:|1700862207\n|move|p2a: Gliscor|Protect|p2a: Gliscor\n|-singleturn|p2a: Gliscor|Protect\n|move|p1a: Samurott|Ceaseless Edge|p2a: Gliscor\n|-activate|p2a: Gliscor|move: Protect\n|\n|-damage|p1a: Samurott|82\/100 tox|[from] psn\n|-heal|p2a: Gliscor|79\/100 tox|[from] ability: Poison Heal\n|upkeep\n|turn|30\n|\n|t:|1700862211\n|move|p1a: Samurott|Ceaseless Edge|p2a: Gliscor\n|-damage|p2a: Gliscor|52\/100 tox\n|-sidestart|p2: jkljlkh|Spikes\n|move|p2a: Gliscor|Earthquake|p1a: Samurott\n|-damage|p1a: Samurott|39\/100 tox\n|\n|-damage|p1a: Samurott|20\/100 tox|[from] psn\n|-heal|p2a: Gliscor|65\/100 tox|[from] ability: Poison Heal\n|upkeep\n|turn|31\n|\n|t:|1700862214\n|switch|p1a: Tapu Lele|Tapu Lele|88\/100\n|-damage|p1a: Tapu Lele|76\/100|[from] Stealth Rock\n|-fieldstart|move: Psychic Terrain|[from] ability: Psychic Surge|[of] p1a: Tapu Lele\n|move|p2a: Gliscor|Protect||[still]\n|-fail|p2a: Gliscor\n|\n|-heal|p2a: Gliscor|77\/100 tox|[from] ability: Poison Heal\n|upkeep\n|turn|32\n|\n|t:|1700862216\n|move|p2a: Gliscor|Protect|p2a: Gliscor\n|-singleturn|p2a: Gliscor|Protect\n|move|p1a: Tapu Lele|Moonblast|p2a: Gliscor\n|-activate|p2a: Gliscor|move: Protect\n|\n|-heal|p2a: Gliscor|89\/100 tox|[from] ability: Poison Heal\n|upkeep\n|turn|33\n|\n|t:|1700862220\n|switch|p1a: Garchomp|Garchomp, F|39\/100 tox\n|-damage|p1a: Garchomp|33\/100 tox|[from] Stealth Rock\n|switch|p2a: Toxapex|Toxapex, F|94\/100 brn\n|\n|-damage|p1a: Garchomp|27\/100 tox|[from] psn\n|-damage|p2a: Toxapex|88\/100 brn|[from] brn\n|upkeep\n|turn|34\n|\n|t:|1700862224\n|switch|p2a: Gliscor|Gliscor, M|89\/100 tox\n|move|p1a: Garchomp|Swords Dance|p1a: Garchomp\n|-boost|p1a: Garchomp|atk|2\n|\n|-damage|p1a: Garchomp|14\/100 tox|[from] psn\n|-heal|p2a: Gliscor|100\/100 tox|[from] ability: Poison Heal\n|upkeep\n|turn|35\n|\n|t:|1700862228\n|move|p2a: Gliscor|Protect|p2a: Gliscor\n|-singleturn|p2a: Gliscor|Protect\n|move|p1a: Garchomp|Stealth Rock|p2a: Gliscor\n|-sidestart|p2: jkljlkh|move: Stealth Rock\n|\n|-damage|p1a: Garchomp|0 fnt|[from] psn\n|faint|p1a: Garchomp\n|-fieldend|move: Psychic Terrain\n|upkeep\n|-message|apheliodiomycota forfeited.\n|\n|win|jkljlkh\n|raw|apheliodiomycota's rating: 1607 &rarr; <strong>1602<\/strong><br \/>(-5 for losing)\n|raw|jkljlkh's rating: 1934 &rarr; <strong>1939<\/strong><br \/>(+5 for winning)\n|l|\u2606jkljlkh\n|l|\u2606apheliodiomycota\n|j|\u2606jkljlkh\n|player|p2|jkljlkh|1\n","uploadtime":1700862262,"views":7,"p1id":"apheliodiomycota","p2id":"jkljlkh","formatid":"gen9nationaldex","rating":1602,"private":0,"password":""}