{"id":"gen9nationaldex-1995767309","p1":"RegionalBirdMaster","p2":"MelodyRhyme","format":"[Gen 9] National Dex","log":"|html|<div class=\"broadcast-blue\"><strong>[Gen 9] National Dex is currently suspecting Sneasler! For information on how to participate check out the <a href=\"https:\/\/www.smogon.com\/forums\/threads\/sv-national-dex-suspect-8-just-dance.3731534\/\">suspect thread<\/a>.<\/strong><\/div>\n|j|\u2606RegionalBirdMaster\n|j|\u2606MelodyRhyme\n|t:|1700601235\n|gametype|singles\n|player|p1|RegionalBirdMaster|birdkeeper-gen4dp|1076\n|player|p2|MelodyRhyme|beauty-gen6xy|1096\n|teamsize|p1|6\n|teamsize|p2|6\n|gen|9\n|tier|[Gen 9] National Dex\n|rated|\n|rule|HP Percentage Mod: HP is shown in percentages\n|rule|Endless Battle Clause: Forcing endless battles is banned\n|rule|OHKO Clause: OHKO moves are banned\n|rule|Evasion Clause: Evasion abilities, items, and moves are banned\n|rule|Evasion Abilities Clause: Evasion abilities are banned\n|rule|Evasion Items Clause: Evasion items are banned\n|rule|Evasion Moves Clause: Evasion moves are banned\n|rule|Species Clause: Limit one of each Pok\u00e9mon\n|rule|Sleep Clause Mod: Limit one foe put to sleep\n|clearpoke\n|poke|p1|Pidgeot, F|\n|poke|p1|Talonflame, F|\n|poke|p1|Kilowattrel, M|\n|poke|p1|Corviknight, F|\n|poke|p1|Staraptor, F|\n|poke|p1|Swellow, F|\n|poke|p2|Zeraora|\n|poke|p2|Ceruledge, F|\n|poke|p2|Slither Wing|\n|poke|p2|Noivern, F|\n|poke|p2|Audino, F|\n|poke|p2|Ninetales-Alola, F|\n|teampreview\n|inactive|Battle timer is ON: inactive players will automatically lose when time's up. (requested by MelodyRhyme)\n|\n|t:|1700601241\n|start\n|switch|p1a: Swellow|Swellow, F|100\/100\n|switch|p2a: Volt|Zeraora|100\/100\n|-item|p2a: Volt|Air Balloon\n|turn|1\n|\n|t:|1700601246\n|move|p1a: Swellow|Protect|p1a: Swellow\n|-singleturn|p1a: Swellow|Protect\n|move|p2a: Volt|Volt Switch|p1a: Swellow\n|-activate|p1a: Swellow|move: Protect\n|\n|-status|p1a: Swellow|brn|[from] item: Flame Orb\n|upkeep\n|turn|2\n|\n|t:|1700601254\n|switch|p1a: Kilowattrel|Kilowattrel, M|100\/100\n|move|p2a: Volt|Volt Switch|p1a: Kilowattrel\n|-immune|p1a: Kilowattrel|[from] ability: Volt Absorb\n|\n|upkeep\n|turn|3\n|\n|t:|1700601266\n|switch|p2a: Dolby|Noivern, F|100\/100\n|move|p1a: Kilowattrel|Hurricane|p2a: Dolby\n|-damage|p2a: Dolby|9\/100\n|-damage|p1a: Kilowattrel|91\/100|[from] item: Life Orb\n|\n|upkeep\n|turn|4\n|\n|t:|1700601274\n|move|p1a: Kilowattrel|Thunderbolt|p2a: Dolby\n|-damage|p2a: Dolby|0 fnt\n|faint|p2a: Dolby\n|-damage|p1a: Kilowattrel|81\/100|[from] item: Life Orb\n|\n|upkeep\n|\n|t:|1700601276\n|switch|p2a: Yuki|Ninetales-Alola, F|100\/100\n|-weather|Snow|[from] ability: Snow Warning|[of] p2a: Yuki\n|turn|5\n|\n|t:|1700601287\n|switch|p1a: Talonflame|Talonflame, F|100\/100\n|move|p2a: Yuki|Calm Mind|p2a: Yuki\n|-boost|p2a: Yuki|spa|1\n|-boost|p2a: Yuki|spd|1\n|\n|-weather|Snow|[upkeep]\n|upkeep\n|turn|6\n|\n|t:|1700601294\n|-terastallize|p2a: Yuki|Fire\n|move|p1a: Talonflame|Flare Blitz|p2a: Yuki\n|-resisted|p2a: Yuki\n|-damage|p2a: Yuki|53\/100\n|-damage|p1a: Talonflame|85\/100|[from] Recoil\n|move|p2a: Yuki|Calm Mind|p2a: Yuki\n|-boost|p2a: Yuki|spa|1\n|-boost|p2a: Yuki|spd|1\n|\n|-weather|Snow|[upkeep]\n|upkeep\n|turn|7\n|\n|t:|1700601303\n|move|p1a: Talonflame|Brave Bird|p2a: Yuki\n|-damage|p2a: Yuki|0 fnt\n|faint|p2a: Yuki\n|-damage|p1a: Talonflame|69\/100|[from] Recoil\n|\n|-weather|Snow|[upkeep]\n|upkeep\n|\n|t:|1700601307\n|switch|p2a: Volt|Zeraora|100\/100\n|-item|p2a: Volt|Air Balloon\n|turn|8\n|\n|t:|1700601318\n|switch|p2a: Reina|Audino, F, shiny|100\/100\n|move|p1a: Talonflame|U-turn|p2a: Reina\n|-damage|p2a: Reina|78\/100\n|\n|t:|1700601326\n|switch|p1a: Corviknight|Corviknight, F|100\/100|[from] U-turn\n|\n|-weather|Snow|[upkeep]\n|upkeep\n|turn|9\n|\n|t:|1700601331\n|move|p1a: Corviknight|Iron Head|p2a: Reina\n|-damage|p2a: Reina|42\/100\n|move|p2a: Reina|Fire Blast|p1a: Corviknight\n|-supereffective|p1a: Corviknight\n|-damage|p1a: Corviknight|62\/100\n|\n|-weather|none\n|upkeep\n|turn|10\n|\n|t:|1700601337\n|move|p1a: Corviknight|Body Press|p2a: Reina\n|-supereffective|p2a: Reina\n|-damage|p2a: Reina|0 fnt\n|faint|p2a: Reina\n|\n|upkeep\n|\n|t:|1700601341\n|switch|p2a: Maurice|Slither Wing, shiny|100\/100\n|-enditem|p2a: Maurice|Booster Energy\n|-activate|p2a: Maurice|ability: Protosynthesis|[fromitem]\n|-start|p2a: Maurice|protosynthesisatk\n|turn|11\n|\n|t:|1700601348\n|move|p2a: Maurice|First Impression|p1a: Corviknight\n|-resisted|p1a: Corviknight\n|-damage|p1a: Corviknight|50\/100\n|move|p1a: Corviknight|Drill Peck|p2a: Maurice\n|-supereffective|p2a: Maurice\n|-damage|p2a: Maurice|0 fnt\n|faint|p2a: Maurice\n|-end|p2a: Maurice|Protosynthesis|[silent]\n|\n|upkeep\n|\n|t:|1700601355\n|switch|p2a: Volt|Zeraora|100\/100\n|-item|p2a: Volt|Air Balloon\n|turn|12\n|\n|t:|1700601364\n|move|p2a: Volt|Volt Switch|p1a: Corviknight\n|-supereffective|p1a: Corviknight\n|-damage|p1a: Corviknight|16\/100\n|\n|t:|1700601367\n|switch|p2a: Taki|Ceruledge, F, shiny|100\/100|[from] Volt Switch\n|move|p1a: Corviknight|Body Press|p2a: Taki\n|-immune|p2a: Taki\n|\n|upkeep\n|turn|13\n|\n|t:|1700601372\n|move|p2a: Taki|Bitter Blade|p1a: Corviknight\n|-supereffective|p1a: Corviknight\n|-damage|p1a: Corviknight|0 fnt\n|faint|p1a: Corviknight\n|-damage|p2a: Taki|91\/100|[from] item: Life Orb\n|\n|upkeep\n|\n|t:|1700601384\n|switch|p1a: Swellow|Swellow, F|100\/100 brn\n|turn|14\n|\n|t:|1700601389\n|move|p1a: Swellow|Brave Bird|p2a: Taki\n|-crit|p2a: Taki\n|-damage|p2a: Taki|0 fnt\n|faint|p2a: Taki\n|-damage|p1a: Swellow|68\/100 brn|[from] Recoil\n|\n|-damage|p1a: Swellow|62\/100 brn|[from] brn\n|upkeep\n|\n|t:|1700601391\n|switch|p2a: Volt|Zeraora|100\/100\n|-item|p2a: Volt|Air Balloon\n|turn|15\n|\n|t:|1700601402\n|move|p2a: Volt|Plasma Fists|p1a: Swellow\n|-supereffective|p1a: Swellow\n|-damage|p1a: Swellow|0 fnt\n|-fieldactivate|move: Ion Deluge\n|-hint|Normal-type moves become Electric-type after using Plasma Fists.\n|faint|p1a: Swellow\n|\n|upkeep\n|\n|t:|1700601410\n|switch|p1a: Pidgeot|Pidgeot, F|100\/100\n|turn|16\n|\n|t:|1700601419\n|detailschange|p1a: Pidgeot|Pidgeot-Mega, F\n|-mega|p1a: Pidgeot|Pidgeot|Pidgeotite\n|move|p2a: Volt|Plasma Fists|p1a: Pidgeot\n|-supereffective|p1a: Pidgeot\n|-damage|p1a: Pidgeot|0 fnt\n|-fieldactivate|move: Ion Deluge\n|-hint|Normal-type moves become Electric-type after using Plasma Fists.\n|faint|p1a: Pidgeot\n|\n|upkeep\n|\n|t:|1700601427\n|switch|p1a: Staraptor|Staraptor, F|100\/100\n|turn|17\n|\n|t:|1700601432\n|move|p2a: Volt|Plasma Fists|p1a: Staraptor\n|-supereffective|p1a: Staraptor\n|-damage|p1a: Staraptor|0 fnt\n|-fieldactivate|move: Ion Deluge\n|-hint|Normal-type moves become Electric-type after using Plasma Fists.\n|faint|p1a: Staraptor\n|\n|upkeep\n|\n|t:|1700601438\n|switch|p1a: Talonflame|Talonflame, F|69\/100\n|turn|18\n|\n|t:|1700601442\n|move|p2a: Volt|Plasma Fists|p1a: Talonflame\n|-supereffective|p1a: Talonflame\n|-damage|p1a: Talonflame|0 fnt\n|-fieldactivate|move: Ion Deluge\n|-hint|Normal-type moves become Electric-type after using Plasma Fists.\n|faint|p1a: Talonflame\n|\n|upkeep\n|\n|t:|1700601453\n|switch|p1a: Kilowattrel|Kilowattrel, M|81\/100\n|turn|19\n|\n|t:|1700601457\n|-terastallize|p1a: Kilowattrel|Electric\n|move|p2a: Volt|Close Combat|p1a: Kilowattrel\n|-damage|p1a: Kilowattrel|17\/100\n|-unboost|p2a: Volt|def|1\n|-unboost|p2a: Volt|spd|1\n|move|p1a: Kilowattrel|Thunder|p2a: Volt\n|-immune|p2a: Volt|[from] ability: Volt Absorb\n|\n|upkeep\n|turn|20\n|c|\u2606MelodyRhyme|Lol\n|c|\u2606RegionalBirdMaster|e\n|c|\u2606MelodyRhyme|You tried\n|c|\u2606RegionalBirdMaster|i forgot\n|\n|t:|1700601476\n|move|p2a: Volt|Close Combat|p1a: Kilowattrel\n|-damage|p1a: Kilowattrel|0 fnt\n|-unboost|p2a: Volt|def|1\n|-unboost|p2a: Volt|spd|1\n|faint|p1a: Kilowattrel\n|\n|win|MelodyRhyme\n|raw|RegionalBirdMaster's rating: 1076 &rarr; <strong>1056<\/strong><br \/>(-20 for losing)\n|raw|MelodyRhyme's rating: 1096 &rarr; <strong>1120<\/strong><br \/>(+24 for winning)\n|c|\u2606RegionalBirdMaster|gg\n|c|\u2606MelodyRhyme|Gg\n","uploadtime":1700601489,"views":0,"p1id":"regionalbirdmaster","p2id":"melodyrhyme","formatid":"gen9nationaldex","rating":1056,"private":0,"password":""}