{"id":"gen9nationaldex-1987865745","p1":"lxvliiz","p2":"47HYENAS","format":"[Gen 9] National Dex","log":"|j|\u2606lxvliiz\n|j|\u260647HYENAS\n|t:|1699644024\n|gametype|singles\n|player|p1|lxvliiz|guitarist|1141\n|player|p2|47HYENAS|rocketgruntf|1148\n|teamsize|p1|6\n|teamsize|p2|6\n|gen|9\n|tier|[Gen 9] National Dex\n|rated|\n|rule|HP Percentage Mod: HP is shown in percentages\n|rule|Endless Battle Clause: Forcing endless battles is banned\n|rule|OHKO Clause: OHKO moves are banned\n|rule|Evasion Clause: Evasion abilities, items, and moves are banned\n|rule|Evasion Abilities Clause: Evasion abilities are banned\n|rule|Evasion Items Clause: Evasion items are banned\n|rule|Evasion Moves Clause: Evasion moves are banned\n|rule|Species Clause: Limit one of each Pok\u00e9mon\n|rule|Sleep Clause Mod: Limit one foe put to sleep\n|clearpoke\n|poke|p1|Charizard, F|\n|poke|p1|Azumarill, F|\n|poke|p1|Lilligant-Hisui, F|\n|poke|p1|Aegislash, M|\n|poke|p1|Nidoking, M|\n|poke|p1|Grimmsnarl, M|\n|poke|p2|Charizard, F|\n|poke|p2|Scovillain, F|\n|poke|p2|Torkoal, F|\n|poke|p2|Trevenant, F|\n|poke|p2|Dragonite, M|\n|poke|p2|Hatterene, F|\n|teampreview\n|\n|t:|1699644030\n|start\n|switch|p1a: Grimmsnarl|Grimmsnarl, M|100\/100\n|switch|p2a: Torkoal|Torkoal, F|100\/100\n|-weather|SunnyDay|[from] ability: Drought|[of] p2a: Torkoal\n|turn|1\n|\n|t:|1699644036\n|move|p1a: Grimmsnarl|Fake Out|p2a: Torkoal\n|-damage|p2a: Torkoal|94\/100\n|cant|p2a: Torkoal|flinch\n|\n|-weather|SunnyDay|[upkeep]\n|upkeep\n|turn|2\n|\n|t:|1699644043\n|move|p1a: Grimmsnarl|Light Screen|p1a: Grimmsnarl\n|-sidestart|p1: lxvliiz|move: Light Screen\n|move|p2a: Torkoal|Yawn|p1a: Grimmsnarl\n|-start|p1a: Grimmsnarl|move: Yawn|[of] p2a: Torkoal\n|\n|-weather|SunnyDay|[upkeep]\n|upkeep\n|turn|3\n|\n|t:|1699644049\n|move|p1a: Grimmsnarl|Parting Shot|p2a: Torkoal\n|-unboost|p2a: Torkoal|atk|1\n|-unboost|p2a: Torkoal|spa|1\n|\n|t:|1699644052\n|switch|p1a: Nidoking|Nidoking, M|100\/100|[from] Parting Shot\n|move|p2a: Torkoal|Stealth Rock|p1a: Nidoking\n|-sidestart|p1: lxvliiz|move: Stealth Rock\n|\n|-weather|SunnyDay|[upkeep]\n|upkeep\n|turn|4\n|\n|t:|1699644067\n|switch|p2a: Hatterene|Hatterene, F|100\/100\n|-terastallize|p1a: Nidoking|Poison\n|move|p1a: Nidoking|Sludge Wave|p2a: Hatterene\n|-supereffective|p2a: Hatterene\n|-damage|p2a: Hatterene|0 fnt\n|faint|p2a: Hatterene\n|\n|-weather|SunnyDay|[upkeep]\n|upkeep\n|c|\u2606lxvliiz|predict was crazy\n|c|\u260647HYENAS|ong\n|\n|t:|1699644099\n|switch|p2a: Dragonite|Dragonite, M|100\/100\n|turn|5\n|\n|t:|1699644103\n|move|p1a: Nidoking|Ice Beam|p2a: Dragonite\n|-supereffective|p2a: Dragonite\n|-damage|p2a: Dragonite|0 fnt\n|faint|p2a: Dragonite\n|\n|-weather|SunnyDay|[upkeep]\n|upkeep\n|c|\u260647HYENAS|gotdamn\n|\n|t:|1699644122\n|switch|p2a: Trevenant|Trevenant, F|100\/100\n|turn|6\n|\n|t:|1699644130\n|move|p1a: Nidoking|Sludge Wave|p2a: Trevenant\n|-damage|p2a: Trevenant|5\/100\n|-enditem|p2a: Trevenant|Sitrus Berry|[eat]\n|-heal|p2a: Trevenant|29\/100|[from] item: Sitrus Berry\n|move|p2a: Trevenant|Leech Seed|p1a: Nidoking\n|-start|p1a: Nidoking|move: Leech Seed\n|\n|-weather|SunnyDay|[upkeep]\n|-damage|p1a: Nidoking|88\/100|[from] Leech Seed|[of] p2a: Trevenant\n|-heal|p2a: Trevenant|39\/100|[silent]\n|-item|p2a: Trevenant|Sitrus Berry|[from] ability: Harvest\n|upkeep\n|-enditem|p2a: Trevenant|Sitrus Berry|[eat]\n|-heal|p2a: Trevenant|64\/100|[from] item: Sitrus Berry\n|turn|7\n|\n|t:|1699644143\n|move|p1a: Nidoking|Sludge Wave|p2a: Trevenant\n|-damage|p2a: Trevenant|0 fnt\n|faint|p2a: Trevenant\n|\n|-weather|SunnyDay|[upkeep]\n|upkeep\n|\n|t:|1699644151\n|switch|p2a: Charizard|Charizard, F|100\/100\n|turn|8\n|\n|t:|1699644157\n|detailschange|p2a: Charizard|Charizard-Mega-Y, F\n|-mega|p2a: Charizard|Charizard|Charizardite Y\n|move|p2a: Charizard|Flamethrower|p1a: Nidoking\n|-damage|p1a: Nidoking|31\/100\n|move|p1a: Nidoking|Sludge Wave|p2a: Charizard\n|-damage|p2a: Charizard|12\/100\n|\n|-weather|none\n|-damage|p1a: Nidoking|19\/100|[from] Leech Seed|[of] p2a: Charizard\n|-heal|p2a: Charizard|24\/100|[silent]\n|upkeep\n|turn|9\n|\n|t:|1699644167\n|move|p2a: Charizard|Flamethrower|p1a: Nidoking\n|-damage|p1a: Nidoking|0 fnt\n|faint|p1a: Nidoking\n|\n|-sideend|p1: lxvliiz|move: Light Screen\n|upkeep\n|c|\u2606lxvliiz|rip nidoking\n|\n|t:|1699644173\n|switch|p1a: Grimmsnarl|Grimmsnarl, M|100\/100\n|-damage|p1a: Grimmsnarl|88\/100|[from] Stealth Rock\n|turn|10\n|c|\u260647HYENAS|shiiii rip my team\n|\n|t:|1699644186\n|move|p1a: Grimmsnarl|Fake Out|p2a: Charizard\n|-damage|p2a: Charizard|7\/100\n|cant|p2a: Charizard|flinch\n|\n|upkeep\n|turn|11\n|\n|t:|1699644194\n|move|p1a: Grimmsnarl|Light Screen|p1a: Grimmsnarl\n|-sidestart|p1: lxvliiz|move: Light Screen\n|move|p2a: Charizard|Flamethrower|p1a: Grimmsnarl\n|-damage|p1a: Grimmsnarl|67\/100\n|\n|upkeep\n|turn|12\n|\n|t:|1699644201\n|move|p1a: Grimmsnarl|Parting Shot|p2a: Charizard\n|-unboost|p2a: Charizard|atk|1\n|-unboost|p2a: Charizard|spa|1\n|\n|t:|1699644205\n|switch|p1a: Aegislash|Aegislash, M|100\/100|[from] Parting Shot\n|-damage|p1a: Aegislash|94\/100|[from] Stealth Rock\n|move|p2a: Charizard|Flamethrower|p1a: Aegislash\n|-supereffective|p1a: Aegislash\n|-damage|p1a: Aegislash|70\/100\n|\n|upkeep\n|turn|13\n|\n|t:|1699644213\n|move|p2a: Charizard|Flamethrower|p1a: Aegislash\n|-supereffective|p1a: Aegislash\n|-damage|p1a: Aegislash|49\/100\n|-formechange|p1a: Aegislash|Aegislash-Blade||[from] ability: Stance Change\n|move|p1a: Aegislash|Gyro Ball|p2a: Charizard\n|-resisted|p2a: Charizard\n|-damage|p2a: Charizard|0 fnt\n|faint|p2a: Charizard\n|\n|upkeep\n|c|\u260647HYENAS|this light screen is dastardly\n|\n|t:|1699644227\n|switch|p2a: Scovillain|Scovillain, F|100\/100\n|turn|14\n|\n|t:|1699644234\n|move|p2a: Scovillain|Flamethrower|p1a: Aegislash\n|-supereffective|p1a: Aegislash\n|-damage|p1a: Aegislash|0 fnt\n|faint|p1a: Aegislash\n|-damage|p2a: Scovillain|91\/100|[from] item: Life Orb\n|\n|upkeep\n|\n|t:|1699644242\n|switch|p1a: Azumarill|Azumarill, F|100\/100\n|-damage|p1a: Azumarill|88\/100|[from] Stealth Rock\n|turn|15\n|\n|t:|1699644248\n|move|p2a: Scovillain|Giga Drain|p1a: Azumarill\n|-supereffective|p1a: Azumarill\n|-damage|p1a: Azumarill|40\/100\n|-heal|p2a: Scovillain|100\/100|[from] drain|[of] p1a: Azumarill\n|-enditem|p1a: Azumarill|Sitrus Berry|[eat]\n|-heal|p1a: Azumarill|65\/100|[from] item: Sitrus Berry\n|-damage|p2a: Scovillain|91\/100|[from] item: Life Orb\n|move|p1a: Azumarill|Liquidation|p2a: Scovillain\n|-damage|p2a: Scovillain|0 fnt\n|faint|p2a: Scovillain\n|\n|upkeep\n|\n|t:|1699644259\n|switch|p2a: Torkoal|Torkoal, F|94\/100\n|-weather|SunnyDay|[from] ability: Drought|[of] p2a: Torkoal\n|turn|16\n|\n|t:|1699644264\n|move|p1a: Azumarill|Belly Drum|p1a: Azumarill\n|-damage|p1a: Azumarill|15\/100\n|-setboost|p1a: Azumarill|atk|6|[from] move: Belly Drum\n|move|p2a: Torkoal|Lava Plume|p1a: Azumarill\n|-resisted|p1a: Azumarill\n|-damage|p1a: Azumarill|6\/100\n|\n|-weather|SunnyDay|[upkeep]\n|upkeep\n|turn|17\n|\n|t:|1699644273\n|move|p1a: Azumarill|Aqua Jet|p2a: Torkoal\n|-supereffective|p2a: Torkoal\n|-damage|p2a: Torkoal|36\/100\n|move|p2a: Torkoal|Rapid Spin|p1a: Azumarill\n|-damage|p1a: Azumarill|0 fnt\n|-boost|p2a: Torkoal|spe|1\n|faint|p1a: Azumarill\n|\n|-weather|SunnyDay|[upkeep]\n|upkeep\n|\n|t:|1699644279\n|switch|p1a: Grimmsnarl|Grimmsnarl, M|67\/100\n|-damage|p1a: Grimmsnarl|54\/100|[from] Stealth Rock\n|turn|18\n|\n|t:|1699644287\n|move|p1a: Grimmsnarl|Fake Out|p2a: Torkoal\n|-damage|p2a: Torkoal|30\/100\n|cant|p2a: Torkoal|flinch\n|\n|-weather|SunnyDay|[upkeep]\n|-sideend|p1: lxvliiz|move: Light Screen\n|upkeep\n|turn|19\n|c|\u2606lxvliiz|light screen \ud83d\ude08\n|c|\u260647HYENAS|\ud83d\ude2d\n|\n|t:|1699644307\n|move|p1a: Grimmsnarl|Light Screen|p1a: Grimmsnarl\n|-sidestart|p1: lxvliiz|move: Light Screen\n|move|p2a: Torkoal|Lava Plume|p1a: Grimmsnarl\n|-damage|p1a: Grimmsnarl|40\/100\n|-status|p1a: Grimmsnarl|brn\n|\n|-weather|SunnyDay|[upkeep]\n|-damage|p1a: Grimmsnarl|34\/100 brn|[from] brn\n|upkeep\n|turn|20\n|\n|t:|1699644314\n|move|p1a: Grimmsnarl|Parting Shot|p2a: Torkoal\n|-unboost|p2a: Torkoal|atk|1\n|-unboost|p2a: Torkoal|spa|1\n|\n|t:|1699644318\n|switch|p1a: Charizard|Charizard, F|100\/100|[from] Parting Shot\n|-damage|p1a: Charizard|51\/100|[from] Stealth Rock\n|move|p2a: Torkoal|Lava Plume|p1a: Charizard\n|-resisted|p1a: Charizard\n|-damage|p1a: Charizard|42\/100\n|\n|-weather|SunnyDay|[upkeep]\n|upkeep\n|turn|21\n|\n|t:|1699644331\n|detailschange|p1a: Charizard|Charizard-Mega-Y, F\n|-mega|p1a: Charizard|Charizard|Charizardite Y\n|move|p1a: Charizard|Weather Ball|p2a: Torkoal\n|-resisted|p2a: Torkoal\n|-damage|p2a: Torkoal|0 fnt\n|faint|p2a: Torkoal\n|\n|win|lxvliiz\n|raw|lxvliiz's rating: 1141 &rarr; <strong>1167<\/strong><br \/>(+26 for winning)\n|raw|47HYENAS's rating: 1148 &rarr; <strong>1122<\/strong><br \/>(-26 for losing)\n|c|\u2606lxvliiz|gg\n|c|\u260647HYENAS|gg !\n","uploadtime":1699644340,"views":4,"p1id":"lxvliiz","p2id":"47hyenas","formatid":"gen9nationaldex","rating":1122,"private":0,"password":""}