{"id":"gen9nationaldex-1989484989","p1":"GrinningReaper","p2":"EvelynIsBased","format":"[Gen 9] National Dex","log":"|j|\u2606GrinningReaper\n|j|\u2606EvelynIsBased\n|t:|1699858378\n|gametype|singles\n|player|p1|GrinningReaper|dahlia|1059\n|player|p2|EvelynIsBased|doubleteam|1168\n|teamsize|p1|6\n|teamsize|p2|6\n|gen|9\n|tier|[Gen 9] National Dex\n|rated|\n|rule|HP Percentage Mod: HP is shown in percentages\n|rule|Endless Battle Clause: Forcing endless battles is banned\n|rule|OHKO Clause: OHKO moves are banned\n|rule|Evasion Clause: Evasion abilities, items, and moves are banned\n|rule|Evasion Abilities Clause: Evasion abilities are banned\n|rule|Evasion Items Clause: Evasion items are banned\n|rule|Evasion Moves Clause: Evasion moves are banned\n|rule|Species Clause: Limit one of each Pok\u00e9mon\n|rule|Sleep Clause Mod: Limit one foe put to sleep\n|clearpoke\n|poke|p1|Sigilyph, M|\n|poke|p1|Swoobat, F|\n|poke|p1|Scrafty, F|\n|poke|p1|Gastrodon, F|\n|poke|p1|Togekiss, M|\n|poke|p1|Tyrantrum, F|\n|poke|p2|Cloyster, M|\n|poke|p2|Ambipom, F|\n|poke|p2|Brambleghast, M|\n|poke|p2|Ribombee, M|\n|poke|p2|Heracross, M|\n|poke|p2|Haxorus, F|\n|teampreview\n|\n|t:|1699858389\n|start\n|switch|p1a: Sigilyph|Sigilyph, M|100\/100\n|switch|p2a: Cloyster|Cloyster, M|100\/100\n|turn|1\n|\n|t:|1699858396\n|move|p2a: Cloyster|Shell Smash|p2a: Cloyster\n|-unboost|p2a: Cloyster|def|1\n|-unboost|p2a: Cloyster|spd|1\n|-boost|p2a: Cloyster|atk|2\n|-boost|p2a: Cloyster|spa|2\n|-boost|p2a: Cloyster|spe|2\n|-enditem|p2a: Cloyster|White Herb\n|-clearnegativeboost|p2a: Cloyster|[silent]\n|move|p1a: Sigilyph|Cosmic Power|p1a: Sigilyph\n|-boost|p1a: Sigilyph|def|1\n|-boost|p1a: Sigilyph|spd|1\n|\n|-status|p1a: Sigilyph|brn|[from] item: Flame Orb\n|upkeep\n|turn|2\n|\n|t:|1699858420\n|move|p2a: Cloyster|Icicle Spear|p1a: Sigilyph\n|-supereffective|p1a: Sigilyph\n|-crit|p1a: Sigilyph\n|-damage|p1a: Sigilyph|18\/100 brn\n|-supereffective|p1a: Sigilyph\n|-damage|p1a: Sigilyph|0 fnt\n|faint|p1a: Sigilyph\n|-hitcount|p1: Sigilyph|2\n|\n|upkeep\n|\n|t:|1699858432\n|switch|p1a: Scrafty|Scrafty, F|100\/100\n|turn|3\n|\n|t:|1699858437\n|move|p2a: Cloyster|Icicle Spear|p1a: Scrafty\n|-damage|p1a: Scrafty|75\/100\n|-damage|p1a: Scrafty|50\/100\n|-damage|p1a: Scrafty|22\/100\n|-enditem|p1a: Scrafty|Figy Berry|[eat]\n|-heal|p1a: Scrafty|55\/100|[from] item: Figy Berry\n|-damage|p1a: Scrafty|30\/100\n|-damage|p1a: Scrafty|3\/100\n|-hitcount|p1a: Scrafty|5\n|move|p1a: Scrafty|Dragon Tail|p2a: Cloyster\n|-damage|p2a: Cloyster|85\/100\n|drag|p2a: Brambleghast|Brambleghast, M|100\/100\n|\n|upkeep\n|turn|4\n|\n|t:|1699858452\n|switch|p2a: Ribombee|Ribombee, M|100\/100\n|move|p1a: Scrafty|Crunch|p2a: Ribombee\n|-resisted|p2a: Ribombee\n|-damage|p2a: Ribombee|65\/100\n|\n|upkeep\n|turn|5\n|\n|t:|1699858461\n|move|p2a: Ribombee|Tailwind|p2a: Ribombee\n|-sidestart|p2: EvelynIsBased|move: Tailwind\n|move|p1a: Scrafty|Poison Jab|p2a: Ribombee\n|-supereffective|p2a: Ribombee\n|-damage|p2a: Ribombee|0 fnt\n|faint|p2a: Ribombee\n|-ability|p1a: Scrafty|Moxie|boost\n|-boost|p1a: Scrafty|atk|1\n|\n|upkeep\n|\n|t:|1699858463\n|switch|p2a: Haxorus|Haxorus, F|100\/100\n|-ability|p2a: Haxorus|Mold Breaker\n|turn|6\n|\n|t:|1699858473\n|move|p2a: Haxorus|Scale Shot|p1a: Scrafty\n|-damage|p1a: Scrafty|0 fnt\n|faint|p1a: Scrafty\n|-hitcount|p1: Scrafty|1\n|-unboost|p2a: Haxorus|def|1\n|-boost|p2a: Haxorus|spe|1\n|\n|upkeep\n|\n|t:|1699858481\n|switch|p1a: Togekiss|Togekiss, M|100\/100\n|turn|7\n|\n|t:|1699858488\n|-terastallize|p2a: Haxorus|Steel\n|-terastallize|p1a: Togekiss|Fairy\n|move|p2a: Haxorus|Iron Head|p1a: Togekiss\n|-supereffective|p1a: Togekiss\n|-damage|p1a: Togekiss|20\/100\n|-enditem|p1a: Togekiss|Weakness Policy\n|-boost|p1a: Togekiss|atk|2|[from] item: Weakness Policy\n|-boost|p1a: Togekiss|spa|2|[from] item: Weakness Policy\n|move|p1a: Togekiss|Dazzling Gleam|p2a: Haxorus\n|-resisted|p2a: Haxorus\n|-damage|p2a: Haxorus|15\/100\n|\n|upkeep\n|turn|8\n|\n|t:|1699858500\n|move|p2a: Haxorus|Iron Head|p1a: Togekiss\n|-supereffective|p1a: Togekiss\n|-damage|p1a: Togekiss|0 fnt\n|faint|p1a: Togekiss\n|\n|-sideend|p2: EvelynIsBased|move: Tailwind\n|upkeep\n|\n|t:|1699858508\n|switch|p1a: Gastrodon|Gastrodon, F|100\/100\n|turn|9\n|\n|t:|1699858515\n|move|p2a: Haxorus|Scale Shot|p1a: Gastrodon\n|-damage|p1a: Gastrodon|90\/100\n|-damage|p1a: Gastrodon|79\/100\n|-damage|p1a: Gastrodon|69\/100\n|-damage|p1a: Gastrodon|58\/100\n|-hitcount|p1a: Gastrodon|4\n|-unboost|p2a: Haxorus|def|1\n|-boost|p2a: Haxorus|spe|1\n|move|p1a: Gastrodon|Sludge Bomb|p2a: Haxorus\n|-immune|p2a: Haxorus\n|\n|-heal|p1a: Gastrodon|64\/100|[from] item: Leftovers\n|upkeep\n|turn|10\n|\n|t:|1699858531\n|move|p2a: Haxorus|Dragon Dance|p2a: Haxorus\n|-boost|p2a: Haxorus|atk|1\n|-boost|p2a: Haxorus|spe|1\n|move|p1a: Gastrodon|Scald|p2a: Haxorus\n|-damage|p2a: Haxorus|0 fnt\n|faint|p2a: Haxorus\n|\n|-heal|p1a: Gastrodon|70\/100|[from] item: Leftovers\n|upkeep\n|\n|t:|1699858535\n|switch|p2a: Heracross|Heracross, M|100\/100\n|turn|11\n|\n|t:|1699858549\n|switch|p1a: Swoobat|Swoobat, F|100\/100\n|detailschange|p2a: Heracross|Heracross-Mega, M\n|-mega|p2a: Heracross|Heracross|Heracronite\n|move|p2a: Heracross|Bullet Seed|p1a: Swoobat\n|-resisted|p1a: Swoobat\n|-damage|p1a: Swoobat|90\/100\n|-resisted|p1a: Swoobat\n|-damage|p1a: Swoobat|79\/100\n|-resisted|p1a: Swoobat\n|-damage|p1a: Swoobat|68\/100\n|-resisted|p1a: Swoobat\n|-damage|p1a: Swoobat|56\/100\n|-resisted|p1a: Swoobat\n|-damage|p1a: Swoobat|44\/100\n|-hitcount|p1a: Swoobat|5\n|\n|-heal|p1a: Swoobat|51\/100|[from] item: Leftovers\n|upkeep\n|turn|12\n|\n|t:|1699858570\n|switch|p2a: Brambleghast|Brambleghast, M|100\/100\n|move|p1a: Swoobat|Expanding Force|p2a: Brambleghast\n|-crit|p2a: Brambleghast\n|-damage|p2a: Brambleghast|24\/100\n|\n|-heal|p1a: Swoobat|57\/100|[from] item: Leftovers\n|upkeep\n|turn|13\n|\n|t:|1699858584\n|move|p1a: Swoobat|Psyshock|p2a: Brambleghast\n|-damage|p2a: Brambleghast|0 fnt\n|faint|p2a: Brambleghast\n|\n|-heal|p1a: Swoobat|63\/100|[from] item: Leftovers\n|upkeep\n|\n|t:|1699858592\n|switch|p2a: Ambipom|Ambipom, F|100\/100\n|turn|14\n|\n|t:|1699858597\n|move|p2a: Ambipom|Tail Slap|p1a: Swoobat\n|-damage|p1a: Swoobat|31\/100\n|-damage|p1a: Swoobat|0 fnt\n|faint|p1a: Swoobat\n|-hitcount|p1: Swoobat|2\n|\n|upkeep\n|\n|t:|1699858602\n|switch|p1a: Tyrantrum|Tyrantrum, F|100\/100\n|turn|15\n|\n|t:|1699858606\n|move|p2a: Ambipom|Knock Off|p1a: Tyrantrum\n|-damage|p1a: Tyrantrum|78\/100\n|-enditem|p1a: Tyrantrum|Shell Bell|[from] move: Knock Off|[of] p2a: Ambipom\n|move|p1a: Tyrantrum|Dragon Dance|p1a: Tyrantrum\n|-boost|p1a: Tyrantrum|atk|1\n|-boost|p1a: Tyrantrum|spe|1\n|\n|upkeep\n|turn|16\n|\n|t:|1699858616\n|move|p2a: Ambipom|Tail Slap|p1a: Tyrantrum|[miss]\n|-miss|p2a: Ambipom|p1a: Tyrantrum\n|move|p1a: Tyrantrum|Dragon Tail|p2a: Ambipom\n|-damage|p2a: Ambipom|19\/100\n|drag|p2a: Heracross|Heracross-Mega, M|100\/100\n|\n|upkeep\n|turn|17\n|\n|t:|1699858629\n|move|p2a: Heracross|Arm Thrust|p1a: Tyrantrum\n|-supereffective|p1a: Tyrantrum\n|-damage|p1a: Tyrantrum|61\/100\n|-supereffective|p1a: Tyrantrum\n|-damage|p1a: Tyrantrum|44\/100\n|-supereffective|p1a: Tyrantrum\n|-damage|p1a: Tyrantrum|28\/100\n|-supereffective|p1a: Tyrantrum\n|-damage|p1a: Tyrantrum|11\/100\n|-supereffective|p1a: Tyrantrum\n|-damage|p1a: Tyrantrum|0 fnt\n|faint|p1a: Tyrantrum\n|-hitcount|p1: Tyrantrum|5\n|\n|upkeep\n|\n|t:|1699858639\n|switch|p1a: Gastrodon|Gastrodon, F|70\/100\n|turn|18\n|\n|t:|1699858644\n|move|p2a: Heracross|Bullet Seed|p1a: Gastrodon\n|-supereffective|p1a: Gastrodon\n|-damage|p1a: Gastrodon|39\/100\n|-supereffective|p1a: Gastrodon\n|-damage|p1a: Gastrodon|3\/100\n|-supereffective|p1a: Gastrodon\n|-damage|p1a: Gastrodon|0 fnt\n|faint|p1a: Gastrodon\n|-hitcount|p1: Gastrodon|3\n|\n|win|EvelynIsBased\n|raw|GrinningReaper's rating: 1059 &rarr; <strong>1046<\/strong><br \/>(-13 for losing)\n|raw|EvelynIsBased's rating: 1168 &rarr; <strong>1185<\/strong><br \/>(+17 for winning)\n","uploadtime":1699858652,"views":6,"p1id":"grinningreaper","p2id":"evelynisbased","formatid":"gen9nationaldex","rating":1046,"private":0,"password":""}