{"id":"gen9nationaldex-1993878601","p1":"Gocks","p2":"Asahi daisuki~~~","format":"[Gen 9] National Dex","log":"|j|\u203dGocks\n|j|\u2606Asahi daisuki~~~\n|t:|1700369038\n|gametype|singles\n|player|p1|Gocks|juggler|1467\n|player|p2|Asahi daisuki~~~|2|1527\n|teamsize|p1|6\n|teamsize|p2|6\n|gen|9\n|tier|[Gen 9] National Dex\n|rated|\n|rule|HP Percentage Mod: HP is shown in percentages\n|rule|Endless Battle Clause: Forcing endless battles is banned\n|rule|OHKO Clause: OHKO moves are banned\n|rule|Evasion Clause: Evasion abilities, items, and moves are banned\n|rule|Evasion Abilities Clause: Evasion abilities are banned\n|rule|Evasion Items Clause: Evasion items are banned\n|rule|Evasion Moves Clause: Evasion moves are banned\n|rule|Species Clause: Limit one of each Pok\u00e9mon\n|rule|Sleep Clause Mod: Limit one foe put to sleep\n|clearpoke\n|poke|p1|Ambipom, M|\n|poke|p1|Moltres|\n|poke|p1|Espeon, F|\n|poke|p1|Umbreon, M|\n|poke|p1|Nidoking, M|\n|poke|p1|Scizor, M|\n|poke|p2|Iron Valiant|\n|poke|p2|Kommo-o, F|\n|poke|p2|Jirachi|\n|poke|p2|Kleavor, M|\n|poke|p2|Tapu Koko|\n|poke|p2|Diancie|\n|teampreview\n|inactive|Battle timer is ON: inactive players will automatically lose when time's up. (requested by Asahi daisuki~~~)\n|\n|t:|1700369047\n|start\n|switch|p1a: Scizor|Scizor, M|100\/100\n|switch|p2a: Kleavor|Kleavor, M|100\/100\n|turn|1\n|\n|t:|1700369051\n|detailschange|p1a: Scizor|Scizor-Mega, M\n|-mega|p1a: Scizor|Scizor|Scizorite\n|move|p1a: Scizor|Bullet Punch|p2a: Kleavor\n|-supereffective|p2a: Kleavor\n|-damage|p2a: Kleavor|8\/100\n|move|p2a: Kleavor|Stone Axe|p1a: Scizor\n|-damage|p1a: Scizor|59\/100\n|-sidestart|p1: Gocks|move: Stealth Rock\n|\n|upkeep\n|turn|2\n|\n|t:|1700369059\n|switch|p2a: Jirachi|Jirachi|100\/100\n|move|p1a: Scizor|Bullet Punch|p2a: Jirachi\n|-resisted|p2a: Jirachi\n|-damage|p2a: Jirachi|79\/100\n|\n|upkeep\n|turn|3\n|\n|t:|1700369064\n|move|p2a: Jirachi|Thunder Punch|p1a: Scizor\n|-damage|p1a: Scizor|43\/100\n|move|p1a: Scizor|U-turn|p2a: Jirachi\n|-damage|p2a: Jirachi|33\/100\n|\n|t:|1700369077\n|switch|p1a: Nidoking|Nidoking, M|100\/100|[from] U-turn\n|-damage|p1a: Nidoking|95\/100|[from] Stealth Rock\n|\n|upkeep\n|turn|4\n|\n|t:|1700369082\n|switch|p2a: Kleavor|Kleavor, M|8\/100\n|move|p1a: Nidoking|Earth Power|p2a: Kleavor\n|-damage|p2a: Kleavor|0 fnt\n|faint|p2a: Kleavor\n|\n|upkeep\n|\n|t:|1700369086\n|switch|p2a: Kommo-o|Kommo-o, F|100\/100\n|turn|5\n|\n|t:|1700369093\n|move|p1a: Nidoking|Earth Power|p2a: Kommo-o\n|-damage|p2a: Kommo-o|42\/100\n|-zpower|p2a: Kommo-o\n|move|p2a: Kommo-o|Clangorous Soulblaze|p1a: Nidoking|[zeffect]\n|-damage|p1a: Nidoking|0 fnt\n|faint|p1a: Nidoking\n|-boost|p2a: Kommo-o|atk|1\n|-boost|p2a: Kommo-o|def|1\n|-boost|p2a: Kommo-o|spa|1\n|-boost|p2a: Kommo-o|spd|1\n|-boost|p2a: Kommo-o|spe|1\n|\n|upkeep\n|\n|t:|1700369104\n|switch|p1a: Moltres|Moltres|100\/100\n|turn|6\n|\n|t:|1700369108\n|move|p2a: Kommo-o|Clanging Scales|p1a: Moltres\n|-damage|p1a: Moltres|34\/100\n|-unboost|p2a: Kommo-o|def|1\n|move|p1a: Moltres|Hurricane|p2a: Kommo-o\n|-supereffective|p2a: Kommo-o\n|-damage|p2a: Kommo-o|0 fnt\n|faint|p2a: Kommo-o\n|\n|upkeep\n|\n|t:|1700369113\n|switch|p2a: Tapu Koko|Tapu Koko|100\/100\n|-fieldstart|move: Electric Terrain|[from] ability: Electric Surge|[of] p2a: Tapu Koko\n|turn|7\n|\n|t:|1700369119\n|move|p2a: Tapu Koko|Volt Switch|p1a: Moltres\n|-supereffective|p1a: Moltres\n|-damage|p1a: Moltres|0 fnt\n|faint|p1a: Moltres\n|\n|t:|1700369124\n|switch|p2a: Jirachi|Jirachi|33\/100|[from] Volt Switch\n|\n|upkeep\n|\n|t:|1700369140\n|switch|p1a: Umbreon|Umbreon, M|100\/100\n|-damage|p1a: Umbreon|88\/100|[from] Stealth Rock\n|turn|8\n|\n|t:|1700369156\n|move|p2a: Jirachi|Iron Head|p1a: Umbreon\n|-damage|p1a: Umbreon|67\/100\n|-damage|p2a: Jirachi|17\/100|[from] item: Rocky Helmet|[of] p1a: Umbreon\n|move|p1a: Umbreon|Wish|p1a: Umbreon\n|\n|upkeep\n|turn|9\n|\n|t:|1700369163\n|switch|p2a: Diancie|Diancie|100\/100\n|move|p1a: Umbreon|Foul Play|p2a: Diancie\n|-resisted|p2a: Diancie\n|-damage|p2a: Diancie|83\/100\n|\n|-heal|p1a: Umbreon|100\/100|[from] move: Wish|[wisher] Umbreon\n|upkeep\n|turn|10\n|\n|t:|1700369176\n|detailschange|p2a: Diancie|Diancie-Mega\n|-mega|p2a: Diancie|Diancie|Diancite\n|-terastallize|p1a: Umbreon|Fairy\n|move|p2a: Diancie|Diamond Storm|p1a: Umbreon\n|-damage|p1a: Umbreon|73\/100\n|move|p1a: Umbreon|Wish|p1a: Umbreon\n|\n|upkeep\n|turn|11\n|\n|t:|1700369187\n|move|p2a: Diancie|Diamond Storm|p1a: Umbreon\n|-damage|p1a: Umbreon|44\/100\n|move|p1a: Umbreon|Foul Play|p2a: Diancie\n|-resisted|p2a: Diancie\n|-damage|p2a: Diancie|50\/100\n|\n|-heal|p1a: Umbreon|94\/100|[from] move: Wish|[wisher] Umbreon\n|-fieldend|move: Electric Terrain\n|upkeep\n|turn|12\n|\n|t:|1700369195\n|move|p2a: Diancie|Moonblast|p1a: Umbreon\n|-damage|p1a: Umbreon|56\/100\n|move|p1a: Umbreon|Foul Play|p2a: Diancie\n|-resisted|p2a: Diancie\n|-damage|p2a: Diancie|16\/100\n|\n|upkeep\n|turn|13\n|\n|t:|1700369199\n|move|p2a: Diancie|Moonblast|p1a: Umbreon\n|-damage|p1a: Umbreon|19\/100\n|move|p1a: Umbreon|Wish|p1a: Umbreon\n|\n|upkeep\n|turn|14\n|\n|t:|1700369207\n|switch|p2a: Tapu Koko|Tapu Koko|100\/100\n|-fieldstart|move: Electric Terrain|[from] ability: Electric Surge|[of] p2a: Tapu Koko\n|move|p1a: Umbreon|Protect||[still]\n|-fail|p1a: Umbreon\n|\n|-heal|p1a: Umbreon|69\/100|[from] move: Wish|[wisher] Umbreon\n|upkeep\n|turn|15\n|\n|t:|1700369216\n|move|p2a: Tapu Koko|Thunderbolt|p1a: Umbreon\n|-damage|p1a: Umbreon|18\/100\n|move|p1a: Umbreon|Wish|p1a: Umbreon\n|\n|upkeep\n|turn|16\n|\n|t:|1700369224\n|move|p1a: Umbreon|Protect|p1a: Umbreon\n|-singleturn|p1a: Umbreon|Protect\n|move|p2a: Tapu Koko|Thunderbolt|p1a: Umbreon\n|-activate|p1a: Umbreon|move: Protect\n|\n|-heal|p1a: Umbreon|68\/100|[from] move: Wish|[wisher] Umbreon\n|upkeep\n|turn|17\n|\n|t:|1700369252\n|-terastallize|p2a: Tapu Koko|Electric\n|move|p2a: Tapu Koko|Thunderbolt|p1a: Umbreon\n|-crit|p1a: Umbreon\n|-damage|p1a: Umbreon|0 fnt\n|faint|p1a: Umbreon\n|\n|upkeep\n|inactive|Gocks has 120 seconds left.\n|\n|t:|1700369264\n|switch|p1a: Ambipom|Ambipom, M|100\/100\n|-damage|p1a: Ambipom|88\/100|[from] Stealth Rock\n|turn|18\n|\n|t:|1700369272\n|switch|p2a: Diancie|Diancie-Mega|16\/100\n|move|p1a: Ambipom|Fake Out|p2a: Diancie\n|-resisted|p2a: Diancie\n|-damage|p2a: Diancie|0 fnt\n|faint|p2a: Diancie\n|-damage|p1a: Ambipom|78\/100|[from] item: Life Orb\n|\n|-fieldend|move: Electric Terrain\n|upkeep\n|\n|t:|1700369274\n|switch|p2a: Tapu Koko|Tapu Koko, tera:Electric|100\/100\n|-fieldstart|move: Electric Terrain|[from] ability: Electric Surge|[of] p2a: Tapu Koko\n|turn|19\n|\n|t:|1700369285\n|move|p2a: Tapu Koko|Thunderbolt|p1a: Ambipom\n|-damage|p1a: Ambipom|0 fnt\n|faint|p1a: Ambipom\n|\n|upkeep\n|\n|t:|1700369288\n|switch|p1a: Espeon|Espeon, F|100\/100\n|-damage|p1a: Espeon|88\/100|[from] Stealth Rock\n|turn|20\n|\n|t:|1700369294\n|switch|p2a: Jirachi|Jirachi|17\/100\n|-zpower|p1a: Espeon\n|move|p1a: Espeon|Z-Celebrate|p1a: Espeon|[anim]Celebrate\n|-boost|p1a: Espeon|atk|1|[zeffect]\n|-boost|p1a: Espeon|def|1|[zeffect]\n|-boost|p1a: Espeon|spa|1|[zeffect]\n|-boost|p1a: Espeon|spd|1|[zeffect]\n|-boost|p1a: Espeon|spe|1|[zeffect]\n|-activate|p1a: Espeon|move: Celebrate\n|\n|upkeep\n|turn|21\n|\n|t:|1700369298\n|move|p1a: Espeon|Shadow Ball|p2a: Jirachi\n|-supereffective|p2a: Jirachi\n|-damage|p2a: Jirachi|0 fnt\n|faint|p2a: Jirachi\n|\n|upkeep\n|\n|t:|1700369304\n|switch|p2a: Iron Valiant|Iron Valiant|100\/100\n|-activate|p2a: Iron Valiant|ability: Quark Drive\n|-start|p2a: Iron Valiant|quarkdrivespe\n|turn|22\n|\n|t:|1700369314\n|move|p2a: Iron Valiant|Moonblast|p1a: Espeon\n|-damage|p1a: Espeon|45\/100\n|move|p1a: Espeon|Stored Power|p2a: Iron Valiant\n|-supereffective|p2a: Iron Valiant\n|-damage|p2a: Iron Valiant|0 fnt\n|faint|p2a: Iron Valiant\n|-end|p2a: Iron Valiant|Quark Drive|[silent]\n|\n|upkeep\n|\n|t:|1700369322\n|switch|p2a: Tapu Koko|Tapu Koko, tera:Electric|100\/100\n|turn|23\n|\n|t:|1700369328\n|move|p1a: Espeon|Stored Power|p2a: Tapu Koko\n|-damage|p2a: Tapu Koko|0 fnt\n|faint|p2a: Tapu Koko\n|\n|win|Gocks\n|raw|Gocks's rating: 1467 &rarr; <strong>1490<\/strong><br \/>(+23 for winning)\n|raw|Asahi daisuki~~~'s rating: 1527 &rarr; <strong>1504<\/strong><br \/>(-23 for losing)\n|l|\u2606Asahi daisuki~~~\n","uploadtime":1700369345,"views":8,"p1id":"gocks","p2id":"asahidaisuki","formatid":"gen9nationaldex","rating":1490,"private":0,"password":""}