{"id":"gen9nationaldex-1992228432","p1":"testing a funni3","p2":"Black Girl Kyle","format":"[Gen 9] National Dex","log":"|j|\u2606testing a funni3\n|j|\u2606Black Girl Kyle\n|t:|1700165734\n|gametype|singles\n|player|p1|testing a funni3|unknownf|1444\n|player|p2|Black Girl Kyle|shauntal|1421\n|teamsize|p1|6\n|teamsize|p2|6\n|gen|9\n|tier|[Gen 9] National Dex\n|rated|\n|rule|HP Percentage Mod: HP is shown in percentages\n|rule|Endless Battle Clause: Forcing endless battles is banned\n|rule|OHKO Clause: OHKO moves are banned\n|rule|Evasion Clause: Evasion abilities, items, and moves are banned\n|rule|Evasion Abilities Clause: Evasion abilities are banned\n|rule|Evasion Items Clause: Evasion items are banned\n|rule|Evasion Moves Clause: Evasion moves are banned\n|rule|Species Clause: Limit one of each Pok\u00e9mon\n|rule|Sleep Clause Mod: Limit one foe put to sleep\n|clearpoke\n|poke|p1|Latios, M|\n|poke|p1|Buzzwole|\n|poke|p1|Gliscor, M|\n|poke|p1|Weavile, F|\n|poke|p1|Heatran, F|\n|poke|p1|Ogerpon-Wellspring, F|\n|poke|p2|Absol, M|\n|poke|p2|Cinccino, M|\n|poke|p2|Ninetales-Alola, F|\n|poke|p2|Tapu Koko|\n|poke|p2|Sneasler, M|\n|poke|p2|Gliscor, M|\n|teampreview\n|\n|t:|1700165759\n|start\n|switch|p1a: Heatran|Heatran, F|100\/100\n|switch|p2a: Maush Hold?|Cinccino, M|100\/100\n|turn|1\n|inactive|Battle timer is ON: inactive players will automatically lose when time's up. (requested by Black Girl Kyle)\n|\n|t:|1700165767\n|move|p2a: Maush Hold?|Rock Blast|p1a: Heatran\n|-damage|p1a: Heatran|92\/100\n|-damage|p1a: Heatran|83\/100\n|-damage|p1a: Heatran|75\/100\n|-damage|p1a: Heatran|65\/100\n|-damage|p1a: Heatran|56\/100\n|-hitcount|p1a: Heatran|5\n|move|p1a: Heatran|Magma Storm|p2a: Maush Hold?\n|-damage|p2a: Maush Hold?|22\/100\n|-activate|p2a: Maush Hold?|move: Magma Storm|[of] p1a: Heatran\n|\n|-heal|p1a: Heatran|63\/100|[from] item: Leftovers\n|-damage|p2a: Maush Hold?|9\/100|[from] move: Magma Storm|[partiallytrapped]\n|upkeep\n|turn|2\n|\n|t:|1700165783\n|move|p2a: Maush Hold?|Rock Blast|p1a: Heatran\n|-damage|p1a: Heatran|54\/100\n|-damage|p1a: Heatran|45\/100\n|-damage|p1a: Heatran|37\/100\n|-damage|p1a: Heatran|28\/100\n|-hitcount|p1a: Heatran|4\n|move|p1a: Heatran|Stealth Rock|p2a: Maush Hold?\n|-sidestart|p2: Black Girl Kyle|move: Stealth Rock\n|\n|-heal|p1a: Heatran|34\/100|[from] item: Leftovers\n|-damage|p2a: Maush Hold?|0 fnt|[from] move: Magma Storm|[partiallytrapped]\n|faint|p2a: Maush Hold?\n|upkeep\n|\n|t:|1700165796\n|switch|p2a: Gliscor|Gliscor, M|100\/100\n|-damage|p2a: Gliscor|88\/100|[from] Stealth Rock\n|turn|3\n|\n|t:|1700165806\n|switch|p1a: Latios|Latios, M|100\/100\n|move|p2a: Gliscor|Protect||[still]\n|-fail|p2a: Gliscor\n|\n|-status|p2a: Gliscor|tox|[from] item: Toxic Orb\n|upkeep\n|turn|4\n|\n|t:|1700165818\n|switch|p1a: Gliscor|Gliscor, M|100\/100\n|move|p2a: Gliscor|Toxic|p1a: Gliscor\n|-status|p1a: Gliscor|tox\n|\n|-heal|p2a: Gliscor|100\/100 tox|[from] ability: Poison Heal\n|upkeep\n|turn|5\n|\n|t:|1700165828\n|switch|p1a: Weavile|Weavile, F|100\/100\n|-ability|p1a: Weavile|Pressure\n|move|p2a: Gliscor|Stealth Rock|p1a: Weavile\n|-sidestart|p1: testing a funni3|move: Stealth Rock\n|\n|upkeep\n|turn|6\n|\n|t:|1700165838\n|move|p1a: Weavile|Knock Off|p2a: Gliscor\n|-damage|p2a: Gliscor|48\/100 tox\n|-enditem|p2a: Gliscor|Toxic Orb|[from] move: Knock Off|[of] p1a: Weavile\n|move|p2a: Gliscor|Toxic|p1a: Weavile|[miss]\n|-miss|p2a: Gliscor|p1a: Weavile\n|\n|-heal|p2a: Gliscor|60\/100 tox|[from] ability: Poison Heal\n|upkeep\n|turn|7\n|\n|t:|1700165848\n|switch|p1a: Gliscor|Gliscor, M|100\/100 tox\n|-damage|p1a: Gliscor|88\/100 tox|[from] Stealth Rock\n|move|p2a: Gliscor|Protect||[still]\n|-fail|p2a: Gliscor\n|\n|-heal|p2a: Gliscor|73\/100 tox|[from] ability: Poison Heal\n|-heal|p1a: Gliscor|100\/100 tox|[from] ability: Poison Heal\n|upkeep\n|turn|8\n|\n|t:|1700165861\n|move|p2a: Gliscor|Earthquake|p1a: Gliscor\n|-immune|p1a: Gliscor\n|move|p1a: Gliscor|Toxic|p2a: Gliscor\n|-fail|p2a: Gliscor|tox\n|\n|-heal|p2a: Gliscor|85\/100 tox|[from] ability: Poison Heal\n|upkeep\n|turn|9\n|\n|t:|1700165874\n|switch|p2a: Coco|Tapu Koko|100\/100\n|-damage|p2a: Coco|88\/100|[from] Stealth Rock\n|-fieldstart|move: Electric Terrain|[from] ability: Electric Surge|[of] p2a: Coco\n|move|p1a: Gliscor|Defog|p2a: Coco\n|-unboost|p2a: Coco|evasion|1\n|-sideend|p2: Black Girl Kyle|Stealth Rock|[from] move: Defog|[of] p1a: Gliscor\n|-sideend|p1: testing a funni3|Stealth Rock|[from] move: Defog|[of] p1a: Gliscor\n|-fieldend|move: Electric Terrain\n|\n|upkeep\n|turn|10\n|\n|t:|1700165885\n|move|p2a: Coco|Taunt|p1a: Gliscor\n|-start|p1a: Gliscor|move: Taunt\n|move|p1a: Gliscor|Earthquake|p2a: Coco\n|-supereffective|p2a: Coco\n|-damage|p2a: Coco|0 fnt\n|faint|p2a: Coco\n|\n|upkeep\n|\n|t:|1700165895\n|switch|p2a: Emo Doll|Absol, M|100\/100\n|-ability|p2a: Emo Doll|Pressure\n|turn|11\n|\n|t:|1700165904\n|switch|p1a: Buzzwole|Buzzwole|100\/100\n|detailschange|p2a: Emo Doll|Absol-Mega, M\n|-mega|p2a: Emo Doll|Absol|Absolite\n|move|p2a: Emo Doll|Ice Beam|p1a: Buzzwole\n|-damage|p1a: Buzzwole|61\/100\n|\n|upkeep\n|turn|12\n|\n|t:|1700165919\n|move|p2a: Emo Doll|Flamethrower|p1a: Buzzwole\n|-supereffective|p1a: Buzzwole\n|-crit|p1a: Buzzwole\n|-damage|p1a: Buzzwole|0 fnt\n|faint|p1a: Buzzwole\n|\n|upkeep\n|\n|t:|1700165929\n|switch|p1a: Heatran|Heatran, F|34\/100\n|turn|13\n|\n|t:|1700165935\n|move|p2a: Emo Doll|Calm Mind|p2a: Emo Doll\n|-boost|p2a: Emo Doll|spa|1\n|-boost|p2a: Emo Doll|spd|1\n|move|p1a: Heatran|Magma Storm|p2a: Emo Doll\n|-damage|p2a: Emo Doll|49\/100\n|-activate|p2a: Emo Doll|move: Magma Storm|[of] p1a: Heatran\n|\n|-heal|p1a: Heatran|40\/100|[from] item: Leftovers\n|-damage|p2a: Emo Doll|37\/100|[from] move: Magma Storm|[partiallytrapped]\n|upkeep\n|turn|14\n|\n|t:|1700165946\n|move|p2a: Emo Doll|Thunderbolt|p1a: Heatran\n|-damage|p1a: Heatran|11\/100\n|move|p1a: Heatran|Earth Power|p2a: Emo Doll\n|-damage|p2a: Emo Doll|4\/100\n|\n|-heal|p1a: Heatran|17\/100|[from] item: Leftovers\n|-damage|p2a: Emo Doll|0 fnt|[from] move: Magma Storm|[partiallytrapped]\n|faint|p2a: Emo Doll\n|upkeep\n|\n|t:|1700165960\n|switch|p2a: Baddie Doll|Sneasler, M|100\/100\n|-ability|p2a: Baddie Doll|Pressure\n|turn|15\n|\n|t:|1700165976\n|move|p2a: Baddie Doll|Swords Dance|p2a: Baddie Doll\n|-boost|p2a: Baddie Doll|atk|2\n|move|p1a: Heatran|Magma Storm|p2a: Baddie Doll\n|-damage|p2a: Baddie Doll|42\/100\n|-activate|p2a: Baddie Doll|move: Magma Storm|[of] p1a: Heatran\n|\n|-heal|p1a: Heatran|23\/100|[from] item: Leftovers\n|-damage|p2a: Baddie Doll|30\/100|[from] move: Magma Storm|[partiallytrapped]\n|upkeep\n|turn|16\n|\n|t:|1700165987\n|move|p2a: Baddie Doll|Close Combat|p1a: Heatran\n|-supereffective|p1a: Heatran\n|-damage|p1a: Heatran|0 fnt\n|-unboost|p2a: Baddie Doll|def|1\n|-unboost|p2a: Baddie Doll|spd|1\n|faint|p1a: Heatran\n|\n|-end|p2a: Baddie Doll|Magma Storm|[partiallytrapped]|[silent]\n|upkeep\n|\n|t:|1700165992\n|switch|p1a: Weavile|Weavile, F|100\/100\n|-ability|p1a: Weavile|Pressure\n|turn|17\n|\n|t:|1700165999\n|switch|p2a: Elsa|Ninetales-Alola, F|100\/100\n|-weather|Snow|[from] ability: Snow Warning|[of] p2a: Elsa\n|move|p1a: Weavile|Ice Shard|p2a: Elsa\n|-resisted|p2a: Elsa\n|-damage|p2a: Elsa|86\/100\n|\n|-weather|Snow|[upkeep]\n|upkeep\n|turn|18\n|\n|t:|1700166012\n|switch|p1a: Ogerpon|Ogerpon-Wellspring, F|100\/100\n|move|p2a: Elsa|Aurora Veil|p2a: Elsa\n|-sidestart|p2: Black Girl Kyle|move: Aurora Veil\n|\n|-weather|Snow|[upkeep]\n|upkeep\n|turn|19\n|\n|t:|1700166027\n|switch|p1a: Weavile|Weavile, F|100\/100\n|-ability|p1a: Weavile|Pressure\n|move|p2a: Elsa|Freeze-Dry|p1a: Weavile\n|-resisted|p1a: Weavile\n|-damage|p1a: Weavile|82\/100\n|\n|-weather|Snow|[upkeep]\n|upkeep\n|turn|20\n|\n|t:|1700166037\n|move|p1a: Weavile|Knock Off|p2a: Elsa\n|-resisted|p2a: Elsa\n|-damage|p2a: Elsa|68\/100\n|-enditem|p2a: Elsa|Light Clay|[from] move: Knock Off|[of] p1a: Weavile\n|move|p2a: Elsa|Moonblast|p1a: Weavile\n|-supereffective|p1a: Weavile\n|-damage|p1a: Weavile|0 fnt\n|faint|p1a: Weavile\n|\n|-weather|Snow|[upkeep]\n|upkeep\n|\n|t:|1700166053\n|switch|p1a: Latios|Latios, M|100\/100\n|turn|21\n|\n|t:|1700166060\n|detailschange|p1a: Latios|Latios-Mega, M\n|-mega|p1a: Latios|Latios|Latiosite\n|move|p1a: Latios|Mystical Fire|p2a: Elsa\n|-supereffective|p2a: Elsa\n|-damage|p2a: Elsa|33\/100\n|-unboost|p2a: Elsa|spa|1\n|move|p2a: Elsa|Freeze-Dry|p1a: Latios\n|-supereffective|p1a: Latios\n|-damage|p1a: Latios|63\/100\n|\n|-weather|none\n|upkeep\n|turn|22\n|\n|t:|1700166072\n|move|p1a: Latios|Roost|p1a: Latios\n|-heal|p1a: Latios|100\/100\n|-singleturn|p1a: Latios|move: Roost\n|move|p2a: Elsa|Moonblast|p1a: Latios\n|-supereffective|p1a: Latios\n|-damage|p1a: Latios|51\/100\n|\n|upkeep\n|turn|23\n|\n|t:|1700166083\n|move|p1a: Latios|Mystical Fire|p2a: Elsa\n|-supereffective|p2a: Elsa\n|-damage|p2a: Elsa|0 fnt\n|faint|p2a: Elsa\n|\n|upkeep\n|\n|t:|1700166089\n|switch|p2a: Baddie Doll|Sneasler, M|30\/100\n|-ability|p2a: Baddie Doll|Pressure\n|turn|24\n|\n|t:|1700166095\n|switch|p1a: Gliscor|Gliscor, M|100\/100 tox\n|move|p2a: Baddie Doll|Dire Claw|p1a: Gliscor\n|-resisted|p1a: Gliscor\n|-damage|p1a: Gliscor|85\/100 tox\n|\n|-heal|p1a: Gliscor|98\/100 tox|[from] ability: Poison Heal\n|upkeep\n|turn|25\n|\n|t:|1700166105\n|-terastallize|p2a: Baddie Doll|Flying\n|move|p2a: Baddie Doll|Swords Dance|p2a: Baddie Doll\n|-boost|p2a: Baddie Doll|atk|2\n|move|p1a: Gliscor|Earthquake|p2a: Baddie Doll\n|-immune|p2a: Baddie Doll\n|\n|-heal|p1a: Gliscor|100\/100 tox|[from] ability: Poison Heal\n|-sideend|p2: Black Girl Kyle|move: Aurora Veil\n|upkeep\n|turn|26\n|\n|t:|1700166116\n|move|p2a: Baddie Doll|Acrobatics|p1a: Gliscor\n|-damage|p1a: Gliscor|53\/100 tox\n|move|p1a: Gliscor|Toxic|p2a: Baddie Doll\n|-status|p2a: Baddie Doll|tox\n|\n|-damage|p2a: Baddie Doll|24\/100 tox|[from] psn\n|-heal|p1a: Gliscor|65\/100 tox|[from] ability: Poison Heal\n|upkeep\n|turn|27\n|-message|Black Girl Kyle forfeited.\n|\n|win|testing a funni3\n|raw|testing a funni3's rating: 1444 &rarr; <strong>1463<\/strong><br \/>(+19 for winning)\n|raw|Black Girl Kyle's rating: 1421 &rarr; <strong>1402<\/strong><br \/>(-19 for losing)\n|l|\u2606Black Girl Kyle\n","uploadtime":1700166129,"views":16,"p1id":"testingafunni3","p2id":"blackgirlkyle","formatid":"gen9nationaldex","rating":1402,"private":0,"password":""}