{"id":"gen9nationaldex-1994500967","p1":"ReptileMedias","p2":"TuanAnhDzXD","format":"[Gen 9] National Dex","log":"|j|\u2606ReptileMedias\n|j|\u2606TuanAnhDzXD\n|t:|1700451339\n|gametype|singles\n|player|p1|ReptileMedias|may|1229\n|player|p2|TuanAnhDzXD|102|1258\n|teamsize|p1|6\n|teamsize|p2|6\n|gen|9\n|tier|[Gen 9] National Dex\n|rated|\n|rule|HP Percentage Mod: HP is shown in percentages\n|rule|Endless Battle Clause: Forcing endless battles is banned\n|rule|OHKO Clause: OHKO moves are banned\n|rule|Evasion Clause: Evasion abilities, items, and moves are banned\n|rule|Evasion Abilities Clause: Evasion abilities are banned\n|rule|Evasion Items Clause: Evasion items are banned\n|rule|Evasion Moves Clause: Evasion moves are banned\n|rule|Species Clause: Limit one of each Pok\u00e9mon\n|rule|Sleep Clause Mod: Limit one foe put to sleep\n|clearpoke\n|poke|p1|Scizor, M|\n|poke|p1|Venusaur, M|\n|poke|p1|Arcanine, F|\n|poke|p1|Crawdaunt, M|\n|poke|p1|Jolteon, M|\n|poke|p1|Crobat, M|\n|poke|p2|Luxray, F|\n|poke|p2|Espeon, F|\n|poke|p2|Scolipede, F|\n|poke|p2|Garchomp, F|\n|poke|p2|Aegislash, F|\n|poke|p2|Greninja-*, M|\n|teampreview\n|\n|t:|1700451355\n|start\n|switch|p1a: Lobstarno|Crawdaunt, M|100\/100\n|switch|p2a: Greninja|Greninja, M|100\/100\n|turn|1\n|\n|t:|1700451362\n|move|p2a: Greninja|U-turn|p1a: Lobstarno\n|-start|p2a: Greninja|typechange|Bug|[from] ability: Protean\n|-supereffective|p1a: Lobstarno\n|-damage|p1a: Lobstarno|0 fnt\n|faint|p1a: Lobstarno\n|\n|t:|1700451370\n|switch|p2a: Garchomp|Garchomp, F|100\/100|[from] U-turn\n|\n|upkeep\n|\n|t:|1700451388\n|switch|p1a: Sharp David|Jolteon, M|100\/100\n|turn|2\n|\n|t:|1700451395\n|-terastallize|p1a: Sharp David|Electric\n|move|p1a: Sharp David|Hidden Power|p2a: Garchomp\n|-supereffective|p2a: Garchomp\n|-damage|p2a: Garchomp|0 fnt\n|faint|p2a: Garchomp\n|\n|upkeep\n|\n|t:|1700451411\n|switch|p2a: Aegislash|Aegislash, F|100\/100\n|turn|3\n|\n|t:|1700451428\n|switch|p1a: Bullet Ant|Scizor, M|100\/100\n|move|p2a: Aegislash|Toxic|p1a: Bullet Ant\n|-immune|p1a: Bullet Ant\n|\n|upkeep\n|turn|4\n|\n|t:|1700451432\n|move|p1a: Bullet Ant|Swords Dance|p1a: Bullet Ant\n|-boost|p1a: Bullet Ant|atk|2\n|-formechange|p2a: Aegislash|Aegislash-Blade||[from] ability: Stance Change\n|move|p2a: Aegislash|Shadow Ball|p1a: Bullet Ant\n|-damage|p1a: Bullet Ant|50\/100\n|\n|upkeep\n|turn|5\n|\n|t:|1700451453\n|move|p1a: Bullet Ant|Knock Off|p2a: Aegislash\n|-supereffective|p2a: Aegislash\n|-damage|p2a: Aegislash|0 fnt\n|-enditem|p2a: Aegislash|Leftovers|[from] move: Knock Off|[of] p1a: Bullet Ant\n|faint|p2a: Aegislash\n|\n|upkeep\n|\n|t:|1700451460\n|switch|p2a: Greninja|Greninja, M|100\/100\n|turn|6\n|\n|t:|1700451468\n|move|p2a: Greninja|Waterfall|p1a: Bullet Ant\n|-start|p2a: Greninja|typechange|Water|[from] ability: Protean\n|-damage|p1a: Bullet Ant|8\/100\n|-damage|p2a: Greninja|84\/100|[from] item: Rocky Helmet|[of] p1a: Bullet Ant\n|cant|p1a: Bullet Ant|flinch\n|\n|upkeep\n|turn|7\n|\n|t:|1700451476\n|move|p1a: Bullet Ant|Bullet Punch|p2a: Greninja\n|-resisted|p2a: Greninja\n|-damage|p2a: Greninja|35\/100\n|move|p2a: Greninja|Waterfall|p1a: Bullet Ant\n|-damage|p1a: Bullet Ant|0 fnt\n|-damage|p2a: Greninja|18\/100|[from] item: Rocky Helmet|[of] p1a: Bullet Ant\n|faint|p1a: Bullet Ant\n|\n|upkeep\n|\n|t:|1700451485\n|switch|p1a: Penusaur|Venusaur, M|100\/100\n|turn|8\n|\n|t:|1700451489\n|switch|p2a: Scolipede|Scolipede, F|100\/100\n|detailschange|p1a: Penusaur|Venusaur-Mega, M\n|-mega|p1a: Penusaur|Venusaur|Venusaurite\n|move|p1a: Penusaur|Giga Drain|p2a: Scolipede\n|-resisted|p2a: Scolipede\n|-damage|p2a: Scolipede|87\/100\n|\n|upkeep\n|turn|9\n|\n|t:|1700451504\n|switch|p1a: COw bat (lol)|Crobat, M|100\/100\n|move|p2a: Scolipede|Swords Dance|p2a: Scolipede\n|-boost|p2a: Scolipede|atk|2\n|\n|-ability|p2a: Scolipede|Speed Boost|boost\n|-boost|p2a: Scolipede|spe|1\n|upkeep\n|turn|10\n|\n|t:|1700451517\n|move|p2a: Scolipede|Megahorn|p1a: COw bat (lol)\n|-resisted|p1a: COw bat (lol)\n|-damage|p1a: COw bat (lol)|63\/100\n|move|p1a: COw bat (lol)|Air Slash|p2a: Scolipede\n|-supereffective|p2a: Scolipede\n|-damage|p2a: Scolipede|0 fnt\n|faint|p2a: Scolipede\n|\n|upkeep\n|\n|t:|1700451524\n|switch|p2a: Espeon|Espeon, F|100\/100\n|turn|11\n|\n|t:|1700451535\n|switch|p1a: Adult|Arcanine, F|100\/100\n|move|p2a: Espeon|Wish|p2a: Espeon\n|\n|upkeep\n|turn|12\n|\n|t:|1700451541\n|move|p1a: Adult|Play Rough|p2a: Espeon\n|-damage|p2a: Espeon|74\/100\n|move|p2a: Espeon|Psyshock|p1a: Adult\n|-damage|p1a: Adult|55\/100\n|\n|-heal|p2a: Espeon|100\/100|[from] move: Wish|[wisher] Espeon\n|-heal|p1a: Adult|61\/100|[from] item: Leftovers\n|upkeep\n|turn|13\n|\n|t:|1700451553\n|move|p1a: Adult|Flare Blitz|p2a: Espeon\n|-damage|p2a: Espeon|46\/100\n|-damage|p1a: Adult|42\/100|[from] Recoil\n|move|p2a: Espeon|Wish|p2a: Espeon\n|\n|-heal|p1a: Adult|48\/100|[from] item: Leftovers\n|-heal|p2a: Espeon|52\/100|[from] item: Leftovers\n|upkeep\n|turn|14\n|\n|t:|1700451561\n|move|p2a: Espeon|Protect|p2a: Espeon\n|-singleturn|p2a: Espeon|Protect\n|move|p1a: Adult|Flare Blitz|p2a: Espeon\n|-activate|p2a: Espeon|move: Protect\n|\n|-heal|p2a: Espeon|100\/100|[from] move: Wish|[wisher] Espeon\n|-heal|p1a: Adult|55\/100|[from] item: Leftovers\n|upkeep\n|turn|15\n|\n|t:|1700451578\n|switch|p1a: Sharp David|Jolteon, M, tera:Electric|100\/100\n|move|p2a: Espeon|Wish|p2a: Espeon\n|\n|upkeep\n|turn|16\n|\n|t:|1700451639\n|move|p1a: Sharp David|Thunderbolt|p2a: Espeon\n|-damage|p2a: Espeon|7\/100\n|move|p2a: Espeon|Psyshock|p1a: Sharp David\n|-damage|p1a: Sharp David|38\/100\n|\n|-heal|p2a: Espeon|57\/100|[from] move: Wish|[wisher] Espeon\n|-heal|p2a: Espeon|63\/100|[from] item: Leftovers\n|upkeep\n|turn|17\n|\n|t:|1700451726\n|move|p2a: Espeon|Protect|p2a: Espeon\n|-singleturn|p2a: Espeon|Protect\n|move|p1a: Sharp David|Thunderbolt|p2a: Espeon\n|-activate|p2a: Espeon|move: Protect\n|\n|-heal|p2a: Espeon|69\/100|[from] item: Leftovers\n|upkeep\n|turn|18\n|\n|t:|1700451742\n|move|p1a: Sharp David|Thunderbolt|p2a: Espeon\n|-damage|p2a: Espeon|0 fnt\n|faint|p2a: Espeon\n|\n|upkeep\n|\n|t:|1700451746\n|switch|p2a: Luxray|Luxray, F|100\/100\n|turn|19\n|\n|t:|1700451771\n|switch|p1a: Adult|Arcanine, F|55\/100\n|move|p2a: Luxray|Trailblaze|p1a: Adult\n|-resisted|p1a: Adult\n|-damage|p1a: Adult|45\/100\n|-boost|p2a: Luxray|spe|1\n|\n|-heal|p1a: Adult|51\/100|[from] item: Leftovers\n|-status|p2a: Luxray|brn|[from] item: Flame Orb\n|upkeep\n|turn|20\n|\n|t:|1700451782\n|move|p2a: Luxray|Facade|p1a: Adult\n|-crit|p1a: Adult\n|-damage|p1a: Adult|0 fnt\n|faint|p1a: Adult\n|\n|-damage|p2a: Luxray|95\/100 brn|[from] brn\n|upkeep\n|\n|t:|1700451805\n|switch|p1a: Penusaur|Venusaur-Mega, M|100\/100\n|turn|21\n|\n|t:|1700451814\n|move|p2a: Luxray|Trailblaze|p1a: Penusaur\n|-resisted|p1a: Penusaur\n|-damage|p1a: Penusaur|96\/100\n|-boost|p2a: Luxray|spe|1\n|move|p1a: Penusaur|Giga Drain|p2a: Luxray\n|-damage|p2a: Luxray|54\/100 brn\n|-heal|p1a: Penusaur|100\/100|[from] drain|[of] p2a: Luxray\n|\n|-damage|p2a: Luxray|48\/100 brn|[from] brn\n|upkeep\n|turn|22\n|\n|t:|1700451839\n|-terastallize|p2a: Luxray|Normal\n|move|p2a: Luxray|Facade|p1a: Penusaur\n|-damage|p1a: Penusaur|26\/100\n|move|p1a: Penusaur|Earth Power|p2a: Luxray\n|-damage|p2a: Luxray|16\/100 brn\n|\n|-damage|p2a: Luxray|10\/100 brn|[from] brn\n|upkeep\n|turn|23\n|\n|t:|1700451855\n|move|p2a: Luxray|Facade|p1a: Penusaur\n|-crit|p1a: Penusaur\n|-damage|p1a: Penusaur|0 fnt\n|faint|p1a: Penusaur\n|\n|-damage|p2a: Luxray|4\/100 brn|[from] brn\n|upkeep\n|\n|t:|1700451857\n|switch|p1a: COw bat (lol)|Crobat, M|63\/100\n|turn|24\n|\n|t:|1700451860\n|move|p2a: Luxray|Facade|p1a: COw bat (lol)\n|-damage|p1a: COw bat (lol)|0 fnt\n|faint|p1a: COw bat (lol)\n|\n|-damage|p2a: Luxray|0 fnt|[from] brn\n|faint|p2a: Luxray\n|upkeep\n|\n|t:|1700451862\n|switch|p1a: Sharp David|Jolteon, M, tera:Electric|38\/100\n|switch|p2a: Greninja|Greninja, M|18\/100\n|turn|25\n|c|\u2606ReptileMedias|gg\n|-message|TuanAnhDzXD forfeited.\n|\n|win|ReptileMedias\n|raw|ReptileMedias's rating: 1229 &rarr; <strong>1256<\/strong><br \/>(+27 for winning)\n|raw|TuanAnhDzXD's rating: 1258 &rarr; <strong>1231<\/strong><br \/>(-27 for losing)\n|l|\u2606TuanAnhDzXD\n","uploadtime":1700451869,"views":12,"p1id":"reptilemedias","p2id":"tuananhdzxd","formatid":"gen9nationaldex","rating":1231,"private":0,"password":""}