{"id":"gen9nationaldex-1991504076","p1":"Pipebombs","p2":"Jarl_jake","format":"[Gen 9] National Dex","log":"|j|\u2606Pipebombs\n|j|\u2606Jarl_jake\n|t:|1700082978\n|gametype|singles\n|player|p1|Pipebombs|elesa-masters2|1267\n|player|p2|Jarl_jake|red|1362\n|teamsize|p1|6\n|teamsize|p2|6\n|gen|9\n|tier|[Gen 9] National Dex\n|rated|\n|rule|HP Percentage Mod: HP is shown in percentages\n|rule|Endless Battle Clause: Forcing endless battles is banned\n|rule|OHKO Clause: OHKO moves are banned\n|rule|Evasion Clause: Evasion abilities, items, and moves are banned\n|rule|Evasion Abilities Clause: Evasion abilities are banned\n|rule|Evasion Items Clause: Evasion items are banned\n|rule|Evasion Moves Clause: Evasion moves are banned\n|rule|Species Clause: Limit one of each Pok\u00e9mon\n|rule|Sleep Clause Mod: Limit one foe put to sleep\n|clearpoke\n|poke|p1|Pinsir, F|\n|poke|p1|Zoroark-Hisui, F|\n|poke|p1|Rotom-Wash|\n|poke|p1|Mew|\n|poke|p1|Okidogi, M|\n|poke|p1|Infernape, F|\n|poke|p2|Ninetales-Alola, F|\n|poke|p2|Serperior, F|\n|poke|p2|Salamence, M|\n|poke|p2|Blaziken, M|\n|poke|p2|Blastoise, F|\n|poke|p2|Grimmsnarl, M|\n|teampreview\n|inactive|Battle timer is ON: inactive players will automatically lose when time's up. (requested by Pipebombs)\n|\n|t:|1700082995\n|start\n|switch|p1a: Okidogi|Okidogi, M|100\/100\n|switch|p2a: Grendel|Grimmsnarl, M, shiny|100\/100\n|turn|1\n|\n|t:|1700083006\n|move|p2a: Grendel|Parting Shot|p1a: Okidogi\n|-unboost|p1a: Okidogi|atk|1\n|-unboost|p1a: Okidogi|spa|1\n|\n|t:|1700083012\n|switch|p2a: Paarthurnax|Salamence, M, shiny|100\/100|[from] Parting Shot\n|move|p1a: Okidogi|Hyper Voice|p2a: Paarthurnax\n|-damage|p2a: Paarthurnax|61\/100\n|\n|upkeep\n|turn|2\n|\n|t:|1700083022\n|move|p1a: Okidogi|U-turn|p2a: Paarthurnax\n|-resisted|p2a: Paarthurnax\n|-damage|p2a: Paarthurnax|55\/100\n|\n|t:|1700083025\n|switch|p1a: Mew|Mew|100\/100|[from] U-turn\n|move|p2a: Paarthurnax|Dragon Dance|p2a: Paarthurnax\n|-boost|p2a: Paarthurnax|atk|1\n|-boost|p2a: Paarthurnax|spe|1\n|\n|upkeep\n|turn|3\n|\n|t:|1700083033\n|move|p2a: Paarthurnax|Dual Wingbeat|p1a: Mew\n|-damage|p1a: Mew|68\/100\n|-damage|p1a: Mew|33\/100\n|-hitcount|p1a: Mew|2\n|move|p1a: Mew|Icicle Spear|p2a: Paarthurnax\n|-supereffective|p2a: Paarthurnax\n|-damage|p2a: Paarthurnax|20\/100\n|-supereffective|p2a: Paarthurnax\n|-damage|p2a: Paarthurnax|0 fnt\n|faint|p2a: Paarthurnax\n|-hitcount|p2: Paarthurnax|2\n|\n|upkeep\n|\n|t:|1700083050\n|switch|p2a: Fat Girl|Blastoise, F, shiny|100\/100\n|turn|4\n|\n|t:|1700083057\n|move|p1a: Mew|Drain Punch|p2a: Fat Girl\n|-damage|p2a: Fat Girl|78\/100\n|-heal|p1a: Mew|44\/100|[from] drain|[of] p2a: Fat Girl\n|move|p2a: Fat Girl|Shell Smash|p2a: Fat Girl\n|-unboost|p2a: Fat Girl|def|1\n|-unboost|p2a: Fat Girl|spd|1\n|-boost|p2a: Fat Girl|atk|2\n|-boost|p2a: Fat Girl|spa|2\n|-boost|p2a: Fat Girl|spe|2\n|\n|upkeep\n|turn|5\n|\n|t:|1700083067\n|move|p2a: Fat Girl|Scald|p1a: Mew\n|-damage|p1a: Mew|0 fnt\n|faint|p1a: Mew\n|\n|upkeep\n|\n|t:|1700083072\n|switch|p1a: Rotom|Rotom-Wash|100\/100\n|turn|6\n|\n|t:|1700083075\n|move|p2a: Fat Girl|Dark Pulse|p1a: Rotom\n|-damage|p1a: Rotom|38\/100\n|move|p1a: Rotom|Volt Switch|p2a: Fat Girl\n|-supereffective|p2a: Fat Girl\n|-damage|p2a: Fat Girl|0 fnt\n|faint|p2a: Fat Girl\n|\n|t:|1700083093\n|switch|p1a: Okidogi|Okidogi, M|100\/100|[from] Volt Switch\n|\n|upkeep\n|\n|t:|1700083105\n|switch|p2a: Chicharron|Blaziken, M, shiny|100\/100\n|turn|7\n|\n|t:|1700083109\n|move|p2a: Chicharron|Swords Dance|p2a: Chicharron\n|-boost|p2a: Chicharron|atk|2\n|move|p1a: Okidogi|Bulk Up|p1a: Okidogi\n|-boost|p1a: Okidogi|atk|1\n|-boost|p1a: Okidogi|def|1\n|\n|-ability|p2a: Chicharron|Speed Boost|boost\n|-boost|p2a: Chicharron|spe|1\n|upkeep\n|turn|8\n|\n|t:|1700083118\n|move|p2a: Chicharron|Blaze Kick|p1a: Okidogi\n|-damage|p1a: Okidogi|56\/100\n|move|p1a: Okidogi|Drain Punch|p2a: Chicharron\n|-damage|p2a: Chicharron|26\/100\n|-heal|p1a: Okidogi|85\/100|[from] drain|[of] p2a: Chicharron\n|\n|-heal|p1a: Okidogi|91\/100|[from] item: Leftovers\n|-ability|p2a: Chicharron|Speed Boost|boost\n|-boost|p2a: Chicharron|spe|1\n|upkeep\n|turn|9\n|\n|t:|1700083129\n|move|p2a: Chicharron|Blaze Kick|p1a: Okidogi\n|-crit|p1a: Okidogi\n|-damage|p1a: Okidogi|0 fnt\n|faint|p1a: Okidogi\n|\n|-ability|p2a: Chicharron|Speed Boost|boost\n|-boost|p2a: Chicharron|spe|1\n|upkeep\n|\n|t:|1700083142\n|switch|p1a: Pinsir|Pinsir, F|100\/100\n|turn|10\n|\n|t:|1700083147\n|detailschange|p1a: Pinsir|Pinsir-Mega, F\n|-mega|p1a: Pinsir|Pinsir|Pinsirite\n|-terastallize|p2a: Chicharron|Electric\n|move|p1a: Pinsir|Quick Attack|p2a: Chicharron\n|-resisted|p2a: Chicharron\n|-damage|p2a: Chicharron|5\/100\n|move|p2a: Chicharron|Thunder Punch|p1a: Pinsir\n|-supereffective|p1a: Pinsir\n|-damage|p1a: Pinsir|0 fnt\n|faint|p1a: Pinsir\n|\n|-ability|p2a: Chicharron|Speed Boost|boost\n|-boost|p2a: Chicharron|spe|1\n|upkeep\n|\n|t:|1700083153\n|switch|p1a: Rotom|Rotom-Wash|100\/100\n|turn|11\n|-message|Pipebombs forfeited.\n|\n|win|Jarl_jake\n|raw|Pipebombs's rating: 1267 &rarr; <strong>1249<\/strong><br \/>(-18 for losing)\n|raw|Jarl_jake's rating: 1362 &rarr; <strong>1377<\/strong><br \/>(+15 for winning)\n|l|\u2606Pipebombs\n","uploadtime":1700083166,"views":15,"p1id":"pipebombs","p2id":"jarljake","formatid":"gen9nationaldex","rating":1249,"private":0,"password":""}