{"id":"gen9nationaldex-1990683752","p1":"KyosukeKamijou","p2":"vikusxxx","format":"[Gen 9] National Dex","log":"|j|\u2606KyosukeKamijou\n|j|\u2606vikusxxx\n|t:|1699991508\n|gametype|singles\n|player|p1|KyosukeKamijou|ghetsis|1102\n|player|p2|vikusxxx|red|1158\n|teamsize|p1|6\n|teamsize|p2|6\n|gen|9\n|tier|[Gen 9] National Dex\n|rated|\n|rule|HP Percentage Mod: HP is shown in percentages\n|rule|Endless Battle Clause: Forcing endless battles is banned\n|rule|OHKO Clause: OHKO moves are banned\n|rule|Evasion Clause: Evasion abilities, items, and moves are banned\n|rule|Evasion Abilities Clause: Evasion abilities are banned\n|rule|Evasion Items Clause: Evasion items are banned\n|rule|Evasion Moves Clause: Evasion moves are banned\n|rule|Species Clause: Limit one of each Pok\u00e9mon\n|rule|Sleep Clause Mod: Limit one foe put to sleep\n|clearpoke\n|poke|p1|Kommo-o, M|\n|poke|p1|Great Tusk|\n|poke|p1|Ogerpon-Cornerstone, F|\n|poke|p1|Charizard, M|\n|poke|p1|Greninja-*, M|\n|poke|p1|Volcarona, F|\n|poke|p2|Gengar, M|\n|poke|p2|Lucario, M|\n|poke|p2|Venusaur, M|\n|poke|p2|Blastoise, M|\n|poke|p2|Garchomp, M|\n|poke|p2|Charizard, M|\n|teampreview\n|\n|t:|1699991521\n|start\n|switch|p1a: Change Dragon|Charizard, M|100\/100\n|switch|p2a: goku|Lucario, M|100\/100\n|turn|1\n|\n|t:|1699991530\n|detailschange|p1a: Change Dragon|Charizard-Mega-Y, M\n|-mega|p1a: Change Dragon|Charizard|Charizardite Y\n|-weather|SunnyDay|[from] ability: Drought|[of] p1a: Change Dragon\n|move|p1a: Change Dragon|Flamethrower|p2a: goku\n|-supereffective|p2a: goku\n|-damage|p2a: goku|0 fnt\n|faint|p2a: goku\n|\n|-weather|SunnyDay|[upkeep]\n|upkeep\n|\n|t:|1699991544\n|switch|p2a: koszmar|Gengar, M|100\/100\n|turn|2\n|\n|t:|1699991550\n|move|p2a: koszmar|Thunderbolt|p1a: Change Dragon\n|-supereffective|p1a: Change Dragon\n|-damage|p1a: Change Dragon|35\/100\n|move|p1a: Change Dragon|Flamethrower|p2a: koszmar\n|-crit|p2a: koszmar\n|-damage|p2a: koszmar|0 fnt\n|-start|p1a: Change Dragon|Disable|Flamethrower|[from] ability: Cursed Body|[of] p2a: koszmar\n|faint|p2a: koszmar\n|\n|-weather|SunnyDay|[upkeep]\n|upkeep\n|\n|t:|1699991559\n|switch|p2a: bulwa|Venusaur, M|100\/100\n|turn|3\n|\n|t:|1699991564\n|move|p2a: bulwa|Sludge Bomb|p1a: Change Dragon\n|-damage|p1a: Change Dragon|0 fnt\n|faint|p1a: Change Dragon\n|\n|-weather|SunnyDay|[upkeep]\n|upkeep\n|\n|t:|1699991570\n|switch|p1a: Mammothranger|Great Tusk|100\/100\n|-activate|p1a: Mammothranger|ability: Protosynthesis\n|-start|p1a: Mammothranger|protosynthesisatk\n|turn|4\n|\n|t:|1699991580\n|move|p2a: bulwa|Giga Drain|p1a: Mammothranger\n|-supereffective|p1a: Mammothranger\n|-damage|p1a: Mammothranger|0 fnt\n|faint|p1a: Mammothranger\n|-end|p1a: Mammothranger|Protosynthesis|[silent]\n|\n|-weather|SunnyDay|[upkeep]\n|upkeep\n|\n|t:|1699991587\n|switch|p1a: Onisister|Ogerpon-Cornerstone, F|100\/100\n|turn|5\n|\n|t:|1699991594\n|move|p1a: Onisister|Spiky Shield|p1a: Onisister\n|-singleturn|p1a: Onisister|move: Protect\n|move|p2a: bulwa|Sludge Bomb|p1a: Onisister\n|-activate|p1a: Onisister|move: Protect\n|\n|-weather|none\n|upkeep\n|turn|6\n|\n|t:|1699991601\n|switch|p1a: Ryuranger|Kommo-o, M|100\/100\n|move|p2a: bulwa|Sludge Bomb|p1a: Ryuranger\n|-immune|p1a: Ryuranger|[from] ability: Bulletproof\n|\n|upkeep\n|turn|7\n|\n|t:|1699991611\n|switch|p2a: tytan|Blastoise, M|100\/100\n|-zpower|p1a: Ryuranger\n|move|p1a: Ryuranger|Clangorous Soulblaze|p2a: tytan|[zeffect]\n|-damage|p2a: tytan|60\/100\n|-boost|p1a: Ryuranger|atk|1\n|-boost|p1a: Ryuranger|def|1\n|-boost|p1a: Ryuranger|spa|1\n|-boost|p1a: Ryuranger|spd|1\n|-boost|p1a: Ryuranger|spe|1\n|\n|upkeep\n|turn|8\n|\n|t:|1699991630\n|move|p1a: Ryuranger|Clanging Scales|p2a: tytan\n|-damage|p2a: tytan|27\/100\n|-unboost|p1a: Ryuranger|def|1\n|move|p2a: tytan|Ice Beam|p1a: Ryuranger\n|-supereffective|p1a: Ryuranger\n|-crit|p1a: Ryuranger\n|-damage|p1a: Ryuranger|31\/100\n|\n|upkeep\n|turn|9\n|\n|t:|1699991643\n|move|p1a: Ryuranger|Clanging Scales|p2a: tytan\n|-damage|p2a: tytan|0 fnt\n|faint|p2a: tytan\n|-unboost|p1a: Ryuranger|def|1\n|\n|upkeep\n|\n|t:|1699991653\n|switch|p2a: smoczy motor|Garchomp, M|100\/100\n|turn|10\n|\n|t:|1699991658\n|-terastallize|p2a: smoczy motor|Steel\n|move|p1a: Ryuranger|Clanging Scales|p2a: smoczy motor\n|-resisted|p2a: smoczy motor\n|-damage|p2a: smoczy motor|62\/100\n|-unboost|p1a: Ryuranger|def|1\n|move|p2a: smoczy motor|Scale Shot|p1a: Ryuranger\n|-supereffective|p1a: Ryuranger\n|-damage|p1a: Ryuranger|0 fnt\n|faint|p1a: Ryuranger\n|-hitcount|p1: Ryuranger|1\n|-unboost|p2a: smoczy motor|def|1\n|-boost|p2a: smoczy motor|spe|1\n|\n|-heal|p2a: smoczy motor|69\/100|[from] item: Leftovers\n|upkeep\n|\n|t:|1699991673\n|switch|p1a: PapillonOhger|Volcarona, F, shiny|100\/100\n|turn|11\n|\n|t:|1699991680\n|move|p2a: smoczy motor|Scale Shot|p1a: PapillonOhger\n|-damage|p1a: PapillonOhger|80\/100\n|-damage|p1a: PapillonOhger|59\/100\n|-damage|p1a: PapillonOhger|38\/100\n|-hitcount|p1a: PapillonOhger|3\n|-unboost|p2a: smoczy motor|def|1\n|-boost|p2a: smoczy motor|spe|1\n|move|p1a: PapillonOhger|Flamethrower|p2a: smoczy motor\n|-supereffective|p2a: smoczy motor\n|-damage|p2a: smoczy motor|0 fnt\n|faint|p2a: smoczy motor\n|\n|upkeep\n|\n|t:|1699991691\n|switch|p2a: bulwa|Venusaur, M|100\/100\n|turn|12\n|\n|t:|1699991698\n|move|p1a: PapillonOhger|Flamethrower|p2a: bulwa\n|-supereffective|p2a: bulwa\n|-damage|p2a: bulwa|0 fnt\n|faint|p2a: bulwa\n|\n|upkeep\n|\n|t:|1699991703\n|switch|p2a: jaszczur|Charizard, M|100\/100\n|turn|13\n|\n|t:|1699991707\n|detailschange|p2a: jaszczur|Charizard-Mega-Y, M\n|-mega|p2a: jaszczur|Charizard|Charizardite Y\n|-weather|SunnyDay|[from] ability: Drought|[of] p2a: jaszczur\n|move|p2a: jaszczur|Air Slash|p1a: PapillonOhger|[miss]\n|-miss|p2a: jaszczur|p1a: PapillonOhger\n|move|p1a: PapillonOhger|Bug Buzz|p2a: jaszczur\n|-resisted|p2a: jaszczur\n|-damage|p2a: jaszczur|86\/100\n|\n|-weather|SunnyDay|[upkeep]\n|upkeep\n|turn|14\n|\n|t:|1699991715\n|move|p2a: jaszczur|Air Slash|p1a: PapillonOhger\n|-supereffective|p1a: PapillonOhger\n|-damage|p1a: PapillonOhger|0 fnt\n|faint|p1a: PapillonOhger\n|\n|-weather|SunnyDay|[upkeep]\n|upkeep\n|\n|t:|1699991720\n|switch|p1a: Onisister|Ogerpon-Cornerstone, F|100\/100\n|turn|15\n|\n|t:|1699991727\n|move|p1a: Onisister|Ivy Cudgel|p2a: jaszczur|[anim] Ivy Cudgel Rock\n|-supereffective|p2a: jaszczur\n|-damage|p2a: jaszczur|0 fnt\n|faint|p2a: jaszczur\n|\n|win|KyosukeKamijou\n|raw|KyosukeKamijou's rating: 1102 &rarr; <strong>1131<\/strong><br \/>(+29 for winning)\n|raw|vikusxxx's rating: 1158 &rarr; <strong>1129<\/strong><br \/>(-29 for losing)\n","uploadtime":1699991733,"views":4,"p1id":"kyosukekamijou","p2id":"vikusxxx","formatid":"gen9nationaldex","rating":1129,"private":0,"password":""}