{"id":"gen9nationaldex-1996471043","p1":"Kingcheetah009","p2":"MarcusTalks","format":"[Gen 9] National Dex","log":"|html|<div class=\"broadcast-blue\"><strong>[Gen 9] National Dex is currently suspecting Sneasler! For information on how to participate check out the <a href=\"https:\/\/www.smogon.com\/forums\/threads\/sv-national-dex-suspect-8-just-dance.3731534\/\">suspect thread<\/a>.<\/strong><\/div>\n|j|\u2606Kingcheetah009\n|j|\u2606MarcusTalks\n|t:|1700685208\n|gametype|singles\n|player|p1|Kingcheetah009|170|\n|player|p2|MarcusTalks|steven|\n|teamsize|p1|6\n|teamsize|p2|6\n|gen|9\n|tier|[Gen 9] National Dex\n|rule|HP Percentage Mod: HP is shown in percentages\n|rule|Endless Battle Clause: Forcing endless battles is banned\n|rule|OHKO Clause: OHKO moves are banned\n|rule|Evasion Clause: Evasion abilities, items, and moves are banned\n|rule|Evasion Abilities Clause: Evasion abilities are banned\n|rule|Evasion Items Clause: Evasion items are banned\n|rule|Evasion Moves Clause: Evasion moves are banned\n|rule|Species Clause: Limit one of each Pok\u00e9mon\n|rule|Sleep Clause Mod: Limit one foe put to sleep\n|clearpoke\n|poke|p1|Jolteon, M|\n|poke|p1|Umbreon, M|\n|poke|p1|Espeon, F|\n|poke|p1|Vaporeon, F|\n|poke|p1|Leafeon, F|\n|poke|p1|Sylveon, F|\n|poke|p2|Aegislash, M|\n|poke|p2|Ceruledge, M|\n|poke|p2|Sinistcha-Masterpiece|\n|poke|p2|Cofagrigus, M|\n|poke|p2|Rotom|\n|poke|p2|Lopunny, F|\n|teampreview\n|c|\u2606Kingcheetah009|Gl\n|\n|t:|1700685219\n|start\n|switch|p1a: Lectra|Jolteon, M, shiny|100\/100\n|switch|p2a: Cofagrigus|Cofagrigus, M|100\/100\n|turn|1\n|\n|t:|1700685229\n|move|p1a: Lectra|Shadow Ball|p2a: Cofagrigus\n|-supereffective|p2a: Cofagrigus\n|-damage|p2a: Cofagrigus|50\/100\n|move|p2a: Cofagrigus|Toxic Spikes|p1a: Lectra\n|-sidestart|p1: Kingcheetah009|move: Toxic Spikes\n|\n|-heal|p2a: Cofagrigus|56\/100|[from] item: Leftovers\n|upkeep\n|turn|2\n|\n|t:|1700685240\n|move|p1a: Lectra|Shadow Ball|p2a: Cofagrigus\n|-supereffective|p2a: Cofagrigus\n|-damage|p2a: Cofagrigus|8\/100\n|move|p2a: Cofagrigus|Pain Split|p1a: Lectra\n|-sethp|p1a: Lectra|55\/100|[from] move: Pain Split|[silent]\n|-sethp|p2a: Cofagrigus|47\/100|[from] move: Pain Split\n|\n|-heal|p2a: Cofagrigus|53\/100|[from] item: Leftovers\n|upkeep\n|turn|3\n|\n|t:|1700685253\n|switch|p2a: Lopunny|Lopunny, F, shiny|100\/100\n|move|p1a: Lectra|Shadow Ball|p2a: Lopunny\n|-immune|p2a: Lopunny\n|\n|upkeep\n|turn|4\n|\n|t:|1700685263\n|detailschange|p2a: Lopunny|Lopunny-Mega, F, shiny\n|-mega|p2a: Lopunny|Lopunny|Lopunnite\n|move|p2a: Lopunny|Fake Out|p1a: Lectra\n|-damage|p1a: Lectra|17\/100\n|cant|p1a: Lectra|flinch\n|\n|upkeep\n|turn|5\n|\n|t:|1700685271\n|switch|p2a: Cofagrigus|Cofagrigus, M|53\/100\n|-zpower|p1a: Lectra\n|move|p1a: Lectra|Gigavolt Havoc|p2a: Cofagrigus|[zeffect]\n|-crit|p2a: Cofagrigus\n|-damage|p2a: Cofagrigus|0 fnt\n|faint|p2a: Cofagrigus\n|\n|upkeep\n|\n|t:|1700685282\n|switch|p2a: Lopunny|Lopunny-Mega, F, shiny|100\/100\n|turn|6\n|\n|t:|1700685306\n|move|p2a: Lopunny|Fake Out|p1a: Lectra\n|-damage|p1a: Lectra|0 fnt\n|faint|p1a: Lectra\n|\n|upkeep\n|\n|t:|1700685318\n|switch|p1a: Coeus|Espeon, F, shiny|100\/100\n|-status|p1a: Coeus|psn\n|turn|7\n|\n|t:|1700685327\n|switch|p2a: Aegislash|Aegislash, M, shiny|100\/100\n|move|p1a: Coeus|Shadow Ball|p2a: Aegislash\n|-supereffective|p2a: Aegislash\n|-damage|p2a: Aegislash|70\/100\n|\n|-heal|p2a: Aegislash|76\/100|[from] item: Leftovers\n|-damage|p1a: Coeus|88\/100 psn|[from] psn\n|upkeep\n|turn|8\n|\n|t:|1700685339\n|switch|p2a: Lopunny|Lopunny-Mega, F, shiny|100\/100\n|move|p1a: Coeus|Reflect|p1a: Coeus\n|-sidestart|p1: Kingcheetah009|Reflect\n|\n|-damage|p1a: Coeus|76\/100 psn|[from] psn\n|upkeep\n|turn|9\n|\n|t:|1700685355\n|switch|p1a: Calyspo|Vaporeon, F, shiny|100\/100\n|-status|p1a: Calyspo|psn\n|move|p2a: Lopunny|Fake Out|p1a: Calyspo\n|-damage|p1a: Calyspo|88\/100 psn\n|\n|-heal|p1a: Calyspo|94\/100 psn|[from] item: Leftovers\n|-damage|p1a: Calyspo|82\/100 psn|[from] psn\n|upkeep\n|turn|10\n|\n|t:|1700685367\n|switch|p2a: Sinistcha|Sinistcha-Masterpiece, shiny|100\/100\n|move|p1a: Calyspo|Acid Armor|p1a: Calyspo\n|-boost|p1a: Calyspo|def|2\n|\n|-heal|p1a: Calyspo|88\/100 psn|[from] item: Leftovers\n|-damage|p1a: Calyspo|76\/100 psn|[from] psn\n|upkeep\n|turn|11\n|\n|t:|1700685380\n|move|p2a: Sinistcha|Hex|p1a: Calyspo\n|-damage|p1a: Calyspo|39\/100 psn\n|move|p1a: Calyspo|Ice Beam|p2a: Sinistcha\n|-supereffective|p2a: Sinistcha\n|-damage|p2a: Sinistcha|43\/100\n|\n|-heal|p2a: Sinistcha|49\/100|[from] item: Leftovers\n|-heal|p1a: Calyspo|46\/100 psn|[from] item: Leftovers\n|-damage|p1a: Calyspo|33\/100 psn|[from] psn\n|upkeep\n|turn|12\n|\n|t:|1700685395\n|switch|p2a: Aegislash|Aegislash, M, shiny|76\/100\n|move|p1a: Calyspo|Ice Beam|p2a: Aegislash\n|-resisted|p2a: Aegislash\n|-damage|p2a: Aegislash|70\/100\n|-status|p2a: Aegislash|frz\n|\n|-heal|p1a: Calyspo|39\/100 psn|[from] item: Leftovers\n|-heal|p2a: Aegislash|76\/100 frz|[from] item: Leftovers\n|-damage|p1a: Calyspo|27\/100 psn|[from] psn\n|-sideend|p1: Kingcheetah009|Reflect\n|upkeep\n|turn|13\n|\n|t:|1700685409\n|move|p1a: Calyspo|Wish|p1a: Calyspo\n|cant|p2a: Aegislash|frz\n|\n|-heal|p1a: Calyspo|33\/100 psn|[from] item: Leftovers\n|-heal|p2a: Aegislash|82\/100 frz|[from] item: Leftovers\n|-damage|p1a: Calyspo|21\/100 psn|[from] psn\n|upkeep\n|turn|14\n|\n|t:|1700685421\n|move|p1a: Calyspo|Scald|p2a: Aegislash\n|-damage|p2a: Aegislash|65\/100 frz\n|-curestatus|p2a: Aegislash|frz|[msg]\n|-formechange|p2a: Aegislash|Aegislash-Blade||[from] ability: Stance Change\n|move|p2a: Aegislash|Shadow Ball|p1a: Calyspo\n|-damage|p1a: Calyspo|0 fnt\n|faint|p1a: Calyspo\n|\n|-heal|p2a: Aegislash|71\/100|[from] item: Leftovers\n|upkeep\n|c|\u2606Kingcheetah009|Why did I do that lmao\n|\n|t:|1700685452\n|switch|p1a: Erebus|Umbreon, M, shiny|100\/100\n|-status|p1a: Erebus|psn\n|turn|15\n|\n|t:|1700685464\n|-formechange|p2a: Aegislash|Aegislash||[from] ability: Stance Change\n|move|p2a: Aegislash|King's Shield|p2a: Aegislash\n|-singleturn|p2a: Aegislash|Protect\n|move|p1a: Erebus|Foul Play|p2a: Aegislash\n|-activate|p2a: Aegislash|move: Protect\n|-unboost|p1a: Erebus|atk|1\n|\n|-heal|p2a: Aegislash|78\/100|[from] item: Leftovers\n|-damage|p1a: Erebus|88\/100 psn|[from] psn\n|upkeep\n|turn|16\n|\n|t:|1700685478\n|move|p1a: Erebus|Foul Play|p2a: Aegislash\n|-supereffective|p2a: Aegislash\n|-damage|p2a: Aegislash|48\/100\n|-formechange|p2a: Aegislash|Aegislash-Blade||[from] ability: Stance Change\n|move|p2a: Aegislash|Sacred Sword|p1a: Erebus\n|-supereffective|p1a: Erebus\n|-damage|p1a: Erebus|40\/100 psn\n|\n|-heal|p1a: Erebus|46\/100 psn|[from] item: Leftovers\n|-heal|p2a: Aegislash|54\/100|[from] item: Leftovers\n|-damage|p1a: Erebus|34\/100 psn|[from] psn\n|upkeep\n|turn|17\n|\n|t:|1700685492\n|-formechange|p2a: Aegislash|Aegislash||[from] ability: Stance Change\n|move|p2a: Aegislash|King's Shield|p2a: Aegislash\n|-singleturn|p2a: Aegislash|Protect\n|move|p1a: Erebus|Foul Play|p2a: Aegislash\n|-activate|p2a: Aegislash|move: Protect\n|-unboost|p1a: Erebus|atk|1\n|\n|-heal|p1a: Erebus|40\/100 psn|[from] item: Leftovers\n|-heal|p2a: Aegislash|60\/100|[from] item: Leftovers\n|-damage|p1a: Erebus|28\/100 psn|[from] psn\n|upkeep\n|turn|18\n|\n|t:|1700685511\n|move|p1a: Erebus|Foul Play|p2a: Aegislash\n|-supereffective|p2a: Aegislash\n|-damage|p2a: Aegislash|28\/100\n|-formechange|p2a: Aegislash|Aegislash-Blade||[from] ability: Stance Change\n|move|p2a: Aegislash|Shadow Ball|p1a: Erebus\n|-resisted|p1a: Erebus\n|-damage|p1a: Erebus|19\/100 psn\n|\n|-heal|p1a: Erebus|25\/100 psn|[from] item: Leftovers\n|-heal|p2a: Aegislash|34\/100|[from] item: Leftovers\n|-damage|p1a: Erebus|13\/100 psn|[from] psn\n|upkeep\n|turn|19\n|\n|t:|1700685524\n|-formechange|p2a: Aegislash|Aegislash||[from] ability: Stance Change\n|move|p2a: Aegislash|King's Shield|p2a: Aegislash\n|-singleturn|p2a: Aegislash|Protect\n|move|p1a: Erebus|Moonlight|p1a: Erebus\n|-heal|p1a: Erebus|63\/100 psn\n|\n|-heal|p1a: Erebus|69\/100 psn|[from] item: Leftovers\n|-heal|p2a: Aegislash|41\/100|[from] item: Leftovers\n|-damage|p1a: Erebus|56\/100 psn|[from] psn\n|upkeep\n|turn|20\n|\n|t:|1700685538\n|switch|p2a: Lopunny|Lopunny-Mega, F, shiny|100\/100\n|move|p1a: Erebus|Moonlight|p1a: Erebus\n|-heal|p1a: Erebus|100\/100 psn\n|\n|-damage|p1a: Erebus|88\/100 psn|[from] psn\n|upkeep\n|turn|21\n|\n|t:|1700685547\n|move|p2a: Lopunny|Fake Out|p1a: Erebus\n|-damage|p1a: Erebus|70\/100 psn\n|cant|p1a: Erebus|flinch\n|\n|-heal|p1a: Erebus|76\/100 psn|[from] item: Leftovers\n|-damage|p1a: Erebus|64\/100 psn|[from] psn\n|upkeep\n|turn|22\n|\n|t:|1700685556\n|move|p2a: Lopunny|High Jump Kick|p1a: Erebus\n|-supereffective|p1a: Erebus\n|-damage|p1a: Erebus|0 fnt\n|faint|p1a: Erebus\n|\n|upkeep\n|\n|t:|1700685569\n|switch|p1a: Coeus|Espeon, F, shiny|76\/100 psn\n|turn|23\n|\n|t:|1700685578\n|move|p2a: Lopunny|Return|p1a: Coeus\n|-damage|p1a: Coeus|0 fnt\n|faint|p1a: Coeus\n|\n|upkeep\n|\n|t:|1700685588\n|switch|p1a: Gaia|Leafeon, F, shiny|100\/100\n|-status|p1a: Gaia|psn\n|turn|24\n|\n|t:|1700685612\n|move|p2a: Lopunny|Ice Punch|p1a: Gaia\n|-supereffective|p1a: Gaia\n|-damage|p1a: Gaia|47\/100 psn\n|move|p1a: Gaia|Knock Off|p2a: Lopunny\n|-resisted|p2a: Lopunny\n|-damage|p2a: Lopunny|81\/100\n|\n|-damage|p1a: Gaia|35\/100 psn|[from] psn\n|upkeep\n|turn|25\n|\n|t:|1700685622\n|move|p2a: Lopunny|Return|p1a: Gaia\n|-damage|p1a: Gaia|0 fnt\n|faint|p1a: Gaia\n|\n|upkeep\n|\n|t:|1700685628\n|switch|p1a: Sylveon|Sylveon, F, shiny|100\/100\n|-status|p1a: Sylveon|psn\n|turn|26\n|\n|t:|1700685634\n|move|p2a: Lopunny|Return|p1a: Sylveon\n|-damage|p1a: Sylveon|34\/100 psn\n|move|p1a: Sylveon|Hyper Beam|p2a: Lopunny\n|-supereffective|p2a: Lopunny\n|-damage|p2a: Lopunny|0 fnt\n|-mustrecharge|p1a: Sylveon\n|faint|p2a: Lopunny\n|\n|-damage|p1a: Sylveon|22\/100 psn|[from] psn\n|upkeep\n|c|\u2606MarcusTalks|Gg\n|\n|t:|1700685649\n|switch|p2a: Aegislash|Aegislash, M, shiny|41\/100\n|turn|27\n|c|\u2606Kingcheetah009|Gg\n|\n|t:|1700685655\n|cant|p1a: Sylveon|recharge\n|-formechange|p2a: Aegislash|Aegislash-Blade||[from] ability: Stance Change\n|move|p2a: Aegislash|Flash Cannon|p1a: Sylveon\n|-supereffective|p1a: Sylveon\n|-damage|p1a: Sylveon|0 fnt\n|faint|p1a: Sylveon\n|\n|win|MarcusTalks\n|l|\u2606Kingcheetah009\n","uploadtime":1700685667,"views":3,"p1id":"kingcheetah009","p2id":"marcustalks","formatid":"gen9nationaldex","rating":0,"private":0,"password":""}