{"id":"gen9nationaldex-1991871612","p1":"mtyqjltz5","p2":"BiuJJ","format":"[Gen 9] National Dex","log":"|j|\u2606mtyqjltz5\n|j|\u2606BiuJJ\n|t:|1700131541\n|gametype|singles\n|player|p1|mtyqjltz5|elesa|1420\n|player|p2|BiuJJ|170|1569\n|teamsize|p1|6\n|teamsize|p2|6\n|gen|9\n|tier|[Gen 9] National Dex\n|rated|\n|rule|HP Percentage Mod: HP is shown in percentages\n|rule|Endless Battle Clause: Forcing endless battles is banned\n|rule|OHKO Clause: OHKO moves are banned\n|rule|Evasion Clause: Evasion abilities, items, and moves are banned\n|rule|Evasion Abilities Clause: Evasion abilities are banned\n|rule|Evasion Items Clause: Evasion items are banned\n|rule|Evasion Moves Clause: Evasion moves are banned\n|rule|Species Clause: Limit one of each Pok\u00e9mon\n|rule|Sleep Clause Mod: Limit one foe put to sleep\n|clearpoke\n|poke|p1|Pidgeot, M|\n|poke|p1|Sandy Shocks|\n|poke|p1|Rillaboom, M|\n|poke|p1|Weezing-Galar, M|\n|poke|p1|Heatran, M|\n|poke|p1|Greninja-*, M|\n|poke|p2|Enamorus, F|\n|poke|p2|Serperior, F|\n|poke|p2|Shuckle, M|\n|poke|p2|Great Tusk|\n|poke|p2|Kyurem|\n|poke|p2|Banette, F|\n|teampreview\n|inactive|Battle timer is ON: inactive players will automatically lose when time's up. (requested by BiuJJ)\n|\n|t:|1700131568\n|start\n|switch|p1a: Greninja|Greninja, M|100\/100\n|switch|p2a: Shuckle|Shuckle, M|100\/100\n|turn|1\n|\n|t:|1700131577\n|move|p1a: Greninja|Hydro Pump|p2a: Shuckle\n|-supereffective|p2a: Shuckle\n|-damage|p2a: Shuckle|41\/100\n|move|p2a: Shuckle|Sticky Web|p1a: Greninja\n|-sidestart|p1: mtyqjltz5|move: Sticky Web\n|\n|upkeep\n|turn|2\n|\n|t:|1700131587\n|switch|p2a: Serperior|Serperior, F|100\/100\n|move|p1a: Greninja|Hydro Pump|p2a: Serperior\n|-resisted|p2a: Serperior\n|-damage|p2a: Serperior|72\/100\n|\n|-heal|p2a: Serperior|78\/100|[from] item: Leftovers\n|upkeep\n|turn|3\n|\n|t:|1700131590\n|move|p1a: Greninja|Ice Beam|p2a: Serperior\n|-supereffective|p2a: Serperior\n|-damage|p2a: Serperior|8\/100\n|move|p2a: Serperior|Glare|p1a: Greninja\n|-status|p1a: Greninja|par\n|\n|-heal|p2a: Serperior|15\/100|[from] item: Leftovers\n|upkeep\n|turn|4\n|\n|t:|1700131604\n|switch|p1a: Heatran|Heatran, M|100\/100\n|-activate|p1a: Heatran|move: Sticky Web\n|-unboost|p1a: Heatran|spe|1\n|move|p2a: Serperior|Leaf Storm|p1a: Heatran\n|-resisted|p1a: Heatran\n|-damage|p1a: Heatran|94\/100\n|-boost|p2a: Serperior|spa|2\n|\n|-heal|p2a: Serperior|21\/100|[from] item: Leftovers\n|-heal|p1a: Heatran|99\/100|[from] item: Leftovers\n|upkeep\n|turn|5\n|\n|t:|1700131613\n|move|p2a: Serperior|Glare|p1a: Heatran\n|-status|p1a: Heatran|par\n|cant|p1a: Heatran|par\n|\n|-heal|p2a: Serperior|27\/100|[from] item: Leftovers\n|-heal|p1a: Heatran|100\/100 par|[from] item: Leftovers\n|upkeep\n|turn|6\n|\n|t:|1700131619\n|move|p2a: Serperior|Substitute|p2a: Serperior\n|-start|p2a: Serperior|Substitute\n|-damage|p2a: Serperior|2\/100\n|cant|p1a: Heatran|par\n|\n|-heal|p2a: Serperior|8\/100|[from] item: Leftovers\n|upkeep\n|turn|7\n|\n|t:|1700131621\n|move|p2a: Serperior|Leaf Storm|p1a: Heatran\n|-resisted|p1a: Heatran\n|-damage|p1a: Heatran|85\/100 par\n|-boost|p2a: Serperior|spa|2\n|cant|p1a: Heatran|par\n|\n|-heal|p2a: Serperior|15\/100|[from] item: Leftovers\n|-heal|p1a: Heatran|91\/100 par|[from] item: Leftovers\n|upkeep\n|turn|8\n|\n|t:|1700131625\n|move|p2a: Serperior|Leaf Storm|p1a: Heatran\n|-resisted|p1a: Heatran\n|-damage|p1a: Heatran|71\/100 par\n|-boost|p2a: Serperior|spa|2\n|move|p1a: Heatran|Magma Storm|p2a: Serperior|[miss]\n|-miss|p1a: Heatran|p2a: Serperior\n|\n|-heal|p2a: Serperior|21\/100|[from] item: Leftovers\n|-heal|p1a: Heatran|77\/100 par|[from] item: Leftovers\n|upkeep\n|turn|9\n|\n|t:|1700131629\n|move|p2a: Serperior|Leaf Storm|p1a: Heatran\n|-resisted|p1a: Heatran\n|-damage|p1a: Heatran|48\/100 par\n|cant|p1a: Heatran|par\n|\n|-heal|p2a: Serperior|27\/100|[from] item: Leftovers\n|-heal|p1a: Heatran|55\/100 par|[from] item: Leftovers\n|upkeep\n|turn|10\n|\n|t:|1700131637\n|move|p2a: Serperior|Leaf Storm|p1a: Heatran\n|-resisted|p1a: Heatran\n|-damage|p1a: Heatran|27\/100 par\n|cant|p1a: Heatran|par\n|\n|-heal|p2a: Serperior|33\/100|[from] item: Leftovers\n|-heal|p1a: Heatran|33\/100 par|[from] item: Leftovers\n|upkeep\n|turn|11\n|\n|t:|1700131643\n|move|p2a: Serperior|Leaf Storm|p1a: Heatran\n|-resisted|p1a: Heatran\n|-damage|p1a: Heatran|4\/100 par\n|move|p1a: Heatran|Magma Storm|p2a: Serperior\n|-supereffective|p2a: Serperior\n|-end|p2a: Serperior|Substitute\n|\n|-heal|p2a: Serperior|39\/100|[from] item: Leftovers\n|-heal|p1a: Heatran|10\/100 par|[from] item: Leftovers\n|upkeep\n|turn|12\n|\n|t:|1700131651\n|move|p2a: Serperior|Leaf Storm|p1a: Heatran|[miss]\n|-miss|p2a: Serperior|p1a: Heatran\n|move|p1a: Heatran|Magma Storm|p2a: Serperior|[miss]\n|-miss|p1a: Heatran|p2a: Serperior\n|\n|-heal|p2a: Serperior|46\/100|[from] item: Leftovers\n|-heal|p1a: Heatran|16\/100 par|[from] item: Leftovers\n|upkeep\n|turn|13\n|\n|t:|1700131655\n|move|p2a: Serperior|Leaf Storm|p1a: Heatran\n|-resisted|p1a: Heatran\n|-damage|p1a: Heatran|0 fnt\n|faint|p1a: Heatran\n|\n|-heal|p2a: Serperior|52\/100|[from] item: Leftovers\n|upkeep\n|\n|t:|1700131659\n|switch|p1a: Pidgeot|Pidgeot, M, shiny|100\/100\n|turn|14\n|\n|t:|1700131664\n|detailschange|p1a: Pidgeot|Pidgeot-Mega, M, shiny\n|-mega|p1a: Pidgeot|Pidgeot|Pidgeotite\n|move|p1a: Pidgeot|Hurricane|p2a: Serperior\n|-supereffective|p2a: Serperior\n|-damage|p2a: Serperior|0 fnt\n|faint|p2a: Serperior\n|\n|upkeep\n|\n|t:|1700131673\n|switch|p2a: Kyurem|Kyurem|100\/100\n|-ability|p2a: Kyurem|Pressure\n|turn|15\n|\n|t:|1700131680\n|move|p1a: Pidgeot|U-turn|p2a: Kyurem\n|-damage|p2a: Kyurem|87\/100\n|\n|t:|1700131682\n|switch|p1a: Weezing|Weezing-Galar, M|100\/100|[from] U-turn\n|move|p2a: Kyurem|Dragon Dance|p2a: Kyurem\n|-boost|p2a: Kyurem|atk|1\n|-boost|p2a: Kyurem|spe|1\n|\n|upkeep\n|turn|16\n|\n|t:|1700131689\n|switch|p2a: Shuckle|Shuckle, M|41\/100\n|move|p1a: Weezing|Will-O-Wisp|p2a: Shuckle\n|-status|p2a: Shuckle|brn\n|\n|-damage|p2a: Shuckle|35\/100 brn|[from] brn\n|upkeep\n|turn|17\n|\n|t:|1700131697\n|move|p1a: Weezing|Defog|p2a: Shuckle\n|-unboost|p2a: Shuckle|evasion|1\n|-sideend|p1: mtyqjltz5|Sticky Web|[from] move: Defog|[of] p1a: Weezing\n|move|p2a: Shuckle|Stealth Rock|p1a: Weezing\n|-sidestart|p1: mtyqjltz5|move: Stealth Rock\n|\n|-damage|p2a: Shuckle|28\/100 brn|[from] brn\n|upkeep\n|turn|18\n|\n|t:|1700131706\n|move|p1a: Weezing|Defog|p2a: Shuckle\n|-unboost|p2a: Shuckle|evasion|1\n|-sideend|p1: mtyqjltz5|Stealth Rock|[from] move: Defog|[of] p1a: Weezing\n|move|p2a: Shuckle|Sticky Web|p1a: Weezing\n|-sidestart|p1: mtyqjltz5|move: Sticky Web\n|\n|-damage|p2a: Shuckle|22\/100 brn|[from] brn\n|upkeep\n|turn|19\n|\n|t:|1700131711\n|switch|p2a: Banette|Banette, F|100\/100\n|-item|p1a: Weezing|Leftovers|[from] ability: Frisk|[of] p2a: Banette|[identify]\n|move|p1a: Weezing|Defog|p2a: Banette\n|-unboost|p2a: Banette|evasion|1\n|-sideend|p1: mtyqjltz5|Sticky Web|[from] move: Defog|[of] p1a: Weezing\n|\n|upkeep\n|turn|20\n|\n|t:|1700131719\n|switch|p1a: Pidgeot|Pidgeot-Mega, M, shiny|100\/100\n|detailschange|p2a: Banette|Banette-Mega, F\n|-mega|p2a: Banette|Banette|Banettite\n|move|p2a: Banette|Encore||[still]\n|-fail|p2a: Banette\n|\n|upkeep\n|turn|21\n|\n|t:|1700131728\n|switch|p2a: Shuckle|Shuckle, M|22\/100 brn\n|move|p1a: Pidgeot|Hurricane|p2a: Shuckle\n|-damage|p2a: Shuckle|0 fnt\n|faint|p2a: Shuckle\n|\n|upkeep\n|\n|t:|1700131738\n|switch|p2a: Enamorus|Enamorus, F|100\/100\n|turn|22\n|\n|t:|1700131745\n|move|p1a: Pidgeot|Hurricane|p2a: Enamorus\n|-damage|p2a: Enamorus|20\/100\n|move|p2a: Enamorus|Superpower|p1a: Pidgeot\n|-damage|p1a: Pidgeot|60\/100\n|-boost|p2a: Enamorus|atk|1\n|-boost|p2a: Enamorus|def|1\n|\n|-heal|p2a: Enamorus|26\/100|[from] item: Leftovers\n|upkeep\n|turn|23\n|\n|t:|1700131756\n|move|p1a: Pidgeot|Hurricane|p2a: Enamorus\n|-damage|p2a: Enamorus|0 fnt\n|faint|p2a: Enamorus\n|\n|upkeep\n|\n|t:|1700131758\n|switch|p2a: Kyurem|Kyurem|87\/100\n|-ability|p2a: Kyurem|Pressure\n|turn|24\n|\n|t:|1700131764\n|move|p1a: Pidgeot|U-turn|p2a: Kyurem\n|-damage|p2a: Kyurem|75\/100\n|\n|t:|1700131768\n|switch|p1a: Weezing|Weezing-Galar, M|100\/100|[from] U-turn\n|move|p2a: Kyurem|Dragon Dance|p2a: Kyurem\n|-boost|p2a: Kyurem|atk|1\n|-boost|p2a: Kyurem|spe|1\n|\n|upkeep\n|turn|25\n|\n|t:|1700131777\n|-terastallize|p2a: Kyurem|Fire\n|move|p2a: Kyurem|Dragon Dance|p2a: Kyurem\n|-boost|p2a: Kyurem|atk|1\n|-boost|p2a: Kyurem|spe|1\n|move|p1a: Weezing|Will-O-Wisp|p2a: Kyurem\n|-immune|p2a: Kyurem\n|\n|upkeep\n|turn|26\n|inactive|mtyqjltz5 has 120 seconds left.\n|\n|t:|1700131811\n|move|p2a: Kyurem|Icicle Spear|p1a: Weezing\n|-damage|p1a: Weezing|82\/100\n|-damage|p1a: Weezing|66\/100\n|-damage|p1a: Weezing|48\/100\n|-damage|p1a: Weezing|30\/100\n|-damage|p1a: Weezing|13\/100\n|-hitcount|p1a: Weezing|5\n|move|p1a: Weezing|Strange Steam|p2a: Kyurem\n|-resisted|p2a: Kyurem\n|-damage|p2a: Kyurem|62\/100\n|\n|-heal|p1a: Weezing|19\/100|[from] item: Leftovers\n|upkeep\n|turn|27\n|\n|t:|1700131822\n|move|p2a: Kyurem|Icicle Spear|p1a: Weezing\n|-damage|p1a: Weezing|1\/100\n|-crit|p1a: Weezing\n|-damage|p1a: Weezing|0 fnt\n|faint|p1a: Weezing\n|-hitcount|p1: Weezing|2\n|\n|upkeep\n|inactive|mtyqjltz5 has 120 seconds left.\n|\n|t:|1700131859\n|switch|p1a: Greninja|Greninja, M|100\/100 par\n|turn|28\n|\n|t:|1700131862\n|cant|p1a: Greninja|par\n|move|p2a: Kyurem|Icicle Spear|p1a: Greninja\n|-resisted|p1a: Greninja\n|-damage|p1a: Greninja|77\/100 par\n|-resisted|p1a: Greninja\n|-damage|p1a: Greninja|56\/100 par\n|-resisted|p1a: Greninja\n|-damage|p1a: Greninja|33\/100 par\n|-resisted|p1a: Greninja\n|-damage|p1a: Greninja|11\/100 par\n|-hitcount|p1a: Greninja|4\n|\n|upkeep\n|turn|29\n|\n|t:|1700131873\n|move|p1a: Greninja|Water Shuriken|p2a: Kyurem\n|-supereffective|p2a: Kyurem\n|-damage|p2a: Kyurem|48\/100\n|-supereffective|p2a: Kyurem\n|-damage|p2a: Kyurem|34\/100\n|-hitcount|p2a: Kyurem|2\n|move|p2a: Kyurem|Icicle Spear|p1a: Greninja\n|-resisted|p1a: Greninja\n|-damage|p1a: Greninja|0 fnt\n|faint|p1a: Greninja\n|-hitcount|p1: Greninja|1\n|\n|upkeep\n|\n|t:|1700131881\n|switch|p1a: Rillaboom|Rillaboom, M|100\/100\n|-fieldstart|move: Grassy Terrain|[from] ability: Grassy Surge|[of] p1a: Rillaboom\n|turn|30\n|\n|t:|1700131890\n|-terastallize|p1a: Rillaboom|Grass\n|move|p1a: Rillaboom|Grassy Glide|p2a: Kyurem\n|-resisted|p2a: Kyurem\n|-damage|p2a: Kyurem|0 fnt\n|faint|p2a: Kyurem\n|\n|upkeep\n|\n|t:|1700131896\n|switch|p2a: Banette|Banette-Mega, F|100\/100\n|turn|31\n|inactive|mtyqjltz5 has 120 seconds left.\n|\n|t:|1700131903\n|switch|p1a: Pidgeot|Pidgeot-Mega, M, shiny|60\/100\n|move|p2a: Banette|Poltergeist|p1a: Pidgeot\n|-immune|p1a: Pidgeot\n|\n|upkeep\n|turn|32\n|\n|t:|1700131910\n|move|p1a: Pidgeot|Hurricane|p2a: Banette\n|-damage|p2a: Banette|6\/100\n|move|p2a: Banette|Trailblaze|p1a: Pidgeot\n|-resisted|p1a: Pidgeot\n|-damage|p1a: Pidgeot|41\/100\n|-boost|p2a: Banette|spe|1\n|\n|-heal|p2a: Banette|12\/100|[from] Grassy Terrain\n|upkeep\n|turn|33\n|\n|t:|1700131920\n|move|p2a: Banette|Trailblaze|p1a: Pidgeot\n|-resisted|p1a: Pidgeot\n|-damage|p1a: Pidgeot|24\/100\n|-boost|p2a: Banette|spe|1\n|move|p1a: Pidgeot|Hurricane|p2a: Banette\n|-damage|p2a: Banette|0 fnt\n|faint|p2a: Banette\n|\n|upkeep\n|\n|t:|1700131923\n|switch|p2a: Great Tusk|Great Tusk|100\/100\n|-enditem|p2a: Great Tusk|Booster Energy\n|-activate|p2a: Great Tusk|ability: Protosynthesis|[fromitem]\n|-start|p2a: Great Tusk|protosynthesisspe\n|turn|34\n|\n|t:|1700131925\n|move|p2a: Great Tusk|Ice Spinner|p1a: Pidgeot\n|-supereffective|p1a: Pidgeot\n|-damage|p1a: Pidgeot|0 fnt\n|-fieldend|move: Grassy Terrain\n|faint|p1a: Pidgeot\n|\n|upkeep\n|\n|t:|1700131928\n|switch|p1a: Rillaboom|Rillaboom, M, tera:Grass|100\/100\n|-fieldstart|move: Grassy Terrain|[from] ability: Grassy Surge|[of] p1a: Rillaboom\n|turn|35\n|\n|t:|1700131938\n|move|p1a: Rillaboom|Grassy Glide|p2a: Great Tusk\n|-supereffective|p2a: Great Tusk\n|-damage|p2a: Great Tusk|6\/100\n|move|p2a: Great Tusk|Close Combat|p1a: Rillaboom\n|-damage|p1a: Rillaboom|39\/100\n|-unboost|p2a: Great Tusk|def|1\n|-unboost|p2a: Great Tusk|spd|1\n|\n|-heal|p2a: Great Tusk|12\/100|[from] Grassy Terrain\n|-heal|p1a: Rillaboom|45\/100|[from] Grassy Terrain\n|upkeep\n|turn|36\n|\n|t:|1700131942\n|move|p1a: Rillaboom|Grassy Glide|p2a: Great Tusk\n|-supereffective|p2a: Great Tusk\n|-damage|p2a: Great Tusk|0 fnt\n|faint|p2a: Great Tusk\n|-end|p2a: Great Tusk|Protosynthesis|[silent]\n|\n|win|mtyqjltz5\n|raw|mtyqjltz5's rating: 1420 &rarr; <strong>1448<\/strong><br \/>(+28 for winning)\n|raw|BiuJJ's rating: 1569 &rarr; <strong>1541<\/strong><br \/>(-28 for losing)\n|l|\u2606BiuJJ\n","uploadtime":1700131950,"views":5,"p1id":"mtyqjltz5","p2id":"biujj","formatid":"gen9nationaldex","rating":1448,"private":0,"password":""}