{"id":"gen9nationaldex-1987865581","p1":"busjla","p2":"chengza","format":"[Gen 9] National Dex","log":"|j|\u2606busjla\n|j|\u2606chengza\n|t:|1699644008\n|gametype|singles\n|player|p1|busjla|fisherman-gen4|1362\n|player|p2|chengza|cynthia-gen4|1377\n|teamsize|p1|6\n|teamsize|p2|6\n|gen|9\n|tier|[Gen 9] National Dex\n|rated|\n|rule|HP Percentage Mod: HP is shown in percentages\n|rule|Endless Battle Clause: Forcing endless battles is banned\n|rule|OHKO Clause: OHKO moves are banned\n|rule|Evasion Clause: Evasion abilities, items, and moves are banned\n|rule|Evasion Abilities Clause: Evasion abilities are banned\n|rule|Evasion Items Clause: Evasion items are banned\n|rule|Evasion Moves Clause: Evasion moves are banned\n|rule|Species Clause: Limit one of each Pok\u00e9mon\n|rule|Sleep Clause Mod: Limit one foe put to sleep\n|clearpoke\n|poke|p1|Tapu Koko|\n|poke|p1|Iron Hands|\n|poke|p1|Rillaboom, M|\n|poke|p1|Zapdos|\n|poke|p1|Garchomp, M|\n|poke|p1|Scizor, M|\n|poke|p2|Dracozolt|\n|poke|p2|Tyranitar, F|\n|poke|p2|Excadrill, F|\n|poke|p2|Tapu Lele|\n|poke|p2|Toxapex, M|\n|poke|p2|Celesteela|\n|teampreview\n|\n|t:|1699644037\n|start\n|switch|p1a: Garchomp|Garchomp, M|100\/100\n|switch|p2a: Tyranitar|Tyranitar, F|100\/100\n|-weather|Sandstorm|[from] ability: Sand Stream|[of] p2a: Tyranitar\n|turn|1\n|\n|t:|1699644056\n|switch|p2a: Tapu Lele|Tapu Lele|100\/100\n|-fieldstart|move: Psychic Terrain|[from] ability: Psychic Surge|[of] p2a: Tapu Lele\n|move|p1a: Garchomp|Stealth Rock|p2a: Tapu Lele\n|-sidestart|p2: chengza|move: Stealth Rock\n|\n|-weather|Sandstorm|[upkeep]\n|-damage|p2a: Tapu Lele|94\/100|[from] Sandstorm\n|upkeep\n|turn|2\n|\n|t:|1699644066\n|switch|p1a: Scizor|Scizor, M, shiny|100\/100\n|move|p2a: Tapu Lele|Moonblast|p1a: Scizor\n|-resisted|p1a: Scizor\n|-damage|p1a: Scizor|81\/100\n|-unboost|p1a: Scizor|spa|1\n|\n|-weather|Sandstorm|[upkeep]\n|-damage|p2a: Tapu Lele|88\/100|[from] Sandstorm\n|upkeep\n|turn|3\n|\n|t:|1699644088\n|switch|p2a: Celesteela|Celesteela|100\/100\n|-damage|p2a: Celesteela|88\/100|[from] Stealth Rock\n|detailschange|p1a: Scizor|Scizor-Mega, M, shiny\n|-mega|p1a: Scizor|Scizor|Scizorite\n|move|p1a: Scizor|Knock Off|p2a: Celesteela\n|-damage|p2a: Celesteela|57\/100\n|-enditem|p2a: Celesteela|Power Herb|[from] move: Knock Off|[of] p1a: Scizor\n|\n|-weather|Sandstorm|[upkeep]\n|upkeep\n|turn|4\n|\n|t:|1699644100\n|switch|p1a: Zapdos|Zapdos|100\/100\n|move|p2a: Celesteela|Flamethrower|p1a: Zapdos\n|-damage|p1a: Zapdos|69\/100\n|\n|-weather|Sandstorm|[upkeep]\n|-damage|p1a: Zapdos|63\/100|[from] Sandstorm\n|upkeep\n|turn|5\n|\n|t:|1699644111\n|switch|p2a: Excadrill|Excadrill, F|100\/100\n|-damage|p2a: Excadrill|97\/100|[from] Stealth Rock\n|move|p1a: Zapdos|Roost|p1a: Zapdos\n|-heal|p1a: Zapdos|100\/100\n|-singleturn|p1a: Zapdos|move: Roost\n|\n|-weather|none\n|-fieldend|move: Psychic Terrain\n|upkeep\n|turn|6\n|\n|t:|1699644122\n|switch|p1a: Rillaboom|Rillaboom, M|100\/100\n|-fieldstart|move: Grassy Terrain|[from] ability: Grassy Surge|[of] p1a: Rillaboom\n|move|p2a: Excadrill|Swords Dance|p2a: Excadrill\n|-boost|p2a: Excadrill|atk|2\n|\n|-heal|p2a: Excadrill|100\/100|[from] Grassy Terrain\n|upkeep\n|turn|7\n|\n|t:|1699644142\n|switch|p2a: Celesteela|Celesteela|57\/100\n|-damage|p2a: Celesteela|44\/100|[from] Stealth Rock\n|move|p1a: Rillaboom|Superpower|p2a: Celesteela\n|-damage|p2a: Celesteela|0 fnt\n|-unboost|p1a: Rillaboom|atk|1\n|-unboost|p1a: Rillaboom|def|1\n|faint|p2a: Celesteela\n|\n|upkeep\n|\n|t:|1699644154\n|switch|p2a: Tapu Lele|Tapu Lele|88\/100\n|-damage|p2a: Tapu Lele|76\/100|[from] Stealth Rock\n|-fieldstart|move: Psychic Terrain|[from] ability: Psychic Surge|[of] p2a: Tapu Lele\n|turn|8\n|\n|t:|1699644163\n|switch|p1a: Scizor|Scizor-Mega, M, shiny|81\/100\n|move|p2a: Tapu Lele|Moonblast|p1a: Scizor\n|-resisted|p1a: Scizor\n|-damage|p1a: Scizor|64\/100\n|\n|upkeep\n|turn|9\n|\n|t:|1699644177\n|switch|p2a: Dracozolt|Dracozolt|100\/100\n|-damage|p2a: Dracozolt|88\/100|[from] Stealth Rock\n|move|p1a: Scizor|Roost|p1a: Scizor\n|-heal|p1a: Scizor|100\/100\n|-singleturn|p1a: Scizor|move: Roost\n|\n|upkeep\n|turn|10\n|\n|t:|1699644184\n|move|p2a: Dracozolt|Fire Blast|p1a: Scizor|[miss]\n|-miss|p2a: Dracozolt|p1a: Scizor\n|move|p1a: Scizor|Knock Off|p2a: Dracozolt\n|-damage|p2a: Dracozolt|49\/100\n|-enditem|p2a: Dracozolt|Life Orb|[from] move: Knock Off|[of] p1a: Scizor\n|\n|upkeep\n|turn|11\n|\n|t:|1699644206\n|switch|p1a: Tapu Koko|Tapu Koko|100\/100\n|-fieldstart|move: Electric Terrain|[from] ability: Electric Surge|[of] p1a: Tapu Koko\n|move|p2a: Dracozolt|Fire Blast|p1a: Tapu Koko\n|-damage|p1a: Tapu Koko|68\/100\n|\n|upkeep\n|turn|12\n|\n|t:|1699644214\n|move|p1a: Tapu Koko|U-turn|p2a: Dracozolt\n|-damage|p2a: Dracozolt|30\/100\n|\n|t:|1699644225\n|switch|p1a: Zapdos|Zapdos|100\/100|[from] U-turn\n|move|p2a: Dracozolt|Earthquake|p1a: Zapdos\n|-immune|p1a: Zapdos\n|\n|upkeep\n|turn|13\n|\n|t:|1699644239\n|switch|p2a: Tyranitar|Tyranitar, F|100\/100\n|-damage|p2a: Tyranitar|88\/100|[from] Stealth Rock\n|-weather|Sandstorm|[from] ability: Sand Stream|[of] p2a: Tyranitar\n|switch|p1a: Garchomp|Garchomp, M|100\/100\n|\n|-weather|Sandstorm|[upkeep]\n|upkeep\n|turn|14\n|\n|t:|1699644254\n|move|p1a: Garchomp|Earthquake|p2a: Tyranitar\n|-supereffective|p2a: Tyranitar\n|-damage|p2a: Tyranitar|8\/100\n|move|p2a: Tyranitar|Stealth Rock|p1a: Garchomp\n|-sidestart|p1: busjla|move: Stealth Rock\n|\n|-weather|Sandstorm|[upkeep]\n|upkeep\n|turn|15\n|\n|t:|1699644282\n|switch|p2a: Toxapex|Toxapex, M|100\/100\n|-damage|p2a: Toxapex|88\/100|[from] Stealth Rock\n|move|p1a: Garchomp|Earthquake|p2a: Toxapex\n|-supereffective|p2a: Toxapex\n|-damage|p2a: Toxapex|21\/100\n|\n|-weather|Sandstorm|[upkeep]\n|-damage|p2a: Toxapex|15\/100|[from] Sandstorm\n|-fieldend|move: Electric Terrain\n|upkeep\n|turn|16\n|\n|t:|1699644298\n|switch|p2a: Tyranitar|Tyranitar, F|8\/100\n|-damage|p2a: Tyranitar|0 fnt|[from] Stealth Rock\n|faint|p2a: Tyranitar\n|move|p1a: Garchomp|Earthquake|p2: Tyranitar|[notarget]\n|-fail|p1a: Garchomp\n|\n|-weather|Sandstorm|[upkeep]\n|upkeep\n|\n|t:|1699644310\n|switch|p2a: Dracozolt|Dracozolt|30\/100\n|-damage|p2a: Dracozolt|18\/100|[from] Stealth Rock\n|turn|17\n|\n|t:|1699644316\n|move|p2a: Dracozolt|Draco Meteor|p1a: Garchomp\n|-supereffective|p1a: Garchomp\n|-damage|p1a: Garchomp|23\/100\n|-unboost|p2a: Dracozolt|spa|2\n|move|p1a: Garchomp|Earthquake|p2a: Dracozolt\n|-supereffective|p2a: Dracozolt\n|-damage|p2a: Dracozolt|0 fnt\n|faint|p2a: Dracozolt\n|\n|-weather|none\n|upkeep\n|\n|t:|1699644327\n|switch|p2a: Excadrill|Excadrill, F|100\/100\n|-damage|p2a: Excadrill|97\/100|[from] Stealth Rock\n|turn|18\n|\n|t:|1699644332\n|move|p1a: Garchomp|Earthquake|p2a: Excadrill\n|-supereffective|p2a: Excadrill\n|-damage|p2a: Excadrill|0 fnt\n|faint|p2a: Excadrill\n|\n|upkeep\n|\n|t:|1699644338\n|switch|p2a: Tapu Lele|Tapu Lele|76\/100\n|-damage|p2a: Tapu Lele|63\/100|[from] Stealth Rock\n|-fieldstart|move: Psychic Terrain|[from] ability: Psychic Surge|[of] p2a: Tapu Lele\n|turn|19\n|\n|t:|1699644348\n|switch|p1a: Scizor|Scizor-Mega, M, shiny|100\/100\n|-damage|p1a: Scizor|88\/100|[from] Stealth Rock\n|move|p2a: Tapu Lele|Focus Blast|p1a: Scizor\n|-damage|p1a: Scizor|57\/100\n|\n|upkeep\n|turn|20\n|\n|t:|1699644356\n|move|p2a: Tapu Lele|Focus Blast|p1a: Scizor|[miss]\n|-miss|p2a: Tapu Lele|p1a: Scizor\n|move|p1a: Scizor|Knock Off|p2a: Tapu Lele\n|-damage|p2a: Tapu Lele|19\/100\n|-enditem|p2a: Tapu Lele|Choice Scarf|[from] move: Knock Off|[of] p1a: Scizor\n|\n|upkeep\n|turn|21\n|\n|t:|1699644374\n|move|p2a: Tapu Lele|Moonblast|p1a: Scizor\n|-resisted|p1a: Scizor\n|-crit|p1a: Scizor\n|-damage|p1a: Scizor|31\/100\n|-unboost|p1a: Scizor|spa|1\n|move|p1a: Scizor|U-turn|p2a: Tapu Lele\n|-damage|p2a: Tapu Lele|0 fnt\n|faint|p2a: Tapu Lele\n|\n|t:|1699644381\n|switch|p1a: Tapu Koko|Tapu Koko|68\/100|[from] U-turn\n|-damage|p1a: Tapu Koko|56\/100|[from] Stealth Rock\n|-fieldstart|move: Electric Terrain|[from] ability: Electric Surge|[of] p1a: Tapu Koko\n|\n|upkeep\n|\n|t:|1699644389\n|switch|p2a: Toxapex|Toxapex, M|48\/100\n|-damage|p2a: Toxapex|35\/100|[from] Stealth Rock\n|turn|22\n|\n|t:|1699644394\n|-terastallize|p1a: Tapu Koko|Electric\n|move|p1a: Tapu Koko|Thunderbolt|p2a: Toxapex\n|-supereffective|p2a: Toxapex\n|-damage|p2a: Toxapex|0 fnt\n|faint|p2a: Toxapex\n|\n|win|busjla\n|raw|busjla's rating: 1362 &rarr; <strong>1383<\/strong><br \/>(+21 for winning)\n|raw|chengza's rating: 1377 &rarr; <strong>1356<\/strong><br \/>(-21 for losing)\n|l|\u2606busjla\n|l|\u2606chengza\n","uploadtime":1699644410,"views":4,"p1id":"busjla","p2id":"chengza","formatid":"gen9nationaldex","rating":1356,"private":0,"password":""}