{"id":"gen9nationaldex-1988866273","p1":"Prtbl_Trash","p2":"Chili90909","format":"[Gen 9] National Dex","log":"|j|\u2606Prtbl_Trash\n|j|\u2606Chili90909\n|t:|1699776914\n|gametype|singles\n|player|p1|Prtbl_Trash|rosa|1489\n|player|p2|Chili90909|caitlin|1563\n|teamsize|p1|6\n|teamsize|p2|6\n|gen|9\n|tier|[Gen 9] National Dex\n|rated|\n|rule|HP Percentage Mod: HP is shown in percentages\n|rule|Endless Battle Clause: Forcing endless battles is banned\n|rule|OHKO Clause: OHKO moves are banned\n|rule|Evasion Clause: Evasion abilities, items, and moves are banned\n|rule|Evasion Abilities Clause: Evasion abilities are banned\n|rule|Evasion Items Clause: Evasion items are banned\n|rule|Evasion Moves Clause: Evasion moves are banned\n|rule|Species Clause: Limit one of each Pok\u00e9mon\n|rule|Sleep Clause Mod: Limit one foe put to sleep\n|clearpoke\n|poke|p1|Walrein, M|\n|poke|p1|Slowking-Galar, M|\n|poke|p1|Gliscor, M|\n|poke|p1|Skeledirge, M|\n|poke|p1|Meowscarada, F|\n|poke|p1|Magnezone|\n|poke|p2|Tapu Lele|\n|poke|p2|Sneasler, F|\n|poke|p2|Landorus-Therian, M|\n|poke|p2|Zapdos|\n|poke|p2|Slurpuff, F|\n|poke|p2|Charizard, M|\n|teampreview\n|inactive|Battle timer is ON: inactive players will automatically lose when time's up. (requested by Prtbl_Trash)\n|\n|t:|1699776934\n|start\n|switch|p1a: Magnezone|Magnezone|100\/100\n|switch|p2a: Landorus|Landorus-Therian, M|100\/100\n|-ability|p2a: Landorus|Intimidate|boost\n|-unboost|p1a: Magnezone|atk|1\n|turn|1\n|\n|t:|1699776940\n|-terastallize|p1a: Magnezone|Water\n|move|p2a: Landorus|Rock Polish|p2a: Landorus\n|-boost|p2a: Landorus|spe|2\n|move|p1a: Magnezone|Tera Blast|p2a: Landorus|[anim] Tera Blast Water\n|-supereffective|p2a: Landorus\n|-damage|p2a: Landorus|0 fnt\n|faint|p2a: Landorus\n|\n|upkeep\n|\n|t:|1699776946\n|switch|p2a: Zapdos|Zapdos|100\/100\n|turn|2\n|\n|t:|1699776951\n|move|p2a: Zapdos|Hurricane|p1a: Magnezone|[miss]\n|-miss|p2a: Zapdos|p1a: Magnezone\n|move|p1a: Magnezone|Volt Switch|p2a: Zapdos\n|-damage|p2a: Zapdos|50\/100\n|\n|t:|1699776957\n|switch|p1a: Slowking|Slowking-Galar, M|100\/100|[from] Volt Switch\n|\n|upkeep\n|turn|3\n|\n|t:|1699776961\n|move|p2a: Zapdos|Volt Switch|p1a: Slowking\n|-damage|p1a: Slowking|83\/100\n|\n|t:|1699776965\n|switch|p2a: Tapu Lele|Tapu Lele|100\/100|[from] Volt Switch\n|-fieldstart|move: Psychic Terrain|[from] ability: Psychic Surge|[of] p2a: Tapu Lele\n|move|p1a: Slowking|Future Sight|p2a: Tapu Lele\n|-start|p1a: Slowking|move: Future Sight\n|\n|upkeep\n|turn|4\n|\n|t:|1699776973\n|-zpower|p2a: Tapu Lele\n|move|p2a: Tapu Lele|Shattered Psyche|p1a: Slowking|[zeffect]\n|-damage|p1a: Slowking|14\/100\n|move|p1a: Slowking|Chilly Reception|p1a: Slowking\n|-weather|Snow\n|\n|t:|1699776982\n|switch|p1a: Walrein|Walrein, M|100\/100|[from] Chilly Reception\n|\n|-weather|Snow|[upkeep]\n|upkeep\n|turn|5\n|\n|t:|1699776988\n|move|p2a: Tapu Lele|Future Sight|p1a: Walrein\n|-start|p2a: Tapu Lele|move: Future Sight\n|move|p1a: Walrein|Curse|p1a: Walrein\n|-unboost|p1a: Walrein|spe|1\n|-boost|p1a: Walrein|atk|1\n|-boost|p1a: Walrein|def|1\n|\n|-weather|Snow|[upkeep]\n|-end|p2a: Tapu Lele|move: Future Sight\n|-resisted|p2a: Tapu Lele\n|-damage|p2a: Tapu Lele|69\/100\n|upkeep\n|turn|6\n|\n|t:|1699776998\n|move|p2a: Tapu Lele|Psychic|p1a: Walrein\n|-damage|p1a: Walrein|61\/100\n|move|p1a: Walrein|Avalanche|p2a: Tapu Lele\n|-damage|p2a: Tapu Lele|0 fnt\n|faint|p2a: Tapu Lele\n|\n|-weather|Snow|[upkeep]\n|-heal|p1a: Walrein|68\/100|[from] item: Leftovers\n|upkeep\n|\n|t:|1699777009\n|switch|p2a: Sneasler|Sneasler, F|100\/100\n|-enditem|p2a: Sneasler|Psychic Seed\n|-boost|p2a: Sneasler|spd|1|[from] item: Psychic Seed\n|turn|7\n|\n|t:|1699777013\n|move|p2a: Sneasler|Close Combat|p1a: Walrein\n|-supereffective|p1a: Walrein\n|-damage|p1a: Walrein|9\/100\n|-unboost|p2a: Sneasler|def|1\n|-unboost|p2a: Sneasler|spd|1\n|move|p1a: Walrein|Earthquake|p2a: Sneasler\n|-supereffective|p2a: Sneasler\n|-damage|p2a: Sneasler|0 fnt\n|faint|p2a: Sneasler\n|\n|-weather|Snow|[upkeep]\n|-end|p1a: Walrein|move: Future Sight\n|-damage|p1a: Walrein|0 fnt\n|faint|p1a: Walrein\n|-fieldend|move: Psychic Terrain\n|upkeep\n|\n|t:|1699777026\n|switch|p2a: Slurpuff|Slurpuff, F|100\/100\n|switch|p1a: Magnezone|Magnezone, tera:Water|100\/100\n|turn|8\n|\n|t:|1699777032\n|move|p2a: Slurpuff|Endeavor|p1a: Magnezone\n|-damage|p1a: Magnezone|80\/100\n|move|p1a: Magnezone|Flash Cannon|p2a: Slurpuff\n|-supereffective|p2a: Slurpuff\n|-enditem|p2a: Slurpuff|Focus Sash\n|-damage|p2a: Slurpuff|1\/100\n|\n|-weather|none\n|upkeep\n|turn|9\n|\n|t:|1699777041\n|switch|p1a: Skeledirge|Skeledirge, M|100\/100\n|move|p2a: Slurpuff|Endeavor|p1a: Skeledirge\n|-immune|p1a: Skeledirge\n|\n|upkeep\n|turn|10\n|\n|t:|1699777044\n|move|p2a: Slurpuff|Sticky Web|p1a: Skeledirge\n|-sidestart|p1: Prtbl_Trash|move: Sticky Web\n|move|p1a: Skeledirge|Torch Song|p2a: Slurpuff\n|-damage|p2a: Slurpuff|0 fnt\n|-boost|p1a: Skeledirge|spa|1\n|faint|p2a: Slurpuff\n|\n|upkeep\n|\n|t:|1699777048\n|switch|p2a: Zapdos|Zapdos|50\/100\n|turn|11\n|\n|t:|1699777052\n|move|p2a: Zapdos|Hurricane|p1a: Skeledirge\n|-damage|p1a: Skeledirge|52\/100\n|move|p1a: Skeledirge|Torch Song|p2a: Zapdos\n|-damage|p2a: Zapdos|10\/100\n|-boost|p1a: Skeledirge|spa|1\n|\n|upkeep\n|turn|12\n|\n|t:|1699777060\n|move|p2a: Zapdos|Hurricane|p1a: Skeledirge\n|-damage|p1a: Skeledirge|4\/100\n|-start|p1a: Skeledirge|confusion\n|-activate|p1a: Skeledirge|confusion\n|move|p1a: Skeledirge|Torch Song|p2a: Zapdos\n|-damage|p2a: Zapdos|0 fnt\n|-boost|p1a: Skeledirge|spa|1\n|faint|p2a: Zapdos\n|\n|upkeep\n|\n|t:|1699777066\n|switch|p2a: Charizard|Charizard, M|100\/100\n|turn|13\n|\n|t:|1699777073\n|move|p2a: Charizard|Scorching Sands|p1a: Skeledirge\n|-supereffective|p1a: Skeledirge\n|-damage|p1a: Skeledirge|0 fnt\n|faint|p1a: Skeledirge\n|\n|upkeep\n|\n|t:|1699777075\n|switch|p1a: Magnezone|Magnezone, tera:Water|80\/100\n|-activate|p1a: Magnezone|move: Sticky Web\n|-unboost|p1a: Magnezone|spe|1\n|turn|14\n|\n|t:|1699777080\n|detailschange|p2a: Charizard|Charizard-Mega-Y, M\n|-mega|p2a: Charizard|Charizard|Charizardite Y\n|-weather|SunnyDay|[from] ability: Drought|[of] p2a: Charizard\n|move|p2a: Charizard|Solar Beam||[still]\n|-prepare|p2a: Charizard|Solar Beam\n|-anim|p2a: Charizard|Solar Beam|p1a: Magnezone\n|-supereffective|p1a: Magnezone\n|-damage|p1a: Magnezone|11\/100\n|move|p1a: Magnezone|Discharge|p2a: Charizard\n|-supereffective|p2a: Charizard\n|-damage|p2a: Charizard|0 fnt\n|faint|p2a: Charizard\n|\n|win|Prtbl_Trash\n|raw|Prtbl_Trash's rating: 1489 &rarr; <strong>1513<\/strong><br \/>(+24 for winning)\n|raw|Chili90909's rating: 1563 &rarr; <strong>1539<\/strong><br \/>(-24 for losing)\n|l|\u2606Chili90909\n","uploadtime":1699777091,"views":13,"p1id":"prtbltrash","p2id":"chili90909","formatid":"gen9nationaldex","rating":1513,"private":0,"password":""}