{"id":"gen9nationaldex-1991848353","p1":"npcovo","p2":"GAGA233","format":"[Gen 9] National Dex","log":"|j|\u2606npcovo\n|j|\u2606GAGA233\n|t:|1700127932\n|gametype|singles\n|player|p1|npcovo|adaman|1524\n|player|p2|GAGA233|red|1715\n|teamsize|p1|6\n|teamsize|p2|6\n|gen|9\n|tier|[Gen 9] National Dex\n|rated|\n|rule|HP Percentage Mod: HP is shown in percentages\n|rule|Endless Battle Clause: Forcing endless battles is banned\n|rule|OHKO Clause: OHKO moves are banned\n|rule|Evasion Clause: Evasion abilities, items, and moves are banned\n|rule|Evasion Abilities Clause: Evasion abilities are banned\n|rule|Evasion Items Clause: Evasion items are banned\n|rule|Evasion Moves Clause: Evasion moves are banned\n|rule|Species Clause: Limit one of each Pok\u00e9mon\n|rule|Sleep Clause Mod: Limit one foe put to sleep\n|clearpoke\n|poke|p1|Garchomp, M|\n|poke|p1|Magnezone|\n|poke|p1|Hatterene, F|\n|poke|p1|Scizor, F|\n|poke|p1|Dragonite, M|\n|poke|p1|Alomomola, M|\n|poke|p2|Ogerpon, F|\n|poke|p2|Corviknight, M|\n|poke|p2|Clodsire, M|\n|poke|p2|Tyranitar, M|\n|poke|p2|Alomomola, M|\n|poke|p2|Banette, F|\n|teampreview\n|inactive|Battle timer is ON: inactive players will automatically lose when time's up. (requested by GAGA233)\n|\n|t:|1700127957\n|start\n|switch|p1a: Scizor|Scizor, F|100\/100\n|switch|p2a: Tyranitar|Tyranitar, M|100\/100\n|-weather|Sandstorm|[from] ability: Sand Stream|[of] p2a: Tyranitar\n|turn|1\n|\n|t:|1700127963\n|detailschange|p1a: Scizor|Scizor-Mega, F\n|-mega|p1a: Scizor|Scizor|Scizorite\n|move|p2a: Tyranitar|Flamethrower|p1a: Scizor\n|-supereffective|p1a: Scizor\n|-damage|p1a: Scizor|0 fnt\n|faint|p1a: Scizor\n|\n|-weather|Sandstorm|[upkeep]\n|upkeep\n|\n|t:|1700127972\n|switch|p1a: Garchomp|Garchomp, M|100\/100\n|turn|2\n|\n|t:|1700127975\n|-terastallize|p2a: Tyranitar|Ice\n|move|p1a: Garchomp|Earthquake|p2a: Tyranitar\n|-damage|p2a: Tyranitar|21\/100\n|move|p2a: Tyranitar|Ice Beam|p1a: Garchomp\n|-supereffective|p1a: Garchomp\n|-damage|p1a: Garchomp|0 fnt\n|faint|p1a: Garchomp\n|\n|-weather|Sandstorm|[upkeep]\n|-damage|p2a: Tyranitar|15\/100|[from] Sandstorm\n|upkeep\n|c|\u2606npcovo|\u6211\u52d2\u4e2a\u8c46\n|\n|t:|1700127991\n|switch|p1a: Dragonite|Dragonite, M|100\/100\n|turn|3\n|\n|t:|1700127999\n|move|p1a: Dragonite|Earthquake|p2a: Tyranitar\n|-damage|p2a: Tyranitar|0 fnt\n|faint|p2a: Tyranitar\n|\n|-weather|Sandstorm|[upkeep]\n|-damage|p1a: Dragonite|94\/100|[from] Sandstorm\n|upkeep\n|\n|t:|1700128008\n|switch|p2a: Banette|Banette, F|100\/100\n|turn|4\n|\n|t:|1700128014\n|switch|p1a: Hatterene|Hatterene, F|100\/100\n|detailschange|p2a: Banette|Banette-Mega, F\n|-mega|p2a: Banette|Banette|Banettite\n|move|p2a: Banette|Poltergeist|p1a: Hatterene\n|-activate|p1a: Hatterene|move: Poltergeist|Eject Button\n|-supereffective|p1a: Hatterene\n|-damage|p1a: Hatterene|0 fnt\n|faint|p1a: Hatterene\n|\n|-weather|Sandstorm|[upkeep]\n|-damage|p2a: Banette|95\/100|[from] Sandstorm\n|upkeep\n|\n|t:|1700128021\n|switch|p1a: Alomomola|Alomomola, M|100\/100\n|turn|5\n|\n|t:|1700128027\n|switch|p2a: Clodsire|Clodsire, M|100\/100\n|move|p1a: Alomomola|Toxic|p2a: Clodsire\n|-immune|p2a: Clodsire\n|\n|-weather|none\n|upkeep\n|turn|6\n|\n|t:|1700128033\n|move|p1a: Alomomola|Flip Turn|p2a: Clodsire\n|-immune|p2a: Clodsire|[from] ability: Water Absorb\n|move|p2a: Clodsire|Stealth Rock|p1a: Alomomola\n|-sidestart|p1: npcovo|move: Stealth Rock\n|\n|upkeep\n|turn|7\n|\n|t:|1700128038\n|switch|p1a: Dragonite|Dragonite, M|94\/100\n|move|p2a: Clodsire|Yawn|p1a: Dragonite\n|-start|p1a: Dragonite|move: Yawn|[of] p2a: Clodsire\n|\n|upkeep\n|turn|8\n|\n|t:|1700128046\n|switch|p1a: Magnezone|Magnezone|100\/100\n|-damage|p1a: Magnezone|94\/100|[from] Stealth Rock\n|switch|p2a: Banette|Banette-Mega, F|95\/100\n|\n|upkeep\n|turn|9\n|\n|t:|1700128049\n|move|p2a: Banette|Poltergeist|p1a: Magnezone\n|-activate|p1a: Magnezone|move: Poltergeist|Choice Specs\n|-damage|p1a: Magnezone|18\/100\n|move|p1a: Magnezone|Volt Switch|p2a: Banette\n|-damage|p2a: Banette|12\/100\n|\n|t:|1700128054\n|switch|p1a: Alomomola|Alomomola, M|100\/100|[from] Volt Switch\n|-damage|p1a: Alomomola|88\/100|[from] Stealth Rock\n|\n|upkeep\n|turn|10\n|\n|t:|1700128070\n|switch|p1a: Dragonite|Dragonite, M|94\/100\n|move|p2a: Banette|Poltergeist|p1a: Dragonite\n|-activate|p1a: Dragonite|move: Poltergeist|Heavy-Duty Boots\n|-damage|p1a: Dragonite|17\/100\n|\n|upkeep\n|turn|11\n|\n|t:|1700128082\n|-terastallize|p1a: Dragonite|Normal\n|move|p1a: Dragonite|Roost|p1a: Dragonite\n|-heal|p1a: Dragonite|67\/100\n|move|p2a: Banette|Pursuit|p1a: Dragonite\n|-damage|p1a: Dragonite|47\/100\n|\n|upkeep\n|turn|12\n|\n|t:|1700128087\n|move|p2a: Banette|Encore|p1a: Dragonite\n|-start|p1a: Dragonite|Encore\n|move|p1a: Dragonite|Roost|p1a: Dragonite\n|-heal|p1a: Dragonite|97\/100\n|\n|upkeep\n|turn|13\n|\n|t:|1700128098\n|switch|p2a: Ogerpon|Ogerpon, F|100\/100\n|move|p1a: Dragonite|Roost|p1a: Dragonite\n|-heal|p1a: Dragonite|100\/100\n|\n|upkeep\n|turn|14\n|\n|t:|1700128103\n|switch|p1a: Magnezone|Magnezone|18\/100\n|-damage|p1a: Magnezone|12\/100|[from] Stealth Rock\n|move|p2a: Ogerpon|Swords Dance|p2a: Ogerpon\n|-boost|p2a: Ogerpon|atk|2\n|\n|upkeep\n|turn|15\n|\n|t:|1700128108\n|move|p2a: Ogerpon|Ivy Cudgel|p1a: Magnezone\n|-resisted|p1a: Magnezone\n|-damage|p1a: Magnezone|0 fnt\n|faint|p1a: Magnezone\n|\n|upkeep\n|\n|t:|1700128111\n|switch|p1a: Dragonite|Dragonite, M, tera:Normal|100\/100\n|turn|16\n|\n|t:|1700128121\n|switch|p2a: Banette|Banette-Mega, F|12\/100\n|move|p1a: Dragonite|Dragon Dance|p1a: Dragonite\n|-boost|p1a: Dragonite|atk|1\n|-boost|p1a: Dragonite|spe|1\n|\n|upkeep\n|turn|17\n|\n|t:|1700128125\n|switch|p1a: Alomomola|Alomomola, M|100\/100\n|-damage|p1a: Alomomola|88\/100|[from] Stealth Rock\n|move|p2a: Banette|Encore||[still]\n|-fail|p2a: Banette\n|\n|upkeep\n|turn|18\n|\n|t:|1700128131\n|switch|p2a: Corviknight|Corviknight, M|100\/100\n|-ability|p2a: Corviknight|Pressure\n|move|p1a: Alomomola|Toxic|p2a: Corviknight\n|-immune|p2a: Corviknight\n|\n|upkeep\n|turn|19\n|\n|t:|1700128136\n|move|p2a: Corviknight|Iron Defense|p2a: Corviknight\n|-boost|p2a: Corviknight|def|2\n|move|p1a: Alomomola|Flip Turn|p2a: Corviknight\n|-damage|p2a: Corviknight|95\/100\n|-message|npcovo forfeited.\n|\n|win|GAGA233\n|raw|npcovo's rating: 1524 &rarr; <strong>1514<\/strong><br \/>(-10 for losing)\n|raw|GAGA233's rating: 1715 &rarr; <strong>1725<\/strong><br \/>(+10 for winning)\n|l|\u2606npcovo\n","uploadtime":1700128145,"views":28,"p1id":"npcovo","p2id":"gaga233","formatid":"gen9nationaldex","rating":1514,"private":0,"password":""}