{"id":"gen9nationaldex-1995316767","p1":"cq\u7956\u5b89\u541f\u6e38\u8bd7\u4ebaxxxxxx","p2":"Sirrawrz","format":"[Gen 9] National Dex","log":"|html|<div class=\"broadcast-blue\"><strong>[Gen 9] National Dex is currently suspecting Sneasler! For information on how to participate check out the <a href=\"https:\/\/www.smogon.com\/forums\/threads\/sv-national-dex-suspect-8-just-dance.3731534\/\">suspect thread<\/a>.<\/strong><\/div>\n|j|\u2606cq\u7956\u5b89\u541f\u6e38\u8bd7\u4ebaxxxxxx\n|j|\u2606Sirrawrz\n|t:|1700552518\n|gametype|singles\n|player|p1|cq\u7956\u5b89\u541f\u6e38\u8bd7\u4ebaxxxxxx|cynthia-gen4|1510\n|player|p2|Sirrawrz|emmet|1556\n|teamsize|p1|6\n|teamsize|p2|6\n|gen|9\n|tier|[Gen 9] National Dex\n|rated|\n|rule|HP Percentage Mod: HP is shown in percentages\n|rule|Endless Battle Clause: Forcing endless battles is banned\n|rule|OHKO Clause: OHKO moves are banned\n|rule|Evasion Clause: Evasion abilities, items, and moves are banned\n|rule|Evasion Abilities Clause: Evasion abilities are banned\n|rule|Evasion Items Clause: Evasion items are banned\n|rule|Evasion Moves Clause: Evasion moves are banned\n|rule|Species Clause: Limit one of each Pok\u00e9mon\n|rule|Sleep Clause Mod: Limit one foe put to sleep\n|clearpoke\n|poke|p1|Charizard, F|\n|poke|p1|Serperior, M|\n|poke|p1|Tyranitar, F|\n|poke|p1|Great Tusk|\n|poke|p1|Doublade, M|\n|poke|p1|Alomomola, M|\n|poke|p2|Ninetales, M|\n|poke|p2|Venusaur, M|\n|poke|p2|Jolteon, M|\n|poke|p2|Blastoise, F|\n|poke|p2|Rhydon, F|\n|poke|p2|Scyther, F|\n|teampreview\n|\n|t:|1700552529\n|start\n|switch|p1a: Tyranitar|Tyranitar, F|100\/100\n|switch|p2a: Scyther|Scyther, F, shiny|100\/100\n|-weather|Sandstorm|[from] ability: Sand Stream|[of] p1a: Tyranitar\n|turn|1\n|\n|t:|1700552560\n|-terastallize|p1a: Tyranitar|Flying\n|move|p2a: Scyther|U-turn|p1a: Tyranitar\n|-resisted|p1a: Tyranitar\n|-damage|p1a: Tyranitar|82\/100\n|\n|t:|1700552574\n|switch|p2a: Blastoise|Blastoise, F, shiny|100\/100|[from] U-turn\n|move|p1a: Tyranitar|Ice Beam|p2a: Blastoise\n|-resisted|p2a: Blastoise\n|-damage|p2a: Blastoise|92\/100\n|\n|-weather|Sandstorm|[upkeep]\n|-damage|p2a: Blastoise|86\/100|[from] Sandstorm\n|-damage|p1a: Tyranitar|76\/100|[from] Sandstorm\n|upkeep\n|turn|2\n|\n|t:|1700552581\n|move|p2a: Blastoise|Flip Turn|p1a: Tyranitar\n|-damage|p1a: Tyranitar|63\/100\n|\n|t:|1700552584\n|switch|p2a: Rhydon|Rhydon, F, shiny|100\/100|[from] Flip Turn\n|move|p1a: Tyranitar|Stealth Rock|p2a: Rhydon\n|-sidestart|p2: Sirrawrz|move: Stealth Rock\n|\n|-weather|Sandstorm|[upkeep]\n|-damage|p1a: Tyranitar|57\/100|[from] Sandstorm\n|upkeep\n|turn|3\n|\n|t:|1700552596\n|switch|p1a: Alomomola|Alomomola, M, shiny|100\/100\n|move|p2a: Rhydon|Stealth Rock|p1a: Alomomola\n|-sidestart|p1: cq\u7956\u5b89\u541f\u6e38\u8bd7\u4ebaxxxxxx|move: Stealth Rock\n|\n|-weather|Sandstorm|[upkeep]\n|-damage|p1a: Alomomola|94\/100|[from] Sandstorm\n|upkeep\n|turn|4\n|\n|t:|1700552607\n|switch|p2a: Blastoise|Blastoise, F, shiny|86\/100\n|-damage|p2a: Blastoise|73\/100|[from] Stealth Rock\n|move|p1a: Alomomola|Wish|p1a: Alomomola\n|\n|-weather|Sandstorm|[upkeep]\n|-damage|p2a: Blastoise|67\/100|[from] Sandstorm\n|-damage|p1a: Alomomola|88\/100|[from] Sandstorm\n|upkeep\n|turn|5\n|\n|t:|1700552616\n|move|p2a: Blastoise|Rapid Spin|p1a: Alomomola\n|-damage|p1a: Alomomola|83\/100\n|-boost|p2a: Blastoise|spe|1\n|-sideend|p2: Sirrawrz|Stealth Rock|[from] move: Rapid Spin|[of] p2a: Blastoise\n|move|p1a: Alomomola|Toxic|p2a: Blastoise\n|-status|p2a: Blastoise|tox\n|\n|-weather|none\n|-heal|p1a: Alomomola|100\/100|[from] move: Wish|[wisher] Alomomola\n|-damage|p2a: Blastoise|61\/100 tox|[from] psn\n|upkeep\n|turn|6\n|\n|t:|1700552624\n|move|p2a: Blastoise|Flip Turn|p1a: Alomomola\n|-resisted|p1a: Alomomola\n|-damage|p1a: Alomomola|96\/100\n|\n|t:|1700552626\n|switch|p2a: Jolteon|Jolteon, M, shiny|100\/100|[from] Flip Turn\n|move|p1a: Alomomola|Wish|p1a: Alomomola\n|\n|-status|p2a: Jolteon|brn|[from] item: Flame Orb\n|upkeep\n|turn|7\n|\n|t:|1700552640\n|switch|p1a: Great Tusk|Great Tusk|100\/100\n|-damage|p1a: Great Tusk|98\/100|[from] Stealth Rock\n|move|p2a: Jolteon|Copycat|p2a: Jolteon\n|move|p2a: Jolteon|Wish|p2a: Jolteon|[from]move: Copycat\n|\n|-heal|p1a: Great Tusk|100\/100|[from] move: Wish|[wisher] Alomomola\n|-damage|p2a: Jolteon|94\/100 brn|[from] brn\n|upkeep\n|turn|8\n|\n|t:|1700552654\n|-terastallize|p2a: Jolteon|Ice\n|move|p2a: Jolteon|Tera Blast|p1a: Great Tusk|[anim] Tera Blast Ice\n|-supereffective|p1a: Great Tusk\n|-damage|p1a: Great Tusk|0 fnt\n|faint|p1a: Great Tusk\n|-end|p1a: Great Tusk|Protosynthesis|[silent]\n|\n|-heal|p2a: Jolteon|100\/100 brn|[from] move: Wish|[wisher] Jolteon\n|-damage|p2a: Jolteon|94\/100 brn|[from] brn\n|upkeep\n|\n|t:|1700552668\n|switch|p1a: Doublade|Doublade, M|100\/100\n|-damage|p1a: Doublade|94\/100|[from] Stealth Rock\n|turn|9\n|\n|t:|1700552675\n|move|p2a: Jolteon|Volt Switch|p1a: Doublade\n|-damage|p1a: Doublade|56\/100\n|\n|t:|1700552678\n|switch|p2a: Ninetales|Ninetales, M, shiny|100\/100|[from] Volt Switch\n|-weather|SunnyDay|[from] ability: Drought|[of] p2a: Ninetales\n|move|p1a: Doublade|Gyro Ball|p2a: Ninetales\n|-resisted|p2a: Ninetales\n|-damage|p2a: Ninetales|40\/100\n|\n|-weather|SunnyDay|[upkeep]\n|upkeep\n|turn|10\n|\n|t:|1700552688\n|move|p1a: Doublade|Shadow Sneak|p2a: Ninetales\n|-damage|p2a: Ninetales|11\/100\n|move|p2a: Ninetales|Weather Ball|p1a: Doublade\n|-supereffective|p1a: Doublade\n|-damage|p1a: Doublade|0 fnt\n|faint|p1a: Doublade\n|\n|-weather|SunnyDay|[upkeep]\n|upkeep\n|\n|t:|1700552700\n|switch|p1a: Charizard|Charizard, F|100\/100\n|-damage|p1a: Charizard|51\/100|[from] Stealth Rock\n|turn|11\n|\n|t:|1700552715\n|switch|p2a: Venusaur|Venusaur, M, shiny|100\/100\n|detailschange|p1a: Charizard|Charizard-Mega-Y, F\n|-mega|p1a: Charizard|Charizard|Charizardite Y\n|move|p1a: Charizard|Air Slash|p2a: Venusaur\n|-supereffective|p2a: Venusaur\n|-damage|p2a: Venusaur|0 fnt\n|faint|p2a: Venusaur\n|\n|-weather|SunnyDay|[upkeep]\n|upkeep\n|\n|t:|1700552718\n|switch|p2a: Jolteon|Jolteon, M, shiny, tera:Ice|94\/100 brn\n|turn|12\n|\n|t:|1700552732\n|move|p2a: Jolteon|Volt Switch|p1a: Charizard\n|-supereffective|p1a: Charizard\n|-damage|p1a: Charizard|0 fnt\n|faint|p1a: Charizard\n|\n|t:|1700552736\n|switch|p2a: Ninetales|Ninetales, M, shiny|11\/100|[from] Volt Switch\n|\n|-weather|SunnyDay|[upkeep]\n|upkeep\n|\n|t:|1700552740\n|switch|p1a: Serperior|Serperior, M|100\/100\n|-damage|p1a: Serperior|88\/100|[from] Stealth Rock\n|turn|13\n|\n|t:|1700552770\n|move|p2a: Ninetales|Weather Ball|p1a: Serperior\n|-supereffective|p1a: Serperior\n|-damage|p1a: Serperior|0 fnt\n|faint|p1a: Serperior\n|\n|-weather|none\n|upkeep\n|\n|t:|1700552780\n|switch|p1a: Alomomola|Alomomola, M, shiny|100\/100\n|turn|14\n|\n|t:|1700552786\n|switch|p2a: Jolteon|Jolteon, M, shiny, tera:Ice|94\/100 brn\n|move|p1a: Alomomola|Flip Turn|p2a: Jolteon\n|-damage|p2a: Jolteon|61\/100 brn\n|-message|cq\u7956\u5b89\u541f\u6e38\u8bd7\u4ebaxxxxxx forfeited.\n|\n|win|Sirrawrz\n|raw|cq\u7956\u5b89\u541f\u6e38\u8bd7\u4ebaxxxxxx's rating: 1510 &rarr; <strong>1493<\/strong><br \/>(-17 for losing)\n|raw|Sirrawrz's rating: 1556 &rarr; <strong>1573<\/strong><br \/>(+17 for winning)\n|l|\u2606cq\u7956\u5b89\u541f\u6e38\u8bd7\u4ebaxxxxxx\n","uploadtime":1700552795,"views":8,"p1id":"cqxxxxxx","p2id":"sirrawrz","formatid":"gen9nationaldex","rating":1493,"private":0,"password":""}