{"id":"gen9nationaldex-1993286244","p1":"Vvbttij","p2":"sword lover 999","format":"[Gen 9] National Dex","log":"|j|\u2606Vvbttij\n|j|\u2606sword lover 999\n|t:|1700290545\n|gametype|singles\n|player|p1|Vvbttij|red|1151\n|player|p2|sword lover 999|plasmagruntf-gen5bw|1082\n|teamsize|p1|6\n|teamsize|p2|6\n|gen|9\n|tier|[Gen 9] National Dex\n|rated|\n|rule|HP Percentage Mod: HP is shown in percentages\n|rule|Endless Battle Clause: Forcing endless battles is banned\n|rule|OHKO Clause: OHKO moves are banned\n|rule|Evasion Clause: Evasion abilities, items, and moves are banned\n|rule|Evasion Abilities Clause: Evasion abilities are banned\n|rule|Evasion Items Clause: Evasion items are banned\n|rule|Evasion Moves Clause: Evasion moves are banned\n|rule|Species Clause: Limit one of each Pok\u00e9mon\n|rule|Sleep Clause Mod: Limit one foe put to sleep\n|clearpoke\n|poke|p1|Charizard, M|\n|poke|p1|Blastoise, M|\n|poke|p1|Venusaur, F|\n|poke|p1|Snorlax, M|\n|poke|p1|Lapras, F|\n|poke|p1|Pikachu, F|\n|poke|p2|Aegislash, M|\n|poke|p2|Scizor, M|\n|poke|p2|Bisharp, M|\n|poke|p2|Gallade, M|\n|poke|p2|Florges-Blue, F|\n|poke|p2|Gardevoir, F|\n|teampreview\n|c|\u2606sword lover 999|woa full gen1 team =0\n|\n|t:|1700290560\n|start\n|switch|p1a: Charizard|Charizard, M|100\/100\n|switch|p2a: knight 4|Gallade, M|100\/100\n|turn|1\n|\n|t:|1700290572\n|switch|p2a: damsel in distress|Florges-Blue, F|100\/100\n|move|p1a: Charizard|Belly Drum|p1a: Charizard\n|-damage|p1a: Charizard|50\/100\n|-setboost|p1a: Charizard|atk|6|[from] move: Belly Drum\n|\n|upkeep\n|turn|2\n|\n|t:|1700290604\n|move|p1a: Charizard|Dual Wingbeat|p2a: damsel in distress\n|-damage|p2a: damsel in distress|16\/100\n|-damage|p2a: damsel in distress|0 fnt\n|faint|p2a: damsel in distress\n|-hitcount|p2: damsel in distress|2\n|\n|upkeep\n|\n|t:|1700290610\n|switch|p2a: damsel 2|Gardevoir, F|100\/100\n|turn|3\n|\n|t:|1700290619\n|move|p1a: Charizard|Dual Wingbeat|p2a: damsel 2|[miss]\n|-miss|p1a: Charizard|p2a: damsel 2\n|move|p2a: damsel 2|Psychic|p1a: Charizard\n|-damage|p1a: Charizard|1\/100\n|-enditem|p1a: Charizard|Salac Berry|[eat]\n|-boost|p1a: Charizard|spe|1|[from] item: Salac Berry\n|\n|upkeep\n|turn|4\n|\n|t:|1700290635\n|move|p1a: Charizard|Fire Punch|p2a: damsel 2\n|-enditem|p2a: damsel 2|Focus Sash\n|-damage|p2a: damsel 2|1\/100\n|move|p2a: damsel 2|Destiny Bond|p2a: damsel 2\n|-singlemove|p2a: damsel 2|Destiny Bond\n|\n|upkeep\n|turn|5\n|\n|t:|1700290645\n|move|p1a: Charizard|Endure|p1a: Charizard\n|-singleturn|p1a: Charizard|move: Endure\n|move|p2a: damsel 2|Psychic|p1a: Charizard\n|-activate|p1a: Charizard|move: Endure\n|-damage|p1a: Charizard|1\/100\n|\n|upkeep\n|turn|6\n|\n|t:|1700290653\n|move|p1a: Charizard|Fire Punch|p2a: damsel 2\n|-damage|p2a: damsel 2|0 fnt\n|faint|p2a: damsel 2\n|\n|upkeep\n|\n|t:|1700290659\n|switch|p2a: knight 4|Gallade, M|100\/100\n|turn|7\n|\n|t:|1700290667\n|move|p1a: Charizard|Endure|p1a: Charizard\n|-singleturn|p1a: Charizard|move: Endure\n|move|p2a: knight 4|Earthquake|p1a: Charizard\n|-immune|p1a: Charizard\n|\n|upkeep\n|turn|8\n|\n|t:|1700290702\n|switch|p2a: knight 2|Scizor, M|100\/100\n|move|p1a: Charizard|Dual Wingbeat|p2a: knight 2\n|-damage|p2a: knight 2|26\/100\n|-crit|p2a: knight 2\n|-damage|p2a: knight 2|0 fnt\n|faint|p2a: knight 2\n|-hitcount|p2: knight 2|2\n|\n|upkeep\n|\n|t:|1700290711\n|switch|p2a: knight 3|Bisharp, M|100\/100\n|turn|9\n|\n|t:|1700290719\n|move|p1a: Charizard|Endure|p1a: Charizard\n|-singleturn|p1a: Charizard|move: Endure\n|move|p2a: knight 3|Stealth Rock|p1a: Charizard\n|-sidestart|p1: Vvbttij|move: Stealth Rock\n|\n|upkeep\n|turn|10\n|\n|t:|1700290727\n|move|p2a: knight 3|Sucker Punch|p1a: Charizard\n|-damage|p1a: Charizard|0 fnt\n|faint|p1a: Charizard\n|\n|upkeep\n|\n|t:|1700290738\n|switch|p1a: Blastoise|Blastoise, M|100\/100\n|-damage|p1a: Blastoise|88\/100|[from] Stealth Rock\n|turn|11\n|\n|t:|1700290750\n|move|p1a: Blastoise|Focus Blast|p2a: knight 3\n|-supereffective|p2a: knight 3\n|-damage|p2a: knight 3|0 fnt\n|faint|p2a: knight 3\n|\n|upkeep\n|\n|t:|1700290757\n|switch|p2a: knight 4|Gallade, M|100\/100\n|turn|12\n|\n|t:|1700290762\n|move|p2a: knight 4|Trick|p1a: Blastoise\n|-activate|p2a: knight 4|move: Trick|[of] p1a: Blastoise\n|-item|p1a: Blastoise|Choice Scarf|[from] move: Trick\n|-item|p2a: knight 4|Focus Sash|[from] move: Trick\n|move|p1a: Blastoise|Shell Smash|p1a: Blastoise\n|-unboost|p1a: Blastoise|def|1\n|-unboost|p1a: Blastoise|spd|1\n|-boost|p1a: Blastoise|atk|2\n|-boost|p1a: Blastoise|spa|2\n|-boost|p1a: Blastoise|spe|2\n|\n|upkeep\n|turn|13\n|\n|t:|1700290779\n|switch|p1a: Lapras|Lapras, F|100\/100\n|-damage|p1a: Lapras|76\/100|[from] Stealth Rock\n|-singleturn|p2a: knight 4|move: Focus Punch\n|move|p2a: knight 4|Focus Punch|p1a: Lapras\n|-supereffective|p1a: Lapras\n|-damage|p1a: Lapras|0 fnt\n|faint|p1a: Lapras\n|\n|upkeep\n|\n|t:|1700290783\n|switch|p1a: Blastoise|Blastoise, M|88\/100\n|-damage|p1a: Blastoise|76\/100|[from] Stealth Rock\n|turn|14\n|\n|t:|1700290795\n|-singleturn|p2a: knight 4|move: Focus Punch\n|move|p1a: Blastoise|Scald|p2a: knight 4\n|-damage|p2a: knight 4|63\/100\n|cant|p2a: knight 4|Focus Punch|Focus Punch\n|\n|upkeep\n|turn|15\n|\n|t:|1700290804\n|move|p1a: Blastoise|Scald|p2a: knight 4\n|-damage|p2a: knight 4|24\/100\n|move|p2a: knight 4|Will-O-Wisp|p1a: Blastoise\n|-status|p1a: Blastoise|brn\n|\n|-damage|p1a: Blastoise|70\/100 brn|[from] brn\n|upkeep\n|turn|16\n|\n|t:|1700290816\n|move|p1a: Blastoise|Scald|p2a: knight 4\n|-damage|p2a: knight 4|0 fnt\n|faint|p2a: knight 4\n|\n|-damage|p1a: Blastoise|64\/100 brn|[from] brn\n|upkeep\n|\n|t:|1700290823\n|switch|p2a: knight 1|Aegislash, M|100\/100\n|turn|17\n|\n|t:|1700290833\n|move|p1a: Blastoise|Scald|p2a: knight 1\n|-damage|p2a: knight 1|78\/100\n|-status|p2a: knight 1|brn\n|-formechange|p2a: knight 1|Aegislash-Blade||[from] ability: Stance Change\n|move|p2a: knight 1|Shadow Ball|p1a: Blastoise\n|-damage|p1a: Blastoise|26\/100 brn\n|\n|-heal|p2a: knight 1|84\/100 brn|[from] item: Leftovers\n|-damage|p1a: Blastoise|20\/100 brn|[from] brn\n|-damage|p2a: knight 1|78\/100 brn|[from] brn\n|upkeep\n|turn|18\n|\n|t:|1700290847\n|-formechange|p2a: knight 1|Aegislash||[from] ability: Stance Change\n|move|p2a: knight 1|King's Shield|p2a: knight 1\n|-singleturn|p2a: knight 1|Protect\n|move|p1a: Blastoise|Scald|p2a: knight 1\n|-activate|p2a: knight 1|move: Protect\n|\n|-heal|p2a: knight 1|84\/100 brn|[from] item: Leftovers\n|-damage|p1a: Blastoise|14\/100 brn|[from] brn\n|-damage|p2a: knight 1|78\/100 brn|[from] brn\n|upkeep\n|turn|19\n|\n|t:|1700290859\n|-formechange|p2a: knight 1|Aegislash-Blade||[from] ability: Stance Change\n|move|p2a: knight 1|Shadow Sneak|p1a: Blastoise\n|-damage|p1a: Blastoise|3\/100 brn\n|move|p1a: Blastoise|Scald|p2a: knight 1\n|-damage|p2a: knight 1|17\/100 brn\n|\n|-heal|p2a: knight 1|23\/100 brn|[from] item: Leftovers\n|-damage|p1a: Blastoise|0 fnt|[from] brn\n|faint|p1a: Blastoise\n|-damage|p2a: knight 1|17\/100 brn|[from] brn\n|upkeep\n|\n|t:|1700290866\n|switch|p1a: Venusaur|Venusaur, F|100\/100\n|-damage|p1a: Venusaur|88\/100|[from] Stealth Rock\n|turn|20\n|\n|t:|1700290876\n|detailschange|p1a: Venusaur|Venusaur-Mega, F\n|-mega|p1a: Venusaur|Venusaur|Venusaurite\n|-formechange|p2a: knight 1|Aegislash||[from] ability: Stance Change\n|move|p2a: knight 1|King's Shield|p2a: knight 1\n|-singleturn|p2a: knight 1|Protect\n|move|p1a: Venusaur|Earth Power|p2a: knight 1\n|-activate|p2a: knight 1|move: Protect\n|\n|-heal|p2a: knight 1|23\/100 brn|[from] item: Leftovers\n|-damage|p2a: knight 1|17\/100 brn|[from] brn\n|upkeep\n|turn|21\n|\n|t:|1700290892\n|move|p1a: Venusaur|Earth Power|p2a: knight 1\n|-supereffective|p2a: knight 1\n|-damage|p2a: knight 1|0 fnt\n|faint|p2a: knight 1\n|\n|win|Vvbttij\n|raw|Vvbttij's rating: 1151 &rarr; <strong>1171<\/strong><br \/>(+20 for winning)\n|raw|sword lover 999's rating: 1082 &rarr; <strong>1064<\/strong><br \/>(-18 for losing)\n|c|\u2606Vvbttij|Gg\n|l|\u2606sword lover 999\n","uploadtime":1700290898,"views":6,"p1id":"vvbttij","p2id":"swordlover999","formatid":"gen9nationaldex","rating":1064,"private":0,"password":""}