{"id":"gen9nationaldex-1994845248","p1":"The Np sweep","p2":"daodanguiTest","format":"[Gen 9] National Dex","log":"|html|<div class=\"broadcast-blue\"><strong>[Gen 9] National Dex is currently suspecting Sneasler! For information on how to participate check out the <a href=\"https:\/\/www.smogon.com\/forums\/threads\/sv-national-dex-suspect-8-just-dance.3731534\/\">suspect thread<\/a>.<\/strong><\/div>\n|j|\u203dThe Np sweep\n|j|\u2606daodanguiTest\n|t:|1700498066\n|gametype|singles\n|player|p1|The Np sweep|hilbert|1865\n|player|p2|daodanguiTest|170|1728\n|teamsize|p1|6\n|teamsize|p2|6\n|gen|9\n|tier|[Gen 9] National Dex\n|rated|\n|rule|HP Percentage Mod: HP is shown in percentages\n|rule|Endless Battle Clause: Forcing endless battles is banned\n|rule|OHKO Clause: OHKO moves are banned\n|rule|Evasion Clause: Evasion abilities, items, and moves are banned\n|rule|Evasion Abilities Clause: Evasion abilities are banned\n|rule|Evasion Items Clause: Evasion items are banned\n|rule|Evasion Moves Clause: Evasion moves are banned\n|rule|Species Clause: Limit one of each Pok\u00e9mon\n|rule|Sleep Clause Mod: Limit one foe put to sleep\n|clearpoke\n|poke|p1|Tapu Lele|\n|poke|p1|Iron Valiant|\n|poke|p1|Ferrothorn, F|\n|poke|p1|Zamazenta-*|\n|poke|p1|Aegislash, M|\n|poke|p1|Zapdos|\n|poke|p2|Slowking-Galar, M|\n|poke|p2|Urshifu-*, M|\n|poke|p2|Banette, M|\n|poke|p2|Samurott-Hisui, M|\n|poke|p2|Garchomp, M|\n|poke|p2|Tornadus-Therian, M|\n|teampreview\n|inactive|Battle timer is ON: inactive players will automatically lose when time's up. (requested by The Np sweep)\n|\n|t:|1700498094\n|start\n|switch|p1a: Aegislash|Aegislash, M, shiny|100\/100\n|switch|p2a: Urshifu|Urshifu-Rapid-Strike, M|100\/100\n|turn|1\n|\n|t:|1700498101\n|switch|p2a: Samurott|Samurott-Hisui, M, shiny|100\/100\n|-formechange|p1a: Aegislash|Aegislash-Blade||[from] ability: Stance Change\n|move|p1a: Aegislash|Shadow Ball|p2a: Samurott\n|-resisted|p2a: Samurott\n|-damage|p2a: Samurott|63\/100\n|-unboost|p2a: Samurott|spd|1\n|\n|upkeep\n|turn|2\n|\n|t:|1700498110\n|-formechange|p1a: Aegislash|Aegislash||[from] ability: Stance Change\n|move|p1a: Aegislash|King's Shield|p1a: Aegislash\n|-singleturn|p1a: Aegislash|Protect\n|move|p2a: Samurott|Encore|p1a: Aegislash\n|-start|p1a: Aegislash|Encore\n|\n|upkeep\n|turn|3\n|\n|t:|1700498117\n|switch|p1a: Iron Valiant|Iron Valiant|100\/100\n|move|p2a: Samurott|Ceaseless Edge|p1a: Iron Valiant\n|-resisted|p1a: Iron Valiant\n|-damage|p1a: Iron Valiant|84\/100\n|-sidestart|p1: The Np sweep|Spikes\n|\n|upkeep\n|turn|4\n|\n|t:|1700498122\n|switch|p2a: Slowking|Slowking-Galar, M, shiny|100\/100\n|move|p1a: Iron Valiant|Knock Off|p2a: Slowking\n|-supereffective|p2a: Slowking\n|-damage|p2a: Slowking|8\/100\n|-enditem|p2a: Slowking|Assault Vest|[from] move: Knock Off|[of] p1a: Iron Valiant\n|-damage|p1a: Iron Valiant|74\/100|[from] item: Life Orb\n|\n|upkeep\n|turn|5\n|inactive|daodanguiTest has 120 seconds left.\n|\n|t:|1700498154\n|switch|p2a: Tornadus|Tornadus-Therian, M, shiny|100\/100\n|move|p1a: Iron Valiant|Moonblast|p2a: Tornadus\n|-damage|p2a: Tornadus|41\/100\n|-damage|p1a: Iron Valiant|65\/100|[from] item: Life Orb\n|\n|upkeep\n|turn|6\n|\n|t:|1700498164\n|-end|p1a: Iron Valiant|Quark Drive|[silent]\n|switch|p1a: Zapdos|Zapdos, shiny|100\/100\n|-terastallize|p2a: Tornadus|Steel\n|move|p2a: Tornadus|Bleakwind Storm|p1a: Zapdos|[miss]\n|-miss|p2a: Tornadus|p1a: Zapdos\n|\n|upkeep\n|turn|7\n|\n|t:|1700498171\n|switch|p2a: Slowking|Slowking-Galar, M, shiny|41\/100\n|move|p1a: Zapdos|Hurricane|p2a: Slowking|[miss]\n|-miss|p1a: Zapdos|p2a: Slowking\n|\n|upkeep\n|turn|8\n|\n|t:|1700498177\n|move|p1a: Zapdos|Defog|p2a: Slowking\n|-unboost|p2a: Slowking|evasion|1\n|-sideend|p1: The Np sweep|Spikes|[from] move: Defog|[of] p1a: Zapdos\n|move|p2a: Slowking|Future Sight|p1a: Zapdos\n|-start|p2a: Slowking|move: Future Sight\n|\n|upkeep\n|turn|9\n|inactive|daodanguiTest has 120 seconds left.\n|\n|t:|1700498207\n|move|p1a: Zapdos|Hurricane|p2a: Slowking\n|-damage|p2a: Slowking|6\/100\n|move|p2a: Slowking|Flamethrower|p1a: Zapdos\n|-damage|p1a: Zapdos|75\/100\n|\n|upkeep\n|turn|10\n|inactive|daodanguiTest has 120 seconds left.\n|\n|t:|1700498217\n|switch|p1a: Ferrothorn|Ferrothorn, F|100\/100\n|switch|p2a: Garchomp|Garchomp, M, shiny|100\/100\n|\n|-end|p1a: Ferrothorn|move: Future Sight\n|-resisted|p1a: Ferrothorn\n|-damage|p1a: Ferrothorn|81\/100\n|-heal|p1a: Ferrothorn|87\/100|[from] item: Leftovers\n|upkeep\n|turn|11\n|inactive|daodanguiTest has 120 seconds left.\n|\n|t:|1700498232\n|move|p2a: Garchomp|Swords Dance|p2a: Garchomp\n|-boost|p2a: Garchomp|atk|2\n|move|p1a: Ferrothorn|Leech Seed|p2a: Garchomp\n|-start|p2a: Garchomp|move: Leech Seed\n|\n|-heal|p1a: Ferrothorn|94\/100|[from] item: Leftovers\n|-damage|p2a: Garchomp|88\/100|[from] Leech Seed|[of] p1a: Ferrothorn\n|-heal|p1a: Ferrothorn|100\/100|[silent]\n|upkeep\n|turn|12\n|\n|t:|1700498236\n|switch|p1a: Zamazenta|Zamazenta|100\/100\n|-ability|p1a: Zamazenta|Dauntless Shield|boost\n|-boost|p1a: Zamazenta|def|1\n|move|p2a: Garchomp|Stealth Rock|p1a: Zamazenta\n|-sidestart|p1: The Np sweep|move: Stealth Rock\n|\n|-damage|p2a: Garchomp|76\/100|[from] Leech Seed|[of] p1a: Zamazenta\n|upkeep\n|turn|13\n|\n|t:|1700498251\n|move|p1a: Zamazenta|Close Combat|p2a: Garchomp\n|-damage|p2a: Garchomp|0 fnt\n|-unboost|p1a: Zamazenta|def|1\n|-unboost|p1a: Zamazenta|spd|1\n|-damage|p1a: Zamazenta|88\/100|[from] ability: Rough Skin|[of] p2a: Garchomp\n|faint|p2a: Garchomp\n|-damage|p1a: Zamazenta|78\/100|[from] item: Life Orb\n|\n|upkeep\n|j| MrArgentavis\n|inactive|daodanguiTest has 120 seconds left.\n|\n|t:|1700498275\n|switch|p2a: Banette|Banette, M, shiny|100\/100\n|-item|p1a: Zamazenta|Life Orb|[from] ability: Frisk|[of] p2a: Banette|[identify]\n|turn|14\n|\n|t:|1700498283\n|detailschange|p2a: Banette|Banette-Mega, M, shiny\n|-mega|p2a: Banette|Banette|Banettite\n|move|p2a: Banette|Will-O-Wisp|p1a: Zamazenta\n|-status|p1a: Zamazenta|brn\n|move|p1a: Zamazenta|Crunch|p2a: Banette\n|-supereffective|p2a: Banette\n|-damage|p2a: Banette|41\/100\n|-damage|p1a: Zamazenta|68\/100 brn|[from] item: Life Orb\n|\n|-damage|p1a: Zamazenta|62\/100 brn|[from] brn\n|upkeep\n|turn|15\n|inactive|daodanguiTest has 120 seconds left.\n|\n|t:|1700498295\n|switch|p2a: Tornadus|Tornadus-Therian, M, shiny, tera:Steel|74\/100\n|move|p1a: Zamazenta|Crunch|p2a: Tornadus\n|-damage|p2a: Tornadus|53\/100\n|-damage|p1a: Zamazenta|52\/100 brn|[from] item: Life Orb\n|\n|-damage|p1a: Zamazenta|46\/100 brn|[from] brn\n|upkeep\n|turn|16\n|\n|t:|1700498301\n|switch|p2a: Slowking|Slowking-Galar, M, shiny|40\/100\n|move|p1a: Zamazenta|Close Combat|p2a: Slowking\n|-resisted|p2a: Slowking\n|-damage|p2a: Slowking|28\/100\n|-unboost|p1a: Zamazenta|def|1\n|-unboost|p1a: Zamazenta|spd|1\n|-damage|p1a: Zamazenta|36\/100 brn|[from] item: Life Orb\n|\n|-damage|p1a: Zamazenta|30\/100 brn|[from] brn\n|upkeep\n|turn|17\n|\n|t:|1700498306\n|switch|p2a: Tornadus|Tornadus-Therian, M, shiny, tera:Steel|86\/100\n|move|p1a: Zamazenta|Close Combat|p2a: Tornadus\n|-supereffective|p2a: Tornadus\n|-damage|p2a: Tornadus|0 fnt\n|-unboost|p1a: Zamazenta|def|1\n|-unboost|p1a: Zamazenta|spd|1\n|faint|p2a: Tornadus\n|-damage|p1a: Zamazenta|20\/100 brn|[from] item: Life Orb\n|\n|-damage|p1a: Zamazenta|14\/100 brn|[from] brn\n|upkeep\n|\n|t:|1700498314\n|switch|p2a: Urshifu|Urshifu-Rapid-Strike, M|100\/100\n|turn|18\n|\n|t:|1700498318\n|switch|p1a: Zapdos|Zapdos, shiny|75\/100\n|move|p2a: Urshifu|Close Combat|p1a: Zapdos\n|-resisted|p1a: Zapdos\n|-damage|p1a: Zapdos|53\/100\n|-unboost|p2a: Urshifu|def|1\n|-unboost|p2a: Urshifu|spd|1\n|-status|p2a: Urshifu|par|[from] ability: Static|[of] p1a: Zapdos\n|\n|upkeep\n|turn|19\n|\n|t:|1700498324\n|switch|p2a: Slowking|Slowking-Galar, M, shiny|61\/100\n|move|p1a: Zapdos|Roost|p1a: Zapdos\n|-heal|p1a: Zapdos|100\/100\n|-singleturn|p1a: Zapdos|move: Roost\n|\n|upkeep\n|turn|20\n|\n|t:|1700498334\n|move|p1a: Zapdos|Volt Switch|p2a: Slowking\n|-damage|p2a: Slowking|42\/100\n|\n|t:|1700498335\n|switch|p1a: Aegislash|Aegislash, M, shiny|100\/100|[from] Volt Switch\n|-damage|p1a: Aegislash|95\/100|[from] Stealth Rock\n|move|p2a: Slowking|Flamethrower|p1a: Aegislash\n|-supereffective|p1a: Aegislash\n|-damage|p1a: Aegislash|38\/100\n|\n|upkeep\n|turn|21\n|j| Aziz Le Bledart\n|\n|t:|1700498344\n|switch|p2a: Urshifu|Urshifu-Rapid-Strike, M|100\/100 par\n|-zpower|p1a: Aegislash\n|-formechange|p1a: Aegislash|Aegislash-Blade||[from] ability: Stance Change\n|move|p1a: Aegislash|Never-Ending Nightmare|p2a: Urshifu|[zeffect]\n|-damage|p2a: Urshifu|0 fnt\n|faint|p2a: Urshifu\n|\n|upkeep\n|inactive|daodanguiTest has 120 seconds left.\n|\n|t:|1700498375\n|switch|p2a: Slowking|Slowking-Galar, M, shiny|75\/100\n|turn|22\n|\n|t:|1700498380\n|move|p1a: Aegislash|Shadow Ball|p2a: Slowking\n|-supereffective|p2a: Slowking\n|-damage|p2a: Slowking|8\/100\n|-unboost|p2a: Slowking|spd|1\n|move|p2a: Slowking|Future Sight|p1a: Aegislash\n|-start|p2a: Slowking|move: Future Sight\n|\n|upkeep\n|turn|23\n|\n|t:|1700498385\n|switch|p2a: Samurott|Samurott-Hisui, M, shiny|63\/100\n|move|p1a: Aegislash|Close Combat|p2a: Samurott\n|-supereffective|p2a: Samurott\n|-damage|p2a: Samurott|0 fnt\n|-unboost|p1a: Aegislash|def|1\n|-unboost|p1a: Aegislash|spd|1\n|faint|p2a: Samurott\n|\n|upkeep\n|-message|daodanguiTest forfeited.\n|\n|win|The Np sweep\n|raw|The Np sweep's rating: 1865 &rarr; <strong>1877<\/strong><br \/>(+12 for winning)\n|raw|daodanguiTest's rating: 1728 &rarr; <strong>1716<\/strong><br \/>(-12 for losing)\n|l|\u2606daodanguiTest\n|l|\u203dThe Np sweep\n|l| Aziz Le Bledart\n","uploadtime":1700498787,"views":2,"p1id":"thenpsweep","p2id":"daodanguitest","formatid":"gen9nationaldex","rating":1716,"private":0,"password":""}