{"id":"gen9nationaldex-1993805666","p1":"xuxiansheng","p2":"MachPunch93","format":"[Gen 9] National Dex","log":"|j|\u2606xuxiansheng\n|j|\u2606MachPunch93\n|t:|1700359476\n|gametype|singles\n|player|p1|xuxiansheng|candice|1555\n|player|p2|MachPunch93|alder|1688\n|teamsize|p1|6\n|teamsize|p2|6\n|gen|9\n|tier|[Gen 9] National Dex\n|rated|\n|rule|HP Percentage Mod: HP is shown in percentages\n|rule|Endless Battle Clause: Forcing endless battles is banned\n|rule|OHKO Clause: OHKO moves are banned\n|rule|Evasion Clause: Evasion abilities, items, and moves are banned\n|rule|Evasion Abilities Clause: Evasion abilities are banned\n|rule|Evasion Items Clause: Evasion items are banned\n|rule|Evasion Moves Clause: Evasion moves are banned\n|rule|Species Clause: Limit one of each Pok\u00e9mon\n|rule|Sleep Clause Mod: Limit one foe put to sleep\n|clearpoke\n|poke|p1|Charizard, F|\n|poke|p1|Nidoking, M|\n|poke|p1|Great Tusk|\n|poke|p1|Ogerpon-Wellspring, F|\n|poke|p1|Ribombee, F|\n|poke|p1|Aegislash, M|\n|poke|p2|Charizard, M|\n|poke|p2|Dragonite, M|\n|poke|p2|Zapdos|\n|poke|p2|Chansey, F|\n|poke|p2|Venusaur, M|\n|poke|p2|Rhydon, F|\n|teampreview\n|inactive|Battle timer is ON: inactive players will automatically lose when time's up. (requested by xuxiansheng)\n|\n|t:|1700359494\n|start\n|switch|p1a: Ribombee|Ribombee, F|100\/100\n|switch|p2a: Rhydon|Rhydon, F|100\/100\n|turn|1\n|\n|t:|1700359509\n|move|p1a: Ribombee|Sticky Web|p2a: Rhydon\n|-sidestart|p2: MachPunch93|move: Sticky Web\n|move|p2a: Rhydon|Stealth Rock|p1a: Ribombee\n|-sidestart|p1: xuxiansheng|move: Stealth Rock\n|\n|upkeep\n|turn|2\n|\n|t:|1700359519\n|switch|p1a: Ogerpon|Ogerpon-Wellspring, F|100\/100\n|-damage|p1a: Ogerpon|88\/100|[from] Stealth Rock\n|switch|p2a: Zapdos|Zapdos|100\/100\n|\n|upkeep\n|turn|3\n|\n|t:|1700359544\n|switch|p1a: Nidoking|Nidoking, M|100\/100\n|-damage|p1a: Nidoking|95\/100|[from] Stealth Rock\n|move|p2a: Zapdos|Discharge|p1a: Nidoking\n|-immune|p1a: Nidoking\n|\n|upkeep\n|turn|4\n|\n|t:|1700359552\n|move|p1a: Nidoking|Ice Beam|p2a: Zapdos\n|-supereffective|p2a: Zapdos\n|-damage|p2a: Zapdos|17\/100\n|move|p2a: Zapdos|Defog|p1a: Nidoking\n|-unboost|p1a: Nidoking|evasion|1\n|-sideend|p1: xuxiansheng|Stealth Rock|[from] move: Defog|[of] p2a: Zapdos\n|-sideend|p2: MachPunch93|Sticky Web|[from] move: Defog|[of] p2a: Zapdos\n|\n|upkeep\n|turn|5\n|\n|t:|1700359561\n|switch|p1a: Ribombee|Ribombee, F|100\/100\n|switch|p2a: Chansey|Chansey, F|100\/100\n|\n|upkeep\n|turn|6\n|\n|t:|1700359570\n|move|p1a: Ribombee|Sticky Web|p2a: Chansey\n|-sidestart|p2: MachPunch93|move: Sticky Web\n|move|p2a: Chansey|Seismic Toss|p1a: Ribombee\n|-damage|p1a: Ribombee|62\/100\n|\n|upkeep\n|turn|7\n|\n|t:|1700359576\n|switch|p1a: Aegislash|Aegislash, M|100\/100\n|move|p2a: Chansey|Wish|p2a: Chansey\n|\n|upkeep\n|turn|8\n|\n|t:|1700359585\n|switch|p2a: Zapdos|Zapdos|17\/100\n|-formechange|p1a: Aegislash|Aegislash-Blade||[from] ability: Stance Change\n|move|p1a: Aegislash|Close Combat|p2a: Zapdos\n|-resisted|p2a: Zapdos\n|-damage|p2a: Zapdos|4\/100\n|-unboost|p1a: Aegislash|def|1\n|-unboost|p1a: Aegislash|spd|1\n|\n|-heal|p2a: Zapdos|96\/100|[from] move: Wish|[wisher] Chansey\n|upkeep\n|turn|9\n|\n|t:|1700359599\n|switch|p1a: Ogerpon|Ogerpon-Wellspring, F|88\/100\n|move|p2a: Zapdos|Defog|p1a: Ogerpon\n|-unboost|p1a: Ogerpon|evasion|1\n|-sideend|p2: MachPunch93|Sticky Web|[from] move: Defog|[of] p2a: Zapdos\n|\n|upkeep\n|turn|10\n|\n|t:|1700359608\n|move|p1a: Ogerpon|Encore|p2a: Zapdos\n|-start|p2a: Zapdos|Encore\n|move|p2a: Zapdos|Defog|p1a: Ogerpon\n|-unboost|p1a: Ogerpon|evasion|1\n|\n|upkeep\n|turn|11\n|\n|t:|1700359615\n|switch|p2a: Dragonite|Dragonite, M|100\/100\n|move|p1a: Ogerpon|Swords Dance|p1a: Ogerpon\n|-boost|p1a: Ogerpon|atk|2\n|\n|upkeep\n|turn|12\n|\n|t:|1700359623\n|move|p1a: Ogerpon|Ivy Cudgel|p2a: Dragonite|[anim] Ivy Cudgel Water\n|-resisted|p2a: Dragonite\n|-damage|p2a: Dragonite|68\/100\n|-zpower|p2a: Dragonite\n|move|p2a: Dragonite|Devastating Drake|p1a: Ogerpon|[zeffect]\n|-damage|p1a: Ogerpon|0 fnt\n|faint|p1a: Ogerpon\n|\n|upkeep\n|\n|t:|1700359628\n|switch|p1a: Ribombee|Ribombee, F|62\/100\n|turn|13\n|\n|t:|1700359637\n|switch|p2a: Chansey|Chansey, F|100\/100\n|move|p1a: Ribombee|Sticky Web|p2a: Chansey\n|-sidestart|p2: MachPunch93|move: Sticky Web\n|\n|upkeep\n|turn|14\n|\n|t:|1700359649\n|switch|p1a: Great Tusk|Great Tusk|100\/100\n|move|p2a: Chansey|Wish|p2a: Chansey\n|\n|upkeep\n|turn|15\n|\n|t:|1700359660\n|switch|p2a: Zapdos|Zapdos|96\/100\n|move|p1a: Great Tusk|Rapid Spin|p2a: Zapdos\n|-damage|p2a: Zapdos|84\/100\n|-boost|p1a: Great Tusk|spe|1\n|\n|-heal|p2a: Zapdos|100\/100|[from] move: Wish|[wisher] Chansey\n|upkeep\n|turn|16\n|\n|t:|1700359671\n|-terastallize|p1a: Great Tusk|Ice\n|move|p1a: Great Tusk|Ice Spinner|p2a: Zapdos\n|-supereffective|p2a: Zapdos\n|-damage|p2a: Zapdos|42\/100\n|move|p2a: Zapdos|Heat Wave|p1a: Great Tusk\n|-supereffective|p1a: Great Tusk\n|-damage|p1a: Great Tusk|43\/100\n|\n|upkeep\n|turn|17\n|\n|t:|1700359697\n|-terastallize|p2a: Zapdos|Electric\n|move|p1a: Great Tusk|Ice Spinner|p2a: Zapdos\n|-damage|p2a: Zapdos|12\/100\n|move|p2a: Zapdos|Heat Wave|p1a: Great Tusk\n|-supereffective|p1a: Great Tusk\n|-damage|p1a: Great Tusk|0 fnt\n|faint|p1a: Great Tusk\n|-end|p1a: Great Tusk|Protosynthesis|[silent]\n|\n|upkeep\n|\n|t:|1700359722\n|switch|p1a: Aegislash|Aegislash, M|100\/100\n|turn|18\n|\n|t:|1700359727\n|-formechange|p1a: Aegislash|Aegislash-Blade||[from] ability: Stance Change\n|move|p1a: Aegislash|Shadow Sneak|p2a: Zapdos\n|-damage|p2a: Zapdos|0 fnt\n|faint|p2a: Zapdos\n|\n|upkeep\n|\n|t:|1700359744\n|switch|p2a: Rhydon|Rhydon, F|100\/100\n|-activate|p2a: Rhydon|move: Sticky Web\n|-unboost|p2a: Rhydon|spe|1\n|turn|19\n|\n|t:|1700359749\n|switch|p1a: Charizard|Charizard, F|100\/100\n|move|p2a: Rhydon|Stealth Rock|p1a: Charizard\n|-sidestart|p1: xuxiansheng|move: Stealth Rock\n|\n|upkeep\n|turn|20\n|\n|t:|1700359758\n|detailschange|p1a: Charizard|Charizard-Mega-Y, F\n|-mega|p1a: Charizard|Charizard|Charizardite Y\n|-weather|SunnyDay|[from] ability: Drought|[of] p1a: Charizard\n|move|p1a: Charizard|Solar Beam||[still]\n|-prepare|p1a: Charizard|Solar Beam\n|-anim|p1a: Charizard|Solar Beam|p2a: Rhydon\n|-supereffective|p2a: Rhydon\n|-damage|p2a: Rhydon|0 fnt\n|faint|p2a: Rhydon\n|\n|-weather|SunnyDay|[upkeep]\n|upkeep\n|\n|t:|1700359772\n|switch|p2a: Dragonite|Dragonite, M|68\/100\n|turn|21\n|\n|t:|1700359777\n|move|p1a: Charizard|Air Slash|p2a: Dragonite\n|-damage|p2a: Dragonite|23\/100\n|move|p2a: Dragonite|Outrage|p1a: Charizard\n|-damage|p1a: Charizard|8\/100\n|\n|-weather|SunnyDay|[upkeep]\n|upkeep\n|turn|22\n|\n|t:|1700359785\n|move|p1a: Charizard|Air Slash|p2a: Dragonite\n|-damage|p2a: Dragonite|0 fnt\n|faint|p2a: Dragonite\n|\n|-weather|SunnyDay|[upkeep]\n|upkeep\n|\n|t:|1700359793\n|switch|p2a: Venusaur|Venusaur, M|100\/100\n|-activate|p2a: Venusaur|move: Sticky Web\n|-unboost|p2a: Venusaur|spe|1\n|turn|23\n|\n|t:|1700359802\n|move|p2a: Venusaur|Weather Ball|p1a: Charizard\n|-resisted|p1a: Charizard\n|-damage|p1a: Charizard|0 fnt\n|faint|p1a: Charizard\n|-damage|p2a: Venusaur|91\/100|[from] item: Life Orb\n|\n|-weather|SunnyDay|[upkeep]\n|upkeep\n|\n|t:|1700359812\n|switch|p1a: Aegislash|Aegislash, M|100\/100\n|-damage|p1a: Aegislash|94\/100|[from] Stealth Rock\n|turn|24\n|\n|t:|1700359824\n|move|p1a: Aegislash|King's Shield|p1a: Aegislash\n|-singleturn|p1a: Aegislash|Protect\n|move|p2a: Venusaur|Growth|p2a: Venusaur\n|-boost|p2a: Venusaur|atk|2\n|-boost|p2a: Venusaur|spa|2\n|\n|-weather|none\n|-heal|p1a: Aegislash|100\/100|[from] item: Leftovers\n|upkeep\n|turn|25\n|\n|t:|1700359835\n|move|p2a: Venusaur|Earth Power|p1a: Aegislash\n|-supereffective|p1a: Aegislash\n|-damage|p1a: Aegislash|0 fnt\n|faint|p1a: Aegislash\n|-damage|p2a: Venusaur|81\/100|[from] item: Life Orb\n|\n|upkeep\n|\n|t:|1700359841\n|switch|p1a: Nidoking|Nidoking, M|95\/100\n|-damage|p1a: Nidoking|89\/100|[from] Stealth Rock\n|turn|26\n|\n|t:|1700359855\n|switch|p2a: Chansey|Chansey, F|100\/100\n|-activate|p2a: Chansey|move: Sticky Web\n|-unboost|p2a: Chansey|spe|1\n|move|p1a: Nidoking|Ice Beam|p2a: Chansey\n|-damage|p2a: Chansey|88\/100\n|\n|upkeep\n|turn|27\n|-message|xuxiansheng forfeited.\n|\n|win|MachPunch93\n|raw|xuxiansheng's rating: 1555 &rarr; <strong>1542<\/strong><br \/>(-13 for losing)\n|raw|MachPunch93's rating: 1688 &rarr; <strong>1701<\/strong><br \/>(+13 for winning)\n|l|\u2606xuxiansheng\n","uploadtime":1700359870,"views":16,"p1id":"xuxiansheng","p2id":"machpunch93","formatid":"gen9nationaldex","rating":1542,"private":0,"password":""}