{"id":"gen9nationaldex-1999472962","p1":"AlphaOmega07","p2":"g3ana","format":"[Gen 9] National Dex","log":"|html|<div class=\"broadcast-blue\"><strong>[Gen 9] National Dex is currently suspecting Sneasler! For information on how to participate check out the <a href=\"https:\/\/www.smogon.com\/forums\/threads\/sv-national-dex-suspect-8-just-dance.3731534\/\">suspect thread<\/a>.<\/strong><\/div>\n|j|\u2606AlphaOmega07\n|j|\u2606g3ana\n|t:|1701085850\n|gametype|singles\n|player|p1|AlphaOmega07|1|1067\n|player|p2|g3ana|lenora|1049\n|teamsize|p1|6\n|teamsize|p2|6\n|gen|9\n|tier|[Gen 9] National Dex\n|rated|\n|rule|HP Percentage Mod: HP is shown in percentages\n|rule|Endless Battle Clause: Forcing endless battles is banned\n|rule|OHKO Clause: OHKO moves are banned\n|rule|Evasion Clause: Evasion abilities, items, and moves are banned\n|rule|Evasion Abilities Clause: Evasion abilities are banned\n|rule|Evasion Items Clause: Evasion items are banned\n|rule|Evasion Moves Clause: Evasion moves are banned\n|rule|Species Clause: Limit one of each Pok\u00e9mon\n|rule|Sleep Clause Mod: Limit one foe put to sleep\n|clearpoke\n|poke|p1|Kommo-o, F|\n|poke|p1|Hawlucha, F|\n|poke|p1|Ceruledge, F|\n|poke|p1|Grimmsnarl, M|\n|poke|p1|Volcarona, M|\n|poke|p1|Gliscor, M|\n|poke|p2|Klawf, F|\n|poke|p2|Kingler, F|\n|poke|p2|Clawitzer, F|\n|poke|p2|Crawdaunt, F|\n|poke|p2|Kabutops, F|\n|poke|p2|Crabominable, F|\n|teampreview\n|inactive|Battle timer is ON: inactive players will automatically lose when time's up. (requested by AlphaOmega07)\n|\n|t:|1701085855\n|start\n|switch|p1a: Hawlucha|Hawlucha, F, shiny|100\/100\n|switch|p2a: yeti crab|Crabominable, F|100\/100\n|turn|1\n|\n|t:|1701085860\n|move|p1a: Hawlucha|Sky Attack||[still]\n|-prepare|p1a: Hawlucha|Sky Attack\n|-enditem|p1a: Hawlucha|Power Herb\n|-anim|p1a: Hawlucha|Sky Attack|p2a: yeti crab\n|-supereffective|p2a: yeti crab\n|-damage|p2a: yeti crab|0 fnt\n|faint|p2a: yeti crab\n|\n|upkeep\n|\n|t:|1701085870\n|switch|p2a: rock crab|Klawf, F|100\/100\n|turn|2\n|\n|t:|1701085879\n|move|p1a: Hawlucha|Drain Punch|p2a: rock crab\n|-supereffective|p2a: rock crab\n|-damage|p2a: rock crab|43\/100\n|-ability|p2a: rock crab|Anger Shell|boost\n|-boost|p2a: rock crab|atk|1\n|-boost|p2a: rock crab|spa|1\n|-boost|p2a: rock crab|spe|1\n|-unboost|p2a: rock crab|def|1\n|-unboost|p2a: rock crab|spd|1\n|move|p2a: rock crab|Rock Blast|p1a: Hawlucha|[miss]\n|-miss|p2a: rock crab|p1a: Hawlucha\n|\n|upkeep\n|turn|3\n|\n|t:|1701085888\n|move|p1a: Hawlucha|Drain Punch|p2a: rock crab\n|-supereffective|p2a: rock crab\n|-damage|p2a: rock crab|0 fnt\n|faint|p2a: rock crab\n|\n|upkeep\n|c|\u2606AlphaOmega07|Never thought I'd be battling a crab team\n|inactive|g3ana has 120 seconds left.\n|\n|t:|1701085921\n|switch|p2a: horseshoe crab|Kabutops, F|100\/100\n|turn|4\n|\n|t:|1701085924\n|move|p1a: Hawlucha|Drain Punch|p2a: horseshoe crab\n|-supereffective|p2a: horseshoe crab\n|-damage|p2a: horseshoe crab|22\/100\n|-ability|p2a: horseshoe crab|Weak Armor|boost\n|-unboost|p2a: horseshoe crab|def|1\n|-boost|p2a: horseshoe crab|spe|2\n|move|p2a: horseshoe crab|Rock Blast|p1a: Hawlucha\n|-damage|p1a: Hawlucha|83\/100\n|-damage|p1a: Hawlucha|65\/100\n|-damage|p1a: Hawlucha|48\/100\n|-damage|p1a: Hawlucha|30\/100\n|-damage|p1a: Hawlucha|13\/100\n|-hitcount|p1a: Hawlucha|5\n|\n|upkeep\n|turn|5\n|\n|t:|1701085938\n|move|p1a: Hawlucha|Drain Punch|p2a: horseshoe crab\n|-supereffective|p2a: horseshoe crab\n|-damage|p2a: horseshoe crab|0 fnt\n|-heal|p1a: Hawlucha|23\/100|[from] drain|[of] p2a: horseshoe crab\n|faint|p2a: horseshoe crab\n|\n|upkeep\n|\n|t:|1701085943\n|switch|p2a: shrimp crab|Crawdaunt, F|100\/100\n|turn|6\n|\n|t:|1701085949\n|-terastallize|p2a: shrimp crab|Water\n|move|p2a: shrimp crab|Aqua Jet|p1a: Hawlucha\n|-damage|p1a: Hawlucha|0 fnt\n|faint|p1a: Hawlucha\n|\n|upkeep\n|\n|t:|1701085955\n|switch|p1a: Grimmsnarl|Grimmsnarl, M|100\/100\n|turn|7\n|\n|t:|1701085957\n|move|p1a: Grimmsnarl|Fake Out|p2a: shrimp crab\n|-damage|p2a: shrimp crab|79\/100\n|cant|p2a: shrimp crab|flinch\n|\n|upkeep\n|turn|8\n|\n|t:|1701085965\n|switch|p1a: Kommo-o|Kommo-o, F|100\/100\n|move|p2a: shrimp crab|Dragon Dance|p2a: shrimp crab\n|-boost|p2a: shrimp crab|atk|1\n|-boost|p2a: shrimp crab|spe|1\n|\n|upkeep\n|turn|9\n|\n|t:|1701085973\n|move|p2a: shrimp crab|Crunch|p1a: Kommo-o\n|-resisted|p1a: Kommo-o\n|-damage|p1a: Kommo-o|69\/100\n|move|p1a: Kommo-o|Clangorous Soul|p1a: Kommo-o\n|-boost|p1a: Kommo-o|atk|1\n|-boost|p1a: Kommo-o|def|1\n|-boost|p1a: Kommo-o|spa|1\n|-boost|p1a: Kommo-o|spd|1\n|-boost|p1a: Kommo-o|spe|1\n|-damage|p1a: Kommo-o|36\/100\n|-enditem|p1a: Kommo-o|Throat Spray\n|-boost|p1a: Kommo-o|spa|1|[from] item: Throat Spray\n|\n|upkeep\n|turn|10\n|\n|t:|1701085982\n|move|p1a: Kommo-o|Clanging Scales|p2a: shrimp crab\n|-damage|p2a: shrimp crab|0 fnt\n|faint|p2a: shrimp crab\n|-unboost|p1a: Kommo-o|def|1\n|\n|upkeep\n|\n|t:|1701085985\n|switch|p2a: gun crab|Clawitzer, F|100\/100\n|turn|11\n|\n|t:|1701085989\n|move|p1a: Kommo-o|Clanging Scales|p2a: gun crab\n|-damage|p2a: gun crab|0 fnt\n|faint|p2a: gun crab\n|-unboost|p1a: Kommo-o|def|1\n|\n|upkeep\n|\n|t:|1701085991\n|switch|p2a: queen crab|Kingler, F|100\/100\n|turn|12\n|\n|t:|1701085996\n|move|p1a: Kommo-o|Clanging Scales|p2a: queen crab\n|-crit|p2a: queen crab\n|-enditem|p2a: queen crab|Focus Sash\n|-damage|p2a: queen crab|1\/100\n|-unboost|p1a: Kommo-o|def|1\n|move|p2a: queen crab|Knock Off|p1a: Kommo-o\n|-resisted|p1a: Kommo-o\n|-damage|p1a: Kommo-o|14\/100\n|\n|upkeep\n|turn|13\n|\n|t:|1701086013\n|move|p1a: Kommo-o|Aura Sphere|p2a: queen crab\n|-damage|p2a: queen crab|0 fnt\n|faint|p2a: queen crab\n|\n|win|AlphaOmega07\n|raw|AlphaOmega07's rating: 1067 &rarr; <strong>1095<\/strong><br \/>(+28 for winning)\n|raw|g3ana's rating: 1049 &rarr; <strong>1033<\/strong><br \/>(-16 for losing)\n|l|\u2606g3ana\n","uploadtime":1701086017,"views":21,"p1id":"alphaomega07","p2id":"g3ana","formatid":"gen9nationaldex","rating":1033,"private":0,"password":""}