{"id":"gen9nationaldex-1999234356","p1":"gDUalyn","p2":"lucymtork","format":"[Gen 9] National Dex","log":"|html|<div class=\"broadcast-blue\"><strong>[Gen 9] National Dex is currently suspecting Sneasler! For information on how to participate check out the <a href=\"https:\/\/www.smogon.com\/forums\/threads\/sv-national-dex-suspect-8-just-dance.3731534\/\">suspect thread<\/a>.<\/strong><\/div>\n|j|\u2606gDUalyn\n|j|\u2606lucymtork\n|t:|1701048806\n|gametype|singles\n|player|p1|gDUalyn|unknown|1049\n|player|p2|lucymtork|kimonogirl|1025\n|teamsize|p1|6\n|teamsize|p2|6\n|gen|9\n|tier|[Gen 9] National Dex\n|rated|\n|rule|HP Percentage Mod: HP is shown in percentages\n|rule|Endless Battle Clause: Forcing endless battles is banned\n|rule|OHKO Clause: OHKO moves are banned\n|rule|Evasion Clause: Evasion abilities, items, and moves are banned\n|rule|Evasion Abilities Clause: Evasion abilities are banned\n|rule|Evasion Items Clause: Evasion items are banned\n|rule|Evasion Moves Clause: Evasion moves are banned\n|rule|Species Clause: Limit one of each Pok\u00e9mon\n|rule|Sleep Clause Mod: Limit one foe put to sleep\n|clearpoke\n|poke|p1|Clodsire, F|\n|poke|p1|Volcarona, M|\n|poke|p1|Jolteon, M|\n|poke|p1|Iron Valiant|\n|poke|p1|Lurantis, M|\n|poke|p1|Maushold-Four|\n|poke|p2|Azumarill, M|\n|poke|p2|Sandslash, M|\n|poke|p2|Ampharos, F|\n|poke|p2|Beedrill, M|\n|poke|p2|Dunsparce, M|\n|poke|p2|Drifblim, M|\n|teampreview\n|inactive|Battle timer is ON: inactive players will automatically lose when time's up. (requested by gDUalyn)\n|\n|t:|1701048835\n|start\n|switch|p1a: Lurantis|Lurantis, M|100\/100\n|switch|p2a: 8-Ball|Dunsparce, M|100\/100\n|turn|1\n|\n|t:|1701048844\n|move|p1a: Lurantis|Superpower|p2a: 8-Ball\n|-supereffective|p2a: 8-Ball\n|-damage|p2a: 8-Ball|64\/100\n|-boost|p1a: Lurantis|atk|1\n|-boost|p1a: Lurantis|def|1\n|move|p2a: 8-Ball|Stealth Rock|p1a: Lurantis\n|-sidestart|p1: gDUalyn|move: Stealth Rock\n|\n|upkeep\n|turn|2\n|\n|t:|1701048855\n|move|p1a: Lurantis|Superpower|p2a: 8-Ball\n|-supereffective|p2a: 8-Ball\n|-damage|p2a: 8-Ball|7\/100\n|-boost|p1a: Lurantis|atk|1\n|-boost|p1a: Lurantis|def|1\n|move|p2a: 8-Ball|Roost|p2a: 8-Ball\n|-heal|p2a: 8-Ball|57\/100\n|-singleturn|p2a: 8-Ball|move: Roost\n|\n|upkeep\n|turn|3\n|\n|t:|1701048863\n|switch|p2a: HindenburgDisaster|Drifblim, M, shiny|100\/100\n|move|p1a: Lurantis|Superpower|p2a: HindenburgDisaster\n|-immune|p2a: HindenburgDisaster\n|\n|-status|p2a: HindenburgDisaster|brn|[from] item: Flame Orb\n|upkeep\n|turn|4\n|\n|t:|1701048871\n|move|p2a: HindenburgDisaster|Air Slash|p1a: Lurantis\n|-supereffective|p1a: Lurantis\n|-damage|p1a: Lurantis|0 fnt\n|faint|p1a: Lurantis\n|\n|-damage|p2a: HindenburgDisaster|94\/100 brn|[from] brn\n|upkeep\n|\n|t:|1701048876\n|switch|p1a: Iron Valiant|Iron Valiant|100\/100\n|-damage|p1a: Iron Valiant|94\/100|[from] Stealth Rock\n|-enditem|p1a: Iron Valiant|Booster Energy\n|-activate|p1a: Iron Valiant|ability: Quark Drive|[fromitem]\n|-start|p1a: Iron Valiant|quarkdrivespe\n|turn|5\n|\n|t:|1701048886\n|move|p1a: Iron Valiant|Knock Off|p2a: HindenburgDisaster\n|-supereffective|p2a: HindenburgDisaster\n|-damage|p2a: HindenburgDisaster|0 fnt\n|-enditem|p2a: HindenburgDisaster|Flame Orb|[from] move: Knock Off|[of] p1a: Iron Valiant\n|faint|p2a: HindenburgDisaster\n|\n|upkeep\n|\n|t:|1701048902\n|switch|p2a: Beedrill(actual)|Beedrill, M|100\/100\n|turn|6\n|\n|t:|1701048930\n|move|p2a: Beedrill(actual)|Protect|p2a: Beedrill(actual)\n|-singleturn|p2a: Beedrill(actual)|Protect\n|move|p1a: Iron Valiant|Close Combat|p2a: Beedrill(actual)\n|-activate|p2a: Beedrill(actual)|move: Protect\n|\n|upkeep\n|turn|7\n|\n|t:|1701048952\n|move|p1a: Iron Valiant|Encore|p2a: Beedrill(actual)\n|-start|p2a: Beedrill(actual)|Encore\n|move|p2a: Beedrill(actual)|Protect||[still]\n|-fail|p2a: Beedrill(actual)\n|\n|upkeep\n|turn|8\n|\n|t:|1701048962\n|move|p2a: Beedrill(actual)|Protect|p2a: Beedrill(actual)\n|-singleturn|p2a: Beedrill(actual)|Protect\n|move|p1a: Iron Valiant|Close Combat|p2a: Beedrill(actual)\n|-activate|p2a: Beedrill(actual)|move: Protect\n|\n|upkeep\n|turn|9\n|\n|t:|1701048976\n|move|p2a: Beedrill(actual)|Protect|p2a: Beedrill(actual)\n|-singleturn|p2a: Beedrill(actual)|Protect\n|move|p1a: Iron Valiant|Close Combat|p2a: Beedrill(actual)\n|-activate|p2a: Beedrill(actual)|move: Protect\n|\n|-end|p2a: Beedrill(actual)|Encore\n|upkeep\n|turn|10\n|c|\u2606lucymtork|lmao\n|c|\u2606lucymtork|incredible\n|\n|t:|1701048990\n|move|p1a: Iron Valiant|Swords Dance|p1a: Iron Valiant\n|-boost|p1a: Iron Valiant|atk|2\n|move|p2a: Beedrill(actual)|Poison Jab|p1a: Iron Valiant\n|-supereffective|p1a: Iron Valiant\n|-damage|p1a: Iron Valiant|0 fnt\n|faint|p1a: Iron Valiant\n|-end|p1a: Iron Valiant|Quark Drive|[silent]\n|\n|upkeep\n|\n|t:|1701048996\n|switch|p1a: Clodsire|Clodsire, F|100\/100\n|-damage|p1a: Clodsire|94\/100|[from] Stealth Rock\n|turn|11\n|\n|t:|1701049004\n|move|p2a: Beedrill(actual)|Drill Run|p1a: Clodsire\n|-supereffective|p1a: Clodsire\n|-damage|p1a: Clodsire|48\/100\n|move|p1a: Clodsire|Stealth Rock|p2a: Beedrill(actual)\n|-sidestart|p2: lucymtork|move: Stealth Rock\n|\n|-heal|p1a: Clodsire|54\/100|[from] item: Leftovers\n|upkeep\n|turn|12\n|\n|t:|1701049012\n|move|p2a: Beedrill(actual)|Drill Run|p1a: Clodsire\n|-supereffective|p1a: Clodsire\n|-damage|p1a: Clodsire|9\/100\n|move|p1a: Clodsire|Earthquake|p2a: Beedrill(actual)\n|-crit|p2a: Beedrill(actual)\n|-damage|p2a: Beedrill(actual)|2\/100\n|\n|-heal|p1a: Clodsire|15\/100|[from] item: Leftovers\n|upkeep\n|turn|13\n|\n|t:|1701049037\n|move|p2a: Beedrill(actual)|Drill Run|p1a: Clodsire\n|-supereffective|p1a: Clodsire\n|-crit|p1a: Clodsire\n|-damage|p1a: Clodsire|0 fnt\n|faint|p1a: Clodsire\n|\n|upkeep\n|\n|t:|1701049041\n|switch|p1a: Volcarona|Volcarona, M|100\/100\n|-damage|p1a: Volcarona|51\/100|[from] Stealth Rock\n|turn|14\n|\n|t:|1701049060\n|move|p2a: Beedrill(actual)|Protect|p2a: Beedrill(actual)\n|-singleturn|p2a: Beedrill(actual)|Protect\n|move|p1a: Volcarona|Bug Buzz|p2a: Beedrill(actual)\n|-activate|p2a: Beedrill(actual)|move: Protect\n|\n|-heal|p1a: Volcarona|57\/100|[from] item: Leftovers\n|upkeep\n|turn|15\n|inactive|gDUalyn has 120 seconds left.\n|\n|t:|1701049105\n|move|p1a: Volcarona|Bug Buzz|p2a: Beedrill(actual)\n|-resisted|p2a: Beedrill(actual)\n|-damage|p2a: Beedrill(actual)|0 fnt\n|faint|p2a: Beedrill(actual)\n|\n|-heal|p1a: Volcarona|63\/100|[from] item: Leftovers\n|upkeep\n|\n|t:|1701049111\n|switch|p2a: lucy.yellow.rabbit|Azumarill, M, shiny|100\/100\n|-damage|p2a: lucy.yellow.rabbit|88\/100|[from] Stealth Rock\n|turn|16\n|\n|t:|1701049116\n|switch|p1a: Jolteon|Jolteon, M|100\/100\n|-damage|p1a: Jolteon|88\/100|[from] Stealth Rock\n|move|p2a: lucy.yellow.rabbit|Aqua Jet|p1a: Jolteon\n|-damage|p1a: Jolteon|65\/100\n|\n|upkeep\n|turn|17\n|\n|t:|1701049127\n|switch|p2a: Ampersand|Sandslash, M|100\/100\n|-damage|p2a: Ampersand|94\/100|[from] Stealth Rock\n|move|p1a: Jolteon|Hidden Power|p2a: Ampersand\n|-supereffective|p2a: Ampersand\n|-damage|p2a: Ampersand|19\/100\n|-damage|p1a: Jolteon|55\/100|[from] item: Life Orb\n|\n|upkeep\n|turn|18\n|\n|t:|1701049152\n|switch|p2a: Pandy Fackler|Ampharos, F|100\/100\n|-damage|p2a: Pandy Fackler|88\/100|[from] Stealth Rock\n|move|p1a: Jolteon|Hidden Power|p2a: Pandy Fackler\n|-damage|p2a: Pandy Fackler|66\/100\n|-damage|p1a: Jolteon|45\/100|[from] item: Life Orb\n|\n|upkeep\n|turn|19\n|\n|t:|1701049173\n|move|p1a: Jolteon|Shadow Ball|p2a: Pandy Fackler\n|-damage|p2a: Pandy Fackler|35\/100\n|-damage|p1a: Jolteon|35\/100|[from] item: Life Orb\n|move|p2a: Pandy Fackler|Rest|p2a: Pandy Fackler\n|-status|p2a: Pandy Fackler|slp|[from] move: Rest\n|-heal|p2a: Pandy Fackler|100\/100 slp|[silent]\n|\n|upkeep\n|turn|20\n|\n|t:|1701049185\n|switch|p1a: Volcarona|Volcarona, M|63\/100\n|-damage|p1a: Volcarona|13\/100|[from] Stealth Rock\n|detailschange|p2a: Pandy Fackler|Ampharos-Mega, F\n|-mega|p2a: Pandy Fackler|Ampharos|Ampharosite\n|-ability|p2a: Pandy Fackler|Mold Breaker\n|cant|p2a: Pandy Fackler|slp\n|move|p2a: Pandy Fackler|Sleep Talk|p2a: Pandy Fackler\n|move|p2a: Pandy Fackler|Volt Switch|p1a: Volcarona|[from]move: Sleep Talk\n|-damage|p1a: Volcarona|0 fnt\n|faint|p1a: Volcarona\n|\n|t:|1701049199\n|switch|p2a: lucy.yellow.rabbit|Azumarill, M, shiny|88\/100|[from] Volt Switch\n|-damage|p2a: lucy.yellow.rabbit|76\/100|[from] Stealth Rock\n|\n|upkeep\n|\n|t:|1701049204\n|switch|p1a: Jolteon|Jolteon, M|35\/100\n|-damage|p1a: Jolteon|23\/100|[from] Stealth Rock\n|turn|21\n|\n|t:|1701049207\n|move|p2a: lucy.yellow.rabbit|Aqua Jet|p1a: Jolteon\n|-damage|p1a: Jolteon|0 fnt\n|faint|p1a: Jolteon\n|\n|upkeep\n|\n|t:|1701049210\n|switch|p1a: Maushold|Maushold-Four|100\/100\n|-damage|p1a: Maushold|88\/100|[from] Stealth Rock\n|turn|22\n|\n|t:|1701049218\n|move|p1a: Maushold|Population Bomb|p2a: lucy.yellow.rabbit\n|-damage|p2a: lucy.yellow.rabbit|58\/100\n|-damage|p2a: lucy.yellow.rabbit|40\/100\n|-enditem|p2a: lucy.yellow.rabbit|Sitrus Berry|[eat]\n|-heal|p2a: lucy.yellow.rabbit|65\/100|[from] item: Sitrus Berry\n|-damage|p2a: lucy.yellow.rabbit|48\/100\n|-damage|p2a: lucy.yellow.rabbit|30\/100\n|-damage|p2a: lucy.yellow.rabbit|14\/100\n|-damage|p2a: lucy.yellow.rabbit|0 fnt\n|faint|p2a: lucy.yellow.rabbit\n|-hitcount|p2: lucy.yellow.rabbit|6\n|\n|upkeep\n|\n|t:|1701049238\n|switch|p2a: Pandy Fackler|Ampharos-Mega, F|100\/100 slp\n|-damage|p2a: Pandy Fackler|88\/100 slp|[from] Stealth Rock\n|-ability|p2a: Pandy Fackler|Mold Breaker\n|turn|23\n|\n|t:|1701049246\n|-terastallize|p1a: Maushold|Normal\n|move|p1a: Maushold|Population Bomb|p2a: Pandy Fackler\n|-damage|p2a: Pandy Fackler|68\/100 slp\n|-damage|p2a: Pandy Fackler|50\/100 slp\n|-damage|p2a: Pandy Fackler|31\/100 slp\n|-damage|p2a: Pandy Fackler|12\/100 slp\n|-damage|p2a: Pandy Fackler|0 fnt\n|faint|p2a: Pandy Fackler\n|-hitcount|p2: Pandy Fackler|5\n|\n|upkeep\n|inactive|lucymtork has 120 seconds left.\n|\n|t:|1701049266\n|switch|p2a: 8-Ball|Dunsparce, M|57\/100\n|-damage|p2a: 8-Ball|45\/100|[from] Stealth Rock\n|turn|24\n|\n|t:|1701049272\n|move|p1a: Maushold|Population Bomb|p2a: 8-Ball\n|-damage|p2a: 8-Ball|33\/100\n|-damage|p2a: 8-Ball|22\/100\n|-damage|p2a: 8-Ball|11\/100\n|-crit|p2a: 8-Ball\n|-damage|p2a: 8-Ball|0 fnt\n|faint|p2a: 8-Ball\n|-hitcount|p2: 8-Ball|4\n|\n|upkeep\n|\n|t:|1701049280\n|switch|p2a: Ampersand|Sandslash, M|19\/100\n|-damage|p2a: Ampersand|13\/100|[from] Stealth Rock\n|turn|25\n|\n|t:|1701049285\n|move|p1a: Maushold|Population Bomb|p2a: Ampersand|[miss]\n|-miss|p1a: Maushold|p2a: Ampersand\n|move|p2a: Ampersand|Earthquake|p1a: Maushold\n|-damage|p1a: Maushold|0 fnt\n|faint|p1a: Maushold\n|-damage|p2a: Ampersand|3\/100|[from] item: Life Orb\n|\n|win|lucymtork\n|raw|gDUalyn's rating: 1049 &rarr; <strong>1030<\/strong><br \/>(-19 for losing)\n|raw|lucymtork's rating: 1025 &rarr; <strong>1064<\/strong><br \/>(+39 for winning)\n|c|\u2606gDUalyn|:(\n|c|\u2606gDUalyn|gg\n|c|\u2606lucymtork|:D\n|l|\u2606gDUalyn\n|c|\u2606lucymtork|GG!\n","uploadtime":1701049339,"views":3,"p1id":"gdualyn","p2id":"lucymtork","formatid":"gen9nationaldex","rating":1030,"private":0,"password":""}