{"id":"gen9nationaldex-1999070898","p1":"ShriveledMonkey","p2":"Nisa local","format":"[Gen 9] National Dex","log":"|html|<div class=\"broadcast-blue\"><strong>[Gen 9] National Dex is currently suspecting Sneasler! For information on how to participate check out the <a href=\"https:\/\/www.smogon.com\/forums\/threads\/sv-national-dex-suspect-8-just-dance.3731534\/\">suspect thread<\/a>.<\/strong><\/div>\n|j|\u2606ShriveledMonkey\n|j|\u2606Nisa local\n|t:|1701030038\n|gametype|singles\n|player|p1|ShriveledMonkey|102|1049\n|player|p2|Nisa local|riley|1048\n|teamsize|p1|6\n|teamsize|p2|6\n|gen|9\n|tier|[Gen 9] National Dex\n|rated|\n|rule|HP Percentage Mod: HP is shown in percentages\n|rule|Endless Battle Clause: Forcing endless battles is banned\n|rule|OHKO Clause: OHKO moves are banned\n|rule|Evasion Clause: Evasion abilities, items, and moves are banned\n|rule|Evasion Abilities Clause: Evasion abilities are banned\n|rule|Evasion Items Clause: Evasion items are banned\n|rule|Evasion Moves Clause: Evasion moves are banned\n|rule|Species Clause: Limit one of each Pok\u00e9mon\n|rule|Sleep Clause Mod: Limit one foe put to sleep\n|clearpoke\n|poke|p1|Tapu Fini|\n|poke|p1|Haxorus, F|\n|poke|p1|Banette, F|\n|poke|p1|Eelektross, F|\n|poke|p1|Scolipede, F|\n|poke|p1|Butterfree, M|\n|poke|p2|Greninja-*, M|\n|poke|p2|Tapu Koko|\n|poke|p2|Charizard, M|\n|poke|p2|Landorus-Therian, M|\n|poke|p2|Goodra, F|\n|poke|p2|Hoopa-Unbound|\n|teampreview\n|inactive|Battle timer is ON: inactive players will automatically lose when time's up. (requested by Nisa local)\n|\n|t:|1701030042\n|start\n|switch|p1a: Haxorus|Haxorus, F|100\/100\n|switch|p2a: Charizard|Charizard, M, shiny|100\/100\n|-ability|p1a: Haxorus|Mold Breaker\n|turn|1\n|j| FreneL\n|\n|t:|1701030056\n|detailschange|p2a: Charizard|Charizard-Mega-Y, M, shiny\n|-mega|p2a: Charizard|Charizard|Charizardite Y\n|-weather|SunnyDay|[from] ability: Drought|[of] p2a: Charizard\n|move|p2a: Charizard|Fire Blast|p1a: Haxorus\n|-resisted|p1a: Haxorus\n|-damage|p1a: Haxorus|10\/100\n|move|p1a: Haxorus|Swords Dance|p1a: Haxorus\n|-boost|p1a: Haxorus|atk|2\n|\n|-weather|SunnyDay|[upkeep]\n|upkeep\n|turn|2\n|l| FreneL\n|\n|t:|1701030067\n|-terastallize|p1a: Haxorus|Electric\n|move|p2a: Charizard|Air Slash|p1a: Haxorus\n|-resisted|p1a: Haxorus\n|-damage|p1a: Haxorus|0 fnt\n|faint|p1a: Haxorus\n|\n|-weather|SunnyDay|[upkeep]\n|upkeep\n|\n|t:|1701030077\n|switch|p1a: Eelektross|Eelektross, F|100\/100\n|turn|3\n|\n|t:|1701030083\n|move|p2a: Charizard|Solar Beam||[still]\n|-prepare|p2a: Charizard|Solar Beam\n|-anim|p2a: Charizard|Solar Beam|p1a: Eelektross\n|-damage|p1a: Eelektross|60\/100\n|move|p1a: Eelektross|Coil|p1a: Eelektross\n|-boost|p1a: Eelektross|atk|1\n|-boost|p1a: Eelektross|def|1\n|-boost|p1a: Eelektross|accuracy|1\n|\n|-weather|SunnyDay|[upkeep]\n|-heal|p1a: Eelektross|66\/100|[from] item: Leftovers\n|upkeep\n|turn|4\n|\n|t:|1701030098\n|switch|p2a: Goodra|Goodra, F|100\/100\n|move|p1a: Eelektross|Wild Charge|p2a: Goodra\n|-resisted|p2a: Goodra\n|-damage|p2a: Goodra|68\/100\n|-damage|p1a: Eelektross|57\/100|[from] Recoil\n|\n|-weather|SunnyDay|[upkeep]\n|-heal|p1a: Eelektross|64\/100|[from] item: Leftovers\n|upkeep\n|turn|5\n|\n|t:|1701030114\n|move|p2a: Goodra|Power Whip|p1a: Eelektross\n|-damage|p1a: Eelektross|42\/100\n|move|p1a: Eelektross|Drain Punch|p2a: Goodra\n|-damage|p2a: Goodra|34\/100\n|-heal|p1a: Eelektross|60\/100|[from] drain|[of] p2a: Goodra\n|\n|-weather|none\n|-heal|p1a: Eelektross|66\/100|[from] item: Leftovers\n|upkeep\n|turn|6\n|\n|t:|1701030124\n|move|p2a: Goodra|Dragon Pulse|p1a: Eelektross\n|-damage|p1a: Eelektross|36\/100\n|move|p1a: Eelektross|Drain Punch|p2a: Goodra\n|-damage|p2a: Goodra|0 fnt\n|-heal|p1a: Eelektross|53\/100|[from] drain|[of] p2a: Goodra\n|faint|p2a: Goodra\n|\n|-heal|p1a: Eelektross|59\/100|[from] item: Leftovers\n|upkeep\n|\n|t:|1701030136\n|switch|p2a: Hoopa|Hoopa-Unbound|100\/100\n|turn|7\n|\n|t:|1701030142\n|move|p2a: Hoopa|Hyperspace Fury|p1a: Eelektross\n|-damage|p1a: Eelektross|23\/100\n|-unboost|p2a: Hoopa|def|1\n|move|p1a: Eelektross|Wild Charge|p2a: Hoopa\n|-damage|p2a: Hoopa|0 fnt\n|faint|p2a: Hoopa\n|-damage|p1a: Eelektross|3\/100|[from] Recoil\n|\n|-heal|p1a: Eelektross|9\/100|[from] item: Leftovers\n|upkeep\n|\n|t:|1701030152\n|switch|p2a: Landorus|Landorus-Therian, M, shiny|100\/100\n|-ability|p2a: Landorus|Intimidate|boost\n|-unboost|p1a: Eelektross|atk|1\n|turn|8\n|\n|t:|1701030160\n|move|p2a: Landorus|Hammer Arm|p1a: Eelektross\n|-damage|p1a: Eelektross|0 fnt\n|-unboost|p2a: Landorus|spe|1\n|faint|p1a: Eelektross\n|\n|upkeep\n|\n|t:|1701030170\n|switch|p1a: Tapu Fini|Tapu Fini|100\/100\n|-fieldstart|move: Misty Terrain|[from] ability: Misty Surge|[of] p1a: Tapu Fini\n|turn|9\n|\n|t:|1701030181\n|move|p1a: Tapu Fini|Whirlpool|p2a: Landorus|[miss]\n|-miss|p1a: Tapu Fini|p2a: Landorus\n|move|p2a: Landorus|Hammer Arm|p1a: Tapu Fini\n|-resisted|p1a: Tapu Fini\n|-crit|p1a: Tapu Fini\n|-damage|p1a: Tapu Fini|76\/100\n|-unboost|p2a: Landorus|spe|1\n|\n|-heal|p1a: Tapu Fini|82\/100|[from] item: Leftovers\n|upkeep\n|turn|10\n|\n|t:|1701030194\n|switch|p2a: Charizard|Charizard-Mega-Y, M, shiny|100\/100\n|-weather|SunnyDay|[from] ability: Drought|[of] p2a: Charizard\n|move|p1a: Tapu Fini|Whirlpool|p2a: Charizard\n|-supereffective|p2a: Charizard\n|-damage|p2a: Charizard|88\/100\n|-activate|p2a: Charizard|move: Whirlpool|[of] p1a: Tapu Fini\n|\n|-weather|SunnyDay|[upkeep]\n|-heal|p1a: Tapu Fini|88\/100|[from] item: Leftovers\n|-damage|p2a: Charizard|76\/100|[from] move: Whirlpool|[partiallytrapped]\n|upkeep\n|turn|11\n|\n|t:|1701030212\n|move|p2a: Charizard|Solar Beam||[still]\n|-prepare|p2a: Charizard|Solar Beam\n|-anim|p2a: Charizard|Solar Beam|p1a: Tapu Fini\n|-supereffective|p1a: Tapu Fini\n|-damage|p1a: Tapu Fini|0 fnt\n|faint|p1a: Tapu Fini\n|\n|-weather|SunnyDay|[upkeep]\n|-end|p2a: Charizard|Whirlpool|[partiallytrapped]|[silent]\n|upkeep\n|\n|t:|1701030220\n|switch|p1a: Banette|Banette, F|100\/100\n|turn|12\n|\n|t:|1701030228\n|move|p2a: Charizard|Solar Beam||[still]\n|-prepare|p2a: Charizard|Solar Beam\n|-anim|p2a: Charizard|Solar Beam|p1a: Banette\n|-damage|p1a: Banette|0 fnt\n|faint|p1a: Banette\n|\n|-weather|SunnyDay|[upkeep]\n|upkeep\n|\n|t:|1701030235\n|switch|p1a: Scolipede|Scolipede, F|100\/100\n|turn|13\n|\n|t:|1701030239\n|move|p1a: Scolipede|Swords Dance|p1a: Scolipede\n|-boost|p1a: Scolipede|atk|2\n|move|p2a: Charizard|Fire Blast|p1a: Scolipede|[miss]\n|-miss|p2a: Charizard|p1a: Scolipede\n|\n|-weather|SunnyDay|[upkeep]\n|-fieldend|Misty Terrain\n|-ability|p1a: Scolipede|Speed Boost|boost\n|-boost|p1a: Scolipede|spe|1\n|upkeep\n|turn|14\n|\n|t:|1701030247\n|move|p1a: Scolipede|Poison Jab|p2a: Charizard\n|-crit|p2a: Charizard\n|-damage|p2a: Charizard|0 fnt\n|faint|p2a: Charizard\n|\n|-weather|none\n|-ability|p1a: Scolipede|Speed Boost|boost\n|-boost|p1a: Scolipede|spe|1\n|upkeep\n|\n|t:|1701030257\n|switch|p2a: Landorus|Landorus-Therian, M, shiny|100\/100\n|-ability|p2a: Landorus|Intimidate|boost\n|-unboost|p1a: Scolipede|atk|1\n|turn|15\n|\n|t:|1701030264\n|move|p1a: Scolipede|Poison Jab|p2a: Landorus\n|-resisted|p2a: Landorus\n|-damage|p2a: Landorus|74\/100\n|-status|p2a: Landorus|psn\n|move|p2a: Landorus|Hammer Arm|p1a: Scolipede\n|-resisted|p1a: Scolipede\n|-damage|p1a: Scolipede|86\/100\n|-unboost|p2a: Landorus|spe|1\n|\n|-damage|p2a: Landorus|62\/100 psn|[from] psn\n|-ability|p1a: Scolipede|Speed Boost|boost\n|-boost|p1a: Scolipede|spe|1\n|upkeep\n|turn|16\n|\n|t:|1701030277\n|move|p1a: Scolipede|Megahorn|p2a: Landorus\n|-resisted|p2a: Landorus\n|-damage|p2a: Landorus|25\/100 psn\n|move|p2a: Landorus|Outrage|p1a: Scolipede\n|-damage|p1a: Scolipede|19\/100\n|\n|-damage|p2a: Landorus|13\/100 psn|[from] psn\n|-ability|p1a: Scolipede|Speed Boost|boost\n|-boost|p1a: Scolipede|spe|1\n|upkeep\n|turn|17\n|\n|t:|1701030287\n|move|p1a: Scolipede|Megahorn|p2a: Landorus\n|-resisted|p2a: Landorus\n|-damage|p2a: Landorus|0 fnt\n|faint|p2a: Landorus\n|\n|-ability|p1a: Scolipede|Speed Boost|boost\n|-boost|p1a: Scolipede|spe|1\n|upkeep\n|\n|t:|1701030297\n|switch|p2a: Greninja|Greninja, M, shiny|100\/100\n|turn|18\n|\n|t:|1701030302\n|move|p1a: Scolipede|Megahorn|p2a: Greninja\n|-supereffective|p2a: Greninja\n|-damage|p2a: Greninja|0 fnt\n|faint|p2a: Greninja\n|\n|-ability|p1a: Scolipede|Speed Boost|boost\n|-boost|p1a: Scolipede|spe|1\n|upkeep\n|\n|t:|1701030308\n|switch|p2a: Tapu Koko|Tapu Koko, shiny|100\/100\n|-fieldstart|move: Electric Terrain|[from] ability: Electric Surge|[of] p2a: Tapu Koko\n|turn|19\n|\n|t:|1701030314\n|move|p1a: Scolipede|Poison Jab|p2a: Tapu Koko\n|-supereffective|p2a: Tapu Koko\n|-damage|p2a: Tapu Koko|0 fnt\n|faint|p2a: Tapu Koko\n|\n|win|ShriveledMonkey\n|raw|ShriveledMonkey's rating: 1049 &rarr; <strong>1080<\/strong><br \/>(+31 for winning)\n|raw|Nisa local's rating: 1028 &rarr; <strong>1015<\/strong><br \/>(-13 for losing)\n|l|\u2606Nisa local\n","uploadtime":1701030321,"views":1,"p1id":"shriveledmonkey","p2id":"nisalocal","formatid":"gen9nationaldex","rating":1015,"private":0,"password":""}