{"id":"gen9nationaldex-1987243964","p1":"crocksandsocks","p2":"Glass101","format":"[Gen 9] National Dex","log":"|j|\u203dcrocksandsocks\n|j|\u2606Glass101\n|t:|1699568827\n|gametype|singles\n|player|p1|crocksandsocks|bruno|1533\n|player|p2|Glass101|rocketgruntf|1585\n|teamsize|p1|6\n|teamsize|p2|6\n|gen|9\n|tier|[Gen 9] National Dex\n|rated|\n|rule|HP Percentage Mod: HP is shown in percentages\n|rule|Endless Battle Clause: Forcing endless battles is banned\n|rule|OHKO Clause: OHKO moves are banned\n|rule|Evasion Clause: Evasion abilities, items, and moves are banned\n|rule|Evasion Abilities Clause: Evasion abilities are banned\n|rule|Evasion Items Clause: Evasion items are banned\n|rule|Evasion Moves Clause: Evasion moves are banned\n|rule|Species Clause: Limit one of each Pok\u00e9mon\n|rule|Sleep Clause Mod: Limit one foe put to sleep\n|clearpoke\n|poke|p1|Ninetales-Alola, M|\n|poke|p1|Garchomp, F|\n|poke|p1|Greninja-*, M|\n|poke|p1|Urshifu-*, F|\n|poke|p1|Corviknight, M|\n|poke|p1|Kommo-o, M|\n|poke|p2|Kyurem|\n|poke|p2|Galvantula, F|\n|poke|p2|Cresselia, F|\n|poke|p2|Ceruledge, M|\n|poke|p2|Garchomp, M|\n|poke|p2|Clodsire, M|\n|teampreview\n|\n|t:|1699568834\n|start\n|switch|p1a: Ninetales|Ninetales-Alola, M|100\/100\n|switch|p2a: Galvantula|Galvantula, F|100\/100\n|-weather|Snow|[from] ability: Snow Warning|[of] p1a: Ninetales\n|turn|1\n|inactive|Battle timer is ON: inactive players will automatically lose when time's up. (requested by Glass101)\n|\n|t:|1699568843\n|move|p1a: Ninetales|Aurora Veil|p1a: Ninetales\n|-sidestart|p1: crocksandsocks|move: Aurora Veil\n|move|p2a: Galvantula|Thunder Wave|p1a: Ninetales\n|-status|p1a: Ninetales|par\n|\n|-weather|Snow|[upkeep]\n|upkeep\n|turn|2\n|\n|t:|1699568861\n|move|p2a: Galvantula|Sticky Web|p1a: Ninetales\n|-sidestart|p1: crocksandsocks|move: Sticky Web\n|move|p1a: Ninetales|Encore|p2a: Galvantula\n|-start|p2a: Galvantula|Encore\n|\n|-weather|Snow|[upkeep]\n|upkeep\n|turn|3\n|\n|t:|1699568868\n|switch|p2a: Garchomp|Garchomp, M|100\/100\n|switch|p1a: Corviknight|Corviknight, M|100\/100\n|-ability|p1a: Corviknight|Pressure\n|\n|-weather|Snow|[upkeep]\n|upkeep\n|turn|4\n|\n|t:|1699568877\n|switch|p2a: Galvantula|Galvantula, F|100\/100\n|move|p1a: Corviknight|Defog|p2a: Galvantula\n|-unboost|p2a: Galvantula|evasion|1\n|-sideend|p1: crocksandsocks|Sticky Web|[from] move: Defog|[of] p1a: Corviknight\n|\n|-weather|Snow|[upkeep]\n|upkeep\n|turn|5\n|\n|t:|1699568890\n|switch|p1a: Garchomp|Garchomp, F|100\/100\n|move|p2a: Galvantula|Sticky Web|p1a: Garchomp\n|-sidestart|p1: crocksandsocks|move: Sticky Web\n|\n|-weather|none\n|upkeep\n|turn|6\n|\n|t:|1699568896\n|move|p2a: Galvantula|Hidden Power|p1a: Garchomp\n|-supereffective|p1a: Garchomp\n|-damage|p1a: Garchomp|61\/100\n|move|p1a: Garchomp|Swords Dance|p1a: Garchomp\n|-boost|p1a: Garchomp|atk|2\n|\n|upkeep\n|turn|7\n|\n|t:|1699568905\n|-terastallize|p1a: Garchomp|Steel\n|move|p2a: Galvantula|Hidden Power|p1a: Garchomp\n|-resisted|p1a: Garchomp\n|-damage|p1a: Garchomp|57\/100\n|move|p1a: Garchomp|Scale Shot|p2a: Galvantula\n|-damage|p2a: Galvantula|46\/100\n|-damage|p2a: Galvantula|0 fnt\n|faint|p2a: Galvantula\n|-hitcount|p2: Galvantula|2\n|-unboost|p1a: Garchomp|def|1\n|-boost|p1a: Garchomp|spe|1\n|\n|upkeep\n|\n|t:|1699568911\n|switch|p2a: Clodsire|Clodsire, M|100\/100\n|turn|8\n|\n|t:|1699568921\n|move|p1a: Garchomp|Earthquake|p2a: Clodsire\n|-supereffective|p2a: Clodsire\n|-damage|p2a: Clodsire|10\/100\n|move|p2a: Clodsire|Counter|p1a: Garchomp\n|-damage|p1a: Garchomp|0 fnt\n|-damage|p2a: Clodsire|0 fnt|[from] ability: Rough Skin|[of] p1a: Garchomp\n|faint|p1a: Garchomp\n|faint|p2a: Clodsire\n|\n|-sideend|p1: crocksandsocks|move: Aurora Veil\n|upkeep\n|\n|t:|1699568933\n|switch|p1a: Corviknight|Corviknight, M|100\/100\n|switch|p2a: Ceruledge|Ceruledge, M|100\/100\n|-ability|p1a: Corviknight|Pressure\n|turn|9\n|\n|t:|1699568939\n|move|p2a: Ceruledge|Swords Dance|p2a: Ceruledge\n|-boost|p2a: Ceruledge|atk|2\n|move|p1a: Corviknight|Defog|p2a: Ceruledge\n|-unboost|p2a: Ceruledge|evasion|1\n|-sideend|p1: crocksandsocks|Sticky Web|[from] move: Defog|[of] p1a: Corviknight\n|\n|upkeep\n|turn|10\n|\n|t:|1699568953\n|switch|p1a: Ninetales|Ninetales-Alola, M|100\/100 par\n|-weather|Snow|[from] ability: Snow Warning|[of] p1a: Ninetales\n|move|p2a: Ceruledge|Substitute|p2a: Ceruledge\n|-start|p2a: Ceruledge|Substitute\n|-damage|p2a: Ceruledge|76\/100\n|\n|-weather|Snow|[upkeep]\n|upkeep\n|turn|11\n|\n|t:|1699568964\n|move|p2a: Ceruledge|Bitter Blade|p1a: Ninetales\n|-supereffective|p1a: Ninetales\n|-damage|p1a: Ninetales|0 fnt\n|-heal|p2a: Ceruledge|100\/100|[from] drain|[of] p1a: Ninetales\n|faint|p1a: Ninetales\n|\n|-weather|Snow|[upkeep]\n|upkeep\n|\n|t:|1699568976\n|switch|p1a: Greninja|Greninja, M|100\/100\n|turn|12\n|\n|t:|1699568979\n|move|p1a: Greninja|Dark Pulse|p2a: Ceruledge\n|-supereffective|p2a: Ceruledge\n|-crit|p2a: Ceruledge\n|-end|p2a: Ceruledge|Substitute\n|move|p2a: Ceruledge|Poltergeist|p1a: Greninja\n|-activate|p1a: Greninja|move: Poltergeist|Choice Specs\n|-resisted|p1a: Greninja\n|-damage|p1a: Greninja|16\/100\n|\n|-weather|Snow|[upkeep]\n|upkeep\n|turn|13\n|\n|t:|1699568989\n|switch|p2a: Kyurem|Kyurem|100\/100\n|-ability|p2a: Kyurem|Pressure\n|move|p1a: Greninja|Dark Pulse|p2a: Kyurem\n|-damage|p2a: Kyurem|55\/100\n|\n|-weather|Snow|[upkeep]\n|upkeep\n|turn|14\n|\n|t:|1699569000\n|move|p1a: Greninja|Dark Pulse|p2a: Kyurem\n|-damage|p2a: Kyurem|8\/100\n|move|p2a: Kyurem|Freeze-Dry|p1a: Greninja\n|-supereffective|p1a: Greninja\n|-damage|p1a: Greninja|0 fnt\n|faint|p1a: Greninja\n|-damage|p2a: Kyurem|0 fnt|[from] item: Life Orb\n|faint|p2a: Kyurem\n|\n|-weather|none\n|upkeep\n|\n|t:|1699569016\n|switch|p1a: Urshifu|Urshifu-Rapid-Strike, F|100\/100\n|switch|p2a: Garchomp|Garchomp, M|100\/100\n|turn|15\n|\n|t:|1699569025\n|move|p2a: Garchomp|Earthquake|p1a: Urshifu\n|-damage|p1a: Urshifu|46\/100\n|move|p1a: Urshifu|Surging Strikes|p2a: Garchomp\n|-crit|p2a: Garchomp\n|-damage|p2a: Garchomp|79\/100\n|-crit|p2a: Garchomp\n|-damage|p2a: Garchomp|56\/100\n|-crit|p2a: Garchomp\n|-damage|p2a: Garchomp|33\/100\n|-hitcount|p2a: Garchomp|3\n|\n|upkeep\n|turn|16\n|l|\u203dcrocksandsocks\n|inactive|crocksandsocks disconnected and has a minute to reconnect!\n|player|p1|\n|j|\u203dcrocksandsocks\n|inactive|crocksandsocks reconnected and has 125 seconds left.\n|player|p1|crocksandsocks|bruno\n|n|\u203dcrocksandsocks|crocksandsocks\n|inactive|crocksandsocks has 120 seconds left.\n|\n|t:|1699569056\n|switch|p2a: Ceruledge|Ceruledge, M|100\/100\n|move|p1a: Urshifu|Surging Strikes|p2a: Ceruledge\n|-supereffective|p2a: Ceruledge\n|-crit|p2a: Ceruledge\n|-damage|p2a: Ceruledge|40\/100\n|-supereffective|p2a: Ceruledge\n|-crit|p2a: Ceruledge\n|-damage|p2a: Ceruledge|0 fnt\n|faint|p2a: Ceruledge\n|-hitcount|p2: Ceruledge|2\n|\n|upkeep\n|c|\u2606Glass101|Why on earth would you do that .-.\n|\n|t:|1699569067\n|switch|p2a: Cresselia|Cresselia, F|100\/100\n|turn|17\n|\n|t:|1699569072\n|move|p1a: Urshifu|Surging Strikes|p2a: Cresselia\n|-crit|p2a: Cresselia\n|-damage|p2a: Cresselia|87\/100\n|-crit|p2a: Cresselia\n|-damage|p2a: Cresselia|75\/100\n|-crit|p2a: Cresselia\n|-damage|p2a: Cresselia|63\/100\n|-hitcount|p2a: Cresselia|3\n|move|p2a: Cresselia|Moonblast|p1a: Urshifu\n|-supereffective|p1a: Urshifu\n|-damage|p1a: Urshifu|0 fnt\n|faint|p1a: Urshifu\n|\n|upkeep\n|\n|t:|1699569084\n|switch|p1a: Corviknight|Corviknight, M|100\/100\n|-ability|p1a: Corviknight|Pressure\n|turn|18\n|\n|t:|1699569089\n|-terastallize|p2a: Cresselia|Poison\n|move|p2a: Cresselia|Calm Mind|p2a: Cresselia\n|-boost|p2a: Cresselia|spa|1\n|-boost|p2a: Cresselia|spd|1\n|move|p1a: Corviknight|Iron Defense|p1a: Corviknight\n|-boost|p1a: Corviknight|def|2\n|\n|upkeep\n|turn|19\n|\n|t:|1699569098\n|move|p2a: Cresselia|Calm Mind|p2a: Cresselia\n|-boost|p2a: Cresselia|spa|1\n|-boost|p2a: Cresselia|spd|1\n|move|p1a: Corviknight|Iron Defense|p1a: Corviknight\n|-boost|p1a: Corviknight|def|2\n|\n|upkeep\n|turn|20\n|\n|t:|1699569105\n|move|p2a: Cresselia|Moonlight|p2a: Cresselia\n|-heal|p2a: Cresselia|100\/100\n|move|p1a: Corviknight|Iron Defense|p1a: Corviknight\n|-boost|p1a: Corviknight|def|2\n|\n|upkeep\n|turn|21\n|\n|t:|1699569111\n|move|p2a: Cresselia|Calm Mind|p2a: Cresselia\n|-boost|p2a: Cresselia|spa|1\n|-boost|p2a: Cresselia|spd|1\n|move|p1a: Corviknight|Body Press|p2a: Cresselia\n|-resisted|p2a: Cresselia\n|-damage|p2a: Cresselia|68\/100\n|\n|upkeep\n|turn|22\n|\n|t:|1699569118\n|move|p2a: Cresselia|Calm Mind|p2a: Cresselia\n|-boost|p2a: Cresselia|spa|1\n|-boost|p2a: Cresselia|spd|1\n|move|p1a: Corviknight|Body Press|p2a: Cresselia\n|-resisted|p2a: Cresselia\n|-damage|p2a: Cresselia|39\/100\n|\n|upkeep\n|turn|23\n|\n|t:|1699569125\n|move|p2a: Cresselia|Moonlight|p2a: Cresselia\n|-heal|p2a: Cresselia|89\/100\n|move|p1a: Corviknight|Body Press|p2a: Cresselia\n|-resisted|p2a: Cresselia\n|-damage|p2a: Cresselia|58\/100\n|\n|upkeep\n|turn|24\n|\n|t:|1699569133\n|move|p2a: Cresselia|Calm Mind|p2a: Cresselia\n|-boost|p2a: Cresselia|spa|1\n|-boost|p2a: Cresselia|spd|1\n|move|p1a: Corviknight|Body Press|p2a: Cresselia\n|-resisted|p2a: Cresselia\n|-damage|p2a: Cresselia|28\/100\n|\n|upkeep\n|turn|25\n|\n|t:|1699569139\n|move|p2a: Cresselia|Moonlight|p2a: Cresselia\n|-heal|p2a: Cresselia|78\/100\n|move|p1a: Corviknight|Body Press|p2a: Cresselia\n|-resisted|p2a: Cresselia\n|-damage|p2a: Cresselia|47\/100\n|\n|upkeep\n|turn|26\n|\n|t:|1699569147\n|move|p2a: Cresselia|Moonlight|p2a: Cresselia\n|-heal|p2a: Cresselia|97\/100\n|move|p1a: Corviknight|Body Press|p2a: Cresselia\n|-resisted|p2a: Cresselia\n|-damage|p2a: Cresselia|69\/100\n|\n|upkeep\n|turn|27\n|\n|t:|1699569154\n|move|p2a: Cresselia|Stored Power|p1a: Corviknight\n|-resisted|p1a: Corviknight\n|-damage|p1a: Corviknight|0 fnt\n|faint|p1a: Corviknight\n|\n|upkeep\n|\n|t:|1699569159\n|switch|p1a: Kommo-o|Kommo-o, M|100\/100\n|turn|28\n|c|\u2606Glass101|Sacking that urshifu was such a goofy move lol\n|\n|t:|1699569168\n|move|p1a: Kommo-o|Clanging Scales|p2a: Cresselia\n|-damage|p2a: Cresselia|60\/100\n|-unboost|p1a: Kommo-o|def|1\n|move|p2a: Cresselia|Stored Power|p1a: Kommo-o\n|-supereffective|p1a: Kommo-o\n|-damage|p1a: Kommo-o|0 fnt\n|faint|p1a: Kommo-o\n|\n|win|Glass101\n|raw|crocksandsocks's rating: 1533 &rarr; <strong>1516<\/strong><br \/>(-17 for losing)\n|raw|Glass101's rating: 1585 &rarr; <strong>1602<\/strong><br \/>(+17 for winning)\n|c|\u2606Glass101|gg :\/\n","uploadtime":1699569190,"views":28,"p1id":"crocksandsocks","p2id":"glass101","formatid":"gen9nationaldex","rating":1516,"private":0,"password":""}