{"id":"gen9nationaldex-2000020459","p1":"Shiny_Hero64","p2":"Sadie1000Deaths","format":"[Gen 9] National Dex","log":"|html|<div class=\"broadcast-blue\"><strong>[Gen 9] National Dex is currently suspecting Sneasler! For information on how to participate check out the <a href=\"https:\/\/www.smogon.com\/forums\/threads\/sv-national-dex-suspect-8-just-dance.3731534\/\">suspect thread<\/a>.<\/strong><\/div>\n|j|\u2606Shiny_Hero64\n|j|\u2606Sadie1000Deaths\n|t:|1701142080\n|gametype|singles\n|player|p1|Shiny_Hero64|grimsley|\n|player|p2|Sadie1000Deaths|madame-gen4dp|\n|teamsize|p1|6\n|teamsize|p2|6\n|gen|9\n|tier|[Gen 9] National Dex\n|rule|HP Percentage Mod: HP is shown in percentages\n|rule|Endless Battle Clause: Forcing endless battles is banned\n|rule|OHKO Clause: OHKO moves are banned\n|rule|Evasion Clause: Evasion abilities, items, and moves are banned\n|rule|Evasion Abilities Clause: Evasion abilities are banned\n|rule|Evasion Items Clause: Evasion items are banned\n|rule|Evasion Moves Clause: Evasion moves are banned\n|rule|Species Clause: Limit one of each Pok\u00e9mon\n|rule|Sleep Clause Mod: Limit one foe put to sleep\n|clearpoke\n|poke|p1|Incineroar, M|\n|poke|p1|Meowscarada, F|\n|poke|p1|Quaquaval, M|\n|poke|p1|Typhlosion-Hisui, F|\n|poke|p1|Skeledirge, M|\n|poke|p1|Venusaur, M|\n|poke|p2|Quaquaval, F|\n|poke|p2|Rillaboom, F|\n|poke|p2|Cinderace, M|\n|poke|p2|Empoleon, F|\n|poke|p2|Meowscarada, M|\n|poke|p2|Skeledirge, M|\n|teampreview\n|c|\u2606Sadie1000Deaths|hello, glhf\n|c|\u2606Shiny_Hero64|You too\n|l|\u2606Shiny_Hero64\n|player|p1|\n|j|\u2606Shiny_Hero64\n|player|p1|Shiny_Hero64|grimsley\n|\n|t:|1701142117\n|start\n|switch|p1a: Meowscarada|Meowscarada, F|100\/100\n|switch|p2a: Cinderace|Cinderace, M|100\/100\n|turn|1\n|\n|t:|1701142124\n|move|p1a: Meowscarada|Toxic Spikes|p2a: Cinderace\n|-start|p1a: Meowscarada|typechange|Poison|[from] ability: Protean\n|-sidestart|p2: Sadie1000Deaths|move: Toxic Spikes\n|move|p2a: Cinderace|Pyro Ball|p1a: Meowscarada\n|-damage|p1a: Meowscarada|12\/100\n|\n|upkeep\n|turn|2\n|\n|t:|1701142152\n|switch|p2a: Empoleon|Empoleon, F|100\/100\n|move|p1a: Meowscarada|U-turn|p2a: Empoleon\n|-resisted|p2a: Empoleon\n|-damage|p2a: Empoleon|92\/100\n|\n|t:|1701142159\n|switch|p1a: Quaquaval|Quaquaval, M|100\/100|[from] U-turn\n|\n|upkeep\n|turn|3\n|\n|t:|1701142166\n|move|p1a: Quaquaval|Close Combat|p2a: Empoleon\n|-supereffective|p2a: Empoleon\n|-damage|p2a: Empoleon|3\/100\n|-unboost|p1a: Quaquaval|def|1\n|-unboost|p1a: Quaquaval|spd|1\n|move|p2a: Empoleon|Flip Turn|p1a: Quaquaval\n|-resisted|p1a: Quaquaval\n|-damage|p1a: Quaquaval|84\/100\n|\n|t:|1701142182\n|switch|p2a: Cinderace|Cinderace, M|100\/100|[from] Flip Turn\n|-status|p2a: Cinderace|psn\n|\n|-damage|p2a: Cinderace|88\/100 psn|[from] psn\n|upkeep\n|turn|4\n|c|\u2606Shiny_Hero64|I am surprised you barely lived that\n|\n|t:|1701142191\n|switch|p1a: Incineroar|Incineroar, M|100\/100\n|-ability|p1a: Incineroar|Intimidate|boost\n|-unboost|p2a: Cinderace|atk|1\n|move|p2a: Cinderace|Acrobatics|p1a: Incineroar\n|-start|p2a: Cinderace|typechange|Flying|[from] ability: Libero\n|-damage|p1a: Incineroar|83\/100\n|\n|-damage|p2a: Cinderace|76\/100 psn|[from] psn\n|upkeep\n|turn|5\n|c|\u2606Sadie1000Deaths|me too ngl\n|\n|t:|1701142212\n|switch|p2a: Rillaboom|Rillaboom, F|100\/100\n|-status|p2a: Rillaboom|psn\n|-fieldstart|move: Grassy Terrain|[from] ability: Grassy Surge|[of] p2a: Rillaboom\n|move|p1a: Incineroar|Parting Shot|p2a: Rillaboom\n|-unboost|p2a: Rillaboom|atk|1\n|-unboost|p2a: Rillaboom|spa|1\n|j| TheMoistFetus\n|l|\u2606Shiny_Hero64\n|player|p1|\n|j|\u2606Shiny_Hero64\n|player|p1|Shiny_Hero64|grimsley\n|\n|t:|1701142232\n|switch|p1a: Skeledirge|Skeledirge, M|100\/100|[from] Parting Shot\n|\n|-damage|p2a: Rillaboom|88\/100 psn|[from] psn\n|upkeep\n|turn|6\n|\n|t:|1701142246\n|move|p2a: Rillaboom|High Horsepower|p1a: Skeledirge\n|-supereffective|p1a: Skeledirge\n|-damage|p1a: Skeledirge|36\/100\n|move|p1a: Skeledirge|Torch Song|p2a: Rillaboom\n|-supereffective|p2a: Rillaboom\n|-damage|p2a: Rillaboom|5\/100 psn\n|-boost|p1a: Skeledirge|spa|1\n|\n|-heal|p2a: Rillaboom|11\/100 psn|[from] Grassy Terrain\n|-heal|p1a: Skeledirge|42\/100|[from] Grassy Terrain\n|-damage|p2a: Rillaboom|0 fnt|[from] psn\n|faint|p2a: Rillaboom\n|upkeep\n|\n|t:|1701142260\n|switch|p2a: Cinderace|Cinderace, M|76\/100 psn\n|turn|7\n|\n|t:|1701142263\n|move|p2a: Cinderace|Fling|p1a: Skeledirge\n|-start|p2a: Cinderace|typechange|Dark|[from] ability: Libero\n|-supereffective|p1a: Skeledirge\n|-damage|p1a: Skeledirge|0 fnt\n|-enditem|p2a: Cinderace|Big Nugget|[from] move: Fling\n|faint|p1a: Skeledirge\n|\n|-heal|p2a: Cinderace|82\/100 psn|[from] Grassy Terrain\n|-damage|p2a: Cinderace|70\/100 psn|[from] psn\n|upkeep\n|c| TheMoistFetus|yeah crazy\n|c|\u2606Shiny_Hero64|FLING BIG NUGGET\n|c| TheMoistFetus|I BALL LIKE A NUGGET\n|c|\u2606Sadie1000Deaths|the Dirge tec\n|c|\u2606Shiny_Hero64|LET\u2019S GOO\n|c|\u2606Sadie1000Deaths|I BALL LIKE A PYRO\n|\n|t:|1701142303\n|switch|p1a: Meowscarada|Meowscarada, F|12\/100\n|turn|8\n|\n|t:|1701142317\n|switch|p2a: Quaquaval|Quaquaval, F|100\/100\n|-status|p2a: Quaquaval|psn\n|-enditem|p2a: Quaquaval|Grassy Seed\n|-boost|p2a: Quaquaval|def|1|[from] item: Grassy Seed\n|move|p1a: Meowscarada|Flower Trick|p2a: Quaquaval\n|-start|p1a: Meowscarada|typechange|Grass|[from] ability: Protean\n|-supereffective|p2a: Quaquaval\n|-crit|p2a: Quaquaval\n|-damage|p2a: Quaquaval|0 fnt\n|faint|p2a: Quaquaval\n|\n|-heal|p1a: Meowscarada|18\/100|[from] Grassy Terrain\n|upkeep\n|\n|t:|1701142352\n|switch|p2a: Cinderace|Cinderace, M|70\/100 psn\n|turn|9\n|\n|t:|1701142360\n|move|p1a: Meowscarada|Toxic Spikes|p2a: Cinderace\n|-sidestart|p2: Sadie1000Deaths|move: Toxic Spikes\n|move|p2a: Cinderace|Swords Dance|p2a: Cinderace\n|-start|p2a: Cinderace|typechange|Normal|[from] ability: Libero\n|-boost|p2a: Cinderace|atk|2\n|\n|-heal|p1a: Meowscarada|24\/100|[from] Grassy Terrain\n|-heal|p2a: Cinderace|76\/100 psn|[from] Grassy Terrain\n|-damage|p2a: Cinderace|63\/100 psn|[from] psn\n|-fieldend|move: Grassy Terrain\n|upkeep\n|turn|10\n|\n|t:|1701142370\n|-terastallize|p2a: Cinderace|Dark\n|move|p1a: Meowscarada|Flower Trick|p2a: Cinderace\n|-crit|p2a: Cinderace\n|-damage|p2a: Cinderace|0 fnt\n|faint|p2a: Cinderace\n|\n|upkeep\n|c|\u2606Sadie1000Deaths|Ahhhhh\n|c|\u2606Sadie1000Deaths|I wanted you to sucker\n|c|\u2606Shiny_Hero64|nah\n|c|\u2606Sadie1000Deaths|that's game\n|\n|t:|1701142386\n|switch|p2a: Meowscarada|Meowscarada, M|100\/100\n|-status|p2a: Meowscarada|tox\n|turn|11\n|c|\u2606Shiny_Hero64|i\u2019m not running that\n|\n|t:|1701142397\n|move|p1a: Meowscarada|U-turn|p2a: Meowscarada\n|-supereffective|p2a: Meowscarada\n|-damage|p2a: Meowscarada|0 fnt\n|faint|p2a: Meowscarada\n|c|\u2606Shiny_Hero64|DAMM\n|c| TheMoistFetus|rip\n|c| TheMoistFetus|cooked\n|c|\u2606Sadie1000Deaths|nice speed tie\n|c|\u2606Shiny_Hero64|She\u2019s slaying out here\n|c|\u2606Sadie1000Deaths|this is what I get for 30 minute teambuilding\n|\n|t:|1701142425\n|switch|p1a: Quaquaval|Quaquaval, M|84\/100|[from] U-turn\n|\n|upkeep\n|c|\u2606Sadie1000Deaths|man\n|c|\u2606Sadie1000Deaths|where were the teams?\n|c|\u2606Sadie1000Deaths|I asked for teams\n|\n|t:|1701142435\n|switch|p2a: Skeledirge|Skeledirge, M|100\/100\n|turn|12\n|c| TheMoistFetus|myb\n|\n|t:|1701142442\n|move|p1a: Quaquaval|Aqua Step|p2a: Skeledirge\n|-supereffective|p2a: Skeledirge\n|-damage|p2a: Skeledirge|41\/100\n|-boost|p1a: Quaquaval|spe|1\n|move|p2a: Skeledirge|Will-O-Wisp|p1a: Quaquaval\n|-status|p1a: Quaquaval|brn\n|\n|-damage|p1a: Quaquaval|78\/100 brn|[from] brn\n|upkeep\n|turn|13\n|\n|t:|1701142450\n|move|p1a: Quaquaval|Aqua Step|p2a: Skeledirge\n|-supereffective|p2a: Skeledirge\n|-damage|p2a: Skeledirge|11\/100\n|-boost|p1a: Quaquaval|spe|1\n|move|p2a: Skeledirge|Slack Off|p2a: Skeledirge\n|-heal|p2a: Skeledirge|61\/100\n|\n|-damage|p1a: Quaquaval|72\/100 brn|[from] brn\n|upkeep\n|turn|14\n|\n|t:|1701142459\n|move|p1a: Quaquaval|Aqua Step|p2a: Skeledirge\n|-supereffective|p2a: Skeledirge\n|-damage|p2a: Skeledirge|35\/100\n|-boost|p1a: Quaquaval|spe|1\n|move|p2a: Skeledirge|Slack Off|p2a: Skeledirge\n|-heal|p2a: Skeledirge|85\/100\n|\n|-damage|p1a: Quaquaval|66\/100 brn|[from] brn\n|upkeep\n|turn|15\n|\n|t:|1701142472\n|move|p1a: Quaquaval|Aqua Step|p2a: Skeledirge\n|-supereffective|p2a: Skeledirge\n|-crit|p2a: Skeledirge\n|-damage|p2a: Skeledirge|41\/100\n|-boost|p1a: Quaquaval|spe|1\n|move|p2a: Skeledirge|Torch Song|p1a: Quaquaval\n|-resisted|p1a: Quaquaval\n|-damage|p1a: Quaquaval|45\/100 brn\n|-boost|p2a: Skeledirge|spa|1\n|\n|-damage|p1a: Quaquaval|39\/100 brn|[from] brn\n|upkeep\n|turn|16\n|c|\u2606Shiny_Hero64|Delta is the reason why this team exists\n|\n|t:|1701142482\n|move|p1a: Quaquaval|Aqua Step|p2a: Skeledirge\n|-supereffective|p2a: Skeledirge\n|-damage|p2a: Skeledirge|14\/100\n|-boost|p1a: Quaquaval|spe|1\n|move|p2a: Skeledirge|Slack Off|p2a: Skeledirge\n|-heal|p2a: Skeledirge|64\/100\n|\n|-damage|p1a: Quaquaval|33\/100 brn|[from] brn\n|upkeep\n|turn|17\n|\n|t:|1701142490\n|move|p1a: Quaquaval|Aqua Step|p2a: Skeledirge\n|-supereffective|p2a: Skeledirge\n|-damage|p2a: Skeledirge|35\/100\n|-boost|p1a: Quaquaval|spe|1\n|move|p2a: Skeledirge|Slack Off|p2a: Skeledirge\n|-heal|p2a: Skeledirge|85\/100\n|\n|-damage|p1a: Quaquaval|27\/100 brn|[from] brn\n|upkeep\n|turn|18\n|\n|t:|1701142498\n|move|p1a: Quaquaval|Aqua Step|p2a: Skeledirge\n|-supereffective|p2a: Skeledirge\n|-damage|p2a: Skeledirge|55\/100\n|move|p2a: Skeledirge|Slack Off|p2a: Skeledirge\n|-heal|p2a: Skeledirge|100\/100\n|\n|-damage|p1a: Quaquaval|20\/100 brn|[from] brn\n|upkeep\n|turn|19\n|\n|t:|1701142506\n|move|p1a: Quaquaval|Aqua Step|p2a: Skeledirge\n|-supereffective|p2a: Skeledirge\n|-damage|p2a: Skeledirge|73\/100\n|move|p2a: Skeledirge|Torch Song|p1a: Quaquaval\n|-resisted|p1a: Quaquaval\n|-damage|p1a: Quaquaval|0 fnt\n|-boost|p2a: Skeledirge|spa|1\n|faint|p1a: Quaquaval\n|\n|upkeep\n|c| TheMoistFetus|reversal incoming\n|\n|t:|1701142519\n|switch|p1a: Meowscarada|Meowscarada, F|24\/100\n|turn|20\n|\n|t:|1701142523\n|move|p1a: Meowscarada|Knock Off|p2a: Skeledirge\n|-start|p1a: Meowscarada|typechange|Dark|[from] ability: Protean\n|-supereffective|p2a: Skeledirge\n|-damage|p2a: Skeledirge|3\/100\n|-enditem|p2a: Skeledirge|Heavy-Duty Boots|[from] move: Knock Off|[of] p1a: Meowscarada\n|move|p2a: Skeledirge|Slack Off|p2a: Skeledirge\n|-heal|p2a: Skeledirge|53\/100\n|\n|upkeep\n|turn|21\n|\n|t:|1701142531\n|move|p1a: Meowscarada|Knock Off|p2a: Skeledirge\n|-supereffective|p2a: Skeledirge\n|-damage|p2a: Skeledirge|12\/100\n|move|p2a: Skeledirge|Slack Off|p2a: Skeledirge\n|-heal|p2a: Skeledirge|62\/100\n|\n|upkeep\n|turn|22\n|\n|t:|1701142538\n|move|p1a: Meowscarada|Knock Off|p2a: Skeledirge\n|-supereffective|p2a: Skeledirge\n|-damage|p2a: Skeledirge|15\/100\n|move|p2a: Skeledirge|Slack Off|p2a: Skeledirge\n|-heal|p2a: Skeledirge|65\/100\n|\n|upkeep\n|turn|23\n|\n|t:|1701142546\n|move|p1a: Meowscarada|Knock Off|p2a: Skeledirge\n|-supereffective|p2a: Skeledirge\n|-damage|p2a: Skeledirge|19\/100\n|move|p2a: Skeledirge|Torch Song|p1a: Meowscarada\n|-damage|p1a: Meowscarada|0 fnt\n|-boost|p2a: Skeledirge|spa|1\n|faint|p1a: Meowscarada\n|\n|upkeep\n|c|\u2606Shiny_Hero64|Not anymore\n|\n|t:|1701142556\n|switch|p1a: Typhlosion|Typhlosion-Hisui, F|100\/100\n|turn|24\n|\n|t:|1701142566\n|move|p1a: Typhlosion|Infernal Parade|p2a: Skeledirge\n|-supereffective|p2a: Skeledirge\n|-damage|p2a: Skeledirge|0 fnt\n|faint|p2a: Skeledirge\n|\n|upkeep\n|c|\u2606Shiny_Hero64|Gg\n|\n|t:|1701142600\n|switch|p2a: Empoleon|Empoleon, F|3\/100\n|turn|25\n|c|\u2606Sadie1000Deaths|gg\n|c|\u2606Sadie1000Deaths|there are two teams in Match Discussion\n|\n|t:|1701142611\n|move|p1a: Typhlosion|Infernal Parade|p2a: Empoleon\n|-damage|p2a: Empoleon|0 fnt\n|faint|p2a: Empoleon\n|\n|win|Shiny_Hero64\n|l|\u2606Sadie1000Deaths\n|l|\u2606Shiny_Hero64\n|l| TheMoistFetus\n|j|\u2606Sadie1000Deaths\n|player|p2|Sadie1000Deaths|madame-gen4dp\n","uploadtime":1701142625,"views":2,"p1id":"shinyhero64","p2id":"sadie1000deaths","formatid":"gen9nationaldex","rating":0,"private":0,"password":""}