{"id":"gen9nationaldex-1990002321","p1":"SpecsGastr0","p2":"BrotherBlazin","format":"[Gen 9] National Dex","log":"|j|\u2606SpecsGastr0\n|j|\u2606BrotherBlazin\n|t:|1699914288\n|gametype|singles\n|player|p1|SpecsGastr0|colress|1203\n|player|p2|BrotherBlazin|giovanni|1103\n|teamsize|p1|6\n|teamsize|p2|6\n|gen|9\n|tier|[Gen 9] National Dex\n|rated|\n|rule|HP Percentage Mod: HP is shown in percentages\n|rule|Endless Battle Clause: Forcing endless battles is banned\n|rule|OHKO Clause: OHKO moves are banned\n|rule|Evasion Clause: Evasion abilities, items, and moves are banned\n|rule|Evasion Abilities Clause: Evasion abilities are banned\n|rule|Evasion Items Clause: Evasion items are banned\n|rule|Evasion Moves Clause: Evasion moves are banned\n|rule|Species Clause: Limit one of each Pok\u00e9mon\n|rule|Sleep Clause Mod: Limit one foe put to sleep\n|clearpoke\n|poke|p1|Golisopod, M|\n|poke|p1|Lucario, M|\n|poke|p1|Hitmontop, M|\n|poke|p1|Torterra, M|\n|poke|p1|Samurott-Hisui, M|\n|poke|p1|Flygon, F|\n|poke|p2|Pikachu, F|\n|poke|p2|Swellow, M|\n|poke|p2|Sceptile, F|\n|poke|p2|Torkoal, F|\n|poke|p2|Ambipom, F|\n|poke|p2|Crawdaunt, F|\n|teampreview\n|inactive|Battle timer is ON: inactive players will automatically lose when time's up. (requested by BrotherBlazin)\n|\n|t:|1699914303\n|start\n|switch|p1a: Sensei's Divining|Hitmontop, M|100\/100\n|switch|p2a: hehe monkey pt2|Ambipom, F|100\/100\n|-ability|p1a: Sensei's Divining|Intimidate|boost\n|-unboost|p2a: hehe monkey pt2|atk|1\n|turn|1\n|\n|t:|1699914314\n|move|p2a: hehe monkey pt2|Fake Out|p1a: Sensei's Divining\n|-damage|p1a: Sensei's Divining|77\/100\n|cant|p1a: Sensei's Divining|flinch\n|\n|upkeep\n|turn|2\n|\n|t:|1699914320\n|move|p2a: hehe monkey pt2|U-turn|p1a: Sensei's Divining\n|-resisted|p1a: Sensei's Divining\n|-damage|p1a: Sensei's Divining|69\/100\n|\n|t:|1699914322\n|switch|p2a: Tortera but fire|Torkoal, F|100\/100|[from] U-turn\n|-weather|SunnyDay|[from] ability: Drought|[of] p2a: Tortera but fire\n|move|p1a: Sensei's Divining|High Jump Kick|p2a: Tortera but fire\n|-damage|p2a: Tortera but fire|64\/100\n|\n|-weather|SunnyDay|[upkeep]\n|upkeep\n|turn|3\n|\n|t:|1699914335\n|move|p1a: Sensei's Divining|Rapid Spin|p2a: Tortera but fire\n|-damage|p2a: Tortera but fire|55\/100\n|-boost|p1a: Sensei's Divining|spe|1\n|move|p2a: Tortera but fire|Stealth Rock|p1a: Sensei's Divining\n|-sidestart|p1: SpecsGastr0|move: Stealth Rock\n|\n|-weather|SunnyDay|[upkeep]\n|upkeep\n|turn|4\n|\n|t:|1699914343\n|move|p1a: Sensei's Divining|Rapid Spin|p2a: Tortera but fire\n|-damage|p2a: Tortera but fire|46\/100\n|-boost|p1a: Sensei's Divining|spe|1\n|-sideend|p1: SpecsGastr0|Stealth Rock|[from] move: Rapid Spin|[of] p1a: Sensei's Divining\n|move|p2a: Tortera but fire|Toxic|p1a: Sensei's Divining\n|-status|p1a: Sensei's Divining|tox\n|\n|-weather|SunnyDay|[upkeep]\n|-damage|p1a: Sensei's Divining|63\/100 tox|[from] psn\n|upkeep\n|turn|5\n|\n|t:|1699914354\n|move|p1a: Sensei's Divining|High Jump Kick|p2a: Tortera but fire\n|-damage|p2a: Tortera but fire|14\/100\n|move|p2a: Tortera but fire|Lava Plume|p1a: Sensei's Divining\n|-damage|p1a: Sensei's Divining|26\/100 tox\n|\n|-weather|SunnyDay|[upkeep]\n|-damage|p1a: Sensei's Divining|14\/100 tox|[from] psn\n|upkeep\n|turn|6\n|\n|t:|1699914366\n|move|p1a: Sensei's Divining|High Jump Kick|p2a: Tortera but fire\n|-damage|p2a: Tortera but fire|0 fnt\n|faint|p2a: Tortera but fire\n|\n|-weather|SunnyDay|[upkeep]\n|-damage|p1a: Sensei's Divining|0 fnt|[from] psn\n|faint|p1a: Sensei's Divining\n|upkeep\n|\n|t:|1699914389\n|switch|p1a: Turbo|Torterra, M|100\/100\n|switch|p2a: Pikachu|Pikachu, F|100\/100\n|turn|7\n|\n|t:|1699914406\n|move|p2a: Pikachu|Iron Tail|p1a: Turbo\n|-damage|p1a: Turbo|63\/100\n|move|p1a: Turbo|Shell Smash|p1a: Turbo\n|-unboost|p1a: Turbo|def|1\n|-unboost|p1a: Turbo|spd|1\n|-boost|p1a: Turbo|atk|2\n|-boost|p1a: Turbo|spa|2\n|-boost|p1a: Turbo|spe|2\n|-enditem|p1a: Turbo|White Herb\n|-clearnegativeboost|p1a: Turbo|[silent]\n|\n|-weather|SunnyDay|[upkeep]\n|upkeep\n|turn|8\n|\n|t:|1699914417\n|move|p2a: Pikachu|Extreme Speed|p1a: Turbo\n|-damage|p1a: Turbo|29\/100\n|move|p1a: Turbo|Earthquake|p2a: Pikachu\n|-supereffective|p2a: Pikachu\n|-damage|p2a: Pikachu|0 fnt\n|faint|p2a: Pikachu\n|\n|-weather|SunnyDay|[upkeep]\n|upkeep\n|\n|t:|1699914424\n|switch|p2a: do do do dododo do|Crawdaunt, F|100\/100\n|turn|9\n|\n|t:|1699914432\n|-terastallize|p2a: do do do dododo do|Water\n|move|p2a: do do do dododo do|Aqua Jet|p1a: Turbo\n|-damage|p1a: Turbo|7\/100\n|-damage|p2a: do do do dododo do|90\/100|[from] item: Life Orb\n|move|p1a: Turbo|Earthquake|p2a: do do do dododo do\n|-damage|p2a: do do do dododo do|0 fnt\n|faint|p2a: do do do dododo do\n|\n|-weather|none\n|upkeep\n|\n|t:|1699914442\n|switch|p2a: hehe monkey pt2|Ambipom, F|100\/100\n|turn|10\n|\n|t:|1699914449\n|move|p2a: hehe monkey pt2|Fake Out|p1a: Turbo\n|-damage|p1a: Turbo|0 fnt\n|faint|p1a: Turbo\n|\n|upkeep\n|c|\u2606BrotherBlazin|gg\n|c|\u2606BrotherBlazin|i lost\n|\n|t:|1699914456\n|switch|p1a: Allegations|Lucario, M|100\/100\n|turn|11\n|c|\u2606SpecsGastr0|never say gg too early brother\n|\n|t:|1699914469\n|move|p2a: hehe monkey pt2|Knock Off|p1a: Allegations\n|-resisted|p1a: Allegations\n|-damage|p1a: Allegations|77\/100\n|-enditem|p1a: Allegations|Expert Belt|[from] move: Knock Off|[of] p2a: hehe monkey pt2\n|move|p1a: Allegations|Aura Sphere|p2a: hehe monkey pt2\n|-supereffective|p2a: hehe monkey pt2\n|-damage|p2a: hehe monkey pt2|0 fnt\n|faint|p2a: hehe monkey pt2\n|\n|upkeep\n|c|\u2606BrotherBlazin|its not too early lol i messed up\n|\n|t:|1699914478\n|switch|p2a: ChristmasTree Tail|Sceptile, F|100\/100\n|turn|12\n|\n|t:|1699914483\n|move|p2a: ChristmasTree Tail|Leech Seed|p1a: Allegations\n|-start|p1a: Allegations|move: Leech Seed\n|move|p1a: Allegations|Aura Sphere|p2a: ChristmasTree Tail\n|-damage|p2a: ChristmasTree Tail|50\/100\n|-enditem|p2a: ChristmasTree Tail|Sitrus Berry|[eat]\n|-heal|p2a: ChristmasTree Tail|75\/100|[from] item: Sitrus Berry\n|\n|-damage|p1a: Allegations|65\/100|[from] Leech Seed|[of] p2a: ChristmasTree Tail\n|-heal|p2a: ChristmasTree Tail|88\/100|[silent]\n|upkeep\n|turn|13\n|\n|t:|1699914493\n|move|p2a: ChristmasTree Tail|Dragon Pulse|p1a: Allegations\n|-resisted|p1a: Allegations\n|-damage|p1a: Allegations|44\/100\n|move|p1a: Allegations|Aura Sphere|p2a: ChristmasTree Tail\n|-damage|p2a: ChristmasTree Tail|33\/100\n|\n|-damage|p1a: Allegations|31\/100|[from] Leech Seed|[of] p2a: ChristmasTree Tail\n|-heal|p2a: ChristmasTree Tail|46\/100|[silent]\n|upkeep\n|turn|14\n|\n|t:|1699914501\n|move|p2a: ChristmasTree Tail|Synthesis|p2a: ChristmasTree Tail\n|-heal|p2a: ChristmasTree Tail|96\/100\n|move|p1a: Allegations|Aura Sphere|p2a: ChristmasTree Tail\n|-damage|p2a: ChristmasTree Tail|38\/100\n|\n|-damage|p1a: Allegations|19\/100|[from] Leech Seed|[of] p2a: ChristmasTree Tail\n|-heal|p2a: ChristmasTree Tail|50\/100|[silent]\n|upkeep\n|turn|15\n|\n|t:|1699914508\n|move|p2a: ChristmasTree Tail|Synthesis|p2a: ChristmasTree Tail\n|-heal|p2a: ChristmasTree Tail|100\/100\n|move|p1a: Allegations|Nasty Plot|p1a: Allegations\n|-boost|p1a: Allegations|spa|2\n|\n|-damage|p1a: Allegations|7\/100|[from] Leech Seed|[of] p2a: ChristmasTree Tail\n|upkeep\n|turn|16\n|c|\u2606BrotherBlazin|goddam man isnt that not meant to hit all the time\n|c|\u2606SpecsGastr0|Aura Sphere actually always hits lol\n|c|\u2606BrotherBlazin|damn\n|c|\u2606SpecsGastr0|you're thinking of Focus Blast\n|inactive|SpecsGastr0 has 120 seconds left.\n|\n|t:|1699914540\n|move|p2a: ChristmasTree Tail|Dragon Pulse|p1a: Allegations\n|-resisted|p1a: Allegations\n|-damage|p1a: Allegations|0 fnt\n|faint|p1a: Allegations\n|\n|upkeep\n|inactive|SpecsGastr0 has 120 seconds left.\n|\n|t:|1699914549\n|switch|p1a: Brave Sir Robin|Golisopod, M|100\/100\n|turn|17\n|\n|t:|1699914554\n|switch|p2a: Bird go AAAAAAA|Swellow, M|100\/100\n|move|p1a: Brave Sir Robin|Leech Life|p2a: Bird go AAAAAAA\n|-resisted|p2a: Bird go AAAAAAA\n|-damage|p2a: Bird go AAAAAAA|30\/100\n|\n|upkeep\n|turn|18\n|\n|t:|1699914564\n|move|p2a: Bird go AAAAAAA|Boomburst|p1a: Brave Sir Robin\n|-damage|p1a: Brave Sir Robin|38\/100\n|-activate|p1a: Brave Sir Robin|ability: Emergency Exit\n|\n|t:|1699914569\n|switch|p1a: Gumi|Flygon, F|100\/100\n|\n|upkeep\n|turn|19\n|\n|t:|1699914573\n|move|p2a: Bird go AAAAAAA|Boomburst|p1a: Gumi\n|-damage|p1a: Gumi|27\/100\n|move|p1a: Gumi|Boomburst|p2a: Bird go AAAAAAA\n|-damage|p2a: Bird go AAAAAAA|0 fnt\n|faint|p2a: Bird go AAAAAAA\n|\n|upkeep\n|\n|t:|1699914578\n|switch|p2a: ChristmasTree Tail|Sceptile, F|100\/100\n|turn|20\n|\n|t:|1699914581\n|move|p2a: ChristmasTree Tail|Dragon Pulse|p1a: Gumi\n|-supereffective|p1a: Gumi\n|-damage|p1a: Gumi|0 fnt\n|faint|p1a: Gumi\n|\n|upkeep\n|\n|t:|1699914586\n|switch|p1a: Brave Sir Robin|Golisopod, M|38\/100\n|turn|21\n|\n|t:|1699914595\n|move|p1a: Brave Sir Robin|First Impression|p2a: ChristmasTree Tail\n|-supereffective|p2a: ChristmasTree Tail\n|-damage|p2a: ChristmasTree Tail|0 fnt\n|faint|p2a: ChristmasTree Tail\n|\n|win|SpecsGastr0\n|raw|SpecsGastr0's rating: 1203 &rarr; <strong>1221<\/strong><br \/>(+18 for winning)\n|raw|BrotherBlazin's rating: 1103 &rarr; <strong>1085<\/strong><br \/>(-18 for losing)\n|c|\u2606SpecsGastr0|gg friend\n","uploadtime":1699914614,"views":15,"p1id":"specsgastr0","p2id":"brotherblazin","formatid":"gen9nationaldex","rating":1085,"private":0,"password":""}