{"id":"gen9nationaldex-1998167848","p1":"PikaBoy01","p2":"lonely_smile","format":"[Gen 9] National Dex","log":"|html|<div class=\"broadcast-blue\"><strong>[Gen 9] National Dex is currently suspecting Sneasler! For information on how to participate check out the <a href=\"https:\/\/www.smogon.com\/forums\/threads\/sv-national-dex-suspect-8-just-dance.3731534\/\">suspect thread<\/a>.<\/strong><\/div>\n|j|\u2606PikaBoy01\n|j|\u2606lonely_smile\n|t:|1700904930\n|gametype|singles\n|player|p1|PikaBoy01|red|1291\n|player|p2|lonely_smile|lady|1420\n|teamsize|p1|6\n|teamsize|p2|6\n|gen|9\n|tier|[Gen 9] National Dex\n|rated|\n|rule|HP Percentage Mod: HP is shown in percentages\n|rule|Endless Battle Clause: Forcing endless battles is banned\n|rule|OHKO Clause: OHKO moves are banned\n|rule|Evasion Clause: Evasion abilities, items, and moves are banned\n|rule|Evasion Abilities Clause: Evasion abilities are banned\n|rule|Evasion Items Clause: Evasion items are banned\n|rule|Evasion Moves Clause: Evasion moves are banned\n|rule|Species Clause: Limit one of each Pok\u00e9mon\n|rule|Sleep Clause Mod: Limit one foe put to sleep\n|clearpoke\n|poke|p1|Charizard, M|\n|poke|p1|Scizor, M|\n|poke|p1|Garchomp, M|\n|poke|p1|Kommo-o, M|\n|poke|p1|Gyarados, F|\n|poke|p1|Gardevoir, F|\n|poke|p2|Mawile, F|\n|poke|p2|Heatran, F|\n|poke|p2|Landorus-Therian, M|\n|poke|p2|Corviknight, F|\n|poke|p2|Dragonite, M|\n|poke|p2|Greninja-*, M|\n|teampreview\n|inactive|Battle timer is ON: inactive players will automatically lose when time's up. (requested by lonely_smile)\n|\n|t:|1700904952\n|start\n|switch|p1a: Garchomp|Garchomp, M|100\/100\n|switch|p2a: Greninja|Greninja, M|100\/100\n|turn|1\n|c|\u2606PikaBoy01|Bro guessed it all.. eh?\n|c|\u2606lonely_smile|?\n|\n|t:|1700904975\n|switch|p1a: Gardevoir|Gardevoir, F|100\/100\n|move|p2a: Greninja|Ice Beam|p1a: Gardevoir\n|-crit|p1a: Gardevoir\n|-damage|p1a: Gardevoir|56\/100\n|\n|upkeep\n|turn|2\n|\n|t:|1700904985\n|move|p2a: Greninja|Surf|p1a: Gardevoir\n|-damage|p1a: Gardevoir|9\/100\n|move|p1a: Gardevoir|Moonblast|p2a: Greninja\n|-supereffective|p2a: Greninja\n|-damage|p2a: Greninja|0 fnt\n|faint|p2a: Greninja\n|\n|upkeep\n|\n|t:|1700905005\n|switch|p2a: Dragonite|Dragonite, M|100\/100\n|turn|3\n|c|\u2606PikaBoy01|I thought u would send the volcano thing seeing my Scizor so I sent Garchomp\n|\n|t:|1700905014\n|move|p2a: Dragonite|Extreme Speed|p1a: Gardevoir\n|-damage|p1a: Gardevoir|0 fnt\n|faint|p1a: Gardevoir\n|\n|upkeep\n|c|\u2606lonely_smile|ok\n|\n|t:|1700905021\n|switch|p1a: Scizor|Scizor, M|100\/100\n|turn|4\n|\n|t:|1700905025\n|move|p2a: Dragonite|Curse|p2a: Dragonite\n|-unboost|p2a: Dragonite|spe|1\n|-boost|p2a: Dragonite|atk|1\n|-boost|p2a: Dragonite|def|1\n|move|p1a: Scizor|Swords Dance|p1a: Scizor\n|-boost|p1a: Scizor|atk|2\n|\n|upkeep\n|turn|5\n|\n|t:|1700905032\n|move|p1a: Scizor|Swords Dance|p1a: Scizor\n|-boost|p1a: Scizor|atk|2\n|move|p2a: Dragonite|Curse|p2a: Dragonite\n|-unboost|p2a: Dragonite|spe|1\n|-boost|p2a: Dragonite|atk|1\n|-boost|p2a: Dragonite|def|1\n|\n|upkeep\n|turn|6\n|\n|t:|1700905042\n|-terastallize|p1a: Scizor|Steel\n|move|p1a: Scizor|Swords Dance|p1a: Scizor\n|-boost|p1a: Scizor|atk|2\n|move|p2a: Dragonite|Curse|p2a: Dragonite\n|-unboost|p2a: Dragonite|spe|1\n|-boost|p2a: Dragonite|atk|1\n|-boost|p2a: Dragonite|def|1\n|\n|upkeep\n|turn|7\n|\n|t:|1700905049\n|move|p1a: Scizor|Close Combat|p2a: Dragonite\n|-resisted|p2a: Dragonite\n|-damage|p2a: Dragonite|84\/100\n|-unboost|p1a: Scizor|def|1\n|-unboost|p1a: Scizor|spd|1\n|move|p2a: Dragonite|Earthquake|p1a: Scizor\n|-supereffective|p1a: Scizor\n|-damage|p1a: Scizor|0 fnt\n|faint|p1a: Scizor\n|\n|-heal|p2a: Dragonite|90\/100|[from] item: Leftovers\n|upkeep\n|c|\u2606lonely_smile|?\n|\n|t:|1700905057\n|switch|p1a: Garchomp|Garchomp, M|100\/100\n|turn|8\n|c|\u2606lonely_smile|What are you doing?\n|\n|t:|1700905074\n|-terastallize|p2a: Dragonite|Normal\n|move|p2a: Dragonite|Extreme Speed|p1a: Garchomp\n|-damage|p1a: Garchomp|14\/100\n|-damage|p2a: Dragonite|78\/100|[from] ability: Rough Skin|[of] p1a: Garchomp\n|move|p1a: Garchomp|Swords Dance|p1a: Garchomp\n|-boost|p1a: Garchomp|atk|2\n|\n|-heal|p2a: Dragonite|84\/100|[from] item: Leftovers\n|upkeep\n|turn|9\n|c|\u2606PikaBoy01|Yeah i thought u had done the normal Tera already soo\n|\n|t:|1700905092\n|move|p2a: Dragonite|Extreme Speed|p1a: Garchomp\n|-damage|p1a: Garchomp|0 fnt\n|-damage|p2a: Dragonite|72\/100|[from] ability: Rough Skin|[of] p1a: Garchomp\n|faint|p1a: Garchomp\n|\n|-heal|p2a: Dragonite|78\/100|[from] item: Leftovers\n|upkeep\n|\n|t:|1700905098\n|switch|p1a: Kommo-o|Kommo-o, M|100\/100\n|turn|10\n|\n|t:|1700905105\n|move|p2a: Dragonite|Extreme Speed|p1a: Kommo-o\n|-damage|p1a: Kommo-o|14\/100\n|-zpower|p1a: Kommo-o\n|move|p1a: Kommo-o|Clangorous Soulblaze|p2a: Dragonite|[zeffect]\n|-damage|p2a: Dragonite|21\/100\n|-boost|p1a: Kommo-o|atk|1\n|-boost|p1a: Kommo-o|def|1\n|-boost|p1a: Kommo-o|spa|1\n|-boost|p1a: Kommo-o|spd|1\n|-boost|p1a: Kommo-o|spe|1\n|\n|-heal|p2a: Dragonite|27\/100|[from] item: Leftovers\n|upkeep\n|turn|11\n|\n|t:|1700905125\n|move|p2a: Dragonite|Extreme Speed|p1a: Kommo-o\n|-damage|p1a: Kommo-o|0 fnt\n|faint|p1a: Kommo-o\n|\n|-heal|p2a: Dragonite|33\/100|[from] item: Leftovers\n|upkeep\n|\n|t:|1700905129\n|switch|p1a: Charizard|Charizard, M|100\/100\n|turn|12\n|\n|t:|1700905131\n|detailschange|p1a: Charizard|Charizard-Mega-Y, M\n|-mega|p1a: Charizard|Charizard|Charizardite Y\n|-weather|SunnyDay|[from] ability: Drought|[of] p1a: Charizard\n|move|p2a: Dragonite|Extreme Speed|p1a: Charizard\n|-damage|p1a: Charizard|0 fnt\n|faint|p1a: Charizard\n|\n|-weather|SunnyDay|[upkeep]\n|-heal|p2a: Dragonite|40\/100|[from] item: Leftovers\n|upkeep\n|\n|t:|1700905138\n|switch|p1a: Gyarados|Gyarados, F, shiny|100\/100\n|-ability|p1a: Gyarados|Intimidate|boost\n|-unboost|p2a: Dragonite|atk|1\n|turn|13\n|\n|t:|1700905142\n|move|p2a: Dragonite|Extreme Speed|p1a: Gyarados\n|-damage|p1a: Gyarados|6\/100\n|move|p1a: Gyarados|Outrage|p2a: Dragonite\n|-damage|p2a: Dragonite|26\/100\n|\n|-weather|SunnyDay|[upkeep]\n|-heal|p1a: Gyarados|12\/100|[from] item: Leftovers\n|-heal|p2a: Dragonite|32\/100|[from] item: Leftovers\n|upkeep\n|turn|14\n|c|\u2606PikaBoy01|Gg ig\n|\n|t:|1700905153\n|move|p2a: Dragonite|Extreme Speed|p1a: Gyarados\n|-damage|p1a: Gyarados|0 fnt\n|faint|p1a: Gyarados\n|\n|win|lonely_smile\n|raw|PikaBoy01's rating: 1291 &rarr; <strong>1275<\/strong><br \/>(-16 for losing)\n|raw|lonely_smile's rating: 1420 &rarr; <strong>1433<\/strong><br \/>(+13 for winning)\n|c|\u2606lonely_smile|see you\n|l|\u2606PikaBoy01\n","uploadtime":1700905162,"views":3,"p1id":"pikaboy01","p2id":"lonelysmile","formatid":"gen9nationaldex","rating":1275,"private":0,"password":""}