{"id":"gen9nationaldex-1993324234","p1":"Jean Boby","p2":"sukuna97458","format":"[Gen 9] National Dex","log":"|j|\u2606Jean Boby\n|j|\u2606sukuna97458\n|t:|1700298462\n|gametype|singles\n|player|p1|Jean Boby|colress|\n|player|p2|sukuna97458|cynthia-gen4|\n|teamsize|p1|6\n|teamsize|p2|6\n|gen|9\n|tier|[Gen 9] National Dex\n|rule|HP Percentage Mod: HP is shown in percentages\n|rule|Endless Battle Clause: Forcing endless battles is banned\n|rule|OHKO Clause: OHKO moves are banned\n|rule|Evasion Clause: Evasion abilities, items, and moves are banned\n|rule|Evasion Abilities Clause: Evasion abilities are banned\n|rule|Evasion Items Clause: Evasion items are banned\n|rule|Evasion Moves Clause: Evasion moves are banned\n|rule|Species Clause: Limit one of each Pok\u00e9mon\n|rule|Sleep Clause Mod: Limit one foe put to sleep\n|clearpoke\n|poke|p1|Wailord, F|\n|poke|p1|Misdreavus, M|\n|poke|p1|Roselia, F|\n|poke|p1|Claydol|\n|poke|p1|Ninetales, M|\n|poke|p1|Stoutland, M|\n|poke|p2|Charizard, F|\n|poke|p2|Greninja-*, M|\n|poke|p2|Mew|\n|poke|p2|Gyarados, F|\n|poke|p2|Moltres|\n|poke|p2|Zapdos|\n|teampreview\n|\n|t:|1700298488\n|start\n|switch|p1a: Misdreavus|Misdreavus, M|100\/100\n|switch|p2a: Zapdos|Zapdos, shiny|100\/100\n|turn|1\n|\n|t:|1700298497\n|-zpower|p2a: Zapdos\n|move|p2a: Zapdos|Gigavolt Havoc|p1a: Misdreavus|[zeffect]\n|-damage|p1a: Misdreavus|28\/100\n|move|p1a: Misdreavus|Will-O-Wisp|p2a: Zapdos\n|-status|p2a: Zapdos|brn\n|\n|-damage|p2a: Zapdos|94\/100 brn|[from] brn\n|upkeep\n|turn|2\n|\n|t:|1700298509\n|move|p2a: Zapdos|Thunderbolt|p1a: Misdreavus\n|-damage|p1a: Misdreavus|0 fnt\n|faint|p1a: Misdreavus\n|\n|-damage|p2a: Zapdos|88\/100 brn|[from] brn\n|upkeep\n|\n|t:|1700298529\n|switch|p1a: Ninetales|Ninetales, M|100\/100\n|turn|3\n|\n|t:|1700298538\n|move|p1a: Ninetales|Nasty Plot|p1a: Ninetales\n|-boost|p1a: Ninetales|spa|2\n|move|p2a: Zapdos|Thunderbolt|p1a: Ninetales\n|-damage|p1a: Ninetales|50\/100\n|\n|-heal|p1a: Ninetales|56\/100|[from] item: Leftovers\n|-damage|p2a: Zapdos|82\/100 brn|[from] brn\n|upkeep\n|turn|4\n|\n|t:|1700298548\n|move|p1a: Ninetales|Fire Blast|p2a: Zapdos\n|-damage|p2a: Zapdos|0 fnt\n|faint|p2a: Zapdos\n|\n|-heal|p1a: Ninetales|62\/100|[from] item: Leftovers\n|upkeep\n|\n|t:|1700298555\n|switch|p2a: Greninja|Greninja, M, shiny|100\/100\n|turn|5\n|\n|t:|1700298566\n|switch|p1a: Roselia|Roselia, F|100\/100\n|move|p2a: Greninja|Water Shuriken|p1a: Roselia\n|-start|p2a: Greninja|typechange|Water|[from] ability: Protean\n|-resisted|p1a: Roselia\n|-damage|p1a: Roselia|98\/100\n|-resisted|p1a: Roselia\n|-damage|p1a: Roselia|95\/100\n|-resisted|p1a: Roselia\n|-damage|p1a: Roselia|92\/100\n|-resisted|p1a: Roselia\n|-damage|p1a: Roselia|89\/100\n|-resisted|p1a: Roselia\n|-damage|p1a: Roselia|86\/100\n|-hitcount|p1a: Roselia|5\n|-damage|p2a: Greninja|91\/100|[from] item: Life Orb\n|\n|upkeep\n|turn|6\n|\n|t:|1700298589\n|switch|p2a: Moltres|Moltres, shiny|100\/100\n|move|p1a: Roselia|Giga Drain|p2a: Moltres\n|-resisted|p2a: Moltres\n|-damage|p2a: Moltres|95\/100\n|-heal|p1a: Roselia|90\/100|[from] drain|[of] p2a: Moltres\n|\n|upkeep\n|turn|7\n|\n|t:|1700298599\n|switch|p1a: Wailord|Wailord, F|100\/100\n|-ability|p1a: Wailord|Pressure\n|move|p2a: Moltres|Flamethrower|p1a: Wailord\n|-resisted|p1a: Wailord\n|-damage|p1a: Wailord|86\/100\n|\n|-heal|p1a: Wailord|93\/100|[from] item: Leftovers\n|upkeep\n|turn|8\n|\n|t:|1700298618\n|switch|p2a: Mew|Mew, shiny|100\/100\n|move|p1a: Wailord|Aqua Ring|p1a: Wailord\n|-start|p1a: Wailord|Aqua Ring\n|\n|-heal|p1a: Wailord|99\/100|[from] item: Leftovers\n|-heal|p1a: Wailord|100\/100|[from] Aqua Ring\n|upkeep\n|turn|9\n|\n|t:|1700298627\n|move|p2a: Mew|Body Press|p1a: Wailord\n|-damage|p1a: Wailord|82\/100\n|move|p1a: Wailord|Substitute|p1a: Wailord\n|-start|p1a: Wailord|Substitute\n|-damage|p1a: Wailord|57\/100\n|\n|-heal|p1a: Wailord|63\/100|[from] item: Leftovers\n|-heal|p1a: Wailord|70\/100|[from] Aqua Ring\n|upkeep\n|turn|10\n|\n|t:|1700298637\n|move|p2a: Mew|Body Press|p1a: Wailord\n|-crit|p1a: Wailord\n|-activate|p1a: Wailord|move: Substitute|[damage]\n|move|p1a: Wailord|Scald|p2a: Mew\n|-damage|p2a: Mew|81\/100\n|-status|p2a: Mew|brn\n|-activate|p2a: Mew|ability: Synchronize\n|-status|p1a: Wailord|brn\n|\n|-heal|p1a: Wailord|76\/100 brn|[from] item: Leftovers\n|-heal|p1a: Wailord|82\/100 brn|[from] Aqua Ring\n|-damage|p2a: Mew|75\/100 brn|[from] brn\n|-damage|p1a: Wailord|76\/100 brn|[from] brn\n|upkeep\n|turn|11\n|\n|t:|1700298654\n|move|p2a: Mew|Cosmic Power|p2a: Mew\n|-boost|p2a: Mew|def|1\n|-boost|p2a: Mew|spd|1\n|move|p1a: Wailord|Scald|p2a: Mew\n|-crit|p2a: Mew\n|-damage|p2a: Mew|43\/100 brn\n|\n|-heal|p1a: Wailord|82\/100 brn|[from] item: Leftovers\n|-heal|p1a: Wailord|88\/100 brn|[from] Aqua Ring\n|-damage|p2a: Mew|37\/100 brn|[from] brn\n|-damage|p1a: Wailord|82\/100 brn|[from] brn\n|upkeep\n|turn|12\n|\n|t:|1700298666\n|move|p2a: Mew|Stored Power|p1a: Wailord\n|-end|p1a: Wailord|Substitute\n|move|p1a: Wailord|Scald|p2a: Mew\n|-damage|p2a: Mew|21\/100 brn\n|\n|-heal|p1a: Wailord|88\/100 brn|[from] item: Leftovers\n|-heal|p1a: Wailord|95\/100 brn|[from] Aqua Ring\n|-damage|p2a: Mew|15\/100 brn|[from] brn\n|-damage|p1a: Wailord|88\/100 brn|[from] brn\n|upkeep\n|turn|13\n|\n|t:|1700298677\n|move|p1a: Wailord|Protect|p1a: Wailord\n|-singleturn|p1a: Wailord|Protect\n|move|p2a: Mew|Body Press|p1a: Wailord\n|-activate|p1a: Wailord|move: Protect\n|\n|-heal|p1a: Wailord|95\/100 brn|[from] item: Leftovers\n|-heal|p1a: Wailord|100\/100 brn|[from] Aqua Ring\n|-damage|p2a: Mew|9\/100 brn|[from] brn\n|-damage|p1a: Wailord|94\/100 brn|[from] brn\n|upkeep\n|turn|14\n|\n|t:|1700298688\n|switch|p2a: Gyarados|Gyarados, F, shiny|100\/100\n|move|p1a: Wailord|Scald|p2a: Gyarados\n|-resisted|p2a: Gyarados\n|-damage|p2a: Gyarados|89\/100\n|\n|-heal|p1a: Wailord|100\/100 brn|[from] item: Leftovers\n|-damage|p1a: Wailord|94\/100 brn|[from] brn\n|upkeep\n|turn|15\n|\n|t:|1700298700\n|detailschange|p2a: Gyarados|Gyarados-Mega, F, shiny\n|-mega|p2a: Gyarados|Gyarados|Gyaradosite\n|-ability|p2a: Gyarados|Mold Breaker\n|move|p2a: Gyarados|Dragon Dance|p2a: Gyarados\n|-boost|p2a: Gyarados|atk|1\n|-boost|p2a: Gyarados|spe|1\n|move|p1a: Wailord|Substitute|p1a: Wailord\n|-start|p1a: Wailord|Substitute\n|-damage|p1a: Wailord|69\/100 brn\n|\n|-heal|p1a: Wailord|76\/100 brn|[from] item: Leftovers\n|-heal|p1a: Wailord|82\/100 brn|[from] Aqua Ring\n|-damage|p1a: Wailord|76\/100 brn|[from] brn\n|upkeep\n|turn|16\n|\n|t:|1700298713\n|move|p2a: Gyarados|Waterfall|p1a: Wailord\n|-resisted|p1a: Wailord\n|-end|p1a: Wailord|Substitute\n|move|p1a: Wailord|Scald|p2a: Gyarados\n|-resisted|p2a: Gyarados\n|-damage|p2a: Gyarados|79\/100\n|\n|-heal|p1a: Wailord|82\/100 brn|[from] item: Leftovers\n|-heal|p1a: Wailord|88\/100 brn|[from] Aqua Ring\n|-damage|p1a: Wailord|82\/100 brn|[from] brn\n|upkeep\n|turn|17\n|\n|t:|1700298725\n|move|p2a: Gyarados|Dragon Dance|p2a: Gyarados\n|-boost|p2a: Gyarados|atk|1\n|-boost|p2a: Gyarados|spe|1\n|move|p1a: Wailord|Scald|p2a: Gyarados\n|-resisted|p2a: Gyarados\n|-damage|p2a: Gyarados|68\/100\n|-status|p2a: Gyarados|brn\n|\n|-heal|p1a: Wailord|88\/100 brn|[from] item: Leftovers\n|-heal|p1a: Wailord|94\/100 brn|[from] Aqua Ring\n|-damage|p2a: Gyarados|62\/100 brn|[from] brn\n|-damage|p1a: Wailord|88\/100 brn|[from] brn\n|upkeep\n|turn|18\n|\n|t:|1700298738\n|move|p2a: Gyarados|Waterfall|p1a: Wailord\n|-resisted|p1a: Wailord\n|-damage|p1a: Wailord|67\/100 brn\n|move|p1a: Wailord|Scald|p2a: Gyarados\n|-resisted|p2a: Gyarados\n|-damage|p2a: Gyarados|51\/100 brn\n|\n|-heal|p1a: Wailord|73\/100 brn|[from] item: Leftovers\n|-heal|p1a: Wailord|79\/100 brn|[from] Aqua Ring\n|-damage|p2a: Gyarados|45\/100 brn|[from] brn\n|-damage|p1a: Wailord|73\/100 brn|[from] brn\n|upkeep\n|turn|19\n|\n|t:|1700298751\n|move|p1a: Wailord|Protect|p1a: Wailord\n|-singleturn|p1a: Wailord|Protect\n|move|p2a: Gyarados|Earthquake|p1a: Wailord\n|-activate|p1a: Wailord|move: Protect\n|\n|-heal|p1a: Wailord|79\/100 brn|[from] item: Leftovers\n|-heal|p1a: Wailord|86\/100 brn|[from] Aqua Ring\n|-damage|p2a: Gyarados|39\/100 brn|[from] brn\n|-damage|p1a: Wailord|79\/100 brn|[from] brn\n|upkeep\n|turn|20\n|\n|t:|1700298761\n|move|p2a: Gyarados|Bounce||[still]\n|-prepare|p2a: Gyarados|Bounce\n|move|p1a: Wailord|Scald|p2a: Gyarados|[miss]\n|-miss|p1a: Wailord|p2a: Gyarados\n|\n|-heal|p1a: Wailord|86\/100 brn|[from] item: Leftovers\n|-heal|p1a: Wailord|92\/100 brn|[from] Aqua Ring\n|-damage|p2a: Gyarados|33\/100 brn|[from] brn\n|-damage|p1a: Wailord|86\/100 brn|[from] brn\n|upkeep\n|turn|21\n|c|\u2606Jean Boby|?\n|\n|t:|1700298776\n|move|p1a: Wailord|Protect|p1a: Wailord\n|-singleturn|p1a: Wailord|Protect\n|move|p2a: Gyarados|Bounce|p1a: Wailord|[from]lockedmove\n|-activate|p1a: Wailord|move: Protect\n|\n|-heal|p1a: Wailord|92\/100 brn|[from] item: Leftovers\n|-heal|p1a: Wailord|98\/100 brn|[from] Aqua Ring\n|-damage|p2a: Gyarados|26\/100 brn|[from] brn\n|-damage|p1a: Wailord|92\/100 brn|[from] brn\n|upkeep\n|turn|22\n|inactive|Battle timer is ON: inactive players will automatically lose when time's up. (requested by sukuna97458)\n|\n|t:|1700298789\n|switch|p2a: Greninja|Greninja, M, shiny|91\/100\n|move|p1a: Wailord|Scald|p2a: Greninja\n|-resisted|p2a: Greninja\n|-damage|p2a: Greninja|72\/100\n|-status|p2a: Greninja|brn\n|\n|-heal|p1a: Wailord|98\/100 brn|[from] item: Leftovers\n|-heal|p1a: Wailord|100\/100 brn|[from] Aqua Ring\n|-damage|p2a: Greninja|66\/100 brn|[from] brn\n|-damage|p1a: Wailord|94\/100 brn|[from] brn\n|upkeep\n|turn|23\n|\n|t:|1700298802\n|move|p2a: Greninja|Ice Beam|p1a: Wailord\n|-start|p2a: Greninja|typechange|Ice|[from] ability: Protean\n|-resisted|p1a: Wailord\n|-damage|p1a: Wailord|73\/100 brn\n|-damage|p2a: Greninja|57\/100 brn|[from] item: Life Orb\n|move|p1a: Wailord|Scald|p2a: Greninja\n|-damage|p2a: Greninja|15\/100 brn\n|\n|-heal|p1a: Wailord|79\/100 brn|[from] item: Leftovers\n|-heal|p1a: Wailord|85\/100 brn|[from] Aqua Ring\n|-damage|p2a: Greninja|9\/100 brn|[from] brn\n|-damage|p1a: Wailord|79\/100 brn|[from] brn\n|upkeep\n|turn|24\n|\n|t:|1700298828\n|switch|p1a: Roselia|Roselia, F|90\/100\n|move|p2a: Greninja|Dark Pulse|p1a: Roselia\n|-damage|p1a: Roselia|68\/100\n|-damage|p2a: Greninja|0 fnt|[from] item: Life Orb\n|faint|p2a: Greninja\n|\n|upkeep\n|\n|t:|1700298841\n|switch|p2a: Charizard|Charizard, F, shiny|100\/100\n|turn|25\n|\n|t:|1700298849\n|-terastallize|p1a: Roselia|Water\n|move|p2a: Charizard|Dragon Dance|p2a: Charizard\n|-boost|p2a: Charizard|atk|1\n|-boost|p2a: Charizard|spe|1\n|move|p1a: Roselia|Synthesis|p1a: Roselia\n|-heal|p1a: Roselia|100\/100\n|\n|upkeep\n|turn|26\n|\n|t:|1700298859\n|move|p2a: Charizard|Flare Blitz|p1a: Roselia\n|-resisted|p1a: Roselia\n|-crit|p1a: Roselia\n|-damage|p1a: Roselia|32\/100\n|-damage|p2a: Charizard|78\/100|[from] Recoil\n|move|p1a: Roselia|Sludge Bomb|p2a: Charizard\n|-damage|p2a: Charizard|38\/100\n|\n|upkeep\n|turn|27\n|\n|t:|1700298870\n|move|p2a: Charizard|Flare Blitz|p1a: Roselia\n|-resisted|p1a: Roselia\n|-damage|p1a: Roselia|0 fnt\n|faint|p1a: Roselia\n|-damage|p2a: Charizard|27\/100|[from] Recoil\n|\n|upkeep\n|\n|t:|1700298893\n|switch|p1a: Claydol|Claydol|100\/100\n|turn|28\n|\n|t:|1700298898\n|move|p2a: Charizard|Earthquake|p1a: Claydol\n|-immune|p1a: Claydol|[from] ability: Levitate\n|move|p1a: Claydol|Toxic|p2a: Charizard\n|-status|p2a: Charizard|tox\n|\n|-damage|p2a: Charizard|21\/100 tox|[from] psn\n|upkeep\n|turn|29\n|\n|t:|1700298909\n|move|p2a: Charizard|Roost|p2a: Charizard\n|-heal|p2a: Charizard|71\/100 tox\n|-singleturn|p2a: Charizard|move: Roost\n|move|p1a: Claydol|Psychic|p2a: Charizard\n|-damage|p2a: Charizard|41\/100 tox\n|-unboost|p2a: Charizard|spd|1\n|\n|-damage|p2a: Charizard|29\/100 tox|[from] psn\n|upkeep\n|turn|30\n|\n|t:|1700298923\n|move|p2a: Charizard|Flare Blitz|p1a: Claydol\n|-damage|p1a: Claydol|16\/100\n|-damage|p2a: Charizard|0 fnt|[from] Recoil\n|faint|p2a: Charizard\n|move|p1a: Claydol|Psychic|p2: Charizard|[notarget]\n|-fail|p1a: Claydol\n|\n|upkeep\n|\n|t:|1700298928\n|switch|p2a: Moltres|Moltres, shiny|95\/100\n|turn|31\n|\n|t:|1700298937\n|-terastallize|p2a: Moltres|Water\n|move|p1a: Claydol|Toxic|p2a: Moltres\n|-status|p2a: Moltres|tox\n|move|p2a: Moltres|Flamethrower|p1a: Claydol\n|-damage|p1a: Claydol|0 fnt\n|faint|p1a: Claydol\n|\n|-damage|p2a: Moltres|89\/100 tox|[from] psn\n|upkeep\n|\n|t:|1700298949\n|switch|p1a: Stoutland|Stoutland, M|100\/100\n|turn|32\n|\n|t:|1700298959\n|move|p1a: Stoutland|Return|p2a: Moltres\n|-damage|p2a: Moltres|29\/100 tox\n|move|p2a: Moltres|Flamethrower|p1a: Stoutland\n|-damage|p1a: Stoutland|57\/100\n|\n|-damage|p2a: Moltres|17\/100 tox|[from] psn\n|upkeep\n|turn|33\n|\n|t:|1700298970\n|move|p1a: Stoutland|Return|p2a: Moltres\n|-damage|p2a: Moltres|0 fnt\n|-status|p1a: Stoutland|brn|[from] ability: Flame Body|[of] p2a: Moltres\n|faint|p2a: Moltres\n|\n|-damage|p1a: Stoutland|51\/100 brn|[from] brn\n|upkeep\n|\n|t:|1700298980\n|switch|p2a: Gyarados|Gyarados-Mega, F, shiny|26\/100 brn\n|-ability|p2a: Gyarados|Mold Breaker\n|turn|34\n|\n|t:|1700298991\n|move|p2a: Gyarados|Waterfall|p1a: Stoutland\n|-damage|p1a: Stoutland|23\/100 brn\n|move|p1a: Stoutland|Return|p2a: Gyarados\n|-damage|p2a: Gyarados|0 fnt\n|faint|p2a: Gyarados\n|\n|-damage|p1a: Stoutland|17\/100 brn|[from] brn\n|upkeep\n|\n|t:|1700298998\n|switch|p2a: Mew|Mew, shiny|9\/100 brn\n|turn|35\n|\n|t:|1700299003\n|move|p2a: Mew|Body Press|p1a: Stoutland\n|-supereffective|p1a: Stoutland\n|-damage|p1a: Stoutland|0 fnt\n|faint|p1a: Stoutland\n|\n|-damage|p2a: Mew|2\/100 brn|[from] brn\n|upkeep\n|\n|t:|1700299011\n|switch|p1a: Ninetales|Ninetales, M|62\/100\n|turn|36\n|\n|t:|1700299019\n|move|p1a: Ninetales|Energy Ball|p2a: Mew\n|-damage|p2a: Mew|0 fnt\n|faint|p2a: Mew\n|\n|win|Jean Boby\n|l|\u2606sukuna97458\n","uploadtime":1700299029,"views":16,"p1id":"jeanboby","p2id":"sukuna97458","formatid":"gen9nationaldex","rating":0,"private":0,"password":""}