{"id":"gen9nationaldex-1994113218","p1":"Waddle Ds","p2":"FernandaCoxta","format":"[Gen 9] National Dex","log":"|j|\u2606Waddle Ds\n|j|\u2606FernandaCoxta\n|t:|1700408419\n|gametype|singles\n|player|p1|Waddle Ds|marshal|\n|player|p2|FernandaCoxta|misty|\n|teamsize|p1|6\n|teamsize|p2|6\n|gen|9\n|tier|[Gen 9] National Dex\n|rule|HP Percentage Mod: HP is shown in percentages\n|rule|Endless Battle Clause: Forcing endless battles is banned\n|rule|OHKO Clause: OHKO moves are banned\n|rule|Evasion Clause: Evasion abilities, items, and moves are banned\n|rule|Evasion Abilities Clause: Evasion abilities are banned\n|rule|Evasion Items Clause: Evasion items are banned\n|rule|Evasion Moves Clause: Evasion moves are banned\n|rule|Species Clause: Limit one of each Pok\u00e9mon\n|rule|Sleep Clause Mod: Limit one foe put to sleep\n|clearpoke\n|poke|p1|Tauros-Paldea-Blaze, M|\n|poke|p1|Rotom-Heat|\n|poke|p1|Torkoal, F|\n|poke|p1|Marowak-Alola, F|\n|poke|p1|Delphox, F|\n|poke|p1|Camerupt, F|\n|poke|p2|Ninetales, F|\n|poke|p2|Armarouge, F|\n|poke|p2|Volcarona, F|\n|poke|p2|Heatmor, F|\n|poke|p2|Chandelure, M|\n|poke|p2|Infernape, F|\n|teampreview\n|\n|t:|1700408444\n|start\n|switch|p1a: Charizard-F|Marowak-Alola, F|100\/100\n|switch|p2a: 25 de Mar\u00e7o|Heatmor, F|100\/100\n|turn|1\n|\n|t:|1700408449\n|move|p2a: 25 de Mar\u00e7o|Rain Dance|p2a: 25 de Mar\u00e7o\n|-weather|RainDance\n|move|p1a: Charizard-F|Earthquake|p2a: 25 de Mar\u00e7o\n|-supereffective|p2a: 25 de Mar\u00e7o\n|-damage|p2a: 25 de Mar\u00e7o|0 fnt\n|faint|p2a: 25 de Mar\u00e7o\n|\n|-weather|RainDance|[upkeep]\n|upkeep\n|\n|t:|1700408456\n|switch|p2a: N\u00e3o tenho Senhora|Ninetales, F|100\/100\n|-item|p2a: N\u00e3o tenho Senhora|Air Balloon\n|turn|2\n|\n|t:|1700408475\n|switch|p1a: K-Victiny|Delphox, F|100\/100\n|move|p2a: N\u00e3o tenho Senhora|Weather Ball|p1a: K-Victiny\n|-supereffective|p1a: K-Victiny\n|-damage|p1a: K-Victiny|25\/100\n|\n|-weather|RainDance|[upkeep]\n|upkeep\n|turn|3\n|\n|t:|1700408483\n|move|p2a: N\u00e3o tenho Senhora|Weather Ball|p1a: K-Victiny\n|-supereffective|p1a: K-Victiny\n|-damage|p1a: K-Victiny|0 fnt\n|faint|p1a: K-Victiny\n|\n|-weather|RainDance|[upkeep]\n|upkeep\n|\n|t:|1700408491\n|switch|p1a: O mito tava certo|Tauros-Paldea-Blaze, M|100\/100\n|-ability|p1a: O mito tava certo|Intimidate|boost\n|-unboost|p2a: N\u00e3o tenho Senhora|atk|1\n|turn|4\n|\n|t:|1700408495\n|move|p1a: O mito tava certo|Rock Slide|p2a: N\u00e3o tenho Senhora\n|-supereffective|p2a: N\u00e3o tenho Senhora\n|-damage|p2a: N\u00e3o tenho Senhora|25\/100\n|-enditem|p2a: N\u00e3o tenho Senhora|Air Balloon\n|move|p2a: N\u00e3o tenho Senhora|Weather Ball|p1a: O mito tava certo\n|-supereffective|p1a: O mito tava certo\n|-damage|p1a: O mito tava certo|0 fnt\n|faint|p1a: O mito tava certo\n|\n|-weather|RainDance|[upkeep]\n|upkeep\n|\n|t:|1700408510\n|switch|p1a: Moltress|Rotom-Heat|100\/100\n|turn|5\n|\n|t:|1700408515\n|move|p2a: N\u00e3o tenho Senhora|Weather Ball|p1a: Moltress\n|-supereffective|p1a: Moltress\n|-damage|p1a: Moltress|13\/100\n|move|p1a: Moltress|Light Screen|p1a: Moltress\n|-sidestart|p1: Waddle Ds|move: Light Screen\n|\n|-weather|RainDance|[upkeep]\n|upkeep\n|turn|6\n|\n|t:|1700408526\n|move|p2a: N\u00e3o tenho Senhora|Weather Ball|p1a: Moltress\n|-supereffective|p1a: Moltress\n|-damage|p1a: Moltress|0 fnt\n|faint|p1a: Moltress\n|\n|-weather|RainDance|[upkeep]\n|upkeep\n|\n|t:|1700408531\n|switch|p1a: Cameruptt|Torkoal, F|100\/100\n|turn|7\n|\n|t:|1700408535\n|move|p2a: N\u00e3o tenho Senhora|Weather Ball|p1a: Cameruptt\n|-supereffective|p1a: Cameruptt\n|-damage|p1a: Cameruptt|48\/100\n|move|p1a: Cameruptt|Ancient Power|p2a: N\u00e3o tenho Senhora\n|-supereffective|p2a: N\u00e3o tenho Senhora\n|-damage|p2a: N\u00e3o tenho Senhora|0 fnt\n|faint|p2a: N\u00e3o tenho Senhora\n|\n|-weather|RainDance|[upkeep]\n|upkeep\n|\n|t:|1700408546\n|switch|p2a: R$ 100|Armarouge, F|100\/100\n|turn|8\n|\n|t:|1700408554\n|move|p2a: R$ 100|Weather Ball|p1a: Cameruptt\n|-supereffective|p1a: Cameruptt\n|-damage|p1a: Cameruptt|0 fnt\n|faint|p1a: Cameruptt\n|\n|-weather|none\n|upkeep\n|\n|t:|1700408559\n|switch|p1a: Charizard-F|Marowak-Alola, F|100\/100\n|turn|9\n|\n|t:|1700408567\n|-terastallize|p2a: R$ 100|Fire\n|move|p2a: R$ 100|Psychic|p1a: Charizard-F\n|-damage|p1a: Charizard-F|69\/100\n|move|p1a: Charizard-F|Shadow Bone|p2a: R$ 100\n|-damage|p2a: R$ 100|41\/100\n|-ability|p2a: R$ 100|Weak Armor|boost\n|-unboost|p2a: R$ 100|def|1\n|-boost|p2a: R$ 100|spe|2\n|\n|upkeep\n|turn|10\n|\n|t:|1700408577\n|move|p2a: R$ 100|Psychic|p1a: Charizard-F\n|-damage|p1a: Charizard-F|38\/100\n|-start|p2a: R$ 100|Disable|Psychic|[from] ability: Cursed Body|[of] p1a: Charizard-F\n|move|p1a: Charizard-F|Shadow Bone|p2a: R$ 100\n|-damage|p2a: R$ 100|0 fnt\n|faint|p2a: R$ 100\n|\n|upkeep\n|\n|t:|1700408588\n|switch|p2a: Nihao China|Infernape, F|100\/100\n|turn|11\n|\n|t:|1700408592\n|move|p2a: Nihao China|Knock Off|p1a: Charizard-F\n|-supereffective|p1a: Charizard-F\n|-damage|p1a: Charizard-F|0 fnt\n|-enditem|p1a: Charizard-F|Thick Club|[from] move: Knock Off|[of] p2a: Nihao China\n|faint|p1a: Charizard-F\n|\n|upkeep\n|\n|t:|1700408595\n|switch|p1a: Mega-Camerupt|Camerupt, F|100\/100\n|turn|12\n|\n|t:|1700408601\n|switch|p2a: Esperando UBER|Chandelure, M|100\/100\n|move|p1a: Mega-Camerupt|Earth Power|p2a: Esperando UBER\n|-supereffective|p2a: Esperando UBER\n|-damage|p2a: Esperando UBER|0 fnt\n|faint|p2a: Esperando UBER\n|\n|-sideend|p1: Waddle Ds|move: Light Screen\n|upkeep\n|\n|t:|1700408611\n|switch|p2a: COXTMAS|Volcarona, F|100\/100\n|turn|13\n|\n|t:|1700408622\n|move|p2a: COXTMAS|Hidden Power|p1a: Mega-Camerupt\n|-supereffective|p1a: Mega-Camerupt\n|-damage|p1a: Mega-Camerupt|17\/100\n|move|p1a: Mega-Camerupt|Ancient Power|p2a: COXTMAS\n|-supereffective|p2a: COXTMAS\n|-damage|p2a: COXTMAS|19\/100\n|\n|upkeep\n|turn|14\n|\n|t:|1700408628\n|move|p2a: COXTMAS|Hidden Power|p1a: Mega-Camerupt\n|-supereffective|p1a: Mega-Camerupt\n|-damage|p1a: Mega-Camerupt|0 fnt\n|faint|p1a: Mega-Camerupt\n|\n|win|FernandaCoxta\n|l|\u2606Waddle Ds\n","uploadtime":1700408728,"views":6,"p1id":"waddleds","p2id":"fernandacoxta","formatid":"gen9nationaldex","rating":0,"private":0,"password":""}