{"id":"gen9nationaldex-2000184028","p1":"0d000721","p2":"Ay Cheu","format":"[Gen 9] National Dex","log":"|html|<div class=\"broadcast-blue\"><strong>[Gen 9] National Dex is currently suspecting Sneasler! For information on how to participate check out the <a href=\"https:\/\/www.smogon.com\/forums\/threads\/sv-national-dex-suspect-8-just-dance.3731534\/\">suspect thread<\/a>.<\/strong><\/div>\n|j|\u26060d000721\n|j|\u2606Ay Cheu\n|t:|1701168811\n|gametype|singles\n|player|p1|0d000721|serena-masters3|1637\n|player|p2|Ay Cheu|officeworker|1646\n|teamsize|p1|6\n|teamsize|p2|6\n|gen|9\n|tier|[Gen 9] National Dex\n|rated|\n|rule|HP Percentage Mod: HP is shown in percentages\n|rule|Endless Battle Clause: Forcing endless battles is banned\n|rule|OHKO Clause: OHKO moves are banned\n|rule|Evasion Clause: Evasion abilities, items, and moves are banned\n|rule|Evasion Abilities Clause: Evasion abilities are banned\n|rule|Evasion Items Clause: Evasion items are banned\n|rule|Evasion Moves Clause: Evasion moves are banned\n|rule|Species Clause: Limit one of each Pok\u00e9mon\n|rule|Sleep Clause Mod: Limit one foe put to sleep\n|clearpoke\n|poke|p1|Glimmora, M|\n|poke|p1|Greninja-*, M|\n|poke|p1|Dragonite, F|\n|poke|p1|Heatran, M|\n|poke|p1|Great Tusk|\n|poke|p1|Banette, M|\n|poke|p2|Arcanine-Hisui, M|\n|poke|p2|Snorlax, M|\n|poke|p2|Corviknight, M|\n|poke|p2|Greninja-*, M|\n|poke|p2|Sylveon, F|\n|poke|p2|Torterra, M|\n|teampreview\n|inactive|Battle timer is ON: inactive players will automatically lose when time's up. (requested by 0d000721)\n|\n|t:|1701168824\n|start\n|switch|p1a: Glimmora|Glimmora, M|100\/100\n|switch|p2a: \u9ed1\u6b66\u58eb|Greninja, M, shiny|100\/100\n|turn|1\n|\n|t:|1701168832\n|move|p2a: \u9ed1\u6b66\u58eb|Dark Pulse|p1a: Glimmora\n|-start|p2a: \u9ed1\u6b66\u58eb|typechange|Dark|[from] ability: Protean\n|-damage|p1a: Glimmora|21\/100\n|move|p1a: Glimmora|Energy Ball|p2a: \u9ed1\u6b66\u58eb\n|-crit|p2a: \u9ed1\u6b66\u58eb\n|-damage|p2a: \u9ed1\u6b66\u58eb|23\/100\n|\n|upkeep\n|turn|2\n|j| hainiumm\n|\n|t:|1701168847\n|move|p2a: \u9ed1\u6b66\u58eb|Dark Pulse|p1a: Glimmora\n|-damage|p1a: Glimmora|0 fnt\n|faint|p1a: Glimmora\n|\n|upkeep\n|\n|t:|1701168853\n|switch|p1a: Greninja|Greninja, M|100\/100\n|turn|3\n|l| hainiumm\n|\n|t:|1701168868\n|switch|p2a: \u963f\u80a5|Snorlax, M|100\/100\n|move|p1a: Greninja|Water Shuriken|p2a: \u963f\u80a5\n|-damage|p2a: \u963f\u80a5|96\/100\n|-crit|p2a: \u963f\u80a5\n|-damage|p2a: \u963f\u80a5|90\/100\n|-hitcount|p2a: \u963f\u80a5|2\n|-damage|p1a: Greninja|91\/100|[from] item: Life Orb\n|\n|upkeep\n|turn|4\n|\n|t:|1701168875\n|switch|p1a: Banette|Banette, M|100\/100\n|-item|p2a: \u963f\u80a5|Assault Vest|[from] ability: Frisk|[of] p1a: Banette|[identify]\n|move|p2a: \u963f\u80a5|Body Slam|p1a: Banette\n|-immune|p1a: Banette\n|\n|upkeep\n|turn|5\n|\n|t:|1701168885\n|detailschange|p1a: Banette|Banette-Mega, M\n|-mega|p1a: Banette|Banette|Banettite\n|move|p1a: Banette|Encore|p2a: \u963f\u80a5\n|-start|p2a: \u963f\u80a5|Encore\n|move|p2a: \u963f\u80a5|Body Slam|p1a: Banette\n|-immune|p1a: Banette\n|\n|upkeep\n|turn|6\n|\n|t:|1701168892\n|switch|p2a: \u7070\u7070|Arcanine-Hisui, M|100\/100\n|move|p1a: Banette|Poltergeist|p2a: \u7070\u7070\n|-activate|p2a: \u7070\u7070|move: Poltergeist|Life Orb\n|-damage|p2a: \u7070\u7070|10\/100\n|\n|upkeep\n|turn|7\n|\n|t:|1701168899\n|move|p1a: Banette|Shadow Sneak|p2a: \u7070\u7070\n|-damage|p2a: \u7070\u7070|0 fnt\n|faint|p2a: \u7070\u7070\n|\n|upkeep\n|\n|t:|1701168908\n|switch|p2a: \u963f\u80a5|Snorlax, M|90\/100\n|turn|8\n|\n|t:|1701168916\n|switch|p2a: \u4e0d\u52a8\u5982\u5c71|Torterra, M|100\/100\n|move|p1a: Banette|Destiny Bond|p1a: Banette\n|-singlemove|p1a: Banette|Destiny Bond\n|\n|upkeep\n|turn|9\n|\n|t:|1701168923\n|move|p1a: Banette|Poltergeist|p2a: \u4e0d\u52a8\u5982\u5c71\n|-activate|p2a: \u4e0d\u52a8\u5982\u5c71|move: Poltergeist|Rocky Helmet\n|-damage|p2a: \u4e0d\u52a8\u5982\u5c71|57\/100\n|move|p2a: \u4e0d\u52a8\u5982\u5c71|Stealth Rock|p1a: Banette\n|-sidestart|p1: 0d000721|move: Stealth Rock\n|\n|upkeep\n|turn|10\n|\n|t:|1701168929\n|switch|p2a: \u9ed1\u6b66\u58eb|Greninja, M, shiny|23\/100\n|move|p1a: Banette|Encore|p2a: \u9ed1\u6b66\u58eb\n|-hint|Since gen 7, Dark is immune to Prankster moves.\n|-immune|p2a: \u9ed1\u6b66\u58eb\n|\n|upkeep\n|turn|11\n|\n|t:|1701168941\n|switch|p2a: \u963f\u80a5|Snorlax, M|90\/100\n|switch|p1a: Greninja|Greninja, M|91\/100\n|-damage|p1a: Greninja|78\/100|[from] Stealth Rock\n|\n|upkeep\n|turn|12\n|\n|t:|1701168947\n|switch|p1a: Banette|Banette-Mega, M|100\/100\n|-damage|p1a: Banette|88\/100|[from] Stealth Rock\n|move|p2a: \u963f\u80a5|Earthquake|p1a: Banette\n|-damage|p1a: Banette|45\/100\n|\n|upkeep\n|turn|13\n|\n|t:|1701168954\n|move|p1a: Banette|Destiny Bond|p1a: Banette\n|-singlemove|p1a: Banette|Destiny Bond\n|move|p2a: \u963f\u80a5|Earthquake|p1a: Banette\n|-damage|p1a: Banette|4\/100\n|\n|upkeep\n|turn|14\n|\n|t:|1701168958\n|move|p1a: Banette|Poltergeist|p2a: \u963f\u80a5\n|-immune|p2a: \u963f\u80a5\n|move|p2a: \u963f\u80a5|Body Slam|p1a: Banette\n|-immune|p1a: Banette\n|\n|upkeep\n|turn|15\n|\n|t:|1701168964\n|move|p1a: Banette|Destiny Bond|p1a: Banette\n|-singlemove|p1a: Banette|Destiny Bond\n|move|p2a: \u963f\u80a5|Body Slam|p1a: Banette\n|-immune|p1a: Banette\n|\n|upkeep\n|turn|16\n|\n|t:|1701168969\n|switch|p1a: Dragonite|Dragonite, F|100\/100\n|-damage|p1a: Dragonite|76\/100|[from] Stealth Rock\n|move|p2a: \u963f\u80a5|Body Slam|p1a: Dragonite\n|-crit|p1a: Dragonite\n|-damage|p1a: Dragonite|0 fnt\n|faint|p1a: Dragonite\n|\n|upkeep\n|\n|t:|1701168978\n|switch|p1a: Great Tusk|Great Tusk|100\/100\n|turn|17\n|\n|t:|1701168984\n|switch|p2a: \u4e0d\u52a8\u5982\u5c71|Torterra, M|57\/100\n|move|p1a: Great Tusk|Rapid Spin|p2a: \u4e0d\u52a8\u5982\u5c71\n|-damage|p2a: \u4e0d\u52a8\u5982\u5c71|47\/100\n|-boost|p1a: Great Tusk|spe|1\n|-damage|p1a: Great Tusk|84\/100|[from] item: Rocky Helmet|[of] p2a: \u4e0d\u52a8\u5982\u5c71\n|-sideend|p1: 0d000721|Stealth Rock|[from] move: Rapid Spin|[of] p1a: Great Tusk\n|\n|upkeep\n|turn|18\n|\n|t:|1701168988\n|-terastallize|p2a: \u4e0d\u52a8\u5982\u5c71|Water\n|move|p1a: Great Tusk|Ice Spinner|p2a: \u4e0d\u52a8\u5982\u5c71\n|-resisted|p2a: \u4e0d\u52a8\u5982\u5c71\n|-damage|p2a: \u4e0d\u52a8\u5982\u5c71|38\/100\n|-damage|p1a: Great Tusk|68\/100|[from] item: Rocky Helmet|[of] p2a: \u4e0d\u52a8\u5982\u5c71\n|move|p2a: \u4e0d\u52a8\u5982\u5c71|Synthesis|p2a: \u4e0d\u52a8\u5982\u5c71\n|-heal|p2a: \u4e0d\u52a8\u5982\u5c71|88\/100\n|\n|upkeep\n|turn|19\n|\n|t:|1701169004\n|-end|p1a: Great Tusk|Protosynthesis|[silent]\n|switch|p1a: Banette|Banette-Mega, M|4\/100\n|move|p2a: \u4e0d\u52a8\u5982\u5c71|Stealth Rock|p1a: Banette\n|-sidestart|p1: 0d000721|move: Stealth Rock\n|\n|upkeep\n|turn|20\n|\n|t:|1701169011\n|switch|p1a: Great Tusk|Great Tusk|68\/100\n|switch|p2a: \u963f\u80a5|Snorlax, M|90\/100\n|\n|upkeep\n|turn|21\n|\n|t:|1701169015\n|switch|p2a: \u4e0d\u52a8\u5982\u5c71|Torterra, M, tera:Water|88\/100\n|move|p1a: Great Tusk|Close Combat|p2a: \u4e0d\u52a8\u5982\u5c71\n|-damage|p2a: \u4e0d\u52a8\u5982\u5c71|49\/100\n|-unboost|p1a: Great Tusk|def|1\n|-unboost|p1a: Great Tusk|spd|1\n|-damage|p1a: Great Tusk|51\/100|[from] item: Rocky Helmet|[of] p2a: \u4e0d\u52a8\u5982\u5c71\n|\n|upkeep\n|turn|22\n|\n|t:|1701169026\n|move|p1a: Great Tusk|Close Combat|p2a: \u4e0d\u52a8\u5982\u5c71\n|-damage|p2a: \u4e0d\u52a8\u5982\u5c71|8\/100\n|-unboost|p1a: Great Tusk|def|1\n|-unboost|p1a: Great Tusk|spd|1\n|-damage|p1a: Great Tusk|35\/100|[from] item: Rocky Helmet|[of] p2a: \u4e0d\u52a8\u5982\u5c71\n|move|p2a: \u4e0d\u52a8\u5982\u5c71|Synthesis|p2a: \u4e0d\u52a8\u5982\u5c71\n|-heal|p2a: \u4e0d\u52a8\u5982\u5c71|58\/100\n|\n|upkeep\n|turn|23\n|\n|t:|1701169034\n|-end|p1a: Great Tusk|Protosynthesis|[silent]\n|switch|p1a: Heatran|Heatran, M|100\/100\n|-damage|p1a: Heatran|88\/100|[from] Stealth Rock\n|move|p2a: \u4e0d\u52a8\u5982\u5c71|Seed Bomb|p1a: Heatran\n|-resisted|p1a: Heatran\n|-damage|p1a: Heatran|80\/100\n|\n|upkeep\n|turn|24\n|\n|t:|1701169044\n|move|p1a: Heatran|Earth Power|p2a: \u4e0d\u52a8\u5982\u5c71\n|-damage|p2a: \u4e0d\u52a8\u5982\u5c71|26\/100\n|move|p2a: \u4e0d\u52a8\u5982\u5c71|Leech Seed|p1a: Heatran\n|-start|p1a: Heatran|move: Leech Seed\n|\n|-damage|p1a: Heatran|68\/100|[from] Leech Seed|[of] p2a: \u4e0d\u52a8\u5982\u5c71\n|-heal|p2a: \u4e0d\u52a8\u5982\u5c71|36\/100|[silent]\n|upkeep\n|turn|25\n|\n|t:|1701169048\n|move|p1a: Heatran|Earth Power|p2a: \u4e0d\u52a8\u5982\u5c71\n|-damage|p2a: \u4e0d\u52a8\u5982\u5c71|4\/100\n|-unboost|p2a: \u4e0d\u52a8\u5982\u5c71|spd|1\n|move|p2a: \u4e0d\u52a8\u5982\u5c71|Synthesis|p2a: \u4e0d\u52a8\u5982\u5c71\n|-heal|p2a: \u4e0d\u52a8\u5982\u5c71|54\/100\n|\n|-damage|p1a: Heatran|56\/100|[from] Leech Seed|[of] p2a: \u4e0d\u52a8\u5982\u5c71\n|-heal|p2a: \u4e0d\u52a8\u5982\u5c71|64\/100|[silent]\n|upkeep\n|turn|26\n|\n|t:|1701169053\n|switch|p2a: \u56e1\u56e1|Sylveon, F|100\/100\n|move|p1a: Heatran|Earth Power|p2a: \u56e1\u56e1\n|-damage|p2a: \u56e1\u56e1|78\/100\n|\n|-damage|p1a: Heatran|43\/100|[from] Leech Seed|[of] p2a: \u56e1\u56e1\n|-heal|p2a: \u56e1\u56e1|88\/100|[silent]\n|upkeep\n|turn|27\n|\n|t:|1701169058\n|switch|p1a: Great Tusk|Great Tusk|35\/100\n|move|p2a: \u56e1\u56e1|Protect||[still]\n|-fail|p2a: \u56e1\u56e1\n|\n|upkeep\n|turn|28\n|-message|0d000721 forfeited.\n|\n|win|Ay Cheu\n|raw|0d000721's rating: 1637 &rarr; <strong>1618<\/strong><br \/>(-19 for losing)\n|raw|Ay Cheu's rating: 1646 &rarr; <strong>1665<\/strong><br \/>(+19 for winning)\n|l|\u26060d000721\n","uploadtime":1701169064,"views":7,"p1id":"0d000721","p2id":"aycheu","formatid":"gen9nationaldex","rating":1618,"private":0,"password":""}