{"id":"gen9nationaldex-1990115193","p1":"BigBenClockTower","p2":"Kuzwa","format":"[Gen 9] National Dex","log":"|j|\u2606BigBenClockTower\n|j|\u2606Kuzwa\n|t:|1699926159\n|gametype|singles\n|player|p1|BigBenClockTower|acetrainer-gen6xy|1218\n|player|p2|Kuzwa|parasollady|1317\n|teamsize|p1|6\n|teamsize|p2|6\n|gen|9\n|tier|[Gen 9] National Dex\n|rated|\n|rule|HP Percentage Mod: HP is shown in percentages\n|rule|Endless Battle Clause: Forcing endless battles is banned\n|rule|OHKO Clause: OHKO moves are banned\n|rule|Evasion Clause: Evasion abilities, items, and moves are banned\n|rule|Evasion Abilities Clause: Evasion abilities are banned\n|rule|Evasion Items Clause: Evasion items are banned\n|rule|Evasion Moves Clause: Evasion moves are banned\n|rule|Species Clause: Limit one of each Pok\u00e9mon\n|rule|Sleep Clause Mod: Limit one foe put to sleep\n|clearpoke\n|poke|p1|Mawile, F|\n|poke|p1|Ferrothorn, M|\n|poke|p1|Spidops, M|\n|poke|p1|Tapu Fini|\n|poke|p1|Chandelure, F|\n|poke|p1|Vanilluxe, M|\n|poke|p2|Gallade, M|\n|poke|p2|Kartana|\n|poke|p2|Weavile, M|\n|poke|p2|Ogerpon-Wellspring, F|\n|poke|p2|Zeraora|\n|poke|p2|Electrode-Hisui|\n|teampreview\n|\n|t:|1699926180\n|start\n|switch|p1a: Spidops|Spidops, M|100\/100\n|switch|p2a: ball|Electrode-Hisui|100\/100\n|turn|1\n|\n|t:|1699926188\n|move|p1a: Spidops|First Impression|p2a: ball\n|-supereffective|p2a: ball\n|-damage|p2a: ball|13\/100\n|-status|p1a: Spidops|par|[from] ability: Static|[of] p2a: ball\n|move|p2a: ball|Agility|p2a: ball\n|-boost|p2a: ball|spe|2\n|\n|-status|p2a: ball|brn|[from] item: Flame Orb\n|upkeep\n|turn|2\n|\n|t:|1699926203\n|move|p2a: ball|Electro Ball|p1a: Spidops\n|-damage|p1a: Spidops|27\/100 par\n|-enditem|p1a: Spidops|Red Card|[of] p2a: ball\n|drag|p2a: Aigis|Ogerpon-Wellspring, F|100\/100\n|move|p1a: Spidops|Spikes|p2a: Aigis\n|-sidestart|p2: Kuzwa|Spikes\n|\n|upkeep\n|turn|3\n|\n|t:|1699926211\n|move|p2a: Aigis|U-turn|p1a: Spidops\n|-damage|p1a: Spidops|6\/100 par\n|\n|t:|1699926216\n|switch|p2a: ball|Electrode-Hisui|13\/100 brn|[from] U-turn\n|-damage|p2a: ball|1\/100 brn|[from] Spikes\n|cant|p1a: Spidops|par\n|\n|-damage|p2a: ball|0 fnt|[from] brn\n|faint|p2a: ball\n|upkeep\n|\n|t:|1699926230\n|switch|p2a: Makoto Yuki|Kartana, shiny|100\/100\n|-damage|p2a: Makoto Yuki|88\/100|[from] Spikes\n|turn|4\n|\n|t:|1699926235\n|move|p2a: Makoto Yuki|Swords Dance|p2a: Makoto Yuki\n|-boost|p2a: Makoto Yuki|atk|2\n|move|p1a: Spidops|Spikes|p2a: Makoto Yuki\n|-sidestart|p2: Kuzwa|Spikes\n|\n|upkeep\n|turn|5\n|\n|t:|1699926239\n|move|p2a: Makoto Yuki|Smart Strike|p1a: Spidops\n|-damage|p1a: Spidops|0 fnt\n|faint|p1a: Spidops\n|-ability|p2a: Makoto Yuki|Beast Boost|boost\n|-boost|p2a: Makoto Yuki|atk|1\n|\n|upkeep\n|\n|t:|1699926247\n|switch|p1a: Chandelure|Chandelure, F|100\/100\n|turn|6\n|\n|t:|1699926256\n|move|p1a: Chandelure|Flamethrower|p2a: Makoto Yuki\n|-supereffective|p2a: Makoto Yuki\n|-damage|p2a: Makoto Yuki|0 fnt\n|faint|p2a: Makoto Yuki\n|\n|upkeep\n|\n|t:|1699926259\n|switch|p2a: Junpei Iori|Weavile, M, shiny|100\/100\n|-damage|p2a: Junpei Iori|84\/100|[from] Spikes\n|turn|7\n|\n|t:|1699926266\n|move|p1a: Chandelure|Flamethrower|p2a: Junpei Iori\n|-supereffective|p2a: Junpei Iori\n|-damage|p2a: Junpei Iori|0 fnt\n|faint|p2a: Junpei Iori\n|\n|upkeep\n|\n|t:|1699926272\n|switch|p2a: Aigis|Ogerpon-Wellspring, F|100\/100\n|-damage|p2a: Aigis|84\/100|[from] Spikes\n|turn|8\n|\n|t:|1699926281\n|switch|p1a: Ferrothorn|Ferrothorn, M|100\/100\n|move|p2a: Aigis|Swords Dance|p2a: Aigis\n|-boost|p2a: Aigis|atk|2\n|\n|upkeep\n|turn|9\n|\n|t:|1699926293\n|move|p2a: Aigis|Ivy Cudgel|p1a: Ferrothorn\n|-resisted|p1a: Ferrothorn\n|-damage|p1a: Ferrothorn|68\/100\n|move|p1a: Ferrothorn|Gyro Ball|p2a: Aigis\n|-resisted|p2a: Aigis\n|-damage|p2a: Aigis|50\/100\n|\n|upkeep\n|turn|10\n|\n|t:|1699926301\n|move|p2a: Aigis|Horn Leech|p1a: Ferrothorn\n|-resisted|p1a: Ferrothorn\n|-crit|p1a: Ferrothorn\n|-damage|p1a: Ferrothorn|49\/100\n|-heal|p2a: Aigis|61\/100|[from] drain|[of] p1a: Ferrothorn\n|-damage|p2a: Aigis|49\/100|[from] ability: Iron Barbs|[of] p1a: Ferrothorn\n|-damage|p2a: Aigis|32\/100|[from] item: Rocky Helmet|[of] p1a: Ferrothorn\n|move|p1a: Ferrothorn|Gyro Ball|p2a: Aigis\n|-resisted|p2a: Aigis\n|-damage|p2a: Aigis|0 fnt\n|faint|p2a: Aigis\n|\n|upkeep\n|\n|t:|1699926309\n|switch|p2a: Ryoji Mochizuki|Gallade, M, shiny|100\/100\n|-damage|p2a: Ryoji Mochizuki|84\/100|[from] Spikes\n|turn|11\n|\n|t:|1699926316\n|-terastallize|p1a: Ferrothorn|Water\n|move|p2a: Ryoji Mochizuki|Sacred Sword|p1a: Ferrothorn\n|-damage|p1a: Ferrothorn|9\/100\n|-damage|p2a: Ryoji Mochizuki|72\/100|[from] ability: Iron Barbs|[of] p1a: Ferrothorn\n|-damage|p2a: Ryoji Mochizuki|55\/100|[from] item: Rocky Helmet|[of] p1a: Ferrothorn\n|move|p1a: Ferrothorn|Leech Seed|p2a: Ryoji Mochizuki\n|-start|p2a: Ryoji Mochizuki|move: Leech Seed\n|\n|-damage|p2a: Ryoji Mochizuki|43\/100|[from] Leech Seed|[of] p1a: Ferrothorn\n|-heal|p1a: Ferrothorn|19\/100|[silent]\n|upkeep\n|turn|12\n|\n|t:|1699926327\n|switch|p1a: Tapu Fini|Tapu Fini|100\/100\n|-fieldstart|move: Misty Terrain|[from] ability: Misty Surge|[of] p1a: Tapu Fini\n|move|p2a: Ryoji Mochizuki|Night Slash|p1a: Tapu Fini\n|-resisted|p1a: Tapu Fini\n|-damage|p1a: Tapu Fini|88\/100\n|\n|-heal|p1a: Tapu Fini|94\/100|[from] item: Leftovers\n|-damage|p2a: Ryoji Mochizuki|30\/100|[from] Leech Seed|[of] p1a: Tapu Fini\n|-heal|p1a: Tapu Fini|100\/100|[silent]\n|upkeep\n|turn|13\n|\n|t:|1699926344\n|detailschange|p2a: Ryoji Mochizuki|Gallade-Mega, M, shiny\n|-mega|p2a: Ryoji Mochizuki|Gallade|Galladite\n|move|p2a: Ryoji Mochizuki|Psycho Cut|p1a: Tapu Fini\n|-damage|p1a: Tapu Fini|66\/100\n|move|p1a: Tapu Fini|Rain Dance|p1a: Tapu Fini\n|-weather|RainDance\n|\n|-weather|RainDance|[upkeep]\n|-heal|p1a: Tapu Fini|73\/100|[from] item: Leftovers\n|-damage|p2a: Ryoji Mochizuki|18\/100|[from] Leech Seed|[of] p1a: Tapu Fini\n|-heal|p1a: Tapu Fini|82\/100|[silent]\n|upkeep\n|turn|14\n|\n|t:|1699926354\n|move|p2a: Ryoji Mochizuki|Psycho Cut|p1a: Tapu Fini\n|-damage|p1a: Tapu Fini|52\/100\n|move|p1a: Tapu Fini|Scald|p2a: Ryoji Mochizuki\n|-damage|p2a: Ryoji Mochizuki|0 fnt\n|faint|p2a: Ryoji Mochizuki\n|\n|-weather|RainDance|[upkeep]\n|-heal|p1a: Tapu Fini|58\/100|[from] item: Leftovers\n|upkeep\n|\n|t:|1699926356\n|switch|p2a: Ken Amada|Zeraora|100\/100\n|-damage|p2a: Ken Amada|84\/100|[from] Spikes\n|turn|15\n|\n|t:|1699926375\n|switch|p1a: Ferrothorn|Ferrothorn, M, tera:Water|19\/100\n|move|p2a: Ken Amada|Fake Out|p1a: Ferrothorn\n|-damage|p1a: Ferrothorn|11\/100\n|-damage|p2a: Ken Amada|72\/100|[from] ability: Iron Barbs|[of] p1a: Ferrothorn\n|-damage|p2a: Ken Amada|55\/100|[from] item: Rocky Helmet|[of] p1a: Ferrothorn\n|\n|-weather|RainDance|[upkeep]\n|upkeep\n|turn|16\n|\n|t:|1699926383\n|switch|p1a: Vanilluxe|Vanilluxe, M|100\/100\n|move|p2a: Ken Amada|Plasma Fists|p1a: Vanilluxe\n|-damage|p1a: Vanilluxe|47\/100\n|-fieldactivate|move: Ion Deluge\n|-hint|Normal-type moves become Electric-type after using Plasma Fists.\n|-ability|p1a: Vanilluxe|Weak Armor|boost\n|-unboost|p1a: Vanilluxe|def|1\n|-boost|p1a: Vanilluxe|spe|2\n|\n|-weather|RainDance|[upkeep]\n|-fieldend|Misty Terrain\n|upkeep\n|turn|17\n|\n|t:|1699926398\n|move|p2a: Ken Amada|Drain Punch|p1a: Vanilluxe\n|-supereffective|p1a: Vanilluxe\n|-crit|p1a: Vanilluxe\n|-damage|p1a: Vanilluxe|0 fnt\n|-heal|p2a: Ken Amada|81\/100|[from] drain|[of] p1a: Vanilluxe\n|faint|p1a: Vanilluxe\n|\n|-weather|none\n|upkeep\n|\n|t:|1699926409\n|switch|p1a: Chandelure|Chandelure, F|100\/100\n|turn|18\n|\n|t:|1699926417\n|move|p1a: Chandelure|Flamethrower|p2a: Ken Amada\n|-damage|p2a: Ken Amada|18\/100\n|move|p2a: Ken Amada|Plasma Fists|p1a: Chandelure\n|-damage|p1a: Chandelure|28\/100\n|-fieldactivate|move: Ion Deluge\n|-hint|Normal-type moves become Electric-type after using Plasma Fists.\n|\n|upkeep\n|turn|19\n|\n|t:|1699926427\n|move|p1a: Chandelure|Flamethrower|p2a: Ken Amada\n|-damage|p2a: Ken Amada|0 fnt\n|faint|p2a: Ken Amada\n|\n|win|BigBenClockTower\n|raw|BigBenClockTower's rating: 1218 &rarr; <strong>1250<\/strong><br \/>(+32 for winning)\n|raw|Kuzwa's rating: 1317 &rarr; <strong>1291<\/strong><br \/>(-26 for losing)\n","uploadtime":1699926435,"views":6,"p1id":"bigbenclocktower","p2id":"kuzwa","formatid":"gen9nationaldex","rating":1250,"private":0,"password":""}