{"id":"gen9nationaldex-1988036006","p1":"AshMegaLuxio","p2":"Jumeninja","format":"[Gen 9] National Dex","log":"|j|\u2606AshMegaLuxio\n|j|\u2606Jumeninja\n|inactive|Battle timer is ON: inactive players will automatically lose when time's up.\n|t:|1699661765\n|gametype|singles\n|player|p1|AshMegaLuxio|red-masters|\n|player|p2|Jumeninja|169|\n|teamsize|p1|6\n|teamsize|p2|6\n|gen|9\n|tier|[Gen 9] National Dex\n|rated|Tournament battle\n|rule|HP Percentage Mod: HP is shown in percentages\n|rule|Endless Battle Clause: Forcing endless battles is banned\n|rule|OHKO Clause: OHKO moves are banned\n|rule|Evasion Clause: Evasion abilities, items, and moves are banned\n|rule|Evasion Abilities Clause: Evasion abilities are banned\n|rule|Evasion Items Clause: Evasion items are banned\n|rule|Evasion Moves Clause: Evasion moves are banned\n|rule|Species Clause: Limit one of each Pok\u00e9mon\n|rule|Sleep Clause Mod: Limit one foe put to sleep\n|clearpoke\n|poke|p1|Glimmora, F|\n|poke|p1|Iron Valiant|\n|poke|p1|Iron Moth|\n|poke|p1|Meowscarada, F|\n|poke|p1|Great Tusk|\n|poke|p1|Tornadus-Therian, M|\n|poke|p2|Ogerpon-Cornerstone, F|\n|poke|p2|Enamorus, F|\n|poke|p2|Alomomola, F|\n|poke|p2|Slowking-Galar, M|\n|poke|p2|Excadrill, F|\n|poke|p2|Tyranitar, M|\n|teampreview\n|inactive|AshMegaLuxio also wants the timer to be on.\n|j| XXMurdrXX\n|inactive|AshMegaLuxio has 120 seconds left.\n|\n|t:|1699661799\n|start\n|switch|p1a: Glimmora|Glimmora, F|100\/100\n|switch|p2a: Slowking|Slowking-Galar, M|100\/100\n|turn|1\n|\n|t:|1699661811\n|move|p1a: Glimmora|Stealth Rock|p2a: Slowking\n|-sidestart|p2: Jumeninja|move: Stealth Rock\n|move|p2a: Slowking|Future Sight|p1a: Glimmora\n|-start|p2a: Slowking|move: Future Sight\n|\n|upkeep\n|turn|2\n|\n|t:|1699661820\n|move|p1a: Glimmora|Power Gem|p2a: Slowking\n|-damage|p2a: Slowking|74\/100\n|move|p2a: Slowking|Flamethrower|p1a: Glimmora\n|-resisted|p1a: Glimmora\n|-damage|p1a: Glimmora|87\/100\n|\n|upkeep\n|turn|3\n|\n|t:|1699661826\n|switch|p1a: Meowscarada|Meowscarada, F|100\/100\n|move|p2a: Slowking|Sludge Bomb|p1a: Meowscarada\n|-supereffective|p1a: Meowscarada\n|-damage|p1a: Meowscarada|0 fnt\n|faint|p1a: Meowscarada\n|\n|-hint|Future Sight did not hit because the target is fainted.\n|upkeep\n|\n|t:|1699661840\n|switch|p1a: Iron Valiant|Iron Valiant|100\/100\n|-enditem|p1a: Iron Valiant|Booster Energy\n|-activate|p1a: Iron Valiant|ability: Quark Drive|[fromitem]\n|-start|p1a: Iron Valiant|quarkdrivespe\n|turn|4\n|j| Allahsmh\n|\n|t:|1699661846\n|move|p1a: Iron Valiant|Knock Off|p2a: Slowking\n|-supereffective|p2a: Slowking\n|-damage|p2a: Slowking|3\/100\n|-enditem|p2a: Slowking|Heavy-Duty Boots|[from] move: Knock Off|[of] p1a: Iron Valiant\n|move|p2a: Slowking|Sludge Bomb|p1a: Iron Valiant\n|-supereffective|p1a: Iron Valiant\n|-damage|p1a: Iron Valiant|0 fnt\n|faint|p1a: Iron Valiant\n|-end|p1a: Iron Valiant|Quark Drive|[silent]\n|\n|upkeep\n|\n|t:|1699661863\n|switch|p1a: Iron Moth|Iron Moth|100\/100\n|-enditem|p1a: Iron Moth|Booster Energy\n|-activate|p1a: Iron Moth|ability: Quark Drive|[fromitem]\n|-start|p1a: Iron Moth|quarkdrivespe\n|turn|5\n|\n|t:|1699661867\n|move|p1a: Iron Moth|Fiery Dance|p2a: Slowking\n|-crit|p2a: Slowking\n|-damage|p2a: Slowking|0 fnt\n|faint|p2a: Slowking\n|\n|upkeep\n|\n|t:|1699661886\n|switch|p2a: Tyranitar|Tyranitar, M|100\/100\n|-damage|p2a: Tyranitar|88\/100|[from] Stealth Rock\n|-weather|Sandstorm|[from] ability: Sand Stream|[of] p2a: Tyranitar\n|turn|6\n|\n|t:|1699661895\n|detailschange|p2a: Tyranitar|Tyranitar-Mega, M\n|-mega|p2a: Tyranitar|Tyranitar|Tyranitarite\n|move|p1a: Iron Moth|Energy Ball|p2a: Tyranitar\n|-supereffective|p2a: Tyranitar\n|-crit|p2a: Tyranitar\n|-damage|p2a: Tyranitar|34\/100\n|move|p2a: Tyranitar|Stone Edge|p1a: Iron Moth|[miss]\n|-miss|p2a: Tyranitar|p1a: Iron Moth\n|\n|-weather|Sandstorm|[upkeep]\n|-damage|p1a: Iron Moth|94\/100|[from] Sandstorm\n|upkeep\n|turn|7\n|\n|t:|1699661902\n|move|p1a: Iron Moth|Energy Ball|p2a: Tyranitar\n|-supereffective|p2a: Tyranitar\n|-damage|p2a: Tyranitar|2\/100\n|move|p2a: Tyranitar|Stone Edge|p1a: Iron Moth\n|-supereffective|p1a: Iron Moth\n|-crit|p1a: Iron Moth\n|-damage|p1a: Iron Moth|0 fnt\n|faint|p1a: Iron Moth\n|-end|p1a: Iron Moth|Quark Drive|[silent]\n|\n|-weather|Sandstorm|[upkeep]\n|upkeep\n|\n|t:|1699661910\n|switch|p1a: Tornadus|Tornadus-Therian, M|100\/100\n|turn|8\n|\n|t:|1699661921\n|move|p1a: Tornadus|Focus Blast|p2a: Tyranitar\n|-supereffective|p2a: Tyranitar\n|-damage|p2a: Tyranitar|0 fnt\n|faint|p2a: Tyranitar\n|\n|-weather|Sandstorm|[upkeep]\n|-damage|p1a: Tornadus|94\/100|[from] Sandstorm\n|upkeep\n|\n|t:|1699661925\n|switch|p2a: Ogerpon|Ogerpon-Cornerstone, F|100\/100\n|-damage|p2a: Ogerpon|88\/100|[from] Stealth Rock\n|turn|9\n|\n|t:|1699661935\n|move|p1a: Tornadus|Hurricane|p2a: Ogerpon\n|-damage|p2a: Ogerpon|48\/100\n|move|p2a: Ogerpon|Swords Dance|p2a: Ogerpon\n|-boost|p2a: Ogerpon|atk|2\n|\n|-weather|Sandstorm|[upkeep]\n|-damage|p1a: Tornadus|88\/100|[from] Sandstorm\n|upkeep\n|turn|10\n|c|\u2606AshMegaLuxio|hit\n|\n|t:|1699661945\n|move|p1a: Tornadus|Focus Blast|p2a: Ogerpon\n|-supereffective|p2a: Ogerpon\n|-damage|p2a: Ogerpon|0 fnt\n|faint|p2a: Ogerpon\n|\n|-weather|none\n|upkeep\n|c|\u2606AshMegaLuxio|good boy\n|\n|t:|1699661952\n|switch|p2a: Alomomola|Alomomola, F, shiny|100\/100\n|-damage|p2a: Alomomola|88\/100|[from] Stealth Rock\n|turn|11\n|\n|t:|1699661955\n|-zpower|p1a: Tornadus\n|move|p1a: Tornadus|Supersonic Skystrike|p2a: Alomomola|[zeffect]\n|-damage|p2a: Alomomola|0 fnt\n|faint|p2a: Alomomola\n|\n|upkeep\n|c| Allahsmh|lmao\n|\n|t:|1699661961\n|switch|p2a: Enamorus|Enamorus, F|100\/100\n|-damage|p2a: Enamorus|76\/100|[from] Stealth Rock\n|turn|12\n|c|\u2606AshMegaLuxio|hit\n|\n|t:|1699661968\n|-terastallize|p2a: Enamorus|Fairy\n|move|p2a: Enamorus|Moonblast|p1a: Tornadus\n|-damage|p1a: Tornadus|0 fnt\n|faint|p1a: Tornadus\n|\n|upkeep\n|\n|t:|1699661974\n|switch|p1a: Glimmora|Glimmora, F|87\/100\n|turn|13\n|\n|t:|1699661999\n|switch|p2a: Excadrill|Excadrill, F|100\/100\n|-damage|p2a: Excadrill|97\/100|[from] Stealth Rock\n|move|p1a: Glimmora|Earth Power|p2a: Excadrill\n|-supereffective|p2a: Excadrill\n|-damage|p2a: Excadrill|9\/100\n|\n|-heal|p2a: Excadrill|15\/100|[from] item: Leftovers\n|upkeep\n|turn|14\n|j| Lord Queefus\n|\n|t:|1699662007\n|switch|p1a: Great Tusk|Great Tusk|100\/100\n|-enditem|p1a: Great Tusk|Booster Energy\n|-activate|p1a: Great Tusk|ability: Protosynthesis|[fromitem]\n|-start|p1a: Great Tusk|protosynthesisspe\n|move|p2a: Excadrill|Earthquake|p1a: Great Tusk\n|-damage|p1a: Great Tusk|67\/100\n|\n|-heal|p2a: Excadrill|22\/100|[from] item: Leftovers\n|upkeep\n|turn|15\n|l| Lord Queefus\n|\n|t:|1699662011\n|move|p1a: Great Tusk|Earthquake|p2a: Excadrill\n|-supereffective|p2a: Excadrill\n|-damage|p2a: Excadrill|0 fnt\n|faint|p2a: Excadrill\n|\n|upkeep\n|\n|t:|1699662016\n|switch|p2a: Enamorus|Enamorus, F, tera:Fairy|76\/100\n|-damage|p2a: Enamorus|63\/100|[from] Stealth Rock\n|turn|16\n|\n|t:|1699662022\n|-terastallize|p1a: Great Tusk|Ice\n|move|p2a: Enamorus|Moonblast|p1a: Great Tusk\n|-damage|p1a: Great Tusk|0 fnt\n|faint|p1a: Great Tusk\n|-end|p1a: Great Tusk|Protosynthesis|[silent]\n|\n|upkeep\n|\n|t:|1699662025\n|switch|p1a: Glimmora|Glimmora, F|87\/100\n|turn|17\n|\n|t:|1699662030\n|move|p2a: Enamorus|Moonblast|p1a: Glimmora\n|-resisted|p1a: Glimmora\n|-damage|p1a: Glimmora|39\/100\n|move|p1a: Glimmora|Power Gem|p2a: Enamorus\n|-damage|p2a: Enamorus|0 fnt\n|faint|p2a: Enamorus\n|\n|win|AshMegaLuxio\n|n|\u2606AshMegaLuxio|ashmegaluxio\n|n|\u2606Jumeninja|jumeninja\n|n| XXMurdrXX|xxmurdrxx\n|n| Allahsmh|allahsmh\n|c|\u2606AshMegaLuxio|gg\n|c|\u2606Jumeninja|ggwp\n|c|\u2606AshMegaLuxio|comeback\n","uploadtime":1699662043,"views":4,"p1id":"ashmegaluxio","p2id":"jumeninja","formatid":"gen9nationaldex","rating":0,"private":0,"password":""}