{"id":"gen9nationaldex-1991108994","p1":"YZY2013","p2":"daniel241595","format":"[Gen 9] National Dex","log":"|j|\u2606YZY2013\n|j|\u2606daniel241595\n|t:|1700044274\n|gametype|singles\n|player|p1|YZY2013|riley|1355\n|player|p2|daniel241595|gambler|1425\n|teamsize|p1|6\n|teamsize|p2|6\n|gen|9\n|tier|[Gen 9] National Dex\n|rated|\n|rule|HP Percentage Mod: HP is shown in percentages\n|rule|Endless Battle Clause: Forcing endless battles is banned\n|rule|OHKO Clause: OHKO moves are banned\n|rule|Evasion Clause: Evasion abilities, items, and moves are banned\n|rule|Evasion Abilities Clause: Evasion abilities are banned\n|rule|Evasion Items Clause: Evasion items are banned\n|rule|Evasion Moves Clause: Evasion moves are banned\n|rule|Species Clause: Limit one of each Pok\u00e9mon\n|rule|Sleep Clause Mod: Limit one foe put to sleep\n|clearpoke\n|poke|p1|Lopunny, F|\n|poke|p1|Corviknight, F|\n|poke|p1|Serperior, M|\n|poke|p1|Samurott-Hisui, M|\n|poke|p1|Moltres|\n|poke|p1|Dragonite, F|\n|poke|p2|Arcanine, M|\n|poke|p2|Flygon, F|\n|poke|p2|Empoleon, M|\n|poke|p2|Eelektross, F|\n|poke|p2|Florges, F|\n|poke|p2|Kleavor, M|\n|teampreview\n|inactive|Battle timer is ON: inactive players will automatically lose when time's up. (requested by daniel241595)\n|\n|t:|1700044285\n|start\n|switch|p1a: Samurott|Samurott-Hisui, M|100\/100\n|switch|p2a: Eelektross|Eelektross, F|100\/100\n|turn|1\n|\n|t:|1700044298\n|move|p1a: Samurott|Ceaseless Edge|p2a: Eelektross\n|-damage|p2a: Eelektross|50\/100\n|-sidestart|p2: daniel241595|Spikes\n|move|p2a: Eelektross|Volt Switch|p1a: Samurott\n|-supereffective|p1a: Samurott\n|-damage|p1a: Samurott|9\/100\n|\n|t:|1700044316\n|switch|p2a: Flygon|Flygon, F|100\/100|[from] Volt Switch\n|\n|upkeep\n|turn|2\n|\n|t:|1700044326\n|move|p1a: Samurott|Ceaseless Edge|p2a: Flygon\n|-damage|p2a: Flygon|35\/100\n|-sidestart|p2: daniel241595|Spikes\n|move|p2a: Flygon|Dragon Dance|p2a: Flygon\n|-boost|p2a: Flygon|atk|1\n|-boost|p2a: Flygon|spe|1\n|\n|upkeep\n|turn|3\n|\n|t:|1700044342\n|move|p2a: Flygon|Roost|p2a: Flygon\n|-heal|p2a: Flygon|85\/100\n|-singleturn|p2a: Flygon|move: Roost\n|move|p1a: Samurott|Ceaseless Edge|p2a: Flygon\n|-damage|p2a: Flygon|20\/100\n|-sidestart|p2: daniel241595|Spikes\n|\n|upkeep\n|turn|4\n|\n|t:|1700044355\n|move|p2a: Flygon|Earthquake|p1a: Samurott\n|-damage|p1a: Samurott|0 fnt\n|faint|p1a: Samurott\n|-damage|p2a: Flygon|10\/100|[from] item: Life Orb\n|\n|upkeep\n|\n|t:|1700044358\n|switch|p1a: Lopunny|Lopunny, F|100\/100\n|turn|5\n|\n|t:|1700044369\n|switch|p2a: Florges|Florges, F|100\/100\n|-damage|p2a: Florges|76\/100|[from] Spikes\n|detailschange|p1a: Lopunny|Lopunny-Mega, F\n|-mega|p1a: Lopunny|Lopunny|Lopunnite\n|move|p1a: Lopunny|Fake Out|p2a: Florges\n|-damage|p2a: Florges|57\/100\n|\n|-heal|p2a: Florges|63\/100|[from] item: Leftovers\n|upkeep\n|turn|6\n|\n|t:|1700044395\n|switch|p1a: Corviknight|Corviknight, F, shiny|100\/100\n|move|p2a: Florges|Synthesis|p2a: Florges\n|-heal|p2a: Florges|100\/100\n|\n|upkeep\n|turn|7\n|\n|t:|1700044402\n|move|p2a: Florges|Wish|p2a: Florges\n|move|p1a: Corviknight|U-turn|p2a: Florges\n|-resisted|p2a: Florges\n|-damage|p2a: Florges|94\/100\n|\n|t:|1700044411\n|switch|p1a: Moltres|Moltres|100\/100|[from] U-turn\n|\n|-heal|p2a: Florges|100\/100|[from] item: Leftovers\n|upkeep\n|turn|8\n|\n|t:|1700044421\n|switch|p2a: Eelektross|Eelektross, F|50\/100\n|move|p1a: Moltres|Mystical Fire|p2a: Eelektross\n|-damage|p2a: Eelektross|27\/100\n|-unboost|p2a: Eelektross|spa|1\n|\n|-heal|p2a: Eelektross|75\/100|[from] move: Wish|[wisher] Florges\n|upkeep\n|turn|9\n|\n|t:|1700044431\n|move|p1a: Moltres|Mystical Fire|p2a: Eelektross\n|-damage|p2a: Eelektross|50\/100\n|-unboost|p2a: Eelektross|spa|1\n|move|p2a: Eelektross|Volt Switch|p1a: Moltres\n|-supereffective|p1a: Moltres\n|-damage|p1a: Moltres|72\/100\n|\n|t:|1700044434\n|switch|p2a: Empoleon|Empoleon, M|100\/100|[from] Volt Switch\n|-damage|p2a: Empoleon|75\/100|[from] Spikes\n|\n|upkeep\n|turn|10\n|\n|t:|1700044447\n|switch|p1a: Corviknight|Corviknight, F, shiny|100\/100\n|move|p2a: Empoleon|Defog|p1a: Corviknight\n|-ability|p1a: Corviknight|Mirror Armor\n|-unboost|p2a: Empoleon|evasion|1\n|-ability|p2a: Empoleon|Competitive|boost\n|-boost|p2a: Empoleon|spa|2\n|-sideend|p2: daniel241595|Spikes|[from] move: Defog|[of] p2a: Empoleon\n|\n|upkeep\n|turn|11\n|\n|t:|1700044457\n|move|p1a: Corviknight|U-turn|p2a: Empoleon\n|-resisted|p2a: Empoleon\n|-damage|p2a: Empoleon|71\/100\n|\n|t:|1700044460\n|switch|p1a: Serperior|Serperior, M|100\/100|[from] U-turn\n|move|p2a: Empoleon|Scald|p1a: Serperior\n|-resisted|p1a: Serperior\n|-damage|p1a: Serperior|73\/100\n|-status|p1a: Serperior|brn\n|\n|-heal|p1a: Serperior|79\/100 brn|[from] item: Leftovers\n|-damage|p1a: Serperior|73\/100 brn|[from] brn\n|upkeep\n|turn|12\n|\n|t:|1700044464\n|move|p1a: Serperior|Glare|p2a: Empoleon\n|-status|p2a: Empoleon|par\n|move|p2a: Empoleon|Ice Beam|p1a: Serperior\n|-supereffective|p1a: Serperior\n|-damage|p1a: Serperior|0 fnt\n|faint|p1a: Serperior\n|\n|upkeep\n|\n|t:|1700044480\n|switch|p1a: Lopunny|Lopunny-Mega, F|100\/100\n|turn|13\n|\n|t:|1700044486\n|switch|p2a: Flygon|Flygon, F|10\/100\n|move|p1a: Lopunny|Fake Out|p2a: Flygon\n|-damage|p2a: Flygon|0 fnt\n|faint|p2a: Flygon\n|\n|upkeep\n|\n|t:|1700044489\n|switch|p2a: Florges|Florges, F|100\/100\n|turn|14\n|\n|t:|1700044499\n|switch|p1a: Moltres|Moltres|72\/100\n|move|p2a: Florges|Wish|p2a: Florges\n|\n|upkeep\n|turn|15\n|\n|t:|1700044506\n|switch|p2a: Eelektross|Eelektross, F|50\/100\n|move|p1a: Moltres|Roost|p1a: Moltres\n|-heal|p1a: Moltres|100\/100\n|-singleturn|p1a: Moltres|move: Roost\n|\n|-heal|p2a: Eelektross|98\/100|[from] move: Wish|[wisher] Florges\n|upkeep\n|turn|16\n|\n|t:|1700044509\n|move|p1a: Moltres|Toxic|p2a: Eelektross\n|-status|p2a: Eelektross|tox\n|move|p2a: Eelektross|Volt Switch|p1a: Moltres\n|-supereffective|p1a: Moltres\n|-damage|p1a: Moltres|48\/100\n|\n|t:|1700044514\n|switch|p2a: Florges|Florges, F|100\/100|[from] Volt Switch\n|\n|upkeep\n|turn|17\n|\n|t:|1700044517\n|move|p1a: Moltres|Roost|p1a: Moltres\n|-heal|p1a: Moltres|98\/100\n|-singleturn|p1a: Moltres|move: Roost\n|move|p2a: Florges|Aromatherapy|p2a: Florges\n|-activate|p2a: Florges|move: Aromatherapy\n|-curestatus|p2: Eelektross|tox|[msg]\n|-curestatus|p2: Empoleon|par|[msg]\n|\n|upkeep\n|turn|18\n|\n|t:|1700044523\n|switch|p2a: Empoleon|Empoleon, M|71\/100\n|move|p1a: Moltres|Mystical Fire|p2a: Empoleon\n|-damage|p2a: Empoleon|42\/100\n|\n|upkeep\n|turn|19\n|\n|t:|1700044547\n|switch|p1a: Corviknight|Corviknight, F, shiny|100\/100\n|move|p2a: Empoleon|Roost|p2a: Empoleon\n|-heal|p2a: Empoleon|92\/100\n|-singleturn|p2a: Empoleon|move: Roost\n|\n|upkeep\n|turn|20\n|\n|t:|1700044553\n|move|p1a: Corviknight|Iron Defense|p1a: Corviknight\n|-boost|p1a: Corviknight|def|2\n|move|p2a: Empoleon|Scald|p1a: Corviknight\n|-damage|p1a: Corviknight|72\/100\n|-status|p1a: Corviknight|brn\n|\n|-damage|p1a: Corviknight|66\/100 brn|[from] brn\n|upkeep\n|turn|21\n|\n|t:|1700044560\n|switch|p2a: Eelektross|Eelektross, F|98\/100\n|move|p1a: Corviknight|U-turn|p2a: Eelektross\n|-damage|p2a: Eelektross|90\/100\n|\n|t:|1700044570\n|switch|p1a: Dragonite|Dragonite, F, shiny|100\/100|[from] U-turn\n|\n|upkeep\n|turn|22\n|\n|t:|1700044577\n|move|p1a: Dragonite|Curse|p1a: Dragonite\n|-unboost|p1a: Dragonite|spe|1\n|-boost|p1a: Dragonite|atk|1\n|-boost|p1a: Dragonite|def|1\n|move|p2a: Eelektross|Dragon Tail|p1a: Dragonite\n|-supereffective|p1a: Dragonite\n|-crit|p1a: Dragonite\n|-damage|p1a: Dragonite|77\/100\n|drag|p1a: Moltres|Moltres|98\/100\n|\n|upkeep\n|turn|23\n|\n|t:|1700044597\n|move|p1a: Moltres|Mystical Fire|p2a: Eelektross\n|-damage|p2a: Eelektross|65\/100\n|-unboost|p2a: Eelektross|spa|1\n|move|p2a: Eelektross|Volt Switch|p1a: Moltres\n|-supereffective|p1a: Moltres\n|-damage|p1a: Moltres|63\/100\n|\n|t:|1700044604\n|switch|p2a: Kleavor|Kleavor, M|100\/100|[from] Volt Switch\n|\n|upkeep\n|turn|24\n|\n|t:|1700044611\n|switch|p1a: Corviknight|Corviknight, F, shiny|66\/100 brn\n|move|p2a: Kleavor|Stone Axe|p1a: Corviknight\n|-damage|p1a: Corviknight|32\/100 brn\n|-damage|p2a: Kleavor|84\/100|[from] item: Rocky Helmet|[of] p1a: Corviknight\n|-sidestart|p1: YZY2013|move: Stealth Rock\n|\n|-damage|p1a: Corviknight|26\/100 brn|[from] brn\n|upkeep\n|turn|25\n|\n|t:|1700044626\n|move|p2a: Kleavor|Stone Axe|p1a: Corviknight\n|-damage|p1a: Corviknight|0 fnt\n|-damage|p2a: Kleavor|68\/100|[from] item: Rocky Helmet|[of] p1a: Corviknight\n|faint|p1a: Corviknight\n|\n|upkeep\n|-message|YZY2013 forfeited.\n|\n|win|daniel241595\n|raw|YZY2013's rating: 1355 &rarr; <strong>1339<\/strong><br \/>(-16 for losing)\n|raw|daniel241595's rating: 1425 &rarr; <strong>1441<\/strong><br \/>(+16 for winning)\n|l|\u2606YZY2013\n","uploadtime":1700044638,"views":17,"p1id":"yzy2013","p2id":"daniel241595","formatid":"gen9nationaldex","rating":1339,"private":0,"password":""}