{"id":"gen9nationaldex-1993629842","p1":"SmallerNoys","p2":"LiRip","format":"[Gen 9] National Dex","log":"|j|\u2606SmallerNoys\n|j|\u2606LiRip\n|t:|1700339335\n|gametype|singles\n|player|p1|SmallerNoys|dancer|\n|player|p2|LiRip|drayden|\n|teamsize|p1|6\n|teamsize|p2|6\n|gen|9\n|tier|[Gen 9] National Dex\n|rule|HP Percentage Mod: HP is shown in percentages\n|rule|Endless Battle Clause: Forcing endless battles is banned\n|rule|OHKO Clause: OHKO moves are banned\n|rule|Evasion Clause: Evasion abilities, items, and moves are banned\n|rule|Evasion Abilities Clause: Evasion abilities are banned\n|rule|Evasion Items Clause: Evasion items are banned\n|rule|Evasion Moves Clause: Evasion moves are banned\n|rule|Species Clause: Limit one of each Pok\u00e9mon\n|rule|Sleep Clause Mod: Limit one foe put to sleep\n|clearpoke\n|poke|p1|Kartana|\n|poke|p1|Landorus-Therian, M|\n|poke|p1|Iron Valiant|\n|poke|p1|Tapu Koko|\n|poke|p1|Toxapex, F|\n|poke|p1|Scizor, F|\n|poke|p2|Skeledirge, M|\n|poke|p2|Landorus-Therian, M|\n|poke|p2|Venusaur, F|\n|poke|p2|Goodra-Hisui, F|\n|poke|p2|Greninja-*, F|\n|poke|p2|Great Tusk|\n|teampreview\n|inactive|Battle timer is ON: inactive players will automatically lose when time's up. (requested by LiRip)\n|\n|t:|1700339343\n|start\n|switch|p1a: Scizor|Scizor, F|100\/100\n|switch|p2a: Landorus|Landorus-Therian, M|100\/100\n|-ability|p2a: Landorus|Intimidate|boost\n|-unboost|p1a: Scizor|atk|1\n|turn|1\n|\n|t:|1700339352\n|move|p2a: Landorus|Taunt|p1a: Scizor\n|-start|p1a: Scizor|move: Taunt\n|cant|p1a: Scizor|move: Taunt|Swords Dance\n|\n|upkeep\n|turn|2\n|\n|t:|1700339358\n|switch|p1a: Landorus|Landorus-Therian, M|100\/100\n|-ability|p1a: Landorus|Intimidate|boost\n|-unboost|p2a: Landorus|atk|1\n|move|p2a: Landorus|Stealth Rock|p1a: Landorus\n|-sidestart|p1: SmallerNoys|move: Stealth Rock\n|\n|upkeep\n|turn|3\n|\n|t:|1700339366\n|move|p2a: Landorus|Taunt|p1a: Landorus\n|-start|p1a: Landorus|move: Taunt\n|move|p1a: Landorus|U-turn|p2a: Landorus\n|-resisted|p2a: Landorus\n|-damage|p2a: Landorus|87\/100\n|\n|t:|1700339379\n|switch|p1a: Scizor|Scizor, F|100\/100|[from] U-turn\n|-damage|p1a: Scizor|88\/100|[from] Stealth Rock\n|\n|upkeep\n|turn|4\n|\n|t:|1700339387\n|detailschange|p1a: Scizor|Scizor-Mega, F\n|-mega|p1a: Scizor|Scizor|Scizorite\n|move|p2a: Landorus|Taunt|p1a: Scizor\n|-start|p1a: Scizor|move: Taunt\n|move|p1a: Scizor|Knock Off|p2a: Landorus\n|-damage|p2a: Landorus|52\/100\n|-enditem|p2a: Landorus|Heavy-Duty Boots|[from] move: Knock Off|[of] p1a: Scizor\n|\n|upkeep\n|turn|5\n|\n|t:|1700339401\n|move|p1a: Scizor|Bullet Punch|p2a: Landorus\n|-damage|p2a: Landorus|16\/100\n|move|p2a: Landorus|Earthquake|p1a: Scizor\n|-damage|p1a: Scizor|60\/100\n|\n|upkeep\n|turn|6\n|\n|t:|1700339408\n|switch|p2a: Skeledirge|Skeledirge, M|100\/100\n|move|p1a: Scizor|Knock Off|p2a: Skeledirge\n|-supereffective|p2a: Skeledirge\n|-damage|p2a: Skeledirge|51\/100\n|-enditem|p2a: Skeledirge|Leftovers|[from] move: Knock Off|[of] p1a: Scizor\n|\n|-end|p1a: Scizor|move: Taunt\n|upkeep\n|turn|7\n|c|\u2606LiRip|Jeez nice read\n|\n|t:|1700339426\n|switch|p1a: Landorus|Landorus-Therian, M|100\/100\n|-damage|p1a: Landorus|88\/100|[from] Stealth Rock\n|-ability|p1a: Landorus|Intimidate|boost\n|-unboost|p2a: Skeledirge|atk|1\n|move|p2a: Skeledirge|Slack Off|p2a: Skeledirge\n|-heal|p2a: Skeledirge|100\/100\n|\n|-heal|p1a: Landorus|94\/100|[from] item: Leftovers\n|upkeep\n|turn|8\n|\n|t:|1700339439\n|switch|p2a: Landorus|Landorus-Therian, M|16\/100\n|-ability|p2a: Landorus|Intimidate|boost\n|-unboost|p1a: Landorus|atk|1\n|move|p1a: Landorus|Defog|p2a: Landorus\n|-unboost|p2a: Landorus|evasion|1\n|-sideend|p1: SmallerNoys|Stealth Rock|[from] move: Defog|[of] p1a: Landorus\n|\n|-heal|p1a: Landorus|99\/100|[from] item: Leftovers\n|upkeep\n|turn|9\n|\n|t:|1700339450\n|move|p2a: Landorus|Earthquake|p1a: Landorus\n|-immune|p1a: Landorus\n|move|p1a: Landorus|Toxic|p2a: Landorus\n|-status|p2a: Landorus|tox\n|\n|-heal|p1a: Landorus|100\/100|[from] item: Leftovers\n|-damage|p2a: Landorus|10\/100 tox|[from] psn\n|upkeep\n|turn|10\n|c|\u2606LiRip|Ah lol thought youd switched\n|c|\u2606SmallerNoys|I\u2019m concentrated now lol\n|\n|t:|1700339475\n|move|p2a: Landorus|Stealth Rock|p1a: Landorus\n|-sidestart|p1: SmallerNoys|move: Stealth Rock\n|move|p1a: Landorus|U-turn|p2a: Landorus\n|-resisted|p2a: Landorus\n|-damage|p2a: Landorus|1\/100 tox\n|\n|t:|1700339481\n|switch|p1a: Scizor|Scizor-Mega, F|60\/100|[from] U-turn\n|-damage|p1a: Scizor|48\/100|[from] Stealth Rock\n|\n|-damage|p2a: Landorus|0 fnt|[from] psn\n|faint|p2a: Landorus\n|upkeep\n|\n|t:|1700339484\n|switch|p2a: Skeledirge|Skeledirge, M|100\/100\n|turn|11\n|\n|t:|1700339503\n|switch|p1a: Landorus|Landorus-Therian, M|100\/100\n|-damage|p1a: Landorus|88\/100|[from] Stealth Rock\n|-ability|p1a: Landorus|Intimidate|boost\n|-unboost|p2a: Skeledirge|atk|1\n|move|p2a: Skeledirge|Torch Song|p1a: Landorus\n|-damage|p1a: Landorus|65\/100\n|-boost|p2a: Skeledirge|spa|1\n|\n|-heal|p1a: Landorus|71\/100|[from] item: Leftovers\n|upkeep\n|turn|12\n|inactive|SmallerNoys has 270 seconds left.\n|\n|t:|1700339526\n|switch|p2a: Goodra|Goodra-Hisui, F, shiny|100\/100\n|move|p1a: Landorus|Defog|p2a: Goodra\n|-unboost|p2a: Goodra|evasion|1\n|-sideend|p1: SmallerNoys|Stealth Rock|[from] move: Defog|[of] p1a: Landorus\n|\n|-heal|p1a: Landorus|77\/100|[from] item: Leftovers\n|upkeep\n|turn|13\n|c|\u2606LiRip|I can tell\n|inactive|SmallerNoys has 270 seconds left.\n|\n|t:|1700339541\n|move|p1a: Landorus|Earthquake|p2a: Goodra\n|-supereffective|p2a: Goodra\n|-damage|p2a: Goodra|13\/100\n|move|p2a: Goodra|Ice Beam|p1a: Landorus\n|-supereffective|p1a: Landorus\n|-damage|p1a: Landorus|0 fnt\n|faint|p1a: Landorus\n|\n|upkeep\n|c|\u2606SmallerNoys|ooooo sexy\n|\n|t:|1700339560\n|switch|p1a: Scizor|Scizor-Mega, F|48\/100\n|turn|14\n|\n|t:|1700339563\n|move|p1a: Scizor|Roost|p1a: Scizor\n|-heal|p1a: Scizor|98\/100\n|-singleturn|p1a: Scizor|move: Roost\n|move|p2a: Goodra|Draco Meteor|p1a: Scizor\n|-resisted|p1a: Scizor\n|-damage|p1a: Scizor|74\/100\n|-unboost|p2a: Goodra|spa|2\n|\n|upkeep\n|turn|15\n|inactive|SmallerNoys has 270 seconds left.\n|\n|t:|1700339572\n|switch|p2a: Skeledirge|Skeledirge, M|100\/100\n|move|p1a: Scizor|Swords Dance|p1a: Scizor\n|-boost|p1a: Scizor|atk|2\n|\n|upkeep\n|turn|16\n|\n|t:|1700339579\n|move|p1a: Scizor|Knock Off|p2a: Skeledirge\n|-supereffective|p2a: Skeledirge\n|-damage|p2a: Skeledirge|66\/100\n|move|p2a: Skeledirge|Torch Song|p1a: Scizor\n|-supereffective|p1a: Scizor\n|-damage|p1a: Scizor|0 fnt\n|-boost|p2a: Skeledirge|spa|1\n|faint|p1a: Scizor\n|\n|upkeep\n|c|\u2606SmallerNoys|whaaaaa\n|inactive|SmallerNoys has 270 seconds left.\n|c|\u2606SmallerNoys|that didn\u2019t do shit to you\n|c|\u2606LiRip|Unaware\n|\n|t:|1700339597\n|switch|p1a: Kartana|Kartana|100\/100\n|turn|17\n|\n|t:|1700339601\n|-terastallize|p2a: Skeledirge|Fairy\n|move|p1a: Kartana|Knock Off|p2a: Skeledirge\n|-resisted|p2a: Skeledirge\n|-damage|p2a: Skeledirge|53\/100\n|move|p2a: Skeledirge|Torch Song|p1a: Kartana\n|-supereffective|p1a: Kartana\n|-damage|p1a: Kartana|0 fnt\n|-boost|p2a: Skeledirge|spa|1\n|faint|p1a: Kartana\n|\n|upkeep\n|inactive|SmallerNoys has 270 seconds left.\n|c|\u2606SmallerNoys|oooooooo\n|c|\u2606SmallerNoys|dsmn I\u2019m dumb lol\n|\n|t:|1700339617\n|switch|p1a: Tapu Koko|Tapu Koko|100\/100\n|-fieldstart|move: Electric Terrain|[from] ability: Electric Surge|[of] p1a: Tapu Koko\n|turn|18\n|inactive|SmallerNoys has 270 seconds left.\n|\n|t:|1700339627\n|move|p1a: Tapu Koko|Hidden Power|p2a: Skeledirge\n|-damage|p2a: Skeledirge|41\/100\n|move|p2a: Skeledirge|Slack Off|p2a: Skeledirge\n|-heal|p2a: Skeledirge|91\/100\n|\n|upkeep\n|turn|19\n|c|\u2606LiRip|Ah dont worry bout it people always fall for it too\n|\n|t:|1700339640\n|move|p1a: Tapu Koko|Hidden Power|p2a: Skeledirge\n|-damage|p2a: Skeledirge|78\/100\n|move|p2a: Skeledirge|Torch Song|p1a: Tapu Koko\n|-damage|p1a: Tapu Koko|2\/100\n|-boost|p2a: Skeledirge|spa|1\n|\n|upkeep\n|turn|20\n|\n|t:|1700339650\n|move|p1a: Tapu Koko|Thunderbolt|p2a: Skeledirge\n|-damage|p2a: Skeledirge|43\/100\n|move|p2a: Skeledirge|Torch Song|p1a: Tapu Koko\n|-damage|p1a: Tapu Koko|0 fnt\n|-boost|p2a: Skeledirge|spa|1\n|faint|p1a: Tapu Koko\n|\n|upkeep\n|\n|t:|1700339660\n|switch|p1a: Iron Valiant|Iron Valiant|100\/100\n|-activate|p1a: Iron Valiant|ability: Quark Drive\n|-start|p1a: Iron Valiant|quarkdrivespe\n|turn|21\n|c|\u2606LiRip|Was wondering why you didnt use thunderbolt\n|c|\u2606SmallerNoys|It\u2019s looking no bueno for me lol\n|c|\u2606SmallerNoys|i fivured you\u2019d switch to Iron\n|\n|t:|1700339679\n|-terastallize|p1a: Iron Valiant|Fairy\n|move|p1a: Iron Valiant|Moonblast|p2a: Skeledirge\n|-crit|p2a: Skeledirge\n|-damage|p2a: Skeledirge|0 fnt\n|faint|p2a: Skeledirge\n|\n|upkeep\n|\n|t:|1700339685\n|switch|p2a: Venusaur|Venusaur, F, shiny|100\/100\n|turn|22\n|\n|t:|1700339694\n|detailschange|p2a: Venusaur|Venusaur-Mega, F, shiny\n|-mega|p2a: Venusaur|Venusaur|Venusaurite\n|move|p1a: Iron Valiant|Moonblast|p2a: Venusaur\n|-resisted|p2a: Venusaur\n|-damage|p2a: Venusaur|63\/100\n|move|p2a: Venusaur|Sludge Bomb|p1a: Iron Valiant\n|-supereffective|p1a: Iron Valiant\n|-damage|p1a: Iron Valiant|0 fnt\n|faint|p1a: Iron Valiant\n|-end|p1a: Iron Valiant|Quark Drive|[silent]\n|\n|-fieldend|move: Electric Terrain\n|upkeep\n|c|\u2606SmallerNoys|gg lol\n|c|\u2606SmallerNoys|i shouldn\u2019t have rematched lmaoo\n|c|\u2606LiRip|Ggs\n|c|\u2606SmallerNoys|rhats a sexy team\n|\n|t:|1700339710\n|switch|p1a: Toxapex|Toxapex, F|100\/100\n|turn|23\n|c|\u2606LiRip|Nah its fine and thanks man\n|c|\u2606LiRip|I was really tryna cook with it\n|\n|t:|1700339719\n|move|p2a: Venusaur|Earth Power|p1a: Toxapex\n|-supereffective|p1a: Toxapex\n|-damage|p1a: Toxapex|51\/100\n|move|p1a: Toxapex|Scald|p2a: Venusaur\n|-resisted|p2a: Venusaur\n|-crit|p2a: Venusaur\n|-damage|p2a: Venusaur|53\/100\n|-status|p2a: Venusaur|brn\n|\n|-heal|p1a: Toxapex|57\/100|[from] item: Leftovers\n|-damage|p2a: Venusaur|46\/100 brn|[from] brn\n|upkeep\n|turn|24\n|c|\u2606SmallerNoys|You def cooked with it bro\n|c|\u2606SmallerNoys|good luck and may you ladder high\n|\n|t:|1700339741\n|move|p2a: Venusaur|Earth Power|p1a: Toxapex\n|-supereffective|p1a: Toxapex\n|-damage|p1a: Toxapex|5\/100\n|move|p1a: Toxapex|Scald|p2a: Venusaur\n|-resisted|p2a: Venusaur\n|-damage|p2a: Venusaur|40\/100 brn\n|\n|-heal|p1a: Toxapex|11\/100|[from] item: Leftovers\n|-damage|p2a: Venusaur|33\/100 brn|[from] brn\n|upkeep\n|turn|25\n|c|\u2606LiRip|Fire ghost and water dark is a good core that i saw on a yt\n|c|\u2606LiRip|Just switched it up a bit.\n|c|\u2606SmallerNoys|Niceeeee\n|c|\u2606LiRip|Yeahthanks you too\n|\n|t:|1700339765\n|move|p2a: Venusaur|Earth Power|p1a: Toxapex\n|-supereffective|p1a: Toxapex\n|-damage|p1a: Toxapex|0 fnt\n|faint|p1a: Toxapex\n|\n|win|LiRip\n|l|\u2606SmallerNoys\n","uploadtime":1700339776,"views":9,"p1id":"smallernoys","p2id":"lirip","formatid":"gen9nationaldex","rating":0,"private":0,"password":""}