{"id":"gen9nationaldex-1998571442","p1":"plebVT","p2":"Brianbolical","format":"[Gen 9] National Dex","log":"|html|<div class=\"broadcast-blue\"><strong>[Gen 9] National Dex is currently suspecting Sneasler! For information on how to participate check out the <a href=\"https:\/\/www.smogon.com\/forums\/threads\/sv-national-dex-suspect-8-just-dance.3731534\/\">suspect thread<\/a>.<\/strong><\/div>\n|j|\u2606plebVT\n|j|\u2606Brianbolical\n|t:|1700957791\n|gametype|singles\n|player|p1|plebVT|steven|\n|player|p2|Brianbolical|veteran|\n|teamsize|p1|6\n|teamsize|p2|6\n|gen|9\n|tier|[Gen 9] National Dex\n|rule|HP Percentage Mod: HP is shown in percentages\n|rule|Endless Battle Clause: Forcing endless battles is banned\n|rule|OHKO Clause: OHKO moves are banned\n|rule|Evasion Clause: Evasion abilities, items, and moves are banned\n|rule|Evasion Abilities Clause: Evasion abilities are banned\n|rule|Evasion Items Clause: Evasion items are banned\n|rule|Evasion Moves Clause: Evasion moves are banned\n|rule|Species Clause: Limit one of each Pok\u00e9mon\n|rule|Sleep Clause Mod: Limit one foe put to sleep\n|clearpoke\n|poke|p1|Tinkaton, F|\n|poke|p1|Corviknight, M|\n|poke|p1|Iron Treads|\n|poke|p1|Bronzong|\n|poke|p1|Bisharp, F|\n|poke|p1|Empoleon, F|\n|poke|p2|Infernape, M|\n|poke|p2|Volcarona, F|\n|poke|p2|Heatran, F|\n|poke|p2|Rotom-Heat|\n|poke|p2|Turtonator, F|\n|poke|p2|Charizard, M|\n|teampreview\n|\n|t:|1700957850\n|start\n|switch|p1a: Iron Treads|Iron Treads|100\/100\n|switch|p2a: Rotom|Rotom-Heat, shiny|100\/100\n|turn|1\n|\n|t:|1700957910\n|-end|p1a: Iron Treads|Quark Drive|[silent]\n|switch|p1a: Bronzong|Bronzong|100\/100\n|move|p2a: Rotom|Nasty Plot|p2a: Rotom\n|-boost|p2a: Rotom|spa|2\n|\n|upkeep\n|turn|2\n|\n|t:|1700957922\n|move|p2a: Rotom|Overheat|p1a: Bronzong\n|-supereffective|p1a: Bronzong\n|-damage|p1a: Bronzong|0 fnt\n|-unboost|p2a: Rotom|spa|2\n|faint|p1a: Bronzong\n|\n|upkeep\n|\n|t:|1700957929\n|switch|p1a: Empoleon|Empoleon, F|100\/100\n|turn|3\n|\n|t:|1700957942\n|move|p2a: Rotom|Thunderbolt|p1a: Empoleon\n|-supereffective|p1a: Empoleon\n|-damage|p1a: Empoleon|54\/100\n|-status|p1a: Empoleon|par\n|move|p1a: Empoleon|Scald|p2a: Rotom\n|-supereffective|p2a: Rotom\n|-damage|p2a: Rotom|15\/100\n|-enditem|p2a: Rotom|Sitrus Berry|[eat]\n|-heal|p2a: Rotom|40\/100|[from] item: Sitrus Berry\n|\n|upkeep\n|turn|4\n|\n|t:|1700957964\n|move|p2a: Rotom|Thunderbolt|p1a: Empoleon\n|-supereffective|p1a: Empoleon\n|-damage|p1a: Empoleon|4\/100 par\n|move|p1a: Empoleon|Scald|p2a: Rotom\n|-supereffective|p2a: Rotom\n|-damage|p2a: Rotom|0 fnt\n|faint|p2a: Rotom\n|\n|upkeep\n|\n|t:|1700957981\n|switch|p2a: Infernape|Infernape, M|100\/100\n|turn|5\n|\n|t:|1700957998\n|move|p1a: Empoleon|Aqua Jet|p2a: Infernape\n|-supereffective|p2a: Infernape\n|-damage|p2a: Infernape|59\/100\n|move|p2a: Infernape|Thunder Punch|p1a: Empoleon\n|-supereffective|p1a: Empoleon\n|-damage|p1a: Empoleon|0 fnt\n|faint|p1a: Empoleon\n|\n|upkeep\n|\n|t:|1700958013\n|switch|p1a: Iron Treads|Iron Treads|100\/100\n|turn|6\n|\n|t:|1700958020\n|move|p2a: Infernape|Close Combat|p1a: Iron Treads\n|-supereffective|p1a: Iron Treads\n|-damage|p1a: Iron Treads|0 fnt\n|-unboost|p2a: Infernape|def|1\n|-unboost|p2a: Infernape|spd|1\n|faint|p1a: Iron Treads\n|-end|p1a: Iron Treads|Quark Drive|[silent]\n|\n|upkeep\n|\n|t:|1700958049\n|switch|p1a: Tinkaton|Tinkaton, F|100\/100\n|-ability|p1a: Tinkaton|Mold Breaker\n|turn|7\n|\n|t:|1700958082\n|move|p2a: Infernape|Close Combat|p1a: Tinkaton\n|-damage|p1a: Tinkaton|37\/100\n|-unboost|p2a: Infernape|def|1\n|-unboost|p2a: Infernape|spd|1\n|move|p1a: Tinkaton|Thunder Wave|p2a: Infernape\n|-status|p2a: Infernape|par\n|\n|-heal|p1a: Tinkaton|43\/100|[from] item: Leftovers\n|upkeep\n|turn|8\n|\n|t:|1700958119\n|move|p1a: Tinkaton|Play Rough|p2a: Infernape\n|-damage|p2a: Infernape|0 fnt\n|faint|p2a: Infernape\n|\n|-heal|p1a: Tinkaton|49\/100|[from] item: Leftovers\n|upkeep\n|\n|t:|1700958127\n|switch|p2a: Heatran|Heatran, F, shiny|100\/100\n|turn|9\n|\n|t:|1700958140\n|move|p2a: Heatran|Heat Wave|p1a: Tinkaton\n|-supereffective|p1a: Tinkaton\n|-damage|p1a: Tinkaton|0 fnt\n|faint|p1a: Tinkaton\n|-damage|p2a: Heatran|91\/100|[from] item: Life Orb\n|\n|upkeep\n|\n|t:|1700958155\n|switch|p1a: Bisharp|Bisharp, F, shiny|100\/100\n|turn|10\n|\n|t:|1700958174\n|-terastallize|p1a: Bisharp|Dark\n|move|p2a: Heatran|Earth Power|p1a: Bisharp\n|-damage|p1a: Bisharp|61\/100\n|-damage|p2a: Heatran|81\/100|[from] item: Life Orb\n|move|p1a: Bisharp|Knock Off|p2a: Heatran\n|-damage|p2a: Heatran|16\/100\n|-enditem|p2a: Heatran|Life Orb|[from] move: Knock Off|[of] p1a: Bisharp\n|\n|upkeep\n|turn|11\n|\n|t:|1700958195\n|move|p1a: Bisharp|Sucker Punch|p2a: Heatran\n|-damage|p2a: Heatran|0 fnt\n|faint|p2a: Heatran\n|\n|upkeep\n|\n|t:|1700958203\n|switch|p2a: Turtonator|Turtonator, F|100\/100\n|turn|12\n|\n|t:|1700958217\n|-terastallize|p2a: Turtonator|Fighting\n|move|p1a: Bisharp|Knock Off|p2a: Turtonator\n|-resisted|p2a: Turtonator\n|-damage|p2a: Turtonator|75\/100\n|-enditem|p2a: Turtonator|Choice Specs|[from] move: Knock Off|[of] p1a: Bisharp\n|move|p2a: Turtonator|Focus Blast|p1a: Bisharp|[miss]\n|-miss|p2a: Turtonator|p1a: Bisharp\n|\n|upkeep\n|turn|13\n|\n|t:|1700958242\n|move|p1a: Bisharp|Sucker Punch|p2a: Turtonator\n|-resisted|p2a: Turtonator\n|-damage|p2a: Turtonator|57\/100\n|move|p2a: Turtonator|Focus Blast|p1a: Bisharp|[miss]\n|-miss|p2a: Turtonator|p1a: Bisharp\n|\n|upkeep\n|turn|14\n|\n|t:|1700958254\n|switch|p1a: Corviknight|Corviknight, M|100\/100\n|-ability|p1a: Corviknight|Pressure\n|move|p2a: Turtonator|Focus Blast|p1a: Corviknight\n|-damage|p1a: Corviknight|52\/100\n|\n|upkeep\n|turn|15\n|\n|t:|1700958275\n|move|p1a: Corviknight|U-turn|p2a: Turtonator\n|-resisted|p2a: Turtonator\n|-damage|p2a: Turtonator|51\/100\n|\n|t:|1700958283\n|switch|p1a: Bisharp|Bisharp, F, shiny, tera:Dark|61\/100|[from] U-turn\n|move|p2a: Turtonator|Fire Blast|p1a: Bisharp\n|-damage|p1a: Bisharp|12\/100\n|\n|upkeep\n|turn|16\n|\n|t:|1700958301\n|move|p1a: Bisharp|Sucker Punch|p2a: Turtonator\n|-resisted|p2a: Turtonator\n|-damage|p2a: Turtonator|30\/100\n|move|p2a: Turtonator|Fire Blast|p1a: Bisharp\n|-damage|p1a: Bisharp|0 fnt\n|faint|p1a: Bisharp\n|\n|upkeep\n|\n|t:|1700958308\n|switch|p1a: Corviknight|Corviknight, M|52\/100\n|-ability|p1a: Corviknight|Pressure\n|turn|17\n|\n|t:|1700958315\n|move|p1a: Corviknight|Drill Peck|p2a: Turtonator\n|-supereffective|p2a: Turtonator\n|-damage|p2a: Turtonator|0 fnt\n|faint|p2a: Turtonator\n|\n|upkeep\n|\n|t:|1700958322\n|switch|p2a: Charizard|Charizard, M, shiny|100\/100\n|turn|18\n|\n|t:|1700958344\n|move|p2a: Charizard|Fire Blast|p1a: Corviknight\n|-supereffective|p1a: Corviknight\n|-damage|p1a: Corviknight|0 fnt\n|faint|p1a: Corviknight\n|\n|win|Brianbolical\n","uploadtime":1700958354,"views":2,"p1id":"plebvt","p2id":"brianbolical","formatid":"gen9nationaldex","rating":0,"private":0,"password":""}