{"id":"gen9nationaldex-1992843247","p1":"king d1","p2":"General MacArther","format":"[Gen 9] National Dex","log":"|j|\u2606king d1\n|j|\u2606General MacArther\n|t:|1700240239\n|gametype|singles\n|player|p1|king d1|red|1406\n|player|p2|General MacArther|266|1494\n|teamsize|p1|6\n|teamsize|p2|6\n|gen|9\n|tier|[Gen 9] National Dex\n|rated|\n|rule|HP Percentage Mod: HP is shown in percentages\n|rule|Endless Battle Clause: Forcing endless battles is banned\n|rule|OHKO Clause: OHKO moves are banned\n|rule|Evasion Clause: Evasion abilities, items, and moves are banned\n|rule|Evasion Abilities Clause: Evasion abilities are banned\n|rule|Evasion Items Clause: Evasion items are banned\n|rule|Evasion Moves Clause: Evasion moves are banned\n|rule|Species Clause: Limit one of each Pok\u00e9mon\n|rule|Sleep Clause Mod: Limit one foe put to sleep\n|clearpoke\n|poke|p1|Ribombee, M|\n|poke|p1|Jirachi|\n|poke|p1|Xurkitree|\n|poke|p1|Great Tusk|\n|poke|p1|Volcarona, F|\n|poke|p1|Pinsir, F|\n|poke|p2|Charizard, F|\n|poke|p2|Great Tusk|\n|poke|p2|Garganacl, F|\n|poke|p2|Rotom-Wash|\n|poke|p2|Samurott-Hisui, M|\n|poke|p2|Rillaboom, F|\n|teampreview\n|inactive|Battle timer is ON: inactive players will automatically lose when time's up. (requested by king d1)\n|\n|t:|1700240249\n|start\n|switch|p1a: Ribombee|Ribombee, M|100\/100\n|switch|p2a: Samurott|Samurott-Hisui, M|100\/100\n|turn|1\n|\n|t:|1700240254\n|move|p1a: Ribombee|Sticky Web|p2a: Samurott\n|-sidestart|p2: General MacArther|move: Sticky Web\n|move|p2a: Samurott|Ceaseless Edge|p1a: Ribombee\n|-resisted|p1a: Ribombee\n|-damage|p1a: Ribombee|55\/100\n|-sidestart|p1: king d1|Spikes\n|\n|upkeep\n|turn|2\n|\n|t:|1700240261\n|move|p1a: Ribombee|Stun Spore|p2a: Samurott\n|-status|p2a: Samurott|par\n|move|p2a: Samurott|Flip Turn|p1a: Ribombee\n|-damage|p1a: Ribombee|0 fnt\n|faint|p1a: Ribombee\n|\n|t:|1700240267\n|switch|p2a: Great Tusk|Great Tusk|100\/100|[from] Flip Turn\n|-activate|p2a: Great Tusk|move: Sticky Web\n|-unboost|p2a: Great Tusk|spe|1\n|\n|upkeep\n|\n|t:|1700240274\n|switch|p1a: Pinsir|Pinsir, F|100\/100\n|-damage|p1a: Pinsir|88\/100|[from] Spikes\n|turn|3\n|\n|t:|1700240279\n|detailschange|p1a: Pinsir|Pinsir-Mega, F\n|-mega|p1a: Pinsir|Pinsir|Pinsirite\n|move|p1a: Pinsir|Return|p2a: Great Tusk\n|-supereffective|p2a: Great Tusk\n|-damage|p2a: Great Tusk|0 fnt\n|faint|p2a: Great Tusk\n|-end|p2a: Great Tusk|Protosynthesis|[silent]\n|\n|upkeep\n|\n|t:|1700240290\n|switch|p2a: Garganacl|Garganacl, F|100\/100\n|-activate|p2a: Garganacl|move: Sticky Web\n|-unboost|p2a: Garganacl|spe|1\n|turn|4\n|\n|t:|1700240297\n|switch|p1a: Great Tusk|Great Tusk|100\/100\n|move|p2a: Garganacl|Salt Cure|p1a: Great Tusk\n|-resisted|p1a: Great Tusk\n|-damage|p1a: Great Tusk|98\/100\n|-start|p1a: Great Tusk|Salt Cure\n|\n|-damage|p1a: Great Tusk|86\/100|[from] Salt Cure\n|upkeep\n|turn|5\n|\n|t:|1700240302\n|move|p1a: Great Tusk|Rapid Spin|p2a: Garganacl\n|-resisted|p2a: Garganacl\n|-damage|p2a: Garganacl|95\/100\n|-boost|p1a: Great Tusk|spe|1\n|-sideend|p1: king d1|Spikes|[from] move: Rapid Spin|[of] p1a: Great Tusk\n|move|p2a: Garganacl|Stealth Rock|p1a: Great Tusk\n|-sidestart|p1: king d1|move: Stealth Rock\n|\n|-heal|p2a: Garganacl|100\/100|[from] item: Leftovers\n|-damage|p1a: Great Tusk|74\/100|[from] Salt Cure\n|upkeep\n|turn|6\n|\n|t:|1700240316\n|move|p2a: Garganacl|Protect|p2a: Garganacl\n|-singleturn|p2a: Garganacl|Protect\n|move|p1a: Great Tusk|Knock Off|p2a: Garganacl\n|-activate|p2a: Garganacl|move: Protect\n|\n|-damage|p1a: Great Tusk|61\/100|[from] Salt Cure\n|upkeep\n|turn|7\n|\n|t:|1700240329\n|switch|p2a: Charizard|Charizard, F|100\/100\n|move|p1a: Great Tusk|Rapid Spin|p2a: Charizard\n|-damage|p2a: Charizard|76\/100\n|-boost|p1a: Great Tusk|spe|1\n|-sideend|p1: king d1|Stealth Rock|[from] move: Rapid Spin|[of] p1a: Great Tusk\n|\n|-damage|p1a: Great Tusk|49\/100|[from] Salt Cure\n|upkeep\n|turn|8\n|\n|t:|1700240340\n|-end|p1a: Great Tusk|Protosynthesis|[silent]\n|switch|p1a: Xurkitree|Xurkitree|100\/100\n|switch|p2a: Rotom|Rotom-Wash|100\/100\n|\n|upkeep\n|turn|9\n|\n|t:|1700240348\n|move|p1a: Xurkitree|Tail Glow|p1a: Xurkitree\n|-boost|p1a: Xurkitree|spa|3\n|move|p2a: Rotom|Defog|p1a: Xurkitree\n|-unboost|p1a: Xurkitree|evasion|1\n|-sideend|p2: General MacArther|Sticky Web|[from] move: Defog|[of] p2a: Rotom\n|\n|upkeep\n|turn|10\n|\n|t:|1700240354\n|move|p1a: Xurkitree|Thunderbolt|p2a: Rotom\n|-damage|p2a: Rotom|0 fnt\n|faint|p2a: Rotom\n|-ability|p1a: Xurkitree|Beast Boost|boost\n|-boost|p1a: Xurkitree|spa|1\n|\n|upkeep\n|\n|t:|1700240360\n|switch|p2a: Rillaboom|Rillaboom, F|100\/100\n|-fieldstart|move: Grassy Terrain|[from] ability: Grassy Surge|[of] p2a: Rillaboom\n|turn|11\n|\n|t:|1700240365\n|-terastallize|p2a: Rillaboom|Grass\n|move|p2a: Rillaboom|Grassy Glide|p1a: Xurkitree\n|-damage|p1a: Xurkitree|22\/100\n|move|p1a: Xurkitree|Signal Beam|p2a: Rillaboom\n|-supereffective|p2a: Rillaboom\n|-damage|p2a: Rillaboom|0 fnt\n|faint|p2a: Rillaboom\n|-ability|p1a: Xurkitree|Beast Boost|boost\n|-boost|p1a: Xurkitree|spa|1\n|\n|-heal|p1a: Xurkitree|29\/100|[from] Grassy Terrain\n|-heal|p1a: Xurkitree|35\/100|[from] item: Leftovers\n|upkeep\n|\n|t:|1700240374\n|switch|p2a: Charizard|Charizard, F|76\/100\n|turn|12\n|\n|t:|1700240379\n|move|p2a: Charizard|Scorching Sands|p1a: Xurkitree\n|-supereffective|p1a: Xurkitree\n|-damage|p1a: Xurkitree|0 fnt\n|faint|p1a: Xurkitree\n|\n|upkeep\n|\n|t:|1700240388\n|switch|p1a: Pinsir|Pinsir-Mega, F|88\/100\n|turn|13\n|\n|t:|1700240391\n|switch|p2a: Garganacl|Garganacl, F|100\/100\n|move|p1a: Pinsir|Return|p2a: Garganacl\n|-resisted|p2a: Garganacl\n|-crit|p2a: Garganacl\n|-damage|p2a: Garganacl|65\/100\n|\n|-heal|p2a: Garganacl|71\/100|[from] Grassy Terrain\n|-heal|p2a: Garganacl|77\/100|[from] item: Leftovers\n|upkeep\n|turn|14\n|\n|t:|1700240402\n|move|p1a: Pinsir|X-Scissor|p2a: Garganacl\n|-damage|p2a: Garganacl|47\/100\n|move|p2a: Garganacl|Salt Cure|p1a: Pinsir\n|-supereffective|p1a: Pinsir\n|-damage|p1a: Pinsir|29\/100\n|-start|p1a: Pinsir|Salt Cure\n|\n|-heal|p2a: Garganacl|53\/100|[from] Grassy Terrain\n|-heal|p2a: Garganacl|60\/100|[from] item: Leftovers\n|-damage|p1a: Pinsir|17\/100|[from] Salt Cure\n|upkeep\n|turn|15\n|\n|t:|1700240410\n|move|p1a: Pinsir|X-Scissor|p2a: Garganacl\n|-damage|p2a: Garganacl|32\/100\n|move|p2a: Garganacl|Recover|p2a: Garganacl\n|-heal|p2a: Garganacl|82\/100\n|\n|-heal|p2a: Garganacl|88\/100|[from] Grassy Terrain\n|-heal|p2a: Garganacl|95\/100|[from] item: Leftovers\n|-damage|p1a: Pinsir|5\/100|[from] Salt Cure\n|-fieldend|move: Grassy Terrain\n|upkeep\n|turn|16\n|\n|t:|1700240415\n|move|p1a: Pinsir|X-Scissor|p2a: Garganacl\n|-damage|p2a: Garganacl|67\/100\n|move|p2a: Garganacl|Stealth Rock|p1a: Pinsir\n|-sidestart|p1: king d1|move: Stealth Rock\n|\n|-heal|p2a: Garganacl|73\/100|[from] item: Leftovers\n|-damage|p1a: Pinsir|0 fnt|[from] Salt Cure\n|faint|p1a: Pinsir\n|upkeep\n|\n|t:|1700240420\n|switch|p1a: Great Tusk|Great Tusk|49\/100\n|turn|17\n|\n|t:|1700240426\n|move|p2a: Garganacl|Protect|p2a: Garganacl\n|-singleturn|p2a: Garganacl|Protect\n|move|p1a: Great Tusk|Earthquake|p2a: Garganacl\n|-activate|p2a: Garganacl|move: Protect\n|\n|-heal|p2a: Garganacl|79\/100|[from] item: Leftovers\n|upkeep\n|turn|18\n|\n|t:|1700240430\n|switch|p2a: Samurott|Samurott-Hisui, M|100\/100 par\n|move|p1a: Great Tusk|Rapid Spin|p2a: Samurott\n|-damage|p2a: Samurott|79\/100 par\n|-boost|p1a: Great Tusk|spe|1\n|-sideend|p1: king d1|Stealth Rock|[from] move: Rapid Spin|[of] p1a: Great Tusk\n|\n|upkeep\n|turn|19\n|\n|t:|1700240440\n|move|p1a: Great Tusk|Close Combat|p2a: Samurott\n|-supereffective|p2a: Samurott\n|-damage|p2a: Samurott|0 fnt\n|-unboost|p1a: Great Tusk|def|1\n|-unboost|p1a: Great Tusk|spd|1\n|faint|p2a: Samurott\n|\n|upkeep\n|\n|t:|1700240443\n|switch|p2a: Charizard|Charizard, F|76\/100\n|turn|20\n|\n|t:|1700240451\n|detailschange|p2a: Charizard|Charizard-Mega-Y, F\n|-mega|p2a: Charizard|Charizard|Charizardite Y\n|-weather|SunnyDay|[from] ability: Drought|[of] p2a: Charizard\n|-activate|p1a: Great Tusk|ability: Protosynthesis\n|-start|p1a: Great Tusk|protosynthesisspe\n|move|p1a: Great Tusk|Knock Off|p2a: Charizard\n|-damage|p2a: Charizard|42\/100\n|move|p2a: Charizard|Solar Beam||[still]\n|-prepare|p2a: Charizard|Solar Beam\n|-anim|p2a: Charizard|Solar Beam|p1a: Great Tusk\n|-supereffective|p1a: Great Tusk\n|-damage|p1a: Great Tusk|0 fnt\n|faint|p1a: Great Tusk\n|-end|p1a: Great Tusk|Protosynthesis|[silent]\n|\n|-weather|SunnyDay|[upkeep]\n|upkeep\n|\n|t:|1700240464\n|switch|p1a: Jirachi|Jirachi, shiny|100\/100\n|turn|21\n|\n|t:|1700240466\n|-terastallize|p1a: Jirachi|Water\n|move|p2a: Charizard|Fire Blast|p1a: Jirachi\n|-resisted|p1a: Jirachi\n|-damage|p1a: Jirachi|60\/100\n|move|p1a: Jirachi|Thunderbolt|p2a: Charizard\n|-supereffective|p2a: Charizard\n|-damage|p2a: Charizard|0 fnt\n|faint|p2a: Charizard\n|\n|-weather|SunnyDay|[upkeep]\n|-heal|p1a: Jirachi|66\/100|[from] item: Leftovers\n|upkeep\n|\n|t:|1700240470\n|switch|p2a: Garganacl|Garganacl, F|79\/100\n|turn|22\n|\n|t:|1700240473\n|move|p1a: Jirachi|Flash Cannon|p2a: Garganacl\n|-supereffective|p2a: Garganacl\n|-damage|p2a: Garganacl|26\/100\n|move|p2a: Garganacl|Salt Cure|p1a: Jirachi\n|-damage|p1a: Jirachi|55\/100\n|-start|p1a: Jirachi|Salt Cure\n|\n|-weather|SunnyDay|[upkeep]\n|-heal|p1a: Jirachi|61\/100|[from] item: Leftovers\n|-heal|p2a: Garganacl|32\/100|[from] item: Leftovers\n|-damage|p1a: Jirachi|36\/100|[from] Salt Cure\n|upkeep\n|turn|23\n|\n|t:|1700240483\n|move|p2a: Garganacl|Protect|p2a: Garganacl\n|-singleturn|p2a: Garganacl|Protect\n|move|p1a: Jirachi|Flash Cannon|p2a: Garganacl\n|-activate|p2a: Garganacl|move: Protect\n|\n|-weather|SunnyDay|[upkeep]\n|-heal|p1a: Jirachi|42\/100|[from] item: Leftovers\n|-heal|p2a: Garganacl|38\/100|[from] item: Leftovers\n|-damage|p1a: Jirachi|17\/100|[from] Salt Cure\n|upkeep\n|turn|24\n|\n|t:|1700240498\n|move|p2a: Garganacl|Protect||[still]\n|-fail|p2a: Garganacl\n|move|p1a: Jirachi|Flash Cannon|p2a: Garganacl\n|-supereffective|p2a: Garganacl\n|-damage|p2a: Garganacl|0 fnt\n|faint|p2a: Garganacl\n|\n|win|king d1\n|raw|king d1's rating: 1406 &rarr; <strong>1431<\/strong><br \/>(+25 for winning)\n|raw|General MacArther's rating: 1494 &rarr; <strong>1469<\/strong><br \/>(-25 for losing)\n|l|\u2606General MacArther\n","uploadtime":1700240771,"views":13,"p1id":"kingd1","p2id":"generalmacarther","formatid":"gen9nationaldex","rating":1431,"private":0,"password":""}