{"id":"gen9nationaldex-1991188694","p1":"KyosukeKamijou","p2":"ArtemisTenshi","format":"[Gen 9] National Dex","log":"|j|\u2606KyosukeKamijou\n|j|\u2606ArtemisTenshi\n|t:|1700055184\n|gametype|singles\n|player|p1|KyosukeKamijou|ghetsis|1130\n|player|p2|ArtemisTenshi|guitarist|1034\n|teamsize|p1|6\n|teamsize|p2|6\n|gen|9\n|tier|[Gen 9] National Dex\n|rated|\n|rule|HP Percentage Mod: HP is shown in percentages\n|rule|Endless Battle Clause: Forcing endless battles is banned\n|rule|OHKO Clause: OHKO moves are banned\n|rule|Evasion Clause: Evasion abilities, items, and moves are banned\n|rule|Evasion Abilities Clause: Evasion abilities are banned\n|rule|Evasion Items Clause: Evasion items are banned\n|rule|Evasion Moves Clause: Evasion moves are banned\n|rule|Species Clause: Limit one of each Pok\u00e9mon\n|rule|Sleep Clause Mod: Limit one foe put to sleep\n|clearpoke\n|poke|p1|Ogerpon-Wellspring, F|\n|poke|p1|Garchomp, M|\n|poke|p1|Hatterene, F|\n|poke|p1|Heatran, M|\n|poke|p1|Lopunny, F|\n|poke|p1|Zapdos|\n|poke|p2|Ninetales-Alola, M|\n|poke|p2|Glaceon, F|\n|poke|p2|Breloom, M|\n|poke|p2|Blaziken, F|\n|poke|p2|Garchomp, F|\n|poke|p2|Gengar, F|\n|teampreview\n|inactive|Battle timer is ON: inactive players will automatically lose when time's up. (requested by ArtemisTenshi)\n|\n|t:|1700055189\n|start\n|switch|p1a: Garchomp|Garchomp, M|100\/100\n|switch|p2a: Ninetales|Ninetales-Alola, M|100\/100\n|-weather|Snow|[from] ability: Snow Warning|[of] p2a: Ninetales\n|turn|1\n|\n|t:|1700055198\n|switch|p1a: Heatran|Heatran, M|100\/100\n|move|p2a: Ninetales|Blizzard|p1a: Heatran\n|-resisted|p1a: Heatran\n|-damage|p1a: Heatran|93\/100\n|\n|-weather|Snow|[upkeep]\n|-heal|p1a: Heatran|99\/100|[from] item: Leftovers\n|upkeep\n|turn|2\n|\n|t:|1700055213\n|switch|p2a: Blaziken|Blaziken, F|100\/100\n|move|p1a: Heatran|Lava Plume|p2a: Blaziken\n|-resisted|p2a: Blaziken\n|-damage|p2a: Blaziken|65\/100\n|\n|-weather|Snow|[upkeep]\n|-heal|p1a: Heatran|100\/100|[from] item: Leftovers\n|upkeep\n|turn|3\n|\n|t:|1700055222\n|move|p2a: Blaziken|Blaze Kick|p1a: Heatran\n|-start|p1a: Heatran|ability: Flash Fire\n|move|p1a: Heatran|Tera Blast|p2a: Blaziken\n|-damage|p2a: Blaziken|16\/100\n|-enditem|p2a: Blaziken|Sitrus Berry|[eat]\n|-heal|p2a: Blaziken|41\/100|[from] item: Sitrus Berry\n|\n|-weather|Snow|[upkeep]\n|-ability|p2a: Blaziken|Speed Boost|boost\n|-boost|p2a: Blaziken|spe|1\n|upkeep\n|turn|4\n|\n|t:|1700055233\n|move|p2a: Blaziken|Brick Break|p1a: Heatran\n|-supereffective|p1a: Heatran\n|-damage|p1a: Heatran|40\/100\n|move|p1a: Heatran|Scorching Sands|p2a: Blaziken\n|-supereffective|p2a: Blaziken\n|-damage|p2a: Blaziken|0 fnt\n|faint|p2a: Blaziken\n|\n|-weather|Snow|[upkeep]\n|-heal|p1a: Heatran|46\/100|[from] item: Leftovers\n|upkeep\n|\n|t:|1700055243\n|switch|p2a: Breloom|Breloom, M|100\/100\n|turn|5\n|\n|t:|1700055248\n|move|p1a: Heatran|Lava Plume|p2a: Breloom\n|-supereffective|p2a: Breloom\n|-damage|p2a: Breloom|0 fnt\n|faint|p2a: Breloom\n|\n|-weather|none\n|-heal|p1a: Heatran|52\/100|[from] item: Leftovers\n|upkeep\n|\n|t:|1700055257\n|switch|p2a: Gengar|Gengar, F|100\/100\n|turn|6\n|\n|t:|1700055262\n|move|p2a: Gengar|Shadow Ball|p1a: Heatran\n|-damage|p1a: Heatran|19\/100\n|-unboost|p1a: Heatran|spd|1\n|move|p1a: Heatran|Scorching Sands|p2a: Gengar\n|-supereffective|p2a: Gengar\n|-damage|p2a: Gengar|9\/100\n|\n|-heal|p1a: Heatran|26\/100|[from] item: Leftovers\n|upkeep\n|turn|7\n|\n|t:|1700055272\n|-end|p1a: Heatran|ability: Flash Fire|[silent]\n|switch|p1a: Lopunny|Lopunny, F|100\/100\n|move|p2a: Gengar|Shadow Ball|p1a: Lopunny\n|-immune|p1a: Lopunny\n|\n|upkeep\n|turn|8\n|\n|t:|1700055279\n|detailschange|p1a: Lopunny|Lopunny-Mega, F\n|-mega|p1a: Lopunny|Lopunny|Lopunnite\n|move|p1a: Lopunny|Fake Out|p2a: Gengar\n|-damage|p2a: Gengar|0 fnt\n|faint|p2a: Gengar\n|\n|upkeep\n|\n|t:|1700055291\n|switch|p2a: Garchomp|Garchomp, F|100\/100\n|turn|9\n|\n|t:|1700055297\n|switch|p1a: Hatterene|Hatterene, F|100\/100\n|move|p2a: Garchomp|Dragon Rush|p1a: Hatterene\n|-immune|p1a: Hatterene\n|\n|upkeep\n|turn|10\n|\n|t:|1700055303\n|move|p2a: Garchomp|Dig||[still]\n|-prepare|p2a: Garchomp|Dig\n|move|p1a: Hatterene|Reflect|p1a: Hatterene\n|-sidestart|p1: KyosukeKamijou|Reflect\n|\n|upkeep\n|turn|11\n|\n|t:|1700055308\n|move|p2a: Garchomp|Dig|p1a: Hatterene|[from]lockedmove\n|-damage|p1a: Hatterene|81\/100\n|move|p1a: Hatterene|Dazzling Gleam|p2a: Garchomp\n|-supereffective|p2a: Garchomp\n|-damage|p2a: Garchomp|27\/100\n|\n|-heal|p1a: Hatterene|87\/100|[from] item: Leftovers\n|upkeep\n|turn|12\n|\n|t:|1700055317\n|switch|p2a: Ninetales|Ninetales-Alola, M|100\/100\n|-weather|Snow|[from] ability: Snow Warning|[of] p2a: Ninetales\n|move|p1a: Hatterene|Light Screen|p1a: Hatterene\n|-sidestart|p1: KyosukeKamijou|move: Light Screen\n|\n|-weather|Snow|[upkeep]\n|-heal|p1a: Hatterene|93\/100|[from] item: Leftovers\n|upkeep\n|turn|13\n|\n|t:|1700055332\n|switch|p1a: Ogerpon|Ogerpon-Wellspring, F|100\/100\n|move|p2a: Ninetales|Blizzard|p1a: Ogerpon\n|-damage|p1a: Ogerpon|82\/100\n|\n|-weather|Snow|[upkeep]\n|upkeep\n|turn|14\n|-message|ArtemisTenshi forfeited.\n|\n|win|KyosukeKamijou\n|raw|KyosukeKamijou's rating: 1130 &rarr; <strong>1148<\/strong><br \/>(+18 for winning)\n|raw|ArtemisTenshi's rating: 1034 &rarr; <strong>1023<\/strong><br \/>(-11 for losing)\n","uploadtime":1700055351,"views":3,"p1id":"kyosukekamijou","p2id":"artemistenshi","formatid":"gen9nationaldex","rating":1023,"private":0,"password":""}