{"id":"gen9nationaldex-1996666947","p1":"remu08","p2":"Terrtia","format":"[Gen 9] National Dex","log":"|html|<div class=\"broadcast-blue\"><strong>[Gen 9] National Dex is currently suspecting Sneasler! For information on how to participate check out the <a href=\"https:\/\/www.smogon.com\/forums\/threads\/sv-national-dex-suspect-8-just-dance.3731534\/\">suspect thread<\/a>.<\/strong><\/div>\n|j|\u2606remu08\n|j|\u2606Terrtia\n|t:|1700707217\n|gametype|singles\n|player|p1|remu08|bruno|1340\n|player|p2|Terrtia|265|1224\n|teamsize|p1|6\n|teamsize|p2|6\n|gen|9\n|tier|[Gen 9] National Dex\n|rated|\n|rule|HP Percentage Mod: HP is shown in percentages\n|rule|Endless Battle Clause: Forcing endless battles is banned\n|rule|OHKO Clause: OHKO moves are banned\n|rule|Evasion Clause: Evasion abilities, items, and moves are banned\n|rule|Evasion Abilities Clause: Evasion abilities are banned\n|rule|Evasion Items Clause: Evasion items are banned\n|rule|Evasion Moves Clause: Evasion moves are banned\n|rule|Species Clause: Limit one of each Pok\u00e9mon\n|rule|Sleep Clause Mod: Limit one foe put to sleep\n|clearpoke\n|poke|p1|Cloyster, M|\n|poke|p1|Heatran, F|\n|poke|p1|Swellow, M|\n|poke|p1|Slowbro, M|\n|poke|p1|Corviknight, M|\n|poke|p1|Landorus-Therian, M|\n|poke|p2|Mawile, M|\n|poke|p2|Marowak-Alola, F|\n|poke|p2|Hatterene, F|\n|poke|p2|Cresselia, F|\n|poke|p2|Porygon2|\n|poke|p2|Ursaluna, F|\n|teampreview\n|\n|t:|1700707224\n|start\n|switch|p1a: \u6247\u8d1d|Cloyster, M, shiny|100\/100\n|switch|p2a: Hatterene|Hatterene, F|100\/100\n|turn|1\n|\n|t:|1700707232\n|move|p1a: \u6247\u8d1d|Shell Smash|p1a: \u6247\u8d1d\n|-unboost|p1a: \u6247\u8d1d|def|1\n|-unboost|p1a: \u6247\u8d1d|spd|1\n|-boost|p1a: \u6247\u8d1d|atk|2\n|-boost|p1a: \u6247\u8d1d|spa|2\n|-boost|p1a: \u6247\u8d1d|spe|2\n|move|p2a: Hatterene|Trick Room|p2a: Hatterene\n|-fieldstart|move: Trick Room|[of] p2a: Hatterene\n|\n|upkeep\n|turn|2\n|\n|t:|1700707243\n|move|p2a: Hatterene|Misty Explosion|p1a: \u6247\u8d1d\n|-enditem|p1a: \u6247\u8d1d|Focus Sash\n|-damage|p1a: \u6247\u8d1d|1\/100\n|faint|p2a: Hatterene\n|move|p1a: \u6247\u8d1d|Icicle Spear|p2: Hatterene|[notarget]\n|-fail|p1a: \u6247\u8d1d\n|\n|upkeep\n|\n|t:|1700707253\n|switch|p2a: Marowak|Marowak-Alola, F|100\/100\n|turn|3\n|\n|t:|1700707264\n|move|p1a: \u6247\u8d1d|Ice Shard|p2a: Marowak\n|-resisted|p2a: Marowak\n|-damage|p2a: Marowak|82\/100\n|move|p2a: Marowak|Low Kick|p1a: \u6247\u8d1d\n|-supereffective|p1a: \u6247\u8d1d\n|-damage|p1a: \u6247\u8d1d|0 fnt\n|faint|p1a: \u6247\u8d1d\n|\n|upkeep\n|\n|t:|1700707280\n|switch|p1a: \u5427\u4e3b\u7532|Slowbro, M, shiny|100\/100\n|turn|4\n|\n|t:|1700707288\n|detailschange|p1a: \u5427\u4e3b\u7532|Slowbro-Mega, M, shiny\n|-mega|p1a: \u5427\u4e3b\u7532|Slowbro|Slowbronite\n|move|p2a: Marowak|Poltergeist|p1a: \u5427\u4e3b\u7532\n|-activate|p1a: \u5427\u4e3b\u7532|move: Poltergeist|Slowbronite\n|-supereffective|p1a: \u5427\u4e3b\u7532\n|-damage|p1a: \u5427\u4e3b\u7532|21\/100\n|move|p1a: \u5427\u4e3b\u7532|Calm Mind|p1a: \u5427\u4e3b\u7532\n|-boost|p1a: \u5427\u4e3b\u7532|spa|1\n|-boost|p1a: \u5427\u4e3b\u7532|spd|1\n|\n|upkeep\n|turn|5\n|\n|t:|1700707299\n|move|p2a: Marowak|Swords Dance|p2a: Marowak\n|-boost|p2a: Marowak|atk|2\n|move|p1a: \u5427\u4e3b\u7532|Scald|p2a: Marowak\n|-supereffective|p2a: Marowak\n|-damage|p2a: Marowak|0 fnt\n|faint|p2a: Marowak\n|\n|-fieldend|move: Trick Room\n|upkeep\n|\n|t:|1700707310\n|switch|p2a: Cresselia|Cresselia, F|100\/100\n|turn|6\n|\n|t:|1700707315\n|move|p1a: \u5427\u4e3b\u7532|Slack Off|p1a: \u5427\u4e3b\u7532\n|-heal|p1a: \u5427\u4e3b\u7532|71\/100\n|move|p2a: Cresselia|Trick Room|p2a: Cresselia\n|-fieldstart|move: Trick Room|[of] p2a: Cresselia\n|\n|upkeep\n|turn|7\n|\n|t:|1700707332\n|switch|p2a: Mawile|Mawile, M|100\/100\n|-ability|p2a: Mawile|Intimidate|boost\n|-unboost|p1a: \u5427\u4e3b\u7532|atk|1\n|move|p1a: \u5427\u4e3b\u7532|Scald|p2a: Mawile\n|-damage|p2a: Mawile|5\/100\n|\n|upkeep\n|turn|8\n|\n|t:|1700707348\n|detailschange|p2a: Mawile|Mawile-Mega, M\n|-mega|p2a: Mawile|Mawile|Mawilite\n|move|p2a: Mawile|Sucker Punch|p1a: \u5427\u4e3b\u7532\n|-supereffective|p1a: \u5427\u4e3b\u7532\n|-damage|p1a: \u5427\u4e3b\u7532|32\/100\n|move|p1a: \u5427\u4e3b\u7532|Scald|p2a: Mawile\n|-damage|p2a: Mawile|0 fnt\n|faint|p2a: Mawile\n|\n|upkeep\n|-message|Terrtia forfeited.\n|\n|win|remu08\n|raw|remu08's rating: 1340 &rarr; <strong>1354<\/strong><br \/>(+14 for winning)\n|raw|Terrtia's rating: 1224 &rarr; <strong>1207<\/strong><br \/>(-17 for losing)\n|l|\u2606Terrtia\n","uploadtime":1700707367,"views":1,"p1id":"remu08","p2id":"terrtia","formatid":"gen9nationaldex","rating":1207,"private":0,"password":""}