{"id":"gen9nationaldex-1998685597","p1":"Allkurin","p2":"Hammer and Nail","format":"[Gen 9] National Dex","log":"|html|<div class=\"broadcast-blue\"><strong>[Gen 9] National Dex is currently suspecting Sneasler! For information on how to participate check out the <a href=\"https:\/\/www.smogon.com\/forums\/threads\/sv-national-dex-suspect-8-just-dance.3731534\/\">suspect thread<\/a>.<\/strong><\/div>\n|j|\u2606Allkurin\n|j|\u2606Hammer and Nail\n|t:|1700972349\n|gametype|singles\n|player|p1|Allkurin|lucas|1042\n|player|p2|Hammer and Nail|crasherwake|1097\n|teamsize|p1|6\n|teamsize|p2|6\n|gen|9\n|tier|[Gen 9] National Dex\n|rated|\n|rule|HP Percentage Mod: HP is shown in percentages\n|rule|Endless Battle Clause: Forcing endless battles is banned\n|rule|OHKO Clause: OHKO moves are banned\n|rule|Evasion Clause: Evasion abilities, items, and moves are banned\n|rule|Evasion Abilities Clause: Evasion abilities are banned\n|rule|Evasion Items Clause: Evasion items are banned\n|rule|Evasion Moves Clause: Evasion moves are banned\n|rule|Species Clause: Limit one of each Pok\u00e9mon\n|rule|Sleep Clause Mod: Limit one foe put to sleep\n|clearpoke\n|poke|p1|Venusaur, F|\n|poke|p1|Dragalge, F|\n|poke|p1|Alomomola, M|\n|poke|p1|Drapion, M|\n|poke|p1|Krookodile, M|\n|poke|p1|Rotom-Heat|\n|poke|p2|Skeledirge, F|\n|poke|p2|Eelektross, M|\n|poke|p2|Ursaluna, F|\n|poke|p2|Primeape, F|\n|poke|p2|Corviknight, F|\n|poke|p2|Muk, M|\n|teampreview\n|inactive|Battle timer is ON: inactive players will automatically lose when time's up. (requested by Hammer and Nail)\n|\n|t:|1700972359\n|start\n|switch|p1a: Drapion|Drapion, M|100\/100\n|switch|p2a: Primeape|Primeape, F|100\/100\n|turn|1\n|\n|t:|1700972376\n|move|p2a: Primeape|Close Combat|p1a: Drapion\n|-damage|p1a: Drapion|52\/100\n|-unboost|p2a: Primeape|def|1\n|-unboost|p2a: Primeape|spd|1\n|move|p1a: Drapion|Knock Off|p2a: Primeape\n|-resisted|p2a: Primeape\n|-damage|p2a: Primeape|43\/100\n|-enditem|p2a: Primeape|Choice Scarf|[from] move: Knock Off|[of] p1a: Drapion\n|\n|upkeep\n|turn|2\n|\n|t:|1700972393\n|switch|p1a: Alomomola|Alomomola, M|100\/100\n|move|p2a: Primeape|U-turn|p1a: Alomomola\n|-damage|p1a: Alomomola|82\/100\n|\n|t:|1700972397\n|switch|p2a: Eelektross|Eelektross, M|100\/100|[from] U-turn\n|\n|upkeep\n|turn|3\n|\n|t:|1700972406\n|move|p1a: Alomomola|Wish|p1a: Alomomola\n|move|p2a: Eelektross|Thunderbolt|p1a: Alomomola\n|-supereffective|p1a: Alomomola\n|-damage|p1a: Alomomola|0 fnt\n|faint|p1a: Alomomola\n|\n|upkeep\n|\n|t:|1700972409\n|switch|p1a: Drapion|Drapion, M|52\/100\n|turn|4\n|\n|t:|1700972417\n|move|p1a: Drapion|Knock Off|p2a: Eelektross\n|-damage|p2a: Eelektross|62\/100\n|-enditem|p2a: Eelektross|Assault Vest|[from] move: Knock Off|[of] p1a: Drapion\n|move|p2a: Eelektross|Volt Switch|p1a: Drapion\n|-damage|p1a: Drapion|10\/100\n|\n|t:|1700972424\n|switch|p2a: Corviknight|Corviknight, F|100\/100|[from] Volt Switch\n|\n|-heal|p1a: Drapion|87\/100|[from] move: Wish|[wisher] Alomomola\n|upkeep\n|turn|5\n|\n|t:|1700972430\n|move|p1a: Drapion|Knock Off|p2a: Corviknight\n|-damage|p2a: Corviknight|77\/100\n|-enditem|p2a: Corviknight|Leftovers|[from] move: Knock Off|[of] p1a: Drapion\n|move|p2a: Corviknight|Brave Bird|p1a: Drapion\n|-damage|p1a: Drapion|59\/100\n|-damage|p2a: Corviknight|69\/100|[from] Recoil\n|\n|upkeep\n|turn|6\n|\n|t:|1700972436\n|move|p2a: Corviknight|Iron Head|p1a: Drapion\n|-damage|p1a: Drapion|38\/100\n|move|p1a: Drapion|Roar|p2a: Corviknight\n|drag|p2a: Eelektross|Eelektross, M|62\/100\n|\n|upkeep\n|turn|7\n|\n|t:|1700972443\n|move|p1a: Drapion|Toxic|p2a: Eelektross\n|-status|p2a: Eelektross|tox\n|move|p2a: Eelektross|Thunderbolt|p1a: Drapion\n|-damage|p1a: Drapion|0 fnt\n|faint|p1a: Drapion\n|\n|-damage|p2a: Eelektross|56\/100 tox|[from] psn\n|upkeep\n|\n|t:|1700972455\n|switch|p1a: Venusaur|Venusaur, F|100\/100\n|turn|8\n|\n|t:|1700972472\n|move|p1a: Venusaur|Leech Seed|p2a: Eelektross|[miss]\n|-miss|p1a: Venusaur|p2a: Eelektross\n|move|p2a: Eelektross|Flamethrower|p1a: Venusaur\n|-supereffective|p1a: Venusaur\n|-damage|p1a: Venusaur|49\/100\n|\n|-heal|p1a: Venusaur|55\/100|[from] item: Leftovers\n|-damage|p2a: Eelektross|44\/100 tox|[from] psn\n|upkeep\n|turn|9\n|\n|t:|1700972480\n|move|p1a: Venusaur|Giga Drain|p2a: Eelektross\n|-damage|p2a: Eelektross|5\/100 tox\n|-heal|p1a: Venusaur|79\/100|[from] drain|[of] p2a: Eelektross\n|move|p2a: Eelektross|Flamethrower|p1a: Venusaur\n|-supereffective|p1a: Venusaur\n|-damage|p1a: Venusaur|30\/100\n|\n|-heal|p1a: Venusaur|35\/100|[from] item: Leftovers\n|-damage|p2a: Eelektross|0 fnt|[from] psn\n|faint|p2a: Eelektross\n|upkeep\n|inactive|Hammer and Nail has 120 seconds left.\n|\n|t:|1700972518\n|switch|p2a: Skeledirge|Skeledirge, F|100\/100\n|turn|10\n|\n|t:|1700972524\n|move|p1a: Venusaur|Protect|p1a: Venusaur\n|-singleturn|p1a: Venusaur|Protect\n|move|p2a: Skeledirge|Torch Song|p1a: Venusaur\n|-activate|p1a: Venusaur|move: Protect\n|\n|-heal|p1a: Venusaur|41\/100|[from] item: Leftovers\n|upkeep\n|turn|11\n|\n|t:|1700972538\n|-terastallize|p1a: Venusaur|Dragon\n|move|p1a: Venusaur|Leech Seed|p2a: Skeledirge\n|-start|p2a: Skeledirge|move: Leech Seed\n|move|p2a: Skeledirge|Torch Song|p1a: Venusaur\n|-resisted|p1a: Venusaur\n|-damage|p1a: Venusaur|28\/100\n|-boost|p2a: Skeledirge|spa|1\n|\n|-heal|p1a: Venusaur|34\/100|[from] item: Leftovers\n|-damage|p2a: Skeledirge|88\/100|[from] Leech Seed|[of] p1a: Venusaur\n|-heal|p1a: Venusaur|51\/100|[silent]\n|upkeep\n|turn|12\n|\n|t:|1700972547\n|move|p1a: Venusaur|Protect|p1a: Venusaur\n|-singleturn|p1a: Venusaur|Protect\n|move|p2a: Skeledirge|Yawn|p1a: Venusaur\n|-activate|p1a: Venusaur|move: Protect\n|\n|-heal|p1a: Venusaur|57\/100|[from] item: Leftovers\n|-damage|p2a: Skeledirge|76\/100|[from] Leech Seed|[of] p1a: Venusaur\n|-heal|p1a: Venusaur|73\/100|[silent]\n|upkeep\n|turn|13\n|\n|t:|1700972554\n|move|p1a: Venusaur|Sludge Bomb|p2a: Skeledirge\n|-resisted|p2a: Skeledirge\n|-damage|p2a: Skeledirge|54\/100\n|move|p2a: Skeledirge|Yawn|p1a: Venusaur\n|-start|p1a: Venusaur|move: Yawn|[of] p2a: Skeledirge\n|\n|-heal|p1a: Venusaur|79\/100|[from] item: Leftovers\n|-damage|p2a: Skeledirge|41\/100|[from] Leech Seed|[of] p1a: Venusaur\n|-heal|p1a: Venusaur|96\/100|[silent]\n|upkeep\n|turn|14\n|\n|t:|1700972577\n|switch|p1a: Dragalge|Dragalge, F|100\/100\n|move|p2a: Skeledirge|Slack Off|p2a: Skeledirge\n|-heal|p2a: Skeledirge|91\/100\n|\n|-damage|p2a: Skeledirge|79\/100|[from] Leech Seed|[of] p1a: Dragalge\n|upkeep\n|turn|15\n|\n|t:|1700972583\n|switch|p2a: Ursaluna|Ursaluna, F|100\/100\n|move|p1a: Dragalge|Hydro Pump|p2a: Ursaluna\n|-supereffective|p2a: Ursaluna\n|-damage|p2a: Ursaluna|42\/100\n|\n|-status|p2a: Ursaluna|brn|[from] item: Flame Orb\n|upkeep\n|turn|16\n|\n|t:|1700972611\n|switch|p1a: Krookodile|Krookodile, M|100\/100\n|-ability|p1a: Krookodile|Intimidate|boost\n|-unboost|p2a: Ursaluna|atk|1\n|move|p2a: Ursaluna|Earthquake|p1a: Krookodile\n|-damage|p1a: Krookodile|39\/100\n|\n|-damage|p2a: Ursaluna|36\/100 brn|[from] brn\n|upkeep\n|turn|17\n|\n|t:|1700972625\n|move|p1a: Krookodile|Close Combat|p2a: Ursaluna\n|-supereffective|p2a: Ursaluna\n|-damage|p2a: Ursaluna|0 fnt\n|-unboost|p1a: Krookodile|def|1\n|-unboost|p1a: Krookodile|spd|1\n|faint|p2a: Ursaluna\n|\n|upkeep\n|\n|t:|1700972627\n|switch|p2a: Corviknight|Corviknight, F|69\/100\n|turn|18\n|\n|t:|1700972633\n|switch|p1a: Rotom|Rotom-Heat|100\/100\n|move|p2a: Corviknight|U-turn|p1a: Rotom\n|-resisted|p1a: Rotom\n|-damage|p1a: Rotom|93\/100\n|\n|t:|1700972647\n|switch|p2a: Muk|Muk, M|100\/100|[from] U-turn\n|\n|upkeep\n|turn|19\n|\n|t:|1700972652\n|move|p1a: Rotom|Will-O-Wisp|p2a: Muk\n|-status|p2a: Muk|brn\n|move|p2a: Muk|Curse|p2a: Muk\n|-unboost|p2a: Muk|spe|1\n|-boost|p2a: Muk|atk|1\n|-boost|p2a: Muk|def|1\n|\n|-damage|p2a: Muk|94\/100 brn|[from] brn\n|upkeep\n|turn|20\n|\n|t:|1700972659\n|move|p1a: Rotom|Volt Switch|p2a: Muk\n|-damage|p2a: Muk|75\/100 brn\n|\n|t:|1700972663\n|switch|p1a: Krookodile|Krookodile, M|39\/100|[from] Volt Switch\n|-ability|p1a: Krookodile|Intimidate|boost\n|-unboost|p2a: Muk|atk|1\n|move|p2a: Muk|Poison Jab|p1a: Krookodile\n|-resisted|p1a: Krookodile\n|-damage|p1a: Krookodile|32\/100\n|\n|-heal|p2a: Muk|81\/100 brn|[from] item: Black Sludge\n|-damage|p2a: Muk|75\/100 brn|[from] brn\n|upkeep\n|turn|21\n|\n|t:|1700972684\n|move|p1a: Krookodile|Power-Up Punch|p2a: Muk\n|-resisted|p2a: Muk\n|-damage|p2a: Muk|71\/100 brn\n|-boost|p1a: Krookodile|atk|1\n|move|p2a: Muk|Ice Punch|p1a: Krookodile\n|-supereffective|p1a: Krookodile\n|-damage|p1a: Krookodile|13\/100\n|\n|-heal|p2a: Muk|77\/100 brn|[from] item: Black Sludge\n|-damage|p2a: Muk|71\/100 brn|[from] brn\n|upkeep\n|turn|22\n|\n|t:|1700972690\n|move|p1a: Krookodile|Earthquake|p2a: Muk\n|-supereffective|p2a: Muk\n|-damage|p2a: Muk|0 fnt\n|faint|p2a: Muk\n|\n|upkeep\n|\n|t:|1700972695\n|switch|p2a: Primeape|Primeape, F|43\/100\n|turn|23\n|\n|t:|1700972705\n|move|p2a: Primeape|U-turn|p1a: Krookodile\n|-supereffective|p1a: Krookodile\n|-damage|p1a: Krookodile|0 fnt\n|faint|p1a: Krookodile\n|\n|t:|1700972723\n|switch|p2a: Skeledirge|Skeledirge, F|79\/100|[from] U-turn\n|\n|upkeep\n|\n|t:|1700972734\n|switch|p1a: Rotom|Rotom-Heat|93\/100\n|turn|24\n|\n|t:|1700972758\n|move|p1a: Rotom|Light Screen|p1a: Rotom\n|-sidestart|p1: Allkurin|move: Light Screen\n|move|p2a: Skeledirge|Yawn|p1a: Rotom\n|-start|p1a: Rotom|move: Yawn|[of] p2a: Skeledirge\n|\n|upkeep\n|turn|25\n|\n|t:|1700972761\n|move|p1a: Rotom|Volt Switch|p2a: Skeledirge\n|-damage|p2a: Skeledirge|43\/100\n|\n|t:|1700972765\n|switch|p1a: Venusaur|Venusaur, F, tera:Dragon|96\/100|[from] Volt Switch\n|move|p2a: Skeledirge|Torch Song|p1a: Venusaur\n|-resisted|p1a: Venusaur\n|-damage|p1a: Venusaur|89\/100\n|-boost|p2a: Skeledirge|spa|1\n|\n|-heal|p1a: Venusaur|95\/100|[from] item: Leftovers\n|upkeep\n|turn|26\n|inactive|Hammer and Nail has 120 seconds left.\n|\n|t:|1700972815\n|move|p1a: Venusaur|Leech Seed|p2a: Skeledirge\n|-start|p2a: Skeledirge|move: Leech Seed\n|move|p2a: Skeledirge|Slack Off|p2a: Skeledirge\n|-heal|p2a: Skeledirge|93\/100\n|\n|-heal|p1a: Venusaur|100\/100|[from] item: Leftovers\n|-damage|p2a: Skeledirge|80\/100|[from] Leech Seed|[of] p1a: Venusaur\n|upkeep\n|turn|27\n|\n|t:|1700972821\n|move|p1a: Venusaur|Protect|p1a: Venusaur\n|-singleturn|p1a: Venusaur|Protect\n|move|p2a: Skeledirge|Yawn|p1a: Venusaur\n|-activate|p1a: Venusaur|move: Protect\n|\n|-damage|p2a: Skeledirge|68\/100|[from] Leech Seed|[of] p1a: Venusaur\n|upkeep\n|turn|28\n|\n|t:|1700972827\n|move|p1a: Venusaur|Sludge Bomb|p2a: Skeledirge\n|-resisted|p2a: Skeledirge\n|-damage|p2a: Skeledirge|44\/100\n|-status|p2a: Skeledirge|psn\n|move|p2a: Skeledirge|Yawn|p1a: Venusaur\n|-start|p1a: Venusaur|move: Yawn|[of] p2a: Skeledirge\n|\n|-damage|p2a: Skeledirge|32\/100 psn|[from] Leech Seed|[of] p1a: Venusaur\n|-damage|p2a: Skeledirge|19\/100 psn|[from] psn\n|-sideend|p1: Allkurin|move: Light Screen\n|upkeep\n|turn|29\n|\n|t:|1700972837\n|switch|p1a: Rotom|Rotom-Heat|93\/100\n|move|p2a: Skeledirge|Slack Off|p2a: Skeledirge\n|-heal|p2a: Skeledirge|69\/100 psn\n|\n|-damage|p2a: Skeledirge|57\/100 psn|[from] Leech Seed|[of] p1a: Rotom\n|-heal|p1a: Rotom|100\/100|[silent]\n|-damage|p2a: Skeledirge|45\/100 psn|[from] psn\n|upkeep\n|turn|30\n|\n|t:|1700972842\n|move|p1a: Rotom|Light Screen|p1a: Rotom\n|-sidestart|p1: Allkurin|move: Light Screen\n|move|p2a: Skeledirge|Yawn|p1a: Rotom\n|-start|p1a: Rotom|move: Yawn|[of] p2a: Skeledirge\n|\n|-damage|p2a: Skeledirge|32\/100 psn|[from] Leech Seed|[of] p1a: Rotom\n|-damage|p2a: Skeledirge|20\/100 psn|[from] psn\n|upkeep\n|turn|31\n|\n|t:|1700972845\n|switch|p2a: Primeape|Primeape, F|43\/100\n|move|p1a: Rotom|Volt Switch|p2a: Primeape\n|-damage|p2a: Primeape|0 fnt\n|faint|p2a: Primeape\n|\n|t:|1700972853\n|switch|p1a: Venusaur|Venusaur, F, tera:Dragon|100\/100|[from] Volt Switch\n|\n|upkeep\n|\n|t:|1700972856\n|switch|p2a: Corviknight|Corviknight, F|69\/100\n|turn|32\n|\n|t:|1700972862\n|-terastallize|p2a: Corviknight|Flying\n|move|p1a: Venusaur|Leech Seed|p2a: Corviknight\n|-start|p2a: Corviknight|move: Leech Seed\n|move|p2a: Corviknight|Brave Bird|p1a: Venusaur\n|-damage|p1a: Venusaur|38\/100\n|-damage|p2a: Corviknight|54\/100|[from] Recoil\n|\n|-heal|p1a: Venusaur|44\/100|[from] item: Leftovers\n|-damage|p2a: Corviknight|41\/100|[from] Leech Seed|[of] p1a: Venusaur\n|-heal|p1a: Venusaur|61\/100|[silent]\n|upkeep\n|turn|33\n|\n|t:|1700972868\n|move|p1a: Venusaur|Protect|p1a: Venusaur\n|-singleturn|p1a: Venusaur|Protect\n|move|p2a: Corviknight|Brave Bird|p1a: Venusaur\n|-activate|p1a: Venusaur|move: Protect\n|\n|-heal|p1a: Venusaur|67\/100|[from] item: Leftovers\n|-damage|p2a: Corviknight|29\/100|[from] Leech Seed|[of] p1a: Venusaur\n|-heal|p1a: Venusaur|83\/100|[silent]\n|upkeep\n|turn|34\n|\n|t:|1700972877\n|move|p1a: Venusaur|Giga Drain|p2a: Corviknight\n|-resisted|p2a: Corviknight\n|-damage|p2a: Corviknight|12\/100\n|-heal|p1a: Venusaur|94\/100|[from] drain|[of] p2a: Corviknight\n|move|p2a: Corviknight|Brave Bird|p1a: Venusaur\n|-damage|p1a: Venusaur|32\/100\n|-damage|p2a: Corviknight|0 fnt|[from] Recoil\n|faint|p2a: Corviknight\n|\n|-heal|p1a: Venusaur|37\/100|[from] item: Leftovers\n|-sideend|p1: Allkurin|move: Light Screen\n|upkeep\n|\n|t:|1700972879\n|switch|p2a: Skeledirge|Skeledirge, F|20\/100 psn\n|turn|35\n|-message|Hammer and Nail forfeited.\n|\n|win|Allkurin\n|raw|Allkurin's rating: 1042 &rarr; <strong>1083<\/strong><br \/>(+41 for winning)\n|raw|Hammer and Nail's rating: 1120 &rarr; <strong>1089<\/strong><br \/>(-31 for losing)\n|l|\u2606Hammer and Nail\n","uploadtime":1700972903,"views":5,"p1id":"allkurin","p2id":"hammerandnail","formatid":"gen9nationaldex","rating":1083,"private":0,"password":""}