{"id":"gen9nationaldex-1990307734","p1":"Rankuroi","p2":"jackyjc21","format":"[Gen 9] National Dex","log":"|j|\u2606Rankuroi\n|j|\u2606jackyjc21\n|t:|1699954337\n|gametype|singles\n|player|p1|Rankuroi|erika|1202\n|player|p2|jackyjc21|benga|1300\n|teamsize|p1|6\n|teamsize|p2|6\n|gen|9\n|tier|[Gen 9] National Dex\n|rated|\n|rule|HP Percentage Mod: HP is shown in percentages\n|rule|Endless Battle Clause: Forcing endless battles is banned\n|rule|OHKO Clause: OHKO moves are banned\n|rule|Evasion Clause: Evasion abilities, items, and moves are banned\n|rule|Evasion Abilities Clause: Evasion abilities are banned\n|rule|Evasion Items Clause: Evasion items are banned\n|rule|Evasion Moves Clause: Evasion moves are banned\n|rule|Species Clause: Limit one of each Pok\u00e9mon\n|rule|Sleep Clause Mod: Limit one foe put to sleep\n|clearpoke\n|poke|p1|Victreebel, M|\n|poke|p1|Torkoal, M|\n|poke|p1|Seaking, M|\n|poke|p1|Octillery, F|\n|poke|p1|Spiritomb, M|\n|poke|p1|Sunflora, M|\n|poke|p2|Venusaur, M|\n|poke|p2|Bellibolt, F|\n|poke|p2|Greninja-*, M|\n|poke|p2|Politoed, M|\n|poke|p2|Poliwrath, F|\n|poke|p2|Toxicroak, M|\n|teampreview\n|inactive|Battle timer is ON: inactive players will automatically lose when time's up. (requested by Rankuroi)\n|\n|t:|1699954358\n|start\n|switch|p1a: Octillery|Octillery, F|100\/100\n|switch|p2a: Politoed|Politoed, M|100\/100\n|-weather|RainDance|[from] ability: Drizzle|[of] p2a: Politoed\n|turn|1\n|\n|t:|1699954365\n|move|p2a: Politoed|Toxic|p1a: Octillery\n|-status|p1a: Octillery|tox\n|move|p1a: Octillery|Surf|p2a: Politoed\n|-resisted|p2a: Politoed\n|-damage|p2a: Politoed|71\/100\n|\n|-weather|RainDance|[upkeep]\n|-damage|p1a: Octillery|94\/100 tox|[from] psn\n|upkeep\n|turn|2\n|\n|t:|1699954375\n|switch|p1a: Torkoal|Torkoal, M, shiny|100\/100\n|-weather|SunnyDay|[from] ability: Drought|[of] p1a: Torkoal\n|move|p2a: Politoed|Protect||[still]\n|-fail|p2a: Politoed\n|\n|-weather|SunnyDay|[upkeep]\n|upkeep\n|turn|3\n|\n|t:|1699954384\n|switch|p1a: Victreebel|Victreebel, M, shiny|100\/100\n|move|p2a: Politoed|Toxic|p1a: Victreebel\n|-immune|p1a: Victreebel\n|\n|-weather|SunnyDay|[upkeep]\n|upkeep\n|turn|4\n|\n|t:|1699954391\n|switch|p2a: Toxicroak|Toxicroak, M|100\/100\n|move|p1a: Victreebel|Growth|p1a: Victreebel\n|-boost|p1a: Victreebel|atk|2\n|-boost|p1a: Victreebel|spa|2\n|\n|-weather|SunnyDay|[upkeep]\n|-damage|p2a: Toxicroak|88\/100|[from] ability: Dry Skin|[of] p2a: Toxicroak\n|upkeep\n|turn|5\n|\n|t:|1699954402\n|move|p1a: Victreebel|Weather Ball|p2a: Toxicroak\n|-damage|p2a: Toxicroak|0 fnt\n|faint|p2a: Toxicroak\n|\n|-weather|SunnyDay|[upkeep]\n|upkeep\n|\n|t:|1699954413\n|switch|p2a: Venusaur|Venusaur, M|100\/100\n|turn|6\n|\n|t:|1699954421\n|-terastallize|p1a: Victreebel|Fire\n|move|p1a: Victreebel|Weather Ball|p2a: Venusaur\n|-supereffective|p2a: Venusaur\n|-damage|p2a: Venusaur|0 fnt\n|faint|p2a: Venusaur\n|\n|-weather|SunnyDay|[upkeep]\n|upkeep\n|\n|t:|1699954430\n|switch|p2a: Politoed|Politoed, M|71\/100\n|-weather|RainDance|[from] ability: Drizzle|[of] p2a: Politoed\n|turn|7\n|\n|t:|1699954435\n|move|p1a: Victreebel|Giga Drain|p2a: Politoed\n|-supereffective|p2a: Politoed\n|-damage|p2a: Politoed|0 fnt\n|faint|p2a: Politoed\n|\n|-weather|RainDance|[upkeep]\n|upkeep\n|\n|t:|1699954441\n|switch|p2a: Greninja|Greninja, M|100\/100\n|turn|8\n|\n|t:|1699954446\n|switch|p1a: Octillery|Octillery, F|94\/100 tox\n|move|p2a: Greninja|Hydro Pump|p1a: Octillery\n|-resisted|p1a: Octillery\n|-damage|p1a: Octillery|45\/100 tox\n|-damage|p2a: Greninja|91\/100|[from] item: Life Orb\n|\n|-weather|RainDance|[upkeep]\n|-damage|p1a: Octillery|39\/100 tox|[from] psn\n|upkeep\n|turn|9\n|\n|t:|1699954457\n|move|p2a: Greninja|Dark Pulse|p1a: Octillery\n|-damage|p1a: Octillery|0 fnt\n|faint|p1a: Octillery\n|-ability|p2a: Greninja|Battle Bond|boost\n|-boost|p2a: Greninja|atk|1\n|-boost|p2a: Greninja|spa|1\n|-boost|p2a: Greninja|spe|1\n|-activate|p2a: Greninja|ability: Battle Bond\n|-damage|p2a: Greninja|81\/100|[from] item: Life Orb\n|\n|-weather|RainDance|[upkeep]\n|upkeep\n|\n|t:|1699954469\n|switch|p1a: Seaking|Seaking, M|100\/100\n|turn|10\n|\n|t:|1699954476\n|move|p2a: Greninja|Dark Pulse|p1a: Seaking\n|-damage|p1a: Seaking|16\/100\n|-damage|p2a: Greninja|71\/100|[from] item: Life Orb\n|move|p1a: Seaking|Waterfall|p2a: Greninja\n|-resisted|p2a: Greninja\n|-damage|p2a: Greninja|10\/100\n|-damage|p1a: Seaking|6\/100|[from] item: Life Orb\n|\n|-weather|RainDance|[upkeep]\n|upkeep\n|turn|11\n|\n|t:|1699954486\n|move|p2a: Greninja|Water Shuriken|p1a: Seaking\n|-resisted|p1a: Seaking\n|-damage|p1a: Seaking|0 fnt\n|faint|p1a: Seaking\n|-hitcount|p1: Seaking|1\n|-damage|p2a: Greninja|0 fnt|[from] item: Life Orb\n|faint|p2a: Greninja\n|\n|-weather|RainDance|[upkeep]\n|upkeep\n|\n|t:|1699954497\n|switch|p2a: Bellibolt|Bellibolt, F|100\/100\n|switch|p1a: Sunflora|Sunflora, M, shiny|100\/100\n|turn|12\n|\n|t:|1699954505\n|move|p2a: Bellibolt|Volt Switch|p1a: Sunflora\n|-resisted|p1a: Sunflora\n|-damage|p1a: Sunflora|85\/100\n|\n|t:|1699954509\n|switch|p2a: Poliwrath|Poliwrath, F|100\/100|[from] Volt Switch\n|move|p1a: Sunflora|Earth Power|p2a: Poliwrath\n|-damage|p2a: Poliwrath|81\/100\n|\n|-weather|RainDance|[upkeep]\n|upkeep\n|turn|13\n|\n|t:|1699954519\n|move|p1a: Sunflora|Giga Drain|p2a: Poliwrath\n|-supereffective|p2a: Poliwrath\n|-damage|p2a: Poliwrath|37\/100\n|-heal|p1a: Sunflora|100\/100|[from] drain|[of] p2a: Poliwrath\n|move|p2a: Poliwrath|Circle Throw|p1a: Sunflora\n|-damage|p1a: Sunflora|66\/100\n|drag|p1a: Victreebel|Victreebel, M, shiny, tera:Fire|100\/100\n|\n|-weather|RainDance|[upkeep]\n|upkeep\n|turn|14\n|\n|t:|1699954530\n|move|p2a: Poliwrath|Waterfall|p1a: Victreebel\n|-supereffective|p1a: Victreebel\n|-enditem|p1a: Victreebel|Focus Sash\n|-damage|p1a: Victreebel|1\/100\n|move|p1a: Victreebel|Giga Drain|p2a: Poliwrath\n|-supereffective|p2a: Poliwrath\n|-damage|p2a: Poliwrath|0 fnt\n|-heal|p1a: Victreebel|22\/100|[from] drain|[of] p2a: Poliwrath\n|faint|p2a: Poliwrath\n|\n|-weather|none\n|upkeep\n|\n|t:|1699954541\n|switch|p2a: Bellibolt|Bellibolt, F|100\/100\n|turn|15\n|\n|t:|1699954546\n|switch|p1a: Torkoal|Torkoal, M, shiny|100\/100\n|-weather|SunnyDay|[from] ability: Drought|[of] p1a: Torkoal\n|move|p2a: Bellibolt|Thunderbolt|p1a: Torkoal\n|-damage|p1a: Torkoal|53\/100\n|\n|-weather|SunnyDay|[upkeep]\n|upkeep\n|turn|16\n|\n|t:|1699954555\n|switch|p1a: Sunflora|Sunflora, M, shiny|66\/100\n|move|p2a: Bellibolt|Thunderbolt|p1a: Sunflora\n|-resisted|p1a: Sunflora\n|-damage|p1a: Sunflora|45\/100\n|\n|-weather|SunnyDay|[upkeep]\n|-damage|p1a: Sunflora|32\/100|[from] ability: Solar Power|[of] p1a: Sunflora\n|upkeep\n|turn|17\n|\n|t:|1699954568\n|-terastallize|p2a: Bellibolt|Electric\n|move|p2a: Bellibolt|Thunderbolt|p1a: Sunflora\n|-resisted|p1a: Sunflora\n|-damage|p1a: Sunflora|7\/100\n|move|p1a: Sunflora|Earth Power|p2a: Bellibolt\n|-supereffective|p2a: Bellibolt\n|-damage|p2a: Bellibolt|23\/100\n|-enditem|p2a: Bellibolt|Sitrus Berry|[eat]\n|-heal|p2a: Bellibolt|48\/100|[from] item: Sitrus Berry\n|\n|-weather|SunnyDay|[upkeep]\n|-damage|p1a: Sunflora|0 fnt|[from] ability: Solar Power|[of] p1a: Sunflora\n|faint|p1a: Sunflora\n|upkeep\n|\n|t:|1699954582\n|switch|p1a: Victreebel|Victreebel, M, shiny, tera:Fire|22\/100\n|turn|18\n|\n|t:|1699954586\n|move|p1a: Victreebel|Weather Ball|p2a: Bellibolt\n|-damage|p2a: Bellibolt|0 fnt\n|faint|p2a: Bellibolt\n|\n|win|Rankuroi\n|raw|Rankuroi's rating: 1202 &rarr; <strong>1234<\/strong><br \/>(+32 for winning)\n|raw|jackyjc21's rating: 1300 &rarr; <strong>1268<\/strong><br \/>(-32 for losing)\n|l|\u2606jackyjc21\n","uploadtime":1699954597,"views":6,"p1id":"rankuroi","p2id":"jackyjc21","formatid":"gen9nationaldex","rating":1234,"private":0,"password":""}