{"id":"gen9nationaldex-1994629772","p1":"runeatest","p2":"Lajonnne","format":"[Gen 9] National Dex","log":"|html|<div class=\"broadcast-blue\"><strong>[Gen 9] National Dex is currently suspecting Sneasler! For information on how to participate check out the <a href=\"https:\/\/www.smogon.com\/forums\/threads\/sv-national-dex-suspect-8-just-dance.3731534\/\">suspect thread<\/a>.<\/strong><\/div>\n|j|\u2606runeatest\n|j|\u2606Lajonnne\n|t:|1700472197\n|gametype|singles\n|player|p1|runeatest|fisherman-gen4|1230\n|player|p2|Lajonnne|riley|1167\n|teamsize|p1|6\n|teamsize|p2|6\n|gen|9\n|tier|[Gen 9] National Dex\n|rated|\n|rule|HP Percentage Mod: HP is shown in percentages\n|rule|Endless Battle Clause: Forcing endless battles is banned\n|rule|OHKO Clause: OHKO moves are banned\n|rule|Evasion Clause: Evasion abilities, items, and moves are banned\n|rule|Evasion Abilities Clause: Evasion abilities are banned\n|rule|Evasion Items Clause: Evasion items are banned\n|rule|Evasion Moves Clause: Evasion moves are banned\n|rule|Species Clause: Limit one of each Pok\u00e9mon\n|rule|Sleep Clause Mod: Limit one foe put to sleep\n|clearpoke\n|poke|p1|Vaporeon, M|\n|poke|p1|Salamence, M|\n|poke|p1|Hitmontop, M|\n|poke|p1|Electivire, M|\n|poke|p1|Togekiss, M|\n|poke|p1|Houndoom, M|\n|poke|p2|Blissey, F|\n|poke|p2|Buzzwole|\n|poke|p2|Overqwil, M|\n|poke|p2|Shuckle, M|\n|poke|p2|Urshifu-*, M|\n|poke|p2|Kingdra, M|\n|teampreview\n|inactive|Battle timer is ON: inactive players will automatically lose when time's up. (requested by runeatest)\n|inactive|Lajonnne has 120 seconds left.\n|\n|t:|1700472253\n|start\n|switch|p1a: Salamence|Salamence, M|100\/100\n|switch|p2a: kitra|Urshifu-Rapid-Strike, M|100\/100\n|-ability|p1a: Salamence|Intimidate|boost\n|-unboost|p2a: kitra|atk|1\n|turn|1\n|inactive|runeatest has 120 seconds left.\n|c|\u2606Lajonnne|Hello ?\n|c|\u2606Lajonnne|am i lagging again?\n|c|\u2606Lajonnne|or just you thinking or smt\n|inactive|runeatest has 90 seconds left.\n|\n|t:|1700472313\n|move|p2a: kitra|Ice Spinner|p1a: Salamence\n|-supereffective|p1a: Salamence\n|-damage|p1a: Salamence|0 fnt\n|faint|p1a: Salamence\n|\n|upkeep\n|c|\u2606Lajonnne|oh\n|inactive|runeatest has 90 seconds left.\n|\n|t:|1700472320\n|switch|p1a: Vaporeon|Vaporeon, M|100\/100\n|turn|2\n|\n|t:|1700472332\n|switch|p2a: pleasedie|Shuckle, M, shiny|100\/100\n|move|p1a: Vaporeon|Hidden Power|p2a: pleasedie\n|-damage|p2a: pleasedie|86\/100\n|\n|-heal|p2a: pleasedie|92\/100|[from] item: Leftovers\n|upkeep\n|turn|3\n|\n|t:|1700472341\n|switch|p1a: Hitmontop|Hitmontop, M|100\/100\n|move|p2a: pleasedie|Stealth Rock|p1a: Hitmontop\n|-sidestart|p1: runeatest|move: Stealth Rock\n|\n|-heal|p2a: pleasedie|98\/100|[from] item: Leftovers\n|upkeep\n|turn|4\n|\n|t:|1700472350\n|switch|p2a: Draking|Kingdra, M|100\/100\n|move|p1a: Hitmontop|Rapid Spin|p2a: Draking\n|-damage|p2a: Draking|74\/100\n|-boost|p1a: Hitmontop|spe|1\n|-sideend|p1: runeatest|Stealth Rock|[from] move: Rapid Spin|[of] p1a: Hitmontop\n|\n|upkeep\n|turn|5\n|\n|t:|1700472358\n|switch|p1a: Togekiss|Togekiss, M, shiny|100\/100\n|move|p2a: Draking|Draco Meteor|p1a: Togekiss\n|-immune|p1a: Togekiss\n|\n|upkeep\n|turn|6\n|inactive|runeatest has 120 seconds left.\n|\n|t:|1700472370\n|switch|p2a: kitra|Urshifu-Rapid-Strike, M|100\/100\n|move|p1a: Togekiss|Thunder Wave|p2a: kitra|[miss]\n|-miss|p1a: Togekiss|p2a: kitra\n|\n|upkeep\n|turn|7\n|\n|t:|1700472377\n|move|p2a: kitra|Ice Spinner|p1a: Togekiss\n|-supereffective|p1a: Togekiss\n|-damage|p1a: Togekiss|33\/100\n|move|p1a: Togekiss|Air Slash|p2a: kitra\n|-supereffective|p2a: kitra\n|-damage|p2a: kitra|0 fnt\n|faint|p2a: kitra\n|\n|upkeep\n|\n|t:|1700472388\n|switch|p2a: angryish|Overqwil, M, shiny|100\/100\n|-ability|p2a: angryish|Intimidate|boost\n|-unboost|p1a: Togekiss|atk|1\n|turn|8\n|\n|t:|1700472394\n|switch|p1a: Vaporeon|Vaporeon, M|100\/100\n|move|p2a: angryish|Aqua Jet|p1a: Vaporeon\n|-immune|p1a: Vaporeon|[from] ability: Water Absorb\n|\n|upkeep\n|turn|9\n|\n|t:|1700472402\n|move|p2a: angryish|Crunch|p1a: Vaporeon\n|-damage|p1a: Vaporeon|63\/100\n|move|p1a: Vaporeon|Hydro Pump|p2a: angryish\n|-damage|p2a: angryish|17\/100\n|-enditem|p2a: angryish|Salac Berry|[eat]\n|-boost|p2a: angryish|spe|1|[from] item: Salac Berry\n|\n|-heal|p1a: Vaporeon|69\/100|[from] item: Leftovers\n|upkeep\n|turn|10\n|\n|t:|1700472412\n|move|p2a: angryish|Crunch|p1a: Vaporeon\n|-damage|p1a: Vaporeon|29\/100\n|move|p1a: Vaporeon|Ice Beam|p2a: angryish\n|-damage|p2a: angryish|0 fnt\n|faint|p2a: angryish\n|\n|-heal|p1a: Vaporeon|35\/100|[from] item: Leftovers\n|upkeep\n|\n|t:|1700472419\n|switch|p2a: Bulkycity|Buzzwole, shiny|100\/100\n|turn|11\n|\n|t:|1700472429\n|switch|p1a: Togekiss|Togekiss, M, shiny|33\/100\n|-terastallize|p2a: Bulkycity|Bug\n|move|p2a: Bulkycity|Fell Stinger|p1a: Togekiss\n|-resisted|p1a: Togekiss\n|-damage|p1a: Togekiss|23\/100\n|\n|upkeep\n|turn|12\n|\n|t:|1700472440\n|switch|p2a: Eggaro|Blissey, F|100\/100\n|move|p1a: Togekiss|Roost|p1a: Togekiss\n|-heal|p1a: Togekiss|73\/100\n|-singleturn|p1a: Togekiss|move: Roost\n|\n|upkeep\n|turn|13\n|\n|t:|1700472447\n|move|p1a: Togekiss|Thunder Wave|p2a: Eggaro\n|-status|p2a: Eggaro|par\n|move|p2a: Eggaro|Toxic|p1a: Togekiss\n|-status|p1a: Togekiss|tox\n|-enditem|p1a: Togekiss|Lum Berry|[eat]\n|-curestatus|p1a: Togekiss|tox|[msg]\n|\n|upkeep\n|turn|14\n|\n|t:|1700472457\n|move|p1a: Togekiss|Air Slash|p2a: Eggaro\n|-damage|p2a: Eggaro|86\/100 par\n|move|p2a: Eggaro|Wish|p2a: Eggaro\n|\n|-heal|p2a: Eggaro|92\/100 par|[from] item: Leftovers\n|upkeep\n|turn|15\n|\n|t:|1700472465\n|-curestatus|p2a: Eggaro|par|[from] ability: Natural Cure\n|switch|p2a: Draking|Kingdra, M|74\/100\n|move|p1a: Togekiss|Dazzling Gleam|p2a: Draking\n|-supereffective|p2a: Draking\n|-damage|p2a: Draking|0 fnt\n|faint|p2a: Draking\n|\n|upkeep\n|c|\u2606Lajonnne|oof\n|c|\u2606Lajonnne|smart?\n|\n|t:|1700472487\n|switch|p2a: Eggaro|Blissey, F|92\/100\n|turn|16\n|\n|t:|1700472492\n|move|p1a: Togekiss|Thunder Wave|p2a: Eggaro\n|-status|p2a: Eggaro|par\n|move|p2a: Eggaro|Seismic Toss|p1a: Togekiss\n|-damage|p1a: Togekiss|41\/100\n|\n|-heal|p2a: Eggaro|98\/100 par|[from] item: Leftovers\n|upkeep\n|turn|17\n|\n|t:|1700472503\n|move|p1a: Togekiss|Roost|p1a: Togekiss\n|-heal|p1a: Togekiss|91\/100\n|-singleturn|p1a: Togekiss|move: Roost\n|move|p2a: Eggaro|Seismic Toss|p1a: Togekiss\n|-damage|p1a: Togekiss|59\/100\n|\n|-heal|p2a: Eggaro|100\/100 par|[from] item: Leftovers\n|upkeep\n|turn|18\n|\n|t:|1700472518\n|move|p1a: Togekiss|Air Slash|p2a: Eggaro\n|-damage|p2a: Eggaro|86\/100 par\n|cant|p2a: Eggaro|flinch\n|\n|-heal|p2a: Eggaro|92\/100 par|[from] item: Leftovers\n|upkeep\n|turn|19\n|\n|t:|1700472524\n|move|p1a: Togekiss|Air Slash|p2a: Eggaro\n|-damage|p2a: Eggaro|80\/100 par\n|cant|p2a: Eggaro|flinch\n|\n|-heal|p2a: Eggaro|86\/100 par|[from] item: Leftovers\n|upkeep\n|turn|20\n|\n|t:|1700472530\n|move|p1a: Togekiss|Air Slash|p2a: Eggaro\n|-damage|p2a: Eggaro|72\/100 par\n|cant|p2a: Eggaro|flinch\n|\n|-heal|p2a: Eggaro|78\/100 par|[from] item: Leftovers\n|upkeep\n|turn|21\n|\n|t:|1700472537\n|move|p1a: Togekiss|Air Slash|p2a: Eggaro\n|-damage|p2a: Eggaro|64\/100 par\n|move|p2a: Eggaro|Toxic|p1a: Togekiss\n|-status|p1a: Togekiss|tox\n|\n|-heal|p2a: Eggaro|70\/100 par|[from] item: Leftovers\n|-damage|p1a: Togekiss|52\/100 tox|[from] psn\n|upkeep\n|turn|22\n|\n|t:|1700472545\n|move|p1a: Togekiss|Roost|p1a: Togekiss\n|-heal|p1a: Togekiss|100\/100 tox\n|-singleturn|p1a: Togekiss|move: Roost\n|move|p2a: Eggaro|Wish|p2a: Eggaro\n|\n|-heal|p2a: Eggaro|77\/100 par|[from] item: Leftovers\n|-damage|p1a: Togekiss|88\/100 tox|[from] psn\n|upkeep\n|turn|23\n|\n|t:|1700472553\n|switch|p1a: Vaporeon|Vaporeon, M|35\/100\n|move|p2a: Eggaro|Seismic Toss|p1a: Vaporeon\n|-damage|p1a: Vaporeon|10\/100\n|\n|-heal|p2a: Eggaro|100\/100 par|[from] move: Wish|[wisher] Eggaro\n|-heal|p1a: Vaporeon|16\/100|[from] item: Leftovers\n|upkeep\n|turn|24\n|\n|t:|1700472563\n|switch|p1a: Togekiss|Togekiss, M, shiny|88\/100 tox\n|-curestatus|p2a: Eggaro|par|[from] ability: Natural Cure\n|switch|p2a: Bulkycity|Buzzwole, shiny, tera:Bug|100\/100\n|\n|-damage|p1a: Togekiss|82\/100 tox|[from] psn\n|upkeep\n|turn|25\n|\n|t:|1700472572\n|switch|p2a: Eggaro|Blissey, F|100\/100\n|move|p1a: Togekiss|Thunder Wave|p2a: Eggaro\n|-status|p2a: Eggaro|par\n|\n|-damage|p1a: Togekiss|70\/100 tox|[from] psn\n|upkeep\n|turn|26\n|\n|t:|1700472580\n|switch|p1a: Vaporeon|Vaporeon, M|16\/100\n|move|p2a: Eggaro|Protect||[still]\n|-fail|p2a: Eggaro\n|\n|-heal|p1a: Vaporeon|23\/100|[from] item: Leftovers\n|upkeep\n|turn|27\n|\n|t:|1700472587\n|move|p1a: Vaporeon|Heal Bell|p1a: Vaporeon\n|-activate|p1a: Vaporeon|move: Heal Bell\n|-curestatus|p1: Togekiss|tox|[msg]\n|cant|p2a: Eggaro|par\n|\n|-heal|p1a: Vaporeon|29\/100|[from] item: Leftovers\n|upkeep\n|turn|28\n|\n|t:|1700472603\n|switch|p1a: Hitmontop|Hitmontop, M|100\/100\n|-curestatus|p2a: Eggaro|par|[from] ability: Natural Cure\n|switch|p2a: Bulkycity|Buzzwole, shiny, tera:Bug|100\/100\n|\n|upkeep\n|turn|29\n|\n|t:|1700472611\n|move|p1a: Hitmontop|Fake Out|p2a: Bulkycity\n|-damage|p2a: Bulkycity|88\/100\n|cant|p2a: Bulkycity|flinch\n|\n|upkeep\n|turn|30\n|\n|t:|1700472615\n|switch|p1a: Togekiss|Togekiss, M, shiny|70\/100\n|move|p2a: Bulkycity|Fell Stinger|p1a: Togekiss\n|-resisted|p1a: Togekiss\n|-damage|p1a: Togekiss|59\/100\n|\n|upkeep\n|turn|31\n|\n|t:|1700472621\n|switch|p2a: Eggaro|Blissey, F|100\/100\n|move|p1a: Togekiss|Roost|p1a: Togekiss\n|-heal|p1a: Togekiss|100\/100\n|-singleturn|p1a: Togekiss|move: Roost\n|\n|upkeep\n|turn|32\n|\n|t:|1700472628\n|move|p1a: Togekiss|Thunder Wave|p2a: Eggaro\n|-status|p2a: Eggaro|par\n|move|p2a: Eggaro|Toxic|p1a: Togekiss\n|-status|p1a: Togekiss|tox\n|\n|-damage|p1a: Togekiss|94\/100 tox|[from] psn\n|upkeep\n|turn|33\n|\n|t:|1700472636\n|switch|p1a: Hitmontop|Hitmontop, M|100\/100\n|move|p2a: Eggaro|Seismic Toss|p1a: Hitmontop\n|-damage|p1a: Hitmontop|59\/100\n|\n|upkeep\n|turn|34\n|\n|t:|1700472643\n|-curestatus|p2a: Eggaro|par|[from] ability: Natural Cure\n|switch|p2a: pleasedie|Shuckle, M, shiny|98\/100\n|move|p1a: Hitmontop|High Jump Kick|p2a: pleasedie|[miss]\n|-miss|p1a: Hitmontop|p2a: pleasedie\n|-damage|p1a: Hitmontop|9\/100|[from] highjumpkick\n|\n|-heal|p2a: pleasedie|100\/100|[from] item: Leftovers\n|upkeep\n|turn|35\n|c|\u2606Lajonnne|tough\n|\n|t:|1700472655\n|switch|p1a: Houndoom|Houndoom, M|100\/100\n|switch|p2a: Bulkycity|Buzzwole, shiny, tera:Bug|88\/100\n|\n|upkeep\n|turn|36\n|\n|t:|1700472669\n|move|p2a: Bulkycity|Earthquake|p1a: Houndoom\n|-supereffective|p1a: Houndoom\n|-enditem|p1a: Houndoom|Focus Sash\n|-damage|p1a: Houndoom|1\/100\n|move|p1a: Houndoom|Flamethrower|p2a: Bulkycity\n|-supereffective|p2a: Bulkycity\n|-damage|p2a: Bulkycity|0 fnt\n|faint|p2a: Bulkycity\n|\n|upkeep\n|\n|t:|1700472680\n|switch|p2a: pleasedie|Shuckle, M, shiny|100\/100\n|turn|37\n|\n|t:|1700472685\n|switch|p1a: Electivire|Electivire, M, shiny|100\/100\n|-item|p1a: Electivire|Air Balloon\n|switch|p2a: Eggaro|Blissey, F|100\/100\n|\n|upkeep\n|turn|38\n|\n|t:|1700472693\n|switch|p1a: Vaporeon|Vaporeon, M|29\/100\n|move|p2a: Eggaro|Toxic|p1a: Vaporeon\n|-status|p1a: Vaporeon|tox\n|\n|-heal|p1a: Vaporeon|35\/100 tox|[from] item: Leftovers\n|-damage|p1a: Vaporeon|29\/100 tox|[from] psn\n|upkeep\n|turn|39\n|\n|t:|1700472702\n|move|p1a: Vaporeon|Heal Bell|p1a: Vaporeon\n|-activate|p1a: Vaporeon|move: Heal Bell\n|-curestatus|p1a: Vaporeon|tox|[msg]\n|-curestatus|p1: Togekiss|tox|[msg]\n|move|p2a: Eggaro|Seismic Toss|p1a: Vaporeon\n|-damage|p1a: Vaporeon|4\/100\n|\n|-heal|p1a: Vaporeon|10\/100|[from] item: Leftovers\n|upkeep\n|turn|40\n|\n|t:|1700472714\n|switch|p1a: Houndoom|Houndoom, M|1\/100\n|move|p2a: Eggaro|Seismic Toss|p1a: Houndoom\n|-damage|p1a: Houndoom|0 fnt\n|faint|p1a: Houndoom\n|\n|upkeep\n|\n|t:|1700472720\n|switch|p1a: Hitmontop|Hitmontop, M|9\/100\n|turn|41\n|\n|t:|1700472724\n|switch|p2a: pleasedie|Shuckle, M, shiny|100\/100\n|move|p1a: Hitmontop|Fake Out|p2a: pleasedie\n|-resisted|p2a: pleasedie\n|-damage|p2a: pleasedie|94\/100\n|\n|-heal|p2a: pleasedie|100\/100|[from] item: Leftovers\n|upkeep\n|turn|42\n|\n|t:|1700472733\n|switch|p2a: Eggaro|Blissey, F|100\/100\n|move|p1a: Hitmontop|High Jump Kick|p2a: Eggaro\n|-supereffective|p2a: Eggaro\n|-damage|p2a: Eggaro|2\/100\n|\n|-heal|p2a: Eggaro|8\/100|[from] item: Leftovers\n|upkeep\n|turn|43\n|\n|t:|1700472740\n|switch|p2a: pleasedie|Shuckle, M, shiny|100\/100\n|move|p1a: Hitmontop|High Jump Kick|p2a: pleasedie\n|-damage|p2a: pleasedie|61\/100\n|\n|-heal|p2a: pleasedie|67\/100|[from] item: Leftovers\n|upkeep\n|turn|44\n|\n|t:|1700472752\n|move|p2a: pleasedie|Protect|p2a: pleasedie\n|-singleturn|p2a: pleasedie|Protect\n|move|p1a: Hitmontop|High Jump Kick|p2a: pleasedie\n|-activate|p2a: pleasedie|move: Protect\n|-damage|p1a: Hitmontop|0 fnt|[from] highjumpkick\n|faint|p1a: Hitmontop\n|\n|-heal|p2a: pleasedie|73\/100|[from] item: Leftovers\n|upkeep\n|\n|t:|1700472761\n|switch|p1a: Vaporeon|Vaporeon, M|10\/100\n|turn|45\n|\n|t:|1700472764\n|move|p1a: Vaporeon|Hydro Pump|p2a: pleasedie\n|-supereffective|p2a: pleasedie\n|-damage|p2a: pleasedie|0 fnt\n|faint|p2a: pleasedie\n|\n|-heal|p1a: Vaporeon|16\/100|[from] item: Leftovers\n|upkeep\n|\n|t:|1700472770\n|switch|p2a: Eggaro|Blissey, F|8\/100\n|turn|46\n|\n|t:|1700472774\n|move|p2a: Eggaro|Protect|p2a: Eggaro\n|-singleturn|p2a: Eggaro|Protect\n|move|p1a: Vaporeon|Ice Beam|p2a: Eggaro\n|-activate|p2a: Eggaro|move: Protect\n|\n|-heal|p1a: Vaporeon|23\/100|[from] item: Leftovers\n|-heal|p2a: Eggaro|14\/100|[from] item: Leftovers\n|upkeep\n|turn|47\n|\n|t:|1700472786\n|move|p1a: Vaporeon|Hydro Pump|p2a: Eggaro|[miss]\n|-miss|p1a: Vaporeon|p2a: Eggaro\n|move|p2a: Eggaro|Seismic Toss|p1a: Vaporeon\n|-damage|p1a: Vaporeon|0 fnt\n|faint|p1a: Vaporeon\n|\n|-heal|p2a: Eggaro|20\/100|[from] item: Leftovers\n|upkeep\n|\n|t:|1700472794\n|switch|p1a: Togekiss|Togekiss, M, shiny|94\/100\n|turn|48\n|\n|t:|1700472798\n|move|p1a: Togekiss|Air Slash|p2a: Eggaro\n|-damage|p2a: Eggaro|7\/100\n|cant|p2a: Eggaro|flinch\n|\n|-heal|p2a: Eggaro|13\/100|[from] item: Leftovers\n|upkeep\n|turn|49\n|\n|t:|1700472804\n|move|p2a: Eggaro|Protect|p2a: Eggaro\n|-singleturn|p2a: Eggaro|Protect\n|move|p1a: Togekiss|Air Slash|p2a: Eggaro\n|-activate|p2a: Eggaro|move: Protect\n|\n|-heal|p2a: Eggaro|19\/100|[from] item: Leftovers\n|upkeep\n|turn|50\n|\n|t:|1700472811\n|move|p1a: Togekiss|Air Slash|p2a: Eggaro\n|-damage|p2a: Eggaro|7\/100\n|move|p2a: Eggaro|Wish|p2a: Eggaro\n|\n|-heal|p2a: Eggaro|13\/100|[from] item: Leftovers\n|upkeep\n|turn|51\n|\n|t:|1700472822\n|move|p2a: Eggaro|Protect|p2a: Eggaro\n|-singleturn|p2a: Eggaro|Protect\n|move|p1a: Togekiss|Thunder Wave|p2a: Eggaro\n|-activate|p2a: Eggaro|move: Protect\n|\n|-heal|p2a: Eggaro|63\/100|[from] move: Wish|[wisher] Eggaro\n|-heal|p2a: Eggaro|69\/100|[from] item: Leftovers\n|upkeep\n|turn|52\n|\n|t:|1700472830\n|move|p1a: Togekiss|Thunder Wave|p2a: Eggaro\n|-status|p2a: Eggaro|par\n|move|p2a: Eggaro|Toxic|p1a: Togekiss\n|-status|p1a: Togekiss|tox\n|\n|-heal|p2a: Eggaro|75\/100 par|[from] item: Leftovers\n|-damage|p1a: Togekiss|88\/100 tox|[from] psn\n|upkeep\n|turn|53\n|\n|t:|1700472838\n|move|p1a: Togekiss|Air Slash|p2a: Eggaro\n|-damage|p2a: Eggaro|61\/100 par\n|move|p2a: Eggaro|Wish|p2a: Eggaro\n|\n|-heal|p2a: Eggaro|67\/100 par|[from] item: Leftovers\n|-damage|p1a: Togekiss|76\/100 tox|[from] psn\n|upkeep\n|turn|54\n|\n|t:|1700472845\n|move|p2a: Eggaro|Protect|p2a: Eggaro\n|-singleturn|p2a: Eggaro|Protect\n|move|p1a: Togekiss|Air Slash|p2a: Eggaro\n|-activate|p2a: Eggaro|move: Protect\n|\n|-heal|p2a: Eggaro|100\/100 par|[from] move: Wish|[wisher] Eggaro\n|-damage|p1a: Togekiss|58\/100 tox|[from] psn\n|upkeep\n|turn|55\n|\n|t:|1700472853\n|move|p1a: Togekiss|Air Slash|p2a: Eggaro\n|-damage|p2a: Eggaro|87\/100 par\n|cant|p2a: Eggaro|flinch\n|\n|-heal|p2a: Eggaro|93\/100 par|[from] item: Leftovers\n|-damage|p1a: Togekiss|34\/100 tox|[from] psn\n|upkeep\n|turn|56\n|\n|t:|1700472862\n|move|p1a: Togekiss|Air Slash|p2a: Eggaro\n|-damage|p2a: Eggaro|80\/100 par\n|move|p2a: Eggaro|Toxic|p1a: Togekiss\n|-fail|p1a: Togekiss|tox\n|\n|-heal|p2a: Eggaro|86\/100 par|[from] item: Leftovers\n|-damage|p1a: Togekiss|3\/100 tox|[from] psn\n|upkeep\n|turn|57\n|j| Aze01\n|\n|t:|1700472869\n|move|p1a: Togekiss|Air Slash|p2a: Eggaro\n|-damage|p2a: Eggaro|72\/100 par\n|cant|p2a: Eggaro|par\n|\n|-heal|p2a: Eggaro|79\/100 par|[from] item: Leftovers\n|-damage|p1a: Togekiss|0 fnt|[from] psn\n|faint|p1a: Togekiss\n|upkeep\n|l| Aze01\n|\n|t:|1700472877\n|switch|p1a: Electivire|Electivire, M, shiny|100\/100\n|-item|p1a: Electivire|Air Balloon\n|turn|58\n|\n|t:|1700472881\n|-terastallize|p1a: Electivire|Ground\n|move|p1a: Electivire|Earthquake|p2a: Eggaro\n|-damage|p2a: Eggaro|33\/100 par\n|move|p2a: Eggaro|Toxic|p1a: Electivire\n|-status|p1a: Electivire|tox\n|\n|-heal|p2a: Eggaro|39\/100 par|[from] item: Leftovers\n|-damage|p1a: Electivire|94\/100 tox|[from] psn\n|upkeep\n|turn|59\n|\n|t:|1700472893\n|move|p2a: Eggaro|Protect|p2a: Eggaro\n|-singleturn|p2a: Eggaro|Protect\n|move|p1a: Electivire|Earthquake|p2a: Eggaro\n|-activate|p2a: Eggaro|move: Protect\n|\n|-heal|p2a: Eggaro|46\/100 par|[from] item: Leftovers\n|-damage|p1a: Electivire|82\/100 tox|[from] psn\n|upkeep\n|turn|60\n|\n|t:|1700472901\n|move|p1a: Electivire|Earthquake|p2a: Eggaro\n|-damage|p2a: Eggaro|0 fnt\n|faint|p2a: Eggaro\n|\n|win|runeatest\n|raw|runeatest's rating: 1230 &rarr; <strong>1251<\/strong><br \/>(+21 for winning)\n|raw|Lajonnne's rating: 1167 &rarr; <strong>1146<\/strong><br \/>(-21 for losing)\n|c|\u2606runeatest|S T U P I D !\n|c|\u2606Lajonnne|GG\n|c|\u2606Lajonnne|I  K N O W\n","uploadtime":1700472916,"views":26,"p1id":"runeatest","p2id":"lajonnne","formatid":"gen9nationaldex","rating":1146,"private":0,"password":""}