{"id":"gen9nationaldex-1987864837","p1":"AjoFC","p2":"APBIOgod","format":"[Gen 9] National Dex","log":"|j|\u2606AjoFC\n|j|\u2606APBIOgod\n|t:|1699643941\n|gametype|singles\n|player|p1|AjoFC|cynthia-gen4|1252\n|player|p2|APBIOgod|1|1389\n|teamsize|p1|6\n|teamsize|p2|6\n|gen|9\n|tier|[Gen 9] National Dex\n|rated|\n|rule|HP Percentage Mod: HP is shown in percentages\n|rule|Endless Battle Clause: Forcing endless battles is banned\n|rule|OHKO Clause: OHKO moves are banned\n|rule|Evasion Clause: Evasion abilities, items, and moves are banned\n|rule|Evasion Abilities Clause: Evasion abilities are banned\n|rule|Evasion Items Clause: Evasion items are banned\n|rule|Evasion Moves Clause: Evasion moves are banned\n|rule|Species Clause: Limit one of each Pok\u00e9mon\n|rule|Sleep Clause Mod: Limit one foe put to sleep\n|clearpoke\n|poke|p1|Dondozo, M|\n|poke|p1|Maushold-Four|\n|poke|p1|Iron Valiant|\n|poke|p1|Iron Moth|\n|poke|p1|Sinistcha|\n|poke|p1|Garganacl, M|\n|poke|p2|Clodsire, F|\n|poke|p2|Iron Valiant|\n|poke|p2|Corviknight, M|\n|poke|p2|Garganacl, F|\n|poke|p2|Lopunny, F|\n|poke|p2|Tapu Koko|\n|teampreview\n|inactive|Battle timer is ON: inactive players will automatically lose when time's up. (requested by AjoFC)\n|\n|t:|1699643949\n|start\n|switch|p1a: Ratoncicos|Maushold-Four|100\/100\n|switch|p2a: Tapu Koko|Tapu Koko|100\/100\n|-fieldstart|move: Electric Terrain|[from] ability: Electric Surge|[of] p2a: Tapu Koko\n|turn|1\n|\n|t:|1699643958\n|move|p2a: Tapu Koko|Thunderbolt|p1a: Ratoncicos\n|-damage|p1a: Ratoncicos|21\/100\n|move|p1a: Ratoncicos|Tidy Up|p1a: Ratoncicos\n|-boost|p1a: Ratoncicos|atk|1\n|-boost|p1a: Ratoncicos|spe|1\n|\n|upkeep\n|turn|2\n|\n|t:|1699643969\n|move|p2a: Tapu Koko|Thunderbolt|p1a: Ratoncicos\n|-damage|p1a: Ratoncicos|0 fnt\n|faint|p1a: Ratoncicos\n|\n|upkeep\n|\n|t:|1699643976\n|switch|p1a: Axil|Garganacl, M|100\/100\n|turn|3\n|\n|t:|1699643998\n|switch|p2a: Garganacl|Garganacl, F|100\/100\n|move|p1a: Axil|Salt Cure|p2a: Garganacl\n|-damage|p2a: Garganacl|92\/100\n|-start|p2a: Garganacl|Salt Cure\n|\n|-heal|p2a: Garganacl|98\/100|[from] item: Leftovers\n|-damage|p2a: Garganacl|86\/100|[from] Salt Cure\n|upkeep\n|turn|4\n|\n|t:|1699644011\n|move|p2a: Garganacl|Iron Defense|p2a: Garganacl\n|-boost|p2a: Garganacl|def|2\n|move|p1a: Axil|Earthquake|p2a: Garganacl\n|-supereffective|p2a: Garganacl\n|-damage|p2a: Garganacl|70\/100\n|\n|-heal|p2a: Garganacl|76\/100|[from] item: Leftovers\n|-damage|p2a: Garganacl|64\/100|[from] Salt Cure\n|upkeep\n|turn|5\n|\n|t:|1699644030\n|switch|p1a: Sinistcha|Sinistcha|100\/100\n|move|p2a: Garganacl|Body Press|p1a: Sinistcha\n|-immune|p1a: Sinistcha\n|\n|-heal|p2a: Garganacl|70\/100|[from] item: Leftovers\n|-damage|p2a: Garganacl|58\/100|[from] Salt Cure\n|-fieldend|move: Electric Terrain\n|upkeep\n|turn|6\n|\n|t:|1699644041\n|switch|p2a: APBIOclod|Clodsire, F|100\/100\n|move|p1a: Sinistcha|Matcha Gotcha|p2a: APBIOclod\n|-damage|p2a: APBIOclod|85\/100\n|\n|-heal|p2a: APBIOclod|91\/100|[from] item: Leftovers\n|upkeep\n|turn|7\n|\n|t:|1699644066\n|move|p1a: Sinistcha|Strength Sap|p2a: APBIOclod\n|-unboost|p2a: APBIOclod|atk|1\n|move|p2a: APBIOclod|Stealth Rock|p1a: Sinistcha\n|-sidestart|p1: AjoFC|move: Stealth Rock\n|\n|-heal|p2a: APBIOclod|97\/100|[from] item: Leftovers\n|upkeep\n|turn|8\n|inactive|AjoFC has 120 seconds left.\n|\n|t:|1699644083\n|move|p1a: Sinistcha|Calm Mind|p1a: Sinistcha\n|-boost|p1a: Sinistcha|spa|1\n|-boost|p1a: Sinistcha|spd|1\n|move|p2a: APBIOclod|Toxic|p1a: Sinistcha\n|-status|p1a: Sinistcha|tox\n|\n|-heal|p2a: APBIOclod|100\/100|[from] item: Leftovers\n|-damage|p1a: Sinistcha|94\/100 tox|[from] psn\n|upkeep\n|turn|9\n|inactive|AjoFC has 120 seconds left.\n|\n|t:|1699644095\n|move|p1a: Sinistcha|Shadow Ball|p2a: APBIOclod\n|-damage|p2a: APBIOclod|83\/100\n|-unboost|p2a: APBIOclod|spd|1\n|move|p2a: APBIOclod|Earthquake|p1a: Sinistcha\n|-resisted|p1a: Sinistcha\n|-damage|p1a: Sinistcha|88\/100 tox\n|\n|-heal|p2a: APBIOclod|89\/100|[from] item: Leftovers\n|-damage|p1a: Sinistcha|76\/100 tox|[from] psn\n|upkeep\n|turn|10\n|inactive|AjoFC has 120 seconds left.\n|\n|t:|1699644109\n|move|p1a: Sinistcha|Matcha Gotcha|p2a: APBIOclod\n|-damage|p2a: APBIOclod|63\/100\n|-heal|p1a: Sinistcha|93\/100 tox|[from] drain|[of] p2a: APBIOclod\n|-status|p2a: APBIOclod|brn\n|move|p2a: APBIOclod|Recover|p2a: APBIOclod\n|-heal|p2a: APBIOclod|100\/100 brn\n|\n|-damage|p1a: Sinistcha|75\/100 tox|[from] psn\n|-damage|p2a: APBIOclod|94\/100 brn|[from] brn\n|upkeep\n|turn|11\n|inactive|AjoFC has 120 seconds left.\n|\n|t:|1699644120\n|move|p1a: Sinistcha|Matcha Gotcha|p2a: APBIOclod\n|-damage|p2a: APBIOclod|68\/100 brn\n|-heal|p1a: Sinistcha|92\/100 tox|[from] drain|[of] p2a: APBIOclod\n|move|p2a: APBIOclod|Earthquake|p1a: Sinistcha\n|-resisted|p1a: Sinistcha\n|-damage|p1a: Sinistcha|89\/100 tox\n|\n|-heal|p2a: APBIOclod|74\/100 brn|[from] item: Leftovers\n|-damage|p1a: Sinistcha|65\/100 tox|[from] psn\n|-damage|p2a: APBIOclod|68\/100 brn|[from] brn\n|upkeep\n|turn|12\n|inactive|AjoFC has 120 seconds left.\n|\n|t:|1699644132\n|move|p1a: Sinistcha|Shadow Ball|p2a: APBIOclod\n|-damage|p2a: APBIOclod|42\/100 brn\n|-unboost|p2a: APBIOclod|spd|1\n|move|p2a: APBIOclod|Recover|p2a: APBIOclod\n|-heal|p2a: APBIOclod|92\/100 brn\n|\n|-heal|p2a: APBIOclod|98\/100 brn|[from] item: Leftovers\n|-damage|p1a: Sinistcha|35\/100 tox|[from] psn\n|-damage|p2a: APBIOclod|92\/100 brn|[from] brn\n|upkeep\n|turn|13\n|inactive|AjoFC has 120 seconds left.\n|\n|t:|1699644144\n|switch|p2a: Lopunny|Lopunny, F|100\/100\n|move|p1a: Sinistcha|Matcha Gotcha|p2a: Lopunny\n|-damage|p2a: Lopunny|42\/100\n|-heal|p1a: Sinistcha|58\/100 tox|[from] drain|[of] p2a: Lopunny\n|\n|-damage|p1a: Sinistcha|21\/100 tox|[from] psn\n|upkeep\n|turn|14\n|\n|t:|1699644155\n|detailschange|p2a: Lopunny|Lopunny-Mega, F\n|-mega|p2a: Lopunny|Lopunny|Lopunnite\n|move|p2a: Lopunny|Fake Out|p1a: Sinistcha\n|-damage|p1a: Sinistcha|4\/100 tox\n|-damage|p2a: Lopunny|25\/100|[from] item: Rocky Helmet|[of] p1a: Sinistcha\n|cant|p1a: Sinistcha|flinch\n|\n|-damage|p1a: Sinistcha|0 fnt|[from] psn\n|faint|p1a: Sinistcha\n|upkeep\n|inactive|AjoFC has 120 seconds left.\n|\n|t:|1699644172\n|switch|p1a: Poli Cibernetica|Iron Moth|100\/100\n|-damage|p1a: Poli Cibernetica|76\/100|[from] Stealth Rock\n|-enditem|p1a: Poli Cibernetica|Booster Energy\n|-activate|p1a: Poli Cibernetica|ability: Quark Drive|[fromitem]\n|-start|p1a: Poli Cibernetica|quarkdrivespa\n|turn|15\n|inactive|AjoFC has 120 seconds left.\n|\n|t:|1699644182\n|move|p2a: Lopunny|U-turn|p1a: Poli Cibernetica\n|-resisted|p1a: Poli Cibernetica\n|-damage|p1a: Poli Cibernetica|64\/100\n|\n|t:|1699644185\n|switch|p2a: Garganacl|Garganacl, F|58\/100|[from] U-turn\n|move|p1a: Poli Cibernetica|Fiery Dance|p2a: Garganacl\n|-resisted|p2a: Garganacl\n|-damage|p2a: Garganacl|37\/100\n|\n|-heal|p2a: Garganacl|44\/100|[from] item: Leftovers\n|upkeep\n|turn|16\n|inactive|AjoFC has 120 seconds left.\n|\n|t:|1699644212\n|-terastallize|p1a: Poli Cibernetica|Flying\n|move|p1a: Poli Cibernetica|Fiery Dance|p2a: Garganacl\n|-resisted|p2a: Garganacl\n|-damage|p2a: Garganacl|26\/100\n|-boost|p1a: Poli Cibernetica|spa|1\n|move|p2a: Garganacl|Salt Cure|p1a: Poli Cibernetica\n|-supereffective|p1a: Poli Cibernetica\n|-damage|p1a: Poli Cibernetica|14\/100\n|-start|p1a: Poli Cibernetica|Salt Cure\n|\n|-heal|p2a: Garganacl|32\/100|[from] item: Leftovers\n|-damage|p1a: Poli Cibernetica|1\/100|[from] Salt Cure\n|upkeep\n|turn|17\n|\n|t:|1699644235\n|move|p1a: Poli Cibernetica|Discharge|p2a: Garganacl\n|-damage|p2a: Garganacl|0 fnt\n|faint|p2a: Garganacl\n|\n|-damage|p1a: Poli Cibernetica|0 fnt|[from] Salt Cure\n|faint|p1a: Poli Cibernetica\n|-end|p1a: Poli Cibernetica|Quark Drive|[silent]\n|upkeep\n|\n|t:|1699644249\n|switch|p1a: Hola|Dondozo, M|100\/100\n|switch|p2a: Corviknight|Corviknight, M|100\/100\n|-damage|p1a: Hola|88\/100|[from] Stealth Rock\n|turn|18\n|\n|t:|1699644261\n|move|p2a: Corviknight|U-turn|p1a: Hola\n|-damage|p1a: Hola|79\/100\n|\n|t:|1699644265\n|switch|p2a: APBIOclod|Clodsire, F|92\/100 brn|[from] U-turn\n|move|p1a: Hola|Curse|p1a: Hola\n|-unboost|p1a: Hola|spe|1\n|-boost|p1a: Hola|atk|1\n|-boost|p1a: Hola|def|1\n|\n|-heal|p2a: APBIOclod|98\/100 brn|[from] item: Leftovers\n|-heal|p1a: Hola|85\/100|[from] item: Leftovers\n|-damage|p2a: APBIOclod|92\/100 brn|[from] brn\n|upkeep\n|turn|19\n|inactive|AjoFC has 120 seconds left.\n|\n|t:|1699644286\n|move|p2a: APBIOclod|Toxic|p1a: Hola\n|-status|p1a: Hola|tox\n|move|p1a: Hola|Curse|p1a: Hola\n|-unboost|p1a: Hola|spe|1\n|-boost|p1a: Hola|atk|1\n|-boost|p1a: Hola|def|1\n|\n|-heal|p2a: APBIOclod|98\/100 brn|[from] item: Leftovers\n|-heal|p1a: Hola|91\/100 tox|[from] item: Leftovers\n|-damage|p1a: Hola|85\/100 tox|[from] psn\n|-damage|p2a: APBIOclod|92\/100 brn|[from] brn\n|upkeep\n|turn|20\n|\n|t:|1699644301\n|move|p2a: APBIOclod|Earthquake|p1a: Hola\n|-damage|p1a: Hola|76\/100 tox\n|move|p1a: Hola|Curse|p1a: Hola\n|-unboost|p1a: Hola|spe|1\n|-boost|p1a: Hola|atk|1\n|-boost|p1a: Hola|def|1\n|\n|-heal|p2a: APBIOclod|98\/100 brn|[from] item: Leftovers\n|-heal|p1a: Hola|82\/100 tox|[from] item: Leftovers\n|-damage|p1a: Hola|70\/100 tox|[from] psn\n|-damage|p2a: APBIOclod|92\/100 brn|[from] brn\n|upkeep\n|turn|21\n|\n|t:|1699644318\n|switch|p2a: Corviknight|Corviknight, M|100\/100\n|move|p1a: Hola|Curse|p1a: Hola\n|-unboost|p1a: Hola|spe|1\n|-boost|p1a: Hola|atk|1\n|-boost|p1a: Hola|def|1\n|\n|-heal|p1a: Hola|76\/100 tox|[from] item: Leftovers\n|-damage|p1a: Hola|58\/100 tox|[from] psn\n|upkeep\n|turn|22\n|\n|t:|1699644330\n|move|p2a: Corviknight|Iron Head|p1a: Hola\n|-resisted|p1a: Hola\n|-damage|p1a: Hola|55\/100 tox\n|move|p1a: Hola|Rest|p1a: Hola\n|-status|p1a: Hola|slp|[from] move: Rest\n|-heal|p1a: Hola|100\/100 slp|[silent]\n|\n|upkeep\n|turn|23\n|\n|t:|1699644339\n|switch|p2a: Tapu Koko|Tapu Koko|100\/100\n|-fieldstart|move: Electric Terrain|[from] ability: Electric Surge|[of] p2a: Tapu Koko\n|cant|p1a: Hola|slp\n|move|p1a: Hola|Sleep Talk|p1a: Hola\n|move|p1a: Hola|Body Press|p2a: Tapu Koko|[from]move: Sleep Talk\n|-resisted|p2a: Tapu Koko\n|-damage|p2a: Tapu Koko|55\/100\n|\n|upkeep\n|turn|24\n|\n|t:|1699644351\n|move|p2a: Tapu Koko|Thunderbolt|p1a: Hola\n|-supereffective|p1a: Hola\n|-crit|p1a: Hola\n|-damage|p1a: Hola|6\/100 slp\n|cant|p1a: Hola|slp\n|move|p1a: Hola|Sleep Talk|p1a: Hola\n|move|p1a: Hola|Rest||[from]move: Sleep Talk|[still]\n|-fail|p1a: Hola\n|\n|-heal|p1a: Hola|13\/100 slp|[from] item: Leftovers\n|upkeep\n|turn|25\n|\n|t:|1699644363\n|move|p2a: Tapu Koko|Thunderbolt|p1a: Hola\n|-supereffective|p1a: Hola\n|-damage|p1a: Hola|0 fnt\n|faint|p1a: Hola\n|\n|upkeep\n|\n|t:|1699644369\n|switch|p1a: Axil|Garganacl, M|100\/100\n|-damage|p1a: Axil|88\/100|[from] Stealth Rock\n|turn|26\n|\n|t:|1699644375\n|switch|p2a: Corviknight|Corviknight, M|100\/100\n|move|p1a: Axil|Salt Cure|p2a: Corviknight\n|-damage|p2a: Corviknight|88\/100\n|-start|p2a: Corviknight|Salt Cure\n|\n|-heal|p2a: Corviknight|95\/100|[from] item: Leftovers\n|-heal|p1a: Axil|94\/100|[from] item: Leftovers\n|-damage|p2a: Corviknight|70\/100|[from] Salt Cure\n|upkeep\n|turn|27\n|inactive|AjoFC has 120 seconds left.\n|\n|t:|1699644391\n|switch|p2a: APBIOclod|Clodsire, F|92\/100 brn\n|move|p1a: Axil|Protect||[still]\n|-fail|p1a: Axil\n|\n|-heal|p1a: Axil|100\/100|[from] item: Leftovers\n|-heal|p2a: APBIOclod|98\/100 brn|[from] item: Leftovers\n|-damage|p2a: APBIOclod|92\/100 brn|[from] brn\n|-fieldend|move: Electric Terrain\n|upkeep\n|turn|28\n|\n|t:|1699644402\n|move|p1a: Axil|Salt Cure|p2a: APBIOclod\n|-resisted|p2a: APBIOclod\n|-damage|p2a: APBIOclod|85\/100 brn\n|-start|p2a: APBIOclod|Salt Cure\n|move|p2a: APBIOclod|Earthquake|p1a: Axil\n|-supereffective|p1a: Axil\n|-damage|p1a: Axil|82\/100\n|\n|-heal|p1a: Axil|88\/100|[from] item: Leftovers\n|-heal|p2a: APBIOclod|91\/100 brn|[from] item: Leftovers\n|-damage|p2a: APBIOclod|85\/100 brn|[from] brn\n|-damage|p2a: APBIOclod|73\/100 brn|[from] Salt Cure\n|upkeep\n|turn|29\n|\n|t:|1699644416\n|switch|p2a: Lopunny|Lopunny-Mega, F|25\/100\n|move|p1a: Axil|Earthquake|p2a: Lopunny\n|-damage|p2a: Lopunny|0 fnt\n|faint|p2a: Lopunny\n|\n|-heal|p1a: Axil|94\/100|[from] item: Leftovers\n|upkeep\n|\n|t:|1699644427\n|switch|p2a: Tapu Koko|Tapu Koko|55\/100\n|-fieldstart|move: Electric Terrain|[from] ability: Electric Surge|[of] p2a: Tapu Koko\n|turn|30\n|\n|t:|1699644433\n|move|p2a: Tapu Koko|Volt Switch|p1a: Axil\n|-damage|p1a: Axil|68\/100\n|\n|t:|1699644436\n|switch|p2a: APBIOclod|Clodsire, F|73\/100 brn|[from] Volt Switch\n|move|p1a: Axil|Salt Cure|p2a: APBIOclod\n|-resisted|p2a: APBIOclod\n|-damage|p2a: APBIOclod|66\/100 brn\n|-start|p2a: APBIOclod|Salt Cure\n|\n|-heal|p1a: Axil|74\/100|[from] item: Leftovers\n|-heal|p2a: APBIOclod|72\/100 brn|[from] item: Leftovers\n|-damage|p2a: APBIOclod|66\/100 brn|[from] brn\n|-damage|p2a: APBIOclod|53\/100 brn|[from] Salt Cure\n|upkeep\n|turn|31\n|\n|t:|1699644452\n|move|p1a: Axil|Recover|p1a: Axil\n|-heal|p1a: Axil|100\/100\n|move|p2a: APBIOclod|Earthquake|p1a: Axil\n|-supereffective|p1a: Axil\n|-damage|p1a: Axil|83\/100\n|\n|-heal|p1a: Axil|89\/100|[from] item: Leftovers\n|-heal|p2a: APBIOclod|59\/100 brn|[from] item: Leftovers\n|-damage|p2a: APBIOclod|53\/100 brn|[from] brn\n|-damage|p2a: APBIOclod|41\/100 brn|[from] Salt Cure\n|upkeep\n|turn|32\n|\n|t:|1699644464\n|move|p1a: Axil|Earthquake|p2a: APBIOclod\n|-supereffective|p2a: APBIOclod\n|-damage|p2a: APBIOclod|0 fnt\n|faint|p2a: APBIOclod\n|\n|-heal|p1a: Axil|96\/100|[from] item: Leftovers\n|upkeep\n|\n|t:|1699644472\n|switch|p2a: Iron Valiant|Iron Valiant|100\/100\n|-activate|p2a: Iron Valiant|ability: Quark Drive\n|-start|p2a: Iron Valiant|quarkdrivespe\n|turn|33\n|\n|t:|1699644478\n|move|p2a: Iron Valiant|Aura Sphere|p1a: Axil\n|-supereffective|p1a: Axil\n|-damage|p1a: Axil|45\/100\n|move|p1a: Axil|Salt Cure|p2a: Iron Valiant\n|-resisted|p2a: Iron Valiant\n|-damage|p2a: Iron Valiant|92\/100\n|-start|p2a: Iron Valiant|Salt Cure\n|\n|-heal|p1a: Axil|51\/100|[from] item: Leftovers\n|-damage|p2a: Iron Valiant|80\/100|[from] Salt Cure\n|upkeep\n|turn|34\n|\n|t:|1699644491\n|move|p1a: Axil|Protect|p1a: Axil\n|-singleturn|p1a: Axil|Protect\n|move|p2a: Iron Valiant|Aura Sphere|p1a: Axil\n|-activate|p1a: Axil|move: Protect\n|\n|-heal|p1a: Axil|57\/100|[from] item: Leftovers\n|-damage|p2a: Iron Valiant|67\/100|[from] Salt Cure\n|-fieldend|move: Electric Terrain\n|-end|p2a: Iron Valiant|Quark Drive\n|upkeep\n|turn|35\n|\n|t:|1699644501\n|move|p2a: Iron Valiant|Aura Sphere|p1a: Axil\n|-supereffective|p1a: Axil\n|-damage|p1a: Axil|2\/100\n|move|p1a: Axil|Recover|p1a: Axil\n|-heal|p1a: Axil|52\/100\n|\n|-heal|p1a: Axil|59\/100|[from] item: Leftovers\n|-damage|p2a: Iron Valiant|55\/100|[from] Salt Cure\n|upkeep\n|turn|36\n|\n|t:|1699644512\n|-end|p2a: Iron Valiant|Quark Drive|[silent]\n|switch|p2a: Corviknight|Corviknight, M|70\/100\n|move|p1a: Axil|Protect||[still]\n|-fail|p1a: Axil\n|\n|-heal|p2a: Corviknight|76\/100|[from] item: Leftovers\n|-heal|p1a: Axil|65\/100|[from] item: Leftovers\n|upkeep\n|turn|37\n|\n|t:|1699644521\n|move|p2a: Corviknight|Iron Head|p1a: Axil\n|-supereffective|p1a: Axil\n|-damage|p1a: Axil|35\/100\n|cant|p1a: Axil|flinch\n|\n|-heal|p2a: Corviknight|82\/100|[from] item: Leftovers\n|-heal|p1a: Axil|41\/100|[from] item: Leftovers\n|upkeep\n|turn|38\n|\n|t:|1699644530\n|move|p2a: Corviknight|U-turn|p1a: Axil\n|-damage|p1a: Axil|32\/100\n|\n|t:|1699644533\n|switch|p2a: Tapu Koko|Tapu Koko|55\/100|[from] U-turn\n|-fieldstart|move: Electric Terrain|[from] ability: Electric Surge|[of] p2a: Tapu Koko\n|move|p1a: Axil|Salt Cure|p2a: Tapu Koko\n|-damage|p2a: Tapu Koko|37\/100\n|-start|p2a: Tapu Koko|Salt Cure\n|\n|-heal|p1a: Axil|38\/100|[from] item: Leftovers\n|-damage|p2a: Tapu Koko|25\/100|[from] Salt Cure\n|upkeep\n|turn|39\n|\n|t:|1699644549\n|switch|p2a: Corviknight|Corviknight, M|82\/100\n|move|p1a: Axil|Protect||[still]\n|-fail|p1a: Axil\n|\n|-heal|p2a: Corviknight|88\/100|[from] item: Leftovers\n|-heal|p1a: Axil|44\/100|[from] item: Leftovers\n|upkeep\n|turn|40\n|\n|t:|1699644558\n|move|p2a: Corviknight|Iron Head|p1a: Axil\n|-supereffective|p1a: Axil\n|-damage|p1a: Axil|15\/100\n|move|p1a: Axil|Recover|p1a: Axil\n|-heal|p1a: Axil|65\/100\n|\n|-heal|p2a: Corviknight|95\/100|[from] item: Leftovers\n|-heal|p1a: Axil|71\/100|[from] item: Leftovers\n|upkeep\n|turn|41\n|\n|t:|1699644568\n|move|p2a: Corviknight|Iron Head|p1a: Axil\n|-supereffective|p1a: Axil\n|-damage|p1a: Axil|43\/100\n|cant|p1a: Axil|flinch\n|\n|-heal|p2a: Corviknight|100\/100|[from] item: Leftovers\n|-heal|p1a: Axil|49\/100|[from] item: Leftovers\n|upkeep\n|turn|42\n|\n|t:|1699644577\n|move|p2a: Corviknight|Iron Head|p1a: Axil\n|-supereffective|p1a: Axil\n|-damage|p1a: Axil|20\/100\n|cant|p1a: Axil|flinch\n|\n|-heal|p1a: Axil|26\/100|[from] item: Leftovers\n|-fieldend|move: Electric Terrain\n|upkeep\n|turn|43\n|\n|t:|1699644585\n|move|p1a: Axil|Protect|p1a: Axil\n|-singleturn|p1a: Axil|Protect\n|move|p2a: Corviknight|Iron Head|p1a: Axil\n|-activate|p1a: Axil|move: Protect\n|\n|-heal|p1a: Axil|32\/100|[from] item: Leftovers\n|upkeep\n|turn|44\n|\n|t:|1699644593\n|move|p2a: Corviknight|Iron Head|p1a: Axil\n|-supereffective|p1a: Axil\n|-damage|p1a: Axil|3\/100\n|move|p1a: Axil|Recover|p1a: Axil\n|-heal|p1a: Axil|53\/100\n|\n|-heal|p1a: Axil|59\/100|[from] item: Leftovers\n|upkeep\n|turn|45\n|\n|t:|1699644602\n|move|p2a: Corviknight|Iron Head|p1a: Axil\n|-supereffective|p1a: Axil\n|-damage|p1a: Axil|30\/100\n|move|p1a: Axil|Recover|p1a: Axil\n|-heal|p1a: Axil|80\/100\n|\n|-heal|p1a: Axil|86\/100|[from] item: Leftovers\n|upkeep\n|turn|46\n|\n|t:|1699644611\n|move|p2a: Corviknight|Iron Head|p1a: Axil\n|-supereffective|p1a: Axil\n|-damage|p1a: Axil|55\/100\n|move|p1a: Axil|Salt Cure|p2a: Corviknight\n|-damage|p2a: Corviknight|89\/100\n|-start|p2a: Corviknight|Salt Cure\n|\n|-heal|p2a: Corviknight|95\/100|[from] item: Leftovers\n|-heal|p1a: Axil|61\/100|[from] item: Leftovers\n|-damage|p2a: Corviknight|70\/100|[from] Salt Cure\n|upkeep\n|turn|47\n|\n|t:|1699644626\n|switch|p2a: Iron Valiant|Iron Valiant|55\/100\n|move|p1a: Axil|Recover|p1a: Axil\n|-heal|p1a: Axil|100\/100\n|\n|upkeep\n|turn|48\n|\n|t:|1699644633\n|move|p2a: Iron Valiant|Aura Sphere|p1a: Axil\n|-supereffective|p1a: Axil\n|-damage|p1a: Axil|49\/100\n|move|p1a: Axil|Salt Cure|p2a: Iron Valiant\n|-resisted|p2a: Iron Valiant\n|-damage|p2a: Iron Valiant|46\/100\n|-start|p2a: Iron Valiant|Salt Cure\n|\n|-heal|p1a: Axil|55\/100|[from] item: Leftovers\n|-damage|p2a: Iron Valiant|34\/100|[from] Salt Cure\n|upkeep\n|turn|49\n|\n|t:|1699644654\n|-end|p2a: Iron Valiant|Quark Drive|[silent]\n|switch|p2a: Corviknight|Corviknight, M|70\/100\n|move|p1a: Axil|Recover|p1a: Axil\n|-heal|p1a: Axil|100\/100\n|\n|-heal|p2a: Corviknight|76\/100|[from] item: Leftovers\n|upkeep\n|turn|50\n|\n|t:|1699644663\n|move|p2a: Corviknight|Iron Head|p1a: Axil\n|-supereffective|p1a: Axil\n|-damage|p1a: Axil|71\/100\n|move|p1a: Axil|Salt Cure|p2a: Corviknight\n|-damage|p2a: Corviknight|66\/100\n|-start|p2a: Corviknight|Salt Cure\n|\n|-heal|p2a: Corviknight|72\/100|[from] item: Leftovers\n|-heal|p1a: Axil|77\/100|[from] item: Leftovers\n|-damage|p2a: Corviknight|47\/100|[from] Salt Cure\n|upkeep\n|turn|51\n|\n|t:|1699644684\n|move|p2a: Corviknight|Roost|p2a: Corviknight\n|-heal|p2a: Corviknight|97\/100\n|-singleturn|p2a: Corviknight|move: Roost\n|move|p1a: Axil|Earthquake|p2a: Corviknight\n|-supereffective|p2a: Corviknight\n|-damage|p2a: Corviknight|57\/100\n|\n|-heal|p2a: Corviknight|64\/100|[from] item: Leftovers\n|-heal|p1a: Axil|83\/100|[from] item: Leftovers\n|-damage|p2a: Corviknight|39\/100|[from] Salt Cure\n|upkeep\n|turn|52\n|inactive|APBIOgod has 120 seconds left.\n|\n|t:|1699644715\n|move|p2a: Corviknight|U-turn|p1a: Axil\n|-damage|p1a: Axil|75\/100\n|\n|t:|1699644721\n|switch|p2a: Iron Valiant|Iron Valiant|34\/100|[from] U-turn\n|move|p1a: Axil|Earthquake|p2a: Iron Valiant\n|-damage|p2a: Iron Valiant|4\/100\n|\n|-heal|p1a: Axil|81\/100|[from] item: Leftovers\n|upkeep\n|turn|53\n|\n|t:|1699644733\n|-end|p2a: Iron Valiant|Quark Drive|[silent]\n|switch|p2a: Corviknight|Corviknight, M|39\/100\n|move|p1a: Axil|Protect||[still]\n|-fail|p1a: Axil\n|\n|-heal|p2a: Corviknight|45\/100|[from] item: Leftovers\n|-heal|p1a: Axil|87\/100|[from] item: Leftovers\n|upkeep\n|turn|54\n|\n|t:|1699644743\n|move|p2a: Corviknight|Roost|p2a: Corviknight\n|-heal|p2a: Corviknight|95\/100\n|-singleturn|p2a: Corviknight|move: Roost\n|move|p1a: Axil|Salt Cure|p2a: Corviknight\n|-resisted|p2a: Corviknight\n|-damage|p2a: Corviknight|90\/100\n|-start|p2a: Corviknight|Salt Cure\n|\n|-heal|p2a: Corviknight|96\/100|[from] item: Leftovers\n|-heal|p1a: Axil|93\/100|[from] item: Leftovers\n|-damage|p2a: Corviknight|71\/100|[from] Salt Cure\n|upkeep\n|turn|55\n|inactive|APBIOgod has 120 seconds left.\n|\n|t:|1699644755\n|move|p2a: Corviknight|Iron Head|p1a: Axil\n|-supereffective|p1a: Axil\n|-damage|p1a: Axil|62\/100\n|move|p1a: Axil|Earthquake|p2a: Corviknight\n|-immune|p2a: Corviknight\n|\n|-heal|p2a: Corviknight|77\/100|[from] item: Leftovers\n|-heal|p1a: Axil|68\/100|[from] item: Leftovers\n|-damage|p2a: Corviknight|52\/100|[from] Salt Cure\n|upkeep\n|turn|56\n|inactive|APBIOgod has 120 seconds left.\n|\n|t:|1699644772\n|move|p2a: Corviknight|Iron Head|p1a: Axil\n|-supereffective|p1a: Axil\n|-damage|p1a: Axil|39\/100\n|move|p1a: Axil|Salt Cure|p2a: Corviknight\n|-damage|p2a: Corviknight|41\/100\n|\n|-heal|p2a: Corviknight|48\/100|[from] item: Leftovers\n|-heal|p1a: Axil|46\/100|[from] item: Leftovers\n|-damage|p2a: Corviknight|23\/100|[from] Salt Cure\n|upkeep\n|turn|57\n|inactive|APBIOgod has 120 seconds left.\n|\n|t:|1699644785\n|move|p2a: Corviknight|Roost|p2a: Corviknight\n|-heal|p2a: Corviknight|73\/100\n|-singleturn|p2a: Corviknight|move: Roost\n|move|p1a: Axil|Recover|p1a: Axil\n|-heal|p1a: Axil|96\/100\n|\n|-heal|p2a: Corviknight|79\/100|[from] item: Leftovers\n|-heal|p1a: Axil|100\/100|[from] item: Leftovers\n|-damage|p2a: Corviknight|54\/100|[from] Salt Cure\n|upkeep\n|turn|58\n|inactive|APBIOgod has 120 seconds left.\n|\n|t:|1699644798\n|move|p2a: Corviknight|Iron Head|p1a: Axil\n|-supereffective|p1a: Axil\n|-damage|p1a: Axil|71\/100\n|move|p1a: Axil|Salt Cure|p2a: Corviknight\n|-damage|p2a: Corviknight|42\/100\n|\n|-heal|p2a: Corviknight|48\/100|[from] item: Leftovers\n|-heal|p1a: Axil|77\/100|[from] item: Leftovers\n|-damage|p2a: Corviknight|23\/100|[from] Salt Cure\n|upkeep\n|turn|59\n|inactive|APBIOgod has 120 seconds left.\n|\n|t:|1699644815\n|switch|p1a: DonValiente|Iron Valiant|100\/100\n|-damage|p1a: DonValiente|94\/100|[from] Stealth Rock\n|-enditem|p1a: DonValiente|Booster Energy\n|-activate|p1a: DonValiente|ability: Quark Drive|[fromitem]\n|-start|p1a: DonValiente|quarkdrivespe\n|-terastallize|p2a: Corviknight|Ground\n|move|p2a: Corviknight|Roost|p2a: Corviknight\n|-heal|p2a: Corviknight|73\/100\n|\n|-heal|p2a: Corviknight|79\/100|[from] item: Leftovers\n|-damage|p2a: Corviknight|67\/100|[from] Salt Cure\n|upkeep\n|turn|60\n|inactive|AjoFC has 120 seconds left.\n|\n|t:|1699644854\n|move|p1a: DonValiente|Spirit Break|p2a: Corviknight\n|-damage|p2a: Corviknight|32\/100\n|-ability|p2a: Corviknight|Mirror Armor\n|-unboost|p1a: DonValiente|spa|1\n|move|p2a: Corviknight|Iron Head|p1a: DonValiente\n|-supereffective|p1a: DonValiente\n|-damage|p1a: DonValiente|26\/100\n|\n|-heal|p2a: Corviknight|38\/100|[from] item: Leftovers\n|-damage|p2a: Corviknight|26\/100|[from] Salt Cure\n|upkeep\n|turn|61\n|\n|t:|1699644868\n|move|p1a: DonValiente|Spirit Break|p2a: Corviknight\n|-damage|p2a: Corviknight|0 fnt\n|faint|p2a: Corviknight\n|\n|upkeep\n|\n|t:|1699644873\n|switch|p2a: Tapu Koko|Tapu Koko|25\/100\n|-fieldstart|move: Electric Terrain|[from] ability: Electric Surge|[of] p2a: Tapu Koko\n|turn|62\n|inactive|AjoFC has 120 seconds left.\n|\n|t:|1699644879\n|move|p1a: DonValiente|Shadow Sneak|p2a: Tapu Koko\n|-damage|p2a: Tapu Koko|5\/100\n|move|p2a: Tapu Koko|Dazzling Gleam|p1a: DonValiente\n|-supereffective|p1a: DonValiente\n|-damage|p1a: DonValiente|0 fnt\n|faint|p1a: DonValiente\n|-end|p1a: DonValiente|Quark Drive|[silent]\n|\n|upkeep\n|inactive|AjoFC has 120 seconds left.\n|\n|t:|1699644886\n|switch|p1a: Axil|Garganacl, M|77\/100\n|-damage|p1a: Axil|65\/100|[from] Stealth Rock\n|turn|63\n|\n|t:|1699644893\n|move|p2a: Tapu Koko|Dazzling Gleam|p1a: Axil\n|-damage|p1a: Axil|42\/100\n|move|p1a: Axil|Salt Cure|p2a: Tapu Koko\n|-damage|p2a: Tapu Koko|0 fnt\n|faint|p2a: Tapu Koko\n|\n|-heal|p1a: Axil|48\/100|[from] item: Leftovers\n|upkeep\n|\n|t:|1699644902\n|switch|p2a: Iron Valiant|Iron Valiant|4\/100\n|-activate|p2a: Iron Valiant|ability: Quark Drive\n|-start|p2a: Iron Valiant|quarkdrivespe\n|turn|64\n|\n|t:|1699644909\n|move|p1a: Axil|Protect|p1a: Axil\n|-singleturn|p1a: Axil|Protect\n|move|p2a: Iron Valiant|Aura Sphere|p1a: Axil\n|-activate|p1a: Axil|move: Protect\n|\n|-heal|p1a: Axil|54\/100|[from] item: Leftovers\n|upkeep\n|turn|65\n|\n|t:|1699644920\n|move|p2a: Iron Valiant|Moonblast|p1a: Axil\n|-damage|p1a: Axil|22\/100\n|move|p1a: Axil|Earthquake|p2a: Iron Valiant\n|-damage|p2a: Iron Valiant|0 fnt\n|faint|p2a: Iron Valiant\n|-end|p2a: Iron Valiant|Quark Drive|[silent]\n|\n|win|AjoFC\n|raw|AjoFC's rating: 1252 &rarr; <strong>1286<\/strong><br \/>(+34 for winning)\n|raw|APBIOgod's rating: 1389 &rarr; <strong>1361<\/strong><br \/>(-28 for losing)\n|l|\u2606APBIOgod\n|c|\u2606AjoFC|GG\n","uploadtime":1699644937,"views":6,"p1id":"ajofc","p2id":"apbiogod","formatid":"gen9nationaldex","rating":1286,"private":0,"password":""}