{"id":"gen9nationaldex-1988132840","p1":"lawrenceyu","p2":"Abrar83","format":"[Gen 9] National Dex","log":"|j|\u2606lawrenceyu\n|j|\u2606Abrar83\n|t:|1699673668\n|gametype|singles\n|player|p1|lawrenceyu|169|1602\n|player|p2|Abrar83|morty-masters|1581\n|teamsize|p1|6\n|teamsize|p2|6\n|gen|9\n|tier|[Gen 9] National Dex\n|rated|\n|rule|HP Percentage Mod: HP is shown in percentages\n|rule|Endless Battle Clause: Forcing endless battles is banned\n|rule|OHKO Clause: OHKO moves are banned\n|rule|Evasion Clause: Evasion abilities, items, and moves are banned\n|rule|Evasion Abilities Clause: Evasion abilities are banned\n|rule|Evasion Items Clause: Evasion items are banned\n|rule|Evasion Moves Clause: Evasion moves are banned\n|rule|Species Clause: Limit one of each Pok\u00e9mon\n|rule|Sleep Clause Mod: Limit one foe put to sleep\n|clearpoke\n|poke|p1|Toxapex, F|\n|poke|p1|Sirfetch\u2019d, F|\n|poke|p1|Tapu Lele|\n|poke|p1|Ferrothorn, F|\n|poke|p1|Landorus-Therian, M|\n|poke|p1|Diancie|\n|poke|p2|Gardevoir, M|\n|poke|p2|Arcanine-Hisui, M|\n|poke|p2|Dragonite, F|\n|poke|p2|Bisharp, M|\n|poke|p2|Zapdos|\n|poke|p2|Great Tusk|\n|teampreview\n|inactive|Battle timer is ON: inactive players will automatically lose when time's up. (requested by Abrar83)\n|\n|t:|1699673677\n|start\n|switch|p1a: Landorus|Landorus-Therian, M|100\/100\n|switch|p2a: Zapdos|Zapdos|100\/100\n|-ability|p1a: Landorus|Intimidate|boost\n|-unboost|p2a: Zapdos|atk|1\n|turn|1\n|\n|t:|1699673684\n|-zpower|p1a: Landorus\n|move|p1a: Landorus|Continental Crush|p2a: Zapdos|[zeffect]\n|-supereffective|p2a: Zapdos\n|-damage|p2a: Zapdos|0 fnt\n|faint|p2a: Zapdos\n|\n|upkeep\n|\n|t:|1699673695\n|switch|p2a: YLIA|Gardevoir, M|100\/100\n|-ability|p2a: YLIA|Intimidate|boost\n|-unboost|p1a: Landorus|atk|1\n|-ability|p2a: YLIA|Intimidate|[from] ability: Trace|[of] p1a: Landorus\n|turn|2\n|\n|t:|1699673705\n|detailschange|p2a: YLIA|Gardevoir-Mega, M\n|-mega|p2a: YLIA|Gardevoir|Gardevoirite\n|move|p2a: YLIA|Icy Wind|p1a: Landorus\n|-supereffective|p1a: Landorus\n|-damage|p1a: Landorus|0 fnt\n|faint|p1a: Landorus\n|\n|upkeep\n|\n|t:|1699673716\n|switch|p1a: Ferrothorn|Ferrothorn, F|100\/100\n|turn|3\n|\n|t:|1699673720\n|switch|p2a: Arcanine|Arcanine-Hisui, M|100\/100\n|move|p1a: Ferrothorn|Gyro Ball|p2a: Arcanine\n|-damage|p2a: Arcanine|38\/100\n|\n|upkeep\n|turn|4\n|\n|t:|1699673726\n|move|p1a: Ferrothorn|Protect|p1a: Ferrothorn\n|-singleturn|p1a: Ferrothorn|Protect\n|move|p2a: Arcanine|Flare Blitz|p1a: Ferrothorn\n|-activate|p1a: Ferrothorn|move: Protect\n|\n|upkeep\n|turn|5\n|\n|t:|1699673733\n|switch|p1a: Toxapex|Toxapex, F|100\/100\n|move|p2a: Arcanine|Flare Blitz|p1a: Toxapex\n|-resisted|p1a: Toxapex\n|-damage|p1a: Toxapex|82\/100\n|-damage|p2a: Arcanine|21\/100|[from] item: Rocky Helmet|[of] p1a: Toxapex\n|\n|upkeep\n|turn|6\n|\n|t:|1699673742\n|switch|p2a: YLIA|Gardevoir-Mega, M|100\/100\n|move|p1a: Toxapex|Baneful Bunker||[still]\n|-fail|p1a: Toxapex\n|\n|upkeep\n|turn|7\n|\n|t:|1699673748\n|move|p1a: Toxapex|Baneful Bunker|p1a: Toxapex\n|-singleturn|p1a: Toxapex|move: Protect\n|move|p2a: YLIA|Psychic|p1a: Toxapex\n|-activate|p1a: Toxapex|move: Protect\n|\n|upkeep\n|turn|8\n|\n|t:|1699673755\n|switch|p1a: Ferrothorn|Ferrothorn, F|100\/100\n|move|p2a: YLIA|Psychic|p1a: Ferrothorn\n|-resisted|p1a: Ferrothorn\n|-damage|p1a: Ferrothorn|84\/100\n|\n|-heal|p1a: Ferrothorn|90\/100|[from] item: Leftovers\n|upkeep\n|turn|9\n|\n|t:|1699673763\n|switch|p2a: Great Tusk|Great Tusk|100\/100\n|-enditem|p2a: Great Tusk|Booster Energy\n|-activate|p2a: Great Tusk|ability: Protosynthesis|[fromitem]\n|-start|p2a: Great Tusk|protosynthesisatk\n|move|p1a: Ferrothorn|Spikes|p2a: Great Tusk\n|-sidestart|p2: Abrar83|Spikes\n|\n|-heal|p1a: Ferrothorn|96\/100|[from] item: Leftovers\n|upkeep\n|turn|10\n|\n|t:|1699673772\n|move|p1a: Ferrothorn|Protect|p1a: Ferrothorn\n|-singleturn|p1a: Ferrothorn|Protect\n|move|p2a: Great Tusk|Rapid Spin|p1a: Ferrothorn\n|-activate|p1a: Ferrothorn|move: Protect\n|\n|-heal|p1a: Ferrothorn|100\/100|[from] item: Leftovers\n|upkeep\n|turn|11\n|\n|t:|1699673782\n|switch|p1a: Tapu Lele|Tapu Lele|100\/100\n|-fieldstart|move: Psychic Terrain|[from] ability: Psychic Surge|[of] p1a: Tapu Lele\n|move|p2a: Great Tusk|Rapid Spin|p1a: Tapu Lele\n|-damage|p1a: Tapu Lele|66\/100\n|-boost|p2a: Great Tusk|spe|1\n|-sideend|p2: Abrar83|Spikes|[from] move: Rapid Spin|[of] p2a: Great Tusk\n|\n|upkeep\n|turn|12\n|\n|t:|1699673790\n|move|p1a: Tapu Lele|Moonblast|p2a: Great Tusk\n|-supereffective|p2a: Great Tusk\n|-damage|p2a: Great Tusk|0 fnt\n|faint|p2a: Great Tusk\n|-end|p2a: Great Tusk|Protosynthesis|[silent]\n|\n|upkeep\n|\n|t:|1699673795\n|switch|p2a: Bisharp|Bisharp, M|100\/100\n|turn|13\n|\n|t:|1699673806\n|move|p1a: Tapu Lele|Moonblast|p2a: Bisharp\n|-crit|p2a: Bisharp\n|-damage|p2a: Bisharp|38\/100\n|-unboost|p2a: Bisharp|spa|1\n|-ability|p2a: Bisharp|Defiant|boost\n|-boost|p2a: Bisharp|atk|2\n|move|p2a: Bisharp|Knock Off|p1a: Tapu Lele\n|-damage|p1a: Tapu Lele|0 fnt\n|-enditem|p1a: Tapu Lele|Choice Scarf|[from] move: Knock Off|[of] p2a: Bisharp\n|faint|p1a: Tapu Lele\n|\n|upkeep\n|\n|t:|1699673817\n|switch|p1a: Diancie|Diancie|100\/100\n|turn|14\n|\n|t:|1699673822\n|detailschange|p1a: Diancie|Diancie-Mega\n|-mega|p1a: Diancie|Diancie|Diancite\n|move|p1a: Diancie|Moonblast|p2a: Bisharp\n|-damage|p2a: Bisharp|0 fnt\n|faint|p2a: Bisharp\n|\n|upkeep\n|\n|t:|1699673829\n|switch|p2a: Arcanine|Arcanine-Hisui, M|21\/100\n|turn|15\n|\n|t:|1699673834\n|switch|p1a: Toxapex|Toxapex, F|100\/100\n|move|p2a: Arcanine|Head Smash|p1a: Toxapex|[miss]\n|-miss|p2a: Arcanine|p1a: Toxapex\n|\n|-fieldend|move: Psychic Terrain\n|upkeep\n|turn|16\n|\n|t:|1699673841\n|-terastallize|p2a: Arcanine|Grass\n|move|p2a: Arcanine|Head Smash|p1a: Toxapex\n|-damage|p1a: Toxapex|57\/100\n|-damage|p2a: Arcanine|5\/100|[from] item: Rocky Helmet|[of] p1a: Toxapex\n|move|p1a: Toxapex|Toxic|p2a: Arcanine\n|-status|p2a: Arcanine|tox\n|\n|-damage|p2a: Arcanine|0 fnt|[from] psn\n|faint|p2a: Arcanine\n|upkeep\n|\n|t:|1699673850\n|switch|p2a: YLIA|Gardevoir-Mega, M|100\/100\n|turn|17\n|\n|t:|1699673857\n|switch|p2a: Dragonite|Dragonite, F|100\/100\n|switch|p1a: Ferrothorn|Ferrothorn, F|100\/100\n|\n|upkeep\n|turn|18\n|\n|t:|1699673863\n|move|p2a: Dragonite|Curse|p2a: Dragonite\n|-unboost|p2a: Dragonite|spe|1\n|-boost|p2a: Dragonite|atk|1\n|-boost|p2a: Dragonite|def|1\n|move|p1a: Ferrothorn|Leech Seed|p2a: Dragonite\n|-start|p2a: Dragonite|move: Leech Seed\n|\n|-damage|p2a: Dragonite|88\/100|[from] Leech Seed|[of] p1a: Ferrothorn\n|upkeep\n|turn|19\n|\n|t:|1699673871\n|switch|p1a: Toxapex|Toxapex, F|91\/100\n|move|p2a: Dragonite|Curse|p2a: Dragonite\n|-unboost|p2a: Dragonite|spe|1\n|-boost|p2a: Dragonite|atk|1\n|-boost|p2a: Dragonite|def|1\n|\n|-heal|p2a: Dragonite|94\/100|[from] item: Leftovers\n|-damage|p2a: Dragonite|82\/100|[from] Leech Seed|[of] p1a: Toxapex\n|-heal|p1a: Toxapex|100\/100|[silent]\n|upkeep\n|turn|20\n|\n|t:|1699673882\n|-terastallize|p1a: Toxapex|Dragon\n|move|p1a: Toxapex|Toxic|p2a: Dragonite\n|-status|p2a: Dragonite|tox\n|move|p2a: Dragonite|Earthquake|p1a: Toxapex\n|-damage|p1a: Toxapex|66\/100\n|\n|-heal|p2a: Dragonite|88\/100 tox|[from] item: Leftovers\n|-damage|p2a: Dragonite|76\/100 tox|[from] Leech Seed|[of] p1a: Toxapex\n|-heal|p1a: Toxapex|82\/100|[silent]\n|-damage|p2a: Dragonite|69\/100 tox|[from] psn\n|upkeep\n|turn|21\n|\n|t:|1699673895\n|switch|p1a: Ferrothorn|Ferrothorn, F|100\/100\n|switch|p2a: YLIA|Gardevoir-Mega, M|100\/100\n|\n|upkeep\n|turn|22\n|\n|t:|1699673905\n|move|p2a: YLIA|Destiny Bond|p2a: YLIA\n|-singlemove|p2a: YLIA|Destiny Bond\n|move|p1a: Ferrothorn|Gyro Ball|p2a: YLIA\n|-supereffective|p2a: YLIA\n|-damage|p2a: YLIA|0 fnt\n|faint|p2a: YLIA\n|-activate|p2a: YLIA|move: Destiny Bond\n|faint|p1a: Ferrothorn\n|\n|upkeep\n|\n|t:|1699673916\n|switch|p2a: Dragonite|Dragonite, F|69\/100 tox\n|switch|p1a: Diancie|Diancie-Mega|100\/100\n|turn|23\n|\n|t:|1699673920\n|move|p1a: Diancie|Moonblast|p2a: Dragonite\n|-supereffective|p2a: Dragonite\n|-damage|p2a: Dragonite|0 fnt\n|faint|p2a: Dragonite\n|\n|win|lawrenceyu\n|raw|lawrenceyu's rating: 1602 &rarr; <strong>1621<\/strong><br \/>(+19 for winning)\n|raw|Abrar83's rating: 1581 &rarr; <strong>1562<\/strong><br \/>(-19 for losing)\n|l|\u2606Abrar83\n","uploadtime":1699673927,"views":4,"p1id":"lawrenceyu","p2id":"abrar83","formatid":"gen9nationaldex","rating":1562,"private":0,"password":""}