{"id":"gen9nationaldex-1991441555","p1":"RustySoupCan","p2":"Tank Tests","format":"[Gen 9] National Dex","log":"|j|\u2606RustySoupCan\n|j|\u2606Tank Tests\n|t:|1700077388\n|gametype|singles\n|player|p1|RustySoupCan|bugsy|1302\n|player|p2|Tank Tests|2|1374\n|teamsize|p1|6\n|teamsize|p2|6\n|gen|9\n|tier|[Gen 9] National Dex\n|rated|\n|rule|HP Percentage Mod: HP is shown in percentages\n|rule|Endless Battle Clause: Forcing endless battles is banned\n|rule|OHKO Clause: OHKO moves are banned\n|rule|Evasion Clause: Evasion abilities, items, and moves are banned\n|rule|Evasion Abilities Clause: Evasion abilities are banned\n|rule|Evasion Items Clause: Evasion items are banned\n|rule|Evasion Moves Clause: Evasion moves are banned\n|rule|Species Clause: Limit one of each Pok\u00e9mon\n|rule|Sleep Clause Mod: Limit one foe put to sleep\n|clearpoke\n|poke|p1|Lopunny, F|\n|poke|p1|Landorus-Therian, M|\n|poke|p1|Heatran, F|\n|poke|p1|Tapu Lele|\n|poke|p1|Sneasler, M|\n|poke|p1|Rotom-Wash|\n|poke|p2|Pawmot, F|\n|poke|p2|Rabsca, M|\n|poke|p2|Banette, M|\n|poke|p2|Victini|\n|poke|p2|Dragonite, M|\n|poke|p2|Forretress, M|\n|teampreview\n|\n|t:|1700077396\n|start\n|switch|p1a: Lopunny|Lopunny, F|100\/100\n|switch|p2a: Forretress|Forretress, M|100\/100\n|turn|1\n|\n|t:|1700077400\n|detailschange|p1a: Lopunny|Lopunny-Mega, F\n|-mega|p1a: Lopunny|Lopunny|Lopunnite\n|move|p1a: Lopunny|Fake Out|p2a: Forretress\n|-resisted|p2a: Forretress\n|-damage|p2a: Forretress|93\/100\n|cant|p2a: Forretress|flinch\n|\n|upkeep\n|turn|2\n|\n|t:|1700077404\n|move|p1a: Lopunny|U-turn|p2a: Forretress\n|-resisted|p2a: Forretress\n|-damage|p2a: Forretress|83\/100\n|inactive|Battle timer is ON: inactive players will automatically lose when time's up. (requested by RustySoupCan)\n|\n|t:|1700077407\n|switch|p1a: Heatran|Heatran, F|100\/100|[from] U-turn\n|move|p2a: Forretress|Thunder Wave|p1a: Heatran\n|-status|p1a: Heatran|par\n|\n|upkeep\n|turn|3\n|\n|t:|1700077417\n|switch|p2a: Victini|Victini|100\/100\n|move|p1a: Heatran|Stealth Rock|p2a: Victini\n|-sidestart|p2: Tank Tests|move: Stealth Rock\n|\n|upkeep\n|turn|4\n|\n|t:|1700077423\n|move|p2a: Victini|Final Gambit|p1a: Heatran\n|-damage|p1a: Heatran|12\/100 par\n|faint|p2a: Victini\n|cant|p1a: Heatran|par\n|\n|-heal|p1a: Heatran|18\/100 par|[from] item: Leftovers\n|upkeep\n|\n|t:|1700077429\n|switch|p2a: Dragonite|Dragonite, M|100\/100\n|-damage|p2a: Dragonite|76\/100|[from] Stealth Rock\n|turn|5\n|\n|t:|1700077435\n|move|p2a: Dragonite|Dragon Dance|p2a: Dragonite\n|-boost|p2a: Dragonite|atk|1\n|-boost|p2a: Dragonite|spe|1\n|move|p1a: Heatran|Taunt|p2a: Dragonite\n|-start|p2a: Dragonite|move: Taunt\n|\n|-heal|p1a: Heatran|25\/100 par|[from] item: Leftovers\n|upkeep\n|turn|6\n|\n|t:|1700077441\n|move|p2a: Dragonite|Dragon Claw|p1a: Heatran\n|-resisted|p1a: Heatran\n|-damage|p1a: Heatran|0 fnt\n|faint|p1a: Heatran\n|\n|upkeep\n|\n|t:|1700077447\n|switch|p1a: Rotom|Rotom-Wash|100\/100\n|turn|7\n|\n|t:|1700077451\n|move|p2a: Dragonite|Dragon Claw|p1a: Rotom\n|-damage|p1a: Rotom|44\/100\n|move|p1a: Rotom|Will-O-Wisp|p2a: Dragonite\n|-status|p2a: Dragonite|brn\n|\n|-heal|p1a: Rotom|50\/100|[from] item: Leftovers\n|-damage|p2a: Dragonite|70\/100 brn|[from] brn\n|upkeep\n|turn|8\n|\n|t:|1700077467\n|move|p2a: Dragonite|Earthquake|p1a: Rotom\n|-immune|p1a: Rotom|[from] ability: Levitate\n|move|p1a: Rotom|Volt Switch|p2a: Dragonite\n|-damage|p2a: Dragonite|43\/100 brn\n|\n|t:|1700077475\n|switch|p1a: Tapu Lele|Tapu Lele|100\/100|[from] Volt Switch\n|-fieldstart|move: Psychic Terrain|[from] ability: Psychic Surge|[of] p1a: Tapu Lele\n|\n|-damage|p2a: Dragonite|37\/100 brn|[from] brn\n|-end|p2a: Dragonite|move: Taunt\n|upkeep\n|turn|9\n|\n|t:|1700077478\n|move|p1a: Tapu Lele|Moonblast|p2a: Dragonite\n|-supereffective|p2a: Dragonite\n|-damage|p2a: Dragonite|0 fnt\n|faint|p2a: Dragonite\n|\n|upkeep\n|\n|t:|1700077482\n|switch|p2a: Forretress|Forretress, M|83\/100\n|turn|10\n|\n|t:|1700077493\n|switch|p1a: Rotom|Rotom-Wash|50\/100\n|move|p2a: Forretress|Rapid Spin|p1a: Rotom\n|-damage|p1a: Rotom|42\/100\n|-boost|p2a: Forretress|spe|1\n|-sideend|p2: Tank Tests|Stealth Rock|[from] move: Rapid Spin|[of] p2a: Forretress\n|\n|-heal|p1a: Rotom|48\/100|[from] item: Leftovers\n|upkeep\n|turn|11\n|\n|t:|1700077498\n|move|p1a: Rotom|Hydro Pump|p2a: Forretress\n|-damage|p2a: Forretress|46\/100\n|move|p2a: Forretress|Stealth Rock|p1a: Rotom\n|-sidestart|p1: RustySoupCan|move: Stealth Rock\n|\n|-heal|p1a: Rotom|54\/100|[from] item: Leftovers\n|upkeep\n|turn|12\n|\n|t:|1700077502\n|move|p1a: Rotom|Hydro Pump|p2a: Forretress\n|-damage|p2a: Forretress|11\/100\n|move|p2a: Forretress|Explosion|p1a: Rotom\n|-damage|p1a: Rotom|13\/100\n|faint|p2a: Forretress\n|\n|-heal|p1a: Rotom|19\/100|[from] item: Leftovers\n|-fieldend|move: Psychic Terrain\n|upkeep\n|\n|t:|1700077506\n|switch|p2a: Pawmot|Pawmot, F|100\/100\n|turn|13\n|\n|t:|1700077509\n|move|p2a: Pawmot|Close Combat|p1a: Rotom\n|-damage|p1a: Rotom|0 fnt\n|-unboost|p2a: Pawmot|def|1\n|-unboost|p2a: Pawmot|spd|1\n|faint|p1a: Rotom\n|\n|upkeep\n|\n|t:|1700077516\n|switch|p1a: Landorus|Landorus-Therian, M|100\/100\n|-damage|p1a: Landorus|88\/100|[from] Stealth Rock\n|-ability|p1a: Landorus|Intimidate|boost\n|-unboost|p2a: Pawmot|atk|1\n|turn|14\n|\n|t:|1700077522\n|switch|p2a: Banette|Banette, M|100\/100\n|move|p1a: Landorus|Earthquake|p2a: Banette\n|-damage|p2a: Banette|15\/100\n|\n|upkeep\n|turn|15\n|\n|t:|1700077530\n|detailschange|p2a: Banette|Banette-Mega, M\n|-mega|p2a: Banette|Banette|Banettite\n|move|p2a: Banette|Destiny Bond|p2a: Banette\n|-singlemove|p2a: Banette|Destiny Bond\n|move|p1a: Landorus|Earthquake|p2a: Banette\n|-damage|p2a: Banette|0 fnt\n|faint|p2a: Banette\n|-activate|p2a: Banette|move: Destiny Bond\n|faint|p1a: Landorus\n|\n|upkeep\n|\n|t:|1700077535\n|switch|p2a: Pawmot|Pawmot, F|100\/100\n|switch|p1a: Tapu Lele|Tapu Lele|100\/100\n|-damage|p1a: Tapu Lele|88\/100|[from] Stealth Rock\n|-fieldstart|move: Psychic Terrain|[from] ability: Psychic Surge|[of] p1a: Tapu Lele\n|turn|16\n|\n|t:|1700077539\n|switch|p2a: Rabsca|Rabsca, M|100\/100\n|move|p1a: Tapu Lele|Psychic|p2a: Rabsca\n|-resisted|p2a: Rabsca\n|-damage|p2a: Rabsca|70\/100\n|\n|upkeep\n|turn|17\n|\n|t:|1700077547\n|move|p1a: Tapu Lele|Psychic|p2a: Rabsca\n|-resisted|p2a: Rabsca\n|-damage|p2a: Rabsca|42\/100\n|move|p2a: Rabsca|Revival Blessing|p2a: Rabsca\n|-enditem|p2a: Rabsca|Leppa Berry|[eat]\n|-activate|p2a: Rabsca|item: Leppa Berry|Revival Blessing|[consumed]\n|\n|t:|1700077550\n|-heal|p2: Victini|50\/100|[from] move: Revival Blessing\n|\n|upkeep\n|turn|18\n|\n|t:|1700077553\n|move|p1a: Tapu Lele|Psychic|p2a: Rabsca\n|-resisted|p2a: Rabsca\n|-damage|p2a: Rabsca|13\/100\n|move|p2a: Rabsca|Revival Blessing|p2a: Rabsca\n|\n|t:|1700077556\n|-heal|p2: Dragonite|50\/100|[from] move: Revival Blessing\n|\n|upkeep\n|turn|19\n|\n|t:|1700077559\n|move|p1a: Tapu Lele|Psychic|p2a: Rabsca\n|-resisted|p2a: Rabsca\n|-damage|p2a: Rabsca|0 fnt\n|faint|p2a: Rabsca\n|\n|upkeep\n|\n|t:|1700077562\n|switch|p2a: Victini|Victini|50\/100\n|turn|20\n|\n|t:|1700077564\n|move|p2a: Victini|V-create|p1a: Tapu Lele\n|-damage|p1a: Tapu Lele|0 fnt\n|-unboost|p2a: Victini|spe|1\n|-unboost|p2a: Victini|def|1\n|-unboost|p2a: Victini|spd|1\n|faint|p1a: Tapu Lele\n|\n|-fieldend|move: Psychic Terrain\n|upkeep\n|\n|t:|1700077581\n|switch|p1a: Lopunny|Lopunny-Mega, F|100\/100\n|-damage|p1a: Lopunny|95\/100|[from] Stealth Rock\n|turn|21\n|\n|t:|1700077588\n|switch|p2a: Pawmot|Pawmot, F|100\/100\n|move|p1a: Lopunny|Fake Out|p2a: Pawmot\n|-damage|p2a: Pawmot|65\/100\n|\n|upkeep\n|turn|22\n|\n|t:|1700077593\n|move|p1a: Lopunny|Return|p2a: Pawmot\n|-damage|p2a: Pawmot|0 fnt\n|faint|p2a: Pawmot\n|\n|upkeep\n|\n|t:|1700077596\n|switch|p2a: Victini|Victini|50\/100\n|turn|23\n|\n|t:|1700077601\n|switch|p1a: Sneasler|Sneasler, M|100\/100\n|-damage|p1a: Sneasler|95\/100|[from] Stealth Rock\n|move|p2a: Victini|Zen Headbutt|p1a: Sneasler\n|-supereffective|p1a: Sneasler\n|-damage|p1a: Sneasler|0 fnt\n|faint|p1a: Sneasler\n|\n|upkeep\n|\n|t:|1700077603\n|switch|p1a: Lopunny|Lopunny-Mega, F|95\/100\n|-damage|p1a: Lopunny|89\/100|[from] Stealth Rock\n|turn|24\n|\n|t:|1700077608\n|switch|p2a: Dragonite|Dragonite, M|50\/100\n|move|p1a: Lopunny|Fake Out|p2a: Dragonite\n|-damage|p2a: Dragonite|26\/100\n|\n|upkeep\n|turn|25\n|\n|t:|1700077613\n|move|p2a: Dragonite|Extreme Speed|p1a: Lopunny\n|-damage|p1a: Lopunny|45\/100\n|move|p1a: Lopunny|Return|p2a: Dragonite\n|-damage|p2a: Dragonite|0 fnt\n|faint|p2a: Dragonite\n|\n|upkeep\n|\n|t:|1700077616\n|switch|p2a: Victini|Victini|50\/100\n|turn|26\n|\n|t:|1700077618\n|move|p2a: Victini|Zen Headbutt|p1a: Lopunny\n|-supereffective|p1a: Lopunny\n|-damage|p1a: Lopunny|0 fnt\n|faint|p1a: Lopunny\n|\n|win|Tank Tests\n|raw|RustySoupCan's rating: 1302 &rarr; <strong>1286<\/strong><br \/>(-16 for losing)\n|raw|Tank Tests's rating: 1374 &rarr; <strong>1390<\/strong><br \/>(+16 for winning)\n|l|\u2606RustySoupCan\n|c|\u2606Tank Tests|gg\n","uploadtime":1700077628,"views":10,"p1id":"rustysoupcan","p2id":"tanktests","formatid":"gen9nationaldex","rating":1286,"private":0,"password":""}