{"id":"gen9nationaldex-1988845120","p1":"king Dio D Diavolo","p2":"dadi02","format":"[Gen 9] National Dex","log":"|j|\u2606king Dio D Diavolo\n|j|\u2606dadi02\n|t:|1699772464\n|gametype|singles\n|player|p1|king Dio D Diavolo|hilda|1404\n|player|p2|dadi02|guitarist|1304\n|teamsize|p1|6\n|teamsize|p2|6\n|gen|9\n|tier|[Gen 9] National Dex\n|rated|\n|rule|HP Percentage Mod: HP is shown in percentages\n|rule|Endless Battle Clause: Forcing endless battles is banned\n|rule|OHKO Clause: OHKO moves are banned\n|rule|Evasion Clause: Evasion abilities, items, and moves are banned\n|rule|Evasion Abilities Clause: Evasion abilities are banned\n|rule|Evasion Items Clause: Evasion items are banned\n|rule|Evasion Moves Clause: Evasion moves are banned\n|rule|Species Clause: Limit one of each Pok\u00e9mon\n|rule|Sleep Clause Mod: Limit one foe put to sleep\n|clearpoke\n|poke|p1|Ogerpon-Wellspring, F|\n|poke|p1|Gliscor, F|\n|poke|p1|Volcarona, M|\n|poke|p1|Tapu Lele|\n|poke|p1|Garganacl, M|\n|poke|p1|Lopunny, F|\n|poke|p2|Golisopod, F|\n|poke|p2|Hoopa-Unbound|\n|poke|p2|Zapdos|\n|poke|p2|Landorus-Therian, M|\n|poke|p2|Heatran, F|\n|poke|p2|Scizor, F|\n|teampreview\n|\n|t:|1699772474\n|start\n|switch|p1a: Lopunny|Lopunny, F|100\/100\n|switch|p2a: Scizor|Scizor, F|100\/100\n|turn|1\n|l|\u2606dadi02\n|player|p2|\n|j|\u2606dadi02\n|player|p2|dadi02|guitarist\n|\n|t:|1699772509\n|switch|p1a: Volcarona|Volcarona, M|100\/100\n|detailschange|p2a: Scizor|Scizor-Mega, F\n|-mega|p2a: Scizor|Scizor|Scizorite\n|move|p2a: Scizor|Close Combat|p1a: Volcarona\n|-resisted|p1a: Volcarona\n|-damage|p1a: Volcarona|75\/100\n|-unboost|p2a: Scizor|def|1\n|-unboost|p2a: Scizor|spd|1\n|\n|upkeep\n|turn|2\n|\n|t:|1699772519\n|switch|p2a: Heatran|Heatran, F|100\/100\n|move|p1a: Volcarona|Quiver Dance|p1a: Volcarona\n|-boost|p1a: Volcarona|spa|1\n|-boost|p1a: Volcarona|spd|1\n|-boost|p1a: Volcarona|spe|1\n|\n|upkeep\n|turn|3\n|\n|t:|1699772530\n|switch|p1a: Garganacl|Garganacl, M|100\/100\n|move|p2a: Heatran|Toxic|p1a: Garganacl\n|-immune|p1a: Garganacl|[from] ability: Purifying Salt\n|\n|upkeep\n|turn|4\n|\n|t:|1699772539\n|move|p2a: Heatran|Magma Storm|p1a: Garganacl\n|-resisted|p1a: Garganacl\n|-damage|p1a: Garganacl|80\/100\n|-activate|p1a: Garganacl|move: Magma Storm|[of] p2a: Heatran\n|move|p1a: Garganacl|Salt Cure|p2a: Heatran\n|-damage|p2a: Heatran|89\/100\n|-start|p2a: Heatran|Salt Cure\n|\n|-heal|p2a: Heatran|96\/100|[from] item: Leftovers\n|-heal|p1a: Garganacl|86\/100|[from] item: Leftovers\n|-damage|p2a: Heatran|71\/100|[from] Salt Cure\n|-damage|p1a: Garganacl|74\/100|[from] move: Magma Storm|[partiallytrapped]\n|upkeep\n|turn|5\n|\n|t:|1699772552\n|move|p2a: Heatran|Earth Power|p1a: Garganacl\n|-supereffective|p1a: Garganacl\n|-damage|p1a: Garganacl|27\/100\n|move|p1a: Garganacl|Substitute|p1a: Garganacl\n|-start|p1a: Garganacl|Substitute\n|-end|p1a: Garganacl|Magma Storm|[partiallytrapped]|[silent]\n|-damage|p1a: Garganacl|2\/100\n|\n|-heal|p2a: Heatran|77\/100|[from] item: Leftovers\n|-heal|p1a: Garganacl|9\/100|[from] item: Leftovers\n|-damage|p2a: Heatran|52\/100|[from] Salt Cure\n|upkeep\n|turn|6\n|\n|t:|1699772565\n|switch|p2a: Hoopa|Hoopa-Unbound|100\/100\n|move|p1a: Garganacl|Protect||[still]\n|-fail|p1a: Garganacl\n|\n|-heal|p1a: Garganacl|15\/100|[from] item: Leftovers\n|upkeep\n|turn|7\n|\n|t:|1699772573\n|switch|p1a: Volcarona|Volcarona, M|75\/100\n|-terastallize|p2a: Hoopa|Dark\n|move|p2a: Hoopa|Hyperspace Fury|p1a: Volcarona\n|-damage|p1a: Volcarona|0 fnt\n|-unboost|p2a: Hoopa|def|1\n|faint|p1a: Volcarona\n|\n|upkeep\n|\n|t:|1699772585\n|switch|p1a: Lopunny|Lopunny, F|100\/100\n|turn|8\n|\n|t:|1699772590\n|switch|p2a: Landorus|Landorus-Therian, M, shiny|100\/100\n|-ability|p2a: Landorus|Intimidate|boost\n|-unboost|p1a: Lopunny|atk|1\n|detailschange|p1a: Lopunny|Lopunny-Mega, F\n|-mega|p1a: Lopunny|Lopunny|Lopunnite\n|move|p1a: Lopunny|U-turn|p2a: Landorus\n|-resisted|p2a: Landorus\n|-damage|p2a: Landorus|92\/100\n|\n|t:|1699772593\n|switch|p1a: Ogerpon|Ogerpon-Wellspring, F|100\/100|[from] U-turn\n|\n|upkeep\n|turn|9\n|\n|t:|1699772601\n|move|p1a: Ogerpon|Knock Off|p2a: Landorus\n|-damage|p2a: Landorus|55\/100\n|-enditem|p2a: Landorus|Assault Vest|[from] move: Knock Off|[of] p1a: Ogerpon\n|move|p2a: Landorus|U-turn|p1a: Ogerpon\n|-supereffective|p1a: Ogerpon\n|-crit|p1a: Ogerpon\n|-damage|p1a: Ogerpon|0 fnt\n|faint|p1a: Ogerpon\n|\n|t:|1699772616\n|switch|p2a: Golisopod|Golisopod, F, shiny|100\/100|[from] U-turn\n|\n|upkeep\n|\n|t:|1699772628\n|switch|p1a: Lopunny|Lopunny-Mega, F|100\/100\n|turn|10\n|\n|t:|1699772631\n|move|p2a: Golisopod|First Impression|p1a: Lopunny\n|-resisted|p1a: Lopunny\n|-crit|p1a: Lopunny\n|-damage|p1a: Lopunny|47\/100\n|move|p1a: Lopunny|Frustration|p2a: Golisopod\n|-damage|p2a: Golisopod|62\/100\n|\n|upkeep\n|turn|11\n|\n|t:|1699772639\n|move|p1a: Lopunny|U-turn|p2a: Golisopod\n|-damage|p2a: Golisopod|43\/100\n|-activate|p2a: Golisopod|ability: Emergency Exit\n|\n|t:|1699772646\n|switch|p2a: Hoopa|Hoopa-Unbound, tera:Dark|100\/100\n|\n|upkeep\n|turn|12\n|\n|t:|1699772651\n|move|p1a: Lopunny|Close Combat|p2a: Hoopa\n|-supereffective|p2a: Hoopa\n|-damage|p2a: Hoopa|0 fnt\n|-unboost|p1a: Lopunny|def|1\n|-unboost|p1a: Lopunny|spd|1\n|faint|p2a: Hoopa\n|\n|upkeep\n|\n|t:|1699772663\n|switch|p2a: Golisopod|Golisopod, F, shiny|43\/100\n|turn|13\n|\n|t:|1699772667\n|switch|p1a: Gliscor|Gliscor, F|100\/100\n|move|p2a: Golisopod|First Impression|p1a: Gliscor\n|-resisted|p1a: Gliscor\n|-damage|p1a: Gliscor|80\/100\n|\n|-status|p1a: Gliscor|tox|[from] item: Toxic Orb\n|upkeep\n|turn|14\n|\n|t:|1699772679\n|move|p1a: Gliscor|Stealth Rock|p2a: Golisopod\n|-sidestart|p2: dadi02|move: Stealth Rock\n|move|p2a: Golisopod|Liquidation|p1a: Gliscor\n|-supereffective|p1a: Gliscor\n|-damage|p1a: Gliscor|0 fnt\n|faint|p1a: Gliscor\n|\n|upkeep\n|\n|t:|1699772683\n|switch|p1a: Tapu Lele|Tapu Lele|100\/100\n|-fieldstart|move: Psychic Terrain|[from] ability: Psychic Surge|[of] p1a: Tapu Lele\n|turn|15\n|\n|t:|1699772689\n|switch|p2a: Zapdos|Zapdos|100\/100\n|-terastallize|p1a: Tapu Lele|Psychic\n|move|p1a: Tapu Lele|Psychic|p2a: Zapdos\n|-damage|p2a: Zapdos|25\/100\n|\n|upkeep\n|turn|16\n|\n|t:|1699772697\n|move|p1a: Tapu Lele|Psychic|p2a: Zapdos\n|-damage|p2a: Zapdos|0 fnt\n|faint|p2a: Zapdos\n|\n|upkeep\n|\n|t:|1699772701\n|switch|p2a: Scizor|Scizor-Mega, F|100\/100\n|-damage|p2a: Scizor|88\/100|[from] Stealth Rock\n|turn|17\n|\n|t:|1699772711\n|switch|p1a: Garganacl|Garganacl, M|15\/100\n|move|p2a: Scizor|Close Combat|p1a: Garganacl\n|-supereffective|p1a: Garganacl\n|-damage|p1a: Garganacl|0 fnt\n|-unboost|p2a: Scizor|def|1\n|-unboost|p2a: Scizor|spd|1\n|faint|p1a: Garganacl\n|\n|upkeep\n|\n|t:|1699772714\n|switch|p1a: Lopunny|Lopunny-Mega, F|47\/100\n|turn|18\n|\n|t:|1699772723\n|move|p1a: Lopunny|Close Combat|p2a: Scizor\n|-damage|p2a: Scizor|22\/100\n|-unboost|p1a: Lopunny|def|1\n|-unboost|p1a: Lopunny|spd|1\n|move|p2a: Scizor|U-turn|p1a: Lopunny\n|-resisted|p1a: Lopunny\n|-damage|p1a: Lopunny|4\/100\n|\n|t:|1699772732\n|switch|p2a: Golisopod|Golisopod, F, shiny|43\/100|[from] U-turn\n|\n|upkeep\n|turn|19\n|\n|t:|1699772735\n|move|p2a: Golisopod|First Impression|p1a: Lopunny\n|-activate|p1a: Lopunny|move: Psychic Terrain\n|move|p1a: Lopunny|Frustration|p2a: Golisopod\n|-damage|p2a: Golisopod|5\/100\n|\n|-fieldend|move: Psychic Terrain\n|upkeep\n|turn|20\n|\n|t:|1699772743\n|move|p2a: Golisopod|Aqua Jet|p1a: Lopunny\n|-damage|p1a: Lopunny|0 fnt\n|faint|p1a: Lopunny\n|\n|upkeep\n|\n|t:|1699772745\n|switch|p1a: Tapu Lele|Tapu Lele, tera:Psychic|100\/100\n|-fieldstart|move: Psychic Terrain|[from] ability: Psychic Surge|[of] p1a: Tapu Lele\n|turn|21\n|\n|t:|1699772755\n|move|p2a: Golisopod|Aqua Jet|p1a: Tapu Lele\n|-activate|p1a: Tapu Lele|move: Psychic Terrain\n|move|p1a: Tapu Lele|Focus Blast|p2a: Golisopod\n|-resisted|p2a: Golisopod\n|-damage|p2a: Golisopod|0 fnt\n|faint|p2a: Golisopod\n|\n|upkeep\n|\n|t:|1699772762\n|switch|p2a: Heatran|Heatran, F|52\/100\n|-damage|p2a: Heatran|39\/100|[from] Stealth Rock\n|turn|22\n|\n|t:|1699772771\n|move|p1a: Tapu Lele|Focus Blast|p2a: Heatran\n|-supereffective|p2a: Heatran\n|-damage|p2a: Heatran|0 fnt\n|faint|p2a: Heatran\n|\n|upkeep\n|\n|t:|1699772777\n|switch|p2a: Scizor|Scizor-Mega, F|22\/100\n|-damage|p2a: Scizor|10\/100|[from] Stealth Rock\n|turn|23\n|\n|t:|1699772782\n|move|p1a: Tapu Lele|Focus Blast|p2a: Scizor\n|-damage|p2a: Scizor|0 fnt\n|faint|p2a: Scizor\n|\n|upkeep\n|\n|t:|1699772787\n|switch|p2a: Landorus|Landorus-Therian, M, shiny|55\/100\n|-damage|p2a: Landorus|42\/100|[from] Stealth Rock\n|-ability|p2a: Landorus|Intimidate|boost\n|-unboost|p1a: Tapu Lele|atk|1\n|turn|24\n|\n|t:|1699772793\n|move|p1a: Tapu Lele|Focus Blast|p2a: Landorus\n|-resisted|p2a: Landorus\n|-damage|p2a: Landorus|24\/100\n|move|p2a: Landorus|Earthquake|p1a: Tapu Lele\n|-damage|p1a: Tapu Lele|5\/100\n|\n|upkeep\n|turn|25\n|\n|t:|1699772803\n|move|p1a: Tapu Lele|Focus Blast|p2a: Landorus|[miss]\n|-miss|p1a: Tapu Lele|p2a: Landorus\n|move|p2a: Landorus|Knock Off|p1a: Tapu Lele\n|-supereffective|p1a: Tapu Lele\n|-damage|p1a: Tapu Lele|0 fnt\n|-enditem|p1a: Tapu Lele|Choice Scarf|[from] move: Knock Off|[of] p2a: Landorus\n|faint|p1a: Tapu Lele\n|\n|win|dadi02\n|raw|king Dio D Diavolo's rating: 1404 &rarr; <strong>1378<\/strong><br \/>(-26 for losing)\n|raw|dadi02's rating: 1304 &rarr; <strong>1330<\/strong><br \/>(+26 for winning)\n|l|\u2606king Dio D Diavolo\n","uploadtime":1699772815,"views":4,"p1id":"kingdioddiavolo","p2id":"dadi02","formatid":"gen9nationaldex","rating":1330,"private":0,"password":""}