{"id":"gen9nationaldex-1993972962","p1":"jujibalaoshi001","p2":"Bear233","format":"[Gen 9] National Dex","log":"|j|\u2606jujibalaoshi001\n|j|\u2606Bear233\n|t:|1700385937\n|gametype|singles\n|player|p1|jujibalaoshi001|hexmaniac-gen6|1500\n|player|p2|Bear233|caitlin|1412\n|teamsize|p1|6\n|teamsize|p2|6\n|gen|9\n|tier|[Gen 9] National Dex\n|rated|\n|rule|HP Percentage Mod: HP is shown in percentages\n|rule|Endless Battle Clause: Forcing endless battles is banned\n|rule|OHKO Clause: OHKO moves are banned\n|rule|Evasion Clause: Evasion abilities, items, and moves are banned\n|rule|Evasion Abilities Clause: Evasion abilities are banned\n|rule|Evasion Items Clause: Evasion items are banned\n|rule|Evasion Moves Clause: Evasion moves are banned\n|rule|Species Clause: Limit one of each Pok\u00e9mon\n|rule|Sleep Clause Mod: Limit one foe put to sleep\n|clearpoke\n|poke|p1|Scizor, F|\n|poke|p1|Cloyster, F|\n|poke|p1|Garchomp, F|\n|poke|p1|Zapdos|\n|poke|p1|Heatran, F|\n|poke|p1|Chansey, F|\n|poke|p2|Tapu Lele|\n|poke|p2|Armarouge, F|\n|poke|p2|Dondozo, M|\n|poke|p2|Slowbro, M|\n|poke|p2|Zapdos|\n|poke|p2|Landorus-Therian, M|\n|teampreview\n|inactive|Battle timer is ON: inactive players will automatically lose when time's up. (requested by Bear233)\n|\n|t:|1700385950\n|start\n|switch|p1a: Zapdos|Zapdos|100\/100\n|switch|p2a: Zapdos|Zapdos|100\/100\n|turn|1\n|\n|t:|1700385956\n|move|p2a: Zapdos|Volt Switch|p1a: Zapdos\n|-damage|p1a: Zapdos|64\/100\n|\n|t:|1700385960\n|switch|p2a: Landorus|Landorus-Therian, M|100\/100|[from] Volt Switch\n|-ability|p2a: Landorus|Intimidate|boost\n|-unboost|p1a: Zapdos|atk|1\n|move|p1a: Zapdos|Volt Switch|p2a: Landorus\n|-immune|p2a: Landorus\n|\n|upkeep\n|turn|2\n|\n|t:|1700385968\n|move|p2a: Landorus|Knock Off|p1a: Zapdos\n|-damage|p1a: Zapdos|34\/100\n|-enditem|p1a: Zapdos|Heavy-Duty Boots|[from] move: Knock Off|[of] p2a: Landorus\n|move|p1a: Zapdos|Roost|p1a: Zapdos\n|-heal|p1a: Zapdos|84\/100\n|-singleturn|p1a: Zapdos|move: Roost\n|\n|upkeep\n|turn|3\n|\n|t:|1700385979\n|switch|p2a: Zapdos|Zapdos|100\/100\n|switch|p1a: Scizor|Scizor, F|100\/100\n|\n|upkeep\n|turn|4\n|\n|t:|1700385986\n|detailschange|p1a: Scizor|Scizor-Mega, F\n|-mega|p1a: Scizor|Scizor|Scizorite\n|move|p2a: Zapdos|Volt Switch|p1a: Scizor\n|-crit|p1a: Scizor\n|-damage|p1a: Scizor|55\/100\n|\n|t:|1700385991\n|switch|p2a: Landorus|Landorus-Therian, M|100\/100|[from] Volt Switch\n|-ability|p2a: Landorus|Intimidate|boost\n|-unboost|p1a: Scizor|atk|1\n|move|p1a: Scizor|U-turn|p2a: Landorus\n|-resisted|p2a: Landorus\n|-damage|p2a: Landorus|88\/100\n|\n|t:|1700386001\n|switch|p1a: Cloyster|Cloyster, F|100\/100|[from] U-turn\n|\n|upkeep\n|turn|5\n|\n|t:|1700386013\n|switch|p1a: Heatran|Heatran, F|100\/100\n|move|p2a: Landorus|U-turn|p1a: Heatran\n|-resisted|p1a: Heatran\n|-damage|p1a: Heatran|95\/100\n|\n|t:|1700386020\n|switch|p2a: Dondozo|Dondozo, M|100\/100|[from] U-turn\n|\n|-heal|p1a: Heatran|100\/100|[from] item: Leftovers\n|upkeep\n|turn|6\n|\n|t:|1700386028\n|-terastallize|p1a: Heatran|Grass\n|move|p1a: Heatran|Magma Storm|p2a: Dondozo|[miss]\n|-miss|p1a: Heatran|p2a: Dondozo\n|move|p2a: Dondozo|Wave Crash|p1a: Heatran\n|-resisted|p1a: Heatran\n|-damage|p1a: Heatran|74\/100\n|-damage|p2a: Dondozo|94\/100|[from] Recoil\n|\n|-heal|p1a: Heatran|80\/100|[from] item: Leftovers\n|-heal|p2a: Dondozo|99\/100|[from] item: Leftovers\n|upkeep\n|turn|7\n|c|\u2606jujibalaoshi001|\u2026\u2026\n|\n|t:|1700386045\n|switch|p2a: Tapu Lele|Tapu Lele|100\/100\n|-fieldstart|move: Psychic Terrain|[from] ability: Psychic Surge|[of] p2a: Tapu Lele\n|move|p1a: Heatran|Magma Storm|p2a: Tapu Lele\n|-damage|p2a: Tapu Lele|51\/100\n|-activate|p2a: Tapu Lele|move: Magma Storm|[of] p1a: Heatran\n|\n|-heal|p1a: Heatran|87\/100|[from] item: Leftovers\n|-damage|p2a: Tapu Lele|39\/100|[from] move: Magma Storm|[partiallytrapped]\n|upkeep\n|turn|8\n|\n|t:|1700386056\n|move|p2a: Tapu Lele|Future Sight|p1a: Heatran\n|-start|p2a: Tapu Lele|move: Future Sight\n|move|p1a: Heatran|Earth Power|p2a: Tapu Lele\n|-damage|p2a: Tapu Lele|9\/100\n|-unboost|p2a: Tapu Lele|spd|1\n|\n|-heal|p1a: Heatran|93\/100|[from] item: Leftovers\n|-damage|p2a: Tapu Lele|0 fnt|[from] move: Magma Storm|[partiallytrapped]\n|faint|p2a: Tapu Lele\n|upkeep\n|\n|t:|1700386064\n|switch|p2a: Armarouge|Armarouge, F|100\/100\n|turn|9\n|\n|t:|1700386072\n|switch|p2a: Landorus|Landorus-Therian, M|88\/100\n|-ability|p2a: Landorus|Intimidate|boost\n|-unboost|p1a: Heatran|atk|1\n|move|p1a: Heatran|Toxic|p2a: Landorus\n|-status|p2a: Landorus|tox\n|\n|-heal|p1a: Heatran|99\/100|[from] item: Leftovers\n|-damage|p2a: Landorus|82\/100 tox|[from] psn\n|upkeep\n|turn|10\n|\n|t:|1700386084\n|switch|p1a: Garchomp|Garchomp, F|100\/100\n|move|p2a: Landorus|U-turn|p1a: Garchomp\n|-damage|p1a: Garchomp|73\/100\n|-damage|p2a: Landorus|70\/100 tox|[from] ability: Rough Skin|[of] p1a: Garchomp\n|\n|t:|1700386092\n|switch|p2a: Armarouge|Armarouge, F|100\/100|[from] U-turn\n|\n|-end|p1a: Garchomp|move: Future Sight\n|-damage|p1a: Garchomp|0 fnt\n|faint|p1a: Garchomp\n|upkeep\n|\n|t:|1700386099\n|switch|p1a: Chansey|Chansey, F|100\/100\n|turn|11\n|\n|t:|1700386109\n|switch|p2a: Slowbro|Slowbro, M|100\/100\n|move|p1a: Chansey|Toxic|p2a: Slowbro\n|-status|p2a: Slowbro|tox\n|\n|-damage|p2a: Slowbro|94\/100 tox|[from] psn\n|upkeep\n|turn|12\n|\n|t:|1700386120\n|move|p1a: Chansey|Seismic Toss|p2a: Slowbro\n|-damage|p2a: Slowbro|69\/100 tox\n|-damage|p1a: Chansey|84\/100|[from] item: Rocky Helmet|[of] p2a: Slowbro\n|move|p2a: Slowbro|Thunder Wave|p1a: Chansey\n|-status|p1a: Chansey|par\n|\n|-damage|p2a: Slowbro|57\/100 tox|[from] psn\n|upkeep\n|turn|13\n|\n|t:|1700386129\n|move|p1a: Chansey|Soft-Boiled|p1a: Chansey\n|-heal|p1a: Chansey|100\/100 par\n|move|p2a: Slowbro|Teleport|p2a: Slowbro\n|\n|t:|1700386132\n|switch|p2a: Landorus|Landorus-Therian, M|70\/100 tox|[from] Teleport\n|-ability|p2a: Landorus|Intimidate|boost\n|-unboost|p1a: Chansey|atk|1\n|\n|-damage|p2a: Landorus|64\/100 tox|[from] psn\n|upkeep\n|turn|14\n|\n|t:|1700386141\n|move|p2a: Landorus|Knock Off|p1a: Chansey\n|-damage|p1a: Chansey|74\/100 par\n|-enditem|p1a: Chansey|Eviolite|[from] move: Knock Off|[of] p2a: Landorus\n|move|p1a: Chansey|Soft-Boiled|p1a: Chansey\n|-heal|p1a: Chansey|100\/100 par\n|\n|-damage|p2a: Landorus|52\/100 tox|[from] psn\n|-fieldend|move: Psychic Terrain\n|upkeep\n|turn|15\n|\n|t:|1700386153\n|switch|p2a: Slowbro|Slowbro, M|90\/100 tox\n|-curestatus|p1a: Chansey|par|[from] ability: Natural Cure\n|switch|p1a: Zapdos|Zapdos|84\/100\n|\n|-damage|p2a: Slowbro|84\/100 tox|[from] psn\n|upkeep\n|turn|16\n|\n|t:|1700386162\n|move|p1a: Zapdos|Hidden Power|p2a: Slowbro\n|-resisted|p2a: Slowbro\n|-damage|p2a: Slowbro|75\/100 tox\n|move|p2a: Slowbro|Teleport|p2a: Slowbro\n|\n|t:|1700386170\n|switch|p2a: Zapdos|Zapdos|100\/100|[from] Teleport\n|\n|upkeep\n|turn|17\n|\n|t:|1700386175\n|move|p2a: Zapdos|Volt Switch|p1a: Zapdos\n|-damage|p1a: Zapdos|47\/100\n|\n|t:|1700386182\n|switch|p2a: Dondozo|Dondozo, M|99\/100|[from] Volt Switch\n|move|p1a: Zapdos|Volt Switch|p2a: Dondozo\n|-supereffective|p2a: Dondozo\n|-damage|p2a: Dondozo|47\/100\n|\n|t:|1700386190\n|switch|p1a: Heatran|Heatran, F, tera:Grass|99\/100|[from] Volt Switch\n|\n|-heal|p1a: Heatran|100\/100|[from] item: Leftovers\n|-heal|p2a: Dondozo|53\/100|[from] item: Leftovers\n|upkeep\n|turn|18\n|\n|t:|1700386198\n|switch|p2a: Slowbro|Slowbro, M|100\/100 tox\n|move|p1a: Heatran|Magma Storm|p2a: Slowbro|[miss]\n|-miss|p1a: Heatran|p2a: Slowbro\n|\n|-damage|p2a: Slowbro|94\/100 tox|[from] psn\n|upkeep\n|turn|19\n|c|\u2606jujibalaoshi001|6\n|\n|t:|1700386217\n|move|p1a: Heatran|Taunt|p2a: Slowbro\n|-start|p2a: Slowbro|move: Taunt\n|cant|p2a: Slowbro|move: Taunt|Teleport\n|\n|-damage|p2a: Slowbro|82\/100 tox|[from] psn\n|upkeep\n|turn|20\n|\n|t:|1700386226\n|switch|p1a: Chansey|Chansey, F|100\/100\n|switch|p2a: Dondozo|Dondozo, M|53\/100\n|\n|-heal|p2a: Dondozo|60\/100|[from] item: Leftovers\n|upkeep\n|turn|21\n|\n|t:|1700386233\n|move|p1a: Chansey|Toxic|p2a: Dondozo\n|-status|p2a: Dondozo|tox\n|move|p2a: Dondozo|Wave Crash|p1a: Chansey\n|-damage|p1a: Chansey|46\/100\n|-damage|p2a: Dondozo|34\/100 tox|[from] Recoil\n|\n|-heal|p2a: Dondozo|41\/100 tox|[from] item: Leftovers\n|-damage|p2a: Dondozo|34\/100 tox|[from] psn\n|upkeep\n|turn|22\n|\n|t:|1700386243\n|move|p1a: Chansey|Soft-Boiled|p1a: Chansey\n|-heal|p1a: Chansey|96\/100\n|move|p2a: Dondozo|Rest|p2a: Dondozo\n|-status|p2a: Dondozo|slp|[from] move: Rest\n|-heal|p2a: Dondozo|100\/100 slp|[silent]\n|\n|upkeep\n|turn|23\n|\n|t:|1700386254\n|switch|p1a: Heatran|Heatran, F, tera:Grass|100\/100\n|cant|p2a: Dondozo|slp\n|move|p2a: Dondozo|Sleep Talk|p2a: Dondozo\n|move|p2a: Dondozo|Avalanche|p1a: Heatran|[from]move: Sleep Talk\n|-supereffective|p1a: Heatran\n|-damage|p1a: Heatran|70\/100\n|\n|-heal|p1a: Heatran|77\/100|[from] item: Leftovers\n|upkeep\n|turn|24\n|\n|t:|1700386264\n|switch|p2a: Slowbro|Slowbro, M|100\/100 tox\n|move|p1a: Heatran|Magma Storm|p2a: Slowbro\n|-resisted|p2a: Slowbro\n|-damage|p2a: Slowbro|79\/100 tox\n|-activate|p2a: Slowbro|move: Magma Storm|[of] p1a: Heatran\n|\n|-heal|p1a: Heatran|83\/100|[from] item: Leftovers\n|-damage|p2a: Slowbro|73\/100 tox|[from] psn\n|-damage|p2a: Slowbro|60\/100 tox|[from] move: Magma Storm|[partiallytrapped]\n|upkeep\n|turn|25\n|\n|t:|1700386272\n|move|p1a: Heatran|Taunt|p2a: Slowbro\n|-start|p2a: Slowbro|move: Taunt\n|cant|p2a: Slowbro|move: Taunt|Teleport\n|\n|-heal|p1a: Heatran|89\/100|[from] item: Leftovers\n|-damage|p2a: Slowbro|48\/100 tox|[from] psn\n|-damage|p2a: Slowbro|36\/100 tox|[from] move: Magma Storm|[partiallytrapped]\n|upkeep\n|turn|26\n|\n|t:|1700386281\n|move|p1a: Heatran|Earth Power|p2a: Slowbro\n|-damage|p2a: Slowbro|8\/100 tox\n|move|p2a: Slowbro|Fire Blast|p1a: Heatran\n|-start|p1a: Heatran|ability: Flash Fire\n|\n|-heal|p1a: Heatran|95\/100|[from] item: Leftovers\n|-damage|p2a: Slowbro|0 fnt|[from] psn\n|faint|p2a: Slowbro\n|upkeep\n|\n|t:|1700386286\n|switch|p2a: Zapdos|Zapdos|100\/100\n|turn|27\n|\n|t:|1700386294\n|-end|p1a: Heatran|ability: Flash Fire|[silent]\n|switch|p1a: Chansey|Chansey, F|96\/100\n|move|p2a: Zapdos|Hurricane|p1a: Chansey|[miss]\n|-miss|p2a: Zapdos|p1a: Chansey\n|\n|upkeep\n|turn|28\n|\n|t:|1700386308\n|move|p2a: Zapdos|Volt Switch|p1a: Chansey\n|-damage|p1a: Chansey|79\/100\n|\n|t:|1700386310\n|switch|p2a: Dondozo|Dondozo, M|100\/100 slp|[from] Volt Switch\n|move|p1a: Chansey|Seismic Toss|p2a: Dondozo\n|-damage|p2a: Dondozo|81\/100 slp\n|\n|-heal|p2a: Dondozo|87\/100 slp|[from] item: Leftovers\n|upkeep\n|turn|29\n|\n|t:|1700386319\n|switch|p2a: Armarouge|Armarouge, F|100\/100\n|move|p1a: Chansey|Soft-Boiled|p1a: Chansey\n|-heal|p1a: Chansey|100\/100\n|\n|upkeep\n|turn|30\n|\n|t:|1700386325\n|move|p2a: Armarouge|Aura Sphere|p1a: Chansey\n|-supereffective|p1a: Chansey\n|-damage|p1a: Chansey|72\/100\n|move|p1a: Chansey|Toxic|p2a: Armarouge\n|-status|p2a: Armarouge|tox\n|\n|-damage|p2a: Armarouge|94\/100 tox|[from] psn\n|upkeep\n|turn|31\n|\n|t:|1700386333\n|move|p2a: Armarouge|Aura Sphere|p1a: Chansey\n|-supereffective|p1a: Chansey\n|-damage|p1a: Chansey|47\/100\n|move|p1a: Chansey|Soft-Boiled|p1a: Chansey\n|-heal|p1a: Chansey|97\/100\n|\n|-damage|p2a: Armarouge|82\/100 tox|[from] psn\n|upkeep\n|turn|32\n|-message|Bear233 forfeited.\n|\n|win|jujibalaoshi001\n|raw|jujibalaoshi001's rating: 1500 &rarr; <strong>1515<\/strong><br \/>(+15 for winning)\n|raw|Bear233's rating: 1412 &rarr; <strong>1397<\/strong><br \/>(-15 for losing)\n|l|\u2606Bear233\n|l|\u2606jujibalaoshi001\n|j|\u2606jujibalaoshi001\n|player|p1|jujibalaoshi001|hexmaniac-gen6\n","uploadtime":1700386347,"views":6,"p1id":"jujibalaoshi001","p2id":"bear233","formatid":"gen9nationaldex","rating":1397,"private":0,"password":""}