{"id":"gen9nationaldex-1998889165","p1":"DanjNeesan","p2":"miaoTV-\u9752","format":"[Gen 9] National Dex","log":"|html|<div class=\"broadcast-blue\"><strong>[Gen 9] National Dex is currently suspecting Sneasler! For information on how to participate check out the <a href=\"https:\/\/www.smogon.com\/forums\/threads\/sv-national-dex-suspect-8-just-dance.3731534\/\">suspect thread<\/a>.<\/strong><\/div>\n|j|\u2606DanjNeesan\n|j|\u2606miaoTV-\u9752\n|t:|1701009068\n|gametype|singles\n|player|p1|DanjNeesan|veteranf|1565\n|player|p2|miaoTV-\u9752|102|1594\n|teamsize|p1|6\n|teamsize|p2|6\n|gen|9\n|tier|[Gen 9] National Dex\n|rated|\n|rule|HP Percentage Mod: HP is shown in percentages\n|rule|Endless Battle Clause: Forcing endless battles is banned\n|rule|OHKO Clause: OHKO moves are banned\n|rule|Evasion Clause: Evasion abilities, items, and moves are banned\n|rule|Evasion Abilities Clause: Evasion abilities are banned\n|rule|Evasion Items Clause: Evasion items are banned\n|rule|Evasion Moves Clause: Evasion moves are banned\n|rule|Species Clause: Limit one of each Pok\u00e9mon\n|rule|Sleep Clause Mod: Limit one foe put to sleep\n|clearpoke\n|poke|p1|Mawile, F|\n|poke|p1|Ferrothorn, F|\n|poke|p1|Slowbro, F|\n|poke|p1|Volcarona, F|\n|poke|p1|Landorus-Therian, M|\n|poke|p1|Clodsire, F|\n|poke|p2|Tapu Koko|\n|poke|p2|Zapdos|\n|poke|p2|Marowak-Alola, F|\n|poke|p2|Scizor, M|\n|poke|p2|Landorus-Therian, M|\n|poke|p2|Dhelmise|\n|teampreview\n|inactive|Battle timer is ON: inactive players will automatically lose when time's up. (requested by miaoTV-\u9752)\n|j| NicksRokaya\n|inactive|DanjNeesan has 120 seconds left.\n|c|\u2606miaoTV-\u9752|hi\n|\n|t:|1701009137\n|start\n|switch|p1a: Landorus|Landorus-Therian, M|100\/100\n|switch|p2a: Tapu Koko|Tapu Koko|100\/100\n|-fieldstart|move: Electric Terrain|[from] ability: Electric Surge|[of] p2a: Tapu Koko\n|-ability|p1a: Landorus|Intimidate|boost\n|-unboost|p2a: Tapu Koko|atk|1\n|turn|1\n|c|\u2606DanjNeesan|hi\n|\n|t:|1701009165\n|move|p2a: Tapu Koko|Dazzling Gleam|p1a: Landorus\n|-damage|p1a: Landorus|37\/100\n|move|p1a: Landorus|Stone Edge|p2a: Tapu Koko\n|-damage|p2a: Tapu Koko|48\/100\n|\n|upkeep\n|turn|2\n|\n|t:|1701009172\n|switch|p2a: Landorus|Landorus-Therian, M|100\/100\n|-ability|p2a: Landorus|Intimidate|boost\n|-unboost|p1a: Landorus|atk|1\n|switch|p1a: Clodsire|Clodsire, F|100\/100\n|\n|upkeep\n|turn|3\n|\n|t:|1701009179\n|switch|p1a: Landorus|Landorus-Therian, M|37\/100\n|-ability|p1a: Landorus|Intimidate|boost\n|-unboost|p2a: Landorus|atk|1\n|move|p2a: Landorus|U-turn|p1a: Landorus\n|-resisted|p1a: Landorus\n|-damage|p1a: Landorus|26\/100\n|\n|t:|1701009190\n|switch|p2a: Tapu Koko|Tapu Koko|48\/100|[from] U-turn\n|\n|upkeep\n|turn|4\n|\n|t:|1701009194\n|switch|p1a: Ferrothorn|Ferrothorn, F|100\/100\n|move|p2a: Tapu Koko|Volt Switch|p1a: Ferrothorn\n|-resisted|p1a: Ferrothorn\n|-damage|p1a: Ferrothorn|79\/100\n|\n|t:|1701009199\n|switch|p2a: Marowak|Marowak-Alola, F|100\/100|[from] Volt Switch\n|\n|-heal|p1a: Ferrothorn|86\/100|[from] item: Leftovers\n|upkeep\n|turn|5\n|\n|t:|1701009204\n|switch|p1a: Clodsire|Clodsire, F|100\/100\n|move|p2a: Marowak|Substitute|p2a: Marowak\n|-start|p2a: Marowak|Substitute\n|-damage|p2a: Marowak|75\/100\n|\n|-fieldend|move: Electric Terrain\n|upkeep\n|turn|6\n|\n|t:|1701009210\n|move|p2a: Marowak|Earthquake|p1a: Clodsire\n|-supereffective|p1a: Clodsire\n|-damage|p1a: Clodsire|0 fnt\n|faint|p1a: Clodsire\n|\n|upkeep\n|\n|t:|1701009216\n|switch|p1a: Landorus|Landorus-Therian, M|26\/100\n|-ability|p1a: Landorus|Intimidate|boost\n|-immune|p2a: Marowak\n|turn|7\n|\n|t:|1701009221\n|move|p1a: Landorus|Earthquake|p2a: Marowak\n|-supereffective|p2a: Marowak\n|-end|p2a: Marowak|Substitute\n|move|p2a: Marowak|Flare Blitz|p1a: Landorus\n|-damage|p1a: Landorus|0 fnt\n|faint|p1a: Landorus\n|-damage|p2a: Marowak|67\/100|[from] Recoil\n|\n|upkeep\n|\n|t:|1701009229\n|switch|p1a: Mawile|Mawile, F|100\/100\n|-ability|p1a: Mawile|Intimidate|boost\n|-unboost|p2a: Marowak|atk|1\n|turn|8\n|\n|t:|1701009236\n|switch|p2a: Landorus|Landorus-Therian, M|100\/100\n|-ability|p2a: Landorus|Intimidate|boost\n|-unboost|p1a: Mawile|atk|1\n|detailschange|p1a: Mawile|Mawile-Mega, F\n|-mega|p1a: Mawile|Mawile|Mawilite\n|move|p1a: Mawile|Knock Off|p2a: Landorus\n|-damage|p2a: Landorus|72\/100\n|\n|upkeep\n|turn|9\n|\n|t:|1701009245\n|switch|p1a: Ferrothorn|Ferrothorn, F|86\/100\n|move|p2a: Landorus|Earthquake|p1a: Ferrothorn\n|-damage|p1a: Ferrothorn|41\/100\n|\n|-heal|p1a: Ferrothorn|47\/100|[from] item: Leftovers\n|upkeep\n|turn|10\n|\n|t:|1701009252\n|move|p2a: Landorus|Earthquake|p1a: Ferrothorn\n|-damage|p1a: Ferrothorn|3\/100\n|move|p1a: Ferrothorn|Leech Seed|p2a: Landorus\n|-start|p2a: Landorus|move: Leech Seed\n|\n|-heal|p1a: Ferrothorn|9\/100|[from] item: Leftovers\n|-damage|p2a: Landorus|60\/100|[from] Leech Seed|[of] p1a: Ferrothorn\n|-heal|p1a: Ferrothorn|23\/100|[silent]\n|upkeep\n|turn|11\n|\n|t:|1701009260\n|switch|p2a: Marowak|Marowak-Alola, F|67\/100\n|switch|p1a: Slowbro|Slowbro, F|100\/100\n|\n|upkeep\n|turn|12\n|\n|t:|1701009265\n|move|p2a: Marowak|Poltergeist|p1a: Slowbro\n|-activate|p1a: Slowbro|move: Poltergeist|Rocky Helmet\n|-supereffective|p1a: Slowbro\n|-damage|p1a: Slowbro|0 fnt\n|faint|p1a: Slowbro\n|\n|upkeep\n|\n|t:|1701009270\n|switch|p1a: Volcarona|Volcarona, F|100\/100\n|turn|13\n|\n|t:|1701009273\n|move|p1a: Volcarona|Hidden Power|p2a: Marowak\n|-supereffective|p2a: Marowak\n|-damage|p2a: Marowak|13\/100\n|move|p2a: Marowak|Flare Blitz|p1a: Volcarona\n|-damage|p1a: Volcarona|0 fnt\n|faint|p1a: Volcarona\n|-damage|p2a: Marowak|0 fnt|[from] Recoil\n|faint|p2a: Marowak\n|\n|upkeep\n|j| Fhow\u2740\n|-message|DanjNeesan forfeited.\n|\n|win|miaoTV-\u9752\n|raw|DanjNeesan's rating: 1565 &rarr; <strong>1547<\/strong><br \/>(-18 for losing)\n|raw|miaoTV-\u9752's rating: 1594 &rarr; <strong>1612<\/strong><br \/>(+18 for winning)\n|j| BurritoSave\n|l|\u2606DanjNeesan\n|l| BurritoSave\n","uploadtime":1701009382,"views":11,"p1id":"danjneesan","p2id":"miaotv","formatid":"gen9nationaldex","rating":1547,"private":0,"password":""}