{"id":"gen9nationaldex-1998780885","p1":"Deriverse","p2":"Lycoreca","format":"[Gen 9] National Dex","log":"|html|<div class=\"broadcast-blue\"><strong>[Gen 9] National Dex is currently suspecting Sneasler! For information on how to participate check out the <a href=\"https:\/\/www.smogon.com\/forums\/threads\/sv-national-dex-suspect-8-just-dance.3731534\/\">suspect thread<\/a>.<\/strong><\/div>\n|j|\u2606Deriverse\n|j|\u2606Lycoreca\n|t:|1700989457\n|gametype|singles\n|player|p1|Deriverse|veteranf|1374\n|player|p2|Lycoreca|cheren-gen5bw2|1323\n|teamsize|p1|6\n|teamsize|p2|6\n|gen|9\n|tier|[Gen 9] National Dex\n|rated|\n|rule|HP Percentage Mod: HP is shown in percentages\n|rule|Endless Battle Clause: Forcing endless battles is banned\n|rule|OHKO Clause: OHKO moves are banned\n|rule|Evasion Clause: Evasion abilities, items, and moves are banned\n|rule|Evasion Abilities Clause: Evasion abilities are banned\n|rule|Evasion Items Clause: Evasion items are banned\n|rule|Evasion Moves Clause: Evasion moves are banned\n|rule|Species Clause: Limit one of each Pok\u00e9mon\n|rule|Sleep Clause Mod: Limit one foe put to sleep\n|clearpoke\n|poke|p1|Gliscor, M|\n|poke|p1|Tapu Lele|\n|poke|p1|Volcarona, F|\n|poke|p1|Ferrothorn, M|\n|poke|p1|Toxapex, F|\n|poke|p1|Rotom-Wash|\n|poke|p2|Haxorus, M|\n|poke|p2|Urshifu-*, M|\n|poke|p2|Ceruledge, M|\n|poke|p2|Scizor, M|\n|poke|p2|Gliscor, F|\n|poke|p2|Iron Moth|\n|teampreview\n|inactive|Battle timer is ON: inactive players will automatically lose when time's up. (requested by Deriverse)\n|inactive|Lycoreca also wants the timer to be on.\n|\n|t:|1700989467\n|start\n|switch|p1a: Ferrothorn|Ferrothorn, M|100\/100\n|switch|p2a: Haxorus|Haxorus, M|100\/100\n|-ability|p2a: Haxorus|Mold Breaker\n|turn|1\n|\n|t:|1700989477\n|move|p2a: Haxorus|Dragon Dance|p2a: Haxorus\n|-boost|p2a: Haxorus|atk|1\n|-boost|p2a: Haxorus|spe|1\n|move|p1a: Ferrothorn|Thunder Wave|p2a: Haxorus\n|-status|p2a: Haxorus|par\n|\n|upkeep\n|turn|2\n|\n|t:|1700989484\n|move|p2a: Haxorus|Earthquake|p1a: Ferrothorn\n|-damage|p1a: Ferrothorn|55\/100\n|move|p1a: Ferrothorn|Stealth Rock|p2a: Haxorus\n|-sidestart|p2: Lycoreca|move: Stealth Rock\n|\n|-heal|p1a: Ferrothorn|61\/100|[from] item: Leftovers\n|upkeep\n|turn|3\n|\n|t:|1700989494\n|move|p2a: Haxorus|Earthquake|p1a: Ferrothorn\n|-damage|p1a: Ferrothorn|14\/100\n|move|p1a: Ferrothorn|Gyro Ball|p2a: Haxorus\n|-damage|p2a: Haxorus|44\/100 par\n|\n|-heal|p1a: Ferrothorn|20\/100|[from] item: Leftovers\n|upkeep\n|turn|4\n|\n|t:|1700989504\n|switch|p1a: Gliscor|Gliscor, M|100\/100\n|move|p2a: Haxorus|Earthquake|p1a: Gliscor\n|-immune|p1a: Gliscor\n|\n|-status|p1a: Gliscor|tox|[from] item: Toxic Orb\n|upkeep\n|turn|5\n|\n|t:|1700989513\n|move|p1a: Gliscor|Knock Off|p2a: Haxorus\n|-damage|p2a: Haxorus|17\/100 par\n|-enditem|p2a: Haxorus|Loaded Dice|[from] move: Knock Off|[of] p1a: Gliscor\n|move|p2a: Haxorus|Scale Shot|p1a: Gliscor\n|-damage|p1a: Gliscor|85\/100 tox\n|-damage|p1a: Gliscor|70\/100 tox\n|-damage|p1a: Gliscor|54\/100 tox\n|-damage|p1a: Gliscor|39\/100 tox\n|-damage|p1a: Gliscor|25\/100 tox\n|-hitcount|p1a: Gliscor|5\n|-unboost|p2a: Haxorus|def|1\n|-boost|p2a: Haxorus|spe|1\n|\n|-heal|p1a: Gliscor|37\/100 tox|[from] ability: Poison Heal\n|upkeep\n|turn|6\n|\n|t:|1700989529\n|move|p2a: Haxorus|Scale Shot|p1a: Gliscor\n|-damage|p1a: Gliscor|23\/100 tox\n|-damage|p1a: Gliscor|8\/100 tox\n|-damage|p1a: Gliscor|0 fnt\n|faint|p1a: Gliscor\n|-hitcount|p1: Gliscor|3\n|-unboost|p2a: Haxorus|def|1\n|-boost|p2a: Haxorus|spe|1\n|\n|upkeep\n|\n|t:|1700989539\n|switch|p1a: Toxapex|Toxapex, F|100\/100\n|turn|7\n|\n|t:|1700989544\n|move|p2a: Haxorus|Scale Shot|p1a: Toxapex\n|-damage|p1a: Toxapex|87\/100\n|-damage|p1a: Toxapex|72\/100\n|-hitcount|p1a: Toxapex|2\n|-unboost|p2a: Haxorus|def|1\n|-boost|p2a: Haxorus|spe|1\n|move|p1a: Toxapex|Knock Off|p2a: Haxorus\n|-damage|p2a: Haxorus|0 fnt\n|faint|p2a: Haxorus\n|\n|-heal|p1a: Toxapex|78\/100|[from] item: Leftovers\n|upkeep\n|\n|t:|1700989557\n|switch|p2a: Gliscor|Gliscor, F|100\/100\n|-damage|p2a: Gliscor|88\/100|[from] Stealth Rock\n|turn|8\n|\n|t:|1700989564\n|move|p2a: Gliscor|Stealth Rock|p1a: Toxapex\n|-sidestart|p1: Deriverse|move: Stealth Rock\n|move|p1a: Toxapex|Knock Off|p2a: Gliscor\n|-damage|p2a: Gliscor|76\/100\n|-enditem|p2a: Gliscor|Toxic Orb|[from] move: Knock Off|[of] p1a: Toxapex\n|\n|-heal|p1a: Toxapex|85\/100|[from] item: Leftovers\n|upkeep\n|turn|9\n|\n|t:|1700989574\n|switch|p1a: Rotom|Rotom-Wash|100\/100\n|-damage|p1a: Rotom|88\/100|[from] Stealth Rock\n|move|p2a: Gliscor|Earthquake|p1a: Rotom\n|-immune|p1a: Rotom|[from] ability: Levitate\n|\n|-heal|p1a: Rotom|94\/100|[from] item: Leftovers\n|upkeep\n|turn|10\n|\n|t:|1700989585\n|move|p1a: Rotom|Hydro Pump|p2a: Gliscor\n|-supereffective|p2a: Gliscor\n|-damage|p2a: Gliscor|0 fnt\n|faint|p2a: Gliscor\n|\n|-heal|p1a: Rotom|100\/100|[from] item: Leftovers\n|upkeep\n|\n|t:|1700989593\n|switch|p2a: Iron Moth|Iron Moth|100\/100\n|-damage|p2a: Iron Moth|76\/100|[from] Stealth Rock\n|-enditem|p2a: Iron Moth|Booster Energy\n|-activate|p2a: Iron Moth|ability: Quark Drive|[fromitem]\n|-start|p2a: Iron Moth|quarkdrivespe\n|turn|11\n|\n|t:|1700989601\n|-terastallize|p2a: Iron Moth|Grass\n|move|p2a: Iron Moth|Energy Ball|p1a: Rotom\n|-supereffective|p1a: Rotom\n|-damage|p1a: Rotom|0 fnt\n|faint|p1a: Rotom\n|\n|upkeep\n|\n|t:|1700989611\n|switch|p1a: Volcarona|Volcarona, F|100\/100\n|turn|12\n|\n|t:|1700989619\n|move|p2a: Iron Moth|Sludge Wave|p1a: Volcarona\n|-damage|p1a: Volcarona|57\/100\n|move|p1a: Volcarona|Fiery Dance|p2a: Iron Moth\n|-supereffective|p2a: Iron Moth\n|-damage|p2a: Iron Moth|0 fnt\n|faint|p2a: Iron Moth\n|-end|p2a: Iron Moth|Quark Drive|[silent]\n|\n|upkeep\n|\n|t:|1700989629\n|switch|p2a: Urshifu|Urshifu-Rapid-Strike, M|100\/100\n|-damage|p2a: Urshifu|94\/100|[from] Stealth Rock\n|turn|13\n|\n|t:|1700989634\n|switch|p1a: Ferrothorn|Ferrothorn, M|20\/100\n|-damage|p1a: Ferrothorn|14\/100|[from] Stealth Rock\n|move|p2a: Urshifu|Surging Strikes|p1a: Ferrothorn\n|-resisted|p1a: Ferrothorn\n|-crit|p1a: Ferrothorn\n|-damage|p1a: Ferrothorn|5\/100\n|-damage|p2a: Urshifu|82\/100|[from] ability: Iron Barbs|[of] p1a: Ferrothorn\n|-resisted|p1a: Ferrothorn\n|-crit|p1a: Ferrothorn\n|-damage|p1a: Ferrothorn|0 fnt\n|-damage|p2a: Urshifu|70\/100|[from] ability: Iron Barbs|[of] p1a: Ferrothorn\n|faint|p1a: Ferrothorn\n|-hitcount|p1: Ferrothorn|2\n|\n|upkeep\n|\n|t:|1700989644\n|switch|p1a: Toxapex|Toxapex, F|100\/100\n|-damage|p1a: Toxapex|88\/100|[from] Stealth Rock\n|turn|14\n|\n|t:|1700989654\n|move|p2a: Urshifu|Stone Edge|p1a: Toxapex\n|-damage|p1a: Toxapex|66\/100\n|move|p1a: Toxapex|Scald|p2a: Urshifu\n|-resisted|p2a: Urshifu\n|-damage|p2a: Urshifu|59\/100\n|-status|p2a: Urshifu|brn\n|\n|-heal|p1a: Toxapex|72\/100|[from] item: Leftovers\n|-damage|p2a: Urshifu|53\/100 brn|[from] brn\n|upkeep\n|turn|15\n|\n|t:|1700989667\n|move|p2a: Urshifu|Stone Edge|p1a: Toxapex\n|-damage|p1a: Toxapex|61\/100\n|move|p1a: Toxapex|Scald|p2a: Urshifu\n|-resisted|p2a: Urshifu\n|-damage|p2a: Urshifu|42\/100 brn\n|\n|-heal|p1a: Toxapex|68\/100|[from] item: Leftovers\n|-damage|p2a: Urshifu|35\/100 brn|[from] brn\n|upkeep\n|turn|16\n|\n|t:|1700989679\n|move|p2a: Urshifu|Stone Edge|p1a: Toxapex|[miss]\n|-miss|p2a: Urshifu|p1a: Toxapex\n|move|p1a: Toxapex|Recover|p1a: Toxapex\n|-heal|p1a: Toxapex|100\/100\n|\n|-damage|p2a: Urshifu|29\/100 brn|[from] brn\n|upkeep\n|turn|17\n|-message|Lycoreca forfeited.\n|\n|win|Deriverse\n|raw|Deriverse's rating: 1374 &rarr; <strong>1391<\/strong><br \/>(+17 for winning)\n|raw|Lycoreca's rating: 1323 &rarr; <strong>1306<\/strong><br \/>(-17 for losing)\n|l|\u2606Lycoreca\n|l|\u2606Deriverse\n|j|\u2606Deriverse\n|player|p1|Deriverse|veteranf\n","uploadtime":1700990892,"views":2,"p1id":"deriverse","p2id":"lycoreca","formatid":"gen9nationaldex","rating":1306,"private":0,"password":""}