{"id":"gen9nationaldex-1997430206","p1":"Zephyr06","p2":"psng","format":"[Gen 9] National Dex","log":"|html|<div class=\"broadcast-blue\"><strong>[Gen 9] National Dex is currently suspecting Sneasler! For information on how to participate check out the <a href=\"https:\/\/www.smogon.com\/forums\/threads\/sv-national-dex-suspect-8-just-dance.3731534\/\">suspect thread<\/a>.<\/strong><\/div>\n|j|\u2606Zephyr06\n|j|\u2606psng\n|t:|1700803872\n|gametype|singles\n|player|p1|Zephyr06|morty-gen2|1451\n|player|p2|psng|wallace|1478\n|teamsize|p1|6\n|teamsize|p2|6\n|gen|9\n|tier|[Gen 9] National Dex\n|rated|\n|rule|HP Percentage Mod: HP is shown in percentages\n|rule|Endless Battle Clause: Forcing endless battles is banned\n|rule|OHKO Clause: OHKO moves are banned\n|rule|Evasion Clause: Evasion abilities, items, and moves are banned\n|rule|Evasion Abilities Clause: Evasion abilities are banned\n|rule|Evasion Items Clause: Evasion items are banned\n|rule|Evasion Moves Clause: Evasion moves are banned\n|rule|Species Clause: Limit one of each Pok\u00e9mon\n|rule|Sleep Clause Mod: Limit one foe put to sleep\n|clearpoke\n|poke|p1|Cresselia, F|\n|poke|p1|Skarmory, M|\n|poke|p1|Toxapex, M|\n|poke|p1|Garganacl, F|\n|poke|p1|Gliscor, M|\n|poke|p1|Lopunny, F|\n|poke|p2|Pelipper, M|\n|poke|p2|Tapu Lele|\n|poke|p2|Swampert, M|\n|poke|p2|Greninja-*, M|\n|poke|p2|Zapdos|\n|poke|p2|Ferrothorn, M|\n|teampreview\n|inactive|Battle timer is ON: inactive players will automatically lose when time's up. (requested by psng)\n|c|\u2606Zephyr06|gl hf\n|\n|t:|1700803894\n|start\n|switch|p1a: ON THE ROCKS|Garganacl, F|100\/100\n|switch|p2a: Swampert|Swampert, M, shiny|100\/100\n|turn|1\n|\n|t:|1700803902\n|detailschange|p2a: Swampert|Swampert-Mega, M, shiny\n|-mega|p2a: Swampert|Swampert|Swampertite\n|-terastallize|p1a: ON THE ROCKS|Dragon\n|move|p2a: Swampert|Flip Turn|p1a: ON THE ROCKS\n|-resisted|p1a: ON THE ROCKS\n|-damage|p1a: ON THE ROCKS|89\/100\n|\n|t:|1700803909\n|switch|p2a: Tapu Lele|Tapu Lele, shiny|100\/100|[from] Flip Turn\n|-fieldstart|move: Psychic Terrain|[from] ability: Psychic Surge|[of] p2a: Tapu Lele\n|move|p1a: ON THE ROCKS|Salt Cure|p2a: Tapu Lele\n|-damage|p2a: Tapu Lele|79\/100\n|-start|p2a: Tapu Lele|Salt Cure\n|\n|-heal|p1a: ON THE ROCKS|95\/100|[from] item: Leftovers\n|-damage|p2a: Tapu Lele|66\/100|[from] Salt Cure\n|upkeep\n|turn|2\n|\n|t:|1700803924\n|switch|p1a: PINK MOON|Cresselia, F, shiny|100\/100\n|move|p2a: Tapu Lele|Moonblast|p1a: PINK MOON\n|-damage|p1a: PINK MOON|66\/100\n|\n|-damage|p2a: Tapu Lele|54\/100|[from] Salt Cure\n|upkeep\n|turn|3\n|\n|t:|1700803937\n|switch|p2a: Pelipper|Pelipper, M, shiny|100\/100\n|-weather|RainDance|[from] ability: Drizzle|[of] p2a: Pelipper\n|switch|p1a: DEEPSEA GIRL|Toxapex, M, shiny|100\/100\n|\n|-weather|RainDance|[upkeep]\n|upkeep\n|turn|4\n|\n|t:|1700803942\n|move|p2a: Pelipper|Knock Off|p1a: DEEPSEA GIRL\n|-damage|p1a: DEEPSEA GIRL|93\/100\n|-enditem|p1a: DEEPSEA GIRL|Heavy-Duty Boots|[from] move: Knock Off|[of] p2a: Pelipper\n|move|p1a: DEEPSEA GIRL|Knock Off|p2a: Pelipper\n|-damage|p2a: Pelipper|89\/100\n|-enditem|p2a: Pelipper|Damp Rock|[from] move: Knock Off|[of] p1a: DEEPSEA GIRL\n|\n|-weather|RainDance|[upkeep]\n|upkeep\n|turn|5\n|\n|t:|1700803949\n|move|p2a: Pelipper|U-turn|p1a: DEEPSEA GIRL\n|-resisted|p1a: DEEPSEA GIRL\n|-damage|p1a: DEEPSEA GIRL|90\/100\n|\n|t:|1700803953\n|switch|p2a: Ferrothorn|Ferrothorn, M, shiny|100\/100|[from] U-turn\n|move|p1a: DEEPSEA GIRL|Scald|p2a: Ferrothorn\n|-resisted|p2a: Ferrothorn\n|-damage|p2a: Ferrothorn|92\/100\n|\n|-weather|RainDance|[upkeep]\n|-heal|p2a: Ferrothorn|98\/100|[from] item: Leftovers\n|-fieldend|move: Psychic Terrain\n|upkeep\n|turn|6\n|\n|t:|1700803961\n|move|p1a: DEEPSEA GIRL|Scald|p2a: Ferrothorn\n|-resisted|p2a: Ferrothorn\n|-damage|p2a: Ferrothorn|91\/100\n|move|p2a: Ferrothorn|Leech Seed|p1a: DEEPSEA GIRL\n|-start|p1a: DEEPSEA GIRL|move: Leech Seed\n|\n|-weather|RainDance|[upkeep]\n|-heal|p2a: Ferrothorn|97\/100|[from] item: Leftovers\n|-damage|p1a: DEEPSEA GIRL|77\/100|[from] Leech Seed|[of] p2a: Ferrothorn\n|-heal|p2a: Ferrothorn|100\/100|[silent]\n|upkeep\n|turn|7\n|\n|t:|1700803968\n|move|p1a: DEEPSEA GIRL|Scald|p2a: Ferrothorn\n|-resisted|p2a: Ferrothorn\n|-damage|p2a: Ferrothorn|92\/100\n|move|p2a: Ferrothorn|Stealth Rock|p1a: DEEPSEA GIRL\n|-sidestart|p1: Zephyr06|move: Stealth Rock\n|\n|-weather|RainDance|[upkeep]\n|-heal|p2a: Ferrothorn|98\/100|[from] item: Leftovers\n|-damage|p1a: DEEPSEA GIRL|65\/100|[from] Leech Seed|[of] p2a: Ferrothorn\n|-heal|p2a: Ferrothorn|100\/100|[silent]\n|upkeep\n|turn|8\n|\n|t:|1700803973\n|switch|p2a: Zapdos|Zapdos, shiny|100\/100\n|move|p1a: DEEPSEA GIRL|Scald|p2a: Zapdos\n|-damage|p2a: Zapdos|75\/100\n|\n|-weather|RainDance|[upkeep]\n|-damage|p1a: DEEPSEA GIRL|52\/100|[from] Leech Seed|[of] p2a: Zapdos\n|-heal|p2a: Zapdos|85\/100|[silent]\n|upkeep\n|turn|9\n|\n|t:|1700803979\n|switch|p1a: BLACK ROCK SHOOTER|Gliscor, M, shiny|100\/100\n|-damage|p1a: BLACK ROCK SHOOTER|88\/100|[from] Stealth Rock\n|move|p2a: Zapdos|Hurricane|p1a: BLACK ROCK SHOOTER\n|-damage|p1a: BLACK ROCK SHOOTER|34\/100\n|-start|p1a: BLACK ROCK SHOOTER|confusion\n|\n|-weather|RainDance|[upkeep]\n|-status|p1a: BLACK ROCK SHOOTER|tox|[from] item: Toxic Orb\n|upkeep\n|turn|10\n|\n|t:|1700803991\n|switch|p1a: ON THE ROCKS|Garganacl, F, tera:Dragon|95\/100\n|-damage|p1a: ON THE ROCKS|82\/100|[from] Stealth Rock\n|move|p2a: Zapdos|Hurricane|p1a: ON THE ROCKS\n|-damage|p1a: ON THE ROCKS|53\/100\n|\n|-weather|none\n|-heal|p1a: ON THE ROCKS|60\/100|[from] item: Leftovers\n|upkeep\n|turn|11\n|\n|t:|1700803998\n|move|p2a: Zapdos|U-turn|p1a: ON THE ROCKS\n|-damage|p1a: ON THE ROCKS|51\/100\n|\n|t:|1700804002\n|switch|p2a: Pelipper|Pelipper, M, shiny|89\/100|[from] U-turn\n|-weather|RainDance|[from] ability: Drizzle|[of] p2a: Pelipper\n|move|p1a: ON THE ROCKS|Recover|p1a: ON THE ROCKS\n|-heal|p1a: ON THE ROCKS|100\/100\n|\n|-weather|RainDance|[upkeep]\n|upkeep\n|turn|12\n|\n|t:|1700804014\n|move|p2a: Pelipper|Knock Off|p1a: ON THE ROCKS\n|-damage|p1a: ON THE ROCKS|92\/100\n|-enditem|p1a: ON THE ROCKS|Leftovers|[from] move: Knock Off|[of] p2a: Pelipper\n|move|p1a: ON THE ROCKS|Salt Cure|p2a: Pelipper\n|-supereffective|p2a: Pelipper\n|-damage|p2a: Pelipper|66\/100\n|-start|p2a: Pelipper|Salt Cure\n|\n|-weather|RainDance|[upkeep]\n|-damage|p2a: Pelipper|41\/100|[from] Salt Cure\n|upkeep\n|turn|13\n|\n|t:|1700804029\n|switch|p2a: Ferrothorn|Ferrothorn, M, shiny|100\/100\n|move|p1a: ON THE ROCKS|Curse|p1a: ON THE ROCKS\n|-unboost|p1a: ON THE ROCKS|spe|1\n|-boost|p1a: ON THE ROCKS|atk|1\n|-boost|p1a: ON THE ROCKS|def|1\n|\n|-weather|RainDance|[upkeep]\n|upkeep\n|turn|14\n|\n|t:|1700804037\n|move|p1a: ON THE ROCKS|Salt Cure|p2a: Ferrothorn\n|-resisted|p2a: Ferrothorn\n|-damage|p2a: Ferrothorn|92\/100\n|-start|p2a: Ferrothorn|Salt Cure\n|move|p2a: Ferrothorn|Leech Seed|p1a: ON THE ROCKS|[miss]\n|-miss|p2a: Ferrothorn|p1a: ON THE ROCKS\n|\n|-weather|RainDance|[upkeep]\n|-heal|p2a: Ferrothorn|98\/100|[from] item: Leftovers\n|-damage|p2a: Ferrothorn|73\/100|[from] Salt Cure\n|upkeep\n|turn|15\n|\n|t:|1700804047\n|move|p1a: ON THE ROCKS|Curse|p1a: ON THE ROCKS\n|-unboost|p1a: ON THE ROCKS|spe|1\n|-boost|p1a: ON THE ROCKS|atk|1\n|-boost|p1a: ON THE ROCKS|def|1\n|move|p2a: Ferrothorn|Leech Seed|p1a: ON THE ROCKS\n|-start|p1a: ON THE ROCKS|move: Leech Seed\n|\n|-weather|none\n|-heal|p2a: Ferrothorn|79\/100|[from] item: Leftovers\n|-damage|p1a: ON THE ROCKS|79\/100|[from] Leech Seed|[of] p2a: Ferrothorn\n|-heal|p2a: Ferrothorn|94\/100|[silent]\n|-damage|p2a: Ferrothorn|69\/100|[from] Salt Cure\n|upkeep\n|turn|16\n|\n|t:|1700804065\n|switch|p2a: Tapu Lele|Tapu Lele, shiny|54\/100\n|-fieldstart|move: Psychic Terrain|[from] ability: Psychic Surge|[of] p2a: Tapu Lele\n|move|p1a: ON THE ROCKS|Curse|p1a: ON THE ROCKS\n|-unboost|p1a: ON THE ROCKS|spe|1\n|-boost|p1a: ON THE ROCKS|atk|1\n|-boost|p1a: ON THE ROCKS|def|1\n|\n|-damage|p1a: ON THE ROCKS|67\/100|[from] Leech Seed|[of] p2a: Tapu Lele\n|-heal|p2a: Tapu Lele|72\/100|[silent]\n|upkeep\n|turn|17\n|\n|t:|1700804072\n|switch|p1a: DEEPSEA GIRL|Toxapex, M, shiny|86\/100\n|-damage|p1a: DEEPSEA GIRL|73\/100|[from] Stealth Rock\n|move|p2a: Tapu Lele|Moonblast|p1a: DEEPSEA GIRL\n|-resisted|p1a: DEEPSEA GIRL\n|-damage|p1a: DEEPSEA GIRL|53\/100\n|\n|upkeep\n|turn|18\n|\n|t:|1700804081\n|switch|p2a: Pelipper|Pelipper, M, shiny|41\/100\n|-weather|RainDance|[from] ability: Drizzle|[of] p2a: Pelipper\n|move|p1a: DEEPSEA GIRL|Knock Off|p2a: Pelipper\n|-damage|p2a: Pelipper|34\/100\n|\n|-weather|RainDance|[upkeep]\n|upkeep\n|turn|19\n|\n|t:|1700804088\n|switch|p1a: BLACK ROCK SHOOTER|Gliscor, M, shiny|34\/100 tox\n|-damage|p1a: BLACK ROCK SHOOTER|22\/100 tox|[from] Stealth Rock\n|move|p2a: Pelipper|Roost|p2a: Pelipper\n|-heal|p2a: Pelipper|84\/100\n|-singleturn|p2a: Pelipper|move: Roost\n|\n|-weather|RainDance|[upkeep]\n|-heal|p1a: BLACK ROCK SHOOTER|34\/100 tox|[from] ability: Poison Heal\n|upkeep\n|turn|20\n|\n|t:|1700804094\n|switch|p2a: Swampert|Swampert-Mega, M, shiny|100\/100\n|move|p1a: BLACK ROCK SHOOTER|Roost|p1a: BLACK ROCK SHOOTER\n|-heal|p1a: BLACK ROCK SHOOTER|84\/100 tox\n|-singleturn|p1a: BLACK ROCK SHOOTER|move: Roost\n|\n|-weather|RainDance|[upkeep]\n|-heal|p1a: BLACK ROCK SHOOTER|97\/100 tox|[from] ability: Poison Heal\n|-fieldend|move: Psychic Terrain\n|upkeep\n|turn|21\n|\n|t:|1700804099\n|switch|p1a: LIKE THE WIND|Skarmory, M|100\/100\n|-damage|p1a: LIKE THE WIND|88\/100|[from] Stealth Rock\n|move|p2a: Swampert|Ice Punch|p1a: LIKE THE WIND\n|-damage|p1a: LIKE THE WIND|68\/100\n|-damage|p2a: Swampert|84\/100|[from] item: Rocky Helmet|[of] p1a: LIKE THE WIND\n|\n|-weather|RainDance|[upkeep]\n|upkeep\n|turn|22\n|\n|t:|1700804112\n|move|p2a: Swampert|Liquidation|p1a: LIKE THE WIND\n|-damage|p1a: LIKE THE WIND|18\/100\n|-unboost|p1a: LIKE THE WIND|def|1\n|-damage|p2a: Swampert|68\/100|[from] item: Rocky Helmet|[of] p1a: LIKE THE WIND\n|move|p1a: LIKE THE WIND|Spikes|p2a: Swampert\n|-sidestart|p2: psng|Spikes\n|\n|-weather|none\n|upkeep\n|turn|23\n|\n|t:|1700804120\n|move|p2a: Swampert|Flip Turn|p1a: LIKE THE WIND\n|-damage|p1a: LIKE THE WIND|0 fnt\n|-damage|p2a: Swampert|51\/100|[from] item: Rocky Helmet|[of] p1a: LIKE THE WIND\n|faint|p1a: LIKE THE WIND\n|\n|t:|1700804125\n|switch|p2a: Pelipper|Pelipper, M, shiny|84\/100|[from] Flip Turn\n|-weather|RainDance|[from] ability: Drizzle|[of] p2a: Pelipper\n|\n|-weather|RainDance|[upkeep]\n|upkeep\n|\n|t:|1700804131\n|switch|p1a: ON THE ROCKS|Garganacl, F, tera:Dragon|67\/100\n|-damage|p1a: ON THE ROCKS|55\/100|[from] Stealth Rock\n|turn|24\n|\n|t:|1700804134\n|move|p2a: Pelipper|U-turn|p1a: ON THE ROCKS\n|-damage|p1a: ON THE ROCKS|48\/100\n|\n|t:|1700804137\n|switch|p2a: Tapu Lele|Tapu Lele, shiny|72\/100|[from] U-turn\n|-damage|p2a: Tapu Lele|59\/100|[from] Spikes\n|-fieldstart|move: Psychic Terrain|[from] ability: Psychic Surge|[of] p2a: Tapu Lele\n|move|p1a: ON THE ROCKS|Recover|p1a: ON THE ROCKS\n|-heal|p1a: ON THE ROCKS|98\/100\n|\n|-weather|RainDance|[upkeep]\n|upkeep\n|turn|25\n|\n|t:|1700804145\n|switch|p1a: PINK MOON|Cresselia, F, shiny|66\/100\n|-damage|p1a: PINK MOON|54\/100|[from] Stealth Rock\n|move|p2a: Tapu Lele|Moonblast|p1a: PINK MOON\n|-damage|p1a: PINK MOON|21\/100\n|\n|-weather|RainDance|[upkeep]\n|upkeep\n|turn|26\n|\n|t:|1700804150\n|switch|p1a: DEEPSEA GIRL|Toxapex, M, shiny|87\/100\n|-damage|p1a: DEEPSEA GIRL|74\/100|[from] Stealth Rock\n|move|p2a: Tapu Lele|Moonblast|p1a: DEEPSEA GIRL\n|-resisted|p1a: DEEPSEA GIRL\n|-damage|p1a: DEEPSEA GIRL|52\/100\n|\n|-weather|RainDance|[upkeep]\n|upkeep\n|turn|27\n|\n|t:|1700804170\n|switch|p2a: Ferrothorn|Ferrothorn, M, shiny|69\/100\n|-damage|p2a: Ferrothorn|57\/100|[from] Spikes\n|move|p1a: DEEPSEA GIRL|Scald|p2a: Ferrothorn\n|-resisted|p2a: Ferrothorn\n|-damage|p2a: Ferrothorn|48\/100\n|\n|-weather|none\n|-heal|p2a: Ferrothorn|54\/100|[from] item: Leftovers\n|upkeep\n|turn|28\n|\n|t:|1700804185\n|switch|p1a: LOOKTHISWAYBABY|Lopunny, F, shiny|100\/100\n|-damage|p1a: LOOKTHISWAYBABY|88\/100|[from] Stealth Rock\n|move|p2a: Ferrothorn|Leech Seed|p1a: LOOKTHISWAYBABY\n|-start|p1a: LOOKTHISWAYBABY|move: Leech Seed\n|\n|-heal|p2a: Ferrothorn|60\/100|[from] item: Leftovers\n|-damage|p1a: LOOKTHISWAYBABY|76\/100|[from] Leech Seed|[of] p2a: Ferrothorn\n|-heal|p2a: Ferrothorn|69\/100|[silent]\n|-fieldend|move: Psychic Terrain\n|upkeep\n|turn|29\n|\n|t:|1700804194\n|switch|p1a: BLACK ROCK SHOOTER|Gliscor, M, shiny|97\/100 tox\n|-damage|p1a: BLACK ROCK SHOOTER|84\/100 tox|[from] Stealth Rock\n|switch|p2a: Pelipper|Pelipper, M, shiny|84\/100\n|-weather|RainDance|[from] ability: Drizzle|[of] p2a: Pelipper\n|\n|-weather|RainDance|[upkeep]\n|-heal|p1a: BLACK ROCK SHOOTER|97\/100 tox|[from] ability: Poison Heal\n|upkeep\n|turn|30\n|-message|Zephyr06 forfeited.\n|\n|win|psng\n|raw|Zephyr06's rating: 1451 &rarr; <strong>1433<\/strong><br \/>(-18 for losing)\n|raw|psng's rating: 1478 &rarr; <strong>1496<\/strong><br \/>(+18 for winning)\n|l|\u2606Zephyr06\n","uploadtime":1700804214,"views":3,"p1id":"zephyr06","p2id":"psng","formatid":"gen9nationaldex","rating":1433,"private":0,"password":""}