{"id":"gen9nationaldex-1998117153","p1":"abusuoliu","p2":"sighz 0-0","format":"[Gen 9] National Dex","log":"|html|<div class=\"broadcast-blue\"><strong>[Gen 9] National Dex is currently suspecting Sneasler! For information on how to participate check out the <a href=\"https:\/\/www.smogon.com\/forums\/threads\/sv-national-dex-suspect-8-just-dance.3731534\/\">suspect thread<\/a>.<\/strong><\/div>\n|j|\u2606abusuoliu\n|j|\u2606sighz 0-0\n|t:|1700894364\n|gametype|singles\n|player|p1|abusuoliu|giovanni|1260\n|player|p2|sighz 0-0|may-contest|1220\n|teamsize|p1|6\n|teamsize|p2|6\n|gen|9\n|tier|[Gen 9] National Dex\n|rated|\n|rule|HP Percentage Mod: HP is shown in percentages\n|rule|Endless Battle Clause: Forcing endless battles is banned\n|rule|OHKO Clause: OHKO moves are banned\n|rule|Evasion Clause: Evasion abilities, items, and moves are banned\n|rule|Evasion Abilities Clause: Evasion abilities are banned\n|rule|Evasion Items Clause: Evasion items are banned\n|rule|Evasion Moves Clause: Evasion moves are banned\n|rule|Species Clause: Limit one of each Pok\u00e9mon\n|rule|Sleep Clause Mod: Limit one foe put to sleep\n|clearpoke\n|poke|p1|Ninetales-Alola, F|\n|poke|p1|Alomomola, M|\n|poke|p1|Kyurem|\n|poke|p1|Moltres|\n|poke|p1|Slowking-Galar, M|\n|poke|p1|Garchomp, M|\n|poke|p2|Blacephalon|\n|poke|p2|Snorlax, F|\n|poke|p2|Landorus-Therian, M|\n|poke|p2|Victini|\n|poke|p2|Bisharp, M|\n|poke|p2|Diancie|\n|teampreview\n|\n|t:|1700894383\n|start\n|switch|p1a: Ninetales|Ninetales-Alola, F|100\/100\n|switch|p2a: 0|Victini|100\/100\n|-weather|Snow|[from] ability: Snow Warning|[of] p1a: Ninetales\n|turn|1\n|\n|t:|1700894388\n|switch|p1a: Slowking|Slowking-Galar, M|100\/100\n|move|p2a: 0|U-turn|p1a: Slowking\n|-damage|p1a: Slowking|87\/100\n|\n|t:|1700894394\n|switch|p2a: O|Diancie|100\/100|[from] U-turn\n|\n|-weather|Snow|[upkeep]\n|upkeep\n|turn|2\n|\n|t:|1700894401\n|detailschange|p2a: O|Diancie-Mega\n|-mega|p2a: O|Diancie|Diancite\n|move|p2a: O|Earth Power|p1a: Slowking\n|-supereffective|p1a: Slowking\n|-damage|p1a: Slowking|33\/100\n|move|p1a: Slowking|Scald|p2a: O\n|-supereffective|p2a: O\n|-damage|p2a: O|46\/100\n|\n|-weather|Snow|[upkeep]\n|upkeep\n|turn|3\n|\n|t:|1700894426\n|switch|p1a: Ninetales|Ninetales-Alola, F|100\/100\n|move|p2a: O|Diamond Storm|p1a: Ninetales\n|-supereffective|p1a: Ninetales\n|-damage|p1a: Ninetales|20\/100\n|-boost|p2a: O|def|2\n|\n|-weather|Snow|[upkeep]\n|upkeep\n|turn|4\n|inactive|Battle timer is ON: inactive players will automatically lose when time's up. (requested by sighz 0-0)\n|\n|t:|1700894445\n|switch|p1a: Alomomola|Alomomola, M|100\/100\n|move|p2a: O|Moonblast|p1a: Alomomola\n|-damage|p1a: Alomomola|26\/100\n|-unboost|p1a: Alomomola|spa|1\n|\n|-weather|Snow|[upkeep]\n|upkeep\n|turn|5\n|inactive|abusuoliu has 120 seconds left.\n|\n|t:|1700894480\n|switch|p1a: Slowking|Slowking-Galar, M|66\/100\n|move|p2a: O|Diamond Storm|p1a: Slowking\n|-damage|p1a: Slowking|26\/100\n|-boost|p2a: O|def|2\n|\n|-weather|none\n|upkeep\n|turn|6\n|\n|t:|1700894489\n|move|p2a: O|Earth Power|p1a: Slowking\n|-supereffective|p1a: Slowking\n|-damage|p1a: Slowking|0 fnt\n|faint|p1a: Slowking\n|\n|upkeep\n|\n|t:|1700894498\n|switch|p1a: Kyurem|Kyurem|100\/100\n|-ability|p1a: Kyurem|Pressure\n|turn|7\n|\n|t:|1700894502\n|move|p1a: Kyurem|Earth Power|p2a: O\n|-supereffective|p2a: O\n|-damage|p2a: O|0 fnt\n|faint|p2a: O\n|\n|upkeep\n|\n|t:|1700894506\n|switch|p2a: sighz|Landorus-Therian, M|100\/100\n|-ability|p2a: sighz|Intimidate|boost\n|-unboost|p1a: Kyurem|atk|1\n|turn|8\n|\n|t:|1700894513\n|switch|p1a: Moltres|Moltres|100\/100\n|move|p2a: sighz|Stealth Rock|p1a: Moltres\n|-sidestart|p1: abusuoliu|move: Stealth Rock\n|\n|upkeep\n|turn|9\n|\n|t:|1700894520\n|move|p1a: Moltres|Defog|p2a: sighz\n|-unboost|p2a: sighz|evasion|1\n|-sideend|p1: abusuoliu|Stealth Rock|[from] move: Defog|[of] p1a: Moltres\n|move|p2a: sighz|Explosion|p1a: Moltres\n|-enditem|p2a: sighz|Normal Gem|[from] gem\n|-damage|p1a: Moltres|3\/100\n|faint|p2a: sighz\n|\n|upkeep\n|\n|t:|1700894526\n|switch|p2a: credit|Blacephalon|100\/100\n|turn|10\n|\n|t:|1700894535\n|switch|p1a: Garchomp|Garchomp, M|100\/100\n|move|p2a: credit|Shadow Ball|p1a: Garchomp\n|-damage|p1a: Garchomp|48\/100\n|\n|upkeep\n|turn|11\n|\n|t:|1700894546\n|move|p2a: credit|Shadow Ball|p1a: Garchomp\n|-damage|p1a: Garchomp|0 fnt\n|faint|p1a: Garchomp\n|-ability|p2a: credit|Beast Boost|boost\n|-boost|p2a: credit|spa|1\n|\n|upkeep\n|\n|t:|1700894550\n|switch|p1a: Kyurem|Kyurem|100\/100\n|-ability|p1a: Kyurem|Pressure\n|turn|12\n|\n|t:|1700894554\n|-terastallize|p2a: credit|Ghost\n|move|p2a: credit|Shadow Ball|p1a: Kyurem\n|-damage|p1a: Kyurem|12\/100\n|move|p1a: Kyurem|Draco Meteor|p2a: credit\n|-damage|p2a: credit|0 fnt\n|-unboost|p1a: Kyurem|spa|2\n|faint|p2a: credit\n|\n|upkeep\n|\n|t:|1700894562\n|switch|p2a: -|Bisharp, M|100\/100\n|turn|13\n|\n|t:|1700894567\n|switch|p1a: Alomomola|Alomomola, M|59\/100\n|move|p2a: -|Swords Dance|p2a: -\n|-boost|p2a: -|atk|2\n|\n|upkeep\n|turn|14\n|\n|t:|1700894573\n|move|p2a: -|Knock Off|p1a: Alomomola\n|-damage|p1a: Alomomola|0 fnt\n|-damage|p2a: -|84\/100|[from] item: Rocky Helmet|[of] p1a: Alomomola\n|-enditem|p1a: Alomomola|Rocky Helmet|[from] move: Knock Off|[of] p2a: -\n|faint|p1a: Alomomola\n|-damage|p2a: -|74\/100|[from] item: Life Orb\n|\n|upkeep\n|\n|t:|1700894576\n|switch|p1a: Ninetales|Ninetales-Alola, F|20\/100\n|-weather|Snow|[from] ability: Snow Warning|[of] p1a: Ninetales\n|turn|15\n|\n|t:|1700894589\n|move|p1a: Ninetales|Encore|p2a: -\n|-start|p2a: -|Encore\n|move|p2a: -|Knock Off|p1a: Ninetales\n|-resisted|p1a: Ninetales\n|-damage|p1a: Ninetales|0 fnt\n|-enditem|p1a: Ninetales|Light Clay|[from] move: Knock Off|[of] p2a: -\n|faint|p1a: Ninetales\n|-damage|p2a: -|64\/100|[from] item: Life Orb\n|\n|-weather|Snow|[upkeep]\n|upkeep\n|\n|t:|1700894595\n|switch|p1a: Kyurem|Kyurem|12\/100\n|-ability|p1a: Kyurem|Pressure\n|turn|16\n|\n|t:|1700894603\n|switch|p2a: too|Snorlax, F, shiny|100\/100\n|move|p1a: Kyurem|Earth Power|p2a: too\n|-damage|p2a: too|84\/100\n|-unboost|p2a: too|spd|1\n|\n|-weather|Snow|[upkeep]\n|upkeep\n|turn|17\n|-message|abusuoliu forfeited.\n|\n|win|sighz 0-0\n|raw|abusuoliu's rating: 1260 &rarr; <strong>1232<\/strong><br \/>(-28 for losing)\n|raw|sighz 0-0's rating: 1220 &rarr; <strong>1248<\/strong><br \/>(+28 for winning)\n|l|\u2606abusuoliu\n|c|\u2606sighz 0-0|gg\n","uploadtime":1700894611,"views":3,"p1id":"abusuoliu","p2id":"sighz00","formatid":"gen9nationaldex","rating":1232,"private":0,"password":""}