{"id":"gen9nationaldex-1992961763","p1":"Emperor Dave420xx","p2":"taiobre","format":"[Gen 9] National Dex","log":"|j|\u2606Emperor Dave420xx\n|j|\u2606taiobre\n|t:|1700250615\n|gametype|singles\n|player|p1|Emperor Dave420xx|red-masters|1053\n|player|p2|taiobre|265|1050\n|teamsize|p1|6\n|teamsize|p2|6\n|gen|9\n|tier|[Gen 9] National Dex\n|rated|\n|rule|HP Percentage Mod: HP is shown in percentages\n|rule|Endless Battle Clause: Forcing endless battles is banned\n|rule|OHKO Clause: OHKO moves are banned\n|rule|Evasion Clause: Evasion abilities, items, and moves are banned\n|rule|Evasion Abilities Clause: Evasion abilities are banned\n|rule|Evasion Items Clause: Evasion items are banned\n|rule|Evasion Moves Clause: Evasion moves are banned\n|rule|Species Clause: Limit one of each Pok\u00e9mon\n|rule|Sleep Clause Mod: Limit one foe put to sleep\n|clearpoke\n|poke|p1|Jolteon, M|\n|poke|p1|Scyther, F|\n|poke|p1|Tentacruel, M|\n|poke|p1|Snorlax, M|\n|poke|p1|Machamp, M|\n|poke|p1|Charizard, M|\n|poke|p2|Delphox, F|\n|poke|p2|Trevenant, F|\n|poke|p2|Clawitzer, M|\n|poke|p2|Heliolisk, F|\n|poke|p2|Sylveon, F|\n|poke|p2|Noivern, M|\n|teampreview\n|\n|t:|1700250623\n|start\n|switch|p1a: Scyther|Scyther, F|100\/100\n|switch|p2a: Trevenant|Trevenant, F|100\/100\n|turn|1\n|\n|t:|1700250630\n|move|p1a: Scyther|Knock Off|p2a: Trevenant\n|-supereffective|p2a: Trevenant\n|-damage|p2a: Trevenant|34\/100\n|-enditem|p2a: Trevenant|Sitrus Berry|[from] move: Knock Off|[of] p1a: Scyther\n|move|p2a: Trevenant|Leech Seed|p1a: Scyther\n|-start|p1a: Scyther|move: Leech Seed\n|\n|-damage|p1a: Scyther|88\/100|[from] Leech Seed|[of] p2a: Trevenant\n|-heal|p2a: Trevenant|43\/100|[silent]\n|upkeep\n|turn|2\n|\n|t:|1700250650\n|move|p1a: Scyther|X-Scissor|p2a: Trevenant\n|-damage|p2a: Trevenant|0 fnt\n|faint|p2a: Trevenant\n|\n|upkeep\n|\n|t:|1700250655\n|switch|p2a: Delphox|Delphox, F|100\/100\n|turn|3\n|\n|t:|1700250660\n|switch|p1a: Tentacruel|Tentacruel, M|100\/100\n|move|p2a: Delphox|Psychic|p1a: Tentacruel\n|-supereffective|p1a: Tentacruel\n|-damage|p1a: Tentacruel|0 fnt\n|faint|p1a: Tentacruel\n|\n|upkeep\n|\n|t:|1700250667\n|switch|p1a: Scyther|Scyther, F|88\/100\n|turn|4\n|\n|t:|1700250673\n|-terastallize|p2a: Delphox|Fire\n|move|p1a: Scyther|Knock Off|p2a: Delphox\n|-damage|p2a: Delphox|51\/100\n|-enditem|p2a: Delphox|Choice Specs|[from] move: Knock Off|[of] p1a: Scyther\n|move|p2a: Delphox|Psychic|p1a: Scyther\n|-damage|p1a: Scyther|50\/100\n|-item|p2a: Delphox|Eviolite|[from] ability: Magician|[of] p1a: Scyther\n|\n|upkeep\n|turn|5\n|\n|t:|1700250684\n|move|p1a: Scyther|Aerial Ace|p2a: Delphox\n|-damage|p2a: Delphox|0 fnt\n|faint|p2a: Delphox\n|\n|upkeep\n|\n|t:|1700250700\n|switch|p2a: Sylveon|Sylveon, F|100\/100\n|turn|6\n|\n|t:|1700250704\n|switch|p1a: Snorlax|Snorlax, M|100\/100\n|move|p2a: Sylveon|Mystical Fire|p1a: Snorlax\n|-damage|p1a: Snorlax|74\/100\n|-unboost|p1a: Snorlax|spa|1\n|\n|upkeep\n|turn|7\n|\n|t:|1700250714\n|move|p2a: Sylveon|Mystical Fire|p1a: Snorlax\n|-damage|p1a: Snorlax|50\/100\n|-unboost|p1a: Snorlax|spa|1\n|move|p1a: Snorlax|Curse|p1a: Snorlax\n|-unboost|p1a: Snorlax|spe|1\n|-boost|p1a: Snorlax|atk|1\n|-boost|p1a: Snorlax|def|1\n|\n|upkeep\n|turn|8\n|\n|t:|1700250726\n|move|p2a: Sylveon|Mystical Fire|p1a: Snorlax\n|-damage|p1a: Snorlax|25\/100\n|-unboost|p1a: Snorlax|spa|1\n|-enditem|p1a: Snorlax|Aguav Berry|[eat]\n|-heal|p1a: Snorlax|58\/100|[from] item: Aguav Berry\n|move|p1a: Snorlax|Iron Head|p2a: Sylveon\n|-supereffective|p2a: Sylveon\n|-damage|p2a: Sylveon|0 fnt\n|faint|p2a: Sylveon\n|\n|upkeep\n|\n|t:|1700250735\n|switch|p2a: Clawitzer|Clawitzer, M|100\/100\n|turn|9\n|\n|t:|1700250740\n|move|p2a: Clawitzer|Water Pulse|p1a: Snorlax\n|-damage|p1a: Snorlax|16\/100\n|-start|p1a: Snorlax|confusion\n|-damage|p2a: Clawitzer|91\/100|[from] item: Life Orb\n|-activate|p1a: Snorlax|confusion\n|move|p1a: Snorlax|Body Slam|p2a: Clawitzer\n|-damage|p2a: Clawitzer|21\/100\n|\n|upkeep\n|turn|10\n|\n|t:|1700250747\n|switch|p1a: Machamp|Machamp, M|100\/100\n|move|p2a: Clawitzer|Water Pulse|p1a: Machamp\n|-damage|p1a: Machamp|30\/100\n|-damage|p2a: Clawitzer|11\/100|[from] item: Life Orb\n|\n|-status|p1a: Machamp|brn|[from] item: Flame Orb\n|upkeep\n|turn|11\n|\n|t:|1700250761\n|move|p1a: Machamp|Facade|p2a: Clawitzer\n|-damage|p2a: Clawitzer|0 fnt\n|faint|p2a: Clawitzer\n|\n|-damage|p1a: Machamp|24\/100 brn|[from] brn\n|upkeep\n|-message|taiobre forfeited.\n|\n|win|Emperor Dave420xx\n|raw|Emperor Dave420xx's rating: 1053 &rarr; <strong>1085<\/strong><br \/>(+32 for winning)\n|raw|taiobre's rating: 1050 &rarr; <strong>1033<\/strong><br \/>(-17 for losing)\n|l|\u2606taiobre\n","uploadtime":1700250767,"views":6,"p1id":"emperordave420xx","p2id":"taiobre","formatid":"gen9nationaldex","rating":1033,"private":0,"password":""}