{"id":"gen9nationaldex-1992839741","p1":"Proman64","p2":"Wolf31415","format":"[Gen 9] National Dex","log":"|j|\u2606Proman64\n|j|\u2606Wolf31415\n|t:|1700239928\n|gametype|singles\n|player|p1|Proman64|1|1333\n|player|p2|Wolf31415|psychic|1343\n|teamsize|p1|6\n|teamsize|p2|6\n|gen|9\n|tier|[Gen 9] National Dex\n|rated|\n|rule|HP Percentage Mod: HP is shown in percentages\n|rule|Endless Battle Clause: Forcing endless battles is banned\n|rule|OHKO Clause: OHKO moves are banned\n|rule|Evasion Clause: Evasion abilities, items, and moves are banned\n|rule|Evasion Abilities Clause: Evasion abilities are banned\n|rule|Evasion Items Clause: Evasion items are banned\n|rule|Evasion Moves Clause: Evasion moves are banned\n|rule|Species Clause: Limit one of each Pok\u00e9mon\n|rule|Sleep Clause Mod: Limit one foe put to sleep\n|clearpoke\n|poke|p1|Tapu Koko|\n|poke|p1|Corviknight, M|\n|poke|p1|Gliscor, F|\n|poke|p1|Sceptile, F|\n|poke|p1|Urshifu-*, M|\n|poke|p1|Blaziken, M|\n|poke|p2|Blaziken, M|\n|poke|p2|Weavile, F|\n|poke|p2|Gliscor, M|\n|poke|p2|Scizor, M|\n|poke|p2|Tapu Lele|\n|poke|p2|Blissey, F|\n|teampreview\n|inactive|Battle timer is ON: inactive players will automatically lose when time's up. (requested by Wolf31415)\n|\n|t:|1700239942\n|start\n|switch|p1a: Blaziken|Blaziken, M|100\/100\n|switch|p2a: Blaziken|Blaziken, M|100\/100\n|turn|1\n|\n|t:|1700239948\n|move|p1a: Blaziken|Swords Dance|p1a: Blaziken\n|-boost|p1a: Blaziken|atk|2\n|move|p2a: Blaziken|Swords Dance|p2a: Blaziken\n|-boost|p2a: Blaziken|atk|2\n|\n|-ability|p1a: Blaziken|Speed Boost|boost\n|-boost|p1a: Blaziken|spe|1\n|-ability|p2a: Blaziken|Speed Boost|boost\n|-boost|p2a: Blaziken|spe|1\n|upkeep\n|turn|2\n|c|\u2606Proman64|Hmmm\n|\n|t:|1700239965\n|move|p2a: Blaziken|Protect|p2a: Blaziken\n|-singleturn|p2a: Blaziken|Protect\n|move|p1a: Blaziken|Close Combat|p2a: Blaziken\n|-activate|p2a: Blaziken|move: Protect\n|\n|-ability|p1a: Blaziken|Speed Boost|boost\n|-boost|p1a: Blaziken|spe|1\n|-ability|p2a: Blaziken|Speed Boost|boost\n|-boost|p2a: Blaziken|spe|1\n|upkeep\n|turn|3\n|\n|t:|1700239974\n|move|p1a: Blaziken|Close Combat|p2a: Blaziken\n|-enditem|p2a: Blaziken|Focus Sash\n|-damage|p2a: Blaziken|1\/100\n|-unboost|p1a: Blaziken|def|1\n|-unboost|p1a: Blaziken|spd|1\n|move|p2a: Blaziken|Close Combat|p1a: Blaziken\n|-enditem|p1a: Blaziken|Focus Sash\n|-damage|p1a: Blaziken|1\/100\n|-unboost|p2a: Blaziken|def|1\n|-unboost|p2a: Blaziken|spd|1\n|\n|-ability|p2a: Blaziken|Speed Boost|boost\n|-boost|p2a: Blaziken|spe|1\n|-ability|p1a: Blaziken|Speed Boost|boost\n|-boost|p1a: Blaziken|spe|1\n|upkeep\n|turn|4\n|c|\u2606Proman64|No way\n|\n|t:|1700239987\n|move|p2a: Blaziken|Close Combat|p1a: Blaziken\n|-damage|p1a: Blaziken|0 fnt\n|-unboost|p2a: Blaziken|def|1\n|-unboost|p2a: Blaziken|spd|1\n|faint|p1a: Blaziken\n|\n|-ability|p2a: Blaziken|Speed Boost|boost\n|-boost|p2a: Blaziken|spe|1\n|upkeep\n|\n|t:|1700239989\n|switch|p1a: Urshifu|Urshifu-Rapid-Strike, M|100\/100\n|turn|5\n|c|\u2606Proman64|-_-\n|\n|t:|1700240001\n|move|p2a: Blaziken|Protect|p2a: Blaziken\n|-singleturn|p2a: Blaziken|Protect\n|move|p1a: Urshifu|Aqua Jet|p2a: Blaziken\n|-supereffective|p2a: Blaziken\n|-damage|p2a: Blaziken|0 fnt\n|faint|p2a: Blaziken\n|\n|upkeep\n|\n|t:|1700240008\n|switch|p2a: Tapu Lele|Tapu Lele|100\/100\n|-fieldstart|move: Psychic Terrain|[from] ability: Psychic Surge|[of] p2a: Tapu Lele\n|turn|6\n|\n|t:|1700240012\n|switch|p1a: Corviknight|Corviknight, M|100\/100\n|move|p2a: Tapu Lele|Psychic|p1a: Corviknight\n|-resisted|p1a: Corviknight\n|-damage|p1a: Corviknight|72\/100\n|\n|upkeep\n|turn|7\n|\n|t:|1700240024\n|switch|p2a: Scizor|Scizor, M|100\/100\n|move|p1a: Corviknight|Iron Head|p2a: Scizor\n|-resisted|p2a: Scizor\n|-damage|p2a: Scizor|91\/100\n|\n|upkeep\n|turn|8\n|\n|t:|1700240041\n|move|p2a: Scizor|Swords Dance|p2a: Scizor\n|-boost|p2a: Scizor|atk|2\n|move|p1a: Corviknight|Roost|p1a: Corviknight\n|-heal|p1a: Corviknight|100\/100\n|-singleturn|p1a: Corviknight|move: Roost\n|\n|upkeep\n|turn|9\n|\n|t:|1700240046\n|move|p2a: Scizor|Swords Dance|p2a: Scizor\n|-boost|p2a: Scizor|atk|2\n|move|p1a: Corviknight|Brave Bird|p2a: Scizor\n|-damage|p2a: Scizor|63\/100\n|-damage|p1a: Corviknight|92\/100|[from] Recoil\n|\n|upkeep\n|turn|10\n|\n|t:|1700240052\n|move|p2a: Scizor|Roost|p2a: Scizor\n|-heal|p2a: Scizor|100\/100\n|-singleturn|p2a: Scizor|move: Roost\n|move|p1a: Corviknight|Brave Bird|p2a: Scizor\n|-damage|p2a: Scizor|70\/100\n|-damage|p1a: Corviknight|84\/100|[from] Recoil\n|\n|-fieldend|move: Psychic Terrain\n|upkeep\n|turn|11\n|\n|t:|1700240061\n|detailschange|p2a: Scizor|Scizor-Mega, M\n|-mega|p2a: Scizor|Scizor|Scizorite\n|move|p2a: Scizor|Bullet Punch|p1a: Corviknight\n|-resisted|p1a: Corviknight\n|-crit|p1a: Corviknight\n|-damage|p1a: Corviknight|45\/100\n|-damage|p2a: Scizor|54\/100|[from] item: Rocky Helmet|[of] p1a: Corviknight\n|move|p1a: Corviknight|Brave Bird|p2a: Scizor\n|-damage|p2a: Scizor|29\/100\n|-damage|p1a: Corviknight|38\/100|[from] Recoil\n|\n|upkeep\n|turn|12\n|\n|t:|1700240069\n|move|p2a: Scizor|Roost|p2a: Scizor\n|-heal|p2a: Scizor|80\/100\n|-singleturn|p2a: Scizor|move: Roost\n|move|p1a: Corviknight|Brave Bird|p2a: Scizor\n|-damage|p2a: Scizor|55\/100\n|-damage|p1a: Corviknight|31\/100|[from] Recoil\n|\n|upkeep\n|turn|13\n|\n|t:|1700240079\n|move|p2a: Scizor|Roost|p2a: Scizor\n|-heal|p2a: Scizor|100\/100\n|-singleturn|p2a: Scizor|move: Roost\n|move|p1a: Corviknight|Roost|p1a: Corviknight\n|-heal|p1a: Corviknight|81\/100\n|-singleturn|p1a: Corviknight|move: Roost\n|\n|upkeep\n|turn|14\n|\n|t:|1700240087\n|move|p2a: Scizor|Swords Dance|p2a: Scizor\n|-boost|p2a: Scizor|atk|2\n|move|p1a: Corviknight|Brave Bird|p2a: Scizor\n|-damage|p2a: Scizor|79\/100\n|-damage|p1a: Corviknight|75\/100|[from] Recoil\n|\n|upkeep\n|turn|15\n|\n|t:|1700240094\n|move|p2a: Scizor|Bullet Punch|p1a: Corviknight\n|-resisted|p1a: Corviknight\n|-damage|p1a: Corviknight|43\/100\n|-damage|p2a: Scizor|63\/100|[from] item: Rocky Helmet|[of] p1a: Corviknight\n|move|p1a: Corviknight|Roost|p1a: Corviknight\n|-heal|p1a: Corviknight|93\/100\n|-singleturn|p1a: Corviknight|move: Roost\n|\n|upkeep\n|turn|16\n|\n|t:|1700240100\n|move|p2a: Scizor|Bullet Punch|p1a: Corviknight\n|-resisted|p1a: Corviknight\n|-damage|p1a: Corviknight|57\/100\n|-damage|p2a: Scizor|46\/100|[from] item: Rocky Helmet|[of] p1a: Corviknight\n|move|p1a: Corviknight|Brave Bird|p2a: Scizor\n|-damage|p2a: Scizor|21\/100\n|-damage|p1a: Corviknight|50\/100|[from] Recoil\n|\n|upkeep\n|turn|17\n|\n|t:|1700240107\n|move|p2a: Scizor|Roost|p2a: Scizor\n|-heal|p2a: Scizor|72\/100\n|-singleturn|p2a: Scizor|move: Roost\n|move|p1a: Corviknight|Roost|p1a: Corviknight\n|-heal|p1a: Corviknight|99\/100\n|-singleturn|p1a: Corviknight|move: Roost\n|\n|upkeep\n|turn|18\n|\n|t:|1700240113\n|move|p2a: Scizor|Roost|p2a: Scizor\n|-heal|p2a: Scizor|100\/100\n|-singleturn|p2a: Scizor|move: Roost\n|move|p1a: Corviknight|Brave Bird|p2a: Scizor\n|-damage|p2a: Scizor|76\/100\n|-damage|p1a: Corviknight|93\/100|[from] Recoil\n|\n|upkeep\n|turn|19\n|\n|t:|1700240119\n|move|p2a: Scizor|Bullet Punch|p1a: Corviknight\n|-resisted|p1a: Corviknight\n|-damage|p1a: Corviknight|59\/100\n|-damage|p2a: Scizor|59\/100|[from] item: Rocky Helmet|[of] p1a: Corviknight\n|move|p1a: Corviknight|Brave Bird|p2a: Scizor\n|-damage|p2a: Scizor|38\/100\n|-damage|p1a: Corviknight|53\/100|[from] Recoil\n|\n|upkeep\n|turn|20\n|\n|t:|1700240131\n|move|p2a: Scizor|Roost|p2a: Scizor\n|-heal|p2a: Scizor|88\/100\n|-singleturn|p2a: Scizor|move: Roost\n|move|p1a: Corviknight|Roost|p1a: Corviknight\n|-heal|p1a: Corviknight|100\/100\n|-singleturn|p1a: Corviknight|move: Roost\n|\n|upkeep\n|turn|21\n|\n|t:|1700240138\n|move|p2a: Scizor|Bullet Punch|p1a: Corviknight\n|-resisted|p1a: Corviknight\n|-damage|p1a: Corviknight|63\/100\n|-damage|p2a: Scizor|72\/100|[from] item: Rocky Helmet|[of] p1a: Corviknight\n|move|p1a: Corviknight|Brave Bird|p2a: Scizor\n|-damage|p2a: Scizor|48\/100\n|-damage|p1a: Corviknight|57\/100|[from] Recoil\n|\n|upkeep\n|turn|22\n|\n|t:|1700240151\n|move|p2a: Scizor|Bullet Punch|p1a: Corviknight\n|-resisted|p1a: Corviknight\n|-damage|p1a: Corviknight|23\/100\n|-damage|p2a: Scizor|31\/100|[from] item: Rocky Helmet|[of] p1a: Corviknight\n|move|p1a: Corviknight|Roost|p1a: Corviknight\n|-heal|p1a: Corviknight|73\/100\n|-singleturn|p1a: Corviknight|move: Roost\n|\n|upkeep\n|turn|23\n|\n|t:|1700240159\n|move|p2a: Scizor|Roost|p2a: Scizor\n|-heal|p2a: Scizor|82\/100\n|-singleturn|p2a: Scizor|move: Roost\n|move|p1a: Corviknight|Brave Bird|p2a: Scizor\n|-damage|p2a: Scizor|58\/100\n|-damage|p1a: Corviknight|66\/100|[from] Recoil\n|\n|upkeep\n|turn|24\n|\n|t:|1700240166\n|move|p2a: Scizor|Bullet Punch|p1a: Corviknight\n|-resisted|p1a: Corviknight\n|-damage|p1a: Corviknight|30\/100\n|-damage|p2a: Scizor|41\/100|[from] item: Rocky Helmet|[of] p1a: Corviknight\n|move|p1a: Corviknight|Roost|p1a: Corviknight\n|-heal|p1a: Corviknight|80\/100\n|-singleturn|p1a: Corviknight|move: Roost\n|\n|upkeep\n|turn|25\n|\n|t:|1700240176\n|move|p2a: Scizor|Roost|p2a: Scizor\n|-heal|p2a: Scizor|91\/100\n|-singleturn|p2a: Scizor|move: Roost\n|move|p1a: Corviknight|Brave Bird|p2a: Scizor\n|-damage|p2a: Scizor|69\/100\n|-damage|p1a: Corviknight|74\/100|[from] Recoil\n|\n|upkeep\n|turn|26\n|\n|t:|1700240184\n|move|p2a: Scizor|Bullet Punch|p1a: Corviknight\n|-resisted|p1a: Corviknight\n|-damage|p1a: Corviknight|41\/100\n|-damage|p2a: Scizor|53\/100|[from] item: Rocky Helmet|[of] p1a: Corviknight\n|move|p1a: Corviknight|Roost|p1a: Corviknight\n|-heal|p1a: Corviknight|91\/100\n|-singleturn|p1a: Corviknight|move: Roost\n|\n|upkeep\n|turn|27\n|\n|t:|1700240193\n|move|p2a: Scizor|Bullet Punch|p1a: Corviknight\n|-resisted|p1a: Corviknight\n|-damage|p1a: Corviknight|56\/100\n|-damage|p2a: Scizor|36\/100|[from] item: Rocky Helmet|[of] p1a: Corviknight\n|move|p1a: Corviknight|Brave Bird|p2a: Scizor\n|-damage|p2a: Scizor|14\/100\n|-damage|p1a: Corviknight|50\/100|[from] Recoil\n|\n|upkeep\n|turn|28\n|\n|t:|1700240199\n|move|p2a: Scizor|U-turn|p1a: Corviknight\n|-resisted|p1a: Corviknight\n|-damage|p1a: Corviknight|29\/100\n|-damage|p2a: Scizor|0 fnt|[from] item: Rocky Helmet|[of] p1a: Corviknight\n|faint|p2a: Scizor\n|move|p1a: Corviknight|Brave Bird|p2: Scizor|[notarget]\n|-fail|p1a: Corviknight\n|\n|upkeep\n|\n|t:|1700240206\n|switch|p2a: Weavile|Weavile, F|100\/100\n|-ability|p2a: Weavile|Pressure\n|turn|29\n|\n|t:|1700240215\n|move|p2a: Weavile|Knock Off|p1a: Corviknight\n|-damage|p1a: Corviknight|0 fnt\n|-damage|p2a: Weavile|84\/100|[from] item: Rocky Helmet|[of] p1a: Corviknight\n|-enditem|p1a: Corviknight|Rocky Helmet|[from] move: Knock Off|[of] p2a: Weavile\n|faint|p1a: Corviknight\n|\n|upkeep\n|\n|t:|1700240229\n|switch|p1a: Urshifu|Urshifu-Rapid-Strike, M|100\/100\n|turn|30\n|\n|t:|1700240239\n|switch|p2a: Blissey|Blissey, F|100\/100\n|move|p1a: Urshifu|Surging Strikes|p2a: Blissey\n|-crit|p2a: Blissey\n|-damage|p2a: Blissey|83\/100\n|-crit|p2a: Blissey\n|-damage|p2a: Blissey|66\/100\n|-crit|p2a: Blissey\n|-damage|p2a: Blissey|49\/100\n|-hitcount|p2a: Blissey|3\n|\n|-heal|p2a: Blissey|55\/100|[from] item: Leftovers\n|upkeep\n|turn|31\n|\n|t:|1700240250\n|move|p1a: Urshifu|Surging Strikes|p2a: Blissey\n|-crit|p2a: Blissey\n|-damage|p2a: Blissey|38\/100\n|-crit|p2a: Blissey\n|-damage|p2a: Blissey|20\/100\n|-crit|p2a: Blissey\n|-damage|p2a: Blissey|4\/100\n|-hitcount|p2a: Blissey|3\n|move|p2a: Blissey|Wish|p2a: Blissey\n|\n|-heal|p2a: Blissey|10\/100|[from] item: Leftovers\n|upkeep\n|turn|32\n|\n|t:|1700240260\n|switch|p1a: Tapu Koko|Tapu Koko|100\/100\n|-fieldstart|move: Electric Terrain|[from] ability: Electric Surge|[of] p1a: Tapu Koko\n|move|p2a: Blissey|Seismic Toss|p1a: Tapu Koko\n|-damage|p1a: Tapu Koko|65\/100\n|\n|-heal|p2a: Blissey|60\/100|[from] move: Wish|[wisher] Blissey\n|-heal|p2a: Blissey|66\/100|[from] item: Leftovers\n|upkeep\n|turn|33\n|\n|t:|1700240266\n|move|p1a: Tapu Koko|Volt Switch|p2a: Blissey\n|-damage|p2a: Blissey|47\/100\n|-damage|p1a: Tapu Koko|55\/100|[from] item: Life Orb\n|\n|t:|1700240271\n|switch|p1a: Urshifu|Urshifu-Rapid-Strike, M|100\/100|[from] Volt Switch\n|move|p2a: Blissey|Soft-Boiled|p2a: Blissey\n|-heal|p2a: Blissey|97\/100\n|\n|-heal|p2a: Blissey|100\/100|[from] item: Leftovers\n|upkeep\n|turn|34\n|\n|t:|1700240277\n|switch|p2a: Gliscor|Gliscor, M|100\/100\n|move|p1a: Urshifu|Close Combat|p2a: Gliscor\n|-resisted|p2a: Gliscor\n|-damage|p2a: Gliscor|76\/100\n|-unboost|p1a: Urshifu|def|1\n|-unboost|p1a: Urshifu|spd|1\n|\n|-status|p2a: Gliscor|tox|[from] item: Toxic Orb\n|upkeep\n|turn|35\n|\n|t:|1700240284\n|switch|p1a: Gliscor|Gliscor, F|100\/100\n|move|p2a: Gliscor|Toxic|p1a: Gliscor|[miss]\n|-miss|p2a: Gliscor|p1a: Gliscor\n|\n|-heal|p2a: Gliscor|88\/100 tox|[from] ability: Poison Heal\n|-status|p1a: Gliscor|tox|[from] item: Toxic Orb\n|upkeep\n|turn|36\n|\n|t:|1700240299\n|move|p1a: Gliscor|Protect|p1a: Gliscor\n|-singleturn|p1a: Gliscor|Protect\n|move|p2a: Gliscor|Roost|p2a: Gliscor\n|-heal|p2a: Gliscor|100\/100 tox\n|-singleturn|p2a: Gliscor|move: Roost\n|\n|-fieldend|move: Electric Terrain\n|upkeep\n|turn|37\n|\n|t:|1700240326\n|switch|p2a: Tapu Lele|Tapu Lele|100\/100\n|-fieldstart|move: Psychic Terrain|[from] ability: Psychic Surge|[of] p2a: Tapu Lele\n|move|p1a: Gliscor|Earthquake|p2a: Tapu Lele\n|-damage|p2a: Tapu Lele|52\/100\n|\n|upkeep\n|turn|38\n|\n|t:|1700240332\n|-terastallize|p1a: Gliscor|Ground\n|move|p2a: Tapu Lele|Psychic|p1a: Gliscor\n|-damage|p1a: Gliscor|24\/100 tox\n|move|p1a: Gliscor|Earthquake|p2a: Tapu Lele\n|-damage|p2a: Tapu Lele|0 fnt\n|faint|p2a: Tapu Lele\n|\n|-heal|p1a: Gliscor|36\/100 tox|[from] ability: Poison Heal\n|upkeep\n|\n|t:|1700240338\n|switch|p2a: Weavile|Weavile, F|84\/100\n|-ability|p2a: Weavile|Pressure\n|turn|39\n|\n|t:|1700240351\n|move|p1a: Gliscor|Protect|p1a: Gliscor\n|-singleturn|p1a: Gliscor|Protect\n|move|p2a: Weavile|Triple Axel|p1a: Gliscor\n|-activate|p1a: Gliscor|move: Protect\n|\n|-heal|p1a: Gliscor|49\/100 tox|[from] ability: Poison Heal\n|upkeep\n|turn|40\n|\n|t:|1700240359\n|switch|p1a: Urshifu|Urshifu-Rapid-Strike, M|100\/100\n|move|p2a: Weavile|Triple Axel|p1a: Urshifu\n|-resisted|p1a: Urshifu\n|-damage|p1a: Urshifu|93\/100\n|-resisted|p1a: Urshifu\n|-damage|p1a: Urshifu|79\/100\n|-resisted|p1a: Urshifu\n|-damage|p1a: Urshifu|56\/100\n|-hitcount|p1a: Urshifu|3\n|\n|upkeep\n|turn|41\n|\n|t:|1700240371\n|switch|p2a: Blissey|Blissey, F|100\/100\n|move|p1a: Urshifu|Surging Strikes|p2a: Blissey\n|-crit|p2a: Blissey\n|-damage|p2a: Blissey|82\/100\n|-crit|p2a: Blissey\n|-damage|p2a: Blissey|65\/100\n|-crit|p2a: Blissey\n|-damage|p2a: Blissey|48\/100\n|-hitcount|p2a: Blissey|3\n|\n|-heal|p2a: Blissey|54\/100|[from] item: Leftovers\n|-fieldend|move: Psychic Terrain\n|upkeep\n|turn|42\n|\n|t:|1700240383\n|move|p1a: Urshifu|Surging Strikes|p2a: Blissey\n|-crit|p2a: Blissey\n|-damage|p2a: Blissey|37\/100\n|-crit|p2a: Blissey\n|-damage|p2a: Blissey|21\/100\n|-crit|p2a: Blissey\n|-damage|p2a: Blissey|4\/100\n|-hitcount|p2a: Blissey|3\n|move|p2a: Blissey|Soft-Boiled|p2a: Blissey\n|-heal|p2a: Blissey|54\/100\n|\n|-heal|p2a: Blissey|60\/100|[from] item: Leftovers\n|upkeep\n|turn|43\n|\n|t:|1700240396\n|switch|p1a: Gliscor|Gliscor, F, tera:Ground|49\/100 tox\n|move|p2a: Blissey|Soft-Boiled|p2a: Blissey\n|-heal|p2a: Blissey|100\/100\n|\n|-heal|p1a: Gliscor|61\/100 tox|[from] ability: Poison Heal\n|upkeep\n|turn|44\n|\n|t:|1700240402\n|move|p1a: Gliscor|Roost|p1a: Gliscor\n|-heal|p1a: Gliscor|100\/100 tox\n|move|p2a: Blissey|Wish|p2a: Blissey\n|\n|upkeep\n|turn|45\n|\n|t:|1700240409\n|switch|p1a: Urshifu|Urshifu-Rapid-Strike, M|56\/100\n|switch|p2a: Weavile|Weavile, F|84\/100\n|-ability|p2a: Weavile|Pressure\n|\n|-heal|p2a: Weavile|100\/100|[from] move: Wish|[wisher] Blissey\n|upkeep\n|turn|46\n|\n|t:|1700240420\n|switch|p2a: Gliscor|Gliscor, M|100\/100 tox\n|move|p1a: Urshifu|Close Combat|p2a: Gliscor\n|-resisted|p2a: Gliscor\n|-damage|p2a: Gliscor|77\/100 tox\n|-unboost|p1a: Urshifu|def|1\n|-unboost|p1a: Urshifu|spd|1\n|\n|-heal|p2a: Gliscor|90\/100 tox|[from] ability: Poison Heal\n|upkeep\n|turn|47\n|\n|t:|1700240430\n|switch|p1a: Gliscor|Gliscor, F, tera:Ground|100\/100 tox\n|switch|p2a: Weavile|Weavile, F|100\/100\n|-ability|p2a: Weavile|Pressure\n|\n|upkeep\n|turn|48\n|\n|t:|1700240435\n|move|p1a: Gliscor|Protect|p1a: Gliscor\n|-singleturn|p1a: Gliscor|Protect\n|move|p2a: Weavile|Knock Off|p1a: Gliscor\n|-activate|p1a: Gliscor|move: Protect\n|\n|upkeep\n|turn|49\n|\n|t:|1700240442\n|switch|p1a: Tapu Koko|Tapu Koko|55\/100\n|-fieldstart|move: Electric Terrain|[from] ability: Electric Surge|[of] p1a: Tapu Koko\n|move|p2a: Weavile|Knock Off|p1a: Tapu Koko\n|-resisted|p1a: Tapu Koko\n|-damage|p1a: Tapu Koko|2\/100\n|-enditem|p1a: Tapu Koko|Life Orb|[from] move: Knock Off|[of] p2a: Weavile\n|\n|upkeep\n|turn|50\n|\n|t:|1700240453\n|switch|p2a: Blissey|Blissey, F|100\/100\n|move|p1a: Tapu Koko|Dazzling Gleam|p2a: Blissey\n|-damage|p2a: Blissey|89\/100\n|\n|-heal|p2a: Blissey|95\/100|[from] item: Leftovers\n|upkeep\n|turn|51\n|\n|t:|1700240462\n|move|p1a: Tapu Koko|Volt Switch|p2a: Blissey\n|-damage|p2a: Blissey|81\/100\n|\n|t:|1700240465\n|switch|p1a: Urshifu|Urshifu-Rapid-Strike, M|56\/100|[from] Volt Switch\n|move|p2a: Blissey|Seismic Toss|p1a: Urshifu\n|-damage|p1a: Urshifu|27\/100\n|\n|-heal|p2a: Blissey|87\/100|[from] item: Leftovers\n|upkeep\n|turn|52\n|\n|t:|1700240474\n|move|p1a: Urshifu|Close Combat|p2a: Blissey\n|-supereffective|p2a: Blissey\n|-damage|p2a: Blissey|0 fnt\n|-unboost|p1a: Urshifu|def|1\n|-unboost|p1a: Urshifu|spd|1\n|faint|p2a: Blissey\n|\n|upkeep\n|\n|t:|1700240478\n|switch|p2a: Gliscor|Gliscor, M|90\/100 tox\n|turn|53\n|\n|t:|1700240484\n|switch|p1a: Tapu Koko|Tapu Koko|2\/100\n|move|p2a: Gliscor|Earthquake|p1a: Tapu Koko\n|-supereffective|p1a: Tapu Koko\n|-damage|p1a: Tapu Koko|0 fnt\n|faint|p1a: Tapu Koko\n|\n|-heal|p2a: Gliscor|100\/100 tox|[from] ability: Poison Heal\n|-fieldend|move: Electric Terrain\n|upkeep\n|\n|t:|1700240489\n|switch|p1a: Sceptile|Sceptile, F|100\/100\n|turn|54\n|\n|t:|1700240493\n|detailschange|p1a: Sceptile|Sceptile-Mega, F\n|-mega|p1a: Sceptile|Sceptile|Sceptilite\n|move|p1a: Sceptile|Energy Ball|p2a: Gliscor\n|-damage|p2a: Gliscor|57\/100 tox\n|move|p2a: Gliscor|Toxic|p1a: Sceptile\n|-status|p1a: Sceptile|tox\n|\n|-damage|p1a: Sceptile|94\/100 tox|[from] psn\n|-heal|p2a: Gliscor|70\/100 tox|[from] ability: Poison Heal\n|upkeep\n|turn|55\n|\n|t:|1700240502\n|switch|p1a: Gliscor|Gliscor, F, tera:Ground|100\/100 tox\n|move|p2a: Gliscor|Roost|p2a: Gliscor\n|-heal|p2a: Gliscor|100\/100 tox\n|-singleturn|p2a: Gliscor|move: Roost\n|\n|upkeep\n|turn|56\n|\n|t:|1700240509\n|switch|p2a: Weavile|Weavile, F|100\/100\n|-ability|p2a: Weavile|Pressure\n|move|p1a: Gliscor|Earthquake|p2a: Weavile\n|-damage|p2a: Weavile|31\/100\n|\n|upkeep\n|turn|57\n|\n|t:|1700240522\n|move|p1a: Gliscor|Protect|p1a: Gliscor\n|-singleturn|p1a: Gliscor|Protect\n|move|p2a: Weavile|Triple Axel|p1a: Gliscor\n|-activate|p1a: Gliscor|move: Protect\n|\n|upkeep\n|turn|58\n|\n|t:|1700240527\n|move|p2a: Weavile|Triple Axel|p1a: Gliscor\n|-supereffective|p1a: Gliscor\n|-damage|p1a: Gliscor|80\/100 tox\n|-supereffective|p1a: Gliscor\n|-damage|p1a: Gliscor|46\/100 tox\n|-supereffective|p1a: Gliscor\n|-damage|p1a: Gliscor|0 fnt\n|faint|p1a: Gliscor\n|-hitcount|p1: Gliscor|3\n|\n|upkeep\n|\n|t:|1700240536\n|switch|p1a: Urshifu|Urshifu-Rapid-Strike, M|27\/100\n|turn|59\n|\n|t:|1700240541\n|move|p1a: Urshifu|Surging Strikes|p2a: Weavile\n|-crit|p2a: Weavile\n|-damage|p2a: Weavile|0 fnt\n|faint|p2a: Weavile\n|-hitcount|p2: Weavile|1\n|\n|upkeep\n|\n|t:|1700240543\n|switch|p2a: Gliscor|Gliscor, M|100\/100 tox\n|turn|60\n|\n|t:|1700240546\n|-terastallize|p2a: Gliscor|Fairy\n|move|p1a: Urshifu|Surging Strikes|p2a: Gliscor\n|-crit|p2a: Gliscor\n|-damage|p2a: Gliscor|83\/100 tox\n|-crit|p2a: Gliscor\n|-damage|p2a: Gliscor|66\/100 tox\n|-crit|p2a: Gliscor\n|-damage|p2a: Gliscor|50\/100 tox\n|-hitcount|p2a: Gliscor|3\n|move|p2a: Gliscor|Earthquake|p1a: Urshifu\n|-damage|p1a: Urshifu|0 fnt\n|faint|p1a: Urshifu\n|\n|-heal|p2a: Gliscor|63\/100 tox|[from] ability: Poison Heal\n|upkeep\n|\n|t:|1700240556\n|switch|p1a: Sceptile|Sceptile-Mega, F|94\/100 tox\n|turn|61\n|\n|t:|1700240558\n|move|p1a: Sceptile|Energy Ball|p2a: Gliscor\n|-damage|p2a: Gliscor|19\/100 tox\n|move|p2a: Gliscor|Roost|p2a: Gliscor\n|-heal|p2a: Gliscor|69\/100 tox\n|\n|-damage|p1a: Sceptile|88\/100 tox|[from] psn\n|-heal|p2a: Gliscor|82\/100 tox|[from] ability: Poison Heal\n|upkeep\n|turn|62\n|\n|t:|1700240565\n|move|p1a: Sceptile|Energy Ball|p2a: Gliscor\n|-damage|p2a: Gliscor|39\/100 tox\n|move|p2a: Gliscor|Roost|p2a: Gliscor\n|-heal|p2a: Gliscor|89\/100 tox\n|\n|-damage|p1a: Sceptile|76\/100 tox|[from] psn\n|-heal|p2a: Gliscor|100\/100 tox|[from] ability: Poison Heal\n|upkeep\n|turn|63\n|\n|t:|1700240575\n|move|p1a: Sceptile|Energy Ball|p2a: Gliscor\n|-damage|p2a: Gliscor|57\/100 tox\n|move|p2a: Gliscor|Earthquake|p1a: Sceptile\n|-resisted|p1a: Sceptile\n|-damage|p1a: Sceptile|50\/100 tox\n|\n|-damage|p1a: Sceptile|31\/100 tox|[from] psn\n|-heal|p2a: Gliscor|70\/100 tox|[from] ability: Poison Heal\n|upkeep\n|turn|64\n|\n|t:|1700240583\n|move|p1a: Sceptile|Energy Ball|p2a: Gliscor\n|-damage|p2a: Gliscor|29\/100 tox\n|move|p2a: Gliscor|Roost|p2a: Gliscor\n|-heal|p2a: Gliscor|79\/100 tox\n|\n|-damage|p1a: Sceptile|7\/100 tox|[from] psn\n|-heal|p2a: Gliscor|92\/100 tox|[from] ability: Poison Heal\n|upkeep\n|turn|65\n|-message|Proman64 forfeited.\n|\n|win|Wolf31415\n|raw|Proman64's rating: 1333 &rarr; <strong>1314<\/strong><br \/>(-19 for losing)\n|raw|Wolf31415's rating: 1343 &rarr; <strong>1362<\/strong><br \/>(+19 for winning)\n|l|\u2606Proman64\n","uploadtime":1700240599,"views":19,"p1id":"proman64","p2id":"wolf31415","formatid":"gen9nationaldex","rating":1314,"private":0,"password":""}