{"id":"gen9nationaldex-1987819728","p1":"Haustlauf","p2":"Click Duh X\"","format":"[Gen 9] National Dex","log":"|j|\u2606Haustlauf\n|j|\u2606Click Duh X\"\n|t:|1699639805\n|gametype|singles\n|player|p1|Haustlauf|gambler|1051\n|player|p2|Click Duh X\"|ghetsis|1022\n|teamsize|p1|6\n|teamsize|p2|6\n|gen|9\n|tier|[Gen 9] National Dex\n|rated|\n|rule|HP Percentage Mod: HP is shown in percentages\n|rule|Endless Battle Clause: Forcing endless battles is banned\n|rule|OHKO Clause: OHKO moves are banned\n|rule|Evasion Clause: Evasion abilities, items, and moves are banned\n|rule|Evasion Abilities Clause: Evasion abilities are banned\n|rule|Evasion Items Clause: Evasion items are banned\n|rule|Evasion Moves Clause: Evasion moves are banned\n|rule|Species Clause: Limit one of each Pok\u00e9mon\n|rule|Sleep Clause Mod: Limit one foe put to sleep\n|clearpoke\n|poke|p1|Flareon, F|\n|poke|p1|Comfey, M|\n|poke|p1|Solrock|\n|poke|p1|Luxray, F|\n|poke|p1|Bronzong|\n|poke|p1|Gyarados, M|\n|poke|p2|Salazzle, F|\n|poke|p2|Magnemite, L1|\n|poke|p2|Probopass, L2, M|\n|poke|p2|Mandibuzz, F|\n|poke|p2|Nosepass, L1, M|\n|poke|p2|Tentacruel, F|\n|teampreview\n|inactive|Battle timer is ON: inactive players will automatically lose when time's up. (requested by Click Duh X\")\n|\n|t:|1699639843\n|start\n|switch|p1a: Flareon|Flareon, F|100\/100\n|switch|p2a: No Fun Allowed|Salazzle, F|100\/100\n|-item|p1a: Flareon|Air Balloon\n|turn|1\n|\n|t:|1699639855\n|move|p2a: No Fun Allowed|Substitute|p2a: No Fun Allowed\n|-start|p2a: No Fun Allowed|Substitute\n|-damage|p2a: No Fun Allowed|76\/100\n|move|p1a: Flareon|Flare Blitz|p2a: No Fun Allowed\n|-resisted|p2a: No Fun Allowed\n|-end|p2a: No Fun Allowed|Substitute\n|-damage|p1a: Flareon|93\/100|[from] Recoil|[of] p2a: No Fun Allowed\n|\n|-heal|p2a: No Fun Allowed|82\/100|[from] item: Leftovers\n|upkeep\n|turn|2\n|\n|t:|1699639862\n|move|p2a: No Fun Allowed|Protect|p2a: No Fun Allowed\n|-singleturn|p2a: No Fun Allowed|Protect\n|move|p1a: Flareon|Flare Blitz|p2a: No Fun Allowed\n|-activate|p2a: No Fun Allowed|move: Protect\n|\n|-heal|p2a: No Fun Allowed|88\/100|[from] item: Leftovers\n|upkeep\n|turn|3\n|\n|t:|1699639867\n|switch|p2a: Sh\ud83d\udca9tsquid|Tentacruel, F|100\/100\n|switch|p1a: Bronzong|Bronzong, shiny|100\/100\n|\n|upkeep\n|turn|4\n|\n|t:|1699639876\n|move|p2a: Sh\ud83d\udca9tsquid|Knock Off|p1a: Bronzong\n|-supereffective|p1a: Bronzong\n|-damage|p1a: Bronzong|75\/100\n|-damage|p2a: Sh\ud83d\udca9tsquid|84\/100|[from] item: Rocky Helmet|[of] p1a: Bronzong\n|-enditem|p1a: Bronzong|Rocky Helmet|[from] move: Knock Off|[of] p2a: Sh\ud83d\udca9tsquid\n|move|p1a: Bronzong|Gyro Ball|p2a: Sh\ud83d\udca9tsquid\n|-resisted|p2a: Sh\ud83d\udca9tsquid\n|-crit|p2a: Sh\ud83d\udca9tsquid\n|-damage|p2a: Sh\ud83d\udca9tsquid|36\/100\n|\n|-heal|p2a: Sh\ud83d\udca9tsquid|42\/100|[from] item: Leftovers\n|upkeep\n|turn|5\n|\n|t:|1699639895\n|switch|p2a: No Fun Allowed|Salazzle, F|88\/100\n|move|p1a: Bronzong|Gyro Ball|p2a: No Fun Allowed\n|-resisted|p2a: No Fun Allowed\n|-damage|p2a: No Fun Allowed|32\/100\n|\n|-heal|p2a: No Fun Allowed|38\/100|[from] item: Leftovers\n|upkeep\n|turn|6\n|\n|t:|1699639904\n|switch|p1a: Luxray|Luxray, F|100\/100\n|move|p2a: No Fun Allowed|Substitute|p2a: No Fun Allowed\n|-start|p2a: No Fun Allowed|Substitute\n|-damage|p2a: No Fun Allowed|13\/100\n|\n|-heal|p2a: No Fun Allowed|19\/100|[from] item: Leftovers\n|-status|p1a: Luxray|brn|[from] item: Flame Orb\n|upkeep\n|turn|7\n|\n|t:|1699639907\n|move|p2a: No Fun Allowed|Protect|p2a: No Fun Allowed\n|-singleturn|p2a: No Fun Allowed|Protect\n|move|p1a: Luxray|Facade|p2a: No Fun Allowed\n|-activate|p2a: No Fun Allowed|move: Protect\n|\n|-heal|p2a: No Fun Allowed|25\/100|[from] item: Leftovers\n|-damage|p1a: Luxray|94\/100 brn|[from] brn\n|upkeep\n|turn|8\n|\n|t:|1699639919\n|move|p2a: No Fun Allowed|Flamethrower|p1a: Luxray\n|-damage|p1a: Luxray|45\/100 brn\n|move|p1a: Luxray|Facade|p2a: No Fun Allowed\n|-end|p2a: No Fun Allowed|Substitute\n|\n|-heal|p2a: No Fun Allowed|31\/100|[from] item: Leftovers\n|-damage|p1a: Luxray|39\/100 brn|[from] brn\n|upkeep\n|turn|9\n|\n|t:|1699639925\n|move|p1a: Luxray|Quick Attack|p2a: No Fun Allowed\n|-damage|p2a: No Fun Allowed|0 fnt\n|faint|p2a: No Fun Allowed\n|\n|-damage|p1a: Luxray|33\/100 brn|[from] brn\n|upkeep\n|\n|t:|1699639930\n|switch|p2a: Literally Level 1|Magnemite, L1|100\/100\n|turn|10\n|\n|t:|1699639938\n|move|p2a: Literally Level 1|Protect|p2a: Literally Level 1\n|-singleturn|p2a: Literally Level 1|Protect\n|move|p1a: Luxray|Quick Attack|p2a: Literally Level 1\n|-activate|p2a: Literally Level 1|move: Protect\n|\n|-damage|p1a: Luxray|27\/100 brn|[from] brn\n|upkeep\n|turn|11\n|\n|t:|1699639949\n|move|p1a: Luxray|Quick Attack|p2a: Literally Level 1\n|-resisted|p2a: Literally Level 1\n|-ability|p2a: Literally Level 1|Sturdy\n|-damage|p2a: Literally Level 1|10\/100\n|-enditem|p2a: Literally Level 1|Berry Juice\n|-heal|p2a: Literally Level 1|100\/100|[from] item: Berry Juice\n|move|p2a: Literally Level 1|Recycle|p2a: Literally Level 1\n|-item|p2a: Literally Level 1|Berry Juice|[from] move: Recycle\n|\n|-damage|p1a: Luxray|20\/100 brn|[from] brn\n|upkeep\n|turn|12\n|\n|t:|1699639973\n|move|p2a: Literally Level 1|Protect|p2a: Literally Level 1\n|-singleturn|p2a: Literally Level 1|Protect\n|move|p1a: Luxray|Quick Attack|p2a: Literally Level 1\n|-activate|p2a: Literally Level 1|move: Protect\n|\n|-damage|p1a: Luxray|14\/100 brn|[from] brn\n|upkeep\n|turn|13\n|\n|t:|1699639978\n|move|p1a: Luxray|Quick Attack|p2a: Literally Level 1\n|-resisted|p2a: Literally Level 1\n|-ability|p2a: Literally Level 1|Sturdy\n|-damage|p2a: Literally Level 1|10\/100\n|-enditem|p2a: Literally Level 1|Berry Juice\n|-heal|p2a: Literally Level 1|100\/100|[from] item: Berry Juice\n|move|p2a: Literally Level 1|Recycle|p2a: Literally Level 1\n|-item|p2a: Literally Level 1|Berry Juice|[from] move: Recycle\n|\n|-damage|p1a: Luxray|8\/100 brn|[from] brn\n|upkeep\n|turn|14\n|\n|t:|1699639984\n|move|p2a: Literally Level 1|Protect|p2a: Literally Level 1\n|-singleturn|p2a: Literally Level 1|Protect\n|move|p1a: Luxray|Wild Charge|p2a: Literally Level 1\n|-activate|p2a: Literally Level 1|move: Protect\n|\n|-damage|p1a: Luxray|2\/100 brn|[from] brn\n|upkeep\n|turn|15\n|\n|t:|1699639989\n|move|p1a: Luxray|Wild Charge|p2a: Literally Level 1\n|-resisted|p2a: Literally Level 1\n|-ability|p2a: Literally Level 1|Sturdy\n|-damage|p2a: Literally Level 1|10\/100\n|-enditem|p2a: Literally Level 1|Berry Juice\n|-heal|p2a: Literally Level 1|100\/100|[from] item: Berry Juice\n|-damage|p1a: Luxray|1\/100 brn|[from] Recoil\n|move|p2a: Literally Level 1|Recycle|p2a: Literally Level 1\n|-item|p2a: Literally Level 1|Berry Juice|[from] move: Recycle\n|\n|-damage|p1a: Luxray|0 fnt|[from] brn\n|faint|p1a: Luxray\n|upkeep\n|\n|t:|1699639993\n|switch|p1a: Comfey|Comfey, M|100\/100\n|turn|16\n|\n|t:|1699639997\n|move|p2a: Literally Level 1|Protect|p2a: Literally Level 1\n|-singleturn|p2a: Literally Level 1|Protect\n|move|p1a: Comfey|Trick|p2a: Literally Level 1\n|-activate|p2a: Literally Level 1|move: Protect\n|\n|-damage|p1a: Comfey|88\/100|[from] item: Sticky Barb\n|upkeep\n|turn|17\n|\n|t:|1699640005\n|move|p1a: Comfey|Trick|p2a: Literally Level 1\n|-activate|p1a: Comfey|move: Trick|[of] p2a: Literally Level 1\n|-item|p2a: Literally Level 1|Sticky Barb|[from] move: Trick\n|-item|p1a: Comfey|Berry Juice|[from] move: Trick\n|move|p2a: Literally Level 1|Toxic|p1a: Comfey\n|-status|p1a: Comfey|tox\n|\n|-damage|p1a: Comfey|82\/100 tox|[from] psn\n|-damage|p2a: Literally Level 1|91\/100|[from] item: Sticky Barb\n|upkeep\n|turn|18\n|\n|t:|1699640013\n|move|p1a: Comfey|Giga Drain|p2a: Literally Level 1\n|-resisted|p2a: Literally Level 1\n|-damage|p2a: Literally Level 1|0 fnt\n|-heal|p1a: Comfey|84\/100 tox|[from] drain|[of] p2a: Literally Level 1\n|faint|p2a: Literally Level 1\n|\n|-damage|p1a: Comfey|72\/100 tox|[from] psn\n|upkeep\n|\n|t:|1699640041\n|switch|p2a: Click the \u274c|Nosepass, L1, M, shiny|100\/100\n|turn|19\n|\n|t:|1699640048\n|move|p2a: Click the \u274c|Protect|p2a: Click the \u274c\n|-singleturn|p2a: Click the \u274c|Protect\n|move|p1a: Comfey|Trick|p2a: Click the \u274c\n|-activate|p2a: Click the \u274c|move: Protect\n|\n|-damage|p1a: Comfey|55\/100 tox|[from] psn\n|upkeep\n|turn|20\n|\n|t:|1699640054\n|move|p1a: Comfey|Trick|p2a: Click the \u274c\n|-activate|p1a: Comfey|move: Trick|[of] p2a: Click the \u274c\n|-item|p2a: Click the \u274c|Berry Juice|[from] move: Trick\n|-item|p1a: Comfey|Berry Juice|[from] move: Trick\n|move|p2a: Click the \u274c|Pain Split|p1a: Comfey\n|-sethp|p1a: Comfey|29\/100 tox|[from] move: Pain Split|[silent]\n|-sethp|p2a: Click the \u274c|100\/100|[from] move: Pain Split\n|-enditem|p1a: Comfey|Berry Juice\n|-heal|p1a: Comfey|37\/100 tox|[from] item: Berry Juice\n|\n|-damage|p1a: Comfey|13\/100 tox|[from] psn\n|upkeep\n|turn|21\n|\n|t:|1699640064\n|move|p2a: Click the \u274c|Protect|p2a: Click the \u274c\n|-singleturn|p2a: Click the \u274c|Protect\n|move|p1a: Comfey|Giga Drain|p2a: Click the \u274c\n|-activate|p2a: Click the \u274c|move: Protect\n|\n|-damage|p1a: Comfey|0 fnt|[from] psn\n|faint|p1a: Comfey\n|upkeep\n|\n|t:|1699640073\n|switch|p1a: Solrock|Solrock|100\/100\n|turn|22\n|\n|t:|1699640077\n|switch|p2a: Sh\ud83d\udca9tsquid|Tentacruel, F|42\/100\n|move|p1a: Solrock|Earthquake|p2a: Sh\ud83d\udca9tsquid\n|-supereffective|p2a: Sh\ud83d\udca9tsquid\n|-damage|p2a: Sh\ud83d\udca9tsquid|0 fnt\n|faint|p2a: Sh\ud83d\udca9tsquid\n|\n|upkeep\n|\n|t:|1699640081\n|switch|p2a: Click the \u274c|Nosepass, L1, M, shiny|100\/100\n|turn|23\n|\n|t:|1699640085\n|move|p1a: Solrock|Earthquake|p2a: Click the \u274c\n|-supereffective|p2a: Click the \u274c\n|-ability|p2a: Click the \u274c|Sturdy\n|-damage|p2a: Click the \u274c|10\/100\n|-enditem|p2a: Click the \u274c|Berry Juice\n|-heal|p2a: Click the \u274c|100\/100|[from] item: Berry Juice\n|move|p2a: Click the \u274c|Toxic|p1a: Solrock|[miss]\n|-miss|p2a: Click the \u274c|p1a: Solrock\n|\n|upkeep\n|turn|24\n|\n|t:|1699640095\n|move|p1a: Solrock|Earthquake|p2a: Click the \u274c\n|-supereffective|p2a: Click the \u274c\n|-ability|p2a: Click the \u274c|Sturdy\n|-damage|p2a: Click the \u274c|10\/100\n|move|p2a: Click the \u274c|Pain Split|p1a: Solrock\n|-sethp|p1a: Solrock|51\/100|[from] move: Pain Split|[silent]\n|-sethp|p2a: Click the \u274c|100\/100|[from] move: Pain Split\n|\n|upkeep\n|turn|25\n|\n|t:|1699640112\n|move|p1a: Solrock|Explosion|p2a: Click the \u274c\n|-resisted|p2a: Click the \u274c\n|-ability|p2a: Click the \u274c|Sturdy\n|-damage|p2a: Click the \u274c|10\/100\n|faint|p1a: Solrock\n|move|p2a: Click the \u274c|Pain Split|p1: Solrock|[notarget]\n|-fail|p2a: Click the \u274c\n|\n|upkeep\n|\n|t:|1699640121\n|switch|p1a: Bronzong|Bronzong, shiny|75\/100\n|turn|26\n|\n|t:|1699640126\n|switch|p2a: Sh\ud83d\udca9tbird|Mandibuzz, F|100\/100\n|move|p1a: Bronzong|Gyro Ball|p2a: Sh\ud83d\udca9tbird\n|-damage|p2a: Sh\ud83d\udca9tbird|85\/100\n|\n|upkeep\n|turn|27\n|\n|t:|1699640132\n|move|p2a: Sh\ud83d\udca9tbird|Foul Play|p1a: Bronzong\n|-supereffective|p1a: Bronzong\n|-damage|p1a: Bronzong|10\/100\n|move|p1a: Bronzong|Body Press|p2a: Sh\ud83d\udca9tbird\n|-damage|p2a: Sh\ud83d\udca9tbird|72\/100\n|\n|upkeep\n|turn|28\n|\n|t:|1699640161\n|switch|p1a: Flareon|Flareon, F|93\/100\n|-item|p1a: Flareon|Air Balloon\n|move|p2a: Sh\ud83d\udca9tbird|Foul Play|p1a: Flareon\n|-damage|p1a: Flareon|37\/100\n|-enditem|p1a: Flareon|Air Balloon\n|\n|upkeep\n|turn|29\n|\n|t:|1699640177\n|switch|p2a: Click the \u274c|Nosepass, L1, M, shiny|10\/100\n|move|p1a: Flareon|Flare Blitz|p2a: Click the \u274c\n|-resisted|p2a: Click the \u274c\n|-damage|p2a: Click the \u274c|0 fnt\n|faint|p2a: Click the \u274c\n|-damage|p1a: Flareon|36\/100|[from] Recoil\n|\n|upkeep\n|\n|t:|1699640180\n|switch|p2a: Level2\ufe0f\u20e3Level2\ufe0f\u20e3|Probopass, L2, M, shiny|100\/100\n|turn|30\n|\n|t:|1699640186\n|-terastallize|p2a: Level2\ufe0f\u20e3Level2\ufe0f\u20e3|Fire\n|move|p1a: Flareon|Detect|p1a: Flareon\n|-singleturn|p1a: Flareon|Protect\n|move|p2a: Level2\ufe0f\u20e3Level2\ufe0f\u20e3|Toxic|p1a: Flareon\n|-activate|p1a: Flareon|move: Protect\n|\n|upkeep\n|turn|31\n|\n|t:|1699640197\n|move|p1a: Flareon|Trailblaze|p2a: Level2\ufe0f\u20e3Level2\ufe0f\u20e3\n|-resisted|p2a: Level2\ufe0f\u20e3Level2\ufe0f\u20e3\n|-ability|p2a: Level2\ufe0f\u20e3Level2\ufe0f\u20e3|Sturdy\n|-damage|p2a: Level2\ufe0f\u20e3Level2\ufe0f\u20e3|8\/100\n|-boost|p1a: Flareon|spe|1\n|-enditem|p2a: Level2\ufe0f\u20e3Level2\ufe0f\u20e3|Berry Juice\n|-heal|p2a: Level2\ufe0f\u20e3Level2\ufe0f\u20e3|100\/100|[from] item: Berry Juice\n|move|p2a: Level2\ufe0f\u20e3Level2\ufe0f\u20e3|Toxic|p1a: Flareon\n|-status|p1a: Flareon|tox\n|\n|-damage|p1a: Flareon|30\/100 tox|[from] psn\n|upkeep\n|turn|32\n|\n|t:|1699640206\n|move|p1a: Flareon|Trailblaze|p2a: Level2\ufe0f\u20e3Level2\ufe0f\u20e3\n|-resisted|p2a: Level2\ufe0f\u20e3Level2\ufe0f\u20e3\n|-ability|p2a: Level2\ufe0f\u20e3Level2\ufe0f\u20e3|Sturdy\n|-damage|p2a: Level2\ufe0f\u20e3Level2\ufe0f\u20e3|8\/100\n|-boost|p1a: Flareon|spe|1\n|move|p2a: Level2\ufe0f\u20e3Level2\ufe0f\u20e3|Pain Split|p1a: Flareon\n|-sethp|p1a: Flareon|15\/100 tox|[from] move: Pain Split|[silent]\n|-sethp|p2a: Level2\ufe0f\u20e3Level2\ufe0f\u20e3|100\/100|[from] move: Pain Split\n|\n|-damage|p1a: Flareon|3\/100 tox|[from] psn\n|upkeep\n|turn|33\n|\n|t:|1699640220\n|move|p2a: Level2\ufe0f\u20e3Level2\ufe0f\u20e3|Protect|p2a: Level2\ufe0f\u20e3Level2\ufe0f\u20e3\n|-singleturn|p2a: Level2\ufe0f\u20e3Level2\ufe0f\u20e3|Protect\n|move|p1a: Flareon|Trailblaze|p2a: Level2\ufe0f\u20e3Level2\ufe0f\u20e3\n|-activate|p2a: Level2\ufe0f\u20e3Level2\ufe0f\u20e3|move: Protect\n|\n|-damage|p1a: Flareon|0 fnt|[from] psn\n|faint|p1a: Flareon\n|upkeep\n|\n|t:|1699640226\n|switch|p1a: Bronzong|Bronzong, shiny|10\/100\n|turn|34\n|\n|t:|1699640254\n|switch|p2a: Sh\ud83d\udca9tbird|Mandibuzz, F|72\/100\n|move|p1a: Bronzong|Body Press|p2a: Sh\ud83d\udca9tbird\n|-damage|p2a: Sh\ud83d\udca9tbird|59\/100\n|\n|upkeep\n|turn|35\n|\n|t:|1699640259\n|switch|p1a: Gyarados|Gyarados, M, shiny|100\/100\n|-ability|p1a: Gyarados|Intimidate|boost\n|-unboost|p2a: Sh\ud83d\udca9tbird|atk|1\n|move|p2a: Sh\ud83d\udca9tbird|Roost|p2a: Sh\ud83d\udca9tbird\n|-heal|p2a: Sh\ud83d\udca9tbird|100\/100\n|-singleturn|p2a: Sh\ud83d\udca9tbird|move: Roost\n|\n|upkeep\n|turn|36\n|\n|t:|1699640270\n|move|p1a: Gyarados|Crunch|p2a: Sh\ud83d\udca9tbird\n|-resisted|p2a: Sh\ud83d\udca9tbird\n|-damage|p2a: Sh\ud83d\udca9tbird|93\/100\n|move|p2a: Sh\ud83d\udca9tbird|Toxic|p1a: Gyarados\n|-status|p1a: Gyarados|tox\n|\n|-damage|p1a: Gyarados|95\/100 tox|[from] psn\n|upkeep\n|turn|37\n|c|\u2606Click Duh X\"|???\n|\n|t:|1699640279\n|move|p1a: Gyarados|Dragon Dance|p1a: Gyarados\n|-boost|p1a: Gyarados|atk|1\n|-boost|p1a: Gyarados|spe|1\n|move|p2a: Sh\ud83d\udca9tbird|Foul Play|p1a: Gyarados\n|-damage|p1a: Gyarados|26\/100 tox\n|\n|-damage|p1a: Gyarados|15\/100 tox|[from] psn\n|upkeep\n|turn|38\n|\n|t:|1699640289\n|switch|p2a: Level2\ufe0f\u20e3Level2\ufe0f\u20e3|Probopass, L2, M, shiny, tera:Fire|100\/100\n|detailschange|p1a: Gyarados|Gyarados-Mega, M, shiny\n|-mega|p1a: Gyarados|Gyarados|Gyaradosite\n|-ability|p1a: Gyarados|Mold Breaker\n|move|p1a: Gyarados|Waterfall|p2a: Level2\ufe0f\u20e3Level2\ufe0f\u20e3\n|-supereffective|p2a: Level2\ufe0f\u20e3Level2\ufe0f\u20e3\n|-damage|p2a: Level2\ufe0f\u20e3Level2\ufe0f\u20e3|0 fnt\n|faint|p2a: Level2\ufe0f\u20e3Level2\ufe0f\u20e3\n|\n|-damage|p1a: Gyarados|0 fnt|[from] psn\n|faint|p1a: Gyarados\n|upkeep\n|\n|t:|1699640296\n|switch|p1a: Bronzong|Bronzong, shiny|10\/100\n|switch|p2a: Sh\ud83d\udca9tbird|Mandibuzz, F|93\/100\n|turn|39\n|\n|t:|1699640299\n|-terastallize|p1a: Bronzong|Water\n|move|p2a: Sh\ud83d\udca9tbird|Foul Play|p1a: Bronzong\n|-damage|p1a: Bronzong|0 fnt\n|faint|p1a: Bronzong\n|\n|win|Click Duh X\"\n|raw|Haustlauf's rating: 1051 &rarr; <strong>1032<\/strong><br \/>(-19 for losing)\n|raw|Click Duh X&quot;'s rating: 1022 &rarr; <strong>1062<\/strong><br \/>(+40 for winning)\n|c|\u2606Click Duh X\"|gg noob\n","uploadtime":1699640303,"views":4,"p1id":"haustlauf","p2id":"clickduhx","formatid":"gen9nationaldex","rating":1032,"private":0,"password":""}