{"id":"gen9nationaldex-1996379162","p1":"CappyPulpy","p2":"ghostkinggengar","format":"[Gen 9] National Dex","log":"|html|<div class=\"broadcast-blue\"><strong>[Gen 9] National Dex is currently suspecting Sneasler! For information on how to participate check out the <a href=\"https:\/\/www.smogon.com\/forums\/threads\/sv-national-dex-suspect-8-just-dance.3731534\/\">suspect thread<\/a>.<\/strong><\/div>\n|j|\u2606CappyPulpy\n|j|\u2606ghostkinggengar\n|t:|1700676417\n|gametype|singles\n|player|p1|CappyPulpy|101|1586\n|player|p2|ghostkinggengar|swimmerf|1783\n|teamsize|p1|6\n|teamsize|p2|6\n|gen|9\n|tier|[Gen 9] National Dex\n|rated|\n|rule|HP Percentage Mod: HP is shown in percentages\n|rule|Endless Battle Clause: Forcing endless battles is banned\n|rule|OHKO Clause: OHKO moves are banned\n|rule|Evasion Clause: Evasion abilities, items, and moves are banned\n|rule|Evasion Abilities Clause: Evasion abilities are banned\n|rule|Evasion Items Clause: Evasion items are banned\n|rule|Evasion Moves Clause: Evasion moves are banned\n|rule|Species Clause: Limit one of each Pok\u00e9mon\n|rule|Sleep Clause Mod: Limit one foe put to sleep\n|clearpoke\n|poke|p1|Tyranitar, F|\n|poke|p1|Alomomola, M|\n|poke|p1|Zamazenta-*|\n|poke|p1|Landorus-Therian, M|\n|poke|p1|Victini|\n|poke|p1|Aegislash, M|\n|poke|p2|Slowbro, F|\n|poke|p2|Ursaluna, F|\n|poke|p2|Blacephalon|\n|poke|p2|Empoleon, F|\n|poke|p2|Garchomp, F|\n|poke|p2|Ferrothorn, F|\n|teampreview\n|inactive|Battle timer is ON: inactive players will automatically lose when time's up. (requested by ghostkinggengar)\n|\n|t:|1700676434\n|start\n|switch|p1a: Zamazenta|Zamazenta|100\/100\n|switch|p2a: Garchomp|Garchomp, F|100\/100\n|-ability|p1a: Zamazenta|Dauntless Shield|boost\n|-boost|p1a: Zamazenta|def|1\n|turn|1\n|\n|t:|1700676439\n|switch|p2a: Slowbro|Slowbro, F|100\/100\n|move|p1a: Zamazenta|Ice Fang|p2a: Slowbro\n|-resisted|p2a: Slowbro\n|-damage|p2a: Slowbro|92\/100\n|-damage|p1a: Zamazenta|84\/100|[from] item: Rocky Helmet|[of] p2a: Slowbro\n|\n|upkeep\n|turn|2\n|\n|t:|1700676447\n|switch|p1a: Tyranitar|Tyranitar, F|100\/100\n|-weather|Sandstorm|[from] ability: Sand Stream|[of] p1a: Tyranitar\n|move|p2a: Slowbro|Future Sight|p1a: Tyranitar\n|-start|p2a: Slowbro|move: Future Sight\n|\n|-weather|Sandstorm|[upkeep]\n|-damage|p2a: Slowbro|86\/100|[from] Sandstorm\n|upkeep\n|turn|3\n|\n|t:|1700676457\n|detailschange|p1a: Tyranitar|Tyranitar-Mega, F\n|-mega|p1a: Tyranitar|Tyranitar|Tyranitarite\n|-terastallize|p2a: Slowbro|Fairy\n|move|p1a: Tyranitar|Knock Off|p2a: Slowbro\n|-resisted|p2a: Slowbro\n|-damage|p2a: Slowbro|66\/100\n|-damage|p1a: Tyranitar|84\/100|[from] item: Rocky Helmet|[of] p2a: Slowbro\n|-enditem|p2a: Slowbro|Rocky Helmet|[from] move: Knock Off|[of] p1a: Tyranitar\n|move|p2a: Slowbro|Trick Room|p2a: Slowbro\n|-fieldstart|move: Trick Room|[of] p2a: Slowbro\n|\n|-weather|Sandstorm|[upkeep]\n|-damage|p2a: Slowbro|60\/100|[from] Sandstorm\n|upkeep\n|turn|4\n|\n|t:|1700676468\n|move|p1a: Tyranitar|Stealth Rock|p2a: Slowbro\n|-sidestart|p2: ghostkinggengar|move: Stealth Rock\n|move|p2a: Slowbro|Teleport|p2a: Slowbro\n|\n|t:|1700676471\n|switch|p2a: Ursaluna|Ursaluna, F|100\/100|[from] Teleport\n|-damage|p2a: Ursaluna|94\/100|[from] Stealth Rock\n|\n|-weather|Sandstorm|[upkeep]\n|-end|p1a: Tyranitar|move: Future Sight\n|-immune|p1a: Tyranitar\n|-status|p2a: Ursaluna|brn|[from] item: Flame Orb\n|upkeep\n|turn|5\n|\n|t:|1700676478\n|switch|p1a: Alomomola|Alomomola, M|100\/100\n|move|p2a: Ursaluna|Facade|p1a: Alomomola\n|-damage|p1a: Alomomola|36\/100\n|\n|-weather|Sandstorm|[upkeep]\n|-damage|p1a: Alomomola|30\/100|[from] Sandstorm\n|-heal|p1a: Alomomola|36\/100|[from] item: Leftovers\n|-damage|p2a: Ursaluna|88\/100 brn|[from] brn\n|upkeep\n|turn|6\n|\n|t:|1700676485\n|move|p1a: Alomomola|Protect|p1a: Alomomola\n|-singleturn|p1a: Alomomola|Protect\n|move|p2a: Ursaluna|Facade|p1a: Alomomola\n|-activate|p1a: Alomomola|move: Protect\n|\n|-weather|none\n|-heal|p1a: Alomomola|43\/100|[from] item: Leftovers\n|-damage|p2a: Ursaluna|82\/100 brn|[from] brn\n|upkeep\n|turn|7\n|\n|t:|1700676489\n|switch|p1a: Landorus|Landorus-Therian, M|100\/100\n|-ability|p1a: Landorus|Intimidate|boost\n|-unboost|p2a: Ursaluna|atk|1\n|move|p2a: Ursaluna|Facade|p1a: Landorus\n|-damage|p1a: Landorus|6\/100\n|\n|-damage|p2a: Ursaluna|76\/100 brn|[from] brn\n|-fieldend|move: Trick Room\n|upkeep\n|turn|8\n|\n|t:|1700676499\n|switch|p2a: Slowbro|Slowbro, F, tera:Fairy|93\/100\n|-damage|p2a: Slowbro|81\/100|[from] Stealth Rock\n|move|p1a: Landorus|Earthquake|p2a: Slowbro\n|-damage|p2a: Slowbro|49\/100\n|\n|upkeep\n|turn|9\n|\n|t:|1700676510\n|move|p1a: Landorus|Earthquake|p2a: Slowbro\n|-damage|p2a: Slowbro|19\/100\n|move|p2a: Slowbro|Trick Room|p2a: Slowbro\n|-fieldstart|move: Trick Room|[of] p2a: Slowbro\n|\n|upkeep\n|turn|10\n|\n|t:|1700676518\n|switch|p2a: Ferrothorn|Ferrothorn, F|100\/100\n|-damage|p2a: Ferrothorn|94\/100|[from] Stealth Rock\n|move|p1a: Landorus|Earthquake|p2a: Ferrothorn\n|-damage|p2a: Ferrothorn|53\/100\n|\n|-heal|p2a: Ferrothorn|59\/100|[from] item: Leftovers\n|upkeep\n|turn|11\n|\n|t:|1700676528\n|move|p2a: Ferrothorn|Gyro Ball|p1a: Landorus\n|-damage|p1a: Landorus|0 fnt\n|faint|p1a: Landorus\n|\n|-heal|p2a: Ferrothorn|66\/100|[from] item: Leftovers\n|upkeep\n|\n|t:|1700676531\n|switch|p1a: Victini|Victini|100\/100\n|turn|12\n|\n|t:|1700676537\n|move|p2a: Ferrothorn|Stealth Rock|p1a: Victini\n|-sidestart|p1: CappyPulpy|move: Stealth Rock\n|-zpower|p1a: Victini\n|move|p1a: Victini|Z-Celebrate|p1a: Victini|[anim]Celebrate\n|-boost|p1a: Victini|atk|1|[zeffect]\n|-boost|p1a: Victini|def|1|[zeffect]\n|-boost|p1a: Victini|spa|1|[zeffect]\n|-boost|p1a: Victini|spd|1|[zeffect]\n|-boost|p1a: Victini|spe|1|[zeffect]\n|-activate|p1a: Victini|move: Celebrate\n|\n|-heal|p2a: Ferrothorn|72\/100|[from] item: Leftovers\n|upkeep\n|turn|13\n|\n|t:|1700676558\n|move|p2a: Ferrothorn|Leech Seed|p1a: Victini\n|-start|p1a: Victini|move: Leech Seed\n|move|p1a: Victini|Searing Shot|p2a: Ferrothorn\n|-supereffective|p2a: Ferrothorn\n|-damage|p2a: Ferrothorn|0 fnt\n|faint|p2a: Ferrothorn\n|\n|-fieldend|move: Trick Room\n|upkeep\n|l|\u2606CappyPulpy\n|inactive|CappyPulpy disconnected and has a minute to reconnect!\n|player|p1|\n|j|\u2606CappyPulpy\n|inactive|CappyPulpy reconnected.\n|player|p1|CappyPulpy|101\n|inactive|ghostkinggengar has 120 seconds left.\n|l|\u2606CappyPulpy\n|inactive|CappyPulpy disconnected and has a minute to reconnect!\n|player|p1|\n|j|\u2606CappyPulpy\n|inactive|CappyPulpy reconnected.\n|player|p1|CappyPulpy|101\n|\n|t:|1700676598\n|switch|p2a: Garchomp|Garchomp, F|100\/100\n|-damage|p2a: Garchomp|94\/100|[from] Stealth Rock\n|turn|14\n|\n|t:|1700676603\n|switch|p2a: Empoleon|Empoleon, F|100\/100\n|-damage|p2a: Empoleon|94\/100|[from] Stealth Rock\n|move|p1a: Victini|Stored Power|p2a: Empoleon\n|-resisted|p2a: Empoleon\n|-damage|p2a: Empoleon|70\/100\n|\n|-heal|p2a: Empoleon|76\/100|[from] item: Leftovers\n|-damage|p1a: Victini|88\/100|[from] Leech Seed|[of] p2a: Empoleon\n|-heal|p2a: Empoleon|88\/100|[silent]\n|upkeep\n|turn|15\n|\n|t:|1700676614\n|move|p1a: Victini|Focus Blast|p2a: Empoleon\n|-supereffective|p2a: Empoleon\n|-crit|p2a: Empoleon\n|-damage|p2a: Empoleon|0 fnt\n|faint|p2a: Empoleon\n|\n|upkeep\n|\n|t:|1700676619\n|switch|p2a: Blacephalon|Blacephalon|100\/100\n|-damage|p2a: Blacephalon|76\/100|[from] Stealth Rock\n|turn|16\n|\n|t:|1700676623\n|move|p2a: Blacephalon|Shadow Ball|p1a: Victini\n|-supereffective|p1a: Victini\n|-damage|p1a: Victini|21\/100\n|move|p1a: Victini|Stored Power|p2a: Blacephalon\n|-damage|p2a: Blacephalon|0 fnt\n|faint|p2a: Blacephalon\n|\n|upkeep\n|\n|t:|1700676628\n|switch|p2a: Garchomp|Garchomp, F|94\/100\n|-damage|p2a: Garchomp|88\/100|[from] Stealth Rock\n|turn|17\n|\n|t:|1700676631\n|move|p1a: Victini|Stored Power|p2a: Garchomp\n|-damage|p2a: Garchomp|0 fnt\n|faint|p2a: Garchomp\n|\n|upkeep\n|-message|ghostkinggengar forfeited.\n|\n|win|CappyPulpy\n|raw|CappyPulpy's rating: 1586 &rarr; <strong>1616<\/strong><br \/>(+30 for winning)\n|raw|ghostkinggengar's rating: 1783 &rarr; <strong>1753<\/strong><br \/>(-30 for losing)\n|l|\u2606ghostkinggengar\n","uploadtime":1700676655,"views":1,"p1id":"cappypulpy","p2id":"ghostkinggengar","formatid":"gen9nationaldex","rating":1616,"private":0,"password":""}