{"id":"gen9nationaldex-1998160835","p1":"bayekh to za top","p2":"baigu2","format":"[Gen 9] National Dex","log":"|html|<div class=\"broadcast-blue\"><strong>[Gen 9] National Dex is currently suspecting Sneasler! For information on how to participate check out the <a href=\"https:\/\/www.smogon.com\/forums\/threads\/sv-national-dex-suspect-8-just-dance.3731534\/\">suspect thread<\/a>.<\/strong><\/div>\n|j|\u2606bayekh to za top\n|j|\u2606baigu2\n|t:|1700903418\n|gametype|singles\n|player|p1|bayekh to za top|hooligans|1698\n|player|p2|baigu2|265|1814\n|teamsize|p1|6\n|teamsize|p2|6\n|gen|9\n|tier|[Gen 9] National Dex\n|rated|\n|rule|HP Percentage Mod: HP is shown in percentages\n|rule|Endless Battle Clause: Forcing endless battles is banned\n|rule|OHKO Clause: OHKO moves are banned\n|rule|Evasion Clause: Evasion abilities, items, and moves are banned\n|rule|Evasion Abilities Clause: Evasion abilities are banned\n|rule|Evasion Items Clause: Evasion items are banned\n|rule|Evasion Moves Clause: Evasion moves are banned\n|rule|Species Clause: Limit one of each Pok\u00e9mon\n|rule|Sleep Clause Mod: Limit one foe put to sleep\n|clearpoke\n|poke|p1|Medicham, M|\n|poke|p1|Garganacl, F|\n|poke|p1|Heatran, F|\n|poke|p1|Tornadus-Therian, M|\n|poke|p1|Garchomp, F|\n|poke|p1|Alomomola, M|\n|poke|p2|Ursaluna, M|\n|poke|p2|Slowking, M|\n|poke|p2|Corviknight, F|\n|poke|p2|Hoopa-Unbound|\n|poke|p2|Dragonite, F|\n|poke|p2|Tapu Koko|\n|teampreview\n|\n|t:|1700903463\n|start\n|switch|p1a: Medicham|Medicham, M|100\/100\n|switch|p2a: Tapu Koko|Tapu Koko|100\/100\n|-fieldstart|move: Electric Terrain|[from] ability: Electric Surge|[of] p2a: Tapu Koko\n|turn|1\n|\n|t:|1700903472\n|detailschange|p1a: Medicham|Medicham-Mega, M\n|-mega|p1a: Medicham|Medicham|Medichamite\n|move|p1a: Medicham|Fake Out|p2a: Tapu Koko\n|-damage|p2a: Tapu Koko|68\/100\n|cant|p2a: Tapu Koko|flinch\n|\n|upkeep\n|turn|2\n|\n|t:|1700903483\n|switch|p1a: Heatran|Heatran, F|100\/100\n|move|p2a: Tapu Koko|Dazzling Gleam|p1a: Heatran\n|-resisted|p1a: Heatran\n|-damage|p1a: Heatran|90\/100\n|\n|-heal|p1a: Heatran|96\/100|[from] item: Leftovers\n|upkeep\n|turn|3\n|\n|t:|1700903504\n|switch|p2a: Slowking|Slowking, M|100\/100\n|move|p1a: Heatran|Magma Storm|p2a: Slowking\n|-resisted|p2a: Slowking\n|-damage|p2a: Slowking|86\/100\n|-activate|p2a: Slowking|move: Magma Storm|[of] p1a: Heatran\n|\n|-heal|p1a: Heatran|100\/100|[from] item: Leftovers\n|-damage|p2a: Slowking|74\/100|[from] move: Magma Storm|[partiallytrapped]\n|upkeep\n|turn|4\n|\n|t:|1700903510\n|move|p1a: Heatran|Taunt|p2a: Slowking\n|-start|p2a: Slowking|move: Taunt\n|cant|p2a: Slowking|move: Taunt|Teleport\n|\n|-damage|p2a: Slowking|61\/100|[from] move: Magma Storm|[partiallytrapped]\n|upkeep\n|turn|5\n|\n|t:|1700903530\n|move|p1a: Heatran|Earth Power|p2a: Slowking\n|-damage|p2a: Slowking|42\/100\n|move|p2a: Slowking|Scald|p1a: Heatran\n|-supereffective|p1a: Heatran\n|-damage|p1a: Heatran|52\/100\n|\n|-heal|p1a: Heatran|58\/100|[from] item: Leftovers\n|-damage|p2a: Slowking|30\/100|[from] move: Magma Storm|[partiallytrapped]\n|-fieldend|move: Electric Terrain\n|upkeep\n|turn|6\n|\n|t:|1700903542\n|move|p1a: Heatran|Earth Power|p2a: Slowking\n|-damage|p2a: Slowking|11\/100\n|move|p2a: Slowking|Scald|p1a: Heatran\n|-supereffective|p1a: Heatran\n|-damage|p1a: Heatran|11\/100\n|\n|-heal|p1a: Heatran|17\/100|[from] item: Leftovers\n|-damage|p2a: Slowking|0 fnt|[from] move: Magma Storm|[partiallytrapped]\n|faint|p2a: Slowking\n|upkeep\n|\n|t:|1700903554\n|switch|p2a: Hoopa|Hoopa-Unbound|100\/100\n|turn|7\n|\n|t:|1700903562\n|move|p2a: Hoopa|Dark Pulse|p1a: Heatran\n|-damage|p1a: Heatran|0 fnt\n|faint|p1a: Heatran\n|\n|upkeep\n|\n|t:|1700903572\n|switch|p1a: Tornadus|Tornadus-Therian, M|100\/100\n|turn|8\n|\n|t:|1700903577\n|switch|p2a: Tapu Koko|Tapu Koko|68\/100\n|-fieldstart|move: Electric Terrain|[from] ability: Electric Surge|[of] p2a: Tapu Koko\n|move|p1a: Tornadus|U-turn|p2a: Tapu Koko\n|-resisted|p2a: Tapu Koko\n|-damage|p2a: Tapu Koko|58\/100\n|\n|t:|1700903592\n|switch|p1a: Medicham|Medicham-Mega, M|100\/100|[from] U-turn\n|\n|upkeep\n|turn|9\n|\n|t:|1700903595\n|switch|p2a: Corviknight|Corviknight, F|100\/100\n|-ability|p2a: Corviknight|Pressure\n|move|p1a: Medicham|Fake Out|p2a: Corviknight\n|-resisted|p2a: Corviknight\n|-damage|p2a: Corviknight|94\/100\n|-damage|p1a: Medicham|84\/100|[from] item: Rocky Helmet|[of] p2a: Corviknight\n|\n|upkeep\n|turn|10\n|\n|t:|1700903605\n|switch|p1a: Garchomp|Garchomp, F|100\/100\n|move|p2a: Corviknight|Brave Bird|p1a: Garchomp\n|-damage|p1a: Garchomp|63\/100\n|-damage|p2a: Corviknight|81\/100|[from] ability: Rough Skin|[of] p1a: Garchomp\n|-damage|p2a: Corviknight|70\/100|[from] Recoil\n|\n|upkeep\n|turn|11\n|\n|t:|1700903610\n|move|p1a: Garchomp|Stealth Rock|p2a: Corviknight\n|-sidestart|p2: baigu2|move: Stealth Rock\n|move|p2a: Corviknight|Roost|p2a: Corviknight\n|-heal|p2a: Corviknight|100\/100\n|-singleturn|p2a: Corviknight|move: Roost\n|\n|upkeep\n|turn|12\n|\n|t:|1700903614\n|move|p1a: Garchomp|Swords Dance|p1a: Garchomp\n|-boost|p1a: Garchomp|atk|2\n|move|p2a: Corviknight|Defog|p1a: Garchomp\n|-unboost|p1a: Garchomp|evasion|1\n|-sideend|p2: baigu2|Stealth Rock|[from] move: Defog|[of] p2a: Corviknight\n|-fieldend|move: Electric Terrain\n|\n|upkeep\n|turn|13\n|\n|t:|1700903624\n|move|p1a: Garchomp|Stealth Rock|p2a: Corviknight\n|-sidestart|p2: baigu2|move: Stealth Rock\n|move|p2a: Corviknight|U-turn|p1a: Garchomp\n|-damage|p1a: Garchomp|49\/100\n|-damage|p2a: Corviknight|88\/100|[from] ability: Rough Skin|[of] p1a: Garchomp\n|\n|t:|1700903629\n|switch|p2a: Tapu Koko|Tapu Koko|58\/100|[from] U-turn\n|-damage|p2a: Tapu Koko|46\/100|[from] Stealth Rock\n|-fieldstart|move: Electric Terrain|[from] ability: Electric Surge|[of] p2a: Tapu Koko\n|\n|upkeep\n|turn|14\n|\n|t:|1700903655\n|switch|p1a: Garganacl|Garganacl, F|100\/100\n|move|p2a: Tapu Koko|Dazzling Gleam|p1a: Garganacl\n|-damage|p1a: Garganacl|70\/100\n|\n|-heal|p1a: Garganacl|76\/100|[from] item: Leftovers\n|upkeep\n|turn|15\n|\n|t:|1700903667\n|switch|p2a: \u718a\u5927|Ursaluna, M|100\/100\n|-damage|p2a: \u718a\u5927|94\/100|[from] Stealth Rock\n|move|p1a: Garganacl|Salt Cure|p2a: \u718a\u5927\n|-resisted|p2a: \u718a\u5927\n|-damage|p2a: \u718a\u5927|89\/100\n|-start|p2a: \u718a\u5927|Salt Cure\n|\n|-heal|p1a: Garganacl|82\/100|[from] item: Leftovers\n|-damage|p2a: \u718a\u5927|77\/100|[from] Salt Cure\n|-status|p2a: \u718a\u5927|brn|[from] item: Flame Orb\n|upkeep\n|turn|16\n|\n|t:|1700903674\n|switch|p1a: Alomomola|Alomomola, M|100\/100\n|move|p2a: \u718a\u5927|Headlong Rush|p1a: Alomomola\n|-damage|p1a: Alomomola|31\/100\n|-unboost|p2a: \u718a\u5927|def|1\n|-unboost|p2a: \u718a\u5927|spd|1\n|\n|-damage|p2a: \u718a\u5927|71\/100 brn|[from] brn\n|-damage|p2a: \u718a\u5927|58\/100 brn|[from] Salt Cure\n|upkeep\n|turn|17\n|\n|t:|1700903689\n|switch|p2a: Corviknight|Corviknight, F|88\/100\n|-damage|p2a: Corviknight|75\/100|[from] Stealth Rock\n|-ability|p2a: Corviknight|Pressure\n|move|p1a: Alomomola|Protect||[still]\n|-fail|p1a: Alomomola\n|\n|-fieldend|move: Electric Terrain\n|upkeep\n|turn|18\n|\n|t:|1700903695\n|move|p2a: Corviknight|Defog|p1a: Alomomola\n|-unboost|p1a: Alomomola|evasion|1\n|-sideend|p2: baigu2|Stealth Rock|[from] move: Defog|[of] p2a: Corviknight\n|move|p1a: Alomomola|Wish|p1a: Alomomola\n|\n|upkeep\n|turn|19\n|\n|t:|1700903698\n|switch|p1a: Garchomp|Garchomp, F|49\/100\n|move|p2a: Corviknight|U-turn|p1a: Garchomp\n|-damage|p1a: Garchomp|35\/100\n|-damage|p2a: Corviknight|63\/100|[from] ability: Rough Skin|[of] p1a: Garchomp\n|\n|t:|1700903703\n|switch|p2a: Tapu Koko|Tapu Koko|46\/100|[from] U-turn\n|-fieldstart|move: Electric Terrain|[from] ability: Electric Surge|[of] p2a: Tapu Koko\n|\n|-heal|p1a: Garchomp|100\/100|[from] move: Wish|[wisher] Alomomola\n|upkeep\n|turn|20\n|\n|t:|1700903712\n|switch|p1a: Garganacl|Garganacl, F|82\/100\n|move|p2a: Tapu Koko|U-turn|p1a: Garganacl\n|-crit|p1a: Garganacl\n|-damage|p1a: Garganacl|66\/100\n|\n|t:|1700903715\n|switch|p2a: \u718a\u5927|Ursaluna, M|58\/100 brn|[from] U-turn\n|\n|-heal|p1a: Garganacl|72\/100|[from] item: Leftovers\n|-damage|p2a: \u718a\u5927|52\/100 brn|[from] brn\n|upkeep\n|turn|21\n|inactive|Battle timer is ON: inactive players will automatically lose when time's up. (requested by baigu2)\n|\n|t:|1700903732\n|switch|p1a: Tornadus|Tornadus-Therian, M|100\/100\n|move|p2a: \u718a\u5927|Headlong Rush|p1a: Tornadus\n|-immune|p1a: Tornadus\n|\n|-damage|p2a: \u718a\u5927|46\/100 brn|[from] brn\n|upkeep\n|turn|22\n|\n|t:|1700903742\n|move|p1a: Tornadus|Hurricane|p2a: \u718a\u5927\n|-damage|p2a: \u718a\u5927|8\/100 brn\n|-start|p2a: \u718a\u5927|confusion\n|-activate|p2a: \u718a\u5927|confusion\n|move|p2a: \u718a\u5927|Facade|p1a: Tornadus\n|-damage|p1a: Tornadus|0 fnt\n|faint|p1a: Tornadus\n|\n|-damage|p2a: \u718a\u5927|2\/100 brn|[from] brn\n|upkeep\n|\n|t:|1700903753\n|switch|p1a: Medicham|Medicham-Mega, M|84\/100\n|turn|23\n|\n|t:|1700903758\n|switch|p2a: Corviknight|Corviknight, F|63\/100\n|-ability|p2a: Corviknight|Pressure\n|move|p1a: Medicham|Close Combat|p2a: Corviknight\n|-damage|p2a: Corviknight|0 fnt\n|-unboost|p1a: Medicham|def|1\n|-unboost|p1a: Medicham|spd|1\n|-damage|p1a: Medicham|68\/100|[from] item: Rocky Helmet|[of] p2a: Corviknight\n|faint|p2a: Corviknight\n|\n|-fieldend|move: Electric Terrain\n|upkeep\n|\n|t:|1700903762\n|switch|p2a: Dragonite|Dragonite, F|100\/100\n|turn|24\n|\n|t:|1700903775\n|switch|p1a: Alomomola|Alomomola, M|64\/100\n|move|p2a: Dragonite|Outrage|p1a: Alomomola\n|-damage|p1a: Alomomola|1\/100\n|\n|upkeep\n|turn|25\n|\n|t:|1700903798\n|move|p1a: Alomomola|Protect|p1a: Alomomola\n|-singleturn|p1a: Alomomola|Protect\n|move|p2a: Dragonite|Outrage|p1a: Alomomola|[from]lockedmove\n|-activate|p1a: Alomomola|move: Protect\n|\n|upkeep\n|turn|26\n|\n|t:|1700903809\n|move|p2a: Dragonite|Outrage|p1a: Alomomola\n|-damage|p1a: Alomomola|0 fnt\n|faint|p1a: Alomomola\n|\n|upkeep\n|\n|t:|1700903820\n|switch|p1a: Garchomp|Garchomp, F|100\/100\n|turn|27\n|\n|t:|1700903834\n|move|p1a: Garchomp|Outrage|p2a: Dragonite\n|-supereffective|p2a: Dragonite\n|-damage|p2a: Dragonite|35\/100\n|move|p2a: Dragonite|Outrage|p1a: Garchomp|[from]lockedmove\n|-supereffective|p1a: Garchomp\n|-damage|p1a: Garchomp|0 fnt\n|-damage|p2a: Dragonite|23\/100|[from] ability: Rough Skin|[of] p1a: Garchomp\n|faint|p1a: Garchomp\n|\n|upkeep\n|\n|t:|1700903841\n|switch|p1a: Medicham|Medicham-Mega, M|68\/100\n|turn|28\n|\n|t:|1700903845\n|move|p1a: Medicham|Fake Out|p2a: Dragonite\n|-damage|p2a: Dragonite|0 fnt\n|faint|p2a: Dragonite\n|\n|upkeep\n|\n|t:|1700903851\n|switch|p2a: Tapu Koko|Tapu Koko|46\/100\n|-fieldstart|move: Electric Terrain|[from] ability: Electric Surge|[of] p2a: Tapu Koko\n|turn|29\n|\n|t:|1700903857\n|switch|p1a: Garganacl|Garganacl, F|72\/100\n|-terastallize|p2a: Tapu Koko|Electric\n|move|p2a: Tapu Koko|Volt Switch|p1a: Garganacl\n|-damage|p1a: Garganacl|21\/100\n|\n|t:|1700903860\n|switch|p2a: Hoopa|Hoopa-Unbound|100\/100|[from] Volt Switch\n|\n|-heal|p1a: Garganacl|27\/100|[from] item: Leftovers\n|upkeep\n|turn|30\n|\n|t:|1700903880\n|-terastallize|p1a: Garganacl|Water\n|move|p2a: Hoopa|Psychic|p1a: Garganacl\n|-crit|p1a: Garganacl\n|-damage|p1a: Garganacl|0 fnt\n|faint|p1a: Garganacl\n|\n|upkeep\n|\n|t:|1700903882\n|switch|p1a: Medicham|Medicham-Mega, M|68\/100\n|turn|31\n|\n|t:|1700903886\n|move|p1a: Medicham|Fake Out|p2a: Hoopa\n|-damage|p2a: Hoopa|55\/100\n|cant|p2a: Hoopa|flinch\n|\n|upkeep\n|turn|32\n|\n|t:|1700903889\n|move|p1a: Medicham|Bullet Punch|p2a: Hoopa\n|-damage|p2a: Hoopa|8\/100\n|move|p2a: Hoopa|Psychic|p1a: Medicham\n|-damage|p1a: Medicham|0 fnt\n|faint|p1a: Medicham\n|\n|win|baigu2\n|raw|bayekh to za top's rating: 1698 &rarr; <strong>1684<\/strong><br \/>(-14 for losing)\n|raw|baigu2's rating: 1814 &rarr; <strong>1828<\/strong><br \/>(+14 for winning)\n","uploadtime":1700903894,"views":1,"p1id":"bayekhtozatop","p2id":"baigu2","formatid":"gen9nationaldex","rating":1684,"private":0,"password":""}