{"id":"gen9nationaldex-1997947128","p1":"WSoldat","p2":"Void280","format":"[Gen 9] National Dex","log":"|html|<div class=\"broadcast-blue\"><strong>[Gen 9] National Dex is currently suspecting Sneasler! For information on how to participate check out the <a href=\"https:\/\/www.smogon.com\/forums\/threads\/sv-national-dex-suspect-8-just-dance.3731534\/\">suspect thread<\/a>.<\/strong><\/div>\n|j|\u2606WSoldat\n|j|\u2606Void280\n|t:|1700870790\n|gametype|singles\n|player|p1|WSoldat|n|\n|player|p2|Void280|hilbert|\n|teamsize|p1|6\n|teamsize|p2|6\n|gen|9\n|tier|[Gen 9] National Dex\n|rule|HP Percentage Mod: HP is shown in percentages\n|rule|Endless Battle Clause: Forcing endless battles is banned\n|rule|OHKO Clause: OHKO moves are banned\n|rule|Evasion Clause: Evasion abilities, items, and moves are banned\n|rule|Evasion Abilities Clause: Evasion abilities are banned\n|rule|Evasion Items Clause: Evasion items are banned\n|rule|Evasion Moves Clause: Evasion moves are banned\n|rule|Species Clause: Limit one of each Pok\u00e9mon\n|rule|Sleep Clause Mod: Limit one foe put to sleep\n|clearpoke\n|poke|p1|Dragonite, M|\n|poke|p1|Hydreigon, M|\n|poke|p1|Garchomp, M|\n|poke|p1|Goodra-Hisui, M|\n|poke|p1|Corviknight, M|\n|poke|p1|Duraludon, F|\n|poke|p2|Landorus-Therian, M|\n|poke|p2|Ogerpon-Wellspring, F|\n|poke|p2|Lopunny, M|\n|poke|p2|Hydreigon, M|\n|poke|p2|Togekiss, F|\n|poke|p2|Goodra-Hisui, F|\n|teampreview\n|\n|t:|1700870875\n|start\n|switch|p1a: HoraDeGarchar|Garchomp, M, shiny|100\/100\n|switch|p2a: Sui|Goodra-Hisui, F|100\/100\n|turn|1\n|\n|t:|1700870906\n|switch|p2a: Bless|Togekiss, F|100\/100\n|move|p1a: HoraDeGarchar|Stealth Rock|p2a: Bless\n|-sidestart|p2: Void280|move: Stealth Rock\n|\n|upkeep\n|turn|2\n|\n|t:|1700870917\n|move|p2a: Bless|Defog|p1a: HoraDeGarchar\n|-unboost|p1a: HoraDeGarchar|evasion|1\n|-sideend|p2: Void280|Stealth Rock|[from] move: Defog|[of] p2a: Bless\n|move|p1a: HoraDeGarchar|Spikes|p2a: Bless\n|-sidestart|p2: Void280|Spikes\n|\n|upkeep\n|turn|3\n|\n|t:|1700870925\n|move|p2a: Bless|Air Slash|p1a: HoraDeGarchar\n|-crit|p1a: HoraDeGarchar\n|-damage|p1a: HoraDeGarchar|46\/100\n|cant|p1a: HoraDeGarchar|flinch\n|\n|upkeep\n|turn|4\n|\n|t:|1700870936\n|switch|p1a: Babo SA .Inc|Goodra-Hisui, M, shiny|100\/100\n|move|p2a: Bless|Air Slash|p1a: Babo SA .Inc\n|-resisted|p1a: Babo SA .Inc\n|-damage|p1a: Babo SA .Inc|91\/100\n|\n|-heal|p1a: Babo SA .Inc|97\/100|[from] item: Leftovers\n|upkeep\n|turn|5\n|\n|t:|1700870946\n|move|p2a: Bless|Defog|p1a: Babo SA .Inc\n|-unboost|p1a: Babo SA .Inc|evasion|1\n|-sideend|p2: Void280|Spikes|[from] move: Defog|[of] p2a: Bless\n|move|p1a: Babo SA .Inc|Toxic|p2a: Bless\n|-status|p2a: Bless|tox\n|\n|-heal|p1a: Babo SA .Inc|100\/100|[from] item: Leftovers\n|-damage|p2a: Bless|94\/100 tox|[from] psn\n|upkeep\n|turn|6\n|\n|t:|1700871020\n|switch|p2a: Sui|Goodra-Hisui, F|100\/100\n|move|p1a: Babo SA .Inc|Knock Off|p2a: Sui\n|-damage|p2a: Sui|80\/100\n|-ability|p2a: Sui|Gooey\n|-unboost|p1a: Babo SA .Inc|spe|1\n|-enditem|p2a: Sui|Assault Vest|[from] move: Knock Off|[of] p1a: Babo SA .Inc\n|\n|upkeep\n|turn|7\n|\n|t:|1700871040\n|move|p2a: Sui|Body Press|p1a: Babo SA .Inc\n|-supereffective|p1a: Babo SA .Inc\n|-crit|p1a: Babo SA .Inc\n|-damage|p1a: Babo SA .Inc|44\/100\n|-ability|p1a: Babo SA .Inc|Gooey\n|-unboost|p2a: Sui|spe|1\n|move|p1a: Babo SA .Inc|Flamethrower|p2a: Sui\n|-damage|p2a: Sui|67\/100\n|-status|p2a: Sui|brn\n|\n|-heal|p1a: Babo SA .Inc|50\/100|[from] item: Leftovers\n|-damage|p2a: Sui|61\/100 brn|[from] brn\n|upkeep\n|turn|8\n|c|\u2606WSoldat|La hax esta fuerte che\n|c|\u2606Void280|Sep\n|\n|t:|1700871082\n|move|p2a: Sui|Draco Meteor|p1a: Babo SA .Inc\n|-damage|p1a: Babo SA .Inc|18\/100\n|-unboost|p2a: Sui|spa|2\n|move|p1a: Babo SA .Inc|Flamethrower|p2a: Sui\n|-damage|p2a: Sui|45\/100 brn\n|\n|-heal|p1a: Babo SA .Inc|24\/100|[from] item: Leftovers\n|-damage|p2a: Sui|39\/100 brn|[from] brn\n|upkeep\n|turn|9\n|j| Sylveon(404)\n|\n|t:|1700871108\n|switch|p2a: Bless|Togekiss, F|94\/100 tox\n|switch|p1a: HoraDeGarchar|Garchomp, M, shiny|46\/100\n|\n|-heal|p2a: Bless|100\/100 tox|[from] item: Leftovers\n|-damage|p2a: Bless|94\/100 tox|[from] psn\n|upkeep\n|turn|10\n|c| Sylveon(404)|der gana\n|c| Sylveon(404)|https:\/\/youtu.be\/P4rK7iLjoTc?si=M2l8vlTQIV9bKflF\n|\n|t:|1700871146\n|move|p2a: Bless|Heal Bell|p2a: Bless\n|-activate|p2a: Bless|move: Heal Bell\n|-curestatus|p2a: Bless|tox|[msg]\n|-curestatus|p2: Sui|brn|[msg]\n|move|p1a: HoraDeGarchar|Stealth Rock|p2a: Bless\n|-sidestart|p2: Void280|move: Stealth Rock\n|\n|-heal|p2a: Bless|100\/100|[from] item: Leftovers\n|upkeep\n|turn|11\n|\n|t:|1700871157\n|switch|p1a: Babo SA .Inc|Goodra-Hisui, M, shiny|24\/100\n|move|p2a: Bless|Air Slash|p1a: Babo SA .Inc\n|-resisted|p1a: Babo SA .Inc\n|-damage|p1a: Babo SA .Inc|14\/100\n|\n|-heal|p1a: Babo SA .Inc|20\/100|[from] item: Leftovers\n|upkeep\n|turn|12\n|c| Sylveon(404)|togekiss mas rapido q garchomp?\n|\n|t:|1700871176\n|move|p2a: Bless|Flamethrower|p1a: Babo SA .Inc\n|-damage|p1a: Babo SA .Inc|2\/100\n|move|p1a: Babo SA .Inc|Knock Off|p2a: Bless\n|-resisted|p2a: Bless\n|-damage|p2a: Bless|89\/100\n|-enditem|p2a: Bless|Leftovers|[from] move: Knock Off|[of] p1a: Babo SA .Inc\n|\n|-heal|p1a: Babo SA .Inc|8\/100|[from] item: Leftovers\n|upkeep\n|turn|13\n|c| Sylveon(404)|why?\n|c|\u2606WSoldat|No lo llevo full spe we\n|c| Sylveon(404)|:v\n|\n|t:|1700871188\n|move|p2a: Bless|Defog|p1a: Babo SA .Inc\n|-unboost|p1a: Babo SA .Inc|evasion|1\n|-sideend|p2: Void280|Stealth Rock|[from] move: Defog|[of] p2a: Bless\n|move|p1a: Babo SA .Inc|Toxic|p2a: Bless\n|-status|p2a: Bless|tox\n|\n|-heal|p1a: Babo SA .Inc|14\/100|[from] item: Leftovers\n|-damage|p2a: Bless|83\/100 tox|[from] psn\n|upkeep\n|turn|14\n|\n|t:|1700871199\n|move|p2a: Bless|Flamethrower|p1a: Babo SA .Inc\n|-damage|p1a: Babo SA .Inc|0 fnt\n|faint|p1a: Babo SA .Inc\n|\n|-damage|p2a: Bless|71\/100 tox|[from] psn\n|upkeep\n|\n|t:|1700871220\n|switch|p1a: DuraNalgon|Duraludon, F|100\/100\n|turn|15\n|\n|t:|1700871238\n|switch|p2a: Sui|Goodra-Hisui, F|39\/100\n|move|p1a: DuraNalgon|Flash Cannon|p2a: Sui\n|-resisted|p2a: Sui\n|-damage|p2a: Sui|25\/100\n|\n|upkeep\n|turn|16\n|\n|t:|1700871252\n|switch|p1a: Carlos Emanuel III|Corviknight, M, shiny|100\/100\n|move|p2a: Sui|Body Press|p1a: Carlos Emanuel III\n|-damage|p1a: Carlos Emanuel III|89\/100\n|-damage|p2a: Sui|9\/100|[from] item: Rocky Helmet|[of] p1a: Carlos Emanuel III\n|\n|upkeep\n|turn|17\n|\n|t:|1700871266\n|move|p1a: Carlos Emanuel III|Body Press|p2a: Sui\n|-supereffective|p2a: Sui\n|-damage|p2a: Sui|0 fnt\n|-ability|p2a: Sui|Gooey\n|faint|p2a: Sui\n|\n|upkeep\n|\n|t:|1700871278\n|switch|p2a: Hydra|Hydreigon, M|100\/100\n|turn|18\n|c| Sylveon(404)|carlos emanual tercero es mi padre\n|c| Sylveon(404)|*carlos emanual tercero\n|c|\u2606WSoldat|Na creo que ya perdi\n|c| Sylveon(404)|tio\n|c| Sylveon(404)|apenas comienza\n|c| Sylveon(404)|no te rindas1\n|\n|t:|1700871340\n|switch|p1a: HoraDeGarchar|Garchomp, M, shiny|46\/100\n|move|p2a: Hydra|Dark Pulse|p1a: HoraDeGarchar\n|-damage|p1a: HoraDeGarchar|0 fnt\n|faint|p1a: HoraDeGarchar\n|\n|upkeep\n|c| Sylveon(404)|confia en duranalgo y barney\n|\n|t:|1700871382\n|switch|p1a: Barney|Dragonite, M, shiny|100\/100\n|turn|19\n|\n|t:|1700871416\n|-terastallize|p1a: Barney|Normal\n|move|p2a: Hydra|Dark Pulse|p1a: Barney\n|-damage|p1a: Barney|71\/100\n|move|p1a: Barney|Dragon Dance|p1a: Barney\n|-boost|p1a: Barney|atk|1\n|-boost|p1a: Barney|spe|1\n|\n|upkeep\n|turn|20\n|c| Sylveon(404)|barney es mi padre\n|\n|t:|1700871460\n|switch|p2a: Bless|Togekiss, F|71\/100 tox\n|move|p1a: Barney|Ice Spinner|p2a: Bless\n|-supereffective|p2a: Bless\n|-damage|p2a: Bless|0 fnt\n|faint|p2a: Bless\n|\n|upkeep\n|\n|t:|1700871474\n|switch|p2a: Ansel|Lopunny, M, shiny|100\/100\n|turn|21\n|\n|t:|1700871512\n|detailschange|p2a: Ansel|Lopunny-Mega, M, shiny\n|-mega|p2a: Ansel|Lopunny|Lopunnite\n|move|p1a: Barney|Extreme Speed|p2a: Ansel\n|-damage|p2a: Ansel|14\/100\n|move|p2a: Ansel|Close Combat|p1a: Barney\n|-supereffective|p1a: Barney\n|-crit|p1a: Barney\n|-damage|p1a: Barney|0 fnt\n|-unboost|p2a: Ansel|def|1\n|-unboost|p2a: Ansel|spd|1\n|faint|p1a: Barney\n|\n|upkeep\n|c|\u2606Void280|La hax en este combate joder\n|\n|t:|1700871532\n|switch|p1a: Carlos Emanuel III|Corviknight, M, shiny|89\/100\n|turn|22\n|c| Sylveon(404)|pep perdio\n|c| Sylveon(404)|2-0\n|\n|t:|1700871538\n|move|p2a: Ansel|Thunder Punch|p1a: Carlos Emanuel III\n|-supereffective|p1a: Carlos Emanuel III\n|-damage|p1a: Carlos Emanuel III|59\/100\n|-damage|p2a: Ansel|0 fnt|[from] item: Rocky Helmet|[of] p1a: Carlos Emanuel III\n|faint|p2a: Ansel\n|move|p1a: Carlos Emanuel III|Roost|p1a: Carlos Emanuel III\n|-heal|p1a: Carlos Emanuel III|100\/100\n|-singleturn|p1a: Carlos Emanuel III|move: Roost\n|\n|upkeep\n|c| Sylveon(404)|gana por pep der!\n|\n|t:|1700871556\n|switch|p2a: Hydra|Hydreigon, M|100\/100\n|turn|23\n|\n|t:|1700871571\n|move|p2a: Hydra|Dark Pulse|p1a: Carlos Emanuel III\n|-damage|p1a: Carlos Emanuel III|36\/100\n|move|p1a: Carlos Emanuel III|Body Press|p2a: Hydra\n|-supereffective|p2a: Hydra\n|-damage|p2a: Hydra|45\/100\n|\n|upkeep\n|turn|24\n|c| Sylveon(404)|esoooo\n|\n|t:|1700871579\n|move|p2a: Hydra|Dark Pulse|p1a: Carlos Emanuel III\n|-damage|p1a: Carlos Emanuel III|0 fnt\n|faint|p1a: Carlos Emanuel III\n|\n|upkeep\n|c| Sylveon(404)|puedes ganar der\n|\n|t:|1700871584\n|switch|p1a: Lernea|Hydreigon, M, shiny|100\/100\n|turn|25\n|\n|t:|1700871595\n|switch|p2a: El Paria|Landorus-Therian, M|100\/100\n|-ability|p2a: El Paria|Intimidate|boost\n|-unboost|p1a: Lernea|atk|1\n|move|p1a: Lernea|Flash Cannon|p2a: El Paria\n|-damage|p2a: El Paria|51\/100\n|-damage|p1a: Lernea|91\/100|[from] item: Life Orb\n|\n|upkeep\n|turn|26\n|\n|t:|1700871612\n|move|p1a: Lernea|Flash Cannon|p2a: El Paria\n|-damage|p2a: El Paria|6\/100\n|-damage|p1a: Lernea|81\/100|[from] item: Life Orb\n|move|p2a: El Paria|Stone Edge|p1a: Lernea\n|-damage|p1a: Lernea|23\/100\n|-damage|p2a: El Paria|0 fnt|[from] item: Life Orb\n|faint|p2a: El Paria\n|\n|upkeep\n|\n|t:|1700871620\n|switch|p2a: Yuna|Ogerpon-Wellspring, F|100\/100\n|turn|27\n|\n|t:|1700871633\n|move|p2a: Yuna|U-turn|p1a: Lernea\n|-supereffective|p1a: Lernea\n|-damage|p1a: Lernea|0 fnt\n|faint|p1a: Lernea\n|\n|t:|1700871637\n|switch|p2a: Hydra|Hydreigon, M|45\/100|[from] U-turn\n|\n|upkeep\n|\n|t:|1700871645\n|switch|p1a: DuraNalgon|Duraludon, F|100\/100\n|turn|28\n|c|\u2606WSoldat|GG\n|\n|t:|1700871652\n|move|p1a: DuraNalgon|Draco Meteor|p2a: Hydra\n|-supereffective|p2a: Hydra\n|-damage|p2a: Hydra|0 fnt\n|-unboost|p1a: DuraNalgon|spa|2\n|faint|p2a: Hydra\n|\n|upkeep\n|\n|t:|1700871658\n|switch|p2a: Yuna|Ogerpon-Wellspring, F|100\/100\n|turn|29\n|\n|t:|1700871662\n|-terastallize|p2a: Yuna|Water\n|detailschange|p2a: Yuna|Ogerpon-Wellspring-Tera, F, tera:Water\n|-ability|p2a: Yuna|Embody Aspect (Wellspring)|boost\n|-boost|p2a: Yuna|spd|1\n|move|p1a: DuraNalgon|Draco Meteor|p2a: Yuna\n|-damage|p2a: Yuna|75\/100\n|-unboost|p1a: DuraNalgon|spa|2\n|move|p2a: Yuna|Ivy Cudgel|p1a: DuraNalgon|[anim] Ivy Cudgel Water\n|-resisted|p1a: DuraNalgon\n|-damage|p1a: DuraNalgon|59\/100\n|\n|upkeep\n|turn|30\n|c| Sylveon(404)|but le cae critico al oger\n|\n|t:|1700871676\n|move|p1a: DuraNalgon|Draco Meteor|p2a: Yuna\n|-damage|p2a: Yuna|56\/100\n|-unboost|p1a: DuraNalgon|spa|2\n|move|p2a: Yuna|Ivy Cudgel|p1a: DuraNalgon|[anim] Ivy Cudgel Water\n|-resisted|p1a: DuraNalgon\n|-damage|p1a: DuraNalgon|17\/100\n|\n|upkeep\n|turn|31\n|c|\u2606Void280|gg\n|\n|t:|1700871685\n|move|p1a: DuraNalgon|Draco Meteor|p2a: Yuna\n|-damage|p2a: Yuna|43\/100\n|move|p2a: Yuna|Ivy Cudgel|p1a: DuraNalgon|[anim] Ivy Cudgel Water\n|-resisted|p1a: DuraNalgon\n|-damage|p1a: DuraNalgon|0 fnt\n|faint|p1a: DuraNalgon\n|\n|win|Void280\n|c| Sylveon(404)|gg\n|l| Sylveon(404)\n|l|\u2606Void280\n","uploadtime":1700871695,"views":11,"p1id":"wsoldat","p2id":"void280","formatid":"gen9nationaldex","rating":0,"private":0,"password":""}