{"id":"gen9nationaldex-1991677074","p1":"HTF-Kraken","p2":"runeatest","format":"[Gen 9] National Dex","log":"|j|\u2606HTF-Kraken\n|j|\u2606runeatest\n|t:|1700101516\n|gametype|singles\n|player|p1|HTF-Kraken|plasmagrunt-gen5bw|1093\n|player|p2|runeatest|fisherman-gen4|1131\n|teamsize|p1|6\n|teamsize|p2|6\n|gen|9\n|tier|[Gen 9] National Dex\n|rated|\n|rule|HP Percentage Mod: HP is shown in percentages\n|rule|Endless Battle Clause: Forcing endless battles is banned\n|rule|OHKO Clause: OHKO moves are banned\n|rule|Evasion Clause: Evasion abilities, items, and moves are banned\n|rule|Evasion Abilities Clause: Evasion abilities are banned\n|rule|Evasion Items Clause: Evasion items are banned\n|rule|Evasion Moves Clause: Evasion moves are banned\n|rule|Species Clause: Limit one of each Pok\u00e9mon\n|rule|Sleep Clause Mod: Limit one foe put to sleep\n|clearpoke\n|poke|p1|Pelipper, M|\n|poke|p1|Swampert, F|\n|poke|p1|Politoed, M|\n|poke|p1|Overqwil, M|\n|poke|p1|Landorus-Therian, M|\n|poke|p1|Blastoise, F|\n|poke|p2|Glaceon, M|\n|poke|p2|Flygon, M|\n|poke|p2|Emolga, M|\n|poke|p2|Marowak-Alola, M|\n|poke|p2|Sirfetch\u2019d, M|\n|poke|p2|Lapras, M|\n|teampreview\n|\n|t:|1700101523\n|start\n|switch|p1a: Politoed|Politoed, M, shiny|100\/100\n|switch|p2a: Marowak|Marowak-Alola, M|100\/100\n|-weather|RainDance|[from] ability: Drizzle|[of] p1a: Politoed\n|turn|1\n|\n|t:|1700101529\n|switch|p2a: Lapras|Lapras, M|100\/100\n|move|p1a: Politoed|Scald|p2a: Lapras\n|-immune|p2a: Lapras|[from] ability: Water Absorb\n|\n|-weather|RainDance|[upkeep]\n|upkeep\n|turn|2\n|\n|t:|1700101544\n|switch|p1a: Overqwil|Overqwil, M, shiny|100\/100\n|move|p2a: Lapras|Freeze-Dry|p1a: Overqwil\n|-damage|p1a: Overqwil|59\/100\n|\n|-weather|RainDance|[upkeep]\n|upkeep\n|turn|3\n|\n|t:|1700101550\n|switch|p2a: Emolga|Emolga, M|100\/100\n|move|p1a: Overqwil|Barb Barrage|p2a: Emolga\n|-damage|p2a: Emolga|6\/100\n|\n|-weather|RainDance|[upkeep]\n|upkeep\n|turn|4\n|\n|t:|1700101565\n|move|p1a: Overqwil|Barb Barrage|p2a: Emolga\n|-damage|p2a: Emolga|0 fnt\n|faint|p2a: Emolga\n|\n|-weather|RainDance|[upkeep]\n|upkeep\n|\n|t:|1700101573\n|switch|p2a: Marowak|Marowak-Alola, M|100\/100\n|turn|5\n|\n|t:|1700101589\n|switch|p1a: Landorus|Landorus-Therian, M, shiny|100\/100\n|-ability|p1a: Landorus|Intimidate|boost\n|-unboost|p2a: Marowak|atk|1\n|move|p2a: Marowak|Poltergeist|p1a: Landorus\n|-activate|p1a: Landorus|move: Poltergeist|Choice Specs\n|-damage|p1a: Landorus|24\/100\n|\n|-weather|RainDance|[upkeep]\n|upkeep\n|turn|6\n|\n|t:|1700101600\n|switch|p2a: Flygon|Flygon, M|100\/100\n|move|p1a: Landorus|Sandsear Storm|p2a: Flygon\n|-immune|p2a: Flygon|[from] ability: Levitate\n|\n|-weather|RainDance|[upkeep]\n|upkeep\n|turn|7\n|\n|t:|1700101611\n|switch|p1a: Blastoise|Blastoise, F, shiny|100\/100\n|move|p2a: Flygon|Stone Edge|p1a: Blastoise\n|-damage|p1a: Blastoise|67\/100\n|\n|-weather|RainDance|[upkeep]\n|-heal|p1a: Blastoise|73\/100|[from] ability: Rain Dish\n|-heal|p1a: Blastoise|79\/100|[from] item: Leftovers\n|upkeep\n|turn|8\n|\n|t:|1700101620\n|switch|p2a: Lapras|Lapras, M|100\/100\n|move|p1a: Blastoise|Shell Smash|p1a: Blastoise\n|-unboost|p1a: Blastoise|def|1\n|-unboost|p1a: Blastoise|spd|1\n|-boost|p1a: Blastoise|atk|2\n|-boost|p1a: Blastoise|spa|2\n|-boost|p1a: Blastoise|spe|2\n|\n|-weather|none\n|-heal|p1a: Blastoise|85\/100|[from] item: Leftovers\n|upkeep\n|turn|9\n|\n|t:|1700101629\n|move|p1a: Blastoise|Aura Sphere|p2a: Lapras\n|-supereffective|p2a: Lapras\n|-damage|p2a: Lapras|31\/100\n|move|p2a: Lapras|Freeze-Dry|p1a: Blastoise\n|-supereffective|p1a: Blastoise\n|-damage|p1a: Blastoise|0 fnt\n|faint|p1a: Blastoise\n|\n|-heal|p2a: Lapras|37\/100|[from] item: Leftovers\n|upkeep\n|\n|t:|1700101643\n|switch|p1a: Politoed|Politoed, M, shiny|100\/100\n|-weather|RainDance|[from] ability: Drizzle|[of] p1a: Politoed\n|turn|10\n|\n|t:|1700101648\n|switch|p1a: Landorus|Landorus-Therian, M, shiny|24\/100\n|-ability|p1a: Landorus|Intimidate|boost\n|-unboost|p2a: Lapras|atk|1\n|move|p2a: Lapras|Freeze-Dry|p1a: Landorus\n|-supereffective|p1a: Landorus\n|-damage|p1a: Landorus|0 fnt\n|faint|p1a: Landorus\n|\n|-weather|RainDance|[upkeep]\n|-heal|p2a: Lapras|43\/100|[from] item: Leftovers\n|upkeep\n|\n|t:|1700101650\n|switch|p1a: Overqwil|Overqwil, M, shiny|59\/100\n|turn|11\n|\n|t:|1700101662\n|move|p1a: Overqwil|Barb Barrage|p2a: Lapras\n|-damage|p2a: Lapras|0 fnt\n|faint|p2a: Lapras\n|\n|-weather|RainDance|[upkeep]\n|upkeep\n|\n|t:|1700101667\n|switch|p2a: Marowak|Marowak-Alola, M|100\/100\n|turn|12\n|\n|t:|1700101680\n|switch|p1a: Pelipper|Pelipper, M, shiny|100\/100\n|move|p2a: Marowak|Bonemerang|p1a: Pelipper\n|-immune|p1a: Pelipper\n|\n|-weather|RainDance|[upkeep]\n|upkeep\n|turn|13\n|\n|t:|1700101691\n|switch|p2a: Glaceon|Glaceon, M|100\/100\n|move|p1a: Pelipper|Scald|p2a: Glaceon\n|-damage|p2a: Glaceon|72\/100\n|-status|p2a: Glaceon|brn\n|\n|-weather|RainDance|[upkeep]\n|-damage|p2a: Glaceon|66\/100 brn|[from] brn\n|upkeep\n|turn|14\n|\n|t:|1700101701\n|switch|p1a: Overqwil|Overqwil, M, shiny|59\/100\n|move|p2a: Glaceon|Ice Beam|p1a: Overqwil\n|-crit|p1a: Overqwil\n|-damage|p1a: Overqwil|0 fnt\n|faint|p1a: Overqwil\n|\n|-weather|RainDance|[upkeep]\n|-damage|p2a: Glaceon|60\/100 brn|[from] brn\n|upkeep\n|\n|t:|1700101711\n|switch|p1a: Swampert|Swampert, F, shiny|100\/100\n|turn|15\n|\n|t:|1700101719\n|detailschange|p1a: Swampert|Swampert-Mega, F, shiny\n|-mega|p1a: Swampert|Swampert|Swampertite\n|move|p1a: Swampert|Earthquake|p2a: Glaceon\n|-damage|p2a: Glaceon|1\/100 brn\n|move|p2a: Glaceon|Ice Beam|p1a: Swampert\n|-damage|p1a: Swampert|55\/100\n|\n|-weather|RainDance|[upkeep]\n|-damage|p2a: Glaceon|0 fnt|[from] brn\n|faint|p2a: Glaceon\n|upkeep\n|\n|t:|1700101729\n|switch|p2a: Flygon|Flygon, M|100\/100\n|turn|16\n|\n|t:|1700101740\n|-terastallize|p2a: Flygon|Rock\n|move|p1a: Swampert|Flip Turn|p2a: Flygon\n|-supereffective|p2a: Flygon\n|-enditem|p2a: Flygon|Focus Sash\n|-damage|p2a: Flygon|1\/100\n|\n|t:|1700101743\n|switch|p1a: Pelipper|Pelipper, M, shiny|100\/100|[from] Flip Turn\n|move|p2a: Flygon|Stone Edge|p1a: Pelipper\n|-supereffective|p1a: Pelipper\n|-damage|p1a: Pelipper|39\/100\n|\n|-weather|RainDance|[upkeep]\n|-heal|p1a: Pelipper|45\/100|[from] item: Leftovers\n|upkeep\n|turn|17\n|\n|t:|1700101753\n|move|p2a: Flygon|Stone Edge|p1a: Pelipper\n|-supereffective|p1a: Pelipper\n|-damage|p1a: Pelipper|0 fnt\n|faint|p1a: Pelipper\n|\n|-weather|none\n|upkeep\n|\n|t:|1700101755\n|switch|p1a: Politoed|Politoed, M, shiny|100\/100\n|-weather|RainDance|[from] ability: Drizzle|[of] p1a: Politoed\n|turn|18\n|\n|t:|1700101761\n|move|p2a: Flygon|Stone Edge|p1a: Politoed\n|-damage|p1a: Politoed|55\/100\n|move|p1a: Politoed|Scald|p2a: Flygon\n|-supereffective|p2a: Flygon\n|-damage|p2a: Flygon|0 fnt\n|faint|p2a: Flygon\n|\n|-weather|RainDance|[upkeep]\n|upkeep\n|\n|t:|1700101768\n|switch|p2a: Sirfetch\u2019d|Sirfetch\u2019d, M|100\/100\n|turn|19\n|\n|t:|1700101772\n|move|p2a: Sirfetch\u2019d|Leaf Blade|p1a: Politoed\n|-supereffective|p1a: Politoed\n|-crit|p1a: Politoed\n|-damage|p1a: Politoed|0 fnt\n|faint|p1a: Politoed\n|\n|-weather|RainDance|[upkeep]\n|upkeep\n|\n|t:|1700101774\n|switch|p1a: Swampert|Swampert-Mega, F, shiny|55\/100\n|turn|20\n|\n|t:|1700101780\n|move|p1a: Swampert|Earthquake|p2a: Sirfetch\u2019d\n|-damage|p2a: Sirfetch\u2019d|29\/100\n|move|p2a: Sirfetch\u2019d|Leaf Blade|p1a: Swampert\n|-supereffective|p1a: Swampert\n|-crit|p1a: Swampert\n|-damage|p1a: Swampert|0 fnt\n|faint|p1a: Swampert\n|\n|win|runeatest\n|raw|HTF-Kraken's rating: 1093 &rarr; <strong>1072<\/strong><br \/>(-21 for losing)\n|raw|runeatest's rating: 1131 &rarr; <strong>1153<\/strong><br \/>(+22 for winning)\n|l|\u2606HTF-Kraken\n","uploadtime":1700101790,"views":4,"p1id":"htfkraken","p2id":"runeatest","formatid":"gen9nationaldex","rating":1072,"private":0,"password":""}