{"id":"gen9nationaldex-1997944922","p1":"SenhorDoJogo","p2":"MxM33","format":"[Gen 9] National Dex","log":"|html|<div class=\"broadcast-blue\"><strong>[Gen 9] National Dex is currently suspecting Sneasler! For information on how to participate check out the <a href=\"https:\/\/www.smogon.com\/forums\/threads\/sv-national-dex-suspect-8-just-dance.3731534\/\">suspect thread<\/a>.<\/strong><\/div>\n|j|\u2606SenhorDoJogo\n|j|\u2606MxM33\n|t:|1700870514\n|gametype|singles\n|player|p1|SenhorDoJogo|bugcatcher-gen4dp|1088\n|player|p2|MxM33|n|1097\n|teamsize|p1|6\n|teamsize|p2|6\n|gen|9\n|tier|[Gen 9] National Dex\n|rated|\n|rule|HP Percentage Mod: HP is shown in percentages\n|rule|Endless Battle Clause: Forcing endless battles is banned\n|rule|OHKO Clause: OHKO moves are banned\n|rule|Evasion Clause: Evasion abilities, items, and moves are banned\n|rule|Evasion Abilities Clause: Evasion abilities are banned\n|rule|Evasion Items Clause: Evasion items are banned\n|rule|Evasion Moves Clause: Evasion moves are banned\n|rule|Species Clause: Limit one of each Pok\u00e9mon\n|rule|Sleep Clause Mod: Limit one foe put to sleep\n|clearpoke\n|poke|p1|Breloom, F|\n|poke|p1|Aerodactyl, F|\n|poke|p1|Xatu, M|\n|poke|p1|Lapras, F|\n|poke|p1|Emboar, M|\n|poke|p1|Excadrill, F|\n|poke|p2|Ferrothorn, F|\n|poke|p2|Glimmora, M|\n|poke|p2|Cottonee, L1, F|\n|poke|p2|Kommo-o, F|\n|poke|p2|Toxapex, F|\n|poke|p2|Articuno|\n|teampreview\n|inactive|Battle timer is ON: inactive players will automatically lose when time's up. (requested by MxM33)\n|\n|t:|1700870554\n|start\n|switch|p1a: Xatu|Xatu, M|100\/100\n|switch|p2a: Glimmora|Glimmora, M|100\/100\n|-item|p2a: Glimmora|Air Balloon\n|turn|1\n|c|\u2606MxM33|spiles\n|c|\u2606MxM33|spikes\n|\n|t:|1700870568\n|move|p1a: Xatu|Light Screen|p1a: Xatu\n|-sidestart|p1: SenhorDoJogo|move: Light Screen\n|move|p2a: Glimmora|Spikes|p1a: Xatu\n|move|p1a: Xatu|Spikes|p2a: Glimmora|[from]ability: Magic Bounce\n|-sidestart|p2: MxM33|Spikes\n|\n|upkeep\n|turn|2\n|c|\u2606MxM33|reflectr\n|\n|t:|1700870582\n|move|p1a: Xatu|Reflect|p1a: Xatu\n|-sidestart|p1: SenhorDoJogo|Reflect\n|move|p2a: Glimmora|Reflect|p2a: Glimmora\n|-sidestart|p2: MxM33|Reflect\n|\n|upkeep\n|turn|3\n|c|\u2606MxM33|light screen\n|\n|t:|1700870589\n|move|p1a: Xatu|Future Sight|p2a: Glimmora\n|-start|p1a: Xatu|move: Future Sight\n|move|p2a: Glimmora|Light Screen|p2a: Glimmora\n|-sidestart|p2: MxM33|move: Light Screen\n|\n|upkeep\n|turn|4\n|c|\u2606MxM33|articuno\n|\n|t:|1700870602\n|switch|p1a: Excadrill|Excadrill, F|100\/100\n|-ability|p1a: Excadrill|Mold Breaker\n|switch|p2a: Articuno|Articuno|100\/100\n|-ability|p2a: Articuno|Pressure\n|\n|upkeep\n|turn|5\n|c|\u2606MxM33|substitute\n|\n|t:|1700870615\n|move|p1a: Excadrill|Swords Dance|p1a: Excadrill\n|-boost|p1a: Excadrill|atk|2\n|move|p2a: Articuno|Substitute|p2a: Articuno\n|-start|p2a: Articuno|Substitute\n|-damage|p2a: Articuno|75\/100\n|\n|-end|p2a: Articuno|move: Future Sight\n|-activate|p2a: Articuno|move: Substitute|[damage]\n|-heal|p2a: Articuno|82\/100|[from] item: Leftovers\n|upkeep\n|turn|6\n|c|\u2606MxM33|protect\n|\n|t:|1700870637\n|move|p2a: Articuno|Protect|p2a: Articuno\n|-singleturn|p2a: Articuno|Protect\n|move|p1a: Excadrill|Rapid Spin|p2a: Articuno\n|-activate|p2a: Articuno|move: Protect\n|\n|-heal|p2a: Articuno|88\/100|[from] item: Leftovers\n|-sideend|p2: MxM33|Reflect\n|upkeep\n|turn|7\n|\n|t:|1700870643\n|switch|p2a: Glimmora|Glimmora, M|100\/100\n|-item|p2a: Glimmora|Air Balloon\n|move|p1a: Excadrill|Rapid Spin|p2a: Glimmora\n|-resisted|p2a: Glimmora\n|-damage|p2a: Glimmora|88\/100\n|-boost|p1a: Excadrill|spe|1\n|-activate|p2a: Glimmora|ability: Toxic Debris\n|-sidestart|p1: SenhorDoJogo|move: Toxic Spikes\n|-enditem|p2a: Glimmora|Air Balloon\n|-sideend|p1: SenhorDoJogo|Toxic Spikes|[from] move: Rapid Spin|[of] p1a: Excadrill\n|\n|-sideend|p2: MxM33|move: Light Screen\n|upkeep\n|turn|8\n|\n|t:|1700870661\n|-terastallize|p2a: Glimmora|Flying\n|move|p1a: Excadrill|Earthquake|p2a: Glimmora\n|-immune|p2a: Glimmora\n|move|p2a: Glimmora|Spikes|p1a: Excadrill\n|-sidestart|p1: SenhorDoJogo|Spikes\n|\n|-sideend|p1: SenhorDoJogo|move: Light Screen\n|upkeep\n|turn|9\n|\n|t:|1700870678\n|switch|p2a: Ferrothorn|Ferrothorn, F|100\/100\n|-damage|p2a: Ferrothorn|88\/100|[from] Spikes\n|move|p1a: Excadrill|Brick Break|p2a: Ferrothorn\n|-supereffective|p2a: Ferrothorn\n|-damage|p2a: Ferrothorn|0 fnt\n|-damage|p1a: Excadrill|88\/100|[from] ability: Iron Barbs|[of] p2a: Ferrothorn\n|-damage|p1a: Excadrill|71\/100|[from] item: Rocky Helmet|[of] p2a: Ferrothorn\n|faint|p2a: Ferrothorn\n|\n|-sideend|p1: SenhorDoJogo|Reflect\n|upkeep\n|c|\u2606MxM33|ferro\n|\n|t:|1700870692\n|switch|p2a: Articuno|Articuno|88\/100\n|-ability|p2a: Articuno|Pressure\n|turn|10\n|c|\u2606MxM33|substitute\n|\n|t:|1700870697\n|move|p1a: Excadrill|Brick Break|p2a: Articuno\n|-damage|p2a: Articuno|39\/100\n|move|p2a: Articuno|Substitute|p2a: Articuno\n|-start|p2a: Articuno|Substitute\n|-damage|p2a: Articuno|14\/100\n|\n|-heal|p2a: Articuno|20\/100|[from] item: Leftovers\n|upkeep\n|turn|11\n|\n|t:|1700870705\n|move|p1a: Excadrill|Brick Break|p2a: Articuno\n|-end|p2a: Articuno|Substitute\n|move|p2a: Articuno|Whirlwind|p1a: Excadrill\n|drag|p1a: Aerodactyl|Aerodactyl, F|100\/100\n|\n|-heal|p2a: Articuno|27\/100|[from] item: Leftovers\n|upkeep\n|turn|12\n|c|\u2606MxM33|roost\n|c|\u2606MxM33|changed mind\n|c|\u2606MxM33|roost\n|\n|t:|1700870720\n|move|p1a: Aerodactyl|Stone Edge|p2a: Articuno\n|-supereffective|p2a: Articuno\n|-damage|p2a: Articuno|0 fnt\n|faint|p2a: Articuno\n|\n|upkeep\n|\n|t:|1700870728\n|switch|p2a: Glimmora|Glimmora, M, tera:Flying|88\/100\n|turn|13\n|\n|t:|1700870733\n|move|p1a: Aerodactyl|Hone Claws|p1a: Aerodactyl\n|-boost|p1a: Aerodactyl|atk|1\n|-boost|p1a: Aerodactyl|accuracy|1\n|move|p2a: Glimmora|Spikes|p1a: Aerodactyl\n|-sidestart|p1: SenhorDoJogo|Spikes\n|\n|upkeep\n|turn|14\n|c|\u2606MxM33|spikes\n|c|\u2606MxM33|lifght screen\n|\n|t:|1700870747\n|move|p1a: Aerodactyl|Hone Claws|p1a: Aerodactyl\n|-boost|p1a: Aerodactyl|atk|1\n|-boost|p1a: Aerodactyl|accuracy|1\n|move|p2a: Glimmora|Reflect|p2a: Glimmora\n|-sidestart|p2: MxM33|Reflect\n|\n|upkeep\n|turn|15\n|c|\u2606MxM33|oh i miss click\n|\n|t:|1700870758\n|move|p2a: Glimmora|Protect|p2a: Glimmora\n|-singleturn|p2a: Glimmora|Protect\n|move|p1a: Aerodactyl|Stone Edge|p2a: Glimmora\n|-activate|p2a: Glimmora|move: Protect\n|\n|upkeep\n|turn|16\n|c|\u2606MxM33|sorry\n|\n|t:|1700870766\n|switch|p2a: Toxapex|Toxapex, F|100\/100\n|-damage|p2a: Toxapex|88\/100|[from] Spikes\n|move|p1a: Aerodactyl|Stone Edge|p2a: Toxapex\n|-damage|p2a: Toxapex|53\/100\n|\n|upkeep\n|turn|17\n|c|\u2606MxM33|toxic spikes\n|\n|t:|1700870778\n|move|p1a: Aerodactyl|Earthquake|p2a: Toxapex\n|-supereffective|p2a: Toxapex\n|-crit|p2a: Toxapex\n|-damage|p2a: Toxapex|0 fnt\n|faint|p2a: Toxapex\n|\n|upkeep\n|\n|t:|1700870788\n|switch|p2a: Kommo-o|Kommo-o, F|100\/100\n|-damage|p2a: Kommo-o|88\/100|[from] Spikes\n|turn|18\n|c|\u2606MxM33|z move\n|\n|t:|1700870801\n|move|p1a: Aerodactyl|Double-Edge|p2a: Kommo-o\n|-damage|p2a: Kommo-o|60\/100\n|-zpower|p2a: Kommo-o\n|move|p2a: Kommo-o|Clangorous Soulblaze|p1a: Aerodactyl|[zeffect]\n|-damage|p1a: Aerodactyl|14\/100\n|-boost|p2a: Kommo-o|atk|1\n|-boost|p2a: Kommo-o|def|1\n|-boost|p2a: Kommo-o|spa|1\n|-boost|p2a: Kommo-o|spd|1\n|-boost|p2a: Kommo-o|spe|1\n|\n|-sideend|p2: MxM33|Reflect\n|upkeep\n|turn|19\n|\n|t:|1700870824\n|move|p1a: Aerodactyl|Earthquake|p2a: Kommo-o\n|-damage|p2a: Kommo-o|31\/100\n|move|p2a: Kommo-o|Drain Punch|p1a: Aerodactyl\n|-damage|p1a: Aerodactyl|0 fnt\n|-heal|p2a: Kommo-o|37\/100|[from] drain|[of] p1a: Aerodactyl\n|faint|p1a: Aerodactyl\n|\n|upkeep\n|\n|t:|1700870842\n|switch|p1a: Xatu|Xatu, M|100\/100\n|turn|20\n|\n|t:|1700870848\n|move|p2a: Kommo-o|Clanging Scales|p1a: Xatu\n|-damage|p1a: Xatu|48\/100\n|-unboost|p2a: Kommo-o|def|1\n|move|p1a: Xatu|Foul Play|p2a: Kommo-o\n|-resisted|p2a: Kommo-o\n|-damage|p2a: Kommo-o|25\/100\n|\n|upkeep\n|turn|21\n|\n|t:|1700870858\n|move|p2a: Kommo-o|Clanging Scales|p1a: Xatu\n|-damage|p1a: Xatu|0 fnt\n|faint|p1a: Xatu\n|-unboost|p2a: Kommo-o|def|1\n|\n|upkeep\n|\n|t:|1700870868\n|switch|p1a: Lapras|Lapras, F|100\/100\n|-damage|p1a: Lapras|84\/100|[from] Spikes\n|turn|22\n|\n|t:|1700870879\n|move|p2a: Kommo-o|Drain Punch|p1a: Lapras\n|-supereffective|p1a: Lapras\n|-damage|p1a: Lapras|0 fnt\n|-heal|p2a: Kommo-o|77\/100|[from] drain|[of] p1a: Lapras\n|faint|p1a: Lapras\n|\n|upkeep\n|\n|t:|1700870884\n|switch|p1a: Palmeiras|Emboar, M, shiny|100\/100\n|-damage|p1a: Palmeiras|84\/100|[from] Spikes\n|turn|23\n|\n|t:|1700870891\n|move|p2a: Kommo-o|Drain Punch|p1a: Palmeiras\n|-crit|p1a: Palmeiras\n|-damage|p1a: Palmeiras|1\/100\n|-heal|p2a: Kommo-o|100\/100|[from] drain|[of] p1a: Palmeiras\n|move|p1a: Palmeiras|Earthquake|p2a: Kommo-o\n|-damage|p2a: Kommo-o|39\/100\n|\n|upkeep\n|turn|24\n|\n|t:|1700870898\n|move|p2a: Kommo-o|Drain Punch|p1a: Palmeiras\n|-damage|p1a: Palmeiras|0 fnt\n|-heal|p2a: Kommo-o|40\/100|[from] drain|[of] p1a: Palmeiras\n|faint|p1a: Palmeiras\n|\n|upkeep\n|\n|t:|1700870902\n|switch|p1a: Breloom|Breloom, F|100\/100\n|-damage|p1a: Breloom|84\/100|[from] Spikes\n|turn|25\n|c|\u2606MxM33|drain punch\n|\n|t:|1700870911\n|move|p2a: Kommo-o|Drain Punch|p1a: Breloom\n|-damage|p1a: Breloom|30\/100\n|-heal|p2a: Kommo-o|66\/100|[from] drain|[of] p1a: Breloom\n|move|p1a: Breloom|Facade|p2a: Kommo-o\n|-damage|p2a: Kommo-o|39\/100\n|\n|-status|p1a: Breloom|tox|[from] item: Toxic Orb\n|upkeep\n|turn|26\n|c|\u2606MxM33|drain punch\n|\n|t:|1700870919\n|move|p1a: Breloom|Mach Punch|p2a: Kommo-o\n|-damage|p2a: Kommo-o|14\/100\n|move|p2a: Kommo-o|Drain Punch|p1a: Breloom\n|-damage|p1a: Breloom|0 fnt\n|-heal|p2a: Kommo-o|28\/100|[from] drain|[of] p1a: Breloom\n|faint|p1a: Breloom\n|\n|upkeep\n|\n|t:|1700870925\n|switch|p1a: Excadrill|Excadrill, F|71\/100\n|-damage|p1a: Excadrill|55\/100|[from] Spikes\n|-ability|p1a: Excadrill|Mold Breaker\n|turn|27\n|c|\u2606MxM33|clangorous soul\n|c|\u2606MxM33|no\n|c|\u2606MxM33|i cant\n|c|\u2606MxM33|roar\n|\n|t:|1700870945\n|move|p1a: Excadrill|Earthquake|p2a: Kommo-o\n|-damage|p2a: Kommo-o|0 fnt\n|faint|p2a: Kommo-o\n|\n|upkeep\n|\n|t:|1700870950\n|switch|p2a: Cottonee|Cottonee, L1, F|100\/100\n|-damage|p2a: Cottonee|91\/100|[from] Spikes\n|turn|28\n|c|\u2606MxM33|pls dont sword dance\n|\n|t:|1700870964\n|move|p2a: Cottonee|Substitute|p2a: Cottonee\n|-start|p2a: Cottonee|Substitute\n|-damage|p2a: Cottonee|73\/100\n|move|p1a: Excadrill|Earthquake|p2a: Cottonee\n|-resisted|p2a: Cottonee\n|-end|p2a: Cottonee|Substitute\n|\n|upkeep\n|turn|29\n|\n|t:|1700870976\n|move|p2a: Cottonee|Substitute|p2a: Cottonee\n|-start|p2a: Cottonee|Substitute\n|-damage|p2a: Cottonee|55\/100\n|move|p1a: Excadrill|Earthquake|p2a: Cottonee\n|-resisted|p2a: Cottonee\n|-end|p2a: Cottonee|Substitute\n|\n|upkeep\n|turn|30\n|c|\u2606MxM33|thanks\n|\n|t:|1700870984\n|move|p2a: Cottonee|Leech Seed|p1a: Excadrill\n|-start|p1a: Excadrill|move: Leech Seed\n|move|p1a: Excadrill|Earthquake|p2a: Cottonee\n|-resisted|p2a: Cottonee\n|-damage|p2a: Cottonee|0 fnt\n|faint|p2a: Cottonee\n|\n|upkeep\n|\n|t:|1700870989\n|switch|p2a: Glimmora|Glimmora, M, tera:Flying|88\/100\n|turn|31\n|\n|t:|1700870995\n|move|p1a: Excadrill|Rapid Spin|p2a: Glimmora\n|-damage|p2a: Glimmora|72\/100\n|-boost|p1a: Excadrill|spe|1\n|-activate|p2a: Glimmora|ability: Toxic Debris\n|-sidestart|p1: SenhorDoJogo|move: Toxic Spikes\n|-end|p1a: Excadrill|Leech Seed|[from] move: Rapid Spin|[of] p1a: Excadrill\n|-sideend|p1: SenhorDoJogo|Spikes|[from] move: Rapid Spin|[of] p1a: Excadrill\n|-sideend|p1: SenhorDoJogo|Toxic Spikes|[from] move: Rapid Spin|[of] p1a: Excadrill\n|move|p2a: Glimmora|Reflect|p2a: Glimmora\n|-sidestart|p2: MxM33|Reflect\n|\n|upkeep\n|turn|32\n|\n|t:|1700871010\n|-terastallize|p1a: Excadrill|Ground\n|move|p2a: Glimmora|Protect|p2a: Glimmora\n|-singleturn|p2a: Glimmora|Protect\n|move|p1a: Excadrill|Swords Dance|p1a: Excadrill\n|-boost|p1a: Excadrill|atk|2\n|\n|upkeep\n|turn|33\n|c|\u2606MxM33|we can make this long\n|c|\u2606MxM33|i portect i cure i protet i cure\n|c|\u2606MxM33|until you get no pp\n|c|\u2606MxM33|you want that?\n|inactive|MxM33 has 120 seconds left.\n|\n|t:|1700871047\n|move|p1a: Excadrill|Brick Break|p2a: Glimmora\n|-sideend|p2: MxM33|Reflect\n|-resisted|p2a: Glimmora\n|-damage|p2a: Glimmora|51\/100\n|-activate|p2a: Glimmora|ability: Toxic Debris\n|-sidestart|p1: SenhorDoJogo|move: Toxic Spikes\n|move|p2a: Glimmora|Reflect|p2a: Glimmora\n|-sidestart|p2: MxM33|Reflect\n|\n|upkeep\n|turn|34\n|inactive|MxM33 has 120 seconds left.\n|\n|t:|1700871055\n|move|p2a: Glimmora|Protect|p2a: Glimmora\n|-singleturn|p2a: Glimmora|Protect\n|move|p1a: Excadrill|Swords Dance|p1a: Excadrill\n|-boost|p1a: Excadrill|atk|2\n|\n|upkeep\n|turn|35\n|\n|t:|1700871063\n|move|p1a: Excadrill|Brick Break|p2a: Glimmora\n|-sideend|p2: MxM33|Reflect\n|-resisted|p2a: Glimmora\n|-damage|p2a: Glimmora|21\/100\n|-activate|p2a: Glimmora|ability: Toxic Debris\n|-sidestart|p1: SenhorDoJogo|move: Toxic Spikes\n|move|p2a: Glimmora|Light Screen|p2a: Glimmora\n|-sidestart|p2: MxM33|move: Light Screen\n|\n|upkeep\n|turn|36\n|\n|t:|1700871071\n|move|p2a: Glimmora|Protect|p2a: Glimmora\n|-singleturn|p2a: Glimmora|Protect\n|move|p1a: Excadrill|Brick Break|p2a: Glimmora\n|-activate|p2a: Glimmora|move: Protect\n|\n|upkeep\n|turn|37\n|c|\u2606MxM33|pls end this\n|c|\u2606MxM33|i have cncr\n|\n|t:|1700871090\n|move|p1a: Excadrill|Brick Break|p2a: Glimmora\n|-sideend|p2: MxM33|move: Light Screen\n|-resisted|p2a: Glimmora\n|-damage|p2a: Glimmora|0 fnt\n|faint|p2a: Glimmora\n|\n|win|SenhorDoJogo\n|raw|SenhorDoJogo's rating: 1088 &rarr; <strong>1115<\/strong><br \/>(+27 for winning)\n|raw|MxM33's rating: 1097 &rarr; <strong>1072<\/strong><br \/>(-25 for losing)\n|l|\u2606MxM33\n|l|\u2606SenhorDoJogo\n|j|\u2606SenhorDoJogo\n|player|p1|SenhorDoJogo|bugcatcher-gen4dp\n","uploadtime":1700871130,"views":1,"p1id":"senhordojogo","p2id":"mxm33","formatid":"gen9nationaldex","rating":1072,"private":0,"password":""}