{"id":"gen9nationaldex-1992622276","p1":"Karrottensirup","p2":"iil0","format":"[Gen 9] National Dex","log":"|j|\u2606Karrottensirup\n|j|\u2606iil0\n|t:|1700216227\n|gametype|singles\n|player|p1|Karrottensirup|bugcatcher-gen4dp|1155\n|player|p2|iil0|riley|1207\n|teamsize|p1|6\n|teamsize|p2|6\n|gen|9\n|tier|[Gen 9] National Dex\n|rated|\n|rule|HP Percentage Mod: HP is shown in percentages\n|rule|Endless Battle Clause: Forcing endless battles is banned\n|rule|OHKO Clause: OHKO moves are banned\n|rule|Evasion Clause: Evasion abilities, items, and moves are banned\n|rule|Evasion Abilities Clause: Evasion abilities are banned\n|rule|Evasion Items Clause: Evasion items are banned\n|rule|Evasion Moves Clause: Evasion moves are banned\n|rule|Species Clause: Limit one of each Pok\u00e9mon\n|rule|Sleep Clause Mod: Limit one foe put to sleep\n|clearpoke\n|poke|p1|Banette, F|\n|poke|p1|Tornadus, M|\n|poke|p1|Iron Valiant|\n|poke|p1|Hatterene, F|\n|poke|p1|Iron Hands|\n|poke|p1|Slaking, F|\n|poke|p2|Samurott-Hisui, M|\n|poke|p2|Volcarona, M|\n|poke|p2|Serperior, F|\n|poke|p2|Banette, F|\n|poke|p2|Garchomp, M|\n|poke|p2|Corviknight, M|\n|teampreview\n|inactive|Battle timer is ON: inactive players will automatically lose when time's up. (requested by Karrottensirup)\n|\n|t:|1700216242\n|start\n|switch|p1a: Banette|Banette, F|100\/100\n|switch|p2a: Samurott|Samurott-Hisui, M, shiny|100\/100\n|turn|1\n|\n|t:|1700216249\n|detailschange|p1a: Banette|Banette-Mega, F\n|-mega|p1a: Banette|Banette|Banettite\n|move|p1a: Banette|Metronome|p1a: Banette\n|move|p1a: Banette|Superpower|p2a: Samurott|[from]move: Metronome\n|-hint|Since gen 7, Dark is immune to Prankster moves.\n|-immune|p2a: Samurott\n|move|p2a: Samurott|Ceaseless Edge|p1a: Banette\n|-supereffective|p1a: Banette\n|-damage|p1a: Banette|0 fnt\n|-sidestart|p1: Karrottensirup|Spikes\n|faint|p1a: Banette\n|\n|upkeep\n|\n|t:|1700216259\n|switch|p1a: Iron Valiant|Iron Valiant|100\/100\n|-damage|p1a: Iron Valiant|88\/100|[from] Spikes\n|turn|2\n|\n|t:|1700216270\n|move|p1a: Iron Valiant|Metronome|p1a: Iron Valiant\n|move|p1a: Iron Valiant|Mega Punch|p2a: Samurott|[from]move: Metronome\n|-damage|p2a: Samurott|74\/100\n|move|p2a: Samurott|Sacred Sword|p1a: Iron Valiant\n|-resisted|p1a: Iron Valiant\n|-damage|p1a: Iron Valiant|66\/100\n|\n|-heal|p1a: Iron Valiant|72\/100|[from] item: Leftovers\n|-heal|p2a: Samurott|80\/100|[from] item: Leftovers\n|upkeep\n|turn|3\n|\n|t:|1700216282\n|move|p1a: Iron Valiant|Metronome|p1a: Iron Valiant\n|move|p1a: Iron Valiant|Cross Chop|p2a: Samurott|[from]move: Metronome\n|-supereffective|p2a: Samurott\n|-crit|p2a: Samurott\n|-damage|p2a: Samurott|0 fnt\n|faint|p2a: Samurott\n|\n|-heal|p1a: Iron Valiant|78\/100|[from] item: Leftovers\n|upkeep\n|\n|t:|1700216292\n|switch|p2a: Banette|Banette, F|100\/100\n|-item|p1a: Iron Valiant|Leftovers|[from] ability: Frisk|[of] p2a: Banette|[identify]\n|turn|4\n|\n|t:|1700216298\n|detailschange|p2a: Banette|Banette-Mega, F\n|-mega|p2a: Banette|Banette|Banettite\n|move|p2a: Banette|Taunt|p1a: Iron Valiant\n|-start|p1a: Iron Valiant|move: Taunt\n|cant|p1a: Iron Valiant|move: Taunt|Metronome\n|\n|-heal|p1a: Iron Valiant|84\/100|[from] item: Leftovers\n|upkeep\n|turn|5\n|c|\u2606Karrottensirup|Mate\n|c|\u2606Karrottensirup|fuckk off let me have fun\n|\n|t:|1700216320\n|-end|p1a: Iron Valiant|Quark Drive|[silent]\n|switch|p1a: Tornadus|Tornadus, M|100\/100\n|move|p2a: Banette|Poltergeist|p1a: Tornadus\n|-activate|p1a: Tornadus|move: Poltergeist|Choice Specs\n|-crit|p1a: Tornadus\n|-damage|p1a: Tornadus|0 fnt\n|faint|p1a: Tornadus\n|\n|upkeep\n|\n|t:|1700216324\n|switch|p1a: Iron Hands|Iron Hands|100\/100\n|-damage|p1a: Iron Hands|88\/100|[from] Spikes\n|-enditem|p1a: Iron Hands|Booster Energy\n|-activate|p1a: Iron Hands|ability: Quark Drive|[fromitem]\n|-start|p1a: Iron Hands|quarkdriveatk\n|turn|6\n|\n|t:|1700216337\n|move|p2a: Banette|Taunt|p1a: Iron Hands\n|-start|p1a: Iron Hands|move: Taunt\n|cant|p1a: Iron Hands|move: Taunt|Metronome\n|\n|upkeep\n|turn|7\n|c|\u2606Karrottensirup|I hope ur mom kills ur dog\n|-message|Karrottensirup forfeited.\n|\n|win|iil0\n|raw|Karrottensirup's rating: 1155 &rarr; <strong>1134<\/strong><br \/>(-21 for losing)\n|raw|iil0's rating: 1207 &rarr; <strong>1228<\/strong><br \/>(+21 for winning)\n|l|\u2606Karrottensirup\n","uploadtime":1700216320,"views":4,"p1id":"karrottensirup","p2id":"iil0","formatid":"gen9nationaldex","rating":1134,"private":0,"password":""}