{"id":"gen9nationaldex-1992658806","p1":"Kartik thats it","p2":"Blazzeon","format":"[Gen 9] National Dex","log":"|j|\u2606Kartik thats it\n|j|\u2606Blazzeon\n|t:|1700221590\n|gametype|singles\n|player|p1|Kartik thats it|volkner|\n|player|p2|Blazzeon|gambler|\n|teamsize|p1|6\n|teamsize|p2|6\n|gen|9\n|tier|[Gen 9] National Dex\n|rule|HP Percentage Mod: HP is shown in percentages\n|rule|Endless Battle Clause: Forcing endless battles is banned\n|rule|OHKO Clause: OHKO moves are banned\n|rule|Evasion Clause: Evasion abilities, items, and moves are banned\n|rule|Evasion Abilities Clause: Evasion abilities are banned\n|rule|Evasion Items Clause: Evasion items are banned\n|rule|Evasion Moves Clause: Evasion moves are banned\n|rule|Species Clause: Limit one of each Pok\u00e9mon\n|rule|Sleep Clause Mod: Limit one foe put to sleep\n|clearpoke\n|poke|p1|Zapdos|\n|poke|p1|Latias, F|\n|poke|p1|Gliscor, F|\n|poke|p1|Tapu Lele|\n|poke|p1|Ogerpon-Wellspring, F|\n|poke|p1|Sneasler, M|\n|poke|p2|Iron Moth|\n|poke|p2|Hawlucha, M|\n|poke|p2|Latios, M|\n|poke|p2|Skeledirge, M|\n|poke|p2|Tapu Lele|\n|poke|p2|Sneasler, M|\n|teampreview\n|inactive|Battle timer is ON: inactive players will automatically lose when time's up. (requested by Blazzeon)\n|\n|t:|1700221633\n|start\n|switch|p1a: Louis|Gliscor, F, shiny|100\/100\n|switch|p2a: Latios|Latios, M|100\/100\n|turn|1\n|\n|t:|1700221649\n|detailschange|p2a: Latios|Latios-Mega, M\n|-mega|p2a: Latios|Latios|Latiosite\n|move|p2a: Latios|Calm Mind|p2a: Latios\n|-boost|p2a: Latios|spa|1\n|-boost|p2a: Latios|spd|1\n|move|p1a: Louis|Swords Dance|p1a: Louis\n|-boost|p1a: Louis|atk|2\n|\n|-status|p1a: Louis|tox|[from] item: Toxic Orb\n|upkeep\n|turn|2\n|\n|t:|1700221664\n|-terastallize|p1a: Louis|Normal\n|move|p2a: Latios|Psychic|p1a: Louis\n|-damage|p1a: Louis|0 fnt\n|faint|p1a: Louis\n|\n|upkeep\n|c|\u2606Blazzeon|Lassi mang rha hai\n|\n|t:|1700221684\n|switch|p1a: Devil ka baap\ud83e\udec4\ud83c\udfff|Latias, F, shiny|100\/100\n|turn|3\n|\n|t:|1700221689\n|detailschange|p1a: Devil ka baap\ud83e\udec4\ud83c\udfff|Latias-Mega, F, shiny\n|-mega|p1a: Devil ka baap\ud83e\udec4\ud83c\udfff|Latias|Latiasite\n|move|p1a: Devil ka baap\ud83e\udec4\ud83c\udfff|Dragon Pulse|p2a: Latios\n|-supereffective|p2a: Latios\n|-damage|p2a: Latios|44\/100\n|move|p2a: Latios|Draco Meteor|p1a: Devil ka baap\ud83e\udec4\ud83c\udfff\n|-supereffective|p1a: Devil ka baap\ud83e\udec4\ud83c\udfff\n|-damage|p1a: Devil ka baap\ud83e\udec4\ud83c\udfff|0 fnt\n|-unboost|p2a: Latios|spa|2\n|faint|p1a: Devil ka baap\ud83e\udec4\ud83c\udfff\n|\n|upkeep\n|inactive|Kartik thats it has 270 seconds left.\n|\n|t:|1700221704\n|switch|p1a: Liam|Tapu Lele, shiny|100\/100\n|-fieldstart|move: Psychic Terrain|[from] ability: Psychic Surge|[of] p1a: Liam\n|turn|4\n|\n|t:|1700221714\n|switch|p2a: Skeledirge|Skeledirge, M|100\/100\n|move|p1a: Liam|Shadow Ball|p2a: Skeledirge\n|-supereffective|p2a: Skeledirge\n|-damage|p2a: Skeledirge|41\/100\n|-unboost|p2a: Skeledirge|spd|1\n|\n|-heal|p2a: Skeledirge|47\/100|[from] item: Leftovers\n|upkeep\n|turn|5\n|\n|t:|1700221725\n|move|p1a: Liam|Shadow Ball|p2a: Skeledirge\n|-supereffective|p2a: Skeledirge\n|-damage|p2a: Skeledirge|0 fnt\n|faint|p2a: Skeledirge\n|\n|upkeep\n|\n|t:|1700221732\n|switch|p2a: Sneasler|Sneasler, M|100\/100\n|-enditem|p2a: Sneasler|Psychic Seed\n|-boost|p2a: Sneasler|spd|1|[from] item: Psychic Seed\n|turn|6\n|\n|t:|1700221739\n|-terastallize|p2a: Sneasler|Electric\n|move|p2a: Sneasler|Swords Dance|p2a: Sneasler\n|-boost|p2a: Sneasler|atk|2\n|move|p1a: Liam|Psychic|p2a: Sneasler\n|-damage|p2a: Sneasler|49\/100\n|\n|upkeep\n|turn|7\n|\n|t:|1700221752\n|move|p2a: Sneasler|Tera Blast|p1a: Liam|[anim] Tera Blast Electric\n|-damage|p1a: Liam|0 fnt\n|faint|p1a: Liam\n|\n|upkeep\n|\n|t:|1700221758\n|switch|p1a: Zayn|Sneasler, M, shiny|100\/100\n|-enditem|p1a: Zayn|Psychic Seed\n|-boost|p1a: Zayn|spd|1|[from] item: Psychic Seed\n|turn|8\n|\n|t:|1700221769\n|move|p2a: Sneasler|Tera Blast|p1a: Zayn|[anim] Tera Blast Electric\n|-damage|p1a: Zayn|0 fnt\n|faint|p1a: Zayn\n|\n|-fieldend|move: Psychic Terrain\n|upkeep\n|c|\u2606Blazzeon|Gg\n|\n|t:|1700221784\n|switch|p1a: Harry|Zapdos, shiny|100\/100\n|turn|9\n|\n|t:|1700221793\n|move|p2a: Sneasler|Tera Blast|p1a: Harry|[anim] Tera Blast Electric\n|-damage|p1a: Harry|0 fnt\n|faint|p1a: Harry\n|\n|upkeep\n|\n|t:|1700221798\n|switch|p1a: Niall|Ogerpon-Wellspring, F|100\/100\n|turn|10\n|\n|t:|1700221807\n|move|p2a: Sneasler|Tera Blast|p1a: Niall|[anim] Tera Blast Electric\n|-damage|p1a: Niall|0 fnt\n|faint|p1a: Niall\n|\n|win|Blazzeon\n","uploadtime":1700221814,"views":27,"p1id":"kartikthatsit","p2id":"blazzeon","formatid":"gen9nationaldex","rating":0,"private":0,"password":""}