{"id":"gen9nationaldex-1989259711","p1":"Xernos123","p2":"TheBosses27","format":"[Gen 9] National Dex","log":"|j|\u2606Xernos123\n|j|\u2606TheBosses27\n|t:|1699829032\n|gametype|singles\n|player|p1|Xernos123|steven|1301\n|player|p2|TheBosses27|bruno|1334\n|teamsize|p1|6\n|teamsize|p2|6\n|gen|9\n|tier|[Gen 9] National Dex\n|rated|\n|rule|HP Percentage Mod: HP is shown in percentages\n|rule|Endless Battle Clause: Forcing endless battles is banned\n|rule|OHKO Clause: OHKO moves are banned\n|rule|Evasion Clause: Evasion abilities, items, and moves are banned\n|rule|Evasion Abilities Clause: Evasion abilities are banned\n|rule|Evasion Items Clause: Evasion items are banned\n|rule|Evasion Moves Clause: Evasion moves are banned\n|rule|Species Clause: Limit one of each Pok\u00e9mon\n|rule|Sleep Clause Mod: Limit one foe put to sleep\n|clearpoke\n|poke|p1|Aerodactyl, F|\n|poke|p1|Galvantula, F|\n|poke|p1|Xurkitree|\n|poke|p1|Samurott-Hisui, F|\n|poke|p1|Pawmot, F|\n|poke|p1|Blaziken, M|\n|poke|p2|Primeape, F|\n|poke|p2|Rabsca, F|\n|poke|p2|Clefable, M|\n|poke|p2|Kleavor, M|\n|poke|p2|Venusaur, F|\n|poke|p2|Corviknight, M|\n|teampreview\n|inactive|Battle timer is ON: inactive players will automatically lose when time's up. (requested by Xernos123)\n|inactive|TheBosses27 also wants the timer to be on.\n|\n|t:|1699829041\n|start\n|switch|p1a: Samurott|Samurott-Hisui, F|100\/100\n|switch|p2a: Kleavor|Kleavor, M|100\/100\n|turn|1\n|\n|t:|1699829048\n|move|p2a: Kleavor|Close Combat|p1a: Samurott\n|-supereffective|p1a: Samurott\n|-enditem|p1a: Samurott|Focus Sash\n|-damage|p1a: Samurott|1\/100\n|-unboost|p2a: Kleavor|def|1\n|-unboost|p2a: Kleavor|spd|1\n|move|p1a: Samurott|Aqua Cutter|p2a: Kleavor\n|-supereffective|p2a: Kleavor\n|-damage|p2a: Kleavor|0 fnt\n|faint|p2a: Kleavor\n|\n|upkeep\n|\n|t:|1699829052\n|switch|p2a: Primeape|Primeape, F|100\/100\n|turn|2\n|\n|t:|1699829054\n|move|p2a: Primeape|Bulk Up|p2a: Primeape\n|-boost|p2a: Primeape|atk|1\n|-boost|p2a: Primeape|def|1\n|move|p1a: Samurott|Ceaseless Edge|p2a: Primeape|[miss]\n|-miss|p1a: Samurott|p2a: Primeape\n|\n|upkeep\n|turn|3\n|\n|t:|1699829059\n|move|p2a: Primeape|Seed Bomb|p1a: Samurott\n|-supereffective|p1a: Samurott\n|-damage|p1a: Samurott|0 fnt\n|faint|p1a: Samurott\n|\n|upkeep\n|\n|t:|1699829064\n|switch|p1a: Blaziken|Blaziken, M|100\/100\n|turn|4\n|\n|t:|1699829067\n|move|p2a: Primeape|Bulk Up|p2a: Primeape\n|-boost|p2a: Primeape|atk|1\n|-boost|p2a: Primeape|def|1\n|move|p1a: Blaziken|Swords Dance|p1a: Blaziken\n|-boost|p1a: Blaziken|atk|2\n|\n|-ability|p1a: Blaziken|Speed Boost|boost\n|-boost|p1a: Blaziken|spe|1\n|upkeep\n|turn|5\n|\n|t:|1699829078\n|move|p1a: Blaziken|Swords Dance|p1a: Blaziken\n|-boost|p1a: Blaziken|atk|2\n|move|p2a: Primeape|Drain Punch|p1a: Blaziken\n|-damage|p1a: Blaziken|13\/100\n|\n|-ability|p1a: Blaziken|Speed Boost|boost\n|-boost|p1a: Blaziken|spe|1\n|upkeep\n|turn|6\n|\n|t:|1699829087\n|-terastallize|p1a: Blaziken|Ghost\n|move|p1a: Blaziken|Reversal|p2a: Primeape\n|-damage|p2a: Primeape|17\/100\n|move|p2a: Primeape|Drain Punch|p1a: Blaziken\n|-immune|p1a: Blaziken\n|\n|-ability|p1a: Blaziken|Speed Boost|boost\n|-boost|p1a: Blaziken|spe|1\n|upkeep\n|turn|7\n|inactive|TheBosses27 has 120 seconds left.\n|\n|t:|1699829145\n|move|p1a: Blaziken|Reversal|p2a: Primeape\n|-damage|p2a: Primeape|0 fnt\n|faint|p2a: Primeape\n|\n|-ability|p1a: Blaziken|Speed Boost|boost\n|-boost|p1a: Blaziken|spe|1\n|upkeep\n|inactive|TheBosses27 has 90 seconds left.\n|\n|t:|1699829157\n|switch|p2a: Clefable|Clefable, M|100\/100\n|turn|8\n|\n|t:|1699829163\n|move|p1a: Blaziken|Endure|p1a: Blaziken\n|-singleturn|p1a: Blaziken|move: Endure\n|move|p2a: Clefable|Moonblast|p1a: Blaziken\n|-activate|p1a: Blaziken|move: Endure\n|-damage|p1a: Blaziken|1\/100\n|-unboost|p1a: Blaziken|spa|1\n|\n|-ability|p1a: Blaziken|Speed Boost|boost\n|-boost|p1a: Blaziken|spe|1\n|upkeep\n|turn|9\n|\n|t:|1699829168\n|move|p1a: Blaziken|Reversal|p2a: Clefable\n|-resisted|p2a: Clefable\n|-damage|p2a: Clefable|57\/100\n|move|p2a: Clefable|Moonblast|p1a: Blaziken\n|-damage|p1a: Blaziken|0 fnt\n|faint|p1a: Blaziken\n|\n|-heal|p2a: Clefable|63\/100|[from] item: Leftovers\n|upkeep\n|\n|t:|1699829186\n|switch|p1a: Pawmot|Pawmot, F|100\/100\n|turn|10\n|inactive|TheBosses27 has 120 seconds left.\n|l|\u2606TheBosses27\n|inactive|TheBosses27 disconnected and has a minute to reconnect!\n|player|p2|\n|j|\u2606TheBosses27\n|inactive|TheBosses27 reconnected and has 105 seconds left.\n|player|p2|TheBosses27|bruno\n|inactive|TheBosses27 has 90 seconds left.\n|\n|t:|1699829227\n|move|p1a: Pawmot|Fake Out|p2a: Clefable\n|-damage|p2a: Clefable|53\/100\n|cant|p2a: Clefable|flinch\n|\n|-heal|p2a: Clefable|59\/100|[from] item: Leftovers\n|upkeep\n|turn|11\n|\n|t:|1699829236\n|move|p1a: Pawmot|Revival Blessing|p1a: Pawmot\n|-enditem|p1a: Pawmot|Leppa Berry|[eat]\n|-activate|p1a: Pawmot|item: Leppa Berry|Revival Blessing|[consumed]\n|\n|t:|1699829240\n|-heal|p1: Blaziken|50\/100|[from] move: Revival Blessing\n|move|p2a: Clefable|Moonblast|p1a: Pawmot\n|-supereffective|p1a: Pawmot\n|-damage|p1a: Pawmot|0 fnt\n|faint|p1a: Pawmot\n|\n|-heal|p2a: Clefable|65\/100|[from] item: Leftovers\n|upkeep\n|\n|t:|1699829250\n|switch|p1a: Xurkitree|Xurkitree|100\/100\n|turn|12\n|l|\u2606TheBosses27\n|inactive|TheBosses27 disconnected and has a minute to reconnect!\n|player|p2|\n|j|\u2606TheBosses27\n|inactive|TheBosses27 reconnected and has 100 seconds left.\n|player|p2|TheBosses27|bruno\n|\n|t:|1699829268\n|switch|p2a: Venusaur|Venusaur, F|100\/100\n|-zpower|p1a: Xurkitree\n|move|p1a: Xurkitree|Z-Hypnosis|p2a: Venusaur|[anim]Hypnosis\n|-boost|p1a: Xurkitree|spe|1|[zeffect]\n|-status|p2a: Venusaur|slp|[from] move: Hypnosis\n|\n|upkeep\n|turn|13\n|inactive|Xernos123 has 120 seconds left.\n|\n|t:|1699829321\n|detailschange|p2a: Venusaur|Venusaur-Mega, F\n|-mega|p2a: Venusaur|Venusaur|Venusaurite\n|move|p1a: Xurkitree|Tail Glow|p1a: Xurkitree\n|-boost|p1a: Xurkitree|spa|3\n|cant|p2a: Venusaur|slp\n|\n|upkeep\n|turn|14\n|\n|t:|1699829328\n|move|p1a: Xurkitree|Tail Glow|p1a: Xurkitree\n|-boost|p1a: Xurkitree|spa|3\n|cant|p2a: Venusaur|slp\n|\n|upkeep\n|turn|15\n|\n|t:|1699829330\n|move|p1a: Xurkitree|Thunderbolt|p2a: Venusaur\n|-resisted|p2a: Venusaur\n|-damage|p2a: Venusaur|10\/100 slp\n|cant|p2a: Venusaur|slp\n|\n|upkeep\n|turn|16\n|\n|t:|1699829333\n|move|p1a: Xurkitree|Thunderbolt|p2a: Venusaur\n|-resisted|p2a: Venusaur\n|-damage|p2a: Venusaur|0 fnt\n|faint|p2a: Venusaur\n|\n|upkeep\n|\n|t:|1699829334\n|switch|p2a: Clefable|Clefable, M|65\/100\n|turn|17\n|\n|t:|1699829340\n|move|p1a: Xurkitree|Hypnosis|p2a: Clefable|[miss]\n|-miss|p1a: Xurkitree|p2a: Clefable\n|move|p2a: Clefable|Psych Up|p1a: Xurkitree\n|-copyboost|p2a: Clefable|p1a: Xurkitree|[from] move: Psych Up\n|\n|-heal|p2a: Clefable|71\/100|[from] item: Leftovers\n|upkeep\n|turn|18\n|\n|t:|1699829344\n|move|p1a: Xurkitree|Hypnosis|p2a: Clefable\n|-status|p2a: Clefable|slp|[from] move: Hypnosis\n|cant|p2a: Clefable|slp\n|\n|-heal|p2a: Clefable|77\/100 slp|[from] item: Leftovers\n|upkeep\n|turn|19\n|\n|t:|1699829346\n|move|p1a: Xurkitree|Thunderbolt|p2a: Clefable\n|-crit|p2a: Clefable\n|-damage|p2a: Clefable|0 fnt\n|faint|p2a: Clefable\n|\n|upkeep\n|\n|t:|1699829351\n|switch|p2a: Rabsca|Rabsca, F|100\/100\n|turn|20\n|\n|t:|1699829356\n|move|p1a: Xurkitree|Hypnosis|p2a: Rabsca\n|-status|p2a: Rabsca|slp|[from] move: Hypnosis\n|cant|p2a: Rabsca|slp\n|\n|upkeep\n|turn|21\n|\n|t:|1699829361\n|move|p1a: Xurkitree|Thunderbolt|p2a: Rabsca\n|-damage|p2a: Rabsca|0 fnt\n|faint|p2a: Rabsca\n|\n|upkeep\n|-message|TheBosses27 forfeited.\n|\n|win|Xernos123\n|raw|Xernos123's rating: 1301 &rarr; <strong>1323<\/strong><br \/>(+22 for winning)\n|raw|TheBosses27's rating: 1334 &rarr; <strong>1312<\/strong><br \/>(-22 for losing)\n|l|\u2606TheBosses27\n","uploadtime":1699829370,"views":16,"p1id":"xernos123","p2id":"thebosses27","formatid":"gen9nationaldex","rating":1312,"private":0,"password":""}