{"id":"gen9nationaldex-1997563896","p1":"WhyUsernameNotWork","p2":"dio7oiant","format":"[Gen 9] National Dex","log":"|html|<div class=\"broadcast-blue\"><strong>[Gen 9] National Dex is currently suspecting Sneasler! For information on how to participate check out the <a href=\"https:\/\/www.smogon.com\/forums\/threads\/sv-national-dex-suspect-8-just-dance.3731534\/\">suspect thread<\/a>.<\/strong><\/div>\n|j|\u2606WhyUsernameNotWork\n|j|\u2606dio7oiant\n|t:|1700826096\n|gametype|singles\n|player|p1|WhyUsernameNotWork|blackbelt|1000\n|player|p2|dio7oiant|102|1095\n|teamsize|p1|6\n|teamsize|p2|6\n|gen|9\n|tier|[Gen 9] National Dex\n|rated|\n|rule|HP Percentage Mod: HP is shown in percentages\n|rule|Endless Battle Clause: Forcing endless battles is banned\n|rule|OHKO Clause: OHKO moves are banned\n|rule|Evasion Clause: Evasion abilities, items, and moves are banned\n|rule|Evasion Abilities Clause: Evasion abilities are banned\n|rule|Evasion Items Clause: Evasion items are banned\n|rule|Evasion Moves Clause: Evasion moves are banned\n|rule|Species Clause: Limit one of each Pok\u00e9mon\n|rule|Sleep Clause Mod: Limit one foe put to sleep\n|clearpoke\n|poke|p1|Zamazenta-*|\n|poke|p1|Falinks|\n|poke|p1|Mienshao, M|\n|poke|p1|Great Tusk|\n|poke|p1|Medicham, F|\n|poke|p1|Iron Hands|\n|poke|p2|Absol, M|\n|poke|p2|Sableye, M|\n|poke|p2|Hoopa-Unbound|\n|poke|p2|Greninja-*, M|\n|poke|p2|Aerodactyl, M|\n|poke|p2|Corviknight, F|\n|teampreview\n|\n|t:|1700826125\n|start\n|switch|p1a: Hermes|Mienshao, M|100\/100\n|switch|p2a: Absol|Absol, M|100\/100\n|turn|1\n|\n|t:|1700826135\n|-terastallize|p2a: Absol|Fairy\n|move|p1a: Hermes|Close Combat|p2a: Absol\n|-resisted|p2a: Absol\n|-damage|p2a: Absol|40\/100\n|-unboost|p1a: Hermes|def|1\n|-unboost|p1a: Hermes|spd|1\n|move|p2a: Absol|Play Rough|p1a: Hermes\n|-supereffective|p1a: Hermes\n|-damage|p1a: Hermes|0 fnt\n|faint|p1a: Hermes\n|\n|upkeep\n|\n|t:|1700826150\n|switch|p1a: Athena|Medicham, F|100\/100\n|turn|2\n|\n|t:|1700826161\n|detailschange|p1a: Athena|Medicham-Mega, F\n|-mega|p1a: Athena|Medicham|Medichamite\n|move|p1a: Athena|Fake Out|p2a: Absol\n|-damage|p2a: Absol|0 fnt\n|faint|p2a: Absol\n|\n|upkeep\n|\n|t:|1700826181\n|switch|p2a: Corviknight|Corviknight, F, shiny|100\/100\n|turn|3\n|\n|t:|1700826187\n|move|p1a: Athena|Close Combat|p2a: Corviknight\n|-damage|p2a: Corviknight|17\/100\n|-unboost|p1a: Athena|def|1\n|-unboost|p1a: Athena|spd|1\n|-damage|p1a: Athena|84\/100|[from] item: Rocky Helmet|[of] p2a: Corviknight\n|move|p2a: Corviknight|Bulk Up|p2a: Corviknight\n|-boost|p2a: Corviknight|atk|1\n|-boost|p2a: Corviknight|def|1\n|\n|upkeep\n|turn|4\n|\n|t:|1700826198\n|move|p1a: Athena|Close Combat|p2a: Corviknight\n|-damage|p2a: Corviknight|0 fnt\n|-unboost|p1a: Athena|def|1\n|-unboost|p1a: Athena|spd|1\n|-damage|p1a: Athena|68\/100|[from] item: Rocky Helmet|[of] p2a: Corviknight\n|faint|p2a: Corviknight\n|\n|upkeep\n|\n|t:|1700826221\n|switch|p2a: Aerodactyl|Aerodactyl, M|100\/100\n|turn|5\n|\n|t:|1700826234\n|switch|p1a: Ares|Zamazenta|100\/100\n|-ability|p1a: Ares|Dauntless Shield|boost\n|-boost|p1a: Ares|def|1\n|detailschange|p2a: Aerodactyl|Aerodactyl-Mega, M\n|-mega|p2a: Aerodactyl|Aerodactyl|Aerodactylite\n|move|p2a: Aerodactyl|Dual Wingbeat|p1a: Ares\n|-supereffective|p1a: Ares\n|-damage|p1a: Ares|68\/100\n|-supereffective|p1a: Ares\n|-damage|p1a: Ares|37\/100\n|-hitcount|p1a: Ares|2\n|\n|upkeep\n|turn|6\n|\n|t:|1700826247\n|move|p2a: Aerodactyl|Dual Wingbeat|p1a: Ares|[miss]\n|-miss|p2a: Aerodactyl|p1a: Ares\n|move|p1a: Ares|Close Combat|p2a: Aerodactyl\n|-damage|p2a: Aerodactyl|22\/100\n|-unboost|p1a: Ares|def|1\n|-unboost|p1a: Ares|spd|1\n|\n|upkeep\n|turn|7\n|\n|t:|1700826257\n|move|p2a: Aerodactyl|Dual Wingbeat|p1a: Ares\n|-supereffective|p1a: Ares\n|-damage|p1a: Ares|0 fnt\n|faint|p1a: Ares\n|-hitcount|p1: Ares|1\n|\n|upkeep\n|\n|t:|1700826264\n|switch|p1a: Zeus|Iron Hands|100\/100\n|turn|8\n|\n|t:|1700826275\n|move|p1a: Zeus|Fake Out|p2a: Aerodactyl\n|-resisted|p2a: Aerodactyl\n|-damage|p2a: Aerodactyl|10\/100\n|cant|p2a: Aerodactyl|flinch\n|\n|upkeep\n|turn|9\n|\n|t:|1700826282\n|move|p2a: Aerodactyl|Earthquake|p1a: Zeus\n|-supereffective|p1a: Zeus\n|-damage|p1a: Zeus|55\/100\n|move|p1a: Zeus|Ice Punch|p2a: Aerodactyl\n|-supereffective|p2a: Aerodactyl\n|-damage|p2a: Aerodactyl|0 fnt\n|faint|p2a: Aerodactyl\n|\n|-heal|p1a: Zeus|61\/100|[from] item: Leftovers\n|upkeep\n|\n|t:|1700826299\n|switch|p2a: Greninja|Greninja, M|100\/100\n|turn|10\n|\n|t:|1700826304\n|move|p2a: Greninja|Extrasensory|p1a: Zeus\n|-supereffective|p1a: Zeus\n|-damage|p1a: Zeus|6\/100\n|-damage|p2a: Greninja|91\/100|[from] item: Life Orb\n|cant|p1a: Zeus|flinch\n|\n|-heal|p1a: Zeus|12\/100|[from] item: Leftovers\n|upkeep\n|turn|11\n|\n|t:|1700826316\n|move|p2a: Greninja|Extrasensory|p1a: Zeus\n|-supereffective|p1a: Zeus\n|-damage|p1a: Zeus|0 fnt\n|faint|p1a: Zeus\n|-end|p1a: Zeus|Quark Drive|[silent]\n|-ability|p2a: Greninja|Battle Bond|boost\n|-boost|p2a: Greninja|atk|1\n|-boost|p2a: Greninja|spa|1\n|-boost|p2a: Greninja|spe|1\n|-activate|p2a: Greninja|ability: Battle Bond\n|-damage|p2a: Greninja|81\/100|[from] item: Life Orb\n|\n|upkeep\n|\n|t:|1700826337\n|switch|p1a: Apollo|Falinks|100\/100\n|turn|12\n|\n|t:|1700826348\n|move|p2a: Greninja|Extrasensory|p1a: Apollo\n|-supereffective|p1a: Apollo\n|-enditem|p1a: Apollo|Focus Sash\n|-damage|p1a: Apollo|1\/100\n|-damage|p2a: Greninja|71\/100|[from] item: Life Orb\n|move|p1a: Apollo|Close Combat|p2a: Greninja\n|-supereffective|p2a: Greninja\n|-damage|p2a: Greninja|0 fnt\n|-unboost|p1a: Apollo|def|1\n|-unboost|p1a: Apollo|spd|1\n|faint|p2a: Greninja\n|\n|upkeep\n|\n|t:|1700826383\n|switch|p2a: Sableye|Sableye, M|100\/100\n|turn|13\n|\n|t:|1700826392\n|move|p2a: Sableye|Will-O-Wisp|p1a: Apollo\n|-status|p1a: Apollo|brn\n|move|p1a: Apollo|Throat Chop|p2a: Sableye\n|-damage|p2a: Sableye|88\/100\n|-start|p2a: Sableye|Throat Chop|[silent]\n|\n|-heal|p2a: Sableye|94\/100|[from] item: Leftovers\n|-damage|p1a: Apollo|0 fnt|[from] brn\n|faint|p1a: Apollo\n|upkeep\n|\n|t:|1700826405\n|switch|p1a: Athena|Medicham-Mega, F|68\/100\n|turn|14\n|\n|t:|1700826425\n|move|p2a: Sableye|Will-O-Wisp|p1a: Athena|[miss]\n|-miss|p2a: Sableye|p1a: Athena\n|move|p1a: Athena|Toxic|p2a: Sableye\n|-status|p2a: Sableye|tox\n|\n|-heal|p2a: Sableye|100\/100 tox|[from] item: Leftovers\n|-damage|p2a: Sableye|94\/100 tox|[from] psn\n|-end|p2a: Sableye|Throat Chop|[silent]\n|upkeep\n|turn|15\n|\n|t:|1700826442\n|move|p2a: Sableye|Will-O-Wisp|p1a: Athena\n|-status|p1a: Athena|brn\n|move|p1a: Athena|Close Combat|p2a: Sableye\n|-immune|p2a: Sableye\n|\n|-heal|p2a: Sableye|100\/100 tox|[from] item: Leftovers\n|-damage|p2a: Sableye|88\/100 tox|[from] psn\n|-damage|p1a: Athena|61\/100 brn|[from] brn\n|upkeep\n|turn|16\n|\n|t:|1700826454\n|move|p1a: Athena|Close Combat|p2a: Sableye\n|-immune|p2a: Sableye\n|move|p2a: Sableye|Knock Off|p1a: Athena\n|-damage|p1a: Athena|32\/100 brn\n|\n|-heal|p2a: Sableye|94\/100 tox|[from] item: Leftovers\n|-damage|p2a: Sableye|75\/100 tox|[from] psn\n|-damage|p1a: Athena|26\/100 brn|[from] brn\n|upkeep\n|turn|17\n|\n|t:|1700826468\n|move|p2a: Sableye|Confuse Ray|p1a: Athena\n|-start|p1a: Athena|confusion\n|-activate|p1a: Athena|confusion\n|-damage|p1a: Athena|9\/100 brn|[from] confusion\n|\n|-heal|p2a: Sableye|82\/100 tox|[from] item: Leftovers\n|-damage|p2a: Sableye|57\/100 tox|[from] psn\n|-damage|p1a: Athena|3\/100 brn|[from] brn\n|upkeep\n|turn|18\n|\n|t:|1700826479\n|move|p2a: Sableye|Recover|p2a: Sableye\n|-heal|p2a: Sableye|100\/100 tox\n|-activate|p1a: Athena|confusion\n|-damage|p1a: Athena|0 fnt|[from] confusion\n|faint|p1a: Athena\n|\n|-damage|p2a: Sableye|69\/100 tox|[from] psn\n|upkeep\n|\n|t:|1700826488\n|switch|p1a: Hephaestus|Great Tusk|100\/100\n|turn|19\n|\n|t:|1700826500\n|move|p2a: Sableye|Will-O-Wisp|p1a: Hephaestus\n|-status|p1a: Hephaestus|brn\n|move|p1a: Hephaestus|Heavy Slam|p2a: Sableye\n|-damage|p2a: Sableye|46\/100 tox\n|\n|-heal|p2a: Sableye|52\/100 tox|[from] item: Leftovers\n|-damage|p2a: Sableye|15\/100 tox|[from] psn\n|-damage|p1a: Hephaestus|94\/100 brn|[from] brn\n|upkeep\n|turn|20\n|\n|t:|1700826512\n|move|p2a: Sableye|Confuse Ray|p1a: Hephaestus\n|-start|p1a: Hephaestus|confusion\n|-activate|p1a: Hephaestus|confusion\n|move|p1a: Hephaestus|Heavy Slam|p2a: Sableye\n|-damage|p2a: Sableye|0 fnt\n|faint|p2a: Sableye\n|\n|-damage|p1a: Hephaestus|88\/100 brn|[from] brn\n|upkeep\n|\n|t:|1700826522\n|switch|p2a: Hoopa|Hoopa-Unbound|100\/100\n|turn|21\n|\n|t:|1700826531\n|move|p2a: Hoopa|Zen Headbutt|p1a: Hephaestus\n|-supereffective|p1a: Hephaestus\n|-damage|p1a: Hephaestus|5\/100 brn\n|-end|p1a: Hephaestus|confusion\n|move|p1a: Hephaestus|Close Combat|p2a: Hoopa\n|-damage|p2a: Hoopa|42\/100\n|-unboost|p1a: Hephaestus|def|1\n|-unboost|p1a: Hephaestus|spd|1\n|\n|-damage|p1a: Hephaestus|0 fnt|[from] brn\n|faint|p1a: Hephaestus\n|-end|p1a: Hephaestus|Protosynthesis|[silent]\n|\n|win|dio7oiant\n|upkeep\n|raw|WhyUsernameNotWork's rating: 1000 &rarr; <strong>1000<\/strong><br \/>(+0 for losing)\n|raw|dio7oiant's rating: 1095 &rarr; <strong>1114<\/strong><br \/>(+19 for winning)\n|l|\u2606WhyUsernameNotWork\n|c|\u2606dio7oiant|gg\n","uploadtime":1700826556,"views":1,"p1id":"whyusernamenotwork","p2id":"dio7oiant","formatid":"gen9nationaldex","rating":1000,"private":0,"password":""}