{"id":"gen9nationaldex-1987292189","p1":"justjoshjosh","p2":"Liberal tyranitars","format":"[Gen 9] National Dex","log":"|j|\u2606justjoshjosh\n|j|\u2606Liberal tyranitars\n|t:|1699573945\n|gametype|singles\n|player|p1|justjoshjosh|265|\n|player|p2|Liberal tyranitars|1|\n|teamsize|p1|6\n|teamsize|p2|6\n|gen|9\n|tier|[Gen 9] National Dex\n|rule|HP Percentage Mod: HP is shown in percentages\n|rule|Endless Battle Clause: Forcing endless battles is banned\n|rule|OHKO Clause: OHKO moves are banned\n|rule|Evasion Clause: Evasion abilities, items, and moves are banned\n|rule|Evasion Abilities Clause: Evasion abilities are banned\n|rule|Evasion Items Clause: Evasion items are banned\n|rule|Evasion Moves Clause: Evasion moves are banned\n|rule|Species Clause: Limit one of each Pok\u00e9mon\n|rule|Sleep Clause Mod: Limit one foe put to sleep\n|clearpoke\n|poke|p1|Aerodactyl, F|\n|poke|p1|Mamoswine, F|\n|poke|p1|Toxapex, M|\n|poke|p1|Conkeldurr, M|\n|poke|p1|Metagross|\n|poke|p1|Meganium, F|\n|poke|p2|Tyranitar, F|\n|poke|p2|Dracozolt|\n|poke|p2|Gigalith, M|\n|poke|p2|Houndstone, F|\n|poke|p2|Goodra-Hisui, M|\n|poke|p2|Empoleon, F|\n|teampreview\n|\n|t:|1699573981\n|start\n|switch|p1a: Sasori|Toxapex, M, shiny|100\/100\n|switch|p2a: Gigalith|Gigalith, M|100\/100\n|-weather|Sandstorm|[from] ability: Sand Stream|[of] p2a: Gigalith\n|turn|1\n|\n|t:|1699574006\n|move|p1a: Sasori|Magic Coat|p1a: Sasori\n|-singleturn|p1a: Sasori|move: Magic Coat\n|move|p2a: Gigalith|Explosion|p1a: Sasori\n|-damage|p1a: Sasori|44\/100\n|faint|p2a: Gigalith\n|\n|-weather|Sandstorm|[upkeep]\n|-damage|p1a: Sasori|37\/100|[from] Sandstorm\n|-heal|p1a: Sasori|44\/100|[from] item: Black Sludge\n|upkeep\n|\n|t:|1699574030\n|switch|p2a: Houndstone|Houndstone, F|100\/100\n|turn|2\n|\n|t:|1699574056\n|move|p1a: Sasori|Baneful Bunker|p1a: Sasori\n|-singleturn|p1a: Sasori|move: Protect\n|move|p2a: Houndstone|Poltergeist|p1a: Sasori\n|-activate|p1a: Sasori|move: Protect\n|\n|-weather|Sandstorm|[upkeep]\n|-damage|p1a: Sasori|37\/100|[from] Sandstorm\n|-heal|p1a: Sasori|44\/100|[from] item: Black Sludge\n|upkeep\n|turn|3\n|\n|t:|1699574115\n|move|p2a: Houndstone|Poltergeist|p1a: Sasori\n|-activate|p1a: Sasori|move: Poltergeist|Black Sludge\n|-damage|p1a: Sasori|13\/100\n|move|p1a: Sasori|Hail|p1a: Sasori\n|-weather|Hail\n|\n|-weather|Hail|[upkeep]\n|-damage|p2a: Houndstone|95\/100|[from] Hail\n|-damage|p1a: Sasori|6\/100|[from] Hail\n|-heal|p1a: Sasori|13\/100|[from] item: Black Sludge\n|upkeep\n|turn|4\n|\n|t:|1699574145\n|move|p2a: Houndstone|Ice Fang|p1a: Sasori\n|-resisted|p1a: Sasori\n|-damage|p1a: Sasori|7\/100\n|move|p1a: Sasori|Recover|p1a: Sasori\n|-heal|p1a: Sasori|57\/100\n|\n|-weather|Hail|[upkeep]\n|-damage|p2a: Houndstone|89\/100|[from] Hail\n|-damage|p1a: Sasori|51\/100|[from] Hail\n|-heal|p1a: Sasori|57\/100|[from] item: Black Sludge\n|upkeep\n|turn|5\n|\n|t:|1699574160\n|switch|p2a: Tyranitar|Tyranitar, F|100\/100\n|-weather|Sandstorm|[from] ability: Sand Stream|[of] p2a: Tyranitar\n|move|p1a: Sasori|Baneful Bunker||[still]\n|-fail|p1a: Sasori\n|\n|-weather|Sandstorm|[upkeep]\n|-damage|p1a: Sasori|51\/100|[from] Sandstorm\n|-heal|p1a: Sasori|57\/100|[from] item: Black Sludge\n|upkeep\n|turn|6\n|\n|t:|1699574205\n|detailschange|p2a: Tyranitar|Tyranitar-Mega, F\n|-mega|p2a: Tyranitar|Tyranitar|Tyranitarite\n|move|p1a: Sasori|Baneful Bunker|p1a: Sasori\n|-singleturn|p1a: Sasori|move: Protect\n|move|p2a: Tyranitar|Knock Off|p1a: Sasori\n|-activate|p1a: Sasori|move: Protect\n|-status|p2a: Tyranitar|psn\n|\n|-weather|Sandstorm|[upkeep]\n|-damage|p1a: Sasori|51\/100|[from] Sandstorm\n|-heal|p1a: Sasori|57\/100|[from] item: Black Sludge\n|-damage|p2a: Tyranitar|88\/100 psn|[from] psn\n|upkeep\n|turn|7\n|\n|t:|1699574220\n|move|p2a: Tyranitar|Knock Off|p1a: Sasori\n|-damage|p1a: Sasori|16\/100\n|-enditem|p1a: Sasori|Black Sludge|[from] move: Knock Off|[of] p2a: Tyranitar\n|move|p1a: Sasori|Hail|p1a: Sasori\n|-weather|Hail\n|\n|-weather|Hail|[upkeep]\n|-damage|p2a: Tyranitar|82\/100 psn|[from] Hail\n|-damage|p1a: Sasori|9\/100|[from] Hail\n|-damage|p2a: Tyranitar|70\/100 psn|[from] psn\n|upkeep\n|turn|8\n|\n|t:|1699574238\n|switch|p2a: Empoleon|Empoleon, F|100\/100\n|move|p1a: Sasori|Recover|p1a: Sasori\n|-heal|p1a: Sasori|59\/100\n|\n|-weather|Hail|[upkeep]\n|-damage|p2a: Empoleon|94\/100|[from] Hail\n|-damage|p1a: Sasori|53\/100|[from] Hail\n|upkeep\n|turn|9\n|\n|t:|1699574257\n|move|p1a: Sasori|Baneful Bunker|p1a: Sasori\n|-singleturn|p1a: Sasori|move: Protect\n|move|p2a: Empoleon|Flash Cannon|p1a: Sasori\n|-activate|p1a: Sasori|move: Protect\n|\n|-weather|Hail|[upkeep]\n|-damage|p2a: Empoleon|88\/100|[from] Hail\n|-damage|p1a: Sasori|47\/100|[from] Hail\n|upkeep\n|turn|10\n|\n|t:|1699574298\n|move|p2a: Empoleon|Flash Cannon|p1a: Sasori\n|-resisted|p1a: Sasori\n|-damage|p1a: Sasori|30\/100\n|move|p1a: Sasori|Recover|p1a: Sasori\n|-heal|p1a: Sasori|80\/100\n|\n|-weather|Hail|[upkeep]\n|-damage|p2a: Empoleon|82\/100|[from] Hail\n|-damage|p1a: Sasori|74\/100|[from] Hail\n|upkeep\n|turn|11\n|\n|t:|1699574338\n|switch|p2a: Dracozolt|Dracozolt|100\/100\n|switch|p1a: Buggy|Conkeldurr, M, shiny|100\/100\n|\n|-weather|none\n|-status|p1a: Buggy|brn|[from] item: Flame Orb\n|upkeep\n|turn|12\n|\n|t:|1699574381\n|move|p2a: Dracozolt|Fire Fang|p1a: Buggy\n|-damage|p1a: Buggy|83\/100 brn\n|move|p1a: Buggy|Earthquake|p2a: Dracozolt\n|-supereffective|p2a: Dracozolt\n|-damage|p2a: Dracozolt|0 fnt\n|faint|p2a: Dracozolt\n|\n|-damage|p1a: Buggy|77\/100 brn|[from] brn\n|upkeep\n|c|\u2606justjoshjosh|this is intense haha\n|\n|t:|1699574398\n|switch|p2a: Houndstone|Houndstone, F|89\/100\n|turn|13\n|\n|t:|1699574404\n|move|p2a: Houndstone|Play Rough|p1a: Buggy\n|-supereffective|p1a: Buggy\n|-damage|p1a: Buggy|31\/100 brn\n|move|p1a: Buggy|Earthquake|p2a: Houndstone\n|-damage|p2a: Houndstone|14\/100\n|\n|-damage|p1a: Buggy|25\/100 brn|[from] brn\n|upkeep\n|turn|14\n|\n|t:|1699574423\n|move|p2a: Houndstone|Poltergeist|p1a: Buggy\n|-activate|p1a: Buggy|move: Poltergeist|Flame Orb\n|-damage|p1a: Buggy|0 fnt\n|faint|p1a: Buggy\n|\n|upkeep\n|\n|t:|1699574436\n|switch|p1a: Mei|Mamoswine, F|100\/100\n|turn|15\n|\n|t:|1699574454\n|move|p1a: Mei|Earthquake|p2a: Houndstone\n|-damage|p2a: Houndstone|0 fnt\n|faint|p2a: Houndstone\n|\n|upkeep\n|\n|t:|1699574467\n|switch|p2a: Tyranitar|Tyranitar-Mega, F|70\/100 psn\n|-weather|Sandstorm|[from] ability: Sand Stream|[of] p2a: Tyranitar\n|turn|16\n|\n|t:|1699574476\n|move|p1a: Mei|Earthquake|p2a: Tyranitar\n|-supereffective|p2a: Tyranitar\n|-damage|p2a: Tyranitar|0 fnt\n|faint|p2a: Tyranitar\n|\n|-weather|Sandstorm|[upkeep]\n|upkeep\n|\n|t:|1699574483\n|switch|p2a: Empoleon|Empoleon, F|82\/100\n|turn|17\n|\n|t:|1699574490\n|move|p1a: Mei|Earthquake|p2a: Empoleon\n|-supereffective|p2a: Empoleon\n|-damage|p2a: Empoleon|0 fnt\n|faint|p2a: Empoleon\n|\n|-weather|Sandstorm|[upkeep]\n|upkeep\n|\n|t:|1699574496\n|switch|p2a: Goodra|Goodra-Hisui, M|100\/100\n|turn|18\n|\n|t:|1699574508\n|move|p1a: Mei|Earthquake|p2a: Goodra\n|-supereffective|p2a: Goodra\n|-damage|p2a: Goodra|0 fnt\n|faint|p2a: Goodra\n|\n|win|justjoshjosh\n|c|\u2606justjoshjosh|Good game\n|l|\u2606Liberal tyranitars\n|j|\u2606Liberal tyranitars\n|player|p2|Liberal tyranitars|1\n","uploadtime":1699574541,"views":54,"p1id":"justjoshjosh","p2id":"liberaltyranitars","formatid":"gen9nationaldex","rating":0,"private":0,"password":""}