{"id":"gen9nationaldex-1993853609","p1":"VinnyTheRose","p2":"Chidi Odume","format":"[Gen 9] National Dex","log":"|j|\u2606VinnyTheRose\n|j|\u2606Chidi Odume\n|t:|1700365573\n|gametype|singles\n|player|p1|VinnyTheRose|doubleteam|1361\n|player|p2|Chidi Odume|265|1418\n|teamsize|p1|6\n|teamsize|p2|6\n|gen|9\n|tier|[Gen 9] National Dex\n|rated|\n|rule|HP Percentage Mod: HP is shown in percentages\n|rule|Endless Battle Clause: Forcing endless battles is banned\n|rule|OHKO Clause: OHKO moves are banned\n|rule|Evasion Clause: Evasion abilities, items, and moves are banned\n|rule|Evasion Abilities Clause: Evasion abilities are banned\n|rule|Evasion Items Clause: Evasion items are banned\n|rule|Evasion Moves Clause: Evasion moves are banned\n|rule|Species Clause: Limit one of each Pok\u00e9mon\n|rule|Sleep Clause Mod: Limit one foe put to sleep\n|clearpoke\n|poke|p1|Rillaboom, M|\n|poke|p1|Skeledirge, M|\n|poke|p1|Rotom-Wash|\n|poke|p1|Jirachi|\n|poke|p1|Gardevoir, F|\n|poke|p1|Volcarona, M|\n|poke|p2|Hatterene, F|\n|poke|p2|Gliscor, M|\n|poke|p2|Toxapex, M|\n|poke|p2|Heatran, F|\n|poke|p2|Medicham, M|\n|poke|p2|Ferrothorn, M|\n|teampreview\n|inactive|Battle timer is ON: inactive players will automatically lose when time's up. (requested by VinnyTheRose)\n|l|\u2606Chidi Odume\n|inactive|Chidi Odume disconnected and has a minute to reconnect!\n|player|p2|\n|j|\u2606Chidi Odume\n|inactive|Chidi Odume reconnected and has 130 seconds left.\n|player|p2|Chidi Odume|265\n|\n|t:|1700365603\n|start\n|switch|p1a: Skeledirge|Skeledirge, M|100\/100\n|switch|p2a: Captain Magma|Heatran, F|100\/100\n|turn|1\n|\n|t:|1700365618\n|switch|p1a: Gardevoir|Gardevoir, F|100\/100\n|-ability|p1a: Gardevoir|Flash Fire|[from] ability: Trace|[of] p2a: Captain Magma\n|-terastallize|p2a: Captain Magma|Bug\n|move|p2a: Captain Magma|Stealth Rock|p1a: Gardevoir\n|-sidestart|p1: VinnyTheRose|move: Stealth Rock\n|\n|upkeep\n|turn|2\n|\n|t:|1700365640\n|switch|p2a: Mad Hatter|Hatterene, F, shiny|100\/100\n|detailschange|p1a: Gardevoir|Gardevoir-Mega, F\n|-mega|p1a: Gardevoir|Gardevoir|Gardevoirite\n|move|p1a: Gardevoir|Psyshock|p2a: Mad Hatter\n|-resisted|p2a: Mad Hatter\n|-damage|p2a: Mad Hatter|73\/100\n|\n|upkeep\n|turn|3\n|\n|t:|1700365647\n|move|p1a: Gardevoir|Hyper Voice|p2a: Mad Hatter\n|-damage|p2a: Mad Hatter|5\/100\n|move|p2a: Mad Hatter|Mystical Fire|p1a: Gardevoir\n|-damage|p1a: Gardevoir|74\/100\n|-unboost|p1a: Gardevoir|spa|1\n|\n|upkeep\n|turn|4\n|\n|t:|1700365654\n|move|p1a: Gardevoir|Hyper Voice|p2a: Mad Hatter\n|-damage|p2a: Mad Hatter|0 fnt\n|faint|p2a: Mad Hatter\n|\n|upkeep\n|\n|t:|1700365656\n|switch|p2a: Captain Magma|Heatran, F, tera:Bug|100\/100\n|turn|5\n|\n|t:|1700365670\n|switch|p1a: Rillaboom|Rillaboom, M|100\/100\n|-damage|p1a: Rillaboom|88\/100|[from] Stealth Rock\n|-fieldstart|move: Grassy Terrain|[from] ability: Grassy Surge|[of] p1a: Rillaboom\n|move|p2a: Captain Magma|Magma Storm|p1a: Rillaboom\n|-supereffective|p1a: Rillaboom\n|-damage|p1a: Rillaboom|0 fnt\n|faint|p1a: Rillaboom\n|\n|upkeep\n|\n|t:|1700365676\n|switch|p1a: Rotom|Rotom-Wash|100\/100\n|-damage|p1a: Rotom|88\/100|[from] Stealth Rock\n|turn|6\n|\n|t:|1700365681\n|move|p1a: Rotom|Thunder Wave|p2a: Captain Magma\n|-status|p2a: Captain Magma|par\n|move|p2a: Captain Magma|Taunt|p1a: Rotom\n|-start|p1a: Rotom|move: Taunt\n|\n|-heal|p1a: Rotom|94\/100|[from] item: Leftovers\n|upkeep\n|turn|7\n|\n|t:|1700365687\n|move|p1a: Rotom|Hydro Pump|p2a: Captain Magma|[miss]\n|-miss|p1a: Rotom|p2a: Captain Magma\n|move|p2a: Captain Magma|Magma Storm|p1a: Rotom\n|-resisted|p1a: Rotom\n|-damage|p1a: Rotom|73\/100\n|-activate|p1a: Rotom|move: Magma Storm|[of] p2a: Captain Magma\n|\n|-heal|p1a: Rotom|79\/100|[from] item: Leftovers\n|-damage|p1a: Rotom|67\/100|[from] move: Magma Storm|[partiallytrapped]\n|upkeep\n|turn|8\n|\n|t:|1700365693\n|move|p1a: Rotom|Volt Switch|p2a: Captain Magma\n|-damage|p2a: Captain Magma|80\/100 par\n|\n|t:|1700365699\n|switch|p1a: Jirachi|Jirachi|100\/100|[from] Volt Switch\n|-damage|p1a: Jirachi|94\/100|[from] Stealth Rock\n|cant|p2a: Captain Magma|par\n|\n|-heal|p1a: Jirachi|100\/100|[from] Grassy Terrain\n|-heal|p2a: Captain Magma|86\/100 par|[from] Grassy Terrain\n|-heal|p2a: Captain Magma|92\/100 par|[from] item: Leftovers\n|upkeep\n|turn|9\n|\n|t:|1700365707\n|switch|p2a: Father|Ferrothorn, M|100\/100\n|move|p1a: Jirachi|Iron Head|p2a: Father\n|-resisted|p2a: Father\n|-damage|p2a: Father|87\/100\n|-damage|p1a: Jirachi|88\/100|[from] ability: Iron Barbs|[of] p2a: Father\n|-damage|p1a: Jirachi|72\/100|[from] item: Rocky Helmet|[of] p2a: Father\n|\n|-heal|p1a: Jirachi|78\/100|[from] Grassy Terrain\n|-heal|p2a: Father|93\/100|[from] Grassy Terrain\n|-fieldend|move: Grassy Terrain\n|upkeep\n|turn|10\n|\n|t:|1700365718\n|switch|p1a: Skeledirge|Skeledirge, M|100\/100\n|move|p2a: Father|Leech Seed|p1a: Skeledirge\n|-start|p1a: Skeledirge|move: Leech Seed\n|\n|-damage|p1a: Skeledirge|88\/100|[from] Leech Seed|[of] p2a: Father\n|-heal|p2a: Father|100\/100|[silent]\n|upkeep\n|turn|11\n|inactive|VinnyTheRose has 120 seconds left.\n|inactive|VinnyTheRose has 90 seconds left.\n|\n|t:|1700365785\n|switch|p2a: Captain Magma|Heatran, F, tera:Bug|92\/100 par\n|move|p1a: Skeledirge|Hex|p2a: Captain Magma\n|-damage|p2a: Captain Magma|54\/100 par\n|\n|-heal|p2a: Captain Magma|60\/100 par|[from] item: Leftovers\n|-damage|p1a: Skeledirge|76\/100|[from] Leech Seed|[of] p2a: Captain Magma\n|-heal|p2a: Captain Magma|73\/100 par|[silent]\n|upkeep\n|turn|12\n|\n|t:|1700365797\n|switch|p2a: Get over here|Gliscor, M|100\/100\n|move|p1a: Skeledirge|Hex|p2a: Get over here\n|-damage|p2a: Get over here|70\/100\n|\n|-damage|p1a: Skeledirge|63\/100|[from] Leech Seed|[of] p2a: Get over here\n|-heal|p2a: Get over here|86\/100|[silent]\n|-status|p2a: Get over here|tox|[from] item: Toxic Orb\n|upkeep\n|turn|13\n|\n|t:|1700365805\n|move|p2a: Get over here|Fling|p1a: Skeledirge\n|-supereffective|p1a: Skeledirge\n|-damage|p1a: Skeledirge|53\/100\n|-status|p1a: Skeledirge|tox\n|-enditem|p2a: Get over here|Toxic Orb|[from] move: Fling\n|move|p1a: Skeledirge|Hex|p2a: Get over here\n|-damage|p2a: Get over here|24\/100 tox\n|\n|-damage|p1a: Skeledirge|41\/100 tox|[from] Leech Seed|[of] p2a: Get over here\n|-heal|p2a: Get over here|41\/100 tox|[silent]\n|-heal|p2a: Get over here|53\/100 tox|[from] ability: Poison Heal\n|-damage|p1a: Skeledirge|35\/100 tox|[from] psn\n|upkeep\n|turn|14\n|\n|t:|1700365816\n|move|p2a: Get over here|Earthquake|p1a: Skeledirge\n|-supereffective|p1a: Skeledirge\n|-damage|p1a: Skeledirge|0 fnt\n|faint|p1a: Skeledirge\n|\n|-heal|p2a: Get over here|65\/100 tox|[from] ability: Poison Heal\n|upkeep\n|\n|t:|1700365823\n|switch|p1a: Rotom|Rotom-Wash|67\/100\n|-damage|p1a: Rotom|54\/100|[from] Stealth Rock\n|turn|15\n|\n|t:|1700365827\n|switch|p2a: Father|Ferrothorn, M|100\/100\n|move|p1a: Rotom|Hydro Pump|p2a: Father\n|-resisted|p2a: Father\n|-damage|p2a: Father|89\/100\n|\n|-heal|p1a: Rotom|60\/100|[from] item: Leftovers\n|upkeep\n|turn|16\n|\n|t:|1700365830\n|move|p1a: Rotom|Thunder Wave|p2a: Father\n|-status|p2a: Father|par\n|move|p2a: Father|Leech Seed|p1a: Rotom\n|-start|p1a: Rotom|move: Leech Seed\n|\n|-heal|p1a: Rotom|67\/100|[from] item: Leftovers\n|-damage|p1a: Rotom|54\/100|[from] Leech Seed|[of] p2a: Father\n|-heal|p2a: Father|99\/100 par|[silent]\n|upkeep\n|turn|17\n|\n|t:|1700365835\n|switch|p2a: Get over here|Gliscor, M|65\/100 tox\n|move|p1a: Rotom|Defog|p2a: Get over here\n|-unboost|p2a: Get over here|evasion|1\n|-sideend|p1: VinnyTheRose|Stealth Rock|[from] move: Defog|[of] p1a: Rotom\n|\n|-heal|p1a: Rotom|60\/100|[from] item: Leftovers\n|-damage|p1a: Rotom|48\/100|[from] Leech Seed|[of] p2a: Get over here\n|-heal|p2a: Get over here|78\/100 tox|[silent]\n|-heal|p2a: Get over here|90\/100 tox|[from] ability: Poison Heal\n|upkeep\n|turn|18\n|\n|t:|1700365841\n|switch|p2a: Why u hate me|Toxapex, M, shiny|100\/100\n|move|p1a: Rotom|Hydro Pump|p2a: Why u hate me\n|-resisted|p2a: Why u hate me\n|-damage|p2a: Why u hate me|85\/100\n|\n|-heal|p1a: Rotom|54\/100|[from] item: Leftovers\n|-damage|p1a: Rotom|42\/100|[from] Leech Seed|[of] p2a: Why u hate me\n|-heal|p2a: Why u hate me|97\/100|[silent]\n|upkeep\n|turn|19\n|\n|t:|1700365848\n|move|p1a: Rotom|Volt Switch|p2a: Why u hate me\n|-supereffective|p2a: Why u hate me\n|-damage|p2a: Why u hate me|52\/100\n|\n|t:|1700365854\n|switch|p1a: Jirachi|Jirachi|78\/100|[from] Volt Switch\n|move|p2a: Why u hate me|Acid Spray|p1a: Jirachi\n|-immune|p1a: Jirachi\n|\n|upkeep\n|turn|20\n|\n|t:|1700365862\n|switch|p2a: Get over here|Gliscor, M|90\/100 tox\n|move|p1a: Jirachi|U-turn|p2a: Get over here\n|-resisted|p2a: Get over here\n|-damage|p2a: Get over here|81\/100 tox\n|\n|t:|1700365869\n|switch|p1a: Gardevoir|Gardevoir-Mega, F|74\/100|[from] U-turn\n|\n|-heal|p2a: Get over here|93\/100 tox|[from] ability: Poison Heal\n|upkeep\n|turn|21\n|\n|t:|1700365874\n|move|p1a: Gardevoir|Hyper Voice|p2a: Get over here\n|-damage|p2a: Get over here|1\/100 tox\n|move|p2a: Get over here|Acrobatics|p1a: Gardevoir\n|-damage|p1a: Gardevoir|2\/100\n|\n|-heal|p2a: Get over here|14\/100 tox|[from] ability: Poison Heal\n|upkeep\n|turn|22\n|\n|t:|1700365884\n|move|p1a: Gardevoir|Hyper Voice|p2a: Get over here\n|-damage|p2a: Get over here|0 fnt\n|faint|p2a: Get over here\n|\n|upkeep\n|\n|t:|1700365890\n|switch|p2a: Father|Ferrothorn, M|99\/100 par\n|turn|23\n|\n|t:|1700365898\n|switch|p1a: Volcarona|Volcarona, M|100\/100\n|switch|p2a: Captain Magma|Heatran, F, tera:Bug|73\/100 par\n|\n|-heal|p2a: Captain Magma|80\/100 par|[from] item: Leftovers\n|upkeep\n|turn|24\n|\n|t:|1700365905\n|move|p1a: Volcarona|Quiver Dance|p1a: Volcarona\n|-boost|p1a: Volcarona|spa|1\n|-boost|p1a: Volcarona|spd|1\n|-boost|p1a: Volcarona|spe|1\n|move|p2a: Captain Magma|Magma Storm|p1a: Volcarona\n|-damage|p1a: Volcarona|57\/100\n|-activate|p1a: Volcarona|move: Magma Storm|[of] p2a: Captain Magma\n|\n|-heal|p2a: Captain Magma|86\/100 par|[from] item: Leftovers\n|-damage|p1a: Volcarona|45\/100|[from] move: Magma Storm|[partiallytrapped]\n|upkeep\n|turn|25\n|\n|t:|1700365920\n|move|p1a: Volcarona|Bug Buzz|p2a: Captain Magma\n|-crit|p2a: Captain Magma\n|-damage|p2a: Captain Magma|0 fnt\n|faint|p2a: Captain Magma\n|\n|-end|p1a: Volcarona|Magma Storm|[partiallytrapped]|[silent]\n|upkeep\n|\n|t:|1700365922\n|switch|p2a: Why u hate me|Toxapex, M, shiny|85\/100\n|turn|26\n|\n|t:|1700365929\n|-terastallize|p1a: Volcarona|Ground\n|move|p1a: Volcarona|Tera Blast|p2a: Why u hate me|[anim] Tera Blast Ground\n|-supereffective|p2a: Why u hate me\n|-crit|p2a: Why u hate me\n|-damage|p2a: Why u hate me|0 fnt\n|faint|p2a: Why u hate me\n|\n|upkeep\n|\n|t:|1700365932\n|switch|p2a: Chief|Medicham, M|100\/100\n|turn|27\n|\n|t:|1700365941\n|detailschange|p2a: Chief|Medicham-Mega, M\n|-mega|p2a: Chief|Medicham|Medichamite\n|move|p1a: Volcarona|Bug Buzz|p2a: Chief\n|-damage|p2a: Chief|0 fnt\n|faint|p2a: Chief\n|\n|upkeep\n|-message|Chidi Odume forfeited.\n|\n|win|VinnyTheRose\n|raw|VinnyTheRose's rating: 1361 &rarr; <strong>1384<\/strong><br \/>(+23 for winning)\n|raw|Chidi Odume's rating: 1418 &rarr; <strong>1395<\/strong><br \/>(-23 for losing)\n|l|\u2606Chidi Odume\n","uploadtime":1700365949,"views":9,"p1id":"vinnytherose","p2id":"chidiodume","formatid":"gen9nationaldex","rating":1384,"private":0,"password":""}