{"id":"gen9nationaldex-1997044979","p1":"Velcroc","p2":"Orangex733","format":"[Gen 9] National Dex","log":"|j|\u2606Velcroc\n|j|\u2606Orangex733\n|t:|1700758954\n|gametype|singles\n|player|p1|Velcroc|theroyal|\n|player|p2|Orangex733|mallow-masters|\n|teamsize|p1|6\n|teamsize|p2|6\n|gen|9\n|tier|[Gen 9] National Dex\n|rated|Tournament battle\n|rule|HP Percentage Mod: HP is shown in percentages\n|rule|Endless Battle Clause: Forcing endless battles is banned\n|rule|OHKO Clause: OHKO moves are banned\n|rule|Evasion Clause: Evasion abilities, items, and moves are banned\n|rule|Evasion Abilities Clause: Evasion abilities are banned\n|rule|Evasion Items Clause: Evasion items are banned\n|rule|Evasion Moves Clause: Evasion moves are banned\n|rule|Species Clause: Limit one of each Pok\u00e9mon\n|rule|Sleep Clause Mod: Limit one foe put to sleep\n|rule|Sleep Moves Clause: Sleep-inducing moves are banned\n|rule|Terastal Clause: You cannot Terastallize\n|clearpoke\n|poke|p1|Ninetales-Alola, F|\n|poke|p1|Silvally-*|\n|poke|p1|Landorus-Therian, M|\n|poke|p1|Baxcalibur, M|\n|poke|p1|Moltres-Galar|\n|poke|p1|Scizor, M|\n|poke|p2|Celesteela|\n|poke|p2|Slowking-Galar, M|\n|poke|p2|Ting-Lu|\n|poke|p2|Alomomola, F|\n|poke|p2|Clefable, F|\n|poke|p2|Latias, F|\n|teampreview\n|inactive|Battle timer is ON: inactive players will automatically lose when time's up. (requested by Orangex733)\n|c|\u2606Velcroc|hf\n|c|\u2606Orangex733|hf\n|c|\u2606Orangex733|not the silvally....\n|inactive|Velcroc has 120 seconds left.\n|\n|t:|1700758994\n|start\n|switch|p1a: Scizor|Scizor, M|100\/100\n|switch|p2a: Slowking|Slowking-Galar, M|100\/100\n|turn|1\n|j| galaxystudios370\n|\n|t:|1700759009\n|switch|p1a: Moltres|Moltres-Galar|100\/100\n|move|p2a: Slowking|Flamethrower|p1a: Moltres\n|-damage|p1a: Moltres|81\/100\n|\n|upkeep\n|turn|2\n|\n|t:|1700759013\n|switch|p2a: Clefable|Clefable, F|100\/100\n|move|p1a: Moltres|Substitute|p1a: Moltres\n|-start|p1a: Moltres|Substitute\n|-damage|p1a: Moltres|56\/100\n|\n|upkeep\n|turn|3\n|\n|t:|1700759017\n|move|p1a: Moltres|Oblivion Wing|p2a: Clefable\n|-damage|p2a: Clefable|66\/100\n|-heal|p1a: Moltres|87\/100|[from] drain|[of] p2a: Clefable\n|move|p2a: Clefable|Moonblast|p1a: Moltres\n|-supereffective|p1a: Moltres\n|-end|p1a: Moltres|Substitute\n|\n|upkeep\n|turn|4\n|\n|t:|1700759027\n|switch|p1a: Scizor|Scizor, M|100\/100\n|move|p2a: Clefable|Moonblast|p1a: Scizor\n|-resisted|p1a: Scizor\n|-damage|p1a: Scizor|80\/100\n|-unboost|p1a: Scizor|spa|1\n|\n|upkeep\n|turn|5\n|\n|t:|1700759033\n|switch|p2a: Celesteela|Celesteela|100\/100\n|detailschange|p1a: Scizor|Scizor-Mega, M\n|-mega|p1a: Scizor|Scizor|Scizorite\n|move|p1a: Scizor|Bullet Punch|p2a: Celesteela\n|-resisted|p2a: Celesteela\n|-damage|p2a: Celesteela|89\/100\n|\n|-heal|p2a: Celesteela|95\/100|[from] item: Leftovers\n|upkeep\n|turn|6\n|\n|t:|1700759043\n|switch|p1a: Ninetales|Ninetales-Alola, F|100\/100\n|-weather|Snow|[from] ability: Snow Warning|[of] p1a: Ninetales\n|-singleturn|p2a: Celesteela|move: Beak Blast\n|move|p2a: Celesteela|Beak Blast|p1a: Ninetales\n|-damage|p1a: Ninetales|69\/100\n|\n|-weather|Snow|[upkeep]\n|-heal|p2a: Celesteela|100\/100|[from] item: Leftovers\n|upkeep\n|turn|7\n|\n|t:|1700759049\n|move|p1a: Ninetales|Aurora Veil|p1a: Ninetales\n|-sidestart|p1: Velcroc|move: Aurora Veil\n|move|p2a: Celesteela|Anchor Shot|p1a: Ninetales\n|-supereffective|p1a: Ninetales\n|-damage|p1a: Ninetales|19\/100\n|-activate|p1a: Ninetales|trapped\n|\n|-weather|Snow|[upkeep]\n|upkeep\n|turn|8\n|\n|t:|1700759055\n|move|p1a: Ninetales|Chilly Reception|p1a: Ninetales\n|\n|t:|1700759060\n|switch|p1a: Landorus|Landorus-Therian, M|100\/100|[from] Chilly Reception\n|-ability|p1a: Landorus|Intimidate|boost\n|-unboost|p2a: Celesteela|atk|1\n|move|p2a: Celesteela|Anchor Shot|p1a: Landorus\n|-damage|p1a: Landorus|90\/100\n|-activate|p1a: Landorus|trapped\n|\n|-weather|Snow|[upkeep]\n|upkeep\n|turn|9\n|\n|t:|1700759064\n|switch|p2a: Latias|Latias, F|100\/100\n|move|p1a: Landorus|Swords Dance|p1a: Landorus\n|-boost|p1a: Landorus|atk|2\n|\n|-weather|Snow|[upkeep]\n|upkeep\n|turn|10\n|\n|t:|1700759067\n|detailschange|p2a: Latias|Latias-Mega, F\n|-mega|p2a: Latias|Latias|Latiasite\n|move|p1a: Landorus|Rock Polish|p1a: Landorus\n|-boost|p1a: Landorus|spe|2\n|move|p2a: Latias|Ice Beam|p1a: Landorus\n|-supereffective|p1a: Landorus\n|-damage|p1a: Landorus|24\/100\n|\n|-weather|none\n|upkeep\n|turn|11\n|\n|t:|1700759097\n|switch|p2a: Celesteela|Celesteela|100\/100\n|-zpower|p1a: Landorus\n|move|p1a: Landorus|Supersonic Skystrike|p2a: Celesteela|[zeffect]\n|-resisted|p2a: Celesteela\n|-damage|p2a: Celesteela|25\/100\n|\n|-heal|p2a: Celesteela|31\/100|[from] item: Leftovers\n|upkeep\n|turn|12\n|\n|t:|1700759110\n|move|p1a: Landorus|Dragon Ascent|p2a: Celesteela\n|-resisted|p2a: Celesteela\n|-damage|p2a: Celesteela|0 fnt\n|-unboost|p1a: Landorus|def|1\n|-unboost|p1a: Landorus|spd|1\n|faint|p2a: Celesteela\n|\n|upkeep\n|inactive|Orangex733 has 120 seconds left.\n|\n|t:|1700759124\n|switch|p2a: Alomomola|Alomomola, F|100\/100\n|turn|13\n|\n|t:|1700759128\n|move|p1a: Landorus|Precipice Blades|p2a: Alomomola\n|-crit|p2a: Alomomola\n|-damage|p2a: Alomomola|0 fnt\n|faint|p2a: Alomomola\n|\n|upkeep\n|\n|t:|1700759131\n|switch|p2a: Clefable|Clefable, F|66\/100\n|turn|14\n|c|\u2606Velcroc|crit mattered mb\n|\n|t:|1700759135\n|move|p1a: Landorus|Dragon Ascent|p2a: Clefable\n|-damage|p2a: Clefable|6\/100\n|-unboost|p1a: Landorus|def|1\n|-unboost|p1a: Landorus|spd|1\n|move|p2a: Clefable|Moonblast|p1a: Landorus\n|-damage|p1a: Landorus|5\/100\n|\n|-sideend|p1: Velcroc|move: Aurora Veil\n|upkeep\n|turn|15\n|\n|t:|1700759144\n|move|p1a: Landorus|Dragon Ascent|p2a: Clefable\n|-damage|p2a: Clefable|0 fnt\n|-unboost|p1a: Landorus|def|1\n|-unboost|p1a: Landorus|spd|1\n|faint|p2a: Clefable\n|\n|upkeep\n|\n|t:|1700759146\n|switch|p2a: Ting-Lu|Ting-Lu|100\/100\n|-ability|p2a: Ting-Lu|Vessel of Ruin\n|turn|16\n|\n|t:|1700759156\n|move|p1a: Landorus|Dragon Ascent|p2a: Ting-Lu\n|-damage|p2a: Ting-Lu|18\/100\n|-unboost|p1a: Landorus|def|1\n|-unboost|p1a: Landorus|spd|1\n|move|p2a: Ting-Lu|Knock Off|p1a: Landorus\n|-damage|p1a: Landorus|0 fnt\n|faint|p1a: Landorus\n|\n|-heal|p2a: Ting-Lu|24\/100|[from] item: Leftovers\n|upkeep\n|\n|t:|1700759163\n|switch|p1a: Scizor|Scizor-Mega, M|80\/100\n|turn|17\n|\n|t:|1700759175\n|move|p1a: Scizor|Pin Missile|p2a: Ting-Lu\n|-supereffective|p2a: Ting-Lu\n|-damage|p2a: Ting-Lu|2\/100\n|-supereffective|p2a: Ting-Lu\n|-damage|p2a: Ting-Lu|0 fnt\n|faint|p2a: Ting-Lu\n|-hitcount|p2: Ting-Lu|2\n|\n|upkeep\n|\n|t:|1700759179\n|switch|p2a: Slowking|Slowking-Galar, M|100\/100\n|turn|18\n|\n|t:|1700759188\n|move|p1a: Scizor|Pin Missile|p2a: Slowking\n|-damage|p2a: Slowking|78\/100\n|-damage|p2a: Slowking|57\/100\n|-hitcount|p2a: Slowking|2\n|move|p2a: Slowking|Mortal Spin|p1a: Scizor\n|-immune|p1a: Scizor\n|\n|upkeep\n|turn|19\n|\n|t:|1700759193\n|move|p1a: Scizor|Pin Missile|p2a: Slowking\n|-damage|p2a: Slowking|33\/100\n|-damage|p2a: Slowking|11\/100\n|-damage|p2a: Slowking|0 fnt\n|faint|p2a: Slowking\n|-hitcount|p2: Slowking|3\n|\n|upkeep\n|\n|t:|1700759196\n|switch|p2a: Latias|Latias-Mega, F|100\/100\n|turn|20\n|-message|Orangex733 forfeited.\n|\n|win|Velcroc\n|n|\u2606Velcroc|velcroc\n|n|\u2606Orangex733|orangex733\n|n| galaxystudios370|galaxystudios370\n","uploadtime":1700759201,"views":2,"p1id":"velcroc","p2id":"orangex733","formatid":"gen9nationaldex","rating":0,"private":0,"password":""}