{"id":"gen9nationaldex-1988798653","p1":"Play-Ghost","p2":"Sjxb","format":"[Gen 9] National Dex","log":"|j|\u2606Play-Ghost\n|j|\u2606Sjxb\n|t:|1699764728\n|gametype|singles\n|player|p1|Play-Ghost|roxie|1203\n|player|p2|Sjxb|beauty-gen4dp|1085\n|teamsize|p1|6\n|teamsize|p2|6\n|gen|9\n|tier|[Gen 9] National Dex\n|rated|\n|rule|HP Percentage Mod: HP is shown in percentages\n|rule|Endless Battle Clause: Forcing endless battles is banned\n|rule|OHKO Clause: OHKO moves are banned\n|rule|Evasion Clause: Evasion abilities, items, and moves are banned\n|rule|Evasion Abilities Clause: Evasion abilities are banned\n|rule|Evasion Items Clause: Evasion items are banned\n|rule|Evasion Moves Clause: Evasion moves are banned\n|rule|Species Clause: Limit one of each Pok\u00e9mon\n|rule|Sleep Clause Mod: Limit one foe put to sleep\n|clearpoke\n|poke|p1|Incineroar, F|\n|poke|p1|Liepard, M|\n|poke|p1|Banette, M|\n|poke|p1|Mew|\n|poke|p1|Meowscarada, F|\n|poke|p1|Gengar, F|\n|poke|p2|Garchomp, F|\n|poke|p2|Heatran, M|\n|poke|p2|Kartana|\n|poke|p2|Glimmora, M|\n|poke|p2|Sandy Shocks|\n|poke|p2|Barbaracle, M|\n|teampreview\n|inactive|Battle timer is ON: inactive players will automatically lose when time's up. (requested by Sjxb)\n|c|\u2606Play-Ghost|Oo\n|c|\u2606Play-Ghost|Offenseive team younhave ther\n|\n|t:|1699764746\n|start\n|switch|p1a: yes that's a cat|Banette, M, shiny|100\/100\n|switch|p2a: Glimmora|Glimmora, M|100\/100\n|-item|p2a: Glimmora|Focus Sash|[from] ability: Frisk|[of] p1a: yes that's a cat|[identify]\n|turn|1\n|\n|t:|1699764754\n|detailschange|p1a: yes that's a cat|Banette-Mega, M, shiny\n|-mega|p1a: yes that's a cat|Banette|Banettite\n|move|p1a: yes that's a cat|Taunt|p2a: Glimmora\n|-start|p2a: Glimmora|move: Taunt\n|cant|p2a: Glimmora|move: Taunt|Stealth Rock\n|\n|upkeep\n|turn|2\n|\n|t:|1699764763\n|move|p1a: yes that's a cat|Will-O-Wisp|p2a: Glimmora\n|-status|p2a: Glimmora|brn\n|move|p2a: Glimmora|Sludge Bomb|p1a: yes that's a cat\n|-resisted|p1a: yes that's a cat\n|-damage|p1a: yes that's a cat|63\/100\n|\n|-damage|p2a: Glimmora|94\/100 brn|[from] brn\n|upkeep\n|turn|3\n|\n|t:|1699764781\n|move|p1a: yes that's a cat|Knock Off|p2a: Glimmora\n|-damage|p2a: Glimmora|42\/100 brn\n|-activate|p2a: Glimmora|ability: Toxic Debris\n|-sidestart|p1: Play-Ghost|move: Toxic Spikes\n|-enditem|p2a: Glimmora|Focus Sash|[from] move: Knock Off|[of] p1a: yes that's a cat\n|move|p2a: Glimmora|Sludge Bomb|p1a: yes that's a cat\n|-resisted|p1a: yes that's a cat\n|-damage|p1a: yes that's a cat|26\/100\n|-status|p1a: yes that's a cat|psn\n|\n|-damage|p1a: yes that's a cat|14\/100 psn|[from] psn\n|-damage|p2a: Glimmora|36\/100 brn|[from] brn\n|-end|p2a: Glimmora|move: Taunt\n|upkeep\n|turn|4\n|\n|t:|1699764806\n|move|p1a: yes that's a cat|Knock Off|p2a: Glimmora\n|-damage|p2a: Glimmora|3\/100 brn\n|-activate|p2a: Glimmora|ability: Toxic Debris\n|-sidestart|p1: Play-Ghost|move: Toxic Spikes\n|move|p2a: Glimmora|Stealth Rock|p1a: yes that's a cat\n|-sidestart|p1: Play-Ghost|move: Stealth Rock\n|\n|-damage|p1a: yes that's a cat|2\/100 psn|[from] psn\n|-damage|p2a: Glimmora|0 fnt|[from] brn\n|faint|p2a: Glimmora\n|upkeep\n|inactive|Sjxb has 120 seconds left.\n|\n|t:|1699764824\n|switch|p2a: Garchomp|Garchomp, F|100\/100\n|turn|5\n|inactive|Sjxb has 120 seconds left.\n|\n|t:|1699764839\n|detailschange|p2a: Garchomp|Garchomp-Mega, F\n|-mega|p2a: Garchomp|Garchomp|Garchompite\n|move|p1a: yes that's a cat|Destiny Bond|p1a: yes that's a cat\n|-singlemove|p1a: yes that's a cat|Destiny Bond\n|move|p2a: Garchomp|Scale Shot|p1a: yes that's a cat\n|-damage|p1a: yes that's a cat|0 fnt\n|faint|p1a: yes that's a cat\n|-activate|p1a: yes that's a cat|move: Destiny Bond\n|faint|p2a: Garchomp\n|-hitcount|p1: yes that's a cat|1\n|\n|upkeep\n|inactive|Sjxb has 120 seconds left.\n|c|\u2606Play-Ghost|XD\n|\n|t:|1699764859\n|switch|p2a: Heatran|Heatran, M|100\/100\n|switch|p1a: Just go with it|Gengar, F, shiny|100\/100\n|-sideend|p1: Play-Ghost|move: Toxic Spikes|[of] p1a: Just go with it\n|-damage|p1a: Just go with it|88\/100|[from] Stealth Rock\n|-item|p2a: Heatran|Air Balloon\n|turn|6\n|\n|t:|1699764874\n|move|p1a: Just go with it|Shadow Ball|p2a: Heatran\n|-damage|p2a: Heatran|46\/100\n|-enditem|p2a: Heatran|Air Balloon\n|move|p2a: Heatran|Sandstorm|p2a: Heatran\n|-weather|Sandstorm\n|\n|-weather|Sandstorm|[upkeep]\n|-damage|p1a: Just go with it|82\/100|[from] Sandstorm\n|upkeep\n|turn|7\n|\n|t:|1699764884\n|move|p1a: Just go with it|Shadow Ball|p2a: Heatran\n|-damage|p2a: Heatran|0 fnt\n|faint|p2a: Heatran\n|\n|-weather|Sandstorm|[upkeep]\n|-damage|p1a: Just go with it|76\/100|[from] Sandstorm\n|upkeep\n|\n|t:|1699764892\n|switch|p2a: Kartana|Kartana|100\/100\n|turn|8\n|\n|t:|1699764899\n|move|p1a: Just go with it|Shadow Ball|p2a: Kartana\n|-damage|p2a: Kartana|0 fnt\n|faint|p2a: Kartana\n|\n|-weather|Sandstorm|[upkeep]\n|-damage|p1a: Just go with it|70\/100|[from] Sandstorm\n|upkeep\n|-message|Sjxb forfeited.\n|\n|win|Play-Ghost\n|raw|Play-Ghost's rating: 1203 &rarr; <strong>1220<\/strong><br \/>(+17 for winning)\n|raw|Sjxb's rating: 1085 &rarr; <strong>1070<\/strong><br \/>(-15 for losing)\n|l|\u2606Sjxb\n|c|\u2606Play-Ghost|Gg\n","uploadtime":1699765013,"views":11,"p1id":"playghost","p2id":"sjxb","formatid":"gen9nationaldex","rating":1070,"private":0,"password":""}