{"id":"gen9nationaldex-1992984053","p1":"SoyuzaBrother","p2":"testing a funni3","format":"[Gen 9] National Dex","log":"|j|\u2606SoyuzaBrother\n|j|\u2606testing a funni3\n|t:|1700252701\n|gametype|singles\n|player|p1|SoyuzaBrother|cynthia-masters|1509\n|player|p2|testing a funni3|unknownf|1500\n|teamsize|p1|6\n|teamsize|p2|6\n|gen|9\n|tier|[Gen 9] National Dex\n|rated|\n|rule|HP Percentage Mod: HP is shown in percentages\n|rule|Endless Battle Clause: Forcing endless battles is banned\n|rule|OHKO Clause: OHKO moves are banned\n|rule|Evasion Clause: Evasion abilities, items, and moves are banned\n|rule|Evasion Abilities Clause: Evasion abilities are banned\n|rule|Evasion Items Clause: Evasion items are banned\n|rule|Evasion Moves Clause: Evasion moves are banned\n|rule|Species Clause: Limit one of each Pok\u00e9mon\n|rule|Sleep Clause Mod: Limit one foe put to sleep\n|clearpoke\n|poke|p1|Ninetales-Alola, M|\n|poke|p1|Glimmora, M|\n|poke|p1|Great Tusk|\n|poke|p1|Charizard, M|\n|poke|p1|Aegislash, F|\n|poke|p1|Kyurem|\n|poke|p2|Latios, M|\n|poke|p2|Buzzwole|\n|poke|p2|Gliscor, M|\n|poke|p2|Weavile, M|\n|poke|p2|Heatran, M|\n|poke|p2|Ogerpon-Wellspring, F|\n|teampreview\n|inactive|Battle timer is ON: inactive players will automatically lose when time's up. (requested by SoyuzaBrother)\n|\n|t:|1700252709\n|start\n|switch|p1a: Uranium|Glimmora, M|100\/100\n|switch|p2a: Heatran|Heatran, M|100\/100\n|turn|1\n|\n|t:|1700252719\n|move|p1a: Uranium|Stealth Rock|p2a: Heatran\n|-sidestart|p2: testing a funni3|move: Stealth Rock\n|move|p2a: Heatran|Magma Storm|p1a: Uranium\n|-resisted|p1a: Uranium\n|-damage|p1a: Uranium|75\/100\n|-activate|p1a: Uranium|move: Magma Storm|[of] p2a: Heatran\n|\n|-damage|p1a: Uranium|63\/100|[from] move: Magma Storm|[partiallytrapped]\n|upkeep\n|turn|2\n|\n|t:|1700252728\n|move|p1a: Uranium|Spikes|p2a: Heatran\n|-sidestart|p2: testing a funni3|Spikes\n|move|p2a: Heatran|Stealth Rock|p1a: Uranium\n|-sidestart|p1: SoyuzaBrother|move: Stealth Rock\n|\n|-damage|p1a: Uranium|50\/100|[from] move: Magma Storm|[partiallytrapped]\n|upkeep\n|turn|3\n|\n|t:|1700252731\n|move|p1a: Uranium|Spikes|p2a: Heatran\n|-sidestart|p2: testing a funni3|Spikes\n|move|p2a: Heatran|Taunt|p1a: Uranium\n|-start|p1a: Uranium|move: Taunt\n|\n|-damage|p1a: Uranium|38\/100|[from] move: Magma Storm|[partiallytrapped]\n|upkeep\n|turn|4\n|\n|t:|1700252739\n|move|p1a: Uranium|Power Gem|p2a: Heatran\n|-damage|p2a: Heatran|77\/100\n|move|p2a: Heatran|Earth Power|p1a: Uranium\n|-supereffective|p1a: Uranium\n|-damage|p1a: Uranium|0 fnt\n|faint|p1a: Uranium\n|\n|-heal|p2a: Heatran|83\/100|[from] item: Leftovers\n|upkeep\n|\n|t:|1700252750\n|switch|p1a: Manny|Great Tusk|100\/100\n|-damage|p1a: Manny|98\/100|[from] Stealth Rock\n|turn|5\n|\n|t:|1700252756\n|move|p1a: Manny|Knock Off|p2a: Heatran\n|-damage|p2a: Heatran|53\/100\n|-enditem|p2a: Heatran|Leftovers|[from] move: Knock Off|[of] p1a: Manny\n|move|p2a: Heatran|Magma Storm|p1a: Manny\n|-damage|p1a: Manny|30\/100\n|-activate|p1a: Manny|move: Magma Storm|[of] p2a: Heatran\n|\n|-heal|p1a: Manny|36\/100|[from] item: Leftovers\n|-damage|p1a: Manny|23\/100|[from] move: Magma Storm|[partiallytrapped]\n|upkeep\n|turn|6\n|\n|t:|1700252763\n|switch|p2a: Gliscor|Gliscor, M|100\/100\n|-damage|p2a: Gliscor|88\/100|[from] Stealth Rock\n|move|p1a: Manny|Rapid Spin|p2a: Gliscor\n|-damage|p2a: Gliscor|75\/100\n|-boost|p1a: Manny|spe|1\n|-sideend|p1: SoyuzaBrother|Stealth Rock|[from] move: Rapid Spin|[of] p1a: Manny\n|-end|p1a: Manny|Magma Storm|[partiallytrapped]\n|\n|-heal|p1a: Manny|30\/100|[from] item: Leftovers\n|-status|p2a: Gliscor|tox|[from] item: Toxic Orb\n|upkeep\n|turn|7\n|\n|t:|1700252767\n|-end|p1a: Manny|Protosynthesis|[silent]\n|switch|p1a: Huh?|Charizard, M|100\/100\n|move|p2a: Gliscor|Defog|p1a: Huh?\n|-unboost|p1a: Huh?|evasion|1\n|-sideend|p2: testing a funni3|Spikes|[from] move: Defog|[of] p2a: Gliscor\n|-sideend|p2: testing a funni3|Stealth Rock|[from] move: Defog|[of] p2a: Gliscor\n|\n|-heal|p2a: Gliscor|87\/100 tox|[from] ability: Poison Heal\n|upkeep\n|turn|8\n|\n|t:|1700252773\n|detailschange|p1a: Huh?|Charizard-Mega-Y, M\n|-mega|p1a: Huh?|Charizard|Charizardite Y\n|-weather|SunnyDay|[from] ability: Drought|[of] p1a: Huh?\n|move|p1a: Huh?|Scorching Sands|p2a: Gliscor\n|-immune|p2a: Gliscor\n|move|p2a: Gliscor|Toxic|p1a: Huh?\n|-status|p1a: Huh?|tox\n|\n|-weather|SunnyDay|[upkeep]\n|-damage|p1a: Huh?|94\/100 tox|[from] psn\n|-heal|p2a: Gliscor|99\/100 tox|[from] ability: Poison Heal\n|upkeep\n|turn|9\n|\n|t:|1700252784\n|move|p1a: Huh?|Flamethrower|p2a: Gliscor\n|-damage|p2a: Gliscor|25\/100 tox\n|move|p2a: Gliscor|Roost|p2a: Gliscor\n|-heal|p2a: Gliscor|76\/100 tox\n|-singleturn|p2a: Gliscor|move: Roost\n|\n|-weather|SunnyDay|[upkeep]\n|-damage|p1a: Huh?|82\/100 tox|[from] psn\n|-heal|p2a: Gliscor|88\/100 tox|[from] ability: Poison Heal\n|upkeep\n|turn|10\n|\n|t:|1700252802\n|switch|p1a: Spooky Sword|Aegislash, F|100\/100\n|switch|p2a: Latios|Latios, M|100\/100\n|\n|-weather|SunnyDay|[upkeep]\n|upkeep\n|turn|11\n|\n|t:|1700252811\n|switch|p2a: Heatran|Heatran, M|53\/100\n|-formechange|p1a: Spooky Sword|Aegislash-Blade||[from] ability: Stance Change\n|move|p1a: Spooky Sword|Shadow Ball|p2a: Heatran\n|-damage|p2a: Heatran|29\/100\n|\n|-weather|SunnyDay|[upkeep]\n|upkeep\n|turn|12\n|\n|t:|1700252820\n|-formechange|p1a: Spooky Sword|Aegislash||[from] ability: Stance Change\n|move|p1a: Spooky Sword|King's Shield|p1a: Spooky Sword\n|-singleturn|p1a: Spooky Sword|Protect\n|move|p2a: Heatran|Stealth Rock|p1a: Spooky Sword\n|-sidestart|p1: SoyuzaBrother|move: Stealth Rock\n|\n|-weather|none\n|upkeep\n|turn|13\n|\n|t:|1700252823\n|move|p2a: Heatran|Magma Storm|p1a: Spooky Sword|[miss]\n|-miss|p2a: Heatran|p1a: Spooky Sword\n|-formechange|p1a: Spooky Sword|Aegislash-Blade||[from] ability: Stance Change\n|move|p1a: Spooky Sword|Shadow Ball|p2a: Heatran\n|-damage|p2a: Heatran|4\/100\n|\n|upkeep\n|turn|14\n|\n|t:|1700252828\n|move|p1a: Spooky Sword|Shadow Sneak|p2a: Heatran\n|-damage|p2a: Heatran|0 fnt\n|faint|p2a: Heatran\n|\n|upkeep\n|\n|t:|1700252831\n|switch|p2a: Weavile|Weavile, M|100\/100\n|-ability|p2a: Weavile|Pressure\n|turn|15\n|\n|t:|1700252836\n|move|p2a: Weavile|Knock Off|p1a: Spooky Sword\n|-supereffective|p1a: Spooky Sword\n|-damage|p1a: Spooky Sword|0 fnt\n|-enditem|p1a: Spooky Sword|Leftovers|[from] move: Knock Off|[of] p2a: Weavile\n|faint|p1a: Spooky Sword\n|\n|upkeep\n|\n|t:|1700252841\n|switch|p1a: Manny|Great Tusk|30\/100\n|-damage|p1a: Manny|27\/100|[from] Stealth Rock\n|turn|16\n|\n|t:|1700252845\n|move|p2a: Weavile|Knock Off|p1a: Manny\n|-resisted|p1a: Manny\n|-damage|p1a: Manny|0 fnt\n|-enditem|p1a: Manny|Leftovers|[from] move: Knock Off|[of] p2a: Weavile\n|faint|p1a: Manny\n|-end|p1a: Manny|Protosynthesis|[silent]\n|\n|upkeep\n|\n|t:|1700252854\n|switch|p1a: Snow Doggy|Ninetales-Alola, M|100\/100\n|-damage|p1a: Snow Doggy|76\/100|[from] Stealth Rock\n|-weather|Snow|[from] ability: Snow Warning|[of] p1a: Snow Doggy\n|turn|17\n|\n|t:|1700252862\n|-terastallize|p2a: Weavile|Dark\n|move|p2a: Weavile|Knock Off|p1a: Snow Doggy\n|-resisted|p1a: Snow Doggy\n|-damage|p1a: Snow Doggy|34\/100\n|-enditem|p1a: Snow Doggy|Light Clay|[from] move: Knock Off|[of] p2a: Weavile\n|move|p1a: Snow Doggy|Moonblast|p2a: Weavile\n|-supereffective|p2a: Weavile\n|-damage|p2a: Weavile|25\/100\n|-unboost|p2a: Weavile|spa|1\n|\n|-weather|Snow|[upkeep]\n|upkeep\n|turn|18\n|\n|t:|1700252869\n|move|p2a: Weavile|Knock Off|p1a: Snow Doggy\n|-resisted|p1a: Snow Doggy\n|-damage|p1a: Snow Doggy|5\/100\n|move|p1a: Snow Doggy|Moonblast|p2a: Weavile\n|-supereffective|p2a: Weavile\n|-damage|p2a: Weavile|0 fnt\n|faint|p2a: Weavile\n|\n|-weather|Snow|[upkeep]\n|upkeep\n|\n|t:|1700252878\n|switch|p2a: Ogerpon|Ogerpon-Wellspring, F|100\/100\n|turn|19\n|\n|t:|1700252881\n|move|p2a: Ogerpon|Ivy Cudgel|p1a: Snow Doggy|[anim] Ivy Cudgel Water\n|-damage|p1a: Snow Doggy|0 fnt\n|faint|p1a: Snow Doggy\n|\n|-weather|Snow|[upkeep]\n|upkeep\n|\n|t:|1700252883\n|switch|p1a: BaxKyurabur|Kyurem|100\/100\n|-damage|p1a: BaxKyurabur|76\/100|[from] Stealth Rock\n|-ability|p1a: BaxKyurabur|Pressure\n|turn|20\n|\n|t:|1700252888\n|move|p2a: Ogerpon|Play Rough|p1a: BaxKyurabur\n|-supereffective|p1a: BaxKyurabur\n|-damage|p1a: BaxKyurabur|29\/100\n|-unboost|p1a: BaxKyurabur|atk|1\n|move|p1a: BaxKyurabur|Dragon Dance|p1a: BaxKyurabur\n|-boost|p1a: BaxKyurabur|atk|1\n|-boost|p1a: BaxKyurabur|spe|1\n|\n|-weather|Snow|[upkeep]\n|upkeep\n|turn|21\n|\n|t:|1700252901\n|switch|p2a: Buzzwole|Buzzwole|100\/100\n|-terastallize|p1a: BaxKyurabur|Ghost\n|move|p1a: BaxKyurabur|Dragon Dance|p1a: BaxKyurabur\n|-boost|p1a: BaxKyurabur|atk|1\n|-boost|p1a: BaxKyurabur|spe|1\n|\n|-weather|none\n|upkeep\n|turn|22\n|\n|t:|1700252908\n|move|p1a: BaxKyurabur|Icicle Spear|p2a: Buzzwole\n|-damage|p2a: Buzzwole|90\/100\n|-damage|p2a: Buzzwole|79\/100\n|-crit|p2a: Buzzwole\n|-damage|p2a: Buzzwole|64\/100\n|-damage|p2a: Buzzwole|54\/100\n|-damage|p2a: Buzzwole|44\/100\n|-hitcount|p2a: Buzzwole|5\n|move|p2a: Buzzwole|Ice Punch|p1a: BaxKyurabur\n|-damage|p1a: BaxKyurabur|6\/100\n|-status|p1a: BaxKyurabur|frz\n|\n|upkeep\n|turn|23\n|\n|t:|1700252918\n|cant|p1a: BaxKyurabur|frz\n|move|p2a: Buzzwole|Ice Punch|p1a: BaxKyurabur\n|-damage|p1a: BaxKyurabur|0 fnt\n|faint|p1a: BaxKyurabur\n|-ability|p2a: Buzzwole|Beast Boost|boost\n|-boost|p2a: Buzzwole|def|1\n|\n|upkeep\n|\n|t:|1700252923\n|switch|p1a: Huh?|Charizard-Mega-Y, M|82\/100 tox\n|-damage|p1a: Huh?|32\/100 tox|[from] Stealth Rock\n|-weather|SunnyDay|[from] ability: Drought|[of] p1a: Huh?\n|turn|24\n|\n|t:|1700252928\n|move|p1a: Huh?|Flamethrower|p2a: Buzzwole\n|-supereffective|p2a: Buzzwole\n|-damage|p2a: Buzzwole|0 fnt\n|faint|p2a: Buzzwole\n|\n|-weather|SunnyDay|[upkeep]\n|-damage|p1a: Huh?|26\/100 tox|[from] psn\n|upkeep\n|\n|t:|1700252930\n|switch|p2a: Ogerpon|Ogerpon-Wellspring, F|100\/100\n|turn|25\n|c|\u2606SoyuzaBrother|This has to be a joke... actually getting a freeze\n|\n|t:|1700252941\n|move|p2a: Ogerpon|Ivy Cudgel|p1a: Huh?|[anim] Ivy Cudgel Water\n|-supereffective|p1a: Huh?\n|-damage|p1a: Huh?|0 fnt\n|faint|p1a: Huh?\n|\n|win|testing a funni3\n|raw|SoyuzaBrother's rating: 1509 &rarr; <strong>1488<\/strong><br \/>(-21 for losing)\n|raw|testing a funni3's rating: 1500 &rarr; <strong>1521<\/strong><br \/>(+21 for winning)\n","uploadtime":1700252949,"views":27,"p1id":"soyuzabrother","p2id":"testingafunni3","formatid":"gen9nationaldex","rating":1488,"private":0,"password":""}