{"id":"gen9nationaldex-1990882153","p1":"phantomofthewest","p2":"modscrushhisskull","format":"[Gen 9] National Dex","log":"|j|\u2606phantomofthewest\n|j|\u2606modscrushhisskull\n|t:|1700010967\n|gametype|singles\n|player|p1|phantomofthewest|veteranf|1073\n|player|p2|modscrushhisskull|rosa|1000\n|teamsize|p1|6\n|teamsize|p2|6\n|gen|9\n|tier|[Gen 9] National Dex\n|rated|\n|rule|HP Percentage Mod: HP is shown in percentages\n|rule|Endless Battle Clause: Forcing endless battles is banned\n|rule|OHKO Clause: OHKO moves are banned\n|rule|Evasion Clause: Evasion abilities, items, and moves are banned\n|rule|Evasion Abilities Clause: Evasion abilities are banned\n|rule|Evasion Items Clause: Evasion items are banned\n|rule|Evasion Moves Clause: Evasion moves are banned\n|rule|Species Clause: Limit one of each Pok\u00e9mon\n|rule|Sleep Clause Mod: Limit one foe put to sleep\n|clearpoke\n|poke|p1|Hawlucha, M|\n|poke|p1|Gogoat, M|\n|poke|p1|Haxorus, F|\n|poke|p1|Alakazam, F|\n|poke|p1|Volcarona, M|\n|poke|p1|Blastoise, F|\n|poke|p2|Tapu Koko|\n|poke|p2|Iron Valiant|\n|poke|p2|Sneasler, F|\n|poke|p2|Landorus-Therian, M|\n|poke|p2|Ferrothorn, F|\n|poke|p2|Volcanion|\n|teampreview\n|\n|t:|1700010985\n|start\n|switch|p1a: Gogoat|Gogoat, M, shiny|100\/100\n|switch|p2a: Tapu Koko|Tapu Koko|100\/100\n|-fieldstart|move: Electric Terrain|[from] ability: Electric Surge|[of] p2a: Tapu Koko\n|turn|1\n|\n|t:|1700011000\n|move|p2a: Tapu Koko|Volt Switch|p1a: Gogoat\n|-resisted|p1a: Gogoat\n|-damage|p1a: Gogoat|82\/100\n|\n|t:|1700011004\n|switch|p2a: Landorus|Landorus-Therian, M|100\/100|[from] Volt Switch\n|-ability|p2a: Landorus|Intimidate|boost\n|-unboost|p1a: Gogoat|atk|1\n|move|p1a: Gogoat|Rock Slide|p2a: Landorus\n|-damage|p2a: Landorus|92\/100\n|\n|-heal|p1a: Gogoat|89\/100|[from] item: Leftovers\n|upkeep\n|turn|2\n|\n|t:|1700011025\n|move|p1a: Gogoat|Horn Leech|p2a: Landorus\n|-damage|p2a: Landorus|79\/100\n|-heal|p1a: Gogoat|95\/100|[from] drain|[of] p2a: Landorus\n|-damage|p1a: Gogoat|79\/100|[from] item: Rocky Helmet|[of] p2a: Landorus\n|move|p2a: Landorus|Stealth Rock|p1a: Gogoat\n|-sidestart|p1: phantomofthewest|move: Stealth Rock\n|\n|-heal|p1a: Gogoat|85\/100|[from] item: Leftovers\n|upkeep\n|turn|3\n|\n|t:|1700011033\n|move|p1a: Gogoat|Horn Leech|p2a: Landorus\n|-damage|p2a: Landorus|66\/100\n|-heal|p1a: Gogoat|91\/100|[from] drain|[of] p2a: Landorus\n|-damage|p1a: Gogoat|75\/100|[from] item: Rocky Helmet|[of] p2a: Landorus\n|move|p2a: Landorus|Toxic|p1a: Gogoat\n|-status|p1a: Gogoat|tox\n|\n|-heal|p1a: Gogoat|81\/100 tox|[from] item: Leftovers\n|-damage|p1a: Gogoat|75\/100 tox|[from] psn\n|upkeep\n|turn|4\n|\n|t:|1700011046\n|switch|p2a: Ferrothorn|Ferrothorn, F|100\/100\n|move|p1a: Gogoat|Play Rough|p2a: Ferrothorn\n|-resisted|p2a: Ferrothorn\n|-damage|p2a: Ferrothorn|95\/100\n|-damage|p1a: Gogoat|63\/100 tox|[from] ability: Iron Barbs|[of] p2a: Ferrothorn\n|\n|-heal|p1a: Gogoat|69\/100 tox|[from] item: Leftovers\n|-heal|p2a: Ferrothorn|100\/100|[from] item: Leftovers\n|-damage|p1a: Gogoat|56\/100 tox|[from] psn\n|upkeep\n|turn|5\n|\n|t:|1700011058\n|switch|p1a: Volcarona|Volcarona, M, shiny|100\/100\n|-damage|p1a: Volcarona|51\/100|[from] Stealth Rock\n|move|p2a: Ferrothorn|Knock Off|p1a: Volcarona\n|-damage|p1a: Volcarona|23\/100\n|-enditem|p1a: Volcarona|Focus Sash|[from] move: Knock Off|[of] p2a: Ferrothorn\n|\n|-fieldend|move: Electric Terrain\n|upkeep\n|turn|6\n|\n|t:|1700011081\n|switch|p2a: Volcanion|Volcanion|100\/100\n|move|p1a: Volcarona|Fiery Dance|p2a: Volcanion\n|-resisted|p2a: Volcanion\n|-damage|p2a: Volcanion|90\/100\n|\n|upkeep\n|turn|7\n|\n|t:|1700011093\n|switch|p1a: Haxorus|Haxorus, F, shiny|100\/100\n|-damage|p1a: Haxorus|88\/100|[from] Stealth Rock\n|-ability|p1a: Haxorus|Mold Breaker\n|move|p2a: Volcanion|Toxic|p1a: Haxorus\n|-status|p1a: Haxorus|tox\n|\n|-damage|p1a: Haxorus|82\/100 tox|[from] psn\n|upkeep\n|turn|8\n|c|\u2606phantomofthewest|why does volcanion have fucking toxic\n|\n|t:|1700011125\n|switch|p2a: Landorus|Landorus-Therian, M|66\/100\n|-ability|p2a: Landorus|Intimidate|boost\n|-unboost|p1a: Haxorus|atk|1\n|move|p1a: Haxorus|Earthquake|p2a: Landorus\n|-immune|p2a: Landorus\n|\n|-damage|p1a: Haxorus|70\/100 tox|[from] psn\n|upkeep\n|turn|9\n|c|\u2606modscrushhisskull|thats what happens when a goat builds your team\n|\n|t:|1700011148\n|switch|p1a: Blastoise|Blastoise, F, shiny|100\/100\n|-damage|p1a: Blastoise|88\/100|[from] Stealth Rock\n|move|p2a: Landorus|U-turn|p1a: Blastoise\n|-damage|p1a: Blastoise|65\/100\n|\n|t:|1700011159\n|switch|p2a: Tapu Koko|Tapu Koko|100\/100|[from] U-turn\n|-fieldstart|move: Electric Terrain|[from] ability: Electric Surge|[of] p2a: Tapu Koko\n|\n|upkeep\n|turn|10\n|c|\u2606phantomofthewest|so wolfyvgc\n|\n|t:|1700011173\n|switch|p1a: Gogoat|Gogoat, M, shiny|56\/100 tox\n|-damage|p1a: Gogoat|44\/100 tox|[from] Stealth Rock\n|move|p2a: Tapu Koko|Volt Switch|p1a: Gogoat\n|-resisted|p1a: Gogoat\n|-damage|p1a: Gogoat|27\/100 tox\n|c|\u2606phantomofthewest|bulit your team\n|\n|t:|1700011184\n|switch|p2a: Iron Valiant|Iron Valiant|100\/100|[from] Volt Switch\n|-activate|p2a: Iron Valiant|ability: Quark Drive\n|-start|p2a: Iron Valiant|quarkdrivespe\n|\n|-heal|p1a: Gogoat|33\/100 tox|[from] item: Leftovers\n|-damage|p1a: Gogoat|27\/100 tox|[from] psn\n|upkeep\n|turn|11\n|c|\u2606modscrushhisskull|ray rizzo better\n|\n|t:|1700011202\n|-terastallize|p2a: Iron Valiant|Fairy\n|move|p2a: Iron Valiant|Moonblast|p1a: Gogoat\n|-damage|p1a: Gogoat|0 fnt\n|faint|p1a: Gogoat\n|\n|upkeep\n|c|\u2606phantomofthewest|who!\n|\n|t:|1700011210\n|switch|p1a: Alakazam|Alakazam, F, shiny|100\/100\n|turn|12\n|\n|t:|1700011216\n|move|p2a: Iron Valiant|Moonblast|p1a: Alakazam\n|-damage|p1a: Alakazam|0 fnt\n|faint|p1a: Alakazam\n|\n|upkeep\n|c|\u2606modscrushhisskull|wdym who\n|c|\u2606phantomofthewest|oh typo\n|\n|t:|1700011248\n|switch|p1a: Hawlucha|Hawlucha, M, shiny|100\/100\n|-damage|p1a: Hawlucha|88\/100|[from] Stealth Rock\n|turn|13\n|\n|t:|1700011254\n|move|p2a: Iron Valiant|Moonblast|p1a: Hawlucha\n|-supereffective|p1a: Hawlucha\n|-damage|p1a: Hawlucha|0 fnt\n|faint|p1a: Hawlucha\n|\n|-fieldend|move: Electric Terrain\n|-end|p2a: Iron Valiant|Quark Drive\n|upkeep\n|\n|t:|1700011261\n|switch|p1a: Blastoise|Blastoise, F, shiny|65\/100\n|-damage|p1a: Blastoise|53\/100|[from] Stealth Rock\n|turn|14\n|\n|t:|1700011265\n|move|p2a: Iron Valiant|Moonblast|p1a: Blastoise\n|-crit|p1a: Blastoise\n|-damage|p1a: Blastoise|0 fnt\n|faint|p1a: Blastoise\n|\n|upkeep\n|\n|t:|1700011271\n|switch|p1a: Volcarona|Volcarona, M, shiny|23\/100\n|-damage|p1a: Volcarona|0 fnt|[from] Stealth Rock\n|faint|p1a: Volcarona\n|\n|t:|1700011275\n|switch|p1a: Haxorus|Haxorus, F, shiny|70\/100 tox\n|-damage|p1a: Haxorus|58\/100 tox|[from] Stealth Rock\n|-ability|p1a: Haxorus|Mold Breaker\n|turn|15\n|\n|t:|1700011281\n|move|p2a: Iron Valiant|Moonblast|p1a: Haxorus\n|-supereffective|p1a: Haxorus\n|-crit|p1a: Haxorus\n|-damage|p1a: Haxorus|0 fnt\n|faint|p1a: Haxorus\n|\n|win|modscrushhisskull\n|raw|phantomofthewest's rating: 1073 &rarr; <strong>1048<\/strong><br \/>(-25 for losing)\n|raw|modscrushhisskull's rating: 1000 &rarr; <strong>1048<\/strong><br \/>(+48 for winning)\n|c|\u2606modscrushhisskull|gg\n|l|\u2606phantomofthewest\n","uploadtime":1700011290,"views":12,"p1id":"phantomofthewest","p2id":"modscrushhisskull","formatid":"gen9nationaldex","rating":1048,"private":0,"password":""}