{"id":"gen9nationaldex-1995910168","p1":"littleht6666","p2":"Osaksann","format":"[Gen 9] National Dex","log":"|html|<div class=\"broadcast-blue\"><strong>[Gen 9] National Dex is currently suspecting Sneasler! For information on how to participate check out the <a href=\"https:\/\/www.smogon.com\/forums\/threads\/sv-national-dex-suspect-8-just-dance.3731534\/\">suspect thread<\/a>.<\/strong><\/div>\n|j|\u2606littleht6666\n|j|\u2606Osaksann\n|t:|1700616381\n|gametype|singles\n|player|p1|littleht6666|elesa|1656\n|player|p2|Osaksann|101|1600\n|teamsize|p1|6\n|teamsize|p2|6\n|gen|9\n|tier|[Gen 9] National Dex\n|rated|\n|rule|HP Percentage Mod: HP is shown in percentages\n|rule|Endless Battle Clause: Forcing endless battles is banned\n|rule|OHKO Clause: OHKO moves are banned\n|rule|Evasion Clause: Evasion abilities, items, and moves are banned\n|rule|Evasion Abilities Clause: Evasion abilities are banned\n|rule|Evasion Items Clause: Evasion items are banned\n|rule|Evasion Moves Clause: Evasion moves are banned\n|rule|Species Clause: Limit one of each Pok\u00e9mon\n|rule|Sleep Clause Mod: Limit one foe put to sleep\n|clearpoke\n|poke|p1|Weavile, F|\n|poke|p1|Landorus-Therian, M|\n|poke|p1|Zapdos|\n|poke|p1|Volcanion|\n|poke|p1|Ursaluna, F|\n|poke|p1|Kartana|\n|poke|p2|Blastoise, F|\n|poke|p2|Banette, F|\n|poke|p2|Machamp, F|\n|poke|p2|Darmanitan, F|\n|poke|p2|Tsareena, F|\n|poke|p2|Toxtricity, F|\n|teampreview\n|inactive|Battle timer is ON: inactive players will automatically lose when time's up. (requested by littleht6666)\n|\n|t:|1700616386\n|start\n|switch|p1a: Weavile|Weavile, F|100\/100\n|switch|p2a: Blastoise|Blastoise, F|100\/100\n|-ability|p1a: Weavile|Pressure\n|turn|1\n|\n|t:|1700616396\n|-terastallize|p1a: Weavile|Dark\n|move|p1a: Weavile|Beat Up|p2a: Blastoise\n|-damage|p2a: Blastoise|81\/100\n|-damage|p2a: Blastoise|61\/100\n|-damage|p2a: Blastoise|44\/100\n|-damage|p2a: Blastoise|28\/100\n|-damage|p2a: Blastoise|7\/100\n|-damage|p2a: Blastoise|0 fnt\n|faint|p2a: Blastoise\n|-hitcount|p2: Blastoise|6\n|\n|upkeep\n|c|\u2606Osaksann|OUCH\n|\n|t:|1700616409\n|switch|p2a: Machamp|Machamp, F|100\/100\n|turn|2\n|\n|t:|1700616417\n|switch|p1a: Zapdos|Zapdos|100\/100\n|move|p2a: Machamp|Dynamic Punch|p1a: Zapdos\n|-resisted|p1a: Zapdos\n|-damage|p1a: Zapdos|75\/100\n|-start|p1a: Zapdos|confusion\n|-damage|p2a: Machamp|91\/100|[from] item: Life Orb\n|\n|upkeep\n|turn|3\n|\n|t:|1700616425\n|-activate|p1a: Zapdos|confusion\n|-damage|p1a: Zapdos|69\/100|[from] confusion\n|move|p2a: Machamp|Stone Edge|p1a: Zapdos\n|-supereffective|p1a: Zapdos\n|-damage|p1a: Zapdos|0 fnt\n|faint|p1a: Zapdos\n|-damage|p2a: Machamp|81\/100|[from] item: Life Orb\n|\n|upkeep\n|\n|t:|1700616431\n|switch|p1a: Landorus|Landorus-Therian, M|100\/100\n|-ability|p1a: Landorus|Intimidate|boost\n|-unboost|p2a: Machamp|atk|1\n|turn|4\n|\n|t:|1700616444\n|move|p1a: Landorus|Stealth Rock|p2a: Machamp\n|-sidestart|p2: Osaksann|move: Stealth Rock\n|move|p2a: Machamp|Dynamic Punch|p1a: Landorus\n|-resisted|p1a: Landorus\n|-damage|p1a: Landorus|78\/100\n|-start|p1a: Landorus|confusion\n|-damage|p2a: Machamp|71\/100|[from] item: Life Orb\n|\n|-heal|p1a: Landorus|84\/100|[from] item: Leftovers\n|upkeep\n|turn|5\n|\n|t:|1700616450\n|switch|p2a: Tsareena|Tsareena, F|100\/100\n|-damage|p2a: Tsareena|88\/100|[from] Stealth Rock\n|-activate|p1a: Landorus|confusion\n|move|p1a: Landorus|Earthquake|p2a: Tsareena\n|-resisted|p2a: Tsareena\n|-crit|p2a: Tsareena\n|-damage|p2a: Tsareena|41\/100\n|\n|-heal|p1a: Landorus|90\/100|[from] item: Leftovers\n|upkeep\n|turn|6\n|\n|t:|1700616458\n|move|p2a: Tsareena|Rapid Spin|p1a: Landorus\n|-damage|p1a: Landorus|73\/100\n|-boost|p2a: Tsareena|spe|1\n|-sideend|p2: Osaksann|Stealth Rock|[from] move: Rapid Spin|[of] p2a: Tsareena\n|-activate|p1a: Landorus|confusion\n|move|p1a: Landorus|U-turn|p2a: Tsareena\n|-supereffective|p2a: Tsareena\n|-crit|p2a: Tsareena\n|-damage|p2a: Tsareena|0 fnt\n|faint|p2a: Tsareena\n|\n|t:|1700616463\n|switch|p1a: Weavile|Weavile, F, tera:Dark|100\/100|[from] U-turn\n|-ability|p1a: Weavile|Pressure\n|\n|upkeep\n|\n|t:|1700616469\n|switch|p2a: Darmanitan|Darmanitan, F|100\/100\n|turn|7\n|\n|t:|1700616471\n|switch|p1a: Landorus|Landorus-Therian, M|73\/100\n|-ability|p1a: Landorus|Intimidate|boost\n|-unboost|p2a: Darmanitan|atk|1\n|move|p2a: Darmanitan|Flare Blitz|p1a: Landorus\n|-damage|p1a: Landorus|8\/100\n|-damage|p2a: Darmanitan|77\/100|[from] Recoil\n|\n|-heal|p1a: Landorus|14\/100|[from] item: Leftovers\n|upkeep\n|turn|8\n|\n|t:|1700616474\n|switch|p1a: Volcanion|Volcanion|100\/100\n|move|p2a: Darmanitan|Flare Blitz|p1a: Volcanion\n|-resisted|p1a: Volcanion\n|-damage|p1a: Volcanion|90\/100\n|-damage|p2a: Darmanitan|74\/100|[from] Recoil\n|\n|upkeep\n|turn|9\n|\n|t:|1700616487\n|switch|p2a: Toxtricity|Toxtricity, F|100\/100\n|move|p1a: Volcanion|Steam Eruption|p2a: Toxtricity\n|-damage|p2a: Toxtricity|44\/100\n|\n|upkeep\n|turn|10\n|\n|t:|1700616499\n|switch|p1a: Landorus|Landorus-Therian, M|14\/100\n|-ability|p1a: Landorus|Intimidate|boost\n|-unboost|p2a: Toxtricity|atk|1\n|move|p2a: Toxtricity|Boomburst|p1a: Landorus\n|-damage|p1a: Landorus|0 fnt\n|faint|p1a: Landorus\n|\n|upkeep\n|\n|t:|1700616503\n|switch|p1a: Kartana|Kartana|100\/100\n|turn|11\n|\n|t:|1700616519\n|switch|p2a: Banette|Banette, F|100\/100\n|move|p1a: Kartana|Knock Off|p2a: Banette\n|-supereffective|p2a: Banette\n|-damage|p2a: Banette|17\/100\n|\n|upkeep\n|turn|12\n|\n|t:|1700616530\n|detailschange|p2a: Banette|Banette-Mega, F\n|-mega|p2a: Banette|Banette|Banettite\n|move|p2a: Banette|Destiny Bond|p2a: Banette\n|-singlemove|p2a: Banette|Destiny Bond\n|move|p1a: Kartana|Knock Off|p2a: Banette\n|-supereffective|p2a: Banette\n|-damage|p2a: Banette|0 fnt\n|faint|p2a: Banette\n|-activate|p2a: Banette|move: Destiny Bond\n|faint|p1a: Kartana\n|\n|upkeep\n|\n|t:|1700616537\n|switch|p1a: Volcanion|Volcanion|90\/100\n|switch|p2a: Darmanitan|Darmanitan, F|74\/100\n|turn|13\n|\n|t:|1700616547\n|move|p2a: Darmanitan|Rock Slide|p1a: Volcanion\n|-supereffective|p1a: Volcanion\n|-damage|p1a: Volcanion|47\/100\n|move|p1a: Volcanion|Steam Eruption|p2a: Darmanitan\n|-supereffective|p2a: Darmanitan\n|-damage|p2a: Darmanitan|0 fnt\n|faint|p2a: Darmanitan\n|\n|upkeep\n|\n|t:|1700616553\n|switch|p2a: Toxtricity|Toxtricity, F|44\/100\n|turn|14\n|\n|t:|1700616566\n|move|p2a: Toxtricity|Boomburst|p1a: Volcanion\n|-damage|p1a: Volcanion|0 fnt\n|faint|p1a: Volcanion\n|\n|upkeep\n|\n|t:|1700616580\n|switch|p1a: Weavile|Weavile, F, tera:Dark|100\/100\n|-ability|p1a: Weavile|Pressure\n|turn|15\n|\n|t:|1700616608\n|move|p1a: Weavile|Triple Axel|p2a: Toxtricity|[miss]\n|-miss|p1a: Weavile|p2a: Toxtricity\n|move|p2a: Toxtricity|Boomburst|p1a: Weavile\n|-damage|p1a: Weavile|0 fnt\n|faint|p1a: Weavile\n|\n|upkeep\n|c|\u2606Osaksann|dang\n|-message|littleht6666 forfeited.\n|\n|win|Osaksann\n|raw|littleht6666's rating: 1656 &rarr; <strong>1633<\/strong><br \/>(-23 for losing)\n|raw|Osaksann's rating: 1600 &rarr; <strong>1623<\/strong><br \/>(+23 for winning)\n|l|\u2606littleht6666\n","uploadtime":1700616625,"views":0,"p1id":"littleht6666","p2id":"osaksann","formatid":"gen9nationaldex","rating":1623,"private":0,"password":""}