{"id":"gen9nationaldex-1988226138","p1":"Jam20Jam","p2":"BriefStar","format":"[Gen 9] National Dex","log":"|j|\u2606Jam20Jam\n|j|\u2606BriefStar\n|t:|1699689147\n|gametype|singles\n|player|p1|Jam20Jam|carmine|\n|player|p2|BriefStar|benga|\n|teamsize|p1|6\n|teamsize|p2|6\n|gen|9\n|tier|[Gen 9] National Dex\n|rule|HP Percentage Mod: HP is shown in percentages\n|rule|Endless Battle Clause: Forcing endless battles is banned\n|rule|OHKO Clause: OHKO moves are banned\n|rule|Evasion Clause: Evasion abilities, items, and moves are banned\n|rule|Evasion Abilities Clause: Evasion abilities are banned\n|rule|Evasion Items Clause: Evasion items are banned\n|rule|Evasion Moves Clause: Evasion moves are banned\n|rule|Species Clause: Limit one of each Pok\u00e9mon\n|rule|Sleep Clause Mod: Limit one foe put to sleep\n|clearpoke\n|poke|p1|Amoonguss, M|\n|poke|p1|Skeledirge, F|\n|poke|p1|Grimer-Alola, F|\n|poke|p1|Coalossal, M|\n|poke|p1|Veluza, F|\n|poke|p1|Cetitan, M|\n|poke|p2|Torkoal, M|\n|poke|p2|Tinkaton, F|\n|poke|p2|Bellibolt, F|\n|poke|p2|Mismagius, F|\n|poke|p2|Charizard, F|\n|poke|p2|Fraxure, M|\n|teampreview\n|\n|t:|1699689171\n|start\n|switch|p1a: Grimer|Grimer-Alola, F|100\/100\n|switch|p2a: Hey There|Fraxure, M|100\/100\n|-ability|p2a: Hey There|Mold Breaker\n|turn|1\n|\n|t:|1699689181\n|move|p1a: Grimer|Shadow Sneak|p2a: Hey There\n|-damage|p2a: Hey There|88\/100\n|-status|p2a: Hey There|psn|[from] ability: Poison Touch|[of] p1a: Grimer\n|move|p2a: Hey There|Dragon Dance|p2a: Hey There\n|-boost|p2a: Hey There|atk|1\n|-boost|p2a: Hey There|spe|1\n|\n|-damage|p2a: Hey There|76\/100 psn|[from] psn\n|upkeep\n|turn|2\n|\n|t:|1699689209\n|move|p2a: Hey There|Outrage|p1a: Grimer\n|-damage|p1a: Grimer|11\/100\n|move|p1a: Grimer|Gunk Shot|p2a: Hey There|[miss]\n|-miss|p1a: Grimer|p2a: Hey There\n|\n|-damage|p2a: Hey There|64\/100 psn|[from] psn\n|upkeep\n|turn|3\n|\n|t:|1699689220\n|move|p1a: Grimer|Shadow Sneak|p2a: Hey There\n|-damage|p2a: Hey There|51\/100 psn\n|move|p2a: Hey There|Outrage|p1a: Grimer|[from]lockedmove\n|-crit|p1a: Grimer\n|-damage|p1a: Grimer|0 fnt\n|faint|p1a: Grimer\n|\n|-damage|p2a: Hey There|38\/100 psn|[from] psn\n|upkeep\n|\n|t:|1699689244\n|switch|p1a: Skeledirge|Skeledirge, F|100\/100\n|turn|4\n|\n|t:|1699689253\n|move|p2a: Hey There|Outrage|p1a: Skeledirge|[from]lockedmove\n|-damage|p1a: Skeledirge|32\/100\n|-start|p2a: Hey There|confusion|[fatigue]\n|move|p1a: Skeledirge|Slack Off|p1a: Skeledirge\n|-heal|p1a: Skeledirge|82\/100\n|\n|-heal|p1a: Skeledirge|88\/100|[from] item: Leftovers\n|-damage|p2a: Hey There|26\/100 psn|[from] psn\n|upkeep\n|turn|5\n|\n|t:|1699689268\n|-activate|p2a: Hey There|confusion\n|-damage|p2a: Hey There|0 fnt|[from] confusion\n|faint|p2a: Hey There\n|move|p1a: Skeledirge|Shadow Ball|p2: Hey There|[notarget]\n|-fail|p1a: Skeledirge\n|\n|-heal|p1a: Skeledirge|94\/100|[from] item: Leftovers\n|upkeep\n|\n|t:|1699689307\n|switch|p2a: Charizard|Charizard, F, shiny|100\/100\n|turn|6\n|\n|t:|1699689334\n|move|p2a: Charizard|Ancient Power|p1a: Skeledirge\n|-supereffective|p1a: Skeledirge\n|-damage|p1a: Skeledirge|52\/100\n|move|p1a: Skeledirge|Torch Song|p2a: Charizard\n|-resisted|p2a: Charizard\n|-damage|p2a: Charizard|80\/100\n|-boost|p1a: Skeledirge|spa|1\n|\n|-heal|p1a: Skeledirge|58\/100|[from] item: Leftovers\n|upkeep\n|turn|7\n|\n|t:|1699689363\n|move|p2a: Charizard|Ancient Power|p1a: Skeledirge\n|-supereffective|p1a: Skeledirge\n|-damage|p1a: Skeledirge|14\/100\n|move|p1a: Skeledirge|Slack Off|p1a: Skeledirge\n|-heal|p1a: Skeledirge|64\/100\n|\n|-heal|p1a: Skeledirge|70\/100|[from] item: Leftovers\n|upkeep\n|turn|8\n|\n|t:|1699689371\n|move|p2a: Charizard|Ancient Power|p1a: Skeledirge\n|-supereffective|p1a: Skeledirge\n|-damage|p1a: Skeledirge|27\/100\n|move|p1a: Skeledirge|Torch Song|p2a: Charizard\n|-resisted|p2a: Charizard\n|-damage|p2a: Charizard|37\/100\n|-boost|p1a: Skeledirge|spa|1\n|\n|-heal|p1a: Skeledirge|34\/100|[from] item: Leftovers\n|upkeep\n|turn|9\n|\n|t:|1699689389\n|switch|p1a: Amoonguss|Amoonguss, M|100\/100\n|move|p2a: Charizard|Ancient Power|p1a: Amoonguss\n|-damage|p1a: Amoonguss|82\/100\n|\n|-heal|p1a: Amoonguss|88\/100|[from] item: Black Sludge\n|upkeep\n|turn|10\n|\n|t:|1699689412\n|switch|p2a: Donny|Torkoal, M|100\/100\n|-weather|SunnyDay|[from] ability: Drought|[of] p2a: Donny\n|move|p1a: Amoonguss|Spore|p2a: Donny\n|-status|p2a: Donny|slp|[from] move: Spore\n|\n|-weather|SunnyDay|[upkeep]\n|-heal|p1a: Amoonguss|94\/100|[from] item: Black Sludge\n|upkeep\n|turn|11\n|\n|t:|1699689427\n|switch|p1a: Cetitan|Cetitan, M|100\/100\n|switch|p2a: Magic|Mismagius, F|100\/100\n|\n|-weather|SunnyDay|[upkeep]\n|upkeep\n|turn|12\n|\n|t:|1699689444\n|move|p1a: Cetitan|Protect|p1a: Cetitan\n|-singleturn|p1a: Cetitan|Protect\n|move|p2a: Magic|Shadow Ball|p1a: Cetitan\n|-activate|p1a: Cetitan|move: Protect\n|\n|-weather|SunnyDay|[upkeep]\n|upkeep\n|turn|13\n|\n|t:|1699689497\n|move|p2a: Magic|Shadow Ball|p1a: Cetitan\n|-damage|p1a: Cetitan|44\/100\n|-unboost|p1a: Cetitan|spd|1\n|-enditem|p1a: Cetitan|Sitrus Berry|[eat]\n|-heal|p1a: Cetitan|69\/100|[from] item: Sitrus Berry\n|-damage|p2a: Magic|91\/100|[from] item: Life Orb\n|move|p1a: Cetitan|Belly Drum|p1a: Cetitan\n|-damage|p1a: Cetitan|19\/100\n|-setboost|p1a: Cetitan|atk|6|[from] move: Belly Drum\n|\n|-weather|SunnyDay|[upkeep]\n|upkeep\n|turn|14\n|\n|t:|1699689513\n|move|p1a: Cetitan|Ice Shard|p2a: Magic\n|-crit|p2a: Magic\n|-damage|p2a: Magic|0 fnt\n|faint|p2a: Magic\n|\n|-weather|SunnyDay|[upkeep]\n|upkeep\n|\n|t:|1699689524\n|switch|p2a: Donny|Torkoal, M|100\/100 slp\n|turn|15\n|\n|t:|1699689534\n|-terastallize|p1a: Cetitan|Ground\n|move|p1a: Cetitan|Flail|p2a: Donny\n|-crit|p2a: Donny\n|-damage|p2a: Donny|0 fnt\n|faint|p2a: Donny\n|\n|-weather|SunnyDay|[upkeep]\n|upkeep\n|\n|t:|1699689545\n|switch|p2a: Charizard|Charizard, F, shiny|37\/100\n|turn|16\n|\n|t:|1699689549\n|move|p1a: Cetitan|Ice Shard|p2a: Charizard\n|-damage|p2a: Charizard|0 fnt\n|faint|p2a: Charizard\n|\n|-weather|SunnyDay|[upkeep]\n|upkeep\n|\n|t:|1699689555\n|switch|p2a: Megaton|Tinkaton, F|100\/100\n|-ability|p2a: Megaton|Mold Breaker\n|turn|17\n|\n|t:|1699689563\n|move|p1a: Cetitan|Protect|p1a: Cetitan\n|-singleturn|p1a: Cetitan|Protect\n|move|p2a: Megaton|Play Rough|p1a: Cetitan\n|-activate|p1a: Cetitan|move: Protect\n|\n|-weather|none\n|upkeep\n|turn|18\n|\n|t:|1699689578\n|move|p1a: Cetitan|Protect||[still]\n|-fail|p1a: Cetitan\n|move|p2a: Megaton|Gigaton Hammer|p1a: Cetitan\n|-damage|p1a: Cetitan|0 fnt\n|faint|p1a: Cetitan\n|\n|upkeep\n|\n|t:|1699689588\n|switch|p1a: Skeledirge|Skeledirge, F|34\/100\n|turn|19\n|\n|t:|1699689596\n|move|p2a: Megaton|Knock Off|p1a: Skeledirge\n|-supereffective|p1a: Skeledirge\n|-damage|p1a: Skeledirge|0 fnt\n|-enditem|p1a: Skeledirge|Leftovers|[from] move: Knock Off|[of] p2a: Megaton\n|faint|p1a: Skeledirge\n|\n|upkeep\n|\n|t:|1699689611\n|switch|p1a: Coalossal|Coalossal, M|100\/100\n|turn|20\n|\n|t:|1699689627\n|move|p2a: Megaton|Gigaton Hammer|p1a: Coalossal\n|-damage|p1a: Coalossal|60\/100\n|move|p1a: Coalossal|Flamethrower|p2a: Megaton\n|-supereffective|p2a: Megaton\n|-damage|p2a: Megaton|54\/100\n|-damage|p1a: Coalossal|51\/100|[from] item: Life Orb\n|\n|upkeep\n|turn|21\n|\n|t:|1699689635\n|move|p2a: Megaton|Knock Off|p1a: Coalossal\n|-damage|p1a: Coalossal|34\/100\n|-enditem|p1a: Coalossal|Life Orb|[from] move: Knock Off|[of] p2a: Megaton\n|move|p1a: Coalossal|Flamethrower|p2a: Megaton\n|-supereffective|p2a: Megaton\n|-damage|p2a: Megaton|19\/100\n|\n|upkeep\n|turn|22\n|\n|t:|1699689650\n|move|p2a: Megaton|Gigaton Hammer|p1a: Coalossal\n|-damage|p1a: Coalossal|0 fnt\n|faint|p1a: Coalossal\n|\n|upkeep\n|\n|t:|1699689658\n|switch|p1a: Veluza|Veluza, F|100\/100\n|turn|23\n|\n|t:|1699689663\n|move|p1a: Veluza|Flip Turn|p2a: Megaton\n|-damage|p2a: Megaton|0 fnt\n|faint|p2a: Megaton\n|\n|t:|1699689667\n|switch|p1a: Amoonguss|Amoonguss, M|100\/100|[from] Flip Turn\n|\n|upkeep\n|\n|t:|1699689674\n|switch|p2a: Get in MY BELLY|Bellibolt, F|100\/100\n|turn|24\n|\n|t:|1699689684\n|move|p2a: Get in MY BELLY|Parabolic Charge|p1a: Amoonguss\n|-resisted|p1a: Amoonguss\n|-damage|p1a: Amoonguss|92\/100\n|move|p1a: Amoonguss|Spore|p2a: Get in MY BELLY\n|-status|p2a: Get in MY BELLY|slp|[from] move: Spore\n|\n|-heal|p1a: Amoonguss|98\/100|[from] item: Black Sludge\n|upkeep\n|turn|25\n|\n|t:|1699689700\n|switch|p1a: Veluza|Veluza, F|100\/100\n|cant|p2a: Get in MY BELLY|slp\n|\n|upkeep\n|turn|26\n|\n|t:|1699689709\n|move|p1a: Veluza|Drill Run|p2a: Get in MY BELLY\n|-supereffective|p2a: Get in MY BELLY\n|-crit|p2a: Get in MY BELLY\n|-damage|p2a: Get in MY BELLY|54\/100 slp\n|-start|p2a: Get in MY BELLY|Charge|Drill Run|[from] ability: Electromorphosis\n|cant|p2a: Get in MY BELLY|slp\n|-end|p2a: Get in MY BELLY|Charge|[silent]\n|\n|upkeep\n|turn|27\n|\n|t:|1699689728\n|move|p1a: Veluza|Drill Run|p2a: Get in MY BELLY\n|-supereffective|p2a: Get in MY BELLY\n|-damage|p2a: Get in MY BELLY|25\/100 slp\n|-start|p2a: Get in MY BELLY|Charge|Drill Run|[from] ability: Electromorphosis\n|-curestatus|p2a: Get in MY BELLY|slp|[msg]\n|move|p2a: Get in MY BELLY|Volt Switch|p1a: Veluza\n|-supereffective|p1a: Veluza\n|-damage|p1a: Veluza|0 fnt\n|faint|p1a: Veluza\n|-end|p2a: Get in MY BELLY|Charge|[silent]\n|\n|upkeep\n|\n|t:|1699689737\n|switch|p1a: Amoonguss|Amoonguss, M|100\/100\n|turn|28\n|\n|t:|1699689744\n|move|p2a: Get in MY BELLY|Slack Off|p2a: Get in MY BELLY\n|-heal|p2a: Get in MY BELLY|75\/100\n|move|p1a: Amoonguss|Sludge Bomb|p2a: Get in MY BELLY\n|-damage|p2a: Get in MY BELLY|49\/100\n|-status|p2a: Get in MY BELLY|psn\n|-start|p2a: Get in MY BELLY|Charge|Sludge Bomb|[from] ability: Electromorphosis\n|\n|-damage|p2a: Get in MY BELLY|37\/100 psn|[from] psn\n|upkeep\n|turn|29\n|\n|t:|1699689756\n|move|p2a: Get in MY BELLY|Volt Switch|p1a: Amoonguss\n|-resisted|p1a: Amoonguss\n|-damage|p1a: Amoonguss|84\/100\n|-end|p2a: Get in MY BELLY|Charge|[silent]\n|move|p1a: Amoonguss|Sludge Bomb|p2a: Get in MY BELLY\n|-damage|p2a: Get in MY BELLY|10\/100 psn\n|-start|p2a: Get in MY BELLY|Charge|Sludge Bomb|[from] ability: Electromorphosis\n|\n|-heal|p1a: Amoonguss|91\/100|[from] item: Black Sludge\n|-damage|p2a: Get in MY BELLY|0 fnt|[from] psn\n|faint|p2a: Get in MY BELLY\n|\n|win|Jam20Jam\n|upkeep\n","uploadtime":1699689768,"views":22,"p1id":"jam20jam","p2id":"briefstar","formatid":"gen9nationaldex","rating":0,"private":0,"password":""}