{"id":"gen9nationaldex-1987058580","p1":"Peanutluigi 2.0","p2":"variares DD","format":"[Gen 9] National Dex","log":"|j|\u203dPeanutluigi 2.0\n|j|\u2606variares DD\n|t:|1699552683\n|gametype|singles\n|player|p1|Peanutluigi 2.0|volo|1368\n|player|p2|variares DD|acetrainercouple|1475\n|teamsize|p1|6\n|teamsize|p2|6\n|gen|9\n|tier|[Gen 9] National Dex\n|rated|\n|rule|HP Percentage Mod: HP is shown in percentages\n|rule|Endless Battle Clause: Forcing endless battles is banned\n|rule|OHKO Clause: OHKO moves are banned\n|rule|Evasion Clause: Evasion abilities, items, and moves are banned\n|rule|Evasion Abilities Clause: Evasion abilities are banned\n|rule|Evasion Items Clause: Evasion items are banned\n|rule|Evasion Moves Clause: Evasion moves are banned\n|rule|Species Clause: Limit one of each Pok\u00e9mon\n|rule|Sleep Clause Mod: Limit one foe put to sleep\n|clearpoke\n|poke|p1|Celesteela|\n|poke|p1|Iron Valiant|\n|poke|p1|Garganacl, F|\n|poke|p1|Serperior, M|\n|poke|p1|Great Tusk|\n|poke|p1|Charizard, F|\n|poke|p2|Altaria, F|\n|poke|p2|Jirachi|\n|poke|p2|Heatran, M|\n|poke|p2|Landorus-Therian, M|\n|poke|p2|Greninja-*, F|\n|poke|p2|Corviknight, M|\n|teampreview\n|inactive|Battle timer is ON: inactive players will automatically lose when time's up. (requested by variares DD)\n|\n|t:|1699552695\n|start\n|switch|p1a: Garganacl|Garganacl, F|100\/100\n|switch|p2a: Greninja|Greninja, F, shiny|100\/100\n|turn|1\n|\n|t:|1699552698\n|move|p2a: Greninja|Spikes|p1a: Garganacl\n|-start|p2a: Greninja|typechange|Ground|[from] ability: Protean\n|-sidestart|p1: Peanutluigi 2.0|Spikes\n|move|p1a: Garganacl|Salt Cure|p2a: Greninja\n|-resisted|p2a: Greninja\n|-damage|p2a: Greninja|89\/100\n|-start|p2a: Greninja|Salt Cure\n|\n|-damage|p2a: Greninja|77\/100|[from] Salt Cure\n|upkeep\n|turn|2\n|\n|t:|1699552708\n|-zpower|p2a: Greninja\n|move|p2a: Greninja|Hydro Vortex|p1a: Garganacl|[zeffect]\n|-supereffective|p1a: Garganacl\n|-damage|p1a: Garganacl|1\/100\n|move|p1a: Garganacl|Stealth Rock|p2a: Greninja\n|-sidestart|p2: variares DD|move: Stealth Rock\n|\n|-heal|p1a: Garganacl|7\/100|[from] item: Leftovers\n|-damage|p2a: Greninja|64\/100|[from] Salt Cure\n|upkeep\n|turn|3\n|\n|t:|1699552716\n|move|p2a: Greninja|Spikes|p1a: Garganacl\n|-sidestart|p1: Peanutluigi 2.0|Spikes\n|move|p1a: Garganacl|Recover|p1a: Garganacl\n|-heal|p1a: Garganacl|57\/100\n|\n|-heal|p1a: Garganacl|63\/100|[from] item: Leftovers\n|-damage|p2a: Greninja|52\/100|[from] Salt Cure\n|upkeep\n|turn|4\n|\n|t:|1699552719\n|move|p2a: Greninja|Hydro Pump|p1a: Garganacl\n|-supereffective|p1a: Garganacl\n|-damage|p1a: Garganacl|4\/100\n|move|p1a: Garganacl|Recover|p1a: Garganacl\n|-heal|p1a: Garganacl|54\/100\n|\n|-heal|p1a: Garganacl|61\/100|[from] item: Leftovers\n|-damage|p2a: Greninja|40\/100|[from] Salt Cure\n|upkeep\n|turn|5\n|\n|t:|1699552722\n|move|p2a: Greninja|Hydro Pump|p1a: Garganacl\n|-supereffective|p1a: Garganacl\n|-damage|p1a: Garganacl|3\/100\n|move|p1a: Garganacl|Recover|p1a: Garganacl\n|-heal|p1a: Garganacl|53\/100\n|\n|-heal|p1a: Garganacl|59\/100|[from] item: Leftovers\n|-damage|p2a: Greninja|28\/100|[from] Salt Cure\n|upkeep\n|turn|6\n|\n|t:|1699552724\n|move|p2a: Greninja|Hydro Pump|p1a: Garganacl\n|-supereffective|p1a: Garganacl\n|-damage|p1a: Garganacl|0 fnt\n|faint|p1a: Garganacl\n|\n|-damage|p2a: Greninja|15\/100|[from] Salt Cure\n|upkeep\n|\n|t:|1699552730\n|switch|p1a: Celesteela|Celesteela|100\/100\n|turn|7\n|\n|t:|1699552733\n|switch|p2a: Heatran|Heatran, M|100\/100\n|-damage|p2a: Heatran|88\/100|[from] Stealth Rock\n|move|p1a: Celesteela|Heavy Slam|p2a: Heatran\n|-resisted|p2a: Heatran\n|-damage|p2a: Heatran|83\/100\n|\n|-heal|p2a: Heatran|89\/100|[from] item: Leftovers\n|upkeep\n|turn|8\n|\n|t:|1699552738\n|switch|p1a: Iron Valiant|Iron Valiant|100\/100\n|-damage|p1a: Iron Valiant|84\/100|[from] Spikes\n|-enditem|p1a: Iron Valiant|Booster Energy\n|-activate|p1a: Iron Valiant|ability: Quark Drive|[fromitem]\n|-start|p1a: Iron Valiant|quarkdrivespe\n|move|p2a: Heatran|Stealth Rock|p1a: Iron Valiant\n|-sidestart|p1: Peanutluigi 2.0|move: Stealth Rock\n|\n|-heal|p2a: Heatran|95\/100|[from] item: Leftovers\n|upkeep\n|turn|9\n|\n|t:|1699552748\n|move|p1a: Iron Valiant|Close Combat|p2a: Heatran\n|-supereffective|p2a: Heatran\n|-damage|p2a: Heatran|0 fnt\n|-unboost|p1a: Iron Valiant|def|1\n|-unboost|p1a: Iron Valiant|spd|1\n|faint|p2a: Heatran\n|\n|upkeep\n|\n|t:|1699552753\n|switch|p2a: Jirachi|Jirachi|100\/100\n|-damage|p2a: Jirachi|94\/100|[from] Stealth Rock\n|turn|10\n|\n|t:|1699552756\n|move|p1a: Iron Valiant|Knock Off|p2a: Jirachi\n|-supereffective|p2a: Jirachi\n|-damage|p2a: Jirachi|22\/100\n|-enditem|p2a: Jirachi|Choice Scarf|[from] move: Knock Off|[of] p1a: Iron Valiant\n|move|p2a: Jirachi|U-turn|p1a: Iron Valiant\n|-resisted|p1a: Iron Valiant\n|-damage|p1a: Iron Valiant|74\/100\n|inactive|variares DD has 120 seconds left.\n|\n|t:|1699552793\n|switch|p2a: Corviknight|Corviknight, M, shiny|100\/100|[from] U-turn\n|-damage|p2a: Corviknight|88\/100|[from] Stealth Rock\n|-ability|p2a: Corviknight|Pressure\n|\n|-heal|p2a: Corviknight|94\/100|[from] item: Leftovers\n|upkeep\n|turn|11\n|\n|t:|1699552800\n|-end|p1a: Iron Valiant|Quark Drive|[silent]\n|switch|p1a: Celesteela|Celesteela|100\/100\n|-damage|p1a: Celesteela|88\/100|[from] Stealth Rock\n|move|p2a: Corviknight|Brave Bird|p1a: Celesteela\n|-resisted|p1a: Celesteela\n|-damage|p1a: Celesteela|73\/100\n|-damage|p2a: Corviknight|89\/100|[from] Recoil\n|\n|-heal|p2a: Corviknight|95\/100|[from] item: Leftovers\n|-heal|p1a: Celesteela|79\/100|[from] item: Leftovers\n|upkeep\n|turn|12\n|\n|t:|1699552812\n|switch|p2a: Landorus|Landorus-Therian, M|100\/100\n|-damage|p2a: Landorus|88\/100|[from] Stealth Rock\n|-ability|p2a: Landorus|Intimidate|boost\n|-unboost|p1a: Celesteela|atk|1\n|move|p1a: Celesteela|Leech Seed|p2a: Landorus\n|-start|p2a: Landorus|move: Leech Seed\n|\n|-heal|p1a: Celesteela|85\/100|[from] item: Leftovers\n|-damage|p2a: Landorus|76\/100|[from] Leech Seed|[of] p1a: Celesteela\n|-heal|p1a: Celesteela|95\/100|[silent]\n|upkeep\n|turn|13\n|\n|t:|1699552824\n|move|p2a: Landorus|Taunt|p1a: Celesteela\n|-start|p1a: Celesteela|move: Taunt\n|cant|p1a: Celesteela|move: Taunt|Substitute\n|\n|-heal|p1a: Celesteela|100\/100|[from] item: Leftovers\n|-damage|p2a: Landorus|64\/100|[from] Leech Seed|[of] p1a: Celesteela\n|upkeep\n|turn|14\n|inactive|variares DD has 120 seconds left.\n|\n|t:|1699552850\n|switch|p2a: Altaria|Altaria, F, shiny|100\/100\n|-damage|p2a: Altaria|76\/100|[from] Stealth Rock\n|switch|p1a: Great Tusk|Great Tusk|100\/100\n|-damage|p1a: Great Tusk|84\/100|[from] Spikes\n|-damage|p1a: Great Tusk|81\/100|[from] Stealth Rock\n|\n|upkeep\n|turn|15\n|\n|t:|1699552863\n|detailschange|p2a: Altaria|Altaria-Mega, F, shiny\n|-mega|p2a: Altaria|Altaria|Altarianite\n|-terastallize|p1a: Great Tusk|Ice\n|move|p1a: Great Tusk|Rapid Spin|p2a: Altaria\n|-damage|p2a: Altaria|64\/100\n|-boost|p1a: Great Tusk|spe|1\n|-sideend|p1: Peanutluigi 2.0|Spikes|[from] move: Rapid Spin|[of] p1a: Great Tusk\n|-sideend|p1: Peanutluigi 2.0|Stealth Rock|[from] move: Rapid Spin|[of] p1a: Great Tusk\n|move|p2a: Altaria|Body Slam|p1a: Great Tusk\n|-damage|p1a: Great Tusk|53\/100\n|\n|upkeep\n|turn|16\n|\n|t:|1699552874\n|switch|p2a: Corviknight|Corviknight, M, shiny|95\/100\n|-damage|p2a: Corviknight|83\/100|[from] Stealth Rock\n|-ability|p2a: Corviknight|Pressure\n|move|p1a: Great Tusk|Ice Spinner|p2a: Corviknight\n|-damage|p2a: Corviknight|58\/100\n|\n|-heal|p2a: Corviknight|64\/100|[from] item: Leftovers\n|upkeep\n|turn|17\n|\n|t:|1699552886\n|-end|p1a: Great Tusk|Protosynthesis|[silent]\n|switch|p1a: Celesteela|Celesteela|100\/100\n|move|p2a: Corviknight|Defog|p1a: Celesteela\n|-unboost|p1a: Celesteela|evasion|1\n|-sideend|p2: variares DD|Stealth Rock|[from] move: Defog|[of] p2a: Corviknight\n|\n|-heal|p2a: Corviknight|70\/100|[from] item: Leftovers\n|upkeep\n|turn|18\n|\n|t:|1699552900\n|move|p2a: Corviknight|Body Press|p1a: Celesteela\n|-damage|p1a: Celesteela|77\/100\n|move|p1a: Celesteela|Substitute|p1a: Celesteela\n|-start|p1a: Celesteela|Substitute\n|-damage|p1a: Celesteela|53\/100\n|\n|-heal|p2a: Corviknight|76\/100|[from] item: Leftovers\n|-heal|p1a: Celesteela|59\/100|[from] item: Leftovers\n|upkeep\n|turn|19\n|\n|t:|1699552909\n|move|p2a: Corviknight|Body Press|p1a: Celesteela\n|-activate|p1a: Celesteela|move: Substitute|[damage]\n|move|p1a: Celesteela|Leech Seed|p2a: Corviknight\n|-start|p2a: Corviknight|move: Leech Seed\n|\n|-heal|p2a: Corviknight|82\/100|[from] item: Leftovers\n|-heal|p1a: Celesteela|65\/100|[from] item: Leftovers\n|-damage|p2a: Corviknight|70\/100|[from] Leech Seed|[of] p1a: Celesteela\n|-heal|p1a: Celesteela|77\/100|[silent]\n|upkeep\n|turn|20\n|inactive|variares DD has 120 seconds left.\n|\n|t:|1699552942\n|move|p2a: Corviknight|Roost|p2a: Corviknight\n|-heal|p2a: Corviknight|100\/100\n|-singleturn|p2a: Corviknight|move: Roost\n|move|p1a: Celesteela|Iron Defense|p1a: Celesteela\n|-boost|p1a: Celesteela|def|2\n|\n|-heal|p1a: Celesteela|83\/100|[from] item: Leftovers\n|-damage|p2a: Corviknight|88\/100|[from] Leech Seed|[of] p1a: Celesteela\n|-heal|p1a: Celesteela|95\/100|[silent]\n|upkeep\n|turn|21\n|\n|t:|1699552947\n|switch|p2a: Landorus|Landorus-Therian, M|64\/100\n|-ability|p2a: Landorus|Intimidate|boost\n|-immune|p1a: Celesteela\n|move|p1a: Celesteela|Iron Defense|p1a: Celesteela\n|-boost|p1a: Celesteela|def|2\n|\n|-heal|p1a: Celesteela|100\/100|[from] item: Leftovers\n|upkeep\n|turn|22\n|\n|t:|1699552954\n|move|p2a: Landorus|Taunt|p1a: Celesteela\n|-start|p1a: Celesteela|move: Taunt\n|cant|p1a: Celesteela|move: Taunt|Leech Seed\n|\n|upkeep\n|turn|23\n|\n|t:|1699552971\n|switch|p2a: Jirachi|Jirachi|22\/100\n|move|p1a: Celesteela|Heavy Slam|p2a: Jirachi\n|-resisted|p2a: Jirachi\n|-damage|p2a: Jirachi|1\/100\n|\n|upkeep\n|turn|24\n|\n|t:|1699552979\n|move|p2a: Jirachi|Zen Headbutt|p1a: Celesteela\n|-resisted|p1a: Celesteela\n|-end|p1a: Celesteela|Substitute\n|move|p1a: Celesteela|Heavy Slam|p2a: Jirachi\n|-resisted|p2a: Jirachi\n|-damage|p2a: Jirachi|0 fnt\n|faint|p2a: Jirachi\n|-ability|p1a: Celesteela|Beast Boost|boost\n|-boost|p1a: Celesteela|spd|1\n|\n|-end|p1a: Celesteela|move: Taunt\n|upkeep\n|\n|t:|1699552982\n|switch|p2a: Greninja|Greninja, F, shiny|15\/100\n|turn|25\n|\n|t:|1699552985\n|move|p2a: Greninja|Ice Beam|p1a: Celesteela\n|-start|p2a: Greninja|typechange|Ice|[from] ability: Protean\n|-damage|p1a: Celesteela|83\/100\n|move|p1a: Celesteela|Heavy Slam|p2a: Greninja\n|-supereffective|p2a: Greninja\n|-damage|p2a: Greninja|0 fnt\n|faint|p2a: Greninja\n|-ability|p1a: Celesteela|Beast Boost|boost\n|-boost|p1a: Celesteela|spd|1\n|\n|-heal|p1a: Celesteela|89\/100|[from] item: Leftovers\n|upkeep\n|\n|t:|1699552993\n|switch|p2a: Landorus|Landorus-Therian, M|64\/100\n|-ability|p2a: Landorus|Intimidate|boost\n|-unboost|p1a: Celesteela|atk|1\n|turn|26\n|\n|t:|1699552997\n|move|p2a: Landorus|Taunt|p1a: Celesteela\n|-start|p1a: Celesteela|move: Taunt\n|move|p1a: Celesteela|Heavy Slam|p2a: Landorus\n|-damage|p2a: Landorus|31\/100\n|-damage|p1a: Celesteela|72\/100|[from] item: Rocky Helmet|[of] p2a: Landorus\n|\n|-heal|p1a: Celesteela|78\/100|[from] item: Leftovers\n|upkeep\n|turn|27\n|\n|t:|1699553011\n|move|p2a: Landorus|Swords Dance|p2a: Landorus\n|-boost|p2a: Landorus|atk|2\n|move|p1a: Celesteela|Heavy Slam|p2a: Landorus\n|-damage|p2a: Landorus|0 fnt\n|-damage|p1a: Celesteela|62\/100|[from] item: Rocky Helmet|[of] p2a: Landorus\n|faint|p2a: Landorus\n|-ability|p1a: Celesteela|Beast Boost|boost\n|-boost|p1a: Celesteela|spd|1\n|\n|-heal|p1a: Celesteela|68\/100|[from] item: Leftovers\n|upkeep\n|\n|t:|1699553012\n|switch|p2a: Altaria|Altaria-Mega, F, shiny|64\/100\n|turn|28\n|\n|t:|1699553015\n|move|p2a: Altaria|Flamethrower|p1a: Celesteela\n|-supereffective|p1a: Celesteela\n|-damage|p1a: Celesteela|56\/100\n|move|p1a: Celesteela|Heavy Slam|p2a: Altaria\n|-supereffective|p2a: Altaria\n|-damage|p2a: Altaria|24\/100\n|\n|-heal|p1a: Celesteela|62\/100|[from] item: Leftovers\n|-end|p1a: Celesteela|move: Taunt\n|upkeep\n|turn|29\n|-message|variares DD forfeited.\n|\n|win|Peanutluigi 2.0\n|raw|Peanutluigi 2.0's rating: 1368 &rarr; <strong>1394<\/strong><br \/>(+26 for winning)\n|raw|variares DD's rating: 1475 &rarr; <strong>1449<\/strong><br \/>(-26 for losing)\n|l|\u2606variares DD\n","uploadtime":1699553022,"views":5,"p1id":"peanutluigi20","p2id":"variaresdd","formatid":"gen9nationaldex","rating":1394,"private":0,"password":""}