{"id":"gen9nationaldex-1997938219","p1":"IrisYinFlower","p2":"Ryan96t","format":"[Gen 9] National Dex","log":"|html|<div class=\"broadcast-blue\"><strong>[Gen 9] National Dex is currently suspecting Sneasler! For information on how to participate check out the <a href=\"https:\/\/www.smogon.com\/forums\/threads\/sv-national-dex-suspect-8-just-dance.3731534\/\">suspect thread<\/a>.<\/strong><\/div>\n|j|\u2606IrisYinFlower\n|j|\u2606Ryan96t\n|t:|1700869697\n|gametype|singles\n|player|p1|IrisYinFlower|whitney|1077\n|player|p2|Ryan96t|266|1059\n|teamsize|p1|5\n|teamsize|p2|4\n|gen|9\n|tier|[Gen 9] National Dex\n|rated|\n|rule|HP Percentage Mod: HP is shown in percentages\n|rule|Endless Battle Clause: Forcing endless battles is banned\n|rule|OHKO Clause: OHKO moves are banned\n|rule|Evasion Clause: Evasion abilities, items, and moves are banned\n|rule|Evasion Abilities Clause: Evasion abilities are banned\n|rule|Evasion Items Clause: Evasion items are banned\n|rule|Evasion Moves Clause: Evasion moves are banned\n|rule|Species Clause: Limit one of each Pok\u00e9mon\n|rule|Sleep Clause Mod: Limit one foe put to sleep\n|clearpoke\n|poke|p1|Mamoswine, F|\n|poke|p1|Drifblim, F|\n|poke|p1|Tauros, M|\n|poke|p1|Milotic, F|\n|poke|p1|Bronzong|\n|poke|p2|Comfey, M|\n|poke|p2|Rillaboom, M|\n|poke|p2|Espeon, M|\n|poke|p2|Ninetales-Alola, M|\n|teampreview\n|inactive|Battle timer is ON: inactive players will automatically lose when time's up. (requested by Ryan96t)\n|\n|t:|1700869711\n|start\n|switch|p1a: Milotic|Milotic, F, shiny|100\/100\n|switch|p2a: Espeon|Espeon, M|100\/100\n|turn|1\n|\n|t:|1700869717\n|move|p2a: Espeon|Thunder Wave|p1a: Milotic\n|-status|p1a: Milotic|par\n|cant|p1a: Milotic|par\n|\n|upkeep\n|turn|2\n|\n|t:|1700869722\n|move|p2a: Espeon|Light Screen|p2a: Espeon\n|-sidestart|p2: Ryan96t|move: Light Screen\n|cant|p1a: Milotic|par\n|\n|upkeep\n|turn|3\n|\n|t:|1700869726\n|move|p2a: Espeon|Reflect|p2a: Espeon\n|-sidestart|p2: Ryan96t|Reflect\n|move|p1a: Milotic|Aqua Ring|p1a: Milotic\n|-start|p1a: Milotic|Aqua Ring\n|\n|upkeep\n|turn|4\n|\n|t:|1700869740\n|switch|p2a: Ninetales|Ninetales-Alola, M|100\/100\n|-weather|Snow|[from] ability: Snow Warning|[of] p2a: Ninetales\n|cant|p1a: Milotic|par\n|\n|-weather|Snow|[upkeep]\n|upkeep\n|turn|5\n|\n|t:|1700869747\n|move|p2a: Ninetales|Encore|p1a: Milotic\n|-start|p1a: Milotic|Encore\n|move|p1a: Milotic|Aqua Ring||[still]\n|-fail|p1a: Milotic\n|\n|-weather|Snow|[upkeep]\n|upkeep\n|turn|6\n|\n|t:|1700869755\n|move|p2a: Ninetales|Aurora Veil|p2a: Ninetales\n|-sidestart|p2: Ryan96t|move: Aurora Veil\n|move|p1a: Milotic|Aqua Ring||[still]\n|-fail|p1a: Milotic\n|\n|-weather|Snow|[upkeep]\n|upkeep\n|turn|7\n|\n|t:|1700869760\n|switch|p2a: Rillaboom|Rillaboom, M|100\/100\n|-fieldstart|move: Grassy Terrain|[from] ability: Grassy Surge|[of] p2a: Rillaboom\n|cant|p1a: Milotic|par\n|\n|-weather|Snow|[upkeep]\n|-end|p1a: Milotic|Encore\n|upkeep\n|turn|8\n|\n|t:|1700869768\n|switch|p2a: Comfey|Comfey, M|100\/100\n|-enditem|p2a: Comfey|Grassy Seed\n|-boost|p2a: Comfey|def|1|[from] item: Grassy Seed\n|move|p1a: Milotic|Ice Beam|p2a: Comfey\n|-damage|p2a: Comfey|89\/100\n|\n|-weather|none\n|-heal|p2a: Comfey|95\/100|[from] Grassy Terrain\n|upkeep\n|turn|9\n|\n|t:|1700869779\n|-terastallize|p2a: Comfey|Steel\n|move|p2a: Comfey|Calm Mind|p2a: Comfey\n|-boost|p2a: Comfey|spa|1\n|-boost|p2a: Comfey|spd|1\n|move|p1a: Milotic|Ice Beam|p2a: Comfey\n|-resisted|p2a: Comfey\n|-damage|p2a: Comfey|91\/100\n|\n|-heal|p2a: Comfey|97\/100|[from] Grassy Terrain\n|-sideend|p2: Ryan96t|move: Light Screen\n|upkeep\n|turn|10\n|\n|t:|1700869788\n|move|p2a: Comfey|Calm Mind|p2a: Comfey\n|-boost|p2a: Comfey|spa|1\n|-boost|p2a: Comfey|spd|1\n|move|p1a: Milotic|Scald|p2a: Comfey\n|-damage|p2a: Comfey|90\/100\n|-status|p2a: Comfey|brn\n|\n|-heal|p2a: Comfey|96\/100 brn|[from] Grassy Terrain\n|-damage|p2a: Comfey|90\/100 brn|[from] brn\n|-sideend|p2: Ryan96t|Reflect\n|upkeep\n|turn|11\n|\n|t:|1700869802\n|move|p2a: Comfey|Calm Mind|p2a: Comfey\n|-boost|p2a: Comfey|spa|1\n|-boost|p2a: Comfey|spd|1\n|cant|p1a: Milotic|par\n|\n|-heal|p2a: Comfey|96\/100 brn|[from] Grassy Terrain\n|-damage|p2a: Comfey|90\/100 brn|[from] brn\n|-fieldend|move: Grassy Terrain\n|upkeep\n|turn|12\n|\n|t:|1700869809\n|move|p2a: Comfey|Calm Mind|p2a: Comfey\n|-boost|p2a: Comfey|spa|1\n|-boost|p2a: Comfey|spd|1\n|move|p1a: Milotic|Scald|p2a: Comfey\n|-damage|p2a: Comfey|86\/100 brn\n|\n|-damage|p2a: Comfey|80\/100 brn|[from] brn\n|upkeep\n|turn|13\n|\n|t:|1700869817\n|move|p2a: Comfey|Calm Mind|p2a: Comfey\n|-boost|p2a: Comfey|spa|1\n|-boost|p2a: Comfey|spd|1\n|move|p1a: Milotic|Scald|p2a: Comfey\n|-damage|p2a: Comfey|75\/100 brn\n|\n|-damage|p2a: Comfey|69\/100 brn|[from] brn\n|-sideend|p2: Ryan96t|move: Aurora Veil\n|upkeep\n|turn|14\n|\n|t:|1700869825\n|move|p2a: Comfey|Calm Mind|p2a: Comfey\n|-boost|p2a: Comfey|spa|1\n|-boost|p2a: Comfey|spd|1\n|cant|p1a: Milotic|par\n|\n|-damage|p2a: Comfey|63\/100 brn|[from] brn\n|upkeep\n|turn|15\n|\n|t:|1700869831\n|move|p2a: Comfey|Draining Kiss|p1a: Milotic\n|-damage|p1a: Milotic|49\/100 par\n|-heal|p2a: Comfey|100\/100 brn|[from] drain|[of] p1a: Milotic\n|cant|p1a: Milotic|par\n|\n|-heal|p1a: Milotic|55\/100 par|[from] item: Leftovers\n|-heal|p1a: Milotic|61\/100 par|[from] Aqua Ring\n|-damage|p2a: Comfey|95\/100 brn|[from] brn\n|upkeep\n|turn|16\n|\n|t:|1700869840\n|move|p2a: Comfey|Draining Kiss|p1a: Milotic\n|-damage|p1a: Milotic|11\/100 par\n|-heal|p2a: Comfey|100\/100 brn|[from] drain|[of] p1a: Milotic\n|cant|p1a: Milotic|par\n|\n|-heal|p1a: Milotic|18\/100 par|[from] item: Leftovers\n|-heal|p1a: Milotic|24\/100 par|[from] Aqua Ring\n|-damage|p2a: Comfey|95\/100 brn|[from] brn\n|upkeep\n|turn|17\n|\n|t:|1700869849\n|move|p2a: Comfey|Draining Kiss|p1a: Milotic\n|-crit|p1a: Milotic\n|-damage|p1a: Milotic|0 fnt\n|-heal|p2a: Comfey|100\/100 brn|[from] drain|[of] p1a: Milotic\n|faint|p1a: Milotic\n|\n|-damage|p2a: Comfey|95\/100 brn|[from] brn\n|upkeep\n|\n|t:|1700869859\n|switch|p1a: Tauros|Tauros, M|100\/100\n|-ability|p1a: Tauros|Intimidate|boost\n|-unboost|p2a: Comfey|atk|1\n|turn|18\n|\n|t:|1700869870\n|move|p2a: Comfey|Draining Kiss|p1a: Tauros\n|-damage|p1a: Tauros|0 fnt\n|-heal|p2a: Comfey|100\/100 brn|[from] drain|[of] p1a: Tauros\n|faint|p1a: Tauros\n|\n|-damage|p2a: Comfey|95\/100 brn|[from] brn\n|upkeep\n|\n|t:|1700869877\n|switch|p1a: Bronzong|Bronzong|100\/100\n|turn|19\n|\n|t:|1700869882\n|move|p2a: Comfey|Stored Power|p1a: Bronzong\n|-resisted|p1a: Bronzong\n|-damage|p1a: Bronzong|40\/100\n|move|p1a: Bronzong|Light Screen|p1a: Bronzong\n|-sidestart|p1: IrisYinFlower|move: Light Screen\n|\n|-damage|p2a: Comfey|89\/100 brn|[from] brn\n|upkeep\n|turn|20\n|\n|t:|1700869891\n|move|p2a: Comfey|Stored Power|p1a: Bronzong\n|-resisted|p1a: Bronzong\n|-damage|p1a: Bronzong|11\/100\n|move|p1a: Bronzong|Signal Beam|p2a: Comfey\n|-resisted|p2a: Comfey\n|-damage|p2a: Comfey|87\/100 brn\n|\n|-damage|p2a: Comfey|81\/100 brn|[from] brn\n|upkeep\n|turn|21\n|\n|t:|1700869900\n|move|p2a: Comfey|Stored Power|p1a: Bronzong\n|-resisted|p1a: Bronzong\n|-damage|p1a: Bronzong|0 fnt\n|faint|p1a: Bronzong\n|\n|-damage|p2a: Comfey|75\/100 brn|[from] brn\n|upkeep\n|\n|t:|1700869906\n|switch|p1a: Mamoswine|Mamoswine, F|100\/100\n|turn|22\n|\n|t:|1700869910\n|move|p2a: Comfey|Draining Kiss|p1a: Mamoswine\n|-damage|p1a: Mamoswine|59\/100\n|-heal|p2a: Comfey|100\/100 brn|[from] drain|[of] p1a: Mamoswine\n|move|p1a: Mamoswine|Earthquake|p2a: Comfey\n|-supereffective|p2a: Comfey\n|-damage|p2a: Comfey|12\/100 brn\n|\n|-damage|p2a: Comfey|6\/100 brn|[from] brn\n|upkeep\n|turn|23\n|\n|t:|1700869919\n|move|p2a: Comfey|Draining Kiss|p1a: Mamoswine\n|-damage|p1a: Mamoswine|15\/100\n|-heal|p2a: Comfey|60\/100 brn|[from] drain|[of] p1a: Mamoswine\n|move|p1a: Mamoswine|Earthquake|p2a: Comfey\n|-supereffective|p2a: Comfey\n|-damage|p2a: Comfey|0 fnt\n|faint|p2a: Comfey\n|\n|upkeep\n|\n|t:|1700869926\n|switch|p2a: Rillaboom|Rillaboom, M|100\/100\n|-fieldstart|move: Grassy Terrain|[from] ability: Grassy Surge|[of] p2a: Rillaboom\n|turn|24\n|\n|t:|1700869931\n|move|p2a: Rillaboom|Grassy Glide|p1a: Mamoswine\n|-supereffective|p1a: Mamoswine\n|-damage|p1a: Mamoswine|0 fnt\n|faint|p1a: Mamoswine\n|\n|upkeep\n|\n|t:|1700869937\n|switch|p1a: Drifblim|Drifblim, F|100\/100\n|turn|25\n|\n|t:|1700869942\n|switch|p2a: Ninetales|Ninetales-Alola, M|100\/100\n|-weather|Snow|[from] ability: Snow Warning|[of] p2a: Ninetales\n|move|p1a: Drifblim|Amnesia|p1a: Drifblim\n|-boost|p1a: Drifblim|spd|2\n|\n|-weather|Snow|[upkeep]\n|upkeep\n|turn|26\n|\n|t:|1700869956\n|move|p2a: Ninetales|Encore|p1a: Drifblim\n|-start|p1a: Drifblim|Encore\n|move|p1a: Drifblim|Amnesia|p1a: Drifblim\n|-boost|p1a: Drifblim|spd|2\n|\n|-weather|Snow|[upkeep]\n|-sideend|p1: IrisYinFlower|move: Light Screen\n|upkeep\n|turn|27\n|\n|t:|1700869962\n|move|p2a: Ninetales|Weather Ball|p1a: Drifblim\n|-supereffective|p1a: Drifblim\n|-damage|p1a: Drifblim|73\/100\n|move|p1a: Drifblim|Amnesia|p1a: Drifblim\n|-boost|p1a: Drifblim|spd|2\n|\n|-weather|Snow|[upkeep]\n|upkeep\n|turn|28\n|\n|t:|1700869970\n|move|p2a: Ninetales|Weather Ball|p1a: Drifblim\n|-supereffective|p1a: Drifblim\n|-damage|p1a: Drifblim|53\/100\n|move|p1a: Drifblim|Amnesia|p1a: Drifblim\n|-boost|p1a: Drifblim|spd|0\n|\n|-weather|Snow|[upkeep]\n|-end|p1a: Drifblim|Encore\n|-fieldend|move: Grassy Terrain\n|upkeep\n|turn|29\n|\n|t:|1700869984\n|move|p2a: Ninetales|Encore|p1a: Drifblim\n|-start|p1a: Drifblim|Encore\n|move|p1a: Drifblim|Amnesia|p1a: Drifblim\n|-boost|p1a: Drifblim|spd|0\n|\n|-weather|none\n|upkeep\n|turn|30\n|\n|t:|1700869993\n|move|p2a: Ninetales|Chilling Water|p1a: Drifblim\n|-damage|p1a: Drifblim|50\/100\n|-unboost|p1a: Drifblim|atk|1\n|-enditem|p1a: Drifblim|Sitrus Berry|[eat]\n|-heal|p1a: Drifblim|75\/100|[from] item: Sitrus Berry\n|move|p1a: Drifblim|Amnesia|p1a: Drifblim\n|-boost|p1a: Drifblim|spd|0\n|\n|upkeep\n|turn|31\n|\n|t:|1700870001\n|switch|p2a: Espeon|Espeon, M|100\/100\n|move|p1a: Drifblim|Amnesia|p1a: Drifblim\n|-boost|p1a: Drifblim|spd|0\n|\n|-end|p1a: Drifblim|Encore\n|upkeep\n|turn|32\n|\n|t:|1700870011\n|move|p1a: Drifblim|Phantom Force||[still]\n|-prepare|p1a: Drifblim|Phantom Force\n|move|p2a: Espeon|Thunder Wave|p1a: Drifblim|[miss]\n|-miss|p2a: Espeon|p1a: Drifblim\n|\n|upkeep\n|turn|33\n|\n|t:|1700870016\n|switch|p2a: Rillaboom|Rillaboom, M|100\/100\n|-fieldstart|move: Grassy Terrain|[from] ability: Grassy Surge|[of] p2a: Rillaboom\n|move|p1a: Drifblim|Phantom Force|p2a: Rillaboom|[from]lockedmove\n|-damage|p2a: Rillaboom|75\/100\n|-enditem|p2a: Rillaboom|Eject Button\n|\n|t:|1700870023\n|switch|p2a: Espeon|Espeon, M|100\/100\n|\n|upkeep\n|turn|34\n|\n|t:|1700870030\n|move|p1a: Drifblim|Phantom Force||[still]\n|-prepare|p1a: Drifblim|Phantom Force\n|move|p2a: Espeon|Reflect|p2a: Espeon\n|-sidestart|p2: Ryan96t|Reflect\n|\n|upkeep\n|turn|35\n|\n|t:|1700870034\n|move|p1a: Drifblim|Phantom Force|p2a: Espeon|[from]lockedmove\n|-supereffective|p2a: Espeon\n|-damage|p2a: Espeon|65\/100\n|move|p2a: Espeon|Thunder Wave|p1a: Drifblim\n|-status|p1a: Drifblim|par\n|\n|-heal|p2a: Espeon|71\/100|[from] Grassy Terrain\n|upkeep\n|turn|36\n|\n|t:|1700870047\n|move|p2a: Espeon|Tickle|p1a: Drifblim\n|-unboost|p1a: Drifblim|atk|1\n|-unboost|p1a: Drifblim|def|1\n|move|p1a: Drifblim|Acrobatics|p2a: Espeon\n|-damage|p2a: Espeon|53\/100\n|\n|-heal|p2a: Espeon|59\/100|[from] Grassy Terrain\n|upkeep\n|turn|37\n|\n|t:|1700870055\n|move|p2a: Espeon|Tickle|p1a: Drifblim\n|-unboost|p1a: Drifblim|atk|1\n|-unboost|p1a: Drifblim|def|1\n|move|p1a: Drifblim|Strength Sap|p2a: Espeon\n|move|p2a: Espeon|Strength Sap|p1a: Drifblim|[from]ability: Magic Bounce\n|-unboost|p1a: Drifblim|atk|1\n|-heal|p2a: Espeon|93\/100\n|\n|-heal|p2a: Espeon|99\/100|[from] Grassy Terrain\n|-fieldend|move: Grassy Terrain\n|upkeep\n|turn|38\n|\n|t:|1700870067\n|move|p2a: Espeon|Tickle|p1a: Drifblim\n|-unboost|p1a: Drifblim|atk|1\n|-unboost|p1a: Drifblim|def|1\n|move|p1a: Drifblim|Phantom Force||[still]\n|-prepare|p1a: Drifblim|Phantom Force\n|\n|upkeep\n|turn|39\n|\n|t:|1700870077\n|move|p2a: Espeon|Light Screen|p2a: Espeon\n|-sidestart|p2: Ryan96t|move: Light Screen\n|move|p1a: Drifblim|Phantom Force|p2a: Espeon|[from]lockedmove\n|-supereffective|p2a: Espeon\n|-damage|p2a: Espeon|82\/100\n|\n|upkeep\n|turn|40\n|-message|IrisYinFlower forfeited.\n|\n|win|Ryan96t\n|raw|IrisYinFlower's rating: 1077 &rarr; <strong>1054<\/strong><br \/>(-23 for losing)\n|raw|Ryan96t's rating: 1059 &rarr; <strong>1092<\/strong><br \/>(+33 for winning)\n|l|\u2606IrisYinFlower\n","uploadtime":1700870096,"views":5,"p1id":"irisyinflower","p2id":"ryan96t","formatid":"gen9nationaldex","rating":1054,"private":0,"password":""}