{"id":"gen9nationaldex-1999340250","p1":"Odj1022","p2":"Saltator","format":"[Gen 9] National Dex","log":"|html|<div class=\"broadcast-blue\"><strong>[Gen 9] National Dex is currently suspecting Sneasler! For information on how to participate check out the <a href=\"https:\/\/www.smogon.com\/forums\/threads\/sv-national-dex-suspect-8-just-dance.3731534\/\">suspect thread<\/a>.<\/strong><\/div>\n|j|\u2606Odj1022\n|j|\u2606Saltator\n|t:|1701063012\n|gametype|singles\n|player|p1|Odj1022|alder|1276\n|player|p2|Saltator|ghetsis|1363\n|teamsize|p1|6\n|teamsize|p2|6\n|gen|9\n|tier|[Gen 9] National Dex\n|rated|\n|rule|HP Percentage Mod: HP is shown in percentages\n|rule|Endless Battle Clause: Forcing endless battles is banned\n|rule|OHKO Clause: OHKO moves are banned\n|rule|Evasion Clause: Evasion abilities, items, and moves are banned\n|rule|Evasion Abilities Clause: Evasion abilities are banned\n|rule|Evasion Items Clause: Evasion items are banned\n|rule|Evasion Moves Clause: Evasion moves are banned\n|rule|Species Clause: Limit one of each Pok\u00e9mon\n|rule|Sleep Clause Mod: Limit one foe put to sleep\n|clearpoke\n|poke|p1|Xurkitree|\n|poke|p1|Samurott-Hisui, M|\n|poke|p1|Mawile, M|\n|poke|p1|Serperior, M|\n|poke|p1|Cinderace, F|\n|poke|p1|Landorus-Therian, M|\n|poke|p2|Salazzle, F|\n|poke|p2|Magnemite, L1|\n|poke|p2|Probopass, L2, M|\n|poke|p2|Mandibuzz, F|\n|poke|p2|Nosepass, L1, M|\n|poke|p2|Tentacruel, F|\n|teampreview\n|inactive|Battle timer is ON: inactive players will automatically lose when time's up. (requested by Odj1022)\n|\n|t:|1701063022\n|start\n|switch|p1a: Samurott|Samurott-Hisui, M|100\/100\n|switch|p2a: Sh\ud83d\udca9tsquid|Tentacruel, F|100\/100\n|turn|1\n|\n|t:|1701063028\n|move|p2a: Sh\ud83d\udca9tsquid|Toxic|p1a: Samurott\n|-status|p1a: Samurott|tox\n|move|p1a: Samurott|Ceaseless Edge|p2a: Sh\ud83d\udca9tsquid\n|-damage|p2a: Sh\ud83d\udca9tsquid|31\/100\n|-sidestart|p2: Saltator|Spikes\n|\n|-heal|p2a: Sh\ud83d\udca9tsquid|37\/100|[from] item: Leftovers\n|-damage|p1a: Samurott|94\/100 tox|[from] psn\n|upkeep\n|turn|2\n|\n|t:|1701063035\n|switch|p2a: Sh\ud83d\udca9tbird|Mandibuzz, F|100\/100\n|move|p1a: Samurott|Ceaseless Edge|p2a: Sh\ud83d\udca9tbird\n|-resisted|p2a: Sh\ud83d\udca9tbird\n|-crit|p2a: Sh\ud83d\udca9tbird\n|-damage|p2a: Sh\ud83d\udca9tbird|80\/100\n|-sidestart|p2: Saltator|Spikes\n|\n|-damage|p1a: Samurott|82\/100 tox|[from] psn\n|upkeep\n|turn|3\n|\n|t:|1701063053\n|move|p1a: Samurott|Ceaseless Edge|p2a: Sh\ud83d\udca9tbird\n|-resisted|p2a: Sh\ud83d\udca9tbird\n|-damage|p2a: Sh\ud83d\udca9tbird|67\/100\n|-sidestart|p2: Saltator|Spikes\n|move|p2a: Sh\ud83d\udca9tbird|Defog|p1a: Samurott\n|-unboost|p1a: Samurott|evasion|1\n|-sideend|p2: Saltator|Spikes|[from] move: Defog|[of] p2a: Sh\ud83d\udca9tbird\n|\n|-damage|p1a: Samurott|63\/100 tox|[from] psn\n|upkeep\n|turn|4\n|\n|t:|1701063063\n|move|p1a: Samurott|Encore|p2a: Sh\ud83d\udca9tbird\n|-start|p2a: Sh\ud83d\udca9tbird|Encore\n|move|p2a: Sh\ud83d\udca9tbird|Defog|p1a: Samurott\n|-unboost|p1a: Samurott|evasion|1\n|\n|-damage|p1a: Samurott|38\/100 tox|[from] psn\n|upkeep\n|turn|5\n|\n|t:|1701063075\n|move|p1a: Samurott|Razor Shell|p2a: Sh\ud83d\udca9tbird\n|-damage|p2a: Sh\ud83d\udca9tbird|37\/100\n|-unboost|p2a: Sh\ud83d\udca9tbird|def|1\n|move|p2a: Sh\ud83d\udca9tbird|Defog|p1a: Samurott\n|-unboost|p1a: Samurott|evasion|1\n|\n|-damage|p1a: Samurott|7\/100 tox|[from] psn\n|upkeep\n|turn|6\n|\n|t:|1701063081\n|switch|p2a: Literally Level 1|Magnemite, L1|100\/100\n|move|p1a: Samurott|Razor Shell|p2a: Literally Level 1\n|-ability|p2a: Literally Level 1|Sturdy\n|-damage|p2a: Literally Level 1|10\/100\n|-enditem|p2a: Literally Level 1|Berry Juice\n|-heal|p2a: Literally Level 1|100\/100|[from] item: Berry Juice\n|\n|-damage|p1a: Samurott|0 fnt|[from] psn\n|faint|p1a: Samurott\n|upkeep\n|\n|t:|1701063086\n|switch|p1a: Cinderace|Cinderace, F|100\/100\n|turn|7\n|\n|t:|1701063090\n|move|p2a: Literally Level 1|Protect|p2a: Literally Level 1\n|-singleturn|p2a: Literally Level 1|Protect\n|move|p1a: Cinderace|Pyro Ball|p2a: Literally Level 1\n|-activate|p2a: Literally Level 1|move: Protect\n|\n|upkeep\n|turn|8\n|\n|t:|1701063101\n|move|p1a: Cinderace|U-turn|p2a: Literally Level 1\n|-start|p1a: Cinderace|typechange|Bug|[from] ability: Libero\n|-resisted|p2a: Literally Level 1\n|-ability|p2a: Literally Level 1|Sturdy\n|-damage|p2a: Literally Level 1|10\/100\n|inactive|Odj1022 has 120 seconds left.\n|\n|t:|1701063129\n|switch|p1a: Landorus|Landorus-Therian, M|100\/100|[from] U-turn\n|-ability|p1a: Landorus|Intimidate|boost\n|-unboost|p2a: Literally Level 1|atk|1\n|move|p2a: Literally Level 1|Toxic|p1a: Landorus\n|-status|p1a: Landorus|tox\n|\n|-damage|p1a: Landorus|94\/100 tox|[from] psn\n|upkeep\n|turn|9\n|\n|t:|1701063137\n|move|p2a: Literally Level 1|Magic Coat|p2a: Literally Level 1\n|-singleturn|p2a: Literally Level 1|move: Magic Coat\n|move|p1a: Landorus|Earthquake|p2a: Literally Level 1\n|-supereffective|p2a: Literally Level 1\n|-damage|p2a: Literally Level 1|0 fnt\n|faint|p2a: Literally Level 1\n|\n|-damage|p1a: Landorus|82\/100 tox|[from] psn\n|upkeep\n|\n|t:|1701063142\n|switch|p2a: No Fun Allowed|Salazzle, F|100\/100\n|turn|10\n|\n|t:|1701063150\n|-terastallize|p2a: No Fun Allowed|Flying\n|move|p2a: No Fun Allowed|Substitute|p2a: No Fun Allowed\n|-start|p2a: No Fun Allowed|Substitute\n|-damage|p2a: No Fun Allowed|76\/100\n|move|p1a: Landorus|Earthquake|p2a: No Fun Allowed\n|-immune|p2a: No Fun Allowed\n|\n|-heal|p2a: No Fun Allowed|82\/100|[from] item: Leftovers\n|-damage|p1a: Landorus|64\/100 tox|[from] psn\n|upkeep\n|turn|11\n|\n|t:|1701063157\n|move|p2a: No Fun Allowed|Protect|p2a: No Fun Allowed\n|-singleturn|p2a: No Fun Allowed|Protect\n|move|p1a: Landorus|Stealth Rock|p2a: No Fun Allowed\n|-sidestart|p2: Saltator|move: Stealth Rock\n|\n|-heal|p2a: No Fun Allowed|88\/100|[from] item: Leftovers\n|-damage|p1a: Landorus|40\/100 tox|[from] psn\n|upkeep\n|turn|12\n|\n|t:|1701063162\n|move|p2a: No Fun Allowed|Flamethrower|p1a: Landorus\n|-damage|p1a: Landorus|0 fnt\n|faint|p1a: Landorus\n|\n|-heal|p2a: No Fun Allowed|94\/100|[from] item: Leftovers\n|upkeep\n|\n|t:|1701063175\n|switch|p1a: Mawile|Mawile, M|100\/100\n|-ability|p1a: Mawile|Intimidate|boost\n|-immune|p2a: No Fun Allowed\n|turn|13\n|\n|t:|1701063184\n|detailschange|p1a: Mawile|Mawile-Mega, M\n|-mega|p1a: Mawile|Mawile|Mawilite\n|move|p2a: No Fun Allowed|Protect|p2a: No Fun Allowed\n|-singleturn|p2a: No Fun Allowed|Protect\n|move|p1a: Mawile|Ice Punch|p2a: No Fun Allowed\n|-activate|p2a: No Fun Allowed|move: Protect\n|\n|-heal|p2a: No Fun Allowed|99\/100|[from] item: Leftovers\n|upkeep\n|turn|14\n|\n|t:|1701063193\n|move|p2a: No Fun Allowed|Flamethrower|p1a: Mawile\n|-supereffective|p1a: Mawile\n|-damage|p1a: Mawile|0 fnt\n|faint|p1a: Mawile\n|\n|-heal|p2a: No Fun Allowed|100\/100|[from] item: Leftovers\n|upkeep\n|\n|t:|1701063197\n|switch|p1a: Xurkitree|Xurkitree|100\/100\n|turn|15\n|c|\u2606Saltator|?\n|\n|t:|1701063216\n|move|p2a: No Fun Allowed|Toxic|p1a: Xurkitree\n|-status|p1a: Xurkitree|tox\n|move|p1a: Xurkitree|Hidden Power|p2a: No Fun Allowed\n|-supereffective|p2a: No Fun Allowed\n|-end|p2a: No Fun Allowed|Substitute\n|\n|-damage|p1a: Xurkitree|94\/100 tox|[from] psn\n|upkeep\n|turn|16\n|\n|t:|1701063221\n|move|p2a: No Fun Allowed|Protect|p2a: No Fun Allowed\n|-singleturn|p2a: No Fun Allowed|Protect\n|move|p1a: Xurkitree|Hidden Power|p2a: No Fun Allowed\n|-activate|p2a: No Fun Allowed|move: Protect\n|\n|-damage|p1a: Xurkitree|82\/100 tox|[from] psn\n|upkeep\n|turn|17\n|\n|t:|1701063225\n|switch|p2a: Sh\ud83d\udca9tsquid|Tentacruel, F|37\/100\n|-damage|p2a: Sh\ud83d\udca9tsquid|25\/100|[from] Stealth Rock\n|move|p1a: Xurkitree|Hidden Power|p2a: Sh\ud83d\udca9tsquid\n|-resisted|p2a: Sh\ud83d\udca9tsquid\n|-damage|p2a: Sh\ud83d\udca9tsquid|15\/100\n|\n|-heal|p2a: Sh\ud83d\udca9tsquid|21\/100|[from] item: Leftovers\n|-damage|p1a: Xurkitree|63\/100 tox|[from] psn\n|upkeep\n|turn|18\n|\n|t:|1701063231\n|move|p2a: Sh\ud83d\udca9tsquid|Rapid Spin|p1a: Xurkitree\n|-damage|p1a: Xurkitree|52\/100 tox\n|-boost|p2a: Sh\ud83d\udca9tsquid|spe|1\n|-sideend|p2: Saltator|Stealth Rock|[from] move: Rapid Spin|[of] p2a: Sh\ud83d\udca9tsquid\n|-zpower|p1a: Xurkitree\n|move|p1a: Xurkitree|Z-Hypnosis|p2a: Sh\ud83d\udca9tsquid|[anim]Hypnosis\n|-boost|p1a: Xurkitree|spe|1|[zeffect]\n|-status|p2a: Sh\ud83d\udca9tsquid|slp|[from] move: Hypnosis\n|\n|-heal|p2a: Sh\ud83d\udca9tsquid|27\/100 slp|[from] item: Leftovers\n|-damage|p1a: Xurkitree|27\/100 tox|[from] psn\n|upkeep\n|turn|19\n|\n|t:|1701063240\n|cant|p2a: Sh\ud83d\udca9tsquid|slp\n|move|p1a: Xurkitree|Thunderbolt|p2a: Sh\ud83d\udca9tsquid\n|-supereffective|p2a: Sh\ud83d\udca9tsquid\n|-damage|p2a: Sh\ud83d\udca9tsquid|0 fnt\n|faint|p2a: Sh\ud83d\udca9tsquid\n|-ability|p1a: Xurkitree|Beast Boost|boost\n|-boost|p1a: Xurkitree|spa|1\n|\n|-damage|p1a: Xurkitree|0 fnt|[from] psn\n|faint|p1a: Xurkitree\n|upkeep\n|\n|t:|1701063243\n|switch|p2a: No Fun Allowed|Salazzle, F, tera:Flying|100\/100\n|switch|p1a: Serperior|Serperior, M|100\/100\n|turn|20\n|\n|t:|1701063254\n|move|p2a: No Fun Allowed|Substitute|p2a: No Fun Allowed\n|-start|p2a: No Fun Allowed|Substitute\n|-damage|p2a: No Fun Allowed|76\/100\n|move|p1a: Serperior|Leaf Storm|p2a: No Fun Allowed\n|-resisted|p2a: No Fun Allowed\n|-end|p2a: No Fun Allowed|Substitute\n|-boost|p1a: Serperior|spa|2\n|\n|-heal|p2a: No Fun Allowed|82\/100|[from] item: Leftovers\n|upkeep\n|turn|21\n|\n|t:|1701063257\n|move|p2a: No Fun Allowed|Flamethrower|p1a: Serperior\n|-supereffective|p1a: Serperior\n|-damage|p1a: Serperior|0 fnt\n|faint|p1a: Serperior\n|\n|-heal|p2a: No Fun Allowed|88\/100|[from] item: Leftovers\n|upkeep\n|\n|t:|1701063260\n|switch|p1a: Cinderace|Cinderace, F|100\/100\n|turn|22\n|\n|t:|1701063264\n|move|p2a: No Fun Allowed|Protect|p2a: No Fun Allowed\n|-singleturn|p2a: No Fun Allowed|Protect\n|move|p1a: Cinderace|Pyro Ball|p2a: No Fun Allowed\n|-activate|p2a: No Fun Allowed|move: Protect\n|\n|-heal|p2a: No Fun Allowed|94\/100|[from] item: Leftovers\n|upkeep\n|turn|23\n|\n|t:|1701063270\n|switch|p2a: Sh\ud83d\udca9tbird|Mandibuzz, F|37\/100\n|move|p1a: Cinderace|Pyro Ball|p2a: Sh\ud83d\udca9tbird\n|-damage|p2a: Sh\ud83d\udca9tbird|3\/100\n|\n|upkeep\n|turn|24\n|\n|t:|1701063274\n|move|p1a: Cinderace|Pyro Ball|p2a: Sh\ud83d\udca9tbird\n|-damage|p2a: Sh\ud83d\udca9tbird|0 fnt\n|faint|p2a: Sh\ud83d\udca9tbird\n|\n|upkeep\n|\n|t:|1701063276\n|switch|p2a: No Fun Allowed|Salazzle, F, tera:Flying|94\/100\n|turn|25\n|\n|t:|1701063282\n|move|p2a: No Fun Allowed|Protect|p2a: No Fun Allowed\n|-singleturn|p2a: No Fun Allowed|Protect\n|move|p1a: Cinderace|Pyro Ball|p2a: No Fun Allowed\n|-activate|p2a: No Fun Allowed|move: Protect\n|\n|-heal|p2a: No Fun Allowed|99\/100|[from] item: Leftovers\n|upkeep\n|turn|26\n|\n|t:|1701063298\n|move|p1a: Cinderace|Pyro Ball|p2a: No Fun Allowed\n|-damage|p2a: No Fun Allowed|0 fnt\n|faint|p2a: No Fun Allowed\n|\n|upkeep\n|\n|t:|1701063301\n|switch|p2a: Click the \u274c|Nosepass, L1, M, shiny|100\/100\n|turn|27\n|\n|t:|1701063308\n|move|p2a: Click the \u274c|Protect|p2a: Click the \u274c\n|-singleturn|p2a: Click the \u274c|Protect\n|move|p1a: Cinderace|Pyro Ball|p2a: Click the \u274c\n|-activate|p2a: Click the \u274c|move: Protect\n|\n|upkeep\n|turn|28\n|\n|t:|1701063317\n|move|p1a: Cinderace|Pyro Ball|p2a: Click the \u274c\n|-resisted|p2a: Click the \u274c\n|-ability|p2a: Click the \u274c|Sturdy\n|-damage|p2a: Click the \u274c|10\/100\n|-status|p2a: Click the \u274c|brn\n|-enditem|p2a: Click the \u274c|Berry Juice\n|-heal|p2a: Click the \u274c|100\/100 brn|[from] item: Berry Juice\n|move|p2a: Click the \u274c|Toxic|p1a: Cinderace\n|-status|p1a: Cinderace|tox\n|\n|-damage|p1a: Cinderace|95\/100 tox|[from] psn\n|-damage|p2a: Click the \u274c|91\/100 brn|[from] brn\n|upkeep\n|turn|29\n|\n|t:|1701063328\n|move|p2a: Click the \u274c|Protect|p2a: Click the \u274c\n|-singleturn|p2a: Click the \u274c|Protect\n|move|p1a: Cinderace|U-turn|p2a: Click the \u274c\n|-start|p1a: Cinderace|typechange|Bug|[from] ability: Libero\n|-activate|p2a: Click the \u274c|move: Protect\n|\n|-damage|p1a: Cinderace|83\/100 tox|[from] psn\n|-damage|p2a: Click the \u274c|82\/100 brn|[from] brn\n|upkeep\n|turn|30\n|\n|t:|1701063341\n|move|p2a: Click the \u274c|Protect||[still]\n|-fail|p2a: Click the \u274c\n|move|p1a: Cinderace|U-turn|p2a: Click the \u274c\n|-damage|p2a: Click the \u274c|0 fnt\n|faint|p2a: Click the \u274c\n|\n|-damage|p1a: Cinderace|65\/100 tox|[from] psn\n|upkeep\n|\n|t:|1701063343\n|switch|p2a: Level2\ufe0f\u20e3Level2\ufe0f\u20e3|Probopass, L2, M, shiny|100\/100\n|turn|31\n|\n|t:|1701063348\n|move|p2a: Level2\ufe0f\u20e3Level2\ufe0f\u20e3|Protect|p2a: Level2\ufe0f\u20e3Level2\ufe0f\u20e3\n|-singleturn|p2a: Level2\ufe0f\u20e3Level2\ufe0f\u20e3|Protect\n|move|p1a: Cinderace|U-turn|p2a: Level2\ufe0f\u20e3Level2\ufe0f\u20e3\n|-activate|p2a: Level2\ufe0f\u20e3Level2\ufe0f\u20e3|move: Protect\n|\n|-damage|p1a: Cinderace|41\/100 tox|[from] psn\n|upkeep\n|turn|32\n|\n|t:|1701063366\n|move|p1a: Cinderace|U-turn|p2a: Level2\ufe0f\u20e3Level2\ufe0f\u20e3\n|-resisted|p2a: Level2\ufe0f\u20e3Level2\ufe0f\u20e3\n|-ability|p2a: Level2\ufe0f\u20e3Level2\ufe0f\u20e3|Sturdy\n|-damage|p2a: Level2\ufe0f\u20e3Level2\ufe0f\u20e3|8\/100\n|-enditem|p2a: Level2\ufe0f\u20e3Level2\ufe0f\u20e3|Berry Juice\n|-heal|p2a: Level2\ufe0f\u20e3Level2\ufe0f\u20e3|100\/100|[from] item: Berry Juice\n|move|p2a: Level2\ufe0f\u20e3Level2\ufe0f\u20e3|Pain Split|p1a: Cinderace\n|-sethp|p1a: Cinderace|23\/100 tox|[from] move: Pain Split|[silent]\n|-sethp|p2a: Level2\ufe0f\u20e3Level2\ufe0f\u20e3|100\/100|[from] move: Pain Split\n|\n|-damage|p1a: Cinderace|0 fnt|[from] psn\n|faint|p1a: Cinderace\n|\n|win|Saltator\n|upkeep\n|raw|Odj1022's rating: 1276 &rarr; <strong>1257<\/strong><br \/>(-19 for losing)\n|raw|Saltator's rating: 1363 &rarr; <strong>1378<\/strong><br \/>(+15 for winning)\n","uploadtime":1701063369,"views":1,"p1id":"odj1022","p2id":"saltator","formatid":"gen9nationaldex","rating":1257,"private":0,"password":""}