{"id":"gen9nationaldex-1989459766","p1":"mergency\u4e71\u821e","p2":"lonely_smile","format":"[Gen 9] National Dex","log":"|j|\u2606mergency\u4e71\u821e\n|j|\u2606lonely_smile\n|t:|1699853830\n|gametype|singles\n|player|p1|mergency\u4e71\u821e|unknown|1343\n|player|p2|lonely_smile|2|1391\n|teamsize|p1|6\n|teamsize|p2|6\n|gen|9\n|tier|[Gen 9] National Dex\n|rated|\n|rule|HP Percentage Mod: HP is shown in percentages\n|rule|Endless Battle Clause: Forcing endless battles is banned\n|rule|OHKO Clause: OHKO moves are banned\n|rule|Evasion Clause: Evasion abilities, items, and moves are banned\n|rule|Evasion Abilities Clause: Evasion abilities are banned\n|rule|Evasion Items Clause: Evasion items are banned\n|rule|Evasion Moves Clause: Evasion moves are banned\n|rule|Species Clause: Limit one of each Pok\u00e9mon\n|rule|Sleep Clause Mod: Limit one foe put to sleep\n|clearpoke\n|poke|p1|Alomomola, M|\n|poke|p1|Mew|\n|poke|p1|Sneasler, M|\n|poke|p1|Gliscor, F|\n|poke|p1|Tapu Koko|\n|poke|p1|Scizor, F|\n|poke|p2|Tyranitar, M|\n|poke|p2|Togedemaru, L1, M|\n|poke|p2|Scizor, M|\n|poke|p2|Corviknight, F|\n|poke|p2|Dracozolt|\n|poke|p2|Garchomp, F|\n|teampreview\n|inactive|Battle timer is ON: inactive players will automatically lose when time's up. (requested by mergency\u4e71\u821e)\n|\n|t:|1699853853\n|start\n|switch|p1a: Tapu Koko|Tapu Koko|100\/100\n|switch|p2a: Togedemaru|Togedemaru, L1, M|100\/100\n|-fieldstart|move: Electric Terrain|[from] ability: Electric Surge|[of] p1a: Tapu Koko\n|turn|1\n|\n|t:|1699853860\n|move|p1a: Tapu Koko|Taunt|p2a: Togedemaru\n|-start|p2a: Togedemaru|move: Taunt\n|move|p2a: Togedemaru|Endeavor|p1a: Tapu Koko\n|-damage|p1a: Tapu Koko|5\/100\n|\n|upkeep\n|turn|2\n|\n|t:|1699853887\n|switch|p2a: Scizor|Scizor, M|100\/100\n|move|p1a: Tapu Koko|Hidden Power|p2a: Scizor\n|-resisted|p2a: Scizor\n|-damage|p2a: Scizor|91\/100\n|\n|upkeep\n|turn|3\n|\n|t:|1699853894\n|switch|p1a: Gliscor|Gliscor, F|100\/100\n|detailschange|p2a: Scizor|Scizor-Mega, M\n|-mega|p2a: Scizor|Scizor|Scizorite\n|move|p2a: Scizor|U-turn|p1a: Gliscor\n|-resisted|p1a: Gliscor\n|-damage|p1a: Gliscor|88\/100\n|inactive|lonely_smile has 120 seconds left.\n|\n|t:|1699853917\n|switch|p2a: Togedemaru|Togedemaru, L1, M|100\/100|[from] U-turn\n|\n|-status|p1a: Gliscor|tox|[from] item: Toxic Orb\n|upkeep\n|turn|4\n|\n|t:|1699853925\n|switch|p1a: Tapu Koko|Tapu Koko|5\/100\n|move|p2a: Togedemaru|Endeavor|p1a: Tapu Koko\n|-immune|p1a: Tapu Koko\n|\n|upkeep\n|turn|5\n|\n|t:|1699853936\n|move|p2a: Togedemaru|Spiky Shield|p2a: Togedemaru\n|-singleturn|p2a: Togedemaru|move: Protect\n|move|p1a: Tapu Koko|Hidden Power|p2a: Togedemaru\n|-activate|p2a: Togedemaru|move: Protect\n|\n|-fieldend|move: Electric Terrain\n|upkeep\n|turn|6\n|\n|t:|1699853943\n|switch|p2a: Scizor|Scizor-Mega, M|91\/100\n|move|p1a: Tapu Koko|Hidden Power|p2a: Scizor\n|-resisted|p2a: Scizor\n|-damage|p2a: Scizor|84\/100\n|\n|upkeep\n|turn|7\n|\n|t:|1699853952\n|switch|p1a: Alomomola|Alomomola, M|100\/100\n|move|p2a: Scizor|U-turn|p1a: Alomomola\n|-damage|p1a: Alomomola|82\/100\n|-damage|p2a: Scizor|67\/100|[from] item: Rocky Helmet|[of] p1a: Alomomola\n|\n|t:|1699853963\n|switch|p2a: Dracozolt|Dracozolt|100\/100|[from] U-turn\n|\n|upkeep\n|turn|8\n|\n|t:|1699853969\n|switch|p1a: Gliscor|Gliscor, F|88\/100 tox\n|move|p2a: Dracozolt|Outrage|p1a: Gliscor\n|-damage|p1a: Gliscor|22\/100 tox\n|\n|-heal|p1a: Gliscor|34\/100 tox|[from] ability: Poison Heal\n|upkeep\n|turn|9\n|\n|t:|1699853978\n|switch|p1a: Scizor|Scizor, F|100\/100\n|move|p2a: Dracozolt|Outrage|p1a: Scizor|[from]lockedmove\n|-resisted|p1a: Scizor\n|-damage|p1a: Scizor|58\/100\n|\n|upkeep\n|turn|10\n|\n|t:|1699853984\n|detailschange|p1a: Scizor|Scizor-Mega, F\n|-mega|p1a: Scizor|Scizor|Scizorite\n|move|p2a: Dracozolt|Outrage|p1a: Scizor|[from]lockedmove\n|-resisted|p1a: Scizor\n|-damage|p1a: Scizor|24\/100\n|-start|p2a: Dracozolt|confusion|[fatigue]\n|move|p1a: Scizor|Roost|p1a: Scizor\n|-heal|p1a: Scizor|74\/100\n|-singleturn|p1a: Scizor|move: Roost\n|\n|upkeep\n|turn|11\n|\n|t:|1699853992\n|switch|p2a: Corviknight|Corviknight, F|100\/100\n|move|p1a: Scizor|Knock Off|p2a: Corviknight\n|-damage|p2a: Corviknight|75\/100\n|-damage|p1a: Scizor|58\/100|[from] item: Rocky Helmet|[of] p2a: Corviknight\n|-enditem|p2a: Corviknight|Rocky Helmet|[from] move: Knock Off|[of] p1a: Scizor\n|\n|upkeep\n|turn|12\n|\n|t:|1699853998\n|move|p1a: Scizor|Roost|p1a: Scizor\n|-heal|p1a: Scizor|100\/100\n|-singleturn|p1a: Scizor|move: Roost\n|move|p2a: Corviknight|U-turn|p1a: Scizor\n|-resisted|p1a: Scizor\n|-damage|p1a: Scizor|95\/100\n|\n|t:|1699854002\n|switch|p2a: Togedemaru|Togedemaru, L1, M|100\/100|[from] U-turn\n|\n|upkeep\n|turn|13\n|\n|t:|1699854011\n|switch|p1a: Gliscor|Gliscor, F|34\/100 tox\n|switch|p2a: Scizor|Scizor-Mega, M|67\/100\n|\n|-heal|p1a: Gliscor|46\/100 tox|[from] ability: Poison Heal\n|upkeep\n|turn|14\n|\n|t:|1699854021\n|move|p1a: Gliscor|Roost|p1a: Gliscor\n|-heal|p1a: Gliscor|96\/100 tox\n|-singleturn|p1a: Gliscor|move: Roost\n|move|p2a: Scizor|U-turn|p1a: Gliscor\n|-damage|p1a: Gliscor|71\/100 tox\n|\n|t:|1699854028\n|switch|p2a: Garchomp|Garchomp, F|100\/100|[from] U-turn\n|\n|-heal|p1a: Gliscor|83\/100 tox|[from] ability: Poison Heal\n|upkeep\n|turn|15\n|\n|t:|1699854039\n|move|p2a: Garchomp|Swords Dance|p2a: Garchomp\n|-boost|p2a: Garchomp|atk|2\n|move|p1a: Gliscor|Knock Off|p2a: Garchomp\n|-damage|p2a: Garchomp|86\/100\n|-damage|p1a: Gliscor|71\/100 tox|[from] ability: Rough Skin|[of] p2a: Garchomp\n|\n|-heal|p1a: Gliscor|83\/100 tox|[from] ability: Poison Heal\n|upkeep\n|turn|16\n|\n|t:|1699854050\n|switch|p1a: Tapu Koko|Tapu Koko|5\/100\n|-fieldstart|move: Electric Terrain|[from] ability: Electric Surge|[of] p1a: Tapu Koko\n|move|p2a: Garchomp|Earthquake|p1a: Tapu Koko\n|-supereffective|p1a: Tapu Koko\n|-damage|p1a: Tapu Koko|0 fnt\n|faint|p1a: Tapu Koko\n|\n|upkeep\n|\n|t:|1699854062\n|switch|p1a: Sneasler|Sneasler, M, shiny|100\/100\n|-enditem|p1a: Sneasler|Electric Seed\n|-boost|p1a: Sneasler|def|1|[from] item: Electric Seed\n|turn|17\n|\n|t:|1699854067\n|-terastallize|p1a: Sneasler|Flying\n|move|p1a: Sneasler|Swords Dance|p1a: Sneasler\n|-boost|p1a: Sneasler|atk|2\n|-zpower|p2a: Garchomp\n|move|p2a: Garchomp|Devastating Drake|p1a: Sneasler|[zeffect]\n|-damage|p1a: Sneasler|0 fnt\n|faint|p1a: Sneasler\n|\n|upkeep\n|-message|mergency\u4e71\u821e forfeited.\n|\n|win|lonely_smile\n|raw|mergency\u4e71\u821e's rating: 1343 &rarr; <strong>1326<\/strong><br \/>(-17 for losing)\n|raw|lonely_smile's rating: 1391 &rarr; <strong>1408<\/strong><br \/>(+17 for winning)\n|l|\u2606mergency\u4e71\u821e\n","uploadtime":1699854078,"views":6,"p1id":"mergency","p2id":"lonelysmile","formatid":"gen9nationaldex","rating":1326,"private":0,"password":""}