{"id":"gen9nationaldex-1997585832","p1":"zgynb","p2":"Avinobellissimo","format":"[Gen 9] National Dex","log":"|html|<div class=\"broadcast-blue\"><strong>[Gen 9] National Dex is currently suspecting Sneasler! For information on how to participate check out the <a href=\"https:\/\/www.smogon.com\/forums\/threads\/sv-national-dex-suspect-8-just-dance.3731534\/\">suspect thread<\/a>.<\/strong><\/div>\n|j|\u2606zgynb\n|j|\u2606Avinobellissimo\n|t:|1700829332\n|gametype|singles\n|player|p1|zgynb|266|1301\n|player|p2|Avinobellissimo|volkner|1390\n|teamsize|p1|6\n|teamsize|p2|6\n|gen|9\n|tier|[Gen 9] National Dex\n|rated|\n|rule|HP Percentage Mod: HP is shown in percentages\n|rule|Endless Battle Clause: Forcing endless battles is banned\n|rule|OHKO Clause: OHKO moves are banned\n|rule|Evasion Clause: Evasion abilities, items, and moves are banned\n|rule|Evasion Abilities Clause: Evasion abilities are banned\n|rule|Evasion Items Clause: Evasion items are banned\n|rule|Evasion Moves Clause: Evasion moves are banned\n|rule|Species Clause: Limit one of each Pok\u00e9mon\n|rule|Sleep Clause Mod: Limit one foe put to sleep\n|clearpoke\n|poke|p1|Alomomola, M|\n|poke|p1|Landorus-Therian, M|\n|poke|p1|Tapu Lele|\n|poke|p1|Heatran, F|\n|poke|p1|Dragonite, M|\n|poke|p1|Heracross, F|\n|poke|p2|Clawitzer, M|\n|poke|p2|Tapu Koko|\n|poke|p2|Landorus-Therian, M|\n|poke|p2|Jellicent, F|\n|poke|p2|Iron Valiant|\n|poke|p2|Clodsire, F|\n|teampreview\n|inactive|Battle timer is ON: inactive players will automatically lose when time's up. (requested by Avinobellissimo)\n|\n|t:|1700829347\n|start\n|switch|p1a: Tapu Lele|Tapu Lele, shiny|100\/100\n|switch|p2a: Tapu Koko|Tapu Koko|100\/100\n|-fieldstart|move: Psychic Terrain|[from] ability: Psychic Surge|[of] p1a: Tapu Lele\n|-fieldstart|move: Electric Terrain|[from] ability: Electric Surge|[of] p2a: Tapu Koko\n|turn|1\n|\n|t:|1700829362\n|switch|p1a: Landorus|Landorus-Therian, M, shiny|100\/100\n|-ability|p1a: Landorus|Intimidate|boost\n|-unboost|p2a: Tapu Koko|atk|1\n|move|p2a: Tapu Koko|Thunder Wave|p1a: Landorus\n|-immune|p1a: Landorus\n|\n|upkeep\n|turn|2\n|\n|t:|1700829369\n|move|p2a: Tapu Koko|Hidden Power|p1a: Landorus\n|-supereffective|p1a: Landorus\n|-damage|p1a: Landorus|49\/100\n|move|p1a: Landorus|U-turn|p2a: Tapu Koko\n|-resisted|p2a: Tapu Koko\n|-damage|p2a: Tapu Koko|84\/100\n|\n|t:|1700829384\n|switch|p1a: Tapu Lele|Tapu Lele, shiny|100\/100|[from] U-turn\n|-fieldstart|move: Psychic Terrain|[from] ability: Psychic Surge|[of] p1a: Tapu Lele\n|\n|upkeep\n|turn|3\n|\n|t:|1700829398\n|switch|p2a: Jellicent|Jellicent, F|100\/100\n|-terastallize|p1a: Tapu Lele|Psychic\n|move|p1a: Tapu Lele|Psychic|p2a: Jellicent\n|-damage|p2a: Jellicent|65\/100\n|\n|upkeep\n|turn|4\n|\n|t:|1700829410\n|switch|p1a: Alomomola|Alomomola, M, shiny|100\/100\n|move|p2a: Jellicent|Scald|p1a: Alomomola\n|-resisted|p1a: Alomomola\n|-damage|p1a: Alomomola|86\/100\n|\n|upkeep\n|turn|5\n|\n|t:|1700829419\n|move|p1a: Alomomola|Toxic|p2a: Jellicent|[miss]\n|-miss|p1a: Alomomola|p2a: Jellicent\n|move|p2a: Jellicent|Giga Drain|p1a: Alomomola\n|-supereffective|p1a: Alomomola\n|-damage|p1a: Alomomola|48\/100\n|-heal|p2a: Jellicent|89\/100|[from] drain|[of] p1a: Alomomola\n|\n|upkeep\n|turn|6\n|\n|t:|1700829426\n|switch|p2a: Clodsire|Clodsire, F|100\/100\n|move|p1a: Alomomola|Toxic|p2a: Clodsire|[miss]\n|-miss|p1a: Alomomola|p2a: Clodsire\n|\n|-fieldend|move: Psychic Terrain\n|upkeep\n|turn|7\n|\n|t:|1700829433\n|move|p1a: Alomomola|Wish|p1a: Alomomola\n|move|p2a: Clodsire|Spikes|p1a: Alomomola\n|-sidestart|p1: zgynb|Spikes\n|\n|upkeep\n|turn|8\n|\n|t:|1700829438\n|switch|p1a: Landorus|Landorus-Therian, M, shiny|49\/100\n|-ability|p1a: Landorus|Intimidate|boost\n|-unboost|p2a: Clodsire|atk|1\n|move|p2a: Clodsire|Spikes|p1a: Landorus\n|-sidestart|p1: zgynb|Spikes\n|\n|-heal|p1a: Landorus|100\/100|[from] move: Wish|[wisher] Alomomola\n|upkeep\n|turn|9\n|\n|t:|1700829446\n|switch|p2a: Landorus|Landorus-Therian, M|100\/100\n|-ability|p2a: Landorus|Intimidate|boost\n|-unboost|p1a: Landorus|atk|1\n|move|p1a: Landorus|Defog|p2a: Landorus\n|-unboost|p2a: Landorus|evasion|1\n|-sideend|p1: zgynb|Spikes|[from] move: Defog|[of] p1a: Landorus\n|\n|upkeep\n|turn|10\n|\n|t:|1700829455\n|switch|p1a: Alomomola|Alomomola, M, shiny|81\/100\n|move|p2a: Landorus|Stealth Rock|p1a: Alomomola\n|-sidestart|p1: zgynb|move: Stealth Rock\n|\n|upkeep\n|turn|11\n|\n|t:|1700829462\n|move|p2a: Landorus|U-turn|p1a: Alomomola\n|-damage|p1a: Alomomola|70\/100\n|\n|t:|1700829465\n|switch|p2a: Clodsire|Clodsire, F|100\/100|[from] U-turn\n|move|p1a: Alomomola|Flip Turn|p2a: Clodsire\n|-supereffective|p2a: Clodsire\n|-damage|p2a: Clodsire|66\/100\n|\n|t:|1700829476\n|switch|p1a: Landorus|Landorus-Therian, M, shiny|100\/100|[from] Flip Turn\n|-damage|p1a: Landorus|88\/100|[from] Stealth Rock\n|-ability|p1a: Landorus|Intimidate|boost\n|-unboost|p2a: Clodsire|atk|1\n|\n|-heal|p1a: Landorus|94\/100|[from] item: Leftovers\n|-heal|p2a: Clodsire|72\/100|[from] item: Leftovers\n|upkeep\n|turn|12\n|\n|t:|1700829485\n|move|p1a: Landorus|Knock Off|p2a: Clodsire\n|-damage|p2a: Clodsire|39\/100\n|-enditem|p2a: Clodsire|Leftovers|[from] move: Knock Off|[of] p1a: Landorus\n|move|p2a: Clodsire|Toxic|p1a: Landorus\n|-status|p1a: Landorus|tox\n|\n|-heal|p1a: Landorus|99\/100 tox|[from] item: Leftovers\n|-damage|p1a: Landorus|94\/100 tox|[from] psn\n|upkeep\n|turn|13\n|\n|t:|1700829494\n|switch|p2a: Landorus|Landorus-Therian, M|100\/100\n|-ability|p2a: Landorus|Intimidate|boost\n|-unboost|p1a: Landorus|atk|1\n|move|p1a: Landorus|Defog|p2a: Landorus\n|-unboost|p2a: Landorus|evasion|1\n|-sideend|p1: zgynb|Stealth Rock|[from] move: Defog|[of] p1a: Landorus\n|\n|-heal|p1a: Landorus|99\/100 tox|[from] item: Leftovers\n|-damage|p1a: Landorus|88\/100 tox|[from] psn\n|upkeep\n|turn|14\n|inactive|zgynb has 120 seconds left.\n|\n|t:|1700829531\n|switch|p1a: Tapu Lele|Tapu Lele, shiny, tera:Psychic|100\/100\n|-fieldstart|move: Psychic Terrain|[from] ability: Psychic Surge|[of] p1a: Tapu Lele\n|move|p2a: Landorus|Stealth Rock|p1a: Tapu Lele\n|-sidestart|p1: zgynb|move: Stealth Rock\n|\n|upkeep\n|turn|15\n|inactive|zgynb has 120 seconds left.\n|\n|t:|1700829539\n|switch|p2a: Jellicent|Jellicent, F|89\/100\n|move|p1a: Tapu Lele|Future Sight|p2a: Jellicent\n|-start|p1a: Tapu Lele|move: Future Sight\n|\n|upkeep\n|turn|16\n|inactive|zgynb has 120 seconds left.\n|\n|t:|1700829550\n|switch|p1a: Heracross|Heracross, F, shiny|100\/100\n|-damage|p1a: Heracross|88\/100|[from] Stealth Rock\n|move|p2a: Jellicent|Scald|p1a: Heracross\n|-damage|p1a: Heracross|52\/100\n|\n|upkeep\n|turn|17\n|\n|t:|1700829561\n|detailschange|p1a: Heracross|Heracross-Mega, F, shiny\n|-mega|p1a: Heracross|Heracross|Heracronite\n|move|p1a: Heracross|Trailblaze|p2a: Jellicent\n|-supereffective|p2a: Jellicent\n|-damage|p2a: Jellicent|31\/100\n|-boost|p1a: Heracross|spe|1\n|move|p2a: Jellicent|Scald|p1a: Heracross\n|-damage|p1a: Heracross|20\/100\n|\n|-end|p2a: Jellicent|move: Future Sight\n|-damage|p2a: Jellicent|0 fnt\n|faint|p2a: Jellicent\n|upkeep\n|c|\u2606Avinobellissimo|No burn :(\n|\n|t:|1700829585\n|switch|p2a: Tapu Koko|Tapu Koko|84\/100\n|-fieldstart|move: Electric Terrain|[from] ability: Electric Surge|[of] p2a: Tapu Koko\n|turn|18\n|\n|t:|1700829599\n|switch|p1a: Heatran|Heatran, F, shiny|100\/100\n|-damage|p1a: Heatran|88\/100|[from] Stealth Rock\n|move|p2a: Tapu Koko|Volt Switch|p1a: Heatran\n|-damage|p1a: Heatran|65\/100\n|\n|t:|1700829602\n|switch|p2a: Clawitzer|Clawitzer, M|100\/100|[from] Volt Switch\n|\n|-heal|p1a: Heatran|71\/100|[from] item: Leftovers\n|upkeep\n|turn|19\n|\n|t:|1700829611\n|switch|p1a: Alomomola|Alomomola, M, shiny|100\/100\n|move|p2a: Clawitzer|Water Pulse|p1a: Alomomola\n|-resisted|p1a: Alomomola\n|-damage|p1a: Alomomola|77\/100\n|\n|upkeep\n|turn|20\n|\n|t:|1700829620\n|move|p1a: Alomomola|Toxic|p2a: Clawitzer\n|-status|p2a: Clawitzer|tox\n|move|p2a: Clawitzer|Terrain Pulse|p1a: Alomomola\n|-supereffective|p1a: Alomomola\n|-damage|p1a: Alomomola|0 fnt\n|faint|p1a: Alomomola\n|\n|-damage|p2a: Clawitzer|94\/100 tox|[from] psn\n|upkeep\n|c|\u2606zgynb|666\n|c|\u2606Avinobellissimo|???\n|-message|zgynb forfeited.\n|\n|win|Avinobellissimo\n|raw|zgynb's rating: 1301 &rarr; <strong>1286<\/strong><br \/>(-15 for losing)\n|raw|Avinobellissimo's rating: 1390 &rarr; <strong>1405<\/strong><br \/>(+15 for winning)\n|l|\u2606zgynb\n","uploadtime":1700829648,"views":2,"p1id":"zgynb","p2id":"avinobellissimo","formatid":"gen9nationaldex","rating":1286,"private":0,"password":""}