{"id":"gen9nationaldex-1996643833","p1":"steelix217891011","p2":"Oumo","format":"[Gen 9] National Dex","log":"|html|<div class=\"broadcast-blue\"><strong>[Gen 9] National Dex is currently suspecting Sneasler! For information on how to participate check out the <a href=\"https:\/\/www.smogon.com\/forums\/threads\/sv-national-dex-suspect-8-just-dance.3731534\/\">suspect thread<\/a>.<\/strong><\/div>\n|j|\u2606steelix217891011\n|j|\u2606Oumo\n|t:|1700704395\n|gametype|singles\n|player|p1|steelix217891011|marshal|1086\n|player|p2|Oumo|marshal|1031\n|teamsize|p1|6\n|teamsize|p2|6\n|gen|9\n|tier|[Gen 9] National Dex\n|rated|\n|rule|HP Percentage Mod: HP is shown in percentages\n|rule|Endless Battle Clause: Forcing endless battles is banned\n|rule|OHKO Clause: OHKO moves are banned\n|rule|Evasion Clause: Evasion abilities, items, and moves are banned\n|rule|Evasion Abilities Clause: Evasion abilities are banned\n|rule|Evasion Items Clause: Evasion items are banned\n|rule|Evasion Moves Clause: Evasion moves are banned\n|rule|Species Clause: Limit one of each Pok\u00e9mon\n|rule|Sleep Clause Mod: Limit one foe put to sleep\n|clearpoke\n|poke|p1|Swampert, M|\n|poke|p1|Sinistcha-Masterpiece|\n|poke|p1|Skeledirge, M|\n|poke|p1|Bisharp, M|\n|poke|p1|Salamence, M|\n|poke|p1|Gliscor, M|\n|poke|p2|Corviknight, F|\n|poke|p2|Zoroark, F|\n|poke|p2|Jolteon, F|\n|poke|p2|Toxicroak, F|\n|poke|p2|Orbeetle, F|\n|poke|p2|Cinccino, F|\n|teampreview\n|c|\u2606Oumo|gl hf\n|inactive|Battle timer is ON: inactive players will automatically lose when time's up. (requested by Oumo)\n|\n|t:|1700704404\n|start\n|switch|p1a: Skeledirge|Skeledirge, M, shiny|100\/100\n|switch|p2a: Putellas|Orbeetle, F|100\/100\n|-item|p1a: Skeledirge|Throat Spray|[from] ability: Frisk|[of] p2a: Putellas|[identify]\n|turn|1\n|inactive|steelix217891011 has 120 seconds left.\n|\n|t:|1700704436\n|move|p2a: Putellas|Sticky Web|p1a: Skeledirge\n|-sidestart|p1: steelix217891011|move: Sticky Web\n|move|p1a: Skeledirge|Torch Song|p2a: Putellas\n|-supereffective|p2a: Putellas\n|-damage|p2a: Putellas|22\/100\n|-boost|p1a: Skeledirge|spa|1\n|-enditem|p1a: Skeledirge|Throat Spray\n|-boost|p1a: Skeledirge|spa|1|[from] item: Throat Spray\n|\n|upkeep\n|turn|2\n|\n|t:|1700704445\n|move|p2a: Putellas|Light Screen|p2a: Putellas\n|-sidestart|p2: Oumo|move: Light Screen\n|move|p1a: Skeledirge|Torch Song|p2a: Putellas\n|-supereffective|p2a: Putellas\n|-damage|p2a: Putellas|0 fnt\n|-boost|p1a: Skeledirge|spa|1\n|faint|p2a: Putellas\n|\n|upkeep\n|\n|t:|1700704453\n|switch|p2a: Do Not Feed Bird|Corviknight, F, shiny|100\/100\n|turn|3\n|inactive|steelix217891011 has 120 seconds left.\n|inactive|Oumo has 120 seconds left.\n|inactive|Oumo has 90 seconds left.\n|inactive|Oumo has 60 seconds left.\n|\n|t:|1700704557\n|-terastallize|p2a: Do Not Feed Bird|Flying\n|move|p2a: Do Not Feed Bird|Bulk Up|p2a: Do Not Feed Bird\n|-boost|p2a: Do Not Feed Bird|atk|1\n|-boost|p2a: Do Not Feed Bird|def|1\n|move|p1a: Skeledirge|Torch Song|p2a: Do Not Feed Bird\n|-damage|p2a: Do Not Feed Bird|69\/100\n|-boost|p1a: Skeledirge|spa|1\n|\n|upkeep\n|turn|4\n|inactive|steelix217891011 has 120 seconds left.\n|\n|t:|1700704573\n|move|p2a: Do Not Feed Bird|Bulk Up|p2a: Do Not Feed Bird\n|-boost|p2a: Do Not Feed Bird|atk|1\n|-boost|p2a: Do Not Feed Bird|def|1\n|move|p1a: Skeledirge|Torch Song|p2a: Do Not Feed Bird\n|-damage|p2a: Do Not Feed Bird|29\/100\n|-boost|p1a: Skeledirge|spa|1\n|\n|upkeep\n|turn|5\n|\n|t:|1700704588\n|move|p2a: Do Not Feed Bird|Roost|p2a: Do Not Feed Bird\n|-heal|p2a: Do Not Feed Bird|79\/100\n|-hint|If a Flying Terastallized Pokemon uses Roost, it remains Flying-type.\n|move|p1a: Skeledirge|Torch Song|p2a: Do Not Feed Bird\n|-damage|p2a: Do Not Feed Bird|30\/100\n|-boost|p1a: Skeledirge|spa|1\n|\n|upkeep\n|turn|6\n|inactive|steelix217891011 has 120 seconds left.\n|\n|t:|1700704595\n|move|p2a: Do Not Feed Bird|Roost|p2a: Do Not Feed Bird\n|-heal|p2a: Do Not Feed Bird|80\/100\n|-hint|If a Flying Terastallized Pokemon uses Roost, it remains Flying-type.\n|move|p1a: Skeledirge|Torch Song|p2a: Do Not Feed Bird\n|-damage|p2a: Do Not Feed Bird|26\/100\n|\n|upkeep\n|turn|7\n|inactive|Oumo has 60 seconds left.\n|\n|t:|1700704600\n|move|p2a: Do Not Feed Bird|Power Trip|p1a: Skeledirge\n|-supereffective|p1a: Skeledirge\n|-damage|p1a: Skeledirge|67\/100\n|move|p1a: Skeledirge|Torch Song|p2a: Do Not Feed Bird\n|-damage|p2a: Do Not Feed Bird|0 fnt\n|faint|p2a: Do Not Feed Bird\n|\n|upkeep\n|inactive|Oumo has 60 seconds left.\n|inactive|Oumo has 30 seconds left.\n|\n|t:|1700704636\n|switch|p2a: Queen|Cinccino, F|100\/100\n|turn|8\n|\n|t:|1700704645\n|move|p2a: Queen|Sucker Punch||[still]\n|-fail|p2a: Queen\n|move|p1a: Skeledirge|Slack Off|p1a: Skeledirge\n|-heal|p1a: Skeledirge|100\/100\n|\n|upkeep\n|turn|9\n|\n|t:|1700704663\n|-terastallize|p1a: Skeledirge|Water\n|move|p2a: Queen|Sucker Punch|p1a: Skeledirge\n|-damage|p1a: Skeledirge|73\/100\n|move|p1a: Skeledirge|Torch Song|p2a: Queen\n|-enditem|p2a: Queen|Focus Sash\n|-damage|p2a: Queen|1\/100\n|replace|p2a: Myth|Zoroark, F\n|-end|p2a: Myth|Illusion\n|\n|-sideend|p2: Oumo|move: Light Screen\n|upkeep\n|turn|10\n|-message|Oumo forfeited.\n|\n|win|steelix217891011\n|raw|steelix217891011's rating: 1086 &rarr; <strong>1109<\/strong><br \/>(+23 for winning)\n|raw|Oumo's rating: 1031 &rarr; <strong>1019<\/strong><br \/>(-12 for losing)\n|l|\u2606Oumo\n","uploadtime":1700704710,"views":2,"p1id":"steelix217891011","p2id":"oumo","formatid":"gen9nationaldex","rating":1019,"private":0,"password":""}