{"id":"gen9nationaldex-1993754127","p1":"xiaoheizi114514","p2":"Red Vs Showdown","format":"[Gen 9] National Dex","log":"|j|\u2606xiaoheizi114514\n|j|\u2606Red Vs Showdown\n|inactive|Battle timer is ON: inactive players will automatically lose when time's up.\n|t:|1700353267\n|gametype|singles\n|player|p1|xiaoheizi114514|cyclist|\n|player|p2|Red Vs Showdown|red-gen2|\n|teamsize|p1|6\n|teamsize|p2|6\n|gen|9\n|tier|[Gen 9] National Dex\n|rated|Tournament battle\n|rule|HP Percentage Mod: HP is shown in percentages\n|rule|Endless Battle Clause: Forcing endless battles is banned\n|rule|OHKO Clause: OHKO moves are banned\n|rule|Evasion Clause: Evasion abilities, items, and moves are banned\n|rule|Evasion Abilities Clause: Evasion abilities are banned\n|rule|Evasion Items Clause: Evasion items are banned\n|rule|Evasion Moves Clause: Evasion moves are banned\n|rule|Species Clause: Limit one of each Pok\u00e9mon\n|rule|Sleep Clause Mod: Limit one foe put to sleep\n|clearpoke\n|poke|p1|Alomomola, M|\n|poke|p1|Slowking-Galar, F|\n|poke|p1|Ting-Lu|\n|poke|p1|Ursaluna, F|\n|poke|p1|Tapu Koko|\n|poke|p1|Scizor, M|\n|poke|p2|Pikachu, F|\n|poke|p2|Charizard, M|\n|poke|p2|Blastoise, M|\n|poke|p2|Venusaur, F|\n|poke|p2|Snorlax, M|\n|poke|p2|Espeon, F|\n|teampreview\n|c|\u2606Red Vs Showdown|...\n|\n|t:|1700353281\n|start\n|switch|p1a: Tapu Koko|Tapu Koko|100\/100\n|switch|p2a: Pikachu|Pikachu, F|100\/100\n|-fieldstart|move: Electric Terrain|[from] ability: Electric Surge|[of] p1a: Tapu Koko\n|turn|1\n|\n|t:|1700353286\n|-terastallize|p2a: Pikachu|Normal\n|move|p2a: Pikachu|Fake Out|p1a: Tapu Koko\n|-damage|p1a: Tapu Koko|64\/100\n|cant|p1a: Tapu Koko|flinch\n|\n|upkeep\n|turn|2\n|\n|t:|1700353288\n|move|p2a: Pikachu|Extreme Speed|p1a: Tapu Koko\n|-damage|p1a: Tapu Koko|0 fnt\n|faint|p1a: Tapu Koko\n|\n|upkeep\n|\n|t:|1700353291\n|switch|p1a: Ursaluna|Ursaluna, F|100\/100\n|turn|3\n|\n|t:|1700353295\n|switch|p2a: Blastoise|Blastoise, M|100\/100\n|move|p1a: Ursaluna|Headlong Rush|p2a: Blastoise\n|-damage|p2a: Blastoise|52\/100\n|-unboost|p1a: Ursaluna|def|1\n|-unboost|p1a: Ursaluna|spd|1\n|\n|-heal|p2a: Blastoise|58\/100|[from] item: Leftovers\n|-status|p1a: Ursaluna|brn|[from] item: Flame Orb\n|upkeep\n|turn|4\n|\n|t:|1700353299\n|move|p1a: Ursaluna|Facade|p2a: Blastoise\n|-damage|p2a: Blastoise|0 fnt\n|faint|p2a: Blastoise\n|\n|-damage|p1a: Ursaluna|94\/100 brn|[from] brn\n|upkeep\n|\n|t:|1700353301\n|switch|p2a: Charizard|Charizard, M|100\/100\n|turn|5\n|\n|t:|1700353303\n|switch|p1a: Ting-Lu|Ting-Lu|100\/100\n|-ability|p1a: Ting-Lu|Vessel of Ruin\n|detailschange|p2a: Charizard|Charizard-Mega-Y, M\n|-mega|p2a: Charizard|Charizard|Charizardite Y\n|-weather|SunnyDay|[from] ability: Drought|[of] p2a: Charizard\n|move|p2a: Charizard|Fire Blast|p1a: Ting-Lu\n|-damage|p1a: Ting-Lu|63\/100\n|\n|-weather|SunnyDay|[upkeep]\n|-heal|p1a: Ting-Lu|69\/100|[from] item: Leftovers\n|-fieldend|move: Electric Terrain\n|upkeep\n|turn|6\n|\n|t:|1700353310\n|switch|p2a: Espeon|Espeon, F|100\/100\n|move|p1a: Ting-Lu|Earthquake|p2a: Espeon\n|-damage|p2a: Espeon|24\/100\n|\n|-weather|SunnyDay|[upkeep]\n|-heal|p1a: Ting-Lu|75\/100|[from] item: Leftovers\n|upkeep\n|turn|7\n|\n|t:|1700353313\n|move|p2a: Espeon|Trick|p1a: Ting-Lu\n|-activate|p2a: Espeon|move: Trick|[of] p1a: Ting-Lu\n|-item|p1a: Ting-Lu|Choice Scarf|[from] move: Trick\n|-item|p2a: Espeon|Leftovers|[from] move: Trick\n|move|p1a: Ting-Lu|Earthquake|p2a: Espeon\n|-damage|p2a: Espeon|0 fnt\n|faint|p2a: Espeon\n|\n|-weather|SunnyDay|[upkeep]\n|upkeep\n|\n|t:|1700353315\n|switch|p2a: Charizard|Charizard-Mega-Y, M|100\/100\n|turn|8\n|j| Charizardman2008\n|\n|t:|1700353319\n|switch|p1a: Alomomola|Alomomola, M|100\/100\n|move|p2a: Charizard|Fire Blast|p1a: Alomomola\n|-resisted|p1a: Alomomola\n|-damage|p1a: Alomomola|36\/100\n|\n|-weather|SunnyDay|[upkeep]\n|upkeep\n|turn|9\n|\n|t:|1700353321\n|switch|p1a: Slowking|Slowking-Galar, F|100\/100\n|move|p2a: Charizard|Fire Blast|p1a: Slowking\n|-damage|p1a: Slowking|37\/100\n|\n|-weather|none\n|upkeep\n|turn|10\n|\n|t:|1700353329\n|switch|p1a: Alomomola|Alomomola, M|70\/100\n|move|p2a: Charizard|Fire Blast|p1a: Alomomola\n|-resisted|p1a: Alomomola\n|-damage|p1a: Alomomola|30\/100\n|\n|upkeep\n|turn|11\n|l| Charizardman2008\n|\n|t:|1700353334\n|switch|p2a: Snorlax|Snorlax, M|100\/100\n|switch|p1a: Slowking|Slowking-Galar, F|71\/100\n|\n|upkeep\n|turn|12\n|\n|t:|1700353337\n|move|p2a: Snorlax|Pursuit|p1a: Slowking\n|-supereffective|p1a: Slowking\n|-crit|p1a: Slowking\n|-damage|p1a: Slowking|9\/100\n|move|p1a: Slowking|Chilly Reception|p1a: Slowking\n|-weather|Snow\n|\n|t:|1700353339\n|switch|p1a: Ting-Lu|Ting-Lu|75\/100|[from] Chilly Reception\n|-ability|p1a: Ting-Lu|Vessel of Ruin\n|\n|-weather|Snow|[upkeep]\n|upkeep\n|turn|13\n|\n|t:|1700353342\n|switch|p2a: Charizard|Charizard-Mega-Y, M|100\/100\n|-weather|SunnyDay|[from] ability: Drought|[of] p2a: Charizard\n|move|p1a: Ting-Lu|Stealth Rock|p2a: Charizard\n|-sidestart|p2: Red Vs Showdown|move: Stealth Rock\n|\n|-weather|SunnyDay|[upkeep]\n|upkeep\n|turn|14\n|\n|t:|1700353347\n|move|p2a: Charizard|Fire Blast|p1a: Ting-Lu\n|-damage|p1a: Ting-Lu|36\/100\n|move|p1a: Ting-Lu|Stealth Rock||[still]\n|-fail|p1a: Ting-Lu\n|\n|-weather|SunnyDay|[upkeep]\n|upkeep\n|turn|15\n|\n|t:|1700353349\n|move|p2a: Charizard|Air Slash|p1a: Ting-Lu\n|-damage|p1a: Ting-Lu|16\/100\n|move|p1a: Ting-Lu|Stealth Rock||[still]\n|-fail|p1a: Ting-Lu\n|\n|-weather|SunnyDay|[upkeep]\n|upkeep\n|turn|16\n|\n|t:|1700353351\n|move|p2a: Charizard|Air Slash|p1a: Ting-Lu\n|-crit|p1a: Ting-Lu\n|-damage|p1a: Ting-Lu|0 fnt\n|faint|p1a: Ting-Lu\n|\n|-weather|SunnyDay|[upkeep]\n|upkeep\n|\n|t:|1700353353\n|switch|p1a: Slowking|Slowking-Galar, F|42\/100\n|turn|17\n|\n|t:|1700353356\n|-terastallize|p1a: Slowking|Water\n|move|p2a: Charizard|Fire Blast|p1a: Slowking\n|-resisted|p1a: Slowking\n|-damage|p1a: Slowking|13\/100\n|move|p1a: Slowking|Chilly Reception|p1a: Slowking\n|-weather|Snow\n|\n|t:|1700353361\n|switch|p1a: Alomomola|Alomomola, M|64\/100|[from] Chilly Reception\n|\n|-weather|Snow|[upkeep]\n|upkeep\n|turn|18\n|\n|t:|1700353363\n|move|p2a: Charizard|Air Slash|p1a: Alomomola\n|-damage|p1a: Alomomola|7\/100\n|move|p1a: Alomomola|Flip Turn|p2a: Charizard\n|-supereffective|p2a: Charizard\n|-damage|p2a: Charizard|56\/100\n|\n|t:|1700353366\n|switch|p1a: Slowking|Slowking-Galar, F, tera:Water|46\/100|[from] Flip Turn\n|\n|-weather|Snow|[upkeep]\n|upkeep\n|turn|19\n|\n|t:|1700353370\n|move|p2a: Charizard|Roost|p2a: Charizard\n|-heal|p2a: Charizard|100\/100\n|-singleturn|p2a: Charizard|move: Roost\n|move|p1a: Slowking|Sludge Bomb|p2a: Charizard\n|-damage|p2a: Charizard|66\/100\n|-status|p2a: Charizard|psn\n|\n|-weather|Snow|[upkeep]\n|-damage|p2a: Charizard|53\/100 psn|[from] psn\n|upkeep\n|turn|20\n|\n|t:|1700353374\n|switch|p2a: Snorlax|Snorlax, M|100\/100\n|-damage|p2a: Snorlax|88\/100|[from] Stealth Rock\n|move|p1a: Slowking|Sludge Bomb|p2a: Snorlax\n|-damage|p2a: Snorlax|69\/100\n|\n|-weather|Snow|[upkeep]\n|upkeep\n|turn|21\n|\n|t:|1700353379\n|switch|p1a: Alomomola|Alomomola, M|40\/100\n|move|p2a: Snorlax|Return|p1a: Alomomola\n|-damage|p1a: Alomomola|0 fnt\n|faint|p1a: Alomomola\n|\n|-weather|none\n|upkeep\n|\n|t:|1700353382\n|switch|p1a: Ursaluna|Ursaluna, F|94\/100 brn\n|turn|22\n|\n|t:|1700353394\n|switch|p2a: Pikachu|Pikachu, F, tera:Normal|100\/100\n|-damage|p2a: Pikachu|88\/100|[from] Stealth Rock\n|move|p1a: Ursaluna|Facade|p2a: Pikachu\n|-damage|p2a: Pikachu|0 fnt\n|faint|p2a: Pikachu\n|\n|-damage|p1a: Ursaluna|88\/100 brn|[from] brn\n|upkeep\n|\n|t:|1700353395\n|switch|p2a: Charizard|Charizard-Mega-Y, M|53\/100 psn\n|-damage|p2a: Charizard|4\/100 psn|[from] Stealth Rock\n|-weather|SunnyDay|[from] ability: Drought|[of] p2a: Charizard\n|turn|23\n|\n|t:|1700353409\n|switch|p1a: Slowking|Slowking-Galar, F, tera:Water|80\/100\n|move|p2a: Charizard|Fire Blast|p1a: Slowking|[miss]\n|-miss|p2a: Charizard|p1a: Slowking\n|\n|-weather|SunnyDay|[upkeep]\n|-damage|p2a: Charizard|0 fnt|[from] psn\n|faint|p2a: Charizard\n|upkeep\n|\n|t:|1700353412\n|switch|p2a: Venusaur|Venusaur, F|100\/100\n|-damage|p2a: Venusaur|88\/100|[from] Stealth Rock\n|turn|24\n|\n|t:|1700353417\n|-zpower|p2a: Venusaur\n|move|p2a: Venusaur|Bloom Doom|p1a: Slowking|[zeffect]\n|-supereffective|p1a: Slowking\n|-crit|p1a: Slowking\n|-damage|p1a: Slowking|0 fnt\n|faint|p1a: Slowking\n|\n|-weather|SunnyDay|[upkeep]\n|upkeep\n|j| Potatofromsinnoh\n|\n|t:|1700353421\n|switch|p1a: Scizor|Scizor, M|100\/100\n|turn|25\n|\n|t:|1700353424\n|detailschange|p1a: Scizor|Scizor-Mega, M\n|-mega|p1a: Scizor|Scizor|Scizorite\n|move|p1a: Scizor|Bullet Punch|p2a: Venusaur\n|-damage|p2a: Venusaur|46\/100\n|move|p2a: Venusaur|Weather Ball|p1a: Scizor\n|-supereffective|p1a: Scizor\n|-crit|p1a: Scizor\n|-damage|p1a: Scizor|0 fnt\n|faint|p1a: Scizor\n|\n|-weather|SunnyDay|[upkeep]\n|upkeep\n|\n|t:|1700353426\n|switch|p1a: Ursaluna|Ursaluna, F|88\/100 brn\n|turn|26\n|\n|t:|1700353435\n|switch|p2a: Snorlax|Snorlax, M|69\/100\n|-damage|p2a: Snorlax|56\/100|[from] Stealth Rock\n|move|p1a: Ursaluna|Facade|p2a: Snorlax\n|-damage|p2a: Snorlax|0 fnt\n|faint|p2a: Snorlax\n|\n|-weather|SunnyDay|[upkeep]\n|-damage|p1a: Ursaluna|82\/100 brn|[from] brn\n|upkeep\n|\n|t:|1700353436\n|switch|p2a: Venusaur|Venusaur, F|46\/100\n|-damage|p2a: Venusaur|34\/100|[from] Stealth Rock\n|turn|27\n|\n|t:|1700353438\n|move|p2a: Venusaur|Solar Beam||[still]\n|-prepare|p2a: Venusaur|Solar Beam\n|-anim|p2a: Venusaur|Solar Beam|p1a: Ursaluna\n|-supereffective|p1a: Ursaluna\n|-damage|p1a: Ursaluna|0 fnt\n|faint|p1a: Ursaluna\n|\n|win|Red Vs Showdown\n|n|\u2606xiaoheizi114514|xiaoheizi114514\n|n|\u2606Red Vs Showdown|redvsshowdown\n|n| Potatofromsinnoh|potatofromsinnoh\n|c|\u2606Red Vs Showdown|...\n|l|\u2606xiaoheizi114514\n|l| Potatofromsinnoh\n","uploadtime":1700353457,"views":7,"p1id":"xiaoheizi114514","p2id":"redvsshowdown","formatid":"gen9nationaldex","rating":0,"private":0,"password":""}