{"id":"gen9nationaldex-1995960877","p1":"aceman2798","p2":"guzmfran","format":"[Gen 9] National Dex","log":"|html|<div class=\"broadcast-blue\"><strong>[Gen 9] National Dex is currently suspecting Sneasler! For information on how to participate check out the <a href=\"https:\/\/www.smogon.com\/forums\/threads\/sv-national-dex-suspect-8-just-dance.3731534\/\">suspect thread<\/a>.<\/strong><\/div>\n|j|\u2606aceman2798\n|j|\u2606guzmfran\n|t:|1700622357\n|gametype|singles\n|player|p1|aceman2798|byron|\n|player|p2|guzmfran|ninjaboy|\n|teamsize|p1|6\n|teamsize|p2|6\n|gen|9\n|tier|[Gen 9] National Dex\n|rule|HP Percentage Mod: HP is shown in percentages\n|rule|Endless Battle Clause: Forcing endless battles is banned\n|rule|OHKO Clause: OHKO moves are banned\n|rule|Evasion Clause: Evasion abilities, items, and moves are banned\n|rule|Evasion Abilities Clause: Evasion abilities are banned\n|rule|Evasion Items Clause: Evasion items are banned\n|rule|Evasion Moves Clause: Evasion moves are banned\n|rule|Species Clause: Limit one of each Pok\u00e9mon\n|rule|Sleep Clause Mod: Limit one foe put to sleep\n|clearpoke\n|poke|p1|Metagross|\n|poke|p1|Bronzong|\n|poke|p1|Empoleon, M|\n|poke|p1|Corviknight, F|\n|poke|p1|Heatran, M|\n|poke|p1|Aegislash, F|\n|poke|p2|Clawitzer, M|\n|poke|p2|Slowking, F|\n|poke|p2|Skeledirge, M|\n|poke|p2|Dragonite, M|\n|poke|p2|Basculegion-F, F|\n|poke|p2|Pelipper, F|\n|teampreview\n|\n|t:|1700622430\n|start\n|switch|p1a: Aegislash|Aegislash, F|100\/100\n|switch|p2a: Skeledirge|Skeledirge, M|100\/100\n|turn|1\n|\n|t:|1700622442\n|-terastallize|p2a: Skeledirge|Water\n|move|p2a: Skeledirge|Shadow Ball|p1a: Aegislash\n|-supereffective|p1a: Aegislash\n|-damage|p1a: Aegislash|57\/100\n|-formechange|p1a: Aegislash|Aegislash-Blade||[from] ability: Stance Change\n|move|p1a: Aegislash|Shadow Ball|p2a: Skeledirge\n|-damage|p2a: Skeledirge|61\/100\n|\n|-heal|p1a: Aegislash|63\/100|[from] item: Leftovers\n|upkeep\n|turn|2\n|\n|t:|1700622470\n|-formechange|p1a: Aegislash|Aegislash||[from] ability: Stance Change\n|move|p1a: Aegislash|King's Shield|p1a: Aegislash\n|-singleturn|p1a: Aegislash|Protect\n|move|p2a: Skeledirge|Shadow Ball|p1a: Aegislash\n|-activate|p1a: Aegislash|move: Protect\n|\n|-heal|p1a: Aegislash|70\/100|[from] item: Leftovers\n|upkeep\n|turn|3\n|\n|t:|1700622492\n|switch|p1a: Empoleon|Empoleon, M|100\/100\n|move|p2a: Skeledirge|Slack Off|p2a: Skeledirge\n|-heal|p2a: Skeledirge|100\/100\n|\n|upkeep\n|turn|4\n|\n|t:|1700622498\n|move|p1a: Empoleon|Air Slash|p2a: Skeledirge\n|-damage|p2a: Skeledirge|76\/100\n|cant|p2a: Skeledirge|flinch\n|\n|upkeep\n|turn|5\n|\n|t:|1700622507\n|switch|p1a: Heatran|Heatran, M|100\/100\n|switch|p2a: Slowking|Slowking, F|100\/100\n|\n|upkeep\n|turn|6\n|\n|t:|1700622517\n|switch|p1a: Bronzong|Bronzong|100\/100\n|move|p2a: Slowking|Chilly Reception|p2a: Slowking\n|-weather|Snow\n|\n|t:|1700622529\n|switch|p2a: Pelipper|Pelipper, F|100\/100|[from] Chilly Reception\n|-weather|RainDance|[from] ability: Drizzle|[of] p2a: Pelipper\n|\n|-weather|RainDance|[upkeep]\n|upkeep\n|turn|7\n|j| Horse95\n|\n|t:|1700622568\n|move|p2a: Pelipper|U-turn|p1a: Bronzong\n|-damage|p1a: Bronzong|95\/100\n|\n|t:|1700622571\n|switch|p2a: Basculegion|Basculegion-F, F|100\/100|[from] U-turn\n|move|p1a: Bronzong|Calm Mind|p1a: Bronzong\n|-boost|p1a: Bronzong|spa|1\n|-boost|p1a: Bronzong|spd|1\n|\n|-weather|RainDance|[upkeep]\n|-heal|p1a: Bronzong|100\/100|[from] item: Leftovers\n|upkeep\n|turn|8\n|\n|t:|1700622583\n|move|p1a: Bronzong|Protect|p1a: Bronzong\n|-singleturn|p1a: Bronzong|Protect\n|move|p2a: Basculegion|Surf|p1a: Bronzong\n|-activate|p1a: Bronzong|move: Protect\n|\n|-weather|RainDance|[upkeep]\n|upkeep\n|turn|9\n|\n|t:|1700622590\n|switch|p1a: Empoleon|Empoleon, M|100\/100\n|move|p2a: Basculegion|Surf|p1a: Empoleon\n|-resisted|p1a: Empoleon\n|-crit|p1a: Empoleon\n|-damage|p1a: Empoleon|29\/100\n|\n|-weather|RainDance|[upkeep]\n|upkeep\n|turn|10\n|\n|t:|1700622601\n|move|p2a: Basculegion|Surf|p1a: Empoleon\n|-resisted|p1a: Empoleon\n|-damage|p1a: Empoleon|0 fnt\n|faint|p1a: Empoleon\n|\n|-weather|RainDance|[upkeep]\n|upkeep\n|\n|t:|1700622612\n|switch|p1a: Aegislash|Aegislash, F|70\/100\n|turn|11\n|\n|t:|1700622616\n|move|p1a: Aegislash|King's Shield|p1a: Aegislash\n|-singleturn|p1a: Aegislash|Protect\n|move|p2a: Basculegion|Surf|p1a: Aegislash\n|-activate|p1a: Aegislash|move: Protect\n|\n|-weather|RainDance|[upkeep]\n|-heal|p1a: Aegislash|76\/100|[from] item: Leftovers\n|upkeep\n|turn|12\n|\n|t:|1700622624\n|move|p2a: Basculegion|Surf|p1a: Aegislash\n|-damage|p1a: Aegislash|2\/100\n|-formechange|p1a: Aegislash|Aegislash-Blade||[from] ability: Stance Change\n|move|p1a: Aegislash|Shadow Ball|p2a: Basculegion\n|-supereffective|p2a: Basculegion\n|-damage|p2a: Basculegion|24\/100\n|-unboost|p2a: Basculegion|spd|1\n|\n|-weather|RainDance|[upkeep]\n|-heal|p1a: Aegislash|8\/100|[from] item: Leftovers\n|upkeep\n|turn|13\n|\n|t:|1700622636\n|switch|p2a: Clawitzer|Clawitzer, M|100\/100\n|-formechange|p1a: Aegislash|Aegislash||[from] ability: Stance Change\n|move|p1a: Aegislash|King's Shield||[still]\n|-fail|p1a: Aegislash\n|\n|-weather|none\n|-heal|p1a: Aegislash|14\/100|[from] item: Leftovers\n|upkeep\n|turn|14\n|\n|t:|1700622671\n|switch|p1a: Corviknight|Corviknight, F|100\/100\n|-ability|p1a: Corviknight|Pressure\n|move|p2a: Clawitzer|Dark Pulse|p1a: Corviknight\n|-damage|p1a: Corviknight|63\/100\n|\n|upkeep\n|turn|15\n|\n|t:|1700622693\n|move|p2a: Clawitzer|Dark Pulse|p1a: Corviknight\n|-damage|p1a: Corviknight|24\/100\n|cant|p1a: Corviknight|flinch\n|\n|upkeep\n|turn|16\n|\n|t:|1700622700\n|move|p2a: Clawitzer|Dark Pulse|p1a: Corviknight\n|-damage|p1a: Corviknight|0 fnt\n|faint|p1a: Corviknight\n|\n|upkeep\n|\n|t:|1700622702\n|switch|p1a: Metagross|Metagross|100\/100\n|turn|17\n|\n|t:|1700622709\n|move|p2a: Clawitzer|Dark Pulse|p1a: Metagross\n|-supereffective|p1a: Metagross\n|-damage|p1a: Metagross|13\/100\n|-enditem|p1a: Metagross|Weakness Policy\n|-boost|p1a: Metagross|atk|2|[from] item: Weakness Policy\n|-boost|p1a: Metagross|spa|2|[from] item: Weakness Policy\n|move|p1a: Metagross|Rock Polish|p1a: Metagross\n|-boost|p1a: Metagross|spe|2\n|\n|upkeep\n|turn|18\n|\n|t:|1700622741\n|switch|p2a: Pelipper|Pelipper, F|100\/100\n|-weather|RainDance|[from] ability: Drizzle|[of] p2a: Pelipper\n|move|p1a: Metagross|Earthquake|p2a: Pelipper\n|-immune|p2a: Pelipper\n|\n|-weather|RainDance|[upkeep]\n|upkeep\n|turn|19\n|\n|t:|1700622750\n|move|p1a: Metagross|Meteor Mash|p2a: Pelipper|[miss]\n|-miss|p1a: Metagross|p2a: Pelipper\n|move|p2a: Pelipper|Surf|p1a: Metagross\n|-damage|p1a: Metagross|0 fnt\n|faint|p1a: Metagross\n|\n|-weather|RainDance|[upkeep]\n|upkeep\n|\n|t:|1700622754\n|switch|p1a: Bronzong|Bronzong|100\/100\n|turn|20\n|\n|t:|1700622763\n|move|p2a: Pelipper|U-turn|p1a: Bronzong\n|-damage|p1a: Bronzong|95\/100\n|\n|t:|1700622766\n|switch|p2a: Skeledirge|Skeledirge, M, tera:Water|76\/100|[from] U-turn\n|move|p1a: Bronzong|Calm Mind|p1a: Bronzong\n|-boost|p1a: Bronzong|spa|1\n|-boost|p1a: Bronzong|spd|1\n|\n|-weather|RainDance|[upkeep]\n|-heal|p1a: Bronzong|100\/100|[from] item: Leftovers\n|upkeep\n|turn|21\n|\n|t:|1700622775\n|move|p2a: Skeledirge|Shadow Ball|p1a: Bronzong\n|-supereffective|p1a: Bronzong\n|-damage|p1a: Bronzong|49\/100\n|move|p1a: Bronzong|Calm Mind|p1a: Bronzong\n|-boost|p1a: Bronzong|spa|1\n|-boost|p1a: Bronzong|spd|1\n|\n|-weather|RainDance|[upkeep]\n|-heal|p1a: Bronzong|55\/100|[from] item: Leftovers\n|upkeep\n|turn|22\n|\n|t:|1700622785\n|move|p1a: Bronzong|Protect|p1a: Bronzong\n|-singleturn|p1a: Bronzong|Protect\n|move|p2a: Skeledirge|Shadow Ball|p1a: Bronzong\n|-activate|p1a: Bronzong|move: Protect\n|\n|-weather|RainDance|[upkeep]\n|-heal|p1a: Bronzong|61\/100|[from] item: Leftovers\n|upkeep\n|turn|23\n|\n|t:|1700622794\n|-terastallize|p1a: Bronzong|Steel\n|move|p2a: Skeledirge|Will-O-Wisp|p1a: Bronzong\n|-status|p1a: Bronzong|brn\n|move|p1a: Bronzong|Calm Mind|p1a: Bronzong\n|-boost|p1a: Bronzong|spa|1\n|-boost|p1a: Bronzong|spd|1\n|\n|-weather|RainDance|[upkeep]\n|-heal|p1a: Bronzong|68\/100 brn|[from] item: Leftovers\n|-damage|p1a: Bronzong|61\/100 brn|[from] brn\n|upkeep\n|turn|24\n|\n|t:|1700622806\n|move|p2a: Skeledirge|Slack Off|p2a: Skeledirge\n|-heal|p2a: Skeledirge|100\/100\n|move|p1a: Bronzong|Iron Defense|p1a: Bronzong\n|-boost|p1a: Bronzong|def|2\n|\n|-weather|RainDance|[upkeep]\n|-heal|p1a: Bronzong|68\/100 brn|[from] item: Leftovers\n|-damage|p1a: Bronzong|61\/100 brn|[from] brn\n|upkeep\n|turn|25\n|\n|t:|1700622815\n|move|p2a: Skeledirge|Torch Song|p1a: Bronzong\n|-supereffective|p1a: Bronzong\n|-damage|p1a: Bronzong|36\/100 brn\n|-boost|p2a: Skeledirge|spa|1\n|move|p1a: Bronzong|Calm Mind|p1a: Bronzong\n|-boost|p1a: Bronzong|spa|1\n|-boost|p1a: Bronzong|spd|1\n|\n|-weather|none\n|-heal|p1a: Bronzong|42\/100 brn|[from] item: Leftovers\n|-damage|p1a: Bronzong|36\/100 brn|[from] brn\n|upkeep\n|turn|26\n|\n|t:|1700622826\n|move|p2a: Skeledirge|Shadow Ball|p1a: Bronzong\n|-damage|p1a: Bronzong|0 fnt\n|faint|p1a: Bronzong\n|\n|upkeep\n|\n|t:|1700622831\n|switch|p1a: Heatran|Heatran, M|100\/100\n|turn|27\n|\n|t:|1700622839\n|move|p1a: Heatran|Eruption|p2a: Skeledirge\n|-resisted|p2a: Skeledirge\n|-damage|p2a: Skeledirge|53\/100\n|move|p2a: Skeledirge|Shadow Ball|p1a: Heatran\n|-damage|p1a: Heatran|59\/100\n|\n|upkeep\n|turn|28\n|\n|t:|1700622847\n|switch|p1a: Aegislash|Aegislash, F|14\/100\n|move|p2a: Skeledirge|Slack Off|p2a: Skeledirge\n|-heal|p2a: Skeledirge|100\/100\n|\n|-heal|p1a: Aegislash|20\/100|[from] item: Leftovers\n|upkeep\n|turn|29\n|\n|t:|1700622855\n|move|p2a: Skeledirge|Shadow Ball|p1a: Aegislash\n|-supereffective|p1a: Aegislash\n|-damage|p1a: Aegislash|0 fnt\n|faint|p1a: Aegislash\n|\n|upkeep\n|\n|t:|1700622857\n|switch|p1a: Heatran|Heatran, M|59\/100\n|turn|30\n|\n|t:|1700622863\n|move|p1a: Heatran|Magma Storm|p2a: Skeledirge|[miss]\n|-miss|p1a: Heatran|p2a: Skeledirge\n|move|p2a: Skeledirge|Shadow Ball|p1a: Heatran\n|-damage|p1a: Heatran|14\/100\n|\n|upkeep\n|turn|31\n|\n|t:|1700622870\n|move|p1a: Heatran|Magma Storm|p2a: Skeledirge\n|-resisted|p2a: Skeledirge\n|-damage|p2a: Skeledirge|73\/100\n|-activate|p2a: Skeledirge|move: Magma Storm|[of] p1a: Heatran\n|move|p2a: Skeledirge|Shadow Ball|p1a: Heatran\n|-damage|p1a: Heatran|0 fnt\n|faint|p1a: Heatran\n|\n|win|guzmfran\n","uploadtime":1700622880,"views":2,"p1id":"aceman2798","p2id":"guzmfran","formatid":"gen9nationaldex","rating":0,"private":0,"password":""}