{"id":"gen9nationaldex-1998942713","p1":"BuccaneerTPDPurge","p2":"TPD Kitten","format":"[Gen 9] National Dex","log":"|html|<div class=\"broadcast-blue\"><strong>[Gen 9] National Dex is currently suspecting Sneasler! For information on how to participate check out the <a href=\"https:\/\/www.smogon.com\/forums\/threads\/sv-national-dex-suspect-8-just-dance.3731534\/\">suspect thread<\/a>.<\/strong><\/div>\n|j|\u2606BuccaneerTPDPurge\n|j|\u2606TPD Kitten\n|t:|1701015932\n|gametype|singles\n|player|p1|BuccaneerTPDPurge|artist|\n|player|p2|TPD Kitten|unknown|\n|teamsize|p1|6\n|teamsize|p2|6\n|gen|9\n|tier|[Gen 9] National Dex\n|rule|HP Percentage Mod: HP is shown in percentages\n|rule|Endless Battle Clause: Forcing endless battles is banned\n|rule|OHKO Clause: OHKO moves are banned\n|rule|Evasion Clause: Evasion abilities, items, and moves are banned\n|rule|Evasion Abilities Clause: Evasion abilities are banned\n|rule|Evasion Items Clause: Evasion items are banned\n|rule|Evasion Moves Clause: Evasion moves are banned\n|rule|Species Clause: Limit one of each Pok\u00e9mon\n|rule|Sleep Clause Mod: Limit one foe put to sleep\n|clearpoke\n|poke|p1|Beedrill, F|\n|poke|p1|Sneasler, F|\n|poke|p1|Munkidori, M|\n|poke|p1|Nidoking, M|\n|poke|p1|Glimmora, M|\n|poke|p1|Drapion, F|\n|poke|p2|Hoopa-Unbound|\n|poke|p2|Greninja-*, F|\n|poke|p2|Umbreon, F|\n|poke|p2|Sableye, M|\n|poke|p2|Muk-Alola, M|\n|poke|p2|Ting-Lu|\n|teampreview\n|\n|t:|1701015950\n|start\n|switch|p1a: PurgeCarrier|Sneasler, F, shiny|100\/100\n|switch|p2a: Sableye|Sableye, M|100\/100\n|turn|1\n|\n|t:|1701015957\n|switch|p1a: DrapGangPurger|Drapion, F, shiny|100\/100\n|move|p2a: Sableye|Will-O-Wisp|p1a: DrapGangPurger\n|-hint|Since gen 7, Dark is immune to Prankster moves.\n|-immune|p1a: DrapGangPurger\n|\n|upkeep\n|turn|2\n|\n|t:|1701015964\n|move|p1a: DrapGangPurger|Taunt|p2a: Sableye\n|-start|p2a: Sableye|move: Taunt\n|move|p2a: Sableye|Night Shade|p1a: DrapGangPurger\n|-damage|p1a: DrapGangPurger|69\/100\n|\n|upkeep\n|turn|3\n|\n|t:|1701015970\n|-activate|p2a: Sableye|move: Pursuit\n|move|p1a: DrapGangPurger|Pursuit|p2a: Sableye|[from]Pursuit\n|-damage|p2a: Sableye|67\/100\n|switch|p2a: Ting-Lu|Ting-Lu|100\/100\n|-ability|p2a: Ting-Lu|Vessel of Ruin\n|\n|upkeep\n|turn|4\n|c|\u2606TPD Kitten|Nice predict\n|\n|t:|1701015980\n|move|p1a: DrapGangPurger|Taunt|p2a: Ting-Lu\n|-start|p2a: Ting-Lu|move: Taunt\n|cant|p2a: Ting-Lu|move: Taunt|Spikes\n|\n|upkeep\n|turn|5\n|c|\u2606BuccaneerTPDPurge|yeah\n|c|\u2606BuccaneerTPDPurge|ty\n|\n|t:|1701015985\n|move|p1a: DrapGangPurger|Knock Off|p2a: Ting-Lu\n|-resisted|p2a: Ting-Lu\n|-damage|p2a: Ting-Lu|92\/100\n|-enditem|p2a: Ting-Lu|Leftovers|[from] move: Knock Off|[of] p1a: DrapGangPurger\n|move|p2a: Ting-Lu|Earthquake|p1a: DrapGangPurger\n|-supereffective|p1a: DrapGangPurger\n|-damage|p1a: DrapGangPurger|8\/100\n|\n|upkeep\n|turn|6\n|\n|t:|1701015994\n|move|p1a: DrapGangPurger|Rest|p1a: DrapGangPurger\n|-status|p1a: DrapGangPurger|slp|[from] move: Rest\n|-heal|p1a: DrapGangPurger|100\/100 slp|[silent]\n|move|p2a: Ting-Lu|Earthquake|p1a: DrapGangPurger\n|-supereffective|p1a: DrapGangPurger\n|-damage|p1a: DrapGangPurger|40\/100 slp\n|\n|-end|p2a: Ting-Lu|move: Taunt\n|upkeep\n|turn|7\n|\n|t:|1701015999\n|switch|p1a: GlimaticoPurge|Glimmora, M|100\/100\n|-item|p1a: GlimaticoPurge|Air Balloon\n|move|p2a: Ting-Lu|Spikes|p1a: GlimaticoPurge\n|-sidestart|p1: BuccaneerTPDPurge|Spikes\n|\n|upkeep\n|turn|8\n|\n|t:|1701016003\n|move|p1a: GlimaticoPurge|Mortal Spin|p2a: Ting-Lu\n|-resisted|p2a: Ting-Lu\n|-damage|p2a: Ting-Lu|91\/100\n|-status|p2a: Ting-Lu|psn\n|-sideend|p1: BuccaneerTPDPurge|Spikes|[from] move: Mortal Spin|[of] p1a: GlimaticoPurge\n|move|p2a: Ting-Lu|Spikes|p1a: GlimaticoPurge\n|-sidestart|p1: BuccaneerTPDPurge|Spikes\n|\n|-damage|p2a: Ting-Lu|78\/100 psn|[from] psn\n|upkeep\n|turn|9\n|\n|t:|1701016009\n|move|p1a: GlimaticoPurge|Stealth Rock|p2a: Ting-Lu\n|-sidestart|p2: TPD Kitten|move: Stealth Rock\n|move|p2a: Ting-Lu|Ruination|p1a: GlimaticoPurge|[miss]\n|-miss|p2a: Ting-Lu|p1a: GlimaticoPurge\n|\n|-damage|p2a: Ting-Lu|66\/100 psn|[from] psn\n|upkeep\n|turn|10\n|\n|t:|1701016014\n|move|p1a: GlimaticoPurge|Spiky Shield|p1a: GlimaticoPurge\n|-singleturn|p1a: GlimaticoPurge|move: Protect\n|move|p2a: Ting-Lu|Ruination|p1a: GlimaticoPurge\n|-activate|p1a: GlimaticoPurge|move: Protect\n|\n|-damage|p2a: Ting-Lu|53\/100 psn|[from] psn\n|upkeep\n|turn|11\n|\n|t:|1701016019\n|move|p1a: GlimaticoPurge|Dazzling Gleam|p2a: Ting-Lu\n|-supereffective|p2a: Ting-Lu\n|-damage|p2a: Ting-Lu|26\/100 psn\n|move|p2a: Ting-Lu|Ruination|p1a: GlimaticoPurge\n|-damage|p1a: GlimaticoPurge|51\/100\n|-enditem|p1a: GlimaticoPurge|Air Balloon\n|\n|-damage|p2a: Ting-Lu|14\/100 psn|[from] psn\n|upkeep\n|turn|12\n|\n|t:|1701016025\n|move|p1a: GlimaticoPurge|Mortal Spin|p2a: Ting-Lu\n|-resisted|p2a: Ting-Lu\n|-damage|p2a: Ting-Lu|12\/100 psn\n|-sideend|p1: BuccaneerTPDPurge|Spikes|[from] move: Mortal Spin|[of] p1a: GlimaticoPurge\n|move|p2a: Ting-Lu|Whirlwind|p1a: GlimaticoPurge\n|drag|p1a: BeePurging|Beedrill, F|100\/100\n|\n|-damage|p2a: Ting-Lu|0 fnt|[from] psn\n|faint|p2a: Ting-Lu\n|upkeep\n|\n|t:|1701016031\n|switch|p2a: Umbreon|Umbreon, F|100\/100\n|-damage|p2a: Umbreon|88\/100|[from] Stealth Rock\n|turn|13\n|\n|t:|1701016038\n|detailschange|p1a: BeePurging|Beedrill-Mega, F\n|-mega|p1a: BeePurging|Beedrill|Beedrillite\n|move|p2a: Umbreon|Protect|p2a: Umbreon\n|-singleturn|p2a: Umbreon|Protect\n|move|p1a: BeePurging|Brick Break|p2a: Umbreon\n|-activate|p2a: Umbreon|move: Protect\n|\n|-heal|p2a: Umbreon|94\/100|[from] item: Leftovers\n|upkeep\n|turn|14\n|\n|t:|1701016046\n|move|p1a: BeePurging|Fell Stinger|p2a: Umbreon\n|-supereffective|p2a: Umbreon\n|-damage|p2a: Umbreon|45\/100\n|move|p2a: Umbreon|Foul Play|p1a: BeePurging\n|-damage|p1a: BeePurging|0 fnt\n|faint|p1a: BeePurging\n|\n|-heal|p2a: Umbreon|51\/100|[from] item: Leftovers\n|upkeep\n|\n|t:|1701016052\n|switch|p1a: PurgeCarrier|Sneasler, F, shiny|100\/100\n|turn|15\n|\n|t:|1701016057\n|move|p2a: Umbreon|Protect|p2a: Umbreon\n|-singleturn|p2a: Umbreon|Protect\n|move|p1a: PurgeCarrier|Close Combat|p2a: Umbreon\n|-activate|p2a: Umbreon|move: Protect\n|\n|-heal|p2a: Umbreon|57\/100|[from] item: Leftovers\n|upkeep\n|turn|16\n|\n|t:|1701016068\n|switch|p2a: Sableye|Sableye, M|67\/100\n|-damage|p2a: Sableye|55\/100|[from] Stealth Rock\n|move|p1a: PurgeCarrier|Dire Claw|p2a: Sableye\n|-resisted|p2a: Sableye\n|-damage|p2a: Sableye|28\/100\n|-status|p2a: Sableye|slp\n|\n|upkeep\n|turn|17\n|c|\u2606BuccaneerTPDPurge|prediction\n|\n|t:|1701016078\n|switch|p1a: GlimaticoPurge|Glimmora, M|51\/100\n|cant|p2a: Sableye|slp\n|\n|upkeep\n|turn|18\n|\n|t:|1701016095\n|cant|p2a: Sableye|slp\n|move|p1a: GlimaticoPurge|Dazzling Gleam|p2a: Sableye\n|-supereffective|p2a: Sableye\n|-damage|p2a: Sableye|0 fnt\n|faint|p2a: Sableye\n|\n|upkeep\n|\n|t:|1701016103\n|switch|p2a: Greninja|Greninja, F|100\/100\n|-damage|p2a: Greninja|88\/100|[from] Stealth Rock\n|turn|19\n|c|\u2606BuccaneerTPDPurge|there goes m-sab\n|\n|t:|1701016109\n|-terastallize|p1a: GlimaticoPurge|Grass\n|move|p2a: Greninja|Surf|p1a: GlimaticoPurge\n|-start|p2a: Greninja|typechange|Water|[from] ability: Protean\n|-resisted|p1a: GlimaticoPurge\n|-damage|p1a: GlimaticoPurge|33\/100\n|move|p1a: GlimaticoPurge|Dazzling Gleam|p2a: Greninja\n|-damage|p2a: Greninja|51\/100\n|\n|upkeep\n|turn|20\n|\n|t:|1701016115\n|switch|p2a: Muk|Muk-Alola, M|100\/100\n|-damage|p2a: Muk|88\/100|[from] Stealth Rock\n|move|p1a: GlimaticoPurge|Spiky Shield||[still]\n|-fail|p1a: GlimaticoPurge\n|\n|upkeep\n|turn|21\n|\n|t:|1701016126\n|move|p1a: GlimaticoPurge|Dazzling Gleam|p2a: Muk\n|-damage|p2a: Muk|76\/100\n|move|p2a: Muk|Pursuit|p1a: GlimaticoPurge\n|-damage|p1a: GlimaticoPurge|14\/100\n|-activate|p1a: GlimaticoPurge|ability: Toxic Debris\n|-sidestart|p2: TPD Kitten|move: Toxic Spikes\n|-status|p1a: GlimaticoPurge|psn|[from] ability: Poison Touch|[of] p2a: Muk\n|\n|-damage|p1a: GlimaticoPurge|1\/100 psn|[from] psn\n|upkeep\n|turn|22\n|\n|t:|1701016145\n|switch|p2a: Umbreon|Umbreon, F|57\/100\n|-damage|p2a: Umbreon|45\/100|[from] Stealth Rock\n|-status|p2a: Umbreon|psn\n|move|p1a: GlimaticoPurge|Dazzling Gleam|p2a: Umbreon\n|-supereffective|p2a: Umbreon\n|-damage|p2a: Umbreon|16\/100 psn\n|\n|-heal|p2a: Umbreon|22\/100 psn|[from] item: Leftovers\n|-damage|p1a: GlimaticoPurge|0 fnt|[from] psn\n|faint|p1a: GlimaticoPurge\n|-damage|p2a: Umbreon|9\/100 psn|[from] psn\n|upkeep\n|\n|t:|1701016153\n|switch|p1a: PurgeCarrier|Sneasler, F, shiny|100\/100\n|turn|23\n|c|\u2606TPD Kitten|This is... Not looking so good\n|\n|t:|1701016163\n|move|p2a: Umbreon|Protect|p2a: Umbreon\n|-singleturn|p2a: Umbreon|Protect\n|move|p1a: PurgeCarrier|Close Combat|p2a: Umbreon\n|-activate|p2a: Umbreon|move: Protect\n|\n|-heal|p2a: Umbreon|15\/100 psn|[from] item: Leftovers\n|-damage|p2a: Umbreon|3\/100 psn|[from] psn\n|upkeep\n|turn|24\n|\n|t:|1701016175\n|move|p1a: PurgeCarrier|Fire Punch|p2a: Umbreon\n|-damage|p2a: Umbreon|0 fnt\n|faint|p2a: Umbreon\n|\n|upkeep\n|\n|t:|1701016182\n|switch|p2a: Muk|Muk-Alola, M|76\/100\n|-damage|p2a: Muk|63\/100|[from] Stealth Rock\n|-sideend|p2: TPD Kitten|move: Toxic Spikes|[of] p2a: Muk\n|turn|25\n|c|\u2606BuccaneerTPDPurge|it migth not\n|\n|t:|1701016190\n|move|p1a: PurgeCarrier|Close Combat|p2a: Muk\n|-damage|p2a: Muk|0 fnt\n|-unboost|p1a: PurgeCarrier|def|1\n|-unboost|p1a: PurgeCarrier|spd|1\n|faint|p2a: Muk\n|\n|upkeep\n|\n|t:|1701016201\n|switch|p2a: Hoopa|Hoopa-Unbound|100\/100\n|-damage|p2a: Hoopa|88\/100|[from] Stealth Rock\n|turn|26\n|c|\u2606BuccaneerTPDPurge|but i am sure gren is gonna go crazy\n|\n|t:|1701016210\n|-terastallize|p2a: Hoopa|Psychic\n|move|p1a: PurgeCarrier|Close Combat|p2a: Hoopa\n|-resisted|p2a: Hoopa\n|-damage|p2a: Hoopa|34\/100\n|-unboost|p1a: PurgeCarrier|def|1\n|-unboost|p1a: PurgeCarrier|spd|1\n|move|p2a: Hoopa|Dark Pulse|p1a: PurgeCarrier\n|-resisted|p1a: PurgeCarrier\n|-damage|p1a: PurgeCarrier|0 fnt\n|faint|p1a: PurgeCarrier\n|\n|upkeep\n|\n|t:|1701016222\n|switch|p1a: DrapGangPurger|Drapion, F, shiny|40\/100 slp\n|turn|27\n|c|\u2606BuccaneerTPDPurge|is it specs?\n|c|\u2606BuccaneerTPDPurge|trick?\n|c|\u2606TPD Kitten|I didn't realise I chipped drapion\n|c|\u2606TPD Kitten|I would've just sent in gren first\n|c|\u2606BuccaneerTPDPurge|yeah u did\n|\n|t:|1701016250\n|-activate|p2a: Hoopa|move: Pursuit\n|cant|p1a: DrapGangPurger|slp\n|switch|p2a: Greninja|Greninja, F|51\/100\n|-damage|p2a: Greninja|39\/100|[from] Stealth Rock\n|\n|upkeep\n|turn|28\n|c|\u2606BuccaneerTPDPurge|nooo\n|c|\u2606TPD Kitten|It's not over yet\n|c|\u2606BuccaneerTPDPurge|i though i migth wake up when that appeared\n|c|\u2606TPD Kitten|I lack dark pulse so I don't know if this ohkoes monke\n|\n|t:|1701016282\n|move|p2a: Greninja|Surf|p1a: DrapGangPurger\n|-start|p2a: Greninja|typechange|Water|[from] ability: Protean\n|-damage|p1a: DrapGangPurger|0 fnt\n|faint|p1a: DrapGangPurger\n|\n|upkeep\n|\n|t:|1701016289\n|switch|p1a: SimpVonPurge|Munkidori, M|100\/100\n|-item|p2a: Greninja|Choice Scarf|[from] ability: Frisk|[of] p1a: SimpVonPurge|[identify]\n|turn|29\n|\n|t:|1701016299\n|switch|p2a: Hoopa|Hoopa-Unbound, tera:Psychic|34\/100\n|-damage|p2a: Hoopa|22\/100|[from] Stealth Rock\n|move|p1a: SimpVonPurge|Sludge Bomb|p2a: Hoopa\n|-damage|p2a: Hoopa|0 fnt\n|faint|p2a: Hoopa\n|\n|upkeep\n|\n|t:|1701016303\n|switch|p2a: Greninja|Greninja, F|39\/100\n|-damage|p2a: Greninja|26\/100|[from] Stealth Rock\n|turn|30\n|c|\u2606BuccaneerTPDPurge|hmmm\n|\n|t:|1701016312\n|move|p2a: Greninja|Extrasensory|p1a: SimpVonPurge\n|-start|p2a: Greninja|typechange|Psychic|[from] ability: Protean\n|-damage|p1a: SimpVonPurge|62\/100\n|move|p1a: SimpVonPurge|Sludge Bomb|p2a: Greninja\n|-damage|p2a: Greninja|0 fnt\n|faint|p2a: Greninja\n|\n|win|BuccaneerTPDPurge\n|c|\u2606BuccaneerTPDPurge|ggz\n|c|\u2606TPD Kitten|Ah ggwp\n|c|\u2606BuccaneerTPDPurge|wp\n|c|\u2606TPD Kitten|Your team's looking mighty fine mate\n","uploadtime":1701016348,"views":4,"p1id":"buccaneertpdpurge","p2id":"tpdkitten","formatid":"gen9nationaldex","rating":0,"private":0,"password":""}