{"id":"gen9nationaldex-1996153832","p1":"cappellari","p2":"Garou Wolf","format":"[Gen 9] National Dex","log":"|html|<div class=\"broadcast-blue\"><strong>[Gen 9] National Dex is currently suspecting Sneasler! For information on how to participate check out the <a href=\"https:\/\/www.smogon.com\/forums\/threads\/sv-national-dex-suspect-8-just-dance.3731534\/\">suspect thread<\/a>.<\/strong><\/div>\n|j|\u2606cappellari\n|j|\u2606Garou Wolf\n|t:|1700652175\n|gametype|singles\n|player|p1|cappellari|shadowtriad|1027\n|player|p2|Garou Wolf|ash-kalos|1052\n|teamsize|p1|6\n|teamsize|p2|6\n|gen|9\n|tier|[Gen 9] National Dex\n|rated|\n|rule|HP Percentage Mod: HP is shown in percentages\n|rule|Endless Battle Clause: Forcing endless battles is banned\n|rule|OHKO Clause: OHKO moves are banned\n|rule|Evasion Clause: Evasion abilities, items, and moves are banned\n|rule|Evasion Abilities Clause: Evasion abilities are banned\n|rule|Evasion Items Clause: Evasion items are banned\n|rule|Evasion Moves Clause: Evasion moves are banned\n|rule|Species Clause: Limit one of each Pok\u00e9mon\n|rule|Sleep Clause Mod: Limit one foe put to sleep\n|clearpoke\n|poke|p1|Hoopa-Unbound|\n|poke|p1|Greninja-*, F|\n|poke|p1|Carracosta, M|\n|poke|p1|Xurkitree|\n|poke|p1|Iron Treads|\n|poke|p1|Incineroar, M|\n|poke|p2|Greninja-*, M|\n|poke|p2|Talonflame, M|\n|poke|p2|Roserade, F|\n|poke|p2|Galvantula, F|\n|poke|p2|Alakazam, M|\n|poke|p2|Aegislash, M|\n|teampreview\n|\n|t:|1700652191\n|start\n|switch|p1a: Xurkitree|Xurkitree, shiny|100\/100\n|switch|p2a: Greninja|Greninja, M|100\/100\n|turn|1\n|\n|t:|1700652199\n|switch|p2a: Aegislash|Aegislash, M|100\/100\n|move|p1a: Xurkitree|Tail Glow|p1a: Xurkitree\n|-boost|p1a: Xurkitree|spa|3\n|\n|upkeep\n|turn|2\n|\n|t:|1700652205\n|move|p1a: Xurkitree|Thunder|p2a: Aegislash\n|-damage|p2a: Aegislash|0 fnt\n|faint|p2a: Aegislash\n|-ability|p1a: Xurkitree|Beast Boost|boost\n|-boost|p1a: Xurkitree|spa|1\n|\n|upkeep\n|\n|t:|1700652211\n|switch|p2a: Alakazam|Alakazam, M|100\/100\n|turn|3\n|\n|t:|1700652216\n|move|p2a: Alakazam|Hidden Power|p1a: Xurkitree\n|-supereffective|p1a: Xurkitree\n|-damage|p1a: Xurkitree|36\/100\n|move|p1a: Xurkitree|Thunder|p2a: Alakazam\n|-enditem|p2a: Alakazam|Focus Sash\n|-damage|p2a: Alakazam|1\/100\n|\n|upkeep\n|turn|4\n|\n|t:|1700652226\n|move|p2a: Alakazam|Hidden Power|p1a: Xurkitree\n|-supereffective|p1a: Xurkitree\n|-damage|p1a: Xurkitree|0 fnt\n|faint|p1a: Xurkitree\n|\n|upkeep\n|\n|t:|1700652231\n|switch|p1a: Greninja|Greninja, F, shiny|100\/100\n|turn|5\n|\n|t:|1700652237\n|switch|p2a: Galvantula|Galvantula, F|100\/100\n|move|p1a: Greninja|Water Shuriken|p2a: Galvantula\n|-start|p1a: Greninja|typechange|Water|[from] ability: Protean\n|-damage|p2a: Galvantula|87\/100\n|-damage|p2a: Galvantula|75\/100\n|-hitcount|p2a: Galvantula|2\n|\n|upkeep\n|turn|6\n|\n|t:|1700652253\n|switch|p1a: Iron Treads|Iron Treads, shiny|100\/100\n|-enditem|p1a: Iron Treads|Booster Energy\n|-activate|p1a: Iron Treads|ability: Quark Drive|[fromitem]\n|-start|p1a: Iron Treads|quarkdriveatk\n|move|p2a: Galvantula|Sticky Web|p1a: Iron Treads\n|-sidestart|p1: cappellari|move: Sticky Web\n|\n|upkeep\n|turn|7\n|\n|t:|1700652266\n|switch|p2a: Greninja|Greninja, M|100\/100\n|move|p1a: Iron Treads|Rollout|p2a: Greninja\n|-damage|p2a: Greninja|80\/100\n|\n|upkeep\n|turn|8\n|\n|t:|1700652272\n|move|p2a: Greninja|Surf|p1a: Iron Treads\n|-supereffective|p1a: Iron Treads\n|-damage|p1a: Iron Treads|0 fnt\n|faint|p1a: Iron Treads\n|-end|p1a: Iron Treads|Quark Drive|[silent]\n|-ability|p2a: Greninja|Battle Bond|boost\n|-boost|p2a: Greninja|atk|1\n|-boost|p2a: Greninja|spa|1\n|-boost|p2a: Greninja|spe|1\n|-activate|p2a: Greninja|ability: Battle Bond\n|\n|upkeep\n|\n|t:|1700652287\n|switch|p1a: Carracosta|Carracosta, M, shiny|100\/100\n|-activate|p1a: Carracosta|move: Sticky Web\n|-unboost|p1a: Carracosta|spe|1\n|turn|9\n|\n|t:|1700652300\n|move|p2a: Greninja|Surf|p1a: Carracosta\n|-damage|p1a: Carracosta|31\/100\n|move|p1a: Carracosta|Earthquake|p2a: Greninja\n|-damage|p2a: Greninja|21\/100\n|\n|upkeep\n|turn|10\n|\n|t:|1700652306\n|move|p1a: Carracosta|Aqua Jet|p2a: Greninja\n|-resisted|p2a: Greninja\n|-damage|p2a: Greninja|4\/100\n|move|p2a: Greninja|Surf|p1a: Carracosta\n|-damage|p1a: Carracosta|0 fnt\n|faint|p1a: Carracosta\n|\n|upkeep\n|\n|t:|1700652314\n|switch|p1a: Greninja|Greninja, F, shiny|100\/100\n|-activate|p1a: Greninja|move: Sticky Web\n|-unboost|p1a: Greninja|spe|1\n|turn|11\n|\n|t:|1700652323\n|switch|p2a: Galvantula|Galvantula, F|75\/100\n|move|p1a: Greninja|Water Shuriken|p2a: Galvantula\n|-start|p1a: Greninja|typechange|Water|[from] ability: Protean\n|-damage|p2a: Galvantula|61\/100\n|-damage|p2a: Galvantula|48\/100\n|-damage|p2a: Galvantula|33\/100\n|-damage|p2a: Galvantula|20\/100\n|-damage|p2a: Galvantula|6\/100\n|-hitcount|p2a: Galvantula|5\n|\n|upkeep\n|turn|12\n|\n|t:|1700652337\n|move|p1a: Greninja|Water Shuriken|p2a: Galvantula\n|-damage|p2a: Galvantula|0 fnt\n|faint|p2a: Galvantula\n|-hitcount|p2: Galvantula|1\n|\n|upkeep\n|\n|t:|1700652343\n|switch|p2a: Roserade|Roserade, F|100\/100\n|turn|13\n|\n|t:|1700652355\n|-terastallize|p1a: Greninja|Flying\n|move|p2a: Roserade|Energy Ball|p1a: Greninja\n|-resisted|p1a: Greninja\n|-damage|p1a: Greninja|62\/100\n|move|p1a: Greninja|Blizzard|p2a: Roserade\n|-supereffective|p2a: Roserade\n|-damage|p2a: Roserade|5\/100\n|\n|-heal|p2a: Roserade|11\/100|[from] item: Black Sludge\n|upkeep\n|turn|14\n|\n|t:|1700652365\n|move|p1a: Greninja|Water Shuriken|p2a: Roserade\n|-resisted|p2a: Roserade\n|-damage|p2a: Roserade|6\/100\n|-resisted|p2a: Roserade\n|-damage|p2a: Roserade|2\/100\n|-hitcount|p2a: Roserade|2\n|move|p2a: Roserade|Sludge Bomb|p1a: Greninja\n|-crit|p1a: Greninja\n|-damage|p1a: Greninja|0 fnt\n|faint|p1a: Greninja\n|\n|-heal|p2a: Roserade|8\/100|[from] item: Black Sludge\n|upkeep\n|\n|t:|1700652373\n|switch|p1a: Hoopa|Hoopa-Unbound|100\/100\n|-activate|p1a: Hoopa|move: Sticky Web\n|-unboost|p1a: Hoopa|spe|1\n|turn|15\n|\n|t:|1700652381\n|move|p2a: Roserade|Giga Drain|p1a: Hoopa\n|-damage|p1a: Hoopa|69\/100\n|-heal|p2a: Roserade|26\/100|[from] drain|[of] p1a: Hoopa\n|move|p1a: Hoopa|Power-Up Punch|p2a: Roserade\n|-resisted|p2a: Roserade\n|-damage|p2a: Roserade|14\/100\n|-boost|p1a: Hoopa|atk|1\n|\n|-heal|p2a: Roserade|20\/100|[from] item: Black Sludge\n|upkeep\n|turn|16\n|\n|t:|1700652390\n|move|p2a: Roserade|Giga Drain|p1a: Hoopa\n|-damage|p1a: Hoopa|31\/100\n|-heal|p2a: Roserade|42\/100|[from] drain|[of] p1a: Hoopa\n|move|p1a: Hoopa|Hidden Power|p2a: Roserade\n|-damage|p2a: Roserade|7\/100\n|\n|-heal|p2a: Roserade|13\/100|[from] item: Black Sludge\n|upkeep\n|turn|17\n|\n|t:|1700652398\n|move|p2a: Roserade|Giga Drain|p1a: Hoopa\n|-damage|p1a: Hoopa|0 fnt\n|-heal|p2a: Roserade|31\/100|[from] drain|[of] p1a: Hoopa\n|faint|p1a: Hoopa\n|\n|-heal|p2a: Roserade|37\/100|[from] item: Black Sludge\n|upkeep\n|\n|t:|1700652401\n|switch|p1a: Incineroar|Incineroar, M, shiny|100\/100\n|-activate|p1a: Incineroar|move: Sticky Web\n|-unboost|p1a: Incineroar|spe|1\n|turn|18\n|\n|t:|1700652412\n|move|p2a: Roserade|Sludge Bomb|p1a: Incineroar\n|-damage|p1a: Incineroar|40\/100\n|move|p1a: Incineroar|Bulk Up|p1a: Incineroar\n|-boost|p1a: Incineroar|atk|1\n|-boost|p1a: Incineroar|def|1\n|\n|-heal|p2a: Roserade|43\/100|[from] item: Black Sludge\n|upkeep\n|turn|19\n|\n|t:|1700652420\n|move|p2a: Roserade|Sludge Bomb|p1a: Incineroar\n|-damage|p1a: Incineroar|0 fnt\n|faint|p1a: Incineroar\n|\n|win|Garou Wolf\n|raw|cappellari's rating: 1027 &rarr; <strong>1014<\/strong><br \/>(-13 for losing)\n|raw|Garou Wolf's rating: 1052 &rarr; <strong>1082<\/strong><br \/>(+30 for winning)\n|l|\u2606cappellari\n","uploadtime":1700652428,"views":8,"p1id":"cappellari","p2id":"garouwolf","formatid":"gen9nationaldex","rating":1014,"private":0,"password":""}