{"id":"gen9nationaldex-1989747720","p1":"seanthsheep","p2":"Poke u.u","format":"[Gen 9] National Dex","log":"|j|\u2606seanthsheep\n|j|\u2606Poke u.u\n|t:|1699892349\n|gametype|singles\n|player|p1|seanthsheep|bugsy|\n|player|p2|Poke u.u|pokekid|\n|teamsize|p1|6\n|teamsize|p2|6\n|gen|9\n|tier|[Gen 9] National Dex\n|rule|HP Percentage Mod: HP is shown in percentages\n|rule|Endless Battle Clause: Forcing endless battles is banned\n|rule|OHKO Clause: OHKO moves are banned\n|rule|Evasion Clause: Evasion abilities, items, and moves are banned\n|rule|Evasion Abilities Clause: Evasion abilities are banned\n|rule|Evasion Items Clause: Evasion items are banned\n|rule|Evasion Moves Clause: Evasion moves are banned\n|rule|Species Clause: Limit one of each Pok\u00e9mon\n|rule|Sleep Clause Mod: Limit one foe put to sleep\n|clearpoke\n|poke|p1|Glimmora, M|\n|poke|p1|Skeledirge, F|\n|poke|p1|Garchomp, F|\n|poke|p1|Zapdos|\n|poke|p1|Urshifu-*, F|\n|poke|p1|Iron Valiant|\n|poke|p2|Gardevoir, M|\n|poke|p2|Mawile, M|\n|poke|p2|Altaria, M|\n|poke|p2|Audino, F|\n|poke|p2|Diancie|\n|poke|p2|Slowbro-Galar, F|\n|teampreview\n|\n|t:|1699892355\n|start\n|switch|p1a: Glimmora|Glimmora, M|100\/100\n|switch|p2a: Slowbro|Slowbro-Galar, F|100\/100\n|turn|1\n|\n|t:|1699892361\n|detailschange|p2a: Slowbro|Slowbro-Mega, F\n|-mega|p2a: Slowbro|Slowbro|Slowbronite\n|move|p1a: Glimmora|Earth Power|p2a: Slowbro\n|-damage|p2a: Slowbro|65\/100\n|move|p2a: Slowbro|Hydro Pump|p1a: Glimmora\n|-supereffective|p1a: Glimmora\n|-enditem|p1a: Glimmora|Focus Sash\n|-damage|p1a: Glimmora|1\/100\n|\n|upkeep\n|turn|2\n|c|\u2606seanthsheep|what the fuck\n|\n|t:|1699892374\n|move|p1a: Glimmora|Mortal Spin|p2a: Slowbro\n|-damage|p2a: Slowbro|62\/100\n|-status|p2a: Slowbro|psn\n|move|p2a: Slowbro|Ice Beam|p1a: Glimmora\n|-damage|p1a: Glimmora|0 fnt\n|faint|p1a: Glimmora\n|\n|-damage|p2a: Slowbro|49\/100 psn|[from] psn\n|upkeep\n|c|\u2606Poke u.u|Nat dex things\n|c|\u2606seanthsheep|shits wild\n|\n|t:|1699892390\n|switch|p1a: Zapdos|Zapdos|100\/100\n|turn|3\n|\n|t:|1699892397\n|switch|p2a: Audino|Audino, F|100\/100\n|move|p1a: Zapdos|Thunderbolt|p2a: Audino\n|-damage|p2a: Audino|72\/100\n|\n|-heal|p2a: Audino|79\/100|[from] item: Leftovers\n|upkeep\n|turn|4\n|\n|t:|1699892406\n|move|p1a: Zapdos|Tailwind|p1a: Zapdos\n|-sidestart|p1: seanthsheep|move: Tailwind\n|move|p2a: Audino|Knock Off|p1a: Zapdos\n|-damage|p1a: Zapdos|81\/100\n|-enditem|p1a: Zapdos|Lum Berry|[from] move: Knock Off|[of] p2a: Audino\n|\n|-heal|p2a: Audino|85\/100|[from] item: Leftovers\n|upkeep\n|turn|5\n|\n|t:|1699892414\n|switch|p1a: Garchomp|Garchomp, F|100\/100\n|move|p2a: Audino|Yawn|p1a: Garchomp\n|-start|p1a: Garchomp|move: Yawn|[of] p2a: Audino\n|\n|-heal|p2a: Audino|91\/100|[from] item: Leftovers\n|upkeep\n|turn|6\n|\n|t:|1699892424\n|switch|p1a: Urshifu|Urshifu-Rapid-Strike, F|100\/100\n|move|p2a: Audino|Wish|p2a: Audino\n|\n|-heal|p2a: Audino|97\/100|[from] item: Leftovers\n|upkeep\n|turn|7\n|\n|t:|1699892431\n|move|p1a: Urshifu|Brick Break|p2a: Audino\n|-supereffective|p2a: Audino\n|-damage|p2a: Audino|16\/100\n|move|p2a: Audino|Yawn|p1a: Urshifu\n|-start|p1a: Urshifu|move: Yawn|[of] p2a: Audino\n|\n|-heal|p2a: Audino|66\/100|[from] move: Wish|[wisher] Audino\n|-heal|p2a: Audino|72\/100|[from] item: Leftovers\n|-sideend|p1: seanthsheep|move: Tailwind\n|upkeep\n|turn|8\n|\n|t:|1699892441\n|switch|p1a: Garchomp|Garchomp, F|100\/100\n|move|p2a: Audino|Wish|p2a: Audino\n|\n|-heal|p2a: Audino|79\/100|[from] item: Leftovers\n|upkeep\n|turn|9\n|\n|t:|1699892454\n|switch|p2a: Slowbro|Slowbro-Mega, F|49\/100 psn\n|move|p1a: Garchomp|Stealth Rock|p2a: Slowbro\n|-sidestart|p2: Poke u.u|move: Stealth Rock\n|\n|-heal|p2a: Slowbro|100\/100 psn|[from] move: Wish|[wisher] Audino\n|-damage|p2a: Slowbro|88\/100 psn|[from] psn\n|upkeep\n|turn|10\n|\n|t:|1699892464\n|move|p1a: Garchomp|Dragon Claw|p2a: Slowbro\n|-damage|p2a: Slowbro|66\/100 psn\n|move|p2a: Slowbro|Hydro Pump|p1a: Garchomp\n|-damage|p1a: Garchomp|30\/100\n|\n|-damage|p2a: Slowbro|54\/100 psn|[from] psn\n|upkeep\n|turn|11\n|\n|t:|1699892478\n|move|p1a: Garchomp|Dragon Claw|p2a: Slowbro\n|-damage|p2a: Slowbro|33\/100 psn\n|move|p2a: Slowbro|Ice Beam|p1a: Garchomp\n|-supereffective|p1a: Garchomp\n|-damage|p1a: Garchomp|0 fnt\n|faint|p1a: Garchomp\n|\n|-damage|p2a: Slowbro|21\/100 psn|[from] psn\n|upkeep\n|\n|t:|1699892491\n|switch|p1a: Zapdos|Zapdos|81\/100\n|turn|12\n|\n|t:|1699892496\n|switch|p2a: Audino|Audino, F|100\/100\n|-damage|p2a: Audino|88\/100|[from] Stealth Rock\n|move|p1a: Zapdos|Thunderbolt|p2a: Audino\n|-crit|p2a: Audino\n|-damage|p2a: Audino|41\/100\n|\n|-heal|p2a: Audino|47\/100|[from] item: Leftovers\n|upkeep\n|turn|13\n|\n|t:|1699892505\n|move|p1a: Zapdos|Tailwind|p1a: Zapdos\n|-sidestart|p1: seanthsheep|move: Tailwind\n|move|p2a: Audino|Wish|p2a: Audino\n|\n|-heal|p2a: Audino|53\/100|[from] item: Leftovers\n|upkeep\n|turn|14\n|\n|t:|1699892510\n|move|p1a: Zapdos|Thunderbolt|p2a: Audino\n|-damage|p2a: Audino|22\/100\n|move|p2a: Audino|Yawn|p1a: Zapdos\n|-start|p1a: Zapdos|move: Yawn|[of] p2a: Audino\n|\n|-heal|p2a: Audino|72\/100|[from] move: Wish|[wisher] Audino\n|-heal|p2a: Audino|78\/100|[from] item: Leftovers\n|upkeep\n|turn|15\n|\n|t:|1699892520\n|switch|p1a: Urshifu|Urshifu-Rapid-Strike, F|100\/100\n|switch|p2a: Altaria|Altaria, M|100\/100\n|\n|upkeep\n|turn|16\n|\n|t:|1699892528\n|move|p1a: Urshifu|Brick Break|p2a: Altaria\n|-resisted|p2a: Altaria\n|-damage|p2a: Altaria|79\/100\n|move|p2a: Altaria|Defog|p1a: Urshifu\n|-unboost|p1a: Urshifu|evasion|1\n|-sideend|p2: Poke u.u|Stealth Rock|[from] move: Defog|[of] p2a: Altaria\n|\n|-sideend|p1: seanthsheep|move: Tailwind\n|upkeep\n|turn|17\n|\n|t:|1699892537\n|move|p1a: Urshifu|U-turn|p2a: Altaria\n|-resisted|p2a: Altaria\n|-damage|p2a: Altaria|64\/100\n|\n|t:|1699892542\n|switch|p1a: Zapdos|Zapdos|81\/100|[from] U-turn\n|move|p2a: Altaria|Hurricane|p1a: Zapdos\n|-resisted|p1a: Zapdos\n|-damage|p1a: Zapdos|57\/100\n|-start|p1a: Zapdos|confusion\n|\n|upkeep\n|turn|18\n|\n|t:|1699892552\n|-activate|p1a: Zapdos|confusion\n|move|p1a: Zapdos|Thunderbolt|p2a: Altaria\n|-damage|p2a: Altaria|18\/100\n|move|p2a: Altaria|Roost|p2a: Altaria\n|-heal|p2a: Altaria|68\/100\n|-singleturn|p2a: Altaria|move: Roost\n|\n|upkeep\n|turn|19\n|\n|t:|1699892564\n|switch|p2a: Audino|Audino, F|100\/100\n|-activate|p1a: Zapdos|confusion\n|move|p1a: Zapdos|Thunderbolt|p2a: Audino\n|-damage|p2a: Audino|70\/100\n|\n|-heal|p2a: Audino|76\/100|[from] item: Leftovers\n|upkeep\n|turn|20\n|\n|t:|1699892571\n|-activate|p1a: Zapdos|confusion\n|-damage|p1a: Zapdos|49\/100|[from] confusion\n|move|p2a: Audino|Wish|p2a: Audino\n|\n|-heal|p2a: Audino|82\/100|[from] item: Leftovers\n|upkeep\n|turn|21\n|\n|t:|1699892577\n|-end|p1a: Zapdos|confusion\n|move|p1a: Zapdos|Heat Wave|p2a: Audino\n|-damage|p2a: Audino|61\/100\n|move|p2a: Audino|Yawn|p1a: Zapdos\n|-start|p1a: Zapdos|move: Yawn|[of] p2a: Audino\n|\n|-heal|p2a: Audino|100\/100|[from] move: Wish|[wisher] Audino\n|upkeep\n|turn|22\n|\n|t:|1699892587\n|switch|p1a: Skeledirge|Skeledirge, F|100\/100\n|move|p2a: Audino|Knock Off|p1a: Skeledirge\n|-supereffective|p1a: Skeledirge\n|-damage|p1a: Skeledirge|83\/100\n|-enditem|p1a: Skeledirge|Leftovers|[from] move: Knock Off|[of] p2a: Audino\n|\n|upkeep\n|turn|23\n|\n|t:|1699892595\n|move|p1a: Skeledirge|Yawn|p2a: Audino\n|-start|p2a: Audino|move: Yawn|[of] p1a: Skeledirge\n|move|p2a: Audino|Yawn|p1a: Skeledirge\n|-start|p1a: Skeledirge|move: Yawn|[of] p2a: Audino\n|\n|upkeep\n|turn|24\n|\n|t:|1699892601\n|switch|p1a: Urshifu|Urshifu-Rapid-Strike, F|100\/100\n|switch|p2a: Slowbro|Slowbro-Mega, F|21\/100 psn\n|\n|-damage|p2a: Slowbro|9\/100 psn|[from] psn\n|upkeep\n|turn|25\n|\n|t:|1699892610\n|move|p1a: Urshifu|Iron Head|p2a: Slowbro\n|-resisted|p2a: Slowbro\n|-damage|p2a: Slowbro|0 fnt\n|faint|p2a: Slowbro\n|\n|upkeep\n|\n|t:|1699892617\n|switch|p2a: Mawile|Mawile, M|100\/100\n|-ability|p2a: Mawile|Intimidate|boost\n|-unboost|p1a: Urshifu|atk|1\n|turn|26\n|\n|t:|1699892625\n|move|p1a: Urshifu|U-turn|p2a: Mawile\n|-resisted|p2a: Mawile\n|-damage|p2a: Mawile|95\/100\n|\n|t:|1699892628\n|switch|p1a: Skeledirge|Skeledirge, F|83\/100|[from] U-turn\n|move|p2a: Mawile|Swords Dance|p2a: Mawile\n|-boost|p2a: Mawile|atk|2\n|\n|upkeep\n|turn|27\n|\n|t:|1699892634\n|move|p2a: Mawile|Sucker Punch||[still]\n|-fail|p2a: Mawile\n|move|p1a: Skeledirge|Yawn|p2a: Mawile\n|-start|p2a: Mawile|move: Yawn|[of] p1a: Skeledirge\n|\n|upkeep\n|turn|28\n|\n|t:|1699892640\n|switch|p2a: Audino|Audino, F|100\/100\n|move|p1a: Skeledirge|Torch Song|p2a: Audino\n|-damage|p2a: Audino|79\/100\n|-boost|p1a: Skeledirge|spa|1\n|\n|-heal|p2a: Audino|85\/100|[from] item: Leftovers\n|upkeep\n|turn|29\n|\n|t:|1699892648\n|move|p1a: Skeledirge|Torch Song|p2a: Audino\n|-damage|p2a: Audino|56\/100\n|-boost|p1a: Skeledirge|spa|1\n|move|p2a: Audino|Yawn|p1a: Skeledirge\n|-start|p1a: Skeledirge|move: Yawn|[of] p2a: Audino\n|\n|-heal|p2a: Audino|62\/100|[from] item: Leftovers\n|upkeep\n|turn|30\n|\n|t:|1699892660\n|switch|p1a: Urshifu|Urshifu-Rapid-Strike, F|100\/100\n|move|p2a: Audino|Wish|p2a: Audino\n|\n|-heal|p2a: Audino|68\/100|[from] item: Leftovers\n|upkeep\n|turn|31\n|\n|t:|1699892667\n|switch|p2a: Altaria|Altaria, M|68\/100\n|move|p1a: Urshifu|Brick Break|p2a: Altaria\n|-resisted|p2a: Altaria\n|-damage|p2a: Altaria|44\/100\n|\n|-heal|p2a: Altaria|100\/100|[from] move: Wish|[wisher] Audino\n|upkeep\n|turn|32\n|\n|t:|1699892675\n|move|p1a: Urshifu|U-turn|p2a: Altaria\n|-resisted|p2a: Altaria\n|-damage|p2a: Altaria|87\/100\n|\n|t:|1699892679\n|switch|p1a: Iron Valiant|Iron Valiant|100\/100|[from] U-turn\n|-enditem|p1a: Iron Valiant|Booster Energy\n|-activate|p1a: Iron Valiant|ability: Quark Drive|[fromitem]\n|-start|p1a: Iron Valiant|quarkdrivespe\n|move|p2a: Altaria|Draco Meteor|p1a: Iron Valiant\n|-immune|p1a: Iron Valiant\n|\n|upkeep\n|turn|33\n|\n|t:|1699892687\n|move|p1a: Iron Valiant|Spirit Break|p2a: Altaria\n|-supereffective|p2a: Altaria\n|-damage|p2a: Altaria|5\/100\n|-unboost|p2a: Altaria|spa|1\n|move|p2a: Altaria|Hurricane|p1a: Iron Valiant\n|-supereffective|p1a: Iron Valiant\n|-damage|p1a: Iron Valiant|0 fnt\n|faint|p1a: Iron Valiant\n|-end|p1a: Iron Valiant|Quark Drive|[silent]\n|\n|upkeep\n|\n|t:|1699892697\n|switch|p1a: Urshifu|Urshifu-Rapid-Strike, F|100\/100\n|turn|34\n|\n|t:|1699892705\n|switch|p2a: Mawile|Mawile, M|95\/100\n|-ability|p2a: Mawile|Intimidate|boost\n|-unboost|p1a: Urshifu|atk|1\n|move|p1a: Urshifu|Brick Break|p2a: Mawile\n|-damage|p2a: Mawile|55\/100\n|\n|upkeep\n|turn|35\n|\n|t:|1699892713\n|move|p1a: Urshifu|Surging Strikes|p2a: Mawile\n|-crit|p2a: Mawile\n|-damage|p2a: Mawile|20\/100\n|-crit|p2a: Mawile\n|-damage|p2a: Mawile|0 fnt\n|faint|p2a: Mawile\n|-hitcount|p2: Mawile|2\n|\n|upkeep\n|\n|t:|1699892720\n|switch|p2a: Audino|Audino, F|100\/100\n|turn|36\n|\n|t:|1699892735\n|move|p1a: Urshifu|Surging Strikes|p2a: Audino\n|-crit|p2a: Audino\n|-damage|p2a: Audino|78\/100\n|-crit|p2a: Audino\n|-damage|p2a: Audino|53\/100\n|-crit|p2a: Audino\n|-damage|p2a: Audino|30\/100\n|-hitcount|p2a: Audino|3\n|move|p2a: Audino|Yawn|p1a: Urshifu\n|-start|p1a: Urshifu|move: Yawn|[of] p2a: Audino\n|\n|-heal|p2a: Audino|37\/100|[from] item: Leftovers\n|upkeep\n|turn|37\n|\n|t:|1699892745\n|move|p1a: Urshifu|U-turn|p2a: Audino\n|-damage|p2a: Audino|19\/100\n|\n|t:|1699892749\n|switch|p1a: Skeledirge|Skeledirge, F|83\/100|[from] U-turn\n|move|p2a: Audino|Wish|p2a: Audino\n|\n|-heal|p2a: Audino|25\/100|[from] item: Leftovers\n|upkeep\n|turn|38\n|\n|t:|1699892761\n|switch|p2a: Altaria|Altaria, M|5\/100\n|move|p1a: Skeledirge|Yawn|p2a: Altaria\n|-start|p2a: Altaria|move: Yawn|[of] p1a: Skeledirge\n|\n|-heal|p2a: Altaria|63\/100|[from] move: Wish|[wisher] Audino\n|upkeep\n|turn|39\n|\n|t:|1699892770\n|move|p2a: Altaria|Roost|p2a: Altaria\n|-heal|p2a: Altaria|100\/100\n|-singleturn|p2a: Altaria|move: Roost\n|move|p1a: Skeledirge|Torch Song|p2a: Altaria\n|-resisted|p2a: Altaria\n|-damage|p2a: Altaria|88\/100\n|-boost|p1a: Skeledirge|spa|1\n|\n|-end|p2a: Altaria|move: Yawn|[silent]\n|-status|p2a: Altaria|slp\n|upkeep\n|turn|40\n|\n|t:|1699892779\n|-curestatus|p2a: Altaria|slp|[from] ability: Natural Cure\n|switch|p2a: Audino|Audino, F|58\/100\n|move|p1a: Skeledirge|Torch Song|p2a: Audino\n|-damage|p2a: Audino|29\/100\n|-boost|p1a: Skeledirge|spa|1\n|\n|-heal|p2a: Audino|35\/100|[from] item: Leftovers\n|upkeep\n|turn|41\n|\n|t:|1699892788\n|move|p1a: Skeledirge|Torch Song|p2a: Audino\n|-damage|p2a: Audino|0 fnt\n|-boost|p1a: Skeledirge|spa|1\n|faint|p2a: Audino\n|\n|upkeep\n|c|\u2606Poke u.u|Oh Lord\n|\n|t:|1699892796\n|switch|p2a: Diancie|Diancie|100\/100\n|turn|42\n|c|\u2606seanthsheep|oh lawd he sweepin\n|\n|t:|1699892814\n|-terastallize|p2a: Diancie|Rock\n|move|p1a: Skeledirge|Yawn|p2a: Diancie\n|-start|p2a: Diancie|move: Yawn|[of] p1a: Skeledirge\n|move|p2a: Diancie|Diamond Storm|p1a: Skeledirge\n|-supereffective|p1a: Skeledirge\n|-damage|p1a: Skeledirge|6\/100\n|\n|upkeep\n|turn|43\n|\n|t:|1699892831\n|switch|p1a: Urshifu|Urshifu-Rapid-Strike, F|100\/100\n|move|p2a: Diancie|Diamond Storm|p1a: Urshifu\n|-resisted|p1a: Urshifu\n|-damage|p1a: Urshifu|75\/100\n|-boost|p2a: Diancie|def|2\n|\n|-end|p2a: Diancie|move: Yawn|[silent]\n|-status|p2a: Diancie|slp\n|upkeep\n|turn|44\n|\n|t:|1699892844\n|switch|p2a: Altaria|Altaria, M|88\/100\n|move|p1a: Urshifu|Surging Strikes|p2a: Altaria\n|-resisted|p2a: Altaria\n|-crit|p2a: Altaria\n|-damage|p2a: Altaria|75\/100\n|-resisted|p2a: Altaria\n|-crit|p2a: Altaria\n|-damage|p2a: Altaria|60\/100\n|-resisted|p2a: Altaria\n|-crit|p2a: Altaria\n|-damage|p2a: Altaria|46\/100\n|-hitcount|p2a: Altaria|3\n|\n|upkeep\n|turn|45\n|\n|t:|1699892864\n|move|p1a: Urshifu|Surging Strikes|p2a: Altaria\n|-resisted|p2a: Altaria\n|-crit|p2a: Altaria\n|-damage|p2a: Altaria|32\/100\n|-resisted|p2a: Altaria\n|-crit|p2a: Altaria\n|-damage|p2a: Altaria|19\/100\n|-resisted|p2a: Altaria\n|-crit|p2a: Altaria\n|-damage|p2a: Altaria|4\/100\n|-hitcount|p2a: Altaria|3\n|move|p2a: Altaria|Roost|p2a: Altaria\n|-heal|p2a: Altaria|54\/100\n|-singleturn|p2a: Altaria|move: Roost\n|\n|upkeep\n|turn|46\n|j| bangdreampro123\n|l| bangdreampro123\n|\n|t:|1699892877\n|move|p1a: Urshifu|Surging Strikes|p2a: Altaria\n|-resisted|p2a: Altaria\n|-crit|p2a: Altaria\n|-damage|p2a: Altaria|41\/100\n|-resisted|p2a: Altaria\n|-crit|p2a: Altaria\n|-damage|p2a: Altaria|28\/100\n|-resisted|p2a: Altaria\n|-crit|p2a: Altaria\n|-damage|p2a: Altaria|14\/100\n|-hitcount|p2a: Altaria|3\n|move|p2a: Altaria|Hurricane|p1a: Urshifu\n|-supereffective|p1a: Urshifu\n|-crit|p1a: Urshifu\n|-damage|p1a: Urshifu|0 fnt\n|faint|p1a: Urshifu\n|\n|upkeep\n|\n|t:|1699892889\n|switch|p1a: Zapdos|Zapdos|49\/100\n|turn|47\n|\n|t:|1699892895\n|move|p1a: Zapdos|Thunderbolt|p2a: Altaria\n|-damage|p2a: Altaria|0 fnt\n|faint|p2a: Altaria\n|\n|upkeep\n|\n|t:|1699892896\n|switch|p2a: Diancie|Diancie, tera:Rock|100\/100 slp\n|turn|48\n|\n|t:|1699892901\n|move|p1a: Zapdos|Tailwind|p1a: Zapdos\n|-sidestart|p1: seanthsheep|move: Tailwind\n|cant|p2a: Diancie|slp\n|\n|upkeep\n|turn|49\n|\n|t:|1699892907\n|move|p1a: Zapdos|Thunderbolt|p2a: Diancie\n|-damage|p2a: Diancie|65\/100 slp\n|cant|p2a: Diancie|slp\n|\n|-heal|p2a: Diancie|71\/100 slp|[from] item: Leftovers\n|upkeep\n|turn|50\n|\n|t:|1699892912\n|move|p1a: Zapdos|Thunderbolt|p2a: Diancie\n|-damage|p2a: Diancie|37\/100 slp\n|cant|p2a: Diancie|slp\n|\n|-heal|p2a: Diancie|43\/100 slp|[from] item: Leftovers\n|upkeep\n|turn|51\n|\n|t:|1699892919\n|move|p1a: Zapdos|Thunderbolt|p2a: Diancie\n|-damage|p2a: Diancie|5\/100 slp\n|-curestatus|p2a: Diancie|slp|[msg]\n|move|p2a: Diancie|Diamond Storm|p1a: Zapdos\n|-supereffective|p1a: Zapdos\n|-damage|p1a: Zapdos|0 fnt\n|-boost|p2a: Diancie|def|2\n|faint|p1a: Zapdos\n|\n|-heal|p2a: Diancie|11\/100|[from] item: Leftovers\n|-sideend|p1: seanthsheep|move: Tailwind\n|upkeep\n|\n|t:|1699892930\n|switch|p1a: Skeledirge|Skeledirge, F|6\/100\n|turn|52\n|\n|t:|1699892937\n|move|p1a: Skeledirge|Torch Song|p2a: Diancie\n|-resisted|p2a: Diancie\n|-damage|p2a: Diancie|0 fnt\n|-boost|p1a: Skeledirge|spa|1\n|faint|p2a: Diancie\n|\n|upkeep\n|\n|t:|1699892939\n|switch|p2a: Gardevoir|Gardevoir, M|100\/100\n|turn|53\n|\n|t:|1699892946\n|move|p2a: Gardevoir|Psyshock|p1a: Skeledirge\n|-damage|p1a: Skeledirge|0 fnt\n|faint|p1a: Skeledirge\n|\n|win|Poke u.u\n|c|\u2606Poke u.u|Gg\n","uploadtime":1699892952,"views":5,"p1id":"seanthsheep","p2id":"pokeuu","formatid":"gen9nationaldex","rating":0,"private":0,"password":""}