{"id":"gen9nationaldex-1995323957","p1":"daniel241595","p2":"GOAT Minior","format":"[Gen 9] National Dex","log":"|html|<div class=\"broadcast-blue\"><strong>[Gen 9] National Dex is currently suspecting Sneasler! For information on how to participate check out the <a href=\"https:\/\/www.smogon.com\/forums\/threads\/sv-national-dex-suspect-8-just-dance.3731534\/\">suspect thread<\/a>.<\/strong><\/div>\n|j|\u2606daniel241595\n|j|\u2606GOAT Minior\n|t:|1700553757\n|gametype|singles\n|player|p1|daniel241595|gambler|1449\n|player|p2|GOAT Minior|pilot|1459\n|teamsize|p1|6\n|teamsize|p2|6\n|gen|9\n|tier|[Gen 9] National Dex\n|rated|\n|rule|HP Percentage Mod: HP is shown in percentages\n|rule|Endless Battle Clause: Forcing endless battles is banned\n|rule|OHKO Clause: OHKO moves are banned\n|rule|Evasion Clause: Evasion abilities, items, and moves are banned\n|rule|Evasion Abilities Clause: Evasion abilities are banned\n|rule|Evasion Items Clause: Evasion items are banned\n|rule|Evasion Moves Clause: Evasion moves are banned\n|rule|Species Clause: Limit one of each Pok\u00e9mon\n|rule|Sleep Clause Mod: Limit one foe put to sleep\n|clearpoke\n|poke|p1|Arcanine, M|\n|poke|p1|Flygon, F|\n|poke|p1|Empoleon, M|\n|poke|p1|Eelektross, F|\n|poke|p1|Florges, F|\n|poke|p1|Kleavor, M|\n|poke|p2|Minior|\n|poke|p2|Corviknight, F|\n|poke|p2|Heatran, F|\n|poke|p2|Ogerpon-Wellspring, F|\n|poke|p2|Rotom-Wash|\n|poke|p2|Lopunny, F|\n|teampreview\n|inactive|Battle timer is ON: inactive players will automatically lose when time's up. (requested by daniel241595)\n|\n|t:|1700553777\n|start\n|switch|p1a: Kleavor|Kleavor, M|100\/100\n|switch|p2a: Lopunny|Lopunny, F, shiny|100\/100\n|turn|1\n|\n|t:|1700553787\n|switch|p1a: Eelektross|Eelektross, F|100\/100\n|detailschange|p2a: Lopunny|Lopunny-Mega, F, shiny\n|-mega|p2a: Lopunny|Lopunny|Lopunnite\n|move|p2a: Lopunny|Fake Out|p1a: Eelektross\n|-damage|p1a: Eelektross|76\/100\n|\n|upkeep\n|turn|2\n|\n|t:|1700553793\n|switch|p1a: Florges|Florges, F|100\/100\n|move|p2a: Lopunny|U-turn|p1a: Florges\n|-resisted|p1a: Florges\n|-damage|p1a: Florges|90\/100\n|\n|t:|1700553802\n|switch|p2a: Rotom|Rotom-Wash, shiny|100\/100|[from] U-turn\n|\n|-heal|p1a: Florges|97\/100|[from] item: Leftovers\n|upkeep\n|turn|3\n|\n|t:|1700553806\n|move|p2a: Rotom|Trick|p1a: Florges\n|-activate|p2a: Rotom|move: Trick|[of] p1a: Florges\n|-item|p1a: Florges|Choice Scarf|[from] move: Trick\n|-item|p2a: Rotom|Leftovers|[from] move: Trick\n|move|p1a: Florges|Wish|p1a: Florges\n|\n|upkeep\n|turn|4\n|\n|t:|1700553813\n|switch|p1a: Eelektross|Eelektross, F|76\/100\n|move|p2a: Rotom|Volt Switch|p1a: Eelektross\n|-resisted|p1a: Eelektross\n|-damage|p1a: Eelektross|64\/100\n|\n|t:|1700553818\n|switch|p2a: Heatran|Heatran, F|100\/100|[from] Volt Switch\n|\n|-heal|p1a: Eelektross|100\/100|[from] move: Wish|[wisher] Florges\n|upkeep\n|turn|5\n|\n|t:|1700553826\n|move|p2a: Heatran|Magma Storm|p1a: Eelektross|[miss]\n|-miss|p2a: Heatran|p1a: Eelektross\n|move|p1a: Eelektross|Volt Switch|p2a: Heatran\n|-damage|p2a: Heatran|78\/100\n|\n|t:|1700553832\n|switch|p1a: Arcanine|Arcanine, M, shiny|100\/100|[from] Volt Switch\n|-ability|p1a: Arcanine|Intimidate|boost\n|-unboost|p2a: Heatran|atk|1\n|\n|-heal|p2a: Heatran|85\/100|[from] item: Leftovers\n|upkeep\n|turn|6\n|\n|t:|1700553836\n|move|p1a: Arcanine|Close Combat|p2a: Heatran\n|-supereffective|p2a: Heatran\n|-damage|p2a: Heatran|0 fnt\n|-unboost|p1a: Arcanine|def|1\n|-unboost|p1a: Arcanine|spd|1\n|faint|p2a: Heatran\n|\n|upkeep\n|\n|t:|1700553839\n|switch|p2a: Corviknight|Corviknight, F, shiny|100\/100\n|-ability|p2a: Corviknight|Pressure\n|turn|7\n|\n|t:|1700553845\n|switch|p1a: Eelektross|Eelektross, F|100\/100\n|move|p2a: Corviknight|U-turn|p1a: Eelektross\n|-damage|p1a: Eelektross|85\/100\n|\n|t:|1700553849\n|switch|p2a: Lopunny|Lopunny-Mega, F, shiny|100\/100|[from] U-turn\n|\n|upkeep\n|turn|8\n|\n|t:|1700553854\n|switch|p1a: Florges|Florges, F|97\/100\n|move|p2a: Lopunny|Fake Out|p1a: Florges\n|-damage|p1a: Florges|77\/100\n|\n|upkeep\n|turn|9\n|\n|t:|1700553856\n|move|p2a: Lopunny|Frustration|p1a: Florges\n|-damage|p1a: Florges|25\/100\n|move|p1a: Florges|Moonblast|p2a: Lopunny\n|-supereffective|p2a: Lopunny\n|-damage|p2a: Lopunny|12\/100\n|-unboost|p2a: Lopunny|spa|1\n|\n|upkeep\n|turn|10\n|\n|t:|1700553861\n|move|p2a: Lopunny|Frustration|p1a: Florges\n|-damage|p1a: Florges|0 fnt\n|faint|p1a: Florges\n|\n|upkeep\n|\n|t:|1700553874\n|switch|p1a: Kleavor|Kleavor, M|100\/100\n|turn|11\n|\n|t:|1700553878\n|switch|p2a: Corviknight|Corviknight, F, shiny|100\/100\n|-ability|p2a: Corviknight|Pressure\n|move|p1a: Kleavor|Stone Axe|p2a: Corviknight\n|-damage|p2a: Corviknight|72\/100\n|-damage|p1a: Kleavor|84\/100|[from] item: Rocky Helmet|[of] p2a: Corviknight\n|-sidestart|p2: GOAT Minior|move: Stealth Rock\n|\n|upkeep\n|turn|12\n|\n|t:|1700553885\n|switch|p1a: Empoleon|Empoleon, M|100\/100\n|move|p2a: Corviknight|Defog|p1a: Empoleon\n|-unboost|p1a: Empoleon|evasion|1\n|-ability|p1a: Empoleon|Competitive|boost\n|-boost|p1a: Empoleon|spa|2\n|-sideend|p2: GOAT Minior|Stealth Rock|[from] move: Defog|[of] p2a: Corviknight\n|\n|upkeep\n|turn|13\n|\n|t:|1700553890\n|move|p2a: Corviknight|U-turn|p1a: Empoleon\n|-resisted|p1a: Empoleon\n|-damage|p1a: Empoleon|96\/100\n|\n|t:|1700553893\n|switch|p2a: Ogerpon|Ogerpon-Wellspring, F|100\/100|[from] U-turn\n|move|p1a: Empoleon|Scald|p2a: Ogerpon\n|-immune|p2a: Ogerpon|[from] ability: Water Absorb\n|\n|upkeep\n|turn|14\n|\n|t:|1700553899\n|move|p2a: Ogerpon|Swords Dance|p2a: Ogerpon\n|-boost|p2a: Ogerpon|atk|2\n|move|p1a: Empoleon|Ice Beam|p2a: Ogerpon\n|-damage|p2a: Ogerpon|49\/100\n|-status|p2a: Ogerpon|frz\n|\n|upkeep\n|turn|15\n|\n|t:|1700553902\n|cant|p2a: Ogerpon|frz\n|move|p1a: Empoleon|Ice Beam|p2a: Ogerpon\n|-damage|p2a: Ogerpon|0 fnt\n|faint|p2a: Ogerpon\n|\n|upkeep\n|\n|t:|1700553904\n|switch|p2a: Rotom|Rotom-Wash, shiny|100\/100\n|turn|16\n|\n|t:|1700553919\n|switch|p1a: Eelektross|Eelektross, F|85\/100\n|move|p2a: Rotom|Thunderbolt|p1a: Eelektross\n|-resisted|p1a: Eelektross\n|-damage|p1a: Eelektross|72\/100\n|\n|upkeep\n|turn|17\n|\n|t:|1700553928\n|move|p2a: Rotom|Volt Switch|p1a: Eelektross\n|-resisted|p1a: Eelektross\n|-damage|p1a: Eelektross|60\/100\n|\n|t:|1700553931\n|switch|p2a: Corviknight|Corviknight, F, shiny|72\/100|[from] Volt Switch\n|-ability|p2a: Corviknight|Pressure\n|move|p1a: Eelektross|Giga Drain|p2a: Corviknight\n|-resisted|p2a: Corviknight\n|-damage|p2a: Corviknight|65\/100\n|-heal|p1a: Eelektross|63\/100|[from] drain|[of] p2a: Corviknight\n|\n|upkeep\n|turn|18\n|\n|t:|1700553939\n|-terastallize|p2a: Corviknight|Dragon\n|move|p2a: Corviknight|Roost|p2a: Corviknight\n|-heal|p2a: Corviknight|100\/100\n|move|p1a: Eelektross|Volt Switch|p2a: Corviknight\n|-resisted|p2a: Corviknight\n|-damage|p2a: Corviknight|83\/100\n|\n|t:|1700553955\n|switch|p1a: Empoleon|Empoleon, M|96\/100|[from] Volt Switch\n|\n|upkeep\n|turn|19\n|\n|t:|1700553958\n|move|p2a: Corviknight|Body Press|p1a: Empoleon\n|-supereffective|p1a: Empoleon\n|-damage|p1a: Empoleon|54\/100\n|move|p1a: Empoleon|Ice Beam|p2a: Corviknight\n|-supereffective|p2a: Corviknight\n|-damage|p2a: Corviknight|43\/100\n|\n|upkeep\n|turn|20\n|\n|t:|1700553969\n|move|p2a: Corviknight|U-turn|p1a: Empoleon\n|-resisted|p1a: Empoleon\n|-damage|p1a: Empoleon|49\/100\n|\n|t:|1700553971\n|switch|p2a: Rotom|Rotom-Wash, shiny|100\/100|[from] U-turn\n|move|p1a: Empoleon|Roost|p1a: Empoleon\n|-heal|p1a: Empoleon|99\/100\n|-singleturn|p1a: Empoleon|move: Roost\n|\n|upkeep\n|turn|21\n|\n|t:|1700553985\n|switch|p1a: Eelektross|Eelektross, F|63\/100\n|move|p2a: Rotom|Volt Switch|p1a: Eelektross\n|-resisted|p1a: Eelektross\n|-damage|p1a: Eelektross|53\/100\n|\n|t:|1700553988\n|switch|p2a: Minior|Minior, shiny|100\/100|[from] Volt Switch\n|-formechange|p2a: Minior|Minior-Meteor||[from] ability: Shields Down\n|\n|upkeep\n|turn|22\n|\n|t:|1700553992\n|move|p2a: Minior|Shell Smash|p2a: Minior\n|-unboost|p2a: Minior|def|1\n|-unboost|p2a: Minior|spd|1\n|-boost|p2a: Minior|atk|2\n|-boost|p2a: Minior|spa|2\n|-boost|p2a: Minior|spe|2\n|-enditem|p2a: Minior|White Herb\n|-clearnegativeboost|p2a: Minior|[silent]\n|move|p1a: Eelektross|Volt Switch|p2a: Minior\n|-supereffective|p2a: Minior\n|-damage|p2a: Minior|17\/100\n|\n|t:|1700554003\n|switch|p1a: Arcanine|Arcanine, M, shiny|100\/100|[from] Volt Switch\n|-ability|p1a: Arcanine|Intimidate|boost\n|-unboost|p2a: Minior|atk|1\n|\n|-formechange|p2a: Minior|Minior||[from] ability: Shields Down\n|upkeep\n|turn|23\n|\n|t:|1700554010\n|switch|p2a: Corviknight|Corviknight, F, shiny, tera:Dragon|43\/100\n|-ability|p2a: Corviknight|Pressure\n|move|p1a: Arcanine|Extreme Speed|p2a: Corviknight\n|-damage|p2a: Corviknight|18\/100\n|-damage|p1a: Arcanine|84\/100|[from] item: Rocky Helmet|[of] p2a: Corviknight\n|\n|upkeep\n|turn|24\n|\n|t:|1700554023\n|-terastallize|p1a: Arcanine|Normal\n|move|p1a: Arcanine|Extreme Speed|p2a: Corviknight\n|-damage|p2a: Corviknight|0 fnt\n|-damage|p1a: Arcanine|68\/100|[from] item: Rocky Helmet|[of] p2a: Corviknight\n|faint|p2a: Corviknight\n|\n|upkeep\n|\n|t:|1700554028\n|switch|p2a: Lopunny|Lopunny-Mega, F, shiny|12\/100\n|turn|25\n|\n|t:|1700554041\n|switch|p1a: Kleavor|Kleavor, M|84\/100\n|move|p2a: Lopunny|Fake Out|p1a: Kleavor\n|-resisted|p1a: Kleavor\n|-damage|p1a: Kleavor|71\/100\n|\n|upkeep\n|turn|26\n|\n|t:|1700554043\n|move|p1a: Kleavor|Stone Axe|p2a: Lopunny\n|-resisted|p2a: Lopunny\n|-damage|p2a: Lopunny|0 fnt\n|-sidestart|p2: GOAT Minior|move: Stealth Rock\n|faint|p2a: Lopunny\n|\n|upkeep\n|-message|GOAT Minior forfeited.\n|\n|win|daniel241595\n|raw|daniel241595's rating: 1449 &rarr; <strong>1470<\/strong><br \/>(+21 for winning)\n|raw|GOAT Minior's rating: 1459 &rarr; <strong>1438<\/strong><br \/>(-21 for losing)\n|l|\u2606GOAT Minior\n","uploadtime":1700554051,"views":9,"p1id":"daniel241595","p2id":"goatminior","formatid":"gen9nationaldex","rating":1438,"private":0,"password":""}