{"id":"gen9nationaldex-1999240008","p1":"envybear","p2":"Shade Tatsu","format":"[Gen 9] National Dex","log":"|html|<div class=\"broadcast-blue\"><strong>[Gen 9] National Dex is currently suspecting Sneasler! For information on how to participate check out the <a href=\"https:\/\/www.smogon.com\/forums\/threads\/sv-national-dex-suspect-8-just-dance.3731534\/\">suspect thread<\/a>.<\/strong><\/div>\n|j|\u2606envybear\n|j|\u2606Shade Tatsu\n|t:|1701049481\n|gametype|singles\n|player|p1|envybear|101|1000\n|player|p2|Shade Tatsu|169|1136\n|teamsize|p1|6\n|teamsize|p2|6\n|gen|9\n|tier|[Gen 9] National Dex\n|rated|\n|rule|HP Percentage Mod: HP is shown in percentages\n|rule|Endless Battle Clause: Forcing endless battles is banned\n|rule|OHKO Clause: OHKO moves are banned\n|rule|Evasion Clause: Evasion abilities, items, and moves are banned\n|rule|Evasion Abilities Clause: Evasion abilities are banned\n|rule|Evasion Items Clause: Evasion items are banned\n|rule|Evasion Moves Clause: Evasion moves are banned\n|rule|Species Clause: Limit one of each Pok\u00e9mon\n|rule|Sleep Clause Mod: Limit one foe put to sleep\n|clearpoke\n|poke|p1|Rillaboom, M|\n|poke|p1|Hatterene, F|\n|poke|p1|Ursaluna, F|\n|poke|p1|Heatran, M|\n|poke|p1|Iron Valiant|\n|poke|p1|Dragonite, M|\n|poke|p2|Torkoal, M|\n|poke|p2|Moltres|\n|poke|p2|Leafeon, F|\n|poke|p2|Heliolisk, F|\n|poke|p2|Charizard, M|\n|poke|p2|Incineroar, M|\n|teampreview\n|inactive|Battle timer is ON: inactive players will automatically lose when time's up. (requested by Shade Tatsu)\n|\n|t:|1701049505\n|start\n|switch|p1a: Heatran|Heatran, M|100\/100\n|switch|p2a: Torkoal|Torkoal, M|100\/100\n|-item|p1a: Heatran|Air Balloon\n|-weather|SunnyDay|[from] ability: Drought|[of] p2a: Torkoal\n|turn|1\n|\n|t:|1701049517\n|move|p1a: Heatran|Stealth Rock|p2a: Torkoal\n|-sidestart|p2: Shade Tatsu|move: Stealth Rock\n|move|p2a: Torkoal|Yawn|p1a: Heatran\n|-start|p1a: Heatran|move: Yawn|[of] p2a: Torkoal\n|\n|-weather|SunnyDay|[upkeep]\n|upkeep\n|turn|2\n|inactive|envybear has 120 seconds left.\n|\n|t:|1701049550\n|move|p1a: Heatran|Magma Storm|p2a: Torkoal\n|-resisted|p2a: Torkoal\n|-damage|p2a: Torkoal|59\/100\n|-activate|p2a: Torkoal|move: Magma Storm|[of] p1a: Heatran\n|move|p2a: Torkoal|Rapid Spin|p1a: Heatran\n|-resisted|p1a: Heatran\n|-damage|p1a: Heatran|97\/100\n|-boost|p2a: Torkoal|spe|1\n|-enditem|p1a: Heatran|Air Balloon\n|-sideend|p2: Shade Tatsu|Stealth Rock|[from] move: Rapid Spin|[of] p2a: Torkoal\n|-end|p2a: Torkoal|Magma Storm|[partiallytrapped]\n|\n|-weather|SunnyDay|[upkeep]\n|-end|p1a: Heatran|move: Yawn|[silent]\n|-status|p1a: Heatran|slp\n|upkeep\n|turn|3\n|inactive|envybear has 120 seconds left.\n|\n|t:|1701049563\n|switch|p2a: Charizard|Charizard, M|100\/100\n|cant|p1a: Heatran|slp\n|\n|-weather|SunnyDay|[upkeep]\n|-damage|p2a: Charizard|88\/100|[from] ability: Solar Power|[of] p2a: Charizard\n|upkeep\n|turn|4\n|inactive|envybear has 120 seconds left.\n|\n|t:|1701049589\n|switch|p1a: Hatterene|Hatterene, F|100\/100\n|move|p2a: Charizard|Ancient Power|p1a: Hatterene\n|-damage|p1a: Hatterene|72\/100\n|-boost|p2a: Charizard|atk|1\n|-boost|p2a: Charizard|def|1\n|-boost|p2a: Charizard|spa|1\n|-boost|p2a: Charizard|spd|1\n|-boost|p2a: Charizard|spe|1\n|\n|-weather|SunnyDay|[upkeep]\n|-damage|p2a: Charizard|76\/100|[from] ability: Solar Power|[of] p2a: Charizard\n|upkeep\n|turn|5\n|\n|t:|1701049601\n|move|p2a: Charizard|Air Slash|p1a: Hatterene\n|-damage|p1a: Hatterene|0 fnt\n|faint|p1a: Hatterene\n|\n|-weather|SunnyDay|[upkeep]\n|-damage|p2a: Charizard|63\/100|[from] ability: Solar Power|[of] p2a: Charizard\n|upkeep\n|\n|t:|1701049618\n|switch|p1a: Heatran|Heatran, M|97\/100 slp\n|turn|6\n|\n|t:|1701049624\n|-terastallize|p1a: Heatran|Fairy\n|move|p2a: Charizard|Focus Blast|p1a: Heatran\n|-resisted|p1a: Heatran\n|-damage|p1a: Heatran|62\/100 slp\n|cant|p1a: Heatran|slp\n|\n|-weather|SunnyDay|[upkeep]\n|-damage|p2a: Charizard|51\/100|[from] ability: Solar Power|[of] p2a: Charizard\n|upkeep\n|turn|7\n|\n|t:|1701049636\n|move|p2a: Charizard|Air Slash|p1a: Heatran\n|-damage|p1a: Heatran|0 fnt\n|faint|p1a: Heatran\n|\n|-weather|SunnyDay|[upkeep]\n|-damage|p2a: Charizard|38\/100|[from] ability: Solar Power|[of] p2a: Charizard\n|upkeep\n|\n|t:|1701049649\n|switch|p1a: Dragonite|Dragonite, M|100\/100\n|turn|8\n|\n|t:|1701049660\n|move|p2a: Charizard|Dragon Pulse|p1a: Dragonite\n|-supereffective|p1a: Dragonite\n|-damage|p1a: Dragonite|39\/100\n|move|p1a: Dragonite|Scale Shot|p2a: Charizard\n|-damage|p2a: Charizard|25\/100\n|-damage|p2a: Charizard|12\/100\n|-damage|p2a: Charizard|0 fnt\n|faint|p2a: Charizard\n|-hitcount|p2: Charizard|3\n|-unboost|p1a: Dragonite|def|1\n|-boost|p1a: Dragonite|spe|1\n|\n|-weather|none\n|upkeep\n|\n|t:|1701049666\n|switch|p2a: Torkoal|Torkoal, M|59\/100\n|-weather|SunnyDay|[from] ability: Drought|[of] p2a: Torkoal\n|turn|9\n|\n|t:|1701049675\n|move|p1a: Dragonite|Earthquake|p2a: Torkoal\n|-supereffective|p2a: Torkoal\n|-damage|p2a: Torkoal|6\/100\n|move|p2a: Torkoal|Will-O-Wisp|p1a: Dragonite\n|-status|p1a: Dragonite|brn\n|\n|-weather|SunnyDay|[upkeep]\n|-damage|p1a: Dragonite|33\/100 brn|[from] brn\n|upkeep\n|turn|10\n|\n|t:|1701049685\n|switch|p2a: Moltres|Moltres|100\/100\n|-ability|p2a: Moltres|Pressure\n|move|p1a: Dragonite|Earthquake|p2a: Moltres\n|-immune|p2a: Moltres\n|\n|-weather|SunnyDay|[upkeep]\n|-damage|p1a: Dragonite|27\/100 brn|[from] brn\n|upkeep\n|turn|11\n|inactive|envybear has 120 seconds left.\n|\n|t:|1701049700\n|-terastallize|p2a: Moltres|Fire\n|move|p1a: Dragonite|Scale Shot|p2a: Moltres\n|-damage|p2a: Moltres|92\/100\n|-damage|p2a: Moltres|84\/100\n|-damage|p2a: Moltres|75\/100\n|-damage|p2a: Moltres|68\/100\n|-hitcount|p2a: Moltres|4\n|-unboost|p1a: Dragonite|def|1\n|-boost|p1a: Dragonite|spe|1\n|move|p2a: Moltres|Burn Up|p1a: Dragonite\n|-resisted|p1a: Dragonite\n|-damage|p1a: Dragonite|0 fnt\n|-start|p2a: Moltres|typechange|Fire|[from] move: Burn Up\n|faint|p1a: Dragonite\n|\n|-weather|SunnyDay|[upkeep]\n|upkeep\n|inactive|envybear has 90 seconds left.\n|\n|t:|1701049735\n|switch|p1a: Ursaluna|Ursaluna, F|100\/100\n|turn|12\n|inactive|envybear has 90 seconds left.\n|\n|t:|1701049769\n|move|p2a: Moltres|Burn Up|p1a: Ursaluna\n|-damage|p1a: Ursaluna|0 fnt\n|-start|p2a: Moltres|typechange|Fire|[from] move: Burn Up\n|faint|p1a: Ursaluna\n|\n|-weather|SunnyDay|[upkeep]\n|upkeep\n|inactive|envybear has 60 seconds left.\n|\n|t:|1701049789\n|switch|p1a: Iron Valiant|Iron Valiant|100\/100\n|-enditem|p1a: Iron Valiant|Booster Energy\n|-activate|p1a: Iron Valiant|ability: Quark Drive|[fromitem]\n|-start|p1a: Iron Valiant|quarkdrivespe\n|turn|13\n|\n|t:|1701049812\n|move|p1a: Iron Valiant|Calm Mind|p1a: Iron Valiant\n|-boost|p1a: Iron Valiant|spa|1\n|-boost|p1a: Iron Valiant|spd|1\n|move|p2a: Moltres|Burn Up|p1a: Iron Valiant\n|-damage|p1a: Iron Valiant|0 fnt\n|-start|p2a: Moltres|typechange|Fire|[from] move: Burn Up\n|faint|p1a: Iron Valiant\n|-end|p1a: Iron Valiant|Quark Drive|[silent]\n|\n|-weather|SunnyDay|[upkeep]\n|upkeep\n|l|\u2606envybear\n|inactive|envybear disconnected and has a minute to reconnect!\n|player|p1|\n|inactive|envybear has 30 seconds left.\n|inactive|envybear has 20 seconds left.\n|inactive|envybear has 15 seconds left.\n|inactive|envybear has 10 seconds left.\n|inactive|envybear has 5 seconds left.\n|-message|envybear lost due to inactivity.\n|\n|win|Shade Tatsu\n|raw|envybear's rating: 1000 &rarr; <strong>1000<\/strong><br \/>(+0 for losing)\n|raw|Shade Tatsu's rating: 1136 &rarr; <strong>1152<\/strong><br \/>(+16 for winning)\n|l|\u2606Shade Tatsu\n|j|\u2606Shade Tatsu\n|player|p2|Shade Tatsu|169\n","uploadtime":1701050041,"views":2,"p1id":"envybear","p2id":"shadetatsu","formatid":"gen9nationaldex","rating":1000,"private":0,"password":""}