{"id":"gen9nationaldex-1996005828","p1":"Brick_Enjoyer_144","p2":"cementenjoyer","format":"[Gen 9] National Dex","log":"|html|<div class=\"broadcast-blue\"><strong>[Gen 9] National Dex is currently suspecting Sneasler! For information on how to participate check out the <a href=\"https:\/\/www.smogon.com\/forums\/threads\/sv-national-dex-suspect-8-just-dance.3731534\/\">suspect thread<\/a>.<\/strong><\/div>\n|j|\u2606Brick_Enjoyer_144\n|j|\u2606cementenjoyer\n|t:|1700628278\n|gametype|singles\n|player|p1|Brick_Enjoyer_144|shauntal|\n|player|p2|cementenjoyer|colress|\n|teamsize|p1|6\n|teamsize|p2|6\n|gen|9\n|tier|[Gen 9] National Dex\n|rule|HP Percentage Mod: HP is shown in percentages\n|rule|Endless Battle Clause: Forcing endless battles is banned\n|rule|OHKO Clause: OHKO moves are banned\n|rule|Evasion Clause: Evasion abilities, items, and moves are banned\n|rule|Evasion Abilities Clause: Evasion abilities are banned\n|rule|Evasion Items Clause: Evasion items are banned\n|rule|Evasion Moves Clause: Evasion moves are banned\n|rule|Species Clause: Limit one of each Pok\u00e9mon\n|rule|Sleep Clause Mod: Limit one foe put to sleep\n|clearpoke\n|poke|p1|Salamence, F|\n|poke|p1|Metagross|\n|poke|p1|Delphox, F|\n|poke|p1|Ting-Lu|\n|poke|p1|Tapu Koko|\n|poke|p1|Aerodactyl, F|\n|poke|p2|Greninja-*, M|\n|poke|p2|Mienshao, M|\n|poke|p2|Zamazenta-*|\n|poke|p2|Rillaboom, M|\n|poke|p2|Zapdos|\n|poke|p2|Iron Treads|\n|teampreview\n|inactive|Battle timer is ON: inactive players will automatically lose when time's up. (requested by Brick_Enjoyer_144)\n|inactive|cementenjoyer has 270 seconds left.\n|\n|t:|1700628309\n|start\n|switch|p1a: Delphox|Delphox, F|100\/100\n|switch|p2a: Rillaboom|Rillaboom, M|100\/100\n|-fieldstart|move: Grassy Terrain|[from] ability: Grassy Surge|[of] p2a: Rillaboom\n|turn|1\n|\n|t:|1700628322\n|switch|p2a: Greninja|Greninja, M|100\/100\n|move|p1a: Delphox|Nasty Plot|p1a: Delphox\n|-boost|p1a: Delphox|spa|2\n|\n|upkeep\n|turn|2\n|\n|t:|1700628329\n|move|p2a: Greninja|Water Shuriken|p1a: Delphox\n|-start|p2a: Greninja|typechange|Water|[from] ability: Protean\n|-supereffective|p1a: Delphox\n|-damage|p1a: Delphox|83\/100\n|-supereffective|p1a: Delphox\n|-damage|p1a: Delphox|65\/100\n|-supereffective|p1a: Delphox\n|-damage|p1a: Delphox|50\/100\n|-supereffective|p1a: Delphox\n|-damage|p1a: Delphox|33\/100\n|-hitcount|p1a: Delphox|4\n|move|p1a: Delphox|Dazzling Gleam|p2a: Greninja\n|-damage|p2a: Greninja|26\/100\n|\n|-heal|p2a: Greninja|32\/100|[from] Grassy Terrain\n|-heal|p1a: Delphox|39\/100|[from] Grassy Terrain\n|upkeep\n|turn|3\n|\n|t:|1700628347\n|move|p2a: Greninja|Water Shuriken|p1a: Delphox\n|-supereffective|p1a: Delphox\n|-damage|p1a: Delphox|23\/100\n|-supereffective|p1a: Delphox\n|-crit|p1a: Delphox\n|-damage|p1a: Delphox|0 fnt\n|faint|p1a: Delphox\n|-hitcount|p1: Delphox|2\n|\n|-heal|p2a: Greninja|38\/100|[from] Grassy Terrain\n|upkeep\n|\n|t:|1700628363\n|switch|p1a: Metagross|Metagross|100\/100\n|turn|4\n|\n|t:|1700628385\n|switch|p2a: Zapdos|Zapdos|100\/100\n|move|p1a: Metagross|Psycho Cut|p2a: Zapdos\n|-damage|p2a: Zapdos|55\/100\n|\n|upkeep\n|turn|5\n|\n|t:|1700628394\n|move|p1a: Metagross|Agility|p1a: Metagross\n|-boost|p1a: Metagross|spe|2\n|move|p2a: Zapdos|Roost|p2a: Zapdos\n|-heal|p2a: Zapdos|100\/100\n|-singleturn|p2a: Zapdos|move: Roost\n|\n|upkeep\n|turn|6\n|\n|t:|1700628405\n|move|p1a: Metagross|Psycho Cut|p2a: Zapdos\n|-damage|p2a: Zapdos|61\/100\n|move|p2a: Zapdos|Volt Switch|p1a: Metagross\n|-damage|p1a: Metagross|55\/100\n|\n|t:|1700628411\n|switch|p2a: Greninja|Greninja, M|38\/100|[from] Volt Switch\n|\n|-heal|p1a: Metagross|61\/100|[from] Grassy Terrain\n|-heal|p2a: Greninja|44\/100|[from] Grassy Terrain\n|upkeep\n|turn|7\n|\n|t:|1700628422\n|move|p1a: Metagross|Earthquake|p2a: Greninja\n|-damage|p2a: Greninja|10\/100\n|move|p2a: Greninja|Dark Pulse|p1a: Metagross\n|-start|p2a: Greninja|typechange|Dark|[from] ability: Protean\n|-supereffective|p1a: Metagross\n|-damage|p1a: Metagross|0 fnt\n|faint|p1a: Metagross\n|\n|-heal|p2a: Greninja|16\/100|[from] Grassy Terrain\n|upkeep\n|\n|t:|1700628435\n|switch|p1a: Salamence|Salamence, F|100\/100\n|turn|8\n|\n|t:|1700628443\n|move|p2a: Greninja|Ice Beam|p1a: Salamence\n|-supereffective|p1a: Salamence\n|-enditem|p1a: Salamence|Focus Sash\n|-damage|p1a: Salamence|1\/100\n|move|p1a: Salamence|Earthquake|p2a: Greninja\n|-crit|p2a: Greninja\n|-damage|p2a: Greninja|0 fnt\n|faint|p2a: Greninja\n|-ability|p1a: Salamence|Moxie|boost\n|-boost|p1a: Salamence|atk|1\n|\n|-fieldend|move: Grassy Terrain\n|upkeep\n|\n|t:|1700628450\n|switch|p2a: Rillaboom|Rillaboom, M|100\/100\n|-fieldstart|move: Grassy Terrain|[from] ability: Grassy Surge|[of] p2a: Rillaboom\n|turn|9\n|l|\u2606Brick_Enjoyer_144\n|inactive|Brick_Enjoyer_144 disconnected and has 300 seconds to reconnect!\n|player|p1|\n|j|\u2606Brick_Enjoyer_144\n|inactive|Brick_Enjoyer_144 reconnected and has 280 seconds left.\n|player|p1|Brick_Enjoyer_144|shauntal\n|\n|t:|1700628476\n|move|p2a: Rillaboom|Grassy Glide|p1a: Salamence\n|-resisted|p1a: Salamence\n|-damage|p1a: Salamence|0 fnt\n|faint|p1a: Salamence\n|\n|upkeep\n|\n|t:|1700628484\n|switch|p1a: Tapu Koko|Tapu Koko|100\/100\n|-fieldstart|move: Electric Terrain|[from] ability: Electric Surge|[of] p1a: Tapu Koko\n|turn|10\n|\n|t:|1700628489\n|move|p1a: Tapu Koko|U-turn|p2a: Rillaboom\n|-supereffective|p2a: Rillaboom\n|-damage|p2a: Rillaboom|61\/100\n|\n|t:|1700628495\n|switch|p1a: Aerodactyl|Aerodactyl, F|100\/100|[from] U-turn\n|-ability|p1a: Aerodactyl|Unnerve\n|move|p2a: Rillaboom|High Horsepower|p1a: Aerodactyl\n|-immune|p1a: Aerodactyl\n|\n|upkeep\n|turn|11\n|\n|t:|1700628512\n|switch|p2a: Mienshao|Mienshao, M|100\/100\n|detailschange|p1a: Aerodactyl|Aerodactyl-Mega, F\n|-mega|p1a: Aerodactyl|Aerodactyl|Aerodactylite\n|move|p1a: Aerodactyl|Dual Wingbeat|p2a: Mienshao\n|-supereffective|p2a: Mienshao\n|-damage|p2a: Mienshao|0 fnt\n|faint|p2a: Mienshao\n|-hitcount|p2: Mienshao|1\n|\n|upkeep\n|\n|t:|1700628533\n|switch|p2a: Iron Treads|Iron Treads|100\/100\n|-activate|p2a: Iron Treads|ability: Quark Drive\n|-start|p2a: Iron Treads|quarkdrivespe\n|turn|12\n|\n|t:|1700628550\n|switch|p1a: Tapu Koko|Tapu Koko|100\/100\n|move|p2a: Iron Treads|Knock Off|p1a: Tapu Koko\n|-resisted|p1a: Tapu Koko\n|-damage|p1a: Tapu Koko|83\/100\n|-enditem|p1a: Tapu Koko|Terrain Extender|[from] move: Knock Off|[of] p2a: Iron Treads\n|\n|upkeep\n|turn|13\n|\n|t:|1700628561\n|switch|p1a: Aerodactyl|Aerodactyl-Mega, F|100\/100\n|move|p2a: Iron Treads|Volt Switch|p1a: Aerodactyl\n|-supereffective|p1a: Aerodactyl\n|-damage|p1a: Aerodactyl|63\/100\n|\n|t:|1700628567\n|-end|p2a: Iron Treads|Quark Drive|[silent]\n|switch|p2a: Rillaboom|Rillaboom, M|61\/100|[from] Volt Switch\n|-fieldstart|move: Grassy Terrain|[from] ability: Grassy Surge|[of] p2a: Rillaboom\n|\n|-heal|p2a: Rillaboom|67\/100|[from] Grassy Terrain\n|upkeep\n|turn|14\n|\n|t:|1700628576\n|move|p2a: Rillaboom|Grassy Glide|p1a: Aerodactyl\n|-damage|p1a: Aerodactyl|12\/100\n|move|p1a: Aerodactyl|Dual Wingbeat|p2a: Rillaboom\n|-supereffective|p2a: Rillaboom\n|-damage|p2a: Rillaboom|3\/100\n|-supereffective|p2a: Rillaboom\n|-damage|p2a: Rillaboom|0 fnt\n|faint|p2a: Rillaboom\n|-hitcount|p2: Rillaboom|2\n|\n|upkeep\n|\n|t:|1700628589\n|switch|p2a: Iron Treads|Iron Treads|100\/100\n|turn|15\n|\n|t:|1700628593\n|move|p1a: Aerodactyl|Aqua Tail|p2a: Iron Treads\n|-supereffective|p2a: Iron Treads\n|-damage|p2a: Iron Treads|29\/100\n|move|p2a: Iron Treads|Volt Switch|p1a: Aerodactyl\n|-supereffective|p1a: Aerodactyl\n|-damage|p1a: Aerodactyl|0 fnt\n|faint|p1a: Aerodactyl\n|\n|t:|1700628598\n|-end|p2a: Iron Treads|Quark Drive|[silent]\n|switch|p2a: Zamazenta|Zamazenta|100\/100|[from] Volt Switch\n|-ability|p2a: Zamazenta|Dauntless Shield|boost\n|-boost|p2a: Zamazenta|def|1\n|\n|upkeep\n|\n|t:|1700628609\n|switch|p1a: Tapu Koko|Tapu Koko|83\/100\n|-fieldstart|move: Electric Terrain|[from] ability: Electric Surge|[of] p1a: Tapu Koko\n|turn|16\n|\n|t:|1700628623\n|switch|p2a: Iron Treads|Iron Treads|29\/100\n|-activate|p2a: Iron Treads|ability: Quark Drive\n|-start|p2a: Iron Treads|quarkdrivespe\n|move|p1a: Tapu Koko|Volt Switch|p2a: Iron Treads\n|-immune|p2a: Iron Treads\n|\n|upkeep\n|turn|17\n|\n|t:|1700628631\n|move|p2a: Iron Treads|Earthquake|p1a: Tapu Koko\n|-supereffective|p1a: Tapu Koko\n|-damage|p1a: Tapu Koko|0 fnt\n|faint|p1a: Tapu Koko\n|\n|upkeep\n|\n|t:|1700628637\n|switch|p1a: Ting-Lu|Ting-Lu|100\/100\n|-ability|p1a: Ting-Lu|Vessel of Ruin\n|turn|18\n|\n|t:|1700628647\n|move|p2a: Iron Treads|Knock Off|p1a: Ting-Lu\n|-resisted|p1a: Ting-Lu\n|-damage|p1a: Ting-Lu|92\/100\n|-enditem|p1a: Ting-Lu|Assault Vest|[from] move: Knock Off|[of] p2a: Iron Treads\n|move|p1a: Ting-Lu|Earthquake|p2a: Iron Treads\n|-supereffective|p2a: Iron Treads\n|-damage|p2a: Iron Treads|0 fnt\n|faint|p2a: Iron Treads\n|-end|p2a: Iron Treads|Quark Drive|[silent]\n|\n|upkeep\n|\n|t:|1700628665\n|switch|p2a: Zapdos|Zapdos|61\/100\n|turn|19\n|\n|t:|1700628674\n|move|p2a: Zapdos|Hidden Power|p1a: Ting-Lu\n|-damage|p1a: Ting-Lu|73\/100\n|move|p1a: Ting-Lu|Throat Chop|p2a: Zapdos\n|-damage|p2a: Zapdos|17\/100\n|-start|p2a: Zapdos|Throat Chop|[silent]\n|\n|upkeep\n|turn|20\n|\n|t:|1700628687\n|move|p2a: Zapdos|Hidden Power|p1a: Ting-Lu\n|-damage|p1a: Ting-Lu|53\/100\n|move|p1a: Ting-Lu|Throat Chop|p2a: Zapdos\n|-damage|p2a: Zapdos|0 fnt\n|faint|p2a: Zapdos\n|\n|-fieldend|move: Electric Terrain\n|upkeep\n|\n|t:|1700628696\n|switch|p2a: Zamazenta|Zamazenta|100\/100\n|turn|21\n|\n|t:|1700628707\n|-terastallize|p2a: Zamazenta|Fighting\n|move|p2a: Zamazenta|Close Combat|p1a: Ting-Lu\n|-supereffective|p1a: Ting-Lu\n|-damage|p1a: Ting-Lu|0 fnt\n|-unboost|p2a: Zamazenta|def|1\n|-unboost|p2a: Zamazenta|spd|1\n|faint|p1a: Ting-Lu\n|\n|win|cementenjoyer\n","uploadtime":1700628717,"views":1,"p1id":"brickenjoyer144","p2id":"cementenjoyer","formatid":"gen9nationaldex","rating":0,"private":0,"password":""}