{"id":"gen9nationaldex-1998238765","p1":"buzhouliumo","p2":"FlyingSudowoodo","format":"[Gen 9] National Dex","log":"|html|<div class=\"broadcast-blue\"><strong>[Gen 9] National Dex is currently suspecting Sneasler! For information on how to participate check out the <a href=\"https:\/\/www.smogon.com\/forums\/threads\/sv-national-dex-suspect-8-just-dance.3731534\/\">suspect thread<\/a>.<\/strong><\/div>\n|j|\u203dbuzhouliumo\n|j|\u2606FlyingSudowoodo\n|t:|1700918051\n|gametype|singles\n|player|p1|buzhouliumo|hilda|1251\n|player|p2|FlyingSudowoodo|juan|1241\n|teamsize|p1|6\n|teamsize|p2|6\n|gen|9\n|tier|[Gen 9] National Dex\n|rated|\n|rule|HP Percentage Mod: HP is shown in percentages\n|rule|Endless Battle Clause: Forcing endless battles is banned\n|rule|OHKO Clause: OHKO moves are banned\n|rule|Evasion Clause: Evasion abilities, items, and moves are banned\n|rule|Evasion Abilities Clause: Evasion abilities are banned\n|rule|Evasion Items Clause: Evasion items are banned\n|rule|Evasion Moves Clause: Evasion moves are banned\n|rule|Species Clause: Limit one of each Pok\u00e9mon\n|rule|Sleep Clause Mod: Limit one foe put to sleep\n|clearpoke\n|poke|p1|Hippowdon, M|\n|poke|p1|Ogerpon-Cornerstone, F|\n|poke|p1|Alomomola, F|\n|poke|p1|Steelix, F|\n|poke|p1|Rillaboom, F|\n|poke|p1|Rotom-Heat|\n|poke|p2|Ceruledge, M|\n|poke|p2|Bisharp, M|\n|poke|p2|Diancie|\n|poke|p2|Clodsire, F|\n|poke|p2|Alomomola, M|\n|poke|p2|Celesteela|\n|teampreview\n|inactive|Battle timer is ON: inactive players will automatically lose when time's up. (requested by buzhouliumo)\n|\n|t:|1700918079\n|start\n|switch|p1a: Hippowdon|Hippowdon, M|100\/100\n|switch|p2a: Diancie|Diancie|100\/100\n|-weather|Sandstorm|[from] ability: Sand Stream|[of] p1a: Hippowdon\n|turn|1\n|\n|t:|1700918096\n|detailschange|p2a: Diancie|Diancie-Mega\n|-mega|p2a: Diancie|Diancie|Diancite\n|move|p2a: Diancie|Diamond Storm|p1a: Hippowdon\n|-resisted|p1a: Hippowdon\n|-damage|p1a: Hippowdon|85\/100\n|move|p1a: Hippowdon|Whirlwind|p2a: Diancie\n|move|p2a: Diancie|Whirlwind|p1a: Hippowdon|[from]ability: Magic Bounce\n|drag|p1a: Ogerpon|Ogerpon-Cornerstone, F|100\/100\n|\n|-weather|Sandstorm|[upkeep]\n|upkeep\n|turn|2\n|\n|t:|1700918118\n|switch|p2a: Bisharp|Bisharp, M|100\/100\n|move|p1a: Ogerpon|Trailblaze|p2a: Bisharp\n|-resisted|p2a: Bisharp\n|-damage|p2a: Bisharp|88\/100\n|-boost|p1a: Ogerpon|spe|1\n|\n|-weather|Sandstorm|[upkeep]\n|upkeep\n|turn|3\n|\n|t:|1700918130\n|switch|p1a: Rotom|Rotom-Heat|100\/100\n|move|p2a: Bisharp|Iron Head|p1a: Rotom\n|-resisted|p1a: Rotom\n|-damage|p1a: Rotom|88\/100\n|\n|-weather|Sandstorm|[upkeep]\n|-damage|p1a: Rotom|82\/100|[from] Sandstorm\n|upkeep\n|turn|4\n|\n|t:|1700918142\n|switch|p2a: Clodsire|Clodsire, F|100\/100\n|move|p1a: Rotom|Will-O-Wisp|p2a: Clodsire\n|-status|p2a: Clodsire|brn\n|\n|-weather|Sandstorm|[upkeep]\n|-damage|p1a: Rotom|76\/100|[from] Sandstorm\n|-damage|p2a: Clodsire|94\/100 brn|[from] brn\n|upkeep\n|turn|5\n|\n|t:|1700918160\n|switch|p1a: Steelix|Steelix, F|100\/100\n|move|p2a: Clodsire|Stealth Rock|p1a: Steelix\n|-sidestart|p1: buzhouliumo|move: Stealth Rock\n|\n|-weather|none\n|-heal|p2a: Clodsire|100\/100 brn|[from] item: Leftovers\n|-damage|p2a: Clodsire|94\/100 brn|[from] brn\n|upkeep\n|turn|6\n|\n|t:|1700918169\n|switch|p2a: Celesteela|Celesteela|100\/100\n|detailschange|p1a: Steelix|Steelix-Mega, F\n|-mega|p1a: Steelix|Steelix|Steelixite\n|move|p1a: Steelix|Earthquake|p2a: Celesteela\n|-immune|p2a: Celesteela\n|\n|upkeep\n|turn|7\n|\n|t:|1700918188\n|switch|p1a: Rotom|Rotom-Heat|76\/100\n|move|p2a: Celesteela|Autotomize|p2a: Celesteela\n|-boost|p2a: Celesteela|spe|2\n|-start|p2a: Celesteela|Autotomize\n|\n|upkeep\n|turn|8\n|\n|t:|1700918195\n|move|p2a: Celesteela|Meteor Beam||[still]\n|-prepare|p2a: Celesteela|Meteor Beam\n|-boost|p2a: Celesteela|spa|1\n|-enditem|p2a: Celesteela|Power Herb\n|-anim|p2a: Celesteela|Meteor Beam|p1a: Rotom\n|-supereffective|p1a: Rotom\n|-damage|p1a: Rotom|0 fnt\n|faint|p1a: Rotom\n|-ability|p2a: Celesteela|Beast Boost|boost\n|-boost|p2a: Celesteela|spa|1\n|\n|upkeep\n|-message|buzhouliumo forfeited.\n|\n|win|FlyingSudowoodo\n|raw|buzhouliumo's rating: 1251 &rarr; <strong>1225<\/strong><br \/>(-26 for losing)\n|raw|FlyingSudowoodo's rating: 1241 &rarr; <strong>1267<\/strong><br \/>(+26 for winning)\n|l|\u203dbuzhouliumo\n","uploadtime":1700918218,"views":1,"p1id":"buzhouliumo","p2id":"flyingsudowoodo","formatid":"gen9nationaldex","rating":1225,"private":0,"password":""}