{"id":"gen9nationaldex-1991373566","p1":"JogadorCaro","p2":"PWA Wright","format":"[Gen 9] National Dex","log":"|j|\u2606JogadorCaro\n|j|\u2606PWA Wright\n|t:|1700071744\n|gametype|singles\n|player|p1|JogadorCaro|tate|1727\n|player|p2|PWA Wright|cynthia|1732\n|teamsize|p1|6\n|teamsize|p2|6\n|gen|9\n|tier|[Gen 9] National Dex\n|rated|\n|rule|HP Percentage Mod: HP is shown in percentages\n|rule|Endless Battle Clause: Forcing endless battles is banned\n|rule|OHKO Clause: OHKO moves are banned\n|rule|Evasion Clause: Evasion abilities, items, and moves are banned\n|rule|Evasion Abilities Clause: Evasion abilities are banned\n|rule|Evasion Items Clause: Evasion items are banned\n|rule|Evasion Moves Clause: Evasion moves are banned\n|rule|Species Clause: Limit one of each Pok\u00e9mon\n|rule|Sleep Clause Mod: Limit one foe put to sleep\n|clearpoke\n|poke|p1|Garganacl, F|\n|poke|p1|Zamazenta-*|\n|poke|p1|Volcarona, F|\n|poke|p1|Hoopa-Unbound|\n|poke|p1|Dondozo, F|\n|poke|p1|Rotom-Wash|\n|poke|p2|Garchomp, M|\n|poke|p2|Dondozo, M|\n|poke|p2|Tyranitar, F|\n|poke|p2|Charizard, F|\n|poke|p2|Clodsire, F|\n|poke|p2|Corviknight, M|\n|teampreview\n|\n|t:|1700071748\n|start\n|switch|p1a: mulher|Rotom-Wash|100\/100\n|switch|p2a: Charizard|Charizard, F|100\/100\n|turn|1\n|\n|t:|1700071753\n|switch|p2a: Clodsire|Clodsire, F|100\/100\n|move|p1a: mulher|Volt Switch|p2a: Clodsire\n|-immune|p2a: Clodsire\n|\n|upkeep\n|turn|2\n|\n|t:|1700071757\n|move|p1a: mulher|Hydro Pump|p2a: Clodsire\n|-immune|p2a: Clodsire|[from] ability: Water Absorb\n|move|p2a: Clodsire|Stealth Rock|p1a: mulher\n|-sidestart|p1: JogadorCaro|move: Stealth Rock\n|\n|upkeep\n|turn|3\n|\n|t:|1700071761\n|move|p1a: mulher|Defog|p2a: Clodsire\n|-unboost|p2a: Clodsire|evasion|1\n|-sideend|p1: JogadorCaro|Stealth Rock|[from] move: Defog|[of] p1a: mulher\n|move|p2a: Clodsire|Toxic|p1a: mulher\n|-status|p1a: mulher|tox\n|\n|-damage|p1a: mulher|94\/100 tox|[from] psn\n|upkeep\n|turn|4\n|\n|t:|1700071763\n|switch|p1a: Agito|Hoopa-Unbound|100\/100\n|move|p2a: Clodsire|Stealth Rock|p1a: Agito\n|-sidestart|p1: JogadorCaro|move: Stealth Rock\n|\n|upkeep\n|turn|5\n|\n|t:|1700071766\n|switch|p2a: Tyranitar|Tyranitar, F|100\/100\n|-weather|Sandstorm|[from] ability: Sand Stream|[of] p2a: Tyranitar\n|move|p1a: Agito|Focus Blast|p2a: Tyranitar\n|-supereffective|p2a: Tyranitar\n|-damage|p2a: Tyranitar|23\/100\n|\n|-weather|Sandstorm|[upkeep]\n|-damage|p1a: Agito|95\/100|[from] Sandstorm\n|upkeep\n|turn|6\n|\n|t:|1700071777\n|move|p1a: Agito|Focus Blast|p2a: Tyranitar|[miss]\n|-miss|p1a: Agito|p2a: Tyranitar\n|move|p2a: Tyranitar|Crunch|p1a: Agito\n|-damage|p1a: Agito|39\/100\n|\n|-weather|Sandstorm|[upkeep]\n|-damage|p1a: Agito|33\/100|[from] Sandstorm\n|upkeep\n|turn|7\n|\n|t:|1700071783\n|switch|p2a: Clodsire|Clodsire, F|100\/100\n|move|p1a: Agito|Focus Blast|p2a: Clodsire|[miss]\n|-miss|p1a: Agito|p2a: Clodsire\n|\n|-weather|Sandstorm|[upkeep]\n|-damage|p1a: Agito|27\/100|[from] Sandstorm\n|upkeep\n|turn|8\n|\n|t:|1700071786\n|switch|p1a: mulher|Rotom-Wash|94\/100 tox\n|-damage|p1a: mulher|82\/100 tox|[from] Stealth Rock\n|move|p2a: Clodsire|Toxic|p1a: mulher\n|-fail|p1a: mulher|tox\n|\n|-weather|Sandstorm|[upkeep]\n|-damage|p1a: mulher|75\/100 tox|[from] Sandstorm\n|-heal|p1a: mulher|82\/100 tox|[from] item: Leftovers\n|-damage|p1a: mulher|75\/100 tox|[from] psn\n|upkeep\n|turn|9\n|c|\u2606JogadorCaro|if not 100%...\n|c|\u2606PWA Wright|It's 2%\n|\n|t:|1700071798\n|move|p1a: mulher|Defog|p2a: Clodsire\n|-unboost|p2a: Clodsire|evasion|1\n|-sideend|p1: JogadorCaro|Stealth Rock|[from] move: Defog|[of] p1a: mulher\n|move|p2a: Clodsire|Toxic|p1a: mulher\n|-fail|p1a: mulher|tox\n|\n|-weather|none\n|-heal|p1a: mulher|82\/100 tox|[from] item: Leftovers\n|-damage|p1a: mulher|69\/100 tox|[from] psn\n|upkeep\n|turn|10\n|\n|t:|1700071813\n|switch|p1a: Mahoraga|Garganacl, F|100\/100\n|move|p2a: Clodsire|Stealth Rock|p1a: Mahoraga\n|-sidestart|p1: JogadorCaro|move: Stealth Rock\n|\n|upkeep\n|turn|11\n|\n|t:|1700071824\n|move|p2a: Clodsire|Earthquake|p1a: Mahoraga\n|-supereffective|p1a: Mahoraga\n|-damage|p1a: Mahoraga|71\/100\n|move|p1a: Mahoraga|Salt Cure|p2a: Clodsire\n|-resisted|p2a: Clodsire\n|-crit|p2a: Clodsire\n|-damage|p2a: Clodsire|89\/100\n|-start|p2a: Clodsire|Salt Cure\n|\n|-heal|p2a: Clodsire|95\/100|[from] item: Leftovers\n|-heal|p1a: Mahoraga|77\/100|[from] item: Leftovers\n|-damage|p2a: Clodsire|83\/100|[from] Salt Cure\n|upkeep\n|turn|12\n|\n|t:|1700071827\n|switch|p2a: Garchomp|Garchomp, M|100\/100\n|move|p1a: Mahoraga|Salt Cure|p2a: Garchomp\n|-resisted|p2a: Garchomp\n|-damage|p2a: Garchomp|93\/100\n|-start|p2a: Garchomp|Salt Cure\n|\n|-heal|p1a: Mahoraga|83\/100|[from] item: Leftovers\n|-damage|p2a: Garchomp|81\/100|[from] Salt Cure\n|upkeep\n|turn|13\n|\n|t:|1700071832\n|switch|p1a: Toji|Zamazenta|100\/100\n|-damage|p1a: Toji|94\/100|[from] Stealth Rock\n|-ability|p1a: Toji|Dauntless Shield|boost\n|-boost|p1a: Toji|def|1\n|move|p2a: Garchomp|Earthquake|p1a: Toji\n|-damage|p1a: Toji|61\/100\n|\n|-damage|p2a: Garchomp|69\/100|[from] Salt Cure\n|upkeep\n|turn|14\n|\n|t:|1700071837\n|switch|p2a: Clodsire|Clodsire, F|83\/100\n|move|p1a: Toji|Ice Fang|p2a: Clodsire\n|-supereffective|p2a: Clodsire\n|-crit|p2a: Clodsire\n|-damage|p2a: Clodsire|0 fnt\n|faint|p2a: Clodsire\n|\n|upkeep\n|\n|t:|1700071840\n|switch|p2a: Dondozo|Dondozo, M|100\/100\n|turn|15\n|\n|t:|1700071846\n|switch|p1a: mulher|Rotom-Wash|69\/100 tox\n|-damage|p1a: mulher|57\/100 tox|[from] Stealth Rock\n|move|p2a: Dondozo|Wave Crash|p1a: mulher\n|-resisted|p1a: mulher\n|-damage|p1a: mulher|35\/100 tox\n|-damage|p2a: Dondozo|96\/100|[from] Recoil\n|\n|-heal|p1a: mulher|41\/100 tox|[from] item: Leftovers\n|-damage|p1a: mulher|35\/100 tox|[from] psn\n|upkeep\n|turn|16\n|\n|t:|1700071849\n|switch|p2a: Garchomp|Garchomp, M|69\/100\n|move|p1a: mulher|Defog|p2a: Garchomp\n|-unboost|p2a: Garchomp|evasion|1\n|-sideend|p1: JogadorCaro|Stealth Rock|[from] move: Defog|[of] p1a: mulher\n|\n|-heal|p1a: mulher|41\/100 tox|[from] item: Leftovers\n|-damage|p1a: mulher|28\/100 tox|[from] psn\n|upkeep\n|turn|17\n|\n|t:|1700071853\n|-terastallize|p2a: Garchomp|Fire\n|move|p2a: Garchomp|Swords Dance|p2a: Garchomp\n|-boost|p2a: Garchomp|atk|2\n|move|p1a: mulher|Hydro Pump|p2a: Garchomp\n|-supereffective|p2a: Garchomp\n|-damage|p2a: Garchomp|0 fnt\n|faint|p2a: Garchomp\n|\n|-heal|p1a: mulher|35\/100 tox|[from] item: Leftovers\n|-damage|p1a: mulher|16\/100 tox|[from] psn\n|upkeep\n|c|\u2606PWA Wright|Ight gg\n|c|\u2606JogadorCaro|why?\n|-message|PWA Wright forfeited.\n|\n|win|JogadorCaro\n|raw|JogadorCaro's rating: 1727 &rarr; <strong>1747<\/strong><br \/>(+20 for winning)\n|raw|PWA Wright's rating: 1732 &rarr; <strong>1712<\/strong><br \/>(-20 for losing)\n|l|\u2606PWA Wright\n","uploadtime":1700071868,"views":6,"p1id":"jogadorcaro","p2id":"pwawright","formatid":"gen9nationaldex","rating":1712,"private":0,"password":""}