{"id":"gen9nationaldex-1991575839","p1":"DarmanitanYeti","p2":"daniel241595","format":"[Gen 9] National Dex","log":"|j|\u2606DarmanitanYeti\n|j|\u2606daniel241595\n|t:|1700090086\n|gametype|singles\n|player|p1|DarmanitanYeti|cynthia-gen4|1478\n|player|p2|daniel241595|turo|1404\n|teamsize|p1|6\n|teamsize|p2|6\n|gen|9\n|tier|[Gen 9] National Dex\n|rated|\n|rule|HP Percentage Mod: HP is shown in percentages\n|rule|Endless Battle Clause: Forcing endless battles is banned\n|rule|OHKO Clause: OHKO moves are banned\n|rule|Evasion Clause: Evasion abilities, items, and moves are banned\n|rule|Evasion Abilities Clause: Evasion abilities are banned\n|rule|Evasion Items Clause: Evasion items are banned\n|rule|Evasion Moves Clause: Evasion moves are banned\n|rule|Species Clause: Limit one of each Pok\u00e9mon\n|rule|Sleep Clause Mod: Limit one foe put to sleep\n|clearpoke\n|poke|p1|Tapu Koko|\n|poke|p1|Rotom-Wash|\n|poke|p1|Great Tusk|\n|poke|p1|Heatran, F|\n|poke|p1|Volcarona, F|\n|poke|p1|Lopunny, F|\n|poke|p2|Arcanine, M|\n|poke|p2|Flygon, F|\n|poke|p2|Empoleon, M|\n|poke|p2|Eelektross, F|\n|poke|p2|Florges, F|\n|poke|p2|Kleavor, M|\n|teampreview\n|inactive|Battle timer is ON: inactive players will automatically lose when time's up. (requested by DarmanitanYeti)\n|\n|t:|1700090107\n|start\n|switch|p1a: Great Lando T-usk|Great Tusk|100\/100\n|switch|p2a: Kleavor|Kleavor, M|100\/100\n|turn|1\n|\n|t:|1700090115\n|switch|p2a: Eelektross|Eelektross, F|100\/100\n|move|p1a: Great Lando T-usk|Rapid Spin|p2a: Eelektross\n|-damage|p2a: Eelektross|83\/100\n|-boost|p1a: Great Lando T-usk|spe|1\n|\n|upkeep\n|turn|2\n|\n|t:|1700090119\n|-end|p1a: Great Lando T-usk|Protosynthesis|[silent]\n|switch|p1a: Counter God|Heatran, F|100\/100\n|move|p2a: Eelektross|Giga Drain|p1a: Counter God\n|-resisted|p1a: Counter God\n|-damage|p1a: Counter God|96\/100\n|-heal|p2a: Eelektross|86\/100|[from] drain|[of] p1a: Counter God\n|\n|-heal|p1a: Counter God|100\/100|[from] item: Leftovers\n|upkeep\n|turn|3\n|\n|t:|1700090128\n|move|p1a: Counter God|Will-O-Wisp|p2a: Eelektross\n|-status|p2a: Eelektross|brn\n|move|p2a: Eelektross|Volt Switch|p1a: Counter God\n|-damage|p1a: Counter God|80\/100\n|\n|t:|1700090138\n|switch|p2a: Flygon|Flygon, F|100\/100|[from] Volt Switch\n|\n|-heal|p1a: Counter God|86\/100|[from] item: Leftovers\n|upkeep\n|turn|4\n|\n|t:|1700090150\n|switch|p1a: Rainteam?|Rotom-Wash|100\/100\n|move|p2a: Flygon|Dragon Dance|p2a: Flygon\n|-boost|p2a: Flygon|atk|1\n|-boost|p2a: Flygon|spe|1\n|\n|upkeep\n|turn|5\n|\n|t:|1700090158\n|move|p2a: Flygon|Dragon Dance|p2a: Flygon\n|-boost|p2a: Flygon|atk|1\n|-boost|p2a: Flygon|spe|1\n|move|p1a: Rainteam?|Will-O-Wisp|p2a: Flygon\n|-status|p2a: Flygon|brn\n|\n|-damage|p2a: Flygon|95\/100 brn|[from] brn\n|upkeep\n|turn|6\n|\n|t:|1700090164\n|move|p2a: Flygon|Dragon Dance|p2a: Flygon\n|-boost|p2a: Flygon|atk|1\n|-boost|p2a: Flygon|spe|1\n|move|p1a: Rainteam?|Hydro Pump|p2a: Flygon|[miss]\n|-miss|p1a: Rainteam?|p2a: Flygon\n|\n|-damage|p2a: Flygon|89\/100 brn|[from] brn\n|upkeep\n|turn|7\n|\n|t:|1700090173\n|switch|p1a: Kokodile|Tapu Koko, shiny|100\/100\n|-fieldstart|move: Electric Terrain|[from] ability: Electric Surge|[of] p1a: Kokodile\n|move|p2a: Flygon|Dragon Dance|p2a: Flygon\n|-boost|p2a: Flygon|atk|1\n|-boost|p2a: Flygon|spe|1\n|\n|-damage|p2a: Flygon|83\/100 brn|[from] brn\n|upkeep\n|turn|8\n|\n|t:|1700090193\n|switch|p1a: Rainteam?|Rotom-Wash|100\/100\n|-terastallize|p2a: Flygon|Steel\n|move|p2a: Flygon|Earthquake|p1a: Rainteam?\n|-immune|p1a: Rainteam?|[from] ability: Levitate\n|\n|-damage|p2a: Flygon|77\/100 brn|[from] brn\n|upkeep\n|turn|9\n|\n|t:|1700090209\n|move|p2a: Flygon|Dragon Dance|p2a: Flygon\n|-boost|p2a: Flygon|atk|1\n|-boost|p2a: Flygon|spe|1\n|move|p1a: Rainteam?|Volt Switch|p2a: Flygon\n|-damage|p2a: Flygon|41\/100 brn\n|\n|t:|1700090212\n|switch|p1a: Counter God|Heatran, F|86\/100|[from] Volt Switch\n|\n|-heal|p1a: Counter God|92\/100|[from] item: Leftovers\n|-damage|p2a: Flygon|35\/100 brn|[from] brn\n|upkeep\n|turn|10\n|\n|t:|1700090226\n|switch|p1a: Rainteam?|Rotom-Wash|100\/100\n|move|p2a: Flygon|Dual Wingbeat|p1a: Rainteam?\n|-resisted|p1a: Rainteam?\n|-damage|p1a: Rainteam?|91\/100\n|-resisted|p1a: Rainteam?\n|-damage|p1a: Rainteam?|80\/100\n|-hitcount|p1a: Rainteam?|2\n|-damage|p2a: Flygon|25\/100 brn|[from] item: Life Orb\n|\n|-heal|p1a: Rainteam?|87\/100|[from] item: Leftovers\n|-damage|p2a: Flygon|19\/100 brn|[from] brn\n|upkeep\n|turn|11\n|\n|t:|1700090235\n|move|p2a: Flygon|Roost|p2a: Flygon\n|-heal|p2a: Flygon|70\/100 brn\n|move|p1a: Rainteam?|Volt Switch|p2a: Flygon\n|-damage|p2a: Flygon|35\/100 brn\n|\n|t:|1700090243\n|switch|p1a: Counter God|Heatran, F|92\/100|[from] Volt Switch\n|\n|-heal|p1a: Counter God|99\/100|[from] item: Leftovers\n|-damage|p2a: Flygon|29\/100 brn|[from] brn\n|-fieldend|move: Electric Terrain\n|upkeep\n|turn|12\n|\n|t:|1700090248\n|-terastallize|p1a: Counter God|Flying\n|move|p2a: Flygon|Earthquake|p1a: Counter God\n|-immune|p1a: Counter God\n|move|p1a: Counter God|Magma Storm|p2a: Flygon|[miss]\n|-miss|p1a: Counter God|p2a: Flygon\n|\n|-heal|p1a: Counter God|100\/100|[from] item: Leftovers\n|-damage|p2a: Flygon|23\/100 brn|[from] brn\n|upkeep\n|turn|13\n|\n|t:|1700090257\n|move|p2a: Flygon|Dual Wingbeat|p1a: Counter God\n|-damage|p1a: Counter God|78\/100\n|-damage|p1a: Counter God|55\/100\n|-hitcount|p1a: Counter God|2\n|-damage|p2a: Flygon|13\/100 brn|[from] item: Life Orb\n|move|p1a: Counter God|Magma Storm|p2a: Flygon|[miss]\n|-miss|p1a: Counter God|p2a: Flygon\n|\n|-heal|p1a: Counter God|61\/100|[from] item: Leftovers\n|-damage|p2a: Flygon|7\/100 brn|[from] brn\n|upkeep\n|turn|14\n|inactive|daniel241595 has 120 seconds left.\n|\n|t:|1700090291\n|switch|p2a: Florges|Florges, F|100\/100\n|move|p1a: Counter God|Magma Storm|p2a: Florges|[miss]\n|-miss|p1a: Counter God|p2a: Florges\n|\n|-heal|p1a: Counter God|67\/100|[from] item: Leftovers\n|upkeep\n|turn|15\n|\n|t:|1700090296\n|move|p1a: Counter God|Toxic|p2a: Florges\n|-status|p2a: Florges|tox\n|move|p2a: Florges|Aromatherapy|p2a: Florges\n|-activate|p2a: Florges|move: Aromatherapy\n|-curestatus|p2a: Florges|tox|[msg]\n|-curestatus|p2: Eelektross|brn|[msg]\n|-curestatus|p2: Flygon|brn|[msg]\n|\n|-heal|p1a: Counter God|73\/100|[from] item: Leftovers\n|upkeep\n|turn|16\n|\n|t:|1700090301\n|switch|p2a: Eelektross|Eelektross, F|86\/100\n|move|p1a: Counter God|Will-O-Wisp|p2a: Eelektross\n|-status|p2a: Eelektross|brn\n|\n|-heal|p1a: Counter God|80\/100|[from] item: Leftovers\n|-damage|p2a: Eelektross|79\/100 brn|[from] brn\n|upkeep\n|turn|17\n|\n|t:|1700090303\n|switch|p1a: Great Lando T-usk|Great Tusk|100\/100\n|move|p2a: Eelektross|Volt Switch|p1a: Great Lando T-usk\n|-immune|p1a: Great Lando T-usk\n|\n|-damage|p2a: Eelektross|73\/100 brn|[from] brn\n|upkeep\n|turn|18\n|\n|t:|1700090311\n|-end|p1a: Great Lando T-usk|Protosynthesis|[silent]\n|switch|p1a: Pink|Lopunny, F, shiny|100\/100\n|move|p2a: Eelektross|Giga Drain|p1a: Pink\n|-damage|p1a: Pink|70\/100\n|-heal|p2a: Eelektross|84\/100 brn|[from] drain|[of] p1a: Pink\n|\n|-damage|p2a: Eelektross|78\/100 brn|[from] brn\n|upkeep\n|turn|19\n|\n|t:|1700090316\n|switch|p2a: Florges|Florges, F|100\/100\n|detailschange|p1a: Pink|Lopunny-Mega, F, shiny\n|-mega|p1a: Pink|Lopunny|Lopunnite\n|move|p1a: Pink|Fake Out|p2a: Florges\n|-damage|p2a: Florges|81\/100\n|\n|-heal|p2a: Florges|87\/100|[from] item: Leftovers\n|upkeep\n|turn|20\n|\n|t:|1700090319\n|move|p1a: Pink|U-turn|p2a: Florges\n|-resisted|p2a: Florges\n|-damage|p2a: Florges|77\/100\n|\n|t:|1700090320\n|switch|p1a: Counter God|Heatran, F, tera:Flying|80\/100|[from] U-turn\n|move|p2a: Florges|Wish|p2a: Florges\n|\n|-heal|p1a: Counter God|86\/100|[from] item: Leftovers\n|-heal|p2a: Florges|83\/100|[from] item: Leftovers\n|upkeep\n|turn|21\n|\n|t:|1700090336\n|switch|p2a: Kleavor|Kleavor, M|100\/100\n|move|p1a: Counter God|Magma Storm|p2a: Kleavor\n|-damage|p2a: Kleavor|26\/100\n|-activate|p2a: Kleavor|move: Magma Storm|[of] p1a: Counter God\n|\n|-heal|p2a: Kleavor|90\/100|[from] move: Wish|[wisher] Florges\n|-heal|p1a: Counter God|92\/100|[from] item: Leftovers\n|-damage|p2a: Kleavor|78\/100|[from] move: Magma Storm|[partiallytrapped]\n|upkeep\n|turn|22\n|\n|t:|1700090350\n|switch|p1a: Great Lando T-usk|Great Tusk|100\/100\n|move|p2a: Kleavor|U-turn|p1a: Great Lando T-usk\n|-resisted|p1a: Great Lando T-usk\n|-damage|p1a: Great Lando T-usk|92\/100\n|\n|t:|1700090355\n|switch|p2a: Florges|Florges, F|83\/100|[from] U-turn\n|\n|-heal|p1a: Great Lando T-usk|98\/100|[from] item: Leftovers\n|-heal|p2a: Florges|89\/100|[from] item: Leftovers\n|upkeep\n|turn|23\n|\n|t:|1700090358\n|-end|p1a: Great Lando T-usk|Protosynthesis|[silent]\n|switch|p1a: Counter God|Heatran, F, tera:Flying|92\/100\n|move|p2a: Florges|Moonblast|p1a: Counter God\n|-damage|p1a: Counter God|71\/100\n|\n|-heal|p1a: Counter God|77\/100|[from] item: Leftovers\n|-heal|p2a: Florges|95\/100|[from] item: Leftovers\n|upkeep\n|turn|24\n|\n|t:|1700090372\n|move|p1a: Counter God|Magma Storm|p2a: Florges\n|-damage|p2a: Florges|69\/100\n|-activate|p2a: Florges|move: Magma Storm|[of] p1a: Counter God\n|move|p2a: Florges|Wish|p2a: Florges\n|\n|-heal|p1a: Counter God|83\/100|[from] item: Leftovers\n|-heal|p2a: Florges|75\/100|[from] item: Leftovers\n|-damage|p2a: Florges|63\/100|[from] move: Magma Storm|[partiallytrapped]\n|upkeep\n|turn|25\n|\n|t:|1700090374\n|move|p1a: Counter God|Toxic|p2a: Florges|[miss]\n|-miss|p1a: Counter God|p2a: Florges\n|move|p2a: Florges|Moonblast|p1a: Counter God\n|-damage|p1a: Counter God|62\/100\n|\n|-heal|p2a: Florges|100\/100|[from] move: Wish|[wisher] Florges\n|-heal|p1a: Counter God|69\/100|[from] item: Leftovers\n|-damage|p2a: Florges|88\/100|[from] move: Magma Storm|[partiallytrapped]\n|upkeep\n|turn|26\n|\n|t:|1700090381\n|move|p1a: Counter God|Toxic|p2a: Florges\n|-status|p2a: Florges|tox\n|move|p2a: Florges|Wish|p2a: Florges\n|\n|-heal|p1a: Counter God|75\/100|[from] item: Leftovers\n|-heal|p2a: Florges|94\/100 tox|[from] item: Leftovers\n|-damage|p2a: Florges|88\/100 tox|[from] psn\n|-damage|p2a: Florges|76\/100 tox|[from] move: Magma Storm|[partiallytrapped]\n|upkeep\n|turn|27\n|\n|t:|1700090389\n|move|p1a: Counter God|Earth Power|p2a: Florges\n|-damage|p2a: Florges|60\/100 tox\n|move|p2a: Florges|Aromatherapy|p2a: Florges\n|-activate|p2a: Florges|move: Aromatherapy\n|-curestatus|p2a: Florges|tox|[msg]\n|-curestatus|p2: Eelektross|brn|[msg]\n|\n|-heal|p2a: Florges|100\/100|[from] move: Wish|[wisher] Florges\n|-heal|p1a: Counter God|81\/100|[from] item: Leftovers\n|-damage|p2a: Florges|88\/100|[from] move: Magma Storm|[partiallytrapped]\n|upkeep\n|turn|28\n|\n|t:|1700090394\n|switch|p1a: Sweeper time|Volcarona, F|100\/100\n|move|p2a: Florges|Moonblast|p1a: Sweeper time\n|-resisted|p1a: Sweeper time\n|-damage|p1a: Sweeper time|80\/100\n|-unboost|p1a: Sweeper time|spa|1\n|\n|-heal|p2a: Florges|94\/100|[from] item: Leftovers\n|-end|p2a: Florges|Magma Storm|[partiallytrapped]\n|upkeep\n|turn|29\n|\n|t:|1700090423\n|switch|p2a: Eelektross|Eelektross, F|78\/100\n|move|p1a: Sweeper time|Fiery Dance|p2a: Eelektross\n|-damage|p2a: Eelektross|57\/100\n|\n|upkeep\n|turn|30\n|\n|t:|1700090430\n|move|p1a: Sweeper time|Fiery Dance|p2a: Eelektross\n|-damage|p2a: Eelektross|35\/100\n|move|p2a: Eelektross|Volt Switch|p1a: Sweeper time\n|-damage|p1a: Sweeper time|43\/100\n|\n|t:|1700090438\n|switch|p2a: Kleavor|Kleavor, M|78\/100|[from] Volt Switch\n|\n|upkeep\n|turn|31\n|\n|t:|1700090441\n|switch|p1a: Great Lando T-usk|Great Tusk|98\/100\n|move|p2a: Kleavor|Stone Axe|p1a: Great Lando T-usk\n|-resisted|p1a: Great Lando T-usk\n|-damage|p1a: Great Lando T-usk|92\/100\n|-sidestart|p1: DarmanitanYeti|move: Stealth Rock\n|\n|-heal|p1a: Great Lando T-usk|98\/100|[from] item: Leftovers\n|upkeep\n|turn|32\n|\n|t:|1700090450\n|switch|p2a: Florges|Florges, F|94\/100\n|move|p1a: Great Lando T-usk|Rapid Spin|p2a: Florges\n|-damage|p2a: Florges|81\/100\n|-boost|p1a: Great Lando T-usk|spe|1\n|-sideend|p1: DarmanitanYeti|Stealth Rock|[from] move: Rapid Spin|[of] p1a: Great Lando T-usk\n|\n|-heal|p1a: Great Lando T-usk|100\/100|[from] item: Leftovers\n|-heal|p2a: Florges|87\/100|[from] item: Leftovers\n|upkeep\n|turn|33\n|\n|t:|1700090456\n|-end|p1a: Great Lando T-usk|Protosynthesis|[silent]\n|switch|p1a: Sweeper time|Volcarona, F|43\/100\n|move|p2a: Florges|Wish|p2a: Florges\n|\n|-heal|p2a: Florges|94\/100|[from] item: Leftovers\n|upkeep\n|turn|34\n|\n|t:|1700090459\n|move|p1a: Sweeper time|Quiver Dance|p1a: Sweeper time\n|-boost|p1a: Sweeper time|spa|1\n|-boost|p1a: Sweeper time|spd|1\n|-boost|p1a: Sweeper time|spe|1\n|move|p2a: Florges|Moonblast|p1a: Sweeper time\n|-resisted|p1a: Sweeper time\n|-damage|p1a: Sweeper time|31\/100\n|-unboost|p1a: Sweeper time|spa|1\n|\n|-heal|p2a: Florges|100\/100|[from] move: Wish|[wisher] Florges\n|upkeep\n|turn|35\n|\n|t:|1700090467\n|switch|p2a: Arcanine|Arcanine, M, shiny|100\/100\n|-ability|p2a: Arcanine|Intimidate|boost\n|-unboost|p1a: Sweeper time|atk|1\n|move|p1a: Sweeper time|Fiery Dance|p2a: Arcanine\n|-resisted|p2a: Arcanine\n|-damage|p2a: Arcanine|79\/100\n|\n|upkeep\n|turn|36\n|\n|t:|1700090471\n|switch|p1a: Rainteam?|Rotom-Wash|87\/100\n|move|p2a: Arcanine|Extreme Speed|p1a: Rainteam?\n|-damage|p1a: Rainteam?|54\/100\n|\n|-heal|p1a: Rainteam?|61\/100|[from] item: Leftovers\n|upkeep\n|turn|37\n|\n|t:|1700090479\n|switch|p2a: Florges|Florges, F|100\/100\n|move|p1a: Rainteam?|Volt Switch|p2a: Florges\n|-damage|p2a: Florges|84\/100\n|\n|t:|1700090483\n|switch|p1a: Kokodile|Tapu Koko, shiny|100\/100|[from] Volt Switch\n|-fieldstart|move: Electric Terrain|[from] ability: Electric Surge|[of] p1a: Kokodile\n|\n|-heal|p2a: Florges|90\/100|[from] item: Leftovers\n|upkeep\n|turn|38\n|\n|t:|1700090488\n|move|p1a: Kokodile|Taunt|p2a: Florges\n|-start|p2a: Florges|move: Taunt\n|cant|p2a: Florges|move: Taunt|Wish\n|\n|-heal|p2a: Florges|97\/100|[from] item: Leftovers\n|upkeep\n|turn|39\n|\n|t:|1700090492\n|move|p1a: Kokodile|Volt Switch|p2a: Florges\n|-damage|p2a: Florges|71\/100\n|\n|t:|1700090496\n|switch|p1a: Counter God|Heatran, F, tera:Flying|81\/100|[from] Volt Switch\n|move|p2a: Florges|Moonblast|p1a: Counter God\n|-damage|p1a: Counter God|58\/100\n|\n|-heal|p1a: Counter God|64\/100|[from] item: Leftovers\n|-heal|p2a: Florges|77\/100|[from] item: Leftovers\n|upkeep\n|turn|40\n|\n|t:|1700090517\n|switch|p2a: Eelektross|Eelektross, F|35\/100\n|move|p1a: Counter God|Magma Storm|p2a: Eelektross\n|-damage|p2a: Eelektross|3\/100\n|-activate|p2a: Eelektross|move: Magma Storm|[of] p1a: Counter God\n|\n|-heal|p1a: Counter God|71\/100|[from] item: Leftovers\n|-damage|p2a: Eelektross|0 fnt|[from] move: Magma Storm|[partiallytrapped]\n|faint|p2a: Eelektross\n|upkeep\n|\n|t:|1700090527\n|switch|p2a: Kleavor|Kleavor, M|78\/100\n|turn|41\n|\n|t:|1700090534\n|switch|p1a: Great Lando T-usk|Great Tusk|100\/100\n|move|p2a: Kleavor|U-turn|p1a: Great Lando T-usk\n|-resisted|p1a: Great Lando T-usk\n|-damage|p1a: Great Lando T-usk|92\/100\n|\n|t:|1700090538\n|switch|p2a: Florges|Florges, F|77\/100|[from] U-turn\n|\n|-heal|p1a: Great Lando T-usk|98\/100|[from] item: Leftovers\n|-heal|p2a: Florges|83\/100|[from] item: Leftovers\n|-fieldend|move: Electric Terrain\n|upkeep\n|turn|42\n|\n|t:|1700090544\n|-end|p1a: Great Lando T-usk|Protosynthesis|[silent]\n|switch|p1a: Counter God|Heatran, F, tera:Flying|71\/100\n|move|p2a: Florges|Moonblast|p1a: Counter God\n|-damage|p1a: Counter God|47\/100\n|\n|-heal|p1a: Counter God|54\/100|[from] item: Leftovers\n|-heal|p2a: Florges|89\/100|[from] item: Leftovers\n|upkeep\n|turn|43\n|\n|t:|1700090551\n|move|p1a: Counter God|Toxic|p2a: Florges\n|-status|p2a: Florges|tox\n|move|p2a: Florges|Moonblast|p1a: Counter God\n|-damage|p1a: Counter God|33\/100\n|\n|-heal|p1a: Counter God|39\/100|[from] item: Leftovers\n|-heal|p2a: Florges|95\/100 tox|[from] item: Leftovers\n|-damage|p2a: Florges|89\/100 tox|[from] psn\n|upkeep\n|turn|44\n|\n|t:|1700090555\n|switch|p1a: Kokodile|Tapu Koko, shiny|100\/100\n|-fieldstart|move: Electric Terrain|[from] ability: Electric Surge|[of] p1a: Kokodile\n|move|p2a: Florges|Moonblast|p1a: Kokodile\n|-damage|p1a: Kokodile|46\/100\n|\n|-heal|p2a: Florges|95\/100 tox|[from] item: Leftovers\n|-damage|p2a: Florges|83\/100 tox|[from] psn\n|upkeep\n|turn|45\n|\n|t:|1700090567\n|switch|p2a: Kleavor|Kleavor, M|78\/100\n|move|p1a: Kokodile|Taunt|p2a: Kleavor\n|-start|p2a: Kleavor|move: Taunt\n|\n|upkeep\n|turn|46\n|\n|t:|1700090576\n|move|p2a: Kleavor|Stone Axe|p1a: Kokodile\n|-damage|p1a: Kokodile|0 fnt\n|-sidestart|p1: DarmanitanYeti|move: Stealth Rock\n|faint|p1a: Kokodile\n|\n|upkeep\n|\n|t:|1700090581\n|switch|p1a: Great Lando T-usk|Great Tusk|98\/100\n|-damage|p1a: Great Lando T-usk|95\/100|[from] Stealth Rock\n|turn|47\n|\n|t:|1700090585\n|switch|p2a: Florges|Florges, F|83\/100 tox\n|move|p1a: Great Lando T-usk|Knock Off|p2a: Florges\n|-resisted|p2a: Florges\n|-crit|p2a: Florges\n|-damage|p2a: Florges|65\/100 tox\n|-enditem|p2a: Florges|Leftovers|[from] move: Knock Off|[of] p1a: Great Lando T-usk\n|\n|-heal|p1a: Great Lando T-usk|100\/100|[from] item: Leftovers\n|-damage|p2a: Florges|58\/100 tox|[from] psn\n|upkeep\n|turn|48\n|\n|t:|1700090592\n|move|p1a: Great Lando T-usk|Rapid Spin|p2a: Florges\n|-damage|p2a: Florges|46\/100 tox\n|-boost|p1a: Great Lando T-usk|spe|1\n|-sideend|p1: DarmanitanYeti|Stealth Rock|[from] move: Rapid Spin|[of] p1a: Great Lando T-usk\n|move|p2a: Florges|Aromatherapy|p2a: Florges\n|-activate|p2a: Florges|move: Aromatherapy\n|-curestatus|p2a: Florges|tox|[msg]\n|\n|-fieldend|move: Electric Terrain\n|upkeep\n|turn|49\n|\n|t:|1700090601\n|-end|p1a: Great Lando T-usk|Protosynthesis|[silent]\n|switch|p1a: Counter God|Heatran, F, tera:Flying|39\/100\n|move|p2a: Florges|Synthesis|p2a: Florges\n|-heal|p2a: Florges|95\/100\n|\n|-heal|p1a: Counter God|45\/100|[from] item: Leftovers\n|upkeep\n|turn|50\n|\n|t:|1700090605\n|move|p1a: Counter God|Magma Storm|p2a: Florges\n|-damage|p2a: Florges|69\/100\n|-activate|p2a: Florges|move: Magma Storm|[of] p1a: Counter God\n|move|p2a: Florges|Moonblast|p1a: Counter God\n|-damage|p1a: Counter God|21\/100\n|\n|-heal|p1a: Counter God|27\/100|[from] item: Leftovers\n|-damage|p2a: Florges|57\/100|[from] move: Magma Storm|[partiallytrapped]\n|upkeep\n|turn|51\n|\n|t:|1700090618\n|move|p1a: Counter God|Toxic|p2a: Florges\n|-status|p2a: Florges|tox\n|move|p2a: Florges|Synthesis|p2a: Florges\n|-heal|p2a: Florges|100\/100 tox\n|\n|-heal|p1a: Counter God|33\/100|[from] item: Leftovers\n|-damage|p2a: Florges|94\/100 tox|[from] psn\n|-damage|p2a: Florges|82\/100 tox|[from] move: Magma Storm|[partiallytrapped]\n|upkeep\n|turn|52\n|\n|t:|1700090623\n|switch|p1a: Pink|Lopunny-Mega, F, shiny|70\/100\n|move|p2a: Florges|Moonblast|p1a: Pink\n|-supereffective|p1a: Pink\n|-damage|p1a: Pink|0 fnt\n|faint|p1a: Pink\n|\n|-damage|p2a: Florges|70\/100 tox|[from] psn\n|-end|p2a: Florges|Magma Storm|[partiallytrapped]|[silent]\n|upkeep\n|\n|t:|1700090627\n|switch|p1a: Sweeper time|Volcarona, F|31\/100\n|turn|53\n|inactive|daniel241595 has 120 seconds left.\n|\n|t:|1700090663\n|switch|p2a: Empoleon|Empoleon, M|100\/100\n|move|p1a: Sweeper time|Fiery Dance|p2a: Empoleon\n|-damage|p2a: Empoleon|60\/100\n|\n|upkeep\n|turn|54\n|inactive|daniel241595 has 120 seconds left.\n|\n|t:|1700090691\n|switch|p1a: Rainteam?|Rotom-Wash|61\/100\n|switch|p2a: Kleavor|Kleavor, M|78\/100\n|\n|-heal|p1a: Rainteam?|67\/100|[from] item: Leftovers\n|upkeep\n|turn|55\n|\n|t:|1700090695\n|move|p2a: Kleavor|U-turn|p1a: Rainteam?\n|-damage|p1a: Rainteam?|36\/100\n|\n|t:|1700090703\n|switch|p2a: Florges|Florges, F|70\/100 tox|[from] U-turn\n|move|p1a: Rainteam?|Will-O-Wisp||[still]\n|-fail|p1a: Rainteam?\n|\n|-heal|p1a: Rainteam?|42\/100|[from] item: Leftovers\n|-damage|p2a: Florges|64\/100 tox|[from] psn\n|upkeep\n|turn|56\n|\n|t:|1700090707\n|move|p1a: Rainteam?|Volt Switch|p2a: Florges\n|-damage|p2a: Florges|46\/100 tox\n|\n|t:|1700090708\n|switch|p1a: Sweeper time|Volcarona, F|31\/100|[from] Volt Switch\n|move|p2a: Florges|Synthesis|p2a: Florges\n|-heal|p2a: Florges|96\/100 tox\n|\n|-damage|p2a: Florges|84\/100 tox|[from] psn\n|upkeep\n|turn|57\n|inactive|daniel241595 has 120 seconds left.\n|\n|t:|1700090724\n|switch|p2a: Arcanine|Arcanine, M, shiny|79\/100\n|-ability|p2a: Arcanine|Intimidate|boost\n|-unboost|p1a: Sweeper time|atk|1\n|move|p1a: Sweeper time|Fiery Dance|p2a: Arcanine\n|-resisted|p2a: Arcanine\n|-damage|p2a: Arcanine|55\/100\n|-boost|p1a: Sweeper time|spa|1\n|\n|upkeep\n|turn|58\n|\n|t:|1700090728\n|switch|p1a: Great Lando T-usk|Great Tusk|100\/100\n|move|p2a: Arcanine|Extreme Speed|p1a: Great Lando T-usk\n|-damage|p1a: Great Lando T-usk|80\/100\n|\n|-heal|p1a: Great Lando T-usk|87\/100|[from] item: Leftovers\n|upkeep\n|turn|59\n|\n|t:|1700090734\n|switch|p2a: Flygon|Flygon, F, tera:Steel|7\/100\n|-end|p1a: Great Lando T-usk|Protosynthesis|[silent]\n|switch|p1a: Sweeper time|Volcarona, F|31\/100\n|\n|upkeep\n|turn|60\n|\n|t:|1700090746\n|move|p2a: Flygon|Dual Wingbeat|p1a: Sweeper time\n|-supereffective|p1a: Sweeper time\n|-damage|p1a: Sweeper time|0 fnt\n|faint|p1a: Sweeper time\n|-hitcount|p1: Sweeper time|1\n|-damage|p2a: Flygon|0 fnt|[from] item: Life Orb\n|faint|p2a: Flygon\n|\n|upkeep\n|c|\u2606DarmanitanYeti|gg\n|\n|t:|1700090763\n|switch|p1a: Counter God|Heatran, F, tera:Flying|33\/100\n|switch|p2a: Kleavor|Kleavor, M|78\/100\n|turn|61\n|inactive|DarmanitanYeti has 120 seconds left.\n|inactive|daniel241595 has 120 seconds left.\n|inactive|DarmanitanYeti has 90 seconds left.\n|c|\u2606DarmanitanYeti|Defeated by a shity team lol\n|-message|DarmanitanYeti forfeited.\n|\n|win|daniel241595\n|raw|DarmanitanYeti's rating: 1478 &rarr; <strong>1454<\/strong><br \/>(-24 for losing)\n|raw|daniel241595's rating: 1404 &rarr; <strong>1428<\/strong><br \/>(+24 for winning)\n|l|\u2606DarmanitanYeti\n","uploadtime":1700090835,"views":31,"p1id":"darmanitanyeti","p2id":"daniel241595","formatid":"gen9nationaldex","rating":1428,"private":0,"password":""}