{"id":"gen9nationaldex-1987312409","p1":"qwerttyh","p2":"Maxer59","format":"[Gen 9] National Dex","log":"|j|\u2606qwerttyh\n|j|\u2606Maxer59\n|t:|1699576249\n|gametype|singles\n|player|p1|qwerttyh|101|1202\n|player|p2|Maxer59|lucas|1187\n|teamsize|p1|6\n|teamsize|p2|6\n|gen|9\n|tier|[Gen 9] National Dex\n|rated|\n|rule|HP Percentage Mod: HP is shown in percentages\n|rule|Endless Battle Clause: Forcing endless battles is banned\n|rule|OHKO Clause: OHKO moves are banned\n|rule|Evasion Clause: Evasion abilities, items, and moves are banned\n|rule|Evasion Abilities Clause: Evasion abilities are banned\n|rule|Evasion Items Clause: Evasion items are banned\n|rule|Evasion Moves Clause: Evasion moves are banned\n|rule|Species Clause: Limit one of each Pok\u00e9mon\n|rule|Sleep Clause Mod: Limit one foe put to sleep\n|clearpoke\n|poke|p1|Rotom-Wash|\n|poke|p1|Infernape, F|\n|poke|p1|Ursaring, M|\n|poke|p1|Aerodactyl, F|\n|poke|p1|Gardevoir, M|\n|poke|p1|Salamence, F|\n|poke|p2|Xurkitree|\n|poke|p2|Tapu Koko|\n|poke|p2|Raichu-Alola, F|\n|poke|p2|Heliolisk, F|\n|poke|p2|Rotom-Wash|\n|poke|p2|Iron Hands|\n|teampreview\n|inactive|Battle timer is ON: inactive players will automatically lose when time's up. (requested by Maxer59)\n|\n|t:|1699576258\n|start\n|switch|p1a: Ursaring|Ursaring, M|100\/100\n|switch|p2a: Tapu Koko|Tapu Koko|100\/100\n|-fieldstart|move: Electric Terrain|[from] ability: Electric Surge|[of] p2a: Tapu Koko\n|turn|1\n|\n|t:|1699576264\n|move|p2a: Tapu Koko|Volt Switch|p1a: Ursaring\n|-damage|p1a: Ursaring|43\/100\n|\n|t:|1699576268\n|switch|p2a: Heliolisk|Heliolisk, F|100\/100|[from] Volt Switch\n|-enditem|p2a: Heliolisk|Electric Seed\n|-boost|p2a: Heliolisk|def|1|[from] item: Electric Seed\n|move|p1a: Ursaring|Earthquake|p2a: Heliolisk\n|-supereffective|p2a: Heliolisk\n|-damage|p2a: Heliolisk|0 fnt\n|faint|p2a: Heliolisk\n|\n|-status|p1a: Ursaring|brn|[from] item: Flame Orb\n|upkeep\n|\n|t:|1699576279\n|switch|p2a: Xurkitree|Xurkitree|100\/100\n|turn|2\n|\n|t:|1699576282\n|move|p1a: Ursaring|Earthquake|p2a: Xurkitree\n|-supereffective|p2a: Xurkitree\n|-enditem|p2a: Xurkitree|Shuca Berry|[eat]\n|-enditem|p2a: Xurkitree|Shuca Berry|[weaken]\n|-damage|p2a: Xurkitree|73\/100\n|move|p2a: Xurkitree|Rising Voltage|p1a: Ursaring\n|-hint|Rising Voltage's BP doubled on grounded target.\n|-damage|p1a: Ursaring|0 fnt\n|faint|p1a: Ursaring\n|-ability|p2a: Xurkitree|Beast Boost|boost\n|-boost|p2a: Xurkitree|spa|1\n|\n|upkeep\n|\n|t:|1699576296\n|switch|p1a: Salamence|Salamence, F|100\/100\n|turn|3\n|\n|t:|1699576300\n|move|p1a: Salamence|Earthquake|p2a: Xurkitree\n|-supereffective|p2a: Xurkitree\n|-damage|p2a: Xurkitree|0 fnt\n|faint|p2a: Xurkitree\n|-ability|p1a: Salamence|Moxie|boost\n|-boost|p1a: Salamence|atk|1\n|\n|upkeep\n|\n|t:|1699576316\n|switch|p2a: Raichu|Raichu-Alola, F|100\/100\n|turn|4\n|\n|t:|1699576329\n|-terastallize|p2a: Raichu|Normal\n|move|p2a: Raichu|Fake Out|p1a: Salamence\n|-damage|p1a: Salamence|72\/100\n|-damage|p2a: Raichu|91\/100|[from] item: Life Orb\n|cant|p1a: Salamence|flinch\n|\n|upkeep\n|turn|5\n|\n|t:|1699576336\n|move|p2a: Raichu|Extreme Speed|p1a: Salamence\n|-damage|p1a: Salamence|16\/100\n|-damage|p2a: Raichu|81\/100|[from] item: Life Orb\n|move|p1a: Salamence|Earthquake|p2a: Raichu\n|-damage|p2a: Raichu|0 fnt\n|faint|p2a: Raichu\n|-ability|p1a: Salamence|Moxie|boost\n|-boost|p1a: Salamence|atk|1\n|\n|-fieldend|move: Electric Terrain\n|upkeep\n|\n|t:|1699576346\n|switch|p2a: Iron Hands|Iron Hands|100\/100\n|turn|6\n|\n|t:|1699576349\n|move|p2a: Iron Hands|Fake Out|p1a: Salamence\n|-damage|p1a: Salamence|0 fnt\n|faint|p1a: Salamence\n|\n|upkeep\n|\n|t:|1699576358\n|switch|p1a: Gardevoir|Gardevoir, M|100\/100\n|turn|7\n|\n|t:|1699576362\n|-end|p2a: Iron Hands|Quark Drive|[silent]\n|switch|p2a: Rotom|Rotom-Wash|100\/100\n|-ability|p1a: Gardevoir|Levitate|[from] ability: Trace|[of] p2a: Rotom\n|detailschange|p1a: Gardevoir|Gardevoir-Mega, M\n|-mega|p1a: Gardevoir|Gardevoir|Gardevoirite\n|move|p1a: Gardevoir|Hyper Voice|p2a: Rotom\n|-damage|p2a: Rotom|30\/100\n|\n|-heal|p2a: Rotom|36\/100|[from] item: Leftovers\n|upkeep\n|turn|8\n|\n|t:|1699576373\n|move|p1a: Gardevoir|Hyper Voice|p2a: Rotom\n|-damage|p2a: Rotom|0 fnt\n|faint|p2a: Rotom\n|\n|upkeep\n|\n|t:|1699576376\n|switch|p2a: Tapu Koko|Tapu Koko|100\/100\n|-fieldstart|move: Electric Terrain|[from] ability: Electric Surge|[of] p2a: Tapu Koko\n|turn|9\n|\n|t:|1699576389\n|move|p2a: Tapu Koko|Thunderbolt|p1a: Gardevoir\n|-damage|p1a: Gardevoir|59\/100\n|move|p1a: Gardevoir|Wish|p1a: Gardevoir\n|\n|upkeep\n|turn|10\n|\n|t:|1699576407\n|move|p2a: Tapu Koko|Thunderbolt|p1a: Gardevoir\n|-damage|p1a: Gardevoir|18\/100\n|-status|p1a: Gardevoir|par\n|cant|p1a: Gardevoir|par\n|\n|-heal|p1a: Gardevoir|68\/100 par|[from] move: Wish|[wisher] Gardevoir\n|upkeep\n|turn|11\n|\n|t:|1699576414\n|move|p2a: Tapu Koko|Thunderbolt|p1a: Gardevoir\n|-damage|p1a: Gardevoir|28\/100 par\n|move|p1a: Gardevoir|Wish|p1a: Gardevoir\n|\n|upkeep\n|turn|12\n|\n|t:|1699576431\n|switch|p1a: Aerodactyl|Aerodactyl, F|100\/100\n|move|p2a: Tapu Koko|Thunderbolt|p1a: Aerodactyl\n|-supereffective|p1a: Aerodactyl\n|-damage|p1a: Aerodactyl|0 fnt\n|faint|p1a: Aerodactyl\n|\n|upkeep\n|\n|t:|1699576436\n|switch|p1a: Rotom|Rotom-Wash|100\/100\n|turn|13\n|\n|t:|1699576441\n|-zpower|p2a: Tapu Koko\n|move|p2a: Tapu Koko|Guardian of Alola|p1a: Rotom|[zeffect]\n|-damage|p1a: Rotom|26\/100\n|move|p1a: Rotom|Will-O-Wisp|p2a: Tapu Koko|[miss]\n|-miss|p1a: Rotom|p2a: Tapu Koko\n|\n|-heal|p1a: Rotom|32\/100|[from] item: Leftovers\n|-fieldend|move: Electric Terrain\n|upkeep\n|turn|14\n|\n|t:|1699576451\n|move|p2a: Tapu Koko|Volt Switch|p1a: Rotom\n|-damage|p1a: Rotom|0 fnt\n|faint|p1a: Rotom\n|\n|t:|1699576455\n|switch|p2a: Iron Hands|Iron Hands|100\/100|[from] Volt Switch\n|\n|upkeep\n|\n|t:|1699576459\n|switch|p1a: Infernape|Infernape, F|100\/100\n|turn|15\n|\n|t:|1699576464\n|move|p2a: Iron Hands|Fake Out|p1a: Infernape\n|-damage|p1a: Infernape|73\/100\n|cant|p1a: Infernape|flinch\n|\n|upkeep\n|turn|16\n|\n|t:|1699576468\n|-end|p2a: Iron Hands|Quark Drive|[silent]\n|switch|p2a: Tapu Koko|Tapu Koko|100\/100\n|-fieldstart|move: Electric Terrain|[from] ability: Electric Surge|[of] p2a: Tapu Koko\n|move|p1a: Infernape|Swords Dance|p1a: Infernape\n|-boost|p1a: Infernape|atk|2\n|\n|upkeep\n|turn|17\n|\n|t:|1699576476\n|move|p2a: Tapu Koko|Thunderbolt|p1a: Infernape\n|-damage|p1a: Infernape|0 fnt\n|faint|p1a: Infernape\n|\n|upkeep\n|\n|t:|1699576479\n|switch|p1a: Gardevoir|Gardevoir-Mega, M|28\/100 par\n|turn|18\n|\n|t:|1699576482\n|move|p2a: Tapu Koko|Thunderbolt|p1a: Gardevoir\n|-damage|p1a: Gardevoir|0 fnt\n|faint|p1a: Gardevoir\n|\n|win|Maxer59\n|raw|qwerttyh's rating: 1202 &rarr; <strong>1176<\/strong><br \/>(-26 for losing)\n|raw|Maxer59's rating: 1187 &rarr; <strong>1213<\/strong><br \/>(+26 for winning)\n|l|\u2606qwerttyh\n","uploadtime":1699576489,"views":6,"p1id":"qwerttyh","p2id":"maxer59","formatid":"gen9nationaldex","rating":1176,"private":0,"password":""}