{"id":"gen9nationaldex-1998506253","p1":"imbwc","p2":"Shiesterrr","format":"[Gen 9] National Dex","log":"|html|<div class=\"broadcast-blue\"><strong>[Gen 9] National Dex is currently suspecting Sneasler! For information on how to participate check out the <a href=\"https:\/\/www.smogon.com\/forums\/threads\/sv-national-dex-suspect-8-just-dance.3731534\/\">suspect thread<\/a>.<\/strong><\/div>\n|j|\u2606imbwc\n|j|\u2606Shiesterrr\n|t:|1700950052\n|gametype|singles\n|player|p1|imbwc|poppy|1159\n|player|p2|Shiesterrr|ethan|1206\n|teamsize|p1|6\n|teamsize|p2|6\n|gen|9\n|tier|[Gen 9] National Dex\n|rated|\n|rule|HP Percentage Mod: HP is shown in percentages\n|rule|Endless Battle Clause: Forcing endless battles is banned\n|rule|OHKO Clause: OHKO moves are banned\n|rule|Evasion Clause: Evasion abilities, items, and moves are banned\n|rule|Evasion Abilities Clause: Evasion abilities are banned\n|rule|Evasion Items Clause: Evasion items are banned\n|rule|Evasion Moves Clause: Evasion moves are banned\n|rule|Species Clause: Limit one of each Pok\u00e9mon\n|rule|Sleep Clause Mod: Limit one foe put to sleep\n|clearpoke\n|poke|p1|Banette, M|\n|poke|p1|Oinkologne-F, F|\n|poke|p1|Darmanitan, F|\n|poke|p1|Hoopa-Unbound|\n|poke|p1|Stakataka|\n|poke|p1|Tornadus-Therian, M|\n|poke|p2|Medicham, F|\n|poke|p2|Ogerpon-Wellspring, F|\n|poke|p2|Slowking-Galar, M|\n|poke|p2|Clefable, M|\n|poke|p2|Heatran, M|\n|poke|p2|Landorus-Therian, M|\n|teampreview\n|j| mistahmerrikuu\n|j| TheStroker\n|j| Lonsol\n|j| kung fu pokechu\n|\n|t:|1700950087\n|start\n|switch|p1a: morpheo at home|Tornadus-Therian, M|100\/100\n|switch|p2a: Landorus|Landorus-Therian, M, shiny|100\/100\n|-ability|p2a: Landorus|Intimidate|boost\n|-unboost|p1a: morpheo at home|atk|1\n|turn|1\n|\n|t:|1700950090\n|move|p2a: Landorus|Stone Edge|p1a: morpheo at home\n|-supereffective|p1a: morpheo at home\n|-damage|p1a: morpheo at home|33\/100\n|move|p1a: morpheo at home|Hurricane|p2a: Landorus|[miss]\n|-miss|p1a: morpheo at home|p2a: Landorus\n|\n|upkeep\n|turn|2\n|\n|t:|1700950100\n|switch|p2a: Slowking|Slowking-Galar, M, shiny|100\/100\n|switch|p1a: morpheus|Stakataka|100\/100\n|-item|p1a: morpheus|Air Balloon\n|\n|upkeep\n|turn|3\n|\n|t:|1700950107\n|switch|p1a: 7 dix in hand|Hoopa-Unbound|100\/100\n|move|p2a: Slowking|Thunder Wave|p1a: 7 dix in hand\n|-status|p1a: 7 dix in hand|par\n|\n|upkeep\n|turn|4\n|inactive|Battle timer is ON: inactive players will automatically lose when time's up. (requested by imbwc)\n|\n|t:|1700950146\n|switch|p2a: Clefable|Clefable, M, shiny|100\/100\n|move|p1a: 7 dix in hand|Hyperspace Fury|p2a: Clefable\n|-resisted|p2a: Clefable\n|-crit|p2a: Clefable\n|-damage|p2a: Clefable|61\/100\n|-unboost|p1a: 7 dix in hand|def|1\n|\n|upkeep\n|turn|5\n|\n|t:|1700950159\n|switch|p1a: fartpig|Oinkologne-F, F|100\/100\n|move|p2a: Clefable|Knock Off|p1a: fartpig\n|-damage|p1a: fartpig|85\/100\n|-enditem|p1a: fartpig|Lansat Berry|[from] move: Knock Off|[of] p2a: Clefable\n|\n|upkeep\n|turn|6\n|\n|t:|1700950174\n|switch|p1a: free weedle|Banette, M|100\/100\n|switch|p2a: Landorus|Landorus-Therian, M, shiny|100\/100\n|-ability|p2a: Landorus|Intimidate|boost\n|-unboost|p1a: free weedle|atk|1\n|\n|upkeep\n|turn|7\n|\n|t:|1700950181\n|detailschange|p1a: free weedle|Banette-Mega, M\n|-mega|p1a: free weedle|Banette|Banettite\n|move|p1a: free weedle|Taunt|p2a: Landorus\n|-start|p2a: Landorus|move: Taunt\n|move|p2a: Landorus|U-turn|p1a: free weedle\n|-resisted|p1a: free weedle\n|-damage|p1a: free weedle|84\/100\n|\n|t:|1700950195\n|switch|p2a: Ogerpon|Ogerpon-Wellspring, F|100\/100|[from] U-turn\n|\n|upkeep\n|turn|8\n|\n|t:|1700950205\n|switch|p2a: Landorus|Landorus-Therian, M, shiny|100\/100\n|-ability|p2a: Landorus|Intimidate|boost\n|-unboost|p1a: free weedle|atk|1\n|move|p1a: free weedle|Taunt|p2a: Landorus\n|-start|p2a: Landorus|move: Taunt\n|\n|upkeep\n|turn|9\n|\n|t:|1700950212\n|switch|p1a: morpheo at home|Tornadus-Therian, M|66\/100\n|move|p2a: Landorus|Earthquake|p1a: morpheo at home\n|-immune|p1a: morpheo at home\n|\n|upkeep\n|turn|10\n|\n|t:|1700950218\n|switch|p2a: Slowking|Slowking-Galar, M, shiny|100\/100\n|move|p1a: morpheo at home|Knock Off|p2a: Slowking\n|-supereffective|p2a: Slowking\n|-damage|p2a: Slowking|72\/100\n|-enditem|p2a: Slowking|Heavy-Duty Boots|[from] move: Knock Off|[of] p1a: morpheo at home\n|\n|upkeep\n|turn|11\n|\n|t:|1700950225\n|move|p1a: morpheo at home|U-turn|p2a: Slowking\n|-damage|p2a: Slowking|62\/100\n|\n|t:|1700950230\n|switch|p1a: 7 dix in hand|Hoopa-Unbound|100\/100 par|[from] U-turn\n|move|p2a: Slowking|Chilly Reception|p2a: Slowking\n|-weather|Snow\n|\n|t:|1700950232\n|switch|p2a: Landorus|Landorus-Therian, M, shiny|100\/100|[from] Chilly Reception\n|-ability|p2a: Landorus|Intimidate|boost\n|-unboost|p1a: 7 dix in hand|atk|1\n|\n|-weather|Snow|[upkeep]\n|upkeep\n|turn|12\n|\n|t:|1700950236\n|switch|p1a: morpheo at home|Tornadus-Therian, M|99\/100\n|move|p2a: Landorus|U-turn|p1a: morpheo at home\n|-resisted|p1a: morpheo at home\n|-damage|p1a: morpheo at home|88\/100\n|\n|t:|1700950241\n|switch|p2a: Heatran|Heatran, M, shiny|100\/100|[from] U-turn\n|\n|-weather|Snow|[upkeep]\n|upkeep\n|turn|13\n|\n|t:|1700950246\n|move|p1a: morpheo at home|Knock Off|p2a: Heatran\n|-damage|p2a: Heatran|83\/100\n|-enditem|p2a: Heatran|Leftovers|[from] move: Knock Off|[of] p1a: morpheo at home\n|move|p2a: Heatran|Stealth Rock|p1a: morpheo at home\n|-sidestart|p1: imbwc|move: Stealth Rock\n|\n|-weather|Snow|[upkeep]\n|upkeep\n|turn|14\n|\n|t:|1700950253\n|move|p1a: morpheo at home|Defog|p2a: Heatran\n|-unboost|p2a: Heatran|evasion|1\n|-sideend|p1: imbwc|Stealth Rock|[from] move: Defog|[of] p1a: morpheo at home\n|move|p2a: Heatran|Magma Storm|p1a: morpheo at home|[miss]\n|-miss|p2a: Heatran|p1a: morpheo at home\n|\n|-weather|Snow|[upkeep]\n|upkeep\n|turn|15\n|\n|t:|1700950257\n|move|p1a: morpheo at home|U-turn|p2a: Heatran\n|-resisted|p2a: Heatran\n|-damage|p2a: Heatran|80\/100\n|\n|t:|1700950263\n|switch|p1a: 7 dix in hand|Hoopa-Unbound|100\/100 par|[from] U-turn\n|move|p2a: Heatran|Stealth Rock|p1a: 7 dix in hand\n|-sidestart|p1: imbwc|move: Stealth Rock\n|\n|-weather|none\n|upkeep\n|turn|16\n|\n|t:|1700950272\n|switch|p2a: Clefable|Clefable, M, shiny|61\/100\n|move|p1a: 7 dix in hand|Drain Punch|p2a: Clefable\n|-resisted|p2a: Clefable\n|-damage|p2a: Clefable|47\/100\n|-damage|p1a: 7 dix in hand|84\/100 par|[from] item: Rocky Helmet|[of] p2a: Clefable\n|\n|upkeep\n|turn|17\n|\n|t:|1700950283\n|move|p2a: Clefable|Soft-Boiled|p2a: Clefable\n|-heal|p2a: Clefable|97\/100\n|move|p1a: 7 dix in hand|Trick Room|p1a: 7 dix in hand\n|-fieldstart|move: Trick Room|[of] p1a: 7 dix in hand\n|-enditem|p1a: 7 dix in hand|Room Service\n|-unboost|p1a: 7 dix in hand|spe|1|[from] item: Room Service\n|\n|upkeep\n|turn|18\n|\n|t:|1700950287\n|move|p1a: 7 dix in hand|Zen Headbutt|p2a: Clefable\n|-damage|p2a: Clefable|58\/100\n|-damage|p1a: 7 dix in hand|68\/100 par|[from] item: Rocky Helmet|[of] p2a: Clefable\n|-item|p1a: 7 dix in hand|Rocky Helmet|[from] ability: Magician|[of] p2a: Clefable\n|cant|p2a: Clefable|flinch\n|\n|upkeep\n|turn|19\n|\n|t:|1700950294\n|move|p1a: 7 dix in hand|Zen Headbutt|p2a: Clefable|[miss]\n|-miss|p1a: 7 dix in hand|p2a: Clefable\n|move|p2a: Clefable|Moonblast|p1a: 7 dix in hand\n|-supereffective|p1a: 7 dix in hand\n|-damage|p1a: 7 dix in hand|21\/100 par\n|\n|upkeep\n|turn|20\n|\n|t:|1700950301\n|cant|p1a: 7 dix in hand|par\n|move|p2a: Clefable|Moonblast|p1a: 7 dix in hand\n|-supereffective|p1a: 7 dix in hand\n|-damage|p1a: 7 dix in hand|0 fnt\n|faint|p1a: 7 dix in hand\n|\n|upkeep\n|\n|t:|1700950310\n|switch|p1a: morpheus|Stakataka|100\/100\n|-damage|p1a: morpheus|94\/100|[from] Stealth Rock\n|-item|p1a: morpheus|Air Balloon\n|turn|21\n|\n|t:|1700950317\n|switch|p2a: Landorus|Landorus-Therian, M, shiny|100\/100\n|-ability|p2a: Landorus|Intimidate|boost\n|-unboost|p1a: morpheus|atk|1\n|move|p1a: morpheus|Stone Edge|p2a: Landorus|[miss]\n|-miss|p1a: morpheus|p2a: Landorus\n|\n|-fieldend|move: Trick Room\n|upkeep\n|turn|22\n|\n|t:|1700950330\n|switch|p1a: morpheo at home|Tornadus-Therian, M|100\/100\n|move|p2a: Landorus|U-turn|p1a: morpheo at home\n|-resisted|p1a: morpheo at home\n|-damage|p1a: morpheo at home|88\/100\n|\n|t:|1700950339\n|switch|p2a: Slowking|Slowking-Galar, M, shiny|96\/100|[from] U-turn\n|\n|upkeep\n|turn|23\n|\n|t:|1700950345\n|move|p1a: morpheo at home|Defog|p2a: Slowking\n|-unboost|p2a: Slowking|evasion|1\n|-sideend|p1: imbwc|Stealth Rock|[from] move: Defog|[of] p1a: morpheo at home\n|move|p2a: Slowking|Thunder Wave|p1a: morpheo at home\n|-status|p1a: morpheo at home|par\n|\n|upkeep\n|turn|24\n|\n|t:|1700950352\n|cant|p1a: morpheo at home|par\n|move|p2a: Slowking|Future Sight|p1a: morpheo at home\n|-start|p2a: Slowking|move: Future Sight\n|\n|upkeep\n|turn|25\n|\n|t:|1700950355\n|move|p1a: morpheo at home|U-turn|p2a: Slowking\n|-damage|p2a: Slowking|85\/100\n|\n|t:|1700950362\n|switch|p1a: free weedle|Banette-Mega, M|84\/100|[from] U-turn\n|move|p2a: Slowking|Chilly Reception|p2a: Slowking\n|-weather|Snow\n|\n|t:|1700950369\n|switch|p2a: Clefable|Clefable, M, shiny|58\/100|[from] Chilly Reception\n|\n|-weather|Snow|[upkeep]\n|upkeep\n|turn|26\n|\n|t:|1700950380\n|switch|p1a: morpheo at home|Tornadus-Therian, M|100\/100 par\n|switch|p2a: Landorus|Landorus-Therian, M, shiny|100\/100\n|-ability|p2a: Landorus|Intimidate|boost\n|-unboost|p1a: morpheo at home|atk|1\n|\n|-weather|Snow|[upkeep]\n|-end|p1a: morpheo at home|move: Future Sight\n|-damage|p1a: morpheo at home|56\/100 par\n|upkeep\n|turn|27\n|\n|t:|1700950388\n|switch|p1a: morpheus|Stakataka|94\/100\n|-item|p1a: morpheus|Air Balloon\n|move|p2a: Landorus|Stone Edge|p1a: morpheus\n|-resisted|p1a: morpheus\n|-damage|p1a: morpheus|85\/100\n|-enditem|p1a: morpheus|Air Balloon\n|\n|-weather|Snow|[upkeep]\n|upkeep\n|turn|28\n|\n|t:|1700950398\n|switch|p2a: Medicham|Medicham, F, shiny|100\/100\n|-terastallize|p1a: morpheus|Flying\n|move|p1a: morpheus|Trick Room|p1a: morpheus\n|-fieldstart|move: Trick Room|[of] p1a: morpheus\n|\n|-weather|Snow|[upkeep]\n|upkeep\n|turn|29\n|\n|t:|1700950401\n|detailschange|p2a: Medicham|Medicham-Mega, F, shiny\n|-mega|p2a: Medicham|Medicham|Medichamite\n|move|p2a: Medicham|Fake Out|p1a: morpheus\n|-damage|p1a: morpheus|72\/100\n|cant|p1a: morpheus|flinch\n|\n|-weather|none\n|upkeep\n|turn|30\n|\n|t:|1700950406\n|switch|p2a: Landorus|Landorus-Therian, M, shiny|100\/100\n|-ability|p2a: Landorus|Intimidate|boost\n|-unboost|p1a: morpheus|atk|1\n|move|p1a: morpheus|Gyro Ball|p2a: Landorus\n|-damage|p2a: Landorus|43\/100\n|\n|upkeep\n|turn|31\n|\n|t:|1700950412\n|switch|p2a: Heatran|Heatran, M, shiny|80\/100\n|move|p1a: morpheus|Gyro Ball|p2a: Heatran\n|-resisted|p2a: Heatran\n|-damage|p2a: Heatran|68\/100\n|\n|upkeep\n|turn|32\n|\n|t:|1700950425\n|switch|p1a: morbius|Darmanitan, F|100\/100\n|switch|p2a: Medicham|Medicham-Mega, F, shiny|100\/100\n|\n|-fieldend|move: Trick Room\n|upkeep\n|turn|33\n|\n|t:|1700950430\n|move|p2a: Medicham|Fake Out|p1a: morbius\n|-damage|p1a: morbius|65\/100\n|cant|p1a: morbius|flinch\n|\n|upkeep\n|turn|34\n|\n|t:|1700950435\n|move|p2a: Medicham|Close Combat|p1a: morbius\n|-damage|p1a: morbius|0 fnt\n|-unboost|p2a: Medicham|def|1\n|-unboost|p2a: Medicham|spd|1\n|faint|p1a: morbius\n|\n|upkeep\n|\n|t:|1700950440\n|switch|p1a: morpheo at home|Tornadus-Therian, M|89\/100 par\n|turn|35\n|\n|t:|1700950444\n|switch|p2a: Slowking|Slowking-Galar, M, shiny|100\/100\n|move|p1a: morpheo at home|Hurricane|p2a: Slowking|[miss]\n|-miss|p1a: morpheo at home|p2a: Slowking\n|\n|upkeep\n|turn|36\n|\n|t:|1700950447\n|move|p1a: morpheo at home|Hurricane|p2a: Slowking|[miss]\n|-miss|p1a: morpheo at home|p2a: Slowking\n|move|p2a: Slowking|Chilly Reception|p2a: Slowking\n|-weather|Snow\n|\n|t:|1700950450\n|switch|p2a: Landorus|Landorus-Therian, M, shiny|43\/100|[from] Chilly Reception\n|-ability|p2a: Landorus|Intimidate|boost\n|-unboost|p1a: morpheo at home|atk|1\n|\n|-weather|Snow|[upkeep]\n|upkeep\n|turn|37\n|\n|t:|1700950460\n|move|p2a: Landorus|Stone Edge|p1a: morpheo at home\n|-supereffective|p1a: morpheo at home\n|-damage|p1a: morpheo at home|22\/100 par\n|cant|p1a: morpheo at home|par\n|\n|-weather|Snow|[upkeep]\n|upkeep\n|turn|38\n|\n|t:|1700950469\n|switch|p1a: fartpig|Oinkologne-F, F|85\/100\n|move|p2a: Landorus|Stone Edge|p1a: fartpig\n|-crit|p1a: fartpig\n|-damage|p1a: fartpig|37\/100\n|\n|-weather|Snow|[upkeep]\n|upkeep\n|turn|39\n|\n|t:|1700950477\n|switch|p2a: Slowking|Slowking-Galar, M, shiny|100\/100\n|move|p1a: fartpig|Hyper Voice|p2a: Slowking\n|-damage|p2a: Slowking|75\/100\n|\n|-weather|Snow|[upkeep]\n|upkeep\n|turn|40\n|\n|t:|1700950483\n|move|p1a: fartpig|Earth Power|p2a: Slowking\n|-supereffective|p2a: Slowking\n|-damage|p2a: Slowking|43\/100\n|move|p2a: Slowking|Sludge Bomb|p1a: fartpig\n|-damage|p1a: fartpig|7\/100\n|\n|-weather|none\n|upkeep\n|turn|41\n|\n|t:|1700950490\n|switch|p2a: Landorus|Landorus-Therian, M, shiny|43\/100\n|-ability|p2a: Landorus|Intimidate|boost\n|-unboost|p1a: fartpig|atk|1\n|move|p1a: fartpig|Hyper Voice|p2a: Landorus\n|-damage|p2a: Landorus|6\/100\n|\n|upkeep\n|turn|42\n|\n|t:|1700950492\n|move|p2a: Landorus|U-turn|p1a: fartpig\n|-damage|p1a: fartpig|0 fnt\n|faint|p1a: fartpig\n|\n|t:|1700950501\n|switch|p2a: Slowking|Slowking-Galar, M, shiny|76\/100|[from] U-turn\n|\n|upkeep\n|\n|t:|1700950505\n|switch|p1a: free weedle|Banette-Mega, M|84\/100\n|turn|43\n|\n|t:|1700950517\n|-terastallize|p2a: Slowking|Steel\n|move|p1a: free weedle|Taunt|p2a: Slowking\n|-start|p2a: Slowking|move: Taunt\n|cant|p2a: Slowking|move: Taunt|Thunder Wave\n|\n|upkeep\n|turn|44\n|\n|t:|1700950525\n|switch|p1a: morpheo at home|Tornadus-Therian, M|55\/100 par\n|move|p2a: Slowking|Future Sight|p1a: morpheo at home\n|-start|p2a: Slowking|move: Future Sight\n|\n|upkeep\n|turn|45\n|l| kung fu pokechu\n|\n|t:|1700950530\n|switch|p2a: Heatran|Heatran, M, shiny|68\/100\n|move|p1a: morpheo at home|U-turn|p2a: Heatran\n|-resisted|p2a: Heatran\n|-damage|p2a: Heatran|65\/100\n|\n|t:|1700950535\n|switch|p1a: morpheus|Stakataka, tera:Flying|72\/100|[from] U-turn\n|\n|upkeep\n|turn|46\n|\n|t:|1700950541\n|move|p2a: Heatran|Magma Storm|p1a: morpheus|[miss]\n|-miss|p2a: Heatran|p1a: morpheus\n|move|p1a: morpheus|Stone Edge|p2a: Heatran|[miss]\n|-miss|p1a: morpheus|p2a: Heatran\n|\n|-end|p1a: morpheus|move: Future Sight\n|-damage|p1a: morpheus|24\/100\n|upkeep\n|turn|47\n|j| kung fu pokechu\n|\n|t:|1700950555\n|move|p2a: Heatran|Magma Storm|p1a: morpheus\n|-damage|p1a: morpheus|0 fnt\n|faint|p1a: morpheus\n|\n|upkeep\n|\n|t:|1700950559\n|switch|p1a: free weedle|Banette-Mega, M|84\/100\n|turn|48\n|\n|t:|1700950563\n|move|p1a: free weedle|Destiny Bond|p1a: free weedle\n|-singlemove|p1a: free weedle|Destiny Bond\n|move|p2a: Heatran|Magma Storm|p1a: free weedle\n|-damage|p1a: free weedle|24\/100\n|-activate|p1a: free weedle|move: Magma Storm|[of] p2a: Heatran\n|\n|-damage|p1a: free weedle|12\/100|[from] move: Magma Storm|[partiallytrapped]\n|upkeep\n|turn|49\n|\n|t:|1700950573\n|move|p1a: free weedle|Taunt|p2a: Heatran\n|-start|p2a: Heatran|move: Taunt\n|cant|p2a: Heatran|move: Taunt|Stealth Rock\n|\n|-damage|p1a: free weedle|0 fnt|[from] move: Magma Storm|[partiallytrapped]\n|faint|p1a: free weedle\n|upkeep\n|\n|t:|1700950577\n|switch|p1a: morpheo at home|Tornadus-Therian, M|88\/100 par\n|turn|50\n|\n|t:|1700950581\n|move|p2a: Heatran|Magma Storm|p1a: morpheo at home|[miss]\n|-miss|p2a: Heatran|p1a: morpheo at home\n|move|p1a: morpheo at home|Knock Off|p2a: Heatran\n|-damage|p2a: Heatran|54\/100\n|\n|upkeep\n|turn|51\n|\n|t:|1700950583\n|move|p2a: Heatran|Magma Storm|p1a: morpheo at home\n|-damage|p1a: morpheo at home|44\/100 par\n|-activate|p1a: morpheo at home|move: Magma Storm|[of] p2a: Heatran\n|cant|p1a: morpheo at home|par\n|\n|-damage|p1a: morpheo at home|32\/100 par|[from] move: Magma Storm|[partiallytrapped]\n|-end|p2a: Heatran|move: Taunt\n|upkeep\n|turn|52\n|\n|t:|1700950587\n|move|p2a: Heatran|Magma Storm|p1a: morpheo at home|[miss]\n|-miss|p2a: Heatran|p1a: morpheo at home\n|move|p1a: morpheo at home|Knock Off|p2a: Heatran\n|-damage|p2a: Heatran|42\/100\n|\n|-damage|p1a: morpheo at home|19\/100 par|[from] move: Magma Storm|[partiallytrapped]\n|upkeep\n|turn|53\n|\n|t:|1700950595\n|move|p2a: Heatran|Magma Storm|p1a: morpheo at home\n|-damage|p1a: morpheo at home|0 fnt\n|faint|p1a: morpheo at home\n|\n|win|Shiesterrr\n|raw|imbwc's rating: 1159 &rarr; <strong>1137<\/strong><br \/>(-22 for losing)\n|raw|Shiesterrr's rating: 1206 &rarr; <strong>1228<\/strong><br \/>(+22 for winning)\n|c|\u2606Shiesterrr|free\n|c|\u2606Shiesterrr|jajajaja\n|l| mistahmerrikuu\n|l|\u2606imbwc\n|l| TheStroker\n|l| kung fu pokechu\n|j| kung fu pokechu\n","uploadtime":1700950603,"views":11,"p1id":"imbwc","p2id":"shiesterrr","formatid":"gen9nationaldex","rating":1137,"private":0,"password":""}