{"id":"gen9nationaldex-1997554117","p1":"bazhujiadenvfen","p2":"Anhkiet","format":"[Gen 9] National Dex","log":"|html|<div class=\"broadcast-blue\"><strong>[Gen 9] National Dex is currently suspecting Sneasler! For information on how to participate check out the <a href=\"https:\/\/www.smogon.com\/forums\/threads\/sv-national-dex-suspect-8-just-dance.3731534\/\">suspect thread<\/a>.<\/strong><\/div>\n|j|\u2606bazhujiadenvfen\n|j|\u2606Anhkiet\n|t:|1700824629\n|gametype|singles\n|player|p1|bazhujiadenvfen|1|1655\n|player|p2|Anhkiet|1|1630\n|teamsize|p1|6\n|teamsize|p2|6\n|gen|9\n|tier|[Gen 9] National Dex\n|rated|\n|rule|HP Percentage Mod: HP is shown in percentages\n|rule|Endless Battle Clause: Forcing endless battles is banned\n|rule|OHKO Clause: OHKO moves are banned\n|rule|Evasion Clause: Evasion abilities, items, and moves are banned\n|rule|Evasion Abilities Clause: Evasion abilities are banned\n|rule|Evasion Items Clause: Evasion items are banned\n|rule|Evasion Moves Clause: Evasion moves are banned\n|rule|Species Clause: Limit one of each Pok\u00e9mon\n|rule|Sleep Clause Mod: Limit one foe put to sleep\n|clearpoke\n|poke|p1|Slowbro-Galar, M|\n|poke|p1|Zamazenta-*|\n|poke|p1|Rillaboom, F|\n|poke|p1|Torterra, M|\n|poke|p1|Samurott-Hisui, M|\n|poke|p1|Kommo-o, M|\n|poke|p2|Banette, M|\n|poke|p2|Polteageist-Antique|\n|poke|p2|Tapu Lele|\n|poke|p2|Pawmot, F|\n|poke|p2|Swellow, M|\n|poke|p2|Scizor, F|\n|teampreview\n|\n|t:|1700824637\n|start\n|switch|p1a: Rillaboom|Rillaboom, F|100\/100\n|switch|p2a: Scizor|Scizor, F|100\/100\n|-fieldstart|move: Grassy Terrain|[from] ability: Grassy Surge|[of] p1a: Rillaboom\n|turn|1\n|inactive|Battle timer is ON: inactive players will automatically lose when time's up. (requested by Anhkiet)\n|\n|t:|1700824644\n|move|p1a: Rillaboom|U-turn|p2a: Scizor\n|-resisted|p2a: Scizor\n|-damage|p2a: Scizor|86\/100\n|\n|t:|1700824652\n|switch|p1a: Zamazenta|Zamazenta|100\/100|[from] U-turn\n|-ability|p1a: Zamazenta|Dauntless Shield|boost\n|-boost|p1a: Zamazenta|def|1\n|move|p2a: Scizor|Swords Dance|p2a: Scizor\n|-boost|p2a: Scizor|atk|2\n|\n|-heal|p2a: Scizor|92\/100|[from] Grassy Terrain\n|upkeep\n|turn|2\n|\n|t:|1700824661\n|move|p2a: Scizor|Bullet Punch|p1a: Zamazenta\n|-damage|p1a: Zamazenta|45\/100\n|-damage|p2a: Scizor|82\/100|[from] item: Life Orb\n|move|p1a: Zamazenta|Close Combat|p2a: Scizor\n|-damage|p2a: Scizor|0 fnt\n|-unboost|p1a: Zamazenta|def|1\n|-unboost|p1a: Zamazenta|spd|1\n|faint|p2a: Scizor\n|\n|-heal|p1a: Zamazenta|51\/100|[from] Grassy Terrain\n|upkeep\n|\n|t:|1700824673\n|switch|p2a: Tapu Lele|Tapu Lele|100\/100\n|-fieldstart|move: Psychic Terrain|[from] ability: Psychic Surge|[of] p2a: Tapu Lele\n|turn|3\n|\n|t:|1700824680\n|switch|p1a: Slowbro|Slowbro-Galar, M|100\/100\n|move|p2a: Tapu Lele|Future Sight|p1a: Slowbro\n|-start|p2a: Tapu Lele|move: Future Sight\n|\n|upkeep\n|turn|4\n|\n|t:|1700824688\n|switch|p2a: Banette|Banette, M|100\/100\n|-item|p1a: Slowbro|Slowbronite|[from] ability: Frisk|[of] p2a: Banette|[identify]\n|move|p1a: Slowbro|Shell Side Arm|p2a: Banette|[anim] Shell Side Arm Special\n|-resisted|p2a: Banette\n|-damage|p2a: Banette|77\/100\n|-hint|Special Shell Side Arm\n|\n|upkeep\n|turn|5\n|\n|t:|1700824700\n|detailschange|p2a: Banette|Banette-Mega, M\n|-mega|p2a: Banette|Banette|Banettite\n|detailschange|p1a: Slowbro|Slowbro-Mega, M\n|-mega|p1a: Slowbro|Slowbro|Slowbronite\n|move|p2a: Banette|Gunk Shot|p1a: Slowbro\n|-damage|p1a: Slowbro|79\/100\n|-status|p1a: Slowbro|psn\n|move|p1a: Slowbro|Iron Defense|p1a: Slowbro\n|-boost|p1a: Slowbro|def|2\n|\n|-end|p1a: Slowbro|move: Future Sight\n|-resisted|p1a: Slowbro\n|-damage|p1a: Slowbro|36\/100 psn\n|-damage|p1a: Slowbro|24\/100 psn|[from] psn\n|upkeep\n|turn|6\n|\n|t:|1700824714\n|move|p2a: Banette|Poltergeist|p1a: Slowbro\n|-activate|p1a: Slowbro|move: Poltergeist|Slowbronite\n|-supereffective|p1a: Slowbro\n|-damage|p1a: Slowbro|0 fnt\n|faint|p1a: Slowbro\n|\n|upkeep\n|\n|t:|1700824730\n|switch|p1a: Samurott|Samurott-Hisui, M|100\/100\n|turn|7\n|\n|t:|1700824738\n|move|p2a: Banette|Destiny Bond|p2a: Banette\n|-singlemove|p2a: Banette|Destiny Bond\n|move|p1a: Samurott|Ceaseless Edge|p2a: Banette\n|-supereffective|p2a: Banette\n|-damage|p2a: Banette|0 fnt\n|-sidestart|p2: Anhkiet|Spikes\n|faint|p2a: Banette\n|-activate|p2a: Banette|move: Destiny Bond\n|faint|p1a: Samurott\n|\n|-fieldend|move: Psychic Terrain\n|upkeep\n|inactive|Anhkiet has 120 seconds left.\n|\n|t:|1700824792\n|switch|p1a: Zamazenta|Zamazenta|51\/100\n|switch|p2a: Swellow|Swellow, M|100\/100\n|turn|8\n|\n|t:|1700824817\n|switch|p2a: Tapu Lele|Tapu Lele|100\/100\n|-damage|p2a: Tapu Lele|88\/100|[from] Spikes\n|-fieldstart|move: Psychic Terrain|[from] ability: Psychic Surge|[of] p2a: Tapu Lele\n|move|p1a: Zamazenta|Close Combat|p2a: Tapu Lele\n|-resisted|p2a: Tapu Lele\n|-damage|p2a: Tapu Lele|52\/100\n|-unboost|p1a: Zamazenta|def|1\n|-unboost|p1a: Zamazenta|spd|1\n|\n|upkeep\n|turn|9\n|inactive|Anhkiet has 90 seconds left.\n|inactive|bazhujiadenvfen has 120 seconds left.\n|inactive|Anhkiet has 60 seconds left.\n|\n|t:|1700824896\n|switch|p1a: Rillaboom|Rillaboom, F|100\/100\n|-fieldstart|move: Grassy Terrain|[from] ability: Grassy Surge|[of] p1a: Rillaboom\n|move|p2a: Tapu Lele|Moonblast|p1a: Rillaboom\n|-damage|p1a: Rillaboom|45\/100\n|\n|-heal|p2a: Tapu Lele|59\/100|[from] Grassy Terrain\n|-heal|p1a: Rillaboom|51\/100|[from] Grassy Terrain\n|upkeep\n|turn|10\n|j| Zerolyst\n|inactive|bazhujiadenvfen has 120 seconds left.\n|l| Zerolyst\n|\n|t:|1700824910\n|switch|p2a: Swellow|Swellow, M|100\/100\n|switch|p1a: Torterra|Torterra, M|100\/100\n|\n|upkeep\n|turn|11\n|inactive|bazhujiadenvfen has 120 seconds left.\n|\n|t:|1700824927\n|move|p2a: Swellow|Hurricane|p1a: Torterra\n|-supereffective|p1a: Torterra\n|-damage|p1a: Torterra|0 fnt\n|faint|p1a: Torterra\n|\n|upkeep\n|inactive|bazhujiadenvfen has 120 seconds left.\n|\n|t:|1700824933\n|switch|p1a: Zamazenta|Zamazenta|51\/100\n|turn|12\n|j| hainiumm\n|inactive|Anhkiet has 30 seconds left.\n|\n|t:|1700824962\n|switch|p2a: Polteageist|Polteageist-Antique|100\/100\n|-damage|p2a: Polteageist|88\/100|[from] Spikes\n|move|p1a: Zamazenta|Iron Tail|p2a: Polteageist\n|-damage|p2a: Polteageist|0 fnt\n|faint|p2a: Polteageist\n|\n|-heal|p1a: Zamazenta|57\/100|[from] Grassy Terrain\n|upkeep\n|\n|t:|1700824966\n|switch|p2a: Pawmot|Pawmot, F|100\/100\n|-damage|p2a: Pawmot|88\/100|[from] Spikes\n|turn|13\n|\n|t:|1700824977\n|switch|p1a: Kommo-o|Kommo-o, M|100\/100\n|move|p2a: Pawmot|Nuzzle|p1a: Kommo-o\n|-resisted|p1a: Kommo-o\n|-damage|p1a: Kommo-o|96\/100\n|-status|p1a: Kommo-o|par\n|\n|-heal|p2a: Pawmot|94\/100|[from] Grassy Terrain\n|-heal|p1a: Kommo-o|100\/100 par|[from] Grassy Terrain\n|upkeep\n|turn|14\n|\n|t:|1700824987\n|move|p2a: Pawmot|Revival Blessing|p2a: Pawmot\n|-enditem|p2a: Pawmot|Leppa Berry|[eat]\n|-activate|p2a: Pawmot|item: Leppa Berry|Revival Blessing|[consumed]\n|\n|t:|1700824990\n|-heal|p2: Scizor|50\/100|[from] move: Revival Blessing\n|-zpower|p1a: Kommo-o\n|move|p1a: Kommo-o|Clangorous Soulblaze|p2a: Pawmot|[zeffect]\n|-damage|p2a: Pawmot|0 fnt\n|faint|p2a: Pawmot\n|-boost|p1a: Kommo-o|atk|1\n|-boost|p1a: Kommo-o|def|1\n|-boost|p1a: Kommo-o|spa|1\n|-boost|p1a: Kommo-o|spd|1\n|-boost|p1a: Kommo-o|spe|1\n|\n|upkeep\n|\n|t:|1700824996\n|switch|p2a: Tapu Lele|Tapu Lele|59\/100\n|-damage|p2a: Tapu Lele|46\/100|[from] Spikes\n|-fieldstart|move: Psychic Terrain|[from] ability: Psychic Surge|[of] p2a: Tapu Lele\n|turn|15\n|\n|t:|1700825007\n|move|p2a: Tapu Lele|Moonblast|p1a: Kommo-o\n|-supereffective|p1a: Kommo-o\n|-damage|p1a: Kommo-o|0 fnt\n|faint|p1a: Kommo-o\n|\n|upkeep\n|\n|t:|1700825012\n|switch|p1a: Rillaboom|Rillaboom, F|51\/100\n|-fieldstart|move: Grassy Terrain|[from] ability: Grassy Surge|[of] p1a: Rillaboom\n|turn|16\n|\n|t:|1700825019\n|switch|p2a: Scizor|Scizor, F|50\/100\n|-damage|p2a: Scizor|38\/100|[from] Spikes\n|move|p1a: Rillaboom|U-turn|p2a: Scizor\n|-resisted|p2a: Scizor\n|-damage|p2a: Scizor|24\/100\n|\n|t:|1700825025\n|switch|p1a: Zamazenta|Zamazenta|57\/100|[from] U-turn\n|\n|-heal|p1a: Zamazenta|63\/100|[from] Grassy Terrain\n|-heal|p2a: Scizor|30\/100|[from] Grassy Terrain\n|upkeep\n|turn|17\n|\n|t:|1700825036\n|-terastallize|p2a: Scizor|Steel\n|move|p2a: Scizor|Bullet Punch|p1a: Zamazenta\n|-damage|p1a: Zamazenta|10\/100\n|-damage|p2a: Scizor|20\/100|[from] item: Life Orb\n|move|p1a: Zamazenta|Crunch|p2a: Scizor\n|-damage|p2a: Scizor|0 fnt\n|faint|p2a: Scizor\n|\n|-heal|p1a: Zamazenta|16\/100|[from] Grassy Terrain\n|upkeep\n|\n|t:|1700825044\n|switch|p2a: Swellow|Swellow, M|100\/100\n|turn|18\n|\n|t:|1700825047\n|move|p2a: Swellow|Boomburst|p1a: Zamazenta\n|-damage|p1a: Zamazenta|0 fnt\n|faint|p1a: Zamazenta\n|\n|upkeep\n|\n|t:|1700825053\n|switch|p1a: Rillaboom|Rillaboom, F|51\/100\n|turn|19\n|\n|t:|1700825061\n|-terastallize|p1a: Rillaboom|Rock\n|move|p2a: Swellow|Boomburst|p1a: Rillaboom\n|-resisted|p1a: Rillaboom\n|-damage|p1a: Rillaboom|6\/100\n|move|p1a: Rillaboom|Tera Blast|p2a: Swellow|[anim] Tera Blast Rock\n|-supereffective|p2a: Swellow\n|-damage|p2a: Swellow|0 fnt\n|faint|p2a: Swellow\n|\n|-heal|p1a: Rillaboom|12\/100|[from] Grassy Terrain\n|upkeep\n|\n|t:|1700825065\n|switch|p2a: Tapu Lele|Tapu Lele|46\/100\n|-damage|p2a: Tapu Lele|34\/100|[from] Spikes\n|-fieldstart|move: Psychic Terrain|[from] ability: Psychic Surge|[of] p2a: Tapu Lele\n|turn|20\n|inactive|bazhujiadenvfen has 120 seconds left.\n|\n|t:|1700825117\n|move|p2a: Tapu Lele|Psyshock|p1a: Rillaboom\n|-damage|p1a: Rillaboom|0 fnt\n|faint|p1a: Rillaboom\n|\n|win|Anhkiet\n|raw|bazhujiadenvfen's rating: 1655 &rarr; <strong>1634<\/strong><br \/>(-21 for losing)\n|raw|Anhkiet's rating: 1630 &rarr; <strong>1651<\/strong><br \/>(+21 for winning)\n|l| hainiumm\n|l|\u2606bazhujiadenvfen\n","uploadtime":1700825127,"views":10,"p1id":"bazhujiadenvfen","p2id":"anhkiet","formatid":"gen9nationaldex","rating":1634,"private":0,"password":""}