{"id":"gen9nationaldex-1996064821","p1":"meizhishi","p2":"DJRRRR","format":"[Gen 9] National Dex","log":"|html|<div class=\"broadcast-blue\"><strong>[Gen 9] National Dex is currently suspecting Sneasler! For information on how to participate check out the <a href=\"https:\/\/www.smogon.com\/forums\/threads\/sv-national-dex-suspect-8-just-dance.3731534\/\">suspect thread<\/a>.<\/strong><\/div>\n|j|\u2606meizhishi\n|j|\u2606DJRRRR\n|t:|1700638173\n|gametype|singles\n|player|p1|meizhishi|169|1397\n|player|p2|DJRRRR|102|1421\n|teamsize|p1|6\n|teamsize|p2|6\n|gen|9\n|tier|[Gen 9] National Dex\n|rated|\n|rule|HP Percentage Mod: HP is shown in percentages\n|rule|Endless Battle Clause: Forcing endless battles is banned\n|rule|OHKO Clause: OHKO moves are banned\n|rule|Evasion Clause: Evasion abilities, items, and moves are banned\n|rule|Evasion Abilities Clause: Evasion abilities are banned\n|rule|Evasion Items Clause: Evasion items are banned\n|rule|Evasion Moves Clause: Evasion moves are banned\n|rule|Species Clause: Limit one of each Pok\u00e9mon\n|rule|Sleep Clause Mod: Limit one foe put to sleep\n|clearpoke\n|poke|p1|Tapu Lele|\n|poke|p1|Sneasler, M|\n|poke|p1|Ting-Lu|\n|poke|p1|Volcarona, M|\n|poke|p1|Urshifu-*, M|\n|poke|p1|Tornadus-Therian, M|\n|poke|p2|Banette, M|\n|poke|p2|Dragonite, F|\n|poke|p2|Tapu Koko|\n|poke|p2|Iron Valiant|\n|poke|p2|Rillaboom, F|\n|poke|p2|Greninja-*, M|\n|teampreview\n|inactive|Battle timer is ON: inactive players will automatically lose when time's up. (requested by DJRRRR)\n|\n|t:|1700638185\n|start\n|switch|p1a: Urshifu|Urshifu-Rapid-Strike, M|100\/100\n|switch|p2a: Banette|Banette, M|100\/100\n|turn|1\n|\n|t:|1700638193\n|switch|p1a: Volcarona|Volcarona, M|100\/100\n|switch|p2a: Rillaboom|Rillaboom, F|100\/100\n|-fieldstart|move: Grassy Terrain|[from] ability: Grassy Surge|[of] p2a: Rillaboom\n|\n|upkeep\n|turn|2\n|\n|t:|1700638201\n|switch|p2a: Dragonite|Dragonite, F|100\/100\n|move|p1a: Volcarona|Fiery Dance|p2a: Dragonite\n|-resisted|p2a: Dragonite\n|-damage|p2a: Dragonite|94\/100\n|-boost|p1a: Volcarona|spa|1\n|\n|upkeep\n|turn|3\n|\n|t:|1700638216\n|switch|p1a: Ting-Lu|Ting-Lu|100\/100\n|-ability|p1a: Ting-Lu|Vessel of Ruin\n|move|p2a: Dragonite|Earthquake|p1a: Ting-Lu\n|-damage|p1a: Ting-Lu|90\/100\n|\n|-heal|p1a: Ting-Lu|97\/100|[from] Grassy Terrain\n|-heal|p1a: Ting-Lu|100\/100|[from] item: Leftovers\n|upkeep\n|turn|4\n|\n|t:|1700638222\n|switch|p2a: Iron Valiant|Iron Valiant|100\/100\n|move|p1a: Ting-Lu|Stealth Rock|p2a: Iron Valiant\n|-sidestart|p2: DJRRRR|move: Stealth Rock\n|\n|upkeep\n|turn|5\n|\n|t:|1700638238\n|-end|p2a: Iron Valiant|Quark Drive|[silent]\n|switch|p2a: Tapu Koko|Tapu Koko|100\/100\n|-damage|p2a: Tapu Koko|88\/100|[from] Stealth Rock\n|-fieldstart|move: Electric Terrain|[from] ability: Electric Surge|[of] p2a: Tapu Koko\n|move|p1a: Ting-Lu|Ruination|p2a: Tapu Koko\n|-damage|p2a: Tapu Koko|44\/100\n|\n|upkeep\n|turn|6\n|\n|t:|1700638247\n|switch|p2a: Iron Valiant|Iron Valiant|100\/100\n|-damage|p2a: Iron Valiant|94\/100|[from] Stealth Rock\n|-activate|p2a: Iron Valiant|ability: Quark Drive\n|-start|p2a: Iron Valiant|quarkdrivespe\n|move|p1a: Ting-Lu|Ruination|p2a: Iron Valiant\n|-damage|p2a: Iron Valiant|48\/100\n|\n|upkeep\n|turn|7\n|\n|t:|1700638257\n|move|p2a: Iron Valiant|Swords Dance|p2a: Iron Valiant\n|-boost|p2a: Iron Valiant|atk|2\n|move|p1a: Ting-Lu|Earthquake|p2a: Iron Valiant\n|-damage|p2a: Iron Valiant|2\/100\n|\n|upkeep\n|turn|8\n|\n|t:|1700638268\n|move|p2a: Iron Valiant|Spirit Break|p1a: Ting-Lu\n|-supereffective|p1a: Ting-Lu\n|-damage|p1a: Ting-Lu|0 fnt\n|faint|p1a: Ting-Lu\n|-damage|p2a: Iron Valiant|0 fnt|[from] item: Life Orb\n|faint|p2a: Iron Valiant\n|-end|p2a: Iron Valiant|Quark Drive|[silent]\n|\n|upkeep\n|\n|t:|1700638282\n|switch|p2a: Tapu Koko|Tapu Koko|44\/100\n|switch|p1a: Tornadus|Tornadus-Therian, M|100\/100\n|-damage|p2a: Tapu Koko|32\/100|[from] Stealth Rock\n|turn|9\n|\n|t:|1700638296\n|switch|p1a: Tapu Lele|Tapu Lele|100\/100\n|-fieldstart|move: Psychic Terrain|[from] ability: Psychic Surge|[of] p1a: Tapu Lele\n|move|p2a: Tapu Koko|Volt Switch|p1a: Tapu Lele\n|-damage|p1a: Tapu Lele|50\/100\n|\n|t:|1700638302\n|switch|p2a: Rillaboom|Rillaboom, F|100\/100|[from] Volt Switch\n|-damage|p2a: Rillaboom|88\/100|[from] Stealth Rock\n|-fieldstart|move: Grassy Terrain|[from] ability: Grassy Surge|[of] p2a: Rillaboom\n|\n|-heal|p1a: Tapu Lele|57\/100|[from] Grassy Terrain\n|-heal|p2a: Rillaboom|94\/100|[from] Grassy Terrain\n|upkeep\n|turn|10\n|\n|t:|1700638305\n|switch|p1a: Volcarona|Volcarona, M|100\/100\n|move|p2a: Rillaboom|U-turn|p1a: Volcarona\n|-resisted|p1a: Volcarona\n|-damage|p1a: Volcarona|80\/100\n|\n|t:|1700638311\n|switch|p2a: Dragonite|Dragonite, F|94\/100|[from] U-turn\n|\n|-heal|p1a: Volcarona|86\/100|[from] Grassy Terrain\n|upkeep\n|turn|11\n|\n|t:|1700638319\n|switch|p1a: Tornadus|Tornadus-Therian, M|100\/100\n|move|p2a: Dragonite|Curse|p2a: Dragonite\n|-unboost|p2a: Dragonite|spe|1\n|-boost|p2a: Dragonite|atk|1\n|-boost|p2a: Dragonite|def|1\n|\n|upkeep\n|turn|12\n|\n|t:|1700638324\n|move|p1a: Tornadus|Knock Off|p2a: Dragonite\n|-damage|p2a: Dragonite|81\/100\n|-enditem|p2a: Dragonite|Heavy-Duty Boots|[from] move: Knock Off|[of] p1a: Tornadus\n|move|p2a: Dragonite|Curse|p2a: Dragonite\n|-unboost|p2a: Dragonite|spe|1\n|-boost|p2a: Dragonite|atk|1\n|-boost|p2a: Dragonite|def|1\n|\n|upkeep\n|turn|13\n|\n|t:|1700638330\n|move|p1a: Tornadus|U-turn|p2a: Dragonite\n|-resisted|p2a: Dragonite\n|-damage|p2a: Dragonite|78\/100\n|\n|t:|1700638335\n|switch|p1a: Volcarona|Volcarona, M|86\/100|[from] U-turn\n|move|p2a: Dragonite|Curse|p2a: Dragonite\n|-unboost|p2a: Dragonite|spe|1\n|-boost|p2a: Dragonite|atk|1\n|-boost|p2a: Dragonite|def|1\n|\n|-heal|p1a: Volcarona|92\/100|[from] Grassy Terrain\n|-fieldend|move: Grassy Terrain\n|upkeep\n|turn|14\n|\n|t:|1700638344\n|switch|p1a: Tapu Lele|Tapu Lele|57\/100\n|-fieldstart|move: Psychic Terrain|[from] ability: Psychic Surge|[of] p1a: Tapu Lele\n|move|p2a: Dragonite|Roost|p2a: Dragonite\n|-heal|p2a: Dragonite|100\/100\n|-singleturn|p2a: Dragonite|move: Roost\n|\n|upkeep\n|turn|15\n|\n|t:|1700638358\n|-terastallize|p2a: Dragonite|Normal\n|-zpower|p1a: Tapu Lele\n|move|p1a: Tapu Lele|Shattered Psyche|p2a: Dragonite|[zeffect]\n|-damage|p2a: Dragonite|45\/100\n|move|p2a: Dragonite|Roost|p2a: Dragonite\n|-heal|p2a: Dragonite|95\/100\n|\n|upkeep\n|turn|16\n|\n|t:|1700638366\n|move|p1a: Tapu Lele|Psychic|p2a: Dragonite\n|-damage|p2a: Dragonite|41\/100\n|move|p2a: Dragonite|Roost|p2a: Dragonite\n|-heal|p2a: Dragonite|91\/100\n|\n|upkeep\n|turn|17\n|\n|t:|1700638369\n|move|p1a: Tapu Lele|Psychic|p2a: Dragonite\n|-damage|p2a: Dragonite|41\/100\n|move|p2a: Dragonite|Roost|p2a: Dragonite\n|-heal|p2a: Dragonite|91\/100\n|\n|upkeep\n|turn|18\n|\n|t:|1700638373\n|move|p1a: Tapu Lele|Psychic|p2a: Dragonite\n|-damage|p2a: Dragonite|36\/100\n|move|p2a: Dragonite|Roost|p2a: Dragonite\n|-heal|p2a: Dragonite|86\/100\n|\n|-fieldend|move: Psychic Terrain\n|upkeep\n|turn|19\n|\n|t:|1700638401\n|switch|p1a: Volcarona|Volcarona, M|92\/100\n|move|p2a: Dragonite|Roost|p2a: Dragonite\n|-heal|p2a: Dragonite|100\/100\n|\n|upkeep\n|turn|20\n|\n|t:|1700638408\n|move|p1a: Volcarona|Fiery Dance|p2a: Dragonite\n|-damage|p2a: Dragonite|85\/100\n|-boost|p1a: Volcarona|spa|1\n|move|p2a: Dragonite|Curse|p2a: Dragonite\n|-unboost|p2a: Dragonite|spe|1\n|-boost|p2a: Dragonite|atk|1\n|-boost|p2a: Dragonite|def|1\n|\n|upkeep\n|turn|21\n|\n|t:|1700638422\n|move|p2a: Dragonite|Extreme Speed|p1a: Volcarona\n|-damage|p1a: Volcarona|0 fnt\n|faint|p1a: Volcarona\n|\n|upkeep\n|\n|t:|1700638426\n|switch|p1a: Tapu Lele|Tapu Lele|57\/100\n|-fieldstart|move: Psychic Terrain|[from] ability: Psychic Surge|[of] p1a: Tapu Lele\n|turn|22\n|\n|t:|1700638433\n|move|p1a: Tapu Lele|Psychic|p2a: Dragonite\n|-damage|p2a: Dragonite|38\/100\n|move|p2a: Dragonite|Roost|p2a: Dragonite\n|-heal|p2a: Dragonite|88\/100\n|\n|upkeep\n|turn|23\n|\n|t:|1700638438\n|move|p1a: Tapu Lele|Psychic|p2a: Dragonite\n|-damage|p2a: Dragonite|40\/100\n|move|p2a: Dragonite|Earthquake|p1a: Tapu Lele\n|-damage|p1a: Tapu Lele|0 fnt\n|faint|p1a: Tapu Lele\n|\n|upkeep\n|\n|t:|1700638445\n|switch|p1a: Sneasler|Sneasler, M|100\/100\n|-enditem|p1a: Sneasler|Psychic Seed\n|-boost|p1a: Sneasler|spd|1|[from] item: Psychic Seed\n|turn|24\n|\n|t:|1700638450\n|-terastallize|p1a: Sneasler|Flying\n|move|p1a: Sneasler|Swords Dance|p1a: Sneasler\n|-boost|p1a: Sneasler|atk|2\n|move|p2a: Dragonite|Roost|p2a: Dragonite\n|-heal|p2a: Dragonite|90\/100\n|\n|upkeep\n|turn|25\n|\n|t:|1700638456\n|move|p2a: Dragonite|Extreme Speed|p1a: Sneasler\n|-hint|Psychic Terrain doesn't affect Pok\u00e9mon immune to Ground.\n|-damage|p1a: Sneasler|0 fnt\n|faint|p1a: Sneasler\n|\n|upkeep\n|-message|meizhishi forfeited.\n|\n|win|DJRRRR\n|raw|meizhishi's rating: 1397 &rarr; <strong>1378<\/strong><br \/>(-19 for losing)\n|raw|DJRRRR's rating: 1421 &rarr; <strong>1440<\/strong><br \/>(+19 for winning)\n","uploadtime":1700638464,"views":1,"p1id":"meizhishi","p2id":"djrrrr","formatid":"gen9nationaldex","rating":1378,"private":0,"password":""}