{"id":"gen9nationaldex-1991679073","p1":"Arnaenaed \u223e","p2":"DracoAxel","format":"[Gen 9] National Dex","log":"|j|\u2606Arnaenaed \u223e\n|j|\u2606DracoAxel\n|t:|1700101754\n|gametype|singles\n|player|p1|Arnaenaed \u223e|birdkeeper-gen3|\n|player|p2|DracoAxel|nate|\n|teamsize|p1|6\n|teamsize|p2|6\n|gen|9\n|tier|[Gen 9] National Dex\n|rule|HP Percentage Mod: HP is shown in percentages\n|rule|Endless Battle Clause: Forcing endless battles is banned\n|rule|OHKO Clause: OHKO moves are banned\n|rule|Evasion Clause: Evasion abilities, items, and moves are banned\n|rule|Evasion Abilities Clause: Evasion abilities are banned\n|rule|Evasion Items Clause: Evasion items are banned\n|rule|Evasion Moves Clause: Evasion moves are banned\n|rule|Species Clause: Limit one of each Pok\u00e9mon\n|rule|Sleep Clause Mod: Limit one foe put to sleep\n|clearpoke\n|poke|p1|Toxapex, F|\n|poke|p1|Mantine, M|\n|poke|p1|Dondozo, M|\n|poke|p1|Azumarill, F|\n|poke|p1|Gastrodon, F|\n|poke|p1|Lanturn, F|\n|poke|p2|Garchomp, F|\n|poke|p2|Volcarona, M|\n|poke|p2|Sneasler, F|\n|poke|p2|Serperior, M|\n|poke|p2|Urshifu-*, F|\n|poke|p2|Pinsir, F|\n|teampreview\n|j| jimmypurple3000\n|\n|t:|1700101969\n|start\n|switch|p1a: Gastrodon|Gastrodon, F|100\/100\n|switch|p2a: Pinsir|Pinsir, F|100\/100\n|turn|1\n|\n|t:|1700101982\n|detailschange|p2a: Pinsir|Pinsir-Mega, F\n|-mega|p2a: Pinsir|Pinsir|Pinsirite\n|move|p2a: Pinsir|Swords Dance|p2a: Pinsir\n|-boost|p2a: Pinsir|atk|2\n|move|p1a: Gastrodon|Stealth Rock|p2a: Pinsir\n|-sidestart|p2: DracoAxel|move: Stealth Rock\n|\n|upkeep\n|turn|2\n|\n|t:|1700101998\n|switch|p1a: Dondozo|Dondozo, M|100\/100\n|move|p2a: Pinsir|Double-Edge|p1a: Dondozo\n|-damage|p1a: Dondozo|62\/100\n|-damage|p2a: Pinsir|77\/100|[from] Recoil\n|\n|-heal|p1a: Dondozo|68\/100|[from] item: Leftovers\n|upkeep\n|turn|3\n|\n|t:|1700102016\n|switch|p2a: Serperior|Serperior, M|100\/100\n|-damage|p2a: Serperior|88\/100|[from] Stealth Rock\n|move|p1a: Dondozo|Curse|p1a: Dondozo\n|-unboost|p1a: Dondozo|spe|1\n|-boost|p1a: Dondozo|atk|1\n|-boost|p1a: Dondozo|def|1\n|\n|-heal|p1a: Dondozo|74\/100|[from] item: Leftovers\n|upkeep\n|turn|4\n|\n|t:|1700102022\n|switch|p1a: Azumarill|Azumarill, F|100\/100\n|move|p2a: Serperior|Leaf Storm|p1a: Azumarill\n|-ability|p1a: Azumarill|Sap Sipper|boost\n|-boost|p1a: Azumarill|atk|1\n|\n|upkeep\n|turn|5\n|\n|t:|1700102046\n|switch|p2a: Sneasler|Sneasler, F|100\/100\n|-damage|p2a: Sneasler|95\/100|[from] Stealth Rock\n|move|p1a: Azumarill|Whirlpool|p2a: Sneasler\n|-crit|p2a: Sneasler\n|-damage|p2a: Sneasler|77\/100\n|-activate|p2a: Sneasler|move: Whirlpool|[of] p1a: Azumarill\n|\n|-damage|p2a: Sneasler|65\/100|[from] move: Whirlpool|[partiallytrapped]\n|upkeep\n|turn|6\n|\n|t:|1700102056\n|switch|p1a: Toxapex|Toxapex, F|100\/100\n|move|p2a: Sneasler|Fake Out|p1a: Toxapex\n|-enditem|p2a: Sneasler|Normal Gem|[from] gem\n|-damage|p1a: Toxapex|85\/100\n|\n|-end|p2a: Sneasler|Whirlpool|[partiallytrapped]|[silent]\n|upkeep\n|turn|7\n|\n|t:|1700102063\n|move|p2a: Sneasler|Dire Claw|p1a: Toxapex\n|-resisted|p1a: Toxapex\n|-damage|p1a: Toxapex|68\/100\n|move|p1a: Toxapex|Toxic Spikes|p2a: Sneasler\n|-sidestart|p2: DracoAxel|move: Toxic Spikes\n|\n|upkeep\n|turn|8\n|\n|t:|1700102072\n|move|p2a: Sneasler|Dire Claw|p1a: Toxapex\n|-resisted|p1a: Toxapex\n|-damage|p1a: Toxapex|50\/100\n|move|p1a: Toxapex|Toxic Spikes|p2a: Sneasler\n|-sidestart|p2: DracoAxel|move: Toxic Spikes\n|\n|upkeep\n|turn|9\n|\n|t:|1700102076\n|move|p2a: Sneasler|Dire Claw|p1a: Toxapex\n|-resisted|p1a: Toxapex\n|-damage|p1a: Toxapex|35\/100\n|-status|p1a: Toxapex|slp\n|cant|p1a: Toxapex|slp\n|\n|upkeep\n|turn|10\n|\n|t:|1700102083\n|switch|p2a: Pinsir|Pinsir-Mega, F|77\/100\n|-damage|p2a: Pinsir|27\/100|[from] Stealth Rock\n|switch|p1a: Dondozo|Dondozo, M|74\/100\n|\n|-heal|p1a: Dondozo|80\/100|[from] item: Leftovers\n|upkeep\n|turn|11\n|\n|t:|1700102091\n|switch|p2a: Sneasler|Sneasler, F|65\/100\n|-damage|p2a: Sneasler|59\/100|[from] Stealth Rock\n|-sideend|p2: DracoAxel|move: Toxic Spikes|[of] p2a: Sneasler\n|move|p1a: Dondozo|Curse|p1a: Dondozo\n|-unboost|p1a: Dondozo|spe|1\n|-boost|p1a: Dondozo|atk|1\n|-boost|p1a: Dondozo|def|1\n|\n|-heal|p1a: Dondozo|86\/100|[from] item: Leftovers\n|upkeep\n|turn|12\n|\n|t:|1700102099\n|move|p2a: Sneasler|Dire Claw|p1a: Dondozo\n|-damage|p1a: Dondozo|73\/100\n|-status|p1a: Dondozo|psn\n|move|p1a: Dondozo|Curse|p1a: Dondozo\n|-unboost|p1a: Dondozo|spe|1\n|-boost|p1a: Dondozo|atk|1\n|-boost|p1a: Dondozo|def|1\n|\n|-heal|p1a: Dondozo|79\/100 psn|[from] item: Leftovers\n|-damage|p1a: Dondozo|67\/100 psn|[from] psn\n|upkeep\n|turn|13\n|\n|t:|1700102107\n|switch|p2a: Pinsir|Pinsir-Mega, F|27\/100\n|-damage|p2a: Pinsir|0 fnt|[from] Stealth Rock\n|faint|p2a: Pinsir\n|move|p1a: Dondozo|Rest|p1a: Dondozo\n|-status|p1a: Dondozo|slp|[from] move: Rest\n|-heal|p1a: Dondozo|100\/100 slp|[silent]\n|\n|upkeep\n|\n|t:|1700102116\n|switch|p2a: Serperior|Serperior, M|88\/100\n|-damage|p2a: Serperior|76\/100|[from] Stealth Rock\n|turn|14\n|\n|t:|1700102126\n|switch|p1a: Azumarill|Azumarill, F|100\/100\n|move|p2a: Serperior|Leaf Storm|p1a: Azumarill\n|-ability|p1a: Azumarill|Sap Sipper|boost\n|-boost|p1a: Azumarill|atk|1\n|\n|upkeep\n|turn|15\n|l| jimmypurple3000\n|\n|t:|1700102134\n|switch|p2a: Sneasler|Sneasler, F|59\/100\n|-damage|p2a: Sneasler|53\/100|[from] Stealth Rock\n|move|p1a: Azumarill|Whirlpool|p2a: Sneasler\n|-damage|p2a: Sneasler|42\/100\n|-activate|p2a: Sneasler|move: Whirlpool|[of] p1a: Azumarill\n|\n|-damage|p2a: Sneasler|30\/100|[from] move: Whirlpool|[partiallytrapped]\n|upkeep\n|turn|16\n|\n|t:|1700102144\n|switch|p1a: Toxapex|Toxapex, F|68\/100 slp\n|move|p2a: Sneasler|Fake Out|p1a: Toxapex\n|-damage|p1a: Toxapex|57\/100 slp\n|\n|-end|p2a: Sneasler|Whirlpool|[partiallytrapped]|[silent]\n|upkeep\n|turn|17\n|\n|t:|1700102151\n|switch|p2a: Garchomp|Garchomp, F|100\/100\n|-damage|p2a: Garchomp|94\/100|[from] Stealth Rock\n|switch|p1a: Dondozo|Dondozo, M|100\/100 slp\n|\n|upkeep\n|turn|18\n|\n|t:|1700102168\n|move|p2a: Garchomp|Iron Head|p1a: Dondozo\n|-resisted|p1a: Dondozo\n|-damage|p1a: Dondozo|94\/100 slp\n|cant|p1a: Dondozo|slp\n|cant|p1a: Dondozo|flinch\n|\n|-heal|p1a: Dondozo|99\/100 slp|[from] item: Leftovers\n|upkeep\n|turn|19\n|\n|t:|1700102183\n|switch|p2a: Serperior|Serperior, M|76\/100\n|-damage|p2a: Serperior|63\/100|[from] Stealth Rock\n|cant|p1a: Dondozo|slp\n|move|p1a: Dondozo|Sleep Talk|p1a: Dondozo\n|move|p1a: Dondozo|Curse|p1a: Dondozo|[from]move: Sleep Talk\n|-unboost|p1a: Dondozo|spe|1\n|-boost|p1a: Dondozo|atk|1\n|-boost|p1a: Dondozo|def|1\n|\n|-heal|p1a: Dondozo|100\/100 slp|[from] item: Leftovers\n|upkeep\n|turn|20\n|\n|t:|1700102192\n|switch|p2a: Garchomp|Garchomp, F|94\/100\n|-damage|p2a: Garchomp|88\/100|[from] Stealth Rock\n|switch|p1a: Azumarill|Azumarill, F|100\/100\n|\n|upkeep\n|turn|21\n|\n|t:|1700102202\n|switch|p1a: Lanturn|Lanturn, F|100\/100\n|move|p2a: Garchomp|Iron Head|p1a: Lanturn\n|-resisted|p1a: Lanturn\n|-damage|p1a: Lanturn|91\/100\n|\n|-heal|p1a: Lanturn|97\/100|[from] item: Leftovers\n|upkeep\n|turn|22\n|\n|t:|1700102215\n|switch|p2a: Volcarona|Volcarona, M|100\/100\n|-damage|p2a: Volcarona|51\/100|[from] Stealth Rock\n|move|p1a: Lanturn|Protect||[still]\n|-fail|p1a: Lanturn\n|\n|-heal|p1a: Lanturn|100\/100|[from] item: Leftovers\n|upkeep\n|turn|23\n|\n|t:|1700102229\n|move|p2a: Volcarona|Quiver Dance|p2a: Volcarona\n|-boost|p2a: Volcarona|spa|1\n|-boost|p2a: Volcarona|spd|1\n|-boost|p2a: Volcarona|spe|1\n|move|p1a: Lanturn|Toxic|p2a: Volcarona|[miss]\n|-miss|p1a: Lanturn|p2a: Volcarona\n|\n|upkeep\n|turn|24\n|\n|t:|1700102239\n|move|p2a: Volcarona|Bug Buzz|p1a: Lanturn\n|-damage|p1a: Lanturn|53\/100\n|move|p1a: Lanturn|Toxic|p2a: Volcarona|[miss]\n|-miss|p1a: Lanturn|p2a: Volcarona\n|\n|-heal|p1a: Lanturn|59\/100|[from] item: Leftovers\n|upkeep\n|turn|25\n|\n|t:|1700102255\n|move|p2a: Volcarona|Quiver Dance|p2a: Volcarona\n|-boost|p2a: Volcarona|spa|1\n|-boost|p2a: Volcarona|spd|1\n|-boost|p2a: Volcarona|spe|1\n|move|p1a: Lanturn|Toxic|p2a: Volcarona\n|-status|p2a: Volcarona|tox\n|\n|-heal|p1a: Lanturn|65\/100|[from] item: Leftovers\n|-damage|p2a: Volcarona|45\/100 tox|[from] psn\n|upkeep\n|turn|26\n|c|\u2606DracoAxel|Olvide ponerle botanas\n|\n|t:|1700102264\n|move|p1a: Lanturn|Protect|p1a: Lanturn\n|-singleturn|p1a: Lanturn|Protect\n|move|p2a: Volcarona|Bug Buzz|p1a: Lanturn\n|-activate|p1a: Lanturn|move: Protect\n|\n|-heal|p1a: Lanturn|71\/100|[from] item: Leftovers\n|-damage|p2a: Volcarona|32\/100 tox|[from] psn\n|upkeep\n|turn|27\n|\n|t:|1700102271\n|move|p2a: Volcarona|Bug Buzz|p1a: Lanturn\n|-damage|p1a: Lanturn|13\/100\n|move|p1a: Lanturn|Heal Bell|p1a: Lanturn\n|-activate|p1a: Lanturn|move: Heal Bell\n|-curestatus|p1: Dondozo|slp|[msg]\n|-curestatus|p1: Toxapex|slp|[msg]\n|\n|-heal|p1a: Lanturn|20\/100|[from] item: Leftovers\n|-damage|p2a: Volcarona|14\/100 tox|[from] psn\n|upkeep\n|turn|28\n|\n|t:|1700102281\n|move|p1a: Lanturn|Protect|p1a: Lanturn\n|-singleturn|p1a: Lanturn|Protect\n|move|p2a: Volcarona|Bug Buzz|p1a: Lanturn\n|-activate|p1a: Lanturn|move: Protect\n|\n|-heal|p1a: Lanturn|26\/100|[from] item: Leftovers\n|-damage|p2a: Volcarona|0 fnt|[from] psn\n|faint|p2a: Volcarona\n|upkeep\n|\n|t:|1700102294\n|switch|p2a: Urshifu|Urshifu-Rapid-Strike, F|100\/100\n|-damage|p2a: Urshifu|94\/100|[from] Stealth Rock\n|turn|29\n|\n|t:|1700102312\n|switch|p1a: Toxapex|Toxapex, F|90\/100\n|move|p2a: Urshifu|Close Combat|p1a: Toxapex\n|-resisted|p1a: Toxapex\n|-damage|p1a: Toxapex|57\/100\n|-unboost|p2a: Urshifu|def|1\n|-unboost|p2a: Urshifu|spd|1\n|\n|upkeep\n|turn|30\n|\n|t:|1700102320\n|move|p2a: Urshifu|Close Combat|p1a: Toxapex\n|-resisted|p1a: Toxapex\n|-damage|p1a: Toxapex|25\/100\n|-unboost|p2a: Urshifu|def|1\n|-unboost|p2a: Urshifu|spd|1\n|move|p1a: Toxapex|Scald|p2a: Urshifu\n|-resisted|p2a: Urshifu\n|-damage|p2a: Urshifu|68\/100\n|-status|p2a: Urshifu|brn\n|\n|-damage|p2a: Urshifu|62\/100 brn|[from] brn\n|upkeep\n|turn|31\n|\n|t:|1700102331\n|switch|p2a: Sneasler|Sneasler, F|30\/100\n|-damage|p2a: Sneasler|24\/100|[from] Stealth Rock\n|move|p1a: Toxapex|Recover|p1a: Toxapex\n|-heal|p1a: Toxapex|75\/100\n|\n|upkeep\n|turn|32\n|\n|t:|1700102335\n|move|p2a: Sneasler|Dire Claw|p1a: Toxapex\n|-resisted|p1a: Toxapex\n|-crit|p1a: Toxapex\n|-damage|p1a: Toxapex|50\/100\n|move|p1a: Toxapex|Scald|p2a: Sneasler\n|-damage|p2a: Sneasler|2\/100\n|\n|upkeep\n|turn|33\n|\n|t:|1700102342\n|move|p2a: Sneasler|Dire Claw|p1a: Toxapex\n|-resisted|p1a: Toxapex\n|-damage|p1a: Toxapex|33\/100\n|move|p1a: Toxapex|Recover|p1a: Toxapex\n|-heal|p1a: Toxapex|83\/100\n|\n|upkeep\n|turn|34\n|\n|t:|1700102345\n|move|p2a: Sneasler|Dire Claw|p1a: Toxapex\n|-resisted|p1a: Toxapex\n|-damage|p1a: Toxapex|68\/100\n|move|p1a: Toxapex|Scald|p2a: Sneasler\n|-damage|p2a: Sneasler|0 fnt\n|faint|p2a: Sneasler\n|\n|upkeep\n|\n|t:|1700102352\n|switch|p2a: Garchomp|Garchomp, F|88\/100\n|-damage|p2a: Garchomp|82\/100|[from] Stealth Rock\n|turn|35\n|\n|t:|1700102362\n|switch|p1a: Mantine|Mantine, M|100\/100\n|move|p2a: Garchomp|Poison Jab|p1a: Mantine\n|-damage|p1a: Mantine|64\/100\n|-status|p1a: Mantine|psn\n|\n|-damage|p1a: Mantine|52\/100 psn|[from] psn\n|upkeep\n|turn|36\n|\n|t:|1700102379\n|switch|p1a: Gastrodon|Gastrodon, F|100\/100\n|-terastallize|p2a: Garchomp|Steel\n|move|p2a: Garchomp|Poison Jab|p1a: Gastrodon\n|-resisted|p1a: Gastrodon\n|-damage|p1a: Gastrodon|90\/100\n|-status|p1a: Gastrodon|psn\n|\n|-heal|p1a: Gastrodon|96\/100 psn|[from] item: Leftovers\n|-damage|p1a: Gastrodon|84\/100 psn|[from] psn\n|upkeep\n|turn|37\n|\n|t:|1700102389\n|switch|p2a: Urshifu|Urshifu-Rapid-Strike, F|62\/100 brn\n|-damage|p2a: Urshifu|56\/100 brn|[from] Stealth Rock\n|move|p1a: Gastrodon|Earth Power|p2a: Urshifu\n|-damage|p2a: Urshifu|10\/100 brn\n|\n|-heal|p1a: Gastrodon|90\/100 psn|[from] item: Leftovers\n|-damage|p1a: Gastrodon|77\/100 psn|[from] psn\n|-damage|p2a: Urshifu|3\/100 brn|[from] brn\n|upkeep\n|turn|38\n|\n|t:|1700102401\n|move|p2a: Urshifu|Close Combat|p1a: Gastrodon\n|-damage|p1a: Gastrodon|40\/100 psn\n|-unboost|p2a: Urshifu|def|1\n|-unboost|p2a: Urshifu|spd|1\n|move|p1a: Gastrodon|Recover|p1a: Gastrodon\n|-heal|p1a: Gastrodon|90\/100 psn\n|\n|-heal|p1a: Gastrodon|96\/100 psn|[from] item: Leftovers\n|-damage|p1a: Gastrodon|84\/100 psn|[from] psn\n|-damage|p2a: Urshifu|0 fnt|[from] brn\n|faint|p2a: Urshifu\n|upkeep\n|\n|t:|1700102412\n|switch|p2a: Garchomp|Garchomp, F, tera:Steel|82\/100\n|-damage|p2a: Garchomp|76\/100|[from] Stealth Rock\n|turn|39\n|\n|t:|1700102421\n|move|p2a: Garchomp|Outrage|p1a: Gastrodon\n|-damage|p1a: Gastrodon|30\/100 psn\n|move|p1a: Gastrodon|Earth Power|p2a: Garchomp\n|-supereffective|p2a: Garchomp\n|-damage|p2a: Garchomp|18\/100\n|\n|-heal|p1a: Gastrodon|36\/100 psn|[from] item: Leftovers\n|-damage|p1a: Gastrodon|24\/100 psn|[from] psn\n|upkeep\n|turn|40\n|\n|t:|1700102435\n|switch|p1a: Azumarill|Azumarill, F|100\/100\n|move|p2a: Garchomp|Outrage|p1a: Azumarill|[from]lockedmove\n|-immune|p1a: Azumarill\n|-start|p2a: Garchomp|confusion|[fatigue]\n|\n|upkeep\n|turn|41\n|\n|t:|1700102443\n|switch|p2a: Serperior|Serperior, M|63\/100\n|-damage|p2a: Serperior|51\/100|[from] Stealth Rock\n|move|p1a: Azumarill|Whirlpool|p2a: Serperior\n|-resisted|p2a: Serperior\n|-damage|p2a: Serperior|46\/100\n|-activate|p2a: Serperior|move: Whirlpool|[of] p1a: Azumarill\n|\n|-damage|p2a: Serperior|33\/100|[from] move: Whirlpool|[partiallytrapped]\n|upkeep\n|turn|42\n|\n|t:|1700102454\n|move|p1a: Azumarill|Protect|p1a: Azumarill\n|-singleturn|p1a: Azumarill|Protect\n|move|p2a: Serperior|Synthesis|p2a: Serperior\n|-heal|p2a: Serperior|83\/100\n|\n|-damage|p2a: Serperior|71\/100|[from] move: Whirlpool|[partiallytrapped]\n|upkeep\n|turn|43\n|\n|t:|1700102464\n|move|p2a: Serperior|Synthesis|p2a: Serperior\n|-heal|p2a: Serperior|100\/100\n|move|p1a: Azumarill|Perish Song|p1a: Azumarill\n|-start|p1a: Azumarill|perish3|[silent]\n|-start|p2a: Serperior|perish3|[silent]\n|-fieldactivate|move: Perish Song\n|\n|-damage|p2a: Serperior|88\/100|[from] move: Whirlpool|[partiallytrapped]\n|-start|p2a: Serperior|perish3\n|-start|p1a: Azumarill|perish3\n|upkeep\n|turn|44\n|\n|t:|1700102472\n|move|p2a: Serperior|Synthesis|p2a: Serperior\n|-heal|p2a: Serperior|100\/100\n|move|p1a: Azumarill|Whirlpool|p2a: Serperior\n|-resisted|p2a: Serperior\n|-damage|p2a: Serperior|95\/100\n|\n|-damage|p2a: Serperior|83\/100|[from] move: Whirlpool|[partiallytrapped]\n|-start|p2a: Serperior|perish2\n|-start|p1a: Azumarill|perish2\n|upkeep\n|turn|45\n|\n|t:|1700102482\n|move|p1a: Azumarill|Protect|p1a: Azumarill\n|-singleturn|p1a: Azumarill|Protect\n|move|p2a: Serperior|Synthesis|p2a: Serperior\n|-heal|p2a: Serperior|100\/100\n|\n|-damage|p2a: Serperior|88\/100|[from] move: Whirlpool|[partiallytrapped]\n|-start|p2a: Serperior|perish1\n|-start|p1a: Azumarill|perish1\n|upkeep\n|turn|46\n|\n|t:|1700102492\n|switch|p1a: Mantine|Mantine, M|52\/100 psn\n|move|p2a: Serperior|Synthesis|p2a: Serperior\n|-heal|p2a: Serperior|100\/100\n|\n|-damage|p1a: Mantine|39\/100 psn|[from] psn\n|-end|p2a: Serperior|Whirlpool|[partiallytrapped]\n|-start|p2a: Serperior|perish0\n|upkeep\n|faint|p2a: Serperior\n|\n|t:|1700102496\n|switch|p2a: Garchomp|Garchomp, F, tera:Steel|18\/100\n|-damage|p2a: Garchomp|12\/100|[from] Stealth Rock\n|turn|47\n|\n|t:|1700102503\n|switch|p1a: Azumarill|Azumarill, F|100\/100\n|move|p2a: Garchomp|Iron Head|p1a: Azumarill\n|-damage|p1a: Azumarill|55\/100\n|\n|-heal|p1a: Azumarill|61\/100|[from] item: Leftovers\n|upkeep\n|turn|48\n|\n|t:|1700102511\n|move|p2a: Garchomp|Iron Head|p1a: Azumarill\n|-damage|p1a: Azumarill|14\/100\n|move|p1a: Azumarill|Whirlpool|p2a: Garchomp\n|-damage|p2a: Garchomp|2\/100\n|-activate|p2a: Garchomp|move: Whirlpool|[of] p1a: Azumarill\n|\n|-heal|p1a: Azumarill|20\/100|[from] item: Leftovers\n|-damage|p2a: Garchomp|0 fnt|[from] move: Whirlpool|[partiallytrapped]\n|faint|p2a: Garchomp\n|\n|win|Arnaenaed \u223e\n|upkeep\n|l|\u2606DracoAxel\n|j| s.daninja\n|l| s.daninja\n","uploadtime":1700102841,"views":4,"p1id":"arnaenaed","p2id":"dracoaxel","formatid":"gen9nationaldex","rating":0,"private":0,"password":""}