{"id":"gen9nationaldex-1996548437","p1":"MikazukiRex_","p2":"ekans812","format":"[Gen 9] National Dex","log":"|html|<div class=\"broadcast-blue\"><strong>[Gen 9] National Dex is currently suspecting Sneasler! For information on how to participate check out the <a href=\"https:\/\/www.smogon.com\/forums\/threads\/sv-national-dex-suspect-8-just-dance.3731534\/\">suspect thread<\/a>.<\/strong><\/div>\n|j|\u2606MikazukiRex_\n|j|\u2606ekans812\n|t:|1700693051\n|gametype|singles\n|player|p1|MikazukiRex_|ltsurge|1230\n|player|p2|ekans812|1|1291\n|teamsize|p1|6\n|teamsize|p2|6\n|gen|9\n|tier|[Gen 9] National Dex\n|rated|\n|rule|HP Percentage Mod: HP is shown in percentages\n|rule|Endless Battle Clause: Forcing endless battles is banned\n|rule|OHKO Clause: OHKO moves are banned\n|rule|Evasion Clause: Evasion abilities, items, and moves are banned\n|rule|Evasion Abilities Clause: Evasion abilities are banned\n|rule|Evasion Items Clause: Evasion items are banned\n|rule|Evasion Moves Clause: Evasion moves are banned\n|rule|Species Clause: Limit one of each Pok\u00e9mon\n|rule|Sleep Clause Mod: Limit one foe put to sleep\n|clearpoke\n|poke|p1|Arcanine-Hisui, F|\n|poke|p1|Slowking-Galar, M|\n|poke|p1|Great Tusk|\n|poke|p1|Hoopa-Unbound|\n|poke|p1|Ribombee, F|\n|poke|p1|Lopunny, F|\n|poke|p2|Regidrago|\n|poke|p2|Thundurus-Therian, M|\n|poke|p2|Ninetales-Alola, M|\n|poke|p2|Bisharp, F|\n|poke|p2|Tsareena, F|\n|poke|p2|Alomomola, F|\n|teampreview\n|\n|t:|1700693084\n|start\n|switch|p1a: Ribombee|Ribombee, F|100\/100\n|switch|p2a: Bisharp|Bisharp, F|100\/100\n|turn|1\n|\n|t:|1700693098\n|move|p1a: Ribombee|Dazzling Gleam|p2a: Bisharp\n|-damage|p2a: Bisharp|60\/100\n|move|p2a: Bisharp|Iron Head|p1a: Ribombee\n|-supereffective|p1a: Ribombee\n|-enditem|p1a: Ribombee|Focus Sash\n|-damage|p1a: Ribombee|1\/100\n|\n|upkeep\n|turn|2\n|\n|t:|1700693113\n|move|p2a: Bisharp|Sucker Punch|p1a: Ribombee\n|-resisted|p1a: Ribombee\n|-damage|p1a: Ribombee|0 fnt\n|faint|p1a: Ribombee\n|\n|upkeep\n|\n|t:|1700693137\n|switch|p1a: Arcanine|Arcanine-Hisui, F|100\/100\n|turn|3\n|\n|t:|1700693164\n|switch|p2a: Alomomola|Alomomola, F|100\/100\n|move|p1a: Arcanine|Head Smash|p2a: Alomomola\n|-damage|p2a: Alomomola|44\/100\n|-damage|p1a: Arcanine|84\/100|[from] item: Rocky Helmet|[of] p2a: Alomomola\n|\n|upkeep\n|turn|4\n|\n|t:|1700693177\n|move|p2a: Alomomola|Protect|p2a: Alomomola\n|-singleturn|p2a: Alomomola|Protect\n|move|p1a: Arcanine|Head Smash|p2a: Alomomola\n|-activate|p2a: Alomomola|move: Protect\n|\n|upkeep\n|turn|5\n|\n|t:|1700693229\n|switch|p2a: Bisharp|Bisharp, F|60\/100\n|move|p1a: Arcanine|Head Smash|p2a: Bisharp\n|-resisted|p2a: Bisharp\n|-damage|p2a: Bisharp|17\/100\n|\n|upkeep\n|turn|6\n|\n|t:|1700693238\n|switch|p1a: Lopunny|Lopunny, F|100\/100\n|move|p2a: Bisharp|Sucker Punch||[still]\n|-fail|p2a: Bisharp\n|\n|upkeep\n|turn|7\n|\n|t:|1700693247\n|detailschange|p1a: Lopunny|Lopunny-Mega, F\n|-mega|p1a: Lopunny|Lopunny|Lopunnite\n|move|p1a: Lopunny|Fake Out|p2a: Bisharp\n|-resisted|p2a: Bisharp\n|-damage|p2a: Bisharp|8\/100\n|cant|p2a: Bisharp|flinch\n|\n|upkeep\n|turn|8\n|\n|t:|1700693255\n|switch|p1a: Arcanine|Arcanine-Hisui, F|84\/100\n|move|p2a: Bisharp|Sucker Punch||[still]\n|-fail|p2a: Bisharp\n|\n|upkeep\n|turn|9\n|\n|t:|1700693260\n|move|p1a: Arcanine|Extreme Speed|p2a: Bisharp\n|-resisted|p2a: Bisharp\n|-damage|p2a: Bisharp|0 fnt\n|faint|p2a: Bisharp\n|\n|upkeep\n|\n|t:|1700693272\n|switch|p2a: Tsareena|Tsareena, F|100\/100\n|turn|10\n|\n|t:|1700693293\n|switch|p1a: Slowking|Slowking-Galar, M|100\/100\n|-terastallize|p2a: Tsareena|Ghost\n|move|p2a: Tsareena|Knock Off|p1a: Slowking\n|-supereffective|p1a: Slowking\n|-damage|p1a: Slowking|47\/100\n|-enditem|p1a: Slowking|Assault Vest|[from] move: Knock Off|[of] p2a: Tsareena\n|\n|upkeep\n|turn|11\n|\n|t:|1700693319\n|move|p2a: Tsareena|U-turn|p1a: Slowking\n|-damage|p1a: Slowking|26\/100\n|\n|t:|1700693323\n|switch|p2a: Ninetales|Ninetales-Alola, M|100\/100|[from] U-turn\n|-weather|Snow|[from] ability: Snow Warning|[of] p2a: Ninetales\n|move|p1a: Slowking|Future Sight|p2a: Ninetales\n|-start|p1a: Slowking|move: Future Sight\n|\n|-weather|Snow|[upkeep]\n|upkeep\n|turn|12\n|\n|t:|1700693331\n|move|p2a: Ninetales|Aurora Veil|p2a: Ninetales\n|-sidestart|p2: ekans812|move: Aurora Veil\n|move|p1a: Slowking|Flamethrower|p2a: Ninetales\n|-supereffective|p2a: Ninetales\n|-damage|p2a: Ninetales|70\/100\n|-status|p2a: Ninetales|brn\n|\n|-weather|Snow|[upkeep]\n|-damage|p2a: Ninetales|64\/100 brn|[from] brn\n|upkeep\n|turn|13\n|\n|t:|1700693343\n|switch|p2a: Regidrago|Regidrago|100\/100\n|move|p1a: Slowking|Sludge Bomb|p2a: Regidrago\n|-crit|p2a: Regidrago\n|-damage|p2a: Regidrago|22\/100\n|-status|p2a: Regidrago|psn\n|\n|-weather|Snow|[upkeep]\n|-end|p2a: Regidrago|move: Future Sight\n|-damage|p2a: Regidrago|0 fnt\n|faint|p2a: Regidrago\n|upkeep\n|\n|t:|1700693354\n|switch|p2a: Thundurus|Thundurus-Therian, M|100\/100\n|turn|14\n|\n|t:|1700693381\n|move|p2a: Thundurus|Thunderbolt|p1a: Slowking\n|-damage|p1a: Slowking|0 fnt\n|faint|p1a: Slowking\n|\n|-weather|Snow|[upkeep]\n|upkeep\n|\n|t:|1700693396\n|switch|p1a: Great Tusk|Great Tusk|100\/100\n|turn|15\n|\n|t:|1700693414\n|move|p2a: Thundurus|Nasty Plot|p2a: Thundurus\n|-boost|p2a: Thundurus|spa|2\n|move|p1a: Great Tusk|Ice Spinner|p2a: Thundurus\n|-supereffective|p2a: Thundurus\n|-damage|p2a: Thundurus|59\/100\n|\n|-weather|none\n|upkeep\n|turn|16\n|\n|t:|1700693423\n|move|p2a: Thundurus|Hidden Power|p1a: Great Tusk\n|-supereffective|p1a: Great Tusk\n|-damage|p1a: Great Tusk|0 fnt\n|faint|p1a: Great Tusk\n|-end|p1a: Great Tusk|Protosynthesis|[silent]\n|\n|upkeep\n|\n|t:|1700693434\n|switch|p1a: Arcanine|Arcanine-Hisui, F|84\/100\n|turn|17\n|\n|t:|1700693437\n|move|p1a: Arcanine|Extreme Speed|p2a: Thundurus\n|-damage|p2a: Thundurus|31\/100\n|move|p2a: Thundurus|Thunderbolt|p1a: Arcanine\n|-damage|p1a: Arcanine|0 fnt\n|faint|p1a: Arcanine\n|\n|upkeep\n|\n|t:|1700693444\n|switch|p1a: Lopunny|Lopunny-Mega, F|100\/100\n|turn|18\n|\n|t:|1700693451\n|move|p1a: Lopunny|Fake Out|p2a: Thundurus\n|-damage|p2a: Thundurus|13\/100\n|cant|p2a: Thundurus|flinch\n|\n|upkeep\n|turn|19\n|\n|t:|1700693460\n|move|p1a: Lopunny|Return|p2a: Thundurus\n|-damage|p2a: Thundurus|0 fnt\n|faint|p2a: Thundurus\n|\n|-sideend|p2: ekans812|move: Aurora Veil\n|upkeep\n|\n|t:|1700693477\n|switch|p2a: Ninetales|Ninetales-Alola, M|64\/100 brn\n|-weather|Snow|[from] ability: Snow Warning|[of] p2a: Ninetales\n|turn|20\n|\n|t:|1700693486\n|move|p1a: Lopunny|Return|p2a: Ninetales\n|-damage|p2a: Ninetales|19\/100 brn\n|move|p2a: Ninetales|Aurora Veil|p2a: Ninetales\n|-sidestart|p2: ekans812|move: Aurora Veil\n|\n|-weather|Snow|[upkeep]\n|-damage|p2a: Ninetales|13\/100 brn|[from] brn\n|upkeep\n|turn|21\n|\n|t:|1700693493\n|move|p1a: Lopunny|Return|p2a: Ninetales\n|-crit|p2a: Ninetales\n|-damage|p2a: Ninetales|0 fnt\n|faint|p2a: Ninetales\n|\n|-weather|Snow|[upkeep]\n|upkeep\n|\n|t:|1700693498\n|switch|p2a: Alomomola|Alomomola, F|77\/100\n|turn|22\n|\n|t:|1700693503\n|move|p1a: Lopunny|Return|p2a: Alomomola\n|-damage|p2a: Alomomola|61\/100\n|-damage|p1a: Lopunny|84\/100|[from] item: Rocky Helmet|[of] p2a: Alomomola\n|move|p2a: Alomomola|Scald|p1a: Lopunny\n|-damage|p1a: Lopunny|65\/100\n|-status|p1a: Lopunny|brn\n|\n|-weather|Snow|[upkeep]\n|-damage|p1a: Lopunny|59\/100 brn|[from] brn\n|upkeep\n|turn|23\n|\n|t:|1700693515\n|move|p1a: Lopunny|High Jump Kick|p2a: Alomomola\n|-damage|p2a: Alomomola|52\/100\n|-damage|p1a: Lopunny|42\/100 brn|[from] item: Rocky Helmet|[of] p2a: Alomomola\n|move|p2a: Alomomola|Wish|p2a: Alomomola\n|\n|-weather|Snow|[upkeep]\n|-damage|p1a: Lopunny|36\/100 brn|[from] brn\n|upkeep\n|turn|24\n|\n|t:|1700693525\n|move|p1a: Lopunny|Close Combat|p2a: Alomomola\n|-damage|p2a: Alomomola|44\/100\n|-unboost|p1a: Lopunny|def|1\n|-unboost|p1a: Lopunny|spd|1\n|-damage|p1a: Lopunny|20\/100 brn|[from] item: Rocky Helmet|[of] p2a: Alomomola\n|move|p2a: Alomomola|Scald|p1a: Lopunny\n|-damage|p1a: Lopunny|0 fnt\n|faint|p1a: Lopunny\n|\n|-weather|none\n|-heal|p2a: Alomomola|94\/100|[from] move: Wish|[wisher] Alomomola\n|upkeep\n|\n|t:|1700693538\n|switch|p1a: Hoopa|Hoopa-Unbound|100\/100\n|turn|25\n|\n|t:|1700693555\n|move|p1a: Hoopa|Dark Pulse|p2a: Alomomola\n|-damage|p2a: Alomomola|46\/100\n|cant|p2a: Alomomola|flinch\n|\n|upkeep\n|turn|26\n|\n|t:|1700693571\n|switch|p2a: Tsareena|Tsareena, F, tera:Ghost|100\/100\n|move|p1a: Hoopa|Dark Pulse|p2a: Tsareena\n|-supereffective|p2a: Tsareena\n|-damage|p2a: Tsareena|43\/100\n|\n|upkeep\n|turn|27\n|\n|t:|1700693583\n|move|p1a: Hoopa|Dark Pulse|p2a: Tsareena\n|-supereffective|p2a: Tsareena\n|-damage|p2a: Tsareena|0 fnt\n|faint|p2a: Tsareena\n|\n|-sideend|p2: ekans812|move: Aurora Veil\n|upkeep\n|\n|t:|1700693588\n|switch|p2a: Alomomola|Alomomola, F|79\/100\n|turn|28\n|\n|t:|1700693592\n|move|p1a: Hoopa|Dark Pulse|p2a: Alomomola\n|-damage|p2a: Alomomola|0 fnt\n|faint|p2a: Alomomola\n|\n|win|MikazukiRex_\n|raw|MikazukiRex_'s rating: 1230 &rarr; <strong>1259<\/strong><br \/>(+29 for winning)\n|raw|ekans812's rating: 1291 &rarr; <strong>1262<\/strong><br \/>(-29 for losing)\n|c|\u2606MikazukiRex_|ggs\n|l|\u2606ekans812\n","uploadtime":1700693602,"views":7,"p1id":"mikazukirex","p2id":"ekans812","formatid":"gen9nationaldex","rating":1259,"private":0,"password":""}