{"id":"gen9nationaldex-1990089731","p1":"pretty rave girl","p2":"bufflesxd","format":"[Gen 9] National Dex","log":"|j|\u2606pretty rave girl\n|j|\u2606bufflesxd\n|t:|1699923420\n|gametype|singles\n|player|p1|pretty rave girl|clerkf|\n|player|p2|bufflesxd|pokemaniac|\n|teamsize|p1|6\n|teamsize|p2|6\n|gen|9\n|tier|[Gen 9] National Dex\n|rule|HP Percentage Mod: HP is shown in percentages\n|rule|Endless Battle Clause: Forcing endless battles is banned\n|rule|OHKO Clause: OHKO moves are banned\n|rule|Evasion Clause: Evasion abilities, items, and moves are banned\n|rule|Evasion Abilities Clause: Evasion abilities are banned\n|rule|Evasion Items Clause: Evasion items are banned\n|rule|Evasion Moves Clause: Evasion moves are banned\n|rule|Species Clause: Limit one of each Pok\u00e9mon\n|rule|Sleep Clause Mod: Limit one foe put to sleep\n|clearpoke\n|poke|p1|Deoxys-Defense|\n|poke|p1|Kartana|\n|poke|p1|Tornadus-Therian, M|\n|poke|p1|Samurott-Hisui, F|\n|poke|p1|Latios, M|\n|poke|p1|Garganacl, M|\n|poke|p2|Venusaur, F|\n|poke|p2|Skarmory, M|\n|poke|p2|Dragonite, M|\n|poke|p2|Sylveon, F|\n|poke|p2|Blacephalon|\n|poke|p2|Rotom-Wash|\n|teampreview\n|c|\u2606pretty rave girl|gl\n|c|\u2606bufflesxd|ill need it\n|\n|t:|1699923459\n|start\n|switch|p1a: Samurott|Samurott-Hisui, F|100\/100\n|switch|p2a: Skarmory|Skarmory, M|100\/100\n|turn|1\n|\n|t:|1699923492\n|move|p1a: Samurott|Ceaseless Edge|p2a: Skarmory\n|-damage|p2a: Skarmory|72\/100\n|-sidestart|p2: bufflesxd|Spikes\n|move|p2a: Skarmory|Stealth Rock|p1a: Samurott\n|-sidestart|p1: pretty rave girl|move: Stealth Rock\n|\n|-heal|p2a: Skarmory|78\/100|[from] item: Leftovers\n|upkeep\n|turn|2\n|\n|t:|1699923500\n|move|p1a: Samurott|Flip Turn|p2a: Skarmory\n|-damage|p2a: Skarmory|59\/100\n|\n|t:|1699923513\n|switch|p1a: Latios|Latios, M|100\/100|[from] Flip Turn\n|-damage|p1a: Latios|88\/100|[from] Stealth Rock\n|move|p2a: Skarmory|Whirlwind|p1a: Latios\n|drag|p1a: Kartana|Kartana|100\/100\n|-damage|p1a: Kartana|94\/100|[from] Stealth Rock\n|\n|-heal|p2a: Skarmory|65\/100|[from] item: Leftovers\n|upkeep\n|turn|3\n|\n|t:|1699923522\n|move|p1a: Kartana|Knock Off|p2a: Skarmory\n|-damage|p2a: Skarmory|41\/100\n|-enditem|p2a: Skarmory|Leftovers|[from] move: Knock Off|[of] p1a: Kartana\n|move|p2a: Skarmory|Roost|p2a: Skarmory\n|-heal|p2a: Skarmory|91\/100\n|-singleturn|p2a: Skarmory|move: Roost\n|\n|upkeep\n|turn|4\n|\n|t:|1699923530\n|switch|p1a: Deoxys|Deoxys-Defense|100\/100\n|-ability|p1a: Deoxys|Pressure\n|move|p2a: Skarmory|Whirlwind|p1a: Deoxys\n|drag|p1a: Tornadus|Tornadus-Therian, M|100\/100\n|-damage|p1a: Tornadus|76\/100|[from] Stealth Rock\n|\n|upkeep\n|turn|5\n|\n|t:|1699923537\n|switch|p2a: Rotom|Rotom-Wash|100\/100\n|move|p1a: Tornadus|Focus Blast|p2a: Rotom\n|-damage|p2a: Rotom|72\/100\n|\n|-heal|p2a: Rotom|78\/100|[from] item: Leftovers\n|upkeep\n|turn|6\n|\n|t:|1699923555\n|switch|p1a: Deoxys|Deoxys-Defense|100\/100\n|-ability|p1a: Deoxys|Pressure\n|move|p2a: Rotom|Will-O-Wisp|p1a: Deoxys\n|-status|p1a: Deoxys|brn\n|\n|-heal|p2a: Rotom|84\/100|[from] item: Leftovers\n|-damage|p1a: Deoxys|95\/100 brn|[from] brn\n|upkeep\n|turn|7\n|\n|t:|1699923560\n|move|p1a: Deoxys|Taunt|p2a: Rotom\n|-start|p2a: Rotom|move: Taunt\n|move|p2a: Rotom|Volt Switch|p1a: Deoxys\n|-damage|p1a: Deoxys|75\/100 brn\n|j| deathbypudding\n|j| cynicul\n|l| cynicul\n|j| cynicul\n|\n|t:|1699923628\n|switch|p2a: Sylveon|Sylveon, F|100\/100|[from] Volt Switch\n|-damage|p2a: Sylveon|88\/100|[from] Spikes\n|\n|-heal|p2a: Sylveon|94\/100|[from] item: Leftovers\n|-damage|p1a: Deoxys|69\/100 brn|[from] brn\n|upkeep\n|turn|8\n|\n|t:|1699923640\n|move|p1a: Deoxys|Taunt|p2a: Sylveon\n|-start|p2a: Sylveon|move: Taunt\n|move|p2a: Sylveon|Hyper Voice|p1a: Deoxys\n|-damage|p1a: Deoxys|39\/100 brn\n|\n|-heal|p2a: Sylveon|99\/100|[from] item: Leftovers\n|-damage|p1a: Deoxys|33\/100 brn|[from] brn\n|upkeep\n|turn|9\n|\n|t:|1699923644\n|move|p1a: Deoxys|Recover|p1a: Deoxys\n|-heal|p1a: Deoxys|83\/100 brn\n|move|p2a: Sylveon|Hyper Voice|p1a: Deoxys\n|-damage|p1a: Deoxys|55\/100 brn\n|\n|-heal|p2a: Sylveon|100\/100|[from] item: Leftovers\n|-damage|p1a: Deoxys|49\/100 brn|[from] brn\n|upkeep\n|turn|10\n|\n|t:|1699923648\n|move|p1a: Deoxys|Recover|p1a: Deoxys\n|-heal|p1a: Deoxys|99\/100 brn\n|move|p2a: Sylveon|Hyper Voice|p1a: Deoxys\n|-damage|p1a: Deoxys|70\/100 brn\n|\n|-damage|p1a: Deoxys|65\/100 brn|[from] brn\n|-end|p2a: Sylveon|move: Taunt\n|upkeep\n|turn|11\n|\n|t:|1699923655\n|move|p2a: Sylveon|Protect|p2a: Sylveon\n|-singleturn|p2a: Sylveon|Protect\n|move|p1a: Deoxys|Toxic|p2a: Sylveon\n|-activate|p2a: Sylveon|move: Protect\n|\n|-damage|p1a: Deoxys|59\/100 brn|[from] brn\n|upkeep\n|turn|12\n|\n|t:|1699923695\n|move|p1a: Deoxys|Recover|p1a: Deoxys\n|-heal|p1a: Deoxys|100\/100 brn\n|move|p2a: Sylveon|Wish|p2a: Sylveon\n|\n|-damage|p1a: Deoxys|95\/100 brn|[from] brn\n|upkeep\n|turn|13\n|\n|t:|1699923707\n|switch|p2a: Rotom|Rotom-Wash|84\/100\n|move|p1a: Deoxys|Toxic|p2a: Rotom\n|-status|p2a: Rotom|tox\n|\n|-heal|p2a: Rotom|100\/100 tox|[from] move: Wish|[wisher] Sylveon\n|-damage|p2a: Rotom|94\/100 tox|[from] psn\n|-damage|p1a: Deoxys|89\/100 brn|[from] brn\n|upkeep\n|turn|14\n|\n|t:|1699923727\n|move|p1a: Deoxys|Seismic Toss|p2a: Rotom\n|-damage|p2a: Rotom|61\/100 tox\n|move|p2a: Rotom|Volt Switch|p1a: Deoxys\n|-damage|p1a: Deoxys|71\/100 brn\n|\n|t:|1699923730\n|switch|p2a: Blacephalon|Blacephalon|100\/100|[from] Volt Switch\n|-damage|p2a: Blacephalon|88\/100|[from] Spikes\n|\n|-damage|p1a: Deoxys|65\/100 brn|[from] brn\n|upkeep\n|turn|15\n|\n|t:|1699923733\n|switch|p1a: Samurott|Samurott-Hisui, F|100\/100\n|-damage|p1a: Samurott|88\/100|[from] Stealth Rock\n|move|p2a: Blacephalon|Shadow Ball|p1a: Samurott\n|-resisted|p1a: Samurott\n|-damage|p1a: Samurott|69\/100\n|\n|upkeep\n|turn|16\n|\n|t:|1699923755\n|switch|p2a: Venusaur|Venusaur, F|100\/100\n|-damage|p2a: Venusaur|88\/100|[from] Spikes\n|move|p1a: Samurott|Ceaseless Edge|p2a: Venusaur\n|-damage|p2a: Venusaur|50\/100\n|-sidestart|p2: bufflesxd|Spikes\n|\n|upkeep\n|turn|17\n|\n|t:|1699923790\n|detailschange|p2a: Venusaur|Venusaur-Mega, F\n|-mega|p2a: Venusaur|Venusaur|Venusaurite\n|move|p1a: Samurott|Flip Turn|p2a: Venusaur\n|-resisted|p2a: Venusaur\n|-crit|p2a: Venusaur\n|-damage|p2a: Venusaur|37\/100\n|\n|t:|1699923798\n|switch|p1a: Kartana|Kartana|94\/100|[from] Flip Turn\n|-damage|p1a: Kartana|88\/100|[from] Stealth Rock\n|move|p2a: Venusaur|Leech Seed|p1a: Kartana\n|-immune|p1a: Kartana\n|\n|upkeep\n|turn|18\n|\n|t:|1699923841\n|switch|p2a: Blacephalon|Blacephalon|88\/100\n|-damage|p2a: Blacephalon|72\/100|[from] Spikes\n|move|p1a: Kartana|Smart Strike|p2a: Blacephalon\n|-resisted|p2a: Blacephalon\n|-damage|p2a: Blacephalon|18\/100\n|\n|upkeep\n|turn|19\n|\n|t:|1699923867\n|switch|p2a: Rotom|Rotom-Wash|61\/100 tox\n|move|p1a: Kartana|Smart Strike|p2a: Rotom\n|-resisted|p2a: Rotom\n|-damage|p2a: Rotom|50\/100 tox\n|\n|-heal|p2a: Rotom|56\/100 tox|[from] item: Leftovers\n|-damage|p2a: Rotom|50\/100 tox|[from] psn\n|upkeep\n|turn|20\n|\n|t:|1699923878\n|switch|p1a: Garganacl|Garganacl, M|100\/100\n|-damage|p1a: Garganacl|88\/100|[from] Stealth Rock\n|move|p2a: Rotom|Defog|p1a: Garganacl\n|-unboost|p1a: Garganacl|evasion|1\n|-sideend|p1: pretty rave girl|Stealth Rock|[from] move: Defog|[of] p2a: Rotom\n|-sideend|p2: bufflesxd|Spikes|[from] move: Defog|[of] p2a: Rotom\n|\n|-heal|p2a: Rotom|56\/100 tox|[from] item: Leftovers\n|-damage|p2a: Rotom|43\/100 tox|[from] psn\n|upkeep\n|turn|21\n|\n|t:|1699923892\n|move|p2a: Rotom|Volt Switch|p1a: Garganacl\n|-damage|p1a: Garganacl|65\/100\n|\n|t:|1699923896\n|switch|p2a: Venusaur|Venusaur-Mega, F|37\/100|[from] Volt Switch\n|move|p1a: Garganacl|Stealth Rock|p2a: Venusaur\n|-sidestart|p2: bufflesxd|move: Stealth Rock\n|\n|upkeep\n|turn|22\n|\n|t:|1699923907\n|move|p2a: Venusaur|Synthesis|p2a: Venusaur\n|-heal|p2a: Venusaur|87\/100\n|move|p1a: Garganacl|Explosion|p2a: Venusaur\n|-enditem|p1a: Garganacl|Normal Gem|[from] gem\n|-damage|p2a: Venusaur|40\/100\n|faint|p1a: Garganacl\n|\n|upkeep\n|\n|t:|1699923912\n|switch|p1a: Tornadus|Tornadus-Therian, M|100\/100\n|turn|23\n|c|\u2606bufflesxd|based\n|l| cynicul\n|\n|t:|1699923947\n|switch|p2a: Sylveon|Sylveon, F|100\/100\n|-damage|p2a: Sylveon|88\/100|[from] Stealth Rock\n|move|p1a: Tornadus|Nasty Plot|p1a: Tornadus\n|-boost|p1a: Tornadus|spa|2\n|\n|-heal|p2a: Sylveon|94\/100|[from] item: Leftovers\n|upkeep\n|turn|24\n|\n|t:|1699923965\n|move|p1a: Tornadus|Bleakwind Storm|p2a: Sylveon\n|-damage|p2a: Sylveon|26\/100\n|-unboost|p2a: Sylveon|spe|1\n|move|p2a: Sylveon|Wish|p2a: Sylveon\n|\n|-heal|p2a: Sylveon|32\/100|[from] item: Leftovers\n|upkeep\n|turn|25\n|\n|t:|1699924042\n|switch|p2a: Dragonite|Dragonite, M|100\/100\n|move|p1a: Tornadus|Nasty Plot|p1a: Tornadus\n|-boost|p1a: Tornadus|spa|2\n|\n|upkeep\n|turn|26\n|\n|t:|1699924072\n|-terastallize|p2a: Dragonite|Normal\n|move|p2a: Dragonite|Extreme Speed|p1a: Tornadus\n|-damage|p1a: Tornadus|43\/100\n|move|p1a: Tornadus|Bleakwind Storm|p2a: Dragonite\n|-damage|p2a: Dragonite|18\/100\n|\n|upkeep\n|turn|27\n|\n|t:|1699924095\n|switch|p1a: Kartana|Kartana|88\/100\n|move|p2a: Dragonite|Extreme Speed|p1a: Kartana\n|-resisted|p1a: Kartana\n|-damage|p1a: Kartana|64\/100\n|\n|upkeep\n|turn|28\n|\n|t:|1699924135\n|switch|p2a: Skarmory|Skarmory, M|91\/100\n|-damage|p2a: Skarmory|79\/100|[from] Stealth Rock\n|move|p1a: Kartana|Sacred Sword|p2a: Skarmory\n|-damage|p2a: Skarmory|56\/100\n|\n|upkeep\n|turn|29\n|\n|t:|1699924141\n|switch|p1a: Latios|Latios, M|88\/100\n|move|p2a: Skarmory|Stealth Rock|p1a: Latios\n|-sidestart|p1: pretty rave girl|move: Stealth Rock\n|\n|upkeep\n|turn|30\n|\n|t:|1699924152\n|detailschange|p1a: Latios|Latios-Mega, M\n|-mega|p1a: Latios|Latios|Latiosite\n|move|p1a: Latios|Thunderbolt|p2a: Skarmory\n|-supereffective|p2a: Skarmory\n|-damage|p2a: Skarmory|0 fnt\n|faint|p2a: Skarmory\n|\n|upkeep\n|\n|t:|1699924168\n|switch|p2a: Sylveon|Sylveon, F|32\/100\n|-damage|p2a: Sylveon|20\/100|[from] Stealth Rock\n|turn|31\n|\n|t:|1699924177\n|move|p1a: Latios|Psychic|p2a: Sylveon\n|-damage|p2a: Sylveon|0 fnt\n|faint|p2a: Sylveon\n|\n|upkeep\n|\n|t:|1699924181\n|switch|p2a: Rotom|Rotom-Wash|43\/100 tox\n|-damage|p2a: Rotom|31\/100 tox|[from] Stealth Rock\n|turn|32\n|\n|t:|1699924185\n|move|p1a: Latios|Psychic|p2a: Rotom\n|-damage|p2a: Rotom|0 fnt\n|faint|p2a: Rotom\n|\n|upkeep\n|c|\u2606bufflesxd|gg\n|\n|t:|1699924192\n|switch|p2a: Dragonite|Dragonite, M, tera:Normal|18\/100\n|turn|33\n|\n|t:|1699924196\n|move|p2a: Dragonite|Extreme Speed|p1a: Latios\n|-damage|p1a: Latios|38\/100\n|move|p1a: Latios|Psychic|p2a: Dragonite\n|-damage|p2a: Dragonite|0 fnt\n|faint|p2a: Dragonite\n|\n|upkeep\n|\n|t:|1699924199\n|switch|p2a: Venusaur|Venusaur-Mega, F|40\/100\n|-damage|p2a: Venusaur|28\/100|[from] Stealth Rock\n|turn|34\n|\n|t:|1699924201\n|move|p1a: Latios|Psychic|p2a: Venusaur\n|-supereffective|p2a: Venusaur\n|-damage|p2a: Venusaur|0 fnt\n|faint|p2a: Venusaur\n|\n|upkeep\n|\n|t:|1699924203\n|switch|p2a: Blacephalon|Blacephalon|18\/100\n|-damage|p2a: Blacephalon|0 fnt|[from] Stealth Rock\n|faint|p2a: Blacephalon\n|\n|win|pretty rave girl\n|c|\u2606pretty rave girl|gg\n|l|\u2606bufflesxd\n","uploadtime":1699924222,"views":10,"p1id":"prettyravegirl","p2id":"bufflesxd","formatid":"gen9nationaldex","rating":0,"private":0,"password":""}