{"id":"gen9nationaldex-1997321182","p1":"jiexiuqi","p2":"lebronlover","format":"[Gen 9] National Dex","log":"|html|<div class=\"broadcast-blue\"><strong>[Gen 9] National Dex is currently suspecting Sneasler! For information on how to participate check out the <a href=\"https:\/\/www.smogon.com\/forums\/threads\/sv-national-dex-suspect-8-just-dance.3731534\/\">suspect thread<\/a>.<\/strong><\/div>\n|j|\u2606jiexiuqi\n|j|\u2606lebronlover\n|t:|1700789120\n|gametype|singles\n|player|p1|jiexiuqi|170|1471\n|player|p2|lebronlover|cheryl|1462\n|teamsize|p1|6\n|teamsize|p2|6\n|gen|9\n|tier|[Gen 9] National Dex\n|rated|\n|rule|HP Percentage Mod: HP is shown in percentages\n|rule|Endless Battle Clause: Forcing endless battles is banned\n|rule|OHKO Clause: OHKO moves are banned\n|rule|Evasion Clause: Evasion abilities, items, and moves are banned\n|rule|Evasion Abilities Clause: Evasion abilities are banned\n|rule|Evasion Items Clause: Evasion items are banned\n|rule|Evasion Moves Clause: Evasion moves are banned\n|rule|Species Clause: Limit one of each Pok\u00e9mon\n|rule|Sleep Clause Mod: Limit one foe put to sleep\n|clearpoke\n|poke|p1|Pelipper, F|\n|poke|p1|Rotom-Wash|\n|poke|p1|Floatzel, F|\n|poke|p1|Garchomp, F|\n|poke|p1|Ting-Lu|\n|poke|p1|Moltres|\n|poke|p2|Gyarados, M|\n|poke|p2|Dragonite, M|\n|poke|p2|Volcarona, M|\n|poke|p2|Garganacl, M|\n|poke|p2|Sinistcha-Masterpiece|\n|poke|p2|Zapdos-Galar|\n|teampreview\n|inactive|Battle timer is ON: inactive players will automatically lose when time's up. (requested by lebronlover)\n|\n|t:|1700789130\n|start\n|switch|p1a: Pelipper|Pelipper, F|100\/100\n|switch|p2a: Volcarona|Volcarona, M, shiny|100\/100\n|-weather|RainDance|[from] ability: Drizzle|[of] p1a: Pelipper\n|turn|1\n|\n|t:|1700789142\n|switch|p2a: Dragonite|Dragonite, M|100\/100\n|move|p1a: Pelipper|Hydro Pump|p2a: Dragonite\n|-resisted|p2a: Dragonite\n|-damage|p2a: Dragonite|89\/100\n|\n|-weather|RainDance|[upkeep]\n|upkeep\n|turn|2\n|\n|t:|1700789149\n|move|p2a: Dragonite|Roost|p2a: Dragonite\n|-heal|p2a: Dragonite|100\/100\n|-singleturn|p2a: Dragonite|move: Roost\n|move|p1a: Pelipper|U-turn|p2a: Dragonite\n|-damage|p2a: Dragonite|97\/100\n|\n|t:|1700789158\n|switch|p1a: Rotom|Rotom-Wash|100\/100|[from] U-turn\n|\n|-weather|RainDance|[upkeep]\n|upkeep\n|turn|3\n|\n|t:|1700789171\n|switch|p2a: Sinistcha|Sinistcha-Masterpiece, shiny|100\/100\n|move|p1a: Rotom|Will-O-Wisp|p2a: Sinistcha\n|-status|p2a: Sinistcha|brn\n|\n|-weather|RainDance|[upkeep]\n|-damage|p2a: Sinistcha|98\/100 brn|[from] brn\n|upkeep\n|turn|4\n|\n|t:|1700789179\n|move|p1a: Rotom|Volt Switch|p2a: Sinistcha\n|-resisted|p2a: Sinistcha\n|-damage|p2a: Sinistcha|83\/100 brn\n|\n|t:|1700789184\n|switch|p1a: Moltres|Moltres|100\/100|[from] Volt Switch\n|move|p2a: Sinistcha|Matcha Gotcha|p1a: Moltres\n|-resisted|p1a: Moltres\n|-damage|p1a: Moltres|90\/100\n|-heal|p2a: Sinistcha|90\/100 brn|[from] drain|[of] p1a: Moltres\n|\n|-weather|RainDance|[upkeep]\n|-heal|p2a: Sinistcha|96\/100 brn|[from] item: Leftovers\n|-damage|p2a: Sinistcha|93\/100 brn|[from] brn\n|upkeep\n|turn|5\n|\n|t:|1700789194\n|move|p1a: Moltres|U-turn|p2a: Sinistcha\n|-damage|p2a: Sinistcha|80\/100 brn\n|\n|t:|1700789197\n|switch|p1a: Ting-Lu|Ting-Lu|100\/100|[from] U-turn\n|-ability|p1a: Ting-Lu|Vessel of Ruin\n|move|p2a: Sinistcha|Shadow Ball|p1a: Ting-Lu\n|-resisted|p1a: Ting-Lu\n|-damage|p1a: Ting-Lu|92\/100\n|\n|-weather|RainDance|[upkeep]\n|-heal|p2a: Sinistcha|86\/100 brn|[from] item: Leftovers\n|-heal|p1a: Ting-Lu|98\/100|[from] item: Leftovers\n|-damage|p2a: Sinistcha|83\/100 brn|[from] brn\n|upkeep\n|turn|6\n|\n|t:|1700789204\n|move|p2a: Sinistcha|Matcha Gotcha|p1a: Ting-Lu\n|-supereffective|p1a: Ting-Lu\n|-damage|p1a: Ting-Lu|65\/100\n|-heal|p2a: Sinistcha|100\/100 brn|[from] drain|[of] p1a: Ting-Lu\n|move|p1a: Ting-Lu|Stealth Rock|p2a: Sinistcha\n|-sidestart|p2: lebronlover|move: Stealth Rock\n|\n|-weather|RainDance|[upkeep]\n|-heal|p1a: Ting-Lu|71\/100|[from] item: Leftovers\n|-damage|p2a: Sinistcha|98\/100 brn|[from] brn\n|upkeep\n|turn|7\n|\n|t:|1700789212\n|switch|p1a: Moltres|Moltres|90\/100\n|move|p2a: Sinistcha|Calm Mind|p2a: Sinistcha\n|-boost|p2a: Sinistcha|spa|1\n|-boost|p2a: Sinistcha|spd|1\n|\n|-weather|RainDance|[upkeep]\n|-heal|p2a: Sinistcha|100\/100 brn|[from] item: Leftovers\n|-damage|p2a: Sinistcha|98\/100 brn|[from] brn\n|upkeep\n|turn|8\n|\n|t:|1700789218\n|move|p1a: Moltres|Overheat|p2a: Sinistcha\n|-supereffective|p2a: Sinistcha\n|-damage|p2a: Sinistcha|76\/100 brn\n|-unboost|p1a: Moltres|spa|2\n|move|p2a: Sinistcha|Shadow Ball|p1a: Moltres\n|-damage|p1a: Moltres|28\/100\n|\n|-weather|none\n|-heal|p2a: Sinistcha|82\/100 brn|[from] item: Leftovers\n|-damage|p2a: Sinistcha|79\/100 brn|[from] brn\n|upkeep\n|turn|9\n|\n|t:|1700789226\n|move|p1a: Moltres|U-turn|p2a: Sinistcha\n|-damage|p2a: Sinistcha|65\/100 brn\n|\n|t:|1700789242\n|switch|p1a: Rotom|Rotom-Wash|100\/100|[from] U-turn\n|move|p2a: Sinistcha|Strength Sap|p1a: Rotom\n|-unboost|p1a: Rotom|atk|1\n|-heal|p2a: Sinistcha|99\/100 brn\n|\n|-heal|p2a: Sinistcha|100\/100 brn|[from] item: Leftovers\n|-damage|p2a: Sinistcha|98\/100 brn|[from] brn\n|upkeep\n|turn|10\n|\n|t:|1700789248\n|move|p1a: Rotom|Volt Switch|p2a: Sinistcha\n|-resisted|p2a: Sinistcha\n|-damage|p2a: Sinistcha|88\/100 brn\n|\n|t:|1700789251\n|switch|p1a: Ting-Lu|Ting-Lu|71\/100|[from] Volt Switch\n|-ability|p1a: Ting-Lu|Vessel of Ruin\n|move|p2a: Sinistcha|Calm Mind|p2a: Sinistcha\n|-boost|p2a: Sinistcha|spa|1\n|-boost|p2a: Sinistcha|spd|1\n|\n|-heal|p2a: Sinistcha|94\/100 brn|[from] item: Leftovers\n|-heal|p1a: Ting-Lu|77\/100|[from] item: Leftovers\n|-damage|p2a: Sinistcha|91\/100 brn|[from] brn\n|upkeep\n|turn|11\n|\n|t:|1700789255\n|move|p2a: Sinistcha|Matcha Gotcha|p1a: Ting-Lu\n|-supereffective|p1a: Ting-Lu\n|-damage|p1a: Ting-Lu|9\/100\n|-heal|p2a: Sinistcha|100\/100 brn|[from] drain|[of] p1a: Ting-Lu\n|move|p1a: Ting-Lu|Ruination|p2a: Sinistcha\n|-damage|p2a: Sinistcha|50\/100 brn\n|\n|-heal|p2a: Sinistcha|57\/100 brn|[from] item: Leftovers\n|-heal|p1a: Ting-Lu|15\/100|[from] item: Leftovers\n|-damage|p2a: Sinistcha|54\/100 brn|[from] brn\n|upkeep\n|turn|12\n|\n|t:|1700789269\n|switch|p1a: Moltres|Moltres|28\/100\n|move|p2a: Sinistcha|Strength Sap|p1a: Moltres\n|-unboost|p1a: Moltres|atk|1\n|-heal|p2a: Sinistcha|100\/100 brn\n|\n|-damage|p2a: Sinistcha|98\/100 brn|[from] brn\n|upkeep\n|turn|13\n|\n|t:|1700789275\n|move|p1a: Moltres|Overheat|p2a: Sinistcha\n|-supereffective|p2a: Sinistcha\n|-damage|p2a: Sinistcha|68\/100 brn\n|-unboost|p1a: Moltres|spa|2\n|move|p2a: Sinistcha|Calm Mind|p2a: Sinistcha\n|-boost|p2a: Sinistcha|spa|1\n|-boost|p2a: Sinistcha|spd|1\n|\n|-heal|p2a: Sinistcha|74\/100 brn|[from] item: Leftovers\n|-damage|p2a: Sinistcha|71\/100 brn|[from] brn\n|upkeep\n|turn|14\n|\n|t:|1700789279\n|move|p1a: Moltres|Overheat|p2a: Sinistcha\n|-supereffective|p2a: Sinistcha\n|-damage|p2a: Sinistcha|57\/100 brn\n|-unboost|p1a: Moltres|spa|2\n|move|p2a: Sinistcha|Strength Sap|p1a: Moltres\n|-unboost|p1a: Moltres|atk|1\n|-heal|p2a: Sinistcha|98\/100 brn\n|\n|-heal|p2a: Sinistcha|100\/100 brn|[from] item: Leftovers\n|-damage|p2a: Sinistcha|98\/100 brn|[from] brn\n|upkeep\n|turn|15\n|\n|t:|1700789285\n|move|p1a: Moltres|Overheat|p2a: Sinistcha\n|-supereffective|p2a: Sinistcha\n|-damage|p2a: Sinistcha|88\/100 brn\n|-unboost|p1a: Moltres|spa|2\n|move|p2a: Sinistcha|Shadow Ball|p1a: Moltres\n|-damage|p1a: Moltres|0 fnt\n|faint|p1a: Moltres\n|\n|-heal|p2a: Sinistcha|94\/100 brn|[from] item: Leftovers\n|-damage|p2a: Sinistcha|92\/100 brn|[from] brn\n|upkeep\n|\n|t:|1700789288\n|switch|p1a: Floatzel|Floatzel, F|100\/100\n|turn|16\n|\n|t:|1700789294\n|move|p1a: Floatzel|Ice Spinner|p2a: Sinistcha\n|-supereffective|p2a: Sinistcha\n|-damage|p2a: Sinistcha|11\/100 brn\n|move|p2a: Sinistcha|Matcha Gotcha|p1a: Floatzel\n|-supereffective|p1a: Floatzel\n|-damage|p1a: Floatzel|0 fnt\n|-heal|p2a: Sinistcha|56\/100 brn|[from] drain|[of] p1a: Floatzel\n|faint|p1a: Floatzel\n|\n|-heal|p2a: Sinistcha|62\/100 brn|[from] item: Leftovers\n|-damage|p2a: Sinistcha|59\/100 brn|[from] brn\n|upkeep\n|\n|t:|1700789298\n|switch|p1a: Garchomp|Garchomp, F|100\/100\n|turn|17\n|\n|t:|1700789303\n|move|p1a: Garchomp|Poison Jab|p2a: Sinistcha\n|-damage|p2a: Sinistcha|23\/100 brn\n|-damage|p1a: Garchomp|91\/100|[from] item: Life Orb\n|move|p2a: Sinistcha|Matcha Gotcha|p1a: Garchomp\n|-damage|p1a: Garchomp|0 fnt\n|-heal|p2a: Sinistcha|70\/100 brn|[from] drain|[of] p1a: Garchomp\n|faint|p1a: Garchomp\n|\n|-heal|p2a: Sinistcha|76\/100 brn|[from] item: Leftovers\n|-damage|p2a: Sinistcha|73\/100 brn|[from] brn\n|upkeep\n|-message|jiexiuqi forfeited.\n|\n|win|lebronlover\n|raw|jiexiuqi's rating: 1471 &rarr; <strong>1450<\/strong><br \/>(-21 for losing)\n|raw|lebronlover's rating: 1462 &rarr; <strong>1483<\/strong><br \/>(+21 for winning)\n|l|\u2606jiexiuqi\n|l|\u2606lebronlover\n|j|\u2606lebronlover\n|player|p2|lebronlover|cheryl\n","uploadtime":1700789582,"views":18,"p1id":"jiexiuqi","p2id":"lebronlover","formatid":"gen9nationaldex","rating":1450,"private":0,"password":""}