{"id":"gen9nationaldex-1999602267","p1":"Neo Destruction","p2":"runeatest","format":"[Gen 9] National Dex","log":"|html|<div class=\"broadcast-blue\"><strong>[Gen 9] National Dex is currently suspecting Sneasler! For information on how to participate check out the <a href=\"https:\/\/www.smogon.com\/forums\/threads\/sv-national-dex-suspect-8-just-dance.3731534\/\">suspect thread<\/a>.<\/strong><\/div>\n|j|\u2606Neo Destruction\n|j|\u2606runeatest\n|t:|1701100204\n|gametype|singles\n|player|p1|Neo Destruction|cynthia-masters|1088\n|player|p2|runeatest|fisherman-gen4|1174\n|teamsize|p1|6\n|teamsize|p2|6\n|gen|9\n|tier|[Gen 9] National Dex\n|rated|\n|rule|HP Percentage Mod: HP is shown in percentages\n|rule|Endless Battle Clause: Forcing endless battles is banned\n|rule|OHKO Clause: OHKO moves are banned\n|rule|Evasion Clause: Evasion abilities, items, and moves are banned\n|rule|Evasion Abilities Clause: Evasion abilities are banned\n|rule|Evasion Items Clause: Evasion items are banned\n|rule|Evasion Moves Clause: Evasion moves are banned\n|rule|Species Clause: Limit one of each Pok\u00e9mon\n|rule|Sleep Clause Mod: Limit one foe put to sleep\n|clearpoke\n|poke|p1|Spiritomb, F|\n|poke|p1|Porygon-Z|\n|poke|p1|Togekiss, M|\n|poke|p1|Lucario, M|\n|poke|p1|Milotic, F|\n|poke|p1|Garchomp, F|\n|poke|p2|Vaporeon, M|\n|poke|p2|Salamence, M|\n|poke|p2|Hitmontop, M|\n|poke|p2|Electivire, M|\n|poke|p2|Togekiss, M|\n|poke|p2|Houndoom, M|\n|teampreview\n|inactive|Battle timer is ON: inactive players will automatically lose when time's up. (requested by runeatest)\n|\n|t:|1701100216\n|start\n|switch|p1a: Spiritomb|Spiritomb, F|100\/100\n|switch|p2a: Hitmontop|Hitmontop, M|100\/100\n|-ability|p1a: Spiritomb|Pressure\n|turn|1\n|\n|t:|1701100226\n|switch|p2a: Houndoom|Houndoom, M|100\/100\n|move|p1a: Spiritomb|Toxic|p2a: Houndoom\n|-status|p2a: Houndoom|tox\n|\n|-damage|p2a: Houndoom|94\/100 tox|[from] psn\n|upkeep\n|turn|2\n|\n|t:|1701100233\n|move|p2a: Houndoom|Nasty Plot|p2a: Houndoom\n|-boost|p2a: Houndoom|spa|2\n|move|p1a: Spiritomb|Hex|p2a: Houndoom\n|-resisted|p2a: Houndoom\n|-damage|p2a: Houndoom|64\/100 tox\n|\n|-damage|p2a: Houndoom|51\/100 tox|[from] psn\n|upkeep\n|turn|3\n|\n|t:|1701100240\n|move|p2a: Houndoom|Dark Pulse|p1a: Spiritomb\n|-damage|p1a: Spiritomb|43\/100\n|-enditem|p1a: Spiritomb|Sitrus Berry|[eat]\n|-heal|p1a: Spiritomb|67\/100|[from] item: Sitrus Berry\n|cant|p1a: Spiritomb|flinch\n|\n|-damage|p2a: Houndoom|33\/100 tox|[from] psn\n|upkeep\n|turn|4\n|\n|t:|1701100249\n|move|p2a: Houndoom|Dark Pulse|p1a: Spiritomb\n|-damage|p1a: Spiritomb|7\/100\n|move|p1a: Spiritomb|Hex|p2a: Houndoom\n|-resisted|p2a: Houndoom\n|-damage|p2a: Houndoom|3\/100 tox\n|\n|-damage|p2a: Houndoom|0 fnt|[from] psn\n|faint|p2a: Houndoom\n|upkeep\n|\n|t:|1701100258\n|switch|p2a: Vaporeon|Vaporeon, M|100\/100\n|turn|5\n|\n|t:|1701100261\n|move|p2a: Vaporeon|Ice Beam|p1a: Spiritomb\n|-damage|p1a: Spiritomb|0 fnt\n|faint|p1a: Spiritomb\n|\n|upkeep\n|\n|t:|1701100263\n|switch|p1a: Porygon-Z|Porygon-Z|100\/100\n|turn|6\n|\n|t:|1701100270\n|switch|p2a: Hitmontop|Hitmontop, M|100\/100\n|move|p1a: Porygon-Z|Thunderbolt|p2a: Hitmontop\n|-damage|p2a: Hitmontop|59\/100\n|\n|upkeep\n|turn|7\n|\n|t:|1701100278\n|move|p1a: Porygon-Z|Thunderbolt|p2a: Hitmontop\n|-damage|p2a: Hitmontop|18\/100\n|move|p2a: Hitmontop|High Jump Kick|p1a: Porygon-Z\n|-supereffective|p1a: Porygon-Z\n|-damage|p1a: Porygon-Z|0 fnt\n|faint|p1a: Porygon-Z\n|\n|upkeep\n|\n|t:|1701100280\n|switch|p1a: Togekiss|Togekiss, M|100\/100\n|turn|8\n|\n|t:|1701100287\n|move|p2a: Hitmontop|Rapid Spin|p1a: Togekiss\n|-damage|p1a: Togekiss|80\/100\n|-boost|p2a: Hitmontop|spe|1\n|move|p1a: Togekiss|Dazzling Gleam|p2a: Hitmontop\n|-supereffective|p2a: Hitmontop\n|-damage|p2a: Hitmontop|0 fnt\n|faint|p2a: Hitmontop\n|\n|-heal|p1a: Togekiss|86\/100|[from] item: Leftovers\n|upkeep\n|\n|t:|1701100298\n|switch|p2a: Togekiss|Togekiss, M, shiny|100\/100\n|turn|9\n|\n|t:|1701100300\n|move|p2a: Togekiss|Thunder Wave|p1a: Togekiss|[miss]\n|-miss|p2a: Togekiss|p1a: Togekiss\n|move|p1a: Togekiss|Thunder Wave|p2a: Togekiss\n|-status|p2a: Togekiss|par\n|-enditem|p2a: Togekiss|Lum Berry|[eat]\n|-curestatus|p2a: Togekiss|par|[msg]\n|\n|-heal|p1a: Togekiss|92\/100|[from] item: Leftovers\n|upkeep\n|turn|10\n|\n|t:|1701100309\n|move|p2a: Togekiss|Thunder Wave|p1a: Togekiss\n|-status|p1a: Togekiss|par\n|move|p1a: Togekiss|Thunder Wave|p2a: Togekiss\n|-status|p2a: Togekiss|par\n|\n|-heal|p1a: Togekiss|98\/100 par|[from] item: Leftovers\n|upkeep\n|turn|11\n|\n|t:|1701100317\n|switch|p2a: Vaporeon|Vaporeon, M|100\/100\n|move|p1a: Togekiss|Air Slash|p2a: Vaporeon\n|-damage|p2a: Vaporeon|67\/100\n|\n|-heal|p2a: Vaporeon|73\/100|[from] item: Leftovers\n|-heal|p1a: Togekiss|100\/100 par|[from] item: Leftovers\n|upkeep\n|turn|12\n|\n|t:|1701100324\n|move|p2a: Vaporeon|Heal Bell|p2a: Vaporeon\n|-activate|p2a: Vaporeon|move: Heal Bell\n|-curestatus|p2: Togekiss|par|[msg]\n|move|p1a: Togekiss|Thunder Wave|p2a: Vaporeon\n|-status|p2a: Vaporeon|par\n|\n|-heal|p2a: Vaporeon|79\/100 par|[from] item: Leftovers\n|upkeep\n|turn|13\n|\n|t:|1701100333\n|move|p1a: Togekiss|Air Slash|p2a: Vaporeon\n|-damage|p2a: Vaporeon|40\/100 par\n|cant|p2a: Vaporeon|flinch\n|\n|-heal|p2a: Vaporeon|46\/100 par|[from] item: Leftovers\n|upkeep\n|turn|14\n|\n|t:|1701100339\n|switch|p2a: Togekiss|Togekiss, M, shiny|100\/100\n|move|p1a: Togekiss|Air Slash|p2a: Togekiss\n|-damage|p2a: Togekiss|63\/100\n|\n|upkeep\n|turn|15\n|\n|t:|1701100344\n|switch|p2a: Electivire|Electivire, M, shiny|100\/100\n|-item|p2a: Electivire|Air Balloon\n|move|p1a: Togekiss|Thunder Wave|p2a: Electivire\n|-ability|p2a: Electivire|Motor Drive|boost\n|-boost|p2a: Electivire|spe|1\n|\n|upkeep\n|turn|16\n|\n|t:|1701100351\n|move|p2a: Electivire|Ice Punch|p1a: Togekiss\n|-supereffective|p1a: Togekiss\n|-damage|p1a: Togekiss|43\/100 par\n|move|p1a: Togekiss|Dazzling Gleam|p2a: Electivire\n|-damage|p2a: Electivire|40\/100\n|-enditem|p2a: Electivire|Air Balloon\n|\n|-heal|p1a: Togekiss|49\/100 par|[from] item: Leftovers\n|upkeep\n|turn|17\n|\n|t:|1701100359\n|move|p2a: Electivire|Thunder Punch|p1a: Togekiss\n|-supereffective|p1a: Togekiss\n|-damage|p1a: Togekiss|0 fnt\n|faint|p1a: Togekiss\n|\n|upkeep\n|\n|t:|1701100361\n|switch|p1a: Lucario|Lucario, M|100\/100\n|turn|18\n|\n|t:|1701100373\n|move|p1a: Lucario|Extreme Speed|p2a: Electivire\n|-damage|p2a: Electivire|0 fnt\n|faint|p2a: Electivire\n|\n|upkeep\n|\n|t:|1701100377\n|switch|p2a: Salamence|Salamence, M|100\/100\n|-ability|p2a: Salamence|Intimidate|boost\n|-fail|p1a: Lucario|unboost|Attack|[from] ability: Inner Focus|[of] p1a: Lucario\n|turn|19\n|\n|t:|1701100384\n|move|p2a: Salamence|Flamethrower|p1a: Lucario\n|-supereffective|p1a: Lucario\n|-enditem|p1a: Lucario|Focus Sash\n|-damage|p1a: Lucario|1\/100\n|move|p1a: Lucario|Meteor Mash|p2a: Salamence\n|-damage|p2a: Salamence|48\/100\n|\n|upkeep\n|turn|20\n|\n|t:|1701100391\n|move|p1a: Lucario|Extreme Speed|p2a: Salamence\n|-damage|p2a: Salamence|19\/100\n|move|p2a: Salamence|Flamethrower|p1a: Lucario\n|-supereffective|p1a: Lucario\n|-damage|p1a: Lucario|0 fnt\n|faint|p1a: Lucario\n|\n|upkeep\n|\n|t:|1701100394\n|switch|p1a: Milotic|Milotic, F|100\/100\n|turn|21\n|\n|t:|1701100400\n|switch|p2a: Vaporeon|Vaporeon, M|46\/100 par\n|-terastallize|p1a: Milotic|Ice\n|move|p1a: Milotic|Ice Beam|p2a: Vaporeon\n|-resisted|p2a: Vaporeon\n|-damage|p2a: Vaporeon|31\/100 par\n|\n|-heal|p2a: Vaporeon|38\/100 par|[from] item: Leftovers\n|-status|p1a: Milotic|brn|[from] item: Flame Orb\n|upkeep\n|turn|22\n|\n|t:|1701100411\n|move|p1a: Milotic|Ice Beam|p2a: Vaporeon\n|-resisted|p2a: Vaporeon\n|-damage|p2a: Vaporeon|23\/100 par\n|move|p2a: Vaporeon|Heal Bell|p2a: Vaporeon\n|-activate|p2a: Vaporeon|move: Heal Bell\n|-curestatus|p2a: Vaporeon|par|[msg]\n|\n|-heal|p2a: Vaporeon|30\/100|[from] item: Leftovers\n|-damage|p1a: Milotic|94\/100 brn|[from] brn\n|upkeep\n|turn|23\n|\n|t:|1701100421\n|move|p1a: Milotic|Ice Beam|p2a: Vaporeon\n|-resisted|p2a: Vaporeon\n|-damage|p2a: Vaporeon|17\/100\n|move|p2a: Vaporeon|Hydro Pump|p1a: Milotic\n|-damage|p1a: Milotic|55\/100 brn\n|\n|-heal|p2a: Vaporeon|23\/100|[from] item: Leftovers\n|-damage|p1a: Milotic|49\/100 brn|[from] brn\n|upkeep\n|turn|24\n|\n|t:|1701100430\n|move|p1a: Milotic|Ice Beam|p2a: Vaporeon\n|-resisted|p2a: Vaporeon\n|-damage|p2a: Vaporeon|9\/100\n|move|p2a: Vaporeon|Hydro Pump|p1a: Milotic\n|-damage|p1a: Milotic|9\/100 brn\n|\n|-heal|p2a: Vaporeon|15\/100|[from] item: Leftovers\n|-damage|p1a: Milotic|3\/100 brn|[from] brn\n|upkeep\n|turn|25\n|\n|t:|1701100443\n|move|p1a: Milotic|Ice Beam|p2a: Vaporeon\n|-resisted|p2a: Vaporeon\n|-crit|p2a: Vaporeon\n|-damage|p2a: Vaporeon|0 fnt\n|faint|p2a: Vaporeon\n|\n|-damage|p1a: Milotic|0 fnt|[from] brn\n|faint|p1a: Milotic\n|upkeep\n|\n|t:|1701100451\n|switch|p1a: Garchomp|Garchomp, F|100\/100\n|switch|p2a: Togekiss|Togekiss, M, shiny|63\/100\n|turn|26\n|\n|t:|1701100456\n|detailschange|p1a: Garchomp|Garchomp-Mega, F\n|-mega|p1a: Garchomp|Garchomp|Garchompite\n|-terastallize|p2a: Togekiss|Fairy\n|move|p1a: Garchomp|Hone Claws|p1a: Garchomp\n|-boost|p1a: Garchomp|atk|1\n|-boost|p1a: Garchomp|accuracy|1\n|move|p2a: Togekiss|Roost|p2a: Togekiss\n|-heal|p2a: Togekiss|100\/100\n|\n|upkeep\n|turn|27\n|\n|t:|1701100465\n|move|p1a: Garchomp|Iron Tail|p2a: Togekiss\n|-supereffective|p2a: Togekiss\n|-damage|p2a: Togekiss|0 fnt\n|faint|p2a: Togekiss\n|\n|upkeep\n|\n|t:|1701100469\n|switch|p2a: Salamence|Salamence, M|19\/100\n|-ability|p2a: Salamence|Intimidate|boost\n|-unboost|p1a: Garchomp|atk|1\n|turn|28\n|\n|t:|1701100473\n|move|p2a: Salamence|Draco Meteor|p1a: Garchomp\n|-supereffective|p1a: Garchomp\n|-damage|p1a: Garchomp|0 fnt\n|-unboost|p2a: Salamence|spa|2\n|faint|p1a: Garchomp\n|\n|win|runeatest\n|raw|Neo Destruction's rating: 1088 &rarr; <strong>1070<\/strong><br \/>(-18 for losing)\n|raw|runeatest's rating: 1174 &rarr; <strong>1193<\/strong><br \/>(+19 for winning)\n|l|\u2606Neo Destruction\n","uploadtime":1701100490,"views":2,"p1id":"neodestruction","p2id":"runeatest","formatid":"gen9nationaldex","rating":1070,"private":0,"password":""}