{"id":"gen9nationaldex-1999779888","p1":"adem","p2":"gamer but swag","format":"[Gen 9] National Dex","log":"|html|<div class=\"broadcast-blue\"><strong>[Gen 9] National Dex is currently suspecting Sneasler! For information on how to participate check out the <a href=\"https:\/\/www.smogon.com\/forums\/threads\/sv-national-dex-suspect-8-just-dance.3731534\/\">suspect thread<\/a>.<\/strong><\/div>\n|j|\u2606adem\n|j|\u2606gamer but swag\n|t:|1701115984\n|gametype|singles\n|player|p1|adem|#adem|\n|player|p2|gamer but swag|pokemonbreederf|\n|teamsize|p1|6\n|teamsize|p2|6\n|gen|9\n|tier|[Gen 9] National Dex\n|rule|HP Percentage Mod: HP is shown in percentages\n|rule|Endless Battle Clause: Forcing endless battles is banned\n|rule|OHKO Clause: OHKO moves are banned\n|rule|Evasion Clause: Evasion abilities, items, and moves are banned\n|rule|Evasion Abilities Clause: Evasion abilities are banned\n|rule|Evasion Items Clause: Evasion items are banned\n|rule|Evasion Moves Clause: Evasion moves are banned\n|rule|Species Clause: Limit one of each Pok\u00e9mon\n|rule|Sleep Clause Mod: Limit one foe put to sleep\n|clearpoke\n|poke|p1|Magnezone|\n|poke|p1|Rillaboom, M|\n|poke|p1|Sneasler, F|\n|poke|p1|Iron Valiant|\n|poke|p1|Diancie|\n|poke|p1|Landorus-Therian, M|\n|poke|p2|Alomomola, M|\n|poke|p2|Tangrowth, F|\n|poke|p2|Heatran, M|\n|poke|p2|Medicham, M|\n|poke|p2|Gliscor, F|\n|poke|p2|Urshifu-*, F|\n|teampreview\n|inactive|Battle timer is ON: inactive players will automatically lose when time's up. (requested by gamer but swag)\n|l|\u2606adem\n|inactive|adem disconnected and has 300 seconds to reconnect!\n|player|p1|\n|c|\u2606gamer but swag|Rillazone\n|j|\u2606adem\n|inactive|adem reconnected and has 300 seconds left.\n|player|p1|adem|#adem\n|c|\u2606adem|Yep.\n|\n|t:|1701116024\n|start\n|switch|p1a: Landorus|Landorus-Therian, M|100\/100\n|switch|p2a: Urshifu|Urshifu-Rapid-Strike, F|100\/100\n|-ability|p1a: Landorus|Intimidate|boost\n|-unboost|p2a: Urshifu|atk|1\n|turn|1\n|\n|t:|1701116031\n|switch|p1a: Rillaboom|Rillaboom, M|100\/100\n|-fieldstart|move: Grassy Terrain|[from] ability: Grassy Surge|[of] p1a: Rillaboom\n|move|p2a: Urshifu|Surging Strikes|p1a: Rillaboom\n|-resisted|p1a: Rillaboom\n|-crit|p1a: Rillaboom\n|-damage|p1a: Rillaboom|92\/100\n|-resisted|p1a: Rillaboom\n|-crit|p1a: Rillaboom\n|-damage|p1a: Rillaboom|82\/100\n|-resisted|p1a: Rillaboom\n|-crit|p1a: Rillaboom\n|-damage|p1a: Rillaboom|73\/100\n|-hitcount|p1a: Rillaboom|3\n|\n|-heal|p1a: Rillaboom|79\/100|[from] Grassy Terrain\n|-heal|p1a: Rillaboom|85\/100|[from] item: Leftovers\n|upkeep\n|turn|2\n|\n|t:|1701116039\n|switch|p2a: Tangrowth|Tangrowth, F|100\/100\n|move|p1a: Rillaboom|Knock Off|p2a: Tangrowth\n|-damage|p2a: Tangrowth|80\/100\n|-enditem|p2a: Tangrowth|Heavy-Duty Boots|[from] move: Knock Off|[of] p1a: Rillaboom\n|\n|-heal|p1a: Rillaboom|91\/100|[from] Grassy Terrain\n|-heal|p1a: Rillaboom|98\/100|[from] item: Leftovers\n|-heal|p2a: Tangrowth|87\/100|[from] Grassy Terrain\n|upkeep\n|turn|3\n|\n|t:|1701116047\n|switch|p1a: Magnezone|Magnezone|100\/100\n|move|p2a: Tangrowth|Knock Off|p1a: Magnezone\n|-damage|p1a: Magnezone|78\/100\n|-enditem|p1a: Magnezone|Choice Scarf|[from] move: Knock Off|[of] p2a: Tangrowth\n|\n|-heal|p1a: Magnezone|84\/100|[from] Grassy Terrain\n|-heal|p2a: Tangrowth|93\/100|[from] Grassy Terrain\n|upkeep\n|turn|4\n|\n|t:|1701116055\n|switch|p2a: Heatran|Heatran, M|100\/100\n|move|p1a: Magnezone|Flash Cannon|p2a: Heatran\n|-resisted|p2a: Heatran\n|-damage|p2a: Heatran|94\/100\n|\n|-heal|p1a: Magnezone|90\/100|[from] Grassy Terrain\n|-heal|p2a: Heatran|100\/100|[from] Grassy Terrain\n|upkeep\n|turn|5\n|\n|t:|1701116059\n|move|p1a: Magnezone|Volt Switch|p2a: Heatran\n|-damage|p2a: Heatran|80\/100\n|\n|t:|1701116063\n|switch|p1a: Diancie|Diancie|100\/100|[from] Volt Switch\n|move|p2a: Heatran|Magma Storm|p1a: Diancie|[miss]\n|-miss|p2a: Heatran|p1a: Diancie\n|\n|-heal|p2a: Heatran|86\/100|[from] Grassy Terrain\n|-heal|p2a: Heatran|92\/100|[from] item: Leftovers\n|-fieldend|move: Grassy Terrain\n|upkeep\n|turn|6\n|\n|t:|1701116070\n|switch|p2a: Alomomola|Alomomola, M|100\/100\n|move|p1a: Diancie|Substitute|p1a: Diancie\n|-start|p1a: Diancie|Substitute\n|-damage|p1a: Diancie|76\/100\n|\n|upkeep\n|turn|7\n|\n|t:|1701116078\n|detailschange|p1a: Diancie|Diancie-Mega\n|-mega|p1a: Diancie|Diancie|Diancite\n|move|p1a: Diancie|Moonblast|p2a: Alomomola\n|-damage|p2a: Alomomola|52\/100\n|move|p2a: Alomomola|Flip Turn|p1a: Diancie\n|-supereffective|p1a: Diancie\n|-end|p1a: Diancie|Substitute\n|\n|t:|1701116083\n|switch|p2a: Urshifu|Urshifu-Rapid-Strike, F|100\/100|[from] Flip Turn\n|\n|upkeep\n|turn|8\n|\n|t:|1701116090\n|switch|p1a: Rillaboom|Rillaboom, M|98\/100\n|-fieldstart|move: Grassy Terrain|[from] ability: Grassy Surge|[of] p1a: Rillaboom\n|move|p2a: Urshifu|U-turn|p1a: Rillaboom\n|-supereffective|p1a: Rillaboom\n|-damage|p1a: Rillaboom|48\/100\n|\n|t:|1701116093\n|switch|p2a: Tangrowth|Tangrowth, F|100\/100|[from] U-turn\n|\n|-heal|p1a: Rillaboom|55\/100|[from] Grassy Terrain\n|-heal|p1a: Rillaboom|61\/100|[from] item: Leftovers\n|upkeep\n|turn|9\n|\n|t:|1701116107\n|switch|p1a: Magnezone|Magnezone|90\/100\n|move|p2a: Tangrowth|Leech Seed|p1a: Magnezone\n|-start|p1a: Magnezone|move: Leech Seed\n|\n|-heal|p1a: Magnezone|96\/100|[from] Grassy Terrain\n|-damage|p1a: Magnezone|83\/100|[from] Leech Seed|[of] p2a: Tangrowth\n|upkeep\n|turn|10\n|\n|t:|1701116123\n|switch|p1a: Rillaboom|Rillaboom, M|61\/100\n|switch|p2a: Gliscor|Gliscor, F|100\/100\n|\n|-heal|p1a: Rillaboom|67\/100|[from] Grassy Terrain\n|-heal|p1a: Rillaboom|73\/100|[from] item: Leftovers\n|-status|p2a: Gliscor|tox|[from] item: Toxic Orb\n|upkeep\n|turn|11\n|\n|t:|1701116128\n|switch|p2a: Tangrowth|Tangrowth, F|100\/100\n|move|p1a: Rillaboom|Swords Dance|p1a: Rillaboom\n|-boost|p1a: Rillaboom|atk|2\n|\n|-heal|p1a: Rillaboom|80\/100|[from] Grassy Terrain\n|-heal|p1a: Rillaboom|86\/100|[from] item: Leftovers\n|upkeep\n|turn|12\n|\n|t:|1701116135\n|-terastallize|p1a: Rillaboom|Grass\n|move|p1a: Rillaboom|Wood Hammer|p2a: Tangrowth\n|-resisted|p2a: Tangrowth\n|-damage|p2a: Tangrowth|35\/100\n|-damage|p1a: Rillaboom|63\/100|[from] Recoil\n|move|p2a: Tangrowth|Knock Off|p1a: Rillaboom\n|-damage|p1a: Rillaboom|42\/100\n|-enditem|p1a: Rillaboom|Leftovers|[from] move: Knock Off|[of] p2a: Tangrowth\n|\n|-heal|p1a: Rillaboom|49\/100|[from] Grassy Terrain\n|-heal|p2a: Tangrowth|41\/100|[from] Grassy Terrain\n|-fieldend|move: Grassy Terrain\n|upkeep\n|turn|13\n|c|\u2606adem|Yo.\n|\n|t:|1701116140\n|switch|p2a: Heatran|Heatran, M|92\/100\n|move|p1a: Rillaboom|Wood Hammer|p2a: Heatran\n|-resisted|p2a: Heatran\n|-damage|p2a: Heatran|52\/100\n|-damage|p1a: Rillaboom|36\/100|[from] Recoil\n|\n|-heal|p2a: Heatran|59\/100|[from] item: Leftovers\n|upkeep\n|turn|14\n|c|\u2606gamer but swag|My goat\n|\n|t:|1701116153\n|switch|p1a: Diancie|Diancie-Mega|76\/100\n|switch|p2a: Tangrowth|Tangrowth, F|75\/100\n|\n|upkeep\n|turn|15\n|\n|t:|1701116160\n|move|p1a: Diancie|Moonblast|p2a: Tangrowth\n|-damage|p2a: Tangrowth|0 fnt\n|faint|p2a: Tangrowth\n|\n|upkeep\n|c|\u2606gamer but swag|Oh\n|c|\u2606gamer but swag|I forgot how paper that mon is\n|c|\u2606adem|ye\n|\n|t:|1701116176\n|switch|p2a: Urshifu|Urshifu-Rapid-Strike, F|100\/100\n|turn|16\n|\n|t:|1701116181\n|switch|p1a: Magnezone|Magnezone|83\/100\n|move|p2a: Urshifu|Surging Strikes|p1a: Magnezone\n|-crit|p1a: Magnezone\n|-damage|p1a: Magnezone|63\/100\n|-crit|p1a: Magnezone\n|-damage|p1a: Magnezone|39\/100\n|-crit|p1a: Magnezone\n|-damage|p1a: Magnezone|17\/100\n|-hitcount|p1a: Magnezone|3\n|\n|upkeep\n|turn|17\n|\n|t:|1701116187\n|move|p2a: Urshifu|Surging Strikes|p1a: Magnezone\n|-crit|p1a: Magnezone\n|-damage|p1a: Magnezone|0 fnt\n|faint|p1a: Magnezone\n|-hitcount|p1: Magnezone|1\n|\n|upkeep\n|\n|t:|1701116189\n|switch|p1a: Rillaboom|Rillaboom, M, tera:Grass|36\/100\n|-fieldstart|move: Grassy Terrain|[from] ability: Grassy Surge|[of] p1a: Rillaboom\n|turn|18\n|\n|t:|1701116194\n|switch|p2a: Alomomola|Alomomola, M|85\/100\n|move|p1a: Rillaboom|Knock Off|p2a: Alomomola\n|-damage|p2a: Alomomola|63\/100\n|-enditem|p2a: Alomomola|Heavy-Duty Boots|[from] move: Knock Off|[of] p1a: Rillaboom\n|\n|-heal|p1a: Rillaboom|42\/100|[from] Grassy Terrain\n|-heal|p2a: Alomomola|70\/100|[from] Grassy Terrain\n|upkeep\n|turn|19\n|\n|t:|1701116203\n|move|p1a: Rillaboom|Knock Off|p2a: Alomomola\n|-damage|p2a: Alomomola|55\/100\n|move|p2a: Alomomola|Flip Turn|p1a: Rillaboom\n|-resisted|p1a: Rillaboom\n|-damage|p1a: Rillaboom|34\/100\n|\n|t:|1701116205\n|switch|p2a: Medicham|Medicham, M|100\/100|[from] Flip Turn\n|\n|-heal|p1a: Rillaboom|40\/100|[from] Grassy Terrain\n|upkeep\n|turn|20\n|\n|t:|1701116212\n|switch|p1a: Landorus|Landorus-Therian, M|100\/100\n|-ability|p1a: Landorus|Intimidate|boost\n|-unboost|p2a: Medicham|atk|1\n|detailschange|p2a: Medicham|Medicham-Mega, M\n|-mega|p2a: Medicham|Medicham|Medichamite\n|move|p2a: Medicham|Fake Out|p1a: Landorus\n|-damage|p1a: Landorus|89\/100\n|-damage|p2a: Medicham|84\/100|[from] item: Rocky Helmet|[of] p1a: Landorus\n|\n|-heal|p2a: Medicham|90\/100|[from] Grassy Terrain\n|upkeep\n|turn|21\n|c|\u2606adem|double stay in is crazy\n|c|\u2606gamer but swag|The demon\n|l|\u2606adem\n|inactive|adem disconnected and has 280 seconds to reconnect!\n|player|p1|\n|inactive|adem has 270 seconds to reconnect!\n|inactive|adem has 240 seconds to reconnect!\n|j|\u2606adem\n|inactive|adem reconnected and has 285 seconds left.\n|player|p1|adem|#adem\n|inactive|adem has 270 seconds left.\n|\n|t:|1701116294\n|switch|p2a: Alomomola|Alomomola, M|88\/100\n|move|p1a: Landorus|Stealth Rock|p2a: Alomomola\n|-sidestart|p2: gamer but swag|move: Stealth Rock\n|\n|-heal|p2a: Alomomola|94\/100|[from] Grassy Terrain\n|upkeep\n|turn|22\n|\n|t:|1701116301\n|move|p1a: Landorus|U-turn|p2a: Alomomola\n|-damage|p2a: Alomomola|80\/100\n|j| Runo\n|inactive|adem has 270 seconds left.\n|l| Runo\n|\n|t:|1701116322\n|switch|p1a: Rillaboom|Rillaboom, M, tera:Grass|40\/100|[from] U-turn\n|move|p2a: Alomomola|Flip Turn|p1a: Rillaboom\n|-resisted|p1a: Rillaboom\n|-damage|p1a: Rillaboom|33\/100\n|\n|t:|1701116330\n|switch|p2a: Medicham|Medicham-Mega, M|90\/100|[from] Flip Turn\n|-damage|p2a: Medicham|84\/100|[from] Stealth Rock\n|\n|-heal|p2a: Medicham|90\/100|[from] Grassy Terrain\n|-heal|p1a: Rillaboom|39\/100|[from] Grassy Terrain\n|-fieldend|move: Grassy Terrain\n|upkeep\n|turn|23\n|inactive|adem has 270 seconds left.\n|\n|t:|1701116339\n|switch|p1a: Landorus|Landorus-Therian, M|89\/100\n|-ability|p1a: Landorus|Intimidate|boost\n|-unboost|p2a: Medicham|atk|1\n|move|p2a: Medicham|Zen Headbutt|p1a: Landorus\n|-damage|p1a: Landorus|58\/100\n|-damage|p2a: Medicham|74\/100|[from] item: Rocky Helmet|[of] p1a: Landorus\n|\n|upkeep\n|turn|24\n|\n|t:|1701116348\n|switch|p2a: Gliscor|Gliscor, F|100\/100 tox\n|-damage|p2a: Gliscor|88\/100 tox|[from] Stealth Rock\n|move|p1a: Landorus|U-turn|p2a: Gliscor\n|-resisted|p2a: Gliscor\n|-damage|p2a: Gliscor|79\/100 tox\n|\n|t:|1701116354\n|switch|p1a: Rillaboom|Rillaboom, M, tera:Grass|39\/100|[from] U-turn\n|-fieldstart|move: Grassy Terrain|[from] ability: Grassy Surge|[of] p1a: Rillaboom\n|\n|-heal|p1a: Rillaboom|45\/100|[from] Grassy Terrain\n|-heal|p2a: Gliscor|91\/100 tox|[from] ability: Poison Heal\n|upkeep\n|turn|25\n|\n|t:|1701116357\n|move|p2a: Gliscor|Toxic|p1a: Rillaboom\n|-status|p1a: Rillaboom|tox\n|move|p1a: Rillaboom|Wood Hammer|p2a: Gliscor\n|-damage|p2a: Gliscor|0 fnt\n|faint|p2a: Gliscor\n|-damage|p1a: Rillaboom|18\/100 tox|[from] Recoil\n|\n|-heal|p1a: Rillaboom|24\/100 tox|[from] Grassy Terrain\n|-damage|p1a: Rillaboom|18\/100 tox|[from] psn\n|upkeep\n|c|\u2606adem|another one bites the dust\n|\n|t:|1701116364\n|switch|p2a: Medicham|Medicham-Mega, M|74\/100\n|-damage|p2a: Medicham|68\/100|[from] Stealth Rock\n|turn|26\n|\n|t:|1701116366\n|switch|p1a: Landorus|Landorus-Therian, M|58\/100\n|-ability|p1a: Landorus|Intimidate|boost\n|-unboost|p2a: Medicham|atk|1\n|move|p2a: Medicham|Fake Out|p1a: Landorus\n|-damage|p1a: Landorus|47\/100\n|-damage|p2a: Medicham|51\/100|[from] item: Rocky Helmet|[of] p1a: Landorus\n|\n|-heal|p2a: Medicham|57\/100|[from] Grassy Terrain\n|upkeep\n|turn|27\n|\n|t:|1701116372\n|switch|p2a: Alomomola|Alomomola, M|100\/100\n|-damage|p2a: Alomomola|88\/100|[from] Stealth Rock\n|move|p1a: Landorus|U-turn|p2a: Alomomola\n|-damage|p2a: Alomomola|74\/100\n|\n|t:|1701116378\n|switch|p1a: Rillaboom|Rillaboom, M, tera:Grass|18\/100 tox|[from] U-turn\n|\n|-heal|p1a: Rillaboom|24\/100 tox|[from] Grassy Terrain\n|-heal|p2a: Alomomola|80\/100|[from] Grassy Terrain\n|-damage|p1a: Rillaboom|18\/100 tox|[from] psn\n|upkeep\n|turn|28\n|\n|t:|1701116381\n|move|p2a: Alomomola|Protect|p2a: Alomomola\n|-singleturn|p2a: Alomomola|Protect\n|move|p1a: Rillaboom|Wood Hammer|p2a: Alomomola\n|-activate|p2a: Alomomola|move: Protect\n|\n|-heal|p1a: Rillaboom|24\/100 tox|[from] Grassy Terrain\n|-heal|p2a: Alomomola|86\/100|[from] Grassy Terrain\n|-damage|p1a: Rillaboom|11\/100 tox|[from] psn\n|-fieldend|move: Grassy Terrain\n|upkeep\n|turn|29\n|\n|t:|1701116387\n|switch|p2a: Heatran|Heatran, M|59\/100\n|-damage|p2a: Heatran|46\/100|[from] Stealth Rock\n|move|p1a: Rillaboom|Knock Off|p2a: Heatran\n|-damage|p2a: Heatran|16\/100\n|-enditem|p2a: Heatran|Leftovers|[from] move: Knock Off|[of] p1a: Rillaboom\n|\n|-damage|p1a: Rillaboom|0 fnt|[from] psn\n|faint|p1a: Rillaboom\n|upkeep\n|\n|t:|1701116406\n|switch|p1a: Diancie|Diancie-Mega|76\/100\n|turn|30\n|\n|t:|1701116411\n|switch|p2a: Alomomola|Alomomola, M|100\/100\n|-damage|p2a: Alomomola|88\/100|[from] Stealth Rock\n|move|p1a: Diancie|Diamond Storm|p2a: Alomomola\n|-damage|p2a: Alomomola|55\/100\n|-boost|p1a: Diancie|def|2\n|\n|upkeep\n|turn|31\n|c|\u2606adem|ok i might have messed up slightly\n|\n|t:|1701116419\n|move|p1a: Diancie|Moonblast|p2a: Alomomola\n|-damage|p2a: Alomomola|5\/100\n|move|p2a: Alomomola|Wish|p2a: Alomomola\n|\n|upkeep\n|turn|32\n|\n|t:|1701116424\n|move|p2a: Alomomola|Protect|p2a: Alomomola\n|-singleturn|p2a: Alomomola|Protect\n|move|p1a: Diancie|Substitute|p1a: Diancie\n|-start|p1a: Diancie|Substitute\n|-damage|p1a: Diancie|51\/100\n|\n|-heal|p2a: Alomomola|55\/100|[from] move: Wish|[wisher] Alomomola\n|upkeep\n|turn|33\n|\n|t:|1701116428\n|move|p1a: Diancie|Diamond Storm|p2a: Alomomola\n|-crit|p2a: Alomomola\n|-damage|p2a: Alomomola|8\/100\n|-boost|p1a: Diancie|def|2\n|move|p2a: Alomomola|Wish|p2a: Alomomola\n|\n|upkeep\n|turn|34\n|\n|t:|1701116432\n|move|p2a: Alomomola|Protect|p2a: Alomomola\n|-singleturn|p2a: Alomomola|Protect\n|move|p1a: Diancie|Diamond Storm|p2a: Alomomola\n|-activate|p2a: Alomomola|move: Protect\n|\n|-heal|p2a: Alomomola|58\/100|[from] move: Wish|[wisher] Alomomola\n|upkeep\n|turn|35\n|c|\u2606adem|maybe not.\n|\n|t:|1701116441\n|move|p1a: Diancie|Moonblast|p2a: Alomomola\n|-damage|p2a: Alomomola|9\/100\n|move|p2a: Alomomola|Wish|p2a: Alomomola\n|\n|upkeep\n|turn|36\n|\n|t:|1701116444\n|move|p2a: Alomomola|Protect|p2a: Alomomola\n|-singleturn|p2a: Alomomola|Protect\n|move|p1a: Diancie|Moonblast|p2a: Alomomola\n|-activate|p2a: Alomomola|move: Protect\n|\n|-heal|p2a: Alomomola|59\/100|[from] move: Wish|[wisher] Alomomola\n|upkeep\n|turn|37\n|\n|t:|1701116448\n|move|p1a: Diancie|Diamond Storm|p2a: Alomomola\n|-damage|p2a: Alomomola|26\/100\n|move|p2a: Alomomola|Wish|p2a: Alomomola\n|\n|upkeep\n|turn|38\n|\n|t:|1701116451\n|move|p2a: Alomomola|Protect|p2a: Alomomola\n|-singleturn|p2a: Alomomola|Protect\n|move|p1a: Diancie|Moonblast|p2a: Alomomola\n|-activate|p2a: Alomomola|move: Protect\n|\n|-heal|p2a: Alomomola|76\/100|[from] move: Wish|[wisher] Alomomola\n|upkeep\n|turn|39\n|\n|t:|1701116456\n|move|p1a: Diancie|Moonblast|p2a: Alomomola\n|-damage|p2a: Alomomola|30\/100\n|-unboost|p2a: Alomomola|spa|1\n|move|p2a: Alomomola|Wish|p2a: Alomomola\n|\n|upkeep\n|turn|40\n|\n|t:|1701116459\n|move|p2a: Alomomola|Protect|p2a: Alomomola\n|-singleturn|p2a: Alomomola|Protect\n|move|p1a: Diancie|Moonblast|p2a: Alomomola\n|-activate|p2a: Alomomola|move: Protect\n|\n|-heal|p2a: Alomomola|80\/100|[from] move: Wish|[wisher] Alomomola\n|upkeep\n|turn|41\n|\n|t:|1701116464\n|move|p1a: Diancie|Moonblast|p2a: Alomomola\n|-crit|p2a: Alomomola\n|-damage|p2a: Alomomola|6\/100\n|-unboost|p2a: Alomomola|spa|1\n|move|p2a: Alomomola|Wish|p2a: Alomomola\n|\n|upkeep\n|turn|42\n|c|\u2606gamer but swag|Leave me alone!!!\n|\n|t:|1701116473\n|move|p2a: Alomomola|Protect|p2a: Alomomola\n|-singleturn|p2a: Alomomola|Protect\n|move|p1a: Diancie|Moonblast|p2a: Alomomola\n|-activate|p2a: Alomomola|move: Protect\n|\n|-heal|p2a: Alomomola|55\/100|[from] move: Wish|[wisher] Alomomola\n|upkeep\n|turn|43\n|\n|t:|1701116478\n|move|p1a: Diancie|Moonblast|p2a: Alomomola\n|-damage|p2a: Alomomola|10\/100\n|move|p2a: Alomomola|Wish|p2a: Alomomola\n|\n|upkeep\n|turn|44\n|\n|t:|1701116483\n|move|p2a: Alomomola|Protect|p2a: Alomomola\n|-singleturn|p2a: Alomomola|Protect\n|move|p1a: Diancie|Moonblast|p2a: Alomomola\n|-activate|p2a: Alomomola|move: Protect\n|\n|-heal|p2a: Alomomola|60\/100|[from] move: Wish|[wisher] Alomomola\n|upkeep\n|turn|45\n|\n|t:|1701116486\n|move|p1a: Diancie|Moonblast|p2a: Alomomola\n|-damage|p2a: Alomomola|10\/100\n|-unboost|p2a: Alomomola|spa|1\n|move|p2a: Alomomola|Wish|p2a: Alomomola\n|\n|upkeep\n|turn|46\n|\n|t:|1701116489\n|move|p2a: Alomomola|Protect|p2a: Alomomola\n|-singleturn|p2a: Alomomola|Protect\n|move|p1a: Diancie|Moonblast|p2a: Alomomola\n|-activate|p2a: Alomomola|move: Protect\n|\n|-heal|p2a: Alomomola|60\/100|[from] move: Wish|[wisher] Alomomola\n|upkeep\n|turn|47\n|\n|t:|1701116491\n|move|p1a: Diancie|Moonblast|p2a: Alomomola\n|-damage|p2a: Alomomola|9\/100\n|move|p2a: Alomomola|Wish|p2a: Alomomola\n|\n|upkeep\n|turn|48\n|\n|t:|1701116493\n|move|p2a: Alomomola|Protect|p2a: Alomomola\n|-singleturn|p2a: Alomomola|Protect\n|move|p1a: Diancie|Moonblast|p2a: Alomomola\n|-activate|p2a: Alomomola|move: Protect\n|\n|-heal|p2a: Alomomola|59\/100|[from] move: Wish|[wisher] Alomomola\n|upkeep\n|turn|49\n|\n|t:|1701116497\n|move|p1a: Diancie|Moonblast|p2a: Alomomola\n|-damage|p2a: Alomomola|12\/100\n|move|p2a: Alomomola|Wish|p2a: Alomomola\n|\n|upkeep\n|turn|50\n|\n|t:|1701116500\n|switch|p2a: Heatran|Heatran, M|16\/100\n|-damage|p2a: Heatran|4\/100|[from] Stealth Rock\n|move|p1a: Diancie|Earth Power|p2a: Heatran\n|-supereffective|p2a: Heatran\n|-damage|p2a: Heatran|0 fnt\n|faint|p2a: Heatran\n|\n|upkeep\n|c|\u2606gamer but swag|No way\n|\n|t:|1701116508\n|switch|p2a: Urshifu|Urshifu-Rapid-Strike, F|100\/100\n|-damage|p2a: Urshifu|94\/100|[from] Stealth Rock\n|turn|51\n|c|\u2606adem|im the goat\n|\n|t:|1701116513\n|move|p2a: Urshifu|Surging Strikes|p1a: Diancie\n|-supereffective|p1a: Diancie\n|-crit|p1a: Diancie\n|-end|p1a: Diancie|Substitute\n|-supereffective|p1a: Diancie\n|-crit|p1a: Diancie\n|-damage|p1a: Diancie|1\/100\n|-supereffective|p1a: Diancie\n|-crit|p1a: Diancie\n|-damage|p1a: Diancie|0 fnt\n|faint|p1a: Diancie\n|-hitcount|p1: Diancie|3\n|\n|upkeep\n|\n|t:|1701116519\n|switch|p1a: Iron Valiant|Iron Valiant|100\/100\n|-enditem|p1a: Iron Valiant|Booster Energy\n|-activate|p1a: Iron Valiant|ability: Quark Drive|[fromitem]\n|-start|p1a: Iron Valiant|quarkdrivespe\n|turn|52\n|\n|t:|1701116527\n|move|p1a: Iron Valiant|Thunderbolt|p2a: Urshifu\n|-supereffective|p2a: Urshifu\n|-damage|p2a: Urshifu|10\/100\n|move|p2a: Urshifu|Surging Strikes|p1a: Iron Valiant\n|-crit|p1a: Iron Valiant\n|-damage|p1a: Iron Valiant|74\/100\n|-crit|p1a: Iron Valiant\n|-damage|p1a: Iron Valiant|46\/100\n|-crit|p1a: Iron Valiant\n|-damage|p1a: Iron Valiant|20\/100\n|-hitcount|p1a: Iron Valiant|3\n|\n|upkeep\n|turn|53\n|c|\u2606adem|Um\n|c|\u2606adem|why did u do that\n|c|\u2606adem|try and throw\n|c|\u2606adem|why did i do that too\n|c|\u2606gamer but swag|No dude\n|c|\u2606gamer but swag|Epic read\n|c|\u2606adem|why didnt i moon\n|c|\u2606adem|no dud\n|c|\u2606adem|idk why i didnt moon\n|inactive|adem has 270 seconds left.\n|c|\u2606adem|alo is at 12\n|c|\u2606adem|LOL\n|\n|t:|1701116562\n|switch|p2a: Alomomola|Alomomola, M|45\/100\n|-damage|p2a: Alomomola|33\/100|[from] Stealth Rock\n|move|p1a: Iron Valiant|Moonblast|p2a: Alomomola\n|-damage|p2a: Alomomola|0 fnt\n|faint|p2a: Alomomola\n|\n|upkeep\n|c|\u2606adem|ok i threw\n|\n|t:|1701116567\n|switch|p2a: Medicham|Medicham-Mega, M|57\/100\n|-damage|p2a: Medicham|51\/100|[from] Stealth Rock\n|turn|54\n|c|\u2606adem|so badly\n|c|\u2606adem|Maybe.\n|inactive|adem has 270 seconds left.\n|\n|t:|1701116577\n|move|p2a: Medicham|Fake Out|p1a: Iron Valiant\n|-damage|p1a: Iron Valiant|0 fnt\n|faint|p1a: Iron Valiant\n|-end|p1a: Iron Valiant|Quark Drive|[silent]\n|\n|upkeep\n|\n|t:|1701116580\n|switch|p1a: Sneasler|Sneasler, F|100\/100\n|turn|55\n|inactive|adem has 270 seconds left.\n|\n|t:|1701116608\n|move|p1a: Sneasler|Acrobatics|p2a: Medicham\n|-supereffective|p2a: Medicham\n|-damage|p2a: Medicham|0 fnt\n|faint|p2a: Medicham\n|\n|upkeep\n|c|\u2606gamer but swag|Mega Medicham sucks nvm\n|\n|t:|1701116619\n|switch|p2a: Urshifu|Urshifu-Rapid-Strike, F|10\/100\n|-damage|p2a: Urshifu|4\/100|[from] Stealth Rock\n|turn|56\n|c|\u2606adem|ye\n|\n|t:|1701116622\n|move|p2a: Urshifu|Surging Strikes|p1a: Sneasler\n|-crit|p1a: Sneasler\n|-damage|p1a: Sneasler|64\/100\n|-crit|p1a: Sneasler\n|-damage|p1a: Sneasler|28\/100\n|-crit|p1a: Sneasler\n|-damage|p1a: Sneasler|0 fnt\n|faint|p1a: Sneasler\n|-hitcount|p1: Sneasler|3\n|\n|upkeep\n|\n|t:|1701116625\n|switch|p1a: Landorus|Landorus-Therian, M|47\/100\n|-ability|p1a: Landorus|Intimidate|boost\n|-unboost|p2a: Urshifu|atk|1\n|turn|57\n|\n|t:|1701116628\n|move|p2a: Urshifu|Surging Strikes|p1a: Landorus\n|-supereffective|p1a: Landorus\n|-crit|p1a: Landorus\n|-damage|p1a: Landorus|21\/100\n|-damage|p2a: Urshifu|0 fnt|[from] item: Rocky Helmet|[of] p1a: Landorus\n|faint|p2a: Urshifu\n|\n|win|adem\n|-hitcount|p1a: Landorus|1\n|c|\u2606adem|gg\n|c|\u2606adem|im the goat\n|c|\u2606gamer but swag|Gg\n|c|\u2606adem|eillaboom is broken\n|c|\u2606gamer but swag|More like the noob\n","uploadtime":1701116640,"views":63,"p1id":"adem","p2id":"gamerbutswag","formatid":"gen9nationaldex","rating":0,"private":0,"password":""}