{"id":"gen9nationaldex-1998794320","p1":"The power of ROCK","p2":"ThePowerofElectric","format":"[Gen 9] National Dex","log":"|html|<div class=\"broadcast-blue\"><strong>[Gen 9] National Dex is currently suspecting Sneasler! For information on how to participate check out the <a href=\"https:\/\/www.smogon.com\/forums\/threads\/sv-national-dex-suspect-8-just-dance.3731534\/\">suspect thread<\/a>.<\/strong><\/div>\n|j|\u2606The power of ROCK\n|j|\u2606ThePowerofElectric\n|t:|1700992307\n|gametype|singles\n|player|p1|The power of ROCK|roark|\n|player|p2|ThePowerofElectric|wattson|\n|teamsize|p1|6\n|teamsize|p2|6\n|gen|9\n|tier|[Gen 9] National Dex\n|rule|HP Percentage Mod: HP is shown in percentages\n|rule|Endless Battle Clause: Forcing endless battles is banned\n|rule|OHKO Clause: OHKO moves are banned\n|rule|Evasion Clause: Evasion abilities, items, and moves are banned\n|rule|Evasion Abilities Clause: Evasion abilities are banned\n|rule|Evasion Items Clause: Evasion items are banned\n|rule|Evasion Moves Clause: Evasion moves are banned\n|rule|Species Clause: Limit one of each Pok\u00e9mon\n|rule|Sleep Clause Mod: Limit one foe put to sleep\n|clearpoke\n|poke|p1|Tyranitar, F|\n|poke|p1|Garganacl, F|\n|poke|p1|Aggron, M|\n|poke|p1|Glimmora, M|\n|poke|p1|Stakataka|\n|poke|p1|Rhyperior, M|\n|poke|p2|Zapdos|\n|poke|p2|Rotom-Wash|\n|poke|p2|Magnezone|\n|poke|p2|Iron Hands|\n|poke|p2|Tapu Koko|\n|poke|p2|Xurkitree|\n|teampreview\n|c|\u2606ThePowerofElectric|Welcome to the ELECTRIC gym\n|j| Oculars\u2655\n|c|\u2606The power of ROCK|Welcome to the ROCK gym\n|c|\u2606The power of ROCK|xD\n|j| AAATD SCRIM\n|c| AAATD SCRIM|yoooooooo\n|c| Oculars\u2655|voice me\n|c|\u2606The power of ROCK|how\n|c| Oculars\u2655|power of rock\n|c| Oculars\u2655|.\/promote oculars\n|n|+Oculars\u2655|oculars\n|n|+Oculars\u2655|oculars\n|c|\u2606ThePowerofElectric|\/log Oculars\u2655 was promoted to Room Voice by ThePowerofElectric.\n|n|+Oculars\u2655|oculars\n|c|+Oculars\u2655|!dt iron thorns\n|raw|<div class=\"message\"><ul class=\"utilichart\"><li class=\"result\"><span class=\"col numcol\">RU<\/span> <span class=\"col iconcol\"><psicon pokemon=\"ironthorns\"\/><\/span> <span class=\"col pokemonnamecol\" style=\"white-space:nowrap\"><a href=\"https:\/\/dex.pokemonshowdown.com\/pokemon\/ironthorns\" target=\"_blank\">Iron Thorns<\/a><\/span> <span class=\"col typecol\"><img src=\"https:\/\/play.pokemonshowdown.com\/sprites\/types\/Rock.png\" alt=\"Rock\" height=\"14\" width=\"32\"><img src=\"https:\/\/play.pokemonshowdown.com\/sprites\/types\/Electric.png\" alt=\"Electric\" height=\"14\" width=\"32\"><\/span> <span style=\"float:left;min-height:26px\"><span class=\"col abilitycol\">Quark Drive<\/span><span class=\"col abilitycol\"><\/span><\/span><span style=\"float:left;min-height:26px\"><span class=\"col statcol\"><em>HP<\/em><br \/>100<\/span> <span class=\"col statcol\"><em>Atk<\/em><br \/>134<\/span> <span class=\"col statcol\"><em>Def<\/em><br \/>110<\/span> <span class=\"col statcol\"><em>SpA<\/em><br \/>70<\/span> <span class=\"col statcol\"><em>SpD<\/em><br \/>84<\/span> <span class=\"col statcol\"><em>Spe<\/em><br \/>72<\/span> <span class=\"col bstcol\"><em>BST<br \/>570<\/em><\/span> <\/span><\/li><li style=\"clear:both\"><\/li><\/ul><\/div>\n|raw|<font size=\"1\"><font color=\"#686868\">Dex#:<\/font> 995&nbsp;|&ThickSpace;<font color=\"#686868\">Gen:<\/font> 9&nbsp;|&ThickSpace;<font color=\"#686868\">Height:<\/font> 1.6 m&nbsp;|&ThickSpace;<font color=\"#686868\">Weight:<\/font> 303 kg <em>(120 BP)<\/em>&nbsp;|&ThickSpace;<font color=\"#686868\">Dex Colour:<\/font> Green&nbsp;|&ThickSpace;<font color=\"#686868\">Egg Group(s):<\/font> Undiscovered&nbsp;|&ThickSpace;<font color=\"#686868\">Does Not Evolve<\/font><\/font>\n\n|c|\u2606The power of ROCK|how i tried typing that\n|c|+Oculars\u2655|welcome to this gym\n|c|\u2606The power of ROCK|it didn't work\n|c|\u2606The power of ROCK|iron thorns is a good idea\n|\n|t:|1700992444\n|start\n|switch|p1a: Garganacl|Garganacl, F|100\/100\n|switch|p2a: Rotom|Rotom-Wash|100\/100\n|turn|1\n|\n|t:|1700992455\n|switch|p1a: Tyranitar|Tyranitar, F|100\/100\n|-weather|Sandstorm|[from] ability: Sand Stream|[of] p1a: Tyranitar\n|move|p2a: Rotom|Volt Switch|p1a: Tyranitar\n|-damage|p1a: Tyranitar|93\/100\n|\n|t:|1700992459\n|switch|p2a: Iron Hands|Iron Hands|100\/100|[from] Volt Switch\n|\n|-weather|Sandstorm|[upkeep]\n|-damage|p2a: Iron Hands|94\/100|[from] Sandstorm\n|upkeep\n|turn|2\n|\n|t:|1700992464\n|switch|p1a: Glimmora|Glimmora, M|100\/100\n|move|p2a: Iron Hands|Drain Punch|p1a: Glimmora\n|-damage|p1a: Glimmora|43\/100\n|-heal|p2a: Iron Hands|100\/100|[from] drain|[of] p1a: Glimmora\n|-activate|p1a: Glimmora|ability: Toxic Debris\n|-sidestart|p2: ThePowerofElectric|move: Toxic Spikes\n|\n|-weather|Sandstorm|[upkeep]\n|-damage|p2a: Iron Hands|94\/100|[from] Sandstorm\n|upkeep\n|turn|3\n|\n|t:|1700992471\n|move|p1a: Glimmora|Mortal Spin|p2a: Iron Hands\n|-damage|p2a: Iron Hands|90\/100\n|-status|p2a: Iron Hands|psn\n|move|p2a: Iron Hands|Drain Punch|p1a: Glimmora\n|-damage|p1a: Glimmora|0 fnt\n|-heal|p2a: Iron Hands|100\/100 psn|[from] drain|[of] p1a: Glimmora\n|-activate|p1a: Glimmora|ability: Toxic Debris\n|-sidestart|p2: ThePowerofElectric|move: Toxic Spikes\n|faint|p1a: Glimmora\n|\n|-weather|Sandstorm|[upkeep]\n|-damage|p2a: Iron Hands|94\/100 psn|[from] Sandstorm\n|-damage|p2a: Iron Hands|82\/100 psn|[from] psn\n|upkeep\n|\n|t:|1700992475\n|switch|p1a: Garganacl|Garganacl, F|100\/100\n|turn|4\n|\n|t:|1700992479\n|-end|p2a: Iron Hands|Quark Drive|[silent]\n|switch|p2a: Rotom|Rotom-Wash|100\/100\n|-terastallize|p1a: Garganacl|Ghost\n|move|p1a: Garganacl|Iron Defense|p1a: Garganacl\n|-boost|p1a: Garganacl|def|2\n|\n|-weather|Sandstorm|[upkeep]\n|-damage|p2a: Rotom|94\/100|[from] Sandstorm\n|-damage|p1a: Garganacl|94\/100|[from] Sandstorm\n|-heal|p2a: Rotom|100\/100|[from] item: Leftovers\n|upkeep\n|turn|5\n|\n|t:|1700992486\n|move|p2a: Rotom|Volt Switch|p1a: Garganacl\n|-damage|p1a: Garganacl|79\/100\n|-enditem|p1a: Garganacl|Maranga Berry|[eat]\n|-boost|p1a: Garganacl|spd|1|[from] item: Maranga Berry\n|\n|t:|1700992490\n|switch|p2a: Zapdos|Zapdos|100\/100|[from] Volt Switch\n|move|p1a: Garganacl|Salt Cure|p2a: Zapdos\n|-supereffective|p2a: Zapdos\n|-damage|p2a: Zapdos|82\/100\n|-start|p2a: Zapdos|Salt Cure\n|-enditem|p2a: Zapdos|Red Card|[of] p1a: Garganacl\n|drag|p1a: Aggron|Aggron, M|100\/100\n|\n|-weather|none\n|-damage|p2a: Zapdos|69\/100|[from] Salt Cure\n|upkeep\n|turn|6\n|\n|t:|1700992498\n|switch|p1a: Garganacl|Garganacl, F, tera:Ghost|79\/100\n|move|p2a: Zapdos|Defog|p1a: Garganacl\n|-unboost|p1a: Garganacl|evasion|1\n|-sideend|p2: ThePowerofElectric|Toxic Spikes|[from] move: Defog|[of] p2a: Zapdos\n|\n|-damage|p2a: Zapdos|57\/100|[from] Salt Cure\n|upkeep\n|turn|7\n|\n|t:|1700992512\n|switch|p2a: Tapu Koko|Tapu Koko|100\/100\n|-fieldstart|move: Electric Terrain|[from] ability: Electric Surge|[of] p2a: Tapu Koko\n|move|p1a: Garganacl|Recover|p1a: Garganacl\n|-heal|p1a: Garganacl|100\/100\n|\n|upkeep\n|turn|8\n|\n|t:|1700992516\n|move|p2a: Tapu Koko|U-turn|p1a: Garganacl\n|-resisted|p1a: Garganacl\n|-damage|p1a: Garganacl|95\/100\n|\n|t:|1700992522\n|switch|p2a: Magnezone|Magnezone|100\/100|[from] U-turn\n|move|p1a: Garganacl|Salt Cure|p2a: Magnezone\n|-resisted|p2a: Magnezone\n|-damage|p2a: Magnezone|94\/100\n|-start|p2a: Magnezone|Salt Cure\n|\n|-damage|p2a: Magnezone|70\/100|[from] Salt Cure\n|upkeep\n|turn|9\n|\n|t:|1700992528\n|switch|p2a: Xurkitree|Xurkitree|100\/100\n|move|p1a: Garganacl|Recover|p1a: Garganacl\n|-heal|p1a: Garganacl|100\/100\n|\n|upkeep\n|turn|10\n|\n|t:|1700992540\n|switch|p1a: Tyranitar|Tyranitar, F|93\/100\n|-weather|Sandstorm|[from] ability: Sand Stream|[of] p1a: Tyranitar\n|move|p2a: Xurkitree|Energy Ball|p1a: Tyranitar\n|-supereffective|p1a: Tyranitar\n|-damage|p1a: Tyranitar|72\/100\n|-unboost|p1a: Tyranitar|spd|1\n|\n|-weather|Sandstorm|[upkeep]\n|-damage|p2a: Xurkitree|94\/100|[from] Sandstorm\n|upkeep\n|turn|11\n|\n|t:|1700992554\n|switch|p2a: Rotom|Rotom-Wash|100\/100\n|switch|p1a: Rhyperior|Rhyperior, M|100\/100\n|\n|-weather|Sandstorm|[upkeep]\n|-damage|p2a: Rotom|94\/100|[from] Sandstorm\n|-heal|p2a: Rotom|100\/100|[from] item: Leftovers\n|-fieldend|move: Electric Terrain\n|upkeep\n|turn|12\n|\n|t:|1700992558\n|switch|p1a: Garganacl|Garganacl, F, tera:Ghost|100\/100\n|move|p2a: Rotom|Hydro Pump|p1a: Garganacl\n|-damage|p1a: Garganacl|76\/100\n|\n|-weather|Sandstorm|[upkeep]\n|-damage|p2a: Rotom|94\/100|[from] Sandstorm\n|-damage|p1a: Garganacl|70\/100|[from] Sandstorm\n|-heal|p2a: Rotom|100\/100|[from] item: Leftovers\n|upkeep\n|turn|13\n|\n|t:|1700992563\n|move|p2a: Rotom|Volt Switch|p1a: Garganacl\n|-damage|p1a: Garganacl|52\/100\n|\n|t:|1700992567\n|switch|p2a: Tapu Koko|Tapu Koko|100\/100|[from] Volt Switch\n|-fieldstart|move: Electric Terrain|[from] ability: Electric Surge|[of] p2a: Tapu Koko\n|move|p1a: Garganacl|Recover|p1a: Garganacl\n|-heal|p1a: Garganacl|100\/100\n|\n|-weather|Sandstorm|[upkeep]\n|-damage|p2a: Tapu Koko|94\/100|[from] Sandstorm\n|-damage|p1a: Garganacl|94\/100|[from] Sandstorm\n|upkeep\n|turn|14\n|\n|t:|1700992571\n|move|p2a: Tapu Koko|Thunderbolt|p1a: Garganacl\n|-damage|p1a: Garganacl|65\/100\n|move|p1a: Garganacl|Salt Cure|p2a: Tapu Koko\n|-damage|p2a: Tapu Koko|75\/100\n|-start|p2a: Tapu Koko|Salt Cure\n|\n|-weather|none\n|-damage|p2a: Tapu Koko|63\/100|[from] Salt Cure\n|upkeep\n|turn|15\n|\n|t:|1700992575\n|move|p2a: Tapu Koko|U-turn|p1a: Garganacl\n|-resisted|p1a: Garganacl\n|-crit|p1a: Garganacl\n|-damage|p1a: Garganacl|57\/100\n|\n|t:|1700992579\n|switch|p2a: Iron Hands|Iron Hands|82\/100 psn|[from] U-turn\n|-activate|p2a: Iron Hands|ability: Quark Drive\n|-start|p2a: Iron Hands|quarkdriveatk\n|move|p1a: Garganacl|Recover|p1a: Garganacl\n|-heal|p1a: Garganacl|100\/100\n|\n|-damage|p2a: Iron Hands|69\/100 psn|[from] psn\n|upkeep\n|turn|16\n|\n|t:|1700992583\n|move|p2a: Iron Hands|Thunder Punch|p1a: Garganacl\n|-damage|p1a: Garganacl|48\/100\n|move|p1a: Garganacl|Iron Defense|p1a: Garganacl\n|-boost|p1a: Garganacl|def|2\n|\n|-damage|p2a: Iron Hands|57\/100 psn|[from] psn\n|upkeep\n|turn|17\n|\n|t:|1700992588\n|-end|p2a: Iron Hands|Quark Drive|[silent]\n|switch|p2a: Xurkitree|Xurkitree|94\/100\n|move|p1a: Garganacl|Recover|p1a: Garganacl\n|-heal|p1a: Garganacl|98\/100\n|\n|-fieldend|move: Electric Terrain\n|upkeep\n|turn|18\n|\n|t:|1700992595\n|move|p2a: Xurkitree|Volt Switch|p1a: Garganacl\n|-damage|p1a: Garganacl|68\/100\n|\n|t:|1700992598\n|switch|p2a: Magnezone|Magnezone|70\/100|[from] Volt Switch\n|move|p1a: Garganacl|Salt Cure|p2a: Magnezone\n|-resisted|p2a: Magnezone\n|-damage|p2a: Magnezone|63\/100\n|-start|p2a: Magnezone|Salt Cure\n|\n|-damage|p2a: Magnezone|38\/100|[from] Salt Cure\n|upkeep\n|turn|19\n|\n|t:|1700992602\n|move|p2a: Magnezone|Volt Switch|p1a: Garganacl\n|-damage|p1a: Garganacl|41\/100\n|\n|t:|1700992604\n|switch|p2a: Tapu Koko|Tapu Koko|63\/100|[from] Volt Switch\n|-fieldstart|move: Electric Terrain|[from] ability: Electric Surge|[of] p2a: Tapu Koko\n|move|p1a: Garganacl|Recover|p1a: Garganacl\n|-heal|p1a: Garganacl|91\/100\n|\n|upkeep\n|turn|20\n|\n|t:|1700992619\n|move|p2a: Tapu Koko|Thunderbolt|p1a: Garganacl\n|-damage|p1a: Garganacl|61\/100\n|move|p1a: Garganacl|Salt Cure|p2a: Tapu Koko\n|-damage|p2a: Tapu Koko|44\/100\n|-start|p2a: Tapu Koko|Salt Cure\n|\n|-damage|p2a: Tapu Koko|31\/100|[from] Salt Cure\n|upkeep\n|turn|21\n|\n|t:|1700992622\n|move|p2a: Tapu Koko|U-turn|p1a: Garganacl\n|-resisted|p1a: Garganacl\n|-damage|p1a: Garganacl|58\/100\n|\n|t:|1700992624\n|switch|p2a: Iron Hands|Iron Hands|57\/100 psn|[from] U-turn\n|-activate|p2a: Iron Hands|ability: Quark Drive\n|-start|p2a: Iron Hands|quarkdriveatk\n|move|p1a: Garganacl|Recover|p1a: Garganacl\n|-heal|p1a: Garganacl|100\/100\n|\n|-damage|p2a: Iron Hands|44\/100 psn|[from] psn\n|upkeep\n|turn|22\n|c|+Oculars\u2655|garganacl instant shamone\n|\n|t:|1700992630\n|-end|p2a: Iron Hands|Quark Drive|[silent]\n|switch|p2a: Zapdos|Zapdos|57\/100\n|move|p1a: Garganacl|Salt Cure|p2a: Zapdos\n|-supereffective|p2a: Zapdos\n|-damage|p2a: Zapdos|36\/100\n|-start|p2a: Zapdos|Salt Cure\n|\n|-damage|p2a: Zapdos|24\/100|[from] Salt Cure\n|upkeep\n|turn|23\n|c| AAATD SCRIM|fr\n|\n|t:|1700992638\n|move|p2a: Zapdos|Discharge|p1a: Garganacl\n|-damage|p1a: Garganacl|79\/100\n|move|p1a: Garganacl|Body Press|p2a: Zapdos\n|-resisted|p2a: Zapdos\n|-damage|p2a: Zapdos|7\/100\n|\n|-damage|p2a: Zapdos|0 fnt|[from] Salt Cure\n|faint|p2a: Zapdos\n|-fieldend|move: Electric Terrain\n|upkeep\n|c|+Oculars\u2655|bro switches into handrew tate then zapdos\n|\n|t:|1700992642\n|switch|p2a: Xurkitree|Xurkitree|94\/100\n|turn|24\n|\n|t:|1700992658\n|-terastallize|p2a: Xurkitree|Electric\n|move|p2a: Xurkitree|Electro Ball|p1a: Garganacl\n|-damage|p1a: Garganacl|0 fnt\n|faint|p1a: Garganacl\n|-ability|p2a: Xurkitree|Beast Boost|boost\n|-boost|p2a: Xurkitree|spa|1\n|\n|upkeep\n|c|+Oculars\u2655|does xurk die to 1 press\n|\n|t:|1700992663\n|switch|p1a: Rhyperior|Rhyperior, M|100\/100\n|turn|25\n|\n|t:|1700992667\n|-activate|p2a: Xurkitree|move: Pursuit\n|move|p1a: Rhyperior|Pursuit|p2a: Xurkitree|[from]Pursuit\n|-damage|p2a: Xurkitree|58\/100\n|switch|p2a: Rotom|Rotom-Wash|100\/100\n|\n|upkeep\n|turn|26\n|\n|t:|1700992673\n|switch|p1a: Tyranitar|Tyranitar, F|72\/100\n|-weather|Sandstorm|[from] ability: Sand Stream|[of] p1a: Tyranitar\n|move|p2a: Rotom|Volt Switch|p1a: Tyranitar\n|-damage|p1a: Tyranitar|65\/100\n|\n|t:|1700992677\n|switch|p2a: Iron Hands|Iron Hands|44\/100 psn|[from] Volt Switch\n|\n|-weather|Sandstorm|[upkeep]\n|-damage|p2a: Iron Hands|38\/100 psn|[from] Sandstorm\n|-damage|p2a: Iron Hands|25\/100 psn|[from] psn\n|upkeep\n|turn|27\n|c|+Oculars\u2655|nvm its specs electro ball\n|c|\u2606ThePowerofElectric|no\n|c|\u2606ThePowerofElectric|scarf\n|c|+Oculars\u2655|same difference\n|c|\u2606ThePowerofElectric|its not\n|\n|t:|1700992715\n|switch|p1a: Aggron|Aggron, M|100\/100\n|move|p2a: Iron Hands|Drain Punch|p1a: Aggron\n|-supereffective|p1a: Aggron\n|-damage|p1a: Aggron|12\/100\n|-heal|p2a: Iron Hands|58\/100 psn|[from] drain|[of] p1a: Aggron\n|\n|-weather|Sandstorm|[upkeep]\n|-damage|p2a: Iron Hands|52\/100 psn|[from] Sandstorm\n|-damage|p2a: Iron Hands|40\/100 psn|[from] psn\n|upkeep\n|turn|28\n|\n|t:|1700992723\n|detailschange|p1a: Aggron|Aggron-Mega, M\n|-mega|p1a: Aggron|Aggron|Aggronite\n|move|p2a: Iron Hands|Drain Punch|p1a: Aggron\n|-supereffective|p1a: Aggron\n|-damage|p1a: Aggron|0 fnt\n|-heal|p2a: Iron Hands|44\/100 psn|[from] drain|[of] p1a: Aggron\n|faint|p1a: Aggron\n|\n|-weather|Sandstorm|[upkeep]\n|-damage|p2a: Iron Hands|38\/100 psn|[from] Sandstorm\n|-damage|p2a: Iron Hands|25\/100 psn|[from] psn\n|upkeep\n|c|\u2606The power of ROCK|ok i think i lost this xD\n|\n|t:|1700992734\n|switch|p1a: Rhyperior|Rhyperior, M|100\/100\n|turn|29\n|\n|t:|1700992742\n|move|p2a: Iron Hands|Drain Punch|p1a: Rhyperior\n|-supereffective|p1a: Rhyperior\n|-damage|p1a: Rhyperior|53\/100\n|-heal|p2a: Iron Hands|47\/100 psn|[from] drain|[of] p1a: Rhyperior\n|move|p1a: Rhyperior|Body Press|p2a: Iron Hands\n|-damage|p2a: Iron Hands|31\/100 psn\n|\n|-weather|Sandstorm|[upkeep]\n|-damage|p2a: Iron Hands|25\/100 psn|[from] Sandstorm\n|-damage|p2a: Iron Hands|13\/100 psn|[from] psn\n|upkeep\n|turn|30\n|\n|t:|1700992747\n|move|p2a: Iron Hands|Drain Punch|p1a: Rhyperior\n|-supereffective|p1a: Rhyperior\n|-damage|p1a: Rhyperior|6\/100\n|-heal|p2a: Iron Hands|34\/100 psn|[from] drain|[of] p1a: Rhyperior\n|move|p1a: Rhyperior|Body Press|p2a: Iron Hands\n|-damage|p2a: Iron Hands|17\/100 psn\n|\n|-weather|none\n|-damage|p2a: Iron Hands|5\/100 psn|[from] psn\n|upkeep\n|turn|31\n|\n|t:|1700992751\n|move|p2a: Iron Hands|Drain Punch|p1a: Rhyperior\n|-supereffective|p1a: Rhyperior\n|-damage|p1a: Rhyperior|0 fnt\n|-heal|p2a: Iron Hands|8\/100 psn|[from] drain|[of] p1a: Rhyperior\n|faint|p1a: Rhyperior\n|\n|-damage|p2a: Iron Hands|0 fnt|[from] psn\n|faint|p2a: Iron Hands\n|-end|p2a: Iron Hands|Quark Drive|[silent]\n|upkeep\n|\n|t:|1700992772\n|switch|p2a: Rotom|Rotom-Wash|100\/100\n|switch|p1a: Stakataka|Stakataka|100\/100\n|turn|32\n|\n|t:|1700992778\n|move|p2a: Rotom|Will-O-Wisp|p1a: Stakataka|[miss]\n|-miss|p2a: Rotom|p1a: Stakataka\n|move|p1a: Stakataka|Trick Room|p1a: Stakataka\n|-fieldstart|move: Trick Room|[of] p1a: Stakataka\n|\n|upkeep\n|turn|33\n|\n|t:|1700992785\n|move|p2a: Rotom|Protect|p2a: Rotom\n|-singleturn|p2a: Rotom|Protect\n|move|p1a: Stakataka|Gyro Ball|p2a: Rotom\n|-activate|p2a: Rotom|move: Protect\n|\n|upkeep\n|turn|34\n|\n|t:|1700992788\n|move|p1a: Stakataka|Gyro Ball|p2a: Rotom\n|-resisted|p2a: Rotom\n|-damage|p2a: Rotom|84\/100\n|move|p2a: Rotom|Will-O-Wisp|p1a: Stakataka\n|-status|p1a: Stakataka|brn\n|\n|-heal|p2a: Rotom|90\/100|[from] item: Leftovers\n|-damage|p1a: Stakataka|94\/100 brn|[from] brn\n|upkeep\n|turn|35\n|\n|t:|1700992791\n|move|p2a: Rotom|Hydro Pump|p1a: Stakataka\n|-supereffective|p1a: Stakataka\n|-damage|p1a: Stakataka|13\/100 brn\n|move|p1a: Stakataka|Trick Room|p1a: Stakataka\n|-fieldend|move: Trick Room\n|\n|-heal|p2a: Rotom|96\/100|[from] item: Leftovers\n|-damage|p1a: Stakataka|7\/100 brn|[from] brn\n|upkeep\n|turn|36\n|\n|t:|1700992798\n|move|p2a: Rotom|Hydro Pump|p1a: Stakataka\n|-supereffective|p1a: Stakataka\n|-damage|p1a: Stakataka|0 fnt\n|faint|p1a: Stakataka\n|\n|-heal|p2a: Rotom|100\/100|[from] item: Leftovers\n|upkeep\n|c|\u2606The power of ROCK|yeah its joeover\n|\n|t:|1700992804\n|switch|p1a: Tyranitar|Tyranitar, F|65\/100\n|-weather|Sandstorm|[from] ability: Sand Stream|[of] p1a: Tyranitar\n|turn|37\n|c|\u2606ThePowerofElectric|even with c-team\n|c|\u2606ThePowerofElectric|you lost\n|\n|t:|1700992812\n|move|p2a: Rotom|Will-O-Wisp|p1a: Tyranitar\n|-status|p1a: Tyranitar|brn\n|move|p1a: Tyranitar|Knock Off|p2a: Rotom\n|-damage|p2a: Rotom|82\/100\n|-enditem|p2a: Rotom|Leftovers|[from] move: Knock Off|[of] p1a: Tyranitar\n|\n|-weather|Sandstorm|[upkeep]\n|-damage|p2a: Rotom|75\/100|[from] Sandstorm\n|-damage|p1a: Tyranitar|59\/100 brn|[from] brn\n|upkeep\n|turn|38\n|c|\u2606The power of ROCK|OOF\n|c|\u2606The power of ROCK|gg sir\n|c|\u2606ThePowerofElectric|you need like\n|c|\u2606ThePowerofElectric|more ground mons\n|-message|The power of ROCK forfeited.\n|\n|win|ThePowerofElectric\n|c|\u2606ThePowerofElectric|gg sir\n|j|+Ganjafin\n|l|\u2606The power of ROCK\n|l|+Oculars\u2655\n|l|\u2606ThePowerofElectric\n|j|\u2606The power of ROCK\n|player|p1|The power of ROCK|roark\n","uploadtime":1700992965,"views":1,"p1id":"thepowerofrock","p2id":"thepowerofelectric","formatid":"gen9nationaldex","rating":0,"private":0,"password":""}