{"id":"gen9nationaldex-1999932428","p1":"Klutchin","p2":"TornadUSMANGaruba","format":"[Gen 9] National Dex","log":"|html|<div class=\"broadcast-blue\"><strong>[Gen 9] National Dex is currently suspecting Sneasler! For information on how to participate check out the <a href=\"https:\/\/www.smogon.com\/forums\/threads\/sv-national-dex-suspect-8-just-dance.3731534\/\">suspect thread<\/a>.<\/strong><\/div>\n|j|\u2606Klutchin\n|j|\u2606TornadUSMANGaruba\n|t:|1701131596\n|gametype|singles\n|player|p1|Klutchin|medium|\n|player|p2|TornadUSMANGaruba|hoopster|\n|teamsize|p1|6\n|teamsize|p2|6\n|gen|9\n|tier|[Gen 9] National Dex\n|rule|HP Percentage Mod: HP is shown in percentages\n|rule|Endless Battle Clause: Forcing endless battles is banned\n|rule|OHKO Clause: OHKO moves are banned\n|rule|Evasion Clause: Evasion abilities, items, and moves are banned\n|rule|Evasion Abilities Clause: Evasion abilities are banned\n|rule|Evasion Items Clause: Evasion items are banned\n|rule|Evasion Moves Clause: Evasion moves are banned\n|rule|Species Clause: Limit one of each Pok\u00e9mon\n|rule|Sleep Clause Mod: Limit one foe put to sleep\n|clearpoke\n|poke|p1|Iron Valiant|\n|poke|p1|Rotom-Wash|\n|poke|p1|Slowking-Galar, F|\n|poke|p1|Skarmory, M|\n|poke|p1|Zarude|\n|poke|p1|Eelektross, F|\n|poke|p2|Meowscarada, M|\n|poke|p2|Scizor, F|\n|poke|p2|Zamazenta-*|\n|poke|p2|Manectric, F|\n|poke|p2|Starmie|\n|poke|p2|Nidoqueen, F|\n|teampreview\n|\n|t:|1701131649\n|start\n|switch|p1a: Skarmory|Skarmory, M, shiny|100\/100\n|switch|p2a: Scizor|Scizor, F|100\/100\n|turn|1\n|j| jaynay121\n|\n|t:|1701131661\n|move|p2a: Scizor|Knock Off|p1a: Skarmory\n|-damage|p1a: Skarmory|70\/100\n|-damage|p2a: Scizor|84\/100|[from] item: Rocky Helmet|[of] p1a: Skarmory\n|-enditem|p1a: Skarmory|Rocky Helmet|[from] move: Knock Off|[of] p2a: Scizor\n|move|p1a: Skarmory|Stealth Rock|p2a: Scizor\n|-sidestart|p2: TornadUSMANGaruba|move: Stealth Rock\n|\n|upkeep\n|turn|2\n|\n|t:|1701131674\n|switch|p2a: Manectric|Manectric, F|100\/100\n|-damage|p2a: Manectric|88\/100|[from] Stealth Rock\n|move|p1a: Skarmory|Brave Bird|p2a: Manectric\n|-resisted|p2a: Manectric\n|-damage|p2a: Manectric|57\/100\n|-damage|p1a: Skarmory|61\/100|[from] Recoil\n|\n|upkeep\n|turn|3\n|\n|t:|1701131682\n|switch|p1a: Eelektross|Eelektross, F, shiny|100\/100\n|detailschange|p2a: Manectric|Manectric-Mega, F\n|-mega|p2a: Manectric|Manectric|Manectite\n|-ability|p2a: Manectric|Intimidate|boost\n|-unboost|p1a: Eelektross|atk|1\n|move|p2a: Manectric|Volt Switch|p1a: Eelektross\n|-resisted|p1a: Eelektross\n|-damage|p1a: Eelektross|85\/100\n|\n|t:|1701131691\n|switch|p2a: Zamazenta|Zamazenta|100\/100|[from] Volt Switch\n|-ability|p2a: Zamazenta|Dauntless Shield|boost\n|-boost|p2a: Zamazenta|def|1\n|\n|upkeep\n|turn|4\n|\n|t:|1701131703\n|move|p2a: Zamazenta|Close Combat|p1a: Eelektross\n|-damage|p1a: Eelektross|9\/100\n|-unboost|p2a: Zamazenta|def|1\n|-unboost|p2a: Zamazenta|spd|1\n|move|p1a: Eelektross|U-turn|p2a: Zamazenta\n|-resisted|p2a: Zamazenta\n|-damage|p2a: Zamazenta|94\/100\n|\n|t:|1701131715\n|switch|p1a: Skarmory|Skarmory, M, shiny|61\/100|[from] U-turn\n|\n|upkeep\n|turn|5\n|\n|t:|1701131724\n|switch|p2a: Nidoqueen|Nidoqueen, F|100\/100\n|-damage|p2a: Nidoqueen|94\/100|[from] Stealth Rock\n|move|p1a: Skarmory|Brave Bird|p2a: Nidoqueen\n|-damage|p2a: Nidoqueen|56\/100\n|-damage|p1a: Skarmory|49\/100|[from] Recoil\n|\n|upkeep\n|turn|6\n|\n|t:|1701131733\n|switch|p1a: Eelektross|Eelektross, F, shiny|9\/100\n|move|p2a: Nidoqueen|Stealth Rock|p1a: Eelektross\n|-sidestart|p1: Klutchin|move: Stealth Rock\n|\n|upkeep\n|turn|7\n|\n|t:|1701131738\n|move|p2a: Nidoqueen|Sludge Wave|p1a: Eelektross\n|-damage|p1a: Eelektross|0 fnt\n|faint|p1a: Eelektross\n|\n|upkeep\n|\n|t:|1701131748\n|switch|p1a: Rotom|Rotom-Wash, shiny|100\/100\n|-damage|p1a: Rotom|88\/100|[from] Stealth Rock\n|turn|8\n|j| victor wembanyanma\n|\n|t:|1701131767\n|switch|p2a: Starmie|Starmie|100\/100\n|-damage|p2a: Starmie|88\/100|[from] Stealth Rock\n|move|p1a: Rotom|Electric Terrain|p1a: Rotom\n|-fieldstart|move: Electric Terrain\n|\n|-heal|p1a: Rotom|94\/100|[from] item: Leftovers\n|upkeep\n|turn|9\n|\n|t:|1701131773\n|move|p2a: Starmie|Psychic|p1a: Rotom\n|-damage|p1a: Rotom|57\/100\n|move|p1a: Rotom|Volt Switch|p2a: Starmie\n|-supereffective|p2a: Starmie\n|-damage|p2a: Starmie|18\/100\n|\n|t:|1701131799\n|switch|p1a: Zarude|Zarude|100\/100|[from] Volt Switch\n|-damage|p1a: Zarude|88\/100|[from] Stealth Rock\n|\n|upkeep\n|turn|10\n|\n|t:|1701131806\n|switch|p2a: Scizor|Scizor, F|84\/100\n|-damage|p2a: Scizor|72\/100|[from] Stealth Rock\n|move|p1a: Zarude|U-turn|p2a: Scizor\n|-resisted|p2a: Scizor\n|-damage|p2a: Scizor|59\/100\n|\n|t:|1701131813\n|switch|p1a: Slowking|Slowking-Galar, F, shiny|100\/100|[from] U-turn\n|-damage|p1a: Slowking|88\/100|[from] Stealth Rock\n|\n|upkeep\n|turn|11\n|\n|t:|1701131823\n|move|p2a: Scizor|Knock Off|p1a: Slowking\n|-supereffective|p1a: Slowking\n|-damage|p1a: Slowking|0 fnt\n|-enditem|p1a: Slowking|Assault Vest|[from] move: Knock Off|[of] p2a: Scizor\n|faint|p1a: Slowking\n|\n|upkeep\n|\n|t:|1701131840\n|switch|p1a: Zarude|Zarude|88\/100\n|-damage|p1a: Zarude|76\/100|[from] Stealth Rock\n|turn|12\n|\n|t:|1701131847\n|switch|p2a: Nidoqueen|Nidoqueen, F|56\/100\n|-damage|p2a: Nidoqueen|50\/100|[from] Stealth Rock\n|move|p1a: Zarude|Knock Off|p2a: Nidoqueen\n|-damage|p2a: Nidoqueen|0 fnt\n|-enditem|p2a: Nidoqueen|Life Orb|[from] move: Knock Off|[of] p1a: Zarude\n|faint|p2a: Nidoqueen\n|\n|-fieldend|move: Electric Terrain\n|upkeep\n|\n|t:|1701131855\n|switch|p2a: Meowscarada|Meowscarada, M|100\/100\n|-damage|p2a: Meowscarada|88\/100|[from] Stealth Rock\n|turn|13\n|\n|t:|1701131861\n|move|p2a: Meowscarada|U-turn|p1a: Zarude\n|-start|p2a: Meowscarada|typechange|Bug|[from] ability: Protean\n|-supereffective|p1a: Zarude\n|-damage|p1a: Zarude|0 fnt\n|faint|p1a: Zarude\n|\n|t:|1701131868\n|switch|p2a: Manectric|Manectric-Mega, F|57\/100|[from] U-turn\n|-damage|p2a: Manectric|45\/100|[from] Stealth Rock\n|\n|upkeep\n|\n|t:|1701131875\n|switch|p1a: Rotom|Rotom-Wash, shiny|57\/100\n|-damage|p1a: Rotom|44\/100|[from] Stealth Rock\n|turn|14\n|\n|t:|1701131878\n|move|p2a: Manectric|Thunderbolt|p1a: Rotom\n|-damage|p1a: Rotom|0 fnt\n|faint|p1a: Rotom\n|\n|upkeep\n|\n|t:|1701131881\n|switch|p1a: Iron Valiant|Iron Valiant|100\/100\n|-damage|p1a: Iron Valiant|94\/100|[from] Stealth Rock\n|-enditem|p1a: Iron Valiant|Booster Energy\n|-activate|p1a: Iron Valiant|ability: Quark Drive|[fromitem]\n|-start|p1a: Iron Valiant|quarkdrivespe\n|turn|15\n|c|\u2606Klutchin|gg\n|\n|t:|1701131905\n|switch|p2a: Starmie|Starmie|18\/100\n|-damage|p2a: Starmie|5\/100|[from] Stealth Rock\n|move|p1a: Iron Valiant|Moonblast|p2a: Starmie\n|-damage|p2a: Starmie|0 fnt\n|faint|p2a: Starmie\n|\n|upkeep\n|\n|t:|1701131910\n|switch|p2a: Scizor|Scizor, F|59\/100\n|-damage|p2a: Scizor|46\/100|[from] Stealth Rock\n|turn|16\n|\n|t:|1701131916\n|move|p2a: Scizor|Bullet Punch|p1a: Iron Valiant\n|-supereffective|p1a: Iron Valiant\n|-damage|p1a: Iron Valiant|0 fnt\n|faint|p1a: Iron Valiant\n|-end|p1a: Iron Valiant|Quark Drive|[silent]\n|\n|upkeep\n|\n|t:|1701131920\n|switch|p1a: Skarmory|Skarmory, M, shiny|49\/100\n|-damage|p1a: Skarmory|36\/100|[from] Stealth Rock\n|turn|17\n|\n|t:|1701131925\n|switch|p2a: Zamazenta|Zamazenta|94\/100\n|move|p1a: Skarmory|Roost|p1a: Skarmory\n|-heal|p1a: Skarmory|86\/100\n|-singleturn|p1a: Skarmory|move: Roost\n|\n|upkeep\n|turn|18\n|\n|t:|1701131930\n|move|p2a: Zamazenta|Close Combat|p1a: Skarmory\n|-damage|p1a: Skarmory|50\/100\n|-unboost|p2a: Zamazenta|def|1\n|-unboost|p2a: Zamazenta|spd|1\n|move|p1a: Skarmory|Roar|p2a: Zamazenta\n|drag|p2a: Scizor|Scizor, F|46\/100\n|-damage|p2a: Scizor|34\/100|[from] Stealth Rock\n|\n|upkeep\n|turn|19\n|\n|t:|1701131935\n|move|p2a: Scizor|Close Combat|p1a: Skarmory\n|-damage|p1a: Skarmory|8\/100\n|-unboost|p2a: Scizor|def|1\n|-unboost|p2a: Scizor|spd|1\n|move|p1a: Skarmory|Roost|p1a: Skarmory\n|-heal|p1a: Skarmory|58\/100\n|-singleturn|p1a: Skarmory|move: Roost\n|\n|upkeep\n|turn|20\n|\n|t:|1701131943\n|move|p2a: Scizor|Close Combat|p1a: Skarmory\n|-damage|p1a: Skarmory|15\/100\n|-unboost|p2a: Scizor|def|1\n|-unboost|p2a: Scizor|spd|1\n|move|p1a: Skarmory|Roost|p1a: Skarmory\n|-heal|p1a: Skarmory|65\/100\n|-singleturn|p1a: Skarmory|move: Roost\n|\n|upkeep\n|turn|21\n|\n|t:|1701131951\n|move|p2a: Scizor|Close Combat|p1a: Skarmory\n|-damage|p1a: Skarmory|23\/100\n|-unboost|p2a: Scizor|def|1\n|-unboost|p2a: Scizor|spd|1\n|move|p1a: Skarmory|Roost|p1a: Skarmory\n|-heal|p1a: Skarmory|73\/100\n|-singleturn|p1a: Skarmory|move: Roost\n|\n|upkeep\n|turn|22\n|\n|t:|1701131956\n|move|p2a: Scizor|Close Combat|p1a: Skarmory\n|-damage|p1a: Skarmory|36\/100\n|-unboost|p2a: Scizor|def|1\n|-unboost|p2a: Scizor|spd|1\n|move|p1a: Skarmory|Roost|p1a: Skarmory\n|-heal|p1a: Skarmory|86\/100\n|-singleturn|p1a: Skarmory|move: Roost\n|\n|upkeep\n|turn|23\n|\n|t:|1701131964\n|move|p2a: Scizor|Close Combat|p1a: Skarmory\n|-damage|p1a: Skarmory|43\/100\n|-unboost|p2a: Scizor|def|1\n|-unboost|p2a: Scizor|spd|1\n|move|p1a: Skarmory|Roost|p1a: Skarmory\n|-heal|p1a: Skarmory|93\/100\n|-singleturn|p1a: Skarmory|move: Roost\n|\n|upkeep\n|turn|24\n|\n|t:|1701131967\n|move|p2a: Scizor|Close Combat|p1a: Skarmory\n|-damage|p1a: Skarmory|49\/100\n|-unboost|p2a: Scizor|def|1\n|-unboost|p2a: Scizor|spd|1\n|move|p1a: Skarmory|Brave Bird|p2a: Scizor\n|-damage|p2a: Scizor|0 fnt\n|faint|p2a: Scizor\n|-damage|p1a: Skarmory|40\/100|[from] Recoil\n|\n|upkeep\n|\n|t:|1701131969\n|switch|p2a: Manectric|Manectric-Mega, F|45\/100\n|-damage|p2a: Manectric|32\/100|[from] Stealth Rock\n|-ability|p2a: Manectric|Intimidate|boost\n|-unboost|p1a: Skarmory|atk|1\n|turn|25\n|\n|t:|1701131971\n|move|p2a: Manectric|Thunderbolt|p1a: Skarmory\n|-supereffective|p1a: Skarmory\n|-damage|p1a: Skarmory|0 fnt\n|faint|p1a: Skarmory\n|\n|win|TornadUSMANGaruba\n|c|\u2606TornadUSMANGaruba|gg\n|l| jaynay121\n|l|\u2606TornadUSMANGaruba\n","uploadtime":1701131985,"views":20,"p1id":"klutchin","p2id":"tornadusmangaruba","formatid":"gen9nationaldex","rating":0,"private":0,"password":""}