{"id":"gen9nationaldex-1993139219","p1":"Dirty_Neon","p2":"Jarl_jake","format":"[Gen 9] National Dex","log":"|j|\u2606Dirty_Neon\n|j|\u2606Jarl_jake\n|t:|1700269427\n|gametype|singles\n|player|p1|Dirty_Neon|swimmerf|1531\n|player|p2|Jarl_jake|red|1574\n|teamsize|p1|6\n|teamsize|p2|6\n|gen|9\n|tier|[Gen 9] National Dex\n|rated|\n|rule|HP Percentage Mod: HP is shown in percentages\n|rule|Endless Battle Clause: Forcing endless battles is banned\n|rule|OHKO Clause: OHKO moves are banned\n|rule|Evasion Clause: Evasion abilities, items, and moves are banned\n|rule|Evasion Abilities Clause: Evasion abilities are banned\n|rule|Evasion Items Clause: Evasion items are banned\n|rule|Evasion Moves Clause: Evasion moves are banned\n|rule|Species Clause: Limit one of each Pok\u00e9mon\n|rule|Sleep Clause Mod: Limit one foe put to sleep\n|clearpoke\n|poke|p1|Tapu Koko|\n|poke|p1|Iron Valiant|\n|poke|p1|Hawlucha, M|\n|poke|p1|Iron Moth|\n|poke|p1|Landorus-Therian, M|\n|poke|p1|Scizor, F|\n|poke|p2|Arcanine-Hisui, M|\n|poke|p2|Toxapex, F|\n|poke|p2|Flygon, M|\n|poke|p2|Metagross|\n|poke|p2|Porygon2|\n|poke|p2|Cloyster, F|\n|teampreview\n|inactive|Battle timer is ON: inactive players will automatically lose when time's up. (requested by Dirty_Neon)\n|\n|t:|1700269447\n|start\n|switch|p1a: Landorus|Landorus-Therian, M|100\/100\n|switch|p2a: Flygon|Flygon, M, shiny|100\/100\n|-ability|p1a: Landorus|Intimidate|boost\n|-unboost|p2a: Flygon|atk|1\n|turn|1\n|\n|t:|1700269466\n|switch|p2a: Cloyster|Cloyster, F, shiny|100\/100\n|move|p1a: Landorus|Hidden Power|p2a: Cloyster\n|-resisted|p2a: Cloyster\n|-damage|p2a: Cloyster|91\/100\n|\n|upkeep\n|turn|2\n|\n|t:|1700269473\n|move|p1a: Landorus|Stealth Rock|p2a: Cloyster\n|-sidestart|p2: Jarl_jake|move: Stealth Rock\n|move|p2a: Cloyster|Shell Smash|p2a: Cloyster\n|-unboost|p2a: Cloyster|def|1\n|-unboost|p2a: Cloyster|spd|1\n|-boost|p2a: Cloyster|atk|2\n|-boost|p2a: Cloyster|spa|2\n|-boost|p2a: Cloyster|spe|2\n|\n|upkeep\n|turn|3\n|\n|t:|1700269491\n|move|p2a: Cloyster|Icicle Spear|p1a: Landorus\n|-supereffective|p1a: Landorus\n|-crit|p1a: Landorus\n|-damage|p1a: Landorus|0 fnt\n|faint|p1a: Landorus\n|-hitcount|p1: Landorus|1\n|\n|upkeep\n|\n|t:|1700269499\n|switch|p1a: Scizor|Scizor, F|100\/100\n|turn|4\n|\n|t:|1700269505\n|detailschange|p1a: Scizor|Scizor-Mega, F\n|-mega|p1a: Scizor|Scizor|Scizorite\n|move|p2a: Cloyster|Razor Shell|p1a: Scizor\n|-damage|p1a: Scizor|43\/100\n|-unboost|p1a: Scizor|def|1\n|move|p1a: Scizor|Trailblaze|p2a: Cloyster\n|-supereffective|p2a: Cloyster\n|-damage|p2a: Cloyster|12\/100\n|-boost|p1a: Scizor|spe|1\n|\n|upkeep\n|turn|5\n|\n|t:|1700269517\n|move|p1a: Scizor|Bullet Punch|p2a: Cloyster\n|-damage|p2a: Cloyster|0 fnt\n|faint|p2a: Cloyster\n|\n|upkeep\n|\n|t:|1700269524\n|switch|p2a: Flygon|Flygon, M, shiny|100\/100\n|-damage|p2a: Flygon|95\/100|[from] Stealth Rock\n|turn|6\n|\n|t:|1700269528\n|move|p1a: Scizor|Bullet Punch|p2a: Flygon\n|-damage|p2a: Flygon|43\/100\n|move|p2a: Flygon|Fire Blast|p1a: Scizor\n|-supereffective|p1a: Scizor\n|-damage|p1a: Scizor|0 fnt\n|faint|p1a: Scizor\n|-damage|p2a: Flygon|33\/100|[from] item: Life Orb\n|\n|upkeep\n|\n|t:|1700269533\n|switch|p1a: Tapu Koko|Tapu Koko|100\/100\n|-fieldstart|move: Electric Terrain|[from] ability: Electric Surge|[of] p1a: Tapu Koko\n|turn|7\n|\n|t:|1700269545\n|move|p1a: Tapu Koko|Hidden Power|p2a: Flygon\n|-supereffective|p2a: Flygon\n|-damage|p2a: Flygon|0 fnt\n|faint|p2a: Flygon\n|\n|upkeep\n|\n|t:|1700269552\n|switch|p2a: Arcanine|Arcanine-Hisui, M, shiny|100\/100\n|-damage|p2a: Arcanine|75\/100|[from] Stealth Rock\n|turn|8\n|\n|t:|1700269556\n|move|p2a: Arcanine|Flare Blitz|p1a: Tapu Koko\n|-damage|p1a: Tapu Koko|13\/100\n|move|p1a: Tapu Koko|U-turn|p2a: Arcanine\n|-resisted|p2a: Arcanine\n|-damage|p2a: Arcanine|65\/100\n|\n|t:|1700269560\n|switch|p1a: Iron Moth|Iron Moth|100\/100|[from] U-turn\n|-activate|p1a: Iron Moth|ability: Quark Drive\n|-start|p1a: Iron Moth|quarkdrivespe\n|\n|upkeep\n|turn|9\n|\n|t:|1700269571\n|switch|p2a: Porygon2|Porygon2|100\/100\n|-damage|p2a: Porygon2|88\/100|[from] Stealth Rock\n|-terastallize|p1a: Iron Moth|Ground\n|move|p1a: Iron Moth|Tera Blast|p2a: Porygon2|[anim] Tera Blast Ground\n|-damage|p2a: Porygon2|64\/100\n|\n|upkeep\n|turn|10\n|\n|t:|1700269594\n|-end|p1a: Iron Moth|Quark Drive|[silent]\n|switch|p1a: Iron Valiant|Iron Valiant|100\/100\n|-activate|p1a: Iron Valiant|ability: Quark Drive\n|-start|p1a: Iron Valiant|quarkdrivespe\n|move|p2a: Porygon2|Toxic|p1a: Iron Valiant|[miss]\n|-miss|p2a: Porygon2|p1a: Iron Valiant\n|\n|upkeep\n|turn|11\n|\n|t:|1700269604\n|-terastallize|p2a: Porygon2|Poison\n|move|p1a: Iron Valiant|Aura Sphere|p2a: Porygon2\n|-resisted|p2a: Porygon2\n|-damage|p2a: Porygon2|51\/100\n|-damage|p1a: Iron Valiant|91\/100|[from] item: Life Orb\n|move|p2a: Porygon2|Toxic|p1a: Iron Valiant\n|-status|p1a: Iron Valiant|tox\n|\n|-damage|p1a: Iron Valiant|85\/100 tox|[from] psn\n|upkeep\n|turn|12\n|\n|t:|1700269615\n|move|p1a: Iron Valiant|Psyshock|p2a: Porygon2\n|-supereffective|p2a: Porygon2\n|-damage|p2a: Porygon2|11\/100\n|-damage|p1a: Iron Valiant|75\/100 tox|[from] item: Life Orb\n|move|p2a: Porygon2|Recover|p2a: Porygon2\n|-heal|p2a: Porygon2|61\/100\n|\n|-damage|p1a: Iron Valiant|62\/100 tox|[from] psn\n|upkeep\n|turn|13\n|\n|t:|1700269625\n|move|p1a: Iron Valiant|Psyshock|p2a: Porygon2\n|-supereffective|p2a: Porygon2\n|-damage|p2a: Porygon2|21\/100\n|-damage|p1a: Iron Valiant|53\/100 tox|[from] item: Life Orb\n|move|p2a: Porygon2|Recover|p2a: Porygon2\n|-heal|p2a: Porygon2|71\/100\n|\n|-damage|p1a: Iron Valiant|34\/100 tox|[from] psn\n|upkeep\n|turn|14\n|\n|t:|1700269634\n|move|p1a: Iron Valiant|Psyshock|p2a: Porygon2\n|-supereffective|p2a: Porygon2\n|-damage|p2a: Porygon2|36\/100\n|-damage|p1a: Iron Valiant|24\/100 tox|[from] item: Life Orb\n|move|p2a: Porygon2|Recover|p2a: Porygon2\n|-heal|p2a: Porygon2|86\/100\n|\n|-damage|p1a: Iron Valiant|0 fnt|[from] psn\n|faint|p1a: Iron Valiant\n|-end|p1a: Iron Valiant|Quark Drive|[silent]\n|-fieldend|move: Electric Terrain\n|upkeep\n|\n|t:|1700269640\n|switch|p1a: Iron Moth|Iron Moth, tera:Ground|100\/100\n|turn|15\n|\n|t:|1700269655\n|-end|p1a: Iron Moth|Quark Drive|[silent]\n|switch|p1a: Tapu Koko|Tapu Koko|13\/100\n|-fieldstart|move: Electric Terrain|[from] ability: Electric Surge|[of] p2a: Porygon2\n|-ability|p2a: Porygon2|Electric Surge|[from] ability: Trace|[of] p1a: Tapu Koko\n|move|p2a: Porygon2|Ice Beam|p1a: Tapu Koko\n|-damage|p1a: Tapu Koko|0 fnt\n|faint|p1a: Tapu Koko\n|\n|upkeep\n|\n|t:|1700269663\n|switch|p1a: Hawlucha|Hawlucha, M|100\/100\n|-enditem|p1a: Hawlucha|Electric Seed\n|-boost|p1a: Hawlucha|def|1|[from] item: Electric Seed\n|turn|16\n|\n|t:|1700269669\n|move|p1a: Hawlucha|Taunt|p2a: Porygon2\n|-start|p2a: Porygon2|move: Taunt\n|cant|p2a: Porygon2|move: Taunt|Toxic\n|\n|upkeep\n|turn|17\n|\n|t:|1700269674\n|move|p1a: Hawlucha|Swords Dance|p1a: Hawlucha\n|-boost|p1a: Hawlucha|atk|2\n|move|p2a: Porygon2|Thunderbolt|p1a: Hawlucha\n|-supereffective|p1a: Hawlucha\n|-damage|p1a: Hawlucha|18\/100\n|\n|upkeep\n|turn|18\n|\n|t:|1700269681\n|move|p1a: Hawlucha|Acrobatics|p2a: Porygon2\n|-crit|p2a: Porygon2\n|-damage|p2a: Porygon2|6\/100\n|move|p2a: Porygon2|Thunderbolt|p1a: Hawlucha\n|-supereffective|p1a: Hawlucha\n|-damage|p1a: Hawlucha|0 fnt\n|faint|p1a: Hawlucha\n|\n|-end|p2a: Porygon2|move: Taunt\n|upkeep\n|\n|t:|1700269685\n|switch|p1a: Iron Moth|Iron Moth, tera:Ground|100\/100\n|-activate|p1a: Iron Moth|ability: Quark Drive\n|-start|p1a: Iron Moth|quarkdrivespe\n|turn|19\n|\n|t:|1700269698\n|move|p1a: Iron Moth|Fiery Dance|p2a: Porygon2\n|-damage|p2a: Porygon2|0 fnt\n|faint|p2a: Porygon2\n|\n|-fieldend|move: Electric Terrain\n|-end|p1a: Iron Moth|Quark Drive\n|upkeep\n|\n|t:|1700269710\n|switch|p2a: Arcanine|Arcanine-Hisui, M, shiny|65\/100\n|-damage|p2a: Arcanine|40\/100|[from] Stealth Rock\n|turn|20\n|\n|t:|1700269715\n|move|p2a: Arcanine|Flare Blitz|p1a: Iron Moth\n|-damage|p1a: Iron Moth|6\/100\n|move|p1a: Iron Moth|Tera Blast|p2a: Arcanine|[anim] Tera Blast Ground\n|-supereffective|p2a: Arcanine\n|-damage|p2a: Arcanine|0 fnt\n|faint|p2a: Arcanine\n|\n|upkeep\n|\n|t:|1700269723\n|switch|p2a: Metagross|Metagross, shiny|100\/100\n|-damage|p2a: Metagross|94\/100|[from] Stealth Rock\n|turn|21\n|\n|t:|1700269727\n|move|p2a: Metagross|Bullet Punch|p1a: Iron Moth\n|-damage|p1a: Iron Moth|0 fnt\n|faint|p1a: Iron Moth\n|-end|p1a: Iron Moth|Quark Drive|[silent]\n|\n|win|Jarl_jake\n|raw|Dirty_Neon's rating: 1531 &rarr; <strong>1513<\/strong><br \/>(-18 for losing)\n|raw|Jarl_jake's rating: 1574 &rarr; <strong>1592<\/strong><br \/>(+18 for winning)\n|l|\u2606Dirty_Neon\n","uploadtime":1700269739,"views":31,"p1id":"dirtyneon","p2id":"jarljake","formatid":"gen9nationaldex","rating":1513,"private":0,"password":""}