{"id":"gen9nationaldex-1994450104","p1":"TeamGardevoir123","p2":"THEKINGS3CK","format":"[Gen 9] National Dex","log":"|j|\u2606TeamGardevoir123\n|j|\u2606THEKINGS3CK\n|t:|1700445287\n|gametype|singles\n|player|p1|TeamGardevoir123|wally|1206\n|player|p2|THEKINGS3CK|wallace|1235\n|teamsize|p1|6\n|teamsize|p2|6\n|gen|9\n|tier|[Gen 9] National Dex\n|rated|\n|rule|HP Percentage Mod: HP is shown in percentages\n|rule|Endless Battle Clause: Forcing endless battles is banned\n|rule|OHKO Clause: OHKO moves are banned\n|rule|Evasion Clause: Evasion abilities, items, and moves are banned\n|rule|Evasion Abilities Clause: Evasion abilities are banned\n|rule|Evasion Items Clause: Evasion items are banned\n|rule|Evasion Moves Clause: Evasion moves are banned\n|rule|Species Clause: Limit one of each Pok\u00e9mon\n|rule|Sleep Clause Mod: Limit one foe put to sleep\n|clearpoke\n|poke|p1|Lopunny, F|\n|poke|p1|Grimmsnarl, M|\n|poke|p1|Kommo-o, M|\n|poke|p1|Toxapex, M|\n|poke|p1|Gliscor, M|\n|poke|p1|Volcarona, F|\n|poke|p2|Lopunny, M|\n|poke|p2|Great Tusk|\n|poke|p2|Alomomola, M|\n|poke|p2|Zapdos|\n|poke|p2|Iron Valiant|\n|poke|p2|Tapu Koko|\n|teampreview\n|\n|t:|1700445297\n|start\n|switch|p1a: Grimmsnarl|Grimmsnarl, M|100\/100\n|switch|p2a: Iron Valiant|Iron Valiant|100\/100\n|turn|1\n|\n|t:|1700445306\n|move|p1a: Grimmsnarl|Light Screen|p1a: Grimmsnarl\n|-sidestart|p1: TeamGardevoir123|move: Light Screen\n|move|p2a: Iron Valiant|Trick|p1a: Grimmsnarl\n|-activate|p2a: Iron Valiant|move: Trick|[of] p1a: Grimmsnarl\n|-item|p1a: Grimmsnarl|Choice Specs|[from] move: Trick\n|-item|p2a: Iron Valiant|Light Clay|[from] move: Trick\n|\n|upkeep\n|turn|2\n|\n|t:|1700445321\n|-end|p2a: Iron Valiant|Quark Drive|[silent]\n|switch|p2a: Lopunny|Lopunny, M|100\/100\n|move|p1a: Grimmsnarl|Spirit Break|p2a: Lopunny\n|-damage|p2a: Lopunny|54\/100\n|-unboost|p2a: Lopunny|spa|1\n|\n|upkeep\n|turn|3\n|\n|t:|1700445328\n|switch|p1a: Tower of Gray|Gliscor, M|100\/100\n|detailschange|p2a: Lopunny|Lopunny-Mega, M\n|-mega|p2a: Lopunny|Lopunny|Lopunnite\n|move|p2a: Lopunny|Fake Out|p1a: Tower of Gray\n|-damage|p1a: Tower of Gray|88\/100\n|\n|-status|p1a: Tower of Gray|tox|[from] item: Toxic Orb\n|upkeep\n|turn|4\n|\n|t:|1700445337\n|switch|p1a: Volcarona|Volcarona, F|100\/100\n|move|p2a: Lopunny|U-turn|p1a: Volcarona\n|-resisted|p1a: Volcarona\n|-damage|p1a: Volcarona|86\/100\n|inactive|Battle timer is ON: inactive players will automatically lose when time's up. (requested by THEKINGS3CK)\n|\n|t:|1700445348\n|switch|p2a: Zapdos|Zapdos|100\/100|[from] U-turn\n|\n|upkeep\n|turn|5\n|\n|t:|1700445355\n|switch|p1a: Kommo-o|Kommo-o, M|100\/100\n|-zpower|p2a: Zapdos\n|move|p2a: Zapdos|Supersonic Skystrike|p1a: Kommo-o|[zeffect]\n|-supereffective|p1a: Kommo-o\n|-damage|p1a: Kommo-o|0 fnt\n|faint|p1a: Kommo-o\n|\n|upkeep\n|\n|t:|1700445368\n|switch|p1a: Grimmsnarl|Grimmsnarl, M|100\/100\n|turn|6\n|\n|t:|1700445374\n|move|p1a: Grimmsnarl|Parting Shot|p2a: Zapdos\n|-unboost|p2a: Zapdos|atk|1\n|-unboost|p2a: Zapdos|spa|1\n|\n|t:|1700445379\n|switch|p1a: Tower of Gray|Gliscor, M|88\/100 tox|[from] Parting Shot\n|move|p2a: Zapdos|Volt Switch|p1a: Tower of Gray\n|-immune|p1a: Tower of Gray\n|\n|-heal|p1a: Tower of Gray|100\/100 tox|[from] ability: Poison Heal\n|upkeep\n|turn|7\n|\n|t:|1700445390\n|switch|p2a: Alomomola|Alomomola, M|100\/100\n|move|p1a: Tower of Gray|U-turn|p2a: Alomomola\n|-damage|p2a: Alomomola|89\/100\n|\n|t:|1700445396\n|switch|p1a: Toxapex|Toxapex, M|100\/100|[from] U-turn\n|\n|upkeep\n|turn|8\n|\n|t:|1700445401\n|move|p2a: Alomomola|Knock Off|p1a: Toxapex\n|-damage|p1a: Toxapex|87\/100\n|-enditem|p1a: Toxapex|Leftovers|[from] move: Knock Off|[of] p2a: Alomomola\n|move|p1a: Toxapex|Knock Off|p2a: Alomomola\n|-damage|p2a: Alomomola|79\/100\n|-enditem|p2a: Alomomola|Heavy-Duty Boots|[from] move: Knock Off|[of] p1a: Toxapex\n|\n|-sideend|p1: TeamGardevoir123|move: Light Screen\n|upkeep\n|turn|9\n|\n|t:|1700445410\n|move|p2a: Alomomola|Wish|p2a: Alomomola\n|move|p1a: Toxapex|Scald|p2a: Alomomola\n|-resisted|p2a: Alomomola\n|-damage|p2a: Alomomola|72\/100\n|\n|upkeep\n|turn|10\n|\n|t:|1700445417\n|move|p2a: Alomomola|Flip Turn|p1a: Toxapex\n|-resisted|p1a: Toxapex\n|-damage|p1a: Toxapex|80\/100\n|\n|t:|1700445428\n|switch|p2a: Tapu Koko|Tapu Koko|100\/100|[from] Flip Turn\n|-fieldstart|move: Electric Terrain|[from] ability: Electric Surge|[of] p2a: Tapu Koko\n|move|p1a: Toxapex|Knock Off|p2a: Tapu Koko\n|-resisted|p2a: Tapu Koko\n|-crit|p2a: Tapu Koko\n|-damage|p2a: Tapu Koko|87\/100\n|-enditem|p2a: Tapu Koko|Heavy-Duty Boots|[from] move: Knock Off|[of] p1a: Toxapex\n|\n|-heal|p2a: Tapu Koko|100\/100|[from] move: Wish|[wisher] Alomomola\n|upkeep\n|turn|11\n|\n|t:|1700445441\n|switch|p1a: Grimmsnarl|Grimmsnarl, M|100\/100\n|move|p2a: Tapu Koko|U-turn|p1a: Grimmsnarl\n|-damage|p1a: Grimmsnarl|79\/100\n|\n|t:|1700445447\n|switch|p2a: Iron Valiant|Iron Valiant|100\/100|[from] U-turn\n|-activate|p2a: Iron Valiant|ability: Quark Drive\n|-start|p2a: Iron Valiant|quarkdrivespe\n|\n|upkeep\n|turn|12\n|\n|t:|1700445454\n|move|p1a: Grimmsnarl|Parting Shot|p2a: Iron Valiant\n|-unboost|p2a: Iron Valiant|atk|1\n|-unboost|p2a: Iron Valiant|spa|1\n|\n|t:|1700445459\n|switch|p1a: Toxapex|Toxapex, M|100\/100|[from] Parting Shot\n|move|p2a: Iron Valiant|Moonblast|p1a: Toxapex\n|-resisted|p1a: Toxapex\n|-damage|p1a: Toxapex|91\/100\n|-unboost|p1a: Toxapex|spa|1\n|\n|upkeep\n|turn|13\n|\n|t:|1700445466\n|move|p2a: Iron Valiant|Thunderbolt|p1a: Toxapex\n|-supereffective|p1a: Toxapex\n|-damage|p1a: Toxapex|58\/100\n|move|p1a: Toxapex|Scald|p2a: Iron Valiant\n|-damage|p2a: Iron Valiant|79\/100\n|-status|p2a: Iron Valiant|brn\n|\n|-damage|p2a: Iron Valiant|73\/100 brn|[from] brn\n|upkeep\n|turn|14\n|\n|t:|1700445474\n|-end|p2a: Iron Valiant|Quark Drive|[silent]\n|switch|p2a: Tapu Koko|Tapu Koko|100\/100\n|move|p1a: Toxapex|Knock Off|p2a: Tapu Koko\n|-resisted|p2a: Tapu Koko\n|-damage|p2a: Tapu Koko|94\/100\n|\n|-fieldend|move: Electric Terrain\n|upkeep\n|turn|15\n|\n|t:|1700445478\n|switch|p1a: Tower of Gray|Gliscor, M|100\/100 tox\n|move|p2a: Tapu Koko|Thunderbolt|p1a: Tower of Gray\n|-immune|p1a: Tower of Gray\n|\n|upkeep\n|turn|16\n|\n|t:|1700445486\n|move|p2a: Tapu Koko|U-turn|p1a: Tower of Gray\n|-resisted|p1a: Tower of Gray\n|-crit|p1a: Tower of Gray\n|-damage|p1a: Tower of Gray|93\/100 tox\n|\n|t:|1700445491\n|switch|p2a: Zapdos|Zapdos|100\/100|[from] U-turn\n|move|p1a: Tower of Gray|U-turn|p2a: Zapdos\n|-resisted|p2a: Zapdos\n|-damage|p2a: Zapdos|91\/100\n|\n|t:|1700445498\n|switch|p1a: Grimmsnarl|Grimmsnarl, M|79\/100|[from] U-turn\n|\n|upkeep\n|turn|17\n|\n|t:|1700445503\n|move|p2a: Zapdos|Hurricane|p1a: Grimmsnarl\n|-damage|p1a: Grimmsnarl|37\/100\n|move|p1a: Grimmsnarl|Spirit Break|p2a: Zapdos\n|-damage|p2a: Zapdos|54\/100\n|-unboost|p2a: Zapdos|spa|1\n|\n|upkeep\n|turn|18\n|\n|t:|1700445511\n|switch|p1a: Toxapex|Toxapex, M|92\/100\n|move|p2a: Zapdos|Volt Switch|p1a: Toxapex\n|-supereffective|p1a: Toxapex\n|-damage|p1a: Toxapex|63\/100\n|\n|t:|1700445515\n|switch|p2a: Tapu Koko|Tapu Koko|94\/100|[from] Volt Switch\n|-fieldstart|move: Electric Terrain|[from] ability: Electric Surge|[of] p2a: Tapu Koko\n|\n|upkeep\n|turn|19\n|\n|t:|1700445521\n|switch|p1a: Tower of Gray|Gliscor, M|93\/100 tox\n|move|p2a: Tapu Koko|U-turn|p1a: Tower of Gray\n|-resisted|p1a: Tower of Gray\n|-damage|p1a: Tower of Gray|88\/100 tox\n|\n|t:|1700445524\n|switch|p2a: Great Tusk|Great Tusk|100\/100|[from] U-turn\n|\n|-heal|p1a: Tower of Gray|99\/100 tox|[from] ability: Poison Heal\n|upkeep\n|turn|20\n|\n|t:|1700445528\n|move|p2a: Great Tusk|Ice Spinner|p1a: Tower of Gray\n|-supereffective|p1a: Tower of Gray\n|-damage|p1a: Tower of Gray|27\/100 tox\n|-fieldend|move: Electric Terrain\n|move|p1a: Tower of Gray|Defog|p2a: Great Tusk\n|-unboost|p2a: Great Tusk|evasion|1\n|\n|-heal|p1a: Tower of Gray|39\/100 tox|[from] ability: Poison Heal\n|upkeep\n|turn|21\n|\n|t:|1700445535\n|switch|p1a: Volcarona|Volcarona, F|86\/100\n|move|p2a: Great Tusk|Ice Spinner|p1a: Volcarona\n|-resisted|p1a: Volcarona\n|-crit|p1a: Volcarona\n|-damage|p1a: Volcarona|64\/100\n|\n|upkeep\n|turn|22\n|\n|t:|1700445547\n|switch|p1a: Tower of Gray|Gliscor, M|39\/100 tox\n|move|p2a: Great Tusk|Headlong Rush|p1a: Tower of Gray\n|-immune|p1a: Tower of Gray\n|\n|-heal|p1a: Tower of Gray|52\/100 tox|[from] ability: Poison Heal\n|upkeep\n|turn|23\n|\n|t:|1700445556\n|switch|p1a: Grimmsnarl|Grimmsnarl, M|37\/100\n|move|p2a: Great Tusk|Ice Spinner|p1a: Grimmsnarl\n|-damage|p1a: Grimmsnarl|3\/100\n|\n|upkeep\n|turn|24\n|\n|t:|1700445568\n|move|p1a: Grimmsnarl|Reflect|p1a: Grimmsnarl\n|-sidestart|p1: TeamGardevoir123|Reflect\n|move|p2a: Great Tusk|Rapid Spin|p1a: Grimmsnarl\n|-damage|p1a: Grimmsnarl|0 fnt\n|-boost|p2a: Great Tusk|spe|1\n|faint|p1a: Grimmsnarl\n|\n|upkeep\n|\n|t:|1700445577\n|switch|p1a: Nella|Lopunny, F, shiny|100\/100\n|turn|25\n|\n|t:|1700445581\n|detailschange|p1a: Nella|Lopunny-Mega, F, shiny\n|-mega|p1a: Nella|Lopunny|Lopunnite\n|move|p1a: Nella|Fake Out|p2a: Great Tusk\n|-damage|p2a: Great Tusk|86\/100\n|cant|p2a: Great Tusk|flinch\n|\n|upkeep\n|turn|26\n|\n|t:|1700445589\n|move|p2a: Great Tusk|Close Combat|p1a: Nella\n|-supereffective|p1a: Nella\n|-damage|p1a: Nella|15\/100\n|-unboost|p2a: Great Tusk|def|1\n|-unboost|p2a: Great Tusk|spd|1\n|move|p1a: Nella|U-turn|p2a: Great Tusk\n|-resisted|p2a: Great Tusk\n|-damage|p2a: Great Tusk|72\/100\n|\n|t:|1700445597\n|switch|p1a: Volcarona|Volcarona, F|64\/100|[from] U-turn\n|\n|upkeep\n|turn|27\n|\n|t:|1700445603\n|move|p2a: Great Tusk|Headlong Rush|p1a: Volcarona\n|-damage|p1a: Volcarona|29\/100\n|-unboost|p2a: Great Tusk|def|1\n|-unboost|p2a: Great Tusk|spd|1\n|move|p1a: Volcarona|Fiery Dance|p2a: Great Tusk\n|-crit|p2a: Great Tusk\n|-damage|p2a: Great Tusk|0 fnt\n|-boost|p1a: Volcarona|spa|1\n|faint|p2a: Great Tusk\n|-end|p2a: Great Tusk|Protosynthesis|[silent]\n|\n|upkeep\n|\n|t:|1700445617\n|switch|p2a: Tapu Koko|Tapu Koko|94\/100\n|-fieldstart|move: Electric Terrain|[from] ability: Electric Surge|[of] p2a: Tapu Koko\n|turn|28\n|\n|t:|1700445622\n|move|p2a: Tapu Koko|Thunderbolt|p1a: Volcarona\n|-damage|p1a: Volcarona|0 fnt\n|faint|p1a: Volcarona\n|\n|-sideend|p1: TeamGardevoir123|Reflect\n|upkeep\n|\n|t:|1700445625\n|switch|p1a: Nella|Lopunny-Mega, F, shiny|15\/100\n|turn|29\n|\n|t:|1700445630\n|move|p1a: Nella|Fake Out|p2a: Tapu Koko\n|-damage|p2a: Tapu Koko|64\/100\n|cant|p2a: Tapu Koko|flinch\n|\n|upkeep\n|turn|30\n|\n|t:|1700445636\n|move|p1a: Nella|U-turn|p2a: Tapu Koko\n|-resisted|p2a: Tapu Koko\n|-damage|p2a: Tapu Koko|47\/100\n|\n|t:|1700445640\n|switch|p1a: Toxapex|Toxapex, M|97\/100|[from] U-turn\n|move|p2a: Tapu Koko|Thunderbolt|p1a: Toxapex\n|-supereffective|p1a: Toxapex\n|-damage|p1a: Toxapex|35\/100\n|-status|p1a: Toxapex|par\n|\n|upkeep\n|turn|31\n|\n|t:|1700445647\n|switch|p1a: Tower of Gray|Gliscor, M|52\/100 tox\n|move|p2a: Tapu Koko|Thunderbolt|p1a: Tower of Gray\n|-immune|p1a: Tower of Gray\n|\n|-heal|p1a: Tower of Gray|64\/100 tox|[from] ability: Poison Heal\n|upkeep\n|turn|32\n|\n|t:|1700445653\n|move|p2a: Tapu Koko|U-turn|p1a: Tower of Gray\n|-resisted|p1a: Tower of Gray\n|-damage|p1a: Tower of Gray|60\/100 tox\n|\n|t:|1700445660\n|switch|p2a: Zapdos|Zapdos|54\/100|[from] U-turn\n|move|p1a: Tower of Gray|U-turn|p2a: Zapdos\n|-resisted|p2a: Zapdos\n|-damage|p2a: Zapdos|44\/100\n|\n|t:|1700445667\n|switch|p1a: Nella|Lopunny-Mega, F, shiny|15\/100|[from] U-turn\n|\n|-fieldend|move: Electric Terrain\n|upkeep\n|turn|33\n|\n|t:|1700445671\n|move|p1a: Nella|Fake Out|p2a: Zapdos\n|-damage|p2a: Zapdos|19\/100\n|cant|p2a: Zapdos|flinch\n|\n|upkeep\n|turn|34\n|\n|t:|1700445677\n|switch|p1a: Tower of Gray|Gliscor, M|60\/100 tox\n|move|p2a: Zapdos|Roost|p2a: Zapdos\n|-heal|p2a: Zapdos|69\/100\n|-singleturn|p2a: Zapdos|move: Roost\n|\n|-heal|p1a: Tower of Gray|72\/100 tox|[from] ability: Poison Heal\n|upkeep\n|turn|35\n|\n|t:|1700445682\n|move|p2a: Zapdos|Hurricane|p1a: Tower of Gray\n|-damage|p1a: Tower of Gray|0 fnt\n|faint|p1a: Tower of Gray\n|\n|upkeep\n|\n|t:|1700445687\n|switch|p1a: Nella|Lopunny-Mega, F, shiny|15\/100\n|turn|36\n|\n|t:|1700445690\n|move|p1a: Nella|Fake Out|p2a: Zapdos\n|-damage|p2a: Zapdos|44\/100\n|cant|p2a: Zapdos|flinch\n|\n|upkeep\n|turn|37\n|\n|t:|1700445695\n|move|p1a: Nella|Frustration|p2a: Zapdos\n|-damage|p2a: Zapdos|0 fnt\n|-status|p1a: Nella|par|[from] ability: Static|[of] p2a: Zapdos\n|faint|p2a: Zapdos\n|\n|upkeep\n|\n|t:|1700445702\n|switch|p2a: Lopunny|Lopunny-Mega, M|54\/100\n|turn|38\n|\n|t:|1700445705\n|switch|p1a: Toxapex|Toxapex, M|68\/100 par\n|move|p2a: Lopunny|Fake Out|p1a: Toxapex\n|-damage|p1a: Toxapex|53\/100 par\n|\n|upkeep\n|turn|39\n|\n|t:|1700445712\n|move|p2a: Lopunny|Frustration|p1a: Toxapex\n|-damage|p1a: Toxapex|11\/100 par\n|cant|p1a: Toxapex|par\n|\n|upkeep\n|turn|40\n|\n|t:|1700445718\n|move|p2a: Lopunny|Frustration|p1a: Toxapex\n|-crit|p1a: Toxapex\n|-damage|p1a: Toxapex|0 fnt\n|faint|p1a: Toxapex\n|\n|upkeep\n|\n|t:|1700445722\n|switch|p1a: Nella|Lopunny-Mega, F, shiny|15\/100 par\n|turn|41\n|\n|t:|1700445725\n|cant|p1a: Nella|par\n|move|p2a: Lopunny|Close Combat|p1a: Nella\n|-supereffective|p1a: Nella\n|-damage|p1a: Nella|0 fnt\n|-unboost|p2a: Lopunny|def|1\n|-unboost|p2a: Lopunny|spd|1\n|faint|p1a: Nella\n|\n|win|THEKINGS3CK\n|raw|TeamGardevoir123's rating: 1206 &rarr; <strong>1183<\/strong><br \/>(-23 for losing)\n|raw|THEKINGS3CK's rating: 1235 &rarr; <strong>1258<\/strong><br \/>(+23 for winning)\n","uploadtime":1700445733,"views":12,"p1id":"teamgardevoir123","p2id":"thekings3ck","formatid":"gen9nationaldex","rating":1183,"private":0,"password":""}