{"id":"gen9nationaldex-1988511895","p1":"Oculars\u2655","p2":"Feuertraene","format":"[Gen 9] National Dex","log":"|j|\u2606Oculars\u2655\n|j|\u2606Feuertraene\n|inactive|Battle timer is ON: inactive players will automatically lose when time's up.\n|t:|1699730820\n|gametype|singles\n|player|p1|Oculars\u2655|lusamine-nihilego|\n|player|p2|Feuertraene|cynthia-gen4|\n|teamsize|p1|6\n|teamsize|p2|6\n|gen|9\n|tier|[Gen 9] National Dex\n|rated|Tournament battle\n|rule|HP Percentage Mod: HP is shown in percentages\n|rule|Endless Battle Clause: Forcing endless battles is banned\n|rule|OHKO Clause: OHKO moves are banned\n|rule|Evasion Clause: Evasion abilities, items, and moves are banned\n|rule|Evasion Abilities Clause: Evasion abilities are banned\n|rule|Evasion Items Clause: Evasion items are banned\n|rule|Evasion Moves Clause: Evasion moves are banned\n|rule|Species Clause: Limit one of each Pok\u00e9mon\n|rule|Sleep Clause Mod: Limit one foe put to sleep\n|clearpoke\n|poke|p1|Ribombee, M|\n|poke|p1|Tapu Lele|\n|poke|p1|Nihilego|\n|poke|p1|Tornadus-Therian, M|\n|poke|p1|Greninja-*, M|\n|poke|p1|Landorus-Therian, M|\n|poke|p2|Victini|\n|poke|p2|Lopunny, M|\n|poke|p2|Great Tusk|\n|poke|p2|Zapdos|\n|poke|p2|Ting-Lu|\n|poke|p2|Iron Valiant|\n|teampreview\n|inactive|Feuertraene also wants the timer to be on.\n|inactive|Feuertraene has 120 seconds left.\n|j| Ineros\n|l| Ineros\n|\n|t:|1699730861\n|start\n|switch|p1a: omari b|Ribombee, M|100\/100\n|switch|p2a: Lopunny|Lopunny, M|100\/100\n|turn|1\n|\n|t:|1699730869\n|detailschange|p2a: Lopunny|Lopunny-Mega, M\n|-mega|p2a: Lopunny|Lopunny|Lopunnite\n|move|p1a: omari b|Moonblast|p2a: Lopunny\n|-supereffective|p2a: Lopunny\n|-damage|p2a: Lopunny|0 fnt\n|faint|p2a: Lopunny\n|\n|upkeep\n|c|\u2606Oculars\u2655|ada lop\n|c|\u2606Feuertraene|I always forget it when it matters\n|\n|t:|1699730891\n|switch|p2a: Ting-Lu|Ting-Lu|100\/100\n|-ability|p2a: Ting-Lu|Vessel of Ruin\n|turn|2\n|\n|t:|1699730898\n|move|p1a: omari b|Moonblast|p2a: Ting-Lu\n|-supereffective|p2a: Ting-Lu\n|-damage|p2a: Ting-Lu|70\/100\n|move|p2a: Ting-Lu|Stealth Rock|p1a: omari b\n|-sidestart|p1: Oculars\u2655|move: Stealth Rock\n|\n|-heal|p2a: Ting-Lu|76\/100|[from] item: Leftovers\n|upkeep\n|turn|3\n|\n|t:|1699730905\n|move|p1a: omari b|Sticky Web|p2a: Ting-Lu\n|-sidestart|p2: Feuertraene|move: Sticky Web\n|move|p2a: Ting-Lu|Whirlwind|p1a: omari b\n|drag|p1a: molt is bad|Tornadus-Therian, M|100\/100\n|-damage|p1a: molt is bad|75\/100|[from] Stealth Rock\n|\n|-heal|p2a: Ting-Lu|82\/100|[from] item: Leftovers\n|upkeep\n|turn|4\n|\n|t:|1699730910\n|move|p1a: molt is bad|Nasty Plot|p1a: molt is bad\n|-boost|p1a: molt is bad|spa|2\n|move|p2a: Ting-Lu|Spikes|p1a: molt is bad\n|-sidestart|p1: Oculars\u2655|Spikes\n|\n|-heal|p2a: Ting-Lu|88\/100|[from] item: Leftovers\n|upkeep\n|turn|5\n|\n|t:|1699730916\n|move|p1a: molt is bad|Focus Blast|p2a: Ting-Lu\n|-supereffective|p2a: Ting-Lu\n|-damage|p2a: Ting-Lu|25\/100\n|move|p2a: Ting-Lu|Whirlwind|p1a: molt is bad\n|drag|p1a: Landorus|Landorus-Therian, M|100\/100\n|-damage|p1a: Landorus|88\/100|[from] Stealth Rock\n|-ability|p1a: Landorus|Intimidate|boost\n|-unboost|p2a: Ting-Lu|atk|1\n|\n|-heal|p2a: Ting-Lu|32\/100|[from] item: Leftovers\n|upkeep\n|turn|6\n|\n|t:|1699730924\n|switch|p2a: Great Tusk|Great Tusk|100\/100\n|-activate|p2a: Great Tusk|move: Sticky Web\n|-unboost|p2a: Great Tusk|spe|1\n|move|p1a: Landorus|Swords Dance|p1a: Landorus\n|-boost|p1a: Landorus|atk|2\n|\n|upkeep\n|turn|7\n|\n|t:|1699730928\n|move|p1a: Landorus|Explosion|p2a: Great Tusk\n|-damage|p2a: Great Tusk|0 fnt\n|faint|p1a: Landorus\n|faint|p2a: Great Tusk\n|-end|p2a: Great Tusk|Protosynthesis|[silent]\n|\n|upkeep\n|\n|t:|1699730942\n|switch|p1a: lele pons|Tapu Lele|100\/100\n|switch|p2a: Zapdos|Zapdos|100\/100\n|-damage|p1a: lele pons|88\/100|[from] Stealth Rock\n|-damage|p1a: lele pons|76\/100|[from] Spikes\n|-fieldstart|move: Psychic Terrain|[from] ability: Psychic Surge|[of] p1a: lele pons\n|turn|8\n|\n|t:|1699730964\n|-terastallize|p1a: lele pons|Psychic\n|-terastallize|p2a: Zapdos|Steel\n|move|p1a: lele pons|Psychic|p2a: Zapdos\n|-resisted|p2a: Zapdos\n|-damage|p2a: Zapdos|45\/100\n|move|p2a: Zapdos|Hurricane|p1a: lele pons\n|-damage|p1a: lele pons|30\/100\n|\n|upkeep\n|turn|9\n|\n|t:|1699730983\n|move|p1a: lele pons|Psychic|p2a: Zapdos\n|-resisted|p2a: Zapdos\n|-damage|p2a: Zapdos|0 fnt\n|faint|p2a: Zapdos\n|\n|upkeep\n|j| Y Alaben al Sol Y\n|inactive|Feuertraene has 120 seconds left.\n|\n|t:|1699730996\n|switch|p2a: Ting-Lu|Ting-Lu|32\/100\n|-activate|p2a: Ting-Lu|move: Sticky Web\n|-unboost|p2a: Ting-Lu|spe|1\n|-ability|p2a: Ting-Lu|Vessel of Ruin\n|turn|10\n|\n|t:|1699731001\n|switch|p1a: molt is bad|Tornadus-Therian, M|100\/100\n|-damage|p1a: molt is bad|75\/100|[from] Stealth Rock\n|move|p2a: Ting-Lu|Whirlwind|p1a: molt is bad\n|drag|p1a: omari b|Ribombee, M|100\/100\n|-damage|p1a: omari b|76\/100|[from] Stealth Rock\n|-damage|p1a: omari b|63\/100|[from] Spikes\n|\n|-heal|p2a: Ting-Lu|38\/100|[from] item: Leftovers\n|upkeep\n|turn|11\n|\n|t:|1699731013\n|move|p1a: omari b|Moonblast|p2a: Ting-Lu\n|-supereffective|p2a: Ting-Lu\n|-damage|p2a: Ting-Lu|4\/100\n|move|p2a: Ting-Lu|Whirlwind|p1a: omari b\n|drag|p1a: Greninja|Greninja, M|100\/100\n|-damage|p1a: Greninja|88\/100|[from] Stealth Rock\n|-damage|p1a: Greninja|76\/100|[from] Spikes\n|\n|-heal|p2a: Ting-Lu|10\/100|[from] item: Leftovers\n|upkeep\n|turn|12\n|\n|t:|1699731025\n|move|p1a: Greninja|Swords Dance|p1a: Greninja\n|-boost|p1a: Greninja|atk|2\n|move|p2a: Ting-Lu|Whirlwind|p1a: Greninja\n|drag|p1a: molt is bad|Tornadus-Therian, M|100\/100\n|-damage|p1a: molt is bad|75\/100|[from] Stealth Rock\n|\n|-heal|p2a: Ting-Lu|16\/100|[from] item: Leftovers\n|-fieldend|move: Psychic Terrain\n|upkeep\n|turn|13\n|j| NDUU9SCRN EM\n|j| Dabman1069\n|\n|t:|1699731042\n|move|p1a: molt is bad|Focus Blast|p2a: Ting-Lu|[miss]\n|-miss|p1a: molt is bad|p2a: Ting-Lu\n|move|p2a: Ting-Lu|Whirlwind|p1a: molt is bad\n|drag|p1a: Y U jelly?|Nihilego|100\/100\n|-damage|p1a: Y U jelly?|88\/100|[from] Stealth Rock\n|-damage|p1a: Y U jelly?|75\/100|[from] Spikes\n|\n|-heal|p2a: Ting-Lu|22\/100|[from] item: Leftovers\n|upkeep\n|turn|14\n|\n|t:|1699731047\n|switch|p1a: omari b|Ribombee, M|63\/100\n|-damage|p1a: omari b|38\/100|[from] Stealth Rock\n|-damage|p1a: omari b|26\/100|[from] Spikes\n|move|p2a: Ting-Lu|Earthquake|p1a: omari b\n|-resisted|p1a: omari b\n|-damage|p1a: omari b|0 fnt\n|faint|p1a: omari b\n|\n|-heal|p2a: Ting-Lu|29\/100|[from] item: Leftovers\n|upkeep\n|\n|t:|1699731049\n|switch|p1a: Greninja|Greninja, M|76\/100\n|-damage|p1a: Greninja|64\/100|[from] Stealth Rock\n|-damage|p1a: Greninja|52\/100|[from] Spikes\n|turn|15\n|\n|t:|1699731063\n|move|p1a: Greninja|Waterfall|p2a: Ting-Lu\n|-supereffective|p2a: Ting-Lu\n|-damage|p2a: Ting-Lu|0 fnt\n|faint|p2a: Ting-Lu\n|-ability|p1a: Greninja|Battle Bond|boost\n|-boost|p1a: Greninja|atk|1\n|-boost|p1a: Greninja|spa|1\n|-boost|p1a: Greninja|spe|1\n|-activate|p1a: Greninja|ability: Battle Bond\n|-damage|p1a: Greninja|42\/100|[from] item: Life Orb\n|\n|upkeep\n|\n|t:|1699731069\n|switch|p2a: Iron Valiant|Iron Valiant|100\/100\n|-activate|p2a: Iron Valiant|move: Sticky Web\n|-unboost|p2a: Iron Valiant|spe|1\n|turn|16\n|\n|t:|1699731075\n|move|p1a: Greninja|Waterfall|p2a: Iron Valiant\n|-damage|p2a: Iron Valiant|11\/100\n|-damage|p1a: Greninja|32\/100|[from] item: Life Orb\n|move|p2a: Iron Valiant|Moonblast|p1a: Greninja\n|-supereffective|p1a: Greninja\n|-damage|p1a: Greninja|0 fnt\n|faint|p1a: Greninja\n|-damage|p2a: Iron Valiant|1\/100|[from] item: Life Orb\n|\n|upkeep\n|\n|t:|1699731089\n|switch|p1a: molt is bad|Tornadus-Therian, M|100\/100\n|-damage|p1a: molt is bad|75\/100|[from] Stealth Rock\n|turn|17\n|\n|t:|1699731093\n|move|p1a: molt is bad|U-turn|p2a: Iron Valiant\n|-resisted|p2a: Iron Valiant\n|-damage|p2a: Iron Valiant|0 fnt\n|faint|p2a: Iron Valiant\n|-end|p2a: Iron Valiant|Quark Drive|[silent]\n|\n|t:|1699731095\n|switch|p1a: Y U jelly?|Nihilego|75\/100|[from] U-turn\n|-damage|p1a: Y U jelly?|63\/100|[from] Stealth Rock\n|-damage|p1a: Y U jelly?|50\/100|[from] Spikes\n|\n|upkeep\n|\n|t:|1699731098\n|switch|p2a: Victini|Victini|100\/100\n|-activate|p2a: Victini|move: Sticky Web\n|-unboost|p2a: Victini|spe|1\n|turn|18\n|\n|t:|1699731102\n|move|p1a: Y U jelly?|Meteor Beam||[still]\n|-prepare|p1a: Y U jelly?|Meteor Beam\n|-boost|p1a: Y U jelly?|spa|1\n|-enditem|p1a: Y U jelly?|Power Herb\n|-anim|p1a: Y U jelly?|Meteor Beam|p2a: Victini\n|-supereffective|p2a: Victini\n|-damage|p2a: Victini|0 fnt\n|faint|p2a: Victini\n|\n|win|Oculars\u2655\n|n|\u2606Oculars\u2655|oculars\n|n|\u2606Feuertraene|feuertraene\n|n| Y Alaben al Sol Y|yalabenalsoly\n|n| NDUU9SCRN EM|nduu9scrnem\n|n| Dabman1069|dabman1069\n","uploadtime":1699731103,"views":4,"p1id":"oculars","p2id":"feuertraene","formatid":"gen9nationaldex","rating":0,"private":0,"password":""}