{"id":"gen9nationaldex-1993919976","p1":"GX927YT","p2":"daybreak wave2","format":"[Gen 9] National Dex","log":"|j|\u2606GX927YT\n|j|\u2606daybreak wave2\n|t:|1700375550\n|gametype|singles\n|player|p1|GX927YT|ethan|1587\n|player|p2|daybreak wave2|lillie-masters2|1516\n|teamsize|p1|6\n|teamsize|p2|6\n|gen|9\n|tier|[Gen 9] National Dex\n|rated|\n|rule|HP Percentage Mod: HP is shown in percentages\n|rule|Endless Battle Clause: Forcing endless battles is banned\n|rule|OHKO Clause: OHKO moves are banned\n|rule|Evasion Clause: Evasion abilities, items, and moves are banned\n|rule|Evasion Abilities Clause: Evasion abilities are banned\n|rule|Evasion Items Clause: Evasion items are banned\n|rule|Evasion Moves Clause: Evasion moves are banned\n|rule|Species Clause: Limit one of each Pok\u00e9mon\n|rule|Sleep Clause Mod: Limit one foe put to sleep\n|clearpoke\n|poke|p1|Slowking-Galar, F|\n|poke|p1|Pinsir, F|\n|poke|p1|Ogerpon-Wellspring, F|\n|poke|p1|Sinistcha-Masterpiece|\n|poke|p1|Heatran, F|\n|poke|p1|Landorus-Therian, M|\n|poke|p2|Pinsir, F|\n|poke|p2|Aegislash, F|\n|poke|p2|Ogerpon-Wellspring, F|\n|poke|p2|Moltres|\n|poke|p2|Electrode-Hisui|\n|poke|p2|Clodsire, M|\n|teampreview\n|inactive|Battle timer is ON: inactive players will automatically lose when time's up. (requested by GX927YT)\n|\n|t:|1700375573\n|start\n|switch|p1a: Landorus|Landorus-Therian, M|100\/100\n|switch|p2a: \u6d1b\u6258\u59c6-\u5207\u5272|Electrode-Hisui|100\/100\n|-ability|p1a: Landorus|Intimidate|boost\n|-unboost|p2a: \u6d1b\u6258\u59c6-\u5207\u5272|atk|1\n|turn|1\n|\n|t:|1700375581\n|switch|p1a: Slowking|Slowking-Galar, F|100\/100\n|-terastallize|p2a: \u6d1b\u6258\u59c6-\u5207\u5272|Ice\n|move|p2a: \u6d1b\u6258\u59c6-\u5207\u5272|Tera Blast|p1a: Slowking|[anim] Tera Blast Ice\n|-damage|p1a: Slowking|75\/100\n|\n|-heal|p1a: Slowking|81\/100|[from] item: Black Sludge\n|upkeep\n|turn|2\n|\n|t:|1700375588\n|switch|p2a: \u585e\u8c6a\u5bcc|Aegislash, F, shiny|100\/100\n|move|p1a: Slowking|Chilly Reception|p1a: Slowking\n|-weather|Snow\n|\n|t:|1700375596\n|switch|p1a: Landorus|Landorus-Therian, M|100\/100|[from] Chilly Reception\n|-ability|p1a: Landorus|Intimidate|boost\n|-unboost|p2a: \u585e\u8c6a\u5bcc|atk|1\n|\n|-weather|Snow|[upkeep]\n|upkeep\n|turn|3\n|\n|t:|1700375603\n|move|p1a: Landorus|Knock Off|p2a: \u585e\u8c6a\u5bcc\n|-supereffective|p2a: \u585e\u8c6a\u5bcc\n|-damage|p2a: \u585e\u8c6a\u5bcc|70\/100\n|-zpower|p2a: \u585e\u8c6a\u5bcc\n|-formechange|p2a: \u585e\u8c6a\u5bcc|Aegislash-Blade||[from] ability: Stance Change\n|move|p2a: \u585e\u8c6a\u5bcc|Never-Ending Nightmare|p1a: Landorus|[zeffect]\n|-damage|p1a: Landorus|0 fnt\n|faint|p1a: Landorus\n|\n|-weather|Snow|[upkeep]\n|upkeep\n|\n|t:|1700375621\n|switch|p1a: Pinsir|Pinsir, F|100\/100\n|turn|4\n|\n|t:|1700375630\n|switch|p2a: \u70c8\u7bad\u9e70|Moltres|100\/100\n|detailschange|p1a: Pinsir|Pinsir-Mega, F\n|-mega|p1a: Pinsir|Pinsir|Pinsirite\n|move|p1a: Pinsir|Earthquake|p2a: \u70c8\u7bad\u9e70\n|-immune|p2a: \u70c8\u7bad\u9e70\n|\n|-weather|Snow|[upkeep]\n|upkeep\n|turn|5\n|\n|t:|1700375639\n|switch|p1a: Slowking|Slowking-Galar, F|100\/100\n|move|p2a: \u70c8\u7bad\u9e70|U-turn|p1a: Slowking\n|-damage|p1a: Slowking|86\/100\n|\n|t:|1700375652\n|switch|p2a: \u7532\u54e5|Pinsir, F, shiny|100\/100|[from] U-turn\n|\n|-weather|Snow|[upkeep]\n|-heal|p1a: Slowking|92\/100|[from] item: Black Sludge\n|upkeep\n|turn|6\n|\n|t:|1700375664\n|detailschange|p2a: \u7532\u54e5|Pinsir-Mega, F, shiny\n|-mega|p2a: \u7532\u54e5|Pinsir|Pinsirite\n|move|p2a: \u7532\u54e5|Earthquake|p1a: Slowking\n|-supereffective|p1a: Slowking\n|-damage|p1a: Slowking|12\/100\n|move|p1a: Slowking|Toxic|p2a: \u7532\u54e5\n|-status|p2a: \u7532\u54e5|tox\n|\n|-weather|none\n|-heal|p1a: Slowking|19\/100|[from] item: Black Sludge\n|-damage|p2a: \u7532\u54e5|95\/100 tox|[from] psn\n|upkeep\n|turn|7\n|\n|t:|1700375675\n|switch|p1a: Sinistcha|Sinistcha-Masterpiece|100\/100\n|move|p2a: \u7532\u54e5|Return|p1a: Sinistcha\n|-supereffective|p1a: Sinistcha\n|-damage|p1a: Sinistcha|0 fnt\n|faint|p1a: Sinistcha\n|\n|-damage|p2a: \u7532\u54e5|83\/100 tox|[from] psn\n|upkeep\n|\n|t:|1700375679\n|switch|p1a: Majora's Mask|Ogerpon-Wellspring, F|100\/100\n|turn|8\n|\n|t:|1700375697\n|switch|p1a: Heatran|Heatran, F|100\/100\n|switch|p2a: \u6c34\u72f1\u5352|Ogerpon-Wellspring, F|100\/100\n|\n|upkeep\n|turn|9\n|\n|t:|1700375707\n|switch|p1a: Majora's Mask|Ogerpon-Wellspring, F|100\/100\n|move|p2a: \u6c34\u72f1\u5352|Ivy Cudgel|p1a: Majora's Mask|[anim] Ivy Cudgel Water\n|-immune|p1a: Majora's Mask|[from] ability: Water Absorb\n|\n|upkeep\n|turn|10\n|\n|t:|1700375714\n|move|p2a: \u6c34\u72f1\u5352|Horn Leech|p1a: Majora's Mask\n|-damage|p1a: Majora's Mask|44\/100\n|move|p1a: Majora's Mask|Wood Hammer|p2a: \u6c34\u72f1\u5352\n|-damage|p2a: \u6c34\u72f1\u5352|8\/100\n|-damage|p1a: Majora's Mask|13\/100|[from] Recoil\n|\n|upkeep\n|turn|11\n|\n|t:|1700375721\n|move|p2a: \u6c34\u72f1\u5352|Horn Leech|p1a: Majora's Mask\n|-damage|p1a: Majora's Mask|0 fnt\n|-heal|p2a: \u6c34\u72f1\u5352|14\/100|[from] drain|[of] p1a: Majora's Mask\n|faint|p1a: Majora's Mask\n|\n|upkeep\n|\n|t:|1700375724\n|switch|p1a: Pinsir|Pinsir-Mega, F|100\/100\n|turn|12\n|\n|t:|1700375731\n|switch|p2a: \u70c8\u7bad\u9e70|Moltres|100\/100\n|move|p1a: Pinsir|Swords Dance|p1a: Pinsir\n|-boost|p1a: Pinsir|atk|2\n|\n|upkeep\n|turn|13\n|\n|t:|1700375736\n|move|p1a: Pinsir|Return|p2a: \u70c8\u7bad\u9e70\n|-damage|p2a: \u70c8\u7bad\u9e70|1\/100\n|move|p2a: \u70c8\u7bad\u9e70|Flamethrower|p1a: Pinsir\n|-supereffective|p1a: Pinsir\n|-damage|p1a: Pinsir|2\/100\n|\n|upkeep\n|turn|14\n|\n|t:|1700375746\n|move|p1a: Pinsir|Return|p2a: \u70c8\u7bad\u9e70\n|-damage|p2a: \u70c8\u7bad\u9e70|0 fnt\n|faint|p2a: \u70c8\u7bad\u9e70\n|\n|upkeep\n|\n|t:|1700375753\n|switch|p2a: \u585e\u8c6a\u5bcc|Aegislash, F, shiny|70\/100\n|turn|15\n|\n|t:|1700375757\n|-formechange|p2a: \u585e\u8c6a\u5bcc|Aegislash-Blade||[from] ability: Stance Change\n|move|p2a: \u585e\u8c6a\u5bcc|Shadow Sneak|p1a: Pinsir\n|-damage|p1a: Pinsir|0 fnt\n|faint|p1a: Pinsir\n|\n|upkeep\n|\n|t:|1700375760\n|switch|p1a: Heatran|Heatran, F|100\/100\n|turn|16\n|\n|t:|1700375771\n|move|p1a: Heatran|Earth Power|p2a: \u585e\u8c6a\u5bcc\n|-supereffective|p2a: \u585e\u8c6a\u5bcc\n|-damage|p2a: \u585e\u8c6a\u5bcc|0 fnt\n|faint|p2a: \u585e\u8c6a\u5bcc\n|\n|upkeep\n|\n|t:|1700375794\n|switch|p2a: \u571f~\u2191\u738b|Clodsire, M|100\/100\n|turn|17\n|\n|t:|1700375802\n|-terastallize|p1a: Heatran|Grass\n|move|p1a: Heatran|Earth Power|p2a: \u571f~\u2191\u738b\n|-supereffective|p2a: \u571f~\u2191\u738b\n|-damage|p2a: \u571f~\u2191\u738b|74\/100\n|move|p2a: \u571f~\u2191\u738b|Earthquake|p1a: Heatran\n|-resisted|p1a: Heatran\n|-damage|p1a: Heatran|90\/100\n|\n|-heal|p1a: Heatran|96\/100|[from] item: Leftovers\n|upkeep\n|turn|18\n|\n|t:|1700375810\n|switch|p1a: Slowking|Slowking-Galar, F|52\/100\n|move|p2a: \u571f~\u2191\u738b|Toxic|p1a: Slowking\n|-immune|p1a: Slowking\n|\n|-heal|p1a: Slowking|58\/100|[from] item: Black Sludge\n|upkeep\n|turn|19\n|\n|t:|1700375823\n|move|p2a: \u571f~\u2191\u738b|Earthquake|p1a: Slowking\n|-supereffective|p1a: Slowking\n|-damage|p1a: Slowking|3\/100\n|move|p1a: Slowking|Ice Beam|p2a: \u571f~\u2191\u738b\n|-supereffective|p2a: \u571f~\u2191\u738b\n|-damage|p2a: \u571f~\u2191\u738b|49\/100\n|\n|-heal|p1a: Slowking|9\/100|[from] item: Black Sludge\n|upkeep\n|turn|20\n|\n|t:|1700375830\n|move|p2a: \u571f~\u2191\u738b|Earthquake|p1a: Slowking\n|-supereffective|p1a: Slowking\n|-damage|p1a: Slowking|0 fnt\n|faint|p1a: Slowking\n|\n|upkeep\n|\n|t:|1700375832\n|switch|p1a: Heatran|Heatran, F, tera:Grass|96\/100\n|turn|21\n|\n|t:|1700375834\n|move|p1a: Heatran|Earth Power|p2a: \u571f~\u2191\u738b\n|-supereffective|p2a: \u571f~\u2191\u738b\n|-crit|p2a: \u571f~\u2191\u738b\n|-damage|p2a: \u571f~\u2191\u738b|10\/100\n|-unboost|p2a: \u571f~\u2191\u738b|spd|1\n|move|p2a: \u571f~\u2191\u738b|Toxic|p1a: Heatran\n|-status|p1a: Heatran|tox\n|\n|-heal|p1a: Heatran|100\/100 tox|[from] item: Leftovers\n|-damage|p1a: Heatran|94\/100 tox|[from] psn\n|upkeep\n|turn|22\n|\n|t:|1700375846\n|switch|p2a: \u6c34\u72f1\u5352|Ogerpon-Wellspring, F|14\/100\n|move|p1a: Heatran|Lava Plume|p2a: \u6c34\u72f1\u5352\n|-damage|p2a: \u6c34\u72f1\u5352|0 fnt\n|faint|p2a: \u6c34\u72f1\u5352\n|\n|-heal|p1a: Heatran|100\/100 tox|[from] item: Leftovers\n|-damage|p1a: Heatran|88\/100 tox|[from] psn\n|upkeep\n|\n|t:|1700375851\n|switch|p2a: \u7532\u54e5|Pinsir-Mega, F, shiny|83\/100 tox\n|turn|23\n|\n|t:|1700375854\n|move|p2a: \u7532\u54e5|Return|p1a: Heatran\n|-supereffective|p1a: Heatran\n|-damage|p1a: Heatran|0 fnt\n|faint|p1a: Heatran\n|\n|win|daybreak wave2\n|raw|GX927YT's rating: 1587 &rarr; <strong>1563<\/strong><br \/>(-24 for losing)\n|raw|daybreak wave2's rating: 1516 &rarr; <strong>1540<\/strong><br \/>(+24 for winning)\n|l|\u2606GX927YT\n","uploadtime":1700375861,"views":21,"p1id":"gx927yt","p2id":"daybreakwave2","formatid":"gen9nationaldex","rating":1540,"private":0,"password":""}