{"id":"gen9nationaldex-1987371554","p1":"Glass101","p2":"jinitaimei233","format":"[Gen 9] National Dex","log":"|j|\u2606Glass101\n|j|\u2606jinitaimei233\n|t:|1699582981\n|gametype|singles\n|player|p1|Glass101|rocketgruntf|1555\n|player|p2|jinitaimei233|preschoolerf|1479\n|teamsize|p1|6\n|teamsize|p2|6\n|gen|9\n|tier|[Gen 9] National Dex\n|rated|\n|rule|HP Percentage Mod: HP is shown in percentages\n|rule|Endless Battle Clause: Forcing endless battles is banned\n|rule|OHKO Clause: OHKO moves are banned\n|rule|Evasion Clause: Evasion abilities, items, and moves are banned\n|rule|Evasion Abilities Clause: Evasion abilities are banned\n|rule|Evasion Items Clause: Evasion items are banned\n|rule|Evasion Moves Clause: Evasion moves are banned\n|rule|Species Clause: Limit one of each Pok\u00e9mon\n|rule|Sleep Clause Mod: Limit one foe put to sleep\n|clearpoke\n|poke|p1|Kyurem|\n|poke|p1|Galvantula, F|\n|poke|p1|Cresselia, F|\n|poke|p1|Ceruledge, M|\n|poke|p1|Primarina, F|\n|poke|p1|Clodsire, F|\n|poke|p2|Buzzwole|\n|poke|p2|Nihilego|\n|poke|p2|Kartana|\n|poke|p2|Stakataka|\n|poke|p2|Xurkitree|\n|poke|p2|Tapu Koko|\n|teampreview\n|inactive|Battle timer is ON: inactive players will automatically lose when time's up. (requested by jinitaimei233)\n|\n|t:|1699582992\n|start\n|switch|p1a: Galvantula|Galvantula, F|100\/100\n|switch|p2a: Tapu Koko|Tapu Koko|100\/100\n|-fieldstart|move: Electric Terrain|[from] ability: Electric Surge|[of] p2a: Tapu Koko\n|turn|1\n|\n|t:|1699582999\n|move|p2a: Tapu Koko|Taunt|p1a: Galvantula\n|-start|p1a: Galvantula|move: Taunt\n|cant|p1a: Galvantula|move: Taunt|Sticky Web\n|\n|upkeep\n|turn|2\n|\n|t:|1699583004\n|switch|p1a: Clodsire|Clodsire, F|100\/100\n|move|p2a: Tapu Koko|Light Screen|p2a: Tapu Koko\n|-sidestart|p2: jinitaimei233|move: Light Screen\n|\n|upkeep\n|turn|3\n|\n|t:|1699583009\n|move|p2a: Tapu Koko|Taunt|p1a: Clodsire\n|-start|p1a: Clodsire|move: Taunt\n|move|p1a: Clodsire|Earthquake|p2a: Tapu Koko\n|-supereffective|p2a: Tapu Koko\n|-damage|p2a: Tapu Koko|36\/100\n|\n|upkeep\n|turn|4\n|\n|t:|1699583014\n|move|p2a: Tapu Koko|Reflect|p2a: Tapu Koko\n|-sidestart|p2: jinitaimei233|Reflect\n|move|p1a: Clodsire|Earthquake|p2a: Tapu Koko\n|-supereffective|p2a: Tapu Koko\n|-damage|p2a: Tapu Koko|3\/100\n|\n|upkeep\n|turn|5\n|\n|t:|1699583023\n|switch|p2a: Stakataka|Stakataka, shiny|100\/100\n|-item|p2a: Stakataka|Air Balloon\n|move|p1a: Clodsire|Earthquake|p2a: Stakataka\n|-immune|p2a: Stakataka\n|\n|-end|p1a: Clodsire|move: Taunt\n|-fieldend|move: Electric Terrain\n|upkeep\n|turn|6\n|\n|t:|1699583029\n|move|p2a: Stakataka|Gyro Ball|p1a: Clodsire\n|-damage|p1a: Clodsire|74\/100\n|move|p1a: Clodsire|Counter|p2a: Stakataka\n|-damage|p2a: Stakataka|26\/100\n|-enditem|p2a: Stakataka|Air Balloon\n|\n|upkeep\n|turn|7\n|\n|t:|1699583039\n|move|p1a: Clodsire|Earthquake|p2a: Stakataka\n|-supereffective|p2a: Stakataka\n|-damage|p2a: Stakataka|0 fnt\n|faint|p2a: Stakataka\n|\n|upkeep\n|\n|t:|1699583046\n|switch|p2a: Nihilego|Nihilego, shiny|100\/100\n|turn|8\n|\n|t:|1699583049\n|-terastallize|p2a: Nihilego|Fire\n|move|p2a: Nihilego|Meteor Beam||[still]\n|-prepare|p2a: Nihilego|Meteor Beam\n|-boost|p2a: Nihilego|spa|1\n|-enditem|p2a: Nihilego|Power Herb\n|-anim|p2a: Nihilego|Meteor Beam|p1a: Clodsire|[miss]\n|-miss|p2a: Nihilego|p1a: Clodsire\n|move|p1a: Clodsire|Recover|p1a: Clodsire\n|-heal|p1a: Clodsire|100\/100\n|\n|upkeep\n|turn|9\n|\n|t:|1699583060\n|move|p2a: Nihilego|Meteor Beam||[still]\n|-prepare|p2a: Nihilego|Meteor Beam\n|-boost|p2a: Nihilego|spa|1\n|move|p1a: Clodsire|Earthquake|p2a: Nihilego\n|-supereffective|p2a: Nihilego\n|-damage|p2a: Nihilego|54\/100\n|\n|-sideend|p2: jinitaimei233|move: Light Screen\n|upkeep\n|turn|10\n|c|\u2606Glass101|Godsire is above all ultra beasts.\n|\n|t:|1699583065\n|move|p2a: Nihilego|Meteor Beam|p1a: Clodsire|[from]lockedmove\n|-resisted|p1a: Clodsire\n|-damage|p1a: Clodsire|78\/100\n|move|p1a: Clodsire|Earthquake|p2a: Nihilego\n|-supereffective|p2a: Nihilego\n|-damage|p2a: Nihilego|10\/100\n|\n|upkeep\n|turn|11\n|\n|t:|1699583071\n|move|p2a: Nihilego|Grass Knot|p1a: Clodsire\n|-damage|p1a: Clodsire|47\/100\n|move|p1a: Clodsire|Recover|p1a: Clodsire\n|-heal|p1a: Clodsire|97\/100\n|\n|-sideend|p2: jinitaimei233|Reflect\n|upkeep\n|turn|12\n|c|\u2606Glass101|He pities them with his godhood.\n|-message|jinitaimei233 forfeited.\n|\n|win|Glass101\n|raw|Glass101's rating: 1572 &rarr; <strong>1587<\/strong><br \/>(+15 for winning)\n|raw|jinitaimei233's rating: 1479 &rarr; <strong>1464<\/strong><br \/>(-15 for losing)\n|l|\u2606jinitaimei233\n","uploadtime":1699583080,"views":4,"p1id":"glass101","p2id":"jinitaimei233","formatid":"gen9nationaldex","rating":1464,"private":0,"password":""}