{"id":"gen9nationaldex-1991747161","p1":"hdhebdbrndnmd","p2":"DJRRRR","format":"[Gen 9] National Dex","log":"|j|\u2606hdhebdbrndnmd\n|j|\u2606DJRRRR\n|t:|1700110391\n|gametype|singles\n|player|p1|hdhebdbrndnmd|dawn|1321\n|player|p2|DJRRRR|roxie|1373\n|teamsize|p1|6\n|teamsize|p2|6\n|gen|9\n|tier|[Gen 9] National Dex\n|rated|\n|rule|HP Percentage Mod: HP is shown in percentages\n|rule|Endless Battle Clause: Forcing endless battles is banned\n|rule|OHKO Clause: OHKO moves are banned\n|rule|Evasion Clause: Evasion abilities, items, and moves are banned\n|rule|Evasion Abilities Clause: Evasion abilities are banned\n|rule|Evasion Items Clause: Evasion items are banned\n|rule|Evasion Moves Clause: Evasion moves are banned\n|rule|Species Clause: Limit one of each Pok\u00e9mon\n|rule|Sleep Clause Mod: Limit one foe put to sleep\n|clearpoke\n|poke|p1|Silvally-*|\n|poke|p1|Lycanroc-Midnight, F|\n|poke|p1|Zoroark-Hisui, F|\n|poke|p1|Umbreon, M|\n|poke|p1|Nihilego|\n|poke|p1|Charizard, F|\n|poke|p2|Banette, M|\n|poke|p2|Dragonite, M|\n|poke|p2|Tapu Koko|\n|poke|p2|Iron Valiant|\n|poke|p2|Rillaboom, M|\n|poke|p2|Greninja-*, M|\n|teampreview\n|inactive|Battle timer is ON: inactive players will automatically lose when time's up. (requested by DJRRRR)\n|\n|t:|1700110405\n|start\n|switch|p1a: Lycanroc|Lycanroc-Midnight, F|100\/100\n|switch|p2a: Banette|Banette, M|100\/100\n|turn|1\n|\n|t:|1700110412\n|detailschange|p2a: Banette|Banette-Mega, M\n|-mega|p2a: Banette|Banette|Banettite\n|move|p2a: Banette|Taunt|p1a: Lycanroc\n|-start|p1a: Lycanroc|move: Taunt\n|cant|p1a: Lycanroc|move: Taunt|Swords Dance\n|\n|upkeep\n|turn|2\n|\n|t:|1700110424\n|switch|p2a: Rillaboom|Rillaboom, M|100\/100\n|-fieldstart|move: Grassy Terrain|[from] ability: Grassy Surge|[of] p2a: Rillaboom\n|move|p1a: Lycanroc|Stone Edge|p2a: Rillaboom\n|-crit|p2a: Rillaboom\n|-damage|p2a: Rillaboom|18\/100\n|\n|-heal|p2a: Rillaboom|25\/100|[from] Grassy Terrain\n|upkeep\n|turn|3\n|\n|t:|1700110449\n|switch|p1a: Charizard|Charizard, F|100\/100\n|move|p2a: Rillaboom|U-turn|p1a: Charizard\n|-resisted|p1a: Charizard\n|-damage|p1a: Charizard|86\/100\n|\n|t:|1700110455\n|switch|p2a: Tapu Koko|Tapu Koko|100\/100|[from] U-turn\n|-fieldstart|move: Electric Terrain|[from] ability: Electric Surge|[of] p2a: Tapu Koko\n|\n|upkeep\n|turn|4\n|\n|t:|1700110459\n|detailschange|p1a: Charizard|Charizard-Mega-X, F\n|-mega|p1a: Charizard|Charizard|Charizardite X\n|-terastallize|p2a: Tapu Koko|Electric\n|move|p2a: Tapu Koko|Volt Switch|p1a: Charizard\n|-resisted|p1a: Charizard\n|-damage|p1a: Charizard|34\/100\n|\n|t:|1700110465\n|switch|p2a: Iron Valiant|Iron Valiant|100\/100|[from] Volt Switch\n|-activate|p2a: Iron Valiant|ability: Quark Drive\n|-start|p2a: Iron Valiant|quarkdrivespe\n|move|p1a: Charizard|Dragon Dance|p1a: Charizard\n|-boost|p1a: Charizard|atk|1\n|-boost|p1a: Charizard|spe|1\n|\n|upkeep\n|turn|5\n|\n|t:|1700110468\n|move|p2a: Iron Valiant|Encore|p1a: Charizard\n|-start|p1a: Charizard|Encore\n|move|p1a: Charizard|Dragon Dance|p1a: Charizard\n|-boost|p1a: Charizard|atk|1\n|-boost|p1a: Charizard|spe|1\n|\n|upkeep\n|turn|6\n|\n|t:|1700110472\n|move|p1a: Charizard|Dragon Dance|p1a: Charizard\n|-boost|p1a: Charizard|atk|1\n|-boost|p1a: Charizard|spe|1\n|move|p2a: Iron Valiant|Swords Dance|p2a: Iron Valiant\n|-boost|p2a: Iron Valiant|atk|2\n|\n|upkeep\n|turn|7\n|\n|t:|1700110477\n|move|p1a: Charizard|Dragon Dance|p1a: Charizard\n|-boost|p1a: Charizard|atk|1\n|-boost|p1a: Charizard|spe|1\n|move|p2a: Iron Valiant|Spirit Break|p1a: Charizard\n|-damage|p1a: Charizard|0 fnt\n|faint|p1a: Charizard\n|-damage|p2a: Iron Valiant|91\/100|[from] item: Life Orb\n|\n|-fieldend|move: Electric Terrain\n|-end|p2a: Iron Valiant|Quark Drive\n|upkeep\n|\n|t:|1700110485\n|switch|p1a: Lillie|Nihilego, shiny|100\/100\n|turn|8\n|\n|t:|1700110495\n|move|p2a: Iron Valiant|Spirit Break|p1a: Lillie\n|-resisted|p1a: Lillie\n|-damage|p1a: Lillie|17\/100\n|-unboost|p1a: Lillie|spa|1\n|-damage|p2a: Iron Valiant|81\/100|[from] item: Life Orb\n|move|p1a: Lillie|Sludge Wave|p2a: Iron Valiant\n|-supereffective|p2a: Iron Valiant\n|-damage|p2a: Iron Valiant|0 fnt\n|faint|p2a: Iron Valiant\n|-end|p2a: Iron Valiant|Quark Drive|[silent]\n|-ability|p1a: Lillie|Beast Boost|boost\n|-boost|p1a: Lillie|spe|1\n|\n|upkeep\n|\n|t:|1700110504\n|switch|p2a: Greninja|Greninja, M|100\/100\n|turn|9\n|\n|t:|1700110508\n|switch|p1a: Umbreon|Umbreon, M|100\/100\n|move|p2a: Greninja|Water Shuriken|p1a: Umbreon\n|-damage|p1a: Umbreon|96\/100\n|-damage|p1a: Umbreon|91\/100\n|-crit|p1a: Umbreon\n|-damage|p1a: Umbreon|85\/100\n|-hitcount|p1a: Umbreon|3\n|-damage|p2a: Greninja|91\/100|[from] item: Life Orb\n|\n|-heal|p1a: Umbreon|91\/100|[from] item: Leftovers\n|upkeep\n|turn|10\n|\n|t:|1700110516\n|switch|p2a: Banette|Banette-Mega, M|100\/100\n|move|p1a: Umbreon|Toxic|p2a: Banette\n|-status|p2a: Banette|tox\n|\n|-heal|p1a: Umbreon|97\/100|[from] item: Leftovers\n|-damage|p2a: Banette|95\/100 tox|[from] psn\n|upkeep\n|turn|11\n|\n|t:|1700110521\n|move|p2a: Banette|Taunt|p1a: Umbreon\n|-hint|Since gen 7, Dark is immune to Prankster moves.\n|-immune|p1a: Umbreon\n|move|p1a: Umbreon|Foul Play|p2a: Banette\n|-supereffective|p2a: Banette\n|-damage|p2a: Banette|0 fnt\n|faint|p2a: Banette\n|\n|-heal|p1a: Umbreon|100\/100|[from] item: Leftovers\n|upkeep\n|\n|t:|1700110528\n|switch|p2a: Rillaboom|Rillaboom, M|25\/100\n|-fieldstart|move: Grassy Terrain|[from] ability: Grassy Surge|[of] p2a: Rillaboom\n|turn|12\n|\n|t:|1700110534\n|move|p2a: Rillaboom|Superpower|p1a: Umbreon\n|-supereffective|p1a: Umbreon\n|-damage|p1a: Umbreon|0 fnt\n|-unboost|p2a: Rillaboom|atk|1\n|-unboost|p2a: Rillaboom|def|1\n|faint|p1a: Umbreon\n|\n|-heal|p2a: Rillaboom|31\/100|[from] Grassy Terrain\n|upkeep\n|\n|t:|1700110540\n|switch|p1a: Silvally|Silvally|100\/100\n|turn|13\n|\n|t:|1700110548\n|switch|p2a: Tapu Koko|Tapu Koko, tera:Electric|100\/100\n|-fieldstart|move: Electric Terrain|[from] ability: Electric Surge|[of] p2a: Tapu Koko\n|-terastallize|p1a: Silvally|Ghost\n|move|p1a: Silvally|Swords Dance|p1a: Silvally\n|-boost|p1a: Silvally|atk|2\n|\n|upkeep\n|turn|14\n|\n|t:|1700110552\n|move|p2a: Tapu Koko|Thunder|p1a: Silvally\n|-damage|p1a: Silvally|0 fnt\n|faint|p1a: Silvally\n|\n|upkeep\n|-message|hdhebdbrndnmd forfeited.\n|\n|win|DJRRRR\n|raw|hdhebdbrndnmd's rating: 1321 &rarr; <strong>1304<\/strong><br \/>(-17 for losing)\n|raw|DJRRRR's rating: 1373 &rarr; <strong>1390<\/strong><br \/>(+17 for winning)\n|l|\u2606hdhebdbrndnmd\n","uploadtime":1700110559,"views":6,"p1id":"hdhebdbrndnmd","p2id":"djrrrr","formatid":"gen9nationaldex","rating":1304,"private":0,"password":""}