{"id":"gen9nationaldex-1988169570","p1":"L1ghten1ng","p2":"shallow sing","format":"[Gen 9] National Dex","log":"|j|\u2606L1ghten1ng\n|j|\u2606shallow sing\n|t:|1699678824\n|gametype|singles\n|player|p1|L1ghten1ng|169|1579\n|player|p2|shallow sing|acerola|1644\n|teamsize|p1|6\n|teamsize|p2|6\n|gen|9\n|tier|[Gen 9] National Dex\n|rated|\n|rule|HP Percentage Mod: HP is shown in percentages\n|rule|Endless Battle Clause: Forcing endless battles is banned\n|rule|OHKO Clause: OHKO moves are banned\n|rule|Evasion Clause: Evasion abilities, items, and moves are banned\n|rule|Evasion Abilities Clause: Evasion abilities are banned\n|rule|Evasion Items Clause: Evasion items are banned\n|rule|Evasion Moves Clause: Evasion moves are banned\n|rule|Species Clause: Limit one of each Pok\u00e9mon\n|rule|Sleep Clause Mod: Limit one foe put to sleep\n|clearpoke\n|poke|p1|Clodsire, F|\n|poke|p1|Dragonite, F|\n|poke|p1|Lopunny, M|\n|poke|p1|Moltres|\n|poke|p1|Mew|\n|poke|p1|Urshifu-*, M|\n|poke|p2|Tapu Lele|\n|poke|p2|Moltres|\n|poke|p2|Urshifu-*, M|\n|poke|p2|Gliscor, M|\n|poke|p2|Ogerpon-Wellspring, F|\n|poke|p2|Banette, M|\n|teampreview\n|inactive|Battle timer is ON: inactive players will automatically lose when time's up. (requested by shallow sing)\n|\n|t:|1699678835\n|start\n|switch|p1a: Lopunny|Lopunny, M|100\/100\n|switch|p2a: Tapu Lele|Tapu Lele|100\/100\n|-fieldstart|move: Psychic Terrain|[from] ability: Psychic Surge|[of] p2a: Tapu Lele\n|turn|1\n|\n|t:|1699678856\n|switch|p1a: Mew|Mew|100\/100\n|move|p2a: Tapu Lele|Future Sight|p1a: Mew\n|-start|p2a: Tapu Lele|move: Future Sight\n|\n|upkeep\n|turn|2\n|\n|t:|1699678867\n|switch|p2a: Banette|Banette, M|100\/100\n|move|p1a: Mew|Cosmic Power|p1a: Mew\n|-boost|p1a: Mew|def|1\n|-boost|p1a: Mew|spd|1\n|\n|upkeep\n|turn|3\n|inactive|L1ghten1ng has 120 seconds left.\n|\n|t:|1699678887\n|detailschange|p2a: Banette|Banette-Mega, M\n|-mega|p2a: Banette|Banette|Banettite\n|move|p1a: Mew|Roost||[still]\n|-fail|p1a: Mew|heal\n|move|p2a: Banette|Poltergeist|p1a: Mew\n|-activate|p1a: Mew|move: Poltergeist|Covert Cloak\n|-supereffective|p1a: Mew\n|-damage|p1a: Mew|14\/100\n|\n|-end|p1a: Mew|move: Future Sight\n|-resisted|p1a: Mew\n|-crit|p1a: Mew\n|-damage|p1a: Mew|0 fnt\n|faint|p1a: Mew\n|upkeep\n|inactive|L1ghten1ng has 120 seconds left.\n|\n|t:|1699678911\n|switch|p1a: Moltres|Moltres|100\/100\n|turn|4\n|\n|t:|1699678920\n|move|p1a: Moltres|Flamethrower|p2a: Banette\n|-damage|p2a: Banette|58\/100\n|move|p2a: Banette|Poltergeist|p1a: Moltres\n|-activate|p1a: Moltres|move: Poltergeist|Heavy-Duty Boots\n|-damage|p1a: Moltres|49\/100\n|\n|upkeep\n|turn|5\n|\n|t:|1699678933\n|move|p1a: Moltres|Roost|p1a: Moltres\n|-heal|p1a: Moltres|99\/100\n|-singleturn|p1a: Moltres|move: Roost\n|move|p2a: Banette|Poltergeist|p1a: Moltres\n|-activate|p1a: Moltres|move: Poltergeist|Heavy-Duty Boots\n|-damage|p1a: Moltres|49\/100\n|\n|-fieldend|move: Psychic Terrain\n|upkeep\n|turn|6\n|\n|t:|1699678952\n|switch|p2a: Urshifu|Urshifu-Rapid-Strike, M|100\/100\n|move|p1a: Moltres|Roost|p1a: Moltres\n|-heal|p1a: Moltres|99\/100\n|-singleturn|p1a: Moltres|move: Roost\n|\n|upkeep\n|turn|7\n|inactive|L1ghten1ng has 120 seconds left.\n|\n|t:|1699678966\n|-terastallize|p1a: Moltres|Water\n|move|p2a: Urshifu|Swords Dance|p2a: Urshifu\n|-boost|p2a: Urshifu|atk|2\n|move|p1a: Moltres|Toxic|p2a: Urshifu\n|-status|p2a: Urshifu|tox\n|\n|-damage|p2a: Urshifu|94\/100 tox|[from] psn\n|upkeep\n|turn|8\n|inactive|L1ghten1ng has 120 seconds left.\n|\n|t:|1699678980\n|move|p2a: Urshifu|Trailblaze|p1a: Moltres\n|-supereffective|p1a: Moltres\n|-damage|p1a: Moltres|48\/100\n|-boost|p2a: Urshifu|spe|1\n|move|p1a: Moltres|Roost|p1a: Moltres\n|-heal|p1a: Moltres|98\/100\n|\n|-damage|p2a: Urshifu|82\/100 tox|[from] psn\n|upkeep\n|turn|9\n|inactive|L1ghten1ng has 120 seconds left.\n|\n|t:|1699678994\n|move|p2a: Urshifu|Swords Dance|p2a: Urshifu\n|-boost|p2a: Urshifu|atk|2\n|move|p1a: Moltres|Roost|p1a: Moltres\n|-heal|p1a: Moltres|100\/100\n|\n|-damage|p2a: Urshifu|64\/100 tox|[from] psn\n|upkeep\n|turn|10\n|inactive|L1ghten1ng has 120 seconds left.\n|\n|t:|1699679009\n|move|p2a: Urshifu|Drain Punch|p1a: Moltres\n|-damage|p1a: Moltres|26\/100\n|-heal|p2a: Urshifu|100\/100 tox|[from] drain|[of] p1a: Moltres\n|move|p1a: Moltres|Roost|p1a: Moltres\n|-heal|p1a: Moltres|76\/100\n|\n|-damage|p2a: Urshifu|76\/100 tox|[from] psn\n|upkeep\n|turn|11\n|\n|t:|1699679022\n|move|p2a: Urshifu|Trailblaze|p1a: Moltres\n|-supereffective|p1a: Moltres\n|-damage|p1a: Moltres|4\/100\n|-boost|p2a: Urshifu|spe|1\n|move|p1a: Moltres|Roost|p1a: Moltres\n|-heal|p1a: Moltres|54\/100\n|\n|-damage|p2a: Urshifu|45\/100 tox|[from] psn\n|upkeep\n|turn|12\n|\n|t:|1699679032\n|switch|p1a: Dragonite|Dragonite, F|100\/100\n|move|p2a: Urshifu|Drain Punch|p1a: Dragonite\n|-resisted|p1a: Dragonite\n|-damage|p1a: Dragonite|76\/100\n|-heal|p2a: Urshifu|59\/100 tox|[from] drain|[of] p1a: Dragonite\n|\n|-damage|p2a: Urshifu|22\/100 tox|[from] psn\n|upkeep\n|turn|13\n|inactive|L1ghten1ng has 120 seconds left.\n|\n|t:|1699679044\n|move|p1a: Dragonite|Extreme Speed|p2a: Urshifu\n|-damage|p2a: Urshifu|0 fnt\n|faint|p2a: Urshifu\n|\n|upkeep\n|\n|t:|1699679053\n|switch|p2a: Tapu Lele|Tapu Lele|100\/100\n|-fieldstart|move: Psychic Terrain|[from] ability: Psychic Surge|[of] p2a: Tapu Lele\n|turn|14\n|inactive|L1ghten1ng has 120 seconds left.\n|\n|t:|1699679068\n|switch|p1a: Moltres|Moltres, tera:Water|54\/100\n|move|p2a: Tapu Lele|Reflect|p2a: Tapu Lele\n|-sidestart|p2: shallow sing|Reflect\n|\n|upkeep\n|turn|15\n|\n|t:|1699679076\n|move|p2a: Tapu Lele|Future Sight|p1a: Moltres\n|-start|p2a: Tapu Lele|move: Future Sight\n|move|p1a: Moltres|Toxic|p2a: Tapu Lele\n|-status|p2a: Tapu Lele|tox\n|\n|-damage|p2a: Tapu Lele|94\/100 tox|[from] psn\n|upkeep\n|turn|16\n|\n|t:|1699679086\n|move|p2a: Tapu Lele|Psychic|p1a: Moltres\n|-damage|p1a: Moltres|0 fnt\n|faint|p1a: Moltres\n|\n|-damage|p2a: Tapu Lele|82\/100 tox|[from] psn\n|upkeep\n|inactive|L1ghten1ng has 120 seconds left.\n|\n|t:|1699679124\n|switch|p1a: Clodsire|Clodsire, F|100\/100\n|turn|17\n|\n|t:|1699679134\n|-terastallize|p2a: Tapu Lele|Psychic\n|move|p2a: Tapu Lele|Psychic|p1a: Clodsire\n|-supereffective|p1a: Clodsire\n|-damage|p1a: Clodsire|0 fnt\n|faint|p1a: Clodsire\n|\n|-hint|Future Sight did not hit because the target is fainted.\n|-damage|p2a: Tapu Lele|64\/100 tox|[from] psn\n|upkeep\n|\n|t:|1699679143\n|switch|p1a: Dragonite|Dragonite, F|76\/100\n|turn|18\n|\n|t:|1699679150\n|move|p2a: Tapu Lele|Moonblast|p1a: Dragonite\n|-supereffective|p1a: Dragonite\n|-damage|p1a: Dragonite|1\/100\n|move|p1a: Dragonite|Roost|p1a: Dragonite\n|-heal|p1a: Dragonite|51\/100\n|-singleturn|p1a: Dragonite|move: Roost\n|\n|-damage|p2a: Tapu Lele|40\/100 tox|[from] psn\n|-sideend|p2: shallow sing|Reflect\n|-fieldend|move: Psychic Terrain\n|upkeep\n|turn|19\n|\n|t:|1699679163\n|move|p1a: Dragonite|Extreme Speed|p2a: Tapu Lele\n|-damage|p2a: Tapu Lele|2\/100 tox\n|move|p2a: Tapu Lele|Moonblast|p1a: Dragonite\n|-supereffective|p1a: Dragonite\n|-damage|p1a: Dragonite|0 fnt\n|faint|p1a: Dragonite\n|\n|-damage|p2a: Tapu Lele|0 fnt|[from] psn\n|faint|p2a: Tapu Lele\n|upkeep\n|\n|t:|1699679186\n|switch|p2a: Ogerpon|Ogerpon-Wellspring, F|100\/100\n|switch|p1a: Lopunny|Lopunny, M|100\/100\n|turn|20\n|\n|t:|1699679197\n|detailschange|p1a: Lopunny|Lopunny-Mega, M\n|-mega|p1a: Lopunny|Lopunny|Lopunnite\n|move|p1a: Lopunny|Fake Out|p2a: Ogerpon\n|-damage|p2a: Ogerpon|73\/100\n|cant|p2a: Ogerpon|flinch\n|\n|upkeep\n|turn|21\n|\n|t:|1699679205\n|move|p1a: Lopunny|Close Combat|p2a: Ogerpon\n|-damage|p2a: Ogerpon|0 fnt\n|-unboost|p1a: Lopunny|def|1\n|-unboost|p1a: Lopunny|spd|1\n|faint|p2a: Ogerpon\n|\n|upkeep\n|\n|t:|1699679215\n|switch|p2a: Moltres|Moltres|100\/100\n|turn|22\n|\n|t:|1699679223\n|switch|p1a: Urshifu|Urshifu-Rapid-Strike, M|100\/100\n|move|p2a: Moltres|U-turn|p1a: Urshifu\n|-resisted|p1a: Urshifu\n|-damage|p1a: Urshifu|94\/100\n|\n|t:|1699679228\n|switch|p2a: Banette|Banette-Mega, M|58\/100|[from] U-turn\n|\n|upkeep\n|turn|23\n|\n|t:|1699679238\n|move|p1a: Urshifu|Aqua Jet|p2a: Banette\n|-damage|p2a: Banette|17\/100\n|move|p2a: Banette|Destiny Bond|p2a: Banette\n|-singlemove|p2a: Banette|Destiny Bond\n|\n|upkeep\n|turn|24\n|\n|t:|1699679248\n|switch|p1a: Lopunny|Lopunny-Mega, M|100\/100\n|move|p2a: Banette|Poltergeist|p1a: Lopunny\n|-immune|p1a: Lopunny\n|\n|upkeep\n|turn|25\n|\n|t:|1699679258\n|switch|p2a: Moltres|Moltres|100\/100\n|move|p1a: Lopunny|Fake Out|p2a: Moltres\n|-damage|p2a: Moltres|85\/100\n|\n|upkeep\n|turn|26\n|\n|t:|1699679272\n|switch|p1a: Urshifu|Urshifu-Rapid-Strike, M|94\/100\n|move|p2a: Moltres|Flamethrower|p1a: Urshifu\n|-resisted|p1a: Urshifu\n|-damage|p1a: Urshifu|64\/100\n|\n|upkeep\n|turn|27\n|\n|t:|1699679288\n|move|p1a: Urshifu|Aqua Jet|p2a: Moltres\n|-supereffective|p2a: Moltres\n|-damage|p2a: Moltres|41\/100\n|move|p2a: Moltres|Roost|p2a: Moltres\n|-heal|p2a: Moltres|91\/100\n|-singleturn|p2a: Moltres|move: Roost\n|\n|upkeep\n|turn|28\n|inactive|L1ghten1ng has 120 seconds left.\n|\n|t:|1699679318\n|move|p1a: Urshifu|Aqua Jet|p2a: Moltres\n|-supereffective|p2a: Moltres\n|-damage|p2a: Moltres|47\/100\n|-status|p1a: Urshifu|brn|[from] ability: Flame Body|[of] p2a: Moltres\n|move|p2a: Moltres|Flamethrower|p1a: Urshifu\n|-resisted|p1a: Urshifu\n|-damage|p1a: Urshifu|36\/100 brn\n|\n|-damage|p1a: Urshifu|30\/100 brn|[from] brn\n|upkeep\n|turn|29\n|inactive|L1ghten1ng has 120 seconds left.\n|\n|t:|1699679329\n|switch|p1a: Lopunny|Lopunny-Mega, M|100\/100\n|move|p2a: Moltres|Roost|p2a: Moltres\n|-heal|p2a: Moltres|97\/100\n|-singleturn|p2a: Moltres|move: Roost\n|\n|upkeep\n|turn|30\n|inactive|L1ghten1ng has 120 seconds left.\n|\n|t:|1699679337\n|move|p1a: Lopunny|Fake Out|p2a: Moltres\n|-damage|p2a: Moltres|83\/100\n|cant|p2a: Moltres|flinch\n|\n|upkeep\n|turn|31\n|\n|t:|1699679342\n|switch|p1a: Urshifu|Urshifu-Rapid-Strike, M|30\/100 brn\n|move|p2a: Moltres|Roost|p2a: Moltres\n|-heal|p2a: Moltres|100\/100\n|-singleturn|p2a: Moltres|move: Roost\n|\n|-damage|p1a: Urshifu|23\/100 brn|[from] brn\n|upkeep\n|turn|32\n|\n|t:|1699679352\n|switch|p2a: Banette|Banette-Mega, M|17\/100\n|move|p1a: Urshifu|Surging Strikes|p2a: Banette\n|-crit|p2a: Banette\n|-damage|p2a: Banette|0 fnt\n|faint|p2a: Banette\n|-hitcount|p2: Banette|1\n|\n|-damage|p1a: Urshifu|17\/100 brn|[from] brn\n|upkeep\n|\n|t:|1699679362\n|switch|p2a: Gliscor|Gliscor, M|100\/100\n|turn|33\n|\n|t:|1699679371\n|move|p1a: Urshifu|Surging Strikes|p2a: Gliscor\n|-supereffective|p2a: Gliscor\n|-crit|p2a: Gliscor\n|-damage|p2a: Gliscor|77\/100\n|-supereffective|p2a: Gliscor\n|-crit|p2a: Gliscor\n|-damage|p2a: Gliscor|54\/100\n|-supereffective|p2a: Gliscor\n|-crit|p2a: Gliscor\n|-damage|p2a: Gliscor|29\/100\n|-hitcount|p2a: Gliscor|3\n|move|p2a: Gliscor|Earthquake|p1a: Urshifu\n|-damage|p1a: Urshifu|0 fnt\n|faint|p1a: Urshifu\n|\n|-status|p2a: Gliscor|tox|[from] item: Toxic Orb\n|upkeep\n|\n|t:|1699679384\n|switch|p1a: Lopunny|Lopunny-Mega, M|100\/100\n|turn|34\n|\n|t:|1699679388\n|move|p1a: Lopunny|Fake Out|p2a: Gliscor\n|-damage|p2a: Gliscor|12\/100 tox\n|cant|p2a: Gliscor|flinch\n|\n|-heal|p2a: Gliscor|24\/100 tox|[from] ability: Poison Heal\n|upkeep\n|turn|35\n|\n|t:|1699679395\n|move|p1a: Lopunny|Frustration|p2a: Gliscor\n|-damage|p2a: Gliscor|0 fnt\n|faint|p2a: Gliscor\n|\n|upkeep\n|\n|t:|1699679401\n|switch|p2a: Moltres|Moltres|100\/100\n|turn|36\n|\n|t:|1699679405\n|move|p1a: Lopunny|Frustration|p2a: Moltres\n|-damage|p2a: Moltres|61\/100\n|move|p2a: Moltres|Flamethrower|p1a: Lopunny\n|-damage|p1a: Lopunny|53\/100\n|\n|upkeep\n|turn|37\n|\n|t:|1699679413\n|move|p1a: Lopunny|Frustration|p2a: Moltres\n|-damage|p2a: Moltres|21\/100\n|move|p2a: Moltres|Roost|p2a: Moltres\n|-heal|p2a: Moltres|71\/100\n|-singleturn|p2a: Moltres|move: Roost\n|\n|upkeep\n|turn|38\n|\n|t:|1699679422\n|move|p1a: Lopunny|Frustration|p2a: Moltres\n|-damage|p2a: Moltres|32\/100\n|move|p2a: Moltres|Roost|p2a: Moltres\n|-heal|p2a: Moltres|82\/100\n|-singleturn|p2a: Moltres|move: Roost\n|\n|upkeep\n|turn|39\n|\n|t:|1699679430\n|move|p1a: Lopunny|Frustration|p2a: Moltres\n|-damage|p2a: Moltres|43\/100\n|move|p2a: Moltres|Roost|p2a: Moltres\n|-heal|p2a: Moltres|93\/100\n|-singleturn|p2a: Moltres|move: Roost\n|\n|upkeep\n|turn|40\n|\n|t:|1699679438\n|move|p1a: Lopunny|Frustration|p2a: Moltres\n|-damage|p2a: Moltres|58\/100\n|move|p2a: Moltres|Flamethrower|p1a: Lopunny\n|-damage|p1a: Lopunny|8\/100\n|\n|upkeep\n|turn|41\n|\n|t:|1699679446\n|move|p1a: Lopunny|Frustration|p2a: Moltres\n|-damage|p2a: Moltres|21\/100\n|move|p2a: Moltres|Flamethrower|p1a: Lopunny\n|-damage|p1a: Lopunny|0 fnt\n|faint|p1a: Lopunny\n|\n|win|shallow sing\n|raw|L1ghten1ng's rating: 1579 &rarr; <strong>1563<\/strong><br \/>(-16 for losing)\n|raw|shallow sing's rating: 1644 &rarr; <strong>1660<\/strong><br \/>(+16 for winning)\n|l|\u2606L1ghten1ng\n","uploadtime":1699679461,"views":7,"p1id":"l1ghten1ng","p2id":"shallowsing","formatid":"gen9nationaldex","rating":1563,"private":0,"password":""}