{"id":"gen9nationaldex-1993817162","p1":"LoveKurumi","p2":"xinbaobao","format":"[Gen 9] National Dex","log":"|j|\u2606LoveKurumi\n|j|\u2606xinbaobao\n|t:|1700360930\n|gametype|singles\n|player|p1|LoveKurumi|cynthia|1349\n|player|p2|xinbaobao|lady-gen4|1339\n|teamsize|p1|6\n|teamsize|p2|6\n|gen|9\n|tier|[Gen 9] National Dex\n|rated|\n|rule|HP Percentage Mod: HP is shown in percentages\n|rule|Endless Battle Clause: Forcing endless battles is banned\n|rule|OHKO Clause: OHKO moves are banned\n|rule|Evasion Clause: Evasion abilities, items, and moves are banned\n|rule|Evasion Abilities Clause: Evasion abilities are banned\n|rule|Evasion Items Clause: Evasion items are banned\n|rule|Evasion Moves Clause: Evasion moves are banned\n|rule|Species Clause: Limit one of each Pok\u00e9mon\n|rule|Sleep Clause Mod: Limit one foe put to sleep\n|clearpoke\n|poke|p1|Toxapex, F|\n|poke|p1|Dondozo, F|\n|poke|p1|Garganacl, F|\n|poke|p1|Sableye, M|\n|poke|p1|Gliscor, M|\n|poke|p1|Blissey, F|\n|poke|p2|Swellow, F|\n|poke|p2|Banette, F|\n|poke|p2|Alomomola, F|\n|poke|p2|Glimmora, F|\n|poke|p2|Kommo-o, F|\n|poke|p2|Ogerpon-Wellspring, F|\n|teampreview\n|inactive|Battle timer is ON: inactive players will automatically lose when time's up. (requested by xinbaobao)\n|\n|t:|1700360939\n|start\n|switch|p1a: Sableye|Sableye, M|100\/100\n|switch|p2a: Glimmora|Glimmora, F, shiny|100\/100\n|turn|1\n|\n|t:|1700360947\n|detailschange|p1a: Sableye|Sableye-Mega, M\n|-mega|p1a: Sableye|Sableye|Sablenite\n|move|p2a: Glimmora|Power Gem|p1a: Sableye\n|-damage|p1a: Sableye|57\/100\n|move|p1a: Sableye|Will-O-Wisp|p2a: Glimmora\n|-status|p2a: Glimmora|brn\n|\n|-damage|p2a: Glimmora|94\/100 brn|[from] brn\n|upkeep\n|turn|2\n|\n|t:|1700360954\n|move|p2a: Glimmora|Mortal Spin|p1a: Sableye\n|-resisted|p1a: Sableye\n|-damage|p1a: Sableye|56\/100\n|-status|p1a: Sableye|psn\n|move|p1a: Sableye|Recover|p1a: Sableye\n|-heal|p1a: Sableye|100\/100 psn\n|\n|-damage|p1a: Sableye|88\/100 psn|[from] psn\n|-damage|p2a: Glimmora|88\/100 brn|[from] brn\n|upkeep\n|turn|3\n|\n|t:|1700360973\n|switch|p1a: Garganacl|Garganacl, F|100\/100\n|move|p2a: Glimmora|Power Gem|p1a: Garganacl\n|-damage|p1a: Garganacl|68\/100\n|\n|-heal|p1a: Garganacl|74\/100|[from] item: Leftovers\n|-damage|p2a: Glimmora|82\/100 brn|[from] brn\n|upkeep\n|turn|4\n|\n|t:|1700360978\n|move|p2a: Glimmora|Earth Power|p1a: Garganacl\n|-supereffective|p1a: Garganacl\n|-damage|p1a: Garganacl|29\/100\n|move|p1a: Garganacl|Salt Cure|p2a: Glimmora\n|-damage|p2a: Glimmora|64\/100 brn\n|-start|p2a: Glimmora|Salt Cure\n|-activate|p2a: Glimmora|ability: Toxic Debris\n|-sidestart|p1: LoveKurumi|move: Toxic Spikes\n|\n|-heal|p1a: Garganacl|35\/100|[from] item: Leftovers\n|-damage|p2a: Glimmora|58\/100 brn|[from] brn\n|-damage|p2a: Glimmora|45\/100 brn|[from] Salt Cure\n|upkeep\n|turn|5\n|\n|t:|1700360983\n|move|p1a: Garganacl|Protect|p1a: Garganacl\n|-singleturn|p1a: Garganacl|Protect\n|move|p2a: Glimmora|Power Gem|p1a: Garganacl\n|-activate|p1a: Garganacl|move: Protect\n|\n|-heal|p1a: Garganacl|41\/100|[from] item: Leftovers\n|-damage|p2a: Glimmora|39\/100 brn|[from] brn\n|-damage|p2a: Glimmora|27\/100 brn|[from] Salt Cure\n|upkeep\n|turn|6\n|\n|t:|1700360992\n|switch|p1a: Gliscor|Gliscor, M|100\/100\n|move|p2a: Glimmora|Earth Power|p1a: Gliscor\n|-immune|p1a: Gliscor\n|\n|-damage|p2a: Glimmora|21\/100 brn|[from] brn\n|-damage|p2a: Glimmora|8\/100 brn|[from] Salt Cure\n|-status|p1a: Gliscor|tox|[from] item: Toxic Orb\n|upkeep\n|turn|7\n|\n|t:|1700361003\n|move|p2a: Glimmora|Power Gem|p1a: Gliscor\n|-damage|p1a: Gliscor|40\/100 tox\n|move|p1a: Gliscor|Roost|p1a: Gliscor\n|-heal|p1a: Gliscor|90\/100 tox\n|-singleturn|p1a: Gliscor|move: Roost\n|\n|-heal|p1a: Gliscor|100\/100 tox|[from] ability: Poison Heal\n|-damage|p2a: Glimmora|2\/100 brn|[from] brn\n|-damage|p2a: Glimmora|0 fnt|[from] Salt Cure\n|faint|p2a: Glimmora\n|upkeep\n|\n|t:|1700361017\n|switch|p2a: Ogerpon|Ogerpon-Wellspring, F|100\/100\n|turn|8\n|\n|t:|1700361021\n|switch|p1a: Toxapex|Toxapex, F|100\/100\n|-sideend|p1: LoveKurumi|move: Toxic Spikes|[of] p1a: Toxapex\n|move|p2a: Ogerpon|Swords Dance|p2a: Ogerpon\n|-boost|p2a: Ogerpon|atk|2\n|\n|upkeep\n|turn|9\n|\n|t:|1700361030\n|move|p2a: Ogerpon|Horn Leech|p1a: Toxapex\n|-damage|p1a: Toxapex|28\/100\n|move|p1a: Toxapex|Haze|p1a: Toxapex\n|-clearallboost\n|\n|upkeep\n|turn|10\n|\n|t:|1700361038\n|switch|p1a: Dondozo|Dondozo, F|100\/100\n|move|p2a: Ogerpon|Swords Dance|p2a: Ogerpon\n|-boost|p2a: Ogerpon|atk|2\n|\n|upkeep\n|turn|11\n|\n|t:|1700361042\n|move|p2a: Ogerpon|Horn Leech|p1a: Dondozo\n|-supereffective|p1a: Dondozo\n|-damage|p1a: Dondozo|61\/100\n|move|p1a: Dondozo|Curse|p1a: Dondozo\n|-unboost|p1a: Dondozo|spe|1\n|-boost|p1a: Dondozo|atk|1\n|-boost|p1a: Dondozo|def|1\n|\n|-heal|p1a: Dondozo|67\/100|[from] item: Leftovers\n|upkeep\n|turn|12\n|\n|t:|1700361047\n|move|p2a: Ogerpon|Horn Leech|p1a: Dondozo\n|-supereffective|p1a: Dondozo\n|-damage|p1a: Dondozo|39\/100\n|move|p1a: Dondozo|Curse|p1a: Dondozo\n|-unboost|p1a: Dondozo|spe|1\n|-boost|p1a: Dondozo|atk|1\n|-boost|p1a: Dondozo|def|1\n|\n|-heal|p1a: Dondozo|45\/100|[from] item: Leftovers\n|upkeep\n|turn|13\n|\n|t:|1700361050\n|move|p2a: Ogerpon|Horn Leech|p1a: Dondozo\n|-supereffective|p1a: Dondozo\n|-damage|p1a: Dondozo|23\/100\n|move|p1a: Dondozo|Curse|p1a: Dondozo\n|-unboost|p1a: Dondozo|spe|1\n|-boost|p1a: Dondozo|atk|1\n|-boost|p1a: Dondozo|def|1\n|\n|-heal|p1a: Dondozo|29\/100|[from] item: Leftovers\n|upkeep\n|turn|14\n|\n|t:|1700361054\n|move|p2a: Ogerpon|Horn Leech|p1a: Dondozo\n|-supereffective|p1a: Dondozo\n|-damage|p1a: Dondozo|13\/100\n|move|p1a: Dondozo|Rest|p1a: Dondozo\n|-status|p1a: Dondozo|slp|[from] move: Rest\n|-heal|p1a: Dondozo|100\/100 slp|[silent]\n|\n|upkeep\n|turn|15\n|\n|t:|1700361061\n|switch|p2a: Alomomola|Alomomola, F, shiny|100\/100\n|cant|p1a: Dondozo|slp\n|move|p1a: Dondozo|Sleep Talk|p1a: Dondozo\n|move|p1a: Dondozo|Rest||[from]move: Sleep Talk|[still]\n|-fail|p1a: Dondozo\n|\n|upkeep\n|turn|16\n|\n|t:|1700361071\n|switch|p1a: Toxapex|Toxapex, F|61\/100\n|move|p2a: Alomomola|Flip Turn|p1a: Toxapex\n|-resisted|p1a: Toxapex\n|-damage|p1a: Toxapex|55\/100\n|\n|t:|1700361076\n|switch|p2a: Swellow|Swellow, F, shiny|100\/100|[from] Flip Turn\n|\n|upkeep\n|turn|17\n|\n|t:|1700361081\n|switch|p1a: Blissey|Blissey, F|100\/100\n|-terastallize|p2a: Swellow|Normal\n|move|p2a: Swellow|Boomburst|p1a: Blissey\n|-damage|p1a: Blissey|61\/100\n|\n|upkeep\n|turn|18\n|\n|t:|1700361095\n|switch|p2a: Kommo-o|Kommo-o, F, shiny|100\/100\n|move|p1a: Blissey|Soft-Boiled|p1a: Blissey\n|-heal|p1a: Blissey|100\/100\n|\n|upkeep\n|turn|19\n|\n|t:|1700361106\n|-zpower|p2a: Kommo-o\n|move|p2a: Kommo-o|Clangorous Soulblaze|p1a: Blissey|[zeffect]\n|-damage|p1a: Blissey|68\/100\n|-boost|p2a: Kommo-o|atk|1\n|-boost|p2a: Kommo-o|def|1\n|-boost|p2a: Kommo-o|spa|1\n|-boost|p2a: Kommo-o|spd|1\n|-boost|p2a: Kommo-o|spe|1\n|move|p1a: Blissey|Toxic|p2a: Kommo-o|[miss]\n|-miss|p1a: Blissey|p2a: Kommo-o\n|\n|upkeep\n|turn|20\n|\n|t:|1700361118\n|move|p2a: Kommo-o|Aura Sphere|p1a: Blissey\n|-supereffective|p1a: Blissey\n|-damage|p1a: Blissey|22\/100\n|move|p1a: Blissey|Toxic|p2a: Kommo-o|[miss]\n|-miss|p1a: Blissey|p2a: Kommo-o\n|\n|upkeep\n|turn|21\n|c|\u2606LoveKurumi|\u6211\u73a9\u4f60\u5988\n|\n|t:|1700361137\n|switch|p1a: Toxapex|Toxapex, F|88\/100\n|move|p2a: Kommo-o|Clanging Scales|p1a: Toxapex\n|-damage|p1a: Toxapex|40\/100\n|-unboost|p2a: Kommo-o|def|1\n|\n|upkeep\n|turn|22\n|\n|t:|1700361153\n|switch|p1a: Dondozo|Dondozo, F|100\/100 slp\n|move|p2a: Kommo-o|Clanging Scales|p1a: Dondozo\n|-damage|p1a: Dondozo|55\/100 slp\n|-unboost|p2a: Kommo-o|def|1\n|\n|-heal|p1a: Dondozo|61\/100 slp|[from] item: Leftovers\n|upkeep\n|turn|23\n|\n|t:|1700361164\n|move|p2a: Kommo-o|Clanging Scales|p1a: Dondozo\n|-crit|p1a: Dondozo\n|-damage|p1a: Dondozo|0 fnt\n|faint|p1a: Dondozo\n|-unboost|p2a: Kommo-o|def|1\n|\n|upkeep\n|c|\u2606LoveKurumi|\u7b11\u4e86\n|\n|t:|1700361179\n|switch|p1a: Gliscor|Gliscor, M|100\/100 tox\n|turn|24\n|\n|t:|1700361181\n|-terastallize|p1a: Gliscor|Fairy\n|move|p2a: Kommo-o|Clanging Scales|p1a: Gliscor\n|-immune|p1a: Gliscor\n|move|p1a: Gliscor|Earthquake|p2a: Kommo-o\n|-damage|p2a: Kommo-o|34\/100\n|\n|upkeep\n|turn|25\n|\n|t:|1700361191\n|move|p2a: Kommo-o|Flamethrower|p1a: Gliscor\n|-damage|p1a: Gliscor|45\/100 tox\n|move|p1a: Gliscor|Toxic|p2a: Kommo-o\n|-status|p2a: Kommo-o|tox\n|\n|-damage|p2a: Kommo-o|28\/100 tox|[from] psn\n|-heal|p1a: Gliscor|57\/100 tox|[from] ability: Poison Heal\n|upkeep\n|turn|26\n|\n|t:|1700361198\n|move|p2a: Kommo-o|Flamethrower|p1a: Gliscor\n|-damage|p1a: Gliscor|4\/100 tox\n|move|p1a: Gliscor|Roost|p1a: Gliscor\n|-heal|p1a: Gliscor|55\/100 tox\n|\n|-damage|p2a: Kommo-o|16\/100 tox|[from] psn\n|-heal|p1a: Gliscor|67\/100 tox|[from] ability: Poison Heal\n|upkeep\n|turn|27\n|\n|t:|1700361206\n|move|p2a: Kommo-o|Flamethrower|p1a: Gliscor\n|-damage|p1a: Gliscor|11\/100 tox\n|move|p1a: Gliscor|Roost|p1a: Gliscor\n|-heal|p1a: Gliscor|61\/100 tox\n|\n|-damage|p2a: Kommo-o|0 fnt|[from] psn\n|faint|p2a: Kommo-o\n|-heal|p1a: Gliscor|74\/100 tox|[from] ability: Poison Heal\n|upkeep\n|\n|t:|1700361210\n|switch|p2a: Swellow|Swellow, F, shiny, tera:Normal|100\/100\n|turn|28\n|\n|t:|1700361214\n|switch|p1a: Sableye|Sableye-Mega, M|88\/100 psn\n|move|p2a: Swellow|Boomburst|p1a: Sableye\n|-damage|p1a: Sableye|0 fnt\n|faint|p1a: Sableye\n|\n|upkeep\n|\n|t:|1700361223\n|switch|p1a: Toxapex|Toxapex, F|74\/100\n|turn|29\n|\n|t:|1700361226\n|move|p2a: Swellow|Boomburst|p1a: Toxapex\n|-crit|p1a: Toxapex\n|-damage|p1a: Toxapex|0 fnt\n|faint|p1a: Toxapex\n|\n|upkeep\n|c|\u2606LoveKurumi|\u8fd8CT\uff1f\n|c|\u2606LoveKurumi|\u4f60\u5988\u5462\uff1f\n|\n|t:|1700361237\n|switch|p1a: Gliscor|Gliscor, M, tera:Fairy|74\/100 tox\n|turn|30\n|\n|t:|1700361241\n|move|p2a: Swellow|Boomburst|p1a: Gliscor\n|-damage|p1a: Gliscor|0 fnt\n|faint|p1a: Gliscor\n|\n|upkeep\n|\n|t:|1700361247\n|switch|p1a: Blissey|Blissey, F|22\/100\n|turn|31\n|\n|t:|1700361251\n|move|p2a: Swellow|Boomburst|p1a: Blissey\n|-damage|p1a: Blissey|0 fnt\n|faint|p1a: Blissey\n|\n|upkeep\n|c|\u2606LoveKurumi|\u4f60\u5988\u771f\u6b7b\u4e86\n|\n|t:|1700361255\n|switch|p1a: Garganacl|Garganacl, F|41\/100\n|turn|32\n|\n|t:|1700361258\n|move|p2a: Swellow|Boomburst|p1a: Garganacl\n|-resisted|p1a: Garganacl\n|-damage|p1a: Garganacl|7\/100\n|move|p1a: Garganacl|Salt Cure|p2a: Swellow\n|-damage|p2a: Swellow|74\/100\n|-start|p2a: Swellow|Salt Cure\n|\n|-heal|p1a: Garganacl|14\/100|[from] item: Leftovers\n|-damage|p2a: Swellow|62\/100|[from] Salt Cure\n|upkeep\n|turn|33\n|\n|t:|1700361262\n|move|p1a: Garganacl|Protect|p1a: Garganacl\n|-singleturn|p1a: Garganacl|Protect\n|move|p2a: Swellow|Boomburst|p1a: Garganacl\n|-activate|p1a: Garganacl|move: Protect\n|\n|-heal|p1a: Garganacl|20\/100|[from] item: Leftovers\n|-damage|p2a: Swellow|50\/100|[from] Salt Cure\n|upkeep\n|turn|34\n|\n|t:|1700361264\n|move|p2a: Swellow|Boomburst|p1a: Garganacl\n|-resisted|p1a: Garganacl\n|-damage|p1a: Garganacl|0 fnt\n|faint|p1a: Garganacl\n|\n|win|xinbaobao\n|raw|LoveKurumi's rating: 1349 &rarr; <strong>1328<\/strong><br \/>(-21 for losing)\n|raw|xinbaobao's rating: 1339 &rarr; <strong>1360<\/strong><br \/>(+21 for winning)\n","uploadtime":1700361254,"views":7,"p1id":"lovekurumi","p2id":"xinbaobao","formatid":"gen9nationaldex","rating":1328,"private":0,"password":""}