{"id":"gen9nationaldex-1997869450","p1":"x_sedna x","p2":"Onlymanever","format":"[Gen 9] National Dex","log":"|html|<div class=\"broadcast-blue\"><strong>[Gen 9] National Dex is currently suspecting Sneasler! For information on how to participate check out the <a href=\"https:\/\/www.smogon.com\/forums\/threads\/sv-national-dex-suspect-8-just-dance.3731534\/\">suspect thread<\/a>.<\/strong><\/div>\n|j|\u2606x_sedna x\n|j|\u203dOnlymanever\n|t:|1700861787\n|gametype|singles\n|player|p1|x_sedna x|fantina|1072\n|player|p2|Onlymanever|lyra|1055\n|teamsize|p1|6\n|teamsize|p2|6\n|gen|9\n|tier|[Gen 9] National Dex\n|rated|\n|rule|HP Percentage Mod: HP is shown in percentages\n|rule|Endless Battle Clause: Forcing endless battles is banned\n|rule|OHKO Clause: OHKO moves are banned\n|rule|Evasion Clause: Evasion abilities, items, and moves are banned\n|rule|Evasion Abilities Clause: Evasion abilities are banned\n|rule|Evasion Items Clause: Evasion items are banned\n|rule|Evasion Moves Clause: Evasion moves are banned\n|rule|Species Clause: Limit one of each Pok\u00e9mon\n|rule|Sleep Clause Mod: Limit one foe put to sleep\n|clearpoke\n|poke|p1|Bronzong|\n|poke|p1|Hydreigon, F|\n|poke|p1|Klefki, M|\n|poke|p1|Garganacl, M|\n|poke|p1|Heracross, F|\n|poke|p1|Lucario, M|\n|poke|p2|Infernape, F|\n|poke|p2|Staraptor, M|\n|poke|p2|Leafeon, F|\n|poke|p2|Mr. Mime, M|\n|poke|p2|Floatzel, M|\n|poke|p2|Electivire, M|\n|teampreview\n|\n|t:|1700861821\n|start\n|switch|p1a: Bronzong|Bronzong|100\/100\n|switch|p2a: Infernape|Infernape, F|100\/100\n|turn|1\n|\n|t:|1700861830\n|switch|p1a: Hydreigon|Hydreigon, F|100\/100\n|move|p2a: Infernape|Bulk Up|p2a: Infernape\n|-boost|p2a: Infernape|atk|1\n|-boost|p2a: Infernape|def|1\n|\n|upkeep\n|turn|2\n|inactive|Battle timer is ON: inactive players will automatically lose when time's up. (requested by Onlymanever)\n|\n|t:|1700861855\n|move|p1a: Hydreigon|Draco Meteor|p2a: Infernape|[miss]\n|-miss|p1a: Hydreigon|p2a: Infernape\n|move|p2a: Infernape|Close Combat|p1a: Hydreigon\n|-supereffective|p1a: Hydreigon\n|-damage|p1a: Hydreigon|0 fnt\n|-unboost|p2a: Infernape|def|1\n|-unboost|p2a: Infernape|spd|1\n|faint|p1a: Hydreigon\n|\n|upkeep\n|\n|t:|1700861869\n|switch|p1a: Lucario|Lucario, M|100\/100\n|turn|3\n|\n|t:|1700861879\n|-terastallize|p1a: Lucario|Fighting\n|move|p2a: Infernape|Close Combat|p1a: Lucario\n|-enditem|p1a: Lucario|Focus Sash\n|-damage|p1a: Lucario|1\/100\n|-unboost|p2a: Infernape|def|1\n|-unboost|p2a: Infernape|spd|1\n|move|p1a: Lucario|Close Combat|p2a: Infernape\n|-damage|p2a: Infernape|0 fnt\n|-unboost|p1a: Lucario|def|1\n|-unboost|p1a: Lucario|spd|1\n|faint|p2a: Infernape\n|\n|upkeep\n|\n|t:|1700861893\n|switch|p2a: Floatzel|Floatzel, M|100\/100\n|turn|4\n|\n|t:|1700861905\n|move|p1a: Lucario|Extreme Speed|p2a: Floatzel\n|-damage|p2a: Floatzel|58\/100\n|move|p2a: Floatzel|Aqua Jet|p1a: Lucario\n|-damage|p1a: Lucario|0 fnt\n|faint|p1a: Lucario\n|\n|-heal|p2a: Floatzel|64\/100|[from] item: Leftovers\n|upkeep\n|\n|t:|1700861913\n|switch|p1a: Bronzong|Bronzong|100\/100\n|turn|5\n|\n|t:|1700861919\n|move|p2a: Floatzel|Bulk Up|p2a: Floatzel\n|-boost|p2a: Floatzel|atk|1\n|-boost|p2a: Floatzel|def|1\n|move|p1a: Bronzong|Trick Room|p1a: Bronzong\n|-fieldstart|move: Trick Room|[of] p1a: Bronzong\n|\n|-heal|p2a: Floatzel|70\/100|[from] item: Leftovers\n|upkeep\n|turn|6\n|\n|t:|1700861935\n|move|p1a: Bronzong|Stealth Rock|p2a: Floatzel\n|-sidestart|p2: Onlymanever|move: Stealth Rock\n|move|p2a: Floatzel|Wave Crash|p1a: Bronzong\n|-damage|p1a: Bronzong|33\/100\n|-damage|p2a: Floatzel|46\/100|[from] Recoil\n|\n|-heal|p1a: Bronzong|39\/100|[from] item: Leftovers\n|-heal|p2a: Floatzel|52\/100|[from] item: Leftovers\n|upkeep\n|turn|7\n|\n|t:|1700861945\n|move|p1a: Bronzong|Toxic|p2a: Floatzel\n|-status|p2a: Floatzel|tox\n|move|p2a: Floatzel|Wave Crash|p1a: Bronzong\n|-damage|p1a: Bronzong|0 fnt\n|faint|p1a: Bronzong\n|-damage|p2a: Floatzel|38\/100 tox|[from] Recoil\n|\n|-heal|p2a: Floatzel|44\/100 tox|[from] item: Leftovers\n|-damage|p2a: Floatzel|38\/100 tox|[from] psn\n|upkeep\n|\n|t:|1700861956\n|switch|p1a: Heracross|Heracross, F|100\/100\n|turn|8\n|\n|t:|1700861961\n|move|p1a: Heracross|Close Combat|p2a: Floatzel\n|-damage|p2a: Floatzel|0 fnt\n|-unboost|p1a: Heracross|def|1\n|-unboost|p1a: Heracross|spd|1\n|faint|p2a: Floatzel\n|-ability|p1a: Heracross|Moxie|boost\n|-boost|p1a: Heracross|atk|1\n|\n|upkeep\n|\n|t:|1700861973\n|switch|p2a: Mr. Mime|Mr. Mime, M|100\/100\n|-damage|p2a: Mr. Mime|88\/100|[from] Stealth Rock\n|turn|9\n|\n|t:|1700861978\n|move|p2a: Mr. Mime|Psychic|p1a: Heracross\n|-supereffective|p1a: Heracross\n|-damage|p1a: Heracross|0 fnt\n|faint|p1a: Heracross\n|\n|-heal|p2a: Mr. Mime|94\/100|[from] item: Leftovers\n|-fieldend|move: Trick Room\n|upkeep\n|\n|t:|1700861986\n|switch|p1a: Klefki|Klefki, M|100\/100\n|turn|10\n|-message|x_sedna x forfeited.\n|\n|win|Onlymanever\n|raw|x_sedna x's rating: 1072 &rarr; <strong>1050<\/strong><br \/>(-22 for losing)\n|raw|Onlymanever's rating: 1055 &rarr; <strong>1088<\/strong><br \/>(+33 for winning)\n|l|\u2606x_sedna x\n","uploadtime":1700861995,"views":14,"p1id":"xsednax","p2id":"onlymanever","formatid":"gen9nationaldex","rating":1050,"private":0,"password":""}