{"id":"gen9nationaldex-2000147574","p1":"andy1510","p2":"eelektrik funeral","format":"[Gen 9] National Dex","log":"|html|<div class=\"broadcast-blue\"><strong>[Gen 9] National Dex is currently suspecting Sneasler! For information on how to participate check out the <a href=\"https:\/\/www.smogon.com\/forums\/threads\/sv-national-dex-suspect-8-just-dance.3731534\/\">suspect thread<\/a>.<\/strong><\/div>\n|j|\u2606andy1510\n|j|\u2606eelektrik funeral\n|inactive|Battle timer is ON: inactive players will automatically lose when time's up.\n|t:|1701163097\n|gametype|singles\n|player|p1|andy1510|youngster-gen4dp|\n|player|p2|eelektrik funeral|workerice|\n|teamsize|p1|6\n|teamsize|p2|6\n|gen|9\n|tier|[Gen 9] National Dex\n|rated|Tournament battle\n|rule|HP Percentage Mod: HP is shown in percentages\n|rule|Endless Battle Clause: Forcing endless battles is banned\n|rule|OHKO Clause: OHKO moves are banned\n|rule|Evasion Clause: Evasion abilities, items, and moves are banned\n|rule|Evasion Abilities Clause: Evasion abilities are banned\n|rule|Evasion Items Clause: Evasion items are banned\n|rule|Evasion Moves Clause: Evasion moves are banned\n|rule|Species Clause: Limit one of each Pok\u00e9mon\n|rule|Sleep Clause Mod: Limit one foe put to sleep\n|clearpoke\n|poke|p1|Goodra-Hisui, M|\n|poke|p1|Dragonite, M|\n|poke|p1|Alomomola, F|\n|poke|p1|Clefable, F|\n|poke|p1|Aggron, M|\n|poke|p1|Latias, F|\n|poke|p2|Heatran, M|\n|poke|p2|Weavile, M|\n|poke|p2|Dragonite, M|\n|poke|p2|Buzzwole|\n|poke|p2|Landorus-Therian, M|\n|poke|p2|Kartana|\n|teampreview\n|j| Koromos Rugmaarh\n|\n|t:|1701163110\n|start\n|switch|p1a: Aggron|Aggron, M|100\/100\n|switch|p2a: Trandrew Tate|Heatran, M|100\/100\n|turn|1\n|\n|t:|1701163120\n|switch|p2a: Mike Tyson|Landorus-Therian, M|100\/100\n|-ability|p2a: Mike Tyson|Intimidate|boost\n|-unboost|p1a: Aggron|atk|1\n|switch|p1a: Goodra|Goodra-Hisui, M|100\/100\n|\n|upkeep\n|turn|2\n|j| hatsir\n|\n|t:|1701163127\n|switch|p1a: Alomomola|Alomomola, F|100\/100\n|move|p2a: Mike Tyson|U-turn|p1a: Alomomola\n|-crit|p1a: Alomomola\n|-damage|p1a: Alomomola|81\/100\n|j| red fintans\n|\n|t:|1701163134\n|switch|p2a: Trandrew Tate|Heatran, M|100\/100|[from] U-turn\n|\n|-heal|p1a: Alomomola|87\/100|[from] item: Leftovers\n|upkeep\n|turn|3\n|l| red fintans\n|\n|t:|1701163140\n|move|p2a: Trandrew Tate|Stealth Rock|p1a: Alomomola\n|-sidestart|p1: andy1510|move: Stealth Rock\n|move|p1a: Alomomola|Flip Turn|p2a: Trandrew Tate\n|-supereffective|p2a: Trandrew Tate\n|-damage|p2a: Trandrew Tate|68\/100\n|\n|t:|1701163149\n|switch|p1a: Goodra|Goodra-Hisui, M|100\/100|[from] Flip Turn\n|-damage|p1a: Goodra|94\/100|[from] Stealth Rock\n|\n|-heal|p2a: Trandrew Tate|74\/100|[from] item: Leftovers\n|upkeep\n|turn|4\n|\n|t:|1701163165\n|switch|p2a: Mike Tyson|Landorus-Therian, M|100\/100\n|-ability|p2a: Mike Tyson|Intimidate|boost\n|-unboost|p1a: Goodra|atk|1\n|move|p1a: Goodra|Earthquake|p2a: Mike Tyson\n|-immune|p2a: Mike Tyson\n|\n|upkeep\n|turn|5\n|\n|t:|1701163171\n|switch|p1a: Alomomola|Alomomola, F|100\/100\n|-damage|p1a: Alomomola|88\/100|[from] Stealth Rock\n|move|p2a: Mike Tyson|Earthquake|p1a: Alomomola\n|-damage|p1a: Alomomola|63\/100\n|\n|-heal|p1a: Alomomola|70\/100|[from] item: Leftovers\n|upkeep\n|turn|6\n|\n|t:|1701163182\n|move|p2a: Mike Tyson|Toxic|p1a: Alomomola\n|-status|p1a: Alomomola|tox\n|move|p1a: Alomomola|Flip Turn|p2a: Mike Tyson\n|-supereffective|p2a: Mike Tyson\n|-damage|p2a: Mike Tyson|67\/100\n|\n|t:|1701163195\n|switch|p1a: Aggron|Aggron, M|100\/100|[from] Flip Turn\n|-damage|p1a: Aggron|94\/100|[from] Stealth Rock\n|\n|-heal|p2a: Mike Tyson|73\/100|[from] item: Leftovers\n|upkeep\n|turn|7\n|\n|t:|1701163207\n|detailschange|p1a: Aggron|Aggron-Mega, M\n|-mega|p1a: Aggron|Aggron|Aggronite\n|move|p2a: Mike Tyson|U-turn|p1a: Aggron\n|-resisted|p1a: Aggron\n|-damage|p1a: Aggron|89\/100\n|\n|t:|1701163211\n|switch|p2a: Trandrew Tate|Heatran, M|74\/100|[from] U-turn\n|move|p1a: Aggron|Metal Burst|p2a: Trandrew Tate\n|-damage|p2a: Trandrew Tate|66\/100\n|\n|-heal|p2a: Trandrew Tate|72\/100|[from] item: Leftovers\n|upkeep\n|turn|8\n|\n|t:|1701163222\n|switch|p2a: Mike Tyson|Landorus-Therian, M|73\/100\n|-ability|p2a: Mike Tyson|Intimidate|boost\n|-unboost|p1a: Aggron|atk|1\n|move|p1a: Aggron|Body Press|p2a: Mike Tyson\n|-resisted|p2a: Mike Tyson\n|-damage|p2a: Mike Tyson|51\/100\n|\n|-heal|p2a: Mike Tyson|57\/100|[from] item: Leftovers\n|upkeep\n|turn|9\n|\n|t:|1701163229\n|move|p2a: Mike Tyson|Earthquake|p1a: Aggron\n|-supereffective|p1a: Aggron\n|-damage|p1a: Aggron|59\/100\n|move|p1a: Aggron|Stealth Rock|p2a: Mike Tyson\n|-sidestart|p2: eelektrik funeral|move: Stealth Rock\n|\n|-heal|p2a: Mike Tyson|63\/100|[from] item: Leftovers\n|upkeep\n|turn|10\n|\n|t:|1701163236\n|move|p2a: Mike Tyson|Defog|p1a: Aggron\n|-unboost|p1a: Aggron|evasion|1\n|-sideend|p1: andy1510|Stealth Rock|[from] move: Defog|[of] p2a: Mike Tyson\n|-sideend|p2: eelektrik funeral|Stealth Rock|[from] move: Defog|[of] p2a: Mike Tyson\n|move|p1a: Aggron|Metal Burst||[still]\n|-fail|p1a: Aggron\n|\n|-heal|p2a: Mike Tyson|69\/100|[from] item: Leftovers\n|upkeep\n|turn|11\n|\n|t:|1701163242\n|move|p2a: Mike Tyson|Earthquake|p1a: Aggron\n|-supereffective|p1a: Aggron\n|-damage|p1a: Aggron|25\/100\n|move|p1a: Aggron|Stealth Rock|p2a: Mike Tyson\n|-sidestart|p2: eelektrik funeral|move: Stealth Rock\n|\n|-heal|p2a: Mike Tyson|75\/100|[from] item: Leftovers\n|upkeep\n|turn|12\n|\n|t:|1701163249\n|switch|p1a: Alomomola|Alomomola, F|100\/100 tox\n|move|p2a: Mike Tyson|Defog|p1a: Alomomola\n|-unboost|p1a: Alomomola|evasion|1\n|-sideend|p2: eelektrik funeral|Stealth Rock|[from] move: Defog|[of] p2a: Mike Tyson\n|\n|-heal|p2a: Mike Tyson|81\/100|[from] item: Leftovers\n|-damage|p1a: Alomomola|94\/100 tox|[from] psn\n|upkeep\n|turn|13\n|\n|t:|1701163255\n|move|p2a: Mike Tyson|U-turn|p1a: Alomomola\n|-damage|p1a: Alomomola|82\/100 tox\n|j|+Avaritia~!\n|\n|t:|1701163262\n|switch|p2a: IT\u2019S BED TIME!!!|Weavile, M|100\/100|[from] U-turn\n|-ability|p2a: IT\u2019S BED TIME!!!|Pressure\n|move|p1a: Alomomola|Wish|p1a: Alomomola\n|\n|-heal|p1a: Alomomola|88\/100 tox|[from] item: Leftovers\n|-damage|p1a: Alomomola|76\/100 tox|[from] psn\n|upkeep\n|turn|14\n|\n|t:|1701163272\n|move|p2a: IT\u2019S BED TIME!!!|Beat Up|p1a: Alomomola\n|-damage|p1a: Alomomola|70\/100 tox\n|-damage|p1a: Alomomola|63\/100 tox\n|-damage|p1a: Alomomola|55\/100 tox\n|-damage|p1a: Alomomola|48\/100 tox\n|-damage|p1a: Alomomola|42\/100 tox\n|-damage|p1a: Alomomola|33\/100 tox\n|-hitcount|p1a: Alomomola|6\n|move|p1a: Alomomola|Flip Turn|p2a: IT\u2019S BED TIME!!!\n|-damage|p2a: IT\u2019S BED TIME!!!|71\/100\n|\n|t:|1701163283\n|switch|p1a: Aggron|Aggron-Mega, M|25\/100|[from] Flip Turn\n|\n|-heal|p1a: Aggron|100\/100|[from] move: Wish|[wisher] Alomomola\n|upkeep\n|turn|15\n|\n|t:|1701163287\n|switch|p2a: Trandrew Tate|Heatran, M|72\/100\n|move|p1a: Aggron|Body Press|p2a: Trandrew Tate\n|-supereffective|p2a: Trandrew Tate\n|-damage|p2a: Trandrew Tate|0 fnt\n|faint|p2a: Trandrew Tate\n|\n|upkeep\n|\n|t:|1701163291\n|switch|p2a: Bruh Type|Buzzwole|100\/100\n|turn|16\n|\n|t:|1701163298\n|move|p2a: Bruh Type|Hammer Arm|p1a: Aggron|[miss]\n|-miss|p2a: Bruh Type|p1a: Aggron\n|move|p1a: Aggron|Toxic|p2a: Bruh Type\n|-status|p2a: Bruh Type|tox\n|\n|-damage|p2a: Bruh Type|94\/100 tox|[from] psn\n|upkeep\n|turn|17\n|\n|t:|1701163303\n|switch|p2a: BED TIME: 9:30|Dragonite, M|100\/100\n|move|p1a: Aggron|Metal Burst||[still]\n|-fail|p1a: Aggron\n|\n|upkeep\n|turn|18\n|\n|t:|1701163307\n|move|p2a: BED TIME: 9:30|Earthquake|p1a: Aggron\n|-supereffective|p1a: Aggron\n|-damage|p1a: Aggron|83\/100\n|move|p1a: Aggron|Toxic|p2a: BED TIME: 9:30\n|-status|p2a: BED TIME: 9:30|tox\n|\n|-damage|p2a: BED TIME: 9:30|94\/100 tox|[from] psn\n|upkeep\n|turn|19\n|l| hatsir\n|\n|t:|1701163313\n|switch|p1a: Alomomola|Alomomola, F|67\/100 tox\n|move|p2a: BED TIME: 9:30|Heal Bell|p2a: BED TIME: 9:30\n|-activate|p2a: BED TIME: 9:30|move: Heal Bell\n|-curestatus|p2a: BED TIME: 9:30|tox|[msg]\n|-curestatus|p2: Bruh Type|tox|[msg]\n|\n|-heal|p1a: Alomomola|73\/100 tox|[from] item: Leftovers\n|-damage|p1a: Alomomola|67\/100 tox|[from] psn\n|upkeep\n|turn|20\n|\n|t:|1701163320\n|switch|p2a: IT\u2019S BED TIME!!!|Weavile, M|71\/100\n|-ability|p2a: IT\u2019S BED TIME!!!|Pressure\n|move|p1a: Alomomola|Flip Turn|p2a: IT\u2019S BED TIME!!!\n|-damage|p2a: IT\u2019S BED TIME!!!|44\/100\n|\n|t:|1701163323\n|switch|p1a: Aggron|Aggron-Mega, M|83\/100|[from] Flip Turn\n|\n|upkeep\n|turn|21\n|\n|t:|1701163330\n|switch|p2a: BED TIME: 9:30|Dragonite, M|94\/100\n|move|p1a: Aggron|Body Press|p2a: BED TIME: 9:30\n|-resisted|p2a: BED TIME: 9:30\n|-damage|p2a: BED TIME: 9:30|76\/100\n|\n|upkeep\n|turn|22\n|\n|t:|1701163342\n|move|p2a: BED TIME: 9:30|Earthquake|p1a: Aggron\n|-supereffective|p1a: Aggron\n|-damage|p1a: Aggron|65\/100\n|move|p1a: Aggron|Toxic|p2a: BED TIME: 9:30\n|-status|p2a: BED TIME: 9:30|tox\n|\n|-damage|p2a: BED TIME: 9:30|70\/100 tox|[from] psn\n|upkeep\n|turn|23\n|\n|t:|1701163348\n|switch|p1a: Alomomola|Alomomola, F|99\/100 tox\n|move|p2a: BED TIME: 9:30|Heal Bell|p2a: BED TIME: 9:30\n|-activate|p2a: BED TIME: 9:30|move: Heal Bell\n|-curestatus|p2a: BED TIME: 9:30|tox|[msg]\n|\n|-heal|p1a: Alomomola|100\/100 tox|[from] item: Leftovers\n|-damage|p1a: Alomomola|94\/100 tox|[from] psn\n|upkeep\n|turn|24\n|\n|t:|1701163353\n|switch|p2a: Paper Mario|Kartana|100\/100\n|move|p1a: Alomomola|Wish|p1a: Alomomola\n|\n|-heal|p1a: Alomomola|100\/100 tox|[from] item: Leftovers\n|-damage|p1a: Alomomola|88\/100 tox|[from] psn\n|upkeep\n|turn|25\n|\n|t:|1701163362\n|switch|p2a: Bruh Type|Buzzwole|94\/100\n|switch|p1a: Aggron|Aggron-Mega, M|65\/100\n|\n|-heal|p1a: Aggron|100\/100|[from] move: Wish|[wisher] Alomomola\n|upkeep\n|turn|26\n|\n|t:|1701163369\n|move|p2a: Bruh Type|Hammer Arm|p1a: Aggron\n|-supereffective|p1a: Aggron\n|-damage|p1a: Aggron|68\/100\n|-unboost|p2a: Bruh Type|spe|1\n|move|p1a: Aggron|Metal Burst|p2a: Bruh Type\n|-damage|p2a: Bruh Type|54\/100\n|\n|upkeep\n|turn|27\n|\n|t:|1701163380\n|move|p2a: Bruh Type|Roost|p2a: Bruh Type\n|-heal|p2a: Bruh Type|100\/100\n|-singleturn|p2a: Bruh Type|move: Roost\n|move|p1a: Aggron|Toxic|p2a: Bruh Type\n|-status|p2a: Bruh Type|tox\n|\n|-damage|p2a: Bruh Type|94\/100 tox|[from] psn\n|upkeep\n|turn|28\n|\n|t:|1701163390\n|switch|p1a: Alomomola|Alomomola, F|100\/100 tox\n|move|p2a: Bruh Type|Hammer Arm|p1a: Alomomola\n|-damage|p1a: Alomomola|72\/100 tox\n|-unboost|p2a: Bruh Type|spe|1\n|\n|-heal|p1a: Alomomola|78\/100 tox|[from] item: Leftovers\n|-damage|p1a: Alomomola|72\/100 tox|[from] psn\n|-damage|p2a: Bruh Type|82\/100 tox|[from] psn\n|upkeep\n|turn|29\n|j| hatsir\n|\n|t:|1701163395\n|-terastallize|p2a: Bruh Type|Electric\n|move|p1a: Alomomola|Wish|p1a: Alomomola\n|move|p2a: Bruh Type|Thunder Punch|p1a: Alomomola\n|-supereffective|p1a: Alomomola\n|-damage|p1a: Alomomola|31\/100 tox\n|\n|-heal|p1a: Alomomola|38\/100 tox|[from] item: Leftovers\n|-damage|p1a: Alomomola|25\/100 tox|[from] psn\n|-damage|p2a: Bruh Type|63\/100 tox|[from] psn\n|upkeep\n|turn|30\n|\n|t:|1701163404\n|switch|p1a: Aggron|Aggron-Mega, M|68\/100\n|move|p2a: Bruh Type|Hammer Arm|p1a: Aggron\n|-supereffective|p1a: Aggron\n|-damage|p1a: Aggron|37\/100\n|-unboost|p2a: Bruh Type|spe|1\n|\n|-heal|p1a: Aggron|100\/100|[from] move: Wish|[wisher] Alomomola\n|-damage|p2a: Bruh Type|38\/100 tox|[from] psn\n|upkeep\n|turn|31\n|c|\u2606eelektrik funeral|gg\n|-message|eelektrik funeral forfeited.\n|\n|win|andy1510\n|n|\u2606andy1510|andy1510\n|n|\u2606eelektrik funeral|eelektrikfuneral\n|n| Koromos Rugmaarh|koromosrugmaarh\n|n|+Avaritia~!|avaritia\n|n| hatsir|hatsir\n","uploadtime":1701163415,"views":1,"p1id":"andy1510","p2id":"eelektrikfuneral","formatid":"gen9nationaldex","rating":0,"private":0,"password":""}