{"id":"gen9nationaldex-1995197545","p1":"spurious george","p2":"thefrtim","format":"[Gen 9] National Dex","log":"|html|<div class=\"broadcast-blue\"><strong>[Gen 9] National Dex is currently suspecting Sneasler! For information on how to participate check out the <a href=\"https:\/\/www.smogon.com\/forums\/threads\/sv-national-dex-suspect-8-just-dance.3731534\/\">suspect thread<\/a>.<\/strong><\/div>\n|j|\u2606spurious george\n|j|\u2606thefrtim\n|t:|1700533538\n|gametype|singles\n|player|p1|spurious george|clay|1137\n|player|p2|thefrtim|102|1148\n|teamsize|p1|6\n|teamsize|p2|6\n|gen|9\n|tier|[Gen 9] National Dex\n|rated|\n|rule|HP Percentage Mod: HP is shown in percentages\n|rule|Endless Battle Clause: Forcing endless battles is banned\n|rule|OHKO Clause: OHKO moves are banned\n|rule|Evasion Clause: Evasion abilities, items, and moves are banned\n|rule|Evasion Abilities Clause: Evasion abilities are banned\n|rule|Evasion Items Clause: Evasion items are banned\n|rule|Evasion Moves Clause: Evasion moves are banned\n|rule|Species Clause: Limit one of each Pok\u00e9mon\n|rule|Sleep Clause Mod: Limit one foe put to sleep\n|clearpoke\n|poke|p1|Porygon2|\n|poke|p1|Comfey, F|\n|poke|p1|Hitmontop, M|\n|poke|p1|Sharpedo, M|\n|poke|p1|Meloetta|\n|poke|p1|Porygon-Z|\n|poke|p2|Marowak, M|\n|poke|p2|Beedrill, F|\n|poke|p2|Gliscor, M|\n|poke|p2|Breloom, M|\n|poke|p2|Toxapex, M|\n|poke|p2|Mimikyu, F|\n|teampreview\n|inactive|Battle timer is ON: inactive players will automatically lose when time's up. (requested by thefrtim)\n|\n|t:|1700533551\n|start\n|switch|p1a: Porygon-Z|Porygon-Z|100\/100\n|switch|p2a: Beedrill|Beedrill, F|100\/100\n|turn|1\n|\n|t:|1700533560\n|detailschange|p2a: Beedrill|Beedrill-Mega, F\n|-mega|p2a: Beedrill|Beedrill|Beedrillite\n|move|p2a: Beedrill|X-Scissor|p1a: Porygon-Z\n|-damage|p1a: Porygon-Z|17\/100\n|move|p1a: Porygon-Z|Tri Attack|p2a: Beedrill\n|-damage|p2a: Beedrill|7\/100\n|\n|upkeep\n|turn|2\n|\n|t:|1700533574\n|move|p2a: Beedrill|U-turn|p1a: Porygon-Z\n|-damage|p1a: Porygon-Z|0 fnt\n|faint|p1a: Porygon-Z\n|\n|t:|1700533581\n|switch|p2a: Toxapex|Toxapex, M|100\/100|[from] U-turn\n|\n|upkeep\n|c|\u2606spurious george|!dt fell stiinger\nNo Pok\u00e9mon, item, move, ability or nature named 'fell stiinger' was found. Showing the data of 'Fell Stinger' instead.\n|raw|<ul class=\"utilichart\"><li class=\"result\"><span class=\"col movenamecol\"><a href=\"https:\/\/dex.pokemonshowdown.com\/moves\/fellstinger\">Fell Stinger<\/a><\/span> <span class=\"col typecol\"><img src=\"\/\/play.pokemonshowdown.com\/sprites\/types\/Bug.png\" alt=\"Bug\" width=\"32\" height=\"14\"><img src=\"\/\/play.pokemonshowdown.com\/sprites\/categories\/Physical.png\" alt=\"Physical\" width=\"32\" height=\"14\"><\/span> <span class=\"col labelcol\"><em>Power<\/em><br>50<\/span> <span class=\"col widelabelcol\"><em>Accuracy<\/em><br>100%<\/span> <span class=\"col pplabelcol\"><em>PP<\/em><br>40<\/span> <span class=\"col movedesccol\">Raises user's Attack by 3 if this KOes the target.<\/span> <\/li><li style=\"clear:both\"><\/li><\/ul>\n|raw|<font size=\"1\"><font color=\"#686868\">Priority:<\/font> 0&nbsp;|&ThickSpace;<font color=\"#686868\">Gen:<\/font> 6&nbsp;|&ThickSpace;&#10003; Contact&nbsp;|&ThickSpace;<font color=\"#686868\">Z-Power:<\/font> 100&nbsp;|&ThickSpace;<font color=\"#686868\">Dynamax Power:<\/font> 100&nbsp;|&ThickSpace;<font color=\"#686868\">Target:<\/font> One Adjacent Pok\u00e9mon<\/font>\n\n|c|\u2606spurious george|?\n|\n|t:|1700533593\n|switch|p1a: Meloetta|Meloetta|100\/100\n|turn|3\n|\n|t:|1700533598\n|move|p1a: Meloetta|Charge Beam|p2a: Toxapex\n|-supereffective|p2a: Toxapex\n|-damage|p2a: Toxapex|75\/100\n|-boost|p1a: Meloetta|spa|1\n|move|p2a: Toxapex|Toxic|p1a: Meloetta\n|-status|p1a: Meloetta|tox\n|\n|-heal|p2a: Toxapex|82\/100|[from] item: Black Sludge\n|-damage|p1a: Meloetta|94\/100 tox|[from] psn\n|upkeep\n|turn|4\n|c|\u2606spurious george|good for megabee\n|\n|t:|1700533610\n|move|p1a: Meloetta|Psychic|p2a: Toxapex\n|-supereffective|p2a: Toxapex\n|-damage|p2a: Toxapex|0 fnt\n|faint|p2a: Toxapex\n|\n|-damage|p1a: Meloetta|82\/100 tox|[from] psn\n|upkeep\n|\n|t:|1700533622\n|switch|p2a: Mimikyu|Mimikyu, F|100\/100\n|turn|5\n|\n|t:|1700533627\n|move|p2a: Mimikyu|Protect|p2a: Mimikyu\n|-singleturn|p2a: Mimikyu|Protect\n|move|p1a: Meloetta|Charge Beam|p2a: Mimikyu\n|-activate|p2a: Mimikyu|move: Protect\n|\n|-damage|p1a: Meloetta|63\/100 tox|[from] psn\n|upkeep\n|turn|6\n|\n|t:|1700533639\n|switch|p2a: Marowak|Marowak, M|100\/100\n|move|p1a: Meloetta|Charge Beam|p2a: Marowak\n|-immune|p2a: Marowak\n|\n|-damage|p1a: Meloetta|39\/100 tox|[from] psn\n|upkeep\n|turn|7\n|\n|t:|1700533649\n|move|p1a: Meloetta|Energy Ball|p2a: Marowak\n|-supereffective|p2a: Marowak\n|-damage|p2a: Marowak|0 fnt\n|faint|p2a: Marowak\n|\n|-damage|p1a: Meloetta|8\/100 tox|[from] psn\n|upkeep\n|\n|t:|1700533654\n|switch|p2a: Beedrill|Beedrill-Mega, F|7\/100\n|turn|8\n|\n|t:|1700533660\n|move|p2a: Beedrill|Protect|p2a: Beedrill\n|-singleturn|p2a: Beedrill|Protect\n|move|p1a: Meloetta|Charge Beam|p2a: Beedrill\n|-activate|p2a: Beedrill|move: Protect\n|\n|-damage|p1a: Meloetta|0 fnt|[from] psn\n|faint|p1a: Meloetta\n|upkeep\n|\n|t:|1700533663\n|switch|p1a: Hitmontop|Hitmontop, M|100\/100\n|turn|9\n|\n|t:|1700533681\n|move|p1a: Hitmontop|Mach Punch|p2a: Beedrill\n|-resisted|p2a: Beedrill\n|-damage|p2a: Beedrill|0 fnt\n|faint|p2a: Beedrill\n|\n|upkeep\n|\n|t:|1700533684\n|switch|p2a: Mimikyu|Mimikyu, F|100\/100\n|turn|10\n|\n|t:|1700533687\n|move|p2a: Mimikyu|Toxic|p1a: Hitmontop|[miss]\n|-miss|p2a: Mimikyu|p1a: Hitmontop\n|move|p1a: Hitmontop|Triple Axel|p2a: Mimikyu\n|-activate|p2a: Mimikyu|ability: Disguise\n|-damage|p2a: Mimikyu|100\/100\n|detailschange|p2a: Mimikyu|Mimikyu-Busted, F\n|-damage|p2a: Mimikyu|88\/100|[from] pokemon: Mimikyu-Busted\n|-damage|p2a: Mimikyu|57\/100\n|-damage|p2a: Mimikyu|10\/100\n|-hitcount|p2a: Mimikyu|3\n|\n|upkeep\n|turn|11\n|\n|t:|1700533697\n|move|p1a: Hitmontop|Sucker Punch||[still]\n|-fail|p1a: Hitmontop\n|move|p2a: Mimikyu|Toxic|p1a: Hitmontop\n|-status|p1a: Hitmontop|tox\n|\n|-damage|p1a: Hitmontop|95\/100 tox|[from] psn\n|upkeep\n|turn|12\n|\n|t:|1700533707\n|switch|p1a: Comfey|Comfey, F|100\/100\n|move|p2a: Mimikyu|Protect||[still]\n|-fail|p2a: Mimikyu\n|\n|upkeep\n|turn|13\n|\n|t:|1700533713\n|move|p2a: Mimikyu|Protect|p2a: Mimikyu\n|-singleturn|p2a: Mimikyu|Protect\n|move|p1a: Comfey|Draining Kiss|p2a: Mimikyu\n|-activate|p2a: Mimikyu|move: Protect\n|\n|upkeep\n|turn|14\n|\n|t:|1700533726\n|move|p1a: Comfey|Draining Kiss|p2a: Mimikyu\n|-damage|p2a: Mimikyu|0 fnt\n|faint|p2a: Mimikyu\n|\n|upkeep\n|\n|t:|1700533729\n|switch|p2a: Gliscor|Gliscor, M|100\/100\n|turn|15\n|\n|t:|1700533735\n|-terastallize|p1a: Comfey|Steel\n|move|p1a: Comfey|Leech Seed|p2a: Gliscor\n|-start|p2a: Gliscor|move: Leech Seed\n|move|p2a: Gliscor|Toxic|p1a: Comfey\n|-immune|p1a: Comfey\n|\n|-damage|p2a: Gliscor|88\/100|[from] Leech Seed|[of] p1a: Comfey\n|-status|p2a: Gliscor|tox|[from] item: Toxic Orb\n|upkeep\n|turn|16\n|\n|t:|1700533745\n|switch|p1a: Hitmontop|Hitmontop, M|95\/100 tox\n|move|p2a: Gliscor|Earthquake|p1a: Hitmontop\n|-damage|p1a: Hitmontop|53\/100 tox\n|\n|-damage|p2a: Gliscor|75\/100 tox|[from] Leech Seed|[of] p1a: Hitmontop\n|-heal|p1a: Hitmontop|67\/100 tox|[silent]\n|-heal|p2a: Gliscor|88\/100 tox|[from] ability: Poison Heal\n|-damage|p1a: Hitmontop|62\/100 tox|[from] psn\n|upkeep\n|turn|17\n|\n|t:|1700533764\n|-terastallize|p2a: Gliscor|Fairy\n|move|p2a: Gliscor|Earthquake|p1a: Hitmontop\n|-damage|p1a: Hitmontop|26\/100 tox\n|move|p1a: Hitmontop|Triple Axel|p2a: Gliscor\n|-damage|p2a: Gliscor|81\/100 tox\n|-damage|p2a: Gliscor|66\/100 tox\n|-damage|p2a: Gliscor|44\/100 tox\n|-hitcount|p2a: Gliscor|3\n|\n|-damage|p2a: Gliscor|31\/100 tox|[from] Leech Seed|[of] p1a: Hitmontop\n|-heal|p1a: Hitmontop|40\/100 tox|[silent]\n|-heal|p2a: Gliscor|44\/100 tox|[from] ability: Poison Heal\n|-damage|p1a: Hitmontop|28\/100 tox|[from] psn\n|upkeep\n|turn|18\n|\n|t:|1700533781\n|move|p2a: Gliscor|Roost|p2a: Gliscor\n|-heal|p2a: Gliscor|94\/100 tox\n|move|p1a: Hitmontop|Triple Axel|p2a: Gliscor|[miss]\n|-miss|p1a: Hitmontop|p2a: Gliscor\n|\n|-damage|p2a: Gliscor|81\/100 tox|[from] Leech Seed|[of] p1a: Hitmontop\n|-heal|p1a: Hitmontop|43\/100 tox|[silent]\n|-heal|p2a: Gliscor|94\/100 tox|[from] ability: Poison Heal\n|-damage|p1a: Hitmontop|25\/100 tox|[from] psn\n|upkeep\n|turn|19\n|\n|t:|1700533797\n|switch|p1a: Porygon2|Porygon2|100\/100\n|-ability|p1a: Porygon2|Download|boost\n|-boost|p1a: Porygon2|spa|1\n|move|p2a: Gliscor|Earthquake|p1a: Porygon2\n|-damage|p1a: Porygon2|80\/100\n|\n|-damage|p2a: Gliscor|81\/100 tox|[from] Leech Seed|[of] p1a: Porygon2\n|-heal|p1a: Porygon2|91\/100|[silent]\n|-heal|p2a: Gliscor|94\/100 tox|[from] ability: Poison Heal\n|upkeep\n|turn|20\n|\n|t:|1700533809\n|move|p2a: Gliscor|Toxic|p1a: Porygon2\n|-status|p1a: Porygon2|tox\n|move|p1a: Porygon2|Speed Swap|p2a: Gliscor\n|-activate|p1a: Porygon2|move: Speed Swap|[of] p2a: Gliscor\n|\n|-damage|p2a: Gliscor|81\/100 tox|[from] Leech Seed|[of] p1a: Porygon2\n|-heal|p1a: Porygon2|100\/100 tox|[silent]\n|-damage|p1a: Porygon2|94\/100 tox|[from] psn\n|-heal|p2a: Gliscor|94\/100 tox|[from] ability: Poison Heal\n|upkeep\n|turn|21\n|\n|t:|1700533822\n|move|p1a: Porygon2|Tri Attack|p2a: Gliscor\n|-damage|p2a: Gliscor|50\/100 tox\n|move|p2a: Gliscor|Spikes|p1a: Porygon2\n|-sidestart|p1: spurious george|Spikes\n|\n|-damage|p2a: Gliscor|37\/100 tox|[from] Leech Seed|[of] p1a: Porygon2\n|-heal|p1a: Porygon2|100\/100 tox|[silent]\n|-damage|p1a: Porygon2|88\/100 tox|[from] psn\n|-heal|p2a: Gliscor|50\/100 tox|[from] ability: Poison Heal\n|upkeep\n|turn|22\n|\n|t:|1700533837\n|move|p1a: Porygon2|Tri Attack|p2a: Gliscor\n|-damage|p2a: Gliscor|9\/100 tox\n|move|p2a: Gliscor|Earthquake|p1a: Porygon2\n|-damage|p1a: Porygon2|68\/100 tox\n|\n|-damage|p2a: Gliscor|0 fnt|[from] Leech Seed|[of] p1a: Porygon2\n|-heal|p1a: Porygon2|76\/100 tox|[silent]\n|faint|p2a: Gliscor\n|-damage|p1a: Porygon2|57\/100 tox|[from] psn\n|upkeep\n|\n|t:|1700533847\n|switch|p2a: Breloom|Breloom, M|100\/100\n|turn|23\n|\n|t:|1700533856\n|move|p2a: Breloom|Spore||[still]\n|-fail|p2a: Breloom\n|move|p1a: Porygon2|Tri Attack|p2a: Breloom\n|-damage|p2a: Breloom|21\/100\n|\n|-damage|p1a: Porygon2|33\/100 tox|[from] psn\n|-status|p2a: Breloom|tox|[from] item: Toxic Orb\n|upkeep\n|turn|24\n|\n|t:|1700533867\n|-singleturn|p2a: Breloom|move: Focus Punch\n|move|p1a: Porygon2|Tri Attack|p2a: Breloom\n|-damage|p2a: Breloom|0 fnt\n|faint|p2a: Breloom\n|\n|win|spurious george\n|raw|spurious george's rating: 1137 &rarr; <strong>1163<\/strong><br \/>(+26 for winning)\n|raw|thefrtim's rating: 1148 &rarr; <strong>1122<\/strong><br \/>(-26 for losing)\n|l|\u2606spurious george\n","uploadtime":1700533874,"views":1,"p1id":"spuriousgeorge","p2id":"thefrtim","formatid":"gen9nationaldex","rating":1122,"private":0,"password":""}