{"id":"gen9nationaldex-1996194589","p1":"ExplosionGamer","p2":"shfeha","format":"[Gen 9] National Dex","log":"|html|<div class=\"broadcast-blue\"><strong>[Gen 9] National Dex is currently suspecting Sneasler! For information on how to participate check out the <a href=\"https:\/\/www.smogon.com\/forums\/threads\/sv-national-dex-suspect-8-just-dance.3731534\/\">suspect thread<\/a>.<\/strong><\/div>\n|j|\u2606ExplosionGamer\n|j|\u2606shfeha\n|t:|1700657643\n|gametype|singles\n|player|p1|ExplosionGamer|169|1068\n|player|p2|shfeha|cyclist|1128\n|teamsize|p1|6\n|teamsize|p2|6\n|gen|9\n|tier|[Gen 9] National Dex\n|rated|\n|rule|HP Percentage Mod: HP is shown in percentages\n|rule|Endless Battle Clause: Forcing endless battles is banned\n|rule|OHKO Clause: OHKO moves are banned\n|rule|Evasion Clause: Evasion abilities, items, and moves are banned\n|rule|Evasion Abilities Clause: Evasion abilities are banned\n|rule|Evasion Items Clause: Evasion items are banned\n|rule|Evasion Moves Clause: Evasion moves are banned\n|rule|Species Clause: Limit one of each Pok\u00e9mon\n|rule|Sleep Clause Mod: Limit one foe put to sleep\n|clearpoke\n|poke|p1|Weavile, M|\n|poke|p1|Scizor, M|\n|poke|p1|Iron Valiant|\n|poke|p1|Garchomp, M|\n|poke|p1|Gyarados, M|\n|poke|p1|Ferrothorn, F|\n|poke|p2|Rillaboom, M|\n|poke|p2|Urshifu-*, F|\n|poke|p2|Diancie|\n|poke|p2|Lokix, F|\n|poke|p2|Zapdos|\n|poke|p2|Aegislash, M|\n|teampreview\n|inactive|Battle timer is ON: inactive players will automatically lose when time's up. (requested by shfeha)\n|\n|t:|1700657650\n|start\n|switch|p1a: Ferrothorn|Ferrothorn, F|100\/100\n|switch|p2a: Zapdos|Zapdos, shiny|100\/100\n|turn|1\n|\n|t:|1700657665\n|move|p2a: Zapdos|Volt Switch|p1a: Ferrothorn\n|-resisted|p1a: Ferrothorn\n|-damage|p1a: Ferrothorn|90\/100\n|\n|t:|1700657669\n|switch|p2a: Diancie|Diancie|100\/100|[from] Volt Switch\n|move|p1a: Ferrothorn|Leech Seed|p2a: Diancie\n|-start|p2a: Diancie|move: Leech Seed\n|\n|-heal|p1a: Ferrothorn|96\/100|[from] item: Leftovers\n|-damage|p2a: Diancie|88\/100|[from] Leech Seed|[of] p1a: Ferrothorn\n|-heal|p1a: Ferrothorn|100\/100|[silent]\n|upkeep\n|turn|2\n|\n|t:|1700657674\n|detailschange|p2a: Diancie|Diancie-Mega\n|-mega|p2a: Diancie|Diancie|Diancite\n|move|p2a: Diancie|Mystical Fire|p1a: Ferrothorn\n|-supereffective|p1a: Ferrothorn\n|-damage|p1a: Ferrothorn|23\/100\n|-unboost|p1a: Ferrothorn|spa|1\n|move|p1a: Ferrothorn|Curse|p1a: Ferrothorn\n|-unboost|p1a: Ferrothorn|spe|1\n|-boost|p1a: Ferrothorn|atk|1\n|-boost|p1a: Ferrothorn|def|1\n|\n|-heal|p1a: Ferrothorn|29\/100|[from] item: Leftovers\n|-damage|p2a: Diancie|76\/100|[from] Leech Seed|[of] p1a: Ferrothorn\n|-heal|p1a: Ferrothorn|38\/100|[silent]\n|upkeep\n|turn|3\n|\n|t:|1700657686\n|move|p1a: Ferrothorn|Protect|p1a: Ferrothorn\n|-singleturn|p1a: Ferrothorn|Protect\n|move|p2a: Diancie|Diamond Storm|p1a: Ferrothorn\n|-activate|p1a: Ferrothorn|move: Protect\n|\n|-heal|p1a: Ferrothorn|44\/100|[from] item: Leftovers\n|-damage|p2a: Diancie|63\/100|[from] Leech Seed|[of] p1a: Ferrothorn\n|-heal|p1a: Ferrothorn|53\/100|[silent]\n|upkeep\n|turn|4\n|\n|t:|1700657693\n|move|p2a: Diancie|Mystical Fire|p1a: Ferrothorn\n|-supereffective|p1a: Ferrothorn\n|-damage|p1a: Ferrothorn|0 fnt\n|faint|p1a: Ferrothorn\n|\n|upkeep\n|\n|t:|1700657700\n|switch|p1a: Scizor|Scizor, M|100\/100\n|turn|5\n|\n|t:|1700657706\n|switch|p2a: Zapdos|Zapdos, shiny|100\/100\n|move|p1a: Scizor|Bullet Punch|p2a: Zapdos\n|-resisted|p2a: Zapdos\n|-damage|p2a: Zapdos|84\/100\n|\n|upkeep\n|turn|6\n|\n|t:|1700657724\n|move|p1a: Scizor|Bullet Punch|p2a: Zapdos\n|-resisted|p2a: Zapdos\n|-damage|p2a: Zapdos|67\/100\n|move|p2a: Zapdos|Hurricane|p1a: Scizor\n|-damage|p1a: Scizor|47\/100\n|\n|upkeep\n|turn|7\n|\n|t:|1700657735\n|move|p1a: Scizor|Bullet Punch|p2a: Zapdos\n|-resisted|p2a: Zapdos\n|-damage|p2a: Zapdos|53\/100\n|move|p2a: Zapdos|Volt Switch|p1a: Scizor\n|-damage|p1a: Scizor|6\/100\n|\n|t:|1700657743\n|switch|p2a: Aegislash|Aegislash, M|100\/100|[from] Volt Switch\n|\n|upkeep\n|turn|8\n|\n|t:|1700657750\n|move|p1a: Scizor|Bullet Punch|p2a: Aegislash\n|-resisted|p2a: Aegislash\n|-damage|p2a: Aegislash|88\/100\n|move|p2a: Aegislash|Swords Dance|p2a: Aegislash\n|-boost|p2a: Aegislash|atk|2\n|\n|-heal|p2a: Aegislash|94\/100|[from] item: Leftovers\n|upkeep\n|turn|9\n|\n|t:|1700657755\n|move|p1a: Scizor|Bullet Punch|p2a: Aegislash\n|-resisted|p2a: Aegislash\n|-damage|p2a: Aegislash|81\/100\n|move|p2a: Aegislash|Swords Dance|p2a: Aegislash\n|-boost|p2a: Aegislash|atk|2\n|\n|-heal|p2a: Aegislash|88\/100|[from] item: Leftovers\n|upkeep\n|turn|10\n|\n|t:|1700657760\n|move|p1a: Scizor|Bullet Punch|p2a: Aegislash\n|-resisted|p2a: Aegislash\n|-damage|p2a: Aegislash|74\/100\n|move|p2a: Aegislash|Swords Dance|p2a: Aegislash\n|-boost|p2a: Aegislash|atk|2\n|\n|-heal|p2a: Aegislash|80\/100|[from] item: Leftovers\n|upkeep\n|turn|11\n|\n|t:|1700657764\n|move|p1a: Scizor|Bullet Punch|p2a: Aegislash\n|-resisted|p2a: Aegislash\n|-damage|p2a: Aegislash|67\/100\n|-formechange|p2a: Aegislash|Aegislash-Blade||[from] ability: Stance Change\n|move|p2a: Aegislash|Shadow Sneak|p1a: Scizor\n|-damage|p1a: Scizor|0 fnt\n|faint|p1a: Scizor\n|\n|-heal|p2a: Aegislash|73\/100|[from] item: Leftovers\n|upkeep\n|\n|t:|1700657777\n|switch|p1a: Weavile|Weavile, M|100\/100\n|-ability|p1a: Weavile|Pressure\n|turn|12\n|\n|t:|1700657782\n|-formechange|p2a: Aegislash|Aegislash||[from] ability: Stance Change\n|move|p2a: Aegislash|King's Shield|p2a: Aegislash\n|-singleturn|p2a: Aegislash|Protect\n|move|p1a: Weavile|Swords Dance|p1a: Weavile\n|-boost|p1a: Weavile|atk|2\n|\n|-heal|p2a: Aegislash|79\/100|[from] item: Leftovers\n|upkeep\n|turn|13\n|\n|t:|1700657791\n|move|p1a: Weavile|Knock Off|p2a: Aegislash\n|-supereffective|p2a: Aegislash\n|-damage|p2a: Aegislash|0 fnt\n|-enditem|p2a: Aegislash|Leftovers|[from] move: Knock Off|[of] p1a: Weavile\n|faint|p2a: Aegislash\n|\n|upkeep\n|\n|t:|1700657800\n|switch|p2a: Lokix|Lokix, F, shiny|100\/100\n|turn|14\n|\n|t:|1700657804\n|move|p2a: Lokix|First Impression|p1a: Weavile\n|-supereffective|p1a: Weavile\n|-damage|p1a: Weavile|0 fnt\n|faint|p1a: Weavile\n|\n|upkeep\n|\n|t:|1700657813\n|switch|p1a: Garchomp|Garchomp, M|100\/100\n|turn|15\n|\n|t:|1700657824\n|move|p1a: Garchomp|Swords Dance|p1a: Garchomp\n|-boost|p1a: Garchomp|atk|2\n|move|p2a: Lokix|U-turn|p1a: Garchomp\n|-damage|p1a: Garchomp|68\/100\n|-damage|p2a: Lokix|88\/100|[from] ability: Rough Skin|[of] p1a: Garchomp\n|\n|t:|1700657828\n|switch|p2a: Rillaboom|Rillaboom, M, shiny|100\/100|[from] U-turn\n|-fieldstart|move: Grassy Terrain|[from] ability: Grassy Surge|[of] p2a: Rillaboom\n|\n|-heal|p1a: Garchomp|74\/100|[from] Grassy Terrain\n|upkeep\n|turn|16\n|\n|t:|1700657833\n|move|p2a: Rillaboom|Grassy Glide|p1a: Garchomp\n|-crit|p1a: Garchomp\n|-damage|p1a: Garchomp|20\/100\n|-damage|p2a: Rillaboom|88\/100|[from] ability: Rough Skin|[of] p1a: Garchomp\n|move|p1a: Garchomp|Fire Fang|p2a: Rillaboom\n|-supereffective|p2a: Rillaboom\n|-damage|p2a: Rillaboom|0 fnt\n|faint|p2a: Rillaboom\n|\n|-heal|p1a: Garchomp|27\/100|[from] Grassy Terrain\n|upkeep\n|\n|t:|1700657841\n|switch|p2a: Lokix|Lokix, F, shiny|88\/100\n|turn|17\n|\n|t:|1700657849\n|move|p2a: Lokix|First Impression|p1a: Garchomp\n|-damage|p1a: Garchomp|0 fnt\n|-damage|p2a: Lokix|76\/100|[from] ability: Rough Skin|[of] p1a: Garchomp\n|faint|p1a: Garchomp\n|\n|-heal|p2a: Lokix|82\/100|[from] Grassy Terrain\n|upkeep\n|\n|t:|1700657856\n|switch|p1a: Iron Valiant|Iron Valiant|100\/100\n|-enditem|p1a: Iron Valiant|Booster Energy\n|-activate|p1a: Iron Valiant|ability: Quark Drive|[fromitem]\n|-start|p1a: Iron Valiant|quarkdrivespe\n|turn|18\n|\n|t:|1700657870\n|switch|p2a: Diancie|Diancie-Mega|63\/100\n|move|p1a: Iron Valiant|Calm Mind|p1a: Iron Valiant\n|-boost|p1a: Iron Valiant|spa|1\n|-boost|p1a: Iron Valiant|spd|1\n|\n|-heal|p2a: Diancie|69\/100|[from] Grassy Terrain\n|upkeep\n|turn|19\n|\n|t:|1700657878\n|move|p1a: Iron Valiant|Moonblast|p2a: Diancie\n|-damage|p2a: Diancie|0 fnt\n|faint|p2a: Diancie\n|\n|-fieldend|move: Grassy Terrain\n|upkeep\n|\n|t:|1700657884\n|switch|p2a: Urshifu|Urshifu-Rapid-Strike, F|100\/100\n|turn|20\n|\n|t:|1700657889\n|-terastallize|p2a: Urshifu|Poison\n|move|p1a: Iron Valiant|Moonblast|p2a: Urshifu\n|-resisted|p2a: Urshifu\n|-damage|p2a: Urshifu|49\/100\n|-unboost|p2a: Urshifu|spa|1\n|move|p2a: Urshifu|Surging Strikes|p1a: Iron Valiant\n|-crit|p1a: Iron Valiant\n|-damage|p1a: Iron Valiant|75\/100\n|-crit|p1a: Iron Valiant\n|-damage|p1a: Iron Valiant|51\/100\n|-crit|p1a: Iron Valiant\n|-damage|p1a: Iron Valiant|27\/100\n|-hitcount|p1a: Iron Valiant|3\n|\n|upkeep\n|turn|21\n|\n|t:|1700657901\n|move|p1a: Iron Valiant|Moonblast|p2a: Urshifu\n|-resisted|p2a: Urshifu\n|-damage|p2a: Urshifu|2\/100\n|move|p2a: Urshifu|Surging Strikes|p1a: Iron Valiant\n|-crit|p1a: Iron Valiant\n|-damage|p1a: Iron Valiant|3\/100\n|-crit|p1a: Iron Valiant\n|-damage|p1a: Iron Valiant|0 fnt\n|faint|p1a: Iron Valiant\n|-end|p1a: Iron Valiant|Quark Drive|[silent]\n|-hitcount|p1: Iron Valiant|2\n|\n|upkeep\n|\n|t:|1700657906\n|switch|p1a: Gyarados|Gyarados, M, shiny|100\/100\n|turn|22\n|\n|t:|1700657912\n|move|p2a: Urshifu|Surging Strikes|p1a: Gyarados\n|-resisted|p1a: Gyarados\n|-crit|p1a: Gyarados\n|-damage|p1a: Gyarados|88\/100\n|-resisted|p1a: Gyarados\n|-crit|p1a: Gyarados\n|-damage|p1a: Gyarados|77\/100\n|-resisted|p1a: Gyarados\n|-crit|p1a: Gyarados\n|-damage|p1a: Gyarados|65\/100\n|-hitcount|p1a: Gyarados|3\n|move|p1a: Gyarados|Dragon Dance|p1a: Gyarados\n|-boost|p1a: Gyarados|atk|1\n|-boost|p1a: Gyarados|spe|1\n|\n|upkeep\n|turn|23\n|\n|t:|1700657921\n|move|p1a: Gyarados|Dragon Dance|p1a: Gyarados\n|-boost|p1a: Gyarados|atk|1\n|-boost|p1a: Gyarados|spe|1\n|move|p2a: Urshifu|Surging Strikes|p1a: Gyarados\n|-resisted|p1a: Gyarados\n|-crit|p1a: Gyarados\n|-damage|p1a: Gyarados|53\/100\n|-resisted|p1a: Gyarados\n|-crit|p1a: Gyarados\n|-damage|p1a: Gyarados|42\/100\n|-resisted|p1a: Gyarados\n|-crit|p1a: Gyarados\n|-damage|p1a: Gyarados|28\/100\n|-hitcount|p1a: Gyarados|3\n|\n|upkeep\n|turn|24\n|\n|t:|1700657926\n|move|p1a: Gyarados|Earthquake|p2a: Urshifu\n|-supereffective|p2a: Urshifu\n|-damage|p2a: Urshifu|0 fnt\n|faint|p2a: Urshifu\n|-ability|p1a: Gyarados|Moxie|boost\n|-boost|p1a: Gyarados|atk|1\n|\n|upkeep\n|\n|t:|1700657929\n|switch|p2a: Lokix|Lokix, F, shiny|82\/100\n|turn|25\n|\n|t:|1700657936\n|move|p2a: Lokix|First Impression|p1a: Gyarados\n|-resisted|p1a: Gyarados\n|-damage|p1a: Gyarados|0 fnt\n|faint|p1a: Gyarados\n|\n|win|shfeha\n|raw|ExplosionGamer's rating: 1068 &rarr; <strong>1051<\/strong><br \/>(-17 for losing)\n|raw|shfeha's rating: 1128 &rarr; <strong>1149<\/strong><br \/>(+21 for winning)\n","uploadtime":1700657939,"views":0,"p1id":"explosiongamer","p2id":"shfeha","formatid":"gen9nationaldex","rating":1051,"private":0,"password":""}