{"id":"gen9nationaldex-1997301371","p1":"sjjshshahaah","p2":"ShinyScarfy","format":"[Gen 9] National Dex","log":"|html|<div class=\"broadcast-blue\"><strong>[Gen 9] National Dex is currently suspecting Sneasler! For information on how to participate check out the <a href=\"https:\/\/www.smogon.com\/forums\/threads\/sv-national-dex-suspect-8-just-dance.3731534\/\">suspect thread<\/a>.<\/strong><\/div>\n|j|\u2606sjjshshahaah\n|j|\u2606ShinyScarfy\n|t:|1700786654\n|gametype|singles\n|player|p1|sjjshshahaah|plasmagrunt|1309\n|player|p2|ShinyScarfy|alec-anime|1448\n|teamsize|p1|6\n|teamsize|p2|6\n|gen|9\n|tier|[Gen 9] National Dex\n|rated|\n|rule|HP Percentage Mod: HP is shown in percentages\n|rule|Endless Battle Clause: Forcing endless battles is banned\n|rule|OHKO Clause: OHKO moves are banned\n|rule|Evasion Clause: Evasion abilities, items, and moves are banned\n|rule|Evasion Abilities Clause: Evasion abilities are banned\n|rule|Evasion Items Clause: Evasion items are banned\n|rule|Evasion Moves Clause: Evasion moves are banned\n|rule|Species Clause: Limit one of each Pok\u00e9mon\n|rule|Sleep Clause Mod: Limit one foe put to sleep\n|clearpoke\n|poke|p1|Rillaboom, M|\n|poke|p1|Ogerpon-Wellspring, F|\n|poke|p1|Hydreigon, F|\n|poke|p1|Skeledirge, M|\n|poke|p1|Clodsire, F|\n|poke|p1|Corviknight, M|\n|poke|p2|Zoroark-Hisui, M|\n|poke|p2|Togekiss, M|\n|poke|p2|Gliscor, M|\n|poke|p2|Samurott-Hisui, M|\n|poke|p2|Heatran, M|\n|poke|p2|Lucario, M|\n|teampreview\n|inactive|Battle timer is ON: inactive players will automatically lose when time's up. (requested by ShinyScarfy)\n|\n|t:|1700786660\n|start\n|switch|p1a: Bugcatcher|Rillaboom, M|100\/100\n|switch|p2a: Lucario|Lucario, M|100\/100\n|-fieldstart|move: Grassy Terrain|[from] ability: Grassy Surge|[of] p1a: Bugcatcher\n|turn|1\n|\n|t:|1700786665\n|move|p1a: Bugcatcher|Grassy Glide|p2a: Lucario\n|-resisted|p2a: Lucario\n|-damage|p2a: Lucario|52\/100\n|move|p2a: Lucario|Swords Dance|p2a: Lucario\n|-boost|p2a: Lucario|atk|2\n|\n|-heal|p2a: Lucario|58\/100|[from] Grassy Terrain\n|upkeep\n|turn|2\n|\n|t:|1700786670\n|switch|p1a: Juan|Skeledirge, M|100\/100\n|move|p2a: Lucario|Extreme Speed|p1a: Juan\n|-immune|p1a: Juan\n|\n|-heal|p2a: Lucario|64\/100|[from] Grassy Terrain\n|upkeep\n|turn|3\n|\n|t:|1700786676\n|switch|p2a: Samurott|Samurott-Hisui, M|100\/100\n|move|p1a: Juan|Hex|p2a: Samurott\n|-resisted|p2a: Samurott\n|-damage|p2a: Samurott|83\/100\n|\n|-heal|p2a: Samurott|89\/100|[from] Grassy Terrain\n|upkeep\n|turn|4\n|\n|t:|1700786681\n|move|p2a: Samurott|Ceaseless Edge|p1a: Juan\n|-supereffective|p1a: Juan\n|-damage|p1a: Juan|48\/100\n|-sidestart|p1: sjjshshahaah|Spikes\n|move|p1a: Juan|Will-O-Wisp|p2a: Samurott\n|-status|p2a: Samurott|brn\n|\n|-heal|p2a: Samurott|95\/100 brn|[from] Grassy Terrain\n|-heal|p1a: Juan|54\/100|[from] Grassy Terrain\n|-damage|p2a: Samurott|89\/100 brn|[from] brn\n|upkeep\n|turn|5\n|\n|t:|1700786687\n|move|p2a: Samurott|Ceaseless Edge|p1a: Juan\n|-supereffective|p1a: Juan\n|-damage|p1a: Juan|28\/100\n|-sidestart|p1: sjjshshahaah|Spikes\n|move|p1a: Juan|Slack Off|p1a: Juan\n|-heal|p1a: Juan|78\/100\n|\n|-heal|p2a: Samurott|95\/100 brn|[from] Grassy Terrain\n|-heal|p1a: Juan|84\/100|[from] Grassy Terrain\n|-damage|p2a: Samurott|89\/100 brn|[from] brn\n|-fieldend|move: Grassy Terrain\n|upkeep\n|turn|6\n|\n|t:|1700786689\n|move|p2a: Samurott|Ceaseless Edge|p1a: Juan\n|-supereffective|p1a: Juan\n|-damage|p1a: Juan|58\/100\n|-sidestart|p1: sjjshshahaah|Spikes\n|move|p1a: Juan|Torch Song|p2a: Samurott\n|-resisted|p2a: Samurott\n|-damage|p2a: Samurott|67\/100 brn\n|-boost|p1a: Juan|spa|1\n|\n|-damage|p2a: Samurott|60\/100 brn|[from] brn\n|upkeep\n|turn|7\n|\n|t:|1700786694\n|move|p2a: Samurott|Ceaseless Edge|p1a: Juan\n|-supereffective|p1a: Juan\n|-damage|p1a: Juan|32\/100\n|move|p1a: Juan|Hex|p2a: Samurott\n|-resisted|p2a: Samurott\n|-damage|p2a: Samurott|6\/100 brn\n|\n|-damage|p2a: Samurott|0 fnt|[from] brn\n|faint|p2a: Samurott\n|upkeep\n|\n|t:|1700786696\n|switch|p2a: Lucario|Lucario, M|100\/100\n|turn|8\n|\n|t:|1700786700\n|move|p2a: Lucario|Shadow Ball|p1a: Juan\n|-supereffective|p1a: Juan\n|-damage|p1a: Juan|0 fnt\n|faint|p1a: Juan\n|\n|upkeep\n|\n|t:|1700786706\n|switch|p1a: Iclods|Clodsire, F|100\/100\n|-damage|p1a: Iclods|75\/100|[from] Spikes\n|turn|9\n|\n|t:|1700786709\n|switch|p2a: Gliscor|Gliscor, M|100\/100\n|move|p1a: Iclods|Stealth Rock|p2a: Gliscor\n|-sidestart|p2: ShinyScarfy|move: Stealth Rock\n|\n|-heal|p1a: Iclods|82\/100|[from] item: Leftovers\n|-status|p2a: Gliscor|tox|[from] item: Toxic Orb\n|upkeep\n|turn|10\n|\n|t:|1700786717\n|switch|p1a: Iron Wing|Corviknight, M, shiny|100\/100\n|move|p2a: Gliscor|Dual Wingbeat|p1a: Iron Wing\n|-resisted|p1a: Iron Wing\n|-damage|p1a: Iron Wing|95\/100\n|-damage|p2a: Gliscor|84\/100 tox|[from] item: Rocky Helmet|[of] p1a: Iron Wing\n|-resisted|p1a: Iron Wing\n|-damage|p1a: Iron Wing|90\/100\n|-damage|p2a: Gliscor|68\/100 tox|[from] item: Rocky Helmet|[of] p1a: Iron Wing\n|-hitcount|p1a: Iron Wing|2\n|\n|-heal|p2a: Gliscor|80\/100 tox|[from] ability: Poison Heal\n|upkeep\n|turn|11\n|\n|t:|1700786724\n|move|p2a: Gliscor|Swords Dance|p2a: Gliscor\n|-boost|p2a: Gliscor|atk|2\n|move|p1a: Iron Wing|Defog|p2a: Gliscor\n|-unboost|p2a: Gliscor|evasion|1\n|-sideend|p2: ShinyScarfy|Stealth Rock|[from] move: Defog|[of] p1a: Iron Wing\n|-sideend|p1: sjjshshahaah|Spikes|[from] move: Defog|[of] p1a: Iron Wing\n|\n|-heal|p2a: Gliscor|92\/100 tox|[from] ability: Poison Heal\n|upkeep\n|turn|12\n|\n|t:|1700786728\n|move|p2a: Gliscor|Thunder Fang|p1a: Iron Wing\n|-supereffective|p1a: Iron Wing\n|-damage|p1a: Iron Wing|46\/100\n|-damage|p2a: Gliscor|76\/100 tox|[from] item: Rocky Helmet|[of] p1a: Iron Wing\n|move|p1a: Iron Wing|Bulk Up|p1a: Iron Wing\n|-boost|p1a: Iron Wing|atk|1\n|-boost|p1a: Iron Wing|def|1\n|\n|-heal|p2a: Gliscor|88\/100 tox|[from] ability: Poison Heal\n|upkeep\n|turn|13\n|\n|t:|1700786734\n|move|p2a: Gliscor|Swords Dance|p2a: Gliscor\n|-boost|p2a: Gliscor|atk|2\n|move|p1a: Iron Wing|Roost|p1a: Iron Wing\n|-heal|p1a: Iron Wing|96\/100\n|-singleturn|p1a: Iron Wing|move: Roost\n|\n|-heal|p2a: Gliscor|100\/100 tox|[from] ability: Poison Heal\n|upkeep\n|turn|14\n|\n|t:|1700786736\n|move|p2a: Gliscor|Swords Dance|p2a: Gliscor\n|-boost|p2a: Gliscor|atk|2\n|move|p1a: Iron Wing|Brave Bird|p2a: Gliscor\n|-damage|p2a: Gliscor|51\/100 tox\n|-damage|p1a: Iron Wing|84\/100|[from] Recoil\n|\n|-heal|p2a: Gliscor|64\/100 tox|[from] ability: Poison Heal\n|upkeep\n|turn|15\n|\n|t:|1700786738\n|move|p2a: Gliscor|Thunder Fang|p1a: Iron Wing\n|-supereffective|p1a: Iron Wing\n|-damage|p1a: Iron Wing|28\/100\n|-damage|p2a: Gliscor|47\/100 tox|[from] item: Rocky Helmet|[of] p1a: Iron Wing\n|move|p1a: Iron Wing|Brave Bird|p2a: Gliscor\n|-damage|p2a: Gliscor|0 fnt\n|faint|p2a: Gliscor\n|-damage|p1a: Iron Wing|17\/100|[from] Recoil\n|\n|upkeep\n|\n|t:|1700786748\n|switch|p2a: Lucario|Lucario, M|100\/100\n|turn|16\n|\n|t:|1700786751\n|move|p2a: Lucario|Flamethrower|p1a: Iron Wing\n|-supereffective|p1a: Iron Wing\n|-damage|p1a: Iron Wing|0 fnt\n|faint|p1a: Iron Wing\n|\n|upkeep\n|\n|t:|1700786759\n|switch|p1a: Saddy|Ogerpon-Wellspring, F|100\/100\n|turn|17\n|\n|t:|1700786768\n|move|p2a: Lucario|Hyper Voice|p1a: Saddy\n|-damage|p1a: Saddy|44\/100\n|move|p1a: Saddy|Ivy Cudgel|p2a: Lucario|[anim] Ivy Cudgel Water\n|-enditem|p2a: Lucario|Focus Sash\n|-damage|p2a: Lucario|1\/100\n|replace|p2a: Zoroark|Zoroark-Hisui, M\n|-end|p2a: Zoroark|Illusion\n|\n|upkeep\n|turn|18\n|\n|t:|1700786778\n|move|p2a: Zoroark|Hyper Voice|p1a: Saddy\n|-damage|p1a: Saddy|0 fnt\n|faint|p1a: Saddy\n|\n|upkeep\n|\n|t:|1700786781\n|switch|p1a: Bugcatcher|Rillaboom, M|100\/100\n|-fieldstart|move: Grassy Terrain|[from] ability: Grassy Surge|[of] p1a: Bugcatcher\n|turn|19\n|\n|t:|1700786787\n|move|p2a: Zoroark|Hyper Voice|p1a: Bugcatcher\n|-crit|p1a: Bugcatcher\n|-damage|p1a: Bugcatcher|15\/100\n|move|p1a: Bugcatcher|Superpower|p2a: Zoroark\n|-immune|p2a: Zoroark\n|\n|-heal|p2a: Zoroark|7\/100|[from] Grassy Terrain\n|-heal|p1a: Bugcatcher|21\/100|[from] Grassy Terrain\n|upkeep\n|turn|20\n|\n|t:|1700786794\n|switch|p1a: Iclods|Clodsire, F|82\/100\n|move|p2a: Zoroark|Hyper Voice|p1a: Iclods\n|-damage|p1a: Iclods|58\/100\n|\n|-heal|p2a: Zoroark|13\/100|[from] Grassy Terrain\n|-heal|p1a: Iclods|64\/100|[from] Grassy Terrain\n|-heal|p1a: Iclods|70\/100|[from] item: Leftovers\n|upkeep\n|turn|21\n|\n|t:|1700786800\n|move|p2a: Zoroark|Nasty Plot|p2a: Zoroark\n|-boost|p2a: Zoroark|spa|2\n|move|p1a: Iclods|Stealth Rock|p2a: Zoroark\n|-sidestart|p2: ShinyScarfy|move: Stealth Rock\n|\n|-heal|p2a: Zoroark|19\/100|[from] Grassy Terrain\n|-heal|p1a: Iclods|76\/100|[from] Grassy Terrain\n|-heal|p1a: Iclods|83\/100|[from] item: Leftovers\n|upkeep\n|turn|22\n|\n|t:|1700786804\n|move|p2a: Zoroark|Nasty Plot|p2a: Zoroark\n|-boost|p2a: Zoroark|spa|2\n|move|p1a: Iclods|High Horsepower|p2a: Zoroark\n|-damage|p2a: Zoroark|0 fnt\n|faint|p2a: Zoroark\n|\n|-heal|p1a: Iclods|89\/100|[from] Grassy Terrain\n|-heal|p1a: Iclods|95\/100|[from] item: Leftovers\n|upkeep\n|\n|t:|1700786810\n|switch|p2a: Heatran|Heatran, M|100\/100\n|-damage|p2a: Heatran|88\/100|[from] Stealth Rock\n|turn|23\n|\n|t:|1700786815\n|-terastallize|p2a: Heatran|Grass\n|move|p2a: Heatran|Earth Power|p1a: Iclods\n|-supereffective|p1a: Iclods\n|-damage|p1a: Iclods|59\/100\n|move|p1a: Iclods|Toxic|p2a: Heatran\n|-status|p2a: Heatran|tox\n|\n|-heal|p2a: Heatran|94\/100 tox|[from] Grassy Terrain\n|-heal|p1a: Iclods|66\/100|[from] Grassy Terrain\n|-heal|p1a: Iclods|72\/100|[from] item: Leftovers\n|-damage|p2a: Heatran|88\/100 tox|[from] psn\n|-fieldend|move: Grassy Terrain\n|upkeep\n|turn|24\n|\n|t:|1700786825\n|switch|p2a: Lucario|Lucario, M|64\/100\n|-damage|p2a: Lucario|61\/100|[from] Stealth Rock\n|move|p1a: Iclods|Recover|p1a: Iclods\n|-heal|p1a: Iclods|100\/100\n|\n|upkeep\n|turn|25\n|\n|t:|1700786833\n|move|p2a: Lucario|Extreme Speed|p1a: Iclods\n|-damage|p1a: Iclods|69\/100\n|move|p1a: Iclods|High Horsepower|p2a: Lucario\n|-supereffective|p2a: Lucario\n|-damage|p2a: Lucario|0 fnt\n|faint|p2a: Lucario\n|\n|-heal|p1a: Iclods|75\/100|[from] item: Leftovers\n|upkeep\n|\n|t:|1700786836\n|switch|p2a: Togekiss|Togekiss, M|100\/100\n|-damage|p2a: Togekiss|75\/100|[from] Stealth Rock\n|turn|26\n|\n|t:|1700786839\n|move|p2a: Togekiss|Tri Attack|p1a: Iclods\n|-damage|p1a: Iclods|60\/100\n|-status|p1a: Iclods|frz\n|cant|p1a: Iclods|frz\n|\n|-heal|p1a: Iclods|66\/100 frz|[from] item: Leftovers\n|upkeep\n|turn|27\n|\n|t:|1700786843\n|move|p2a: Togekiss|Ancient Power|p1a: Iclods\n|-resisted|p1a: Iclods\n|-damage|p1a: Iclods|60\/100 frz\n|cant|p1a: Iclods|frz\n|\n|-heal|p1a: Iclods|67\/100 frz|[from] item: Leftovers\n|upkeep\n|turn|28\n|\n|t:|1700786846\n|move|p2a: Togekiss|Ancient Power|p1a: Iclods\n|-resisted|p1a: Iclods\n|-damage|p1a: Iclods|61\/100 frz\n|-curestatus|p1a: Iclods|frz|[msg]\n|move|p1a: Iclods|Recover|p1a: Iclods\n|-heal|p1a: Iclods|100\/100\n|\n|upkeep\n|turn|29\n|\n|t:|1700786848\n|move|p2a: Togekiss|Air Slash|p1a: Iclods\n|-damage|p1a: Iclods|79\/100\n|cant|p1a: Iclods|flinch\n|\n|-heal|p1a: Iclods|85\/100|[from] item: Leftovers\n|upkeep\n|turn|30\n|\n|t:|1700786852\n|move|p2a: Togekiss|Air Slash|p1a: Iclods\n|-damage|p1a: Iclods|65\/100\n|move|p1a: Iclods|Toxic|p2a: Togekiss\n|-status|p2a: Togekiss|tox\n|\n|-heal|p1a: Iclods|71\/100|[from] item: Leftovers\n|-damage|p2a: Togekiss|69\/100 tox|[from] psn\n|upkeep\n|turn|31\n|\n|t:|1700786857\n|move|p2a: Togekiss|Air Slash|p1a: Iclods\n|-damage|p1a: Iclods|48\/100\n|move|p1a: Iclods|Recover|p1a: Iclods\n|-heal|p1a: Iclods|98\/100\n|\n|-heal|p1a: Iclods|100\/100|[from] item: Leftovers\n|-damage|p2a: Togekiss|57\/100 tox|[from] psn\n|upkeep\n|turn|32\n|c|\u2606sjjshshahaah|Lel\n|\n|t:|1700786865\n|move|p2a: Togekiss|Air Slash|p1a: Iclods\n|-damage|p1a: Iclods|78\/100\n|cant|p1a: Iclods|flinch\n|\n|-heal|p1a: Iclods|85\/100|[from] item: Leftovers\n|-damage|p2a: Togekiss|39\/100 tox|[from] psn\n|upkeep\n|turn|33\n|\n|t:|1700786870\n|switch|p2a: Heatran|Heatran, M, tera:Grass|88\/100 tox\n|-damage|p2a: Heatran|76\/100 tox|[from] Stealth Rock\n|move|p1a: Iclods|Toxic|p2a: Heatran\n|-fail|p2a: Heatran|tox\n|\n|-heal|p1a: Iclods|91\/100|[from] item: Leftovers\n|-damage|p2a: Heatran|70\/100 tox|[from] psn\n|upkeep\n|turn|34\n|\n|t:|1700786874\n|move|p2a: Heatran|Magma Storm|p1a: Iclods\n|-damage|p1a: Iclods|58\/100\n|-activate|p1a: Iclods|move: Magma Storm|[of] p2a: Heatran\n|move|p1a: Iclods|High Horsepower|p2a: Heatran\n|-resisted|p2a: Heatran\n|-crit|p2a: Heatran\n|-damage|p2a: Heatran|53\/100 tox\n|\n|-heal|p1a: Iclods|64\/100|[from] item: Leftovers\n|-damage|p2a: Heatran|41\/100 tox|[from] psn\n|-damage|p1a: Iclods|52\/100|[from] move: Magma Storm|[partiallytrapped]\n|upkeep\n|turn|35\n|\n|t:|1700786880\n|move|p2a: Heatran|Earth Power|p1a: Iclods\n|-supereffective|p1a: Iclods\n|-damage|p1a: Iclods|16\/100\n|move|p1a: Iclods|Recover|p1a: Iclods\n|-heal|p1a: Iclods|66\/100\n|\n|-heal|p1a: Iclods|72\/100|[from] item: Leftovers\n|-damage|p2a: Heatran|22\/100 tox|[from] psn\n|-damage|p1a: Iclods|60\/100|[from] move: Magma Storm|[partiallytrapped]\n|upkeep\n|turn|36\n|\n|t:|1700786884\n|move|p2a: Heatran|Earth Power|p1a: Iclods\n|-supereffective|p1a: Iclods\n|-damage|p1a: Iclods|24\/100\n|move|p1a: Iclods|Recover|p1a: Iclods\n|-heal|p1a: Iclods|74\/100\n|\n|-heal|p1a: Iclods|80\/100|[from] item: Leftovers\n|-damage|p2a: Heatran|0 fnt|[from] psn\n|faint|p2a: Heatran\n|-end|p1a: Iclods|Magma Storm|[partiallytrapped]|[silent]\n|upkeep\n|\n|t:|1700786886\n|switch|p2a: Togekiss|Togekiss, M|39\/100 tox\n|-damage|p2a: Togekiss|14\/100 tox|[from] Stealth Rock\n|turn|37\n|c|\u2606sjjshshahaah|Lel\n|\n|t:|1700786897\n|move|p2a: Togekiss|Tri Attack|p1a: Iclods\n|-damage|p1a: Iclods|65\/100\n|-status|p1a: Iclods|par\n|move|p1a: Iclods|Stealth Rock||[still]\n|-fail|p1a: Iclods\n|\n|-heal|p1a: Iclods|71\/100 par|[from] item: Leftovers\n|-damage|p2a: Togekiss|8\/100 tox|[from] psn\n|upkeep\n|turn|38\n|\n|t:|1700786902\n|move|p2a: Togekiss|Draining Kiss|p1a: Iclods\n|-resisted|p1a: Iclods\n|-damage|p1a: Iclods|63\/100 par\n|-heal|p2a: Togekiss|16\/100 tox|[from] drain|[of] p1a: Iclods\n|move|p1a: Iclods|High Horsepower|p2a: Togekiss\n|-immune|p2a: Togekiss\n|\n|-heal|p1a: Iclods|70\/100 par|[from] item: Leftovers\n|-damage|p2a: Togekiss|4\/100 tox|[from] psn\n|upkeep\n|turn|39\n|\n|t:|1700786905\n|move|p2a: Togekiss|Draining Kiss|p1a: Iclods\n|-resisted|p1a: Iclods\n|-damage|p1a: Iclods|62\/100 par\n|-heal|p2a: Togekiss|13\/100 tox|[from] drain|[of] p1a: Iclods\n|move|p1a: Iclods|High Horsepower|p2a: Togekiss\n|-immune|p2a: Togekiss\n|\n|-heal|p1a: Iclods|68\/100 par|[from] item: Leftovers\n|-damage|p2a: Togekiss|0 fnt|[from] psn\n|faint|p2a: Togekiss\n|\n|win|sjjshshahaah\n|upkeep\n|raw|sjjshshahaah's rating: 1309 &rarr; <strong>1337<\/strong><br \/>(+28 for winning)\n|raw|ShinyScarfy's rating: 1448 &rarr; <strong>1420<\/strong><br \/>(-28 for losing)\n|c|\u2606ShinyScarfy|Gg\n|c|\u2606ShinyScarfy|I like ur Corviknight's nickname :)\n|c|\u2606ShinyScarfy|Saddy is cute for Ogerpon too\n|l|\u2606ShinyScarfy\n","uploadtime":1700787035,"views":8,"p1id":"sjjshshahaah","p2id":"shinyscarfy","formatid":"gen9nationaldex","rating":1337,"private":0,"password":""}