{"id":"gen9nationaldex-1993042124","p1":"Nonno Sandslash","p2":"CuriousStraightGuy","format":"[Gen 9] National Dex","log":"|j|\u2606Nonno Sandslash\n|j|\u2606CuriousStraightGuy\n|t:|1700258387\n|gametype|singles\n|player|p1|Nonno Sandslash|wattson|1259\n|player|p2|CuriousStraightGuy|cogita|1324\n|teamsize|p1|6\n|teamsize|p2|6\n|gen|9\n|tier|[Gen 9] National Dex\n|rated|\n|rule|HP Percentage Mod: HP is shown in percentages\n|rule|Endless Battle Clause: Forcing endless battles is banned\n|rule|OHKO Clause: OHKO moves are banned\n|rule|Evasion Clause: Evasion abilities, items, and moves are banned\n|rule|Evasion Abilities Clause: Evasion abilities are banned\n|rule|Evasion Items Clause: Evasion items are banned\n|rule|Evasion Moves Clause: Evasion moves are banned\n|rule|Species Clause: Limit one of each Pok\u00e9mon\n|rule|Sleep Clause Mod: Limit one foe put to sleep\n|clearpoke\n|poke|p1|Charizard, M|\n|poke|p1|Xatu, F|\n|poke|p1|Galvantula, F|\n|poke|p1|Shaymin|\n|poke|p1|Tentacruel, M|\n|poke|p1|Mamoswine, M|\n|poke|p2|Great Tusk|\n|poke|p2|Dondozo, M|\n|poke|p2|Lokix, M|\n|poke|p2|Hatterene, F|\n|poke|p2|Corviknight, F|\n|poke|p2|Toxapex, F|\n|teampreview\n|inactive|Battle timer is ON: inactive players will automatically lose when time's up. (requested by Nonno Sandslash)\n|inactive|CuriousStraightGuy has 120 seconds left.\n|\n|t:|1700258433\n|start\n|switch|p1a: Shaymin|Shaymin|100\/100\n|switch|p2a: Wack AF|Toxapex, F|100\/100\n|turn|1\n|\n|t:|1700258442\n|move|p1a: Shaymin|Substitute|p1a: Shaymin\n|-start|p1a: Shaymin|Substitute\n|-damage|p1a: Shaymin|76\/100\n|move|p2a: Wack AF|Infestation|p1a: Shaymin\n|-supereffective|p1a: Shaymin\n|-activate|p1a: Shaymin|move: Substitute|[damage]\n|\n|-heal|p1a: Shaymin|82\/100|[from] item: Leftovers\n|upkeep\n|turn|2\n|\n|t:|1700258449\n|move|p1a: Shaymin|Leech Seed|p2a: Wack AF\n|-start|p2a: Wack AF|move: Leech Seed\n|move|p2a: Wack AF|Sludge Bomb|p1a: Shaymin\n|-supereffective|p1a: Shaymin\n|-end|p1a: Shaymin|Substitute\n|\n|-heal|p1a: Shaymin|88\/100|[from] item: Leftovers\n|-damage|p2a: Wack AF|88\/100|[from] Leech Seed|[of] p1a: Shaymin\n|-heal|p1a: Shaymin|99\/100|[silent]\n|upkeep\n|turn|3\n|\n|t:|1700258459\n|switch|p2a: Cocaine Baby|Lokix, M|100\/100\n|move|p1a: Shaymin|Substitute|p1a: Shaymin\n|-start|p1a: Shaymin|Substitute\n|-damage|p1a: Shaymin|74\/100\n|\n|-heal|p1a: Shaymin|80\/100|[from] item: Leftovers\n|upkeep\n|turn|4\n|inactive|Nonno Sandslash has 120 seconds left.\n|\n|t:|1700258510\n|move|p1a: Shaymin|Air Slash|p2a: Cocaine Baby\n|-supereffective|p2a: Cocaine Baby\n|-damage|p2a: Cocaine Baby|18\/100\n|move|p2a: Cocaine Baby|U-turn|p1a: Shaymin\n|-supereffective|p1a: Shaymin\n|-end|p1a: Shaymin|Substitute\n|\n|t:|1700258519\n|switch|p2a: Wack AF|Toxapex, F|100\/100|[from] U-turn\n|\n|-heal|p1a: Shaymin|86\/100|[from] item: Leftovers\n|upkeep\n|turn|5\n|\n|t:|1700258525\n|move|p1a: Shaymin|Leech Seed|p2a: Wack AF\n|-start|p2a: Wack AF|move: Leech Seed\n|move|p2a: Wack AF|Sludge Bomb|p1a: Shaymin\n|-supereffective|p1a: Shaymin\n|-damage|p1a: Shaymin|33\/100\n|\n|-heal|p1a: Shaymin|40\/100|[from] item: Leftovers\n|-damage|p2a: Wack AF|88\/100|[from] Leech Seed|[of] p1a: Shaymin\n|-heal|p1a: Shaymin|50\/100|[silent]\n|upkeep\n|turn|6\n|\n|t:|1700258536\n|move|p1a: Shaymin|Substitute|p1a: Shaymin\n|-start|p1a: Shaymin|Substitute\n|-damage|p1a: Shaymin|25\/100\n|move|p2a: Wack AF|Sludge Bomb|p1a: Shaymin\n|-supereffective|p1a: Shaymin\n|-end|p1a: Shaymin|Substitute\n|\n|-heal|p1a: Shaymin|32\/100|[from] item: Leftovers\n|-damage|p2a: Wack AF|76\/100|[from] Leech Seed|[of] p1a: Shaymin\n|-heal|p1a: Shaymin|42\/100|[silent]\n|upkeep\n|turn|7\n|\n|t:|1700258547\n|move|p1a: Shaymin|Seed Flare|p2a: Wack AF\n|-damage|p2a: Wack AF|48\/100\n|move|p2a: Wack AF|Sludge Bomb|p1a: Shaymin\n|-supereffective|p1a: Shaymin\n|-damage|p1a: Shaymin|0 fnt\n|faint|p1a: Shaymin\n|\n|upkeep\n|\n|t:|1700258570\n|switch|p1a: Galvantula|Galvantula, F, shiny|100\/100\n|turn|8\n|inactive|Nonno Sandslash has 90 seconds left.\n|inactive|CuriousStraightGuy has 120 seconds left.\n|\n|t:|1700258609\n|switch|p2a: Smile|Great Tusk|100\/100\n|move|p1a: Galvantula|Thunder|p2a: Smile\n|-immune|p2a: Smile\n|\n|upkeep\n|turn|9\n|inactive|Nonno Sandslash has 90 seconds left.\n|inactive|CuriousStraightGuy has 120 seconds left.\n|\n|t:|1700258643\n|switch|p1a: Xatu|Xatu, F|100\/100\n|move|p2a: Smile|Stealth Rock|p1a: Xatu\n|move|p1a: Xatu|Stealth Rock|p2a: Smile|[from]ability: Magic Bounce\n|-sidestart|p2: CuriousStraightGuy|move: Stealth Rock\n|\n|upkeep\n|turn|10\n|inactive|CuriousStraightGuy has 120 seconds left.\n|\n|t:|1700258651\n|-terastallize|p2a: Smile|Water\n|move|p1a: Xatu|Night Shade|p2a: Smile\n|-damage|p2a: Smile|77\/100\n|move|p2a: Smile|Rapid Spin|p1a: Xatu\n|-damage|p1a: Xatu|83\/100\n|-boost|p2a: Smile|spe|1\n|-damage|p2a: Smile|60\/100|[from] item: Rocky Helmet|[of] p1a: Xatu\n|-sideend|p2: CuriousStraightGuy|Stealth Rock|[from] move: Rapid Spin|[of] p2a: Smile\n|\n|-heal|p2a: Smile|67\/100|[from] item: Leftovers\n|upkeep\n|turn|11\n|\n|t:|1700258663\n|move|p2a: Smile|Knock Off|p1a: Xatu\n|-supereffective|p1a: Xatu\n|-damage|p1a: Xatu|8\/100\n|-damage|p2a: Smile|50\/100|[from] item: Rocky Helmet|[of] p1a: Xatu\n|-enditem|p1a: Xatu|Rocky Helmet|[from] move: Knock Off|[of] p2a: Smile\n|move|p1a: Xatu|Night Shade|p2a: Smile\n|-damage|p2a: Smile|26\/100\n|\n|-heal|p2a: Smile|33\/100|[from] item: Leftovers\n|upkeep\n|turn|12\n|\n|t:|1700258671\n|move|p2a: Smile|Rapid Spin|p1a: Xatu\n|-damage|p1a: Xatu|0 fnt\n|-boost|p2a: Smile|spe|1\n|faint|p1a: Xatu\n|\n|-heal|p2a: Smile|39\/100|[from] item: Leftovers\n|upkeep\n|\n|t:|1700258679\n|switch|p1a: Tentacruel|Tentacruel, M|100\/100\n|-item|p1a: Tentacruel|Air Balloon\n|turn|13\n|\n|t:|1700258685\n|-terastallize|p1a: Tentacruel|Water\n|move|p2a: Smile|Stealth Rock|p1a: Tentacruel\n|-sidestart|p1: Nonno Sandslash|move: Stealth Rock\n|move|p1a: Tentacruel|Haze|p1a: Tentacruel\n|-clearallboost\n|\n|-heal|p2a: Smile|45\/100|[from] item: Leftovers\n|upkeep\n|turn|14\n|\n|t:|1700258692\n|move|p1a: Tentacruel|Rapid Spin|p2a: Smile\n|-damage|p2a: Smile|40\/100\n|-boost|p1a: Tentacruel|spe|1\n|-sideend|p1: Nonno Sandslash|Stealth Rock|[from] move: Rapid Spin|[of] p1a: Tentacruel\n|move|p2a: Smile|Knock Off|p1a: Tentacruel\n|-damage|p1a: Tentacruel|75\/100\n|-enditem|p1a: Tentacruel|Air Balloon\n|\n|-heal|p2a: Smile|46\/100|[from] item: Leftovers\n|upkeep\n|turn|15\n|\n|t:|1700258697\n|move|p1a: Tentacruel|Toxic|p2a: Smile\n|-status|p2a: Smile|tox\n|move|p2a: Smile|Stealth Rock|p1a: Tentacruel\n|-sidestart|p1: Nonno Sandslash|move: Stealth Rock\n|\n|-heal|p2a: Smile|53\/100 tox|[from] item: Leftovers\n|-damage|p2a: Smile|46\/100 tox|[from] psn\n|upkeep\n|turn|16\n|\n|t:|1700258700\n|move|p1a: Tentacruel|Rapid Spin|p2a: Smile\n|-damage|p2a: Smile|42\/100 tox\n|-boost|p1a: Tentacruel|spe|1\n|-sideend|p1: Nonno Sandslash|Stealth Rock|[from] move: Rapid Spin|[of] p1a: Tentacruel\n|move|p2a: Smile|Earthquake|p1a: Tentacruel\n|-crit|p1a: Tentacruel\n|-damage|p1a: Tentacruel|8\/100\n|\n|-heal|p2a: Smile|48\/100 tox|[from] item: Leftovers\n|-damage|p2a: Smile|36\/100 tox|[from] psn\n|upkeep\n|turn|17\n|\n|t:|1700258706\n|move|p1a: Tentacruel|Scald|p2a: Smile\n|-resisted|p2a: Smile\n|-damage|p2a: Smile|20\/100 tox\n|move|p2a: Smile|Stealth Rock|p1a: Tentacruel\n|-sidestart|p1: Nonno Sandslash|move: Stealth Rock\n|\n|-heal|p2a: Smile|26\/100 tox|[from] item: Leftovers\n|-damage|p2a: Smile|8\/100 tox|[from] psn\n|upkeep\n|turn|18\n|\n|t:|1700258720\n|-end|p2a: Smile|Protosynthesis|[silent]\n|switch|p2a: Wack AF|Toxapex, F|82\/100\n|move|p1a: Tentacruel|Rapid Spin|p2a: Wack AF\n|-damage|p2a: Wack AF|74\/100\n|-boost|p1a: Tentacruel|spe|1\n|-sideend|p1: Nonno Sandslash|Stealth Rock|[from] move: Rapid Spin|[of] p1a: Tentacruel\n|\n|upkeep\n|turn|19\n|\n|t:|1700258725\n|move|p1a: Tentacruel|Scald|p2a: Wack AF\n|-resisted|p2a: Wack AF\n|-damage|p2a: Wack AF|66\/100\n|-status|p2a: Wack AF|brn\n|move|p2a: Wack AF|Infestation|p1a: Tentacruel\n|-damage|p1a: Tentacruel|4\/100\n|-activate|p1a: Tentacruel|move: Infestation|[of] p2a: Wack AF\n|\n|-damage|p2a: Wack AF|60\/100 brn|[from] brn\n|-damage|p1a: Tentacruel|0 fnt|[from] move: Infestation|[partiallytrapped]\n|faint|p1a: Tentacruel\n|upkeep\n|\n|t:|1700258733\n|switch|p1a: Mamoswine|Mamoswine, M|100\/100\n|turn|20\n|\n|t:|1700258740\n|switch|p2a: Your moms face|Dondozo, M|100\/100\n|move|p1a: Mamoswine|Earthquake|p2a: Your moms face\n|-damage|p2a: Your moms face|73\/100\n|\n|-heal|p2a: Your moms face|79\/100|[from] item: Leftovers\n|upkeep\n|turn|21\n|\n|t:|1700258746\n|switch|p1a: Galvantula|Galvantula, F, shiny|100\/100\n|move|p2a: Your moms face|Liquidation|p1a: Galvantula\n|-damage|p1a: Galvantula|49\/100\n|\n|-heal|p2a: Your moms face|85\/100|[from] item: Leftovers\n|upkeep\n|turn|22\n|\n|t:|1700258752\n|switch|p2a: Smile|Great Tusk, tera:Water|8\/100 tox\n|move|p1a: Galvantula|Thunder|p2a: Smile\n|-supereffective|p2a: Smile\n|-damage|p2a: Smile|0 fnt\n|faint|p2a: Smile\n|-end|p2a: Smile|Protosynthesis|[silent]\n|\n|upkeep\n|\n|t:|1700258756\n|switch|p2a: Cocaine Baby|Lokix, M|18\/100\n|turn|23\n|\n|t:|1700258768\n|move|p2a: Cocaine Baby|First Impression|p1a: Galvantula\n|-damage|p1a: Galvantula|0 fnt\n|faint|p1a: Galvantula\n|\n|upkeep\n|j| MasterList2015\n|\n|t:|1700258791\n|switch|p1a: Mamoswine|Mamoswine, M|100\/100\n|turn|24\n|\n|t:|1700258795\n|switch|p2a: Your moms face|Dondozo, M|85\/100\n|move|p1a: Mamoswine|Ice Shard|p2a: Your moms face\n|-resisted|p2a: Your moms face\n|-crit|p2a: Your moms face\n|-damage|p2a: Your moms face|77\/100\n|\n|-heal|p2a: Your moms face|84\/100|[from] item: Leftovers\n|upkeep\n|turn|25\n|\n|t:|1700258806\n|move|p1a: Mamoswine|Stealth Rock|p2a: Your moms face\n|-sidestart|p2: CuriousStraightGuy|move: Stealth Rock\n|move|p2a: Your moms face|Curse|p2a: Your moms face\n|-unboost|p2a: Your moms face|spe|1\n|-boost|p2a: Your moms face|atk|1\n|-boost|p2a: Your moms face|def|1\n|\n|-heal|p2a: Your moms face|90\/100|[from] item: Leftovers\n|upkeep\n|turn|26\n|\n|t:|1700258814\n|move|p1a: Mamoswine|Earthquake|p2a: Your moms face\n|-damage|p2a: Your moms face|70\/100\n|move|p2a: Your moms face|Liquidation|p1a: Mamoswine\n|-supereffective|p1a: Mamoswine\n|-enditem|p1a: Mamoswine|Focus Sash\n|-damage|p1a: Mamoswine|1\/100\n|\n|-heal|p2a: Your moms face|76\/100|[from] item: Leftovers\n|upkeep\n|turn|27\n|\n|t:|1700258822\n|move|p2a: Your moms face|Protect|p2a: Your moms face\n|-singleturn|p2a: Your moms face|Protect\n|move|p1a: Mamoswine|Endeavor|p2a: Your moms face\n|-activate|p2a: Your moms face|move: Protect\n|\n|-heal|p2a: Your moms face|82\/100|[from] item: Leftovers\n|upkeep\n|turn|28\n|\n|t:|1700258829\n|move|p1a: Mamoswine|Endeavor|p2a: Your moms face\n|-damage|p2a: Your moms face|1\/100\n|move|p2a: Your moms face|Liquidation|p1a: Mamoswine\n|-supereffective|p1a: Mamoswine\n|-damage|p1a: Mamoswine|0 fnt\n|faint|p1a: Mamoswine\n|\n|-heal|p2a: Your moms face|7\/100|[from] item: Leftovers\n|upkeep\n|\n|t:|1700258840\n|switch|p1a: Charizard|Charizard, M|100\/100\n|turn|29\n|\n|t:|1700258846\n|move|p1a: Charizard|Weather Ball|p2a: Your moms face\n|-damage|p2a: Your moms face|0 fnt\n|faint|p2a: Your moms face\n|\n|upkeep\n|\n|t:|1700258851\n|switch|p2a: Cocaine Baby|Lokix, M|18\/100\n|-damage|p2a: Cocaine Baby|0 fnt|[from] Stealth Rock\n|faint|p2a: Cocaine Baby\n|\n|t:|1700258855\n|switch|p2a: Wack AF|Toxapex, F|93\/100 brn\n|-damage|p2a: Wack AF|81\/100 brn|[from] Stealth Rock\n|turn|30\n|\n|t:|1700258859\n|detailschange|p1a: Charizard|Charizard-Mega-Y, M\n|-mega|p1a: Charizard|Charizard|Charizardite Y\n|-weather|SunnyDay|[from] ability: Drought|[of] p1a: Charizard\n|move|p1a: Charizard|Solar Beam||[still]\n|-prepare|p1a: Charizard|Solar Beam\n|-anim|p1a: Charizard|Solar Beam|p2a: Wack AF\n|-damage|p2a: Wack AF|56\/100 brn\n|move|p2a: Wack AF|Surf|p1a: Charizard\n|-supereffective|p1a: Charizard\n|-damage|p1a: Charizard|72\/100\n|\n|-weather|SunnyDay|[upkeep]\n|-damage|p2a: Wack AF|50\/100 brn|[from] brn\n|upkeep\n|turn|31\n|\n|t:|1700258871\n|move|p1a: Charizard|Solar Beam||[still]\n|-prepare|p1a: Charizard|Solar Beam\n|-anim|p1a: Charizard|Solar Beam|p2a: Wack AF\n|-damage|p2a: Wack AF|25\/100 brn\n|move|p2a: Wack AF|Acid Spray|p1a: Charizard\n|-damage|p1a: Charizard|61\/100\n|-unboost|p1a: Charizard|spd|2\n|\n|-weather|SunnyDay|[upkeep]\n|-damage|p2a: Wack AF|19\/100 brn|[from] brn\n|upkeep\n|turn|32\n|\n|t:|1700258882\n|move|p1a: Charizard|Weather Ball|p2a: Wack AF\n|-resisted|p2a: Wack AF\n|-damage|p2a: Wack AF|0 fnt\n|faint|p2a: Wack AF\n|\n|-weather|SunnyDay|[upkeep]\n|upkeep\n|\n|t:|1700258890\n|switch|p2a: Mommy|Hatterene, F|100\/100\n|-damage|p2a: Mommy|88\/100|[from] Stealth Rock\n|turn|33\n|\n|t:|1700258896\n|move|p1a: Charizard|Weather Ball|p2a: Mommy\n|-damage|p2a: Mommy|0 fnt\n|faint|p2a: Mommy\n|\n|-weather|SunnyDay|[upkeep]\n|upkeep\n|\n|t:|1700258899\n|switch|p2a: This damn bird|Corviknight, F|100\/100\n|-damage|p2a: This damn bird|88\/100|[from] Stealth Rock\n|-ability|p2a: This damn bird|Pressure\n|turn|34\n|-message|CuriousStraightGuy forfeited.\n|\n|win|Nonno Sandslash\n|raw|Nonno Sandslash's rating: 1259 &rarr; <strong>1289<\/strong><br \/>(+30 for winning)\n|raw|CuriousStraightGuy's rating: 1324 &rarr; <strong>1300<\/strong><br \/>(-24 for losing)\n|l|\u2606CuriousStraightGuy\n|l|\u2606Nonno Sandslash\n","uploadtime":1700258916,"views":11,"p1id":"nonnosandslash","p2id":"curiousstraightguy","formatid":"gen9nationaldex","rating":1289,"private":0,"password":""}