{"id":"gen9nationaldex-1992309480","p1":"Meeeerlinpinpin","p2":"Imtesting_D","format":"[Gen 9] National Dex","log":"|j|\u2606Meeeerlinpinpin\n|j|\u2606Imtesting_D\n|t:|1700173276\n|gametype|singles\n|player|p1|Meeeerlinpinpin|whitney|1364\n|player|p2|Imtesting_D|caitlin|1384\n|teamsize|p1|6\n|teamsize|p2|6\n|gen|9\n|tier|[Gen 9] National Dex\n|rated|\n|rule|HP Percentage Mod: HP is shown in percentages\n|rule|Endless Battle Clause: Forcing endless battles is banned\n|rule|OHKO Clause: OHKO moves are banned\n|rule|Evasion Clause: Evasion abilities, items, and moves are banned\n|rule|Evasion Abilities Clause: Evasion abilities are banned\n|rule|Evasion Items Clause: Evasion items are banned\n|rule|Evasion Moves Clause: Evasion moves are banned\n|rule|Species Clause: Limit one of each Pok\u00e9mon\n|rule|Sleep Clause Mod: Limit one foe put to sleep\n|clearpoke\n|poke|p1|Toxapex, M|\n|poke|p1|Clodsire, M|\n|poke|p1|Tornadus-Therian, M|\n|poke|p1|Sableye, F|\n|poke|p1|Gliscor, M|\n|poke|p1|Skarmory, M|\n|poke|p2|Ceruledge, M|\n|poke|p2|Staraptor, M|\n|poke|p2|Electivire, M|\n|poke|p2|Iron Moth|\n|poke|p2|Gallade, M|\n|poke|p2|Garchomp, F|\n|teampreview\n|inactive|Battle timer is ON: inactive players will automatically lose when time's up. (requested by Meeeerlinpinpin)\n|inactive|Imtesting_D has 120 seconds left.\n|\n|t:|1700173323\n|start\n|switch|p1a: Sableye|Sableye, F|100\/100\n|switch|p2a: Staraptor|Staraptor, M|100\/100\n|-ability|p2a: Staraptor|Intimidate|boost\n|-unboost|p1a: Sableye|atk|1\n|turn|1\n|inactive|Meeeerlinpinpin has 120 seconds left.\n|inactive|Imtesting_D has 120 seconds left.\n|\n|t:|1700173361\n|detailschange|p1a: Sableye|Sableye-Mega, F\n|-mega|p1a: Sableye|Sableye|Sablenite\n|move|p2a: Staraptor|U-turn|p1a: Sableye\n|-damage|p1a: Sableye|69\/100\n|\n|t:|1700173366\n|switch|p2a: Iron Moth|Iron Moth|100\/100|[from] U-turn\n|move|p1a: Sableye|Dark Pulse|p2a: Iron Moth\n|-damage|p2a: Iron Moth|62\/100\n|\n|upkeep\n|turn|2\n|inactive|Meeeerlinpinpin has 120 seconds left.\n|\n|t:|1700173378\n|move|p2a: Iron Moth|Fiery Dance|p1a: Sableye\n|-damage|p1a: Sableye|24\/100\n|-boost|p2a: Iron Moth|spa|1\n|move|p1a: Sableye|Dark Pulse|p2a: Iron Moth\n|-damage|p2a: Iron Moth|24\/100\n|\n|upkeep\n|turn|3\n|\n|t:|1700173384\n|move|p2a: Iron Moth|Energy Ball|p1a: Sableye\n|-damage|p1a: Sableye|0 fnt\n|faint|p1a: Sableye\n|\n|upkeep\n|\n|t:|1700173392\n|switch|p1a: Tornadus|Tornadus-Therian, M|100\/100\n|turn|4\n|\n|t:|1700173398\n|move|p1a: Tornadus|Dark Pulse|p2a: Iron Moth\n|-damage|p2a: Iron Moth|0 fnt\n|faint|p2a: Iron Moth\n|-end|p2a: Iron Moth|Quark Drive|[silent]\n|-damage|p1a: Tornadus|91\/100|[from] item: Life Orb\n|\n|upkeep\n|\n|t:|1700173407\n|switch|p2a: Electivire|Electivire, M|100\/100\n|turn|5\n|\n|t:|1700173415\n|switch|p1a: Clodsire|Clodsire, M|100\/100\n|move|p2a: Electivire|Ice Punch|p1a: Clodsire\n|-supereffective|p1a: Clodsire\n|-damage|p1a: Clodsire|26\/100\n|-damage|p2a: Electivire|91\/100|[from] item: Life Orb\n|\n|upkeep\n|turn|6\n|\n|t:|1700173422\n|move|p2a: Electivire|Ice Punch|p1a: Clodsire\n|-supereffective|p1a: Clodsire\n|-damage|p1a: Clodsire|0 fnt\n|faint|p1a: Clodsire\n|-damage|p2a: Electivire|81\/100|[from] item: Life Orb\n|\n|upkeep\n|\n|t:|1700173429\n|switch|p1a: Skarmory|Skarmory, M|100\/100\n|turn|7\n|\n|t:|1700173459\n|move|p2a: Electivire|Fire Punch|p1a: Skarmory\n|-supereffective|p1a: Skarmory\n|-damage|p1a: Skarmory|37\/100\n|-ability|p1a: Skarmory|Weak Armor|boost\n|-unboost|p1a: Skarmory|def|1\n|-boost|p1a: Skarmory|spe|2\n|-damage|p2a: Electivire|71\/100|[from] item: Life Orb\n|move|p1a: Skarmory|Swords Dance|p1a: Skarmory\n|-boost|p1a: Skarmory|atk|2\n|\n|upkeep\n|turn|8\n|\n|t:|1700173470\n|switch|p2a: Ceruledge|Ceruledge, M, shiny|100\/100\n|move|p1a: Skarmory|Brave Bird|p2a: Ceruledge\n|-damage|p2a: Ceruledge|0 fnt\n|faint|p2a: Ceruledge\n|-damage|p1a: Skarmory|1\/100|[from] Recoil\n|\n|upkeep\n|\n|t:|1700173482\n|switch|p2a: Garchomp|Garchomp, F|100\/100\n|turn|9\n|\n|t:|1700173496\n|-zpower|p1a: Skarmory\n|move|p1a: Skarmory|Supersonic Skystrike|p2a: Garchomp|[zeffect]\n|-crit|p2a: Garchomp\n|-damage|p2a: Garchomp|0 fnt\n|faint|p2a: Garchomp\n|\n|upkeep\n|\n|t:|1700173505\n|switch|p2a: Staraptor|Staraptor, M|100\/100\n|-ability|p2a: Staraptor|Intimidate|boost\n|-unboost|p1a: Skarmory|atk|1\n|turn|10\n|\n|t:|1700173511\n|move|p1a: Skarmory|Rock Slide|p2a: Staraptor\n|-supereffective|p2a: Staraptor\n|-damage|p2a: Staraptor|10\/100\n|cant|p2a: Staraptor|flinch\n|\n|upkeep\n|turn|11\n|\n|t:|1700173516\n|move|p1a: Skarmory|Iron Head|p2a: Staraptor\n|-damage|p2a: Staraptor|0 fnt\n|faint|p2a: Staraptor\n|\n|upkeep\n|\n|t:|1700173518\n|switch|p2a: Gallade|Gallade, M|100\/100\n|turn|12\n|\n|t:|1700173526\n|switch|p2a: Electivire|Electivire, M|71\/100\n|move|p1a: Skarmory|Brave Bird|p2a: Electivire\n|-resisted|p2a: Electivire\n|-damage|p2a: Electivire|16\/100\n|-damage|p1a: Skarmory|0 fnt|[from] Recoil\n|faint|p1a: Skarmory\n|\n|upkeep\n|\n|t:|1700173535\n|switch|p1a: Tornadus|Tornadus-Therian, M|100\/100\n|turn|13\n|\n|t:|1700173538\n|move|p1a: Tornadus|Dark Pulse|p2a: Electivire\n|-damage|p2a: Electivire|0 fnt\n|faint|p2a: Electivire\n|-damage|p1a: Tornadus|91\/100|[from] item: Life Orb\n|\n|upkeep\n|\n|t:|1700173540\n|switch|p2a: Gallade|Gallade, M|100\/100\n|turn|14\n|c|\u2606Meeeerlinpinpin|gg\n|\n|t:|1700173550\n|-terastallize|p2a: Gallade|Normal\n|move|p1a: Tornadus|Bleakwind Storm|p2a: Gallade\n|-damage|p2a: Gallade|36\/100\n|-damage|p1a: Tornadus|81\/100|[from] item: Life Orb\n|move|p2a: Gallade|Agility|p2a: Gallade\n|-boost|p2a: Gallade|spe|2\n|\n|upkeep\n|turn|15\n|\n|t:|1700173556\n|move|p2a: Gallade|Psycho Cut|p1a: Tornadus\n|-damage|p1a: Tornadus|0 fnt\n|faint|p1a: Tornadus\n|-damage|p2a: Gallade|26\/100|[from] item: Life Orb\n|\n|upkeep\n|\n|t:|1700173558\n|switch|p1a: Toxapex|Toxapex, M|100\/100\n|turn|16\n|\n|t:|1700173563\n|-terastallize|p1a: Toxapex|Ghost\n|move|p2a: Gallade|Psycho Cut|p1a: Toxapex\n|-crit|p1a: Toxapex\n|-damage|p1a: Toxapex|6\/100\n|-damage|p2a: Gallade|17\/100|[from] item: Life Orb\n|move|p1a: Toxapex|Surf|p2a: Gallade\n|-damage|p2a: Gallade|0 fnt\n|faint|p2a: Gallade\n|\n|win|Meeeerlinpinpin\n|raw|Meeeerlinpinpin's rating: 1364 &rarr; <strong>1385<\/strong><br \/>(+21 for winning)\n|raw|Imtesting_D's rating: 1384 &rarr; <strong>1363<\/strong><br \/>(-21 for losing)\n|l|\u2606Imtesting_D\n","uploadtime":1700173574,"views":7,"p1id":"meeeerlinpinpin","p2id":"imtestingd","formatid":"gen9nationaldex","rating":1363,"private":0,"password":""}