{"id":"gen9nationaldex-1989649389","p1":"Tentacultistry","p2":"DLoenka5","format":"[Gen 9] National Dex","log":"|j|\u2606Tentacultistry\n|j|\u2606DLoenka5\n|t:|1699883102\n|gametype|singles\n|player|p1|Tentacultistry|elesa-masters2|1405\n|player|p2|DLoenka5|waiter|1305\n|teamsize|p1|6\n|teamsize|p2|6\n|gen|9\n|tier|[Gen 9] National Dex\n|rated|\n|rule|HP Percentage Mod: HP is shown in percentages\n|rule|Endless Battle Clause: Forcing endless battles is banned\n|rule|OHKO Clause: OHKO moves are banned\n|rule|Evasion Clause: Evasion abilities, items, and moves are banned\n|rule|Evasion Abilities Clause: Evasion abilities are banned\n|rule|Evasion Items Clause: Evasion items are banned\n|rule|Evasion Moves Clause: Evasion moves are banned\n|rule|Species Clause: Limit one of each Pok\u00e9mon\n|rule|Sleep Clause Mod: Limit one foe put to sleep\n|clearpoke\n|poke|p1|Tapu Koko|\n|poke|p1|Iron Valiant|\n|poke|p1|Iron Hands|\n|poke|p1|Sneasler, F|\n|poke|p1|Iron Treads|\n|poke|p1|Iron Jugulis|\n|poke|p2|Aegislash, F|\n|poke|p2|Moltres|\n|poke|p2|Kartana|\n|poke|p2|Skarmory, M|\n|poke|p2|Ting-Lu|\n|poke|p2|Scizor, F|\n|teampreview\n|\n|t:|1699883109\n|start\n|switch|p1a: Rita|Tapu Koko|100\/100\n|switch|p2a: Ting-Lu|Ting-Lu|100\/100\n|-fieldstart|move: Electric Terrain|[from] ability: Electric Surge|[of] p1a: Rita\n|-ability|p2a: Ting-Lu|Vessel of Ruin\n|turn|1\n|\n|t:|1699883112\n|move|p1a: Rita|U-turn|p2a: Ting-Lu\n|-supereffective|p2a: Ting-Lu\n|-damage|p2a: Ting-Lu|81\/100\n|\n|t:|1699883120\n|switch|p1a: Wide Stance Craig|Iron Hands|100\/100|[from] U-turn\n|-activate|p1a: Wide Stance Craig|ability: Quark Drive\n|-start|p1a: Wide Stance Craig|quarkdriveatk\n|move|p2a: Ting-Lu|Stealth Rock|p1a: Wide Stance Craig\n|-sidestart|p1: Tentacultistry|move: Stealth Rock\n|\n|-heal|p2a: Ting-Lu|87\/100|[from] item: Leftovers\n|upkeep\n|turn|2\n|\n|t:|1699883128\n|move|p1a: Wide Stance Craig|Drain Punch|p2a: Ting-Lu\n|-supereffective|p2a: Ting-Lu\n|-damage|p2a: Ting-Lu|50\/100\n|move|p2a: Ting-Lu|Earthquake|p1a: Wide Stance Craig\n|-supereffective|p1a: Wide Stance Craig\n|-damage|p1a: Wide Stance Craig|63\/100\n|\n|-heal|p2a: Ting-Lu|56\/100|[from] item: Leftovers\n|upkeep\n|turn|3\n|\n|t:|1699883134\n|switch|p2a: Aegislash|Aegislash, F|100\/100\n|move|p1a: Wide Stance Craig|Drain Punch|p2a: Aegislash\n|-immune|p2a: Aegislash\n|\n|upkeep\n|turn|4\n|\n|t:|1699883137\n|move|p2a: Aegislash|King's Shield|p2a: Aegislash\n|-singleturn|p2a: Aegislash|Protect\n|move|p1a: Wide Stance Craig|Wild Charge|p2a: Aegislash\n|-activate|p2a: Aegislash|move: Protect\n|-unboost|p1a: Wide Stance Craig|atk|1\n|\n|upkeep\n|turn|5\n|\n|t:|1699883144\n|move|p1a: Wide Stance Craig|Wild Charge|p2a: Aegislash\n|-damage|p2a: Aegislash|73\/100\n|-damage|p1a: Wide Stance Craig|59\/100|[from] Recoil\n|move|p2a: Aegislash|Toxic|p1a: Wide Stance Craig\n|-status|p1a: Wide Stance Craig|tox\n|\n|-heal|p2a: Aegislash|80\/100|[from] item: Leftovers\n|-damage|p1a: Wide Stance Craig|52\/100 tox|[from] psn\n|upkeep\n|turn|6\n|\n|t:|1699883150\n|-end|p1a: Wide Stance Craig|Quark Drive|[silent]\n|switch|p1a: Jimothy cool|Iron Jugulis|100\/100\n|-damage|p1a: Jimothy cool|76\/100|[from] Stealth Rock\n|-activate|p1a: Jimothy cool|ability: Quark Drive\n|-start|p1a: Jimothy cool|quarkdrivespe\n|move|p2a: Aegislash|Substitute|p2a: Aegislash\n|-start|p2a: Aegislash|Substitute\n|-damage|p2a: Aegislash|55\/100\n|\n|-heal|p2a: Aegislash|61\/100|[from] item: Leftovers\n|upkeep\n|turn|7\n|\n|t:|1699883153\n|move|p1a: Jimothy cool|Dark Pulse|p2a: Aegislash\n|-supereffective|p2a: Aegislash\n|-end|p2a: Aegislash|Substitute\n|-damage|p1a: Jimothy cool|66\/100|[from] item: Life Orb\n|move|p2a: Aegislash|Toxic|p1a: Jimothy cool\n|-status|p1a: Jimothy cool|tox\n|\n|-heal|p2a: Aegislash|67\/100|[from] item: Leftovers\n|-damage|p1a: Jimothy cool|60\/100 tox|[from] psn\n|upkeep\n|turn|8\n|\n|t:|1699883157\n|switch|p2a: Ting-Lu|Ting-Lu|56\/100\n|-ability|p2a: Ting-Lu|Vessel of Ruin\n|move|p1a: Jimothy cool|Dark Pulse|p2a: Ting-Lu\n|-resisted|p2a: Ting-Lu\n|-damage|p2a: Ting-Lu|40\/100\n|-damage|p1a: Jimothy cool|50\/100 tox|[from] item: Life Orb\n|\n|-heal|p2a: Ting-Lu|47\/100|[from] item: Leftovers\n|-damage|p1a: Jimothy cool|38\/100 tox|[from] psn\n|-fieldend|move: Electric Terrain\n|-end|p1a: Jimothy cool|Quark Drive\n|upkeep\n|turn|9\n|\n|t:|1699883162\n|-end|p1a: Jimothy cool|Quark Drive|[silent]\n|switch|p1a: Rita|Tapu Koko|100\/100\n|-damage|p1a: Rita|88\/100|[from] Stealth Rock\n|-fieldstart|move: Electric Terrain|[from] ability: Electric Surge|[of] p1a: Rita\n|move|p2a: Ting-Lu|Earthquake|p1a: Rita\n|-supereffective|p1a: Rita\n|-damage|p1a: Rita|0 fnt\n|faint|p1a: Rita\n|\n|-heal|p2a: Ting-Lu|53\/100|[from] item: Leftovers\n|upkeep\n|\n|t:|1699883165\n|switch|p1a: reverened|Sneasler, F|100\/100\n|-damage|p1a: reverened|95\/100|[from] Stealth Rock\n|-enditem|p1a: reverened|Electric Seed\n|-boost|p1a: reverened|def|1|[from] item: Electric Seed\n|turn|10\n|\n|t:|1699883169\n|move|p1a: reverened|Swords Dance|p1a: reverened\n|-boost|p1a: reverened|atk|2\n|move|p2a: Ting-Lu|Whirlwind|p1a: reverened\n|drag|p1a: Jimothy cool|Iron Jugulis|38\/100 tox\n|-damage|p1a: Jimothy cool|13\/100 tox|[from] Stealth Rock\n|-activate|p1a: Jimothy cool|ability: Quark Drive\n|-start|p1a: Jimothy cool|quarkdrivespe\n|\n|-heal|p2a: Ting-Lu|59\/100|[from] item: Leftovers\n|-damage|p1a: Jimothy cool|7\/100 tox|[from] psn\n|upkeep\n|turn|11\n|\n|t:|1699883179\n|move|p1a: Jimothy cool|Dark Pulse|p2a: Ting-Lu\n|-resisted|p2a: Ting-Lu\n|-damage|p2a: Ting-Lu|42\/100\n|-damage|p1a: Jimothy cool|0 fnt|[from] item: Life Orb\n|faint|p1a: Jimothy cool\n|-end|p1a: Jimothy cool|Quark Drive|[silent]\n|move|p2a: Ting-Lu|Ruination|p1: Jimothy cool|[notarget]\n|-fail|p2a: Ting-Lu\n|\n|-heal|p2a: Ting-Lu|49\/100|[from] item: Leftovers\n|upkeep\n|\n|t:|1699883182\n|switch|p1a: reverened|Sneasler, F|95\/100\n|-damage|p1a: reverened|89\/100|[from] Stealth Rock\n|turn|12\n|\n|t:|1699883186\n|move|p1a: reverened|Close Combat|p2a: Ting-Lu\n|-supereffective|p2a: Ting-Lu\n|-damage|p2a: Ting-Lu|0 fnt\n|-unboost|p1a: reverened|def|1\n|-unboost|p1a: reverened|spd|1\n|faint|p2a: Ting-Lu\n|\n|upkeep\n|\n|t:|1699883192\n|switch|p2a: Moltres|Moltres|100\/100\n|turn|13\n|\n|t:|1699883195\n|move|p1a: reverened|Dire Claw|p2a: Moltres\n|-damage|p2a: Moltres|61\/100\n|-status|p1a: reverened|brn|[from] ability: Flame Body|[of] p2a: Moltres\n|move|p2a: Moltres|Hurricane|p1a: reverened\n|-supereffective|p1a: reverened\n|-damage|p1a: reverened|0 fnt\n|faint|p1a: reverened\n|\n|upkeep\n|\n|t:|1699883201\n|switch|p1a: Wide Stance Craig|Iron Hands|52\/100 tox\n|-damage|p1a: Wide Stance Craig|46\/100 tox|[from] Stealth Rock\n|-activate|p1a: Wide Stance Craig|ability: Quark Drive\n|-start|p1a: Wide Stance Craig|quarkdriveatk\n|turn|14\n|\n|t:|1699883213\n|switch|p2a: Aegislash|Aegislash, F|67\/100\n|move|p1a: Wide Stance Craig|Wild Charge|p2a: Aegislash\n|-damage|p2a: Aegislash|22\/100\n|-damage|p1a: Wide Stance Craig|39\/100 tox|[from] Recoil\n|\n|-heal|p2a: Aegislash|29\/100|[from] item: Leftovers\n|-damage|p1a: Wide Stance Craig|33\/100 tox|[from] psn\n|upkeep\n|turn|15\n|\n|t:|1699883223\n|move|p2a: Aegislash|King's Shield|p2a: Aegislash\n|-singleturn|p2a: Aegislash|Protect\n|move|p1a: Wide Stance Craig|Wild Charge|p2a: Aegislash\n|-activate|p2a: Aegislash|move: Protect\n|-unboost|p1a: Wide Stance Craig|atk|1\n|\n|-heal|p2a: Aegislash|35\/100|[from] item: Leftovers\n|-damage|p1a: Wide Stance Craig|20\/100 tox|[from] psn\n|upkeep\n|turn|16\n|\n|t:|1699883238\n|move|p1a: Wide Stance Craig|Wild Charge|p2a: Aegislash\n|-damage|p2a: Aegislash|4\/100\n|-damage|p1a: Wide Stance Craig|16\/100 tox|[from] Recoil\n|-formechange|p2a: Aegislash|Aegislash-Blade||[from] ability: Stance Change\n|move|p2a: Aegislash|Gyro Ball|p1a: Wide Stance Craig\n|-resisted|p1a: Wide Stance Craig\n|-damage|p1a: Wide Stance Craig|12\/100 tox\n|\n|-heal|p2a: Aegislash|10\/100|[from] item: Leftovers\n|-damage|p1a: Wide Stance Craig|0 fnt|[from] psn\n|faint|p1a: Wide Stance Craig\n|-end|p1a: Wide Stance Craig|Quark Drive|[silent]\n|-fieldend|move: Electric Terrain\n|upkeep\n|\n|t:|1699883270\n|switch|p1a: Klein|Iron Valiant|100\/100\n|-damage|p1a: Klein|94\/100|[from] Stealth Rock\n|-enditem|p1a: Klein|Booster Energy\n|-activate|p1a: Klein|ability: Quark Drive|[fromitem]\n|-start|p1a: Klein|quarkdrivespe\n|turn|17\n|\n|t:|1699883273\n|move|p1a: Klein|Moonblast|p2a: Aegislash\n|-resisted|p2a: Aegislash\n|-damage|p2a: Aegislash|0 fnt\n|faint|p2a: Aegislash\n|\n|upkeep\n|\n|t:|1699883279\n|switch|p2a: Moltres|Moltres|61\/100\n|turn|18\n|\n|t:|1699883283\n|move|p1a: Klein|Thunderbolt|p2a: Moltres\n|-supereffective|p2a: Moltres\n|-damage|p2a: Moltres|21\/100\n|move|p2a: Moltres|Roost|p2a: Moltres\n|-heal|p2a: Moltres|72\/100\n|-singleturn|p2a: Moltres|move: Roost\n|\n|upkeep\n|turn|19\n|\n|t:|1699883289\n|move|p1a: Klein|Thunderbolt|p2a: Moltres\n|-supereffective|p2a: Moltres\n|-damage|p2a: Moltres|28\/100\n|move|p2a: Moltres|Hurricane|p1a: Klein\n|-supereffective|p1a: Klein\n|-damage|p1a: Klein|0 fnt\n|faint|p1a: Klein\n|-end|p1a: Klein|Quark Drive|[silent]\n|\n|upkeep\n|\n|t:|1699883292\n|switch|p1a: Short King|Iron Treads|100\/100\n|-damage|p1a: Short King|97\/100|[from] Stealth Rock\n|turn|20\n|\n|t:|1699883294\n|move|p1a: Short King|Wild Charge|p2a: Moltres\n|-supereffective|p2a: Moltres\n|-damage|p2a: Moltres|0 fnt\n|faint|p2a: Moltres\n|-damage|p1a: Short King|89\/100|[from] Recoil\n|\n|upkeep\n|\n|t:|1699883298\n|switch|p2a: Skarmory|Skarmory, M|100\/100\n|turn|21\n|\n|t:|1699883301\n|move|p1a: Short King|Wild Charge|p2a: Skarmory\n|-supereffective|p2a: Skarmory\n|-damage|p2a: Skarmory|62\/100\n|-damage|p1a: Short King|73\/100|[from] item: Rocky Helmet|[of] p2a: Skarmory\n|-damage|p1a: Short King|63\/100|[from] Recoil\n|move|p2a: Skarmory|Iron Defense|p2a: Skarmory\n|-boost|p2a: Skarmory|def|2\n|\n|upkeep\n|turn|22\n|\n|t:|1699883303\n|move|p1a: Short King|Wild Charge|p2a: Skarmory\n|-supereffective|p2a: Skarmory\n|-damage|p2a: Skarmory|45\/100\n|-damage|p1a: Short King|46\/100|[from] item: Rocky Helmet|[of] p2a: Skarmory\n|-damage|p1a: Short King|42\/100|[from] Recoil\n|move|p2a: Skarmory|Body Press|p1a: Short King\n|-supereffective|p1a: Short King\n|-damage|p1a: Short King|0 fnt\n|faint|p1a: Short King\n|-end|p1a: Short King|Quark Drive|[silent]\n|\n|win|DLoenka5\n|raw|Tentacultistry's rating: 1405 &rarr; <strong>1379<\/strong><br \/>(-26 for losing)\n|raw|DLoenka5's rating: 1305 &rarr; <strong>1331<\/strong><br \/>(+26 for winning)\n","uploadtime":1699883318,"views":6,"p1id":"tentacultistry","p2id":"dloenka5","formatid":"gen9nationaldex","rating":1331,"private":0,"password":""}