{"id":"gen9nationaldex-1987935658","p1":"leon lp","p2":"Enderchau2704","format":"[Gen 9] National Dex","log":"|j|\u2606leon lp\n|j|\u2606Enderchau2704\n|t:|1699650808\n|gametype|singles\n|player|p1|leon lp|265|\n|player|p2|Enderchau2704|265|\n|teamsize|p1|6\n|teamsize|p2|6\n|gen|9\n|tier|[Gen 9] National Dex\n|rule|HP Percentage Mod: HP is shown in percentages\n|rule|Endless Battle Clause: Forcing endless battles is banned\n|rule|OHKO Clause: OHKO moves are banned\n|rule|Evasion Clause: Evasion abilities, items, and moves are banned\n|rule|Evasion Abilities Clause: Evasion abilities are banned\n|rule|Evasion Items Clause: Evasion items are banned\n|rule|Evasion Moves Clause: Evasion moves are banned\n|rule|Species Clause: Limit one of each Pok\u00e9mon\n|rule|Sleep Clause Mod: Limit one foe put to sleep\n|clearpoke\n|poke|p1|Blaziken, M|\n|poke|p1|Aegislash, F|\n|poke|p1|Charizard, M|\n|poke|p1|Grimmsnarl, M|\n|poke|p1|Sneasler, M|\n|poke|p1|Gourgeist-*, F|\n|poke|p2|Alomomola, M|\n|poke|p2|Banette, M|\n|poke|p2|Landorus-Therian, M|\n|poke|p2|Pawmot, F|\n|poke|p2|Moltres|\n|poke|p2|Hatterene, F|\n|teampreview\n|c|\u2606Enderchau2704|jk pal\n|\n|t:|1699650820\n|start\n|switch|p1a: Sneasler|Sneasler, M|100\/100\n|switch|p2a: Landorus|Landorus-Therian, M|100\/100\n|-ability|p2a: Landorus|Intimidate|boost\n|-unboost|p1a: Sneasler|atk|1\n|turn|1\n|c|\u2606Enderchau2704|i swear if i were a youtuber it would be so good\n|\n|t:|1699650843\n|move|p1a: Sneasler|Fake Out|p2a: Landorus\n|-enditem|p1a: Sneasler|Normal Gem|[from] gem\n|-damage|p2a: Landorus|86\/100\n|-damage|p1a: Sneasler|84\/100|[from] item: Rocky Helmet|[of] p2a: Landorus\n|cant|p2a: Landorus|flinch\n|\n|upkeep\n|turn|2\n|c|\u2606leon lp|fr\n|\n|t:|1699650881\n|move|p1a: Sneasler|Dire Claw|p2a: Landorus\n|-resisted|p2a: Landorus\n|-damage|p2a: Landorus|68\/100\n|-status|p2a: Landorus|par\n|-damage|p1a: Sneasler|67\/100|[from] item: Rocky Helmet|[of] p2a: Landorus\n|cant|p2a: Landorus|par\n|\n|upkeep\n|turn|3\n|\n|t:|1699650890\n|switch|p1a: chalenger 123|Charizard, M|100\/100\n|move|p2a: Landorus|Stealth Rock|p1a: chalenger 123\n|-sidestart|p1: leon lp|move: Stealth Rock\n|\n|upkeep\n|turn|4\n|\n|t:|1699650896\n|switch|p2a: Moltres|Moltres|100\/100\n|-ability|p2a: Moltres|Pressure\n|detailschange|p1a: chalenger 123|Charizard-Mega-Y, M\n|-mega|p1a: chalenger 123|Charizard|Charizardite Y\n|-weather|SunnyDay|[from] ability: Drought|[of] p1a: chalenger 123\n|move|p1a: chalenger 123|Overheat|p2a: Moltres\n|-resisted|p2a: Moltres\n|-damage|p2a: Moltres|37\/100\n|-unboost|p1a: chalenger 123|spa|2\n|\n|-weather|SunnyDay|[upkeep]\n|upkeep\n|turn|5\n|\n|t:|1699650908\n|move|p1a: chalenger 123|Overheat|p2a: Moltres\n|-resisted|p2a: Moltres\n|-damage|p2a: Moltres|6\/100\n|-unboost|p1a: chalenger 123|spa|2\n|move|p2a: Moltres|Roost|p2a: Moltres\n|-heal|p2a: Moltres|56\/100\n|-singleturn|p2a: Moltres|move: Roost\n|\n|-weather|SunnyDay|[upkeep]\n|upkeep\n|turn|6\n|c|\u2606leon lp|bro\n|c|\u2606leon lp|im hate stalls\n|c|\u2606Enderchau2704|63\/2=31.5,its guranteed\n|\n|t:|1699650934\n|move|p1a: chalenger 123|Hurricane|p2a: Moltres\n|-damage|p2a: Moltres|33\/100\n|-start|p2a: Moltres|confusion\n|-activate|p2a: Moltres|confusion\n|-damage|p2a: Moltres|26\/100|[from] confusion\n|\n|-weather|SunnyDay|[upkeep]\n|upkeep\n|turn|7\n|\n|t:|1699650941\n|move|p1a: chalenger 123|Hurricane|p2a: Moltres|[miss]\n|-miss|p1a: chalenger 123|p2a: Moltres\n|-end|p2a: Moltres|confusion\n|move|p2a: Moltres|Roost|p2a: Moltres\n|-heal|p2a: Moltres|76\/100\n|-singleturn|p2a: Moltres|move: Roost\n|\n|-weather|SunnyDay|[upkeep]\n|upkeep\n|turn|8\n|c|\u2606leon lp|BROOOOOOOO\n|\n|t:|1699650950\n|move|p1a: chalenger 123|Hurricane|p2a: Moltres|[miss]\n|-miss|p1a: chalenger 123|p2a: Moltres\n|move|p2a: Moltres|U-turn|p1a: chalenger 123\n|-resisted|p1a: chalenger 123\n|-damage|p1a: chalenger 123|95\/100\n|c|\u2606Enderchau2704|look you just got a para that would otherwise have your snealser die to earthquake\n|\n|t:|1699650978\n|switch|p2a: Banette|Banette, M|100\/100|[from] U-turn\n|-item|p1a: chalenger 123|Charizardite Y|[from] ability: Frisk|[of] p2a: Banette|[identify]\n|\n|-weather|none\n|upkeep\n|turn|9\n|c|\u2606leon lp|nah\n|\n|t:|1699650988\n|detailschange|p2a: Banette|Banette-Mega, M\n|-mega|p2a: Banette|Banette|Banettite\n|move|p1a: chalenger 123|Hurricane|p2a: Banette\n|-damage|p2a: Banette|81\/100\n|-start|p2a: Banette|confusion\n|-activate|p2a: Banette|confusion\n|-damage|p2a: Banette|61\/100|[from] confusion\n|\n|upkeep\n|turn|10\n|\n|t:|1699650999\n|switch|p1a: Muramasa|Aegislash, F|100\/100\n|-damage|p1a: Muramasa|94\/100|[from] Stealth Rock\n|switch|p2a: Landorus|Landorus-Therian, M|68\/100 par\n|-ability|p2a: Landorus|Intimidate|boost\n|-unboost|p1a: Muramasa|atk|1\n|\n|upkeep\n|turn|11\n|c|\u2606Enderchau2704|oh look confusion\n|\n|t:|1699651007\n|-formechange|p1a: Muramasa|Aegislash-Blade||[from] ability: Stance Change\n|move|p1a: Muramasa|Iron Head|p2a: Landorus\n|-damage|p2a: Landorus|19\/100 par\n|-damage|p1a: Muramasa|78\/100|[from] item: Rocky Helmet|[of] p2a: Landorus\n|-damage|p1a: Muramasa|68\/100|[from] item: Life Orb\n|move|p2a: Landorus|Earthquake|p1a: Muramasa\n|-supereffective|p1a: Muramasa\n|-damage|p1a: Muramasa|0 fnt\n|faint|p1a: Muramasa\n|\n|upkeep\n|c|\u2606Enderchau2704|the para mattered\n|\n|t:|1699651019\n|switch|p1a: Sneasler|Sneasler, M|67\/100\n|-damage|p1a: Sneasler|61\/100|[from] Stealth Rock\n|turn|12\n|c|\u2606Enderchau2704|blame your snealser\n|\n|t:|1699651024\n|move|p1a: Sneasler|Fake Out|p2a: Landorus\n|-damage|p2a: Landorus|1\/100 par\n|-damage|p1a: Sneasler|45\/100|[from] item: Rocky Helmet|[of] p2a: Landorus\n|cant|p2a: Landorus|flinch\n|\n|upkeep\n|turn|13\n|\n|t:|1699651030\n|move|p1a: Sneasler|Acrobatics|p2a: Landorus\n|-damage|p2a: Landorus|0 fnt\n|-damage|p1a: Sneasler|28\/100|[from] item: Rocky Helmet|[of] p2a: Landorus\n|faint|p2a: Landorus\n|\n|upkeep\n|\n|t:|1699651036\n|switch|p2a: Moltres|Moltres|76\/100\n|-ability|p2a: Moltres|Pressure\n|turn|14\n|\n|t:|1699651040\n|move|p1a: Sneasler|Dire Claw|p2a: Moltres\n|-damage|p2a: Moltres|48\/100\n|move|p2a: Moltres|Flamethrower|p1a: Sneasler\n|-damage|p1a: Sneasler|0 fnt\n|faint|p1a: Sneasler\n|\n|upkeep\n|\n|t:|1699651050\n|switch|p1a: KFC|Blaziken, M, shiny|100\/100\n|-damage|p1a: KFC|88\/100|[from] Stealth Rock\n|turn|15\n|\n|t:|1699651055\n|move|p1a: KFC|Focus Energy|p1a: KFC\n|-start|p1a: KFC|move: Focus Energy\n|move|p2a: Moltres|Roost|p2a: Moltres\n|-heal|p2a: Moltres|98\/100\n|-singleturn|p2a: Moltres|move: Roost\n|\n|-ability|p1a: KFC|Speed Boost|boost\n|-boost|p1a: KFC|spe|1\n|upkeep\n|turn|16\n|\n|t:|1699651064\n|move|p1a: KFC|Overheat|p2a: Moltres\n|-resisted|p2a: Moltres\n|-crit|p2a: Moltres\n|-damage|p2a: Moltres|55\/100\n|-unboost|p1a: KFC|spa|2\n|move|p2a: Moltres|U-turn|p1a: KFC\n|-resisted|p1a: KFC\n|-damage|p1a: KFC|83\/100\n|\n|t:|1699651068\n|switch|p2a: Alomomola|Alomomola, M|100\/100|[from] U-turn\n|\n|-ability|p1a: KFC|Speed Boost|boost\n|-boost|p1a: KFC|spe|1\n|upkeep\n|turn|17\n|\n|t:|1699651077\n|move|p1a: KFC|Close Combat|p2a: Alomomola\n|-crit|p2a: Alomomola\n|-damage|p2a: Alomomola|54\/100\n|-unboost|p1a: KFC|def|1\n|-unboost|p1a: KFC|spd|1\n|move|p2a: Alomomola|Toxic|p1a: KFC\n|-status|p1a: KFC|tox\n|\n|-heal|p2a: Alomomola|61\/100|[from] item: Leftovers\n|-damage|p1a: KFC|77\/100 tox|[from] psn\n|-ability|p1a: KFC|Speed Boost|boost\n|-boost|p1a: KFC|spe|1\n|upkeep\n|turn|18\n|\n|t:|1699651087\n|move|p2a: Alomomola|Protect|p2a: Alomomola\n|-singleturn|p2a: Alomomola|Protect\n|move|p1a: KFC|Close Combat|p2a: Alomomola\n|-activate|p2a: Alomomola|move: Protect\n|\n|-heal|p2a: Alomomola|67\/100|[from] item: Leftovers\n|-damage|p1a: KFC|65\/100 tox|[from] psn\n|-ability|p1a: KFC|Speed Boost|boost\n|-boost|p1a: KFC|spe|1\n|upkeep\n|turn|19\n|\n|t:|1699651099\n|switch|p1a: Candy|Gourgeist-Small, F|100\/100\n|-damage|p1a: Candy|88\/100|[from] Stealth Rock\n|-item|p2a: Alomomola|Leftovers|[from] ability: Frisk|[of] p1a: Candy|[identify]\n|switch|p2a: Banette|Banette-Mega, M|61\/100\n|\n|upkeep\n|turn|20\n|\n|t:|1699651108\n|move|p2a: Banette|Destiny Bond|p2a: Banette\n|-singlemove|p2a: Banette|Destiny Bond\n|-zpower|p1a: Candy\n|move|p1a: Candy|Z-Trick-or-Treat||[anim]Trick-or-Treat|[still]\n|-boost|p1a: Candy|atk|1|[zeffect]\n|-boost|p1a: Candy|def|1|[zeffect]\n|-boost|p1a: Candy|spa|1|[zeffect]\n|-boost|p1a: Candy|spd|1|[zeffect]\n|-boost|p1a: Candy|spe|1|[zeffect]\n|-fail|p1a: Candy\n|\n|upkeep\n|turn|21\n|\n|t:|1699651117\n|move|p2a: Banette|Encore||[still]\n|-fail|p2a: Banette\n|move|p1a: Candy|Destiny Bond|p1a: Candy\n|-singlemove|p1a: Candy|Destiny Bond\n|\n|upkeep\n|turn|22\n|c|\u2606Enderchau2704|tip:ru\n|\n|t:|1699651123\n|move|p2a: Banette|Encore|p1a: Candy\n|-start|p1a: Candy|Encore\n|move|p1a: Candy|Destiny Bond||[still]\n|-fail|p1a: Candy\n|\n|upkeep\n|turn|23\n|\n|t:|1699651128\n|move|p1a: Candy|Destiny Bond|p1a: Candy\n|-singlemove|p1a: Candy|Destiny Bond\n|move|p2a: Banette|Infestation|p1a: Candy\n|-damage|p1a: Candy|83\/100\n|-activate|p1a: Candy|move: Infestation|[of] p2a: Banette\n|\n|-damage|p1a: Candy|71\/100|[from] move: Infestation|[partiallytrapped]\n|upkeep\n|turn|24\n|\n|t:|1699651139\n|move|p1a: Candy|Destiny Bond||[still]\n|-fail|p1a: Candy\n|move|p2a: Banette|Knock Off|p1a: Candy\n|-supereffective|p1a: Candy\n|-damage|p1a: Candy|37\/100\n|\n|-damage|p1a: Candy|25\/100|[from] move: Infestation|[partiallytrapped]\n|-end|p1a: Candy|Encore\n|upkeep\n|turn|25\n|\n|t:|1699651148\n|move|p2a: Banette|Encore|p1a: Candy\n|-start|p1a: Candy|Encore\n|move|p1a: Candy|Destiny Bond|p1a: Candy\n|-singlemove|p1a: Candy|Destiny Bond\n|\n|-damage|p1a: Candy|12\/100|[from] move: Infestation|[partiallytrapped]\n|upkeep\n|turn|26\n|\n|t:|1699651156\n|switch|p1a: Kakuzu|Grimmsnarl, M|100\/100\n|-damage|p1a: Kakuzu|88\/100|[from] Stealth Rock\n|move|p2a: Banette|Destiny Bond|p2a: Banette\n|-singlemove|p2a: Banette|Destiny Bond\n|\n|upkeep\n|turn|27\n|\n|t:|1699651169\n|move|p1a: Kakuzu|Light Screen|p1a: Kakuzu\n|-sidestart|p1: leon lp|move: Light Screen\n|move|p2a: Banette|Knock Off|p1a: Kakuzu\n|-resisted|p1a: Kakuzu\n|-damage|p1a: Kakuzu|77\/100\n|-enditem|p1a: Kakuzu|Light Clay|[from] move: Knock Off|[of] p2a: Banette\n|\n|upkeep\n|turn|28\n|\n|t:|1699651177\n|switch|p2a: Alomomola|Alomomola, M|99\/100\n|move|p1a: Kakuzu|Spirit Break|p2a: Alomomola\n|-damage|p2a: Alomomola|84\/100\n|-unboost|p2a: Alomomola|spa|1\n|\n|-heal|p2a: Alomomola|90\/100|[from] item: Leftovers\n|upkeep\n|turn|29\n|\n|t:|1699651191\n|move|p1a: Kakuzu|Parting Shot|p2a: Alomomola\n|-unboost|p2a: Alomomola|atk|1\n|-unboost|p2a: Alomomola|spa|1\n|\n|t:|1699651195\n|switch|p1a: KFC|Blaziken, M, shiny|65\/100 tox|[from] Parting Shot\n|-damage|p1a: KFC|52\/100 tox|[from] Stealth Rock\n|move|p2a: Alomomola|Toxic|p1a: KFC\n|-fail|p1a: KFC|tox\n|\n|-heal|p2a: Alomomola|97\/100|[from] item: Leftovers\n|-damage|p1a: KFC|46\/100 tox|[from] psn\n|upkeep\n|turn|30\n|\n|t:|1699651205\n|move|p1a: KFC|Close Combat|p2a: Alomomola\n|-damage|p2a: Alomomola|67\/100\n|-unboost|p1a: KFC|def|1\n|-unboost|p1a: KFC|spd|1\n|move|p2a: Alomomola|Scald|p1a: KFC\n|-supereffective|p1a: KFC\n|-damage|p1a: KFC|30\/100 tox\n|\n|-heal|p2a: Alomomola|74\/100|[from] item: Leftovers\n|-damage|p1a: KFC|18\/100 tox|[from] psn\n|-ability|p1a: KFC|Speed Boost|boost\n|-boost|p1a: KFC|spe|1\n|upkeep\n|turn|31\n|c|\u2606Enderchau2704|good call i guess\n|c|\u2606leon lp|is impossible win\n|-message|leon lp forfeited.\n|\n|win|Enderchau2704\n|c|\u2606Enderchau2704|(applauds)\n|player|p1|leon lp|265\n","uploadtime":1699651234,"views":4,"p1id":"leonlp","p2id":"enderchau2704","formatid":"gen9nationaldex","rating":0,"private":0,"password":""}