{"id":"gen9nationaldex-1992458577","p1":"WyattMilllll","p2":"MAS0CHIST","format":"[Gen 9] National Dex","log":"|j|\u2606WyattMilllll\n|j|\u2606MAS0CHIST\n|t:|1700190057\n|gametype|singles\n|player|p1|WyattMilllll|pokemonranger-gen4|1268\n|player|p2|MAS0CHIST|cynthia-gen4|1299\n|teamsize|p1|6\n|teamsize|p2|6\n|gen|9\n|tier|[Gen 9] National Dex\n|rated|\n|rule|HP Percentage Mod: HP is shown in percentages\n|rule|Endless Battle Clause: Forcing endless battles is banned\n|rule|OHKO Clause: OHKO moves are banned\n|rule|Evasion Clause: Evasion abilities, items, and moves are banned\n|rule|Evasion Abilities Clause: Evasion abilities are banned\n|rule|Evasion Items Clause: Evasion items are banned\n|rule|Evasion Moves Clause: Evasion moves are banned\n|rule|Species Clause: Limit one of each Pok\u00e9mon\n|rule|Sleep Clause Mod: Limit one foe put to sleep\n|clearpoke\n|poke|p1|Pelipper, M|\n|poke|p1|Greninja-*, M|\n|poke|p1|Floatzel, M|\n|poke|p1|Zapdos|\n|poke|p1|Ferrothorn, M|\n|poke|p1|Swampert, M|\n|poke|p2|Greninja-*, M|\n|poke|p2|Kommo-o, F|\n|poke|p2|Aegislash, F|\n|poke|p2|Tyranitar, M|\n|poke|p2|Lopunny, M|\n|poke|p2|Hatterene, F|\n|teampreview\n|\n|t:|1700190075\n|start\n|switch|p1a: Ferrothorn|Ferrothorn, M|100\/100\n|switch|p2a: Momo|Hatterene, F|100\/100\n|turn|1\n|inactive|Battle timer is ON: inactive players will automatically lose when time's up. (requested by WyattMilllll)\n|\n|t:|1700190087\n|move|p2a: Momo|Mystical Fire|p1a: Ferrothorn\n|-supereffective|p1a: Ferrothorn\n|-damage|p1a: Ferrothorn|0 fnt\n|faint|p1a: Ferrothorn\n|\n|upkeep\n|\n|t:|1700190093\n|switch|p1a: Pelipper|Pelipper, M|100\/100\n|-weather|RainDance|[from] ability: Drizzle|[of] p1a: Pelipper\n|turn|2\n|\n|t:|1700190098\n|move|p1a: Pelipper|U-turn|p2a: Momo\n|-damage|p2a: Momo|90\/100\n|\n|t:|1700190101\n|switch|p1a: Swampert|Swampert, M|100\/100|[from] U-turn\n|move|p2a: Momo|Mystical Fire|p1a: Swampert\n|-resisted|p1a: Swampert\n|-damage|p1a: Swampert|89\/100\n|-unboost|p1a: Swampert|spa|1\n|\n|-weather|RainDance|[upkeep]\n|upkeep\n|turn|3\n|\n|t:|1700190107\n|switch|p2a: Angaela|Aegislash, F|100\/100\n|detailschange|p1a: Swampert|Swampert-Mega, M\n|-mega|p1a: Swampert|Swampert|Swampertite\n|move|p1a: Swampert|Waterfall|p2a: Angaela\n|-damage|p2a: Angaela|44\/100\n|\n|-weather|RainDance|[upkeep]\n|upkeep\n|turn|4\n|\n|t:|1700190122\n|-formechange|p2a: Angaela|Aegislash-Blade||[from] ability: Stance Change\n|move|p2a: Angaela|Shadow Sneak|p1a: Swampert\n|-crit|p1a: Swampert\n|-damage|p1a: Swampert|58\/100\n|move|p1a: Swampert|Earthquake|p2a: Angaela\n|-supereffective|p2a: Angaela\n|-damage|p2a: Angaela|0 fnt\n|faint|p2a: Angaela\n|\n|-weather|RainDance|[upkeep]\n|upkeep\n|\n|t:|1700190126\n|switch|p2a: Kakani|Kommo-o, F|100\/100\n|turn|5\n|\n|t:|1700190135\n|move|p1a: Swampert|Ice Punch|p2a: Kakani\n|-supereffective|p2a: Kakani\n|-damage|p2a: Kakani|41\/100\n|move|p2a: Kakani|Clanging Scales|p1a: Swampert\n|-damage|p1a: Swampert|12\/100\n|-unboost|p2a: Kakani|def|1\n|-enditem|p2a: Kakani|Throat Spray\n|-boost|p2a: Kakani|spa|1|[from] item: Throat Spray\n|\n|-weather|RainDance|[upkeep]\n|upkeep\n|turn|6\n|\n|t:|1700190146\n|move|p1a: Swampert|Ice Punch|p2a: Kakani\n|-supereffective|p2a: Kakani\n|-damage|p2a: Kakani|0 fnt\n|faint|p2a: Kakani\n|\n|-weather|RainDance|[upkeep]\n|upkeep\n|\n|t:|1700190149\n|switch|p2a: Kyl|Lopunny, M, shiny|100\/100\n|turn|7\n|\n|t:|1700190152\n|detailschange|p2a: Kyl|Lopunny-Mega, M, shiny\n|-mega|p2a: Kyl|Lopunny|Lopunnite\n|move|p2a: Kyl|Fake Out|p1a: Swampert\n|-damage|p1a: Swampert|0 fnt\n|faint|p1a: Swampert\n|\n|-weather|RainDance|[upkeep]\n|upkeep\n|\n|t:|1700190155\n|switch|p1a: Floatzel|Floatzel, M|100\/100\n|turn|8\n|\n|t:|1700190165\n|switch|p2a: Momo|Hatterene, F|90\/100\n|-terastallize|p1a: Floatzel|Water\n|move|p1a: Floatzel|Wave Crash|p2a: Momo\n|-damage|p2a: Momo|0 fnt\n|faint|p2a: Momo\n|-damage|p1a: Floatzel|70\/100|[from] Recoil\n|\n|-weather|RainDance|[upkeep]\n|upkeep\n|\n|t:|1700190172\n|switch|p2a: Kyl|Lopunny-Mega, M, shiny|100\/100\n|turn|9\n|\n|t:|1700190176\n|switch|p1a: Zapdos|Zapdos|100\/100\n|move|p2a: Kyl|Fake Out|p1a: Zapdos\n|-damage|p1a: Zapdos|74\/100\n|\n|-weather|none\n|upkeep\n|turn|10\n|\n|t:|1700190185\n|switch|p1a: Pelipper|Pelipper, M|100\/100\n|-weather|RainDance|[from] ability: Drizzle|[of] p1a: Pelipper\n|move|p2a: Kyl|Triple Axel|p1a: Pelipper\n|-damage|p1a: Pelipper|94\/100\n|-damage|p1a: Pelipper|84\/100\n|-hitcount|p1a: Pelipper|2\n|\n|-weather|RainDance|[upkeep]\n|upkeep\n|turn|11\n|\n|t:|1700190189\n|move|p2a: Kyl|Return|p1a: Pelipper\n|-damage|p1a: Pelipper|43\/100\n|move|p1a: Pelipper|U-turn|p2a: Kyl\n|-resisted|p2a: Kyl\n|-damage|p2a: Kyl|95\/100\n|\n|t:|1700190192\n|switch|p1a: Floatzel|Floatzel, M, tera:Water|70\/100|[from] U-turn\n|\n|-weather|RainDance|[upkeep]\n|upkeep\n|turn|12\n|\n|t:|1700190197\n|switch|p2a: Najirie|Greninja, M|100\/100\n|move|p1a: Floatzel|Wave Crash|p2a: Najirie\n|-resisted|p2a: Najirie\n|-enditem|p2a: Najirie|Focus Sash\n|-damage|p2a: Najirie|1\/100\n|-damage|p1a: Floatzel|36\/100|[from] Recoil\n|\n|-weather|RainDance|[upkeep]\n|upkeep\n|turn|13\n|\n|t:|1700190202\n|move|p1a: Floatzel|Wave Crash|p2a: Najirie\n|-resisted|p2a: Najirie\n|-damage|p2a: Najirie|0 fnt\n|faint|p2a: Najirie\n|-damage|p1a: Floatzel|36\/100|[from] Recoil\n|\n|-weather|RainDance|[upkeep]\n|upkeep\n|\n|t:|1700190205\n|switch|p2a: Kyl|Lopunny-Mega, M, shiny|95\/100\n|turn|14\n|\n|t:|1700190209\n|move|p1a: Floatzel|Wave Crash|p2a: Kyl\n|-damage|p2a: Kyl|0 fnt\n|faint|p2a: Kyl\n|-damage|p1a: Floatzel|9\/100|[from] Recoil\n|\n|-weather|RainDance|[upkeep]\n|upkeep\n|\n|t:|1700190211\n|switch|p2a: Gojira|Tyranitar, M|100\/100\n|-weather|Sandstorm|[from] ability: Sand Stream|[of] p2a: Gojira\n|turn|15\n|\n|t:|1700190215\n|-terastallize|p2a: Gojira|Dragon\n|move|p1a: Floatzel|Wave Crash|p2a: Gojira\n|-resisted|p2a: Gojira\n|-damage|p2a: Gojira|59\/100\n|-damage|p1a: Floatzel|0 fnt|[from] Recoil\n|faint|p1a: Floatzel\n|move|p2a: Gojira|Knock Off|p1: Floatzel|[notarget]\n|-fail|p2a: Gojira\n|\n|-weather|Sandstorm|[upkeep]\n|-damage|p2a: Gojira|52\/100|[from] Sandstorm\n|upkeep\n|\n|t:|1700190221\n|switch|p1a: Greninja|Greninja, M|100\/100\n|turn|16\n|\n|t:|1700190225\n|move|p1a: Greninja|Dark Pulse|p2a: Gojira\n|-damage|p2a: Gojira|28\/100\n|-damage|p1a: Greninja|91\/100|[from] item: Life Orb\n|cant|p2a: Gojira|flinch\n|\n|-weather|Sandstorm|[upkeep]\n|-damage|p1a: Greninja|85\/100|[from] Sandstorm\n|-damage|p2a: Gojira|22\/100|[from] Sandstorm\n|upkeep\n|turn|17\n|\n|t:|1700190230\n|move|p1a: Greninja|Dark Pulse|p2a: Gojira\n|-damage|p2a: Gojira|0 fnt\n|faint|p2a: Gojira\n|-damage|p1a: Greninja|75\/100|[from] item: Life Orb\n|\n|win|WyattMilllll\n|raw|WyattMilllll's rating: 1268 &rarr; <strong>1295<\/strong><br \/>(+27 for winning)\n|raw|MAS0CHIST's rating: 1299 &rarr; <strong>1272<\/strong><br \/>(-27 for losing)\n|c|\u2606WyattMilllll|Gg\n|l|\u2606MAS0CHIST\n","uploadtime":1700190240,"views":4,"p1id":"wyattmilllll","p2id":"mas0chist","formatid":"gen9nationaldex","rating":1272,"private":0,"password":""}