{"id":"gen9nationaldex-1997647201","p1":"midding","p2":"lchx","format":"[Gen 9] National Dex","log":"|html|<div class=\"broadcast-blue\"><strong>[Gen 9] National Dex is currently suspecting Sneasler! For information on how to participate check out the <a href=\"https:\/\/www.smogon.com\/forums\/threads\/sv-national-dex-suspect-8-just-dance.3731534\/\">suspect thread<\/a>.<\/strong><\/div>\n|j|\u2606midding\n|j|\u2606lchx\n|t:|1700837197\n|gametype|singles\n|player|p1|midding|emmet|1555\n|player|p2|lchx|ghetsis|1673\n|teamsize|p1|6\n|teamsize|p2|6\n|gen|9\n|tier|[Gen 9] National Dex\n|rated|\n|rule|HP Percentage Mod: HP is shown in percentages\n|rule|Endless Battle Clause: Forcing endless battles is banned\n|rule|OHKO Clause: OHKO moves are banned\n|rule|Evasion Clause: Evasion abilities, items, and moves are banned\n|rule|Evasion Abilities Clause: Evasion abilities are banned\n|rule|Evasion Items Clause: Evasion items are banned\n|rule|Evasion Moves Clause: Evasion moves are banned\n|rule|Species Clause: Limit one of each Pok\u00e9mon\n|rule|Sleep Clause Mod: Limit one foe put to sleep\n|clearpoke\n|poke|p1|Hatterene, F|\n|poke|p1|Mawile, M|\n|poke|p1|Cresselia, F|\n|poke|p1|Porygon2|\n|poke|p1|Marowak-Alola, M|\n|poke|p1|Ursaluna, F|\n|poke|p2|Amoonguss, F|\n|poke|p2|Nihilego|\n|poke|p2|Sneasler, F|\n|poke|p2|Muk-Alola, F|\n|poke|p2|Gengar, F|\n|poke|p2|Ariados, F|\n|teampreview\n|\n|t:|1700837211\n|start\n|switch|p1a: Hatterene|Hatterene, F, shiny|100\/100\n|switch|p2a: Sneasler|Sneasler, F|100\/100\n|turn|1\n|\n|t:|1700837219\n|move|p2a: Sneasler|Fake Out|p1a: Hatterene\n|-enditem|p2a: Sneasler|Normal Gem|[from] gem\n|-damage|p1a: Hatterene|76\/100\n|cant|p1a: Hatterene|flinch\n|\n|upkeep\n|turn|2\n|\n|t:|1700837243\n|-terastallize|p1a: Hatterene|Steel\n|move|p2a: Sneasler|Dire Claw|p1a: Hatterene\n|-immune|p1a: Hatterene\n|move|p1a: Hatterene|Trick Room|p1a: Hatterene\n|-fieldstart|move: Trick Room|[of] p1a: Hatterene\n|\n|upkeep\n|turn|3\n|\n|t:|1700837256\n|switch|p2a: \u8776\u8776\u771f\u96be\u9876|Muk-Alola, F|100\/100\n|move|p1a: Hatterene|Healing Wish|p1a: Hatterene\n|faint|p1a: Hatterene\n|\n|upkeep\n|\n|t:|1700837262\n|switch|p1a: Ursaluna|Ursaluna, F|100\/100\n|turn|4\n|inactive|Battle timer is ON: inactive players will automatically lose when time's up. (requested by midding)\n|\n|t:|1700837289\n|-terastallize|p2a: \u8776\u8776\u771f\u96be\u9876|Fighting\n|move|p1a: Ursaluna|Headlong Rush|p2a: \u8776\u8776\u771f\u96be\u9876\n|-damage|p2a: \u8776\u8776\u771f\u96be\u9876|22\/100\n|-unboost|p1a: Ursaluna|def|1\n|-unboost|p1a: Ursaluna|spd|1\n|move|p2a: \u8776\u8776\u771f\u96be\u9876|Drain Punch|p1a: Ursaluna\n|-supereffective|p1a: Ursaluna\n|-damage|p1a: Ursaluna|24\/100\n|-heal|p2a: \u8776\u8776\u771f\u96be\u9876|65\/100|[from] drain|[of] p1a: Ursaluna\n|\n|-status|p1a: Ursaluna|brn|[from] item: Flame Orb\n|upkeep\n|turn|5\n|\n|t:|1700837314\n|move|p1a: Ursaluna|Facade|p2a: \u8776\u8776\u771f\u96be\u9876\n|-damage|p2a: \u8776\u8776\u771f\u96be\u9876|0 fnt\n|faint|p2a: \u8776\u8776\u771f\u96be\u9876\n|\n|-damage|p1a: Ursaluna|18\/100 brn|[from] brn\n|upkeep\n|\n|t:|1700837326\n|switch|p2a: Ariados|Ariados, F|100\/100\n|turn|6\n|\n|t:|1700837334\n|switch|p1a: Cresselia|Cresselia, F|100\/100\n|move|p2a: Ariados|Foul Play|p1a: Cresselia\n|-supereffective|p1a: Cresselia\n|-damage|p1a: Cresselia|81\/100\n|\n|-heal|p1a: Cresselia|87\/100|[from] item: Leftovers\n|-fieldend|move: Trick Room\n|upkeep\n|turn|7\n|\n|t:|1700837344\n|move|p2a: Ariados|Toxic Spikes|p1a: Cresselia\n|-sidestart|p1: midding|move: Toxic Spikes\n|move|p1a: Cresselia|Trick Room|p1a: Cresselia\n|-fieldstart|move: Trick Room|[of] p1a: Cresselia\n|\n|-heal|p1a: Cresselia|93\/100|[from] item: Leftovers\n|upkeep\n|turn|8\n|\n|t:|1700837367\n|switch|p2a: Nihilego|Nihilego|100\/100\n|move|p1a: Cresselia|Psychic|p2a: Nihilego\n|-supereffective|p2a: Nihilego\n|-damage|p2a: Nihilego|65\/100\n|\n|-heal|p1a: Cresselia|99\/100|[from] item: Leftovers\n|upkeep\n|turn|9\n|\n|t:|1700837377\n|move|p1a: Cresselia|Lunar Dance|p1a: Cresselia\n|faint|p1a: Cresselia\n|move|p2a: Nihilego|Meteor Beam||[still]\n|-prepare|p2a: Nihilego|Meteor Beam\n|-boost|p2a: Nihilego|spa|1\n|-enditem|p2a: Nihilego|Power Herb\n|-anim|p2a: Nihilego|Meteor Beam|p1: Cresselia|[notarget]\n|-fail|p2a: Nihilego\n|\n|upkeep\n|\n|t:|1700837385\n|switch|p1a: Ursaluna|Ursaluna, F|18\/100 brn\n|-heal|p1a: Ursaluna|100\/100|[from] move: Healing Wish\n|-heal|p1a: Ursaluna|100\/100|[from] move: Lunar Dance\n|-status|p1a: Ursaluna|psn\n|turn|10\n|\n|t:|1700837394\n|move|p1a: Ursaluna|Facade|p2a: Nihilego\n|-resisted|p2a: Nihilego\n|-damage|p2a: Nihilego|0 fnt\n|faint|p2a: Nihilego\n|\n|-damage|p1a: Ursaluna|88\/100 psn|[from] psn\n|upkeep\n|\n|t:|1700837406\n|switch|p2a: Ariados|Ariados, F|100\/100\n|turn|11\n|\n|t:|1700837412\n|move|p1a: Ursaluna|Facade|p2a: Ariados\n|-enditem|p2a: Ariados|Focus Sash\n|-damage|p2a: Ariados|1\/100\n|move|p2a: Ariados|Foul Play|p1a: Ursaluna\n|-crit|p1a: Ursaluna\n|-damage|p1a: Ursaluna|50\/100 psn\n|\n|-damage|p1a: Ursaluna|38\/100 psn|[from] psn\n|-fieldend|move: Trick Room\n|upkeep\n|turn|12\n|\n|t:|1700837428\n|switch|p1a: Porygon2|Porygon2|100\/100\n|-status|p1a: Porygon2|psn\n|-ability|p1a: Porygon2|Download|boost\n|-boost|p1a: Porygon2|spa|1\n|move|p2a: Ariados|Toxic Spikes|p1a: Porygon2\n|-sidestart|p1: midding|move: Toxic Spikes\n|\n|-damage|p1a: Porygon2|88\/100 psn|[from] psn\n|upkeep\n|turn|13\n|\n|t:|1700837440\n|switch|p2a: Gengar|Gengar, F|100\/100\n|move|p1a: Porygon2|Trick Room|p1a: Porygon2\n|-fieldstart|move: Trick Room|[of] p1a: Porygon2\n|\n|-damage|p1a: Porygon2|76\/100 psn|[from] psn\n|upkeep\n|turn|14\n|\n|t:|1700837451\n|move|p2a: Gengar|Substitute|p2a: Gengar\n|-start|p2a: Gengar|Substitute\n|-damage|p2a: Gengar|76\/100\n|move|p1a: Porygon2|Teleport|p1a: Porygon2\n|\n|t:|1700837457\n|switch|p1a: Mawile|Mawile, M, shiny|100\/100|[from] Teleport\n|-ability|p1a: Mawile|Intimidate|boost\n|-immune|p2a: Gengar\n|\n|upkeep\n|turn|15\n|\n|t:|1700837468\n|detailschange|p1a: Mawile|Mawile-Mega, M, shiny\n|-mega|p1a: Mawile|Mawile|Mawilite\n|move|p1a: Mawile|Play Rough|p2a: Gengar\n|-resisted|p2a: Gengar\n|-end|p2a: Gengar|Substitute\n|-zpower|p2a: Gengar\n|move|p2a: Gengar|Never-Ending Nightmare|p1a: Mawile|[zeffect]\n|-crit|p1a: Mawile\n|-damage|p1a: Mawile|0 fnt\n|faint|p1a: Mawile\n|\n|upkeep\n|\n|t:|1700837482\n|switch|p1a: Marowak|Marowak-Alola, M, shiny|100\/100\n|-status|p1a: Marowak|tox\n|turn|16\n|inactive|lchx has 120 seconds left.\n|\n|t:|1700837515\n|switch|p2a: Ariados|Ariados, F|1\/100\n|move|p1a: Marowak|Flare Blitz|p2a: Ariados\n|-supereffective|p2a: Ariados\n|-damage|p2a: Ariados|0 fnt\n|faint|p2a: Ariados\n|\n|-damage|p1a: Marowak|94\/100 tox|[from] psn\n|upkeep\n|inactive|lchx has 120 seconds left.\n|\n|t:|1700837528\n|switch|p2a: Amoonguss|Amoonguss, F|100\/100\n|turn|17\n|inactive|lchx has 120 seconds left.\n|\n|t:|1700837541\n|move|p1a: Marowak|Flare Blitz|p2a: Amoonguss\n|-supereffective|p2a: Amoonguss\n|-damage|p2a: Amoonguss|0 fnt\n|-damage|p1a: Marowak|78\/100 tox|[from] item: Rocky Helmet|[of] p2a: Amoonguss\n|faint|p2a: Amoonguss\n|\n|-damage|p1a: Marowak|66\/100 tox|[from] psn\n|-fieldend|move: Trick Room\n|upkeep\n|\n|t:|1700837550\n|switch|p2a: Gengar|Gengar, F|76\/100\n|turn|18\n|\n|t:|1700837555\n|move|p2a: Gengar|Shadow Ball|p1a: Marowak\n|-supereffective|p1a: Marowak\n|-damage|p1a: Marowak|0 fnt\n|faint|p1a: Marowak\n|\n|upkeep\n|\n|t:|1700837561\n|switch|p1a: Porygon2|Porygon2|76\/100 psn\n|-ability|p1a: Porygon2|Download|boost\n|-boost|p1a: Porygon2|atk|1\n|turn|19\n|\n|t:|1700837568\n|move|p2a: Gengar|Substitute|p2a: Gengar\n|-start|p2a: Gengar|Substitute\n|-damage|p2a: Gengar|51\/100\n|move|p1a: Porygon2|Trick Room|p1a: Porygon2\n|-fieldstart|move: Trick Room|[of] p1a: Porygon2\n|\n|-damage|p1a: Porygon2|64\/100 psn|[from] psn\n|upkeep\n|turn|20\n|\n|t:|1700837580\n|move|p1a: Porygon2|Thunderbolt|p2a: Gengar\n|-crit|p2a: Gengar\n|-end|p2a: Gengar|Substitute\n|move|p2a: Gengar|Nasty Plot|p2a: Gengar\n|-boost|p2a: Gengar|spa|2\n|\n|-damage|p1a: Porygon2|51\/100 psn|[from] psn\n|upkeep\n|turn|21\n|inactive|lchx has 120 seconds left.\n|\n|t:|1700837616\n|move|p1a: Porygon2|Thunderbolt|p2a: Gengar\n|-damage|p2a: Gengar|17\/100\n|-start|p1a: Porygon2|Disable|Thunderbolt|[from] ability: Cursed Body|[of] p2a: Gengar\n|move|p2a: Gengar|Substitute|p2a: Gengar\n|-fail|p2a: Gengar|move: Substitute|[weak]\n|\n|-damage|p1a: Porygon2|39\/100 psn|[from] psn\n|upkeep\n|turn|22\n|\n|t:|1700837627\n|move|p1a: Porygon2|Ice Beam|p2a: Gengar\n|-damage|p2a: Gengar|0 fnt\n|faint|p2a: Gengar\n|\n|-damage|p1a: Porygon2|27\/100 psn|[from] psn\n|upkeep\n|\n|t:|1700837630\n|switch|p2a: Sneasler|Sneasler, F|100\/100\n|turn|23\n|\n|t:|1700837639\n|move|p1a: Porygon2|Ice Beam|p2a: Sneasler\n|-damage|p2a: Sneasler|73\/100\n|move|p2a: Sneasler|Close Combat|p1a: Porygon2\n|-supereffective|p1a: Porygon2\n|-damage|p1a: Porygon2|0 fnt\n|-unboost|p2a: Sneasler|def|1\n|-unboost|p2a: Sneasler|spd|1\n|faint|p1a: Porygon2\n|\n|-fieldend|move: Trick Room\n|upkeep\n|c|\u2606lchx|\u5c45\u7136\u8d62\u4e86\n|\n|t:|1700837650\n|switch|p1a: Ursaluna|Ursaluna, F|38\/100 psn\n|turn|24\n|\n|t:|1700837653\n|move|p2a: Sneasler|Close Combat|p1a: Ursaluna\n|-supereffective|p1a: Ursaluna\n|-damage|p1a: Ursaluna|0 fnt\n|-unboost|p2a: Sneasler|def|1\n|-unboost|p2a: Sneasler|spd|1\n|faint|p1a: Ursaluna\n|\n|win|lchx\n|raw|midding's rating: 1555 &rarr; <strong>1542<\/strong><br \/>(-13 for losing)\n|raw|lchx's rating: 1673 &rarr; <strong>1686<\/strong><br \/>(+13 for winning)\n|l|\u2606midding\n","uploadtime":1700837683,"views":0,"p1id":"midding","p2id":"lchx","formatid":"gen9nationaldex","rating":1542,"private":0,"password":""}