{"id":"gen9nationaldex-1993712095","p1":"Galarian Blades","p2":"DarmanitanDLuffy","format":"[Gen 9] National Dex","log":"|j|\u2606Galarian Blades\n|j|\u2606DarmanitanDLuffy\n|inactive|Battle timer is ON: inactive players will automatically lose when time's up.\n|t:|1700348369\n|gametype|singles\n|player|p1|Galarian Blades|blue-masters|\n|player|p2|DarmanitanDLuffy|lusamine-nihilego|\n|teamsize|p1|6\n|teamsize|p2|6\n|gen|9\n|tier|[Gen 9] National Dex\n|rated|Tournament battle\n|rule|HP Percentage Mod: HP is shown in percentages\n|rule|Endless Battle Clause: Forcing endless battles is banned\n|rule|OHKO Clause: OHKO moves are banned\n|rule|Evasion Clause: Evasion abilities, items, and moves are banned\n|rule|Evasion Abilities Clause: Evasion abilities are banned\n|rule|Evasion Items Clause: Evasion items are banned\n|rule|Evasion Moves Clause: Evasion moves are banned\n|rule|Species Clause: Limit one of each Pok\u00e9mon\n|rule|Sleep Clause Mod: Limit one foe put to sleep\n|clearpoke\n|poke|p1|Tapu Koko|\n|poke|p1|Weavile, F|\n|poke|p1|Medicham, M|\n|poke|p1|Toxapex, F|\n|poke|p1|Corviknight, M|\n|poke|p1|Garchomp, M|\n|poke|p2|Iron Valiant|\n|poke|p2|Slowbro, F|\n|poke|p2|Garchomp, M|\n|poke|p2|Scizor, F|\n|poke|p2|Gliscor, F|\n|poke|p2|Garganacl, M|\n|teampreview\n|j| prince5\n|c|\u2606Galarian Blades|hf\n|c|\u2606DarmanitanDLuffy|glhf\n|j| Klawf Up A Lung\n|j| Potatofromsinnoh\n|\n|t:|1700348399\n|start\n|switch|p1a: Garchomp|Garchomp, M|100\/100\n|switch|p2a: Slowbro|Slowbro, F|100\/100\n|turn|1\n|\n|t:|1700348406\n|move|p1a: Garchomp|Stealth Rock|p2a: Slowbro\n|-sidestart|p2: DarmanitanDLuffy|move: Stealth Rock\n|move|p2a: Slowbro|Future Sight|p1a: Garchomp\n|-start|p2a: Slowbro|move: Future Sight\n|\n|upkeep\n|turn|2\n|\n|t:|1700348410\n|move|p1a: Garchomp|Swords Dance|p1a: Garchomp\n|-boost|p1a: Garchomp|atk|2\n|move|p2a: Slowbro|Teleport|p2a: Slowbro\n|c| Potatofromsinnoh|finally darm can go get his chicken\n|\n|t:|1700348417\n|switch|p2a: Iron Valiant|Iron Valiant|100\/100|[from] Teleport\n|-damage|p2a: Iron Valiant|94\/100|[from] Stealth Rock\n|\n|upkeep\n|turn|3\n|c| Potatofromsinnoh|and i can go get my pizza\n|j|#Sulo\n|\n|t:|1700348423\n|switch|p1a: Corviknight|Corviknight, M|100\/100\n|-ability|p1a: Corviknight|Pressure\n|move|p2a: Iron Valiant|Ice Punch|p1a: Corviknight\n|-damage|p1a: Corviknight|76\/100\n|-damage|p2a: Iron Valiant|78\/100|[from] item: Rocky Helmet|[of] p1a: Corviknight\n|\n|-end|p1a: Corviknight|move: Future Sight\n|-resisted|p1a: Corviknight\n|-damage|p1a: Corviknight|55\/100\n|upkeep\n|turn|4\n|\n|t:|1700348433\n|-end|p2a: Iron Valiant|Quark Drive|[silent]\n|switch|p2a: Gliscor|Gliscor, F|100\/100\n|-damage|p2a: Gliscor|88\/100|[from] Stealth Rock\n|move|p1a: Corviknight|U-turn|p2a: Gliscor\n|-resisted|p2a: Gliscor\n|-damage|p2a: Gliscor|83\/100\n|c| Potatofromsinnoh|guys what should i get on my pizza\n|\n|t:|1700348439\n|switch|p1a: Weavile|Weavile, F|100\/100|[from] U-turn\n|-ability|p1a: Weavile|Pressure\n|\n|-status|p2a: Gliscor|tox|[from] item: Toxic Orb\n|upkeep\n|turn|5\n|c|\u2606DarmanitanDLuffy|pineapple\n|c| Potatofromsinnoh|NO\n|\n|t:|1700348448\n|switch|p2a: Scizor|Scizor, F|100\/100\n|-damage|p2a: Scizor|88\/100|[from] Stealth Rock\n|move|p1a: Weavile|Triple Axel|p2a: Scizor\n|-resisted|p2a: Scizor\n|-damage|p2a: Scizor|81\/100\n|-resisted|p2a: Scizor\n|-damage|p2a: Scizor|67\/100\n|-resisted|p2a: Scizor\n|-damage|p2a: Scizor|47\/100\n|-hitcount|p2a: Scizor|3\n|\n|upkeep\n|turn|6\n|c| Potatofromsinnoh|no pineapples\n|c|\u2606Galarian Blades|i am big fan of plain\n|\n|t:|1700348464\n|switch|p1a: Corviknight|Corviknight, M|55\/100\n|-ability|p1a: Corviknight|Pressure\n|detailschange|p2a: Scizor|Scizor-Mega, F\n|-mega|p2a: Scizor|Scizor|Scizorite\n|move|p2a: Scizor|Roost|p2a: Scizor\n|-heal|p2a: Scizor|97\/100\n|-singleturn|p2a: Scizor|move: Roost\n|\n|upkeep\n|turn|7\n|c| Klawf Up A Lung|Cheese?\n|c|\u2606Galarian Blades|yeah\n|\n|t:|1700348471\n|switch|p2a: Gliscor|Gliscor, F|83\/100 tox\n|-damage|p2a: Gliscor|70\/100 tox|[from] Stealth Rock\n|move|p1a: Corviknight|U-turn|p2a: Gliscor\n|-resisted|p2a: Gliscor\n|-crit|p2a: Gliscor\n|-damage|p2a: Gliscor|63\/100 tox\n|c| Potatofromsinnoh|there was gonna be cheese on it dw\n|\n|t:|1700348483\n|switch|p1a: Weavile|Weavile, F|100\/100|[from] U-turn\n|-ability|p1a: Weavile|Pressure\n|\n|-heal|p2a: Gliscor|75\/100 tox|[from] ability: Poison Heal\n|upkeep\n|turn|8\n|\n|t:|1700348492\n|switch|p2a: Scizor|Scizor-Mega, F|97\/100\n|-damage|p2a: Scizor|84\/100|[from] Stealth Rock\n|move|p1a: Weavile|Triple Axel|p2a: Scizor\n|-resisted|p2a: Scizor\n|-damage|p2a: Scizor|79\/100\n|-resisted|p2a: Scizor\n|-damage|p2a: Scizor|69\/100\n|-resisted|p2a: Scizor\n|-damage|p2a: Scizor|53\/100\n|-hitcount|p2a: Scizor|3\n|\n|upkeep\n|turn|9\n|c| Potatofromsinnoh|i could do pepperoni and spinach, or i was thinking chicken and banana peppers with spinach\n|\n|t:|1700348514\n|switch|p1a: Toxapex|Toxapex, F|100\/100\n|move|p2a: Scizor|U-turn|p1a: Toxapex\n|-resisted|p1a: Toxapex\n|-damage|p1a: Toxapex|87\/100\n|inactive|DarmanitanDLuffy has 120 seconds left.\n|c| prince5|just do a pineapple pizza\n|\n|t:|1700348538\n|switch|p2a: Garganacl|Garganacl, M|100\/100|[from] U-turn\n|-damage|p2a: Garganacl|88\/100|[from] Stealth Rock\n|\n|-heal|p2a: Garganacl|94\/100|[from] item: Leftovers\n|-heal|p1a: Toxapex|93\/100|[from] item: Leftovers\n|upkeep\n|turn|10\n|c| prince5|plain and simple\n|inactive|DarmanitanDLuffy has 120 seconds left.\n|\n|t:|1700348559\n|switch|p1a: Corviknight|Corviknight, M|55\/100\n|-ability|p1a: Corviknight|Pressure\n|-terastallize|p2a: Garganacl|Water\n|move|p2a: Garganacl|Salt Cure|p1a: Corviknight\n|-damage|p1a: Corviknight|48\/100\n|-start|p1a: Corviknight|Salt Cure\n|\n|-heal|p2a: Garganacl|100\/100|[from] item: Leftovers\n|-damage|p1a: Corviknight|23\/100|[from] Salt Cure\n|upkeep\n|turn|11\n|inactive|DarmanitanDLuffy has 120 seconds left.\n|\n|t:|1700348580\n|move|p1a: Corviknight|U-turn|p2a: Garganacl\n|-damage|p2a: Garganacl|92\/100\n|\n|t:|1700348581\n|switch|p1a: Tapu Koko|Tapu Koko|100\/100|[from] U-turn\n|-fieldstart|move: Electric Terrain|[from] ability: Electric Surge|[of] p1a: Tapu Koko\n|move|p2a: Garganacl|Iron Defense|p2a: Garganacl\n|-boost|p2a: Garganacl|def|2\n|\n|-heal|p2a: Garganacl|98\/100|[from] item: Leftovers\n|upkeep\n|turn|12\n|inactive|DarmanitanDLuffy has 120 seconds left.\n|\n|t:|1700348593\n|switch|p2a: Scizor|Scizor-Mega, F|53\/100\n|-damage|p2a: Scizor|40\/100|[from] Stealth Rock\n|move|p1a: Tapu Koko|Thunderbolt|p2a: Scizor\n|-damage|p2a: Scizor|0 fnt\n|faint|p2a: Scizor\n|\n|upkeep\n|c|\u2606DarmanitanDLuffy|uh oh\n|\n|t:|1700348616\n|switch|p2a: Gliscor|Gliscor, F|75\/100 tox\n|-damage|p2a: Gliscor|63\/100 tox|[from] Stealth Rock\n|turn|13\n|\n|t:|1700348619\n|switch|p1a: Corviknight|Corviknight, M|23\/100\n|-ability|p1a: Corviknight|Pressure\n|move|p2a: Gliscor|Defog|p1a: Corviknight\n|-unboost|p1a: Corviknight|evasion|1\n|-sideend|p2: DarmanitanDLuffy|Stealth Rock|[from] move: Defog|[of] p2a: Gliscor\n|-fieldend|move: Electric Terrain\n|\n|-heal|p2a: Gliscor|75\/100 tox|[from] ability: Poison Heal\n|upkeep\n|turn|14\n|\n|t:|1700348636\n|switch|p2a: Iron Valiant|Iron Valiant|78\/100\n|move|p1a: Corviknight|U-turn|p2a: Iron Valiant\n|-resisted|p2a: Iron Valiant\n|-damage|p2a: Iron Valiant|73\/100\n|j| Nanno x me\n|j| OuterDreams\n|inactive|Galarian Blades has 120 seconds left.\n|\n|t:|1700348666\n|switch|p1a: Medicham|Medicham, M|100\/100|[from] U-turn\n|\n|upkeep\n|turn|15\n|l| Nanno x me\n|j| apple_Juize\n|\n|t:|1700348692\n|-end|p2a: Iron Valiant|Quark Drive|[silent]\n|switch|p2a: Slowbro|Slowbro, F|100\/100\n|detailschange|p1a: Medicham|Medicham-Mega, M\n|-mega|p1a: Medicham|Medicham|Medichamite\n|move|p1a: Medicham|Fake Out|p2a: Slowbro\n|-damage|p2a: Slowbro|88\/100\n|\n|upkeep\n|turn|16\n|\n|t:|1700348700\n|switch|p1a: Weavile|Weavile, F|100\/100\n|-ability|p1a: Weavile|Pressure\n|move|p2a: Slowbro|Scald|p1a: Weavile\n|-damage|p1a: Weavile|65\/100\n|\n|upkeep\n|turn|17\n|\n|t:|1700348715\n|switch|p2a: Garganacl|Garganacl, M, tera:Water|98\/100\n|move|p1a: Weavile|Knock Off|p2a: Garganacl\n|-damage|p2a: Garganacl|53\/100\n|-enditem|p2a: Garganacl|Leftovers|[from] move: Knock Off|[of] p1a: Weavile\n|\n|upkeep\n|turn|18\n|j| ThePowerOfElectric\n|\n|t:|1700348726\n|switch|p1a: Tapu Koko|Tapu Koko|100\/100\n|-fieldstart|move: Electric Terrain|[from] ability: Electric Surge|[of] p1a: Tapu Koko\n|move|p2a: Garganacl|Recover|p2a: Garganacl\n|-heal|p2a: Garganacl|100\/100\n|\n|upkeep\n|turn|19\n|\n|t:|1700348732\n|switch|p2a: Gliscor|Gliscor, F|75\/100 tox\n|move|p1a: Tapu Koko|Dazzling Gleam|p2a: Gliscor\n|-damage|p2a: Gliscor|22\/100 tox\n|\n|-heal|p2a: Gliscor|35\/100 tox|[from] ability: Poison Heal\n|upkeep\n|turn|20\n|\n|t:|1700348740\n|switch|p2a: Garganacl|Garganacl, M, tera:Water|100\/100\n|move|p1a: Tapu Koko|Dazzling Gleam|p2a: Garganacl\n|-damage|p2a: Garganacl|69\/100\n|\n|upkeep\n|turn|21\n|\n|t:|1700348748\n|move|p1a: Tapu Koko|Dazzling Gleam|p2a: Garganacl\n|-damage|p2a: Garganacl|35\/100\n|move|p2a: Garganacl|Salt Cure|p1a: Tapu Koko\n|-damage|p1a: Tapu Koko|82\/100\n|-start|p1a: Tapu Koko|Salt Cure\n|\n|-damage|p1a: Tapu Koko|70\/100|[from] Salt Cure\n|upkeep\n|turn|22\n|\n|t:|1700348755\n|switch|p1a: Medicham|Medicham-Mega, M|100\/100\n|move|p2a: Garganacl|Recover|p2a: Garganacl\n|-heal|p2a: Garganacl|85\/100\n|\n|-fieldend|move: Electric Terrain\n|upkeep\n|turn|23\n|inactive|DarmanitanDLuffy has 120 seconds left.\n|\n|t:|1700348764\n|move|p1a: Medicham|Fake Out|p2a: Garganacl\n|-damage|p2a: Garganacl|71\/100\n|cant|p2a: Garganacl|flinch\n|\n|upkeep\n|turn|24\n|\n|t:|1700348768\n|move|p1a: Medicham|Close Combat|p2a: Garganacl\n|-damage|p2a: Garganacl|0 fnt\n|-unboost|p1a: Medicham|def|1\n|-unboost|p1a: Medicham|spd|1\n|faint|p2a: Garganacl\n|\n|upkeep\n|c|\u2606DarmanitanDLuffy|holy shit what\n|\n|t:|1700348778\n|switch|p2a: Garchomp|Garchomp, M|100\/100\n|turn|25\n|c| Potatofromsinnoh|darm use nuclear bomb\n|inactive|DarmanitanDLuffy has 120 seconds left.\n|c|\u2606DarmanitanDLuffy|im gonna double into hiroshima on this turn\n|l|#Sulo\n|\n|t:|1700348805\n|switch|p1a: Corviknight|Corviknight, M|23\/100\n|-ability|p1a: Corviknight|Pressure\n|move|p2a: Garchomp|Stealth Rock|p1a: Corviknight\n|-sidestart|p1: Galarian Blades|move: Stealth Rock\n|\n|upkeep\n|turn|26\n|inactive|DarmanitanDLuffy has 120 seconds left.\n|c| Potatofromsinnoh|holy shit\n|c| Potatofromsinnoh|he really did it\n|\n|t:|1700348826\n|-zpower|p2a: Garchomp\n|move|p2a: Garchomp|Devastating Drake|p1a: Corviknight|[zeffect]\n|-resisted|p1a: Corviknight\n|-damage|p1a: Corviknight|0 fnt\n|faint|p1a: Corviknight\n|\n|upkeep\n|c| Potatofromsinnoh|doubled into hiroshima\n|\n|t:|1700348833\n|switch|p1a: Weavile|Weavile, F|65\/100\n|-damage|p1a: Weavile|40\/100|[from] Stealth Rock\n|-ability|p1a: Weavile|Pressure\n|turn|27\n|c|\u2606DarmanitanDLuffy|rahhhhh no 6-0\n|inactive|DarmanitanDLuffy has 120 seconds left.\n|\n|t:|1700348841\n|move|p1a: Weavile|Triple Axel|p2a: Garchomp\n|-supereffective|p2a: Garchomp\n|-damage|p2a: Garchomp|42\/100\n|-damage|p1a: Weavile|28\/100|[from] ability: Rough Skin|[of] p2a: Garchomp\n|-supereffective|p2a: Garchomp\n|-damage|p2a: Garchomp|0 fnt\n|-damage|p1a: Weavile|15\/100|[from] ability: Rough Skin|[of] p2a: Garchomp\n|faint|p2a: Garchomp\n|-hitcount|p2: Garchomp|2\n|\n|upkeep\n|inactive|DarmanitanDLuffy has 120 seconds left.\n|\n|t:|1700348856\n|switch|p2a: Slowbro|Slowbro, F|100\/100\n|turn|28\n|\n|t:|1700348860\n|move|p1a: Weavile|Triple Axel|p2a: Slowbro\n|-resisted|p2a: Slowbro\n|-damage|p2a: Slowbro|96\/100\n|-resisted|p2a: Slowbro\n|-damage|p2a: Slowbro|87\/100\n|-resisted|p2a: Slowbro\n|-damage|p2a: Slowbro|75\/100\n|-hitcount|p2a: Slowbro|3\n|move|p2a: Slowbro|Future Sight|p1a: Weavile\n|-start|p2a: Slowbro|move: Future Sight\n|\n|upkeep\n|turn|29\n|\n|t:|1700348867\n|move|p1a: Weavile|Triple Axel|p2a: Slowbro\n|-resisted|p2a: Slowbro\n|-damage|p2a: Slowbro|70\/100\n|-resisted|p2a: Slowbro\n|-damage|p2a: Slowbro|62\/100\n|-resisted|p2a: Slowbro\n|-damage|p2a: Slowbro|48\/100\n|-hitcount|p2a: Slowbro|3\n|move|p2a: Slowbro|Scald|p1a: Weavile\n|-crit|p1a: Weavile\n|-damage|p1a: Weavile|0 fnt\n|faint|p1a: Weavile\n|\n|upkeep\n|\n|t:|1700348877\n|switch|p1a: Garchomp|Garchomp, M|100\/100\n|-damage|p1a: Garchomp|94\/100|[from] Stealth Rock\n|turn|30\n|\n|t:|1700348882\n|-zpower|p1a: Garchomp\n|move|p1a: Garchomp|Devastating Drake|p2a: Slowbro|[zeffect]\n|-damage|p2a: Slowbro|0 fnt\n|faint|p2a: Slowbro\n|\n|-end|p1a: Garchomp|move: Future Sight\n|-damage|p1a: Garchomp|51\/100\n|upkeep\n|c|\u2606Galarian Blades|i can defo still fuck it up\n|c|\u2606Galarian Blades|maybe not now\n|\n|t:|1700348891\n|switch|p2a: Iron Valiant|Iron Valiant|73\/100\n|turn|31\n|\n|t:|1700348904\n|move|p2a: Iron Valiant|Trick||[still]\n|-fail|p2a: Iron Valiant\n|move|p1a: Garchomp|Earthquake|p2a: Iron Valiant\n|-damage|p2a: Iron Valiant|1\/100\n|\n|upkeep\n|turn|32\n|\n|t:|1700348910\n|-end|p2a: Iron Valiant|Quark Drive|[silent]\n|switch|p2a: Gliscor|Gliscor, F|35\/100 tox\n|move|p1a: Garchomp|Stealth Rock|p2a: Gliscor\n|-sidestart|p2: DarmanitanDLuffy|move: Stealth Rock\n|\n|-heal|p2a: Gliscor|47\/100 tox|[from] ability: Poison Heal\n|upkeep\n|turn|33\n|c| Potatofromsinnoh|yung blud what wasa that\n|\n|t:|1700348916\n|move|p1a: Garchomp|Swords Dance|p1a: Garchomp\n|-boost|p1a: Garchomp|atk|2\n|move|p2a: Gliscor|Defog|p1a: Garchomp\n|-unboost|p1a: Garchomp|evasion|1\n|-sideend|p1: Galarian Blades|Stealth Rock|[from] move: Defog|[of] p2a: Gliscor\n|-sideend|p2: DarmanitanDLuffy|Stealth Rock|[from] move: Defog|[of] p2a: Gliscor\n|\n|-heal|p2a: Gliscor|60\/100 tox|[from] ability: Poison Heal\n|upkeep\n|turn|34\n|c|\u2606DarmanitanDLuffy|i thought he'd go pex\n|c| Potatofromsinnoh|bro youre cooked\n|c|\u2606DarmanitanDLuffy|and not sac chomp\n|c|\u2606DarmanitanDLuffy|i am cooked\n|\n|t:|1700348936\n|move|p1a: Garchomp|Earthquake|p2a: Gliscor\n|-immune|p2a: Gliscor\n|move|p2a: Gliscor|Toxic|p1a: Garchomp\n|-status|p1a: Garchomp|tox\n|\n|-damage|p1a: Garchomp|44\/100 tox|[from] psn\n|-heal|p2a: Gliscor|72\/100 tox|[from] ability: Poison Heal\n|upkeep\n|turn|35\n|j| Power Of Rock Spry\n|c| Power Of Rock Spry|GO DARMNAITANN\n|c|\u2606Galarian Blades|true\n|\n|t:|1700348952\n|move|p1a: Garchomp|Outrage|p2a: Gliscor\n|-damage|p2a: Gliscor|0 fnt\n|faint|p2a: Gliscor\n|\n|-damage|p1a: Garchomp|32\/100 tox|[from] psn\n|upkeep\n|\n|t:|1700348958\n|switch|p2a: Iron Valiant|Iron Valiant|1\/100\n|turn|36\n|c| Potatofromsinnoh|wait\n|c| Potatofromsinnoh|before you pick your moves\n|c| Potatofromsinnoh|darm\n|l| OuterDreams\n|c| Potatofromsinnoh|how much health does it have\n|inactive|DarmanitanDLuffy has 120 seconds left.\n|j| OuterDreams\n|c| apple_Juize|its already over\n|c|\u2606DarmanitanDLuffy|2\n|c| apple_Juize|tapu koko outspeeds\n|c| Potatofromsinnoh|i know\n|c|\u2606Galarian Blades|brother i have fake out bullet punch\n|c| Potatofromsinnoh|im just curious\n|c| Potatofromsinnoh|lmao\n|c|\u2606Galarian Blades|it was already over\n|c| prince5|unless you have tera ghost\n|c| Potatofromsinnoh|i was just asking because it was funny\n|inactive|DarmanitanDLuffy has 90 seconds left.\n|c| apple_Juize|he has bullet punch\n|c|\u2606DarmanitanDLuffy|i also die to rough skin here since it's band val with 3 contact moves and trick lol\n|c| apple_Juize|he says\n|\n|t:|1700349013\n|move|p2a: Iron Valiant|Ice Punch|p1a: Garchomp\n|-supereffective|p1a: Garchomp\n|-damage|p1a: Garchomp|0 fnt\n|-damage|p2a: Iron Valiant|0 fnt|[from] ability: Rough Skin|[of] p1a: Garchomp\n|faint|p1a: Garchomp\n|faint|p2a: Iron Valiant\n|-end|p2a: Iron Valiant|Quark Drive|[silent]\n|\n|win|Galarian Blades\n|n|\u2606Galarian Blades|galarianblades\n|n|\u2606DarmanitanDLuffy|darmanitandluffy\n|n| prince5|prince5\n|n| Klawf Up A Lung|klawfupalung\n|n| Potatofromsinnoh|potatofromsinnoh\n|n| apple_Juize|applejuize\n|n| ThePowerOfElectric|thepowerofelectric\n|n| Power Of Rock Spry|powerofrockspry\n|n| OuterDreams|outerdreams\n|c|\u2606DarmanitanDLuffy|ggwp\n|c|\u2606Galarian Blades|gg\n|c| Power Of Rock Spry|ggwp\n|l| Potatofromsinnoh\n|l| apple_Juize\n","uploadtime":1700349015,"views":15,"p1id":"galarianblades","p2id":"darmanitandluffy","formatid":"gen9nationaldex","rating":0,"private":0,"password":""}