{"id":"gen9nationaldex-2000374725","p1":"pezevenkhalaybasi","p2":"Ghostops","format":"[Gen 9] National Dex","log":"|html|<div class=\"broadcast-blue\"><strong>[Gen 9] National Dex is currently suspecting Sneasler! For information on how to participate check out the <a href=\"https:\/\/www.smogon.com\/forums\/threads\/sv-national-dex-suspect-8-just-dance.3731534\/\">suspect thread<\/a>.<\/strong><\/div>\n|j|\u2606pezevenkhalaybasi\n|j|\u2606Ghostops\n|t:|1701189469\n|gametype|singles\n|player|p1|pezevenkhalaybasi|guitarist-gen4|1168\n|player|p2|Ghostops|265|1069\n|teamsize|p1|6\n|teamsize|p2|6\n|gen|9\n|tier|[Gen 9] National Dex\n|rated|\n|rule|HP Percentage Mod: HP is shown in percentages\n|rule|Endless Battle Clause: Forcing endless battles is banned\n|rule|OHKO Clause: OHKO moves are banned\n|rule|Evasion Clause: Evasion abilities, items, and moves are banned\n|rule|Evasion Abilities Clause: Evasion abilities are banned\n|rule|Evasion Items Clause: Evasion items are banned\n|rule|Evasion Moves Clause: Evasion moves are banned\n|rule|Species Clause: Limit one of each Pok\u00e9mon\n|rule|Sleep Clause Mod: Limit one foe put to sleep\n|clearpoke\n|poke|p1|Arcanine, F|\n|poke|p1|Gyarados, F|\n|poke|p1|Rhydon, F|\n|poke|p1|Pidgeot, M|\n|poke|p1|Exeggutor, F|\n|poke|p1|Alakazam, M|\n|poke|p2|Espeon, M|\n|poke|p2|Flareon, F|\n|poke|p2|Umbreon, F|\n|poke|p2|Leafeon, M|\n|poke|p2|Jolteon, M|\n|poke|p2|Vaporeon, F|\n|teampreview\n|c|\u2606pezevenkhalaybasi|wow\n|c|\u2606pezevenkhalaybasi|eveelution team\n|c|\u2606Ghostops|og team love to see it\n|c|\u2606pezevenkhalaybasi|mine is blue s team\n|c|\u2606Ghostops|shit u right\n|c|\u2606pezevenkhalaybasi|\u0131 always try with eveelution team\n|c|\u2606pezevenkhalaybasi|good luck have fun\n|\n|t:|1701189541\n|start\n|switch|p1a: Rhydon|Rhydon, F|100\/100\n|switch|p2a: Umbreon|Umbreon, F, shiny|100\/100\n|turn|1\n|c|\u2606Ghostops|same 2 u\n|\n|t:|1701189552\n|move|p2a: Umbreon|Sunny Day|p2a: Umbreon\n|-weather|SunnyDay\n|move|p1a: Rhydon|Stealth Rock|p2a: Umbreon\n|-sidestart|p2: Ghostops|move: Stealth Rock\n|\n|-weather|SunnyDay|[upkeep]\n|upkeep\n|turn|2\n|\n|t:|1701189570\n|switch|p1a: Arcanine|Arcanine, F|100\/100\n|-ability|p1a: Arcanine|Intimidate|boost\n|-unboost|p2a: Umbreon|atk|1\n|move|p2a: Umbreon|Foul Play|p1a: Arcanine\n|-crit|p1a: Arcanine\n|-damage|p1a: Arcanine|31\/100\n|-damage|p2a: Umbreon|84\/100|[from] item: Rocky Helmet|[of] p1a: Arcanine\n|\n|-weather|SunnyDay|[upkeep]\n|-heal|p2a: Umbreon|90\/100|[from] item: Leftovers\n|upkeep\n|turn|3\n|\n|t:|1701189582\n|move|p1a: Arcanine|Morning Sun|p1a: Arcanine\n|-heal|p1a: Arcanine|98\/100\n|move|p2a: Umbreon|Foul Play|p1a: Arcanine\n|-damage|p1a: Arcanine|52\/100\n|-damage|p2a: Umbreon|73\/100|[from] item: Rocky Helmet|[of] p1a: Arcanine\n|\n|-weather|SunnyDay|[upkeep]\n|-heal|p2a: Umbreon|79\/100|[from] item: Leftovers\n|upkeep\n|turn|4\n|\n|t:|1701189592\n|move|p1a: Arcanine|Morning Sun|p1a: Arcanine\n|-heal|p1a: Arcanine|100\/100\n|move|p2a: Umbreon|Toxic|p1a: Arcanine\n|-status|p1a: Arcanine|tox\n|\n|-weather|SunnyDay|[upkeep]\n|-heal|p2a: Umbreon|85\/100|[from] item: Leftovers\n|-damage|p1a: Arcanine|94\/100 tox|[from] psn\n|upkeep\n|turn|5\n|\n|t:|1701189603\n|switch|p2a: Vaporeon|Vaporeon, F, shiny|100\/100\n|-damage|p2a: Vaporeon|88\/100|[from] Stealth Rock\n|move|p1a: Arcanine|Flare Blitz|p2a: Vaporeon\n|-resisted|p2a: Vaporeon\n|-damage|p2a: Vaporeon|42\/100\n|-damage|p1a: Arcanine|76\/100 tox|[from] Recoil\n|\n|-weather|none\n|-heal|p2a: Vaporeon|49\/100|[from] item: Leftovers\n|-damage|p1a: Arcanine|64\/100 tox|[from] psn\n|upkeep\n|turn|6\n|\n|t:|1701189614\n|move|p1a: Arcanine|Wild Charge|p2a: Vaporeon\n|-supereffective|p2a: Vaporeon\n|-damage|p2a: Vaporeon|0 fnt\n|faint|p2a: Vaporeon\n|-damage|p1a: Arcanine|49\/100 tox|[from] Recoil\n|\n|-damage|p1a: Arcanine|30\/100 tox|[from] psn\n|upkeep\n|\n|t:|1701189624\n|switch|p2a: Espeon|Espeon, M, shiny|100\/100\n|-damage|p2a: Espeon|88\/100|[from] Stealth Rock\n|turn|7\n|\n|t:|1701189632\n|switch|p1a: Exeggutor|Exeggutor, F|100\/100\n|move|p2a: Espeon|Psychic|p1a: Exeggutor\n|-resisted|p1a: Exeggutor\n|-damage|p1a: Exeggutor|73\/100\n|\n|upkeep\n|turn|8\n|\n|t:|1701189642\n|move|p2a: Espeon|Shadow Ball|p1a: Exeggutor\n|-supereffective|p1a: Exeggutor\n|-damage|p1a: Exeggutor|0 fnt\n|faint|p1a: Exeggutor\n|\n|upkeep\n|\n|t:|1701189666\n|switch|p1a: Rhydon|Rhydon, F|100\/100\n|turn|9\n|\n|t:|1701189671\n|switch|p2a: Leafeon|Leafeon, M, shiny|100\/100\n|move|p1a: Rhydon|Earthquake|p2a: Leafeon\n|-resisted|p2a: Leafeon\n|-crit|p2a: Leafeon\n|-damage|p2a: Leafeon|63\/100\n|\n|upkeep\n|turn|10\n|\n|t:|1701189682\n|switch|p1a: Arcanine|Arcanine, F|30\/100 tox\n|-ability|p1a: Arcanine|Intimidate|boost\n|-unboost|p2a: Leafeon|atk|1\n|move|p2a: Leafeon|Leaf Blade|p1a: Arcanine\n|-resisted|p1a: Arcanine\n|-damage|p1a: Arcanine|14\/100 tox\n|-damage|p2a: Leafeon|46\/100|[from] item: Rocky Helmet|[of] p1a: Arcanine\n|\n|-damage|p1a: Arcanine|8\/100 tox|[from] psn\n|upkeep\n|turn|11\n|\n|t:|1701189696\n|move|p1a: Arcanine|Extreme Speed|p2a: Leafeon\n|-damage|p2a: Leafeon|23\/100\n|move|p2a: Leafeon|Quick Attack|p1a: Arcanine\n|-damage|p1a: Arcanine|0 fnt\n|-damage|p2a: Leafeon|7\/100|[from] item: Rocky Helmet|[of] p1a: Arcanine\n|faint|p1a: Arcanine\n|\n|upkeep\n|\n|t:|1701189710\n|switch|p1a: Pidgeot|Pidgeot, M|100\/100\n|turn|12\n|\n|t:|1701189718\n|switch|p2a: Umbreon|Umbreon, F, shiny|85\/100\n|-damage|p2a: Umbreon|73\/100|[from] Stealth Rock\n|detailschange|p1a: Pidgeot|Pidgeot-Mega, M\n|-mega|p1a: Pidgeot|Pidgeot|Pidgeotite\n|move|p1a: Pidgeot|Hurricane|p2a: Umbreon\n|-damage|p2a: Umbreon|31\/100\n|\n|-heal|p2a: Umbreon|37\/100|[from] item: Leftovers\n|upkeep\n|turn|13\n|\n|t:|1701189732\n|move|p1a: Pidgeot|U-turn|p2a: Umbreon\n|-supereffective|p2a: Umbreon\n|-damage|p2a: Umbreon|20\/100\n|\n|t:|1701189743\n|switch|p1a: Gyarados|Gyarados, F|100\/100|[from] U-turn\n|move|p2a: Umbreon|Toxic|p1a: Gyarados\n|-status|p1a: Gyarados|tox\n|\n|-heal|p2a: Umbreon|26\/100|[from] item: Leftovers\n|-damage|p1a: Gyarados|94\/100 tox|[from] psn\n|upkeep\n|turn|14\n|\n|t:|1701189765\n|move|p2a: Umbreon|Foul Play|p1a: Gyarados\n|-damage|p1a: Gyarados|53\/100 tox\n|move|p1a: Gyarados|Dragon Tail|p2a: Umbreon\n|-damage|p2a: Umbreon|14\/100\n|drag|p2a: Espeon|Espeon, M, shiny|88\/100\n|-damage|p2a: Espeon|75\/100|[from] Stealth Rock\n|\n|-heal|p1a: Gyarados|59\/100 tox|[from] item: Leftovers\n|-damage|p1a: Gyarados|46\/100 tox|[from] psn\n|upkeep\n|turn|15\n|\n|t:|1701189777\n|move|p2a: Espeon|Psychic|p1a: Gyarados\n|-damage|p1a: Gyarados|12\/100 tox\n|move|p1a: Gyarados|Waterfall|p2a: Espeon\n|-damage|p2a: Espeon|7\/100\n|\n|-heal|p1a: Gyarados|18\/100 tox|[from] item: Leftovers\n|-damage|p1a: Gyarados|0 fnt|[from] psn\n|faint|p1a: Gyarados\n|upkeep\n|\n|t:|1701189797\n|switch|p1a: Rhydon|Rhydon, F|100\/100\n|turn|16\n|\n|t:|1701189803\n|move|p2a: Espeon|Psychic|p1a: Rhydon\n|-damage|p1a: Rhydon|56\/100\n|move|p1a: Rhydon|Earthquake|p2a: Espeon\n|-damage|p2a: Espeon|0 fnt\n|faint|p2a: Espeon\n|\n|upkeep\n|\n|t:|1701189811\n|switch|p2a: Leafeon|Leafeon, M, shiny|7\/100\n|turn|17\n|\n|t:|1701189825\n|move|p2a: Leafeon|Leaf Blade|p1a: Rhydon\n|-supereffective|p1a: Rhydon\n|-crit|p1a: Rhydon\n|-damage|p1a: Rhydon|0 fnt\n|faint|p1a: Rhydon\n|\n|upkeep\n|\n|t:|1701189832\n|switch|p1a: Pidgeot|Pidgeot-Mega, M|100\/100\n|turn|18\n|\n|t:|1701189841\n|move|p2a: Leafeon|Quick Attack|p1a: Pidgeot\n|-damage|p1a: Pidgeot|84\/100\n|move|p1a: Pidgeot|U-turn|p2a: Leafeon\n|-supereffective|p2a: Leafeon\n|-crit|p2a: Leafeon\n|-damage|p2a: Leafeon|0 fnt\n|faint|p2a: Leafeon\n|\n|t:|1701189848\n|switch|p1a: Alakazam|Alakazam, M|100\/100|[from] U-turn\n|\n|upkeep\n|\n|t:|1701189855\n|switch|p2a: Umbreon|Umbreon, F, shiny|14\/100\n|-damage|p2a: Umbreon|1\/100|[from] Stealth Rock\n|turn|19\n|\n|t:|1701189874\n|-terastallize|p1a: Alakazam|Fairy\n|move|p1a: Alakazam|Dazzling Gleam|p2a: Umbreon\n|-supereffective|p2a: Umbreon\n|-damage|p2a: Umbreon|0 fnt\n|faint|p2a: Umbreon\n|\n|upkeep\n|\n|t:|1701189879\n|switch|p2a: Flareon|Flareon, F, shiny|100\/100\n|-damage|p2a: Flareon|75\/100|[from] Stealth Rock\n|turn|20\n|\n|t:|1701189889\n|switch|p1a: Pidgeot|Pidgeot-Mega, M|84\/100\n|move|p2a: Flareon|Flare Blitz|p1a: Pidgeot\n|-damage|p1a: Pidgeot|0 fnt\n|faint|p1a: Pidgeot\n|-damage|p2a: Flareon|45\/100|[from] Recoil\n|\n|-status|p2a: Flareon|tox|[from] item: Toxic Orb\n|upkeep\n|\n|t:|1701189900\n|switch|p1a: Alakazam|Alakazam, M, tera:Fairy|100\/100\n|turn|21\n|\n|t:|1701189921\n|move|p1a: Alakazam|Psychic|p2a: Flareon\n|-damage|p2a: Flareon|0 fnt\n|faint|p2a: Flareon\n|\n|upkeep\n|\n|t:|1701189925\n|switch|p2a: Jolteon|Jolteon, M, shiny|100\/100\n|-damage|p2a: Jolteon|88\/100|[from] Stealth Rock\n|turn|22\n|\n|t:|1701189930\n|move|p2a: Jolteon|Thunderbolt|p1a: Alakazam\n|-damage|p1a: Alakazam|51\/100\n|move|p1a: Alakazam|Psychic|p2a: Jolteon\n|-damage|p2a: Jolteon|0 fnt\n|faint|p2a: Jolteon\n|\n|win|pezevenkhalaybasi\n|raw|pezevenkhalaybasi's rating: 1168 &rarr; <strong>1186<\/strong><br \/>(+18 for winning)\n|raw|Ghostops's rating: 1069 &rarr; <strong>1054<\/strong><br \/>(-15 for losing)\n|c|\u2606Ghostops|gg\n|c|\u2606pezevenkhalaybasi|gg\n","uploadtime":1701189944,"views":7,"p1id":"pezevenkhalaybasi","p2id":"ghostops","formatid":"gen9nationaldex","rating":1054,"private":0,"password":""}