{"id":"gen9nationaldex-1996019769","p1":"wind233","p2":"ghostkinggengar","format":"[Gen 9] National Dex","log":"|html|<div class=\"broadcast-blue\"><strong>[Gen 9] National Dex is currently suspecting Sneasler! For information on how to participate check out the <a href=\"https:\/\/www.smogon.com\/forums\/threads\/sv-national-dex-suspect-8-just-dance.3731534\/\">suspect thread<\/a>.<\/strong><\/div>\n|j|\u2606wind233\n|j|\u2606ghostkinggengar\n|t:|1700630352\n|gametype|singles\n|player|p1|wind233|dawn|1686\n|player|p2|ghostkinggengar|swimmerf|1790\n|teamsize|p1|6\n|teamsize|p2|6\n|gen|9\n|tier|[Gen 9] National Dex\n|rated|\n|rule|HP Percentage Mod: HP is shown in percentages\n|rule|Endless Battle Clause: Forcing endless battles is banned\n|rule|OHKO Clause: OHKO moves are banned\n|rule|Evasion Clause: Evasion abilities, items, and moves are banned\n|rule|Evasion Abilities Clause: Evasion abilities are banned\n|rule|Evasion Items Clause: Evasion items are banned\n|rule|Evasion Moves Clause: Evasion moves are banned\n|rule|Species Clause: Limit one of each Pok\u00e9mon\n|rule|Sleep Clause Mod: Limit one foe put to sleep\n|clearpoke\n|poke|p1|Zapdos|\n|poke|p1|Ogerpon-Wellspring, F|\n|poke|p1|Scizor, M|\n|poke|p1|Cinderace, F|\n|poke|p1|Sandy Shocks|\n|poke|p1|Primarina, M|\n|poke|p2|Slowbro, F|\n|poke|p2|Ursaluna, M|\n|poke|p2|Blacephalon|\n|poke|p2|Gyarados, F|\n|poke|p2|Empoleon, M|\n|poke|p2|Garchomp, M|\n|teampreview\n|inactive|Battle timer is ON: inactive players will automatically lose when time's up. (requested by ghostkinggengar)\n|\n|t:|1700630361\n|start\n|switch|p1a: \u66b4\u98ce\u6c38\u4e0dmiss|Zapdos|100\/100\n|switch|p2a: Garchomp|Garchomp, M|100\/100\n|turn|1\n|\n|t:|1700630366\n|move|p2a: Garchomp|Stealth Rock|p1a: \u66b4\u98ce\u6c38\u4e0dmiss\n|-sidestart|p1: wind233|move: Stealth Rock\n|-zpower|p1a: \u66b4\u98ce\u6c38\u4e0dmiss\n|move|p1a: \u66b4\u98ce\u6c38\u4e0dmiss|Supersonic Skystrike|p2a: Garchomp|[zeffect]\n|-damage|p2a: Garchomp|0 fnt\n|faint|p2a: Garchomp\n|\n|upkeep\n|\n|t:|1700630380\n|switch|p2a: Blacephalon|Blacephalon|100\/100\n|turn|2\n|\n|t:|1700630385\n|move|p2a: Blacephalon|Shadow Ball|p1a: \u66b4\u98ce\u6c38\u4e0dmiss\n|-damage|p1a: \u66b4\u98ce\u6c38\u4e0dmiss|57\/100\n|move|p1a: \u66b4\u98ce\u6c38\u4e0dmiss|U-turn|p2a: Blacephalon\n|-resisted|p2a: Blacephalon\n|-damage|p2a: Blacephalon|93\/100\n|\n|t:|1700630394\n|switch|p1a: \u5e05\u54e5\u7ed9\u4e2a\u673a\u4f1a|Sandy Shocks|100\/100|[from] U-turn\n|-damage|p1a: \u5e05\u54e5\u7ed9\u4e2a\u673a\u4f1a|94\/100|[from] Stealth Rock\n|-enditem|p1a: \u5e05\u54e5\u7ed9\u4e2a\u673a\u4f1a|Booster Energy\n|-activate|p1a: \u5e05\u54e5\u7ed9\u4e2a\u673a\u4f1a|ability: Protosynthesis|[fromitem]\n|-start|p1a: \u5e05\u54e5\u7ed9\u4e2a\u673a\u4f1a|protosynthesisspe\n|\n|upkeep\n|turn|3\n|j| nacknom\n|\n|t:|1700630418\n|move|p2a: Blacephalon|Shadow Ball|p1a: \u5e05\u54e5\u7ed9\u4e2a\u673a\u4f1a\n|-crit|p1a: \u5e05\u54e5\u7ed9\u4e2a\u673a\u4f1a\n|-damage|p1a: \u5e05\u54e5\u7ed9\u4e2a\u673a\u4f1a|9\/100\n|move|p1a: \u5e05\u54e5\u7ed9\u4e2a\u673a\u4f1a|Earth Power|p2a: Blacephalon\n|-supereffective|p2a: Blacephalon\n|-crit|p2a: Blacephalon\n|-damage|p2a: Blacephalon|0 fnt\n|faint|p2a: Blacephalon\n|\n|upkeep\n|inactive|ghostkinggengar has 120 seconds left.\n|\n|t:|1700630439\n|switch|p2a: Slowbro|Slowbro, F|100\/100\n|turn|4\n|inactive|ghostkinggengar has 120 seconds left.\n|\n|t:|1700630445\n|-terastallize|p2a: Slowbro|Fairy\n|move|p1a: \u5e05\u54e5\u7ed9\u4e2a\u673a\u4f1a|Thunderbolt|p2a: Slowbro\n|-damage|p2a: Slowbro|57\/100\n|move|p2a: Slowbro|Trick Room|p2a: Slowbro\n|-fieldstart|move: Trick Room|[of] p2a: Slowbro\n|\n|upkeep\n|turn|5\n|\n|t:|1700630451\n|move|p1a: \u5e05\u54e5\u7ed9\u4e2a\u673a\u4f1a|Thunderbolt|p2a: Slowbro\n|-damage|p2a: Slowbro|15\/100\n|move|p2a: Slowbro|Teleport|p2a: Slowbro\n|\n|t:|1700630454\n|switch|p2a: Ursaluna|Ursaluna, M|100\/100|[from] Teleport\n|\n|-status|p2a: Ursaluna|brn|[from] item: Flame Orb\n|upkeep\n|turn|6\n|\n|t:|1700630461\n|move|p2a: Ursaluna|Facade|p1a: \u5e05\u54e5\u7ed9\u4e2a\u673a\u4f1a\n|-damage|p1a: \u5e05\u54e5\u7ed9\u4e2a\u673a\u4f1a|0 fnt\n|faint|p1a: \u5e05\u54e5\u7ed9\u4e2a\u673a\u4f1a\n|-end|p1a: \u5e05\u54e5\u7ed9\u4e2a\u673a\u4f1a|Protosynthesis|[silent]\n|\n|-damage|p2a: Ursaluna|94\/100 brn|[from] brn\n|upkeep\n|j| KoKoual\n|\n|t:|1700630474\n|switch|p1a: \u4e0d\u6f14\u738b\u724c|Cinderace, F|100\/100\n|turn|7\n|j| hainiumm\n|\n|t:|1700630479\n|move|p2a: Ursaluna|Facade|p1a: \u4e0d\u6f14\u738b\u724c\n|-crit|p1a: \u4e0d\u6f14\u738b\u724c\n|-damage|p1a: \u4e0d\u6f14\u738b\u724c|0 fnt\n|faint|p1a: \u4e0d\u6f14\u738b\u724c\n|\n|-damage|p2a: Ursaluna|88\/100 brn|[from] brn\n|upkeep\n|\n|t:|1700630487\n|switch|p1a: \u4f60\u5c31\u662f\u6b4c\u59ec\u5427|Primarina, M|100\/100\n|-damage|p1a: \u4f60\u5c31\u662f\u6b4c\u59ec\u5427|88\/100|[from] Stealth Rock\n|turn|8\n|\n|t:|1700630491\n|-terastallize|p1a: \u4f60\u5c31\u662f\u6b4c\u59ec\u5427|Ghost\n|move|p2a: Ursaluna|Facade|p1a: \u4f60\u5c31\u662f\u6b4c\u59ec\u5427\n|-immune|p1a: \u4f60\u5c31\u662f\u6b4c\u59ec\u5427\n|move|p1a: \u4f60\u5c31\u662f\u6b4c\u59ec\u5427|Hyper Voice|p2a: Ursaluna\n|-supereffective|p2a: Ursaluna\n|-damage|p2a: Ursaluna|0 fnt\n|faint|p2a: Ursaluna\n|\n|-heal|p1a: \u4f60\u5c31\u662f\u6b4c\u59ec\u5427|94\/100|[from] item: Leftovers\n|-fieldend|move: Trick Room\n|upkeep\n|\n|t:|1700630501\n|switch|p2a: Gyarados|Gyarados, F|100\/100\n|-ability|p2a: Gyarados|Intimidate|boost\n|-unboost|p1a: \u4f60\u5c31\u662f\u6b4c\u59ec\u5427|atk|1\n|turn|9\n|\n|t:|1700630513\n|switch|p1a: \u66b4\u98ce\u6c38\u4e0dmiss|Zapdos|57\/100\n|-damage|p1a: \u66b4\u98ce\u6c38\u4e0dmiss|33\/100|[from] Stealth Rock\n|move|p2a: Gyarados|Dragon Dance|p2a: Gyarados\n|-boost|p2a: Gyarados|atk|1\n|-boost|p2a: Gyarados|spe|1\n|\n|upkeep\n|turn|10\n|c|\u2606ghostkinggengar|\u4e0d\u9ebb \u6211\u597d\u50cf\u8fd8\u6709\u673a\u4f1a \u54c8\u54c8\n|inactive|ghostkinggengar has 120 seconds left.\n|\n|t:|1700630544\n|detailschange|p2a: Gyarados|Gyarados-Mega, F\n|-mega|p2a: Gyarados|Gyarados|Gyaradosite\n|-ability|p2a: Gyarados|Mold Breaker\n|move|p2a: Gyarados|Crunch|p1a: \u66b4\u98ce\u6c38\u4e0dmiss\n|-damage|p1a: \u66b4\u98ce\u6c38\u4e0dmiss|0 fnt\n|-status|p2a: Gyarados|par|[from] ability: Static|[of] p1a: \u66b4\u98ce\u6c38\u4e0dmiss\n|faint|p1a: \u66b4\u98ce\u6c38\u4e0dmiss\n|\n|upkeep\n|c|\u2606ghostkinggengar|\u54c8\u54c8\u54c8\u54c8\n|c|\u2606ghostkinggengar|gg\n|c|\u2606wind233|\u597d\u597d\u597d\n|c|\u2606ghostkinggengar|\u7b11\u6b7b\n|c|\u2606wind233|100%\u9ebb\u75f9\u5c5e\u4e8e\u662f\n|c|\u2606ghostkinggengar|\u63d0\u524d\u7acb\u4e2aflag 2333333\n|inactive|wind233 has 120 seconds left.\n|c|\u2606wind233|\u4e0d\u9ebb\u8fd9\u628a\u6211\u5c31\u6ca1\u4e86\n|\n|t:|1700630581\n|switch|p1a: \u7ed9\u4ed6\u68d2\u68d2|Ogerpon-Wellspring, F|100\/100\n|-damage|p1a: \u7ed9\u4ed6\u68d2\u68d2|88\/100|[from] Stealth Rock\n|turn|11\n|c|\u2606ghostkinggengar|\u4e5f\u4e0d\u4e00\u5b9a\n|c|\u2606ghostkinggengar|\u9e1f\u54e5\u7acb\u5927\u529f\n|inactive|ghostkinggengar has 120 seconds left.\n|\n|t:|1700630598\n|move|p1a: \u7ed9\u4ed6\u68d2\u68d2|Horn Leech|p2a: Gyarados\n|-supereffective|p2a: Gyarados\n|-damage|p2a: Gyarados|10\/100 par\n|-heal|p1a: \u7ed9\u4ed6\u68d2\u68d2|100\/100|[from] drain|[of] p2a: Gyarados\n|move|p2a: Gyarados|Crunch|p1a: \u7ed9\u4ed6\u68d2\u68d2\n|-damage|p1a: \u7ed9\u4ed6\u68d2\u68d2|0 fnt\n|faint|p1a: \u7ed9\u4ed6\u68d2\u68d2\n|\n|upkeep\n|c|\u2606wind233|\u96c0\u98df\n|\n|t:|1700630606\n|switch|p1a: \u9664\u4e86\u80fd\u625b\uff0c\u4e00\u65e0\u662f\u5904|Scizor, M|100\/100\n|-damage|p1a: \u9664\u4e86\u80fd\u625b\uff0c\u4e00\u65e0\u662f\u5904|88\/100|[from] Stealth Rock\n|turn|12\n|\n|t:|1700630614\n|switch|p2a: Slowbro|Slowbro, F, tera:Fairy|48\/100\n|detailschange|p1a: \u9664\u4e86\u80fd\u625b\uff0c\u4e00\u65e0\u662f\u5904|Scizor-Mega, M\n|-mega|p1a: \u9664\u4e86\u80fd\u625b\uff0c\u4e00\u65e0\u662f\u5904|Scizor|Scizorite\n|move|p1a: \u9664\u4e86\u80fd\u625b\uff0c\u4e00\u65e0\u662f\u5904|Bullet Punch|p2a: Slowbro\n|-supereffective|p2a: Slowbro\n|-damage|p2a: Slowbro|13\/100\n|-damage|p1a: \u9664\u4e86\u80fd\u625b\uff0c\u4e00\u65e0\u662f\u5904|72\/100|[from] item: Rocky Helmet|[of] p2a: Slowbro\n|\n|upkeep\n|turn|13\n|\n|t:|1700630624\n|switch|p2a: Empoleon|Empoleon, M|100\/100\n|move|p1a: \u9664\u4e86\u80fd\u625b\uff0c\u4e00\u65e0\u662f\u5904|Bullet Punch|p2a: Empoleon\n|-resisted|p2a: Empoleon\n|-damage|p2a: Empoleon|93\/100\n|\n|-heal|p2a: Empoleon|99\/100|[from] item: Leftovers\n|upkeep\n|turn|14\n|\n|t:|1700630631\n|switch|p1a: \u4f60\u5c31\u662f\u6b4c\u59ec\u5427|Primarina, M, tera:Ghost|94\/100\n|-damage|p1a: \u4f60\u5c31\u662f\u6b4c\u59ec\u5427|82\/100|[from] Stealth Rock\n|move|p2a: Empoleon|Scald|p1a: \u4f60\u5c31\u662f\u6b4c\u59ec\u5427\n|-damage|p1a: \u4f60\u5c31\u662f\u6b4c\u59ec\u5427|52\/100\n|\n|-heal|p1a: \u4f60\u5c31\u662f\u6b4c\u59ec\u5427|58\/100|[from] item: Leftovers\n|-heal|p2a: Empoleon|100\/100|[from] item: Leftovers\n|upkeep\n|turn|15\n|\n|t:|1700630641\n|move|p1a: \u4f60\u5c31\u662f\u6b4c\u59ec\u5427|Shadow Ball|p2a: Empoleon\n|-damage|p2a: Empoleon|71\/100\n|move|p2a: Empoleon|Scald|p1a: \u4f60\u5c31\u662f\u6b4c\u59ec\u5427\n|-damage|p1a: \u4f60\u5c31\u662f\u6b4c\u59ec\u5427|28\/100\n|\n|-heal|p1a: \u4f60\u5c31\u662f\u6b4c\u59ec\u5427|34\/100|[from] item: Leftovers\n|-heal|p2a: Empoleon|78\/100|[from] item: Leftovers\n|upkeep\n|turn|16\n|l| KoKoual\n|\n|t:|1700630651\n|move|p1a: \u4f60\u5c31\u662f\u6b4c\u59ec\u5427|Shadow Ball|p2a: Empoleon\n|-damage|p2a: Empoleon|50\/100\n|move|p2a: Empoleon|Roost|p2a: Empoleon\n|-heal|p2a: Empoleon|99\/100\n|-singleturn|p2a: Empoleon|move: Roost\n|\n|-heal|p1a: \u4f60\u5c31\u662f\u6b4c\u59ec\u5427|40\/100|[from] item: Leftovers\n|-heal|p2a: Empoleon|100\/100|[from] item: Leftovers\n|upkeep\n|turn|17\n|c|\u2606wind233|\u611f\u89c9\u53c8\u8981\u5bc4\u4e86\n|c|\u2606ghostkinggengar|\u4f60\u4e0d\u662f\u51a5\u60f3\u7684\u5bf9\u5427\n|\n|t:|1700630664\n|move|p1a: \u4f60\u5c31\u662f\u6b4c\u59ec\u5427|Shadow Ball|p2a: Empoleon\n|-damage|p2a: Empoleon|70\/100\n|move|p2a: Empoleon|Scald|p1a: \u4f60\u5c31\u662f\u6b4c\u59ec\u5427\n|-damage|p1a: \u4f60\u5c31\u662f\u6b4c\u59ec\u5427|9\/100\n|\n|-heal|p1a: \u4f60\u5c31\u662f\u6b4c\u59ec\u5427|15\/100|[from] item: Leftovers\n|-heal|p2a: Empoleon|77\/100|[from] item: Leftovers\n|upkeep\n|turn|18\n|l| nacknom\n|\n|t:|1700630673\n|move|p1a: \u4f60\u5c31\u662f\u6b4c\u59ec\u5427|Shadow Ball|p2a: Empoleon\n|-crit|p2a: Empoleon\n|-damage|p2a: Empoleon|35\/100\n|move|p2a: Empoleon|Roost|p2a: Empoleon\n|-heal|p2a: Empoleon|85\/100\n|-singleturn|p2a: Empoleon|move: Roost\n|\n|-heal|p1a: \u4f60\u5c31\u662f\u6b4c\u59ec\u5427|21\/100|[from] item: Leftovers\n|-heal|p2a: Empoleon|91\/100|[from] item: Leftovers\n|upkeep\n|turn|19\n|c|\u2606wind233|\u6ca1\u6709\u51a5\u60f3\n|c|\u2606wind233|\u96be\u53d7\n|\n|t:|1700630685\n|move|p1a: \u4f60\u5c31\u662f\u6b4c\u59ec\u5427|Shadow Ball|p2a: Empoleon\n|-damage|p2a: Empoleon|61\/100\n|move|p2a: Empoleon|Scald|p1a: \u4f60\u5c31\u662f\u6b4c\u59ec\u5427\n|-damage|p1a: \u4f60\u5c31\u662f\u6b4c\u59ec\u5427|0 fnt\n|faint|p1a: \u4f60\u5c31\u662f\u6b4c\u59ec\u5427\n|\n|-heal|p2a: Empoleon|67\/100|[from] item: Leftovers\n|upkeep\n|\n|t:|1700630689\n|switch|p1a: \u9664\u4e86\u80fd\u625b\uff0c\u4e00\u65e0\u662f\u5904|Scizor-Mega, M|72\/100\n|-damage|p1a: \u9664\u4e86\u80fd\u625b\uff0c\u4e00\u65e0\u662f\u5904|59\/100|[from] Stealth Rock\n|turn|20\n|c|\u2606ghostkinggengar|\u90a3\u597d\u50cf\u4e0d\u592a\u5bb9\u6613\u7834\u4f01\u9e45\u4e86\n|\n|t:|1700630705\n|move|p1a: \u9664\u4e86\u80fd\u625b\uff0c\u4e00\u65e0\u662f\u5904|Dual Wingbeat|p2a: Empoleon\n|-resisted|p2a: Empoleon\n|-damage|p2a: Empoleon|57\/100\n|-resisted|p2a: Empoleon\n|-damage|p2a: Empoleon|47\/100\n|-hitcount|p2a: Empoleon|2\n|move|p2a: Empoleon|Scald|p1a: \u9664\u4e86\u80fd\u625b\uff0c\u4e00\u65e0\u662f\u5904\n|-damage|p1a: \u9664\u4e86\u80fd\u625b\uff0c\u4e00\u65e0\u662f\u5904|39\/100\n|\n|-heal|p2a: Empoleon|53\/100|[from] item: Leftovers\n|upkeep\n|turn|21\n|c|\u2606wind233|\u662f\u7684\n|\n|t:|1700630714\n|move|p1a: \u9664\u4e86\u80fd\u625b\uff0c\u4e00\u65e0\u662f\u5904|Dual Wingbeat|p2a: Empoleon\n|-resisted|p2a: Empoleon\n|-damage|p2a: Empoleon|44\/100\n|-resisted|p2a: Empoleon\n|-damage|p2a: Empoleon|33\/100\n|-hitcount|p2a: Empoleon|2\n|move|p2a: Empoleon|Roost|p2a: Empoleon\n|-heal|p2a: Empoleon|83\/100\n|-singleturn|p2a: Empoleon|move: Roost\n|\n|-heal|p2a: Empoleon|89\/100|[from] item: Leftovers\n|upkeep\n|turn|22\n|\n|t:|1700630721\n|move|p1a: \u9664\u4e86\u80fd\u625b\uff0c\u4e00\u65e0\u662f\u5904|Roost|p1a: \u9664\u4e86\u80fd\u625b\uff0c\u4e00\u65e0\u662f\u5904\n|-heal|p1a: \u9664\u4e86\u80fd\u625b\uff0c\u4e00\u65e0\u662f\u5904|89\/100\n|-singleturn|p1a: \u9664\u4e86\u80fd\u625b\uff0c\u4e00\u65e0\u662f\u5904|move: Roost\n|move|p2a: Empoleon|Scald|p1a: \u9664\u4e86\u80fd\u625b\uff0c\u4e00\u65e0\u662f\u5904\n|-damage|p1a: \u9664\u4e86\u80fd\u625b\uff0c\u4e00\u65e0\u662f\u5904|67\/100\n|\n|-heal|p2a: Empoleon|96\/100|[from] item: Leftovers\n|upkeep\n|turn|23\n|c|\u2606wind233|\u8f93\u4e86\uff0c\u5509\n|\n|t:|1700630735\n|move|p1a: \u9664\u4e86\u80fd\u625b\uff0c\u4e00\u65e0\u662f\u5904|Dual Wingbeat|p2a: Empoleon\n|-resisted|p2a: Empoleon\n|-damage|p2a: Empoleon|87\/100\n|-resisted|p2a: Empoleon\n|-damage|p2a: Empoleon|76\/100\n|-hitcount|p2a: Empoleon|2\n|move|p2a: Empoleon|Scald|p1a: \u9664\u4e86\u80fd\u625b\uff0c\u4e00\u65e0\u662f\u5904\n|-damage|p1a: \u9664\u4e86\u80fd\u625b\uff0c\u4e00\u65e0\u662f\u5904|46\/100\n|\n|-heal|p2a: Empoleon|82\/100|[from] item: Leftovers\n|upkeep\n|turn|24\n|\n|t:|1700630742\n|move|p1a: \u9664\u4e86\u80fd\u625b\uff0c\u4e00\u65e0\u662f\u5904|Dual Wingbeat|p2a: Empoleon\n|-resisted|p2a: Empoleon\n|-damage|p2a: Empoleon|72\/100\n|-resisted|p2a: Empoleon\n|-damage|p2a: Empoleon|62\/100\n|-hitcount|p2a: Empoleon|2\n|move|p2a: Empoleon|Scald|p1a: \u9664\u4e86\u80fd\u625b\uff0c\u4e00\u65e0\u662f\u5904\n|-damage|p1a: \u9664\u4e86\u80fd\u625b\uff0c\u4e00\u65e0\u662f\u5904|26\/100\n|-status|p1a: \u9664\u4e86\u80fd\u625b\uff0c\u4e00\u65e0\u662f\u5904|brn\n|\n|-heal|p2a: Empoleon|68\/100|[from] item: Leftovers\n|-damage|p1a: \u9664\u4e86\u80fd\u625b\uff0c\u4e00\u65e0\u662f\u5904|20\/100 brn|[from] brn\n|upkeep\n|turn|25\n|\n|t:|1700630754\n|move|p1a: \u9664\u4e86\u80fd\u625b\uff0c\u4e00\u65e0\u662f\u5904|U-turn|p2a: Empoleon\n|-resisted|p2a: Empoleon\n|-damage|p2a: Empoleon|59\/100\n|move|p2a: Empoleon|Scald|p1a: \u9664\u4e86\u80fd\u625b\uff0c\u4e00\u65e0\u662f\u5904\n|-damage|p1a: \u9664\u4e86\u80fd\u625b\uff0c\u4e00\u65e0\u662f\u5904|0 fnt\n|faint|p1a: \u9664\u4e86\u80fd\u625b\uff0c\u4e00\u65e0\u662f\u5904\n|\n|win|ghostkinggengar\n|raw|wind233's rating: 1686 &rarr; <strong>1672<\/strong><br \/>(-14 for losing)\n|raw|ghostkinggengar's rating: 1790 &rarr; <strong>1804<\/strong><br \/>(+14 for winning)\n|c|\u2606ghostkinggengar|\u55ef\n|c|\u2606ghostkinggengar|gg\n|l|\u2606wind233\n|c|\u2606ghostkinggengar|\u4ee5\u540e\u518d\u5207\u78cb\n","uploadtime":1700630801,"views":0,"p1id":"wind233","p2id":"ghostkinggengar","formatid":"gen9nationaldex","rating":1672,"private":0,"password":""}