{"id":"gen9nationaldex-1993917518","p1":"Bookmasterharry","p2":"GHollow","format":"[Gen 9] National Dex","log":"|j|\u2606Bookmasterharry\n|j|\u2606GHollow\n|t:|1700375125\n|gametype|singles\n|player|p1|Bookmasterharry|lucian|1184\n|player|p2|GHollow|shadowtriad|1215\n|teamsize|p1|6\n|teamsize|p2|6\n|gen|9\n|tier|[Gen 9] National Dex\n|rated|\n|rule|HP Percentage Mod: HP is shown in percentages\n|rule|Endless Battle Clause: Forcing endless battles is banned\n|rule|OHKO Clause: OHKO moves are banned\n|rule|Evasion Clause: Evasion abilities, items, and moves are banned\n|rule|Evasion Abilities Clause: Evasion abilities are banned\n|rule|Evasion Items Clause: Evasion items are banned\n|rule|Evasion Moves Clause: Evasion moves are banned\n|rule|Species Clause: Limit one of each Pok\u00e9mon\n|rule|Sleep Clause Mod: Limit one foe put to sleep\n|clearpoke\n|poke|p1|Jellicent, M|\n|poke|p1|Ferrothorn, M|\n|poke|p1|Crustle, F|\n|poke|p1|Emboar, F|\n|poke|p1|Eelektross, F|\n|poke|p1|Gothitelle, F|\n|poke|p2|Pelipper, F|\n|poke|p2|Gyarados, M|\n|poke|p2|Araquanid, M|\n|poke|p2|Kingler, M|\n|poke|p2|Garchomp, M|\n|poke|p2|Samurott-Hisui, M|\n|teampreview\n|inactive|Battle timer is ON: inactive players will automatically lose when time's up. (requested by Bookmasterharry)\n|c|\u2606Bookmasterharry|Glhf\n|\n|t:|1700375144\n|start\n|switch|p1a: Ferrothorn|Ferrothorn, M, shiny|100\/100\n|switch|p2a: Pelipper|Pelipper, F|100\/100\n|-weather|RainDance|[from] ability: Drizzle|[of] p2a: Pelipper\n|turn|1\n|\n|t:|1700375154\n|move|p2a: Pelipper|Hurricane|p1a: Ferrothorn\n|-damage|p1a: Ferrothorn|70\/100\n|move|p1a: Ferrothorn|Stealth Rock|p2a: Pelipper\n|-sidestart|p2: GHollow|move: Stealth Rock\n|\n|-weather|RainDance|[upkeep]\n|upkeep\n|turn|2\n|\n|t:|1700375161\n|move|p2a: Pelipper|Hurricane|p1a: Ferrothorn\n|-damage|p1a: Ferrothorn|38\/100\n|move|p1a: Ferrothorn|Knock Off|p2a: Pelipper\n|-damage|p2a: Pelipper|83\/100\n|-enditem|p2a: Pelipper|Damp Rock|[from] move: Knock Off|[of] p1a: Ferrothorn\n|\n|-weather|RainDance|[upkeep]\n|upkeep\n|turn|3\n|\n|t:|1700375171\n|switch|p2a: Samurott|Samurott-Hisui, M|100\/100\n|-damage|p2a: Samurott|88\/100|[from] Stealth Rock\n|switch|p1a: Eelektross|Eelektross, F, shiny|100\/100\n|\n|-weather|RainDance|[upkeep]\n|upkeep\n|turn|4\n|\n|t:|1700375185\n|switch|p2a: Garchomp|Garchomp, M|100\/100\n|-damage|p2a: Garchomp|94\/100|[from] Stealth Rock\n|move|p1a: Eelektross|Drain Punch|p2a: Garchomp\n|-damage|p2a: Garchomp|68\/100\n|-damage|p1a: Eelektross|88\/100|[from] ability: Rough Skin|[of] p2a: Garchomp\n|-damage|p1a: Eelektross|72\/100|[from] item: Rocky Helmet|[of] p2a: Garchomp\n|\n|-weather|RainDance|[upkeep]\n|upkeep\n|turn|5\n|\n|t:|1700375197\n|switch|p1a: Ferrothorn|Ferrothorn, M, shiny|38\/100\n|move|p2a: Garchomp|Swords Dance|p2a: Garchomp\n|-boost|p2a: Garchomp|atk|2\n|\n|-weather|RainDance|[upkeep]\n|upkeep\n|turn|6\n|\n|t:|1700375205\n|move|p2a: Garchomp|Earthquake|p1a: Ferrothorn\n|-damage|p1a: Ferrothorn|0 fnt\n|faint|p1a: Ferrothorn\n|\n|-weather|RainDance|[upkeep]\n|upkeep\n|\n|t:|1700375214\n|switch|p1a: Eelektross|Eelektross, F, shiny|72\/100\n|turn|7\n|\n|t:|1700375218\n|move|p2a: Garchomp|Dragon Claw|p1a: Eelektross\n|-damage|p1a: Eelektross|0 fnt\n|faint|p1a: Eelektross\n|\n|-weather|RainDance|[upkeep]\n|upkeep\n|\n|t:|1700375228\n|switch|p1a: Jellicent|Jellicent, M, shiny|100\/100\n|turn|8\n|\n|t:|1700375235\n|move|p2a: Garchomp|Earthquake|p1a: Jellicent\n|-damage|p1a: Jellicent|26\/100\n|move|p1a: Jellicent|Scald|p2a: Garchomp\n|-damage|p2a: Garchomp|29\/100\n|\n|-weather|none\n|-heal|p1a: Jellicent|32\/100|[from] item: Leftovers\n|upkeep\n|turn|9\n|\n|t:|1700375256\n|-terastallize|p2a: Garchomp|Water\n|move|p2a: Garchomp|Earthquake|p1a: Jellicent\n|-damage|p1a: Jellicent|0 fnt\n|faint|p1a: Jellicent\n|\n|upkeep\n|\n|t:|1700375263\n|switch|p1a: Crustle|Crustle, F, shiny|100\/100\n|turn|10\n|\n|t:|1700375272\n|move|p2a: Garchomp|Liquidation|p1a: Crustle\n|-supereffective|p1a: Crustle\n|-ability|p1a: Crustle|Sturdy\n|-damage|p1a: Crustle|1\/100\n|move|p1a: Crustle|Shell Smash|p1a: Crustle\n|-unboost|p1a: Crustle|def|1\n|-unboost|p1a: Crustle|spd|1\n|-boost|p1a: Crustle|atk|2\n|-boost|p1a: Crustle|spa|2\n|-boost|p1a: Crustle|spe|2\n|-enditem|p1a: Crustle|White Herb\n|-clearnegativeboost|p1a: Crustle|[silent]\n|\n|upkeep\n|turn|11\n|\n|t:|1700375285\n|move|p1a: Crustle|X-Scissor|p2a: Garchomp\n|-damage|p2a: Garchomp|0 fnt\n|-damage|p1a: Crustle|0 fnt|[from] ability: Rough Skin|[of] p2a: Garchomp\n|faint|p2a: Garchomp\n|faint|p1a: Crustle\n|\n|upkeep\n|\n|t:|1700375295\n|switch|p2a: Araquanid|Araquanid, M|100\/100\n|switch|p1a: Emboar|Emboar, F, shiny|100\/100\n|-damage|p2a: Araquanid|76\/100|[from] Stealth Rock\n|turn|12\n|\n|t:|1700375302\n|move|p1a: Emboar|Wild Charge|p2a: Araquanid\n|-supereffective|p2a: Araquanid\n|-damage|p2a: Araquanid|0 fnt\n|faint|p2a: Araquanid\n|-damage|p1a: Emboar|85\/100|[from] Recoil\n|\n|-heal|p1a: Emboar|92\/100|[from] item: Leftovers\n|upkeep\n|\n|t:|1700375309\n|switch|p2a: Samurott|Samurott-Hisui, M|88\/100\n|-damage|p2a: Samurott|76\/100|[from] Stealth Rock\n|turn|13\n|\n|t:|1700375316\n|move|p2a: Samurott|Razor Shell|p1a: Emboar\n|-supereffective|p1a: Emboar\n|-damage|p1a: Emboar|0 fnt\n|faint|p1a: Emboar\n|\n|upkeep\n|\n|t:|1700375322\n|switch|p1a: Gothitelle|Gothitelle, F|100\/100\n|turn|14\n|\n|t:|1700375326\n|switch|p2a: Gyarados|Gyarados, M, shiny|100\/100\n|-damage|p2a: Gyarados|76\/100|[from] Stealth Rock\n|-ability|p2a: Gyarados|Intimidate|boost\n|-unboost|p1a: Gothitelle|atk|1\n|-ability|p1a: Gothitelle|Competitive|boost\n|-boost|p1a: Gothitelle|spa|2\n|move|p1a: Gothitelle|Energy Ball|p2a: Gyarados\n|-damage|p2a: Gyarados|19\/100\n|\n|upkeep\n|turn|15\n|\n|t:|1700375338\n|detailschange|p2a: Gyarados|Gyarados-Mega, M, shiny\n|-mega|p2a: Gyarados|Gyarados|Gyaradosite\n|-ability|p2a: Gyarados|Mold Breaker\n|move|p2a: Gyarados|Crunch|p1a: Gothitelle\n|-supereffective|p1a: Gothitelle\n|-crit|p1a: Gothitelle\n|-damage|p1a: Gothitelle|0 fnt\n|faint|p1a: Gothitelle\n|\n|win|GHollow\n|raw|Bookmasterharry's rating: 1184 &rarr; <strong>1161<\/strong><br \/>(-23 for losing)\n|raw|GHollow's rating: 1215 &rarr; <strong>1238<\/strong><br \/>(+23 for winning)\n|l|\u2606Bookmasterharry\n","uploadtime":1700375348,"views":19,"p1id":"bookmasterharry","p2id":"ghollow","formatid":"gen9nationaldex","rating":1161,"private":0,"password":""}