{"id":"gen9nationaldex-1995867653","p1":"Illouri","p2":"G3N0C1D3","format":"[Gen 9] National Dex","log":"|html|<div class=\"broadcast-blue\"><strong>[Gen 9] National Dex is currently suspecting Sneasler! For information on how to participate check out the <a href=\"https:\/\/www.smogon.com\/forums\/threads\/sv-national-dex-suspect-8-just-dance.3731534\/\">suspect thread<\/a>.<\/strong><\/div>\n|j|\u2606Illouri\n|j|\u2606G3N0C1D3\n|t:|1700611474\n|gametype|singles\n|player|p1|Illouri|carmine|\n|player|p2|G3N0C1D3|101|\n|teamsize|p1|6\n|teamsize|p2|6\n|gen|9\n|tier|[Gen 9] National Dex\n|rule|HP Percentage Mod: HP is shown in percentages\n|rule|Endless Battle Clause: Forcing endless battles is banned\n|rule|OHKO Clause: OHKO moves are banned\n|rule|Evasion Clause: Evasion abilities, items, and moves are banned\n|rule|Evasion Abilities Clause: Evasion abilities are banned\n|rule|Evasion Items Clause: Evasion items are banned\n|rule|Evasion Moves Clause: Evasion moves are banned\n|rule|Species Clause: Limit one of each Pok\u00e9mon\n|rule|Sleep Clause Mod: Limit one foe put to sleep\n|clearpoke\n|poke|p1|Zarude|\n|poke|p1|Heatran, F|\n|poke|p1|Lopunny, F|\n|poke|p1|Alomomola, M|\n|poke|p1|Gliscor, M|\n|poke|p1|Slowking-Galar, F|\n|poke|p2|Weavile, F|\n|poke|p2|Lopunny, F|\n|poke|p2|Slowking-Galar, M|\n|poke|p2|Gliscor, F|\n|poke|p2|Ferrothorn, M|\n|poke|p2|Heatran, M|\n|teampreview\n|c|\u2606G3N0C1D3|Fg\n|c|\u2606Illouri|hf\n|\n|t:|1700611609\n|start\n|switch|p1a: DAYS BEFORE RODEO|Heatran, F|100\/100\n|switch|p2a: CRACK SANDWHICH|Ferrothorn, M|100\/100\n|turn|1\n|c|\u2606Illouri|!weak heatran\n|c| Illouri|\/raw <div class=\"infobox\">Heatran (ignoring abilities):<br \/><span class=\"message-effect-weak\">Weaknesses<\/span>: Fighting, <b>Ground<\/b>, Water<br \/><span class=\"message-effect-resist\">Resistances<\/span>: <b>Bug<\/b>, Dragon, <b>Fairy<\/b>, Flying, <b>Grass<\/b>, <b>Ice<\/b>, Normal, Psychic, <b>Steel<\/b><br \/><span class=\"message-effect-immune\">Immunities<\/span>: Poison, Burn, Sandstorm damage, Toxic<\/div>\n|c|\u2606Illouri|!weak ferrothorn\n|c| Illouri|\/raw <div class=\"infobox\">Ferrothorn (ignoring abilities):<br \/><span class=\"message-effect-weak\">Weaknesses<\/span>: Fighting, <b>Fire<\/b><br \/><span class=\"message-effect-resist\">Resistances<\/span>: Dragon, Electric, Fairy, <b>Grass<\/b>, Normal, Psychic, Rock, Steel, Water<br \/><span class=\"message-effect-immune\">Immunities<\/span>: Poison, Powder moves, Sandstorm damage, Toxic<\/div>\n|\n|t:|1700611685\n|move|p1a: DAYS BEFORE RODEO|Stealth Rock|p2a: CRACK SANDWHICH\n|-sidestart|p2: G3N0C1D3|move: Stealth Rock\n|move|p2a: CRACK SANDWHICH|Spikes|p1a: DAYS BEFORE RODEO\n|-sidestart|p1: Illouri|Spikes\n|\n|upkeep\n|turn|2\n|\n|t:|1700611692\n|move|p1a: DAYS BEFORE RODEO|Magma Storm|p2a: CRACK SANDWHICH|[miss]\n|-miss|p1a: DAYS BEFORE RODEO|p2a: CRACK SANDWHICH\n|move|p2a: CRACK SANDWHICH|Toxic|p1a: DAYS BEFORE RODEO\n|-immune|p1a: DAYS BEFORE RODEO\n|\n|upkeep\n|turn|3\n|\n|t:|1700611711\n|switch|p2a: SURROUND SOUND|Heatran, M|100\/100\n|-damage|p2a: SURROUND SOUND|88\/100|[from] Stealth Rock\n|move|p1a: DAYS BEFORE RODEO|Magma Storm|p2a: SURROUND SOUND\n|-start|p2a: SURROUND SOUND|ability: Flash Fire\n|\n|-heal|p2a: SURROUND SOUND|94\/100|[from] item: Leftovers\n|upkeep\n|turn|4\n|\n|t:|1700611730\n|move|p1a: DAYS BEFORE RODEO|Earth Power|p2a: SURROUND SOUND\n|-supereffective|p2a: SURROUND SOUND\n|-crit|p2a: SURROUND SOUND\n|-damage|p2a: SURROUND SOUND|0 fnt\n|faint|p2a: SURROUND SOUND\n|\n|upkeep\n|\n|t:|1700611796\n|switch|p2a: STARS|Slowking-Galar, M|100\/100\n|turn|5\n|\n|t:|1700611816\n|move|p1a: DAYS BEFORE RODEO|Earth Power|p2a: STARS\n|-supereffective|p2a: STARS\n|-damage|p2a: STARS|51\/100\n|move|p2a: STARS|Thunder Wave|p1a: DAYS BEFORE RODEO\n|-status|p1a: DAYS BEFORE RODEO|par\n|\n|upkeep\n|turn|6\n|\n|t:|1700611841\n|switch|p1a: RODEO|Gliscor, M, shiny|100\/100\n|move|p2a: STARS|Future Sight|p1a: RODEO\n|-start|p2a: STARS|move: Future Sight\n|\n|-status|p1a: RODEO|tox|[from] item: Toxic Orb\n|upkeep\n|turn|7\n|\n|t:|1700611872\n|move|p1a: RODEO|Earthquake|p2a: STARS\n|-supereffective|p2a: STARS\n|-damage|p2a: STARS|2\/100\n|move|p2a: STARS|Thunder Wave|p1a: RODEO\n|-immune|p1a: RODEO\n|\n|upkeep\n|turn|8\n|\n|t:|1700611881\n|switch|p2a: DANCE NOW|Weavile, F|100\/100\n|-damage|p2a: DANCE NOW|76\/100|[from] Stealth Rock\n|-ability|p2a: DANCE NOW|Pressure\n|move|p1a: RODEO|Earthquake|p2a: DANCE NOW\n|-damage|p2a: DANCE NOW|19\/100\n|\n|-end|p1a: RODEO|move: Future Sight\n|-damage|p1a: RODEO|62\/100 tox\n|-heal|p1a: RODEO|75\/100 tox|[from] ability: Poison Heal\n|upkeep\n|turn|9\n|\n|t:|1700611918\n|switch|p1a: DAYS BEFORE RODEO|Heatran, F|100\/100 par\n|-damage|p1a: DAYS BEFORE RODEO|88\/100 par|[from] Spikes\n|move|p2a: DANCE NOW|Knock Off|p1a: DAYS BEFORE RODEO\n|-damage|p1a: DAYS BEFORE RODEO|21\/100 par\n|-enditem|p1a: DAYS BEFORE RODEO|Leftovers|[from] move: Knock Off|[of] p2a: DANCE NOW\n|\n|upkeep\n|turn|10\n|\n|t:|1700611927\n|switch|p1a: RODEO|Gliscor, M, shiny|75\/100 tox\n|move|p2a: DANCE NOW|Knock Off|p1a: RODEO\n|-damage|p1a: RODEO|20\/100 tox\n|-enditem|p1a: RODEO|Toxic Orb|[from] move: Knock Off|[of] p2a: DANCE NOW\n|\n|-heal|p1a: RODEO|33\/100 tox|[from] ability: Poison Heal\n|upkeep\n|turn|11\n|\n|t:|1700611937\n|-terastallize|p1a: RODEO|Fairy\n|move|p2a: DANCE NOW|Knock Off|p1a: RODEO\n|-resisted|p1a: RODEO\n|-damage|p1a: RODEO|12\/100 tox\n|move|p1a: RODEO|Roost|p1a: RODEO\n|-heal|p1a: RODEO|62\/100 tox\n|\n|-heal|p1a: RODEO|74\/100 tox|[from] ability: Poison Heal\n|upkeep\n|turn|12\n|\n|t:|1700611947\n|move|p2a: DANCE NOW|Knock Off|p1a: RODEO\n|-resisted|p1a: RODEO\n|-damage|p1a: RODEO|54\/100 tox\n|move|p1a: RODEO|Earthquake|p2a: DANCE NOW\n|-damage|p2a: DANCE NOW|0 fnt\n|faint|p2a: DANCE NOW\n|\n|-heal|p1a: RODEO|66\/100 tox|[from] ability: Poison Heal\n|upkeep\n|\n|t:|1700611959\n|switch|p2a: CRACK SANDWHICH|Ferrothorn, M|100\/100\n|-damage|p2a: CRACK SANDWHICH|94\/100|[from] Stealth Rock\n|turn|13\n|\n|t:|1700612008\n|switch|p1a: UTOPIA|Alomomola, M, shiny|100\/100\n|move|p2a: CRACK SANDWHICH|Leech Seed|p1a: UTOPIA\n|-start|p1a: UTOPIA|move: Leech Seed\n|\n|-heal|p2a: CRACK SANDWHICH|100\/100|[from] item: Leftovers\n|-damage|p1a: UTOPIA|88\/100|[from] Leech Seed|[of] p2a: CRACK SANDWHICH\n|upkeep\n|turn|14\n|\n|t:|1700612030\n|move|p1a: UTOPIA|Wish|p1a: UTOPIA\n|move|p2a: CRACK SANDWHICH|Spikes|p1a: UTOPIA\n|-sidestart|p1: Illouri|Spikes\n|\n|-damage|p1a: UTOPIA|75\/100|[from] Leech Seed|[of] p2a: CRACK SANDWHICH\n|upkeep\n|turn|15\n|\n|t:|1700612040\n|switch|p1a: DAYS BEFORE RODEO|Heatran, F|21\/100 par\n|-damage|p1a: DAYS BEFORE RODEO|5\/100 par|[from] Spikes\n|move|p2a: CRACK SANDWHICH|Toxic||[still]\n|-fail|p2a: CRACK SANDWHICH\n|\n|-heal|p1a: DAYS BEFORE RODEO|78\/100 par|[from] move: Wish|[wisher] UTOPIA\n|upkeep\n|turn|16\n|\n|t:|1700612049\n|switch|p1a: RODEO|Gliscor, M, shiny, tera:Fairy|66\/100 tox\n|-damage|p1a: RODEO|50\/100 tox|[from] Spikes\n|move|p2a: CRACK SANDWHICH|Power Whip|p1a: RODEO\n|-damage|p1a: RODEO|16\/100 tox\n|\n|-heal|p1a: RODEO|28\/100 tox|[from] ability: Poison Heal\n|upkeep\n|turn|17\n|\n|t:|1700612059\n|move|p1a: RODEO|Roost|p1a: RODEO\n|-heal|p1a: RODEO|78\/100 tox\n|move|p2a: CRACK SANDWHICH|Power Whip|p1a: RODEO\n|-crit|p1a: RODEO\n|-damage|p1a: RODEO|27\/100 tox\n|\n|-heal|p1a: RODEO|40\/100 tox|[from] ability: Poison Heal\n|upkeep\n|turn|18\n|\n|t:|1700612069\n|move|p1a: RODEO|Defog|p2a: CRACK SANDWHICH\n|-unboost|p2a: CRACK SANDWHICH|evasion|1\n|-sideend|p2: G3N0C1D3|Stealth Rock|[from] move: Defog|[of] p1a: RODEO\n|-sideend|p1: Illouri|Spikes|[from] move: Defog|[of] p1a: RODEO\n|move|p2a: CRACK SANDWHICH|Power Whip|p1a: RODEO|[miss]\n|-miss|p2a: CRACK SANDWHICH|p1a: RODEO\n|\n|-heal|p1a: RODEO|52\/100 tox|[from] ability: Poison Heal\n|upkeep\n|turn|19\n|\n|t:|1700612088\n|switch|p1a: DAYS BEFORE RODEO|Heatran, F|78\/100 par\n|move|p2a: CRACK SANDWHICH|Power Whip|p1a: DAYS BEFORE RODEO\n|-resisted|p1a: DAYS BEFORE RODEO\n|-damage|p1a: DAYS BEFORE RODEO|69\/100 par\n|\n|upkeep\n|turn|20\n|\n|t:|1700612098\n|switch|p2a: SISTANEM|Lopunny, F|100\/100\n|move|p1a: DAYS BEFORE RODEO|Stealth Rock|p2a: SISTANEM\n|-sidestart|p2: G3N0C1D3|move: Stealth Rock\n|\n|upkeep\n|turn|21\n|\n|t:|1700612132\n|switch|p1a: RODEO|Gliscor, M, shiny, tera:Fairy|52\/100 tox\n|move|p2a: SISTANEM|Close Combat|p1a: RODEO\n|-resisted|p1a: RODEO\n|-damage|p1a: RODEO|41\/100 tox\n|-unboost|p2a: SISTANEM|def|1\n|-unboost|p2a: SISTANEM|spd|1\n|\n|-heal|p1a: RODEO|54\/100 tox|[from] ability: Poison Heal\n|upkeep\n|turn|22\n|\n|t:|1700612174\n|detailschange|p2a: SISTANEM|Lopunny-Mega, F\n|-mega|p2a: SISTANEM|Lopunny|Lopunnite\n|move|p2a: SISTANEM|Fake Out||[still]\n|-hint|Fake Out only works on your first turn out.\n|-fail|p2a: SISTANEM\n|move|p1a: RODEO|Toxic|p2a: SISTANEM\n|-status|p2a: SISTANEM|tox\n|\n|-damage|p2a: SISTANEM|95\/100 tox|[from] psn\n|-heal|p1a: RODEO|66\/100 tox|[from] ability: Poison Heal\n|upkeep\n|turn|23\n|\n|t:|1700612191\n|move|p2a: SISTANEM|Close Combat|p1a: RODEO\n|-resisted|p1a: RODEO\n|-damage|p1a: RODEO|40\/100 tox\n|-unboost|p2a: SISTANEM|def|1\n|-unboost|p2a: SISTANEM|spd|1\n|move|p1a: RODEO|Earthquake|p2a: SISTANEM\n|-damage|p2a: SISTANEM|15\/100 tox\n|\n|-damage|p2a: SISTANEM|3\/100 tox|[from] psn\n|-heal|p1a: RODEO|52\/100 tox|[from] ability: Poison Heal\n|upkeep\n|turn|24\n|\n|t:|1700612201\n|switch|p1a: UTOPIA|Alomomola, M, shiny|100\/100\n|move|p2a: SISTANEM|U-turn|p1a: UTOPIA\n|-damage|p1a: UTOPIA|85\/100\n|\n|t:|1700612207\n|switch|p2a: CANT PUNK ME|Gliscor, F|100\/100|[from] U-turn\n|-damage|p2a: CANT PUNK ME|88\/100|[from] Stealth Rock\n|\n|-status|p2a: CANT PUNK ME|tox|[from] item: Toxic Orb\n|upkeep\n|turn|25\n|\n|t:|1700612221\n|move|p2a: CANT PUNK ME|Defog|p1a: UTOPIA\n|-unboost|p1a: UTOPIA|evasion|1\n|-sideend|p2: G3N0C1D3|Stealth Rock|[from] move: Defog|[of] p2a: CANT PUNK ME\n|move|p1a: UTOPIA|Wish|p1a: UTOPIA\n|\n|-heal|p2a: CANT PUNK ME|100\/100 tox|[from] ability: Poison Heal\n|upkeep\n|turn|26\n|\n|t:|1700612230\n|move|p2a: CANT PUNK ME|Earthquake|p1a: UTOPIA\n|-damage|p1a: UTOPIA|63\/100\n|move|p1a: UTOPIA|Flip Turn|p2a: CANT PUNK ME\n|-supereffective|p2a: CANT PUNK ME\n|-damage|p2a: CANT PUNK ME|73\/100 tox\n|\n|t:|1700612236\n|switch|p1a: BIRDS IN THE TRAP|Zarude|100\/100|[from] Flip Turn\n|\n|-heal|p2a: CANT PUNK ME|85\/100 tox|[from] ability: Poison Heal\n|upkeep\n|turn|27\n|\n|t:|1700612255\n|-terastallize|p2a: CANT PUNK ME|Fairy\n|move|p1a: BIRDS IN THE TRAP|Knock Off|p2a: CANT PUNK ME\n|-resisted|p2a: CANT PUNK ME\n|-damage|p2a: CANT PUNK ME|59\/100 tox\n|-enditem|p2a: CANT PUNK ME|Toxic Orb|[from] move: Knock Off|[of] p1a: BIRDS IN THE TRAP\n|-damage|p1a: BIRDS IN THE TRAP|91\/100|[from] item: Life Orb\n|move|p2a: CANT PUNK ME|Toxic|p1a: BIRDS IN THE TRAP\n|-status|p1a: BIRDS IN THE TRAP|tox\n|\n|-damage|p1a: BIRDS IN THE TRAP|85\/100 tox|[from] psn\n|-heal|p2a: CANT PUNK ME|72\/100 tox|[from] ability: Poison Heal\n|upkeep\n|turn|28\n|\n|t:|1700612267\n|move|p1a: BIRDS IN THE TRAP|Swords Dance|p1a: BIRDS IN THE TRAP\n|-boost|p1a: BIRDS IN THE TRAP|atk|2\n|move|p2a: CANT PUNK ME|Earthquake|p1a: BIRDS IN THE TRAP\n|-resisted|p1a: BIRDS IN THE TRAP\n|-damage|p1a: BIRDS IN THE TRAP|69\/100 tox\n|\n|-damage|p1a: BIRDS IN THE TRAP|57\/100 tox|[from] psn\n|-heal|p2a: CANT PUNK ME|84\/100 tox|[from] ability: Poison Heal\n|upkeep\n|turn|29\n|\n|t:|1700612292\n|switch|p2a: CRACK SANDWHICH|Ferrothorn, M|100\/100\n|move|p1a: BIRDS IN THE TRAP|Power Whip|p2a: CRACK SANDWHICH\n|-resisted|p2a: CRACK SANDWHICH\n|-damage|p2a: CRACK SANDWHICH|72\/100\n|-damage|p1a: BIRDS IN THE TRAP|45\/100 tox|[from] ability: Iron Barbs|[of] p2a: CRACK SANDWHICH\n|-damage|p1a: BIRDS IN THE TRAP|35\/100 tox|[from] item: Life Orb\n|\n|-heal|p2a: CRACK SANDWHICH|79\/100|[from] item: Leftovers\n|-damage|p1a: BIRDS IN THE TRAP|17\/100 tox|[from] psn\n|upkeep\n|turn|30\n|\n|t:|1700612308\n|move|p1a: BIRDS IN THE TRAP|Jungle Healing|p1a: BIRDS IN THE TRAP\n|-heal|p1a: BIRDS IN THE TRAP|42\/100 tox\n|-curestatus|p1a: BIRDS IN THE TRAP|tox|[msg]\n|move|p2a: CRACK SANDWHICH|Power Whip|p1a: BIRDS IN THE TRAP|[miss]\n|-miss|p2a: CRACK SANDWHICH|p1a: BIRDS IN THE TRAP\n|\n|-heal|p2a: CRACK SANDWHICH|85\/100|[from] item: Leftovers\n|upkeep\n|turn|31\n|\n|t:|1700612318\n|move|p1a: BIRDS IN THE TRAP|Knock Off|p2a: CRACK SANDWHICH\n|-damage|p2a: CRACK SANDWHICH|0 fnt\n|-damage|p1a: BIRDS IN THE TRAP|30\/100|[from] ability: Iron Barbs|[of] p2a: CRACK SANDWHICH\n|-enditem|p2a: CRACK SANDWHICH|Leftovers|[from] move: Knock Off|[of] p1a: BIRDS IN THE TRAP\n|faint|p2a: CRACK SANDWHICH\n|-damage|p1a: BIRDS IN THE TRAP|20\/100|[from] item: Life Orb\n|\n|upkeep\n|\n|t:|1700612326\n|switch|p2a: STARS|Slowking-Galar, M|35\/100\n|turn|32\n|\n|t:|1700612340\n|move|p1a: BIRDS IN THE TRAP|Knock Off|p2a: STARS\n|-supereffective|p2a: STARS\n|-damage|p2a: STARS|0 fnt\n|-enditem|p2a: STARS|Heavy-Duty Boots|[from] move: Knock Off|[of] p1a: BIRDS IN THE TRAP\n|faint|p2a: STARS\n|-damage|p1a: BIRDS IN THE TRAP|10\/100|[from] item: Life Orb\n|\n|upkeep\n|\n|t:|1700612347\n|switch|p2a: SISTANEM|Lopunny-Mega, F|3\/100 tox\n|turn|33\n|\n|t:|1700612352\n|move|p2a: SISTANEM|Close Combat|p1a: BIRDS IN THE TRAP\n|-supereffective|p1a: BIRDS IN THE TRAP\n|-damage|p1a: BIRDS IN THE TRAP|0 fnt\n|-unboost|p2a: SISTANEM|def|1\n|-unboost|p2a: SISTANEM|spd|1\n|faint|p1a: BIRDS IN THE TRAP\n|\n|-damage|p2a: SISTANEM|0 fnt|[from] psn\n|faint|p2a: SISTANEM\n|upkeep\n|\n|t:|1700612361\n|switch|p2a: CANT PUNK ME|Gliscor, F, tera:Fairy|84\/100 tox\n|switch|p1a: DAYS BEFORE RODEO|Heatran, F|69\/100 par\n|turn|34\n|\n|t:|1700612369\n|move|p2a: CANT PUNK ME|Earthquake|p1a: DAYS BEFORE RODEO\n|-supereffective|p1a: DAYS BEFORE RODEO\n|-damage|p1a: DAYS BEFORE RODEO|0 fnt\n|faint|p1a: DAYS BEFORE RODEO\n|\n|-heal|p2a: CANT PUNK ME|97\/100 tox|[from] ability: Poison Heal\n|upkeep\n|\n|t:|1700612377\n|switch|p1a: ASTROWORLD|Slowking-Galar, F, shiny|100\/100\n|turn|35\n|\n|t:|1700612386\n|move|p2a: CANT PUNK ME|Earthquake|p1a: ASTROWORLD\n|-supereffective|p1a: ASTROWORLD\n|-damage|p1a: ASTROWORLD|30\/100\n|move|p1a: ASTROWORLD|Sludge Bomb|p2a: CANT PUNK ME\n|-supereffective|p2a: CANT PUNK ME\n|-damage|p2a: CANT PUNK ME|41\/100 tox\n|\n|-heal|p2a: CANT PUNK ME|53\/100 tox|[from] ability: Poison Heal\n|upkeep\n|turn|36\n|\n|t:|1700612395\n|move|p2a: CANT PUNK ME|Earthquake|p1a: ASTROWORLD\n|-supereffective|p1a: ASTROWORLD\n|-damage|p1a: ASTROWORLD|0 fnt\n|faint|p1a: ASTROWORLD\n|\n|-heal|p2a: CANT PUNK ME|66\/100 tox|[from] ability: Poison Heal\n|upkeep\n|\n|t:|1700612397\n|switch|p1a: JACKBOYS|Lopunny, F, shiny|100\/100\n|turn|37\n|\n|t:|1700612403\n|detailschange|p1a: JACKBOYS|Lopunny-Mega, F, shiny\n|-mega|p1a: JACKBOYS|Lopunny|Lopunnite\n|move|p1a: JACKBOYS|Fake Out|p2a: CANT PUNK ME\n|-damage|p2a: CANT PUNK ME|49\/100 tox\n|cant|p2a: CANT PUNK ME|flinch\n|\n|-heal|p2a: CANT PUNK ME|62\/100 tox|[from] ability: Poison Heal\n|upkeep\n|turn|38\n|\n|t:|1700612414\n|move|p1a: JACKBOYS|Frustration|p2a: CANT PUNK ME\n|-damage|p2a: CANT PUNK ME|19\/100 tox\n|move|p2a: CANT PUNK ME|Earthquake|p1a: JACKBOYS\n|-damage|p1a: JACKBOYS|55\/100\n|\n|-heal|p2a: CANT PUNK ME|32\/100 tox|[from] ability: Poison Heal\n|upkeep\n|turn|39\n|\n|t:|1700612423\n|move|p1a: JACKBOYS|Frustration|p2a: CANT PUNK ME\n|-damage|p2a: CANT PUNK ME|0 fnt\n|faint|p2a: CANT PUNK ME\n|\n|win|Illouri\n","uploadtime":1700612451,"views":4,"p1id":"illouri","p2id":"g3n0c1d3","formatid":"gen9nationaldex","rating":0,"private":0,"password":""}