{"id":"gen9nationaldex-1998694337","p1":"Wisper2ng","p2":"Raspberry_tears","format":"[Gen 9] National Dex","log":"|html|<div class=\"broadcast-blue\"><strong>[Gen 9] National Dex is currently suspecting Sneasler! For information on how to participate check out the <a href=\"https:\/\/www.smogon.com\/forums\/threads\/sv-national-dex-suspect-8-just-dance.3731534\/\">suspect thread<\/a>.<\/strong><\/div>\n|j|\u2606Wisper2ng\n|j|\u2606Raspberry_tears\n|t:|1700973600\n|gametype|singles\n|player|p1|Wisper2ng|wallace|1000\n|player|p2|Raspberry_tears|alder|1039\n|teamsize|p1|1\n|teamsize|p2|6\n|gen|9\n|tier|[Gen 9] National Dex\n|rated|\n|rule|HP Percentage Mod: HP is shown in percentages\n|rule|Endless Battle Clause: Forcing endless battles is banned\n|rule|OHKO Clause: OHKO moves are banned\n|rule|Evasion Clause: Evasion abilities, items, and moves are banned\n|rule|Evasion Abilities Clause: Evasion abilities are banned\n|rule|Evasion Items Clause: Evasion items are banned\n|rule|Evasion Moves Clause: Evasion moves are banned\n|rule|Species Clause: Limit one of each Pok\u00e9mon\n|rule|Sleep Clause Mod: Limit one foe put to sleep\n|clearpoke\n|poke|p1|Togekiss, F|\n|poke|p2|Hatterene, F|\n|poke|p2|Centiskorch, M|\n|poke|p2|Gastrodon, F|\n|poke|p2|Archeops, M|\n|poke|p2|Zoroark-Hisui, M|\n|poke|p2|Jirachi|\n|teampreview\n|inactive|Battle timer is ON: inactive players will automatically lose when time's up. (requested by Wisper2ng)\n|\n|t:|1700973619\n|start\n|switch|p1a: Togekiss|Togekiss, F|100\/100\n|switch|p2a: Gastrodon|Gastrodon, F|100\/100\n|turn|1\n|\n|t:|1700973628\n|move|p2a: Gastrodon|Crunch|p1a: Togekiss\n|-resisted|p1a: Togekiss\n|-damage|p1a: Togekiss|91\/100\n|move|p1a: Togekiss|Substitute|p1a: Togekiss\n|-start|p1a: Togekiss|Substitute\n|-damage|p1a: Togekiss|66\/100\n|\n|upkeep\n|turn|2\n|\n|t:|1700973640\n|move|p2a: Gastrodon|Bitter Malice|p1a: Togekiss\n|-end|p1a: Togekiss|Substitute\n|move|p1a: Togekiss|Ancient Power|p2a: Gastrodon\n|-damage|p2a: Gastrodon|65\/100\n|-boost|p1a: Togekiss|atk|1\n|-boost|p1a: Togekiss|def|1\n|-boost|p1a: Togekiss|spa|1\n|-boost|p1a: Togekiss|spd|1\n|-boost|p1a: Togekiss|spe|1\n|replace|p2a: Zoroark|Zoroark-Hisui, M\n|-end|p2a: Zoroark|Illusion\n|\n|-heal|p2a: Zoroark|71\/100|[from] item: Leftovers\n|upkeep\n|turn|3\n|c|\u2606Wisper2ng|That\u2019s a weird looking gastrodom\n|\n|t:|1700973669\n|move|p1a: Togekiss|Air Slash|p2a: Zoroark\n|-damage|p2a: Zoroark|0 fnt\n|faint|p2a: Zoroark\n|\n|upkeep\n|\n|t:|1700973677\n|switch|p2a: Hatterene|Hatterene, F|100\/100\n|turn|4\n|\n|t:|1700973685\n|move|p1a: Togekiss|Substitute|p1a: Togekiss\n|-start|p1a: Togekiss|Substitute\n|-damage|p1a: Togekiss|41\/100\n|move|p2a: Hatterene|Expanding Force|p1a: Togekiss\n|-activate|p1a: Togekiss|move: Substitute|[damage]\n|\n|upkeep\n|turn|5\n|\n|t:|1700973696\n|move|p2a: Hatterene|Protect|p2a: Hatterene\n|-singleturn|p2a: Hatterene|Protect\n|move|p1a: Togekiss|Roost|p1a: Togekiss\n|-heal|p1a: Togekiss|91\/100\n|-singleturn|p1a: Togekiss|move: Roost\n|\n|upkeep\n|turn|6\n|\n|t:|1700973706\n|move|p2a: Hatterene|Protect||[still]\n|-fail|p2a: Hatterene\n|move|p1a: Togekiss|Ancient Power|p2a: Hatterene\n|-damage|p2a: Hatterene|81\/100\n|\n|upkeep\n|turn|7\n|\n|t:|1700973714\n|move|p1a: Togekiss|Ancient Power|p2a: Hatterene\n|-damage|p2a: Hatterene|62\/100\n|move|p2a: Hatterene|Healing Wish|p2a: Hatterene\n|faint|p2a: Hatterene\n|\n|upkeep\n|\n|t:|1700973722\n|switch|p2a: Gastrodon|Gastrodon, F|100\/100\n|turn|8\n|\n|t:|1700973730\n|move|p1a: Togekiss|Ancient Power|p2a: Gastrodon\n|-resisted|p2a: Gastrodon\n|-damage|p2a: Gastrodon|89\/100\n|move|p2a: Gastrodon|Ancient Power|p1a: Togekiss\n|-supereffective|p1a: Togekiss\n|-end|p1a: Togekiss|Substitute\n|-boost|p2a: Gastrodon|atk|1\n|-boost|p2a: Gastrodon|def|1\n|-boost|p2a: Gastrodon|spa|1\n|-boost|p2a: Gastrodon|spd|1\n|-boost|p2a: Gastrodon|spe|1\n|\n|-heal|p2a: Gastrodon|95\/100|[from] item: Leftovers\n|upkeep\n|turn|9\n|\n|t:|1700973744\n|move|p1a: Togekiss|Ancient Power|p2a: Gastrodon\n|-resisted|p2a: Gastrodon\n|-damage|p2a: Gastrodon|88\/100\n|-boost|p1a: Togekiss|atk|1\n|-boost|p1a: Togekiss|def|1\n|-boost|p1a: Togekiss|spa|1\n|-boost|p1a: Togekiss|spd|1\n|-boost|p1a: Togekiss|spe|1\n|move|p2a: Gastrodon|Liquidation|p1a: Togekiss\n|-damage|p1a: Togekiss|73\/100\n|-unboost|p1a: Togekiss|def|1\n|\n|-heal|p2a: Gastrodon|94\/100|[from] item: Leftovers\n|upkeep\n|turn|10\n|\n|t:|1700973757\n|move|p1a: Togekiss|Ancient Power|p2a: Gastrodon\n|-resisted|p2a: Gastrodon\n|-damage|p2a: Gastrodon|83\/100\n|move|p2a: Gastrodon|Ancient Power|p1a: Togekiss\n|-supereffective|p1a: Togekiss\n|-damage|p1a: Togekiss|49\/100\n|-enditem|p1a: Togekiss|Weakness Policy\n|-boost|p1a: Togekiss|atk|2|[from] item: Weakness Policy\n|-boost|p1a: Togekiss|spa|2|[from] item: Weakness Policy\n|\n|-heal|p2a: Gastrodon|89\/100|[from] item: Leftovers\n|upkeep\n|turn|11\n|\n|t:|1700973767\n|move|p1a: Togekiss|Substitute|p1a: Togekiss\n|-start|p1a: Togekiss|Substitute\n|-damage|p1a: Togekiss|24\/100\n|move|p2a: Gastrodon|Ancient Power|p1a: Togekiss\n|-supereffective|p1a: Togekiss\n|-activate|p1a: Togekiss|move: Substitute|[damage]\n|\n|-heal|p2a: Gastrodon|95\/100|[from] item: Leftovers\n|upkeep\n|turn|12\n|\n|t:|1700973777\n|move|p1a: Togekiss|Roost|p1a: Togekiss\n|-heal|p1a: Togekiss|75\/100\n|-singleturn|p1a: Togekiss|move: Roost\n|move|p2a: Gastrodon|Ancient Power|p1a: Togekiss\n|-end|p1a: Togekiss|Substitute\n|\n|-heal|p2a: Gastrodon|100\/100|[from] item: Leftovers\n|upkeep\n|turn|13\n|\n|t:|1700973786\n|move|p1a: Togekiss|Substitute|p1a: Togekiss\n|-start|p1a: Togekiss|Substitute\n|-damage|p1a: Togekiss|50\/100\n|move|p2a: Gastrodon|Ancient Power|p1a: Togekiss\n|-supereffective|p1a: Togekiss\n|-end|p1a: Togekiss|Substitute\n|\n|upkeep\n|turn|14\n|\n|t:|1700973806\n|-terastallize|p1a: Togekiss|Fairy\n|move|p1a: Togekiss|Substitute|p1a: Togekiss\n|-start|p1a: Togekiss|Substitute\n|-damage|p1a: Togekiss|25\/100\n|move|p2a: Gastrodon|Ancient Power|p1a: Togekiss\n|-activate|p1a: Togekiss|move: Substitute|[damage]\n|\n|upkeep\n|turn|15\n|\n|t:|1700973816\n|move|p1a: Togekiss|Roost|p1a: Togekiss\n|-heal|p1a: Togekiss|75\/100\n|move|p2a: Gastrodon|Earthquake|p1a: Togekiss\n|-end|p1a: Togekiss|Substitute\n|\n|upkeep\n|turn|16\n|\n|t:|1700973838\n|move|p1a: Togekiss|Substitute|p1a: Togekiss\n|-start|p1a: Togekiss|Substitute\n|-damage|p1a: Togekiss|50\/100\n|move|p2a: Gastrodon|Liquidation|p1a: Togekiss\n|-activate|p1a: Togekiss|move: Substitute|[damage]\n|\n|upkeep\n|turn|17\n|\n|t:|1700973851\n|move|p1a: Togekiss|Ancient Power|p2a: Gastrodon\n|-resisted|p2a: Gastrodon\n|-damage|p2a: Gastrodon|85\/100\n|-boost|p1a: Togekiss|atk|1\n|-boost|p1a: Togekiss|def|1\n|-boost|p1a: Togekiss|spa|1\n|-boost|p1a: Togekiss|spd|1\n|-boost|p1a: Togekiss|spe|1\n|move|p2a: Gastrodon|Earthquake|p1a: Togekiss\n|-end|p1a: Togekiss|Substitute\n|\n|-heal|p2a: Gastrodon|91\/100|[from] item: Leftovers\n|upkeep\n|turn|18\n|\n|t:|1700973864\n|move|p1a: Togekiss|Substitute|p1a: Togekiss\n|-start|p1a: Togekiss|Substitute\n|-damage|p1a: Togekiss|25\/100\n|move|p2a: Gastrodon|Brine|p1a: Togekiss\n|-end|p1a: Togekiss|Substitute\n|\n|-heal|p2a: Gastrodon|97\/100|[from] item: Leftovers\n|upkeep\n|turn|19\n|\n|t:|1700973874\n|move|p1a: Togekiss|Roost|p1a: Togekiss\n|-heal|p1a: Togekiss|75\/100\n|move|p2a: Gastrodon|Brine|p1a: Togekiss\n|-damage|p1a: Togekiss|58\/100\n|\n|-heal|p2a: Gastrodon|100\/100|[from] item: Leftovers\n|upkeep\n|turn|20\n|\n|t:|1700973883\n|move|p1a: Togekiss|Air Slash|p2a: Gastrodon\n|-damage|p2a: Gastrodon|35\/100\n|cant|p2a: Gastrodon|flinch\n|\n|-heal|p2a: Gastrodon|41\/100|[from] item: Leftovers\n|upkeep\n|turn|21\n|\n|t:|1700973890\n|move|p1a: Togekiss|Air Slash|p2a: Gastrodon\n|-damage|p2a: Gastrodon|0 fnt\n|faint|p2a: Gastrodon\n|\n|upkeep\n|\n|t:|1700973895\n|switch|p2a: Centiskorch|Centiskorch, M|100\/100\n|turn|22\n|\n|t:|1700973899\n|move|p1a: Togekiss|Air Slash|p2a: Centiskorch\n|-supereffective|p2a: Centiskorch\n|-damage|p2a: Centiskorch|0 fnt\n|faint|p2a: Centiskorch\n|\n|upkeep\n|\n|t:|1700973904\n|switch|p2a: Archeops|Archeops, M|100\/100\n|turn|23\n|\n|t:|1700973909\n|move|p1a: Togekiss|Substitute|p1a: Togekiss\n|-start|p1a: Togekiss|Substitute\n|-damage|p1a: Togekiss|33\/100\n|move|p2a: Archeops|Meteor Beam||[still]\n|-prepare|p2a: Archeops|Meteor Beam\n|-boost|p2a: Archeops|spa|1\n|\n|upkeep\n|turn|24\n|\n|t:|1700973916\n|move|p1a: Togekiss|Air Slash|p2a: Archeops\n|-resisted|p2a: Archeops\n|-damage|p2a: Archeops|20\/100\n|cant|p2a: Archeops|flinch\n|\n|upkeep\n|turn|25\n|\n|t:|1700973923\n|move|p1a: Togekiss|Roost|p1a: Togekiss\n|-heal|p1a: Togekiss|83\/100\n|move|p2a: Archeops|Meteor Beam||[still]\n|-prepare|p2a: Archeops|Meteor Beam\n|-boost|p2a: Archeops|spa|1\n|\n|upkeep\n|turn|26\n|\n|t:|1700973930\n|move|p1a: Togekiss|Ancient Power|p2a: Archeops\n|-supereffective|p2a: Archeops\n|-damage|p2a: Archeops|0 fnt\n|faint|p2a: Archeops\n|\n|upkeep\n|\n|t:|1700973936\n|switch|p2a: Jirachi|Jirachi|100\/100\n|turn|27\n|\n|t:|1700973942\n|move|p1a: Togekiss|Air Slash|p2a: Jirachi|[miss]\n|-miss|p1a: Togekiss|p2a: Jirachi\n|move|p2a: Jirachi|Future Sight|p1a: Togekiss\n|-start|p2a: Jirachi|move: Future Sight\n|\n|upkeep\n|turn|28\n|c|\u2606Wisper2ng|Gg\n|\n|t:|1700973956\n|move|p1a: Togekiss|Air Slash|p2a: Jirachi\n|-resisted|p2a: Jirachi\n|-damage|p2a: Jirachi|52\/100\n|move|p2a: Jirachi|Future Sight||[still]\n|-fail|p2a: Jirachi\n|\n|upkeep\n|turn|29\n|\n|t:|1700973964\n|move|p1a: Togekiss|Air Slash|p2a: Jirachi\n|-resisted|p2a: Jirachi\n|-damage|p2a: Jirachi|3\/100\n|move|p2a: Jirachi|Flash Cannon|p1a: Togekiss\n|-supereffective|p1a: Togekiss\n|-end|p1a: Togekiss|Substitute\n|\n|-end|p1a: Togekiss|move: Future Sight\n|-damage|p1a: Togekiss|65\/100\n|upkeep\n|turn|30\n|\n|t:|1700973990\n|move|p1a: Togekiss|Air Slash|p2a: Jirachi\n|-resisted|p2a: Jirachi\n|-damage|p2a: Jirachi|0 fnt\n|faint|p2a: Jirachi\n|\n|win|Wisper2ng\n|raw|Wisper2ng's rating: 1000 &rarr; <strong>1044<\/strong><br \/>(+44 for winning)\n|raw|Raspberry_tears's rating: 1039 &rarr; <strong>1021<\/strong><br \/>(-18 for losing)\n|c|\u2606Wisper2ng|Gg\n|l|\u2606Raspberry_tears\n","uploadtime":1700974006,"views":6,"p1id":"wisper2ng","p2id":"raspberrytears","formatid":"gen9nationaldex","rating":1021,"private":0,"password":""}