{"id":"gen9nationaldex-1996431407","p1":"AxolotlNumber2","p2":"ShadowFan134","format":"[Gen 9] National Dex","log":"|html|<div class=\"broadcast-blue\"><strong>[Gen 9] National Dex is currently suspecting Sneasler! For information on how to participate check out the <a href=\"https:\/\/www.smogon.com\/forums\/threads\/sv-national-dex-suspect-8-just-dance.3731534\/\">suspect thread<\/a>.<\/strong><\/div>\n|j|\u2606AxolotlNumber2\n|j|\u2606ShadowFan134\n|t:|1700681373\n|gametype|singles\n|player|p1|AxolotlNumber2|firebreather|1051\n|player|p2|ShadowFan134|marlon|1141\n|teamsize|p1|6\n|teamsize|p2|6\n|gen|9\n|tier|[Gen 9] National Dex\n|rated|\n|rule|HP Percentage Mod: HP is shown in percentages\n|rule|Endless Battle Clause: Forcing endless battles is banned\n|rule|OHKO Clause: OHKO moves are banned\n|rule|Evasion Clause: Evasion abilities, items, and moves are banned\n|rule|Evasion Abilities Clause: Evasion abilities are banned\n|rule|Evasion Items Clause: Evasion items are banned\n|rule|Evasion Moves Clause: Evasion moves are banned\n|rule|Species Clause: Limit one of each Pok\u00e9mon\n|rule|Sleep Clause Mod: Limit one foe put to sleep\n|clearpoke\n|poke|p1|Blastoise, M|\n|poke|p1|Azumarill, M|\n|poke|p1|Vivillon-Icy Snow, F|\n|poke|p1|Amoonguss, F|\n|poke|p1|Iron Valiant|\n|poke|p1|Glimmora, M|\n|poke|p2|Lucario, F|\n|poke|p2|Volcarona, M|\n|poke|p2|Shuckle, M|\n|poke|p2|Kartana|\n|poke|p2|Swampert, M|\n|poke|p2|Gengar, M|\n|teampreview\n|c|\u2606AxolotlNumber2|glhf\n|\n|t:|1700681379\n|start\n|switch|p1a: Vivillon|Vivillon-Icy Snow, F|100\/100\n|switch|p2a: Shuckle|Shuckle, M|100\/100\n|turn|1\n|\n|t:|1700681389\n|move|p1a: Vivillon|Sleep Powder|p2a: Shuckle\n|-status|p2a: Shuckle|slp|[from] move: Sleep Powder\n|cant|p2a: Shuckle|slp\n|\n|upkeep\n|turn|2\n|inactive|Battle timer is ON: inactive players will automatically lose when time's up. (requested by AxolotlNumber2)\n|\n|t:|1700681396\n|move|p1a: Vivillon|Quiver Dance|p1a: Vivillon\n|-boost|p1a: Vivillon|spa|1\n|-boost|p1a: Vivillon|spd|1\n|-boost|p1a: Vivillon|spe|1\n|-curestatus|p2a: Shuckle|slp|[msg]\n|move|p2a: Shuckle|Sticky Web|p1a: Vivillon\n|-sidestart|p1: AxolotlNumber2|move: Sticky Web\n|\n|upkeep\n|turn|3\n|\n|t:|1700681403\n|move|p1a: Vivillon|Sleep Powder|p2a: Shuckle\n|-status|p2a: Shuckle|slp|[from] move: Sleep Powder\n|cant|p2a: Shuckle|slp\n|\n|upkeep\n|turn|4\n|\n|t:|1700681408\n|move|p1a: Vivillon|Hurricane|p2a: Shuckle\n|-damage|p2a: Shuckle|62\/100 slp\n|-start|p2a: Shuckle|confusion\n|cant|p2a: Shuckle|slp\n|\n|upkeep\n|turn|5\n|\n|t:|1700681414\n|move|p1a: Vivillon|Quiver Dance|p1a: Vivillon\n|-boost|p1a: Vivillon|spa|1\n|-boost|p1a: Vivillon|spd|1\n|-boost|p1a: Vivillon|spe|1\n|-curestatus|p2a: Shuckle|slp|[msg]\n|-activate|p2a: Shuckle|confusion\n|move|p2a: Shuckle|Stealth Rock|p1a: Vivillon\n|-sidestart|p1: AxolotlNumber2|move: Stealth Rock\n|\n|upkeep\n|turn|6\n|\n|t:|1700681422\n|move|p1a: Vivillon|Sleep Powder|p2a: Shuckle\n|-status|p2a: Shuckle|slp|[from] move: Sleep Powder\n|cant|p2a: Shuckle|slp\n|\n|upkeep\n|turn|7\n|\n|t:|1700681427\n|move|p1a: Vivillon|Quiver Dance|p1a: Vivillon\n|-boost|p1a: Vivillon|spa|1\n|-boost|p1a: Vivillon|spd|1\n|-boost|p1a: Vivillon|spe|1\n|cant|p2a: Shuckle|slp\n|\n|upkeep\n|turn|8\n|\n|t:|1700681432\n|move|p1a: Vivillon|Hurricane|p2a: Shuckle\n|-damage|p2a: Shuckle|0 fnt\n|faint|p2a: Shuckle\n|\n|upkeep\n|\n|t:|1700681438\n|switch|p2a: Volcarona|Volcarona, M|100\/100\n|turn|9\n|\n|t:|1700681441\n|move|p1a: Vivillon|Sleep Powder|p2a: Volcarona\n|-status|p2a: Volcarona|slp|[from] move: Sleep Powder\n|cant|p2a: Volcarona|slp\n|\n|upkeep\n|turn|10\n|\n|t:|1700681446\n|move|p1a: Vivillon|Hurricane|p2a: Volcarona\n|-supereffective|p2a: Volcarona\n|-damage|p2a: Volcarona|0 fnt\n|faint|p2a: Volcarona\n|\n|upkeep\n|\n|t:|1700681455\n|switch|p2a: Lucario|Lucario, F|100\/100\n|turn|11\n|\n|t:|1700681462\n|move|p1a: Vivillon|Sleep Powder|p2a: Lucario\n|-status|p2a: Lucario|slp|[from] move: Sleep Powder\n|cant|p2a: Lucario|slp\n|\n|upkeep\n|turn|12\n|\n|t:|1700681468\n|move|p1a: Vivillon|Hurricane|p2a: Lucario\n|-damage|p2a: Lucario|0 fnt\n|faint|p2a: Lucario\n|\n|upkeep\n|\n|t:|1700681472\n|switch|p2a: Kartana|Kartana|100\/100\n|turn|13\n|\n|t:|1700681478\n|move|p1a: Vivillon|Sleep Powder|p2a: Kartana\n|-immune|p2a: Kartana\n|move|p2a: Kartana|Leaf Blade|p1a: Vivillon\n|-resisted|p1a: Vivillon\n|-damage|p1a: Vivillon|53\/100\n|\n|upkeep\n|turn|14\n|\n|t:|1700681485\n|move|p1a: Vivillon|Hurricane|p2a: Kartana\n|-damage|p2a: Kartana|0 fnt\n|faint|p2a: Kartana\n|\n|upkeep\n|\n|t:|1700681488\n|switch|p2a: Gengar|Gengar, M|100\/100\n|turn|15\n|\n|t:|1700681494\n|move|p1a: Vivillon|Sleep Powder|p2a: Gengar\n|-status|p2a: Gengar|slp|[from] move: Sleep Powder\n|cant|p2a: Gengar|slp\n|\n|upkeep\n|turn|16\n|\n|t:|1700681499\n|move|p1a: Vivillon|Hurricane|p2a: Gengar\n|-damage|p2a: Gengar|0 fnt\n|faint|p2a: Gengar\n|\n|upkeep\n|\n|t:|1700681505\n|switch|p2a: Swampert|Swampert, M|100\/100\n|turn|17\n|\n|t:|1700681516\n|detailschange|p2a: Swampert|Swampert-Mega, M\n|-mega|p2a: Swampert|Swampert|Swampertite\n|move|p1a: Vivillon|Giga Drain|p2a: Swampert\n|-supereffective|p2a: Swampert\n|-damage|p2a: Swampert|0 fnt\n|-heal|p1a: Vivillon|100\/100|[from] drain|[of] p2a: Swampert\n|faint|p2a: Swampert\n|\n|win|AxolotlNumber2\n|raw|AxolotlNumber2's rating: 1051 &rarr; <strong>1092<\/strong><br \/>(+41 for winning)\n|raw|ShadowFan134's rating: 1141 &rarr; <strong>1110<\/strong><br \/>(-31 for losing)\n","uploadtime":1700681524,"views":23,"p1id":"axolotlnumber2","p2id":"shadowfan134","formatid":"gen9nationaldex","rating":1092,"private":0,"password":""}