{"id":"gen9nationaldex-1987071367","p1":"gdfox802","p2":"Maxer59","format":"[Gen 9] National Dex","log":"|j|\u2606gdfox802\n|j|\u2606Maxer59\n|t:|1699553727\n|gametype|singles\n|player|p1|gdfox802|allister|1366\n|player|p2|Maxer59|lucas|1280\n|teamsize|p1|6\n|teamsize|p2|6\n|gen|9\n|tier|[Gen 9] National Dex\n|rated|\n|rule|HP Percentage Mod: HP is shown in percentages\n|rule|Endless Battle Clause: Forcing endless battles is banned\n|rule|OHKO Clause: OHKO moves are banned\n|rule|Evasion Clause: Evasion abilities, items, and moves are banned\n|rule|Evasion Abilities Clause: Evasion abilities are banned\n|rule|Evasion Items Clause: Evasion items are banned\n|rule|Evasion Moves Clause: Evasion moves are banned\n|rule|Species Clause: Limit one of each Pok\u00e9mon\n|rule|Sleep Clause Mod: Limit one foe put to sleep\n|clearpoke\n|poke|p1|Breloom, F|\n|poke|p1|Aegislash, M|\n|poke|p1|Dragonite, M|\n|poke|p1|Heatran, M|\n|poke|p1|Banette, F|\n|poke|p1|Espeon, M|\n|poke|p2|Golisopod, F|\n|poke|p2|Heracross, M|\n|poke|p2|Galvantula, F|\n|poke|p2|Yanmega, M|\n|poke|p2|Lokix, F|\n|poke|p2|Pinsir, M|\n|teampreview\n|inactive|Battle timer is ON: inactive players will automatically lose when time's up. (requested by gdfox802)\n|inactive|Maxer59 also wants the timer to be on.\n|\n|t:|1699553743\n|start\n|switch|p1a: Aegislash|Aegislash, M|100\/100\n|switch|p2a: Golisopod|Golisopod, F|100\/100\n|turn|1\n|\n|t:|1699553755\n|move|p1a: Aegislash|King's Shield|p1a: Aegislash\n|-singleturn|p1a: Aegislash|Protect\n|move|p2a: Golisopod|Knock Off|p1a: Aegislash\n|-activate|p1a: Aegislash|move: Protect\n|-unboost|p2a: Golisopod|atk|1\n|\n|upkeep\n|turn|2\n|\n|t:|1699553773\n|switch|p1a: Heatran|Heatran, M|100\/100\n|move|p2a: Golisopod|Knock Off|p1a: Heatran\n|-damage|p1a: Heatran|80\/100\n|-enditem|p1a: Heatran|Leftovers|[from] move: Knock Off|[of] p2a: Golisopod\n|\n|upkeep\n|turn|3\n|\n|t:|1699553786\n|switch|p2a: Galvantula|Galvantula, F|100\/100\n|move|p1a: Heatran|Magma Storm|p2a: Galvantula|[miss]\n|-miss|p1a: Heatran|p2a: Galvantula\n|\n|upkeep\n|turn|4\n|\n|t:|1699553792\n|switch|p1a: Espeon|Espeon, M|100\/100\n|move|p2a: Galvantula|Sticky Web|p1a: Espeon\n|move|p1a: Espeon|Sticky Web|p2a: Galvantula|[from]ability: Magic Bounce\n|-sidestart|p2: Maxer59|move: Sticky Web\n|\n|upkeep\n|turn|5\n|\n|t:|1699553805\n|-zpower|p1a: Espeon\n|move|p1a: Espeon|Z-Celebrate|p1a: Espeon|[anim]Celebrate\n|-boost|p1a: Espeon|atk|1|[zeffect]\n|-boost|p1a: Espeon|def|1|[zeffect]\n|-boost|p1a: Espeon|spa|1|[zeffect]\n|-boost|p1a: Espeon|spd|1|[zeffect]\n|-boost|p1a: Espeon|spe|1|[zeffect]\n|-activate|p1a: Espeon|move: Celebrate\n|move|p2a: Galvantula|Signal Beam|p1a: Espeon\n|-supereffective|p1a: Espeon\n|-damage|p1a: Espeon|48\/100\n|\n|upkeep\n|turn|6\n|\n|t:|1699553815\n|move|p1a: Espeon|Stored Power|p2a: Galvantula\n|-enditem|p2a: Galvantula|Focus Sash\n|-damage|p2a: Galvantula|1\/100\n|move|p2a: Galvantula|Signal Beam|p1a: Espeon\n|-supereffective|p1a: Espeon\n|-damage|p1a: Espeon|0 fnt\n|faint|p1a: Espeon\n|\n|upkeep\n|\n|t:|1699553826\n|switch|p1a: Breloom|Breloom, F|100\/100\n|turn|7\n|\n|t:|1699553830\n|move|p1a: Breloom|Mach Punch|p2a: Galvantula\n|-resisted|p2a: Galvantula\n|-crit|p2a: Galvantula\n|-damage|p2a: Galvantula|0 fnt\n|faint|p2a: Galvantula\n|\n|upkeep\n|\n|t:|1699553841\n|switch|p2a: Pinsir|Pinsir, M|100\/100\n|-activate|p2a: Pinsir|move: Sticky Web\n|-unboost|p2a: Pinsir|spe|1\n|-ability|p2a: Pinsir|Mold Breaker\n|turn|8\n|\n|t:|1699553847\n|detailschange|p2a: Pinsir|Pinsir-Mega, M\n|-mega|p2a: Pinsir|Pinsir|Pinsirite\n|move|p2a: Pinsir|Quick Attack|p1a: Breloom\n|-supereffective|p1a: Breloom\n|-damage|p1a: Breloom|0 fnt\n|faint|p1a: Breloom\n|\n|upkeep\n|\n|t:|1699553854\n|switch|p1a: Aegislash|Aegislash, M|100\/100\n|turn|9\n|\n|t:|1699553869\n|switch|p2a: Yanmega|Yanmega, M|100\/100\n|-formechange|p1a: Aegislash|Aegislash-Blade||[from] ability: Stance Change\n|move|p1a: Aegislash|Hidden Power|p2a: Yanmega\n|-supereffective|p2a: Yanmega\n|-damage|p2a: Yanmega|52\/100\n|\n|upkeep\n|turn|10\n|\n|t:|1699553884\n|move|p2a: Yanmega|Shadow Ball|p1a: Aegislash\n|-supereffective|p1a: Aegislash\n|-damage|p1a: Aegislash|4\/100\n|move|p1a: Aegislash|Hidden Power|p2a: Yanmega\n|-supereffective|p2a: Yanmega\n|-damage|p2a: Yanmega|6\/100\n|\n|-heal|p1a: Aegislash|10\/100|[from] item: Leftovers\n|-ability|p2a: Yanmega|Speed Boost|boost\n|-boost|p2a: Yanmega|spe|1\n|upkeep\n|turn|11\n|\n|t:|1699553895\n|move|p2a: Yanmega|Shadow Ball|p1a: Aegislash\n|-supereffective|p1a: Aegislash\n|-damage|p1a: Aegislash|0 fnt\n|faint|p1a: Aegislash\n|\n|-ability|p2a: Yanmega|Speed Boost|boost\n|-boost|p2a: Yanmega|spe|1\n|upkeep\n|\n|t:|1699553901\n|switch|p1a: Dragonite|Dragonite, M|100\/100\n|turn|12\n|\n|t:|1699553908\n|move|p1a: Dragonite|Extreme Speed|p2a: Yanmega\n|-damage|p2a: Yanmega|0 fnt\n|faint|p2a: Yanmega\n|\n|upkeep\n|\n|t:|1699553923\n|switch|p2a: Lokix|Lokix, F|100\/100\n|-activate|p2a: Lokix|move: Sticky Web\n|-unboost|p2a: Lokix|spe|1\n|turn|13\n|\n|t:|1699553936\n|move|p2a: Lokix|First Impression|p1a: Dragonite\n|-resisted|p1a: Dragonite\n|-damage|p1a: Dragonite|73\/100\n|move|p1a: Dragonite|Dragon Dance|p1a: Dragonite\n|-boost|p1a: Dragonite|atk|1\n|-boost|p1a: Dragonite|spe|1\n|\n|-heal|p1a: Dragonite|79\/100|[from] item: Leftovers\n|upkeep\n|turn|14\n|\n|t:|1699553946\n|-terastallize|p1a: Dragonite|Normal\n|move|p1a: Dragonite|Dragon Dance|p1a: Dragonite\n|-boost|p1a: Dragonite|atk|1\n|-boost|p1a: Dragonite|spe|1\n|move|p2a: Lokix|Knock Off|p1a: Dragonite\n|-damage|p1a: Dragonite|23\/100\n|-enditem|p1a: Dragonite|Leftovers|[from] move: Knock Off|[of] p2a: Lokix\n|\n|upkeep\n|turn|15\n|\n|t:|1699553955\n|switch|p2a: Golisopod|Golisopod, F|100\/100\n|-activate|p2a: Golisopod|move: Sticky Web\n|-unboost|p2a: Golisopod|spe|1\n|move|p1a: Dragonite|Extreme Speed|p2a: Golisopod\n|-damage|p2a: Golisopod|37\/100\n|-activate|p2a: Golisopod|ability: Emergency Exit\n|\n|t:|1699553964\n|switch|p2a: Pinsir|Pinsir-Mega, M|100\/100\n|\n|upkeep\n|turn|16\n|\n|t:|1699553972\n|move|p1a: Dragonite|Extreme Speed|p2a: Pinsir\n|-damage|p2a: Pinsir|5\/100\n|move|p2a: Pinsir|Quick Attack|p1a: Dragonite\n|-damage|p1a: Dragonite|0 fnt\n|faint|p1a: Dragonite\n|\n|upkeep\n|\n|t:|1699553978\n|switch|p1a: Heatran|Heatran, M|80\/100\n|turn|17\n|\n|t:|1699553983\n|move|p2a: Pinsir|Knock Off|p1a: Heatran\n|-crit|p1a: Heatran\n|-damage|p1a: Heatran|44\/100\n|move|p1a: Heatran|Magma Storm|p2a: Pinsir\n|-supereffective|p2a: Pinsir\n|-damage|p2a: Pinsir|0 fnt\n|faint|p2a: Pinsir\n|\n|upkeep\n|\n|t:|1699553994\n|switch|p2a: Golisopod|Golisopod, F|37\/100\n|-activate|p2a: Golisopod|move: Sticky Web\n|-unboost|p2a: Golisopod|spe|1\n|turn|18\n|\n|t:|1699554000\n|move|p1a: Heatran|Protect|p1a: Heatran\n|-singleturn|p1a: Heatran|Protect\n|move|p2a: Golisopod|Aqua Jet|p1a: Heatran\n|-activate|p1a: Heatran|move: Protect\n|\n|upkeep\n|turn|19\n|\n|t:|1699554006\n|switch|p1a: Banette|Banette, F|100\/100\n|-item|p2a: Golisopod|Assault Vest|[from] ability: Frisk|[of] p1a: Banette|[identify]\n|move|p2a: Golisopod|Aqua Jet|p1a: Banette\n|-damage|p1a: Banette|70\/100\n|\n|upkeep\n|turn|20\n|\n|t:|1699554017\n|switch|p2a: Lokix|Lokix, F|100\/100\n|-activate|p2a: Lokix|move: Sticky Web\n|-unboost|p2a: Lokix|spe|1\n|detailschange|p1a: Banette|Banette-Mega, F\n|-mega|p1a: Banette|Banette|Banettite\n|move|p1a: Banette|Knock Off|p2a: Lokix\n|-resisted|p2a: Lokix\n|-damage|p2a: Lokix|68\/100\n|-enditem|p2a: Lokix|Silver Powder|[from] move: Knock Off|[of] p1a: Banette\n|\n|upkeep\n|turn|21\n|\n|t:|1699554027\n|move|p2a: Lokix|First Impression|p1a: Banette\n|-resisted|p1a: Banette\n|-damage|p1a: Banette|17\/100\n|move|p1a: Banette|Destiny Bond|p1a: Banette\n|-singlemove|p1a: Banette|Destiny Bond\n|\n|upkeep\n|turn|22\n|\n|t:|1699554035\n|move|p2a: Lokix|Knock Off|p1a: Banette\n|-supereffective|p1a: Banette\n|-damage|p1a: Banette|0 fnt\n|faint|p1a: Banette\n|-activate|p1a: Banette|move: Destiny Bond\n|faint|p2a: Lokix\n|\n|upkeep\n|\n|t:|1699554043\n|switch|p2a: Golisopod|Golisopod, F|37\/100\n|switch|p1a: Heatran|Heatran, M|44\/100\n|-activate|p2a: Golisopod|move: Sticky Web\n|-unboost|p2a: Golisopod|spe|1\n|turn|23\n|-message|gdfox802 forfeited.\n|\n|win|Maxer59\n|raw|gdfox802's rating: 1366 &rarr; <strong>1341<\/strong><br \/>(-25 for losing)\n|raw|Maxer59's rating: 1280 &rarr; <strong>1311<\/strong><br \/>(+31 for winning)\n|l|\u2606gdfox802\n","uploadtime":1699554051,"views":5,"p1id":"gdfox802","p2id":"maxer59","formatid":"gen9nationaldex","rating":1311,"private":0,"password":""}