{"id":"gen9nationaldex-1988205681","p1":"TopHatSnekGG","p2":"Applejuicebruh","format":"[Gen 9] National Dex","log":"|j|\u2606TopHatSnekGG\n|j|\u2606Applejuicebruh\n|t:|1699685002\n|gametype|singles\n|player|p1|TopHatSnekGG|101|1171\n|player|p2|Applejuicebruh|crasherwake|1074\n|teamsize|p1|6\n|teamsize|p2|6\n|gen|9\n|tier|[Gen 9] National Dex\n|rated|\n|rule|HP Percentage Mod: HP is shown in percentages\n|rule|Endless Battle Clause: Forcing endless battles is banned\n|rule|OHKO Clause: OHKO moves are banned\n|rule|Evasion Clause: Evasion abilities, items, and moves are banned\n|rule|Evasion Abilities Clause: Evasion abilities are banned\n|rule|Evasion Items Clause: Evasion items are banned\n|rule|Evasion Moves Clause: Evasion moves are banned\n|rule|Species Clause: Limit one of each Pok\u00e9mon\n|rule|Sleep Clause Mod: Limit one foe put to sleep\n|clearpoke\n|poke|p1|Weavile, F|\n|poke|p1|Darmanitan, M|\n|poke|p1|Whimsicott, M|\n|poke|p1|Alakazam, F|\n|poke|p1|Pidgeot, M|\n|poke|p1|Scrafty, F|\n|poke|p2|Gyarados, M|\n|poke|p2|Volcarona, M|\n|poke|p2|Togekiss, M|\n|poke|p2|Uxie|\n|poke|p2|Cinderace, M|\n|poke|p2|Dragonite, M|\n|teampreview\n|\n|t:|1699685008\n|start\n|switch|p1a: Whimsicott|Whimsicott, M|100\/100\n|switch|p2a: Kevin Gates|Dragonite, M, shiny|100\/100\n|turn|1\n|\n|t:|1699685021\n|move|p1a: Whimsicott|Toxic|p2a: Kevin Gates\n|-status|p2a: Kevin Gates|tox\n|move|p2a: Kevin Gates|Dragon Dance|p2a: Kevin Gates\n|-boost|p2a: Kevin Gates|atk|1\n|-boost|p2a: Kevin Gates|spe|1\n|\n|-damage|p2a: Kevin Gates|94\/100 tox|[from] psn\n|upkeep\n|turn|2\n|\n|t:|1699685030\n|move|p1a: Whimsicott|Encore|p2a: Kevin Gates\n|-start|p2a: Kevin Gates|Encore\n|move|p2a: Kevin Gates|Dragon Dance|p2a: Kevin Gates\n|-boost|p2a: Kevin Gates|atk|1\n|-boost|p2a: Kevin Gates|spe|1\n|\n|-damage|p2a: Kevin Gates|82\/100 tox|[from] psn\n|upkeep\n|turn|3\n|\n|t:|1699685046\n|switch|p1a: Weavile|Weavile, F|100\/100\n|-ability|p1a: Weavile|Pressure\n|move|p2a: Kevin Gates|Dragon Dance|p2a: Kevin Gates\n|-boost|p2a: Kevin Gates|atk|1\n|-boost|p2a: Kevin Gates|spe|1\n|\n|-damage|p2a: Kevin Gates|63\/100 tox|[from] psn\n|upkeep\n|turn|4\n|\n|t:|1699685058\n|switch|p2a: Moth Man|Volcarona, M|100\/100\n|move|p1a: Weavile|Ice Spinner|p2a: Moth Man\n|-resisted|p2a: Moth Man\n|-damage|p2a: Moth Man|60\/100\n|\n|upkeep\n|turn|5\n|\n|t:|1699685066\n|switch|p1a: Whimsicott|Whimsicott, M|100\/100\n|move|p2a: Moth Man|Bug Buzz|p1a: Whimsicott\n|-damage|p1a: Whimsicott|41\/100\n|\n|upkeep\n|turn|6\n|\n|t:|1699685075\n|switch|p2a: Kevin Gates|Dragonite, M, shiny|63\/100 tox\n|move|p1a: Whimsicott|Tailwind|p1a: Whimsicott\n|-sidestart|p1: TopHatSnekGG|move: Tailwind\n|\n|-damage|p2a: Kevin Gates|57\/100 tox|[from] psn\n|upkeep\n|turn|7\n|\n|t:|1699685106\n|switch|p1a: Scrafty|Scrafty, F|100\/100\n|move|p2a: Kevin Gates|Fire Punch|p1a: Scrafty\n|-damage|p1a: Scrafty|77\/100\n|\n|-damage|p2a: Kevin Gates|45\/100 tox|[from] psn\n|upkeep\n|turn|8\n|\n|t:|1699685117\n|move|p1a: Scrafty|Fake Out|p2a: Kevin Gates\n|-enditem|p1a: Scrafty|Normal Gem|[from] gem\n|-damage|p2a: Kevin Gates|32\/100 tox\n|cant|p2a: Kevin Gates|flinch\n|\n|-damage|p2a: Kevin Gates|13\/100 tox|[from] psn\n|upkeep\n|turn|9\n|\n|t:|1699685139\n|switch|p1a: Pidgeot|Pidgeot, M|100\/100\n|move|p2a: Kevin Gates|Fire Punch|p1a: Pidgeot\n|-damage|p1a: Pidgeot|71\/100\n|\n|-damage|p2a: Kevin Gates|0 fnt|[from] psn\n|faint|p2a: Kevin Gates\n|-sideend|p1: TopHatSnekGG|move: Tailwind\n|upkeep\n|j| paudurin\n|\n|t:|1699685144\n|switch|p2a: A$AP ROCKY|Togekiss, M|100\/100\n|turn|10\n|\n|t:|1699685158\n|switch|p1a: Whimsicott|Whimsicott, M|41\/100\n|move|p2a: A$AP ROCKY|Ancient Power|p1a: Whimsicott\n|-crit|p1a: Whimsicott\n|-damage|p1a: Whimsicott|3\/100\n|\n|upkeep\n|turn|11\n|\n|t:|1699685167\n|move|p1a: Whimsicott|Tailwind|p1a: Whimsicott\n|-sidestart|p1: TopHatSnekGG|move: Tailwind\n|move|p2a: A$AP ROCKY|Ancient Power|p1a: Whimsicott\n|-damage|p1a: Whimsicott|0 fnt\n|faint|p1a: Whimsicott\n|\n|upkeep\n|\n|t:|1699685175\n|switch|p1a: Scrafty|Scrafty, F|77\/100\n|turn|12\n|\n|t:|1699685184\n|move|p1a: Scrafty|Fake Out|p2a: A$AP ROCKY\n|-damage|p2a: A$AP ROCKY|89\/100\n|cant|p2a: A$AP ROCKY|flinch\n|\n|-heal|p2a: A$AP ROCKY|95\/100|[from] item: Leftovers\n|upkeep\n|turn|13\n|\n|t:|1699685193\n|move|p1a: Scrafty|Dragon Dance|p1a: Scrafty\n|-boost|p1a: Scrafty|atk|1\n|-boost|p1a: Scrafty|spe|1\n|move|p2a: A$AP ROCKY|Draining Kiss|p1a: Scrafty\n|-supereffective|p1a: Scrafty\n|-damage|p1a: Scrafty|0 fnt\n|-heal|p2a: A$AP ROCKY|100\/100|[from] drain|[of] p1a: Scrafty\n|faint|p1a: Scrafty\n|\n|upkeep\n|\n|t:|1699685203\n|switch|p1a: Darmanitan|Darmanitan, M|100\/100\n|turn|14\n|\n|t:|1699685207\n|move|p1a: Darmanitan|Stone Edge|p2a: A$AP ROCKY\n|-supereffective|p2a: A$AP ROCKY\n|-damage|p2a: A$AP ROCKY|23\/100\n|move|p2a: A$AP ROCKY|Ancient Power|p1a: Darmanitan\n|-supereffective|p1a: Darmanitan\n|-damage|p1a: Darmanitan|45\/100\n|\n|-heal|p2a: A$AP ROCKY|29\/100|[from] item: Leftovers\n|-sideend|p1: TopHatSnekGG|move: Tailwind\n|upkeep\n|turn|15\n|\n|t:|1699685219\n|move|p1a: Darmanitan|Stone Edge|p2a: A$AP ROCKY\n|-supereffective|p2a: A$AP ROCKY\n|-damage|p2a: A$AP ROCKY|0 fnt\n|faint|p2a: A$AP ROCKY\n|\n|upkeep\n|\n|t:|1699685227\n|switch|p2a: They\/Them|Uxie, shiny|100\/100\n|turn|16\n|\n|t:|1699685233\n|switch|p1a: Weavile|Weavile, F|100\/100\n|-ability|p1a: Weavile|Pressure\n|move|p2a: They\/Them|Trick|p1a: Weavile\n|-activate|p2a: They\/Them|move: Trick|[of] p1a: Weavile\n|-item|p1a: Weavile|Flame Orb|[from] move: Trick\n|-item|p2a: They\/Them|Choice Band|[from] move: Trick\n|\n|-status|p1a: Weavile|brn|[from] item: Flame Orb\n|upkeep\n|turn|17\n|\n|t:|1699685244\n|move|p1a: Weavile|Fake Out|p2a: They\/Them\n|-damage|p2a: They\/Them|95\/100\n|cant|p2a: They\/Them|flinch\n|\n|-damage|p1a: Weavile|94\/100 brn|[from] brn\n|upkeep\n|turn|18\n|\n|t:|1699685259\n|-terastallize|p1a: Weavile|Dark\n|move|p1a: Weavile|Knock Off|p2a: They\/Them\n|-supereffective|p2a: They\/Them\n|-damage|p2a: They\/Them|50\/100\n|-enditem|p2a: They\/Them|Choice Band|[from] move: Knock Off|[of] p1a: Weavile\n|move|p2a: They\/Them|Reflect|p2a: They\/Them\n|-sidestart|p2: Applejuicebruh|Reflect\n|\n|-damage|p1a: Weavile|88\/100 brn|[from] brn\n|upkeep\n|turn|19\n|c| paudurin|6 fake out time?\n|c|\u2606Applejuicebruh|Hi\n|\n|t:|1699685279\n|switch|p1a: Pidgeot|Pidgeot, M|71\/100\n|move|p2a: They\/Them|Stealth Rock|p1a: Pidgeot\n|-sidestart|p1: TopHatSnekGG|move: Stealth Rock\n|\n|upkeep\n|turn|20\n|c| paudurin|hi\n|\n|t:|1699685287\n|detailschange|p1a: Pidgeot|Pidgeot-Mega, M\n|-mega|p1a: Pidgeot|Pidgeot|Pidgeotite\n|move|p1a: Pidgeot|Hurricane|p2a: They\/Them\n|-damage|p2a: They\/Them|8\/100\n|move|p2a: They\/Them|Memento|p1a: Pidgeot\n|-unboost|p1a: Pidgeot|atk|2\n|-unboost|p1a: Pidgeot|spa|2\n|faint|p2a: They\/Them\n|\n|upkeep\n|\n|t:|1699685302\n|switch|p2a: Big pp|Gyarados, M, shiny|100\/100\n|-ability|p2a: Big pp|Intimidate|boost\n|-unboost|p1a: Pidgeot|atk|1\n|turn|21\n|\n|t:|1699685312\n|move|p1a: Pidgeot|Hidden Power|p2a: Big pp\n|-damage|p2a: Big pp|92\/100\n|move|p2a: Big pp|Dragon Dance|p2a: Big pp\n|-boost|p2a: Big pp|atk|1\n|-boost|p2a: Big pp|spe|1\n|\n|upkeep\n|turn|22\n|-message|TopHatSnekGG forfeited.\n|\n|win|Applejuicebruh\n|raw|TopHatSnekGG's rating: 1171 &rarr; <strong>1139<\/strong><br \/>(-32 for losing)\n|raw|Applejuicebruh's rating: 1074 &rarr; <strong>1111<\/strong><br \/>(+37 for winning)\n|l|\u2606TopHatSnekGG\n|c| paudurin|gg\n","uploadtime":1699685327,"views":8,"p1id":"tophatsnekgg","p2id":"applejuicebruh","formatid":"gen9nationaldex","rating":1111,"private":0,"password":""}