{"id":"gen9nationaldex-1989290875","p1":"Sylveon(404)","p2":"ericmont","format":"[Gen 9] National Dex","log":"|j|\u2606Sylveon(404)\n|j|\u2606ericmont\n|t:|1699832553\n|gametype|singles\n|player|p1|Sylveon(404)|serena|\n|player|p2|ericmont|bertha|\n|teamsize|p1|6\n|teamsize|p2|6\n|gen|9\n|tier|[Gen 9] National Dex\n|rule|HP Percentage Mod: HP is shown in percentages\n|rule|Endless Battle Clause: Forcing endless battles is banned\n|rule|OHKO Clause: OHKO moves are banned\n|rule|Evasion Clause: Evasion abilities, items, and moves are banned\n|rule|Evasion Abilities Clause: Evasion abilities are banned\n|rule|Evasion Items Clause: Evasion items are banned\n|rule|Evasion Moves Clause: Evasion moves are banned\n|rule|Species Clause: Limit one of each Pok\u00e9mon\n|rule|Sleep Clause Mod: Limit one foe put to sleep\n|clearpoke\n|poke|p1|Minior-Violet|\n|poke|p1|Articuno-Galar|\n|poke|p1|Togekiss, M|\n|poke|p1|Corviknight, M|\n|poke|p1|Enamorus, F|\n|poke|p1|Latias, F|\n|poke|p2|Tapu Koko|\n|poke|p2|Iron Valiant|\n|poke|p2|Hawlucha, M|\n|poke|p2|Iron Moth|\n|poke|p2|Greninja-*, M|\n|poke|p2|Scizor, M|\n|teampreview\n|\n|t:|1699832574\n|start\n|switch|p1a: tia paola|Enamorus, F|100\/100\n|switch|p2a: Tapu \u00f1alo|Tapu Koko|100\/100\n|-fieldstart|move: Electric Terrain|[from] ability: Electric Surge|[of] p2a: Tapu \u00f1alo\n|turn|1\n|c|\u2606ericmont|Calm mind contrary\n|c|\u2606ericmont|Evil\n|\n|t:|1699832598\n|move|p1a: tia paola|Earth Power|p2a: Tapu \u00f1alo\n|-supereffective|p2a: Tapu \u00f1alo\n|-damage|p2a: Tapu \u00f1alo|3\/100\n|move|p2a: Tapu \u00f1alo|Thunderbolt|p1a: tia paola\n|-supereffective|p1a: tia paola\n|-damage|p1a: tia paola|0 fnt\n|faint|p1a: tia paola\n|\n|upkeep\n|j| Martu2863\n|c|\u2606ericmont|Wtf\n|c|\u2606ericmont|No sabia que aprendia eso\n|c|\u2606Sylveon(404)|es scarf\n|c|\u2606Sylveon(404)|xd\n|\n|t:|1699832618\n|switch|p1a: cosmic|Minior-Violet|100\/100\n|-formechange|p1a: cosmic|Minior-Meteor||[from] ability: Shields Down\n|turn|2\n|c|\u2606ericmont|Ya se\n|\n|t:|1699832630\n|move|p2a: Tapu \u00f1alo|U-turn|p1a: cosmic\n|-resisted|p1a: cosmic\n|-damage|p1a: cosmic|91\/100\n|\n|t:|1699832635\n|switch|p2a: Bailarin|Iron Valiant|100\/100|[from] U-turn\n|-activate|p2a: Bailarin|ability: Quark Drive\n|-start|p2a: Bailarin|quarkdrivespe\n|move|p1a: cosmic|Earthquake|p2a: Bailarin\n|-damage|p2a: Bailarin|68\/100\n|\n|upkeep\n|turn|3\n|\n|t:|1699832643\n|move|p2a: Bailarin|Thunderbolt|p1a: cosmic\n|-supereffective|p1a: cosmic\n|-damage|p1a: cosmic|0 fnt\n|faint|p1a: cosmic\n|-damage|p2a: Bailarin|59\/100|[from] item: Life Orb\n|\n|upkeep\n|\n|t:|1699832650\n|switch|p1a: el yisus|Togekiss, M|100\/100\n|turn|4\n|\n|t:|1699832662\n|-terastallize|p1a: el yisus|Fire\n|move|p2a: Bailarin|Thunderbolt|p1a: el yisus\n|-crit|p1a: el yisus\n|-damage|p1a: el yisus|37\/100\n|-enditem|p1a: el yisus|Sitrus Berry|[eat]\n|-heal|p1a: el yisus|62\/100|[from] item: Sitrus Berry\n|-damage|p2a: Bailarin|49\/100|[from] item: Life Orb\n|move|p1a: el yisus|Thunder Wave|p2a: Bailarin\n|-status|p2a: Bailarin|par\n|\n|upkeep\n|turn|5\n|c| Martu2863|Hola\n|c| Martu2863|Les deseo un buen combate.\n|c|\u2606Sylveon(404)|grax\n|c|\u2606ericmont|Ty\n|\n|t:|1699832679\n|move|p2a: Bailarin|Moonblast|p1a: el yisus\n|-resisted|p1a: el yisus\n|-damage|p1a: el yisus|39\/100\n|-unboost|p1a: el yisus|spa|1\n|-damage|p2a: Bailarin|39\/100 par|[from] item: Life Orb\n|move|p1a: el yisus|Dazzling Gleam|p2a: Bailarin\n|-supereffective|p2a: Bailarin\n|-damage|p2a: Bailarin|0 fnt\n|faint|p2a: Bailarin\n|-end|p2a: Bailarin|Quark Drive|[silent]\n|\n|upkeep\n|\n|t:|1699832688\n|switch|p2a: Andale wey|Hawlucha, M|100\/100\n|-enditem|p2a: Andale wey|Electric Seed\n|-boost|p2a: Andale wey|def|1|[from] item: Electric Seed\n|turn|6\n|\n|t:|1699832694\n|move|p2a: Andale wey|Acrobatics|p1a: el yisus\n|-damage|p1a: el yisus|0 fnt\n|faint|p1a: el yisus\n|\n|upkeep\n|\n|t:|1699832698\n|switch|p1a: night bird|Corviknight, M|100\/100\n|turn|7\n|\n|t:|1699832701\n|move|p2a: Andale wey|Taunt|p1a: night bird\n|-start|p1a: night bird|move: Taunt\n|cant|p1a: night bird|move: Taunt|Iron Defense\n|\n|upkeep\n|turn|8\n|c|\u2606Sylveon(404)|desde cuando tiene mofa\n|c|\u2606Sylveon(404)|XD\n|\n|t:|1699832715\n|move|p2a: Andale wey|Swords Dance|p2a: Andale wey\n|-boost|p2a: Andale wey|atk|2\n|move|p1a: night bird|Drill Peck|p2a: Andale wey\n|-supereffective|p2a: Andale wey\n|-damage|p2a: Andale wey|59\/100\n|\n|-fieldend|move: Electric Terrain\n|upkeep\n|turn|9\n|\n|t:|1699832726\n|move|p2a: Andale wey|Swords Dance|p2a: Andale wey\n|-boost|p2a: Andale wey|atk|2\n|move|p1a: night bird|Drill Peck|p2a: Andale wey\n|-supereffective|p2a: Andale wey\n|-damage|p2a: Andale wey|12\/100\n|\n|-end|p1a: night bird|move: Taunt\n|upkeep\n|turn|10\n|\n|t:|1699832735\n|move|p2a: Andale wey|Close Combat|p1a: night bird\n|-damage|p1a: night bird|0 fnt\n|-unboost|p2a: Andale wey|def|1\n|-unboost|p2a: Andale wey|spd|1\n|faint|p1a: night bird\n|\n|upkeep\n|\n|t:|1699832743\n|switch|p1a: mega-carry|Latias, F|100\/100\n|turn|11\n|\n|t:|1699832748\n|detailschange|p1a: mega-carry|Latias-Mega, F\n|-mega|p1a: mega-carry|Latias|Latiasite\n|move|p2a: Andale wey|Acrobatics|p1a: mega-carry\n|-damage|p1a: mega-carry|0 fnt\n|faint|p1a: mega-carry\n|\n|upkeep\n|\n|t:|1699832754\n|switch|p1a: ais mi ciela|Articuno-Galar|100\/100\n|turn|12\n|c| Martu2863|Mal ah\u00ed que no fuera rocky helmet\n|c|\u2606Sylveon(404)|ggs\n|\n|t:|1699832762\n|move|p2a: Andale wey|Acrobatics|p1a: ais mi ciela\n|-damage|p1a: ais mi ciela|0 fnt\n|faint|p1a: ais mi ciela\n|\n|win|ericmont\n|c|\u2606ericmont|Gg\n","uploadtime":1699832773,"views":6,"p1id":"sylveon404","p2id":"ericmont","formatid":"gen9nationaldex","rating":0,"private":0,"password":""}