{"id":"gen9nationaldex-1987057147","p1":"DoloMsolo","p2":"backin95","format":"[Gen 9] National Dex","log":"|j|\u2606DoloMsolo\n|j|\u2606backin95\n|t:|1699552564\n|gametype|singles\n|player|p1|DoloMsolo|unknown|1274\n|player|p2|backin95|170|1324\n|teamsize|p1|6\n|teamsize|p2|6\n|gen|9\n|tier|[Gen 9] National Dex\n|rated|\n|rule|HP Percentage Mod: HP is shown in percentages\n|rule|Endless Battle Clause: Forcing endless battles is banned\n|rule|OHKO Clause: OHKO moves are banned\n|rule|Evasion Clause: Evasion abilities, items, and moves are banned\n|rule|Evasion Abilities Clause: Evasion abilities are banned\n|rule|Evasion Items Clause: Evasion items are banned\n|rule|Evasion Moves Clause: Evasion moves are banned\n|rule|Species Clause: Limit one of each Pok\u00e9mon\n|rule|Sleep Clause Mod: Limit one foe put to sleep\n|clearpoke\n|poke|p1|Iron Moth|\n|poke|p1|Iron Jugulis|\n|poke|p1|Tapu Koko|\n|poke|p1|Dewgong, F|\n|poke|p1|Dondozo, F|\n|poke|p1|Landorus-Therian, M|\n|poke|p2|Samurott-Hisui, F|\n|poke|p2|Excadrill, M|\n|poke|p2|Iron Valiant|\n|poke|p2|Tapu Koko|\n|poke|p2|Charizard, F|\n|poke|p2|Corviknight, M|\n|teampreview\n|inactive|Battle timer is ON: inactive players will automatically lose when time's up. (requested by DoloMsolo)\n|inactive|backin95 has 120 seconds left.\n|c|\u2606DoloMsolo|Gl\n|\n|t:|1699552618\n|start\n|switch|p1a: Dewgong|Dewgong, F|100\/100\n|switch|p2a: Charizard|Charizard, F|100\/100\n|turn|1\n|\n|t:|1699552635\n|detailschange|p2a: Charizard|Charizard-Mega-X, F\n|-mega|p2a: Charizard|Charizard|Charizardite X\n|move|p2a: Charizard|Dragon Dance|p2a: Charizard\n|-boost|p2a: Charizard|atk|1\n|-boost|p2a: Charizard|spe|1\n|move|p1a: Dewgong|Whirlpool|p2a: Charizard\n|-damage|p2a: Charizard|89\/100\n|-activate|p2a: Charizard|move: Whirlpool|[of] p1a: Dewgong\n|\n|-damage|p2a: Charizard|77\/100|[from] move: Whirlpool|[partiallytrapped]\n|upkeep\n|turn|2\n|\n|t:|1699552643\n|move|p2a: Charizard|Flare Blitz|p1a: Dewgong\n|-damage|p1a: Dewgong|52\/100\n|-damage|p2a: Charizard|56\/100|[from] Recoil\n|move|p1a: Dewgong|Perish Song|p1a: Dewgong\n|-start|p1a: Dewgong|perish3|[silent]\n|-start|p2a: Charizard|perish3|[silent]\n|-fieldactivate|move: Perish Song\n|\n|-heal|p1a: Dewgong|58\/100|[from] item: Leftovers\n|-damage|p2a: Charizard|44\/100|[from] move: Whirlpool|[partiallytrapped]\n|-start|p2a: Charizard|perish3\n|-start|p1a: Dewgong|perish3\n|upkeep\n|turn|3\n|\n|t:|1699552656\n|move|p1a: Dewgong|Protect|p1a: Dewgong\n|-singleturn|p1a: Dewgong|Protect\n|move|p2a: Charizard|Earthquake|p1a: Dewgong\n|-activate|p1a: Dewgong|move: Protect\n|\n|-heal|p1a: Dewgong|65\/100|[from] item: Leftovers\n|-damage|p2a: Charizard|31\/100|[from] move: Whirlpool|[partiallytrapped]\n|-start|p2a: Charizard|perish2\n|-start|p1a: Dewgong|perish2\n|upkeep\n|turn|4\n|\n|t:|1699552664\n|move|p2a: Charizard|Earthquake|p1a: Dewgong\n|-damage|p1a: Dewgong|24\/100\n|move|p1a: Dewgong|Whirlpool|p2a: Charizard\n|-damage|p2a: Charizard|19\/100\n|\n|-heal|p1a: Dewgong|30\/100|[from] item: Leftovers\n|-damage|p2a: Charizard|7\/100|[from] move: Whirlpool|[partiallytrapped]\n|-start|p2a: Charizard|perish1\n|-start|p1a: Dewgong|perish1\n|upkeep\n|turn|5\n|\n|t:|1699552682\n|switch|p1a: Land-hoe|Landorus-Therian, M|100\/100\n|-ability|p1a: Land-hoe|Intimidate|boost\n|-unboost|p2a: Charizard|atk|1\n|move|p2a: Charizard|Flare Blitz|p1a: Land-hoe\n|-damage|p1a: Land-hoe|26\/100\n|-damage|p2a: Charizard|0 fnt|[from] item: Rocky Helmet|[of] p1a: Land-hoe\n|faint|p2a: Charizard\n|\n|upkeep\n|\n|t:|1699552703\n|switch|p2a: Samurott|Samurott-Hisui, F|100\/100\n|turn|6\n|\n|t:|1699552717\n|move|p2a: Samurott|Ceaseless Edge|p1a: Land-hoe\n|-damage|p1a: Land-hoe|0 fnt\n|-damage|p2a: Samurott|84\/100|[from] item: Rocky Helmet|[of] p1a: Land-hoe\n|-sidestart|p1: DoloMsolo|Spikes\n|faint|p1a: Land-hoe\n|\n|upkeep\n|\n|t:|1699552723\n|switch|p1a: TapThaKoKo|Tapu Koko|100\/100\n|-fieldstart|move: Electric Terrain|[from] ability: Electric Surge|[of] p1a: TapThaKoKo\n|turn|7\n|\n|t:|1699552732\n|switch|p2a: Excadrill|Excadrill, M|100\/100\n|-ability|p2a: Excadrill|Mold Breaker\n|move|p1a: TapThaKoKo|Hidden Power|p2a: Excadrill\n|-damage|p2a: Excadrill|87\/100\n|\n|-heal|p2a: Excadrill|93\/100|[from] item: Leftovers\n|upkeep\n|turn|8\n|inactive|backin95 has 120 seconds left.\n|\n|t:|1699552764\n|switch|p1a: DntBugMe|Iron Moth|100\/100\n|-activate|p1a: DntBugMe|ability: Quark Drive\n|-start|p1a: DntBugMe|quarkdrivespe\n|move|p2a: Excadrill|Toxic|p1a: DntBugMe\n|-immune|p1a: DntBugMe\n|\n|-heal|p2a: Excadrill|99\/100|[from] item: Leftovers\n|upkeep\n|turn|9\n|inactive|backin95 has 120 seconds left.\n|\n|t:|1699552775\n|move|p1a: DntBugMe|Fiery Dance|p2a: Excadrill\n|-supereffective|p2a: Excadrill\n|-crit|p2a: Excadrill\n|-damage|p2a: Excadrill|12\/100\n|move|p2a: Excadrill|Earthquake|p1a: DntBugMe\n|-supereffective|p1a: DntBugMe\n|-damage|p1a: DntBugMe|0 fnt\n|faint|p1a: DntBugMe\n|-end|p1a: DntBugMe|Quark Drive|[silent]\n|\n|-heal|p2a: Excadrill|18\/100|[from] item: Leftovers\n|upkeep\n|inactive|DoloMsolo has 120 seconds left.\n|\n|t:|1699552792\n|switch|p1a: TapThaKoKo|Tapu Koko|100\/100\n|turn|10\n|\n|t:|1699552795\n|move|p1a: TapThaKoKo|Dazzling Gleam|p2a: Excadrill\n|-resisted|p2a: Excadrill\n|-damage|p2a: Excadrill|5\/100\n|move|p2a: Excadrill|Earthquake|p1a: TapThaKoKo\n|-supereffective|p1a: TapThaKoKo\n|-damage|p1a: TapThaKoKo|0 fnt\n|faint|p1a: TapThaKoKo\n|\n|-heal|p2a: Excadrill|11\/100|[from] item: Leftovers\n|upkeep\n|\n|t:|1699552804\n|switch|p1a: BakeAWake|Iron Jugulis|100\/100\n|-activate|p1a: BakeAWake|ability: Quark Drive\n|-start|p1a: BakeAWake|quarkdrivespe\n|turn|11\n|\n|t:|1699552812\n|switch|p2a: Tapu Koko|Tapu Koko|100\/100\n|move|p1a: BakeAWake|Flamethrower|p2a: Tapu Koko\n|-damage|p2a: Tapu Koko|56\/100\n|-status|p2a: Tapu Koko|brn\n|\n|-damage|p2a: Tapu Koko|50\/100 brn|[from] brn\n|-fieldend|move: Electric Terrain\n|-end|p1a: BakeAWake|Quark Drive\n|upkeep\n|turn|12\n|\n|t:|1699552824\n|move|p2a: Tapu Koko|Volt Switch|p1a: BakeAWake\n|-supereffective|p1a: BakeAWake\n|-damage|p1a: BakeAWake|33\/100\n|\n|t:|1699552830\n|switch|p2a: Iron Valiant|Iron Valiant|100\/100|[from] Volt Switch\n|move|p1a: BakeAWake|Earth Power|p2a: Iron Valiant\n|-damage|p2a: Iron Valiant|50\/100\n|\n|upkeep\n|turn|13\n|\n|t:|1699552839\n|move|p2a: Iron Valiant|Moonblast|p1a: BakeAWake\n|-supereffective|p1a: BakeAWake\n|-damage|p1a: BakeAWake|0 fnt\n|faint|p1a: BakeAWake\n|-end|p1a: BakeAWake|Quark Drive|[silent]\n|-damage|p2a: Iron Valiant|41\/100|[from] item: Life Orb\n|\n|upkeep\n|\n|t:|1699552842\n|switch|p1a: Dewgong|Dewgong, F|30\/100\n|-damage|p1a: Dewgong|18\/100|[from] Spikes\n|turn|14\n|\n|t:|1699552846\n|move|p1a: Dewgong|Protect|p1a: Dewgong\n|-singleturn|p1a: Dewgong|Protect\n|move|p2a: Iron Valiant|Moonblast|p1a: Dewgong\n|-activate|p1a: Dewgong|move: Protect\n|\n|-heal|p1a: Dewgong|24\/100|[from] item: Leftovers\n|upkeep\n|turn|15\n|\n|t:|1699552853\n|move|p2a: Iron Valiant|Moonblast|p1a: Dewgong\n|-damage|p1a: Dewgong|0 fnt\n|faint|p1a: Dewgong\n|-damage|p2a: Iron Valiant|31\/100|[from] item: Life Orb\n|\n|upkeep\n|\n|t:|1699552856\n|switch|p1a: Donbozo|Dondozo, F, shiny|100\/100\n|-damage|p1a: Donbozo|88\/100|[from] Spikes\n|turn|16\n|\n|t:|1699552865\n|move|p2a: Iron Valiant|Moonblast|p1a: Donbozo\n|-damage|p1a: Donbozo|44\/100\n|-damage|p2a: Iron Valiant|21\/100|[from] item: Life Orb\n|move|p1a: Donbozo|Body Press|p2a: Iron Valiant\n|-resisted|p2a: Iron Valiant\n|-damage|p2a: Iron Valiant|5\/100\n|\n|-heal|p1a: Donbozo|50\/100|[from] item: Leftovers\n|upkeep\n|turn|17\n|\n|t:|1699552871\n|move|p2a: Iron Valiant|Moonblast|p1a: Donbozo\n|-damage|p1a: Donbozo|4\/100\n|-unboost|p1a: Donbozo|spa|1\n|-damage|p2a: Iron Valiant|0 fnt|[from] item: Life Orb\n|faint|p2a: Iron Valiant\n|-end|p2a: Iron Valiant|Quark Drive|[silent]\n|move|p1a: Donbozo|Rest|p1a: Donbozo\n|-status|p1a: Donbozo|slp|[from] move: Rest\n|-heal|p1a: Donbozo|100\/100 slp|[silent]\n|\n|upkeep\n|\n|t:|1699552880\n|switch|p2a: Tapu Koko|Tapu Koko|50\/100 brn\n|-fieldstart|move: Electric Terrain|[from] ability: Electric Surge|[of] p2a: Tapu Koko\n|turn|18\n|\n|t:|1699552889\n|-terastallize|p1a: Donbozo|Grass\n|-zpower|p2a: Tapu Koko\n|move|p2a: Tapu Koko|Gigavolt Havoc|p1a: Donbozo|[zeffect]\n|-resisted|p1a: Donbozo\n|-damage|p1a: Donbozo|74\/100 slp\n|cant|p1a: Donbozo|slp\n|move|p1a: Donbozo|Sleep Talk|p1a: Donbozo\n|move|p1a: Donbozo|Curse|p1a: Donbozo|[from]move: Sleep Talk\n|-unboost|p1a: Donbozo|spe|1\n|-boost|p1a: Donbozo|atk|1\n|-boost|p1a: Donbozo|def|1\n|\n|-heal|p1a: Donbozo|80\/100 slp|[from] item: Leftovers\n|-damage|p2a: Tapu Koko|44\/100 brn|[from] brn\n|upkeep\n|turn|19\n|\n|t:|1699552897\n|move|p2a: Tapu Koko|U-turn|p1a: Donbozo\n|-supereffective|p1a: Donbozo\n|-damage|p1a: Donbozo|74\/100 slp\n|\n|t:|1699552905\n|switch|p2a: Corviknight|Corviknight, M, shiny|100\/100|[from] U-turn\n|cant|p1a: Donbozo|slp\n|move|p1a: Donbozo|Sleep Talk|p1a: Donbozo\n|move|p1a: Donbozo|Body Press|p2a: Corviknight|[from]move: Sleep Talk\n|-damage|p2a: Corviknight|77\/100\n|-damage|p1a: Donbozo|57\/100 slp|[from] item: Rocky Helmet|[of] p2a: Corviknight\n|\n|-heal|p1a: Donbozo|63\/100 slp|[from] item: Leftovers\n|upkeep\n|turn|20\n|\n|t:|1699552917\n|move|p2a: Corviknight|Brave Bird|p1a: Donbozo\n|-supereffective|p1a: Donbozo\n|-damage|p1a: Donbozo|36\/100 slp\n|-damage|p2a: Corviknight|67\/100|[from] Recoil\n|-curestatus|p1a: Donbozo|slp|[msg]\n|move|p1a: Donbozo|Curse|p1a: Donbozo\n|-unboost|p1a: Donbozo|spe|1\n|-boost|p1a: Donbozo|atk|1\n|-boost|p1a: Donbozo|def|1\n|\n|-heal|p1a: Donbozo|42\/100|[from] item: Leftovers\n|upkeep\n|turn|21\n|\n|t:|1699552924\n|move|p2a: Corviknight|Brave Bird|p1a: Donbozo\n|-supereffective|p1a: Donbozo\n|-damage|p1a: Donbozo|19\/100\n|-damage|p2a: Corviknight|59\/100|[from] Recoil\n|move|p1a: Donbozo|Curse|p1a: Donbozo\n|-unboost|p1a: Donbozo|spe|1\n|-boost|p1a: Donbozo|atk|1\n|-boost|p1a: Donbozo|def|1\n|\n|-heal|p1a: Donbozo|25\/100|[from] item: Leftovers\n|upkeep\n|turn|22\n|\n|t:|1699552930\n|move|p2a: Corviknight|Brave Bird|p1a: Donbozo\n|-supereffective|p1a: Donbozo\n|-damage|p1a: Donbozo|8\/100\n|-damage|p2a: Corviknight|53\/100|[from] Recoil\n|move|p1a: Donbozo|Curse|p1a: Donbozo\n|-unboost|p1a: Donbozo|spe|1\n|-boost|p1a: Donbozo|atk|1\n|-boost|p1a: Donbozo|def|1\n|\n|-heal|p1a: Donbozo|15\/100|[from] item: Leftovers\n|-fieldend|move: Electric Terrain\n|upkeep\n|turn|23\n|\n|t:|1699552933\n|move|p2a: Corviknight|Brave Bird|p1a: Donbozo\n|-supereffective|p1a: Donbozo\n|-damage|p1a: Donbozo|1\/100\n|-damage|p2a: Corviknight|48\/100|[from] Recoil\n|move|p1a: Donbozo|Rest|p1a: Donbozo\n|-status|p1a: Donbozo|slp|[from] move: Rest\n|-heal|p1a: Donbozo|100\/100 slp|[silent]\n|\n|upkeep\n|turn|24\n|\n|t:|1699552948\n|switch|p2a: Tapu Koko|Tapu Koko|44\/100 brn\n|-fieldstart|move: Electric Terrain|[from] ability: Electric Surge|[of] p2a: Tapu Koko\n|cant|p1a: Donbozo|slp\n|move|p1a: Donbozo|Sleep Talk|p1a: Donbozo\n|move|p1a: Donbozo|Rest||[from]move: Sleep Talk|[still]\n|-fail|p1a: Donbozo\n|\n|-damage|p2a: Tapu Koko|38\/100 brn|[from] brn\n|upkeep\n|turn|25\n|\n|t:|1699552954\n|move|p2a: Tapu Koko|Hidden Power|p1a: Donbozo\n|-supereffective|p1a: Donbozo\n|-damage|p1a: Donbozo|77\/100 slp\n|cant|p1a: Donbozo|slp\n|move|p1a: Donbozo|Sleep Talk|p1a: Donbozo\n|move|p1a: Donbozo|Rest||[from]move: Sleep Talk|[still]\n|-fail|p1a: Donbozo\n|\n|-heal|p1a: Donbozo|83\/100 slp|[from] item: Leftovers\n|-damage|p2a: Tapu Koko|31\/100 brn|[from] brn\n|upkeep\n|turn|26\n|\n|t:|1699552958\n|move|p2a: Tapu Koko|Hidden Power|p1a: Donbozo\n|-supereffective|p1a: Donbozo\n|-damage|p1a: Donbozo|58\/100 slp\n|-curestatus|p1a: Donbozo|slp|[msg]\n|move|p1a: Donbozo|Sleep Talk||[still]\n|-fail|p1a: Donbozo\n|\n|-heal|p1a: Donbozo|64\/100|[from] item: Leftovers\n|-damage|p2a: Tapu Koko|25\/100 brn|[from] brn\n|upkeep\n|turn|27\n|\n|t:|1699552961\n|move|p2a: Tapu Koko|Hidden Power|p1a: Donbozo\n|-supereffective|p1a: Donbozo\n|-damage|p1a: Donbozo|39\/100\n|move|p1a: Donbozo|Curse|p1a: Donbozo\n|-unboost|p1a: Donbozo|spe|1\n|-boost|p1a: Donbozo|atk|1\n|-boost|p1a: Donbozo|def|1\n|\n|-heal|p1a: Donbozo|45\/100|[from] item: Leftovers\n|-damage|p2a: Tapu Koko|19\/100 brn|[from] brn\n|upkeep\n|turn|28\n|\n|t:|1699552973\n|move|p2a: Tapu Koko|Taunt|p1a: Donbozo\n|-start|p1a: Donbozo|move: Taunt\n|move|p1a: Donbozo|Body Press|p2a: Tapu Koko\n|-resisted|p2a: Tapu Koko\n|-damage|p2a: Tapu Koko|0 fnt\n|faint|p2a: Tapu Koko\n|\n|-heal|p1a: Donbozo|52\/100|[from] item: Leftovers\n|-fieldend|move: Electric Terrain\n|upkeep\n|\n|t:|1699552985\n|switch|p2a: Samurott|Samurott-Hisui, F|84\/100\n|turn|29\n|\n|t:|1699552990\n|move|p2a: Samurott|Sacred Sword|p1a: Donbozo\n|-damage|p1a: Donbozo|28\/100\n|move|p1a: Donbozo|Body Press|p2a: Samurott\n|-supereffective|p2a: Samurott\n|-damage|p2a: Samurott|0 fnt\n|faint|p2a: Samurott\n|\n|-heal|p1a: Donbozo|35\/100|[from] item: Leftovers\n|upkeep\n|\n|t:|1699552995\n|switch|p2a: Corviknight|Corviknight, M, shiny|48\/100\n|turn|30\n|\n|t:|1699552998\n|move|p2a: Corviknight|Brave Bird|p1a: Donbozo\n|-supereffective|p1a: Donbozo\n|-damage|p1a: Donbozo|23\/100\n|-damage|p2a: Corviknight|43\/100|[from] Recoil\n|move|p1a: Donbozo|Body Press|p2a: Corviknight\n|-damage|p2a: Corviknight|0 fnt\n|-damage|p1a: Donbozo|7\/100|[from] item: Rocky Helmet|[of] p2a: Corviknight\n|faint|p2a: Corviknight\n|\n|-heal|p1a: Donbozo|13\/100|[from] item: Leftovers\n|-end|p1a: Donbozo|move: Taunt\n|upkeep\n|n|!backin95|backin95\n|l|!backin95\n|inactive|backin95 disconnected and has a minute to reconnect!\n|player|p2|\n|inactive|backin95 has 30 seconds to reconnect!\n|inactive|backin95 has 20 seconds to reconnect!\n|c|\u2606DoloMsolo|Lmaoo really\n|inactive|backin95 has 15 seconds to reconnect!\n|inactive|backin95 has 10 seconds to reconnect!\n|inactive|backin95 has 5 seconds to reconnect!\n|-message|backin95 lost due to inactivity.\n|\n|win|DoloMsolo\n|raw|DoloMsolo's rating: 1274 &rarr; <strong>1303<\/strong><br \/>(+29 for winning)\n|raw|backin95's rating: 1324 &rarr; <strong>1301<\/strong><br \/>(-23 for losing)\n","uploadtime":1699553014,"views":4,"p1id":"dolomsolo","p2id":"backin95","formatid":"gen9nationaldex","rating":1301,"private":0,"password":""}