{"id":"gen9nationaldex-1988038974","p1":"AshMegaLuxio","p2":"The Critical God","format":"[Gen 9] National Dex","log":"|j|\u2606AshMegaLuxio\n|j|\u203dThe Critical God\n|inactive|Battle timer is ON: inactive players will automatically lose when time's up.\n|t:|1699662113\n|gametype|singles\n|player|p1|AshMegaLuxio|red-masters|\n|player|p2|The Critical God|1|\n|teamsize|p1|6\n|teamsize|p2|6\n|gen|9\n|tier|[Gen 9] National Dex\n|rated|Tournament battle\n|rule|HP Percentage Mod: HP is shown in percentages\n|rule|Endless Battle Clause: Forcing endless battles is banned\n|rule|OHKO Clause: OHKO moves are banned\n|rule|Evasion Clause: Evasion abilities, items, and moves are banned\n|rule|Evasion Abilities Clause: Evasion abilities are banned\n|rule|Evasion Items Clause: Evasion items are banned\n|rule|Evasion Moves Clause: Evasion moves are banned\n|rule|Species Clause: Limit one of each Pok\u00e9mon\n|rule|Sleep Clause Mod: Limit one foe put to sleep\n|clearpoke\n|poke|p1|Glimmora, M|\n|poke|p1|Iron Valiant|\n|poke|p1|Iron Moth|\n|poke|p1|Meowscarada, M|\n|poke|p1|Great Tusk|\n|poke|p1|Tornadus-Therian, M|\n|poke|p2|Glimmora, F|\n|poke|p2|Kommo-o, M|\n|poke|p2|Gliscor, M|\n|poke|p2|Volcarona, M|\n|poke|p2|Alomomola, M|\n|poke|p2|Toxapex, M|\n|teampreview\n|inactive|AshMegaLuxio also wants the timer to be on.\n|c|\u2606AshMegaLuxio|jf\n|c|\u2606AshMegaLuxio|hf\n|\n|t:|1699662127\n|start\n|switch|p1a: Iron Moth|Iron Moth|100\/100\n|switch|p2a: Glimmora|Glimmora, F|100\/100\n|-enditem|p1a: Iron Moth|Booster Energy\n|-activate|p1a: Iron Moth|ability: Quark Drive|[fromitem]\n|-start|p1a: Iron Moth|quarkdrivespe\n|turn|1\n|\n|t:|1699662132\n|move|p1a: Iron Moth|Psychic|p2a: Glimmora\n|-supereffective|p2a: Glimmora\n|-damage|p2a: Glimmora|28\/100\n|move|p2a: Glimmora|Stealth Rock|p1a: Iron Moth\n|-sidestart|p1: AshMegaLuxio|move: Stealth Rock\n|\n|upkeep\n|turn|2\n|j| XXMurdrXX\n|j| Jumeninja\n|\n|t:|1699662154\n|move|p1a: Iron Moth|Fiery Dance|p2a: Glimmora\n|-resisted|p2a: Glimmora\n|-damage|p2a: Glimmora|5\/100\n|move|p2a: Glimmora|Toxic Spikes|p1a: Iron Moth\n|-sidestart|p1: AshMegaLuxio|move: Toxic Spikes\n|\n|upkeep\n|turn|3\n|inactive|The Critical God has 120 seconds left.\n|\n|t:|1699662175\n|switch|p2a: Kommo-o|Kommo-o, M|100\/100\n|move|p1a: Iron Moth|Fiery Dance|p2a: Kommo-o\n|-resisted|p2a: Kommo-o\n|-damage|p2a: Kommo-o|74\/100\n|\n|upkeep\n|turn|4\n|\n|t:|1699662178\n|move|p1a: Iron Moth|Psychic|p2a: Kommo-o\n|-supereffective|p2a: Kommo-o\n|-damage|p2a: Kommo-o|0 fnt\n|faint|p2a: Kommo-o\n|\n|upkeep\n|\n|t:|1699662191\n|switch|p2a: Alomomola|Alomomola, M|100\/100\n|turn|5\n|\n|t:|1699662194\n|move|p1a: Iron Moth|Energy Ball|p2a: Alomomola\n|-supereffective|p2a: Alomomola\n|-damage|p2a: Alomomola|29\/100\n|move|p2a: Alomomola|Flip Turn|p1a: Iron Moth\n|-supereffective|p1a: Iron Moth\n|-damage|p1a: Iron Moth|52\/100\n|\n|t:|1699662198\n|switch|p2a: Gliscor|Gliscor, M|100\/100|[from] Flip Turn\n|\n|-status|p2a: Gliscor|tox|[from] item: Toxic Orb\n|upkeep\n|turn|6\n|c|\u2606AshMegaLuxio|i love not getting boosts\\\n|\n|t:|1699662206\n|move|p1a: Iron Moth|Fiery Dance|p2a: Gliscor\n|-damage|p2a: Gliscor|36\/100 tox\n|-boost|p1a: Iron Moth|spa|1\n|move|p2a: Gliscor|Earthquake|p1a: Iron Moth\n|-supereffective|p1a: Iron Moth\n|-damage|p1a: Iron Moth|0 fnt\n|faint|p1a: Iron Moth\n|-end|p1a: Iron Moth|Quark Drive|[silent]\n|\n|-heal|p2a: Gliscor|49\/100 tox|[from] ability: Poison Heal\n|upkeep\n|\n|t:|1699662216\n|switch|p1a: Tornadus|Tornadus-Therian, M|100\/100\n|-damage|p1a: Tornadus|75\/100|[from] Stealth Rock\n|turn|7\n|\n|t:|1699662228\n|move|p2a: Gliscor|Protect|p2a: Gliscor\n|-singleturn|p2a: Gliscor|Protect\n|move|p1a: Tornadus|Nasty Plot|p1a: Tornadus\n|-boost|p1a: Tornadus|spa|2\n|\n|-heal|p2a: Gliscor|61\/100 tox|[from] ability: Poison Heal\n|upkeep\n|turn|8\n|\n|t:|1699662232\n|move|p1a: Tornadus|Hurricane|p2a: Gliscor\n|-damage|p2a: Gliscor|0 fnt\n|faint|p2a: Gliscor\n|\n|upkeep\n|\n|t:|1699662238\n|switch|p2a: Toxapex|Toxapex, M|100\/100\n|turn|9\n|\n|t:|1699662241\n|-zpower|p1a: Tornadus\n|move|p1a: Tornadus|Supersonic Skystrike|p2a: Toxapex|[zeffect]\n|-damage|p2a: Toxapex|0 fnt\n|faint|p2a: Toxapex\n|\n|upkeep\n|-message|The Critical God forfeited.\n|\n|win|AshMegaLuxio\n|n|\u2606AshMegaLuxio|ashmegaluxio\n|n|\u203dThe Critical God|thecriticalgod\n|n| XXMurdrXX|xxmurdrxx\n|n| Jumeninja|jumeninja\n|l|\u203dThe Critical God\n|c|\u2606AshMegaLuxio|gg\\\n","uploadtime":1699662253,"views":4,"p1id":"ashmegaluxio","p2id":"thecriticalgod","formatid":"gen9nationaldex","rating":0,"private":0,"password":""}