{"id":"gen9nationaldex-1994769334","p1":"shfeha","p2":"sbww34","format":"[Gen 9] National Dex","log":"|html|<div class=\"broadcast-blue\"><strong>[Gen 9] National Dex is currently suspecting Sneasler! For information on how to participate check out the <a href=\"https:\/\/www.smogon.com\/forums\/threads\/sv-national-dex-suspect-8-just-dance.3731534\/\">suspect thread<\/a>.<\/strong><\/div>\n|j|\u2606shfeha\n|j|\u2606sbww34\n|t:|1700490965\n|gametype|singles\n|player|p1|shfeha|cyclist|1209\n|player|p2|sbww34|1|1210\n|teamsize|p1|6\n|teamsize|p2|6\n|gen|9\n|tier|[Gen 9] National Dex\n|rated|\n|rule|HP Percentage Mod: HP is shown in percentages\n|rule|Endless Battle Clause: Forcing endless battles is banned\n|rule|OHKO Clause: OHKO moves are banned\n|rule|Evasion Clause: Evasion abilities, items, and moves are banned\n|rule|Evasion Abilities Clause: Evasion abilities are banned\n|rule|Evasion Items Clause: Evasion items are banned\n|rule|Evasion Moves Clause: Evasion moves are banned\n|rule|Species Clause: Limit one of each Pok\u00e9mon\n|rule|Sleep Clause Mod: Limit one foe put to sleep\n|clearpoke\n|poke|p1|Bisharp, F|\n|poke|p1|Grimmsnarl, M|\n|poke|p1|Tornadus-Therian, M|\n|poke|p1|Tapu Koko|\n|poke|p1|Iron Valiant|\n|poke|p1|Medicham, M|\n|poke|p2|Toxapex, F|\n|poke|p2|Dondozo, M|\n|poke|p2|Garganacl, F|\n|poke|p2|Sableye, M|\n|poke|p2|Clodsire, F|\n|poke|p2|Gliscor, M|\n|teampreview\n|inactive|Battle timer is ON: inactive players will automatically lose when time's up. (requested by sbww34)\n|inactive|shfeha also wants the timer to be on.\n|\n|t:|1700490978\n|start\n|switch|p1a: Grimmsnarl|Grimmsnarl, M|100\/100\n|switch|p2a: Sableye|Sableye, M|100\/100\n|turn|1\n|\n|t:|1700490981\n|detailschange|p2a: Sableye|Sableye-Mega, M\n|-mega|p2a: Sableye|Sableye|Sablenite\n|move|p2a: Sableye|Protect|p2a: Sableye\n|-singleturn|p2a: Sableye|Protect\n|move|p1a: Grimmsnarl|Taunt|p2a: Sableye\n|-activate|p2a: Sableye|move: Protect\n|\n|upkeep\n|turn|2\n|\n|t:|1700490986\n|move|p1a: Grimmsnarl|Reflect|p1a: Grimmsnarl\n|-sidestart|p1: shfeha|Reflect\n|move|p2a: Sableye|Knock Off|p1a: Grimmsnarl\n|-resisted|p1a: Grimmsnarl\n|-damage|p1a: Grimmsnarl|96\/100\n|-enditem|p1a: Grimmsnarl|Light Clay|[from] move: Knock Off|[of] p2a: Sableye\n|\n|upkeep\n|turn|3\n|\n|t:|1700490997\n|switch|p1a: Tornadus|Tornadus-Therian, M|100\/100\n|switch|p2a: Gliscor|Gliscor, M|100\/100\n|\n|-status|p2a: Gliscor|tox|[from] item: Toxic Orb\n|upkeep\n|turn|4\n|\n|t:|1700491004\n|move|p1a: Tornadus|Hurricane|p2a: Gliscor\n|-damage|p2a: Gliscor|40\/100 tox\n|move|p2a: Gliscor|Toxic|p1a: Tornadus\n|-status|p1a: Tornadus|tox\n|\n|-damage|p1a: Tornadus|94\/100 tox|[from] psn\n|-heal|p2a: Gliscor|52\/100 tox|[from] ability: Poison Heal\n|upkeep\n|turn|5\n|\n|t:|1700491010\n|switch|p2a: Garganacl|Garganacl, F|100\/100\n|move|p1a: Tornadus|Hurricane|p2a: Garganacl\n|-resisted|p2a: Garganacl\n|-damage|p2a: Garganacl|83\/100\n|\n|-heal|p2a: Garganacl|89\/100|[from] item: Leftovers\n|-damage|p1a: Tornadus|82\/100 tox|[from] psn\n|upkeep\n|turn|6\n|\n|t:|1700491018\n|switch|p1a: Medicham|Medicham, M|100\/100\n|move|p2a: Garganacl|Stealth Rock|p1a: Medicham\n|-sidestart|p1: shfeha|move: Stealth Rock\n|\n|-heal|p2a: Garganacl|95\/100|[from] item: Leftovers\n|upkeep\n|turn|7\n|\n|t:|1700491023\n|detailschange|p1a: Medicham|Medicham-Mega, M\n|-mega|p1a: Medicham|Medicham|Medichamite\n|move|p2a: Garganacl|Protect|p2a: Garganacl\n|-singleturn|p2a: Garganacl|Protect\n|move|p1a: Medicham|Fake Out|p2a: Garganacl\n|-activate|p2a: Garganacl|move: Protect\n|\n|-heal|p2a: Garganacl|100\/100|[from] item: Leftovers\n|upkeep\n|turn|8\n|\n|t:|1700491027\n|switch|p2a: Toxapex|Toxapex, F|100\/100\n|move|p1a: Medicham|Close Combat|p2a: Toxapex\n|-resisted|p2a: Toxapex\n|-damage|p2a: Toxapex|59\/100\n|-unboost|p1a: Medicham|def|1\n|-unboost|p1a: Medicham|spd|1\n|-damage|p1a: Medicham|84\/100|[from] item: Rocky Helmet|[of] p2a: Toxapex\n|\n|upkeep\n|turn|9\n|\n|t:|1700491035\n|switch|p2a: Sableye|Sableye-Mega, M|100\/100\n|move|p1a: Medicham|Zen Headbutt|p2a: Sableye\n|-immune|p2a: Sableye\n|\n|-sideend|p1: shfeha|Reflect\n|upkeep\n|turn|10\n|\n|t:|1700491041\n|switch|p1a: Grimmsnarl|Grimmsnarl, M|96\/100\n|-damage|p1a: Grimmsnarl|83\/100|[from] Stealth Rock\n|move|p2a: Sableye|Protect||[still]\n|-fail|p2a: Sableye\n|\n|upkeep\n|turn|11\n|\n|t:|1700491050\n|switch|p2a: Gliscor|Gliscor, M|52\/100 tox\n|move|p1a: Grimmsnarl|Spirit Break|p2a: Gliscor\n|-damage|p2a: Gliscor|32\/100 tox\n|-unboost|p2a: Gliscor|spa|1\n|\n|-heal|p2a: Gliscor|45\/100 tox|[from] ability: Poison Heal\n|upkeep\n|turn|12\n|\n|t:|1700491057\n|switch|p2a: Sableye|Sableye-Mega, M|100\/100\n|move|p1a: Grimmsnarl|Taunt|p2a: Sableye\n|move|p2a: Sableye|Taunt|p1a: Grimmsnarl|[from]ability: Magic Bounce\n|-start|p1a: Grimmsnarl|move: Taunt\n|\n|upkeep\n|turn|13\n|\n|t:|1700491062\n|switch|p2a: Toxapex|Toxapex, F|92\/100\n|move|p1a: Grimmsnarl|Spirit Break|p2a: Toxapex\n|-resisted|p2a: Toxapex\n|-damage|p2a: Toxapex|81\/100\n|-unboost|p2a: Toxapex|spa|1\n|-damage|p1a: Grimmsnarl|67\/100|[from] item: Rocky Helmet|[of] p2a: Toxapex\n|\n|upkeep\n|turn|14\n|\n|t:|1700491072\n|switch|p1a: Tornadus|Tornadus-Therian, M|100\/100 tox\n|-damage|p1a: Tornadus|76\/100 tox|[from] Stealth Rock\n|move|p2a: Toxapex|Toxic|p1a: Tornadus\n|-fail|p1a: Tornadus|tox\n|\n|-damage|p1a: Tornadus|70\/100 tox|[from] psn\n|upkeep\n|turn|15\n|\n|t:|1700491083\n|switch|p2a: Garganacl|Garganacl, F|100\/100\n|-terastallize|p1a: Tornadus|Ground\n|move|p1a: Tornadus|Tera Blast|p2a: Garganacl|[anim] Tera Blast Ground\n|-supereffective|p2a: Garganacl\n|-damage|p2a: Garganacl|55\/100\n|\n|-heal|p2a: Garganacl|61\/100|[from] item: Leftovers\n|-damage|p1a: Tornadus|58\/100 tox|[from] psn\n|upkeep\n|turn|16\n|\n|t:|1700491090\n|move|p2a: Garganacl|Protect|p2a: Garganacl\n|-singleturn|p2a: Garganacl|Protect\n|move|p1a: Tornadus|Tera Blast|p2a: Garganacl|[anim] Tera Blast Ground\n|-activate|p2a: Garganacl|move: Protect\n|\n|-heal|p2a: Garganacl|68\/100|[from] item: Leftovers\n|-damage|p1a: Tornadus|40\/100 tox|[from] psn\n|upkeep\n|turn|17\n|\n|t:|1700491097\n|move|p1a: Tornadus|Tera Blast|p2a: Garganacl|[anim] Tera Blast Ground\n|-supereffective|p2a: Garganacl\n|-damage|p2a: Garganacl|15\/100\n|move|p2a: Garganacl|Recover|p2a: Garganacl\n|-heal|p2a: Garganacl|65\/100\n|\n|-heal|p2a: Garganacl|72\/100|[from] item: Leftovers\n|-damage|p1a: Tornadus|16\/100 tox|[from] psn\n|upkeep\n|turn|18\n|\n|t:|1700491102\n|move|p2a: Garganacl|Protect|p2a: Garganacl\n|-singleturn|p2a: Garganacl|Protect\n|move|p1a: Tornadus|Defog|p2a: Garganacl\n|-activate|p2a: Garganacl|move: Protect\n|\n|-heal|p2a: Garganacl|78\/100|[from] item: Leftovers\n|-damage|p1a: Tornadus|0 fnt|[from] psn\n|faint|p1a: Tornadus\n|upkeep\n|\n|t:|1700491109\n|switch|p1a: Bisharp|Bisharp, F, shiny|100\/100\n|-damage|p1a: Bisharp|95\/100|[from] Stealth Rock\n|turn|19\n|\n|t:|1700491115\n|move|p1a: Bisharp|Iron Head|p2a: Garganacl\n|-supereffective|p2a: Garganacl\n|-damage|p2a: Garganacl|13\/100\n|cant|p2a: Garganacl|flinch\n|\n|-heal|p2a: Garganacl|19\/100|[from] item: Leftovers\n|upkeep\n|turn|20\n|\n|t:|1700491120\n|switch|p2a: Toxapex|Toxapex, F|100\/100\n|move|p1a: Bisharp|Iron Head|p2a: Toxapex\n|-resisted|p2a: Toxapex\n|-damage|p2a: Toxapex|83\/100\n|-damage|p1a: Bisharp|78\/100|[from] item: Rocky Helmet|[of] p2a: Toxapex\n|\n|upkeep\n|turn|21\n|\n|t:|1700491123\n|move|p1a: Bisharp|Swords Dance|p1a: Bisharp\n|-boost|p1a: Bisharp|atk|2\n|move|p2a: Toxapex|Scald|p1a: Bisharp\n|-damage|p1a: Bisharp|56\/100\n|\n|upkeep\n|turn|22\n|\n|t:|1700491129\n|move|p1a: Bisharp|Knock Off|p2a: Toxapex\n|-damage|p2a: Toxapex|0 fnt\n|-damage|p1a: Bisharp|39\/100|[from] item: Rocky Helmet|[of] p2a: Toxapex\n|-enditem|p2a: Toxapex|Rocky Helmet|[from] move: Knock Off|[of] p1a: Bisharp\n|faint|p2a: Toxapex\n|\n|upkeep\n|\n|t:|1700491137\n|switch|p2a: Dondozo|Dondozo, M|100\/100\n|turn|23\n|\n|t:|1700491141\n|move|p1a: Bisharp|Knock Off|p2a: Dondozo\n|-damage|p2a: Dondozo|70\/100\n|-enditem|p2a: Dondozo|Leftovers|[from] move: Knock Off|[of] p1a: Bisharp\n|move|p2a: Dondozo|Curse|p2a: Dondozo\n|-unboost|p2a: Dondozo|spe|1\n|-boost|p2a: Dondozo|atk|1\n|-boost|p2a: Dondozo|def|1\n|\n|upkeep\n|turn|24\n|\n|t:|1700491149\n|move|p1a: Bisharp|Iron Head|p2a: Dondozo\n|-resisted|p2a: Dondozo\n|-damage|p2a: Dondozo|63\/100\n|cant|p2a: Dondozo|flinch\n|\n|upkeep\n|turn|25\n|\n|t:|1700491154\n|move|p1a: Bisharp|Knock Off|p2a: Dondozo\n|-damage|p2a: Dondozo|49\/100\n|move|p2a: Dondozo|Curse|p2a: Dondozo\n|-unboost|p2a: Dondozo|spe|1\n|-boost|p2a: Dondozo|atk|1\n|-boost|p2a: Dondozo|def|1\n|\n|upkeep\n|turn|26\n|\n|t:|1700491157\n|move|p1a: Bisharp|Knock Off|p2a: Dondozo\n|-damage|p2a: Dondozo|40\/100\n|move|p2a: Dondozo|Rest|p2a: Dondozo\n|-status|p2a: Dondozo|slp|[from] move: Rest\n|-heal|p2a: Dondozo|100\/100 slp|[silent]\n|\n|upkeep\n|turn|27\n|\n|t:|1700491160\n|move|p1a: Bisharp|Knock Off|p2a: Dondozo\n|-damage|p2a: Dondozo|90\/100 slp\n|cant|p2a: Dondozo|slp\n|move|p2a: Dondozo|Sleep Talk|p2a: Dondozo\n|move|p2a: Dondozo|Liquidation|p1a: Bisharp|[from]move: Sleep Talk\n|-damage|p1a: Bisharp|0 fnt\n|faint|p1a: Bisharp\n|\n|upkeep\n|\n|t:|1700491168\n|switch|p1a: Tapu Koko|Tapu Koko, shiny|100\/100\n|-damage|p1a: Tapu Koko|88\/100|[from] Stealth Rock\n|-fieldstart|move: Electric Terrain|[from] ability: Electric Surge|[of] p1a: Tapu Koko\n|turn|28\n|\n|t:|1700491172\n|switch|p2a: Clodsire|Clodsire, F|100\/100\n|move|p1a: Tapu Koko|Grass Knot|p2a: Clodsire\n|-damage|p2a: Clodsire|78\/100\n|-damage|p1a: Tapu Koko|78\/100|[from] item: Life Orb\n|\n|-heal|p2a: Clodsire|85\/100|[from] item: Leftovers\n|upkeep\n|turn|29\n|\n|t:|1700491180\n|switch|p1a: Grimmsnarl|Grimmsnarl, M|67\/100\n|-damage|p1a: Grimmsnarl|55\/100|[from] Stealth Rock\n|move|p2a: Clodsire|Earthquake|p1a: Grimmsnarl\n|-damage|p1a: Grimmsnarl|19\/100\n|\n|-heal|p2a: Clodsire|91\/100|[from] item: Leftovers\n|upkeep\n|turn|30\n|\n|t:|1700491185\n|switch|p2a: Sableye|Sableye-Mega, M|100\/100\n|move|p1a: Grimmsnarl|Taunt|p2a: Sableye\n|move|p2a: Sableye|Taunt|p1a: Grimmsnarl|[from]ability: Magic Bounce\n|-start|p1a: Grimmsnarl|move: Taunt\n|\n|upkeep\n|turn|31\n|\n|t:|1700491192\n|switch|p2a: Clodsire|Clodsire, F|91\/100\n|move|p1a: Grimmsnarl|Spirit Break|p2a: Clodsire\n|-resisted|p2a: Clodsire\n|-damage|p2a: Clodsire|74\/100\n|-unboost|p2a: Clodsire|spa|1\n|\n|-heal|p2a: Clodsire|80\/100|[from] item: Leftovers\n|upkeep\n|turn|32\n|\n|t:|1700491197\n|move|p1a: Grimmsnarl|Spirit Break|p2a: Clodsire\n|-resisted|p2a: Clodsire\n|-damage|p2a: Clodsire|63\/100\n|-unboost|p2a: Clodsire|spa|1\n|move|p2a: Clodsire|Spikes|p1a: Grimmsnarl\n|-sidestart|p1: shfeha|Spikes\n|\n|-heal|p2a: Clodsire|69\/100|[from] item: Leftovers\n|-fieldend|move: Electric Terrain\n|upkeep\n|turn|33\n|\n|t:|1700491201\n|move|p1a: Grimmsnarl|Spirit Break|p2a: Clodsire\n|-resisted|p2a: Clodsire\n|-crit|p2a: Clodsire\n|-damage|p2a: Clodsire|43\/100\n|-unboost|p2a: Clodsire|spa|1\n|move|p2a: Clodsire|Recover|p2a: Clodsire\n|-heal|p2a: Clodsire|93\/100\n|\n|-heal|p2a: Clodsire|99\/100|[from] item: Leftovers\n|-end|p1a: Grimmsnarl|move: Taunt\n|upkeep\n|turn|34\n|\n|t:|1700491206\n|move|p1a: Grimmsnarl|Taunt|p2a: Clodsire\n|-start|p2a: Clodsire|move: Taunt\n|move|p2a: Clodsire|Poison Jab|p1a: Grimmsnarl\n|-supereffective|p1a: Grimmsnarl\n|-damage|p1a: Grimmsnarl|0 fnt\n|faint|p1a: Grimmsnarl\n|\n|-heal|p2a: Clodsire|100\/100|[from] item: Leftovers\n|upkeep\n|\n|t:|1700491218\n|switch|p1a: Iron Valiant|Iron Valiant|100\/100\n|-damage|p1a: Iron Valiant|94\/100|[from] Stealth Rock\n|-damage|p1a: Iron Valiant|82\/100|[from] Spikes\n|turn|35\n|\n|t:|1700491225\n|move|p1a: Iron Valiant|Knock Off|p2a: Clodsire\n|-damage|p2a: Clodsire|51\/100\n|-enditem|p2a: Clodsire|Leftovers|[from] move: Knock Off|[of] p1a: Iron Valiant\n|-damage|p1a: Iron Valiant|72\/100|[from] item: Life Orb\n|move|p2a: Clodsire|Poison Jab|p1a: Iron Valiant\n|-supereffective|p1a: Iron Valiant\n|-damage|p1a: Iron Valiant|15\/100\n|-status|p1a: Iron Valiant|psn\n|\n|-damage|p1a: Iron Valiant|3\/100 psn|[from] psn\n|upkeep\n|turn|36\n|\n|t:|1700491239\n|switch|p2a: Gliscor|Gliscor, M|45\/100 tox\n|move|p1a: Iron Valiant|Close Combat|p2a: Gliscor\n|-resisted|p2a: Gliscor\n|-damage|p2a: Gliscor|18\/100 tox\n|-unboost|p1a: Iron Valiant|def|1\n|-unboost|p1a: Iron Valiant|spd|1\n|-damage|p1a: Iron Valiant|0 fnt|[from] item: Life Orb\n|faint|p1a: Iron Valiant\n|-end|p1a: Iron Valiant|Quark Drive|[silent]\n|\n|-heal|p2a: Gliscor|30\/100 tox|[from] ability: Poison Heal\n|upkeep\n|\n|t:|1700491247\n|switch|p1a: Tapu Koko|Tapu Koko, shiny|78\/100\n|-damage|p1a: Tapu Koko|66\/100|[from] Stealth Rock\n|-damage|p1a: Tapu Koko|53\/100|[from] Spikes\n|-fieldstart|move: Electric Terrain|[from] ability: Electric Surge|[of] p1a: Tapu Koko\n|turn|37\n|\n|t:|1700491253\n|switch|p2a: Clodsire|Clodsire, F|51\/100\n|move|p1a: Tapu Koko|Hidden Power|p2a: Clodsire\n|-supereffective|p2a: Clodsire\n|-damage|p2a: Clodsire|27\/100\n|-damage|p1a: Tapu Koko|43\/100|[from] item: Life Orb\n|\n|upkeep\n|turn|38\n|\n|t:|1700491264\n|move|p1a: Tapu Koko|Grass Knot|p2a: Clodsire\n|-damage|p2a: Clodsire|3\/100\n|-damage|p1a: Tapu Koko|33\/100|[from] item: Life Orb\n|move|p2a: Clodsire|Recover|p2a: Clodsire\n|-heal|p2a: Clodsire|53\/100\n|\n|upkeep\n|turn|39\n|\n|t:|1700491267\n|switch|p1a: Medicham|Medicham-Mega, M|84\/100\n|-damage|p1a: Medicham|78\/100|[from] Stealth Rock\n|-damage|p1a: Medicham|66\/100|[from] Spikes\n|move|p2a: Clodsire|Recover|p2a: Clodsire\n|-heal|p2a: Clodsire|100\/100\n|\n|upkeep\n|turn|40\n|\n|t:|1700491277\n|switch|p2a: Gliscor|Gliscor, M|30\/100 tox\n|move|p1a: Medicham|Zen Headbutt|p2a: Gliscor\n|-damage|p2a: Gliscor|0 fnt\n|faint|p2a: Gliscor\n|\n|upkeep\n|\n|t:|1700491284\n|switch|p2a: Dondozo|Dondozo, M|90\/100 slp\n|turn|41\n|\n|t:|1700491288\n|move|p1a: Medicham|Zen Headbutt|p2a: Dondozo\n|-damage|p2a: Dondozo|61\/100 slp\n|cant|p2a: Dondozo|slp\n|move|p2a: Dondozo|Sleep Talk|p2a: Dondozo\n|move|p2a: Dondozo|Liquidation|p1a: Medicham|[from]move: Sleep Talk\n|-damage|p1a: Medicham|24\/100\n|\n|-fieldend|move: Electric Terrain\n|upkeep\n|turn|42\n|\n|t:|1700491295\n|move|p1a: Medicham|Close Combat|p2a: Dondozo\n|-damage|p2a: Dondozo|16\/100 slp\n|-unboost|p1a: Medicham|def|1\n|-unboost|p1a: Medicham|spd|1\n|-curestatus|p2a: Dondozo|slp|[msg]\n|move|p2a: Dondozo|Liquidation|p1a: Medicham\n|-damage|p1a: Medicham|0 fnt\n|faint|p1a: Medicham\n|\n|upkeep\n|\n|t:|1700491298\n|switch|p1a: Tapu Koko|Tapu Koko, shiny|33\/100\n|-damage|p1a: Tapu Koko|21\/100|[from] Stealth Rock\n|-damage|p1a: Tapu Koko|8\/100|[from] Spikes\n|-fieldstart|move: Electric Terrain|[from] ability: Electric Surge|[of] p1a: Tapu Koko\n|turn|43\n|\n|t:|1700491304\n|move|p1a: Tapu Koko|Grass Knot|p2a: Dondozo\n|-supereffective|p2a: Dondozo\n|-damage|p2a: Dondozo|0 fnt\n|faint|p2a: Dondozo\n|-damage|p1a: Tapu Koko|0 fnt|[from] item: Life Orb\n|faint|p1a: Tapu Koko\n|\n|win|sbww34\n|raw|shfeha's rating: 1209 &rarr; <strong>1186<\/strong><br \/>(-23 for losing)\n|raw|sbww34's rating: 1240 &rarr; <strong>1263<\/strong><br \/>(+23 for winning)\n","uploadtime":1700491307,"views":1,"p1id":"shfeha","p2id":"sbww34","formatid":"gen9nationaldex","rating":1186,"private":0,"password":""}