{"id":"gen9nationaldex-1997365636","p1":"jopo2020","p2":"ELGRANBIEGELAM","format":"[Gen 9] National Dex","log":"|html|<div class=\"broadcast-blue\"><strong>[Gen 9] National Dex is currently suspecting Sneasler! For information on how to participate check out the <a href=\"https:\/\/www.smogon.com\/forums\/threads\/sv-national-dex-suspect-8-just-dance.3731534\/\">suspect thread<\/a>.<\/strong><\/div>\n|j|\u2606jopo2020\n|j|\u2606ELGRANBIEGELAM\n|t:|1700794715\n|gametype|singles\n|player|p1|jopo2020|biker-gen4|1050\n|player|p2|ELGRANBIEGELAM|lucas|1000\n|teamsize|p1|6\n|teamsize|p2|6\n|gen|9\n|tier|[Gen 9] National Dex\n|rated|\n|rule|HP Percentage Mod: HP is shown in percentages\n|rule|Endless Battle Clause: Forcing endless battles is banned\n|rule|OHKO Clause: OHKO moves are banned\n|rule|Evasion Clause: Evasion abilities, items, and moves are banned\n|rule|Evasion Abilities Clause: Evasion abilities are banned\n|rule|Evasion Items Clause: Evasion items are banned\n|rule|Evasion Moves Clause: Evasion moves are banned\n|rule|Species Clause: Limit one of each Pok\u00e9mon\n|rule|Sleep Clause Mod: Limit one foe put to sleep\n|clearpoke\n|poke|p1|Tapu Koko|\n|poke|p1|Manectric, F|\n|poke|p1|Tapu Fini|\n|poke|p1|Kommo-o, F|\n|poke|p1|Iron Valiant|\n|poke|p1|Tornadus-Therian, M|\n|poke|p2|Vespiquen, F|\n|poke|p2|Glimmora, F|\n|poke|p2|Samurott-Hisui, M|\n|poke|p2|Hawlucha, F|\n|poke|p2|Gliscor, M|\n|poke|p2|Electrode-Hisui|\n|teampreview\n|inactive|Battle timer is ON: inactive players will automatically lose when time's up. (requested by jopo2020)\n|\n|t:|1700794738\n|start\n|switch|p1a: Tapu Koko|Tapu Koko|100\/100\n|switch|p2a: Electrode|Electrode-Hisui|100\/100\n|-fieldstart|move: Electric Terrain|[from] ability: Electric Surge|[of] p1a: Tapu Koko\n|turn|1\n|\n|t:|1700794749\n|move|p1a: Tapu Koko|Thunderbolt|p2a: Electrode\n|-resisted|p2a: Electrode\n|-damage|p2a: Electrode|81\/100\n|move|p2a: Electrode|Chloroblast|p1a: Tapu Koko\n|-damage|p1a: Tapu Koko|13\/100\n|-damage|p2a: Electrode|30\/100|[from] Recoil\n|-damage|p2a: Electrode|20\/100|[from] item: Life Orb\n|\n|upkeep\n|turn|2\n|\n|t:|1700794758\n|switch|p1a: Tornadus|Tornadus-Therian, M|100\/100\n|move|p2a: Electrode|Thunder|p1a: Tornadus|[miss]\n|-miss|p2a: Electrode|p1a: Tornadus\n|\n|upkeep\n|turn|3\n|\n|t:|1700794767\n|switch|p1a: Manectric|Manectric, F|100\/100\n|move|p2a: Electrode|Thunder|p1a: Manectric\n|-ability|p1a: Manectric|Lightning Rod|boost\n|-boost|p1a: Manectric|spa|1\n|\n|upkeep\n|turn|4\n|\n|t:|1700794774\n|detailschange|p1a: Manectric|Manectric-Mega, F\n|-mega|p1a: Manectric|Manectric|Manectite\n|-ability|p1a: Manectric|Intimidate|boost\n|-unboost|p2a: Electrode|atk|1\n|move|p1a: Manectric|Rising Voltage|p2a: Electrode\n|-hint|Rising Voltage's BP doubled on grounded target.\n|-resisted|p2a: Electrode\n|-damage|p2a: Electrode|0 fnt\n|faint|p2a: Electrode\n|\n|upkeep\n|\n|t:|1700794782\n|switch|p2a: Hawlucha|Hawlucha, F|100\/100\n|turn|5\n|\n|t:|1700794786\n|move|p2a: Hawlucha|Endure|p2a: Hawlucha\n|-singleturn|p2a: Hawlucha|move: Endure\n|move|p1a: Manectric|Rising Voltage|p2a: Hawlucha\n|-supereffective|p2a: Hawlucha\n|-activate|p2a: Hawlucha|move: Endure\n|-damage|p2a: Hawlucha|1\/100\n|-enditem|p2a: Hawlucha|Weakness Policy\n|-boost|p2a: Hawlucha|atk|2|[from] item: Weakness Policy\n|-boost|p2a: Hawlucha|spa|2|[from] item: Weakness Policy\n|\n|upkeep\n|turn|6\n|inactive|jopo2020 has 120 seconds left.\n|\n|t:|1700794816\n|switch|p1a: Tapu Fini|Tapu Fini|100\/100\n|-fieldstart|move: Misty Terrain|[from] ability: Misty Surge|[of] p1a: Tapu Fini\n|move|p2a: Hawlucha|Close Combat|p1a: Tapu Fini\n|-resisted|p1a: Tapu Fini\n|-damage|p1a: Tapu Fini|72\/100\n|-unboost|p2a: Hawlucha|def|1\n|-unboost|p2a: Hawlucha|spd|1\n|\n|upkeep\n|turn|7\n|\n|t:|1700794828\n|move|p2a: Hawlucha|Acrobatics|p1a: Tapu Fini\n|-damage|p1a: Tapu Fini|19\/100\n|move|p1a: Tapu Fini|Draining Kiss|p2a: Hawlucha\n|-supereffective|p2a: Hawlucha\n|-damage|p2a: Hawlucha|0 fnt\n|-heal|p1a: Tapu Fini|19\/100|[from] drain|[of] p2a: Hawlucha\n|faint|p2a: Hawlucha\n|\n|upkeep\n|\n|t:|1700794844\n|switch|p2a: Gliscor|Gliscor, M|100\/100\n|turn|8\n|\n|t:|1700794853\n|move|p1a: Tapu Fini|Trick|p2a: Gliscor\n|-activate|p1a: Tapu Fini|move: Trick|[of] p2a: Gliscor\n|-item|p2a: Gliscor|Ring Target|[from] move: Trick\n|-item|p1a: Tapu Fini|Toxic Orb|[from] move: Trick\n|move|p2a: Gliscor|Earthquake|p1a: Tapu Fini\n|-damage|p1a: Tapu Fini|0 fnt\n|faint|p1a: Tapu Fini\n|\n|upkeep\n|\n|t:|1700794859\n|switch|p1a: Tapu Koko|Tapu Koko|13\/100\n|-fieldstart|move: Electric Terrain|[from] ability: Electric Surge|[of] p1a: Tapu Koko\n|turn|9\n|\n|t:|1700794871\n|move|p1a: Tapu Koko|Volt Switch|p2a: Gliscor\n|-supereffective|p2a: Gliscor\n|-damage|p2a: Gliscor|0 fnt\n|faint|p2a: Gliscor\n|\n|t:|1700794876\n|switch|p1a: Manectric|Manectric-Mega, F|100\/100|[from] Volt Switch\n|\n|upkeep\n|\n|t:|1700794882\n|switch|p2a: Glimmora|Glimmora, F|100\/100\n|turn|10\n|\n|t:|1700794887\n|move|p1a: Manectric|Rising Voltage|p2a: Glimmora\n|-hint|Rising Voltage's BP doubled on grounded target.\n|-enditem|p2a: Glimmora|Focus Sash\n|-damage|p2a: Glimmora|1\/100\n|move|p2a: Glimmora|Rock Polish|p2a: Glimmora\n|-boost|p2a: Glimmora|spe|2\n|\n|upkeep\n|turn|11\n|\n|t:|1700794898\n|switch|p1a: Tornadus|Tornadus-Therian, M|100\/100\n|-terastallize|p2a: Glimmora|Rock\n|move|p2a: Glimmora|Power Gem|p1a: Tornadus\n|-supereffective|p1a: Tornadus\n|-damage|p1a: Tornadus|39\/100\n|\n|upkeep\n|turn|12\n|\n|t:|1700794911\n|-terastallize|p1a: Tornadus|Ground\n|move|p2a: Glimmora|Power Gem|p1a: Tornadus\n|-resisted|p1a: Tornadus\n|-damage|p1a: Tornadus|23\/100\n|move|p1a: Tornadus|Hurricane|p2a: Glimmora\n|-resisted|p2a: Glimmora\n|-damage|p2a: Glimmora|0 fnt\n|faint|p2a: Glimmora\n|\n|upkeep\n|-message|ELGRANBIEGELAM forfeited.\n|\n|win|jopo2020\n|raw|jopo2020's rating: 1050 &rarr; <strong>1078<\/strong><br \/>(+28 for winning)\n|raw|ELGRANBIEGELAM's rating: 1000 &rarr; <strong>1000<\/strong><br \/>(+0 for losing)\n|l|\u2606ELGRANBIEGELAM\n","uploadtime":1700794921,"views":3,"p1id":"jopo2020","p2id":"elgranbiegelam","formatid":"gen9nationaldex","rating":1000,"private":0,"password":""}