{"id":"gen9nationaldex-1989525704","p1":"FlyingSudowoodo","p2":"qing1fan","format":"[Gen 9] National Dex","log":"|j|\u2606FlyingSudowoodo\n|j|\u2606qing1fan\n|t:|1699865721\n|gametype|singles\n|player|p1|FlyingSudowoodo|cheren|1424\n|player|p2|qing1fan|dawn|1468\n|teamsize|p1|6\n|teamsize|p2|6\n|gen|9\n|tier|[Gen 9] National Dex\n|rated|\n|rule|HP Percentage Mod: HP is shown in percentages\n|rule|Endless Battle Clause: Forcing endless battles is banned\n|rule|OHKO Clause: OHKO moves are banned\n|rule|Evasion Clause: Evasion abilities, items, and moves are banned\n|rule|Evasion Abilities Clause: Evasion abilities are banned\n|rule|Evasion Items Clause: Evasion items are banned\n|rule|Evasion Moves Clause: Evasion moves are banned\n|rule|Species Clause: Limit one of each Pok\u00e9mon\n|rule|Sleep Clause Mod: Limit one foe put to sleep\n|clearpoke\n|poke|p1|Banette, F|\n|poke|p1|Alomomola, M|\n|poke|p1|Clodsire, M|\n|poke|p1|Glimmora, M|\n|poke|p1|Tapu Lele|\n|poke|p1|Hawlucha, F|\n|poke|p2|Landorus-Therian, M|\n|poke|p2|Rillaboom, F|\n|poke|p2|Sneasler, M|\n|poke|p2|Garganacl, F|\n|poke|p2|Moltres|\n|poke|p2|Lopunny, F|\n|teampreview\n|\n|t:|1699865733\n|start\n|switch|p1a: Glimmora|Glimmora, M|100\/100\n|switch|p2a: Lopunny|Lopunny, F|100\/100\n|-item|p1a: Glimmora|Air Balloon\n|turn|1\n|inactive|Battle timer is ON: inactive players will automatically lose when time's up. (requested by FlyingSudowoodo)\n|\n|t:|1699865741\n|detailschange|p2a: Lopunny|Lopunny-Mega, F\n|-mega|p2a: Lopunny|Lopunny|Lopunnite\n|move|p1a: Glimmora|Spiky Shield|p1a: Glimmora\n|-singleturn|p1a: Glimmora|move: Protect\n|move|p2a: Lopunny|Fake Out|p1a: Glimmora\n|-activate|p1a: Glimmora|move: Protect\n|-damage|p2a: Lopunny|88\/100|[from] Spiky Shield|[of] p1a: Glimmora\n|\n|upkeep\n|turn|2\n|\n|t:|1699865754\n|switch|p1a: Tapu Lele|Tapu Lele|100\/100\n|-fieldstart|move: Psychic Terrain|[from] ability: Psychic Surge|[of] p1a: Tapu Lele\n|move|p2a: Lopunny|U-turn|p1a: Tapu Lele\n|-damage|p1a: Tapu Lele|63\/100\n|\n|t:|1699865761\n|switch|p2a: Rillaboom|Rillaboom, F|100\/100|[from] U-turn\n|-fieldstart|move: Grassy Terrain|[from] ability: Grassy Surge|[of] p2a: Rillaboom\n|\n|-heal|p1a: Tapu Lele|69\/100|[from] Grassy Terrain\n|upkeep\n|turn|3\n|\n|t:|1699865769\n|switch|p1a: Glimmora|Glimmora, M|100\/100\n|-item|p1a: Glimmora|Air Balloon\n|move|p2a: Rillaboom|Knock Off|p1a: Glimmora\n|-damage|p1a: Glimmora|44\/100\n|-activate|p1a: Glimmora|ability: Toxic Debris\n|-sidestart|p2: qing1fan|move: Toxic Spikes\n|-enditem|p1a: Glimmora|Air Balloon\n|\n|-heal|p1a: Glimmora|51\/100|[from] Grassy Terrain\n|upkeep\n|turn|4\n|inactive|qing1fan has 120 seconds left.\n|\n|t:|1699865799\n|switch|p1a: Clodsire|Clodsire, M|100\/100\n|switch|p2a: Lopunny|Lopunny-Mega, F|88\/100\n|-status|p2a: Lopunny|psn\n|\n|-heal|p2a: Lopunny|94\/100 psn|[from] Grassy Terrain\n|-damage|p2a: Lopunny|82\/100 psn|[from] psn\n|upkeep\n|turn|5\n|\n|t:|1699865811\n|move|p2a: Lopunny|Fake Out|p1a: Clodsire\n|-damage|p1a: Clodsire|78\/100\n|cant|p1a: Clodsire|flinch\n|\n|-heal|p2a: Lopunny|88\/100 psn|[from] Grassy Terrain\n|-heal|p1a: Clodsire|85\/100|[from] Grassy Terrain\n|-heal|p1a: Clodsire|91\/100|[from] item: Leftovers\n|-damage|p2a: Lopunny|76\/100 psn|[from] psn\n|upkeep\n|turn|6\n|\n|t:|1699865821\n|move|p2a: Lopunny|U-turn|p1a: Clodsire\n|-resisted|p1a: Clodsire\n|-damage|p1a: Clodsire|76\/100\n|\n|t:|1699865825\n|switch|p2a: Landorus|Landorus-Therian, M|100\/100|[from] U-turn\n|-ability|p2a: Landorus|Intimidate|boost\n|-unboost|p1a: Clodsire|atk|1\n|move|p1a: Clodsire|Stealth Rock|p2a: Landorus\n|-sidestart|p2: qing1fan|move: Stealth Rock\n|\n|-heal|p1a: Clodsire|82\/100|[from] Grassy Terrain\n|-heal|p1a: Clodsire|88\/100|[from] item: Leftovers\n|-fieldend|move: Grassy Terrain\n|upkeep\n|turn|7\n|\n|t:|1699865842\n|switch|p1a: Alomomola|Alomomola, M|100\/100\n|move|p2a: Landorus|Stealth Rock|p1a: Alomomola\n|-sidestart|p1: FlyingSudowoodo|move: Stealth Rock\n|\n|upkeep\n|turn|8\n|\n|t:|1699865854\n|move|p2a: Landorus|U-turn|p1a: Alomomola\n|-damage|p1a: Alomomola|87\/100\n|\n|t:|1699865857\n|switch|p2a: Moltres|Moltres|100\/100|[from] U-turn\n|move|p1a: Alomomola|Flip Turn|p2a: Moltres\n|-supereffective|p2a: Moltres\n|-crit|p2a: Moltres\n|-damage|p2a: Moltres|60\/100\n|-status|p1a: Alomomola|brn|[from] ability: Flame Body|[of] p2a: Moltres\n|\n|t:|1699865867\n|switch|p1a: Tapu Lele|Tapu Lele|69\/100|[from] Flip Turn\n|-damage|p1a: Tapu Lele|56\/100|[from] Stealth Rock\n|-fieldstart|move: Psychic Terrain|[from] ability: Psychic Surge|[of] p1a: Tapu Lele\n|\n|upkeep\n|turn|9\n|\n|t:|1699865876\n|move|p1a: Tapu Lele|Psychic|p2a: Moltres\n|-damage|p2a: Moltres|9\/100\n|move|p2a: Moltres|Roost|p2a: Moltres\n|-heal|p2a: Moltres|59\/100\n|-singleturn|p2a: Moltres|move: Roost\n|\n|upkeep\n|turn|10\n|\n|t:|1699865884\n|-terastallize|p1a: Tapu Lele|Psychic\n|move|p1a: Tapu Lele|Psychic|p2a: Moltres\n|-damage|p2a: Moltres|0 fnt\n|faint|p2a: Moltres\n|\n|upkeep\n|\n|t:|1699865894\n|switch|p2a: Rillaboom|Rillaboom, F|100\/100\n|-status|p2a: Rillaboom|psn\n|-damage|p2a: Rillaboom|88\/100 psn|[from] Stealth Rock\n|-fieldstart|move: Grassy Terrain|[from] ability: Grassy Surge|[of] p2a: Rillaboom\n|turn|11\n|\n|t:|1699865903\n|switch|p1a: Glimmora|Glimmora, M|51\/100\n|-damage|p1a: Glimmora|38\/100|[from] Stealth Rock\n|move|p2a: Rillaboom|Grassy Glide|p1a: Glimmora\n|-crit|p1a: Glimmora\n|-damage|p1a: Glimmora|0 fnt\n|-activate|p1a: Glimmora|ability: Toxic Debris\n|-sidestart|p2: qing1fan|move: Toxic Spikes\n|faint|p1a: Glimmora\n|\n|-heal|p2a: Rillaboom|94\/100 psn|[from] Grassy Terrain\n|-damage|p2a: Rillaboom|82\/100 psn|[from] psn\n|upkeep\n|\n|t:|1699865917\n|switch|p1a: Tapu Lele|Tapu Lele, tera:Psychic|56\/100\n|-damage|p1a: Tapu Lele|44\/100|[from] Stealth Rock\n|-fieldstart|move: Psychic Terrain|[from] ability: Psychic Surge|[of] p1a: Tapu Lele\n|turn|12\n|\n|t:|1699865930\n|switch|p2a: Lopunny|Lopunny-Mega, F|76\/100 psn\n|-damage|p2a: Lopunny|70\/100 psn|[from] Stealth Rock\n|move|p1a: Tapu Lele|Psychic|p2a: Lopunny\n|-supereffective|p2a: Lopunny\n|-damage|p2a: Lopunny|0 fnt\n|faint|p2a: Lopunny\n|\n|upkeep\n|\n|t:|1699865935\n|switch|p2a: Rillaboom|Rillaboom, F|82\/100 psn\n|-damage|p2a: Rillaboom|70\/100 psn|[from] Stealth Rock\n|-fieldstart|move: Grassy Terrain|[from] ability: Grassy Surge|[of] p2a: Rillaboom\n|turn|13\n|\n|t:|1699865962\n|switch|p1a: Clodsire|Clodsire, M|88\/100\n|-damage|p1a: Clodsire|82\/100|[from] Stealth Rock\n|move|p2a: Rillaboom|U-turn|p1a: Clodsire\n|-resisted|p1a: Clodsire\n|-damage|p1a: Clodsire|63\/100\n|\n|t:|1699865969\n|switch|p2a: Sneasler|Sneasler, M|100\/100|[from] U-turn\n|-sideend|p2: qing1fan|move: Toxic Spikes|[of] p2a: Sneasler\n|-damage|p2a: Sneasler|95\/100|[from] Stealth Rock\n|-enditem|p2a: Sneasler|Grassy Seed\n|-boost|p2a: Sneasler|def|1|[from] item: Grassy Seed\n|\n|-heal|p2a: Sneasler|100\/100|[from] Grassy Terrain\n|-heal|p1a: Clodsire|69\/100|[from] Grassy Terrain\n|-heal|p1a: Clodsire|75\/100|[from] item: Leftovers\n|upkeep\n|turn|14\n|inactive|qing1fan has 120 seconds left.\n|\n|t:|1699866009\n|-terastallize|p2a: Sneasler|Flying\n|move|p2a: Sneasler|Acrobatics|p1a: Clodsire\n|-damage|p1a: Clodsire|15\/100\n|move|p1a: Clodsire|Earthquake|p2a: Sneasler\n|-immune|p2a: Sneasler\n|\n|-heal|p1a: Clodsire|21\/100|[from] Grassy Terrain\n|-heal|p1a: Clodsire|27\/100|[from] item: Leftovers\n|upkeep\n|turn|15\n|\n|t:|1699866021\n|switch|p1a: Banette|Banette, F|100\/100\n|-damage|p1a: Banette|88\/100|[from] Stealth Rock\n|move|p2a: Sneasler|Swords Dance|p2a: Sneasler\n|-boost|p2a: Sneasler|atk|2\n|\n|-heal|p1a: Banette|94\/100|[from] Grassy Terrain\n|upkeep\n|turn|16\n|\n|t:|1699866032\n|detailschange|p1a: Banette|Banette-Mega, F\n|-mega|p1a: Banette|Banette|Banettite\n|move|p1a: Banette|Encore|p2a: Sneasler\n|-start|p2a: Sneasler|Encore\n|move|p2a: Sneasler|Swords Dance|p2a: Sneasler\n|-boost|p2a: Sneasler|atk|2\n|\n|-heal|p1a: Banette|99\/100|[from] Grassy Terrain\n|upkeep\n|turn|17\n|\n|t:|1699866041\n|switch|p2a: Garganacl|Garganacl, F|100\/100\n|-damage|p2a: Garganacl|88\/100|[from] Stealth Rock\n|switch|p1a: Tapu Lele|Tapu Lele, tera:Psychic|44\/100\n|-damage|p1a: Tapu Lele|31\/100|[from] Stealth Rock\n|-fieldstart|move: Psychic Terrain|[from] ability: Psychic Surge|[of] p1a: Tapu Lele\n|\n|-heal|p2a: Garganacl|94\/100|[from] item: Leftovers\n|upkeep\n|turn|18\n|\n|t:|1699866058\n|switch|p2a: Rillaboom|Rillaboom, F|70\/100 psn\n|-damage|p2a: Rillaboom|57\/100 psn|[from] Stealth Rock\n|-fieldstart|move: Grassy Terrain|[from] ability: Grassy Surge|[of] p2a: Rillaboom\n|move|p1a: Tapu Lele|Energy Ball|p2a: Rillaboom\n|-resisted|p2a: Rillaboom\n|-crit|p2a: Rillaboom\n|-damage|p2a: Rillaboom|19\/100 psn\n|-unboost|p2a: Rillaboom|spd|1\n|\n|-heal|p1a: Tapu Lele|38\/100|[from] Grassy Terrain\n|-heal|p2a: Rillaboom|25\/100 psn|[from] Grassy Terrain\n|-damage|p2a: Rillaboom|13\/100 psn|[from] psn\n|upkeep\n|turn|19\n|\n|t:|1699866072\n|switch|p1a: Clodsire|Clodsire, M|27\/100\n|-damage|p1a: Clodsire|21\/100|[from] Stealth Rock\n|move|p2a: Rillaboom|U-turn|p1a: Clodsire\n|-resisted|p1a: Clodsire\n|-damage|p1a: Clodsire|2\/100\n|\n|t:|1699866076\n|switch|p2a: Sneasler|Sneasler, M, tera:Flying|100\/100|[from] U-turn\n|-damage|p2a: Sneasler|76\/100|[from] Stealth Rock\n|\n|-heal|p1a: Clodsire|9\/100|[from] Grassy Terrain\n|-heal|p1a: Clodsire|15\/100|[from] item: Leftovers\n|upkeep\n|turn|20\n|\n|t:|1699866086\n|move|p2a: Sneasler|Acrobatics|p1a: Clodsire\n|-damage|p1a: Clodsire|0 fnt\n|faint|p1a: Clodsire\n|\n|upkeep\n|\n|t:|1699866092\n|switch|p1a: Tapu Lele|Tapu Lele, tera:Psychic|38\/100\n|-damage|p1a: Tapu Lele|25\/100|[from] Stealth Rock\n|-fieldstart|move: Psychic Terrain|[from] ability: Psychic Surge|[of] p1a: Tapu Lele\n|turn|21\n|\n|t:|1699866099\n|move|p1a: Tapu Lele|Psychic|p2a: Sneasler\n|-damage|p2a: Sneasler|0 fnt\n|faint|p2a: Sneasler\n|\n|upkeep\n|\n|t:|1699866104\n|switch|p2a: Rillaboom|Rillaboom, F|13\/100 psn\n|-damage|p2a: Rillaboom|0 fnt|[from] Stealth Rock\n|faint|p2a: Rillaboom\n|\n|t:|1699866106\n|switch|p2a: Garganacl|Garganacl, F|94\/100\n|-damage|p2a: Garganacl|82\/100|[from] Stealth Rock\n|turn|22\n|\n|t:|1699866112\n|move|p1a: Tapu Lele|Psychic|p2a: Garganacl\n|-damage|p2a: Garganacl|31\/100\n|move|p2a: Garganacl|Salt Cure|p1a: Tapu Lele\n|-damage|p1a: Tapu Lele|3\/100\n|-start|p1a: Tapu Lele|Salt Cure\n|\n|-heal|p2a: Garganacl|38\/100|[from] item: Leftovers\n|-damage|p1a: Tapu Lele|0 fnt|[from] Salt Cure\n|faint|p1a: Tapu Lele\n|upkeep\n|\n|t:|1699866124\n|switch|p1a: Hawlucha|Hawlucha, F|100\/100\n|-damage|p1a: Hawlucha|88\/100|[from] Stealth Rock\n|-enditem|p1a: Hawlucha|Psychic Seed\n|-boost|p1a: Hawlucha|spd|1|[from] item: Psychic Seed\n|turn|23\n|\n|t:|1699866135\n|move|p1a: Hawlucha|Close Combat|p2a: Garganacl\n|-supereffective|p2a: Garganacl\n|-damage|p2a: Garganacl|0 fnt\n|-unboost|p1a: Hawlucha|def|1\n|-unboost|p1a: Hawlucha|spd|1\n|faint|p2a: Garganacl\n|\n|upkeep\n|\n|t:|1699866139\n|switch|p2a: Landorus|Landorus-Therian, M|100\/100\n|-damage|p2a: Landorus|88\/100|[from] Stealth Rock\n|-ability|p2a: Landorus|Intimidate|boost\n|-unboost|p1a: Hawlucha|atk|1\n|turn|24\n|\n|t:|1699866147\n|move|p1a: Hawlucha|Iron Head|p2a: Landorus\n|-damage|p2a: Landorus|77\/100\n|-damage|p1a: Hawlucha|72\/100|[from] item: Rocky Helmet|[of] p2a: Landorus\n|move|p2a: Landorus|U-turn|p1a: Hawlucha\n|-resisted|p1a: Hawlucha\n|-damage|p1a: Hawlucha|62\/100\n|\n|upkeep\n|turn|25\n|\n|t:|1699866154\n|move|p1a: Hawlucha|Swords Dance|p1a: Hawlucha\n|-boost|p1a: Hawlucha|atk|2\n|move|p2a: Landorus|Toxic|p1a: Hawlucha\n|-status|p1a: Hawlucha|tox\n|\n|-damage|p1a: Hawlucha|55\/100 tox|[from] psn\n|-fieldend|move: Psychic Terrain\n|upkeep\n|turn|26\n|\n|t:|1699866164\n|move|p1a: Hawlucha|Swords Dance|p1a: Hawlucha\n|-boost|p1a: Hawlucha|atk|2\n|move|p2a: Landorus|U-turn|p1a: Hawlucha\n|-resisted|p1a: Hawlucha\n|-damage|p1a: Hawlucha|45\/100 tox\n|\n|-damage|p1a: Hawlucha|33\/100 tox|[from] psn\n|upkeep\n|turn|27\n|\n|t:|1699866173\n|move|p1a: Hawlucha|Acrobatics|p2a: Landorus\n|-damage|p2a: Landorus|0 fnt\n|-damage|p1a: Hawlucha|16\/100 tox|[from] item: Rocky Helmet|[of] p2a: Landorus\n|faint|p2a: Landorus\n|\n|win|FlyingSudowoodo\n|raw|FlyingSudowoodo's rating: 1424 &rarr; <strong>1447<\/strong><br \/>(+23 for winning)\n|raw|qing1fan's rating: 1468 &rarr; <strong>1445<\/strong><br \/>(-23 for losing)\n|l|\u2606qing1fan\n","uploadtime":1699866180,"views":4,"p1id":"flyingsudowoodo","p2id":"qing1fan","formatid":"gen9nationaldex","rating":1445,"private":0,"password":""}