{"id":"gen9nationaldex-1993563299","p1":"Ashrith69","p2":"amongolo569","format":"[Gen 9] National Dex","log":"|j|\u2606Ashrith69\n|j|\u2606amongolo569\n|t:|1700332138\n|gametype|singles\n|player|p1|Ashrith69|shadowtriad|1171\n|player|p2|amongolo569|barry|1158\n|teamsize|p1|6\n|teamsize|p2|6\n|gen|9\n|tier|[Gen 9] National Dex\n|rated|\n|rule|HP Percentage Mod: HP is shown in percentages\n|rule|Endless Battle Clause: Forcing endless battles is banned\n|rule|OHKO Clause: OHKO moves are banned\n|rule|Evasion Clause: Evasion abilities, items, and moves are banned\n|rule|Evasion Abilities Clause: Evasion abilities are banned\n|rule|Evasion Items Clause: Evasion items are banned\n|rule|Evasion Moves Clause: Evasion moves are banned\n|rule|Species Clause: Limit one of each Pok\u00e9mon\n|rule|Sleep Clause Mod: Limit one foe put to sleep\n|clearpoke\n|poke|p1|Gliscor, M|\n|poke|p1|Ferrothorn, M|\n|poke|p1|Weavile, M|\n|poke|p1|Diancie|\n|poke|p1|Zapdos|\n|poke|p1|Slowking, M|\n|poke|p2|Charizard, F|\n|poke|p2|Great Tusk|\n|poke|p2|Meowscarada, M|\n|poke|p2|Rotom-Wash|\n|poke|p2|Ninetales-Alola, F|\n|poke|p2|Volcarona, M|\n|teampreview\n|inactive|Battle timer is ON: inactive players will automatically lose when time's up. (requested by Ashrith69)\n|inactive|amongolo569 also wants the timer to be on.\n|\n|t:|1700332153\n|start\n|switch|p1a: Gliscor|Gliscor, M|100\/100\n|switch|p2a: Great Tusk|Great Tusk|100\/100\n|turn|1\n|\n|t:|1700332162\n|move|p1a: Gliscor|Toxic|p2a: Great Tusk\n|-status|p2a: Great Tusk|tox\n|move|p2a: Great Tusk|Stealth Rock|p1a: Gliscor\n|-sidestart|p1: Ashrith69|move: Stealth Rock\n|\n|-damage|p2a: Great Tusk|94\/100 tox|[from] psn\n|-status|p1a: Gliscor|tox|[from] item: Toxic Orb\n|upkeep\n|turn|2\n|\n|t:|1700332180\n|move|p1a: Gliscor|Defog|p2a: Great Tusk\n|-unboost|p2a: Great Tusk|evasion|1\n|-sideend|p1: Ashrith69|Stealth Rock|[from] move: Defog|[of] p1a: Gliscor\n|move|p2a: Great Tusk|Rapid Spin|p1a: Gliscor\n|-damage|p1a: Gliscor|91\/100 tox\n|-boost|p2a: Great Tusk|spe|1\n|\n|-heal|p2a: Great Tusk|100\/100 tox|[from] item: Leftovers\n|-damage|p2a: Great Tusk|88\/100 tox|[from] psn\n|-heal|p1a: Gliscor|100\/100 tox|[from] ability: Poison Heal\n|upkeep\n|turn|3\n|\n|t:|1700332198\n|-end|p2a: Great Tusk|Protosynthesis|[silent]\n|switch|p2a: Ninetales|Ninetales-Alola, F|100\/100\n|-weather|Snow|[from] ability: Snow Warning|[of] p2a: Ninetales\n|switch|p1a: Zapdos|Zapdos|100\/100\n|\n|-weather|Snow|[upkeep]\n|upkeep\n|turn|4\n|\n|t:|1700332214\n|move|p2a: Ninetales|Aurora Veil|p2a: Ninetales\n|-sidestart|p2: amongolo569|move: Aurora Veil\n|move|p1a: Zapdos|Defog|p2a: Ninetales\n|-unboost|p2a: Ninetales|evasion|1\n|-sideend|p2: amongolo569|move: Aurora Veil\n|\n|-weather|Snow|[upkeep]\n|upkeep\n|turn|5\n|\n|t:|1700332224\n|move|p2a: Ninetales|Blizzard|p1a: Zapdos\n|-supereffective|p1a: Zapdos\n|-damage|p1a: Zapdos|14\/100\n|move|p1a: Zapdos|Discharge|p2a: Ninetales\n|-damage|p2a: Ninetales|47\/100\n|-status|p2a: Ninetales|par\n|\n|-weather|Snow|[upkeep]\n|-heal|p1a: Zapdos|20\/100|[from] item: Leftovers\n|upkeep\n|turn|6\n|\n|t:|1700332239\n|move|p1a: Zapdos|Discharge|p2a: Ninetales\n|-damage|p2a: Ninetales|0 fnt\n|faint|p2a: Ninetales\n|\n|-weather|Snow|[upkeep]\n|-heal|p1a: Zapdos|27\/100|[from] item: Leftovers\n|upkeep\n|\n|t:|1700332248\n|switch|p2a: Rotom|Rotom-Wash|100\/100\n|turn|7\n|\n|t:|1700332254\n|switch|p1a: Ferrothorn|Ferrothorn, M|100\/100\n|move|p2a: Rotom|Volt Switch|p1a: Ferrothorn\n|-resisted|p1a: Ferrothorn\n|-damage|p1a: Ferrothorn|88\/100\n|\n|t:|1700332263\n|switch|p2a: Charizard|Charizard, F|100\/100|[from] Volt Switch\n|\n|-weather|none\n|-heal|p1a: Ferrothorn|94\/100|[from] item: Leftovers\n|upkeep\n|turn|8\n|\n|t:|1700332272\n|move|p2a: Charizard|Dragon Dance|p2a: Charizard\n|-boost|p2a: Charizard|atk|1\n|-boost|p2a: Charizard|spe|1\n|move|p1a: Ferrothorn|Stealth Rock|p2a: Charizard\n|-sidestart|p2: amongolo569|move: Stealth Rock\n|\n|-heal|p1a: Ferrothorn|99\/100|[from] item: Leftovers\n|upkeep\n|turn|9\n|\n|t:|1700332283\n|switch|p1a: Gliscor|Gliscor, M|100\/100 tox\n|move|p2a: Charizard|Flare Blitz|p1a: Gliscor\n|-damage|p1a: Gliscor|50\/100 tox\n|-damage|p2a: Charizard|81\/100|[from] Recoil\n|\n|-heal|p1a: Gliscor|62\/100 tox|[from] ability: Poison Heal\n|upkeep\n|turn|10\n|\n|t:|1700332295\n|detailschange|p2a: Charizard|Charizard-Mega-X, F\n|-mega|p2a: Charizard|Charizard|Charizardite X\n|move|p2a: Charizard|Dragon Claw|p1a: Gliscor\n|-damage|p1a: Gliscor|7\/100 tox\n|move|p1a: Gliscor|Toxic|p2a: Charizard\n|-status|p2a: Charizard|tox\n|\n|-damage|p2a: Charizard|75\/100 tox|[from] psn\n|-heal|p1a: Gliscor|19\/100 tox|[from] ability: Poison Heal\n|upkeep\n|turn|11\n|\n|t:|1700332311\n|switch|p1a: Diancie|Diancie|100\/100\n|move|p2a: Charizard|Dragon Claw|p1a: Diancie\n|-immune|p1a: Diancie\n|\n|-damage|p2a: Charizard|62\/100 tox|[from] psn\n|upkeep\n|turn|12\n|\n|t:|1700332326\n|switch|p1a: Slowking|Slowking, M|100\/100\n|move|p2a: Charizard|Flare Blitz|p1a: Slowking\n|-resisted|p1a: Slowking\n|-damage|p1a: Slowking|28\/100\n|-damage|p2a: Charizard|31\/100 tox|[from] Recoil\n|-enditem|p1a: Slowking|Red Card|[of] p2a: Charizard\n|drag|p2a: Great Tusk|Great Tusk|88\/100 tox\n|-damage|p2a: Great Tusk|85\/100 tox|[from] Stealth Rock\n|\n|-heal|p2a: Great Tusk|91\/100 tox|[from] item: Leftovers\n|-damage|p2a: Great Tusk|85\/100 tox|[from] psn\n|upkeep\n|turn|13\n|\n|t:|1700332350\n|switch|p1a: Gliscor|Gliscor, M|19\/100 tox\n|move|p2a: Great Tusk|Rapid Spin|p1a: Gliscor\n|-damage|p1a: Gliscor|8\/100 tox\n|-boost|p2a: Great Tusk|spe|1\n|-sideend|p2: amongolo569|Stealth Rock|[from] move: Rapid Spin|[of] p2a: Great Tusk\n|\n|-heal|p2a: Great Tusk|91\/100 tox|[from] item: Leftovers\n|-damage|p2a: Great Tusk|79\/100 tox|[from] psn\n|-heal|p1a: Gliscor|21\/100 tox|[from] ability: Poison Heal\n|upkeep\n|turn|14\n|\n|t:|1700332363\n|move|p2a: Great Tusk|Close Combat|p1a: Gliscor\n|-resisted|p1a: Gliscor\n|-damage|p1a: Gliscor|3\/100 tox\n|-unboost|p2a: Great Tusk|def|1\n|-unboost|p2a: Great Tusk|spd|1\n|move|p1a: Gliscor|Roost|p1a: Gliscor\n|-heal|p1a: Gliscor|53\/100 tox\n|-singleturn|p1a: Gliscor|move: Roost\n|\n|-heal|p2a: Great Tusk|85\/100 tox|[from] item: Leftovers\n|-damage|p2a: Great Tusk|66\/100 tox|[from] psn\n|-heal|p1a: Gliscor|65\/100 tox|[from] ability: Poison Heal\n|upkeep\n|turn|15\n|\n|t:|1700332381\n|-end|p2a: Great Tusk|Protosynthesis|[silent]\n|switch|p2a: Rotom|Rotom-Wash|100\/100\n|move|p1a: Gliscor|Earthquake|p2a: Rotom\n|-immune|p2a: Rotom|[from] ability: Levitate\n|\n|-heal|p1a: Gliscor|78\/100 tox|[from] ability: Poison Heal\n|upkeep\n|turn|16\n|\n|t:|1700332391\n|-terastallize|p1a: Gliscor|Water\n|move|p1a: Gliscor|Toxic|p2a: Rotom\n|-status|p2a: Rotom|tox\n|move|p2a: Rotom|Hydro Pump|p1a: Gliscor|[miss]\n|-miss|p2a: Rotom|p1a: Gliscor\n|\n|-heal|p1a: Gliscor|90\/100 tox|[from] ability: Poison Heal\n|-damage|p2a: Rotom|94\/100 tox|[from] psn\n|upkeep\n|turn|17\n|\n|t:|1700332406\n|switch|p1a: Slowking|Slowking, M|61\/100\n|move|p2a: Rotom|Discharge|p1a: Slowking\n|-supereffective|p1a: Slowking\n|-damage|p1a: Slowking|15\/100\n|\n|-heal|p2a: Rotom|100\/100 tox|[from] item: Leftovers\n|-damage|p2a: Rotom|88\/100 tox|[from] psn\n|upkeep\n|turn|18\n|\n|t:|1700332419\n|switch|p1a: Ferrothorn|Ferrothorn, M|99\/100\n|move|p2a: Rotom|Volt Switch|p1a: Ferrothorn\n|-resisted|p1a: Ferrothorn\n|-damage|p1a: Ferrothorn|89\/100\n|\n|t:|1700332429\n|switch|p2a: Volcarona|Volcarona, M|100\/100|[from] Volt Switch\n|\n|-heal|p1a: Ferrothorn|95\/100|[from] item: Leftovers\n|upkeep\n|turn|19\n|\n|t:|1700332438\n|move|p2a: Volcarona|Quiver Dance|p2a: Volcarona\n|-boost|p2a: Volcarona|spa|1\n|-boost|p2a: Volcarona|spd|1\n|-boost|p2a: Volcarona|spe|1\n|move|p1a: Ferrothorn|Stealth Rock|p2a: Volcarona\n|-sidestart|p2: amongolo569|move: Stealth Rock\n|\n|-heal|p1a: Ferrothorn|100\/100|[from] item: Leftovers\n|upkeep\n|turn|20\n|\n|t:|1700332451\n|switch|p1a: Slowking|Slowking, M|48\/100\n|move|p2a: Volcarona|Fiery Dance|p1a: Slowking\n|-resisted|p1a: Slowking\n|-damage|p1a: Slowking|28\/100\n|\n|upkeep\n|turn|21\n|\n|t:|1700332462\n|move|p2a: Volcarona|Bug Buzz|p1a: Slowking\n|-supereffective|p1a: Slowking\n|-damage|p1a: Slowking|0 fnt\n|faint|p1a: Slowking\n|\n|upkeep\n|\n|t:|1700332470\n|switch|p1a: Diancie|Diancie|100\/100\n|turn|22\n|\n|t:|1700332478\n|detailschange|p1a: Diancie|Diancie-Mega\n|-mega|p1a: Diancie|Diancie|Diancite\n|-terastallize|p2a: Volcarona|Grass\n|move|p2a: Volcarona|Quiver Dance|p2a: Volcarona\n|-boost|p2a: Volcarona|spa|1\n|-boost|p2a: Volcarona|spd|1\n|-boost|p2a: Volcarona|spe|1\n|move|p1a: Diancie|Power Gem|p2a: Volcarona\n|-damage|p2a: Volcarona|73\/100\n|\n|upkeep\n|turn|23\n|\n|t:|1700332498\n|switch|p1a: Zapdos|Zapdos|27\/100\n|move|p2a: Volcarona|Giga Drain|p1a: Zapdos\n|-resisted|p1a: Zapdos\n|-damage|p1a: Zapdos|0 fnt\n|-heal|p2a: Volcarona|90\/100|[from] drain|[of] p1a: Zapdos\n|faint|p1a: Zapdos\n|\n|upkeep\n|\n|t:|1700332510\n|switch|p1a: Weavile|Weavile, M|100\/100\n|-ability|p1a: Weavile|Pressure\n|turn|24\n|\n|t:|1700332516\n|move|p1a: Weavile|Ice Shard|p2a: Volcarona\n|-supereffective|p2a: Volcarona\n|-damage|p2a: Volcarona|30\/100\n|move|p2a: Volcarona|Fiery Dance|p1a: Weavile\n|-supereffective|p1a: Weavile\n|-damage|p1a: Weavile|0 fnt\n|-boost|p2a: Volcarona|spa|1\n|faint|p1a: Weavile\n|\n|upkeep\n|\n|t:|1700332526\n|switch|p1a: Gliscor|Gliscor, M, tera:Water|90\/100 tox\n|turn|25\n|\n|t:|1700332531\n|move|p2a: Volcarona|Giga Drain|p1a: Gliscor\n|-supereffective|p1a: Gliscor\n|-damage|p1a: Gliscor|0 fnt\n|-heal|p2a: Volcarona|81\/100|[from] drain|[of] p1a: Gliscor\n|faint|p1a: Gliscor\n|\n|upkeep\n|\n|t:|1700332537\n|switch|p1a: Ferrothorn|Ferrothorn, M|100\/100\n|turn|26\n|\n|t:|1700332541\n|move|p2a: Volcarona|Fiery Dance|p1a: Ferrothorn\n|-supereffective|p1a: Ferrothorn\n|-damage|p1a: Ferrothorn|0 fnt\n|-boost|p2a: Volcarona|spa|1\n|faint|p1a: Ferrothorn\n|\n|upkeep\n|\n|t:|1700332547\n|switch|p1a: Diancie|Diancie-Mega|100\/100\n|turn|27\n|\n|t:|1700332552\n|move|p2a: Volcarona|Giga Drain|p1a: Diancie\n|-supereffective|p1a: Diancie\n|-damage|p1a: Diancie|0 fnt\n|-heal|p2a: Volcarona|100\/100|[from] drain|[of] p1a: Diancie\n|faint|p1a: Diancie\n|\n|win|amongolo569\n|raw|Ashrith69's rating: 1171 &rarr; <strong>1145<\/strong><br \/>(-26 for losing)\n|raw|amongolo569's rating: 1158 &rarr; <strong>1184<\/strong><br \/>(+26 for winning)\n|c|\u2606Ashrith69|gg\n|l|\u2606Ashrith69\n","uploadtime":1700332571,"views":6,"p1id":"ashrith69","p2id":"amongolo569","formatid":"gen9nationaldex","rating":1145,"private":0,"password":""}