{"id":"gen9nationaldex-2000603496","p1":"uMedcuzBed","p2":"mr Deuzp","format":"[Gen 9] National Dex","log":"|html|<div class=\"broadcast-blue\"><strong>[Gen 9] National Dex is currently suspecting Sneasler! For information on how to participate check out the <a href=\"https:\/\/www.smogon.com\/forums\/threads\/sv-national-dex-suspect-8-just-dance.3731534\/\">suspect thread<\/a>.<\/strong><\/div>\n|j|\u2606uMedcuzBed\n|j|\u2606mr Deuzp\n|t:|1701209568\n|gametype|singles\n|player|p1|uMedcuzBed|clown|1152\n|player|p2|mr Deuzp|shadowtriad|1229\n|teamsize|p1|6\n|teamsize|p2|6\n|gen|9\n|tier|[Gen 9] National Dex\n|rated|\n|rule|HP Percentage Mod: HP is shown in percentages\n|rule|Endless Battle Clause: Forcing endless battles is banned\n|rule|OHKO Clause: OHKO moves are banned\n|rule|Evasion Clause: Evasion abilities, items, and moves are banned\n|rule|Evasion Abilities Clause: Evasion abilities are banned\n|rule|Evasion Items Clause: Evasion items are banned\n|rule|Evasion Moves Clause: Evasion moves are banned\n|rule|Species Clause: Limit one of each Pok\u00e9mon\n|rule|Sleep Clause Mod: Limit one foe put to sleep\n|clearpoke\n|poke|p1|Ninetales-Alola, F|\n|poke|p1|Abomasnow, F|\n|poke|p1|Vanilluxe, F|\n|poke|p1|Aurorus, F|\n|poke|p1|Ribombee, F|\n|poke|p1|Jolteon, F|\n|poke|p2|Ursaluna, M|\n|poke|p2|Celesteela|\n|poke|p2|Thundurus-Therian, M|\n|poke|p2|Porygon2|\n|poke|p2|Sneasler, M|\n|poke|p2|Ninetales-Alola, F|\n|teampreview\n|\n|t:|1701209572\n|start\n|switch|p1a: KEKL|Ribombee, F, shiny|100\/100\n|switch|p2a: Ninetales|Ninetales-Alola, F, shiny|100\/100\n|-weather|Snow|[from] ability: Snow Warning|[of] p2a: Ninetales\n|turn|1\n|\n|t:|1701209582\n|move|p1a: KEKL|Sticky Web|p2a: Ninetales\n|-sidestart|p2: mr Deuzp|move: Sticky Web\n|move|p2a: Ninetales|Aurora Veil|p2a: Ninetales\n|-sidestart|p2: mr Deuzp|move: Aurora Veil\n|\n|-weather|Snow|[upkeep]\n|upkeep\n|turn|2\n|\n|t:|1701209589\n|switch|p1a: RainTeamLUL|Ninetales-Alola, F, shiny|100\/100\n|move|p2a: Ninetales|Blizzard|p1a: RainTeamLUL\n|-resisted|p1a: RainTeamLUL\n|-damage|p1a: RainTeamLUL|77\/100\n|\n|-weather|Snow|[upkeep]\n|upkeep\n|turn|3\n|\n|t:|1701209599\n|switch|p2a: Celesteela|Celesteela, shiny|100\/100\n|move|p1a: RainTeamLUL|Aurora Veil|p1a: RainTeamLUL\n|-sidestart|p1: uMedcuzBed|move: Aurora Veil\n|\n|-weather|Snow|[upkeep]\n|upkeep\n|turn|4\n|\n|t:|1701209608\n|move|p1a: RainTeamLUL|Chilling Water|p2a: Celesteela\n|-damage|p2a: Celesteela|95\/100\n|-unboost|p2a: Celesteela|atk|1\n|move|p2a: Celesteela|Leech Seed|p1a: RainTeamLUL\n|-start|p1a: RainTeamLUL|move: Leech Seed\n|\n|-weather|Snow|[upkeep]\n|-heal|p2a: Celesteela|100\/100|[from] item: Leftovers\n|-damage|p1a: RainTeamLUL|65\/100|[from] Leech Seed|[of] p2a: Celesteela\n|upkeep\n|turn|5\n|\n|t:|1701209619\n|switch|p1a: AbomaUmad|Abomasnow, F|100\/100\n|move|p2a: Celesteela|Flamethrower|p1a: AbomaUmad\n|-supereffective|p1a: AbomaUmad\n|-damage|p1a: AbomaUmad|51\/100\n|\n|-weather|none\n|upkeep\n|turn|6\n|\n|t:|1701209636\n|detailschange|p1a: AbomaUmad|Abomasnow-Mega, F\n|-mega|p1a: AbomaUmad|Abomasnow|Abomasite\n|-weather|Snow|[from] ability: Snow Warning|[of] p1a: AbomaUmad\n|move|p2a: Celesteela|Flamethrower|p1a: AbomaUmad\n|-supereffective|p1a: AbomaUmad\n|-damage|p1a: AbomaUmad|10\/100\n|-status|p1a: AbomaUmad|brn\n|move|p1a: AbomaUmad|Brick Break|p2a: Celesteela\n|-sideend|p2: mr Deuzp|move: Aurora Veil\n|-damage|p2a: Celesteela|91\/100\n|\n|-weather|Snow|[upkeep]\n|-heal|p2a: Celesteela|97\/100|[from] item: Leftovers\n|-damage|p1a: AbomaUmad|3\/100 brn|[from] brn\n|upkeep\n|turn|7\n|\n|t:|1701209653\n|move|p2a: Celesteela|Protect|p2a: Celesteela\n|-singleturn|p2a: Celesteela|Protect\n|move|p1a: AbomaUmad|Wood Hammer|p2a: Celesteela\n|-activate|p2a: Celesteela|move: Protect\n|\n|-weather|Snow|[upkeep]\n|-heal|p2a: Celesteela|100\/100|[from] item: Leftovers\n|-damage|p1a: AbomaUmad|0 fnt|[from] brn\n|faint|p1a: AbomaUmad\n|upkeep\n|\n|t:|1701209663\n|switch|p1a: JoltzLUL|Jolteon, F|100\/100\n|turn|8\n|inactive|Battle timer is ON: inactive players will automatically lose when time's up. (requested by uMedcuzBed)\n|\n|t:|1701209708\n|move|p1a: JoltzLUL|Shadow Ball|p2a: Celesteela\n|-damage|p2a: Celesteela|72\/100\n|-damage|p1a: JoltzLUL|91\/100|[from] item: Life Orb\n|move|p2a: Celesteela|Leech Seed|p1a: JoltzLUL\n|-start|p1a: JoltzLUL|move: Leech Seed\n|\n|-weather|Snow|[upkeep]\n|-heal|p2a: Celesteela|78\/100|[from] item: Leftovers\n|-damage|p1a: JoltzLUL|78\/100|[from] Leech Seed|[of] p2a: Celesteela\n|-heal|p2a: Celesteela|86\/100|[silent]\n|upkeep\n|turn|9\n|\n|t:|1701209718\n|move|p2a: Celesteela|Protect|p2a: Celesteela\n|-singleturn|p2a: Celesteela|Protect\n|move|p1a: JoltzLUL|Thunderbolt|p2a: Celesteela\n|-activate|p2a: Celesteela|move: Protect\n|\n|-weather|Snow|[upkeep]\n|-heal|p2a: Celesteela|92\/100|[from] item: Leftovers\n|-damage|p1a: JoltzLUL|66\/100|[from] Leech Seed|[of] p2a: Celesteela\n|-heal|p2a: Celesteela|100\/100|[silent]\n|upkeep\n|turn|10\n|\n|t:|1701209730\n|switch|p2a: Thundurus|Thundurus-Therian, M, shiny|100\/100\n|move|p1a: JoltzLUL|Thunderbolt|p2a: Thundurus\n|-immune|p2a: Thundurus|[from] ability: Volt Absorb\n|\n|-weather|none\n|-damage|p1a: JoltzLUL|53\/100|[from] Leech Seed|[of] p2a: Thundurus\n|-sideend|p1: uMedcuzBed|move: Aurora Veil\n|upkeep\n|turn|11\n|\n|t:|1701209740\n|switch|p1a: RainKEK|Aurorus, F, shiny|100\/100\n|-weather|Snow|[from] ability: Snow Warning|[of] p1a: RainKEK\n|move|p2a: Thundurus|Nasty Plot|p2a: Thundurus\n|-boost|p2a: Thundurus|spa|2\n|\n|-weather|Snow|[upkeep]\n|upkeep\n|turn|12\n|\n|t:|1701209754\n|move|p2a: Thundurus|Focus Blast|p1a: RainKEK|[miss]\n|-miss|p2a: Thundurus|p1a: RainKEK\n|move|p1a: RainKEK|Blizzard|p2a: Thundurus\n|-supereffective|p2a: Thundurus\n|-damage|p2a: Thundurus|0 fnt\n|faint|p2a: Thundurus\n|\n|-weather|Snow|[upkeep]\n|upkeep\n|\n|t:|1701209760\n|switch|p2a: Sneasler|Sneasler, M, shiny|100\/100\n|-activate|p2a: Sneasler|move: Sticky Web\n|-unboost|p2a: Sneasler|spe|1\n|turn|13\n|\n|t:|1701209769\n|move|p2a: Sneasler|Fake Out|p1a: RainKEK\n|-resisted|p1a: RainKEK\n|-damage|p1a: RainKEK|96\/100\n|cant|p1a: RainKEK|flinch\n|\n|-weather|Snow|[upkeep]\n|upkeep\n|turn|14\n|inactive|mr Deuzp has 120 seconds left.\n|\n|t:|1701209816\n|move|p2a: Sneasler|Close Combat|p1a: RainKEK\n|-supereffective|p1a: RainKEK\n|-damage|p1a: RainKEK|0 fnt\n|-unboost|p2a: Sneasler|def|1\n|-unboost|p2a: Sneasler|spd|1\n|faint|p1a: RainKEK\n|\n|-weather|Snow|[upkeep]\n|upkeep\n|\n|t:|1701209828\n|switch|p1a: JoltzLUL|Jolteon, F|53\/100\n|turn|15\n|\n|t:|1701209845\n|move|p1a: JoltzLUL|Hidden Power|p2a: Sneasler\n|-supereffective|p2a: Sneasler\n|-damage|p2a: Sneasler|4\/100\n|-damage|p1a: JoltzLUL|43\/100|[from] item: Life Orb\n|move|p2a: Sneasler|Dire Claw|p1a: JoltzLUL\n|-damage|p1a: JoltzLUL|0 fnt\n|faint|p1a: JoltzLUL\n|\n|-weather|none\n|upkeep\n|inactive|uMedcuzBed has 120 seconds left.\n|\n|t:|1701209858\n|switch|p1a: KEKL|Ribombee, F, shiny|100\/100\n|turn|16\n|\n|t:|1701209862\n|move|p1a: KEKL|Hidden Power|p2a: Sneasler\n|-damage|p2a: Sneasler|0 fnt\n|faint|p2a: Sneasler\n|\n|upkeep\n|\n|t:|1701209867\n|switch|p2a: Celesteela|Celesteela, shiny|100\/100\n|turn|17\n|\n|t:|1701209875\n|switch|p1a: RainTeamLUL|Ninetales-Alola, F, shiny|65\/100\n|-weather|Snow|[from] ability: Snow Warning|[of] p1a: RainTeamLUL\n|move|p2a: Celesteela|Leech Seed|p1a: RainTeamLUL\n|-start|p1a: RainTeamLUL|move: Leech Seed\n|\n|-weather|Snow|[upkeep]\n|-damage|p1a: RainTeamLUL|52\/100|[from] Leech Seed|[of] p2a: Celesteela\n|upkeep\n|turn|18\n|\n|t:|1701209887\n|move|p2a: Celesteela|Protect|p2a: Celesteela\n|-singleturn|p2a: Celesteela|Protect\n|move|p1a: RainTeamLUL|Aurora Veil|p1a: RainTeamLUL\n|-sidestart|p1: uMedcuzBed|move: Aurora Veil\n|\n|-weather|Snow|[upkeep]\n|-damage|p1a: RainTeamLUL|40\/100|[from] Leech Seed|[of] p2a: Celesteela\n|upkeep\n|turn|19\n|\n|t:|1701209896\n|switch|p1a: RainIsLUL|Vanilluxe, F|100\/100\n|move|p2a: Celesteela|Flamethrower|p1a: RainIsLUL\n|-supereffective|p1a: RainIsLUL\n|-damage|p1a: RainIsLUL|71\/100\n|-status|p1a: RainIsLUL|brn\n|\n|-weather|Snow|[upkeep]\n|-damage|p1a: RainIsLUL|65\/100 brn|[from] brn\n|upkeep\n|turn|20\n|\n|t:|1701209908\n|-terastallize|p1a: RainIsLUL|Fire\n|move|p1a: RainIsLUL|Hidden Power|p2a: Celesteela\n|-supereffective|p2a: Celesteela\n|-damage|p2a: Celesteela|44\/100\n|move|p2a: Celesteela|Leech Seed|p1a: RainIsLUL\n|-start|p1a: RainIsLUL|move: Leech Seed\n|\n|-weather|Snow|[upkeep]\n|-heal|p2a: Celesteela|50\/100|[from] item: Leftovers\n|-damage|p1a: RainIsLUL|52\/100 brn|[from] Leech Seed|[of] p2a: Celesteela\n|-heal|p2a: Celesteela|59\/100|[silent]\n|-damage|p1a: RainIsLUL|46\/100 brn|[from] brn\n|upkeep\n|turn|21\n|\n|t:|1701209921\n|move|p2a: Celesteela|Protect|p2a: Celesteela\n|-singleturn|p2a: Celesteela|Protect\n|move|p1a: RainIsLUL|Hidden Power|p2a: Celesteela\n|-activate|p2a: Celesteela|move: Protect\n|\n|-weather|none\n|-heal|p2a: Celesteela|65\/100|[from] item: Leftovers\n|-damage|p1a: RainIsLUL|34\/100 brn|[from] Leech Seed|[of] p2a: Celesteela\n|-heal|p2a: Celesteela|74\/100|[silent]\n|-damage|p1a: RainIsLUL|28\/100 brn|[from] brn\n|upkeep\n|turn|22\n|\n|t:|1701209938\n|switch|p2a: Porygon2|Porygon2, shiny|100\/100\n|-activate|p2a: Porygon2|move: Sticky Web\n|-unboost|p2a: Porygon2|spe|1\n|-ability|p2a: Porygon2|Download|boost\n|-boost|p2a: Porygon2|atk|1\n|move|p1a: RainIsLUL|Hidden Power|p2a: Porygon2\n|-damage|p2a: Porygon2|80\/100\n|\n|-damage|p1a: RainIsLUL|16\/100 brn|[from] Leech Seed|[of] p2a: Porygon2\n|-heal|p2a: Porygon2|90\/100|[silent]\n|-damage|p1a: RainIsLUL|10\/100 brn|[from] brn\n|upkeep\n|turn|23\n|\n|t:|1701209952\n|switch|p1a: KEKL|Ribombee, F, shiny|100\/100\n|move|p2a: Porygon2|Tri Attack|p1a: KEKL\n|-damage|p1a: KEKL|64\/100\n|\n|upkeep\n|turn|24\n|\n|t:|1701209959\n|move|p1a: KEKL|Toxic|p2a: Porygon2\n|-status|p2a: Porygon2|tox\n|move|p2a: Porygon2|Trick Room|p2a: Porygon2\n|-fieldstart|move: Trick Room|[of] p2a: Porygon2\n|\n|-damage|p2a: Porygon2|84\/100 tox|[from] psn\n|upkeep\n|turn|25\n|-message|uMedcuzBed forfeited.\n|\n|win|mr Deuzp\n|raw|uMedcuzBed's rating: 1152 &rarr; <strong>1132<\/strong><br \/>(-20 for losing)\n|raw|mr Deuzp's rating: 1229 &rarr; <strong>1249<\/strong><br \/>(+20 for winning)\n|l|\u2606uMedcuzBed\n","uploadtime":1701209976,"views":11,"p1id":"umedcuzbed","p2id":"mrdeuzp","formatid":"gen9nationaldex","rating":1132,"private":0,"password":""}