{"id":"gen9nationaldex-1988936877","p1":"Gr0ny","p2":"angzilovefansher","format":"[Gen 9] National Dex","log":"|j|\u2606Gr0ny\n|j|\u2606angzilovefansher\n|t:|1699790993\n|gametype|singles\n|player|p1|Gr0ny|101|1315\n|player|p2|angzilovefansher|norman|1363\n|teamsize|p1|6\n|teamsize|p2|6\n|gen|9\n|tier|[Gen 9] National Dex\n|rated|\n|rule|HP Percentage Mod: HP is shown in percentages\n|rule|Endless Battle Clause: Forcing endless battles is banned\n|rule|OHKO Clause: OHKO moves are banned\n|rule|Evasion Clause: Evasion abilities, items, and moves are banned\n|rule|Evasion Abilities Clause: Evasion abilities are banned\n|rule|Evasion Items Clause: Evasion items are banned\n|rule|Evasion Moves Clause: Evasion moves are banned\n|rule|Species Clause: Limit one of each Pok\u00e9mon\n|rule|Sleep Clause Mod: Limit one foe put to sleep\n|clearpoke\n|poke|p1|Urshifu-*, F|\n|poke|p1|Heatran, F|\n|poke|p1|Landorus-Therian, M|\n|poke|p1|Scizor, F|\n|poke|p1|Rotom-Wash|\n|poke|p1|Dragonite, M|\n|poke|p2|Ursaluna, M|\n|poke|p2|Porygon2|\n|poke|p2|Exploud, F|\n|poke|p2|Ditto|\n|poke|p2|Audino, M|\n|poke|p2|Cinccino, M|\n|teampreview\n|\n|t:|1699790999\n|start\n|switch|p1a: Urshifu|Urshifu-Rapid-Strike, F|100\/100\n|switch|p2a: Audino|Audino, M|100\/100\n|turn|1\n|\n|t:|1699791028\n|switch|p1a: Scizor|Scizor, F|100\/100\n|detailschange|p2a: Audino|Audino-Mega, M\n|-mega|p2a: Audino|Audino|Audinite\n|move|p2a: Audino|Trick Room|p2a: Audino\n|-fieldstart|move: Trick Room|[of] p2a: Audino\n|\n|upkeep\n|turn|2\n|\n|t:|1699791040\n|switch|p2a: Ursaluna|Ursaluna, M|100\/100\n|move|p1a: Scizor|Swords Dance|p1a: Scizor\n|-boost|p1a: Scizor|atk|2\n|\n|-status|p2a: Ursaluna|brn|[from] item: Flame Orb\n|upkeep\n|turn|3\n|\n|t:|1699791048\n|detailschange|p1a: Scizor|Scizor-Mega, F\n|-mega|p1a: Scizor|Scizor|Scizorite\n|-terastallize|p2a: Ursaluna|Fire\n|move|p2a: Ursaluna|Fire Punch|p1a: Scizor\n|-supereffective|p1a: Scizor\n|-damage|p1a: Scizor|0 fnt\n|faint|p1a: Scizor\n|\n|-damage|p2a: Ursaluna|94\/100 brn|[from] brn\n|upkeep\n|\n|t:|1699791055\n|switch|p1a: Landorus|Landorus-Therian, M|100\/100\n|-ability|p1a: Landorus|Intimidate|boost\n|-unboost|p2a: Ursaluna|atk|1\n|turn|4\n|\n|t:|1699791062\n|switch|p2a: Porygon2|Porygon2|100\/100\n|-ability|p2a: Porygon2|Intimidate|boost\n|-unboost|p1a: Landorus|atk|1\n|-ability|p2a: Porygon2|Intimidate|[from] ability: Trace|[of] p1a: Landorus\n|move|p1a: Landorus|Earthquake|p2a: Porygon2\n|-damage|p2a: Porygon2|86\/100\n|\n|upkeep\n|turn|5\n|\n|t:|1699791073\n|switch|p1a: Heatran|Heatran, F|100\/100\n|move|p2a: Porygon2|Teleport|p2a: Porygon2\n|\n|t:|1699791094\n|switch|p2a: Audino|Audino-Mega, M|100\/100|[from] Teleport\n|\n|-fieldend|move: Trick Room\n|upkeep\n|turn|6\n|\n|t:|1699791100\n|move|p1a: Heatran|Taunt|p2a: Audino\n|-start|p2a: Audino|move: Taunt\n|cant|p2a: Audino|move: Taunt|Light Screen\n|\n|upkeep\n|turn|7\n|\n|t:|1699791106\n|switch|p2a: Porygon2|Porygon2|86\/100\n|-ability|p2a: Porygon2|Flash Fire|[from] ability: Trace|[of] p1a: Heatran\n|move|p1a: Heatran|Stealth Rock|p2a: Porygon2\n|-sidestart|p2: angzilovefansher|move: Stealth Rock\n|\n|upkeep\n|turn|8\n|\n|t:|1699791109\n|move|p2a: Porygon2|Magic Coat|p2a: Porygon2\n|-singleturn|p2a: Porygon2|move: Magic Coat\n|move|p1a: Heatran|Taunt|p2a: Porygon2\n|move|p2a: Porygon2|Taunt|p1a: Heatran|[from]Magic Coat\n|-start|p1a: Heatran|move: Taunt\n|\n|upkeep\n|turn|9\n|\n|t:|1699791114\n|move|p1a: Heatran|Magma Storm|p2a: Porygon2\n|-start|p2a: Porygon2|ability: Flash Fire\n|move|p2a: Porygon2|Trick Room|p2a: Porygon2\n|-fieldstart|move: Trick Room|[of] p2a: Porygon2\n|\n|upkeep\n|turn|10\n|\n|t:|1699791122\n|switch|p1a: Rotom|Rotom-Wash|100\/100\n|move|p2a: Porygon2|Teleport|p2a: Porygon2\n|\n|t:|1699791152\n|-end|p2a: Porygon2|ability: Flash Fire|[silent]\n|switch|p2a: Ursaluna|Ursaluna, M, tera:Fire|94\/100 brn|[from] Teleport\n|-damage|p2a: Ursaluna|70\/100 brn|[from] Stealth Rock\n|\n|-damage|p2a: Ursaluna|64\/100 brn|[from] brn\n|upkeep\n|turn|11\n|\n|t:|1699791159\n|move|p2a: Ursaluna|Facade|p1a: Rotom\n|-damage|p1a: Rotom|0 fnt\n|faint|p1a: Rotom\n|\n|-damage|p2a: Ursaluna|58\/100 brn|[from] brn\n|upkeep\n|\n|t:|1699791163\n|switch|p1a: Landorus|Landorus-Therian, M|100\/100\n|-ability|p1a: Landorus|Intimidate|boost\n|-unboost|p2a: Ursaluna|atk|1\n|turn|12\n|\n|t:|1699791180\n|switch|p2a: Porygon2|Porygon2|86\/100\n|-damage|p2a: Porygon2|73\/100|[from] Stealth Rock\n|-ability|p2a: Porygon2|Intimidate|boost\n|-unboost|p1a: Landorus|atk|1\n|-ability|p2a: Porygon2|Intimidate|[from] ability: Trace|[of] p1a: Landorus\n|move|p1a: Landorus|Toxic|p2a: Porygon2\n|-status|p2a: Porygon2|tox\n|\n|-damage|p2a: Porygon2|67\/100 tox|[from] psn\n|upkeep\n|turn|13\n|\n|t:|1699791196\n|switch|p1a: Heatran|Heatran, F|100\/100\n|move|p2a: Porygon2|Recover|p2a: Porygon2\n|-heal|p2a: Porygon2|100\/100 tox\n|\n|-damage|p2a: Porygon2|88\/100 tox|[from] psn\n|-fieldend|move: Trick Room\n|upkeep\n|turn|14\n|\n|t:|1699791203\n|move|p2a: Porygon2|Magic Coat|p2a: Porygon2\n|-singleturn|p2a: Porygon2|move: Magic Coat\n|move|p1a: Heatran|Earth Power|p2a: Porygon2\n|-damage|p2a: Porygon2|71\/100 tox\n|\n|-damage|p2a: Porygon2|53\/100 tox|[from] psn\n|upkeep\n|turn|15\n|\n|t:|1699791206\n|move|p1a: Heatran|Magma Storm|p2a: Porygon2\n|-damage|p2a: Porygon2|24\/100 tox\n|-activate|p2a: Porygon2|move: Magma Storm|[of] p1a: Heatran\n|move|p2a: Porygon2|Trick Room|p2a: Porygon2\n|-fieldstart|move: Trick Room|[of] p2a: Porygon2\n|\n|-damage|p2a: Porygon2|0 fnt|[from] psn\n|faint|p2a: Porygon2\n|upkeep\n|\n|t:|1699791215\n|switch|p2a: Ursaluna|Ursaluna, M, tera:Fire|58\/100 brn\n|-damage|p2a: Ursaluna|33\/100 brn|[from] Stealth Rock\n|turn|16\n|\n|t:|1699791220\n|switch|p1a: Landorus|Landorus-Therian, M|100\/100\n|-ability|p1a: Landorus|Intimidate|boost\n|-unboost|p2a: Ursaluna|atk|1\n|move|p2a: Ursaluna|Facade|p1a: Landorus\n|-damage|p1a: Landorus|38\/100\n|-damage|p2a: Ursaluna|16\/100 brn|[from] item: Rocky Helmet|[of] p1a: Landorus\n|\n|-damage|p2a: Ursaluna|10\/100 brn|[from] brn\n|upkeep\n|turn|17\n|\n|t:|1699791227\n|move|p2a: Ursaluna|Facade|p1a: Landorus\n|-damage|p1a: Landorus|0 fnt\n|-damage|p2a: Ursaluna|0 fnt|[from] item: Rocky Helmet|[of] p1a: Landorus\n|faint|p1a: Landorus\n|faint|p2a: Ursaluna\n|\n|upkeep\n|\n|t:|1699791233\n|switch|p2a: Exploud|Exploud, F|100\/100\n|switch|p1a: Heatran|Heatran, F|100\/100\n|-damage|p2a: Exploud|88\/100|[from] Stealth Rock\n|turn|18\n|\n|t:|1699791237\n|move|p2a: Exploud|Focus Blast|p1a: Heatran\n|-supereffective|p1a: Heatran\n|-damage|p1a: Heatran|34\/100\n|move|p1a: Heatran|Magma Storm|p2a: Exploud\n|-crit|p2a: Exploud\n|-damage|p2a: Exploud|18\/100\n|-activate|p2a: Exploud|move: Magma Storm|[of] p1a: Heatran\n|\n|-heal|p1a: Heatran|40\/100|[from] item: Leftovers\n|-damage|p2a: Exploud|6\/100|[from] move: Magma Storm|[partiallytrapped]\n|upkeep\n|turn|19\n|\n|t:|1699791243\n|switch|p1a: Dragonite|Dragonite, M|100\/100\n|move|p2a: Exploud|Focus Blast|p1a: Dragonite\n|-resisted|p1a: Dragonite\n|-damage|p1a: Dragonite|87\/100\n|\n|-end|p2a: Exploud|Magma Storm|[partiallytrapped]|[silent]\n|-fieldend|move: Trick Room\n|upkeep\n|turn|20\n|\n|t:|1699791256\n|move|p1a: Dragonite|Extreme Speed|p2a: Exploud\n|-damage|p2a: Exploud|0 fnt\n|faint|p2a: Exploud\n|\n|upkeep\n|\n|t:|1699791265\n|switch|p2a: Ditto|Ditto|100\/100\n|-damage|p2a: Ditto|88\/100|[from] Stealth Rock\n|-transform|p2a: Ditto|p1a: Dragonite|[from] ability: Imposter\n|turn|21\n|\n|t:|1699791269\n|switch|p1a: Heatran|Heatran, F|40\/100\n|move|p2a: Ditto|Ice Spinner|p1a: Heatran\n|-resisted|p1a: Heatran\n|-damage|p1a: Heatran|34\/100\n|\n|-heal|p1a: Heatran|40\/100|[from] item: Leftovers\n|upkeep\n|turn|22\n|\n|t:|1699791276\n|move|p2a: Ditto|Earthquake|p1a: Heatran\n|-supereffective|p1a: Heatran\n|-damage|p1a: Heatran|0 fnt\n|faint|p1a: Heatran\n|\n|upkeep\n|\n|t:|1699791282\n|switch|p1a: Dragonite|Dragonite, M|87\/100\n|turn|23\n|\n|t:|1699791291\n|switch|p2a: Audino|Audino-Mega, M|100\/100\n|-damage|p2a: Audino|88\/100|[from] Stealth Rock\n|-terastallize|p1a: Dragonite|Normal\n|move|p1a: Dragonite|Dragon Dance|p1a: Dragonite\n|-boost|p1a: Dragonite|atk|1\n|-boost|p1a: Dragonite|spe|1\n|\n|upkeep\n|turn|24\n|\n|t:|1699791303\n|move|p1a: Dragonite|Extreme Speed|p2a: Audino\n|-damage|p2a: Audino|44\/100\n|move|p2a: Audino|Toxic|p1a: Dragonite\n|-status|p1a: Dragonite|tox\n|\n|-damage|p1a: Dragonite|81\/100 tox|[from] psn\n|upkeep\n|turn|25\n|\n|t:|1699791325\n|move|p1a: Dragonite|Extreme Speed|p2a: Audino\n|-damage|p2a: Audino|0 fnt\n|faint|p2a: Audino\n|\n|-damage|p1a: Dragonite|69\/100 tox|[from] psn\n|upkeep\n|\n|t:|1699791332\n|switch|p2a: Ditto|Ditto|88\/100\n|-damage|p2a: Ditto|76\/100|[from] Stealth Rock\n|-transform|p2a: Ditto|p1a: Dragonite|[from] ability: Imposter\n|-start|p2a: Ditto|typechange|Dragon\/Flying|[silent]\n|turn|26\n|\n|t:|1699791334\n|move|p2a: Ditto|Extreme Speed|p1a: Dragonite\n|-damage|p1a: Dragonite|16\/100 tox\n|move|p1a: Dragonite|Ice Spinner|p2a: Ditto\n|-supereffective|p2a: Ditto\n|-damage|p2a: Ditto|0 fnt\n|faint|p2a: Ditto\n|\n|-damage|p1a: Dragonite|0 fnt|[from] psn\n|faint|p1a: Dragonite\n|upkeep\n|\n|t:|1699791340\n|switch|p1a: Urshifu|Urshifu-Rapid-Strike, F|100\/100\n|switch|p2a: Cinccino|Cinccino, M|100\/100\n|-damage|p2a: Cinccino|88\/100|[from] Stealth Rock\n|turn|27\n|\n|t:|1699791347\n|move|p2a: Cinccino|Bullet Seed|p1a: Urshifu\n|-supereffective|p1a: Urshifu\n|-damage|p1a: Urshifu|79\/100\n|-supereffective|p1a: Urshifu\n|-damage|p1a: Urshifu|58\/100\n|-supereffective|p1a: Urshifu\n|-damage|p1a: Urshifu|36\/100\n|-supereffective|p1a: Urshifu\n|-damage|p1a: Urshifu|14\/100\n|-supereffective|p1a: Urshifu\n|-damage|p1a: Urshifu|0 fnt\n|faint|p1a: Urshifu\n|-hitcount|p1: Urshifu|5\n|\n|win|angzilovefansher\n|raw|Gr0ny's rating: 1315 &rarr; <strong>1298<\/strong><br \/>(-17 for losing)\n|raw|angzilovefansher's rating: 1363 &rarr; <strong>1380<\/strong><br \/>(+17 for winning)\n|l|\u2606angzilovefansher\n|j|\u2606angzilovefansher\n|player|p2|angzilovefansher|norman\n","uploadtime":1699791887,"views":4,"p1id":"gr0ny","p2id":"angzilovefansher","formatid":"gen9nationaldex","rating":1298,"private":0,"password":""}