{"id":"gen9nationaldex-1993078421","p1":"Pizzacat1720","p2":"hengqiqi","format":"[Gen 9] National Dex","log":"|j|\u2606Pizzacat1720\n|j|\u2606hengqiqi\n|t:|1700262272\n|gametype|singles\n|player|p1|Pizzacat1720|linebacker|1519\n|player|p2|hengqiqi|nemona-s|1453\n|teamsize|p1|6\n|teamsize|p2|6\n|gen|9\n|tier|[Gen 9] National Dex\n|rated|\n|rule|HP Percentage Mod: HP is shown in percentages\n|rule|Endless Battle Clause: Forcing endless battles is banned\n|rule|OHKO Clause: OHKO moves are banned\n|rule|Evasion Clause: Evasion abilities, items, and moves are banned\n|rule|Evasion Abilities Clause: Evasion abilities are banned\n|rule|Evasion Items Clause: Evasion items are banned\n|rule|Evasion Moves Clause: Evasion moves are banned\n|rule|Species Clause: Limit one of each Pok\u00e9mon\n|rule|Sleep Clause Mod: Limit one foe put to sleep\n|clearpoke\n|poke|p1|Swampert, F|\n|poke|p1|Tsareena, F|\n|poke|p1|Gardevoir, F|\n|poke|p1|Lapras, F|\n|poke|p1|Meloetta|\n|poke|p1|Hatterene, F|\n|poke|p2|Landorus-Therian, M|\n|poke|p2|Weavile, M|\n|poke|p2|Zamazenta-*|\n|poke|p2|Iron Valiant|\n|poke|p2|Kartana|\n|poke|p2|Hoopa-Unbound|\n|teampreview\n|inactive|Battle timer is ON: inactive players will automatically lose when time's up. (requested by hengqiqi)\n|\n|t:|1700262294\n|start\n|switch|p1a: Meloetta|Meloetta|100\/100\n|switch|p2a: Weavile|Weavile, M|100\/100\n|-ability|p2a: Weavile|Pressure\n|turn|1\n|\n|t:|1700262303\n|-terastallize|p1a: Meloetta|Fighting\n|move|p1a: Meloetta|Tera Blast|p2a: Weavile|[anim] Tera Blast Fighting\n|-supereffective|p2a: Weavile\n|-damage|p2a: Weavile|0 fnt\n|faint|p2a: Weavile\n|\n|upkeep\n|\n|t:|1700262317\n|switch|p2a: Iron Valiant|Iron Valiant|100\/100\n|-enditem|p2a: Iron Valiant|Booster Energy\n|-activate|p2a: Iron Valiant|ability: Quark Drive|[fromitem]\n|-start|p2a: Iron Valiant|quarkdrivespe\n|turn|2\n|\n|t:|1700262322\n|switch|p1a: Swampert|Swampert, F|100\/100\n|move|p2a: Iron Valiant|Moonblast|p1a: Swampert\n|-damage|p1a: Swampert|60\/100\n|\n|upkeep\n|turn|3\n|\n|t:|1700262333\n|detailschange|p1a: Swampert|Swampert-Mega, F\n|-mega|p1a: Swampert|Swampert|Swampertite\n|move|p2a: Iron Valiant|Moonblast|p1a: Swampert\n|-damage|p1a: Swampert|27\/100\n|move|p1a: Swampert|Flip Turn|p2a: Iron Valiant\n|-damage|p2a: Iron Valiant|55\/100\n|\n|t:|1700262348\n|switch|p1a: Tsareena|Tsareena, F|100\/100|[from] Flip Turn\n|\n|upkeep\n|turn|4\n|\n|t:|1700262356\n|move|p2a: Iron Valiant|Moonblast|p1a: Tsareena\n|-damage|p1a: Tsareena|67\/100\n|move|p1a: Tsareena|Trop Kick|p2a: Iron Valiant\n|-damage|p2a: Iron Valiant|8\/100\n|-unboost|p2a: Iron Valiant|atk|1\n|\n|upkeep\n|turn|5\n|\n|t:|1700262366\n|move|p2a: Iron Valiant|Moonblast|p1a: Tsareena\n|-damage|p1a: Tsareena|34\/100\n|move|p1a: Tsareena|Rapid Spin|p2a: Iron Valiant\n|-damage|p2a: Iron Valiant|0 fnt\n|-boost|p1a: Tsareena|spe|1\n|faint|p2a: Iron Valiant\n|-end|p2a: Iron Valiant|Quark Drive|[silent]\n|\n|upkeep\n|\n|t:|1700262372\n|switch|p2a: Kartana|Kartana|100\/100\n|turn|6\n|\n|t:|1700262382\n|-terastallize|p2a: Kartana|Dark\n|move|p2a: Kartana|Knock Off|p1a: Tsareena\n|-damage|p1a: Tsareena|0 fnt\n|-enditem|p1a: Tsareena|Assault Vest|[from] move: Knock Off|[of] p2a: Kartana\n|faint|p1a: Tsareena\n|-ability|p2a: Kartana|Beast Boost|boost\n|-boost|p2a: Kartana|atk|1\n|\n|upkeep\n|\n|t:|1700262387\n|switch|p1a: Meloetta|Meloetta, tera:Fighting|100\/100\n|turn|7\n|\n|t:|1700262398\n|move|p2a: Kartana|Knock Off|p1a: Meloetta\n|-resisted|p1a: Meloetta\n|-damage|p1a: Meloetta|39\/100\n|-enditem|p1a: Meloetta|Choice Scarf|[from] move: Knock Off|[of] p2a: Kartana\n|move|p1a: Meloetta|Tera Blast|p2a: Kartana|[anim] Tera Blast Fighting\n|-supereffective|p2a: Kartana\n|-damage|p2a: Kartana|0 fnt\n|faint|p2a: Kartana\n|\n|upkeep\n|\n|t:|1700262406\n|switch|p2a: Landorus|Landorus-Therian, M|100\/100\n|-ability|p2a: Landorus|Intimidate|boost\n|-unboost|p1a: Meloetta|atk|1\n|turn|8\n|\n|t:|1700262413\n|move|p1a: Meloetta|Trick|p2a: Landorus\n|-activate|p1a: Meloetta|move: Trick|[of] p2a: Landorus\n|-enditem|p2a: Landorus|Leftovers|[silent]|[from] move: Trick\n|-item|p1a: Meloetta|Leftovers|[from] move: Trick\n|move|p2a: Landorus|U-turn|p1a: Meloetta\n|-resisted|p1a: Meloetta\n|-damage|p1a: Meloetta|24\/100\n|\n|t:|1700262429\n|switch|p2a: Zamazenta|Zamazenta, shiny|100\/100|[from] U-turn\n|-ability|p2a: Zamazenta|Dauntless Shield|boost\n|-boost|p2a: Zamazenta|def|1\n|\n|-heal|p1a: Meloetta|30\/100|[from] item: Leftovers\n|upkeep\n|turn|9\n|\n|t:|1700262439\n|move|p2a: Zamazenta|Substitute|p2a: Zamazenta\n|-start|p2a: Zamazenta|Substitute\n|-damage|p2a: Zamazenta|75\/100\n|move|p1a: Meloetta|Psychic|p2a: Zamazenta\n|-supereffective|p2a: Zamazenta\n|-end|p2a: Zamazenta|Substitute\n|\n|-heal|p2a: Zamazenta|82\/100|[from] item: Leftovers\n|-heal|p1a: Meloetta|36\/100|[from] item: Leftovers\n|upkeep\n|turn|10\n|\n|t:|1700262450\n|move|p2a: Zamazenta|Iron Defense|p2a: Zamazenta\n|-boost|p2a: Zamazenta|def|2\n|move|p1a: Meloetta|Psychic|p2a: Zamazenta\n|-supereffective|p2a: Zamazenta\n|-crit|p2a: Zamazenta\n|-damage|p2a: Zamazenta|0 fnt\n|faint|p2a: Zamazenta\n|\n|-heal|p1a: Meloetta|42\/100|[from] item: Leftovers\n|upkeep\n|\n|t:|1700262460\n|switch|p2a: Landorus|Landorus-Therian, M|100\/100\n|-ability|p2a: Landorus|Intimidate|boost\n|-unboost|p1a: Meloetta|atk|1\n|turn|11\n|\n|t:|1700262471\n|move|p1a: Meloetta|Psychic|p2a: Landorus\n|-damage|p2a: Landorus|63\/100\n|-unboost|p2a: Landorus|spd|1\n|move|p2a: Landorus|Earthquake|p1a: Meloetta\n|-crit|p1a: Meloetta\n|-damage|p1a: Meloetta|0 fnt\n|faint|p1a: Meloetta\n|\n|upkeep\n|\n|t:|1700262480\n|switch|p1a: Gardevoir|Gardevoir, F|100\/100\n|-ability|p1a: Gardevoir|Intimidate|boost\n|-unboost|p2a: Landorus|atk|1\n|-ability|p1a: Gardevoir|Intimidate|[from] ability: Trace|[of] p2a: Landorus\n|turn|12\n|\n|t:|1700262484\n|move|p2a: Landorus|Earthquake|p1a: Gardevoir\n|-damage|p1a: Gardevoir|69\/100\n|move|p1a: Gardevoir|Moonblast|p2a: Landorus\n|-damage|p2a: Landorus|20\/100\n|-unboost|p2a: Landorus|spa|1\n|\n|-heal|p1a: Gardevoir|75\/100|[from] item: Leftovers\n|upkeep\n|turn|13\n|\n|t:|1700262488\n|move|p2a: Landorus|Earthquake|p1a: Gardevoir\n|-damage|p1a: Gardevoir|46\/100\n|move|p1a: Gardevoir|Wish|p1a: Gardevoir\n|\n|-heal|p1a: Gardevoir|52\/100|[from] item: Leftovers\n|upkeep\n|turn|14\n|\n|t:|1700262491\n|move|p2a: Landorus|Earthquake|p1a: Gardevoir\n|-damage|p1a: Gardevoir|19\/100\n|move|p1a: Gardevoir|Will-O-Wisp|p2a: Landorus\n|-status|p2a: Landorus|brn\n|\n|-heal|p1a: Gardevoir|69\/100|[from] move: Wish|[wisher] Gardevoir\n|-heal|p1a: Gardevoir|75\/100|[from] item: Leftovers\n|-damage|p2a: Landorus|14\/100 brn|[from] brn\n|upkeep\n|turn|15\n|\n|t:|1700262494\n|move|p2a: Landorus|Earthquake|p1a: Gardevoir\n|-damage|p1a: Gardevoir|59\/100\n|move|p1a: Gardevoir|Wish|p1a: Gardevoir\n|\n|-heal|p1a: Gardevoir|65\/100|[from] item: Leftovers\n|-damage|p2a: Landorus|8\/100 brn|[from] brn\n|upkeep\n|turn|16\n|\n|t:|1700262498\n|switch|p1a: Swampert|Swampert-Mega, F|27\/100\n|move|p2a: Landorus|Stealth Rock|p1a: Swampert\n|-sidestart|p1: Pizzacat1720|move: Stealth Rock\n|\n|-heal|p1a: Swampert|67\/100|[from] move: Wish|[wisher] Gardevoir\n|-damage|p2a: Landorus|2\/100 brn|[from] brn\n|upkeep\n|turn|17\n|\n|t:|1700262505\n|switch|p1a: Lapras|Lapras, F|100\/100\n|-damage|p1a: Lapras|76\/100|[from] Stealth Rock\n|move|p2a: Landorus|Earthquake|p1a: Lapras\n|-damage|p1a: Lapras|61\/100\n|\n|-damage|p2a: Landorus|0 fnt|[from] brn\n|faint|p2a: Landorus\n|upkeep\n|\n|t:|1700262511\n|switch|p2a: Hoopa|Hoopa-Unbound|100\/100\n|turn|18\n|\n|t:|1700262515\n|move|p2a: Hoopa|Drain Punch|p1a: Lapras\n|-supereffective|p1a: Lapras\n|-damage|p1a: Lapras|0 fnt\n|faint|p1a: Lapras\n|-damage|p2a: Hoopa|91\/100|[from] item: Life Orb\n|\n|upkeep\n|\n|t:|1700262518\n|switch|p1a: Hatterene|Hatterene, F|100\/100\n|-damage|p1a: Hatterene|88\/100|[from] Stealth Rock\n|turn|19\n|\n|t:|1700262523\n|move|p2a: Hoopa|Dark Pulse|p1a: Hatterene\n|-damage|p1a: Hatterene|18\/100\n|-damage|p2a: Hoopa|81\/100|[from] item: Life Orb\n|move|p1a: Hatterene|Draining Kiss|p2a: Hoopa\n|-supereffective|p2a: Hoopa\n|-damage|p2a: Hoopa|27\/100\n|-heal|p1a: Hatterene|56\/100|[from] drain|[of] p2a: Hoopa\n|\n|upkeep\n|turn|20\n|\n|t:|1700262530\n|move|p2a: Hoopa|Dark Pulse|p1a: Hatterene\n|-damage|p1a: Hatterene|0 fnt\n|faint|p1a: Hatterene\n|-damage|p2a: Hoopa|17\/100|[from] item: Life Orb\n|\n|upkeep\n|\n|t:|1700262542\n|switch|p1a: Gardevoir|Gardevoir, F|65\/100\n|-damage|p1a: Gardevoir|52\/100|[from] Stealth Rock\n|-ability|p1a: Gardevoir|Magician|[from] ability: Trace|[of] p2a: Hoopa\n|turn|21\n|\n|t:|1700262549\n|move|p1a: Gardevoir|Protect|p1a: Gardevoir\n|-singleturn|p1a: Gardevoir|Protect\n|move|p2a: Hoopa|Dark Pulse|p1a: Gardevoir\n|-activate|p1a: Gardevoir|move: Protect\n|\n|-heal|p1a: Gardevoir|58\/100|[from] item: Leftovers\n|upkeep\n|turn|22\n|\n|t:|1700262554\n|move|p2a: Hoopa|Dark Pulse|p1a: Gardevoir\n|-damage|p1a: Gardevoir|1\/100\n|-damage|p2a: Hoopa|7\/100|[from] item: Life Orb\n|move|p1a: Gardevoir|Wish|p1a: Gardevoir\n|\n|-heal|p1a: Gardevoir|7\/100|[from] item: Leftovers\n|upkeep\n|turn|23\n|\n|t:|1700262563\n|move|p2a: Hoopa|Drain Punch|p1a: Gardevoir\n|-resisted|p1a: Gardevoir\n|-damage|p1a: Gardevoir|0 fnt\n|-heal|p2a: Hoopa|11\/100|[from] drain|[of] p1a: Gardevoir\n|faint|p1a: Gardevoir\n|-damage|p2a: Hoopa|1\/100|[from] item: Life Orb\n|\n|upkeep\n|\n|t:|1700262566\n|switch|p1a: Swampert|Swampert-Mega, F|67\/100\n|-damage|p1a: Swampert|61\/100|[from] Stealth Rock\n|turn|24\n|\n|t:|1700262568\n|move|p2a: Hoopa|Grass Knot|p1a: Swampert\n|-supereffective|p1a: Swampert\n|-damage|p1a: Swampert|0 fnt\n|faint|p1a: Swampert\n|-damage|p2a: Hoopa|0 fnt|[from] item: Life Orb\n|faint|p2a: Hoopa\n|\n|win|hengqiqi\n|raw|Pizzacat1720's rating: 1519 &rarr; <strong>1495<\/strong><br \/>(-24 for losing)\n|raw|hengqiqi's rating: 1453 &rarr; <strong>1477<\/strong><br \/>(+24 for winning)\n|l|\u2606Pizzacat1720\n","uploadtime":1700262579,"views":6,"p1id":"pizzacat1720","p2id":"hengqiqi","formatid":"gen9nationaldex","rating":1477,"private":0,"password":""}