{"id":"gen9nationaldex-1998618310","p1":"Martu2863","p2":"insipido","format":"[Gen 9] National Dex","log":"|html|<div class=\"broadcast-blue\"><strong>[Gen 9] National Dex is currently suspecting Sneasler! For information on how to participate check out the <a href=\"https:\/\/www.smogon.com\/forums\/threads\/sv-national-dex-suspect-8-just-dance.3731534\/\">suspect thread<\/a>.<\/strong><\/div>\n|j|\u2606Martu2863\n|j|\u2606insipido\n|t:|1700963631\n|gametype|singles\n|player|p1|Martu2863|cynthia-gen4|\n|player|p2|insipido|n|\n|teamsize|p1|6\n|teamsize|p2|6\n|gen|9\n|tier|[Gen 9] National Dex\n|rule|HP Percentage Mod: HP is shown in percentages\n|rule|Endless Battle Clause: Forcing endless battles is banned\n|rule|OHKO Clause: OHKO moves are banned\n|rule|Evasion Clause: Evasion abilities, items, and moves are banned\n|rule|Evasion Abilities Clause: Evasion abilities are banned\n|rule|Evasion Items Clause: Evasion items are banned\n|rule|Evasion Moves Clause: Evasion moves are banned\n|rule|Species Clause: Limit one of each Pok\u00e9mon\n|rule|Sleep Clause Mod: Limit one foe put to sleep\n|clearpoke\n|poke|p1|Krookodile, M|\n|poke|p1|Moltres|\n|poke|p1|Tapu Fini|\n|poke|p1|Rillaboom, M|\n|poke|p1|Kartana|\n|poke|p1|Manectric, F|\n|poke|p2|Pelipper, F|\n|poke|p2|Dragonite, F|\n|poke|p2|Zapdos|\n|poke|p2|Swampert, M|\n|poke|p2|Gliscor, F|\n|poke|p2|Landorus-Therian, M|\n|teampreview\n|c|\u2606Martu2863|Suerte\n|c|\u2606insipido|Igualmente\n|j| WSoldat\n|c|\u2606insipido|Disculpa por el error xd\n|j| Sylveon(404)\n|j| Danwine\n|c|\u2606Martu2863|No hay problema\n|c| Sylveon(404)|sneasler besto volador\n|\n|t:|1700963672\n|start\n|switch|p1a: Zen|Manectric, F|100\/100\n|switch|p2a: Landorus|Landorus-Therian, M|100\/100\n|-ability|p2a: Landorus|Intimidate|boost\n|-unboost|p1a: Zen|atk|1\n|turn|1\n|c| WSoldat|Dale Ty vod podes\n|\n|t:|1700963682\n|switch|p1a: Fenix|Moltres|100\/100\n|move|p2a: Landorus|U-turn|p1a: Fenix\n|-resisted|p1a: Fenix\n|-damage|p1a: Fenix|96\/100\n|\n|t:|1700963690\n|switch|p2a: Gliscor|Gliscor, F|100\/100|[from] U-turn\n|\n|-status|p2a: Gliscor|tox|[from] item: Toxic Orb\n|upkeep\n|turn|2\n|\n|t:|1700963701\n|switch|p1a: Zen|Manectric, F|100\/100\n|move|p2a: Gliscor|Rock Slide|p1a: Zen\n|-damage|p1a: Zen|65\/100\n|\n|upkeep\n|turn|3\n|\n|t:|1700963711\n|switch|p1a: Tarzan|Rillaboom, M|100\/100\n|-fieldstart|move: Grassy Terrain|[from] ability: Grassy Surge|[of] p1a: Tarzan\n|switch|p2a: Pelipper|Pelipper, F|100\/100\n|-weather|RainDance|[from] ability: Drizzle|[of] p2a: Pelipper\n|\n|-weather|RainDance|[upkeep]\n|upkeep\n|turn|4\n|\n|t:|1700963723\n|move|p1a: Tarzan|U-turn|p2a: Pelipper\n|-resisted|p2a: Pelipper\n|-damage|p2a: Pelipper|87\/100\n|\n|t:|1700963728\n|switch|p1a: Kanaloa|Tapu Fini|100\/100|[from] U-turn\n|-fieldstart|move: Misty Terrain|[from] ability: Misty Surge|[of] p1a: Kanaloa\n|move|p2a: Pelipper|U-turn|p1a: Kanaloa\n|-resisted|p1a: Kanaloa\n|-damage|p1a: Kanaloa|97\/100\n|\n|t:|1700963732\n|switch|p2a: Zapdos|Zapdos|100\/100|[from] U-turn\n|-ability|p2a: Zapdos|Pressure\n|\n|-weather|RainDance|[upkeep]\n|-heal|p1a: Kanaloa|100\/100|[from] item: Leftovers\n|upkeep\n|turn|5\n|\n|t:|1700963747\n|switch|p1a: Zen|Manectric, F|65\/100\n|move|p2a: Zapdos|Hurricane|p1a: Zen\n|-resisted|p1a: Zen\n|-damage|p1a: Zen|0 fnt\n|faint|p1a: Zen\n|\n|-weather|RainDance|[upkeep]\n|upkeep\n|c| Sylveon(404)|martu quiere sangre de venganza :'v\n|l| Danwine\n|\n|t:|1700963764\n|switch|p1a: Kanaloa|Tapu Fini|100\/100\n|turn|6\n|j| RARMolina\n|\n|t:|1700963770\n|-terastallize|p1a: Kanaloa|Dark\n|move|p2a: Zapdos|Hurricane|p1a: Kanaloa\n|-damage|p1a: Kanaloa|50\/100\n|move|p1a: Kanaloa|Calm Mind|p1a: Kanaloa\n|-boost|p1a: Kanaloa|spa|1\n|-boost|p1a: Kanaloa|spd|1\n|\n|-weather|RainDance|[upkeep]\n|-heal|p1a: Kanaloa|56\/100|[from] item: Leftovers\n|upkeep\n|turn|7\n|c| WSoldat|Verry nais Ty\n|\n|t:|1700963785\n|-terastallize|p2a: Zapdos|Flying\n|move|p2a: Zapdos|Hurricane|p1a: Kanaloa\n|-damage|p1a: Kanaloa|8\/100\n|move|p1a: Kanaloa|Draining Kiss|p2a: Zapdos\n|-damage|p2a: Zapdos|73\/100\n|-heal|p1a: Kanaloa|27\/100|[from] drain|[of] p2a: Zapdos\n|\n|-weather|RainDance|[upkeep]\n|-heal|p1a: Kanaloa|33\/100|[from] item: Leftovers\n|upkeep\n|turn|8\n|\n|t:|1700963792\n|move|p2a: Zapdos|Hurricane|p1a: Kanaloa\n|-damage|p1a: Kanaloa|0 fnt\n|faint|p1a: Kanaloa\n|\n|-weather|RainDance|[upkeep]\n|-fieldend|Misty Terrain\n|upkeep\n|c| Sylveon(404)|w a o s\n|c| Sylveon(404)|typ vo podes\n|\n|t:|1700963804\n|switch|p1a: Gavial|Krookodile, M|100\/100\n|-ability|p1a: Gavial|Intimidate|boost\n|-unboost|p2a: Zapdos|atk|1\n|turn|9\n|c|\u2606insipido|Ojal\u00e1\n|c| WSoldat|Zapdos carry gente\n|\n|t:|1700963811\n|switch|p1a: Fenix|Moltres|96\/100\n|switch|p2a: Swampert|Swampert, M|100\/100\n|\n|-weather|RainDance|[upkeep]\n|upkeep\n|turn|10\n|\n|t:|1700963820\n|switch|p1a: Gavial|Krookodile, M|100\/100\n|-ability|p1a: Gavial|Intimidate|boost\n|-unboost|p2a: Swampert|atk|1\n|detailschange|p2a: Swampert|Swampert-Mega, M\n|-mega|p2a: Swampert|Swampert|Swampertite\n|move|p2a: Swampert|Ice Punch|p1a: Gavial\n|-supereffective|p1a: Gavial\n|-damage|p1a: Gavial|52\/100\n|\n|-weather|none\n|upkeep\n|turn|11\n|\n|t:|1700963830\n|switch|p1a: Fenix|Moltres|96\/100\n|switch|p2a: Pelipper|Pelipper, F|87\/100\n|-weather|RainDance|[from] ability: Drizzle|[of] p2a: Pelipper\n|\n|-weather|RainDance|[upkeep]\n|upkeep\n|turn|12\n|\n|t:|1700963835\n|switch|p1a: Tarzan|Rillaboom, M|100\/100\n|-fieldstart|move: Grassy Terrain|[from] ability: Grassy Surge|[of] p1a: Tarzan\n|move|p2a: Pelipper|Scald|p1a: Tarzan\n|-resisted|p1a: Tarzan\n|-damage|p1a: Tarzan|74\/100\n|\n|-weather|RainDance|[upkeep]\n|-heal|p1a: Tarzan|80\/100|[from] Grassy Terrain\n|upkeep\n|turn|13\n|\n|t:|1700963843\n|switch|p1a: Kami|Kartana|100\/100\n|switch|p2a: Zapdos|Zapdos, tera:Flying|73\/100\n|-ability|p2a: Zapdos|Pressure\n|\n|-weather|RainDance|[upkeep]\n|upkeep\n|turn|14\n|c| Sylveon(404)|OH NO HERMANO\n|\n|t:|1700963863\n|switch|p2a: Swampert|Swampert-Mega, M|100\/100\n|-zpower|p1a: Kami\n|move|p1a: Kami|Corkscrew Crash|p2a: Swampert|[zeffect]\n|-resisted|p2a: Swampert\n|-damage|p2a: Swampert|59\/100\n|\n|-weather|RainDance|[upkeep]\n|-heal|p2a: Swampert|65\/100|[from] Grassy Terrain\n|upkeep\n|turn|15\n|c| Sylveon(404)|KARTANA NO LO HAGAS ES UN ALMA INOSENTE\n|\n|t:|1700963877\n|switch|p1a: Fenix|Moltres|96\/100\n|move|p2a: Swampert|Liquidation|p1a: Fenix\n|-supereffective|p1a: Fenix\n|-damage|p1a: Fenix|0 fnt\n|faint|p1a: Fenix\n|\n|-weather|RainDance|[upkeep]\n|-heal|p2a: Swampert|71\/100|[from] Grassy Terrain\n|upkeep\n|\n|t:|1700963885\n|switch|p1a: Tarzan|Rillaboom, M|80\/100\n|turn|16\n|\n|t:|1700963890\n|switch|p2a: Landorus|Landorus-Therian, M|100\/100\n|-ability|p2a: Landorus|Intimidate|boost\n|-unboost|p1a: Tarzan|atk|1\n|move|p1a: Tarzan|Grassy Glide|p2a: Landorus\n|-crit|p2a: Landorus\n|-damage|p2a: Landorus|6\/100\n|\n|-weather|RainDance|[upkeep]\n|-heal|p1a: Tarzan|86\/100|[from] Grassy Terrain\n|-fieldend|move: Grassy Terrain\n|upkeep\n|turn|17\n|\n|t:|1700963904\n|switch|p2a: Zapdos|Zapdos, tera:Flying|73\/100\n|-ability|p2a: Zapdos|Pressure\n|move|p1a: Tarzan|Grassy Glide|p2a: Zapdos\n|-resisted|p2a: Zapdos\n|-damage|p2a: Zapdos|56\/100\n|\n|-weather|RainDance|[upkeep]\n|upkeep\n|turn|18\n|\n|t:|1700963927\n|switch|p1a: Gavial|Krookodile, M|52\/100\n|-ability|p1a: Gavial|Intimidate|boost\n|-unboost|p2a: Zapdos|atk|1\n|move|p2a: Zapdos|Hurricane|p1a: Gavial\n|-damage|p1a: Gavial|0 fnt\n|faint|p1a: Gavial\n|\n|-weather|none\n|upkeep\n|\n|t:|1700963934\n|switch|p1a: Kami|Kartana|100\/100\n|turn|19\n|\n|t:|1700963938\n|switch|p2a: Landorus|Landorus-Therian, M|6\/100\n|-ability|p2a: Landorus|Intimidate|boost\n|-unboost|p1a: Kami|atk|1\n|move|p1a: Kami|Smart Strike|p2a: Landorus\n|-damage|p2a: Landorus|0 fnt\n|faint|p2a: Landorus\n|-ability|p1a: Kami|Beast Boost|boost\n|-boost|p1a: Kami|atk|1\n|\n|upkeep\n|\n|t:|1700963942\n|switch|p2a: Pelipper|Pelipper, F|87\/100\n|-weather|RainDance|[from] ability: Drizzle|[of] p2a: Pelipper\n|turn|20\n|\n|t:|1700963945\n|move|p1a: Kami|Leaf Blade|p2a: Pelipper\n|-damage|p2a: Pelipper|44\/100\n|move|p2a: Pelipper|Scald|p1a: Kami\n|-resisted|p1a: Kami\n|-damage|p1a: Kami|40\/100\n|\n|-weather|RainDance|[upkeep]\n|upkeep\n|turn|21\n|c| Sylveon(404)|amarillo amarillo platano\n|\n|t:|1700963958\n|move|p1a: Kami|Leaf Blade|p2a: Pelipper\n|-damage|p2a: Pelipper|0 fnt\n|faint|p2a: Pelipper\n|-ability|p1a: Kami|Beast Boost|boost\n|-boost|p1a: Kami|atk|1\n|\n|-weather|RainDance|[upkeep]\n|upkeep\n|\n|t:|1700963962\n|switch|p2a: Dragonite|Dragonite, F|100\/100\n|turn|22\n|\n|t:|1700963967\n|move|p1a: Kami|Smart Strike|p2a: Dragonite\n|-damage|p2a: Dragonite|59\/100\n|move|p2a: Dragonite|Dragon Dance|p2a: Dragonite\n|-boost|p2a: Dragonite|atk|1\n|-boost|p2a: Dragonite|spe|1\n|\n|-weather|RainDance|[upkeep]\n|upkeep\n|turn|23\n|\n|t:|1700963974\n|move|p2a: Dragonite|Earthquake|p1a: Kami\n|-damage|p1a: Kami|0 fnt\n|faint|p1a: Kami\n|\n|-weather|RainDance|[upkeep]\n|upkeep\n|\n|t:|1700963977\n|switch|p1a: Tarzan|Rillaboom, M|86\/100\n|-fieldstart|move: Grassy Terrain|[from] ability: Grassy Surge|[of] p1a: Tarzan\n|turn|24\n|c| Sylveon(404)|ESOOO TYP\n|c|\u2606insipido|GG\n|c|\u2606Martu2863|Gg\n|l| RARMolina\n|\n|t:|1700963997\n|move|p2a: Dragonite|Ice Spinner|p1a: Tarzan\n|-supereffective|p1a: Tarzan\n|-damage|p1a: Tarzan|0 fnt\n|-fieldend|move: Grassy Terrain\n|faint|p1a: Tarzan\n|\n|win|insipido\n|l|\u2606Martu2863\n|l| Sylveon(404)\n","uploadtime":1700964010,"views":5,"p1id":"martu2863","p2id":"insipido","formatid":"gen9nationaldex","rating":0,"private":0,"password":""}