{"id":"gen9nationaldex-1993971493","p1":"Margotbollox","p2":"Rexetree","format":"[Gen 9] National Dex","log":"|j|\u2606Margotbollox\n|j|\u2606Rexetree\n|t:|1700385611\n|gametype|singles\n|player|p1|Margotbollox|emmet|1022\n|player|p2|Rexetree|265|1000\n|teamsize|p1|6\n|teamsize|p2|6\n|gen|9\n|tier|[Gen 9] National Dex\n|rated|\n|rule|HP Percentage Mod: HP is shown in percentages\n|rule|Endless Battle Clause: Forcing endless battles is banned\n|rule|OHKO Clause: OHKO moves are banned\n|rule|Evasion Clause: Evasion abilities, items, and moves are banned\n|rule|Evasion Abilities Clause: Evasion abilities are banned\n|rule|Evasion Items Clause: Evasion items are banned\n|rule|Evasion Moves Clause: Evasion moves are banned\n|rule|Species Clause: Limit one of each Pok\u00e9mon\n|rule|Sleep Clause Mod: Limit one foe put to sleep\n|clearpoke\n|poke|p1|Araquanid, M|\n|poke|p1|Heracross, M|\n|poke|p1|Escavalier, M|\n|poke|p1|Accelgor, M|\n|poke|p1|Crustle, M|\n|poke|p1|Leavanny, F|\n|poke|p2|Scizor, M|\n|poke|p2|Sableye, F|\n|poke|p2|Skarmory, M|\n|poke|p2|Heatran, M|\n|poke|p2|Kyurem|\n|poke|p2|Muk-Alola, M|\n|teampreview\n|\n|t:|1700385628\n|start\n|switch|p1a: Araquanid|Araquanid, M|100\/100\n|switch|p2a: Skarmory|Skarmory, M|100\/100\n|turn|1\n|\n|t:|1700385637\n|move|p2a: Skarmory|Toxic|p1a: Araquanid\n|-status|p1a: Araquanid|tox\n|-enditem|p1a: Araquanid|Lum Berry|[eat]\n|-curestatus|p1a: Araquanid|tox|[msg]\n|move|p1a: Araquanid|Sticky Web|p2a: Skarmory\n|-sidestart|p2: Rexetree|move: Sticky Web\n|\n|upkeep\n|turn|2\n|\n|t:|1700385642\n|switch|p1a: Accelgor|Accelgor, M|100\/100\n|move|p2a: Skarmory|Whirlwind|p1a: Accelgor\n|drag|p1a: Leavanny|Leavanny, F|100\/100\n|\n|upkeep\n|turn|3\n|\n|t:|1700385650\n|switch|p1a: Accelgor|Accelgor, M|100\/100\n|move|p2a: Skarmory|Whirlwind|p1a: Accelgor\n|drag|p1a: Heracross|Heracross, M|100\/100\n|\n|-status|p1a: Heracross|brn|[from] item: Flame Orb\n|upkeep\n|turn|4\n|\n|t:|1700385655\n|move|p1a: Heracross|Spikes|p2a: Skarmory\n|-sidestart|p2: Rexetree|Spikes\n|move|p2a: Skarmory|Toxic||[still]\n|-fail|p2a: Skarmory\n|\n|-damage|p1a: Heracross|95\/100 brn|[from] brn\n|upkeep\n|turn|5\n|\n|t:|1700385664\n|move|p1a: Heracross|Spikes|p2a: Skarmory\n|-sidestart|p2: Rexetree|Spikes\n|move|p2a: Skarmory|Spikes|p1a: Heracross\n|-sidestart|p1: Margotbollox|Spikes\n|\n|-damage|p1a: Heracross|89\/100 brn|[from] brn\n|upkeep\n|turn|6\n|\n|t:|1700385675\n|switch|p1a: Accelgor|Accelgor, M|100\/100\n|move|p2a: Skarmory|Whirlwind|p1a: Accelgor\n|drag|p1a: Escavalier|Escavalier, M|100\/100\n|-damage|p1a: Escavalier|88\/100|[from] Spikes\n|\n|upkeep\n|turn|7\n|\n|t:|1700385683\n|move|p1a: Escavalier|Knock Off|p2a: Skarmory\n|-damage|p2a: Skarmory|75\/100\n|-damage|p1a: Escavalier|72\/100|[from] item: Rocky Helmet|[of] p2a: Skarmory\n|-enditem|p2a: Skarmory|Rocky Helmet|[from] move: Knock Off|[of] p1a: Escavalier\n|move|p2a: Skarmory|Whirlwind|p1a: Escavalier\n|drag|p1a: Crustle|Crustle, M|100\/100\n|-damage|p1a: Crustle|88\/100|[from] Spikes\n|\n|upkeep\n|turn|8\n|\n|t:|1700385697\n|move|p2a: Skarmory|Roost|p2a: Skarmory\n|-heal|p2a: Skarmory|100\/100\n|-singleturn|p2a: Skarmory|move: Roost\n|move|p1a: Crustle|Stealth Rock|p2a: Skarmory\n|-sidestart|p2: Rexetree|move: Stealth Rock\n|\n|upkeep\n|turn|9\n|\n|t:|1700385709\n|move|p2a: Skarmory|Toxic|p1a: Crustle\n|-status|p1a: Crustle|tox\n|move|p1a: Crustle|Stone Edge|p2a: Skarmory\n|-damage|p2a: Skarmory|67\/100\n|\n|-damage|p1a: Crustle|82\/100 tox|[from] psn\n|upkeep\n|turn|10\n|\n|t:|1700385719\n|move|p2a: Skarmory|Roost|p2a: Skarmory\n|-heal|p2a: Skarmory|100\/100\n|-singleturn|p2a: Skarmory|move: Roost\n|move|p1a: Crustle|Stone Edge|p2a: Skarmory\n|-resisted|p2a: Skarmory\n|-damage|p2a: Skarmory|83\/100\n|\n|-damage|p1a: Crustle|70\/100 tox|[from] psn\n|upkeep\n|turn|11\n|\n|t:|1700385729\n|move|p2a: Skarmory|Spikes|p1a: Crustle\n|-sidestart|p1: Margotbollox|Spikes\n|move|p1a: Crustle|Stone Edge|p2a: Skarmory\n|-damage|p2a: Skarmory|46\/100\n|\n|-damage|p1a: Crustle|52\/100 tox|[from] psn\n|upkeep\n|turn|12\n|\n|t:|1700385737\n|move|p2a: Skarmory|Roost|p2a: Skarmory\n|-heal|p2a: Skarmory|96\/100\n|-singleturn|p2a: Skarmory|move: Roost\n|move|p1a: Crustle|Stone Edge|p2a: Skarmory\n|-resisted|p2a: Skarmory\n|-damage|p2a: Skarmory|79\/100\n|\n|-damage|p1a: Crustle|27\/100 tox|[from] psn\n|upkeep\n|turn|13\n|\n|t:|1700385754\n|move|p1a: Crustle|Stone Edge|p2a: Skarmory|[miss]\n|-miss|p1a: Crustle|p2a: Skarmory\n|move|p2a: Skarmory|Whirlwind|p1a: Crustle\n|drag|p1a: Araquanid|Araquanid, M|100\/100\n|-damage|p1a: Araquanid|84\/100|[from] Spikes\n|\n|upkeep\n|turn|14\n|\n|t:|1700385760\n|move|p2a: Skarmory|Toxic|p1a: Araquanid\n|-status|p1a: Araquanid|tox\n|move|p1a: Araquanid|Liquidation|p2a: Skarmory\n|-damage|p2a: Skarmory|30\/100\n|\n|-damage|p1a: Araquanid|78\/100 tox|[from] psn\n|upkeep\n|turn|15\n|\n|t:|1700385767\n|move|p2a: Skarmory|Roost|p2a: Skarmory\n|-heal|p2a: Skarmory|80\/100\n|-singleturn|p2a: Skarmory|move: Roost\n|move|p1a: Araquanid|Liquidation|p2a: Skarmory\n|-crit|p2a: Skarmory\n|-damage|p2a: Skarmory|18\/100\n|\n|-damage|p1a: Araquanid|65\/100 tox|[from] psn\n|upkeep\n|turn|16\n|\n|t:|1700385780\n|move|p2a: Skarmory|Roost|p2a: Skarmory\n|-heal|p2a: Skarmory|68\/100\n|-singleturn|p2a: Skarmory|move: Roost\n|move|p1a: Araquanid|Liquidation|p2a: Skarmory\n|-damage|p2a: Skarmory|22\/100\n|\n|-damage|p1a: Araquanid|47\/100 tox|[from] psn\n|upkeep\n|turn|17\n|\n|t:|1700385786\n|move|p2a: Skarmory|Roost|p2a: Skarmory\n|-heal|p2a: Skarmory|72\/100\n|-singleturn|p2a: Skarmory|move: Roost\n|move|p1a: Araquanid|Liquidation|p2a: Skarmory\n|-damage|p2a: Skarmory|28\/100\n|\n|-damage|p1a: Araquanid|22\/100 tox|[from] psn\n|upkeep\n|turn|18\n|\n|t:|1700385793\n|move|p1a: Araquanid|Liquidation|p2a: Skarmory\n|-damage|p2a: Skarmory|0 fnt\n|faint|p2a: Skarmory\n|\n|-damage|p1a: Araquanid|0 fnt|[from] psn\n|faint|p1a: Araquanid\n|upkeep\n|\n|t:|1700385806\n|switch|p2a: Heatran|Heatran, M|100\/100\n|switch|p1a: Accelgor|Accelgor, M|100\/100\n|-activate|p2a: Heatran|move: Sticky Web\n|-unboost|p2a: Heatran|spe|1\n|-damage|p2a: Heatran|84\/100|[from] Spikes\n|-damage|p2a: Heatran|71\/100|[from] Stealth Rock\n|turn|19\n|\n|t:|1700385818\n|move|p1a: Accelgor|Yawn|p2a: Heatran\n|-start|p2a: Heatran|move: Yawn|[of] p1a: Accelgor\n|move|p2a: Heatran|Magma Storm|p1a: Accelgor\n|-supereffective|p1a: Accelgor\n|-damage|p1a: Accelgor|0 fnt\n|faint|p1a: Accelgor\n|\n|-heal|p2a: Heatran|78\/100|[from] item: Leftovers\n|upkeep\n|\n|t:|1700385829\n|switch|p1a: Heracross|Heracross, M|89\/100 brn\n|-damage|p1a: Heracross|72\/100 brn|[from] Spikes\n|turn|20\n|\n|t:|1700385832\n|move|p1a: Heracross|Close Combat|p2a: Heatran\n|-supereffective|p2a: Heatran\n|-damage|p2a: Heatran|0 fnt\n|-unboost|p1a: Heracross|def|1\n|-unboost|p1a: Heracross|spd|1\n|faint|p2a: Heatran\n|\n|-damage|p1a: Heracross|66\/100 brn|[from] brn\n|upkeep\n|\n|t:|1700385847\n|switch|p2a: Muk|Muk-Alola, M|100\/100\n|-activate|p2a: Muk|move: Sticky Web\n|-unboost|p2a: Muk|spe|1\n|-damage|p2a: Muk|84\/100|[from] Spikes\n|-damage|p2a: Muk|72\/100|[from] Stealth Rock\n|turn|21\n|\n|t:|1700385853\n|move|p1a: Heracross|Close Combat|p2a: Muk\n|-crit|p2a: Muk\n|-damage|p2a: Muk|0 fnt\n|-unboost|p1a: Heracross|def|1\n|-unboost|p1a: Heracross|spd|1\n|faint|p2a: Muk\n|\n|-damage|p1a: Heracross|60\/100 brn|[from] brn\n|upkeep\n|\n|t:|1700385859\n|switch|p2a: Kyurem|Kyurem, shiny|100\/100\n|-activate|p2a: Kyurem|move: Sticky Web\n|-unboost|p2a: Kyurem|spe|1\n|-damage|p2a: Kyurem|84\/100|[from] Spikes\n|-damage|p2a: Kyurem|59\/100|[from] Stealth Rock\n|-ability|p2a: Kyurem|Pressure\n|turn|22\n|\n|t:|1700385865\n|move|p1a: Heracross|Close Combat|p2a: Kyurem\n|-supereffective|p2a: Kyurem\n|-damage|p2a: Kyurem|0 fnt\n|-unboost|p1a: Heracross|def|1\n|-unboost|p1a: Heracross|spd|1\n|faint|p2a: Kyurem\n|\n|-damage|p1a: Heracross|54\/100 brn|[from] brn\n|upkeep\n|\n|t:|1700385870\n|switch|p2a: Scizor|Scizor, M, shiny|100\/100\n|-activate|p2a: Scizor|move: Sticky Web\n|-unboost|p2a: Scizor|spe|1\n|-damage|p2a: Scizor|84\/100|[from] Spikes\n|-damage|p2a: Scizor|71\/100|[from] Stealth Rock\n|turn|23\n|\n|t:|1700385881\n|move|p1a: Heracross|Lunge|p2a: Scizor\n|-resisted|p2a: Scizor\n|-damage|p2a: Scizor|40\/100\n|-unboost|p2a: Scizor|atk|1\n|move|p2a: Scizor|Close Combat|p1a: Heracross\n|-resisted|p1a: Heracross\n|-damage|p1a: Heracross|0 fnt\n|-unboost|p2a: Scizor|def|1\n|-unboost|p2a: Scizor|spd|1\n|faint|p1a: Heracross\n|\n|upkeep\n|\n|t:|1700385888\n|switch|p1a: Crustle|Crustle, M|27\/100 tox\n|-damage|p1a: Crustle|10\/100 tox|[from] Spikes\n|turn|24\n|-enditem|p1a: Crustle|Custap Berry|[eat]\n|-activate|p1a: Crustle|item: Custap Berry|[consumed]\n|\n|t:|1700385895\n|move|p2a: Scizor|Bullet Punch|p1a: Crustle\n|-supereffective|p1a: Crustle\n|-damage|p1a: Crustle|0 fnt\n|faint|p1a: Crustle\n|\n|upkeep\n|\n|t:|1700385904\n|switch|p1a: Escavalier|Escavalier, M|72\/100\n|-damage|p1a: Escavalier|55\/100|[from] Spikes\n|turn|25\n|\n|t:|1700385908\n|move|p2a: Scizor|Close Combat|p1a: Escavalier\n|-damage|p1a: Escavalier|25\/100\n|-unboost|p2a: Scizor|def|1\n|-unboost|p2a: Scizor|spd|1\n|move|p1a: Escavalier|Knock Off|p2a: Scizor\n|-damage|p2a: Scizor|0 fnt\n|-enditem|p2a: Scizor|Razor Claw|[from] move: Knock Off|[of] p1a: Escavalier\n|faint|p2a: Scizor\n|\n|upkeep\n|\n|t:|1700385915\n|switch|p2a: Sableye|Sableye, F, shiny|100\/100\n|-activate|p2a: Sableye|move: Sticky Web\n|-unboost|p2a: Sableye|spe|1\n|-damage|p2a: Sableye|84\/100|[from] Spikes\n|-damage|p2a: Sableye|72\/100|[from] Stealth Rock\n|turn|26\n|\n|t:|1700385922\n|move|p2a: Sableye|Knock Off|p1a: Escavalier\n|-damage|p1a: Escavalier|0 fnt\n|-enditem|p1a: Escavalier|Zoom Lens|[from] move: Knock Off|[of] p2a: Sableye\n|faint|p1a: Escavalier\n|\n|upkeep\n|\n|t:|1700385925\n|switch|p1a: Leavanny|Leavanny, F|100\/100\n|-damage|p1a: Leavanny|84\/100|[from] Spikes\n|turn|27\n|\n|t:|1700385929\n|move|p2a: Sableye|Will-O-Wisp|p1a: Leavanny\n|-status|p1a: Leavanny|brn\n|move|p1a: Leavanny|Leaf Blade|p2a: Sableye\n|-damage|p2a: Sableye|39\/100\n|\n|-damage|p1a: Leavanny|78\/100 brn|[from] brn\n|upkeep\n|turn|28\n|\n|t:|1700385935\n|move|p2a: Sableye|Recover|p2a: Sableye\n|-heal|p2a: Sableye|89\/100\n|move|p1a: Leavanny|Leaf Blade|p2a: Sableye\n|-damage|p2a: Sableye|57\/100\n|\n|-damage|p1a: Leavanny|72\/100 brn|[from] brn\n|upkeep\n|turn|29\n|l|\u2606Margotbollox\n|player|p1|\n|n|\u2606Rexetree|rexetree\n|c|\u2606Rexetree|dude\n|inactive|Battle timer is ON: inactive players will automatically lose when time's up. (requested by Rexetree)\n|c|\u2606Rexetree|where are you\n|inactive|Margotbollox has 30 seconds to reconnect!\n|inactive|Margotbollox has 20 seconds to reconnect!\n|inactive|Margotbollox has 15 seconds to reconnect!\n|inactive|Margotbollox has 10 seconds to reconnect!\n|c|\u2606Rexetree|hallow?\n|inactive|Margotbollox has 5 seconds to reconnect!\n|-message|Margotbollox lost due to inactivity.\n|\n|win|Rexetree\n|raw|Margotbollox's rating: 1022 &rarr; <strong>1008<\/strong><br \/>(-14 for losing)\n|raw|Rexetree's rating: 1000 &rarr; <strong>1043<\/strong><br \/>(+43 for winning)\n","uploadtime":1700386164,"views":6,"p1id":"margotbollox","p2id":"rexetree","formatid":"gen9nationaldex","rating":1008,"private":0,"password":""}