{"id":"gen9nationaldex-1990843308","p1":"spylent6","p2":"the bugcatcher pr","format":"[Gen 9] National Dex","log":"|j|\u2606spylent6\n|j|\u2606the bugcatcher pr\n|t:|1700006660\n|gametype|singles\n|player|p1|spylent6|palmer|1367\n|player|p2|the bugcatcher pr|265|1347\n|teamsize|p1|6\n|teamsize|p2|6\n|gen|9\n|tier|[Gen 9] National Dex\n|rated|\n|rule|HP Percentage Mod: HP is shown in percentages\n|rule|Endless Battle Clause: Forcing endless battles is banned\n|rule|OHKO Clause: OHKO moves are banned\n|rule|Evasion Clause: Evasion abilities, items, and moves are banned\n|rule|Evasion Abilities Clause: Evasion abilities are banned\n|rule|Evasion Items Clause: Evasion items are banned\n|rule|Evasion Moves Clause: Evasion moves are banned\n|rule|Species Clause: Limit one of each Pok\u00e9mon\n|rule|Sleep Clause Mod: Limit one foe put to sleep\n|clearpoke\n|poke|p1|Hatterene, F|\n|poke|p1|Porygon2|\n|poke|p1|Mawile, M|\n|poke|p1|Crawdaunt, M|\n|poke|p1|Cresselia, F|\n|poke|p1|Marowak-Alola, F|\n|poke|p2|Vikavolt, M|\n|poke|p2|Volcarona, F|\n|poke|p2|Araquanid, M|\n|poke|p2|Scizor, M|\n|poke|p2|Centiskorch, F|\n|poke|p2|Buzzwole|\n|teampreview\n|inactive|Battle timer is ON: inactive players will automatically lose when time's up. (requested by spylent6)\n|\n|t:|1700006686\n|start\n|switch|p1a: Porygon2|Porygon2|100\/100\n|switch|p2a: Azudora|Araquanid, M|100\/100\n|-ability|p1a: Porygon2|Water Bubble|[from] ability: Trace|[of] p2a: Azudora\n|turn|1\n|\n|t:|1700006708\n|move|p2a: Azudora|Liquidation|p1a: Porygon2\n|-damage|p1a: Porygon2|79\/100\n|move|p1a: Porygon2|Trick Room|p1a: Porygon2\n|-fieldstart|move: Trick Room|[of] p1a: Porygon2\n|\n|upkeep\n|turn|2\n|\n|t:|1700006716\n|switch|p1a: Mawile|Mawile, M|100\/100\n|-ability|p1a: Mawile|Intimidate|boost\n|-unboost|p2a: Azudora|atk|1\n|move|p2a: Azudora|Liquidation|p1a: Mawile\n|-damage|p1a: Mawile|60\/100\n|\n|upkeep\n|turn|3\n|\n|t:|1700006723\n|detailschange|p1a: Mawile|Mawile-Mega, M\n|-mega|p1a: Mawile|Mawile|Mawilite\n|move|p1a: Mawile|Thunder Punch|p2a: Azudora\n|-supereffective|p2a: Azudora\n|-damage|p2a: Azudora|3\/100\n|move|p2a: Azudora|Scald|p1a: Mawile\n|-damage|p1a: Mawile|24\/100\n|\n|upkeep\n|turn|4\n|\n|t:|1700006732\n|move|p1a: Mawile|Thunder Punch|p2a: Azudora\n|-supereffective|p2a: Azudora\n|-damage|p2a: Azudora|0 fnt\n|faint|p2a: Azudora\n|\n|upkeep\n|\n|t:|1700006738\n|switch|p2a: Cless|Scizor, M|100\/100\n|turn|5\n|\n|t:|1700006765\n|detailschange|p2a: Cless|Scizor-Mega, M\n|-mega|p2a: Cless|Scizor|Scizorite\n|move|p1a: Mawile|Thunder Punch|p2a: Cless\n|-damage|p2a: Cless|61\/100\n|move|p2a: Cless|Swords Dance|p2a: Cless\n|-boost|p2a: Cless|atk|2\n|\n|-fieldend|move: Trick Room\n|upkeep\n|turn|6\n|\n|t:|1700006775\n|move|p2a: Cless|Bullet Punch|p1a: Mawile\n|-damage|p1a: Mawile|0 fnt\n|faint|p1a: Mawile\n|\n|upkeep\n|\n|t:|1700006781\n|switch|p1a: Marowak|Marowak-Alola, F|100\/100\n|turn|7\n|\n|t:|1700006789\n|move|p2a: Cless|Sand Tomb|p1a: Marowak\n|-supereffective|p1a: Marowak\n|-damage|p1a: Marowak|19\/100\n|-activate|p1a: Marowak|move: Sand Tomb|[of] p2a: Cless\n|move|p1a: Marowak|Flare Blitz|p2a: Cless\n|-supereffective|p2a: Cless\n|-damage|p2a: Cless|0 fnt\n|faint|p2a: Cless\n|\n|-end|p1a: Marowak|Sand Tomb|[partiallytrapped]|[silent]\n|upkeep\n|\n|t:|1700006801\n|switch|p2a: Piwi|Vikavolt, M, shiny|100\/100\n|turn|8\n|\n|t:|1700006822\n|switch|p1a: Porygon2|Porygon2|79\/100\n|-ability|p1a: Porygon2|Levitate|[from] ability: Trace|[of] p2a: Piwi\n|move|p2a: Piwi|Mud Shot|p1a: Porygon2\n|-immune|p1a: Porygon2|[from] ability: Levitate\n|\n|upkeep\n|turn|9\n|\n|t:|1700006832\n|move|p2a: Piwi|Thunderbolt|p1a: Porygon2\n|-crit|p1a: Porygon2\n|-damage|p1a: Porygon2|26\/100\n|move|p1a: Porygon2|Trick Room|p1a: Porygon2\n|-fieldstart|move: Trick Room|[of] p1a: Porygon2\n|\n|upkeep\n|turn|10\n|\n|t:|1700006841\n|move|p2a: Piwi|Energy Ball|p1a: Porygon2\n|-damage|p1a: Porygon2|5\/100\n|move|p1a: Porygon2|Recover|p1a: Porygon2\n|-heal|p1a: Porygon2|55\/100\n|\n|upkeep\n|turn|11\n|\n|t:|1700006848\n|switch|p2a: Hyura|Volcarona, F, shiny|100\/100\n|move|p1a: Porygon2|Teleport|p1a: Porygon2\n|\n|t:|1700006861\n|switch|p1a: Marowak|Marowak-Alola, F|19\/100|[from] Teleport\n|\n|upkeep\n|turn|12\n|\n|t:|1700006883\n|move|p1a: Marowak|Earthquake|p2a: Hyura\n|-damage|p2a: Hyura|55\/100\n|move|p2a: Hyura|Psychic|p1a: Marowak\n|-damage|p1a: Marowak|0 fnt\n|faint|p1a: Marowak\n|\n|upkeep\n|\n|t:|1700006887\n|switch|p1a: Crawdaunt|Crawdaunt, M, shiny|100\/100\n|turn|13\n|inactive|the bugcatcher pr has 120 seconds left.\n|\n|t:|1700006918\n|-terastallize|p1a: Crawdaunt|Water\n|move|p1a: Crawdaunt|Crabhammer|p2a: Hyura\n|-supereffective|p2a: Hyura\n|-damage|p2a: Hyura|0 fnt\n|faint|p2a: Hyura\n|-damage|p1a: Crawdaunt|90\/100|[from] item: Life Orb\n|\n|-fieldend|move: Trick Room\n|upkeep\n|\n|t:|1700006927\n|switch|p2a: Piwi|Vikavolt, M, shiny|100\/100\n|turn|14\n|\n|t:|1700006946\n|switch|p1a: Porygon2|Porygon2|55\/100\n|-ability|p1a: Porygon2|Levitate|[from] ability: Trace|[of] p2a: Piwi\n|move|p2a: Piwi|Thunderbolt|p1a: Porygon2\n|-damage|p1a: Porygon2|18\/100\n|\n|upkeep\n|turn|15\n|\n|t:|1700006953\n|move|p1a: Porygon2|Recover|p1a: Porygon2\n|-heal|p1a: Porygon2|68\/100\n|move|p2a: Piwi|Thunderbolt|p1a: Porygon2\n|-damage|p1a: Porygon2|36\/100\n|-status|p1a: Porygon2|par\n|\n|upkeep\n|turn|16\n|\n|t:|1700006959\n|move|p2a: Piwi|Thunderbolt|p1a: Porygon2\n|-damage|p1a: Porygon2|4\/100 par\n|move|p1a: Porygon2|Recover|p1a: Porygon2\n|-heal|p1a: Porygon2|54\/100 par\n|\n|upkeep\n|turn|17\n|\n|t:|1700006968\n|move|p2a: Piwi|Energy Ball|p1a: Porygon2\n|-damage|p1a: Porygon2|32\/100 par\n|move|p1a: Porygon2|Trick Room|p1a: Porygon2\n|-fieldstart|move: Trick Room|[of] p1a: Porygon2\n|\n|upkeep\n|turn|18\n|\n|t:|1700006974\n|move|p1a: Porygon2|Recover|p1a: Porygon2\n|-heal|p1a: Porygon2|82\/100 par\n|move|p2a: Piwi|Thunderbolt|p1a: Porygon2\n|-damage|p1a: Porygon2|46\/100 par\n|\n|upkeep\n|turn|19\n|\n|t:|1700006979\n|move|p2a: Piwi|Thunderbolt|p1a: Porygon2\n|-damage|p1a: Porygon2|11\/100 par\n|move|p1a: Porygon2|Teleport|p1a: Porygon2\n|\n|t:|1700006983\n|switch|p1a: Crawdaunt|Crawdaunt, M, shiny, tera:Water|90\/100|[from] Teleport\n|\n|upkeep\n|turn|20\n|\n|t:|1700006994\n|-terastallize|p2a: Piwi|Dragon\n|move|p1a: Crawdaunt|Knock Off|p2a: Piwi\n|-damage|p2a: Piwi|15\/100\n|-enditem|p2a: Piwi|Assault Vest|[from] move: Knock Off|[of] p1a: Crawdaunt\n|-damage|p1a: Crawdaunt|80\/100|[from] item: Life Orb\n|move|p2a: Piwi|Thunderbolt|p1a: Crawdaunt\n|-supereffective|p1a: Crawdaunt\n|-damage|p1a: Crawdaunt|0 fnt\n|faint|p1a: Crawdaunt\n|\n|upkeep\n|\n|t:|1700007001\n|switch|p1a: Cresselia|Cresselia, F|100\/100\n|turn|21\n|\n|t:|1700007006\n|move|p2a: Piwi|Thunderbolt|p1a: Cresselia\n|-damage|p1a: Cresselia|67\/100\n|move|p1a: Cresselia|Moonblast|p2a: Piwi\n|-supereffective|p2a: Piwi\n|-damage|p2a: Piwi|0 fnt\n|faint|p2a: Piwi\n|\n|-fieldend|move: Trick Room\n|upkeep\n|\n|t:|1700007014\n|switch|p2a: Vermilion|Centiskorch, F|100\/100\n|turn|22\n|\n|t:|1700007020\n|move|p2a: Vermilion|Fire Lash|p1a: Cresselia\n|-damage|p1a: Cresselia|52\/100\n|-unboost|p1a: Cresselia|def|1\n|move|p1a: Cresselia|Trick Room|p1a: Cresselia\n|-fieldstart|move: Trick Room|[of] p1a: Cresselia\n|\n|upkeep\n|turn|23\n|\n|t:|1700007026\n|move|p1a: Cresselia|Lunar Dance|p1a: Cresselia\n|faint|p1a: Cresselia\n|move|p2a: Vermilion|Leech Life|p1: Cresselia|[notarget]\n|-fail|p2a: Vermilion\n|\n|upkeep\n|\n|t:|1700007028\n|switch|p1a: Porygon2|Porygon2|11\/100 par\n|-heal|p1a: Porygon2|100\/100|[from] move: Lunar Dance\n|-ability|p1a: Porygon2|Flash Fire|[from] ability: Trace|[of] p2a: Vermilion\n|turn|24\n|\n|t:|1700007037\n|move|p1a: Porygon2|Ice Beam|p2a: Vermilion\n|-resisted|p2a: Vermilion\n|-crit|p2a: Vermilion\n|-damage|p2a: Vermilion|94\/100\n|move|p2a: Vermilion|Leech Life|p1a: Porygon2\n|-damage|p1a: Porygon2|84\/100\n|-heal|p2a: Vermilion|100\/100|[from] drain|[of] p1a: Porygon2\n|\n|upkeep\n|turn|25\n|\n|t:|1700007054\n|move|p2a: Vermilion|Leech Life|p1a: Porygon2\n|-crit|p1a: Porygon2\n|-damage|p1a: Porygon2|61\/100\n|move|p1a: Porygon2|Teleport|p1a: Porygon2\n|\n|t:|1700007057\n|switch|p1a: Hatterene|Hatterene, F|100\/100|[from] Teleport\n|\n|upkeep\n|turn|26\n|\n|t:|1700007061\n|move|p1a: Hatterene|Nuzzle|p2a: Vermilion\n|-crit|p2a: Vermilion\n|-damage|p2a: Vermilion|94\/100\n|-status|p2a: Vermilion|par\n|move|p2a: Vermilion|Fire Lash|p1a: Hatterene\n|-damage|p1a: Hatterene|63\/100\n|-unboost|p1a: Hatterene|def|1\n|\n|-fieldend|move: Trick Room\n|upkeep\n|turn|27\n|\n|t:|1700007072\n|switch|p1a: Porygon2|Porygon2|61\/100\n|-ability|p1a: Porygon2|Flash Fire|[from] ability: Trace|[of] p2a: Vermilion\n|move|p2a: Vermilion|Leech Life|p1a: Porygon2\n|-damage|p1a: Porygon2|46\/100\n|-heal|p2a: Vermilion|100\/100 par|[from] drain|[of] p1a: Porygon2\n|\n|upkeep\n|turn|28\n|\n|t:|1700007084\n|switch|p2a: Helck|Buzzwole|100\/100\n|move|p1a: Porygon2|Recover|p1a: Porygon2\n|-heal|p1a: Porygon2|96\/100\n|\n|upkeep\n|turn|29\n|\n|t:|1700007092\n|move|p2a: Helck|Bulk Up|p2a: Helck\n|-boost|p2a: Helck|atk|1\n|-boost|p2a: Helck|def|1\n|move|p1a: Porygon2|Teleport|p1a: Porygon2\n|\n|t:|1700007094\n|switch|p1a: Hatterene|Hatterene, F|63\/100|[from] Teleport\n|\n|upkeep\n|turn|30\n|\n|t:|1700007099\n|move|p2a: Helck|Darkest Lariat|p1a: Hatterene\n|-damage|p1a: Hatterene|12\/100\n|move|p1a: Hatterene|Trick Room|p1a: Hatterene\n|-fieldstart|move: Trick Room|[of] p1a: Hatterene\n|\n|upkeep\n|turn|31\n|\n|t:|1700007116\n|move|p1a: Hatterene|Mystical Fire|p2a: Helck\n|-supereffective|p2a: Helck\n|-damage|p2a: Helck|38\/100\n|-unboost|p2a: Helck|spa|1\n|move|p2a: Helck|Darkest Lariat|p1a: Hatterene\n|-damage|p1a: Hatterene|0 fnt\n|faint|p1a: Hatterene\n|-ability|p2a: Helck|Beast Boost|boost\n|-boost|p2a: Helck|atk|1\n|\n|upkeep\n|\n|t:|1700007119\n|switch|p1a: Porygon2|Porygon2|96\/100\n|-ability|p1a: Porygon2|Beast Boost|[from] ability: Trace|[of] p2a: Helck\n|turn|32\n|\n|t:|1700007130\n|switch|p2a: Vermilion|Centiskorch, F|100\/100 par\n|move|p1a: Porygon2|Ice Beam|p2a: Vermilion\n|-resisted|p2a: Vermilion\n|-damage|p2a: Vermilion|96\/100 par\n|\n|upkeep\n|turn|33\n|-message|spylent6 forfeited.\n|\n|win|the bugcatcher pr\n|raw|spylent6's rating: 1367 &rarr; <strong>1346<\/strong><br \/>(-21 for losing)\n|raw|the bugcatcher pr's rating: 1347 &rarr; <strong>1368<\/strong><br \/>(+21 for winning)\n|l|\u2606spylent6\n","uploadtime":1700007508,"views":14,"p1id":"spylent6","p2id":"thebugcatcherpr","formatid":"gen9nationaldex","rating":1346,"private":0,"password":""}