{"id":"gen9nationaldex-1999593247","p1":"Yukishiro Ai","p2":"jeeeyi","format":"[Gen 9] National Dex","log":"|html|<div class=\"broadcast-blue\"><strong>[Gen 9] National Dex is currently suspecting Sneasler! For information on how to participate check out the <a href=\"https:\/\/www.smogon.com\/forums\/threads\/sv-national-dex-suspect-8-just-dance.3731534\/\">suspect thread<\/a>.<\/strong><\/div>\n|j|\u2606Yukishiro Ai\n|j|\u2606jeeeyi\n|t:|1701099376\n|gametype|singles\n|player|p1|Yukishiro Ai|lady|\n|player|p2|jeeeyi|caitlin|\n|teamsize|p1|6\n|teamsize|p2|6\n|gen|9\n|tier|[Gen 9] National Dex\n|rule|HP Percentage Mod: HP is shown in percentages\n|rule|Endless Battle Clause: Forcing endless battles is banned\n|rule|OHKO Clause: OHKO moves are banned\n|rule|Evasion Clause: Evasion abilities, items, and moves are banned\n|rule|Evasion Abilities Clause: Evasion abilities are banned\n|rule|Evasion Items Clause: Evasion items are banned\n|rule|Evasion Moves Clause: Evasion moves are banned\n|rule|Species Clause: Limit one of each Pok\u00e9mon\n|rule|Sleep Clause Mod: Limit one foe put to sleep\n|clearpoke\n|poke|p1|Chandelure, F|\n|poke|p1|Rillaboom, F|\n|poke|p1|Sneasler, F|\n|poke|p1|Lopunny, F|\n|poke|p1|Alomomola, F|\n|poke|p1|Bisharp, F|\n|poke|p2|Sinistcha-Masterpiece|\n|poke|p2|Landorus-Therian, M|\n|poke|p2|Alomomola, F|\n|poke|p2|Rillaboom, F|\n|poke|p2|Dragonite, F|\n|poke|p2|Glalie, F|\n|teampreview\n|\n|t:|1701099396\n|start\n|switch|p1a: Soyo\u9171|Lopunny, F|100\/100\n|switch|p2a: rana|Landorus-Therian, M, shiny|100\/100\n|-ability|p2a: rana|Intimidate|boost\n|-unboost|p1a: Soyo\u9171|atk|1\n|turn|1\n|\n|t:|1701099434\n|detailschange|p1a: Soyo\u9171|Lopunny-Mega, F\n|-mega|p1a: Soyo\u9171|Lopunny|Lopunnite\n|move|p1a: Soyo\u9171|Fake Out|p2a: rana\n|-damage|p2a: rana|89\/100\n|-damage|p1a: Soyo\u9171|84\/100|[from] item: Rocky Helmet|[of] p2a: rana\n|cant|p2a: rana|flinch\n|\n|upkeep\n|turn|2\n|\n|t:|1701099445\n|switch|p1a: Anon\u9171|Alomomola, F|100\/100\n|switch|p2a: ano\u9171\uff1f|Alomomola, F|100\/100\n|\n|upkeep\n|turn|3\n|\n|t:|1701099458\n|switch|p1a: Bisharp|Bisharp, F|100\/100\n|-ability|p1a: Bisharp|Pressure\n|move|p2a: ano\u9171\uff1f|Toxic|p1a: Bisharp\n|-immune|p1a: Bisharp\n|\n|upkeep\n|turn|4\n|c|\u2606jeeeyi|\u5730\u9f20\u4e0d\u8981\u5566\n|\n|t:|1701099480\n|move|p1a: Bisharp|Knock Off|p2a: ano\u9171\uff1f\n|-damage|p2a: ano\u9171\uff1f|73\/100\n|-enditem|p2a: ano\u9171\uff1f|Heavy-Duty Boots|[from] move: Knock Off|[of] p1a: Bisharp\n|move|p2a: ano\u9171\uff1f|Flip Turn|p1a: Bisharp\n|-damage|p1a: Bisharp|89\/100\n|\n|t:|1701099486\n|switch|p2a: rana|Landorus-Therian, M, shiny|89\/100|[from] Flip Turn\n|-ability|p2a: rana|Intimidate|boost\n|-unboost|p1a: Bisharp|atk|1\n|\n|upkeep\n|turn|5\n|\n|t:|1701099495\n|switch|p1a: Taki\u9171|Rillaboom, F|100\/100\n|-fieldstart|move: Grassy Terrain|[from] ability: Grassy Surge|[of] p1a: Taki\u9171\n|move|p2a: rana|Stealth Rock|p1a: Taki\u9171\n|-sidestart|p1: Yukishiro Ai|move: Stealth Rock\n|\n|upkeep\n|turn|6\n|\n|t:|1701099509\n|switch|p2a: mad\u540c\u4eba\u91cc\u6211\u600e\u4e48\u53c8\u4f3c\u4e86|Glalie, F|100\/100\n|move|p1a: Taki\u9171|U-turn|p2a: mad\u540c\u4eba\u91cc\u6211\u600e\u4e48\u53c8\u4f3c\u4e86\n|-damage|p2a: mad\u540c\u4eba\u91cc\u6211\u600e\u4e48\u53c8\u4f3c\u4e86|68\/100\n|\n|t:|1701099515\n|switch|p1a: Soyo\u9171|Lopunny-Mega, F|84\/100|[from] U-turn\n|-damage|p1a: Soyo\u9171|78\/100|[from] Stealth Rock\n|\n|-heal|p1a: Soyo\u9171|84\/100|[from] Grassy Terrain\n|-heal|p2a: mad\u540c\u4eba\u91cc\u6211\u600e\u4e48\u53c8\u4f3c\u4e86|74\/100|[from] Grassy Terrain\n|upkeep\n|turn|7\n|\n|t:|1701099523\n|switch|p2a: ano\u9171\uff1f|Alomomola, F|100\/100\n|move|p1a: Soyo\u9171|Fake Out|p2a: ano\u9171\uff1f\n|-damage|p2a: ano\u9171\uff1f|90\/100\n|\n|-heal|p1a: Soyo\u9171|90\/100|[from] Grassy Terrain\n|-heal|p2a: ano\u9171\uff1f|96\/100|[from] Grassy Terrain\n|upkeep\n|turn|8\n|\n|t:|1701099532\n|move|p1a: Soyo\u9171|U-turn|p2a: ano\u9171\uff1f\n|-damage|p2a: ano\u9171\uff1f|83\/100\n|\n|t:|1701099538\n|switch|p1a: Bisharp|Bisharp, F|89\/100|[from] U-turn\n|-damage|p1a: Bisharp|83\/100|[from] Stealth Rock\n|-ability|p1a: Bisharp|Pressure\n|move|p2a: ano\u9171\uff1f|Flip Turn|p1a: Bisharp\n|-damage|p1a: Bisharp|71\/100\n|\n|t:|1701099546\n|switch|p2a: \u957f\u671f\u723d\u98df|Dragonite, F|100\/100|[from] Flip Turn\n|\n|-heal|p1a: Bisharp|77\/100|[from] Grassy Terrain\n|upkeep\n|turn|9\n|\n|t:|1701099557\n|move|p1a: Bisharp|Knock Off|p2a: \u957f\u671f\u723d\u98df\n|-damage|p2a: \u957f\u671f\u723d\u98df|77\/100\n|-enditem|p2a: \u957f\u671f\u723d\u98df|Heavy-Duty Boots|[from] move: Knock Off|[of] p1a: Bisharp\n|move|p2a: \u957f\u671f\u723d\u98df|Dragon Tail|p1a: Bisharp\n|-resisted|p1a: Bisharp\n|-damage|p1a: Bisharp|68\/100\n|drag|p1a: \u706f\u9171|Chandelure, F, shiny|100\/100\n|-damage|p1a: \u706f\u9171|76\/100|[from] Stealth Rock\n|\n|-heal|p1a: \u706f\u9171|82\/100|[from] Grassy Terrain\n|-fieldend|move: Grassy Terrain\n|upkeep\n|turn|10\n|\n|t:|1701099589\n|move|p1a: \u706f\u9171|Shadow Ball|p2a: \u957f\u671f\u723d\u98df\n|-damage|p2a: \u957f\u671f\u723d\u98df|45\/100\n|move|p2a: \u957f\u671f\u723d\u98df|Toxic|p1a: \u706f\u9171\n|-status|p1a: \u706f\u9171|tox\n|\n|-damage|p1a: \u706f\u9171|76\/100 tox|[from] psn\n|upkeep\n|turn|11\n|c|\u2606jeeeyi|\u521a\u521a\u5fae\u8c03\u4e86\u4e00\u4e0b\n|\n|t:|1701099608\n|switch|p1a: Anon\u9171|Alomomola, F|100\/100\n|-damage|p1a: Anon\u9171|88\/100|[from] Stealth Rock\n|move|p2a: \u957f\u671f\u723d\u98df|Roost|p2a: \u957f\u671f\u723d\u98df\n|-heal|p2a: \u957f\u671f\u723d\u98df|95\/100\n|-singleturn|p2a: \u957f\u671f\u723d\u98df|move: Roost\n|\n|upkeep\n|turn|12\n|\n|t:|1701099622\n|switch|p2a: ano\u9171\uff1f|Alomomola, F|100\/100\n|move|p1a: Anon\u9171|Toxic|p2a: ano\u9171\uff1f\n|-status|p2a: ano\u9171\uff1f|tox\n|\n|-damage|p2a: ano\u9171\uff1f|94\/100 tox|[from] psn\n|upkeep\n|turn|13\n|\n|t:|1701099636\n|move|p1a: Anon\u9171|Wish|p1a: Anon\u9171\n|move|p2a: ano\u9171\uff1f|Flip Turn|p1a: Anon\u9171\n|-resisted|p1a: Anon\u9171\n|-damage|p1a: Anon\u9171|83\/100\n|-damage|p2a: ano\u9171\uff1f|78\/100 tox|[from] item: Rocky Helmet|[of] p1a: Anon\u9171\n|\n|t:|1701099642\n|switch|p2a: taki\u9171\uff1f\uff01\uff01\uff01|Rillaboom, F, shiny|100\/100|[from] Flip Turn\n|-fieldstart|move: Grassy Terrain|[from] ability: Grassy Surge|[of] p2a: taki\u9171\uff1f\uff01\uff01\uff01\n|\n|-heal|p1a: Anon\u9171|90\/100|[from] Grassy Terrain\n|upkeep\n|turn|14\n|\n|t:|1701099668\n|switch|p1a: Bisharp|Bisharp, F|68\/100\n|-damage|p1a: Bisharp|62\/100|[from] Stealth Rock\n|-ability|p1a: Bisharp|Pressure\n|-terastallize|p2a: taki\u9171\uff1f\uff01\uff01\uff01|Grass\n|move|p2a: taki\u9171\uff1f\uff01\uff01\uff01|Grassy Glide|p1a: Bisharp\n|-resisted|p1a: Bisharp\n|-damage|p1a: Bisharp|45\/100\n|\n|-heal|p1a: Bisharp|100\/100|[from] move: Wish|[wisher] Anon\u9171\n|upkeep\n|turn|15\n|\n|t:|1701099691\n|switch|p1a: Anon\u9171|Alomomola, F|100\/100\n|-damage|p1a: Anon\u9171|88\/100|[from] Stealth Rock\n|move|p2a: taki\u9171\uff1f\uff01\uff01\uff01|Superpower|p1a: Anon\u9171\n|-damage|p1a: Anon\u9171|65\/100\n|-unboost|p2a: taki\u9171\uff1f\uff01\uff01\uff01|atk|1\n|-unboost|p2a: taki\u9171\uff1f\uff01\uff01\uff01|def|1\n|-damage|p2a: taki\u9171\uff1f\uff01\uff01\uff01|84\/100|[from] item: Rocky Helmet|[of] p1a: Anon\u9171\n|\n|-heal|p2a: taki\u9171\uff1f\uff01\uff01\uff01|90\/100|[from] Grassy Terrain\n|-heal|p2a: taki\u9171\uff1f\uff01\uff01\uff01|97\/100|[from] item: Leftovers\n|-heal|p1a: Anon\u9171|71\/100|[from] Grassy Terrain\n|upkeep\n|turn|16\n|c|\u2606jeeeyi|\u5c0f\u4e8f\n|\n|t:|1701099702\n|switch|p1a: Soyo\u9171|Lopunny-Mega, F|90\/100\n|-damage|p1a: Soyo\u9171|84\/100|[from] Stealth Rock\n|move|p2a: taki\u9171\uff1f\uff01\uff01\uff01|Swords Dance|p2a: taki\u9171\uff1f\uff01\uff01\uff01\n|-boost|p2a: taki\u9171\uff1f\uff01\uff01\uff01|atk|2\n|\n|-heal|p1a: Soyo\u9171|90\/100|[from] Grassy Terrain\n|-heal|p2a: taki\u9171\uff1f\uff01\uff01\uff01|100\/100|[from] Grassy Terrain\n|upkeep\n|turn|17\n|\n|t:|1701099706\n|move|p1a: Soyo\u9171|Fake Out|p2a: taki\u9171\uff1f\uff01\uff01\uff01\n|-damage|p2a: taki\u9171\uff1f\uff01\uff01\uff01|68\/100\n|cant|p2a: taki\u9171\uff1f\uff01\uff01\uff01|flinch\n|\n|-heal|p1a: Soyo\u9171|96\/100|[from] Grassy Terrain\n|-heal|p2a: taki\u9171\uff1f\uff01\uff01\uff01|74\/100|[from] Grassy Terrain\n|-heal|p2a: taki\u9171\uff1f\uff01\uff01\uff01|81\/100|[from] item: Leftovers\n|-fieldend|move: Grassy Terrain\n|upkeep\n|turn|18\n|c|\u2606jeeeyi|\u4e8f\u561b\n|\n|t:|1701099715\n|switch|p2a: ano\u9171\uff1f|Alomomola, F|100\/100 tox\n|move|p1a: Soyo\u9171|Triple Axel|p2a: ano\u9171\uff1f\n|-resisted|p2a: ano\u9171\uff1f\n|-damage|p2a: ano\u9171\uff1f|98\/100 tox\n|-resisted|p2a: ano\u9171\uff1f\n|-damage|p2a: ano\u9171\uff1f|95\/100 tox\n|-resisted|p2a: ano\u9171\uff1f\n|-damage|p2a: ano\u9171\uff1f|89\/100 tox\n|-hitcount|p2a: ano\u9171\uff1f|3\n|\n|-damage|p2a: ano\u9171\uff1f|83\/100 tox|[from] psn\n|upkeep\n|turn|19\n|\n|t:|1701099729\n|move|p1a: Soyo\u9171|U-turn|p2a: ano\u9171\uff1f\n|-damage|p2a: ano\u9171\uff1f|68\/100 tox\n|\n|t:|1701099737\n|switch|p1a: Bisharp|Bisharp, F|100\/100|[from] U-turn\n|-damage|p1a: Bisharp|95\/100|[from] Stealth Rock\n|-ability|p1a: Bisharp|Pressure\n|move|p2a: ano\u9171\uff1f|Toxic|p1a: Bisharp\n|-immune|p1a: Bisharp\n|\n|-damage|p2a: ano\u9171\uff1f|56\/100 tox|[from] psn\n|upkeep\n|turn|20\n|\n|t:|1701099744\n|switch|p2a: rana|Landorus-Therian, M, shiny|89\/100\n|-ability|p2a: rana|Intimidate|boost\n|-unboost|p1a: Bisharp|atk|1\n|move|p1a: Bisharp|Swords Dance|p1a: Bisharp\n|-boost|p1a: Bisharp|atk|2\n|\n|upkeep\n|turn|21\n|\n|t:|1701099757\n|-terastallize|p1a: Bisharp|Dark\n|move|p2a: rana|Earthquake|p1a: Bisharp\n|-damage|p1a: Bisharp|51\/100\n|move|p1a: Bisharp|Knock Off|p2a: rana\n|-damage|p2a: rana|1\/100\n|-damage|p1a: Bisharp|35\/100|[from] item: Rocky Helmet|[of] p2a: rana\n|-enditem|p2a: rana|Rocky Helmet|[from] move: Knock Off|[of] p1a: Bisharp\n|\n|upkeep\n|turn|22\n|c|\u2606Yukishiro Ai|6\n|\n|t:|1701099781\n|move|p1a: Bisharp|Sucker Punch|p2a: rana\n|-damage|p2a: rana|0 fnt\n|faint|p2a: rana\n|\n|upkeep\n|\n|t:|1701099791\n|switch|p2a: taki\u9171\uff1f\uff01\uff01\uff01|Rillaboom, F, shiny, tera:Grass|81\/100\n|-fieldstart|move: Grassy Terrain|[from] ability: Grassy Surge|[of] p2a: taki\u9171\uff1f\uff01\uff01\uff01\n|turn|23\n|\n|t:|1701099800\n|switch|p1a: Taki\u9171|Rillaboom, F|100\/100\n|-damage|p1a: Taki\u9171|88\/100|[from] Stealth Rock\n|move|p2a: taki\u9171\uff1f\uff01\uff01\uff01|Swords Dance|p2a: taki\u9171\uff1f\uff01\uff01\uff01\n|-boost|p2a: taki\u9171\uff1f\uff01\uff01\uff01|atk|2\n|\n|-heal|p2a: taki\u9171\uff1f\uff01\uff01\uff01|87\/100|[from] Grassy Terrain\n|-heal|p2a: taki\u9171\uff1f\uff01\uff01\uff01|93\/100|[from] item: Leftovers\n|-heal|p1a: Taki\u9171|94\/100|[from] Grassy Terrain\n|upkeep\n|turn|24\n|\n|t:|1701099809\n|move|p2a: taki\u9171\uff1f\uff01\uff01\uff01|Knock Off|p1a: Taki\u9171\n|-damage|p1a: Taki\u9171|38\/100\n|-enditem|p1a: Taki\u9171|Assault Vest|[from] move: Knock Off|[of] p2a: taki\u9171\uff1f\uff01\uff01\uff01\n|move|p1a: Taki\u9171|U-turn|p2a: taki\u9171\uff1f\uff01\uff01\uff01\n|-supereffective|p2a: taki\u9171\uff1f\uff01\uff01\uff01\n|-damage|p2a: taki\u9171\uff1f\uff01\uff01\uff01|47\/100\n|\n|t:|1701099837\n|switch|p1a: \u706f\u9171|Chandelure, F, shiny|76\/100 tox|[from] U-turn\n|-damage|p1a: \u706f\u9171|51\/100 tox|[from] Stealth Rock\n|\n|-heal|p1a: \u706f\u9171|57\/100 tox|[from] Grassy Terrain\n|-heal|p2a: taki\u9171\uff1f\uff01\uff01\uff01|53\/100|[from] Grassy Terrain\n|-heal|p2a: taki\u9171\uff1f\uff01\uff01\uff01|60\/100|[from] item: Leftovers\n|-damage|p1a: \u706f\u9171|51\/100 tox|[from] psn\n|upkeep\n|turn|25\n|\n|t:|1701099850\n|move|p2a: taki\u9171\uff1f\uff01\uff01\uff01|Grassy Glide|p1a: \u706f\u9171\n|-resisted|p1a: \u706f\u9171\n|-damage|p1a: \u706f\u9171|0 fnt\n|faint|p1a: \u706f\u9171\n|\n|-heal|p2a: taki\u9171\uff1f\uff01\uff01\uff01|66\/100|[from] Grassy Terrain\n|-heal|p2a: taki\u9171\uff1f\uff01\uff01\uff01|72\/100|[from] item: Leftovers\n|upkeep\n|\n|t:|1701099860\n|switch|p1a: Soyo\u9171|Lopunny-Mega, F|96\/100\n|-damage|p1a: Soyo\u9171|90\/100|[from] Stealth Rock\n|turn|26\n|\n|t:|1701099865\n|move|p1a: Soyo\u9171|Fake Out|p2a: taki\u9171\uff1f\uff01\uff01\uff01\n|-damage|p2a: taki\u9171\uff1f\uff01\uff01\uff01|50\/100\n|cant|p2a: taki\u9171\uff1f\uff01\uff01\uff01|flinch\n|\n|-heal|p1a: Soyo\u9171|96\/100|[from] Grassy Terrain\n|-heal|p2a: taki\u9171\uff1f\uff01\uff01\uff01|57\/100|[from] Grassy Terrain\n|-heal|p2a: taki\u9171\uff1f\uff01\uff01\uff01|63\/100|[from] item: Leftovers\n|upkeep\n|turn|27\n|\n|t:|1701099887\n|switch|p2a: ano\u9171\uff1f|Alomomola, F|89\/100 tox\n|move|p1a: Soyo\u9171|Triple Axel|p2a: ano\u9171\uff1f|[miss]\n|-miss|p1a: Soyo\u9171|p2a: ano\u9171\uff1f\n|\n|-heal|p1a: Soyo\u9171|100\/100|[from] Grassy Terrain\n|-heal|p2a: ano\u9171\uff1f|96\/100 tox|[from] Grassy Terrain\n|-damage|p2a: ano\u9171\uff1f|89\/100 tox|[from] psn\n|-fieldend|move: Grassy Terrain\n|upkeep\n|turn|28\n|\n|t:|1701099903\n|move|p1a: Soyo\u9171|U-turn|p2a: ano\u9171\uff1f\n|-damage|p2a: ano\u9171\uff1f|75\/100 tox\n|\n|t:|1701099905\n|switch|p1a: Anon\u9171|Alomomola, F|100\/100|[from] U-turn\n|-damage|p1a: Anon\u9171|88\/100|[from] Stealth Rock\n|move|p2a: ano\u9171\uff1f|Toxic|p1a: Anon\u9171\n|-status|p1a: Anon\u9171|tox\n|\n|-damage|p1a: Anon\u9171|82\/100 tox|[from] psn\n|-damage|p2a: ano\u9171\uff1f|63\/100 tox|[from] psn\n|upkeep\n|turn|29\n|\n|t:|1701099914\n|move|p1a: Anon\u9171|Wish|p1a: Anon\u9171\n|move|p2a: ano\u9171\uff1f|Wish|p2a: ano\u9171\uff1f\n|\n|-damage|p1a: Anon\u9171|70\/100 tox|[from] psn\n|-damage|p2a: ano\u9171\uff1f|44\/100 tox|[from] psn\n|upkeep\n|turn|30\n|\n|t:|1701099924\n|switch|p2a: taki\u9171\uff1f\uff01\uff01\uff01|Rillaboom, F, shiny, tera:Grass|63\/100\n|-fieldstart|move: Grassy Terrain|[from] ability: Grassy Surge|[of] p2a: taki\u9171\uff1f\uff01\uff01\uff01\n|move|p1a: Anon\u9171|Flip Turn|p2a: taki\u9171\uff1f\uff01\uff01\uff01\n|-resisted|p2a: taki\u9171\uff1f\uff01\uff01\uff01\n|-damage|p2a: taki\u9171\uff1f\uff01\uff01\uff01|56\/100\n|\n|t:|1701099936\n|switch|p1a: Taki\u9171|Rillaboom, F|38\/100|[from] Flip Turn\n|-damage|p1a: Taki\u9171|26\/100|[from] Stealth Rock\n|\n|-heal|p1a: Taki\u9171|100\/100|[from] move: Wish|[wisher] Anon\u9171\n|-heal|p2a: taki\u9171\uff1f\uff01\uff01\uff01|100\/100|[from] move: Wish|[wisher] ano\u9171\uff1f\n|upkeep\n|turn|31\n|\n|t:|1701099955\n|switch|p2a: mad\u540c\u4eba\u91cc\u6211\u600e\u4e48\u53c8\u4f3c\u4e86|Glalie, F|74\/100\n|move|p1a: Taki\u9171|Knock Off|p2a: mad\u540c\u4eba\u91cc\u6211\u600e\u4e48\u53c8\u4f3c\u4e86\n|-damage|p2a: mad\u540c\u4eba\u91cc\u6211\u600e\u4e48\u53c8\u4f3c\u4e86|45\/100\n|\n|-heal|p2a: mad\u540c\u4eba\u91cc\u6211\u600e\u4e48\u53c8\u4f3c\u4e86|50\/100|[from] Grassy Terrain\n|upkeep\n|turn|32\n|\n|t:|1701099964\n|switch|p1a: Anon\u9171|Alomomola, F|100\/100 tox\n|-damage|p1a: Anon\u9171|88\/100 tox|[from] Stealth Rock\n|detailschange|p2a: mad\u540c\u4eba\u91cc\u6211\u600e\u4e48\u53c8\u4f3c\u4e86|Glalie-Mega, F\n|-mega|p2a: mad\u540c\u4eba\u91cc\u6211\u600e\u4e48\u53c8\u4f3c\u4e86|Glalie|Glalitite\n|move|p2a: mad\u540c\u4eba\u91cc\u6211\u600e\u4e48\u53c8\u4f3c\u4e86|Protect||[still]\n|-fail|p2a: mad\u540c\u4eba\u91cc\u6211\u600e\u4e48\u53c8\u4f3c\u4e86\n|\n|-heal|p2a: mad\u540c\u4eba\u91cc\u6211\u600e\u4e48\u53c8\u4f3c\u4e86|56\/100|[from] Grassy Terrain\n|-heal|p1a: Anon\u9171|94\/100 tox|[from] Grassy Terrain\n|-damage|p1a: Anon\u9171|88\/100 tox|[from] psn\n|upkeep\n|turn|33\n|\n|t:|1701099973\n|move|p2a: mad\u540c\u4eba\u91cc\u6211\u600e\u4e48\u53c8\u4f3c\u4e86|Protect|p2a: mad\u540c\u4eba\u91cc\u6211\u600e\u4e48\u53c8\u4f3c\u4e86\n|-singleturn|p2a: mad\u540c\u4eba\u91cc\u6211\u600e\u4e48\u53c8\u4f3c\u4e86|Protect\n|move|p1a: Anon\u9171|Wish|p1a: Anon\u9171\n|\n|-heal|p2a: mad\u540c\u4eba\u91cc\u6211\u600e\u4e48\u53c8\u4f3c\u4e86|62\/100|[from] Grassy Terrain\n|-heal|p1a: Anon\u9171|94\/100 tox|[from] Grassy Terrain\n|-damage|p1a: Anon\u9171|82\/100 tox|[from] psn\n|upkeep\n|turn|34\n|\n|t:|1701099984\n|move|p2a: mad\u540c\u4eba\u91cc\u6211\u600e\u4e48\u53c8\u4f3c\u4e86|Protect||[still]\n|-fail|p2a: mad\u540c\u4eba\u91cc\u6211\u600e\u4e48\u53c8\u4f3c\u4e86\n|move|p1a: Anon\u9171|Flip Turn|p2a: mad\u540c\u4eba\u91cc\u6211\u600e\u4e48\u53c8\u4f3c\u4e86\n|-damage|p2a: mad\u540c\u4eba\u91cc\u6211\u600e\u4e48\u53c8\u4f3c\u4e86|40\/100\n|\n|t:|1701099990\n|switch|p1a: Bisharp|Bisharp, F, tera:Dark|35\/100|[from] Flip Turn\n|-damage|p1a: Bisharp|23\/100|[from] Stealth Rock\n|-ability|p1a: Bisharp|Pressure\n|\n|-heal|p1a: Bisharp|100\/100|[from] move: Wish|[wisher] Anon\u9171\n|-heal|p2a: mad\u540c\u4eba\u91cc\u6211\u600e\u4e48\u53c8\u4f3c\u4e86|46\/100|[from] Grassy Terrain\n|-fieldend|move: Grassy Terrain\n|upkeep\n|turn|35\n|\n|t:|1701100000\n|move|p2a: mad\u540c\u4eba\u91cc\u6211\u600e\u4e48\u53c8\u4f3c\u4e86|Protect|p2a: mad\u540c\u4eba\u91cc\u6211\u600e\u4e48\u53c8\u4f3c\u4e86\n|-singleturn|p2a: mad\u540c\u4eba\u91cc\u6211\u600e\u4e48\u53c8\u4f3c\u4e86|Protect\n|move|p1a: Bisharp|Iron Head|p2a: mad\u540c\u4eba\u91cc\u6211\u600e\u4e48\u53c8\u4f3c\u4e86\n|-activate|p2a: mad\u540c\u4eba\u91cc\u6211\u600e\u4e48\u53c8\u4f3c\u4e86|move: Protect\n|\n|upkeep\n|turn|36\n|\n|t:|1701100013\n|switch|p2a: ano\u9171\uff1f|Alomomola, F|78\/100 tox\n|move|p1a: Bisharp|Knock Off|p2a: ano\u9171\uff1f\n|-damage|p2a: ano\u9171\uff1f|51\/100 tox\n|\n|-damage|p2a: ano\u9171\uff1f|45\/100 tox|[from] psn\n|upkeep\n|turn|37\n|\n|t:|1701100025\n|switch|p1a: Anon\u9171|Alomomola, F|100\/100 tox\n|-damage|p1a: Anon\u9171|88\/100 tox|[from] Stealth Rock\n|move|p2a: ano\u9171\uff1f|Toxic|p1a: Anon\u9171\n|-fail|p1a: Anon\u9171|tox\n|\n|-damage|p1a: Anon\u9171|82\/100 tox|[from] psn\n|-damage|p2a: ano\u9171\uff1f|33\/100 tox|[from] psn\n|upkeep\n|turn|38\n|\n|t:|1701100031\n|move|p1a: Anon\u9171|Flip Turn|p2a: ano\u9171\uff1f\n|-resisted|p2a: ano\u9171\uff1f\n|-damage|p2a: ano\u9171\uff1f|29\/100 tox\n|\n|t:|1701100036\n|switch|p1a: Soyo\u9171|Lopunny-Mega, F|100\/100|[from] Flip Turn\n|-damage|p1a: Soyo\u9171|94\/100|[from] Stealth Rock\n|move|p2a: ano\u9171\uff1f|Wish|p2a: ano\u9171\uff1f\n|\n|-damage|p2a: ano\u9171\uff1f|10\/100 tox|[from] psn\n|upkeep\n|turn|39\n|\n|t:|1701100048\n|move|p2a: ano\u9171\uff1f|Protect|p2a: ano\u9171\uff1f\n|-singleturn|p2a: ano\u9171\uff1f|Protect\n|move|p1a: Soyo\u9171|Triple Axel|p2a: ano\u9171\uff1f\n|-activate|p2a: ano\u9171\uff1f|move: Protect\n|\n|-heal|p2a: ano\u9171\uff1f|60\/100 tox|[from] move: Wish|[wisher] ano\u9171\uff1f\n|-damage|p2a: ano\u9171\uff1f|35\/100 tox|[from] psn\n|upkeep\n|turn|40\n|\n|t:|1701100064\n|switch|p2a: mad\u540c\u4eba\u91cc\u6211\u600e\u4e48\u53c8\u4f3c\u4e86|Glalie-Mega, F|46\/100\n|move|p1a: Soyo\u9171|U-turn|p2a: mad\u540c\u4eba\u91cc\u6211\u600e\u4e48\u53c8\u4f3c\u4e86\n|-damage|p2a: mad\u540c\u4eba\u91cc\u6211\u600e\u4e48\u53c8\u4f3c\u4e86|14\/100\n|\n|t:|1701100073\n|switch|p1a: Taki\u9171|Rillaboom, F|100\/100|[from] U-turn\n|-damage|p1a: Taki\u9171|88\/100|[from] Stealth Rock\n|-fieldstart|move: Grassy Terrain|[from] ability: Grassy Surge|[of] p1a: Taki\u9171\n|\n|-heal|p2a: mad\u540c\u4eba\u91cc\u6211\u600e\u4e48\u53c8\u4f3c\u4e86|20\/100|[from] Grassy Terrain\n|-heal|p1a: Taki\u9171|94\/100|[from] Grassy Terrain\n|upkeep\n|turn|41\n|\n|t:|1701100081\n|move|p2a: mad\u540c\u4eba\u91cc\u6211\u600e\u4e48\u53c8\u4f3c\u4e86|Protect|p2a: mad\u540c\u4eba\u91cc\u6211\u600e\u4e48\u53c8\u4f3c\u4e86\n|-singleturn|p2a: mad\u540c\u4eba\u91cc\u6211\u600e\u4e48\u53c8\u4f3c\u4e86|Protect\n|move|p1a: Taki\u9171|Grassy Glide|p2a: mad\u540c\u4eba\u91cc\u6211\u600e\u4e48\u53c8\u4f3c\u4e86\n|-activate|p2a: mad\u540c\u4eba\u91cc\u6211\u600e\u4e48\u53c8\u4f3c\u4e86|move: Protect\n|\n|-heal|p2a: mad\u540c\u4eba\u91cc\u6211\u600e\u4e48\u53c8\u4f3c\u4e86|26\/100|[from] Grassy Terrain\n|-heal|p1a: Taki\u9171|100\/100|[from] Grassy Terrain\n|upkeep\n|turn|42\n|\n|t:|1701100091\n|switch|p1a: Anon\u9171|Alomomola, F|100\/100 tox\n|-damage|p1a: Anon\u9171|88\/100 tox|[from] Stealth Rock\n|move|p2a: mad\u540c\u4eba\u91cc\u6211\u600e\u4e48\u53c8\u4f3c\u4e86|Explosion|p1a: Anon\u9171\n|-resisted|p1a: Anon\u9171\n|-damage|p1a: Anon\u9171|52\/100 tox\n|faint|p2a: mad\u540c\u4eba\u91cc\u6211\u600e\u4e48\u53c8\u4f3c\u4e86\n|\n|-heal|p1a: Anon\u9171|58\/100 tox|[from] Grassy Terrain\n|-damage|p1a: Anon\u9171|52\/100 tox|[from] psn\n|upkeep\n|\n|t:|1701100099\n|switch|p2a: taki\u9171\uff1f\uff01\uff01\uff01|Rillaboom, F, shiny, tera:Grass|100\/100\n|turn|43\n|\n|t:|1701100107\n|switch|p1a: Taki\u9171|Rillaboom, F|100\/100\n|-damage|p1a: Taki\u9171|88\/100|[from] Stealth Rock\n|move|p2a: taki\u9171\uff1f\uff01\uff01\uff01|Grassy Glide|p1a: Taki\u9171\n|-resisted|p1a: Taki\u9171\n|-damage|p1a: Taki\u9171|68\/100\n|\n|-heal|p1a: Taki\u9171|74\/100|[from] Grassy Terrain\n|upkeep\n|turn|44\n|\n|t:|1701100123\n|switch|p2a: \u62b9\u8336\u82ad\u2191\u83f2\u2193|Sinistcha-Masterpiece, shiny|100\/100\n|move|p1a: Taki\u9171|Knock Off|p2a: \u62b9\u8336\u82ad\u2191\u83f2\u2193\n|-supereffective|p2a: \u62b9\u8336\u82ad\u2191\u83f2\u2193\n|-damage|p2a: \u62b9\u8336\u82ad\u2191\u83f2\u2193|51\/100\n|-enditem|p2a: \u62b9\u8336\u82ad\u2191\u83f2\u2193|Leftovers|[from] move: Knock Off|[of] p1a: Taki\u9171\n|\n|-heal|p1a: Taki\u9171|80\/100|[from] Grassy Terrain\n|-heal|p2a: \u62b9\u8336\u82ad\u2191\u83f2\u2193|57\/100|[from] Grassy Terrain\n|-fieldend|move: Grassy Terrain\n|upkeep\n|turn|45\n|\n|t:|1701100133\n|move|p1a: Taki\u9171|U-turn|p2a: \u62b9\u8336\u82ad\u2191\u83f2\u2193\n|-damage|p2a: \u62b9\u8336\u82ad\u2191\u83f2\u2193|40\/100\n|\n|t:|1701100142\n|switch|p1a: Soyo\u9171|Lopunny-Mega, F|94\/100|[from] U-turn\n|-damage|p1a: Soyo\u9171|88\/100|[from] Stealth Rock\n|move|p2a: \u62b9\u8336\u82ad\u2191\u83f2\u2193|Strength Sap|p1a: Soyo\u9171\n|-unboost|p1a: Soyo\u9171|atk|1\n|-heal|p2a: \u62b9\u8336\u82ad\u2191\u83f2\u2193|100\/100\n|\n|upkeep\n|turn|46\n|\n|t:|1701100151\n|move|p1a: Soyo\u9171|Fake Out|p2a: \u62b9\u8336\u82ad\u2191\u83f2\u2193\n|-damage|p2a: \u62b9\u8336\u82ad\u2191\u83f2\u2193|89\/100\n|cant|p2a: \u62b9\u8336\u82ad\u2191\u83f2\u2193|flinch\n|\n|upkeep\n|turn|47\n|\n|t:|1701100154\n|move|p1a: Soyo\u9171|U-turn|p2a: \u62b9\u8336\u82ad\u2191\u83f2\u2193\n|-damage|p2a: \u62b9\u8336\u82ad\u2191\u83f2\u2193|77\/100\n|\n|t:|1701100157\n|switch|p1a: Anon\u9171|Alomomola, F|86\/100 tox|[from] U-turn\n|-damage|p1a: Anon\u9171|73\/100 tox|[from] Stealth Rock\n|move|p2a: \u62b9\u8336\u82ad\u2191\u83f2\u2193|Matcha Gotcha|p1a: Anon\u9171\n|-supereffective|p1a: Anon\u9171\n|-damage|p1a: Anon\u9171|0 fnt\n|-heal|p2a: \u62b9\u8336\u82ad\u2191\u83f2\u2193|100\/100|[from] drain|[of] p1a: Anon\u9171\n|faint|p1a: Anon\u9171\n|\n|upkeep\n|\n|t:|1701100162\n|switch|p1a: Bisharp|Bisharp, F, tera:Dark|100\/100\n|-damage|p1a: Bisharp|88\/100|[from] Stealth Rock\n|-ability|p1a: Bisharp|Pressure\n|turn|48\n|\n|t:|1701100170\n|move|p2a: \u62b9\u8336\u82ad\u2191\u83f2\u2193|Strength Sap|p1a: Bisharp\n|-unboost|p1a: Bisharp|atk|1\n|move|p1a: Bisharp|Swords Dance|p1a: Bisharp\n|-boost|p1a: Bisharp|atk|2\n|\n|upkeep\n|turn|49\n|\n|t:|1701100194\n|move|p1a: Bisharp|Sucker Punch||[still]\n|-fail|p1a: Bisharp\n|move|p2a: \u62b9\u8336\u82ad\u2191\u83f2\u2193|Strength Sap|p1a: Bisharp\n|-unboost|p1a: Bisharp|atk|1\n|\n|upkeep\n|turn|50\n|\n|t:|1701100208\n|switch|p1a: Taki\u9171|Rillaboom, F|80\/100\n|-damage|p1a: Taki\u9171|68\/100|[from] Stealth Rock\n|-fieldstart|move: Grassy Terrain|[from] ability: Grassy Surge|[of] p1a: Taki\u9171\n|move|p2a: \u62b9\u8336\u82ad\u2191\u83f2\u2193|Calm Mind|p2a: \u62b9\u8336\u82ad\u2191\u83f2\u2193\n|-boost|p2a: \u62b9\u8336\u82ad\u2191\u83f2\u2193|spa|1\n|-boost|p2a: \u62b9\u8336\u82ad\u2191\u83f2\u2193|spd|1\n|\n|-heal|p1a: Taki\u9171|74\/100|[from] Grassy Terrain\n|upkeep\n|turn|51\n|\n|t:|1701100216\n|move|p1a: Taki\u9171|U-turn|p2a: \u62b9\u8336\u82ad\u2191\u83f2\u2193\n|-damage|p2a: \u62b9\u8336\u82ad\u2191\u83f2\u2193|83\/100\n|\n|t:|1701100222\n|switch|p1a: Soyo\u9171|Lopunny-Mega, F|88\/100|[from] U-turn\n|-damage|p1a: Soyo\u9171|82\/100|[from] Stealth Rock\n|move|p2a: \u62b9\u8336\u82ad\u2191\u83f2\u2193|Calm Mind|p2a: \u62b9\u8336\u82ad\u2191\u83f2\u2193\n|-boost|p2a: \u62b9\u8336\u82ad\u2191\u83f2\u2193|spa|1\n|-boost|p2a: \u62b9\u8336\u82ad\u2191\u83f2\u2193|spd|1\n|\n|-heal|p1a: Soyo\u9171|88\/100|[from] Grassy Terrain\n|-heal|p2a: \u62b9\u8336\u82ad\u2191\u83f2\u2193|89\/100|[from] Grassy Terrain\n|upkeep\n|turn|52\n|\n|t:|1701100228\n|move|p1a: Soyo\u9171|Triple Axel|p2a: \u62b9\u8336\u82ad\u2191\u83f2\u2193\n|-supereffective|p2a: \u62b9\u8336\u82ad\u2191\u83f2\u2193\n|-damage|p2a: \u62b9\u8336\u82ad\u2191\u83f2\u2193|79\/100\n|-supereffective|p2a: \u62b9\u8336\u82ad\u2191\u83f2\u2193\n|-damage|p2a: \u62b9\u8336\u82ad\u2191\u83f2\u2193|59\/100\n|-supereffective|p2a: \u62b9\u8336\u82ad\u2191\u83f2\u2193\n|-damage|p2a: \u62b9\u8336\u82ad\u2191\u83f2\u2193|29\/100\n|-hitcount|p2a: \u62b9\u8336\u82ad\u2191\u83f2\u2193|3\n|move|p2a: \u62b9\u8336\u82ad\u2191\u83f2\u2193|Matcha Gotcha|p1a: Soyo\u9171\n|-damage|p1a: Soyo\u9171|0 fnt\n|-heal|p2a: \u62b9\u8336\u82ad\u2191\u83f2\u2193|63\/100|[from] drain|[of] p1a: Soyo\u9171\n|faint|p1a: Soyo\u9171\n|\n|-heal|p2a: \u62b9\u8336\u82ad\u2191\u83f2\u2193|69\/100|[from] Grassy Terrain\n|upkeep\n|\n|t:|1701100244\n|switch|p1a: Bisharp|Bisharp, F, tera:Dark|88\/100\n|-damage|p1a: Bisharp|76\/100|[from] Stealth Rock\n|-ability|p1a: Bisharp|Pressure\n|turn|53\n|\n|t:|1701100264\n|move|p1a: Bisharp|Sucker Punch||[still]\n|-fail|p1a: Bisharp\n|move|p2a: \u62b9\u8336\u82ad\u2191\u83f2\u2193|Strength Sap|p1a: Bisharp\n|-unboost|p1a: Bisharp|atk|1\n|-heal|p2a: \u62b9\u8336\u82ad\u2191\u83f2\u2193|100\/100\n|\n|-heal|p1a: Bisharp|82\/100|[from] Grassy Terrain\n|upkeep\n|turn|54\n|\n|t:|1701100274\n|switch|p1a: Taki\u9171|Rillaboom, F|74\/100\n|-damage|p1a: Taki\u9171|61\/100|[from] Stealth Rock\n|move|p2a: \u62b9\u8336\u82ad\u2191\u83f2\u2193|Matcha Gotcha|p1a: Taki\u9171\n|-resisted|p1a: Taki\u9171\n|-damage|p1a: Taki\u9171|2\/100\n|\n|-heal|p1a: Taki\u9171|8\/100|[from] Grassy Terrain\n|-fieldend|move: Grassy Terrain\n|upkeep\n|turn|55\n|\n|t:|1701100288\n|switch|p1a: Bisharp|Bisharp, F, tera:Dark|82\/100\n|-damage|p1a: Bisharp|70\/100|[from] Stealth Rock\n|-ability|p1a: Bisharp|Pressure\n|move|p2a: \u62b9\u8336\u82ad\u2191\u83f2\u2193|Calm Mind|p2a: \u62b9\u8336\u82ad\u2191\u83f2\u2193\n|-boost|p2a: \u62b9\u8336\u82ad\u2191\u83f2\u2193|spa|1\n|-boost|p2a: \u62b9\u8336\u82ad\u2191\u83f2\u2193|spd|1\n|\n|upkeep\n|turn|56\n|\n|t:|1701100301\n|move|p2a: \u62b9\u8336\u82ad\u2191\u83f2\u2193|Matcha Gotcha|p1a: Bisharp\n|-damage|p1a: Bisharp|0 fnt\n|faint|p1a: Bisharp\n|\n|upkeep\n|\n|t:|1701100307\n|switch|p1a: Taki\u9171|Rillaboom, F|8\/100\n|-damage|p1a: Taki\u9171|0 fnt|[from] Stealth Rock\n|faint|p1a: Taki\u9171\n|\n|t:|1701100311\n|switch|p1a: Rana\u9171|Sneasler, F|100\/100\n|-damage|p1a: Rana\u9171|95\/100|[from] Stealth Rock\n|turn|57\n|\n|t:|1701100316\n|move|p1a: Rana\u9171|Dire Claw|p2a: \u62b9\u8336\u82ad\u2191\u83f2\u2193\n|-damage|p2a: \u62b9\u8336\u82ad\u2191\u83f2\u2193|69\/100\n|-status|p2a: \u62b9\u8336\u82ad\u2191\u83f2\u2193|slp\n|cant|p2a: \u62b9\u8336\u82ad\u2191\u83f2\u2193|slp\n|\n|upkeep\n|turn|58\n|\n|t:|1701100340\n|move|p1a: Rana\u9171|Swords Dance|p1a: Rana\u9171\n|-boost|p1a: Rana\u9171|atk|2\n|-curestatus|p2a: \u62b9\u8336\u82ad\u2191\u83f2\u2193|slp|[msg]\n|move|p2a: \u62b9\u8336\u82ad\u2191\u83f2\u2193|Shadow Ball|p1a: Rana\u9171\n|-damage|p1a: Rana\u9171|0 fnt\n|faint|p1a: Rana\u9171\n|\n|win|jeeeyi\n|c|\u2606jeeeyi|\u597d\n","uploadtime":1701100372,"views":1,"p1id":"yukishiroai","p2id":"jeeeyi","formatid":"gen9nationaldex","rating":0,"private":0,"password":""}