{"id":"gen9nationaldex-1987366212","p1":"PyroGaleZX","p2":"Jam20Jam","format":"[Gen 9] National Dex","log":"|j|\u2606PyroGaleZX\n|j|\u2606Jam20Jam\n|t:|1699582351\n|gametype|singles\n|player|p1|PyroGaleZX|grusha|\n|player|p2|Jam20Jam|carmine|\n|teamsize|p1|6\n|teamsize|p2|6\n|gen|9\n|tier|[Gen 9] National Dex\n|rule|HP Percentage Mod: HP is shown in percentages\n|rule|Endless Battle Clause: Forcing endless battles is banned\n|rule|OHKO Clause: OHKO moves are banned\n|rule|Evasion Clause: Evasion abilities, items, and moves are banned\n|rule|Evasion Abilities Clause: Evasion abilities are banned\n|rule|Evasion Items Clause: Evasion items are banned\n|rule|Evasion Moves Clause: Evasion moves are banned\n|rule|Species Clause: Limit one of each Pok\u00e9mon\n|rule|Sleep Clause Mod: Limit one foe put to sleep\n|clearpoke\n|poke|p1|Samurott-Hisui, F|\n|poke|p1|Enamorus-Therian, F|\n|poke|p1|Arcanine, M|\n|poke|p1|Umbreon, M|\n|poke|p1|Spiritomb, M|\n|poke|p1|Pawmo, F|\n|poke|p2|Amoonguss, F|\n|poke|p2|Skeledirge, M|\n|poke|p2|Cetitan, M|\n|poke|p2|Grimer-Alola, M|\n|poke|p2|Coalossal, F|\n|poke|p2|Veluza, F|\n|teampreview\n|\n|t:|1699582378\n|start\n|switch|p1a: Spiritomb|Spiritomb, M, shiny|100\/100\n|switch|p2a: Amoonguss|Amoonguss, F|100\/100\n|turn|1\n|\n|t:|1699582391\n|switch|p2a: Veluza|Veluza, F|100\/100\n|-ability|p2a: Veluza|Mold Breaker\n|move|p1a: Spiritomb|Calm Mind|p1a: Spiritomb\n|-boost|p1a: Spiritomb|spa|1\n|-boost|p1a: Spiritomb|spd|1\n|\n|upkeep\n|turn|2\n|\n|t:|1699582408\n|-terastallize|p1a: Spiritomb|Dark\n|move|p2a: Veluza|Snowscape|p2a: Veluza\n|-weather|Snow\n|move|p1a: Spiritomb|Dark Pulse|p2a: Veluza\n|-supereffective|p2a: Veluza\n|-damage|p2a: Veluza|0 fnt\n|faint|p2a: Veluza\n|\n|-weather|Snow|[upkeep]\n|upkeep\n|\n|t:|1699582415\n|switch|p2a: Cetitan|Cetitan, M|100\/100\n|turn|3\n|\n|t:|1699582450\n|move|p2a: Cetitan|Belly Drum|p2a: Cetitan\n|-damage|p2a: Cetitan|50\/100\n|-setboost|p2a: Cetitan|atk|6|[from] move: Belly Drum\n|-enditem|p2a: Cetitan|Sitrus Berry|[eat]\n|-heal|p2a: Cetitan|75\/100|[from] item: Sitrus Berry\n|move|p1a: Spiritomb|Dark Pulse|p2a: Cetitan\n|-damage|p2a: Cetitan|0 fnt\n|faint|p2a: Cetitan\n|\n|-weather|Snow|[upkeep]\n|upkeep\n|\n|t:|1699582462\n|switch|p2a: Skeledirge|Skeledirge, M|100\/100\n|turn|4\n|\n|t:|1699582479\n|switch|p2a: Amoonguss|Amoonguss, F|100\/100\n|move|p1a: Spiritomb|Dark Pulse|p2a: Amoonguss\n|-damage|p2a: Amoonguss|55\/100\n|\n|-weather|Snow|[upkeep]\n|-heal|p2a: Amoonguss|61\/100|[from] item: Leftovers\n|upkeep\n|turn|5\n|\n|t:|1699582494\n|move|p1a: Spiritomb|Calm Mind|p1a: Spiritomb\n|-boost|p1a: Spiritomb|spa|1\n|-boost|p1a: Spiritomb|spd|1\n|move|p2a: Amoonguss|Giga Drain|p1a: Spiritomb\n|-damage|p1a: Spiritomb|88\/100\n|-heal|p2a: Amoonguss|66\/100|[from] drain|[of] p1a: Spiritomb\n|\n|-weather|Snow|[upkeep]\n|-heal|p2a: Amoonguss|72\/100|[from] item: Leftovers\n|upkeep\n|turn|6\n|\n|t:|1699582505\n|move|p1a: Spiritomb|Dark Pulse|p2a: Amoonguss\n|-damage|p2a: Amoonguss|9\/100\n|move|p2a: Amoonguss|Spore|p1a: Spiritomb\n|-status|p1a: Spiritomb|slp|[from] move: Spore\n|\n|-weather|Snow|[upkeep]\n|-heal|p2a: Amoonguss|15\/100|[from] item: Leftovers\n|upkeep\n|turn|7\n|\n|t:|1699582513\n|switch|p2a: Skeledirge|Skeledirge, M|100\/100\n|cant|p1a: Spiritomb|slp\n|move|p1a: Spiritomb|Sleep Talk|p1a: Spiritomb\n|move|p1a: Spiritomb|Rest||[from]move: Sleep Talk|[still]\n|-fail|p1a: Spiritomb\n|\n|-weather|Snow|[upkeep]\n|upkeep\n|turn|8\n|j| lunchbox5536\n|\n|t:|1699582527\n|move|p2a: Skeledirge|Torch Song|p1a: Spiritomb\n|-damage|p1a: Spiritomb|43\/100 slp\n|-boost|p2a: Skeledirge|spa|1\n|-curestatus|p1a: Spiritomb|slp|[msg]\n|move|p1a: Spiritomb|Sleep Talk||[still]\n|-fail|p1a: Spiritomb\n|\n|-weather|Snow|[upkeep]\n|upkeep\n|turn|9\n|\n|t:|1699582542\n|move|p2a: Skeledirge|Torch Song|p1a: Spiritomb\n|-damage|p1a: Spiritomb|0 fnt\n|-boost|p2a: Skeledirge|spa|1\n|faint|p1a: Spiritomb\n|\n|-weather|none\n|upkeep\n|\n|t:|1699582551\n|switch|p1a: Samurott|Samurott-Hisui, F|100\/100\n|turn|10\n|j| HeirEhm\n|\n|t:|1699582570\n|move|p1a: Samurott|Razor Shell|p2a: Skeledirge\n|-supereffective|p2a: Skeledirge\n|-damage|p2a: Skeledirge|0 fnt\n|faint|p2a: Skeledirge\n|\n|upkeep\n|\n|t:|1699582576\n|switch|p2a: Amoonguss|Amoonguss, F|48\/100\n|turn|11\n|\n|t:|1699582586\n|move|p1a: Samurott|Razor Shell|p2a: Amoonguss\n|-resisted|p2a: Amoonguss\n|-damage|p2a: Amoonguss|5\/100\n|-unboost|p2a: Amoonguss|def|1\n|move|p2a: Amoonguss|Sludge Bomb|p1a: Samurott\n|-damage|p1a: Samurott|58\/100\n|\n|-heal|p2a: Amoonguss|11\/100|[from] item: Leftovers\n|upkeep\n|turn|12\n|\n|t:|1699582597\n|switch|p2a: Grimer|Grimer-Alola, M|100\/100\n|move|p1a: Samurott|Razor Shell|p2a: Grimer\n|-damage|p2a: Grimer|10\/100\n|-unboost|p2a: Grimer|def|1\n|\n|upkeep\n|turn|13\n|\n|t:|1699582606\n|move|p1a: Samurott|Razor Shell|p2a: Grimer\n|-crit|p2a: Grimer\n|-damage|p2a: Grimer|0 fnt\n|faint|p2a: Grimer\n|\n|upkeep\n|\n|t:|1699582619\n|switch|p2a: Coalossal|Coalossal, F|100\/100\n|turn|14\n|\n|t:|1699582626\n|-terastallize|p2a: Coalossal|Water\n|move|p1a: Samurott|Razor Shell|p2a: Coalossal\n|-resisted|p2a: Coalossal\n|-damage|p2a: Coalossal|71\/100\n|-ability|p2a: Coalossal|Steam Engine|boost\n|-boost|p2a: Coalossal|spe|6\n|move|p2a: Coalossal|Power Gem|p1a: Samurott\n|-damage|p1a: Samurott|0 fnt\n|faint|p1a: Samurott\n|-damage|p2a: Coalossal|62\/100|[from] item: Life Orb\n|\n|upkeep\n|\n|t:|1699582651\n|switch|p1a: Enamorus|Enamorus-Therian, F|100\/100\n|turn|15\n|\n|t:|1699582667\n|move|p2a: Coalossal|Power Gem|p1a: Enamorus\n|-supereffective|p1a: Enamorus\n|-damage|p1a: Enamorus|29\/100\n|-damage|p2a: Coalossal|52\/100|[from] item: Life Orb\n|move|p1a: Enamorus|Draining Kiss|p2a: Coalossal\n|-damage|p2a: Coalossal|23\/100\n|-heal|p1a: Enamorus|62\/100|[from] drain|[of] p2a: Coalossal\n|\n|upkeep\n|turn|16\n|\n|t:|1699582677\n|move|p2a: Coalossal|Power Gem|p1a: Enamorus\n|-supereffective|p1a: Enamorus\n|-damage|p1a: Enamorus|0 fnt\n|faint|p1a: Enamorus\n|-damage|p2a: Coalossal|13\/100|[from] item: Life Orb\n|\n|upkeep\n|\n|t:|1699582681\n|switch|p1a: Arcanine|Arcanine, M|100\/100\n|-ability|p1a: Arcanine|Intimidate|boost\n|-unboost|p2a: Coalossal|atk|1\n|turn|17\n|\n|t:|1699582697\n|move|p2a: Coalossal|Power Gem|p1a: Arcanine\n|-supereffective|p1a: Arcanine\n|-damage|p1a: Arcanine|17\/100\n|-damage|p2a: Coalossal|3\/100|[from] item: Life Orb\n|move|p1a: Arcanine|Flare Blitz|p2a: Coalossal\n|-resisted|p2a: Coalossal\n|-damage|p2a: Coalossal|0 fnt\n|faint|p2a: Coalossal\n|-damage|p1a: Arcanine|16\/100|[from] Recoil\n|\n|upkeep\n|\n|t:|1699582706\n|switch|p2a: Amoonguss|Amoonguss, F|44\/100\n|turn|18\n|\n|t:|1699582715\n|move|p1a: Arcanine|Flare Blitz|p2a: Amoonguss\n|-supereffective|p2a: Amoonguss\n|-damage|p2a: Amoonguss|0 fnt\n|faint|p2a: Amoonguss\n|-damage|p1a: Arcanine|0 fnt|[from] Recoil\n|faint|p1a: Arcanine\n|\n|win|PyroGaleZX\n","uploadtime":1699582722,"views":4,"p1id":"pyrogalezx","p2id":"jam20jam","formatid":"gen9nationaldex","rating":0,"private":0,"password":""}