{"id":"gen9nationaldex-1993589718","p1":"carlosc1b19","p2":"DarkYuichiro","format":"[Gen 9] National Dex","log":"|j|\u2606carlosc1b19\n|j|\u2606DarkYuichiro\n|t:|1700334999\n|gametype|singles\n|player|p1|carlosc1b19|101|\n|player|p2|DarkYuichiro|allister|\n|teamsize|p1|6\n|teamsize|p2|6\n|gen|9\n|tier|[Gen 9] National Dex\n|rule|HP Percentage Mod: HP is shown in percentages\n|rule|Endless Battle Clause: Forcing endless battles is banned\n|rule|OHKO Clause: OHKO moves are banned\n|rule|Evasion Clause: Evasion abilities, items, and moves are banned\n|rule|Evasion Abilities Clause: Evasion abilities are banned\n|rule|Evasion Items Clause: Evasion items are banned\n|rule|Evasion Moves Clause: Evasion moves are banned\n|rule|Species Clause: Limit one of each Pok\u00e9mon\n|rule|Sleep Clause Mod: Limit one foe put to sleep\n|clearpoke\n|poke|p1|Tyranitar, F|\n|poke|p1|Excadrill, F|\n|poke|p1|Urshifu-*, M|\n|poke|p1|Tapu Lele|\n|poke|p1|Ferrothorn, F|\n|poke|p1|Tornadus-Therian, M|\n|poke|p2|Amoonguss, M|\n|poke|p2|Beedrill, M|\n|poke|p2|Skeledirge, M|\n|poke|p2|Iron Moth|\n|poke|p2|Tauros-Paldea-Aqua, M|\n|poke|p2|Dondozo, M|\n|teampreview\n|c|\u2606carlosc1b19|gl hf\n|c|\u2606DarkYuichiro|GL\n|c|\u2606carlosc1b19|pasas live battle??\n|c|\u2606carlosc1b19|o lo hago yo??\n|c|\u2606DarkYuichiro|P\u00e1salo tu\n|c|\u2606carlosc1b19|listo\n|inactive|Battle timer is ON: inactive players will automatically lose when time's up. (requested by carlosc1b19)\n|\n|t:|1700335103\n|start\n|switch|p1a: Tornadus|Tornadus-Therian, M|100\/100\n|switch|p2a: Ferdinand|Tauros-Paldea-Aqua, M|100\/100\n|-ability|p2a: Ferdinand|Intimidate|boost\n|-unboost|p1a: Tornadus|atk|1\n|turn|1\n|l|\u2606DarkYuichiro\n|inactive|DarkYuichiro disconnected and has 300 seconds to reconnect!\n|player|p2|\n|inactive|DarkYuichiro has 270 seconds to reconnect!\n|inactive|DarkYuichiro has 240 seconds to reconnect!\n|inactive|DarkYuichiro has 210 seconds to reconnect!\n|inactive|DarkYuichiro has 180 seconds to reconnect!\n|inactive|DarkYuichiro has 150 seconds to reconnect!\n|inactive|DarkYuichiro has 120 seconds to reconnect!\n|j| tempo di anguria\n|l| tempo di anguria\n|inactive|DarkYuichiro has 90 seconds to reconnect!\n|j|\u2606DarkYuichiro\n|inactive|DarkYuichiro reconnected and has 285 seconds left.\n|player|p2|DarkYuichiro|allister\n|c|\u2606carlosc1b19|todo bien??\n|\n|t:|1700335344\n|switch|p2a: Guayando|Skeledirge, M, shiny|100\/100\n|move|p1a: Tornadus|Hurricane|p2a: Guayando|[miss]\n|-miss|p1a: Tornadus|p2a: Guayando\n|\n|upkeep\n|turn|2\n|c|\u2606DarkYuichiro|Perd\u00f3n xd\n|\n|t:|1700335356\n|move|p1a: Tornadus|Knock Off|p2a: Guayando\n|-supereffective|p2a: Guayando\n|-damage|p2a: Guayando|64\/100\n|-enditem|p2a: Guayando|Heavy-Duty Boots|[from] move: Knock Off|[of] p1a: Tornadus\n|move|p2a: Guayando|Torch Song|p1a: Tornadus\n|-damage|p1a: Tornadus|67\/100\n|-boost|p2a: Guayando|spa|1\n|\n|upkeep\n|turn|3\n|\n|t:|1700335370\n|move|p1a: Tornadus|U-turn|p2a: Guayando\n|-resisted|p2a: Guayando\n|-crit|p2a: Guayando\n|-damage|p2a: Guayando|59\/100\n|\n|t:|1700335372\n|switch|p1a: Tyranitar|Tyranitar, F|100\/100|[from] U-turn\n|-weather|Sandstorm|[from] ability: Sand Stream|[of] p1a: Tyranitar\n|move|p2a: Guayando|Will-O-Wisp|p1a: Tyranitar\n|-status|p1a: Tyranitar|brn\n|\n|-weather|Sandstorm|[upkeep]\n|-damage|p2a: Guayando|53\/100|[from] Sandstorm\n|-damage|p1a: Tyranitar|94\/100 brn|[from] brn\n|upkeep\n|turn|4\n|\n|t:|1700335380\n|switch|p2a: Ferdinand|Tauros-Paldea-Aqua, M|100\/100\n|-ability|p2a: Ferdinand|Intimidate|boost\n|-unboost|p1a: Tyranitar|atk|1\n|detailschange|p1a: Tyranitar|Tyranitar-Mega, F\n|-mega|p1a: Tyranitar|Tyranitar|Tyranitarite\n|move|p1a: Tyranitar|Stealth Rock|p2a: Ferdinand\n|-sidestart|p2: DarkYuichiro|move: Stealth Rock\n|\n|-weather|Sandstorm|[upkeep]\n|-damage|p2a: Ferdinand|94\/100|[from] Sandstorm\n|-heal|p2a: Ferdinand|100\/100|[from] item: Leftovers\n|-damage|p1a: Tyranitar|88\/100 brn|[from] brn\n|upkeep\n|turn|5\n|\n|t:|1700335391\n|switch|p1a: Ferrothorn|Ferrothorn, F|100\/100\n|move|p2a: Ferdinand|Trailblaze|p1a: Ferrothorn\n|-resisted|p1a: Ferrothorn\n|-damage|p1a: Ferrothorn|98\/100\n|-boost|p2a: Ferdinand|spe|1\n|-damage|p2a: Ferdinand|88\/100|[from] ability: Iron Barbs|[of] p1a: Ferrothorn\n|\n|-weather|Sandstorm|[upkeep]\n|-damage|p2a: Ferdinand|82\/100|[from] Sandstorm\n|-heal|p2a: Ferdinand|88\/100|[from] item: Leftovers\n|-heal|p1a: Ferrothorn|100\/100|[from] item: Leftovers\n|upkeep\n|turn|6\n|inactive|carlosc1b19 has 270 seconds left.\n|inactive|carlosc1b19 has 240 seconds left.\n|inactive|carlosc1b19 has 210 seconds left.\n|\n|t:|1700335482\n|move|p2a: Ferdinand|Bulk Up|p2a: Ferdinand\n|-boost|p2a: Ferdinand|atk|1\n|-boost|p2a: Ferdinand|def|1\n|move|p1a: Ferrothorn|Power Whip|p2a: Ferdinand\n|-supereffective|p2a: Ferdinand\n|-damage|p2a: Ferdinand|37\/100\n|\n|-weather|Sandstorm|[upkeep]\n|-damage|p2a: Ferdinand|30\/100|[from] Sandstorm\n|-heal|p2a: Ferdinand|37\/100|[from] item: Leftovers\n|upkeep\n|turn|7\n|inactive|carlosc1b19 has 210 seconds left.\n|\n|t:|1700335493\n|-terastallize|p1a: Ferrothorn|Grass\n|move|p2a: Ferdinand|Body Press|p1a: Ferrothorn\n|-damage|p1a: Ferrothorn|71\/100\n|-damage|p2a: Ferdinand|24\/100|[from] ability: Iron Barbs|[of] p1a: Ferrothorn\n|move|p1a: Ferrothorn|Power Whip|p2a: Ferdinand\n|-supereffective|p2a: Ferdinand\n|-damage|p2a: Ferdinand|0 fnt\n|faint|p2a: Ferdinand\n|\n|-weather|none\n|-heal|p1a: Ferrothorn|77\/100|[from] item: Leftovers\n|upkeep\n|\n|t:|1700335502\n|switch|p2a: Bob|Amoonguss, M, shiny|100\/100\n|-damage|p2a: Bob|88\/100|[from] Stealth Rock\n|turn|8\n|\n|t:|1700335507\n|move|p2a: Bob|Sludge Bomb|p1a: Ferrothorn\n|-supereffective|p1a: Ferrothorn\n|-damage|p1a: Ferrothorn|31\/100\n|move|p1a: Ferrothorn|Knock Off|p2a: Bob\n|-damage|p2a: Bob|73\/100\n|-enditem|p2a: Bob|Assault Vest|[from] move: Knock Off|[of] p1a: Ferrothorn\n|\n|-heal|p1a: Ferrothorn|37\/100|[from] item: Leftovers\n|upkeep\n|turn|9\n|\n|t:|1700335512\n|switch|p1a: Tyranitar|Tyranitar-Mega, F|88\/100 brn\n|-weather|Sandstorm|[from] ability: Sand Stream|[of] p1a: Tyranitar\n|move|p2a: Bob|Sludge Bomb|p1a: Tyranitar\n|-resisted|p1a: Tyranitar\n|-damage|p1a: Tyranitar|82\/100 brn\n|\n|-weather|Sandstorm|[upkeep]\n|-damage|p2a: Bob|67\/100|[from] Sandstorm\n|-damage|p1a: Tyranitar|76\/100 brn|[from] brn\n|upkeep\n|turn|10\n|\n|t:|1700335520\n|switch|p1a: Tornadus|Tornadus-Therian, M|100\/100\n|move|p2a: Bob|Giga Drain|p1a: Tornadus\n|-resisted|p1a: Tornadus\n|-damage|p1a: Tornadus|89\/100\n|-heal|p2a: Bob|72\/100|[from] drain|[of] p1a: Tornadus\n|\n|-weather|Sandstorm|[upkeep]\n|-damage|p1a: Tornadus|82\/100|[from] Sandstorm\n|-damage|p2a: Bob|66\/100|[from] Sandstorm\n|upkeep\n|turn|11\n|inactive|carlosc1b19 has 240 seconds left.\n|\n|t:|1700335527\n|switch|p2a: Guayando|Skeledirge, M, shiny|53\/100\n|-damage|p2a: Guayando|28\/100|[from] Stealth Rock\n|move|p1a: Tornadus|Hurricane|p2a: Guayando|[miss]\n|-miss|p1a: Tornadus|p2a: Guayando\n|\n|-weather|Sandstorm|[upkeep]\n|-damage|p1a: Tornadus|76\/100|[from] Sandstorm\n|-damage|p2a: Guayando|22\/100|[from] Sandstorm\n|upkeep\n|turn|12\n|\n|t:|1700335531\n|move|p1a: Tornadus|Knock Off|p2a: Guayando\n|-supereffective|p2a: Guayando\n|-damage|p2a: Guayando|0 fnt\n|faint|p2a: Guayando\n|\n|-weather|Sandstorm|[upkeep]\n|-damage|p1a: Tornadus|70\/100|[from] Sandstorm\n|upkeep\n|\n|t:|1700335543\n|switch|p2a: Mondongo|Dondozo, M|100\/100\n|-damage|p2a: Mondongo|88\/100|[from] Stealth Rock\n|turn|13\n|\n|t:|1700335551\n|move|p1a: Tornadus|Knock Off|p2a: Mondongo\n|-damage|p2a: Mondongo|79\/100\n|-enditem|p2a: Mondongo|Leftovers|[from] move: Knock Off|[of] p1a: Tornadus\n|move|p2a: Mondongo|Wave Crash|p1a: Tornadus\n|-damage|p1a: Tornadus|22\/100\n|-damage|p2a: Mondongo|67\/100|[from] Recoil\n|\n|-weather|none\n|upkeep\n|turn|14\n|\n|t:|1700335553\n|move|p1a: Tornadus|U-turn|p2a: Mondongo\n|-damage|p2a: Mondongo|59\/100\n|\n|t:|1700335557\n|switch|p1a: Ferrothorn|Ferrothorn, F, tera:Grass|37\/100|[from] U-turn\n|move|p2a: Mondongo|Wave Crash|p1a: Ferrothorn\n|-resisted|p1a: Ferrothorn\n|-damage|p1a: Ferrothorn|24\/100\n|-damage|p2a: Mondongo|47\/100|[from] ability: Iron Barbs|[of] p1a: Ferrothorn\n|-damage|p2a: Mondongo|44\/100|[from] Recoil\n|\n|-heal|p1a: Ferrothorn|30\/100|[from] item: Leftovers\n|upkeep\n|turn|15\n|\n|t:|1700335567\n|switch|p2a: Bob|Amoonguss, M, shiny|99\/100\n|-damage|p2a: Bob|86\/100|[from] Stealth Rock\n|move|p1a: Ferrothorn|Leech Seed|p2a: Bob\n|-immune|p2a: Bob\n|\n|-heal|p1a: Ferrothorn|36\/100|[from] item: Leftovers\n|upkeep\n|turn|16\n|\n|t:|1700335572\n|switch|p1a: Tyranitar|Tyranitar-Mega, F|76\/100 brn\n|-weather|Sandstorm|[from] ability: Sand Stream|[of] p1a: Tyranitar\n|move|p2a: Bob|Sludge Bomb|p1a: Tyranitar\n|-resisted|p1a: Tyranitar\n|-damage|p1a: Tyranitar|71\/100 brn\n|\n|-weather|Sandstorm|[upkeep]\n|-damage|p2a: Bob|80\/100|[from] Sandstorm\n|-damage|p1a: Tyranitar|64\/100 brn|[from] brn\n|upkeep\n|turn|17\n|\n|t:|1700335595\n|switch|p1a: Ferrothorn|Ferrothorn, F, tera:Grass|36\/100\n|switch|p2a: Mondongo|Dondozo, M|44\/100\n|-damage|p2a: Mondongo|31\/100|[from] Stealth Rock\n|\n|-weather|Sandstorm|[upkeep]\n|-damage|p2a: Mondongo|25\/100|[from] Sandstorm\n|-damage|p1a: Ferrothorn|30\/100|[from] Sandstorm\n|-heal|p1a: Ferrothorn|36\/100|[from] item: Leftovers\n|upkeep\n|turn|18\n|\n|t:|1700335601\n|move|p2a: Mondongo|Rest|p2a: Mondongo\n|-status|p2a: Mondongo|slp|[from] move: Rest\n|-heal|p2a: Mondongo|100\/100 slp|[silent]\n|move|p1a: Ferrothorn|Power Whip|p2a: Mondongo|[miss]\n|-miss|p1a: Ferrothorn|p2a: Mondongo\n|\n|-weather|Sandstorm|[upkeep]\n|-damage|p2a: Mondongo|94\/100 slp|[from] Sandstorm\n|-damage|p1a: Ferrothorn|30\/100|[from] Sandstorm\n|-heal|p1a: Ferrothorn|36\/100|[from] item: Leftovers\n|upkeep\n|turn|19\n|\n|t:|1700335605\n|switch|p2a: Bob|Amoonguss, M, shiny|100\/100\n|-damage|p2a: Bob|88\/100|[from] Stealth Rock\n|move|p1a: Ferrothorn|Leech Seed|p2a: Bob\n|-immune|p2a: Bob\n|\n|-weather|Sandstorm|[upkeep]\n|-damage|p2a: Bob|82\/100|[from] Sandstorm\n|-damage|p1a: Ferrothorn|30\/100|[from] Sandstorm\n|-heal|p1a: Ferrothorn|36\/100|[from] item: Leftovers\n|upkeep\n|turn|20\n|inactive|carlosc1b19 has 270 seconds left.\n|inactive|carlosc1b19 has 240 seconds left.\n|\n|t:|1700335674\n|move|p2a: Bob|Sludge Bomb|p1a: Ferrothorn\n|-supereffective|p1a: Ferrothorn\n|-damage|p1a: Ferrothorn|0 fnt\n|faint|p1a: Ferrothorn\n|\n|-weather|none\n|upkeep\n|\n|t:|1700335679\n|switch|p1a: Tornadus|Tornadus-Therian, M|55\/100\n|turn|21\n|inactive|carlosc1b19 has 240 seconds left.\n|\n|t:|1700335690\n|switch|p2a: Mondongo|Dondozo, M|94\/100 slp\n|-damage|p2a: Mondongo|82\/100 slp|[from] Stealth Rock\n|move|p1a: Tornadus|Taunt|p2a: Mondongo\n|-start|p2a: Mondongo|move: Taunt\n|\n|upkeep\n|turn|22\n|inactive|carlosc1b19 has 240 seconds left.\n|\n|t:|1700335705\n|switch|p1a: Tapu Lele|Tapu Lele|100\/100\n|-fieldstart|move: Psychic Terrain|[from] ability: Psychic Surge|[of] p1a: Tapu Lele\n|cant|p2a: Mondongo|slp\n|\n|upkeep\n|turn|23\n|inactive|carlosc1b19 has 240 seconds left.\n|\n|t:|1700335714\n|move|p1a: Tapu Lele|Psychic|p2a: Mondongo\n|-damage|p2a: Mondongo|8\/100 slp\n|cant|p2a: Mondongo|slp\n|\n|-end|p2a: Mondongo|move: Taunt\n|upkeep\n|turn|24\n|\n|t:|1700335719\n|move|p1a: Tapu Lele|Psychic|p2a: Mondongo\n|-damage|p2a: Mondongo|0 fnt\n|faint|p2a: Mondongo\n|\n|upkeep\n|\n|t:|1700335730\n|switch|p2a: Fezanditi|Beedrill, M, shiny|100\/100\n|-damage|p2a: Fezanditi|76\/100|[from] Stealth Rock\n|turn|25\n|inactive|carlosc1b19 has 240 seconds left.\n|\n|t:|1700335760\n|switch|p1a: Tyranitar|Tyranitar-Mega, F|64\/100 brn\n|-weather|Sandstorm|[from] ability: Sand Stream|[of] p1a: Tyranitar\n|detailschange|p2a: Fezanditi|Beedrill-Mega, M, shiny\n|-mega|p2a: Fezanditi|Beedrill|Beedrillite\n|move|p2a: Fezanditi|Poison Jab|p1a: Tyranitar\n|-resisted|p1a: Tyranitar\n|-damage|p1a: Tyranitar|45\/100 brn\n|\n|-weather|Sandstorm|[upkeep]\n|-damage|p2a: Fezanditi|70\/100|[from] Sandstorm\n|-damage|p1a: Tyranitar|39\/100 brn|[from] brn\n|upkeep\n|turn|26\n|inactive|carlosc1b19 has 240 seconds left.\n|\n|t:|1700335770\n|move|p2a: Fezanditi|Fell Stinger|p1a: Tyranitar\n|-supereffective|p1a: Tyranitar\n|-damage|p1a: Tyranitar|0 fnt\n|faint|p1a: Tyranitar\n|-boost|p2a: Fezanditi|atk|3\n|\n|-weather|Sandstorm|[upkeep]\n|-damage|p2a: Fezanditi|64\/100|[from] Sandstorm\n|-fieldend|move: Psychic Terrain\n|upkeep\n|inactive|carlosc1b19 has 240 seconds left.\n|\n|t:|1700335776\n|switch|p1a: Urshifu|Urshifu-Rapid-Strike, M|100\/100\n|turn|27\n|\n|t:|1700335785\n|move|p1a: Urshifu|Surging Strikes|p2a: Fezanditi\n|-crit|p2a: Fezanditi\n|-damage|p2a: Fezanditi|13\/100\n|-crit|p2a: Fezanditi\n|-damage|p2a: Fezanditi|0 fnt\n|faint|p2a: Fezanditi\n|-hitcount|p2: Fezanditi|2\n|\n|-weather|Sandstorm|[upkeep]\n|-damage|p1a: Urshifu|94\/100|[from] Sandstorm\n|upkeep\n|\n|t:|1700335789\n|switch|p2a: Bob|Amoonguss, M, shiny|100\/100\n|-damage|p2a: Bob|88\/100|[from] Stealth Rock\n|turn|28\n|\n|t:|1700335797\n|switch|p1a: Excadrill|Excadrill, F|100\/100\n|move|p2a: Bob|Sludge Bomb|p1a: Excadrill\n|-immune|p1a: Excadrill\n|\n|-weather|Sandstorm|[upkeep]\n|-damage|p2a: Bob|82\/100|[from] Sandstorm\n|upkeep\n|turn|29\n|\n|t:|1700335806\n|move|p1a: Excadrill|Earthquake|p2a: Bob\n|-crit|p2a: Bob\n|-damage|p2a: Bob|17\/100\n|move|p2a: Bob|Giga Drain|p1a: Excadrill\n|-damage|p1a: Excadrill|72\/100\n|-heal|p2a: Bob|29\/100|[from] drain|[of] p1a: Excadrill\n|\n|-weather|none\n|upkeep\n|turn|30\n|inactive|carlosc1b19 has 270 seconds left.\n|\n|t:|1700335814\n|move|p1a: Excadrill|Earthquake|p2a: Bob\n|-damage|p2a: Bob|0 fnt\n|faint|p2a: Bob\n|\n|upkeep\n|\n|t:|1700335815\n|switch|p2a: Mothra|Iron Moth|100\/100\n|-damage|p2a: Mothra|76\/100|[from] Stealth Rock\n|-enditem|p2a: Mothra|Booster Energy\n|-activate|p2a: Mothra|ability: Quark Drive|[fromitem]\n|-start|p2a: Mothra|quarkdrivespa\n|turn|31\n|\n|t:|1700335823\n|move|p2a: Mothra|Fiery Dance|p1a: Excadrill\n|-supereffective|p1a: Excadrill\n|-damage|p1a: Excadrill|0 fnt\n|faint|p1a: Excadrill\n|\n|upkeep\n|\n|t:|1700335830\n|switch|p1a: Tapu Lele|Tapu Lele|100\/100\n|-fieldstart|move: Psychic Terrain|[from] ability: Psychic Surge|[of] p1a: Tapu Lele\n|turn|32\n|\n|t:|1700335834\n|-terastallize|p2a: Mothra|Psychic\n|move|p2a: Mothra|Sludge Wave|p1a: Tapu Lele\n|-supereffective|p1a: Tapu Lele\n|-damage|p1a: Tapu Lele|0 fnt\n|faint|p1a: Tapu Lele\n|\n|upkeep\n|\n|t:|1700335840\n|switch|p1a: Tornadus|Tornadus-Therian, M|89\/100\n|turn|33\n|\n|t:|1700335856\n|move|p1a: Tornadus|Knock Off|p2a: Mothra\n|-supereffective|p2a: Mothra\n|-damage|p2a: Mothra|26\/100\n|move|p2a: Mothra|Psychic|p1a: Tornadus\n|-damage|p1a: Tornadus|5\/100\n|\n|upkeep\n|turn|34\n|l|\u2606carlosc1b19\n|inactive|carlosc1b19 disconnected and has 300 seconds to reconnect!\n|player|p1|\n|j|\u2606carlosc1b19\n|inactive|carlosc1b19 reconnected and has 295 seconds left.\n|player|p1|carlosc1b19|101\n|\n|t:|1700335875\n|move|p1a: Tornadus|Knock Off|p2a: Mothra\n|-supereffective|p2a: Mothra\n|-damage|p2a: Mothra|0 fnt\n|faint|p2a: Mothra\n|-end|p2a: Mothra|Quark Drive|[silent]\n|\n|win|carlosc1b19\n|c|\u2606DarkYuichiro|Gg\n|c|\u2606carlosc1b19|ggs\n|c|\u2606DarkYuichiro|El solo 1 combate no?\n|c|\u2606carlosc1b19|eso te iba a preguntar\n|c|\u2606carlosc1b19|XD\n|c|\u2606DarkYuichiro|xDD\n","uploadtime":1700335883,"views":15,"p1id":"carlosc1b19","p2id":"darkyuichiro","formatid":"gen9nationaldex","rating":0,"private":0,"password":""}