{"id":"gen9nationaldex-1992870835","p1":"KingoftheTitans","p2":"Darksentry69","format":"[Gen 9] National Dex","log":"|j|\u2606KingoftheTitans\n|j|\u2606Darksentry69\n|t:|1700242625\n|gametype|singles\n|player|p1|KingoftheTitans|266|1300\n|player|p2|Darksentry69|cynthia|1378\n|teamsize|p1|6\n|teamsize|p2|6\n|gen|9\n|tier|[Gen 9] National Dex\n|rated|\n|rule|HP Percentage Mod: HP is shown in percentages\n|rule|Endless Battle Clause: Forcing endless battles is banned\n|rule|OHKO Clause: OHKO moves are banned\n|rule|Evasion Clause: Evasion abilities, items, and moves are banned\n|rule|Evasion Abilities Clause: Evasion abilities are banned\n|rule|Evasion Items Clause: Evasion items are banned\n|rule|Evasion Moves Clause: Evasion moves are banned\n|rule|Species Clause: Limit one of each Pok\u00e9mon\n|rule|Sleep Clause Mod: Limit one foe put to sleep\n|clearpoke\n|poke|p1|Garchomp, M|\n|poke|p1|Sneasler, F|\n|poke|p1|Tapu Fini|\n|poke|p1|Slowking-Galar, M|\n|poke|p1|Gliscor, F|\n|poke|p1|Great Tusk|\n|poke|p2|Serperior, M|\n|poke|p2|Volcarona, M|\n|poke|p2|Xurkitree|\n|poke|p2|Glimmora, F|\n|poke|p2|Cloyster, M|\n|poke|p2|Polteageist-Antique|\n|teampreview\n|\n|t:|1700242631\n|start\n|switch|p1a: Tapu Fini|Tapu Fini|100\/100\n|switch|p2a: Cloyster|Cloyster, M, shiny|100\/100\n|-fieldstart|move: Misty Terrain|[from] ability: Misty Surge|[of] p1a: Tapu Fini\n|turn|1\n|\n|t:|1700242638\n|move|p1a: Tapu Fini|Moonblast|p2a: Cloyster\n|-enditem|p2a: Cloyster|Focus Sash\n|-damage|p2a: Cloyster|1\/100\n|move|p2a: Cloyster|Shell Smash|p2a: Cloyster\n|-unboost|p2a: Cloyster|def|1\n|-unboost|p2a: Cloyster|spd|1\n|-boost|p2a: Cloyster|atk|2\n|-boost|p2a: Cloyster|spa|2\n|-boost|p2a: Cloyster|spe|2\n|\n|upkeep\n|turn|2\n|\n|t:|1700242646\n|move|p2a: Cloyster|Rock Blast|p1a: Tapu Fini\n|-damage|p1a: Tapu Fini|85\/100\n|-damage|p1a: Tapu Fini|68\/100\n|-crit|p1a: Tapu Fini\n|-damage|p1a: Tapu Fini|40\/100\n|-damage|p1a: Tapu Fini|23\/100\n|-damage|p1a: Tapu Fini|4\/100\n|-hitcount|p1a: Tapu Fini|5\n|move|p1a: Tapu Fini|Moonblast|p2a: Cloyster\n|-damage|p2a: Cloyster|0 fnt\n|faint|p2a: Cloyster\n|\n|-heal|p1a: Tapu Fini|10\/100|[from] item: Leftovers\n|upkeep\n|\n|t:|1700242656\n|switch|p2a: Polteageist|Polteageist-Antique, shiny|100\/100\n|turn|3\n|\n|t:|1700242662\n|move|p1a: Tapu Fini|Moonblast|p2a: Polteageist\n|-damage|p2a: Polteageist|50\/100\n|move|p2a: Polteageist|Shell Smash|p2a: Polteageist\n|-unboost|p2a: Polteageist|def|1\n|-unboost|p2a: Polteageist|spd|1\n|-boost|p2a: Polteageist|atk|2\n|-boost|p2a: Polteageist|spa|2\n|-boost|p2a: Polteageist|spe|2\n|\n|-heal|p1a: Tapu Fini|17\/100|[from] item: Leftovers\n|upkeep\n|turn|4\n|\n|t:|1700242671\n|move|p2a: Polteageist|Stored Power|p1a: Tapu Fini\n|-damage|p1a: Tapu Fini|0 fnt\n|faint|p1a: Tapu Fini\n|\n|upkeep\n|\n|t:|1700242676\n|switch|p1a: Sneasler|Sneasler, F|100\/100\n|-enditem|p1a: Sneasler|Misty Seed\n|-boost|p1a: Sneasler|spd|1|[from] item: Misty Seed\n|turn|5\n|\n|t:|1700242681\n|-terastallize|p1a: Sneasler|Flying\n|move|p1a: Sneasler|Acrobatics|p2a: Polteageist\n|-damage|p2a: Polteageist|0 fnt\n|faint|p2a: Polteageist\n|\n|-fieldend|Misty Terrain\n|upkeep\n|\n|t:|1700242689\n|switch|p2a: Xurkitree|Xurkitree, shiny|100\/100\n|turn|6\n|\n|t:|1700242692\n|move|p1a: Sneasler|Close Combat|p2a: Xurkitree\n|-damage|p2a: Xurkitree|3\/100\n|-unboost|p1a: Sneasler|def|1\n|-unboost|p1a: Sneasler|spd|1\n|move|p2a: Xurkitree|Hypnosis|p1a: Sneasler|[miss]\n|-miss|p2a: Xurkitree|p1a: Sneasler\n|-enditem|p2a: Xurkitree|Blunder Policy\n|-boost|p2a: Xurkitree|spe|2\n|\n|upkeep\n|turn|7\n|\n|t:|1700242701\n|move|p1a: Sneasler|Acrobatics|p2a: Xurkitree\n|-resisted|p2a: Xurkitree\n|-damage|p2a: Xurkitree|0 fnt\n|faint|p2a: Xurkitree\n|\n|upkeep\n|\n|t:|1700242709\n|switch|p2a: Glimmora|Glimmora, F|100\/100\n|turn|8\n|\n|t:|1700242717\n|move|p1a: Sneasler|Close Combat|p2a: Glimmora\n|-damage|p2a: Glimmora|46\/100\n|-unboost|p1a: Sneasler|def|1\n|-unboost|p1a: Sneasler|spd|1\n|-activate|p2a: Glimmora|ability: Toxic Debris\n|-sidestart|p1: KingoftheTitans|move: Toxic Spikes\n|move|p2a: Glimmora|Mortal Spin|p1a: Sneasler\n|-damage|p1a: Sneasler|82\/100\n|-status|p1a: Sneasler|psn\n|\n|-damage|p1a: Sneasler|69\/100 psn|[from] psn\n|upkeep\n|turn|9\n|\n|t:|1700242728\n|move|p1a: Sneasler|Close Combat|p2a: Glimmora\n|-damage|p2a: Glimmora|0 fnt\n|-unboost|p1a: Sneasler|def|1\n|-unboost|p1a: Sneasler|spd|1\n|-activate|p2a: Glimmora|ability: Toxic Debris\n|-sidestart|p1: KingoftheTitans|move: Toxic Spikes\n|faint|p2a: Glimmora\n|\n|-damage|p1a: Sneasler|57\/100 psn|[from] psn\n|upkeep\n|\n|t:|1700242732\n|switch|p2a: Serperior|Serperior, M|100\/100\n|turn|10\n|\n|t:|1700242740\n|move|p1a: Sneasler|Acrobatics|p2a: Serperior\n|-supereffective|p2a: Serperior\n|-enditem|p2a: Serperior|Focus Sash\n|-damage|p2a: Serperior|1\/100\n|move|p2a: Serperior|Leaf Storm|p1a: Sneasler\n|-resisted|p1a: Sneasler\n|-damage|p1a: Sneasler|0 fnt\n|-boost|p2a: Serperior|spa|2\n|faint|p1a: Sneasler\n|\n|upkeep\n|\n|t:|1700242749\n|switch|p1a: Garchomp|Garchomp, M|100\/100\n|-status|p1a: Garchomp|tox\n|turn|11\n|\n|t:|1700242757\n|detailschange|p1a: Garchomp|Garchomp-Mega, M\n|-mega|p1a: Garchomp|Garchomp|Garchompite\n|-terastallize|p2a: Serperior|Dragon\n|move|p2a: Serperior|Dragon Pulse|p1a: Garchomp\n|-supereffective|p1a: Garchomp\n|-damage|p1a: Garchomp|0 fnt\n|faint|p1a: Garchomp\n|\n|upkeep\n|\n|t:|1700242766\n|switch|p1a: Slowking|Slowking-Galar, M|100\/100\n|-sideend|p1: KingoftheTitans|move: Toxic Spikes|[of] p1a: Slowking\n|turn|12\n|\n|t:|1700242771\n|move|p2a: Serperior|Synthesis|p2a: Serperior\n|-heal|p2a: Serperior|51\/100\n|move|p1a: Slowking|Scald|p2a: Serperior\n|-resisted|p2a: Serperior\n|-damage|p2a: Serperior|38\/100\n|\n|upkeep\n|turn|13\n|\n|t:|1700242778\n|move|p2a: Serperior|Synthesis|p2a: Serperior\n|-heal|p2a: Serperior|88\/100\n|move|p1a: Slowking|Sludge Bomb|p2a: Serperior\n|-damage|p2a: Serperior|50\/100\n|\n|upkeep\n|turn|14\n|\n|t:|1700242785\n|move|p2a: Serperior|Synthesis|p2a: Serperior\n|-heal|p2a: Serperior|99\/100\n|move|p1a: Slowking|Sludge Bomb|p2a: Serperior\n|-damage|p2a: Serperior|62\/100\n|\n|upkeep\n|turn|15\n|\n|t:|1700242791\n|move|p2a: Serperior|Leaf Storm|p1a: Slowking\n|-resisted|p1a: Slowking\n|-damage|p1a: Slowking|63\/100\n|-boost|p2a: Serperior|spa|2\n|move|p1a: Slowking|Sludge Bomb|p2a: Serperior\n|-damage|p2a: Serperior|21\/100\n|\n|-heal|p1a: Slowking|69\/100|[from] item: Black Sludge\n|upkeep\n|turn|16\n|\n|t:|1700242802\n|move|p2a: Serperior|Synthesis|p2a: Serperior\n|-heal|p2a: Serperior|71\/100\n|move|p1a: Slowking|Sludge Bomb|p2a: Serperior\n|-damage|p2a: Serperior|33\/100\n|\n|-heal|p1a: Slowking|75\/100|[from] item: Black Sludge\n|upkeep\n|turn|17\n|\n|t:|1700242811\n|move|p2a: Serperior|Synthesis|p2a: Serperior\n|-heal|p2a: Serperior|83\/100\n|move|p1a: Slowking|Sludge Bomb|p2a: Serperior\n|-damage|p2a: Serperior|41\/100\n|\n|-heal|p1a: Slowking|81\/100|[from] item: Black Sludge\n|upkeep\n|turn|18\n|\n|t:|1700242820\n|move|p2a: Serperior|Synthesis|p2a: Serperior\n|-heal|p2a: Serperior|91\/100\n|move|p1a: Slowking|Sludge Bomb|p2a: Serperior\n|-damage|p2a: Serperior|48\/100\n|\n|-heal|p1a: Slowking|87\/100|[from] item: Black Sludge\n|upkeep\n|turn|19\n|\n|t:|1700242829\n|move|p2a: Serperior|Dragon Pulse|p1a: Slowking\n|-damage|p1a: Slowking|12\/100\n|move|p1a: Slowking|Sludge Bomb|p2a: Serperior\n|-damage|p2a: Serperior|7\/100\n|\n|-heal|p1a: Slowking|18\/100|[from] item: Black Sludge\n|upkeep\n|turn|20\n|c|\u2606KingoftheTitans|Why can\u2019t I poison?\n|\n|t:|1700242850\n|move|p2a: Serperior|Leaf Storm|p1a: Slowking\n|-resisted|p1a: Slowking\n|-damage|p1a: Slowking|0 fnt\n|-boost|p2a: Serperior|spa|2\n|faint|p1a: Slowking\n|\n|upkeep\n|c|\u2606Darksentry69|10%\n|\n|t:|1700242858\n|switch|p1a: Gliscor|Gliscor, F|100\/100\n|turn|21\n|c|\u2606Darksentry69|Really low\n|\n|t:|1700242863\n|move|p2a: Serperior|Leaf Storm|p1a: Gliscor\n|-damage|p1a: Gliscor|0 fnt\n|faint|p1a: Gliscor\n|\n|upkeep\n|\n|t:|1700242868\n|switch|p1a: Great Tusk|Great Tusk|100\/100\n|-enditem|p1a: Great Tusk|Booster Energy\n|-activate|p1a: Great Tusk|ability: Protosynthesis|[fromitem]\n|-start|p1a: Great Tusk|protosynthesisatk\n|turn|22\n|c|\u2606Darksentry69|gg\n|\n|t:|1700242874\n|move|p2a: Serperior|Leaf Storm|p1a: Great Tusk\n|-supereffective|p1a: Great Tusk\n|-damage|p1a: Great Tusk|0 fnt\n|faint|p1a: Great Tusk\n|-end|p1a: Great Tusk|Protosynthesis|[silent]\n|\n|win|Darksentry69\n|raw|KingoftheTitans's rating: 1300 &rarr; <strong>1281<\/strong><br \/>(-19 for losing)\n|raw|Darksentry69's rating: 1378 &rarr; <strong>1394<\/strong><br \/>(+16 for winning)\n|l|\u2606Darksentry69\n","uploadtime":1700242891,"views":12,"p1id":"kingofthetitans","p2id":"darksentry69","formatid":"gen9nationaldex","rating":1281,"private":0,"password":""}