{"id":"gen9nationaldex-1991042187","p1":"TKmaoz_xj","p2":"clayanto","format":"[Gen 9] National Dex","log":"|j|\u2606TKmaoz_xj\n|j|\u2606clayanto\n|t:|1700033242\n|gametype|singles\n|player|p1|TKmaoz_xj|170|1309\n|player|p2|clayanto|170|1318\n|teamsize|p1|6\n|teamsize|p2|6\n|gen|9\n|tier|[Gen 9] National Dex\n|rated|\n|rule|HP Percentage Mod: HP is shown in percentages\n|rule|Endless Battle Clause: Forcing endless battles is banned\n|rule|OHKO Clause: OHKO moves are banned\n|rule|Evasion Clause: Evasion abilities, items, and moves are banned\n|rule|Evasion Abilities Clause: Evasion abilities are banned\n|rule|Evasion Items Clause: Evasion items are banned\n|rule|Evasion Moves Clause: Evasion moves are banned\n|rule|Species Clause: Limit one of each Pok\u00e9mon\n|rule|Sleep Clause Mod: Limit one foe put to sleep\n|clearpoke\n|poke|p1|Cloyster, M|\n|poke|p1|Mudsdale, M|\n|poke|p1|Charizard, M|\n|poke|p1|Dragonite, M|\n|poke|p1|Kommo-o, F|\n|poke|p1|Empoleon, M|\n|poke|p2|Pelipper, F|\n|poke|p2|Greninja-*, M|\n|poke|p2|Swampert, M|\n|poke|p2|Talonflame, F|\n|poke|p2|Zapdos|\n|poke|p2|Ogerpon-Wellspring, F|\n|teampreview\n|inactive|Battle timer is ON: inactive players will automatically lose when time's up. (requested by clayanto)\n|\n|t:|1700033247\n|start\n|switch|p1a: Charizard|Charizard, M|100\/100\n|switch|p2a: Zapdos|Zapdos|100\/100\n|turn|1\n|\n|t:|1700033252\n|switch|p1a: Mudsdale|Mudsdale, M, shiny|100\/100\n|move|p2a: Zapdos|Volt Switch|p1a: Mudsdale\n|-immune|p1a: Mudsdale\n|\n|upkeep\n|turn|2\n|\n|t:|1700033259\n|move|p2a: Zapdos|Hurricane|p1a: Mudsdale\n|-damage|p1a: Mudsdale|58\/100\n|-ability|p1a: Mudsdale|Stamina|boost\n|-boost|p1a: Mudsdale|def|1\n|move|p1a: Mudsdale|Toxic|p2a: Zapdos\n|-status|p2a: Zapdos|tox\n|\n|-heal|p1a: Mudsdale|64\/100|[from] item: Leftovers\n|-damage|p2a: Zapdos|94\/100 tox|[from] psn\n|upkeep\n|turn|3\n|\n|t:|1700033265\n|move|p1a: Mudsdale|Protect|p1a: Mudsdale\n|-singleturn|p1a: Mudsdale|Protect\n|move|p2a: Zapdos|Hurricane|p1a: Mudsdale\n|-activate|p1a: Mudsdale|move: Protect\n|\n|-heal|p1a: Mudsdale|70\/100|[from] item: Leftovers\n|-damage|p2a: Zapdos|82\/100 tox|[from] psn\n|upkeep\n|turn|4\n|\n|t:|1700033283\n|-terastallize|p1a: Mudsdale|Steel\n|move|p2a: Zapdos|Volt Switch|p1a: Mudsdale\n|-damage|p1a: Mudsdale|43\/100\n|-ability|p1a: Mudsdale|Stamina|boost\n|-boost|p1a: Mudsdale|def|1\n|\n|t:|1700033292\n|switch|p2a: Ogerpon|Ogerpon-Wellspring, F|100\/100|[from] Volt Switch\n|move|p1a: Mudsdale|Body Press|p2a: Ogerpon\n|-damage|p2a: Ogerpon|44\/100\n|\n|-heal|p1a: Mudsdale|49\/100|[from] item: Leftovers\n|upkeep\n|turn|5\n|\n|t:|1700033301\n|move|p2a: Ogerpon|Leech Seed|p1a: Mudsdale\n|-start|p1a: Mudsdale|move: Leech Seed\n|move|p1a: Mudsdale|Body Press|p2a: Ogerpon\n|-damage|p2a: Ogerpon|0 fnt\n|faint|p2a: Ogerpon\n|\n|-heal|p1a: Mudsdale|55\/100|[from] item: Leftovers\n|upkeep\n|\n|t:|1700033305\n|switch|p2a: Pelipper|Pelipper, F|100\/100\n|-weather|RainDance|[from] ability: Drizzle|[of] p2a: Pelipper\n|turn|6\n|\n|t:|1700033328\n|switch|p1a: Empoleon|Empoleon, M|100\/100\n|move|p2a: Pelipper|U-turn|p1a: Empoleon\n|-resisted|p1a: Empoleon\n|-damage|p1a: Empoleon|96\/100\n|\n|t:|1700033331\n|switch|p2a: Zapdos|Zapdos|82\/100 tox|[from] U-turn\n|\n|-weather|RainDance|[upkeep]\n|-heal|p1a: Empoleon|100\/100|[from] item: Leftovers\n|-damage|p2a: Zapdos|75\/100 tox|[from] psn\n|upkeep\n|turn|7\n|inactive|TKmaoz_xj has 120 seconds left.\n|\n|t:|1700033363\n|-terastallize|p2a: Zapdos|Electric\n|move|p2a: Zapdos|Volt Switch|p1a: Empoleon\n|-supereffective|p1a: Empoleon\n|-crit|p1a: Empoleon\n|-damage|p1a: Empoleon|17\/100\n|\n|t:|1700033369\n|switch|p2a: Swampert|Swampert, M|100\/100|[from] Volt Switch\n|move|p1a: Empoleon|Knock Off|p2a: Swampert\n|-damage|p2a: Swampert|88\/100\n|\n|-weather|RainDance|[upkeep]\n|-heal|p1a: Empoleon|23\/100|[from] item: Leftovers\n|upkeep\n|turn|8\n|inactive|TKmaoz_xj has 120 seconds left.\n|\n|t:|1700033381\n|detailschange|p2a: Swampert|Swampert-Mega, M\n|-mega|p2a: Swampert|Swampert|Swampertite\n|move|p2a: Swampert|Flip Turn|p1a: Empoleon\n|-resisted|p1a: Empoleon\n|-damage|p1a: Empoleon|0 fnt\n|faint|p1a: Empoleon\n|\n|t:|1700033386\n|switch|p2a: Zapdos|Zapdos, tera:Electric|75\/100 tox|[from] Flip Turn\n|\n|-weather|RainDance|[upkeep]\n|-damage|p2a: Zapdos|69\/100 tox|[from] psn\n|upkeep\n|\n|t:|1700033394\n|switch|p1a: Charizard|Charizard, M|100\/100\n|turn|9\n|\n|t:|1700033405\n|switch|p1a: Mudsdale|Mudsdale, M, shiny, tera:Steel|55\/100\n|move|p2a: Zapdos|Volt Switch|p1a: Mudsdale\n|-damage|p1a: Mudsdale|20\/100\n|-ability|p1a: Mudsdale|Stamina|boost\n|-boost|p1a: Mudsdale|def|1\n|\n|t:|1700033411\n|switch|p2a: Swampert|Swampert-Mega, M|88\/100|[from] Volt Switch\n|\n|-weather|RainDance|[upkeep]\n|-heal|p1a: Mudsdale|26\/100|[from] item: Leftovers\n|upkeep\n|turn|10\n|\n|t:|1700033420\n|move|p1a: Mudsdale|Protect|p1a: Mudsdale\n|-singleturn|p1a: Mudsdale|Protect\n|move|p2a: Swampert|Waterfall|p1a: Mudsdale\n|-activate|p1a: Mudsdale|move: Protect\n|\n|-weather|RainDance|[upkeep]\n|-heal|p1a: Mudsdale|32\/100|[from] item: Leftovers\n|upkeep\n|turn|11\n|\n|t:|1700033426\n|move|p2a: Swampert|Flip Turn|p1a: Mudsdale\n|-damage|p1a: Mudsdale|11\/100\n|-ability|p1a: Mudsdale|Stamina|boost\n|-boost|p1a: Mudsdale|def|1\n|\n|t:|1700033433\n|switch|p2a: Zapdos|Zapdos, tera:Electric|69\/100 tox|[from] Flip Turn\n|move|p1a: Mudsdale|Toxic|p2a: Zapdos\n|-fail|p2a: Zapdos|tox\n|\n|-weather|RainDance|[upkeep]\n|-heal|p1a: Mudsdale|18\/100|[from] item: Leftovers\n|-damage|p2a: Zapdos|63\/100 tox|[from] psn\n|upkeep\n|turn|12\n|\n|t:|1700033437\n|move|p1a: Mudsdale|Protect|p1a: Mudsdale\n|-singleturn|p1a: Mudsdale|Protect\n|move|p2a: Zapdos|Roost|p2a: Zapdos\n|-heal|p2a: Zapdos|100\/100 tox\n|\n|-weather|RainDance|[upkeep]\n|-heal|p1a: Mudsdale|24\/100|[from] item: Leftovers\n|-damage|p2a: Zapdos|88\/100 tox|[from] psn\n|upkeep\n|turn|13\n|\n|t:|1700033443\n|move|p1a: Mudsdale|Protect|p1a: Mudsdale\n|-singleturn|p1a: Mudsdale|Protect\n|move|p2a: Zapdos|Volt Switch|p1a: Mudsdale\n|-activate|p1a: Mudsdale|move: Protect\n|\n|-weather|none\n|-heal|p1a: Mudsdale|30\/100|[from] item: Leftovers\n|-damage|p2a: Zapdos|69\/100 tox|[from] psn\n|upkeep\n|turn|14\n|\n|t:|1700033462\n|move|p2a: Zapdos|Volt Switch|p1a: Mudsdale\n|-damage|p1a: Mudsdale|0 fnt\n|faint|p1a: Mudsdale\n|\n|t:|1700033470\n|switch|p2a: Greninja|Greninja, M|100\/100|[from] Volt Switch\n|\n|upkeep\n|\n|t:|1700033476\n|switch|p1a: Cloyster|Cloyster, M, shiny|100\/100\n|turn|15\n|\n|t:|1700033483\n|move|p2a: Greninja|Dark Pulse|p1a: Cloyster\n|-enditem|p1a: Cloyster|Focus Sash\n|-damage|p1a: Cloyster|1\/100\n|-damage|p2a: Greninja|91\/100|[from] item: Life Orb\n|move|p1a: Cloyster|Shell Smash|p1a: Cloyster\n|-unboost|p1a: Cloyster|def|1\n|-unboost|p1a: Cloyster|spd|1\n|-boost|p1a: Cloyster|atk|2\n|-boost|p1a: Cloyster|spa|2\n|-boost|p1a: Cloyster|spe|2\n|\n|upkeep\n|turn|16\n|\n|t:|1700033488\n|move|p2a: Greninja|Water Shuriken|p1a: Cloyster\n|-resisted|p1a: Cloyster\n|-damage|p1a: Cloyster|0 fnt\n|faint|p1a: Cloyster\n|-ability|p2a: Greninja|Battle Bond|boost\n|-boost|p2a: Greninja|atk|1\n|-boost|p2a: Greninja|spa|1\n|-boost|p2a: Greninja|spe|1\n|-activate|p2a: Greninja|ability: Battle Bond\n|-hitcount|p1: Cloyster|1\n|-damage|p2a: Greninja|81\/100|[from] item: Life Orb\n|\n|upkeep\n|\n|t:|1700033493\n|switch|p1a: Dragonite|Dragonite, M|100\/100\n|turn|17\n|\n|t:|1700033497\n|move|p1a: Dragonite|Extreme Speed|p2a: Greninja\n|-damage|p2a: Greninja|31\/100\n|move|p2a: Greninja|Ice Beam|p1a: Dragonite\n|-supereffective|p1a: Dragonite\n|-damage|p1a: Dragonite|9\/100\n|-damage|p2a: Greninja|21\/100|[from] item: Life Orb\n|\n|upkeep\n|turn|18\n|\n|t:|1700033501\n|move|p1a: Dragonite|Extreme Speed|p2a: Greninja\n|-damage|p2a: Greninja|0 fnt\n|faint|p2a: Greninja\n|\n|upkeep\n|\n|t:|1700033508\n|switch|p2a: Pelipper|Pelipper, F|100\/100\n|-weather|RainDance|[from] ability: Drizzle|[of] p2a: Pelipper\n|turn|19\n|\n|t:|1700033512\n|move|p1a: Dragonite|Roost|p1a: Dragonite\n|-heal|p1a: Dragonite|59\/100\n|-singleturn|p1a: Dragonite|move: Roost\n|move|p2a: Pelipper|U-turn|p1a: Dragonite\n|-damage|p1a: Dragonite|50\/100\n|\n|t:|1700033515\n|switch|p2a: Swampert|Swampert-Mega, M|88\/100|[from] U-turn\n|\n|-weather|RainDance|[upkeep]\n|upkeep\n|turn|20\n|\n|t:|1700033521\n|move|p2a: Swampert|Ice Punch|p1a: Dragonite\n|-supereffective|p1a: Dragonite\n|-damage|p1a: Dragonite|0 fnt\n|faint|p1a: Dragonite\n|\n|-weather|RainDance|[upkeep]\n|upkeep\n|\n|t:|1700033525\n|switch|p1a: Charizard|Charizard, M|100\/100\n|turn|21\n|\n|t:|1700033529\n|switch|p2a: Pelipper|Pelipper, F|100\/100\n|detailschange|p1a: Charizard|Charizard-Mega-Y, M\n|-mega|p1a: Charizard|Charizard|Charizardite Y\n|-weather|SunnyDay|[from] ability: Drought|[of] p1a: Charizard\n|move|p1a: Charizard|Substitute|p1a: Charizard\n|-start|p1a: Charizard|Substitute\n|-damage|p1a: Charizard|76\/100\n|\n|-weather|SunnyDay|[upkeep]\n|upkeep\n|turn|22\n|\n|t:|1700033543\n|switch|p2a: Swampert|Swampert-Mega, M|88\/100\n|move|p1a: Charizard|Solar Beam||[still]\n|-prepare|p1a: Charizard|Solar Beam\n|-anim|p1a: Charizard|Solar Beam|p2a: Swampert\n|-supereffective|p2a: Swampert\n|-damage|p2a: Swampert|0 fnt\n|faint|p2a: Swampert\n|\n|-weather|SunnyDay|[upkeep]\n|upkeep\n|\n|t:|1700033545\n|switch|p2a: Pelipper|Pelipper, F|100\/100\n|-weather|RainDance|[from] ability: Drizzle|[of] p2a: Pelipper\n|turn|23\n|\n|t:|1700033560\n|move|p1a: Charizard|Weather Ball|p2a: Pelipper\n|-resisted|p2a: Pelipper\n|-damage|p2a: Pelipper|55\/100\n|move|p2a: Pelipper|Scald|p1a: Charizard\n|-supereffective|p1a: Charizard\n|-end|p1a: Charizard|Substitute\n|\n|-weather|RainDance|[upkeep]\n|upkeep\n|turn|24\n|\n|t:|1700033574\n|switch|p1a: Kommo-o|Kommo-o, F|100\/100\n|move|p2a: Pelipper|Roost|p2a: Pelipper\n|-heal|p2a: Pelipper|100\/100\n|-singleturn|p2a: Pelipper|move: Roost\n|\n|-weather|RainDance|[upkeep]\n|upkeep\n|turn|25\n|\n|t:|1700033582\n|-zpower|p1a: Kommo-o\n|move|p1a: Kommo-o|Clangorous Soulblaze|p2a: Pelipper|[zeffect]\n|-damage|p2a: Pelipper|0 fnt\n|faint|p2a: Pelipper\n|-boost|p1a: Kommo-o|atk|1\n|-boost|p1a: Kommo-o|def|1\n|-boost|p1a: Kommo-o|spa|1\n|-boost|p1a: Kommo-o|spd|1\n|-boost|p1a: Kommo-o|spe|1\n|\n|-weather|RainDance|[upkeep]\n|upkeep\n|\n|t:|1700033590\n|switch|p2a: Talonflame|Talonflame, F|100\/100\n|turn|26\n|\n|t:|1700033595\n|move|p2a: Talonflame|Hurricane|p1a: Kommo-o\n|-supereffective|p1a: Kommo-o\n|-crit|p1a: Kommo-o\n|-damage|p1a: Kommo-o|0 fnt\n|faint|p1a: Kommo-o\n|\n|-weather|RainDance|[upkeep]\n|upkeep\n|\n|t:|1700033601\n|switch|p1a: Charizard|Charizard-Mega-Y, M|76\/100\n|-weather|SunnyDay|[from] ability: Drought|[of] p1a: Charizard\n|turn|27\n|\n|t:|1700033609\n|move|p2a: Talonflame|Hurricane|p1a: Charizard\n|-damage|p1a: Charizard|5\/100\n|move|p1a: Charizard|Weather Ball|p2a: Talonflame\n|-resisted|p2a: Talonflame\n|-damage|p2a: Talonflame|34\/100\n|\n|-weather|SunnyDay|[upkeep]\n|upkeep\n|turn|28\n|\n|t:|1700033620\n|switch|p2a: Zapdos|Zapdos, tera:Electric|69\/100 tox\n|move|p1a: Charizard|Weather Ball|p2a: Zapdos\n|-damage|p2a: Zapdos|0 fnt\n|faint|p2a: Zapdos\n|\n|-weather|SunnyDay|[upkeep]\n|upkeep\n|\n|t:|1700033622\n|switch|p2a: Talonflame|Talonflame, F|34\/100\n|turn|29\n|\n|t:|1700033629\n|move|p2a: Talonflame|Overheat|p1a: Charizard\n|-resisted|p1a: Charizard\n|-damage|p1a: Charizard|0 fnt\n|-unboost|p2a: Talonflame|spa|2\n|faint|p1a: Charizard\n|\n|win|clayanto\n|raw|TKmaoz_xj's rating: 1309 &rarr; <strong>1290<\/strong><br \/>(-19 for losing)\n|raw|clayanto's rating: 1318 &rarr; <strong>1337<\/strong><br \/>(+19 for winning)\n|l|\u2606TKmaoz_xj\n","uploadtime":1700033977,"views":5,"p1id":"tkmaozxj","p2id":"clayanto","formatid":"gen9nationaldex","rating":1290,"private":0,"password":""}