{"id":"gen9nationaldex-1993964763","p1":"noobster646","p2":"ddghvvvvv","format":"[Gen 9] National Dex","log":"|j|\u2606noobster646\n|j|\u2606ddghvvvvv\n|t:|1700384149\n|gametype|singles\n|player|p1|noobster646|hiker-gen4|1078\n|player|p2|ddghvvvvv|red|1060\n|teamsize|p1|6\n|teamsize|p2|6\n|gen|9\n|tier|[Gen 9] National Dex\n|rated|\n|rule|HP Percentage Mod: HP is shown in percentages\n|rule|Endless Battle Clause: Forcing endless battles is banned\n|rule|OHKO Clause: OHKO moves are banned\n|rule|Evasion Clause: Evasion abilities, items, and moves are banned\n|rule|Evasion Abilities Clause: Evasion abilities are banned\n|rule|Evasion Items Clause: Evasion items are banned\n|rule|Evasion Moves Clause: Evasion moves are banned\n|rule|Species Clause: Limit one of each Pok\u00e9mon\n|rule|Sleep Clause Mod: Limit one foe put to sleep\n|clearpoke\n|poke|p1|Blacephalon|\n|poke|p1|Haxorus, M|\n|poke|p1|Sandaconda, F|\n|poke|p1|Meowscarada, M|\n|poke|p1|Galvantula, F|\n|poke|p1|Espeon, M|\n|poke|p2|Pelipper, F|\n|poke|p2|Swampert, F|\n|poke|p2|Zapdos|\n|poke|p2|Thundurus-Therian, M|\n|poke|p2|Glimmora, F|\n|poke|p2|Charizard, M|\n|teampreview\n|\n|t:|1700384162\n|start\n|switch|p1a: Galvantula|Galvantula, F|100\/100\n|switch|p2a: Pelipper|Pelipper, F|100\/100\n|-weather|RainDance|[from] ability: Drizzle|[of] p2a: Pelipper\n|turn|1\n|\n|t:|1700384179\n|switch|p2a: Swampert|Swampert, F|100\/100\n|move|p1a: Galvantula|Sticky Web|p2a: Swampert\n|-sidestart|p2: ddghvvvvv|move: Sticky Web\n|\n|-weather|RainDance|[upkeep]\n|upkeep\n|turn|2\n|\n|t:|1700384189\n|detailschange|p2a: Swampert|Swampert-Mega, F\n|-mega|p2a: Swampert|Swampert|Swampertite\n|move|p2a: Swampert|Earthquake|p1a: Galvantula\n|-enditem|p1a: Galvantula|Focus Sash\n|-damage|p1a: Galvantula|1\/100\n|move|p1a: Galvantula|Bug Buzz|p2a: Swampert\n|-damage|p2a: Swampert|67\/100\n|\n|-weather|RainDance|[upkeep]\n|upkeep\n|turn|3\n|\n|t:|1700384203\n|move|p2a: Swampert|Earthquake|p1a: Galvantula\n|-damage|p1a: Galvantula|0 fnt\n|faint|p1a: Galvantula\n|\n|-weather|RainDance|[upkeep]\n|upkeep\n|\n|t:|1700384212\n|switch|p1a: Espeon|Espeon, M|100\/100\n|turn|4\n|\n|t:|1700384218\n|move|p2a: Swampert|Earthquake|p1a: Espeon\n|-damage|p1a: Espeon|0 fnt\n|faint|p1a: Espeon\n|\n|-weather|RainDance|[upkeep]\n|upkeep\n|\n|t:|1700384224\n|switch|p1a: Blacephalon|Blacephalon|100\/100\n|turn|5\n|\n|t:|1700384231\n|move|p1a: Blacephalon|Shadow Ball|p2a: Swampert\n|-damage|p2a: Swampert|27\/100\n|move|p2a: Swampert|Waterfall|p1a: Blacephalon\n|-supereffective|p1a: Blacephalon\n|-damage|p1a: Blacephalon|0 fnt\n|faint|p1a: Blacephalon\n|\n|-weather|none\n|upkeep\n|\n|t:|1700384247\n|switch|p1a: Haxorus|Haxorus, M|100\/100\n|-ability|p1a: Haxorus|Mold Breaker\n|turn|6\n|\n|t:|1700384266\n|move|p1a: Haxorus|Swords Dance|p1a: Haxorus\n|-boost|p1a: Haxorus|atk|2\n|move|p2a: Swampert|Ice Punch|p1a: Haxorus\n|-supereffective|p1a: Haxorus\n|-damage|p1a: Haxorus|30\/100\n|\n|upkeep\n|turn|7\n|\n|t:|1700384274\n|move|p1a: Haxorus|Earthquake|p2a: Swampert\n|-damage|p2a: Swampert|0 fnt\n|faint|p2a: Swampert\n|\n|upkeep\n|\n|t:|1700384281\n|switch|p2a: Zapdos|Zapdos|100\/100\n|turn|8\n|\n|t:|1700384287\n|move|p1a: Haxorus|Outrage|p2a: Zapdos\n|-damage|p2a: Zapdos|0 fnt\n|faint|p2a: Zapdos\n|\n|upkeep\n|\n|t:|1700384293\n|switch|p2a: Pelipper|Pelipper, F|100\/100\n|-weather|RainDance|[from] ability: Drizzle|[of] p2a: Pelipper\n|turn|9\n|\n|t:|1700384299\n|move|p1a: Haxorus|Outrage|p2a: Pelipper|[from]lockedmove\n|-damage|p2a: Pelipper|0 fnt\n|faint|p2a: Pelipper\n|-start|p1a: Haxorus|confusion|[fatigue]\n|-enditem|p1a: Haxorus|Lum Berry|[eat]\n|-end|p1a: Haxorus|confusion\n|\n|-weather|RainDance|[upkeep]\n|upkeep\n|\n|t:|1700384309\n|switch|p2a: Thundurus|Thundurus-Therian, M|100\/100\n|turn|10\n|\n|t:|1700384315\n|-terastallize|p1a: Haxorus|Dragon\n|move|p1a: Haxorus|Outrage|p2a: Thundurus\n|-damage|p2a: Thundurus|0 fnt\n|faint|p2a: Thundurus\n|\n|-weather|RainDance|[upkeep]\n|upkeep\n|\n|t:|1700384326\n|switch|p2a: Charizard|Charizard, M|100\/100\n|turn|11\n|\n|t:|1700384333\n|move|p1a: Haxorus|Outrage|p2a: Charizard|[from]lockedmove\n|-damage|p2a: Charizard|0 fnt\n|faint|p2a: Charizard\n|-start|p1a: Haxorus|confusion|[fatigue]\n|\n|-weather|RainDance|[upkeep]\n|upkeep\n|\n|t:|1700384341\n|switch|p2a: Glimmora|Glimmora, F|100\/100\n|-activate|p2a: Glimmora|move: Sticky Web\n|-unboost|p2a: Glimmora|spe|1\n|turn|12\n|\n|t:|1700384349\n|-activate|p1a: Haxorus|confusion\n|-damage|p1a: Haxorus|0 fnt|[from] confusion\n|faint|p1a: Haxorus\n|move|p2a: Glimmora|Explosion|p1: Haxorus|[notarget]\n|-fail|p2a: Glimmora\n|faint|p2a: Glimmora\n|\n|win|noobster646\n|raw|noobster646's rating: 1078 &rarr; <strong>1105<\/strong><br \/>(+27 for winning)\n|raw|ddghvvvvv's rating: 1060 &rarr; <strong>1042<\/strong><br \/>(-18 for losing)\n|c|\u2606noobster646|gg\n","uploadtime":1700384360,"views":17,"p1id":"noobster646","p2id":"ddghvvvvv","formatid":"gen9nationaldex","rating":1042,"private":0,"password":""}