{"id":"gen9nationaldex-1997277965","p1":"hydroj","p2":"Tunderboltz456","format":"[Gen 9] National Dex","log":"|html|<div class=\"broadcast-blue\"><strong>[Gen 9] National Dex is currently suspecting Sneasler! For information on how to participate check out the <a href=\"https:\/\/www.smogon.com\/forums\/threads\/sv-national-dex-suspect-8-just-dance.3731534\/\">suspect thread<\/a>.<\/strong><\/div>\n|j|\u2606hydroj\n|j|\u2606Tunderboltz456\n|t:|1700783746\n|gametype|singles\n|player|p1|hydroj|169|1520\n|player|p2|Tunderboltz456|guzma|1621\n|teamsize|p1|6\n|teamsize|p2|6\n|gen|9\n|tier|[Gen 9] National Dex\n|rated|\n|rule|HP Percentage Mod: HP is shown in percentages\n|rule|Endless Battle Clause: Forcing endless battles is banned\n|rule|OHKO Clause: OHKO moves are banned\n|rule|Evasion Clause: Evasion abilities, items, and moves are banned\n|rule|Evasion Abilities Clause: Evasion abilities are banned\n|rule|Evasion Items Clause: Evasion items are banned\n|rule|Evasion Moves Clause: Evasion moves are banned\n|rule|Species Clause: Limit one of each Pok\u00e9mon\n|rule|Sleep Clause Mod: Limit one foe put to sleep\n|clearpoke\n|poke|p1|Steelix, F|\n|poke|p1|Tyranitar, F|\n|poke|p1|Rillaboom, M|\n|poke|p1|Sneasler, F|\n|poke|p1|Rotom-Wash|\n|poke|p1|Kartana|\n|poke|p2|Haxorus, M|\n|poke|p2|Hatterene, F|\n|poke|p2|Aegislash, M|\n|poke|p2|Corviknight, M|\n|poke|p2|Urshifu-*, M|\n|poke|p2|Lopunny, F|\n|teampreview\n|inactive|Battle timer is ON: inactive players will automatically lose when time's up. (requested by Tunderboltz456)\n|\n|t:|1700783761\n|start\n|switch|p1a: Rotom|Rotom-Wash|100\/100\n|switch|p2a: Corviknight|Corviknight, M|100\/100\n|turn|1\n|\n|t:|1700783772\n|move|p1a: Rotom|Volt Switch|p2a: Corviknight\n|-supereffective|p2a: Corviknight\n|-damage|p2a: Corviknight|62\/100\n|-enditem|p2a: Corviknight|Weakness Policy\n|-boost|p2a: Corviknight|atk|2|[from] item: Weakness Policy\n|-boost|p2a: Corviknight|spa|2|[from] item: Weakness Policy\n|\n|t:|1700783782\n|switch|p1a: yink|Steelix, F|100\/100|[from] Volt Switch\n|move|p2a: Corviknight|Agility|p2a: Corviknight\n|-boost|p2a: Corviknight|spe|2\n|\n|upkeep\n|turn|2\n|\n|t:|1700783788\n|detailschange|p1a: yink|Steelix-Mega, F\n|-mega|p1a: yink|Steelix|Steelixite\n|move|p2a: Corviknight|Roost|p2a: Corviknight\n|-heal|p2a: Corviknight|100\/100\n|-singleturn|p2a: Corviknight|move: Roost\n|move|p1a: yink|Iron Defense|p1a: yink\n|-boost|p1a: yink|def|2\n|\n|upkeep\n|turn|3\n|\n|t:|1700783805\n|move|p2a: Corviknight|Bulk Up|p2a: Corviknight\n|-boost|p2a: Corviknight|atk|1\n|-boost|p2a: Corviknight|def|1\n|move|p1a: yink|Rock Polish|p1a: yink\n|-boost|p1a: yink|spe|2\n|\n|upkeep\n|turn|4\n|\n|t:|1700783818\n|move|p2a: Corviknight|Bulk Up|p2a: Corviknight\n|-boost|p2a: Corviknight|atk|1\n|-boost|p2a: Corviknight|def|1\n|move|p1a: yink|Iron Defense|p1a: yink\n|-boost|p1a: yink|def|2\n|\n|upkeep\n|turn|5\n|\n|t:|1700783822\n|move|p2a: Corviknight|Bulk Up|p2a: Corviknight\n|-boost|p2a: Corviknight|atk|1\n|-boost|p2a: Corviknight|def|1\n|move|p1a: yink|Body Press|p2a: Corviknight\n|-damage|p2a: Corviknight|66\/100\n|\n|upkeep\n|turn|6\n|\n|t:|1700783826\n|move|p2a: Corviknight|Bulk Up|p2a: Corviknight\n|-boost|p2a: Corviknight|atk|1\n|-boost|p2a: Corviknight|def|1\n|move|p1a: yink|Iron Defense|p1a: yink\n|-boost|p1a: yink|def|2\n|\n|upkeep\n|turn|7\n|\n|t:|1700783828\n|move|p2a: Corviknight|Roost|p2a: Corviknight\n|-heal|p2a: Corviknight|100\/100\n|-singleturn|p2a: Corviknight|move: Roost\n|move|p1a: yink|Body Press|p2a: Corviknight\n|-supereffective|p2a: Corviknight\n|-damage|p2a: Corviknight|23\/100\n|\n|upkeep\n|turn|8\n|\n|t:|1700783836\n|-terastallize|p2a: Corviknight|Dark\n|move|p2a: Corviknight|Power Trip|p1a: yink\n|-crit|p1a: yink\n|-damage|p1a: yink|0 fnt\n|faint|p1a: yink\n|\n|upkeep\n|c|\u2606Tunderboltz456|D A M N\n|c|\u2606hydroj|rippp\n|c|\u2606Tunderboltz456|300 Pow\n|c|\u2606Tunderboltz456|Broken\n|c|\u2606hydroj|lool\n|inactive|hydroj has 120 seconds left.\n|c|\u2606hydroj|1500 def body press goes dummy\n|c|\u2606Tunderboltz456|Fr???\n|inactive|hydroj has 90 seconds left.\n|c|\u2606hydroj|yeah\n|c|\u2606Tunderboltz456|Imagine that against a weavile\n|\n|t:|1700783918\n|switch|p1a: Kartana|Kartana|100\/100\n|turn|9\n|c|\u2606hydroj|lmaooo\n|\n|t:|1700783923\n|move|p1a: Kartana|Sacred Sword|p2a: Corviknight\n|-supereffective|p2a: Corviknight\n|-damage|p2a: Corviknight|0 fnt\n|faint|p2a: Corviknight\n|-ability|p1a: Kartana|Beast Boost|boost\n|-boost|p1a: Kartana|atk|1\n|\n|upkeep\n|\n|t:|1700783927\n|switch|p2a: Aegislash|Aegislash, M|100\/100\n|turn|10\n|\n|t:|1700783930\n|switch|p1a: Tyranitar|Tyranitar, F|100\/100\n|-weather|Sandstorm|[from] ability: Sand Stream|[of] p1a: Tyranitar\n|-formechange|p2a: Aegislash|Aegislash-Blade||[from] ability: Stance Change\n|move|p2a: Aegislash|Sacred Sword|p1a: Tyranitar\n|-supereffective|p1a: Tyranitar\n|-damage|p1a: Tyranitar|21\/100\n|\n|-weather|Sandstorm|[upkeep]\n|upkeep\n|turn|11\n|c|\u2606hydroj|oh\n|c|\u2606hydroj|I never expect physical aegis\n|c|\u2606Tunderboltz456|I should use Cc\n|inactive|hydroj has 90 seconds left.\n|c|\u2606hydroj|yeah\n|c|\u2606hydroj|100%\n|c|\u2606Tunderboltz456|Idk how a Sword does a close combat\n|\n|t:|1700783958\n|-terastallize|p1a: Tyranitar|Poison\n|-formechange|p2a: Aegislash|Aegislash||[from] ability: Stance Change\n|move|p2a: Aegislash|King's Shield|p2a: Aegislash\n|-singleturn|p2a: Aegislash|Protect\n|move|p1a: Tyranitar|Knock Off|p2a: Aegislash\n|-activate|p2a: Aegislash|move: Protect\n|-unboost|p1a: Tyranitar|atk|1\n|\n|-weather|Sandstorm|[upkeep]\n|-damage|p1a: Tyranitar|15\/100|[from] Sandstorm\n|upkeep\n|turn|12\n|c|\u2606Tunderboltz456|But I suoulduse it\n|\n|t:|1700783963\n|-formechange|p2a: Aegislash|Aegislash-Blade||[from] ability: Stance Change\n|move|p2a: Aegislash|Shadow Sneak|p1a: Tyranitar\n|-damage|p1a: Tyranitar|2\/100\n|move|p1a: Tyranitar|Knock Off|p2a: Aegislash\n|-supereffective|p2a: Aegislash\n|-damage|p2a: Aegislash|0 fnt\n|-enditem|p2a: Aegislash|Weakness Policy|[from] move: Knock Off|[of] p1a: Tyranitar\n|faint|p2a: Aegislash\n|\n|-weather|Sandstorm|[upkeep]\n|-damage|p1a: Tyranitar|0 fnt|[from] Sandstorm\n|faint|p1a: Tyranitar\n|upkeep\n|inactive|hydroj has 90 seconds left.\n|c|\u2606Tunderboltz456|Idk whats better\n|c|\u2606Tunderboltz456|The fact it took the hit\n|c|\u2606Tunderboltz456|Or the fact it died to his own sandstorm\n|c|\u2606hydroj|LOOOL\n|\n|t:|1700783991\n|switch|p1a: Rillaboom|Rillaboom, M|100\/100\n|switch|p2a: Urshifu|Urshifu-Rapid-Strike, M|100\/100\n|-fieldstart|move: Grassy Terrain|[from] ability: Grassy Surge|[of] p1a: Rillaboom\n|turn|13\n|\n|t:|1700783995\n|move|p2a: Urshifu|U-turn|p1a: Rillaboom\n|-supereffective|p1a: Rillaboom\n|-damage|p1a: Rillaboom|44\/100\n|\n|t:|1700783997\n|switch|p2a: Lopunny|Lopunny, F|100\/100|[from] U-turn\n|move|p1a: Rillaboom|Wood Hammer|p2a: Lopunny\n|-damage|p2a: Lopunny|0 fnt\n|faint|p2a: Lopunny\n|-damage|p1a: Rillaboom|18\/100|[from] Recoil\n|\n|-weather|Sandstorm|[upkeep]\n|-damage|p1a: Rillaboom|12\/100|[from] Sandstorm\n|-heal|p1a: Rillaboom|18\/100|[from] Grassy Terrain\n|upkeep\n|\n|t:|1700783999\n|switch|p2a: Haxorus|Haxorus, M, shiny|100\/100\n|-ability|p2a: Haxorus|Mold Breaker\n|turn|14\n|\n|t:|1700784001\n|move|p2a: Haxorus|Dragon Dance|p2a: Haxorus\n|-boost|p2a: Haxorus|atk|1\n|-boost|p2a: Haxorus|spe|1\n|move|p1a: Rillaboom|Wood Hammer|p2a: Haxorus\n|-resisted|p2a: Haxorus\n|-damage|p2a: Haxorus|21\/100\n|-damage|p1a: Rillaboom|0 fnt|[from] Recoil\n|faint|p1a: Rillaboom\n|\n|-weather|none\n|-heal|p2a: Haxorus|27\/100|[from] Grassy Terrain\n|upkeep\n|\n|t:|1700784006\n|switch|p1a: Sneasler|Sneasler, F|100\/100\n|-enditem|p1a: Sneasler|Grassy Seed\n|-boost|p1a: Sneasler|def|1|[from] item: Grassy Seed\n|turn|15\n|c|\u2606Tunderboltz456|And now\n|c|\u2606Tunderboltz456|Im am trully defeated without aegis\n|\n|t:|1700784015\n|move|p1a: Sneasler|Dire Claw|p2a: Haxorus\n|-damage|p2a: Haxorus|0 fnt\n|faint|p2a: Haxorus\n|\n|upkeep\n|\n|t:|1700784016\n|switch|p2a: Urshifu|Urshifu-Rapid-Strike, M|100\/100\n|turn|16\n|c|\u2606hydroj|yeah don't worry tho this thing is def getting banned\n|\n|t:|1700784030\n|move|p1a: Sneasler|Acrobatics|p2a: Urshifu\n|-supereffective|p2a: Urshifu\n|-damage|p2a: Urshifu|13\/100\n|move|p2a: Urshifu|Surging Strikes|p1a: Sneasler\n|-crit|p1a: Sneasler\n|-damage|p1a: Sneasler|72\/100\n|-crit|p1a: Sneasler\n|-damage|p1a: Sneasler|44\/100\n|-crit|p1a: Sneasler\n|-damage|p1a: Sneasler|13\/100\n|-hitcount|p1a: Sneasler|3\n|\n|-heal|p1a: Sneasler|19\/100|[from] Grassy Terrain\n|-heal|p2a: Urshifu|19\/100|[from] Grassy Terrain\n|upkeep\n|turn|17\n|\n|t:|1700784034\n|move|p1a: Sneasler|Acrobatics|p2a: Urshifu\n|-supereffective|p2a: Urshifu\n|-damage|p2a: Urshifu|0 fnt\n|faint|p2a: Urshifu\n|\n|-heal|p1a: Sneasler|25\/100|[from] Grassy Terrain\n|-fieldend|move: Grassy Terrain\n|upkeep\n|c|\u2606Tunderboltz456|Gg\n|-message|Tunderboltz456 forfeited.\n|\n|win|hydroj\n|raw|hydroj's rating: 1520 &rarr; <strong>1546<\/strong><br \/>(+26 for winning)\n|raw|Tunderboltz456's rating: 1621 &rarr; <strong>1595<\/strong><br \/>(-26 for losing)\n|c|\u2606hydroj|gg\n|l|\u2606Tunderboltz456\n","uploadtime":1700784114,"views":4,"p1id":"hydroj","p2id":"tunderboltz456","formatid":"gen9nationaldex","rating":1546,"private":0,"password":""}