{"id":"gen9nationaldex-1993635515","p1":"untrue_reality","p2":"Jarl_jake","format":"[Gen 9] National Dex","log":"|j|\u2606untrue_reality\n|j|\u2606Jarl_jake\n|t:|1700339957\n|gametype|singles\n|player|p1|untrue_reality|psychic-gen2|1551\n|player|p2|Jarl_jake|red|1594\n|teamsize|p1|6\n|teamsize|p2|6\n|gen|9\n|tier|[Gen 9] National Dex\n|rated|\n|rule|HP Percentage Mod: HP is shown in percentages\n|rule|Endless Battle Clause: Forcing endless battles is banned\n|rule|OHKO Clause: OHKO moves are banned\n|rule|Evasion Clause: Evasion abilities, items, and moves are banned\n|rule|Evasion Abilities Clause: Evasion abilities are banned\n|rule|Evasion Items Clause: Evasion items are banned\n|rule|Evasion Moves Clause: Evasion moves are banned\n|rule|Species Clause: Limit one of each Pok\u00e9mon\n|rule|Sleep Clause Mod: Limit one foe put to sleep\n|clearpoke\n|poke|p1|Alomomola, F|\n|poke|p1|Scizor, M|\n|poke|p1|Alakazam, M|\n|poke|p1|Garganacl, M|\n|poke|p1|Moltres|\n|poke|p1|Ferrothorn, M|\n|poke|p2|Ninetales-Alola, F|\n|poke|p2|Serperior, F|\n|poke|p2|Salamence, M|\n|poke|p2|Blaziken, M|\n|poke|p2|Blastoise, F|\n|poke|p2|Grimmsnarl, M|\n|teampreview\n|inactive|Battle timer is ON: inactive players will automatically lose when time's up. (requested by untrue_reality)\n|\n|t:|1700339982\n|start\n|switch|p1a: Scizor|Scizor, M|100\/100\n|switch|p2a: Chicharron|Blaziken, M, shiny|100\/100\n|turn|1\n|\n|t:|1700339993\n|switch|p1a: Alomomola|Alomomola, F|100\/100\n|move|p2a: Chicharron|Blaze Kick|p1a: Alomomola\n|-resisted|p1a: Alomomola\n|-damage|p1a: Alomomola|88\/100\n|-damage|p2a: Chicharron|84\/100|[from] item: Rocky Helmet|[of] p1a: Alomomola\n|\n|-ability|p2a: Chicharron|Speed Boost|boost\n|-boost|p2a: Chicharron|spe|1\n|upkeep\n|turn|2\n|\n|t:|1700340003\n|move|p2a: Chicharron|Swords Dance|p2a: Chicharron\n|-boost|p2a: Chicharron|atk|2\n|move|p1a: Alomomola|Toxic|p2a: Chicharron\n|-status|p2a: Chicharron|tox\n|\n|-damage|p2a: Chicharron|78\/100 tox|[from] psn\n|-ability|p2a: Chicharron|Speed Boost|boost\n|-boost|p2a: Chicharron|spe|1\n|upkeep\n|turn|3\n|\n|t:|1700340013\n|move|p2a: Chicharron|Swords Dance|p2a: Chicharron\n|-boost|p2a: Chicharron|atk|2\n|move|p1a: Alomomola|Wish|p1a: Alomomola\n|\n|-damage|p2a: Chicharron|66\/100 tox|[from] psn\n|-ability|p2a: Chicharron|Speed Boost|boost\n|-boost|p2a: Chicharron|spe|1\n|upkeep\n|turn|4\n|\n|t:|1700340023\n|move|p2a: Chicharron|Close Combat|p1a: Alomomola\n|-damage|p1a: Alomomola|0 fnt\n|-unboost|p2a: Chicharron|def|1\n|-unboost|p2a: Chicharron|spd|1\n|-damage|p2a: Chicharron|50\/100 tox|[from] item: Rocky Helmet|[of] p1a: Alomomola\n|faint|p1a: Alomomola\n|\n|-damage|p2a: Chicharron|32\/100 tox|[from] psn\n|-ability|p2a: Chicharron|Speed Boost|boost\n|-boost|p2a: Chicharron|spe|1\n|upkeep\n|\n|t:|1700340031\n|switch|p1a: Scizor|Scizor, M|100\/100\n|turn|5\n|\n|t:|1700340037\n|detailschange|p1a: Scizor|Scizor-Mega, M\n|-mega|p1a: Scizor|Scizor|Scizorite\n|move|p1a: Scizor|Bullet Punch|p2a: Chicharron\n|-resisted|p2a: Chicharron\n|-damage|p2a: Chicharron|0 fnt\n|faint|p2a: Chicharron\n|\n|upkeep\n|\n|t:|1700340044\n|switch|p2a: Paarthurnax|Salamence, M, shiny|100\/100\n|turn|6\n|\n|t:|1700340050\n|switch|p1a: Garganacl|Garganacl, M|100\/100\n|move|p2a: Paarthurnax|Flamethrower|p1a: Garganacl\n|-resisted|p1a: Garganacl\n|-crit|p1a: Garganacl\n|-damage|p1a: Garganacl|87\/100\n|\n|-heal|p1a: Garganacl|94\/100|[from] item: Leftovers\n|upkeep\n|turn|7\n|\n|t:|1700340060\n|switch|p2a: Lady Oscar|Serperior, F, shiny|100\/100\n|move|p1a: Garganacl|Salt Cure|p2a: Lady Oscar\n|-damage|p2a: Lady Oscar|83\/100\n|-start|p2a: Lady Oscar|Salt Cure\n|\n|-heal|p1a: Garganacl|99\/100|[from] item: Leftovers\n|-damage|p2a: Lady Oscar|70\/100|[from] Salt Cure\n|upkeep\n|turn|8\n|\n|t:|1700340069\n|switch|p1a: Moltres|Moltres|100\/100\n|move|p2a: Lady Oscar|Leaf Storm|p1a: Moltres\n|-resisted|p1a: Moltres\n|-damage|p1a: Moltres|89\/100\n|-boost|p2a: Lady Oscar|spa|2\n|-damage|p2a: Lady Oscar|60\/100|[from] item: Life Orb\n|\n|-damage|p2a: Lady Oscar|48\/100|[from] Salt Cure\n|upkeep\n|turn|9\n|\n|t:|1700340080\n|switch|p2a: Fat Girl|Blastoise, F, shiny|100\/100\n|move|p1a: Moltres|Flamethrower|p2a: Fat Girl\n|-resisted|p2a: Fat Girl\n|-damage|p2a: Fat Girl|84\/100\n|\n|upkeep\n|turn|10\n|\n|t:|1700340087\n|switch|p1a: Ferrothorn|Ferrothorn, M|100\/100\n|move|p2a: Fat Girl|Scald|p1a: Ferrothorn\n|-resisted|p1a: Ferrothorn\n|-damage|p1a: Ferrothorn|87\/100\n|\n|-heal|p1a: Ferrothorn|93\/100|[from] item: Leftovers\n|upkeep\n|turn|11\n|\n|t:|1700340096\n|switch|p2a: Paarthurnax|Salamence, M, shiny|100\/100\n|move|p1a: Ferrothorn|Stealth Rock|p2a: Paarthurnax\n|-sidestart|p2: Jarl_jake|move: Stealth Rock\n|\n|-heal|p1a: Ferrothorn|99\/100|[from] item: Leftovers\n|upkeep\n|turn|12\n|\n|t:|1700340105\n|switch|p1a: Alakazam|Alakazam, M|100\/100\n|move|p2a: Paarthurnax|Dragon Dance|p2a: Paarthurnax\n|-boost|p2a: Paarthurnax|atk|1\n|-boost|p2a: Paarthurnax|spe|1\n|\n|upkeep\n|turn|13\n|\n|t:|1700340111\n|move|p2a: Paarthurnax|Dual Wingbeat|p1a: Alakazam\n|-crit|p1a: Alakazam\n|-damage|p1a: Alakazam|0 fnt\n|faint|p1a: Alakazam\n|-ability|p2a: Paarthurnax|Moxie|boost\n|-boost|p2a: Paarthurnax|atk|1\n|-hitcount|p1: Alakazam|1\n|\n|upkeep\n|\n|t:|1700340119\n|switch|p1a: Garganacl|Garganacl, M|99\/100\n|turn|14\n|\n|t:|1700340122\n|-terastallize|p2a: Paarthurnax|Ground\n|move|p2a: Paarthurnax|Earthquake|p1a: Garganacl\n|-supereffective|p1a: Garganacl\n|-damage|p1a: Garganacl|0 fnt\n|faint|p1a: Garganacl\n|-ability|p2a: Paarthurnax|Moxie|boost\n|-boost|p2a: Paarthurnax|atk|1\n|\n|upkeep\n|\n|t:|1700340129\n|switch|p1a: Moltres|Moltres|89\/100\n|turn|15\n|\n|t:|1700340136\n|-terastallize|p1a: Moltres|Water\n|move|p2a: Paarthurnax|Dual Wingbeat|p1a: Moltres\n|-damage|p1a: Moltres|40\/100\n|-status|p2a: Paarthurnax|brn|[from] ability: Flame Body|[of] p1a: Moltres\n|-enditem|p2a: Paarthurnax|Lum Berry|[eat]\n|-curestatus|p2a: Paarthurnax|brn|[msg]\n|-damage|p1a: Moltres|0 fnt\n|faint|p1a: Moltres\n|-ability|p2a: Paarthurnax|Moxie|boost\n|-boost|p2a: Paarthurnax|atk|1\n|-hitcount|p1: Moltres|2\n|\n|upkeep\n|\n|t:|1700340141\n|switch|p1a: Ferrothorn|Ferrothorn, M|99\/100\n|turn|16\n|-message|untrue_reality forfeited.\n|\n|win|Jarl_jake\n|raw|untrue_reality's rating: 1551 &rarr; <strong>1533<\/strong><br \/>(-18 for losing)\n|raw|Jarl_jake's rating: 1594 &rarr; <strong>1612<\/strong><br \/>(+18 for winning)\n|l|\u2606untrue_reality\n","uploadtime":1700340156,"views":22,"p1id":"untruereality","p2id":"jarljake","formatid":"gen9nationaldex","rating":1533,"private":0,"password":""}