{"id":"gen9nationaldex-1998354232","p1":"BigG5","p2":"TPD JOHTO","format":"[Gen 9] National Dex","log":"|html|<div class=\"broadcast-blue\"><strong>[Gen 9] National Dex is currently suspecting Sneasler! For information on how to participate check out the <a href=\"https:\/\/www.smogon.com\/forums\/threads\/sv-national-dex-suspect-8-just-dance.3731534\/\">suspect thread<\/a>.<\/strong><\/div>\n|j|\u2606BigG5\n|j|\u2606TPD JOHTO\n|t:|1700932956\n|gametype|singles\n|player|p1|BigG5|170|1562\n|player|p2|TPD JOHTO|drayden|1614\n|teamsize|p1|6\n|teamsize|p2|6\n|gen|9\n|tier|[Gen 9] National Dex\n|rated|\n|rule|HP Percentage Mod: HP is shown in percentages\n|rule|Endless Battle Clause: Forcing endless battles is banned\n|rule|OHKO Clause: OHKO moves are banned\n|rule|Evasion Clause: Evasion abilities, items, and moves are banned\n|rule|Evasion Abilities Clause: Evasion abilities are banned\n|rule|Evasion Items Clause: Evasion items are banned\n|rule|Evasion Moves Clause: Evasion moves are banned\n|rule|Species Clause: Limit one of each Pok\u00e9mon\n|rule|Sleep Clause Mod: Limit one foe put to sleep\n|clearpoke\n|poke|p1|Tyranitar, F|\n|poke|p1|Lopunny, M|\n|poke|p1|Alomomola, F|\n|poke|p1|Landorus-Therian, M|\n|poke|p1|Dracozolt|\n|poke|p1|Tapu Lele|\n|poke|p2|Raikou|\n|poke|p2|Suicune|\n|poke|p2|Entei|\n|poke|p2|Tyranitar, M|\n|poke|p2|Celebi|\n|poke|p2|Skarmory, M|\n|teampreview\n|inactive|Battle timer is ON: inactive players will automatically lose when time's up. (requested by BigG5)\n|\n|t:|1700932991\n|start\n|switch|p1a: Tyranitar|Tyranitar, F, shiny|100\/100\n|switch|p2a: Moose|Suicune, shiny|100\/100\n|-ability|p2a: Moose|Pressure\n|-weather|Sandstorm|[from] ability: Sand Stream|[of] p1a: Tyranitar\n|turn|1\n|\n|t:|1700932998\n|move|p2a: Moose|Scald|p1a: Tyranitar\n|-supereffective|p1a: Tyranitar\n|-damage|p1a: Tyranitar|82\/100\n|move|p1a: Tyranitar|Knock Off|p2a: Moose\n|-damage|p2a: Moose|72\/100\n|-enditem|p2a: Moose|Leftovers|[from] move: Knock Off|[of] p1a: Tyranitar\n|\n|-weather|Sandstorm|[upkeep]\n|-damage|p2a: Moose|65\/100|[from] Sandstorm\n|upkeep\n|turn|2\n|\n|t:|1700933013\n|switch|p1a: Alomomola|Alomomola, F|100\/100\n|move|p2a: Moose|Scald|p1a: Alomomola\n|-resisted|p1a: Alomomola\n|-damage|p1a: Alomomola|90\/100\n|\n|-weather|Sandstorm|[upkeep]\n|-damage|p2a: Moose|59\/100|[from] Sandstorm\n|-damage|p1a: Alomomola|84\/100|[from] Sandstorm\n|upkeep\n|turn|3\n|\n|t:|1700933022\n|move|p2a: Moose|Substitute|p2a: Moose\n|-start|p2a: Moose|Substitute\n|-damage|p2a: Moose|34\/100\n|move|p1a: Alomomola|Flip Turn|p2a: Moose\n|-resisted|p2a: Moose\n|-activate|p2a: Moose|move: Substitute|[damage]\n|\n|t:|1700933028\n|switch|p1a: Dracozolt|Dracozolt, shiny|100\/100|[from] Flip Turn\n|\n|-weather|Sandstorm|[upkeep]\n|-damage|p2a: Moose|28\/100|[from] Sandstorm\n|upkeep\n|turn|4\n|\n|t:|1700933039\n|move|p1a: Dracozolt|Bolt Beak|p2a: Moose\n|-supereffective|p2a: Moose\n|-end|p2a: Moose|Substitute\n|-damage|p1a: Dracozolt|91\/100|[from] item: Life Orb\n|move|p2a: Moose|Scald|p1a: Dracozolt\n|-resisted|p1a: Dracozolt\n|-damage|p1a: Dracozolt|71\/100\n|\n|-weather|Sandstorm|[upkeep]\n|-damage|p2a: Moose|22\/100|[from] Sandstorm\n|upkeep\n|turn|5\n|\n|t:|1700933060\n|switch|p2a: Paper|Celebi|100\/100\n|move|p1a: Dracozolt|Substitute|p1a: Dracozolt\n|-start|p1a: Dracozolt|Substitute\n|-damage|p1a: Dracozolt|46\/100\n|\n|-weather|none\n|upkeep\n|turn|6\n|\n|t:|1700933069\n|move|p2a: Paper|Psychic|p1a: Dracozolt\n|-end|p1a: Dracozolt|Substitute\n|move|p1a: Dracozolt|Draco Meteor|p2a: Paper\n|-damage|p2a: Paper|57\/100\n|-unboost|p1a: Dracozolt|spa|2\n|-damage|p1a: Dracozolt|36\/100|[from] item: Life Orb\n|\n|-heal|p2a: Paper|63\/100|[from] item: Leftovers\n|upkeep\n|turn|7\n|\n|t:|1700933088\n|switch|p1a: Tyranitar|Tyranitar, F, shiny|82\/100\n|-weather|Sandstorm|[from] ability: Sand Stream|[of] p1a: Tyranitar\n|move|p2a: Paper|Psychic|p1a: Tyranitar\n|-immune|p1a: Tyranitar\n|\n|-weather|Sandstorm|[upkeep]\n|-damage|p2a: Paper|57\/100|[from] Sandstorm\n|-heal|p2a: Paper|63\/100|[from] item: Leftovers\n|upkeep\n|turn|8\n|\n|t:|1700933100\n|switch|p2a: Scissors|Skarmory, M, shiny|100\/100\n|move|p1a: Tyranitar|Knock Off|p2a: Scissors\n|-damage|p2a: Scissors|68\/100\n|-damage|p1a: Tyranitar|66\/100|[from] item: Rocky Helmet|[of] p2a: Scissors\n|-enditem|p2a: Scissors|Rocky Helmet|[from] move: Knock Off|[of] p1a: Tyranitar\n|\n|-weather|Sandstorm|[upkeep]\n|upkeep\n|turn|9\n|inactive|TPD JOHTO has 120 seconds left.\n|\n|t:|1700933125\n|move|p2a: Scissors|Spikes|p1a: Tyranitar\n|-sidestart|p1: BigG5|Spikes\n|move|p1a: Tyranitar|Fire Blast|p2a: Scissors\n|-supereffective|p2a: Scissors\n|-damage|p2a: Scissors|0 fnt\n|faint|p2a: Scissors\n|\n|-weather|Sandstorm|[upkeep]\n|upkeep\n|inactive|TPD JOHTO has 120 seconds left.\n|inactive|TPD JOHTO has 90 seconds left.\n|\n|t:|1700933162\n|switch|p2a: Kubo|Raikou, shiny|100\/100\n|-ability|p2a: Kubo|Pressure\n|turn|10\n|\n|t:|1700933189\n|move|p2a: Kubo|Substitute|p2a: Kubo\n|-start|p2a: Kubo|Substitute\n|-damage|p2a: Kubo|76\/100\n|move|p1a: Tyranitar|Knock Off|p2a: Kubo\n|-end|p2a: Kubo|Substitute\n|\n|-weather|Sandstorm|[upkeep]\n|-damage|p2a: Kubo|69\/100|[from] Sandstorm\n|-heal|p2a: Kubo|76\/100|[from] item: Leftovers\n|upkeep\n|turn|11\n|\n|t:|1700933201\n|switch|p2a: Moose|Suicune, shiny|22\/100\n|-ability|p2a: Moose|Pressure\n|move|p1a: Tyranitar|Stone Edge|p2a: Moose\n|-damage|p2a: Moose|0 fnt\n|faint|p2a: Moose\n|\n|-weather|none\n|upkeep\n|\n|t:|1700933205\n|switch|p2a: Simba|Entei, shiny|100\/100\n|-ability|p2a: Simba|Pressure\n|turn|12\n|\n|t:|1700933222\n|switch|p1a: Alomomola|Alomomola, F|100\/100\n|move|p2a: Simba|Curse|p2a: Simba\n|-unboost|p2a: Simba|spe|1\n|-boost|p2a: Simba|atk|1\n|-boost|p2a: Simba|def|1\n|\n|upkeep\n|turn|13\n|\n|t:|1700933230\n|move|p2a: Simba|Curse|p2a: Simba\n|-unboost|p2a: Simba|spe|1\n|-boost|p2a: Simba|atk|1\n|-boost|p2a: Simba|def|1\n|move|p1a: Alomomola|Flip Turn|p2a: Simba\n|-supereffective|p2a: Simba\n|-damage|p2a: Simba|85\/100\n|\n|t:|1700933238\n|switch|p1a: Tapu Lele|Tapu Lele|100\/100|[from] Flip Turn\n|-damage|p1a: Tapu Lele|88\/100|[from] Spikes\n|-fieldstart|move: Psychic Terrain|[from] ability: Psychic Surge|[of] p1a: Tapu Lele\n|\n|-heal|p2a: Simba|92\/100|[from] item: Leftovers\n|upkeep\n|turn|14\n|\n|t:|1700933255\n|switch|p1a: Landorus|Landorus-Therian, M|100\/100\n|-ability|p1a: Landorus|Intimidate|boost\n|-unboost|p2a: Simba|atk|1\n|move|p2a: Simba|Sacred Fire|p1a: Landorus\n|-damage|p1a: Landorus|59\/100\n|-status|p1a: Landorus|brn\n|\n|-heal|p2a: Simba|98\/100|[from] item: Leftovers\n|-damage|p1a: Landorus|53\/100 brn|[from] brn\n|upkeep\n|turn|15\n|inactive|TPD JOHTO has 120 seconds left.\n|\n|t:|1700933273\n|move|p1a: Landorus|U-turn|p2a: Simba\n|-resisted|p2a: Simba\n|-damage|p2a: Simba|95\/100\n|\n|t:|1700933277\n|switch|p1a: Alomomola|Alomomola, F|100\/100|[from] U-turn\n|move|p2a: Simba|Curse|p2a: Simba\n|-unboost|p2a: Simba|spe|1\n|-boost|p2a: Simba|atk|1\n|-boost|p2a: Simba|def|1\n|\n|-heal|p2a: Simba|100\/100|[from] item: Leftovers\n|upkeep\n|turn|16\n|inactive|TPD JOHTO has 120 seconds left.\n|\n|t:|1700933285\n|move|p1a: Alomomola|Toxic|p2a: Simba\n|-status|p2a: Simba|tox\n|move|p2a: Simba|Curse|p2a: Simba\n|-unboost|p2a: Simba|spe|1\n|-boost|p2a: Simba|atk|1\n|-boost|p2a: Simba|def|1\n|\n|-damage|p2a: Simba|94\/100 tox|[from] psn\n|upkeep\n|turn|17\n|inactive|TPD JOHTO has 120 seconds left.\n|\n|t:|1700933302\n|move|p1a: Alomomola|Wish|p1a: Alomomola\n|move|p2a: Simba|Curse|p2a: Simba\n|-unboost|p2a: Simba|spe|1\n|-boost|p2a: Simba|atk|1\n|-boost|p2a: Simba|def|1\n|\n|-heal|p2a: Simba|100\/100 tox|[from] item: Leftovers\n|-damage|p2a: Simba|88\/100 tox|[from] psn\n|-fieldend|move: Psychic Terrain\n|upkeep\n|turn|18\n|inactive|TPD JOHTO has 120 seconds left.\n|\n|t:|1700933316\n|move|p1a: Alomomola|Protect|p1a: Alomomola\n|-singleturn|p1a: Alomomola|Protect\n|move|p2a: Simba|Sacred Fire|p1a: Alomomola\n|-activate|p1a: Alomomola|move: Protect\n|\n|-heal|p2a: Simba|94\/100 tox|[from] item: Leftovers\n|-damage|p2a: Simba|76\/100 tox|[from] psn\n|upkeep\n|turn|19\n|inactive|TPD JOHTO has 120 seconds left.\n|\n|t:|1700933333\n|switch|p1a: Landorus|Landorus-Therian, M|53\/100 brn\n|-ability|p1a: Landorus|Intimidate|boost\n|-unboost|p2a: Simba|atk|1\n|move|p2a: Simba|Rest|p2a: Simba\n|-status|p2a: Simba|slp|[from] move: Rest\n|-heal|p2a: Simba|100\/100 slp|[silent]\n|\n|-damage|p1a: Landorus|47\/100 brn|[from] brn\n|upkeep\n|turn|20\n|\n|t:|1700933342\n|move|p1a: Landorus|U-turn|p2a: Simba\n|-resisted|p2a: Simba\n|-damage|p2a: Simba|99\/100 slp\n|\n|t:|1700933346\n|switch|p1a: Tapu Lele|Tapu Lele|88\/100|[from] U-turn\n|-damage|p1a: Tapu Lele|76\/100|[from] Spikes\n|-fieldstart|move: Psychic Terrain|[from] ability: Psychic Surge|[of] p1a: Tapu Lele\n|cant|p2a: Simba|slp\n|\n|-heal|p2a: Simba|100\/100 slp|[from] item: Leftovers\n|upkeep\n|turn|21\n|\n|t:|1700933355\n|move|p1a: Tapu Lele|Psychic|p2a: Simba\n|-damage|p2a: Simba|42\/100 slp\n|cant|p2a: Simba|slp\n|\n|-heal|p2a: Simba|48\/100 slp|[from] item: Leftovers\n|upkeep\n|turn|22\n|\n|t:|1700933369\n|switch|p2a: Rock|Tyranitar, M, shiny|100\/100\n|-weather|Sandstorm|[from] ability: Sand Stream|[of] p2a: Rock\n|move|p1a: Tapu Lele|Psychic|p2a: Rock\n|-immune|p2a: Rock\n|\n|-weather|Sandstorm|[upkeep]\n|-damage|p1a: Tapu Lele|70\/100|[from] Sandstorm\n|upkeep\n|turn|23\n|\n|t:|1700933380\n|-activate|p1a: Tapu Lele|move: Pursuit\n|move|p2a: Rock|Pursuit|p1a: Tapu Lele|[from]Pursuit\n|-damage|p1a: Tapu Lele|14\/100\n|switch|p1a: Landorus|Landorus-Therian, M|47\/100 brn\n|-ability|p1a: Landorus|Intimidate|boost\n|-unboost|p2a: Rock|atk|1\n|\n|-weather|Sandstorm|[upkeep]\n|-damage|p1a: Landorus|41\/100 brn|[from] brn\n|upkeep\n|turn|24\n|\n|t:|1700933390\n|move|p1a: Landorus|U-turn|p2a: Rock\n|-supereffective|p2a: Rock\n|-damage|p2a: Rock|82\/100\n|\n|t:|1700933393\n|switch|p1a: Alomomola|Alomomola, F|100\/100|[from] U-turn\n|move|p2a: Rock|Stealth Rock|p1a: Alomomola\n|-sidestart|p1: BigG5|move: Stealth Rock\n|\n|-weather|Sandstorm|[upkeep]\n|-damage|p1a: Alomomola|94\/100|[from] Sandstorm\n|-heal|p2a: Rock|88\/100|[from] item: Leftovers\n|-fieldend|move: Psychic Terrain\n|upkeep\n|turn|25\n|\n|t:|1700933401\n|switch|p2a: Simba|Entei, shiny|48\/100 slp\n|-ability|p2a: Simba|Pressure\n|move|p1a: Alomomola|Flip Turn|p2a: Simba\n|-supereffective|p2a: Simba\n|-crit|p2a: Simba\n|-damage|p2a: Simba|7\/100 slp\n|\n|t:|1700933408\n|switch|p1a: Lopunny|Lopunny, M|100\/100|[from] Flip Turn\n|-damage|p1a: Lopunny|88\/100|[from] Spikes\n|-damage|p1a: Lopunny|76\/100|[from] Stealth Rock\n|\n|-weather|Sandstorm|[upkeep]\n|-damage|p1a: Lopunny|70\/100|[from] Sandstorm\n|-damage|p2a: Simba|1\/100 slp|[from] Sandstorm\n|-heal|p2a: Simba|7\/100 slp|[from] item: Leftovers\n|upkeep\n|turn|26\n|\n|t:|1700933417\n|switch|p2a: Paper|Celebi|63\/100\n|detailschange|p1a: Lopunny|Lopunny-Mega, M\n|-mega|p1a: Lopunny|Lopunny|Lopunnite\n|move|p1a: Lopunny|Fake Out|p2a: Paper\n|-damage|p2a: Paper|49\/100\n|\n|-weather|none\n|-heal|p2a: Paper|55\/100|[from] item: Leftovers\n|upkeep\n|turn|27\n|\n|t:|1700933426\n|move|p1a: Lopunny|U-turn|p2a: Paper\n|-supereffective|p2a: Paper\n|-damage|p2a: Paper|0 fnt\n|faint|p2a: Paper\n|\n|t:|1700933433\n|switch|p1a: Tyranitar|Tyranitar, F, shiny|66\/100|[from] U-turn\n|-damage|p1a: Tyranitar|53\/100|[from] Spikes\n|-damage|p1a: Tyranitar|41\/100|[from] Stealth Rock\n|-weather|Sandstorm|[from] ability: Sand Stream|[of] p1a: Tyranitar\n|\n|-weather|Sandstorm|[upkeep]\n|upkeep\n|\n|t:|1700933438\n|switch|p2a: Simba|Entei, shiny|7\/100 slp\n|-ability|p2a: Simba|Pressure\n|turn|28\n|\n|t:|1700933447\n|switch|p1a: Landorus|Landorus-Therian, M|41\/100 brn\n|-damage|p1a: Landorus|29\/100 brn|[from] Stealth Rock\n|-ability|p1a: Landorus|Intimidate|boost\n|-unboost|p2a: Simba|atk|1\n|-terastallize|p2a: Simba|Normal\n|-curestatus|p2a: Simba|slp|[msg]\n|move|p2a: Simba|Rest|p2a: Simba\n|-status|p2a: Simba|slp|[from] move: Rest\n|-heal|p2a: Simba|100\/100 slp|[silent]\n|\n|-weather|Sandstorm|[upkeep]\n|-damage|p2a: Simba|94\/100 slp|[from] Sandstorm\n|-heal|p2a: Simba|100\/100 slp|[from] item: Leftovers\n|-damage|p1a: Landorus|23\/100 brn|[from] brn\n|upkeep\n|turn|29\n|\n|t:|1700933462\n|cant|p2a: Simba|slp\n|move|p1a: Landorus|Defog|p2a: Simba\n|-unboost|p2a: Simba|evasion|1\n|-sideend|p1: BigG5|Spikes|[from] move: Defog|[of] p1a: Landorus\n|-sideend|p1: BigG5|Stealth Rock|[from] move: Defog|[of] p1a: Landorus\n|\n|-weather|Sandstorm|[upkeep]\n|-damage|p2a: Simba|94\/100 slp|[from] Sandstorm\n|-heal|p2a: Simba|100\/100 slp|[from] item: Leftovers\n|-damage|p1a: Landorus|17\/100 brn|[from] brn\n|upkeep\n|turn|30\n|\n|t:|1700933488\n|switch|p1a: Lopunny|Lopunny-Mega, M|70\/100\n|cant|p2a: Simba|slp\n|\n|-weather|Sandstorm|[upkeep]\n|-damage|p1a: Lopunny|64\/100|[from] Sandstorm\n|-damage|p2a: Simba|94\/100 slp|[from] Sandstorm\n|-heal|p2a: Simba|100\/100 slp|[from] item: Leftovers\n|upkeep\n|turn|31\n|\n|t:|1700933507\n|switch|p2a: Rock|Tyranitar, M, shiny|88\/100\n|move|p1a: Lopunny|Close Combat|p2a: Rock\n|-supereffective|p2a: Rock\n|-damage|p2a: Rock|0 fnt\n|-unboost|p1a: Lopunny|def|1\n|-unboost|p1a: Lopunny|spd|1\n|faint|p2a: Rock\n|\n|-weather|none\n|upkeep\n|\n|t:|1700933509\n|switch|p2a: Simba|Entei, shiny, tera:Normal|100\/100 slp\n|-ability|p2a: Simba|Pressure\n|turn|32\n|\n|t:|1700933520\n|-curestatus|p2a: Simba|slp|[msg]\n|move|p2a: Simba|Extreme Speed|p1a: Lopunny\n|-damage|p1a: Lopunny|0 fnt\n|faint|p1a: Lopunny\n|\n|upkeep\n|\n|t:|1700933526\n|switch|p1a: Tapu Lele|Tapu Lele|14\/100\n|-fieldstart|move: Psychic Terrain|[from] ability: Psychic Surge|[of] p1a: Tapu Lele\n|turn|33\n|\n|t:|1700933540\n|switch|p2a: Kubo|Raikou, shiny|76\/100\n|-ability|p2a: Kubo|Pressure\n|move|p1a: Tapu Lele|Psychic|p2a: Kubo\n|-damage|p2a: Kubo|0 fnt\n|faint|p2a: Kubo\n|\n|upkeep\n|\n|t:|1700933546\n|switch|p2a: Simba|Entei, shiny, tera:Normal|100\/100\n|-ability|p2a: Simba|Pressure\n|turn|34\n|\n|t:|1700933550\n|move|p1a: Tapu Lele|Psychic|p2a: Simba\n|-damage|p2a: Simba|43\/100\n|move|p2a: Simba|Sacred Fire|p1a: Tapu Lele\n|-damage|p1a: Tapu Lele|0 fnt\n|faint|p1a: Tapu Lele\n|\n|-heal|p2a: Simba|49\/100|[from] item: Leftovers\n|upkeep\n|\n|t:|1700933568\n|switch|p1a: Tyranitar|Tyranitar, F, shiny|41\/100\n|-weather|Sandstorm|[from] ability: Sand Stream|[of] p1a: Tyranitar\n|turn|35\n|\n|t:|1700933578\n|move|p2a: Simba|Curse|p2a: Simba\n|-unboost|p2a: Simba|spe|1\n|-boost|p2a: Simba|atk|1\n|-boost|p2a: Simba|def|1\n|move|p1a: Tyranitar|Knock Off|p2a: Simba\n|-damage|p2a: Simba|20\/100\n|-enditem|p2a: Simba|Leftovers|[from] move: Knock Off|[of] p1a: Tyranitar\n|\n|-weather|Sandstorm|[upkeep]\n|-damage|p2a: Simba|14\/100|[from] Sandstorm\n|upkeep\n|turn|36\n|\n|t:|1700933595\n|move|p1a: Tyranitar|Ice Beam|p2a: Simba\n|-crit|p2a: Simba\n|-damage|p2a: Simba|0 fnt\n|faint|p2a: Simba\n|\n|win|BigG5\n|raw|BigG5's rating: 1562 &rarr; <strong>1585<\/strong><br \/>(+23 for winning)\n|raw|TPD JOHTO's rating: 1614 &rarr; <strong>1591<\/strong><br \/>(-23 for losing)\n|c|\u2606TPD JOHTO|Gg\n|c|\u2606BigG5|Gg\n|c|\u2606BigG5|Nice team\n|l|\u2606TPD JOHTO\n","uploadtime":1700933634,"views":0,"p1id":"bigg5","p2id":"tpdjohto","formatid":"gen9nationaldex","rating":1585,"private":0,"password":""}