{"id":"gen9nationaldex-1995475728","p1":"sgzf","p2":"Strongfeather","format":"[Gen 9] National Dex","log":"|html|<div class=\"broadcast-blue\"><strong>[Gen 9] National Dex is currently suspecting Sneasler! For information on how to participate check out the <a href=\"https:\/\/www.smogon.com\/forums\/threads\/sv-national-dex-suspect-8-just-dance.3731534\/\">suspect thread<\/a>.<\/strong><\/div>\n|j|\u2606sgzf\n|j|\u2606Strongfeather\n|t:|1700574988\n|gametype|singles\n|player|p1|sgzf|dawn-gen4pt|1132\n|player|p2|Strongfeather|1|1180\n|teamsize|p1|6\n|teamsize|p2|6\n|gen|9\n|tier|[Gen 9] National Dex\n|rated|\n|rule|HP Percentage Mod: HP is shown in percentages\n|rule|Endless Battle Clause: Forcing endless battles is banned\n|rule|OHKO Clause: OHKO moves are banned\n|rule|Evasion Clause: Evasion abilities, items, and moves are banned\n|rule|Evasion Abilities Clause: Evasion abilities are banned\n|rule|Evasion Items Clause: Evasion items are banned\n|rule|Evasion Moves Clause: Evasion moves are banned\n|rule|Species Clause: Limit one of each Pok\u00e9mon\n|rule|Sleep Clause Mod: Limit one foe put to sleep\n|clearpoke\n|poke|p1|Garchomp, F|\n|poke|p1|Ferrothorn, F|\n|poke|p1|Lopunny, F|\n|poke|p1|Moltres|\n|poke|p1|Slowking-Galar, M|\n|poke|p1|Corviknight, F|\n|poke|p2|Clefable, M|\n|poke|p2|Houndoom, F|\n|poke|p2|Pawmot, F|\n|poke|p2|Sharpedo, F|\n|poke|p2|Skarmory, F|\n|poke|p2|Ting-Lu|\n|teampreview\n|\n|t:|1700574998\n|start\n|switch|p1a: Ferrothorn|Ferrothorn, F|100\/100\n|switch|p2a: Ting-Lu|Ting-Lu|100\/100\n|-ability|p2a: Ting-Lu|Vessel of Ruin\n|turn|1\n|inactive|Battle timer is ON: inactive players will automatically lose when time's up. (requested by Strongfeather)\n|\n|t:|1700575006\n|move|p2a: Ting-Lu|Stealth Rock|p1a: Ferrothorn\n|-sidestart|p1: sgzf|move: Stealth Rock\n|move|p1a: Ferrothorn|Thunder Wave|p2a: Ting-Lu\n|-immune|p2a: Ting-Lu\n|\n|upkeep\n|turn|2\n|\n|t:|1700575012\n|move|p1a: Ferrothorn|Leech Seed|p2a: Ting-Lu\n|-start|p2a: Ting-Lu|move: Leech Seed\n|move|p2a: Ting-Lu|Whirlwind|p1a: Ferrothorn\n|drag|p1a: Garchomp|Garchomp, F|100\/100\n|-damage|p1a: Garchomp|94\/100|[from] Stealth Rock\n|\n|-damage|p2a: Ting-Lu|88\/100|[from] Leech Seed|[of] p1a: Garchomp\n|-heal|p1a: Garchomp|100\/100|[silent]\n|upkeep\n|turn|3\n|\n|t:|1700575020\n|-zpower|p1a: Garchomp\n|move|p1a: Garchomp|Devastating Drake|p2a: Ting-Lu|[zeffect]\n|-damage|p2a: Ting-Lu|34\/100\n|move|p2a: Ting-Lu|Ruination|p1a: Garchomp|[miss]\n|-miss|p2a: Ting-Lu|p1a: Garchomp\n|\n|-heal|p2a: Ting-Lu|40\/100|[from] item: Leftovers\n|-damage|p2a: Ting-Lu|28\/100|[from] Leech Seed|[of] p1a: Garchomp\n|upkeep\n|turn|4\n|\n|t:|1700575029\n|switch|p2a: Clefable|Clefable, M|100\/100\n|move|p1a: Garchomp|Earthquake|p2a: Clefable\n|-damage|p2a: Clefable|62\/100\n|\n|upkeep\n|turn|5\n|\n|t:|1700575040\n|switch|p1a: Ferrothorn|Ferrothorn, F|100\/100\n|-damage|p1a: Ferrothorn|95\/100|[from] Stealth Rock\n|move|p2a: Clefable|Moonlight|p2a: Clefable\n|-heal|p2a: Clefable|100\/100\n|\n|-heal|p1a: Ferrothorn|100\/100|[from] item: Leftovers\n|upkeep\n|turn|6\n|\n|t:|1700575045\n|switch|p2a: Houndoom|Houndoom, F|100\/100\n|move|p1a: Ferrothorn|Thunder Wave|p2a: Houndoom\n|-status|p2a: Houndoom|par\n|\n|upkeep\n|turn|7\n|\n|t:|1700575053\n|switch|p1a: Moltres|Moltres|100\/100\n|detailschange|p2a: Houndoom|Houndoom-Mega, F\n|-mega|p2a: Houndoom|Houndoom|Houndoominite\n|move|p2a: Houndoom|Fire Blast|p1a: Moltres\n|-resisted|p1a: Moltres\n|-damage|p1a: Moltres|70\/100\n|\n|upkeep\n|turn|8\n|\n|t:|1700575060\n|move|p1a: Moltres|Scorching Sands|p2a: Houndoom\n|-supereffective|p2a: Houndoom\n|-damage|p2a: Houndoom|54\/100 par\n|move|p2a: Houndoom|Taunt|p1a: Moltres\n|-start|p1a: Moltres|move: Taunt\n|\n|upkeep\n|turn|9\n|\n|t:|1700575069\n|move|p1a: Moltres|Scorching Sands|p2a: Houndoom\n|-supereffective|p2a: Houndoom\n|-damage|p2a: Houndoom|3\/100 par\n|cant|p2a: Houndoom|par\n|\n|upkeep\n|turn|10\n|\n|t:|1700575081\n|switch|p2a: Skarmory|Skarmory, F|100\/100\n|move|p1a: Moltres|Scorching Sands|p2a: Skarmory\n|-immune|p2a: Skarmory\n|\n|upkeep\n|turn|11\n|\n|t:|1700575089\n|move|p1a: Moltres|Flamethrower|p2a: Skarmory\n|-supereffective|p2a: Skarmory\n|-damage|p2a: Skarmory|0 fnt\n|faint|p2a: Skarmory\n|\n|-end|p1a: Moltres|move: Taunt\n|upkeep\n|\n|t:|1700575095\n|switch|p2a: Pawmot|Pawmot, F|100\/100\n|turn|12\n|\n|t:|1700575102\n|switch|p1a: Garchomp|Garchomp, F|100\/100\n|-damage|p1a: Garchomp|94\/100|[from] Stealth Rock\n|move|p2a: Pawmot|Double Shock|p1a: Garchomp\n|-immune|p1a: Garchomp\n|\n|upkeep\n|turn|13\n|\n|t:|1700575110\n|switch|p2a: Clefable|Clefable, M|100\/100\n|move|p1a: Garchomp|Earthquake|p2a: Clefable\n|-damage|p2a: Clefable|62\/100\n|\n|upkeep\n|turn|14\n|\n|t:|1700575116\n|switch|p1a: Moltres|Moltres|70\/100\n|-terastallize|p2a: Clefable|Water\n|move|p2a: Clefable|Bubble Beam|p1a: Moltres\n|-supereffective|p1a: Moltres\n|-damage|p1a: Moltres|10\/100\n|\n|upkeep\n|turn|15\n|\n|t:|1700575124\n|move|p1a: Moltres|Roost|p1a: Moltres\n|-heal|p1a: Moltres|61\/100\n|-singleturn|p1a: Moltres|move: Roost\n|move|p2a: Clefable|Moonblast|p1a: Moltres\n|-resisted|p1a: Moltres\n|-damage|p1a: Moltres|38\/100\n|-unboost|p1a: Moltres|spa|1\n|\n|upkeep\n|turn|16\n|\n|t:|1700575141\n|switch|p1a: Ferrothorn|Ferrothorn, F|100\/100\n|-damage|p1a: Ferrothorn|95\/100|[from] Stealth Rock\n|move|p2a: Clefable|Bubble Beam|p1a: Ferrothorn\n|-resisted|p1a: Ferrothorn\n|-damage|p1a: Ferrothorn|82\/100\n|\n|-heal|p1a: Ferrothorn|88\/100|[from] item: Leftovers\n|upkeep\n|turn|17\n|\n|t:|1700575151\n|switch|p2a: Houndoom|Houndoom-Mega, F|3\/100 par\n|move|p1a: Ferrothorn|Thunder Wave|p2a: Houndoom\n|-fail|p2a: Houndoom|par\n|\n|-heal|p1a: Ferrothorn|94\/100|[from] item: Leftovers\n|upkeep\n|turn|18\n|\n|t:|1700575159\n|switch|p1a: Moltres|Moltres|38\/100\n|move|p2a: Houndoom|Destiny Bond|p2a: Houndoom\n|-singlemove|p2a: Houndoom|Destiny Bond\n|\n|upkeep\n|turn|19\n|\n|t:|1700575166\n|move|p1a: Moltres|Roost|p1a: Moltres\n|-heal|p1a: Moltres|88\/100\n|-singleturn|p1a: Moltres|move: Roost\n|move|p2a: Houndoom|Dark Pulse|p1a: Moltres\n|-damage|p1a: Moltres|43\/100\n|\n|upkeep\n|turn|20\n|\n|t:|1700575174\n|move|p1a: Moltres|Roost|p1a: Moltres\n|-heal|p1a: Moltres|93\/100\n|-singleturn|p1a: Moltres|move: Roost\n|move|p2a: Houndoom|Dark Pulse|p1a: Moltres\n|-damage|p1a: Moltres|51\/100\n|\n|upkeep\n|turn|21\n|\n|t:|1700575179\n|move|p1a: Moltres|Roost|p1a: Moltres\n|-heal|p1a: Moltres|100\/100\n|-singleturn|p1a: Moltres|move: Roost\n|cant|p2a: Houndoom|par\n|\n|upkeep\n|turn|22\n|\n|t:|1700575189\n|move|p1a: Moltres|Flamethrower|p2a: Houndoom\n|-resisted|p2a: Houndoom\n|-damage|p2a: Houndoom|0 fnt\n|faint|p2a: Houndoom\n|\n|upkeep\n|\n|t:|1700575199\n|switch|p2a: Pawmot|Pawmot, F|100\/100\n|turn|23\n|\n|t:|1700575204\n|switch|p1a: Garchomp|Garchomp, F|94\/100\n|-damage|p1a: Garchomp|88\/100|[from] Stealth Rock\n|move|p2a: Pawmot|Close Combat|p1a: Garchomp\n|-damage|p1a: Garchomp|34\/100\n|-unboost|p2a: Pawmot|def|1\n|-unboost|p2a: Pawmot|spd|1\n|-damage|p2a: Pawmot|88\/100|[from] ability: Rough Skin|[of] p1a: Garchomp\n|\n|upkeep\n|turn|24\n|\n|t:|1700575216\n|switch|p1a: Ferrothorn|Ferrothorn, F|94\/100\n|-damage|p1a: Ferrothorn|88\/100|[from] Stealth Rock\n|move|p2a: Pawmot|Close Combat|p1a: Ferrothorn\n|-supereffective|p1a: Ferrothorn\n|-damage|p1a: Ferrothorn|16\/100\n|-unboost|p2a: Pawmot|def|1\n|-unboost|p2a: Pawmot|spd|1\n|-damage|p2a: Pawmot|76\/100|[from] ability: Iron Barbs|[of] p1a: Ferrothorn\n|\n|-heal|p1a: Ferrothorn|22\/100|[from] item: Leftovers\n|upkeep\n|turn|25\n|\n|t:|1700575226\n|-terastallize|p1a: Ferrothorn|Ghost\n|move|p2a: Pawmot|Double Shock|p1a: Ferrothorn\n|-damage|p1a: Ferrothorn|0 fnt\n|-start|p2a: Pawmot|typechange|???\/Fighting|[from] move: Double Shock\n|-damage|p2a: Pawmot|63\/100|[from] ability: Iron Barbs|[of] p1a: Ferrothorn\n|faint|p1a: Ferrothorn\n|\n|upkeep\n|\n|t:|1700575235\n|switch|p1a: Lopunny|Lopunny, F, shiny|100\/100\n|-damage|p1a: Lopunny|88\/100|[from] Stealth Rock\n|turn|26\n|\n|t:|1700575242\n|detailschange|p1a: Lopunny|Lopunny-Mega, F, shiny\n|-mega|p1a: Lopunny|Lopunny|Lopunnite\n|move|p1a: Lopunny|Fake Out|p2a: Pawmot\n|-damage|p2a: Pawmot|0 fnt\n|faint|p2a: Pawmot\n|\n|upkeep\n|\n|t:|1700575253\n|switch|p2a: Sharpedo|Sharpedo, F|100\/100\n|turn|27\n|\n|t:|1700575258\n|move|p1a: Lopunny|U-turn|p2a: Sharpedo\n|-supereffective|p2a: Sharpedo\n|-damage|p2a: Sharpedo|0 fnt\n|faint|p2a: Sharpedo\n|\n|t:|1700575271\n|switch|p1a: Moltres|Moltres|100\/100|[from] U-turn\n|\n|upkeep\n|-message|Strongfeather forfeited.\n|\n|win|sgzf\n|raw|sgzf's rating: 1132 &rarr; <strong>1160<\/strong><br \/>(+28 for winning)\n|raw|Strongfeather's rating: 1180 &rarr; <strong>1152<\/strong><br \/>(-28 for losing)\n|l|\u2606Strongfeather\n","uploadtime":1700575278,"views":0,"p1id":"sgzf","p2id":"strongfeather","formatid":"gen9nationaldex","rating":1152,"private":0,"password":""}