{"id":"gen9nationaldex-1995820628","p1":"Perpetinal","p2":"hackilla15","format":"[Gen 9] National Dex","log":"|html|<div class=\"broadcast-blue\"><strong>[Gen 9] National Dex is currently suspecting Sneasler! For information on how to participate check out the <a href=\"https:\/\/www.smogon.com\/forums\/threads\/sv-national-dex-suspect-8-just-dance.3731534\/\">suspect thread<\/a>.<\/strong><\/div>\n|j|\u2606Perpetinal\n|j|\u2606hackilla15\n|t:|1700606392\n|gametype|singles\n|player|p1|Perpetinal|169|1304\n|player|p2|hackilla15|ethan|1400\n|teamsize|p1|6\n|teamsize|p2|6\n|gen|9\n|tier|[Gen 9] National Dex\n|rated|\n|rule|HP Percentage Mod: HP is shown in percentages\n|rule|Endless Battle Clause: Forcing endless battles is banned\n|rule|OHKO Clause: OHKO moves are banned\n|rule|Evasion Clause: Evasion abilities, items, and moves are banned\n|rule|Evasion Abilities Clause: Evasion abilities are banned\n|rule|Evasion Items Clause: Evasion items are banned\n|rule|Evasion Moves Clause: Evasion moves are banned\n|rule|Species Clause: Limit one of each Pok\u00e9mon\n|rule|Sleep Clause Mod: Limit one foe put to sleep\n|clearpoke\n|poke|p1|Swampert, M|\n|poke|p1|Pelipper, M|\n|poke|p1|Clefable, F|\n|poke|p1|Ferrothorn, M|\n|poke|p1|Tapu Lele|\n|poke|p1|Zapdos|\n|poke|p2|Zoroark-Hisui, F|\n|poke|p2|Venusaur, F|\n|poke|p2|Ceruledge, M|\n|poke|p2|Muk-Alola, F|\n|poke|p2|Corviknight, M|\n|poke|p2|Dragonite, M|\n|teampreview\n|\n|t:|1700606408\n|start\n|switch|p1a: Ferrothorn|Ferrothorn, M|100\/100\n|switch|p2a: Lancelot|Corviknight, M, shiny|100\/100\n|turn|1\n|\n|t:|1700606415\n|move|p2a: Lancelot|Reflect|p2a: Lancelot\n|-sidestart|p2: hackilla15|Reflect\n|move|p1a: Ferrothorn|Thunder Wave|p2a: Lancelot\n|-status|p2a: Lancelot|par\n|\n|upkeep\n|turn|2\n|\n|t:|1700606421\n|move|p2a: Lancelot|Light Screen|p2a: Lancelot\n|-sidestart|p2: hackilla15|move: Light Screen\n|move|p1a: Ferrothorn|Stealth Rock|p2a: Lancelot\n|-sidestart|p2: hackilla15|move: Stealth Rock\n|\n|upkeep\n|turn|3\n|\n|t:|1700606425\n|move|p2a: Lancelot|Defog|p1a: Ferrothorn\n|-unboost|p1a: Ferrothorn|evasion|1\n|-sideend|p2: hackilla15|Stealth Rock|[from] move: Defog|[of] p2a: Lancelot\n|move|p1a: Ferrothorn|Leech Seed|p2a: Lancelot\n|-start|p2a: Lancelot|move: Leech Seed\n|\n|-damage|p2a: Lancelot|88\/100 par|[from] Leech Seed|[of] p1a: Ferrothorn\n|upkeep\n|turn|4\n|\n|t:|1700606433\n|switch|p2a: BIG BERTHA|Muk-Alola, F|100\/100\n|move|p1a: Ferrothorn|Knock Off|p2a: BIG BERTHA\n|-resisted|p2a: BIG BERTHA\n|-damage|p2a: BIG BERTHA|94\/100\n|-enditem|p2a: BIG BERTHA|Iapapa Berry|[from] move: Knock Off|[of] p1a: Ferrothorn\n|\n|upkeep\n|turn|5\n|\n|t:|1700606441\n|switch|p1a: Clefable|Clefable, F|100\/100\n|move|p2a: BIG BERTHA|Knock Off|p1a: Clefable\n|-resisted|p1a: Clefable\n|-damage|p1a: Clefable|84\/100\n|-enditem|p1a: Clefable|Leftovers|[from] move: Knock Off|[of] p2a: BIG BERTHA\n|\n|upkeep\n|turn|6\n|\n|t:|1700606449\n|move|p1a: Clefable|Cosmic Power|p1a: Clefable\n|-boost|p1a: Clefable|def|1\n|-boost|p1a: Clefable|spd|1\n|move|p2a: BIG BERTHA|Knock Off|p1a: Clefable\n|-resisted|p1a: Clefable\n|-damage|p1a: Clefable|76\/100\n|\n|upkeep\n|turn|7\n|\n|t:|1700606455\n|move|p1a: Clefable|Cosmic Power|p1a: Clefable\n|-boost|p1a: Clefable|def|1\n|-boost|p1a: Clefable|spd|1\n|move|p2a: BIG BERTHA|Haze|p2a: BIG BERTHA\n|-clearallboost\n|\n|upkeep\n|turn|8\n|\n|t:|1700606469\n|move|p1a: Clefable|Charge Beam|p2a: BIG BERTHA\n|-damage|p2a: BIG BERTHA|89\/100\n|-boost|p1a: Clefable|spa|1\n|move|p2a: BIG BERTHA|Poison Jab|p1a: Clefable\n|-supereffective|p1a: Clefable\n|-damage|p1a: Clefable|21\/100\n|\n|-sideend|p2: hackilla15|Reflect\n|upkeep\n|turn|9\n|\n|t:|1700606481\n|switch|p1a: Ferrothorn|Ferrothorn, M|100\/100\n|move|p2a: BIG BERTHA|Poison Jab|p1a: Ferrothorn\n|-immune|p1a: Ferrothorn\n|\n|-sideend|p2: hackilla15|move: Light Screen\n|upkeep\n|turn|10\n|\n|t:|1700606489\n|move|p2a: BIG BERTHA|Knock Off|p1a: Ferrothorn\n|-damage|p1a: Ferrothorn|69\/100\n|-damage|p2a: BIG BERTHA|77\/100|[from] ability: Iron Barbs|[of] p1a: Ferrothorn\n|-enditem|p1a: Ferrothorn|Leftovers|[from] move: Knock Off|[of] p2a: BIG BERTHA\n|move|p1a: Ferrothorn|Leech Seed|p2a: BIG BERTHA\n|-start|p2a: BIG BERTHA|move: Leech Seed\n|\n|-damage|p2a: BIG BERTHA|64\/100|[from] Leech Seed|[of] p1a: Ferrothorn\n|-heal|p1a: Ferrothorn|83\/100|[silent]\n|upkeep\n|turn|11\n|\n|t:|1700606501\n|switch|p2a: Lancelot|Corviknight, M, shiny|88\/100 par\n|move|p1a: Ferrothorn|Stealth Rock|p2a: Lancelot\n|-sidestart|p2: hackilla15|move: Stealth Rock\n|\n|upkeep\n|turn|12\n|\n|t:|1700606512\n|move|p2a: Lancelot|Reflect|p2a: Lancelot\n|-sidestart|p2: hackilla15|Reflect\n|move|p1a: Ferrothorn|Leech Seed|p2a: Lancelot\n|-start|p2a: Lancelot|move: Leech Seed\n|\n|-damage|p2a: Lancelot|76\/100 par|[from] Leech Seed|[of] p1a: Ferrothorn\n|-heal|p1a: Ferrothorn|96\/100|[silent]\n|upkeep\n|turn|13\n|\n|t:|1700606520\n|cant|p2a: Lancelot|par\n|move|p1a: Ferrothorn|Knock Off|p2a: Lancelot\n|-damage|p2a: Lancelot|68\/100 par\n|-enditem|p2a: Lancelot|Light Clay|[from] move: Knock Off|[of] p1a: Ferrothorn\n|\n|-damage|p2a: Lancelot|56\/100 par|[from] Leech Seed|[of] p1a: Ferrothorn\n|-heal|p1a: Ferrothorn|100\/100|[silent]\n|upkeep\n|turn|14\n|\n|t:|1700606528\n|switch|p1a: Clefable|Clefable, F|21\/100\n|move|p2a: Lancelot|Light Screen|p2a: Lancelot\n|-sidestart|p2: hackilla15|move: Light Screen\n|\n|-damage|p2a: Lancelot|43\/100 par|[from] Leech Seed|[of] p1a: Clefable\n|-heal|p1a: Clefable|33\/100|[silent]\n|upkeep\n|turn|15\n|\n|t:|1700606535\n|move|p1a: Clefable|Soft-Boiled|p1a: Clefable\n|-heal|p1a: Clefable|83\/100\n|move|p2a: Lancelot|Defog|p1a: Clefable\n|-unboost|p1a: Clefable|evasion|1\n|-sideend|p2: hackilla15|Stealth Rock|[from] move: Defog|[of] p2a: Lancelot\n|\n|-damage|p2a: Lancelot|31\/100 par|[from] Leech Seed|[of] p1a: Clefable\n|-heal|p1a: Clefable|95\/100|[silent]\n|upkeep\n|turn|16\n|\n|t:|1700606549\n|switch|p2a: M.J. Watson|Venusaur, F, shiny|100\/100\n|move|p1a: Clefable|Charge Beam|p2a: M.J. Watson\n|-resisted|p2a: M.J. Watson\n|-damage|p2a: M.J. Watson|98\/100\n|-boost|p1a: Clefable|spa|1\n|\n|upkeep\n|turn|17\n|\n|t:|1700606560\n|switch|p1a: Pelipper|Pelipper, M, shiny|100\/100\n|-weather|RainDance|[from] ability: Drizzle|[of] p1a: Pelipper\n|detailschange|p2a: M.J. Watson|Venusaur-Mega, F, shiny\n|-mega|p2a: M.J. Watson|Venusaur|Venusaurite\n|move|p2a: M.J. Watson|Earth Power|p1a: Pelipper\n|-immune|p1a: Pelipper\n|\n|-weather|RainDance|[upkeep]\n|upkeep\n|turn|18\n|\n|t:|1700606569\n|move|p2a: M.J. Watson|Giga Drain|p1a: Pelipper\n|-damage|p1a: Pelipper|50\/100\n|-heal|p2a: M.J. Watson|100\/100|[from] drain|[of] p1a: Pelipper\n|move|p1a: Pelipper|Defog|p2a: M.J. Watson\n|-unboost|p2a: M.J. Watson|evasion|1\n|-sideend|p2: hackilla15|Reflect\n|-sideend|p2: hackilla15|move: Light Screen\n|\n|-weather|RainDance|[upkeep]\n|upkeep\n|turn|19\n|\n|t:|1700606579\n|switch|p1a: Tapu Lele|Tapu Lele, shiny|100\/100\n|-fieldstart|move: Psychic Terrain|[from] ability: Psychic Surge|[of] p1a: Tapu Lele\n|move|p2a: M.J. Watson|Giga Drain|p1a: Tapu Lele\n|-damage|p1a: Tapu Lele|67\/100\n|\n|-weather|RainDance|[upkeep]\n|upkeep\n|turn|20\n|inactive|Battle timer is ON: inactive players will automatically lose when time's up. (requested by hackilla15)\n|\n|t:|1700606593\n|switch|p2a: BIG BERTHA|Muk-Alola, F|64\/100\n|move|p1a: Tapu Lele|Moonblast|p2a: BIG BERTHA\n|-damage|p2a: BIG BERTHA|5\/100\n|\n|-weather|RainDance|[upkeep]\n|upkeep\n|turn|21\n|\n|t:|1700606600\n|switch|p2a: Lancelot|Corviknight, M, shiny|31\/100 par\n|move|p1a: Tapu Lele|Moonblast|p2a: Lancelot\n|-resisted|p2a: Lancelot\n|-damage|p2a: Lancelot|1\/100 par\n|-ability|p2a: Lancelot|Mirror Armor\n|-unboost|p1a: Tapu Lele|spa|1\n|\n|-weather|RainDance|[upkeep]\n|upkeep\n|turn|22\n|\n|t:|1700606612\n|switch|p1a: Ferrothorn|Ferrothorn, M|100\/100\n|move|p2a: Lancelot|Defog|p1a: Ferrothorn\n|-unboost|p1a: Ferrothorn|evasion|1\n|-fieldend|move: Psychic Terrain\n|\n|-weather|RainDance|[upkeep]\n|upkeep\n|turn|23\n|\n|t:|1700606623\n|switch|p2a: Moody Edge|Ceruledge, M, shiny|100\/100\n|move|p1a: Ferrothorn|Stealth Rock|p2a: Moody Edge\n|-sidestart|p2: hackilla15|move: Stealth Rock\n|\n|-weather|RainDance|[upkeep]\n|upkeep\n|turn|24\n|\n|t:|1700606630\n|switch|p1a: Swampert|Swampert, M, shiny|100\/100\n|move|p2a: Moody Edge|Swords Dance|p2a: Moody Edge\n|-boost|p2a: Moody Edge|atk|2\n|\n|-weather|none\n|upkeep\n|turn|25\n|\n|t:|1700606639\n|switch|p1a: Pelipper|Pelipper, M, shiny|50\/100\n|-weather|RainDance|[from] ability: Drizzle|[of] p1a: Pelipper\n|move|p2a: Moody Edge|Shadow Claw|p1a: Pelipper\n|-damage|p1a: Pelipper|0 fnt\n|faint|p1a: Pelipper\n|\n|-weather|RainDance|[upkeep]\n|upkeep\n|\n|t:|1700606648\n|switch|p1a: Swampert|Swampert, M, shiny|100\/100\n|turn|26\n|\n|t:|1700606660\n|detailschange|p1a: Swampert|Swampert-Mega, M, shiny\n|-mega|p1a: Swampert|Swampert|Swampertite\n|-terastallize|p2a: Moody Edge|Fighting\n|move|p1a: Swampert|Waterfall|p2a: Moody Edge\n|-enditem|p2a: Moody Edge|Focus Sash\n|-damage|p2a: Moody Edge|1\/100\n|-ability|p2a: Moody Edge|Weak Armor|boost\n|-unboost|p2a: Moody Edge|def|1\n|-boost|p2a: Moody Edge|spe|2\n|move|p2a: Moody Edge|Swords Dance|p2a: Moody Edge\n|-boost|p2a: Moody Edge|atk|2\n|\n|-weather|RainDance|[upkeep]\n|upkeep\n|turn|27\n|\n|t:|1700606678\n|switch|p1a: Clefable|Clefable, F|95\/100\n|move|p2a: Moody Edge|Close Combat|p1a: Clefable\n|-resisted|p1a: Clefable\n|-damage|p1a: Clefable|22\/100\n|-unboost|p2a: Moody Edge|def|1\n|-unboost|p2a: Moody Edge|spd|1\n|\n|-weather|RainDance|[upkeep]\n|upkeep\n|turn|28\n|\n|t:|1700606695\n|switch|p1a: Tapu Lele|Tapu Lele, shiny|67\/100\n|-fieldstart|move: Psychic Terrain|[from] ability: Psychic Surge|[of] p1a: Tapu Lele\n|move|p2a: Moody Edge|Bitter Blade|p1a: Tapu Lele\n|-damage|p1a: Tapu Lele|0 fnt\n|-heal|p2a: Moody Edge|33\/100|[from] drain|[of] p1a: Tapu Lele\n|faint|p1a: Tapu Lele\n|\n|-weather|RainDance|[upkeep]\n|upkeep\n|\n|t:|1700606706\n|switch|p1a: Ferrothorn|Ferrothorn, M|100\/100\n|turn|29\n|\n|t:|1700606714\n|move|p2a: Moody Edge|Bitter Blade|p1a: Ferrothorn\n|-supereffective|p1a: Ferrothorn\n|-damage|p1a: Ferrothorn|0 fnt\n|-heal|p2a: Moody Edge|93\/100|[from] drain|[of] p1a: Ferrothorn\n|-damage|p2a: Moody Edge|81\/100|[from] ability: Iron Barbs|[of] p1a: Ferrothorn\n|faint|p1a: Ferrothorn\n|\n|-weather|RainDance|[upkeep]\n|upkeep\n|\n|t:|1700606723\n|switch|p1a: Swampert|Swampert-Mega, M, shiny|100\/100\n|turn|30\n|\n|t:|1700606730\n|move|p2a: Moody Edge|Close Combat|p1a: Swampert\n|-damage|p1a: Swampert|0 fnt\n|-unboost|p2a: Moody Edge|def|1\n|-unboost|p2a: Moody Edge|spd|1\n|faint|p1a: Swampert\n|\n|-weather|RainDance|[upkeep]\n|upkeep\n|\n|t:|1700606737\n|switch|p1a: Zapdos|Zapdos, shiny|100\/100\n|turn|31\n|\n|t:|1700606740\n|move|p2a: Moody Edge|Bitter Blade|p1a: Zapdos\n|-damage|p1a: Zapdos|14\/100\n|-heal|p2a: Moody Edge|100\/100|[from] drain|[of] p1a: Zapdos\n|move|p1a: Zapdos|Volt Switch|p2a: Moody Edge\n|-crit|p2a: Moody Edge\n|-damage|p2a: Moody Edge|0 fnt\n|faint|p2a: Moody Edge\n|\n|t:|1700606751\n|switch|p1a: Clefable|Clefable, F|22\/100|[from] Volt Switch\n|\n|-weather|RainDance|[upkeep]\n|upkeep\n|\n|t:|1700606757\n|switch|p2a: M.J. Watson|Venusaur-Mega, F, shiny|100\/100\n|-damage|p2a: M.J. Watson|88\/100|[from] Stealth Rock\n|turn|32\n|\n|t:|1700606763\n|-terastallize|p1a: Clefable|Normal\n|move|p2a: M.J. Watson|Sludge Bomb|p1a: Clefable\n|-damage|p1a: Clefable|0 fnt\n|faint|p1a: Clefable\n|\n|-weather|none\n|-fieldend|move: Psychic Terrain\n|upkeep\n|\n|t:|1700606770\n|switch|p1a: Zapdos|Zapdos, shiny|14\/100\n|turn|33\n|\n|t:|1700606773\n|move|p1a: Zapdos|Hurricane|p2a: M.J. Watson\n|-supereffective|p2a: M.J. Watson\n|-damage|p2a: M.J. Watson|2\/100\n|move|p2a: M.J. Watson|Sludge Bomb|p1a: Zapdos\n|-damage|p1a: Zapdos|0 fnt\n|faint|p1a: Zapdos\n|\n|win|hackilla15\n|raw|Perpetinal's rating: 1304 &rarr; <strong>1289<\/strong><br \/>(-15 for losing)\n|raw|hackilla15's rating: 1400 &rarr; <strong>1415<\/strong><br \/>(+15 for winning)\n|l|\u2606Perpetinal\n","uploadtime":1700606789,"views":2,"p1id":"perpetinal","p2id":"hackilla15","formatid":"gen9nationaldex","rating":1289,"private":0,"password":""}