{"id":"gen9nationaldex-1997247388","p1":"mushroomtester","p2":"swagmaMale","format":"[Gen 9] National Dex","log":"|html|<div class=\"broadcast-blue\"><strong>[Gen 9] National Dex is currently suspecting Sneasler! For information on how to participate check out the <a href=\"https:\/\/www.smogon.com\/forums\/threads\/sv-national-dex-suspect-8-just-dance.3731534\/\">suspect thread<\/a>.<\/strong><\/div>\n|j|\u2606mushroomtester\n|j|\u2606swagmaMale\n|t:|1700780086\n|gametype|singles\n|player|p1|mushroomtester|caitlin|\n|player|p2|swagmaMale|fisherman|\n|teamsize|p1|6\n|teamsize|p2|6\n|gen|9\n|tier|[Gen 9] National Dex\n|rule|HP Percentage Mod: HP is shown in percentages\n|rule|Endless Battle Clause: Forcing endless battles is banned\n|rule|OHKO Clause: OHKO moves are banned\n|rule|Evasion Clause: Evasion abilities, items, and moves are banned\n|rule|Evasion Abilities Clause: Evasion abilities are banned\n|rule|Evasion Items Clause: Evasion items are banned\n|rule|Evasion Moves Clause: Evasion moves are banned\n|rule|Species Clause: Limit one of each Pok\u00e9mon\n|rule|Sleep Clause Mod: Limit one foe put to sleep\n|clearpoke\n|poke|p1|Gliscor, M|\n|poke|p1|Buzzwole|\n|poke|p1|Hydreigon, F|\n|poke|p1|Banette, M|\n|poke|p1|Victini|\n|poke|p1|Suicune|\n|poke|p2|Buzzwole|\n|poke|p2|Raikou|\n|poke|p2|Forretress, M|\n|poke|p2|Victini|\n|poke|p2|Floatzel, M|\n|poke|p2|Hydreigon, M|\n|teampreview\n|c|\u2606mushroomtester|Glhf\n|c|\u2606mushroomtester|Tera is banned right?\n|c|\u2606swagmaMale|you to\n|c|\u2606swagmaMale|I think so\n|c|\u2606swagmaMale|If it aint I got tera bug buzzwole\n|\n|t:|1700780156\n|start\n|switch|p1a: Gliscor|Gliscor, M|100\/100\n|switch|p2a: Raikou|Raikou|100\/100\n|turn|1\n|\n|t:|1700780167\n|move|p2a: Raikou|Substitute|p2a: Raikou\n|-start|p2a: Raikou|Substitute\n|-damage|p2a: Raikou|76\/100\n|move|p1a: Gliscor|Knock Off|p2a: Raikou\n|-end|p2a: Raikou|Substitute\n|\n|-status|p1a: Gliscor|tox|[from] item: Toxic Orb\n|upkeep\n|turn|2\n|\n|t:|1700780173\n|move|p2a: Raikou|Hidden Power|p1a: Gliscor\n|-supereffective|p1a: Gliscor\n|-damage|p1a: Gliscor|36\/100 tox\n|move|p1a: Gliscor|Knock Off|p2a: Raikou\n|-crit|p2a: Raikou\n|-damage|p2a: Raikou|31\/100\n|-enditem|p2a: Raikou|Focus Sash|[from] move: Knock Off|[of] p1a: Gliscor\n|\n|-heal|p1a: Gliscor|49\/100 tox|[from] ability: Poison Heal\n|upkeep\n|turn|3\n|\n|t:|1700780187\n|move|p1a: Gliscor|Protect|p1a: Gliscor\n|-singleturn|p1a: Gliscor|Protect\n|move|p2a: Raikou|Hidden Power|p1a: Gliscor\n|-activate|p1a: Gliscor|move: Protect\n|\n|-heal|p1a: Gliscor|61\/100 tox|[from] ability: Poison Heal\n|upkeep\n|turn|4\n|\n|t:|1700780202\n|switch|p1a: Buzzwole|Buzzwole|100\/100\n|move|p2a: Raikou|Hidden Power|p1a: Buzzwole\n|-damage|p1a: Buzzwole|76\/100\n|\n|upkeep\n|turn|5\n|\n|t:|1700780230\n|switch|p2a: Hydreigon|Hydreigon, M|100\/100\n|move|p1a: Buzzwole|Drain Punch|p2a: Hydreigon\n|-supereffective|p2a: Hydreigon\n|-damage|p2a: Hydreigon|0 fnt\n|-heal|p1a: Buzzwole|100\/100|[from] drain|[of] p2a: Hydreigon\n|faint|p2a: Hydreigon\n|-ability|p1a: Buzzwole|Beast Boost|boost\n|-boost|p1a: Buzzwole|atk|1\n|\n|upkeep\n|\n|t:|1700780240\n|switch|p2a: Victini|Victini|100\/100\n|turn|6\n|\n|t:|1700780244\n|move|p2a: Victini|V-create|p1a: Buzzwole\n|-supereffective|p1a: Buzzwole\n|-damage|p1a: Buzzwole|29\/100\n|-unboost|p2a: Victini|spe|1\n|-unboost|p2a: Victini|def|1\n|-unboost|p2a: Victini|spd|1\n|move|p1a: Buzzwole|Leech Life|p2a: Victini\n|-damage|p2a: Victini|1\/100\n|-heal|p1a: Buzzwole|77\/100|[from] drain|[of] p2a: Victini\n|\n|upkeep\n|turn|7\n|\n|t:|1700780251\n|move|p2a: Victini|V-create|p1a: Buzzwole\n|-supereffective|p1a: Buzzwole\n|-damage|p1a: Buzzwole|0 fnt\n|-unboost|p2a: Victini|spe|1\n|-unboost|p2a: Victini|def|1\n|-unboost|p2a: Victini|spd|1\n|faint|p1a: Buzzwole\n|\n|upkeep\n|\n|t:|1700780280\n|switch|p1a: Banette|Banette, M|100\/100\n|turn|8\n|\n|t:|1700780334\n|switch|p2a: Forretress|Forretress, M|100\/100\n|detailschange|p1a: Banette|Banette-Mega, M\n|-mega|p1a: Banette|Banette|Banettite\n|move|p1a: Banette|Shadow Sneak|p2a: Forretress\n|-damage|p2a: Forretress|89\/100\n|\n|upkeep\n|turn|9\n|\n|t:|1700780345\n|move|p1a: Banette|Knock Off|p2a: Forretress\n|-damage|p2a: Forretress|71\/100\n|-enditem|p2a: Forretress|Aguav Berry|[from] move: Knock Off|[of] p1a: Banette\n|move|p2a: Forretress|Gyro Ball|p1a: Banette\n|-damage|p1a: Banette|77\/100\n|\n|upkeep\n|turn|10\n|\n|t:|1700780355\n|switch|p1a: Suicune|Suicune|100\/100\n|-ability|p1a: Suicune|Pressure\n|move|p2a: Forretress|Gyro Ball|p1a: Suicune\n|-resisted|p1a: Suicune\n|-damage|p1a: Suicune|92\/100\n|\n|-heal|p1a: Suicune|98\/100|[from] item: Leftovers\n|upkeep\n|turn|11\n|\n|t:|1700780358\n|move|p1a: Suicune|Calm Mind|p1a: Suicune\n|-boost|p1a: Suicune|spa|1\n|-boost|p1a: Suicune|spd|1\n|move|p2a: Forretress|Volt Switch|p1a: Suicune\n|-supereffective|p1a: Suicune\n|-damage|p1a: Suicune|88\/100\n|\n|t:|1700780366\n|switch|p2a: Raikou|Raikou|31\/100|[from] Volt Switch\n|\n|-heal|p1a: Suicune|94\/100|[from] item: Leftovers\n|upkeep\n|turn|12\n|\n|t:|1700780372\n|move|p2a: Raikou|Thunderbolt|p1a: Suicune\n|-supereffective|p1a: Suicune\n|-damage|p1a: Suicune|47\/100\n|-status|p1a: Suicune|par\n|move|p1a: Suicune|Scald|p2a: Raikou\n|-damage|p2a: Raikou|0 fnt\n|faint|p2a: Raikou\n|\n|-heal|p1a: Suicune|53\/100 par|[from] item: Leftovers\n|upkeep\n|c|\u2606swagmaMale|oh tera is allowed huh\n|c|\u2606mushroomtester|Welp\n|\n|t:|1700780404\n|switch|p2a: Buzzwole|Buzzwole|100\/100\n|turn|13\n|\n|t:|1700780415\n|move|p2a: Buzzwole|Hammer Arm|p1a: Suicune\n|-crit|p1a: Suicune\n|-damage|p1a: Suicune|4\/100 par\n|-unboost|p2a: Buzzwole|spe|1\n|move|p1a: Suicune|Toxic|p2a: Buzzwole\n|-status|p2a: Buzzwole|tox\n|\n|-heal|p1a: Suicune|10\/100 par|[from] item: Leftovers\n|-damage|p2a: Buzzwole|94\/100 tox|[from] psn\n|upkeep\n|turn|14\n|\n|t:|1700780424\n|switch|p1a: Gliscor|Gliscor, M|61\/100 tox\n|move|p2a: Buzzwole|Hammer Arm|p1a: Gliscor\n|-resisted|p1a: Gliscor\n|-damage|p1a: Gliscor|44\/100 tox\n|-unboost|p2a: Buzzwole|spe|1\n|\n|-heal|p2a: Buzzwole|100\/100 tox|[from] item: Leftovers\n|-heal|p1a: Gliscor|56\/100 tox|[from] ability: Poison Heal\n|-damage|p2a: Buzzwole|88\/100 tox|[from] psn\n|upkeep\n|turn|15\n|\n|t:|1700780432\n|switch|p2a: Floatzel|Floatzel, M|100\/100\n|move|p1a: Gliscor|Protect||[still]\n|-fail|p1a: Gliscor\n|\n|-heal|p1a: Gliscor|69\/100 tox|[from] ability: Poison Heal\n|upkeep\n|turn|16\n|\n|t:|1700780441\n|move|p1a: Gliscor|Protect|p1a: Gliscor\n|-singleturn|p1a: Gliscor|Protect\n|move|p2a: Floatzel|Wave Crash|p1a: Gliscor\n|-activate|p1a: Gliscor|move: Protect\n|\n|-heal|p1a: Gliscor|81\/100 tox|[from] ability: Poison Heal\n|upkeep\n|turn|17\n|\n|t:|1700780452\n|switch|p1a: Suicune|Suicune|10\/100 par\n|-ability|p1a: Suicune|Pressure\n|move|p2a: Floatzel|Wave Crash|p1a: Suicune\n|-resisted|p1a: Suicune\n|-damage|p1a: Suicune|0 fnt\n|faint|p1a: Suicune\n|-damage|p2a: Floatzel|96\/100|[from] Recoil\n|\n|upkeep\n|\n|t:|1700780454\n|switch|p1a: Banette|Banette-Mega, M|77\/100\n|turn|18\n|\n|t:|1700780462\n|move|p1a: Banette|Will-O-Wisp|p2a: Floatzel|[miss]\n|-miss|p1a: Banette|p2a: Floatzel\n|move|p2a: Floatzel|Wave Crash|p1a: Banette\n|-damage|p1a: Banette|0 fnt\n|faint|p1a: Banette\n|-damage|p2a: Floatzel|70\/100|[from] Recoil\n|\n|upkeep\n|c|\u2606mushroomtester|God damn it\n|\n|t:|1700780480\n|switch|p1a: Hydreigon|Hydreigon, F|100\/100\n|turn|19\n|\n|t:|1700780513\n|switch|p2a: Victini|Victini|1\/100\n|move|p1a: Hydreigon|Dark Pulse|p2a: Victini\n|-supereffective|p2a: Victini\n|-damage|p2a: Victini|0 fnt\n|faint|p2a: Victini\n|\n|upkeep\n|\n|t:|1700780517\n|switch|p2a: Buzzwole|Buzzwole|88\/100 tox\n|turn|20\n|\n|t:|1700780521\n|switch|p1a: Gliscor|Gliscor, M|81\/100 tox\n|move|p2a: Buzzwole|Hammer Arm|p1a: Gliscor\n|-resisted|p1a: Gliscor\n|-damage|p1a: Gliscor|64\/100 tox\n|-unboost|p2a: Buzzwole|spe|1\n|\n|-heal|p2a: Buzzwole|94\/100 tox|[from] item: Leftovers\n|-heal|p1a: Gliscor|77\/100 tox|[from] ability: Poison Heal\n|-damage|p2a: Buzzwole|88\/100 tox|[from] psn\n|upkeep\n|turn|21\n|\n|t:|1700780540\n|switch|p2a: Floatzel|Floatzel, M|70\/100\n|move|p1a: Gliscor|Knock Off|p2a: Floatzel\n|-damage|p2a: Floatzel|29\/100\n|-enditem|p2a: Floatzel|Choice Band|[from] move: Knock Off|[of] p1a: Gliscor\n|\n|-heal|p1a: Gliscor|89\/100 tox|[from] ability: Poison Heal\n|upkeep\n|turn|22\n|\n|t:|1700780550\n|move|p1a: Gliscor|Protect|p1a: Gliscor\n|-singleturn|p1a: Gliscor|Protect\n|move|p2a: Floatzel|Wave Crash|p1a: Gliscor\n|-activate|p1a: Gliscor|move: Protect\n|\n|-heal|p1a: Gliscor|100\/100 tox|[from] ability: Poison Heal\n|upkeep\n|turn|23\n|\n|t:|1700780554\n|move|p2a: Floatzel|Wave Crash|p1a: Gliscor\n|-supereffective|p1a: Gliscor\n|-damage|p1a: Gliscor|19\/100 tox\n|-damage|p2a: Floatzel|0 fnt|[from] Recoil\n|faint|p2a: Floatzel\n|move|p1a: Gliscor|Earthquake|p2: Floatzel|[notarget]\n|-fail|p1a: Gliscor\n|\n|-heal|p1a: Gliscor|32\/100 tox|[from] ability: Poison Heal\n|upkeep\n|\n|t:|1700780561\n|switch|p2a: Forretress|Forretress, M|71\/100\n|turn|24\n|\n|t:|1700780565\n|move|p1a: Gliscor|Protect|p1a: Gliscor\n|-singleturn|p1a: Gliscor|Protect\n|move|p2a: Forretress|Gyro Ball|p1a: Gliscor\n|-activate|p1a: Gliscor|move: Protect\n|\n|-heal|p1a: Gliscor|44\/100 tox|[from] ability: Poison Heal\n|upkeep\n|turn|25\n|\n|t:|1700780568\n|move|p1a: Gliscor|Stealth Rock|p2a: Forretress\n|-sidestart|p2: swagmaMale|move: Stealth Rock\n|move|p2a: Forretress|Gyro Ball|p1a: Gliscor\n|-damage|p1a: Gliscor|26\/100 tox\n|\n|-heal|p1a: Gliscor|38\/100 tox|[from] ability: Poison Heal\n|upkeep\n|turn|26\n|\n|t:|1700780574\n|move|p1a: Gliscor|Protect|p1a: Gliscor\n|-singleturn|p1a: Gliscor|Protect\n|move|p2a: Forretress|Gyro Ball|p1a: Gliscor\n|-activate|p1a: Gliscor|move: Protect\n|\n|-heal|p1a: Gliscor|51\/100 tox|[from] ability: Poison Heal\n|upkeep\n|turn|27\n|c|\u2606swagmaMale|I cant outpace the heals\n|c|\u2606swagmaMale|its over\n|c|\u2606swagmaMale|gg\n|-message|swagmaMale forfeited.\n|\n|win|mushroomtester\n|c|\u2606mushroomtester|Ggs\n","uploadtime":1700780603,"views":3,"p1id":"mushroomtester","p2id":"swagmamale","formatid":"gen9nationaldex","rating":0,"private":0,"password":""}