{"id":"gen9nationaldex-1997500282","p1":"ZachPlay","p2":"lotus2233","format":"[Gen 9] National Dex","log":"|html|<div class=\"broadcast-blue\"><strong>[Gen 9] National Dex is currently suspecting Sneasler! For information on how to participate check out the <a href=\"https:\/\/www.smogon.com\/forums\/threads\/sv-national-dex-suspect-8-just-dance.3731534\/\">suspect thread<\/a>.<\/strong><\/div>\n|j|\u2606ZachPlay\n|j|\u2606lotus2233\n|t:|1700816087\n|gametype|singles\n|player|p1|ZachPlay|ginchiyo-conquest|1137\n|player|p2|lotus2233|li|1188\n|teamsize|p1|6\n|teamsize|p2|6\n|gen|9\n|tier|[Gen 9] National Dex\n|rated|\n|rule|HP Percentage Mod: HP is shown in percentages\n|rule|Endless Battle Clause: Forcing endless battles is banned\n|rule|OHKO Clause: OHKO moves are banned\n|rule|Evasion Clause: Evasion abilities, items, and moves are banned\n|rule|Evasion Abilities Clause: Evasion abilities are banned\n|rule|Evasion Items Clause: Evasion items are banned\n|rule|Evasion Moves Clause: Evasion moves are banned\n|rule|Species Clause: Limit one of each Pok\u00e9mon\n|rule|Sleep Clause Mod: Limit one foe put to sleep\n|clearpoke\n|poke|p1|Tapu Koko|\n|poke|p1|Ogerpon-Wellspring, F|\n|poke|p1|Froslass, F|\n|poke|p1|Charizard, M|\n|poke|p1|Iron Valiant|\n|poke|p1|Archeops, M|\n|poke|p2|Ribombee, F|\n|poke|p2|Serperior, M|\n|poke|p2|Landorus-Therian, M|\n|poke|p2|Urshifu-*, F|\n|poke|p2|Iron Valiant|\n|poke|p2|Heatran, F|\n|teampreview\n|\n|t:|1700816100\n|start\n|switch|p1a: Archeops|Archeops, M|100\/100\n|switch|p2a: Ribombee|Ribombee, F|100\/100\n|turn|1\n|\n|t:|1700816109\n|move|p2a: Ribombee|Stun Spore|p1a: Archeops|[miss]\n|-miss|p2a: Ribombee|p1a: Archeops\n|move|p1a: Archeops|Dual Wingbeat|p2a: Ribombee\n|-supereffective|p2a: Ribombee\n|-crit|p2a: Ribombee\n|-enditem|p2a: Ribombee|Focus Sash\n|-damage|p2a: Ribombee|1\/100\n|-supereffective|p2a: Ribombee\n|-damage|p2a: Ribombee|0 fnt\n|faint|p2a: Ribombee\n|-hitcount|p2: Ribombee|2\n|\n|upkeep\n|\n|t:|1700816127\n|switch|p2a: Urshifu|Urshifu-Rapid-Strike, F|100\/100\n|turn|2\n|\n|t:|1700816137\n|switch|p1a: Ogerpon|Ogerpon-Wellspring, F|100\/100\n|-terastallize|p2a: Urshifu|Water\n|move|p2a: Urshifu|Swords Dance|p2a: Urshifu\n|-boost|p2a: Urshifu|atk|2\n|\n|upkeep\n|turn|3\n|\n|t:|1700816151\n|move|p1a: Ogerpon|Horn Leech|p2a: Urshifu\n|-supereffective|p2a: Urshifu\n|-damage|p2a: Urshifu|16\/100\n|move|p2a: Urshifu|Close Combat|p1a: Ogerpon\n|-damage|p1a: Ogerpon|0 fnt\n|-unboost|p2a: Urshifu|def|1\n|-unboost|p2a: Urshifu|spd|1\n|faint|p1a: Ogerpon\n|\n|upkeep\n|\n|t:|1700816162\n|switch|p1a: Froslass|Froslass, F|100\/100\n|turn|4\n|\n|t:|1700816167\n|move|p2a: Urshifu|Aqua Jet|p1a: Froslass\n|-damage|p1a: Froslass|5\/100\n|-start|p2a: Urshifu|Disable|Aqua Jet|[from] ability: Cursed Body|[of] p1a: Froslass\n|move|p1a: Froslass|Spikes|p2a: Urshifu\n|-sidestart|p2: lotus2233|Spikes\n|\n|upkeep\n|turn|5\n|\n|t:|1700816178\n|move|p1a: Froslass|Spikes|p2a: Urshifu\n|-sidestart|p2: lotus2233|Spikes\n|move|p2a: Urshifu|Surging Strikes|p1a: Froslass\n|-crit|p1a: Froslass\n|-damage|p1a: Froslass|0 fnt\n|faint|p1a: Froslass\n|-hitcount|p1: Froslass|1\n|\n|upkeep\n|\n|t:|1700816187\n|switch|p1a: Tapu Koko|Tapu Koko|100\/100\n|-fieldstart|move: Electric Terrain|[from] ability: Electric Surge|[of] p1a: Tapu Koko\n|turn|6\n|\n|t:|1700816194\n|move|p1a: Tapu Koko|Dazzling Gleam|p2a: Urshifu\n|-damage|p2a: Urshifu|0 fnt\n|faint|p2a: Urshifu\n|\n|upkeep\n|\n|t:|1700816200\n|switch|p2a: Landorus|Landorus-Therian, M|100\/100\n|-ability|p2a: Landorus|Intimidate|boost\n|-unboost|p1a: Tapu Koko|atk|1\n|turn|7\n|\n|t:|1700816204\n|switch|p1a: Archeops|Archeops, M|100\/100\n|move|p2a: Landorus|Defog|p1a: Archeops\n|-unboost|p1a: Archeops|evasion|1\n|-sideend|p2: lotus2233|Spikes|[from] move: Defog|[of] p2a: Landorus\n|-fieldend|move: Electric Terrain\n|\n|upkeep\n|turn|8\n|\n|t:|1700816224\n|move|p1a: Archeops|Hone Claws|p1a: Archeops\n|-boost|p1a: Archeops|atk|1\n|-boost|p1a: Archeops|accuracy|1\n|move|p2a: Landorus|Knock Off|p1a: Archeops\n|-damage|p1a: Archeops|45\/100\n|-enditem|p1a: Archeops|Loaded Dice|[from] move: Knock Off|[of] p2a: Landorus\n|\n|upkeep\n|turn|9\n|inactive|Battle timer is ON: inactive players will automatically lose when time's up. (requested by ZachPlay)\n|\n|t:|1700816234\n|move|p1a: Archeops|Roost|p1a: Archeops\n|-heal|p1a: Archeops|95\/100\n|-singleturn|p1a: Archeops|move: Roost\n|move|p2a: Landorus|U-turn|p1a: Archeops\n|-damage|p1a: Archeops|60\/100\n|\n|t:|1700816241\n|switch|p2a: Iron Valiant|Iron Valiant|100\/100|[from] U-turn\n|-enditem|p2a: Iron Valiant|Booster Energy\n|-activate|p2a: Iron Valiant|ability: Quark Drive|[fromitem]\n|-start|p2a: Iron Valiant|quarkdrivespe\n|\n|upkeep\n|turn|10\n|\n|t:|1700816251\n|move|p2a: Iron Valiant|Moonblast|p1a: Archeops\n|-damage|p1a: Archeops|0 fnt\n|faint|p1a: Archeops\n|\n|upkeep\n|\n|t:|1700816255\n|switch|p1a: Charizard|Charizard, M|100\/100\n|turn|11\n|\n|t:|1700816269\n|detailschange|p1a: Charizard|Charizard-Mega-X, M\n|-mega|p1a: Charizard|Charizard|Charizardite X\n|move|p2a: Iron Valiant|Moonblast|p1a: Charizard\n|-crit|p1a: Charizard\n|-damage|p1a: Charizard|10\/100\n|move|p1a: Charizard|Flare Blitz|p2a: Iron Valiant\n|-damage|p2a: Iron Valiant|0 fnt\n|faint|p2a: Iron Valiant\n|-end|p2a: Iron Valiant|Quark Drive|[silent]\n|-damage|p1a: Charizard|0 fnt|[from] Recoil\n|faint|p1a: Charizard\n|\n|upkeep\n|\n|t:|1700816289\n|switch|p2a: Landorus|Landorus-Therian, M|100\/100\n|switch|p1a: Tapu Koko|Tapu Koko|100\/100\n|-fieldstart|move: Electric Terrain|[from] ability: Electric Surge|[of] p1a: Tapu Koko\n|-ability|p2a: Landorus|Intimidate|boost\n|-unboost|p1a: Tapu Koko|atk|1\n|turn|12\n|\n|t:|1700816296\n|move|p1a: Tapu Koko|Hidden Power|p2a: Landorus\n|-supereffective|p2a: Landorus\n|-crit|p2a: Landorus\n|-damage|p2a: Landorus|0 fnt\n|faint|p2a: Landorus\n|\n|upkeep\n|\n|t:|1700816303\n|switch|p2a: Heatran|Heatran, F|100\/100\n|turn|13\n|\n|t:|1700816310\n|switch|p1a: Iron Valiant|Iron Valiant|100\/100\n|-activate|p1a: Iron Valiant|ability: Quark Drive\n|-start|p1a: Iron Valiant|quarkdrivespe\n|move|p2a: Heatran|Magma Storm|p1a: Iron Valiant|[miss]\n|-miss|p2a: Heatran|p1a: Iron Valiant\n|\n|upkeep\n|turn|14\n|\n|t:|1700816318\n|move|p1a: Iron Valiant|Close Combat|p2a: Heatran\n|-supereffective|p2a: Heatran\n|-damage|p2a: Heatran|7\/100\n|-unboost|p1a: Iron Valiant|def|1\n|-unboost|p1a: Iron Valiant|spd|1\n|move|p2a: Heatran|Magma Storm|p1a: Iron Valiant\n|-damage|p1a: Iron Valiant|0 fnt\n|faint|p1a: Iron Valiant\n|-end|p1a: Iron Valiant|Quark Drive|[silent]\n|\n|-heal|p2a: Heatran|13\/100|[from] item: Leftovers\n|upkeep\n|\n|t:|1700816323\n|switch|p1a: Tapu Koko|Tapu Koko|100\/100\n|turn|15\n|\n|t:|1700816333\n|move|p1a: Tapu Koko|Thunderbolt|p2a: Heatran\n|-damage|p2a: Heatran|0 fnt\n|faint|p2a: Heatran\n|\n|upkeep\n|\n|t:|1700816339\n|switch|p2a: Serperior|Serperior, M|100\/100\n|turn|16\n|\n|t:|1700816345\n|-terastallize|p1a: Tapu Koko|Electric\n|move|p1a: Tapu Koko|Thunderbolt|p2a: Serperior\n|-resisted|p2a: Serperior\n|-damage|p2a: Serperior|36\/100\n|move|p2a: Serperior|Leaf Storm|p1a: Tapu Koko\n|-damage|p1a: Tapu Koko|32\/100\n|-boost|p2a: Serperior|spa|2\n|\n|-heal|p2a: Serperior|42\/100|[from] item: Leftovers\n|-fieldend|move: Electric Terrain\n|upkeep\n|turn|17\n|\n|t:|1700816364\n|move|p1a: Tapu Koko|Thunderbolt|p2a: Serperior\n|-resisted|p2a: Serperior\n|-damage|p2a: Serperior|0 fnt\n|faint|p2a: Serperior\n|\n|win|ZachPlay\n|raw|ZachPlay's rating: 1137 &rarr; <strong>1166<\/strong><br \/>(+29 for winning)\n|raw|lotus2233's rating: 1188 &rarr; <strong>1159<\/strong><br \/>(-29 for losing)\n","uploadtime":1700816372,"views":4,"p1id":"zachplay","p2id":"lotus2233","formatid":"gen9nationaldex","rating":1159,"private":0,"password":""}