{"id":"gen9nationaldex-1991510679","p1":"slimyswag","p2":"Tank Tests","format":"[Gen 9] National Dex","log":"|j|\u2606slimyswag\n|j|\u2606Tank Tests\n|t:|1700083586\n|gametype|singles\n|player|p1|slimyswag|harlequin|1268\n|player|p2|Tank Tests|2|1363\n|teamsize|p1|6\n|teamsize|p2|6\n|gen|9\n|tier|[Gen 9] National Dex\n|rated|\n|rule|HP Percentage Mod: HP is shown in percentages\n|rule|Endless Battle Clause: Forcing endless battles is banned\n|rule|OHKO Clause: OHKO moves are banned\n|rule|Evasion Clause: Evasion abilities, items, and moves are banned\n|rule|Evasion Abilities Clause: Evasion abilities are banned\n|rule|Evasion Items Clause: Evasion items are banned\n|rule|Evasion Moves Clause: Evasion moves are banned\n|rule|Species Clause: Limit one of each Pok\u00e9mon\n|rule|Sleep Clause Mod: Limit one foe put to sleep\n|clearpoke\n|poke|p1|Slowbro, M|\n|poke|p1|Torterra, F|\n|poke|p1|Galvantula, M|\n|poke|p1|Infernape, M|\n|poke|p1|Noivern, F|\n|poke|p1|Aggron, M|\n|poke|p2|Pawmot, F|\n|poke|p2|Rabsca, M|\n|poke|p2|Banette, M|\n|poke|p2|Victini|\n|poke|p2|Dragonite, F|\n|poke|p2|Forretress, M|\n|teampreview\n|inactive|Battle timer is ON: inactive players will automatically lose when time's up. (requested by slimyswag)\n|\n|t:|1700083596\n|start\n|switch|p1a: Smol Enemy Spider|Galvantula, M|100\/100\n|switch|p2a: Dragonite|Dragonite, F|100\/100\n|turn|1\n|\n|t:|1700083600\n|move|p1a: Smol Enemy Spider|Thunder Wave|p2a: Dragonite\n|-status|p2a: Dragonite|par\n|move|p2a: Dragonite|Dragon Dance|p2a: Dragonite\n|-boost|p2a: Dragonite|atk|1\n|-boost|p2a: Dragonite|spe|1\n|\n|upkeep\n|turn|2\n|\n|t:|1700083605\n|move|p2a: Dragonite|Extreme Speed|p1a: Smol Enemy Spider\n|-damage|p1a: Smol Enemy Spider|11\/100\n|move|p1a: Smol Enemy Spider|Thunder|p2a: Dragonite\n|-damage|p2a: Dragonite|76\/100 par\n|\n|upkeep\n|turn|3\n|\n|t:|1700083620\n|switch|p1a: :D|Slowbro, M|100\/100\n|move|p2a: Dragonite|Earthquake|p1a: :D\n|-damage|p1a: :D|62\/100\n|\n|-heal|p1a: :D|69\/100|[from] item: Leftovers\n|upkeep\n|turn|4\n|\n|t:|1700083624\n|cant|p2a: Dragonite|par\n|move|p1a: :D|Future Sight|p2a: Dragonite\n|-start|p1a: :D|move: Future Sight\n|\n|-heal|p1a: :D|75\/100|[from] item: Leftovers\n|upkeep\n|turn|5\n|\n|t:|1700083627\n|move|p2a: Dragonite|Dragon Claw|p1a: :D\n|-damage|p1a: :D|24\/100\n|move|p1a: :D|Teleport|p1a: :D\n|\n|t:|1700083634\n|switch|p1a: Drop a Draco|Noivern, F|100\/100|[from] Teleport\n|\n|upkeep\n|turn|6\n|\n|t:|1700083640\n|-terastallize|p2a: Dragonite|Normal\n|move|p2a: Dragonite|Extreme Speed|p1a: Drop a Draco\n|-damage|p1a: Drop a Draco|10\/100\n|move|p1a: Drop a Draco|Draco Meteor|p2a: Dragonite\n|-damage|p2a: Dragonite|0 fnt\n|-unboost|p1a: Drop a Draco|spa|2\n|faint|p2a: Dragonite\n|\n|-hint|Future Sight did not hit because the target is fainted.\n|upkeep\n|\n|t:|1700083650\n|switch|p2a: Rabsca|Rabsca, M|100\/100\n|turn|7\n|\n|t:|1700083657\n|switch|p1a: Smol Enemy Spider|Galvantula, M|11\/100\n|move|p2a: Rabsca|Revival Blessing|p2a: Rabsca\n|-enditem|p2a: Rabsca|Leppa Berry|[eat]\n|-activate|p2a: Rabsca|item: Leppa Berry|Revival Blessing|[consumed]\n|\n|t:|1700083659\n|-heal|p2: Dragonite|50\/100|[from] move: Revival Blessing\n|\n|upkeep\n|turn|8\n|\n|t:|1700083670\n|switch|p2a: Dragonite|Dragonite, F|50\/100\n|move|p1a: Smol Enemy Spider|Sticky Web|p2a: Dragonite\n|-sidestart|p2: Tank Tests|move: Sticky Web\n|\n|upkeep\n|turn|9\n|\n|t:|1700083673\n|move|p2a: Dragonite|Extreme Speed|p1a: Smol Enemy Spider\n|-damage|p1a: Smol Enemy Spider|0 fnt\n|faint|p1a: Smol Enemy Spider\n|\n|upkeep\n|\n|t:|1700083679\n|switch|p1a: Tortellini|Torterra, F|100\/100\n|turn|10\n|\n|t:|1700083686\n|switch|p2a: Forretress|Forretress, M|100\/100\n|move|p1a: Tortellini|Rock Blast|p2a: Forretress\n|-damage|p2a: Forretress|94\/100\n|-damage|p2a: Forretress|88\/100\n|-damage|p2a: Forretress|82\/100\n|-damage|p2a: Forretress|76\/100\n|-hitcount|p2a: Forretress|4\n|\n|upkeep\n|turn|11\n|\n|t:|1700083693\n|switch|p1a: Monk|Infernape, M|100\/100\n|move|p2a: Forretress|Rapid Spin|p1a: Monk\n|-damage|p1a: Monk|91\/100\n|-boost|p2a: Forretress|spe|1\n|-sideend|p2: Tank Tests|Sticky Web|[from] move: Rapid Spin|[of] p2a: Forretress\n|\n|-heal|p1a: Monk|97\/100|[from] item: Leftovers\n|upkeep\n|turn|12\n|\n|t:|1700083708\n|switch|p2a: Dragonite|Dragonite, F|50\/100\n|move|p1a: Monk|Fire Punch|p2a: Dragonite\n|-resisted|p2a: Dragonite\n|-damage|p2a: Dragonite|32\/100\n|\n|-heal|p1a: Monk|100\/100|[from] item: Leftovers\n|upkeep\n|turn|13\n|\n|t:|1700083714\n|move|p2a: Dragonite|Extreme Speed|p1a: Monk\n|-damage|p1a: Monk|74\/100\n|move|p1a: Monk|Fire Punch|p2a: Dragonite\n|-resisted|p2a: Dragonite\n|-damage|p2a: Dragonite|14\/100\n|\n|-heal|p1a: Monk|81\/100|[from] item: Leftovers\n|upkeep\n|turn|14\n|\n|t:|1700083738\n|move|p2a: Dragonite|Extreme Speed|p1a: Monk\n|-damage|p1a: Monk|52\/100\n|move|p1a: Monk|Fire Punch|p2a: Dragonite\n|-resisted|p2a: Dragonite\n|-damage|p2a: Dragonite|0 fnt\n|faint|p2a: Dragonite\n|\n|-heal|p1a: Monk|58\/100|[from] item: Leftovers\n|upkeep\n|\n|t:|1700083743\n|switch|p2a: Victini|Victini|100\/100\n|turn|15\n|\n|t:|1700083757\n|switch|p1a: :D|Slowbro, M|57\/100\n|move|p2a: Victini|Zen Headbutt|p1a: :D\n|-resisted|p1a: :D\n|-damage|p1a: :D|44\/100\n|\n|-heal|p1a: :D|50\/100|[from] item: Leftovers\n|upkeep\n|turn|16\n|\n|t:|1700083764\n|switch|p2a: Rabsca|Rabsca, M|100\/100\n|move|p1a: :D|Scald|p2a: Rabsca\n|-damage|p2a: Rabsca|76\/100\n|\n|-heal|p1a: :D|56\/100|[from] item: Leftovers\n|upkeep\n|turn|17\n|\n|t:|1700083793\n|move|p2a: Rabsca|Revival Blessing|p2a: Rabsca\n|\n|t:|1700083795\n|-heal|p2: Dragonite|50\/100|[from] move: Revival Blessing\n|move|p1a: :D|Scald|p2a: Rabsca\n|-damage|p2a: Rabsca|52\/100\n|\n|-heal|p1a: :D|62\/100|[from] item: Leftovers\n|upkeep\n|turn|18\n|\n|t:|1700083801\n|move|p2a: Rabsca|Bug Buzz|p1a: :D\n|-supereffective|p1a: :D\n|-damage|p1a: :D|6\/100\n|move|p1a: :D|Future Sight|p2a: Rabsca\n|-start|p1a: :D|move: Future Sight\n|\n|-heal|p1a: :D|12\/100|[from] item: Leftovers\n|upkeep\n|turn|19\n|\n|t:|1700083805\n|switch|p1a: Monk|Infernape, M|58\/100\n|move|p2a: Rabsca|Bug Buzz|p1a: Monk\n|-resisted|p1a: Monk\n|-damage|p1a: Monk|47\/100\n|\n|-heal|p1a: Monk|53\/100|[from] item: Leftovers\n|upkeep\n|turn|20\n|\n|t:|1700083809\n|move|p1a: Monk|Fire Punch|p2a: Rabsca\n|-supereffective|p2a: Rabsca\n|-damage|p2a: Rabsca|0 fnt\n|faint|p2a: Rabsca\n|\n|-hint|Future Sight did not hit because the target is fainted.\n|-heal|p1a: Monk|59\/100|[from] item: Leftovers\n|upkeep\n|\n|t:|1700083815\n|switch|p2a: Dragonite|Dragonite, F|50\/100\n|turn|21\n|\n|t:|1700083819\n|move|p2a: Dragonite|Dragon Dance|p2a: Dragonite\n|-boost|p2a: Dragonite|atk|1\n|-boost|p2a: Dragonite|spe|1\n|move|p1a: Monk|Bulk Up|p1a: Monk\n|-boost|p1a: Monk|atk|1\n|-boost|p1a: Monk|def|1\n|\n|-heal|p1a: Monk|66\/100|[from] item: Leftovers\n|upkeep\n|turn|22\n|\n|t:|1700083822\n|move|p2a: Dragonite|Earthquake|p1a: Monk\n|-supereffective|p1a: Monk\n|-damage|p1a: Monk|0 fnt\n|faint|p1a: Monk\n|\n|upkeep\n|\n|t:|1700083832\n|switch|p1a: My boy|Aggron, M|100\/100\n|turn|23\n|\n|t:|1700083836\n|move|p2a: Dragonite|Earthquake|p1a: My boy\n|-supereffective|p1a: My boy\n|-ability|p1a: My boy|Sturdy\n|-damage|p1a: My boy|1\/100\n|move|p1a: My boy|Metal Burst|p2a: Dragonite\n|-damage|p2a: Dragonite|0 fnt\n|faint|p2a: Dragonite\n|\n|upkeep\n|\n|t:|1700083845\n|switch|p2a: Forretress|Forretress, M|76\/100\n|turn|24\n|\n|t:|1700083849\n|switch|p1a: :D|Slowbro, M|45\/100\n|move|p2a: Forretress|Stealth Rock|p1a: :D\n|-sidestart|p1: slimyswag|move: Stealth Rock\n|\n|-heal|p1a: :D|52\/100|[from] item: Leftovers\n|upkeep\n|turn|25\n|\n|t:|1700083855\n|switch|p1a: My boy|Aggron, M|1\/100\n|-damage|p1a: My boy|0 fnt|[from] Stealth Rock\n|faint|p1a: My boy\n|move|p2a: Forretress|Thunder Wave|p1: My boy|[notarget]\n|-fail|p2a: Forretress\n|\n|upkeep\n|\n|t:|1700083858\n|switch|p1a: Tortellini|Torterra, F|100\/100\n|-damage|p1a: Tortellini|94\/100|[from] Stealth Rock\n|turn|26\n|\n|t:|1700083861\n|move|p1a: Tortellini|Shell Smash|p1a: Tortellini\n|-unboost|p1a: Tortellini|def|1\n|-unboost|p1a: Tortellini|spd|1\n|-boost|p1a: Tortellini|atk|2\n|-boost|p1a: Tortellini|spa|2\n|-boost|p1a: Tortellini|spe|2\n|move|p2a: Forretress|Explosion|p1a: Tortellini\n|-damage|p1a: Tortellini|19\/100\n|faint|p2a: Forretress\n|\n|upkeep\n|\n|t:|1700083874\n|switch|p2a: Banette|Banette, M|100\/100\n|turn|27\n|\n|t:|1700083879\n|detailschange|p2a: Banette|Banette-Mega, M\n|-mega|p2a: Banette|Banette|Banettite\n|move|p2a: Banette|Encore|p1a: Tortellini\n|-start|p1a: Tortellini|Encore\n|move|p1a: Tortellini|Shell Smash|p1a: Tortellini\n|-unboost|p1a: Tortellini|def|1\n|-unboost|p1a: Tortellini|spd|1\n|-boost|p1a: Tortellini|atk|2\n|-boost|p1a: Tortellini|spa|2\n|-boost|p1a: Tortellini|spe|2\n|\n|upkeep\n|turn|28\n|\n|t:|1700083884\n|move|p2a: Banette|Taunt|p1a: Tortellini\n|-start|p1a: Tortellini|move: Taunt\n|cant|p1a: Tortellini|move: Taunt|Shell Smash\n|\n|upkeep\n|turn|29\n|\n|t:|1700083893\n|switch|p2a: Victini|Victini|100\/100\n|-activate|p1a: Tortellini|move: Struggle\n|move|p1a: Tortellini|Struggle|p2a: Victini\n|-damage|p2a: Victini|47\/100\n|-damage|p1a: Tortellini|0 fnt|[from] recoil\n|faint|p1a: Tortellini\n|\n|upkeep\n|\n|t:|1700083899\n|switch|p1a: :D|Slowbro, M|85\/100\n|-damage|p1a: :D|72\/100|[from] Stealth Rock\n|turn|30\n|\n|t:|1700083902\n|move|p2a: Victini|Bolt Strike|p1a: :D\n|-supereffective|p1a: :D\n|-damage|p1a: :D|24\/100\n|move|p1a: :D|Scald|p2a: Victini\n|-supereffective|p2a: Victini\n|-damage|p2a: Victini|0 fnt\n|faint|p2a: Victini\n|\n|-heal|p1a: :D|30\/100|[from] item: Leftovers\n|upkeep\n|\n|t:|1700083906\n|switch|p2a: Pawmot|Pawmot, F|100\/100\n|turn|31\n|\n|t:|1700083910\n|switch|p1a: Drop a Draco|Noivern, F|10\/100\n|-damage|p1a: Drop a Draco|0 fnt|[from] Stealth Rock\n|faint|p1a: Drop a Draco\n|move|p2a: Pawmot|Thunder Wave|p1: Drop a Draco|[notarget]\n|-fail|p2a: Pawmot\n|\n|upkeep\n|\n|t:|1700083912\n|switch|p1a: :D|Slowbro, M|63\/100\n|-damage|p1a: :D|51\/100|[from] Stealth Rock\n|turn|32\n|\n|t:|1700083918\n|-terastallize|p1a: :D|Dragon\n|move|p2a: Pawmot|Revival Blessing|p2a: Pawmot\n|-enditem|p2a: Pawmot|Leppa Berry|[eat]\n|-activate|p2a: Pawmot|item: Leppa Berry|Revival Blessing|[consumed]\n|\n|t:|1700083924\n|-heal|p2: Victini|50\/100|[from] move: Revival Blessing\n|move|p1a: :D|Future Sight|p2a: Pawmot\n|-start|p1a: :D|move: Future Sight\n|\n|-heal|p1a: :D|57\/100|[from] item: Leftovers\n|upkeep\n|turn|33\n|-message|slimyswag forfeited.\n|\n|win|Tank Tests\n|raw|slimyswag's rating: 1268 &rarr; <strong>1250<\/strong><br \/>(-18 for losing)\n|raw|Tank Tests's rating: 1363 &rarr; <strong>1378<\/strong><br \/>(+15 for winning)\n|l|\u2606slimyswag\n","uploadtime":1700083931,"views":11,"p1id":"slimyswag","p2id":"tanktests","formatid":"gen9nationaldex","rating":1250,"private":0,"password":""}