{"id":"gen9nationaldex-1995207974","p1":"BigMeal","p2":"punto beast","format":"[Gen 9] National Dex","log":"|html|<div class=\"broadcast-blue\"><strong>[Gen 9] National Dex is currently suspecting Sneasler! For information on how to participate check out the <a href=\"https:\/\/www.smogon.com\/forums\/threads\/sv-national-dex-suspect-8-just-dance.3731534\/\">suspect thread<\/a>.<\/strong><\/div>\n|j|\u2606BigMeal\n|j|\u2606punto beast\n|t:|1700534737\n|gametype|singles\n|player|p1|BigMeal|101|\n|player|p2|punto beast|1|\n|teamsize|p1|6\n|teamsize|p2|6\n|gen|9\n|tier|[Gen 9] National Dex\n|rule|HP Percentage Mod: HP is shown in percentages\n|rule|Endless Battle Clause: Forcing endless battles is banned\n|rule|OHKO Clause: OHKO moves are banned\n|rule|Evasion Clause: Evasion abilities, items, and moves are banned\n|rule|Evasion Abilities Clause: Evasion abilities are banned\n|rule|Evasion Items Clause: Evasion items are banned\n|rule|Evasion Moves Clause: Evasion moves are banned\n|rule|Species Clause: Limit one of each Pok\u00e9mon\n|rule|Sleep Clause Mod: Limit one foe put to sleep\n|clearpoke\n|poke|p1|Hippowdon, F|\n|poke|p1|Chandelure, M|\n|poke|p1|Dracozolt|\n|poke|p1|Sharpedo, F|\n|poke|p1|Kommo-o, F|\n|poke|p1|Excadrill, F|\n|poke|p2|Altaria, M|\n|poke|p2|Volcarona, F|\n|poke|p2|Dragonite, M|\n|poke|p2|Quaquaval, F|\n|poke|p2|Araquanid, F|\n|poke|p2|Conkeldurr, F|\n|teampreview\n|j| fllaffy265\n|l| fllaffy265\n|j| fllaffy265\n|\n|t:|1700534792\n|start\n|switch|p1a: Hippowdad|Chandelure, M|100\/100\n|switch|p2a: Araquanid|Araquanid, F|100\/100\n|turn|1\n|j| Matts Mommy\n|l| fllaffy265\n|\n|t:|1700534898\n|switch|p1a: Hippowdohn|Excadrill, F|100\/100\n|move|p2a: Araquanid|Sticky Web|p1a: Hippowdohn\n|-sidestart|p1: BigMeal|move: Sticky Web\n|\n|upkeep\n|turn|2\n|j| fllaffy265\n|\n|t:|1700534935\n|move|p1a: Hippowdohn|Rapid Spin|p2a: Araquanid\n|-damage|p2a: Araquanid|80\/100\n|-boost|p1a: Hippowdohn|spe|1\n|-sideend|p1: BigMeal|Sticky Web|[from] move: Rapid Spin|[of] p1a: Hippowdohn\n|move|p2a: Araquanid|Liquidation|p1a: Hippowdohn\n|-supereffective|p1a: Hippowdohn\n|-crit|p1a: Hippowdohn\n|-enditem|p1a: Hippowdohn|Focus Sash\n|-damage|p1a: Hippowdohn|1\/100\n|\n|upkeep\n|turn|3\n|l| fllaffy265\n|j| fllaffy265\n|\n|t:|1700535066\n|switch|p1a: Hippowdoom|Dracozolt|100\/100\n|switch|p2a: Quaquaval|Quaquaval, F|100\/100\n|\n|upkeep\n|turn|4\n|\n|t:|1700535174\n|move|p2a: Quaquaval|Close Combat|p1a: Hippowdoom\n|-damage|p1a: Hippowdoom|34\/100\n|-unboost|p2a: Quaquaval|def|1\n|-unboost|p2a: Quaquaval|spd|1\n|move|p1a: Hippowdoom|Bolt Beak|p2a: Quaquaval\n|-supereffective|p2a: Quaquaval\n|-damage|p2a: Quaquaval|0 fnt\n|faint|p2a: Quaquaval\n|-damage|p1a: Hippowdoom|24\/100|[from] item: Life Orb\n|\n|upkeep\n|l| fllaffy265\n|j| Joepells1608\n|l| Matts Mommy\n|j| fllaffy265\n|j| Matts Mommy\n|\n|t:|1700535268\n|switch|p2a: Dragonite|Dragonite, M|100\/100\n|turn|5\n|j| Schiroj11\n|\n|t:|1700535329\n|switch|p1a: GOD|Hippowdon, F|100\/100\n|-weather|Sandstorm|[from] ability: Sand Stream|[of] p1a: GOD\n|move|p2a: Dragonite|Dragon Dance|p2a: Dragonite\n|-boost|p2a: Dragonite|atk|1\n|-boost|p2a: Dragonite|spe|1\n|\n|-weather|Sandstorm|[upkeep]\n|-damage|p2a: Dragonite|94\/100|[from] Sandstorm\n|upkeep\n|turn|6\n|\n|t:|1700535342\n|move|p2a: Dragonite|Earthquake|p1a: GOD\n|-damage|p1a: GOD|65\/100\n|move|p1a: GOD|Whirlwind|p2a: Dragonite\n|drag|p2a: Conkeldurr|Conkeldurr, F|100\/100\n|\n|-weather|Sandstorm|[upkeep]\n|-damage|p2a: Conkeldurr|94\/100|[from] Sandstorm\n|-status|p2a: Conkeldurr|brn|[from] item: Flame Orb\n|upkeep\n|turn|7\n|l| Schiroj11\n|\n|t:|1700535442\n|move|p1a: GOD|Stealth Rock|p2a: Conkeldurr\n|-sidestart|p2: punto beast|move: Stealth Rock\n|move|p2a: Conkeldurr|Drain Punch|p1a: GOD\n|-damage|p1a: GOD|15\/100\n|-heal|p2a: Conkeldurr|100\/100 brn|[from] drain|[of] p1a: GOD\n|\n|-weather|Sandstorm|[upkeep]\n|-damage|p2a: Conkeldurr|94\/100 brn|[from] Sandstorm\n|-damage|p2a: Conkeldurr|88\/100 brn|[from] brn\n|upkeep\n|turn|8\n|\n|t:|1700535461\n|move|p1a: GOD|Slack Off|p1a: GOD\n|-heal|p1a: GOD|65\/100\n|move|p2a: Conkeldurr|Ice Punch|p1a: GOD\n|-supereffective|p1a: GOD\n|-damage|p1a: GOD|6\/100\n|\n|-weather|Sandstorm|[upkeep]\n|-damage|p2a: Conkeldurr|82\/100 brn|[from] Sandstorm\n|-damage|p2a: Conkeldurr|76\/100 brn|[from] brn\n|upkeep\n|turn|9\n|\n|t:|1700535484\n|move|p2a: Conkeldurr|Mach Punch|p1a: GOD\n|-damage|p1a: GOD|0 fnt\n|faint|p1a: GOD\n|\n|-weather|Sandstorm|[upkeep]\n|-damage|p2a: Conkeldurr|70\/100 brn|[from] Sandstorm\n|-damage|p2a: Conkeldurr|64\/100 brn|[from] brn\n|upkeep\n|\n|t:|1700535505\n|switch|p1a: Hippowdad|Chandelure, M|100\/100\n|turn|10\n|\n|t:|1700535516\n|switch|p2a: Altaria|Altaria, M|100\/100\n|-damage|p2a: Altaria|76\/100|[from] Stealth Rock\n|move|p1a: Hippowdad|Shadow Ball|p2a: Altaria\n|-damage|p2a: Altaria|16\/100\n|\n|-weather|Sandstorm|[upkeep]\n|-damage|p1a: Hippowdad|94\/100|[from] Sandstorm\n|-damage|p2a: Altaria|10\/100|[from] Sandstorm\n|upkeep\n|turn|11\n|l| fllaffy265\n|j| fllaffy265\n|\n|t:|1700535541\n|detailschange|p2a: Altaria|Altaria-Mega, M\n|-mega|p2a: Altaria|Altaria|Altarianite\n|move|p1a: Hippowdad|Shadow Ball|p2a: Altaria\n|-damage|p2a: Altaria|0 fnt\n|faint|p2a: Altaria\n|\n|-weather|Sandstorm|[upkeep]\n|-damage|p1a: Hippowdad|88\/100|[from] Sandstorm\n|upkeep\n|j| Schiroj11\n|l| Schiroj11\n|l| fllaffy265\n|j| fllaffy265\n|\n|t:|1700535670\n|switch|p2a: Dragonite|Dragonite, M|94\/100\n|turn|12\n|\n|t:|1700535748\n|switch|p1a: Hippowdohn|Excadrill, F|1\/100\n|move|p2a: Dragonite|Dragon Dance|p2a: Dragonite\n|-boost|p2a: Dragonite|atk|1\n|-boost|p2a: Dragonite|spe|1\n|\n|-weather|none\n|upkeep\n|turn|13\n|\n|t:|1700535766\n|move|p2a: Dragonite|Earthquake|p1a: Hippowdohn\n|-supereffective|p1a: Hippowdohn\n|-damage|p1a: Hippowdohn|0 fnt\n|faint|p1a: Hippowdohn\n|\n|upkeep\n|j| Schiroj11\n|\n|t:|1700535820\n|switch|p1a: Hippowdad|Chandelure, M|88\/100\n|turn|14\n|\n|t:|1700535867\n|-terastallize|p1a: Hippowdad|Ice\n|move|p2a: Dragonite|Outrage|p1a: Hippowdad\n|-damage|p1a: Hippowdad|0 fnt\n|faint|p1a: Hippowdad\n|\n|upkeep\n|\n|t:|1700535874\n|switch|p1a: Hippowdog|Sharpedo, F|100\/100\n|turn|15\n|l| Schiroj11\n|j| Schiroj11\n|c| Schiroj11|Big meal bettors are cashing rapidly\n|c|\u2606BigMeal|yup :\/\n|\n|t:|1700535925\n|move|p1a: Hippowdog|Protect|p1a: Hippowdog\n|-singleturn|p1a: Hippowdog|Protect\n|move|p2a: Dragonite|Outrage|p1a: Hippowdog|[from]lockedmove\n|-activate|p1a: Hippowdog|move: Protect\n|-start|p2a: Dragonite|confusion|[fatigue]\n|\n|-ability|p1a: Hippowdog|Speed Boost|boost\n|-boost|p1a: Hippowdog|spe|1\n|upkeep\n|turn|16\n|l| Schiroj11\n|j| Schiroj11\n|c| Schiroj11|Hippowdog made me giggle\n|c|\u2606BigMeal|I wanted to name them all hippowdon but it wouldn't let me\n|c|\u2606BigMeal|so I had to improvise\n|l| Matts Mommy\n|j| Matts Mommy\n|l| fllaffy265\n|l| Schiroj11\n|j| fllaffy265\n|\n|t:|1700536119\n|-terastallize|p2a: Dragonite|Fairy\n|move|p1a: Hippowdog|Psychic Fangs|p2a: Dragonite\n|-damage|p2a: Dragonite|61\/100\n|-activate|p2a: Dragonite|confusion\n|-damage|p2a: Dragonite|39\/100|[from] confusion\n|\n|-ability|p1a: Hippowdog|Speed Boost|boost\n|-boost|p1a: Hippowdog|spe|1\n|upkeep\n|turn|17\n|l| fllaffy265\n|j| fllaffy265\n|\n|t:|1700536168\n|detailschange|p1a: Hippowdog|Sharpedo-Mega, F\n|-mega|p1a: Hippowdog|Sharpedo|Sharpedonite\n|move|p1a: Hippowdog|Psychic Fangs|p2a: Dragonite\n|-damage|p2a: Dragonite|0 fnt\n|faint|p2a: Dragonite\n|\n|upkeep\n|\n|t:|1700536174\n|switch|p2a: Conkeldurr|Conkeldurr, F|64\/100 brn\n|-damage|p2a: Conkeldurr|58\/100 brn|[from] Stealth Rock\n|turn|18\n|\n|t:|1700536186\n|move|p1a: Hippowdog|Protect|p1a: Hippowdog\n|-singleturn|p1a: Hippowdog|Protect\n|move|p2a: Conkeldurr|Mach Punch|p1a: Hippowdog\n|-activate|p1a: Hippowdog|move: Protect\n|\n|-damage|p2a: Conkeldurr|52\/100 brn|[from] brn\n|upkeep\n|turn|19\n|l| Matts Mommy\n|j| Matts Mommy\n|\n|t:|1700536309\n|switch|p1a: Hippowdoom|Dracozolt|24\/100\n|move|p2a: Conkeldurr|Mach Punch|p1a: Hippowdoom\n|-crit|p1a: Hippowdoom\n|-damage|p1a: Hippowdoom|0 fnt\n|faint|p1a: Hippowdoom\n|\n|-damage|p2a: Conkeldurr|46\/100 brn|[from] brn\n|upkeep\n|\n|t:|1700536331\n|switch|p1a: Hippowdude|Kommo-o, F|100\/100\n|turn|20\n|l| fllaffy265\n|j| fllaffy265\n|\n|t:|1700536372\n|move|p2a: Conkeldurr|Mach Punch|p1a: Hippowdude\n|-damage|p1a: Hippowdude|64\/100\n|-zpower|p1a: Hippowdude\n|move|p1a: Hippowdude|Clangorous Soulblaze|p2a: Conkeldurr|[zeffect]\n|-crit|p2a: Conkeldurr\n|-damage|p2a: Conkeldurr|0 fnt\n|faint|p2a: Conkeldurr\n|-boost|p1a: Hippowdude|atk|1\n|-boost|p1a: Hippowdude|def|1\n|-boost|p1a: Hippowdude|spa|1\n|-boost|p1a: Hippowdude|spd|1\n|-boost|p1a: Hippowdude|spe|1\n|\n|upkeep\n|\n|t:|1700536390\n|switch|p2a: Araquanid|Araquanid, F|80\/100\n|-damage|p2a: Araquanid|55\/100|[from] Stealth Rock\n|turn|21\n|c|\u2606punto beast|gg\n|\n|t:|1700536441\n|move|p1a: Hippowdude|Clanging Scales|p2a: Araquanid\n|-damage|p2a: Araquanid|9\/100\n|-unboost|p1a: Hippowdude|def|1\n|move|p2a: Araquanid|Mirror Coat|p1a: Hippowdude\n|-damage|p1a: Hippowdude|0 fnt\n|faint|p1a: Hippowdude\n|\n|upkeep\n|c|\u2606BigMeal|wowzers\n|\n|t:|1700536452\n|switch|p1a: Hippowdog|Sharpedo-Mega, F|100\/100\n|turn|22\n|\n|t:|1700536491\n|move|p1a: Hippowdog|Crunch|p2a: Araquanid\n|-damage|p2a: Araquanid|0 fnt\n|faint|p2a: Araquanid\n|\n|upkeep\n|\n|t:|1700536494\n|switch|p2a: Volcarona|Volcarona, F|100\/100\n|turn|23\n|c|\u2606BigMeal|this is a roll\n|c|\u2606BigMeal|dude cmon lets go last turn\n|l| fllaffy265\n|j| fllaffy265\n|\n|t:|1700536678\n|move|p1a: Hippowdog|Flip Turn|p2a: Volcarona\n|-supereffective|p2a: Volcarona\n|-damage|p2a: Volcarona|0 fnt\n|faint|p2a: Volcarona\n|\n|win|BigMeal\n|c|\u2606BigMeal|gg\n|l|\u2606BigMeal\n|l| Matts Mommy\n|c|\u2606punto beast|how were u faster\n","uploadtime":1700536696,"views":3,"p1id":"bigmeal","p2id":"puntobeast","formatid":"gen9nationaldex","rating":0,"private":0,"password":""}