{"id":"gen9nationaldex-1997606189","p1":"636676q","p2":"FromRussiaWithLove","format":"[Gen 9] National Dex","log":"|html|<div class=\"broadcast-blue\"><strong>[Gen 9] National Dex is currently suspecting Sneasler! For information on how to participate check out the <a href=\"https:\/\/www.smogon.com\/forums\/threads\/sv-national-dex-suspect-8-just-dance.3731534\/\">suspect thread<\/a>.<\/strong><\/div>\n|j|\u2606636676q\n|j|\u2606FromRussiaWithLove\n|t:|1700832106\n|gametype|singles\n|player|p1|636676q|flannery|1163\n|player|p2|FromRussiaWithLove|swimmerf|1153\n|teamsize|p1|6\n|teamsize|p2|6\n|gen|9\n|tier|[Gen 9] National Dex\n|rated|\n|rule|HP Percentage Mod: HP is shown in percentages\n|rule|Endless Battle Clause: Forcing endless battles is banned\n|rule|OHKO Clause: OHKO moves are banned\n|rule|Evasion Clause: Evasion abilities, items, and moves are banned\n|rule|Evasion Abilities Clause: Evasion abilities are banned\n|rule|Evasion Items Clause: Evasion items are banned\n|rule|Evasion Moves Clause: Evasion moves are banned\n|rule|Species Clause: Limit one of each Pok\u00e9mon\n|rule|Sleep Clause Mod: Limit one foe put to sleep\n|clearpoke\n|poke|p1|Toxapex, F|\n|poke|p1|Gliscor, F|\n|poke|p1|Goodra-Hisui, M|\n|poke|p1|Ninetales-Alola, F|\n|poke|p1|Volcarona, M|\n|poke|p1|Lopunny, M|\n|poke|p2|Jirachi|\n|poke|p2|Grimmsnarl, M|\n|poke|p2|Absol, M|\n|poke|p2|Ninetales, M|\n|poke|p2|Quagsire, M|\n|poke|p2|Gourgeist-*, M|\n|teampreview\n|inactive|Battle timer is ON: inactive players will automatically lose when time's up. (requested by FromRussiaWithLove)\n|\n|t:|1700832115\n|start\n|switch|p1a: Gliscor|Gliscor, F|100\/100\n|switch|p2a: MARIACHI|Jirachi|100\/100\n|turn|1\n|\n|t:|1700832124\n|move|p2a: MARIACHI|Ancient Power|p1a: Gliscor\n|-damage|p1a: Gliscor|82\/100\n|-boost|p2a: MARIACHI|atk|1\n|-boost|p2a: MARIACHI|def|1\n|-boost|p2a: MARIACHI|spa|1\n|-boost|p2a: MARIACHI|spd|1\n|-boost|p2a: MARIACHI|spe|1\n|move|p1a: Gliscor|Earthquake|p2a: MARIACHI\n|-supereffective|p2a: MARIACHI\n|-damage|p2a: MARIACHI|40\/100\n|-enditem|p2a: MARIACHI|Weakness Policy\n|-boost|p2a: MARIACHI|atk|2|[from] item: Weakness Policy\n|-boost|p2a: MARIACHI|spa|2|[from] item: Weakness Policy\n|\n|-status|p1a: Gliscor|tox|[from] item: Toxic Orb\n|upkeep\n|turn|2\n|\n|t:|1700832143\n|move|p2a: MARIACHI|Stored Power|p1a: Gliscor\n|-damage|p1a: Gliscor|0 fnt\n|faint|p1a: Gliscor\n|\n|upkeep\n|\n|t:|1700832154\n|switch|p1a: Goodra|Goodra-Hisui, M|100\/100\n|turn|3\n|\n|t:|1700832160\n|move|p2a: MARIACHI|Drain Punch|p1a: Goodra\n|-supereffective|p1a: Goodra\n|-damage|p1a: Goodra|35\/100\n|-heal|p2a: MARIACHI|69\/100|[from] drain|[of] p1a: Goodra\n|move|p1a: Goodra|Dragon Tail|p2a: MARIACHI\n|-resisted|p2a: MARIACHI\n|-damage|p2a: MARIACHI|63\/100\n|drag|p2a: YETI|Grimmsnarl, M, shiny|100\/100\n|\n|-heal|p1a: Goodra|41\/100|[from] item: Leftovers\n|upkeep\n|turn|4\n|\n|t:|1700832176\n|move|p2a: YETI|Reflect|p2a: YETI\n|-sidestart|p2: FromRussiaWithLove|Reflect\n|move|p1a: Goodra|Flash Cannon|p2a: YETI\n|-supereffective|p2a: YETI\n|-damage|p2a: YETI|43\/100\n|\n|-heal|p1a: Goodra|47\/100|[from] item: Leftovers\n|upkeep\n|turn|5\n|\n|t:|1700832183\n|move|p2a: YETI|Light Screen|p2a: YETI\n|-sidestart|p2: FromRussiaWithLove|move: Light Screen\n|move|p1a: Goodra|Flash Cannon|p2a: YETI\n|-supereffective|p2a: YETI\n|-damage|p2a: YETI|15\/100\n|\n|-heal|p1a: Goodra|53\/100|[from] item: Leftovers\n|upkeep\n|turn|6\n|\n|t:|1700832196\n|move|p2a: YETI|Parting Shot|p1a: Goodra\n|-unboost|p1a: Goodra|atk|1\n|-unboost|p1a: Goodra|spa|1\n|\n|t:|1700832199\n|switch|p2a: NINE ASSES|Ninetales, M, shiny|100\/100|[from] Parting Shot\n|move|p1a: Goodra|Flash Cannon|p2a: NINE ASSES\n|-resisted|p2a: NINE ASSES\n|-damage|p2a: NINE ASSES|94\/100\n|\n|-heal|p1a: Goodra|59\/100|[from] item: Leftovers\n|upkeep\n|turn|7\n|\n|t:|1700832224\n|switch|p1a: Ninetales|Ninetales-Alola, F|100\/100\n|-weather|Snow|[from] ability: Snow Warning|[of] p1a: Ninetales\n|move|p2a: NINE ASSES|Flamethrower|p1a: Ninetales\n|-supereffective|p1a: Ninetales\n|-damage|p1a: Ninetales|0 fnt\n|faint|p1a: Ninetales\n|-damage|p2a: NINE ASSES|84\/100|[from] item: Life Orb\n|\n|-weather|Snow|[upkeep]\n|upkeep\n|inactive|636676q has 120 seconds left.\n|\n|t:|1700832239\n|switch|p1a: Volcarona|Volcarona, M|100\/100\n|turn|8\n|\n|t:|1700832248\n|move|p2a: NINE ASSES|Flamethrower|p1a: Volcarona\n|-damage|p1a: Volcarona|52\/100\n|-damage|p2a: NINE ASSES|75\/100|[from] item: Life Orb\n|move|p1a: Volcarona|Quiver Dance|p1a: Volcarona\n|-boost|p1a: Volcarona|spa|1\n|-boost|p1a: Volcarona|spd|1\n|-boost|p1a: Volcarona|spe|1\n|\n|-weather|Snow|[upkeep]\n|upkeep\n|turn|9\n|\n|t:|1700832257\n|move|p1a: Volcarona|Quiver Dance|p1a: Volcarona\n|-boost|p1a: Volcarona|spa|1\n|-boost|p1a: Volcarona|spd|1\n|-boost|p1a: Volcarona|spe|1\n|move|p2a: NINE ASSES|Flamethrower|p1a: Volcarona\n|-damage|p1a: Volcarona|27\/100\n|-damage|p2a: NINE ASSES|65\/100|[from] item: Life Orb\n|\n|-weather|Snow|[upkeep]\n|upkeep\n|turn|10\n|\n|t:|1700832274\n|move|p1a: Volcarona|Quiver Dance|p1a: Volcarona\n|-boost|p1a: Volcarona|spa|1\n|-boost|p1a: Volcarona|spd|1\n|-boost|p1a: Volcarona|spe|1\n|move|p2a: NINE ASSES|Flamethrower|p1a: Volcarona\n|-damage|p1a: Volcarona|7\/100\n|-damage|p2a: NINE ASSES|55\/100|[from] item: Life Orb\n|\n|-weather|Snow|[upkeep]\n|upkeep\n|turn|11\n|\n|t:|1700832284\n|move|p1a: Volcarona|Psychic|p2a: NINE ASSES\n|-damage|p2a: NINE ASSES|6\/100\n|move|p2a: NINE ASSES|Flamethrower|p1a: Volcarona\n|-damage|p1a: Volcarona|0 fnt\n|faint|p1a: Volcarona\n|-damage|p2a: NINE ASSES|0 fnt|[from] item: Life Orb\n|faint|p2a: NINE ASSES\n|\n|-weather|none\n|-sideend|p2: FromRussiaWithLove|Reflect\n|upkeep\n|\n|t:|1700832298\n|switch|p1a: Goodra|Goodra-Hisui, M|59\/100\n|switch|p2a: YETI|Grimmsnarl, M, shiny|15\/100\n|turn|12\n|\n|t:|1700832306\n|move|p2a: YETI|Reflect|p2a: YETI\n|-sidestart|p2: FromRussiaWithLove|Reflect\n|move|p1a: Goodra|Flash Cannon|p2a: YETI\n|-supereffective|p2a: YETI\n|-damage|p2a: YETI|0 fnt\n|faint|p2a: YETI\n|\n|-heal|p1a: Goodra|65\/100|[from] item: Leftovers\n|-sideend|p2: FromRussiaWithLove|move: Light Screen\n|upkeep\n|\n|t:|1700832315\n|switch|p2a: SCYTHE|Absol, M|100\/100\n|turn|13\n|\n|t:|1700832327\n|move|p2a: SCYTHE|Night Slash|p1a: Goodra\n|-damage|p1a: Goodra|33\/100\n|move|p1a: Goodra|Flash Cannon|p2a: SCYTHE\n|-damage|p2a: SCYTHE|46\/100\n|-unboost|p2a: SCYTHE|spd|1\n|\n|-heal|p1a: Goodra|39\/100|[from] item: Leftovers\n|upkeep\n|turn|14\n|\n|t:|1700832343\n|move|p2a: SCYTHE|Night Slash|p1a: Goodra\n|-damage|p1a: Goodra|6\/100\n|move|p1a: Goodra|Flash Cannon|p2a: SCYTHE\n|-damage|p2a: SCYTHE|0 fnt\n|faint|p2a: SCYTHE\n|\n|-heal|p1a: Goodra|12\/100|[from] item: Leftovers\n|upkeep\n|\n|t:|1700832347\n|switch|p2a: MARIACHI|Jirachi|63\/100\n|turn|15\n|\n|t:|1700832364\n|move|p2a: MARIACHI|Drain Punch|p1a: Goodra\n|-supereffective|p1a: Goodra\n|-damage|p1a: Goodra|0 fnt\n|-heal|p2a: MARIACHI|68\/100|[from] drain|[of] p1a: Goodra\n|faint|p1a: Goodra\n|\n|upkeep\n|\n|t:|1700832372\n|switch|p1a: Lopunny|Lopunny, M|100\/100\n|turn|16\n|\n|t:|1700832380\n|switch|p2a: SPOOKY ASS|Gourgeist-Super, M|100\/100\n|-item|p1a: Lopunny|Lopunnite|[from] ability: Frisk|[of] p2a: SPOOKY ASS|[identify]\n|detailschange|p1a: Lopunny|Lopunny-Mega, M\n|-mega|p1a: Lopunny|Lopunny|Lopunnite\n|move|p1a: Lopunny|Fake Out|p2a: SPOOKY ASS\n|-damage|p2a: SPOOKY ASS|93\/100\n|\n|-heal|p2a: SPOOKY ASS|99\/100|[from] item: Leftovers\n|upkeep\n|turn|17\n|\n|t:|1700832395\n|move|p1a: Lopunny|U-turn|p2a: SPOOKY ASS\n|-damage|p2a: SPOOKY ASS|91\/100\n|\n|t:|1700832400\n|switch|p1a: Toxapex|Toxapex, F|100\/100|[from] U-turn\n|move|p2a: SPOOKY ASS|Will-O-Wisp|p1a: Toxapex\n|-status|p1a: Toxapex|brn\n|\n|-heal|p2a: SPOOKY ASS|97\/100|[from] item: Leftovers\n|-damage|p1a: Toxapex|94\/100 brn|[from] brn\n|upkeep\n|turn|18\n|\n|t:|1700832409\n|move|p2a: SPOOKY ASS|Leech Seed|p1a: Toxapex\n|-start|p1a: Toxapex|move: Leech Seed\n|move|p1a: Toxapex|Toxic Spikes|p2a: SPOOKY ASS\n|-sidestart|p2: FromRussiaWithLove|move: Toxic Spikes\n|\n|-heal|p2a: SPOOKY ASS|100\/100|[from] item: Leftovers\n|-damage|p1a: Toxapex|82\/100 brn|[from] Leech Seed|[of] p2a: SPOOKY ASS\n|-damage|p1a: Toxapex|75\/100 brn|[from] brn\n|upkeep\n|turn|19\n|\n|t:|1700832417\n|switch|p2a: QUAGMIRE|Quagsire, M|100\/100\n|-status|p2a: QUAGMIRE|psn\n|move|p1a: Toxapex|Toxic Spikes|p2a: QUAGMIRE\n|-sidestart|p2: FromRussiaWithLove|move: Toxic Spikes\n|\n|-damage|p1a: Toxapex|63\/100 brn|[from] Leech Seed|[of] p2a: QUAGMIRE\n|-damage|p2a: QUAGMIRE|88\/100 psn|[from] psn\n|-damage|p1a: Toxapex|57\/100 brn|[from] brn\n|-sideend|p2: FromRussiaWithLove|Reflect\n|upkeep\n|turn|20\n|\n|t:|1700832427\n|switch|p1a: Lopunny|Lopunny-Mega, M|100\/100\n|move|p2a: QUAGMIRE|Curse|p2a: QUAGMIRE\n|-unboost|p2a: QUAGMIRE|spe|1\n|-boost|p2a: QUAGMIRE|atk|1\n|-boost|p2a: QUAGMIRE|def|1\n|\n|-heal|p2a: QUAGMIRE|94\/100 psn|[from] item: Leftovers\n|-damage|p2a: QUAGMIRE|82\/100 psn|[from] psn\n|upkeep\n|turn|21\n|\n|t:|1700832437\n|move|p1a: Lopunny|Fake Out|p2a: QUAGMIRE\n|-damage|p2a: QUAGMIRE|68\/100 psn\n|cant|p2a: QUAGMIRE|flinch\n|\n|-heal|p2a: QUAGMIRE|74\/100 psn|[from] item: Leftovers\n|-damage|p2a: QUAGMIRE|62\/100 psn|[from] psn\n|upkeep\n|turn|22\n|\n|t:|1700832451\n|move|p1a: Lopunny|Close Combat|p2a: QUAGMIRE\n|-damage|p2a: QUAGMIRE|15\/100 psn\n|-unboost|p1a: Lopunny|def|1\n|-unboost|p1a: Lopunny|spd|1\n|move|p2a: QUAGMIRE|Liquidation|p1a: Lopunny\n|-crit|p1a: Lopunny\n|-damage|p1a: Lopunny|29\/100\n|\n|-heal|p2a: QUAGMIRE|21\/100 psn|[from] item: Leftovers\n|-damage|p2a: QUAGMIRE|9\/100 psn|[from] psn\n|upkeep\n|turn|23\n|\n|t:|1700832463\n|move|p1a: Lopunny|U-turn|p2a: QUAGMIRE\n|-damage|p2a: QUAGMIRE|0 fnt\n|faint|p2a: QUAGMIRE\n|\n|t:|1700832467\n|switch|p1a: Toxapex|Toxapex, F|90\/100 brn|[from] U-turn\n|\n|-damage|p1a: Toxapex|84\/100 brn|[from] brn\n|upkeep\n|\n|t:|1700832471\n|switch|p2a: MARIACHI|Jirachi|68\/100\n|turn|24\n|\n|t:|1700832483\n|move|p2a: MARIACHI|Ancient Power|p1a: Toxapex\n|-damage|p1a: Toxapex|72\/100 brn\n|-boost|p2a: MARIACHI|atk|1\n|-boost|p2a: MARIACHI|def|1\n|-boost|p2a: MARIACHI|spa|1\n|-boost|p2a: MARIACHI|spd|1\n|-boost|p2a: MARIACHI|spe|1\n|move|p1a: Toxapex|Knock Off|p2a: MARIACHI\n|-supereffective|p2a: MARIACHI\n|-damage|p2a: MARIACHI|62\/100\n|\n|-damage|p1a: Toxapex|65\/100 brn|[from] brn\n|upkeep\n|turn|25\n|inactive|636676q has 120 seconds left.\n|\n|t:|1700832517\n|-terastallize|p1a: Toxapex|Dark\n|move|p2a: MARIACHI|Stored Power|p1a: Toxapex\n|-immune|p1a: Toxapex\n|move|p1a: Toxapex|Scald|p2a: MARIACHI\n|-damage|p2a: MARIACHI|53\/100\n|-status|p2a: MARIACHI|brn\n|\n|-damage|p2a: MARIACHI|47\/100 brn|[from] brn\n|-damage|p1a: Toxapex|59\/100 brn|[from] brn\n|upkeep\n|turn|26\n|inactive|636676q has 120 seconds left.\n|\n|t:|1700832533\n|move|p1a: Toxapex|Baneful Bunker|p1a: Toxapex\n|-singleturn|p1a: Toxapex|move: Protect\n|move|p2a: MARIACHI|Ancient Power|p1a: Toxapex\n|-activate|p1a: Toxapex|move: Protect\n|\n|-damage|p2a: MARIACHI|41\/100 brn|[from] brn\n|-damage|p1a: Toxapex|53\/100 brn|[from] brn\n|upkeep\n|turn|27\n|inactive|636676q has 120 seconds left.\n|\n|t:|1700832551\n|move|p2a: MARIACHI|Ancient Power|p1a: Toxapex\n|-damage|p1a: Toxapex|36\/100 brn\n|move|p1a: Toxapex|Knock Off|p2a: MARIACHI\n|-supereffective|p2a: MARIACHI\n|-damage|p2a: MARIACHI|31\/100 brn\n|\n|-damage|p2a: MARIACHI|25\/100 brn|[from] brn\n|-damage|p1a: Toxapex|30\/100 brn|[from] brn\n|upkeep\n|turn|28\n|\n|t:|1700832559\n|move|p1a: Toxapex|Baneful Bunker|p1a: Toxapex\n|-singleturn|p1a: Toxapex|move: Protect\n|move|p2a: MARIACHI|Thunder|p1a: Toxapex\n|-activate|p1a: Toxapex|move: Protect\n|\n|-damage|p2a: MARIACHI|18\/100 brn|[from] brn\n|-damage|p1a: Toxapex|24\/100 brn|[from] brn\n|upkeep\n|turn|29\n|inactive|636676q has 120 seconds left.\n|\n|t:|1700832578\n|-terastallize|p2a: MARIACHI|Fighting\n|move|p2a: MARIACHI|Drain Punch|p1a: Toxapex\n|-supereffective|p1a: Toxapex\n|-damage|p1a: Toxapex|2\/100 brn\n|-heal|p2a: MARIACHI|27\/100 brn|[from] drain|[of] p1a: Toxapex\n|-damage|p2a: MARIACHI|10\/100 brn|[from] item: Rocky Helmet|[of] p1a: Toxapex\n|move|p1a: Toxapex|Scald|p2a: MARIACHI\n|-damage|p2a: MARIACHI|0 fnt\n|faint|p2a: MARIACHI\n|\n|-damage|p1a: Toxapex|0 fnt|[from] brn\n|faint|p1a: Toxapex\n|upkeep\n|\n|t:|1700832591\n|switch|p2a: SPOOKY ASS|Gourgeist-Super, M|100\/100\n|switch|p1a: Lopunny|Lopunny-Mega, M|29\/100\n|-status|p2a: SPOOKY ASS|tox\n|-item|p1a: Lopunny|Lopunnite|[from] ability: Frisk|[of] p2a: SPOOKY ASS|[identify]\n|turn|30\n|\n|t:|1700832602\n|move|p2a: SPOOKY ASS|Protect|p2a: SPOOKY ASS\n|-singleturn|p2a: SPOOKY ASS|Protect\n|move|p1a: Lopunny|Fake Out|p2a: SPOOKY ASS\n|-activate|p2a: SPOOKY ASS|move: Protect\n|\n|-damage|p2a: SPOOKY ASS|94\/100 tox|[from] psn\n|upkeep\n|turn|31\n|\n|t:|1700832616\n|move|p1a: Lopunny|Return|p2a: SPOOKY ASS\n|-damage|p2a: SPOOKY ASS|62\/100 tox\n|move|p2a: SPOOKY ASS|Will-O-Wisp|p1a: Lopunny\n|-status|p1a: Lopunny|brn\n|\n|-heal|p2a: SPOOKY ASS|68\/100 tox|[from] item: Leftovers\n|-damage|p2a: SPOOKY ASS|56\/100 tox|[from] psn\n|-damage|p1a: Lopunny|23\/100 brn|[from] brn\n|upkeep\n|turn|32\n|\n|t:|1700832634\n|move|p1a: Lopunny|Close Combat|p2a: SPOOKY ASS\n|-damage|p2a: SPOOKY ASS|37\/100 tox\n|-unboost|p1a: Lopunny|def|1\n|-unboost|p1a: Lopunny|spd|1\n|move|p2a: SPOOKY ASS|Leech Seed|p1a: Lopunny\n|-start|p1a: Lopunny|move: Leech Seed\n|\n|-heal|p2a: SPOOKY ASS|43\/100 tox|[from] item: Leftovers\n|-damage|p1a: Lopunny|10\/100 brn|[from] Leech Seed|[of] p2a: SPOOKY ASS\n|-heal|p2a: SPOOKY ASS|52\/100 tox|[silent]\n|-damage|p2a: SPOOKY ASS|34\/100 tox|[from] psn\n|-damage|p1a: Lopunny|4\/100 brn|[from] brn\n|upkeep\n|turn|33\n|\n|t:|1700832647\n|move|p2a: SPOOKY ASS|Protect|p2a: SPOOKY ASS\n|-singleturn|p2a: SPOOKY ASS|Protect\n|move|p1a: Lopunny|Return|p2a: SPOOKY ASS\n|-activate|p2a: SPOOKY ASS|move: Protect\n|\n|-heal|p2a: SPOOKY ASS|40\/100 tox|[from] item: Leftovers\n|-damage|p1a: Lopunny|0 fnt|[from] Leech Seed|[of] p2a: SPOOKY ASS\n|-heal|p2a: SPOOKY ASS|42\/100 tox|[silent]\n|faint|p1a: Lopunny\n|\n|win|FromRussiaWithLove\n|upkeep\n|raw|636676q's rating: 1163 &rarr; <strong>1137<\/strong><br \/>(-26 for losing)\n|raw|FromRussiaWithLove's rating: 1153 &rarr; <strong>1179<\/strong><br \/>(+26 for winning)\n","uploadtime":1700832652,"views":5,"p1id":"636676q","p2id":"fromrussiawithlove","formatid":"gen9nationaldex","rating":1137,"private":0,"password":""}