{"id":"gen9nationaldex-1988160007","p1":"SloppySpider25","p2":"cb der","format":"[Gen 9] National Dex","log":"|j|\u2606SloppySpider25\n|j|\u2606cb der\n|t:|1699677391\n|gametype|singles\n|player|p1|SloppySpider25|pokemaniac|1160\n|player|p2|cb der|iono|1105\n|teamsize|p1|6\n|teamsize|p2|6\n|gen|9\n|tier|[Gen 9] National Dex\n|rated|\n|rule|HP Percentage Mod: HP is shown in percentages\n|rule|Endless Battle Clause: Forcing endless battles is banned\n|rule|OHKO Clause: OHKO moves are banned\n|rule|Evasion Clause: Evasion abilities, items, and moves are banned\n|rule|Evasion Abilities Clause: Evasion abilities are banned\n|rule|Evasion Items Clause: Evasion items are banned\n|rule|Evasion Moves Clause: Evasion moves are banned\n|rule|Species Clause: Limit one of each Pok\u00e9mon\n|rule|Sleep Clause Mod: Limit one foe put to sleep\n|clearpoke\n|poke|p1|Volcarona, M|\n|poke|p1|Glimmora, M|\n|poke|p1|Hoopa-Unbound|\n|poke|p1|Tapu Koko|\n|poke|p1|Zapdos|\n|poke|p1|Charizard, M|\n|poke|p2|Throh, M|\n|poke|p2|Lanturn, F|\n|poke|p2|Ting-Lu|\n|poke|p2|Greninja-*, M|\n|poke|p2|Dondozo, F|\n|poke|p2|Delcatty, F|\n|teampreview\n|\n|t:|1699677414\n|start\n|switch|p1a: Glimmora|Glimmora, M|100\/100\n|switch|p2a: Greninja|Greninja, M|100\/100\n|turn|1\n|\n|t:|1699677420\n|-terastallize|p2a: Greninja|Water\n|move|p2a: Greninja|Water Shuriken|p1a: Glimmora\n|-supereffective|p1a: Glimmora\n|-damage|p1a: Glimmora|75\/100\n|-supereffective|p1a: Glimmora\n|-damage|p1a: Glimmora|50\/100\n|-supereffective|p1a: Glimmora\n|-crit|p1a: Glimmora\n|-damage|p1a: Glimmora|14\/100\n|-hitcount|p1a: Glimmora|3\n|-damage|p2a: Greninja|91\/100|[from] item: Life Orb\n|move|p1a: Glimmora|Stealth Rock|p2a: Greninja\n|-sidestart|p2: cb der|move: Stealth Rock\n|\n|upkeep\n|turn|2\n|\n|t:|1699677436\n|move|p2a: Greninja|Surf|p1a: Glimmora\n|-supereffective|p1a: Glimmora\n|-damage|p1a: Glimmora|0 fnt\n|faint|p1a: Glimmora\n|-ability|p2a: Greninja|Battle Bond|boost\n|-boost|p2a: Greninja|atk|1\n|-boost|p2a: Greninja|spa|1\n|-boost|p2a: Greninja|spe|1\n|-activate|p2a: Greninja|ability: Battle Bond\n|-damage|p2a: Greninja|81\/100|[from] item: Life Orb\n|\n|upkeep\n|\n|t:|1699677448\n|switch|p1a: Tapu Koko|Tapu Koko|100\/100\n|-fieldstart|move: Electric Terrain|[from] ability: Electric Surge|[of] p1a: Tapu Koko\n|turn|3\n|\n|t:|1699677456\n|move|p2a: Greninja|Surf|p1a: Tapu Koko\n|-damage|p1a: Tapu Koko|2\/100\n|-damage|p2a: Greninja|71\/100|[from] item: Life Orb\n|move|p1a: Tapu Koko|Thunder Punch|p2a: Greninja\n|-supereffective|p2a: Greninja\n|-damage|p2a: Greninja|0 fnt\n|faint|p2a: Greninja\n|\n|upkeep\n|\n|t:|1699677463\n|switch|p2a: Delcatty|Delcatty, F|100\/100\n|-damage|p2a: Delcatty|88\/100|[from] Stealth Rock\n|turn|4\n|\n|t:|1699677473\n|move|p2a: Delcatty|Fake Out|p1a: Tapu Koko\n|-damage|p1a: Tapu Koko|0 fnt\n|faint|p1a: Tapu Koko\n|\n|upkeep\n|\n|t:|1699677485\n|switch|p1a: Volcarona|Volcarona, M|100\/100\n|turn|5\n|\n|t:|1699677489\n|move|p1a: Volcarona|Quiver Dance|p1a: Volcarona\n|-boost|p1a: Volcarona|spa|1\n|-boost|p1a: Volcarona|spd|1\n|-boost|p1a: Volcarona|spe|1\n|move|p2a: Delcatty|Thunder Wave|p1a: Volcarona\n|-status|p1a: Volcarona|par\n|\n|upkeep\n|turn|6\n|\n|t:|1699677499\n|move|p2a: Delcatty|Return|p1a: Volcarona\n|-damage|p1a: Volcarona|12\/100 par\n|move|p1a: Volcarona|Fiery Dance|p2a: Delcatty\n|-damage|p2a: Delcatty|0 fnt\n|faint|p2a: Delcatty\n|-damage|p1a: Volcarona|2\/100 par|[from] item: Life Orb\n|\n|upkeep\n|\n|t:|1699677521\n|switch|p2a: Lanturn|Lanturn, F|100\/100\n|-damage|p2a: Lanturn|88\/100|[from] Stealth Rock\n|turn|7\n|\n|t:|1699677530\n|move|p2a: Lanturn|Protect|p2a: Lanturn\n|-singleturn|p2a: Lanturn|Protect\n|move|p1a: Volcarona|Bug Buzz|p2a: Lanturn\n|-activate|p2a: Lanturn|move: Protect\n|\n|-heal|p2a: Lanturn|94\/100|[from] item: Leftovers\n|-fieldend|move: Electric Terrain\n|upkeep\n|turn|8\n|\n|t:|1699677539\n|cant|p1a: Volcarona|par\n|move|p2a: Lanturn|Scald|p1a: Volcarona\n|-supereffective|p1a: Volcarona\n|-damage|p1a: Volcarona|0 fnt\n|faint|p1a: Volcarona\n|\n|-heal|p2a: Lanturn|100\/100|[from] item: Leftovers\n|upkeep\n|\n|t:|1699677553\n|switch|p1a: Zapdos|Zapdos|100\/100\n|turn|9\n|\n|t:|1699677560\n|move|p1a: Zapdos|Thunderbolt|p2a: Lanturn\n|-immune|p2a: Lanturn|[from] ability: Volt Absorb\n|move|p2a: Lanturn|Ice Beam|p1a: Zapdos\n|-supereffective|p1a: Zapdos\n|-damage|p1a: Zapdos|61\/100\n|-status|p1a: Zapdos|frz\n|\n|upkeep\n|turn|10\n|\n|t:|1699677569\n|switch|p1a: Hoopa|Hoopa-Unbound|100\/100\n|move|p2a: Lanturn|Ice Beam|p1a: Hoopa\n|-damage|p1a: Hoopa|85\/100\n|\n|upkeep\n|turn|11\n|\n|t:|1699677582\n|move|p1a: Hoopa|Zen Headbutt|p2a: Lanturn\n|-damage|p2a: Lanturn|40\/100\n|cant|p2a: Lanturn|flinch\n|\n|-heal|p2a: Lanturn|47\/100|[from] item: Leftovers\n|upkeep\n|turn|12\n|\n|t:|1699677588\n|move|p2a: Lanturn|Protect|p2a: Lanturn\n|-singleturn|p2a: Lanturn|Protect\n|move|p1a: Hoopa|Zen Headbutt|p2a: Lanturn\n|-activate|p2a: Lanturn|move: Protect\n|\n|-heal|p2a: Lanturn|53\/100|[from] item: Leftovers\n|upkeep\n|turn|13\n|\n|t:|1699677595\n|switch|p2a: Ting-Lu|Ting-Lu|100\/100\n|-damage|p2a: Ting-Lu|94\/100|[from] Stealth Rock\n|-ability|p2a: Ting-Lu|Vessel of Ruin\n|move|p1a: Hoopa|Zen Headbutt|p2a: Ting-Lu\n|-immune|p2a: Ting-Lu\n|\n|-heal|p2a: Ting-Lu|100\/100|[from] item: Leftovers\n|upkeep\n|turn|14\n|\n|t:|1699677606\n|switch|p1a: Zapdos|Zapdos|61\/100 frz\n|move|p2a: Ting-Lu|Ruination|p1a: Zapdos\n|-damage|p1a: Zapdos|31\/100 frz\n|\n|upkeep\n|turn|15\n|\n|t:|1699677620\n|cant|p1a: Zapdos|frz\n|move|p2a: Ting-Lu|Spikes|p1a: Zapdos\n|-sidestart|p1: SloppySpider25|Spikes\n|\n|upkeep\n|turn|16\n|\n|t:|1699677628\n|cant|p1a: Zapdos|frz\n|move|p2a: Ting-Lu|Whirlwind|p1a: Zapdos\n|drag|p1a: Charizard|Charizard, M|100\/100\n|\n|upkeep\n|turn|17\n|\n|t:|1699677645\n|detailschange|p1a: Charizard|Charizard-Mega-Y, M\n|-mega|p1a: Charizard|Charizard|Charizardite Y\n|-weather|SunnyDay|[from] ability: Drought|[of] p1a: Charizard\n|move|p1a: Charizard|Dragon Dance|p1a: Charizard\n|-boost|p1a: Charizard|atk|1\n|-boost|p1a: Charizard|spe|1\n|move|p2a: Ting-Lu|Ruination|p1a: Charizard\n|-damage|p1a: Charizard|51\/100\n|\n|-weather|SunnyDay|[upkeep]\n|upkeep\n|turn|18\n|\n|t:|1699677658\n|move|p1a: Charizard|Flamethrower|p2a: Ting-Lu\n|-damage|p2a: Ting-Lu|61\/100\n|move|p2a: Ting-Lu|Whirlwind|p1a: Charizard\n|drag|p1a: Zapdos|Zapdos|31\/100 frz\n|\n|-weather|SunnyDay|[upkeep]\n|-heal|p2a: Ting-Lu|68\/100|[from] item: Leftovers\n|upkeep\n|turn|19\n|-message|SloppySpider25 forfeited.\n|\n|win|cb der\n|raw|SloppySpider25's rating: 1160 &rarr; <strong>1131<\/strong><br \/>(-29 for losing)\n|raw|cb der's rating: 1105 &rarr; <strong>1134<\/strong><br \/>(+29 for winning)\n|l|\u2606SloppySpider25\n","uploadtime":1699677676,"views":7,"p1id":"sloppyspider25","p2id":"cbder","formatid":"gen9nationaldex","rating":1131,"private":0,"password":""}