{"id":"gen9nationaldex-1991115918","p1":"shrevon7c","p2":"steals many wives","format":"[Gen 9] National Dex","log":"|j|\u2606shrevon7c\n|j|\u2606steals many wives\n|t:|1700045355\n|gametype|singles\n|player|p1|shrevon7c|biker-gen4|1174\n|player|p2|steals many wives|waitress|1158\n|teamsize|p1|6\n|teamsize|p2|6\n|gen|9\n|tier|[Gen 9] National Dex\n|rated|\n|rule|HP Percentage Mod: HP is shown in percentages\n|rule|Endless Battle Clause: Forcing endless battles is banned\n|rule|OHKO Clause: OHKO moves are banned\n|rule|Evasion Clause: Evasion abilities, items, and moves are banned\n|rule|Evasion Abilities Clause: Evasion abilities are banned\n|rule|Evasion Items Clause: Evasion items are banned\n|rule|Evasion Moves Clause: Evasion moves are banned\n|rule|Species Clause: Limit one of each Pok\u00e9mon\n|rule|Sleep Clause Mod: Limit one foe put to sleep\n|clearpoke\n|poke|p1|Mew|\n|poke|p1|Mienshao, M|\n|poke|p1|Lopunny, M|\n|poke|p1|Regidrago|\n|poke|p1|Salamence, F|\n|poke|p1|Typhlosion-Hisui, M|\n|poke|p2|Aggron, M|\n|poke|p2|Ferrothorn, M|\n|poke|p2|Goodra-Hisui, F|\n|poke|p2|Celesteela|\n|poke|p2|Heatran, M|\n|poke|p2|Excadrill, M|\n|teampreview\n|inactive|Battle timer is ON: inactive players will automatically lose when time's up. (requested by shrevon7c)\n|\n|t:|1700045375\n|start\n|switch|p1a: Mienshao|Mienshao, M|100\/100\n|switch|p2a: Lego|Ferrothorn, M|100\/100\n|turn|1\n|\n|t:|1700045382\n|move|p1a: Mienshao|High Jump Kick|p2a: Lego\n|-supereffective|p2a: Lego\n|-damage|p2a: Lego|7\/100\n|-damage|p1a: Mienshao|88\/100|[from] ability: Iron Barbs|[of] p2a: Lego\n|-damage|p1a: Mienshao|72\/100|[from] item: Rocky Helmet|[of] p2a: Lego\n|move|p2a: Lego|Stealth Rock|p1a: Mienshao\n|-sidestart|p1: shrevon7c|move: Stealth Rock\n|\n|upkeep\n|turn|2\n|\n|t:|1700045390\n|switch|p2a: Team Rocket|Celesteela|100\/100\n|move|p1a: Mienshao|Blaze Kick|p2a: Team Rocket\n|-supereffective|p2a: Team Rocket\n|-damage|p2a: Team Rocket|60\/100\n|\n|-heal|p2a: Team Rocket|66\/100|[from] item: Leftovers\n|upkeep\n|turn|3\n|\n|t:|1700045398\n|move|p2a: Team Rocket|Protect|p2a: Team Rocket\n|-singleturn|p2a: Team Rocket|Protect\n|move|p1a: Mienshao|High Jump Kick|p2a: Team Rocket\n|-activate|p2a: Team Rocket|move: Protect\n|-damage|p1a: Mienshao|22\/100|[from] highjumpkick\n|\n|-heal|p2a: Team Rocket|72\/100|[from] item: Leftovers\n|upkeep\n|turn|4\n|\n|t:|1700045409\n|move|p1a: Mienshao|High Jump Kick|p2a: Team Rocket\n|-damage|p2a: Team Rocket|15\/100\n|move|p2a: Team Rocket|Fly||[still]\n|-prepare|p2a: Team Rocket|Fly\n|\n|-heal|p2a: Team Rocket|22\/100|[from] item: Leftovers\n|upkeep\n|turn|5\n|\n|t:|1700045416\n|move|p1a: Mienshao|High Jump Kick|p2a: Team Rocket|[miss]\n|-miss|p1a: Mienshao|p2a: Team Rocket\n|-damage|p1a: Mienshao|0 fnt|[from] highjumpkick\n|faint|p1a: Mienshao\n|move|p2a: Team Rocket|Fly|p1: Mienshao|[from]lockedmove|[notarget]\n|-fail|p2a: Team Rocket\n|\n|-heal|p2a: Team Rocket|28\/100|[from] item: Leftovers\n|upkeep\n|\n|t:|1700045420\n|switch|p1a: Typhlosion|Typhlosion-Hisui, M|100\/100\n|-damage|p1a: Typhlosion|76\/100|[from] Stealth Rock\n|turn|6\n|\n|t:|1700045438\n|move|p2a: Team Rocket|Protect|p2a: Team Rocket\n|-singleturn|p2a: Team Rocket|Protect\n|move|p1a: Typhlosion|Eruption|p2a: Team Rocket\n|-activate|p2a: Team Rocket|move: Protect\n|\n|-heal|p2a: Team Rocket|34\/100|[from] item: Leftovers\n|upkeep\n|turn|7\n|\n|t:|1700045448\n|switch|p2a: Slag Heap|Heatran, M|100\/100\n|move|p1a: Typhlosion|Eruption|p2a: Slag Heap\n|-start|p2a: Slag Heap|ability: Flash Fire\n|\n|upkeep\n|turn|8\n|c|\u2606steals many wives|thank you\n|\n|t:|1700045458\n|switch|p1a: Regidrago|Regidrago|100\/100\n|-damage|p1a: Regidrago|88\/100|[from] Stealth Rock\n|move|p2a: Slag Heap|Eruption|p1a: Regidrago\n|-resisted|p1a: Regidrago\n|-crit|p1a: Regidrago\n|-damage|p1a: Regidrago|0 fnt\n|faint|p1a: Regidrago\n|\n|upkeep\n|\n|t:|1700045461\n|switch|p1a: Mew|Mew|100\/100\n|-damage|p1a: Mew|88\/100|[from] Stealth Rock\n|turn|9\n|\n|t:|1700045468\n|move|p2a: Slag Heap|Eruption|p1a: Mew\n|-damage|p1a: Mew|0 fnt\n|faint|p1a: Mew\n|\n|upkeep\n|\n|t:|1700045473\n|switch|p1a: Typhlosion|Typhlosion-Hisui, M|76\/100\n|-damage|p1a: Typhlosion|51\/100|[from] Stealth Rock\n|turn|10\n|\n|t:|1700045479\n|-end|p2a: Slag Heap|ability: Flash Fire|[silent]\n|switch|p2a: Team Rocket|Celesteela|34\/100\n|move|p1a: Typhlosion|Shadow Ball|p2a: Team Rocket\n|-damage|p2a: Team Rocket|4\/100\n|\n|-heal|p2a: Team Rocket|10\/100|[from] item: Leftovers\n|upkeep\n|turn|11\n|\n|t:|1700045487\n|move|p2a: Team Rocket|Protect|p2a: Team Rocket\n|-singleturn|p2a: Team Rocket|Protect\n|move|p1a: Typhlosion|Shadow Ball|p2a: Team Rocket\n|-activate|p2a: Team Rocket|move: Protect\n|\n|-heal|p2a: Team Rocket|17\/100|[from] item: Leftovers\n|upkeep\n|turn|12\n|\n|t:|1700045495\n|switch|p2a: Slime Shady|Goodra-Hisui, F|100\/100\n|move|p1a: Typhlosion|Shadow Ball|p2a: Slime Shady\n|-damage|p2a: Slime Shady|78\/100\n|\n|upkeep\n|turn|13\n|\n|t:|1700045502\n|move|p1a: Typhlosion|Shadow Ball|p2a: Slime Shady\n|-damage|p2a: Slime Shady|52\/100\n|move|p2a: Slime Shady|Dragon Pulse|p1a: Typhlosion\n|-crit|p1a: Typhlosion\n|-damage|p1a: Typhlosion|0 fnt\n|faint|p1a: Typhlosion\n|\n|upkeep\n|\n|t:|1700045505\n|switch|p1a: Salamence|Salamence, F|100\/100\n|-damage|p1a: Salamence|76\/100|[from] Stealth Rock\n|turn|14\n|\n|t:|1700045512\n|move|p1a: Salamence|Dragon Rush|p2a: Slime Shady\n|-damage|p2a: Slime Shady|10\/100\n|-damage|p1a: Salamence|59\/100|[from] item: Rocky Helmet|[of] p2a: Slime Shady\n|-ability|p2a: Slime Shady|Gooey\n|-unboost|p1a: Salamence|spe|1\n|move|p2a: Slime Shady|Dragon Pulse|p1a: Salamence\n|-supereffective|p1a: Salamence\n|-damage|p1a: Salamence|0 fnt\n|faint|p1a: Salamence\n|\n|upkeep\n|\n|t:|1700045515\n|switch|p1a: Lopunny|Lopunny, M|100\/100\n|-damage|p1a: Lopunny|88\/100|[from] Stealth Rock\n|turn|15\n|-message|shrevon7c forfeited.\n|\n|win|steals many wives\n|raw|shrevon7c's rating: 1174 &rarr; <strong>1148<\/strong><br \/>(-26 for losing)\n|raw|steals many wives's rating: 1158 &rarr; <strong>1184<\/strong><br \/>(+26 for winning)\n|l|\u2606shrevon7c\n","uploadtime":1700045531,"views":3,"p1id":"shrevon7c","p2id":"stealsmanywives","formatid":"gen9nationaldex","rating":1148,"private":0,"password":""}