{"id":"gen9nationaldex-1987935154","p1":"imbleed","p2":"Cooolth","format":"[Gen 9] National Dex","log":"|j|\u2606imbleed\n|j|\u2606Cooolth\n|t:|1699650757\n|gametype|singles\n|player|p1|imbleed|poppy|1487\n|player|p2|Cooolth|clown|1447\n|teamsize|p1|6\n|teamsize|p2|6\n|gen|9\n|tier|[Gen 9] National Dex\n|rated|\n|rule|HP Percentage Mod: HP is shown in percentages\n|rule|Endless Battle Clause: Forcing endless battles is banned\n|rule|OHKO Clause: OHKO moves are banned\n|rule|Evasion Clause: Evasion abilities, items, and moves are banned\n|rule|Evasion Abilities Clause: Evasion abilities are banned\n|rule|Evasion Items Clause: Evasion items are banned\n|rule|Evasion Moves Clause: Evasion moves are banned\n|rule|Species Clause: Limit one of each Pok\u00e9mon\n|rule|Sleep Clause Mod: Limit one foe put to sleep\n|clearpoke\n|poke|p1|Necrozma|\n|poke|p1|Gyarados, F|\n|poke|p1|Starmie|\n|poke|p1|Scizor, M|\n|poke|p1|Great Tusk|\n|poke|p1|Entei|\n|poke|p2|Tapu Lele|\n|poke|p2|Zapdos|\n|poke|p2|Ferrothorn, M|\n|poke|p2|Heatran, F|\n|poke|p2|Urshifu-*, F|\n|poke|p2|Ogerpon-Wellspring, F|\n|teampreview\n|j| kung fu pokechu\n|j| bigglygrande\n|j| Lonsol\n|\n|t:|1699650779\n|start\n|switch|p1a: yes i am a cat|Entei|100\/100\n|switch|p2a: Heatran|Heatran, F|100\/100\n|turn|1\n|j| mistahmerrikuu\n|\n|t:|1699650785\n|move|p1a: yes i am a cat|Stomping Tantrum|p2a: Heatran\n|-supereffective|p2a: Heatran\n|-damage|p2a: Heatran|0 fnt\n|faint|p2a: Heatran\n|\n|upkeep\n|\n|t:|1699650789\n|switch|p2a: Urshifu|Urshifu-Rapid-Strike, F|100\/100\n|turn|2\n|\n|t:|1699650804\n|switch|p1a: member|Gyarados, F|100\/100\n|-ability|p1a: member|Intimidate|boost\n|-unboost|p2a: Urshifu|atk|1\n|move|p2a: Urshifu|Surging Strikes|p1a: member\n|-resisted|p1a: member\n|-crit|p1a: member\n|-damage|p1a: member|89\/100\n|-resisted|p1a: member\n|-crit|p1a: member\n|-damage|p1a: member|76\/100\n|-resisted|p1a: member\n|-crit|p1a: member\n|-damage|p1a: member|64\/100\n|-hitcount|p1a: member|3\n|\n|upkeep\n|turn|3\n|\n|t:|1699650816\n|switch|p2a: Tapu Lele|Tapu Lele|100\/100\n|-fieldstart|move: Psychic Terrain|[from] ability: Psychic Surge|[of] p2a: Tapu Lele\n|move|p1a: member|Dragon Dance|p1a: member\n|-boost|p1a: member|atk|1\n|-boost|p1a: member|spe|1\n|\n|upkeep\n|turn|4\n|\n|t:|1699650838\n|detailschange|p1a: member|Gyarados-Mega, F\n|-mega|p1a: member|Gyarados|Gyaradosite\n|-ability|p1a: member|Mold Breaker\n|move|p2a: Tapu Lele|Moonblast|p1a: member\n|-supereffective|p1a: member\n|-damage|p1a: member|0 fnt\n|faint|p1a: member\n|\n|upkeep\n|\n|t:|1699650852\n|switch|p1a: yes i am a cat|Entei|100\/100\n|turn|5\n|\n|t:|1699650858\n|switch|p2a: Urshifu|Urshifu-Rapid-Strike, F|100\/100\n|move|p1a: yes i am a cat|Sacred Fire|p2a: Urshifu\n|-resisted|p2a: Urshifu\n|-damage|p2a: Urshifu|64\/100\n|\n|upkeep\n|turn|6\n|\n|t:|1699650867\n|switch|p1a: gonna hit|Starmie|100\/100\n|switch|p2a: Ogerpon|Ogerpon-Wellspring, F|100\/100\n|\n|upkeep\n|turn|7\n|\n|t:|1699650874\n|move|p1a: gonna hit|Zap Cannon|p2a: Ogerpon|[miss]\n|-miss|p1a: gonna hit|p2a: Ogerpon\n|move|p2a: Ogerpon|Power Whip|p1a: gonna hit|[miss]\n|-miss|p2a: Ogerpon|p1a: gonna hit\n|\n|-fieldend|move: Psychic Terrain\n|upkeep\n|turn|8\n|\n|t:|1699650881\n|move|p1a: gonna hit|Zap Cannon|p2a: Ogerpon|[miss]\n|-miss|p1a: gonna hit|p2a: Ogerpon\n|move|p2a: Ogerpon|Power Whip|p1a: gonna hit\n|-supereffective|p1a: gonna hit\n|-damage|p1a: gonna hit|0 fnt\n|faint|p1a: gonna hit\n|\n|upkeep\n|\n|t:|1699650893\n|switch|p1a: red chud|Scizor, M|100\/100\n|turn|9\n|\n|t:|1699650901\n|move|p2a: Ogerpon|Ivy Cudgel|p1a: red chud\n|-damage|p1a: red chud|34\/100\n|move|p1a: red chud|Knock Off|p2a: Ogerpon\n|-damage|p2a: Ogerpon|63\/100\n|-damage|p1a: red chud|24\/100|[from] item: Life Orb\n|\n|upkeep\n|turn|10\n|\n|t:|1699650908\n|move|p1a: red chud|Bullet Punch|p2a: Ogerpon\n|-resisted|p2a: Ogerpon\n|-damage|p2a: Ogerpon|36\/100\n|-damage|p1a: red chud|14\/100|[from] item: Life Orb\n|move|p2a: Ogerpon|Ivy Cudgel|p1a: red chud\n|-damage|p1a: red chud|0 fnt\n|faint|p1a: red chud\n|\n|upkeep\n|\n|t:|1699650912\n|switch|p1a: yes i am a cat|Entei|100\/100\n|turn|11\n|\n|t:|1699650921\n|move|p2a: Ogerpon|Ivy Cudgel|p1a: yes i am a cat\n|-supereffective|p1a: yes i am a cat\n|-damage|p1a: yes i am a cat|0 fnt\n|faint|p1a: yes i am a cat\n|\n|upkeep\n|\n|t:|1699650932\n|switch|p1a: PRISMED|Necrozma|100\/100\n|turn|12\n|\n|t:|1699650936\n|move|p2a: Ogerpon|Swords Dance|p2a: Ogerpon\n|-boost|p2a: Ogerpon|atk|2\n|move|p1a: PRISMED|Rock Polish|p1a: PRISMED\n|-boost|p1a: PRISMED|spe|2\n|\n|upkeep\n|turn|13\n|\n|t:|1699650941\n|move|p1a: PRISMED|Signal Beam|p2a: Ogerpon\n|-supereffective|p2a: Ogerpon\n|-damage|p2a: Ogerpon|0 fnt\n|faint|p2a: Ogerpon\n|\n|upkeep\n|\n|t:|1699650959\n|switch|p2a: Tapu Lele|Tapu Lele|100\/100\n|-fieldstart|move: Psychic Terrain|[from] ability: Psychic Surge|[of] p2a: Tapu Lele\n|turn|14\n|\n|t:|1699650964\n|move|p2a: Tapu Lele|Focus Blast|p1a: PRISMED|[miss]\n|-miss|p2a: Tapu Lele|p1a: PRISMED\n|move|p1a: PRISMED|Calm Mind|p1a: PRISMED\n|-boost|p1a: PRISMED|spa|1\n|-boost|p1a: PRISMED|spd|1\n|\n|upkeep\n|turn|15\n|\n|t:|1699650970\n|switch|p2a: Ferrothorn|Ferrothorn, M|100\/100\n|move|p1a: PRISMED|Rock Polish|p1a: PRISMED\n|-boost|p1a: PRISMED|spe|2\n|\n|upkeep\n|turn|16\n|\n|t:|1699650977\n|-terastallize|p1a: PRISMED|Psychic\n|move|p1a: PRISMED|Stored Power|p2a: Ferrothorn\n|-resisted|p2a: Ferrothorn\n|-damage|p2a: Ferrothorn|39\/100\n|move|p2a: Ferrothorn|Leech Seed|p1a: PRISMED\n|-start|p1a: PRISMED|move: Leech Seed\n|\n|-damage|p1a: PRISMED|88\/100|[from] Leech Seed|[of] p2a: Ferrothorn\n|-heal|p2a: Ferrothorn|53\/100|[silent]\n|upkeep\n|turn|17\n|\n|t:|1699650985\n|move|p1a: PRISMED|Calm Mind|p1a: PRISMED\n|-boost|p1a: PRISMED|spa|1\n|-boost|p1a: PRISMED|spd|1\n|move|p2a: Ferrothorn|Gyro Ball|p1a: PRISMED\n|-damage|p1a: PRISMED|58\/100\n|\n|-damage|p1a: PRISMED|46\/100|[from] Leech Seed|[of] p2a: Ferrothorn\n|-heal|p2a: Ferrothorn|67\/100|[silent]\n|upkeep\n|turn|18\n|inactive|Battle timer is ON: inactive players will automatically lose when time's up. (requested by Cooolth)\n|\n|t:|1699650992\n|move|p1a: PRISMED|Stored Power|p2a: Ferrothorn\n|-resisted|p2a: Ferrothorn\n|-damage|p2a: Ferrothorn|0 fnt\n|faint|p2a: Ferrothorn\n|\n|-fieldend|move: Psychic Terrain\n|upkeep\n|\n|t:|1699651009\n|switch|p2a: Tapu Lele|Tapu Lele|100\/100\n|-fieldstart|move: Psychic Terrain|[from] ability: Psychic Surge|[of] p2a: Tapu Lele\n|turn|19\n|\n|t:|1699651016\n|move|p1a: PRISMED|Stored Power|p2a: Tapu Lele\n|-resisted|p2a: Tapu Lele\n|-damage|p2a: Tapu Lele|0 fnt\n|faint|p2a: Tapu Lele\n|\n|upkeep\n|-message|Cooolth forfeited.\n|\n|win|imbleed\n|raw|imbleed's rating: 1487 &rarr; <strong>1505<\/strong><br \/>(+18 for winning)\n|raw|Cooolth's rating: 1447 &rarr; <strong>1429<\/strong><br \/>(-18 for losing)\n|l|\u2606Cooolth\n","uploadtime":1699651025,"views":4,"p1id":"imbleed","p2id":"cooolth","formatid":"gen9nationaldex","rating":1429,"private":0,"password":""}