{"id":"gen9nationaldex-1993220019","p1":"CallMeMrBusiness","p2":"Mob Boss Joey","format":"[Gen 9] National Dex","log":"|j|\u2606CallMeMrBusiness\n|j|\u2606Mob Boss Joey\n|t:|1700279791\n|gametype|singles\n|player|p1|CallMeMrBusiness|veteran|1111\n|player|p2|Mob Boss Joey|1|1114\n|teamsize|p1|6\n|teamsize|p2|6\n|gen|9\n|tier|[Gen 9] National Dex\n|rated|\n|rule|HP Percentage Mod: HP is shown in percentages\n|rule|Endless Battle Clause: Forcing endless battles is banned\n|rule|OHKO Clause: OHKO moves are banned\n|rule|Evasion Clause: Evasion abilities, items, and moves are banned\n|rule|Evasion Abilities Clause: Evasion abilities are banned\n|rule|Evasion Items Clause: Evasion items are banned\n|rule|Evasion Moves Clause: Evasion moves are banned\n|rule|Species Clause: Limit one of each Pok\u00e9mon\n|rule|Sleep Clause Mod: Limit one foe put to sleep\n|clearpoke\n|poke|p1|Samurott, M|\n|poke|p1|Emolga, F|\n|poke|p1|Leavanny, F|\n|poke|p1|Sawk, M|\n|poke|p1|Krookodile, M|\n|poke|p1|Boldore, M|\n|poke|p2|Munkidori, M|\n|poke|p2|Quagsire, M|\n|poke|p2|Wormadam-Trash, F|\n|poke|p2|Iron Valiant|\n|poke|p2|Banette, M|\n|poke|p2|Pawmot, F|\n|teampreview\n|inactive|Battle timer is ON: inactive players will automatically lose when time's up. (requested by CallMeMrBusiness)\n|\n|t:|1700279800\n|start\n|switch|p1a: Boldore|Boldore, M, shiny|100\/100\n|switch|p2a: Basura|Wormadam-Trash, F|100\/100\n|turn|1\n|j| Alpha Arceus\n|\n|t:|1700279817\n|move|p2a: Basura|Quiver Dance|p2a: Basura\n|-boost|p2a: Basura|spa|1\n|-boost|p2a: Basura|spd|1\n|-boost|p2a: Basura|spe|1\n|move|p1a: Boldore|Stealth Rock|p2a: Basura\n|-sidestart|p2: Mob Boss Joey|move: Stealth Rock\n|\n|upkeep\n|turn|2\n|\n|t:|1700279828\n|move|p2a: Basura|Quiver Dance|p2a: Basura\n|-boost|p2a: Basura|spa|1\n|-boost|p2a: Basura|spd|1\n|-boost|p2a: Basura|spe|1\n|move|p1a: Boldore|Stone Edge|p2a: Basura\n|-damage|p2a: Basura|38\/100\n|\n|upkeep\n|turn|3\n|\n|t:|1700279835\n|move|p2a: Basura|Flash Cannon|p1a: Boldore\n|-supereffective|p1a: Boldore\n|-ability|p1a: Boldore|Sturdy\n|-damage|p1a: Boldore|1\/100\n|move|p1a: Boldore|Stone Edge|p2a: Basura\n|-damage|p2a: Basura|0 fnt\n|faint|p2a: Basura\n|\n|upkeep\n|\n|t:|1700279850\n|switch|p2a: Master of Puppets|Banette, M|100\/100\n|-damage|p2a: Master of Puppets|88\/100|[from] Stealth Rock\n|turn|4\n|\n|t:|1700279856\n|detailschange|p2a: Master of Puppets|Banette-Mega, M\n|-mega|p2a: Master of Puppets|Banette|Banettite\n|move|p2a: Master of Puppets|Sucker Punch|p1a: Boldore\n|-damage|p1a: Boldore|0 fnt\n|faint|p1a: Boldore\n|\n|upkeep\n|j| SaturnBravo\n|l|saturnbravo\n|\n|t:|1700279866\n|switch|p1a: Krookodile|Krookodile, M|100\/100\n|turn|5\n|\n|t:|1700279874\n|move|p2a: Master of Puppets|Destiny Bond|p2a: Master of Puppets\n|-singlemove|p2a: Master of Puppets|Destiny Bond\n|move|p1a: Krookodile|Bulk Up|p1a: Krookodile\n|-boost|p1a: Krookodile|atk|1\n|-boost|p1a: Krookodile|def|1\n|\n|upkeep\n|turn|6\n|j| Tropical Bravo\n|\n|t:|1700279885\n|move|p2a: Master of Puppets|Destiny Bond||[still]\n|-fail|p2a: Master of Puppets\n|move|p1a: Krookodile|Knock Off|p2a: Master of Puppets\n|-supereffective|p2a: Master of Puppets\n|-damage|p2a: Master of Puppets|0 fnt\n|faint|p2a: Master of Puppets\n|-ability|p1a: Krookodile|Moxie|boost\n|-boost|p1a: Krookodile|atk|1\n|\n|upkeep\n|\n|t:|1700279893\n|switch|p2a: No b8 m8|Quagsire, M, shiny|100\/100\n|-damage|p2a: No b8 m8|94\/100|[from] Stealth Rock\n|turn|7\n|\n|t:|1700279899\n|move|p1a: Krookodile|Knock Off|p2a: No b8 m8\n|-damage|p2a: No b8 m8|63\/100\n|-enditem|p2a: No b8 m8|Leftovers|[from] move: Knock Off|[of] p1a: Krookodile\n|move|p2a: No b8 m8|Scald|p1a: Krookodile\n|-supereffective|p1a: Krookodile\n|-damage|p1a: Krookodile|44\/100\n|-status|p1a: Krookodile|brn\n|\n|-damage|p1a: Krookodile|38\/100 brn|[from] brn\n|upkeep\n|turn|8\n|\n|t:|1700279911\n|move|p1a: Krookodile|Knock Off|p2a: No b8 m8\n|-damage|p2a: No b8 m8|53\/100\n|move|p2a: No b8 m8|Spikes|p1a: Krookodile\n|-sidestart|p1: CallMeMrBusiness|Spikes\n|\n|-damage|p1a: Krookodile|32\/100 brn|[from] brn\n|upkeep\n|turn|9\n|\n|t:|1700279917\n|move|p1a: Krookodile|Knock Off|p2a: No b8 m8\n|-damage|p2a: No b8 m8|43\/100\n|move|p2a: No b8 m8|Spikes|p1a: Krookodile\n|-sidestart|p1: CallMeMrBusiness|Spikes\n|\n|-damage|p1a: Krookodile|26\/100 brn|[from] brn\n|upkeep\n|turn|10\n|\n|t:|1700279924\n|move|p1a: Krookodile|Knock Off|p2a: No b8 m8\n|-damage|p2a: No b8 m8|33\/100\n|move|p2a: No b8 m8|Spikes|p1a: Krookodile\n|-sidestart|p1: CallMeMrBusiness|Spikes\n|\n|-damage|p1a: Krookodile|20\/100 brn|[from] brn\n|upkeep\n|-enditem|p1a: Krookodile|Aguav Berry|[eat]\n|-heal|p1a: Krookodile|53\/100 brn|[from] item: Aguav Berry\n|turn|11\n|\n|t:|1700279937\n|move|p1a: Krookodile|Knock Off|p2a: No b8 m8\n|-damage|p2a: No b8 m8|22\/100\n|move|p2a: No b8 m8|Recover|p2a: No b8 m8\n|-heal|p2a: No b8 m8|72\/100\n|\n|-damage|p1a: Krookodile|47\/100 brn|[from] brn\n|upkeep\n|turn|12\n|\n|t:|1700279944\n|move|p1a: Krookodile|Bulk Up|p1a: Krookodile\n|-boost|p1a: Krookodile|atk|1\n|-boost|p1a: Krookodile|def|1\n|move|p2a: No b8 m8|Scald|p1a: Krookodile\n|-supereffective|p1a: Krookodile\n|-damage|p1a: Krookodile|0 fnt\n|faint|p1a: Krookodile\n|\n|upkeep\n|\n|t:|1700279952\n|switch|p1a: Leavanny|Leavanny, F, shiny|100\/100\n|-damage|p1a: Leavanny|76\/100|[from] Spikes\n|turn|13\n|\n|t:|1700279970\n|switch|p2a: DVD Player|Munkidori, M|100\/100\n|-damage|p2a: DVD Player|88\/100|[from] Stealth Rock\n|move|p1a: Leavanny|Leaf Blade|p2a: DVD Player\n|-resisted|p2a: DVD Player\n|-crit|p2a: DVD Player\n|-damage|p2a: DVD Player|38\/100\n|\n|upkeep\n|turn|14\n|\n|t:|1700279980\n|move|p2a: DVD Player|Sludge Wave|p1a: Leavanny\n|-supereffective|p1a: Leavanny\n|-damage|p1a: Leavanny|0 fnt\n|faint|p1a: Leavanny\n|-damage|p2a: DVD Player|28\/100|[from] item: Life Orb\n|\n|upkeep\n|\n|t:|1700279990\n|switch|p1a: Samurott|Samurott, M|100\/100\n|-damage|p1a: Samurott|76\/100|[from] Spikes\n|turn|15\n|\n|t:|1700280009\n|switch|p2a: No b8 m8|Quagsire, M, shiny|72\/100\n|-damage|p2a: No b8 m8|66\/100|[from] Stealth Rock\n|move|p1a: Samurott|Drill Run|p2a: No b8 m8\n|-damage|p2a: No b8 m8|47\/100\n|\n|-heal|p1a: Samurott|82\/100|[from] item: Leftovers\n|upkeep\n|turn|16\n|\n|t:|1700280019\n|move|p1a: Samurott|Swords Dance|p1a: Samurott\n|-boost|p1a: Samurott|atk|2\n|move|p2a: No b8 m8|Scald|p1a: Samurott\n|-resisted|p1a: Samurott\n|-damage|p1a: Samurott|71\/100\n|-status|p1a: Samurott|brn\n|\n|-heal|p1a: Samurott|77\/100 brn|[from] item: Leftovers\n|-damage|p1a: Samurott|71\/100 brn|[from] brn\n|upkeep\n|turn|17\n|\n|t:|1700280030\n|move|p1a: Samurott|Swords Dance|p1a: Samurott\n|-boost|p1a: Samurott|atk|2\n|move|p2a: No b8 m8|Scald|p1a: Samurott\n|-resisted|p1a: Samurott\n|-damage|p1a: Samurott|59\/100 brn\n|\n|-heal|p1a: Samurott|65\/100 brn|[from] item: Leftovers\n|-damage|p1a: Samurott|59\/100 brn|[from] brn\n|upkeep\n|turn|18\n|\n|t:|1700280040\n|move|p1a: Samurott|Swords Dance|p1a: Samurott\n|-boost|p1a: Samurott|atk|2\n|move|p2a: No b8 m8|Encore|p1a: Samurott\n|-start|p1a: Samurott|Encore\n|\n|-heal|p1a: Samurott|65\/100 brn|[from] item: Leftovers\n|-damage|p1a: Samurott|59\/100 brn|[from] brn\n|upkeep\n|turn|19\n|\n|t:|1700280053\n|switch|p2a: Eddy Valiant|Iron Valiant|100\/100\n|-damage|p2a: Eddy Valiant|94\/100|[from] Stealth Rock\n|-enditem|p2a: Eddy Valiant|Booster Energy\n|-activate|p2a: Eddy Valiant|ability: Quark Drive|[fromitem]\n|-start|p2a: Eddy Valiant|quarkdrivespe\n|move|p1a: Samurott|Swords Dance|p1a: Samurott\n|-boost|p1a: Samurott|atk|0\n|\n|-heal|p1a: Samurott|65\/100 brn|[from] item: Leftovers\n|-damage|p1a: Samurott|59\/100 brn|[from] brn\n|upkeep\n|turn|20\n|\n|t:|1700280072\n|move|p2a: Eddy Valiant|Knock Off|p1a: Samurott\n|-damage|p1a: Samurott|24\/100 brn\n|-enditem|p1a: Samurott|Leftovers|[from] move: Knock Off|[of] p2a: Eddy Valiant\n|move|p1a: Samurott|Swords Dance|p1a: Samurott\n|-boost|p1a: Samurott|atk|0\n|\n|-damage|p1a: Samurott|18\/100 brn|[from] brn\n|upkeep\n|turn|21\n|\n|t:|1700280082\n|move|p2a: Eddy Valiant|Leaf Blade|p1a: Samurott\n|-supereffective|p1a: Samurott\n|-damage|p1a: Samurott|0 fnt\n|faint|p1a: Samurott\n|\n|upkeep\n|\n|t:|1700280089\n|switch|p1a: Emolga|Emolga, F|100\/100\n|turn|22\n|\n|t:|1700280095\n|move|p2a: Eddy Valiant|Spirit Break|p1a: Emolga\n|-damage|p1a: Emolga|14\/100\n|-unboost|p1a: Emolga|spa|1\n|move|p1a: Emolga|Air Slash|p2a: Eddy Valiant\n|-supereffective|p2a: Eddy Valiant\n|-damage|p2a: Eddy Valiant|25\/100\n|\n|upkeep\n|turn|23\n|\n|t:|1700280102\n|move|p2a: Eddy Valiant|Spirit Break|p1a: Emolga\n|-damage|p1a: Emolga|0 fnt\n|faint|p1a: Emolga\n|\n|upkeep\n|\n|t:|1700280106\n|switch|p1a: Sawk|Sawk, M|100\/100\n|-damage|p1a: Sawk|76\/100|[from] Spikes\n|turn|24\n|\n|t:|1700280111\n|-terastallize|p1a: Sawk|Poison\n|move|p2a: Eddy Valiant|Spirit Break|p1a: Sawk\n|-resisted|p1a: Sawk\n|-damage|p1a: Sawk|44\/100\n|-unboost|p1a: Sawk|spa|1\n|move|p1a: Sawk|Poison Jab|p2a: Eddy Valiant\n|-supereffective|p2a: Eddy Valiant\n|-damage|p2a: Eddy Valiant|0 fnt\n|faint|p2a: Eddy Valiant\n|-end|p2a: Eddy Valiant|Quark Drive|[silent]\n|\n|upkeep\n|\n|t:|1700280128\n|switch|p2a: Pawmot|Pawmot, F|100\/100\n|-damage|p2a: Pawmot|94\/100|[from] Stealth Rock\n|turn|25\n|\n|t:|1700280133\n|move|p2a: Pawmot|Double Shock|p1a: Sawk\n|-damage|p1a: Sawk|0 fnt\n|-start|p2a: Pawmot|typechange|???\/Fighting|[from] move: Double Shock\n|faint|p1a: Sawk\n|\n|win|Mob Boss Joey\n|raw|CallMeMrBusiness's rating: 1111 &rarr; <strong>1086<\/strong><br \/>(-25 for losing)\n|raw|Mob Boss Joey's rating: 1114 &rarr; <strong>1139<\/strong><br \/>(+25 for winning)\n","uploadtime":1700280141,"views":12,"p1id":"callmemrbusiness","p2id":"mobbossjoey","formatid":"gen9nationaldex","rating":1086,"private":0,"password":""}