{"id":"gen9nationaldex-1995029439","p1":"Underwater Sloth","p2":"test account dl","format":"[Gen 9] National Dex","log":"|html|<div class=\"broadcast-blue\"><strong>[Gen 9] National Dex is currently suspecting Sneasler! For information on how to participate check out the <a href=\"https:\/\/www.smogon.com\/forums\/threads\/sv-national-dex-suspect-8-just-dance.3731534\/\">suspect thread<\/a>.<\/strong><\/div>\n|j|\u2606Underwater Sloth\n|j|\u2606test account dl\n|t:|1700515018\n|gametype|singles\n|player|p1|Underwater Sloth|pokekid|1619\n|player|p2|test account dl|acetrainer|1727\n|teamsize|p1|6\n|teamsize|p2|6\n|gen|9\n|tier|[Gen 9] National Dex\n|rated|\n|rule|HP Percentage Mod: HP is shown in percentages\n|rule|Endless Battle Clause: Forcing endless battles is banned\n|rule|OHKO Clause: OHKO moves are banned\n|rule|Evasion Clause: Evasion abilities, items, and moves are banned\n|rule|Evasion Abilities Clause: Evasion abilities are banned\n|rule|Evasion Items Clause: Evasion items are banned\n|rule|Evasion Moves Clause: Evasion moves are banned\n|rule|Species Clause: Limit one of each Pok\u00e9mon\n|rule|Sleep Clause Mod: Limit one foe put to sleep\n|clearpoke\n|poke|p1|Garchomp, M|\n|poke|p1|Banette, F|\n|poke|p1|Rotom-Wash|\n|poke|p1|Gliscor, F|\n|poke|p1|Volcarona, M|\n|poke|p1|Heatran, F|\n|poke|p2|Serperior, F|\n|poke|p2|Arcanine-Hisui, M|\n|poke|p2|Slowking, M|\n|poke|p2|Steelix, M|\n|poke|p2|Corviknight, M|\n|poke|p2|Hawlucha, F|\n|teampreview\n|\n|t:|1700515041\n|start\n|switch|p1a: Rotom|Rotom-Wash|100\/100\n|switch|p2a: Slowking|Slowking, M|100\/100\n|turn|1\n|inactive|Battle timer is ON: inactive players will automatically lose when time's up. (requested by test account dl)\n|\n|t:|1700515047\n|move|p1a: Rotom|Trick|p2a: Slowking\n|-activate|p1a: Rotom|move: Trick|[of] p2a: Slowking\n|-item|p2a: Slowking|Choice Scarf|[from] move: Trick\n|-item|p1a: Rotom|Assault Vest|[from] move: Trick\n|move|p2a: Slowking|Scald|p1a: Rotom\n|-resisted|p1a: Rotom\n|-damage|p1a: Rotom|84\/100\n|\n|upkeep\n|turn|2\n|\n|t:|1700515051\n|move|p1a: Rotom|Volt Switch|p2a: Slowking\n|-supereffective|p2a: Slowking\n|-damage|p2a: Slowking|54\/100\n|\n|t:|1700515061\n|switch|p1a: Garchomp|Garchomp, M|100\/100|[from] Volt Switch\n|move|p2a: Slowking|Scald|p1a: Garchomp\n|-damage|p1a: Garchomp|63\/100\n|\n|upkeep\n|turn|3\n|\n|t:|1700515065\n|move|p1a: Garchomp|Stealth Rock|p2a: Slowking\n|-sidestart|p2: test account dl|move: Stealth Rock\n|move|p2a: Slowking|Scald|p1a: Garchomp\n|-damage|p1a: Garchomp|27\/100\n|\n|upkeep\n|turn|4\n|\n|t:|1700515069\n|switch|p2a: Hawlucha|Hawlucha, F|100\/100\n|-damage|p2a: Hawlucha|88\/100|[from] Stealth Rock\n|move|p1a: Garchomp|Earthquake|p2a: Hawlucha\n|-immune|p2a: Hawlucha\n|\n|upkeep\n|turn|5\n|\n|t:|1700515077\n|move|p2a: Hawlucha|Close Combat|p1a: Garchomp\n|-damage|p1a: Garchomp|0 fnt\n|-unboost|p2a: Hawlucha|def|1\n|-unboost|p2a: Hawlucha|spd|1\n|-damage|p2a: Hawlucha|76\/100|[from] ability: Rough Skin|[of] p1a: Garchomp\n|faint|p1a: Garchomp\n|\n|upkeep\n|\n|t:|1700515085\n|switch|p1a: Banette|Banette, F|100\/100\n|turn|6\n|\n|t:|1700515091\n|switch|p2a: Steelix|Steelix, M|100\/100\n|-damage|p2a: Steelix|97\/100|[from] Stealth Rock\n|detailschange|p1a: Banette|Banette-Mega, F\n|-mega|p1a: Banette|Banette|Banettite\n|move|p1a: Banette|Encore||[still]\n|-fail|p1a: Banette\n|\n|upkeep\n|turn|7\n|\n|t:|1700515108\n|switch|p1a: Heatran|Heatran, F|100\/100\n|detailschange|p2a: Steelix|Steelix-Mega, M\n|-mega|p2a: Steelix|Steelix|Steelixite\n|move|p2a: Steelix|Stealth Rock|p1a: Heatran\n|-sidestart|p1: Underwater Sloth|move: Stealth Rock\n|\n|upkeep\n|turn|8\n|\n|t:|1700515115\n|switch|p2a: Slowking|Slowking, M|88\/100\n|-damage|p2a: Slowking|75\/100|[from] Stealth Rock\n|move|p1a: Heatran|Protect||[still]\n|-fail|p1a: Heatran\n|\n|upkeep\n|turn|9\n|\n|t:|1700515122\n|move|p1a: Heatran|Protect|p1a: Heatran\n|-singleturn|p1a: Heatran|Protect\n|move|p2a: Slowking|Scald|p1a: Heatran\n|-activate|p1a: Heatran|move: Protect\n|\n|upkeep\n|turn|10\n|\n|t:|1700515137\n|switch|p2a: Serperior|Serperior, F|100\/100\n|-damage|p2a: Serperior|88\/100|[from] Stealth Rock\n|move|p1a: Heatran|Toxic|p2a: Serperior\n|-status|p2a: Serperior|tox\n|\n|-heal|p2a: Serperior|94\/100 tox|[from] item: Leftovers\n|-damage|p2a: Serperior|88\/100 tox|[from] psn\n|upkeep\n|turn|11\n|\n|t:|1700515145\n|move|p2a: Serperior|Substitute|p2a: Serperior\n|-start|p2a: Serperior|Substitute\n|-damage|p2a: Serperior|63\/100 tox\n|move|p1a: Heatran|Magma Storm|p2a: Serperior\n|-supereffective|p2a: Serperior\n|-end|p2a: Serperior|Substitute\n|\n|-heal|p2a: Serperior|69\/100 tox|[from] item: Leftovers\n|-damage|p2a: Serperior|57\/100 tox|[from] psn\n|upkeep\n|turn|12\n|\n|t:|1700515149\n|move|p2a: Serperior|Glare|p1a: Heatran\n|-status|p1a: Heatran|par\n|move|p1a: Heatran|Magma Storm|p2a: Serperior\n|-supereffective|p2a: Serperior\n|-damage|p2a: Serperior|0 fnt\n|faint|p2a: Serperior\n|\n|upkeep\n|\n|t:|1700515154\n|switch|p2a: Hawlucha|Hawlucha, F|76\/100\n|-damage|p2a: Hawlucha|63\/100|[from] Stealth Rock\n|turn|13\n|\n|t:|1700515163\n|switch|p1a: Banette|Banette-Mega, F|100\/100\n|-damage|p1a: Banette|88\/100|[from] Stealth Rock\n|move|p2a: Hawlucha|Substitute|p2a: Hawlucha\n|-start|p2a: Hawlucha|Substitute\n|-damage|p2a: Hawlucha|38\/100\n|-enditem|p2a: Hawlucha|Sitrus Berry|[eat]\n|-heal|p2a: Hawlucha|63\/100|[from] item: Sitrus Berry\n|\n|upkeep\n|turn|14\n|\n|t:|1700515170\n|switch|p2a: Steelix|Steelix-Mega, M|97\/100\n|-damage|p2a: Steelix|94\/100|[from] Stealth Rock\n|move|p1a: Banette|Encore||[still]\n|-fail|p1a: Banette\n|\n|upkeep\n|turn|15\n|\n|t:|1700515176\n|switch|p1a: Rotom|Rotom-Wash|84\/100\n|-damage|p1a: Rotom|72\/100|[from] Stealth Rock\n|move|p2a: Steelix|Roar|p1a: Rotom\n|drag|p1a: Heatran|Heatran, F|100\/100 par\n|-damage|p1a: Heatran|88\/100 par|[from] Stealth Rock\n|\n|-heal|p1a: Heatran|94\/100 par|[from] item: Leftovers\n|upkeep\n|turn|16\n|\n|t:|1700515187\n|switch|p2a: Slowking|Slowking, M|100\/100\n|-damage|p2a: Slowking|88\/100|[from] Stealth Rock\n|cant|p1a: Heatran|par\n|\n|-heal|p1a: Heatran|100\/100 par|[from] item: Leftovers\n|upkeep\n|turn|17\n|\n|t:|1700515192\n|move|p2a: Slowking|Scald|p1a: Heatran\n|-supereffective|p1a: Heatran\n|-damage|p1a: Heatran|55\/100 par\n|cant|p1a: Heatran|par\n|\n|-heal|p1a: Heatran|61\/100 par|[from] item: Leftovers\n|upkeep\n|turn|18\n|\n|t:|1700515199\n|move|p1a: Heatran|Protect|p1a: Heatran\n|-singleturn|p1a: Heatran|Protect\n|move|p2a: Slowking|Scald|p1a: Heatran\n|-activate|p1a: Heatran|move: Protect\n|\n|-heal|p1a: Heatran|67\/100 par|[from] item: Leftovers\n|upkeep\n|turn|19\n|\n|t:|1700515212\n|-terastallize|p1a: Heatran|Grass\n|move|p2a: Slowking|Scald|p1a: Heatran\n|-resisted|p1a: Heatran\n|-damage|p1a: Heatran|55\/100 par\n|move|p1a: Heatran|Toxic|p2a: Slowking\n|-status|p2a: Slowking|tox\n|\n|-heal|p1a: Heatran|61\/100 par|[from] item: Leftovers\n|-damage|p2a: Slowking|82\/100 tox|[from] psn\n|upkeep\n|turn|20\n|\n|t:|1700515222\n|move|p2a: Slowking|Scald|p1a: Heatran\n|-resisted|p1a: Heatran\n|-damage|p1a: Heatran|49\/100 par\n|move|p1a: Heatran|Magma Storm|p2a: Slowking\n|-resisted|p2a: Slowking\n|-damage|p2a: Slowking|64\/100 tox\n|-activate|p2a: Slowking|move: Magma Storm|[of] p1a: Heatran\n|\n|-heal|p1a: Heatran|56\/100 par|[from] item: Leftovers\n|-damage|p2a: Slowking|52\/100 tox|[from] psn\n|-damage|p2a: Slowking|40\/100 tox|[from] move: Magma Storm|[partiallytrapped]\n|upkeep\n|turn|21\n|\n|t:|1700515229\n|cant|p1a: Heatran|par\n|move|p2a: Slowking|Scald|p1a: Heatran\n|-resisted|p1a: Heatran\n|-damage|p1a: Heatran|45\/100 par\n|\n|-heal|p1a: Heatran|51\/100 par|[from] item: Leftovers\n|-damage|p2a: Slowking|21\/100 tox|[from] psn\n|-damage|p2a: Slowking|9\/100 tox|[from] move: Magma Storm|[partiallytrapped]\n|upkeep\n|turn|22\n|\n|t:|1700515231\n|move|p1a: Heatran|Protect|p1a: Heatran\n|-singleturn|p1a: Heatran|Protect\n|move|p2a: Slowking|Scald|p1a: Heatran\n|-activate|p1a: Heatran|move: Protect\n|\n|-heal|p1a: Heatran|57\/100 par|[from] item: Leftovers\n|-damage|p2a: Slowking|0 fnt|[from] psn\n|faint|p2a: Slowking\n|upkeep\n|\n|t:|1700515238\n|switch|p2a: Corviknight|Corviknight, M|100\/100\n|-damage|p2a: Corviknight|88\/100|[from] Stealth Rock\n|-ability|p2a: Corviknight|Pressure\n|turn|23\n|\n|t:|1700515253\n|move|p2a: Corviknight|Substitute|p2a: Corviknight\n|-start|p2a: Corviknight|Substitute\n|-damage|p2a: Corviknight|63\/100\n|move|p1a: Heatran|Magma Storm|p2a: Corviknight|[miss]\n|-miss|p1a: Heatran|p2a: Corviknight\n|\n|-heal|p2a: Corviknight|69\/100|[from] item: Leftovers\n|-heal|p1a: Heatran|64\/100 par|[from] item: Leftovers\n|upkeep\n|turn|24\n|\n|t:|1700515260\n|move|p2a: Corviknight|Brave Bird|p1a: Heatran\n|-supereffective|p1a: Heatran\n|-damage|p1a: Heatran|3\/100 par\n|-damage|p2a: Corviknight|50\/100|[from] Recoil\n|move|p1a: Heatran|Magma Storm|p2a: Corviknight\n|-supereffective|p2a: Corviknight\n|-end|p2a: Corviknight|Substitute\n|\n|-heal|p2a: Corviknight|56\/100|[from] item: Leftovers\n|-heal|p1a: Heatran|9\/100 par|[from] item: Leftovers\n|upkeep\n|turn|25\n|\n|t:|1700515266\n|move|p2a: Corviknight|Brave Bird|p1a: Heatran\n|-supereffective|p1a: Heatran\n|-damage|p1a: Heatran|0 fnt\n|faint|p1a: Heatran\n|-damage|p2a: Corviknight|53\/100|[from] Recoil\n|\n|-heal|p2a: Corviknight|60\/100|[from] item: Leftovers\n|upkeep\n|\n|t:|1700515269\n|switch|p1a: Rotom|Rotom-Wash|72\/100\n|-damage|p1a: Rotom|59\/100|[from] Stealth Rock\n|turn|26\n|\n|t:|1700515274\n|move|p1a: Rotom|Volt Switch|p2a: Corviknight\n|-supereffective|p2a: Corviknight\n|-damage|p2a: Corviknight|16\/100\n|\n|t:|1700515286\n|switch|p1a: Banette|Banette-Mega, F|88\/100|[from] Volt Switch\n|-damage|p1a: Banette|76\/100|[from] Stealth Rock\n|move|p2a: Corviknight|Roost|p2a: Corviknight\n|-heal|p2a: Corviknight|66\/100\n|-singleturn|p2a: Corviknight|move: Roost\n|\n|-heal|p2a: Corviknight|72\/100|[from] item: Leftovers\n|upkeep\n|turn|27\n|\n|t:|1700515296\n|move|p1a: Banette|Encore|p2a: Corviknight\n|-start|p2a: Corviknight|Encore\n|move|p2a: Corviknight|Roost|p2a: Corviknight\n|-heal|p2a: Corviknight|100\/100\n|-singleturn|p2a: Corviknight|move: Roost\n|\n|upkeep\n|turn|28\n|\n|t:|1700515300\n|switch|p2a: Steelix|Steelix-Mega, M|94\/100\n|-damage|p2a: Steelix|91\/100|[from] Stealth Rock\n|move|p1a: Banette|Swords Dance|p1a: Banette\n|-boost|p1a: Banette|atk|2\n|\n|upkeep\n|turn|29\n|\n|t:|1700515313\n|move|p1a: Banette|Shadow Sneak|p2a: Steelix\n|-damage|p2a: Steelix|69\/100\n|move|p2a: Steelix|Heavy Slam|p1a: Banette\n|-damage|p1a: Banette|15\/100\n|\n|upkeep\n|turn|30\n|\n|t:|1700515315\n|move|p1a: Banette|Destiny Bond|p1a: Banette\n|-singlemove|p1a: Banette|Destiny Bond\n|move|p2a: Steelix|Roar|p1a: Banette\n|drag|p1a: Gliscor|Gliscor, F|100\/100\n|-damage|p1a: Gliscor|88\/100|[from] Stealth Rock\n|\n|-status|p1a: Gliscor|tox|[from] item: Toxic Orb\n|upkeep\n|turn|31\n|\n|t:|1700515326\n|switch|p2a: Hawlucha|Hawlucha, F|63\/100\n|-damage|p2a: Hawlucha|51\/100|[from] Stealth Rock\n|move|p1a: Gliscor|Earthquake|p2a: Hawlucha\n|-immune|p2a: Hawlucha\n|\n|-heal|p1a: Gliscor|100\/100 tox|[from] ability: Poison Heal\n|upkeep\n|turn|32\n|\n|t:|1700515332\n|move|p2a: Hawlucha|Acrobatics|p1a: Gliscor\n|-damage|p1a: Gliscor|71\/100 tox\n|move|p1a: Gliscor|Toxic|p2a: Hawlucha\n|-status|p2a: Hawlucha|tox\n|\n|-damage|p2a: Hawlucha|45\/100 tox|[from] psn\n|-heal|p1a: Gliscor|83\/100 tox|[from] ability: Poison Heal\n|upkeep\n|turn|33\n|\n|t:|1700515339\n|move|p1a: Gliscor|Protect|p1a: Gliscor\n|-singleturn|p1a: Gliscor|Protect\n|move|p2a: Hawlucha|Swords Dance|p2a: Hawlucha\n|-boost|p2a: Hawlucha|atk|2\n|\n|-damage|p2a: Hawlucha|32\/100 tox|[from] psn\n|-heal|p1a: Gliscor|95\/100 tox|[from] ability: Poison Heal\n|upkeep\n|turn|34\n|\n|t:|1700515352\n|switch|p1a: Banette|Banette-Mega, F|15\/100\n|-damage|p1a: Banette|3\/100|[from] Stealth Rock\n|move|p2a: Hawlucha|Acrobatics|p1a: Banette\n|-damage|p1a: Banette|0 fnt\n|faint|p1a: Banette\n|\n|-damage|p2a: Hawlucha|14\/100 tox|[from] psn\n|upkeep\n|\n|t:|1700515363\n|switch|p1a: Gliscor|Gliscor, F|95\/100 tox\n|-damage|p1a: Gliscor|83\/100 tox|[from] Stealth Rock\n|turn|35\n|\n|t:|1700515370\n|switch|p2a: Corviknight|Corviknight, M|100\/100\n|-damage|p2a: Corviknight|88\/100|[from] Stealth Rock\n|-ability|p2a: Corviknight|Pressure\n|move|p1a: Gliscor|Protect||[still]\n|-fail|p1a: Gliscor\n|\n|-heal|p2a: Corviknight|94\/100|[from] item: Leftovers\n|-heal|p1a: Gliscor|95\/100 tox|[from] ability: Poison Heal\n|upkeep\n|turn|36\n|\n|t:|1700515378\n|switch|p1a: Rotom|Rotom-Wash|59\/100\n|-damage|p1a: Rotom|47\/100|[from] Stealth Rock\n|move|p2a: Corviknight|Substitute|p2a: Corviknight\n|-start|p2a: Corviknight|Substitute\n|-damage|p2a: Corviknight|69\/100\n|\n|-heal|p2a: Corviknight|75\/100|[from] item: Leftovers\n|upkeep\n|turn|37\n|\n|t:|1700515380\n|move|p1a: Rotom|Volt Switch|p2a: Corviknight\n|-supereffective|p2a: Corviknight\n|-crit|p2a: Corviknight\n|-end|p2a: Corviknight|Substitute\n|\n|t:|1700515385\n|switch|p1a: Gliscor|Gliscor, F|95\/100 tox|[from] Volt Switch\n|-damage|p1a: Gliscor|83\/100 tox|[from] Stealth Rock\n|move|p2a: Corviknight|Substitute|p2a: Corviknight\n|-start|p2a: Corviknight|Substitute\n|-damage|p2a: Corviknight|50\/100\n|\n|-heal|p2a: Corviknight|57\/100|[from] item: Leftovers\n|-heal|p1a: Gliscor|95\/100 tox|[from] ability: Poison Heal\n|upkeep\n|turn|38\n|\n|t:|1700515395\n|switch|p1a: Rotom|Rotom-Wash|47\/100\n|-damage|p1a: Rotom|35\/100|[from] Stealth Rock\n|move|p2a: Corviknight|Bulk Up|p2a: Corviknight\n|-boost|p2a: Corviknight|atk|1\n|-boost|p2a: Corviknight|def|1\n|\n|-heal|p2a: Corviknight|63\/100|[from] item: Leftovers\n|upkeep\n|turn|39\n|\n|t:|1700515401\n|move|p1a: Rotom|Volt Switch|p2a: Corviknight\n|-supereffective|p2a: Corviknight\n|-end|p2a: Corviknight|Substitute\n|\n|t:|1700515403\n|switch|p1a: Volcarona|Volcarona, M|100\/100|[from] Volt Switch\n|move|p2a: Corviknight|Substitute|p2a: Corviknight\n|-start|p2a: Corviknight|Substitute\n|-damage|p2a: Corviknight|38\/100\n|\n|-heal|p2a: Corviknight|44\/100|[from] item: Leftovers\n|upkeep\n|turn|40\n|\n|t:|1700515407\n|move|p1a: Volcarona|Quiver Dance|p1a: Volcarona\n|-boost|p1a: Volcarona|spa|1\n|-boost|p1a: Volcarona|spd|1\n|-boost|p1a: Volcarona|spe|1\n|move|p2a: Corviknight|Brave Bird|p1a: Volcarona\n|-supereffective|p1a: Volcarona\n|-damage|p1a: Volcarona|8\/100\n|-status|p2a: Corviknight|brn|[from] ability: Flame Body|[of] p1a: Volcarona\n|-damage|p2a: Corviknight|16\/100 brn|[from] Recoil\n|\n|-heal|p2a: Corviknight|22\/100 brn|[from] item: Leftovers\n|-damage|p2a: Corviknight|16\/100 brn|[from] brn\n|upkeep\n|turn|41\n|\n|t:|1700515411\n|move|p1a: Volcarona|Flamethrower|p2a: Corviknight\n|-supereffective|p2a: Corviknight\n|-end|p2a: Corviknight|Substitute\n|move|p2a: Corviknight|Brave Bird|p1a: Volcarona\n|-supereffective|p1a: Volcarona\n|-damage|p1a: Volcarona|0 fnt\n|faint|p1a: Volcarona\n|-damage|p2a: Corviknight|13\/100 brn|[from] Recoil\n|\n|-heal|p2a: Corviknight|19\/100 brn|[from] item: Leftovers\n|-damage|p2a: Corviknight|13\/100 brn|[from] brn\n|upkeep\n|\n|t:|1700515417\n|switch|p1a: Rotom|Rotom-Wash|35\/100\n|-damage|p1a: Rotom|22\/100|[from] Stealth Rock\n|turn|42\n|\n|t:|1700515420\n|move|p1a: Rotom|Hydro Pump|p2a: Corviknight\n|-damage|p2a: Corviknight|0 fnt\n|faint|p2a: Corviknight\n|\n|upkeep\n|\n|t:|1700515427\n|switch|p2a: Arcanine|Arcanine-Hisui, M|100\/100\n|-damage|p2a: Arcanine|76\/100|[from] Stealth Rock\n|turn|43\n|\n|t:|1700515437\n|-terastallize|p2a: Arcanine|Water\n|move|p2a: Arcanine|Head Smash|p1a: Rotom\n|-damage|p1a: Rotom|0 fnt\n|faint|p1a: Rotom\n|\n|upkeep\n|\n|t:|1700515440\n|switch|p1a: Gliscor|Gliscor, F|95\/100 tox\n|-damage|p1a: Gliscor|83\/100 tox|[from] Stealth Rock\n|turn|44\n|\n|t:|1700515444\n|move|p1a: Gliscor|Protect|p1a: Gliscor\n|-singleturn|p1a: Gliscor|Protect\n|move|p2a: Arcanine|Head Smash|p1a: Gliscor\n|-activate|p1a: Gliscor|move: Protect\n|\n|-heal|p1a: Gliscor|95\/100 tox|[from] ability: Poison Heal\n|upkeep\n|turn|45\n|\n|t:|1700515449\n|move|p2a: Arcanine|Head Smash|p1a: Gliscor\n|-damage|p1a: Gliscor|29\/100 tox\n|move|p1a: Gliscor|Toxic|p2a: Arcanine|[miss]\n|-miss|p1a: Gliscor|p2a: Arcanine\n|\n|-heal|p1a: Gliscor|42\/100 tox|[from] ability: Poison Heal\n|upkeep\n|turn|46\n|\n|t:|1700515454\n|move|p2a: Arcanine|Head Smash|p1a: Gliscor\n|-damage|p1a: Gliscor|0 fnt\n|faint|p1a: Gliscor\n|\n|win|test account dl\n|raw|Underwater Sloth's rating: 1619 &rarr; <strong>1605<\/strong><br \/>(-14 for losing)\n|raw|test account dl's rating: 1727 &rarr; <strong>1741<\/strong><br \/>(+14 for winning)\n|c|\u2606test account dl|I played so well omg\n|l|\u2606test account dl\n|l|\u2606Underwater Sloth\n|j|\u2606test account dl\n|player|p2|test account dl|acetrainer\n|c|\u2606test account dl|\/log test account dl made this room public.\n","uploadtime":1700515469,"views":24,"p1id":"underwatersloth","p2id":"testaccountdl","formatid":"gen9nationaldex","rating":1605,"private":0,"password":""}