{"id":"gen9nationaldex-1989920173","p1":"Azu_CriticalXD","p2":"Jor99fran","format":"[Gen 9] National Dex","log":"|j|\u2606Azu_CriticalXD\n|j|\u2606Jor99fran\n|t:|1699906812\n|gametype|singles\n|player|p1|Azu_CriticalXD|ltsurge|\n|player|p2|Jor99fran|ghetsis|\n|teamsize|p1|6\n|teamsize|p2|6\n|gen|9\n|tier|[Gen 9] National Dex\n|rule|HP Percentage Mod: HP is shown in percentages\n|rule|Endless Battle Clause: Forcing endless battles is banned\n|rule|OHKO Clause: OHKO moves are banned\n|rule|Evasion Clause: Evasion abilities, items, and moves are banned\n|rule|Evasion Abilities Clause: Evasion abilities are banned\n|rule|Evasion Items Clause: Evasion items are banned\n|rule|Evasion Moves Clause: Evasion moves are banned\n|rule|Species Clause: Limit one of each Pok\u00e9mon\n|rule|Sleep Clause Mod: Limit one foe put to sleep\n|clearpoke\n|poke|p1|Regigigas|\n|poke|p1|Zoroark-Hisui, M|\n|poke|p1|Grafaiai, M|\n|poke|p1|Ursaluna, F|\n|poke|p1|Pidgeot, F|\n|poke|p1|Porygon-Z|\n|poke|p2|Zoroark-Hisui, M|\n|poke|p2|Mimikyu, F|\n|poke|p2|Froslass, F|\n|poke|p2|Ceruledge, M|\n|poke|p2|Mismagius, F|\n|poke|p2|Typhlosion-Hisui, M|\n|teampreview\n|\n|t:|1699906823\n|start\n|switch|p1a: Urbeman|Grafaiai, M, shiny|100\/100\n|switch|p2a: Froslass|Froslass, F|100\/100\n|turn|1\n|c|\u2606Jor99fran|ooo\n|c|\u2606Jor99fran|otra variacion\n|\n|t:|1699906838\n|move|p2a: Froslass|Spikes|p1a: Urbeman\n|-sidestart|p1: Azu_CriticalXD|Spikes\n|move|p1a: Urbeman|Cross Poison|p2a: Froslass\n|-resisted|p2a: Froslass\n|-damage|p2a: Froslass|77\/100\n|-status|p2a: Froslass|psn\n|-start|p1a: Urbeman|Disable|Cross Poison|[from] ability: Cursed Body|[of] p2a: Froslass\n|\n|-damage|p2a: Froslass|65\/100 psn|[from] psn\n|upkeep\n|turn|2\n|\n|t:|1699906850\n|move|p2a: Froslass|Spikes|p1a: Urbeman\n|-sidestart|p1: Azu_CriticalXD|Spikes\n|move|p1a: Urbeman|U-turn|p2a: Froslass\n|-resisted|p2a: Froslass\n|-damage|p2a: Froslass|49\/100 psn\n|c|\u2606Azu_CriticalXD|me di cuenta de algo ptm xd\n|c|\u2606Jor99fran|XD\n|c|\u2606Azu_CriticalXD|luego lo arreglo\n|\n|t:|1699906873\n|switch|p1a: Dashy|Pidgeot, F, shiny|100\/100|[from] U-turn\n|\n|-damage|p2a: Froslass|36\/100 psn|[from] psn\n|upkeep\n|turn|3\n|\n|t:|1699906881\n|detailschange|p1a: Dashy|Pidgeot-Mega, F, shiny\n|-mega|p1a: Dashy|Pidgeot|Pidgeotite\n|move|p1a: Dashy|Hurricane|p2a: Froslass\n|-damage|p2a: Froslass|0 fnt\n|-start|p1a: Dashy|Disable|Hurricane|[from] ability: Cursed Body|[of] p2a: Froslass\n|faint|p2a: Froslass\n|\n|upkeep\n|\n|t:|1699906898\n|switch|p2a: Typhlosion|Typhlosion-Hisui, M|100\/100\n|turn|4\n|\n|t:|1699906913\n|move|p1a: Dashy|U-turn|p2a: Typhlosion\n|-resisted|p2a: Typhlosion\n|-damage|p2a: Typhlosion|87\/100\n|replace|p2a: Zoroark|Zoroark-Hisui, M\n|-end|p2a: Zoroark|Illusion\n|\n|t:|1699906932\n|switch|p1a: Mecha|Regigigas, shiny|100\/100|[from] U-turn\n|-damage|p1a: Mecha|84\/100|[from] Spikes\n|-start|p1a: Mecha|ability: Slow Start\n|move|p2a: Zoroark|Nasty Plot|p2a: Zoroark\n|-boost|p2a: Zoroark|spa|2\n|\n|-heal|p1a: Mecha|90\/100|[from] item: Leftovers\n|upkeep\n|turn|5\n|\n|t:|1699906962\n|move|p2a: Zoroark|Grass Knot|p1a: Mecha\n|-damage|p1a: Mecha|18\/100\n|move|p1a: Mecha|Thunder Wave|p2a: Zoroark\n|-status|p2a: Zoroark|par\n|\n|-heal|p1a: Mecha|24\/100|[from] item: Leftovers\n|upkeep\n|turn|6\n|\n|t:|1699906973\n|move|p2a: Zoroark|Grass Knot|p1a: Mecha\n|-damage|p1a: Mecha|0 fnt\n|faint|p1a: Mecha\n|-end|p1a: Mecha|Slow Start|[silent]\n|\n|upkeep\n|\n|t:|1699906999\n|switch|p1a: Dashy|Pidgeot-Mega, F, shiny|100\/100\n|turn|7\n|c|\u2606Jor99fran|ese no es el real\n|\n|t:|1699907010\n|move|p1a: Dashy|Hurricane|p2a: Zoroark\n|-damage|p2a: Zoroark|0 fnt\n|faint|p2a: Zoroark\n|\n|upkeep\n|\n|t:|1699907017\n|switch|p2a: Mismagius|Mismagius, F|100\/100\n|turn|8\n|c|\u2606Azu_CriticalXD|el que cosa para que?\n|c|\u2606Azu_CriticalXD|xd\n|\n|t:|1699907030\n|move|p2a: Mismagius|Destiny Bond|p2a: Mismagius\n|-singlemove|p2a: Mismagius|Destiny Bond\n|move|p1a: Dashy|U-turn|p2a: Mismagius\n|-resisted|p2a: Mismagius\n|-damage|p2a: Mismagius|89\/100\n|\n|t:|1699907039\n|switch|p1a: Dashy|Pidgeot-Mega, F, shiny|100\/100|[from] U-turn\n|-damage|p1a: Dashy|84\/100|[from] Spikes\n|\n|upkeep\n|turn|9\n|c|\u2606Jor99fran|ese si es falso\n|c|\u2606Azu_CriticalXD|\u00bf?\n|c|\u2606Jor99fran|se hiso da\u00f1o\n|c|\u2606Azu_CriticalXD|ya nos exiviste zoroak xd\n|c|\u2606Jor99fran|con las piedras\n|c|\u2606Jor99fran|XD\n|c|\u2606Azu_CriticalXD|se convirtio en tu cara litera\n|\n|t:|1699907086\n|switch|p2a: Typhlosion|Typhlosion-Hisui, M|100\/100\n|-item|p1a: Dashy|Focus Sash|[from] ability: Frisk|[of] p2a: Typhlosion|[identify]\n|switch|p1a: Fancie|Ursaluna, F, shiny|100\/100\n|-damage|p1a: Fancie|84\/100|[from] Spikes\n|\n|-status|p1a: Fancie|brn|[from] item: Flame Orb\n|upkeep\n|turn|10\n|c|\u2606Jor99fran|si XD\n|\n|t:|1699907101\n|move|p2a: Typhlosion|Fire Blast|p1a: Fancie\n|-damage|p1a: Fancie|32\/100 brn\n|move|p1a: Fancie|Earthquake|p2a: Typhlosion\n|-supereffective|p2a: Typhlosion\n|-crit|p2a: Typhlosion\n|-damage|p2a: Typhlosion|0 fnt\n|faint|p2a: Typhlosion\n|\n|-damage|p1a: Fancie|26\/100 brn|[from] brn\n|upkeep\n|\n|t:|1699907109\n|switch|p2a: Mimikyu|Mimikyu, F|100\/100\n|turn|11\n|\n|t:|1699907123\n|move|p2a: Mimikyu|Swords Dance|p2a: Mimikyu\n|-boost|p2a: Mimikyu|atk|2\n|move|p1a: Fancie|Earthquake|p2a: Mimikyu\n|-activate|p2a: Mimikyu|ability: Disguise\n|-damage|p2a: Mimikyu|100\/100\n|detailschange|p2a: Mimikyu|Mimikyu-Busted, F\n|-damage|p2a: Mimikyu|88\/100|[from] pokemon: Mimikyu-Busted\n|\n|-damage|p1a: Fancie|20\/100 brn|[from] brn\n|upkeep\n|turn|12\n|\n|t:|1699907137\n|move|p2a: Mimikyu|Play Rough|p1a: Fancie\n|-damage|p1a: Fancie|0 fnt\n|faint|p1a: Fancie\n|-damage|p2a: Mimikyu|78\/100|[from] item: Life Orb\n|\n|upkeep\n|\n|t:|1699907154\n|switch|p1a: Dashy|Pidgeot-Mega, F, shiny|84\/100\n|-damage|p1a: Dashy|67\/100|[from] Spikes\n|turn|13\n|c|\u2606Jor99fran|es el falso\n|\n|t:|1699907164\n|move|p1a: Dashy|Shadow Ball|p2a: Mimikyu\n|-supereffective|p2a: Mimikyu\n|-damage|p2a: Mimikyu|0 fnt\n|faint|p2a: Mimikyu\n|\n|upkeep\n|\n|t:|1699907171\n|switch|p2a: Ceruledge|Ceruledge, M|100\/100\n|turn|14\n|c|\u2606Azu_CriticalXD|la ptm\n|c|\u2606Azu_CriticalXD|zoroark manco\n|\n|t:|1699907183\n|move|p1a: Dashy|Shadow Ball|p2a: Ceruledge\n|-supereffective|p2a: Ceruledge\n|-damage|p2a: Ceruledge|5\/100\n|move|p2a: Ceruledge|Bitter Blade|p1a: Dashy\n|-damage|p1a: Dashy|0 fnt\n|-heal|p2a: Ceruledge|34\/100|[from] drain|[of] p1a: Dashy\n|replace|p1a: Zero|Zoroark-Hisui, M, shiny\n|-end|p1a: Zero|Illusion\n|faint|p1a: Zero\n|\n|upkeep\n|c|\u2606Jor99fran|manqueame esta\n|\n|t:|1699907197\n|switch|p1a: Glitchy.exe|Porygon-Z, shiny|100\/100\n|-damage|p1a: Glitchy.exe|84\/100|[from] Spikes\n|-ability|p1a: Glitchy.exe|Download|boost\n|-boost|p1a: Glitchy.exe|atk|1\n|turn|15\n|\n|t:|1699907210\n|move|p1a: Glitchy.exe|Shadow Ball|p2a: Ceruledge\n|-supereffective|p2a: Ceruledge\n|-damage|p2a: Ceruledge|0 fnt\n|faint|p2a: Ceruledge\n|\n|upkeep\n|\n|t:|1699907214\n|switch|p2a: Mismagius|Mismagius, F|89\/100\n|turn|16\n|\n|t:|1699907225\n|move|p2a: Mismagius|Trick|p1a: Glitchy.exe\n|-activate|p2a: Mismagius|move: Trick|[of] p1a: Glitchy.exe\n|-item|p1a: Glitchy.exe|Choice Scarf|[from] move: Trick\n|-item|p2a: Mismagius|Choice Scarf|[from] move: Trick\n|move|p1a: Glitchy.exe|Shadow Ball|p2a: Mismagius\n|-supereffective|p2a: Mismagius\n|-damage|p2a: Mismagius|14\/100\n|\n|upkeep\n|turn|17\n|c|\u2606Azu_CriticalXD|si\n|c|\u2606Azu_CriticalXD|gracias ya lo tenia\n|c|\u2606Jor99fran|mejor me muero siendo kamikaze\n|c|\u2606Jor99fran|XD\n|\n|t:|1699907249\n|move|p2a: Mismagius|Destiny Bond|p2a: Mismagius\n|-singlemove|p2a: Mismagius|Destiny Bond\n|move|p1a: Glitchy.exe|Shadow Ball|p2a: Mismagius\n|-supereffective|p2a: Mismagius\n|-damage|p2a: Mismagius|0 fnt\n|faint|p2a: Mismagius\n|-activate|p2a: Mismagius|move: Destiny Bond\n|faint|p1a: Glitchy.exe\n|\n|win|Azu_CriticalXD\n|c|\u2606Azu_CriticalXD|xddd\n|c|\u2606Jor99fran|gg\n","uploadtime":1699907260,"views":6,"p1id":"azucriticalxd","p2id":"jor99fran","formatid":"gen9nationaldex","rating":0,"private":0,"password":""}