{"id":"gen9nationaldex-1999553952","p1":"i like serperior","p2":"baigu","format":"[Gen 9] National Dex","log":"|html|<div class=\"broadcast-blue\"><strong>[Gen 9] National Dex is currently suspecting Sneasler! For information on how to participate check out the <a href=\"https:\/\/www.smogon.com\/forums\/threads\/sv-national-dex-suspect-8-just-dance.3731534\/\">suspect thread<\/a>.<\/strong><\/div>\n|j|\u2606i like serperior\n|j|\u2606baigu\n|t:|1701095561\n|gametype|singles\n|player|p1|i like serperior|colress|1682\n|player|p2|baigu|266|1885\n|teamsize|p1|6\n|teamsize|p2|6\n|gen|9\n|tier|[Gen 9] National Dex\n|rated|\n|rule|HP Percentage Mod: HP is shown in percentages\n|rule|Endless Battle Clause: Forcing endless battles is banned\n|rule|OHKO Clause: OHKO moves are banned\n|rule|Evasion Clause: Evasion abilities, items, and moves are banned\n|rule|Evasion Abilities Clause: Evasion abilities are banned\n|rule|Evasion Items Clause: Evasion items are banned\n|rule|Evasion Moves Clause: Evasion moves are banned\n|rule|Species Clause: Limit one of each Pok\u00e9mon\n|rule|Sleep Clause Mod: Limit one foe put to sleep\n|clearpoke\n|poke|p1|Tyranitar, F|\n|poke|p1|Garchomp, M|\n|poke|p1|Dracozolt|\n|poke|p1|Moltres|\n|poke|p1|Gigalith, M|\n|poke|p1|Serperior, F|\n|poke|p2|Ursaluna, M|\n|poke|p2|Slowking, F|\n|poke|p2|Corviknight, M|\n|poke|p2|Hoopa-Unbound|\n|poke|p2|Dragonite, F|\n|poke|p2|Tapu Koko|\n|teampreview\n|\n|t:|1701095577\n|start\n|switch|p1a: Azurite|Gigalith, M, shiny|100\/100\n|switch|p2a: Tapu Koko|Tapu Koko|100\/100\n|-fieldstart|move: Electric Terrain|[from] ability: Electric Surge|[of] p2a: Tapu Koko\n|-weather|Sandstorm|[from] ability: Sand Stream|[of] p1a: Azurite\n|turn|1\n|\n|t:|1701095582\n|move|p2a: Tapu Koko|Volt Switch|p1a: Azurite\n|-damage|p1a: Azurite|63\/100\n|\n|t:|1701095588\n|switch|p2a: \u718a\u5927|Ursaluna, M|100\/100|[from] Volt Switch\n|move|p1a: Azurite|Stealth Rock|p2a: \u718a\u5927\n|-sidestart|p2: baigu|move: Stealth Rock\n|\n|-weather|Sandstorm|[upkeep]\n|-status|p2a: \u718a\u5927|brn|[from] item: Flame Orb\n|upkeep\n|turn|2\n|\n|t:|1701095596\n|move|p2a: \u718a\u5927|Headlong Rush|p1a: Azurite\n|-supereffective|p1a: Azurite\n|-damage|p1a: Azurite|0 fnt\n|-unboost|p2a: \u718a\u5927|def|1\n|-unboost|p2a: \u718a\u5927|spd|1\n|faint|p1a: Azurite\n|\n|-weather|Sandstorm|[upkeep]\n|-damage|p2a: \u718a\u5927|94\/100 brn|[from] brn\n|upkeep\n|\n|t:|1701095599\n|switch|p1a: Zyglak|Dracozolt|100\/100\n|turn|3\n|\n|t:|1701095602\n|move|p1a: Zyglak|Low Kick|p2a: \u718a\u5927\n|-supereffective|p2a: \u718a\u5927\n|-damage|p2a: \u718a\u5927|0 fnt\n|faint|p2a: \u718a\u5927\n|-damage|p1a: Zyglak|91\/100|[from] item: Life Orb\n|\n|-weather|Sandstorm|[upkeep]\n|upkeep\n|\n|t:|1701095620\n|switch|p2a: Tapu Koko|Tapu Koko|100\/100\n|-damage|p2a: Tapu Koko|88\/100|[from] Stealth Rock\n|turn|4\n|\n|t:|1701095626\n|move|p1a: Zyglak|Bolt Beak|p2a: Tapu Koko\n|-resisted|p2a: Tapu Koko\n|-damage|p2a: Tapu Koko|0 fnt\n|faint|p2a: Tapu Koko\n|-damage|p1a: Zyglak|81\/100|[from] item: Life Orb\n|\n|-weather|Sandstorm|[upkeep]\n|upkeep\n|\n|t:|1701095641\n|switch|p2a: Dragonite|Dragonite, F|100\/100\n|-damage|p2a: Dragonite|75\/100|[from] Stealth Rock\n|turn|5\n|\n|t:|1701095646\n|switch|p1a: Moltres|Moltres, shiny|100\/100\n|-terastallize|p2a: Dragonite|Normal\n|move|p2a: Dragonite|Extreme Speed|p1a: Moltres\n|-crit|p1a: Moltres\n|-damage|p1a: Moltres|5\/100\n|\n|-weather|none\n|-fieldend|move: Electric Terrain\n|upkeep\n|turn|6\n|\n|t:|1701095650\n|move|p2a: Dragonite|Extreme Speed|p1a: Moltres\n|-damage|p1a: Moltres|0 fnt\n|faint|p1a: Moltres\n|\n|upkeep\n|\n|t:|1701095652\n|switch|p1a: Iwajira|Tyranitar, F, shiny|100\/100\n|-weather|Sandstorm|[from] ability: Sand Stream|[of] p1a: Iwajira\n|turn|7\n|\n|t:|1701095657\n|switch|p2a: Corviknight|Corviknight, M|100\/100\n|-damage|p2a: Corviknight|88\/100|[from] Stealth Rock\n|-ability|p2a: Corviknight|Pressure\n|move|p1a: Iwajira|Fire Blast|p2a: Corviknight\n|-supereffective|p2a: Corviknight\n|-damage|p2a: Corviknight|31\/100\n|\n|-weather|Sandstorm|[upkeep]\n|upkeep\n|turn|8\n|\n|t:|1701095664\n|switch|p2a: Hoopa|Hoopa-Unbound|100\/100\n|-damage|p2a: Hoopa|88\/100|[from] Stealth Rock\n|switch|p1a: Zyglak|Dracozolt|81\/100\n|\n|-weather|Sandstorm|[upkeep]\n|-damage|p2a: Hoopa|82\/100|[from] Sandstorm\n|upkeep\n|turn|9\n|\n|t:|1701095671\n|switch|p2a: Corviknight|Corviknight, M|31\/100\n|-damage|p2a: Corviknight|19\/100|[from] Stealth Rock\n|-ability|p2a: Corviknight|Pressure\n|move|p1a: Zyglak|Bolt Beak|p2a: Corviknight\n|-supereffective|p2a: Corviknight\n|-damage|p2a: Corviknight|0 fnt\n|-damage|p1a: Zyglak|64\/100|[from] item: Rocky Helmet|[of] p2a: Corviknight\n|faint|p2a: Corviknight\n|-damage|p1a: Zyglak|54\/100|[from] item: Life Orb\n|\n|-weather|Sandstorm|[upkeep]\n|upkeep\n|\n|t:|1701095675\n|switch|p2a: Dragonite|Dragonite, F, tera:Normal|75\/100\n|-damage|p2a: Dragonite|63\/100|[from] Stealth Rock\n|turn|10\n|\n|t:|1701095682\n|switch|p1a: Slattern|Garchomp, M, shiny|100\/100\n|move|p2a: Dragonite|Extreme Speed|p1a: Slattern\n|-damage|p1a: Slattern|37\/100\n|-damage|p2a: Dragonite|51\/100|[from] ability: Rough Skin|[of] p1a: Slattern\n|\n|-weather|Sandstorm|[upkeep]\n|-damage|p2a: Dragonite|45\/100|[from] Sandstorm\n|upkeep\n|turn|11\n|\n|t:|1701095687\n|move|p2a: Dragonite|Extreme Speed|p1a: Slattern\n|-damage|p1a: Slattern|0 fnt\n|-damage|p2a: Dragonite|32\/100|[from] ability: Rough Skin|[of] p1a: Slattern\n|faint|p1a: Slattern\n|\n|-weather|Sandstorm|[upkeep]\n|-damage|p2a: Dragonite|26\/100|[from] Sandstorm\n|upkeep\n|\n|t:|1701095692\n|switch|p1a: Myosotis|Serperior, F, shiny|100\/100\n|turn|12\n|\n|t:|1701095707\n|switch|p2a: Hoopa|Hoopa-Unbound|82\/100\n|-damage|p2a: Hoopa|70\/100|[from] Stealth Rock\n|-terastallize|p1a: Myosotis|Rock\n|move|p1a: Myosotis|Leaf Storm|p2a: Hoopa\n|-damage|p2a: Hoopa|24\/100\n|-boost|p1a: Myosotis|spa|2\n|\n|-weather|Sandstorm|[upkeep]\n|-damage|p2a: Hoopa|18\/100|[from] Sandstorm\n|upkeep\n|turn|13\n|\n|t:|1701095715\n|move|p1a: Myosotis|Leaf Storm|p2a: Hoopa\n|-damage|p2a: Hoopa|0 fnt\n|-boost|p1a: Myosotis|spa|2\n|faint|p2a: Hoopa\n|\n|-weather|Sandstorm|[upkeep]\n|upkeep\n|\n|t:|1701095717\n|switch|p2a: Slowking|Slowking, F|100\/100\n|turn|14\n|\n|t:|1701095719\n|move|p1a: Myosotis|Substitute|p1a: Myosotis\n|-start|p1a: Myosotis|Substitute\n|-damage|p1a: Myosotis|75\/100\n|move|p2a: Slowking|Trick Room|p2a: Slowking\n|-fieldstart|move: Trick Room|[of] p2a: Slowking\n|\n|-weather|none\n|-heal|p1a: Myosotis|82\/100|[from] item: Leftovers\n|upkeep\n|turn|15\n|\n|t:|1701095726\n|move|p2a: Slowking|Scald|p1a: Myosotis\n|-supereffective|p1a: Myosotis\n|-end|p1a: Myosotis|Substitute\n|move|p1a: Myosotis|Leaf Storm|p2a: Slowking\n|-supereffective|p2a: Slowking\n|-damage|p2a: Slowking|0 fnt\n|-boost|p1a: Myosotis|spa|2\n|faint|p2a: Slowking\n|\n|-heal|p1a: Myosotis|88\/100|[from] item: Leftovers\n|upkeep\n|\n|t:|1701095729\n|switch|p2a: Dragonite|Dragonite, F, tera:Normal|26\/100\n|-damage|p2a: Dragonite|14\/100|[from] Stealth Rock\n|turn|16\n|\n|t:|1701095732\n|move|p2a: Dragonite|Outrage|p1a: Myosotis\n|-damage|p1a: Myosotis|0 fnt\n|faint|p1a: Myosotis\n|\n|upkeep\n|\n|t:|1701095735\n|switch|p1a: Iwajira|Tyranitar, F, shiny|100\/100\n|-weather|Sandstorm|[from] ability: Sand Stream|[of] p1a: Iwajira\n|turn|17\n|\n|t:|1701095737\n|move|p1a: Iwajira|Earthquake|p2a: Dragonite\n|-damage|p2a: Dragonite|0 fnt\n|faint|p2a: Dragonite\n|\n|win|i like serperior\n|raw|i like serperior's rating: 1682 &rarr; <strong>1713<\/strong><br \/>(+31 for winning)\n|raw|baigu's rating: 1885 &rarr; <strong>1854<\/strong><br \/>(-31 for losing)\n|l|\u2606baigu\n","uploadtime":1701095743,"views":1,"p1id":"ilikeserperior","p2id":"baigu","formatid":"gen9nationaldex","rating":1713,"private":0,"password":""}