{"id":"gen9nationaldex-1998353084","p1":"sksnmom","p2":"Ci-Saber_Wolf","format":"[Gen 9] National Dex","log":"|html|<div class=\"broadcast-blue\"><strong>[Gen 9] National Dex is currently suspecting Sneasler! For information on how to participate check out the <a href=\"https:\/\/www.smogon.com\/forums\/threads\/sv-national-dex-suspect-8-just-dance.3731534\/\">suspect thread<\/a>.<\/strong><\/div>\n|j|\u203dsksnmom\n|j|\u2606Ci-Saber_Wolf\n|t:|1700932825\n|gametype|singles\n|player|p1|sksnmom|sabrina|1452\n|player|p2|Ci-Saber_Wolf|twins-gen4|1520\n|teamsize|p1|6\n|teamsize|p2|6\n|gen|9\n|tier|[Gen 9] National Dex\n|rated|\n|rule|HP Percentage Mod: HP is shown in percentages\n|rule|Endless Battle Clause: Forcing endless battles is banned\n|rule|OHKO Clause: OHKO moves are banned\n|rule|Evasion Clause: Evasion abilities, items, and moves are banned\n|rule|Evasion Abilities Clause: Evasion abilities are banned\n|rule|Evasion Items Clause: Evasion items are banned\n|rule|Evasion Moves Clause: Evasion moves are banned\n|rule|Species Clause: Limit one of each Pok\u00e9mon\n|rule|Sleep Clause Mod: Limit one foe put to sleep\n|clearpoke\n|poke|p1|Suicune|\n|poke|p1|Entei|\n|poke|p1|Clefable, M|\n|poke|p1|Dragonite, M|\n|poke|p1|Celebi|\n|poke|p1|Feraligatr, M|\n|poke|p2|Slowbro, M|\n|poke|p2|Magnezone|\n|poke|p2|Gliscor, F|\n|poke|p2|Tapu Fini|\n|poke|p2|Ferrothorn, M|\n|poke|p2|Blaziken, F|\n|teampreview\n|\n|t:|1700932841\n|start\n|switch|p1a: Suicune|Suicune|100\/100\n|switch|p2a: Magnezone|Magnezone|100\/100\n|-ability|p1a: Suicune|Pressure\n|turn|1\n|\n|t:|1700932846\n|move|p2a: Magnezone|Volt Switch|p1a: Suicune\n|-supereffective|p1a: Suicune\n|-damage|p1a: Suicune|48\/100\n|\n|t:|1700932851\n|switch|p2a: Ferrothorn|Ferrothorn, M|100\/100|[from] Volt Switch\n|move|p1a: Suicune|Substitute|p1a: Suicune\n|-start|p1a: Suicune|Substitute\n|-damage|p1a: Suicune|23\/100\n|\n|-heal|p1a: Suicune|29\/100|[from] item: Leftovers\n|upkeep\n|turn|2\n|j| hypno#1\n|\n|t:|1700932862\n|switch|p1a: Celebi|Celebi|100\/100\n|switch|p2a: Magnezone|Magnezone|100\/100\n|\n|upkeep\n|turn|3\n|\n|t:|1700932868\n|move|p2a: Magnezone|Volt Switch|p1a: Celebi\n|-resisted|p1a: Celebi\n|-damage|p1a: Celebi|81\/100\n|\n|t:|1700932872\n|switch|p2a: Gliscor|Gliscor, F|100\/100|[from] Volt Switch\n|move|p1a: Celebi|Hidden Power|p2a: Gliscor\n|-damage|p2a: Gliscor|70\/100\n|\n|-status|p2a: Gliscor|tox|[from] item: Toxic Orb\n|upkeep\n|turn|4\n|\n|t:|1700932878\n|switch|p1a: Entei|Entei|100\/100\n|move|p2a: Gliscor|U-turn|p1a: Entei\n|-resisted|p1a: Entei\n|-damage|p1a: Entei|92\/100\n|\n|t:|1700932883\n|switch|p2a: Tapu Fini|Tapu Fini|100\/100|[from] U-turn\n|-fieldstart|move: Misty Terrain|[from] ability: Misty Surge|[of] p2a: Tapu Fini\n|\n|upkeep\n|turn|5\n|\n|t:|1700932891\n|switch|p2a: Gliscor|Gliscor, F|70\/100 tox\n|move|p1a: Entei|Protect||[still]\n|-fail|p1a: Entei\n|\n|-heal|p2a: Gliscor|82\/100 tox|[from] ability: Poison Heal\n|upkeep\n|turn|6\n|\n|t:|1700932901\n|move|p1a: Entei|Hidden Power|p2a: Gliscor\n|-supereffective|p2a: Gliscor\n|-damage|p2a: Gliscor|9\/100 tox\n|move|p2a: Gliscor|U-turn|p1a: Entei\n|-resisted|p1a: Entei\n|-damage|p1a: Entei|85\/100\n|\n|t:|1700932906\n|switch|p2a: Slowbro|Slowbro, M|100\/100|[from] U-turn\n|\n|upkeep\n|turn|7\n|\n|t:|1700932914\n|switch|p1a: Feraligatr|Feraligatr, M|100\/100\n|move|p2a: Slowbro|Calm Mind|p2a: Slowbro\n|-boost|p2a: Slowbro|spa|1\n|-boost|p2a: Slowbro|spd|1\n|\n|upkeep\n|turn|8\n|\n|t:|1700932919\n|move|p1a: Feraligatr|Dragon Dance|p1a: Feraligatr\n|-boost|p1a: Feraligatr|atk|1\n|-boost|p1a: Feraligatr|spe|1\n|move|p2a: Slowbro|Stored Power|p1a: Feraligatr\n|-crit|p1a: Feraligatr\n|-damage|p1a: Feraligatr|42\/100\n|\n|upkeep\n|turn|9\n|\n|t:|1700932929\n|switch|p2a: Ferrothorn|Ferrothorn, M|100\/100\n|move|p1a: Feraligatr|Earthquake|p2a: Ferrothorn\n|-damage|p2a: Ferrothorn|60\/100\n|-damage|p1a: Feraligatr|32\/100|[from] item: Life Orb\n|\n|-heal|p2a: Ferrothorn|66\/100|[from] item: Leftovers\n|upkeep\n|turn|10\n|\n|t:|1700932944\n|-terastallize|p1a: Feraligatr|Steel\n|move|p1a: Feraligatr|Dragon Dance|p1a: Feraligatr\n|-boost|p1a: Feraligatr|atk|1\n|-boost|p1a: Feraligatr|spe|1\n|move|p2a: Ferrothorn|Leech Seed|p1a: Feraligatr\n|-start|p1a: Feraligatr|move: Leech Seed\n|\n|-heal|p2a: Ferrothorn|72\/100|[from] item: Leftovers\n|-damage|p1a: Feraligatr|19\/100|[from] Leech Seed|[of] p2a: Ferrothorn\n|-heal|p2a: Ferrothorn|83\/100|[silent]\n|upkeep\n|turn|11\n|\n|t:|1700932949\n|move|p1a: Feraligatr|Earthquake|p2a: Ferrothorn\n|-damage|p2a: Ferrothorn|31\/100\n|-damage|p1a: Feraligatr|10\/100|[from] item: Life Orb\n|move|p2a: Ferrothorn|Stealth Rock|p1a: Feraligatr\n|-sidestart|p1: sksnmom|move: Stealth Rock\n|\n|-heal|p2a: Ferrothorn|37\/100|[from] item: Leftovers\n|-damage|p1a: Feraligatr|0 fnt|[from] Leech Seed|[of] p2a: Ferrothorn\n|-heal|p2a: Ferrothorn|45\/100|[silent]\n|faint|p1a: Feraligatr\n|-fieldend|Misty Terrain\n|upkeep\n|\n|t:|1700932953\n|switch|p1a: Clefable|Clefable, M|100\/100\n|turn|12\n|\n|t:|1700932959\n|switch|p2a: Tapu Fini|Tapu Fini|100\/100\n|-fieldstart|move: Misty Terrain|[from] ability: Misty Surge|[of] p2a: Tapu Fini\n|move|p1a: Clefable|Flamethrower|p2a: Tapu Fini\n|-resisted|p2a: Tapu Fini\n|-damage|p2a: Tapu Fini|87\/100\n|\n|upkeep\n|turn|13\n|\n|t:|1700932964\n|move|p2a: Tapu Fini|Taunt|p1a: Clefable\n|-start|p1a: Clefable|move: Taunt\n|move|p1a: Clefable|Thunderbolt|p2a: Tapu Fini\n|-supereffective|p2a: Tapu Fini\n|-damage|p2a: Tapu Fini|27\/100\n|\n|upkeep\n|turn|14\n|\n|t:|1700932976\n|move|p2a: Tapu Fini|Knock Off|p1a: Clefable\n|-resisted|p1a: Clefable\n|-damage|p1a: Clefable|90\/100\n|-enditem|p1a: Clefable|Life Orb|[from] move: Knock Off|[of] p2a: Tapu Fini\n|move|p1a: Clefable|Draining Kiss|p2a: Tapu Fini\n|-damage|p2a: Tapu Fini|9\/100\n|-heal|p1a: Clefable|100\/100|[from] drain|[of] p2a: Tapu Fini\n|\n|upkeep\n|turn|15\n|\n|t:|1700932986\n|move|p2a: Tapu Fini|Moonblast|p1a: Clefable\n|-damage|p1a: Clefable|68\/100\n|move|p1a: Clefable|Draining Kiss|p2a: Tapu Fini\n|-damage|p2a: Tapu Fini|0 fnt\n|-heal|p1a: Clefable|74\/100|[from] drain|[of] p2a: Tapu Fini\n|faint|p2a: Tapu Fini\n|\n|-end|p1a: Clefable|move: Taunt\n|upkeep\n|\n|t:|1700933009\n|switch|p2a: Slowbro|Slowbro, M|100\/100\n|turn|16\n|\n|t:|1700933017\n|detailschange|p2a: Slowbro|Slowbro-Mega, M\n|-mega|p2a: Slowbro|Slowbro|Slowbronite\n|move|p1a: Clefable|Thunderbolt|p2a: Slowbro\n|-supereffective|p2a: Slowbro\n|-damage|p2a: Slowbro|63\/100\n|move|p2a: Slowbro|Calm Mind|p2a: Slowbro\n|-boost|p2a: Slowbro|spa|1\n|-boost|p2a: Slowbro|spd|1\n|\n|upkeep\n|turn|17\n|\n|t:|1700933026\n|switch|p1a: Celebi|Celebi|81\/100\n|-damage|p1a: Celebi|69\/100|[from] Stealth Rock\n|move|p2a: Slowbro|Slack Off|p2a: Slowbro\n|-heal|p2a: Slowbro|100\/100\n|\n|upkeep\n|turn|18\n|\n|t:|1700933030\n|move|p1a: Celebi|Energy Ball|p2a: Slowbro\n|-supereffective|p2a: Slowbro\n|-damage|p2a: Slowbro|42\/100\n|move|p2a: Slowbro|Calm Mind|p2a: Slowbro\n|-boost|p2a: Slowbro|spa|1\n|-boost|p2a: Slowbro|spd|1\n|\n|upkeep\n|turn|19\n|\n|t:|1700933033\n|move|p1a: Celebi|Energy Ball|p2a: Slowbro\n|-supereffective|p2a: Slowbro\n|-damage|p2a: Slowbro|0 fnt\n|faint|p2a: Slowbro\n|\n|-fieldend|Misty Terrain\n|upkeep\n|\n|t:|1700933041\n|switch|p2a: Blaziken|Blaziken, F|100\/100\n|turn|20\n|\n|t:|1700933047\n|switch|p1a: Dragonite|Dragonite, M|100\/100\n|move|p2a: Blaziken|Swords Dance|p2a: Blaziken\n|-boost|p2a: Blaziken|atk|2\n|\n|-ability|p2a: Blaziken|Speed Boost|boost\n|-boost|p2a: Blaziken|spe|1\n|upkeep\n|turn|21\n|\n|t:|1700933057\n|-zpower|p2a: Blaziken\n|move|p2a: Blaziken|Inferno Overdrive|p1a: Dragonite|[zeffect]\n|-resisted|p1a: Dragonite\n|-damage|p1a: Dragonite|54\/100\n|move|p1a: Dragonite|Earthquake|p2a: Blaziken\n|-supereffective|p2a: Blaziken\n|-damage|p2a: Blaziken|0 fnt\n|faint|p2a: Blaziken\n|\n|upkeep\n|\n|t:|1700933060\n|switch|p2a: Gliscor|Gliscor, F|9\/100 tox\n|turn|22\n|\n|t:|1700933064\n|switch|p2a: Ferrothorn|Ferrothorn, M|45\/100\n|move|p1a: Dragonite|Extreme Speed|p2a: Ferrothorn\n|-resisted|p2a: Ferrothorn\n|-damage|p2a: Ferrothorn|35\/100\n|-damage|p1a: Dragonite|42\/100|[from] ability: Iron Barbs|[of] p2a: Ferrothorn\n|\n|-heal|p2a: Ferrothorn|41\/100|[from] item: Leftovers\n|upkeep\n|turn|23\n|\n|t:|1700933068\n|move|p2a: Ferrothorn|Protect|p2a: Ferrothorn\n|-singleturn|p2a: Ferrothorn|Protect\n|move|p1a: Dragonite|Roost|p1a: Dragonite\n|-heal|p1a: Dragonite|92\/100\n|-singleturn|p1a: Dragonite|move: Roost\n|\n|-heal|p2a: Ferrothorn|47\/100|[from] item: Leftovers\n|upkeep\n|turn|24\n|\n|t:|1700933071\n|move|p1a: Dragonite|Curse|p1a: Dragonite\n|-unboost|p1a: Dragonite|spe|1\n|-boost|p1a: Dragonite|atk|1\n|-boost|p1a: Dragonite|def|1\n|move|p2a: Ferrothorn|Leech Seed|p1a: Dragonite\n|-start|p1a: Dragonite|move: Leech Seed\n|\n|-heal|p2a: Ferrothorn|53\/100|[from] item: Leftovers\n|-damage|p1a: Dragonite|80\/100|[from] Leech Seed|[of] p2a: Ferrothorn\n|-heal|p2a: Ferrothorn|67\/100|[silent]\n|upkeep\n|turn|25\n|\n|t:|1700933077\n|move|p1a: Dragonite|Earthquake|p2a: Ferrothorn\n|-damage|p2a: Ferrothorn|30\/100\n|move|p2a: Ferrothorn|Gyro Ball|p1a: Dragonite\n|-damage|p1a: Dragonite|63\/100\n|\n|-heal|p2a: Ferrothorn|36\/100|[from] item: Leftovers\n|-damage|p1a: Dragonite|50\/100|[from] Leech Seed|[of] p2a: Ferrothorn\n|-heal|p2a: Ferrothorn|50\/100|[silent]\n|upkeep\n|turn|26\n|\n|t:|1700933086\n|switch|p1a: Entei|Entei|85\/100\n|-damage|p1a: Entei|60\/100|[from] Stealth Rock\n|move|p2a: Ferrothorn|Gyro Ball|p1a: Entei\n|-resisted|p1a: Entei\n|-damage|p1a: Entei|34\/100\n|\n|-heal|p2a: Ferrothorn|56\/100|[from] item: Leftovers\n|upkeep\n|turn|27\n|\n|t:|1700933091\n|move|p2a: Ferrothorn|Protect|p2a: Ferrothorn\n|-singleturn|p2a: Ferrothorn|Protect\n|move|p1a: Entei|Sacred Fire|p2a: Ferrothorn\n|-activate|p2a: Ferrothorn|move: Protect\n|\n|-heal|p2a: Ferrothorn|62\/100|[from] item: Leftovers\n|upkeep\n|turn|28\n|\n|t:|1700933095\n|switch|p2a: Gliscor|Gliscor, F|9\/100 tox\n|move|p1a: Entei|Sacred Fire|p2a: Gliscor|[miss]\n|-miss|p1a: Entei|p2a: Gliscor\n|\n|-heal|p2a: Gliscor|21\/100 tox|[from] ability: Poison Heal\n|upkeep\n|turn|29\n|\n|t:|1700933099\n|move|p2a: Gliscor|Protect|p2a: Gliscor\n|-singleturn|p2a: Gliscor|Protect\n|move|p1a: Entei|Hidden Power|p2a: Gliscor\n|-activate|p2a: Gliscor|move: Protect\n|\n|-heal|p2a: Gliscor|34\/100 tox|[from] ability: Poison Heal\n|upkeep\n|turn|30\n|\n|t:|1700933109\n|move|p1a: Entei|Hidden Power|p2a: Gliscor\n|-supereffective|p2a: Gliscor\n|-damage|p2a: Gliscor|0 fnt\n|faint|p2a: Gliscor\n|\n|upkeep\n|\n|t:|1700933112\n|switch|p2a: Magnezone|Magnezone|100\/100\n|turn|31\n|\n|t:|1700933117\n|switch|p1a: Suicune|Suicune|29\/100\n|-damage|p1a: Suicune|17\/100|[from] Stealth Rock\n|-ability|p1a: Suicune|Pressure\n|move|p2a: Magnezone|Volt Switch|p1a: Suicune\n|-supereffective|p1a: Suicune\n|-damage|p1a: Suicune|0 fnt\n|faint|p1a: Suicune\n|\n|t:|1700933119\n|switch|p2a: Ferrothorn|Ferrothorn, M|62\/100|[from] Volt Switch\n|\n|-heal|p2a: Ferrothorn|68\/100|[from] item: Leftovers\n|upkeep\n|\n|t:|1700933127\n|switch|p1a: Celebi|Celebi|69\/100\n|-damage|p1a: Celebi|57\/100|[from] Stealth Rock\n|turn|32\n|\n|t:|1700933138\n|-terastallize|p2a: Ferrothorn|Ghost\n|move|p1a: Celebi|Hidden Power|p2a: Ferrothorn\n|-damage|p2a: Ferrothorn|49\/100\n|move|p2a: Ferrothorn|Gyro Ball|p1a: Celebi\n|-damage|p1a: Celebi|7\/100\n|\n|-heal|p2a: Ferrothorn|55\/100|[from] item: Leftovers\n|upkeep\n|turn|33\n|\n|t:|1700933146\n|move|p2a: Ferrothorn|Protect|p2a: Ferrothorn\n|-singleturn|p2a: Ferrothorn|Protect\n|move|p1a: Celebi|Hidden Power|p2a: Ferrothorn\n|-activate|p2a: Ferrothorn|move: Protect\n|\n|-heal|p2a: Ferrothorn|61\/100|[from] item: Leftovers\n|upkeep\n|turn|34\n|\n|t:|1700933150\n|move|p1a: Celebi|Hidden Power|p2a: Ferrothorn\n|-damage|p2a: Ferrothorn|44\/100\n|move|p2a: Ferrothorn|Gyro Ball|p1a: Celebi\n|-damage|p1a: Celebi|0 fnt\n|faint|p1a: Celebi\n|\n|-heal|p2a: Ferrothorn|50\/100|[from] item: Leftovers\n|upkeep\n|\n|t:|1700933166\n|switch|p1a: Entei|Entei|34\/100\n|-damage|p1a: Entei|10\/100|[from] Stealth Rock\n|turn|35\n|\n|t:|1700933168\n|move|p2a: Ferrothorn|Protect|p2a: Ferrothorn\n|-singleturn|p2a: Ferrothorn|Protect\n|move|p1a: Entei|Sacred Fire|p2a: Ferrothorn\n|-activate|p2a: Ferrothorn|move: Protect\n|\n|-heal|p2a: Ferrothorn|56\/100|[from] item: Leftovers\n|upkeep\n|turn|36\n|\n|t:|1700933175\n|move|p1a: Entei|Sacred Fire|p2a: Ferrothorn\n|-damage|p2a: Ferrothorn|25\/100\n|-status|p2a: Ferrothorn|brn\n|move|p2a: Ferrothorn|Leech Seed|p1a: Entei\n|-start|p1a: Entei|move: Leech Seed\n|\n|-heal|p2a: Ferrothorn|31\/100 brn|[from] item: Leftovers\n|-damage|p1a: Entei|0 fnt|[from] Leech Seed|[of] p2a: Ferrothorn\n|-heal|p2a: Ferrothorn|41\/100 brn|[silent]\n|faint|p1a: Entei\n|-damage|p2a: Ferrothorn|35\/100 brn|[from] brn\n|upkeep\n|\n|t:|1700933181\n|switch|p1a: Clefable|Clefable, M|74\/100\n|turn|37\n|\n|t:|1700933198\n|move|p1a: Clefable|Thunderbolt|p2a: Ferrothorn\n|-damage|p2a: Ferrothorn|14\/100 brn\n|move|p2a: Ferrothorn|Gyro Ball|p1a: Clefable\n|-supereffective|p1a: Clefable\n|-damage|p1a: Clefable|12\/100\n|\n|-heal|p2a: Ferrothorn|21\/100 brn|[from] item: Leftovers\n|-damage|p2a: Ferrothorn|14\/100 brn|[from] brn\n|upkeep\n|turn|38\n|\n|t:|1700933206\n|move|p1a: Clefable|Thunderbolt|p2a: Ferrothorn\n|-damage|p2a: Ferrothorn|0 fnt\n|faint|p2a: Ferrothorn\n|\n|upkeep\n|\n|t:|1700933208\n|switch|p2a: Magnezone|Magnezone|100\/100\n|turn|39\n|\n|t:|1700933212\n|move|p2a: Magnezone|Thunderbolt|p1a: Clefable\n|-damage|p1a: Clefable|0 fnt\n|faint|p1a: Clefable\n|\n|upkeep\n|\n|t:|1700933214\n|switch|p1a: Dragonite|Dragonite, M|50\/100\n|turn|40\n|\n|t:|1700933217\n|move|p2a: Magnezone|Thunderbolt|p1a: Dragonite\n|-damage|p1a: Dragonite|12\/100\n|move|p1a: Dragonite|Roost|p1a: Dragonite\n|-heal|p1a: Dragonite|62\/100\n|-singleturn|p1a: Dragonite|move: Roost\n|\n|upkeep\n|turn|41\n|\n|t:|1700933220\n|move|p2a: Magnezone|Thunderbolt|p1a: Dragonite\n|-damage|p1a: Dragonite|22\/100\n|move|p1a: Dragonite|Roost|p1a: Dragonite\n|-heal|p1a: Dragonite|72\/100\n|-singleturn|p1a: Dragonite|move: Roost\n|\n|upkeep\n|turn|42\n|\n|t:|1700933226\n|move|p2a: Magnezone|Thunderbolt|p1a: Dragonite\n|-damage|p1a: Dragonite|28\/100\n|move|p1a: Dragonite|Earthquake|p2a: Magnezone\n|-supereffective|p2a: Magnezone\n|-damage|p2a: Magnezone|0 fnt\n|faint|p2a: Magnezone\n|\n|win|sksnmom\n|raw|sksnmom's rating: 1452 &rarr; <strong>1476<\/strong><br \/>(+24 for winning)\n|raw|Ci-Saber_Wolf's rating: 1520 &rarr; <strong>1496<\/strong><br \/>(-24 for losing)\n|l|\u2606Ci-Saber_Wolf\n","uploadtime":1700933238,"views":8,"p1id":"sksnmom","p2id":"cisaberwolf","formatid":"gen9nationaldex","rating":1476,"private":0,"password":""}