{"id":"gen9nationaldex-1997363078","p1":"Maeby Mitenaut","p2":"Blrrrd","format":"[Gen 9] National Dex","log":"|html|<div class=\"broadcast-blue\"><strong>[Gen 9] National Dex is currently suspecting Sneasler! For information on how to participate check out the <a href=\"https:\/\/www.smogon.com\/forums\/threads\/sv-national-dex-suspect-8-just-dance.3731534\/\">suspect thread<\/a>.<\/strong><\/div>\n|j|\u2606Maeby Mitenaut\n|j|\u2606Blrrrd\n|t:|1700794389\n|gametype|singles\n|player|p1|Maeby Mitenaut|dahlia|1213\n|player|p2|Blrrrd|leon|1165\n|teamsize|p1|6\n|teamsize|p2|6\n|gen|9\n|tier|[Gen 9] National Dex\n|rated|\n|rule|HP Percentage Mod: HP is shown in percentages\n|rule|Endless Battle Clause: Forcing endless battles is banned\n|rule|OHKO Clause: OHKO moves are banned\n|rule|Evasion Clause: Evasion abilities, items, and moves are banned\n|rule|Evasion Abilities Clause: Evasion abilities are banned\n|rule|Evasion Items Clause: Evasion items are banned\n|rule|Evasion Moves Clause: Evasion moves are banned\n|rule|Species Clause: Limit one of each Pok\u00e9mon\n|rule|Sleep Clause Mod: Limit one foe put to sleep\n|clearpoke\n|poke|p1|Raichu-Alola, M|\n|poke|p1|Clodsire, F|\n|poke|p1|Tapu Koko|\n|poke|p1|Arctozolt|\n|poke|p1|Iron Hands|\n|poke|p1|Ninetales-Alola, F|\n|poke|p2|Zapdos|\n|poke|p2|Dondozo, M|\n|poke|p2|Cresselia, F|\n|poke|p2|Serperior, M|\n|poke|p2|Fezandipiti, M|\n|poke|p2|Lopunny, F|\n|teampreview\n|inactive|Battle timer is ON: inactive players will automatically lose when time's up. (requested by Blrrrd)\n|\n|t:|1700794407\n|start\n|switch|p1a: Ice Spice|Ninetales-Alola, F, shiny|100\/100\n|switch|p2a: Serperior|Serperior, M|100\/100\n|-weather|Snow|[from] ability: Snow Warning|[of] p1a: Ice Spice\n|turn|1\n|\n|t:|1700794420\n|move|p2a: Serperior|Glare|p1a: Ice Spice\n|-status|p1a: Ice Spice|par\n|cant|p1a: Ice Spice|par\n|\n|-weather|Snow|[upkeep]\n|upkeep\n|turn|2\n|\n|t:|1700794425\n|move|p2a: Serperior|Substitute|p2a: Serperior\n|-start|p2a: Serperior|Substitute\n|-damage|p2a: Serperior|76\/100\n|move|p1a: Ice Spice|Aurora Veil|p1a: Ice Spice\n|-sidestart|p1: Maeby Mitenaut|move: Aurora Veil\n|\n|-weather|Snow|[upkeep]\n|-heal|p2a: Serperior|82\/100|[from] item: Leftovers\n|upkeep\n|turn|3\n|\n|t:|1700794432\n|switch|p1a: Bluck Buck|Tapu Koko, shiny|100\/100\n|-fieldstart|move: Electric Terrain|[from] ability: Electric Surge|[of] p1a: Bluck Buck\n|move|p2a: Serperior|Leaf Storm|p1a: Bluck Buck\n|-damage|p1a: Bluck Buck|73\/100\n|-boost|p2a: Serperior|spa|2\n|\n|-weather|Snow|[upkeep]\n|-heal|p2a: Serperior|88\/100|[from] item: Leftovers\n|upkeep\n|turn|4\n|\n|t:|1700794444\n|move|p1a: Bluck Buck|U-turn|p2a: Serperior\n|-supereffective|p2a: Serperior\n|-end|p2a: Serperior|Substitute\n|\n|t:|1700794448\n|switch|p1a: Big Pap\u00ed|Iron Hands|100\/100|[from] U-turn\n|-activate|p1a: Big Pap\u00ed|ability: Quark Drive\n|-start|p1a: Big Pap\u00ed|quarkdriveatk\n|move|p2a: Serperior|Leaf Storm|p1a: Big Pap\u00ed\n|-damage|p1a: Big Pap\u00ed|73\/100\n|-boost|p2a: Serperior|spa|2\n|\n|-weather|Snow|[upkeep]\n|-heal|p2a: Serperior|94\/100|[from] item: Leftovers\n|upkeep\n|turn|5\n|\n|t:|1700794458\n|move|p2a: Serperior|Substitute|p2a: Serperior\n|-start|p2a: Serperior|Substitute\n|-damage|p2a: Serperior|70\/100\n|move|p1a: Big Pap\u00ed|Fire Punch|p2a: Serperior\n|-supereffective|p2a: Serperior\n|-end|p2a: Serperior|Substitute\n|\n|-weather|Snow|[upkeep]\n|-heal|p2a: Serperior|76\/100|[from] item: Leftovers\n|upkeep\n|turn|6\n|\n|t:|1700794466\n|move|p2a: Serperior|Leaf Storm|p1a: Big Pap\u00ed\n|-damage|p1a: Big Pap\u00ed|31\/100\n|-boost|p2a: Serperior|spa|2\n|move|p1a: Big Pap\u00ed|Fire Punch|p2a: Serperior\n|-supereffective|p2a: Serperior\n|-damage|p2a: Serperior|0 fnt\n|faint|p2a: Serperior\n|\n|-weather|Snow|[upkeep]\n|-sideend|p1: Maeby Mitenaut|move: Aurora Veil\n|upkeep\n|\n|t:|1700794469\n|switch|p2a: Lopunny|Lopunny, F|100\/100\n|turn|7\n|\n|t:|1700794478\n|detailschange|p2a: Lopunny|Lopunny-Mega, F\n|-mega|p2a: Lopunny|Lopunny|Lopunnite\n|move|p2a: Lopunny|Fake Out|p1a: Big Pap\u00ed\n|-damage|p1a: Big Pap\u00ed|18\/100\n|cant|p1a: Big Pap\u00ed|flinch\n|\n|-weather|Snow|[upkeep]\n|upkeep\n|turn|8\n|\n|t:|1700794488\n|move|p2a: Lopunny|Ice Punch|p1a: Big Pap\u00ed\n|-damage|p1a: Big Pap\u00ed|1\/100\n|move|p1a: Big Pap\u00ed|Drain Punch|p2a: Lopunny\n|-supereffective|p2a: Lopunny\n|-damage|p2a: Lopunny|0 fnt\n|-heal|p1a: Big Pap\u00ed|27\/100|[from] drain|[of] p2a: Lopunny\n|faint|p2a: Lopunny\n|\n|-weather|none\n|upkeep\n|\n|t:|1700794493\n|switch|p2a: Fezandipiti|Fezandipiti, M|100\/100\n|turn|9\n|inactive|Maeby Mitenaut has 120 seconds left.\n|\n|t:|1700794525\n|move|p2a: Fezandipiti|Calm Mind|p2a: Fezandipiti\n|-boost|p2a: Fezandipiti|spa|1\n|-boost|p2a: Fezandipiti|spd|1\n|move|p1a: Big Pap\u00ed|Earthquake|p2a: Fezandipiti\n|-supereffective|p2a: Fezandipiti\n|-damage|p2a: Fezandipiti|0 fnt\n|faint|p2a: Fezandipiti\n|\n|upkeep\n|-message|Blrrrd forfeited.\n|\n|win|Maeby Mitenaut\n|raw|Maeby Mitenaut's rating: 1213 &rarr; <strong>1235<\/strong><br \/>(+22 for winning)\n|raw|Blrrrd's rating: 1165 &rarr; <strong>1143<\/strong><br \/>(-22 for losing)\n|l|\u2606Blrrrd\n|c|\u2606Maeby Mitenaut|gg\n","uploadtime":1700794538,"views":13,"p1id":"maebymitenaut","p2id":"blrrrd","formatid":"gen9nationaldex","rating":1143,"private":0,"password":""}