{"id":"gen9nationaldex-2000060448","p1":"ChaosEmperor96","p2":"MakeDaddyaSandwich","format":"[Gen 9] National Dex","log":"|html|<div class=\"broadcast-blue\"><strong>[Gen 9] National Dex is currently suspecting Sneasler! For information on how to participate check out the <a href=\"https:\/\/www.smogon.com\/forums\/threads\/sv-national-dex-suspect-8-just-dance.3731534\/\">suspect thread<\/a>.<\/strong><\/div>\n|j|\u2606ChaosEmperor96\n|j|\u2606MakeDaddyaSandwich\n|t:|1701147758\n|gametype|singles\n|player|p1|ChaosEmperor96|marshal|1216\n|player|p2|MakeDaddyaSandwich|clown|1207\n|teamsize|p1|6\n|teamsize|p2|6\n|gen|9\n|tier|[Gen 9] National Dex\n|rated|\n|rule|HP Percentage Mod: HP is shown in percentages\n|rule|Endless Battle Clause: Forcing endless battles is banned\n|rule|OHKO Clause: OHKO moves are banned\n|rule|Evasion Clause: Evasion abilities, items, and moves are banned\n|rule|Evasion Abilities Clause: Evasion abilities are banned\n|rule|Evasion Items Clause: Evasion items are banned\n|rule|Evasion Moves Clause: Evasion moves are banned\n|rule|Species Clause: Limit one of each Pok\u00e9mon\n|rule|Sleep Clause Mod: Limit one foe put to sleep\n|clearpoke\n|poke|p1|Emboar, M|\n|poke|p1|Haxorus, M|\n|poke|p1|Excadrill, M|\n|poke|p1|Galvantula, M|\n|poke|p1|Mandibuzz, F|\n|poke|p1|Vanilluxe, M|\n|poke|p2|Bellibolt, M|\n|poke|p2|Scovillain, F|\n|poke|p2|Sandy Shocks|\n|poke|p2|Weezing-Galar, F|\n|poke|p2|Torkoal, F|\n|poke|p2|Gyarados, M|\n|teampreview\n|\n|t:|1701147768\n|start\n|switch|p1a: Excadrill|Excadrill, M, shiny|100\/100\n|switch|p2a: Torkoal|Torkoal, F|100\/100\n|-weather|SunnyDay|[from] ability: Drought|[of] p2a: Torkoal\n|turn|1\n|inactive|Battle timer is ON: inactive players will automatically lose when time's up. (requested by ChaosEmperor96)\n|\n|t:|1701147777\n|-terastallize|p1a: Excadrill|Ground\n|move|p1a: Excadrill|Earthquake|p2a: Torkoal\n|-supereffective|p2a: Torkoal\n|-damage|p2a: Torkoal|0 fnt\n|faint|p2a: Torkoal\n|\n|-weather|SunnyDay|[upkeep]\n|upkeep\n|\n|t:|1701147784\n|switch|p2a: Gyarados|Gyarados, M, shiny|100\/100\n|-ability|p2a: Gyarados|Intimidate|boost\n|-unboost|p1a: Excadrill|atk|1\n|turn|2\n|\n|t:|1701147790\n|switch|p1a: Mandibuzz|Mandibuzz, F, shiny|100\/100\n|move|p2a: Gyarados|Aqua Tail|p1a: Mandibuzz\n|-damage|p1a: Mandibuzz|90\/100\n|\n|-weather|SunnyDay|[upkeep]\n|upkeep\n|turn|3\n|\n|t:|1701147799\n|move|p2a: Gyarados|Thunder Wave|p1a: Mandibuzz\n|-status|p1a: Mandibuzz|par\n|move|p1a: Mandibuzz|Toxic|p2a: Gyarados\n|-status|p2a: Gyarados|tox\n|\n|-weather|SunnyDay|[upkeep]\n|-damage|p2a: Gyarados|94\/100 tox|[from] psn\n|upkeep\n|turn|4\n|\n|t:|1701147808\n|switch|p2a: Sandy Shocks|Sandy Shocks|100\/100\n|-activate|p2a: Sandy Shocks|ability: Protosynthesis\n|-start|p2a: Sandy Shocks|protosynthesisspa\n|cant|p1a: Mandibuzz|par\n|\n|-weather|SunnyDay|[upkeep]\n|upkeep\n|turn|5\n|\n|t:|1701147818\n|switch|p1a: Excadrill|Excadrill, M, shiny, tera:Ground|100\/100\n|move|p2a: Sandy Shocks|Earth Power|p1a: Excadrill\n|-damage|p1a: Excadrill|20\/100\n|\n|-weather|SunnyDay|[upkeep]\n|upkeep\n|turn|6\n|\n|t:|1701147827\n|-end|p2a: Sandy Shocks|Protosynthesis|[silent]\n|switch|p2a: Weezing|Weezing-Galar, F|100\/100\n|switch|p1a: Mandibuzz|Mandibuzz, F, shiny|90\/100 par\n|\n|-weather|SunnyDay|[upkeep]\n|upkeep\n|turn|7\n|\n|t:|1701147836\n|move|p2a: Weezing|Infestation|p1a: Mandibuzz\n|-damage|p1a: Mandibuzz|87\/100 par\n|-activate|p1a: Mandibuzz|move: Infestation|[of] p2a: Weezing\n|move|p1a: Mandibuzz|U-turn|p2a: Weezing\n|-resisted|p2a: Weezing\n|-damage|p2a: Weezing|98\/100\n|\n|t:|1701147845\n|switch|p1a: Emboar|Emboar, M, shiny|100\/100|[from] U-turn\n|\n|-weather|SunnyDay|[upkeep]\n|-heal|p2a: Weezing|100\/100|[from] item: Leftovers\n|upkeep\n|turn|8\n|\n|t:|1701147852\n|move|p1a: Emboar|Flare Blitz|p2a: Weezing\n|-damage|p2a: Weezing|2\/100\n|-damage|p1a: Emboar|73\/100|[from] Recoil\n|move|p2a: Weezing|Infestation|p1a: Emboar\n|-resisted|p1a: Emboar\n|-damage|p1a: Emboar|72\/100\n|-activate|p1a: Emboar|move: Infestation|[of] p2a: Weezing\n|\n|-weather|none\n|-heal|p2a: Weezing|9\/100|[from] item: Leftovers\n|-damage|p1a: Emboar|60\/100|[from] move: Infestation|[partiallytrapped]\n|upkeep\n|turn|9\n|\n|t:|1701147869\n|move|p1a: Emboar|Flare Blitz|p2a: Weezing\n|-damage|p2a: Weezing|0 fnt\n|faint|p2a: Weezing\n|-damage|p1a: Emboar|57\/100|[from] Recoil\n|\n|-end|p1a: Emboar|Infestation|[partiallytrapped]|[silent]\n|upkeep\n|\n|t:|1701147879\n|switch|p2a: Bellibolt|Bellibolt, M|100\/100\n|turn|10\n|\n|t:|1701147890\n|switch|p1a: Excadrill|Excadrill, M, shiny, tera:Ground|20\/100\n|move|p2a: Bellibolt|Discharge|p1a: Excadrill\n|-immune|p1a: Excadrill\n|\n|upkeep\n|turn|11\n|\n|t:|1701147900\n|switch|p2a: Gyarados|Gyarados, M, shiny|94\/100 tox\n|-ability|p2a: Gyarados|Intimidate|boost\n|-unboost|p1a: Excadrill|atk|1\n|move|p1a: Excadrill|Rapid Spin|p2a: Gyarados\n|-crit|p2a: Gyarados\n|-damage|p2a: Gyarados|68\/100 tox\n|-boost|p1a: Excadrill|spe|1\n|\n|-heal|p2a: Gyarados|74\/100 tox|[from] item: Leftovers\n|-damage|p2a: Gyarados|68\/100 tox|[from] psn\n|upkeep\n|turn|12\n|\n|t:|1701147911\n|move|p1a: Excadrill|Rapid Spin|p2a: Gyarados\n|-damage|p2a: Gyarados|57\/100 tox\n|-boost|p1a: Excadrill|spe|1\n|move|p2a: Gyarados|Aqua Tail|p1a: Excadrill\n|-supereffective|p1a: Excadrill\n|-damage|p1a: Excadrill|0 fnt\n|faint|p1a: Excadrill\n|\n|-heal|p2a: Gyarados|63\/100 tox|[from] item: Leftovers\n|-damage|p2a: Gyarados|51\/100 tox|[from] psn\n|upkeep\n|\n|t:|1701147925\n|switch|p1a: Vanilluxe|Vanilluxe, M, shiny|100\/100\n|turn|13\n|\n|t:|1701147936\n|move|p1a: Vanilluxe|Freeze-Dry|p2a: Gyarados\n|-supereffective|p2a: Gyarados\n|-damage|p2a: Gyarados|0 fnt\n|faint|p2a: Gyarados\n|\n|upkeep\n|\n|t:|1701147944\n|switch|p2a: Sandy Shocks|Sandy Shocks|100\/100\n|turn|14\n|\n|t:|1701147948\n|move|p2a: Sandy Shocks|Sunny Day|p2a: Sandy Shocks\n|-weather|SunnyDay\n|-activate|p2a: Sandy Shocks|ability: Protosynthesis\n|-start|p2a: Sandy Shocks|protosynthesisspa\n|move|p1a: Vanilluxe|Ice Beam|p2a: Sandy Shocks\n|-supereffective|p2a: Sandy Shocks\n|-damage|p2a: Sandy Shocks|0 fnt\n|faint|p2a: Sandy Shocks\n|-end|p2a: Sandy Shocks|Protosynthesis|[silent]\n|\n|-weather|SunnyDay|[upkeep]\n|upkeep\n|\n|t:|1701147956\n|switch|p2a: Scovillain|Scovillain, F, shiny|100\/100\n|turn|15\n|\n|t:|1701147960\n|switch|p1a: Mandibuzz|Mandibuzz, F, shiny|87\/100 par\n|move|p2a: Scovillain|Flamethrower|p1a: Mandibuzz\n|-damage|p1a: Mandibuzz|31\/100 par\n|\n|-weather|SunnyDay|[upkeep]\n|upkeep\n|turn|16\n|\n|t:|1701147969\n|move|p2a: Scovillain|Flamethrower|p1a: Mandibuzz\n|-damage|p1a: Mandibuzz|0 fnt\n|faint|p1a: Mandibuzz\n|\n|-weather|SunnyDay|[upkeep]\n|upkeep\n|\n|t:|1701147977\n|switch|p1a: Emboar|Emboar, M, shiny|57\/100\n|turn|17\n|\n|t:|1701147986\n|move|p2a: Scovillain|Growth|p2a: Scovillain\n|-boost|p2a: Scovillain|atk|2\n|-boost|p2a: Scovillain|spa|2\n|move|p1a: Emboar|Flare Blitz|p2a: Scovillain\n|-enditem|p2a: Scovillain|Focus Sash\n|-damage|p2a: Scovillain|1\/100\n|-damage|p1a: Emboar|33\/100|[from] Recoil\n|\n|-weather|SunnyDay|[upkeep]\n|upkeep\n|turn|18\n|\n|t:|1701147996\n|move|p2a: Scovillain|Flamethrower|p1a: Emboar\n|-resisted|p1a: Emboar\n|-damage|p1a: Emboar|0 fnt\n|faint|p1a: Emboar\n|\n|-weather|none\n|upkeep\n|\n|t:|1701148008\n|switch|p1a: Galvantula|Galvantula, M, shiny|100\/100\n|turn|19\n|\n|t:|1701148014\n|move|p1a: Galvantula|Bug Buzz|p2a: Scovillain\n|-damage|p2a: Scovillain|0 fnt\n|faint|p2a: Scovillain\n|\n|upkeep\n|\n|t:|1701148019\n|switch|p2a: Bellibolt|Bellibolt, M|100\/100\n|turn|20\n|\n|t:|1701148026\n|move|p1a: Galvantula|Bug Buzz|p2a: Bellibolt\n|-damage|p2a: Bellibolt|71\/100\n|-start|p2a: Bellibolt|Charge|Bug Buzz|[from] ability: Electromorphosis\n|move|p2a: Bellibolt|Soak|p1a: Galvantula\n|-start|p1a: Galvantula|typechange|Water\n|\n|upkeep\n|turn|21\n|\n|t:|1701148035\n|move|p1a: Galvantula|Bug Buzz|p2a: Bellibolt\n|-damage|p2a: Bellibolt|50\/100\n|-start|p2a: Bellibolt|Charge|Bug Buzz|[from] ability: Electromorphosis\n|-enditem|p2a: Bellibolt|Sitrus Berry|[eat]\n|-heal|p2a: Bellibolt|75\/100|[from] item: Sitrus Berry\n|move|p2a: Bellibolt|Discharge|p1a: Galvantula\n|-supereffective|p1a: Galvantula\n|-enditem|p1a: Galvantula|Focus Sash\n|-damage|p1a: Galvantula|1\/100\n|-end|p2a: Bellibolt|Charge|[silent]\n|\n|upkeep\n|turn|22\n|\n|t:|1701148048\n|move|p1a: Galvantula|Bug Buzz|p2a: Bellibolt\n|-damage|p2a: Bellibolt|41\/100\n|-start|p2a: Bellibolt|Charge|Bug Buzz|[from] ability: Electromorphosis\n|move|p2a: Bellibolt|Discharge|p1a: Galvantula\n|-supereffective|p1a: Galvantula\n|-damage|p1a: Galvantula|0 fnt\n|faint|p1a: Galvantula\n|-end|p2a: Bellibolt|Charge|[silent]\n|\n|upkeep\n|\n|t:|1701148059\n|switch|p1a: Haxorus|Haxorus, M, shiny|100\/100\n|-ability|p1a: Haxorus|Mold Breaker\n|turn|23\n|\n|t:|1701148064\n|move|p1a: Haxorus|Outrage|p2a: Bellibolt\n|-damage|p2a: Bellibolt|0 fnt\n|faint|p2a: Bellibolt\n|\n|win|ChaosEmperor96\n|raw|ChaosEmperor96's rating: 1216 &rarr; <strong>1240<\/strong><br \/>(+24 for winning)\n|raw|MakeDaddyaSandwich's rating: 1207 &rarr; <strong>1183<\/strong><br \/>(-24 for losing)\n|l|\u2606MakeDaddyaSandwich\n|c|\u2606ChaosEmperor96|Gg\n","uploadtime":1701148086,"views":3,"p1id":"chaosemperor96","p2id":"makedaddyasandwich","formatid":"gen9nationaldex","rating":1183,"private":0,"password":""}