{"id":"gen9nationaldex-1994789140","p1":"chenboxin","p2":"Vadertron","format":"[Gen 9] National Dex","log":"|html|<div class=\"broadcast-blue\"><strong>[Gen 9] National Dex is currently suspecting Sneasler! For information on how to participate check out the <a href=\"https:\/\/www.smogon.com\/forums\/threads\/sv-national-dex-suspect-8-just-dance.3731534\/\">suspect thread<\/a>.<\/strong><\/div>\n|j|\u2606chenboxin\n|j|\u203dVadertron\n|t:|1700492913\n|gametype|singles\n|player|p1|chenboxin|lucas|1075\n|player|p2|Vadertron|burglar|1149\n|teamsize|p1|6\n|teamsize|p2|6\n|gen|9\n|tier|[Gen 9] National Dex\n|rated|\n|rule|HP Percentage Mod: HP is shown in percentages\n|rule|Endless Battle Clause: Forcing endless battles is banned\n|rule|OHKO Clause: OHKO moves are banned\n|rule|Evasion Clause: Evasion abilities, items, and moves are banned\n|rule|Evasion Abilities Clause: Evasion abilities are banned\n|rule|Evasion Items Clause: Evasion items are banned\n|rule|Evasion Moves Clause: Evasion moves are banned\n|rule|Species Clause: Limit one of each Pok\u00e9mon\n|rule|Sleep Clause Mod: Limit one foe put to sleep\n|clearpoke\n|poke|p1|Alomomola, M|\n|poke|p1|Charizard, F|\n|poke|p1|Serperior, M|\n|poke|p1|Great Tusk|\n|poke|p1|Doublade, F|\n|poke|p1|Tyranitar, M|\n|poke|p2|Ditto|\n|poke|p2|Corviknight, M|\n|poke|p2|Clodsire, F|\n|poke|p2|Serperior, M|\n|poke|p2|Scizor, F|\n|poke|p2|Rotom-Wash|\n|teampreview\n|inactive|Battle timer is ON: inactive players will automatically lose when time's up. (requested by Vadertron)\n|\n|t:|1700492929\n|start\n|switch|p1a: Charizard|Charizard, F, shiny|100\/100\n|switch|p2a: Serperior|Serperior, M, shiny|100\/100\n|turn|1\n|\n|t:|1700492940\n|switch|p2a: Rotom|Rotom-Wash|100\/100\n|move|p1a: Charizard|Scorching Sands|p2a: Rotom\n|-immune|p2a: Rotom|[from] ability: Levitate\n|\n|upkeep\n|turn|2\n|\n|t:|1700492948\n|switch|p1a: Great Tusk|Great Tusk|100\/100\n|move|p2a: Rotom|Volt Switch|p1a: Great Tusk\n|-immune|p1a: Great Tusk\n|\n|upkeep\n|turn|3\n|\n|t:|1700492970\n|move|p1a: Great Tusk|Rapid Spin|p2a: Rotom\n|-damage|p2a: Rotom|87\/100\n|-boost|p1a: Great Tusk|spe|1\n|-damage|p1a: Great Tusk|84\/100|[from] item: Rocky Helmet|[of] p2a: Rotom\n|move|p2a: Rotom|Will-O-Wisp|p1a: Great Tusk\n|-status|p1a: Great Tusk|brn\n|\n|-damage|p1a: Great Tusk|78\/100 brn|[from] brn\n|upkeep\n|turn|4\n|\n|t:|1700492982\n|move|p1a: Great Tusk|Rapid Spin|p2a: Rotom\n|-damage|p2a: Rotom|81\/100\n|-boost|p1a: Great Tusk|spe|1\n|-damage|p1a: Great Tusk|61\/100 brn|[from] item: Rocky Helmet|[of] p2a: Rotom\n|move|p2a: Rotom|Hydro Pump|p1a: Great Tusk\n|-supereffective|p1a: Great Tusk\n|-damage|p1a: Great Tusk|0 fnt\n|faint|p1a: Great Tusk\n|-end|p1a: Great Tusk|Protosynthesis|[silent]\n|\n|upkeep\n|\n|t:|1700492996\n|switch|p1a: Serperior|Serperior, M|100\/100\n|turn|5\n|\n|t:|1700493010\n|-terastallize|p2a: Rotom|Electric\n|move|p1a: Serperior|Glare|p2a: Rotom\n|-immune|p2a: Rotom\n|move|p2a: Rotom|Will-O-Wisp|p1a: Serperior\n|-status|p1a: Serperior|brn\n|\n|-damage|p1a: Serperior|94\/100 brn|[from] brn\n|upkeep\n|turn|6\n|\n|t:|1700493025\n|move|p1a: Serperior|Leaf Storm|p2a: Rotom\n|-damage|p2a: Rotom|32\/100\n|-boost|p1a: Serperior|spa|2\n|move|p2a: Rotom|Volt Switch|p1a: Serperior\n|-resisted|p1a: Serperior\n|-damage|p1a: Serperior|75\/100 brn\n|\n|t:|1700493032\n|switch|p2a: Clodsire|Clodsire, F|100\/100|[from] Volt Switch\n|\n|-heal|p1a: Serperior|81\/100 brn|[from] item: Leftovers\n|-damage|p1a: Serperior|75\/100 brn|[from] brn\n|upkeep\n|turn|7\n|\n|t:|1700493045\n|move|p1a: Serperior|Substitute|p1a: Serperior\n|-start|p1a: Serperior|Substitute\n|-damage|p1a: Serperior|50\/100 brn\n|move|p2a: Clodsire|Curse|p2a: Clodsire\n|-unboost|p2a: Clodsire|spe|1\n|-boost|p2a: Clodsire|atk|1\n|-boost|p2a: Clodsire|def|1\n|\n|-heal|p1a: Serperior|56\/100 brn|[from] item: Leftovers\n|-damage|p1a: Serperior|50\/100 brn|[from] brn\n|upkeep\n|turn|8\n|\n|t:|1700493049\n|move|p1a: Serperior|Leaf Storm|p2a: Clodsire\n|-crit|p2a: Clodsire\n|-damage|p2a: Clodsire|68\/100\n|-boost|p1a: Serperior|spa|2\n|move|p2a: Clodsire|Poison Jab|p1a: Serperior\n|-supereffective|p1a: Serperior\n|-end|p1a: Serperior|Substitute\n|\n|-heal|p1a: Serperior|56\/100 brn|[from] item: Leftovers\n|-heal|p2a: Clodsire|74\/100|[from] item: Leftovers\n|-damage|p1a: Serperior|50\/100 brn|[from] brn\n|upkeep\n|turn|9\n|\n|t:|1700493076\n|switch|p1a: Doublade|Doublade, F, shiny|100\/100\n|move|p2a: Clodsire|Curse|p2a: Clodsire\n|-unboost|p2a: Clodsire|spe|1\n|-boost|p2a: Clodsire|atk|1\n|-boost|p2a: Clodsire|def|1\n|\n|-heal|p2a: Clodsire|80\/100|[from] item: Leftovers\n|upkeep\n|turn|10\n|\n|t:|1700493087\n|switch|p1a: Charizard|Charizard, F, shiny|100\/100\n|move|p2a: Clodsire|Earthquake|p1a: Charizard\n|-immune|p1a: Charizard\n|\n|-heal|p2a: Clodsire|86\/100|[from] item: Leftovers\n|upkeep\n|turn|11\n|\n|t:|1700493101\n|detailschange|p1a: Charizard|Charizard-Mega-Y, F, shiny\n|-mega|p1a: Charizard|Charizard|Charizardite Y\n|-weather|SunnyDay|[from] ability: Drought|[of] p1a: Charizard\n|move|p1a: Charizard|Solar Beam||[still]\n|-prepare|p1a: Charizard|Solar Beam\n|-anim|p1a: Charizard|Solar Beam|p2a: Clodsire\n|-damage|p2a: Clodsire|60\/100\n|move|p2a: Clodsire|Poison Jab|p1a: Charizard\n|-damage|p1a: Charizard|34\/100\n|\n|-weather|SunnyDay|[upkeep]\n|-heal|p2a: Clodsire|67\/100|[from] item: Leftovers\n|upkeep\n|turn|12\n|inactive|chenboxin has 120 seconds left.\n|\n|t:|1700493120\n|move|p1a: Charizard|Air Slash|p2a: Clodsire\n|-damage|p2a: Clodsire|41\/100\n|move|p2a: Clodsire|Recover|p2a: Clodsire\n|-heal|p2a: Clodsire|91\/100\n|\n|-weather|SunnyDay|[upkeep]\n|-heal|p2a: Clodsire|97\/100|[from] item: Leftovers\n|upkeep\n|turn|13\n|inactive|chenboxin has 120 seconds left.\n|\n|t:|1700493133\n|switch|p1a: Tyranitar|Tyranitar, M|100\/100\n|-weather|Sandstorm|[from] ability: Sand Stream|[of] p1a: Tyranitar\n|move|p2a: Clodsire|Poison Jab|p1a: Tyranitar\n|-resisted|p1a: Tyranitar\n|-damage|p1a: Tyranitar|83\/100\n|-status|p1a: Tyranitar|psn\n|\n|-weather|Sandstorm|[upkeep]\n|-heal|p2a: Clodsire|100\/100|[from] item: Leftovers\n|-damage|p1a: Tyranitar|70\/100 psn|[from] psn\n|upkeep\n|turn|14\n|inactive|chenboxin has 120 seconds left.\n|\n|t:|1700493145\n|move|p1a: Tyranitar|Knock Off|p2a: Clodsire\n|-damage|p2a: Clodsire|78\/100\n|-enditem|p2a: Clodsire|Leftovers|[from] move: Knock Off|[of] p1a: Tyranitar\n|move|p2a: Clodsire|Earthquake|p1a: Tyranitar\n|-supereffective|p1a: Tyranitar\n|-enditem|p1a: Tyranitar|Shuca Berry|[eat]\n|-enditem|p1a: Tyranitar|Shuca Berry|[weaken]\n|-damage|p1a: Tyranitar|29\/100 psn\n|\n|-weather|Sandstorm|[upkeep]\n|-damage|p1a: Tyranitar|16\/100 psn|[from] psn\n|upkeep\n|turn|15\n|\n|t:|1700493153\n|move|p1a: Tyranitar|Ice Beam|p2a: Clodsire\n|-supereffective|p2a: Clodsire\n|-damage|p2a: Clodsire|50\/100\n|move|p2a: Clodsire|Earthquake|p1a: Tyranitar\n|-supereffective|p1a: Tyranitar\n|-damage|p1a: Tyranitar|0 fnt\n|faint|p1a: Tyranitar\n|\n|-weather|Sandstorm|[upkeep]\n|upkeep\n|\n|t:|1700493159\n|switch|p1a: Serperior|Serperior, M|50\/100 brn\n|turn|16\n|\n|t:|1700493164\n|move|p1a: Serperior|Glare|p2a: Clodsire\n|-status|p2a: Clodsire|par\n|cant|p2a: Clodsire|par\n|\n|-weather|Sandstorm|[upkeep]\n|-damage|p1a: Serperior|44\/100 brn|[from] Sandstorm\n|-heal|p1a: Serperior|50\/100 brn|[from] item: Leftovers\n|-damage|p1a: Serperior|44\/100 brn|[from] brn\n|upkeep\n|turn|17\n|\n|t:|1700493168\n|move|p1a: Serperior|Leaf Storm|p2a: Clodsire\n|-damage|p2a: Clodsire|27\/100 par\n|-boost|p1a: Serperior|spa|2\n|move|p2a: Clodsire|Recover|p2a: Clodsire\n|-heal|p2a: Clodsire|77\/100 par\n|\n|-weather|none\n|-heal|p1a: Serperior|50\/100 brn|[from] item: Leftovers\n|-damage|p1a: Serperior|44\/100 brn|[from] brn\n|upkeep\n|turn|18\n|\n|t:|1700493175\n|move|p1a: Serperior|Leaf Storm|p2a: Clodsire\n|-damage|p2a: Clodsire|54\/100 par\n|-boost|p1a: Serperior|spa|2\n|move|p2a: Clodsire|Poison Jab|p1a: Serperior\n|-supereffective|p1a: Serperior\n|-damage|p1a: Serperior|0 fnt\n|faint|p1a: Serperior\n|\n|upkeep\n|\n|t:|1700493180\n|switch|p1a: Alomomola|Alomomola, M, shiny|100\/100\n|turn|19\n|\n|t:|1700493187\n|move|p1a: Alomomola|Flip Turn|p2a: Clodsire\n|-supereffective|p2a: Clodsire\n|-damage|p2a: Clodsire|36\/100 par\n|\n|t:|1700493191\n|switch|p1a: Doublade|Doublade, F, shiny|100\/100|[from] Flip Turn\n|move|p2a: Clodsire|Recover|p2a: Clodsire\n|-heal|p2a: Clodsire|86\/100 par\n|\n|upkeep\n|turn|20\n|\n|t:|1700493198\n|move|p1a: Doublade|Gyro Ball|p2a: Clodsire\n|-damage|p2a: Clodsire|83\/100 par\n|move|p2a: Clodsire|Earthquake|p1a: Doublade\n|-supereffective|p1a: Doublade\n|-crit|p1a: Doublade\n|-damage|p1a: Doublade|15\/100\n|\n|upkeep\n|turn|21\n|\n|t:|1700493205\n|switch|p1a: Alomomola|Alomomola, M, shiny|100\/100\n|move|p2a: Clodsire|Curse|p2a: Clodsire\n|-unboost|p2a: Clodsire|spe|1\n|-boost|p2a: Clodsire|atk|1\n|-boost|p2a: Clodsire|def|1\n|\n|upkeep\n|turn|22\n|\n|t:|1700493211\n|move|p1a: Alomomola|Wish|p1a: Alomomola\n|cant|p2a: Clodsire|par\n|\n|upkeep\n|turn|23\n|\n|t:|1700493217\n|move|p1a: Alomomola|Flip Turn|p2a: Clodsire\n|-supereffective|p2a: Clodsire\n|-damage|p2a: Clodsire|70\/100 par\n|\n|t:|1700493219\n|switch|p1a: Doublade|Doublade, F, shiny|15\/100|[from] Flip Turn\n|move|p2a: Clodsire|Earthquake|p1a: Doublade\n|-supereffective|p1a: Doublade\n|-damage|p1a: Doublade|0 fnt\n|faint|p1a: Doublade\n|\n|upkeep\n|\n|t:|1700493223\n|switch|p1a: Charizard|Charizard-Mega-Y, F, shiny|34\/100\n|-weather|SunnyDay|[from] ability: Drought|[of] p1a: Charizard\n|turn|24\n|\n|t:|1700493232\n|move|p1a: Charizard|Scorching Sands|p2a: Clodsire\n|-supereffective|p2a: Clodsire\n|-damage|p2a: Clodsire|42\/100 par\n|cant|p2a: Clodsire|par\n|\n|-weather|SunnyDay|[upkeep]\n|upkeep\n|turn|25\n|\n|t:|1700493240\n|move|p1a: Charizard|Weather Ball|p2a: Clodsire\n|-damage|p2a: Clodsire|0 fnt\n|faint|p2a: Clodsire\n|\n|-weather|SunnyDay|[upkeep]\n|upkeep\n|\n|t:|1700493248\n|switch|p2a: Ditto|Ditto, shiny|100\/100\n|-transform|p2a: Ditto|p1a: Charizard|[from] ability: Imposter\n|turn|26\n|\n|t:|1700493258\n|switch|p1a: Alomomola|Alomomola, M, shiny|100\/100\n|move|p2a: Ditto|Air Slash|p1a: Alomomola\n|-damage|p1a: Alomomola|51\/100\n|\n|-weather|SunnyDay|[upkeep]\n|upkeep\n|turn|27\n|\n|t:|1700493262\n|switch|p2a: Serperior|Serperior, M, shiny|100\/100\n|move|p1a: Alomomola|Wish|p1a: Alomomola\n|\n|-weather|SunnyDay|[upkeep]\n|upkeep\n|turn|28\n|\n|t:|1700493269\n|move|p2a: Serperior|Substitute|p2a: Serperior\n|-start|p2a: Serperior|Substitute\n|-damage|p2a: Serperior|76\/100\n|move|p1a: Alomomola|Flip Turn|p2a: Serperior\n|-resisted|p2a: Serperior\n|-crit|p2a: Serperior\n|-activate|p2a: Serperior|move: Substitute|[damage]\n|\n|t:|1700493275\n|switch|p1a: Charizard|Charizard-Mega-Y, F, shiny|34\/100|[from] Flip Turn\n|\n|-weather|none\n|-heal|p1a: Charizard|100\/100|[from] move: Wish|[wisher] Alomomola\n|-heal|p2a: Serperior|82\/100|[from] item: Leftovers\n|upkeep\n|turn|29\n|\n|t:|1700493280\n|move|p2a: Serperior|Glare|p1a: Charizard\n|-status|p1a: Charizard|par\n|cant|p1a: Charizard|par\n|\n|-heal|p2a: Serperior|88\/100|[from] item: Leftovers\n|upkeep\n|turn|30\n|\n|t:|1700493290\n|move|p2a: Serperior|Leaf Storm|p1a: Charizard\n|-resisted|p1a: Charizard\n|-damage|p1a: Charizard|89\/100 par\n|-boost|p2a: Serperior|spa|2\n|move|p1a: Charizard|Scorching Sands|p2a: Serperior\n|-resisted|p2a: Serperior\n|-activate|p2a: Serperior|move: Substitute|[damage]\n|\n|-heal|p2a: Serperior|94\/100|[from] item: Leftovers\n|upkeep\n|turn|31\n|\n|t:|1700493301\n|move|p2a: Serperior|Leaf Storm|p1a: Charizard\n|-resisted|p1a: Charizard\n|-damage|p1a: Charizard|65\/100 par\n|-boost|p2a: Serperior|spa|2\n|move|p1a: Charizard|Weather Ball|p2a: Serperior\n|-end|p2a: Serperior|Substitute\n|\n|-heal|p2a: Serperior|100\/100|[from] item: Leftovers\n|upkeep\n|turn|32\n|\n|t:|1700493309\n|move|p2a: Serperior|Substitute|p2a: Serperior\n|-start|p2a: Serperior|Substitute\n|-damage|p2a: Serperior|76\/100\n|cant|p1a: Charizard|par\n|\n|-heal|p2a: Serperior|82\/100|[from] item: Leftovers\n|upkeep\n|turn|33\n|\n|t:|1700493314\n|move|p2a: Serperior|Leaf Storm|p1a: Charizard\n|-resisted|p1a: Charizard\n|-damage|p1a: Charizard|28\/100 par\n|-boost|p2a: Serperior|spa|2\n|move|p1a: Charizard|Air Slash|p2a: Serperior\n|-supereffective|p2a: Serperior\n|-end|p2a: Serperior|Substitute\n|\n|-heal|p2a: Serperior|88\/100|[from] item: Leftovers\n|upkeep\n|turn|34\n|\n|t:|1700493321\n|move|p2a: Serperior|Leaf Storm|p1a: Charizard\n|-resisted|p1a: Charizard\n|-damage|p1a: Charizard|0 fnt\n|faint|p1a: Charizard\n|\n|-heal|p2a: Serperior|94\/100|[from] item: Leftovers\n|upkeep\n|\n|t:|1700493328\n|switch|p1a: Alomomola|Alomomola, M, shiny|84\/100\n|turn|35\n|\n|t:|1700493331\n|move|p2a: Serperior|Leaf Storm|p1a: Alomomola\n|-supereffective|p1a: Alomomola\n|-damage|p1a: Alomomola|0 fnt\n|faint|p1a: Alomomola\n|\n|win|Vadertron\n|raw|chenboxin's rating: 1075 &rarr; <strong>1058<\/strong><br \/>(-17 for losing)\n|raw|Vadertron's rating: 1149 &rarr; <strong>1169<\/strong><br \/>(+20 for winning)\n|l|\u2606chenboxin\n","uploadtime":1700493336,"views":2,"p1id":"chenboxin","p2id":"vadertron","formatid":"gen9nationaldex","rating":1058,"private":0,"password":""}