{"id":"gen9nationaldex-1995413528","p1":"h0t water","p2":"Syvxia","format":"[Gen 9] National Dex","log":"|html|<div class=\"broadcast-blue\"><strong>[Gen 9] National Dex is currently suspecting Sneasler! For information on how to participate check out the <a href=\"https:\/\/www.smogon.com\/forums\/threads\/sv-national-dex-suspect-8-just-dance.3731534\/\">suspect thread<\/a>.<\/strong><\/div>\n|j|\u2606h0t water\n|j|\u2606Syvxia\n|t:|1700567558\n|gametype|singles\n|player|p1|h0t water|265|1136\n|player|p2|Syvxia|nessa|1217\n|teamsize|p1|6\n|teamsize|p2|6\n|gen|9\n|tier|[Gen 9] National Dex\n|rated|\n|rule|HP Percentage Mod: HP is shown in percentages\n|rule|Endless Battle Clause: Forcing endless battles is banned\n|rule|OHKO Clause: OHKO moves are banned\n|rule|Evasion Clause: Evasion abilities, items, and moves are banned\n|rule|Evasion Abilities Clause: Evasion abilities are banned\n|rule|Evasion Items Clause: Evasion items are banned\n|rule|Evasion Moves Clause: Evasion moves are banned\n|rule|Species Clause: Limit one of each Pok\u00e9mon\n|rule|Sleep Clause Mod: Limit one foe put to sleep\n|clearpoke\n|poke|p1|Iron Valiant|\n|poke|p1|Galvantula, F|\n|poke|p1|Uxie|\n|poke|p1|Blaziken, F|\n|poke|p1|Inteleon, M|\n|poke|p1|Haxorus, F|\n|poke|p2|Zeraora|\n|poke|p2|Tapu Koko|\n|poke|p2|Sandy Shocks|\n|poke|p2|Iron Valiant|\n|poke|p2|Moltres|\n|poke|p2|Scizor, M|\n|teampreview\n|inactive|Battle timer is ON: inactive players will automatically lose when time's up. (requested by h0t water)\n|\n|t:|1700567566\n|start\n|switch|p1a: Galvantula|Galvantula, F|100\/100\n|switch|p2a: Sandy Shocks|Sandy Shocks|100\/100\n|-enditem|p2a: Sandy Shocks|Booster Energy\n|-activate|p2a: Sandy Shocks|ability: Protosynthesis|[fromitem]\n|-start|p2a: Sandy Shocks|protosynthesisspa\n|turn|1\n|\n|t:|1700567577\n|move|p1a: Galvantula|Sticky Web|p2a: Sandy Shocks\n|-sidestart|p2: Syvxia|move: Sticky Web\n|move|p2a: Sandy Shocks|Stealth Rock|p1a: Galvantula\n|-sidestart|p1: h0t water|move: Stealth Rock\n|\n|upkeep\n|turn|2\n|\n|t:|1700567592\n|move|p1a: Galvantula|Bug Buzz|p2a: Sandy Shocks\n|-damage|p2a: Sandy Shocks|52\/100\n|move|p2a: Sandy Shocks|Earth Power|p1a: Galvantula\n|-enditem|p1a: Galvantula|Focus Sash\n|-damage|p1a: Galvantula|1\/100\n|\n|upkeep\n|turn|3\n|\n|t:|1700567600\n|move|p1a: Galvantula|Bug Buzz|p2a: Sandy Shocks\n|-damage|p2a: Sandy Shocks|8\/100\n|move|p2a: Sandy Shocks|Earth Power|p1a: Galvantula\n|-damage|p1a: Galvantula|0 fnt\n|faint|p1a: Galvantula\n|\n|upkeep\n|\n|t:|1700567623\n|switch|p1a: Blaziken|Blaziken, F|100\/100\n|-damage|p1a: Blaziken|88\/100|[from] Stealth Rock\n|turn|4\n|\n|t:|1700567633\n|move|p1a: Blaziken|Protect|p1a: Blaziken\n|-singleturn|p1a: Blaziken|Protect\n|move|p2a: Sandy Shocks|Earth Power|p1a: Blaziken\n|-activate|p1a: Blaziken|move: Protect\n|\n|-ability|p1a: Blaziken|Speed Boost|boost\n|-boost|p1a: Blaziken|spe|1\n|upkeep\n|turn|5\n|\n|t:|1700567642\n|move|p1a: Blaziken|Blaze Kick|p2a: Sandy Shocks\n|-damage|p2a: Sandy Shocks|0 fnt\n|faint|p2a: Sandy Shocks\n|-end|p2a: Sandy Shocks|Protosynthesis|[silent]\n|\n|-ability|p1a: Blaziken|Speed Boost|boost\n|-boost|p1a: Blaziken|spe|1\n|upkeep\n|\n|t:|1700567649\n|switch|p2a: Moltres|Moltres|100\/100\n|turn|6\n|\n|t:|1700567654\n|switch|p1a: Uxie|Uxie|100\/100\n|-damage|p1a: Uxie|88\/100|[from] Stealth Rock\n|move|p2a: Moltres|Hurricane|p1a: Uxie|[miss]\n|-miss|p2a: Moltres|p1a: Uxie\n|\n|upkeep\n|turn|7\n|\n|t:|1700567661\n|move|p1a: Uxie|Trick|p2a: Moltres\n|-activate|p1a: Uxie|move: Trick|[of] p2a: Moltres\n|-item|p2a: Moltres|Choice Scarf|[from] move: Trick\n|-item|p1a: Uxie|Heavy-Duty Boots|[from] move: Trick\n|move|p2a: Moltres|U-turn|p1a: Uxie\n|-supereffective|p1a: Uxie\n|-damage|p1a: Uxie|64\/100\n|\n|t:|1700567670\n|switch|p2a: Tapu Koko|Tapu Koko|100\/100|[from] U-turn\n|-activate|p2a: Tapu Koko|move: Sticky Web\n|-unboost|p2a: Tapu Koko|spe|1\n|-fieldstart|move: Electric Terrain|[from] ability: Electric Surge|[of] p2a: Tapu Koko\n|\n|upkeep\n|turn|8\n|\n|t:|1700567684\n|move|p1a: Uxie|Stealth Rock|p2a: Tapu Koko\n|-sidestart|p2: Syvxia|move: Stealth Rock\n|move|p2a: Tapu Koko|Thunderbolt|p1a: Uxie\n|-damage|p1a: Uxie|25\/100\n|\n|upkeep\n|turn|9\n|\n|t:|1700567700\n|move|p1a: Uxie|Memento|p2a: Tapu Koko\n|-unboost|p2a: Tapu Koko|atk|2\n|-unboost|p2a: Tapu Koko|spa|2\n|faint|p1a: Uxie\n|move|p2a: Tapu Koko|U-turn|p1: Uxie|[notarget]\n|-fail|p2a: Tapu Koko\n|\n|upkeep\n|\n|t:|1700567707\n|switch|p1a: Haxorus|Haxorus, F|100\/100\n|-damage|p1a: Haxorus|88\/100|[from] Stealth Rock\n|-ability|p1a: Haxorus|Mold Breaker\n|turn|10\n|\n|t:|1700567719\n|-terastallize|p1a: Haxorus|Steel\n|move|p1a: Haxorus|Swords Dance|p1a: Haxorus\n|-boost|p1a: Haxorus|atk|2\n|move|p2a: Tapu Koko|U-turn|p1a: Haxorus\n|-resisted|p1a: Haxorus\n|-damage|p1a: Haxorus|83\/100\n|\n|t:|1700567726\n|switch|p2a: Moltres|Moltres|100\/100|[from] U-turn\n|-damage|p2a: Moltres|50\/100|[from] Stealth Rock\n|\n|upkeep\n|turn|11\n|\n|t:|1700567739\n|-terastallize|p2a: Moltres|Water\n|move|p2a: Moltres|Flamethrower|p1a: Haxorus\n|-supereffective|p1a: Haxorus\n|-damage|p1a: Haxorus|0 fnt\n|faint|p1a: Haxorus\n|\n|upkeep\n|\n|t:|1700567745\n|switch|p1a: Inteleon|Inteleon, M|100\/100\n|-damage|p1a: Inteleon|88\/100|[from] Stealth Rock\n|turn|12\n|\n|t:|1700567753\n|switch|p2a: Tapu Koko|Tapu Koko|100\/100\n|-activate|p2a: Tapu Koko|move: Sticky Web\n|-unboost|p2a: Tapu Koko|spe|1\n|-damage|p2a: Tapu Koko|88\/100|[from] Stealth Rock\n|move|p1a: Inteleon|Focus Energy|p1a: Inteleon\n|-start|p1a: Inteleon|move: Focus Energy\n|\n|upkeep\n|turn|13\n|\n|t:|1700567765\n|move|p1a: Inteleon|Snipe Shot|p2a: Tapu Koko\n|-crit|p2a: Tapu Koko\n|-damage|p2a: Tapu Koko|0 fnt\n|faint|p2a: Tapu Koko\n|\n|upkeep\n|\n|t:|1700567771\n|switch|p2a: Scizor|Scizor, M|100\/100\n|-activate|p2a: Scizor|move: Sticky Web\n|-unboost|p2a: Scizor|spe|1\n|-damage|p2a: Scizor|88\/100|[from] Stealth Rock\n|turn|14\n|\n|t:|1700567776\n|detailschange|p2a: Scizor|Scizor-Mega, M\n|-mega|p2a: Scizor|Scizor|Scizorite\n|move|p2a: Scizor|Bullet Punch|p1a: Inteleon\n|-resisted|p1a: Inteleon\n|-damage|p1a: Inteleon|57\/100\n|move|p1a: Inteleon|Snipe Shot|p2a: Scizor\n|-crit|p2a: Scizor\n|-damage|p2a: Scizor|4\/100\n|\n|-fieldend|move: Electric Terrain\n|upkeep\n|turn|15\n|\n|t:|1700567788\n|move|p2a: Scizor|Bullet Punch|p1a: Inteleon\n|-resisted|p1a: Inteleon\n|-damage|p1a: Inteleon|24\/100\n|move|p1a: Inteleon|Snipe Shot|p2a: Scizor\n|-crit|p2a: Scizor\n|-damage|p2a: Scizor|0 fnt\n|faint|p2a: Scizor\n|\n|upkeep\n|\n|t:|1700567795\n|switch|p2a: Moltres|Moltres, tera:Water|50\/100\n|-activate|p2a: Moltres|move: Sticky Web\n|-unboost|p2a: Moltres|spe|1\n|-damage|p2a: Moltres|38\/100|[from] Stealth Rock\n|turn|16\n|\n|t:|1700567801\n|move|p1a: Inteleon|Snipe Shot|p2a: Moltres\n|-resisted|p2a: Moltres\n|-crit|p2a: Moltres\n|-damage|p2a: Moltres|6\/100\n|move|p2a: Moltres|Roost|p2a: Moltres\n|-heal|p2a: Moltres|56\/100\n|\n|upkeep\n|turn|17\n|\n|t:|1700567811\n|move|p1a: Inteleon|Snipe Shot|p2a: Moltres\n|-resisted|p2a: Moltres\n|-crit|p2a: Moltres\n|-damage|p2a: Moltres|25\/100\n|move|p2a: Moltres|Roost|p2a: Moltres\n|-heal|p2a: Moltres|75\/100\n|\n|upkeep\n|turn|18\n|\n|t:|1700567817\n|move|p1a: Inteleon|Tera Blast|p2a: Moltres\n|-crit|p2a: Moltres\n|-damage|p2a: Moltres|34\/100\n|move|p2a: Moltres|Roost|p2a: Moltres\n|-heal|p2a: Moltres|84\/100\n|\n|upkeep\n|turn|19\n|\n|t:|1700567830\n|switch|p2a: Iron Valiant|Iron Valiant|100\/100\n|-activate|p2a: Iron Valiant|move: Sticky Web\n|-unboost|p2a: Iron Valiant|spe|1\n|-damage|p2a: Iron Valiant|94\/100|[from] Stealth Rock\n|move|p1a: Inteleon|Snipe Shot|p2a: Iron Valiant\n|-crit|p2a: Iron Valiant\n|-damage|p2a: Iron Valiant|0 fnt\n|faint|p2a: Iron Valiant\n|-end|p2a: Iron Valiant|Quark Drive|[silent]\n|\n|upkeep\n|\n|t:|1700567839\n|switch|p2a: Zeraora|Zeraora|100\/100\n|-activate|p2a: Zeraora|move: Sticky Web\n|-unboost|p2a: Zeraora|spe|1\n|-damage|p2a: Zeraora|88\/100|[from] Stealth Rock\n|turn|20\n|\n|t:|1700567844\n|move|p1a: Inteleon|Snipe Shot|p2a: Zeraora\n|-crit|p2a: Zeraora\n|-damage|p2a: Zeraora|0 fnt\n|faint|p2a: Zeraora\n|\n|upkeep\n|\n|t:|1700567848\n|switch|p2a: Moltres|Moltres, tera:Water|84\/100\n|-activate|p2a: Moltres|move: Sticky Web\n|-unboost|p2a: Moltres|spe|1\n|-damage|p2a: Moltres|71\/100|[from] Stealth Rock\n|turn|21\n|\n|t:|1700567854\n|move|p1a: Inteleon|Snipe Shot|p2a: Moltres\n|-resisted|p2a: Moltres\n|-crit|p2a: Moltres\n|-damage|p2a: Moltres|36\/100\n|move|p2a: Moltres|Hurricane|p1a: Inteleon|[miss]\n|-miss|p2a: Moltres|p1a: Inteleon\n|\n|upkeep\n|turn|22\n|-message|Syvxia forfeited.\n|\n|win|h0t water\n|raw|h0t water's rating: 1136 &rarr; <strong>1167<\/strong><br \/>(+31 for winning)\n|raw|Syvxia's rating: 1217 &rarr; <strong>1186<\/strong><br \/>(-31 for losing)\n|l|\u2606Syvxia\n","uploadtime":1700567862,"views":9,"p1id":"h0twater","p2id":"syvxia","formatid":"gen9nationaldex","rating":1167,"private":0,"password":""}