{"id":"gen9nationaldex-1993453207","p1":"RazberDlaPolski","p2":"kijowdlapolski","format":"[Gen 9] National Dex","log":"|j|\u2606RazberDlaPolski\n|j|\u2606kijowdlapolski\n|t:|1700319775\n|gametype|singles\n|player|p1|RazberDlaPolski|supernerd|\n|player|p2|kijowdlapolski|170|\n|teamsize|p1|6\n|teamsize|p2|6\n|gen|9\n|tier|[Gen 9] National Dex\n|rule|HP Percentage Mod: HP is shown in percentages\n|rule|Endless Battle Clause: Forcing endless battles is banned\n|rule|OHKO Clause: OHKO moves are banned\n|rule|Evasion Clause: Evasion abilities, items, and moves are banned\n|rule|Evasion Abilities Clause: Evasion abilities are banned\n|rule|Evasion Items Clause: Evasion items are banned\n|rule|Evasion Moves Clause: Evasion moves are banned\n|rule|Species Clause: Limit one of each Pok\u00e9mon\n|rule|Sleep Clause Mod: Limit one foe put to sleep\n|clearpoke\n|poke|p1|Conkeldurr, M|\n|poke|p1|Audino, F|\n|poke|p1|Wyrdeer, M|\n|poke|p1|Camerupt, M|\n|poke|p1|Regidrago|\n|poke|p1|Bruxish, M|\n|poke|p2|Regidrago|\n|poke|p2|Cryogonal|\n|poke|p2|Audino, M|\n|poke|p2|Bellibolt, F|\n|poke|p2|Bronzong|\n|poke|p2|Zoroark, F|\n|teampreview\n|c|\u2606RazberDlaPolski|yay nie ma krzyczacego\n|\n|t:|1700319804\n|start\n|switch|p1a: Audino|Audino, F|100\/100\n|switch|p2a: Bronzong|Bronzong|100\/100\n|turn|1\n|\n|t:|1700319818\n|detailschange|p1a: Audino|Audino-Mega, F\n|-mega|p1a: Audino|Audino|Audinite\n|move|p1a: Audino|Encore||[still]\n|-fail|p1a: Audino\n|move|p2a: Bronzong|Light Screen|p2a: Bronzong\n|-sidestart|p2: kijowdlapolski|move: Light Screen\n|\n|upkeep\n|turn|2\n|\n|t:|1700319830\n|switch|p2a: Cryogonal|Cryogonal|100\/100\n|move|p1a: Audino|Encore||[still]\n|-fail|p1a: Audino\n|\n|upkeep\n|turn|3\n|\n|t:|1700319837\n|move|p2a: Cryogonal|Flash Cannon|p1a: Audino\n|-supereffective|p1a: Audino\n|-damage|p1a: Audino|77\/100\n|move|p1a: Audino|Trick Room|p1a: Audino\n|-fieldstart|move: Trick Room|[of] p1a: Audino\n|\n|upkeep\n|turn|4\n|\n|t:|1700319848\n|switch|p1a: Wyrdeer|Wyrdeer, M|100\/100\n|-ability|p1a: Wyrdeer|Intimidate|boost\n|-unboost|p2a: Cryogonal|atk|1\n|move|p2a: Cryogonal|Flash Cannon|p1a: Wyrdeer\n|-damage|p1a: Wyrdeer|89\/100\n|-unboost|p1a: Wyrdeer|spd|1\n|\n|upkeep\n|turn|5\n|l|\u2606kijowdlapolski\n|player|p2|\n|c|\u2606RazberDlaPolski|akurat sp.def drop\n|j|\u2606kijowdlapolski\n|player|p2|kijowdlapolski|170\n|c|\u2606kijowdlapolski|Przepraszam net\n|c|\u2606kijowdlapolski|A busie\n|c|\u2606RazberDlaPolski|kk\n|\n|t:|1700319898\n|switch|p1a: Audino|Audino-Mega, F|77\/100\n|move|p2a: Cryogonal|Frost Breath|p1a: Audino\n|-crit|p1a: Audino\n|-damage|p1a: Audino|57\/100\n|\n|upkeep\n|turn|6\n|\n|t:|1700319915\n|move|p1a: Audino|Encore|p2a: Cryogonal\n|-start|p2a: Cryogonal|Encore\n|move|p2a: Cryogonal|Frost Breath|p1a: Audino\n|-crit|p1a: Audino\n|-damage|p1a: Audino|37\/100\n|\n|upkeep\n|turn|7\n|\n|t:|1700319923\n|move|p1a: Audino|Wish|p1a: Audino\n|move|p2a: Cryogonal|Frost Breath|p1a: Audino\n|-crit|p1a: Audino\n|-damage|p1a: Audino|15\/100\n|\n|-fieldend|move: Trick Room\n|upkeep\n|turn|8\n|\n|t:|1700319940\n|switch|p1a: Bruxish|Bruxish, M|100\/100\n|move|p2a: Cryogonal|Frost Breath|p1a: Bruxish\n|-resisted|p1a: Bruxish\n|-crit|p1a: Bruxish\n|-damage|p1a: Bruxish|68\/100\n|\n|-heal|p1a: Bruxish|100\/100|[from] move: Wish|[wisher] Audino\n|-end|p2a: Cryogonal|Encore\n|-sideend|p2: kijowdlapolski|move: Light Screen\n|upkeep\n|turn|9\n|\n|t:|1700319958\n|switch|p2a: Bellibolt|Bellibolt, F|100\/100\n|move|p1a: Bruxish|Substitute|p1a: Bruxish\n|-start|p1a: Bruxish|Substitute\n|-damage|p1a: Bruxish|76\/100\n|\n|-heal|p1a: Bruxish|82\/100|[from] item: Leftovers\n|upkeep\n|turn|10\n|\n|t:|1700319965\n|move|p2a: Bellibolt|Knock Off|p1a: Bruxish\n|-supereffective|p1a: Bruxish\n|-end|p1a: Bruxish|Substitute\n|move|p1a: Bruxish|Swords Dance|p1a: Bruxish\n|-boost|p1a: Bruxish|atk|2\n|\n|-heal|p1a: Bruxish|88\/100|[from] item: Leftovers\n|upkeep\n|turn|11\n|\n|t:|1700320003\n|switch|p1a: Conkeldurr|Conkeldurr, M|100\/100\n|move|p2a: Bellibolt|Sucker Punch||[still]\n|-fail|p2a: Bellibolt\n|\n|-status|p1a: Conkeldurr|brn|[from] item: Flame Orb\n|upkeep\n|turn|12\n|\n|t:|1700320014\n|move|p2a: Bellibolt|Knock Off|p1a: Conkeldurr\n|-resisted|p1a: Conkeldurr\n|-damage|p1a: Conkeldurr|80\/100 brn\n|-enditem|p1a: Conkeldurr|Flame Orb|[from] move: Knock Off|[of] p2a: Bellibolt\n|move|p1a: Conkeldurr|Drain Punch|p2a: Bellibolt\n|-supereffective|p2a: Bellibolt\n|-enditem|p2a: Bellibolt|Focus Sash\n|-damage|p2a: Bellibolt|1\/100\n|-heal|p1a: Conkeldurr|100\/100 brn|[from] drain|[of] p2a: Bellibolt\n|replace|p2a: Zoroark|Zoroark, F\n|-end|p2a: Zoroark|Illusion\n|\n|-damage|p1a: Conkeldurr|94\/100 brn|[from] brn\n|upkeep\n|turn|13\n|\n|t:|1700320037\n|switch|p2a: Bronzong|Bronzong|100\/100\n|move|p1a: Conkeldurr|Drain Punch|p2a: Bronzong\n|-damage|p2a: Bronzong|57\/100\n|-heal|p1a: Conkeldurr|100\/100 brn|[from] drain|[of] p2a: Bronzong\n|\n|-damage|p1a: Conkeldurr|94\/100 brn|[from] brn\n|upkeep\n|turn|14\n|\n|t:|1700320049\n|switch|p1a: Audino|Audino-Mega, F|15\/100\n|move|p2a: Bronzong|Reflect|p2a: Bronzong\n|-sidestart|p2: kijowdlapolski|Reflect\n|\n|upkeep\n|turn|15\n|\n|t:|1700320059\n|move|p2a: Bronzong|Future Sight|p1a: Audino\n|-start|p2a: Bronzong|move: Future Sight\n|move|p1a: Audino|Trick Room|p1a: Audino\n|-fieldstart|move: Trick Room|[of] p1a: Audino\n|\n|upkeep\n|turn|16\n|\n|t:|1700320065\n|move|p2a: Bronzong|Light Screen|p2a: Bronzong\n|-sidestart|p2: kijowdlapolski|move: Light Screen\n|move|p1a: Audino|Encore|p2a: Bronzong\n|-start|p2a: Bronzong|Encore\n|\n|upkeep\n|turn|17\n|\n|t:|1700320075\n|switch|p2a: Bellibolt|Bellibolt, F|1\/100\n|switch|p1a: Wyrdeer|Wyrdeer, M|89\/100\n|-ability|p1a: Wyrdeer|Intimidate|boost\n|-unboost|p2a: Bellibolt|atk|1\n|\n|-end|p1a: Wyrdeer|move: Future Sight\n|-resisted|p1a: Wyrdeer\n|-damage|p1a: Wyrdeer|81\/100\n|upkeep\n|turn|18\n|\n|t:|1700320089\n|move|p2a: Bellibolt|Sucker Punch|p1a: Wyrdeer\n|-supereffective|p1a: Wyrdeer\n|-damage|p1a: Wyrdeer|33\/100\n|move|p1a: Wyrdeer|Body Slam|p2a: Bellibolt\n|-damage|p2a: Bellibolt|0 fnt\n|replace|p2a: Zoroark|Zoroark, F\n|-end|p2a: Zoroark|Illusion\n|faint|p2a: Zoroark\n|\n|upkeep\n|\n|t:|1700320104\n|switch|p2a: Bronzong|Bronzong|57\/100\n|turn|19\n|\n|t:|1700320113\n|move|p2a: Bronzong|Body Press|p1a: Wyrdeer\n|-damage|p1a: Wyrdeer|1\/100\n|move|p1a: Wyrdeer|Psyshield Bash|p2a: Bronzong\n|-resisted|p2a: Bronzong\n|-damage|p2a: Bronzong|55\/100\n|-boost|p1a: Wyrdeer|def|1\n|\n|-fieldend|move: Trick Room\n|upkeep\n|turn|20\n|\n|t:|1700320123\n|move|p1a: Wyrdeer|Body Slam|p2a: Bronzong\n|-resisted|p2a: Bronzong\n|-damage|p2a: Bronzong|50\/100\n|-status|p2a: Bronzong|par\n|move|p2a: Bronzong|Body Press|p1a: Wyrdeer\n|-damage|p1a: Wyrdeer|0 fnt\n|faint|p1a: Wyrdeer\n|\n|upkeep\n|\n|t:|1700320133\n|switch|p1a: Camerupt|Camerupt, M|100\/100\n|turn|21\n|c|\u2606RazberDlaPolski|DEBIL XDDD\n|c|\u2606RazberDlaPolski|DEBIL JESTEM\n|\n|t:|1700320156\n|move|p1a: Camerupt|Will-O-Wisp||[still]\n|-fail|p1a: Camerupt\n|cant|p2a: Bronzong|par\n|\n|-sideend|p2: kijowdlapolski|Reflect\n|upkeep\n|turn|22\n|\n|t:|1700320163\n|move|p1a: Camerupt|Eruption|p2a: Bronzong\n|-supereffective|p2a: Bronzong\n|-damage|p2a: Bronzong|0 fnt\n|faint|p2a: Bronzong\n|\n|upkeep\n|\n|t:|1700320181\n|switch|p2a: Regidrago|Regidrago|100\/100\n|turn|23\n|c|\u2606RazberDlaPolski|kk nie ma screenow\n|\n|t:|1700320185\n|move|p2a: Regidrago|Dragon Dance|p2a: Regidrago\n|-boost|p2a: Regidrago|atk|1\n|-boost|p2a: Regidrago|spe|1\n|move|p1a: Camerupt|Will-O-Wisp|p2a: Regidrago\n|-status|p2a: Regidrago|brn\n|\n|-damage|p2a: Regidrago|94\/100 brn|[from] brn\n|-sideend|p2: kijowdlapolski|move: Light Screen\n|upkeep\n|turn|24\n|c|\u2606kijowdlapolski|Shit\n|\n|t:|1700320201\n|move|p2a: Regidrago|Dragon Dance|p2a: Regidrago\n|-boost|p2a: Regidrago|atk|1\n|-boost|p2a: Regidrago|spe|1\n|move|p1a: Camerupt|Earth Power|p2a: Regidrago\n|-damage|p2a: Regidrago|46\/100 brn\n|\n|-damage|p2a: Regidrago|40\/100 brn|[from] brn\n|upkeep\n|turn|25\n|\n|t:|1700320213\n|move|p2a: Regidrago|Facade|p1a: Camerupt\n|-damage|p1a: Camerupt|0 fnt\n|faint|p1a: Camerupt\n|\n|-damage|p2a: Regidrago|34\/100 brn|[from] brn\n|upkeep\n|\n|t:|1700320223\n|switch|p1a: Conkeldurr|Conkeldurr, M|94\/100 brn\n|turn|26\n|c|\u2606kijowdlapolski|By\u0142em na to przygotowany\n|\n|t:|1700320237\n|-terastallize|p1a: Conkeldurr|Fighting\n|move|p2a: Regidrago|Facade|p1a: Conkeldurr\n|-damage|p1a: Conkeldurr|13\/100 brn\n|move|p1a: Conkeldurr|Drain Punch|p2a: Regidrago\n|-damage|p2a: Regidrago|0 fnt\n|-heal|p1a: Conkeldurr|34\/100 brn|[from] drain|[of] p2a: Regidrago\n|faint|p2a: Regidrago\n|\n|-damage|p1a: Conkeldurr|28\/100 brn|[from] brn\n|upkeep\n|\n|t:|1700320259\n|switch|p2a: Audino|Audino, M|100\/100\n|turn|27\n|c|\u2606RazberDlaPolski|daj mi czas\n|c|\u2606RazberDlaPolski|mama weszla do pokoju\n|c|\u2606RazberDlaPolski|i znikad dala mi obowiazki\n|c|\u2606kijowdlapolski|Dobra\n|c|\u2606kijowdlapolski|Tylko pisz kiedy b\u0119dziesz m\u00f3g\u0142\n|\n|t:|1700320487\n|detailschange|p2a: Audino|Audino-Mega, M\n|-mega|p2a: Audino|Audino|Audinite\n|move|p2a: Audino|Power-Up Punch|p1a: Conkeldurr\n|-damage|p1a: Conkeldurr|20\/100 brn\n|-boost|p2a: Audino|atk|1\n|move|p1a: Conkeldurr|Facade|p2a: Audino\n|-damage|p2a: Audino|46\/100\n|\n|-damage|p1a: Conkeldurr|14\/100 brn|[from] brn\n|upkeep\n|turn|28\n|c|\u2606RazberDlaPolski|mialem czas na jeden ruch\n|c|\u2606kijowdlapolski|Aaa\n|c|\u2606kijowdlapolski|To czekam\n|c|\u2606RazberDlaPolski|moge sie potem wyzalic na priv?\n|c|\u2606kijowdlapolski|Jasne\n|c|\u2606kijowdlapolski|Po walce od razu\n|c|\u2606kijowdlapolski|Tylko doko\u0144czymy walk\u0119\n|c|\u2606kijowdlapolski|Ja dopiero po 17 b\u0119d\u0119 w domu\n|c|\u2606kijowdlapolski|Karola na mnie czeka ju\u017c hehe\n|c|\u2606RazberDlaPolski|jj\n|\n|t:|1700321062\n|move|p2a: Audino|Last Resort|p1a: Conkeldurr\n|-damage|p1a: Conkeldurr|0 fnt\n|faint|p1a: Conkeldurr\n|\n|upkeep\n|\n|t:|1700321069\n|switch|p1a: Bruxish|Bruxish, M|88\/100\n|turn|29\n|\n|t:|1700321093\n|move|p1a: Bruxish|Wave Crash|p2a: Audino\n|-damage|p2a: Audino|5\/100\n|-damage|p1a: Bruxish|68\/100|[from] Recoil\n|move|p2a: Audino|Last Resort|p1a: Bruxish\n|-damage|p1a: Bruxish|0 fnt\n|faint|p1a: Bruxish\n|\n|upkeep\n|\n|t:|1700321099\n|switch|p1a: Regidrago|Regidrago|100\/100\n|turn|30\n|\n|t:|1700321115\n|move|p1a: Regidrago|Earth Power|p2a: Audino\n|-damage|p2a: Audino|0 fnt\n|faint|p2a: Audino\n|\n|upkeep\n|\n|t:|1700321118\n|switch|p2a: Cryogonal|Cryogonal|100\/100\n|turn|31\n|\n|t:|1700321123\n|switch|p1a: Audino|Audino-Mega, F|15\/100\n|move|p2a: Cryogonal|Frost Breath|p1a: Audino\n|-crit|p1a: Audino\n|-damage|p1a: Audino|0 fnt\n|faint|p1a: Audino\n|\n|upkeep\n|\n|t:|1700321128\n|switch|p1a: Regidrago|Regidrago|100\/100\n|turn|32\n|\n|t:|1700321132\n|move|p2a: Cryogonal|Frost Breath|p1a: Regidrago\n|-supereffective|p1a: Regidrago\n|-crit|p1a: Regidrago\n|-damage|p1a: Regidrago|3\/100\n|move|p1a: Regidrago|Dragon Energy|p2a: Cryogonal\n|-damage|p2a: Cryogonal|98\/100\n|\n|upkeep\n|turn|33\n|\n|t:|1700321139\n|move|p2a: Cryogonal|Flash Cannon|p1a: Regidrago\n|-damage|p1a: Regidrago|0 fnt\n|faint|p1a: Regidrago\n|\n|win|kijowdlapolski\n|c|\u2606RazberDlaPolski|ah tak szybszy.\n|c|\u2606RazberDlaPolski|gg\n","uploadtime":1700321146,"views":23,"p1id":"razberdlapolski","p2id":"kijowdlapolski","formatid":"gen9nationaldex","rating":0,"private":0,"password":""}