{"id":"gen9nationaldex-1988489194","p1":"naM kliM","p2":"Sprocket0835","format":"[Gen 9] National Dex","log":"|j|\u2606naM kliM\n|j|\u2606Sprocket0835\n|t:|1699728411\n|gametype|singles\n|player|p1|naM kliM|teamrocket|1312\n|player|p2|Sprocket0835|hilbert|1395\n|teamsize|p1|6\n|teamsize|p2|6\n|gen|9\n|tier|[Gen 9] National Dex\n|rated|\n|rule|HP Percentage Mod: HP is shown in percentages\n|rule|Endless Battle Clause: Forcing endless battles is banned\n|rule|OHKO Clause: OHKO moves are banned\n|rule|Evasion Clause: Evasion abilities, items, and moves are banned\n|rule|Evasion Abilities Clause: Evasion abilities are banned\n|rule|Evasion Items Clause: Evasion items are banned\n|rule|Evasion Moves Clause: Evasion moves are banned\n|rule|Species Clause: Limit one of each Pok\u00e9mon\n|rule|Sleep Clause Mod: Limit one foe put to sleep\n|clearpoke\n|poke|p1|Gliscor, M|\n|poke|p1|Lopunny, F|\n|poke|p1|Tyranitar, F|\n|poke|p1|Moltres|\n|poke|p1|Ogerpon-Wellspring, F|\n|poke|p1|Hatterene, F|\n|poke|p2|Tyranitar, M|\n|poke|p2|Excadrill, M|\n|poke|p2|Garchomp, M|\n|poke|p2|Gliscor, F|\n|poke|p2|Iron Valiant|\n|poke|p2|Ogerpon-Wellspring, F|\n|teampreview\n|inactive|Battle timer is ON: inactive players will automatically lose when time's up. (requested by naM kliM)\n|\n|t:|1699728420\n|start\n|switch|p1a: Lopunny|Lopunny, F|100\/100\n|switch|p2a: Ogerpon|Ogerpon-Wellspring, F|100\/100\n|turn|1\n|\n|t:|1699728427\n|switch|p2a: Gliscor|Gliscor, F|100\/100\n|detailschange|p1a: Lopunny|Lopunny-Mega, F\n|-mega|p1a: Lopunny|Lopunny|Lopunnite\n|move|p1a: Lopunny|Fake Out|p2a: Gliscor\n|-damage|p2a: Gliscor|83\/100\n|\n|-status|p2a: Gliscor|tox|[from] item: Toxic Orb\n|upkeep\n|turn|2\n|\n|t:|1699728437\n|move|p1a: Lopunny|Ice Punch|p2a: Gliscor\n|-supereffective|p2a: Gliscor\n|-damage|p2a: Gliscor|0 fnt\n|faint|p2a: Gliscor\n|\n|upkeep\n|\n|t:|1699728446\n|switch|p2a: Iron Valiant|Iron Valiant|100\/100\n|-enditem|p2a: Iron Valiant|Booster Energy\n|-activate|p2a: Iron Valiant|ability: Quark Drive|[fromitem]\n|-start|p2a: Iron Valiant|quarkdrivespe\n|turn|3\n|\n|t:|1699728452\n|switch|p1a: Gliscor|Gliscor, M|100\/100\n|move|p2a: Iron Valiant|Calm Mind|p2a: Iron Valiant\n|-boost|p2a: Iron Valiant|spa|1\n|-boost|p2a: Iron Valiant|spd|1\n|\n|-status|p1a: Gliscor|tox|[from] item: Toxic Orb\n|upkeep\n|turn|4\n|\n|t:|1699728464\n|switch|p1a: Tyranitar|Tyranitar, F|100\/100\n|-weather|Sandstorm|[from] ability: Sand Stream|[of] p1a: Tyranitar\n|move|p2a: Iron Valiant|Moonblast|p1a: Tyranitar\n|-supereffective|p1a: Tyranitar\n|-damage|p1a: Tyranitar|48\/100\n|-unboost|p1a: Tyranitar|spa|1\n|\n|-weather|Sandstorm|[upkeep]\n|-damage|p2a: Iron Valiant|94\/100|[from] Sandstorm\n|upkeep\n|turn|5\n|\n|t:|1699728478\n|move|p2a: Iron Valiant|Moonblast|p1a: Tyranitar\n|-supereffective|p1a: Tyranitar\n|-damage|p1a: Tyranitar|0 fnt\n|faint|p1a: Tyranitar\n|\n|-weather|Sandstorm|[upkeep]\n|-damage|p2a: Iron Valiant|88\/100|[from] Sandstorm\n|upkeep\n|\n|t:|1699728492\n|switch|p1a: Lopunny|Lopunny-Mega, F|100\/100\n|turn|6\n|\n|t:|1699728503\n|move|p1a: Lopunny|Fake Out|p2a: Iron Valiant\n|-damage|p2a: Iron Valiant|62\/100\n|cant|p2a: Iron Valiant|flinch\n|\n|-weather|Sandstorm|[upkeep]\n|-damage|p2a: Iron Valiant|56\/100|[from] Sandstorm\n|-damage|p1a: Lopunny|94\/100|[from] Sandstorm\n|upkeep\n|turn|7\n|\n|t:|1699728512\n|switch|p1a: Ogerpon|Ogerpon-Wellspring, F|100\/100\n|move|p2a: Iron Valiant|Thunderbolt|p1a: Ogerpon\n|-damage|p1a: Ogerpon|51\/100\n|\n|-weather|Sandstorm|[upkeep]\n|-damage|p2a: Iron Valiant|50\/100|[from] Sandstorm\n|-damage|p1a: Ogerpon|45\/100|[from] Sandstorm\n|upkeep\n|turn|8\n|\n|t:|1699728520\n|move|p1a: Ogerpon|Spiky Shield|p1a: Ogerpon\n|-singleturn|p1a: Ogerpon|move: Protect\n|move|p2a: Iron Valiant|Moonblast|p1a: Ogerpon\n|-activate|p1a: Ogerpon|move: Protect\n|\n|-weather|none\n|upkeep\n|turn|9\n|\n|t:|1699728531\n|switch|p1a: Moltres|Moltres|100\/100\n|move|p2a: Iron Valiant|Moonblast|p1a: Moltres\n|-resisted|p1a: Moltres\n|-damage|p1a: Moltres|55\/100\n|-unboost|p1a: Moltres|spa|1\n|\n|upkeep\n|turn|10\n|\n|t:|1699728541\n|move|p2a: Iron Valiant|Thunderbolt|p1a: Moltres\n|-supereffective|p1a: Moltres\n|-damage|p1a: Moltres|0 fnt\n|faint|p1a: Moltres\n|\n|upkeep\n|\n|t:|1699728546\n|switch|p1a: Lopunny|Lopunny-Mega, F|94\/100\n|turn|11\n|\n|t:|1699728550\n|move|p1a: Lopunny|Fake Out|p2a: Iron Valiant\n|-damage|p2a: Iron Valiant|24\/100\n|cant|p2a: Iron Valiant|flinch\n|\n|upkeep\n|turn|12\n|\n|t:|1699728556\n|switch|p1a: Ogerpon|Ogerpon-Wellspring, F|45\/100\n|move|p2a: Iron Valiant|Moonblast|p1a: Ogerpon\n|-damage|p1a: Ogerpon|0 fnt\n|faint|p1a: Ogerpon\n|\n|upkeep\n|\n|t:|1699728564\n|switch|p1a: Lopunny|Lopunny-Mega, F|94\/100\n|turn|13\n|\n|t:|1699728572\n|move|p1a: Lopunny|Fake Out|p2a: Iron Valiant\n|-damage|p2a: Iron Valiant|0 fnt\n|faint|p2a: Iron Valiant\n|-end|p2a: Iron Valiant|Quark Drive|[silent]\n|\n|upkeep\n|\n|t:|1699728574\n|switch|p2a: Tyranitar|Tyranitar, M|100\/100\n|-weather|Sandstorm|[from] ability: Sand Stream|[of] p2a: Tyranitar\n|turn|14\n|\n|t:|1699728589\n|-terastallize|p2a: Tyranitar|Fairy\n|move|p1a: Lopunny|Close Combat|p2a: Tyranitar\n|-resisted|p2a: Tyranitar\n|-damage|p2a: Tyranitar|75\/100\n|-unboost|p1a: Lopunny|def|1\n|-unboost|p1a: Lopunny|spd|1\n|move|p2a: Tyranitar|Toxic|p1a: Lopunny\n|-status|p1a: Lopunny|tox\n|\n|-weather|Sandstorm|[upkeep]\n|-damage|p1a: Lopunny|88\/100 tox|[from] Sandstorm\n|-damage|p2a: Tyranitar|69\/100|[from] Sandstorm\n|-heal|p2a: Tyranitar|75\/100|[from] item: Leftovers\n|-damage|p1a: Lopunny|82\/100 tox|[from] psn\n|upkeep\n|turn|15\n|-message|naM kliM forfeited.\n|\n|win|Sprocket0835\n|raw|naM kliM's rating: 1312 &rarr; <strong>1297<\/strong><br \/>(-15 for losing)\n|raw|Sprocket0835's rating: 1395 &rarr; <strong>1410<\/strong><br \/>(+15 for winning)\n|l|\u2606naM kliM\n","uploadtime":1699728605,"views":7,"p1id":"namklim","p2id":"sprocket0835","formatid":"gen9nationaldex","rating":1297,"private":0,"password":""}