{"id":"gen9nationaldex-1990505789","p1":"KyosukeKamijou","p2":"TheDarkar","format":"[Gen 9] National Dex","log":"|j|\u2606KyosukeKamijou\n|j|\u2606TheDarkar\n|t:|1699977004\n|gametype|singles\n|player|p1|KyosukeKamijou|ghetsis|1249\n|player|p2|TheDarkar|guzma|1190\n|teamsize|p1|6\n|teamsize|p2|6\n|gen|9\n|tier|[Gen 9] National Dex\n|rated|\n|rule|HP Percentage Mod: HP is shown in percentages\n|rule|Endless Battle Clause: Forcing endless battles is banned\n|rule|OHKO Clause: OHKO moves are banned\n|rule|Evasion Clause: Evasion abilities, items, and moves are banned\n|rule|Evasion Abilities Clause: Evasion abilities are banned\n|rule|Evasion Items Clause: Evasion items are banned\n|rule|Evasion Moves Clause: Evasion moves are banned\n|rule|Species Clause: Limit one of each Pok\u00e9mon\n|rule|Sleep Clause Mod: Limit one foe put to sleep\n|clearpoke\n|poke|p1|Kommo-o, M|\n|poke|p1|Ferrothorn, M|\n|poke|p1|Gliscor, M|\n|poke|p1|Samurott-Hisui, M|\n|poke|p1|Volcarona, F|\n|poke|p1|Diancie|\n|poke|p2|Beheeyem, M|\n|poke|p2|Metagross|\n|poke|p2|Magnezone|\n|poke|p2|Klinklang|\n|poke|p2|Rotom-Wash|\n|poke|p2|Porygon-Z|\n|teampreview\n|inactive|Battle timer is ON: inactive players will automatically lose when time's up. (requested by TheDarkar)\n|\n|t:|1699977017\n|start\n|switch|p1a: Mothra|Volcarona, F|100\/100\n|switch|p2a: Magnezone|Magnezone|100\/100\n|turn|1\n|\n|t:|1699977025\n|switch|p1a: Batman|Gliscor, M|100\/100\n|move|p2a: Magnezone|Volt Switch|p1a: Batman\n|-immune|p1a: Batman\n|\n|-status|p1a: Batman|tox|[from] item: Toxic Orb\n|upkeep\n|turn|2\n|\n|t:|1699977041\n|switch|p2a: Beheeyem|Beheeyem, M|100\/100\n|move|p1a: Batman|Stealth Rock|p2a: Beheeyem\n|-sidestart|p2: TheDarkar|move: Stealth Rock\n|\n|upkeep\n|turn|3\n|\n|t:|1699977046\n|move|p1a: Batman|Protect|p1a: Batman\n|-singleturn|p1a: Batman|Protect\n|move|p2a: Beheeyem|Future Sight|p1a: Batman\n|-start|p2a: Beheeyem|move: Future Sight\n|\n|upkeep\n|turn|4\n|\n|t:|1699977052\n|move|p1a: Batman|Toxic|p2a: Beheeyem|[miss]\n|-miss|p1a: Batman|p2a: Beheeyem\n|move|p2a: Beheeyem|Teleport|p2a: Beheeyem\n|\n|t:|1699977062\n|switch|p2a: Porygon-Z|Porygon-Z|100\/100|[from] Teleport\n|-damage|p2a: Porygon-Z|88\/100|[from] Stealth Rock\n|\n|upkeep\n|turn|5\n|\n|t:|1699977068\n|move|p1a: Batman|Protect|p1a: Batman\n|-singleturn|p1a: Batman|Protect\n|move|p2a: Porygon-Z|Tri Attack|p1a: Batman\n|-activate|p1a: Batman|move: Protect\n|\n|-end|p1a: Batman|move: Future Sight\n|-damage|p1a: Batman|44\/100 tox\n|-heal|p1a: Batman|57\/100 tox|[from] ability: Poison Heal\n|upkeep\n|turn|6\n|\n|t:|1699977077\n|move|p2a: Porygon-Z|Tri Attack|p1a: Batman\n|-damage|p1a: Batman|0 fnt\n|faint|p1a: Batman\n|\n|upkeep\n|\n|t:|1699977082\n|switch|p1a: Zenturion|Kommo-o, M|100\/100\n|turn|7\n|\n|t:|1699977087\n|move|p2a: Porygon-Z|Tri Attack|p1a: Zenturion\n|-damage|p1a: Zenturion|29\/100\n|-zpower|p1a: Zenturion\n|move|p1a: Zenturion|Clangorous Soulblaze|p2a: Porygon-Z|[zeffect]\n|-damage|p2a: Porygon-Z|0 fnt\n|faint|p2a: Porygon-Z\n|-boost|p1a: Zenturion|atk|1\n|-boost|p1a: Zenturion|def|1\n|-boost|p1a: Zenturion|spa|1\n|-boost|p1a: Zenturion|spd|1\n|-boost|p1a: Zenturion|spe|1\n|\n|upkeep\n|\n|t:|1699977098\n|switch|p2a: Rotom|Rotom-Wash|100\/100\n|-damage|p2a: Rotom|88\/100|[from] Stealth Rock\n|turn|8\n|\n|t:|1699977110\n|move|p1a: Zenturion|Boomburst|p2a: Rotom\n|-damage|p2a: Rotom|2\/100\n|move|p2a: Rotom|Volt Switch|p1a: Zenturion\n|-resisted|p1a: Zenturion\n|-damage|p1a: Zenturion|18\/100\n|\n|t:|1699977120\n|switch|p2a: Beheeyem|Beheeyem, M|100\/100|[from] Volt Switch\n|-damage|p2a: Beheeyem|88\/100|[from] Stealth Rock\n|\n|upkeep\n|turn|9\n|\n|t:|1699977127\n|move|p1a: Zenturion|Boomburst|p2a: Beheeyem\n|-damage|p2a: Beheeyem|23\/100\n|move|p2a: Beheeyem|Future Sight|p1a: Zenturion\n|-start|p2a: Beheeyem|move: Future Sight\n|\n|upkeep\n|turn|10\n|\n|t:|1699977133\n|move|p1a: Zenturion|Boomburst|p2a: Beheeyem\n|-damage|p2a: Beheeyem|0 fnt\n|faint|p2a: Beheeyem\n|\n|upkeep\n|\n|t:|1699977139\n|switch|p2a: Klinklang|Klinklang|100\/100\n|-damage|p2a: Klinklang|94\/100|[from] Stealth Rock\n|turn|11\n|\n|t:|1699977145\n|move|p1a: Zenturion|Aura Sphere|p2a: Klinklang\n|-supereffective|p2a: Klinklang\n|-damage|p2a: Klinklang|0 fnt\n|faint|p2a: Klinklang\n|\n|-end|p1a: Zenturion|move: Future Sight\n|-supereffective|p1a: Zenturion\n|-damage|p1a: Zenturion|0 fnt\n|faint|p1a: Zenturion\n|upkeep\n|\n|t:|1699977158\n|switch|p1a: Edgy|Samurott-Hisui, M|100\/100\n|switch|p2a: Metagross|Metagross|100\/100\n|-damage|p2a: Metagross|95\/100|[from] Stealth Rock\n|turn|12\n|\n|t:|1699977164\n|move|p1a: Edgy|Ceaseless Edge|p2a: Metagross\n|-supereffective|p2a: Metagross\n|-damage|p2a: Metagross|15\/100\n|-sidestart|p2: TheDarkar|Spikes\n|move|p2a: Metagross|Thunder Punch|p1a: Edgy\n|-supereffective|p1a: Edgy\n|-damage|p1a: Edgy|30\/100\n|\n|-heal|p2a: Metagross|21\/100|[from] item: Leftovers\n|upkeep\n|turn|13\n|\n|t:|1699977172\n|move|p2a: Metagross|Bullet Punch|p1a: Edgy\n|-resisted|p1a: Edgy\n|-damage|p1a: Edgy|15\/100\n|move|p1a: Edgy|Ceaseless Edge|p2a: Metagross\n|-supereffective|p2a: Metagross\n|-damage|p2a: Metagross|0 fnt\n|-sidestart|p2: TheDarkar|Spikes\n|faint|p2a: Metagross\n|\n|upkeep\n|-message|TheDarkar forfeited.\n|\n|win|KyosukeKamijou\n|raw|KyosukeKamijou's rating: 1249 &rarr; <strong>1270<\/strong><br \/>(+21 for winning)\n|raw|TheDarkar's rating: 1190 &rarr; <strong>1169<\/strong><br \/>(-21 for losing)\n|l|\u2606TheDarkar\n","uploadtime":1699977182,"views":3,"p1id":"kyosukekamijou","p2id":"thedarkar","formatid":"gen9nationaldex","rating":1169,"private":0,"password":""}