{"id":"gen9nationaldex-2000022432","p1":"rjfjdbija","p2":"ousl7","format":"[Gen 9] National Dex","log":"|html|<div class=\"broadcast-blue\"><strong>[Gen 9] National Dex is currently suspecting Sneasler! For information on how to participate check out the <a href=\"https:\/\/www.smogon.com\/forums\/threads\/sv-national-dex-suspect-8-just-dance.3731534\/\">suspect thread<\/a>.<\/strong><\/div>\n|j|\u2606rjfjdbija\n|j|\u2606ousl7\n|t:|1701142338\n|gametype|singles\n|player|p1|rjfjdbija|102|1098\n|player|p2|ousl7|265|1154\n|teamsize|p1|6\n|teamsize|p2|6\n|gen|9\n|tier|[Gen 9] National Dex\n|rated|\n|rule|HP Percentage Mod: HP is shown in percentages\n|rule|Endless Battle Clause: Forcing endless battles is banned\n|rule|OHKO Clause: OHKO moves are banned\n|rule|Evasion Clause: Evasion abilities, items, and moves are banned\n|rule|Evasion Abilities Clause: Evasion abilities are banned\n|rule|Evasion Items Clause: Evasion items are banned\n|rule|Evasion Moves Clause: Evasion moves are banned\n|rule|Species Clause: Limit one of each Pok\u00e9mon\n|rule|Sleep Clause Mod: Limit one foe put to sleep\n|clearpoke\n|poke|p1|Muk-Alola, F|\n|poke|p1|Alomomola, M|\n|poke|p1|Garchomp, F|\n|poke|p1|Gliscor, F|\n|poke|p1|Great Tusk|\n|poke|p1|Corviknight, M|\n|poke|p2|Corviknight, M|\n|poke|p2|Clodsire, M|\n|poke|p2|Toxapex, F|\n|poke|p2|Blissey, F|\n|poke|p2|Sableye, M|\n|poke|p2|Dondozo, F|\n|teampreview\n|\n|t:|1701142355\n|start\n|switch|p1a: Garchomp|Garchomp, F|100\/100\n|switch|p2a: Sableye|Sableye, M|100\/100\n|turn|1\n|inactive|Battle timer is ON: inactive players will automatically lose when time's up. (requested by ousl7)\n|\n|t:|1701142362\n|move|p2a: Sableye|Will-O-Wisp|p1a: Garchomp\n|-status|p1a: Garchomp|brn\n|move|p1a: Garchomp|Swords Dance|p1a: Garchomp\n|-boost|p1a: Garchomp|atk|2\n|\n|-damage|p1a: Garchomp|94\/100 brn|[from] brn\n|upkeep\n|turn|2\n|\n|t:|1701142373\n|detailschange|p2a: Sableye|Sableye-Mega, M\n|-mega|p2a: Sableye|Sableye|Sablenite\n|move|p1a: Garchomp|Stealth Rock|p2a: Sableye\n|move|p2a: Sableye|Stealth Rock|p1a: Garchomp|[from]ability: Magic Bounce\n|-sidestart|p1: rjfjdbija|move: Stealth Rock\n|move|p2a: Sableye|Spite|p1a: Garchomp\n|-activate|p1a: Garchomp|move: Spite|Stealth Rock|4\n|\n|-damage|p1a: Garchomp|88\/100 brn|[from] brn\n|upkeep\n|turn|3\n|\n|t:|1701142391\n|-zpower|p1a: Garchomp\n|move|p1a: Garchomp|Devastating Drake|p2a: Sableye|[zeffect]\n|-damage|p2a: Sableye|2\/100\n|move|p2a: Sableye|Knock Off|p1a: Garchomp\n|-damage|p1a: Garchomp|69\/100 brn\n|-damage|p2a: Sableye|0 fnt|[from] ability: Rough Skin|[of] p1a: Garchomp\n|faint|p2a: Sableye\n|\n|-damage|p1a: Garchomp|63\/100 brn|[from] brn\n|upkeep\n|\n|t:|1701142405\n|switch|p2a: Dondozo|Dondozo, F|100\/100\n|turn|4\n|\n|t:|1701142415\n|switch|p1a: Alomomola|Alomomola, M|100\/100\n|move|p2a: Dondozo|Avalanche|p1a: Alomomola\n|-resisted|p1a: Alomomola\n|-damage|p1a: Alomomola|96\/100\n|\n|upkeep\n|turn|5\n|\n|t:|1701142435\n|switch|p2a: Toxapex|Toxapex, F|100\/100\n|move|p1a: Alomomola|Flip Turn|p2a: Toxapex\n|-resisted|p2a: Toxapex\n|-damage|p2a: Toxapex|96\/100\n|\n|t:|1701142438\n|switch|p1a: Great Tusk|Great Tusk|100\/100|[from] Flip Turn\n|-damage|p1a: Great Tusk|98\/100|[from] Stealth Rock\n|\n|-heal|p1a: Great Tusk|100\/100|[from] item: Leftovers\n|-heal|p2a: Toxapex|100\/100|[from] item: Leftovers\n|upkeep\n|turn|6\n|\n|t:|1701142465\n|switch|p2a: Dondozo|Dondozo, F|100\/100\n|move|p1a: Great Tusk|Rapid Spin|p2a: Dondozo\n|-damage|p2a: Dondozo|94\/100\n|-boost|p1a: Great Tusk|spe|1\n|-sideend|p1: rjfjdbija|Stealth Rock|[from] move: Rapid Spin|[of] p1a: Great Tusk\n|\n|-heal|p2a: Dondozo|99\/100|[from] item: Leftovers\n|upkeep\n|turn|7\n|\n|t:|1701142473\n|-end|p1a: Great Tusk|Protosynthesis|[silent]\n|switch|p1a: Alomomola|Alomomola, M|100\/100\n|move|p2a: Dondozo|Waterfall|p1a: Alomomola\n|-resisted|p1a: Alomomola\n|-damage|p1a: Alomomola|92\/100\n|\n|-heal|p2a: Dondozo|100\/100|[from] item: Leftovers\n|upkeep\n|turn|8\n|\n|t:|1701142484\n|move|p1a: Alomomola|Toxic|p2a: Dondozo\n|-status|p2a: Dondozo|tox\n|move|p2a: Dondozo|Waterfall|p1a: Alomomola\n|-resisted|p1a: Alomomola\n|-damage|p1a: Alomomola|83\/100\n|\n|-damage|p2a: Dondozo|94\/100 tox|[from] psn\n|upkeep\n|turn|9\n|\n|t:|1701142489\n|move|p1a: Alomomola|Flip Turn|p2a: Dondozo\n|-resisted|p2a: Dondozo\n|-damage|p2a: Dondozo|91\/100 tox\n|\n|t:|1701142496\n|switch|p1a: Corviknight|Corviknight, M|100\/100|[from] Flip Turn\n|move|p2a: Dondozo|Waterfall|p1a: Corviknight\n|-damage|p1a: Corviknight|76\/100\n|\n|-heal|p2a: Dondozo|97\/100 tox|[from] item: Leftovers\n|-damage|p2a: Dondozo|84\/100 tox|[from] psn\n|upkeep\n|turn|10\n|\n|t:|1701142506\n|switch|p2a: Toxapex|Toxapex, F|100\/100\n|move|p1a: Corviknight|Agility|p1a: Corviknight\n|-boost|p1a: Corviknight|spe|2\n|\n|upkeep\n|turn|11\n|\n|t:|1701142513\n|move|p1a: Corviknight|Bulk Up|p1a: Corviknight\n|-boost|p1a: Corviknight|atk|1\n|-boost|p1a: Corviknight|def|1\n|move|p2a: Toxapex|Scald|p1a: Corviknight\n|-crit|p1a: Corviknight\n|-damage|p1a: Corviknight|50\/100\n|\n|upkeep\n|turn|12\n|\n|t:|1701142520\n|move|p1a: Corviknight|Roost|p1a: Corviknight\n|-heal|p1a: Corviknight|99\/100\n|-singleturn|p1a: Corviknight|move: Roost\n|move|p2a: Toxapex|Scald|p1a: Corviknight\n|-damage|p1a: Corviknight|85\/100\n|\n|upkeep\n|turn|13\n|\n|t:|1701142523\n|move|p1a: Corviknight|Bulk Up|p1a: Corviknight\n|-boost|p1a: Corviknight|atk|1\n|-boost|p1a: Corviknight|def|1\n|move|p2a: Toxapex|Scald|p1a: Corviknight\n|-damage|p1a: Corviknight|69\/100\n|\n|upkeep\n|turn|14\n|\n|t:|1701142528\n|move|p1a: Corviknight|Power Trip|p2a: Toxapex\n|-damage|p2a: Toxapex|62\/100\n|move|p2a: Toxapex|Scald|p1a: Corviknight\n|-damage|p1a: Corviknight|53\/100\n|\n|-heal|p2a: Toxapex|68\/100|[from] item: Leftovers\n|upkeep\n|turn|15\n|\n|t:|1701142535\n|move|p1a: Corviknight|Roost|p1a: Corviknight\n|-heal|p1a: Corviknight|100\/100\n|-singleturn|p1a: Corviknight|move: Roost\n|move|p2a: Toxapex|Scald|p1a: Corviknight\n|-damage|p1a: Corviknight|84\/100\n|\n|-heal|p2a: Toxapex|75\/100|[from] item: Leftovers\n|upkeep\n|turn|16\n|\n|t:|1701142538\n|move|p1a: Corviknight|Bulk Up|p1a: Corviknight\n|-boost|p1a: Corviknight|atk|1\n|-boost|p1a: Corviknight|def|1\n|move|p2a: Toxapex|Scald|p1a: Corviknight\n|-damage|p1a: Corviknight|67\/100\n|\n|-heal|p2a: Toxapex|81\/100|[from] item: Leftovers\n|upkeep\n|turn|17\n|\n|t:|1701142541\n|move|p1a: Corviknight|Power Trip|p2a: Toxapex\n|-damage|p2a: Toxapex|19\/100\n|move|p2a: Toxapex|Scald|p1a: Corviknight\n|-damage|p1a: Corviknight|49\/100\n|\n|-heal|p2a: Toxapex|25\/100|[from] item: Leftovers\n|upkeep\n|turn|18\n|\n|t:|1701142547\n|switch|p2a: Dondozo|Dondozo, F|84\/100 tox\n|move|p1a: Corviknight|Power Trip|p2a: Dondozo\n|-damage|p2a: Dondozo|63\/100 tox\n|\n|-heal|p2a: Dondozo|69\/100 tox|[from] item: Leftovers\n|-damage|p2a: Dondozo|63\/100 tox|[from] psn\n|upkeep\n|turn|19\n|\n|t:|1701142560\n|move|p1a: Corviknight|Roost|p1a: Corviknight\n|-heal|p1a: Corviknight|99\/100\n|-singleturn|p1a: Corviknight|move: Roost\n|move|p2a: Dondozo|Waterfall|p1a: Corviknight\n|-damage|p1a: Corviknight|76\/100\n|\n|-heal|p2a: Dondozo|69\/100 tox|[from] item: Leftovers\n|-damage|p2a: Dondozo|57\/100 tox|[from] psn\n|upkeep\n|turn|20\n|\n|t:|1701142573\n|move|p1a: Corviknight|Bulk Up|p1a: Corviknight\n|-boost|p1a: Corviknight|atk|1\n|-boost|p1a: Corviknight|def|1\n|move|p2a: Dondozo|Rest|p2a: Dondozo\n|-status|p2a: Dondozo|slp|[from] move: Rest\n|-heal|p2a: Dondozo|100\/100 slp|[silent]\n|\n|upkeep\n|turn|21\n|\n|t:|1701142581\n|move|p1a: Corviknight|Bulk Up|p1a: Corviknight\n|-boost|p1a: Corviknight|atk|1\n|-boost|p1a: Corviknight|def|1\n|cant|p2a: Dondozo|slp\n|move|p2a: Dondozo|Sleep Talk|p2a: Dondozo\n|move|p2a: Dondozo|Avalanche|p1a: Corviknight|[from]move: Sleep Talk\n|-damage|p1a: Corviknight|65\/100\n|\n|upkeep\n|turn|22\n|\n|t:|1701142586\n|move|p1a: Corviknight|Bulk Up|p1a: Corviknight\n|-boost|p1a: Corviknight|atk|1\n|-boost|p1a: Corviknight|def|1\n|cant|p2a: Dondozo|slp\n|move|p2a: Dondozo|Sleep Talk|p2a: Dondozo\n|move|p2a: Dondozo|Waterfall|p1a: Corviknight|[from]move: Sleep Talk\n|-damage|p1a: Corviknight|42\/100\n|\n|upkeep\n|turn|23\n|\n|t:|1701142592\n|move|p1a: Corviknight|Roost|p1a: Corviknight\n|-heal|p1a: Corviknight|92\/100\n|-singleturn|p1a: Corviknight|move: Roost\n|-curestatus|p2a: Dondozo|slp|[msg]\n|move|p2a: Dondozo|Waterfall|p1a: Corviknight\n|-damage|p1a: Corviknight|69\/100\n|\n|upkeep\n|turn|24\n|\n|t:|1701142595\n|move|p1a: Corviknight|Agility|p1a: Corviknight\n|-boost|p1a: Corviknight|spe|2\n|move|p2a: Dondozo|Waterfall|p1a: Corviknight\n|-damage|p1a: Corviknight|45\/100\n|\n|upkeep\n|turn|25\n|\n|t:|1701142599\n|move|p1a: Corviknight|Roost|p1a: Corviknight\n|-heal|p1a: Corviknight|95\/100\n|-singleturn|p1a: Corviknight|move: Roost\n|move|p2a: Dondozo|Waterfall|p1a: Corviknight\n|-damage|p1a: Corviknight|74\/100\n|\n|upkeep\n|turn|26\n|\n|t:|1701142603\n|move|p1a: Corviknight|Agility|p1a: Corviknight\n|-boost|p1a: Corviknight|spe|2\n|move|p2a: Dondozo|Waterfall|p1a: Corviknight\n|-damage|p1a: Corviknight|51\/100\n|\n|upkeep\n|turn|27\n|\n|t:|1701142606\n|move|p1a: Corviknight|Roost|p1a: Corviknight\n|-heal|p1a: Corviknight|100\/100\n|-singleturn|p1a: Corviknight|move: Roost\n|move|p2a: Dondozo|Waterfall|p1a: Corviknight\n|-damage|p1a: Corviknight|76\/100\n|\n|upkeep\n|turn|28\n|\n|t:|1701142609\n|move|p1a: Corviknight|Power Trip|p2a: Dondozo\n|-damage|p2a: Dondozo|61\/100\n|move|p2a: Dondozo|Avalanche|p1a: Corviknight\n|-damage|p1a: Corviknight|54\/100\n|\n|-heal|p2a: Dondozo|67\/100|[from] item: Leftovers\n|upkeep\n|turn|29\n|\n|t:|1701142616\n|move|p1a: Corviknight|Power Trip|p2a: Dondozo\n|-damage|p2a: Dondozo|23\/100\n|move|p2a: Dondozo|Waterfall|p1a: Corviknight\n|-crit|p1a: Corviknight\n|-damage|p1a: Corviknight|22\/100\n|\n|-heal|p2a: Dondozo|29\/100|[from] item: Leftovers\n|upkeep\n|turn|30\n|\n|t:|1701142640\n|move|p1a: Corviknight|Power Trip|p2a: Dondozo\n|-damage|p2a: Dondozo|0 fnt\n|faint|p2a: Dondozo\n|\n|upkeep\n|\n|t:|1701142649\n|switch|p2a: Clodsire|Clodsire, M|100\/100\n|turn|31\n|\n|t:|1701142654\n|-terastallize|p1a: Corviknight|Dark\n|move|p1a: Corviknight|Power Trip|p2a: Clodsire\n|-damage|p2a: Clodsire|0 fnt\n|faint|p2a: Clodsire\n|\n|upkeep\n|-message|ousl7 forfeited.\n|\n|win|rjfjdbija\n|raw|rjfjdbija's rating: 1098 &rarr; <strong>1127<\/strong><br \/>(+29 for winning)\n|raw|ousl7's rating: 1154 &rarr; <strong>1125<\/strong><br \/>(-29 for losing)\n|l|\u2606ousl7\n","uploadtime":1701142670,"views":1,"p1id":"rjfjdbija","p2id":"ousl7","formatid":"gen9nationaldex","rating":1125,"private":0,"password":""}