{"id":"gen9nationaldex-1993262113","p1":"mixco","p2":"OnlyPyper","format":"[Gen 9] National Dex","log":"|j|\u2606mixco\n|j|\u2606OnlyPyper\n|t:|1700286163\n|gametype|singles\n|player|p1|mixco|penny|\n|player|p2|OnlyPyper|shauntal|\n|teamsize|p1|6\n|teamsize|p2|6\n|gen|9\n|tier|[Gen 9] National Dex\n|rule|HP Percentage Mod: HP is shown in percentages\n|rule|Endless Battle Clause: Forcing endless battles is banned\n|rule|OHKO Clause: OHKO moves are banned\n|rule|Evasion Clause: Evasion abilities, items, and moves are banned\n|rule|Evasion Abilities Clause: Evasion abilities are banned\n|rule|Evasion Items Clause: Evasion items are banned\n|rule|Evasion Moves Clause: Evasion moves are banned\n|rule|Species Clause: Limit one of each Pok\u00e9mon\n|rule|Sleep Clause Mod: Limit one foe put to sleep\n|clearpoke\n|poke|p1|Typhlosion, F|\n|poke|p1|Togekiss, M|\n|poke|p1|Bellossom, F|\n|poke|p1|Heracross, M|\n|poke|p1|Espeon, F|\n|poke|p1|Lanturn, M|\n|poke|p2|Greninja-*, F|\n|poke|p2|Tyrantrum, F|\n|poke|p2|Hawlucha, F|\n|poke|p2|Aegislash, F|\n|poke|p2|Meowstic-F, F|\n|poke|p2|Gourgeist-*, F|\n|teampreview\n|c|\u2606OnlyPyper|Suerte\n|c|\u2606mixco|Suerte\n|c|\u2606mixco|(me van a qliar)\n|c|\u2606OnlyPyper|Se supone que eso es al rev\u00e9s\n|c|\u2606OnlyPyper|Digo\n|j| JuzOzuj\n|c|\u2606OnlyPyper|UwU\n|\n|t:|1700286219\n|start\n|switch|p1a: Tiny|Lanturn, M|100\/100\n|switch|p2a: Chensi|Greninja, F|100\/100\n|turn|1\n|\n|t:|1700286227\n|move|p2a: Chensi|U-turn|p1a: Tiny\n|-start|p2a: Chensi|typechange|Bug|[from] ability: Protean\n|-damage|p1a: Tiny|77\/100\n|c| JuzOzuj|En todo caso\n|c| JuzOzuj|mixco es la dominante\n|c| JuzOzuj|digo qe\n|c| JuzOzuj|KJASGDYJASD\n|\n|t:|1700286239\n|switch|p2a: Gwen|Gourgeist-Super, F|100\/100|[from] U-turn\n|-item|p1a: Tiny|Heavy-Duty Boots|[from] ability: Frisk|[of] p2a: Gwen|[identify]\n|move|p1a: Tiny|Thunder Wave|p2a: Gwen\n|-status|p2a: Gwen|par\n|\n|upkeep\n|turn|2\n|c|\u2606OnlyPyper|Zy\n|c|\u2606OnlyPyper|Digo\n|c|\u2606OnlyPyper|UwU\n|\n|t:|1700286260\n|move|p1a: Tiny|Volt Switch|p2a: Gwen\n|-resisted|p2a: Gwen\n|-damage|p2a: Gwen|89\/100 par\n|c| JuzOzuj|Me caga que mixco a sido la unica pendeja\n|\n|t:|1700286274\n|switch|p1a: Dansu|Bellossom, F|100\/100|[from] Volt Switch\n|move|p2a: Gwen|Will-O-Wisp|p1a: Dansu\n|-status|p1a: Dansu|brn\n|\n|-heal|p2a: Gwen|95\/100 par|[from] item: Leftovers\n|-damage|p1a: Dansu|94\/100 brn|[from] brn\n|upkeep\n|turn|3\n|\n|t:|1700286284\n|switch|p2a: Gardien|Aegislash, F|100\/100\n|move|p1a: Dansu|Moonblast|p2a: Gardien\n|-resisted|p2a: Gardien\n|-damage|p2a: Gardien|90\/100\n|-unboost|p2a: Gardien|spa|1\n|\n|-heal|p1a: Dansu|100\/100 brn|[from] item: Leftovers\n|-damage|p1a: Dansu|94\/100 brn|[from] brn\n|upkeep\n|turn|4\n|c| JuzOzuj|que me a puesto super, ULTRA, sumisa alv\n|\n|t:|1700286295\n|move|p1a: Dansu|Quiver Dance|p1a: Dansu\n|-boost|p1a: Dansu|spa|1\n|-boost|p1a: Dansu|spd|1\n|-boost|p1a: Dansu|spe|1\n|-formechange|p2a: Gardien|Aegislash-Blade||[from] ability: Stance Change\n|move|p2a: Gardien|Iron Head|p1a: Dansu\n|-damage|p1a: Dansu|35\/100 brn\n|\n|-heal|p1a: Dansu|41\/100 brn|[from] item: Leftovers\n|-damage|p1a: Dansu|35\/100 brn|[from] brn\n|upkeep\n|turn|5\n|c| JuzOzuj|papeatela pyper\n|c| JuzOzuj|por pta\n|c| JuzOzuj|Deeeh\n|\n|t:|1700286311\n|-formechange|p2a: Gardien|Aegislash||[from] ability: Stance Change\n|move|p2a: Gardien|King's Shield|p2a: Gardien\n|-singleturn|p2a: Gardien|Protect\n|move|p1a: Dansu|Hidden Power|p2a: Gardien\n|-activate|p2a: Gardien|move: Protect\n|\n|-heal|p1a: Dansu|41\/100 brn|[from] item: Leftovers\n|-damage|p1a: Dansu|35\/100 brn|[from] brn\n|upkeep\n|turn|6\n|c| JuzOzuj|suerte pendejas uwu\n|\n|t:|1700286319\n|move|p1a: Dansu|Hidden Power|p2a: Gardien\n|-supereffective|p2a: Gardien\n|-damage|p2a: Gardien|52\/100\n|-formechange|p2a: Gardien|Aegislash-Blade||[from] ability: Stance Change\n|move|p2a: Gardien|Iron Head|p1a: Dansu\n|-damage|p1a: Dansu|0 fnt\n|faint|p1a: Dansu\n|\n|upkeep\n|\n|t:|1700286334\n|switch|p1a: Pyriam|Typhlosion, F|100\/100\n|turn|7\n|\n|t:|1700286343\n|-formechange|p2a: Gardien|Aegislash||[from] ability: Stance Change\n|move|p2a: Gardien|King's Shield|p2a: Gardien\n|-singleturn|p2a: Gardien|Protect\n|move|p1a: Pyriam|Fire Blast|p2a: Gardien\n|-activate|p2a: Gardien|move: Protect\n|\n|upkeep\n|turn|8\n|\n|t:|1700286353\n|switch|p2a: \u00c1gata|Tyrantrum, F|100\/100\n|move|p1a: Pyriam|Fire Blast|p2a: \u00c1gata\n|-resisted|p2a: \u00c1gata\n|-damage|p2a: \u00c1gata|68\/100\n|-status|p2a: \u00c1gata|brn\n|\n|-damage|p2a: \u00c1gata|62\/100 brn|[from] brn\n|upkeep\n|turn|9\n|c| JuzOzuj|No bueno\n|c| JuzOzuj|XDDDDDDD\n|c|\u2606OnlyPyper|Ekisde\n|c|\u2606OnlyPyper|\u00c1gata estar triste\n|c|\u2606OnlyPyper|Okno\n|c|\u2606mixco|Xd\n|\n|t:|1700286380\n|switch|p1a: Heraclio|Heracross, M|100\/100\n|move|p2a: \u00c1gata|Hone Claws|p2a: \u00c1gata\n|-boost|p2a: \u00c1gata|atk|1\n|-boost|p2a: \u00c1gata|accuracy|1\n|\n|-damage|p2a: \u00c1gata|56\/100 brn|[from] brn\n|-status|p1a: Heraclio|brn|[from] item: Flame Orb\n|upkeep\n|turn|10\n|c| JuzOzuj|XD\n|\n|t:|1700286396\n|move|p1a: Heraclio|Trailblaze|p2a: \u00c1gata\n|-damage|p2a: \u00c1gata|31\/100 brn\n|-boost|p1a: Heraclio|spe|1\n|move|p2a: \u00c1gata|Scale Shot|p1a: Heraclio\n|-damage|p1a: Heraclio|87\/100 brn\n|-damage|p1a: Heraclio|73\/100 brn\n|-damage|p1a: Heraclio|59\/100 brn\n|-damage|p1a: Heraclio|45\/100 brn\n|-damage|p1a: Heraclio|31\/100 brn\n|-hitcount|p1a: Heraclio|5\n|-unboost|p2a: \u00c1gata|def|1\n|-boost|p2a: \u00c1gata|spe|1\n|\n|-damage|p1a: Heraclio|25\/100 brn|[from] brn\n|-damage|p2a: \u00c1gata|25\/100 brn|[from] brn\n|upkeep\n|turn|11\n|j| Corazonmorado27\n|\n|t:|1700286413\n|move|p1a: Heraclio|Trailblaze|p2a: \u00c1gata\n|-damage|p2a: \u00c1gata|0 fnt\n|-boost|p1a: Heraclio|spe|1\n|faint|p2a: \u00c1gata\n|\n|-damage|p1a: Heraclio|19\/100 brn|[from] brn\n|upkeep\n|\n|t:|1700286416\n|switch|p2a: Gardien|Aegislash, F|52\/100\n|turn|12\n|c| Corazonmorado27|verde, entro y veo 2 quemaos\n|\n|t:|1700286425\n|-formechange|p2a: Gardien|Aegislash-Blade||[from] ability: Stance Change\n|move|p2a: Gardien|Shadow Sneak|p1a: Heraclio\n|-damage|p1a: Heraclio|0 fnt\n|faint|p1a: Heraclio\n|\n|upkeep\n|c| JuzOzuj|Verde\n|\n|t:|1700286441\n|switch|p1a: Pyriam|Typhlosion, F|100\/100\n|turn|13\n|\n|t:|1700286446\n|-terastallize|p1a: Pyriam|Fire\n|-formechange|p2a: Gardien|Aegislash||[from] ability: Stance Change\n|move|p2a: Gardien|King's Shield|p2a: Gardien\n|-singleturn|p2a: Gardien|Protect\n|move|p1a: Pyriam|Burn Up|p2a: Gardien\n|-activate|p2a: Gardien|move: Protect\n|\n|upkeep\n|turn|14\n|\n|t:|1700286467\n|-formechange|p2a: Gardien|Aegislash-Blade||[from] ability: Stance Change\n|move|p2a: Gardien|Shadow Sneak|p1a: Pyriam\n|-damage|p1a: Pyriam|61\/100\n|move|p1a: Pyriam|Burn Up|p2a: Gardien\n|-supereffective|p2a: Gardien\n|-damage|p2a: Gardien|0 fnt\n|-start|p1a: Pyriam|typechange|Fire|[from] move: Burn Up\n|faint|p2a: Gardien\n|\n|upkeep\n|c| JuzOzuj|neta siento que gf se le paso lo de la interaccion de burn up con el tera XDD\n|\n|t:|1700286479\n|switch|p2a: Chensi|Greninja, F|100\/100\n|turn|15\n|\n|t:|1700286484\n|switch|p1a: Tiny|Lanturn, M|77\/100\n|move|p2a: Chensi|Dark Pulse|p1a: Tiny\n|-start|p2a: Chensi|typechange|Dark|[from] ability: Protean\n|-damage|p1a: Tiny|40\/100\n|\n|upkeep\n|turn|16\n|\n|t:|1700286496\n|switch|p2a: Gwen|Gourgeist-Super, F|95\/100 par\n|-item|p1a: Tiny|Heavy-Duty Boots|[from] ability: Frisk|[of] p2a: Gwen|[identify]\n|move|p1a: Tiny|Volt Switch|p2a: Gwen\n|-resisted|p2a: Gwen\n|-damage|p2a: Gwen|85\/100 par\n|c|\u2606mixco|Nop\n|c|\u2606mixco|Es aproposito\n|c| JuzOzuj|Lol\n|c|\u2606mixco|Con el move de pawmot tmb funciona\n|c| JuzOzuj|Looooool\n|\n|t:|1700286532\n|switch|p1a: Pyriam|Typhlosion, F, tera:Fire|61\/100|[from] Volt Switch\n|\n|-heal|p2a: Gwen|91\/100 par|[from] item: Leftovers\n|upkeep\n|turn|17\n|c| JuzOzuj|eso si no lo sabia\n|c| JuzOzuj|:namnam:\n|\n|t:|1700286540\n|move|p1a: Pyriam|Burn Up|p2a: Gwen\n|-supereffective|p2a: Gwen\n|-damage|p2a: Gwen|0 fnt\n|-start|p1a: Pyriam|typechange|Fire|[from] move: Burn Up\n|faint|p2a: Gwen\n|\n|upkeep\n|\n|t:|1700286551\n|switch|p2a: Ashi|Meowstic-F, F|100\/100\n|turn|18\n|\n|t:|1700286557\n|switch|p1a: Lucy|Espeon, F|100\/100\n|move|p2a: Ashi|Nasty Plot|p2a: Ashi\n|-boost|p2a: Ashi|spa|2\n|\n|upkeep\n|turn|19\n|\n|t:|1700286564\n|move|p1a: Lucy|Light Screen|p1a: Lucy\n|-sidestart|p1: mixco|move: Light Screen\n|move|p2a: Ashi|Nasty Plot|p2a: Ashi\n|-boost|p2a: Ashi|spa|2\n|\n|upkeep\n|turn|20\n|\n|t:|1700286569\n|move|p1a: Lucy|Psyshock|p2a: Ashi\n|-resisted|p2a: Ashi\n|-damage|p2a: Ashi|76\/100\n|move|p2a: Ashi|Shadow Ball|p1a: Lucy\n|-supereffective|p1a: Lucy\n|-damage|p1a: Lucy|29\/100\n|\n|upkeep\n|turn|21\n|\n|t:|1700286581\n|move|p1a: Lucy|Psyshock|p2a: Ashi\n|-resisted|p2a: Ashi\n|-damage|p2a: Ashi|49\/100\n|move|p2a: Ashi|Shadow Ball|p1a: Lucy\n|-supereffective|p1a: Lucy\n|-damage|p1a: Lucy|0 fnt\n|faint|p1a: Lucy\n|\n|upkeep\n|\n|t:|1700286587\n|switch|p1a: Flyan|Togekiss, M|100\/100\n|turn|22\n|\n|t:|1700286592\n|-terastallize|p2a: Ashi|Electric\n|move|p2a: Ashi|Thunderbolt|p1a: Flyan\n|-supereffective|p1a: Flyan\n|-damage|p1a: Flyan|28\/100\n|-status|p1a: Flyan|par\n|move|p1a: Flyan|Air Slash|p2a: Ashi\n|-resisted|p2a: Ashi\n|-damage|p2a: Ashi|25\/100\n|\n|upkeep\n|turn|23\n|c| JuzOzuj|LOOOOOL\n|\n|t:|1700286602\n|move|p2a: Ashi|Psyshock|p1a: Flyan\n|-damage|p1a: Flyan|0 fnt\n|faint|p1a: Flyan\n|\n|upkeep\n|\n|t:|1700286606\n|switch|p1a: Pyriam|Typhlosion, F, tera:Fire|61\/100\n|turn|24\n|c| JuzOzuj|paralizaron al paralizador\n|\n|t:|1700286610\n|move|p2a: Ashi|Psyshock|p1a: Pyriam\n|-damage|p1a: Pyriam|1\/100\n|move|p1a: Pyriam|Burn Up|p2a: Ashi\n|-damage|p2a: Ashi|0 fnt\n|-start|p1a: Pyriam|typechange|Fire|[from] move: Burn Up\n|faint|p2a: Ashi\n|\n|upkeep\n|c| Corazonmorado27|ne memes\n|c|\u2606OnlyPyper|Ekisde\n|c| JuzOzuj|Diablo el 1%\n|\n|t:|1700286625\n|switch|p2a: Jessica|Hawlucha, F|100\/100\n|turn|25\n|c| JuzOzuj|el poder de la amistad\n|c| Corazonmorado27|pyriam aguant\u00f3 por sus santos\n|c| Corazonmorado27|XD\n|c|\u2606OnlyPyper|Gg\n|\n|t:|1700286650\n|move|p2a: Jessica|Close Combat|p1a: Pyriam\n|-damage|p1a: Pyriam|0 fnt\n|-unboost|p2a: Jessica|def|1\n|-unboost|p2a: Jessica|spd|1\n|-enditem|p2a: Jessica|White Herb\n|-clearnegativeboost|p2a: Jessica|[silent]\n|faint|p1a: Pyriam\n|\n|upkeep\n|\n|t:|1700286663\n|switch|p1a: Tiny|Lanturn, M|40\/100\n|turn|26\n|\n|t:|1700286667\n|move|p2a: Jessica|Close Combat|p1a: Tiny\n|-damage|p1a: Tiny|0 fnt\n|-unboost|p2a: Jessica|def|1\n|-unboost|p2a: Jessica|spd|1\n|faint|p1a: Tiny\n|\n|win|OnlyPyper\n|c| Corazonmorado27|pens\u00e9 que era scarf XD\n|c| Corazonmorado27|gg\n|c|\u2606OnlyPyper|Yo sab\u00eda que no ekisde\n|c|\u2606mixco|Primera vez que isha me da problemas\n|c|\u2606OnlyPyper|Ashi\n|c|\u2606mixco|Eso\n|c|\u2606OnlyPyper|Isha es la audino xd\n|c|\u2606mixco|Dislexia\n|c| Corazonmorado27|XDXD\n|c| JuzOzuj|XD\n|c| JuzOzuj|Disjuzo\n|c| Corazonmorado27|igual ambas estar\u00e1n con un wey sad\n|c| Corazonmorado27|n fly\n|c| JuzOzuj|XDDDDD\n|l|\u2606mixco\n|l|\u2606OnlyPyper\n","uploadtime":1700286770,"views":6,"p1id":"mixco","p2id":"onlypyper","formatid":"gen9nationaldex","rating":0,"private":0,"password":""}