{"id":"gen9nationaldex-2000660135","p1":"Kir1ku","p2":"yanami-test","format":"[Gen 9] National Dex","log":"|html|<div class=\"broadcast-blue\"><strong>[Gen 9] National Dex is currently suspecting Sneasler! For information on how to participate check out the <a href=\"https:\/\/www.smogon.com\/forums\/threads\/sv-national-dex-suspect-8-just-dance.3731534\/\">suspect thread<\/a>.<\/strong><\/div>\n|j|\u2606Kir1ku\n|j|\u2606yanami-test\n|t:|1701215686\n|gametype|singles\n|player|p1|Kir1ku|ethan|1613\n|player|p2|yanami-test|dawn-masters3|1539\n|teamsize|p1|6\n|teamsize|p2|6\n|gen|9\n|tier|[Gen 9] National Dex\n|rated|\n|rule|HP Percentage Mod: HP is shown in percentages\n|rule|Endless Battle Clause: Forcing endless battles is banned\n|rule|OHKO Clause: OHKO moves are banned\n|rule|Evasion Clause: Evasion abilities, items, and moves are banned\n|rule|Evasion Abilities Clause: Evasion abilities are banned\n|rule|Evasion Items Clause: Evasion items are banned\n|rule|Evasion Moves Clause: Evasion moves are banned\n|rule|Species Clause: Limit one of each Pok\u00e9mon\n|rule|Sleep Clause Mod: Limit one foe put to sleep\n|clearpoke\n|poke|p1|Raikou|\n|poke|p1|Suicune|\n|poke|p1|Entei|\n|poke|p1|Ninetales-Alola, F|\n|poke|p1|Great Tusk|\n|poke|p1|Urshifu-*, F|\n|poke|p2|Tapu Koko|\n|poke|p2|Alomomola, F|\n|poke|p2|Ursaluna, M|\n|poke|p2|Ferrothorn, F|\n|poke|p2|Moltres|\n|poke|p2|Ditto|\n|teampreview\n|inactive|Battle timer is ON: inactive players will automatically lose when time's up. (requested by Kir1ku)\n|\n|t:|1701215694\n|start\n|switch|p1a: Raikou|Raikou|100\/100\n|switch|p2a: Ferrothorn|Ferrothorn, F, shiny|100\/100\n|turn|1\n|\n|t:|1701215697\n|move|p1a: Raikou|Volt Switch|p2a: Ferrothorn\n|-resisted|p2a: Ferrothorn\n|-damage|p2a: Ferrothorn|84\/100\n|\n|t:|1701215699\n|switch|p1a: Entei|Entei|100\/100|[from] Volt Switch\n|move|p2a: Ferrothorn|Stealth Rock|p1a: Entei\n|-sidestart|p1: Kir1ku|move: Stealth Rock\n|\n|-heal|p2a: Ferrothorn|90\/100|[from] item: Leftovers\n|upkeep\n|turn|2\n|\n|t:|1701215703\n|switch|p1a: Raikou|Raikou|100\/100\n|-damage|p1a: Raikou|88\/100|[from] Stealth Rock\n|switch|p2a: Alomomola|Alomomola, F|100\/100\n|\n|upkeep\n|turn|3\n|\n|t:|1701215711\n|switch|p2a: Ursaluna|Ursaluna, M|100\/100\n|move|p1a: Raikou|Scald|p2a: Ursaluna\n|-supereffective|p2a: Ursaluna\n|-damage|p2a: Ursaluna|33\/100\n|-status|p2a: Ursaluna|brn\n|\n|-damage|p2a: Ursaluna|27\/100 brn|[from] brn\n|upkeep\n|turn|4\n|\n|t:|1701215717\n|switch|p2a: Ferrothorn|Ferrothorn, F, shiny|90\/100\n|move|p1a: Raikou|Scald|p2a: Ferrothorn\n|-resisted|p2a: Ferrothorn\n|-damage|p2a: Ferrothorn|77\/100\n|\n|-heal|p2a: Ferrothorn|84\/100|[from] item: Leftovers\n|upkeep\n|turn|5\n|\n|t:|1701215719\n|switch|p1a: Great Tusk|Great Tusk|100\/100\n|-damage|p1a: Great Tusk|98\/100|[from] Stealth Rock\n|move|p2a: Ferrothorn|Leech Seed|p1a: Great Tusk\n|-start|p1a: Great Tusk|move: Leech Seed\n|\n|-heal|p2a: Ferrothorn|90\/100|[from] item: Leftovers\n|-damage|p1a: Great Tusk|85\/100|[from] Leech Seed|[of] p2a: Ferrothorn\n|-heal|p2a: Ferrothorn|100\/100|[silent]\n|upkeep\n|turn|6\n|\n|t:|1701215725\n|switch|p2a: Alomomola|Alomomola, F|100\/100\n|move|p1a: Great Tusk|Rapid Spin|p2a: Alomomola\n|-damage|p2a: Alomomola|92\/100\n|-boost|p1a: Great Tusk|spe|1\n|-damage|p1a: Great Tusk|68\/100|[from] item: Rocky Helmet|[of] p2a: Alomomola\n|-end|p1a: Great Tusk|Leech Seed|[from] move: Rapid Spin|[of] p1a: Great Tusk\n|-sideend|p1: Kir1ku|Stealth Rock|[from] move: Rapid Spin|[of] p1a: Great Tusk\n|\n|upkeep\n|turn|7\n|\n|t:|1701215727\n|-end|p1a: Great Tusk|Protosynthesis|[silent]\n|switch|p1a: Raikou|Raikou|88\/100\n|move|p2a: Alomomola|Wish|p2a: Alomomola\n|\n|upkeep\n|turn|8\n|\n|t:|1701215732\n|-terastallize|p1a: Raikou|Electric\n|-terastallize|p2a: Alomomola|Dragon\n|move|p1a: Raikou|Thunderbolt|p2a: Alomomola\n|-resisted|p2a: Alomomola\n|-damage|p2a: Alomomola|46\/100\n|-status|p2a: Alomomola|par\n|cant|p2a: Alomomola|par\n|\n|-heal|p2a: Alomomola|96\/100 par|[from] move: Wish|[wisher] Alomomola\n|upkeep\n|turn|9\n|\n|t:|1701215741\n|switch|p1a: Ahri|Ninetales-Alola, F, shiny|100\/100\n|-weather|Snow|[from] ability: Snow Warning|[of] p1a: Ahri\n|switch|p2a: Ursaluna|Ursaluna, M|27\/100 brn\n|\n|-weather|Snow|[upkeep]\n|-damage|p2a: Ursaluna|21\/100 brn|[from] brn\n|upkeep\n|turn|10\n|\n|t:|1701215752\n|switch|p2a: Ferrothorn|Ferrothorn, F, shiny|100\/100\n|move|p1a: Ahri|Freeze-Dry|p2a: Ferrothorn\n|-damage|p2a: Ferrothorn|88\/100\n|\n|-weather|Snow|[upkeep]\n|-heal|p2a: Ferrothorn|94\/100|[from] item: Leftovers\n|upkeep\n|turn|11\n|\n|t:|1701215755\n|move|p1a: Ahri|Aurora Veil|p1a: Ahri\n|-sidestart|p1: Kir1ku|move: Aurora Veil\n|move|p2a: Ferrothorn|Gyro Ball|p1a: Ahri\n|-supereffective|p1a: Ahri\n|-damage|p1a: Ahri|19\/100\n|\n|-weather|Snow|[upkeep]\n|-heal|p2a: Ferrothorn|99\/100|[from] item: Leftovers\n|upkeep\n|turn|12\n|\n|t:|1701215761\n|switch|p1a: Urshifu|Urshifu-Rapid-Strike, F|100\/100\n|move|p2a: Ferrothorn|Stealth Rock|p1a: Urshifu\n|-sidestart|p1: Kir1ku|move: Stealth Rock\n|\n|-weather|Snow|[upkeep]\n|-heal|p2a: Ferrothorn|100\/100|[from] item: Leftovers\n|upkeep\n|turn|13\n|\n|t:|1701215764\n|switch|p2a: Alomomola|Alomomola, F, tera:Dragon|100\/100 par\n|move|p1a: Urshifu|Close Combat|p2a: Alomomola\n|-damage|p2a: Alomomola|66\/100 par\n|-unboost|p1a: Urshifu|def|1\n|-unboost|p1a: Urshifu|spd|1\n|-damage|p1a: Urshifu|84\/100|[from] item: Rocky Helmet|[of] p2a: Alomomola\n|\n|-weather|none\n|upkeep\n|turn|14\n|\n|t:|1701215768\n|switch|p1a: Ahri|Ninetales-Alola, F, shiny|19\/100\n|-damage|p1a: Ahri|0 fnt|[from] Stealth Rock\n|faint|p1a: Ahri\n|move|p2a: Alomomola|Wish|p2a: Alomomola\n|\n|upkeep\n|\n|t:|1701215779\n|switch|p1a: Raikou|Raikou, tera:Electric|88\/100\n|-damage|p1a: Raikou|76\/100|[from] Stealth Rock\n|turn|15\n|\n|t:|1701215781\n|move|p1a: Raikou|Thunderbolt|p2a: Alomomola\n|-resisted|p2a: Alomomola\n|-damage|p2a: Alomomola|17\/100 par\n|move|p2a: Alomomola|Flip Turn|p1a: Raikou\n|-damage|p1a: Raikou|64\/100\n|\n|t:|1701215784\n|switch|p2a: Ursaluna|Ursaluna, M|21\/100 brn|[from] Flip Turn\n|\n|-heal|p2a: Ursaluna|78\/100 brn|[from] move: Wish|[wisher] Alomomola\n|-damage|p2a: Ursaluna|72\/100 brn|[from] brn\n|upkeep\n|turn|16\n|\n|t:|1701215787\n|switch|p1a: Great Tusk|Great Tusk|68\/100\n|-damage|p1a: Great Tusk|65\/100|[from] Stealth Rock\n|switch|p2a: Ferrothorn|Ferrothorn, F, shiny|100\/100\n|\n|upkeep\n|turn|17\n|\n|t:|1701215793\n|move|p1a: Great Tusk|Body Press|p2a: Ferrothorn\n|-supereffective|p2a: Ferrothorn\n|-damage|p2a: Ferrothorn|30\/100\n|-damage|p1a: Great Tusk|53\/100|[from] ability: Iron Barbs|[of] p2a: Ferrothorn\n|move|p2a: Ferrothorn|Leech Seed|p1a: Great Tusk\n|-start|p1a: Great Tusk|move: Leech Seed\n|\n|-heal|p2a: Ferrothorn|36\/100|[from] item: Leftovers\n|-damage|p1a: Great Tusk|41\/100|[from] Leech Seed|[of] p2a: Ferrothorn\n|-heal|p2a: Ferrothorn|52\/100|[silent]\n|upkeep\n|turn|18\n|\n|t:|1701215796\n|switch|p2a: Moltres|Moltres|100\/100\n|move|p1a: Great Tusk|Body Press|p2a: Moltres\n|-resisted|p2a: Moltres\n|-damage|p2a: Moltres|85\/100\n|\n|-damage|p1a: Great Tusk|28\/100|[from] Leech Seed|[of] p2a: Moltres\n|-heal|p2a: Moltres|99\/100|[silent]\n|-sideend|p1: Kir1ku|move: Aurora Veil\n|upkeep\n|turn|19\n|\n|t:|1701215799\n|move|p2a: Moltres|Flamethrower|p1a: Great Tusk\n|-damage|p1a: Great Tusk|0 fnt\n|faint|p1a: Great Tusk\n|-end|p1a: Great Tusk|Protosynthesis|[silent]\n|\n|upkeep\n|\n|t:|1701215801\n|switch|p1a: Raikou|Raikou, tera:Electric|64\/100\n|-damage|p1a: Raikou|52\/100|[from] Stealth Rock\n|turn|20\n|\n|t:|1701215805\n|switch|p2a: Ferrothorn|Ferrothorn, F, shiny|52\/100\n|move|p1a: Raikou|Scald|p2a: Ferrothorn\n|-resisted|p2a: Ferrothorn\n|-damage|p2a: Ferrothorn|40\/100\n|\n|-heal|p2a: Ferrothorn|47\/100|[from] item: Leftovers\n|upkeep\n|turn|21\n|\n|t:|1701215810\n|switch|p1a: Entei|Entei|100\/100\n|-damage|p1a: Entei|75\/100|[from] Stealth Rock\n|move|p2a: Ferrothorn|Leech Seed|p1a: Entei\n|-start|p1a: Entei|move: Leech Seed\n|\n|-heal|p2a: Ferrothorn|53\/100|[from] item: Leftovers\n|-damage|p1a: Entei|63\/100|[from] Leech Seed|[of] p2a: Ferrothorn\n|-heal|p2a: Ferrothorn|66\/100|[silent]\n|upkeep\n|turn|22\n|\n|t:|1701215813\n|switch|p2a: Alomomola|Alomomola, F, tera:Dragon|50\/100 par\n|move|p1a: Entei|Stone Edge|p2a: Alomomola|[miss]\n|-miss|p1a: Entei|p2a: Alomomola\n|\n|-damage|p1a: Entei|51\/100|[from] Leech Seed|[of] p2a: Alomomola\n|-heal|p2a: Alomomola|59\/100 par|[silent]\n|upkeep\n|turn|23\n|\n|t:|1701215816\n|move|p1a: Entei|Stone Edge|p2a: Alomomola\n|-crit|p2a: Alomomola\n|-damage|p2a: Alomomola|26\/100 par\n|-damage|p1a: Entei|41\/100|[from] item: Life Orb\n|move|p2a: Alomomola|Wish|p2a: Alomomola\n|\n|-damage|p1a: Entei|28\/100|[from] Leech Seed|[of] p2a: Alomomola\n|-heal|p2a: Alomomola|35\/100 par|[silent]\n|upkeep\n|turn|24\n|\n|t:|1701215819\n|cant|p2a: Alomomola|par\n|move|p1a: Entei|Stone Edge|p2a: Alomomola\n|-damage|p2a: Alomomola|12\/100 par\n|-damage|p1a: Entei|19\/100|[from] item: Life Orb\n|\n|-heal|p2a: Alomomola|62\/100 par|[from] move: Wish|[wisher] Alomomola\n|-damage|p1a: Entei|6\/100|[from] Leech Seed|[of] p2a: Alomomola\n|-heal|p2a: Alomomola|71\/100 par|[silent]\n|upkeep\n|turn|25\n|\n|t:|1701215824\n|switch|p1a: Suicune|Suicune|100\/100\n|-damage|p1a: Suicune|88\/100|[from] Stealth Rock\n|-ability|p1a: Suicune|Pressure\n|move|p2a: Alomomola|Wish|p2a: Alomomola\n|\n|-heal|p1a: Suicune|94\/100|[from] item: Leftovers\n|upkeep\n|turn|26\n|\n|t:|1701215827\n|move|p1a: Suicune|Calm Mind|p1a: Suicune\n|-boost|p1a: Suicune|spa|1\n|-boost|p1a: Suicune|spd|1\n|move|p2a: Alomomola|Flip Turn|p1a: Suicune\n|-resisted|p1a: Suicune\n|-damage|p1a: Suicune|90\/100\n|\n|t:|1701215830\n|switch|p2a: \u901f\u5ea6\u5728\u4f60\u4e4b\u4e0a|Tapu Koko|100\/100|[from] Flip Turn\n|-fieldstart|move: Electric Terrain|[from] ability: Electric Surge|[of] p2a: \u901f\u5ea6\u5728\u4f60\u4e4b\u4e0a\n|\n|-heal|p1a: Suicune|96\/100|[from] item: Leftovers\n|upkeep\n|turn|27\n|\n|t:|1701215832\n|-zpower|p2a: \u901f\u5ea6\u5728\u4f60\u4e4b\u4e0a\n|move|p2a: \u901f\u5ea6\u5728\u4f60\u4e4b\u4e0a|Gigavolt Havoc|p1a: Suicune|[zeffect]\n|-supereffective|p1a: Suicune\n|-damage|p1a: Suicune|2\/100\n|move|p1a: Suicune|Calm Mind|p1a: Suicune\n|-boost|p1a: Suicune|spa|1\n|-boost|p1a: Suicune|spd|1\n|\n|-heal|p1a: Suicune|8\/100|[from] item: Leftovers\n|upkeep\n|turn|28\n|-message|Kir1ku forfeited.\n|\n|win|yanami-test\n|raw|Kir1ku's rating: 1613 &rarr; <strong>1589<\/strong><br \/>(-24 for losing)\n|raw|yanami-test's rating: 1539 &rarr; <strong>1563<\/strong><br \/>(+24 for winning)\n|l|\u2606Kir1ku\n","uploadtime":1701215855,"views":0,"p1id":"kir1ku","p2id":"yanamitest","formatid":"gen9nationaldex","rating":1563,"private":0,"password":""}