{"id":"gen9nationaldex-1990609379","p1":"PolyBlank404","p2":"CrackKen","format":"[Gen 9] National Dex","log":"|j|\u2606PolyBlank404\n|j|\u2606CrackKen\n|t:|1699985447\n|gametype|singles\n|player|p1|PolyBlank404|ethan|\n|player|p2|CrackKen|102|\n|teamsize|p1|6\n|teamsize|p2|6\n|gen|9\n|tier|[Gen 9] National Dex\n|rule|HP Percentage Mod: HP is shown in percentages\n|rule|Endless Battle Clause: Forcing endless battles is banned\n|rule|OHKO Clause: OHKO moves are banned\n|rule|Evasion Clause: Evasion abilities, items, and moves are banned\n|rule|Evasion Abilities Clause: Evasion abilities are banned\n|rule|Evasion Items Clause: Evasion items are banned\n|rule|Evasion Moves Clause: Evasion moves are banned\n|rule|Species Clause: Limit one of each Pok\u00e9mon\n|rule|Sleep Clause Mod: Limit one foe put to sleep\n|clearpoke\n|poke|p1|Iron Moth|\n|poke|p1|Ninetales-Alola, M|\n|poke|p1|Okidogi, M|\n|poke|p1|Iron Jugulis|\n|poke|p1|Sceptile, F|\n|poke|p1|Aegislash, M|\n|poke|p2|Iron Moth|\n|poke|p2|Klefki, F|\n|poke|p2|Greninja-*, M|\n|poke|p2|Venusaur, F|\n|poke|p2|Jirachi|\n|poke|p2|Snorlax, F|\n|teampreview\n|j| hideyourpineapples\n|\n|t:|1699985473\n|start\n|switch|p1a: Iron Moth|Iron Moth|100\/100\n|switch|p2a: Iron Moth|Iron Moth|100\/100\n|-enditem|p1a: Iron Moth|Booster Energy\n|-activate|p1a: Iron Moth|ability: Quark Drive|[fromitem]\n|-start|p1a: Iron Moth|quarkdrivespa\n|-enditem|p2a: Iron Moth|Booster Energy\n|-activate|p2a: Iron Moth|ability: Quark Drive|[fromitem]\n|-start|p2a: Iron Moth|quarkdrivespa\n|turn|1\n|\n|t:|1699985495\n|move|p2a: Iron Moth|Energy Ball|p1a: Iron Moth\n|-resisted|p1a: Iron Moth\n|-damage|p1a: Iron Moth|90\/100\n|move|p1a: Iron Moth|Fiery Dance|p2a: Iron Moth\n|-resisted|p2a: Iron Moth\n|-damage|p2a: Iron Moth|71\/100\n|-boost|p1a: Iron Moth|spa|1\n|\n|upkeep\n|turn|2\n|\n|t:|1699985508\n|-end|p2a: Iron Moth|Quark Drive|[silent]\n|switch|p2a: Greninja|Greninja, M|100\/100\n|move|p1a: Iron Moth|Fiery Dance|p2a: Greninja\n|-resisted|p2a: Greninja\n|-damage|p2a: Greninja|30\/100\n|\n|upkeep\n|turn|3\n|\n|t:|1699985531\n|-terastallize|p1a: Iron Moth|Bug\n|move|p2a: Greninja|Hydro Pump|p1a: Iron Moth\n|-start|p2a: Greninja|typechange|Water|[from] ability: Protean\n|-damage|p1a: Iron Moth|8\/100\n|move|p1a: Iron Moth|Discharge|p2a: Greninja\n|-supereffective|p2a: Greninja\n|-crit|p2a: Greninja\n|-damage|p2a: Greninja|0 fnt\n|faint|p2a: Greninja\n|\n|upkeep\n|\n|t:|1699985541\n|switch|p2a: Iron Moth|Iron Moth|71\/100\n|turn|4\n|\n|t:|1699985548\n|move|p1a: Iron Moth|Sludge Wave|p2a: Iron Moth\n|-resisted|p2a: Iron Moth\n|-damage|p2a: Iron Moth|18\/100\n|move|p2a: Iron Moth|Fiery Dance|p1a: Iron Moth\n|-supereffective|p1a: Iron Moth\n|-damage|p1a: Iron Moth|0 fnt\n|-boost|p2a: Iron Moth|spa|1\n|faint|p1a: Iron Moth\n|-end|p1a: Iron Moth|Quark Drive|[silent]\n|\n|upkeep\n|\n|t:|1699985565\n|switch|p1a: Iron Jugulis|Iron Jugulis|100\/100\n|turn|5\n|\n|t:|1699985603\n|move|p2a: Iron Moth|Protect|p2a: Iron Moth\n|-singleturn|p2a: Iron Moth|Protect\n|move|p1a: Iron Jugulis|Air Slash|p2a: Iron Moth\n|-activate|p2a: Iron Moth|move: Protect\n|\n|upkeep\n|turn|6\n|\n|t:|1699985608\n|move|p2a: Iron Moth|Sludge Wave|p1a: Iron Jugulis\n|-damage|p1a: Iron Jugulis|13\/100\n|move|p1a: Iron Jugulis|Air Slash|p2a: Iron Moth\n|-damage|p2a: Iron Moth|0 fnt\n|faint|p2a: Iron Moth\n|-end|p2a: Iron Moth|Quark Drive|[silent]\n|\n|-heal|p1a: Iron Jugulis|19\/100|[from] item: Leftovers\n|upkeep\n|\n|t:|1699985621\n|switch|p2a: Klefki|Klefki, F|100\/100\n|turn|7\n|\n|t:|1699985627\n|move|p2a: Klefki|Reflect|p2a: Klefki\n|-sidestart|p2: CrackKen|Reflect\n|move|p1a: Iron Jugulis|Fire Blast|p2a: Klefki\n|-supereffective|p2a: Klefki\n|-damage|p2a: Klefki|22\/100\n|\n|-heal|p1a: Iron Jugulis|25\/100|[from] item: Leftovers\n|upkeep\n|turn|8\n|\n|t:|1699985641\n|move|p2a: Klefki|Thunder Wave|p1a: Iron Jugulis\n|-hint|Since gen 7, Dark is immune to Prankster moves.\n|-immune|p1a: Iron Jugulis\n|move|p1a: Iron Jugulis|Fire Blast|p2a: Klefki\n|-supereffective|p2a: Klefki\n|-damage|p2a: Klefki|0 fnt\n|faint|p2a: Klefki\n|\n|-heal|p1a: Iron Jugulis|31\/100|[from] item: Leftovers\n|upkeep\n|\n|t:|1699985685\n|switch|p2a: Venusaur|Venusaur, F|100\/100\n|turn|9\n|\n|t:|1699985696\n|detailschange|p2a: Venusaur|Venusaur-Mega, F\n|-mega|p2a: Venusaur|Venusaur|Venusaurite\n|move|p1a: Iron Jugulis|Fire Blast|p2a: Venusaur\n|-supereffective|p2a: Venusaur\n|-damage|p2a: Venusaur|71\/100\n|move|p2a: Venusaur|Leech Seed|p1a: Iron Jugulis\n|-start|p1a: Iron Jugulis|move: Leech Seed\n|\n|-heal|p1a: Iron Jugulis|37\/100|[from] item: Leftovers\n|-damage|p1a: Iron Jugulis|25\/100|[from] Leech Seed|[of] p2a: Venusaur\n|-heal|p2a: Venusaur|83\/100|[silent]\n|upkeep\n|turn|10\n|\n|t:|1699985707\n|-end|p1a: Iron Jugulis|Quark Drive|[silent]\n|switch|p1a: Sceptile|Sceptile, F|100\/100\n|move|p2a: Venusaur|Giga Drain|p1a: Sceptile\n|-resisted|p1a: Sceptile\n|-damage|p1a: Sceptile|79\/100\n|-heal|p2a: Venusaur|91\/100|[from] drain|[of] p1a: Sceptile\n|\n|upkeep\n|turn|11\n|\n|t:|1699985727\n|detailschange|p1a: Sceptile|Sceptile-Mega, F\n|-mega|p1a: Sceptile|Sceptile|Sceptilite\n|move|p1a: Sceptile|Dragon Dance|p1a: Sceptile\n|-boost|p1a: Sceptile|atk|1\n|-boost|p1a: Sceptile|spe|1\n|move|p2a: Venusaur|Sludge Bomb|p1a: Sceptile\n|-supereffective|p1a: Sceptile\n|-damage|p1a: Sceptile|0 fnt\n|faint|p1a: Sceptile\n|\n|upkeep\n|\n|t:|1699985745\n|switch|p1a: Ninetales|Ninetales-Alola, M|100\/100\n|-weather|Snow|[from] ability: Snow Warning|[of] p1a: Ninetales\n|turn|12\n|\n|t:|1699985763\n|move|p1a: Ninetales|Blizzard|p2a: Venusaur\n|-supereffective|p2a: Venusaur\n|-damage|p2a: Venusaur|60\/100\n|move|p2a: Venusaur|Sludge Bomb|p1a: Ninetales\n|-supereffective|p1a: Ninetales\n|-damage|p1a: Ninetales|17\/100\n|\n|-weather|Snow|[upkeep]\n|upkeep\n|turn|13\n|\n|t:|1699985776\n|move|p1a: Ninetales|Blizzard|p2a: Venusaur\n|-supereffective|p2a: Venusaur\n|-damage|p2a: Venusaur|25\/100\n|move|p2a: Venusaur|Leech Seed|p1a: Ninetales\n|-start|p1a: Ninetales|move: Leech Seed\n|\n|-weather|Snow|[upkeep]\n|-damage|p1a: Ninetales|5\/100|[from] Leech Seed|[of] p2a: Venusaur\n|-heal|p2a: Venusaur|35\/100|[silent]\n|upkeep\n|turn|14\n|\n|t:|1699985784\n|move|p1a: Ninetales|Blizzard|p2a: Venusaur\n|-supereffective|p2a: Venusaur\n|-damage|p2a: Venusaur|0 fnt\n|faint|p2a: Venusaur\n|\n|-weather|Snow|[upkeep]\n|-sideend|p2: CrackKen|Reflect\n|upkeep\n|\n|t:|1699985791\n|switch|p2a: Jirachi|Jirachi|100\/100\n|turn|15\n|\n|t:|1699985809\n|move|p1a: Ninetales|Blizzard|p2a: Jirachi\n|-resisted|p2a: Jirachi\n|-damage|p2a: Jirachi|83\/100\n|move|p2a: Jirachi|Iron Head|p1a: Ninetales\n|-supereffective|p1a: Ninetales\n|-damage|p1a: Ninetales|0 fnt\n|faint|p1a: Ninetales\n|\n|-weather|Snow|[upkeep]\n|-heal|p2a: Jirachi|89\/100|[from] item: Leftovers\n|upkeep\n|\n|t:|1699985812\n|switch|p1a: Aegislash|Aegislash, M|100\/100\n|turn|16\n|\n|t:|1699985853\n|-formechange|p1a: Aegislash|Aegislash-Blade||[from] ability: Stance Change\n|move|p1a: Aegislash|Shadow Sneak|p2a: Jirachi\n|-supereffective|p2a: Jirachi\n|-damage|p2a: Jirachi|32\/100\n|move|p2a: Jirachi|Zen Headbutt|p1a: Aegislash\n|-resisted|p1a: Aegislash\n|-damage|p1a: Aegislash|70\/100\n|\n|-weather|none\n|-heal|p2a: Jirachi|38\/100|[from] item: Leftovers\n|upkeep\n|turn|17\n|\n|t:|1699985863\n|switch|p2a: Snorlax|Snorlax, F|100\/100\n|move|p1a: Aegislash|Shadow Sneak|p2a: Snorlax\n|-immune|p2a: Snorlax\n|\n|upkeep\n|turn|18\n|\n|t:|1699985871\n|move|p1a: Aegislash|Swords Dance|p1a: Aegislash\n|-boost|p1a: Aegislash|atk|2\n|move|p2a: Snorlax|Curse|p2a: Snorlax\n|-unboost|p2a: Snorlax|spe|1\n|-boost|p2a: Snorlax|atk|1\n|-boost|p2a: Snorlax|def|1\n|\n|upkeep\n|turn|19\n|\n|t:|1699985881\n|move|p1a: Aegislash|Sacred Sword|p2a: Snorlax\n|-supereffective|p2a: Snorlax\n|-damage|p2a: Snorlax|0 fnt\n|faint|p2a: Snorlax\n|\n|upkeep\n|\n|t:|1699985886\n|switch|p2a: Jirachi|Jirachi|38\/100\n|turn|20\n|\n|t:|1699985894\n|move|p1a: Aegislash|Shadow Sneak|p2a: Jirachi\n|-supereffective|p2a: Jirachi\n|-damage|p2a: Jirachi|0 fnt\n|faint|p2a: Jirachi\n|\n|win|PolyBlank404\n|l|\u2606CrackKen\n|l|\u2606PolyBlank404\n","uploadtime":1699985988,"views":12,"p1id":"polyblank404","p2id":"crackken","formatid":"gen9nationaldex","rating":0,"private":0,"password":""}