{"id":"gen9nationaldex-1999758142","p1":"batmanga","p2":"MatiasD10S","format":"[Gen 9] National Dex","log":"|html|<div class=\"broadcast-blue\"><strong>[Gen 9] National Dex is currently suspecting Sneasler! For information on how to participate check out the <a href=\"https:\/\/www.smogon.com\/forums\/threads\/sv-national-dex-suspect-8-just-dance.3731534\/\">suspect thread<\/a>.<\/strong><\/div>\n|j|\u2606batmanga\n|j|\u2606MatiasD10S\n|t:|1701114048\n|gametype|singles\n|player|p1|batmanga|102|1578\n|player|p2|MatiasD10S|veteran|1569\n|teamsize|p1|6\n|teamsize|p2|6\n|gen|9\n|tier|[Gen 9] National Dex\n|rated|\n|rule|HP Percentage Mod: HP is shown in percentages\n|rule|Endless Battle Clause: Forcing endless battles is banned\n|rule|OHKO Clause: OHKO moves are banned\n|rule|Evasion Clause: Evasion abilities, items, and moves are banned\n|rule|Evasion Abilities Clause: Evasion abilities are banned\n|rule|Evasion Items Clause: Evasion items are banned\n|rule|Evasion Moves Clause: Evasion moves are banned\n|rule|Species Clause: Limit one of each Pok\u00e9mon\n|rule|Sleep Clause Mod: Limit one foe put to sleep\n|clearpoke\n|poke|p1|Slowking, F|\n|poke|p1|Zamazenta-*|\n|poke|p1|Raticate, M|\n|poke|p1|Skeledirge, M|\n|poke|p1|Arctozolt|\n|poke|p1|Abomasnow, M|\n|poke|p2|Zapdos|\n|poke|p2|Tapu Lele|\n|poke|p2|Greninja-*, M|\n|poke|p2|Sneasler, M|\n|poke|p2|Zamazenta-*|\n|poke|p2|Armarouge, M|\n|teampreview\n|inactive|Battle timer is ON: inactive players will automatically lose when time's up. (requested by MatiasD10S)\n|\n|t:|1701114058\n|start\n|switch|p1a: Pearl.|Slowking, F|100\/100\n|switch|p2a: RYUU|Zapdos, shiny|100\/100\n|turn|1\n|\n|t:|1701114064\n|-zpower|p2a: RYUU\n|move|p2a: RYUU|Z-Rain Dance|p2a: RYUU|[anim]Rain Dance\n|-boost|p2a: RYUU|spe|1|[zeffect]\n|-weather|RainDance\n|move|p1a: Pearl.|Chilly Reception|p1a: Pearl.\n|-weather|Snow\n|\n|t:|1701114077\n|switch|p1a: RATKING.|Raticate, M, shiny|100\/100|[from] Chilly Reception\n|\n|-weather|Snow|[upkeep]\n|-status|p1a: RATKING.|brn|[from] item: Flame Orb\n|upkeep\n|turn|2\n|\n|t:|1701114089\n|move|p2a: RYUU|Rain Dance|p2a: RYUU\n|-weather|RainDance\n|move|p1a: RATKING.|Facade|p2a: RYUU\n|-damage|p2a: RYUU|6\/100\n|\n|-weather|RainDance|[upkeep]\n|-damage|p1a: RATKING.|95\/100 brn|[from] brn\n|upkeep\n|turn|3\n|\n|t:|1701114096\n|move|p1a: RATKING.|Sucker Punch|p2a: RYUU\n|-damage|p2a: RYUU|0 fnt\n|faint|p2a: RYUU\n|\n|-weather|RainDance|[upkeep]\n|-damage|p1a: RATKING.|89\/100 brn|[from] brn\n|upkeep\n|\n|t:|1701114105\n|switch|p2a: ZAMA|Zamazenta|100\/100\n|-ability|p2a: ZAMA|Dauntless Shield|boost\n|-boost|p2a: ZAMA|def|1\n|turn|4\n|\n|t:|1701114111\n|switch|p1a: Ryomen Sukuna.|Skeledirge, M|100\/100\n|move|p2a: ZAMA|Close Combat|p1a: Ryomen Sukuna.\n|-immune|p1a: Ryomen Sukuna.\n|\n|-weather|RainDance|[upkeep]\n|upkeep\n|turn|5\n|\n|t:|1701114117\n|switch|p2a: RAIZO|Greninja, M|100\/100\n|move|p1a: Ryomen Sukuna.|Will-O-Wisp|p2a: RAIZO\n|-status|p2a: RAIZO|brn\n|\n|-weather|RainDance|[upkeep]\n|-damage|p2a: RAIZO|95\/100 brn|[from] brn\n|upkeep\n|turn|6\n|\n|t:|1701114125\n|switch|p1a: Willump.|Abomasnow, M, shiny|100\/100\n|-weather|Snow|[from] ability: Snow Warning|[of] p1a: Willump.\n|move|p2a: RAIZO|Surf|p1a: Willump.\n|-resisted|p1a: Willump.\n|-damage|p1a: Willump.|71\/100\n|-damage|p2a: RAIZO|85\/100 brn|[from] item: Life Orb\n|\n|-weather|Snow|[upkeep]\n|-damage|p2a: RAIZO|79\/100 brn|[from] brn\n|upkeep\n|turn|7\n|\n|t:|1701114135\n|detailschange|p1a: Willump.|Abomasnow-Mega, M, shiny\n|-mega|p1a: Willump.|Abomasnow|Abomasite\n|move|p2a: RAIZO|Dark Pulse|p1a: Willump.\n|-damage|p1a: Willump.|25\/100\n|-damage|p2a: RAIZO|69\/100 brn|[from] item: Life Orb\n|cant|p1a: Willump.|flinch\n|\n|-weather|Snow|[upkeep]\n|-damage|p2a: RAIZO|63\/100 brn|[from] brn\n|upkeep\n|turn|8\n|\n|t:|1701114151\n|switch|p1a: Vallar.|Zamazenta|100\/100\n|-ability|p1a: Vallar.|Dauntless Shield|boost\n|-boost|p1a: Vallar.|def|1\n|move|p2a: RAIZO|Dark Pulse|p1a: Vallar.\n|-resisted|p1a: Vallar.\n|-damage|p1a: Vallar.|76\/100\n|-damage|p2a: RAIZO|53\/100 brn|[from] item: Life Orb\n|\n|-weather|Snow|[upkeep]\n|-damage|p2a: RAIZO|47\/100 brn|[from] brn\n|upkeep\n|turn|9\n|\n|t:|1701114162\n|move|p2a: RAIZO|Water Shuriken|p1a: Vallar.\n|-damage|p1a: Vallar.|68\/100\n|-damage|p1a: Vallar.|58\/100\n|-hitcount|p1a: Vallar.|2\n|-damage|p2a: RAIZO|38\/100 brn|[from] item: Life Orb\n|move|p1a: Vallar.|Close Combat|p2a: RAIZO\n|-supereffective|p2a: RAIZO\n|-damage|p2a: RAIZO|0 fnt\n|-unboost|p1a: Vallar.|def|1\n|-unboost|p1a: Vallar.|spd|1\n|faint|p2a: RAIZO\n|\n|-weather|Snow|[upkeep]\n|upkeep\n|\n|t:|1701114173\n|switch|p2a: WRATH|Armarouge, M, shiny|100\/100\n|turn|10\n|\n|t:|1701114176\n|move|p1a: Vallar.|Close Combat|p2a: WRATH\n|-resisted|p2a: WRATH\n|-damage|p2a: WRATH|53\/100\n|-unboost|p1a: Vallar.|def|1\n|-unboost|p1a: Vallar.|spd|1\n|-ability|p2a: WRATH|Weak Armor|boost\n|-unboost|p2a: WRATH|def|1\n|-boost|p2a: WRATH|spe|2\n|move|p2a: WRATH|Calm Mind|p2a: WRATH\n|-boost|p2a: WRATH|spa|1\n|-boost|p2a: WRATH|spd|1\n|\n|-weather|none\n|upkeep\n|turn|11\n|\n|t:|1701114191\n|move|p2a: WRATH|Expanding Force|p1a: Vallar.\n|-supereffective|p1a: Vallar.\n|-damage|p1a: Vallar.|0 fnt\n|faint|p1a: Vallar.\n|\n|upkeep\n|\n|t:|1701114197\n|switch|p1a: RATKING.|Raticate, M, shiny|89\/100 brn\n|turn|12\n|\n|t:|1701114208\n|switch|p2a: SHADOW|Tapu Lele, shiny|100\/100\n|-fieldstart|move: Psychic Terrain|[from] ability: Psychic Surge|[of] p2a: SHADOW\n|move|p1a: RATKING.|Stomping Tantrum|p2a: SHADOW\n|-damage|p2a: SHADOW|58\/100\n|\n|-damage|p1a: RATKING.|83\/100 brn|[from] brn\n|upkeep\n|turn|13\n|\n|t:|1701114228\n|switch|p1a: Pearl.|Slowking, F|100\/100\n|move|p2a: SHADOW|Psychic|p1a: Pearl.\n|-resisted|p1a: Pearl.\n|-damage|p1a: Pearl.|80\/100\n|\n|upkeep\n|turn|14\n|\n|t:|1701114234\n|switch|p2a: RORONOA|Sneasler, M, shiny|100\/100\n|-enditem|p2a: RORONOA|Psychic Seed\n|-boost|p2a: RORONOA|spd|1|[from] item: Psychic Seed\n|move|p1a: Pearl.|Chilly Reception|p1a: Pearl.\n|-weather|Snow\n|\n|t:|1701114238\n|switch|p1a: Ryomen Sukuna.|Skeledirge, M|100\/100|[from] Chilly Reception\n|\n|-weather|Snow|[upkeep]\n|upkeep\n|turn|15\n|\n|t:|1701114245\n|-terastallize|p2a: RORONOA|Dark\n|move|p2a: RORONOA|Night Slash|p1a: Ryomen Sukuna.\n|-supereffective|p1a: Ryomen Sukuna.\n|-damage|p1a: Ryomen Sukuna.|58\/100\n|move|p1a: Ryomen Sukuna.|Will-O-Wisp|p2a: RORONOA\n|-status|p2a: RORONOA|brn\n|\n|-weather|Snow|[upkeep]\n|-damage|p2a: RORONOA|95\/100 brn|[from] brn\n|upkeep\n|turn|16\n|\n|t:|1701114254\n|move|p2a: RORONOA|Swords Dance|p2a: RORONOA\n|-boost|p2a: RORONOA|atk|2\n|move|p1a: Ryomen Sukuna.|Hex|p2a: RORONOA\n|-resisted|p2a: RORONOA\n|-damage|p2a: RORONOA|63\/100 brn\n|\n|-weather|Snow|[upkeep]\n|-damage|p2a: RORONOA|57\/100 brn|[from] brn\n|-fieldend|move: Psychic Terrain\n|upkeep\n|turn|17\n|j| littlecat151\n|\n|t:|1701114263\n|move|p2a: RORONOA|Dire Claw|p1a: Ryomen Sukuna.\n|-resisted|p1a: Ryomen Sukuna.\n|-damage|p1a: Ryomen Sukuna.|52\/100\n|-status|p1a: Ryomen Sukuna.|par\n|cant|p1a: Ryomen Sukuna.|par\n|\n|-weather|Snow|[upkeep]\n|-damage|p2a: RORONOA|51\/100 brn|[from] brn\n|upkeep\n|turn|18\n|c|\u2606batmanga|:D\n|\n|t:|1701114272\n|move|p2a: RORONOA|Swords Dance|p2a: RORONOA\n|-boost|p2a: RORONOA|atk|2\n|cant|p1a: Ryomen Sukuna.|par\n|\n|-weather|Snow|[upkeep]\n|-damage|p2a: RORONOA|45\/100 brn|[from] brn\n|upkeep\n|turn|19\n|\n|t:|1701114278\n|move|p2a: RORONOA|Night Slash|p1a: Ryomen Sukuna.\n|-supereffective|p1a: Ryomen Sukuna.\n|-damage|p1a: Ryomen Sukuna.|30\/100 par\n|move|p1a: Ryomen Sukuna.|Slack Off|p1a: Ryomen Sukuna.\n|-heal|p1a: Ryomen Sukuna.|80\/100 par\n|\n|-weather|Snow|[upkeep]\n|-damage|p2a: RORONOA|39\/100 brn|[from] brn\n|upkeep\n|turn|20\n|\n|t:|1701114287\n|move|p2a: RORONOA|Night Slash|p1a: Ryomen Sukuna.\n|-supereffective|p1a: Ryomen Sukuna.\n|-damage|p1a: Ryomen Sukuna.|58\/100 par\n|move|p1a: Ryomen Sukuna.|Torch Song|p2a: RORONOA\n|-damage|p2a: RORONOA|0 fnt\n|-boost|p1a: Ryomen Sukuna.|spa|1\n|faint|p2a: RORONOA\n|\n|-weather|Snow|[upkeep]\n|upkeep\n|\n|t:|1701114296\n|switch|p2a: SHADOW|Tapu Lele, shiny|58\/100\n|-fieldstart|move: Psychic Terrain|[from] ability: Psychic Surge|[of] p2a: SHADOW\n|turn|21\n|\n|t:|1701114305\n|switch|p1a: Pearl.|Slowking, F|100\/100\n|move|p2a: SHADOW|Shadow Ball|p1a: Pearl.\n|-supereffective|p1a: Pearl.\n|-damage|p1a: Pearl.|63\/100\n|-unboost|p1a: Pearl.|spd|1\n|\n|-weather|none\n|upkeep\n|turn|22\n|\n|t:|1701114313\n|move|p2a: SHADOW|Shadow Ball|p1a: Pearl.\n|-supereffective|p1a: Pearl.\n|-crit|p1a: Pearl.\n|-damage|p1a: Pearl.|0 fnt\n|faint|p1a: Pearl.\n|\n|upkeep\n|\n|t:|1701114318\n|switch|p1a: RATKING.|Raticate, M, shiny|83\/100 brn\n|turn|23\n|\n|t:|1701114322\n|-terastallize|p1a: RATKING.|Normal\n|move|p2a: SHADOW|Shadow Ball|p1a: RATKING.\n|-immune|p1a: RATKING.\n|move|p1a: RATKING.|Facade|p2a: SHADOW\n|-damage|p2a: SHADOW|0 fnt\n|faint|p2a: SHADOW\n|\n|-damage|p1a: RATKING.|77\/100 brn|[from] brn\n|upkeep\n|\n|t:|1701114332\n|switch|p2a: ZAMA|Zamazenta|100\/100\n|turn|24\n|\n|t:|1701114335\n|switch|p1a: Willump.|Abomasnow-Mega, M, shiny|25\/100\n|-weather|Snow|[from] ability: Snow Warning|[of] p1a: Willump.\n|move|p2a: ZAMA|Close Combat|p1a: Willump.\n|-supereffective|p1a: Willump.\n|-damage|p1a: Willump.|0 fnt\n|-unboost|p2a: ZAMA|def|1\n|-unboost|p2a: ZAMA|spd|1\n|faint|p1a: Willump.\n|-damage|p2a: ZAMA|91\/100|[from] item: Life Orb\n|\n|-weather|Snow|[upkeep]\n|upkeep\n|\n|t:|1701114343\n|switch|p1a: Ryomen Sukuna.|Skeledirge, M|58\/100 par\n|turn|25\n|\n|t:|1701114356\n|move|p2a: ZAMA|Iron Head|p1a: Ryomen Sukuna.\n|-resisted|p1a: Ryomen Sukuna.\n|-damage|p1a: Ryomen Sukuna.|47\/100 par\n|-damage|p2a: ZAMA|81\/100|[from] item: Life Orb\n|move|p1a: Ryomen Sukuna.|Torch Song|p2a: ZAMA\n|-damage|p2a: ZAMA|52\/100\n|-boost|p1a: Ryomen Sukuna.|spa|1\n|\n|-weather|Snow|[upkeep]\n|-fieldend|move: Psychic Terrain\n|upkeep\n|turn|26\n|\n|t:|1701114365\n|move|p2a: ZAMA|Wild Charge|p1a: Ryomen Sukuna.\n|-damage|p1a: Ryomen Sukuna.|26\/100 par\n|-damage|p2a: ZAMA|45\/100|[from] Recoil\n|-damage|p2a: ZAMA|35\/100|[from] item: Life Orb\n|move|p1a: Ryomen Sukuna.|Torch Song|p2a: ZAMA\n|-damage|p2a: ZAMA|0 fnt\n|-boost|p1a: Ryomen Sukuna.|spa|1\n|faint|p2a: ZAMA\n|\n|-weather|Snow|[upkeep]\n|upkeep\n|\n|t:|1701114375\n|switch|p2a: WRATH|Armarouge, M, shiny|53\/100\n|turn|27\n|\n|t:|1701114382\n|switch|p1a: Blueberry.|Arctozolt|100\/100\n|move|p2a: WRATH|Calm Mind|p2a: WRATH\n|-boost|p2a: WRATH|spa|1\n|-boost|p2a: WRATH|spd|1\n|\n|-weather|Snow|[upkeep]\n|upkeep\n|turn|28\n|\n|t:|1701114389\n|move|p1a: Blueberry.|Bolt Beak|p2a: WRATH\n|-damage|p2a: WRATH|0 fnt\n|faint|p2a: WRATH\n|\n|win|batmanga\n|raw|batmanga's rating: 1578 &rarr; <strong>1597<\/strong><br \/>(+19 for winning)\n|raw|MatiasD10S's rating: 1569 &rarr; <strong>1550<\/strong><br \/>(-19 for losing)\n|l|\u2606MatiasD10S\n|l| littlecat151\n","uploadtime":1701115390,"views":25,"p1id":"batmanga","p2id":"matiasd10s","formatid":"gen9nationaldex","rating":1550,"private":0,"password":""}