{"id":"gen9nationaldex-1988513404","p1":"barquissimo","p2":"laklsks22221","format":"[Gen 9] National Dex","log":"|j|\u2606barquissimo\n|j|\u2606laklsks22221\n|t:|1699730983\n|gametype|singles\n|player|p1|barquissimo|preschooler|1058\n|player|p2|laklsks22221|pokefan-gen4|1050\n|teamsize|p1|6\n|teamsize|p2|6\n|gen|9\n|tier|[Gen 9] National Dex\n|rated|\n|rule|HP Percentage Mod: HP is shown in percentages\n|rule|Endless Battle Clause: Forcing endless battles is banned\n|rule|OHKO Clause: OHKO moves are banned\n|rule|Evasion Clause: Evasion abilities, items, and moves are banned\n|rule|Evasion Abilities Clause: Evasion abilities are banned\n|rule|Evasion Items Clause: Evasion items are banned\n|rule|Evasion Moves Clause: Evasion moves are banned\n|rule|Species Clause: Limit one of each Pok\u00e9mon\n|rule|Sleep Clause Mod: Limit one foe put to sleep\n|clearpoke\n|poke|p1|Volcarona, M|\n|poke|p1|Landorus-Therian, M|\n|poke|p1|Iron Valiant|\n|poke|p1|Urshifu-*, M|\n|poke|p1|Scizor, F|\n|poke|p1|Pawmot, F|\n|poke|p2|Crobat, M|\n|poke|p2|Hippowdon, F|\n|poke|p2|Alomomola, F|\n|poke|p2|Lopunny, F|\n|poke|p2|Sylveon, M|\n|poke|p2|Alakazam, M|\n|teampreview\n|inactive|Battle timer is ON: inactive players will automatically lose when time's up. (requested by laklsks22221)\n|\n|t:|1699730989\n|start\n|switch|p1a: Landorus|Landorus-Therian, M|100\/100\n|switch|p2a: Crobat|Crobat, M|100\/100\n|-ability|p1a: Landorus|Intimidate|boost\n|-unboost|p2a: Crobat|atk|1\n|turn|1\n|\n|t:|1699730997\n|move|p2a: Crobat|Taunt|p1a: Landorus\n|-start|p1a: Landorus|move: Taunt\n|cant|p1a: Landorus|move: Taunt|Gravity\n|\n|upkeep\n|turn|2\n|\n|t:|1699731004\n|move|p2a: Crobat|U-turn|p1a: Landorus\n|-resisted|p1a: Landorus\n|-damage|p1a: Landorus|91\/100\n|-damage|p2a: Crobat|91\/100|[from] item: Life Orb\n|\n|t:|1699731015\n|switch|p2a: Hippowdon|Hippowdon, F|100\/100|[from] U-turn\n|-weather|Sandstorm|[from] ability: Sand Stream|[of] p2a: Hippowdon\n|move|p1a: Landorus|Stone Edge|p2a: Hippowdon\n|-resisted|p2a: Hippowdon\n|-damage|p2a: Hippowdon|90\/100\n|\n|-weather|Sandstorm|[upkeep]\n|upkeep\n|turn|3\n|\n|t:|1699731039\n|move|p1a: Landorus|Earthquake|p2a: Hippowdon\n|-damage|p2a: Hippowdon|61\/100\n|move|p2a: Hippowdon|Stealth Rock|p1a: Landorus\n|-sidestart|p1: barquissimo|move: Stealth Rock\n|\n|-weather|Sandstorm|[upkeep]\n|-end|p1a: Landorus|move: Taunt\n|upkeep\n|turn|4\n|\n|t:|1699731049\n|move|p1a: Landorus|Swords Dance|p1a: Landorus\n|-boost|p1a: Landorus|atk|2\n|move|p2a: Hippowdon|Slack Off|p2a: Hippowdon\n|-heal|p2a: Hippowdon|100\/100\n|\n|-weather|Sandstorm|[upkeep]\n|upkeep\n|turn|5\n|\n|t:|1699731057\n|move|p1a: Landorus|Swords Dance|p1a: Landorus\n|-boost|p1a: Landorus|atk|2\n|move|p2a: Hippowdon|Toxic|p1a: Landorus\n|-status|p1a: Landorus|tox\n|\n|-weather|Sandstorm|[upkeep]\n|-damage|p1a: Landorus|85\/100 tox|[from] psn\n|upkeep\n|turn|6\n|\n|t:|1699731071\n|switch|p2a: Crobat|Crobat, M|91\/100\n|move|p1a: Landorus|Earthquake|p2a: Crobat\n|-immune|p2a: Crobat\n|\n|-weather|none\n|-damage|p1a: Landorus|73\/100 tox|[from] psn\n|upkeep\n|turn|7\n|\n|t:|1699731084\n|move|p2a: Crobat|U-turn|p1a: Landorus\n|-resisted|p1a: Landorus\n|-damage|p1a: Landorus|59\/100 tox\n|-damage|p2a: Crobat|81\/100|[from] item: Life Orb\n|\n|t:|1699731089\n|switch|p2a: Hippowdon|Hippowdon, F|100\/100|[from] U-turn\n|-weather|Sandstorm|[from] ability: Sand Stream|[of] p2a: Hippowdon\n|-zpower|p1a: Landorus\n|move|p1a: Landorus|Continental Crush|p2a: Hippowdon|[zeffect]\n|-resisted|p2a: Hippowdon\n|-damage|p2a: Hippowdon|49\/100\n|\n|-weather|Sandstorm|[upkeep]\n|-damage|p1a: Landorus|41\/100 tox|[from] psn\n|upkeep\n|turn|8\n|\n|t:|1699731103\n|move|p1a: Landorus|Gravity|p1a: Landorus\n|-fieldstart|move: Gravity\n|move|p2a: Hippowdon|Slack Off|p2a: Hippowdon\n|-heal|p2a: Hippowdon|99\/100\n|\n|-weather|Sandstorm|[upkeep]\n|-damage|p1a: Landorus|17\/100 tox|[from] psn\n|upkeep\n|turn|9\n|\n|t:|1699731113\n|switch|p2a: Crobat|Crobat, M|81\/100\n|move|p1a: Landorus|Earthquake|p2a: Crobat\n|-supereffective|p2a: Crobat\n|-damage|p2a: Crobat|0 fnt\n|faint|p2a: Crobat\n|\n|-weather|Sandstorm|[upkeep]\n|-damage|p1a: Landorus|0 fnt|[from] psn\n|faint|p1a: Landorus\n|upkeep\n|\n|t:|1699731126\n|switch|p2a: Lopunny|Lopunny, F, shiny|100\/100\n|switch|p1a: Iron Valiant|Iron Valiant|100\/100\n|-damage|p1a: Iron Valiant|94\/100|[from] Stealth Rock\n|turn|10\n|\n|t:|1699731138\n|detailschange|p2a: Lopunny|Lopunny-Mega, F, shiny\n|-mega|p2a: Lopunny|Lopunny|Lopunnite\n|move|p2a: Lopunny|Fake Out|p1a: Iron Valiant\n|-damage|p1a: Iron Valiant|64\/100\n|cant|p1a: Iron Valiant|flinch\n|\n|-weather|Sandstorm|[upkeep]\n|-damage|p2a: Lopunny|95\/100|[from] Sandstorm\n|-damage|p1a: Iron Valiant|58\/100|[from] Sandstorm\n|upkeep\n|turn|11\n|\n|t:|1699731149\n|switch|p2a: Sylveon|Sylveon, M, shiny|100\/100\n|move|p1a: Iron Valiant|Focus Blast|p2a: Sylveon\n|-resisted|p2a: Sylveon\n|-damage|p2a: Sylveon|73\/100\n|\n|-weather|none\n|upkeep\n|turn|12\n|\n|t:|1699731164\n|move|p1a: Iron Valiant|Focus Blast|p2a: Sylveon\n|-resisted|p2a: Sylveon\n|-damage|p2a: Sylveon|48\/100\n|move|p2a: Sylveon|Hyper Voice|p1a: Iron Valiant\n|-supereffective|p1a: Iron Valiant\n|-damage|p1a: Iron Valiant|0 fnt\n|faint|p1a: Iron Valiant\n|-end|p1a: Iron Valiant|Quark Drive|[silent]\n|\n|-fieldend|move: Gravity\n|upkeep\n|\n|t:|1699731175\n|switch|p1a: Scizor|Scizor, F|100\/100\n|-damage|p1a: Scizor|88\/100|[from] Stealth Rock\n|turn|13\n|\n|t:|1699731181\n|switch|p2a: Alomomola|Alomomola, F|100\/100\n|move|p1a: Scizor|Bullet Punch|p2a: Alomomola\n|-resisted|p2a: Alomomola\n|-damage|p2a: Alomomola|95\/100\n|\n|-heal|p2a: Alomomola|100\/100|[from] item: Leftovers\n|upkeep\n|turn|14\n|\n|t:|1699731197\n|detailschange|p1a: Scizor|Scizor-Mega, F\n|-mega|p1a: Scizor|Scizor|Scizorite\n|move|p1a: Scizor|Swords Dance|p1a: Scizor\n|-boost|p1a: Scizor|atk|2\n|move|p2a: Alomomola|Wish|p2a: Alomomola\n|\n|upkeep\n|turn|15\n|\n|t:|1699731213\n|move|p1a: Scizor|Swords Dance|p1a: Scizor\n|-boost|p1a: Scizor|atk|2\n|move|p2a: Alomomola|Flip Turn|p1a: Scizor\n|-damage|p1a: Scizor|78\/100\n|\n|t:|1699731222\n|switch|p2a: Sylveon|Sylveon, M, shiny|48\/100|[from] Flip Turn\n|\n|-heal|p2a: Sylveon|100\/100|[from] move: Wish|[wisher] Alomomola\n|upkeep\n|turn|16\n|\n|t:|1699731248\n|switch|p2a: Hippowdon|Hippowdon, F|99\/100\n|-weather|Sandstorm|[from] ability: Sand Stream|[of] p2a: Hippowdon\n|move|p1a: Scizor|Bullet Punch|p2a: Hippowdon\n|-damage|p2a: Hippowdon|50\/100\n|-damage|p1a: Scizor|62\/100|[from] item: Rocky Helmet|[of] p2a: Hippowdon\n|\n|-weather|Sandstorm|[upkeep]\n|upkeep\n|turn|17\n|\n|t:|1699731266\n|move|p1a: Scizor|U-turn|p2a: Hippowdon\n|-damage|p2a: Hippowdon|0 fnt\n|-damage|p1a: Scizor|45\/100|[from] item: Rocky Helmet|[of] p2a: Hippowdon\n|faint|p2a: Hippowdon\n|\n|t:|1699731277\n|switch|p1a: Urshifu|Urshifu-Rapid-Strike, M|100\/100|[from] U-turn\n|-damage|p1a: Urshifu|94\/100|[from] Stealth Rock\n|\n|-weather|Sandstorm|[upkeep]\n|-damage|p1a: Urshifu|88\/100|[from] Sandstorm\n|upkeep\n|\n|t:|1699731283\n|switch|p2a: Alakazam|Alakazam, M|100\/100\n|turn|18\n|\n|t:|1699731295\n|move|p1a: Urshifu|Surging Strikes|p2a: Alakazam\n|-crit|p2a: Alakazam\n|-damage|p2a: Alakazam|53\/100\n|-crit|p2a: Alakazam\n|-damage|p2a: Alakazam|3\/100\n|-crit|p2a: Alakazam\n|-damage|p2a: Alakazam|0 fnt\n|faint|p2a: Alakazam\n|-hitcount|p2: Alakazam|3\n|\n|-weather|Sandstorm|[upkeep]\n|-damage|p1a: Urshifu|82\/100|[from] Sandstorm\n|upkeep\n|\n|t:|1699731304\n|switch|p2a: Alomomola|Alomomola, F|100\/100\n|turn|19\n|\n|t:|1699731318\n|switch|p1a: Pawmot|Pawmot, F|100\/100\n|-damage|p1a: Pawmot|94\/100|[from] Stealth Rock\n|switch|p2a: Lopunny|Lopunny-Mega, F, shiny|95\/100\n|\n|-weather|Sandstorm|[upkeep]\n|-damage|p2a: Lopunny|89\/100|[from] Sandstorm\n|-damage|p1a: Pawmot|88\/100|[from] Sandstorm\n|upkeep\n|turn|20\n|\n|t:|1699731338\n|move|p2a: Lopunny|Fake Out|p1a: Pawmot\n|-damage|p1a: Pawmot|52\/100\n|cant|p1a: Pawmot|flinch\n|\n|-weather|none\n|upkeep\n|turn|21\n|\n|t:|1699731346\n|move|p2a: Lopunny|Frustration|p1a: Pawmot\n|-damage|p1a: Pawmot|0 fnt\n|faint|p1a: Pawmot\n|\n|upkeep\n|\n|t:|1699731361\n|switch|p1a: Scizor|Scizor-Mega, F|45\/100\n|-damage|p1a: Scizor|33\/100|[from] Stealth Rock\n|turn|22\n|\n|t:|1699731371\n|switch|p2a: Alomomola|Alomomola, F|100\/100\n|move|p1a: Scizor|Roost|p1a: Scizor\n|-heal|p1a: Scizor|83\/100\n|-singleturn|p1a: Scizor|move: Roost\n|\n|upkeep\n|turn|23\n|\n|t:|1699731385\n|move|p1a: Scizor|Swords Dance|p1a: Scizor\n|-boost|p1a: Scizor|atk|2\n|move|p2a: Alomomola|Flip Turn|p1a: Scizor\n|-damage|p1a: Scizor|73\/100\n|\n|t:|1699731390\n|switch|p2a: Lopunny|Lopunny-Mega, F, shiny|89\/100|[from] Flip Turn\n|\n|upkeep\n|turn|24\n|\n|t:|1699731405\n|move|p2a: Lopunny|Fake Out|p1a: Scizor\n|-resisted|p1a: Scizor\n|-damage|p1a: Scizor|66\/100\n|cant|p1a: Scizor|flinch\n|\n|upkeep\n|turn|25\n|\n|t:|1699731413\n|move|p1a: Scizor|Bullet Punch|p2a: Lopunny\n|-damage|p2a: Lopunny|11\/100\n|move|p2a: Lopunny|Close Combat|p1a: Scizor\n|-damage|p1a: Scizor|28\/100\n|-unboost|p2a: Lopunny|def|1\n|-unboost|p2a: Lopunny|spd|1\n|\n|upkeep\n|turn|26\n|\n|t:|1699731423\n|switch|p2a: Alomomola|Alomomola, F|100\/100\n|move|p1a: Scizor|Bullet Punch|p2a: Alomomola\n|-resisted|p2a: Alomomola\n|-damage|p2a: Alomomola|84\/100\n|\n|-heal|p2a: Alomomola|90\/100|[from] item: Leftovers\n|upkeep\n|turn|27\n|\n|t:|1699731431\n|move|p1a: Scizor|U-turn|p2a: Alomomola\n|-damage|p2a: Alomomola|51\/100\n|\n|t:|1699731439\n|switch|p1a: Urshifu|Urshifu-Rapid-Strike, M|82\/100|[from] U-turn\n|-damage|p1a: Urshifu|76\/100|[from] Stealth Rock\n|move|p2a: Alomomola|Wish|p2a: Alomomola\n|\n|-heal|p2a: Alomomola|57\/100|[from] item: Leftovers\n|upkeep\n|turn|28\n|\n|t:|1699731448\n|move|p2a: Alomomola|Protect|p2a: Alomomola\n|-singleturn|p2a: Alomomola|Protect\n|move|p1a: Urshifu|U-turn|p2a: Alomomola\n|-damage|p2a: Alomomola|44\/100\n|\n|t:|1699731454\n|switch|p1a: Scizor|Scizor-Mega, F|28\/100|[from] U-turn\n|-damage|p1a: Scizor|16\/100|[from] Stealth Rock\n|\n|-heal|p2a: Alomomola|94\/100|[from] move: Wish|[wisher] Alomomola\n|-heal|p2a: Alomomola|99\/100|[from] item: Leftovers\n|upkeep\n|turn|29\n|\n|t:|1699731464\n|move|p1a: Scizor|Roost|p1a: Scizor\n|-heal|p1a: Scizor|66\/100\n|-singleturn|p1a: Scizor|move: Roost\n|move|p2a: Alomomola|Wish|p2a: Alomomola\n|\n|-heal|p2a: Alomomola|100\/100|[from] item: Leftovers\n|upkeep\n|turn|30\n|\n|t:|1699731470\n|move|p1a: Scizor|Roost|p1a: Scizor\n|-heal|p1a: Scizor|100\/100\n|-singleturn|p1a: Scizor|move: Roost\n|move|p2a: Alomomola|Flip Turn|p1a: Scizor\n|-damage|p1a: Scizor|91\/100\n|\n|t:|1699731476\n|switch|p2a: Lopunny|Lopunny-Mega, F, shiny|11\/100|[from] Flip Turn\n|\n|-heal|p2a: Lopunny|100\/100|[from] move: Wish|[wisher] Alomomola\n|upkeep\n|turn|31\n|\n|t:|1699731491\n|move|p2a: Lopunny|Fake Out|p1a: Scizor\n|-resisted|p1a: Scizor\n|-damage|p1a: Scizor|84\/100\n|cant|p1a: Scizor|flinch\n|\n|upkeep\n|turn|32\n|\n|t:|1699731500\n|move|p2a: Lopunny|Frustration|p1a: Scizor\n|-resisted|p1a: Scizor\n|-damage|p1a: Scizor|68\/100\n|move|p1a: Scizor|U-turn|p2a: Lopunny\n|-resisted|p2a: Lopunny\n|-damage|p2a: Lopunny|78\/100\n|\n|t:|1699731513\n|switch|p1a: Urshifu|Urshifu-Rapid-Strike, M|76\/100|[from] U-turn\n|-damage|p1a: Urshifu|70\/100|[from] Stealth Rock\n|\n|upkeep\n|turn|33\n|\n|t:|1699731519\n|switch|p2a: Alomomola|Alomomola, F|100\/100\n|move|p1a: Urshifu|Surging Strikes|p2a: Alomomola\n|-resisted|p2a: Alomomola\n|-crit|p2a: Alomomola\n|-damage|p2a: Alomomola|95\/100\n|-resisted|p2a: Alomomola\n|-crit|p2a: Alomomola\n|-damage|p2a: Alomomola|89\/100\n|-resisted|p2a: Alomomola\n|-crit|p2a: Alomomola\n|-damage|p2a: Alomomola|84\/100\n|-hitcount|p2a: Alomomola|3\n|\n|-heal|p2a: Alomomola|91\/100|[from] item: Leftovers\n|upkeep\n|turn|34\n|\n|t:|1699731537\n|switch|p1a: Scizor|Scizor-Mega, F|68\/100\n|-damage|p1a: Scizor|55\/100|[from] Stealth Rock\n|switch|p2a: Sylveon|Sylveon, M, shiny|100\/100\n|\n|upkeep\n|turn|35\n|\n|t:|1699731553\n|move|p1a: Scizor|Bullet Punch|p2a: Sylveon\n|-supereffective|p2a: Sylveon\n|-damage|p2a: Sylveon|13\/100\n|-zpower|p2a: Sylveon\n|move|p2a: Sylveon|Breakneck Blitz|p1a: Scizor|[zeffect]\n|-resisted|p1a: Scizor\n|-damage|p1a: Scizor|33\/100\n|\n|upkeep\n|turn|36\n|\n|t:|1699731565\n|move|p1a: Scizor|Bullet Punch|p2a: Sylveon\n|-supereffective|p2a: Sylveon\n|-damage|p2a: Sylveon|0 fnt\n|faint|p2a: Sylveon\n|\n|upkeep\n|\n|t:|1699731569\n|switch|p2a: Lopunny|Lopunny-Mega, F, shiny|78\/100\n|turn|37\n|\n|t:|1699731581\n|move|p2a: Lopunny|Fake Out|p1a: Scizor\n|-resisted|p1a: Scizor\n|-damage|p1a: Scizor|26\/100\n|cant|p1a: Scizor|flinch\n|\n|upkeep\n|turn|38\n|\n|t:|1699731587\n|move|p2a: Lopunny|Close Combat|p1a: Scizor\n|-damage|p1a: Scizor|0 fnt\n|-unboost|p2a: Lopunny|def|1\n|-unboost|p2a: Lopunny|spd|1\n|faint|p1a: Scizor\n|\n|upkeep\n|\n|t:|1699731594\n|switch|p1a: Volcarona|Volcarona, M|100\/100\n|turn|39\n|\n|t:|1699731607\n|move|p2a: Lopunny|Frustration|p1a: Volcarona\n|-damage|p1a: Volcarona|14\/100\n|-status|p2a: Lopunny|brn|[from] ability: Flame Body|[of] p1a: Volcarona\n|move|p1a: Volcarona|Quiver Dance|p1a: Volcarona\n|-boost|p1a: Volcarona|spa|1\n|-boost|p1a: Volcarona|spd|1\n|-boost|p1a: Volcarona|spe|1\n|\n|-damage|p2a: Lopunny|72\/100 brn|[from] brn\n|upkeep\n|turn|40\n|\n|t:|1699731617\n|switch|p2a: Alomomola|Alomomola, F|100\/100\n|move|p1a: Volcarona|Giga Drain|p2a: Alomomola\n|-supereffective|p2a: Alomomola\n|-damage|p2a: Alomomola|6\/100\n|-heal|p1a: Volcarona|95\/100|[from] drain|[of] p2a: Alomomola\n|\n|-heal|p2a: Alomomola|13\/100|[from] item: Leftovers\n|upkeep\n|turn|41\n|\n|t:|1699731630\n|move|p1a: Volcarona|Giga Drain|p2a: Alomomola\n|-supereffective|p2a: Alomomola\n|-damage|p2a: Alomomola|0 fnt\n|-heal|p1a: Volcarona|100\/100|[from] drain|[of] p2a: Alomomola\n|faint|p2a: Alomomola\n|\n|upkeep\n|\n|t:|1699731635\n|switch|p2a: Lopunny|Lopunny-Mega, F, shiny|72\/100 brn\n|turn|42\n|\n|t:|1699731640\n|move|p2a: Lopunny|Fake Out|p1a: Volcarona\n|-damage|p1a: Volcarona|83\/100\n|cant|p1a: Volcarona|flinch\n|\n|-damage|p2a: Lopunny|67\/100 brn|[from] brn\n|upkeep\n|turn|43\n|\n|t:|1699731649\n|move|p1a: Volcarona|Quiver Dance|p1a: Volcarona\n|-boost|p1a: Volcarona|spa|1\n|-boost|p1a: Volcarona|spd|1\n|-boost|p1a: Volcarona|spe|1\n|move|p2a: Lopunny|Frustration|p1a: Volcarona\n|-damage|p1a: Volcarona|44\/100\n|\n|-damage|p2a: Lopunny|61\/100 brn|[from] brn\n|upkeep\n|turn|44\n|\n|t:|1699731664\n|move|p1a: Volcarona|Giga Drain|p2a: Lopunny\n|-damage|p2a: Lopunny|0 fnt\n|-heal|p1a: Volcarona|70\/100|[from] drain|[of] p2a: Lopunny\n|faint|p2a: Lopunny\n|\n|win|barquissimo\n|raw|barquissimo's rating: 1058 &rarr; <strong>1089<\/strong><br \/>(+31 for winning)\n|raw|laklsks22221's rating: 1050 &rarr; <strong>1033<\/strong><br \/>(-17 for losing)\n|l|\u2606laklsks22221\n|c|\u2606barquissimo|well played\n","uploadtime":1699731680,"views":17,"p1id":"barquissimo","p2id":"laklsks22221","formatid":"gen9nationaldex","rating":1033,"private":0,"password":""}