{"id":"gen9nationaldex-1992683009","p1":"Raj25","p2":"ouxiaonengshou","format":"[Gen 9] National Dex","log":"|j|\u2606Raj25\n|j|\u2606ouxiaonengshou\n|t:|1700224789\n|gametype|singles\n|player|p1|Raj25|benga|1116\n|player|p2|ouxiaonengshou|iris-gen5bw2|1203\n|teamsize|p1|6\n|teamsize|p2|6\n|gen|9\n|tier|[Gen 9] National Dex\n|rated|\n|rule|HP Percentage Mod: HP is shown in percentages\n|rule|Endless Battle Clause: Forcing endless battles is banned\n|rule|OHKO Clause: OHKO moves are banned\n|rule|Evasion Clause: Evasion abilities, items, and moves are banned\n|rule|Evasion Abilities Clause: Evasion abilities are banned\n|rule|Evasion Items Clause: Evasion items are banned\n|rule|Evasion Moves Clause: Evasion moves are banned\n|rule|Species Clause: Limit one of each Pok\u00e9mon\n|rule|Sleep Clause Mod: Limit one foe put to sleep\n|clearpoke\n|poke|p1|Garganacl, M|\n|poke|p1|Ditto|\n|poke|p1|Machamp, F|\n|poke|p1|Zapdos|\n|poke|p1|Pelipper, M|\n|poke|p1|Swampert, M|\n|poke|p2|Sudowoodo, F|\n|poke|p2|Shiftry, F|\n|poke|p2|Corviknight, F|\n|poke|p2|Swampert, M|\n|poke|p2|Pelipper, M|\n|poke|p2|Ogerpon, F|\n|teampreview\n|inactive|Battle timer is ON: inactive players will automatically lose when time's up. (requested by ouxiaonengshou)\n|\n|t:|1700224803\n|start\n|switch|p1a: Garganacl|Garganacl, M|100\/100\n|switch|p2a: Ogerpon|Ogerpon, F|100\/100\n|turn|1\n|\n|t:|1700224814\n|-zpower|p2a: Ogerpon\n|move|p2a: Ogerpon|Bloom Doom|p1a: Garganacl|[zeffect]\n|-supereffective|p1a: Garganacl\n|-damage|p1a: Garganacl|0 fnt\n|faint|p1a: Garganacl\n|\n|upkeep\n|\n|t:|1700224823\n|switch|p1a: Machamp|Machamp, F|100\/100\n|turn|2\n|\n|t:|1700224830\n|move|p2a: Ogerpon|U-turn|p1a: Machamp\n|-resisted|p1a: Machamp\n|-damage|p1a: Machamp|89\/100\n|\n|t:|1700224833\n|switch|p2a: Pelipper|Pelipper, M|100\/100|[from] U-turn\n|-weather|RainDance|[from] ability: Drizzle|[of] p2a: Pelipper\n|move|p1a: Machamp|Fire Blast|p2a: Pelipper\n|-resisted|p2a: Pelipper\n|-crit|p2a: Pelipper\n|-damage|p2a: Pelipper|91\/100\n|\n|-weather|RainDance|[upkeep]\n|upkeep\n|turn|3\n|\n|t:|1700224846\n|move|p2a: Pelipper|Weather Ball|p1a: Machamp\n|-damage|p1a: Machamp|41\/100\n|move|p1a: Machamp|Dynamic Punch|p2a: Pelipper\n|-resisted|p2a: Pelipper\n|-damage|p2a: Pelipper|71\/100\n|-start|p2a: Pelipper|confusion\n|\n|-weather|RainDance|[upkeep]\n|upkeep\n|turn|4\n|\n|t:|1700224861\n|-activate|p2a: Pelipper|confusion\n|move|p2a: Pelipper|Hurricane|p1a: Machamp\n|-supereffective|p1a: Machamp\n|-damage|p1a: Machamp|0 fnt\n|faint|p1a: Machamp\n|\n|-weather|RainDance|[upkeep]\n|upkeep\n|\n|t:|1700224870\n|switch|p1a: Zapdos|Zapdos|100\/100\n|turn|5\n|\n|t:|1700224884\n|-terastallize|p2a: Pelipper|Ground\n|move|p1a: Zapdos|Weather Ball|p2a: Pelipper\n|-supereffective|p2a: Pelipper\n|-crit|p2a: Pelipper\n|-damage|p2a: Pelipper|0 fnt\n|faint|p2a: Pelipper\n|\n|-weather|RainDance|[upkeep]\n|upkeep\n|\n|t:|1700224892\n|switch|p2a: Shiftry|Shiftry, F, shiny|100\/100\n|turn|6\n|\n|t:|1700224897\n|move|p2a: Shiftry|Tailwind|p2a: Shiftry\n|-sidestart|p2: ouxiaonengshou|move: Tailwind\n|-ability|p2a: Shiftry|Wind Rider|boost\n|-boost|p2a: Shiftry|atk|1\n|move|p1a: Zapdos|Hurricane|p2a: Shiftry\n|-ability|p2a: Shiftry|Wind Rider|boost\n|-boost|p2a: Shiftry|atk|1\n|\n|-weather|none\n|upkeep\n|turn|7\n|\n|t:|1700224914\n|move|p2a: Shiftry|Knock Off|p1a: Zapdos\n|-damage|p1a: Zapdos|13\/100\n|-enditem|p1a: Zapdos|Heavy-Duty Boots|[from] move: Knock Off|[of] p2a: Shiftry\n|move|p1a: Zapdos|Thunderbolt|p2a: Shiftry\n|-resisted|p2a: Shiftry\n|-damage|p2a: Shiftry|61\/100\n|\n|upkeep\n|turn|8\n|\n|t:|1700224923\n|move|p2a: Shiftry|Knock Off|p1a: Zapdos\n|-damage|p1a: Zapdos|0 fnt\n|-status|p2a: Shiftry|par|[from] ability: Static|[of] p1a: Zapdos\n|faint|p1a: Zapdos\n|\n|upkeep\n|\n|t:|1700224930\n|switch|p1a: Pelipper|Pelipper, M|100\/100\n|-weather|RainDance|[from] ability: Drizzle|[of] p1a: Pelipper\n|turn|9\n|\n|t:|1700224939\n|move|p2a: Shiftry|Explosion|p1a: Pelipper\n|-damage|p1a: Pelipper|0 fnt\n|faint|p2a: Shiftry\n|faint|p1a: Pelipper\n|\n|-weather|RainDance|[upkeep]\n|-sideend|p2: ouxiaonengshou|move: Tailwind\n|upkeep\n|\n|t:|1700224948\n|switch|p2a: Sudowoodo|Sudowoodo, F, shiny|100\/100\n|switch|p1a: Swampert|Swampert, M|100\/100\n|turn|10\n|\n|t:|1700224955\n|detailschange|p1a: Swampert|Swampert-Mega, M\n|-mega|p1a: Swampert|Swampert|Swampertite\n|move|p1a: Swampert|Waterfall|p2a: Sudowoodo\n|-supereffective|p2a: Sudowoodo\n|-ability|p2a: Sudowoodo|Sturdy\n|-damage|p2a: Sudowoodo|1\/100\n|move|p2a: Sudowoodo|Counter|p1a: Swampert\n|-damage|p1a: Swampert|0 fnt\n|faint|p1a: Swampert\n|\n|-weather|RainDance|[upkeep]\n|upkeep\n|\n|t:|1700224967\n|switch|p1a: Ditto|Ditto|100\/100\n|-transform|p1a: Ditto|p2a: Sudowoodo|[from] ability: Imposter\n|turn|11\n|c|\u2606ouxiaonengshou|0.0\n|-enditem|p2a: Sudowoodo|Custap Berry|[eat]\n|-activate|p2a: Sudowoodo|item: Custap Berry|[consumed]\n|\n|t:|1700224976\n|move|p2a: Sudowoodo|Explosion|p1a: Ditto\n|-resisted|p1a: Ditto\n|-damage|p1a: Ditto|54\/100\n|faint|p2a: Sudowoodo\n|move|p1a: Ditto|Explosion|p2: Sudowoodo|[notarget]\n|-fail|p1a: Ditto\n|faint|p1a: Ditto\n|\n|win|ouxiaonengshou\n|raw|Raj25's rating: 1116 &rarr; <strong>1097<\/strong><br \/>(-19 for losing)\n|raw|ouxiaonengshou's rating: 1203 &rarr; <strong>1222<\/strong><br \/>(+19 for winning)\n|l|\u2606Raj25\n","uploadtime":1700224990,"views":5,"p1id":"raj25","p2id":"ouxiaonengshou","formatid":"gen9nationaldex","rating":1097,"private":0,"password":""}