{"id":"gen9nationaldex-1992203154","p1":"Jandruxo","p2":"chilldrake110","format":"[Gen 9] National Dex","log":"|j|\u2606Jandruxo\n|j|\u2606chilldrake110\n|t:|1700163559\n|gametype|singles\n|player|p1|Jandruxo|102|\n|player|p2|chilldrake110|1|\n|teamsize|p1|6\n|teamsize|p2|6\n|gen|9\n|tier|[Gen 9] National Dex\n|rule|HP Percentage Mod: HP is shown in percentages\n|rule|Endless Battle Clause: Forcing endless battles is banned\n|rule|OHKO Clause: OHKO moves are banned\n|rule|Evasion Clause: Evasion abilities, items, and moves are banned\n|rule|Evasion Abilities Clause: Evasion abilities are banned\n|rule|Evasion Items Clause: Evasion items are banned\n|rule|Evasion Moves Clause: Evasion moves are banned\n|rule|Species Clause: Limit one of each Pok\u00e9mon\n|rule|Sleep Clause Mod: Limit one foe put to sleep\n|clearpoke\n|poke|p1|Samurott, F|\n|poke|p1|Krookodile, F|\n|poke|p1|Simisear, F|\n|poke|p1|Landorus-Therian, M|\n|poke|p1|Eelektross, M|\n|poke|p1|Conkeldurr, F|\n|poke|p2|Wyrdeer, M|\n|poke|p2|Sneasler, M|\n|poke|p2|Enamorus, F|\n|poke|p2|Typhlosion-Hisui, F|\n|poke|p2|Zoroark-Hisui, M|\n|poke|p2|Arcanine-Hisui, M|\n|teampreview\n|l|\u2606Jandruxo\n|player|p1|\n|j|\u2606Jandruxo\n|player|p1|Jandruxo|102\n|\n|t:|1700163751\n|start\n|switch|p1a: Conkeldurr|Conkeldurr, F, shiny|100\/100\n|switch|p2a: Wyrdeer|Wyrdeer, M, shiny|100\/100\n|-ability|p2a: Wyrdeer|Intimidate|boost\n|-unboost|p1a: Conkeldurr|atk|1\n|turn|1\n|l|\u2606Jandruxo\n|player|p1|\n|j|\u2606Jandruxo\n|player|p1|Jandruxo|102\n|l|\u2606Jandruxo\n|player|p1|\n|j|\u2606Jandruxo\n|player|p1|Jandruxo|102\n|l|\u2606Jandruxo\n|player|p1|\n|j|\u2606Jandruxo\n|player|p1|Jandruxo|102\n|l|\u2606Jandruxo\n|player|p1|\n|j| Dinumata\n|j|\u2606Jandruxo\n|player|p1|Jandruxo|102\n|j| Jose307505\n|\n|t:|1700164122\n|switch|p1a: Krookodile|Krookodile, F|100\/100\n|-ability|p1a: Krookodile|Intimidate|boost\n|-unboost|p2a: Wyrdeer|atk|1\n|move|p2a: Wyrdeer|Tera Blast|p1a: Krookodile\n|-damage|p1a: Krookodile|59\/100\n|\n|upkeep\n|turn|2\n|l|\u2606Jandruxo\n|player|p1|\n|j|\u2606Jandruxo\n|player|p1|Jandruxo|102\n|\n|t:|1700164179\n|move|p1a: Krookodile|Pursuit|p2a: Wyrdeer\n|-supereffective|p2a: Wyrdeer\n|-damage|p2a: Wyrdeer|46\/100\n|move|p2a: Wyrdeer|Tera Blast|p1a: Krookodile\n|-damage|p1a: Krookodile|14\/100\n|\n|-heal|p2a: Wyrdeer|53\/100|[from] item: Leftovers\n|upkeep\n|turn|3\n|inactive|Battle timer is ON: inactive players will automatically lose when time's up. (requested by chilldrake110)\n|l|\u2606Jandruxo\n|inactive|Jandruxo disconnected and has 300 seconds to reconnect!\n|player|p1|\n|j|\u2606Jandruxo\n|inactive|Jandruxo reconnected and has 275 seconds left.\n|player|p1|Jandruxo|102\n|inactive|Jandruxo has 270 seconds left.\n|\n|t:|1700164256\n|switch|p1a: Conkeldurr|Conkeldurr, F, shiny|100\/100\n|move|p2a: Wyrdeer|Tera Blast|p1a: Conkeldurr\n|-damage|p1a: Conkeldurr|66\/100\n|\n|-heal|p2a: Wyrdeer|59\/100|[from] item: Leftovers\n|-status|p1a: Conkeldurr|brn|[from] item: Flame Orb\n|upkeep\n|turn|4\n|\n|t:|1700164267\n|move|p1a: Conkeldurr|Mach Punch|p2a: Wyrdeer\n|-damage|p2a: Wyrdeer|24\/100\n|move|p2a: Wyrdeer|Stored Power|p1a: Conkeldurr\n|-supereffective|p1a: Conkeldurr\n|-damage|p1a: Conkeldurr|45\/100 brn\n|\n|-heal|p2a: Wyrdeer|30\/100|[from] item: Leftovers\n|-damage|p1a: Conkeldurr|39\/100 brn|[from] brn\n|upkeep\n|turn|5\n|\n|t:|1700164277\n|switch|p2a: Enamorus|Enamorus, F, shiny|100\/100\n|move|p1a: Conkeldurr|Mach Punch|p2a: Enamorus\n|-resisted|p2a: Enamorus\n|-damage|p2a: Enamorus|85\/100\n|\n|-damage|p1a: Conkeldurr|33\/100 brn|[from] brn\n|upkeep\n|turn|6\n|inactive|Jandruxo has 270 seconds left.\n|\n|t:|1700164318\n|move|p2a: Enamorus|Moonblast|p1a: Conkeldurr\n|-supereffective|p1a: Conkeldurr\n|-damage|p1a: Conkeldurr|0 fnt\n|faint|p1a: Conkeldurr\n|\n|upkeep\n|inactive|Jandruxo has 240 seconds left.\n|\n|t:|1700164351\n|switch|p1a: Eelektross|Eelektross, M, shiny|100\/100\n|turn|7\n|inactive|Jandruxo has 240 seconds left.\n|l| Jose307505\n|\n|t:|1700164371\n|move|p2a: Enamorus|Moonblast|p1a: Eelektross\n|-damage|p1a: Eelektross|64\/100\n|move|p1a: Eelektross|Coil|p1a: Eelektross\n|-boost|p1a: Eelektross|atk|1\n|-boost|p1a: Eelektross|def|1\n|-boost|p1a: Eelektross|accuracy|1\n|\n|-heal|p1a: Eelektross|70\/100|[from] item: Leftovers\n|upkeep\n|turn|8\n|j| Jose307505\n|inactive|chilldrake110 has 270 seconds left.\n|\n|t:|1700164414\n|switch|p2a: Wyrdeer|Wyrdeer, M, shiny|30\/100\n|-ability|p2a: Wyrdeer|Intimidate|boost\n|-unboost|p1a: Eelektross|atk|1\n|move|p1a: Eelektross|Thunder Punch|p2a: Wyrdeer\n|-damage|p2a: Wyrdeer|0 fnt\n|faint|p2a: Wyrdeer\n|\n|-heal|p1a: Eelektross|76\/100|[from] item: Leftovers\n|upkeep\n|inactive|chilldrake110 has 240 seconds left.\n|\n|t:|1700164430\n|switch|p2a: Arcanine|Arcanine-Hisui, M, shiny|100\/100\n|turn|9\n|inactive|chilldrake110 has 240 seconds left.\n|inactive|Jandruxo has 240 seconds left.\n|\n|t:|1700164471\n|move|p2a: Arcanine|Head Smash|p1a: Eelektross\n|-damage|p1a: Eelektross|20\/100\n|move|p1a: Eelektross|Drain Punch|p2a: Arcanine\n|-supereffective|p2a: Arcanine\n|-damage|p2a: Arcanine|53\/100\n|-heal|p1a: Eelektross|41\/100|[from] drain|[of] p2a: Arcanine\n|\n|-heal|p1a: Eelektross|47\/100|[from] item: Leftovers\n|upkeep\n|turn|10\n|\n|t:|1700164487\n|move|p2a: Arcanine|Head Smash|p1a: Eelektross\n|-damage|p1a: Eelektross|0 fnt\n|faint|p1a: Eelektross\n|\n|upkeep\n|\n|t:|1700164497\n|switch|p1a: Landorus|Landorus-Therian, M, shiny|100\/100\n|-ability|p1a: Landorus|Intimidate|boost\n|-unboost|p2a: Arcanine|atk|1\n|turn|11\n|inactive|Jandruxo has 210 seconds left.\n|\n|t:|1700164514\n|move|p2a: Arcanine|Head Smash|p1a: Landorus\n|-damage|p1a: Landorus|66\/100\n|-damage|p2a: Arcanine|36\/100|[from] item: Rocky Helmet|[of] p1a: Landorus\n|move|p1a: Landorus|Toxic|p2a: Arcanine\n|-status|p2a: Arcanine|tox\n|\n|-damage|p2a: Arcanine|30\/100 tox|[from] psn\n|upkeep\n|turn|12\n|inactive|Jandruxo has 210 seconds left.\n|\n|t:|1700164535\n|move|p1a: Landorus|Protect|p1a: Landorus\n|-singleturn|p1a: Landorus|Protect\n|move|p2a: Arcanine|Head Smash|p1a: Landorus\n|-activate|p1a: Landorus|move: Protect\n|\n|-damage|p2a: Arcanine|18\/100 tox|[from] psn\n|upkeep\n|turn|13\n|\n|t:|1700164550\n|switch|p1a: Krookodile|Krookodile, F|14\/100\n|-ability|p1a: Krookodile|Intimidate|boost\n|-unboost|p2a: Arcanine|atk|1\n|move|p2a: Arcanine|Head Smash|p1a: Krookodile\n|-resisted|p1a: Krookodile\n|-damage|p1a: Krookodile|0 fnt\n|faint|p1a: Krookodile\n|\n|-damage|p2a: Arcanine|0 fnt|[from] psn\n|faint|p2a: Arcanine\n|upkeep\n|\n|t:|1700164564\n|switch|p1a: Landorus|Landorus-Therian, M, shiny|66\/100\n|switch|p2a: Sneasler|Sneasler, M, shiny|100\/100\n|-ability|p1a: Landorus|Intimidate|boost\n|-unboost|p2a: Sneasler|atk|1\n|-enditem|p2a: Sneasler|White Herb\n|-clearnegativeboost|p2a: Sneasler|[silent]\n|turn|14\n|inactive|Jandruxo has 180 seconds left.\n|\n|t:|1700164594\n|move|p2a: Sneasler|Dire Claw|p1a: Landorus\n|-resisted|p1a: Landorus\n|-damage|p1a: Landorus|48\/100\n|-damage|p2a: Sneasler|84\/100|[from] item: Rocky Helmet|[of] p1a: Landorus\n|move|p1a: Landorus|Stealth Rock|p2a: Sneasler\n|-sidestart|p2: chilldrake110|move: Stealth Rock\n|\n|upkeep\n|turn|15\n|inactive|chilldrake110 has 240 seconds left.\n|\n|t:|1700164621\n|switch|p2a: Enamorus|Enamorus, F, shiny|85\/100\n|move|p1a: Landorus|U-turn|p2a: Enamorus\n|-resisted|p2a: Enamorus\n|-damage|p2a: Enamorus|76\/100\n|inactive|Jandruxo has 180 seconds left.\n|\n|t:|1700164641\n|switch|p1a: Samurott|Samurott, F|100\/100|[from] U-turn\n|\n|upkeep\n|turn|16\n|inactive|Jandruxo has 180 seconds left.\n|inactive|chilldrake110 has 240 seconds left.\n|\n|t:|1700164656\n|move|p2a: Enamorus|Moonblast|p1a: Samurott\n|-crit|p1a: Samurott\n|-damage|p1a: Samurott|0 fnt\n|faint|p1a: Samurott\n|\n|upkeep\n|\n|t:|1700164667\n|switch|p1a: Landorus|Landorus-Therian, M, shiny|48\/100\n|-ability|p1a: Landorus|Intimidate|boost\n|-unboost|p2a: Enamorus|atk|1\n|turn|17\n|\n|t:|1700164677\n|move|p2a: Enamorus|Moonblast|p1a: Landorus\n|-damage|p1a: Landorus|0 fnt\n|faint|p1a: Landorus\n|\n|upkeep\n|\n|t:|1700164683\n|switch|p1a: Simisear|Simisear, F|100\/100\n|turn|18\n|\n|t:|1700164702\n|move|p2a: Enamorus|Earth Power|p1a: Simisear\n|-supereffective|p1a: Simisear\n|-enditem|p1a: Simisear|Focus Sash\n|-damage|p1a: Simisear|1\/100\n|move|p1a: Simisear|Nasty Plot|p1a: Simisear\n|-boost|p1a: Simisear|spa|2\n|\n|upkeep\n|turn|19\n|\n|t:|1700164713\n|move|p2a: Enamorus|Earth Power|p1a: Simisear\n|-supereffective|p1a: Simisear\n|-damage|p1a: Simisear|0 fnt\n|faint|p1a: Simisear\n|\n|win|chilldrake110\n","uploadtime":1700164732,"views":9,"p1id":"jandruxo","p2id":"chilldrake110","formatid":"gen9nationaldex","rating":0,"private":0,"password":""}