{"id":"gen9nationaldex-1987523469","p1":"zxw000","p2":"ggagain","format":"[Gen 9] National Dex","log":"|j|\u2606zxw000\n|j|\u2606ggagain\n|t:|1699606237\n|gametype|singles\n|player|p1|zxw000|265|1408\n|player|p2|ggagain|2|1561\n|teamsize|p1|6\n|teamsize|p2|6\n|gen|9\n|tier|[Gen 9] National Dex\n|rated|\n|rule|HP Percentage Mod: HP is shown in percentages\n|rule|Endless Battle Clause: Forcing endless battles is banned\n|rule|OHKO Clause: OHKO moves are banned\n|rule|Evasion Clause: Evasion abilities, items, and moves are banned\n|rule|Evasion Abilities Clause: Evasion abilities are banned\n|rule|Evasion Items Clause: Evasion items are banned\n|rule|Evasion Moves Clause: Evasion moves are banned\n|rule|Species Clause: Limit one of each Pok\u00e9mon\n|rule|Sleep Clause Mod: Limit one foe put to sleep\n|clearpoke\n|poke|p1|Charizard, M|\n|poke|p1|Serperior, F|\n|poke|p1|Tyranitar, F|\n|poke|p1|Alomomola, F|\n|poke|p1|Great Tusk|\n|poke|p1|Aegislash, M|\n|poke|p2|Alomomola, M|\n|poke|p2|Zamazenta-*|\n|poke|p2|Ditto|\n|poke|p2|Victini|\n|poke|p2|Gliscor, F|\n|poke|p2|Goodra-Hisui, M|\n|teampreview\n|inactive|Battle timer is ON: inactive players will automatically lose when time's up. (requested by zxw000)\n|\n|t:|1699606263\n|start\n|switch|p1a: Tyranitar|Tyranitar, F|100\/100\n|switch|p2a: Victini|Victini|100\/100\n|-weather|Sandstorm|[from] ability: Sand Stream|[of] p1a: Tyranitar\n|turn|1\n|\n|t:|1699606280\n|move|p2a: Victini|U-turn|p1a: Tyranitar\n|-supereffective|p1a: Tyranitar\n|-damage|p1a: Tyranitar|69\/100\n|\n|t:|1699606283\n|switch|p2a: Alomomola|Alomomola, M|100\/100|[from] U-turn\n|move|p1a: Tyranitar|Knock Off|p2a: Alomomola\n|-damage|p2a: Alomomola|70\/100\n|-damage|p1a: Tyranitar|53\/100|[from] item: Rocky Helmet|[of] p2a: Alomomola\n|-enditem|p2a: Alomomola|Rocky Helmet|[from] move: Knock Off|[of] p1a: Tyranitar\n|\n|-weather|Sandstorm|[upkeep]\n|-damage|p2a: Alomomola|64\/100|[from] Sandstorm\n|-heal|p1a: Tyranitar|59\/100|[from] item: Leftovers\n|upkeep\n|turn|2\n|\n|t:|1699606294\n|switch|p1a: Aegislash|Aegislash, M|100\/100\n|move|p2a: Alomomola|Flip Turn|p1a: Aegislash\n|-damage|p1a: Aegislash|87\/100\n|\n|t:|1699606299\n|switch|p2a: Gliscor|Gliscor, F|100\/100|[from] Flip Turn\n|\n|-weather|Sandstorm|[upkeep]\n|-heal|p1a: Aegislash|93\/100|[from] item: Leftovers\n|-status|p2a: Gliscor|tox|[from] item: Toxic Orb\n|upkeep\n|turn|3\n|\n|t:|1699606318\n|switch|p1a: Alomomola|Alomomola, F|100\/100\n|move|p2a: Gliscor|Earthquake|p1a: Alomomola\n|-damage|p1a: Alomomola|85\/100\n|\n|-weather|Sandstorm|[upkeep]\n|-damage|p1a: Alomomola|78\/100|[from] Sandstorm\n|-heal|p1a: Alomomola|85\/100|[from] item: Leftovers\n|upkeep\n|turn|4\n|\n|t:|1699606327\n|switch|p2a: Goodra|Goodra-Hisui, M|100\/100\n|move|p1a: Alomomola|Wish|p1a: Alomomola\n|\n|-weather|Sandstorm|[upkeep]\n|-damage|p1a: Alomomola|78\/100|[from] Sandstorm\n|-heal|p1a: Alomomola|85\/100|[from] item: Leftovers\n|upkeep\n|turn|5\n|\n|t:|1699606334\n|switch|p1a: Great Tusk|Great Tusk|100\/100\n|move|p2a: Goodra|Flash Cannon|p1a: Great Tusk\n|-damage|p1a: Great Tusk|34\/100\n|\n|-weather|none\n|-heal|p1a: Great Tusk|100\/100|[from] move: Wish|[wisher] Alomomola\n|upkeep\n|turn|6\n|\n|t:|1699606347\n|switch|p2a: Alomomola|Alomomola, M|97\/100\n|move|p1a: Great Tusk|Rapid Spin|p2a: Alomomola\n|-damage|p2a: Alomomola|88\/100\n|-boost|p1a: Great Tusk|spe|1\n|\n|upkeep\n|turn|7\n|\n|t:|1699606354\n|-end|p1a: Great Tusk|Protosynthesis|[silent]\n|switch|p1a: Aegislash|Aegislash, M|93\/100\n|move|p2a: Alomomola|Knock Off|p1a: Aegislash\n|-supereffective|p1a: Aegislash\n|-damage|p1a: Aegislash|64\/100\n|-enditem|p1a: Aegislash|Leftovers|[from] move: Knock Off|[of] p2a: Alomomola\n|\n|upkeep\n|turn|8\n|\n|t:|1699606364\n|move|p2a: Alomomola|Flip Turn|p1a: Aegislash\n|-damage|p1a: Aegislash|51\/100\n|\n|t:|1699606367\n|switch|p2a: Gliscor|Gliscor, F|100\/100 tox|[from] Flip Turn\n|-formechange|p1a: Aegislash|Aegislash-Blade||[from] ability: Stance Change\n|move|p1a: Aegislash|Gyro Ball|p2a: Gliscor\n|-damage|p2a: Gliscor|78\/100 tox\n|\n|-heal|p2a: Gliscor|90\/100 tox|[from] ability: Poison Heal\n|upkeep\n|turn|9\n|\n|t:|1699606378\n|switch|p1a: Alomomola|Alomomola, F|100\/100\n|move|p2a: Gliscor|U-turn|p1a: Alomomola\n|-damage|p1a: Alomomola|93\/100\n|\n|t:|1699606384\n|switch|p2a: Goodra|Goodra-Hisui, M|100\/100|[from] U-turn\n|\n|-heal|p1a: Alomomola|99\/100|[from] item: Leftovers\n|upkeep\n|turn|10\n|\n|t:|1699606390\n|move|p1a: Alomomola|Wish|p1a: Alomomola\n|move|p2a: Goodra|Thunderbolt|p1a: Alomomola\n|-supereffective|p1a: Alomomola\n|-damage|p1a: Alomomola|23\/100\n|\n|-heal|p1a: Alomomola|29\/100|[from] item: Leftovers\n|upkeep\n|turn|11\n|\n|t:|1699606397\n|switch|p1a: Tyranitar|Tyranitar, F|59\/100\n|-weather|Sandstorm|[from] ability: Sand Stream|[of] p1a: Tyranitar\n|move|p2a: Goodra|Flash Cannon|p1a: Tyranitar\n|-supereffective|p1a: Tyranitar\n|-damage|p1a: Tyranitar|12\/100\n|\n|-weather|Sandstorm|[upkeep]\n|-heal|p1a: Tyranitar|78\/100|[from] move: Wish|[wisher] Alomomola\n|-heal|p1a: Tyranitar|85\/100|[from] item: Leftovers\n|upkeep\n|turn|12\n|\n|t:|1699606408\n|switch|p2a: Alomomola|Alomomola, M|100\/100\n|move|p1a: Tyranitar|Stealth Rock|p2a: Alomomola\n|-sidestart|p2: ggagain|move: Stealth Rock\n|\n|-weather|Sandstorm|[upkeep]\n|-damage|p2a: Alomomola|94\/100|[from] Sandstorm\n|-heal|p1a: Tyranitar|91\/100|[from] item: Leftovers\n|upkeep\n|turn|13\n|\n|t:|1699606420\n|move|p2a: Alomomola|Flip Turn|p1a: Tyranitar\n|-supereffective|p1a: Tyranitar\n|-damage|p1a: Tyranitar|67\/100\n|\n|t:|1699606430\n|switch|p2a: Zamazenta|Zamazenta|100\/100|[from] Flip Turn\n|-damage|p2a: Zamazenta|94\/100|[from] Stealth Rock\n|-ability|p2a: Zamazenta|Dauntless Shield|boost\n|-boost|p2a: Zamazenta|def|1\n|move|p1a: Tyranitar|Stone Edge|p2a: Zamazenta\n|-resisted|p2a: Zamazenta\n|-damage|p2a: Zamazenta|75\/100\n|\n|-weather|Sandstorm|[upkeep]\n|-damage|p2a: Zamazenta|69\/100|[from] Sandstorm\n|-heal|p1a: Tyranitar|73\/100|[from] item: Leftovers\n|upkeep\n|turn|14\n|\n|t:|1699606444\n|switch|p1a: Aegislash|Aegislash, M|51\/100\n|move|p2a: Zamazenta|Crunch|p1a: Aegislash\n|-supereffective|p1a: Aegislash\n|-damage|p1a: Aegislash|0 fnt\n|faint|p1a: Aegislash\n|\n|-weather|Sandstorm|[upkeep]\n|-damage|p2a: Zamazenta|63\/100|[from] Sandstorm\n|upkeep\n|\n|t:|1699606451\n|switch|p1a: Alomomola|Alomomola, F|62\/100\n|turn|15\n|\n|t:|1699606465\n|switch|p2a: Gliscor|Gliscor, F|90\/100 tox\n|-damage|p2a: Gliscor|78\/100 tox|[from] Stealth Rock\n|move|p1a: Alomomola|Toxic|p2a: Gliscor|[miss]\n|-miss|p1a: Alomomola|p2a: Gliscor\n|\n|-weather|none\n|-heal|p1a: Alomomola|69\/100|[from] item: Leftovers\n|-heal|p2a: Gliscor|90\/100 tox|[from] ability: Poison Heal\n|upkeep\n|turn|16\n|inactive|ggagain has 120 seconds left.\n|\n|t:|1699606513\n|move|p2a: Gliscor|Defog|p1a: Alomomola\n|-unboost|p1a: Alomomola|evasion|1\n|-sideend|p2: ggagain|Stealth Rock|[from] move: Defog|[of] p2a: Gliscor\n|move|p1a: Alomomola|Wish|p1a: Alomomola\n|\n|-heal|p1a: Alomomola|75\/100|[from] item: Leftovers\n|-heal|p2a: Gliscor|100\/100 tox|[from] ability: Poison Heal\n|upkeep\n|turn|17\n|\n|t:|1699606526\n|move|p1a: Alomomola|Protect|p1a: Alomomola\n|-singleturn|p1a: Alomomola|Protect\n|move|p2a: Gliscor|Toxic|p1a: Alomomola\n|-activate|p1a: Alomomola|move: Protect\n|\n|-heal|p1a: Alomomola|100\/100|[from] move: Wish|[wisher] Alomomola\n|upkeep\n|turn|18\n|\n|t:|1699606536\n|switch|p1a: Charizard|Charizard, M|100\/100\n|move|p2a: Gliscor|Toxic|p1a: Charizard\n|-status|p1a: Charizard|tox\n|\n|-damage|p1a: Charizard|94\/100 tox|[from] psn\n|upkeep\n|turn|19\n|\n|t:|1699606544\n|detailschange|p1a: Charizard|Charizard-Mega-Y, M\n|-mega|p1a: Charizard|Charizard|Charizardite Y\n|-weather|SunnyDay|[from] ability: Drought|[of] p1a: Charizard\n|move|p1a: Charizard|Weather Ball|p2a: Gliscor\n|-damage|p2a: Gliscor|21\/100 tox\n|move|p2a: Gliscor|U-turn|p1a: Charizard\n|-resisted|p1a: Charizard\n|-damage|p1a: Charizard|89\/100 tox\n|inactive|ggagain has 120 seconds left.\n|\n|t:|1699606555\n|switch|p2a: Victini|Victini|100\/100|[from] U-turn\n|\n|-weather|SunnyDay|[upkeep]\n|-damage|p1a: Charizard|77\/100 tox|[from] psn\n|upkeep\n|turn|20\n|\n|t:|1699606565\n|switch|p1a: Tyranitar|Tyranitar, F|73\/100\n|-weather|Sandstorm|[from] ability: Sand Stream|[of] p1a: Tyranitar\n|move|p2a: Victini|Bolt Strike|p1a: Tyranitar\n|-damage|p1a: Tyranitar|42\/100\n|-status|p1a: Tyranitar|par\n|\n|-weather|Sandstorm|[upkeep]\n|-damage|p2a: Victini|94\/100|[from] Sandstorm\n|-heal|p1a: Tyranitar|48\/100 par|[from] item: Leftovers\n|upkeep\n|turn|21\n|\n|t:|1699606574\n|-activate|p2a: Victini|move: Pursuit\n|move|p1a: Tyranitar|Pursuit|p2a: Victini|[from]Pursuit\n|-supereffective|p2a: Victini\n|-damage|p2a: Victini|0 fnt\n|faint|p2a: Victini\n|-hint|A Pokemon can't switch between when it runs out of HP and when it faints\n|\n|-weather|Sandstorm|[upkeep]\n|-heal|p1a: Tyranitar|54\/100 par|[from] item: Leftovers\n|upkeep\n|\n|t:|1699606583\n|switch|p2a: Zamazenta|Zamazenta|63\/100\n|turn|22\n|\n|t:|1699606589\n|switch|p1a: Alomomola|Alomomola, F|100\/100\n|move|p2a: Zamazenta|Close Combat|p1a: Alomomola\n|-damage|p1a: Alomomola|52\/100\n|-unboost|p2a: Zamazenta|def|1\n|-unboost|p2a: Zamazenta|spd|1\n|\n|-weather|Sandstorm|[upkeep]\n|-damage|p2a: Zamazenta|57\/100|[from] Sandstorm\n|-damage|p1a: Alomomola|46\/100|[from] Sandstorm\n|-heal|p1a: Alomomola|52\/100|[from] item: Leftovers\n|upkeep\n|turn|23\n|\n|t:|1699606600\n|switch|p2a: Alomomola|Alomomola, M|100\/100\n|move|p1a: Alomomola|Wish|p1a: Alomomola\n|\n|-weather|Sandstorm|[upkeep]\n|-damage|p2a: Alomomola|94\/100|[from] Sandstorm\n|-damage|p1a: Alomomola|46\/100|[from] Sandstorm\n|-heal|p1a: Alomomola|52\/100|[from] item: Leftovers\n|upkeep\n|turn|24\n|\n|t:|1699606608\n|move|p1a: Alomomola|Protect|p1a: Alomomola\n|-singleturn|p1a: Alomomola|Protect\n|move|p2a: Alomomola|Wish|p2a: Alomomola\n|\n|-weather|none\n|-heal|p1a: Alomomola|100\/100|[from] move: Wish|[wisher] Alomomola\n|upkeep\n|turn|25\n|\n|t:|1699606615\n|move|p1a: Alomomola|Wish|p1a: Alomomola\n|move|p2a: Alomomola|Flip Turn|p1a: Alomomola\n|-resisted|p1a: Alomomola\n|-damage|p1a: Alomomola|96\/100\n|\n|t:|1699606619\n|switch|p2a: Zamazenta|Zamazenta|57\/100|[from] Flip Turn\n|\n|-heal|p2a: Zamazenta|100\/100|[from] move: Wish|[wisher] Alomomola\n|-heal|p1a: Alomomola|100\/100|[from] item: Leftovers\n|upkeep\n|turn|26\n|\n|t:|1699606628\n|move|p2a: Zamazenta|Close Combat|p1a: Alomomola\n|-damage|p1a: Alomomola|52\/100\n|-unboost|p2a: Zamazenta|def|1\n|-unboost|p2a: Zamazenta|spd|1\n|move|p1a: Alomomola|Toxic|p2a: Zamazenta\n|-status|p2a: Zamazenta|tox\n|\n|-heal|p1a: Alomomola|100\/100|[from] move: Wish|[wisher] Alomomola\n|-damage|p2a: Zamazenta|94\/100 tox|[from] psn\n|upkeep\n|turn|27\n|\n|t:|1699606638\n|switch|p2a: Alomomola|Alomomola, M|100\/100\n|move|p1a: Alomomola|Wish|p1a: Alomomola\n|\n|upkeep\n|turn|28\n|\n|t:|1699606646\n|switch|p1a: Tyranitar|Tyranitar, F|54\/100 par\n|-weather|Sandstorm|[from] ability: Sand Stream|[of] p1a: Tyranitar\n|move|p2a: Alomomola|Wish|p2a: Alomomola\n|\n|-weather|Sandstorm|[upkeep]\n|-damage|p2a: Alomomola|94\/100|[from] Sandstorm\n|-heal|p1a: Tyranitar|100\/100 par|[from] move: Wish|[wisher] Alomomola\n|upkeep\n|turn|29\n|\n|t:|1699606655\n|move|p2a: Alomomola|Flip Turn|p1a: Tyranitar\n|-supereffective|p1a: Tyranitar\n|-damage|p1a: Tyranitar|77\/100 par\n|\n|t:|1699606667\n|switch|p2a: Zamazenta|Zamazenta|94\/100 tox|[from] Flip Turn\n|move|p1a: Tyranitar|Knock Off|p2a: Zamazenta\n|-resisted|p2a: Zamazenta\n|-damage|p2a: Zamazenta|69\/100 tox\n|-enditem|p2a: Zamazenta|Choice Band|[from] move: Knock Off|[of] p1a: Tyranitar\n|\n|-weather|Sandstorm|[upkeep]\n|-damage|p2a: Zamazenta|63\/100 tox|[from] Sandstorm\n|-heal|p2a: Zamazenta|100\/100 tox|[from] move: Wish|[wisher] Alomomola\n|-heal|p1a: Tyranitar|83\/100 par|[from] item: Leftovers\n|-damage|p2a: Zamazenta|94\/100 tox|[from] psn\n|upkeep\n|turn|30\n|\n|t:|1699606685\n|move|p2a: Zamazenta|Close Combat|p1a: Tyranitar\n|-supereffective|p1a: Tyranitar\n|-damage|p1a: Tyranitar|0 fnt\n|-unboost|p2a: Zamazenta|def|1\n|-unboost|p2a: Zamazenta|spd|1\n|faint|p1a: Tyranitar\n|\n|-weather|Sandstorm|[upkeep]\n|-damage|p2a: Zamazenta|88\/100 tox|[from] Sandstorm\n|-damage|p2a: Zamazenta|76\/100 tox|[from] psn\n|upkeep\n|\n|t:|1699606694\n|switch|p1a: Great Tusk|Great Tusk|100\/100\n|turn|31\n|\n|t:|1699606699\n|switch|p2a: Alomomola|Alomomola, M|100\/100\n|move|p1a: Great Tusk|Headlong Rush|p2a: Alomomola\n|-damage|p2a: Alomomola|64\/100\n|-unboost|p1a: Great Tusk|def|1\n|-unboost|p1a: Great Tusk|spd|1\n|\n|-weather|Sandstorm|[upkeep]\n|-damage|p2a: Alomomola|58\/100|[from] Sandstorm\n|upkeep\n|turn|32\n|\n|t:|1699606712\n|move|p1a: Great Tusk|Close Combat|p2a: Alomomola\n|-damage|p2a: Alomomola|25\/100\n|-unboost|p1a: Great Tusk|def|1\n|-unboost|p1a: Great Tusk|spd|1\n|move|p2a: Alomomola|Flip Turn|p1a: Great Tusk\n|-supereffective|p1a: Great Tusk\n|-damage|p1a: Great Tusk|52\/100\n|\n|t:|1699606725\n|switch|p2a: Ditto|Ditto|100\/100|[from] Flip Turn\n|-transform|p2a: Ditto|p1a: Great Tusk|[from] ability: Imposter\n|\n|-weather|none\n|upkeep\n|turn|33\n|\n|t:|1699606736\n|-end|p1a: Great Tusk|Protosynthesis|[silent]\n|switch|p1a: Serperior|Serperior, F|100\/100\n|move|p2a: Ditto|Close Combat|p1a: Serperior\n|-crit|p1a: Serperior\n|-damage|p1a: Serperior|0 fnt\n|-unboost|p2a: Ditto|def|1\n|-unboost|p2a: Ditto|spd|1\n|faint|p1a: Serperior\n|\n|upkeep\n|\n|t:|1699606742\n|switch|p1a: Charizard|Charizard-Mega-Y, M|77\/100 tox\n|-weather|SunnyDay|[from] ability: Drought|[of] p1a: Charizard\n|turn|34\n|\n|t:|1699606749\n|-end|p2a: Ditto|Protosynthesis|[silent]\n|switch|p2a: Gliscor|Gliscor, F|21\/100 tox\n|move|p1a: Charizard|Weather Ball|p2a: Gliscor\n|-damage|p2a: Gliscor|0 fnt\n|faint|p2a: Gliscor\n|\n|-weather|SunnyDay|[upkeep]\n|-damage|p1a: Charizard|71\/100 tox|[from] psn\n|upkeep\n|\n|t:|1699606756\n|switch|p2a: Zamazenta|Zamazenta|76\/100 tox\n|turn|35\n|\n|t:|1699606762\n|move|p2a: Zamazenta|Wild Charge|p1a: Charizard\n|-supereffective|p1a: Charizard\n|-damage|p1a: Charizard|0 fnt\n|faint|p1a: Charizard\n|-damage|p2a: Zamazenta|60\/100 tox|[from] Recoil\n|\n|-weather|SunnyDay|[upkeep]\n|-damage|p2a: Zamazenta|54\/100 tox|[from] psn\n|upkeep\n|\n|t:|1699606765\n|switch|p1a: Great Tusk|Great Tusk|52\/100\n|-activate|p1a: Great Tusk|ability: Protosynthesis\n|-start|p1a: Great Tusk|protosynthesisatk\n|turn|36\n|\n|t:|1699606771\n|switch|p2a: Alomomola|Alomomola, M|58\/100\n|-zpower|p1a: Great Tusk\n|move|p1a: Great Tusk|Continental Crush|p2a: Alomomola|[zeffect]\n|-damage|p2a: Alomomola|14\/100\n|\n|-weather|SunnyDay|[upkeep]\n|upkeep\n|turn|37\n|\n|t:|1699606781\n|move|p1a: Great Tusk|Close Combat|p2a: Alomomola\n|-damage|p2a: Alomomola|0 fnt\n|-unboost|p1a: Great Tusk|def|1\n|-unboost|p1a: Great Tusk|spd|1\n|faint|p2a: Alomomola\n|\n|-weather|SunnyDay|[upkeep]\n|upkeep\n|\n|t:|1699606788\n|switch|p2a: Ditto|Ditto|100\/100\n|-transform|p2a: Ditto|p1a: Great Tusk|[from] ability: Imposter\n|turn|38\n|\n|t:|1699606795\n|-end|p1a: Great Tusk|Protosynthesis|[silent]\n|switch|p1a: Alomomola|Alomomola, F|100\/100\n|move|p2a: Ditto|Close Combat|p1a: Alomomola\n|-damage|p1a: Alomomola|67\/100\n|-unboost|p2a: Ditto|def|1\n|-unboost|p2a: Ditto|spd|1\n|\n|-weather|none\n|-heal|p1a: Alomomola|73\/100|[from] item: Leftovers\n|upkeep\n|turn|39\n|\n|t:|1699606816\n|-end|p2a: Ditto|Protosynthesis|[silent]\n|switch|p2a: Goodra|Goodra-Hisui, M|100\/100\n|move|p1a: Alomomola|Wish|p1a: Alomomola\n|\n|-heal|p1a: Alomomola|79\/100|[from] item: Leftovers\n|upkeep\n|turn|40\n|\n|t:|1699606831\n|move|p1a: Alomomola|Flip Turn|p2a: Goodra\n|-resisted|p2a: Goodra\n|-damage|p2a: Goodra|93\/100\n|\n|t:|1699606834\n|switch|p1a: Great Tusk|Great Tusk|52\/100|[from] Flip Turn\n|move|p2a: Goodra|Ice Beam|p1a: Great Tusk\n|-supereffective|p1a: Great Tusk\n|-damage|p1a: Great Tusk|0 fnt\n|faint|p1a: Great Tusk\n|-end|p1a: Great Tusk|Protosynthesis|[silent]\n|\n|upkeep\n|\n|t:|1699606839\n|switch|p1a: Alomomola|Alomomola, F|100\/100\n|turn|41\n|-message|zxw000 forfeited.\n|\n|win|ggagain\n|raw|zxw000's rating: 1408 &rarr; <strong>1396<\/strong><br \/>(-12 for losing)\n|raw|ggagain's rating: 1561 &rarr; <strong>1573<\/strong><br \/>(+12 for winning)\n|l|\u2606zxw000\n","uploadtime":1699606847,"views":4,"p1id":"zxw000","p2id":"ggagain","formatid":"gen9nationaldex","rating":1396,"private":0,"password":""}