{"id":"gen9nationaldex-1993294841","p1":"zizhuzhaosheng","p2":"False Swipeing\u70b9\u8001\u5e08","format":"[Gen 9] National Dex","log":"|j|\u2606zizhuzhaosheng\n|j|\u2606False Swipeing\u70b9\u8001\u5e08\n|t:|1700292306\n|gametype|singles\n|player|p1|zizhuzhaosheng|archer|1612\n|player|p2|False Swipeing\u70b9\u8001\u5e08|2|1754\n|teamsize|p1|6\n|teamsize|p2|6\n|gen|9\n|tier|[Gen 9] National Dex\n|rated|\n|rule|HP Percentage Mod: HP is shown in percentages\n|rule|Endless Battle Clause: Forcing endless battles is banned\n|rule|OHKO Clause: OHKO moves are banned\n|rule|Evasion Clause: Evasion abilities, items, and moves are banned\n|rule|Evasion Abilities Clause: Evasion abilities are banned\n|rule|Evasion Items Clause: Evasion items are banned\n|rule|Evasion Moves Clause: Evasion moves are banned\n|rule|Species Clause: Limit one of each Pok\u00e9mon\n|rule|Sleep Clause Mod: Limit one foe put to sleep\n|clearpoke\n|poke|p1|Kommo-o, F|\n|poke|p1|Samurott-Hisui, M|\n|poke|p1|Ceruledge, F|\n|poke|p1|Scizor, F|\n|poke|p1|Tapu Lele|\n|poke|p1|Ting-Lu|\n|poke|p2|Hatterene, F|\n|poke|p2|Porygon2|\n|poke|p2|Cresselia, F|\n|poke|p2|Marowak-Alola, M|\n|poke|p2|Ursaluna, F|\n|poke|p2|Mawile, F|\n|teampreview\n|inactive|Battle timer is ON: inactive players will automatically lose when time's up. (requested by zizhuzhaosheng)\n|\n|t:|1700292338\n|start\n|switch|p1a: Samurott|Samurott-Hisui, M|100\/100\n|switch|p2a: Hatterene|Hatterene, F|100\/100\n|turn|1\n|\n|t:|1700292344\n|move|p1a: Samurott|Ceaseless Edge|p2a: Hatterene\n|-damage|p2a: Hatterene|61\/100\n|-sidestart|p2: False Swipeing\u70b9\u8001\u5e08|Spikes\n|move|p2a: Hatterene|Trick Room|p2a: Hatterene\n|-fieldstart|move: Trick Room|[of] p2a: Hatterene\n|\n|upkeep\n|turn|2\n|j| Skygirl3000\n|\n|t:|1700292349\n|switch|p1a: Scizor|Scizor, F|100\/100\n|move|p2a: Hatterene|Misty Explosion|p1a: Scizor\n|-resisted|p1a: Scizor\n|-damage|p1a: Scizor|70\/100\n|faint|p2a: Hatterene\n|\n|upkeep\n|\n|t:|1700292355\n|switch|p2a: Ursaluna|Ursaluna, F|100\/100\n|-damage|p2a: Ursaluna|88\/100|[from] Spikes\n|turn|3\n|\n|t:|1700292360\n|switch|p1a: Ceruledge|Ceruledge, F|100\/100\n|-item|p1a: Ceruledge|Air Balloon\n|move|p2a: Ursaluna|Earthquake|p1a: Ceruledge\n|-immune|p1a: Ceruledge\n|\n|-status|p2a: Ursaluna|brn|[from] item: Flame Orb\n|upkeep\n|turn|4\n|\n|t:|1700292368\n|switch|p2a: Porygon2|Porygon2|100\/100\n|-damage|p2a: Porygon2|88\/100|[from] Spikes\n|-ability|p2a: Porygon2|Download|boost\n|-boost|p2a: Porygon2|atk|1\n|move|p1a: Ceruledge|Poltergeist|p2a: Porygon2\n|-immune|p2a: Porygon2\n|\n|upkeep\n|turn|5\n|\n|t:|1700292380\n|switch|p1a: Ting-Lu|Ting-Lu|100\/100\n|-ability|p1a: Ting-Lu|Vessel of Ruin\n|move|p2a: Porygon2|Ice Beam|p1a: Ting-Lu\n|-supereffective|p1a: Ting-Lu\n|-damage|p1a: Ting-Lu|81\/100\n|\n|-heal|p1a: Ting-Lu|87\/100|[from] item: Leftovers\n|-fieldend|move: Trick Room\n|upkeep\n|turn|6\n|\n|t:|1700292384\n|switch|p2a: Mawile|Mawile, F|100\/100\n|-damage|p2a: Mawile|88\/100|[from] Spikes\n|-ability|p2a: Mawile|Intimidate|boost\n|-unboost|p1a: Ting-Lu|atk|1\n|move|p1a: Ting-Lu|Stealth Rock|p2a: Mawile\n|-sidestart|p2: False Swipeing\u70b9\u8001\u5e08|move: Stealth Rock\n|\n|-heal|p1a: Ting-Lu|93\/100|[from] item: Leftovers\n|upkeep\n|turn|7\n|\n|t:|1700292388\n|switch|p1a: Scizor|Scizor, F|70\/100\n|detailschange|p2a: Mawile|Mawile-Mega, F\n|-mega|p2a: Mawile|Mawile|Mawilite\n|move|p2a: Mawile|Play Rough|p1a: Scizor\n|-resisted|p1a: Scizor\n|-damage|p1a: Scizor|36\/100\n|-unboost|p1a: Scizor|atk|1\n|\n|upkeep\n|turn|8\n|\n|t:|1700292394\n|detailschange|p1a: Scizor|Scizor-Mega, F\n|-mega|p1a: Scizor|Scizor|Scizorite\n|move|p1a: Scizor|U-turn|p2a: Mawile\n|-resisted|p2a: Mawile\n|-damage|p2a: Mawile|83\/100\n|\n|t:|1700292398\n|switch|p1a: Ting-Lu|Ting-Lu|93\/100|[from] U-turn\n|-ability|p1a: Ting-Lu|Vessel of Ruin\n|move|p2a: Mawile|Swords Dance|p2a: Mawile\n|-boost|p2a: Mawile|atk|2\n|\n|-heal|p1a: Ting-Lu|99\/100|[from] item: Leftovers\n|upkeep\n|turn|9\n|\n|t:|1700292400\n|move|p1a: Ting-Lu|Earthquake|p2a: Mawile\n|-supereffective|p2a: Mawile\n|-damage|p2a: Mawile|7\/100\n|move|p2a: Mawile|Play Rough|p1a: Ting-Lu\n|-supereffective|p1a: Ting-Lu\n|-damage|p1a: Ting-Lu|0 fnt\n|faint|p1a: Ting-Lu\n|\n|upkeep\n|\n|t:|1700292406\n|switch|p1a: Samurott|Samurott-Hisui, M|100\/100\n|turn|10\n|j| xuxiansheng\n|\n|t:|1700292411\n|move|p2a: Mawile|Sucker Punch|p1a: Samurott\n|-resisted|p1a: Samurott\n|-damage|p1a: Samurott|47\/100\n|move|p1a: Samurott|Ceaseless Edge|p2a: Mawile\n|-resisted|p2a: Mawile\n|-damage|p2a: Mawile|0 fnt\n|-sidestart|p2: False Swipeing\u70b9\u8001\u5e08|Spikes\n|faint|p2a: Mawile\n|\n|upkeep\n|\n|t:|1700292423\n|switch|p2a: Cresselia|Cresselia, F|100\/100\n|-damage|p2a: Cresselia|88\/100|[from] Stealth Rock\n|turn|11\n|\n|t:|1700292427\n|move|p1a: Samurott|Ceaseless Edge|p2a: Cresselia\n|-supereffective|p2a: Cresselia\n|-damage|p2a: Cresselia|37\/100\n|-sidestart|p2: False Swipeing\u70b9\u8001\u5e08|Spikes\n|move|p2a: Cresselia|Trick Room|p2a: Cresselia\n|-fieldstart|move: Trick Room|[of] p2a: Cresselia\n|\n|upkeep\n|turn|12\n|\n|t:|1700292433\n|switch|p2a: Ursaluna|Ursaluna, F|88\/100 brn\n|-damage|p2a: Ursaluna|63\/100 brn|[from] Spikes\n|-damage|p2a: Ursaluna|57\/100 brn|[from] Stealth Rock\n|move|p1a: Samurott|Sucker Punch||[still]\n|-fail|p1a: Samurott\n|\n|-damage|p2a: Ursaluna|51\/100 brn|[from] brn\n|upkeep\n|turn|13\n|\n|t:|1700292438\n|switch|p2a: Marowak|Marowak-Alola, M|100\/100\n|-damage|p2a: Marowak|76\/100|[from] Spikes\n|-damage|p2a: Marowak|51\/100|[from] Stealth Rock\n|switch|p1a: Ceruledge|Ceruledge, F|100\/100\n|-item|p1a: Ceruledge|Air Balloon\n|\n|upkeep\n|turn|14\n|\n|t:|1700292442\n|switch|p1a: Scizor|Scizor-Mega, F|36\/100\n|move|p2a: Marowak|Poltergeist|p1a: Scizor\n|-activate|p1a: Scizor|move: Poltergeist|Scizorite\n|-damage|p1a: Scizor|0 fnt\n|faint|p1a: Scizor\n|\n|upkeep\n|\n|t:|1700292447\n|switch|p1a: Samurott|Samurott-Hisui, M|47\/100\n|turn|15\n|\n|t:|1700292454\n|switch|p2a: Porygon2|Porygon2|88\/100\n|-damage|p2a: Porygon2|63\/100|[from] Spikes\n|-damage|p2a: Porygon2|51\/100|[from] Stealth Rock\n|-ability|p2a: Porygon2|Download|boost\n|-boost|p2a: Porygon2|spa|1\n|move|p1a: Samurott|Ceaseless Edge|p2a: Porygon2\n|-damage|p2a: Porygon2|18\/100\n|\n|-fieldend|move: Trick Room\n|upkeep\n|turn|16\n|\n|t:|1700292457\n|move|p1a: Samurott|Sacred Sword|p2a: Porygon2\n|-supereffective|p2a: Porygon2\n|-damage|p2a: Porygon2|0 fnt\n|faint|p2a: Porygon2\n|\n|upkeep\n|-message|False Swipeing\u70b9\u8001\u5e08 forfeited.\n|\n|win|zizhuzhaosheng\n|raw|zizhuzhaosheng's rating: 1612 &rarr; <strong>1640<\/strong><br \/>(+28 for winning)\n|raw|False Swipeing\u70b9\u8001\u5e08's rating: 1754 &rarr; <strong>1726<\/strong><br \/>(-28 for losing)\n|l|\u2606False Swipeing\u70b9\u8001\u5e08\n","uploadtime":1700292461,"views":10,"p1id":"zizhuzhaosheng","p2id":"falseswipeing","formatid":"gen9nationaldex","rating":1640,"private":0,"password":""}