{"id":"gen9nationaldex-1994650231","p1":"Scojai Jehooxi","p2":"Ayyopanda","format":"[Gen 9] National Dex","log":"|html|<div class=\"broadcast-blue\"><strong>[Gen 9] National Dex is currently suspecting Sneasler! For information on how to participate check out the <a href=\"https:\/\/www.smogon.com\/forums\/threads\/sv-national-dex-suspect-8-just-dance.3731534\/\">suspect thread<\/a>.<\/strong><\/div>\n|j|\u2606Scojai Jehooxi\n|j|\u2606Ayyopanda\n|t:|1700475500\n|gametype|singles\n|player|p1|Scojai Jehooxi|elesa|\n|player|p2|Ayyopanda|larry|\n|teamsize|p1|6\n|teamsize|p2|6\n|gen|9\n|tier|[Gen 9] National Dex\n|rule|HP Percentage Mod: HP is shown in percentages\n|rule|Endless Battle Clause: Forcing endless battles is banned\n|rule|OHKO Clause: OHKO moves are banned\n|rule|Evasion Clause: Evasion abilities, items, and moves are banned\n|rule|Evasion Abilities Clause: Evasion abilities are banned\n|rule|Evasion Items Clause: Evasion items are banned\n|rule|Evasion Moves Clause: Evasion moves are banned\n|rule|Species Clause: Limit one of each Pok\u00e9mon\n|rule|Sleep Clause Mod: Limit one foe put to sleep\n|clearpoke\n|poke|p1|Zamazenta-*|\n|poke|p1|Goodra-Hisui, F|\n|poke|p1|Beedrill, M|\n|poke|p1|Toxapex, F|\n|poke|p1|Iron Jugulis|\n|poke|p1|Cresselia, F|\n|poke|p2|Iron Valiant|\n|poke|p2|Buzzwole|\n|poke|p2|Stakataka|\n|poke|p2|Xurkitree|\n|poke|p2|Zoroark-Hisui, M|\n|poke|p2|Smeargle, M|\n|teampreview\n|\n|t:|1700475588\n|start\n|switch|p1a: Hawaiian Gooner|Goodra-Hisui, F|100\/100\n|switch|p2a: The Reboot!|Iron Valiant|100\/100\n|turn|1\n|\n|t:|1700475603\n|move|p2a: The Reboot!|Close Combat|p1a: Hawaiian Gooner\n|-supereffective|p1a: Hawaiian Gooner\n|-damage|p1a: Hawaiian Gooner|0 fnt\n|-unboost|p2a: The Reboot!|def|1\n|-unboost|p2a: The Reboot!|spd|1\n|faint|p1a: Hawaiian Gooner\n|-damage|p2a: The Reboot!|91\/100|[from] item: Life Orb\n|\n|upkeep\n|\n|t:|1700475610\n|switch|p1a: Yue's Stand|Cresselia, F|100\/100\n|turn|2\n|\n|t:|1700475646\n|-terastallize|p2a: The Reboot!|Steel\n|move|p2a: The Reboot!|X-Scissor|p1a: Yue's Stand\n|-supereffective|p1a: Yue's Stand\n|-damage|p1a: Yue's Stand|57\/100\n|-damage|p2a: The Reboot!|81\/100|[from] item: Life Orb\n|move|p1a: Yue's Stand|Psychic|p2a: The Reboot!\n|-resisted|p2a: The Reboot!\n|-damage|p2a: The Reboot!|43\/100\n|\n|-heal|p1a: Yue's Stand|63\/100|[from] item: Leftovers\n|upkeep\n|turn|3\n|\n|t:|1700475705\n|move|p2a: The Reboot!|X-Scissor|p1a: Yue's Stand\n|-supereffective|p1a: Yue's Stand\n|-damage|p1a: Yue's Stand|22\/100\n|-damage|p2a: The Reboot!|34\/100|[from] item: Life Orb\n|move|p1a: Yue's Stand|Moonlight|p1a: Yue's Stand\n|-heal|p1a: Yue's Stand|72\/100\n|\n|-heal|p1a: Yue's Stand|78\/100|[from] item: Leftovers\n|upkeep\n|turn|4\n|\n|t:|1700475754\n|-end|p2a: The Reboot!|Quark Drive|[silent]\n|switch|p2a: Minecraft Steve|Stakataka|100\/100\n|switch|p1a: Border Patrol|Toxapex, F|100\/100\n|\n|upkeep\n|turn|5\n|\n|t:|1700475770\n|move|p1a: Border Patrol|Toxic Spikes|p2a: Minecraft Steve\n|-sidestart|p2: Ayyopanda|move: Toxic Spikes\n|move|p2a: Minecraft Steve|Iron Defense|p2a: Minecraft Steve\n|-boost|p2a: Minecraft Steve|def|2\n|\n|upkeep\n|turn|6\n|\n|t:|1700475777\n|move|p1a: Border Patrol|Knock Off|p2a: Minecraft Steve\n|-damage|p2a: Minecraft Steve|97\/100\n|-damage|p1a: Border Patrol|84\/100|[from] item: Rocky Helmet|[of] p2a: Minecraft Steve\n|-enditem|p2a: Minecraft Steve|Rocky Helmet|[from] move: Knock Off|[of] p1a: Border Patrol\n|move|p2a: Minecraft Steve|Iron Defense|p2a: Minecraft Steve\n|-boost|p2a: Minecraft Steve|def|2\n|\n|-heal|p1a: Border Patrol|90\/100|[from] item: Leftovers\n|upkeep\n|turn|7\n|\n|t:|1700475829\n|move|p1a: Border Patrol|Toxic Spikes|p2a: Minecraft Steve\n|-sidestart|p2: Ayyopanda|move: Toxic Spikes\n|move|p2a: Minecraft Steve|Trick Room|p2a: Minecraft Steve\n|-fieldstart|move: Trick Room|[of] p2a: Minecraft Steve\n|\n|-heal|p1a: Border Patrol|97\/100|[from] item: Leftovers\n|upkeep\n|turn|8\n|\n|t:|1700475836\n|move|p2a: Minecraft Steve|Iron Defense|p2a: Minecraft Steve\n|-boost|p2a: Minecraft Steve|def|2\n|move|p1a: Border Patrol|Scald|p2a: Minecraft Steve\n|-supereffective|p2a: Minecraft Steve\n|-damage|p2a: Minecraft Steve|60\/100\n|-status|p2a: Minecraft Steve|brn\n|\n|-heal|p1a: Border Patrol|100\/100|[from] item: Leftovers\n|-damage|p2a: Minecraft Steve|54\/100 brn|[from] brn\n|upkeep\n|turn|9\n|\n|t:|1700475846\n|move|p2a: Minecraft Steve|Body Press|p1a: Border Patrol\n|-resisted|p1a: Border Patrol\n|-damage|p1a: Border Patrol|70\/100\n|move|p1a: Border Patrol|Scald|p2a: Minecraft Steve\n|-supereffective|p2a: Minecraft Steve\n|-damage|p2a: Minecraft Steve|19\/100 brn\n|\n|-heal|p1a: Border Patrol|76\/100|[from] item: Leftovers\n|-damage|p2a: Minecraft Steve|13\/100 brn|[from] brn\n|upkeep\n|turn|10\n|\n|t:|1700475861\n|switch|p2a: Electro-Wizard|Xurkitree|100\/100\n|-status|p2a: Electro-Wizard|tox\n|move|p1a: Border Patrol|Scald|p2a: Electro-Wizard\n|-damage|p2a: Electro-Wizard|75\/100 tox\n|\n|-heal|p1a: Border Patrol|82\/100|[from] item: Leftovers\n|-damage|p2a: Electro-Wizard|69\/100 tox|[from] psn\n|upkeep\n|turn|11\n|\n|t:|1700475895\n|-terastallize|p1a: Border Patrol|Ground\n|move|p1a: Border Patrol|Knock Off|p2a: Electro-Wizard\n|-damage|p2a: Electro-Wizard|48\/100 tox\n|-enditem|p2a: Electro-Wizard|Focus Sash|[from] move: Knock Off|[of] p1a: Border Patrol\n|move|p2a: Electro-Wizard|Thunderbolt|p1a: Border Patrol\n|-immune|p1a: Border Patrol\n|\n|-heal|p1a: Border Patrol|89\/100|[from] item: Leftovers\n|-damage|p2a: Electro-Wizard|36\/100 tox|[from] psn\n|-fieldend|move: Trick Room\n|upkeep\n|turn|12\n|\n|t:|1700475906\n|move|p2a: Electro-Wizard|Energy Ball|p1a: Border Patrol\n|-supereffective|p1a: Border Patrol\n|-damage|p1a: Border Patrol|25\/100\n|move|p1a: Border Patrol|Scald|p2a: Electro-Wizard\n|-damage|p2a: Electro-Wizard|10\/100 tox\n|\n|-heal|p1a: Border Patrol|31\/100|[from] item: Leftovers\n|-damage|p2a: Electro-Wizard|0 fnt|[from] psn\n|faint|p2a: Electro-Wizard\n|upkeep\n|\n|t:|1700475915\n|switch|p2a: Minecraft Steve|Stakataka|13\/100 brn\n|turn|13\n|\n|t:|1700475931\n|move|p1a: Border Patrol|Recover|p1a: Border Patrol\n|-heal|p1a: Border Patrol|81\/100\n|move|p2a: Minecraft Steve|Body Press|p1a: Border Patrol\n|-damage|p1a: Border Patrol|66\/100\n|\n|-heal|p1a: Border Patrol|72\/100|[from] item: Leftovers\n|-damage|p2a: Minecraft Steve|7\/100 brn|[from] brn\n|upkeep\n|turn|14\n|\n|t:|1700475941\n|move|p1a: Border Patrol|Scald|p2a: Minecraft Steve\n|-supereffective|p2a: Minecraft Steve\n|-damage|p2a: Minecraft Steve|0 fnt\n|faint|p2a: Minecraft Steve\n|\n|-heal|p1a: Border Patrol|78\/100|[from] item: Leftovers\n|upkeep\n|\n|t:|1700475957\n|switch|p2a: I Don't Have Spore|Smeargle, M|100\/100\n|-status|p2a: I Don't Have Spore|tox\n|turn|15\n|\n|t:|1700475969\n|move|p2a: I Don't Have Spore|Spore|p1a: Border Patrol\n|-status|p1a: Border Patrol|slp|[from] move: Spore\n|cant|p1a: Border Patrol|slp\n|\n|-heal|p1a: Border Patrol|84\/100 slp|[from] item: Leftovers\n|-damage|p2a: I Don't Have Spore|94\/100 tox|[from] psn\n|upkeep\n|turn|16\n|\n|t:|1700475983\n|switch|p2a: Crash Bernstein|Buzzwole|100\/100\n|-status|p2a: Crash Bernstein|tox\n|-curestatus|p1a: Border Patrol|slp|[msg]\n|move|p1a: Border Patrol|Knock Off|p2a: Crash Bernstein\n|-resisted|p2a: Crash Bernstein\n|-damage|p2a: Crash Bernstein|96\/100 tox\n|-enditem|p2a: Crash Bernstein|Life Orb|[from] move: Knock Off|[of] p1a: Border Patrol\n|\n|-heal|p1a: Border Patrol|91\/100|[from] item: Leftovers\n|-damage|p2a: Crash Bernstein|90\/100 tox|[from] psn\n|upkeep\n|turn|17\n|\n|t:|1700476003\n|move|p2a: Crash Bernstein|Close Combat|p1a: Border Patrol\n|-damage|p1a: Border Patrol|40\/100\n|-unboost|p2a: Crash Bernstein|def|1\n|-unboost|p2a: Crash Bernstein|spd|1\n|move|p1a: Border Patrol|Scald|p2a: Crash Bernstein\n|-crit|p2a: Crash Bernstein\n|-damage|p2a: Crash Bernstein|37\/100 tox\n|\n|-heal|p1a: Border Patrol|47\/100|[from] item: Leftovers\n|-damage|p2a: Crash Bernstein|25\/100 tox|[from] psn\n|upkeep\n|turn|18\n|\n|t:|1700476026\n|switch|p1a: Yue's Stand|Cresselia, F|78\/100\n|move|p2a: Crash Bernstein|Close Combat|p1a: Yue's Stand\n|-resisted|p1a: Yue's Stand\n|-damage|p1a: Yue's Stand|58\/100\n|-unboost|p2a: Crash Bernstein|def|1\n|-unboost|p2a: Crash Bernstein|spd|1\n|\n|-heal|p1a: Yue's Stand|64\/100|[from] item: Leftovers\n|-damage|p2a: Crash Bernstein|6\/100 tox|[from] psn\n|upkeep\n|turn|19\n|\n|t:|1700476042\n|move|p1a: Yue's Stand|Calm Mind|p1a: Yue's Stand\n|-boost|p1a: Yue's Stand|spa|1\n|-boost|p1a: Yue's Stand|spd|1\n|move|p2a: Crash Bernstein|Leech Life|p1a: Yue's Stand\n|-supereffective|p1a: Yue's Stand\n|-damage|p1a: Yue's Stand|10\/100\n|-heal|p2a: Crash Bernstein|35\/100 tox|[from] drain|[of] p1a: Yue's Stand\n|\n|-heal|p1a: Yue's Stand|16\/100|[from] item: Leftovers\n|-damage|p2a: Crash Bernstein|10\/100 tox|[from] psn\n|upkeep\n|turn|20\n|\n|t:|1700476054\n|move|p1a: Yue's Stand|Moonlight|p1a: Yue's Stand\n|-heal|p1a: Yue's Stand|66\/100\n|move|p2a: Crash Bernstein|Leech Life|p1a: Yue's Stand\n|-supereffective|p1a: Yue's Stand\n|-damage|p1a: Yue's Stand|11\/100\n|-heal|p2a: Crash Bernstein|39\/100 tox|[from] drain|[of] p1a: Yue's Stand\n|\n|-heal|p1a: Yue's Stand|17\/100|[from] item: Leftovers\n|-damage|p2a: Crash Bernstein|8\/100 tox|[from] psn\n|upkeep\n|turn|21\n|\n|t:|1700476072\n|move|p1a: Yue's Stand|Moonlight|p1a: Yue's Stand\n|-heal|p1a: Yue's Stand|67\/100\n|move|p2a: Crash Bernstein|Leech Life|p1a: Yue's Stand\n|-supereffective|p1a: Yue's Stand\n|-damage|p1a: Yue's Stand|7\/100\n|-heal|p2a: Crash Bernstein|40\/100 tox|[from] drain|[of] p1a: Yue's Stand\n|\n|-heal|p1a: Yue's Stand|14\/100|[from] item: Leftovers\n|-damage|p2a: Crash Bernstein|3\/100 tox|[from] psn\n|upkeep\n|turn|22\n|\n|t:|1700476089\n|move|p1a: Yue's Stand|Psychic|p2a: Crash Bernstein\n|-supereffective|p2a: Crash Bernstein\n|-damage|p2a: Crash Bernstein|0 fnt\n|faint|p2a: Crash Bernstein\n|\n|-heal|p1a: Yue's Stand|20\/100|[from] item: Leftovers\n|upkeep\n|\n|t:|1700476097\n|switch|p2a: The Reboot!|Iron Valiant, tera:Steel|34\/100\n|turn|23\n|\n|t:|1700476105\n|move|p2a: The Reboot!|X-Scissor|p1a: Yue's Stand\n|-supereffective|p1a: Yue's Stand\n|-damage|p1a: Yue's Stand|0 fnt\n|faint|p1a: Yue's Stand\n|-damage|p2a: The Reboot!|24\/100|[from] item: Life Orb\n|\n|upkeep\n|\n|t:|1700476113\n|switch|p1a: Sif's Brother|Zamazenta|100\/100\n|-ability|p1a: Sif's Brother|Dauntless Shield|boost\n|-boost|p1a: Sif's Brother|def|1\n|turn|24\n|\n|t:|1700476119\n|move|p1a: Sif's Brother|Body Press|p2a: The Reboot!\n|-supereffective|p2a: The Reboot!\n|-damage|p2a: The Reboot!|0 fnt\n|faint|p2a: The Reboot!\n|-end|p2a: The Reboot!|Quark Drive|[silent]\n|\n|upkeep\n|\n|t:|1700476148\n|switch|p2a: I Don't Have Spore|Smeargle, M|100\/100\n|-status|p2a: I Don't Have Spore|tox\n|turn|25\n|\n|t:|1700476184\n|switch|p1a: Border Patrol|Toxapex, F, tera:Ground|80\/100\n|move|p2a: I Don't Have Spore|Hyper Voice|p1a: Border Patrol\n|-damage|p1a: Border Patrol|44\/100\n|\n|-heal|p1a: Border Patrol|50\/100|[from] item: Leftovers\n|-damage|p2a: I Don't Have Spore|95\/100 tox|[from] psn\n|upkeep\n|turn|26\n|\n|t:|1700476200\n|move|p2a: I Don't Have Spore|Nasty Plot|p2a: I Don't Have Spore\n|-boost|p2a: I Don't Have Spore|spa|2\n|move|p1a: Border Patrol|Recover|p1a: Border Patrol\n|-heal|p1a: Border Patrol|100\/100\n|\n|-damage|p2a: I Don't Have Spore|83\/100 tox|[from] psn\n|upkeep\n|turn|27\n|\n|t:|1700476211\n|move|p2a: I Don't Have Spore|Nasty Plot|p2a: I Don't Have Spore\n|-boost|p2a: I Don't Have Spore|spa|2\n|move|p1a: Border Patrol|Knock Off|p2a: I Don't Have Spore\n|-supereffective|p2a: I Don't Have Spore\n|-damage|p2a: I Don't Have Spore|29\/100 tox\n|replace|p2a: Job Application|Zoroark-Hisui, M, shiny\n|-end|p2a: Job Application|Illusion\n|-enditem|p2a: Job Application|Focus Sash|[from] move: Knock Off|[of] p1a: Border Patrol\n|\n|-damage|p2a: Job Application|11\/100 tox|[from] psn\n|upkeep\n|turn|28\n|\n|t:|1700476225\n|move|p2a: Job Application|Hyper Voice|p1a: Border Patrol\n|-damage|p1a: Border Patrol|0 fnt\n|faint|p1a: Border Patrol\n|\n|-damage|p2a: Job Application|0 fnt|[from] psn\n|faint|p2a: Job Application\n|upkeep\n|\n|t:|1700476233\n|switch|p2a: I Don't Have Spore|Smeargle, M|94\/100 tox\n|switch|p1a: Kyle Rittenhouse|Beedrill, M|100\/100\n|turn|29\n|\n|t:|1700476260\n|detailschange|p1a: Kyle Rittenhouse|Beedrill-Mega, M\n|-mega|p1a: Kyle Rittenhouse|Beedrill|Beedrillite\n|move|p1a: Kyle Rittenhouse|U-turn|p2a: I Don't Have Spore\n|-damage|p2a: I Don't Have Spore|0 fnt\n|faint|p2a: I Don't Have Spore\n|\n|win|Scojai Jehooxi\n|l|\u2606Ayyopanda\n","uploadtime":1700476272,"views":47,"p1id":"scojaijehooxi","p2id":"ayyopanda","formatid":"gen9nationaldex","rating":0,"private":0,"password":""}