{"id":"gen9nationaldex-1988107556","p1":"Leocrack57","p2":"lemmybro87","format":"[Gen 9] National Dex","log":"|j|\u2606Leocrack57\n|j|\u2606lemmybro87\n|t:|1699670437\n|gametype|singles\n|player|p1|Leocrack57|hilbert|1413\n|player|p2|lemmybro87|liza|1349\n|teamsize|p1|6\n|teamsize|p2|6\n|gen|9\n|tier|[Gen 9] National Dex\n|rated|\n|rule|HP Percentage Mod: HP is shown in percentages\n|rule|Endless Battle Clause: Forcing endless battles is banned\n|rule|OHKO Clause: OHKO moves are banned\n|rule|Evasion Clause: Evasion abilities, items, and moves are banned\n|rule|Evasion Abilities Clause: Evasion abilities are banned\n|rule|Evasion Items Clause: Evasion items are banned\n|rule|Evasion Moves Clause: Evasion moves are banned\n|rule|Species Clause: Limit one of each Pok\u00e9mon\n|rule|Sleep Clause Mod: Limit one foe put to sleep\n|clearpoke\n|poke|p1|Conkeldurr, M|\n|poke|p1|Kommo-o, M|\n|poke|p1|Pinsir, M|\n|poke|p1|Sneasler, M|\n|poke|p1|Sandy Shocks|\n|poke|p1|Metagross|\n|poke|p2|Feraligatr, M|\n|poke|p2|Victini|\n|poke|p2|Tapu Lele|\n|poke|p2|Rhyperior, M|\n|poke|p2|Tinkaton, F|\n|poke|p2|Scizor, F|\n|teampreview\n|\n|t:|1699670448\n|start\n|switch|p1a: Rockapelo|Sandy Shocks|100\/100\n|switch|p2a: Tinkaton|Tinkaton, F|100\/100\n|-ability|p2a: Tinkaton|Mold Breaker\n|turn|1\n|inactive|Battle timer is ON: inactive players will automatically lose when time's up. (requested by Leocrack57)\n|\n|t:|1699670455\n|move|p1a: Rockapelo|Earth Power|p2a: Tinkaton\n|-supereffective|p2a: Tinkaton\n|-damage|p2a: Tinkaton|1\/100\n|move|p2a: Tinkaton|Stealth Rock|p1a: Rockapelo\n|-sidestart|p1: Leocrack57|move: Stealth Rock\n|\n|upkeep\n|turn|2\n|\n|t:|1699670460\n|move|p1a: Rockapelo|Earth Power|p2a: Tinkaton\n|-supereffective|p2a: Tinkaton\n|-damage|p2a: Tinkaton|0 fnt\n|faint|p2a: Tinkaton\n|\n|upkeep\n|\n|t:|1699670468\n|switch|p2a: Bismark|Rhyperior, M|100\/100\n|turn|3\n|\n|t:|1699670473\n|move|p1a: Rockapelo|Earth Power|p2a: Bismark\n|-supereffective|p2a: Bismark\n|-damage|p2a: Bismark|36\/100\n|move|p2a: Bismark|Earthquake|p1a: Rockapelo\n|-supereffective|p1a: Rockapelo\n|-damage|p1a: Rockapelo|0 fnt\n|faint|p1a: Rockapelo\n|-end|p1a: Rockapelo|Protosynthesis|[silent]\n|\n|upkeep\n|\n|t:|1699670493\n|switch|p1a: Dave|Conkeldurr, M|100\/100\n|-damage|p1a: Dave|94\/100|[from] Stealth Rock\n|turn|4\n|\n|t:|1699670498\n|move|p1a: Dave|Drain Punch|p2a: Bismark\n|-supereffective|p2a: Bismark\n|-damage|p2a: Bismark|0 fnt\n|-heal|p1a: Dave|100\/100|[from] drain|[of] p2a: Bismark\n|faint|p2a: Bismark\n|\n|-status|p1a: Dave|brn|[from] item: Flame Orb\n|upkeep\n|\n|t:|1699670504\n|switch|p2a: spirit|Tapu Lele, shiny|100\/100\n|-fieldstart|move: Psychic Terrain|[from] ability: Psychic Surge|[of] p2a: spirit\n|turn|5\n|\n|t:|1699670517\n|switch|p1a: Dante|Metagross|100\/100\n|-damage|p1a: Dante|95\/100|[from] Stealth Rock\n|move|p2a: spirit|Psyshock|p1a: Dante\n|-resisted|p1a: Dante\n|-damage|p1a: Dante|82\/100\n|-damage|p2a: spirit|91\/100|[from] item: Life Orb\n|\n|upkeep\n|turn|6\n|\n|t:|1699670524\n|switch|p2a: Victory|Victini|100\/100\n|move|p1a: Dante|Iron Head|p2a: Victory\n|-resisted|p2a: Victory\n|-damage|p2a: Victory|79\/100\n|\n|upkeep\n|turn|7\n|\n|t:|1699670530\n|move|p2a: Victory|Flame Charge|p1a: Dante\n|-supereffective|p1a: Dante\n|-damage|p1a: Dante|36\/100\n|-boost|p2a: Victory|spe|1\n|move|p1a: Dante|Earthquake|p2a: Victory\n|-supereffective|p2a: Victory\n|-damage|p2a: Victory|0 fnt\n|faint|p2a: Victory\n|\n|upkeep\n|\n|t:|1699670535\n|switch|p2a: Saber|Feraligatr, M|100\/100\n|turn|8\n|\n|t:|1699670543\n|switch|p1a: Andr\u00e9s|Sneasler, M|100\/100\n|-damage|p1a: Andr\u00e9s|95\/100|[from] Stealth Rock\n|move|p2a: Saber|Dragon Dance|p2a: Saber\n|-boost|p2a: Saber|atk|1\n|-boost|p2a: Saber|spe|1\n|\n|upkeep\n|turn|9\n|\n|t:|1699670548\n|move|p1a: Andr\u00e9s|Fake Out|p2a: Saber\n|-activate|p2a: Saber|move: Psychic Terrain\n|move|p2a: Saber|Liquidation|p1a: Andr\u00e9s\n|-damage|p1a: Andr\u00e9s|0 fnt\n|faint|p1a: Andr\u00e9s\n|\n|-fieldend|move: Psychic Terrain\n|upkeep\n|\n|t:|1699670560\n|switch|p1a: Dave|Conkeldurr, M|100\/100 brn\n|-damage|p1a: Dave|94\/100 brn|[from] Stealth Rock\n|turn|10\n|\n|t:|1699670564\n|move|p2a: Saber|Liquidation|p1a: Dave\n|-damage|p1a: Dave|0 fnt\n|faint|p1a: Dave\n|\n|upkeep\n|\n|t:|1699670574\n|switch|p1a: Marcos|Kommo-o, M|100\/100\n|-damage|p1a: Marcos|94\/100|[from] Stealth Rock\n|turn|11\n|\n|t:|1699670581\n|-terastallize|p2a: Saber|Grass\n|move|p2a: Saber|Dragon Dance|p2a: Saber\n|-boost|p2a: Saber|atk|1\n|-boost|p2a: Saber|spe|1\n|move|p1a: Marcos|Clanging Scales|p2a: Saber\n|-damage|p2a: Saber|42\/100\n|-unboost|p1a: Marcos|def|1\n|-enditem|p1a: Marcos|Throat Spray\n|-boost|p1a: Marcos|spa|1|[from] item: Throat Spray\n|\n|upkeep\n|turn|12\n|\n|t:|1699670593\n|switch|p1a: Dante|Metagross|36\/100\n|-damage|p1a: Dante|30\/100|[from] Stealth Rock\n|move|p2a: Saber|Liquidation|p1a: Dante\n|-damage|p1a: Dante|0 fnt\n|faint|p1a: Dante\n|\n|upkeep\n|\n|t:|1699670599\n|switch|p1a: Drake|Pinsir, M|100\/100\n|-damage|p1a: Drake|76\/100|[from] Stealth Rock\n|turn|13\n|\n|t:|1699670603\n|move|p1a: Drake|Quick Attack|p2a: Saber\n|-damage|p2a: Saber|26\/100\n|move|p2a: Saber|Liquidation|p1a: Drake\n|-damage|p1a: Drake|0 fnt\n|faint|p1a: Drake\n|\n|upkeep\n|-message|Leocrack57 forfeited.\n|\n|win|lemmybro87\n|raw|Leocrack57's rating: 1413 &rarr; <strong>1389<\/strong><br \/>(-24 for losing)\n|raw|lemmybro87's rating: 1349 &rarr; <strong>1373<\/strong><br \/>(+24 for winning)\n|l|\u2606Leocrack57\n","uploadtime":1699670618,"views":12,"p1id":"leocrack57","p2id":"lemmybro87","formatid":"gen9nationaldex","rating":1373,"private":0,"password":""}