{"id":"gen9nationaldex-1994658967","p1":"NDSNEZ qianqian","p2":"amos25","format":"[Gen 9] National Dex","log":"|html|<div class=\"broadcast-blue\"><strong>[Gen 9] National Dex is currently suspecting Sneasler! For information on how to participate check out the <a href=\"https:\/\/www.smogon.com\/forums\/threads\/sv-national-dex-suspect-8-just-dance.3731534\/\">suspect thread<\/a>.<\/strong><\/div>\n|j|\u2606NDSNEZ qianqian\n|j|\u2606amos25\n|t:|1700476875\n|gametype|singles\n|player|p1|NDSNEZ qianqian|acerola|1396\n|player|p2|amos25|whitney|1399\n|teamsize|p1|6\n|teamsize|p2|6\n|gen|9\n|tier|[Gen 9] National Dex\n|rated|\n|rule|HP Percentage Mod: HP is shown in percentages\n|rule|Endless Battle Clause: Forcing endless battles is banned\n|rule|OHKO Clause: OHKO moves are banned\n|rule|Evasion Clause: Evasion abilities, items, and moves are banned\n|rule|Evasion Abilities Clause: Evasion abilities are banned\n|rule|Evasion Items Clause: Evasion items are banned\n|rule|Evasion Moves Clause: Evasion moves are banned\n|rule|Species Clause: Limit one of each Pok\u00e9mon\n|rule|Sleep Clause Mod: Limit one foe put to sleep\n|clearpoke\n|poke|p1|Tapu Lele|\n|poke|p1|Moltres|\n|poke|p1|Urshifu-*, M|\n|poke|p1|Banette, M|\n|poke|p1|Kommo-o, M|\n|poke|p1|Landorus-Therian, M|\n|poke|p2|Ferrothorn, F|\n|poke|p2|Jellicent, M|\n|poke|p2|Heatran, F|\n|poke|p2|Zapdos|\n|poke|p2|Kyurem|\n|poke|p2|Landorus-Therian, M|\n|teampreview\n|inactive|Battle timer is ON: inactive players will automatically lose when time's up. (requested by NDSNEZ qianqian)\n|\n|t:|1700476893\n|start\n|switch|p1a: Kommo-o|Kommo-o, M|100\/100\n|switch|p2a: Landorus|Landorus-Therian, M|100\/100\n|-ability|p2a: Landorus|Intimidate|boost\n|-unboost|p1a: Kommo-o|atk|1\n|turn|1\n|\n|t:|1700476903\n|-zpower|p1a: Kommo-o\n|move|p1a: Kommo-o|Clangorous Soulblaze|p2a: Landorus|[zeffect]\n|-damage|p2a: Landorus|0 fnt\n|faint|p2a: Landorus\n|-boost|p1a: Kommo-o|atk|1\n|-boost|p1a: Kommo-o|def|1\n|-boost|p1a: Kommo-o|spa|1\n|-boost|p1a: Kommo-o|spd|1\n|-boost|p1a: Kommo-o|spe|1\n|\n|upkeep\n|\n|t:|1700476913\n|switch|p2a: Ferrothorn|Ferrothorn, F|100\/100\n|turn|2\n|\n|t:|1700476917\n|-terastallize|p2a: Ferrothorn|Fairy\n|move|p1a: Kommo-o|Flamethrower|p2a: Ferrothorn\n|-damage|p2a: Ferrothorn|72\/100\n|move|p2a: Ferrothorn|Leech Seed|p1a: Kommo-o\n|-start|p1a: Kommo-o|move: Leech Seed\n|\n|-heal|p2a: Ferrothorn|78\/100|[from] item: Leftovers\n|-damage|p1a: Kommo-o|88\/100|[from] Leech Seed|[of] p2a: Ferrothorn\n|-heal|p2a: Ferrothorn|88\/100|[silent]\n|upkeep\n|turn|3\n|\n|t:|1700476933\n|move|p1a: Kommo-o|Flash Cannon|p2a: Ferrothorn\n|-supereffective|p2a: Ferrothorn\n|-damage|p2a: Ferrothorn|37\/100\n|move|p2a: Ferrothorn|Power Whip|p1a: Kommo-o\n|-resisted|p1a: Kommo-o\n|-damage|p1a: Kommo-o|74\/100\n|\n|-heal|p2a: Ferrothorn|43\/100|[from] item: Leftovers\n|-damage|p1a: Kommo-o|61\/100|[from] Leech Seed|[of] p2a: Ferrothorn\n|-heal|p2a: Ferrothorn|53\/100|[silent]\n|upkeep\n|turn|4\n|\n|t:|1700476944\n|switch|p2a: Jellicent|Jellicent, M, shiny|100\/100\n|move|p1a: Kommo-o|Flash Cannon|p2a: Jellicent\n|-resisted|p2a: Jellicent\n|-damage|p2a: Jellicent|85\/100\n|\n|-heal|p2a: Jellicent|91\/100|[from] item: Leftovers\n|-damage|p1a: Kommo-o|49\/100|[from] Leech Seed|[of] p2a: Jellicent\n|-heal|p2a: Jellicent|99\/100|[silent]\n|upkeep\n|turn|5\n|\n|t:|1700476953\n|move|p1a: Kommo-o|Clanging Scales|p2a: Jellicent\n|-damage|p2a: Jellicent|35\/100\n|-unboost|p1a: Kommo-o|def|1\n|move|p2a: Jellicent|Will-O-Wisp|p1a: Kommo-o\n|-status|p1a: Kommo-o|brn\n|\n|-heal|p2a: Jellicent|41\/100|[from] item: Leftovers\n|-damage|p1a: Kommo-o|37\/100 brn|[from] Leech Seed|[of] p2a: Jellicent\n|-heal|p2a: Jellicent|50\/100|[silent]\n|-damage|p1a: Kommo-o|31\/100 brn|[from] brn\n|upkeep\n|turn|6\n|\n|t:|1700476967\n|switch|p2a: Ferrothorn|Ferrothorn, F, tera:Fairy|53\/100\n|move|p1a: Kommo-o|Flash Cannon|p2a: Ferrothorn\n|-supereffective|p2a: Ferrothorn\n|-damage|p2a: Ferrothorn|3\/100\n|\n|-heal|p2a: Ferrothorn|9\/100|[from] item: Leftovers\n|-damage|p1a: Kommo-o|18\/100 brn|[from] Leech Seed|[of] p2a: Ferrothorn\n|-heal|p2a: Ferrothorn|20\/100|[silent]\n|-damage|p1a: Kommo-o|12\/100 brn|[from] brn\n|upkeep\n|turn|7\n|\n|t:|1700476982\n|move|p1a: Kommo-o|Flamethrower|p2a: Ferrothorn\n|-damage|p2a: Ferrothorn|0 fnt\n|faint|p2a: Ferrothorn\n|\n|-damage|p1a: Kommo-o|6\/100 brn|[from] brn\n|upkeep\n|\n|t:|1700476995\n|switch|p2a: Heatran|Heatran, F|100\/100\n|turn|8\n|\n|t:|1700476998\n|move|p1a: Kommo-o|Close Combat|p2a: Heatran\n|-supereffective|p2a: Heatran\n|-damage|p2a: Heatran|64\/100\n|-unboost|p1a: Kommo-o|def|1\n|-unboost|p1a: Kommo-o|spd|1\n|move|p2a: Heatran|Stealth Rock|p1a: Kommo-o\n|-sidestart|p1: NDSNEZ qianqian|move: Stealth Rock\n|\n|-heal|p2a: Heatran|70\/100|[from] item: Leftovers\n|-damage|p1a: Kommo-o|0 fnt|[from] Leech Seed|[of] p2a: Heatran\n|-heal|p2a: Heatran|74\/100|[silent]\n|faint|p1a: Kommo-o\n|upkeep\n|\n|t:|1700477010\n|switch|p1a: Landorus|Landorus-Therian, M|100\/100\n|-damage|p1a: Landorus|88\/100|[from] Stealth Rock\n|-ability|p1a: Landorus|Intimidate|boost\n|-unboost|p2a: Heatran|atk|1\n|turn|9\n|\n|t:|1700477018\n|switch|p2a: Zapdos|Zapdos, shiny|100\/100\n|move|p1a: Landorus|Earthquake|p2a: Zapdos\n|-immune|p2a: Zapdos\n|\n|upkeep\n|turn|10\n|\n|t:|1700477025\n|move|p2a: Zapdos|Hurricane|p1a: Landorus\n|-damage|p1a: Landorus|58\/100\n|move|p1a: Landorus|Stone Edge|p2a: Zapdos\n|-supereffective|p2a: Zapdos\n|-damage|p2a: Zapdos|38\/100\n|\n|upkeep\n|turn|11\n|\n|t:|1700477039\n|move|p2a: Zapdos|Roost|p2a: Zapdos\n|-heal|p2a: Zapdos|88\/100\n|-singleturn|p2a: Zapdos|move: Roost\n|move|p1a: Landorus|Earthquake|p2a: Zapdos\n|-supereffective|p2a: Zapdos\n|-damage|p2a: Zapdos|0 fnt\n|faint|p2a: Zapdos\n|\n|upkeep\n|\n|t:|1700477045\n|switch|p2a: Kyurem|Kyurem, shiny|100\/100\n|-ability|p2a: Kyurem|Pressure\n|turn|12\n|\n|t:|1700477052\n|-terastallize|p1a: Landorus|Dark\n|move|p2a: Kyurem|Freeze-Dry|p1a: Landorus\n|-damage|p1a: Landorus|34\/100\n|move|p1a: Landorus|Stone Edge|p2a: Kyurem|[miss]\n|-miss|p1a: Landorus|p2a: Kyurem\n|\n|upkeep\n|turn|13\n|\n|t:|1700477061\n|move|p2a: Kyurem|Substitute|p2a: Kyurem\n|-start|p2a: Kyurem|Substitute\n|-damage|p2a: Kyurem|76\/100\n|move|p1a: Landorus|Stone Edge|p2a: Kyurem\n|-supereffective|p2a: Kyurem\n|-end|p2a: Kyurem|Substitute\n|\n|upkeep\n|turn|14\n|\n|t:|1700477070\n|move|p2a: Kyurem|Substitute|p2a: Kyurem\n|-start|p2a: Kyurem|Substitute\n|-damage|p2a: Kyurem|51\/100\n|move|p1a: Landorus|Knock Off|p2a: Kyurem\n|-end|p2a: Kyurem|Substitute\n|\n|upkeep\n|turn|15\n|\n|t:|1700477076\n|move|p2a: Kyurem|Freeze-Dry|p1a: Landorus\n|-damage|p1a: Landorus|7\/100\n|move|p1a: Landorus|Knock Off|p2a: Kyurem\n|-damage|p2a: Kyurem|0 fnt\n|-enditem|p2a: Kyurem|Heavy-Duty Boots|[from] move: Knock Off|[of] p1a: Landorus\n|faint|p2a: Kyurem\n|\n|upkeep\n|\n|t:|1700477079\n|switch|p2a: Heatran|Heatran, F|74\/100\n|turn|16\n|-message|amos25 forfeited.\n|\n|win|NDSNEZ qianqian\n|raw|NDSNEZ qianqian's rating: 1396 &rarr; <strong>1416<\/strong><br \/>(+20 for winning)\n|raw|amos25's rating: 1399 &rarr; <strong>1379<\/strong><br \/>(-20 for losing)\n|l|\u2606amos25\n","uploadtime":1700477092,"views":14,"p1id":"ndsnezqianqian","p2id":"amos25","formatid":"gen9nationaldex","rating":1379,"private":0,"password":""}