{"id":"gen9nationaldex-1987949341","p1":"KingoftheTitans","p2":"nerdZ","format":"[Gen 9] National Dex","log":"|j|\u2606KingoftheTitans\n|j|\u2606nerdZ\n|t:|1699652211\n|gametype|singles\n|player|p1|KingoftheTitans|2|1423\n|player|p2|nerdZ|169|1459\n|teamsize|p1|6\n|teamsize|p2|6\n|gen|9\n|tier|[Gen 9] National Dex\n|rated|\n|rule|HP Percentage Mod: HP is shown in percentages\n|rule|Endless Battle Clause: Forcing endless battles is banned\n|rule|OHKO Clause: OHKO moves are banned\n|rule|Evasion Clause: Evasion abilities, items, and moves are banned\n|rule|Evasion Abilities Clause: Evasion abilities are banned\n|rule|Evasion Items Clause: Evasion items are banned\n|rule|Evasion Moves Clause: Evasion moves are banned\n|rule|Species Clause: Limit one of each Pok\u00e9mon\n|rule|Sleep Clause Mod: Limit one foe put to sleep\n|clearpoke\n|poke|p1|Snorlax, M|\n|poke|p1|Dragonite, F|\n|poke|p1|Gyarados, F|\n|poke|p1|Gengar, M|\n|poke|p1|Blastoise, M|\n|poke|p1|Alakazam, M|\n|poke|p2|Charizard, M|\n|poke|p2|Great Tusk|\n|poke|p2|Heatran, F|\n|poke|p2|Rotom-Wash|\n|poke|p2|Garchomp, F|\n|poke|p2|Tapu Lele|\n|teampreview\n|inactive|Battle timer is ON: inactive players will automatically lose when time's up. (requested by nerdZ)\n|c|\u2606KingoftheTitans|Oh it's you again\n|c|\u2606KingoftheTitans|Hi\n|c|\u2606nerdZ|hello there\n|\n|t:|1699652228\n|start\n|switch|p1a: Snorlax|Snorlax, M|100\/100\n|switch|p2a: Heatran|Heatran, F|100\/100\n|turn|1\n|\n|t:|1699652233\n|move|p2a: Heatran|Magma Storm|p1a: Snorlax\n|-damage|p1a: Snorlax|74\/100\n|-activate|p1a: Snorlax|move: Magma Storm|[of] p2a: Heatran\n|move|p1a: Snorlax|Earthquake|p2a: Heatran\n|-supereffective|p2a: Heatran\n|-damage|p2a: Heatran|0 fnt\n|faint|p2a: Heatran\n|\n|-end|p1a: Snorlax|Magma Storm|[partiallytrapped]|[silent]\n|upkeep\n|c|\u2606nerdZ|dang\n|j| Bayern72915\n|c|\u2606KingoftheTitans|Uh...\n|\n|t:|1699652245\n|switch|p2a: Rotom|Rotom-Wash|100\/100\n|turn|2\n|\n|t:|1699652249\n|move|p2a: Rotom|Will-O-Wisp|p1a: Snorlax\n|-status|p1a: Snorlax|brn\n|move|p1a: Snorlax|Body Slam|p2a: Rotom\n|-damage|p2a: Rotom|83\/100\n|\n|-heal|p2a: Rotom|89\/100|[from] item: Leftovers\n|-damage|p1a: Snorlax|67\/100 brn|[from] brn\n|upkeep\n|turn|3\n|c|\u2606KingoftheTitans|Oh\n|\n|t:|1699652258\n|move|p2a: Rotom|Volt Switch|p1a: Snorlax\n|-damage|p1a: Snorlax|51\/100 brn\n|\n|t:|1699652261\n|switch|p2a: Charizard|Charizard, M, shiny|100\/100|[from] Volt Switch\n|move|p1a: Snorlax|Body Slam|p2a: Charizard\n|-damage|p2a: Charizard|72\/100\n|\n|-damage|p1a: Snorlax|45\/100 brn|[from] brn\n|upkeep\n|-enditem|p1a: Snorlax|Aguav Berry|[eat]\n|-heal|p1a: Snorlax|78\/100 brn|[from] item: Aguav Berry\n|turn|4\n|\n|t:|1699652270\n|switch|p2a: Great Tusk|Great Tusk|100\/100\n|move|p1a: Snorlax|Body Slam|p2a: Great Tusk\n|-damage|p2a: Great Tusk|86\/100\n|\n|-damage|p1a: Snorlax|72\/100 brn|[from] brn\n|upkeep\n|turn|5\n|\n|t:|1699652277\n|move|p2a: Great Tusk|Close Combat|p1a: Snorlax\n|-supereffective|p1a: Snorlax\n|-damage|p1a: Snorlax|0 fnt\n|-unboost|p2a: Great Tusk|def|1\n|-unboost|p2a: Great Tusk|spd|1\n|faint|p1a: Snorlax\n|\n|upkeep\n|\n|t:|1699652300\n|switch|p1a: Alakazam|Alakazam, M|100\/100\n|turn|6\n|\n|t:|1699652304\n|-end|p2a: Great Tusk|Protosynthesis|[silent]\n|switch|p2a: Rotom|Rotom-Wash|89\/100\n|move|p1a: Alakazam|Psychic|p2a: Rotom\n|-crit|p2a: Rotom\n|-damage|p2a: Rotom|0 fnt\n|faint|p2a: Rotom\n|\n|upkeep\n|\n|t:|1699652315\n|switch|p2a: Garchomp|Garchomp, F|100\/100\n|turn|7\n|\n|t:|1699652324\n|switch|p1a: Dragonite|Dragonite, F|100\/100\n|move|p2a: Garchomp|Scale Shot|p1a: Dragonite\n|-supereffective|p1a: Dragonite\n|-damage|p1a: Dragonite|86\/100\n|-supereffective|p1a: Dragonite\n|-damage|p1a: Dragonite|58\/100\n|-supereffective|p1a: Dragonite\n|-damage|p1a: Dragonite|30\/100\n|-hitcount|p1a: Dragonite|3\n|-unboost|p2a: Garchomp|def|1\n|-boost|p2a: Garchomp|spe|1\n|\n|-heal|p1a: Dragonite|36\/100|[from] item: Leftovers\n|upkeep\n|turn|8\n|\n|t:|1699652337\n|move|p1a: Dragonite|Extreme Speed|p2a: Garchomp\n|-damage|p2a: Garchomp|51\/100\n|-damage|p1a: Dragonite|24\/100|[from] ability: Rough Skin|[of] p2a: Garchomp\n|move|p2a: Garchomp|Stone Edge|p1a: Dragonite\n|-supereffective|p1a: Dragonite\n|-damage|p1a: Dragonite|0 fnt\n|faint|p1a: Dragonite\n|\n|upkeep\n|\n|t:|1699652351\n|switch|p1a: Blastoise|Blastoise, M|100\/100\n|turn|9\n|\n|t:|1699652356\n|-zpower|p2a: Garchomp\n|move|p2a: Garchomp|Continental Crush|p1a: Blastoise|[zeffect]\n|-damage|p1a: Blastoise|42\/100\n|move|p1a: Blastoise|Ice Beam|p2a: Garchomp\n|-supereffective|p2a: Garchomp\n|-damage|p2a: Garchomp|0 fnt\n|faint|p2a: Garchomp\n|\n|upkeep\n|\n|t:|1699652361\n|switch|p2a: Great Tusk|Great Tusk|86\/100\n|turn|10\n|\n|t:|1699652368\n|-terastallize|p2a: Great Tusk|Water\n|move|p2a: Great Tusk|Rapid Spin|p1a: Blastoise\n|-damage|p1a: Blastoise|25\/100\n|-boost|p2a: Great Tusk|spe|1\n|move|p1a: Blastoise|Scald|p2a: Great Tusk\n|-resisted|p2a: Great Tusk\n|-crit|p2a: Great Tusk\n|-damage|p2a: Great Tusk|25\/100\n|-status|p2a: Great Tusk|brn\n|\n|-damage|p2a: Great Tusk|19\/100 brn|[from] brn\n|upkeep\n|turn|11\n|c|\u2606KingoftheTitans|Damn\n|\n|t:|1699652383\n|move|p2a: Great Tusk|Close Combat|p1a: Blastoise\n|-damage|p1a: Blastoise|0 fnt\n|-unboost|p2a: Great Tusk|def|1\n|-unboost|p2a: Great Tusk|spd|1\n|faint|p1a: Blastoise\n|\n|-damage|p2a: Great Tusk|12\/100 brn|[from] brn\n|upkeep\n|\n|t:|1699652395\n|switch|p1a: Gyarados|Gyarados, F, shiny|100\/100\n|-ability|p1a: Gyarados|Intimidate|boost\n|-unboost|p2a: Great Tusk|atk|1\n|turn|12\n|\n|t:|1699652406\n|move|p2a: Great Tusk|Ice Spinner|p1a: Gyarados\n|-damage|p1a: Gyarados|89\/100\n|move|p1a: Gyarados|Earthquake|p2a: Great Tusk\n|-damage|p2a: Great Tusk|0 fnt\n|faint|p2a: Great Tusk\n|-end|p2a: Great Tusk|Protosynthesis|[silent]\n|\n|upkeep\n|\n|t:|1699652414\n|switch|p2a: Tapu Lele|Tapu Lele|100\/100\n|-fieldstart|move: Psychic Terrain|[from] ability: Psychic Surge|[of] p2a: Tapu Lele\n|turn|13\n|\n|t:|1699652423\n|switch|p1a: Alakazam|Alakazam, M|100\/100\n|move|p2a: Tapu Lele|Psychic|p1a: Alakazam\n|-resisted|p1a: Alakazam\n|-damage|p1a: Alakazam|57\/100\n|\n|upkeep\n|turn|14\n|\n|t:|1699652428\n|move|p2a: Tapu Lele|Psychic|p1a: Alakazam\n|-resisted|p1a: Alakazam\n|-damage|p1a: Alakazam|17\/100\n|move|p1a: Alakazam|Shadow Ball|p2a: Tapu Lele\n|-supereffective|p2a: Tapu Lele\n|-damage|p2a: Tapu Lele|6\/100\n|\n|upkeep\n|turn|15\n|\n|t:|1699652435\n|move|p2a: Tapu Lele|Psychic|p1a: Alakazam\n|-resisted|p1a: Alakazam\n|-damage|p1a: Alakazam|0 fnt\n|faint|p1a: Alakazam\n|\n|upkeep\n|\n|t:|1699652439\n|switch|p1a: Gengar|Gengar, M|100\/100\n|turn|16\n|\n|t:|1699652442\n|move|p2a: Tapu Lele|Psychic|p1a: Gengar\n|-supereffective|p1a: Gengar\n|-enditem|p1a: Gengar|Focus Sash\n|-damage|p1a: Gengar|1\/100\n|move|p1a: Gengar|Sludge Bomb|p2a: Tapu Lele\n|-supereffective|p2a: Tapu Lele\n|-damage|p2a: Tapu Lele|0 fnt\n|faint|p2a: Tapu Lele\n|\n|upkeep\n|\n|t:|1699652444\n|switch|p2a: Charizard|Charizard, M, shiny|72\/100\n|turn|17\n|\n|t:|1699652452\n|detailschange|p2a: Charizard|Charizard-Mega-Y, M, shiny\n|-mega|p2a: Charizard|Charizard|Charizardite Y\n|-weather|SunnyDay|[from] ability: Drought|[of] p2a: Charizard\n|move|p1a: Gengar|Destiny Bond|p1a: Gengar\n|-singlemove|p1a: Gengar|Destiny Bond\n|move|p2a: Charizard|Solar Beam||[still]\n|-prepare|p2a: Charizard|Solar Beam\n|-anim|p2a: Charizard|Solar Beam|p1a: Gengar\n|-resisted|p1a: Gengar\n|-damage|p1a: Gengar|0 fnt\n|-start|p2a: Charizard|Disable|Solar Beam|[from] ability: Cursed Body|[of] p1a: Gengar\n|faint|p1a: Gengar\n|-activate|p1a: Gengar|move: Destiny Bond\n|faint|p2a: Charizard\n|\n|win|KingoftheTitans\n|raw|KingoftheTitans's rating: 1423 &rarr; <strong>1445<\/strong><br \/>(+22 for winning)\n|raw|nerdZ's rating: 1459 &rarr; <strong>1437<\/strong><br \/>(-22 for losing)\n|c|\u2606nerdZ|gg\n|c|\u2606KingoftheTitans|gg\n|l|\u2606nerdZ\n","uploadtime":1699652468,"views":15,"p1id":"kingofthetitans","p2id":"nerdz","formatid":"gen9nationaldex","rating":1437,"private":0,"password":""}