{"id":"gen9nationaldex-1995854889","p1":"pitiman","p2":"Gamer00ooO","format":"[Gen 9] National Dex","log":"|html|<div class=\"broadcast-blue\"><strong>[Gen 9] National Dex is currently suspecting Sneasler! For information on how to participate check out the <a href=\"https:\/\/www.smogon.com\/forums\/threads\/sv-national-dex-suspect-8-just-dance.3731534\/\">suspect thread<\/a>.<\/strong><\/div>\n|j|\u2606pitiman\n|j|\u2606Gamer00ooO\n|t:|1700610030\n|gametype|singles\n|player|p1|pitiman|cheren-gen5bw2|\n|player|p2|Gamer00ooO|hilbert|\n|teamsize|p1|6\n|teamsize|p2|6\n|gen|9\n|tier|[Gen 9] National Dex\n|rule|HP Percentage Mod: HP is shown in percentages\n|rule|Endless Battle Clause: Forcing endless battles is banned\n|rule|OHKO Clause: OHKO moves are banned\n|rule|Evasion Clause: Evasion abilities, items, and moves are banned\n|rule|Evasion Abilities Clause: Evasion abilities are banned\n|rule|Evasion Items Clause: Evasion items are banned\n|rule|Evasion Moves Clause: Evasion moves are banned\n|rule|Species Clause: Limit one of each Pok\u00e9mon\n|rule|Sleep Clause Mod: Limit one foe put to sleep\n|clearpoke\n|poke|p1|Scizor, M|\n|poke|p1|Alomomola, F|\n|poke|p1|Gliscor, M|\n|poke|p1|Chansey, F|\n|poke|p1|Latios, M|\n|poke|p1|Xurkitree|\n|poke|p2|Iron Valiant|\n|poke|p2|Weezing-Galar, F|\n|poke|p2|Diancie|\n|poke|p2|Gliscor, F|\n|poke|p2|Gardevoir, F|\n|poke|p2|Klefki, M|\n|teampreview\n|c|\u2606Gamer00ooO|Hola\n|\n|t:|1700610045\n|start\n|switch|p1a: Gliscor|Gliscor, M|100\/100\n|switch|p2a: Llaveros|Klefki, M|100\/100\n|turn|1\n|\n|t:|1700610055\n|move|p2a: Llaveros|Reflect|p2a: Llaveros\n|-sidestart|p2: Gamer00ooO|Reflect\n|move|p1a: Gliscor|Earthquake|p2a: Llaveros\n|-supereffective|p2a: Llaveros\n|-damage|p2a: Llaveros|67\/100\n|\n|-status|p1a: Gliscor|tox|[from] item: Toxic Orb\n|upkeep\n|turn|2\n|c|\u2606pitiman|buenas\n|j| PeppsiAsiEs\n|\n|t:|1700610078\n|switch|p2a: Scorp corp|Gliscor, F|100\/100\n|move|p1a: Gliscor|Earthquake|p2a: Scorp corp\n|-immune|p2a: Scorp corp\n|\n|-status|p2a: Scorp corp|tox|[from] item: Toxic Orb\n|upkeep\n|turn|3\n|\n|t:|1700610085\n|move|p1a: Gliscor|Defog|p2a: Scorp corp\n|-unboost|p2a: Scorp corp|evasion|1\n|-sideend|p2: Gamer00ooO|Reflect\n|move|p2a: Scorp corp|Swords Dance|p2a: Scorp corp\n|-boost|p2a: Scorp corp|atk|2\n|\n|upkeep\n|turn|4\n|j| Void280\n|\n|t:|1700610094\n|switch|p1a: Alomomola|Alomomola, F|100\/100\n|move|p2a: Scorp corp|Swords Dance|p2a: Scorp corp\n|-boost|p2a: Scorp corp|atk|2\n|\n|upkeep\n|turn|5\n|\n|t:|1700610102\n|-terastallize|p2a: Scorp corp|Normal\n|move|p2a: Scorp corp|Facade|p1a: Alomomola\n|-damage|p1a: Alomomola|12\/100\n|move|p1a: Alomomola|Flip Turn|p2a: Scorp corp\n|-damage|p2a: Scorp corp|85\/100 tox\n|\n|t:|1700610113\n|switch|p1a: Latios|Latios, M|100\/100|[from] Flip Turn\n|\n|-heal|p2a: Scorp corp|97\/100 tox|[from] ability: Poison Heal\n|upkeep\n|turn|6\n|\n|t:|1700610131\n|switch|p2a: Eco Eco|Gardevoir, F|100\/100\n|-ability|p2a: Eco Eco|Levitate|[from] ability: Trace|[of] p1a: Latios\n|-terastallize|p1a: Latios|Dragon\n|move|p1a: Latios|Draco Meteor|p2a: Eco Eco\n|-immune|p2a: Eco Eco\n|\n|upkeep\n|turn|7\n|\n|t:|1700610143\n|switch|p1a: Chansey|Chansey, F|100\/100\n|detailschange|p2a: Eco Eco|Gardevoir-Mega, F\n|-mega|p2a: Eco Eco|Gardevoir|Gardevoirite\n|move|p2a: Eco Eco|Hyper Voice|p1a: Chansey\n|-damage|p1a: Chansey|87\/100\n|\n|upkeep\n|turn|8\n|\n|t:|1700610151\n|move|p2a: Eco Eco|Psyshock|p1a: Chansey\n|-damage|p1a: Chansey|22\/100\n|move|p1a: Chansey|Teleport|p1a: Chansey\n|\n|t:|1700610155\n|switch|p1a: Scizor|Scizor, M|100\/100|[from] Teleport\n|\n|upkeep\n|turn|9\n|\n|t:|1700610159\n|detailschange|p1a: Scizor|Scizor-Mega, M\n|-mega|p1a: Scizor|Scizor|Scizorite\n|move|p2a: Eco Eco|Mystical Fire|p1a: Scizor\n|-supereffective|p1a: Scizor\n|-damage|p1a: Scizor|0 fnt\n|faint|p1a: Scizor\n|\n|upkeep\n|c|\u2606pitiman|ay\n|c|\u2606pitiman|ahi va mi corazon\n|\n|t:|1700610173\n|switch|p1a: Xurkitree|Xurkitree|100\/100\n|turn|10\n|c|\u2606pitiman|ya es gg entonces\n|\n|t:|1700610181\n|move|p1a: Xurkitree|Thunderbolt|p2a: Eco Eco\n|-damage|p2a: Eco Eco|42\/100\n|move|p2a: Eco Eco|Hyper Voice|p1a: Xurkitree\n|-damage|p1a: Xurkitree|18\/100\n|\n|upkeep\n|turn|11\n|\n|t:|1700610200\n|move|p1a: Xurkitree|Thunderbolt|p2a: Eco Eco\n|-damage|p2a: Eco Eco|0 fnt\n|faint|p2a: Eco Eco\n|-ability|p1a: Xurkitree|Beast Boost|boost\n|-boost|p1a: Xurkitree|spa|1\n|\n|upkeep\n|j| insipido\n|\n|t:|1700610203\n|switch|p2a: Patriota de hierro|Iron Valiant|100\/100\n|turn|12\n|c| insipido|Hola mis negros\n|\n|t:|1700610221\n|move|p1a: Xurkitree|Thunderbolt|p2a: Patriota de hierro\n|-damage|p2a: Patriota de hierro|0 fnt\n|faint|p2a: Patriota de hierro\n|-end|p2a: Patriota de hierro|Quark Drive|[silent]\n|-ability|p1a: Xurkitree|Beast Boost|boost\n|-boost|p1a: Xurkitree|spa|1\n|\n|upkeep\n|\n|t:|1700610230\n|switch|p2a: Sr de carb\u00f3n|Weezing-Galar, F|100\/100\n|-fieldstart|move: Misty Terrain|[from] ability: Misty Surge|[of] p2a: Sr de carb\u00f3n\n|turn|13\n|\n|t:|1700610235\n|move|p1a: Xurkitree|Thunderbolt|p2a: Sr de carb\u00f3n\n|-damage|p2a: Sr de carb\u00f3n|1\/100\n|move|p2a: Sr de carb\u00f3n|Flamethrower|p1a: Xurkitree\n|-damage|p1a: Xurkitree|0 fnt\n|faint|p1a: Xurkitree\n|\n|upkeep\n|c|\u2606pitiman|alv\n|c| Void280|pfff\n|c| insipido|Nmms\n|c| insipido|1%\n|\n|t:|1700610256\n|switch|p1a: Gliscor|Gliscor, M|100\/100 tox\n|turn|14\n|c| Void280|Igual ya mat\u00f3 a dos Sweepers\n|c| Void280|De Gamer\n|\n|t:|1700610275\n|switch|p2a: Scorp corp|Gliscor, F, tera:Normal|97\/100 tox\n|move|p1a: Gliscor|Earthquake|p2a: Scorp corp\n|-damage|p2a: Scorp corp|66\/100 tox\n|\n|-heal|p2a: Scorp corp|78\/100 tox|[from] ability: Poison Heal\n|upkeep\n|turn|15\n|\n|t:|1700610282\n|switch|p1a: Latios|Latios, M, tera:Dragon|100\/100\n|move|p2a: Scorp corp|Swords Dance|p2a: Scorp corp\n|-boost|p2a: Scorp corp|atk|2\n|\n|-heal|p2a: Scorp corp|91\/100 tox|[from] ability: Poison Heal\n|upkeep\n|turn|16\n|\n|t:|1700610289\n|move|p1a: Latios|Draco Meteor|p2a: Scorp corp\n|-damage|p2a: Scorp corp|28\/100 tox\n|-unboost|p1a: Latios|spa|2\n|-damage|p1a: Latios|91\/100|[from] item: Life Orb\n|move|p2a: Scorp corp|Facade|p1a: Latios\n|-damage|p1a: Latios|0 fnt\n|faint|p1a: Latios\n|\n|-heal|p2a: Scorp corp|40\/100 tox|[from] ability: Poison Heal\n|upkeep\n|c|\u2606pitiman|ya perdi\n|\n|t:|1700610308\n|switch|p1a: Chansey|Chansey, F|22\/100\n|turn|17\n|\n|t:|1700610315\n|move|p2a: Scorp corp|Facade|p1a: Chansey\n|-damage|p1a: Chansey|0 fnt\n|faint|p1a: Chansey\n|\n|-heal|p2a: Scorp corp|53\/100 tox|[from] ability: Poison Heal\n|-fieldend|Misty Terrain\n|upkeep\n|\n|t:|1700610317\n|switch|p1a: Gliscor|Gliscor, M|100\/100 tox\n|turn|18\n|c| insipido|Gamer\n|c| insipido|Desde cuando impones we\n|\n|t:|1700610343\n|move|p1a: Gliscor|Earthquake|p2a: Scorp corp\n|-damage|p2a: Scorp corp|22\/100 tox\n|move|p2a: Scorp corp|Facade|p1a: Gliscor\n|-damage|p1a: Gliscor|33\/100 tox\n|\n|-heal|p1a: Gliscor|46\/100 tox|[from] ability: Poison Heal\n|-heal|p2a: Scorp corp|34\/100 tox|[from] ability: Poison Heal\n|upkeep\n|turn|19\n|c|\u2606pitiman|es assault el weezing?\n|\n|t:|1700610354\n|move|p1a: Gliscor|Earthquake|p2a: Scorp corp\n|-damage|p2a: Scorp corp|5\/100 tox\n|move|p2a: Scorp corp|Facade|p1a: Gliscor\n|-damage|p1a: Gliscor|0 fnt\n|faint|p1a: Gliscor\n|\n|-heal|p2a: Scorp corp|17\/100 tox|[from] ability: Poison Heal\n|upkeep\n|\n|t:|1700610358\n|switch|p1a: Alomomola|Alomomola, F|45\/100\n|turn|20\n|c|\u2606pitiman|gg\n|\n|t:|1700610374\n|move|p2a: Scorp corp|Facade|p1a: Alomomola\n|-damage|p1a: Alomomola|0 fnt\n|faint|p1a: Alomomola\n|\n|win|Gamer00ooO\n|c|\u2606Gamer00ooO|Gg\n|l| Void280\n|l|\u2606Gamer00ooO\n","uploadtime":1700610383,"views":1,"p1id":"pitiman","p2id":"gamer00ooo","formatid":"gen9nationaldex","rating":0,"private":0,"password":""}