{"id":"gen9nationaldex-1999899396","p1":"EnowLittleDreamer","p2":"bruhhzapdos","format":"[Gen 9] National Dex","log":"|html|<div class=\"broadcast-blue\"><strong>[Gen 9] National Dex is currently suspecting Sneasler! For information on how to participate check out the <a href=\"https:\/\/www.smogon.com\/forums\/threads\/sv-national-dex-suspect-8-just-dance.3731534\/\">suspect thread<\/a>.<\/strong><\/div>\n|j|\u2606EnowLittleDreamer\n|j|\u2606bruhhzapdos\n|t:|1701127814\n|gametype|singles\n|player|p1|EnowLittleDreamer|preschooler|1083\n|player|p2|bruhhzapdos|169|1117\n|teamsize|p1|6\n|teamsize|p2|6\n|gen|9\n|tier|[Gen 9] National Dex\n|rated|\n|rule|HP Percentage Mod: HP is shown in percentages\n|rule|Endless Battle Clause: Forcing endless battles is banned\n|rule|OHKO Clause: OHKO moves are banned\n|rule|Evasion Clause: Evasion abilities, items, and moves are banned\n|rule|Evasion Abilities Clause: Evasion abilities are banned\n|rule|Evasion Items Clause: Evasion items are banned\n|rule|Evasion Moves Clause: Evasion moves are banned\n|rule|Species Clause: Limit one of each Pok\u00e9mon\n|rule|Sleep Clause Mod: Limit one foe put to sleep\n|clearpoke\n|poke|p1|Ninetales-Alola, M|\n|poke|p1|Togetic, M|\n|poke|p1|Cherrim, F|\n|poke|p1|Dachsbun, M|\n|poke|p1|Gourgeist-*, F|\n|poke|p1|Chimecho, M|\n|poke|p2|Scizor, F|\n|poke|p2|Alomomola, M|\n|poke|p2|Moltres|\n|poke|p2|Diancie|\n|poke|p2|Great Tusk|\n|poke|p2|Ogerpon-Wellspring, F|\n|teampreview\n|\n|t:|1701127820\n|start\n|switch|p1a: Snowball \u2744\ufe0f|Ninetales-Alola, M, shiny|100\/100\n|switch|p2a: Diancie|Diancie|100\/100\n|-weather|Snow|[from] ability: Snow Warning|[of] p1a: Snowball \u2744\ufe0f\n|turn|1\n|\n|t:|1701127830\n|detailschange|p2a: Diancie|Diancie-Mega\n|-mega|p2a: Diancie|Diancie|Diancite\n|move|p2a: Diancie|Calm Mind|p2a: Diancie\n|-boost|p2a: Diancie|spa|1\n|-boost|p2a: Diancie|spd|1\n|move|p1a: Snowball \u2744\ufe0f|Aurora Veil|p1a: Snowball \u2744\ufe0f\n|-sidestart|p1: EnowLittleDreamer|move: Aurora Veil\n|\n|-weather|Snow|[upkeep]\n|upkeep\n|turn|2\n|\n|t:|1701127839\n|move|p2a: Diancie|Calm Mind|p2a: Diancie\n|-boost|p2a: Diancie|spa|1\n|-boost|p2a: Diancie|spd|1\n|move|p1a: Snowball \u2744\ufe0f|Blizzard|p2a: Diancie\n|-damage|p2a: Diancie|73\/100\n|\n|-weather|Snow|[upkeep]\n|upkeep\n|turn|3\n|\n|t:|1701127847\n|move|p2a: Diancie|Calm Mind|p2a: Diancie\n|-boost|p2a: Diancie|spa|1\n|-boost|p2a: Diancie|spd|1\n|move|p1a: Snowball \u2744\ufe0f|Blizzard|p2a: Diancie\n|-damage|p2a: Diancie|52\/100\n|\n|-weather|Snow|[upkeep]\n|upkeep\n|turn|4\n|\n|t:|1701127856\n|move|p2a: Diancie|Calm Mind|p2a: Diancie\n|-boost|p2a: Diancie|spa|1\n|-boost|p2a: Diancie|spd|1\n|move|p1a: Snowball \u2744\ufe0f|Blizzard|p2a: Diancie\n|-damage|p2a: Diancie|33\/100\n|\n|-weather|Snow|[upkeep]\n|upkeep\n|turn|5\n|\n|t:|1701127867\n|move|p2a: Diancie|Power Gem|p1a: Snowball \u2744\ufe0f\n|-supereffective|p1a: Snowball \u2744\ufe0f\n|-damage|p1a: Snowball \u2744\ufe0f|0 fnt\n|faint|p1a: Snowball \u2744\ufe0f\n|\n|-weather|none\n|upkeep\n|\n|t:|1701127874\n|switch|p1a: Little light \ud83c\udf83|Gourgeist-Super, F|100\/100\n|turn|6\n|\n|t:|1701127887\n|move|p1a: Little light \ud83c\udf83|Shadow Sneak|p2a: Diancie\n|-damage|p2a: Diancie|14\/100\n|move|p2a: Diancie|Moonblast|p1a: Little light \ud83c\udf83\n|-damage|p1a: Little light \ud83c\udf83|33\/100\n|\n|-heal|p1a: Little light \ud83c\udf83|40\/100|[from] item: Leftovers\n|upkeep\n|turn|7\n|\n|t:|1701127895\n|move|p1a: Little light \ud83c\udf83|Shadow Sneak|p2a: Diancie\n|-damage|p2a: Diancie|0 fnt\n|faint|p2a: Diancie\n|\n|-heal|p1a: Little light \ud83c\udf83|46\/100|[from] item: Leftovers\n|upkeep\n|\n|t:|1701127902\n|switch|p2a: Moltres|Moltres|100\/100\n|-ability|p2a: Moltres|Pressure\n|turn|8\n|\n|t:|1701127909\n|switch|p1a: Bun \ud83c\udf5e|Dachsbun, M|100\/100\n|move|p2a: Moltres|Tailwind|p2a: Moltres\n|-sidestart|p2: bruhhzapdos|move: Tailwind\n|\n|-sideend|p1: EnowLittleDreamer|move: Aurora Veil\n|upkeep\n|turn|9\n|\n|t:|1701127921\n|move|p2a: Moltres|Will-O-Wisp|p1a: Bun \ud83c\udf5e\n|-ability|p1a: Bun \ud83c\udf5e|Well-Baked Body|boost\n|-boost|p1a: Bun \ud83c\udf5e|def|2\n|move|p1a: Bun \ud83c\udf5e|Yawn|p2a: Moltres\n|-start|p2a: Moltres|move: Yawn|[of] p1a: Bun \ud83c\udf5e\n|\n|upkeep\n|turn|10\n|\n|t:|1701127933\n|switch|p2a: Scizor|Scizor, F|100\/100\n|move|p1a: Bun \ud83c\udf5e|Body Press|p2a: Scizor\n|-damage|p2a: Scizor|41\/100\n|\n|upkeep\n|turn|11\n|\n|t:|1701127942\n|move|p2a: Scizor|Bullet Punch|p1a: Bun \ud83c\udf5e\n|-supereffective|p1a: Bun \ud83c\udf5e\n|-damage|p1a: Bun \ud83c\udf5e|74\/100\n|move|p1a: Bun \ud83c\udf5e|Body Press|p2a: Scizor\n|-damage|p2a: Scizor|0 fnt\n|faint|p2a: Scizor\n|\n|-heal|p1a: Bun \ud83c\udf5e|80\/100|[from] item: Leftovers\n|-sideend|p2: bruhhzapdos|move: Tailwind\n|upkeep\n|-message|bruhhzapdos forfeited.\n|\n|win|EnowLittleDreamer\n|raw|EnowLittleDreamer's rating: 1083 &rarr; <strong>1113<\/strong><br \/>(+30 for winning)\n|raw|bruhhzapdos's rating: 1117 &rarr; <strong>1090<\/strong><br \/>(-27 for losing)\n|l|\u2606bruhhzapdos\n","uploadtime":1701127955,"views":5,"p1id":"enowlittledreamer","p2id":"bruhhzapdos","formatid":"gen9nationaldex","rating":1090,"private":0,"password":""}