{"id":"gen9nationaldex-1988121719","p1":"SpecsGastr0","p2":"ushdjdjdn","format":"[Gen 9] National Dex","log":"|j|\u2606SpecsGastr0\n|j|\u2606ushdjdjdn\n|t:|1699672226\n|gametype|singles\n|player|p1|SpecsGastr0|colress|1092\n|player|p2|ushdjdjdn|swimmer-gen4dp|1054\n|teamsize|p1|6\n|teamsize|p2|6\n|gen|9\n|tier|[Gen 9] National Dex\n|rated|\n|rule|HP Percentage Mod: HP is shown in percentages\n|rule|Endless Battle Clause: Forcing endless battles is banned\n|rule|OHKO Clause: OHKO moves are banned\n|rule|Evasion Clause: Evasion abilities, items, and moves are banned\n|rule|Evasion Abilities Clause: Evasion abilities are banned\n|rule|Evasion Items Clause: Evasion items are banned\n|rule|Evasion Moves Clause: Evasion moves are banned\n|rule|Species Clause: Limit one of each Pok\u00e9mon\n|rule|Sleep Clause Mod: Limit one foe put to sleep\n|clearpoke\n|poke|p1|Volcarona, M|\n|poke|p1|Noctowl, M|\n|poke|p1|Ninetales-Alola, M|\n|poke|p1|Shiftry, M|\n|poke|p1|Tauros-Paldea-Aqua, M|\n|poke|p1|Linoone, M|\n|poke|p2|Diancie|\n|poke|p2|Kartana|\n|poke|p2|Leavanny, F|\n|poke|p2|Skeledirge, F|\n|poke|p2|Gliscor, F|\n|poke|p2|Urshifu-*, M|\n|teampreview\n|\n|t:|1699672234\n|start\n|switch|p1a: Bad News (Malice)|Ninetales-Alola, M|100\/100\n|switch|p2a: Leavanny|Leavanny, F, shiny|100\/100\n|-weather|Snow|[from] ability: Snow Warning|[of] p1a: Bad News (Malice)\n|turn|1\n|\n|t:|1699672243\n|move|p1a: Bad News (Malice)|Aurora Veil|p1a: Bad News (Malice)\n|-sidestart|p1: SpecsGastr0|move: Aurora Veil\n|move|p2a: Leavanny|Sticky Web|p1a: Bad News (Malice)\n|-sidestart|p1: SpecsGastr0|move: Sticky Web\n|\n|-weather|Snow|[upkeep]\n|upkeep\n|turn|2\n|\n|t:|1699672251\n|move|p1a: Bad News (Malice)|Freeze-Dry|p2a: Leavanny\n|-supereffective|p2a: Leavanny\n|-damage|p2a: Leavanny|41\/100\n|move|p2a: Leavanny|Sunny Day|p2a: Leavanny\n|-weather|SunnyDay\n|\n|-weather|SunnyDay|[upkeep]\n|upkeep\n|turn|3\n|\n|t:|1699672261\n|move|p1a: Bad News (Malice)|Freeze-Dry|p2a: Leavanny\n|-supereffective|p2a: Leavanny\n|-damage|p2a: Leavanny|0 fnt\n|faint|p2a: Leavanny\n|\n|-weather|SunnyDay|[upkeep]\n|upkeep\n|\n|t:|1699672265\n|switch|p2a: Skeledirge|Skeledirge, F|100\/100\n|turn|4\n|\n|t:|1699672269\n|-terastallize|p2a: Skeledirge|Fire\n|move|p1a: Bad News (Malice)|Toxic|p2a: Skeledirge\n|-status|p2a: Skeledirge|tox\n|move|p2a: Skeledirge|Torch Song|p1a: Bad News (Malice)\n|-supereffective|p1a: Bad News (Malice)\n|-damage|p1a: Bad News (Malice)|11\/100\n|-boost|p2a: Skeledirge|spa|1\n|\n|-weather|SunnyDay|[upkeep]\n|-damage|p2a: Skeledirge|94\/100 tox|[from] psn\n|upkeep\n|turn|5\n|\n|t:|1699672301\n|move|p1a: Bad News (Malice)|Freeze-Dry|p2a: Skeledirge\n|-resisted|p2a: Skeledirge\n|-damage|p2a: Skeledirge|79\/100 tox\n|move|p2a: Skeledirge|Torch Song|p1a: Bad News (Malice)\n|-supereffective|p1a: Bad News (Malice)\n|-damage|p1a: Bad News (Malice)|0 fnt\n|-boost|p2a: Skeledirge|spa|1\n|faint|p1a: Bad News (Malice)\n|\n|-weather|SunnyDay|[upkeep]\n|-damage|p2a: Skeledirge|67\/100 tox|[from] psn\n|upkeep\n|\n|t:|1699672311\n|switch|p1a: On Stage|Tauros-Paldea-Aqua, M|100\/100\n|-activate|p1a: On Stage|move: Sticky Web\n|-unboost|p1a: On Stage|spe|1\n|-ability|p1a: On Stage|Intimidate|boost\n|-unboost|p2a: Skeledirge|atk|1\n|turn|6\n|\n|t:|1699672318\n|move|p2a: Skeledirge|Torch Song|p1a: On Stage\n|-resisted|p1a: On Stage\n|-damage|p1a: On Stage|45\/100\n|-boost|p2a: Skeledirge|spa|1\n|move|p1a: On Stage|Liquidation|p2a: Skeledirge\n|-supereffective|p2a: Skeledirge\n|-damage|p2a: Skeledirge|26\/100 tox\n|\n|-weather|none\n|-damage|p2a: Skeledirge|8\/100 tox|[from] psn\n|upkeep\n|turn|7\n|\n|t:|1699672338\n|move|p2a: Skeledirge|Torch Song|p1a: On Stage\n|-resisted|p1a: On Stage\n|-damage|p1a: On Stage|1\/100\n|-boost|p2a: Skeledirge|spa|1\n|move|p1a: On Stage|Rest|p1a: On Stage\n|-status|p1a: On Stage|slp|[from] move: Rest\n|-heal|p1a: On Stage|100\/100 slp|[silent]\n|\n|-damage|p2a: Skeledirge|0 fnt|[from] psn\n|faint|p2a: Skeledirge\n|upkeep\n|\n|t:|1699672357\n|switch|p2a: Kartana|Kartana, shiny|100\/100\n|turn|8\n|\n|t:|1699672369\n|switch|p1a: Blood Liar|Volcarona, M|100\/100\n|move|p2a: Kartana|Swords Dance|p2a: Kartana\n|-boost|p2a: Kartana|atk|2\n|\n|-sideend|p1: SpecsGastr0|move: Aurora Veil\n|upkeep\n|turn|9\n|\n|t:|1699672388\n|move|p2a: Kartana|Sacred Sword|p1a: Blood Liar\n|-resisted|p1a: Blood Liar\n|-damage|p1a: Blood Liar|35\/100\n|move|p1a: Blood Liar|Quiver Dance|p1a: Blood Liar\n|-boost|p1a: Blood Liar|spa|1\n|-boost|p1a: Blood Liar|spd|1\n|-boost|p1a: Blood Liar|spe|1\n|\n|upkeep\n|turn|10\n|\n|t:|1699672395\n|move|p1a: Blood Liar|Fiery Dance|p2a: Kartana\n|-supereffective|p2a: Kartana\n|-damage|p2a: Kartana|0 fnt\n|-boost|p1a: Blood Liar|spa|1\n|faint|p2a: Kartana\n|\n|upkeep\n|\n|t:|1699672399\n|switch|p2a: Urshifu|Urshifu-Rapid-Strike, M|100\/100\n|turn|11\n|\n|t:|1699672426\n|move|p2a: Urshifu|Aqua Jet|p1a: Blood Liar\n|-supereffective|p1a: Blood Liar\n|-damage|p1a: Blood Liar|0 fnt\n|faint|p1a: Blood Liar\n|\n|upkeep\n|\n|t:|1699672435\n|switch|p1a: On Stage|Tauros-Paldea-Aqua, M|100\/100 slp\n|-activate|p1a: On Stage|move: Sticky Web\n|-unboost|p1a: On Stage|spe|1\n|-ability|p1a: On Stage|Intimidate|boost\n|-unboost|p2a: Urshifu|atk|1\n|turn|12\n|\n|t:|1699672440\n|move|p2a: Urshifu|Bulk Up|p2a: Urshifu\n|-boost|p2a: Urshifu|atk|1\n|-boost|p2a: Urshifu|def|1\n|cant|p1a: On Stage|slp\n|move|p1a: On Stage|Sleep Talk|p1a: On Stage\n|move|p1a: On Stage|Rest||[from]move: Sleep Talk|[still]\n|-fail|p1a: On Stage\n|\n|upkeep\n|turn|13\n|\n|t:|1699672447\n|move|p2a: Urshifu|Bulk Up|p2a: Urshifu\n|-boost|p2a: Urshifu|atk|1\n|-boost|p2a: Urshifu|def|1\n|cant|p1a: On Stage|slp\n|move|p1a: On Stage|Sleep Talk|p1a: On Stage\n|move|p1a: On Stage|Bulk Up|p1a: On Stage|[from]move: Sleep Talk\n|-boost|p1a: On Stage|atk|1\n|-boost|p1a: On Stage|def|1\n|\n|upkeep\n|turn|14\n|\n|t:|1699672460\n|move|p2a: Urshifu|Bulk Up|p2a: Urshifu\n|-boost|p2a: Urshifu|atk|1\n|-boost|p2a: Urshifu|def|1\n|-curestatus|p1a: On Stage|slp|[msg]\n|move|p1a: On Stage|Bulk Up|p1a: On Stage\n|-boost|p1a: On Stage|atk|1\n|-boost|p1a: On Stage|def|1\n|\n|upkeep\n|turn|15\n|\n|t:|1699672473\n|move|p2a: Urshifu|Bulk Up|p2a: Urshifu\n|-boost|p2a: Urshifu|atk|1\n|-boost|p2a: Urshifu|def|1\n|move|p1a: On Stage|Liquidation|p2a: Urshifu\n|-resisted|p2a: Urshifu\n|-damage|p2a: Urshifu|86\/100\n|-unboost|p2a: Urshifu|def|1\n|\n|upkeep\n|turn|16\n|\n|t:|1699672481\n|move|p2a: Urshifu|Bulk Up|p2a: Urshifu\n|-boost|p2a: Urshifu|atk|1\n|-boost|p2a: Urshifu|def|1\n|move|p1a: On Stage|Liquidation|p2a: Urshifu\n|-resisted|p2a: Urshifu\n|-damage|p2a: Urshifu|73\/100\n|\n|upkeep\n|turn|17\n|\n|t:|1699672488\n|move|p2a: Urshifu|Bulk Up|p2a: Urshifu\n|-boost|p2a: Urshifu|atk|1\n|-boost|p2a: Urshifu|def|1\n|move|p1a: On Stage|Liquidation|p2a: Urshifu\n|-resisted|p2a: Urshifu\n|-damage|p2a: Urshifu|61\/100\n|\n|upkeep\n|turn|18\n|\n|t:|1699672495\n|move|p2a: Urshifu|Bulk Up|p2a: Urshifu\n|-boost|p2a: Urshifu|atk|1\n|-boost|p2a: Urshifu|def|1\n|move|p1a: On Stage|Liquidation|p2a: Urshifu\n|-resisted|p2a: Urshifu\n|-damage|p2a: Urshifu|51\/100\n|\n|upkeep\n|turn|19\n|\n|t:|1699672504\n|move|p2a: Urshifu|Drain Punch|p1a: On Stage\n|-damage|p1a: On Stage|28\/100\n|-heal|p2a: Urshifu|89\/100|[from] drain|[of] p1a: On Stage\n|move|p1a: On Stage|Liquidation|p2a: Urshifu\n|-resisted|p2a: Urshifu\n|-damage|p2a: Urshifu|77\/100\n|\n|upkeep\n|turn|20\n|\n|t:|1699672511\n|move|p2a: Urshifu|Drain Punch|p1a: On Stage\n|-crit|p1a: On Stage\n|-damage|p1a: On Stage|0 fnt\n|-heal|p2a: Urshifu|92\/100|[from] drain|[of] p1a: On Stage\n|faint|p1a: On Stage\n|\n|upkeep\n|\n|t:|1699672533\n|switch|p1a: Bad News (Lie)|Linoone, M|100\/100\n|-activate|p1a: Bad News (Lie)|move: Sticky Web\n|-unboost|p1a: Bad News (Lie)|spe|1\n|turn|21\n|\n|t:|1699672542\n|move|p1a: Bad News (Lie)|Extreme Speed|p2a: Urshifu\n|-damage|p2a: Urshifu|84\/100\n|move|p2a: Urshifu|Aqua Jet|p1a: Bad News (Lie)\n|-damage|p1a: Bad News (Lie)|0 fnt\n|faint|p1a: Bad News (Lie)\n|\n|upkeep\n|\n|t:|1699672549\n|switch|p1a: Fumble Code|Shiftry, M|100\/100\n|-activate|p1a: Fumble Code|move: Sticky Web\n|-unboost|p1a: Fumble Code|spe|1\n|turn|22\n|\n|t:|1699672567\n|move|p2a: Urshifu|Drain Punch|p1a: Fumble Code\n|-supereffective|p1a: Fumble Code\n|-damage|p1a: Fumble Code|0 fnt\n|-heal|p2a: Urshifu|100\/100|[from] drain|[of] p1a: Fumble Code\n|faint|p1a: Fumble Code\n|\n|upkeep\n|\n|t:|1699672573\n|switch|p1a: Night Ruler|Noctowl, M|100\/100\n|turn|23\n|\n|t:|1699672576\n|move|p2a: Urshifu|Surging Strikes|p1a: Night Ruler\n|-crit|p1a: Night Ruler\n|-damage|p1a: Night Ruler|0 fnt\n|faint|p1a: Night Ruler\n|-hitcount|p1: Night Ruler|1\n|\n|win|ushdjdjdn\n|raw|SpecsGastr0's rating: 1092 &rarr; <strong>1066<\/strong><br \/>(-26 for losing)\n|raw|ushdjdjdn's rating: 1054 &rarr; <strong>1089<\/strong><br \/>(+35 for winning)\n","uploadtime":1699672585,"views":6,"p1id":"specsgastr0","p2id":"ushdjdjdn","formatid":"gen9nationaldex","rating":1066,"private":0,"password":""}