{"id":"gen9nationaldex-1986990066","p1":"Golden boiii","p2":"shuichi420","format":"[Gen 9] National Dex","log":"|j|\u2606Golden boiii\n|j|\u2606shuichi420\n|t:|1699547104\n|gametype|singles\n|player|p1|Golden boiii|preschooler|1401\n|player|p2|shuichi420|101|1490\n|teamsize|p1|6\n|teamsize|p2|6\n|gen|9\n|tier|[Gen 9] National Dex\n|rated|\n|rule|HP Percentage Mod: HP is shown in percentages\n|rule|Endless Battle Clause: Forcing endless battles is banned\n|rule|OHKO Clause: OHKO moves are banned\n|rule|Evasion Clause: Evasion abilities, items, and moves are banned\n|rule|Evasion Abilities Clause: Evasion abilities are banned\n|rule|Evasion Items Clause: Evasion items are banned\n|rule|Evasion Moves Clause: Evasion moves are banned\n|rule|Species Clause: Limit one of each Pok\u00e9mon\n|rule|Sleep Clause Mod: Limit one foe put to sleep\n|clearpoke\n|poke|p1|Tapu Koko|\n|poke|p1|Buzzwole|\n|poke|p1|Corviknight, M|\n|poke|p1|Dragonite, M|\n|poke|p1|Grimmsnarl, M|\n|poke|p1|Ting-Lu|\n|poke|p2|Grimmsnarl, M|\n|poke|p2|Glimmora, F|\n|poke|p2|Scizor, F|\n|poke|p2|Baxcalibur, M|\n|poke|p2|Volcarona, F|\n|poke|p2|Kommo-o, F|\n|teampreview\n|inactive|Battle timer is ON: inactive players will automatically lose when time's up. (requested by Golden boiii)\n|\n|t:|1699547117\n|start\n|switch|p1a: Yoshi|Dragonite, M, shiny|100\/100\n|switch|p2a: Heaven's Mirror|Glimmora, F|100\/100\n|turn|1\n|\n|t:|1699547123\n|move|p2a: Heaven's Mirror|Stealth Rock|p1a: Yoshi\n|-sidestart|p1: Golden boiii|move: Stealth Rock\n|move|p1a: Yoshi|Earthquake|p2a: Heaven's Mirror\n|-supereffective|p2a: Heaven's Mirror\n|-enditem|p2a: Heaven's Mirror|Focus Sash\n|-damage|p2a: Heaven's Mirror|1\/100\n|-activate|p2a: Heaven's Mirror|ability: Toxic Debris\n|-sidestart|p1: Golden boiii|move: Toxic Spikes\n|\n|upkeep\n|turn|2\n|\n|t:|1699547128\n|move|p1a: Yoshi|Extreme Speed|p2a: Heaven's Mirror\n|-resisted|p2a: Heaven's Mirror\n|-damage|p2a: Heaven's Mirror|0 fnt\n|-activate|p2a: Heaven's Mirror|ability: Toxic Debris\n|-sidestart|p1: Golden boiii|move: Toxic Spikes\n|faint|p2a: Heaven's Mirror\n|\n|upkeep\n|\n|t:|1699547137\n|switch|p2a: Pharos|Grimmsnarl, M|100\/100\n|turn|3\n|\n|t:|1699547143\n|move|p2a: Pharos|Taunt|p1a: Yoshi\n|-start|p1a: Yoshi|move: Taunt\n|cant|p1a: Yoshi|move: Taunt|Dragon Dance\n|\n|upkeep\n|turn|4\n|\n|t:|1699547148\n|switch|p1a: Knighttime|Corviknight, M, shiny|100\/100\n|-damage|p1a: Knighttime|88\/100|[from] Stealth Rock\n|move|p2a: Pharos|Reflect|p2a: Pharos\n|-sidestart|p2: shuichi420|Reflect\n|\n|-heal|p1a: Knighttime|94\/100|[from] item: Leftovers\n|upkeep\n|turn|5\n|\n|t:|1699547154\n|move|p2a: Pharos|Taunt|p1a: Knighttime\n|-start|p1a: Knighttime|move: Taunt\n|cant|p1a: Knighttime|move: Taunt|Defog\n|\n|-heal|p1a: Knighttime|100\/100|[from] item: Leftovers\n|upkeep\n|turn|6\n|\n|t:|1699547162\n|move|p2a: Pharos|Light Screen|p2a: Pharos\n|-sidestart|p2: shuichi420|move: Light Screen\n|move|p1a: Knighttime|U-turn|p2a: Pharos\n|-damage|p2a: Pharos|93\/100\n|\n|t:|1699547163\n|switch|p1a: Waffle|Ting-Lu|100\/100|[from] U-turn\n|-damage|p1a: Waffle|94\/100|[from] Stealth Rock\n|-status|p1a: Waffle|tox\n|-ability|p1a: Waffle|Vessel of Ruin\n|\n|-damage|p1a: Waffle|88\/100 tox|[from] psn\n|upkeep\n|turn|7\n|\n|t:|1699547176\n|move|p2a: Pharos|Taunt|p1a: Waffle\n|-hint|Since gen 7, Dark is immune to Prankster moves.\n|-immune|p1a: Waffle\n|move|p1a: Waffle|Stomping Tantrum|p2a: Pharos\n|-damage|p2a: Pharos|72\/100\n|\n|-damage|p1a: Waffle|76\/100 tox|[from] psn\n|upkeep\n|turn|8\n|\n|t:|1699547183\n|move|p2a: Pharos|Spirit Break|p1a: Waffle\n|-supereffective|p1a: Waffle\n|-damage|p1a: Waffle|44\/100 tox\n|-unboost|p1a: Waffle|spa|1\n|-damage|p2a: Pharos|56\/100|[from] item: Rocky Helmet|[of] p1a: Waffle\n|move|p1a: Waffle|Ruination|p2a: Pharos\n|-damage|p2a: Pharos|28\/100\n|\n|-damage|p1a: Waffle|25\/100 tox|[from] psn\n|upkeep\n|turn|9\n|\n|t:|1699547194\n|switch|p1a: Knighttime|Corviknight, M, shiny|100\/100\n|-damage|p1a: Knighttime|88\/100|[from] Stealth Rock\n|move|p2a: Pharos|Spirit Break|p1a: Knighttime\n|-resisted|p1a: Knighttime\n|-damage|p1a: Knighttime|75\/100\n|-ability|p1a: Knighttime|Mirror Armor\n|-unboost|p2a: Pharos|spa|1\n|\n|-heal|p1a: Knighttime|82\/100|[from] item: Leftovers\n|upkeep\n|turn|10\n|\n|t:|1699547200\n|move|p2a: Pharos|Taunt|p1a: Knighttime\n|-start|p1a: Knighttime|move: Taunt\n|move|p1a: Knighttime|Brave Bird|p2a: Pharos\n|-damage|p2a: Pharos|5\/100\n|-damage|p1a: Knighttime|73\/100|[from] Recoil\n|\n|-heal|p1a: Knighttime|80\/100|[from] item: Leftovers\n|upkeep\n|turn|11\n|\n|t:|1699547209\n|move|p2a: Pharos|Reflect||[still]\n|-fail|p2a: Pharos\n|move|p1a: Knighttime|U-turn|p2a: Pharos\n|-damage|p2a: Pharos|0 fnt\n|faint|p2a: Pharos\n|\n|t:|1699547216\n|switch|p1a: Waffle|Ting-Lu|25\/100 tox|[from] U-turn\n|-damage|p1a: Waffle|19\/100 tox|[from] Stealth Rock\n|-ability|p1a: Waffle|Vessel of Ruin\n|\n|-damage|p1a: Waffle|13\/100 tox|[from] psn\n|-sideend|p2: shuichi420|Reflect\n|upkeep\n|\n|t:|1699547246\n|switch|p2a: Genocide Jack|Scizor, F, shiny|100\/100\n|turn|12\n|\n|t:|1699547250\n|detailschange|p2a: Genocide Jack|Scizor-Mega, F, shiny\n|-mega|p2a: Genocide Jack|Scizor|Scizorite\n|move|p2a: Genocide Jack|Swords Dance|p2a: Genocide Jack\n|-boost|p2a: Genocide Jack|atk|2\n|move|p1a: Waffle|Rest|p1a: Waffle\n|-status|p1a: Waffle|slp|[from] move: Rest\n|-heal|p1a: Waffle|100\/100 slp|[silent]\n|\n|upkeep\n|turn|13\n|\n|t:|1699547259\n|move|p2a: Genocide Jack|Bullet Punch|p1a: Waffle\n|-damage|p1a: Waffle|60\/100 slp\n|-damage|p2a: Genocide Jack|84\/100|[from] item: Rocky Helmet|[of] p1a: Waffle\n|cant|p1a: Waffle|slp\n|move|p1a: Waffle|Sleep Talk|p1a: Waffle\n|move|p1a: Waffle|Ruination|p2a: Genocide Jack|[from]move: Sleep Talk\n|-damage|p2a: Genocide Jack|42\/100\n|\n|-sideend|p2: shuichi420|move: Light Screen\n|upkeep\n|turn|14\n|\n|t:|1699547267\n|move|p2a: Genocide Jack|Close Combat|p1a: Waffle\n|-supereffective|p1a: Waffle\n|-damage|p1a: Waffle|0 fnt\n|-unboost|p2a: Genocide Jack|def|1\n|-unboost|p2a: Genocide Jack|spd|1\n|-damage|p2a: Genocide Jack|26\/100|[from] item: Rocky Helmet|[of] p1a: Waffle\n|faint|p1a: Waffle\n|\n|upkeep\n|\n|t:|1699547279\n|switch|p1a: Knighttime|Corviknight, M, shiny|80\/100\n|-damage|p1a: Knighttime|67\/100|[from] Stealth Rock\n|turn|15\n|\n|t:|1699547285\n|move|p2a: Genocide Jack|Knock Off|p1a: Knighttime\n|-damage|p1a: Knighttime|0 fnt\n|-enditem|p1a: Knighttime|Leftovers|[from] move: Knock Off|[of] p2a: Genocide Jack\n|faint|p1a: Knighttime\n|\n|upkeep\n|\n|t:|1699547290\n|switch|p1a: Pipe Bomb|Tapu Koko|100\/100\n|-damage|p1a: Pipe Bomb|88\/100|[from] Stealth Rock\n|-status|p1a: Pipe Bomb|tox\n|-fieldstart|move: Electric Terrain|[from] ability: Electric Surge|[of] p1a: Pipe Bomb\n|turn|16\n|\n|t:|1699547295\n|move|p2a: Genocide Jack|Bullet Punch|p1a: Pipe Bomb\n|-damage|p1a: Pipe Bomb|0 fnt\n|faint|p1a: Pipe Bomb\n|\n|upkeep\n|\n|t:|1699547298\n|switch|p1a: I\u2019m beggin|Buzzwole, shiny|100\/100\n|-damage|p1a: I\u2019m beggin|88\/100|[from] Stealth Rock\n|-status|p1a: I\u2019m beggin|tox\n|turn|17\n|\n|t:|1699547305\n|move|p2a: Genocide Jack|Bullet Punch|p1a: I\u2019m beggin\n|-crit|p1a: I\u2019m beggin\n|-damage|p1a: I\u2019m beggin|3\/100 tox\n|move|p1a: I\u2019m beggin|Close Combat|p2a: Genocide Jack\n|-crit|p2a: Genocide Jack\n|-damage|p2a: Genocide Jack|0 fnt\n|-unboost|p1a: I\u2019m beggin|def|1\n|-unboost|p1a: I\u2019m beggin|spd|1\n|faint|p2a: Genocide Jack\n|-ability|p1a: I\u2019m beggin|Beast Boost|boost\n|-boost|p1a: I\u2019m beggin|atk|1\n|\n|-damage|p1a: I\u2019m beggin|0 fnt|[from] psn\n|faint|p1a: I\u2019m beggin\n|upkeep\n|-message|Golden boiii forfeited.\n|\n|win|shuichi420\n|raw|Golden boiii's rating: 1401 &rarr; <strong>1386<\/strong><br \/>(-15 for losing)\n|raw|shuichi420's rating: 1490 &rarr; <strong>1505<\/strong><br \/>(+15 for winning)\n|l|\u2606Golden boiii\n","uploadtime":1699547327,"views":12,"p1id":"goldenboiii","p2id":"shuichi420","formatid":"gen9nationaldex","rating":1386,"private":0,"password":""}