{"id":"gen9nationaldex-1992801631","p1":"kerryistina","p2":"nero2137","format":"[Gen 9] National Dex","log":"|j|\u2606kerryistina\n|j|\u2606nero2137\n|t:|1700236667\n|gametype|singles\n|player|p1|kerryistina|bellelba|1175\n|player|p2|nero2137|flannery|1156\n|teamsize|p1|6\n|teamsize|p2|6\n|gen|9\n|tier|[Gen 9] National Dex\n|rated|\n|rule|HP Percentage Mod: HP is shown in percentages\n|rule|Endless Battle Clause: Forcing endless battles is banned\n|rule|OHKO Clause: OHKO moves are banned\n|rule|Evasion Clause: Evasion abilities, items, and moves are banned\n|rule|Evasion Abilities Clause: Evasion abilities are banned\n|rule|Evasion Items Clause: Evasion items are banned\n|rule|Evasion Moves Clause: Evasion moves are banned\n|rule|Species Clause: Limit one of each Pok\u00e9mon\n|rule|Sleep Clause Mod: Limit one foe put to sleep\n|clearpoke\n|poke|p1|Iron Valiant|\n|poke|p1|Tapu Koko|\n|poke|p1|Scizor, M|\n|poke|p1|Moltres|\n|poke|p1|Corviknight, F|\n|poke|p1|Landorus-Therian, M|\n|poke|p2|Corviknight, F|\n|poke|p2|Swoobat, F|\n|poke|p2|Sylveon, M|\n|poke|p2|Zeraora|\n|poke|p2|Shuckle, M|\n|poke|p2|Ninetales-Alola, F|\n|teampreview\n|l|\u2606nero2137\n|player|p2|\n|inactive|Battle timer is ON: inactive players will automatically lose when time's up. (requested by kerryistina)\n|j|\u2606nero2137\n|inactive|nero2137 reconnected and has 130 seconds left.\n|player|p2|nero2137|flannery\n|\n|t:|1700236707\n|start\n|switch|p1a: Tapu Koko|Tapu Koko|100\/100\n|switch|p2a: Shuckle|Shuckle, M|100\/100\n|-fieldstart|move: Electric Terrain|[from] ability: Electric Surge|[of] p1a: Tapu Koko\n|turn|1\n|\n|t:|1700236714\n|move|p1a: Tapu Koko|Taunt|p2a: Shuckle\n|-start|p2a: Shuckle|move: Taunt\n|cant|p2a: Shuckle|move: Taunt|Stealth Rock\n|\n|upkeep\n|turn|2\n|\n|t:|1700236730\n|switch|p2a: Zeraora|Zeraora|100\/100\n|move|p1a: Tapu Koko|Reflect|p1a: Tapu Koko\n|-sidestart|p1: kerryistina|Reflect\n|\n|upkeep\n|turn|3\n|\n|t:|1700236740\n|move|p2a: Zeraora|Electro Ball|p1a: Tapu Koko\n|-resisted|p1a: Tapu Koko\n|-damage|p1a: Tapu Koko|81\/100\n|move|p1a: Tapu Koko|Light Screen|p1a: Tapu Koko\n|-sidestart|p1: kerryistina|move: Light Screen\n|\n|upkeep\n|turn|4\n|\n|t:|1700236747\n|move|p2a: Zeraora|Electro Ball|p1a: Tapu Koko\n|-resisted|p1a: Tapu Koko\n|-damage|p1a: Tapu Koko|69\/100\n|move|p1a: Tapu Koko|U-turn|p2a: Zeraora\n|-damage|p2a: Zeraora|74\/100\n|\n|t:|1700236755\n|switch|p1a: Landorus|Landorus-Therian, M|100\/100|[from] U-turn\n|-ability|p1a: Landorus|Intimidate|boost\n|-unboost|p2a: Zeraora|atk|1\n|\n|upkeep\n|turn|5\n|\n|t:|1700236781\n|switch|p2a: Shuckle|Shuckle, M|100\/100\n|switch|p1a: Moltres|Moltres|100\/100\n|-ability|p1a: Moltres|Pressure\n|\n|-fieldend|move: Electric Terrain\n|upkeep\n|turn|6\n|\n|t:|1700236793\n|move|p1a: Moltres|Flamethrower|p2a: Shuckle\n|-damage|p2a: Shuckle|80\/100\n|move|p2a: Shuckle|Stealth Rock|p1a: Moltres\n|-sidestart|p1: kerryistina|move: Stealth Rock\n|\n|-heal|p2a: Shuckle|86\/100|[from] item: Leftovers\n|upkeep\n|turn|7\n|\n|t:|1700236807\n|move|p1a: Moltres|Hurricane|p2a: Shuckle\n|-damage|p2a: Shuckle|62\/100\n|move|p2a: Shuckle|Sticky Web|p1a: Moltres\n|-sidestart|p1: kerryistina|move: Sticky Web\n|\n|-heal|p2a: Shuckle|68\/100|[from] item: Leftovers\n|upkeep\n|turn|8\n|\n|t:|1700236814\n|switch|p2a: Zeraora|Zeraora|74\/100\n|move|p1a: Moltres|U-turn|p2a: Zeraora\n|-damage|p2a: Zeraora|54\/100\n|\n|t:|1700236825\n|switch|p1a: Landorus|Landorus-Therian, M|100\/100|[from] U-turn\n|-damage|p1a: Landorus|88\/100|[from] Stealth Rock\n|-ability|p1a: Landorus|Intimidate|boost\n|-unboost|p2a: Zeraora|atk|1\n|\n|upkeep\n|turn|9\n|\n|t:|1700236836\n|switch|p1a: Corviknight|Corviknight, F|100\/100\n|-damage|p1a: Corviknight|88\/100|[from] Stealth Rock\n|-ability|p1a: Corviknight|Pressure\n|move|p2a: Zeraora|Hidden Power|p1a: Corviknight\n|-damage|p1a: Corviknight|80\/100\n|\n|-sideend|p1: kerryistina|Reflect\n|upkeep\n|turn|10\n|\n|t:|1700236848\n|switch|p2a: Swoobat|Swoobat, F|100\/100\n|move|p1a: Corviknight|Defog|p2a: Swoobat\n|-unboost|p2a: Swoobat|evasion|2\n|-sideend|p1: kerryistina|Stealth Rock|[from] move: Defog|[of] p1a: Corviknight\n|-sideend|p1: kerryistina|Sticky Web|[from] move: Defog|[of] p1a: Corviknight\n|\n|-sideend|p1: kerryistina|move: Light Screen\n|upkeep\n|turn|11\n|\n|t:|1700236859\n|move|p2a: Swoobat|Nasty Plot|p2a: Swoobat\n|-boost|p2a: Swoobat|spa|4\n|move|p1a: Corviknight|U-turn|p2a: Swoobat\n|-damage|p2a: Swoobat|73\/100\n|\n|t:|1700236869\n|switch|p1a: Landorus|Landorus-Therian, M|88\/100|[from] U-turn\n|-ability|p1a: Landorus|Intimidate|boost\n|-unboost|p2a: Swoobat|atk|2\n|\n|upkeep\n|turn|12\n|\n|t:|1700236885\n|move|p2a: Swoobat|Stored Power|p1a: Landorus\n|-damage|p1a: Landorus|0 fnt\n|faint|p1a: Landorus\n|\n|upkeep\n|\n|t:|1700236902\n|switch|p1a: Scizor|Scizor, M|100\/100\n|turn|13\n|\n|t:|1700236908\n|detailschange|p1a: Scizor|Scizor-Mega, M\n|-mega|p1a: Scizor|Scizor|Scizorite\n|move|p1a: Scizor|Bullet Punch|p2a: Swoobat\n|-damage|p2a: Swoobat|17\/100\n|move|p2a: Swoobat|Stored Power|p1a: Scizor\n|-resisted|p1a: Scizor\n|-damage|p1a: Scizor|49\/100\n|\n|upkeep\n|turn|14\n|\n|t:|1700236917\n|move|p1a: Scizor|Bullet Punch|p2a: Swoobat\n|-damage|p2a: Swoobat|0 fnt\n|faint|p2a: Swoobat\n|\n|upkeep\n|\n|t:|1700236929\n|switch|p2a: Zeraora|Zeraora|54\/100\n|turn|15\n|\n|t:|1700236937\n|switch|p1a: Tapu Koko|Tapu Koko|69\/100\n|-fieldstart|move: Electric Terrain|[from] ability: Electric Surge|[of] p1a: Tapu Koko\n|move|p2a: Zeraora|Aura Sphere|p1a: Tapu Koko\n|-resisted|p1a: Tapu Koko\n|-damage|p1a: Tapu Koko|54\/100\n|\n|upkeep\n|turn|16\n|\n|t:|1700236948\n|switch|p2a: Ninetales|Ninetales-Alola, F|100\/100\n|-weather|Snow|[from] ability: Snow Warning|[of] p2a: Ninetales\n|move|p1a: Tapu Koko|Light Screen|p1a: Tapu Koko\n|-sidestart|p1: kerryistina|move: Light Screen\n|\n|-weather|Snow|[upkeep]\n|upkeep\n|turn|17\n|\n|t:|1700236960\n|move|p1a: Tapu Koko|Taunt|p2a: Ninetales\n|-start|p2a: Ninetales|move: Taunt\n|move|p2a: Ninetales|Blizzard|p1a: Tapu Koko\n|-damage|p1a: Tapu Koko|28\/100\n|\n|-weather|Snow|[upkeep]\n|upkeep\n|turn|18\n|\n|t:|1700236985\n|move|p1a: Tapu Koko|U-turn|p2a: Ninetales\n|-resisted|p2a: Ninetales\n|-damage|p2a: Ninetales|91\/100\n|\n|t:|1700236989\n|switch|p1a: Moltres|Moltres|100\/100|[from] U-turn\n|-ability|p1a: Moltres|Pressure\n|move|p2a: Ninetales|Blizzard|p1a: Moltres\n|-damage|p1a: Moltres|87\/100\n|\n|-weather|Snow|[upkeep]\n|upkeep\n|turn|19\n|\n|t:|1700237011\n|switch|p2a: Zeraora|Zeraora|54\/100\n|move|p1a: Moltres|Flamethrower|p2a: Zeraora\n|-damage|p2a: Zeraora|5\/100\n|\n|-weather|Snow|[upkeep]\n|-fieldend|move: Electric Terrain\n|upkeep\n|turn|20\n|\n|t:|1700237023\n|switch|p1a: Tapu Koko|Tapu Koko|28\/100\n|-fieldstart|move: Electric Terrain|[from] ability: Electric Surge|[of] p1a: Tapu Koko\n|move|p2a: Zeraora|Electro Ball|p1a: Tapu Koko\n|-resisted|p1a: Tapu Koko\n|-damage|p1a: Tapu Koko|17\/100\n|\n|-weather|none\n|upkeep\n|turn|21\n|\n|t:|1700237032\n|move|p2a: Zeraora|Electro Ball|p1a: Tapu Koko\n|-resisted|p1a: Tapu Koko\n|-damage|p1a: Tapu Koko|6\/100\n|move|p1a: Tapu Koko|U-turn|p2a: Zeraora\n|-damage|p2a: Zeraora|0 fnt\n|faint|p2a: Zeraora\n|\n|t:|1700237041\n|switch|p1a: Scizor|Scizor-Mega, M|49\/100|[from] U-turn\n|\n|upkeep\n|\n|t:|1700237046\n|switch|p2a: Shuckle|Shuckle, M|68\/100\n|turn|22\n|\n|t:|1700237050\n|move|p1a: Scizor|Roost|p1a: Scizor\n|-heal|p1a: Scizor|99\/100\n|-singleturn|p1a: Scizor|move: Roost\n|move|p2a: Shuckle|Sticky Web|p1a: Scizor\n|-sidestart|p1: kerryistina|move: Sticky Web\n|\n|-heal|p2a: Shuckle|74\/100|[from] item: Leftovers\n|upkeep\n|turn|23\n|\n|t:|1700237058\n|move|p1a: Scizor|Swords Dance|p1a: Scizor\n|-boost|p1a: Scizor|atk|2\n|move|p2a: Shuckle|Stealth Rock|p1a: Scizor\n|-sidestart|p1: kerryistina|move: Stealth Rock\n|\n|-heal|p2a: Shuckle|80\/100|[from] item: Leftovers\n|-sideend|p1: kerryistina|move: Light Screen\n|upkeep\n|turn|24\n|\n|t:|1700237066\n|move|p1a: Scizor|U-turn|p2a: Shuckle\n|-damage|p2a: Shuckle|34\/100\n|\n|t:|1700237070\n|switch|p1a: Corviknight|Corviknight, F|80\/100|[from] U-turn\n|-damage|p1a: Corviknight|68\/100|[from] Stealth Rock\n|-ability|p1a: Corviknight|Pressure\n|move|p2a: Shuckle|Final Gambit|p1a: Corviknight\n|-damage|p1a: Corviknight|48\/100\n|faint|p2a: Shuckle\n|\n|-fieldend|move: Electric Terrain\n|upkeep\n|\n|t:|1700237079\n|switch|p2a: Corviknight|Corviknight, F|100\/100\n|turn|25\n|\n|t:|1700237087\n|move|p2a: Corviknight|Agility|p2a: Corviknight\n|-boost|p2a: Corviknight|spe|2\n|move|p1a: Corviknight|Roost|p1a: Corviknight\n|-heal|p1a: Corviknight|98\/100\n|-singleturn|p1a: Corviknight|move: Roost\n|\n|upkeep\n|turn|26\n|\n|t:|1700237094\n|move|p2a: Corviknight|Agility|p2a: Corviknight\n|-boost|p2a: Corviknight|spe|2\n|move|p1a: Corviknight|Defog|p2a: Corviknight\n|-ability|p2a: Corviknight|Mirror Armor\n|-unboost|p1a: Corviknight|evasion|1\n|-sideend|p1: kerryistina|Stealth Rock|[from] move: Defog|[of] p1a: Corviknight\n|-sideend|p1: kerryistina|Sticky Web|[from] move: Defog|[of] p1a: Corviknight\n|\n|upkeep\n|turn|27\n|\n|t:|1700237111\n|switch|p1a: Moltres|Moltres|87\/100\n|-ability|p1a: Moltres|Pressure\n|move|p2a: Corviknight|Agility|p2a: Corviknight\n|-boost|p2a: Corviknight|spe|2\n|\n|upkeep\n|turn|28\n|\n|t:|1700237120\n|move|p2a: Corviknight|Power Trip|p1a: Moltres\n|-damage|p1a: Moltres|52\/100\n|move|p1a: Moltres|Flamethrower|p2a: Corviknight\n|-supereffective|p2a: Corviknight\n|-damage|p2a: Corviknight|6\/100\n|-enditem|p2a: Corviknight|Weakness Policy\n|-boost|p2a: Corviknight|atk|2|[from] item: Weakness Policy\n|-boost|p2a: Corviknight|spa|2|[from] item: Weakness Policy\n|\n|upkeep\n|turn|29\n|\n|t:|1700237134\n|move|p2a: Corviknight|Roost|p2a: Corviknight\n|-heal|p2a: Corviknight|56\/100\n|-singleturn|p2a: Corviknight|move: Roost\n|move|p1a: Moltres|Flamethrower|p2a: Corviknight\n|-supereffective|p2a: Corviknight\n|-damage|p2a: Corviknight|0 fnt\n|faint|p2a: Corviknight\n|\n|upkeep\n|\n|t:|1700237142\n|switch|p2a: Sylveon|Sylveon, M|100\/100\n|turn|30\n|\n|t:|1700237151\n|move|p1a: Moltres|Roost|p1a: Moltres\n|-heal|p1a: Moltres|100\/100\n|-singleturn|p1a: Moltres|move: Roost\n|move|p2a: Sylveon|Wish|p2a: Sylveon\n|\n|upkeep\n|turn|31\n|\n|t:|1700237161\n|move|p1a: Moltres|Flamethrower|p2a: Sylveon\n|-damage|p2a: Sylveon|76\/100\n|move|p2a: Sylveon|Echoed Voice|p1a: Moltres\n|-resisted|p1a: Moltres\n|-damage|p1a: Moltres|91\/100\n|\n|-heal|p2a: Sylveon|100\/100|[from] move: Wish|[wisher] Sylveon\n|upkeep\n|turn|32\n|-message|nero2137 forfeited.\n|\n|win|kerryistina\n|raw|kerryistina's rating: 1175 &rarr; <strong>1199<\/strong><br \/>(+24 for winning)\n|raw|nero2137's rating: 1156 &rarr; <strong>1132<\/strong><br \/>(-24 for losing)\n|l|\u2606nero2137\n","uploadtime":1700237177,"views":28,"p1id":"kerryistina","p2id":"nero2137","formatid":"gen9nationaldex","rating":1132,"private":0,"password":""}