{"id":"gen9nationaldex-1987769912","p1":"local idiot gaming","p2":"Jadii_Xii","format":"[Gen 9] National Dex","log":"|j|\u2606local idiot gaming\n|j|\u2606Jadii_Xii\n|t:|1699635278\n|gametype|singles\n|player|p1|local idiot gaming|bugcatcher-gen4dp|1357\n|player|p2|Jadii_Xii|aaron|1396\n|teamsize|p1|6\n|teamsize|p2|6\n|gen|9\n|tier|[Gen 9] National Dex\n|rated|\n|rule|HP Percentage Mod: HP is shown in percentages\n|rule|Endless Battle Clause: Forcing endless battles is banned\n|rule|OHKO Clause: OHKO moves are banned\n|rule|Evasion Clause: Evasion abilities, items, and moves are banned\n|rule|Evasion Abilities Clause: Evasion abilities are banned\n|rule|Evasion Items Clause: Evasion items are banned\n|rule|Evasion Moves Clause: Evasion moves are banned\n|rule|Species Clause: Limit one of each Pok\u00e9mon\n|rule|Sleep Clause Mod: Limit one foe put to sleep\n|clearpoke\n|poke|p1|Bisharp, F|\n|poke|p1|Scizor, F|\n|poke|p1|Snorlax, F|\n|poke|p1|Chandelure, F|\n|poke|p1|Electrode-Hisui|\n|poke|p1|Clawitzer, M|\n|poke|p2|Urshifu-*, M|\n|poke|p2|Togekiss, F|\n|poke|p2|Porygon-Z|\n|poke|p2|Gengar, F|\n|poke|p2|Garchomp, M|\n|poke|p2|Volcarona, M|\n|teampreview\n|inactive|Battle timer is ON: inactive players will automatically lose when time's up. (requested by local idiot gaming)\n|\n|t:|1699635307\n|start\n|switch|p1a: gun|Clawitzer, M|100\/100\n|switch|p2a: Garchomp|Garchomp, M|100\/100\n|turn|1\n|\n|t:|1699635317\n|move|p2a: Garchomp|Stealth Rock|p1a: gun\n|-sidestart|p1: local idiot gaming|move: Stealth Rock\n|move|p1a: gun|Dragon Pulse|p2a: Garchomp\n|-supereffective|p2a: Garchomp\n|-damage|p2a: Garchomp|0 fnt\n|faint|p2a: Garchomp\n|\n|upkeep\n|\n|t:|1699635326\n|switch|p2a: Gengar|Gengar, F|100\/100\n|turn|2\n|\n|t:|1699635328\n|move|p2a: Gengar|Sludge Wave|p1a: gun\n|-damage|p1a: gun|57\/100\n|move|p1a: gun|Dragon Pulse|p2a: Gengar\n|-crit|p2a: Gengar\n|-enditem|p2a: Gengar|Focus Sash\n|-damage|p2a: Gengar|1\/100\n|-start|p1a: gun|Disable|Dragon Pulse|[from] ability: Cursed Body|[of] p2a: Gengar\n|\n|upkeep\n|turn|3\n|\n|t:|1699635335\n|move|p2a: Gengar|Shadow Ball|p1a: gun\n|-damage|p1a: gun|20\/100\n|-activate|p1a: gun|move: Struggle\n|move|p1a: gun|Struggle|p2a: Gengar\n|-damage|p2a: Gengar|0 fnt\n|faint|p2a: Gengar\n|-damage|p1a: gun|0 fnt|[from] recoil\n|faint|p1a: gun\n|\n|upkeep\n|\n|t:|1699635344\n|switch|p2a: Volcarona|Volcarona, M|100\/100\n|switch|p1a: magic 8 ball|Electrode-Hisui, shiny|100\/100\n|-damage|p1a: magic 8 ball|88\/100|[from] Stealth Rock\n|turn|4\n|\n|t:|1699635347\n|move|p1a: magic 8 ball|Taunt|p2a: Volcarona\n|-start|p2a: Volcarona|move: Taunt\n|move|p2a: Volcarona|Fiery Dance|p1a: magic 8 ball\n|-supereffective|p1a: magic 8 ball\n|-damage|p1a: magic 8 ball|0 fnt\n|faint|p1a: magic 8 ball\n|\n|upkeep\n|\n|t:|1699635359\n|switch|p1a: you irl|Snorlax, F|100\/100\n|-damage|p1a: you irl|88\/100|[from] Stealth Rock\n|turn|5\n|\n|t:|1699635363\n|switch|p2a: Togekiss|Togekiss, F, shiny|100\/100\n|move|p1a: you irl|Self-Destruct|p2a: Togekiss\n|-damage|p2a: Togekiss|20\/100\n|-enditem|p2a: Togekiss|Aguav Berry|[eat]\n|-heal|p2a: Togekiss|53\/100|[from] item: Aguav Berry\n|faint|p1a: you irl\n|\n|upkeep\n|c|\u2606Jadii_Xii|uh\n|c|\u2606local idiot gaming|dang it\n|c|\u2606Jadii_Xii|it is what it is\n|c|\u2606local idiot gaming|should have belly drummed first\n|\n|t:|1699635392\n|switch|p1a: priority move|Scizor, F|100\/100\n|-damage|p1a: priority move|88\/100|[from] Stealth Rock\n|turn|6\n|c|\u2606Jadii_Xii|Oh definitely\n|\n|t:|1699635400\n|detailschange|p1a: priority move|Scizor-Mega, F\n|-mega|p1a: priority move|Scizor|Scizorite\n|-terastallize|p2a: Togekiss|Steel\n|move|p1a: priority move|Bullet Punch|p2a: Togekiss\n|-resisted|p2a: Togekiss\n|-damage|p2a: Togekiss|36\/100\n|move|p2a: Togekiss|Reflect|p2a: Togekiss\n|-sidestart|p2: Jadii_Xii|Reflect\n|\n|upkeep\n|turn|7\n|\n|t:|1699635405\n|switch|p2a: Volcarona|Volcarona, M|100\/100\n|move|p1a: priority move|Swords Dance|p1a: priority move\n|-boost|p1a: priority move|atk|2\n|\n|upkeep\n|turn|8\n|\n|t:|1699635408\n|switch|p1a: fire hazard|Chandelure, F, shiny|100\/100\n|-damage|p1a: fire hazard|76\/100|[from] Stealth Rock\n|move|p2a: Volcarona|Fiery Dance|p1a: fire hazard\n|-start|p1a: fire hazard|ability: Flash Fire\n|\n|upkeep\n|turn|9\n|\n|t:|1699635413\n|move|p1a: fire hazard|Flamethrower|p2a: Volcarona\n|-damage|p2a: Volcarona|34\/100\n|move|p2a: Volcarona|Quiver Dance|p2a: Volcarona\n|-boost|p2a: Volcarona|spa|1\n|-boost|p2a: Volcarona|spd|1\n|-boost|p2a: Volcarona|spe|1\n|\n|upkeep\n|turn|10\n|\n|t:|1699635415\n|move|p2a: Volcarona|Fiery Dance|p1a: fire hazard\n|-immune|p1a: fire hazard|[from] ability: Flash Fire\n|move|p1a: fire hazard|Flamethrower|p2a: Volcarona\n|-damage|p2a: Volcarona|0 fnt\n|faint|p2a: Volcarona\n|\n|-sideend|p2: Jadii_Xii|Reflect\n|upkeep\n|c|\u2606Jadii_Xii|MISCLICK\n|c|\u2606local idiot gaming|damn\n|\n|t:|1699635424\n|switch|p2a: Urshifu|Urshifu-Rapid-Strike, M|100\/100\n|turn|11\n|\n|t:|1699635427\n|move|p1a: fire hazard|Flamethrower|p2a: Urshifu\n|-resisted|p2a: Urshifu\n|-damage|p2a: Urshifu|43\/100\n|move|p2a: Urshifu|Surging Strikes|p1a: fire hazard\n|-supereffective|p1a: fire hazard\n|-crit|p1a: fire hazard\n|-damage|p1a: fire hazard|23\/100\n|-supereffective|p1a: fire hazard\n|-crit|p1a: fire hazard\n|-damage|p1a: fire hazard|0 fnt\n|faint|p1a: fire hazard\n|-hitcount|p1: fire hazard|2\n|\n|upkeep\n|\n|t:|1699635434\n|switch|p1a: priority move|Scizor-Mega, F|88\/100\n|-damage|p1a: priority move|76\/100|[from] Stealth Rock\n|turn|12\n|\n|t:|1699635435\n|switch|p2a: Togekiss|Togekiss, F, shiny, tera:Steel|36\/100\n|move|p1a: priority move|Swords Dance|p1a: priority move\n|-boost|p1a: priority move|atk|2\n|\n|upkeep\n|turn|13\n|\n|t:|1699635438\n|move|p2a: Togekiss|Yawn|p1a: priority move\n|-start|p1a: priority move|move: Yawn|[of] p2a: Togekiss\n|move|p1a: priority move|Bug Bite|p2a: Togekiss\n|-resisted|p2a: Togekiss\n|-damage|p2a: Togekiss|0 fnt\n|faint|p2a: Togekiss\n|\n|upkeep\n|\n|t:|1699635441\n|switch|p2a: Urshifu|Urshifu-Rapid-Strike, M|43\/100\n|turn|14\n|\n|t:|1699635444\n|move|p2a: Urshifu|Detect|p2a: Urshifu\n|-singleturn|p2a: Urshifu|Protect\n|move|p1a: priority move|U-turn|p2a: Urshifu\n|-activate|p2a: Urshifu|move: Protect\n|\n|-end|p1a: priority move|move: Yawn|[silent]\n|-status|p1a: priority move|slp\n|upkeep\n|turn|15\n|\n|t:|1699635449\n|move|p2a: Urshifu|Drain Punch|p1a: priority move\n|-damage|p1a: priority move|48\/100 slp\n|-heal|p2a: Urshifu|57\/100|[from] drain|[of] p1a: priority move\n|cant|p1a: priority move|slp\n|\n|upkeep\n|turn|16\n|\n|t:|1699635454\n|move|p2a: Urshifu|Drain Punch|p1a: priority move\n|-damage|p1a: priority move|19\/100 slp\n|-heal|p2a: Urshifu|72\/100|[from] drain|[of] p1a: priority move\n|cant|p1a: priority move|slp\n|\n|upkeep\n|turn|17\n|\n|t:|1699635459\n|cant|p1a: priority move|slp\n|move|p2a: Urshifu|Drain Punch|p1a: priority move\n|-damage|p1a: priority move|0 fnt\n|-heal|p2a: Urshifu|81\/100|[from] drain|[of] p1a: priority move\n|faint|p1a: priority move\n|\n|upkeep\n|\n|t:|1699635461\n|switch|p1a: checkmate|Bisharp, F, shiny|100\/100\n|-damage|p1a: checkmate|95\/100|[from] Stealth Rock\n|turn|18\n|c|\u2606Jadii_Xii|gg\n|\n|t:|1699635466\n|-terastallize|p1a: checkmate|Ghost\n|move|p2a: Urshifu|Detect|p2a: Urshifu\n|-singleturn|p2a: Urshifu|Protect\n|move|p1a: checkmate|Swords Dance|p1a: checkmate\n|-boost|p1a: checkmate|atk|2\n|\n|upkeep\n|turn|19\n|c|\u2606local idiot gaming|ggs\n|\n|t:|1699635473\n|move|p2a: Urshifu|Surging Strikes|p1a: checkmate\n|-crit|p1a: checkmate\n|-damage|p1a: checkmate|81\/100\n|-crit|p1a: checkmate\n|-damage|p1a: checkmate|67\/100\n|-crit|p1a: checkmate\n|-damage|p1a: checkmate|54\/100\n|-hitcount|p1a: checkmate|3\n|move|p1a: checkmate|Brick Break|p2a: Urshifu\n|-damage|p2a: Urshifu|27\/100\n|\n|upkeep\n|turn|20\n|\n|t:|1699635478\n|move|p1a: checkmate|Sucker Punch|p2a: Urshifu\n|-resisted|p2a: Urshifu\n|-damage|p2a: Urshifu|0 fnt\n|faint|p2a: Urshifu\n|\n|upkeep\n|\n|t:|1699635480\n|switch|p2a: Porygon-Z|Porygon-Z, shiny|100\/100\n|-ability|p2a: Porygon-Z|Download|boost\n|-boost|p2a: Porygon-Z|spa|1\n|turn|21\n|\n|t:|1699635484\n|move|p2a: Porygon-Z|Shadow Ball|p1a: checkmate\n|-supereffective|p1a: checkmate\n|-damage|p1a: checkmate|0 fnt\n|faint|p1a: checkmate\n|\n|win|Jadii_Xii\n|raw|local idiot gaming's rating: 1357 &rarr; <strong>1339<\/strong><br \/>(-18 for losing)\n|raw|Jadii_Xii's rating: 1396 &rarr; <strong>1414<\/strong><br \/>(+18 for winning)\n|c|\u2606Jadii_Xii|wp\n|c|\u2606local idiot gaming|u2\n|l|\u2606local idiot gaming\n","uploadtime":1699635501,"views":4,"p1id":"localidiotgaming","p2id":"jadiixii","formatid":"gen9nationaldex","rating":1339,"private":0,"password":""}