{"id":"gen9nationaldex-1988128147","p1":"Kybushi+","p2":"Zachary Zorua 7","format":"[Gen 9] National Dex","log":"|j|\u2606Kybushi+\n|j|\u2606Zachary Zorua 7\n|t:|1699673049\n|gametype|singles\n|player|p1|Kybushi+|pokemonbreederf|\n|player|p2|Zachary Zorua 7|n-masters2|\n|teamsize|p1|6\n|teamsize|p2|6\n|gen|9\n|tier|[Gen 9] National Dex\n|rule|HP Percentage Mod: HP is shown in percentages\n|rule|Endless Battle Clause: Forcing endless battles is banned\n|rule|OHKO Clause: OHKO moves are banned\n|rule|Evasion Clause: Evasion abilities, items, and moves are banned\n|rule|Evasion Abilities Clause: Evasion abilities are banned\n|rule|Evasion Items Clause: Evasion items are banned\n|rule|Evasion Moves Clause: Evasion moves are banned\n|rule|Species Clause: Limit one of each Pok\u00e9mon\n|rule|Sleep Clause Mod: Limit one foe put to sleep\n|clearpoke\n|poke|p1|Sinistcha|\n|poke|p1|Arboliva, M|\n|poke|p1|Heatran, M|\n|poke|p1|Samurott-Hisui, F|\n|poke|p1|Sneasler, M|\n|poke|p1|Great Tusk|\n|poke|p2|Ferrothorn, M|\n|poke|p2|Slowking-Galar, M|\n|poke|p2|Corviknight, M|\n|poke|p2|Zoroark-Hisui, F|\n|poke|p2|Manectric, M|\n|poke|p2|Sneasler, F|\n|teampreview\n|inactive|Battle timer is ON: inactive players will automatically lose when time's up. (requested by Kybushi+)\n|inactive|Zachary Zorua 7 also wants the timer to be on.\n|\n|t:|1699673065\n|start\n|switch|p1a: Samurott|Samurott-Hisui, F|100\/100\n|switch|p2a: Slowking|Slowking-Galar, M|100\/100\n|turn|1\n|\n|t:|1699673073\n|switch|p2a: Ferrothorn|Ferrothorn, M|100\/100\n|move|p1a: Samurott|Ceaseless Edge|p2a: Ferrothorn\n|-damage|p2a: Ferrothorn|63\/100\n|-damage|p1a: Samurott|88\/100|[from] ability: Iron Barbs|[of] p2a: Ferrothorn\n|-sidestart|p2: Zachary Zorua 7|Spikes\n|\n|-heal|p2a: Ferrothorn|69\/100|[from] item: Leftovers\n|upkeep\n|turn|2\n|\n|t:|1699673082\n|move|p1a: Samurott|Ceaseless Edge|p2a: Ferrothorn|[miss]\n|-miss|p1a: Samurott|p2a: Ferrothorn\n|move|p2a: Ferrothorn|Stealth Rock|p1a: Samurott\n|-sidestart|p1: Kybushi+|move: Stealth Rock\n|\n|-heal|p2a: Ferrothorn|75\/100|[from] item: Leftovers\n|upkeep\n|turn|3\n|c|\u2606Zachary Zorua 7|F\n|c|\u2606Kybushi+|rargh\n|\n|t:|1699673107\n|switch|p1a: Great Tusk|Great Tusk|100\/100\n|switch|p2a: Corviknight|Corviknight, M|100\/100\n|\n|upkeep\n|turn|4\n|j| Allahsmh\n|c|\u2606Kybushi+|I learned ceasless edge had 90% acc the hard way\n|inactive|Zachary Zorua 7 has 270 seconds left.\n|c|\u2606Zachary Zorua 7|Also thanks for the challenge, i needed to test a fresh team\n|\n|t:|1699673132\n|move|p1a: Great Tusk|Rapid Spin|p2a: Corviknight\n|-resisted|p2a: Corviknight\n|-damage|p2a: Corviknight|93\/100\n|-boost|p1a: Great Tusk|spe|1\n|-damage|p1a: Great Tusk|84\/100|[from] item: Rocky Helmet|[of] p2a: Corviknight\n|-sideend|p1: Kybushi+|Stealth Rock|[from] move: Rapid Spin|[of] p1a: Great Tusk\n|move|p2a: Corviknight|U-turn|p1a: Great Tusk\n|-resisted|p1a: Great Tusk\n|-damage|p1a: Great Tusk|78\/100\n|\n|t:|1699673145\n|switch|p2a: Ferrothorn|Ferrothorn, M|75\/100|[from] U-turn\n|-damage|p2a: Ferrothorn|62\/100|[from] Spikes\n|\n|-heal|p2a: Ferrothorn|68\/100|[from] item: Leftovers\n|upkeep\n|turn|5\n|inactive|Kybushi+ has 270 seconds left.\n|\n|t:|1699673176\n|switch|p2a: Corviknight|Corviknight, M|93\/100\n|move|p1a: Great Tusk|Close Combat|p2a: Corviknight\n|-damage|p2a: Corviknight|38\/100\n|-unboost|p1a: Great Tusk|def|1\n|-unboost|p1a: Great Tusk|spd|1\n|-damage|p1a: Great Tusk|61\/100|[from] item: Rocky Helmet|[of] p2a: Corviknight\n|\n|upkeep\n|turn|6\n|inactive|Zachary Zorua 7 has 270 seconds left.\n|c|\u2606Kybushi+|GET OUT HERE RAAAh\n|c|\u2606Kybushi+|THIS IS THE TUSK DIFFERENCE\n|\n|t:|1699673207\n|move|p1a: Great Tusk|Close Combat|p2a: Corviknight\n|-damage|p2a: Corviknight|0 fnt\n|-unboost|p1a: Great Tusk|def|1\n|-unboost|p1a: Great Tusk|spd|1\n|-damage|p1a: Great Tusk|44\/100|[from] item: Rocky Helmet|[of] p2a: Corviknight\n|faint|p2a: Corviknight\n|\n|upkeep\n|\n|t:|1699673211\n|switch|p2a: Slowking|Slowking-Galar, M|100\/100\n|-damage|p2a: Slowking|88\/100|[from] Spikes\n|turn|7\n|\n|t:|1699673216\n|move|p1a: Great Tusk|Headlong Rush|p2a: Slowking\n|-supereffective|p2a: Slowking\n|-damage|p2a: Slowking|0 fnt\n|-unboost|p1a: Great Tusk|def|1\n|-unboost|p1a: Great Tusk|spd|1\n|faint|p2a: Slowking\n|\n|upkeep\n|\n|t:|1699673228\n|switch|p2a: Sneasler|Sneasler, F|100\/100\n|-damage|p2a: Sneasler|88\/100|[from] Spikes\n|turn|8\n|\n|t:|1699673235\n|-end|p1a: Great Tusk|Protosynthesis|[silent]\n|switch|p1a: Samurott|Samurott-Hisui, F|88\/100\n|switch|p2a: Ferrothorn|Ferrothorn, M|68\/100\n|-damage|p2a: Ferrothorn|56\/100|[from] Spikes\n|\n|-heal|p2a: Ferrothorn|62\/100|[from] item: Leftovers\n|upkeep\n|turn|9\n|\n|t:|1699673242\n|switch|p2a: Manectric|Manectric, M|100\/100\n|-damage|p2a: Manectric|88\/100|[from] Spikes\n|move|p1a: Samurott|Sacred Sword|p2a: Manectric\n|-damage|p2a: Manectric|4\/100\n|\n|upkeep\n|turn|10\n|\n|t:|1699673245\n|detailschange|p2a: Manectric|Manectric-Mega, M\n|-mega|p2a: Manectric|Manectric|Manectite\n|-ability|p2a: Manectric|Intimidate|boost\n|-unboost|p1a: Samurott|atk|1\n|move|p2a: Manectric|Volt Switch|p1a: Samurott\n|-supereffective|p1a: Samurott\n|-damage|p1a: Samurott|0 fnt\n|faint|p1a: Samurott\n|inactive|Zachary Zorua 7 has 270 seconds left.\n|\n|t:|1699673251\n|switch|p2a: Ferrothorn|Ferrothorn, M|100\/100|[from] Volt Switch\n|-damage|p2a: Ferrothorn|88\/100|[from] Spikes\n|\n|upkeep\n|\n|t:|1699673255\n|switch|p1a: Sneasler|Sneasler, M|100\/100\n|turn|11\n|\n|t:|1699673261\n|replace|p2a: Zoroark|Zoroark-Hisui, F\n|-end|p2a: Zoroark|Illusion\n|-zpower|p2a: Zoroark\n|move|p2a: Zoroark|Z-Happy Hour|p2a: Zoroark|[anim]Happy Hour\n|-boost|p2a: Zoroark|atk|1|[zeffect]\n|-boost|p2a: Zoroark|def|1|[zeffect]\n|-boost|p2a: Zoroark|spa|1|[zeffect]\n|-boost|p2a: Zoroark|spd|1|[zeffect]\n|-boost|p2a: Zoroark|spe|1|[zeffect]\n|move|p1a: Sneasler|Swords Dance|p1a: Sneasler\n|-boost|p1a: Sneasler|atk|2\n|\n|upkeep\n|turn|12\n|c|\u2606Kybushi+|uh oh\n|\n|t:|1699673273\n|switch|p1a: Great Tusk|Great Tusk|44\/100\n|move|p2a: Zoroark|Shadow Ball|p1a: Great Tusk\n|-damage|p1a: Great Tusk|0 fnt\n|faint|p1a: Great Tusk\n|-end|p1a: Great Tusk|Protosynthesis|[silent]\n|\n|upkeep\n|\n|t:|1699673275\n|switch|p1a: Arboliva|Arboliva, M|100\/100\n|turn|13\n|\n|t:|1699673277\n|move|p2a: Zoroark|Flamethrower|p1a: Arboliva\n|-supereffective|p1a: Arboliva\n|-damage|p1a: Arboliva|50\/100\n|-fieldstart|move: Grassy Terrain|[from] ability: Seed Sower|[of] p1a: Arboliva\n|move|p1a: Arboliva|Mirror Coat|p2a: Zoroark\n|-damage|p2a: Zoroark|0 fnt\n|faint|p2a: Zoroark\n|\n|-heal|p1a: Arboliva|56\/100|[from] Grassy Terrain\n|upkeep\n|\n|t:|1699673283\n|switch|p2a: Sneasler|Sneasler, F|88\/100\n|-damage|p2a: Sneasler|76\/100|[from] Spikes\n|turn|14\n|c|\u2606Kybushi+|THE GOAT\n|c|\u2606Kybushi+|THIS IS THE\n|c|\u2606Kybushi+|GOAT DIFF\n|\n|t:|1699673298\n|switch|p1a: Sneasler|Sneasler, M|100\/100\n|-enditem|p1a: Sneasler|Grassy Seed\n|-boost|p1a: Sneasler|def|1|[from] item: Grassy Seed\n|-terastallize|p2a: Sneasler|Dark\n|move|p2a: Sneasler|Swords Dance|p2a: Sneasler\n|-boost|p2a: Sneasler|atk|2\n|\n|-heal|p2a: Sneasler|82\/100|[from] Grassy Terrain\n|upkeep\n|turn|15\n|c|\u2606Zachary Zorua 7|Crap\n|c|\u2606Kybushi+|this is why\n|c|\u2606Kybushi+|arboliva\n|c|\u2606Kybushi+|is a goated mon\n|c|\u2606Zachary Zorua 7|It is\n|inactive|Zachary Zorua 7 has 270 seconds left.\n|c|\u2606Kybushi+|he is BUILT like that\n|c|\u2606Zachary Zorua 7|But\n|c| Allahsmh|i dont think ive seen a tera dark sneas bf\n|c|\u2606Zachary Zorua 7|I just butchered the plan\n|c|\u2606Zachary Zorua 7|I tried a 130 bp fling with big nugget\n|inactive|Zachary Zorua 7 has 240 seconds left.\n|c|\u2606Kybushi+|ngl all ur talking costed u the game\n|\n|t:|1699673360\n|move|p1a: Sneasler|Close Combat|p2a: Sneasler\n|-supereffective|p2a: Sneasler\n|-damage|p2a: Sneasler|0 fnt\n|-unboost|p1a: Sneasler|def|1\n|-unboost|p1a: Sneasler|spd|1\n|faint|p2a: Sneasler\n|\n|upkeep\n|\n|t:|1699673364\n|switch|p2a: Manectric|Manectric-Mega, M|4\/100\n|-damage|p2a: Manectric|0 fnt|[from] Spikes\n|faint|p2a: Manectric\n|c|\u2606Kybushi+|I was about to press acrobat\n|inactive|Zachary Zorua 7 has 240 seconds left.\n|c|\u2606Kybushi+|and then I realized that it was tera dark\n|c|\u2606Kybushi+|skul\n|\n|t:|1699673390\n|switch|p2a: Ferrothorn|Ferrothorn, M|62\/100\n|-damage|p2a: Ferrothorn|50\/100|[from] Spikes\n|turn|16\n|c|\u2606Zachary Zorua 7|Ggwp\n|\n|t:|1699673395\n|move|p1a: Sneasler|Close Combat|p2a: Ferrothorn\n|-supereffective|p2a: Ferrothorn\n|-damage|p2a: Ferrothorn|0 fnt\n|-unboost|p1a: Sneasler|def|1\n|-unboost|p1a: Sneasler|spd|1\n|-damage|p1a: Sneasler|88\/100|[from] ability: Iron Barbs|[of] p2a: Ferrothorn\n|faint|p2a: Ferrothorn\n|\n|win|Kybushi+\n|c|\u2606Kybushi+|ggwp\n|c| Allahsmh|arboliva carry\n|c|\u2606Kybushi+|mind if if  I share this battle\n","uploadtime":1699673413,"views":4,"p1id":"kybushi","p2id":"zacharyzorua7","formatid":"gen9nationaldex","rating":0,"private":0,"password":""}