{"id":"gen9nationaldex-1987647152","p1":"steals many wives","p2":"shenye","format":"[Gen 9] National Dex","log":"|j|\u2606steals many wives\n|j|\u2606shenye\n|t:|1699623650\n|gametype|singles\n|player|p1|steals many wives|waitress|1040\n|player|p2|shenye|266|1000\n|teamsize|p1|6\n|teamsize|p2|6\n|gen|9\n|tier|[Gen 9] National Dex\n|rated|\n|rule|HP Percentage Mod: HP is shown in percentages\n|rule|Endless Battle Clause: Forcing endless battles is banned\n|rule|OHKO Clause: OHKO moves are banned\n|rule|Evasion Clause: Evasion abilities, items, and moves are banned\n|rule|Evasion Abilities Clause: Evasion abilities are banned\n|rule|Evasion Items Clause: Evasion items are banned\n|rule|Evasion Moves Clause: Evasion moves are banned\n|rule|Species Clause: Limit one of each Pok\u00e9mon\n|rule|Sleep Clause Mod: Limit one foe put to sleep\n|clearpoke\n|poke|p1|Torterra, F|\n|poke|p1|Excadrill, M|\n|poke|p1|Clodsire, M|\n|poke|p1|Gastrodon, F|\n|poke|p1|Mudsdale, F|\n|poke|p1|Camerupt, M|\n|poke|p2|Gliscor, F|\n|poke|p2|Greninja-*, M|\n|poke|p2|Aegislash, M|\n|poke|p2|Umbreon, M|\n|poke|p2|Sceptile, M|\n|poke|p2|Excadrill, F|\n|teampreview\n|\n|t:|1699623669\n|start\n|switch|p1a: Vesuvius|Camerupt, M|100\/100\n|switch|p2a: Aegislash|Aegislash, M|100\/100\n|turn|1\n|c|\u2606steals many wives|I feel like i've fought way too many Gliscors today\n|c|\u2606steals many wives|Did they get buffed or something?\n|\n|t:|1699623695\n|switch|p2a: Umbreon|Umbreon, M|100\/100\n|detailschange|p1a: Vesuvius|Camerupt-Mega, M\n|-mega|p1a: Vesuvius|Camerupt|Cameruptite\n|move|p1a: Vesuvius|Flamethrower|p2a: Umbreon\n|-damage|p2a: Umbreon|66\/100\n|\n|-heal|p2a: Umbreon|72\/100|[from] item: Leftovers\n|upkeep\n|turn|2\n|\n|t:|1699623712\n|move|p2a: Umbreon|Light Screen|p2a: Umbreon\n|-sidestart|p2: shenye|move: Light Screen\n|move|p1a: Vesuvius|Flamethrower|p2a: Umbreon\n|-damage|p2a: Umbreon|55\/100\n|\n|-heal|p2a: Umbreon|61\/100|[from] item: Leftovers\n|upkeep\n|turn|3\n|\n|t:|1699623750\n|switch|p1a: Thicc|Mudsdale, F|100\/100\n|move|p2a: Umbreon|Moonlight|p2a: Umbreon\n|-heal|p2a: Umbreon|100\/100\n|\n|upkeep\n|turn|4\n|\n|t:|1699623777\n|switch|p2a: Gliscor|Gliscor, F|100\/100\n|move|p1a: Thicc|Iron Defense|p1a: Thicc\n|-boost|p1a: Thicc|def|2\n|\n|-status|p2a: Gliscor|tox|[from] item: Toxic Orb\n|upkeep\n|turn|5\n|\n|t:|1699623814\n|move|p2a: Gliscor|Stealth Rock|p1a: Thicc\n|-sidestart|p1: steals many wives|move: Stealth Rock\n|move|p1a: Thicc|Smack Down|p2a: Gliscor\n|-damage|p2a: Gliscor|89\/100 tox\n|-start|p2a: Gliscor|Smack Down\n|\n|-heal|p2a: Gliscor|100\/100 tox|[from] ability: Poison Heal\n|upkeep\n|turn|6\n|\n|t:|1699623826\n|move|p2a: Gliscor|Toxic Spikes|p1a: Thicc\n|-sidestart|p1: steals many wives|move: Toxic Spikes\n|move|p1a: Thicc|Earthquake|p2a: Gliscor\n|-damage|p2a: Gliscor|65\/100 tox\n|\n|-heal|p2a: Gliscor|77\/100 tox|[from] ability: Poison Heal\n|-sideend|p2: shenye|move: Light Screen\n|upkeep\n|turn|7\n|inactive|Battle timer is ON: inactive players will automatically lose when time's up. (requested by steals many wives)\n|\n|t:|1699623864\n|switch|p2a: Sceptile|Sceptile, M|100\/100\n|move|p1a: Thicc|Earthquake|p2a: Sceptile\n|-resisted|p2a: Sceptile\n|-damage|p2a: Sceptile|67\/100\n|\n|upkeep\n|turn|8\n|\n|t:|1699623882\n|switch|p1a: Vesuvius|Camerupt-Mega, M|100\/100\n|-damage|p1a: Vesuvius|88\/100|[from] Stealth Rock\n|-status|p1a: Vesuvius|psn\n|detailschange|p2a: Sceptile|Sceptile-Mega, M\n|-mega|p2a: Sceptile|Sceptile|Sceptilite\n|move|p2a: Sceptile|Leaf Storm|p1a: Vesuvius\n|-damage|p1a: Vesuvius|20\/100 psn\n|-unboost|p2a: Sceptile|spa|2\n|\n|-damage|p1a: Vesuvius|8\/100 psn|[from] psn\n|upkeep\n|turn|9\n|\n|t:|1699623902\n|switch|p2a: Greninja|Greninja, M|100\/100\n|move|p1a: Vesuvius|Flamethrower|p2a: Greninja\n|-resisted|p2a: Greninja\n|-damage|p2a: Greninja|55\/100\n|\n|-damage|p1a: Vesuvius|0 fnt|[from] psn\n|faint|p1a: Vesuvius\n|upkeep\n|\n|t:|1699623909\n|switch|p1a: Land Blimp|Clodsire, M|100\/100\n|-damage|p1a: Land Blimp|94\/100|[from] Stealth Rock\n|-sideend|p1: steals many wives|move: Toxic Spikes|[of] p1a: Land Blimp\n|turn|10\n|\n|t:|1699623919\n|move|p2a: Greninja|Ice Beam|p1a: Land Blimp\n|-supereffective|p1a: Land Blimp\n|-damage|p1a: Land Blimp|58\/100\n|move|p1a: Land Blimp|Earthquake|p2a: Greninja\n|-damage|p2a: Greninja|0 fnt\n|faint|p2a: Greninja\n|\n|upkeep\n|\n|t:|1699623930\n|switch|p2a: Gliscor|Gliscor, F|77\/100 tox\n|turn|11\n|inactive|steals many wives has 120 seconds left.\n|\n|t:|1699623966\n|move|p2a: Gliscor|Toxic Spikes|p1a: Land Blimp\n|-sidestart|p1: steals many wives|move: Toxic Spikes\n|move|p1a: Land Blimp|Liquidation|p2a: Gliscor\n|-supereffective|p2a: Gliscor\n|-damage|p2a: Gliscor|45\/100 tox\n|\n|-heal|p2a: Gliscor|58\/100 tox|[from] ability: Poison Heal\n|upkeep\n|turn|12\n|inactive|steals many wives has 120 seconds left.\n|\n|t:|1699623988\n|switch|p2a: Excadrill|Excadrill, F|100\/100\n|-ability|p2a: Excadrill|Mold Breaker\n|move|p1a: Land Blimp|Liquidation|p2a: Excadrill\n|-supereffective|p2a: Excadrill\n|-damage|p2a: Excadrill|64\/100\n|\n|upkeep\n|turn|13\n|\n|t:|1699624000\n|move|p2a: Excadrill|Earthquake|p1a: Land Blimp\n|-supereffective|p1a: Land Blimp\n|-crit|p1a: Land Blimp\n|-damage|p1a: Land Blimp|0 fnt\n|faint|p1a: Land Blimp\n|\n|upkeep\n|\n|t:|1699624007\n|switch|p1a: Drilliam Wallace|Excadrill, M|100\/100\n|-damage|p1a: Drilliam Wallace|97\/100|[from] Stealth Rock\n|-ability|p1a: Drilliam Wallace|Mold Breaker\n|turn|14\n|\n|t:|1699624027\n|switch|p2a: Umbreon|Umbreon, M|100\/100\n|move|p1a: Drilliam Wallace|Rapid Spin|p2a: Umbreon\n|-damage|p2a: Umbreon|87\/100\n|-boost|p1a: Drilliam Wallace|spe|1\n|-sideend|p1: steals many wives|Toxic Spikes|[from] move: Rapid Spin|[of] p1a: Drilliam Wallace\n|-sideend|p1: steals many wives|Stealth Rock|[from] move: Rapid Spin|[of] p1a: Drilliam Wallace\n|\n|-heal|p2a: Umbreon|93\/100|[from] item: Leftovers\n|upkeep\n|turn|15\n|\n|t:|1699624040\n|move|p1a: Drilliam Wallace|Earthquake|p2a: Umbreon\n|-damage|p2a: Umbreon|50\/100\n|move|p2a: Umbreon|Reflect|p2a: Umbreon\n|-sidestart|p2: shenye|Reflect\n|\n|-heal|p2a: Umbreon|56\/100|[from] item: Leftovers\n|upkeep\n|turn|16\n|\n|t:|1699624047\n|move|p1a: Drilliam Wallace|Brick Break|p2a: Umbreon\n|-sideend|p2: shenye|Reflect\n|-supereffective|p2a: Umbreon\n|-damage|p2a: Umbreon|15\/100\n|move|p2a: Umbreon|Moonlight|p2a: Umbreon\n|-heal|p2a: Umbreon|65\/100\n|\n|-heal|p2a: Umbreon|71\/100|[from] item: Leftovers\n|upkeep\n|turn|17\n|c|\u2606steals many wives|I think not\n|c|\u2606steals many wives|No barriers for you\n|\n|t:|1699624065\n|switch|p2a: Aegislash|Aegislash, M|100\/100\n|move|p1a: Drilliam Wallace|Brick Break|p2a: Aegislash\n|-immune|p2a: Aegislash\n|\n|upkeep\n|turn|18\n|\n|t:|1699624078\n|move|p1a: Drilliam Wallace|Earthquake|p2a: Aegislash\n|-supereffective|p2a: Aegislash\n|-damage|p2a: Aegislash|15\/100\n|-enditem|p2a: Aegislash|Weakness Policy\n|-boost|p2a: Aegislash|atk|2|[from] item: Weakness Policy\n|-boost|p2a: Aegislash|spa|2|[from] item: Weakness Policy\n|-formechange|p2a: Aegislash|Aegislash-Blade||[from] ability: Stance Change\n|move|p2a: Aegislash|Sacred Sword|p1a: Drilliam Wallace\n|-supereffective|p1a: Drilliam Wallace\n|-damage|p1a: Drilliam Wallace|0 fnt\n|faint|p1a: Drilliam Wallace\n|\n|upkeep\n|-message|steals many wives forfeited.\n|\n|win|shenye\n|raw|steals many wives's rating: 1040 &rarr; <strong>1022<\/strong><br \/>(-18 for losing)\n|raw|shenye's rating: 1000 &rarr; <strong>1045<\/strong><br \/>(+45 for winning)\n|l|\u2606steals many wives\n","uploadtime":1699624116,"views":8,"p1id":"stealsmanywives","p2id":"shenye","formatid":"gen9nationaldex","rating":1022,"private":0,"password":""}