{"id":"gen9nationaldex-1998713021","p1":"Hades RFX","p2":"theduck898","format":"[Gen 9] National Dex","log":"|html|<div class=\"broadcast-blue\"><strong>[Gen 9] National Dex is currently suspecting Sneasler! For information on how to participate check out the <a href=\"https:\/\/www.smogon.com\/forums\/threads\/sv-national-dex-suspect-8-just-dance.3731534\/\">suspect thread<\/a>.<\/strong><\/div>\n|j|\u2606Hades RFX\n|j|\u2606theduck898\n|t:|1700976436\n|gametype|singles\n|player|p1|Hades RFX|alec-anime|\n|player|p2|theduck898|caitlin|\n|teamsize|p1|6\n|teamsize|p2|6\n|gen|9\n|tier|[Gen 9] National Dex\n|rule|HP Percentage Mod: HP is shown in percentages\n|rule|Endless Battle Clause: Forcing endless battles is banned\n|rule|OHKO Clause: OHKO moves are banned\n|rule|Evasion Clause: Evasion abilities, items, and moves are banned\n|rule|Evasion Abilities Clause: Evasion abilities are banned\n|rule|Evasion Items Clause: Evasion items are banned\n|rule|Evasion Moves Clause: Evasion moves are banned\n|rule|Species Clause: Limit one of each Pok\u00e9mon\n|rule|Sleep Clause Mod: Limit one foe put to sleep\n|clearpoke\n|poke|p1|Blacephalon|\n|poke|p1|Gengar, M|\n|poke|p1|Zoroark-Hisui, F|\n|poke|p1|Ceruledge, M|\n|poke|p1|Froslass, F|\n|poke|p1|Mimikyu, M|\n|poke|p2|Infernape, F|\n|poke|p2|Umbreon, F|\n|poke|p2|Iron Moth|\n|poke|p2|Rotom-Wash|\n|poke|p2|Rillaboom, M|\n|poke|p2|Salamence, F|\n|teampreview\n|\n|t:|1700976488\n|start\n|switch|p1a: Froslass|Froslass, F|100\/100\n|switch|p2a: Salamence|Salamence, F|100\/100\n|turn|1\n|\n|t:|1700976496\n|switch|p2a: Umbreon|Umbreon, F|100\/100\n|move|p1a: Froslass|Ice Beam|p2a: Umbreon\n|-damage|p2a: Umbreon|81\/100\n|\n|-heal|p2a: Umbreon|88\/100|[from] item: Leftovers\n|upkeep\n|turn|2\n|\n|t:|1700976513\n|move|p1a: Froslass|Spikes|p2a: Umbreon\n|-sidestart|p2: theduck898|Spikes\n|move|p2a: Umbreon|Foul Play|p1a: Froslass\n|-supereffective|p1a: Froslass\n|-damage|p1a: Froslass|31\/100\n|-start|p2a: Umbreon|Disable|Foul Play|[from] ability: Cursed Body|[of] p1a: Froslass\n|\n|-heal|p2a: Umbreon|94\/100|[from] item: Leftovers\n|upkeep\n|turn|3\n|\n|t:|1700976521\n|move|p1a: Froslass|Spikes|p2a: Umbreon\n|-sidestart|p2: theduck898|Spikes\n|move|p2a: Umbreon|Toxic|p1a: Froslass\n|-status|p1a: Froslass|tox\n|\n|-heal|p2a: Umbreon|99\/100|[from] item: Leftovers\n|-damage|p1a: Froslass|25\/100 tox|[from] psn\n|upkeep\n|turn|4\n|\n|t:|1700976525\n|move|p2a: Umbreon|Protect|p2a: Umbreon\n|-singleturn|p2a: Umbreon|Protect\n|move|p1a: Froslass|Spikes|p2a: Umbreon\n|-sidestart|p2: theduck898|Spikes\n|\n|-heal|p2a: Umbreon|100\/100|[from] item: Leftovers\n|-damage|p1a: Froslass|13\/100 tox|[from] psn\n|upkeep\n|turn|5\n|\n|t:|1700976532\n|switch|p2a: Rotom|Rotom-Wash|100\/100\n|move|p1a: Froslass|Destiny Bond|p1a: Froslass\n|-singlemove|p1a: Froslass|Destiny Bond\n|\n|-damage|p1a: Froslass|0 fnt|[from] psn\n|faint|p1a: Froslass\n|upkeep\n|\n|t:|1700976538\n|switch|p1a: Mimikyu|Mimikyu, M|100\/100\n|turn|6\n|\n|t:|1700976542\n|move|p1a: Mimikyu|Hyper Voice|p2a: Rotom\n|-damage|p2a: Rotom|45\/100\n|move|p2a: Rotom|Will-O-Wisp|p1a: Mimikyu|[miss]\n|-miss|p2a: Rotom|p1a: Mimikyu\n|\n|upkeep\n|turn|7\n|\n|t:|1700976547\n|move|p1a: Mimikyu|Hyper Voice|p2a: Rotom\n|-damage|p2a: Rotom|0 fnt\n|faint|p2a: Rotom\n|\n|upkeep\n|\n|t:|1700976553\n|switch|p2a: Rillaboom|Rillaboom, M|100\/100\n|-damage|p2a: Rillaboom|76\/100|[from] Spikes\n|-fieldstart|move: Grassy Terrain|[from] ability: Grassy Surge|[of] p2a: Rillaboom\n|turn|8\n|\n|t:|1700976558\n|switch|p1a: Ceruledge|Ceruledge, M|100\/100\n|move|p2a: Rillaboom|Grassy Glide|p1a: Ceruledge\n|-resisted|p1a: Ceruledge\n|-damage|p1a: Ceruledge|77\/100\n|-ability|p1a: Ceruledge|Weak Armor|boost\n|-unboost|p1a: Ceruledge|def|1\n|-boost|p1a: Ceruledge|spe|2\n|\n|-heal|p1a: Ceruledge|83\/100|[from] Grassy Terrain\n|-heal|p2a: Rillaboom|82\/100|[from] Grassy Terrain\n|upkeep\n|turn|9\n|\n|t:|1700976572\n|move|p1a: Ceruledge|Swords Dance|p1a: Ceruledge\n|-boost|p1a: Ceruledge|atk|2\n|move|p2a: Rillaboom|Knock Off|p1a: Ceruledge\n|-supereffective|p1a: Ceruledge\n|-damage|p1a: Ceruledge|0 fnt\n|-enditem|p1a: Ceruledge|Focus Sash|[from] move: Knock Off|[of] p2a: Rillaboom\n|faint|p1a: Ceruledge\n|\n|-heal|p2a: Rillaboom|88\/100|[from] Grassy Terrain\n|upkeep\n|\n|t:|1700976577\n|switch|p1a: Gengar|Gengar, M|100\/100\n|turn|10\n|\n|t:|1700976585\n|switch|p2a: Umbreon|Umbreon, F|100\/100\n|-damage|p2a: Umbreon|76\/100|[from] Spikes\n|move|p1a: Gengar|Sludge Wave|p2a: Umbreon\n|-damage|p2a: Umbreon|49\/100\n|\n|-heal|p2a: Umbreon|55\/100|[from] Grassy Terrain\n|-heal|p2a: Umbreon|61\/100|[from] item: Leftovers\n|upkeep\n|turn|11\n|\n|t:|1700976589\n|move|p1a: Gengar|Nasty Plot|p1a: Gengar\n|-boost|p1a: Gengar|spa|2\n|move|p2a: Umbreon|Moonlight|p2a: Umbreon\n|-heal|p2a: Umbreon|100\/100\n|\n|upkeep\n|turn|12\n|\n|t:|1700976597\n|move|p1a: Gengar|Nasty Plot|p1a: Gengar\n|-boost|p1a: Gengar|spa|2\n|move|p2a: Umbreon|Foul Play|p1a: Gengar\n|-supereffective|p1a: Gengar\n|-damage|p1a: Gengar|34\/100\n|\n|-heal|p1a: Gengar|40\/100|[from] Grassy Terrain\n|-fieldend|move: Grassy Terrain\n|upkeep\n|turn|13\n|\n|t:|1700976600\n|move|p1a: Gengar|Sludge Wave|p2a: Umbreon\n|-damage|p2a: Umbreon|29\/100\n|move|p2a: Umbreon|Foul Play|p1a: Gengar\n|-supereffective|p1a: Gengar\n|-damage|p1a: Gengar|0 fnt\n|faint|p1a: Gengar\n|\n|-heal|p2a: Umbreon|36\/100|[from] item: Leftovers\n|upkeep\n|\n|t:|1700976617\n|switch|p1a: Mimikyu|Mimikyu, M|100\/100\n|turn|14\n|\n|t:|1700976622\n|move|p2a: Umbreon|Protect|p2a: Umbreon\n|-singleturn|p2a: Umbreon|Protect\n|move|p1a: Mimikyu|Drain Punch|p2a: Umbreon\n|-activate|p2a: Umbreon|move: Protect\n|\n|-heal|p2a: Umbreon|42\/100|[from] item: Leftovers\n|upkeep\n|turn|15\n|\n|t:|1700976626\n|move|p1a: Mimikyu|Play Rough|p2a: Umbreon\n|-supereffective|p2a: Umbreon\n|-damage|p2a: Umbreon|0 fnt\n|faint|p2a: Umbreon\n|-damage|p1a: Mimikyu|91\/100|[from] item: Life Orb\n|\n|upkeep\n|\n|t:|1700976630\n|switch|p2a: Rillaboom|Rillaboom, M|88\/100\n|-damage|p2a: Rillaboom|63\/100|[from] Spikes\n|-fieldstart|move: Grassy Terrain|[from] ability: Grassy Surge|[of] p2a: Rillaboom\n|turn|16\n|\n|t:|1700976648\n|move|p2a: Rillaboom|Grassy Glide|p1a: Mimikyu\n|-activate|p1a: Mimikyu|ability: Disguise\n|-damage|p1a: Mimikyu|91\/100\n|detailschange|p1a: Mimikyu|Mimikyu-Busted, M\n|-damage|p1a: Mimikyu|78\/100|[from] pokemon: Mimikyu-Busted\n|move|p1a: Mimikyu|Swords Dance|p1a: Mimikyu\n|-boost|p1a: Mimikyu|atk|2\n|\n|-heal|p1a: Mimikyu|84\/100|[from] Grassy Terrain\n|-heal|p2a: Rillaboom|69\/100|[from] Grassy Terrain\n|upkeep\n|turn|17\n|\n|t:|1700976657\n|move|p2a: Rillaboom|Grassy Glide|p1a: Mimikyu\n|-damage|p1a: Mimikyu|23\/100\n|move|p1a: Mimikyu|Play Rough|p2a: Rillaboom|[miss]\n|-miss|p1a: Mimikyu|p2a: Rillaboom\n|\n|-heal|p1a: Mimikyu|29\/100|[from] Grassy Terrain\n|-heal|p2a: Rillaboom|75\/100|[from] Grassy Terrain\n|upkeep\n|turn|18\n|\n|t:|1700976662\n|move|p1a: Mimikyu|Shadow Sneak|p2a: Rillaboom\n|-damage|p2a: Rillaboom|26\/100\n|-damage|p1a: Mimikyu|19\/100|[from] item: Life Orb\n|move|p2a: Rillaboom|Grassy Glide|p1a: Mimikyu\n|-damage|p1a: Mimikyu|0 fnt\n|faint|p1a: Mimikyu\n|\n|-heal|p2a: Rillaboom|32\/100|[from] Grassy Terrain\n|upkeep\n|\n|t:|1700976664\n|switch|p1a: Blacephalon|Blacephalon|100\/100\n|turn|19\n|\n|t:|1700976667\n|move|p1a: Blacephalon|Shadow Ball|p2a: Rillaboom\n|-damage|p2a: Rillaboom|0 fnt\n|faint|p2a: Rillaboom\n|-ability|p1a: Blacephalon|Beast Boost|boost\n|-boost|p1a: Blacephalon|spa|1\n|\n|upkeep\n|\n|t:|1700976673\n|switch|p2a: Salamence|Salamence, F|100\/100\n|turn|20\n|\n|t:|1700976685\n|move|p1a: Blacephalon|Shadow Ball|p2a: Salamence\n|-damage|p2a: Salamence|20\/100\n|move|p2a: Salamence|Dragon Dance|p2a: Salamence\n|-boost|p2a: Salamence|atk|1\n|-boost|p2a: Salamence|spe|1\n|\n|-fieldend|move: Grassy Terrain\n|upkeep\n|turn|21\n|\n|t:|1700976690\n|move|p1a: Blacephalon|Shadow Ball|p2a: Salamence\n|-damage|p2a: Salamence|0 fnt\n|faint|p2a: Salamence\n|-ability|p1a: Blacephalon|Beast Boost|boost\n|-boost|p1a: Blacephalon|spa|1\n|\n|upkeep\n|c|\u2606Hades RFX|gg\n|\n|t:|1700976704\n|switch|p2a: Iron Moth|Iron Moth|100\/100\n|-damage|p2a: Iron Moth|76\/100|[from] Spikes\n|-enditem|p2a: Iron Moth|Booster Energy\n|-activate|p2a: Iron Moth|ability: Quark Drive|[fromitem]\n|-start|p2a: Iron Moth|quarkdrivespa\n|turn|22\n|\n|t:|1700976713\n|move|p1a: Blacephalon|Shadow Ball|p2a: Iron Moth\n|-damage|p2a: Iron Moth|0 fnt\n|faint|p2a: Iron Moth\n|-end|p2a: Iron Moth|Quark Drive|[silent]\n|-ability|p1a: Blacephalon|Beast Boost|boost\n|-boost|p1a: Blacephalon|spa|1\n|\n|upkeep\n|\n|t:|1700976716\n|switch|p2a: Infernape|Infernape, F|100\/100\n|-damage|p2a: Infernape|76\/100|[from] Spikes\n|turn|23\n|\n|t:|1700976723\n|move|p1a: Blacephalon|Shadow Ball|p2a: Infernape\n|-damage|p2a: Infernape|0 fnt\n|faint|p2a: Infernape\n|\n|win|Hades RFX\n","uploadtime":1700976727,"views":2,"p1id":"hadesrfx","p2id":"theduck898","formatid":"gen9nationaldex","rating":0,"private":0,"password":""}