{"id":"gen9nationaldex-1987541713","p1":"Square K","p2":"hengqiqi","format":"[Gen 9] National Dex","log":"|j|\u2606Square K\n|j|\u2606hengqiqi\n|t:|1699609243\n|gametype|singles\n|player|p1|Square K|chuck|1375\n|player|p2|hengqiqi|nemona-s|1320\n|teamsize|p1|6\n|teamsize|p2|6\n|gen|9\n|tier|[Gen 9] National Dex\n|rated|\n|rule|HP Percentage Mod: HP is shown in percentages\n|rule|Endless Battle Clause: Forcing endless battles is banned\n|rule|OHKO Clause: OHKO moves are banned\n|rule|Evasion Clause: Evasion abilities, items, and moves are banned\n|rule|Evasion Abilities Clause: Evasion abilities are banned\n|rule|Evasion Items Clause: Evasion items are banned\n|rule|Evasion Moves Clause: Evasion moves are banned\n|rule|Species Clause: Limit one of each Pok\u00e9mon\n|rule|Sleep Clause Mod: Limit one foe put to sleep\n|clearpoke\n|poke|p1|Landorus-Therian, M|\n|poke|p1|Heatran, F|\n|poke|p1|Alomomola, F|\n|poke|p1|Diancie|\n|poke|p1|Urshifu-*, F|\n|poke|p1|Toxapex, F|\n|poke|p2|Pelipper, F|\n|poke|p2|Barraskewda, M|\n|poke|p2|Greninja-*, M|\n|poke|p2|Scizor, F|\n|poke|p2|Sharpedo, M|\n|poke|p2|Tapu Lele|\n|teampreview\n|inactive|Battle timer is ON: inactive players will automatically lose when time's up. (requested by hengqiqi)\n|\n|t:|1699609250\n|start\n|switch|p1a: \u9f99\u5377|Diancie|100\/100\n|switch|p2a: Pelipper|Pelipper, F|100\/100\n|-weather|RainDance|[from] ability: Drizzle|[of] p2a: Pelipper\n|turn|1\n|\n|t:|1699609261\n|switch|p1a: \u5439\u96ea|Alomomola, F|100\/100\n|move|p2a: Pelipper|Hydro Pump|p1a: \u5439\u96ea\n|-resisted|p1a: \u5439\u96ea\n|-damage|p1a: \u5439\u96ea|66\/100\n|\n|-weather|RainDance|[upkeep]\n|upkeep\n|turn|2\n|\n|t:|1699609267\n|move|p1a: \u5439\u96ea|Wish|p1a: \u5439\u96ea\n|move|p2a: Pelipper|U-turn|p1a: \u5439\u96ea\n|-damage|p1a: \u5439\u96ea|61\/100\n|-damage|p2a: Pelipper|84\/100|[from] item: Rocky Helmet|[of] p1a: \u5439\u96ea\n|inactive|hengqiqi has 120 seconds left.\n|inactive|hengqiqi has 90 seconds left.\n|\n|t:|1699609334\n|switch|p2a: Sharpedo|Sharpedo, M, shiny|100\/100|[from] U-turn\n|\n|-weather|RainDance|[upkeep]\n|upkeep\n|turn|3\n|inactive|hengqiqi has 90 seconds left.\n|\n|t:|1699609347\n|move|p2a: Sharpedo|Crunch|p1a: \u5439\u96ea\n|-damage|p1a: \u5439\u96ea|40\/100\n|-unboost|p1a: \u5439\u96ea|def|1\n|-damage|p2a: Sharpedo|84\/100|[from] item: Rocky Helmet|[of] p1a: \u5439\u96ea\n|move|p1a: \u5439\u96ea|Scald|p2a: Sharpedo\n|-resisted|p2a: Sharpedo\n|-damage|p2a: Sharpedo|60\/100\n|\n|-weather|RainDance|[upkeep]\n|-heal|p1a: \u5439\u96ea|90\/100|[from] move: Wish|[wisher] \u5439\u96ea\n|-ability|p2a: Sharpedo|Speed Boost|boost\n|-boost|p2a: Sharpedo|spe|1\n|upkeep\n|turn|4\n|inactive|hengqiqi has 90 seconds left.\n|inactive|hengqiqi has 60 seconds left.\n|\n|t:|1699609394\n|switch|p1a: \u91d1\u5c5e\u9a91\u58eb|Heatran, F|100\/100\n|detailschange|p2a: Sharpedo|Sharpedo-Mega, M, shiny\n|-mega|p2a: Sharpedo|Sharpedo|Sharpedonite\n|move|p2a: Sharpedo|Crunch|p1a: \u91d1\u5c5e\u9a91\u58eb\n|-damage|p1a: \u91d1\u5c5e\u9a91\u58eb|43\/100\n|\n|-weather|RainDance|[upkeep]\n|-heal|p1a: \u91d1\u5c5e\u9a91\u58eb|49\/100|[from] item: Leftovers\n|upkeep\n|turn|5\n|inactive|hengqiqi has 60 seconds left.\n|\n|t:|1699609404\n|move|p1a: \u91d1\u5c5e\u9a91\u58eb|Protect|p1a: \u91d1\u5c5e\u9a91\u58eb\n|-singleturn|p1a: \u91d1\u5c5e\u9a91\u58eb|Protect\n|move|p2a: Sharpedo|Liquidation|p1a: \u91d1\u5c5e\u9a91\u58eb\n|-activate|p1a: \u91d1\u5c5e\u9a91\u58eb|move: Protect\n|\n|-weather|RainDance|[upkeep]\n|-heal|p1a: \u91d1\u5c5e\u9a91\u58eb|55\/100|[from] item: Leftovers\n|upkeep\n|turn|6\n|\n|t:|1699609411\n|-terastallize|p1a: \u91d1\u5c5e\u9a91\u58eb|Grass\n|move|p2a: Sharpedo|Liquidation|p1a: \u91d1\u5c5e\u9a91\u58eb\n|-resisted|p1a: \u91d1\u5c5e\u9a91\u58eb\n|-damage|p1a: \u91d1\u5c5e\u9a91\u58eb|22\/100\n|move|p1a: \u91d1\u5c5e\u9a91\u58eb|Tera Blast|p2a: Sharpedo|[anim] Tera Blast Grass\n|-supereffective|p2a: Sharpedo\n|-damage|p2a: Sharpedo|0 fnt\n|faint|p2a: Sharpedo\n|\n|-weather|RainDance|[upkeep]\n|-heal|p1a: \u91d1\u5c5e\u9a91\u58eb|28\/100|[from] item: Leftovers\n|upkeep\n|\n|t:|1699609419\n|switch|p2a: Barraskewda|Barraskewda, M|100\/100\n|turn|7\n|\n|t:|1699609426\n|move|p1a: \u91d1\u5c5e\u9a91\u58eb|Protect|p1a: \u91d1\u5c5e\u9a91\u58eb\n|-singleturn|p1a: \u91d1\u5c5e\u9a91\u58eb|Protect\n|move|p2a: Barraskewda|Close Combat|p1a: \u91d1\u5c5e\u9a91\u58eb\n|-activate|p1a: \u91d1\u5c5e\u9a91\u58eb|move: Protect\n|\n|-weather|RainDance|[upkeep]\n|-heal|p1a: \u91d1\u5c5e\u9a91\u58eb|35\/100|[from] item: Leftovers\n|upkeep\n|turn|8\n|\n|t:|1699609450\n|switch|p1a: \u50f5\u5c38\u7537|Toxapex, F|100\/100\n|move|p2a: Barraskewda|Close Combat|p1a: \u50f5\u5c38\u7537\n|-resisted|p1a: \u50f5\u5c38\u7537\n|-damage|p1a: \u50f5\u5c38\u7537|79\/100\n|-unboost|p2a: Barraskewda|def|1\n|-unboost|p2a: Barraskewda|spd|1\n|-damage|p2a: Barraskewda|91\/100|[from] item: Life Orb\n|\n|-weather|none\n|-heal|p1a: \u50f5\u5c38\u7537|86\/100|[from] item: Black Sludge\n|upkeep\n|turn|9\n|\n|t:|1699609458\n|move|p2a: Barraskewda|Flip Turn|p1a: \u50f5\u5c38\u7537\n|-resisted|p1a: \u50f5\u5c38\u7537\n|-damage|p1a: \u50f5\u5c38\u7537|71\/100\n|-damage|p2a: Barraskewda|81\/100|[from] item: Life Orb\n|\n|t:|1699609462\n|switch|p2a: Pelipper|Pelipper, F|84\/100|[from] Flip Turn\n|-weather|RainDance|[from] ability: Drizzle|[of] p2a: Pelipper\n|move|p1a: \u50f5\u5c38\u7537|Toxic|p2a: Pelipper\n|-status|p2a: Pelipper|tox\n|\n|-weather|RainDance|[upkeep]\n|-heal|p1a: \u50f5\u5c38\u7537|77\/100|[from] item: Black Sludge\n|-damage|p2a: Pelipper|78\/100 tox|[from] psn\n|upkeep\n|turn|10\n|inactive|hengqiqi has 90 seconds left.\n|\n|t:|1699609468\n|move|p1a: \u50f5\u5c38\u7537|Baneful Bunker|p1a: \u50f5\u5c38\u7537\n|-singleturn|p1a: \u50f5\u5c38\u7537|move: Protect\n|move|p2a: Pelipper|U-turn|p1a: \u50f5\u5c38\u7537\n|-activate|p1a: \u50f5\u5c38\u7537|move: Protect\n|\n|-weather|RainDance|[upkeep]\n|-heal|p1a: \u50f5\u5c38\u7537|84\/100|[from] item: Black Sludge\n|-damage|p2a: Pelipper|65\/100 tox|[from] psn\n|upkeep\n|turn|11\n|\n|t:|1699609476\n|switch|p1a: \u5439\u96ea|Alomomola, F|100\/100\n|move|p2a: Pelipper|U-turn|p1a: \u5439\u96ea\n|-damage|p1a: \u5439\u96ea|95\/100\n|-damage|p2a: Pelipper|49\/100 tox|[from] item: Rocky Helmet|[of] p1a: \u5439\u96ea\n|\n|t:|1699609486\n|switch|p2a: Barraskewda|Barraskewda, M|81\/100|[from] U-turn\n|\n|-weather|RainDance|[upkeep]\n|upkeep\n|turn|12\n|\n|t:|1699609490\n|move|p2a: Barraskewda|Close Combat|p1a: \u5439\u96ea\n|-damage|p1a: \u5439\u96ea|66\/100\n|-unboost|p2a: Barraskewda|def|1\n|-unboost|p2a: Barraskewda|spd|1\n|-damage|p2a: Barraskewda|64\/100|[from] item: Rocky Helmet|[of] p1a: \u5439\u96ea\n|-damage|p2a: Barraskewda|54\/100|[from] item: Life Orb\n|move|p1a: \u5439\u96ea|Wish|p1a: \u5439\u96ea\n|\n|-weather|RainDance|[upkeep]\n|upkeep\n|turn|13\n|\n|t:|1699609499\n|move|p2a: Barraskewda|Flip Turn|p1a: \u5439\u96ea\n|-resisted|p1a: \u5439\u96ea\n|-damage|p1a: \u5439\u96ea|48\/100\n|-damage|p2a: Barraskewda|38\/100|[from] item: Rocky Helmet|[of] p1a: \u5439\u96ea\n|-damage|p2a: Barraskewda|28\/100|[from] item: Life Orb\n|\n|t:|1699609503\n|switch|p2a: Scizor|Scizor, F|100\/100|[from] Flip Turn\n|move|p1a: \u5439\u96ea|Flip Turn|p2a: Scizor\n|-damage|p2a: Scizor|77\/100\n|\n|t:|1699609509\n|switch|p1a: \u91d1\u5c5e\u9a91\u58eb|Heatran, F, tera:Grass|35\/100|[from] Flip Turn\n|\n|-weather|RainDance|[upkeep]\n|-heal|p1a: \u91d1\u5c5e\u9a91\u58eb|100\/100|[from] move: Wish|[wisher] \u5439\u96ea\n|upkeep\n|turn|14\n|-message|hengqiqi forfeited.\n|\n|win|Square K\n|raw|Square K's rating: 1375 &rarr; <strong>1392<\/strong><br \/>(+17 for winning)\n|raw|hengqiqi's rating: 1320 &rarr; <strong>1303<\/strong><br \/>(-17 for losing)\n|l|\u2606hengqiqi\n","uploadtime":1699609531,"views":6,"p1id":"squarek","p2id":"hengqiqi","formatid":"gen9nationaldex","rating":1303,"private":0,"password":""}