{"id":"gen9nationaldex-1992388581","p1":"Kam346","p2":"dancingnightmare","format":"[Gen 9] National Dex","log":"|j|\u2606Kam346\n|j|\u2606dancingnightmare\n|t:|1700181835\n|gametype|singles\n|player|p1|Kam346|red|\n|player|p2|dancingnightmare|266|\n|teamsize|p1|6\n|teamsize|p2|6\n|gen|9\n|tier|[Gen 9] National Dex\n|rule|HP Percentage Mod: HP is shown in percentages\n|rule|Endless Battle Clause: Forcing endless battles is banned\n|rule|OHKO Clause: OHKO moves are banned\n|rule|Evasion Clause: Evasion abilities, items, and moves are banned\n|rule|Evasion Abilities Clause: Evasion abilities are banned\n|rule|Evasion Items Clause: Evasion items are banned\n|rule|Evasion Moves Clause: Evasion moves are banned\n|rule|Species Clause: Limit one of each Pok\u00e9mon\n|rule|Sleep Clause Mod: Limit one foe put to sleep\n|clearpoke\n|poke|p1|Blaziken, M|\n|poke|p1|Alcremie, F|\n|poke|p1|Appletun, M|\n|poke|p1|Vanilluxe, F|\n|poke|p1|Garganacl, F|\n|poke|p1|Gourgeist-*, M|\n|poke|p2|Rotom-Frost|\n|poke|p2|Sinistcha-Masterpiece|\n|poke|p2|Vanilluxe, M|\n|poke|p2|Tsareena, F|\n|poke|p2|Dachsbun, F|\n|poke|p2|Dipplin, F|\n|teampreview\n|\n|t:|1700181856\n|start\n|switch|p1a: Alcremie|Alcremie, F|100\/100\n|switch|p2a: Icecream|Vanilluxe, M|100\/100\n|-weather|Snow|[from] ability: Snow Warning|[of] p2a: Icecream\n|turn|1\n|\n|t:|1700181863\n|move|p2a: Icecream|Aurora Veil|p2a: Icecream\n|-sidestart|p2: dancingnightmare|move: Aurora Veil\n|move|p1a: Alcremie|Calm Mind|p1a: Alcremie\n|-boost|p1a: Alcremie|spa|1\n|-boost|p1a: Alcremie|spd|1\n|\n|-weather|Snow|[upkeep]\n|upkeep\n|turn|2\n|\n|t:|1700181869\n|move|p2a: Icecream|Flash Cannon|p1a: Alcremie\n|-supereffective|p1a: Alcremie\n|-damage|p1a: Alcremie|66\/100\n|move|p1a: Alcremie|Mystical Fire|p2a: Icecream\n|-supereffective|p2a: Icecream\n|-crit|p2a: Icecream\n|-damage|p2a: Icecream|0 fnt\n|faint|p2a: Icecream\n|-damage|p1a: Alcremie|56\/100|[from] item: Life Orb\n|\n|-weather|Snow|[upkeep]\n|upkeep\n|\n|t:|1700181901\n|switch|p2a: Tea|Sinistcha-Masterpiece|100\/100\n|turn|3\n|\n|t:|1700181908\n|move|p2a: Tea|Nasty Plot|p2a: Tea\n|-boost|p2a: Tea|spa|2\n|move|p1a: Alcremie|Mystical Fire|p2a: Tea\n|-supereffective|p2a: Tea\n|-damage|p2a: Tea|80\/100\n|-unboost|p2a: Tea|spa|1\n|-damage|p1a: Alcremie|47\/100|[from] item: Life Orb\n|\n|-weather|Snow|[upkeep]\n|upkeep\n|turn|4\n|\n|t:|1700181919\n|move|p2a: Tea|Matcha Gotcha|p1a: Alcremie\n|-damage|p1a: Alcremie|6\/100\n|-heal|p2a: Tea|99\/100|[from] drain|[of] p1a: Alcremie\n|move|p1a: Alcremie|Recover|p1a: Alcremie\n|-heal|p1a: Alcremie|56\/100\n|\n|-weather|Snow|[upkeep]\n|upkeep\n|turn|5\n|\n|t:|1700181928\n|move|p2a: Tea|Nasty Plot|p2a: Tea\n|-boost|p2a: Tea|spa|2\n|move|p1a: Alcremie|Calm Mind|p1a: Alcremie\n|-boost|p1a: Alcremie|spa|1\n|-boost|p1a: Alcremie|spd|1\n|\n|-weather|Snow|[upkeep]\n|-sideend|p2: dancingnightmare|move: Aurora Veil\n|upkeep\n|turn|6\n|\n|t:|1700181945\n|move|p2a: Tea|Matcha Gotcha|p1a: Alcremie\n|-damage|p1a: Alcremie|10\/100\n|-heal|p2a: Tea|100\/100|[from] drain|[of] p1a: Alcremie\n|move|p1a: Alcremie|Mystical Fire|p2a: Tea\n|-supereffective|p2a: Tea\n|-damage|p2a: Tea|43\/100\n|-unboost|p2a: Tea|spa|1\n|-damage|p1a: Alcremie|0 fnt|[from] item: Life Orb\n|faint|p1a: Alcremie\n|\n|-weather|Snow|[upkeep]\n|upkeep\n|\n|t:|1700181960\n|switch|p1a: Gourgeist|Gourgeist-Super, M|100\/100\n|-item|p2a: Tea|Expert Belt|[from] ability: Frisk|[of] p1a: Gourgeist|[identify]\n|turn|7\n|\n|t:|1700182034\n|move|p1a: Gourgeist|Shadow Sneak|p2a: Tea\n|-supereffective|p2a: Tea\n|-crit|p2a: Tea\n|-damage|p2a: Tea|0 fnt\n|faint|p2a: Tea\n|\n|-weather|Snow|[upkeep]\n|upkeep\n|\n|t:|1700182044\n|switch|p2a: Fridge|Rotom-Frost|100\/100\n|turn|8\n|\n|t:|1700182048\n|move|p2a: Fridge|Shadow Ball|p1a: Gourgeist\n|-supereffective|p1a: Gourgeist\n|-damage|p1a: Gourgeist|25\/100\n|move|p1a: Gourgeist|Poltergeist|p2a: Fridge\n|-activate|p2a: Fridge|move: Poltergeist|Choice Specs\n|-damage|p2a: Fridge|40\/100\n|\n|-weather|none\n|upkeep\n|turn|9\n|\n|t:|1700182058\n|move|p1a: Gourgeist|Shadow Sneak|p2a: Fridge\n|-damage|p2a: Fridge|7\/100\n|move|p2a: Fridge|Shadow Ball|p1a: Gourgeist\n|-supereffective|p1a: Gourgeist\n|-damage|p1a: Gourgeist|0 fnt\n|faint|p1a: Gourgeist\n|\n|upkeep\n|\n|t:|1700182068\n|switch|p1a: Appletun|Appletun, M|100\/100\n|turn|10\n|\n|t:|1700182090\n|switch|p2a: Berry|Tsareena, F|100\/100\n|move|p1a: Appletun|Dragon Pulse|p2a: Berry\n|-damage|p2a: Berry|69\/100\n|\n|upkeep\n|turn|11\n|\n|t:|1700182099\n|move|p2a: Berry|Knock Off|p1a: Appletun\n|-damage|p1a: Appletun|65\/100\n|-enditem|p1a: Appletun|Leftovers|[from] move: Knock Off|[of] p2a: Berry\n|move|p1a: Appletun|Apple Acid|p2a: Berry\n|-resisted|p2a: Berry\n|-damage|p2a: Berry|54\/100\n|-unboost|p2a: Berry|spd|1\n|\n|upkeep\n|turn|12\n|\n|t:|1700182110\n|move|p2a: Berry|Acrobatics|p1a: Appletun\n|-supereffective|p1a: Appletun\n|-damage|p1a: Appletun|30\/100\n|move|p1a: Appletun|Dragon Pulse|p2a: Berry\n|-damage|p2a: Berry|6\/100\n|-enditem|p2a: Berry|Aguav Berry|[eat]\n|-heal|p2a: Berry|40\/100|[from] item: Aguav Berry\n|\n|upkeep\n|turn|13\n|\n|t:|1700182118\n|move|p2a: Berry|Acrobatics|p1a: Appletun\n|-supereffective|p1a: Appletun\n|-damage|p1a: Appletun|0 fnt\n|faint|p1a: Appletun\n|\n|upkeep\n|\n|t:|1700182130\n|switch|p1a: Vaniluxe|Vanilluxe, F|100\/100\n|-weather|Snow|[from] ability: Snow Warning|[of] p1a: Vaniluxe\n|turn|14\n|\n|t:|1700182136\n|move|p2a: Berry|Acrobatics|p1a: Vaniluxe\n|-damage|p1a: Vaniluxe|72\/100\n|move|p1a: Vaniluxe|Blizzard|p2a: Berry\n|-supereffective|p2a: Berry\n|-damage|p2a: Berry|0 fnt\n|faint|p2a: Berry\n|\n|-weather|Snow|[upkeep]\n|upkeep\n|\n|t:|1700182151\n|switch|p2a: Buns|Dachsbun, F|100\/100\n|turn|15\n|\n|t:|1700182154\n|move|p2a: Buns|Body Press|p1a: Vaniluxe\n|-supereffective|p1a: Vaniluxe\n|-damage|p1a: Vaniluxe|44\/100\n|move|p1a: Vaniluxe|Blizzard|p2a: Buns\n|-damage|p2a: Buns|15\/100\n|-status|p2a: Buns|frz\n|\n|-weather|Snow|[upkeep]\n|upkeep\n|turn|16\n|\n|t:|1700182163\n|cant|p2a: Buns|frz\n|move|p1a: Vaniluxe|Blizzard|p2a: Buns\n|-damage|p2a: Buns|0 fnt\n|faint|p2a: Buns\n|\n|-weather|Snow|[upkeep]\n|upkeep\n|\n|t:|1700182171\n|switch|p2a: Fridge|Rotom-Frost|7\/100\n|turn|17\n|\n|t:|1700182178\n|move|p2a: Fridge|Thunderbolt|p1a: Vaniluxe\n|-damage|p1a: Vaniluxe|0 fnt\n|faint|p1a: Vaniluxe\n|\n|-weather|Snow|[upkeep]\n|upkeep\n|\n|t:|1700182185\n|switch|p1a: Blaziken|Blaziken, M|100\/100\n|turn|18\n|\n|t:|1700182190\n|move|p2a: Fridge|Thunderbolt|p1a: Blaziken\n|-damage|p1a: Blaziken|2\/100\n|move|p1a: Blaziken|Flare Blitz|p2a: Fridge\n|-supereffective|p2a: Fridge\n|-damage|p2a: Fridge|0 fnt\n|faint|p2a: Fridge\n|-damage|p1a: Blaziken|1\/100|[from] Recoil\n|-damage|p1a: Blaziken|0 fnt|[from] item: Life Orb\n|faint|p1a: Blaziken\n|\n|-weather|none\n|upkeep\n|\n|t:|1700182203\n|switch|p2a: Apple|Dipplin, F|100\/100\n|switch|p1a: Garganacl|Garganacl, F|100\/100\n|turn|19\n|\n|t:|1700182214\n|-terastallize|p2a: Apple|Fairy\n|move|p2a: Apple|Giga Drain|p1a: Garganacl\n|-supereffective|p1a: Garganacl\n|-damage|p1a: Garganacl|65\/100\n|move|p1a: Garganacl|Salt Cure|p2a: Apple\n|-damage|p2a: Apple|93\/100\n|-start|p2a: Apple|Salt Cure\n|\n|-heal|p1a: Garganacl|71\/100|[from] item: Leftovers\n|-damage|p2a: Apple|80\/100|[from] Salt Cure\n|upkeep\n|turn|20\n|\n|t:|1700182227\n|move|p2a: Apple|Giga Drain|p1a: Garganacl\n|-supereffective|p1a: Garganacl\n|-damage|p1a: Garganacl|35\/100\n|-heal|p2a: Apple|99\/100|[from] drain|[of] p1a: Garganacl\n|move|p1a: Garganacl|Iron Defense|p1a: Garganacl\n|-boost|p1a: Garganacl|def|2\n|\n|-heal|p1a: Garganacl|42\/100|[from] item: Leftovers\n|-damage|p2a: Apple|88\/100|[from] Salt Cure\n|upkeep\n|turn|21\n|\n|t:|1700182235\n|move|p2a: Apple|Giga Drain|p1a: Garganacl\n|-supereffective|p1a: Garganacl\n|-damage|p1a: Garganacl|9\/100\n|-heal|p2a: Apple|100\/100|[from] drain|[of] p1a: Garganacl\n|move|p1a: Garganacl|Body Press|p2a: Apple\n|-resisted|p2a: Apple\n|-damage|p2a: Apple|88\/100\n|\n|-heal|p1a: Garganacl|15\/100|[from] item: Leftovers\n|-damage|p2a: Apple|75\/100|[from] Salt Cure\n|upkeep\n|turn|22\n|\n|t:|1700182245\n|move|p2a: Apple|Giga Drain|p1a: Garganacl\n|-supereffective|p1a: Garganacl\n|-damage|p1a: Garganacl|0 fnt\n|-heal|p2a: Apple|83\/100|[from] drain|[of] p1a: Garganacl\n|faint|p1a: Garganacl\n|\n|win|dancingnightmare\n","uploadtime":1700182252,"views":20,"p1id":"kam346","p2id":"dancingnightmare","formatid":"gen9nationaldex","rating":0,"private":0,"password":""}