{"id":"gen9nationaldex-1999370615","p1":"Claribel L.P","p2":"battlehunting","format":"[Gen 9] National Dex","log":"|html|<div class=\"broadcast-blue\"><strong>[Gen 9] National Dex is currently suspecting Sneasler! For information on how to participate check out the <a href=\"https:\/\/www.smogon.com\/forums\/threads\/sv-national-dex-suspect-8-just-dance.3731534\/\">suspect thread<\/a>.<\/strong><\/div>\n|j|\u2606Claribel L.P\n|j|\u2606battlehunting\n|t:|1701068581\n|gametype|singles\n|player|p1|Claribel L.P|lady|1118\n|player|p2|battlehunting|101|1091\n|teamsize|p1|6\n|teamsize|p2|6\n|gen|9\n|tier|[Gen 9] National Dex\n|rated|\n|rule|HP Percentage Mod: HP is shown in percentages\n|rule|Endless Battle Clause: Forcing endless battles is banned\n|rule|OHKO Clause: OHKO moves are banned\n|rule|Evasion Clause: Evasion abilities, items, and moves are banned\n|rule|Evasion Abilities Clause: Evasion abilities are banned\n|rule|Evasion Items Clause: Evasion items are banned\n|rule|Evasion Moves Clause: Evasion moves are banned\n|rule|Species Clause: Limit one of each Pok\u00e9mon\n|rule|Sleep Clause Mod: Limit one foe put to sleep\n|clearpoke\n|poke|p1|Polteageist-Antique|\n|poke|p1|Alcremie-Ruby-Cream, F|\n|poke|p1|Furfrou-Matron, F|\n|poke|p1|Carbink|\n|poke|p1|Lilligant, F|\n|poke|p1|Xatu, M|\n|poke|p2|Glimmora, M|\n|poke|p2|Ogerpon-Wellspring, F|\n|poke|p2|Ceruledge, M|\n|poke|p2|Scizor, M|\n|poke|p2|Iron Valiant|\n|poke|p2|Dragonite, M|\n|teampreview\n|\n|t:|1701068589\n|start\n|switch|p1a: Xatu|Xatu, M|100\/100\n|switch|p2a: Glimmora|Glimmora, M|100\/100\n|turn|1\n|inactive|Battle timer is ON: inactive players will automatically lose when time's up. (requested by battlehunting)\n|\n|t:|1701068605\n|move|p2a: Glimmora|Mortal Spin|p1a: Xatu\n|-damage|p1a: Xatu|94\/100\n|-status|p1a: Xatu|psn\n|move|p1a: Xatu|Cosmic Power|p1a: Xatu\n|-boost|p1a: Xatu|def|1\n|-boost|p1a: Xatu|spd|1\n|\n|-damage|p1a: Xatu|82\/100 psn|[from] psn\n|upkeep\n|turn|2\n|\n|t:|1701068615\n|move|p2a: Glimmora|Stealth Rock|p1a: Xatu\n|move|p1a: Xatu|Stealth Rock|p2a: Glimmora|[from]ability: Magic Bounce\n|-sidestart|p2: battlehunting|move: Stealth Rock\n|move|p1a: Xatu|Cosmic Power|p1a: Xatu\n|-boost|p1a: Xatu|def|1\n|-boost|p1a: Xatu|spd|1\n|\n|-damage|p1a: Xatu|70\/100 psn|[from] psn\n|upkeep\n|turn|3\n|\n|t:|1701068625\n|move|p2a: Glimmora|Power Gem|p1a: Xatu\n|-supereffective|p1a: Xatu\n|-damage|p1a: Xatu|19\/100 psn\n|-enditem|p1a: Xatu|Weakness Policy\n|-boost|p1a: Xatu|atk|2|[from] item: Weakness Policy\n|-boost|p1a: Xatu|spa|2|[from] item: Weakness Policy\n|move|p1a: Xatu|Stored Power|p2a: Glimmora\n|-supereffective|p2a: Glimmora\n|-enditem|p2a: Glimmora|Focus Sash\n|-damage|p2a: Glimmora|1\/100\n|\n|-damage|p1a: Xatu|7\/100 psn|[from] psn\n|upkeep\n|turn|4\n|\n|t:|1701068638\n|move|p2a: Glimmora|Stealth Rock|p1a: Xatu\n|move|p1a: Xatu|Stealth Rock||[from]ability: Magic Bounce|[still]\n|-fail|p1a: Xatu\n|move|p1a: Xatu|Stored Power|p2a: Glimmora\n|-supereffective|p2a: Glimmora\n|-damage|p2a: Glimmora|0 fnt\n|faint|p2a: Glimmora\n|\n|-damage|p1a: Xatu|0 fnt|[from] psn\n|faint|p1a: Xatu\n|upkeep\n|\n|t:|1701068659\n|switch|p2a: Scizor|Scizor, M|100\/100\n|switch|p1a: Polteageist|Polteageist-Antique, shiny|100\/100\n|-damage|p2a: Scizor|88\/100|[from] Stealth Rock\n|turn|5\n|\n|t:|1701068674\n|detailschange|p2a: Scizor|Scizor-Mega, M\n|-mega|p2a: Scizor|Scizor|Scizorite\n|-terastallize|p1a: Polteageist|Steel\n|move|p2a: Scizor|Swords Dance|p2a: Scizor\n|-boost|p2a: Scizor|atk|2\n|move|p1a: Polteageist|Shell Smash|p1a: Polteageist\n|-unboost|p1a: Polteageist|def|1\n|-unboost|p1a: Polteageist|spd|1\n|-boost|p1a: Polteageist|atk|2\n|-boost|p1a: Polteageist|spa|2\n|-boost|p1a: Polteageist|spe|2\n|-enditem|p1a: Polteageist|White Herb\n|-clearnegativeboost|p1a: Polteageist|[silent]\n|\n|upkeep\n|turn|6\n|\n|t:|1701068688\n|move|p1a: Polteageist|Shadow Ball|p2a: Scizor\n|-damage|p2a: Scizor|0 fnt\n|faint|p2a: Scizor\n|\n|upkeep\n|-message|battlehunting forfeited.\n|\n|win|Claribel L.P\n|raw|Claribel L.P's rating: 1118 &rarr; <strong>1141<\/strong><br \/>(+23 for winning)\n|raw|battlehunting's rating: 1091 &rarr; <strong>1069<\/strong><br \/>(-22 for losing)\n|l|\u2606battlehunting\n","uploadtime":1701068707,"views":6,"p1id":"claribellp","p2id":"battlehunting","formatid":"gen9nationaldex","rating":1069,"private":0,"password":""}