{"id":"gen9nationaldex-1998473712","p1":"Reine Booette","p2":"skrotal","format":"[Gen 9] National Dex","log":"|html|<div class=\"broadcast-blue\"><strong>[Gen 9] National Dex is currently suspecting Sneasler! For information on how to participate check out the <a href=\"https:\/\/www.smogon.com\/forums\/threads\/sv-national-dex-suspect-8-just-dance.3731534\/\">suspect thread<\/a>.<\/strong><\/div>\n|j|\u2606Reine Booette\n|j|\u2606skrotal\n|t:|1700946325\n|gametype|singles\n|player|p1|Reine Booette|maid|1153\n|player|p2|skrotal|cyrus|1136\n|teamsize|p1|6\n|teamsize|p2|6\n|gen|9\n|tier|[Gen 9] National Dex\n|rated|\n|rule|HP Percentage Mod: HP is shown in percentages\n|rule|Endless Battle Clause: Forcing endless battles is banned\n|rule|OHKO Clause: OHKO moves are banned\n|rule|Evasion Clause: Evasion abilities, items, and moves are banned\n|rule|Evasion Abilities Clause: Evasion abilities are banned\n|rule|Evasion Items Clause: Evasion items are banned\n|rule|Evasion Moves Clause: Evasion moves are banned\n|rule|Species Clause: Limit one of each Pok\u00e9mon\n|rule|Sleep Clause Mod: Limit one foe put to sleep\n|clearpoke\n|poke|p1|Gardevoir, F|\n|poke|p1|Garchomp, F|\n|poke|p1|Corviknight, F|\n|poke|p1|Urshifu-*, M|\n|poke|p1|Tapu Fini|\n|poke|p1|Tapu Lele|\n|poke|p2|Greninja-*, F|\n|poke|p2|Meowscarada, M|\n|poke|p2|Volcarona, M|\n|poke|p2|Dragonite, M|\n|poke|p2|Deoxys-Defense|\n|poke|p2|Glimmora, M|\n|teampreview\n|inactive|Battle timer is ON: inactive players will automatically lose when time's up. (requested by Reine Booette)\n|\n|t:|1700946338\n|start\n|switch|p1a: Garchomp|Garchomp, F|100\/100\n|switch|p2a: Glimmora|Glimmora, M|100\/100\n|turn|1\n|\n|t:|1700946345\n|move|p2a: Glimmora|Stealth Rock|p1a: Garchomp\n|-sidestart|p1: Reine Booette|move: Stealth Rock\n|move|p1a: Garchomp|Earthquake|p2a: Glimmora\n|-supereffective|p2a: Glimmora\n|-enditem|p2a: Glimmora|Focus Sash\n|-damage|p2a: Glimmora|1\/100\n|-activate|p2a: Glimmora|ability: Toxic Debris\n|-sidestart|p1: Reine Booette|move: Toxic Spikes\n|\n|upkeep\n|turn|2\n|\n|t:|1700946368\n|switch|p2a: Deoxys|Deoxys-Defense|100\/100\n|-ability|p2a: Deoxys|Pressure\n|move|p1a: Garchomp|Dragon Tail|p2a: Deoxys\n|-damage|p2a: Deoxys|83\/100\n|drag|p2a: Glimmora|Glimmora, M|1\/100\n|\n|upkeep\n|turn|3\n|\n|t:|1700946378\n|switch|p2a: Deoxys|Deoxys-Defense|83\/100\n|-ability|p2a: Deoxys|Pressure\n|move|p1a: Garchomp|Stealth Rock|p2a: Deoxys\n|-sidestart|p2: skrotal|move: Stealth Rock\n|\n|-heal|p2a: Deoxys|89\/100|[from] item: Leftovers\n|upkeep\n|turn|4\n|\n|t:|1700946386\n|move|p2a: Deoxys|Toxic|p1a: Garchomp|[miss]\n|-miss|p2a: Deoxys|p1a: Garchomp\n|move|p1a: Garchomp|Dragon Tail|p2a: Deoxys\n|-damage|p2a: Deoxys|71\/100\n|drag|p2a: Meowscarada|Meowscarada, M|100\/100\n|-damage|p2a: Meowscarada|88\/100|[from] Stealth Rock\n|\n|upkeep\n|turn|5\n|\n|t:|1700946396\n|move|p2a: Meowscarada|Play Rough|p1a: Garchomp\n|-start|p2a: Meowscarada|typechange|Fairy|[from] ability: Protean\n|-supereffective|p1a: Garchomp\n|-crit|p1a: Garchomp\n|-damage|p1a: Garchomp|24\/100\n|-damage|p2a: Meowscarada|76\/100|[from] ability: Rough Skin|[of] p1a: Garchomp\n|-damage|p2a: Meowscarada|59\/100|[from] item: Rocky Helmet|[of] p1a: Garchomp\n|move|p1a: Garchomp|Earthquake|p2a: Meowscarada\n|-damage|p2a: Meowscarada|1\/100\n|\n|upkeep\n|turn|6\n|\n|t:|1700946411\n|switch|p1a: Urshifu|Urshifu-Rapid-Strike, M|100\/100\n|-damage|p1a: Urshifu|94\/100|[from] Stealth Rock\n|-status|p1a: Urshifu|psn\n|move|p2a: Meowscarada|Play Rough|p1a: Urshifu\n|-supereffective|p1a: Urshifu\n|-damage|p1a: Urshifu|0 fnt\n|faint|p1a: Urshifu\n|\n|upkeep\n|c|\u2606Reine Booette|missclick\n|\n|t:|1700946424\n|switch|p1a: Corviknight|Corviknight, F|100\/100\n|-damage|p1a: Corviknight|88\/100|[from] Stealth Rock\n|-ability|p1a: Corviknight|Pressure\n|turn|7\n|\n|t:|1700946449\n|move|p2a: Meowscarada|Play Rough|p1a: Corviknight\n|-resisted|p1a: Corviknight\n|-damage|p1a: Corviknight|74\/100\n|-damage|p2a: Meowscarada|0 fnt|[from] item: Rocky Helmet|[of] p1a: Corviknight\n|faint|p2a: Meowscarada\n|move|p1a: Corviknight|U-turn|p2: Meowscarada|[notarget]\n|-fail|p1a: Corviknight\n|\n|upkeep\n|\n|t:|1700946456\n|switch|p2a: Glimmora|Glimmora, M|1\/100\n|-damage|p2a: Glimmora|0 fnt|[from] Stealth Rock\n|faint|p2a: Glimmora\n|inactive|skrotal has 120 seconds left.\n|\n|t:|1700946466\n|switch|p2a: Volcarona|Volcarona, M|100\/100\n|turn|8\n|\n|t:|1700946470\n|move|p2a: Volcarona|Quiver Dance|p2a: Volcarona\n|-boost|p2a: Volcarona|spa|1\n|-boost|p2a: Volcarona|spd|1\n|-boost|p2a: Volcarona|spe|1\n|move|p1a: Corviknight|Brave Bird|p2a: Volcarona\n|-supereffective|p2a: Volcarona\n|-damage|p2a: Volcarona|0 fnt\n|faint|p2a: Volcarona\n|-damage|p1a: Corviknight|48\/100|[from] Recoil\n|\n|upkeep\n|\n|t:|1700946477\n|switch|p2a: Greninja|Greninja, F|100\/100\n|-damage|p2a: Greninja|88\/100|[from] Stealth Rock\n|turn|9\n|\n|t:|1700946486\n|move|p2a: Greninja|Dark Pulse|p1a: Corviknight\n|-start|p2a: Greninja|typechange|Dark|[from] ability: Protean\n|-damage|p1a: Corviknight|10\/100\n|move|p1a: Corviknight|Defog|p2a: Greninja\n|-unboost|p2a: Greninja|evasion|1\n|-sideend|p2: skrotal|Stealth Rock|[from] move: Defog|[of] p1a: Corviknight\n|-sideend|p1: Reine Booette|Toxic Spikes|[from] move: Defog|[of] p1a: Corviknight\n|-sideend|p1: Reine Booette|Stealth Rock|[from] move: Defog|[of] p1a: Corviknight\n|\n|upkeep\n|turn|10\n|\n|t:|1700946496\n|switch|p1a: Tapu Lele|Tapu Lele, shiny|100\/100\n|-fieldstart|move: Psychic Terrain|[from] ability: Psychic Surge|[of] p1a: Tapu Lele\n|move|p2a: Greninja|Dark Pulse|p1a: Tapu Lele\n|-damage|p1a: Tapu Lele|62\/100\n|\n|upkeep\n|turn|11\n|\n|t:|1700946505\n|move|p2a: Greninja|Dark Pulse|p1a: Tapu Lele\n|-damage|p1a: Tapu Lele|20\/100\n|move|p1a: Tapu Lele|Moonblast|p2a: Greninja\n|-supereffective|p2a: Greninja\n|-damage|p2a: Greninja|0 fnt\n|faint|p2a: Greninja\n|\n|upkeep\n|\n|t:|1700946522\n|switch|p2a: Deoxys|Deoxys-Defense|71\/100\n|-ability|p2a: Deoxys|Pressure\n|turn|12\n|\n|t:|1700946529\n|switch|p1a: Tapu Fini|Tapu Fini, shiny|100\/100\n|-fieldstart|move: Misty Terrain|[from] ability: Misty Surge|[of] p1a: Tapu Fini\n|move|p2a: Deoxys|Seismic Toss|p1a: Tapu Fini\n|-damage|p1a: Tapu Fini|71\/100\n|\n|-heal|p2a: Deoxys|77\/100|[from] item: Leftovers\n|upkeep\n|turn|13\n|\n|t:|1700946538\n|move|p1a: Tapu Fini|Iron Defense|p1a: Tapu Fini\n|-boost|p1a: Tapu Fini|def|2\n|move|p2a: Deoxys|Toxic|p1a: Tapu Fini\n|-activate|p1a: Tapu Fini|move: Misty Terrain\n|\n|-heal|p2a: Deoxys|83\/100|[from] item: Leftovers\n|upkeep\n|turn|14\n|\n|t:|1700946546\n|move|p1a: Tapu Fini|Surf|p2a: Deoxys\n|-damage|p2a: Deoxys|61\/100\n|move|p2a: Deoxys|Seismic Toss|p1a: Tapu Fini\n|-damage|p1a: Tapu Fini|42\/100\n|\n|-heal|p2a: Deoxys|67\/100|[from] item: Leftovers\n|upkeep\n|turn|15\n|\n|t:|1700946555\n|move|p1a: Tapu Fini|Draining Kiss|p2a: Deoxys\n|-damage|p2a: Deoxys|56\/100\n|-heal|p1a: Tapu Fini|50\/100|[from] drain|[of] p2a: Deoxys\n|move|p2a: Deoxys|Recover|p2a: Deoxys\n|-heal|p2a: Deoxys|100\/100\n|\n|upkeep\n|turn|16\n|\n|t:|1700946569\n|move|p1a: Tapu Fini|Draining Kiss|p2a: Deoxys\n|-damage|p2a: Deoxys|90\/100\n|-heal|p1a: Tapu Fini|57\/100|[from] drain|[of] p2a: Deoxys\n|move|p2a: Deoxys|Seismic Toss|p1a: Tapu Fini\n|-damage|p1a: Tapu Fini|28\/100\n|\n|-heal|p2a: Deoxys|96\/100|[from] item: Leftovers\n|-fieldend|Misty Terrain\n|upkeep\n|turn|17\n|\n|t:|1700946591\n|move|p1a: Tapu Fini|Surf|p2a: Deoxys\n|-damage|p2a: Deoxys|76\/100\n|move|p2a: Deoxys|Seismic Toss|p1a: Tapu Fini\n|-damage|p1a: Tapu Fini|0 fnt\n|faint|p1a: Tapu Fini\n|\n|-heal|p2a: Deoxys|82\/100|[from] item: Leftovers\n|upkeep\n|\n|t:|1700946600\n|switch|p1a: Corviknight|Corviknight, F|10\/100\n|-ability|p1a: Corviknight|Pressure\n|turn|18\n|\n|t:|1700946604\n|move|p2a: Deoxys|Seismic Toss|p1a: Corviknight\n|-damage|p1a: Corviknight|0 fnt\n|-damage|p2a: Deoxys|66\/100|[from] item: Rocky Helmet|[of] p1a: Corviknight\n|faint|p1a: Corviknight\n|\n|-heal|p2a: Deoxys|72\/100|[from] item: Leftovers\n|upkeep\n|\n|t:|1700946612\n|switch|p1a: Garchomp|Garchomp, F|24\/100\n|turn|19\n|\n|t:|1700946618\n|move|p2a: Deoxys|Protect|p2a: Deoxys\n|-singleturn|p2a: Deoxys|Protect\n|move|p1a: Garchomp|Earthquake|p2a: Deoxys\n|-activate|p2a: Deoxys|move: Protect\n|\n|-heal|p2a: Deoxys|78\/100|[from] item: Leftovers\n|upkeep\n|turn|20\n|\n|t:|1700946629\n|move|p1a: Garchomp|Earthquake|p2a: Deoxys\n|-damage|p2a: Deoxys|46\/100\n|move|p2a: Deoxys|Recover|p2a: Deoxys\n|-heal|p2a: Deoxys|96\/100\n|\n|-heal|p2a: Deoxys|100\/100|[from] item: Leftovers\n|upkeep\n|turn|21\n|\n|t:|1700946636\n|move|p1a: Garchomp|Earthquake|p2a: Deoxys\n|-crit|p2a: Deoxys\n|-damage|p2a: Deoxys|52\/100\n|move|p2a: Deoxys|Seismic Toss|p1a: Garchomp\n|-damage|p1a: Garchomp|0 fnt\n|-damage|p2a: Deoxys|40\/100|[from] ability: Rough Skin|[of] p1a: Garchomp\n|-damage|p2a: Deoxys|23\/100|[from] item: Rocky Helmet|[of] p1a: Garchomp\n|faint|p1a: Garchomp\n|\n|-heal|p2a: Deoxys|29\/100|[from] item: Leftovers\n|upkeep\n|\n|t:|1700946646\n|switch|p1a: Tapu Lele|Tapu Lele, shiny|20\/100\n|-fieldstart|move: Psychic Terrain|[from] ability: Psychic Surge|[of] p1a: Tapu Lele\n|turn|22\n|\n|t:|1700946654\n|move|p2a: Deoxys|Protect|p2a: Deoxys\n|-singleturn|p2a: Deoxys|Protect\n|move|p1a: Tapu Lele|Moonblast|p2a: Deoxys\n|-activate|p2a: Deoxys|move: Protect\n|\n|-heal|p2a: Deoxys|35\/100|[from] item: Leftovers\n|upkeep\n|turn|23\n|c|\u2606Reine Booette|come on\n|\n|t:|1700946663\n|move|p1a: Tapu Lele|Moonblast|p2a: Deoxys\n|-damage|p2a: Deoxys|2\/100\n|-unboost|p2a: Deoxys|spa|1\n|move|p2a: Deoxys|Recover|p2a: Deoxys\n|-heal|p2a: Deoxys|53\/100\n|\n|-heal|p2a: Deoxys|59\/100|[from] item: Leftovers\n|upkeep\n|turn|24\n|\n|t:|1700946672\n|move|p1a: Tapu Lele|Moonblast|p2a: Deoxys\n|-damage|p2a: Deoxys|25\/100\n|-unboost|p2a: Deoxys|spa|1\n|move|p2a: Deoxys|Recover|p2a: Deoxys\n|-heal|p2a: Deoxys|75\/100\n|\n|-heal|p2a: Deoxys|81\/100|[from] item: Leftovers\n|upkeep\n|turn|25\n|c|\u2606skrotal|v\n|c|\u2606Reine Booette|staller\n|inactive|skrotal has 120 seconds left.\n|c|\u2606skrotal|no other way to reverse wipe a 2v5\n|\n|t:|1700946708\n|switch|p1a: Gardevoir|Gardevoir, F, shiny|100\/100\n|move|p2a: Deoxys|Seismic Toss|p1a: Gardevoir\n|-damage|p1a: Gardevoir|64\/100\n|\n|-heal|p2a: Deoxys|87\/100|[from] item: Leftovers\n|upkeep\n|turn|26\n|c|\u2606Reine Booette|gngngngng\n|inactive|skrotal has 120 seconds left.\n|\n|t:|1700946717\n|detailschange|p1a: Gardevoir|Gardevoir-Mega, F, shiny\n|-mega|p1a: Gardevoir|Gardevoir|Gardevoirite\n|move|p1a: Gardevoir|Calm Mind|p1a: Gardevoir\n|-boost|p1a: Gardevoir|spa|1\n|-boost|p1a: Gardevoir|spd|1\n|move|p2a: Deoxys|Seismic Toss|p1a: Gardevoir\n|-damage|p1a: Gardevoir|28\/100\n|\n|-heal|p2a: Deoxys|93\/100|[from] item: Leftovers\n|-fieldend|move: Psychic Terrain\n|upkeep\n|turn|27\n|\n|t:|1700946733\n|move|p1a: Gardevoir|Moonblast|p2a: Deoxys\n|-damage|p2a: Deoxys|37\/100\n|move|p2a: Deoxys|Seismic Toss|p1a: Gardevoir\n|-damage|p1a: Gardevoir|0 fnt\n|faint|p1a: Gardevoir\n|\n|-heal|p2a: Deoxys|43\/100|[from] item: Leftovers\n|upkeep\n|-message|Reine Booette forfeited.\n|\n|win|skrotal\n|raw|Reine Booette's rating: 1153 &rarr; <strong>1127<\/strong><br \/>(-26 for losing)\n|raw|skrotal's rating: 1136 &rarr; <strong>1162<\/strong><br \/>(+26 for winning)\n","uploadtime":1700946744,"views":3,"p1id":"reinebooette","p2id":"skrotal","formatid":"gen9nationaldex","rating":1127,"private":0,"password":""}