{"id":"gen9nationaldex-1987541415","p1":"Blake-Mamba","p2":"jiange","format":"[Gen 9] National Dex","log":"|j|\u2606Blake-Mamba\n|j|\u2606jiange\n|t:|1699609196\n|gametype|singles\n|player|p1|Blake-Mamba|juan|1224\n|player|p2|jiange|cynthia|1304\n|teamsize|p1|6\n|teamsize|p2|6\n|gen|9\n|tier|[Gen 9] National Dex\n|rated|\n|rule|HP Percentage Mod: HP is shown in percentages\n|rule|Endless Battle Clause: Forcing endless battles is banned\n|rule|OHKO Clause: OHKO moves are banned\n|rule|Evasion Clause: Evasion abilities, items, and moves are banned\n|rule|Evasion Abilities Clause: Evasion abilities are banned\n|rule|Evasion Items Clause: Evasion items are banned\n|rule|Evasion Moves Clause: Evasion moves are banned\n|rule|Species Clause: Limit one of each Pok\u00e9mon\n|rule|Sleep Clause Mod: Limit one foe put to sleep\n|clearpoke\n|poke|p1|Cinccino, M|\n|poke|p1|Zebstrika, M|\n|poke|p1|Ferrothorn, F|\n|poke|p1|Seismitoad, F|\n|poke|p1|Krookodile, F|\n|poke|p1|Emboar, F|\n|poke|p2|Alomomola, F|\n|poke|p2|Banette, F|\n|poke|p2|Moltres|\n|poke|p2|Ditto|\n|poke|p2|Rotom-Wash|\n|poke|p2|Dragonite, F|\n|teampreview\n|c|\u2606Blake-Mamba|Glhf\n|\n|t:|1699609206\n|start\n|switch|p1a: Cinccino|Cinccino, M|100\/100\n|switch|p2a: Rotom|Rotom-Wash|100\/100\n|turn|1\n|\n|t:|1699609218\n|switch|p1a: Seismitoad|Seismitoad, F|100\/100\n|move|p2a: Rotom|Will-O-Wisp|p1a: Seismitoad\n|-status|p1a: Seismitoad|brn\n|\n|-damage|p1a: Seismitoad|94\/100 brn|[from] brn\n|upkeep\n|turn|2\n|\n|t:|1699609228\n|switch|p2a: Ditto|Ditto|100\/100\n|-transform|p2a: Ditto|p1a: Seismitoad|[from] ability: Imposter\n|move|p1a: Seismitoad|Sludge Wave|p2a: Ditto\n|-resisted|p2a: Ditto\n|-damage|p2a: Ditto|65\/100\n|\n|-damage|p1a: Seismitoad|88\/100 brn|[from] brn\n|upkeep\n|turn|3\n|\n|t:|1699609239\n|switch|p1a: Zebstrika|Zebstrika, M, shiny|100\/100\n|move|p2a: Ditto|Grass Knot|p1a: Zebstrika\n|-ability|p1a: Zebstrika|Sap Sipper|boost\n|-boost|p1a: Zebstrika|atk|1\n|\n|upkeep\n|turn|4\n|\n|t:|1699609251\n|switch|p2a: Dragonite|Dragonite, F|100\/100\n|move|p1a: Zebstrika|Flame Charge|p2a: Dragonite\n|-resisted|p2a: Dragonite\n|-damage|p2a: Dragonite|94\/100\n|-boost|p1a: Zebstrika|spe|1\n|\n|upkeep\n|turn|5\n|\n|t:|1699609259\n|-zpower|p1a: Zebstrika\n|move|p1a: Zebstrika|Gigavolt Havoc|p2a: Dragonite|[zeffect]\n|-damage|p2a: Dragonite|0 fnt\n|faint|p2a: Dragonite\n|\n|upkeep\n|\n|t:|1699609266\n|switch|p2a: Ditto|Ditto|65\/100\n|-transform|p2a: Ditto|p1a: Zebstrika|[from] ability: Imposter\n|turn|6\n|\n|t:|1699609293\n|move|p2a: Ditto|Low Kick|p1a: Zebstrika\n|-damage|p1a: Zebstrika|34\/100\n|move|p1a: Zebstrika|Wild Charge|p2a: Ditto\n|-resisted|p2a: Ditto\n|-damage|p2a: Ditto|0 fnt\n|faint|p2a: Ditto\n|-damage|p1a: Zebstrika|21\/100|[from] Recoil\n|\n|upkeep\n|c|\u2606Blake-Mamba|Jokes on you , all my moves suck XD\n|\n|t:|1699609301\n|switch|p2a: Rotom|Rotom-Wash|100\/100\n|turn|7\n|\n|t:|1699609305\n|move|p1a: Zebstrika|Wild Charge|p2a: Rotom\n|-damage|p2a: Rotom|34\/100\n|-damage|p1a: Zebstrika|6\/100|[from] Recoil\n|move|p2a: Rotom|Volt Switch|p1a: Zebstrika\n|-resisted|p1a: Zebstrika\n|-damage|p1a: Zebstrika|0 fnt\n|faint|p1a: Zebstrika\n|\n|t:|1699609310\n|switch|p2a: Moltres|Moltres|100\/100|[from] Volt Switch\n|\n|upkeep\n|\n|t:|1699609317\n|switch|p1a: Cinccino|Cinccino, M|100\/100\n|turn|8\n|\n|t:|1699609326\n|switch|p2a: Alomomola|Alomomola, F|100\/100\n|move|p1a: Cinccino|Rock Blast|p2a: Alomomola\n|-damage|p2a: Alomomola|92\/100\n|-damage|p2a: Alomomola|83\/100\n|-damage|p2a: Alomomola|76\/100\n|-damage|p2a: Alomomola|68\/100\n|-damage|p2a: Alomomola|60\/100\n|-hitcount|p2a: Alomomola|5\n|-damage|p1a: Cinccino|91\/100|[from] item: Life Orb\n|\n|upkeep\n|turn|9\n|\n|t:|1699609338\n|move|p1a: Cinccino|Bullet Seed|p2a: Alomomola\n|-supereffective|p2a: Alomomola\n|-damage|p2a: Alomomola|45\/100\n|-supereffective|p2a: Alomomola\n|-damage|p2a: Alomomola|30\/100\n|-supereffective|p2a: Alomomola\n|-damage|p2a: Alomomola|13\/100\n|-hitcount|p2a: Alomomola|3\n|-damage|p1a: Cinccino|81\/100|[from] item: Life Orb\n|move|p2a: Alomomola|Wish|p2a: Alomomola\n|\n|upkeep\n|turn|10\n|\n|t:|1699609353\n|switch|p2a: Rotom|Rotom-Wash|34\/100\n|move|p1a: Cinccino|Rock Blast|p2a: Rotom|[miss]\n|-miss|p1a: Cinccino|p2a: Rotom\n|\n|-heal|p2a: Rotom|100\/100|[from] move: Wish|[wisher] Alomomola\n|upkeep\n|turn|11\n|\n|t:|1699609382\n|switch|p1a: Seismitoad|Seismitoad, F|88\/100 brn\n|switch|p2a: Moltres|Moltres|100\/100\n|\n|-damage|p1a: Seismitoad|82\/100 brn|[from] brn\n|upkeep\n|turn|12\n|\n|t:|1699609394\n|move|p2a: Moltres|Hurricane|p1a: Seismitoad|[miss]\n|-miss|p2a: Moltres|p1a: Seismitoad\n|move|p1a: Seismitoad|Scald|p2a: Moltres\n|-supereffective|p2a: Moltres\n|-damage|p2a: Moltres|23\/100\n|\n|-damage|p1a: Seismitoad|76\/100 brn|[from] brn\n|upkeep\n|turn|13\n|-message|jiange forfeited.\n|\n|win|Blake-Mamba\n|raw|Blake-Mamba's rating: 1224 &rarr; <strong>1255<\/strong><br \/>(+31 for winning)\n|raw|jiange's rating: 1304 &rarr; <strong>1279<\/strong><br \/>(-25 for losing)\n|l|\u2606jiange\n","uploadtime":1699609409,"views":19,"p1id":"blakemamba","p2id":"jiange","formatid":"gen9nationaldex","rating":1255,"private":0,"password":""}