{"id":"gen9nationaldex-2000162591","p1":"Krysta11","p2":"YuleDaMacaxeira","format":"[Gen 9] National Dex","log":"|html|<div class=\"broadcast-blue\"><strong>[Gen 9] National Dex is currently suspecting Sneasler! For information on how to participate check out the <a href=\"https:\/\/www.smogon.com\/forums\/threads\/sv-national-dex-suspect-8-just-dance.3731534\/\">suspect thread<\/a>.<\/strong><\/div>\n|j|\u2606Krysta11\n|j|\u2606YuleDaMacaxeira\n|t:|1701165517\n|gametype|singles\n|player|p1|Krysta11|bellelba|1272\n|player|p2|YuleDaMacaxeira|iris-gen5bw2|1327\n|teamsize|p1|6\n|teamsize|p2|6\n|gen|9\n|tier|[Gen 9] National Dex\n|rated|\n|rule|HP Percentage Mod: HP is shown in percentages\n|rule|Endless Battle Clause: Forcing endless battles is banned\n|rule|OHKO Clause: OHKO moves are banned\n|rule|Evasion Clause: Evasion abilities, items, and moves are banned\n|rule|Evasion Abilities Clause: Evasion abilities are banned\n|rule|Evasion Items Clause: Evasion items are banned\n|rule|Evasion Moves Clause: Evasion moves are banned\n|rule|Species Clause: Limit one of each Pok\u00e9mon\n|rule|Sleep Clause Mod: Limit one foe put to sleep\n|clearpoke\n|poke|p1|Ferrothorn, F|\n|poke|p1|Swampert, M|\n|poke|p1|Pelipper, M|\n|poke|p1|Urshifu-*, F|\n|poke|p1|Landorus-Therian, M|\n|poke|p1|Nidoking, M|\n|poke|p2|Mawile, F|\n|poke|p2|Porygon2|\n|poke|p2|Marowak-Alola, F|\n|poke|p2|Hatterene, F|\n|poke|p2|Ursaluna, F|\n|poke|p2|Cresselia, F|\n|teampreview\n|\n|t:|1701165532\n|start\n|switch|p1a: Urshifu|Urshifu-Rapid-Strike, F|100\/100\n|switch|p2a: Marowak|Marowak-Alola, F|100\/100\n|turn|1\n|inactive|Battle timer is ON: inactive players will automatically lose when time's up. (requested by Krysta11)\n|\n|t:|1701165553\n|-terastallize|p2a: Marowak|Water\n|move|p1a: Urshifu|Surging Strikes|p2a: Marowak\n|-resisted|p2a: Marowak\n|-crit|p2a: Marowak\n|-damage|p2a: Marowak|91\/100\n|-resisted|p2a: Marowak\n|-crit|p2a: Marowak\n|-damage|p2a: Marowak|80\/100\n|-resisted|p2a: Marowak\n|-crit|p2a: Marowak\n|-damage|p2a: Marowak|70\/100\n|-hitcount|p2a: Marowak|3\n|move|p2a: Marowak|Flare Blitz|p1a: Urshifu\n|-resisted|p1a: Urshifu\n|-damage|p1a: Urshifu|57\/100\n|-status|p1a: Urshifu|brn\n|\n|-damage|p1a: Urshifu|51\/100 brn|[from] brn\n|upkeep\n|turn|2\n|\n|t:|1701165569\n|switch|p1a: Pelipper|Pelipper, M|100\/100\n|-weather|RainDance|[from] ability: Drizzle|[of] p1a: Pelipper\n|move|p2a: Marowak|Shadow Bone|p1a: Pelipper\n|-damage|p1a: Pelipper|38\/100\n|\n|-weather|RainDance|[upkeep]\n|upkeep\n|turn|3\n|\n|t:|1701165579\n|move|p1a: Pelipper|U-turn|p2a: Marowak\n|-damage|p2a: Marowak|62\/100\n|\n|t:|1701165581\n|switch|p1a: Nidoking|Nidoking, M|100\/100|[from] U-turn\n|move|p2a: Marowak|Stone Edge|p1a: Nidoking\n|-resisted|p1a: Nidoking\n|-damage|p1a: Nidoking|68\/100\n|\n|-weather|RainDance|[upkeep]\n|upkeep\n|turn|4\n|\n|t:|1701165590\n|switch|p2a: Cresselia|Cresselia, F, shiny|100\/100\n|move|p1a: Nidoking|Thunderbolt|p2a: Cresselia\n|-damage|p2a: Cresselia|70\/100\n|\n|-weather|RainDance|[upkeep]\n|upkeep\n|turn|5\n|\n|t:|1701165613\n|move|p1a: Nidoking|Thunderbolt|p2a: Cresselia\n|-damage|p2a: Cresselia|44\/100\n|move|p2a: Cresselia|Ice Beam|p1a: Nidoking\n|-supereffective|p1a: Nidoking\n|-damage|p1a: Nidoking|22\/100\n|\n|-weather|RainDance|[upkeep]\n|upkeep\n|turn|6\n|\n|t:|1701165624\n|move|p1a: Nidoking|Thunderbolt|p2a: Cresselia\n|-damage|p2a: Cresselia|14\/100\n|move|p2a: Cresselia|Trick Room|p2a: Cresselia\n|-fieldstart|move: Trick Room|[of] p2a: Cresselia\n|\n|-weather|none\n|upkeep\n|turn|7\n|\n|t:|1701165631\n|switch|p1a: Ferrothorn|Ferrothorn, F, shiny|100\/100\n|move|p2a: Cresselia|Ice Beam|p1a: Ferrothorn\n|-damage|p1a: Ferrothorn|86\/100\n|\n|upkeep\n|turn|8\n|\n|t:|1701165637\n|switch|p2a: Marowak|Marowak-Alola, F, tera:Water|62\/100\n|move|p1a: Ferrothorn|Gyro Ball|p2a: Marowak\n|-resisted|p2a: Marowak\n|-damage|p2a: Marowak|55\/100\n|\n|upkeep\n|turn|9\n|\n|t:|1701165648\n|switch|p1a: Pelipper|Pelipper, M|38\/100\n|-weather|RainDance|[from] ability: Drizzle|[of] p1a: Pelipper\n|move|p2a: Marowak|Flare Blitz|p1a: Pelipper\n|-resisted|p1a: Pelipper\n|-damage|p1a: Pelipper|13\/100\n|\n|-weather|RainDance|[upkeep]\n|upkeep\n|turn|10\n|\n|t:|1701165661\n|switch|p1a: Landorus|Landorus-Therian, M|100\/100\n|-ability|p1a: Landorus|Intimidate|boost\n|-unboost|p2a: Marowak|atk|1\n|move|p2a: Marowak|Stealth Rock|p1a: Landorus\n|-sidestart|p1: Krysta11|move: Stealth Rock\n|\n|-weather|RainDance|[upkeep]\n|-fieldend|move: Trick Room\n|upkeep\n|turn|11\n|\n|t:|1701165675\n|switch|p2a: Porygon2|Porygon2, shiny|100\/100\n|-ability|p2a: Porygon2|Intimidate|boost\n|-unboost|p1a: Landorus|atk|1\n|-ability|p2a: Porygon2|Intimidate|[from] ability: Trace|[of] p1a: Landorus\n|move|p1a: Landorus|Knock Off|p2a: Porygon2\n|-damage|p2a: Porygon2|89\/100\n|-enditem|p2a: Porygon2|Eviolite|[from] move: Knock Off|[of] p1a: Landorus\n|\n|-weather|RainDance|[upkeep]\n|upkeep\n|turn|12\n|\n|t:|1701165687\n|switch|p1a: Ferrothorn|Ferrothorn, F, shiny|86\/100\n|-damage|p1a: Ferrothorn|79\/100|[from] Stealth Rock\n|move|p2a: Porygon2|Trick Room|p2a: Porygon2\n|-fieldstart|move: Trick Room|[of] p2a: Porygon2\n|\n|-weather|RainDance|[upkeep]\n|upkeep\n|turn|13\n|\n|t:|1701165695\n|move|p1a: Ferrothorn|Stealth Rock|p2a: Porygon2\n|-sidestart|p2: YuleDaMacaxeira|move: Stealth Rock\n|move|p2a: Porygon2|Teleport|p2a: Porygon2\n|\n|t:|1701165699\n|switch|p2a: Marowak|Marowak-Alola, F, tera:Water|55\/100|[from] Teleport\n|-damage|p2a: Marowak|43\/100|[from] Stealth Rock\n|\n|-weather|none\n|upkeep\n|turn|14\n|\n|t:|1701165713\n|switch|p1a: Landorus|Landorus-Therian, M|100\/100\n|-damage|p1a: Landorus|88\/100|[from] Stealth Rock\n|-ability|p1a: Landorus|Intimidate|boost\n|-unboost|p2a: Marowak|atk|1\n|move|p2a: Marowak|Flare Blitz|p1a: Landorus\n|-damage|p1a: Landorus|26\/100\n|\n|upkeep\n|turn|15\n|\n|t:|1701165735\n|move|p2a: Marowak|Flare Blitz|p1a: Landorus\n|-damage|p1a: Landorus|0 fnt\n|faint|p1a: Landorus\n|\n|upkeep\n|\n|t:|1701165743\n|switch|p1a: Swampert|Swampert, M|100\/100\n|-damage|p1a: Swampert|94\/100|[from] Stealth Rock\n|turn|16\n|\n|t:|1701165752\n|switch|p2a: Porygon2|Porygon2, shiny|89\/100\n|-damage|p2a: Porygon2|76\/100|[from] Stealth Rock\n|-ability|p2a: Porygon2|Torrent|[from] ability: Trace|[of] p1a: Swampert\n|move|p1a: Swampert|Protect||[still]\n|-fail|p1a: Swampert\n|\n|-fieldend|move: Trick Room\n|upkeep\n|turn|17\n|\n|t:|1701165768\n|detailschange|p1a: Swampert|Swampert-Mega, M\n|-mega|p1a: Swampert|Swampert|Swampertite\n|move|p1a: Swampert|Earthquake|p2a: Porygon2\n|-crit|p2a: Porygon2\n|-damage|p2a: Porygon2|0 fnt\n|faint|p2a: Porygon2\n|\n|upkeep\n|\n|t:|1701165783\n|switch|p2a: Ursaluna|Ursaluna, F|100\/100\n|-damage|p2a: Ursaluna|94\/100|[from] Stealth Rock\n|turn|18\n|\n|t:|1701165793\n|move|p1a: Swampert|Liquidation|p2a: Ursaluna\n|-supereffective|p2a: Ursaluna\n|-damage|p2a: Ursaluna|28\/100\n|move|p2a: Ursaluna|Drain Punch|p1a: Swampert\n|-damage|p1a: Swampert|68\/100\n|-heal|p2a: Ursaluna|39\/100|[from] drain|[of] p1a: Swampert\n|\n|-status|p2a: Ursaluna|brn|[from] item: Flame Orb\n|upkeep\n|turn|19\n|\n|t:|1701165811\n|move|p1a: Swampert|Liquidation|p2a: Ursaluna\n|-supereffective|p2a: Ursaluna\n|-damage|p2a: Ursaluna|0 fnt\n|faint|p2a: Ursaluna\n|\n|upkeep\n|\n|t:|1701165815\n|switch|p2a: Chap\u00e9u \ud83c\udfa9|Hatterene, F, shiny|100\/100\n|-damage|p2a: Chap\u00e9u \ud83c\udfa9|88\/100|[from] Stealth Rock\n|turn|20\n|\n|t:|1701165821\n|move|p1a: Swampert|Earthquake|p2a: Chap\u00e9u \ud83c\udfa9\n|-damage|p2a: Chap\u00e9u \ud83c\udfa9|19\/100\n|move|p2a: Chap\u00e9u \ud83c\udfa9|Trick Room|p2a: Chap\u00e9u \ud83c\udfa9\n|-fieldstart|move: Trick Room|[of] p2a: Chap\u00e9u \ud83c\udfa9\n|\n|upkeep\n|turn|21\n|\n|t:|1701165830\n|move|p2a: Chap\u00e9u \ud83c\udfa9|Misty Explosion|p1a: Swampert\n|-damage|p1a: Swampert|18\/100\n|faint|p2a: Chap\u00e9u \ud83c\udfa9\n|move|p1a: Swampert|Liquidation|p2: Chap\u00e9u \ud83c\udfa9|[notarget]\n|-fail|p1a: Swampert\n|\n|upkeep\n|\n|t:|1701165838\n|switch|p2a: Mawile|Mawile, F, shiny|100\/100\n|-damage|p2a: Mawile|95\/100|[from] Stealth Rock\n|-ability|p2a: Mawile|Intimidate|boost\n|-unboost|p1a: Swampert|atk|1\n|turn|22\n|\n|t:|1701165845\n|detailschange|p2a: Mawile|Mawile-Mega, F, shiny\n|-mega|p2a: Mawile|Mawile|Mawilite\n|move|p2a: Mawile|Iron Head|p1a: Swampert\n|-resisted|p1a: Swampert\n|-damage|p1a: Swampert|0 fnt\n|faint|p1a: Swampert\n|\n|upkeep\n|\n|t:|1701165854\n|switch|p1a: Ferrothorn|Ferrothorn, F, shiny|79\/100\n|-damage|p1a: Ferrothorn|73\/100|[from] Stealth Rock\n|turn|23\n|\n|t:|1701165869\n|move|p1a: Ferrothorn|Leech Seed|p2a: Mawile\n|-start|p2a: Mawile|move: Leech Seed\n|move|p2a: Mawile|Swords Dance|p2a: Mawile\n|-boost|p2a: Mawile|atk|2\n|\n|-damage|p2a: Mawile|82\/100|[from] Leech Seed|[of] p1a: Ferrothorn\n|-heal|p1a: Ferrothorn|84\/100|[silent]\n|upkeep\n|turn|24\n|\n|t:|1701165878\n|move|p1a: Ferrothorn|Gyro Ball|p2a: Mawile\n|-damage|p2a: Mawile|60\/100\n|move|p2a: Mawile|Iron Head|p1a: Ferrothorn\n|-resisted|p1a: Ferrothorn\n|-damage|p1a: Ferrothorn|39\/100\n|-damage|p2a: Mawile|48\/100|[from] ability: Iron Barbs|[of] p1a: Ferrothorn\n|-damage|p2a: Mawile|32\/100|[from] item: Rocky Helmet|[of] p1a: Ferrothorn\n|\n|-damage|p2a: Mawile|19\/100|[from] Leech Seed|[of] p1a: Ferrothorn\n|-heal|p1a: Ferrothorn|50\/100|[silent]\n|-fieldend|move: Trick Room\n|upkeep\n|turn|25\n|\n|t:|1701165896\n|switch|p2a: Marowak|Marowak-Alola, F, tera:Water|43\/100\n|-damage|p2a: Marowak|30\/100|[from] Stealth Rock\n|move|p1a: Ferrothorn|Gyro Ball|p2a: Marowak\n|-resisted|p2a: Marowak\n|-damage|p2a: Marowak|22\/100\n|\n|upkeep\n|turn|26\n|\n|t:|1701165910\n|move|p2a: Marowak|Flare Blitz|p1a: Ferrothorn\n|-supereffective|p1a: Ferrothorn\n|-damage|p1a: Ferrothorn|0 fnt\n|-damage|p2a: Marowak|9\/100|[from] ability: Iron Barbs|[of] p1a: Ferrothorn\n|-damage|p2a: Marowak|0 fnt|[from] item: Rocky Helmet|[of] p1a: Ferrothorn\n|faint|p1a: Ferrothorn\n|faint|p2a: Marowak\n|\n|upkeep\n|\n|t:|1701165917\n|switch|p2a: Cresselia|Cresselia, F, shiny|14\/100\n|switch|p1a: Pelipper|Pelipper, M|13\/100\n|-damage|p1a: Pelipper|0 fnt|[from] Stealth Rock\n|faint|p1a: Pelipper\n|-damage|p2a: Cresselia|1\/100|[from] Stealth Rock\n|\n|t:|1701165929\n|switch|p1a: Urshifu|Urshifu-Rapid-Strike, F|51\/100 brn\n|-damage|p1a: Urshifu|45\/100 brn|[from] Stealth Rock\n|turn|27\n|\n|t:|1701165937\n|move|p1a: Urshifu|Surging Strikes|p2a: Cresselia\n|-crit|p2a: Cresselia\n|-damage|p2a: Cresselia|0 fnt\n|faint|p2a: Cresselia\n|-hitcount|p2: Cresselia|1\n|\n|-damage|p1a: Urshifu|39\/100 brn|[from] brn\n|upkeep\n|\n|t:|1701165940\n|switch|p2a: Mawile|Mawile-Mega, F, shiny|19\/100\n|-damage|p2a: Mawile|13\/100|[from] Stealth Rock\n|turn|28\n|\n|t:|1701165943\n|move|p2a: Mawile|Sucker Punch|p1a: Urshifu\n|-resisted|p1a: Urshifu\n|-damage|p1a: Urshifu|17\/100 brn\n|move|p1a: Urshifu|Surging Strikes|p2a: Mawile\n|-crit|p2a: Mawile\n|-damage|p2a: Mawile|4\/100\n|-crit|p2a: Mawile\n|-damage|p2a: Mawile|0 fnt\n|faint|p2a: Mawile\n|-hitcount|p2: Mawile|2\n|\n|win|Krysta11\n|raw|Krysta11's rating: 1272 &rarr; <strong>1300<\/strong><br \/>(+28 for winning)\n|raw|YuleDaMacaxeira's rating: 1310 &rarr; <strong>1288<\/strong><br \/>(-22 for losing)\n|l|\u2606YuleDaMacaxeira\n|c|\u2606Krysta11|gg\n","uploadtime":1701165958,"views":1,"p1id":"krysta11","p2id":"yuledamacaxeira","formatid":"gen9nationaldex","rating":1288,"private":0,"password":""}