{"id":"gen9nationaldex-1993120127","p1":"Maxer59","p2":"yrgmali","format":"[Gen 9] National Dex","log":"|j|\u2606Maxer59\n|j|\u2606yrgmali\n|t:|1700267124\n|gametype|singles\n|player|p1|Maxer59|lucas|1234\n|player|p2|yrgmali|dancer|1271\n|teamsize|p1|6\n|teamsize|p2|6\n|gen|9\n|tier|[Gen 9] National Dex\n|rated|\n|rule|HP Percentage Mod: HP is shown in percentages\n|rule|Endless Battle Clause: Forcing endless battles is banned\n|rule|OHKO Clause: OHKO moves are banned\n|rule|Evasion Clause: Evasion abilities, items, and moves are banned\n|rule|Evasion Abilities Clause: Evasion abilities are banned\n|rule|Evasion Items Clause: Evasion items are banned\n|rule|Evasion Moves Clause: Evasion moves are banned\n|rule|Species Clause: Limit one of each Pok\u00e9mon\n|rule|Sleep Clause Mod: Limit one foe put to sleep\n|clearpoke\n|poke|p1|Politoed, F|\n|poke|p1|Floatzel, M|\n|poke|p1|Indeedee, M|\n|poke|p1|Espeon, M|\n|poke|p1|Salamence, M|\n|poke|p1|Hydreigon, F|\n|poke|p2|Indeedee-F, F|\n|poke|p2|Armarouge, M|\n|poke|p2|Polteageist-Antique|\n|poke|p2|Hatterene, F|\n|poke|p2|Volcarona, F|\n|poke|p2|Great Tusk|\n|teampreview\n|inactive|Battle timer is ON: inactive players will automatically lose when time's up. (requested by Maxer59)\n|\n|t:|1700267134\n|start\n|switch|p1a: Politoed|Politoed, F|100\/100\n|switch|p2a: Hatterene|Hatterene, F|100\/100\n|-weather|RainDance|[from] ability: Drizzle|[of] p1a: Politoed\n|turn|1\n|\n|t:|1700267138\n|move|p1a: Politoed|Weather Ball|p2a: Hatterene\n|-damage|p2a: Hatterene|25\/100\n|move|p2a: Hatterene|Calm Mind|p2a: Hatterene\n|-boost|p2a: Hatterene|spa|1\n|-boost|p2a: Hatterene|spd|1\n|\n|-weather|RainDance|[upkeep]\n|-heal|p2a: Hatterene|31\/100|[from] item: Leftovers\n|upkeep\n|turn|2\n|\n|t:|1700267144\n|move|p1a: Politoed|Weather Ball|p2a: Hatterene\n|-damage|p2a: Hatterene|0 fnt\n|faint|p2a: Hatterene\n|\n|-weather|RainDance|[upkeep]\n|upkeep\n|\n|t:|1700267147\n|switch|p2a: Armarouge|Armarouge, M|100\/100\n|turn|3\n|\n|t:|1700267150\n|move|p2a: Armarouge|Energy Ball|p1a: Politoed\n|-supereffective|p1a: Politoed\n|-damage|p1a: Politoed|40\/100\n|move|p1a: Politoed|Weather Ball|p2a: Armarouge\n|-supereffective|p2a: Armarouge\n|-enditem|p2a: Armarouge|Focus Sash\n|-damage|p2a: Armarouge|1\/100\n|\n|-weather|RainDance|[upkeep]\n|upkeep\n|turn|4\n|\n|t:|1700267156\n|switch|p1a: Indeedee|Indeedee, M|100\/100\n|-fieldstart|move: Psychic Terrain|[from] ability: Psychic Surge|[of] p1a: Indeedee\n|move|p2a: Armarouge|Energy Ball|p1a: Indeedee\n|-damage|p1a: Indeedee|52\/100\n|\n|-weather|RainDance|[upkeep]\n|upkeep\n|turn|5\n|\n|t:|1700267162\n|move|p1a: Indeedee|Expanding Force|p2a: Armarouge\n|-resisted|p2a: Armarouge\n|-damage|p2a: Armarouge|0 fnt\n|faint|p2a: Armarouge\n|\n|-weather|RainDance|[upkeep]\n|upkeep\n|\n|t:|1700267164\n|switch|p2a: Polteageist|Polteageist-Antique|100\/100\n|turn|6\n|\n|t:|1700267169\n|move|p1a: Indeedee|Expanding Force|p2a: Polteageist\n|-damage|p2a: Polteageist|14\/100\n|move|p2a: Polteageist|Shell Smash|p2a: Polteageist\n|-unboost|p2a: Polteageist|def|1\n|-unboost|p2a: Polteageist|spd|1\n|-boost|p2a: Polteageist|atk|2\n|-boost|p2a: Polteageist|spa|2\n|-boost|p2a: Polteageist|spe|2\n|\n|-weather|RainDance|[upkeep]\n|upkeep\n|turn|7\n|\n|t:|1700267181\n|move|p2a: Polteageist|Stored Power|p1a: Indeedee\n|-resisted|p1a: Indeedee\n|-damage|p1a: Indeedee|0 fnt\n|faint|p1a: Indeedee\n|\n|-weather|RainDance|[upkeep]\n|upkeep\n|\n|t:|1700267186\n|switch|p1a: Floatzel|Floatzel, M|100\/100\n|turn|8\n|\n|t:|1700267194\n|move|p1a: Floatzel|Flip Turn|p2a: Polteageist\n|-damage|p2a: Polteageist|0 fnt\n|faint|p2a: Polteageist\n|-message|yrgmali forfeited.\n|\n|win|Maxer59\n|raw|Maxer59's rating: 1234 &rarr; <strong>1262<\/strong><br \/>(+28 for winning)\n|raw|yrgmali's rating: 1271 &rarr; <strong>1243<\/strong><br \/>(-28 for losing)\n|l|\u2606yrgmali\n","uploadtime":1700267217,"views":10,"p1id":"maxer59","p2id":"yrgmali","formatid":"gen9nationaldex","rating":1243,"private":0,"password":""}