{"id":"gen9nationaldex-1991387944","p1":"An Absolute Walnut","p2":"Cutu boy","format":"[Gen 9] National Dex","log":"|j|\u2606An Absolute Walnut\n|j|\u2606Cutu boy\n|t:|1700072924\n|gametype|singles\n|player|p1|An Absolute Walnut|1|1069\n|player|p2|Cutu boy|giovanni|1123\n|teamsize|p1|6\n|teamsize|p2|6\n|gen|9\n|tier|[Gen 9] National Dex\n|rated|\n|rule|HP Percentage Mod: HP is shown in percentages\n|rule|Endless Battle Clause: Forcing endless battles is banned\n|rule|OHKO Clause: OHKO moves are banned\n|rule|Evasion Clause: Evasion abilities, items, and moves are banned\n|rule|Evasion Abilities Clause: Evasion abilities are banned\n|rule|Evasion Items Clause: Evasion items are banned\n|rule|Evasion Moves Clause: Evasion moves are banned\n|rule|Species Clause: Limit one of each Pok\u00e9mon\n|rule|Sleep Clause Mod: Limit one foe put to sleep\n|clearpoke\n|poke|p1|Metagross|\n|poke|p1|Tyranitar, F|\n|poke|p1|Blaziken, M|\n|poke|p1|Salamence, F|\n|poke|p1|Greninja-*, M|\n|poke|p1|Gengar, M|\n|poke|p2|Medicham, M|\n|poke|p2|Clefable, F|\n|poke|p2|Ferrothorn, M|\n|poke|p2|Rotom-Wash|\n|poke|p2|Landorus-Therian, M|\n|poke|p2|Weavile, M|\n|teampreview\n|\n|t:|1700072933\n|start\n|switch|p1a: Tyranitar|Tyranitar, F|100\/100\n|switch|p2a: Clefable|Clefable, F|100\/100\n|-weather|Sandstorm|[from] ability: Sand Stream|[of] p1a: Tyranitar\n|turn|1\n|\n|t:|1700072942\n|move|p2a: Clefable|Stealth Rock|p1a: Tyranitar\n|-sidestart|p1: An Absolute Walnut|move: Stealth Rock\n|move|p1a: Tyranitar|Stealth Rock|p2a: Clefable\n|-sidestart|p2: Cutu boy|move: Stealth Rock\n|\n|-weather|Sandstorm|[upkeep]\n|upkeep\n|turn|2\n|\n|t:|1700072948\n|move|p2a: Clefable|Moonblast|p1a: Tyranitar\n|-supereffective|p1a: Tyranitar\n|-damage|p1a: Tyranitar|70\/100\n|move|p1a: Tyranitar|Crunch|p2a: Clefable\n|-resisted|p2a: Clefable\n|-damage|p2a: Clefable|87\/100\n|\n|-weather|Sandstorm|[upkeep]\n|-heal|p2a: Clefable|93\/100|[from] item: Leftovers\n|-heal|p1a: Tyranitar|76\/100|[from] item: Leftovers\n|upkeep\n|turn|3\n|\n|t:|1700072960\n|-terastallize|p1a: Tyranitar|Rock\n|move|p2a: Clefable|Moonblast|p1a: Tyranitar\n|-damage|p1a: Tyranitar|61\/100\n|move|p1a: Tyranitar|Rock Slide|p2a: Clefable\n|-damage|p2a: Clefable|59\/100\n|\n|-weather|Sandstorm|[upkeep]\n|-heal|p2a: Clefable|65\/100|[from] item: Leftovers\n|-heal|p1a: Tyranitar|67\/100|[from] item: Leftovers\n|upkeep\n|turn|4\n|\n|t:|1700072984\n|move|p2a: Clefable|Thunderbolt|p1a: Tyranitar\n|-damage|p1a: Tyranitar|58\/100\n|-status|p1a: Tyranitar|par\n|cant|p1a: Tyranitar|par\n|\n|-weather|Sandstorm|[upkeep]\n|-heal|p2a: Clefable|71\/100|[from] item: Leftovers\n|-heal|p1a: Tyranitar|65\/100 par|[from] item: Leftovers\n|upkeep\n|turn|5\n|\n|t:|1700072994\n|move|p2a: Clefable|Moonblast|p1a: Tyranitar\n|-damage|p1a: Tyranitar|49\/100 par\n|move|p1a: Tyranitar|Rock Slide|p2a: Clefable\n|-crit|p2a: Clefable\n|-damage|p2a: Clefable|14\/100\n|\n|-weather|none\n|-heal|p2a: Clefable|20\/100|[from] item: Leftovers\n|-heal|p1a: Tyranitar|55\/100 par|[from] item: Leftovers\n|upkeep\n|turn|6\n|\n|t:|1700073006\n|move|p2a: Clefable|Soft-Boiled|p2a: Clefable\n|-heal|p2a: Clefable|70\/100\n|cant|p1a: Tyranitar|par\n|\n|-heal|p2a: Clefable|76\/100|[from] item: Leftovers\n|-heal|p1a: Tyranitar|61\/100 par|[from] item: Leftovers\n|upkeep\n|turn|7\n|\n|t:|1700073014\n|move|p2a: Clefable|Moonblast|p1a: Tyranitar\n|-damage|p1a: Tyranitar|41\/100 par\n|cant|p1a: Tyranitar|par\n|\n|-heal|p2a: Clefable|82\/100|[from] item: Leftovers\n|-heal|p1a: Tyranitar|48\/100 par|[from] item: Leftovers\n|upkeep\n|turn|8\n|\n|t:|1700073023\n|move|p1a: Tyranitar|Protect|p1a: Tyranitar\n|-singleturn|p1a: Tyranitar|Protect\n|move|p2a: Clefable|Moonblast|p1a: Tyranitar\n|-activate|p1a: Tyranitar|move: Protect\n|\n|-heal|p2a: Clefable|89\/100|[from] item: Leftovers\n|-heal|p1a: Tyranitar|54\/100 par|[from] item: Leftovers\n|upkeep\n|turn|9\n|\n|t:|1700073034\n|move|p2a: Clefable|Moonblast|p1a: Tyranitar\n|-damage|p1a: Tyranitar|30\/100 par\n|cant|p1a: Tyranitar|par\n|\n|-heal|p2a: Clefable|95\/100|[from] item: Leftovers\n|-heal|p1a: Tyranitar|37\/100 par|[from] item: Leftovers\n|upkeep\n|turn|10\n|\n|t:|1700073047\n|switch|p1a: Metagross|Metagross, shiny|100\/100\n|-damage|p1a: Metagross|94\/100|[from] Stealth Rock\n|move|p2a: Clefable|Moonblast|p1a: Metagross\n|-resisted|p1a: Metagross\n|-damage|p1a: Metagross|83\/100\n|\n|-heal|p2a: Clefable|100\/100|[from] item: Leftovers\n|upkeep\n|turn|11\n|\n|t:|1700073060\n|-terastallize|p2a: Clefable|Electric\n|move|p1a: Metagross|Meteor Mash|p2a: Clefable\n|-resisted|p2a: Clefable\n|-damage|p2a: Clefable|80\/100\n|-boost|p1a: Metagross|atk|1\n|move|p2a: Clefable|Thunderbolt|p1a: Metagross\n|-damage|p1a: Metagross|63\/100\n|\n|-heal|p2a: Clefable|86\/100|[from] item: Leftovers\n|upkeep\n|turn|12\n|\n|t:|1700073071\n|move|p1a: Metagross|Psycho Cut|p2a: Clefable\n|-damage|p2a: Clefable|36\/100\n|move|p2a: Clefable|Thunderbolt|p1a: Metagross\n|-damage|p1a: Metagross|42\/100\n|\n|-heal|p2a: Clefable|42\/100|[from] item: Leftovers\n|upkeep\n|turn|13\n|\n|t:|1700073080\n|move|p1a: Metagross|Psycho Cut|p2a: Clefable\n|-damage|p2a: Clefable|0 fnt\n|faint|p2a: Clefable\n|\n|upkeep\n|\n|t:|1700073094\n|switch|p2a: Medicham|Medicham, M|100\/100\n|-damage|p2a: Medicham|94\/100|[from] Stealth Rock\n|turn|14\n|\n|t:|1700073100\n|detailschange|p2a: Medicham|Medicham-Mega, M\n|-mega|p2a: Medicham|Medicham|Medichamite\n|move|p2a: Medicham|Fake Out|p1a: Metagross\n|-resisted|p1a: Metagross\n|-damage|p1a: Metagross|32\/100\n|cant|p1a: Metagross|flinch\n|\n|upkeep\n|turn|15\n|\n|t:|1700073108\n|move|p2a: Medicham|High Jump Kick|p1a: Metagross\n|-damage|p1a: Metagross|0 fnt\n|faint|p1a: Metagross\n|\n|upkeep\n|\n|t:|1700073113\n|switch|p1a: Gengar|Gengar, M|100\/100\n|-damage|p1a: Gengar|88\/100|[from] Stealth Rock\n|turn|16\n|\n|t:|1700073119\n|move|p2a: Medicham|Bullet Punch|p1a: Gengar\n|-damage|p1a: Gengar|39\/100\n|move|p1a: Gengar|Hypnosis|p2a: Medicham\n|-status|p2a: Medicham|slp|[from] move: Hypnosis\n|\n|upkeep\n|turn|17\n|\n|t:|1700073129\n|switch|p2a: Rotom|Rotom-Wash|100\/100\n|-damage|p2a: Rotom|88\/100|[from] Stealth Rock\n|move|p1a: Gengar|Hex|p2a: Rotom\n|-damage|p2a: Rotom|57\/100\n|\n|upkeep\n|turn|18\n|\n|t:|1700073137\n|move|p1a: Gengar|Hypnosis|p2a: Rotom\n|-message|Sleep Clause Mod activated.\n|-hint|Sleep Clause Mod prevents players from putting more than one of their opponent's Pok\u00e9mon to sleep at a time\n|move|p2a: Rotom|Hydro Pump|p1a: Gengar\n|-damage|p1a: Gengar|0 fnt\n|faint|p1a: Gengar\n|\n|upkeep\n|\n|t:|1700073144\n|switch|p1a: Tyranitar|Tyranitar, F, tera:Rock|37\/100 par\n|-damage|p1a: Tyranitar|24\/100 par|[from] Stealth Rock\n|-weather|Sandstorm|[from] ability: Sand Stream|[of] p1a: Tyranitar\n|turn|19\n|\n|t:|1700073149\n|move|p1a: Tyranitar|Protect|p1a: Tyranitar\n|-singleturn|p1a: Tyranitar|Protect\n|move|p2a: Rotom|Hydro Pump|p1a: Tyranitar\n|-activate|p1a: Tyranitar|move: Protect\n|\n|-weather|Sandstorm|[upkeep]\n|-damage|p2a: Rotom|51\/100|[from] Sandstorm\n|-heal|p1a: Tyranitar|30\/100 par|[from] item: Leftovers\n|upkeep\n|turn|20\n|\n|t:|1700073159\n|move|p1a: Tyranitar|Protect||[still]\n|-fail|p1a: Tyranitar\n|move|p2a: Rotom|Hydro Pump|p1a: Tyranitar\n|-supereffective|p1a: Tyranitar\n|-damage|p1a: Tyranitar|0 fnt\n|faint|p1a: Tyranitar\n|\n|-weather|Sandstorm|[upkeep]\n|-damage|p2a: Rotom|45\/100|[from] Sandstorm\n|upkeep\n|\n|t:|1700073167\n|switch|p1a: Salamence|Salamence, F|100\/100\n|turn|21\n|\n|t:|1700073176\n|move|p1a: Salamence|Dual Wingbeat|p2a: Rotom\n|-resisted|p2a: Rotom\n|-damage|p2a: Rotom|35\/100\n|-resisted|p2a: Rotom\n|-damage|p2a: Rotom|24\/100\n|-hitcount|p2a: Rotom|2\n|move|p2a: Rotom|Thunder Wave|p1a: Salamence\n|-status|p1a: Salamence|par\n|\n|-weather|Sandstorm|[upkeep]\n|-damage|p2a: Rotom|18\/100|[from] Sandstorm\n|-damage|p1a: Salamence|94\/100 par|[from] Sandstorm\n|upkeep\n|turn|22\n|\n|t:|1700073187\n|move|p2a: Rotom|Pain Split|p1a: Salamence\n|-sethp|p1a: Salamence|55\/100 par|[from] move: Pain Split|[silent]\n|-sethp|p2a: Rotom|60\/100|[from] move: Pain Split\n|cant|p1a: Salamence|par\n|\n|-weather|Sandstorm|[upkeep]\n|-damage|p2a: Rotom|54\/100|[from] Sandstorm\n|-damage|p1a: Salamence|49\/100 par|[from] Sandstorm\n|upkeep\n|turn|23\n|-message|An Absolute Walnut forfeited.\n|\n|win|Cutu boy\n|raw|An Absolute Walnut's rating: 1069 &rarr; <strong>1052<\/strong><br \/>(-17 for losing)\n|raw|Cutu boy's rating: 1123 &rarr; <strong>1144<\/strong><br \/>(+21 for winning)\n|l|\u2606An Absolute Walnut\n","uploadtime":1700073202,"views":5,"p1id":"anabsolutewalnut","p2id":"cutuboy","formatid":"gen9nationaldex","rating":1052,"private":0,"password":""}