{"id":"gen9nationaldex-1989088334","p1":"endmy","p2":"JesusPizzaCrusher","format":"[Gen 9] National Dex","log":"|j|\u2606endmy\n|j|\u2606JesusPizzaCrusher\n|t:|1699810865\n|gametype|singles\n|player|p1|endmy|unknown|\n|player|p2|JesusPizzaCrusher|hugh|\n|teamsize|p1|6\n|teamsize|p2|6\n|gen|9\n|tier|[Gen 9] National Dex\n|rule|HP Percentage Mod: HP is shown in percentages\n|rule|Endless Battle Clause: Forcing endless battles is banned\n|rule|OHKO Clause: OHKO moves are banned\n|rule|Evasion Clause: Evasion abilities, items, and moves are banned\n|rule|Evasion Abilities Clause: Evasion abilities are banned\n|rule|Evasion Items Clause: Evasion items are banned\n|rule|Evasion Moves Clause: Evasion moves are banned\n|rule|Species Clause: Limit one of each Pok\u00e9mon\n|rule|Sleep Clause Mod: Limit one foe put to sleep\n|clearpoke\n|poke|p1|Whimsicott, M|\n|poke|p1|Gardevoir, F|\n|poke|p1|Iron Valiant|\n|poke|p1|Klefki, F|\n|poke|p1|Mawile, M|\n|poke|p1|Clefable, F|\n|poke|p2|Blaziken, F|\n|poke|p2|Samurott-Hisui, F|\n|poke|p2|Kartana|\n|poke|p2|Great Tusk|\n|poke|p2|Moltres|\n|poke|p2|Zapdos|\n|teampreview\n|c|\u2606JesusPizzaCrusher|henlo\n|\n|t:|1699810876\n|start\n|switch|p1a: Klefki|Klefki, F, shiny|100\/100\n|switch|p2a: Incineration|Blaziken, F, shiny|100\/100\n|turn|1\n|\n|t:|1699810892\n|move|p2a: Incineration|Protect|p2a: Incineration\n|-singleturn|p2a: Incineration|Protect\n|move|p1a: Klefki|Thunder Wave|p2a: Incineration\n|-activate|p2a: Incineration|move: Protect\n|\n|-ability|p2a: Incineration|Speed Boost|boost\n|-boost|p2a: Incineration|spe|1\n|upkeep\n|turn|2\n|\n|t:|1699810903\n|switch|p1a: Whimsicott|Whimsicott, M|100\/100\n|move|p2a: Incineration|Flare Blitz|p1a: Whimsicott\n|-supereffective|p1a: Whimsicott\n|-damage|p1a: Whimsicott|0 fnt\n|faint|p1a: Whimsicott\n|-damage|p2a: Incineration|65\/100|[from] Recoil\n|\n|-ability|p2a: Incineration|Speed Boost|boost\n|-boost|p2a: Incineration|spe|1\n|upkeep\n|\n|t:|1699810912\n|switch|p1a: Gardevoir|Gardevoir, F|100\/100\n|-ability|p1a: Gardevoir|Speed Boost|[from] ability: Trace|[of] p2a: Incineration\n|turn|3\n|\n|t:|1699810918\n|move|p2a: Incineration|Flare Blitz|p1a: Gardevoir\n|-damage|p1a: Gardevoir|0 fnt\n|faint|p1a: Gardevoir\n|-damage|p2a: Incineration|35\/100|[from] Recoil\n|\n|-ability|p2a: Incineration|Speed Boost|boost\n|-boost|p2a: Incineration|spe|1\n|upkeep\n|\n|t:|1699810936\n|switch|p1a: Klefki|Klefki, F, shiny|100\/100\n|turn|4\n|\n|t:|1699810946\n|move|p2a: Incineration|Protect|p2a: Incineration\n|-singleturn|p2a: Incineration|Protect\n|move|p1a: Klefki|Reflect|p1a: Klefki\n|-sidestart|p1: endmy|Reflect\n|\n|-ability|p2a: Incineration|Speed Boost|boost\n|-boost|p2a: Incineration|spe|1\n|upkeep\n|turn|5\n|\n|t:|1699810991\n|move|p1a: Klefki|Light Screen|p1a: Klefki\n|-sidestart|p1: endmy|move: Light Screen\n|move|p2a: Incineration|Flare Blitz|p1a: Klefki\n|-supereffective|p1a: Klefki\n|-damage|p1a: Klefki|22\/100\n|-damage|p2a: Incineration|12\/100|[from] Recoil\n|\n|-ability|p2a: Incineration|Speed Boost|boost\n|-boost|p2a: Incineration|spe|1\n|upkeep\n|turn|6\n|\n|t:|1699811008\n|move|p1a: Klefki|Spikes|p2a: Incineration\n|-sidestart|p2: JesusPizzaCrusher|Spikes\n|move|p2a: Incineration|Flare Blitz|p1a: Klefki\n|-supereffective|p1a: Klefki\n|-damage|p1a: Klefki|0 fnt\n|faint|p1a: Klefki\n|-damage|p2a: Incineration|6\/100|[from] Recoil\n|\n|-ability|p2a: Incineration|Speed Boost|boost\n|-boost|p2a: Incineration|spe|1\n|upkeep\n|\n|t:|1699811024\n|switch|p1a: Mawile|Mawile, M|100\/100\n|turn|7\n|c|\u2606JesusPizzaCrusher|oh oh\n|\n|t:|1699811033\n|move|p1a: Mawile|Sucker Punch|p2a: Incineration\n|-resisted|p2a: Incineration\n|-damage|p2a: Incineration|0 fnt\n|faint|p2a: Incineration\n|\n|upkeep\n|\n|t:|1699811046\n|switch|p2a: Runover|Great Tusk|100\/100\n|-damage|p2a: Runover|88\/100|[from] Spikes\n|turn|8\n|\n|t:|1699811054\n|switch|p1a: Clefable|Clefable, F|100\/100\n|move|p2a: Runover|Headlong Rush|p1a: Clefable\n|-damage|p1a: Clefable|59\/100\n|-unboost|p2a: Runover|def|1\n|-unboost|p2a: Runover|spd|1\n|\n|-heal|p2a: Runover|94\/100|[from] item: Leftovers\n|upkeep\n|turn|9\n|\n|t:|1699811064\n|-end|p2a: Runover|Protosynthesis|[silent]\n|switch|p2a: Justice|Moltres|100\/100\n|move|p1a: Clefable|Belly Drum|p1a: Clefable\n|-damage|p1a: Clefable|9\/100\n|-setboost|p1a: Clefable|atk|6|[from] move: Belly Drum\n|\n|upkeep\n|turn|10\n|\n|t:|1699811080\n|move|p1a: Clefable|Double-Edge|p2a: Justice\n|-damage|p2a: Justice|0 fnt\n|faint|p2a: Justice\n|\n|upkeep\n|\n|t:|1699811092\n|switch|p2a: RULES OF NATUREEEE|Kartana, shiny|100\/100\n|-damage|p2a: RULES OF NATUREEEE|88\/100|[from] Spikes\n|turn|11\n|c|\u2606JesusPizzaCrusher|nooo mis pajaricos xd\n|\n|t:|1699811119\n|move|p2a: RULES OF NATUREEEE|Smart Strike|p1a: Clefable\n|-supereffective|p1a: Clefable\n|-damage|p1a: Clefable|0 fnt\n|faint|p1a: Clefable\n|-ability|p2a: RULES OF NATUREEEE|Beast Boost|boost\n|-boost|p2a: RULES OF NATUREEEE|atk|1\n|\n|-sideend|p1: endmy|Reflect\n|upkeep\n|\n|t:|1699811133\n|switch|p1a: Mawile|Mawile, M|100\/100\n|turn|12\n|\n|t:|1699811147\n|switch|p2a: Ronin|Samurott-Hisui, F, shiny|100\/100\n|-damage|p2a: Ronin|88\/100|[from] Spikes\n|detailschange|p1a: Mawile|Mawile-Mega, M\n|-mega|p1a: Mawile|Mawile|Mawilite\n|move|p1a: Mawile|Swords Dance|p1a: Mawile\n|-boost|p1a: Mawile|atk|2\n|\n|-sideend|p1: endmy|move: Light Screen\n|upkeep\n|turn|13\n|c|\u2606JesusPizzaCrusher|OH NO\n|c|\u2606JesusPizzaCrusher|OH NONONO\n|\n|t:|1699811166\n|move|p1a: Mawile|Sucker Punch|p2a: Ronin\n|-resisted|p2a: Ronin\n|-damage|p2a: Ronin|30\/100\n|move|p2a: Ronin|Ceaseless Edge|p1a: Mawile\n|-resisted|p1a: Mawile\n|-damage|p1a: Mawile|72\/100\n|-sidestart|p1: endmy|Spikes\n|-damage|p2a: Ronin|20\/100|[from] item: Life Orb\n|\n|upkeep\n|turn|14\n|\n|t:|1699811182\n|move|p1a: Mawile|Sucker Punch|p2a: Ronin\n|-resisted|p2a: Ronin\n|-damage|p2a: Ronin|0 fnt\n|faint|p2a: Ronin\n|\n|upkeep\n|\n|t:|1699811187\n|switch|p2a: Runover|Great Tusk|94\/100\n|-damage|p2a: Runover|82\/100|[from] Spikes\n|turn|15\n|\n|t:|1699811193\n|move|p1a: Mawile|Sucker Punch|p2a: Runover\n|-resisted|p2a: Runover\n|-crit|p2a: Runover\n|-damage|p2a: Runover|35\/100\n|move|p2a: Runover|Headlong Rush|p1a: Mawile\n|-supereffective|p1a: Mawile\n|-damage|p1a: Mawile|0 fnt\n|-unboost|p2a: Runover|def|1\n|-unboost|p2a: Runover|spd|1\n|faint|p1a: Mawile\n|\n|-heal|p2a: Runover|41\/100|[from] item: Leftovers\n|upkeep\n|c|\u2606JesusPizzaCrusher|yay\n|\n|t:|1699811203\n|switch|p1a: Iron Valiant|Iron Valiant|100\/100\n|-damage|p1a: Iron Valiant|88\/100|[from] Spikes\n|-enditem|p1a: Iron Valiant|Booster Energy\n|-activate|p1a: Iron Valiant|ability: Quark Drive|[fromitem]\n|-start|p1a: Iron Valiant|quarkdrivespa\n|turn|16\n|\n|t:|1699811226\n|move|p1a: Iron Valiant|Psyshock|p2a: Runover\n|-supereffective|p2a: Runover\n|-damage|p2a: Runover|0 fnt\n|faint|p2a: Runover\n|-end|p2a: Runover|Protosynthesis|[silent]\n|\n|upkeep\n|\n|t:|1699811231\n|switch|p2a: Paralyzyed|Zapdos, shiny|100\/100\n|turn|17\n|\n|t:|1699811255\n|-terastallize|p1a: Iron Valiant|Fairy\n|move|p1a: Iron Valiant|Moonblast|p2a: Paralyzyed\n|-damage|p2a: Paralyzyed|21\/100\n|-zpower|p2a: Paralyzyed\n|move|p2a: Paralyzyed|Supersonic Skystrike|p1a: Iron Valiant|[zeffect]\n|-damage|p1a: Iron Valiant|0 fnt\n|faint|p1a: Iron Valiant\n|-end|p1a: Iron Valiant|Quark Drive|[silent]\n|\n|win|JesusPizzaCrusher\n|c|\u2606JesusPizzaCrusher|good game\n|c|\u2606JesusPizzaCrusher|estuviste increible\n|c|\u2606endmy|nices\n|c|\u2606endmy|god game\n","uploadtime":1699811278,"views":7,"p1id":"endmy","p2id":"jesuspizzacrusher","formatid":"gen9nationaldex","rating":0,"private":0,"password":""}