{"id":"gen9nationaldex-1988567559","p1":"akyraaiko","p2":"Ekkogandr","format":"[Gen 9] National Dex","log":"|j|\u2606akyraaiko\n|j|\u2606Ekkogandr\n|t:|1699736962\n|gametype|singles\n|player|p1|akyraaiko|beauty-gen4dp|\n|player|p2|Ekkogandr|turo-ai|\n|teamsize|p1|6\n|teamsize|p2|6\n|gen|9\n|tier|[Gen 9] National Dex\n|rule|HP Percentage Mod: HP is shown in percentages\n|rule|Endless Battle Clause: Forcing endless battles is banned\n|rule|OHKO Clause: OHKO moves are banned\n|rule|Evasion Clause: Evasion abilities, items, and moves are banned\n|rule|Evasion Abilities Clause: Evasion abilities are banned\n|rule|Evasion Items Clause: Evasion items are banned\n|rule|Evasion Moves Clause: Evasion moves are banned\n|rule|Species Clause: Limit one of each Pok\u00e9mon\n|rule|Sleep Clause Mod: Limit one foe put to sleep\n|clearpoke\n|poke|p1|Zoroark-Hisui, M|\n|poke|p1|Ceruledge, F|\n|poke|p1|Pikachu-Original, M|\n|poke|p1|Aerodactyl, M|\n|poke|p1|Lycanroc-Dusk, F|\n|poke|p1|Ting-Lu|\n|poke|p2|Medicham, M|\n|poke|p2|Kartana|\n|poke|p2|Volcarona, F|\n|poke|p2|Ting-Lu|\n|poke|p2|Heatran, M|\n|poke|p2|Rotom-Wash|\n|teampreview\n|j| LegendxSonJayJay\u5c06\u8ecd\n|\n|t:|1699736987\n|start\n|switch|p1a: Ting-Lu|Ting-Lu|100\/100\n|switch|p2a: The Great Wall|Ting-Lu|100\/100\n|-ability|p1a: Ting-Lu|Vessel of Ruin\n|-ability|p2a: The Great Wall|Vessel of Ruin\n|turn|1\n|\n|t:|1699736994\n|move|p2a: The Great Wall|Stealth Rock|p1a: Ting-Lu\n|-sidestart|p1: akyraaiko|move: Stealth Rock\n|move|p1a: Ting-Lu|Stealth Rock|p2a: The Great Wall\n|-sidestart|p2: Ekkogandr|move: Stealth Rock\n|\n|upkeep\n|turn|2\n|c|\u2606akyraaiko|risos\n|\n|t:|1699736999\n|move|p2a: The Great Wall|Taunt|p1a: Ting-Lu\n|-start|p1a: Ting-Lu|move: Taunt\n|cant|p1a: Ting-Lu|move: Taunt|Spikes\n|\n|upkeep\n|turn|3\n|c|\u2606Ekkogandr|clutch\n|c|\u2606akyraaiko|KKKKKKKKK\n|c|\u2606akyraaiko|vsf\n|\n|t:|1699737016\n|switch|p2a: Wash and Rot|Rotom-Wash|100\/100\n|-damage|p2a: Wash and Rot|88\/100|[from] Stealth Rock\n|move|p1a: Ting-Lu|Body Press|p2a: Wash and Rot\n|-damage|p2a: Wash and Rot|67\/100\n|\n|-heal|p2a: Wash and Rot|73\/100|[from] item: Leftovers\n|upkeep\n|turn|4\n|\n|t:|1699737026\n|-terastallize|p1a: Ting-Lu|Dark\n|move|p2a: Wash and Rot|Hydro Pump|p1a: Ting-Lu|[miss]\n|-miss|p2a: Wash and Rot|p1a: Ting-Lu\n|move|p1a: Ting-Lu|Body Press|p2a: Wash and Rot\n|-damage|p2a: Wash and Rot|49\/100\n|\n|-heal|p2a: Wash and Rot|55\/100|[from] item: Leftovers\n|-end|p1a: Ting-Lu|move: Taunt\n|upkeep\n|turn|5\n|\n|t:|1699737031\n|move|p2a: Wash and Rot|Defog|p1a: Ting-Lu\n|-unboost|p1a: Ting-Lu|evasion|1\n|-sideend|p1: akyraaiko|Stealth Rock|[from] move: Defog|[of] p2a: Wash and Rot\n|-sideend|p2: Ekkogandr|Stealth Rock|[from] move: Defog|[of] p2a: Wash and Rot\n|move|p1a: Ting-Lu|Body Press|p2a: Wash and Rot\n|-damage|p2a: Wash and Rot|32\/100\n|\n|-heal|p2a: Wash and Rot|39\/100|[from] item: Leftovers\n|upkeep\n|turn|6\n|c|\u2606akyraaiko|nem precisava\n|\n|t:|1699737039\n|move|p2a: Wash and Rot|Volt Switch|p1a: Ting-Lu\n|-damage|p1a: Ting-Lu|85\/100\n|c|\u2606akyraaiko|vai toma waerthquake\n|\n|t:|1699737057\n|switch|p2a: Origami|Kartana|100\/100|[from] Volt Switch\n|move|p1a: Ting-Lu|Body Press|p2a: Origami\n|-supereffective|p2a: Origami\n|-damage|p2a: Origami|40\/100\n|\n|-heal|p1a: Ting-Lu|91\/100|[from] item: Leftovers\n|upkeep\n|turn|7\n|\n|t:|1699737072\n|switch|p2a: Skull Crusher|Medicham, M|100\/100\n|move|p1a: Ting-Lu|Body Press|p2a: Skull Crusher\n|-resisted|p2a: Skull Crusher\n|-damage|p2a: Skull Crusher|78\/100\n|\n|-heal|p1a: Ting-Lu|97\/100|[from] item: Leftovers\n|upkeep\n|turn|8\n|\n|t:|1699737080\n|detailschange|p2a: Skull Crusher|Medicham-Mega, M\n|-mega|p2a: Skull Crusher|Medicham|Medichamite\n|move|p2a: Skull Crusher|Close Combat|p1a: Ting-Lu\n|-supereffective|p1a: Ting-Lu\n|-damage|p1a: Ting-Lu|15\/100\n|-unboost|p2a: Skull Crusher|def|1\n|-unboost|p2a: Skull Crusher|spd|1\n|move|p1a: Ting-Lu|Stealth Rock|p2a: Skull Crusher\n|-sidestart|p2: Ekkogandr|move: Stealth Rock\n|\n|-heal|p1a: Ting-Lu|21\/100|[from] item: Leftovers\n|upkeep\n|turn|9\n|\n|t:|1699737091\n|switch|p1a: Ceruledge|Ceruledge, F|100\/100\n|move|p2a: Skull Crusher|Ice Punch|p1a: Ceruledge\n|-resisted|p1a: Ceruledge\n|-damage|p1a: Ceruledge|68\/100\n|\n|-heal|p1a: Ceruledge|74\/100|[from] item: Leftovers\n|upkeep\n|turn|10\n|\n|t:|1699737100\n|switch|p2a: The Great Wall|Ting-Lu|100\/100\n|-damage|p2a: The Great Wall|94\/100|[from] Stealth Rock\n|-ability|p2a: The Great Wall|Vessel of Ruin\n|move|p1a: Ceruledge|Poltergeist|p2a: The Great Wall|[miss]\n|-miss|p1a: Ceruledge|p2a: The Great Wall\n|\n|-heal|p1a: Ceruledge|80\/100|[from] item: Leftovers\n|-heal|p2a: The Great Wall|100\/100|[from] item: Leftovers\n|upkeep\n|turn|11\n|\n|t:|1699737106\n|move|p1a: Ceruledge|Close Combat|p2a: The Great Wall\n|-supereffective|p2a: The Great Wall\n|-damage|p2a: The Great Wall|52\/100\n|-unboost|p1a: Ceruledge|def|1\n|-unboost|p1a: Ceruledge|spd|1\n|move|p2a: The Great Wall|Earthquake|p1a: Ceruledge\n|-supereffective|p1a: Ceruledge\n|-damage|p1a: Ceruledge|0 fnt\n|faint|p1a: Ceruledge\n|\n|-heal|p2a: The Great Wall|58\/100|[from] item: Leftovers\n|upkeep\n|\n|t:|1699737117\n|switch|p1a: Aerodactyl|Aerodactyl, M|100\/100\n|turn|12\n|\n|t:|1699737123\n|detailschange|p1a: Aerodactyl|Aerodactyl-Mega, M\n|-mega|p1a: Aerodactyl|Aerodactyl|Aerodactylite\n|move|p1a: Aerodactyl|Aqua Tail|p2a: The Great Wall\n|-supereffective|p2a: The Great Wall\n|-damage|p2a: The Great Wall|13\/100\n|move|p2a: The Great Wall|Stone Edge|p1a: Aerodactyl\n|-supereffective|p1a: Aerodactyl\n|-damage|p1a: Aerodactyl|33\/100\n|\n|-heal|p2a: The Great Wall|19\/100|[from] item: Leftovers\n|upkeep\n|turn|13\n|c|\u2606akyraaiko|merda acerto\n|\n|t:|1699737134\n|switch|p2a: Wash and Rot|Rotom-Wash|39\/100\n|-damage|p2a: Wash and Rot|26\/100|[from] Stealth Rock\n|move|p1a: Aerodactyl|Aqua Tail|p2a: Wash and Rot\n|-resisted|p2a: Wash and Rot\n|-damage|p2a: Wash and Rot|9\/100\n|\n|-heal|p2a: Wash and Rot|16\/100|[from] item: Leftovers\n|upkeep\n|turn|14\n|\n|t:|1699737140\n|move|p1a: Aerodactyl|Rock Blast|p2a: Wash and Rot\n|-damage|p2a: Wash and Rot|5\/100\n|-damage|p2a: Wash and Rot|0 fnt\n|faint|p2a: Wash and Rot\n|-hitcount|p2: Wash and Rot|2\n|\n|upkeep\n|\n|t:|1699737146\n|switch|p2a: Skull Crusher|Medicham-Mega, M|78\/100\n|-damage|p2a: Skull Crusher|71\/100|[from] Stealth Rock\n|turn|15\n|\n|t:|1699737187\n|move|p2a: Skull Crusher|Fake Out|p1a: Aerodactyl\n|-resisted|p1a: Aerodactyl\n|-damage|p1a: Aerodactyl|18\/100\n|cant|p1a: Aerodactyl|flinch\n|\n|upkeep\n|turn|16\n|\n|t:|1699737201\n|switch|p2a: The Great Wall|Ting-Lu|19\/100\n|-damage|p2a: The Great Wall|13\/100|[from] Stealth Rock\n|-ability|p2a: The Great Wall|Vessel of Ruin\n|move|p1a: Aerodactyl|Aqua Tail|p2a: The Great Wall\n|-supereffective|p2a: The Great Wall\n|-damage|p2a: The Great Wall|0 fnt\n|faint|p2a: The Great Wall\n|\n|upkeep\n|\n|t:|1699737206\n|switch|p2a: Origami|Kartana|40\/100\n|-damage|p2a: Origami|34\/100|[from] Stealth Rock\n|turn|17\n|c|\u2606akyraaiko|eu mato acho\n|c|\u2606akyraaiko|espero\n|c|\u2606akyraaiko|NAO PERA SE TEM CHOICE NE\n|c|\u2606Ekkogandr|sla\n|\n|t:|1699737236\n|move|p2a: Origami|Smart Strike|p1a: Aerodactyl\n|-supereffective|p1a: Aerodactyl\n|-damage|p1a: Aerodactyl|0 fnt\n|faint|p1a: Aerodactyl\n|-ability|p2a: Origami|Beast Boost|boost\n|-boost|p2a: Origami|atk|1\n|\n|upkeep\n|c|\u2606Ekkogandr|claro q tenho\n|\n|t:|1699737261\n|switch|p1a: Lycanroc|Lycanroc-Dusk, F, shiny|100\/100\n|turn|18\n|c|\u2606akyraaiko|merda\n|\n|t:|1699737272\n|move|p2a: Origami|Smart Strike|p1a: Lycanroc\n|-damage|p1a: Lycanroc|0 fnt\n|replace|p1a: Zoroark|Zoroark-Hisui, M\n|-end|p1a: Zoroark|Illusion\n|faint|p1a: Zoroark\n|-ability|p2a: Origami|Beast Boost|boost\n|-boost|p2a: Origami|atk|1\n|\n|upkeep\n|\n|t:|1699737283\n|switch|p1a: Ting-Lu|Ting-Lu, tera:Dark|21\/100\n|-ability|p1a: Ting-Lu|Vessel of Ruin\n|turn|19\n|c|\u2606akyraaiko|gg dnv por causa da choice\n|\n|t:|1699737291\n|move|p2a: Origami|Smart Strike|p1a: Ting-Lu\n|-damage|p1a: Ting-Lu|0 fnt\n|faint|p1a: Ting-Lu\n|-ability|p2a: Origami|Beast Boost|boost\n|-boost|p2a: Origami|atk|1\n|\n|upkeep\n|c|\u2606Ekkogandr|yep\n|c|\u2606Ekkogandr|gg\n|\n|t:|1699737294\n|switch|p1a: Pikachu|Pikachu-Original, M|100\/100\n|turn|20\n|\n|t:|1699737306\n|move|p2a: Origami|Smart Strike|p1a: Pikachu\n|-resisted|p1a: Pikachu\n|-damage|p1a: Pikachu|0 fnt\n|faint|p1a: Pikachu\n|-ability|p2a: Origami|Beast Boost|boost\n|-boost|p2a: Origami|atk|1\n|\n|upkeep\n|\n|t:|1699737309\n|switch|p1a: Lycanroc|Lycanroc-Dusk, F, shiny|100\/100\n|turn|21\n|\n|t:|1699737313\n|move|p2a: Origami|Smart Strike|p1a: Lycanroc\n|-supereffective|p1a: Lycanroc\n|-damage|p1a: Lycanroc|0 fnt\n|faint|p1a: Lycanroc\n|\n|win|Ekkogandr\n|l|\u2606akyraaiko\n|c|\u2606Ekkogandr|krl pera\n","uploadtime":1699737321,"views":12,"p1id":"akyraaiko","p2id":"ekkogandr","formatid":"gen9nationaldex","rating":0,"private":0,"password":""}