{"id":"gen9nationaldex-1999800882","p1":"Xalvadore","p2":"had sweep","format":"[Gen 9] National Dex","log":"|html|<div class=\"broadcast-blue\"><strong>[Gen 9] National Dex is currently suspecting Sneasler! For information on how to participate check out the <a href=\"https:\/\/www.smogon.com\/forums\/threads\/sv-national-dex-suspect-8-just-dance.3731534\/\">suspect thread<\/a>.<\/strong><\/div>\n|j|\u2606Xalvadore\n|j|\u203dhad sweep\n|t:|1701117911\n|gametype|singles\n|player|p1|Xalvadore|marnie|\n|player|p2|had sweep|swimmer-gen4|\n|teamsize|p1|6\n|teamsize|p2|6\n|gen|9\n|tier|[Gen 9] National Dex\n|rule|HP Percentage Mod: HP is shown in percentages\n|rule|Endless Battle Clause: Forcing endless battles is banned\n|rule|OHKO Clause: OHKO moves are banned\n|rule|Evasion Clause: Evasion abilities, items, and moves are banned\n|rule|Evasion Abilities Clause: Evasion abilities are banned\n|rule|Evasion Items Clause: Evasion items are banned\n|rule|Evasion Moves Clause: Evasion moves are banned\n|rule|Species Clause: Limit one of each Pok\u00e9mon\n|rule|Sleep Clause Mod: Limit one foe put to sleep\n|clearpoke\n|poke|p1|Hippowdon, F|\n|poke|p1|Jirachi|\n|poke|p1|Flygon, M|\n|poke|p1|Rotom-Wash|\n|poke|p1|Milotic, F|\n|poke|p1|Scizor, F|\n|poke|p2|Empoleon, M|\n|poke|p2|Dragonite, M|\n|poke|p2|Tangrowth, F|\n|poke|p2|Zapdos|\n|poke|p2|Swampert, F|\n|poke|p2|Mamoswine, F|\n|teampreview\n|inactive|Battle timer is ON: inactive players will automatically lose when time's up. (requested by had sweep)\n|inactive|had sweep has 270 seconds left.\n|\n|t:|1701117956\n|start\n|switch|p1a: Hippowdon|Hippowdon, F|100\/100\n|switch|p2a: Tangrowth|Tangrowth, F|100\/100\n|-weather|Sandstorm|[from] ability: Sand Stream|[of] p1a: Hippowdon\n|turn|1\n|\n|t:|1701117965\n|switch|p1a: Scizor|Scizor, F|100\/100\n|move|p2a: Tangrowth|Knock Off|p1a: Scizor\n|-damage|p1a: Scizor|78\/100\n|-enditem|p1a: Scizor|Choice Band|[from] move: Knock Off|[of] p2a: Tangrowth\n|\n|-weather|Sandstorm|[upkeep]\n|-damage|p2a: Tangrowth|94\/100|[from] Sandstorm\n|upkeep\n|turn|2\n|j| Skittyrox\n|\n|t:|1701117976\n|move|p1a: Scizor|U-turn|p2a: Tangrowth\n|-supereffective|p2a: Tangrowth\n|-damage|p2a: Tangrowth|55\/100\n|-damage|p1a: Scizor|61\/100|[from] item: Rocky Helmet|[of] p2a: Tangrowth\n|c|\u2606Xalvadore|Band Sciz is what made me excited for this, ugh\n|\n|t:|1701117991\n|switch|p1a: Flygon|Flygon, M|100\/100|[from] U-turn\n|move|p2a: Tangrowth|Sleep Powder|p1a: Flygon|[miss]\n|-miss|p2a: Tangrowth|p1a: Flygon\n|\n|-weather|Sandstorm|[upkeep]\n|-damage|p2a: Tangrowth|49\/100|[from] Sandstorm\n|upkeep\n|turn|3\n|\n|t:|1701118002\n|switch|p2a: Swampert|Swampert, F|100\/100\n|move|p1a: Flygon|U-turn|p2a: Swampert\n|-damage|p2a: Swampert|83\/100\n|\n|t:|1701118015\n|switch|p1a: Rotom|Rotom-Wash|100\/100|[from] U-turn\n|\n|-weather|Sandstorm|[upkeep]\n|-damage|p1a: Rotom|95\/100|[from] Sandstorm\n|-heal|p1a: Rotom|100\/100|[from] item: Leftovers\n|-heal|p2a: Swampert|89\/100|[from] item: Leftovers\n|upkeep\n|turn|4\n|\n|t:|1701118023\n|switch|p2a: Tangrowth|Tangrowth, F|82\/100\n|move|p1a: Rotom|Will-O-Wisp|p2a: Tangrowth\n|-status|p2a: Tangrowth|brn\n|\n|-weather|Sandstorm|[upkeep]\n|-damage|p1a: Rotom|95\/100|[from] Sandstorm\n|-damage|p2a: Tangrowth|76\/100 brn|[from] Sandstorm\n|-heal|p1a: Rotom|100\/100|[from] item: Leftovers\n|-damage|p2a: Tangrowth|70\/100 brn|[from] brn\n|upkeep\n|turn|5\n|\n|t:|1701118042\n|move|p1a: Rotom|Thunderbolt|p2a: Tangrowth\n|-resisted|p2a: Tangrowth\n|-damage|p2a: Tangrowth|46\/100 brn\n|move|p2a: Tangrowth|Giga Drain|p1a: Rotom\n|-supereffective|p1a: Rotom\n|-damage|p1a: Rotom|35\/100\n|-heal|p2a: Tangrowth|71\/100 brn|[from] drain|[of] p1a: Rotom\n|\n|-weather|none\n|-heal|p1a: Rotom|41\/100|[from] item: Leftovers\n|-damage|p2a: Tangrowth|64\/100 brn|[from] brn\n|upkeep\n|turn|6\n|\n|t:|1701118054\n|switch|p1a: Scizor|Scizor, F|61\/100\n|move|p2a: Tangrowth|Sleep Powder|p1a: Scizor\n|-status|p1a: Scizor|slp|[from] move: Sleep Powder\n|\n|-damage|p2a: Tangrowth|58\/100 brn|[from] brn\n|upkeep\n|turn|7\n|\n|t:|1701118063\n|switch|p1a: Jirachi|Jirachi|100\/100\n|switch|p2a: Swampert|Swampert, F|89\/100\n|\n|-heal|p2a: Swampert|95\/100|[from] item: Leftovers\n|upkeep\n|turn|8\n|\n|t:|1701118071\n|move|p1a: Jirachi|Body Slam|p2a: Swampert\n|-damage|p2a: Swampert|77\/100\n|move|p2a: Swampert|Stealth Rock|p1a: Jirachi\n|-sidestart|p1: Xalvadore|move: Stealth Rock\n|\n|-heal|p2a: Swampert|84\/100|[from] item: Leftovers\n|upkeep\n|turn|9\n|l| Skittyrox\n|\n|t:|1701118077\n|move|p1a: Jirachi|Body Slam|p2a: Swampert\n|-damage|p2a: Swampert|67\/100\n|move|p2a: Swampert|Earthquake|p1a: Jirachi\n|-supereffective|p1a: Jirachi\n|-damage|p1a: Jirachi|35\/100\n|\n|-heal|p1a: Jirachi|41\/100|[from] item: Leftovers\n|-heal|p2a: Swampert|74\/100|[from] item: Leftovers\n|upkeep\n|turn|10\n|\n|t:|1701118086\n|switch|p1a: Milotic|Milotic, F|100\/100\n|-damage|p1a: Milotic|88\/100|[from] Stealth Rock\n|move|p2a: Swampert|Flip Turn|p1a: Milotic\n|-resisted|p1a: Milotic\n|-damage|p1a: Milotic|80\/100\n|\n|t:|1701118093\n|switch|p2a: Zapdos|Zapdos|100\/100|[from] Flip Turn\n|\n|-heal|p1a: Milotic|86\/100|[from] item: Leftovers\n|upkeep\n|turn|11\n|\n|t:|1701118102\n|switch|p1a: Hippowdon|Hippowdon, F|100\/100\n|-damage|p1a: Hippowdon|94\/100|[from] Stealth Rock\n|-weather|Sandstorm|[from] ability: Sand Stream|[of] p1a: Hippowdon\n|move|p2a: Zapdos|Hurricane|p1a: Hippowdon\n|-damage|p1a: Hippowdon|37\/100\n|-start|p1a: Hippowdon|confusion\n|\n|-weather|Sandstorm|[upkeep]\n|-damage|p2a: Zapdos|94\/100|[from] Sandstorm\n|-heal|p2a: Zapdos|100\/100|[from] item: Leftovers\n|-heal|p1a: Hippowdon|43\/100|[from] item: Leftovers\n|upkeep\n|turn|12\n|inactive|Xalvadore has 270 seconds left.\n|\n|t:|1701118139\n|switch|p1a: Jirachi|Jirachi|41\/100\n|-damage|p1a: Jirachi|35\/100|[from] Stealth Rock\n|move|p2a: Zapdos|Hurricane|p1a: Jirachi\n|-resisted|p1a: Jirachi\n|-damage|p1a: Jirachi|19\/100\n|\n|-weather|Sandstorm|[upkeep]\n|-damage|p2a: Zapdos|94\/100|[from] Sandstorm\n|-heal|p2a: Zapdos|100\/100|[from] item: Leftovers\n|-heal|p1a: Jirachi|25\/100|[from] item: Leftovers\n|upkeep\n|turn|13\n|inactive|Xalvadore has 270 seconds left.\n|\n|t:|1701118151\n|move|p1a: Jirachi|Protect|p1a: Jirachi\n|-singleturn|p1a: Jirachi|Protect\n|move|p2a: Zapdos|Volt Switch|p1a: Jirachi\n|-activate|p1a: Jirachi|move: Protect\n|\n|-weather|Sandstorm|[upkeep]\n|-damage|p2a: Zapdos|94\/100|[from] Sandstorm\n|-heal|p2a: Zapdos|100\/100|[from] item: Leftovers\n|-heal|p1a: Jirachi|31\/100|[from] item: Leftovers\n|upkeep\n|turn|14\n|inactive|Xalvadore has 270 seconds left.\n|\n|t:|1701118161\n|move|p2a: Zapdos|Discharge|p1a: Jirachi\n|-damage|p1a: Jirachi|7\/100\n|move|p1a: Jirachi|Wish|p1a: Jirachi\n|\n|-weather|Sandstorm|[upkeep]\n|-damage|p2a: Zapdos|94\/100|[from] Sandstorm\n|-heal|p2a: Zapdos|100\/100|[from] item: Leftovers\n|-heal|p1a: Jirachi|13\/100|[from] item: Leftovers\n|upkeep\n|turn|15\n|\n|t:|1701118169\n|switch|p2a: Swampert|Swampert, F|74\/100\n|move|p1a: Jirachi|Protect||[still]\n|-fail|p1a: Jirachi\n|\n|-weather|none\n|-heal|p1a: Jirachi|63\/100|[from] move: Wish|[wisher] Jirachi\n|-heal|p1a: Jirachi|70\/100|[from] item: Leftovers\n|-heal|p2a: Swampert|80\/100|[from] item: Leftovers\n|upkeep\n|turn|16\n|\n|t:|1701118181\n|switch|p1a: Flygon|Flygon, M|100\/100\n|-damage|p1a: Flygon|95\/100|[from] Stealth Rock\n|move|p2a: Swampert|Flip Turn|p1a: Flygon\n|-damage|p1a: Flygon|63\/100\n|\n|t:|1701118191\n|switch|p2a: Mamoswine|Mamoswine, F|100\/100|[from] Flip Turn\n|\n|upkeep\n|turn|17\n|\n|t:|1701118197\n|switch|p1a: Jirachi|Jirachi|70\/100\n|-damage|p1a: Jirachi|63\/100|[from] Stealth Rock\n|move|p2a: Mamoswine|Knock Off|p1a: Jirachi\n|-supereffective|p1a: Jirachi\n|-damage|p1a: Jirachi|6\/100\n|-enditem|p1a: Jirachi|Leftovers|[from] move: Knock Off|[of] p2a: Mamoswine\n|\n|upkeep\n|turn|18\n|\n|t:|1701118205\n|move|p2a: Mamoswine|Knock Off|p1a: Jirachi\n|-supereffective|p1a: Jirachi\n|-damage|p1a: Jirachi|0 fnt\n|faint|p1a: Jirachi\n|\n|upkeep\n|\n|t:|1701118210\n|switch|p1a: Milotic|Milotic, F|86\/100\n|-damage|p1a: Milotic|73\/100|[from] Stealth Rock\n|turn|19\n|\n|t:|1701118222\n|switch|p2a: Zapdos|Zapdos|100\/100\n|move|p1a: Milotic|Ice Beam|p2a: Zapdos\n|-supereffective|p2a: Zapdos\n|-damage|p2a: Zapdos|56\/100\n|\n|-heal|p2a: Zapdos|62\/100|[from] item: Leftovers\n|-heal|p1a: Milotic|79\/100|[from] item: Leftovers\n|upkeep\n|turn|20\n|inactive|Xalvadore has 270 seconds left.\n|c|\u2606Xalvadore|I've realized that permanent sandstorm in gen 4 was a huge part of this team and not having that is a major nerf\n|\n|t:|1701118263\n|move|p2a: Zapdos|Roost|p2a: Zapdos\n|-heal|p2a: Zapdos|100\/100\n|-singleturn|p2a: Zapdos|move: Roost\n|move|p1a: Milotic|Ice Beam|p2a: Zapdos\n|-damage|p2a: Zapdos|77\/100\n|-status|p2a: Zapdos|frz\n|\n|-heal|p2a: Zapdos|83\/100 frz|[from] item: Leftovers\n|-heal|p1a: Milotic|85\/100|[from] item: Leftovers\n|upkeep\n|turn|21\n|\n|t:|1701118283\n|switch|p2a: Swampert|Swampert, F|80\/100\n|switch|p1a: Hippowdon|Hippowdon, F|43\/100\n|-damage|p1a: Hippowdon|37\/100|[from] Stealth Rock\n|-weather|Sandstorm|[from] ability: Sand Stream|[of] p1a: Hippowdon\n|\n|-weather|Sandstorm|[upkeep]\n|-heal|p2a: Swampert|86\/100|[from] item: Leftovers\n|-heal|p1a: Hippowdon|43\/100|[from] item: Leftovers\n|upkeep\n|turn|22\n|\n|t:|1701118301\n|switch|p1a: Milotic|Milotic, F|85\/100\n|-damage|p1a: Milotic|73\/100|[from] Stealth Rock\n|move|p2a: Swampert|Ice Beam|p1a: Milotic\n|-resisted|p1a: Milotic\n|-damage|p1a: Milotic|66\/100\n|\n|-weather|Sandstorm|[upkeep]\n|-damage|p1a: Milotic|60\/100|[from] Sandstorm\n|-heal|p1a: Milotic|66\/100|[from] item: Leftovers\n|-heal|p2a: Swampert|92\/100|[from] item: Leftovers\n|upkeep\n|turn|23\n|\n|t:|1701118313\n|switch|p2a: Zapdos|Zapdos|83\/100 frz\n|move|p1a: Milotic|Surf|p2a: Zapdos\n|-damage|p2a: Zapdos|48\/100 frz\n|\n|-weather|Sandstorm|[upkeep]\n|-damage|p2a: Zapdos|42\/100 frz|[from] Sandstorm\n|-damage|p1a: Milotic|60\/100|[from] Sandstorm\n|-heal|p2a: Zapdos|48\/100 frz|[from] item: Leftovers\n|-heal|p1a: Milotic|66\/100|[from] item: Leftovers\n|upkeep\n|turn|24\n|\n|t:|1701118323\n|switch|p2a: Swampert|Swampert, F|92\/100\n|move|p1a: Milotic|Surf|p2a: Swampert\n|-damage|p2a: Swampert|71\/100\n|\n|-weather|Sandstorm|[upkeep]\n|-damage|p1a: Milotic|60\/100|[from] Sandstorm\n|-heal|p1a: Milotic|66\/100|[from] item: Leftovers\n|-heal|p2a: Swampert|77\/100|[from] item: Leftovers\n|upkeep\n|turn|25\n|\n|t:|1701118334\n|switch|p1a: Rotom|Rotom-Wash|41\/100\n|-damage|p1a: Rotom|29\/100|[from] Stealth Rock\n|move|p2a: Swampert|Flip Turn|p1a: Rotom\n|-resisted|p1a: Rotom\n|-damage|p1a: Rotom|21\/100\n|\n|t:|1701118339\n|switch|p2a: Mamoswine|Mamoswine, F|100\/100|[from] Flip Turn\n|\n|-weather|none\n|-heal|p1a: Rotom|27\/100|[from] item: Leftovers\n|upkeep\n|turn|26\n|\n|t:|1701118345\n|move|p2a: Mamoswine|Knock Off|p1a: Rotom\n|-damage|p1a: Rotom|0 fnt\n|-enditem|p1a: Rotom|Leftovers|[from] move: Knock Off|[of] p2a: Mamoswine\n|faint|p1a: Rotom\n|\n|upkeep\n|\n|t:|1701118352\n|switch|p1a: Hippowdon|Hippowdon, F|43\/100\n|-damage|p1a: Hippowdon|37\/100|[from] Stealth Rock\n|-weather|Sandstorm|[from] ability: Sand Stream|[of] p1a: Hippowdon\n|turn|27\n|\n|t:|1701118357\n|switch|p2a: Zapdos|Zapdos|48\/100 frz\n|move|p1a: Hippowdon|Stealth Rock|p2a: Zapdos\n|-sidestart|p2: had sweep|move: Stealth Rock\n|\n|-weather|Sandstorm|[upkeep]\n|-damage|p2a: Zapdos|42\/100 frz|[from] Sandstorm\n|-heal|p2a: Zapdos|48\/100 frz|[from] item: Leftovers\n|-heal|p1a: Hippowdon|43\/100|[from] item: Leftovers\n|upkeep\n|turn|28\n|c|\u2606Xalvadore|Ah, scarfed\n|inactive|Xalvadore has 270 seconds left.\n|\n|t:|1701118368\n|-curestatus|p2a: Zapdos|frz|[msg]\n|move|p2a: Zapdos|Roost|p2a: Zapdos\n|-heal|p2a: Zapdos|98\/100\n|-singleturn|p2a: Zapdos|move: Roost\n|move|p1a: Hippowdon|Roar|p2a: Zapdos\n|drag|p2a: Empoleon|Empoleon, M|100\/100\n|-damage|p2a: Empoleon|94\/100|[from] Stealth Rock\n|-item|p2a: Empoleon|Air Balloon\n|\n|-weather|Sandstorm|[upkeep]\n|-heal|p1a: Hippowdon|49\/100|[from] item: Leftovers\n|upkeep\n|turn|29\n|inactive|Xalvadore has 270 seconds left.\n|\n|t:|1701118384\n|switch|p1a: Milotic|Milotic, F|66\/100\n|-damage|p1a: Milotic|54\/100|[from] Stealth Rock\n|move|p2a: Empoleon|Flash Cannon|p1a: Milotic\n|-resisted|p1a: Milotic\n|-damage|p1a: Milotic|42\/100\n|\n|-weather|Sandstorm|[upkeep]\n|-damage|p1a: Milotic|36\/100|[from] Sandstorm\n|-heal|p1a: Milotic|42\/100|[from] item: Leftovers\n|upkeep\n|turn|30\n|inactive|Xalvadore has 270 seconds left.\n|\n|t:|1701118396\n|move|p1a: Milotic|Surf|p2a: Empoleon\n|-resisted|p2a: Empoleon\n|-damage|p2a: Empoleon|79\/100\n|-enditem|p2a: Empoleon|Air Balloon\n|move|p2a: Empoleon|Flip Turn|p1a: Milotic\n|-resisted|p1a: Milotic\n|-damage|p1a: Milotic|36\/100\n|\n|t:|1701118400\n|switch|p2a: Zapdos|Zapdos|98\/100|[from] Flip Turn\n|-damage|p2a: Zapdos|73\/100|[from] Stealth Rock\n|\n|-weather|Sandstorm|[upkeep]\n|-damage|p2a: Zapdos|67\/100|[from] Sandstorm\n|-damage|p1a: Milotic|30\/100|[from] Sandstorm\n|-heal|p2a: Zapdos|73\/100|[from] item: Leftovers\n|-heal|p1a: Milotic|36\/100|[from] item: Leftovers\n|upkeep\n|turn|31\n|inactive|Xalvadore has 270 seconds left.\n|\n|t:|1701118417\n|switch|p1a: Flygon|Flygon, M|63\/100\n|-damage|p1a: Flygon|57\/100|[from] Stealth Rock\n|move|p2a: Zapdos|Discharge|p1a: Flygon\n|-immune|p1a: Flygon\n|\n|-weather|none\n|-heal|p2a: Zapdos|79\/100|[from] item: Leftovers\n|upkeep\n|turn|32\n|inactive|Xalvadore has 270 seconds left.\n|\n|t:|1701118426\n|move|p1a: Flygon|Rock Slide|p2a: Zapdos\n|-supereffective|p2a: Zapdos\n|-damage|p2a: Zapdos|23\/100\n|move|p2a: Zapdos|Roost|p2a: Zapdos\n|-heal|p2a: Zapdos|73\/100\n|-singleturn|p2a: Zapdos|move: Roost\n|\n|-heal|p2a: Zapdos|79\/100|[from] item: Leftovers\n|upkeep\n|turn|33\n|\n|t:|1701118434\n|switch|p2a: Swampert|Swampert, F|77\/100\n|-damage|p2a: Swampert|71\/100|[from] Stealth Rock\n|move|p1a: Flygon|Rock Slide|p2a: Swampert\n|-resisted|p2a: Swampert\n|-damage|p2a: Swampert|62\/100\n|\n|-heal|p2a: Swampert|68\/100|[from] item: Leftovers\n|upkeep\n|turn|34\n|inactive|Xalvadore has 270 seconds left.\n|\n|t:|1701118455\n|switch|p1a: Hippowdon|Hippowdon, F|49\/100\n|-damage|p1a: Hippowdon|43\/100|[from] Stealth Rock\n|-weather|Sandstorm|[from] ability: Sand Stream|[of] p1a: Hippowdon\n|move|p2a: Swampert|Earthquake|p1a: Hippowdon\n|-damage|p1a: Hippowdon|23\/100\n|\n|-weather|Sandstorm|[upkeep]\n|-heal|p2a: Swampert|74\/100|[from] item: Leftovers\n|-heal|p1a: Hippowdon|29\/100|[from] item: Leftovers\n|upkeep\n|turn|35\n|inactive|Xalvadore has 270 seconds left.\n|\n|t:|1701118481\n|move|p2a: Swampert|Ice Beam|p1a: Hippowdon\n|-supereffective|p1a: Hippowdon\n|-damage|p1a: Hippowdon|0 fnt\n|faint|p1a: Hippowdon\n|\n|-weather|Sandstorm|[upkeep]\n|-heal|p2a: Swampert|80\/100|[from] item: Leftovers\n|upkeep\n|\n|t:|1701118490\n|switch|p1a: Scizor|Scizor, F|61\/100 slp\n|-damage|p1a: Scizor|49\/100 slp|[from] Stealth Rock\n|turn|36\n|\n|t:|1701118495\n|cant|p1a: Scizor|slp\n|move|p2a: Swampert|Earthquake|p1a: Scizor\n|-damage|p1a: Scizor|10\/100 slp\n|\n|-weather|Sandstorm|[upkeep]\n|-heal|p2a: Swampert|87\/100|[from] item: Leftovers\n|upkeep\n|turn|37\n|\n|t:|1701118501\n|cant|p1a: Scizor|slp\n|move|p2a: Swampert|Earthquake|p1a: Scizor\n|-damage|p1a: Scizor|0 fnt\n|faint|p1a: Scizor\n|\n|-weather|Sandstorm|[upkeep]\n|-heal|p2a: Swampert|93\/100|[from] item: Leftovers\n|upkeep\n|\n|t:|1701118510\n|switch|p1a: Flygon|Flygon, M|57\/100\n|-damage|p1a: Flygon|51\/100|[from] Stealth Rock\n|turn|38\n|inactive|Xalvadore has 270 seconds left.\n|\n|t:|1701118517\n|move|p1a: Flygon|Outrage|p2a: Swampert\n|-damage|p2a: Swampert|52\/100\n|move|p2a: Swampert|Ice Beam|p1a: Flygon\n|-supereffective|p1a: Flygon\n|-crit|p1a: Flygon\n|-damage|p1a: Flygon|0 fnt\n|faint|p1a: Flygon\n|\n|-weather|none\n|-heal|p2a: Swampert|58\/100|[from] item: Leftovers\n|upkeep\n|inactive|Xalvadore has 270 seconds left.\n|\n|t:|1701118525\n|switch|p1a: Milotic|Milotic, F|36\/100\n|-damage|p1a: Milotic|23\/100|[from] Stealth Rock\n|turn|39\n|\n|t:|1701118530\n|move|p1a: Milotic|Surf|p2a: Swampert\n|-damage|p2a: Swampert|35\/100\n|move|p2a: Swampert|Earthquake|p1a: Milotic\n|-damage|p1a: Milotic|0 fnt\n|faint|p1a: Milotic\n|\n|win|had sweep\n|c|\u2606Xalvadore|gg\n|l|\u203dhad sweep\n","uploadtime":1701118537,"views":3,"p1id":"xalvadore","p2id":"hadsweep","formatid":"gen9nationaldex","rating":0,"private":0,"password":""}