{"id":"gen9nationaldex-1993220598","p1":"rgsilent3","p2":"SouEuMesmo","format":"[Gen 9] National Dex","log":"|j|\u2606rgsilent3\n|j|\u2606SouEuMesmo\n|t:|1700279872\n|gametype|singles\n|player|p1|rgsilent3|102|1106\n|player|p2|SouEuMesmo|gambler|1163\n|teamsize|p1|6\n|teamsize|p2|6\n|gen|9\n|tier|[Gen 9] National Dex\n|rated|\n|rule|HP Percentage Mod: HP is shown in percentages\n|rule|Endless Battle Clause: Forcing endless battles is banned\n|rule|OHKO Clause: OHKO moves are banned\n|rule|Evasion Clause: Evasion abilities, items, and moves are banned\n|rule|Evasion Abilities Clause: Evasion abilities are banned\n|rule|Evasion Items Clause: Evasion items are banned\n|rule|Evasion Moves Clause: Evasion moves are banned\n|rule|Species Clause: Limit one of each Pok\u00e9mon\n|rule|Sleep Clause Mod: Limit one foe put to sleep\n|clearpoke\n|poke|p1|Tyranitar, F|\n|poke|p1|Vaporeon, F|\n|poke|p1|Duraludon, M|\n|poke|p1|Steelix, M|\n|poke|p1|Electrode|\n|poke|p1|Butterfree, M|\n|poke|p2|Volcarona, F|\n|poke|p2|Gliscor, F|\n|poke|p2|Blastoise, F|\n|poke|p2|Weavile, F|\n|poke|p2|Sigilyph, F|\n|poke|p2|Gallade, M|\n|teampreview\n|\n|t:|1700279882\n|start\n|switch|p1a: Electrode|Electrode, shiny|100\/100\n|switch|p2a: Gliscor|Gliscor, F|100\/100\n|turn|1\n|\n|t:|1700279886\n|move|p1a: Electrode|Reflect|p1a: Electrode\n|-sidestart|p1: rgsilent3|Reflect\n|move|p2a: Gliscor|Taunt|p1a: Electrode\n|-start|p1a: Electrode|move: Taunt\n|\n|-status|p2a: Gliscor|tox|[from] item: Toxic Orb\n|upkeep\n|turn|2\n|\n|t:|1700279895\n|switch|p1a: Hydro|Vaporeon, F, shiny|100\/100\n|move|p2a: Gliscor|Stealth Rock|p1a: Hydro\n|-sidestart|p1: rgsilent3|move: Stealth Rock\n|\n|upkeep\n|turn|3\n|\n|t:|1700279908\n|move|p2a: Gliscor|U-turn|p1a: Hydro\n|-damage|p1a: Hydro|93\/100\n|\n|t:|1700279923\n|switch|p2a: Gallade|Gallade, M|100\/100|[from] U-turn\n|move|p1a: Hydro|Scald|p2a: Gallade\n|-crit|p2a: Gallade\n|-damage|p2a: Gallade|55\/100\n|\n|-heal|p2a: Gallade|61\/100|[from] item: Leftovers\n|-heal|p1a: Hydro|99\/100|[from] item: Leftovers\n|upkeep\n|turn|4\n|\n|t:|1700279934\n|move|p2a: Gallade|Swords Dance|p2a: Gallade\n|-boost|p2a: Gallade|atk|2\n|move|p1a: Hydro|Toxic|p2a: Gallade\n|-status|p2a: Gallade|tox\n|\n|-heal|p2a: Gallade|67\/100 tox|[from] item: Leftovers\n|-heal|p1a: Hydro|100\/100|[from] item: Leftovers\n|-damage|p2a: Gallade|61\/100 tox|[from] psn\n|upkeep\n|turn|5\n|\n|t:|1700279943\n|move|p1a: Hydro|Protect|p1a: Hydro\n|-singleturn|p1a: Hydro|Protect\n|move|p2a: Gallade|Leaf Blade|p1a: Hydro\n|-activate|p1a: Hydro|move: Protect\n|\n|-heal|p2a: Gallade|67\/100 tox|[from] item: Leftovers\n|-damage|p2a: Gallade|55\/100 tox|[from] psn\n|upkeep\n|turn|6\n|\n|t:|1700279953\n|switch|p1a: Electrode|Electrode, shiny|100\/100\n|-damage|p1a: Electrode|88\/100|[from] Stealth Rock\n|move|p2a: Gallade|Leaf Blade|p1a: Electrode\n|-damage|p1a: Electrode|47\/100\n|\n|-heal|p2a: Gallade|61\/100 tox|[from] item: Leftovers\n|-damage|p2a: Gallade|43\/100 tox|[from] psn\n|upkeep\n|turn|7\n|\n|t:|1700279962\n|move|p1a: Electrode|Light Screen|p1a: Electrode\n|-sidestart|p1: rgsilent3|move: Light Screen\n|move|p2a: Gallade|Drain Punch|p1a: Electrode\n|-damage|p1a: Electrode|0 fnt\n|-heal|p2a: Gallade|70\/100 tox|[from] drain|[of] p1a: Electrode\n|faint|p1a: Electrode\n|\n|-heal|p2a: Gallade|76\/100 tox|[from] item: Leftovers\n|-damage|p2a: Gallade|52\/100 tox|[from] psn\n|upkeep\n|\n|t:|1700279970\n|switch|p1a: Butterfree|Butterfree, M, shiny|100\/100\n|turn|8\n|\n|t:|1700279988\n|move|p2a: Gallade|Psycho Cut|p1a: Butterfree\n|-damage|p1a: Butterfree|17\/100\n|move|p1a: Butterfree|Quiver Dance|p1a: Butterfree\n|-boost|p1a: Butterfree|spa|1\n|-boost|p1a: Butterfree|spd|1\n|-boost|p1a: Butterfree|spe|1\n|\n|-heal|p2a: Gallade|58\/100 tox|[from] item: Leftovers\n|-damage|p2a: Gallade|27\/100 tox|[from] psn\n|-sideend|p1: rgsilent3|Reflect\n|upkeep\n|turn|9\n|\n|t:|1700279997\n|move|p1a: Butterfree|Bug Buzz|p2a: Gallade\n|-damage|p2a: Gallade|0 fnt\n|faint|p2a: Gallade\n|\n|upkeep\n|\n|t:|1700280007\n|switch|p2a: Weavile|Weavile, F|100\/100\n|-ability|p2a: Weavile|Pressure\n|turn|10\n|\n|t:|1700280011\n|move|p2a: Weavile|Fake Out|p1a: Butterfree\n|-damage|p1a: Butterfree|0 fnt\n|faint|p1a: Butterfree\n|-damage|p2a: Weavile|91\/100|[from] item: Life Orb\n|\n|upkeep\n|\n|t:|1700280020\n|switch|p1a: Hydro|Vaporeon, F, shiny|100\/100\n|-damage|p1a: Hydro|88\/100|[from] Stealth Rock\n|turn|11\n|\n|t:|1700280031\n|switch|p2a: Gliscor|Gliscor, F|100\/100 tox\n|move|p1a: Hydro|Toxic|p2a: Gliscor\n|-fail|p2a: Gliscor|tox\n|\n|-heal|p1a: Hydro|94\/100|[from] item: Leftovers\n|upkeep\n|turn|12\n|\n|t:|1700280042\n|move|p2a: Gliscor|Taunt|p1a: Hydro\n|-start|p1a: Hydro|move: Taunt\n|move|p1a: Hydro|Scald|p2a: Gliscor\n|-supereffective|p2a: Gliscor\n|-damage|p2a: Gliscor|9\/100 tox\n|\n|-heal|p1a: Hydro|100\/100|[from] item: Leftovers\n|-heal|p2a: Gliscor|21\/100 tox|[from] ability: Poison Heal\n|upkeep\n|turn|13\n|\n|t:|1700280050\n|move|p2a: Gliscor|U-turn|p1a: Hydro\n|-damage|p1a: Hydro|87\/100\n|\n|t:|1700280059\n|switch|p2a: Sigilyph|Sigilyph, F|100\/100|[from] U-turn\n|move|p1a: Hydro|Scald|p2a: Sigilyph\n|-damage|p2a: Sigilyph|61\/100\n|-status|p2a: Sigilyph|brn\n|\n|-heal|p1a: Hydro|94\/100|[from] item: Leftovers\n|upkeep\n|turn|14\n|\n|t:|1700280067\n|move|p2a: Sigilyph|Toxic|p1a: Hydro\n|-status|p1a: Hydro|tox\n|move|p1a: Hydro|Scald|p2a: Sigilyph\n|-damage|p2a: Sigilyph|16\/100 brn\n|\n|-heal|p1a: Hydro|99\/100 tox|[from] item: Leftovers\n|-damage|p1a: Hydro|94\/100 tox|[from] psn\n|-end|p1a: Hydro|move: Taunt\n|-sideend|p1: rgsilent3|move: Light Screen\n|upkeep\n|turn|15\n|\n|t:|1700280077\n|move|p2a: Sigilyph|Psychic|p1a: Hydro\n|-damage|p1a: Hydro|55\/100 tox\n|move|p1a: Hydro|Scald|p2a: Sigilyph\n|-damage|p2a: Sigilyph|0 fnt\n|faint|p2a: Sigilyph\n|\n|-heal|p1a: Hydro|61\/100 tox|[from] item: Leftovers\n|-damage|p1a: Hydro|49\/100 tox|[from] psn\n|upkeep\n|\n|t:|1700280085\n|switch|p2a: Blastoise|Blastoise, F|100\/100\n|turn|16\n|\n|t:|1700280097\n|move|p2a: Blastoise|Earthquake|p1a: Hydro\n|-damage|p1a: Hydro|29\/100 tox\n|move|p1a: Hydro|Wish|p1a: Hydro\n|\n|-heal|p1a: Hydro|35\/100 tox|[from] item: Leftovers\n|-damage|p1a: Hydro|16\/100 tox|[from] psn\n|upkeep\n|turn|17\n|\n|t:|1700280107\n|move|p1a: Hydro|Protect|p1a: Hydro\n|-singleturn|p1a: Hydro|Protect\n|move|p2a: Blastoise|Shell Smash|p2a: Blastoise\n|-unboost|p2a: Blastoise|def|1\n|-unboost|p2a: Blastoise|spd|1\n|-boost|p2a: Blastoise|atk|2\n|-boost|p2a: Blastoise|spa|2\n|-boost|p2a: Blastoise|spe|2\n|-enditem|p2a: Blastoise|White Herb\n|-clearnegativeboost|p2a: Blastoise|[silent]\n|\n|-heal|p1a: Hydro|66\/100 tox|[from] move: Wish|[wisher] Hydro\n|-heal|p1a: Hydro|72\/100 tox|[from] item: Leftovers\n|-damage|p1a: Hydro|47\/100 tox|[from] psn\n|upkeep\n|turn|18\n|\n|t:|1700280122\n|-terastallize|p2a: Blastoise|Ground\n|move|p2a: Blastoise|Earthquake|p1a: Hydro\n|-damage|p1a: Hydro|0 fnt\n|faint|p1a: Hydro\n|\n|upkeep\n|\n|t:|1700280130\n|switch|p1a: Duraludon|Duraludon, M, shiny|100\/100\n|turn|19\n|\n|t:|1700280137\n|move|p2a: Blastoise|Earthquake|p1a: Duraludon\n|-supereffective|p1a: Duraludon\n|-damage|p1a: Duraludon|0 fnt\n|faint|p1a: Duraludon\n|\n|upkeep\n|\n|t:|1700280139\n|switch|p1a: Steelix|Steelix, M|100\/100\n|-damage|p1a: Steelix|97\/100|[from] Stealth Rock\n|turn|20\n|\n|t:|1700280143\n|detailschange|p1a: Steelix|Steelix-Mega, M\n|-mega|p1a: Steelix|Steelix|Steelixite\n|move|p2a: Blastoise|Earthquake|p1a: Steelix\n|-supereffective|p1a: Steelix\n|-damage|p1a: Steelix|40\/100\n|move|p1a: Steelix|Earthquake|p2a: Blastoise\n|-damage|p2a: Blastoise|53\/100\n|\n|upkeep\n|turn|21\n|\n|t:|1700280153\n|move|p2a: Blastoise|Earthquake|p1a: Steelix\n|-supereffective|p1a: Steelix\n|-damage|p1a: Steelix|0 fnt\n|faint|p1a: Steelix\n|\n|upkeep\n|\n|t:|1700280155\n|switch|p1a: Godzilla|Tyranitar, F, shiny|100\/100\n|-damage|p1a: Godzilla|88\/100|[from] Stealth Rock\n|-weather|Sandstorm|[from] ability: Sand Stream|[of] p1a: Godzilla\n|turn|22\n|\n|t:|1700280162\n|move|p2a: Blastoise|Earthquake|p1a: Godzilla\n|-supereffective|p1a: Godzilla\n|-damage|p1a: Godzilla|0 fnt\n|faint|p1a: Godzilla\n|\n|win|SouEuMesmo\n|raw|rgsilent3's rating: 1106 &rarr; <strong>1085<\/strong><br \/>(-21 for losing)\n|raw|SouEuMesmo's rating: 1163 &rarr; <strong>1184<\/strong><br \/>(+21 for winning)\n|l|\u2606rgsilent3\n","uploadtime":1700280175,"views":24,"p1id":"rgsilent3","p2id":"soueumesmo","formatid":"gen9nationaldex","rating":1085,"private":0,"password":""}