{"id":"gen9nationaldex-1988981039","p1":"SylverOmega","p2":"TacoBoi6969","format":"[Gen 9] National Dex","log":"|j|\u2606SylverOmega\n|j|\u2606TacoBoi6969\n|t:|1699797914\n|gametype|singles\n|player|p1|SylverOmega|palmer|1288\n|player|p2|TacoBoi6969|depotagent|1324\n|teamsize|p1|6\n|teamsize|p2|6\n|gen|9\n|tier|[Gen 9] National Dex\n|rated|\n|rule|HP Percentage Mod: HP is shown in percentages\n|rule|Endless Battle Clause: Forcing endless battles is banned\n|rule|OHKO Clause: OHKO moves are banned\n|rule|Evasion Clause: Evasion abilities, items, and moves are banned\n|rule|Evasion Abilities Clause: Evasion abilities are banned\n|rule|Evasion Items Clause: Evasion items are banned\n|rule|Evasion Moves Clause: Evasion moves are banned\n|rule|Species Clause: Limit one of each Pok\u00e9mon\n|rule|Sleep Clause Mod: Limit one foe put to sleep\n|clearpoke\n|poke|p1|Torkoal, F|\n|poke|p1|Ceruledge, M|\n|poke|p1|Sceptile, M|\n|poke|p1|Enamorus, F|\n|poke|p1|Lilligant-Hisui, F|\n|poke|p1|Tauros-Paldea-Blaze, M|\n|poke|p2|Gliscor, F|\n|poke|p2|Volcarona, M|\n|poke|p2|Galvantula, M|\n|poke|p2|Beedrill, F|\n|poke|p2|Hawlucha, F|\n|poke|p2|Greninja-*, M|\n|teampreview\n|inactive|Battle timer is ON: inactive players will automatically lose when time's up. (requested by SylverOmega)\n|c|\u2606SylverOmega|Hf\n|inactive|SylverOmega has 120 seconds left.\n|\n|t:|1699797947\n|start\n|switch|p1a: Enamorus|Enamorus, F|100\/100\n|switch|p2a: Galvantula|Galvantula, M|100\/100\n|turn|1\n|c|\u2606TacoBoi6969|GLHF\n|\n|t:|1699797955\n|-terastallize|p1a: Enamorus|Ground\n|move|p1a: Enamorus|Mystical Fire|p2a: Galvantula\n|-supereffective|p2a: Galvantula\n|-enditem|p2a: Galvantula|Focus Sash\n|-damage|p2a: Galvantula|1\/100\n|-unboost|p2a: Galvantula|spa|1\n|move|p2a: Galvantula|Thunder Wave|p1a: Enamorus\n|-immune|p1a: Enamorus\n|\n|upkeep\n|turn|2\n|\n|t:|1699797967\n|move|p1a: Enamorus|Mystical Fire|p2a: Galvantula\n|-supereffective|p2a: Galvantula\n|-damage|p2a: Galvantula|0 fnt\n|faint|p2a: Galvantula\n|\n|upkeep\n|\n|t:|1699797980\n|switch|p2a: Greninja|Greninja, M|100\/100\n|turn|3\n|\n|t:|1699797990\n|switch|p1a: Torkoal|Torkoal, F|100\/100\n|-weather|SunnyDay|[from] ability: Drought|[of] p1a: Torkoal\n|move|p2a: Greninja|Surf|p1a: Torkoal\n|-supereffective|p1a: Torkoal\n|-damage|p1a: Torkoal|64\/100\n|\n|-weather|SunnyDay|[upkeep]\n|upkeep\n|turn|4\n|\n|t:|1699798005\n|switch|p2a: Hawlucha|Hawlucha, F, shiny|100\/100\n|move|p1a: Torkoal|Stealth Rock|p2a: Hawlucha\n|-sidestart|p2: TacoBoi6969|move: Stealth Rock\n|\n|-weather|SunnyDay|[upkeep]\n|upkeep\n|turn|5\n|\n|t:|1699798012\n|switch|p1a: Ceruledge|Ceruledge, M|100\/100\n|move|p2a: Hawlucha|Substitute|p2a: Hawlucha\n|-start|p2a: Hawlucha|Substitute\n|-damage|p2a: Hawlucha|76\/100\n|\n|-weather|SunnyDay|[upkeep]\n|upkeep\n|turn|6\n|\n|t:|1699798021\n|move|p2a: Hawlucha|Swords Dance|p2a: Hawlucha\n|-boost|p2a: Hawlucha|atk|2\n|move|p1a: Ceruledge|Bitter Blade|p2a: Hawlucha\n|-end|p2a: Hawlucha|Substitute\n|\n|-weather|SunnyDay|[upkeep]\n|upkeep\n|turn|7\n|\n|t:|1699798030\n|move|p2a: Hawlucha|Acrobatics|p1a: Ceruledge\n|-damage|p1a: Ceruledge|50\/100\n|-ability|p1a: Ceruledge|Weak Armor|boost\n|-unboost|p1a: Ceruledge|def|1\n|-boost|p1a: Ceruledge|spe|2\n|move|p1a: Ceruledge|Swords Dance|p1a: Ceruledge\n|-boost|p1a: Ceruledge|atk|2\n|\n|-weather|SunnyDay|[upkeep]\n|upkeep\n|turn|8\n|\n|t:|1699798040\n|move|p1a: Ceruledge|Bitter Blade|p2a: Hawlucha\n|-damage|p2a: Hawlucha|0 fnt\n|-heal|p1a: Ceruledge|88\/100|[from] drain|[of] p2a: Hawlucha\n|faint|p2a: Hawlucha\n|\n|-weather|SunnyDay|[upkeep]\n|upkeep\n|-message|TacoBoi6969 forfeited.\n|\n|win|SylverOmega\n|raw|SylverOmega's rating: 1288 &rarr; <strong>1316<\/strong><br \/>(+28 for winning)\n|raw|TacoBoi6969's rating: 1324 &rarr; <strong>1302<\/strong><br \/>(-22 for losing)\n|l|\u2606TacoBoi6969\n","uploadtime":1699798057,"views":16,"p1id":"sylveromega","p2id":"tacoboi6969","formatid":"gen9nationaldex","rating":1302,"private":0,"password":""}