{"id":"gen9nationaldex-1999128123","p1":"tidaltao","p2":"Keykard","format":"[Gen 9] National Dex","log":"|html|<div class=\"broadcast-blue\"><strong>[Gen 9] National Dex is currently suspecting Sneasler! For information on how to participate check out the <a href=\"https:\/\/www.smogon.com\/forums\/threads\/sv-national-dex-suspect-8-just-dance.3731534\/\">suspect thread<\/a>.<\/strong><\/div>\n|j|\u2606tidaltao\n|j|\u2606Keykard\n|t:|1701036166\n|gametype|singles\n|player|p1|tidaltao|klara|\n|player|p2|Keykard|1|\n|teamsize|p1|6\n|teamsize|p2|6\n|gen|9\n|tier|[Gen 9] National Dex\n|rule|HP Percentage Mod: HP is shown in percentages\n|rule|Endless Battle Clause: Forcing endless battles is banned\n|rule|OHKO Clause: OHKO moves are banned\n|rule|Evasion Clause: Evasion abilities, items, and moves are banned\n|rule|Evasion Abilities Clause: Evasion abilities are banned\n|rule|Evasion Items Clause: Evasion items are banned\n|rule|Evasion Moves Clause: Evasion moves are banned\n|rule|Species Clause: Limit one of each Pok\u00e9mon\n|rule|Sleep Clause Mod: Limit one foe put to sleep\n|clearpoke\n|poke|p1|Charizard, M|\n|poke|p1|Torkoal, F|\n|poke|p1|Venusaur, F|\n|poke|p1|Zapdos-Galar|\n|poke|p1|Sandy Shocks|\n|poke|p1|Tapu Fini|\n|poke|p2|Nihilego|\n|poke|p2|Blaziken, F|\n|poke|p2|Kartana|\n|poke|p2|Grimmsnarl, M|\n|poke|p2|Zapdos|\n|poke|p2|Charizard, F|\n|teampreview\n|j| homixide poopoo\n|j| Megakid20\n|\n|t:|1701036228\n|start\n|switch|p1a: magic clap|Zapdos-Galar|100\/100\n|switch|p2a: Bauhaus|Nihilego|100\/100\n|turn|1\n|c| Megakid20|cam i believe in you\n|j| JONGLOBOBE\n|c| JONGLOBOBE|like magic johnson\n|c| JONGLOBOBE|cuz he got the clap\n|c| JONGLOBOBE|or\n|\n|t:|1701036275\n|switch|p1a: magic conch|Tapu Fini|100\/100\n|-fieldstart|move: Misty Terrain|[from] ability: Misty Surge|[of] p1a: magic conch\n|move|p2a: Bauhaus|Meteor Beam||[still]\n|-prepare|p2a: Bauhaus|Meteor Beam\n|-boost|p2a: Bauhaus|spa|1\n|-enditem|p2a: Bauhaus|Power Herb\n|-anim|p2a: Bauhaus|Meteor Beam|p1a: magic conch\n|-damage|p1a: magic conch|36\/100\n|\n|-heal|p1a: magic conch|42\/100|[from] item: Leftovers\n|upkeep\n|turn|2\n|\n|t:|1701036289\n|move|p2a: Bauhaus|Sludge Wave|p1a: magic conch\n|-supereffective|p1a: magic conch\n|-damage|p1a: magic conch|0 fnt\n|faint|p1a: magic conch\n|-ability|p2a: Bauhaus|Beast Boost|boost\n|-boost|p2a: Bauhaus|spe|1\n|\n|upkeep\n|j| stepback wemby\n|c| stepback wemby|What is Bauhaus ??\n|c| stepback wemby|There's a bar in Houston named that\n|c| stepback wemby|Its lit\n|c|\u2606Keykard|I couldn't even tell you.\n|c| stepback wemby|Have u been?\n|c|\u2606Keykard|No\n|\n|t:|1701036357\n|switch|p1a: magic drake|Charizard, M, shiny|100\/100\n|turn|3\n|c|\u2606Keykard|Maybe I'll go one day\n|\n|t:|1701036366\n|detailschange|p1a: magic drake|Charizard-Mega-Y, M, shiny\n|-mega|p1a: magic drake|Charizard|Charizardite Y\n|-weather|SunnyDay|[from] ability: Drought|[of] p1a: magic drake\n|move|p2a: Bauhaus|Power Gem|p1a: magic drake\n|-supereffective|p1a: magic drake\n|-crit|p1a: magic drake\n|-damage|p1a: magic drake|0 fnt\n|faint|p1a: magic drake\n|-ability|p2a: Bauhaus|Beast Boost|boost\n|-boost|p2a: Bauhaus|spe|1\n|\n|-weather|SunnyDay|[upkeep]\n|upkeep\n|c| homixide poopoo|i liked luffy more\n|c| stepback wemby|:sob:\n|c|\u2606tidaltao|sorry\n|\n|t:|1701036395\n|switch|p1a: magic plant|Venusaur, F|100\/100\n|turn|4\n|\n|t:|1701036408\n|move|p2a: Bauhaus|Psyshock|p1a: magic plant\n|-supereffective|p1a: magic plant\n|-damage|p1a: magic plant|6\/100\n|move|p1a: magic plant|Earth Power|p2a: Bauhaus\n|-supereffective|p2a: Bauhaus\n|-damage|p2a: Bauhaus|0 fnt\n|faint|p2a: Bauhaus\n|-damage|p1a: magic plant|0 fnt|[from] item: Life Orb\n|faint|p1a: magic plant\n|\n|-weather|SunnyDay|[upkeep]\n|upkeep\n|\n|t:|1701036427\n|switch|p2a: New to this|Grimmsnarl, M|100\/100\n|switch|p1a: magic mike|Sandy Shocks|100\/100\n|-activate|p1a: magic mike|ability: Protosynthesis\n|-start|p1a: magic mike|protosynthesisspa\n|turn|5\n|\n|t:|1701036439\n|move|p1a: magic mike|Volt Switch|p2a: New to this\n|-damage|p2a: New to this|62\/100\n|\n|t:|1701036443\n|-end|p1a: magic mike|Protosynthesis|[silent]\n|switch|p1a: magic clap|Zapdos-Galar|100\/100|[from] Volt Switch\n|move|p2a: New to this|Light Screen|p2a: New to this\n|-sidestart|p2: Keykard|move: Light Screen\n|\n|-weather|SunnyDay|[upkeep]\n|-fieldend|Misty Terrain\n|upkeep\n|turn|6\n|\n|t:|1701036446\n|move|p1a: magic clap|Brick Break|p2a: New to this\n|-sideend|p2: Keykard|move: Light Screen\n|-damage|p2a: New to this|0 fnt\n|faint|p2a: New to this\n|\n|-weather|SunnyDay|[upkeep]\n|upkeep\n|c| JONGLOBOBE|?\n|c| stepback wemby|nice pick pocket\n|c| JONGLOBOBE|dude a pickpocketer\n|c| JONGLOBOBE|we caught u\n|c|\u2606Keykard|Dude\n|c|\u2606Keykard|Why didn't I go first\n|c| stepback wemby|nice grimmsnarl\n|c| stepback wemby|u have pick pocket\n|\n|t:|1701036492\n|switch|p2a: Bullfight|Charizard, F|100\/100\n|turn|7\n|c| JONGLOBOBE|cuz u put ur grubby hands in his pockets\n|c| stepback wemby|its not like it really Made a difference\n|\n|t:|1701036508\n|switch|p1a: magic mike|Sandy Shocks|100\/100\n|-activate|p1a: magic mike|ability: Protosynthesis\n|-start|p1a: magic mike|protosynthesisspa\n|move|p2a: Bullfight|Dragon Dance|p2a: Bullfight\n|-boost|p2a: Bullfight|atk|1\n|-boost|p2a: Bullfight|spe|1\n|\n|-weather|none\n|-end|p1a: magic mike|Protosynthesis\n|upkeep\n|turn|8\n|\n|t:|1701036519\n|detailschange|p2a: Bullfight|Charizard-Mega-X, F\n|-mega|p2a: Bullfight|Charizard|Charizardite X\n|move|p1a: magic mike|Thunderbolt|p2a: Bullfight\n|-resisted|p2a: Bullfight\n|-damage|p2a: Bullfight|71\/100\n|move|p2a: Bullfight|Flare Blitz|p1a: magic mike\n|-damage|p1a: magic mike|0 fnt\n|faint|p1a: magic mike\n|-end|p1a: magic mike|Protosynthesis|[silent]\n|-damage|p2a: Bullfight|36\/100|[from] Recoil\n|\n|upkeep\n|c| Megakid20|paul\n|\n|t:|1701036535\n|switch|p1a: magic clap|Zapdos-Galar|100\/100\n|turn|9\n|\n|t:|1701036552\n|move|p2a: Bullfight|Flare Blitz|p1a: magic clap\n|-damage|p1a: magic clap|0 fnt\n|faint|p1a: magic clap\n|-damage|p2a: Bullfight|0 fnt|[from] Recoil\n|faint|p2a: Bullfight\n|\n|upkeep\n|\n|t:|1701036562\n|switch|p1a: magic coal|Torkoal, F, shiny|100\/100\n|switch|p2a: Brutalist|Blaziken, F|100\/100\n|-weather|SunnyDay|[from] ability: Drought|[of] p1a: magic coal\n|turn|10\n|\n|t:|1701036568\n|move|p2a: Brutalist|Swords Dance|p2a: Brutalist\n|-boost|p2a: Brutalist|atk|2\n|move|p1a: magic coal|Lava Plume|p2a: Brutalist\n|-resisted|p2a: Brutalist\n|-damage|p2a: Brutalist|74\/100\n|\n|-weather|SunnyDay|[upkeep]\n|-ability|p2a: Brutalist|Speed Boost|boost\n|-boost|p2a: Brutalist|spe|1\n|upkeep\n|turn|11\n|\n|t:|1701036574\n|move|p2a: Brutalist|High Jump Kick|p1a: magic coal|[miss]\n|-miss|p2a: Brutalist|p1a: magic coal\n|-damage|p2a: Brutalist|24\/100|[from] highjumpkick\n|move|p1a: magic coal|Lava Plume|p2a: Brutalist\n|-resisted|p2a: Brutalist\n|-damage|p2a: Brutalist|0 fnt\n|faint|p2a: Brutalist\n|\n|-weather|SunnyDay|[upkeep]\n|upkeep\n|c| stepback wemby|winnable\n|c| JONGLOBOBE|Wait.\n|c| homixide poopoo|CAN WIN.\n|c|\u2606Keykard|Yeah I've never hit a hjk in my life\n|c| stepback wemby|I've never missed one\n|\n|t:|1701036602\n|switch|p2a: OG|Kartana|100\/100\n|turn|12\n|\n|t:|1701036609\n|-terastallize|p2a: OG|Dark\n|move|p2a: OG|Knock Off|p1a: magic coal\n|-damage|p1a: magic coal|61\/100\n|-enditem|p1a: magic coal|Heat Rock|[from] move: Knock Off|[of] p2a: OG\n|move|p1a: magic coal|Toxic|p2a: OG\n|-status|p2a: OG|tox\n|\n|-weather|SunnyDay|[upkeep]\n|-damage|p2a: OG|94\/100 tox|[from] psn\n|upkeep\n|turn|13\n|c| Megakid20|...\n|\n|t:|1701036623\n|move|p2a: OG|Knock Off|p1a: magic coal\n|-damage|p1a: magic coal|38\/100\n|move|p1a: magic coal|Lava Plume|p2a: OG\n|-damage|p2a: OG|0 fnt\n|faint|p2a: OG\n|\n|-weather|SunnyDay|[upkeep]\n|upkeep\n|\n|t:|1701036624\n|switch|p2a: Matador|Zapdos|100\/100\n|turn|14\n|\n|t:|1701036634\n|move|p2a: Matador|Volt Switch|p1a: magic coal\n|-crit|p1a: magic coal\n|-damage|p1a: magic coal|0 fnt\n|faint|p1a: magic coal\n|\n|win|Keykard\n|c| stepback wemby|matador like polo perks?\n|c|\u2606Keykard|Dude who is that\n|c|\u2606Keykard|Gg\n|c| stepback wemby|I don't understand ur nicknames\n|c|\u2606tidaltao|MATADOR\n|c|\u2606tidaltao|LMFAO\n|c|\u2606tidaltao|gg\n","uploadtime":1701036699,"views":8,"p1id":"tidaltao","p2id":"keykard","formatid":"gen9nationaldex","rating":0,"private":0,"password":""}