{"id":"gen9nationaldex-1999739517","p1":"Xero Dracohart","p2":"T3KMolotov","format":"[Gen 9] National Dex","log":"|html|<div class=\"broadcast-blue\"><strong>[Gen 9] National Dex is currently suspecting Sneasler! For information on how to participate check out the <a href=\"https:\/\/www.smogon.com\/forums\/threads\/sv-national-dex-suspect-8-just-dance.3731534\/\">suspect thread<\/a>.<\/strong><\/div>\n|j|\u2606Xero Dracohart\n|j|\u2606T3KMolotov\n|t:|1701112433\n|gametype|singles\n|player|p1|Xero Dracohart|brycenman|1053\n|player|p2|T3KMolotov|petrel|1059\n|teamsize|p1|6\n|teamsize|p2|6\n|gen|9\n|tier|[Gen 9] National Dex\n|rated|\n|rule|HP Percentage Mod: HP is shown in percentages\n|rule|Endless Battle Clause: Forcing endless battles is banned\n|rule|OHKO Clause: OHKO moves are banned\n|rule|Evasion Clause: Evasion abilities, items, and moves are banned\n|rule|Evasion Abilities Clause: Evasion abilities are banned\n|rule|Evasion Items Clause: Evasion items are banned\n|rule|Evasion Moves Clause: Evasion moves are banned\n|rule|Species Clause: Limit one of each Pok\u00e9mon\n|rule|Sleep Clause Mod: Limit one foe put to sleep\n|clearpoke\n|poke|p1|Decidueye-Hisui, M|\n|poke|p1|Great Tusk|\n|poke|p1|Toxicroak, F|\n|poke|p1|Blaziken, F|\n|poke|p1|Machamp, F|\n|poke|p1|Kommo-o, M|\n|poke|p2|Sableye, M|\n|poke|p2|Garchomp, F|\n|poke|p2|Toedscruel, M|\n|poke|p2|Ceruledge, M|\n|poke|p2|Amoonguss, M|\n|poke|p2|Heracross, F|\n|teampreview\n|\n|t:|1701112443\n|start\n|switch|p1a: Toxicroak|Toxicroak, F|100\/100\n|switch|p2a: Sableye|Sableye, M, shiny|100\/100\n|turn|1\n|\n|t:|1701112450\n|move|p2a: Sableye|Confuse Ray|p1a: Toxicroak\n|-start|p1a: Toxicroak|confusion\n|-activate|p1a: Toxicroak|confusion\n|move|p1a: Toxicroak|Poison Jab|p2a: Sableye\n|-resisted|p2a: Sableye\n|-damage|p2a: Sableye|75\/100\n|\n|-heal|p2a: Sableye|81\/100|[from] item: Leftovers\n|upkeep\n|turn|2\n|\n|t:|1701112457\n|move|p2a: Sableye|Will-O-Wisp|p1a: Toxicroak\n|-status|p1a: Toxicroak|brn\n|-activate|p1a: Toxicroak|confusion\n|move|p1a: Toxicroak|Poison Jab|p2a: Sableye\n|-resisted|p2a: Sableye\n|-damage|p2a: Sableye|70\/100\n|-status|p2a: Sableye|psn\n|\n|-heal|p2a: Sableye|76\/100 psn|[from] item: Leftovers\n|-damage|p2a: Sableye|64\/100 psn|[from] psn\n|-damage|p1a: Toxicroak|94\/100 brn|[from] brn\n|upkeep\n|turn|3\n|\n|t:|1701112466\n|-activate|p1a: Toxicroak|confusion\n|-damage|p1a: Toxicroak|76\/100 brn|[from] confusion\n|move|p2a: Sableye|Hex|p1a: Toxicroak\n|-damage|p1a: Toxicroak|27\/100 brn\n|\n|-heal|p2a: Sableye|70\/100 psn|[from] item: Leftovers\n|-damage|p2a: Sableye|58\/100 psn|[from] psn\n|-damage|p1a: Toxicroak|21\/100 brn|[from] brn\n|upkeep\n|turn|4\n|\n|t:|1701112473\n|move|p2a: Sableye|Fake Out||[still]\n|-hint|Fake Out only works on your first turn out.\n|-fail|p2a: Sableye\n|-activate|p1a: Toxicroak|confusion\n|-damage|p1a: Toxicroak|1\/100 brn|[from] confusion\n|\n|-heal|p2a: Sableye|64\/100 psn|[from] item: Leftovers\n|-damage|p2a: Sableye|51\/100 psn|[from] psn\n|-damage|p1a: Toxicroak|0 fnt|[from] brn\n|faint|p1a: Toxicroak\n|upkeep\n|c|\u2606T3KMolotov|misclick\n|\n|t:|1701112487\n|switch|p1a: Blaziken|Blaziken, F|100\/100\n|turn|5\n|\n|t:|1701112495\n|move|p2a: Sableye|Confuse Ray|p1a: Blaziken\n|-start|p1a: Blaziken|confusion\n|-activate|p1a: Blaziken|confusion\n|move|p1a: Blaziken|Bulk Up|p1a: Blaziken\n|-boost|p1a: Blaziken|atk|1\n|-boost|p1a: Blaziken|def|1\n|\n|-heal|p2a: Sableye|58\/100 psn|[from] item: Leftovers\n|-damage|p2a: Sableye|45\/100 psn|[from] psn\n|-ability|p1a: Blaziken|Speed Boost|boost\n|-boost|p1a: Blaziken|spe|1\n|upkeep\n|turn|6\n|\n|t:|1701112500\n|move|p2a: Sableye|Will-O-Wisp|p1a: Blaziken\n|-immune|p1a: Blaziken\n|-activate|p1a: Blaziken|confusion\n|move|p1a: Blaziken|Bulk Up|p1a: Blaziken\n|-boost|p1a: Blaziken|atk|1\n|-boost|p1a: Blaziken|def|1\n|\n|-heal|p2a: Sableye|51\/100 psn|[from] item: Leftovers\n|-damage|p2a: Sableye|39\/100 psn|[from] psn\n|-ability|p1a: Blaziken|Speed Boost|boost\n|-boost|p1a: Blaziken|spe|1\n|upkeep\n|turn|7\n|\n|t:|1701112516\n|-end|p1a: Blaziken|confusion\n|move|p1a: Blaziken|Bulk Up|p1a: Blaziken\n|-boost|p1a: Blaziken|atk|1\n|-boost|p1a: Blaziken|def|1\n|move|p2a: Sableye|Hex|p1a: Blaziken\n|-damage|p1a: Blaziken|78\/100\n|\n|-heal|p2a: Sableye|45\/100 psn|[from] item: Leftovers\n|-damage|p2a: Sableye|33\/100 psn|[from] psn\n|-ability|p1a: Blaziken|Speed Boost|boost\n|-boost|p1a: Blaziken|spe|1\n|upkeep\n|turn|8\n|c|\u2606T3KMolotov|a bulk up blaziken\n|\n|t:|1701112539\n|move|p2a: Sableye|Confuse Ray|p1a: Blaziken\n|-start|p1a: Blaziken|confusion\n|-activate|p1a: Blaziken|confusion\n|move|p1a: Blaziken|Blaze Kick|p2a: Sableye\n|-damage|p2a: Sableye|0 fnt\n|faint|p2a: Sableye\n|\n|-ability|p1a: Blaziken|Speed Boost|boost\n|-boost|p1a: Blaziken|spe|1\n|upkeep\n|\n|t:|1701112547\n|switch|p2a: Garchomp|Garchomp, F, shiny|100\/100\n|turn|9\n|\n|t:|1701112553\n|-activate|p1a: Blaziken|confusion\n|-damage|p1a: Blaziken|64\/100|[from] confusion\n|move|p2a: Garchomp|Earth Power|p1a: Blaziken\n|-supereffective|p1a: Blaziken\n|-damage|p1a: Blaziken|0 fnt\n|faint|p1a: Blaziken\n|\n|upkeep\n|\n|t:|1701112556\n|switch|p1a: Great Tusk|Great Tusk|100\/100\n|turn|10\n|\n|t:|1701112562\n|move|p1a: Great Tusk|Rapid Spin|p2a: Garchomp\n|-crit|p2a: Garchomp\n|-damage|p2a: Garchomp|80\/100\n|-boost|p1a: Great Tusk|spe|1\n|-damage|p1a: Great Tusk|88\/100|[from] ability: Rough Skin|[of] p2a: Garchomp\n|move|p2a: Garchomp|Swords Dance|p2a: Garchomp\n|-boost|p2a: Garchomp|atk|2\n|\n|upkeep\n|turn|11\n|\n|t:|1701112571\n|move|p1a: Great Tusk|Ice Spinner|p2a: Garchomp\n|-supereffective|p2a: Garchomp\n|-damage|p2a: Garchomp|0 fnt\n|-damage|p1a: Great Tusk|76\/100|[from] ability: Rough Skin|[of] p2a: Garchomp\n|faint|p2a: Garchomp\n|\n|upkeep\n|inactive|Battle timer is ON: inactive players will automatically lose when time's up. (requested by Xero Dracohart)\n|\n|t:|1701112582\n|switch|p2a: Amoonguss|Amoonguss, M, shiny|100\/100\n|turn|12\n|\n|t:|1701112591\n|move|p1a: Great Tusk|Ice Spinner|p2a: Amoonguss\n|-supereffective|p2a: Amoonguss\n|-damage|p2a: Amoonguss|60\/100\n|move|p2a: Amoonguss|Spore|p1a: Great Tusk\n|-status|p1a: Great Tusk|slp|[from] move: Spore\n|\n|-heal|p2a: Amoonguss|66\/100|[from] item: Black Sludge\n|upkeep\n|turn|13\n|\n|t:|1701112611\n|-end|p1a: Great Tusk|Protosynthesis|[silent]\n|switch|p1a: Kommo-o|Kommo-o, M|100\/100\n|move|p2a: Amoonguss|Pollen Puff|p1a: Kommo-o\n|-immune|p1a: Kommo-o|[from] ability: Bulletproof\n|\n|-heal|p2a: Amoonguss|72\/100|[from] item: Black Sludge\n|upkeep\n|turn|14\n|\n|t:|1701112618\n|-zpower|p1a: Kommo-o\n|move|p1a: Kommo-o|Clangorous Soulblaze|p2a: Amoonguss|[zeffect]\n|-damage|p2a: Amoonguss|19\/100\n|-boost|p1a: Kommo-o|atk|1\n|-boost|p1a: Kommo-o|def|1\n|-boost|p1a: Kommo-o|spa|1\n|-boost|p1a: Kommo-o|spd|1\n|-boost|p1a: Kommo-o|spe|1\n|move|p2a: Amoonguss|Spore|p1a: Kommo-o\n|-message|Sleep Clause Mod activated.\n|-hint|Sleep Clause Mod prevents players from putting more than one of their opponent's Pok\u00e9mon to sleep at a time\n|\n|-heal|p2a: Amoonguss|25\/100|[from] item: Black Sludge\n|upkeep\n|turn|15\n|inactive|T3KMolotov has 120 seconds left.\n|\n|t:|1701112650\n|switch|p2a: Ceruledge|Ceruledge, M|100\/100\n|move|p1a: Kommo-o|Dragon Claw|p2a: Ceruledge\n|-damage|p2a: Ceruledge|32\/100\n|\n|upkeep\n|turn|16\n|\n|t:|1701112656\n|move|p1a: Kommo-o|Dragon Claw|p2a: Ceruledge\n|-damage|p2a: Ceruledge|0 fnt\n|faint|p2a: Ceruledge\n|\n|upkeep\n|\n|t:|1701112661\n|switch|p2a: Heracross|Heracross, F, shiny|100\/100\n|turn|17\n|\n|t:|1701112666\n|move|p1a: Kommo-o|Poison Jab|p2a: Heracross\n|-crit|p2a: Heracross\n|-damage|p2a: Heracross|41\/100\n|move|p2a: Heracross|Close Combat|p1a: Kommo-o\n|-damage|p1a: Kommo-o|62\/100\n|-unboost|p2a: Heracross|def|1\n|-unboost|p2a: Heracross|spd|1\n|\n|-status|p2a: Heracross|brn|[from] item: Flame Orb\n|upkeep\n|turn|18\n|c|\u2606T3KMolotov|they need to ban kommo-o\n|c|\u2606Xero Dracohart|Nuh uh\n|c|\u2606Xero Dracohart|It's weak it doesn't even 1 shot\n|inactive|T3KMolotov has 120 seconds left.\n|\n|t:|1701112697\n|move|p1a: Kommo-o|Drain Punch|p2a: Heracross\n|-resisted|p2a: Heracross\n|-damage|p2a: Heracross|0 fnt\n|-heal|p1a: Kommo-o|88\/100|[from] drain|[of] p2a: Heracross\n|faint|p2a: Heracross\n|\n|upkeep\n|inactive|T3KMolotov has 120 seconds left.\n|c|\u2606T3KMolotov|yeah but it gets insane buffs so if it really wanted to it coul\n|\n|t:|1701112730\n|switch|p2a: Toedscruel|Toedscruel, M, shiny|100\/100\n|turn|19\n|\n|t:|1701112741\n|move|p1a: Kommo-o|Poison Jab|p2a: Toedscruel\n|-damage|p2a: Toedscruel|59\/100\n|-damage|p1a: Kommo-o|72\/100|[from] item: Rocky Helmet|[of] p2a: Toedscruel\n|move|p2a: Toedscruel|Energy Ball|p1a: Kommo-o\n|-immune|p1a: Kommo-o|[from] ability: Bulletproof\n|\n|upkeep\n|turn|20\n|\n|t:|1701112748\n|move|p1a: Kommo-o|Poison Jab|p2a: Toedscruel\n|-damage|p2a: Toedscruel|11\/100\n|-damage|p1a: Kommo-o|55\/100|[from] item: Rocky Helmet|[of] p2a: Toedscruel\n|move|p2a: Toedscruel|Earth Power|p1a: Kommo-o\n|-damage|p1a: Kommo-o|32\/100\n|\n|upkeep\n|turn|21\n|\n|t:|1701112758\n|move|p2a: Toedscruel|Protect|p2a: Toedscruel\n|-singleturn|p2a: Toedscruel|Protect\n|move|p1a: Kommo-o|Drain Punch|p2a: Toedscruel\n|-activate|p2a: Toedscruel|move: Protect\n|\n|upkeep\n|turn|22\n|\n|t:|1701112765\n|move|p1a: Kommo-o|Drain Punch|p2a: Toedscruel\n|-damage|p2a: Toedscruel|0 fnt\n|-heal|p1a: Kommo-o|38\/100|[from] drain|[of] p2a: Toedscruel\n|-damage|p1a: Kommo-o|22\/100|[from] item: Rocky Helmet|[of] p2a: Toedscruel\n|faint|p2a: Toedscruel\n|\n|upkeep\n|\n|t:|1701112776\n|switch|p2a: Amoonguss|Amoonguss, M, shiny|59\/100\n|turn|23\n|\n|t:|1701112781\n|move|p1a: Kommo-o|Dragon Claw|p2a: Amoonguss\n|-damage|p2a: Amoonguss|25\/100\n|move|p2a: Amoonguss|Foul Play|p1a: Kommo-o\n|-resisted|p1a: Kommo-o\n|-damage|p1a: Kommo-o|10\/100\n|\n|-heal|p2a: Amoonguss|32\/100|[from] item: Black Sludge\n|upkeep\n|turn|24\n|\n|t:|1701112786\n|move|p1a: Kommo-o|Poison Jab|p2a: Amoonguss\n|-damage|p2a: Amoonguss|8\/100\n|move|p2a: Amoonguss|Pollen Puff|p1a: Kommo-o\n|-immune|p1a: Kommo-o|[from] ability: Bulletproof\n|\n|-heal|p2a: Amoonguss|14\/100|[from] item: Black Sludge\n|upkeep\n|turn|25\n|\n|t:|1701112791\n|move|p1a: Kommo-o|Dragon Claw|p2a: Amoonguss\n|-damage|p2a: Amoonguss|0 fnt\n|faint|p2a: Amoonguss\n|\n|win|Xero Dracohart\n|raw|Xero Dracohart's rating: 1053 &rarr; <strong>1086<\/strong><br \/>(+33 for winning)\n|raw|T3KMolotov's rating: 1059 &rarr; <strong>1040<\/strong><br \/>(-19 for losing)\n|l|\u2606T3KMolotov\n","uploadtime":1701112824,"views":2,"p1id":"xerodracohart","p2id":"t3kmolotov","formatid":"gen9nationaldex","rating":1040,"private":0,"password":""}