{"id":"gen9nationaldex-1996618409","p1":"IronFlashGaming","p2":"bob_0728","format":"[Gen 9] National Dex","log":"|html|<div class=\"broadcast-blue\"><strong>[Gen 9] National Dex is currently suspecting Sneasler! For information on how to participate check out the <a href=\"https:\/\/www.smogon.com\/forums\/threads\/sv-national-dex-suspect-8-just-dance.3731534\/\">suspect thread<\/a>.<\/strong><\/div>\n|j|\u2606IronFlashGaming\n|j|\u2606bob_0728\n|t:|1700701266\n|gametype|singles\n|player|p1|IronFlashGaming|ltsurge|1463\n|player|p2|bob_0728|2|1559\n|teamsize|p1|6\n|teamsize|p2|6\n|gen|9\n|tier|[Gen 9] National Dex\n|rated|\n|rule|HP Percentage Mod: HP is shown in percentages\n|rule|Endless Battle Clause: Forcing endless battles is banned\n|rule|OHKO Clause: OHKO moves are banned\n|rule|Evasion Clause: Evasion abilities, items, and moves are banned\n|rule|Evasion Abilities Clause: Evasion abilities are banned\n|rule|Evasion Items Clause: Evasion items are banned\n|rule|Evasion Moves Clause: Evasion moves are banned\n|rule|Species Clause: Limit one of each Pok\u00e9mon\n|rule|Sleep Clause Mod: Limit one foe put to sleep\n|clearpoke\n|poke|p1|Togekiss, F|\n|poke|p1|Jirachi|\n|poke|p1|Serperior, F|\n|poke|p1|Greninja-*, M|\n|poke|p1|Garchomp, M|\n|poke|p1|Tapu Koko|\n|poke|p2|Hatterene, F|\n|poke|p2|Ursaluna, M|\n|poke|p2|Cresselia, F|\n|poke|p2|Camerupt, M|\n|poke|p2|Mimikyu, M|\n|poke|p2|Glastrier|\n|teampreview\n|\n|t:|1700701280\n|start\n|switch|p1a: Jirachi|Jirachi|100\/100\n|switch|p2a: Hatterene|Hatterene, F|100\/100\n|turn|1\n|\n|t:|1700701307\n|move|p1a: Jirachi|Iron Head|p2a: Hatterene\n|-supereffective|p2a: Hatterene\n|-damage|p2a: Hatterene|34\/100\n|move|p2a: Hatterene|Trick Room|p2a: Hatterene\n|-fieldstart|move: Trick Room|[of] p2a: Hatterene\n|\n|upkeep\n|turn|2\n|\n|t:|1700701341\n|move|p2a: Hatterene|Healing Wish|p2a: Hatterene\n|faint|p2a: Hatterene\n|move|p1a: Jirachi|Substitute|p1a: Jirachi\n|-start|p1a: Jirachi|Substitute\n|-damage|p1a: Jirachi|76\/100\n|\n|-heal|p1a: Jirachi|82\/100|[from] item: Leftovers\n|upkeep\n|\n|t:|1700701347\n|switch|p2a: Ursaluna|Ursaluna, M|100\/100\n|turn|3\n|\n|t:|1700701350\n|move|p2a: Ursaluna|Crunch|p1a: Jirachi\n|-supereffective|p1a: Jirachi\n|-end|p1a: Jirachi|Substitute\n|move|p1a: Jirachi|Substitute|p1a: Jirachi\n|-start|p1a: Jirachi|Substitute\n|-damage|p1a: Jirachi|57\/100\n|\n|-heal|p1a: Jirachi|63\/100|[from] item: Leftovers\n|-status|p2a: Ursaluna|brn|[from] item: Flame Orb\n|upkeep\n|turn|4\n|inactive|Battle timer is ON: inactive players will automatically lose when time's up. (requested by IronFlashGaming)\n|\n|t:|1700701364\n|move|p2a: Ursaluna|Crunch|p1a: Jirachi\n|-supereffective|p1a: Jirachi\n|-end|p1a: Jirachi|Substitute\n|move|p1a: Jirachi|Substitute|p1a: Jirachi\n|-start|p1a: Jirachi|Substitute\n|-damage|p1a: Jirachi|38\/100\n|\n|-heal|p1a: Jirachi|44\/100|[from] item: Leftovers\n|-damage|p2a: Ursaluna|94\/100 brn|[from] brn\n|upkeep\n|turn|5\n|\n|t:|1700701368\n|move|p2a: Ursaluna|Crunch|p1a: Jirachi\n|-supereffective|p1a: Jirachi\n|-end|p1a: Jirachi|Substitute\n|move|p1a: Jirachi|Substitute|p1a: Jirachi\n|-start|p1a: Jirachi|Substitute\n|-damage|p1a: Jirachi|19\/100\n|\n|-heal|p1a: Jirachi|26\/100|[from] item: Leftovers\n|-damage|p2a: Ursaluna|88\/100 brn|[from] brn\n|-fieldend|move: Trick Room\n|upkeep\n|turn|6\n|\n|t:|1700701372\n|move|p1a: Jirachi|Iron Head|p2a: Ursaluna\n|-damage|p2a: Ursaluna|68\/100 brn\n|move|p2a: Ursaluna|Crunch|p1a: Jirachi\n|-supereffective|p1a: Jirachi\n|-end|p1a: Jirachi|Substitute\n|\n|-heal|p1a: Jirachi|32\/100|[from] item: Leftovers\n|-damage|p2a: Ursaluna|62\/100 brn|[from] brn\n|upkeep\n|turn|7\n|\n|t:|1700701376\n|move|p1a: Jirachi|Iron Head|p2a: Ursaluna\n|-damage|p2a: Ursaluna|43\/100 brn\n|cant|p2a: Ursaluna|flinch\n|\n|-heal|p1a: Jirachi|38\/100|[from] item: Leftovers\n|-damage|p2a: Ursaluna|37\/100 brn|[from] brn\n|upkeep\n|turn|8\n|\n|t:|1700701384\n|move|p1a: Jirachi|Iron Head|p2a: Ursaluna\n|-damage|p2a: Ursaluna|16\/100 brn\n|move|p2a: Ursaluna|Crunch|p1a: Jirachi\n|-supereffective|p1a: Jirachi\n|-damage|p1a: Jirachi|0 fnt\n|faint|p1a: Jirachi\n|\n|-damage|p2a: Ursaluna|10\/100 brn|[from] brn\n|upkeep\n|\n|t:|1700701390\n|switch|p1a: Greninja|Greninja, M|100\/100\n|turn|9\n|\n|t:|1700701412\n|switch|p2a: Mimikyu|Mimikyu, M|100\/100\n|move|p1a: Greninja|Dark Pulse|p2a: Mimikyu\n|-activate|p2a: Mimikyu|ability: Disguise\n|-damage|p2a: Mimikyu|100\/100\n|detailschange|p2a: Mimikyu|Mimikyu-Busted, M\n|-damage|p2a: Mimikyu|88\/100|[from] pokemon: Mimikyu-Busted\n|-damage|p1a: Greninja|91\/100|[from] item: Life Orb\n|\n|upkeep\n|turn|10\n|\n|t:|1700701420\n|switch|p1a: Tapu Koko|Tapu Koko|100\/100\n|-fieldstart|move: Electric Terrain|[from] ability: Electric Surge|[of] p1a: Tapu Koko\n|move|p2a: Mimikyu|Trick Room|p2a: Mimikyu\n|-fieldstart|move: Trick Room|[of] p2a: Mimikyu\n|\n|upkeep\n|turn|11\n|\n|t:|1700701426\n|move|p2a: Mimikyu|Curse|p1a: Tapu Koko\n|-start|p1a: Tapu Koko|Curse|[of] p2a: Mimikyu\n|-damage|p2a: Mimikyu|38\/100\n|move|p1a: Tapu Koko|Dazzling Gleam|p2a: Mimikyu\n|-damage|p2a: Mimikyu|6\/100\n|\n|-damage|p1a: Tapu Koko|76\/100|[from] Curse\n|upkeep\n|turn|12\n|\n|t:|1700701433\n|move|p2a: Mimikyu|Destiny Bond|p2a: Mimikyu\n|-singlemove|p2a: Mimikyu|Destiny Bond\n|move|p1a: Tapu Koko|Volt Switch|p2a: Mimikyu\n|-damage|p2a: Mimikyu|0 fnt\n|faint|p2a: Mimikyu\n|-activate|p2a: Mimikyu|move: Destiny Bond\n|faint|p1a: Tapu Koko\n|\n|upkeep\n|\n|t:|1700701447\n|switch|p2a: Glastrier|Glastrier|100\/100\n|switch|p1a: Garchomp|Garchomp, M|100\/100\n|turn|13\n|\n|t:|1700701452\n|detailschange|p1a: Garchomp|Garchomp-Mega, M\n|-mega|p1a: Garchomp|Garchomp|Garchompite\n|move|p2a: Glastrier|Icicle Spear|p1a: Garchomp\n|-supereffective|p1a: Garchomp\n|-damage|p1a: Garchomp|46\/100\n|-supereffective|p1a: Garchomp\n|-damage|p1a: Garchomp|0 fnt\n|faint|p1a: Garchomp\n|-ability|p2a: Glastrier|Chilling Neigh|boost\n|-boost|p2a: Glastrier|atk|1\n|-hitcount|p1: Garchomp|2\n|\n|upkeep\n|\n|t:|1700701464\n|switch|p1a: Serperior|Serperior, F|100\/100\n|turn|14\n|\n|t:|1700701472\n|move|p2a: Glastrier|Icicle Spear|p1a: Serperior\n|-supereffective|p1a: Serperior\n|-damage|p1a: Serperior|41\/100\n|-supereffective|p1a: Serperior\n|-damage|p1a: Serperior|0 fnt\n|faint|p1a: Serperior\n|-ability|p2a: Glastrier|Chilling Neigh|boost\n|-boost|p2a: Glastrier|atk|1\n|-hitcount|p1: Serperior|2\n|\n|-fieldend|move: Trick Room\n|-fieldend|move: Electric Terrain\n|upkeep\n|\n|t:|1700701478\n|switch|p1a: Togekiss|Togekiss, F|100\/100\n|turn|15\n|\n|t:|1700701488\n|switch|p2a: Ursaluna|Ursaluna, M|10\/100 brn\n|-heal|p2a: Ursaluna|100\/100|[from] move: Healing Wish\n|move|p1a: Togekiss|Air Slash|p2a: Ursaluna\n|-damage|p2a: Ursaluna|70\/100\n|\n|-status|p2a: Ursaluna|brn|[from] item: Flame Orb\n|upkeep\n|turn|16\n|\n|t:|1700701499\n|-terastallize|p1a: Togekiss|Flying\n|-terastallize|p2a: Ursaluna|Normal\n|move|p1a: Togekiss|Air Slash|p2a: Ursaluna\n|-damage|p2a: Ursaluna|28\/100 brn\n|cant|p2a: Ursaluna|flinch\n|\n|-damage|p2a: Ursaluna|22\/100 brn|[from] brn\n|upkeep\n|turn|17\n|\n|t:|1700701505\n|move|p1a: Togekiss|Air Slash|p2a: Ursaluna\n|-damage|p2a: Ursaluna|0 fnt\n|faint|p2a: Ursaluna\n|\n|upkeep\n|\n|t:|1700701507\n|switch|p2a: Camerupt|Camerupt, M|100\/100\n|turn|18\n|\n|t:|1700701510\n|detailschange|p2a: Camerupt|Camerupt-Mega, M\n|-mega|p2a: Camerupt|Camerupt|Cameruptite\n|move|p1a: Togekiss|Air Slash|p2a: Camerupt\n|-damage|p2a: Camerupt|50\/100\n|move|p2a: Camerupt|Fire Blast|p1a: Togekiss\n|-damage|p1a: Togekiss|14\/100\n|\n|upkeep\n|turn|19\n|\n|t:|1700701523\n|move|p1a: Togekiss|Air Slash|p2a: Camerupt\n|-crit|p2a: Camerupt\n|-damage|p2a: Camerupt|0 fnt\n|faint|p2a: Camerupt\n|\n|upkeep\n|\n|t:|1700701526\n|switch|p2a: Cresselia|Cresselia, F|100\/100\n|turn|20\n|\n|t:|1700701528\n|move|p1a: Togekiss|Air Slash|p2a: Cresselia\n|-damage|p2a: Cresselia|74\/100\n|cant|p2a: Cresselia|flinch\n|\n|-heal|p2a: Cresselia|80\/100|[from] item: Leftovers\n|upkeep\n|turn|21\n|\n|t:|1700701530\n|move|p1a: Togekiss|Air Slash|p2a: Cresselia\n|-damage|p2a: Cresselia|56\/100\n|move|p2a: Cresselia|Moonlight|p2a: Cresselia\n|-heal|p2a: Cresselia|100\/100\n|\n|upkeep\n|turn|22\n|\n|t:|1700701533\n|move|p1a: Togekiss|Air Slash|p2a: Cresselia\n|-crit|p2a: Cresselia\n|-damage|p2a: Cresselia|64\/100\n|cant|p2a: Cresselia|flinch\n|\n|-heal|p2a: Cresselia|70\/100|[from] item: Leftovers\n|upkeep\n|turn|23\n|\n|t:|1700701537\n|move|p1a: Togekiss|Air Slash|p2a: Cresselia\n|-damage|p2a: Cresselia|46\/100\n|cant|p2a: Cresselia|flinch\n|\n|-heal|p2a: Cresselia|52\/100|[from] item: Leftovers\n|upkeep\n|turn|24\n|\n|t:|1700701539\n|move|p1a: Togekiss|Air Slash|p2a: Cresselia\n|-damage|p2a: Cresselia|30\/100\n|cant|p2a: Cresselia|flinch\n|\n|-heal|p2a: Cresselia|36\/100|[from] item: Leftovers\n|upkeep\n|turn|25\n|\n|t:|1700701541\n|move|p1a: Togekiss|Air Slash|p2a: Cresselia\n|-damage|p2a: Cresselia|10\/100\n|cant|p2a: Cresselia|flinch\n|\n|-heal|p2a: Cresselia|16\/100|[from] item: Leftovers\n|upkeep\n|turn|26\n|\n|t:|1700701545\n|move|p1a: Togekiss|Air Slash|p2a: Cresselia\n|-damage|p2a: Cresselia|0 fnt\n|faint|p2a: Cresselia\n|\n|upkeep\n|\n|t:|1700701547\n|switch|p2a: Glastrier|Glastrier|100\/100\n|turn|27\n|\n|t:|1700701548\n|move|p1a: Togekiss|Air Slash|p2a: Glastrier\n|-damage|p2a: Glastrier|59\/100\n|cant|p2a: Glastrier|flinch\n|\n|upkeep\n|turn|28\n|\n|t:|1700701552\n|move|p1a: Togekiss|Air Slash|p2a: Glastrier\n|-damage|p2a: Glastrier|18\/100\n|cant|p2a: Glastrier|flinch\n|\n|upkeep\n|turn|29\n|-message|bob_0728 forfeited.\n|\n|win|IronFlashGaming\n|raw|IronFlashGaming's rating: 1463 &rarr; <strong>1488<\/strong><br \/>(+25 for winning)\n|raw|bob_0728's rating: 1559 &rarr; <strong>1534<\/strong><br \/>(-25 for losing)\n|l|\u2606bob_0728\n","uploadtime":1700701559,"views":4,"p1id":"ironflashgaming","p2id":"bob0728","formatid":"gen9nationaldex","rating":1488,"private":0,"password":""}