{"id":"gen9nationaldex-1998729523","p1":"ChokingIsAGambit","p2":"pigeonmuffdiver","format":"[Gen 9] National Dex","log":"|html|<div class=\"broadcast-blue\"><strong>[Gen 9] National Dex is currently suspecting Sneasler! For information on how to participate check out the <a href=\"https:\/\/www.smogon.com\/forums\/threads\/sv-national-dex-suspect-8-just-dance.3731534\/\">suspect thread<\/a>.<\/strong><\/div>\n|j|\u2606ChokingIsAGambit\n|j|\u2606pigeonmuffdiver\n|t:|1700979162\n|gametype|singles\n|player|p1|ChokingIsAGambit|acerola-masters|1372\n|player|p2|pigeonmuffdiver|boarder|1317\n|teamsize|p1|6\n|teamsize|p2|6\n|gen|9\n|tier|[Gen 9] National Dex\n|rated|\n|rule|HP Percentage Mod: HP is shown in percentages\n|rule|Endless Battle Clause: Forcing endless battles is banned\n|rule|OHKO Clause: OHKO moves are banned\n|rule|Evasion Clause: Evasion abilities, items, and moves are banned\n|rule|Evasion Abilities Clause: Evasion abilities are banned\n|rule|Evasion Items Clause: Evasion items are banned\n|rule|Evasion Moves Clause: Evasion moves are banned\n|rule|Species Clause: Limit one of each Pok\u00e9mon\n|rule|Sleep Clause Mod: Limit one foe put to sleep\n|clearpoke\n|poke|p1|Altaria, F|\n|poke|p1|Ninetales-Alola, F|\n|poke|p1|Latias, F|\n|poke|p1|Great Tusk|\n|poke|p1|Landorus-Therian, M|\n|poke|p1|Rotom-Wash|\n|poke|p2|Golisopod, M|\n|poke|p2|Arcanine-Hisui, F|\n|poke|p2|Exeggutor-Alola, F|\n|poke|p2|Kleavor, M|\n|poke|p2|Slowbro, M|\n|poke|p2|Runerigus, M|\n|teampreview\n|inactive|Battle timer is ON: inactive players will automatically lose when time's up. (requested by ChokingIsAGambit)\n|\n|t:|1700979171\n|start\n|switch|p1a: Ninetales|Ninetales-Alola, F|100\/100\n|switch|p2a: Darius|Kleavor, M|100\/100\n|-weather|Snow|[from] ability: Snow Warning|[of] p1a: Ninetales\n|turn|1\n|\n|t:|1700979179\n|move|p2a: Darius|Stone Axe|p1a: Ninetales\n|-supereffective|p1a: Ninetales\n|-damage|p1a: Ninetales|16\/100\n|-sidestart|p1: ChokingIsAGambit|move: Stealth Rock\n|move|p1a: Ninetales|Aurora Veil|p1a: Ninetales\n|-sidestart|p1: ChokingIsAGambit|move: Aurora Veil\n|\n|-weather|Snow|[upkeep]\n|upkeep\n|turn|2\n|\n|t:|1700979185\n|switch|p1a: Great Tusk|Great Tusk|100\/100\n|-damage|p1a: Great Tusk|98\/100|[from] Stealth Rock\n|-enditem|p1a: Great Tusk|Booster Energy\n|-activate|p1a: Great Tusk|ability: Protosynthesis|[fromitem]\n|-start|p1a: Great Tusk|protosynthesisatk\n|move|p2a: Darius|Stone Axe|p1a: Great Tusk\n|-resisted|p1a: Great Tusk\n|-damage|p1a: Great Tusk|93\/100\n|\n|-weather|Snow|[upkeep]\n|upkeep\n|turn|3\n|\n|t:|1700979198\n|switch|p2a: Rammus|Slowbro, M|100\/100\n|move|p1a: Great Tusk|Bulk Up|p1a: Great Tusk\n|-boost|p1a: Great Tusk|atk|1\n|-boost|p1a: Great Tusk|def|1\n|\n|-weather|Snow|[upkeep]\n|upkeep\n|turn|4\n|\n|t:|1700979212\n|detailschange|p2a: Rammus|Slowbro-Mega, M\n|-mega|p2a: Rammus|Slowbro|Slowbronite\n|move|p1a: Great Tusk|Rapid Spin|p2a: Rammus\n|-damage|p2a: Rammus|87\/100\n|-boost|p1a: Great Tusk|spe|1\n|-sideend|p1: ChokingIsAGambit|Stealth Rock|[from] move: Rapid Spin|[of] p1a: Great Tusk\n|move|p2a: Rammus|Trick Room|p2a: Rammus\n|-fieldstart|move: Trick Room|[of] p2a: Rammus\n|\n|-weather|Snow|[upkeep]\n|upkeep\n|turn|5\n|\n|t:|1700979219\n|move|p2a: Rammus|Scald|p1a: Great Tusk\n|-supereffective|p1a: Great Tusk\n|-damage|p1a: Great Tusk|43\/100\n|-status|p1a: Great Tusk|brn\n|move|p1a: Great Tusk|Earthquake|p2a: Rammus\n|-damage|p2a: Rammus|66\/100\n|\n|-weather|none\n|-damage|p1a: Great Tusk|37\/100 brn|[from] brn\n|upkeep\n|turn|6\n|\n|t:|1700979228\n|move|p2a: Rammus|Scald|p1a: Great Tusk\n|-supereffective|p1a: Great Tusk\n|-damage|p1a: Great Tusk|0 fnt\n|faint|p1a: Great Tusk\n|-end|p1a: Great Tusk|Protosynthesis|[silent]\n|\n|upkeep\n|\n|t:|1700979232\n|switch|p1a: Rotom|Rotom-Wash|100\/100\n|turn|7\n|\n|t:|1700979238\n|move|p2a: Rammus|Slack Off|p2a: Rammus\n|-heal|p2a: Rammus|100\/100\n|move|p1a: Rotom|Volt Switch|p2a: Rammus\n|-supereffective|p2a: Rammus\n|-damage|p2a: Rammus|51\/100\n|\n|t:|1700979246\n|switch|p1a: Landorus|Landorus-Therian, M|100\/100|[from] Volt Switch\n|-ability|p1a: Landorus|Intimidate|boost\n|-unboost|p2a: Rammus|atk|1\n|\n|upkeep\n|turn|8\n|\n|t:|1700979251\n|switch|p1a: Rotom|Rotom-Wash|100\/100\n|move|p2a: Rammus|Scald|p1a: Rotom\n|-resisted|p1a: Rotom\n|-damage|p1a: Rotom|92\/100\n|\n|-heal|p1a: Rotom|98\/100|[from] item: Leftovers\n|-sideend|p1: ChokingIsAGambit|move: Aurora Veil\n|-fieldend|move: Trick Room\n|upkeep\n|turn|9\n|\n|t:|1700979260\n|move|p1a: Rotom|Volt Switch|p2a: Rammus\n|-supereffective|p2a: Rammus\n|-damage|p2a: Rammus|0 fnt\n|faint|p2a: Rammus\n|\n|t:|1700979266\n|switch|p1a: Ninetales|Ninetales-Alola, F|16\/100|[from] Volt Switch\n|-weather|Snow|[from] ability: Snow Warning|[of] p1a: Ninetales\n|\n|-weather|Snow|[upkeep]\n|upkeep\n|\n|t:|1700979272\n|switch|p2a: Rek'Sai|Golisopod, M|100\/100\n|turn|10\n|\n|t:|1700979275\n|move|p2a: Rek'Sai|First Impression|p1a: Ninetales\n|-resisted|p1a: Ninetales\n|-damage|p1a: Ninetales|0 fnt\n|faint|p1a: Ninetales\n|\n|-weather|Snow|[upkeep]\n|upkeep\n|\n|t:|1700979277\n|switch|p1a: Landorus|Landorus-Therian, M|100\/100\n|-ability|p1a: Landorus|Intimidate|boost\n|-unboost|p2a: Rek'Sai|atk|1\n|turn|11\n|\n|t:|1700979288\n|switch|p2a: Xerath|Runerigus, M|100\/100\n|-terastallize|p1a: Landorus|Ice\n|move|p1a: Landorus|Rock Polish|p1a: Landorus\n|-boost|p1a: Landorus|spe|2\n|\n|-weather|Snow|[upkeep]\n|upkeep\n|turn|12\n|\n|t:|1700979296\n|move|p1a: Landorus|Swords Dance|p1a: Landorus\n|-boost|p1a: Landorus|atk|2\n|move|p2a: Xerath|Trick Room|p2a: Xerath\n|-fieldstart|move: Trick Room|[of] p2a: Xerath\n|\n|-weather|Snow|[upkeep]\n|upkeep\n|turn|13\n|\n|t:|1700979302\n|move|p2a: Xerath|Will-O-Wisp|p1a: Landorus\n|-status|p1a: Landorus|brn\n|move|p1a: Landorus|Tera Blast|p2a: Xerath|[anim] Tera Blast Ice\n|-supereffective|p2a: Xerath\n|-damage|p2a: Xerath|48\/100\n|\n|-weather|none\n|-damage|p1a: Landorus|94\/100 brn|[from] brn\n|upkeep\n|turn|14\n|c|\u2606ChokingIsAGambit|why does everything have trickroom\n|\n|t:|1700979327\n|move|p2a: Xerath|Body Press|p1a: Landorus\n|-supereffective|p1a: Landorus\n|-damage|p1a: Landorus|18\/100 brn\n|move|p1a: Landorus|Tera Blast|p2a: Xerath|[anim] Tera Blast Ice\n|-supereffective|p2a: Xerath\n|-damage|p2a: Xerath|0 fnt\n|faint|p2a: Xerath\n|\n|-heal|p1a: Landorus|24\/100 brn|[from] item: Leftovers\n|-damage|p1a: Landorus|18\/100 brn|[from] brn\n|upkeep\n|\n|t:|1700979337\n|switch|p2a: Maokai|Exeggutor-Alola, F|100\/100\n|-item|p1a: Landorus|Leftovers|[from] ability: Frisk|[of] p2a: Maokai|[identify]\n|turn|15\n|\n|t:|1700979346\n|-terastallize|p2a: Maokai|Grass\n|move|p2a: Maokai|Leaf Storm|p1a: Landorus\n|-damage|p1a: Landorus|0 fnt\n|-unboost|p2a: Maokai|spa|2\n|faint|p1a: Landorus\n|\n|upkeep\n|c|\u2606pigeonmuffdiver|cause i need it lol\n|\n|t:|1700979369\n|switch|p1a: Altaria|Altaria, F|100\/100\n|turn|16\n|\n|t:|1700979381\n|switch|p2a: Darius|Kleavor, M|100\/100\n|detailschange|p1a: Altaria|Altaria-Mega, F\n|-mega|p1a: Altaria|Altaria|Altarianite\n|move|p1a: Altaria|Dragon Dance|p1a: Altaria\n|-boost|p1a: Altaria|atk|1\n|-boost|p1a: Altaria|spe|1\n|\n|-fieldend|move: Trick Room\n|upkeep\n|turn|17\n|\n|t:|1700979390\n|move|p2a: Darius|Stone Axe|p1a: Altaria\n|-damage|p1a: Altaria|42\/100\n|-sidestart|p1: ChokingIsAGambit|move: Stealth Rock\n|move|p1a: Altaria|Frustration|p2a: Darius\n|-damage|p2a: Darius|0 fnt\n|faint|p2a: Darius\n|\n|upkeep\n|\n|t:|1700979410\n|switch|p2a: Naafiri|Arcanine-Hisui, F|100\/100\n|turn|18\n|\n|t:|1700979413\n|move|p2a: Naafiri|Extreme Speed|p1a: Altaria\n|-damage|p1a: Altaria|15\/100\n|move|p1a: Altaria|Earthquake|p2a: Naafiri\n|-supereffective|p2a: Naafiri\n|-damage|p2a: Naafiri|0 fnt\n|faint|p2a: Naafiri\n|\n|upkeep\n|\n|t:|1700979420\n|switch|p2a: Rek'Sai|Golisopod, M|100\/100\n|turn|19\n|\n|t:|1700979427\n|move|p2a: Rek'Sai|First Impression|p1a: Altaria\n|-resisted|p1a: Altaria\n|-damage|p1a: Altaria|0 fnt\n|faint|p1a: Altaria\n|\n|upkeep\n|\n|t:|1700979434\n|switch|p1a: Rotom|Rotom-Wash|98\/100\n|-damage|p1a: Rotom|86\/100|[from] Stealth Rock\n|turn|20\n|\n|t:|1700979450\n|move|p1a: Rotom|Volt Switch|p2a: Rek'Sai\n|-supereffective|p2a: Rek'Sai\n|-damage|p2a: Rek'Sai|46\/100\n|-activate|p2a: Rek'Sai|ability: Emergency Exit\n|\n|t:|1700979455\n|switch|p2a: Maokai|Exeggutor-Alola, F, tera:Grass|100\/100\n|-item|p1a: Rotom|Leftovers|[from] ability: Frisk|[of] p2a: Maokai|[identify]\n|\n|-heal|p1a: Rotom|92\/100|[from] item: Leftovers\n|upkeep\n|turn|21\n|\n|t:|1700979466\n|move|p1a: Rotom|Volt Switch|p2a: Maokai\n|-resisted|p2a: Maokai\n|-damage|p2a: Maokai|86\/100\n|\n|t:|1700979468\n|switch|p1a: Latias|Latias, F|100\/100|[from] Volt Switch\n|-damage|p1a: Latias|88\/100|[from] Stealth Rock\n|move|p2a: Maokai|Draco Meteor|p1a: Latias\n|-supereffective|p1a: Latias\n|-damage|p1a: Latias|0 fnt\n|-unboost|p2a: Maokai|spa|2\n|faint|p1a: Latias\n|\n|upkeep\n|\n|t:|1700979472\n|switch|p1a: Rotom|Rotom-Wash|92\/100\n|-damage|p1a: Rotom|79\/100|[from] Stealth Rock\n|turn|22\n|\n|t:|1700979481\n|move|p1a: Rotom|Hydro Pump|p2a: Maokai|[miss]\n|-miss|p1a: Rotom|p2a: Maokai\n|move|p2a: Maokai|Draco Meteor|p1a: Rotom\n|-damage|p1a: Rotom|19\/100\n|-unboost|p2a: Maokai|spa|2\n|\n|-heal|p1a: Rotom|25\/100|[from] item: Leftovers\n|upkeep\n|turn|23\n|\n|t:|1700979490\n|move|p1a: Rotom|Pain Split|p2a: Maokai\n|-sethp|p2a: Maokai|53\/100|[from] move: Pain Split|[silent]\n|-sethp|p1a: Rotom|68\/100|[from] move: Pain Split\n|move|p2a: Maokai|Draco Meteor|p1a: Rotom\n|-damage|p1a: Rotom|32\/100\n|-unboost|p2a: Maokai|spa|2\n|\n|-heal|p1a: Rotom|39\/100|[from] item: Leftovers\n|upkeep\n|turn|24\n|\n|t:|1700979499\n|move|p1a: Rotom|Pain Split|p2a: Maokai\n|-sethp|p2a: Maokai|41\/100|[from] move: Pain Split|[silent]\n|-sethp|p1a: Rotom|53\/100|[from] move: Pain Split\n|move|p2a: Maokai|Draco Meteor|p1a: Rotom\n|-damage|p1a: Rotom|26\/100\n|\n|-heal|p1a: Rotom|32\/100|[from] item: Leftovers\n|upkeep\n|turn|25\n|\n|t:|1700979507\n|move|p1a: Rotom|Hydro Pump|p2a: Maokai\n|-resisted|p2a: Maokai\n|-damage|p2a: Maokai|22\/100\n|move|p2a: Maokai|Draco Meteor|p1a: Rotom|[miss]\n|-miss|p2a: Maokai|p1a: Rotom\n|\n|-heal|p1a: Rotom|38\/100|[from] item: Leftovers\n|upkeep\n|turn|26\n|\n|t:|1700979515\n|move|p1a: Rotom|Hydro Pump|p2a: Maokai\n|-resisted|p2a: Maokai\n|-damage|p2a: Maokai|0 fnt\n|faint|p2a: Maokai\n|\n|-heal|p1a: Rotom|45\/100|[from] item: Leftovers\n|upkeep\n|\n|t:|1700979521\n|switch|p2a: Rek'Sai|Golisopod, M|46\/100\n|turn|27\n|\n|t:|1700979526\n|move|p2a: Rek'Sai|First Impression|p1a: Rotom\n|-damage|p1a: Rotom|6\/100\n|move|p1a: Rotom|Volt Switch|p2a: Rek'Sai\n|-supereffective|p2a: Rek'Sai\n|-damage|p2a: Rek'Sai|0 fnt\n|faint|p2a: Rek'Sai\n|\n|win|ChokingIsAGambit\n|raw|ChokingIsAGambit's rating: 1372 &rarr; <strong>1389<\/strong><br \/>(+17 for winning)\n|raw|pigeonmuffdiver's rating: 1317 &rarr; <strong>1300<\/strong><br \/>(-17 for losing)\n","uploadtime":1700979531,"views":2,"p1id":"chokingisagambit","p2id":"pigeonmuffdiver","formatid":"gen9nationaldex","rating":1300,"private":0,"password":""}