{"id":"gen9nationaldex-1998569867","p1":"voltorbys","p2":"TypeChart1987","format":"[Gen 9] National Dex","log":"|html|<div class=\"broadcast-blue\"><strong>[Gen 9] National Dex is currently suspecting Sneasler! For information on how to participate check out the <a href=\"https:\/\/www.smogon.com\/forums\/threads\/sv-national-dex-suspect-8-just-dance.3731534\/\">suspect thread<\/a>.<\/strong><\/div>\n|j|\u2606voltorbys\n|j|\u2606TypeChart1987\n|t:|1700957594\n|gametype|singles\n|player|p1|voltorbys|1|\n|player|p2|TypeChart1987|266|\n|teamsize|p1|6\n|teamsize|p2|6\n|gen|9\n|tier|[Gen 9] National Dex\n|rule|HP Percentage Mod: HP is shown in percentages\n|rule|Endless Battle Clause: Forcing endless battles is banned\n|rule|OHKO Clause: OHKO moves are banned\n|rule|Evasion Clause: Evasion abilities, items, and moves are banned\n|rule|Evasion Abilities Clause: Evasion abilities are banned\n|rule|Evasion Items Clause: Evasion items are banned\n|rule|Evasion Moves Clause: Evasion moves are banned\n|rule|Species Clause: Limit one of each Pok\u00e9mon\n|rule|Sleep Clause Mod: Limit one foe put to sleep\n|clearpoke\n|poke|p1|Swampert, M|\n|poke|p1|Volcanion|\n|poke|p1|Scizor, M|\n|poke|p1|Noivern, M|\n|poke|p1|Electrode-Hisui|\n|poke|p1|Dachsbun, M|\n|poke|p2|Ampharos, M|\n|poke|p2|Heatran, M|\n|poke|p2|Carracosta, M|\n|poke|p2|Gliscor, M|\n|poke|p2|Mawile, M|\n|poke|p2|Lanturn, F|\n|teampreview\n|\n|t:|1700957659\n|start\n|switch|p1a: Electrode|Electrode-Hisui|100\/100\n|switch|p2a: Gliscor|Gliscor, M|100\/100\n|turn|1\n|\n|t:|1700957690\n|switch|p1a: Swampert|Swampert, M|100\/100\n|move|p2a: Gliscor|Earthquake|p1a: Swampert\n|-damage|p1a: Swampert|52\/100\n|\n|upkeep\n|turn|2\n|\n|t:|1700957707\n|detailschange|p1a: Swampert|Swampert-Mega, M\n|-mega|p1a: Swampert|Swampert|Swampertite\n|move|p2a: Gliscor|Hidden Power|p1a: Swampert\n|-supereffective|p1a: Swampert\n|-damage|p1a: Swampert|26\/100\n|move|p1a: Swampert|Ice Punch|p2a: Gliscor\n|-supereffective|p2a: Gliscor\n|-damage|p2a: Gliscor|0 fnt\n|faint|p2a: Gliscor\n|\n|upkeep\n|\n|t:|1700957738\n|switch|p2a: Lanturn|Lanturn, F|100\/100\n|turn|3\n|\n|t:|1700957785\n|move|p1a: Swampert|Earthquake|p2a: Lanturn\n|-supereffective|p2a: Lanturn\n|-damage|p2a: Lanturn|0 fnt\n|faint|p2a: Lanturn\n|\n|upkeep\n|\n|t:|1700957801\n|switch|p2a: Carracosta|Carracosta, M|100\/100\n|turn|4\n|\n|t:|1700957859\n|switch|p1a: Volcanion|Volcanion|100\/100\n|move|p2a: Carracosta|Blizzard|p1a: Volcanion|[miss]\n|-miss|p2a: Carracosta|p1a: Volcanion\n|\n|upkeep\n|turn|5\n|\n|t:|1700957907\n|move|p1a: Volcanion|Will-O-Wisp|p2a: Carracosta\n|-status|p2a: Carracosta|brn\n|move|p2a: Carracosta|Blizzard|p1a: Volcanion\n|-resisted|p1a: Volcanion\n|-damage|p1a: Volcanion|97\/100\n|\n|-damage|p2a: Carracosta|95\/100 brn|[from] brn\n|upkeep\n|turn|6\n|\n|t:|1700957924\n|move|p1a: Volcanion|Scorching Sands|p2a: Carracosta\n|-supereffective|p2a: Carracosta\n|-damage|p2a: Carracosta|52\/100 brn\n|move|p2a: Carracosta|Hydro Pump|p1a: Volcanion\n|-heal|p1a: Volcanion|100\/100|[from] ability: Water Absorb|[of] p2a: Carracosta\n|\n|-damage|p2a: Carracosta|46\/100 brn|[from] brn\n|upkeep\n|turn|7\n|\n|t:|1700957939\n|switch|p2a: Ampharos|Ampharos, M, shiny|100\/100\n|move|p1a: Volcanion|Scald|p2a: Ampharos\n|-damage|p2a: Ampharos|66\/100\n|\n|upkeep\n|turn|8\n|\n|t:|1700957967\n|switch|p1a: Dachsbun|Dachsbun, M|100\/100\n|detailschange|p2a: Ampharos|Ampharos-Mega, M, shiny\n|-mega|p2a: Ampharos|Ampharos|Ampharosite\n|-ability|p2a: Ampharos|Mold Breaker\n|move|p2a: Ampharos|Thunder|p1a: Dachsbun\n|-damage|p1a: Dachsbun|0 fnt\n|faint|p1a: Dachsbun\n|\n|upkeep\n|\n|t:|1700958022\n|switch|p1a: Noivern|Noivern, M|100\/100\n|-item|p2a: Ampharos|Ampharosite|[from] ability: Frisk|[of] p1a: Noivern|[identify]\n|turn|9\n|\n|t:|1700958037\n|move|p1a: Noivern|Draco Meteor|p2a: Ampharos\n|-supereffective|p2a: Ampharos\n|-damage|p2a: Ampharos|0 fnt\n|-unboost|p1a: Noivern|spa|2\n|faint|p2a: Ampharos\n|\n|upkeep\n|\n|t:|1700958065\n|switch|p2a: Carracosta|Carracosta, M|46\/100 brn\n|turn|10\n|\n|t:|1700958089\n|move|p1a: Noivern|Hidden Power|p2a: Carracosta\n|-supereffective|p2a: Carracosta\n|-damage|p2a: Carracosta|6\/100 brn\n|move|p2a: Carracosta|Blizzard|p1a: Noivern\n|-supereffective|p1a: Noivern\n|-damage|p1a: Noivern|0 fnt\n|faint|p1a: Noivern\n|\n|-damage|p2a: Carracosta|0 fnt|[from] brn\n|faint|p2a: Carracosta\n|upkeep\n|\n|t:|1700958129\n|switch|p1a: Volcanion|Volcanion|100\/100\n|switch|p2a: Heatran|Heatran, M|100\/100\n|-item|p2a: Heatran|Air Balloon\n|turn|11\n|\n|t:|1700958146\n|move|p1a: Volcanion|Scald|p2a: Heatran\n|-supereffective|p2a: Heatran\n|-damage|p2a: Heatran|46\/100\n|-enditem|p2a: Heatran|Air Balloon\n|move|p2a: Heatran|Eruption|p1a: Volcanion\n|-resisted|p1a: Volcanion\n|-damage|p1a: Volcanion|95\/100\n|\n|upkeep\n|turn|12\n|\n|t:|1700958157\n|switch|p2a: Mawile|Mawile, M|100\/100\n|move|p1a: Volcanion|Scorching Sands|p2a: Mawile\n|-supereffective|p2a: Mawile\n|-damage|p2a: Mawile|27\/100\n|\n|upkeep\n|turn|13\n|\n|t:|1700958180\n|move|p1a: Volcanion|Scorching Sands|p2a: Mawile\n|-supereffective|p2a: Mawile\n|-damage|p2a: Mawile|0 fnt\n|faint|p2a: Mawile\n|\n|upkeep\n|\n|t:|1700958185\n|switch|p2a: Heatran|Heatran, M|46\/100\n|turn|14\n|\n|t:|1700958190\n|move|p1a: Volcanion|Scorching Sands|p2a: Heatran\n|-supereffective|p2a: Heatran\n|-damage|p2a: Heatran|0 fnt\n|faint|p2a: Heatran\n|\n|win|voltorbys\n|l|\u2606TypeChart1987\n","uploadtime":1700958198,"views":21,"p1id":"voltorbys","p2id":"typechart1987","formatid":"gen9nationaldex","rating":0,"private":0,"password":""}