{"id":"gen9nationaldex-1992722312","p1":"Accelerater02","p2":"wcyoubing\u8349\u55b5\u72c2\u70ed\u7c89","format":"[Gen 9] National Dex","log":"|j|\u2606Accelerater02\n|j|\u2606wcyoubing\u8349\u55b5\u72c2\u70ed\u7c89\n|t:|1700229168\n|gametype|singles\n|player|p1|Accelerater02|1|1502\n|player|p2|wcyoubing\u8349\u55b5\u72c2\u70ed\u7c89|acerola-masters|1554\n|teamsize|p1|6\n|teamsize|p2|6\n|gen|9\n|tier|[Gen 9] National Dex\n|rated|\n|rule|HP Percentage Mod: HP is shown in percentages\n|rule|Endless Battle Clause: Forcing endless battles is banned\n|rule|OHKO Clause: OHKO moves are banned\n|rule|Evasion Clause: Evasion abilities, items, and moves are banned\n|rule|Evasion Abilities Clause: Evasion abilities are banned\n|rule|Evasion Items Clause: Evasion items are banned\n|rule|Evasion Moves Clause: Evasion moves are banned\n|rule|Species Clause: Limit one of each Pok\u00e9mon\n|rule|Sleep Clause Mod: Limit one foe put to sleep\n|clearpoke\n|poke|p1|Iron Valiant|\n|poke|p1|Urshifu-*, M|\n|poke|p1|Tapu Koko|\n|poke|p1|Raichu-Alola, F|\n|poke|p1|Aerodactyl, F|\n|poke|p1|Garchomp, M|\n|poke|p2|Banette, M|\n|poke|p2|Zamazenta-*|\n|poke|p2|Alomomola, F|\n|poke|p2|Thundurus-Therian, M|\n|poke|p2|Aegislash, M|\n|poke|p2|Hoopa-Unbound|\n|teampreview\n|l|\u2606Accelerater02\n|player|p1|\n|j|\u2606Accelerater02\n|player|p1|Accelerater02|1\n|inactive|Battle timer is ON: inactive players will automatically lose when time's up. (requested by Accelerater02)\n|\n|t:|1700229208\n|start\n|switch|p1a: Tapu Koko|Tapu Koko, shiny|100\/100\n|switch|p2a: \u4fdd\u59c6\u66fc\u6ce2\u8868\u793a\u6211\u4e5f\u60f3c|Alomomola, F, shiny|100\/100\n|-fieldstart|move: Electric Terrain|[from] ability: Electric Surge|[of] p1a: Tapu Koko\n|turn|1\n|inactive|Accelerater02 has 120 seconds left.\n|l|\u2606Accelerater02\n|inactive|Accelerater02 disconnected and has a minute to reconnect!\n|player|p1|\n|j|\u2606Accelerater02\n|inactive|Accelerater02 reconnected and has 85 seconds left.\n|player|p1|Accelerater02|1\n|\n|t:|1700229282\n|switch|p2a: Thundurus|Thundurus-Therian, M|100\/100\n|move|p1a: Tapu Koko|Volt Switch|p2a: Thundurus\n|-immune|p2a: Thundurus|[from] ability: Volt Absorb\n|\n|upkeep\n|turn|2\n|\n|t:|1700229295\n|switch|p1a: Garchomp|Garchomp, M, shiny|100\/100\n|move|p2a: Thundurus|Hidden Power|p1a: Garchomp\n|-supereffective|p1a: Garchomp\n|-damage|p1a: Garchomp|0 fnt\n|faint|p1a: Garchomp\n|\n|upkeep\n|inactive|Accelerater02 has 90 seconds left.\n|\n|t:|1700229309\n|switch|p1a: Iron Valiant|Iron Valiant, shiny|100\/100\n|-activate|p1a: Iron Valiant|ability: Quark Drive\n|-start|p1a: Iron Valiant|quarkdrivespe\n|turn|3\n|inactive|Accelerater02 has 90 seconds left.\n|\n|t:|1700229317\n|switch|p2a: \u89c1\u8fc7\u65e0\u9632\u5b88\u7684\u9b3c\u5251\u5417|Aegislash, M, shiny|100\/100\n|move|p1a: Iron Valiant|Calm Mind|p1a: Iron Valiant\n|-boost|p1a: Iron Valiant|spa|1\n|-boost|p1a: Iron Valiant|spd|1\n|\n|upkeep\n|turn|4\n|\n|t:|1700229323\n|-terastallize|p1a: Iron Valiant|Ghost\n|move|p1a: Iron Valiant|Shadow Ball|p2a: \u89c1\u8fc7\u65e0\u9632\u5b88\u7684\u9b3c\u5251\u5417\n|-supereffective|p2a: \u89c1\u8fc7\u65e0\u9632\u5b88\u7684\u9b3c\u5251\u5417\n|-damage|p2a: \u89c1\u8fc7\u65e0\u9632\u5b88\u7684\u9b3c\u5251\u5417|0 fnt\n|faint|p2a: \u89c1\u8fc7\u65e0\u9632\u5b88\u7684\u9b3c\u5251\u5417\n|\n|upkeep\n|\n|t:|1700229334\n|switch|p2a: \u9b3c\u9b3c\u559c\u6b22\u6076\u4f5c\u5267|Banette, M|100\/100\n|-item|p1a: Iron Valiant|Booster Energy|[from] ability: Frisk|[of] p2a: \u9b3c\u9b3c\u559c\u6b22\u6076\u4f5c\u5267|[identify]\n|turn|5\n|\n|t:|1700229342\n|detailschange|p2a: \u9b3c\u9b3c\u559c\u6b22\u6076\u4f5c\u5267|Banette-Mega, M\n|-mega|p2a: \u9b3c\u9b3c\u559c\u6b22\u6076\u4f5c\u5267|Banette|Banettite\n|move|p2a: \u9b3c\u9b3c\u559c\u6b22\u6076\u4f5c\u5267|Destiny Bond|p2a: \u9b3c\u9b3c\u559c\u6b22\u6076\u4f5c\u5267\n|-singlemove|p2a: \u9b3c\u9b3c\u559c\u6b22\u6076\u4f5c\u5267|Destiny Bond\n|move|p1a: Iron Valiant|Shadow Ball|p2a: \u9b3c\u9b3c\u559c\u6b22\u6076\u4f5c\u5267\n|-supereffective|p2a: \u9b3c\u9b3c\u559c\u6b22\u6076\u4f5c\u5267\n|-damage|p2a: \u9b3c\u9b3c\u559c\u6b22\u6076\u4f5c\u5267|0 fnt\n|faint|p2a: \u9b3c\u9b3c\u559c\u6b22\u6076\u4f5c\u5267\n|-activate|p2a: \u9b3c\u9b3c\u559c\u6b22\u6076\u4f5c\u5267|move: Destiny Bond\n|faint|p1a: Iron Valiant\n|-end|p1a: Iron Valiant|Quark Drive|[silent]\n|\n|-fieldend|move: Electric Terrain\n|upkeep\n|\n|t:|1700229355\n|switch|p1a: Tapu Koko|Tapu Koko, shiny|100\/100\n|switch|p2a: Thundurus|Thundurus-Therian, M|100\/100\n|-fieldstart|move: Electric Terrain|[from] ability: Electric Surge|[of] p1a: Tapu Koko\n|turn|6\n|\n|t:|1700229360\n|move|p1a: Tapu Koko|Dazzling Gleam|p2a: Thundurus\n|-damage|p2a: Thundurus|54\/100\n|move|p2a: Thundurus|Volt Switch|p1a: Tapu Koko\n|-resisted|p1a: Tapu Koko\n|-damage|p1a: Tapu Koko|57\/100\n|\n|t:|1700229369\n|switch|p2a: \u4fdd\u59c6\u66fc\u6ce2\u8868\u793a\u6211\u4e5f\u60f3c|Alomomola, F, shiny|100\/100|[from] Volt Switch\n|\n|upkeep\n|turn|7\n|\n|t:|1700229373\n|move|p1a: Tapu Koko|Dazzling Gleam|p2a: \u4fdd\u59c6\u66fc\u6ce2\u8868\u793a\u6211\u4e5f\u60f3c\n|-damage|p2a: \u4fdd\u59c6\u66fc\u6ce2\u8868\u793a\u6211\u4e5f\u60f3c|63\/100\n|move|p2a: \u4fdd\u59c6\u66fc\u6ce2\u8868\u793a\u6211\u4e5f\u60f3c|Wish|p2a: \u4fdd\u59c6\u66fc\u6ce2\u8868\u793a\u6211\u4e5f\u60f3c\n|\n|upkeep\n|turn|8\n|\n|t:|1700229382\n|move|p1a: Tapu Koko|Dazzling Gleam|p2a: \u4fdd\u59c6\u66fc\u6ce2\u8868\u793a\u6211\u4e5f\u60f3c\n|-damage|p2a: \u4fdd\u59c6\u66fc\u6ce2\u8868\u793a\u6211\u4e5f\u60f3c|27\/100\n|move|p2a: \u4fdd\u59c6\u66fc\u6ce2\u8868\u793a\u6211\u4e5f\u60f3c|Flip Turn|p1a: Tapu Koko\n|-damage|p1a: Tapu Koko|33\/100\n|\n|t:|1700229389\n|switch|p2a: Thundurus|Thundurus-Therian, M|54\/100|[from] Flip Turn\n|\n|-heal|p2a: Thundurus|100\/100|[from] move: Wish|[wisher] \u4fdd\u59c6\u66fc\u6ce2\u8868\u793a\u6211\u4e5f\u60f3c\n|upkeep\n|turn|9\n|\n|t:|1700229396\n|move|p1a: Tapu Koko|Dazzling Gleam|p2a: Thundurus\n|-damage|p2a: Thundurus|50\/100\n|move|p2a: Thundurus|Volt Switch|p1a: Tapu Koko\n|-resisted|p1a: Tapu Koko\n|-damage|p1a: Tapu Koko|0 fnt\n|faint|p1a: Tapu Koko\n|\n|t:|1700229408\n|switch|p2a: \u76fe\u4e4b\u738b\u6015\u75bc\uff0c\u5e26\u5f31\u70b9\u4fdd\u9669\u5408\u7406\u5427|Zamazenta|100\/100|[from] Volt Switch\n|-ability|p2a: \u76fe\u4e4b\u738b\u6015\u75bc\uff0c\u5e26\u5f31\u70b9\u4fdd\u9669\u5408\u7406\u5427|Dauntless Shield|boost\n|-boost|p2a: \u76fe\u4e4b\u738b\u6015\u75bc\uff0c\u5e26\u5f31\u70b9\u4fdd\u9669\u5408\u7406\u5427|def|1\n|\n|upkeep\n|\n|t:|1700229413\n|switch|p1a: Raichu|Raichu-Alola, F, shiny|100\/100\n|turn|10\n|\n|t:|1700229419\n|-terastallize|p2a: \u76fe\u4e4b\u738b\u6015\u75bc\uff0c\u5e26\u5f31\u70b9\u4fdd\u9669\u5408\u7406\u5427|Electric\n|move|p1a: Raichu|Psychic|p2a: \u76fe\u4e4b\u738b\u6015\u75bc\uff0c\u5e26\u5f31\u70b9\u4fdd\u9669\u5408\u7406\u5427\n|-damage|p2a: \u76fe\u4e4b\u738b\u6015\u75bc\uff0c\u5e26\u5f31\u70b9\u4fdd\u9669\u5408\u7406\u5427|61\/100\n|-damage|p1a: Raichu|91\/100|[from] item: Life Orb\n|move|p2a: \u76fe\u4e4b\u738b\u6015\u75bc\uff0c\u5e26\u5f31\u70b9\u4fdd\u9669\u5408\u7406\u5427|Iron Defense|p2a: \u76fe\u4e4b\u738b\u6015\u75bc\uff0c\u5e26\u5f31\u70b9\u4fdd\u9669\u5408\u7406\u5427\n|-boost|p2a: \u76fe\u4e4b\u738b\u6015\u75bc\uff0c\u5e26\u5f31\u70b9\u4fdd\u9669\u5408\u7406\u5427|def|2\n|\n|-heal|p2a: \u76fe\u4e4b\u738b\u6015\u75bc\uff0c\u5e26\u5f31\u70b9\u4fdd\u9669\u5408\u7406\u5427|67\/100|[from] item: Leftovers\n|-fieldend|move: Electric Terrain\n|upkeep\n|turn|11\n|\n|t:|1700229435\n|move|p2a: \u76fe\u4e4b\u738b\u6015\u75bc\uff0c\u5e26\u5f31\u70b9\u4fdd\u9669\u5408\u7406\u5427|Body Press|p1a: Raichu\n|-resisted|p1a: Raichu\n|-damage|p1a: Raichu|0 fnt\n|faint|p1a: Raichu\n|\n|-heal|p2a: \u76fe\u4e4b\u738b\u6015\u75bc\uff0c\u5e26\u5f31\u70b9\u4fdd\u9669\u5408\u7406\u5427|73\/100|[from] item: Leftovers\n|upkeep\n|\n|t:|1700229444\n|switch|p1a: Urshifu|Urshifu-Rapid-Strike, M|100\/100\n|turn|12\n|\n|t:|1700229448\n|switch|p2a: \u4fdd\u59c6\u66fc\u6ce2\u8868\u793a\u6211\u4e5f\u60f3c|Alomomola, F, shiny|60\/100\n|move|p1a: Urshifu|Surging Strikes|p2a: \u4fdd\u59c6\u66fc\u6ce2\u8868\u793a\u6211\u4e5f\u60f3c\n|-resisted|p2a: \u4fdd\u59c6\u66fc\u6ce2\u8868\u793a\u6211\u4e5f\u60f3c\n|-crit|p2a: \u4fdd\u59c6\u66fc\u6ce2\u8868\u793a\u6211\u4e5f\u60f3c\n|-damage|p2a: \u4fdd\u59c6\u66fc\u6ce2\u8868\u793a\u6211\u4e5f\u60f3c|52\/100\n|-damage|p1a: Urshifu|84\/100|[from] item: Rocky Helmet|[of] p2a: \u4fdd\u59c6\u66fc\u6ce2\u8868\u793a\u6211\u4e5f\u60f3c\n|-resisted|p2a: \u4fdd\u59c6\u66fc\u6ce2\u8868\u793a\u6211\u4e5f\u60f3c\n|-crit|p2a: \u4fdd\u59c6\u66fc\u6ce2\u8868\u793a\u6211\u4e5f\u60f3c\n|-damage|p2a: \u4fdd\u59c6\u66fc\u6ce2\u8868\u793a\u6211\u4e5f\u60f3c|43\/100\n|-damage|p1a: Urshifu|67\/100|[from] item: Rocky Helmet|[of] p2a: \u4fdd\u59c6\u66fc\u6ce2\u8868\u793a\u6211\u4e5f\u60f3c\n|-resisted|p2a: \u4fdd\u59c6\u66fc\u6ce2\u8868\u793a\u6211\u4e5f\u60f3c\n|-crit|p2a: \u4fdd\u59c6\u66fc\u6ce2\u8868\u793a\u6211\u4e5f\u60f3c\n|-damage|p2a: \u4fdd\u59c6\u66fc\u6ce2\u8868\u793a\u6211\u4e5f\u60f3c|35\/100\n|-damage|p1a: Urshifu|51\/100|[from] item: Rocky Helmet|[of] p2a: \u4fdd\u59c6\u66fc\u6ce2\u8868\u793a\u6211\u4e5f\u60f3c\n|-hitcount|p2a: \u4fdd\u59c6\u66fc\u6ce2\u8868\u793a\u6211\u4e5f\u60f3c|3\n|\n|upkeep\n|turn|13\n|\n|t:|1700229460\n|switch|p1a: Aerodactyl|Aerodactyl, F|100\/100\n|move|p2a: \u4fdd\u59c6\u66fc\u6ce2\u8868\u793a\u6211\u4e5f\u60f3c|Wish|p2a: \u4fdd\u59c6\u66fc\u6ce2\u8868\u793a\u6211\u4e5f\u60f3c\n|\n|upkeep\n|turn|14\n|\n|t:|1700229469\n|detailschange|p1a: Aerodactyl|Aerodactyl-Mega, F\n|-mega|p1a: Aerodactyl|Aerodactyl|Aerodactylite\n|move|p2a: \u4fdd\u59c6\u66fc\u6ce2\u8868\u793a\u6211\u4e5f\u60f3c|Protect|p2a: \u4fdd\u59c6\u66fc\u6ce2\u8868\u793a\u6211\u4e5f\u60f3c\n|-singleturn|p2a: \u4fdd\u59c6\u66fc\u6ce2\u8868\u793a\u6211\u4e5f\u60f3c|Protect\n|move|p1a: Aerodactyl|Dragon Dance|p1a: Aerodactyl\n|-boost|p1a: Aerodactyl|atk|1\n|-boost|p1a: Aerodactyl|spe|1\n|\n|-heal|p2a: \u4fdd\u59c6\u66fc\u6ce2\u8868\u793a\u6211\u4e5f\u60f3c|85\/100|[from] move: Wish|[wisher] \u4fdd\u59c6\u66fc\u6ce2\u8868\u793a\u6211\u4e5f\u60f3c\n|upkeep\n|turn|15\n|\n|t:|1700229483\n|move|p1a: Aerodactyl|Dragon Dance|p1a: Aerodactyl\n|-boost|p1a: Aerodactyl|atk|1\n|-boost|p1a: Aerodactyl|spe|1\n|move|p2a: \u4fdd\u59c6\u66fc\u6ce2\u8868\u793a\u6211\u4e5f\u60f3c|Wish|p2a: \u4fdd\u59c6\u66fc\u6ce2\u8868\u793a\u6211\u4e5f\u60f3c\n|\n|upkeep\n|turn|16\n|\n|t:|1700229495\n|move|p1a: Aerodactyl|Dual Wingbeat|p2a: \u4fdd\u59c6\u66fc\u6ce2\u8868\u793a\u6211\u4e5f\u60f3c\n|-damage|p2a: \u4fdd\u59c6\u66fc\u6ce2\u8868\u793a\u6211\u4e5f\u60f3c|50\/100\n|-damage|p1a: Aerodactyl|84\/100|[from] item: Rocky Helmet|[of] p2a: \u4fdd\u59c6\u66fc\u6ce2\u8868\u793a\u6211\u4e5f\u60f3c\n|-damage|p2a: \u4fdd\u59c6\u66fc\u6ce2\u8868\u793a\u6211\u4e5f\u60f3c|18\/100\n|-damage|p1a: Aerodactyl|67\/100|[from] item: Rocky Helmet|[of] p2a: \u4fdd\u59c6\u66fc\u6ce2\u8868\u793a\u6211\u4e5f\u60f3c\n|-hitcount|p2a: \u4fdd\u59c6\u66fc\u6ce2\u8868\u793a\u6211\u4e5f\u60f3c|2\n|move|p2a: \u4fdd\u59c6\u66fc\u6ce2\u8868\u793a\u6211\u4e5f\u60f3c|Flip Turn|p1a: Aerodactyl\n|-supereffective|p1a: Aerodactyl\n|-crit|p1a: Aerodactyl\n|-damage|p1a: Aerodactyl|5\/100\n|\n|t:|1700229507\n|switch|p2a: \u76fe\u4e4b\u738b\u6015\u75bc\uff0c\u5e26\u5f31\u70b9\u4fdd\u9669\u5408\u7406\u5427|Zamazenta, tera:Electric|73\/100|[from] Flip Turn\n|\n|-heal|p2a: \u76fe\u4e4b\u738b\u6015\u75bc\uff0c\u5e26\u5f31\u70b9\u4fdd\u9669\u5408\u7406\u5427|100\/100|[from] move: Wish|[wisher] \u4fdd\u59c6\u66fc\u6ce2\u8868\u793a\u6211\u4e5f\u60f3c\n|upkeep\n|turn|17\n|\n|t:|1700229512\n|switch|p2a: \u4fdd\u59c6\u66fc\u6ce2\u8868\u793a\u6211\u4e5f\u60f3c|Alomomola, F, shiny|51\/100\n|move|p1a: Aerodactyl|Earthquake|p2a: \u4fdd\u59c6\u66fc\u6ce2\u8868\u793a\u6211\u4e5f\u60f3c\n|-damage|p2a: \u4fdd\u59c6\u66fc\u6ce2\u8868\u793a\u6211\u4e5f\u60f3c|7\/100\n|\n|upkeep\n|turn|18\n|j| dsfjghkszbryxp\n|\n|t:|1700229522\n|switch|p2a: Thundurus|Thundurus-Therian, M|50\/100\n|move|p1a: Aerodactyl|Earthquake|p2a: Thundurus\n|-immune|p2a: Thundurus\n|\n|upkeep\n|turn|19\n|\n|t:|1700229528\n|switch|p2a: \u4fdd\u59c6\u66fc\u6ce2\u8868\u793a\u6211\u4e5f\u60f3c|Alomomola, F, shiny|40\/100\n|move|p1a: Aerodactyl|Dragon Dance|p1a: Aerodactyl\n|-boost|p1a: Aerodactyl|atk|1\n|-boost|p1a: Aerodactyl|spe|1\n|\n|upkeep\n|turn|20\n|\n|t:|1700229535\n|move|p1a: Aerodactyl|Earthquake|p2a: \u4fdd\u59c6\u66fc\u6ce2\u8868\u793a\u6211\u4e5f\u60f3c\n|-damage|p2a: \u4fdd\u59c6\u66fc\u6ce2\u8868\u793a\u6211\u4e5f\u60f3c|0 fnt\n|faint|p2a: \u4fdd\u59c6\u66fc\u6ce2\u8868\u793a\u6211\u4e5f\u60f3c\n|\n|upkeep\n|\n|t:|1700229539\n|switch|p2a: Thundurus|Thundurus-Therian, M|50\/100\n|turn|21\n|\n|t:|1700229545\n|move|p1a: Aerodactyl|Ice Fang|p2a: Thundurus|[miss]\n|-miss|p1a: Aerodactyl|p2a: Thundurus\n|move|p2a: Thundurus|Volt Switch|p1a: Aerodactyl\n|-supereffective|p1a: Aerodactyl\n|-damage|p1a: Aerodactyl|0 fnt\n|faint|p1a: Aerodactyl\n|-message|Accelerater02 forfeited.\n|\n|win|wcyoubing\u8349\u55b5\u72c2\u70ed\u7c89\n|raw|Accelerater02's rating: 1502 &rarr; <strong>1485<\/strong><br \/>(-17 for losing)\n|raw|wcyoubing\u8349\u55b5\u72c2\u70ed\u7c89's rating: 1554 &rarr; <strong>1571<\/strong><br \/>(+17 for winning)\n|l|\u2606Accelerater02\n","uploadtime":1700229564,"views":5,"p1id":"accelerater02","p2id":"wcyoubing","formatid":"gen9nationaldex","rating":1485,"private":0,"password":""}