{"id":"gen9nationaldex-1999326645","p1":"Metrosexual Man","p2":"Ant_Kid-06","format":"[Gen 9] National Dex","log":"|html|<div class=\"broadcast-blue\"><strong>[Gen 9] National Dex is currently suspecting Sneasler! For information on how to participate check out the <a href=\"https:\/\/www.smogon.com\/forums\/threads\/sv-national-dex-suspect-8-just-dance.3731534\/\">suspect thread<\/a>.<\/strong><\/div>\n|j|\u2606Metrosexual Man\n|j|\u2606Ant_Kid-06\n|t:|1701060804\n|gametype|singles\n|player|p1|Metrosexual Man|harlequin|1318\n|player|p2|Ant_Kid-06|169|1281\n|teamsize|p1|6\n|teamsize|p2|6\n|gen|9\n|tier|[Gen 9] National Dex\n|rated|\n|rule|HP Percentage Mod: HP is shown in percentages\n|rule|Endless Battle Clause: Forcing endless battles is banned\n|rule|OHKO Clause: OHKO moves are banned\n|rule|Evasion Clause: Evasion abilities, items, and moves are banned\n|rule|Evasion Abilities Clause: Evasion abilities are banned\n|rule|Evasion Items Clause: Evasion items are banned\n|rule|Evasion Moves Clause: Evasion moves are banned\n|rule|Species Clause: Limit one of each Pok\u00e9mon\n|rule|Sleep Clause Mod: Limit one foe put to sleep\n|clearpoke\n|poke|p1|Tapu Koko|\n|poke|p1|Sneasler, F|\n|poke|p1|Glimmora, M|\n|poke|p1|Heatran, M|\n|poke|p1|Ogerpon-Wellspring, F|\n|poke|p1|Diancie|\n|poke|p2|Greninja-*, M|\n|poke|p2|Sneasler, F|\n|poke|p2|Ogerpon-Wellspring, F|\n|poke|p2|Aerodactyl, F|\n|poke|p2|Glimmora, F|\n|poke|p2|Xurkitree|\n|teampreview\n|inactive|Battle timer is ON: inactive players will automatically lose when time's up. (requested by Ant_Kid-06)\n|\n|t:|1701060807\n|start\n|switch|p1a: Glimmora|Glimmora, M|100\/100\n|switch|p2a: Xurkitree|Xurkitree|100\/100\n|turn|1\n|\n|t:|1701060813\n|move|p1a: Glimmora|Stealth Rock|p2a: Xurkitree\n|-sidestart|p2: Ant_Kid-06|move: Stealth Rock\n|-zpower|p2a: Xurkitree\n|move|p2a: Xurkitree|Z-Hypnosis|p1a: Glimmora|[anim]Hypnosis\n|-boost|p2a: Xurkitree|spe|1|[zeffect]\n|-status|p1a: Glimmora|slp|[from] move: Hypnosis\n|\n|upkeep\n|turn|2\n|\n|t:|1701060821\n|switch|p1a: Tapu Koko|Tapu Koko|100\/100\n|-fieldstart|move: Electric Terrain|[from] ability: Electric Surge|[of] p1a: Tapu Koko\n|move|p2a: Xurkitree|Tail Glow|p2a: Xurkitree\n|-boost|p2a: Xurkitree|spa|3\n|\n|upkeep\n|turn|3\n|\n|t:|1701060831\n|move|p2a: Xurkitree|Thunderbolt|p1a: Tapu Koko\n|-resisted|p1a: Tapu Koko\n|-damage|p1a: Tapu Koko|0 fnt\n|faint|p1a: Tapu Koko\n|-ability|p2a: Xurkitree|Beast Boost|boost\n|-boost|p2a: Xurkitree|spa|1\n|\n|upkeep\n|\n|t:|1701060842\n|switch|p1a: Sneasler|Sneasler, F|100\/100\n|-enditem|p1a: Sneasler|Electric Seed\n|-boost|p1a: Sneasler|def|1|[from] item: Electric Seed\n|turn|4\n|\n|t:|1701060846\n|move|p1a: Sneasler|Close Combat|p2a: Xurkitree\n|-damage|p2a: Xurkitree|0 fnt\n|-unboost|p1a: Sneasler|def|1\n|-unboost|p1a: Sneasler|spd|1\n|faint|p2a: Xurkitree\n|\n|upkeep\n|\n|t:|1701060856\n|switch|p2a: Sneasler|Sneasler, F|100\/100\n|-damage|p2a: Sneasler|95\/100|[from] Stealth Rock\n|turn|5\n|\n|t:|1701060867\n|-terastallize|p1a: Sneasler|Flying\n|move|p2a: Sneasler|Fake Out|p1a: Sneasler\n|-damage|p1a: Sneasler|76\/100\n|-status|p1a: Sneasler|psn|[from] ability: Poison Touch|[of] p2a: Sneasler\n|cant|p1a: Sneasler|flinch\n|\n|-damage|p1a: Sneasler|64\/100 psn|[from] psn\n|upkeep\n|turn|6\n|\n|t:|1701060880\n|switch|p2a: Glimmora|Glimmora, F|100\/100\n|-damage|p2a: Glimmora|88\/100|[from] Stealth Rock\n|-item|p2a: Glimmora|Air Balloon\n|move|p1a: Sneasler|Acrobatics|p2a: Glimmora\n|-resisted|p2a: Glimmora\n|-damage|p2a: Glimmora|54\/100\n|-activate|p2a: Glimmora|ability: Toxic Debris\n|-sidestart|p1: Metrosexual Man|move: Toxic Spikes\n|-enditem|p2a: Glimmora|Air Balloon\n|\n|-damage|p1a: Sneasler|51\/100 psn|[from] psn\n|-fieldend|move: Electric Terrain\n|upkeep\n|turn|7\n|\n|t:|1701060888\n|move|p1a: Sneasler|Close Combat|p2a: Glimmora\n|-damage|p2a: Glimmora|0 fnt\n|-unboost|p1a: Sneasler|def|1\n|-unboost|p1a: Sneasler|spd|1\n|-activate|p2a: Glimmora|ability: Toxic Debris\n|-sidestart|p1: Metrosexual Man|move: Toxic Spikes\n|faint|p2a: Glimmora\n|\n|-damage|p1a: Sneasler|39\/100 psn|[from] psn\n|upkeep\n|\n|t:|1701060891\n|switch|p2a: Sneasler|Sneasler, F|95\/100\n|-damage|p2a: Sneasler|89\/100|[from] Stealth Rock\n|turn|8\n|\n|t:|1701060894\n|switch|p1a: Heatran|Heatran, M|100\/100\n|move|p2a: Sneasler|Fake Out|p1a: Heatran\n|-resisted|p1a: Heatran\n|-damage|p1a: Heatran|93\/100\n|\n|-heal|p1a: Heatran|99\/100|[from] item: Leftovers\n|upkeep\n|turn|9\n|\n|t:|1701060902\n|switch|p1a: Glimmora|Glimmora, M|100\/100 slp\n|-sideend|p1: Metrosexual Man|move: Toxic Spikes|[of] p1a: Glimmora\n|move|p2a: Sneasler|Acrobatics|p1a: Glimmora\n|-resisted|p1a: Glimmora\n|-damage|p1a: Glimmora|88\/100 slp\n|-activate|p1a: Glimmora|ability: Toxic Debris\n|-sidestart|p2: Ant_Kid-06|move: Toxic Spikes\n|\n|upkeep\n|turn|10\n|\n|t:|1701060910\n|-singleturn|p2a: Sneasler|move: Focus Punch\n|cant|p1a: Glimmora|slp\n|move|p2a: Sneasler|Focus Punch|p1a: Glimmora\n|-damage|p1a: Glimmora|0 fnt\n|-activate|p1a: Glimmora|ability: Toxic Debris\n|-sidestart|p2: Ant_Kid-06|move: Toxic Spikes\n|faint|p1a: Glimmora\n|\n|upkeep\n|\n|t:|1701060919\n|switch|p1a: Sneasler|Sneasler, F, tera:Flying|39\/100 psn\n|turn|11\n|\n|t:|1701060930\n|move|p2a: Sneasler|Dire Claw|p1a: Sneasler\n|-damage|p1a: Sneasler|0 fnt\n|faint|p1a: Sneasler\n|\n|upkeep\n|\n|t:|1701060937\n|switch|p1a: Heatran|Heatran, M|99\/100\n|turn|12\n|\n|t:|1701060942\n|move|p2a: Sneasler|Acrobatics|p1a: Heatran\n|-resisted|p1a: Heatran\n|-damage|p1a: Heatran|90\/100\n|move|p1a: Heatran|Magma Storm|p2a: Sneasler\n|-damage|p2a: Sneasler|20\/100\n|-activate|p2a: Sneasler|move: Magma Storm|[of] p1a: Heatran\n|\n|-heal|p1a: Heatran|96\/100|[from] item: Leftovers\n|-damage|p2a: Sneasler|8\/100|[from] move: Magma Storm|[partiallytrapped]\n|upkeep\n|turn|13\n|\n|t:|1701060952\n|switch|p1a: Diancie|Diancie|100\/100\n|move|p2a: Sneasler|Acrobatics|p1a: Diancie\n|-resisted|p1a: Diancie\n|-damage|p1a: Diancie|91\/100\n|\n|-end|p2a: Sneasler|Magma Storm|[partiallytrapped]|[silent]\n|upkeep\n|turn|14\n|\n|t:|1701060958\n|detailschange|p1a: Diancie|Diancie-Mega\n|-mega|p1a: Diancie|Diancie|Diancite\n|move|p2a: Sneasler|Dire Claw|p1a: Diancie\n|-damage|p1a: Diancie|32\/100\n|move|p1a: Diancie|Diamond Storm|p2a: Sneasler\n|-resisted|p2a: Sneasler\n|-damage|p2a: Sneasler|0 fnt\n|faint|p2a: Sneasler\n|\n|upkeep\n|\n|t:|1701060965\n|switch|p2a: Greninja|Greninja, M|100\/100\n|-damage|p2a: Greninja|88\/100|[from] Stealth Rock\n|-status|p2a: Greninja|tox\n|turn|15\n|\n|t:|1701060977\n|switch|p1a: Ogerpon|Ogerpon-Wellspring, F|100\/100\n|move|p2a: Greninja|Extrasensory|p1a: Ogerpon\n|-damage|p1a: Ogerpon|71\/100\n|\n|-damage|p2a: Greninja|82\/100 tox|[from] psn\n|upkeep\n|turn|16\n|\n|t:|1701060983\n|move|p2a: Greninja|Ice Beam|p1a: Ogerpon\n|-damage|p1a: Ogerpon|38\/100\n|move|p1a: Ogerpon|Superpower|p2a: Greninja\n|-supereffective|p2a: Greninja\n|-damage|p2a: Greninja|0 fnt\n|-unboost|p1a: Ogerpon|atk|1\n|-unboost|p1a: Ogerpon|def|1\n|faint|p2a: Greninja\n|\n|upkeep\n|\n|t:|1701060986\n|switch|p2a: Ogerpon|Ogerpon-Wellspring, F|100\/100\n|-damage|p2a: Ogerpon|88\/100|[from] Stealth Rock\n|-status|p2a: Ogerpon|tox\n|turn|17\n|\n|t:|1701060995\n|switch|p1a: Heatran|Heatran, M|96\/100\n|-terastallize|p2a: Ogerpon|Water\n|detailschange|p2a: Ogerpon|Ogerpon-Wellspring-Tera, F, tera:Water\n|-ability|p2a: Ogerpon|Embody Aspect (Wellspring)|boost\n|-boost|p2a: Ogerpon|spd|1\n|move|p2a: Ogerpon|Ivy Cudgel|p1a: Heatran|[anim] Ivy Cudgel Water\n|-supereffective|p1a: Heatran\n|-damage|p1a: Heatran|0 fnt\n|faint|p1a: Heatran\n|\n|-damage|p2a: Ogerpon|82\/100 tox|[from] psn\n|upkeep\n|\n|t:|1701060997\n|switch|p1a: Ogerpon|Ogerpon-Wellspring, F|38\/100\n|turn|18\n|\n|t:|1701061003\n|move|p2a: Ogerpon|Horn Leech|p1a: Ogerpon\n|-damage|p1a: Ogerpon|0 fnt\n|-heal|p2a: Ogerpon|100\/100 tox|[from] drain|[of] p1a: Ogerpon\n|faint|p1a: Ogerpon\n|\n|-damage|p2a: Ogerpon|89\/100 tox|[from] psn\n|upkeep\n|c|\u2606Metrosexual Man|my brain\n|c|\u2606Metrosexual Man|aaaaaaaaaaaaaaaaa\n|c|\u2606Ant_Kid-06|OGRE CLUTCH\n|c|\u2606Metrosexual Man|ivy cudgeling into ogerpon is crazy\n|c|\u2606Ant_Kid-06|yeaaaaaaah\n|c|\u2606Metrosexual Man|next level lol\n|c|\u2606Metrosexual Man|gg\n|inactive|Metrosexual Man has 120 seconds left.\n|-message|Metrosexual Man forfeited.\n|\n|win|Ant_Kid-06\n|raw|Metrosexual Man's rating: 1318 &rarr; <strong>1296<\/strong><br \/>(-22 for losing)\n|raw|Ant_Kid-06's rating: 1281 &rarr; <strong>1309<\/strong><br \/>(+28 for winning)\n|c|\u2606Ant_Kid-06|ggs\n|l|\u2606Metrosexual Man\n","uploadtime":1701061048,"views":8,"p1id":"metrosexualman","p2id":"antkid06","formatid":"gen9nationaldex","rating":1296,"private":0,"password":""}