{"id":"gen9nationaldex-1999036929","p1":"Viiego","p2":"vheneko","format":"[Gen 9] National Dex","log":"|html|<div class=\"broadcast-blue\"><strong>[Gen 9] National Dex is currently suspecting Sneasler! For information on how to participate check out the <a href=\"https:\/\/www.smogon.com\/forums\/threads\/sv-national-dex-suspect-8-just-dance.3731534\/\">suspect thread<\/a>.<\/strong><\/div>\n|j|\u2606Viiego\n|j|\u2606vheneko\n|t:|1701026400\n|gametype|singles\n|player|p1|Viiego|cynthia-gen4|1222\n|player|p2|vheneko|depotagent|1339\n|teamsize|p1|6\n|teamsize|p2|6\n|gen|9\n|tier|[Gen 9] National Dex\n|rated|\n|rule|HP Percentage Mod: HP is shown in percentages\n|rule|Endless Battle Clause: Forcing endless battles is banned\n|rule|OHKO Clause: OHKO moves are banned\n|rule|Evasion Clause: Evasion abilities, items, and moves are banned\n|rule|Evasion Abilities Clause: Evasion abilities are banned\n|rule|Evasion Items Clause: Evasion items are banned\n|rule|Evasion Moves Clause: Evasion moves are banned\n|rule|Species Clause: Limit one of each Pok\u00e9mon\n|rule|Sleep Clause Mod: Limit one foe put to sleep\n|clearpoke\n|poke|p1|Ninetales-Alola, M|\n|poke|p1|Incineroar, F|\n|poke|p1|Urshifu-*, M|\n|poke|p1|Serperior, M|\n|poke|p1|Aegislash, M|\n|poke|p1|Garchomp, M|\n|poke|p2|Minior|\n|poke|p2|Cinderace, M|\n|poke|p2|Great Tusk|\n|poke|p2|Pawmot, F|\n|poke|p2|Kyurem|\n|poke|p2|Hatterene, F|\n|teampreview\n|\n|t:|1701026404\n|start\n|switch|p1a: Ninetales|Ninetales-Alola, M, shiny|100\/100\n|switch|p2a: Cinderace|Cinderace, M|100\/100\n|-weather|Snow|[from] ability: Snow Warning|[of] p1a: Ninetales\n|turn|1\n|j| SamFuraxy\n|inactive|Battle timer is ON: inactive players will automatically lose when time's up. (requested by Viiego)\n|\n|t:|1701026419\n|switch|p1a: Incineroar|Incineroar, F, shiny|100\/100\n|-ability|p1a: Incineroar|Intimidate|boost\n|-unboost|p2a: Cinderace|atk|1\n|move|p2a: Cinderace|Pyro Ball|p1a: Incineroar\n|-resisted|p1a: Incineroar\n|-damage|p1a: Incineroar|83\/100\n|\n|-weather|Snow|[upkeep]\n|upkeep\n|turn|2\n|\n|t:|1701026430\n|switch|p2a: Great Tusk|Great Tusk|100\/100\n|move|p1a: Incineroar|U-turn|p2a: Great Tusk\n|-resisted|p2a: Great Tusk\n|-damage|p2a: Great Tusk|92\/100\n|\n|t:|1701026436\n|switch|p1a: Serperior|Serperior, M|100\/100|[from] U-turn\n|\n|-weather|Snow|[upkeep]\n|upkeep\n|turn|3\n|\n|t:|1701026443\n|move|p1a: Serperior|Leaf Storm|p2a: Great Tusk|[miss]\n|-miss|p1a: Serperior|p2a: Great Tusk\n|move|p2a: Great Tusk|Ice Spinner|p1a: Serperior\n|-supereffective|p1a: Serperior\n|-damage|p1a: Serperior|31\/100\n|\n|-weather|Snow|[upkeep]\n|-heal|p1a: Serperior|36\/100|[from] item: Leftovers\n|upkeep\n|turn|4\n|\n|t:|1701026453\n|-end|p2a: Great Tusk|Protosynthesis|[silent]\n|switch|p2a: Cinderace|Cinderace, M|100\/100\n|move|p1a: Serperior|Leaf Storm|p2a: Cinderace\n|-resisted|p2a: Cinderace\n|-damage|p2a: Cinderace|70\/100\n|-boost|p1a: Serperior|spa|2\n|\n|-weather|Snow|[upkeep]\n|-heal|p1a: Serperior|42\/100|[from] item: Leftovers\n|upkeep\n|turn|5\n|\n|t:|1701026473\n|switch|p1a: Incineroar|Incineroar, F, shiny|83\/100\n|-ability|p1a: Incineroar|Intimidate|boost\n|-unboost|p2a: Cinderace|atk|1\n|move|p2a: Cinderace|High Jump Kick|p1a: Incineroar\n|-start|p2a: Cinderace|typechange|Fighting|[from] ability: Libero\n|-supereffective|p1a: Incineroar\n|-crit|p1a: Incineroar\n|-damage|p1a: Incineroar|0 fnt\n|faint|p1a: Incineroar\n|\n|-weather|none\n|upkeep\n|\n|t:|1701026486\n|switch|p1a: Garchomp|Garchomp, M, shiny|100\/100\n|turn|6\n|\n|t:|1701026492\n|switch|p2a: Hatterene|Hatterene, F|100\/100\n|detailschange|p1a: Garchomp|Garchomp-Mega, M, shiny\n|-mega|p1a: Garchomp|Garchomp|Garchompite\n|move|p1a: Garchomp|Scale Shot|p2a: Hatterene\n|-immune|p2a: Hatterene\n|\n|upkeep\n|turn|7\n|\n|t:|1701026507\n|switch|p1a: Ninetales|Ninetales-Alola, M, shiny|100\/100\n|-weather|Snow|[from] ability: Snow Warning|[of] p1a: Ninetales\n|switch|p2a: Minior|Minior, shiny|100\/100\n|-formechange|p2a: Minior|Minior-Meteor||[from] ability: Shields Down\n|\n|-weather|Snow|[upkeep]\n|upkeep\n|turn|8\n|\n|t:|1701026517\n|move|p1a: Ninetales|Aurora Veil|p1a: Ninetales\n|-sidestart|p1: Viiego|move: Aurora Veil\n|move|p2a: Minior|Shell Smash|p2a: Minior\n|-unboost|p2a: Minior|def|1\n|-unboost|p2a: Minior|spd|1\n|-boost|p2a: Minior|atk|2\n|-boost|p2a: Minior|spa|2\n|-boost|p2a: Minior|spe|2\n|-enditem|p2a: Minior|White Herb\n|-clearnegativeboost|p2a: Minior|[silent]\n|\n|-weather|Snow|[upkeep]\n|upkeep\n|turn|9\n|\n|t:|1701026527\n|move|p2a: Minior|Rock Slide|p1a: Ninetales\n|-supereffective|p1a: Ninetales\n|-damage|p1a: Ninetales|59\/100\n|move|p1a: Ninetales|Encore|p2a: Minior\n|-start|p2a: Minior|Encore\n|\n|-weather|Snow|[upkeep]\n|upkeep\n|turn|10\n|\n|t:|1701026536\n|switch|p2a: Cinderace|Cinderace, M|70\/100\n|switch|p1a: Serperior|Serperior, M|42\/100\n|\n|-weather|Snow|[upkeep]\n|-heal|p1a: Serperior|48\/100|[from] item: Leftovers\n|upkeep\n|turn|11\n|\n|t:|1701026548\n|switch|p1a: Urshifu|Urshifu-Rapid-Strike, M|100\/100\n|move|p2a: Cinderace|Will-O-Wisp|p1a: Urshifu\n|-status|p1a: Urshifu|brn\n|\n|-weather|none\n|-damage|p1a: Urshifu|94\/100 brn|[from] brn\n|upkeep\n|turn|12\n|\n|t:|1701026558\n|switch|p2a: Hatterene|Hatterene, F|100\/100\n|move|p1a: Urshifu|Surging Strikes|p2a: Hatterene\n|-crit|p2a: Hatterene\n|-damage|p2a: Hatterene|93\/100\n|-crit|p2a: Hatterene\n|-damage|p2a: Hatterene|84\/100\n|-crit|p2a: Hatterene\n|-damage|p2a: Hatterene|76\/100\n|-hitcount|p2a: Hatterene|3\n|\n|-heal|p2a: Hatterene|82\/100|[from] item: Leftovers\n|-damage|p1a: Urshifu|88\/100 brn|[from] brn\n|upkeep\n|turn|13\n|\n|t:|1701026572\n|switch|p1a: Ninetales|Ninetales-Alola, M, shiny|59\/100\n|-weather|Snow|[from] ability: Snow Warning|[of] p1a: Ninetales\n|switch|p2a: Great Tusk|Great Tusk|92\/100\n|\n|-weather|Snow|[upkeep]\n|upkeep\n|turn|14\n|\n|t:|1701026588\n|move|p1a: Ninetales|Freeze-Dry|p2a: Great Tusk\n|-supereffective|p2a: Great Tusk\n|-damage|p2a: Great Tusk|33\/100\n|move|p2a: Great Tusk|Stealth Rock|p1a: Ninetales\n|-sidestart|p1: Viiego|move: Stealth Rock\n|\n|-weather|Snow|[upkeep]\n|upkeep\n|turn|15\n|\n|t:|1701026596\n|-end|p2a: Great Tusk|Protosynthesis|[silent]\n|switch|p2a: Cinderace|Cinderace, M|70\/100\n|move|p1a: Ninetales|Freeze-Dry|p2a: Cinderace\n|-resisted|p2a: Cinderace\n|-damage|p2a: Cinderace|54\/100\n|\n|-weather|Snow|[upkeep]\n|-sideend|p1: Viiego|move: Aurora Veil\n|upkeep\n|turn|16\n|\n|t:|1701026610\n|switch|p1a: Aegislash|Aegislash, M, shiny|100\/100\n|-damage|p1a: Aegislash|94\/100|[from] Stealth Rock\n|move|p2a: Cinderace|Pyro Ball|p1a: Aegislash\n|-supereffective|p1a: Aegislash\n|-damage|p1a: Aegislash|2\/100\n|\n|-weather|Snow|[upkeep]\n|upkeep\n|turn|17\n|\n|t:|1701026625\n|switch|p2a: Great Tusk|Great Tusk|33\/100\n|-formechange|p1a: Aegislash|Aegislash-Blade||[from] ability: Stance Change\n|move|p1a: Aegislash|Shadow Claw|p2a: Great Tusk\n|-damage|p2a: Great Tusk|0 fnt\n|faint|p2a: Great Tusk\n|-end|p2a: Great Tusk|Protosynthesis|[silent]\n|\n|-weather|none\n|upkeep\n|\n|t:|1701026633\n|switch|p2a: Kyurem|Kyurem|100\/100\n|-ability|p2a: Kyurem|Pressure\n|turn|18\n|\n|t:|1701026638\n|move|p2a: Kyurem|Flash Cannon|p1a: Aegislash\n|-resisted|p1a: Aegislash\n|-damage|p1a: Aegislash|0 fnt\n|faint|p1a: Aegislash\n|\n|upkeep\n|\n|t:|1701026644\n|switch|p1a: Garchomp|Garchomp-Mega, M, shiny|100\/100\n|-damage|p1a: Garchomp|94\/100|[from] Stealth Rock\n|turn|19\n|\n|t:|1701026650\n|switch|p2a: Hatterene|Hatterene, F|82\/100\n|move|p1a: Garchomp|Iron Head|p2a: Hatterene\n|-supereffective|p2a: Hatterene\n|-damage|p2a: Hatterene|30\/100\n|\n|-heal|p2a: Hatterene|36\/100|[from] item: Leftovers\n|upkeep\n|turn|20\n|\n|t:|1701026661\n|move|p1a: Garchomp|Iron Head|p2a: Hatterene\n|-supereffective|p2a: Hatterene\n|-crit|p2a: Hatterene\n|-damage|p2a: Hatterene|0 fnt\n|faint|p2a: Hatterene\n|\n|upkeep\n|\n|t:|1701026666\n|switch|p2a: Cinderace|Cinderace, M|54\/100\n|turn|21\n|\n|t:|1701026670\n|move|p2a: Cinderace|Will-O-Wisp|p1a: Garchomp|[miss]\n|-miss|p2a: Cinderace|p1a: Garchomp\n|move|p1a: Garchomp|Earthquake|p2a: Cinderace\n|-supereffective|p2a: Cinderace\n|-damage|p2a: Cinderace|0 fnt\n|faint|p2a: Cinderace\n|\n|upkeep\n|\n|t:|1701026676\n|switch|p2a: Kyurem|Kyurem|100\/100\n|-ability|p2a: Kyurem|Pressure\n|turn|22\n|\n|t:|1701026682\n|move|p2a: Kyurem|Ice Beam|p1a: Garchomp\n|-supereffective|p1a: Garchomp\n|-damage|p1a: Garchomp|0 fnt\n|faint|p1a: Garchomp\n|\n|upkeep\n|\n|t:|1701026687\n|switch|p1a: Ninetales|Ninetales-Alola, M, shiny|59\/100\n|-damage|p1a: Ninetales|34\/100|[from] Stealth Rock\n|-weather|Snow|[from] ability: Snow Warning|[of] p1a: Ninetales\n|turn|23\n|\n|t:|1701026693\n|move|p2a: Kyurem|Ice Beam|p1a: Ninetales\n|-resisted|p1a: Ninetales\n|-damage|p1a: Ninetales|10\/100\n|move|p1a: Ninetales|Moonblast|p2a: Kyurem\n|-supereffective|p2a: Kyurem\n|-damage|p2a: Kyurem|51\/100\n|\n|-weather|Snow|[upkeep]\n|upkeep\n|turn|24\n|\n|t:|1701026704\n|move|p2a: Kyurem|Ice Beam|p1a: Ninetales\n|-resisted|p1a: Ninetales\n|-damage|p1a: Ninetales|0 fnt\n|faint|p1a: Ninetales\n|\n|-weather|Snow|[upkeep]\n|upkeep\n|\n|t:|1701026712\n|switch|p1a: Urshifu|Urshifu-Rapid-Strike, M|88\/100 brn\n|-damage|p1a: Urshifu|82\/100 brn|[from] Stealth Rock\n|turn|25\n|\n|t:|1701026719\n|switch|p2a: Minior|Minior, shiny|100\/100\n|-formechange|p2a: Minior|Minior-Meteor||[from] ability: Shields Down\n|move|p1a: Urshifu|Close Combat|p2a: Minior\n|-damage|p2a: Minior|59\/100\n|-unboost|p1a: Urshifu|def|1\n|-unboost|p1a: Urshifu|spd|1\n|\n|-weather|Snow|[upkeep]\n|-damage|p1a: Urshifu|76\/100 brn|[from] brn\n|upkeep\n|turn|26\n|\n|t:|1701026732\n|switch|p1a: Serperior|Serperior, M|48\/100\n|-damage|p1a: Serperior|36\/100|[from] Stealth Rock\n|move|p2a: Minior|Acrobatics|p1a: Serperior\n|-supereffective|p1a: Serperior\n|-damage|p1a: Serperior|0 fnt\n|faint|p1a: Serperior\n|\n|-weather|Snow|[upkeep]\n|upkeep\n|\n|t:|1701026742\n|switch|p1a: Urshifu|Urshifu-Rapid-Strike, M|76\/100 brn\n|-damage|p1a: Urshifu|70\/100 brn|[from] Stealth Rock\n|turn|27\n|\n|t:|1701026748\n|-terastallize|p1a: Urshifu|Fighting\n|move|p1a: Urshifu|Close Combat|p2a: Minior\n|-damage|p2a: Minior|7\/100\n|-unboost|p1a: Urshifu|def|1\n|-unboost|p1a: Urshifu|spd|1\n|move|p2a: Minior|Acrobatics|p1a: Urshifu\n|-supereffective|p1a: Urshifu\n|-damage|p1a: Urshifu|0 fnt\n|faint|p1a: Urshifu\n|\n|win|vheneko\n|raw|Viiego's rating: 1222 &rarr; <strong>1205<\/strong><br \/>(-17 for losing)\n|raw|vheneko's rating: 1339 &rarr; <strong>1353<\/strong><br \/>(+14 for winning)\n|l|\u2606Viiego\n","uploadtime":1701026777,"views":2,"p1id":"viiego","p2id":"vheneko","formatid":"gen9nationaldex","rating":1205,"private":0,"password":""}