{"id":"gen9nationaldex-1999018460","p1":"tbor2002","p2":"lunchbox5536","format":"[Gen 9] National Dex","log":"|html|<div class=\"broadcast-blue\"><strong>[Gen 9] National Dex is currently suspecting Sneasler! For information on how to participate check out the <a href=\"https:\/\/www.smogon.com\/forums\/threads\/sv-national-dex-suspect-8-just-dance.3731534\/\">suspect thread<\/a>.<\/strong><\/div>\n|j|\u2606tbor2002\n|j|\u2606lunchbox5536\n|t:|1701024427\n|gametype|singles\n|player|p1|tbor2002|wattson|\n|player|p2|lunchbox5536|ghetsis|\n|teamsize|p1|6\n|teamsize|p2|6\n|gen|9\n|tier|[Gen 9] National Dex\n|rule|HP Percentage Mod: HP is shown in percentages\n|rule|Endless Battle Clause: Forcing endless battles is banned\n|rule|OHKO Clause: OHKO moves are banned\n|rule|Evasion Clause: Evasion abilities, items, and moves are banned\n|rule|Evasion Abilities Clause: Evasion abilities are banned\n|rule|Evasion Items Clause: Evasion items are banned\n|rule|Evasion Moves Clause: Evasion moves are banned\n|rule|Species Clause: Limit one of each Pok\u00e9mon\n|rule|Sleep Clause Mod: Limit one foe put to sleep\n|clearpoke\n|poke|p1|Zamazenta-*|\n|poke|p1|Goodra-Hisui, F|\n|poke|p1|Jolteon, F|\n|poke|p1|Eelektross, M|\n|poke|p1|Crabominable, F|\n|poke|p1|Mareanie, F|\n|poke|p2|Lilligant-Hisui, F|\n|poke|p2|Kleavor, M|\n|poke|p2|Grimmsnarl, M|\n|poke|p2|Sableye, M|\n|poke|p2|Klawf, F|\n|poke|p2|Crocalor, M|\n|teampreview\n|\n|t:|1701024459\n|start\n|switch|p1a: Crabominable|Crabominable, F|100\/100\n|switch|p2a: Kleavor|Kleavor, M|100\/100\n|turn|1\n|\n|t:|1701024482\n|move|p2a: Kleavor|Stone Axe|p1a: Crabominable\n|-damage|p1a: Crabominable|42\/100\n|-sidestart|p1: tbor2002|move: Stealth Rock\n|move|p1a: Crabominable|Drain Punch|p2a: Kleavor\n|-damage|p2a: Kleavor|38\/100\n|-heal|p1a: Crabominable|64\/100|[from] drain|[of] p2a: Kleavor\n|\n|upkeep\n|turn|2\n|\n|t:|1701024497\n|switch|p2a: Sableye|Sableye, M|100\/100\n|move|p1a: Crabominable|Drain Punch|p2a: Sableye\n|-immune|p2a: Sableye\n|\n|upkeep\n|turn|3\n|\n|t:|1701024507\n|move|p2a: Sableye|Will-O-Wisp|p1a: Crabominable\n|-status|p1a: Crabominable|brn\n|move|p1a: Crabominable|Thunder Punch|p2a: Sableye\n|-damage|p2a: Sableye|76\/100\n|\n|-heal|p2a: Sableye|82\/100|[from] item: Leftovers\n|-damage|p1a: Crabominable|58\/100 brn|[from] brn\n|upkeep\n|turn|4\n|\n|t:|1701024516\n|switch|p1a: Mareanie|Mareanie, F|100\/100\n|-damage|p1a: Mareanie|88\/100|[from] Stealth Rock\n|move|p2a: Sableye|Knock Off|p1a: Mareanie\n|-damage|p1a: Mareanie|63\/100\n|-enditem|p1a: Mareanie|Eviolite|[from] move: Knock Off|[of] p2a: Sableye\n|\n|-heal|p2a: Sableye|89\/100|[from] item: Leftovers\n|upkeep\n|turn|5\n|\n|t:|1701024527\n|move|p2a: Sableye|Taunt|p1a: Mareanie\n|-start|p1a: Mareanie|move: Taunt\n|cant|p1a: Mareanie|move: Taunt|Haze\n|\n|-heal|p2a: Sableye|95\/100|[from] item: Leftovers\n|upkeep\n|turn|6\n|\n|t:|1701024566\n|move|p2a: Sableye|Will-O-Wisp|p1a: Mareanie\n|-status|p1a: Mareanie|brn\n|move|p1a: Mareanie|Sludge Bomb|p2a: Sableye\n|-resisted|p2a: Sableye\n|-damage|p2a: Sableye|85\/100\n|\n|-heal|p2a: Sableye|91\/100|[from] item: Leftovers\n|-damage|p1a: Mareanie|57\/100 brn|[from] brn\n|upkeep\n|turn|7\n|\n|t:|1701024584\n|switch|p2a: AAAAAAAAAAAA|Klawf, F|100\/100\n|move|p1a: Mareanie|Sludge Bomb|p2a: AAAAAAAAAAAA\n|-resisted|p2a: AAAAAAAAAAAA\n|-damage|p2a: AAAAAAAAAAAA|85\/100\n|\n|-damage|p1a: Mareanie|51\/100 brn|[from] brn\n|-end|p1a: Mareanie|move: Taunt\n|upkeep\n|turn|8\n|\n|t:|1701024594\n|move|p2a: AAAAAAAAAAAA|High Horsepower|p1a: Mareanie\n|-supereffective|p1a: Mareanie\n|-damage|p1a: Mareanie|0 fnt\n|faint|p1a: Mareanie\n|\n|upkeep\n|\n|t:|1701024634\n|switch|p1a: Goodra|Goodra-Hisui, F|100\/100\n|-damage|p1a: Goodra|94\/100|[from] Stealth Rock\n|turn|9\n|\n|t:|1701024645\n|move|p2a: AAAAAAAAAAAA|Knock Off|p1a: Goodra\n|-damage|p1a: Goodra|67\/100\n|-enditem|p1a: Goodra|Leftovers|[from] move: Knock Off|[of] p2a: AAAAAAAAAAAA\n|move|p1a: Goodra|Flash Cannon|p2a: AAAAAAAAAAAA\n|-supereffective|p2a: AAAAAAAAAAAA\n|-damage|p2a: AAAAAAAAAAAA|0 fnt\n|faint|p2a: AAAAAAAAAAAA\n|\n|upkeep\n|\n|t:|1701024654\n|switch|p2a: Lilligant|Lilligant-Hisui, F, shiny|100\/100\n|turn|10\n|\n|t:|1701024687\n|-terastallize|p1a: Goodra|Fairy\n|move|p2a: Lilligant|Close Combat|p1a: Goodra\n|-resisted|p1a: Goodra\n|-damage|p1a: Goodra|13\/100\n|-unboost|p2a: Lilligant|def|1\n|-unboost|p2a: Lilligant|spd|1\n|move|p1a: Goodra|Flamethrower|p2a: Lilligant\n|-supereffective|p2a: Lilligant\n|-damage|p2a: Lilligant|0 fnt\n|faint|p2a: Lilligant\n|\n|upkeep\n|\n|t:|1701024697\n|switch|p2a: Kleavor|Kleavor, M|38\/100\n|turn|11\n|\n|t:|1701024713\n|move|p2a: Kleavor|U-turn|p1a: Goodra\n|-resisted|p1a: Goodra\n|-damage|p1a: Goodra|0 fnt\n|faint|p1a: Goodra\n|\n|t:|1701024725\n|switch|p2a: Crocalor|Crocalor, M|100\/100|[from] U-turn\n|\n|upkeep\n|\n|t:|1701024731\n|switch|p1a: Jolteon|Jolteon, F|100\/100\n|turn|12\n|\n|t:|1701024742\n|move|p1a: Jolteon|Heal Bell|p1a: Jolteon\n|-activate|p1a: Jolteon|move: Heal Bell\n|-curestatus|p1: Crabominable|brn|[msg]\n|move|p2a: Crocalor|Will-O-Wisp|p1a: Jolteon\n|-status|p1a: Jolteon|brn\n|\n|-damage|p1a: Jolteon|95\/100 brn|[from] brn\n|upkeep\n|turn|13\n|\n|t:|1701024755\n|move|p1a: Jolteon|Thunderbolt|p2a: Crocalor\n|-damage|p2a: Crocalor|73\/100\n|move|p2a: Crocalor|Flamethrower|p1a: Jolteon\n|-damage|p1a: Jolteon|57\/100 brn\n|\n|-damage|p1a: Jolteon|51\/100 brn|[from] brn\n|upkeep\n|turn|14\n|\n|t:|1701024765\n|move|p1a: Jolteon|Thunderbolt|p2a: Crocalor\n|-damage|p2a: Crocalor|46\/100\n|move|p2a: Crocalor|Flamethrower|p1a: Jolteon\n|-damage|p1a: Jolteon|12\/100 brn\n|\n|-damage|p1a: Jolteon|6\/100 brn|[from] brn\n|upkeep\n|turn|15\n|\n|t:|1701024776\n|move|p1a: Jolteon|Thunderbolt|p2a: Crocalor\n|-damage|p2a: Crocalor|21\/100\n|-status|p2a: Crocalor|par\n|move|p2a: Crocalor|Slack Off|p2a: Crocalor\n|-heal|p2a: Crocalor|71\/100 par\n|\n|-damage|p1a: Jolteon|0 fnt|[from] brn\n|faint|p1a: Jolteon\n|upkeep\n|\n|t:|1701024792\n|switch|p1a: Crabominable|Crabominable, F|58\/100\n|-damage|p1a: Crabominable|46\/100|[from] Stealth Rock\n|turn|16\n|\n|t:|1701024805\n|move|p1a: Crabominable|Earthquake|p2a: Crocalor\n|-supereffective|p2a: Crocalor\n|-damage|p2a: Crocalor|12\/100 par\n|cant|p2a: Crocalor|par\n|\n|upkeep\n|turn|17\n|\n|t:|1701024821\n|-terastallize|p2a: Crocalor|Flying\n|move|p1a: Crabominable|Drain Punch|p2a: Crocalor\n|-resisted|p2a: Crocalor\n|-damage|p2a: Crocalor|0 fnt\n|-heal|p1a: Crabominable|52\/100|[from] drain|[of] p2a: Crocalor\n|faint|p2a: Crocalor\n|\n|upkeep\n|\n|t:|1701024830\n|switch|p2a: Kleavor|Kleavor, M|38\/100\n|turn|18\n|\n|t:|1701024850\n|move|p2a: Kleavor|Close Combat|p1a: Crabominable\n|-supereffective|p1a: Crabominable\n|-damage|p1a: Crabominable|0 fnt\n|-unboost|p2a: Kleavor|def|1\n|-unboost|p2a: Kleavor|spd|1\n|faint|p1a: Crabominable\n|\n|upkeep\n|\n|t:|1701024858\n|switch|p1a: Zamazenta|Zamazenta, shiny|100\/100\n|-damage|p1a: Zamazenta|94\/100|[from] Stealth Rock\n|-ability|p1a: Zamazenta|Dauntless Shield|boost\n|-boost|p1a: Zamazenta|def|1\n|turn|19\n|\n|t:|1701024875\n|move|p2a: Kleavor|Close Combat|p1a: Zamazenta\n|-damage|p1a: Zamazenta|73\/100\n|-unboost|p2a: Kleavor|def|1\n|-unboost|p2a: Kleavor|spd|1\n|move|p1a: Zamazenta|Body Press|p2a: Kleavor\n|-damage|p2a: Kleavor|0 fnt\n|faint|p2a: Kleavor\n|\n|-heal|p1a: Zamazenta|80\/100|[from] item: Leftovers\n|upkeep\n|\n|t:|1701024884\n|switch|p2a: Sableye|Sableye, M|91\/100\n|turn|20\n|\n|t:|1701024894\n|move|p2a: Sableye|Will-O-Wisp|p1a: Zamazenta\n|-status|p1a: Zamazenta|brn\n|move|p1a: Zamazenta|Substitute|p1a: Zamazenta\n|-start|p1a: Zamazenta|Substitute\n|-damage|p1a: Zamazenta|55\/100 brn\n|\n|-heal|p1a: Zamazenta|61\/100 brn|[from] item: Leftovers\n|-heal|p2a: Sableye|98\/100|[from] item: Leftovers\n|-damage|p1a: Zamazenta|55\/100 brn|[from] brn\n|upkeep\n|turn|21\n|\n|t:|1701024904\n|move|p1a: Zamazenta|Iron Defense|p1a: Zamazenta\n|-boost|p1a: Zamazenta|def|2\n|move|p2a: Sableye|Knock Off|p1a: Zamazenta\n|-resisted|p1a: Zamazenta\n|-activate|p1a: Zamazenta|move: Substitute|[damage]\n|\n|-heal|p1a: Zamazenta|61\/100 brn|[from] item: Leftovers\n|-heal|p2a: Sableye|100\/100|[from] item: Leftovers\n|-damage|p1a: Zamazenta|55\/100 brn|[from] brn\n|upkeep\n|turn|22\n|\n|t:|1701024913\n|move|p1a: Zamazenta|Iron Defense|p1a: Zamazenta\n|-boost|p1a: Zamazenta|def|2\n|move|p2a: Sableye|Knock Off|p1a: Zamazenta\n|-resisted|p1a: Zamazenta\n|-activate|p1a: Zamazenta|move: Substitute|[damage]\n|\n|-heal|p1a: Zamazenta|61\/100 brn|[from] item: Leftovers\n|-damage|p1a: Zamazenta|55\/100 brn|[from] brn\n|upkeep\n|turn|23\n|\n|t:|1701024922\n|move|p1a: Zamazenta|Crunch|p2a: Sableye\n|-damage|p2a: Sableye|85\/100\n|move|p2a: Sableye|Knock Off|p1a: Zamazenta\n|-resisted|p1a: Zamazenta\n|-activate|p1a: Zamazenta|move: Substitute|[damage]\n|\n|-heal|p1a: Zamazenta|61\/100 brn|[from] item: Leftovers\n|-heal|p2a: Sableye|91\/100|[from] item: Leftovers\n|-damage|p1a: Zamazenta|55\/100 brn|[from] brn\n|upkeep\n|turn|24\n|\n|t:|1701024932\n|move|p1a: Zamazenta|Crunch|p2a: Sableye\n|-damage|p2a: Sableye|76\/100\n|move|p2a: Sableye|Knock Off|p1a: Zamazenta\n|-resisted|p1a: Zamazenta\n|-activate|p1a: Zamazenta|move: Substitute|[damage]\n|\n|-heal|p1a: Zamazenta|61\/100 brn|[from] item: Leftovers\n|-heal|p2a: Sableye|82\/100|[from] item: Leftovers\n|-damage|p1a: Zamazenta|55\/100 brn|[from] brn\n|upkeep\n|turn|25\n|\n|t:|1701024943\n|move|p1a: Zamazenta|Crunch|p2a: Sableye\n|-damage|p2a: Sableye|68\/100\n|move|p2a: Sableye|Knock Off|p1a: Zamazenta\n|-resisted|p1a: Zamazenta\n|-activate|p1a: Zamazenta|move: Substitute|[damage]\n|\n|-heal|p1a: Zamazenta|61\/100 brn|[from] item: Leftovers\n|-heal|p2a: Sableye|74\/100|[from] item: Leftovers\n|-damage|p1a: Zamazenta|55\/100 brn|[from] brn\n|upkeep\n|turn|26\n|\n|t:|1701024955\n|move|p1a: Zamazenta|Crunch|p2a: Sableye\n|-damage|p2a: Sableye|59\/100\n|move|p2a: Sableye|Knock Off|p1a: Zamazenta\n|-resisted|p1a: Zamazenta\n|-activate|p1a: Zamazenta|move: Substitute|[damage]\n|\n|-heal|p1a: Zamazenta|61\/100 brn|[from] item: Leftovers\n|-heal|p2a: Sableye|65\/100|[from] item: Leftovers\n|-damage|p1a: Zamazenta|55\/100 brn|[from] brn\n|upkeep\n|turn|27\n|\n|t:|1701024965\n|move|p1a: Zamazenta|Crunch|p2a: Sableye\n|-damage|p2a: Sableye|50\/100\n|move|p2a: Sableye|Knock Off|p1a: Zamazenta\n|-resisted|p1a: Zamazenta\n|-activate|p1a: Zamazenta|move: Substitute|[damage]\n|\n|-heal|p1a: Zamazenta|61\/100 brn|[from] item: Leftovers\n|-heal|p2a: Sableye|57\/100|[from] item: Leftovers\n|-damage|p1a: Zamazenta|55\/100 brn|[from] brn\n|upkeep\n|turn|28\n|\n|t:|1701024982\n|move|p1a: Zamazenta|Crunch|p2a: Sableye\n|-damage|p2a: Sableye|41\/100\n|move|p2a: Sableye|Knock Off|p1a: Zamazenta\n|-resisted|p1a: Zamazenta\n|-activate|p1a: Zamazenta|move: Substitute|[damage]\n|\n|-heal|p1a: Zamazenta|61\/100 brn|[from] item: Leftovers\n|-heal|p2a: Sableye|47\/100|[from] item: Leftovers\n|-damage|p1a: Zamazenta|55\/100 brn|[from] brn\n|upkeep\n|turn|29\n|\n|t:|1701025010\n|switch|p2a: Krampus|Grimmsnarl, M|100\/100\n|move|p1a: Zamazenta|Crunch|p2a: Krampus\n|-resisted|p2a: Krampus\n|-damage|p2a: Krampus|97\/100\n|-unboost|p2a: Krampus|def|1\n|\n|-heal|p1a: Zamazenta|61\/100 brn|[from] item: Leftovers\n|-damage|p1a: Zamazenta|55\/100 brn|[from] brn\n|upkeep\n|turn|30\n|\n|t:|1701025021\n|move|p1a: Zamazenta|Body Press|p2a: Krampus\n|-damage|p2a: Krampus|0 fnt\n|faint|p2a: Krampus\n|\n|-heal|p1a: Zamazenta|61\/100 brn|[from] item: Leftovers\n|-damage|p1a: Zamazenta|55\/100 brn|[from] brn\n|upkeep\n|\n|t:|1701025028\n|switch|p2a: Sableye|Sableye, M|47\/100\n|turn|31\n|\n|t:|1701025044\n|move|p1a: Zamazenta|Crunch|p2a: Sableye\n|-damage|p2a: Sableye|31\/100\n|move|p2a: Sableye|Knock Off|p1a: Zamazenta\n|-resisted|p1a: Zamazenta\n|-end|p1a: Zamazenta|Substitute\n|\n|-heal|p1a: Zamazenta|61\/100 brn|[from] item: Leftovers\n|-heal|p2a: Sableye|37\/100|[from] item: Leftovers\n|-damage|p1a: Zamazenta|55\/100 brn|[from] brn\n|upkeep\n|turn|32\n|\n|t:|1701025055\n|move|p2a: Sableye|Taunt|p1a: Zamazenta\n|-start|p1a: Zamazenta|move: Taunt\n|cant|p1a: Zamazenta|move: Taunt|Substitute\n|\n|-heal|p1a: Zamazenta|61\/100 brn|[from] item: Leftovers\n|-heal|p2a: Sableye|44\/100|[from] item: Leftovers\n|-damage|p1a: Zamazenta|55\/100 brn|[from] brn\n|upkeep\n|turn|33\n|\n|t:|1701025063\n|move|p1a: Zamazenta|Crunch|p2a: Sableye\n|-damage|p2a: Sableye|28\/100\n|move|p2a: Sableye|Knock Off|p1a: Zamazenta\n|-resisted|p1a: Zamazenta\n|-damage|p1a: Zamazenta|52\/100 brn\n|-enditem|p1a: Zamazenta|Leftovers|[from] move: Knock Off|[of] p2a: Sableye\n|\n|-heal|p2a: Sableye|34\/100|[from] item: Leftovers\n|-damage|p1a: Zamazenta|45\/100 brn|[from] brn\n|upkeep\n|turn|34\n|\n|t:|1701025074\n|move|p2a: Sableye|Pain Split|p1a: Zamazenta\n|-sethp|p1a: Zamazenta|36\/100 brn|[from] move: Pain Split|[silent]\n|-sethp|p2a: Sableye|46\/100|[from] move: Pain Split\n|move|p1a: Zamazenta|Crunch|p2a: Sableye\n|-damage|p2a: Sableye|31\/100\n|-unboost|p2a: Sableye|def|1\n|\n|-heal|p2a: Sableye|37\/100|[from] item: Leftovers\n|-damage|p1a: Zamazenta|30\/100 brn|[from] brn\n|-end|p1a: Zamazenta|move: Taunt\n|upkeep\n|turn|35\n|\n|t:|1701025085\n|move|p2a: Sableye|Taunt|p1a: Zamazenta\n|-start|p1a: Zamazenta|move: Taunt\n|move|p1a: Zamazenta|Crunch|p2a: Sableye\n|-damage|p2a: Sableye|13\/100\n|\n|-heal|p2a: Sableye|19\/100|[from] item: Leftovers\n|-damage|p1a: Zamazenta|24\/100 brn|[from] brn\n|upkeep\n|turn|36\n|\n|t:|1701025094\n|move|p2a: Sableye|Pain Split|p1a: Zamazenta\n|-sethp|p1a: Zamazenta|19\/100 brn|[from] move: Pain Split|[silent]\n|-sethp|p2a: Sableye|25\/100|[from] move: Pain Split\n|move|p1a: Zamazenta|Crunch|p2a: Sableye\n|-damage|p2a: Sableye|1\/100\n|\n|-heal|p2a: Sableye|7\/100|[from] item: Leftovers\n|-damage|p1a: Zamazenta|13\/100 brn|[from] brn\n|upkeep\n|turn|37\n|\n|t:|1701025120\n|move|p1a: Zamazenta|Crunch|p2a: Sableye\n|-damage|p2a: Sableye|0 fnt\n|faint|p2a: Sableye\n|\n|win|tbor2002\n","uploadtime":1701025129,"views":1,"p1id":"tbor2002","p2id":"lunchbox5536","formatid":"gen9nationaldex","rating":0,"private":0,"password":""}