{"id":"gen9nationaldex-1987334404","p1":"Jor99fran","p2":"Pokerotto","format":"[Gen 9] National Dex","log":"|j|\u2606Jor99fran\n|j|\u2606Pokerotto\n|t:|1699578733\n|gametype|singles\n|player|p1|Jor99fran|169|\n|player|p2|Pokerotto|marnie|\n|teamsize|p1|6\n|teamsize|p2|6\n|gen|9\n|tier|[Gen 9] National Dex\n|rule|HP Percentage Mod: HP is shown in percentages\n|rule|Endless Battle Clause: Forcing endless battles is banned\n|rule|OHKO Clause: OHKO moves are banned\n|rule|Evasion Clause: Evasion abilities, items, and moves are banned\n|rule|Evasion Abilities Clause: Evasion abilities are banned\n|rule|Evasion Items Clause: Evasion items are banned\n|rule|Evasion Moves Clause: Evasion moves are banned\n|rule|Species Clause: Limit one of each Pok\u00e9mon\n|rule|Sleep Clause Mod: Limit one foe put to sleep\n|clearpoke\n|poke|p1|Lucario, M|\n|poke|p1|Toxapex, M|\n|poke|p1|Aegislash, F|\n|poke|p1|Dragonite, M|\n|poke|p1|Aerodactyl, M|\n|poke|p1|Mimikyu, F|\n|poke|p2|Gallade, M|\n|poke|p2|Indeedee, M|\n|poke|p2|Gardevoir, F|\n|poke|p2|Exeggutor, M|\n|poke|p2|Victini|\n|poke|p2|Hatterene, F|\n|teampreview\n|\n|t:|1699578751\n|start\n|switch|p1a: Toxapex|Toxapex, M|100\/100\n|switch|p2a: Webos|Exeggutor, M|100\/100\n|turn|1\n|\n|t:|1699578762\n|move|p2a: Webos|Substitute|p2a: Webos\n|-start|p2a: Webos|Substitute\n|-damage|p2a: Webos|76\/100\n|move|p1a: Toxapex|Toxic Spikes|p2a: Webos\n|-sidestart|p2: Pokerotto|move: Toxic Spikes\n|\n|upkeep\n|turn|2\n|\n|t:|1699578775\n|move|p2a: Webos|Leech Seed|p1a: Toxapex\n|-start|p1a: Toxapex|move: Leech Seed\n|move|p1a: Toxapex|Toxic Spikes|p2a: Webos\n|-sidestart|p2: Pokerotto|move: Toxic Spikes\n|\n|-damage|p1a: Toxapex|88\/100|[from] Leech Seed|[of] p2a: Webos\n|-heal|p2a: Webos|87\/100|[silent]\n|upkeep\n|turn|3\n|\n|t:|1699578784\n|move|p2a: Webos|Expanding Force|p1a: Toxapex\n|-supereffective|p1a: Toxapex\n|-damage|p1a: Toxapex|46\/100\n|move|p1a: Toxapex|Scald|p2a: Webos\n|-resisted|p2a: Webos\n|-activate|p2a: Webos|move: Substitute|[damage]\n|\n|-heal|p1a: Toxapex|52\/100|[from] item: Black Sludge\n|-damage|p1a: Toxapex|40\/100|[from] Leech Seed|[of] p2a: Webos\n|-heal|p2a: Webos|99\/100|[silent]\n|upkeep\n|turn|4\n|\n|t:|1699578805\n|move|p2a: Webos|Expanding Force|p1a: Toxapex\n|-supereffective|p1a: Toxapex\n|-damage|p1a: Toxapex|0 fnt\n|faint|p1a: Toxapex\n|\n|upkeep\n|\n|t:|1699578812\n|switch|p1a: Aegislash|Aegislash, F|100\/100\n|turn|5\n|\n|t:|1699578822\n|move|p2a: Webos|Leech Seed|p1a: Aegislash\n|-start|p1a: Aegislash|move: Leech Seed\n|-formechange|p1a: Aegislash|Aegislash-Blade||[from] ability: Stance Change\n|move|p1a: Aegislash|Gyro Ball|p2a: Webos\n|-end|p2a: Webos|Substitute\n|\n|-damage|p1a: Aegislash|88\/100|[from] Leech Seed|[of] p2a: Webos\n|-heal|p2a: Webos|100\/100|[silent]\n|upkeep\n|turn|6\n|\n|t:|1699578834\n|switch|p2a: Indeed|Indeedee, M|100\/100\n|-status|p2a: Indeed|tox\n|-fieldstart|move: Psychic Terrain|[from] ability: Psychic Surge|[of] p2a: Indeed\n|-formechange|p1a: Aegislash|Aegislash||[from] ability: Stance Change\n|move|p1a: Aegislash|King's Shield||[still]\n|-fail|p1a: Aegislash\n|\n|-damage|p1a: Aegislash|76\/100|[from] Leech Seed|[of] p2a: Indeed\n|-damage|p2a: Indeed|94\/100 tox|[from] psn\n|upkeep\n|turn|7\n|j| N3ROZ3RO\n|\n|t:|1699578849\n|move|p2a: Indeed|Shadow Ball|p1a: Aegislash\n|-supereffective|p1a: Aegislash\n|-damage|p1a: Aegislash|38\/100\n|-damage|p2a: Indeed|84\/100 tox|[from] item: Life Orb\n|-formechange|p1a: Aegislash|Aegislash-Blade||[from] ability: Stance Change\n|move|p1a: Aegislash|Gyro Ball|p2a: Indeed\n|-damage|p2a: Indeed|0 fnt\n|faint|p2a: Indeed\n|\n|upkeep\n|\n|t:|1699578878\n|switch|p2a: Saitama|Gallade, M, shiny|100\/100\n|-status|p2a: Saitama|tox\n|turn|8\n|\n|t:|1699578892\n|-formechange|p1a: Aegislash|Aegislash||[from] ability: Stance Change\n|move|p1a: Aegislash|King's Shield|p1a: Aegislash\n|-singleturn|p1a: Aegislash|Protect\n|move|p2a: Saitama|Knock Off|p1a: Aegislash\n|-activate|p1a: Aegislash|move: Protect\n|-unboost|p2a: Saitama|atk|1\n|\n|-damage|p1a: Aegislash|26\/100|[from] Leech Seed|[of] p2a: Saitama\n|-damage|p2a: Saitama|94\/100 tox|[from] psn\n|upkeep\n|turn|9\n|l| N3ROZ3RO\n|\n|t:|1699578905\n|move|p2a: Saitama|Knock Off|p1a: Aegislash\n|-supereffective|p1a: Aegislash\n|-damage|p1a: Aegislash|0 fnt\n|-enditem|p1a: Aegislash|Iron Ball|[from] move: Knock Off|[of] p2a: Saitama\n|faint|p1a: Aegislash\n|\n|-damage|p2a: Saitama|82\/100 tox|[from] psn\n|upkeep\n|\n|t:|1699578919\n|switch|p1a: Dragonite|Dragonite, M|100\/100\n|turn|10\n|\n|t:|1699578937\n|detailschange|p2a: Saitama|Gallade-Mega, M, shiny\n|-mega|p2a: Saitama|Gallade|Galladite\n|move|p2a: Saitama|Knock Off|p1a: Dragonite\n|-damage|p1a: Dragonite|86\/100\n|-enditem|p1a: Dragonite|Heavy-Duty Boots|[from] move: Knock Off|[of] p2a: Saitama\n|move|p1a: Dragonite|Dragon Dance|p1a: Dragonite\n|-boost|p1a: Dragonite|atk|1\n|-boost|p1a: Dragonite|spe|1\n|\n|-damage|p2a: Saitama|64\/100 tox|[from] psn\n|-fieldend|move: Psychic Terrain\n|upkeep\n|turn|11\n|j| N3ROZ3RO\n|\n|t:|1699578967\n|move|p1a: Dragonite|Earthquake|p2a: Saitama\n|-damage|p2a: Saitama|0 fnt\n|faint|p2a: Saitama\n|\n|upkeep\n|\n|t:|1699578974\n|switch|p2a: Sor Juana|Gardevoir, F|100\/100\n|-status|p2a: Sor Juana|tox\n|-ability|p2a: Sor Juana|Multiscale|[from] ability: Trace|[of] p1a: Dragonite\n|turn|12\n|\n|t:|1699578982\n|-terastallize|p1a: Dragonite|Normal\n|move|p1a: Dragonite|Earthquake|p2a: Sor Juana\n|-damage|p2a: Sor Juana|57\/100 tox\n|move|p2a: Sor Juana|Moonblast|p1a: Dragonite\n|-damage|p1a: Dragonite|30\/100\n|\n|-damage|p2a: Sor Juana|51\/100 tox|[from] psn\n|upkeep\n|turn|13\n|\n|t:|1699578999\n|switch|p2a: Webos|Exeggutor, M|100\/100\n|-status|p2a: Webos|tox\n|move|p1a: Dragonite|Extreme Speed|p2a: Webos\n|-damage|p2a: Webos|45\/100 tox\n|-enditem|p2a: Webos|Sitrus Berry|[eat]\n|-heal|p2a: Webos|70\/100 tox|[from] item: Sitrus Berry\n|\n|-damage|p2a: Webos|64\/100 tox|[from] psn\n|upkeep\n|turn|14\n|\n|t:|1699579011\n|move|p1a: Dragonite|Extreme Speed|p2a: Webos\n|-damage|p2a: Webos|10\/100 tox\n|move|p2a: Webos|Leech Seed|p1a: Dragonite\n|-start|p1a: Dragonite|move: Leech Seed\n|\n|-damage|p1a: Dragonite|18\/100|[from] Leech Seed|[of] p2a: Webos\n|-heal|p2a: Webos|22\/100 tox|[silent]\n|-damage|p2a: Webos|10\/100 tox|[from] psn\n|-item|p2a: Webos|Sitrus Berry|[from] ability: Harvest\n|upkeep\n|-enditem|p2a: Webos|Sitrus Berry|[eat]\n|-heal|p2a: Webos|35\/100 tox|[from] item: Sitrus Berry\n|turn|15\n|\n|t:|1699579027\n|move|p1a: Dragonite|Extreme Speed|p2a: Webos\n|-damage|p2a: Webos|0 fnt\n|faint|p2a: Webos\n|\n|upkeep\n|\n|t:|1699579036\n|switch|p2a: Mugiwara no luffy|Hatterene, F|100\/100\n|-status|p2a: Mugiwara no luffy|tox\n|turn|16\n|\n|t:|1699579047\n|move|p1a: Dragonite|Outrage|p2a: Mugiwara no luffy\n|-immune|p2a: Mugiwara no luffy\n|move|p2a: Mugiwara no luffy|Dazzling Gleam|p1a: Dragonite\n|-damage|p1a: Dragonite|0 fnt\n|faint|p1a: Dragonite\n|\n|-damage|p2a: Mugiwara no luffy|95\/100 tox|[from] psn\n|upkeep\n|\n|t:|1699579058\n|switch|p1a: Lucario|Lucario, M|100\/100\n|turn|17\n|\n|t:|1699579072\n|move|p1a: Lucario|Focus Blast|p2a: Mugiwara no luffy|[miss]\n|-miss|p1a: Lucario|p2a: Mugiwara no luffy\n|move|p2a: Mugiwara no luffy|Mystical Fire|p1a: Lucario\n|-supereffective|p1a: Lucario\n|-damage|p1a: Lucario|26\/100\n|-unboost|p1a: Lucario|spa|1\n|\n|-heal|p2a: Mugiwara no luffy|100\/100 tox|[from] item: Leftovers\n|-damage|p2a: Mugiwara no luffy|89\/100 tox|[from] psn\n|upkeep\n|turn|18\n|\n|t:|1699579083\n|move|p1a: Lucario|Focus Blast|p2a: Mugiwara no luffy|[miss]\n|-miss|p1a: Lucario|p2a: Mugiwara no luffy\n|move|p2a: Mugiwara no luffy|Mystical Fire|p1a: Lucario\n|-supereffective|p1a: Lucario\n|-damage|p1a: Lucario|0 fnt\n|faint|p1a: Lucario\n|\n|-heal|p2a: Mugiwara no luffy|95\/100 tox|[from] item: Leftovers\n|-damage|p2a: Mugiwara no luffy|77\/100 tox|[from] psn\n|upkeep\n|\n|t:|1699579098\n|switch|p1a: Aerodactyl|Aerodactyl, M|100\/100\n|turn|19\n|\n|t:|1699579110\n|detailschange|p1a: Aerodactyl|Aerodactyl-Mega, M\n|-mega|p1a: Aerodactyl|Aerodactyl|Aerodactylite\n|-terastallize|p2a: Mugiwara no luffy|Psychic\n|move|p1a: Aerodactyl|Ice Fang|p2a: Mugiwara no luffy\n|-damage|p2a: Mugiwara no luffy|45\/100 tox\n|move|p2a: Mugiwara no luffy|Expanding Force|p1a: Aerodactyl\n|-damage|p1a: Aerodactyl|45\/100\n|\n|-heal|p2a: Mugiwara no luffy|51\/100 tox|[from] item: Leftovers\n|-damage|p2a: Mugiwara no luffy|28\/100 tox|[from] psn\n|upkeep\n|turn|20\n|\n|t:|1699579123\n|move|p1a: Aerodactyl|Ice Fang|p2a: Mugiwara no luffy\n|-damage|p2a: Mugiwara no luffy|0 fnt\n|faint|p2a: Mugiwara no luffy\n|\n|upkeep\n|\n|t:|1699579132\n|switch|p2a: Sor Juana|Gardevoir, F|51\/100 tox\n|-ability|p2a: Sor Juana|Tough Claws|[from] ability: Trace|[of] p1a: Aerodactyl\n|turn|21\n|\n|t:|1699579142\n|move|p1a: Aerodactyl|Stone Edge|p2a: Sor Juana\n|-damage|p2a: Sor Juana|0 fnt\n|faint|p2a: Sor Juana\n|\n|upkeep\n|\n|t:|1699579147\n|switch|p2a: Hotline miami|Victini|100\/100\n|-status|p2a: Hotline miami|tox\n|turn|22\n|\n|t:|1699579159\n|move|p1a: Aerodactyl|Earthquake|p2a: Hotline miami\n|-supereffective|p2a: Hotline miami\n|-damage|p2a: Hotline miami|34\/100 tox\n|move|p2a: Hotline miami|Bolt Strike|p1a: Aerodactyl\n|-supereffective|p1a: Aerodactyl\n|-damage|p1a: Aerodactyl|0 fnt\n|faint|p1a: Aerodactyl\n|\n|-damage|p2a: Hotline miami|28\/100 tox|[from] psn\n|upkeep\n|\n|t:|1699579167\n|switch|p1a: Mimikyu|Mimikyu, F|100\/100\n|turn|23\n|\n|t:|1699579174\n|move|p2a: Hotline miami|Zen Headbutt|p1a: Mimikyu\n|-activate|p1a: Mimikyu|ability: Disguise\n|-damage|p1a: Mimikyu|100\/100\n|detailschange|p1a: Mimikyu|Mimikyu-Busted, F\n|-damage|p1a: Mimikyu|88\/100|[from] pokemon: Mimikyu-Busted\n|move|p1a: Mimikyu|Play Rough|p2a: Hotline miami\n|-resisted|p2a: Hotline miami\n|-damage|p2a: Hotline miami|2\/100 tox\n|-damage|p1a: Mimikyu|78\/100|[from] item: Life Orb\n|\n|-damage|p2a: Hotline miami|0 fnt|[from] psn\n|faint|p2a: Hotline miami\n|\n|win|Jor99fran\n|upkeep\n|l|\u2606Jor99fran\n|l|\u2606Pokerotto\n","uploadtime":1699579338,"views":7,"p1id":"jor99fran","p2id":"pokerotto","formatid":"gen9nationaldex","rating":0,"private":0,"password":""}