{"id":"gen9nationaldex-1988010967","p1":"D4ilos","p2":"Th3K1ng123","format":"[Gen 9] National Dex","log":"|j|\u2606D4ilos\n|j|\u2606Th3K1ng123\n|t:|1699658881\n|gametype|singles\n|player|p1|D4ilos|hugh|1098\n|player|p2|Th3K1ng123|turo|1193\n|teamsize|p1|6\n|teamsize|p2|6\n|gen|9\n|tier|[Gen 9] National Dex\n|rated|\n|rule|HP Percentage Mod: HP is shown in percentages\n|rule|Endless Battle Clause: Forcing endless battles is banned\n|rule|OHKO Clause: OHKO moves are banned\n|rule|Evasion Clause: Evasion abilities, items, and moves are banned\n|rule|Evasion Abilities Clause: Evasion abilities are banned\n|rule|Evasion Items Clause: Evasion items are banned\n|rule|Evasion Moves Clause: Evasion moves are banned\n|rule|Species Clause: Limit one of each Pok\u00e9mon\n|rule|Sleep Clause Mod: Limit one foe put to sleep\n|clearpoke\n|poke|p1|Blastoise, M|\n|poke|p1|Jolteon, M|\n|poke|p1|Gengar, F|\n|poke|p1|Snorlax, M|\n|poke|p1|Ninetales, F|\n|poke|p1|Dragonite, F|\n|poke|p2|Houndoom, M|\n|poke|p2|Espeon, M|\n|poke|p2|Raikou|\n|poke|p2|Tyranitar, M|\n|poke|p2|Kingdra, M|\n|poke|p2|Scizor, M|\n|teampreview\n|inactive|Battle timer is ON: inactive players will automatically lose when time's up. (requested by Th3K1ng123)\n|\n|t:|1699658908\n|start\n|switch|p1a: Jolteon|Jolteon, M|100\/100\n|switch|p2a: Pokezilla|Tyranitar, M, shiny|100\/100\n|-item|p1a: Jolteon|Air Balloon\n|-weather|Sandstorm|[from] ability: Sand Stream|[of] p2a: Pokezilla\n|turn|1\n|\n|t:|1699658916\n|move|p1a: Jolteon|Signal Beam|p2a: Pokezilla\n|-supereffective|p2a: Pokezilla\n|-damage|p2a: Pokezilla|68\/100\n|move|p2a: Pokezilla|Dragon Dance|p2a: Pokezilla\n|-boost|p2a: Pokezilla|atk|1\n|-boost|p2a: Pokezilla|spe|1\n|\n|-weather|Sandstorm|[upkeep]\n|-damage|p1a: Jolteon|95\/100|[from] Sandstorm\n|upkeep\n|turn|2\n|\n|t:|1699658925\n|switch|p1a: Snorlax|Snorlax, M, shiny|100\/100\n|move|p2a: Pokezilla|Crunch|p1a: Snorlax\n|-damage|p1a: Snorlax|38\/100\n|\n|-weather|Sandstorm|[upkeep]\n|-damage|p1a: Snorlax|31\/100|[from] Sandstorm\n|-heal|p1a: Snorlax|38\/100|[from] item: Leftovers\n|upkeep\n|turn|3\n|\n|t:|1699658935\n|move|p1a: Snorlax|Protect|p1a: Snorlax\n|-singleturn|p1a: Snorlax|Protect\n|move|p2a: Pokezilla|Crunch|p1a: Snorlax\n|-activate|p1a: Snorlax|move: Protect\n|\n|-weather|Sandstorm|[upkeep]\n|-damage|p1a: Snorlax|31\/100|[from] Sandstorm\n|-heal|p1a: Snorlax|38\/100|[from] item: Leftovers\n|upkeep\n|turn|4\n|\n|t:|1699658943\n|move|p2a: Pokezilla|Crunch|p1a: Snorlax\n|-damage|p1a: Snorlax|0 fnt\n|faint|p1a: Snorlax\n|\n|-weather|Sandstorm|[upkeep]\n|upkeep\n|\n|t:|1699658949\n|switch|p1a: Gengar|Gengar, F, shiny|100\/100\n|turn|5\n|\n|t:|1699658953\n|move|p2a: Pokezilla|Earthquake|p1a: Gengar\n|-supereffective|p1a: Gengar\n|-damage|p1a: Gengar|0 fnt\n|-start|p2a: Pokezilla|Disable|Earthquake|[from] ability: Cursed Body|[of] p1a: Gengar\n|faint|p1a: Gengar\n|\n|-weather|Sandstorm|[upkeep]\n|upkeep\n|\n|t:|1699658956\n|switch|p1a: Blastoise|Blastoise, M|100\/100\n|turn|6\n|\n|t:|1699658967\n|move|p2a: Pokezilla|Crunch|p1a: Blastoise\n|-damage|p1a: Blastoise|36\/100\n|move|p1a: Blastoise|Aura Sphere|p2a: Pokezilla\n|-supereffective|p2a: Pokezilla\n|-damage|p2a: Pokezilla|14\/100\n|\n|-weather|Sandstorm|[upkeep]\n|-damage|p1a: Blastoise|30\/100|[from] Sandstorm\n|-heal|p1a: Blastoise|36\/100|[from] item: Leftovers\n|upkeep\n|turn|7\n|\n|t:|1699658976\n|move|p2a: Pokezilla|Crunch|p1a: Blastoise\n|-damage|p1a: Blastoise|0 fnt\n|faint|p1a: Blastoise\n|\n|-weather|Sandstorm|[upkeep]\n|upkeep\n|\n|t:|1699658981\n|switch|p1a: Dragonite|Dragonite, F|100\/100\n|turn|8\n|\n|t:|1699658987\n|-terastallize|p2a: Pokezilla|Ghost\n|move|p2a: Pokezilla|Ice Punch|p1a: Dragonite\n|-supereffective|p1a: Dragonite\n|-damage|p1a: Dragonite|16\/100\n|move|p1a: Dragonite|Dragon Dance|p1a: Dragonite\n|-boost|p1a: Dragonite|atk|1\n|-boost|p1a: Dragonite|spe|1\n|\n|-weather|none\n|-end|p2a: Pokezilla|Disable\n|upkeep\n|turn|9\n|\n|t:|1699658996\n|move|p1a: Dragonite|Earthquake|p2a: Pokezilla\n|-damage|p2a: Pokezilla|0 fnt\n|faint|p2a: Pokezilla\n|\n|upkeep\n|\n|t:|1699659000\n|switch|p2a: Claws|Scizor, M, shiny|100\/100\n|turn|10\n|\n|t:|1699659004\n|move|p2a: Claws|Bullet Punch|p1a: Dragonite\n|-damage|p1a: Dragonite|0 fnt\n|faint|p1a: Dragonite\n|\n|upkeep\n|\n|t:|1699659008\n|switch|p1a: Ninetales|Ninetales, F, shiny|100\/100\n|-weather|SunnyDay|[from] ability: Drought|[of] p1a: Ninetales\n|turn|11\n|\n|t:|1699659013\n|switch|p2a: Doge|Houndoom, M, shiny|100\/100\n|move|p1a: Ninetales|Flamethrower|p2a: Doge\n|-start|p2a: Doge|ability: Flash Fire\n|\n|-weather|SunnyDay|[upkeep]\n|upkeep\n|turn|12\n|\n|t:|1699659022\n|detailschange|p2a: Doge|Houndoom-Mega, M, shiny\n|-mega|p2a: Doge|Houndoom|Houndoominite\n|-end|p2a: Doge|ability: Flash Fire|[silent]\n|move|p2a: Doge|Dark Pulse|p1a: Ninetales\n|-damage|p1a: Ninetales|27\/100\n|move|p1a: Ninetales|Shadow Ball|p2a: Doge\n|-resisted|p2a: Doge\n|-damage|p2a: Doge|88\/100\n|\n|-weather|SunnyDay|[upkeep]\n|-damage|p2a: Doge|76\/100|[from] ability: Solar Power|[of] p2a: Doge\n|upkeep\n|turn|13\n|\n|t:|1699659033\n|move|p2a: Doge|Dark Pulse|p1a: Ninetales\n|-damage|p1a: Ninetales|0 fnt\n|faint|p1a: Ninetales\n|\n|-weather|SunnyDay|[upkeep]\n|-damage|p2a: Doge|64\/100|[from] ability: Solar Power|[of] p2a: Doge\n|upkeep\n|\n|t:|1699659040\n|switch|p1a: Jolteon|Jolteon, M|95\/100\n|-item|p1a: Jolteon|Air Balloon\n|turn|14\n|\n|t:|1699659046\n|move|p1a: Jolteon|Thunder|p2a: Doge\n|-damage|p2a: Doge|0 fnt\n|faint|p2a: Doge\n|\n|-weather|SunnyDay|[upkeep]\n|upkeep\n|\n|t:|1699659061\n|switch|p2a: Sphynx|Espeon, M, shiny|100\/100\n|turn|15\n|\n|t:|1699659065\n|move|p1a: Jolteon|Signal Beam|p2a: Sphynx\n|-supereffective|p2a: Sphynx\n|-damage|p2a: Sphynx|43\/100\n|move|p2a: Sphynx|Psychic|p1a: Jolteon\n|-damage|p1a: Jolteon|19\/100\n|-enditem|p1a: Jolteon|Air Balloon\n|\n|-weather|SunnyDay|[upkeep]\n|upkeep\n|turn|16\n|\n|t:|1699659078\n|switch|p2a: Claws|Scizor, M, shiny|100\/100\n|move|p1a: Jolteon|Signal Beam|p2a: Claws\n|-resisted|p2a: Claws\n|-damage|p2a: Claws|89\/100\n|\n|-weather|SunnyDay|[upkeep]\n|-heal|p2a: Claws|95\/100|[from] item: Leftovers\n|upkeep\n|turn|17\n|\n|t:|1699659086\n|-terastallize|p1a: Jolteon|Electric\n|move|p2a: Claws|Bullet Punch|p1a: Jolteon\n|-resisted|p1a: Jolteon\n|-damage|p1a: Jolteon|0 fnt\n|faint|p1a: Jolteon\n|\n|win|Th3K1ng123\n|raw|D4ilos's rating: 1098 &rarr; <strong>1080<\/strong><br \/>(-18 for losing)\n|raw|Th3K1ng123's rating: 1193 &rarr; <strong>1211<\/strong><br \/>(+18 for winning)\n","uploadtime":1699659093,"views":4,"p1id":"d4ilos","p2id":"th3k1ng123","formatid":"gen9nationaldex","rating":1080,"private":0,"password":""}