{"id":"gen9nationaldex-1998051869","p1":"DampKitKat","p2":"The Loud House","format":"[Gen 9] National Dex","log":"|html|<div class=\"broadcast-blue\"><strong>[Gen 9] National Dex is currently suspecting Sneasler! For information on how to participate check out the <a href=\"https:\/\/www.smogon.com\/forums\/threads\/sv-national-dex-suspect-8-just-dance.3731534\/\">suspect thread<\/a>.<\/strong><\/div>\n|j|\u2606DampKitKat\n|j|\u2606The Loud House\n|t:|1700884036\n|gametype|singles\n|player|p1|DampKitKat|170|1078\n|player|p2|The Loud House|265|1050\n|teamsize|p1|6\n|teamsize|p2|6\n|gen|9\n|tier|[Gen 9] National Dex\n|rated|\n|rule|HP Percentage Mod: HP is shown in percentages\n|rule|Endless Battle Clause: Forcing endless battles is banned\n|rule|OHKO Clause: OHKO moves are banned\n|rule|Evasion Clause: Evasion abilities, items, and moves are banned\n|rule|Evasion Abilities Clause: Evasion abilities are banned\n|rule|Evasion Items Clause: Evasion items are banned\n|rule|Evasion Moves Clause: Evasion moves are banned\n|rule|Species Clause: Limit one of each Pok\u00e9mon\n|rule|Sleep Clause Mod: Limit one foe put to sleep\n|clearpoke\n|poke|p1|Blaziken, M|\n|poke|p1|Garganacl, F|\n|poke|p1|Swampert, F|\n|poke|p1|Tapu Koko|\n|poke|p1|Pelipper, M|\n|poke|p1|Eiscue, F|\n|poke|p2|Hippowdon, M|\n|poke|p2|Excadrill, F|\n|poke|p2|Latios, M|\n|poke|p2|Charizard, F|\n|poke|p2|Ferrothorn, M|\n|poke|p2|Weavile, F|\n|teampreview\n|\n|t:|1700884052\n|start\n|switch|p1a: Pelican-opener|Pelipper, M|100\/100\n|switch|p2a: Hippowdon|Hippowdon, M|100\/100\n|-weather|RainDance|[from] ability: Drizzle|[of] p1a: Pelican-opener\n|-weather|Sandstorm|[from] ability: Sand Stream|[of] p2a: Hippowdon\n|turn|1\n|inactive|Battle timer is ON: inactive players will automatically lose when time's up. (requested by The Loud House)\n|\n|t:|1700884091\n|switch|p1a: Big Timmy|Swampert, F|100\/100\n|switch|p2a: Ferrothorn|Ferrothorn, M|100\/100\n|\n|-weather|Sandstorm|[upkeep]\n|upkeep\n|turn|2\n|\n|t:|1700884102\n|switch|p1a: Pelican-opener|Pelipper, M|100\/100\n|-weather|RainDance|[from] ability: Drizzle|[of] p1a: Pelican-opener\n|move|p2a: Ferrothorn|Gyro Ball|p1a: Pelican-opener\n|-resisted|p1a: Pelican-opener\n|-damage|p1a: Pelican-opener|82\/100\n|\n|-weather|RainDance|[upkeep]\n|upkeep\n|turn|3\n|\n|t:|1700884109\n|move|p1a: Pelican-opener|Weather Ball|p2a: Ferrothorn\n|-resisted|p2a: Ferrothorn\n|-damage|p2a: Ferrothorn|79\/100\n|move|p2a: Ferrothorn|Spikes|p1a: Pelican-opener\n|-sidestart|p1: DampKitKat|Spikes\n|\n|-weather|RainDance|[upkeep]\n|-heal|p2a: Ferrothorn|85\/100|[from] item: Leftovers\n|upkeep\n|turn|4\n|\n|t:|1700884127\n|switch|p1a: John Johnson|Blaziken, M|100\/100\n|-damage|p1a: John Johnson|88\/100|[from] Spikes\n|move|p2a: Ferrothorn|Leech Seed|p1a: John Johnson|[miss]\n|-miss|p2a: Ferrothorn|p1a: John Johnson\n|\n|-weather|RainDance|[upkeep]\n|-heal|p2a: Ferrothorn|91\/100|[from] item: Leftovers\n|upkeep\n|turn|5\n|\n|t:|1700884139\n|switch|p2a: Latios|Latios, M|100\/100\n|move|p1a: John Johnson|Swords Dance|p1a: John Johnson\n|-boost|p1a: John Johnson|atk|2\n|\n|-weather|RainDance|[upkeep]\n|-ability|p1a: John Johnson|Speed Boost|boost\n|-boost|p1a: John Johnson|spe|1\n|upkeep\n|turn|6\n|\n|t:|1700884152\n|move|p1a: John Johnson|Close Combat|p2a: Latios\n|-resisted|p2a: Latios\n|-damage|p2a: Latios|23\/100\n|-unboost|p1a: John Johnson|def|1\n|-unboost|p1a: John Johnson|spd|1\n|move|p2a: Latios|Psyshock|p1a: John Johnson\n|-supereffective|p1a: John Johnson\n|-damage|p1a: John Johnson|0 fnt\n|faint|p1a: John Johnson\n|\n|-weather|RainDance|[upkeep]\n|upkeep\n|\n|t:|1700884168\n|switch|p1a: Tappy Bappy|Tapu Koko|100\/100\n|-damage|p1a: Tappy Bappy|88\/100|[from] Spikes\n|-fieldstart|move: Electric Terrain|[from] ability: Electric Surge|[of] p1a: Tappy Bappy\n|turn|7\n|\n|t:|1700884175\n|switch|p2a: Ferrothorn|Ferrothorn, M|91\/100\n|move|p1a: Tappy Bappy|Thunder|p2a: Ferrothorn\n|-resisted|p2a: Ferrothorn\n|-damage|p2a: Ferrothorn|70\/100\n|-status|p2a: Ferrothorn|par\n|\n|-weather|RainDance|[upkeep]\n|-heal|p2a: Ferrothorn|76\/100 par|[from] item: Leftovers\n|upkeep\n|turn|8\n|\n|t:|1700884193\n|switch|p1a: Big Timmy|Swampert, F|100\/100\n|-damage|p1a: Big Timmy|88\/100|[from] Spikes\n|move|p2a: Ferrothorn|Leech Seed|p1a: Big Timmy\n|-start|p1a: Big Timmy|move: Leech Seed\n|\n|-weather|RainDance|[upkeep]\n|-heal|p2a: Ferrothorn|82\/100 par|[from] item: Leftovers\n|-damage|p1a: Big Timmy|76\/100|[from] Leech Seed|[of] p2a: Ferrothorn\n|-heal|p2a: Ferrothorn|94\/100 par|[silent]\n|upkeep\n|turn|9\n|\n|t:|1700884206\n|detailschange|p1a: Big Timmy|Swampert-Mega, F\n|-mega|p1a: Big Timmy|Swampert|Swampertite\n|move|p1a: Big Timmy|Hydro Pump|p2a: Ferrothorn\n|-resisted|p2a: Ferrothorn\n|-damage|p2a: Ferrothorn|69\/100 par\n|move|p2a: Ferrothorn|Power Whip|p1a: Big Timmy\n|-supereffective|p1a: Big Timmy\n|-damage|p1a: Big Timmy|0 fnt\n|faint|p1a: Big Timmy\n|\n|-weather|none\n|-heal|p2a: Ferrothorn|75\/100 par|[from] item: Leftovers\n|upkeep\n|\n|t:|1700884217\n|switch|p1a: Pelican-opener|Pelipper, M|82\/100\n|-weather|RainDance|[from] ability: Drizzle|[of] p1a: Pelican-opener\n|turn|10\n|\n|t:|1700884224\n|move|p1a: Pelican-opener|Hidden Power|p2a: Ferrothorn\n|-damage|p2a: Ferrothorn|64\/100 par\n|move|p2a: Ferrothorn|Leech Seed|p1a: Pelican-opener|[miss]\n|-miss|p2a: Ferrothorn|p1a: Pelican-opener\n|\n|-weather|RainDance|[upkeep]\n|-heal|p2a: Ferrothorn|70\/100 par|[from] item: Leftovers\n|upkeep\n|turn|11\n|\n|t:|1700884231\n|move|p1a: Pelican-opener|Hurricane|p2a: Ferrothorn\n|-damage|p2a: Ferrothorn|38\/100 par\n|-start|p2a: Ferrothorn|confusion\n|-activate|p2a: Ferrothorn|confusion\n|move|p2a: Ferrothorn|Leech Seed|p1a: Pelican-opener\n|-start|p1a: Pelican-opener|move: Leech Seed\n|\n|-weather|RainDance|[upkeep]\n|-heal|p2a: Ferrothorn|44\/100 par|[from] item: Leftovers\n|-damage|p1a: Pelican-opener|70\/100|[from] Leech Seed|[of] p2a: Ferrothorn\n|-heal|p2a: Ferrothorn|55\/100 par|[silent]\n|-fieldend|move: Electric Terrain\n|upkeep\n|turn|12\n|\n|t:|1700884242\n|switch|p2a: Excadrill|Excadrill, F|100\/100\n|move|p1a: Pelican-opener|Hurricane|p2a: Excadrill\n|-resisted|p2a: Excadrill\n|-damage|p2a: Excadrill|66\/100\n|\n|-weather|RainDance|[upkeep]\n|-heal|p2a: Excadrill|72\/100|[from] item: Leftovers\n|-damage|p1a: Pelican-opener|57\/100|[from] Leech Seed|[of] p2a: Excadrill\n|-heal|p2a: Excadrill|83\/100|[silent]\n|upkeep\n|turn|13\n|\n|t:|1700884254\n|switch|p2a: Ferrothorn|Ferrothorn, M|55\/100 par\n|move|p1a: Pelican-opener|Weather Ball|p2a: Ferrothorn\n|-resisted|p2a: Ferrothorn\n|-damage|p2a: Ferrothorn|32\/100 par\n|\n|-weather|RainDance|[upkeep]\n|-heal|p2a: Ferrothorn|39\/100 par|[from] item: Leftovers\n|-damage|p1a: Pelican-opener|45\/100|[from] Leech Seed|[of] p2a: Ferrothorn\n|-heal|p2a: Ferrothorn|50\/100 par|[silent]\n|upkeep\n|turn|14\n|\n|t:|1700884266\n|move|p1a: Pelican-opener|Hurricane|p2a: Ferrothorn\n|-damage|p2a: Ferrothorn|14\/100 par\n|cant|p2a: Ferrothorn|par\n|\n|-weather|RainDance|[upkeep]\n|-heal|p2a: Ferrothorn|20\/100 par|[from] item: Leftovers\n|-damage|p1a: Pelican-opener|33\/100|[from] Leech Seed|[of] p2a: Ferrothorn\n|-heal|p2a: Ferrothorn|31\/100 par|[silent]\n|upkeep\n|turn|15\n|\n|t:|1700884274\n|switch|p2a: Excadrill|Excadrill, F|83\/100\n|move|p1a: Pelican-opener|Hurricane|p2a: Excadrill\n|-resisted|p2a: Excadrill\n|-damage|p2a: Excadrill|51\/100\n|-start|p2a: Excadrill|confusion\n|\n|-weather|RainDance|[upkeep]\n|-heal|p2a: Excadrill|57\/100|[from] item: Leftovers\n|-damage|p1a: Pelican-opener|20\/100|[from] Leech Seed|[of] p2a: Excadrill\n|-heal|p2a: Excadrill|68\/100|[silent]\n|upkeep\n|turn|16\n|\n|t:|1700884284\n|switch|p2a: Charizard|Charizard, F|100\/100\n|move|p1a: Pelican-opener|Hurricane|p2a: Charizard\n|-damage|p2a: Charizard|40\/100\n|\n|-weather|RainDance|[upkeep]\n|-damage|p1a: Pelican-opener|8\/100|[from] Leech Seed|[of] p2a: Charizard\n|-heal|p2a: Charizard|53\/100|[silent]\n|upkeep\n|turn|17\n|\n|t:|1700884293\n|switch|p1a: Tappy Bappy|Tapu Koko|88\/100\n|-damage|p1a: Tappy Bappy|76\/100|[from] Spikes\n|-fieldstart|move: Electric Terrain|[from] ability: Electric Surge|[of] p1a: Tappy Bappy\n|detailschange|p2a: Charizard|Charizard-Mega-X, F\n|-mega|p2a: Charizard|Charizard|Charizardite X\n|move|p2a: Charizard|Dragon Claw|p1a: Tappy Bappy\n|-immune|p1a: Tappy Bappy\n|\n|-weather|none\n|upkeep\n|turn|18\n|\n|t:|1700884306\n|switch|p2a: Hippowdon|Hippowdon, M|100\/100\n|-weather|Sandstorm|[from] ability: Sand Stream|[of] p2a: Hippowdon\n|move|p1a: Tappy Bappy|Volt Switch|p2a: Hippowdon\n|-immune|p2a: Hippowdon\n|\n|-weather|Sandstorm|[upkeep]\n|-damage|p1a: Tappy Bappy|70\/100|[from] Sandstorm\n|upkeep\n|turn|19\n|\n|t:|1700884315\n|switch|p1a: Pelican-opener|Pelipper, M|8\/100\n|-weather|RainDance|[from] ability: Drizzle|[of] p1a: Pelican-opener\n|move|p2a: Hippowdon|Whirlwind|p1a: Pelican-opener\n|drag|p1a: Eiscue|Eiscue, F|100\/100\n|-damage|p1a: Eiscue|88\/100|[from] Spikes\n|\n|-weather|RainDance|[upkeep]\n|upkeep\n|turn|20\n|\n|t:|1700884336\n|switch|p2a: Excadrill|Excadrill, F|68\/100\n|move|p1a: Eiscue|Belly Drum|p1a: Eiscue\n|-damage|p1a: Eiscue|38\/100\n|-setboost|p1a: Eiscue|atk|6|[from] move: Belly Drum\n|-enditem|p1a: Eiscue|Sitrus Berry|[eat]\n|-heal|p1a: Eiscue|63\/100|[from] item: Sitrus Berry\n|\n|-weather|RainDance|[upkeep]\n|-heal|p2a: Excadrill|74\/100|[from] item: Leftovers\n|upkeep\n|turn|21\n|\n|t:|1700884346\n|move|p2a: Excadrill|Iron Head|p1a: Eiscue\n|-activate|p1a: Eiscue|ability: Ice Face\n|-damage|p1a: Eiscue|63\/100\n|detailschange|p1a: Eiscue|Eiscue-Noice, F\n|move|p1a: Eiscue|Reversal|p2a: Excadrill\n|-supereffective|p2a: Excadrill\n|-damage|p2a: Excadrill|0 fnt\n|faint|p2a: Excadrill\n|\n|-weather|RainDance|[upkeep]\n|-fieldend|move: Electric Terrain\n|upkeep\n|\n|t:|1700884363\n|switch|p2a: Hippowdon|Hippowdon, M|100\/100\n|-weather|Sandstorm|[from] ability: Sand Stream|[of] p2a: Hippowdon\n|turn|22\n|\n|t:|1700884368\n|move|p1a: Eiscue|Reversal|p2a: Hippowdon\n|-damage|p2a: Hippowdon|73\/100\n|move|p2a: Hippowdon|Earthquake|p1a: Eiscue\n|-damage|p1a: Eiscue|10\/100\n|\n|-weather|Sandstorm|[upkeep]\n|-damage|p1a: Eiscue|4\/100|[from] Sandstorm\n|-heal|p2a: Hippowdon|79\/100|[from] item: Leftovers\n|upkeep\n|turn|23\n|\n|t:|1700884377\n|move|p1a: Eiscue|Icicle Crash|p2a: Hippowdon\n|-supereffective|p2a: Hippowdon\n|-damage|p2a: Hippowdon|0 fnt\n|faint|p2a: Hippowdon\n|\n|-weather|Sandstorm|[upkeep]\n|-damage|p1a: Eiscue|0 fnt|[from] Sandstorm\n|faint|p1a: Eiscue\n|upkeep\n|\n|t:|1700884387\n|switch|p1a: Pelican-opener|Pelipper, M|8\/100\n|switch|p2a: Latios|Latios, M|23\/100\n|-weather|RainDance|[from] ability: Drizzle|[of] p1a: Pelican-opener\n|turn|24\n|\n|t:|1700884394\n|move|p2a: Latios|Roost|p2a: Latios\n|-heal|p2a: Latios|73\/100\n|-singleturn|p2a: Latios|move: Roost\n|move|p1a: Pelican-opener|Weather Ball|p2a: Latios\n|-resisted|p2a: Latios\n|-damage|p2a: Latios|35\/100\n|\n|-weather|RainDance|[upkeep]\n|upkeep\n|turn|25\n|\n|t:|1700884405\n|move|p2a: Latios|Roost|p2a: Latios\n|-heal|p2a: Latios|85\/100\n|-singleturn|p2a: Latios|move: Roost\n|move|p1a: Pelican-opener|Hurricane|p2a: Latios\n|-damage|p2a: Latios|31\/100\n|\n|-weather|RainDance|[upkeep]\n|upkeep\n|turn|26\n|\n|t:|1700884411\n|move|p2a: Latios|Psyshock|p1a: Pelican-opener\n|-damage|p1a: Pelican-opener|0 fnt\n|faint|p1a: Pelican-opener\n|\n|-weather|RainDance|[upkeep]\n|upkeep\n|\n|t:|1700884417\n|switch|p1a: Tappy Bappy|Tapu Koko|70\/100\n|-damage|p1a: Tappy Bappy|57\/100|[from] Spikes\n|-fieldstart|move: Electric Terrain|[from] ability: Electric Surge|[of] p1a: Tappy Bappy\n|turn|27\n|\n|t:|1700884423\n|move|p1a: Tappy Bappy|Thunder|p2a: Latios\n|-resisted|p2a: Latios\n|-damage|p2a: Latios|0 fnt\n|faint|p2a: Latios\n|\n|-weather|RainDance|[upkeep]\n|upkeep\n|\n|t:|1700884433\n|switch|p2a: Ferrothorn|Ferrothorn, M|31\/100 par\n|turn|28\n|\n|t:|1700884455\n|move|p1a: Tappy Bappy|Thunder|p2a: Ferrothorn\n|-resisted|p2a: Ferrothorn\n|-damage|p2a: Ferrothorn|10\/100 par\n|move|p2a: Ferrothorn|Gyro Ball|p1a: Tappy Bappy\n|-damage|p1a: Tappy Bappy|0 fnt\n|faint|p1a: Tappy Bappy\n|\n|-weather|RainDance|[upkeep]\n|-heal|p2a: Ferrothorn|16\/100 par|[from] item: Leftovers\n|upkeep\n|\n|t:|1700884463\n|switch|p1a: Gargantuar|Garganacl, F|100\/100\n|-damage|p1a: Gargantuar|88\/100|[from] Spikes\n|turn|29\n|\n|t:|1700884468\n|move|p1a: Gargantuar|Iron Defense|p1a: Gargantuar\n|-boost|p1a: Gargantuar|def|2\n|move|p2a: Ferrothorn|Leech Seed|p1a: Gargantuar|[miss]\n|-miss|p2a: Ferrothorn|p1a: Gargantuar\n|\n|-weather|RainDance|[upkeep]\n|-heal|p1a: Gargantuar|94\/100|[from] item: Leftovers\n|-heal|p2a: Ferrothorn|23\/100 par|[from] item: Leftovers\n|upkeep\n|turn|30\n|\n|t:|1700884476\n|move|p1a: Gargantuar|Salt Cure|p2a: Ferrothorn\n|-resisted|p2a: Ferrothorn\n|-damage|p2a: Ferrothorn|18\/100 par\n|-start|p2a: Ferrothorn|Salt Cure\n|move|p2a: Ferrothorn|Leech Seed|p1a: Gargantuar|[miss]\n|-miss|p2a: Ferrothorn|p1a: Gargantuar\n|\n|-weather|RainDance|[upkeep]\n|-heal|p1a: Gargantuar|100\/100|[from] item: Leftovers\n|-heal|p2a: Ferrothorn|24\/100 par|[from] item: Leftovers\n|-damage|p2a: Ferrothorn|0 fnt|[from] Salt Cure\n|faint|p2a: Ferrothorn\n|upkeep\n|\n|t:|1700884483\n|switch|p2a: Charizard|Charizard-Mega-X, F|53\/100\n|turn|31\n|\n|t:|1700884489\n|move|p2a: Charizard|Dragon Dance|p2a: Charizard\n|-boost|p2a: Charizard|atk|1\n|-boost|p2a: Charizard|spe|1\n|move|p1a: Gargantuar|Salt Cure|p2a: Charizard\n|-supereffective|p2a: Charizard\n|-damage|p2a: Charizard|23\/100\n|-start|p2a: Charizard|Salt Cure\n|\n|-weather|none\n|-damage|p2a: Charizard|11\/100|[from] Salt Cure\n|-fieldend|move: Electric Terrain\n|upkeep\n|turn|32\n|\n|t:|1700884498\n|move|p2a: Charizard|Dragon Claw|p1a: Gargantuar\n|-damage|p1a: Gargantuar|77\/100\n|move|p1a: Gargantuar|Iron Defense|p1a: Gargantuar\n|-boost|p1a: Gargantuar|def|2\n|\n|-heal|p1a: Gargantuar|83\/100|[from] item: Leftovers\n|-damage|p2a: Charizard|0 fnt|[from] Salt Cure\n|faint|p2a: Charizard\n|upkeep\n|\n|t:|1700884501\n|switch|p2a: Weavile|Weavile, F|100\/100\n|-ability|p2a: Weavile|Pressure\n|turn|33\n|\n|t:|1700884513\n|-terastallize|p1a: Gargantuar|Ghost\n|move|p2a: Weavile|Low Kick|p1a: Gargantuar\n|-immune|p1a: Gargantuar\n|move|p1a: Gargantuar|Body Press|p2a: Weavile\n|-supereffective|p2a: Weavile\n|-damage|p2a: Weavile|0 fnt\n|faint|p2a: Weavile\n|\n|win|DampKitKat\n|raw|DampKitKat's rating: 1078 &rarr; <strong>1104<\/strong><br \/>(+26 for winning)\n|raw|The Loud House's rating: 1050 &rarr; <strong>1034<\/strong><br \/>(-16 for losing)\n|l|\u2606The Loud House\n","uploadtime":1700884527,"views":6,"p1id":"dampkitkat","p2id":"theloudhouse","formatid":"gen9nationaldex","rating":1034,"private":0,"password":""}