{"id":"gen9nationaldex-1987346049","p1":"jdmurph2001","p2":"ellim","format":"[Gen 9] National Dex","log":"|j|\u2606jdmurph2001\n|j|\u2606ellim\n|t:|1699580061\n|gametype|singles\n|player|p1|jdmurph2001|2|\n|player|p2|ellim|170|\n|teamsize|p1|6\n|teamsize|p2|6\n|gen|9\n|tier|[Gen 9] National Dex\n|rule|HP Percentage Mod: HP is shown in percentages\n|rule|Endless Battle Clause: Forcing endless battles is banned\n|rule|OHKO Clause: OHKO moves are banned\n|rule|Evasion Clause: Evasion abilities, items, and moves are banned\n|rule|Evasion Abilities Clause: Evasion abilities are banned\n|rule|Evasion Items Clause: Evasion items are banned\n|rule|Evasion Moves Clause: Evasion moves are banned\n|rule|Species Clause: Limit one of each Pok\u00e9mon\n|rule|Sleep Clause Mod: Limit one foe put to sleep\n|clearpoke\n|poke|p1|Manectric, M|\n|poke|p1|Politoed, M|\n|poke|p1|Kingdra, F|\n|poke|p1|Registeel|\n|poke|p1|Alomomola, F|\n|poke|p1|Articuno|\n|poke|p2|Altaria, F|\n|poke|p2|Ninetales-Alola, F|\n|poke|p2|Ditto|\n|poke|p2|Corsola-Galar, F|\n|poke|p2|Zebstrika, F|\n|poke|p2|Seismitoad, M|\n|teampreview\n|\n|t:|1699580082\n|start\n|switch|p1a: Pikachoo|Politoed, M|100\/100\n|switch|p2a: lazarus|Ninetales-Alola, F|100\/100\n|-weather|Snow|[from] ability: Snow Warning|[of] p2a: lazarus\n|-weather|RainDance|[from] ability: Drizzle|[of] p1a: Pikachoo\n|turn|1\n|\n|t:|1699580126\n|switch|p2a: newton|Seismitoad, M|100\/100\n|move|p1a: Pikachoo|Encore||[still]\n|-fail|p1a: Pikachoo\n|\n|-weather|RainDance|[upkeep]\n|upkeep\n|turn|2\n|\n|t:|1699580134\n|move|p2a: newton|Power Whip|p1a: Pikachoo|[miss]\n|-miss|p2a: newton|p1a: Pikachoo\n|move|p1a: Pikachoo|Scald|p2a: newton\n|-immune|p2a: newton|[from] ability: Water Absorb\n|\n|-weather|RainDance|[upkeep]\n|upkeep\n|turn|3\n|\n|t:|1699580151\n|switch|p1a: Ice bou|Articuno|100\/100\n|-ability|p1a: Ice bou|Pressure\n|move|p2a: newton|Stealth Rock|p1a: Ice bou\n|-sidestart|p1: jdmurph2001|move: Stealth Rock\n|\n|-weather|RainDance|[upkeep]\n|upkeep\n|turn|4\n|\n|t:|1699580174\n|switch|p2a: lazarus|Ninetales-Alola, F|100\/100\n|-weather|Snow|[from] ability: Snow Warning|[of] p2a: lazarus\n|move|p1a: Ice bou|Hurricane|p2a: lazarus\n|-damage|p2a: lazarus|49\/100\n|\n|-weather|Snow|[upkeep]\n|upkeep\n|turn|5\n|\n|t:|1699580186\n|switch|p1a: Pikachoo|Politoed, M|100\/100\n|-damage|p1a: Pikachoo|88\/100|[from] Stealth Rock\n|-weather|RainDance|[from] ability: Drizzle|[of] p1a: Pikachoo\n|move|p2a: lazarus|Aurora Veil||[still]\n|-fail|p2a: lazarus\n|\n|-weather|RainDance|[upkeep]\n|-heal|p1a: Pikachoo|94\/100|[from] item: Leftovers\n|upkeep\n|turn|6\n|\n|t:|1699580200\n|switch|p2a: mars|Corsola-Galar, F|100\/100\n|move|p1a: Pikachoo|Scald|p2a: mars\n|-damage|p2a: mars|80\/100\n|-status|p2a: mars|brn\n|\n|-weather|RainDance|[upkeep]\n|-heal|p1a: Pikachoo|100\/100|[from] item: Leftovers\n|-damage|p2a: mars|74\/100 brn|[from] brn\n|upkeep\n|turn|7\n|\n|t:|1699580216\n|move|p1a: Pikachoo|Encore||[still]\n|-fail|p1a: Pikachoo\n|move|p2a: mars|Will-O-Wisp|p1a: Pikachoo\n|-status|p1a: Pikachoo|brn\n|\n|-weather|RainDance|[upkeep]\n|-damage|p1a: Pikachoo|94\/100 brn|[from] brn\n|-damage|p2a: mars|67\/100 brn|[from] brn\n|upkeep\n|turn|8\n|\n|t:|1699580225\n|move|p1a: Pikachoo|Scald|p2a: mars\n|-damage|p2a: mars|48\/100 brn\n|move|p2a: mars|Curse|p1a: Pikachoo\n|-start|p1a: Pikachoo|Curse|[of] p2a: mars\n|-damage|p2a: mars|0 fnt\n|faint|p2a: mars\n|\n|-weather|RainDance|[upkeep]\n|-heal|p1a: Pikachoo|100\/100 brn|[from] item: Leftovers\n|-damage|p1a: Pikachoo|94\/100 brn|[from] brn\n|-damage|p1a: Pikachoo|69\/100 brn|[from] Curse\n|upkeep\n|\n|t:|1699580238\n|switch|p2a: lazarus|Ninetales-Alola, F|49\/100\n|-weather|Snow|[from] ability: Snow Warning|[of] p2a: lazarus\n|turn|9\n|\n|t:|1699580262\n|switch|p1a: WaterPikachu|Alomomola, F|100\/100\n|-damage|p1a: WaterPikachu|88\/100|[from] Stealth Rock\n|move|p2a: lazarus|Aurora Veil|p2a: lazarus\n|-sidestart|p2: ellim|move: Aurora Veil\n|\n|-weather|Snow|[upkeep]\n|-heal|p1a: WaterPikachu|94\/100|[from] item: Leftovers\n|upkeep\n|turn|10\n|j| Ms.Cream\n|\n|t:|1699580275\n|switch|p2a: bowie|Altaria, F|100\/100\n|move|p1a: WaterPikachu|Toxic|p2a: bowie\n|-status|p2a: bowie|tox\n|\n|-weather|Snow|[upkeep]\n|-heal|p1a: WaterPikachu|100\/100|[from] item: Leftovers\n|-damage|p2a: bowie|94\/100 tox|[from] psn\n|upkeep\n|turn|11\n|\n|t:|1699580289\n|move|p2a: bowie|Dragon Dance|p2a: bowie\n|-boost|p2a: bowie|atk|1\n|-boost|p2a: bowie|spe|1\n|move|p1a: WaterPikachu|Knock Off|p2a: bowie\n|-damage|p2a: bowie|86\/100 tox\n|\n|-weather|Snow|[upkeep]\n|-damage|p2a: bowie|74\/100 tox|[from] psn\n|upkeep\n|turn|12\n|\n|t:|1699580307\n|switch|p1a: Pickachuw|Registeel|100\/100\n|-damage|p1a: Pickachuw|94\/100|[from] Stealth Rock\n|detailschange|p2a: bowie|Altaria-Mega, F\n|-mega|p2a: bowie|Altaria|Altarianite\n|move|p2a: bowie|Return|p1a: Pickachuw\n|-resisted|p1a: Pickachuw\n|-damage|p1a: Pickachuw|65\/100\n|\n|-weather|Snow|[upkeep]\n|-heal|p1a: Pickachuw|71\/100|[from] item: Leftovers\n|-damage|p2a: bowie|55\/100 tox|[from] psn\n|upkeep\n|turn|13\n|\n|t:|1699580339\n|move|p2a: bowie|Earthquake|p1a: Pickachuw\n|-supereffective|p1a: Pickachuw\n|-damage|p1a: Pickachuw|3\/100\n|move|p1a: Pickachuw|Stealth Rock|p2a: bowie\n|-sidestart|p2: ellim|move: Stealth Rock\n|\n|-weather|none\n|-heal|p1a: Pickachuw|9\/100|[from] item: Leftovers\n|-damage|p2a: bowie|30\/100 tox|[from] psn\n|upkeep\n|turn|14\n|\n|t:|1699580360\n|move|p2a: bowie|Roost|p2a: bowie\n|-heal|p2a: bowie|81\/100 tox\n|-singleturn|p2a: bowie|move: Roost\n|move|p1a: Pickachuw|Seismic Toss|p2a: bowie\n|-damage|p2a: bowie|46\/100 tox\n|\n|-heal|p1a: Pickachuw|15\/100|[from] item: Leftovers\n|-damage|p2a: bowie|15\/100 tox|[from] psn\n|upkeep\n|turn|15\n|\n|t:|1699580371\n|move|p2a: bowie|Return|p1a: Pickachuw\n|-resisted|p1a: Pickachuw\n|-damage|p1a: Pickachuw|0 fnt\n|faint|p1a: Pickachuw\n|\n|-damage|p2a: bowie|0 fnt|[from] psn\n|faint|p2a: bowie\n|upkeep\n|\n|t:|1699580381\n|switch|p2a: lazarus|Ninetales-Alola, F|49\/100\n|switch|p1a: Pikachoo|Politoed, M|69\/100 brn\n|-damage|p2a: lazarus|25\/100|[from] Stealth Rock\n|-weather|Snow|[from] ability: Snow Warning|[of] p2a: lazarus\n|-damage|p1a: Pikachoo|57\/100 brn|[from] Stealth Rock\n|-weather|RainDance|[from] ability: Drizzle|[of] p1a: Pikachoo\n|turn|16\n|\n|t:|1699580395\n|move|p2a: lazarus|Freeze-Dry|p1a: Pikachoo\n|-supereffective|p1a: Pikachoo\n|-damage|p1a: Pikachoo|14\/100 brn\n|move|p1a: Pikachoo|Refresh|p1a: Pikachoo\n|-curestatus|p1a: Pikachoo|brn|[msg]\n|\n|-weather|RainDance|[upkeep]\n|-heal|p1a: Pikachoo|20\/100|[from] item: Leftovers\n|-sideend|p2: ellim|move: Aurora Veil\n|upkeep\n|turn|17\n|\n|t:|1699580404\n|move|p1a: Pikachoo|Protect|p1a: Pikachoo\n|-singleturn|p1a: Pikachoo|Protect\n|move|p2a: lazarus|Freeze-Dry|p1a: Pikachoo\n|-activate|p1a: Pikachoo|move: Protect\n|\n|-weather|RainDance|[upkeep]\n|-heal|p1a: Pikachoo|27\/100|[from] item: Leftovers\n|upkeep\n|turn|18\n|\n|t:|1699580417\n|switch|p1a: WaterPikachu|Alomomola, F|100\/100\n|-damage|p1a: WaterPikachu|88\/100|[from] Stealth Rock\n|move|p2a: lazarus|Freeze-Dry|p1a: WaterPikachu\n|-supereffective|p1a: WaterPikachu\n|-damage|p1a: WaterPikachu|43\/100\n|-status|p1a: WaterPikachu|frz\n|\n|-weather|RainDance|[upkeep]\n|-heal|p1a: WaterPikachu|49\/100 frz|[from] item: Leftovers\n|upkeep\n|turn|19\n|\n|t:|1699580442\n|move|p2a: lazarus|Freeze-Dry|p1a: WaterPikachu\n|-supereffective|p1a: WaterPikachu\n|-damage|p1a: WaterPikachu|2\/100 frz\n|cant|p1a: WaterPikachu|frz\n|\n|-weather|RainDance|[upkeep]\n|-heal|p1a: WaterPikachu|8\/100 frz|[from] item: Leftovers\n|upkeep\n|turn|20\n|\n|t:|1699580450\n|move|p2a: lazarus|Freeze-Dry|p1a: WaterPikachu\n|-supereffective|p1a: WaterPikachu\n|-crit|p1a: WaterPikachu\n|-damage|p1a: WaterPikachu|0 fnt\n|faint|p1a: WaterPikachu\n|\n|-weather|none\n|upkeep\n|\n|t:|1699580457\n|switch|p1a: Pikachoo|Politoed, M|27\/100\n|-damage|p1a: Pikachoo|14\/100|[from] Stealth Rock\n|-weather|RainDance|[from] ability: Drizzle|[of] p1a: Pikachoo\n|turn|21\n|\n|t:|1699580465\n|move|p2a: lazarus|Freeze-Dry|p1a: Pikachoo\n|-supereffective|p1a: Pikachoo\n|-damage|p1a: Pikachoo|0 fnt\n|faint|p1a: Pikachoo\n|\n|-weather|RainDance|[upkeep]\n|upkeep\n|\n|t:|1699580493\n|switch|p1a: Pikachiu|Kingdra, F|100\/100\n|-damage|p1a: Pikachiu|88\/100|[from] Stealth Rock\n|turn|22\n|\n|t:|1699580501\n|move|p1a: Pikachiu|Waterfall|p2a: lazarus\n|-damage|p2a: lazarus|0 fnt\n|faint|p2a: lazarus\n|\n|-weather|RainDance|[upkeep]\n|-heal|p1a: Pikachiu|94\/100|[from] item: Leftovers\n|upkeep\n|\n|t:|1699580516\n|switch|p2a: newton|Seismitoad, M|100\/100\n|-damage|p2a: newton|94\/100|[from] Stealth Rock\n|turn|23\n|\n|t:|1699580526\n|move|p1a: Pikachiu|Substitute|p1a: Pikachiu\n|-start|p1a: Pikachiu|Substitute\n|-damage|p1a: Pikachiu|70\/100\n|move|p2a: newton|Toxic||[still]\n|-fail|p2a: newton\n|\n|-weather|RainDance|[upkeep]\n|-heal|p1a: Pikachiu|76\/100|[from] item: Leftovers\n|-heal|p2a: newton|100\/100|[from] item: Leftovers\n|upkeep\n|turn|24\n|\n|t:|1699580541\n|move|p1a: Pikachiu|Dragon Dance|p1a: Pikachiu\n|-boost|p1a: Pikachiu|atk|1\n|-boost|p1a: Pikachiu|spe|1\n|move|p2a: newton|Power Whip|p1a: Pikachiu\n|-end|p1a: Pikachiu|Substitute\n|\n|-weather|RainDance|[upkeep]\n|-heal|p1a: Pikachiu|82\/100|[from] item: Leftovers\n|upkeep\n|turn|25\n|\n|t:|1699580550\n|move|p1a: Pikachiu|Outrage|p2a: newton\n|-damage|p2a: newton|13\/100\n|move|p2a: newton|Power Whip|p1a: Pikachiu\n|-crit|p1a: Pikachiu\n|-damage|p1a: Pikachiu|13\/100\n|\n|-weather|none\n|-heal|p1a: Pikachiu|19\/100|[from] item: Leftovers\n|-heal|p2a: newton|19\/100|[from] item: Leftovers\n|upkeep\n|turn|26\n|\n|t:|1699580559\n|move|p1a: Pikachiu|Outrage|p2a: newton|[from]lockedmove\n|-damage|p2a: newton|0 fnt\n|faint|p2a: newton\n|\n|-heal|p1a: Pikachiu|25\/100|[from] item: Leftovers\n|upkeep\n|\n|t:|1699580565\n|switch|p2a: jareth|Ditto, shiny|100\/100\n|-damage|p2a: jareth|88\/100|[from] Stealth Rock\n|-transform|p2a: jareth|p1a: Pikachiu|[from] ability: Imposter\n|turn|27\n|\n|t:|1699580572\n|move|p2a: jareth|Waterfall|p1a: Pikachiu\n|-resisted|p1a: Pikachiu\n|-damage|p1a: Pikachiu|7\/100\n|move|p1a: Pikachiu|Outrage|p2a: jareth|[from]lockedmove\n|-supereffective|p2a: jareth\n|-damage|p2a: jareth|0 fnt\n|faint|p2a: jareth\n|-start|p1a: Pikachiu|confusion|[fatigue]\n|\n|-heal|p1a: Pikachiu|13\/100|[from] item: Leftovers\n|upkeep\n|\n|t:|1699580576\n|switch|p2a: ziggy|Zebstrika, F, shiny|100\/100\n|-damage|p2a: ziggy|88\/100|[from] Stealth Rock\n|turn|28\n|\n|t:|1699580590\n|-activate|p1a: Pikachiu|confusion\n|move|p1a: Pikachiu|Outrage|p2a: ziggy\n|-damage|p2a: ziggy|0 fnt\n|faint|p2a: ziggy\n|\n|win|jdmurph2001\n","uploadtime":1699580651,"views":13,"p1id":"jdmurph2001","p2id":"ellim","formatid":"gen9nationaldex","rating":0,"private":0,"password":""}