{"id":"gen9nationaldex-1993258867","p1":"Anwim","p2":"Iak111","format":"[Gen 9] National Dex","log":"|j|\u2606Anwim\n|j|\u2606Iak111\n|t:|1700285631\n|gametype|singles\n|player|p1|Anwim|skierf|1349\n|player|p2|Iak111|lady|1256\n|teamsize|p1|6\n|teamsize|p2|6\n|gen|9\n|tier|[Gen 9] National Dex\n|rated|\n|rule|HP Percentage Mod: HP is shown in percentages\n|rule|Endless Battle Clause: Forcing endless battles is banned\n|rule|OHKO Clause: OHKO moves are banned\n|rule|Evasion Clause: Evasion abilities, items, and moves are banned\n|rule|Evasion Abilities Clause: Evasion abilities are banned\n|rule|Evasion Items Clause: Evasion items are banned\n|rule|Evasion Moves Clause: Evasion moves are banned\n|rule|Species Clause: Limit one of each Pok\u00e9mon\n|rule|Sleep Clause Mod: Limit one foe put to sleep\n|clearpoke\n|poke|p1|Charizard, M|\n|poke|p1|Serperior, F|\n|poke|p1|Tyranitar, F|\n|poke|p1|Great Tusk|\n|poke|p1|Doublade, F|\n|poke|p1|Alomomola, F|\n|poke|p2|Ampharos, M|\n|poke|p2|Samurott-Hisui, M|\n|poke|p2|Great Tusk|\n|poke|p2|Ceruledge, F|\n|poke|p2|Tapu Lele|\n|poke|p2|Meowscarada, F|\n|teampreview\n|inactive|Battle timer is ON: inactive players will automatically lose when time's up. (requested by Iak111)\n|\n|t:|1700285642\n|start\n|switch|p1a: Tyranitar|Tyranitar, F|100\/100\n|switch|p2a: Meowscarada|Meowscarada, F|100\/100\n|-weather|Sandstorm|[from] ability: Sand Stream|[of] p1a: Tyranitar\n|turn|1\n|\n|t:|1700285649\n|move|p2a: Meowscarada|Play Rough|p1a: Tyranitar\n|-start|p2a: Meowscarada|typechange|Fairy|[from] ability: Protean\n|-supereffective|p1a: Tyranitar\n|-damage|p1a: Tyranitar|11\/100\n|move|p1a: Tyranitar|Knock Off|p2a: Meowscarada\n|-resisted|p2a: Meowscarada\n|-damage|p2a: Meowscarada|67\/100\n|-enditem|p2a: Meowscarada|Choice Band|[from] move: Knock Off|[of] p1a: Tyranitar\n|\n|-weather|Sandstorm|[upkeep]\n|-damage|p2a: Meowscarada|61\/100|[from] Sandstorm\n|upkeep\n|turn|2\n|\n|t:|1700285662\n|switch|p1a: Doublade|Doublade, F|100\/100\n|move|p2a: Meowscarada|Flower Trick|p1a: Doublade\n|-resisted|p1a: Doublade\n|-crit|p1a: Doublade\n|-damage|p1a: Doublade|93\/100\n|\n|-weather|Sandstorm|[upkeep]\n|-damage|p2a: Meowscarada|54\/100|[from] Sandstorm\n|upkeep\n|turn|3\n|\n|t:|1700285669\n|move|p2a: Meowscarada|Knock Off|p1a: Doublade\n|-supereffective|p1a: Doublade\n|-damage|p1a: Doublade|66\/100\n|-enditem|p1a: Doublade|Eviolite|[from] move: Knock Off|[of] p2a: Meowscarada\n|move|p1a: Doublade|Gyro Ball|p2a: Meowscarada\n|-supereffective|p2a: Meowscarada\n|-damage|p2a: Meowscarada|0 fnt\n|faint|p2a: Meowscarada\n|\n|-weather|Sandstorm|[upkeep]\n|upkeep\n|\n|t:|1700285677\n|switch|p2a: Ampharos|Ampharos, M, shiny|100\/100\n|turn|4\n|\n|t:|1700285683\n|detailschange|p2a: Ampharos|Ampharos-Mega, M, shiny\n|-mega|p2a: Ampharos|Ampharos|Ampharosite\n|-ability|p2a: Ampharos|Mold Breaker\n|move|p2a: Ampharos|Thunderbolt|p1a: Doublade\n|-damage|p1a: Doublade|0 fnt\n|faint|p1a: Doublade\n|\n|-weather|Sandstorm|[upkeep]\n|-damage|p2a: Ampharos|94\/100|[from] Sandstorm\n|upkeep\n|\n|t:|1700285696\n|switch|p1a: Great Tusk|Great Tusk|100\/100\n|turn|5\n|\n|t:|1700285702\n|move|p1a: Great Tusk|Headlong Rush|p2a: Ampharos\n|-supereffective|p2a: Ampharos\n|-damage|p2a: Ampharos|0 fnt\n|-unboost|p1a: Great Tusk|def|1\n|-unboost|p1a: Great Tusk|spd|1\n|faint|p2a: Ampharos\n|\n|-weather|none\n|upkeep\n|\n|t:|1700285707\n|switch|p2a: Great Tusk|Great Tusk|100\/100\n|-enditem|p2a: Great Tusk|Booster Energy\n|-activate|p2a: Great Tusk|ability: Protosynthesis|[fromitem]\n|-start|p2a: Great Tusk|protosynthesisatk\n|turn|6\n|\n|t:|1700285716\n|-end|p1a: Great Tusk|Protosynthesis|[silent]\n|switch|p1a: Alomomola|Alomomola, F, shiny|100\/100\n|move|p2a: Great Tusk|Headlong Rush|p1a: Alomomola\n|-damage|p1a: Alomomola|55\/100\n|-unboost|p2a: Great Tusk|def|1\n|-unboost|p2a: Great Tusk|spd|1\n|\n|upkeep\n|turn|7\n|\n|t:|1700285725\n|-terastallize|p1a: Alomomola|Fairy\n|move|p2a: Great Tusk|Close Combat|p1a: Alomomola\n|-resisted|p1a: Alomomola\n|-damage|p1a: Alomomola|35\/100\n|-unboost|p2a: Great Tusk|def|1\n|-unboost|p2a: Great Tusk|spd|1\n|move|p1a: Alomomola|Wish|p1a: Alomomola\n|\n|upkeep\n|turn|8\n|\n|t:|1700285731\n|move|p1a: Alomomola|Protect|p1a: Alomomola\n|-singleturn|p1a: Alomomola|Protect\n|move|p2a: Great Tusk|Close Combat|p1a: Alomomola\n|-activate|p1a: Alomomola|move: Protect\n|\n|-heal|p1a: Alomomola|85\/100|[from] move: Wish|[wisher] Alomomola\n|upkeep\n|turn|9\n|\n|t:|1700285738\n|-end|p2a: Great Tusk|Protosynthesis|[silent]\n|switch|p2a: Tapu Lele|Tapu Lele|100\/100\n|-fieldstart|move: Psychic Terrain|[from] ability: Psychic Surge|[of] p2a: Tapu Lele\n|move|p1a: Alomomola|Flip Turn|p2a: Tapu Lele\n|-damage|p2a: Tapu Lele|73\/100\n|\n|t:|1700285751\n|switch|p1a: Serperior|Serperior, F|100\/100|[from] Flip Turn\n|\n|upkeep\n|turn|10\n|\n|t:|1700285757\n|move|p2a: Tapu Lele|Psychic|p1a: Serperior\n|-damage|p1a: Serperior|28\/100\n|move|p1a: Serperior|Substitute|p1a: Serperior\n|-start|p1a: Serperior|Substitute\n|-damage|p1a: Serperior|3\/100\n|\n|-heal|p1a: Serperior|9\/100|[from] item: Leftovers\n|upkeep\n|turn|11\n|\n|t:|1700285764\n|move|p2a: Tapu Lele|Psychic|p1a: Serperior\n|-end|p1a: Serperior|Substitute\n|move|p1a: Serperior|Leaf Storm|p2a: Tapu Lele\n|-damage|p2a: Tapu Lele|21\/100\n|-boost|p1a: Serperior|spa|2\n|\n|-heal|p1a: Serperior|15\/100|[from] item: Leftovers\n|upkeep\n|turn|12\n|\n|t:|1700285769\n|switch|p1a: Alomomola|Alomomola, F, shiny, tera:Fairy|100\/100\n|move|p2a: Tapu Lele|Psychic|p1a: Alomomola\n|-damage|p1a: Alomomola|27\/100\n|\n|upkeep\n|turn|13\n|\n|t:|1700285775\n|move|p1a: Alomomola|Protect|p1a: Alomomola\n|-singleturn|p1a: Alomomola|Protect\n|move|p2a: Tapu Lele|Psychic|p1a: Alomomola\n|-activate|p1a: Alomomola|move: Protect\n|\n|-fieldend|move: Psychic Terrain\n|upkeep\n|turn|14\n|\n|t:|1700285777\n|switch|p1a: Tyranitar|Tyranitar, F|11\/100\n|-weather|Sandstorm|[from] ability: Sand Stream|[of] p1a: Tyranitar\n|move|p2a: Tapu Lele|Psychic|p1a: Tyranitar\n|-immune|p1a: Tyranitar\n|\n|-weather|Sandstorm|[upkeep]\n|-damage|p2a: Tapu Lele|15\/100|[from] Sandstorm\n|upkeep\n|turn|15\n|\n|t:|1700285784\n|switch|p2a: Samurott|Samurott-Hisui, M|100\/100\n|move|p1a: Tyranitar|Stealth Rock|p2a: Samurott\n|-sidestart|p2: Iak111|move: Stealth Rock\n|\n|-weather|Sandstorm|[upkeep]\n|-damage|p2a: Samurott|94\/100|[from] Sandstorm\n|upkeep\n|turn|16\n|\n|t:|1700285794\n|switch|p1a: Alomomola|Alomomola, F, shiny, tera:Fairy|60\/100\n|move|p2a: Samurott|Aqua Cutter|p1a: Alomomola\n|-damage|p1a: Alomomola|29\/100\n|-damage|p2a: Samurott|84\/100|[from] item: Life Orb\n|\n|-weather|Sandstorm|[upkeep]\n|-damage|p2a: Samurott|78\/100|[from] Sandstorm\n|-damage|p1a: Alomomola|22\/100|[from] Sandstorm\n|upkeep\n|turn|17\n|\n|t:|1700285801\n|move|p1a: Alomomola|Protect|p1a: Alomomola\n|-singleturn|p1a: Alomomola|Protect\n|move|p2a: Samurott|Aqua Cutter|p1a: Alomomola\n|-activate|p1a: Alomomola|move: Protect\n|\n|-weather|Sandstorm|[upkeep]\n|-damage|p2a: Samurott|72\/100|[from] Sandstorm\n|-damage|p1a: Alomomola|16\/100|[from] Sandstorm\n|upkeep\n|turn|18\n|\n|t:|1700285817\n|switch|p1a: Serperior|Serperior, F|15\/100\n|move|p2a: Samurott|Aqua Cutter|p1a: Serperior\n|-resisted|p1a: Serperior\n|-crit|p1a: Serperior\n|-damage|p1a: Serperior|0 fnt\n|faint|p1a: Serperior\n|-damage|p2a: Samurott|62\/100|[from] item: Life Orb\n|\n|-weather|none\n|upkeep\n|\n|t:|1700285826\n|switch|p1a: Charizard|Charizard, M|100\/100\n|turn|19\n|\n|t:|1700285832\n|detailschange|p1a: Charizard|Charizard-Mega-Y, M\n|-mega|p1a: Charizard|Charizard|Charizardite Y\n|-weather|SunnyDay|[from] ability: Drought|[of] p1a: Charizard\n|move|p1a: Charizard|Solar Beam||[still]\n|-prepare|p1a: Charizard|Solar Beam\n|-anim|p1a: Charizard|Solar Beam|p2a: Samurott\n|-supereffective|p2a: Samurott\n|-damage|p2a: Samurott|0 fnt\n|faint|p2a: Samurott\n|\n|-weather|SunnyDay|[upkeep]\n|upkeep\n|\n|t:|1700285842\n|switch|p2a: Great Tusk|Great Tusk|100\/100\n|-damage|p2a: Great Tusk|98\/100|[from] Stealth Rock\n|-activate|p2a: Great Tusk|ability: Protosynthesis\n|-start|p2a: Great Tusk|protosynthesisatk\n|turn|20\n|\n|t:|1700285856\n|switch|p1a: Great Tusk|Great Tusk|100\/100\n|-activate|p1a: Great Tusk|ability: Protosynthesis\n|-start|p1a: Great Tusk|protosynthesisatk\n|-terastallize|p2a: Great Tusk|Steel\n|move|p2a: Great Tusk|Stone Edge|p1a: Great Tusk\n|-resisted|p1a: Great Tusk\n|-damage|p1a: Great Tusk|92\/100\n|\n|-weather|SunnyDay|[upkeep]\n|upkeep\n|turn|21\n|\n|t:|1700285865\n|move|p1a: Great Tusk|Rapid Spin|p2a: Great Tusk\n|-resisted|p2a: Great Tusk\n|-damage|p2a: Great Tusk|89\/100\n|-boost|p1a: Great Tusk|spe|1\n|move|p2a: Great Tusk|Close Combat|p1a: Great Tusk\n|-damage|p1a: Great Tusk|37\/100\n|-unboost|p2a: Great Tusk|def|1\n|-unboost|p2a: Great Tusk|spd|1\n|\n|-weather|SunnyDay|[upkeep]\n|upkeep\n|turn|22\n|\n|t:|1700285874\n|move|p1a: Great Tusk|Headlong Rush|p2a: Great Tusk\n|-supereffective|p2a: Great Tusk\n|-damage|p2a: Great Tusk|0 fnt\n|-unboost|p1a: Great Tusk|def|1\n|-unboost|p1a: Great Tusk|spd|1\n|faint|p2a: Great Tusk\n|-end|p2a: Great Tusk|Protosynthesis|[silent]\n|\n|-weather|SunnyDay|[upkeep]\n|upkeep\n|\n|t:|1700285877\n|switch|p2a: Tapu Lele|Tapu Lele|15\/100\n|-damage|p2a: Tapu Lele|3\/100|[from] Stealth Rock\n|-fieldstart|move: Psychic Terrain|[from] ability: Psychic Surge|[of] p2a: Tapu Lele\n|turn|23\n|\n|t:|1700285886\n|move|p2a: Tapu Lele|Moonblast|p1a: Great Tusk\n|-supereffective|p1a: Great Tusk\n|-damage|p1a: Great Tusk|0 fnt\n|faint|p1a: Great Tusk\n|-end|p1a: Great Tusk|Protosynthesis|[silent]\n|\n|-weather|none\n|upkeep\n|\n|t:|1700285892\n|switch|p1a: Tyranitar|Tyranitar, F|11\/100\n|-weather|Sandstorm|[from] ability: Sand Stream|[of] p1a: Tyranitar\n|turn|24\n|\n|t:|1700285897\n|switch|p1a: Alomomola|Alomomola, F, shiny, tera:Fairy|50\/100\n|move|p2a: Tapu Lele|Moonblast|p1a: Alomomola\n|-damage|p1a: Alomomola|0 fnt\n|faint|p1a: Alomomola\n|\n|-weather|Sandstorm|[upkeep]\n|-damage|p2a: Tapu Lele|0 fnt|[from] Sandstorm\n|faint|p2a: Tapu Lele\n|upkeep\n|\n|t:|1700285900\n|switch|p2a: Ceruledge|Ceruledge, F|100\/100\n|switch|p1a: Tyranitar|Tyranitar, F|11\/100\n|-damage|p2a: Ceruledge|76\/100|[from] Stealth Rock\n|turn|25\n|\n|t:|1700285908\n|move|p2a: Ceruledge|Close Combat|p1a: Tyranitar\n|-supereffective|p1a: Tyranitar\n|-damage|p1a: Tyranitar|0 fnt\n|-unboost|p2a: Ceruledge|def|1\n|-unboost|p2a: Ceruledge|spd|1\n|faint|p1a: Tyranitar\n|\n|-weather|Sandstorm|[upkeep]\n|-damage|p2a: Ceruledge|70\/100|[from] Sandstorm\n|upkeep\n|\n|t:|1700285910\n|switch|p1a: Charizard|Charizard-Mega-Y, M|100\/100\n|-weather|SunnyDay|[from] ability: Drought|[of] p1a: Charizard\n|turn|26\n|\n|t:|1700285916\n|move|p1a: Charizard|Scorching Sands|p2a: Ceruledge\n|-supereffective|p2a: Ceruledge\n|-damage|p2a: Ceruledge|0 fnt\n|faint|p2a: Ceruledge\n|\n|win|Anwim\n|raw|Anwim's rating: 1349 &rarr; <strong>1364<\/strong><br \/>(+15 for winning)\n|raw|Iak111's rating: 1256 &rarr; <strong>1238<\/strong><br \/>(-18 for losing)\n|l|\u2606Iak111\n|c|\u2606Anwim|GG\n","uploadtime":1700285928,"views":10,"p1id":"anwim","p2id":"iak111","formatid":"gen9nationaldex","rating":1238,"private":0,"password":""}