{"id":"gen9nationaldex-1992576878","p1":"WillingStar","p2":"MCmao","format":"[Gen 9] National Dex","log":"|j|\u2606WillingStar\n|j|\u2606MCmao\n|t:|1700208811\n|gametype|singles\n|player|p1|WillingStar|riley|1515\n|player|p2|MCmao|youngster-gen4dp|1542\n|teamsize|p1|6\n|teamsize|p2|6\n|gen|9\n|tier|[Gen 9] National Dex\n|rated|\n|rule|HP Percentage Mod: HP is shown in percentages\n|rule|Endless Battle Clause: Forcing endless battles is banned\n|rule|OHKO Clause: OHKO moves are banned\n|rule|Evasion Clause: Evasion abilities, items, and moves are banned\n|rule|Evasion Abilities Clause: Evasion abilities are banned\n|rule|Evasion Items Clause: Evasion items are banned\n|rule|Evasion Moves Clause: Evasion moves are banned\n|rule|Species Clause: Limit one of each Pok\u00e9mon\n|rule|Sleep Clause Mod: Limit one foe put to sleep\n|clearpoke\n|poke|p1|Regice|\n|poke|p1|Gyarados, M|\n|poke|p1|Ninetales-Alola, F|\n|poke|p1|Tapu Lele|\n|poke|p1|Zoroark-Hisui, F|\n|poke|p1|Kartana|\n|poke|p2|Lopunny, F|\n|poke|p2|Tapu Lele|\n|poke|p2|Rotom-Wash|\n|poke|p2|Ferrothorn, M|\n|poke|p2|Slowking-Galar, F|\n|poke|p2|Urshifu-*, F|\n|teampreview\n|inactive|Battle timer is ON: inactive players will automatically lose when time's up. (requested by MCmao)\n|\n|t:|1700208820\n|start\n|switch|p1a: Kartana|Kartana|100\/100\n|switch|p2a: Lopunny|Lopunny, F, shiny|100\/100\n|turn|1\n|\n|t:|1700208832\n|switch|p1a: Tapu Lele|Tapu Lele, shiny|100\/100\n|-fieldstart|move: Psychic Terrain|[from] ability: Psychic Surge|[of] p1a: Tapu Lele\n|detailschange|p2a: Lopunny|Lopunny-Mega, F, shiny\n|-mega|p2a: Lopunny|Lopunny|Lopunnite\n|move|p2a: Lopunny|Fake Out|p1a: Tapu Lele\n|-activate|p1a: Tapu Lele|move: Psychic Terrain\n|\n|upkeep\n|turn|2\n|\n|t:|1700208859\n|switch|p2a: Slowking|Slowking-Galar, F|100\/100\n|move|p1a: Tapu Lele|Hidden Power|p2a: Slowking\n|-crit|p2a: Slowking\n|-damage|p2a: Slowking|73\/100\n|\n|upkeep\n|turn|3\n|\n|t:|1700208866\n|switch|p1a: Ninetales|Ninetales-Alola, F|100\/100\n|-weather|Snow|[from] ability: Snow Warning|[of] p1a: Ninetales\n|move|p2a: Slowking|Thunder Wave|p1a: Ninetales\n|-status|p1a: Ninetales|par\n|\n|-weather|Snow|[upkeep]\n|upkeep\n|turn|4\n|\n|t:|1700208877\n|move|p1a: Ninetales|Encore|p2a: Slowking\n|-start|p2a: Slowking|Encore\n|move|p2a: Slowking|Thunder Wave|p1a: Ninetales\n|-fail|p1a: Ninetales|par\n|\n|-weather|Snow|[upkeep]\n|upkeep\n|turn|5\n|\n|t:|1700208886\n|switch|p2a: Rotom|Rotom-Wash|100\/100\n|cant|p1a: Ninetales|par\n|\n|-weather|Snow|[upkeep]\n|-fieldend|move: Psychic Terrain\n|upkeep\n|turn|6\n|\n|t:|1700208891\n|move|p2a: Rotom|Defog|p1a: Ninetales\n|-unboost|p1a: Ninetales|evasion|1\n|cant|p1a: Ninetales|par\n|\n|-weather|Snow|[upkeep]\n|upkeep\n|turn|7\n|\n|t:|1700208903\n|move|p2a: Rotom|Hydro Pump|p1a: Ninetales\n|-damage|p1a: Ninetales|59\/100 par\n|move|p1a: Ninetales|Encore|p2a: Rotom\n|-start|p2a: Rotom|Encore\n|\n|-weather|none\n|upkeep\n|turn|8\n|\n|t:|1700208908\n|switch|p1a: Regice|Regice, shiny|100\/100\n|move|p2a: Rotom|Hydro Pump|p1a: Regice\n|-damage|p1a: Regice|76\/100\n|\n|upkeep\n|turn|9\n|\n|t:|1700208914\n|switch|p2a: Lopunny|Lopunny-Mega, F, shiny|100\/100\n|move|p1a: Regice|Rock Polish|p1a: Regice\n|-boost|p1a: Regice|spe|2\n|\n|upkeep\n|turn|10\n|\n|t:|1700208920\n|move|p1a: Regice|Focus Blast|p2a: Lopunny\n|-supereffective|p2a: Lopunny\n|-damage|p2a: Lopunny|16\/100\n|move|p2a: Lopunny|Close Combat|p1a: Regice\n|-supereffective|p1a: Regice\n|-damage|p1a: Regice|0 fnt\n|-unboost|p2a: Lopunny|def|1\n|-unboost|p2a: Lopunny|spd|1\n|faint|p1a: Regice\n|\n|upkeep\n|\n|t:|1700208929\n|switch|p1a: Kartana|Kartana|100\/100\n|turn|11\n|\n|t:|1700208933\n|switch|p2a: Ferrothorn|Ferrothorn, M|100\/100\n|move|p1a: Kartana|Knock Off|p2a: Ferrothorn\n|-damage|p2a: Ferrothorn|76\/100\n|-damage|p1a: Kartana|88\/100|[from] ability: Iron Barbs|[of] p2a: Ferrothorn\n|-enditem|p2a: Ferrothorn|Leftovers|[from] move: Knock Off|[of] p1a: Kartana\n|\n|upkeep\n|turn|12\n|\n|t:|1700208941\n|switch|p1a: Ninetales|Ninetales-Alola, F|59\/100 par\n|-weather|Snow|[from] ability: Snow Warning|[of] p1a: Ninetales\n|move|p2a: Ferrothorn|Knock Off|p1a: Ninetales\n|-resisted|p1a: Ninetales\n|-damage|p1a: Ninetales|51\/100 par\n|-enditem|p1a: Ninetales|Light Clay|[from] move: Knock Off|[of] p2a: Ferrothorn\n|\n|-weather|Snow|[upkeep]\n|upkeep\n|turn|13\n|\n|t:|1700208947\n|move|p1a: Ninetales|Aurora Veil|p1a: Ninetales\n|-sidestart|p1: WillingStar|move: Aurora Veil\n|move|p2a: Ferrothorn|Gyro Ball|p1a: Ninetales\n|-supereffective|p1a: Ninetales\n|-damage|p1a: Ninetales|0 fnt\n|faint|p1a: Ninetales\n|\n|-weather|Snow|[upkeep]\n|upkeep\n|\n|t:|1700208951\n|switch|p1a: Gyarados|Gyarados, M, shiny|100\/100\n|-ability|p1a: Gyarados|Intimidate|boost\n|-unboost|p2a: Ferrothorn|atk|1\n|turn|14\n|\n|t:|1700208957\n|move|p1a: Gyarados|Taunt|p2a: Ferrothorn\n|-start|p2a: Ferrothorn|move: Taunt\n|cant|p2a: Ferrothorn|move: Taunt|Leech Seed\n|\n|-weather|Snow|[upkeep]\n|upkeep\n|turn|15\n|\n|t:|1700208963\n|switch|p2a: Rotom|Rotom-Wash|100\/100\n|move|p1a: Gyarados|Dragon Dance|p1a: Gyarados\n|-boost|p1a: Gyarados|atk|1\n|-boost|p1a: Gyarados|spe|1\n|\n|-weather|Snow|[upkeep]\n|upkeep\n|turn|16\n|\n|t:|1700208972\n|detailschange|p1a: Gyarados|Gyarados-Mega, M, shiny\n|-mega|p1a: Gyarados|Gyarados|Gyaradosite\n|-ability|p1a: Gyarados|Mold Breaker\n|move|p1a: Gyarados|Crunch|p2a: Rotom\n|-damage|p2a: Rotom|31\/100\n|move|p2a: Rotom|Volt Switch|p1a: Gyarados\n|-supereffective|p1a: Gyarados\n|-damage|p1a: Gyarados|79\/100\n|j| YJLF\n|\n|t:|1700208987\n|switch|p2a: Lopunny|Lopunny-Mega, F, shiny|16\/100|[from] Volt Switch\n|\n|-weather|none\n|upkeep\n|turn|17\n|\n|t:|1700208992\n|move|p2a: Lopunny|Fake Out|p1a: Gyarados\n|-damage|p1a: Gyarados|68\/100\n|cant|p1a: Gyarados|flinch\n|\n|-sideend|p1: WillingStar|move: Aurora Veil\n|upkeep\n|turn|18\n|\n|t:|1700208996\n|move|p1a: Gyarados|Crunch|p2a: Lopunny\n|-resisted|p2a: Lopunny\n|-damage|p2a: Lopunny|0 fnt\n|faint|p2a: Lopunny\n|\n|upkeep\n|\n|t:|1700208999\n|switch|p2a: Tapu Lele|Tapu Lele, shiny|100\/100\n|-fieldstart|move: Psychic Terrain|[from] ability: Psychic Surge|[of] p2a: Tapu Lele\n|turn|19\n|\n|t:|1700209003\n|move|p2a: Tapu Lele|Moonblast|p1a: Gyarados\n|-supereffective|p1a: Gyarados\n|-damage|p1a: Gyarados|0 fnt\n|faint|p1a: Gyarados\n|\n|upkeep\n|\n|t:|1700209006\n|switch|p1a: Tapu Lele|Tapu Lele, shiny|100\/100\n|turn|20\n|inactive|WillingStar has 120 seconds left.\n|\n|t:|1700209038\n|move|p2a: Tapu Lele|Moonblast|p1a: Tapu Lele\n|-damage|p1a: Tapu Lele|47\/100\n|move|p1a: Tapu Lele|Psyshock|p2a: Tapu Lele\n|-resisted|p2a: Tapu Lele\n|-damage|p2a: Tapu Lele|40\/100\n|\n|upkeep\n|turn|21\n|\n|t:|1700209044\n|-terastallize|p1a: Tapu Lele|Steel\n|move|p2a: Tapu Lele|Moonblast|p1a: Tapu Lele\n|-resisted|p1a: Tapu Lele\n|-damage|p1a: Tapu Lele|20\/100\n|move|p1a: Tapu Lele|Psyshock|p2a: Tapu Lele\n|-resisted|p2a: Tapu Lele\n|-damage|p2a: Tapu Lele|0 fnt\n|faint|p2a: Tapu Lele\n|\n|upkeep\n|\n|t:|1700209051\n|switch|p2a: Slowking|Slowking-Galar, F|100\/100\n|turn|22\n|\n|t:|1700209053\n|move|p1a: Tapu Lele|Psyshock|p2a: Slowking\n|-damage|p2a: Slowking|14\/100\n|move|p2a: Slowking|Flamethrower|p1a: Tapu Lele\n|-supereffective|p1a: Tapu Lele\n|-damage|p1a: Tapu Lele|0 fnt\n|faint|p1a: Tapu Lele\n|\n|upkeep\n|\n|t:|1700209060\n|switch|p1a: Kartana|Kartana|100\/100\n|turn|23\n|\n|t:|1700209075\n|switch|p2a: Ferrothorn|Ferrothorn, M|76\/100\n|move|p1a: Kartana|Flamethrower|p2a: Ferrothorn\n|-supereffective|p2a: Ferrothorn\n|-damage|p2a: Ferrothorn|0 fnt\n|faint|p2a: Ferrothorn\n|\n|-fieldend|move: Psychic Terrain\n|upkeep\n|\n|t:|1700209080\n|switch|p2a: Urshifu|Urshifu-Rapid-Strike, F|100\/100\n|turn|24\n|\n|t:|1700209103\n|-terastallize|p2a: Urshifu|Water\n|move|p2a: Urshifu|Surging Strikes|p1a: Kartana\n|-crit|p1a: Kartana\n|-damage|p1a: Kartana|38\/100\n|replace|p1a: Zoroark|Zoroark-Hisui, F, shiny\n|-end|p1a: Zoroark|Illusion\n|-crit|p1a: Zoroark\n|-damage|p1a: Zoroark|0 fnt\n|faint|p1a: Zoroark\n|-hitcount|p1: Zoroark|2\n|\n|upkeep\n|\n|t:|1700209107\n|switch|p1a: Kartana|Kartana|88\/100\n|turn|25\n|\n|t:|1700209111\n|switch|p2a: Rotom|Rotom-Wash|31\/100\n|move|p1a: Kartana|Leaf Blade|p2a: Rotom\n|-supereffective|p2a: Rotom\n|-damage|p2a: Rotom|0 fnt\n|faint|p2a: Rotom\n|-ability|p1a: Kartana|Beast Boost|boost\n|-boost|p1a: Kartana|atk|1\n|\n|upkeep\n|\n|t:|1700209114\n|switch|p2a: Urshifu|Urshifu-Rapid-Strike, F, tera:Water|100\/100\n|turn|26\n|\n|t:|1700209115\n|move|p1a: Kartana|Leaf Blade|p2a: Urshifu\n|-supereffective|p2a: Urshifu\n|-damage|p2a: Urshifu|0 fnt\n|faint|p2a: Urshifu\n|-ability|p1a: Kartana|Beast Boost|boost\n|-boost|p1a: Kartana|atk|1\n|\n|upkeep\n|\n|t:|1700209126\n|switch|p2a: Slowking|Slowking-Galar, F|47\/100\n|turn|27\n|\n|t:|1700209128\n|move|p1a: Kartana|Leaf Blade|p2a: Slowking\n|-resisted|p2a: Slowking\n|-damage|p2a: Slowking|0 fnt\n|faint|p2a: Slowking\n|\n|win|WillingStar\n|raw|WillingStar's rating: 1515 &rarr; <strong>1537<\/strong><br \/>(+22 for winning)\n|raw|MCmao's rating: 1542 &rarr; <strong>1520<\/strong><br \/>(-22 for losing)\n|l| YJLF\n","uploadtime":1700209138,"views":7,"p1id":"willingstar","p2id":"mcmao","formatid":"gen9nationaldex","rating":1520,"private":0,"password":""}