{"id":"gen9nationaldex-1998851292","p1":"shaggysoloo","p2":"1nfuseddd","format":"[Gen 9] National Dex","log":"|html|<div class=\"broadcast-blue\"><strong>[Gen 9] National Dex is currently suspecting Sneasler! For information on how to participate check out the <a href=\"https:\/\/www.smogon.com\/forums\/threads\/sv-national-dex-suspect-8-just-dance.3731534\/\">suspect thread<\/a>.<\/strong><\/div>\n|j|\u2606shaggysoloo\n|j|\u26061nfuseddd\n|t:|1701003119\n|gametype|singles\n|player|p1|shaggysoloo|2|\n|player|p2|1nfuseddd|hilda-wonderlauncher|\n|teamsize|p1|6\n|teamsize|p2|6\n|gen|9\n|tier|[Gen 9] National Dex\n|rule|HP Percentage Mod: HP is shown in percentages\n|rule|Endless Battle Clause: Forcing endless battles is banned\n|rule|OHKO Clause: OHKO moves are banned\n|rule|Evasion Clause: Evasion abilities, items, and moves are banned\n|rule|Evasion Abilities Clause: Evasion abilities are banned\n|rule|Evasion Items Clause: Evasion items are banned\n|rule|Evasion Moves Clause: Evasion moves are banned\n|rule|Species Clause: Limit one of each Pok\u00e9mon\n|rule|Sleep Clause Mod: Limit one foe put to sleep\n|clearpoke\n|poke|p1|Charizard, M|\n|poke|p1|Volcarona, M|\n|poke|p1|Blaziken, F|\n|poke|p1|Delphox, M|\n|poke|p1|Typhlosion-Hisui, M|\n|poke|p1|Marowak-Alola, F|\n|poke|p2|Scizor, M|\n|poke|p2|Tinkaton, F|\n|poke|p2|Kartana|\n|poke|p2|Magnezone|\n|poke|p2|Empoleon, F|\n|poke|p2|Goodra-Hisui, F|\n|teampreview\n|\n|t:|1701003130\n|start\n|switch|p1a: Delphox|Delphox, M|100\/100\n|switch|p2a: Kartana|Kartana|100\/100\n|turn|1\n|\n|t:|1701003139\n|-terastallize|p1a: Delphox|Fire\n|move|p1a: Delphox|Fire Blast|p2a: Kartana\n|-supereffective|p2a: Kartana\n|-damage|p2a: Kartana|0 fnt\n|faint|p2a: Kartana\n|\n|upkeep\n|\n|t:|1701003144\n|switch|p2a: Scizor|Scizor, M|100\/100\n|turn|2\n|\n|t:|1701003151\n|detailschange|p2a: Scizor|Scizor-Mega, M\n|-mega|p2a: Scizor|Scizor|Scizorite\n|move|p1a: Delphox|Fire Blast|p2a: Scizor\n|-supereffective|p2a: Scizor\n|-damage|p2a: Scizor|0 fnt\n|faint|p2a: Scizor\n|\n|upkeep\n|\n|t:|1701003156\n|switch|p2a: Magnezone|Magnezone|100\/100\n|turn|3\n|\n|t:|1701003163\n|move|p1a: Delphox|Fire Blast|p2a: Magnezone\n|-supereffective|p2a: Magnezone\n|-damage|p2a: Magnezone|0 fnt\n|faint|p2a: Magnezone\n|\n|upkeep\n|\n|t:|1701003166\n|switch|p2a: Tinkaton|Tinkaton, F|100\/100\n|-ability|p2a: Tinkaton|Mold Breaker\n|turn|4\n|\n|t:|1701003182\n|move|p1a: Delphox|Fire Blast|p2a: Tinkaton|[miss]\n|-miss|p1a: Delphox|p2a: Tinkaton\n|move|p2a: Tinkaton|Stealth Rock|p1a: Delphox\n|-sidestart|p1: shaggysoloo|move: Stealth Rock\n|\n|upkeep\n|turn|5\n|\n|t:|1701003189\n|switch|p1a: Volcarona|Volcarona, M|100\/100\n|-damage|p1a: Volcarona|50\/100|[from] Stealth Rock\n|move|p2a: Tinkaton|Knock Off|p1a: Volcarona\n|-damage|p1a: Volcarona|29\/100\n|-enditem|p1a: Volcarona|Focus Sash|[from] move: Knock Off|[of] p2a: Tinkaton\n|\n|upkeep\n|turn|6\n|\n|t:|1701003200\n|move|p2a: Tinkaton|Knock Off|p1a: Volcarona\n|-damage|p1a: Volcarona|14\/100\n|-status|p2a: Tinkaton|brn|[from] ability: Flame Body|[of] p1a: Volcarona\n|move|p1a: Volcarona|Heat Wave|p2a: Tinkaton\n|-supereffective|p2a: Tinkaton\n|-damage|p2a: Tinkaton|22\/100 brn\n|\n|-heal|p2a: Tinkaton|28\/100 brn|[from] item: Leftovers\n|-damage|p2a: Tinkaton|22\/100 brn|[from] brn\n|upkeep\n|turn|7\n|\n|t:|1701003212\n|move|p2a: Tinkaton|Stealth Rock||[still]\n|-fail|p2a: Tinkaton\n|move|p1a: Volcarona|Flame Charge|p2a: Tinkaton\n|-supereffective|p2a: Tinkaton\n|-damage|p2a: Tinkaton|0 fnt\n|-boost|p1a: Volcarona|spe|1\n|faint|p2a: Tinkaton\n|\n|upkeep\n|\n|t:|1701003215\n|switch|p2a: Goodra|Goodra-Hisui, F|100\/100\n|turn|8\n|\n|t:|1701003221\n|move|p1a: Volcarona|Fire Blast|p2a: Goodra\n|-damage|p2a: Goodra|81\/100\n|move|p2a: Goodra|Ice Beam|p1a: Volcarona\n|-resisted|p1a: Volcarona\n|-damage|p1a: Volcarona|2\/100\n|\n|upkeep\n|turn|9\n|\n|t:|1701003229\n|move|p1a: Volcarona|Fiery Dance|p2a: Goodra\n|-damage|p2a: Goodra|68\/100\n|move|p2a: Goodra|Ice Beam|p1a: Volcarona\n|-resisted|p1a: Volcarona\n|-damage|p1a: Volcarona|0 fnt\n|faint|p1a: Volcarona\n|\n|upkeep\n|\n|t:|1701003238\n|switch|p1a: Blaziken|Blaziken, F|100\/100\n|turn|10\n|\n|t:|1701003295\n|move|p1a: Blaziken|Blaze Kick|p2a: Goodra\n|-damage|p2a: Goodra|25\/100\n|move|p2a: Goodra|Ice Beam|p1a: Blaziken\n|-resisted|p1a: Blaziken\n|-damage|p1a: Blaziken|78\/100\n|\n|upkeep\n|turn|11\n|\n|t:|1701003303\n|move|p1a: Blaziken|Earthquake|p2a: Goodra\n|-supereffective|p2a: Goodra\n|-damage|p2a: Goodra|0 fnt\n|faint|p2a: Goodra\n|\n|upkeep\n|\n|t:|1701003305\n|switch|p2a: Empoleon|Empoleon, F|100\/100\n|turn|12\n|\n|t:|1701003309\n|move|p1a: Blaziken|Earthquake|p2a: Empoleon\n|-supereffective|p2a: Empoleon\n|-damage|p2a: Empoleon|43\/100\n|move|p2a: Empoleon|Scald|p1a: Blaziken\n|-supereffective|p1a: Blaziken\n|-damage|p1a: Blaziken|0 fnt\n|faint|p1a: Blaziken\n|\n|-heal|p2a: Empoleon|49\/100|[from] item: Leftovers\n|upkeep\n|\n|t:|1701003318\n|switch|p1a: Charizard|Charizard, M|100\/100\n|-damage|p1a: Charizard|50\/100|[from] Stealth Rock\n|turn|13\n|\n|t:|1701003323\n|detailschange|p1a: Charizard|Charizard-Mega-X, M\n|-mega|p1a: Charizard|Charizard|Charizardite X\n|move|p1a: Charizard|Earthquake|p2a: Empoleon\n|-supereffective|p2a: Empoleon\n|-damage|p2a: Empoleon|0 fnt\n|faint|p2a: Empoleon\n|\n|win|shaggysoloo\n","uploadtime":1701003345,"views":2,"p1id":"shaggysoloo","p2id":"1nfuseddd","formatid":"gen9nationaldex","rating":0,"private":0,"password":""}