{"id":"gen9nationaldex-1999580507","p1":"AesirEcho","p2":"Bulka4000","format":"[Gen 9] National Dex","log":"|html|<div class=\"broadcast-blue\"><strong>[Gen 9] National Dex is currently suspecting Sneasler! For information on how to participate check out the <a href=\"https:\/\/www.smogon.com\/forums\/threads\/sv-national-dex-suspect-8-just-dance.3731534\/\">suspect thread<\/a>.<\/strong><\/div>\n|j|\u2606AesirEcho\n|j|\u2606Bulka4000\n|t:|1701098181\n|gametype|singles\n|player|p1|AesirEcho|ethan-masters|\n|player|p2|Bulka4000|265|\n|teamsize|p1|6\n|teamsize|p2|6\n|gen|9\n|tier|[Gen 9] National Dex\n|rule|HP Percentage Mod: HP is shown in percentages\n|rule|Endless Battle Clause: Forcing endless battles is banned\n|rule|OHKO Clause: OHKO moves are banned\n|rule|Evasion Clause: Evasion abilities, items, and moves are banned\n|rule|Evasion Abilities Clause: Evasion abilities are banned\n|rule|Evasion Items Clause: Evasion items are banned\n|rule|Evasion Moves Clause: Evasion moves are banned\n|rule|Species Clause: Limit one of each Pok\u00e9mon\n|rule|Sleep Clause Mod: Limit one foe put to sleep\n|clearpoke\n|poke|p1|Kyurem|\n|poke|p1|Lopunny, M|\n|poke|p1|Tapu Lele|\n|poke|p1|Moltres|\n|poke|p1|Ting-Lu|\n|poke|p1|Landorus-Therian, M|\n|poke|p2|Gengar, F|\n|poke|p2|Zamazenta-*|\n|poke|p2|Garchomp, M|\n|poke|p2|Ting-Lu|\n|poke|p2|Skeledirge, M|\n|poke|p2|Rotom-Wash|\n|teampreview\n|\n|t:|1701098216\n|start\n|switch|p1a: Luna Cantor|Tapu Lele, shiny|100\/100\n|switch|p2a: Zamazenta|Zamazenta|100\/100\n|-fieldstart|move: Psychic Terrain|[from] ability: Psychic Surge|[of] p1a: Luna Cantor\n|-ability|p2a: Zamazenta|Dauntless Shield|boost\n|-boost|p2a: Zamazenta|def|1\n|turn|1\n|\n|t:|1701098241\n|move|p1a: Luna Cantor|Psychic|p2a: Zamazenta\n|-supereffective|p2a: Zamazenta\n|-damage|p2a: Zamazenta|0 fnt\n|faint|p2a: Zamazenta\n|\n|upkeep\n|\n|t:|1701098250\n|switch|p2a: Gengar|Gengar, F|100\/100\n|turn|2\n|\n|t:|1701098253\n|move|p2a: Gengar|Trick|p1a: Luna Cantor\n|-activate|p2a: Gengar|move: Trick|[of] p1a: Luna Cantor\n|-item|p1a: Luna Cantor|Choice Scarf|[from] move: Trick\n|-item|p2a: Gengar|Choice Scarf|[from] move: Trick\n|move|p1a: Luna Cantor|Psychic|p2a: Gengar\n|-supereffective|p2a: Gengar\n|-damage|p2a: Gengar|0 fnt\n|faint|p2a: Gengar\n|\n|upkeep\n|\n|t:|1701098275\n|switch|p2a: Ting-Lu|Ting-Lu|100\/100\n|-ability|p2a: Ting-Lu|Vessel of Ruin\n|turn|3\n|\n|t:|1701098282\n|switch|p1a: Terra Tigris|Landorus-Therian, M|100\/100\n|-ability|p1a: Terra Tigris|Intimidate|boost\n|-unboost|p2a: Ting-Lu|atk|1\n|move|p2a: Ting-Lu|Ruination|p1a: Terra Tigris\n|-damage|p1a: Terra Tigris|50\/100\n|\n|-heal|p1a: Terra Tigris|57\/100|[from] item: Leftovers\n|upkeep\n|turn|4\n|\n|t:|1701098293\n|move|p1a: Terra Tigris|Toxic|p2a: Ting-Lu\n|-status|p2a: Ting-Lu|tox\n|move|p2a: Ting-Lu|Whirlwind|p1a: Terra Tigris\n|drag|p1a: Rixator|Lopunny, M|100\/100\n|\n|-damage|p2a: Ting-Lu|94\/100 tox|[from] psn\n|upkeep\n|turn|5\n|\n|t:|1701098300\n|detailschange|p1a: Rixator|Lopunny-Mega, M\n|-mega|p1a: Rixator|Lopunny|Lopunnite\n|move|p1a: Rixator|U-turn|p2a: Ting-Lu\n|-supereffective|p2a: Ting-Lu\n|-damage|p2a: Ting-Lu|68\/100 tox\n|\n|t:|1701098305\n|switch|p1a: Terra Tigris|Landorus-Therian, M|57\/100|[from] U-turn\n|-ability|p1a: Terra Tigris|Intimidate|boost\n|-unboost|p2a: Ting-Lu|atk|1\n|move|p2a: Ting-Lu|Ruination|p1a: Terra Tigris\n|-damage|p1a: Terra Tigris|29\/100\n|\n|-heal|p1a: Terra Tigris|35\/100|[from] item: Leftovers\n|-heal|p2a: Ting-Lu|74\/100 tox|[from] item: Leftovers\n|-damage|p2a: Ting-Lu|62\/100 tox|[from] psn\n|-fieldend|move: Psychic Terrain\n|upkeep\n|turn|6\n|\n|t:|1701098316\n|move|p1a: Terra Tigris|Earthquake|p2a: Ting-Lu\n|-crit|p2a: Ting-Lu\n|-damage|p2a: Ting-Lu|22\/100 tox\n|move|p2a: Ting-Lu|Earthquake|p1a: Terra Tigris\n|-immune|p1a: Terra Tigris\n|\n|-heal|p1a: Terra Tigris|41\/100|[from] item: Leftovers\n|-heal|p2a: Ting-Lu|28\/100 tox|[from] item: Leftovers\n|-damage|p2a: Ting-Lu|9\/100 tox|[from] psn\n|upkeep\n|turn|7\n|\n|t:|1701098330\n|move|p1a: Terra Tigris|U-turn|p2a: Ting-Lu\n|-supereffective|p2a: Ting-Lu\n|-damage|p2a: Ting-Lu|0 fnt\n|faint|p2a: Ting-Lu\n|\n|t:|1701098336\n|switch|p1a: Rixator|Lopunny-Mega, M|100\/100|[from] U-turn\n|\n|upkeep\n|\n|t:|1701098347\n|switch|p2a: Rotom|Rotom-Wash|100\/100\n|turn|8\n|\n|t:|1701098350\n|move|p1a: Rixator|U-turn|p2a: Rotom\n|-damage|p2a: Rotom|79\/100\n|\n|t:|1701098354\n|switch|p1a: Vultur Volans|Moltres|100\/100|[from] U-turn\n|move|p2a: Rotom|Will-O-Wisp|p1a: Vultur Volans\n|-immune|p1a: Vultur Volans\n|\n|-heal|p2a: Rotom|86\/100|[from] item: Leftovers\n|upkeep\n|turn|9\n|\n|t:|1701098361\n|move|p1a: Vultur Volans|U-turn|p2a: Rotom\n|-damage|p2a: Rotom|73\/100\n|\n|t:|1701098365\n|switch|p1a: Luna Cantor|Tapu Lele, shiny|100\/100|[from] U-turn\n|-fieldstart|move: Psychic Terrain|[from] ability: Psychic Surge|[of] p1a: Luna Cantor\n|move|p2a: Rotom|Hydro Pump|p1a: Luna Cantor\n|-damage|p1a: Luna Cantor|58\/100\n|\n|-heal|p2a: Rotom|79\/100|[from] item: Leftovers\n|upkeep\n|turn|10\n|\n|t:|1701098376\n|move|p1a: Luna Cantor|Psychic|p2a: Rotom\n|-damage|p2a: Rotom|14\/100\n|-unboost|p2a: Rotom|spd|1\n|move|p2a: Rotom|Will-O-Wisp|p1a: Luna Cantor\n|-status|p1a: Luna Cantor|brn\n|\n|-heal|p2a: Rotom|20\/100|[from] item: Leftovers\n|-damage|p1a: Luna Cantor|52\/100 brn|[from] brn\n|upkeep\n|turn|11\n|\n|t:|1701098388\n|move|p1a: Luna Cantor|Psychic|p2a: Rotom\n|-damage|p2a: Rotom|0 fnt\n|faint|p2a: Rotom\n|\n|-damage|p1a: Luna Cantor|46\/100 brn|[from] brn\n|upkeep\n|\n|t:|1701098394\n|switch|p2a: Skeledirge|Skeledirge, M|100\/100\n|turn|12\n|\n|t:|1701098406\n|move|p1a: Luna Cantor|Psychic|p2a: Skeledirge\n|-damage|p2a: Skeledirge|42\/100\n|move|p2a: Skeledirge|Hex|p1a: Luna Cantor\n|-supereffective|p1a: Luna Cantor\n|-damage|p1a: Luna Cantor|0 fnt\n|faint|p1a: Luna Cantor\n|\n|upkeep\n|\n|t:|1701098413\n|switch|p1a: Rixator|Lopunny-Mega, M|100\/100\n|turn|13\n|\n|t:|1701098417\n|move|p1a: Rixator|Frustration|p2a: Skeledirge\n|-damage|p2a: Skeledirge|10\/100\n|move|p2a: Skeledirge|Slack Off|p2a: Skeledirge\n|-heal|p2a: Skeledirge|60\/100\n|\n|-fieldend|move: Psychic Terrain\n|upkeep\n|turn|14\n|\n|t:|1701098426\n|move|p1a: Rixator|U-turn|p2a: Skeledirge\n|-resisted|p2a: Skeledirge\n|-damage|p2a: Skeledirge|56\/100\n|\n|t:|1701098433\n|switch|p1a: Alces|Ting-Lu|100\/100|[from] U-turn\n|-ability|p1a: Alces|Vessel of Ruin\n|move|p2a: Skeledirge|Slack Off|p2a: Skeledirge\n|-heal|p2a: Skeledirge|100\/100\n|\n|upkeep\n|turn|15\n|\n|t:|1701098448\n|-terastallize|p2a: Skeledirge|Fairy\n|move|p2a: Skeledirge|Torch Song|p1a: Alces\n|-damage|p1a: Alces|88\/100\n|-boost|p2a: Skeledirge|spa|1\n|move|p1a: Alces|Earthquake|p2a: Skeledirge\n|-crit|p2a: Skeledirge\n|-damage|p2a: Skeledirge|65\/100\n|\n|-heal|p1a: Alces|94\/100|[from] item: Leftovers\n|upkeep\n|turn|16\n|\n|t:|1701098460\n|switch|p2a: Garchomp|Garchomp, M|100\/100\n|move|p1a: Alces|Whirlwind|p2a: Garchomp\n|drag|p2a: Skeledirge|Skeledirge, M, tera:Fairy|65\/100\n|\n|-heal|p1a: Alces|100\/100|[from] item: Leftovers\n|upkeep\n|turn|17\n|\n|t:|1701098471\n|move|p2a: Skeledirge|Will-O-Wisp|p1a: Alces\n|-status|p1a: Alces|brn\n|move|p1a: Alces|Ruination|p2a: Skeledirge\n|-damage|p2a: Skeledirge|33\/100\n|\n|-damage|p1a: Alces|94\/100 brn|[from] brn\n|upkeep\n|turn|18\n|\n|t:|1701098478\n|move|p2a: Skeledirge|Slack Off|p2a: Skeledirge\n|-heal|p2a: Skeledirge|83\/100\n|move|p1a: Alces|Ruination|p2a: Skeledirge\n|-damage|p2a: Skeledirge|42\/100\n|\n|-heal|p1a: Alces|100\/100 brn|[from] item: Leftovers\n|-damage|p1a: Alces|94\/100 brn|[from] brn\n|upkeep\n|turn|19\n|\n|t:|1701098487\n|move|p2a: Skeledirge|Torch Song|p1a: Alces\n|-damage|p1a: Alces|83\/100 brn\n|-boost|p2a: Skeledirge|spa|1\n|move|p1a: Alces|Ruination|p2a: Skeledirge\n|-damage|p2a: Skeledirge|21\/100\n|\n|-heal|p1a: Alces|89\/100 brn|[from] item: Leftovers\n|-damage|p1a: Alces|83\/100 brn|[from] brn\n|upkeep\n|turn|20\n|\n|t:|1701098496\n|move|p2a: Skeledirge|Slack Off|p2a: Skeledirge\n|-heal|p2a: Skeledirge|71\/100\n|move|p1a: Alces|Whirlwind|p2a: Skeledirge\n|drag|p2a: Garchomp|Garchomp, M|100\/100\n|\n|-heal|p1a: Alces|89\/100 brn|[from] item: Leftovers\n|-damage|p1a: Alces|83\/100 brn|[from] brn\n|upkeep\n|turn|21\n|\n|t:|1701098505\n|move|p2a: Garchomp|Swords Dance|p2a: Garchomp\n|-boost|p2a: Garchomp|atk|2\n|move|p1a: Alces|Ruination|p2a: Garchomp\n|-damage|p2a: Garchomp|51\/100\n|\n|-heal|p1a: Alces|89\/100 brn|[from] item: Leftovers\n|-damage|p1a: Alces|83\/100 brn|[from] brn\n|upkeep\n|turn|22\n|\n|t:|1701098516\n|move|p2a: Garchomp|Swords Dance|p2a: Garchomp\n|-boost|p2a: Garchomp|atk|2\n|move|p1a: Alces|Whirlwind|p2a: Garchomp\n|drag|p2a: Skeledirge|Skeledirge, M, tera:Fairy|71\/100\n|\n|-heal|p1a: Alces|89\/100 brn|[from] item: Leftovers\n|-damage|p1a: Alces|83\/100 brn|[from] brn\n|upkeep\n|turn|23\n|\n|t:|1701098534\n|move|p2a: Skeledirge|Hex|p1a: Alces\n|-resisted|p1a: Alces\n|-damage|p1a: Alces|73\/100 brn\n|move|p1a: Alces|Stealth Rock|p2a: Skeledirge\n|-sidestart|p2: Bulka4000|move: Stealth Rock\n|\n|-heal|p1a: Alces|79\/100 brn|[from] item: Leftovers\n|-damage|p1a: Alces|73\/100 brn|[from] brn\n|upkeep\n|turn|24\n|\n|t:|1701098551\n|move|p2a: Skeledirge|Torch Song|p1a: Alces\n|-damage|p1a: Alces|60\/100 brn\n|-boost|p2a: Skeledirge|spa|1\n|move|p1a: Alces|Whirlwind|p2a: Skeledirge\n|drag|p2a: Garchomp|Garchomp, M|51\/100\n|-damage|p2a: Garchomp|44\/100|[from] Stealth Rock\n|\n|-heal|p1a: Alces|66\/100 brn|[from] item: Leftovers\n|-damage|p1a: Alces|60\/100 brn|[from] brn\n|upkeep\n|turn|25\n|\n|t:|1701098563\n|move|p2a: Garchomp|Swords Dance|p2a: Garchomp\n|-boost|p2a: Garchomp|atk|2\n|move|p1a: Alces|Whirlwind|p2a: Garchomp\n|drag|p2a: Skeledirge|Skeledirge, M, tera:Fairy|71\/100\n|\n|-heal|p1a: Alces|66\/100 brn|[from] item: Leftovers\n|-damage|p1a: Alces|60\/100 brn|[from] brn\n|upkeep\n|turn|26\n|\n|t:|1701098576\n|move|p2a: Skeledirge|Torch Song|p1a: Alces\n|-damage|p1a: Alces|47\/100 brn\n|-boost|p2a: Skeledirge|spa|1\n|move|p1a: Alces|Whirlwind|p2a: Skeledirge\n|drag|p2a: Garchomp|Garchomp, M|44\/100\n|-damage|p2a: Garchomp|38\/100|[from] Stealth Rock\n|\n|-heal|p1a: Alces|53\/100 brn|[from] item: Leftovers\n|-damage|p1a: Alces|47\/100 brn|[from] brn\n|upkeep\n|turn|27\n|\n|t:|1701098588\n|move|p2a: Garchomp|Dragon Claw|p1a: Alces\n|-damage|p1a: Alces|23\/100 brn\n|move|p1a: Alces|Whirlwind|p2a: Garchomp\n|drag|p2a: Skeledirge|Skeledirge, M, tera:Fairy|71\/100\n|\n|-heal|p1a: Alces|29\/100 brn|[from] item: Leftovers\n|-damage|p1a: Alces|23\/100 brn|[from] brn\n|upkeep\n|turn|28\n|\n|t:|1701098596\n|move|p2a: Skeledirge|Torch Song|p1a: Alces\n|-damage|p1a: Alces|9\/100 brn\n|-boost|p2a: Skeledirge|spa|1\n|move|p1a: Alces|Whirlwind|p2a: Skeledirge\n|drag|p2a: Garchomp|Garchomp, M|38\/100\n|-damage|p2a: Garchomp|32\/100|[from] Stealth Rock\n|\n|-heal|p1a: Alces|16\/100 brn|[from] item: Leftovers\n|-damage|p1a: Alces|9\/100 brn|[from] brn\n|upkeep\n|turn|29\n|\n|t:|1701098607\n|move|p2a: Garchomp|Dragon Claw|p1a: Alces\n|-damage|p1a: Alces|0 fnt\n|faint|p1a: Alces\n|\n|upkeep\n|\n|t:|1701098612\n|switch|p1a: Vultur Volans|Moltres|100\/100\n|turn|30\n|\n|t:|1701098616\n|move|p2a: Garchomp|Swords Dance|p2a: Garchomp\n|-boost|p2a: Garchomp|atk|2\n|move|p1a: Vultur Volans|Flamethrower|p2a: Garchomp\n|-resisted|p2a: Garchomp\n|-damage|p2a: Garchomp|15\/100\n|\n|upkeep\n|turn|31\n|\n|t:|1701098622\n|move|p2a: Garchomp|Dragon Claw|p1a: Vultur Volans\n|-damage|p1a: Vultur Volans|28\/100\n|move|p1a: Vultur Volans|Flamethrower|p2a: Garchomp\n|-resisted|p2a: Garchomp\n|-damage|p2a: Garchomp|0 fnt\n|faint|p2a: Garchomp\n|\n|upkeep\n|\n|t:|1701098630\n|switch|p2a: Skeledirge|Skeledirge, M, tera:Fairy|71\/100\n|turn|32\n|\n|t:|1701098636\n|move|p1a: Vultur Volans|Roost|p1a: Vultur Volans\n|-heal|p1a: Vultur Volans|78\/100\n|-singleturn|p1a: Vultur Volans|move: Roost\n|move|p2a: Skeledirge|Hex|p1a: Vultur Volans\n|-damage|p1a: Vultur Volans|56\/100\n|\n|upkeep\n|turn|33\n|\n|t:|1701098643\n|move|p1a: Vultur Volans|U-turn|p2a: Skeledirge\n|-resisted|p2a: Skeledirge\n|-damage|p2a: Skeledirge|67\/100\n|\n|t:|1701098647\n|switch|p1a: Terra Tigris|Landorus-Therian, M|41\/100|[from] U-turn\n|-ability|p1a: Terra Tigris|Intimidate|boost\n|-unboost|p2a: Skeledirge|atk|1\n|move|p2a: Skeledirge|Hex|p1a: Terra Tigris\n|-damage|p1a: Terra Tigris|16\/100\n|\n|-heal|p1a: Terra Tigris|22\/100|[from] item: Leftovers\n|upkeep\n|turn|34\n|\n|t:|1701098656\n|move|p1a: Terra Tigris|Toxic|p2a: Skeledirge\n|-status|p2a: Skeledirge|tox\n|move|p2a: Skeledirge|Hex|p1a: Terra Tigris\n|-damage|p1a: Terra Tigris|0 fnt\n|faint|p1a: Terra Tigris\n|\n|-damage|p2a: Skeledirge|60\/100 tox|[from] psn\n|upkeep\n|\n|t:|1701098664\n|switch|p1a: Gelida Vagus|Kyurem, shiny|100\/100\n|-ability|p1a: Gelida Vagus|Pressure\n|turn|35\n|\n|t:|1701098674\n|move|p1a: Gelida Vagus|Substitute|p1a: Gelida Vagus\n|-start|p1a: Gelida Vagus|Substitute\n|-damage|p1a: Gelida Vagus|76\/100\n|move|p2a: Skeledirge|Hex|p1a: Gelida Vagus\n|-activate|p1a: Gelida Vagus|move: Substitute|[damage]\n|\n|-damage|p2a: Skeledirge|48\/100 tox|[from] psn\n|upkeep\n|turn|36\n|\n|t:|1701098681\n|move|p1a: Gelida Vagus|Earth Power|p2a: Skeledirge\n|-damage|p2a: Skeledirge|15\/100 tox\n|move|p2a: Skeledirge|Slack Off|p2a: Skeledirge\n|-heal|p2a: Skeledirge|65\/100 tox\n|\n|-damage|p2a: Skeledirge|47\/100 tox|[from] psn\n|upkeep\n|turn|37\n|\n|t:|1701098692\n|move|p1a: Gelida Vagus|Earth Power|p2a: Skeledirge\n|-damage|p2a: Skeledirge|15\/100 tox\n|move|p2a: Skeledirge|Torch Song|p1a: Gelida Vagus\n|-damage|p1a: Gelida Vagus|47\/100\n|-boost|p2a: Skeledirge|spa|1\n|\n|-damage|p2a: Skeledirge|0 fnt|[from] psn\n|faint|p2a: Skeledirge\n|\n|win|AesirEcho\n|upkeep\n|l|\u2606Bulka4000\n","uploadtime":1701098706,"views":4,"p1id":"aesirecho","p2id":"bulka4000","formatid":"gen9nationaldex","rating":0,"private":0,"password":""}