{"id":"gen9nationaldex-1988258774","p1":"FRANATS","p2":"lililioerty","format":"[Gen 9] National Dex","log":"|j|\u2606FRANATS\n|j|\u2606lililioerty\n|t:|1699696300\n|gametype|singles\n|player|p1|FRANATS|265|1294\n|player|p2|lililioerty|1|1345\n|teamsize|p1|6\n|teamsize|p2|6\n|gen|9\n|tier|[Gen 9] National Dex\n|rated|\n|rule|HP Percentage Mod: HP is shown in percentages\n|rule|Endless Battle Clause: Forcing endless battles is banned\n|rule|OHKO Clause: OHKO moves are banned\n|rule|Evasion Clause: Evasion abilities, items, and moves are banned\n|rule|Evasion Abilities Clause: Evasion abilities are banned\n|rule|Evasion Items Clause: Evasion items are banned\n|rule|Evasion Moves Clause: Evasion moves are banned\n|rule|Species Clause: Limit one of each Pok\u00e9mon\n|rule|Sleep Clause Mod: Limit one foe put to sleep\n|clearpoke\n|poke|p1|Dondozo, F|\n|poke|p1|Sableye, M|\n|poke|p1|Gliscor, F|\n|poke|p1|Alomomola, F|\n|poke|p1|Chansey, F|\n|poke|p1|Toxapex, F|\n|poke|p2|Lopunny, M|\n|poke|p2|Zoroark-Hisui, M|\n|poke|p2|Meowscarada, F|\n|poke|p2|Sneasler, F|\n|poke|p2|Tornadus-Therian, M|\n|poke|p2|Toxapex, F|\n|teampreview\n|inactive|Battle timer is ON: inactive players will automatically lose when time's up. (requested by lililioerty)\n|\n|t:|1699696339\n|start\n|switch|p1a: Sableye|Sableye, M, shiny|100\/100\n|switch|p2a: Meowscarada|Meowscarada, F|100\/100\n|turn|1\n|\n|t:|1699696347\n|detailschange|p1a: Sableye|Sableye-Mega, M, shiny\n|-mega|p1a: Sableye|Sableye|Sablenite\n|move|p2a: Meowscarada|Bitter Malice|p1a: Sableye\n|-damage|p1a: Sableye|68\/100\n|-unboost|p1a: Sableye|atk|1\n|move|p1a: Sableye|Will-O-Wisp|p2a: Meowscarada\n|-status|p2a: Meowscarada|brn\n|\n|-damage|p2a: Meowscarada|95\/100 brn|[from] brn\n|upkeep\n|turn|2\n|\n|t:|1699696362\n|switch|p2a: Meowscarada|Meowscarada, F|100\/100\n|move|p1a: Sableye|Recover|p1a: Sableye\n|-heal|p1a: Sableye|100\/100\n|\n|upkeep\n|turn|3\n|\n|t:|1699696375\n|move|p2a: Meowscarada|U-turn|p1a: Sableye\n|-start|p2a: Meowscarada|typechange|Bug|[from] ability: Protean\n|-damage|p1a: Sableye|63\/100\n|\n|t:|1699696383\n|switch|p2a: Meowscarada|Meowscarada, F|95\/100 brn|[from] U-turn\n|move|p1a: Sableye|Will-O-Wisp|p2a: Meowscarada\n|-fail|p2a: Meowscarada|brn\n|\n|-damage|p2a: Meowscarada|89\/100 brn|[from] brn\n|upkeep\n|turn|4\n|\n|t:|1699696396\n|switch|p1a: Chansey|Chansey, F|100\/100\n|move|p2a: Meowscarada|Bitter Malice|p1a: Chansey\n|-immune|p1a: Chansey\n|\n|-damage|p2a: Meowscarada|83\/100 brn|[from] brn\n|upkeep\n|turn|5\n|\n|t:|1699696409\n|switch|p2a: Sneasler|Sneasler, F|100\/100\n|switch|p1a: Alomomola|Alomomola, F|100\/100\n|\n|upkeep\n|turn|6\n|\n|t:|1699696415\n|move|p1a: Alomomola|Protect|p1a: Alomomola\n|-singleturn|p1a: Alomomola|Protect\n|move|p2a: Sneasler|Swords Dance|p2a: Sneasler\n|-boost|p2a: Sneasler|atk|2\n|\n|upkeep\n|turn|7\n|\n|t:|1699696428\n|move|p2a: Sneasler|Dire Claw|p1a: Alomomola\n|-damage|p1a: Alomomola|51\/100\n|move|p1a: Alomomola|Wish|p1a: Alomomola\n|\n|upkeep\n|turn|8\n|\n|t:|1699696437\n|move|p1a: Alomomola|Protect|p1a: Alomomola\n|-singleturn|p1a: Alomomola|Protect\n|move|p2a: Sneasler|Swords Dance|p2a: Sneasler\n|-boost|p2a: Sneasler|atk|2\n|\n|-heal|p1a: Alomomola|100\/100|[from] move: Wish|[wisher] Alomomola\n|upkeep\n|turn|9\n|\n|t:|1699696444\n|move|p2a: Sneasler|Dire Claw|p1a: Alomomola\n|-damage|p1a: Alomomola|34\/100\n|-status|p1a: Alomomola|slp\n|cant|p1a: Alomomola|slp\n|\n|upkeep\n|turn|10\n|\n|t:|1699696461\n|switch|p1a: Dondozo|Dondozo, F|100\/100\n|move|p2a: Sneasler|Close Combat|p1a: Dondozo\n|-damage|p1a: Dondozo|71\/100\n|-unboost|p2a: Sneasler|def|1\n|-unboost|p2a: Sneasler|spd|1\n|-enditem|p2a: Sneasler|White Herb\n|-clearnegativeboost|p2a: Sneasler|[silent]\n|\n|-heal|p1a: Dondozo|77\/100|[from] item: Leftovers\n|upkeep\n|turn|11\n|inactive|FRANATS has 120 seconds left.\n|\n|t:|1699696497\n|-terastallize|p2a: Sneasler|Flying\n|move|p2a: Sneasler|Acrobatics|p1a: Dondozo\n|-damage|p1a: Dondozo|50\/100\n|move|p1a: Dondozo|Rest|p1a: Dondozo\n|-status|p1a: Dondozo|slp|[from] move: Rest\n|-heal|p1a: Dondozo|100\/100 slp|[silent]\n|\n|upkeep\n|turn|12\n|\n|t:|1699696508\n|move|p2a: Sneasler|Acrobatics|p1a: Dondozo\n|-damage|p1a: Dondozo|72\/100 slp\n|cant|p1a: Dondozo|slp\n|\n|-heal|p1a: Dondozo|78\/100 slp|[from] item: Leftovers\n|upkeep\n|turn|13\n|inactive|FRANATS has 120 seconds left.\n|\n|t:|1699696513\n|move|p2a: Sneasler|Acrobatics|p1a: Dondozo\n|-damage|p1a: Dondozo|50\/100 slp\n|cant|p1a: Dondozo|slp\n|\n|-heal|p1a: Dondozo|56\/100 slp|[from] item: Leftovers\n|upkeep\n|turn|14\n|\n|t:|1699696519\n|move|p2a: Sneasler|Acrobatics|p1a: Dondozo\n|-damage|p1a: Dondozo|30\/100 slp\n|-curestatus|p1a: Dondozo|slp|[msg]\n|move|p1a: Dondozo|Liquidation|p2a: Sneasler\n|-damage|p2a: Sneasler|51\/100\n|\n|-heal|p1a: Dondozo|36\/100|[from] item: Leftovers\n|upkeep\n|turn|15\n|\n|t:|1699696529\n|move|p2a: Sneasler|Dire Claw|p1a: Dondozo\n|-damage|p1a: Dondozo|16\/100\n|move|p1a: Dondozo|Rest|p1a: Dondozo\n|-status|p1a: Dondozo|slp|[from] move: Rest\n|-heal|p1a: Dondozo|100\/100 slp|[silent]\n|\n|upkeep\n|turn|16\n|\n|t:|1699696536\n|move|p2a: Sneasler|Acrobatics|p1a: Dondozo\n|-damage|p1a: Dondozo|74\/100 slp\n|cant|p1a: Dondozo|slp\n|\n|-heal|p1a: Dondozo|80\/100 slp|[from] item: Leftovers\n|upkeep\n|turn|17\n|\n|t:|1699696541\n|move|p2a: Sneasler|Acrobatics|p1a: Dondozo\n|-damage|p1a: Dondozo|53\/100 slp\n|cant|p1a: Dondozo|slp\n|\n|-heal|p1a: Dondozo|60\/100 slp|[from] item: Leftovers\n|upkeep\n|turn|18\n|\n|t:|1699696545\n|-terastallize|p1a: Dondozo|Water\n|move|p2a: Sneasler|Acrobatics|p1a: Dondozo\n|-damage|p1a: Dondozo|29\/100 slp\n|-curestatus|p1a: Dondozo|slp|[msg]\n|move|p1a: Dondozo|Liquidation|p2a: Sneasler\n|-damage|p2a: Sneasler|0 fnt\n|faint|p2a: Sneasler\n|\n|-heal|p1a: Dondozo|35\/100|[from] item: Leftovers\n|upkeep\n|\n|t:|1699696551\n|switch|p2a: Meowscarada|Meowscarada, F|100\/100\n|turn|19\n|\n|t:|1699696558\n|switch|p1a: Toxapex|Toxapex, F|100\/100\n|move|p2a: Meowscarada|U-turn|p1a: Toxapex\n|-start|p2a: Meowscarada|typechange|Bug|[from] ability: Protean\n|-resisted|p1a: Toxapex\n|-damage|p1a: Toxapex|86\/100\n|\n|t:|1699696561\n|switch|p2a: Lopunny|Lopunny, M|83\/100 brn|[from] U-turn\n|\n|-heal|p1a: Toxapex|92\/100|[from] item: Black Sludge\n|-damage|p2a: Lopunny|77\/100 brn|[from] brn\n|upkeep\n|turn|20\n|\n|t:|1699696581\n|switch|p2a: Meowscarada|Meowscarada, F|100\/100\n|switch|p1a: Gliscor|Gliscor, F, shiny|100\/100\n|\n|-status|p1a: Gliscor|tox|[from] item: Toxic Orb\n|upkeep\n|turn|21\n|\n|t:|1699696592\n|move|p1a: Gliscor|Protect|p1a: Gliscor\n|-singleturn|p1a: Gliscor|Protect\n|move|p2a: Meowscarada|Flower Trick|p1a: Gliscor\n|-start|p2a: Meowscarada|typechange|Grass|[from] ability: Protean\n|-activate|p1a: Gliscor|move: Protect\n|\n|upkeep\n|turn|22\n|\n|t:|1699696606\n|move|p2a: Meowscarada|Flower Trick|p1a: Gliscor\n|-crit|p1a: Gliscor\n|-damage|p1a: Gliscor|50\/100 tox\n|move|p1a: Gliscor|Earthquake|p2a: Meowscarada\n|-resisted|p2a: Meowscarada\n|-damage|p2a: Meowscarada|76\/100\n|\n|-heal|p1a: Gliscor|63\/100 tox|[from] ability: Poison Heal\n|upkeep\n|turn|23\n|\n|t:|1699696613\n|move|p1a: Gliscor|Protect|p1a: Gliscor\n|-singleturn|p1a: Gliscor|Protect\n|move|p2a: Meowscarada|Flower Trick|p1a: Gliscor\n|-activate|p1a: Gliscor|move: Protect\n|\n|-heal|p1a: Gliscor|75\/100 tox|[from] ability: Poison Heal\n|upkeep\n|turn|24\n|\n|t:|1699696624\n|switch|p1a: Toxapex|Toxapex, F|100\/100\n|move|p2a: Meowscarada|Flower Trick|p1a: Toxapex\n|-crit|p1a: Toxapex\n|-damage|p1a: Toxapex|57\/100\n|\n|-heal|p1a: Toxapex|63\/100|[from] item: Black Sludge\n|upkeep\n|turn|25\n|\n|t:|1699696631\n|switch|p2a: Toxapex|Toxapex, F|100\/100\n|move|p1a: Toxapex|Toxic|p2a: Toxapex\n|-immune|p2a: Toxapex\n|\n|-heal|p1a: Toxapex|70\/100|[from] item: Black Sludge\n|upkeep\n|turn|26\n|\n|t:|1699696637\n|move|p1a: Toxapex|Scald|p2a: Toxapex\n|-resisted|p2a: Toxapex\n|-damage|p2a: Toxapex|94\/100\n|-status|p2a: Toxapex|brn\n|-enditem|p2a: Toxapex|Eject Button\n|\n|t:|1699696642\n|switch|p2a: Lopunny|Lopunny, M|77\/100 brn\n|\n|-heal|p1a: Toxapex|76\/100|[from] item: Black Sludge\n|-damage|p2a: Lopunny|71\/100 brn|[from] brn\n|upkeep\n|turn|27\n|\n|t:|1699696646\n|switch|p1a: Gliscor|Gliscor, F, shiny|75\/100 tox\n|replace|p2a: Zoroark|Zoroark-Hisui, M\n|-end|p2a: Zoroark|Illusion\n|-zpower|p2a: Zoroark\n|move|p2a: Zoroark|Breakneck Blitz|p1a: Gliscor|[zeffect]\n|-damage|p1a: Gliscor|0 fnt\n|faint|p1a: Gliscor\n|\n|-damage|p2a: Zoroark|65\/100 brn|[from] brn\n|upkeep\n|\n|t:|1699696661\n|switch|p1a: Alomomola|Alomomola, F|67\/100 slp\n|turn|28\n|\n|t:|1699696670\n|switch|p2a: Meowscarada|Meowscarada, F|76\/100\n|switch|p1a: Chansey|Chansey, F|100\/100\n|\n|upkeep\n|turn|29\n|\n|t:|1699696676\n|switch|p1a: Toxapex|Toxapex, F|100\/100\n|move|p2a: Meowscarada|Knock Off|p1a: Toxapex\n|-start|p2a: Meowscarada|typechange|Dark|[from] ability: Protean\n|-damage|p1a: Toxapex|64\/100\n|-enditem|p1a: Toxapex|Black Sludge|[from] move: Knock Off|[of] p2a: Meowscarada\n|\n|upkeep\n|turn|30\n|\n|t:|1699696691\n|switch|p2a: Toxapex|Toxapex, F|100\/100 brn\n|switch|p1a: Sableye|Sableye-Mega, M, shiny|63\/100\n|\n|-damage|p2a: Toxapex|95\/100 brn|[from] brn\n|upkeep\n|turn|31\n|\n|t:|1699696698\n|move|p2a: Toxapex|Scald|p1a: Sableye\n|-damage|p1a: Sableye|50\/100\n|-status|p1a: Sableye|brn\n|move|p1a: Sableye|Knock Off|p2a: Toxapex\n|-damage|p2a: Toxapex|89\/100 brn\n|\n|-damage|p2a: Toxapex|83\/100 brn|[from] brn\n|-damage|p1a: Sableye|44\/100 brn|[from] brn\n|upkeep\n|turn|32\n|\n|t:|1699696709\n|switch|p2a: Lopunny|Lopunny, M|100\/100\n|move|p1a: Sableye|Recover|p1a: Sableye\n|-heal|p1a: Sableye|94\/100 brn\n|\n|-damage|p1a: Sableye|88\/100 brn|[from] brn\n|upkeep\n|turn|33\n|\n|t:|1699696718\n|detailschange|p2a: Lopunny|Lopunny-Mega, M\n|-mega|p2a: Lopunny|Lopunny|Lopunnite\n|move|p2a: Lopunny|Fake Out|p1a: Sableye\n|-damage|p1a: Sableye|68\/100 brn\n|cant|p1a: Sableye|flinch\n|\n|-damage|p1a: Sableye|62\/100 brn|[from] brn\n|upkeep\n|turn|34\n|\n|t:|1699696723\n|move|p2a: Lopunny|U-turn|p1a: Sableye\n|-damage|p1a: Sableye|39\/100 brn\n|\n|t:|1699696725\n|switch|p2a: Toxapex|Toxapex, F|100\/100 brn|[from] U-turn\n|move|p1a: Sableye|Will-O-Wisp|p2a: Toxapex\n|-fail|p2a: Toxapex|brn\n|\n|-damage|p2a: Toxapex|95\/100 brn|[from] brn\n|-damage|p1a: Sableye|33\/100 brn|[from] brn\n|upkeep\n|turn|35\n|\n|t:|1699696729\n|move|p1a: Sableye|Protect|p1a: Sableye\n|-singleturn|p1a: Sableye|Protect\n|move|p2a: Toxapex|Scald|p1a: Sableye\n|-activate|p1a: Sableye|move: Protect\n|\n|-damage|p2a: Toxapex|89\/100 brn|[from] brn\n|-damage|p1a: Sableye|27\/100 brn|[from] brn\n|upkeep\n|turn|36\n|\n|t:|1699696734\n|move|p2a: Toxapex|Scald|p1a: Sableye\n|-damage|p1a: Sableye|14\/100 brn\n|move|p1a: Sableye|Recover|p1a: Sableye\n|-heal|p1a: Sableye|64\/100 brn\n|\n|-damage|p2a: Toxapex|83\/100 brn|[from] brn\n|-damage|p1a: Sableye|58\/100 brn|[from] brn\n|upkeep\n|turn|37\n|\n|t:|1699696740\n|move|p2a: Toxapex|Scald|p1a: Sableye\n|-damage|p1a: Sableye|43\/100 brn\n|move|p1a: Sableye|Recover|p1a: Sableye\n|-heal|p1a: Sableye|93\/100 brn\n|\n|-damage|p2a: Toxapex|77\/100 brn|[from] brn\n|-damage|p1a: Sableye|87\/100 brn|[from] brn\n|upkeep\n|turn|38\n|\n|t:|1699696753\n|switch|p2a: Lopunny|Lopunny-Mega, M|100\/100\n|switch|p1a: Chansey|Chansey, F|100\/100\n|\n|upkeep\n|turn|39\n|\n|t:|1699696762\n|switch|p1a: Sableye|Sableye-Mega, M, shiny|87\/100 brn\n|move|p2a: Lopunny|Return|p1a: Sableye\n|-damage|p1a: Sableye|40\/100 brn\n|\n|-damage|p1a: Sableye|34\/100 brn|[from] brn\n|upkeep\n|turn|40\n|\n|t:|1699696768\n|move|p1a: Sableye|Protect|p1a: Sableye\n|-singleturn|p1a: Sableye|Protect\n|move|p2a: Lopunny|Close Combat|p1a: Sableye\n|-activate|p1a: Sableye|move: Protect\n|\n|-damage|p1a: Sableye|28\/100 brn|[from] brn\n|upkeep\n|turn|41\n|\n|t:|1699696777\n|switch|p1a: Toxapex|Toxapex, F|97\/100\n|move|p2a: Lopunny|Return|p1a: Toxapex\n|-damage|p1a: Toxapex|61\/100\n|\n|upkeep\n|turn|42\n|\n|t:|1699696785\n|switch|p2a: Toxapex|Toxapex, F|65\/100 brn\n|move|p1a: Toxapex|Toxic||[still]\n|-fail|p1a: Toxapex\n|\n|-damage|p2a: Toxapex|59\/100 brn|[from] brn\n|upkeep\n|turn|43\n|\n|t:|1699696790\n|switch|p1a: Chansey|Chansey, F|100\/100\n|move|p2a: Toxapex|Extrasensory|p1a: Chansey\n|-damage|p1a: Chansey|93\/100\n|\n|-damage|p2a: Toxapex|53\/100 brn|[from] brn\n|upkeep\n|turn|44\n|\n|t:|1699696796\n|switch|p2a: Tornadus|Tornadus-Therian, M|100\/100\n|move|p1a: Chansey|Aromatherapy|p1a: Chansey\n|-activate|p1a: Chansey|move: Aromatherapy\n|-curestatus|p1: Alomomola|slp|[msg]\n|-curestatus|p1: Sableye|brn|[msg]\n|\n|upkeep\n|turn|45\n|\n|t:|1699696803\n|move|p2a: Tornadus|Bleakwind Storm|p1a: Chansey\n|-damage|p1a: Chansey|79\/100\n|move|p1a: Chansey|Toxic|p2a: Tornadus\n|-status|p2a: Tornadus|tox\n|\n|-damage|p2a: Tornadus|94\/100 tox|[from] psn\n|upkeep\n|turn|46\n|\n|t:|1699696812\n|switch|p2a: Lopunny|Lopunny-Mega, M|100\/100\n|switch|p1a: Alomomola|Alomomola, F|99\/100\n|\n|upkeep\n|turn|47\n|\n|t:|1699696818\n|move|p2a: Lopunny|Fake Out|p1a: Alomomola\n|-damage|p1a: Alomomola|88\/100\n|cant|p1a: Alomomola|flinch\n|\n|upkeep\n|turn|48\n|\n|t:|1699696822\n|move|p2a: Lopunny|U-turn|p1a: Alomomola\n|-damage|p1a: Alomomola|75\/100\n|\n|t:|1699696826\n|switch|p2a: Meowscarada|Meowscarada, F|76\/100|[from] U-turn\n|move|p1a: Alomomola|Wish|p1a: Alomomola\n|\n|upkeep\n|turn|49\n|\n|t:|1699696838\n|switch|p1a: Sableye|Sableye-Mega, M, shiny|28\/100\n|move|p2a: Meowscarada|Flower Trick|p1a: Sableye\n|-start|p2a: Meowscarada|typechange|Grass|[from] ability: Protean\n|-crit|p1a: Sableye\n|-damage|p1a: Sableye|0 fnt\n|faint|p1a: Sableye\n|\n|upkeep\n|\n|t:|1699696857\n|switch|p1a: Toxapex|Toxapex, F|94\/100\n|turn|50\n|\n|t:|1699696865\n|switch|p2a: Toxapex|Toxapex, F|100\/100 brn\n|move|p1a: Toxapex|Toxic||[still]\n|-fail|p1a: Toxapex\n|\n|-damage|p2a: Toxapex|95\/100 brn|[from] brn\n|upkeep\n|turn|51\n|\n|t:|1699696877\n|switch|p1a: Alomomola|Alomomola, F|100\/100\n|move|p2a: Toxapex|Scald|p1a: Alomomola\n|-resisted|p1a: Alomomola\n|-damage|p1a: Alomomola|91\/100\n|-status|p1a: Alomomola|brn\n|\n|-damage|p1a: Alomomola|85\/100 brn|[from] brn\n|-damage|p2a: Toxapex|89\/100 brn|[from] brn\n|upkeep\n|turn|52\n|\n|t:|1699696885\n|switch|p2a: Meowscarada|Meowscarada, F|76\/100\n|move|p1a: Alomomola|Wish|p1a: Alomomola\n|\n|-damage|p1a: Alomomola|78\/100 brn|[from] brn\n|upkeep\n|turn|53\n|\n|t:|1699696890\n|switch|p1a: Toxapex|Toxapex, F|100\/100\n|move|p2a: Meowscarada|Knock Off|p1a: Toxapex\n|-start|p2a: Meowscarada|typechange|Dark|[from] ability: Protean\n|-damage|p1a: Toxapex|75\/100\n|\n|-heal|p1a: Toxapex|100\/100|[from] move: Wish|[wisher] Alomomola\n|upkeep\n|turn|54\n|\n|t:|1699696902\n|switch|p2a: Toxapex|Toxapex, F|100\/100 brn\n|switch|p1a: Alomomola|Alomomola, F|100\/100 brn\n|\n|-damage|p1a: Alomomola|94\/100 brn|[from] brn\n|-damage|p2a: Toxapex|95\/100 brn|[from] brn\n|upkeep\n|turn|55\n|\n|t:|1699696906\n|move|p1a: Alomomola|Wish|p1a: Alomomola\n|move|p2a: Toxapex|Scald|p1a: Alomomola\n|-resisted|p1a: Alomomola\n|-damage|p1a: Alomomola|84\/100 brn\n|\n|-damage|p1a: Alomomola|78\/100 brn|[from] brn\n|-damage|p2a: Toxapex|89\/100 brn|[from] brn\n|upkeep\n|turn|56\n|\n|t:|1699696909\n|switch|p1a: Dondozo|Dondozo, F, tera:Water|35\/100\n|move|p2a: Toxapex|Scald|p1a: Dondozo\n|-resisted|p1a: Dondozo\n|-damage|p1a: Dondozo|27\/100\n|\n|-heal|p1a: Dondozo|80\/100|[from] move: Wish|[wisher] Alomomola\n|-heal|p1a: Dondozo|86\/100|[from] item: Leftovers\n|-damage|p2a: Toxapex|83\/100 brn|[from] brn\n|upkeep\n|turn|57\n|\n|t:|1699696922\n|move|p2a: Toxapex|Baneful Bunker|p2a: Toxapex\n|-singleturn|p2a: Toxapex|move: Protect\n|move|p1a: Dondozo|Body Press|p2a: Toxapex\n|-activate|p2a: Toxapex|move: Protect\n|-status|p1a: Dondozo|psn\n|\n|-heal|p1a: Dondozo|93\/100 psn|[from] item: Leftovers\n|-damage|p1a: Dondozo|80\/100 psn|[from] psn\n|-damage|p2a: Toxapex|77\/100 brn|[from] brn\n|upkeep\n|turn|58\n|\n|t:|1699696927\n|move|p1a: Dondozo|Body Press|p2a: Toxapex\n|-resisted|p2a: Toxapex\n|-damage|p2a: Toxapex|68\/100 brn\n|move|p2a: Toxapex|Scald|p1a: Dondozo\n|-resisted|p1a: Dondozo\n|-damage|p1a: Dondozo|71\/100 psn\n|\n|-heal|p1a: Dondozo|77\/100 psn|[from] item: Leftovers\n|-damage|p1a: Dondozo|65\/100 psn|[from] psn\n|-damage|p2a: Toxapex|63\/100 brn|[from] brn\n|upkeep\n|turn|59\n|\n|t:|1699696931\n|move|p2a: Toxapex|Baneful Bunker|p2a: Toxapex\n|-singleturn|p2a: Toxapex|move: Protect\n|move|p1a: Dondozo|Rest|p1a: Dondozo\n|-status|p1a: Dondozo|slp|[from] move: Rest\n|-heal|p1a: Dondozo|100\/100 slp|[silent]\n|\n|-damage|p2a: Toxapex|57\/100 brn|[from] brn\n|upkeep\n|turn|60\n|\n|t:|1699696942\n|switch|p2a: Meowscarada|Meowscarada, F|76\/100\n|cant|p1a: Dondozo|slp\n|\n|upkeep\n|turn|61\n|j| amun-ra666\n|\n|t:|1699696947\n|switch|p1a: Toxapex|Toxapex, F|100\/100\n|move|p2a: Meowscarada|Flower Trick|p1a: Toxapex\n|-start|p2a: Meowscarada|typechange|Grass|[from] ability: Protean\n|-crit|p1a: Toxapex\n|-damage|p1a: Toxapex|53\/100\n|\n|upkeep\n|turn|62\n|\n|t:|1699696967\n|move|p2a: Meowscarada|Flower Trick|p1a: Toxapex\n|-crit|p1a: Toxapex\n|-damage|p1a: Toxapex|13\/100\n|move|p1a: Toxapex|Toxic|p2a: Meowscarada\n|-status|p2a: Meowscarada|tox\n|\n|-damage|p2a: Meowscarada|70\/100 tox|[from] psn\n|upkeep\n|turn|63\n|\n|t:|1699696976\n|switch|p1a: Dondozo|Dondozo, F, tera:Water|100\/100 slp\n|move|p2a: Meowscarada|Flower Trick|p1a: Dondozo\n|-supereffective|p1a: Dondozo\n|-crit|p1a: Dondozo\n|-damage|p1a: Dondozo|32\/100 slp\n|\n|-heal|p1a: Dondozo|38\/100 slp|[from] item: Leftovers\n|-damage|p2a: Meowscarada|57\/100 tox|[from] psn\n|upkeep\n|turn|64\n|\n|t:|1699696988\n|move|p2a: Meowscarada|Flower Trick|p1a: Dondozo\n|-supereffective|p1a: Dondozo\n|-crit|p1a: Dondozo\n|-damage|p1a: Dondozo|0 fnt\n|faint|p1a: Dondozo\n|\n|-damage|p2a: Meowscarada|39\/100 tox|[from] psn\n|upkeep\n|\n|t:|1699696993\n|switch|p1a: Alomomola|Alomomola, F|100\/100 brn\n|turn|65\n|\n|t:|1699697002\n|switch|p2a: Lopunny|Lopunny-Mega, M|100\/100\n|move|p1a: Alomomola|Wish|p1a: Alomomola\n|\n|-damage|p1a: Alomomola|94\/100 brn|[from] brn\n|upkeep\n|turn|66\n|\n|t:|1699697007\n|switch|p1a: Toxapex|Toxapex, F|46\/100\n|move|p2a: Lopunny|Fake Out|p1a: Toxapex\n|-damage|p1a: Toxapex|34\/100\n|\n|-heal|p1a: Toxapex|100\/100|[from] move: Wish|[wisher] Alomomola\n|upkeep\n|turn|67\n|\n|t:|1699697012\n|move|p2a: Lopunny|U-turn|p1a: Toxapex\n|-resisted|p1a: Toxapex\n|-damage|p1a: Toxapex|93\/100\n|\n|t:|1699697016\n|switch|p2a: Toxapex|Toxapex, F|53\/100 brn|[from] U-turn\n|move|p1a: Toxapex|Toxic||[still]\n|-fail|p1a: Toxapex\n|\n|-damage|p2a: Toxapex|47\/100 brn|[from] brn\n|upkeep\n|turn|68\n|\n|t:|1699697027\n|move|p2a: Toxapex|Extrasensory|p1a: Toxapex\n|-supereffective|p1a: Toxapex\n|-damage|p1a: Toxapex|50\/100\n|move|p1a: Toxapex|Scald|p2a: Toxapex\n|-damage|p2a: Toxapex|11\/100 brn\n|replace|p2a: Zoroark|Zoroark-Hisui, M\n|-end|p2a: Zoroark|Illusion\n|\n|-damage|p2a: Zoroark|5\/100 brn|[from] brn\n|upkeep\n|turn|69\n|\n|t:|1699697037\n|switch|p1a: Chansey|Chansey, F|79\/100\n|move|p2a: Zoroark|Hyper Voice|p1a: Chansey\n|-damage|p1a: Chansey|67\/100\n|\n|-damage|p2a: Zoroark|0 fnt|[from] brn\n|faint|p2a: Zoroark\n|upkeep\n|\n|t:|1699697042\n|switch|p2a: Lopunny|Lopunny-Mega, M|100\/100\n|turn|70\n|\n|t:|1699697055\n|switch|p1a: Alomomola|Alomomola, F|100\/100 brn\n|move|p2a: Lopunny|Return|p1a: Alomomola\n|-damage|p1a: Alomomola|72\/100 brn\n|\n|-damage|p1a: Alomomola|66\/100 brn|[from] brn\n|upkeep\n|turn|71\n|\n|t:|1699697060\n|move|p2a: Lopunny|Return|p1a: Alomomola\n|-damage|p1a: Alomomola|36\/100 brn\n|move|p1a: Alomomola|Toxic|p2a: Lopunny\n|-status|p2a: Lopunny|tox\n|\n|-damage|p2a: Lopunny|95\/100 tox|[from] psn\n|-damage|p1a: Alomomola|30\/100 brn|[from] brn\n|upkeep\n|turn|72\n|\n|t:|1699697065\n|move|p2a: Lopunny|Return|p1a: Alomomola\n|-crit|p1a: Alomomola\n|-damage|p1a: Alomomola|0 fnt\n|faint|p1a: Alomomola\n|\n|-damage|p2a: Lopunny|83\/100 tox|[from] psn\n|upkeep\n|\n|t:|1699697072\n|switch|p1a: Toxapex|Toxapex, F|83\/100\n|turn|73\n|c|\u2606lililioerty|\u52a0\u6cb9\n|\n|t:|1699697080\n|move|p2a: Lopunny|Return|p1a: Toxapex\n|-damage|p1a: Toxapex|52\/100\n|move|p1a: Toxapex|Recover|p1a: Toxapex\n|-heal|p1a: Toxapex|100\/100\n|\n|-damage|p2a: Lopunny|65\/100 tox|[from] psn\n|upkeep\n|turn|74\n|\n|t:|1699697091\n|switch|p2a: Toxapex|Toxapex, F|90\/100 brn\n|move|p1a: Toxapex|Scald|p2a: Toxapex\n|-resisted|p2a: Toxapex\n|-damage|p2a: Toxapex|83\/100 brn\n|\n|-damage|p2a: Toxapex|77\/100 brn|[from] brn\n|upkeep\n|turn|75\n|\n|t:|1699697100\n|switch|p1a: Chansey|Chansey, F|67\/100\n|move|p2a: Toxapex|Scald|p1a: Chansey\n|-damage|p1a: Chansey|62\/100\n|-status|p1a: Chansey|brn\n|\n|-damage|p1a: Chansey|56\/100 brn|[from] brn\n|-damage|p2a: Toxapex|71\/100 brn|[from] brn\n|upkeep\n|turn|76\n|\n|t:|1699697106\n|switch|p2a: Lopunny|Lopunny-Mega, M|65\/100 tox\n|move|p1a: Chansey|Soft-Boiled|p1a: Chansey\n|-heal|p1a: Chansey|100\/100 brn\n|\n|-damage|p2a: Lopunny|59\/100 tox|[from] psn\n|-damage|p1a: Chansey|94\/100 brn|[from] brn\n|upkeep\n|turn|77\n|\n|t:|1699697110\n|-curestatus|p1a: Chansey|brn|[from] ability: Natural Cure\n|switch|p1a: Toxapex|Toxapex, F|100\/100\n|move|p2a: Lopunny|Close Combat|p1a: Toxapex\n|-resisted|p1a: Toxapex\n|-damage|p1a: Toxapex|82\/100\n|-unboost|p2a: Lopunny|def|1\n|-unboost|p2a: Lopunny|spd|1\n|\n|-damage|p2a: Lopunny|47\/100 tox|[from] psn\n|upkeep\n|turn|78\n|\n|t:|1699697118\n|switch|p2a: Toxapex|Toxapex, F|100\/100 brn\n|move|p1a: Toxapex|Scald|p2a: Toxapex\n|-resisted|p2a: Toxapex\n|-damage|p2a: Toxapex|94\/100 brn\n|\n|-damage|p2a: Toxapex|88\/100 brn|[from] brn\n|upkeep\n|turn|79\n|\n|t:|1699697125\n|switch|p1a: Chansey|Chansey, F|94\/100\n|move|p2a: Toxapex|Scald|p1a: Chansey\n|-damage|p1a: Chansey|90\/100\n|-status|p1a: Chansey|brn\n|\n|-damage|p1a: Chansey|84\/100 brn|[from] brn\n|-damage|p2a: Toxapex|82\/100 brn|[from] brn\n|upkeep\n|turn|80\n|\n|t:|1699697134\n|move|p1a: Chansey|Seismic Toss|p2a: Toxapex\n|-damage|p2a: Toxapex|49\/100 brn\n|move|p2a: Toxapex|Scald|p1a: Chansey\n|-damage|p1a: Chansey|79\/100 brn\n|\n|-damage|p1a: Chansey|73\/100 brn|[from] brn\n|-damage|p2a: Toxapex|43\/100 brn|[from] brn\n|upkeep\n|turn|81\n|\n|t:|1699697140\n|-curestatus|p1a: Chansey|brn|[from] ability: Natural Cure\n|switch|p1a: Toxapex|Toxapex, F|100\/100\n|move|p2a: Toxapex|Recover|p2a: Toxapex\n|-heal|p2a: Toxapex|93\/100 brn\n|\n|-damage|p2a: Toxapex|87\/100 brn|[from] brn\n|upkeep\n|turn|82\n|\n|t:|1699697148\n|switch|p1a: Chansey|Chansey, F|73\/100\n|move|p2a: Toxapex|Scald|p1a: Chansey\n|-damage|p1a: Chansey|68\/100\n|\n|-damage|p2a: Toxapex|81\/100 brn|[from] brn\n|upkeep\n|turn|83\n|\n|t:|1699697154\n|move|p1a: Chansey|Seismic Toss|p2a: Toxapex\n|-damage|p2a: Toxapex|48\/100 brn\n|move|p2a: Toxapex|Scald|p1a: Chansey\n|-damage|p1a: Chansey|63\/100\n|\n|-damage|p2a: Toxapex|42\/100 brn|[from] brn\n|upkeep\n|turn|84\n|\n|t:|1699697159\n|move|p1a: Chansey|Seismic Toss|p2a: Toxapex\n|-damage|p2a: Toxapex|9\/100 brn\n|move|p2a: Toxapex|Recover|p2a: Toxapex\n|-heal|p2a: Toxapex|60\/100 brn\n|\n|-damage|p2a: Toxapex|54\/100 brn|[from] brn\n|upkeep\n|turn|85\n|\n|t:|1699697163\n|move|p1a: Chansey|Seismic Toss|p2a: Toxapex\n|-damage|p2a: Toxapex|21\/100 brn\n|move|p2a: Toxapex|Recover|p2a: Toxapex\n|-heal|p2a: Toxapex|71\/100 brn\n|\n|-damage|p2a: Toxapex|65\/100 brn|[from] brn\n|upkeep\n|turn|86\n|\n|t:|1699697169\n|move|p2a: Toxapex|Baneful Bunker|p2a: Toxapex\n|-singleturn|p2a: Toxapex|move: Protect\n|move|p1a: Chansey|Seismic Toss|p2a: Toxapex\n|-activate|p2a: Toxapex|move: Protect\n|-status|p1a: Chansey|psn\n|\n|-damage|p1a: Chansey|51\/100 psn|[from] psn\n|-damage|p2a: Toxapex|59\/100 brn|[from] brn\n|upkeep\n|turn|87\n|\n|t:|1699697173\n|switch|p2a: Tornadus|Tornadus-Therian, M|100\/100 tox\n|move|p1a: Chansey|Seismic Toss|p2a: Tornadus\n|-damage|p2a: Tornadus|67\/100 tox\n|\n|-damage|p2a: Tornadus|61\/100 tox|[from] psn\n|-damage|p1a: Chansey|38\/100 psn|[from] psn\n|upkeep\n|turn|88\n|\n|t:|1699697178\n|move|p2a: Tornadus|Bleakwind Storm|p1a: Chansey\n|-damage|p1a: Chansey|25\/100 psn\n|move|p1a: Chansey|Soft-Boiled|p1a: Chansey\n|-heal|p1a: Chansey|75\/100 psn\n|\n|-damage|p2a: Tornadus|49\/100 tox|[from] psn\n|-damage|p1a: Chansey|63\/100 psn|[from] psn\n|upkeep\n|turn|89\n|\n|t:|1699697184\n|switch|p2a: Toxapex|Toxapex, F|92\/100 brn\n|move|p1a: Chansey|Soft-Boiled|p1a: Chansey\n|-heal|p1a: Chansey|100\/100 psn\n|\n|-damage|p1a: Chansey|88\/100 psn|[from] psn\n|-damage|p2a: Toxapex|86\/100 brn|[from] brn\n|upkeep\n|turn|90\n|\n|t:|1699697191\n|-curestatus|p1a: Chansey|psn|[from] ability: Natural Cure\n|switch|p1a: Toxapex|Toxapex, F|100\/100\n|switch|p2a: Tornadus|Tornadus-Therian, M|82\/100 tox\n|\n|-damage|p2a: Tornadus|76\/100 tox|[from] psn\n|upkeep\n|turn|91\n|\n|t:|1699697199\n|switch|p1a: Chansey|Chansey, F|88\/100\n|move|p2a: Tornadus|Bleakwind Storm|p1a: Chansey|[miss]\n|-miss|p2a: Tornadus|p1a: Chansey\n|\n|-damage|p2a: Tornadus|64\/100 tox|[from] psn\n|upkeep\n|turn|92\n|\n|t:|1699697204\n|switch|p2a: Toxapex|Toxapex, F|100\/100 brn\n|move|p1a: Chansey|Seismic Toss|p2a: Toxapex\n|-damage|p2a: Toxapex|67\/100 brn\n|\n|-damage|p2a: Toxapex|62\/100 brn|[from] brn\n|upkeep\n|turn|93\n|\n|t:|1699697209\n|move|p2a: Toxapex|Baneful Bunker|p2a: Toxapex\n|-singleturn|p2a: Toxapex|move: Protect\n|move|p1a: Chansey|Seismic Toss|p2a: Toxapex\n|-activate|p2a: Toxapex|move: Protect\n|-status|p1a: Chansey|psn\n|\n|-damage|p1a: Chansey|76\/100 psn|[from] psn\n|-damage|p2a: Toxapex|56\/100 brn|[from] brn\n|upkeep\n|turn|94\n|\n|t:|1699697213\n|move|p1a: Chansey|Seismic Toss|p2a: Toxapex\n|-damage|p2a: Toxapex|23\/100 brn\n|move|p2a: Toxapex|Scald|p1a: Chansey\n|-damage|p1a: Chansey|71\/100 psn\n|\n|-damage|p1a: Chansey|59\/100 psn|[from] psn\n|-damage|p2a: Toxapex|17\/100 brn|[from] brn\n|upkeep\n|turn|95\n|\n|t:|1699697219\n|switch|p2a: Tornadus|Tornadus-Therian, M|97\/100 tox\n|move|p1a: Chansey|Seismic Toss|p2a: Tornadus\n|-damage|p2a: Tornadus|64\/100 tox\n|\n|-damage|p2a: Tornadus|58\/100 tox|[from] psn\n|-damage|p1a: Chansey|46\/100 psn|[from] psn\n|upkeep\n|turn|96\n|\n|t:|1699697225\n|move|p2a: Tornadus|Bleakwind Storm|p1a: Chansey\n|-damage|p1a: Chansey|34\/100 psn\n|-unboost|p1a: Chansey|spe|1\n|move|p1a: Chansey|Seismic Toss|p2a: Tornadus\n|-damage|p2a: Tornadus|24\/100 tox\n|\n|-damage|p2a: Tornadus|12\/100 tox|[from] psn\n|-damage|p1a: Chansey|21\/100 psn|[from] psn\n|upkeep\n|turn|97\n|\n|t:|1699697231\n|switch|p2a: Toxapex|Toxapex, F|50\/100 brn\n|move|p1a: Chansey|Soft-Boiled|p1a: Chansey\n|-heal|p1a: Chansey|71\/100 psn\n|\n|-damage|p1a: Chansey|59\/100 psn|[from] psn\n|-damage|p2a: Toxapex|44\/100 brn|[from] brn\n|upkeep\n|turn|98\n|\n|t:|1699697235\n|switch|p2a: Tornadus|Tornadus-Therian, M|45\/100 tox\n|move|p1a: Chansey|Seismic Toss|p2a: Tornadus\n|-damage|p2a: Tornadus|12\/100 tox\n|\n|-damage|p2a: Tornadus|6\/100 tox|[from] psn\n|-damage|p1a: Chansey|47\/100 psn|[from] psn\n|upkeep\n|turn|99\n|\n|t:|1699697239\n|switch|p2a: Toxapex|Toxapex, F|77\/100 brn\n|move|p1a: Chansey|Seismic Toss|p2a: Toxapex\n|-damage|p2a: Toxapex|44\/100 brn\n|\n|-damage|p1a: Chansey|34\/100 psn|[from] psn\n|-damage|p2a: Toxapex|38\/100 brn|[from] brn\n|upkeep\n|turn|100\n|\n|t:|1699697245\n|move|p2a: Toxapex|Recover|p2a: Toxapex\n|-heal|p2a: Toxapex|89\/100 brn\n|move|p1a: Chansey|Soft-Boiled|p1a: Chansey\n|-heal|p1a: Chansey|84\/100 psn\n|\n|-damage|p1a: Chansey|72\/100 psn|[from] psn\n|-damage|p2a: Toxapex|83\/100 brn|[from] brn\n|upkeep\n|turn|101\n|\n|t:|1699697250\n|-curestatus|p1a: Chansey|psn|[from] ability: Natural Cure\n|switch|p1a: Toxapex|Toxapex, F|100\/100\n|move|p2a: Toxapex|Scald|p1a: Toxapex\n|-resisted|p1a: Toxapex\n|-damage|p1a: Toxapex|94\/100\n|\n|-damage|p2a: Toxapex|77\/100 brn|[from] brn\n|upkeep\n|turn|102\n|\n|t:|1699697267\n|switch|p2a: Meowscarada|Meowscarada, F|39\/100 tox\n|move|p1a: Toxapex|Scald|p2a: Meowscarada\n|-resisted|p2a: Meowscarada\n|-damage|p2a: Meowscarada|26\/100 tox\n|\n|-damage|p2a: Meowscarada|20\/100 tox|[from] psn\n|upkeep\n|turn|103\n|\n|t:|1699697276\n|move|p2a: Meowscarada|Flower Trick|p1a: Toxapex\n|-start|p2a: Meowscarada|typechange|Grass|[from] ability: Protean\n|-crit|p1a: Toxapex\n|-damage|p1a: Toxapex|48\/100\n|move|p1a: Toxapex|Scald|p2a: Meowscarada\n|-resisted|p2a: Meowscarada\n|-damage|p2a: Meowscarada|7\/100 tox\n|\n|-damage|p2a: Meowscarada|0 fnt|[from] psn\n|faint|p2a: Meowscarada\n|upkeep\n|\n|t:|1699697286\n|switch|p2a: Lopunny|Lopunny-Mega, M|47\/100 tox\n|turn|104\n|\n|t:|1699697295\n|switch|p1a: Chansey|Chansey, F|72\/100\n|move|p2a: Lopunny|Fake Out|p1a: Chansey\n|-damage|p1a: Chansey|55\/100\n|\n|-damage|p2a: Lopunny|41\/100 tox|[from] psn\n|upkeep\n|turn|105\n|\n|t:|1699697300\n|switch|p1a: Toxapex|Toxapex, F|81\/100\n|move|p2a: Lopunny|Return|p1a: Toxapex\n|-crit|p1a: Toxapex\n|-damage|p1a: Toxapex|27\/100\n|\n|-damage|p2a: Lopunny|30\/100 tox|[from] psn\n|upkeep\n|turn|106\n|\n|t:|1699697306\n|switch|p1a: Chansey|Chansey, F|55\/100\n|move|p2a: Lopunny|Return|p1a: Chansey\n|-damage|p1a: Chansey|6\/100\n|\n|-damage|p2a: Lopunny|12\/100 tox|[from] psn\n|upkeep\n|turn|107\n|\n|t:|1699697315\n|move|p2a: Lopunny|Return|p1a: Chansey\n|-damage|p1a: Chansey|0 fnt\n|faint|p1a: Chansey\n|\n|-damage|p2a: Lopunny|0 fnt|[from] psn\n|faint|p2a: Lopunny\n|upkeep\n|\n|t:|1699697321\n|switch|p2a: Toxapex|Toxapex, F|100\/100 brn\n|switch|p1a: Toxapex|Toxapex, F|60\/100\n|turn|108\n|c|\u2606FRANATS|gg\n|\n|t:|1699697327\n|move|p1a: Toxapex|Recover|p1a: Toxapex\n|-heal|p1a: Toxapex|100\/100\n|move|p2a: Toxapex|Scald|p1a: Toxapex\n|-resisted|p1a: Toxapex\n|-damage|p1a: Toxapex|94\/100\n|\n|-damage|p2a: Toxapex|95\/100 brn|[from] brn\n|upkeep\n|turn|109\n|\n|t:|1699697334\n|move|p1a: Toxapex|Scald|p2a: Toxapex\n|-resisted|p2a: Toxapex\n|-damage|p2a: Toxapex|88\/100 brn\n|move|p2a: Toxapex|Scald|p1a: Toxapex\n|-resisted|p1a: Toxapex\n|-damage|p1a: Toxapex|87\/100\n|\n|-damage|p2a: Toxapex|82\/100 brn|[from] brn\n|upkeep\n|turn|110\n|\n|t:|1699697339\n|switch|p2a: Tornadus|Tornadus-Therian, M|39\/100 tox\n|move|p1a: Toxapex|Scald|p2a: Tornadus\n|-damage|p2a: Tornadus|20\/100 tox\n|\n|-damage|p2a: Tornadus|14\/100 tox|[from] psn\n|upkeep\n|turn|111\n|\n|t:|1699697342\n|switch|p2a: Toxapex|Toxapex, F|100\/100 brn\n|move|p1a: Toxapex|Scald|p2a: Toxapex\n|-resisted|p2a: Toxapex\n|-damage|p2a: Toxapex|94\/100 brn\n|\n|-damage|p2a: Toxapex|88\/100 brn|[from] brn\n|upkeep\n|turn|112\n|\n|t:|1699697348\n|switch|p2a: Tornadus|Tornadus-Therian, M|47\/100 tox\n|move|p1a: Toxapex|Scald|p2a: Tornadus\n|-damage|p2a: Tornadus|25\/100 tox\n|\n|-damage|p2a: Tornadus|19\/100 tox|[from] psn\n|upkeep\n|turn|113\n|\n|t:|1699697355\n|switch|p2a: Toxapex|Toxapex, F|100\/100 brn\n|move|p1a: Toxapex|Scald|p2a: Toxapex\n|-resisted|p2a: Toxapex\n|-damage|p2a: Toxapex|94\/100 brn\n|\n|-damage|p2a: Toxapex|88\/100 brn|[from] brn\n|upkeep\n|turn|114\n|\n|t:|1699697360\n|move|p1a: Toxapex|Scald|p2a: Toxapex\n|-resisted|p2a: Toxapex\n|-damage|p2a: Toxapex|81\/100 brn\n|move|p2a: Toxapex|Scald|p1a: Toxapex\n|-resisted|p1a: Toxapex\n|-damage|p1a: Toxapex|80\/100\n|\n|-damage|p2a: Toxapex|75\/100 brn|[from] brn\n|upkeep\n|turn|115\n|\n|t:|1699697363\n|move|p1a: Toxapex|Scald|p2a: Toxapex\n|-resisted|p2a: Toxapex\n|-damage|p2a: Toxapex|69\/100 brn\n|move|p2a: Toxapex|Scald|p1a: Toxapex\n|-resisted|p1a: Toxapex\n|-damage|p1a: Toxapex|73\/100\n|\n|-damage|p2a: Toxapex|63\/100 brn|[from] brn\n|upkeep\n|turn|116\n|\n|t:|1699697373\n|move|p2a: Toxapex|Scald|p1a: Toxapex\n|-resisted|p1a: Toxapex\n|-damage|p1a: Toxapex|66\/100\n|move|p1a: Toxapex|Scald|p2a: Toxapex\n|-resisted|p2a: Toxapex\n|-damage|p2a: Toxapex|56\/100 brn\n|\n|-damage|p2a: Toxapex|50\/100 brn|[from] brn\n|upkeep\n|turn|117\n|\n|t:|1699697383\n|switch|p2a: Tornadus|Tornadus-Therian, M|52\/100 tox\n|move|p1a: Toxapex|Scald|p2a: Tornadus\n|-damage|p2a: Tornadus|32\/100 tox\n|\n|-damage|p2a: Tornadus|26\/100 tox|[from] psn\n|upkeep\n|turn|118\n|\n|t:|1699697393\n|switch|p2a: Toxapex|Toxapex, F|83\/100 brn\n|move|p1a: Toxapex|Scald|p2a: Toxapex\n|-resisted|p2a: Toxapex\n|-damage|p2a: Toxapex|77\/100 brn\n|\n|-damage|p2a: Toxapex|71\/100 brn|[from] brn\n|upkeep\n|turn|119\n|\n|t:|1699697401\n|move|p2a: Toxapex|Scald|p1a: Toxapex\n|-resisted|p1a: Toxapex\n|-damage|p1a: Toxapex|59\/100\n|move|p1a: Toxapex|Scald|p2a: Toxapex\n|-resisted|p2a: Toxapex\n|-damage|p2a: Toxapex|65\/100 brn\n|\n|-damage|p2a: Toxapex|59\/100 brn|[from] brn\n|upkeep\n|turn|120\n|\n|t:|1699697406\n|move|p1a: Toxapex|Scald|p2a: Toxapex\n|-resisted|p2a: Toxapex\n|-damage|p2a: Toxapex|52\/100 brn\n|move|p2a: Toxapex|Scald|p1a: Toxapex\n|-resisted|p1a: Toxapex\n|-damage|p1a: Toxapex|52\/100\n|-status|p1a: Toxapex|brn\n|\n|-damage|p1a: Toxapex|46\/100 brn|[from] brn\n|-damage|p2a: Toxapex|46\/100 brn|[from] brn\n|upkeep\n|turn|121\n|\n|t:|1699697411\n|move|p2a: Toxapex|Recover|p2a: Toxapex\n|-heal|p2a: Toxapex|96\/100 brn\n|move|p1a: Toxapex|Scald|p2a: Toxapex\n|-resisted|p2a: Toxapex\n|-damage|p2a: Toxapex|89\/100 brn\n|\n|-damage|p2a: Toxapex|83\/100 brn|[from] brn\n|-damage|p1a: Toxapex|39\/100 brn|[from] brn\n|upkeep\n|turn|122\n|\n|t:|1699697414\n|switch|p2a: Tornadus|Tornadus-Therian, M|59\/100 tox\n|move|p1a: Toxapex|Recover|p1a: Toxapex\n|-heal|p1a: Toxapex|89\/100 brn\n|\n|-damage|p2a: Tornadus|53\/100 tox|[from] psn\n|-damage|p1a: Toxapex|83\/100 brn|[from] brn\n|upkeep\n|turn|123\n|\n|t:|1699697419\n|move|p2a: Tornadus|Bleakwind Storm|p1a: Toxapex\n|-damage|p1a: Toxapex|45\/100 brn\n|move|p1a: Toxapex|Scald|p2a: Tornadus\n|-damage|p2a: Tornadus|32\/100 tox\n|\n|-damage|p2a: Tornadus|20\/100 tox|[from] psn\n|-damage|p1a: Toxapex|39\/100 brn|[from] brn\n|upkeep\n|turn|124\n|\n|t:|1699697426\n|move|p2a: Tornadus|Bleakwind Storm|p1a: Toxapex\n|-damage|p1a: Toxapex|2\/100 brn\n|move|p1a: Toxapex|Scald|p2a: Tornadus\n|-damage|p2a: Tornadus|0 fnt\n|faint|p2a: Tornadus\n|\n|-damage|p1a: Toxapex|0 fnt|[from] brn\n|faint|p1a: Toxapex\n|\n|win|lililioerty\n|upkeep\n|raw|FRANATS's rating: 1294 &rarr; <strong>1273<\/strong><br \/>(-21 for losing)\n|raw|lililioerty's rating: 1345 &rarr; <strong>1362<\/strong><br \/>(+17 for winning)\n","uploadtime":1699697432,"views":4,"p1id":"franats","p2id":"lililioerty","formatid":"gen9nationaldex","rating":1273,"private":0,"password":""}