{"id":"gen9nationaldex-1997965200","p1":"MyFriendsCallMeRyu","p2":"GHollow","format":"[Gen 9] National Dex","log":"|html|<div class=\"broadcast-blue\"><strong>[Gen 9] National Dex is currently suspecting Sneasler! For information on how to participate check out the <a href=\"https:\/\/www.smogon.com\/forums\/threads\/sv-national-dex-suspect-8-just-dance.3731534\/\">suspect thread<\/a>.<\/strong><\/div>\n|j|\u2606MyFriendsCallMeRyu\n|j|\u2606GHollow\n|t:|1700873010\n|gametype|singles\n|player|p1|MyFriendsCallMeRyu|dragontamer|1076\n|player|p2|GHollow|shadowtriad|1100\n|teamsize|p1|6\n|teamsize|p2|6\n|gen|9\n|tier|[Gen 9] National Dex\n|rated|\n|rule|HP Percentage Mod: HP is shown in percentages\n|rule|Endless Battle Clause: Forcing endless battles is banned\n|rule|OHKO Clause: OHKO moves are banned\n|rule|Evasion Clause: Evasion abilities, items, and moves are banned\n|rule|Evasion Abilities Clause: Evasion abilities are banned\n|rule|Evasion Items Clause: Evasion items are banned\n|rule|Evasion Moves Clause: Evasion moves are banned\n|rule|Species Clause: Limit one of each Pok\u00e9mon\n|rule|Sleep Clause Mod: Limit one foe put to sleep\n|clearpoke\n|poke|p1|Glimmora, F|\n|poke|p1|Klefki, F|\n|poke|p1|Corviknight, M|\n|poke|p1|Meowscarada, F|\n|poke|p1|Rotom-Wash|\n|poke|p1|Volcarona, F|\n|poke|p2|Pelipper, F|\n|poke|p2|Gyarados, M|\n|poke|p2|Golisopod, F|\n|poke|p2|Kingler, M|\n|poke|p2|Garchomp, M|\n|poke|p2|Samurott-Hisui, M|\n|teampreview\n|\n|t:|1700873015\n|start\n|switch|p1a: Glimmora|Glimmora, F, shiny|100\/100\n|switch|p2a: Pelipper|Pelipper, F|100\/100\n|-weather|RainDance|[from] ability: Drizzle|[of] p2a: Pelipper\n|turn|1\n|\n|t:|1700873026\n|move|p1a: Glimmora|Stealth Rock|p2a: Pelipper\n|-sidestart|p2: GHollow|move: Stealth Rock\n|move|p2a: Pelipper|Scald|p1a: Glimmora\n|-supereffective|p1a: Glimmora\n|-enditem|p1a: Glimmora|Focus Sash\n|-damage|p1a: Glimmora|1\/100\n|\n|-weather|RainDance|[upkeep]\n|upkeep\n|turn|2\n|\n|t:|1700873034\n|move|p1a: Glimmora|Spikes|p2a: Pelipper\n|-sidestart|p2: GHollow|Spikes\n|move|p2a: Pelipper|Scald|p1a: Glimmora\n|-supereffective|p1a: Glimmora\n|-crit|p1a: Glimmora\n|-damage|p1a: Glimmora|0 fnt\n|faint|p1a: Glimmora\n|\n|-weather|RainDance|[upkeep]\n|upkeep\n|\n|t:|1700873043\n|switch|p1a: Rotom|Rotom-Wash, shiny|100\/100\n|turn|3\n|\n|t:|1700873048\n|switch|p2a: Garchomp|Garchomp, M|100\/100\n|-damage|p2a: Garchomp|94\/100|[from] Stealth Rock\n|-damage|p2a: Garchomp|82\/100|[from] Spikes\n|move|p1a: Rotom|Discharge|p2a: Garchomp\n|-immune|p2a: Garchomp\n|\n|-weather|RainDance|[upkeep]\n|upkeep\n|turn|4\n|\n|t:|1700873060\n|-terastallize|p2a: Garchomp|Water\n|move|p2a: Garchomp|Swords Dance|p2a: Garchomp\n|-boost|p2a: Garchomp|atk|2\n|move|p1a: Rotom|Hidden Power|p2a: Garchomp\n|-resisted|p2a: Garchomp\n|-damage|p2a: Garchomp|51\/100\n|-damage|p1a: Rotom|91\/100|[from] item: Life Orb\n|\n|-weather|RainDance|[upkeep]\n|upkeep\n|turn|5\n|\n|t:|1700873070\n|move|p2a: Garchomp|Dragon Claw|p1a: Rotom\n|-damage|p1a: Rotom|0 fnt\n|faint|p1a: Rotom\n|\n|-weather|RainDance|[upkeep]\n|upkeep\n|\n|t:|1700873075\n|switch|p1a: Meowscarada|Meowscarada, F, shiny|100\/100\n|turn|6\n|\n|t:|1700873080\n|move|p1a: Meowscarada|Flower Trick|p2a: Garchomp\n|-start|p1a: Meowscarada|typechange|Grass|[from] ability: Protean\n|-supereffective|p2a: Garchomp\n|-crit|p2a: Garchomp\n|-damage|p2a: Garchomp|0 fnt\n|faint|p2a: Garchomp\n|\n|-weather|RainDance|[upkeep]\n|upkeep\n|\n|t:|1700873089\n|switch|p2a: Samurott|Samurott-Hisui, M|100\/100\n|-damage|p2a: Samurott|88\/100|[from] Stealth Rock\n|-damage|p2a: Samurott|76\/100|[from] Spikes\n|turn|7\n|\n|t:|1700873094\n|move|p1a: Meowscarada|Flower Trick|p2a: Samurott\n|-supereffective|p2a: Samurott\n|-crit|p2a: Samurott\n|-damage|p2a: Samurott|0 fnt\n|faint|p2a: Samurott\n|\n|-weather|RainDance|[upkeep]\n|upkeep\n|\n|t:|1700873101\n|switch|p2a: Golisopod|Golisopod, F|100\/100\n|-damage|p2a: Golisopod|76\/100|[from] Stealth Rock\n|-damage|p2a: Golisopod|63\/100|[from] Spikes\n|turn|8\n|\n|t:|1700873105\n|move|p2a: Golisopod|First Impression|p1a: Meowscarada\n|-supereffective|p1a: Meowscarada\n|-damage|p1a: Meowscarada|0 fnt\n|faint|p1a: Meowscarada\n|\n|-weather|none\n|upkeep\n|\n|t:|1700873123\n|switch|p1a: Klefki|Klefki, F, shiny|100\/100\n|turn|9\n|\n|t:|1700873130\n|move|p1a: Klefki|Thunder Wave|p2a: Golisopod\n|-status|p2a: Golisopod|par\n|-zpower|p2a: Golisopod\n|move|p2a: Golisopod|Hydro Vortex|p1a: Klefki|[zeffect]\n|-damage|p1a: Klefki|33\/100\n|\n|-heal|p1a: Klefki|39\/100|[from] item: Leftovers\n|upkeep\n|turn|10\n|\n|t:|1700873140\n|move|p1a: Klefki|Substitute|p1a: Klefki\n|-start|p1a: Klefki|Substitute\n|-damage|p1a: Klefki|14\/100\n|cant|p2a: Golisopod|par\n|\n|-heal|p1a: Klefki|20\/100|[from] item: Leftovers\n|upkeep\n|turn|11\n|\n|t:|1700873152\n|move|p1a: Klefki|Play Rough|p2a: Golisopod\n|-damage|p2a: Golisopod|43\/100 par\n|-activate|p2a: Golisopod|ability: Emergency Exit\n|\n|t:|1700873162\n|switch|p2a: Kingler|Kingler, M|100\/100\n|-damage|p2a: Kingler|88\/100|[from] Stealth Rock\n|-damage|p2a: Kingler|76\/100|[from] Spikes\n|\n|-heal|p1a: Klefki|26\/100|[from] item: Leftovers\n|upkeep\n|turn|12\n|\n|t:|1700873171\n|move|p2a: Kingler|Liquidation|p1a: Klefki\n|-end|p1a: Klefki|Substitute\n|move|p1a: Klefki|Play Rough|p2a: Kingler\n|-damage|p2a: Kingler|46\/100\n|\n|-heal|p1a: Klefki|32\/100|[from] item: Leftovers\n|upkeep\n|turn|13\n|\n|t:|1700873179\n|move|p1a: Klefki|Thunder Wave|p2a: Kingler|[miss]\n|-miss|p1a: Klefki|p2a: Kingler\n|move|p2a: Kingler|Liquidation|p1a: Klefki\n|-damage|p1a: Klefki|0 fnt\n|faint|p1a: Klefki\n|\n|upkeep\n|\n|t:|1700873186\n|switch|p1a: Volcarona|Volcarona, F, shiny|100\/100\n|turn|14\n|\n|t:|1700873196\n|move|p1a: Volcarona|Quiver Dance|p1a: Volcarona\n|-boost|p1a: Volcarona|spa|1\n|-boost|p1a: Volcarona|spd|1\n|-boost|p1a: Volcarona|spe|1\n|move|p2a: Kingler|Liquidation|p1a: Volcarona\n|-supereffective|p1a: Volcarona\n|-damage|p1a: Volcarona|0 fnt\n|faint|p1a: Volcarona\n|\n|upkeep\n|\n|t:|1700873203\n|switch|p1a: Corviknight|Corviknight, M, shiny|100\/100\n|turn|15\n|\n|t:|1700873207\n|move|p2a: Kingler|Liquidation|p1a: Corviknight\n|-damage|p1a: Corviknight|54\/100\n|move|p1a: Corviknight|Iron Defense|p1a: Corviknight\n|-boost|p1a: Corviknight|def|2\n|\n|upkeep\n|turn|16\n|\n|t:|1700873218\n|move|p2a: Kingler|Liquidation|p1a: Corviknight\n|-crit|p1a: Corviknight\n|-damage|p1a: Corviknight|0 fnt\n|faint|p1a: Corviknight\n|\n|win|GHollow\n|raw|MyFriendsCallMeRyu's rating: 1076 &rarr; <strong>1056<\/strong><br \/>(-20 for losing)\n|raw|GHollow's rating: 1100 &rarr; <strong>1123<\/strong><br \/>(+23 for winning)\n","uploadtime":1700873226,"views":2,"p1id":"myfriendscallmeryu","p2id":"ghollow","formatid":"gen9nationaldex","rating":1056,"private":0,"password":""}