{"id":"gen9nationaldex-1995400134","p1":"Lajonnne","p2":"donnymeowz","format":"[Gen 9] National Dex","log":"|html|<div class=\"broadcast-blue\"><strong>[Gen 9] National Dex is currently suspecting Sneasler! For information on how to participate check out the <a href=\"https:\/\/www.smogon.com\/forums\/threads\/sv-national-dex-suspect-8-just-dance.3731534\/\">suspect thread<\/a>.<\/strong><\/div>\n|j|\u2606Lajonnne\n|j|\u2606donnymeowz\n|t:|1700565752\n|gametype|singles\n|player|p1|Lajonnne|riley|1102\n|player|p2|donnymeowz|102|1072\n|teamsize|p1|6\n|teamsize|p2|6\n|gen|9\n|tier|[Gen 9] National Dex\n|rated|\n|rule|HP Percentage Mod: HP is shown in percentages\n|rule|Endless Battle Clause: Forcing endless battles is banned\n|rule|OHKO Clause: OHKO moves are banned\n|rule|Evasion Clause: Evasion abilities, items, and moves are banned\n|rule|Evasion Abilities Clause: Evasion abilities are banned\n|rule|Evasion Items Clause: Evasion items are banned\n|rule|Evasion Moves Clause: Evasion moves are banned\n|rule|Species Clause: Limit one of each Pok\u00e9mon\n|rule|Sleep Clause Mod: Limit one foe put to sleep\n|clearpoke\n|poke|p1|Kartana|\n|poke|p1|Goodra-Hisui, M|\n|poke|p1|Excadrill, F|\n|poke|p1|Aegislash, F|\n|poke|p1|Greninja-*, M|\n|poke|p1|Grimmsnarl, M|\n|poke|p2|Snorlax, F|\n|poke|p2|Espeon, F|\n|poke|p2|Leafeon, M|\n|poke|p2|Azumarill, M|\n|poke|p2|Linoone, M|\n|poke|p2|Gardevoir, M|\n|teampreview\n|\n|t:|1700565765\n|start\n|switch|p1a: Excadrill|Excadrill, F|100\/100\n|switch|p2a: Leafeon|Leafeon, M|100\/100\n|-ability|p1a: Excadrill|Mold Breaker\n|turn|1\n|\n|t:|1700565778\n|move|p1a: Excadrill|Swords Dance|p1a: Excadrill\n|-boost|p1a: Excadrill|atk|2\n|move|p2a: Leafeon|Leech Seed|p1a: Excadrill\n|-start|p1a: Excadrill|move: Leech Seed\n|\n|-damage|p1a: Excadrill|88\/100|[from] Leech Seed|[of] p2a: Leafeon\n|upkeep\n|turn|2\n|\n|t:|1700565788\n|move|p1a: Excadrill|Rapid Spin|p2a: Leafeon\n|-damage|p2a: Leafeon|70\/100\n|-boost|p1a: Excadrill|spe|1\n|-end|p1a: Excadrill|Leech Seed|[from] move: Rapid Spin|[of] p1a: Excadrill\n|move|p2a: Leafeon|Leaf Blade|p1a: Excadrill\n|-damage|p1a: Excadrill|41\/100\n|\n|-heal|p2a: Leafeon|76\/100|[from] item: Leftovers\n|upkeep\n|turn|3\n|\n|t:|1700565801\n|move|p1a: Excadrill|Iron Head|p2a: Leafeon\n|-damage|p2a: Leafeon|8\/100\n|move|p2a: Leafeon|Yawn|p1a: Excadrill\n|-start|p1a: Excadrill|move: Yawn|[of] p2a: Leafeon\n|\n|-heal|p2a: Leafeon|14\/100|[from] item: Leftovers\n|upkeep\n|turn|4\n|\n|t:|1700565813\n|move|p1a: Excadrill|Iron Head|p2a: Leafeon\n|-damage|p2a: Leafeon|0 fnt\n|faint|p2a: Leafeon\n|\n|-end|p1a: Excadrill|move: Yawn|[silent]\n|-status|p1a: Excadrill|slp\n|upkeep\n|\n|t:|1700565823\n|switch|p2a: Espeon|Espeon, F|100\/100\n|turn|5\n|\n|t:|1700565827\n|cant|p1a: Excadrill|slp\n|move|p2a: Espeon|Light Screen|p2a: Espeon\n|-sidestart|p2: donnymeowz|move: Light Screen\n|\n|upkeep\n|turn|6\n|\n|t:|1700565831\n|-curestatus|p1a: Excadrill|slp|[msg]\n|move|p1a: Excadrill|Iron Head|p2a: Espeon\n|-damage|p2a: Espeon|0 fnt\n|faint|p2a: Espeon\n|\n|upkeep\n|\n|t:|1700565838\n|switch|p2a: Gardevoir|Gardevoir, M|100\/100\n|turn|7\n|\n|t:|1700565845\n|move|p1a: Excadrill|Iron Head|p2a: Gardevoir\n|-supereffective|p2a: Gardevoir\n|-damage|p2a: Gardevoir|0 fnt\n|faint|p2a: Gardevoir\n|\n|upkeep\n|\n|t:|1700565854\n|switch|p2a: Azumarill|Azumarill, M|100\/100\n|turn|8\n|\n|t:|1700565859\n|move|p2a: Azumarill|Aqua Jet|p1a: Excadrill\n|-supereffective|p1a: Excadrill\n|-damage|p1a: Excadrill|0 fnt\n|faint|p1a: Excadrill\n|\n|upkeep\n|\n|t:|1700565868\n|switch|p1a: Kartana|Kartana|100\/100\n|turn|9\n|\n|t:|1700565876\n|move|p1a: Kartana|Smart Strike|p2a: Azumarill\n|-damage|p2a: Azumarill|56\/100\n|-zpower|p2a: Azumarill\n|move|p2a: Azumarill|Z-Belly Drum|p2a: Azumarill|[anim]Belly Drum\n|-heal|p2a: Azumarill|100\/100|[zeffect]\n|-damage|p2a: Azumarill|50\/100\n|-setboost|p2a: Azumarill|atk|6|[from] move: Belly Drum\n|\n|upkeep\n|turn|10\n|\n|t:|1700565893\n|move|p1a: Kartana|Smart Strike|p2a: Azumarill\n|-damage|p2a: Azumarill|4\/100\n|move|p2a: Azumarill|Knock Off|p1a: Kartana\n|-damage|p1a: Kartana|0 fnt\n|-enditem|p1a: Kartana|Choice Scarf|[from] move: Knock Off|[of] p2a: Azumarill\n|faint|p1a: Kartana\n|\n|upkeep\n|\n|t:|1700565900\n|switch|p1a: Greninja|Greninja, M|100\/100\n|turn|11\n|\n|t:|1700565906\n|move|p1a: Greninja|Water Shuriken|p2a: Azumarill\n|-resisted|p2a: Azumarill\n|-damage|p2a: Azumarill|2\/100\n|-resisted|p2a: Azumarill\n|-crit|p2a: Azumarill\n|-damage|p2a: Azumarill|0 fnt\n|faint|p2a: Azumarill\n|-ability|p1a: Greninja|Battle Bond|boost\n|-boost|p1a: Greninja|atk|1\n|-boost|p1a: Greninja|spa|1\n|-boost|p1a: Greninja|spe|1\n|-activate|p1a: Greninja|ability: Battle Bond\n|-hitcount|p2: Azumarill|2\n|-damage|p1a: Greninja|91\/100|[from] item: Life Orb\n|\n|upkeep\n|\n|t:|1700565925\n|switch|p2a: Snorlax|Snorlax, F, shiny|100\/100\n|turn|12\n|\n|t:|1700565935\n|move|p1a: Greninja|Hydro Pump|p2a: Snorlax|[miss]\n|-miss|p1a: Greninja|p2a: Snorlax\n|move|p2a: Snorlax|Stockpile|p2a: Snorlax\n|-start|p2a: Snorlax|stockpile1\n|-boost|p2a: Snorlax|def|1\n|-boost|p2a: Snorlax|spd|1\n|\n|-sideend|p2: donnymeowz|move: Light Screen\n|upkeep\n|turn|13\n|\n|t:|1700565946\n|move|p1a: Greninja|Hydro Pump|p2a: Snorlax|[miss]\n|-miss|p1a: Greninja|p2a: Snorlax\n|move|p2a: Snorlax|Stockpile|p2a: Snorlax\n|-start|p2a: Snorlax|stockpile2\n|-boost|p2a: Snorlax|def|1\n|-boost|p2a: Snorlax|spd|1\n|\n|upkeep\n|turn|14\n|\n|t:|1700565955\n|move|p1a: Greninja|Hydro Pump|p2a: Snorlax\n|-damage|p2a: Snorlax|77\/100\n|-damage|p1a: Greninja|81\/100|[from] item: Life Orb\n|move|p2a: Snorlax|Stockpile|p2a: Snorlax\n|-start|p2a: Snorlax|stockpile3\n|-boost|p2a: Snorlax|def|1\n|-boost|p2a: Snorlax|spd|1\n|\n|upkeep\n|turn|15\n|\n|t:|1700565974\n|move|p1a: Greninja|Dark Pulse|p2a: Snorlax\n|-damage|p2a: Snorlax|62\/100\n|-damage|p1a: Greninja|71\/100|[from] item: Life Orb\n|cant|p2a: Snorlax|flinch\n|\n|upkeep\n|turn|16\n|\n|t:|1700565981\n|move|p1a: Greninja|Dark Pulse|p2a: Snorlax\n|-damage|p2a: Snorlax|47\/100\n|-damage|p1a: Greninja|61\/100|[from] item: Life Orb\n|cant|p2a: Snorlax|flinch\n|\n|upkeep\n|turn|17\n|\n|t:|1700565988\n|move|p1a: Greninja|Dark Pulse|p2a: Snorlax\n|-crit|p2a: Snorlax\n|-damage|p2a: Snorlax|0 fnt\n|faint|p2a: Snorlax\n|-damage|p1a: Greninja|51\/100|[from] item: Life Orb\n|\n|upkeep\n|c|\u2606Lajonnne|yeah rough\n|\n|t:|1700565995\n|switch|p2a: Linoone|Linoone, M, shiny|100\/100\n|turn|18\n|c|\u2606Lajonnne|belly drum E speed?\n|\n|t:|1700566014\n|move|p1a: Greninja|Dark Pulse|p2a: Linoone\n|-damage|p2a: Linoone|9\/100\n|-enditem|p2a: Linoone|Figy Berry|[eat]\n|-heal|p2a: Linoone|43\/100|[from] item: Figy Berry\n|-damage|p1a: Greninja|42\/100|[from] item: Life Orb\n|move|p2a: Linoone|Belly Drum||[still]\n|-fail|p2a: Linoone\n|\n|upkeep\n|turn|19\n|-message|donnymeowz forfeited.\n|\n|win|Lajonnne\n|raw|Lajonnne's rating: 1102 &rarr; <strong>1125<\/strong><br \/>(+23 for winning)\n|raw|donnymeowz's rating: 1072 &rarr; <strong>1053<\/strong><br \/>(-19 for losing)\n|l|\u2606donnymeowz\n","uploadtime":1700566031,"views":7,"p1id":"lajonnne","p2id":"donnymeowz","formatid":"gen9nationaldex","rating":1053,"private":0,"password":""}