{"id":"gen9nationaldex-1989574383","p1":"AesirEcho","p2":"ttheus","format":"[Gen 9] National Dex","log":"|j|\u2606AesirEcho\n|j|\u2606ttheus\n|n|\u2606AesirEcho|aesirecho\n|n|\u2606ttheus|ttheus\n|html|View the match progress at <a href=\"\/game-bestof3-gen9nationaldex-1989574382\">game-bestof3-gen9nationaldex-1989574382<\/a>\n|t:|1699873510\n|gametype|singles\n|player|p1|AesirEcho|ethan-masters|\n|player|p2|ttheus|170|\n|teamsize|p1|6\n|teamsize|p2|6\n|gen|9\n|tier|[Gen 9] National Dex\n|rule|HP Percentage Mod: HP is shown in percentages\n|rule|Endless Battle Clause: Forcing endless battles is banned\n|rule|OHKO Clause: OHKO moves are banned\n|rule|Evasion Clause: Evasion abilities, items, and moves are banned\n|rule|Evasion Abilities Clause: Evasion abilities are banned\n|rule|Evasion Items Clause: Evasion items are banned\n|rule|Evasion Moves Clause: Evasion moves are banned\n|rule|Species Clause: Limit one of each Pok\u00e9mon\n|rule|Sleep Clause Mod: Limit one foe put to sleep\n|clearpoke\n|poke|p1|Zamazenta-*|\n|poke|p1|Scizor, M|\n|poke|p1|Volcarona, F|\n|poke|p1|Heatran, F|\n|poke|p1|Ting-Lu|\n|poke|p1|Landorus-Therian, M|\n|poke|p2|Charizard, M|\n|poke|p2|Lilligant-Hisui, F|\n|poke|p2|Morpeko, M|\n|poke|p2|Sneasler, F|\n|poke|p2|Toxapex, F|\n|poke|p2|Ninjask, M|\n|teampreview\n|\n|t:|1699873517\n|start\n|switch|p1a: Alces|Ting-Lu|100\/100\n|switch|p2a: Charizard|Charizard, M, shiny|100\/100\n|-ability|p1a: Alces|Vessel of Ruin\n|turn|1\n|\n|t:|1699873523\n|detailschange|p2a: Charizard|Charizard-Mega-Y, M, shiny\n|-mega|p2a: Charizard|Charizard|Charizardite Y\n|-weather|SunnyDay|[from] ability: Drought|[of] p2a: Charizard\n|move|p2a: Charizard|Focus Blast|p1a: Alces\n|-supereffective|p1a: Alces\n|-damage|p1a: Alces|59\/100\n|-unboost|p1a: Alces|spd|1\n|move|p1a: Alces|Stealth Rock|p2a: Charizard\n|-sidestart|p2: ttheus|move: Stealth Rock\n|\n|-weather|SunnyDay|[upkeep]\n|-heal|p1a: Alces|65\/100|[from] item: Leftovers\n|upkeep\n|turn|2\n|\n|t:|1699873541\n|switch|p1a: Sol Tinea|Volcarona, F|100\/100\n|move|p2a: Charizard|Focus Blast|p1a: Sol Tinea\n|-resisted|p1a: Sol Tinea\n|-damage|p1a: Sol Tinea|80\/100\n|\n|-weather|SunnyDay|[upkeep]\n|upkeep\n|turn|3\n|\n|t:|1699873546\n|move|p2a: Charizard|Scorching Sands|p1a: Sol Tinea\n|-damage|p1a: Sol Tinea|56\/100\n|move|p1a: Sol Tinea|Quiver Dance|p1a: Sol Tinea\n|-boost|p1a: Sol Tinea|spa|1\n|-boost|p1a: Sol Tinea|spd|1\n|-boost|p1a: Sol Tinea|spe|1\n|\n|-weather|SunnyDay|[upkeep]\n|upkeep\n|turn|4\n|\n|t:|1699873555\n|move|p2a: Charizard|Protect|p2a: Charizard\n|-singleturn|p2a: Charizard|Protect\n|move|p1a: Sol Tinea|Flamethrower|p2a: Charizard\n|-activate|p2a: Charizard|move: Protect\n|\n|-weather|SunnyDay|[upkeep]\n|upkeep\n|turn|5\n|\n|t:|1699873576\n|switch|p1a: Terra Tigris|Landorus-Therian, M|100\/100\n|-ability|p1a: Terra Tigris|Intimidate|boost\n|-unboost|p2a: Charizard|atk|1\n|move|p2a: Charizard|Heat Wave|p1a: Terra Tigris\n|-damage|p1a: Terra Tigris|4\/100\n|\n|-weather|none\n|upkeep\n|turn|6\n|\n|t:|1699873586\n|switch|p1a: Alces|Ting-Lu|65\/100\n|-ability|p1a: Alces|Vessel of Ruin\n|move|p2a: Charizard|Heat Wave|p1a: Alces\n|-damage|p1a: Alces|43\/100\n|\n|-heal|p1a: Alces|49\/100|[from] item: Leftovers\n|upkeep\n|turn|7\n|\n|t:|1699873593\n|move|p2a: Charizard|Focus Blast|p1a: Alces\n|-supereffective|p1a: Alces\n|-damage|p1a: Alces|6\/100\n|move|p1a: Alces|Whirlwind|p2a: Charizard\n|drag|p2a: Morpeko|Morpeko, M|100\/100\n|\n|-heal|p1a: Alces|12\/100|[from] item: Leftovers\n|-formechange|p2a: Morpeko|Morpeko-Hangry||[from] ability: Hunger Switch\n|upkeep\n|turn|8\n|\n|t:|1699873609\n|move|p2a: Morpeko|Seed Bomb|p1a: Alces\n|-supereffective|p1a: Alces\n|-damage|p1a: Alces|0 fnt\n|faint|p1a: Alces\n|\n|-formechange|p2a: Morpeko|Morpeko||[from] ability: Hunger Switch\n|upkeep\n|\n|t:|1699873615\n|switch|p1a: Forfex|Scizor, M|100\/100\n|turn|9\n|\n|t:|1699873627\n|detailschange|p1a: Forfex|Scizor-Mega, M\n|-mega|p1a: Forfex|Scizor|Scizorite\n|move|p2a: Morpeko|Parting Shot|p1a: Forfex\n|-unboost|p1a: Forfex|atk|1\n|-unboost|p1a: Forfex|spa|1\n|\n|t:|1699873630\n|switch|p2a: Charizard|Charizard-Mega-Y, M, shiny|100\/100|[from] Parting Shot\n|-damage|p2a: Charizard|51\/100|[from] Stealth Rock\n|-weather|SunnyDay|[from] ability: Drought|[of] p2a: Charizard\n|move|p1a: Forfex|Swords Dance|p1a: Forfex\n|-boost|p1a: Forfex|atk|2\n|\n|-weather|SunnyDay|[upkeep]\n|upkeep\n|turn|10\n|\n|t:|1699873661\n|switch|p1a: Molaris Ira|Heatran, F|100\/100\n|move|p2a: Charizard|Heat Wave|p1a: Molaris Ira\n|-start|p1a: Molaris Ira|ability: Flash Fire\n|\n|-weather|SunnyDay|[upkeep]\n|upkeep\n|turn|11\n|\n|t:|1699873670\n|move|p2a: Charizard|Scorching Sands|p1a: Molaris Ira\n|-supereffective|p1a: Molaris Ira\n|-damage|p1a: Molaris Ira|0 fnt\n|faint|p1a: Molaris Ira\n|\n|-weather|SunnyDay|[upkeep]\n|upkeep\n|\n|t:|1699873677\n|switch|p1a: Ignis Coronam|Zamazenta|100\/100\n|-ability|p1a: Ignis Coronam|Dauntless Shield|boost\n|-boost|p1a: Ignis Coronam|def|1\n|turn|12\n|\n|t:|1699873696\n|move|p2a: Charizard|Protect|p2a: Charizard\n|-singleturn|p2a: Charizard|Protect\n|move|p1a: Ignis Coronam|Wild Charge|p2a: Charizard\n|-activate|p2a: Charizard|move: Protect\n|\n|-weather|SunnyDay|[upkeep]\n|upkeep\n|turn|13\n|\n|t:|1699873706\n|switch|p2a: Morpeko|Morpeko, M|100\/100\n|move|p1a: Ignis Coronam|Wild Charge|p2a: Morpeko\n|-resisted|p2a: Morpeko\n|-damage|p2a: Morpeko|53\/100\n|-damage|p1a: Ignis Coronam|91\/100|[from] Recoil\n|\n|-weather|none\n|-formechange|p2a: Morpeko|Morpeko-Hangry||[from] ability: Hunger Switch\n|upkeep\n|turn|14\n|\n|t:|1699873716\n|switch|p1a: Terra Tigris|Landorus-Therian, M|4\/100\n|-ability|p1a: Terra Tigris|Intimidate|boost\n|-unboost|p2a: Morpeko|atk|1\n|move|p2a: Morpeko|Parting Shot|p1a: Terra Tigris\n|-unboost|p1a: Terra Tigris|atk|1\n|-unboost|p1a: Terra Tigris|spa|1\n|\n|t:|1699873720\n|switch|p2a: Sneasler|Sneasler, F|100\/100|[from] Parting Shot\n|-damage|p2a: Sneasler|95\/100|[from] Stealth Rock\n|\n|upkeep\n|turn|15\n|\n|t:|1699873726\n|move|p2a: Sneasler|Fake Out|p1a: Terra Tigris\n|-damage|p1a: Terra Tigris|0 fnt\n|faint|p1a: Terra Tigris\n|\n|upkeep\n|\n|t:|1699873740\n|switch|p1a: Forfex|Scizor-Mega, M|100\/100\n|turn|16\n|\n|t:|1699873748\n|switch|p2a: Charizard|Charizard-Mega-Y, M, shiny|51\/100\n|-damage|p2a: Charizard|1\/100|[from] Stealth Rock\n|-weather|SunnyDay|[from] ability: Drought|[of] p2a: Charizard\n|move|p1a: Forfex|Swords Dance|p1a: Forfex\n|-boost|p1a: Forfex|atk|2\n|\n|-weather|SunnyDay|[upkeep]\n|upkeep\n|turn|17\n|\n|t:|1699873753\n|move|p1a: Forfex|Bullet Punch|p2a: Charizard\n|-resisted|p2a: Charizard\n|-damage|p2a: Charizard|0 fnt\n|faint|p2a: Charizard\n|\n|-weather|SunnyDay|[upkeep]\n|upkeep\n|\n|t:|1699873756\n|switch|p2a: Lilligant|Lilligant-Hisui, F, shiny|100\/100\n|-damage|p2a: Lilligant|94\/100|[from] Stealth Rock\n|turn|18\n|\n|t:|1699873769\n|-terastallize|p2a: Lilligant|Ghost\n|move|p1a: Forfex|Bullet Punch|p2a: Lilligant\n|-damage|p2a: Lilligant|9\/100\n|move|p2a: Lilligant|Victory Dance|p2a: Lilligant\n|-boost|p2a: Lilligant|atk|1\n|-boost|p2a: Lilligant|def|1\n|-boost|p2a: Lilligant|spe|1\n|\n|-weather|SunnyDay|[upkeep]\n|-heal|p2a: Lilligant|15\/100|[from] item: Leftovers\n|upkeep\n|turn|19\n|\n|t:|1699873789\n|move|p1a: Forfex|Bullet Punch|p2a: Lilligant\n|-crit|p2a: Lilligant\n|-damage|p2a: Lilligant|0 fnt\n|faint|p2a: Lilligant\n|\n|-weather|SunnyDay|[upkeep]\n|upkeep\n|\n|t:|1699873799\n|switch|p2a: Sneasler|Sneasler, F|95\/100\n|-damage|p2a: Sneasler|89\/100|[from] Stealth Rock\n|turn|20\n|\n|t:|1699873803\n|move|p2a: Sneasler|Fake Out|p1a: Forfex\n|-resisted|p1a: Forfex\n|-damage|p1a: Forfex|96\/100\n|cant|p1a: Forfex|flinch\n|\n|-weather|none\n|upkeep\n|turn|21\n|\n|t:|1699873809\n|move|p1a: Forfex|Bullet Punch|p2a: Sneasler\n|-damage|p2a: Sneasler|0 fnt\n|faint|p2a: Sneasler\n|\n|upkeep\n|\n|t:|1699873820\n|switch|p2a: Toxapex|Toxapex, F|100\/100\n|-damage|p2a: Toxapex|88\/100|[from] Stealth Rock\n|turn|22\n|\n|t:|1699873826\n|move|p1a: Forfex|Bullet Punch|p2a: Toxapex\n|-resisted|p2a: Toxapex\n|-damage|p2a: Toxapex|66\/100\n|move|p2a: Toxapex|Toxic Spikes|p1a: Forfex\n|-sidestart|p1: AesirEcho|move: Toxic Spikes\n|\n|-heal|p2a: Toxapex|73\/100|[from] item: Leftovers\n|upkeep\n|turn|23\n|\n|t:|1699873831\n|move|p1a: Forfex|U-turn|p2a: Toxapex\n|-resisted|p2a: Toxapex\n|-damage|p2a: Toxapex|44\/100\n|\n|t:|1699873843\n|switch|p1a: Sol Tinea|Volcarona, F|56\/100|[from] U-turn\n|move|p2a: Toxapex|Ice Beam|p1a: Sol Tinea\n|-resisted|p1a: Sol Tinea\n|-damage|p1a: Sol Tinea|47\/100\n|\n|-heal|p2a: Toxapex|50\/100|[from] item: Leftovers\n|upkeep\n|turn|24\n|\n|t:|1699873850\n|move|p2a: Toxapex|Baneful Bunker|p2a: Toxapex\n|-singleturn|p2a: Toxapex|move: Protect\n|move|p1a: Sol Tinea|Roost|p1a: Sol Tinea\n|-heal|p1a: Sol Tinea|97\/100\n|-singleturn|p1a: Sol Tinea|move: Roost\n|\n|-heal|p2a: Toxapex|57\/100|[from] item: Leftovers\n|upkeep\n|turn|25\n|\n|t:|1699873859\n|move|p1a: Sol Tinea|Quiver Dance|p1a: Sol Tinea\n|-boost|p1a: Sol Tinea|spa|1\n|-boost|p1a: Sol Tinea|spd|1\n|-boost|p1a: Sol Tinea|spe|1\n|move|p2a: Toxapex|Ice Beam|p1a: Sol Tinea\n|-resisted|p1a: Sol Tinea\n|-damage|p1a: Sol Tinea|91\/100\n|\n|-heal|p2a: Toxapex|63\/100|[from] item: Leftovers\n|upkeep\n|turn|26\n|\n|t:|1699873865\n|move|p1a: Sol Tinea|Quiver Dance|p1a: Sol Tinea\n|-boost|p1a: Sol Tinea|spa|1\n|-boost|p1a: Sol Tinea|spd|1\n|-boost|p1a: Sol Tinea|spe|1\n|move|p2a: Toxapex|Haze|p2a: Toxapex\n|-clearallboost\n|\n|-heal|p2a: Toxapex|69\/100|[from] item: Leftovers\n|upkeep\n|turn|27\n|\n|t:|1699873872\n|switch|p1a: Forfex|Scizor-Mega, M|96\/100\n|move|p2a: Toxapex|Ice Beam|p1a: Forfex\n|-resisted|p1a: Forfex\n|-damage|p1a: Forfex|88\/100\n|\n|-heal|p2a: Toxapex|75\/100|[from] item: Leftovers\n|upkeep\n|turn|28\n|\n|t:|1699873878\n|move|p1a: Forfex|U-turn|p2a: Toxapex\n|-resisted|p2a: Toxapex\n|-damage|p2a: Toxapex|63\/100\n|\n|t:|1699873880\n|switch|p1a: Ignis Coronam|Zamazenta|91\/100|[from] U-turn\n|-status|p1a: Ignis Coronam|psn\n|move|p2a: Toxapex|Ice Beam|p1a: Ignis Coronam\n|-damage|p1a: Ignis Coronam|74\/100 psn\n|\n|-heal|p2a: Toxapex|69\/100|[from] item: Leftovers\n|-damage|p1a: Ignis Coronam|61\/100 psn|[from] psn\n|upkeep\n|turn|29\n|\n|t:|1699873886\n|move|p2a: Toxapex|Baneful Bunker|p2a: Toxapex\n|-singleturn|p2a: Toxapex|move: Protect\n|move|p1a: Ignis Coronam|Wild Charge|p2a: Toxapex\n|-activate|p2a: Toxapex|move: Protect\n|\n|-heal|p2a: Toxapex|75\/100|[from] item: Leftovers\n|-damage|p1a: Ignis Coronam|49\/100 psn|[from] psn\n|upkeep\n|turn|30\n|\n|t:|1699873903\n|move|p2a: Toxapex|Baneful Bunker|p2a: Toxapex\n|-singleturn|p2a: Toxapex|move: Protect\n|move|p1a: Ignis Coronam|Wild Charge|p2a: Toxapex\n|-activate|p2a: Toxapex|move: Protect\n|\n|-heal|p2a: Toxapex|81\/100|[from] item: Leftovers\n|-damage|p1a: Ignis Coronam|37\/100 psn|[from] psn\n|upkeep\n|turn|31\n|\n|t:|1699873913\n|move|p1a: Ignis Coronam|Wild Charge|p2a: Toxapex\n|-supereffective|p2a: Toxapex\n|-damage|p2a: Toxapex|16\/100\n|-damage|p1a: Ignis Coronam|21\/100 psn|[from] Recoil\n|move|p2a: Toxapex|Ice Beam|p1a: Ignis Coronam\n|-damage|p1a: Ignis Coronam|4\/100 psn\n|\n|-heal|p2a: Toxapex|22\/100|[from] item: Leftovers\n|-damage|p1a: Ignis Coronam|0 fnt|[from] psn\n|faint|p1a: Ignis Coronam\n|upkeep\n|\n|t:|1699873920\n|switch|p1a: Sol Tinea|Volcarona, F|91\/100\n|turn|32\n|\n|t:|1699873924\n|move|p2a: Toxapex|Baneful Bunker|p2a: Toxapex\n|-singleturn|p2a: Toxapex|move: Protect\n|move|p1a: Sol Tinea|Flamethrower|p2a: Toxapex\n|-activate|p2a: Toxapex|move: Protect\n|\n|-heal|p2a: Toxapex|28\/100|[from] item: Leftovers\n|upkeep\n|turn|33\n|\n|t:|1699873931\n|move|p2a: Toxapex|Baneful Bunker||[still]\n|-fail|p2a: Toxapex\n|move|p1a: Sol Tinea|Flamethrower|p2a: Toxapex\n|-resisted|p2a: Toxapex\n|-damage|p2a: Toxapex|10\/100\n|\n|-heal|p2a: Toxapex|17\/100|[from] item: Leftovers\n|upkeep\n|turn|34\n|\n|t:|1699873937\n|move|p1a: Sol Tinea|Quiver Dance|p1a: Sol Tinea\n|-boost|p1a: Sol Tinea|spa|1\n|-boost|p1a: Sol Tinea|spd|1\n|-boost|p1a: Sol Tinea|spe|1\n|move|p2a: Toxapex|Ice Beam|p1a: Sol Tinea\n|-resisted|p1a: Sol Tinea\n|-damage|p1a: Sol Tinea|84\/100\n|\n|-heal|p2a: Toxapex|23\/100|[from] item: Leftovers\n|upkeep\n|turn|35\n|\n|t:|1699873939\n|move|p1a: Sol Tinea|Flamethrower|p2a: Toxapex\n|-resisted|p2a: Toxapex\n|-crit|p2a: Toxapex\n|-damage|p2a: Toxapex|0 fnt\n|faint|p2a: Toxapex\n|\n|upkeep\n|\n|t:|1699873943\n|switch|p2a: Morpeko|Morpeko, M|53\/100\n|turn|36\n|\n|t:|1699873946\n|move|p1a: Sol Tinea|Bug Buzz|p2a: Morpeko\n|-supereffective|p2a: Morpeko\n|-damage|p2a: Morpeko|0 fnt\n|faint|p2a: Morpeko\n|\n|upkeep\n|\n|t:|1699873949\n|switch|p2a: Ninjask|Ninjask, M, shiny|100\/100\n|-damage|p2a: Ninjask|51\/100|[from] Stealth Rock\n|turn|37\n|\n|t:|1699873953\n|move|p2a: Ninjask|Protect|p2a: Ninjask\n|-singleturn|p2a: Ninjask|Protect\n|move|p1a: Sol Tinea|Flamethrower|p2a: Ninjask\n|-activate|p2a: Ninjask|move: Protect\n|\n|-heal|p2a: Ninjask|57\/100|[from] item: Leftovers\n|-ability|p2a: Ninjask|Speed Boost|boost\n|-boost|p2a: Ninjask|spe|1\n|upkeep\n|turn|38\n|\n|t:|1699874012\n|move|p2a: Ninjask|Dual Wingbeat|p1a: Sol Tinea\n|-supereffective|p1a: Sol Tinea\n|-damage|p1a: Sol Tinea|51\/100\n|-supereffective|p1a: Sol Tinea\n|-damage|p1a: Sol Tinea|15\/100\n|-hitcount|p1a: Sol Tinea|2\n|move|p1a: Sol Tinea|Flamethrower|p2a: Ninjask\n|-supereffective|p2a: Ninjask\n|-damage|p2a: Ninjask|0 fnt\n|faint|p2a: Ninjask\n|\n|win|AesirEcho\n|c|&|\/uhtml prompt-ttheus,ttheus is ready for game 2!\n","uploadtime":1699874019,"views":4,"p1id":"aesirecho","p2id":"ttheus","formatid":"gen9nationaldex","rating":0,"private":0,"password":""}