{"id":"gen9nationaldex-1990398808","p1":"djkslaf","p2":"Longe do destino","format":"[Gen 9] National Dex","log":"|j|\u2606djkslaf\n|j|\u2606Longe do destino\n|t:|1699966851\n|gametype|singles\n|player|p1|djkslaf|lyra|1184\n|player|p2|Longe do destino|pokemaniac|1200\n|teamsize|p1|6\n|teamsize|p2|6\n|gen|9\n|tier|[Gen 9] National Dex\n|rated|\n|rule|HP Percentage Mod: HP is shown in percentages\n|rule|Endless Battle Clause: Forcing endless battles is banned\n|rule|OHKO Clause: OHKO moves are banned\n|rule|Evasion Clause: Evasion abilities, items, and moves are banned\n|rule|Evasion Abilities Clause: Evasion abilities are banned\n|rule|Evasion Items Clause: Evasion items are banned\n|rule|Evasion Moves Clause: Evasion moves are banned\n|rule|Species Clause: Limit one of each Pok\u00e9mon\n|rule|Sleep Clause Mod: Limit one foe put to sleep\n|clearpoke\n|poke|p1|Dragonite, M|\n|poke|p1|Iron Valiant|\n|poke|p1|Greninja-*, M|\n|poke|p1|Diancie|\n|poke|p1|Tapu Koko|\n|poke|p1|Ninetales-Alola, F|\n|poke|p2|Tapu Koko|\n|poke|p2|Iron Valiant|\n|poke|p2|Iron Treads|\n|poke|p2|Iron Moth|\n|poke|p2|Iron Leaves|\n|poke|p2|Iron Jugulis|\n|teampreview\n|\n|t:|1699966860\n|start\n|switch|p1a: Ninetales|Ninetales-Alola, F|100\/100\n|switch|p2a: Tapu Koko|Tapu Koko|100\/100\n|-fieldstart|move: Electric Terrain|[from] ability: Electric Surge|[of] p2a: Tapu Koko\n|-weather|Snow|[from] ability: Snow Warning|[of] p1a: Ninetales\n|turn|1\n|inactive|Battle timer is ON: inactive players will automatically lose when time's up. (requested by djkslaf)\n|\n|t:|1699966877\n|move|p2a: Tapu Koko|Light Screen|p2a: Tapu Koko\n|-sidestart|p2: Longe do destino|move: Light Screen\n|move|p1a: Ninetales|Aurora Veil|p1a: Ninetales\n|-sidestart|p1: djkslaf|move: Aurora Veil\n|\n|-weather|Snow|[upkeep]\n|upkeep\n|turn|2\n|\n|t:|1699966883\n|move|p2a: Tapu Koko|Reflect|p2a: Tapu Koko\n|-sidestart|p2: Longe do destino|Reflect\n|move|p1a: Ninetales|Encore|p2a: Tapu Koko\n|-start|p2a: Tapu Koko|Encore\n|\n|-weather|Snow|[upkeep]\n|upkeep\n|turn|3\n|\n|t:|1699966900\n|switch|p2a: Iron Treads|Iron Treads|100\/100\n|-activate|p2a: Iron Treads|ability: Quark Drive\n|-start|p2a: Iron Treads|quarkdrivespe\n|switch|p1a: Iron Valiant|Iron Valiant|100\/100\n|-activate|p1a: Iron Valiant|ability: Quark Drive\n|-start|p1a: Iron Valiant|quarkdrivespe\n|\n|-weather|Snow|[upkeep]\n|upkeep\n|turn|4\n|\n|t:|1699966918\n|-terastallize|p2a: Iron Treads|Ground\n|move|p1a: Iron Valiant|Calm Mind|p1a: Iron Valiant\n|-boost|p1a: Iron Valiant|spa|1\n|-boost|p1a: Iron Valiant|spd|1\n|move|p2a: Iron Treads|Earthquake|p1a: Iron Valiant\n|-damage|p1a: Iron Valiant|56\/100\n|\n|-weather|Snow|[upkeep]\n|upkeep\n|turn|5\n|\n|t:|1699966931\n|move|p1a: Iron Valiant|Calm Mind|p1a: Iron Valiant\n|-boost|p1a: Iron Valiant|spa|1\n|-boost|p1a: Iron Valiant|spd|1\n|move|p2a: Iron Treads|Earthquake|p1a: Iron Valiant\n|-damage|p1a: Iron Valiant|14\/100\n|\n|-weather|none\n|-fieldend|move: Electric Terrain\n|-end|p1a: Iron Valiant|Quark Drive\n|-end|p2a: Iron Treads|Quark Drive\n|upkeep\n|-enditem|p1a: Iron Valiant|Booster Energy\n|-activate|p1a: Iron Valiant|ability: Quark Drive|[fromitem]\n|-start|p1a: Iron Valiant|quarkdrivespa\n|turn|6\n|\n|t:|1699966943\n|move|p1a: Iron Valiant|Moonblast|p2a: Iron Treads\n|-damage|p2a: Iron Treads|21\/100\n|move|p2a: Iron Treads|Earthquake|p1a: Iron Valiant\n|-damage|p1a: Iron Valiant|0 fnt\n|faint|p1a: Iron Valiant\n|-end|p1a: Iron Valiant|Quark Drive|[silent]\n|\n|upkeep\n|\n|t:|1699966955\n|switch|p1a: Greninja|Greninja, M|100\/100\n|turn|7\n|\n|t:|1699966959\n|-end|p2a: Iron Treads|Quark Drive|[silent]\n|switch|p2a: Tapu Koko|Tapu Koko|100\/100\n|-fieldstart|move: Electric Terrain|[from] ability: Electric Surge|[of] p2a: Tapu Koko\n|move|p1a: Greninja|Ice Beam|p2a: Tapu Koko\n|-damage|p2a: Tapu Koko|76\/100\n|-status|p2a: Tapu Koko|frz\n|-damage|p1a: Greninja|91\/100|[from] item: Life Orb\n|\n|upkeep\n|turn|8\n|\n|t:|1699966973\n|switch|p2a: Iron Valiant|Iron Valiant|100\/100\n|-activate|p2a: Iron Valiant|ability: Quark Drive\n|-start|p2a: Iron Valiant|quarkdrivespe\n|move|p1a: Greninja|Surf|p2a: Iron Valiant\n|-damage|p2a: Iron Valiant|54\/100\n|-damage|p1a: Greninja|81\/100|[from] item: Life Orb\n|\n|-sideend|p2: Longe do destino|move: Light Screen\n|-sideend|p1: djkslaf|move: Aurora Veil\n|upkeep\n|turn|9\n|\n|t:|1699966994\n|switch|p1a: Ninetales|Ninetales-Alola, F|100\/100\n|-weather|Snow|[from] ability: Snow Warning|[of] p1a: Ninetales\n|move|p2a: Iron Valiant|Spirit Break|p1a: Ninetales\n|-damage|p1a: Ninetales|70\/100\n|-unboost|p1a: Ninetales|spa|1\n|\n|-weather|Snow|[upkeep]\n|-sideend|p2: Longe do destino|Reflect\n|upkeep\n|turn|10\n|\n|t:|1699967006\n|-end|p2a: Iron Valiant|Quark Drive|[silent]\n|switch|p2a: Iron Moth|Iron Moth|100\/100\n|-activate|p2a: Iron Moth|ability: Quark Drive\n|-start|p2a: Iron Moth|quarkdrivespa\n|move|p1a: Ninetales|Aurora Veil|p1a: Ninetales\n|-sidestart|p1: djkslaf|move: Aurora Veil\n|\n|-weather|Snow|[upkeep]\n|upkeep\n|turn|11\n|\n|t:|1699967015\n|switch|p1a: Greninja|Greninja, M|81\/100\n|move|p2a: Iron Moth|Overheat|p1a: Greninja|[miss]\n|-miss|p2a: Iron Moth|p1a: Greninja\n|\n|-weather|Snow|[upkeep]\n|-fieldend|move: Electric Terrain\n|-end|p2a: Iron Moth|Quark Drive\n|upkeep\n|turn|12\n|\n|t:|1699967024\n|-end|p2a: Iron Moth|Quark Drive|[silent]\n|switch|p2a: Tapu Koko|Tapu Koko|76\/100 frz\n|-fieldstart|move: Electric Terrain|[from] ability: Electric Surge|[of] p2a: Tapu Koko\n|move|p1a: Greninja|Water Shuriken|p2a: Tapu Koko\n|-damage|p2a: Tapu Koko|61\/100 frz\n|-damage|p2a: Tapu Koko|47\/100 frz\n|-damage|p2a: Tapu Koko|34\/100 frz\n|-hitcount|p2a: Tapu Koko|3\n|-damage|p1a: Greninja|71\/100|[from] item: Life Orb\n|\n|-weather|Snow|[upkeep]\n|upkeep\n|turn|13\n|\n|t:|1699967053\n|switch|p2a: Iron Valiant|Iron Valiant|54\/100\n|-activate|p2a: Iron Valiant|ability: Quark Drive\n|-start|p2a: Iron Valiant|quarkdrivespe\n|move|p1a: Greninja|Surf|p2a: Iron Valiant\n|-damage|p2a: Iron Valiant|0 fnt\n|faint|p2a: Iron Valiant\n|-end|p2a: Iron Valiant|Quark Drive|[silent]\n|-ability|p1a: Greninja|Battle Bond|boost\n|-boost|p1a: Greninja|atk|1\n|-boost|p1a: Greninja|spa|1\n|-boost|p1a: Greninja|spe|1\n|-activate|p1a: Greninja|ability: Battle Bond\n|-damage|p1a: Greninja|61\/100|[from] item: Life Orb\n|\n|-weather|none\n|upkeep\n|inactive|Longe do destino has 120 seconds left.\n|\n|t:|1699967069\n|switch|p2a: Iron Moth|Iron Moth|100\/100\n|-activate|p2a: Iron Moth|ability: Quark Drive\n|-start|p2a: Iron Moth|quarkdrivespa\n|turn|14\n|\n|t:|1699967076\n|move|p1a: Greninja|Water Shuriken|p2a: Iron Moth\n|-supereffective|p2a: Iron Moth\n|-damage|p2a: Iron Moth|74\/100\n|-supereffective|p2a: Iron Moth\n|-damage|p2a: Iron Moth|42\/100\n|-supereffective|p2a: Iron Moth\n|-damage|p2a: Iron Moth|13\/100\n|-supereffective|p2a: Iron Moth\n|-damage|p2a: Iron Moth|0 fnt\n|faint|p2a: Iron Moth\n|-end|p2a: Iron Moth|Quark Drive|[silent]\n|-hitcount|p2: Iron Moth|4\n|-damage|p1a: Greninja|51\/100|[from] item: Life Orb\n|\n|upkeep\n|\n|t:|1699967081\n|switch|p2a: Tapu Koko|Tapu Koko|34\/100 frz\n|turn|15\n|-message|Longe do destino forfeited.\n|\n|win|djkslaf\n|raw|djkslaf's rating: 1184 &rarr; <strong>1210<\/strong><br \/>(+26 for winning)\n|raw|Longe do destino's rating: 1200 &rarr; <strong>1174<\/strong><br \/>(-26 for losing)\n|l|\u2606Longe do destino\n","uploadtime":1699967092,"views":6,"p1id":"djkslaf","p2id":"longedodestino","formatid":"gen9nationaldex","rating":1174,"private":0,"password":""}