{"id":"gen9nationaldex-1991863368","p1":"BigG5","p2":"Creator Cyrus","format":"[Gen 9] National Dex","log":"|j|\u2606BigG5\n|j|\u2606Creator Cyrus\n|t:|1700130288\n|gametype|singles\n|player|p1|BigG5|2|1540\n|player|p2|Creator Cyrus|cyrus|1615\n|teamsize|p1|6\n|teamsize|p2|6\n|gen|9\n|tier|[Gen 9] National Dex\n|rated|\n|rule|HP Percentage Mod: HP is shown in percentages\n|rule|Endless Battle Clause: Forcing endless battles is banned\n|rule|OHKO Clause: OHKO moves are banned\n|rule|Evasion Clause: Evasion abilities, items, and moves are banned\n|rule|Evasion Abilities Clause: Evasion abilities are banned\n|rule|Evasion Items Clause: Evasion items are banned\n|rule|Evasion Moves Clause: Evasion moves are banned\n|rule|Species Clause: Limit one of each Pok\u00e9mon\n|rule|Sleep Clause Mod: Limit one foe put to sleep\n|clearpoke\n|poke|p1|Tyranitar, F|\n|poke|p1|Lopunny, F|\n|poke|p1|Alomomola, F|\n|poke|p1|Landorus-Therian, M|\n|poke|p1|Heatran, M|\n|poke|p1|Dracozolt|\n|poke|p2|Tornadus-Therian, M|\n|poke|p2|Lopunny, F|\n|poke|p2|Ferrothorn, F|\n|poke|p2|Slowking-Galar, F|\n|poke|p2|Garchomp, M|\n|poke|p2|Tapu Koko|\n|teampreview\n|inactive|Battle timer is ON: inactive players will automatically lose when time's up. (requested by BigG5)\n|\n|t:|1700130302\n|start\n|switch|p1a: Lopunny|Lopunny, F|100\/100\n|switch|p2a: Garchomp|Garchomp, M|100\/100\n|turn|1\n|\n|t:|1700130323\n|switch|p1a: Tyranitar|Tyranitar, F, shiny|100\/100\n|-weather|Sandstorm|[from] ability: Sand Stream|[of] p1a: Tyranitar\n|move|p2a: Garchomp|Swords Dance|p2a: Garchomp\n|-boost|p2a: Garchomp|atk|2\n|\n|-weather|Sandstorm|[upkeep]\n|upkeep\n|turn|2\n|\n|t:|1700130331\n|-terastallize|p1a: Tyranitar|Fairy\n|-zpower|p2a: Garchomp\n|move|p2a: Garchomp|Devastating Drake|p1a: Tyranitar|[zeffect]\n|-immune|p1a: Tyranitar\n|move|p1a: Tyranitar|Ice Beam|p2a: Garchomp\n|-supereffective|p2a: Garchomp\n|-damage|p2a: Garchomp|0 fnt\n|faint|p2a: Garchomp\n|\n|-weather|Sandstorm|[upkeep]\n|-damage|p1a: Tyranitar|94\/100|[from] Sandstorm\n|upkeep\n|\n|t:|1700130346\n|switch|p2a: Tapu Koko|Tapu Koko|100\/100\n|-fieldstart|move: Electric Terrain|[from] ability: Electric Surge|[of] p2a: Tapu Koko\n|turn|3\n|\n|t:|1700130356\n|move|p2a: Tapu Koko|Volt Switch|p1a: Tyranitar\n|-damage|p1a: Tyranitar|59\/100\n|\n|t:|1700130363\n|switch|p2a: \u6211\u4e0d\u662ffurry\u63a7|Lopunny, F|100\/100|[from] Volt Switch\n|move|p1a: Tyranitar|Stone Edge|p2a: \u6211\u4e0d\u662ffurry\u63a7|[miss]\n|-miss|p1a: Tyranitar|p2a: \u6211\u4e0d\u662ffurry\u63a7\n|\n|-weather|Sandstorm|[upkeep]\n|-damage|p2a: \u6211\u4e0d\u662ffurry\u63a7|94\/100|[from] Sandstorm\n|-damage|p1a: Tyranitar|53\/100|[from] Sandstorm\n|upkeep\n|turn|4\n|\n|t:|1700130373\n|switch|p1a: Landorus|Landorus-Therian, M|100\/100\n|-ability|p1a: Landorus|Intimidate|boost\n|-unboost|p2a: \u6211\u4e0d\u662ffurry\u63a7|atk|1\n|detailschange|p2a: \u6211\u4e0d\u662ffurry\u63a7|Lopunny-Mega, F\n|-mega|p2a: \u6211\u4e0d\u662ffurry\u63a7|Lopunny|Lopunnite\n|move|p2a: \u6211\u4e0d\u662ffurry\u63a7|U-turn|p1a: Landorus\n|-resisted|p1a: Landorus\n|-damage|p1a: Landorus|95\/100\n|-damage|p2a: \u6211\u4e0d\u662ffurry\u63a7|78\/100|[from] item: Rocky Helmet|[of] p1a: Landorus\n|\n|t:|1700130392\n|switch|p2a: Tornadus|Tornadus-Therian, M|100\/100|[from] U-turn\n|\n|-weather|Sandstorm|[upkeep]\n|-damage|p2a: Tornadus|95\/100|[from] Sandstorm\n|upkeep\n|turn|5\n|\n|t:|1700130406\n|move|p2a: Tornadus|Hurricane|p1a: Landorus\n|-damage|p1a: Landorus|50\/100\n|-start|p1a: Landorus|confusion\n|-activate|p1a: Landorus|confusion\n|move|p1a: Landorus|Stealth Rock|p2a: Tornadus\n|-sidestart|p2: Creator Cyrus|move: Stealth Rock\n|\n|-weather|none\n|upkeep\n|turn|6\n|\n|t:|1700130414\n|switch|p1a: Tyranitar|Tyranitar, F, shiny, tera:Fairy|53\/100\n|-weather|Sandstorm|[from] ability: Sand Stream|[of] p1a: Tyranitar\n|move|p2a: Tornadus|Defog|p1a: Tyranitar\n|-unboost|p1a: Tyranitar|evasion|1\n|-sideend|p2: Creator Cyrus|Stealth Rock|[from] move: Defog|[of] p2a: Tornadus\n|-fieldend|move: Electric Terrain\n|\n|-weather|Sandstorm|[upkeep]\n|-damage|p2a: Tornadus|89\/100|[from] Sandstorm\n|-damage|p1a: Tyranitar|47\/100|[from] Sandstorm\n|upkeep\n|turn|7\n|j| jacoooby\n|\n|t:|1700130437\n|move|p2a: Tornadus|U-turn|p1a: Tyranitar\n|-resisted|p1a: Tyranitar\n|-damage|p1a: Tyranitar|40\/100\n|\n|t:|1700130441\n|switch|p2a: Ferrothorn|Ferrothorn, F|100\/100|[from] U-turn\n|move|p1a: Tyranitar|Fire Blast|p2a: Ferrothorn\n|-supereffective|p2a: Ferrothorn\n|-damage|p2a: Ferrothorn|0 fnt\n|faint|p2a: Ferrothorn\n|\n|-weather|Sandstorm|[upkeep]\n|-damage|p1a: Tyranitar|34\/100|[from] Sandstorm\n|upkeep\n|\n|t:|1700130452\n|switch|p2a: Tapu Koko|Tapu Koko|100\/100\n|-fieldstart|move: Electric Terrain|[from] ability: Electric Surge|[of] p2a: Tapu Koko\n|turn|8\n|j| KoKohs\n|\n|t:|1700130460\n|switch|p1a: Landorus|Landorus-Therian, M|50\/100\n|-ability|p1a: Landorus|Intimidate|boost\n|-unboost|p2a: Tapu Koko|atk|1\n|move|p2a: Tapu Koko|Hidden Power|p1a: Landorus\n|-supereffective|p1a: Landorus\n|-crit|p1a: Landorus\n|-damage|p1a: Landorus|0 fnt\n|faint|p1a: Landorus\n|\n|-weather|Sandstorm|[upkeep]\n|-damage|p2a: Tapu Koko|94\/100|[from] Sandstorm\n|upkeep\n|\n|t:|1700130469\n|switch|p1a: Dracozolt|Dracozolt|100\/100\n|turn|9\n|\n|t:|1700130482\n|move|p1a: Dracozolt|Earthquake|p2a: Tapu Koko\n|-supereffective|p2a: Tapu Koko\n|-damage|p2a: Tapu Koko|0 fnt\n|faint|p2a: Tapu Koko\n|-damage|p1a: Dracozolt|91\/100|[from] item: Life Orb\n|\n|-weather|Sandstorm|[upkeep]\n|upkeep\n|\n|t:|1700130489\n|switch|p2a: \u6211\u4e0d\u662ffurry\u63a7|Lopunny-Mega, F|78\/100\n|turn|10\n|\n|t:|1700130501\n|switch|p1a: Alomomola|Alomomola, F|100\/100\n|move|p2a: \u6211\u4e0d\u662ffurry\u63a7|Frustration|p1a: Alomomola\n|-damage|p1a: Alomomola|67\/100\n|\n|-weather|none\n|upkeep\n|turn|11\n|\n|t:|1700130513\n|move|p2a: \u6211\u4e0d\u662ffurry\u63a7|U-turn|p1a: Alomomola\n|-damage|p1a: Alomomola|51\/100\n|\n|t:|1700130515\n|switch|p2a: Slowking|Slowking-Galar, F|100\/100|[from] U-turn\n|move|p1a: Alomomola|Wish|p1a: Alomomola\n|\n|upkeep\n|turn|12\n|\n|t:|1700130525\n|move|p1a: Alomomola|Flip Turn|p2a: Slowking\n|-damage|p2a: Slowking|83\/100\n|\n|t:|1700130528\n|switch|p1a: Tyranitar|Tyranitar, F, shiny, tera:Fairy|34\/100|[from] Flip Turn\n|-weather|Sandstorm|[from] ability: Sand Stream|[of] p1a: Tyranitar\n|move|p2a: Slowking|Future Sight|p1a: Tyranitar\n|-start|p2a: Slowking|move: Future Sight\n|\n|-weather|Sandstorm|[upkeep]\n|-damage|p1a: Tyranitar|28\/100|[from] Sandstorm\n|-damage|p2a: Slowking|77\/100|[from] Sandstorm\n|-heal|p1a: Tyranitar|86\/100|[from] move: Wish|[wisher] Alomomola\n|-heal|p2a: Slowking|83\/100|[from] item: Black Sludge\n|-fieldend|move: Electric Terrain\n|upkeep\n|turn|13\n|\n|t:|1700130547\n|switch|p1a: Alomomola|Alomomola, F|84\/100\n|switch|p2a: \u6211\u4e0d\u662ffurry\u63a7|Lopunny-Mega, F|78\/100\n|\n|-weather|Sandstorm|[upkeep]\n|-damage|p2a: \u6211\u4e0d\u662ffurry\u63a7|72\/100|[from] Sandstorm\n|-damage|p1a: Alomomola|78\/100|[from] Sandstorm\n|upkeep\n|turn|14\n|\n|t:|1700130554\n|move|p2a: \u6211\u4e0d\u662ffurry\u63a7|Close Combat|p1a: Alomomola\n|-damage|p1a: Alomomola|39\/100\n|-unboost|p2a: \u6211\u4e0d\u662ffurry\u63a7|def|1\n|-unboost|p2a: \u6211\u4e0d\u662ffurry\u63a7|spd|1\n|move|p1a: Alomomola|Flip Turn|p2a: \u6211\u4e0d\u662ffurry\u63a7\n|-damage|p2a: \u6211\u4e0d\u662ffurry\u63a7|39\/100\n|\n|t:|1700130565\n|switch|p1a: Dracozolt|Dracozolt|91\/100|[from] Flip Turn\n|\n|-weather|Sandstorm|[upkeep]\n|-damage|p2a: \u6211\u4e0d\u662ffurry\u63a7|33\/100|[from] Sandstorm\n|-end|p1a: Dracozolt|move: Future Sight\n|-damage|p1a: Dracozolt|23\/100\n|upkeep\n|turn|15\n|-message|Creator Cyrus forfeited.\n|\n|win|BigG5\n|raw|BigG5's rating: 1540 &rarr; <strong>1564<\/strong><br \/>(+24 for winning)\n|raw|Creator Cyrus's rating: 1615 &rarr; <strong>1591<\/strong><br \/>(-24 for losing)\n|l|\u2606Creator Cyrus\n|l| KoKohs\n","uploadtime":1700130605,"views":7,"p1id":"bigg5","p2id":"creatorcyrus","formatid":"gen9nationaldex","rating":1564,"private":0,"password":""}