{"id":"gen9nationaldex-1988519281","p1":"Tio_Shaggy","p2":"Ultr4X","format":"[Gen 9] National Dex","log":"|j|\u2606Tio_Shaggy\n|j|\u2606Ultr4X\n|t:|1699731622\n|gametype|singles\n|player|p1|Tio_Shaggy|102|1089\n|player|p2|Ultr4X|swimmerf-gen4|1134\n|teamsize|p1|6\n|teamsize|p2|6\n|gen|9\n|tier|[Gen 9] National Dex\n|rated|\n|rule|HP Percentage Mod: HP is shown in percentages\n|rule|Endless Battle Clause: Forcing endless battles is banned\n|rule|OHKO Clause: OHKO moves are banned\n|rule|Evasion Clause: Evasion abilities, items, and moves are banned\n|rule|Evasion Abilities Clause: Evasion abilities are banned\n|rule|Evasion Items Clause: Evasion items are banned\n|rule|Evasion Moves Clause: Evasion moves are banned\n|rule|Species Clause: Limit one of each Pok\u00e9mon\n|rule|Sleep Clause Mod: Limit one foe put to sleep\n|clearpoke\n|poke|p1|Lopunny, F|\n|poke|p1|Smeargle, F|\n|poke|p1|Heliolisk, M|\n|poke|p1|Pyroar, M|\n|poke|p1|Bibarel, M|\n|poke|p1|Chatot, F|\n|poke|p2|Venusaur, F|\n|poke|p2|Duraludon, M|\n|poke|p2|Farigiraf, F|\n|poke|p2|Gliscor, M|\n|poke|p2|Samurott-Hisui, F|\n|poke|p2|Iron Valiant|\n|teampreview\n|inactive|Battle timer is ON: inactive players will automatically lose when time's up. (requested by Tio_Shaggy)\n|\n|t:|1699731628\n|start\n|switch|p1a: Smeargle|Smeargle, F|100\/100\n|switch|p2a: Sam|Samurott-Hisui, F, shiny|100\/100\n|turn|1\n|\n|t:|1699731632\n|move|p2a: Sam|Ceaseless Edge|p1a: Smeargle\n|-enditem|p1a: Smeargle|Focus Sash\n|-damage|p1a: Smeargle|1\/100\n|-sidestart|p1: Tio_Shaggy|Spikes\n|move|p1a: Smeargle|Spore|p2a: Sam\n|-status|p2a: Sam|slp|[from] move: Spore\n|\n|upkeep\n|turn|2\n|\n|t:|1699731641\n|cant|p2a: Sam|slp\n|move|p1a: Smeargle|Sticky Web|p2a: Sam\n|-sidestart|p2: Ultr4X|move: Sticky Web\n|\n|upkeep\n|turn|3\n|\n|t:|1699731645\n|cant|p2a: Sam|slp\n|move|p1a: Smeargle|Destiny Bond|p1a: Smeargle\n|-singlemove|p1a: Smeargle|Destiny Bond\n|\n|upkeep\n|turn|4\n|c|\u2606Ultr4X|man is gonna wreck absolute havok when part 2 releases\n|\n|t:|1699731673\n|switch|p2a: Sub to MandJTV|Gliscor, M, shiny|100\/100\n|move|p1a: Smeargle|Taunt|p2a: Sub to MandJTV\n|-start|p2a: Sub to MandJTV|move: Taunt\n|\n|-status|p2a: Sub to MandJTV|tox|[from] item: Toxic Orb\n|upkeep\n|turn|5\n|\n|t:|1699731681\n|move|p2a: Sub to MandJTV|Earthquake|p1a: Smeargle\n|-damage|p1a: Smeargle|0 fnt\n|faint|p1a: Smeargle\n|\n|upkeep\n|\n|t:|1699731686\n|switch|p1a: Bibarel|Bibarel, M|100\/100\n|-damage|p1a: Bibarel|88\/100|[from] Spikes\n|turn|6\n|\n|t:|1699731691\n|move|p2a: Sub to MandJTV|Earthquake|p1a: Bibarel\n|-damage|p1a: Bibarel|6\/100\n|move|p1a: Bibarel|Ice Beam|p2a: Sub to MandJTV\n|-supereffective|p2a: Sub to MandJTV\n|-crit|p2a: Sub to MandJTV\n|-damage|p2a: Sub to MandJTV|0 fnt\n|faint|p2a: Sub to MandJTV\n|\n|-heal|p1a: Bibarel|12\/100|[from] item: Leftovers\n|upkeep\n|\n|t:|1699731698\n|switch|p2a: L O N G|Farigiraf, F, shiny|100\/100\n|-activate|p2a: L O N G|move: Sticky Web\n|-unboost|p2a: L O N G|spe|1\n|turn|7\n|\n|t:|1699731702\n|move|p1a: Bibarel|Toxic|p2a: L O N G\n|-status|p2a: L O N G|tox\n|move|p2a: L O N G|Thunderbolt|p1a: Bibarel\n|-supereffective|p1a: Bibarel\n|-damage|p1a: Bibarel|0 fnt\n|faint|p1a: Bibarel\n|\n|-damage|p2a: L O N G|94\/100 tox|[from] psn\n|upkeep\n|\n|t:|1699731711\n|switch|p1a: Pyroar|Pyroar, M|100\/100\n|-damage|p1a: Pyroar|88\/100|[from] Spikes\n|turn|8\n|\n|t:|1699731721\n|move|p1a: Pyroar|Dark Pulse|p2a: L O N G\n|-supereffective|p2a: L O N G\n|-damage|p2a: L O N G|63\/100 tox\n|cant|p2a: L O N G|flinch\n|\n|-heal|p2a: L O N G|69\/100 tox|[from] item: Leftovers\n|-damage|p2a: L O N G|57\/100 tox|[from] psn\n|upkeep\n|turn|9\n|\n|t:|1699731728\n|move|p1a: Pyroar|Dark Pulse|p2a: L O N G\n|-supereffective|p2a: L O N G\n|-damage|p2a: L O N G|24\/100 tox\n|cant|p2a: L O N G|flinch\n|\n|-heal|p2a: L O N G|30\/100 tox|[from] item: Leftovers\n|-damage|p2a: L O N G|12\/100 tox|[from] psn\n|upkeep\n|turn|10\n|c|\u2606Ultr4X|ok that's lucky\n|\n|t:|1699731741\n|switch|p2a: Robot Fuse|Iron Valiant, shiny|100\/100\n|-activate|p2a: Robot Fuse|move: Sticky Web\n|-unboost|p2a: Robot Fuse|spe|1\n|-enditem|p2a: Robot Fuse|Booster Energy\n|-activate|p2a: Robot Fuse|ability: Quark Drive|[fromitem]\n|-start|p2a: Robot Fuse|quarkdriveatk\n|move|p1a: Pyroar|Dark Pulse|p2a: Robot Fuse\n|-resisted|p2a: Robot Fuse\n|-damage|p2a: Robot Fuse|89\/100\n|\n|upkeep\n|turn|11\n|\n|t:|1699731755\n|move|p1a: Pyroar|Fire Blast|p2a: Robot Fuse\n|-damage|p2a: Robot Fuse|0 fnt\n|faint|p2a: Robot Fuse\n|-end|p2a: Robot Fuse|Quark Drive|[silent]\n|\n|upkeep\n|\n|t:|1699731759\n|switch|p2a: Fe-male|Duraludon, M, shiny|100\/100\n|-activate|p2a: Fe-male|move: Sticky Web\n|-unboost|p2a: Fe-male|spe|1\n|turn|12\n|c|\u2606Tio_Shaggy|Sub in twitch?\n|c|\u2606Ultr4X|?\n|c|\u2606Tio_Shaggy|Facebook?\n|c|\u2606Ultr4X|no\n|c|\u2606Tio_Shaggy|Ig?\n|c|\u2606Ultr4X|yep\n|inactive|Tio_Shaggy has 120 seconds left.\n|c|\u2606Tio_Shaggy|Olk\n|c|\u2606Tio_Shaggy|Im Tio_Shaggy in IG too\n|\n|t:|1699731810\n|move|p1a: Pyroar|Fire Blast|p2a: Fe-male|[miss]\n|-miss|p1a: Pyroar|p2a: Fe-male\n|move|p2a: Fe-male|Dragon Pulse|p1a: Pyroar\n|-damage|p1a: Pyroar|42\/100\n|\n|upkeep\n|turn|13\n|c|\u2606Ultr4X|dude attack alredy\n|\n|t:|1699731817\n|move|p1a: Pyroar|Fire Blast|p2a: Fe-male\n|-damage|p2a: Fe-male|9\/100\n|-status|p2a: Fe-male|brn\n|move|p2a: Fe-male|Dragon Pulse|p1a: Pyroar\n|-damage|p1a: Pyroar|1\/100\n|\n|-damage|p2a: Fe-male|3\/100 brn|[from] brn\n|upkeep\n|turn|14\n|c|\u2606Ultr4X|why\n|c|\u2606Tio_Shaggy|Very lucky\n|\n|t:|1699731837\n|move|p1a: Pyroar|Dark Pulse|p2a: Fe-male\n|-damage|p2a: Fe-male|0 fnt\n|faint|p2a: Fe-male\n|\n|upkeep\n|c|\u2606Ultr4X|run the calcs\n|\n|t:|1699731847\n|switch|p2a: Sam|Samurott-Hisui, F, shiny|100\/100 slp\n|-activate|p2a: Sam|move: Sticky Web\n|-unboost|p2a: Sam|spe|1\n|turn|15\n|\n|t:|1699731851\n|move|p1a: Pyroar|Hyper Voice|p2a: Sam\n|-damage|p2a: Sam|51\/100 slp\n|cant|p2a: Sam|slp\n|\n|upkeep\n|turn|16\n|\n|t:|1699731856\n|move|p1a: Pyroar|Hyper Voice|p2a: Sam\n|-crit|p2a: Sam\n|-damage|p2a: Sam|0 fnt\n|faint|p2a: Sam\n|\n|upkeep\n|\n|t:|1699731861\n|switch|p2a: Bulby|Venusaur, F, shiny|100\/100\n|-activate|p2a: Bulby|move: Sticky Web\n|-unboost|p2a: Bulby|spe|1\n|turn|17\n|c|\u2606Tio_Shaggy|Bro\n|c|\u2606Tio_Shaggy|Bro\n|c|\u2606Tio_Shaggy|Sorry bro\n|c|\u2606Ultr4X|i know my abilities\n|inactive|Tio_Shaggy has 120 seconds left.\n|\n|t:|1699731882\n|detailschange|p2a: Bulby|Venusaur-Mega, F, shiny\n|-mega|p2a: Bulby|Venusaur|Venusaurite\n|move|p1a: Pyroar|Fire Blast|p2a: Bulby\n|-supereffective|p2a: Bulby\n|-damage|p2a: Bulby|65\/100\n|move|p2a: Bulby|Earth Power|p1a: Pyroar\n|-supereffective|p1a: Pyroar\n|-damage|p1a: Pyroar|0 fnt\n|faint|p1a: Pyroar\n|\n|upkeep\n|inactive|Tio_Shaggy has 120 seconds left.\n|c|\u2606Ultr4X|you ain't doin' nothin\n|\n|t:|1699731891\n|switch|p1a: Chatot|Chatot, F, shiny|100\/100\n|turn|18\n|\n|t:|1699731895\n|move|p1a: Chatot|Chatter|p2a: Bulby\n|-supereffective|p2a: Bulby\n|-damage|p2a: Bulby|9\/100\n|-start|p2a: Bulby|confusion\n|-activate|p2a: Bulby|confusion\n|move|p2a: Bulby|Hidden Power|p1a: Chatot\n|-supereffective|p1a: Chatot\n|-damage|p1a: Chatot|6\/100\n|\n|upkeep\n|turn|19\n|\n|t:|1699731909\n|move|p1a: Chatot|Chatter|p2a: Bulby\n|-supereffective|p2a: Bulby\n|-damage|p2a: Bulby|0 fnt\n|faint|p2a: Bulby\n|\n|upkeep\n|c|\u2606Tio_Shaggy|Gg bro\n|c|\u2606Tio_Shaggy|U win\n|c|\u2606Ultr4X|you just turned my venusaur into me\n|c|\u2606Ultr4X|also yea gg\n|\n|t:|1699731925\n|switch|p2a: L O N G|Farigiraf, F, shiny|12\/100 tox\n|-activate|p2a: L O N G|move: Sticky Web\n|-unboost|p2a: L O N G|spe|1\n|turn|20\n|\n|t:|1699731933\n|switch|p1a: Heliolisk|Heliolisk, M|100\/100\n|-damage|p1a: Heliolisk|88\/100|[from] Spikes\n|move|p2a: L O N G|Thunderbolt|p1a: Heliolisk\n|-resisted|p1a: Heliolisk\n|-damage|p1a: Heliolisk|71\/100\n|\n|-heal|p2a: L O N G|18\/100 tox|[from] item: Leftovers\n|-damage|p2a: L O N G|12\/100 tox|[from] psn\n|upkeep\n|turn|21\n|\n|t:|1699731943\n|switch|p1a: Chatot|Chatot, F, shiny|6\/100\n|move|p2a: L O N G|Hyper Voice|p1a: Chatot\n|-damage|p1a: Chatot|0 fnt\n|faint|p1a: Chatot\n|\n|-heal|p2a: L O N G|18\/100 tox|[from] item: Leftovers\n|-damage|p2a: L O N G|6\/100 tox|[from] psn\n|upkeep\n|\n|t:|1699731950\n|switch|p1a: Heliolisk|Heliolisk, M|71\/100\n|-damage|p1a: Heliolisk|58\/100|[from] Spikes\n|turn|22\n|\n|t:|1699731959\n|switch|p1a: Lopunny|Lopunny, F, shiny|100\/100\n|-damage|p1a: Lopunny|88\/100|[from] Spikes\n|move|p2a: L O N G|Hyper Voice|p1a: Lopunny\n|-damage|p1a: Lopunny|41\/100\n|\n|-heal|p2a: L O N G|12\/100 tox|[from] item: Leftovers\n|-damage|p2a: L O N G|0 fnt|[from] psn\n|faint|p2a: L O N G\n|\n|win|Tio_Shaggy\n|upkeep\n|raw|Tio_Shaggy's rating: 1089 &rarr; <strong>1119<\/strong><br \/>(+30 for winning)\n|raw|Ultr4X's rating: 1134 &rarr; <strong>1106<\/strong><br \/>(-28 for losing)\n|c|\u2606Tio_Shaggy|New sub\n|c|\u2606Ultr4X|gg\n|l|\u2606Ultr4X\n|c|\u2606Tio_Shaggy|GG\n","uploadtime":1699732435,"views":6,"p1id":"tioshaggy","p2id":"ultr4x","formatid":"gen9nationaldex","rating":1106,"private":0,"password":""}