{"id":"gen9nationaldex-1989383547","p1":"zkayani","p2":"Isalli","format":"[Gen 9] National Dex","log":"|j|\u2606zkayani\n|j|\u2606Isalli\n|t:|1699843362\n|gametype|singles\n|player|p1|zkayani|101|\n|player|p2|Isalli|265|\n|teamsize|p1|6\n|teamsize|p2|6\n|gen|9\n|tier|[Gen 9] National Dex\n|rule|HP Percentage Mod: HP is shown in percentages\n|rule|Endless Battle Clause: Forcing endless battles is banned\n|rule|OHKO Clause: OHKO moves are banned\n|rule|Evasion Clause: Evasion abilities, items, and moves are banned\n|rule|Evasion Abilities Clause: Evasion abilities are banned\n|rule|Evasion Items Clause: Evasion items are banned\n|rule|Evasion Moves Clause: Evasion moves are banned\n|rule|Species Clause: Limit one of each Pok\u00e9mon\n|rule|Sleep Clause Mod: Limit one foe put to sleep\n|clearpoke\n|poke|p1|Aerodactyl, M|\n|poke|p1|Mantine, M|\n|poke|p1|Donphan, F|\n|poke|p1|Kadabra, M|\n|poke|p1|Gallade, M|\n|poke|p1|Persian-Alola, F|\n|poke|p2|Slither Wing|\n|poke|p2|Charizard, F|\n|poke|p2|Scovillain, F|\n|poke|p2|Florges, F|\n|poke|p2|Dunsparce, M|\n|poke|p2|Murkrow, M|\n|teampreview\n|\n|t:|1699843379\n|start\n|switch|p1a: Aerodactyl|Aerodactyl, M|100\/100\n|switch|p2a: Dunsparce|Dunsparce, M|100\/100\n|turn|1\n|\n|t:|1699843389\n|move|p1a: Aerodactyl|Dual Wingbeat|p2a: Dunsparce\n|-damage|p2a: Dunsparce|86\/100\n|-damage|p2a: Dunsparce|72\/100\n|-hitcount|p2a: Dunsparce|2\n|move|p2a: Dunsparce|Body Slam|p1a: Aerodactyl\n|-resisted|p1a: Aerodactyl\n|-damage|p1a: Aerodactyl|83\/100\n|\n|upkeep\n|turn|2\n|\n|t:|1699843400\n|move|p1a: Aerodactyl|Dual Wingbeat|p2a: Dunsparce\n|-damage|p2a: Dunsparce|59\/100\n|-damage|p2a: Dunsparce|44\/100\n|-hitcount|p2a: Dunsparce|2\n|move|p2a: Dunsparce|Body Slam|p1a: Aerodactyl\n|-resisted|p1a: Aerodactyl\n|-damage|p1a: Aerodactyl|67\/100\n|\n|upkeep\n|turn|3\n|\n|t:|1699843407\n|move|p1a: Aerodactyl|Dual Wingbeat|p2a: Dunsparce\n|-damage|p2a: Dunsparce|31\/100\n|-damage|p2a: Dunsparce|19\/100\n|-hitcount|p2a: Dunsparce|2\n|move|p2a: Dunsparce|Roost|p2a: Dunsparce\n|-heal|p2a: Dunsparce|69\/100\n|-singleturn|p2a: Dunsparce|move: Roost\n|\n|upkeep\n|turn|4\n|c|\u2606Isalli|mega evolve\n|\n|t:|1699843420\n|move|p1a: Aerodactyl|Stone Edge|p2a: Dunsparce|[miss]\n|-miss|p1a: Aerodactyl|p2a: Dunsparce\n|move|p2a: Dunsparce|Body Slam|p1a: Aerodactyl\n|-resisted|p1a: Aerodactyl\n|-damage|p1a: Aerodactyl|51\/100\n|\n|upkeep\n|turn|5\n|\n|t:|1699843431\n|move|p1a: Aerodactyl|Stone Edge|p2a: Dunsparce\n|-crit|p2a: Dunsparce\n|-damage|p2a: Dunsparce|18\/100\n|move|p2a: Dunsparce|Roost|p2a: Dunsparce\n|-heal|p2a: Dunsparce|68\/100\n|-singleturn|p2a: Dunsparce|move: Roost\n|\n|upkeep\n|turn|6\n|\n|t:|1699843439\n|move|p1a: Aerodactyl|Stone Edge|p2a: Dunsparce\n|-damage|p2a: Dunsparce|34\/100\n|move|p2a: Dunsparce|Body Slam|p1a: Aerodactyl\n|-resisted|p1a: Aerodactyl\n|-damage|p1a: Aerodactyl|34\/100\n|-status|p1a: Aerodactyl|par\n|\n|upkeep\n|turn|7\n|\n|t:|1699843448\n|move|p1a: Aerodactyl|Stone Edge|p2a: Dunsparce\n|-damage|p2a: Dunsparce|0 fnt\n|faint|p2a: Dunsparce\n|\n|upkeep\n|\n|t:|1699843459\n|switch|p2a: Scovillain|Scovillain, F, shiny|100\/100\n|turn|8\n|\n|t:|1699843464\n|detailschange|p1a: Aerodactyl|Aerodactyl-Mega, M\n|-mega|p1a: Aerodactyl|Aerodactyl|Aerodactylite\n|move|p2a: Scovillain|Leaf Storm|p1a: Aerodactyl\n|-damage|p1a: Aerodactyl|0 fnt\n|-unboost|p2a: Scovillain|spa|2\n|faint|p1a: Aerodactyl\n|\n|upkeep\n|\n|t:|1699843471\n|switch|p1a: Gallade|Gallade, M|100\/100\n|turn|9\n|\n|t:|1699843476\n|move|p2a: Scovillain|Protect|p2a: Scovillain\n|-singleturn|p2a: Scovillain|Protect\n|move|p1a: Gallade|Sacred Sword|p2a: Scovillain\n|-activate|p2a: Scovillain|move: Protect\n|\n|upkeep\n|turn|10\n|\n|t:|1699843484\n|switch|p2a: Florges|Florges, F|100\/100\n|move|p1a: Gallade|Sacred Sword|p2a: Florges\n|-resisted|p2a: Florges\n|-damage|p2a: Florges|55\/100\n|\n|-heal|p2a: Florges|61\/100|[from] item: Leftovers\n|upkeep\n|turn|11\n|\n|t:|1699843495\n|switch|p1a: Mantine|Mantine, M|100\/100\n|move|p2a: Florges|Moonblast|p1a: Mantine\n|-damage|p1a: Mantine|76\/100\n|\n|-heal|p2a: Florges|67\/100|[from] item: Leftovers\n|upkeep\n|turn|12\n|\n|t:|1699843508\n|move|p1a: Mantine|Roost|p1a: Mantine\n|-heal|p1a: Mantine|100\/100\n|-singleturn|p1a: Mantine|move: Roost\n|move|p2a: Florges|Wish|p2a: Florges\n|\n|-heal|p2a: Florges|73\/100|[from] item: Leftovers\n|upkeep\n|turn|13\n|\n|t:|1699843524\n|move|p1a: Mantine|Scald|p2a: Florges\n|-damage|p2a: Florges|62\/100\n|move|p2a: Florges|Toxic|p1a: Mantine\n|-status|p1a: Mantine|tox\n|\n|-heal|p2a: Florges|100\/100|[from] move: Wish|[wisher] Florges\n|-damage|p1a: Mantine|95\/100 tox|[from] psn\n|upkeep\n|turn|14\n|\n|t:|1699843536\n|move|p1a: Mantine|Haze|p1a: Mantine\n|-clearallboost\n|move|p2a: Florges|Wish|p2a: Florges\n|\n|-damage|p1a: Mantine|83\/100 tox|[from] psn\n|upkeep\n|turn|15\n|\n|t:|1699843545\n|move|p1a: Mantine|Roost|p1a: Mantine\n|-heal|p1a: Mantine|100\/100 tox\n|-singleturn|p1a: Mantine|move: Roost\n|move|p2a: Florges|Moonblast|p1a: Mantine\n|-damage|p1a: Mantine|72\/100 tox\n|\n|-damage|p1a: Mantine|54\/100 tox|[from] psn\n|upkeep\n|turn|16\n|\n|t:|1699843559\n|switch|p1a: Gallade|Gallade, M|100\/100\n|move|p2a: Florges|Moonblast|p1a: Gallade\n|-supereffective|p1a: Gallade\n|-damage|p1a: Gallade|26\/100\n|\n|upkeep\n|turn|17\n|\n|t:|1699843567\n|move|p1a: Gallade|Psycho Cut|p2a: Florges\n|-damage|p2a: Florges|30\/100\n|move|p2a: Florges|Moonblast|p1a: Gallade\n|-supereffective|p1a: Gallade\n|-damage|p1a: Gallade|0 fnt\n|faint|p1a: Gallade\n|\n|-heal|p2a: Florges|36\/100|[from] item: Leftovers\n|upkeep\n|\n|t:|1699843577\n|switch|p1a: Kadabra|Kadabra, M|100\/100\n|turn|18\n|\n|t:|1699843586\n|move|p1a: Kadabra|Psychic|p2a: Florges\n|-damage|p2a: Florges|15\/100\n|move|p2a: Florges|Wish|p2a: Florges\n|\n|-heal|p2a: Florges|21\/100|[from] item: Leftovers\n|upkeep\n|turn|19\n|\n|t:|1699843596\n|move|p1a: Kadabra|Psychic|p2a: Florges\n|-damage|p2a: Florges|0 fnt\n|faint|p2a: Florges\n|\n|upkeep\n|\n|t:|1699843609\n|switch|p2a: Murkrow|Murkrow, M|100\/100\n|turn|20\n|\n|t:|1699843614\n|move|p1a: Kadabra|Dazzling Gleam|p2a: Murkrow\n|-supereffective|p2a: Murkrow\n|-damage|p2a: Murkrow|33\/100\n|move|p2a: Murkrow|U-turn|p1a: Kadabra\n|-supereffective|p1a: Kadabra\n|-enditem|p1a: Kadabra|Focus Sash\n|-damage|p1a: Kadabra|1\/100\n|\n|t:|1699843641\n|switch|p2a: Scovillain|Scovillain, F, shiny|100\/100|[from] U-turn\n|\n|upkeep\n|turn|21\n|\n|t:|1699843653\n|move|p1a: Kadabra|Psychic|p2a: Scovillain\n|-damage|p2a: Scovillain|17\/100\n|move|p2a: Scovillain|Flamethrower|p1a: Kadabra\n|-damage|p1a: Kadabra|0 fnt\n|faint|p1a: Kadabra\n|\n|-heal|p2a: Scovillain|23\/100|[from] item: Leftovers\n|upkeep\n|\n|t:|1699843663\n|switch|p1a: Mantine|Mantine, M|54\/100 tox\n|turn|22\n|\n|t:|1699843670\n|move|p2a: Scovillain|Leaf Storm|p1a: Mantine\n|-damage|p1a: Mantine|10\/100 tox\n|-unboost|p2a: Scovillain|spa|2\n|move|p1a: Mantine|Scald|p2a: Scovillain\n|-damage|p2a: Scovillain|0 fnt\n|faint|p2a: Scovillain\n|\n|-damage|p1a: Mantine|4\/100 tox|[from] psn\n|upkeep\n|\n|t:|1699843683\n|switch|p2a: Murkrow|Murkrow, M|33\/100\n|turn|23\n|\n|t:|1699843697\n|move|p2a: Murkrow|U-turn|p1a: Mantine\n|-resisted|p1a: Mantine\n|-crit|p1a: Mantine\n|-damage|p1a: Mantine|0 fnt\n|faint|p1a: Mantine\n|\n|t:|1699843700\n|switch|p2a: Charizard|Charizard, F, shiny|100\/100|[from] U-turn\n|\n|upkeep\n|\n|t:|1699843708\n|switch|p1a: Persian|Persian-Alola, F|100\/100\n|turn|24\n|\n|t:|1699843722\n|detailschange|p2a: Charizard|Charizard-Mega-Y, F, shiny\n|-mega|p2a: Charizard|Charizard|Charizardite Y\n|-weather|SunnyDay|[from] ability: Drought|[of] p2a: Charizard\n|move|p1a: Persian|Dark Pulse|p2a: Charizard\n|-damage|p2a: Charizard|70\/100\n|cant|p2a: Charizard|flinch\n|\n|-weather|SunnyDay|[upkeep]\n|upkeep\n|turn|25\n|\n|t:|1699843731\n|switch|p1a: Donphan|Donphan, F|100\/100\n|move|p2a: Charizard|Weather Ball|p1a: Donphan\n|-ability|p1a: Donphan|Sturdy\n|-damage|p1a: Donphan|1\/100\n|\n|-weather|SunnyDay|[upkeep]\n|-heal|p1a: Donphan|7\/100|[from] item: Leftovers\n|upkeep\n|turn|26\n|\n|t:|1699843742\n|move|p2a: Charizard|Ancient Power|p1a: Donphan\n|-resisted|p1a: Donphan\n|-crit|p1a: Donphan\n|-damage|p1a: Donphan|0 fnt\n|faint|p1a: Donphan\n|\n|-weather|SunnyDay|[upkeep]\n|upkeep\n|\n|t:|1699843747\n|switch|p1a: Persian|Persian-Alola, F|100\/100\n|turn|27\n|\n|t:|1699843751\n|move|p1a: Persian|Dark Pulse|p2a: Charizard\n|-damage|p2a: Charizard|42\/100\n|cant|p2a: Charizard|flinch\n|\n|-weather|SunnyDay|[upkeep]\n|upkeep\n|turn|28\n|\n|t:|1699843761\n|move|p1a: Persian|Dark Pulse|p2a: Charizard\n|-damage|p2a: Charizard|10\/100\n|move|p2a: Charizard|Weather Ball|p1a: Persian\n|-damage|p1a: Persian|0 fnt\n|faint|p1a: Persian\n|\n|win|Isalli\n|c|\u2606Isalli|ggs\n","uploadtime":1699843771,"views":22,"p1id":"zkayani","p2id":"isalli","formatid":"gen9nationaldex","rating":0,"private":0,"password":""}