{"id":"gen9nationaldex-1991192860","p1":"xsk123","p2":"SCP 3001","format":"[Gen 9] National Dex","log":"|j|\u2606xsk123\n|j|\u2606SCP 3001\n|t:|1700055644\n|gametype|singles\n|player|p1|xsk123|pokefan-gen4|1536\n|player|p2|SCP 3001|youngcouple-gen4dp|1710\n|teamsize|p1|6\n|teamsize|p2|6\n|gen|9\n|tier|[Gen 9] National Dex\n|rated|\n|rule|HP Percentage Mod: HP is shown in percentages\n|rule|Endless Battle Clause: Forcing endless battles is banned\n|rule|OHKO Clause: OHKO moves are banned\n|rule|Evasion Clause: Evasion abilities, items, and moves are banned\n|rule|Evasion Abilities Clause: Evasion abilities are banned\n|rule|Evasion Items Clause: Evasion items are banned\n|rule|Evasion Moves Clause: Evasion moves are banned\n|rule|Species Clause: Limit one of each Pok\u00e9mon\n|rule|Sleep Clause Mod: Limit one foe put to sleep\n|clearpoke\n|poke|p1|Scyther, M|\n|poke|p1|Pinsir, F|\n|poke|p1|Staraptor, M|\n|poke|p1|Nidoking, M|\n|poke|p1|Serperior, F|\n|poke|p1|Zapdos-Galar|\n|poke|p2|Ninetales-Alola, M|\n|poke|p2|Xurkitree|\n|poke|p2|Rillaboom, M|\n|poke|p2|Mawile, F|\n|poke|p2|Urshifu-*, M|\n|poke|p2|Sneasler, F|\n|teampreview\n|inactive|Battle timer is ON: inactive players will automatically lose when time's up. (requested by xsk123)\n|\n|t:|1700055681\n|start\n|switch|p1a: Serperior|Serperior, F|100\/100\n|switch|p2a: Ninetales|Ninetales-Alola, M|100\/100\n|-weather|Snow|[from] ability: Snow Warning|[of] p2a: Ninetales\n|turn|1\n|\n|t:|1700055695\n|move|p1a: Serperior|Glare|p2a: Ninetales\n|-status|p2a: Ninetales|par\n|move|p2a: Ninetales|Aurora Veil|p2a: Ninetales\n|-sidestart|p2: SCP 3001|move: Aurora Veil\n|\n|-weather|Snow|[upkeep]\n|upkeep\n|turn|2\n|\n|t:|1700055721\n|switch|p2a: Rillaboom|Rillaboom, M|100\/100\n|-fieldstart|move: Grassy Terrain|[from] ability: Grassy Surge|[of] p2a: Rillaboom\n|move|p1a: Serperior|Substitute|p1a: Serperior\n|-start|p1a: Serperior|Substitute\n|-damage|p1a: Serperior|76\/100\n|\n|-weather|Snow|[upkeep]\n|-heal|p1a: Serperior|82\/100|[from] Grassy Terrain\n|-heal|p1a: Serperior|88\/100|[from] item: Leftovers\n|upkeep\n|turn|3\n|\n|t:|1700055740\n|move|p1a: Serperior|Glare|p2a: Rillaboom\n|-status|p2a: Rillaboom|par\n|move|p2a: Rillaboom|Superpower|p1a: Serperior\n|-end|p1a: Serperior|Substitute\n|-unboost|p2a: Rillaboom|atk|1\n|-unboost|p2a: Rillaboom|def|1\n|\n|-weather|Snow|[upkeep]\n|-heal|p1a: Serperior|94\/100|[from] Grassy Terrain\n|-heal|p1a: Serperior|100\/100|[from] item: Leftovers\n|upkeep\n|turn|4\n|\n|t:|1700055751\n|move|p1a: Serperior|Substitute|p1a: Serperior\n|-start|p1a: Serperior|Substitute\n|-damage|p1a: Serperior|76\/100\n|cant|p2a: Rillaboom|par\n|\n|-weather|Snow|[upkeep]\n|-heal|p1a: Serperior|82\/100|[from] Grassy Terrain\n|-heal|p1a: Serperior|88\/100|[from] item: Leftovers\n|upkeep\n|turn|5\n|\n|t:|1700055765\n|move|p1a: Serperior|Leaf Storm|p2a: Rillaboom|[miss]\n|-miss|p1a: Serperior|p2a: Rillaboom\n|cant|p2a: Rillaboom|par\n|\n|-weather|none\n|-heal|p1a: Serperior|94\/100|[from] Grassy Terrain\n|-heal|p1a: Serperior|100\/100|[from] item: Leftovers\n|upkeep\n|turn|6\n|inactive|xsk123 has 120 seconds left.\n|l|\u2606xsk123\n|inactive|xsk123 disconnected and has a minute to reconnect!\n|player|p1|\n|j|\u2606xsk123\n|inactive|xsk123 reconnected and has 105 seconds left.\n|player|p1|xsk123|pokefan-gen4\n|\n|t:|1700055808\n|move|p1a: Serperior|Leaf Storm|p2a: Rillaboom\n|-resisted|p2a: Rillaboom\n|-damage|p2a: Rillaboom|87\/100 par\n|-boost|p1a: Serperior|spa|2\n|move|p2a: Rillaboom|Superpower|p1a: Serperior\n|-end|p1a: Serperior|Substitute\n|-unboost|p2a: Rillaboom|atk|1\n|-unboost|p2a: Rillaboom|def|1\n|\n|-heal|p2a: Rillaboom|93\/100 par|[from] Grassy Terrain\n|-fieldend|move: Grassy Terrain\n|upkeep\n|turn|7\n|\n|t:|1700055820\n|switch|p2a: Mawile|Mawile, F|100\/100\n|-ability|p2a: Mawile|Intimidate|boost\n|-boost|p1a: Serperior|atk|1\n|move|p1a: Serperior|Substitute|p1a: Serperior\n|-start|p1a: Serperior|Substitute\n|-damage|p1a: Serperior|76\/100\n|\n|-heal|p1a: Serperior|82\/100|[from] item: Leftovers\n|upkeep\n|turn|8\n|\n|t:|1700055826\n|detailschange|p2a: Mawile|Mawile-Mega, F\n|-mega|p2a: Mawile|Mawile|Mawilite\n|move|p1a: Serperior|Glare|p2a: Mawile\n|-status|p2a: Mawile|par\n|cant|p2a: Mawile|par\n|\n|-heal|p1a: Serperior|88\/100|[from] item: Leftovers\n|-sideend|p2: SCP 3001|move: Aurora Veil\n|upkeep\n|turn|9\n|-message|SCP 3001 forfeited.\n|\n|win|xsk123\n|raw|xsk123's rating: 1536 &rarr; <strong>1565<\/strong><br \/>(+29 for winning)\n|raw|SCP 3001's rating: 1710 &rarr; <strong>1681<\/strong><br \/>(-29 for losing)\n|l|\u2606SCP 3001\n","uploadtime":1700056002,"views":8,"p1id":"xsk123","p2id":"scp3001","formatid":"gen9nationaldex","rating":1565,"private":0,"password":""}