{"id":"gen9nationaldex-1996552879","p1":"UserJexx","p2":"Tunderboltz456","format":"[Gen 9] National Dex","log":"|html|<div class=\"broadcast-blue\"><strong>[Gen 9] National Dex is currently suspecting Sneasler! For information on how to participate check out the <a href=\"https:\/\/www.smogon.com\/forums\/threads\/sv-national-dex-suspect-8-just-dance.3731534\/\">suspect thread<\/a>.<\/strong><\/div>\n|j|\u2606UserJexx\n|j|\u2606Tunderboltz456\n|t:|1700693545\n|gametype|singles\n|player|p1|UserJexx|lusamine-nihilego|1609\n|player|p2|Tunderboltz456|guzma|1630\n|teamsize|p1|6\n|teamsize|p2|6\n|gen|9\n|tier|[Gen 9] National Dex\n|rated|\n|rule|HP Percentage Mod: HP is shown in percentages\n|rule|Endless Battle Clause: Forcing endless battles is banned\n|rule|OHKO Clause: OHKO moves are banned\n|rule|Evasion Clause: Evasion abilities, items, and moves are banned\n|rule|Evasion Abilities Clause: Evasion abilities are banned\n|rule|Evasion Items Clause: Evasion items are banned\n|rule|Evasion Moves Clause: Evasion moves are banned\n|rule|Species Clause: Limit one of each Pok\u00e9mon\n|rule|Sleep Clause Mod: Limit one foe put to sleep\n|clearpoke\n|poke|p1|Goodra-Hisui, F|\n|poke|p1|Ceruledge, M|\n|poke|p1|Gliscor, M|\n|poke|p1|Hatterene, F|\n|poke|p1|Gastrodon-East, M|\n|poke|p1|Ditto|\n|poke|p2|Haxorus, M|\n|poke|p2|Hatterene, F|\n|poke|p2|Aegislash, M|\n|poke|p2|Ogerpon-Cornerstone, F|\n|poke|p2|Urshifu-*, M|\n|poke|p2|Charizard, M|\n|teampreview\n|inactive|Battle timer is ON: inactive players will automatically lose when time's up. (requested by Tunderboltz456)\n|j| GracieVGC\n|\n|t:|1700693556\n|start\n|switch|p1a: \ud83d\udeac\ud83d\udc80|Gastrodon-East, M|100\/100\n|switch|p2a: Charizard|Charizard, M|100\/100\n|turn|1\n|\n|t:|1700693559\n|switch|p1a: \ud83d\udc1a|Goodra-Hisui, F|100\/100\n|detailschange|p2a: Charizard|Charizard-Mega-Y, M\n|-mega|p2a: Charizard|Charizard|Charizardite Y\n|-weather|SunnyDay|[from] ability: Drought|[of] p2a: Charizard\n|move|p2a: Charizard|Solar Beam||[still]\n|-prepare|p2a: Charizard|Solar Beam\n|-anim|p2a: Charizard|Solar Beam|p1a: \ud83d\udc1a\n|-ability|p1a: \ud83d\udc1a|Sap Sipper|boost\n|-boost|p1a: \ud83d\udc1a|atk|1\n|\n|-weather|SunnyDay|[upkeep]\n|upkeep\n|turn|2\n|j| Durr plant100\n|\n|t:|1700693567\n|switch|p2a: Ogerpon|Ogerpon-Cornerstone, F|100\/100\n|move|p1a: \ud83d\udc1a|Ice Spinner|p2a: Ogerpon\n|-supereffective|p2a: Ogerpon\n|-crit|p2a: Ogerpon\n|-ability|p2a: Ogerpon|Sturdy\n|-damage|p2a: Ogerpon|1\/100\n|\n|-weather|SunnyDay|[upkeep]\n|upkeep\n|turn|3\n|\n|t:|1700693573\n|move|p2a: Ogerpon|Knock Off|p1a: \ud83d\udc1a\n|-damage|p1a: \ud83d\udc1a|64\/100\n|-enditem|p1a: \ud83d\udc1a|Assault Vest|[from] move: Knock Off|[of] p2a: Ogerpon\n|move|p1a: \ud83d\udc1a|Draco Meteor|p2a: Ogerpon\n|-damage|p2a: Ogerpon|0 fnt\n|-unboost|p1a: \ud83d\udc1a|spa|2\n|faint|p2a: Ogerpon\n|\n|-weather|SunnyDay|[upkeep]\n|upkeep\n|\n|t:|1700693576\n|switch|p2a: Haxorus|Haxorus, M, shiny|100\/100\n|-ability|p2a: Haxorus|Mold Breaker\n|turn|4\n|\n|t:|1700693584\n|switch|p1a: \ud83e\udd87|Gliscor, M, shiny|100\/100\n|move|p2a: Haxorus|Earthquake|p1a: \ud83e\udd87\n|-immune|p1a: \ud83e\udd87\n|\n|-weather|SunnyDay|[upkeep]\n|-status|p1a: \ud83e\udd87|tox|[from] item: Toxic Orb\n|upkeep\n|turn|5\n|\n|t:|1700693588\n|switch|p2a: Urshifu|Urshifu-Rapid-Strike, M|100\/100\n|move|p1a: \ud83e\udd87|Toxic|p2a: Urshifu\n|-status|p2a: Urshifu|tox\n|\n|-weather|none\n|-damage|p2a: Urshifu|94\/100 tox|[from] psn\n|upkeep\n|turn|6\n|\n|t:|1700693592\n|switch|p1a: \ud83d\udeac\ud83d\udc80|Gastrodon-East, M|100\/100\n|move|p2a: Urshifu|U-turn|p1a: \ud83d\udeac\ud83d\udc80\n|-damage|p1a: \ud83d\udeac\ud83d\udc80|76\/100\n|\n|t:|1700693595\n|switch|p2a: Hatterene|Hatterene, F|100\/100|[from] U-turn\n|\n|-heal|p1a: \ud83d\udeac\ud83d\udc80|82\/100|[from] item: Leftovers\n|upkeep\n|turn|7\n|\n|t:|1700693599\n|switch|p1a: \ud83d\udc1a|Goodra-Hisui, F|64\/100\n|move|p2a: Hatterene|Calm Mind|p2a: Hatterene\n|-boost|p2a: Hatterene|spa|1\n|-boost|p2a: Hatterene|spd|1\n|\n|upkeep\n|turn|8\n|\n|t:|1700693606\n|move|p1a: \ud83d\udc1a|Heavy Slam|p2a: Hatterene\n|-supereffective|p2a: Hatterene\n|-damage|p2a: Hatterene|12\/100\n|move|p2a: Hatterene|Calm Mind|p2a: Hatterene\n|-boost|p2a: Hatterene|spa|1\n|-boost|p2a: Hatterene|spd|1\n|\n|-heal|p2a: Hatterene|18\/100|[from] item: Leftovers\n|upkeep\n|turn|9\n|\n|t:|1700693611\n|move|p1a: \ud83d\udc1a|Draco Meteor|p2a: Hatterene\n|-immune|p2a: Hatterene\n|move|p2a: Hatterene|Draining Kiss|p1a: \ud83d\udc1a\n|-damage|p1a: \ud83d\udc1a|36\/100\n|-heal|p2a: Hatterene|42\/100|[from] drain|[of] p1a: \ud83d\udc1a\n|\n|-heal|p2a: Hatterene|48\/100|[from] item: Leftovers\n|upkeep\n|turn|10\n|\n|t:|1700693616\n|-terastallize|p2a: Hatterene|Water\n|move|p1a: \ud83d\udc1a|Heavy Slam|p2a: Hatterene\n|-resisted|p2a: Hatterene\n|-damage|p2a: Hatterene|26\/100\n|move|p2a: Hatterene|Draining Kiss|p1a: \ud83d\udc1a\n|-damage|p1a: \ud83d\udc1a|6\/100\n|-heal|p2a: Hatterene|52\/100|[from] drain|[of] p1a: \ud83d\udc1a\n|\n|-heal|p2a: Hatterene|58\/100|[from] item: Leftovers\n|upkeep\n|turn|11\n|\n|t:|1700693632\n|move|p1a: \ud83d\udc1a|Draco Meteor|p2a: Hatterene\n|-damage|p2a: Hatterene|34\/100\n|-unboost|p1a: \ud83d\udc1a|spa|2\n|move|p2a: Hatterene|Draining Kiss|p1a: \ud83d\udc1a\n|-damage|p1a: \ud83d\udc1a|0 fnt\n|-heal|p2a: Hatterene|39\/100|[from] drain|[of] p1a: \ud83d\udc1a\n|faint|p1a: \ud83d\udc1a\n|\n|-heal|p2a: Hatterene|45\/100|[from] item: Leftovers\n|upkeep\n|\n|t:|1700693634\n|switch|p1a: \ud83c\udf38|Hatterene, F, shiny|100\/100\n|turn|12\n|\n|t:|1700693637\n|move|p2a: Hatterene|Psyshock|p1a: \ud83c\udf38\n|-resisted|p1a: \ud83c\udf38\n|-damage|p1a: \ud83c\udf38|61\/100\n|move|p1a: \ud83c\udf38|Giga Drain|p2a: Hatterene\n|-supereffective|p2a: Hatterene\n|-damage|p2a: Hatterene|12\/100\n|-heal|p1a: \ud83c\udf38|81\/100|[from] drain|[of] p2a: Hatterene\n|\n|-heal|p2a: Hatterene|18\/100|[from] item: Leftovers\n|upkeep\n|turn|13\n|\n|t:|1700693640\n|move|p2a: Hatterene|Draining Kiss|p1a: \ud83c\udf38\n|-damage|p1a: \ud83c\udf38|35\/100\n|-heal|p2a: Hatterene|53\/100|[from] drain|[of] p1a: \ud83c\udf38\n|move|p1a: \ud83c\udf38|Giga Drain|p2a: Hatterene\n|-supereffective|p2a: Hatterene\n|-damage|p2a: Hatterene|23\/100\n|-heal|p1a: \ud83c\udf38|54\/100|[from] drain|[of] p2a: Hatterene\n|\n|-heal|p2a: Hatterene|29\/100|[from] item: Leftovers\n|upkeep\n|turn|14\n|\n|t:|1700693643\n|move|p2a: Hatterene|Draining Kiss|p1a: \ud83c\udf38\n|-damage|p1a: \ud83c\udf38|4\/100\n|-heal|p2a: Hatterene|67\/100|[from] drain|[of] p1a: \ud83c\udf38\n|move|p1a: \ud83c\udf38|Giga Drain|p2a: Hatterene\n|-supereffective|p2a: Hatterene\n|-damage|p2a: Hatterene|34\/100\n|-heal|p1a: \ud83c\udf38|26\/100|[from] drain|[of] p2a: Hatterene\n|\n|-heal|p2a: Hatterene|40\/100|[from] item: Leftovers\n|upkeep\n|turn|15\n|\n|t:|1700693657\n|move|p2a: Hatterene|Draining Kiss|p1a: \ud83c\udf38\n|-damage|p1a: \ud83c\udf38|0 fnt\n|-heal|p2a: Hatterene|59\/100|[from] drain|[of] p1a: \ud83c\udf38\n|faint|p1a: \ud83c\udf38\n|\n|-heal|p2a: Hatterene|65\/100|[from] item: Leftovers\n|upkeep\n|\n|t:|1700693665\n|switch|p1a: \ud83e\uddec|Ditto|100\/100\n|-transform|p1a: \ud83e\uddec|p2a: Hatterene|[from] ability: Imposter\n|-start|p1a: \ud83e\uddec|typechange|Psychic\/Fairy|[silent]\n|turn|16\n|\n|t:|1700693667\n|move|p1a: \ud83e\uddec|Draining Kiss|p2a: Hatterene\n|-damage|p2a: Hatterene|41\/100\n|move|p2a: Hatterene|Draining Kiss|p1a: \ud83e\uddec\n|-damage|p1a: \ud83e\uddec|73\/100\n|-heal|p2a: Hatterene|61\/100|[from] drain|[of] p1a: \ud83e\uddec\n|\n|-heal|p2a: Hatterene|67\/100|[from] item: Leftovers\n|upkeep\n|turn|17\n|l| Durr plant100\n|\n|t:|1700693686\n|switch|p1a: \u2694\ufe0f|Ceruledge, M, shiny|100\/100\n|move|p2a: Hatterene|Draining Kiss|p1a: \u2694\ufe0f\n|-resisted|p1a: \u2694\ufe0f\n|-damage|p1a: \u2694\ufe0f|76\/100\n|-heal|p2a: Hatterene|84\/100|[from] drain|[of] p1a: \u2694\ufe0f\n|\n|-heal|p2a: Hatterene|89\/100|[from] item: Leftovers\n|upkeep\n|turn|18\n|j| Durr plant100\n|\n|t:|1700693690\n|switch|p1a: \ud83e\uddec|Ditto|73\/100\n|-transform|p1a: \ud83e\uddec|p2a: Hatterene|[from] ability: Imposter\n|move|p2a: Hatterene|Psyshock|p1a: \ud83e\uddec\n|-resisted|p1a: \ud83e\uddec\n|-damage|p1a: \ud83e\uddec|43\/100\n|\n|-heal|p2a: Hatterene|95\/100|[from] item: Leftovers\n|upkeep\n|-start|p1a: \ud83e\uddec|typechange|Psychic\/Fairy|[silent]\n|turn|19\n|\n|t:|1700693693\n|move|p1a: \ud83e\uddec|Psyshock|p2a: Hatterene\n|-damage|p2a: Hatterene|36\/100\n|move|p2a: Hatterene|Mystical Fire|p1a: \ud83e\uddec\n|-damage|p1a: \ud83e\uddec|19\/100\n|-unboost|p1a: \ud83e\uddec|spa|1\n|\n|-heal|p2a: Hatterene|42\/100|[from] item: Leftovers\n|upkeep\n|turn|20\n|\n|t:|1700693696\n|move|p1a: \ud83e\uddec|Psyshock|p2a: Hatterene\n|-damage|p2a: Hatterene|0 fnt\n|faint|p2a: Hatterene\n|\n|upkeep\n|\n|t:|1700693701\n|switch|p2a: Aegislash|Aegislash, M|100\/100\n|turn|21\n|\n|t:|1700693704\n|switch|p1a: \ud83e\udd87|Gliscor, M, shiny|100\/100 tox\n|-formechange|p2a: Aegislash|Aegislash-Blade||[from] ability: Stance Change\n|move|p2a: Aegislash|Shadow Ball|p1a: \ud83e\udd87\n|-damage|p1a: \ud83e\udd87|43\/100 tox\n|-unboost|p1a: \ud83e\udd87|spd|1\n|\n|-heal|p1a: \ud83e\udd87|56\/100 tox|[from] ability: Poison Heal\n|upkeep\n|turn|22\n|\n|t:|1700693717\n|-formechange|p2a: Aegislash|Aegislash||[from] ability: Stance Change\n|move|p2a: Aegislash|King's Shield|p2a: Aegislash\n|-singleturn|p2a: Aegislash|Protect\n|move|p1a: \ud83e\udd87|Earthquake|p2a: Aegislash\n|-activate|p2a: Aegislash|move: Protect\n|\n|-heal|p1a: \ud83e\udd87|68\/100 tox|[from] ability: Poison Heal\n|upkeep\n|turn|23\n|\n|t:|1700693720\n|move|p1a: \ud83e\udd87|Earthquake|p2a: Aegislash\n|-supereffective|p2a: Aegislash\n|-damage|p2a: Aegislash|48\/100\n|-enditem|p2a: Aegislash|Weakness Policy\n|-boost|p2a: Aegislash|atk|2|[from] item: Weakness Policy\n|-boost|p2a: Aegislash|spa|2|[from] item: Weakness Policy\n|-formechange|p2a: Aegislash|Aegislash-Blade||[from] ability: Stance Change\n|move|p2a: Aegislash|Shadow Ball|p1a: \ud83e\udd87\n|-damage|p1a: \ud83e\udd87|0 fnt\n|faint|p1a: \ud83e\udd87\n|\n|upkeep\n|\n|t:|1700693724\n|switch|p1a: \ud83e\uddec|Ditto|19\/100\n|-transform|p1a: \ud83e\uddec|p2a: Aegislash|[from] ability: Imposter\n|turn|24\n|\n|t:|1700693727\n|-formechange|p2a: Aegislash|Aegislash||[from] ability: Stance Change\n|move|p2a: Aegislash|King's Shield|p2a: Aegislash\n|-singleturn|p2a: Aegislash|Protect\n|move|p1a: \ud83e\uddec|Shadow Sneak|p2a: Aegislash\n|-activate|p2a: Aegislash|move: Protect\n|-unboost|p1a: \ud83e\uddec|atk|1\n|\n|upkeep\n|turn|25\n|\n|t:|1700693734\n|move|p1a: \ud83e\uddec|Shadow Sneak|p2a: Aegislash\n|-supereffective|p2a: Aegislash\n|-damage|p2a: Aegislash|5\/100\n|-formechange|p2a: Aegislash|Aegislash-Blade||[from] ability: Stance Change\n|move|p2a: Aegislash|Shadow Ball|p1a: \ud83e\uddec\n|-supereffective|p1a: \ud83e\uddec\n|-damage|p1a: \ud83e\uddec|0 fnt\n|faint|p1a: \ud83e\uddec\n|\n|upkeep\n|c|\u2606Tunderboltz456|Damn...\n|c|\u2606Tunderboltz456|Brother I literally had a Deja vu of this battle\n|\n|t:|1700693751\n|switch|p1a: \ud83d\udeac\ud83d\udc80|Gastrodon-East, M|82\/100\n|turn|26\n|\n|t:|1700693763\n|move|p2a: Aegislash|Shadow Ball|p1a: \ud83d\udeac\ud83d\udc80\n|-damage|p1a: \ud83d\udeac\ud83d\udc80|0 fnt\n|faint|p1a: \ud83d\udeac\ud83d\udc80\n|\n|upkeep\n|c|\u2606Tunderboltz456|I saw my victory right ahead.\n|-message|UserJexx forfeited.\n|\n|win|Tunderboltz456\n|raw|UserJexx's rating: 1609 &rarr; <strong>1590<\/strong><br \/>(-19 for losing)\n|raw|Tunderboltz456's rating: 1630 &rarr; <strong>1649<\/strong><br \/>(+19 for winning)\n|l|\u2606UserJexx\n|l| Durr plant100\n","uploadtime":1700693883,"views":1,"p1id":"userjexx","p2id":"tunderboltz456","formatid":"gen9nationaldex","rating":1590,"private":0,"password":""}