{"id":"gen9nationaldex-1991375375","p1":"elvisma","p2":"TheEmeraldGamerGuy","format":"[Gen 9] National Dex","log":"|j|\u2606elvisma\n|j|\u2606TheEmeraldGamerGuy\n|t:|1700071894\n|gametype|singles\n|player|p1|elvisma|red-masters|1659\n|player|p2|TheEmeraldGamerGuy|colress|1639\n|teamsize|p1|6\n|teamsize|p2|6\n|gen|9\n|tier|[Gen 9] National Dex\n|rated|\n|rule|HP Percentage Mod: HP is shown in percentages\n|rule|Endless Battle Clause: Forcing endless battles is banned\n|rule|OHKO Clause: OHKO moves are banned\n|rule|Evasion Clause: Evasion abilities, items, and moves are banned\n|rule|Evasion Abilities Clause: Evasion abilities are banned\n|rule|Evasion Items Clause: Evasion items are banned\n|rule|Evasion Moves Clause: Evasion moves are banned\n|rule|Species Clause: Limit one of each Pok\u00e9mon\n|rule|Sleep Clause Mod: Limit one foe put to sleep\n|clearpoke\n|poke|p1|Azelf|\n|poke|p1|Charizard, M|\n|poke|p1|Ribombee, M|\n|poke|p1|Great Tusk|\n|poke|p1|Ogerpon-Wellspring, F|\n|poke|p1|Victini|\n|poke|p2|Weavile, F|\n|poke|p2|Ferrothorn, F|\n|poke|p2|Landorus-Therian, M|\n|poke|p2|Volcarona, M|\n|poke|p2|Tapu Lele|\n|poke|p2|Lopunny, F|\n|teampreview\n|inactive|Battle timer is ON: inactive players will automatically lose when time's up. (requested by TheEmeraldGamerGuy)\n|\n|t:|1700071906\n|start\n|switch|p1a: ZA BEE|Ribombee, M|100\/100\n|switch|p2a: Weavile|Weavile, F|100\/100\n|-ability|p2a: Weavile|Pressure\n|turn|1\n|\n|t:|1700071914\n|switch|p1a: V create spam|Victini|100\/100\n|move|p2a: Weavile|Triple Axel|p1a: V create spam\n|-resisted|p1a: V create spam\n|-damage|p1a: V create spam|93\/100\n|-resisted|p1a: V create spam\n|-damage|p1a: V create spam|77\/100\n|-resisted|p1a: V create spam\n|-damage|p1a: V create spam|55\/100\n|-hitcount|p1a: V create spam|3\n|\n|upkeep\n|turn|2\n|c|\u2606elvisma|imma die\n|\n|t:|1700071935\n|switch|p2a: Ferrothorn|Ferrothorn, F|100\/100\n|-zpower|p1a: V create spam\n|move|p1a: V create spam|Z-Celebrate|p1a: V create spam|[anim]Celebrate\n|-boost|p1a: V create spam|atk|1|[zeffect]\n|-boost|p1a: V create spam|def|1|[zeffect]\n|-boost|p1a: V create spam|spa|1|[zeffect]\n|-boost|p1a: V create spam|spd|1|[zeffect]\n|-boost|p1a: V create spam|spe|1|[zeffect]\n|-activate|p1a: V create spam|move: Celebrate\n|\n|upkeep\n|turn|3\n|\n|t:|1700071943\n|-terastallize|p2a: Ferrothorn|Ghost\n|move|p1a: V create spam|Searing Shot|p2a: Ferrothorn\n|-damage|p2a: Ferrothorn|56\/100\n|move|p2a: Ferrothorn|Leech Seed|p1a: V create spam\n|-start|p1a: V create spam|move: Leech Seed\n|\n|-heal|p2a: Ferrothorn|62\/100|[from] item: Leftovers\n|-damage|p1a: V create spam|43\/100|[from] Leech Seed|[of] p2a: Ferrothorn\n|-heal|p2a: Ferrothorn|74\/100|[silent]\n|upkeep\n|turn|4\n|\n|t:|1700071950\n|move|p1a: V create spam|Stored Power|p2a: Ferrothorn\n|-damage|p2a: Ferrothorn|21\/100\n|move|p2a: Ferrothorn|Thunder Wave|p1a: V create spam\n|-status|p1a: V create spam|par\n|\n|-heal|p2a: Ferrothorn|27\/100|[from] item: Leftovers\n|-damage|p1a: V create spam|31\/100 par|[from] Leech Seed|[of] p2a: Ferrothorn\n|-heal|p2a: Ferrothorn|39\/100|[silent]\n|upkeep\n|turn|5\n|\n|t:|1700071957\n|move|p1a: V create spam|Searing Shot|p2a: Ferrothorn\n|-damage|p2a: Ferrothorn|0 fnt\n|faint|p2a: Ferrothorn\n|\n|upkeep\n|\n|t:|1700071961\n|switch|p2a: Weavile|Weavile, F|100\/100\n|-ability|p2a: Weavile|Pressure\n|turn|6\n|\n|t:|1700071966\n|move|p2a: Weavile|Triple Axel|p1a: V create spam|[miss]\n|-miss|p2a: Weavile|p1a: V create spam\n|move|p1a: V create spam|Searing Shot|p2a: Weavile\n|-supereffective|p2a: Weavile\n|-damage|p2a: Weavile|0 fnt\n|faint|p2a: Weavile\n|\n|upkeep\n|\n|t:|1700071968\n|switch|p2a: Lopunny|Lopunny, F|100\/100\n|turn|7\n|\n|t:|1700071971\n|detailschange|p2a: Lopunny|Lopunny-Mega, F\n|-mega|p2a: Lopunny|Lopunny|Lopunnite\n|move|p2a: Lopunny|Return|p1a: V create spam\n|-damage|p1a: V create spam|0 fnt\n|faint|p1a: V create spam\n|\n|upkeep\n|\n|t:|1700071975\n|switch|p1a: ZA BEE|Ribombee, M|100\/100\n|turn|8\n|\n|t:|1700071978\n|move|p2a: Lopunny|Triple Axel|p1a: ZA BEE\n|-damage|p1a: ZA BEE|86\/100\n|-damage|p1a: ZA BEE|55\/100\n|-damage|p1a: ZA BEE|13\/100\n|-hitcount|p1a: ZA BEE|3\n|move|p1a: ZA BEE|Moonblast|p2a: Lopunny\n|-supereffective|p2a: Lopunny\n|-crit|p2a: Lopunny\n|-damage|p2a: Lopunny|0 fnt\n|faint|p2a: Lopunny\n|\n|upkeep\n|\n|t:|1700071983\n|switch|p2a: Tapu Lele|Tapu Lele|100\/100\n|-fieldstart|move: Psychic Terrain|[from] ability: Psychic Surge|[of] p2a: Tapu Lele\n|turn|9\n|\n|t:|1700071989\n|move|p2a: Tapu Lele|Moonblast|p1a: ZA BEE\n|-damage|p1a: ZA BEE|0 fnt\n|faint|p1a: ZA BEE\n|\n|upkeep\n|\n|t:|1700071992\n|switch|p1a: ampheros|Charizard, M|100\/100\n|turn|10\n|\n|t:|1700071996\n|switch|p2a: Landorus|Landorus-Therian, M|100\/100\n|-ability|p2a: Landorus|Intimidate|boost\n|-unboost|p1a: ampheros|atk|1\n|move|p1a: ampheros|Dragon Dance|p1a: ampheros\n|-boost|p1a: ampheros|atk|1\n|-boost|p1a: ampheros|spe|1\n|\n|upkeep\n|turn|11\n|\n|t:|1700072003\n|detailschange|p1a: ampheros|Charizard-Mega-X, M\n|-mega|p1a: ampheros|Charizard|Charizardite X\n|move|p1a: ampheros|Fire Punch|p2a: Landorus\n|-damage|p2a: Landorus|52\/100\n|move|p2a: Landorus|Earthquake|p1a: ampheros\n|-supereffective|p1a: ampheros\n|-damage|p1a: ampheros|1\/100\n|\n|-heal|p2a: Landorus|58\/100|[from] item: Leftovers\n|upkeep\n|turn|12\n|\n|t:|1700072008\n|move|p1a: ampheros|Fire Punch|p2a: Landorus\n|-damage|p2a: Landorus|11\/100\n|move|p2a: Landorus|U-turn|p1a: ampheros\n|-resisted|p1a: ampheros\n|-damage|p1a: ampheros|0 fnt\n|faint|p1a: ampheros\n|c|\u2606elvisma|burn\n|c|\u2606elvisma|COME ON\n|c|\u2606elvisma|dam it\n|\n|t:|1700072011\n|switch|p2a: Volcarona|Volcarona, M|100\/100|[from] U-turn\n|\n|upkeep\n|j| slobadd\n|\n|t:|1700072014\n|switch|p1a: touchgrassdrinkH2O|Ogerpon-Wellspring, F|100\/100\n|turn|13\n|\n|t:|1700072022\n|-terastallize|p1a: touchgrassdrinkH2O|Water\n|detailschange|p1a: touchgrassdrinkH2O|Ogerpon-Wellspring-Tera, F, tera:Water\n|-ability|p1a: touchgrassdrinkH2O|Embody Aspect (Wellspring)|boost\n|-boost|p1a: touchgrassdrinkH2O|spd|1\n|move|p1a: touchgrassdrinkH2O|Ivy Cudgel|p2a: Volcarona|[anim] Ivy Cudgel Water\n|-supereffective|p2a: Volcarona\n|-damage|p2a: Volcarona|0 fnt\n|faint|p2a: Volcarona\n|\n|-fieldend|move: Psychic Terrain\n|upkeep\n|\n|t:|1700072026\n|switch|p2a: Tapu Lele|Tapu Lele|100\/100\n|-fieldstart|move: Psychic Terrain|[from] ability: Psychic Surge|[of] p2a: Tapu Lele\n|turn|14\n|\n|t:|1700072029\n|move|p2a: Tapu Lele|Psyshock|p1a: touchgrassdrinkH2O\n|-damage|p1a: touchgrassdrinkH2O|29\/100\n|move|p1a: touchgrassdrinkH2O|Ivy Cudgel|p2a: Tapu Lele|[anim] Ivy Cudgel Water\n|-crit|p2a: Tapu Lele\n|-damage|p2a: Tapu Lele|0 fnt\n|faint|p2a: Tapu Lele\n|\n|upkeep\n|-message|TheEmeraldGamerGuy forfeited.\n|\n|win|elvisma\n|raw|elvisma's rating: 1659 &rarr; <strong>1678<\/strong><br \/>(+19 for winning)\n|raw|TheEmeraldGamerGuy's rating: 1639 &rarr; <strong>1620<\/strong><br \/>(-19 for losing)\n|l|\u2606TheEmeraldGamerGuy\n","uploadtime":1700072051,"views":4,"p1id":"elvisma","p2id":"theemeraldgamerguy","formatid":"gen9nationaldex","rating":1620,"private":0,"password":""}