{"id":"gen9nationaldex-1992416289","p1":"HeirEhm","p2":"lunchbox5536","format":"[Gen 9] National Dex","log":"|j|\u2606HeirEhm\n|j|\u2606lunchbox5536\n|t:|1700185011\n|gametype|singles\n|player|p1|HeirEhm|cynthia-gen7|\n|player|p2|lunchbox5536|ghetsis|\n|teamsize|p1|6\n|teamsize|p2|6\n|gen|9\n|tier|[Gen 9] National Dex\n|rule|HP Percentage Mod: HP is shown in percentages\n|rule|Endless Battle Clause: Forcing endless battles is banned\n|rule|OHKO Clause: OHKO moves are banned\n|rule|Evasion Clause: Evasion abilities, items, and moves are banned\n|rule|Evasion Abilities Clause: Evasion abilities are banned\n|rule|Evasion Items Clause: Evasion items are banned\n|rule|Evasion Moves Clause: Evasion moves are banned\n|rule|Species Clause: Limit one of each Pok\u00e9mon\n|rule|Sleep Clause Mod: Limit one foe put to sleep\n|clearpoke\n|poke|p1|Garganacl, F|\n|poke|p1|Ceruledge, M|\n|poke|p1|Klefki, M|\n|poke|p1|Electrode-Hisui|\n|poke|p1|Chansey, F|\n|poke|p1|Murkrow, M|\n|poke|p2|Torkoal, M|\n|poke|p2|Zoroark-Hisui, M|\n|poke|p2|Grimmsnarl, M|\n|poke|p2|Articuno|\n|poke|p2|Klawf, M|\n|poke|p2|Shelgon, F|\n|teampreview\n|\n|t:|1700185023\n|start\n|switch|p1a: Jingle Jingle|Klefki, M|100\/100\n|switch|p2a: Praise The Sun|Torkoal, M|100\/100\n|-weather|SunnyDay|[from] ability: Drought|[of] p2a: Praise The Sun\n|turn|1\n|\n|t:|1700185034\n|move|p1a: Jingle Jingle|Switcheroo|p2a: Praise The Sun\n|-activate|p1a: Jingle Jingle|move: Trick|[of] p2a: Praise The Sun\n|-item|p2a: Praise The Sun|Toxic Orb|[from] move: Switcheroo\n|-item|p1a: Jingle Jingle|Assault Vest|[from] move: Switcheroo\n|move|p2a: Praise The Sun|Earth Power|p1a: Jingle Jingle\n|-supereffective|p1a: Jingle Jingle\n|-damage|p1a: Jingle Jingle|58\/100\n|\n|-weather|SunnyDay|[upkeep]\n|-status|p2a: Praise The Sun|tox|[from] item: Toxic Orb\n|upkeep\n|turn|2\n|\n|t:|1700185068\n|move|p1a: Jingle Jingle|Foul Play|p2a: Praise The Sun\n|-crit|p2a: Praise The Sun\n|-damage|p2a: Praise The Sun|80\/100 tox\n|move|p2a: Praise The Sun|Earth Power|p1a: Jingle Jingle\n|-supereffective|p1a: Jingle Jingle\n|-damage|p1a: Jingle Jingle|15\/100\n|\n|-weather|SunnyDay|[upkeep]\n|-damage|p2a: Praise The Sun|73\/100 tox|[from] psn\n|upkeep\n|turn|3\n|\n|t:|1700185090\n|move|p1a: Jingle Jingle|Draining Kiss|p2a: Praise The Sun\n|-resisted|p2a: Praise The Sun\n|-damage|p2a: Praise The Sun|65\/100 tox\n|-heal|p1a: Jingle Jingle|22\/100|[from] drain|[of] p2a: Praise The Sun\n|move|p2a: Praise The Sun|Earth Power|p1a: Jingle Jingle\n|-supereffective|p1a: Jingle Jingle\n|-damage|p1a: Jingle Jingle|0 fnt\n|faint|p1a: Jingle Jingle\n|\n|-weather|SunnyDay|[upkeep]\n|-damage|p2a: Praise The Sun|53\/100 tox|[from] psn\n|upkeep\n|\n|t:|1700185105\n|switch|p1a: Beyblade beyblade|Electrode-Hisui|100\/100\n|turn|4\n|\n|t:|1700185116\n|move|p1a: Beyblade beyblade|Volt Switch|p2a: Praise The Sun\n|-damage|p2a: Praise The Sun|0 fnt\n|faint|p2a: Praise The Sun\n|\n|t:|1700185130\n|switch|p1a: Rowkrum|Murkrow, M|100\/100|[from] Volt Switch\n|\n|-weather|SunnyDay|[upkeep]\n|upkeep\n|\n|t:|1700185145\n|switch|p2a: Krampus|Grimmsnarl, M|100\/100\n|turn|5\n|\n|t:|1700185173\n|move|p1a: Rowkrum|Air Slash|p2a: Krampus\n|-damage|p2a: Krampus|64\/100\n|move|p2a: Krampus|Play Rough|p1a: Rowkrum\n|-supereffective|p1a: Rowkrum\n|-damage|p1a: Rowkrum|0 fnt\n|faint|p1a: Rowkrum\n|\n|-weather|none\n|upkeep\n|j| Jam20Jam\n|j| PyroGaleZX\n|c| Jam20Jam|HAI\n|c| PyroGaleZX|fuck you\n|j| tbor2002\n|c| tbor2002|kill\n|\n|t:|1700185203\n|switch|p1a: Beyblade beyblade|Electrode-Hisui|100\/100\n|turn|6\n|\n|t:|1700185213\n|switch|p2a: AAAAAAAAAAAA|Klawf, M|100\/100\n|move|p1a: Beyblade beyblade|Volt Switch|p2a: AAAAAAAAAAAA\n|-damage|p2a: AAAAAAAAAAAA|40\/100\n|\n|t:|1700185222\n|switch|p1a: SWORDSFORHANDS|Ceruledge, M|100\/100|[from] Volt Switch\n|\n|-heal|p2a: AAAAAAAAAAAA|46\/100|[from] item: Leftovers\n|upkeep\n|turn|7\n|\n|t:|1700185240\n|move|p1a: SWORDSFORHANDS|Night Slash|p2a: AAAAAAAAAAAA\n|-damage|p2a: AAAAAAAAAAAA|24\/100\n|move|p2a: AAAAAAAAAAAA|Knock Off|p1a: SWORDSFORHANDS\n|-supereffective|p1a: SWORDSFORHANDS\n|-damage|p1a: SWORDSFORHANDS|17\/100\n|-ability|p1a: SWORDSFORHANDS|Weak Armor|boost\n|-unboost|p1a: SWORDSFORHANDS|def|1\n|-boost|p1a: SWORDSFORHANDS|spe|2\n|-enditem|p1a: SWORDSFORHANDS|Heavy-Duty Boots|[from] move: Knock Off|[of] p2a: AAAAAAAAAAAA\n|\n|-heal|p2a: AAAAAAAAAAAA|31\/100|[from] item: Leftovers\n|upkeep\n|turn|8\n|\n|t:|1700185260\n|switch|p1a: Wambulance|Chansey, F|100\/100\n|move|p2a: AAAAAAAAAAAA|Rock Slide|p1a: Wambulance|[miss]\n|-miss|p2a: AAAAAAAAAAAA|p1a: Wambulance\n|\n|-heal|p2a: AAAAAAAAAAAA|37\/100|[from] item: Leftovers\n|upkeep\n|turn|9\n|\n|t:|1700185273\n|move|p2a: AAAAAAAAAAAA|Knock Off|p1a: Wambulance\n|-damage|p1a: Wambulance|66\/100\n|-enditem|p1a: Wambulance|Lucky Punch|[from] move: Knock Off|[of] p2a: AAAAAAAAAAAA\n|move|p1a: Wambulance|Water Pulse|p2a: AAAAAAAAAAAA\n|-supereffective|p2a: AAAAAAAAAAAA\n|-crit|p2a: AAAAAAAAAAAA\n|-damage|p2a: AAAAAAAAAAAA|0 fnt\n|faint|p2a: AAAAAAAAAAAA\n|\n|upkeep\n|\n|t:|1700185288\n|switch|p2a: Hello and Goodbye|Shelgon, F|100\/100\n|turn|10\n|\n|t:|1700185298\n|move|p2a: Hello and Goodbye|Toxic|p1a: Wambulance\n|-status|p1a: Wambulance|tox\n|move|p1a: Wambulance|Tri Attack|p2a: Hello and Goodbye\n|-crit|p2a: Hello and Goodbye\n|-damage|p2a: Hello and Goodbye|68\/100\n|\n|-damage|p1a: Wambulance|60\/100 tox|[from] psn\n|upkeep\n|turn|11\n|\n|t:|1700185308\n|move|p2a: Hello and Goodbye|Wish|p2a: Hello and Goodbye\n|move|p1a: Wambulance|Tri Attack|p2a: Hello and Goodbye\n|-damage|p2a: Hello and Goodbye|44\/100\n|\n|-damage|p1a: Wambulance|48\/100 tox|[from] psn\n|upkeep\n|turn|12\n|\n|t:|1700185330\n|switch|p2a: Krampus|Grimmsnarl, M|64\/100\n|switch|p1a: Beyblade beyblade|Electrode-Hisui|100\/100\n|\n|-heal|p2a: Krampus|100\/100|[from] move: Wish|[wisher] Hello and Goodbye\n|upkeep\n|turn|13\n|\n|t:|1700185347\n|move|p1a: Beyblade beyblade|Thunderbolt|p2a: Krampus\n|-damage|p2a: Krampus|48\/100\n|move|p2a: Krampus|Darkest Lariat|p1a: Beyblade beyblade\n|-damage|p1a: Beyblade beyblade|19\/100\n|-status|p2a: Krampus|par|[from] ability: Static|[of] p1a: Beyblade beyblade\n|\n|upkeep\n|turn|14\n|\n|t:|1700185358\n|switch|p2a: Hello and Goodbye|Shelgon, F|44\/100\n|move|p1a: Beyblade beyblade|Thunderbolt|p2a: Hello and Goodbye\n|-resisted|p2a: Hello and Goodbye\n|-damage|p2a: Hello and Goodbye|15\/100\n|\n|upkeep\n|turn|15\n|\n|t:|1700185367\n|move|p1a: Beyblade beyblade|Thunderbolt|p2a: Hello and Goodbye\n|-resisted|p2a: Hello and Goodbye\n|-damage|p2a: Hello and Goodbye|0 fnt\n|faint|p2a: Hello and Goodbye\n|\n|upkeep\n|\n|t:|1700185371\n|switch|p2a: Krampus|Grimmsnarl, M|100\/100\n|turn|16\n|\n|t:|1700185382\n|move|p1a: Beyblade beyblade|Thunderbolt|p2a: Krampus\n|-damage|p2a: Krampus|2\/100\n|-status|p2a: Krampus|par\n|replace|p2a: Oh Hi There|Zoroark-Hisui, M, shiny\n|-end|p2a: Oh Hi There|Illusion\n|move|p2a: Oh Hi There|Shadow Ball|p1a: Beyblade beyblade\n|-damage|p1a: Beyblade beyblade|0 fnt\n|faint|p1a: Beyblade beyblade\n|\n|upkeep\n|\n|t:|1700185392\n|switch|p1a: RegiSalt|Garganacl, F, shiny|100\/100\n|turn|17\n|\n|t:|1700185405\n|move|p2a: Oh Hi There|Grass Knot|p1a: RegiSalt\n|-supereffective|p1a: RegiSalt\n|-damage|p1a: RegiSalt|19\/100\n|move|p1a: RegiSalt|Ice Punch|p2a: Oh Hi There\n|-damage|p2a: Oh Hi There|0 fnt\n|faint|p2a: Oh Hi There\n|\n|-heal|p1a: RegiSalt|25\/100|[from] item: Leftovers\n|upkeep\n|\n|t:|1700185418\n|switch|p2a: Krampus|Grimmsnarl, M|48\/100 par\n|turn|18\n|\n|t:|1700185431\n|move|p1a: RegiSalt|Brick Break|p2a: Krampus\n|-damage|p2a: Krampus|18\/100 par\n|move|p2a: Krampus|Darkest Lariat|p1a: RegiSalt\n|-damage|p1a: RegiSalt|0 fnt\n|faint|p1a: RegiSalt\n|\n|upkeep\n|\n|t:|1700185441\n|switch|p1a: SWORDSFORHANDS|Ceruledge, M|17\/100\n|turn|19\n|-enditem|p2a: Krampus|Custap Berry|[eat]\n|-activate|p2a: Krampus|item: Custap Berry|[consumed]\n|\n|t:|1700185464\n|move|p2a: Krampus|Darkest Lariat|p1a: SWORDSFORHANDS\n|-supereffective|p1a: SWORDSFORHANDS\n|-damage|p1a: SWORDSFORHANDS|0 fnt\n|faint|p1a: SWORDSFORHANDS\n|\n|upkeep\n|\n|t:|1700185471\n|switch|p1a: Wambulance|Chansey, F|48\/100 tox\n|turn|20\n|\n|t:|1700185485\n|move|p1a: Wambulance|Thunderbolt|p2a: Krampus\n|-damage|p2a: Krampus|3\/100 par\n|move|p2a: Krampus|Superpower|p1a: Wambulance\n|-supereffective|p1a: Wambulance\n|-damage|p1a: Wambulance|0 fnt\n|-unboost|p2a: Krampus|atk|1\n|-unboost|p2a: Krampus|def|1\n|faint|p1a: Wambulance\n|\n|win|lunchbox5536\n|l|\u2606HeirEhm\n|l|\u2606lunchbox5536\n|l| tbor2002\n","uploadtime":1700185518,"views":4,"p1id":"heirehm","p2id":"lunchbox5536","formatid":"gen9nationaldex","rating":0,"private":0,"password":""}