{"id":"gen9nationaldex-1996009646","p1":"KaneWritez","p2":"PikaTheRat","format":"[Gen 9] National Dex","log":"|html|<div class=\"broadcast-blue\"><strong>[Gen 9] National Dex is currently suspecting Sneasler! For information on how to participate check out the <a href=\"https:\/\/www.smogon.com\/forums\/threads\/sv-national-dex-suspect-8-just-dance.3731534\/\">suspect thread<\/a>.<\/strong><\/div>\n|j|\u2606KaneWritez\n|j|\u2606PikaTheRat\n|t:|1700628819\n|gametype|singles\n|player|p1|KaneWritez|ghetsis|\n|player|p2|PikaTheRat|lucas|\n|teamsize|p1|4\n|teamsize|p2|3\n|gen|9\n|tier|[Gen 9] National Dex\n|rule|HP Percentage Mod: HP is shown in percentages\n|rule|Endless Battle Clause: Forcing endless battles is banned\n|rule|OHKO Clause: OHKO moves are banned\n|rule|Evasion Clause: Evasion abilities, items, and moves are banned\n|rule|Evasion Abilities Clause: Evasion abilities are banned\n|rule|Evasion Items Clause: Evasion items are banned\n|rule|Evasion Moves Clause: Evasion moves are banned\n|rule|Species Clause: Limit one of each Pok\u00e9mon\n|rule|Sleep Clause Mod: Limit one foe put to sleep\n|clearpoke\n|poke|p1|Spheal, L26, F|\n|poke|p1|Charjabug, L26, M|\n|poke|p1|Skrelp, L26, F|\n|poke|p1|Larvesta, L26, M|\n|poke|p2|Gliscor, L26, F|\n|poke|p2|Croagunk, L24, M|\n|poke|p2|Grimer, L22, M|\n|teampreview\n|\n|t:|1700628829\n|start\n|switch|p1a: Chrysus|Larvesta, L26, M, shiny|100\/100\n|switch|p2a: Grimer|Grimer, L22, M|100\/100\n|turn|1\n|\n|t:|1700628838\n|move|p1a: Chrysus|Flame Charge|p2a: Grimer\n|-damage|p2a: Grimer|75\/100\n|-boost|p1a: Chrysus|spe|1\n|move|p2a: Grimer|Toxic|p1a: Chrysus\n|-status|p1a: Chrysus|tox\n|\n|-damage|p1a: Chrysus|95\/100 tox|[from] psn\n|upkeep\n|turn|2\n|\n|t:|1700628849\n|move|p2a: Grimer|Protect|p2a: Grimer\n|-singleturn|p2a: Grimer|Protect\n|move|p1a: Chrysus|Flame Charge|p2a: Grimer\n|-activate|p2a: Grimer|move: Protect\n|\n|-damage|p1a: Chrysus|84\/100 tox|[from] psn\n|upkeep\n|turn|3\n|\n|t:|1700628858\n|move|p1a: Chrysus|Flame Charge|p2a: Grimer\n|-damage|p2a: Grimer|50\/100\n|-boost|p1a: Chrysus|spe|1\n|move|p2a: Grimer|Acid Spray|p1a: Chrysus\n|-damage|p1a: Chrysus|71\/100 tox\n|-unboost|p1a: Chrysus|spd|2\n|\n|-damage|p1a: Chrysus|55\/100 tox|[from] psn\n|upkeep\n|turn|4\n|\n|t:|1700628869\n|move|p2a: Grimer|Protect|p2a: Grimer\n|-singleturn|p2a: Grimer|Protect\n|move|p1a: Chrysus|Flame Charge|p2a: Grimer\n|-activate|p2a: Grimer|move: Protect\n|\n|-damage|p1a: Chrysus|32\/100 tox|[from] psn\n|upkeep\n|turn|5\n|\n|t:|1700628878\n|move|p1a: Chrysus|Flame Charge|p2a: Grimer\n|-damage|p2a: Grimer|29\/100\n|-boost|p1a: Chrysus|spe|1\n|move|p2a: Grimer|Acid Spray|p1a: Chrysus\n|-damage|p1a: Chrysus|12\/100 tox\n|-unboost|p1a: Chrysus|spd|2\n|\n|-damage|p1a: Chrysus|0 fnt|[from] psn\n|faint|p1a: Chrysus\n|upkeep\n|\n|t:|1700628888\n|switch|p1a: Skrelp|Skrelp, L26, F|100\/100\n|turn|6\n|\n|t:|1700628893\n|move|p2a: Grimer|Protect|p2a: Grimer\n|-singleturn|p2a: Grimer|Protect\n|move|p1a: Skrelp|Smokescreen|p2a: Grimer\n|-activate|p2a: Grimer|move: Protect\n|\n|upkeep\n|turn|7\n|\n|t:|1700628901\n|move|p1a: Skrelp|Water Gun|p2a: Grimer\n|-damage|p2a: Grimer|5\/100\n|move|p2a: Grimer|Acid Spray|p1a: Skrelp\n|-resisted|p1a: Skrelp\n|-damage|p1a: Skrelp|97\/100\n|-unboost|p1a: Skrelp|spd|2\n|\n|upkeep\n|turn|8\n|\n|t:|1700628910\n|move|p2a: Grimer|Protect|p2a: Grimer\n|-singleturn|p2a: Grimer|Protect\n|move|p1a: Skrelp|Tail Whip|p2a: Grimer\n|-activate|p2a: Grimer|move: Protect\n|\n|upkeep\n|turn|9\n|\n|t:|1700628916\n|move|p1a: Skrelp|Water Gun|p2a: Grimer\n|-damage|p2a: Grimer|0 fnt\n|faint|p2a: Grimer\n|\n|upkeep\n|\n|t:|1700628922\n|switch|p2a: Croagunk|Croagunk, L24, M|100\/100\n|turn|10\n|\n|t:|1700628928\n|move|p2a: Croagunk|Brick Break|p1a: Skrelp\n|-resisted|p1a: Skrelp\n|-damage|p1a: Skrelp|77\/100\n|move|p1a: Skrelp|Tail Whip|p2a: Croagunk\n|-unboost|p2a: Croagunk|def|1\n|\n|upkeep\n|turn|11\n|\n|t:|1700628937\n|move|p2a: Croagunk|Brick Break|p1a: Skrelp\n|-resisted|p1a: Skrelp\n|-damage|p1a: Skrelp|60\/100\n|move|p1a: Skrelp|Tail Whip|p2a: Croagunk\n|-unboost|p2a: Croagunk|def|1\n|\n|upkeep\n|turn|12\n|\n|t:|1700628945\n|move|p2a: Croagunk|Brick Break|p1a: Skrelp\n|-resisted|p1a: Skrelp\n|-damage|p1a: Skrelp|41\/100\n|move|p1a: Skrelp|Smokescreen|p2a: Croagunk\n|-unboost|p2a: Croagunk|accuracy|1\n|\n|upkeep\n|turn|13\n|\n|t:|1700628952\n|move|p2a: Croagunk|Brick Break|p1a: Skrelp\n|-resisted|p1a: Skrelp\n|-damage|p1a: Skrelp|24\/100\n|move|p1a: Skrelp|Smokescreen|p2a: Croagunk\n|-unboost|p2a: Croagunk|accuracy|1\n|\n|upkeep\n|turn|14\n|\n|t:|1700628959\n|move|p2a: Croagunk|Brick Break|p1a: Skrelp|[miss]\n|-miss|p2a: Croagunk|p1a: Skrelp\n|move|p1a: Skrelp|Smokescreen|p2a: Croagunk\n|-unboost|p2a: Croagunk|accuracy|1\n|\n|upkeep\n|turn|15\n|\n|t:|1700628967\n|move|p2a: Croagunk|Brick Break|p1a: Skrelp\n|-resisted|p1a: Skrelp\n|-damage|p1a: Skrelp|7\/100\n|move|p1a: Skrelp|Tail Whip|p2a: Croagunk\n|-unboost|p2a: Croagunk|def|1\n|\n|upkeep\n|turn|16\n|\n|t:|1700628973\n|move|p2a: Croagunk|Brick Break|p1a: Skrelp|[miss]\n|-miss|p2a: Croagunk|p1a: Skrelp\n|move|p1a: Skrelp|Tail Whip|p2a: Croagunk\n|-unboost|p2a: Croagunk|def|1\n|\n|upkeep\n|turn|17\n|\n|t:|1700628979\n|move|p2a: Croagunk|Brick Break|p1a: Skrelp|[miss]\n|-miss|p2a: Croagunk|p1a: Skrelp\n|move|p1a: Skrelp|Tail Whip|p2a: Croagunk\n|-unboost|p2a: Croagunk|def|1\n|\n|upkeep\n|turn|18\n|\n|t:|1700628988\n|move|p2a: Croagunk|Brick Break|p1a: Skrelp|[miss]\n|-miss|p2a: Croagunk|p1a: Skrelp\n|move|p1a: Skrelp|Tail Whip|p2a: Croagunk\n|-unboost|p2a: Croagunk|def|1\n|\n|upkeep\n|turn|19\n|\n|t:|1700628995\n|move|p2a: Croagunk|Brick Break|p1a: Skrelp\n|-resisted|p1a: Skrelp\n|-damage|p1a: Skrelp|0 fnt\n|faint|p1a: Skrelp\n|\n|upkeep\n|c|\u2606KaneWritez|LMAOOOOOOOOOO\n|\n|t:|1700628999\n|switch|p1a: Charjabug|Charjabug, L26, M|100\/100\n|turn|20\n|\n|t:|1700629004\n|move|p2a: Croagunk|Poison Jab|p1a: Charjabug|[miss]\n|-miss|p2a: Croagunk|p1a: Charjabug\n|move|p1a: Charjabug|Spark|p2a: Croagunk\n|-damage|p2a: Croagunk|0 fnt\n|faint|p2a: Croagunk\n|\n|upkeep\n|\n|t:|1700629015\n|switch|p2a: Gliscor|Gliscor, L26, F|100\/100\n|turn|21\n|\n|t:|1700629024\n|-terastallize|p2a: Gliscor|Poison\n|move|p2a: Gliscor|Poison Tail|p1a: Charjabug\n|-damage|p1a: Charjabug|64\/100\n|-status|p1a: Charjabug|psn\n|move|p1a: Charjabug|Mud-Slap|p2a: Gliscor\n|-supereffective|p2a: Gliscor\n|-damage|p2a: Gliscor|88\/100\n|-unboost|p2a: Gliscor|accuracy|1\n|\n|-damage|p1a: Charjabug|51\/100 psn|[from] psn\n|upkeep\n|turn|22\n|\n|t:|1700629037\n|move|p2a: Gliscor|Aerial Ace|p1a: Charjabug\n|-damage|p1a: Charjabug|10\/100 psn\n|move|p1a: Charjabug|Mud-Slap|p2a: Gliscor\n|-supereffective|p2a: Gliscor\n|-crit|p2a: Gliscor\n|-damage|p2a: Gliscor|69\/100\n|-unboost|p2a: Gliscor|accuracy|1\n|\n|-damage|p1a: Charjabug|0 fnt|[from] psn\n|faint|p1a: Charjabug\n|upkeep\n|\n|t:|1700629046\n|switch|p1a: Spheal|Spheal, L26, F|100\/100\n|turn|23\n|\n|t:|1700629053\n|move|p2a: Gliscor|Poison Tail|p1a: Spheal\n|-damage|p1a: Spheal|63\/100\n|move|p1a: Spheal|Brine|p2a: Gliscor\n|-damage|p2a: Gliscor|44\/100\n|\n|upkeep\n|turn|24\n|\n|t:|1700629062\n|move|p2a: Gliscor|Poison Tail|p1a: Spheal\n|-damage|p1a: Spheal|20\/100\n|move|p1a: Spheal|Rest|p1a: Spheal\n|-status|p1a: Spheal|slp|[from] move: Rest\n|-heal|p1a: Spheal|100\/100 slp|[silent]\n|\n|upkeep\n|turn|25\n|\n|t:|1700629071\n|move|p2a: Gliscor|Poison Tail|p1a: Spheal|[miss]\n|-miss|p2a: Gliscor|p1a: Spheal\n|cant|p1a: Spheal|slp\n|move|p1a: Spheal|Snore|p2a: Gliscor\n|-damage|p2a: Gliscor|32\/100\n|\n|upkeep\n|turn|26\n|\n|t:|1700629080\n|move|p2a: Gliscor|Poison Tail|p1a: Spheal\n|-damage|p1a: Spheal|63\/100 slp\n|cant|p1a: Spheal|slp\n|move|p1a: Spheal|Snore|p2a: Gliscor\n|-damage|p2a: Gliscor|17\/100\n|\n|upkeep\n|turn|27\n|\n|t:|1700629089\n|move|p2a: Gliscor|Poison Tail|p1a: Spheal\n|-damage|p1a: Spheal|25\/100 slp\n|-curestatus|p1a: Spheal|slp|[msg]\n|move|p1a: Spheal|Snore||[still]\n|-fail|p1a: Spheal\n|\n|upkeep\n|turn|28\n|c|\u2606KaneWritez|RNGESUS PLEASE\n|\n|t:|1700629104\n|move|p2a: Gliscor|Poison Tail|p1a: Spheal|[miss]\n|-miss|p2a: Gliscor|p1a: Spheal\n|move|p1a: Spheal|Brine|p2a: Gliscor\n|-damage|p2a: Gliscor|0 fnt\n|faint|p2a: Gliscor\n|\n|win|KaneWritez\n|c|\u2606KaneWritez|YES\n","uploadtime":1700629113,"views":1,"p1id":"kanewritez","p2id":"pikatherat","formatid":"gen9nationaldex","rating":0,"private":0,"password":""}