{"id":"gen9nationaldex-1987695317","p1":"Kakashihatake101","p2":"MrBearmanchild","format":"[Gen 9] National Dex","log":"|j|\u2606Kakashihatake101\n|j|\u2606MrBearmanchild\n|t:|1699628465\n|gametype|singles\n|player|p1|Kakashihatake101|101|\n|player|p2|MrBearmanchild|170|\n|teamsize|p1|6\n|teamsize|p2|6\n|gen|9\n|tier|[Gen 9] National Dex\n|rule|HP Percentage Mod: HP is shown in percentages\n|rule|Endless Battle Clause: Forcing endless battles is banned\n|rule|OHKO Clause: OHKO moves are banned\n|rule|Evasion Clause: Evasion abilities, items, and moves are banned\n|rule|Evasion Abilities Clause: Evasion abilities are banned\n|rule|Evasion Items Clause: Evasion items are banned\n|rule|Evasion Moves Clause: Evasion moves are banned\n|rule|Species Clause: Limit one of each Pok\u00e9mon\n|rule|Sleep Clause Mod: Limit one foe put to sleep\n|clearpoke\n|poke|p1|Meowscarada, F|\n|poke|p1|Talonflame, F|\n|poke|p1|Ribombee, M|\n|poke|p1|Diggersby, F|\n|poke|p1|Blissey, F|\n|poke|p1|Altaria, F|\n|poke|p2|Talonflame, M|\n|poke|p2|Florges, F|\n|poke|p2|Meowscarada, F|\n|poke|p2|Amoonguss, M|\n|poke|p2|Ribombee, F|\n|poke|p2|Hawlucha, M|\n|teampreview\n|\n|t:|1699628472\n|start\n|switch|p1a: Ribombee|Ribombee, M|100\/100\n|switch|p2a: Talonflame|Talonflame, M|100\/100\n|turn|1\n|\n|t:|1699628483\n|move|p2a: Talonflame|Dual Wingbeat|p1a: Ribombee\n|-supereffective|p1a: Ribombee\n|-damage|p1a: Ribombee|38\/100\n|-supereffective|p1a: Ribombee\n|-damage|p1a: Ribombee|0 fnt\n|faint|p1a: Ribombee\n|-hitcount|p1: Ribombee|2\n|\n|upkeep\n|\n|t:|1699628497\n|switch|p1a: Diggersby|Diggersby, F|100\/100\n|turn|2\n|\n|t:|1699628506\n|-terastallize|p1a: Diggersby|Normal\n|move|p1a: Diggersby|Return|p2a: Talonflame\n|-damage|p2a: Talonflame|0 fnt\n|faint|p2a: Talonflame\n|\n|upkeep\n|\n|t:|1699628534\n|switch|p2a: Amoonguss|Amoonguss, M|100\/100\n|turn|3\n|\n|t:|1699628540\n|switch|p1a: Blissey|Blissey, F|100\/100\n|move|p2a: Amoonguss|Spore|p1a: Blissey\n|-status|p1a: Blissey|slp|[from] move: Spore\n|\n|upkeep\n|turn|4\n|\n|t:|1699628550\n|cant|p1a: Blissey|slp\n|move|p2a: Amoonguss|Foul Play|p1a: Blissey\n|-damage|p1a: Blissey|99\/100 slp\n|\n|-heal|p1a: Blissey|100\/100 slp|[from] item: Leftovers\n|upkeep\n|turn|5\n|\n|t:|1699628559\n|switch|p2a: Hawlucha|Hawlucha, M|100\/100\n|-curestatus|p1a: Blissey|slp|[msg]\n|move|p1a: Blissey|Stealth Rock|p2a: Hawlucha\n|-sidestart|p2: MrBearmanchild|move: Stealth Rock\n|\n|upkeep\n|turn|6\n|\n|t:|1699628579\n|move|p2a: Hawlucha|Body Slam|p1a: Blissey\n|-enditem|p2a: Hawlucha|Normal Gem|[from] gem\n|-damage|p1a: Blissey|71\/100\n|move|p1a: Blissey|Toxic|p2a: Hawlucha|[miss]\n|-miss|p1a: Blissey|p2a: Hawlucha\n|\n|-heal|p1a: Blissey|77\/100|[from] item: Leftovers\n|upkeep\n|turn|7\n|\n|t:|1699628590\n|move|p2a: Hawlucha|Bulk Up|p2a: Hawlucha\n|-boost|p2a: Hawlucha|atk|1\n|-boost|p2a: Hawlucha|def|1\n|move|p1a: Blissey|Toxic|p2a: Hawlucha\n|-status|p2a: Hawlucha|tox\n|\n|-heal|p1a: Blissey|83\/100|[from] item: Leftovers\n|-damage|p2a: Hawlucha|94\/100 tox|[from] psn\n|upkeep\n|turn|8\n|\n|t:|1699628601\n|move|p2a: Hawlucha|Bulk Up|p2a: Hawlucha\n|-boost|p2a: Hawlucha|atk|1\n|-boost|p2a: Hawlucha|def|1\n|move|p1a: Blissey|Seismic Toss|p2a: Hawlucha\n|-damage|p2a: Hawlucha|61\/100 tox\n|\n|-heal|p1a: Blissey|89\/100|[from] item: Leftovers\n|-damage|p2a: Hawlucha|49\/100 tox|[from] psn\n|upkeep\n|turn|9\n|\n|t:|1699628616\n|-terastallize|p2a: Hawlucha|Fighting\n|move|p2a: Hawlucha|Drain Punch|p1a: Blissey\n|-supereffective|p1a: Blissey\n|-damage|p1a: Blissey|0 fnt\n|-heal|p2a: Hawlucha|100\/100 tox|[from] drain|[of] p1a: Blissey\n|faint|p1a: Blissey\n|\n|-damage|p2a: Hawlucha|82\/100 tox|[from] psn\n|upkeep\n|\n|t:|1699628634\n|switch|p1a: Altaria|Altaria, F|100\/100\n|turn|10\n|\n|t:|1699628639\n|detailschange|p1a: Altaria|Altaria-Mega, F\n|-mega|p1a: Altaria|Altaria|Altarianite\n|move|p2a: Hawlucha|Acrobatics|p1a: Altaria\n|-crit|p1a: Altaria\n|-damage|p1a: Altaria|0 fnt\n|faint|p1a: Altaria\n|\n|-damage|p2a: Hawlucha|58\/100 tox|[from] psn\n|upkeep\n|\n|t:|1699628648\n|switch|p1a: Talonflame|Talonflame, F|100\/100\n|turn|11\n|\n|t:|1699628652\n|move|p1a: Talonflame|Brave Bird|p2a: Hawlucha\n|-supereffective|p2a: Hawlucha\n|-damage|p2a: Hawlucha|0 fnt\n|faint|p2a: Hawlucha\n|-damage|p1a: Talonflame|82\/100|[from] Recoil\n|\n|upkeep\n|\n|t:|1699628672\n|switch|p2a: Meowscarada|Meowscarada, F|100\/100\n|-damage|p2a: Meowscarada|88\/100|[from] Stealth Rock\n|turn|12\n|\n|t:|1699628677\n|switch|p1a: Meowscarada|Meowscarada, F|100\/100\n|move|p2a: Meowscarada|Sucker Punch||[still]\n|-fail|p2a: Meowscarada\n|\n|upkeep\n|turn|13\n|\n|t:|1699628685\n|switch|p2a: Florges|Florges, F|100\/100\n|-damage|p2a: Florges|88\/100|[from] Stealth Rock\n|move|p1a: Meowscarada|U-turn|p2a: Florges\n|-start|p1a: Meowscarada|typechange|Bug|[from] ability: Protean\n|-resisted|p2a: Florges\n|-damage|p2a: Florges|68\/100\n|\n|t:|1699628694\n|switch|p1a: Diggersby|Diggersby, F, tera:Normal|100\/100|[from] U-turn\n|\n|-heal|p2a: Florges|74\/100|[from] item: Leftovers\n|upkeep\n|turn|14\n|\n|t:|1699628703\n|move|p1a: Diggersby|Return|p2a: Florges\n|-damage|p2a: Florges|0 fnt\n|faint|p2a: Florges\n|\n|upkeep\n|\n|t:|1699628711\n|switch|p2a: Amoonguss|Amoonguss, M|100\/100\n|-damage|p2a: Amoonguss|88\/100|[from] Stealth Rock\n|turn|15\n|\n|t:|1699628717\n|move|p1a: Diggersby|Return|p2a: Amoonguss\n|-damage|p2a: Amoonguss|0 fnt\n|faint|p2a: Amoonguss\n|\n|upkeep\n|\n|t:|1699628722\n|switch|p2a: Meowscarada|Meowscarada, F|88\/100\n|-damage|p2a: Meowscarada|76\/100|[from] Stealth Rock\n|turn|16\n|\n|t:|1699628729\n|move|p2a: Meowscarada|Sucker Punch|p1a: Diggersby\n|-start|p2a: Meowscarada|typechange|Dark|[from] ability: Protean\n|-damage|p1a: Diggersby|36\/100\n|move|p1a: Diggersby|Return|p2a: Meowscarada\n|-damage|p2a: Meowscarada|0 fnt\n|faint|p2a: Meowscarada\n|\n|upkeep\n|\n|t:|1699628739\n|switch|p2a: Ribombee|Ribombee, F|100\/100\n|-damage|p2a: Ribombee|76\/100|[from] Stealth Rock\n|turn|17\n|\n|t:|1699628743\n|move|p1a: Diggersby|Return|p2a: Ribombee\n|-damage|p2a: Ribombee|0 fnt\n|faint|p2a: Ribombee\n|\n|win|Kakashihatake101\n","uploadtime":1699628750,"views":21,"p1id":"kakashihatake101","p2id":"mrbearmanchild","formatid":"gen9nationaldex","rating":0,"private":0,"password":""}