{"id":"gen9nationaldex-1991667066","p1":"Dumbgimmic.png","p2":"Azu_CriticalXD","format":"[Gen 9] National Dex","log":"|j|\u2606Dumbgimmic.png\n|j|\u2606Azu_CriticalXD\n|t:|1700100370\n|gametype|singles\n|player|p1|Dumbgimmic.png|lady-gen4|1072\n|player|p2|Azu_CriticalXD|ltsurge|1061\n|teamsize|p1|6\n|teamsize|p2|6\n|gen|9\n|tier|[Gen 9] National Dex\n|rated|\n|rule|HP Percentage Mod: HP is shown in percentages\n|rule|Endless Battle Clause: Forcing endless battles is banned\n|rule|OHKO Clause: OHKO moves are banned\n|rule|Evasion Clause: Evasion abilities, items, and moves are banned\n|rule|Evasion Abilities Clause: Evasion abilities are banned\n|rule|Evasion Items Clause: Evasion items are banned\n|rule|Evasion Moves Clause: Evasion moves are banned\n|rule|Species Clause: Limit one of each Pok\u00e9mon\n|rule|Sleep Clause Mod: Limit one foe put to sleep\n|clearpoke\n|poke|p1|Regigigas|\n|poke|p1|Gallade, M|\n|poke|p1|Tapu Bulu|\n|poke|p1|Tornadus-Therian, M|\n|poke|p1|Toxapex, M|\n|poke|p1|Ting-Lu|\n|poke|p2|Pidgeot, F|\n|poke|p2|Zoroark-Hisui, M|\n|poke|p2|Regigigas|\n|poke|p2|Porygon-Z|\n|poke|p2|Maushold-Four|\n|poke|p2|Ursaluna, F|\n|teampreview\n|\n|t:|1700100392\n|start\n|switch|p1a: Gallade|Gallade, M|100\/100\n|switch|p2a: Mecha|Regigigas, shiny|100\/100\n|-start|p2a: Mecha|ability: Slow Start\n|turn|1\n|inactive|Battle timer is ON: inactive players will automatically lose when time's up. (requested by Azu_CriticalXD)\n|\n|t:|1700100400\n|detailschange|p1a: Gallade|Gallade-Mega, M\n|-mega|p1a: Gallade|Gallade|Galladite\n|move|p1a: Gallade|Swords Dance|p1a: Gallade\n|-boost|p1a: Gallade|atk|2\n|move|p2a: Mecha|Thunder Wave|p1a: Gallade\n|-status|p1a: Gallade|par\n|\n|upkeep\n|turn|2\n|\n|t:|1700100413\n|move|p1a: Gallade|Drain Punch|p2a: Mecha\n|-supereffective|p2a: Mecha\n|-damage|p2a: Mecha|0 fnt\n|faint|p2a: Mecha\n|-end|p2a: Mecha|Slow Start|[silent]\n|\n|upkeep\n|\n|t:|1700100420\n|switch|p2a: Dashy|Pidgeot, F, shiny|100\/100\n|turn|3\n|\n|t:|1700100423\n|detailschange|p2a: Dashy|Pidgeot-Mega, F, shiny\n|-mega|p2a: Dashy|Pidgeot|Pidgeotite\n|move|p2a: Dashy|Hurricane|p1a: Gallade\n|-supereffective|p1a: Gallade\n|-damage|p1a: Gallade|0 fnt\n|faint|p1a: Gallade\n|\n|upkeep\n|\n|t:|1700100434\n|switch|p1a: Ting-Lu|Ting-Lu|100\/100\n|-ability|p1a: Ting-Lu|Vessel of Ruin\n|turn|4\n|\n|t:|1700100443\n|move|p2a: Dashy|U-turn|p1a: Ting-Lu\n|-supereffective|p1a: Ting-Lu\n|-damage|p1a: Ting-Lu|88\/100\n|\n|t:|1700100450\n|switch|p2a: Fancie|Ursaluna, F, shiny|100\/100|[from] U-turn\n|move|p1a: Ting-Lu|Throat Chop|p2a: Fancie\n|-damage|p2a: Fancie|82\/100\n|-start|p2a: Fancie|Throat Chop|[silent]\n|\n|-heal|p1a: Ting-Lu|95\/100|[from] item: Leftovers\n|-status|p2a: Fancie|brn|[from] item: Flame Orb\n|upkeep\n|turn|5\n|\n|t:|1700100463\n|move|p2a: Fancie|Earthquake|p1a: Ting-Lu\n|-damage|p1a: Ting-Lu|55\/100\n|move|p1a: Ting-Lu|Sand Tomb|p2a: Fancie\n|-damage|p2a: Fancie|73\/100 brn\n|-activate|p2a: Fancie|move: Sand Tomb|[of] p1a: Ting-Lu\n|\n|-heal|p1a: Ting-Lu|62\/100|[from] item: Leftovers\n|-damage|p2a: Fancie|67\/100 brn|[from] brn\n|-damage|p2a: Fancie|55\/100 brn|[from] move: Sand Tomb|[partiallytrapped]\n|-end|p2a: Fancie|Throat Chop|[silent]\n|upkeep\n|turn|6\n|\n|t:|1700100478\n|move|p2a: Fancie|Earthquake|p1a: Ting-Lu\n|-damage|p1a: Ting-Lu|20\/100\n|move|p1a: Ting-Lu|Substitute|p1a: Ting-Lu\n|-fail|p1a: Ting-Lu|move: Substitute|[weak]\n|\n|-heal|p1a: Ting-Lu|26\/100|[from] item: Leftovers\n|-damage|p2a: Fancie|49\/100 brn|[from] brn\n|-damage|p2a: Fancie|37\/100 brn|[from] move: Sand Tomb|[partiallytrapped]\n|upkeep\n|turn|7\n|\n|t:|1700100489\n|switch|p1a: Tornadus|Tornadus-Therian, M|100\/100\n|move|p2a: Fancie|Facade|p1a: Tornadus\n|-damage|p1a: Tornadus|0 fnt\n|faint|p1a: Tornadus\n|\n|-damage|p2a: Fancie|30\/100 brn|[from] brn\n|-end|p2a: Fancie|Sand Tomb|[partiallytrapped]|[silent]\n|upkeep\n|\n|t:|1700100499\n|switch|p1a: Ting-Lu|Ting-Lu|26\/100\n|-ability|p1a: Ting-Lu|Vessel of Ruin\n|turn|8\n|\n|t:|1700100505\n|move|p2a: Fancie|Earthquake|p1a: Ting-Lu\n|-damage|p1a: Ting-Lu|0 fnt\n|faint|p1a: Ting-Lu\n|\n|-damage|p2a: Fancie|24\/100 brn|[from] brn\n|upkeep\n|\n|t:|1700100512\n|switch|p1a: Regigigas|Regigigas|100\/100\n|-start|p1a: Regigigas|ability: Slow Start\n|turn|9\n|\n|t:|1700100523\n|move|p2a: Fancie|Facade|p1a: Regigigas\n|-damage|p1a: Regigigas|10\/100\n|move|p1a: Regigigas|Darkest Lariat|p2a: Fancie\n|-damage|p2a: Fancie|11\/100 brn\n|\n|-heal|p1a: Regigigas|17\/100|[from] item: Leftovers\n|-damage|p2a: Fancie|5\/100 brn|[from] brn\n|upkeep\n|turn|10\n|\n|t:|1700100537\n|move|p2a: Fancie|Facade|p1a: Regigigas\n|-damage|p1a: Regigigas|0 fnt\n|faint|p1a: Regigigas\n|-end|p1a: Regigigas|Slow Start|[silent]\n|\n|-damage|p2a: Fancie|0 fnt|[from] brn\n|faint|p2a: Fancie\n|upkeep\n|\n|t:|1700100557\n|switch|p1a: Toxapex|Toxapex, M|100\/100\n|switch|p2a: Dashy|Pidgeot-Mega, F, shiny|100\/100\n|turn|11\n|\n|t:|1700100571\n|move|p2a: Dashy|Hurricane|p1a: Toxapex\n|-damage|p1a: Toxapex|56\/100\n|move|p1a: Toxapex|Toxic Spikes|p2a: Dashy\n|-sidestart|p2: Azu_CriticalXD|move: Toxic Spikes\n|\n|-heal|p1a: Toxapex|62\/100|[from] item: Leftovers\n|upkeep\n|turn|12\n|\n|t:|1700100577\n|move|p2a: Dashy|Hurricane|p1a: Toxapex\n|-damage|p1a: Toxapex|25\/100\n|move|p1a: Toxapex|Pain Split|p2a: Dashy\n|-sethp|p2a: Dashy|62\/100|[from] move: Pain Split|[silent]\n|-sethp|p1a: Toxapex|63\/100|[from] move: Pain Split\n|\n|-heal|p1a: Toxapex|69\/100|[from] item: Leftovers\n|upkeep\n|turn|13\n|\n|t:|1700100590\n|move|p2a: Dashy|Hurricane|p1a: Toxapex\n|-crit|p1a: Toxapex\n|-damage|p1a: Toxapex|9\/100\n|move|p1a: Toxapex|Toxic Spikes|p2a: Dashy\n|-sidestart|p2: Azu_CriticalXD|move: Toxic Spikes\n|\n|-heal|p1a: Toxapex|15\/100|[from] item: Leftovers\n|upkeep\n|turn|14\n|\n|t:|1700100607\n|move|p2a: Dashy|Hurricane|p1a: Toxapex\n|-damage|p1a: Toxapex|0 fnt\n|faint|p1a: Toxapex\n|\n|upkeep\n|inactive|Dumbgimmic.png has 120 seconds left.\n|\n|t:|1700100636\n|switch|p1a: Tapu Bulu|Tapu Bulu|100\/100\n|-fieldstart|move: Grassy Terrain|[from] ability: Grassy Surge|[of] p1a: Tapu Bulu\n|turn|15\n|inactive|Dumbgimmic.png has 120 seconds left.\n|\n|t:|1700100643\n|-terastallize|p1a: Tapu Bulu|Grass\n|move|p2a: Dashy|Hurricane|p1a: Tapu Bulu\n|-supereffective|p1a: Tapu Bulu\n|-damage|p1a: Tapu Bulu|0 fnt\n|faint|p1a: Tapu Bulu\n|\n|win|Azu_CriticalXD\n|raw|Dumbgimmic.png's rating: 1072 &rarr; <strong>1051<\/strong><br \/>(-21 for losing)\n|raw|Azu_CriticalXD's rating: 1061 &rarr; <strong>1093<\/strong><br \/>(+32 for winning)\n|c|\u2606Azu_CriticalXD|gg\n|c|\u2606Dumbgimmic.png|gg\n|l|\u2606Dumbgimmic.png\n","uploadtime":1700100659,"views":6,"p1id":"dumbgimmicpng","p2id":"azucriticalxd","formatid":"gen9nationaldex","rating":1051,"private":0,"password":""}