{"id":"gen9nationaldex-1990994089","p1":"Maxx Zwei","p2":"Kuzwa","format":"[Gen 9] National Dex","log":"|j|\u2606Maxx Zwei\n|j|\u2606Kuzwa\n|t:|1700024821\n|gametype|singles\n|player|p1|Maxx Zwei|101|1189\n|player|p2|Kuzwa|parasollady|1288\n|teamsize|p1|6\n|teamsize|p2|6\n|gen|9\n|tier|[Gen 9] National Dex\n|rated|\n|rule|HP Percentage Mod: HP is shown in percentages\n|rule|Endless Battle Clause: Forcing endless battles is banned\n|rule|OHKO Clause: OHKO moves are banned\n|rule|Evasion Clause: Evasion abilities, items, and moves are banned\n|rule|Evasion Abilities Clause: Evasion abilities are banned\n|rule|Evasion Items Clause: Evasion items are banned\n|rule|Evasion Moves Clause: Evasion moves are banned\n|rule|Species Clause: Limit one of each Pok\u00e9mon\n|rule|Sleep Clause Mod: Limit one foe put to sleep\n|clearpoke\n|poke|p1|Arcanine-Hisui, M|\n|poke|p1|Glimmora, M|\n|poke|p1|Tyranitar, M|\n|poke|p1|Archeops, M|\n|poke|p1|Cradily, M|\n|poke|p1|Kleavor, M|\n|poke|p2|Kartana|\n|poke|p2|Weavile, M|\n|poke|p2|Ogerpon-Wellspring, F|\n|poke|p2|Zeraora|\n|poke|p2|Glimmora, M|\n|poke|p2|Urshifu-*, M|\n|teampreview\n|inactive|Battle timer is ON: inactive players will automatically lose when time's up. (requested by Maxx Zwei)\n|\n|t:|1700024851\n|start\n|switch|p1a: Glimmora|Glimmora, M|100\/100\n|switch|p2a: thing|Glimmora, M|100\/100\n|-item|p2a: thing|Air Balloon\n|-item|p1a: Glimmora|Air Balloon\n|turn|1\n|\n|t:|1700024860\n|move|p2a: thing|Power Gem|p1a: Glimmora\n|-damage|p1a: Glimmora|45\/100\n|-enditem|p1a: Glimmora|Air Balloon\n|move|p1a: Glimmora|Energy Ball|p2a: thing\n|-damage|p2a: thing|59\/100\n|-enditem|p2a: thing|Air Balloon\n|\n|upkeep\n|turn|2\n|\n|t:|1700024868\n|move|p2a: thing|Power Gem|p1a: Glimmora\n|-damage|p1a: Glimmora|0 fnt\n|faint|p1a: Glimmora\n|\n|upkeep\n|\n|t:|1700024886\n|switch|p1a: Tyranitar|Tyranitar, M|100\/100\n|-weather|Sandstorm|[from] ability: Sand Stream|[of] p1a: Tyranitar\n|turn|3\n|\n|t:|1700024892\n|detailschange|p1a: Tyranitar|Tyranitar-Mega, M\n|-mega|p1a: Tyranitar|Tyranitar|Tyranitarite\n|move|p2a: thing|Earth Power|p1a: Tyranitar\n|-supereffective|p1a: Tyranitar\n|-damage|p1a: Tyranitar|77\/100\n|move|p1a: Tyranitar|Earthquake|p2a: thing\n|-supereffective|p2a: thing\n|-damage|p2a: thing|0 fnt\n|-activate|p2a: thing|ability: Toxic Debris\n|-sidestart|p1: Maxx Zwei|move: Toxic Spikes\n|faint|p2a: thing\n|\n|-weather|Sandstorm|[upkeep]\n|upkeep\n|\n|t:|1700024900\n|switch|p2a: Aigis|Ogerpon-Wellspring, F|100\/100\n|turn|4\n|\n|t:|1700024905\n|move|p2a: Aigis|Ivy Cudgel|p1a: Tyranitar|[anim] Ivy Cudgel Water\n|-supereffective|p1a: Tyranitar\n|-damage|p1a: Tyranitar|2\/100\n|move|p1a: Tyranitar|Thunder Wave|p2a: Aigis\n|-status|p2a: Aigis|par\n|\n|-weather|Sandstorm|[upkeep]\n|-damage|p2a: Aigis|95\/100 par|[from] Sandstorm\n|upkeep\n|turn|5\n|\n|t:|1700024916\n|move|p1a: Tyranitar|Stone Edge|p2a: Aigis\n|-damage|p2a: Aigis|30\/100 par\n|move|p2a: Aigis|U-turn|p1a: Tyranitar\n|-supereffective|p1a: Tyranitar\n|-damage|p1a: Tyranitar|0 fnt\n|faint|p1a: Tyranitar\n|\n|t:|1700024923\n|switch|p2a: Makoto Yuki|Kartana, shiny|100\/100|[from] U-turn\n|\n|-weather|Sandstorm|[upkeep]\n|upkeep\n|\n|t:|1700024928\n|switch|p1a: Arcanine|Arcanine-Hisui, M|100\/100\n|-status|p1a: Arcanine|psn\n|turn|6\n|\n|t:|1700024935\n|move|p2a: Makoto Yuki|Sacred Sword|p1a: Arcanine\n|-supereffective|p1a: Arcanine\n|-damage|p1a: Arcanine|1\/100 psn\n|move|p1a: Arcanine|Flare Blitz|p2a: Makoto Yuki\n|-supereffective|p2a: Makoto Yuki\n|-enditem|p2a: Makoto Yuki|Focus Sash\n|-damage|p2a: Makoto Yuki|1\/100\n|\n|-weather|Sandstorm|[upkeep]\n|-damage|p1a: Arcanine|0 fnt|[from] psn\n|faint|p1a: Arcanine\n|upkeep\n|\n|t:|1700024945\n|switch|p1a: Archeops|Archeops, M|100\/100\n|turn|7\n|\n|t:|1700024957\n|move|p1a: Archeops|Air Slash|p2a: Makoto Yuki\n|-damage|p2a: Makoto Yuki|0 fnt\n|faint|p2a: Makoto Yuki\n|\n|-weather|none\n|upkeep\n|\n|t:|1700024969\n|switch|p2a: Junpei Iori|Weavile, M, shiny|100\/100\n|turn|8\n|\n|t:|1700024977\n|switch|p1a: Kleavor|Kleavor, M|100\/100\n|-status|p1a: Kleavor|psn\n|move|p2a: Junpei Iori|Ice Spinner|p1a: Kleavor\n|-damage|p1a: Kleavor|52\/100 psn\n|\n|-damage|p1a: Kleavor|40\/100 psn|[from] psn\n|upkeep\n|turn|9\n|\n|t:|1700024989\n|move|p1a: Kleavor|Stone Axe|p2a: Junpei Iori\n|-supereffective|p2a: Junpei Iori\n|-enditem|p2a: Junpei Iori|Focus Sash\n|-damage|p2a: Junpei Iori|1\/100\n|-sidestart|p2: Kuzwa|move: Stealth Rock\n|-enditem|p1a: Kleavor|Choice Scarf|[silent]|[from] ability: Pickpocket|[of] p1a: Kleavor\n|-item|p2a: Junpei Iori|Choice Scarf|[from] ability: Pickpocket|[of] p1a: Kleavor\n|move|p2a: Junpei Iori|Ice Spinner|p1a: Kleavor\n|-damage|p1a: Kleavor|0 fnt\n|faint|p1a: Kleavor\n|\n|upkeep\n|\n|t:|1700025005\n|switch|p1a: Archeops|Archeops, M|100\/100\n|turn|10\n|\n|t:|1700025010\n|move|p2a: Junpei Iori|Ice Spinner|p1a: Archeops\n|-supereffective|p1a: Archeops\n|-damage|p1a: Archeops|0 fnt\n|faint|p1a: Archeops\n|\n|upkeep\n|-message|Maxx Zwei forfeited.\n|\n|win|Kuzwa\n|raw|Maxx Zwei's rating: 1189 &rarr; <strong>1171<\/strong><br \/>(-18 for losing)\n|raw|Kuzwa's rating: 1288 &rarr; <strong>1306<\/strong><br \/>(+18 for winning)\n|l|\u2606Maxx Zwei\n","uploadtime":1700025020,"views":6,"p1id":"maxxzwei","p2id":"kuzwa","formatid":"gen9nationaldex","rating":1171,"private":0,"password":""}