{"id":"gen9nationaldex-1991679758","p1":"Xmen393","p2":"Richie2016","format":"[Gen 9] National Dex","log":"|j|\u2606Xmen393\n|j|\u2606Richie2016\n|t:|1700101840\n|gametype|singles\n|player|p1|Xmen393|2|1253\n|player|p2|Richie2016|cynthia|1171\n|teamsize|p1|6\n|teamsize|p2|6\n|gen|9\n|tier|[Gen 9] National Dex\n|rated|\n|rule|HP Percentage Mod: HP is shown in percentages\n|rule|Endless Battle Clause: Forcing endless battles is banned\n|rule|OHKO Clause: OHKO moves are banned\n|rule|Evasion Clause: Evasion abilities, items, and moves are banned\n|rule|Evasion Abilities Clause: Evasion abilities are banned\n|rule|Evasion Items Clause: Evasion items are banned\n|rule|Evasion Moves Clause: Evasion moves are banned\n|rule|Species Clause: Limit one of each Pok\u00e9mon\n|rule|Sleep Clause Mod: Limit one foe put to sleep\n|clearpoke\n|poke|p1|Serperior, F|\n|poke|p1|Togekiss, M|\n|poke|p1|Gliscor, F|\n|poke|p1|Ferrothorn, M|\n|poke|p1|Toxapex, M|\n|poke|p1|Lopunny, F|\n|poke|p2|Gardevoir, F|\n|poke|p2|Milotic, F|\n|poke|p2|Moltres|\n|poke|p2|Rillaboom, F|\n|poke|p2|Gliscor, F|\n|poke|p2|Iron Valiant|\n|teampreview\n|\n|t:|1700101868\n|start\n|switch|p1a: Gliscor|Gliscor, F|100\/100\n|switch|p2a: Gliscor|Gliscor, F, shiny|100\/100\n|turn|1\n|\n|t:|1700101884\n|switch|p1a: Ferrothorn|Ferrothorn, M, shiny|100\/100\n|move|p2a: Gliscor|Stealth Rock|p1a: Ferrothorn\n|-sidestart|p1: Xmen393|move: Stealth Rock\n|\n|-status|p2a: Gliscor|tox|[from] item: Toxic Orb\n|upkeep\n|turn|2\n|\n|t:|1700101895\n|switch|p2a: Moltres|Moltres|100\/100\n|move|p1a: Ferrothorn|Leech Seed|p2a: Moltres\n|-start|p2a: Moltres|move: Leech Seed\n|\n|-damage|p2a: Moltres|88\/100|[from] Leech Seed|[of] p1a: Ferrothorn\n|upkeep\n|turn|3\n|\n|t:|1700101904\n|switch|p2a: Gardevoir|Gardevoir, F, shiny|100\/100\n|-ability|p2a: Gardevoir|Iron Barbs|[from] ability: Trace|[of] p1a: Ferrothorn\n|switch|p1a: Gliscor|Gliscor, F|100\/100\n|-damage|p1a: Gliscor|88\/100|[from] Stealth Rock\n|\n|-status|p1a: Gliscor|tox|[from] item: Toxic Orb\n|upkeep\n|turn|4\n|inactive|Battle timer is ON: inactive players will automatically lose when time's up. (requested by Richie2016)\n|\n|t:|1700101917\n|detailschange|p2a: Gardevoir|Gardevoir-Mega, F, shiny\n|-mega|p2a: Gardevoir|Gardevoir|Gardevoirite\n|move|p2a: Gardevoir|Hyper Voice|p1a: Gliscor\n|-damage|p1a: Gliscor|2\/100 tox\n|move|p1a: Gliscor|Toxic|p2a: Gardevoir\n|-status|p2a: Gardevoir|tox\n|\n|-damage|p2a: Gardevoir|94\/100 tox|[from] psn\n|-heal|p1a: Gliscor|14\/100 tox|[from] ability: Poison Heal\n|upkeep\n|turn|5\n|\n|t:|1700101927\n|move|p1a: Gliscor|Protect|p1a: Gliscor\n|-singleturn|p1a: Gliscor|Protect\n|move|p2a: Gardevoir|Mystical Fire|p1a: Gliscor\n|-activate|p1a: Gliscor|move: Protect\n|\n|-damage|p2a: Gardevoir|82\/100 tox|[from] psn\n|-heal|p1a: Gliscor|26\/100 tox|[from] ability: Poison Heal\n|upkeep\n|turn|6\n|\n|t:|1700101944\n|switch|p1a: Toxapex|Toxapex, M, shiny|100\/100\n|-damage|p1a: Toxapex|88\/100|[from] Stealth Rock\n|move|p2a: Gardevoir|Psychic|p1a: Toxapex\n|-supereffective|p1a: Toxapex\n|-damage|p1a: Toxapex|7\/100\n|\n|-heal|p1a: Toxapex|13\/100|[from] item: Black Sludge\n|-damage|p2a: Gardevoir|64\/100 tox|[from] psn\n|upkeep\n|turn|7\n|\n|t:|1700101953\n|move|p1a: Toxapex|Baneful Bunker|p1a: Toxapex\n|-singleturn|p1a: Toxapex|move: Protect\n|move|p2a: Gardevoir|Hyper Voice|p1a: Toxapex\n|-activate|p1a: Toxapex|move: Protect\n|\n|-heal|p1a: Toxapex|20\/100|[from] item: Black Sludge\n|-damage|p2a: Gardevoir|39\/100 tox|[from] psn\n|upkeep\n|turn|8\n|\n|t:|1700101963\n|move|p2a: Gardevoir|Hyper Voice|p1a: Toxapex\n|-resisted|p1a: Toxapex\n|-damage|p1a: Toxapex|0 fnt\n|faint|p1a: Toxapex\n|\n|-damage|p2a: Gardevoir|8\/100 tox|[from] psn\n|upkeep\n|\n|t:|1700101969\n|switch|p1a: Gliscor|Gliscor, F|26\/100 tox\n|-damage|p1a: Gliscor|14\/100 tox|[from] Stealth Rock\n|turn|9\n|\n|t:|1700101980\n|switch|p2a: Rillaboom|Rillaboom, F, shiny|100\/100\n|-fieldstart|move: Grassy Terrain|[from] ability: Grassy Surge|[of] p2a: Rillaboom\n|move|p1a: Gliscor|Protect||[still]\n|-fail|p1a: Gliscor\n|\n|-heal|p1a: Gliscor|26\/100 tox|[from] ability: Poison Heal\n|upkeep\n|turn|10\n|\n|t:|1700101989\n|move|p1a: Gliscor|Protect|p1a: Gliscor\n|-singleturn|p1a: Gliscor|Protect\n|move|p2a: Rillaboom|Knock Off|p1a: Gliscor\n|-activate|p1a: Gliscor|move: Protect\n|\n|-heal|p1a: Gliscor|39\/100 tox|[from] ability: Poison Heal\n|upkeep\n|turn|11\n|\n|t:|1700101995\n|move|p1a: Gliscor|Substitute|p1a: Gliscor\n|-start|p1a: Gliscor|Substitute\n|-damage|p1a: Gliscor|14\/100 tox\n|move|p2a: Rillaboom|Knock Off|p1a: Gliscor\n|-end|p1a: Gliscor|Substitute\n|\n|-heal|p1a: Gliscor|26\/100 tox|[from] ability: Poison Heal\n|upkeep\n|turn|12\n|\n|t:|1700102002\n|move|p1a: Gliscor|Protect|p1a: Gliscor\n|-singleturn|p1a: Gliscor|Protect\n|move|p2a: Rillaboom|Knock Off|p1a: Gliscor\n|-activate|p1a: Gliscor|move: Protect\n|\n|-heal|p1a: Gliscor|39\/100 tox|[from] ability: Poison Heal\n|upkeep\n|turn|13\n|\n|t:|1700102009\n|move|p1a: Gliscor|Substitute|p1a: Gliscor\n|-start|p1a: Gliscor|Substitute\n|-damage|p1a: Gliscor|14\/100 tox\n|move|p2a: Rillaboom|Knock Off|p1a: Gliscor\n|-end|p1a: Gliscor|Substitute\n|\n|-heal|p1a: Gliscor|26\/100 tox|[from] ability: Poison Heal\n|-fieldend|move: Grassy Terrain\n|upkeep\n|turn|14\n|\n|t:|1700102017\n|move|p1a: Gliscor|Protect|p1a: Gliscor\n|-singleturn|p1a: Gliscor|Protect\n|move|p2a: Rillaboom|Knock Off|p1a: Gliscor\n|-activate|p1a: Gliscor|move: Protect\n|\n|-heal|p1a: Gliscor|39\/100 tox|[from] ability: Poison Heal\n|upkeep\n|turn|15\n|\n|t:|1700102030\n|switch|p1a: Ferrothorn|Ferrothorn, M, shiny|100\/100\n|-damage|p1a: Ferrothorn|94\/100|[from] Stealth Rock\n|move|p2a: Rillaboom|Knock Off|p1a: Ferrothorn\n|-damage|p1a: Ferrothorn|63\/100\n|-damage|p2a: Rillaboom|88\/100|[from] ability: Iron Barbs|[of] p1a: Ferrothorn\n|-damage|p2a: Rillaboom|72\/100|[from] item: Rocky Helmet|[of] p1a: Ferrothorn\n|-enditem|p1a: Ferrothorn|Rocky Helmet|[from] move: Knock Off|[of] p2a: Rillaboom\n|\n|upkeep\n|turn|16\n|\n|t:|1700102045\n|switch|p2a: Gardevoir|Gardevoir-Mega, F, shiny|8\/100 tox\n|move|p1a: Ferrothorn|Stealth Rock|p2a: Gardevoir\n|-sidestart|p2: Richie2016|move: Stealth Rock\n|\n|-damage|p2a: Gardevoir|2\/100 tox|[from] psn\n|upkeep\n|turn|17\n|\n|t:|1700102051\n|move|p2a: Gardevoir|Mystical Fire|p1a: Ferrothorn\n|-supereffective|p1a: Ferrothorn\n|-damage|p1a: Ferrothorn|0 fnt\n|faint|p1a: Ferrothorn\n|\n|-damage|p2a: Gardevoir|0 fnt|[from] psn\n|faint|p2a: Gardevoir\n|upkeep\n|\n|t:|1700102059\n|switch|p2a: Moltres|Moltres|88\/100\n|switch|p1a: Lopunny|Lopunny, F|100\/100\n|-damage|p1a: Lopunny|88\/100|[from] Stealth Rock\n|turn|18\n|\n|t:|1700102066\n|detailschange|p1a: Lopunny|Lopunny-Mega, F\n|-mega|p1a: Lopunny|Lopunny|Lopunnite\n|move|p1a: Lopunny|U-turn|p2a: Moltres\n|-resisted|p2a: Moltres\n|-damage|p2a: Moltres|84\/100\n|-status|p1a: Lopunny|brn|[from] ability: Flame Body|[of] p2a: Moltres\n|-message|Xmen393 forfeited.\n|\n|win|Richie2016\n|raw|Xmen393's rating: 1253 &rarr; <strong>1222<\/strong><br \/>(-31 for losing)\n|raw|Richie2016's rating: 1171 &rarr; <strong>1202<\/strong><br \/>(+31 for winning)\n|l|\u2606Xmen393\n","uploadtime":1700102078,"views":4,"p1id":"xmen393","p2id":"richie2016","formatid":"gen9nationaldex","rating":1202,"private":0,"password":""}