{"id":"gen9nationaldex-1987301604","p1":"Fjkdkf","p2":"dFUCK2GLISCORiMS","format":"[Gen 9] National Dex","log":"|j|\u2606Fjkdkf\n|j|\u2606dFUCK2GLISCORiMS\n|t:|1699575019\n|gametype|singles\n|player|p1|Fjkdkf|170|1000\n|player|p2|dFUCK2GLISCORiMS|ghetsis|1000\n|teamsize|p1|6\n|teamsize|p2|6\n|gen|9\n|tier|[Gen 9] National Dex\n|rated|\n|rule|HP Percentage Mod: HP is shown in percentages\n|rule|Endless Battle Clause: Forcing endless battles is banned\n|rule|OHKO Clause: OHKO moves are banned\n|rule|Evasion Clause: Evasion abilities, items, and moves are banned\n|rule|Evasion Abilities Clause: Evasion abilities are banned\n|rule|Evasion Items Clause: Evasion items are banned\n|rule|Evasion Moves Clause: Evasion moves are banned\n|rule|Species Clause: Limit one of each Pok\u00e9mon\n|rule|Sleep Clause Mod: Limit one foe put to sleep\n|clearpoke\n|poke|p1|Reuniclus, F|\n|poke|p1|Kommo-o, M|\n|poke|p1|Muk-Alola, M|\n|poke|p1|Latias, F|\n|poke|p1|Iron Treads|\n|poke|p1|Kyurem|\n|poke|p2|Salazzle, F|\n|poke|p2|Magnemite, L1|\n|poke|p2|Probopass, L2, M|\n|poke|p2|Mandibuzz, F|\n|poke|p2|Nosepass, L1, M|\n|poke|p2|Tentacruel, M|\n|teampreview\n|\n|t:|1699575032\n|start\n|switch|p1a: Muk|Muk-Alola, M|100\/100\n|switch|p2a: No Fun Allowed|Salazzle, F|100\/100\n|turn|1\n|\n|t:|1699575036\n|move|p2a: No Fun Allowed|Protect|p2a: No Fun Allowed\n|-singleturn|p2a: No Fun Allowed|Protect\n|move|p1a: Muk|Knock Off|p2a: No Fun Allowed\n|-activate|p2a: No Fun Allowed|move: Protect\n|\n|upkeep\n|turn|2\n|\n|t:|1699575045\n|move|p2a: No Fun Allowed|Substitute|p2a: No Fun Allowed\n|-start|p2a: No Fun Allowed|Substitute\n|-damage|p2a: No Fun Allowed|76\/100\n|move|p1a: Muk|Knock Off|p2a: No Fun Allowed\n|-end|p2a: No Fun Allowed|Substitute\n|\n|-heal|p2a: No Fun Allowed|82\/100|[from] item: Leftovers\n|upkeep\n|turn|3\n|\n|t:|1699575049\n|move|p2a: No Fun Allowed|Protect|p2a: No Fun Allowed\n|-singleturn|p2a: No Fun Allowed|Protect\n|move|p1a: Muk|Knock Off|p2a: No Fun Allowed\n|-activate|p2a: No Fun Allowed|move: Protect\n|\n|-heal|p2a: No Fun Allowed|88\/100|[from] item: Leftovers\n|upkeep\n|turn|4\n|\n|t:|1699575052\n|move|p2a: No Fun Allowed|Toxic|p1a: Muk\n|-status|p1a: Muk|tox\n|move|p1a: Muk|Knock Off|p2a: No Fun Allowed\n|-damage|p2a: No Fun Allowed|0 fnt\n|-enditem|p2a: No Fun Allowed|Leftovers|[from] move: Knock Off|[of] p1a: Muk\n|faint|p2a: No Fun Allowed\n|\n|-damage|p1a: Muk|94\/100 tox|[from] psn\n|upkeep\n|\n|t:|1699575058\n|switch|p2a: Level2\ufe0f\u20e3Level2\ufe0f\u20e3|Probopass, L2, M, shiny|100\/100\n|turn|5\n|\n|t:|1699575061\n|move|p1a: Muk|Knock Off|p2a: Level2\ufe0f\u20e3Level2\ufe0f\u20e3\n|-ability|p2a: Level2\ufe0f\u20e3Level2\ufe0f\u20e3|Sturdy\n|-damage|p2a: Level2\ufe0f\u20e3Level2\ufe0f\u20e3|8\/100\n|-enditem|p2a: Level2\ufe0f\u20e3Level2\ufe0f\u20e3|Berry Juice|[from] move: Knock Off|[of] p1a: Muk\n|move|p2a: Level2\ufe0f\u20e3Level2\ufe0f\u20e3|Pain Split|p1a: Muk\n|-sethp|p1a: Muk|48\/100 tox|[from] move: Pain Split|[silent]\n|-sethp|p2a: Level2\ufe0f\u20e3Level2\ufe0f\u20e3|100\/100|[from] move: Pain Split\n|\n|-damage|p1a: Muk|36\/100 tox|[from] psn\n|upkeep\n|turn|6\n|\n|t:|1699575069\n|move|p1a: Muk|Knock Off|p2a: Level2\ufe0f\u20e3Level2\ufe0f\u20e3\n|-ability|p2a: Level2\ufe0f\u20e3Level2\ufe0f\u20e3|Sturdy\n|-damage|p2a: Level2\ufe0f\u20e3Level2\ufe0f\u20e3|8\/100\n|move|p2a: Level2\ufe0f\u20e3Level2\ufe0f\u20e3|Pain Split|p1a: Muk\n|-sethp|p1a: Muk|18\/100 tox|[from] move: Pain Split|[silent]\n|-sethp|p2a: Level2\ufe0f\u20e3Level2\ufe0f\u20e3|100\/100|[from] move: Pain Split\n|\n|-damage|p1a: Muk|0 fnt|[from] psn\n|faint|p1a: Muk\n|upkeep\n|\n|t:|1699575076\n|switch|p1a: Latias|Latias, F|100\/100\n|turn|7\n|\n|t:|1699575090\n|detailschange|p1a: Latias|Latias-Mega, F\n|-mega|p1a: Latias|Latias|Latiasite\n|move|p2a: Level2\ufe0f\u20e3Level2\ufe0f\u20e3|Protect|p2a: Level2\ufe0f\u20e3Level2\ufe0f\u20e3\n|-singleturn|p2a: Level2\ufe0f\u20e3Level2\ufe0f\u20e3|Protect\n|move|p1a: Latias|Future Sight|p2a: Level2\ufe0f\u20e3Level2\ufe0f\u20e3\n|-start|p1a: Latias|move: Future Sight\n|\n|upkeep\n|turn|8\n|\n|t:|1699575096\n|move|p1a: Latias|Thunderbolt|p2a: Level2\ufe0f\u20e3Level2\ufe0f\u20e3\n|-ability|p2a: Level2\ufe0f\u20e3Level2\ufe0f\u20e3|Sturdy\n|-damage|p2a: Level2\ufe0f\u20e3Level2\ufe0f\u20e3|8\/100\n|move|p2a: Level2\ufe0f\u20e3Level2\ufe0f\u20e3|Pain Split|p1a: Latias\n|-sethp|p1a: Latias|50\/100|[from] move: Pain Split|[silent]\n|-sethp|p2a: Level2\ufe0f\u20e3Level2\ufe0f\u20e3|100\/100|[from] move: Pain Split\n|\n|upkeep\n|turn|9\n|\n|t:|1699575103\n|move|p1a: Latias|Recover|p1a: Latias\n|-heal|p1a: Latias|100\/100\n|move|p2a: Level2\ufe0f\u20e3Level2\ufe0f\u20e3|Pain Split|p1a: Latias\n|-sethp|p1a: Latias|52\/100|[from] move: Pain Split|[silent]\n|-sethp|p2a: Level2\ufe0f\u20e3Level2\ufe0f\u20e3|100\/100|[from] move: Pain Split\n|\n|-end|p2a: Level2\ufe0f\u20e3Level2\ufe0f\u20e3|move: Future Sight\n|-resisted|p2a: Level2\ufe0f\u20e3Level2\ufe0f\u20e3\n|-ability|p2a: Level2\ufe0f\u20e3Level2\ufe0f\u20e3|Sturdy\n|-damage|p2a: Level2\ufe0f\u20e3Level2\ufe0f\u20e3|8\/100\n|upkeep\n|turn|10\n|\n|t:|1699575107\n|move|p1a: Latias|Thunderbolt|p2a: Level2\ufe0f\u20e3Level2\ufe0f\u20e3\n|-damage|p2a: Level2\ufe0f\u20e3Level2\ufe0f\u20e3|0 fnt\n|faint|p2a: Level2\ufe0f\u20e3Level2\ufe0f\u20e3\n|\n|upkeep\n|\n|t:|1699575111\n|switch|p2a: Sh\ud83d\udca9tsquid|Tentacruel, M|100\/100\n|turn|11\n|\n|t:|1699575117\n|switch|p1a: Iron Treads|Iron Treads|100\/100\n|move|p2a: Sh\ud83d\udca9tsquid|Toxic|p1a: Iron Treads\n|-immune|p1a: Iron Treads\n|\n|upkeep\n|turn|12\n|\n|t:|1699575121\n|-terastallize|p2a: Sh\ud83d\udca9tsquid|Flying\n|move|p1a: Iron Treads|Stealth Rock|p2a: Sh\ud83d\udca9tsquid\n|-sidestart|p2: dFUCK2GLISCORiMS|move: Stealth Rock\n|move|p2a: Sh\ud83d\udca9tsquid|Scald|p1a: Iron Treads\n|-supereffective|p1a: Iron Treads\n|-damage|p1a: Iron Treads|29\/100\n|-status|p1a: Iron Treads|brn\n|\n|-heal|p1a: Iron Treads|36\/100 brn|[from] item: Leftovers\n|-damage|p1a: Iron Treads|29\/100 brn|[from] brn\n|upkeep\n|turn|13\n|\n|t:|1699575126\n|move|p1a: Iron Treads|Volt Switch|p2a: Sh\ud83d\udca9tsquid\n|-supereffective|p2a: Sh\ud83d\udca9tsquid\n|-damage|p2a: Sh\ud83d\udca9tsquid|82\/100\n|\n|t:|1699575130\n|-end|p1a: Iron Treads|Quark Drive|[silent]\n|switch|p1a: Kyurem|Kyurem|100\/100|[from] Volt Switch\n|-ability|p1a: Kyurem|Pressure\n|move|p2a: Sh\ud83d\udca9tsquid|Rapid Spin|p1a: Kyurem\n|-damage|p1a: Kyurem|94\/100\n|-boost|p2a: Sh\ud83d\udca9tsquid|spe|1\n|-sideend|p2: dFUCK2GLISCORiMS|Stealth Rock|[from] move: Rapid Spin|[of] p2a: Sh\ud83d\udca9tsquid\n|\n|-heal|p2a: Sh\ud83d\udca9tsquid|88\/100|[from] item: Leftovers\n|upkeep\n|turn|14\n|\n|t:|1699575137\n|move|p2a: Sh\ud83d\udca9tsquid|Toxic|p1a: Kyurem\n|-status|p1a: Kyurem|tox\n|move|p1a: Kyurem|Ice Beam|p2a: Sh\ud83d\udca9tsquid\n|-supereffective|p2a: Sh\ud83d\udca9tsquid\n|-damage|p2a: Sh\ud83d\udca9tsquid|9\/100\n|\n|-heal|p2a: Sh\ud83d\udca9tsquid|15\/100|[from] item: Leftovers\n|-damage|p1a: Kyurem|87\/100 tox|[from] psn\n|upkeep\n|turn|15\n|\n|t:|1699575145\n|switch|p2a: Literally Level 1|Magnemite, L1|100\/100\n|move|p1a: Kyurem|Ice Beam|p2a: Literally Level 1\n|-resisted|p2a: Literally Level 1\n|-ability|p2a: Literally Level 1|Sturdy\n|-damage|p2a: Literally Level 1|10\/100\n|-enditem|p2a: Literally Level 1|Berry Juice\n|-heal|p2a: Literally Level 1|100\/100|[from] item: Berry Juice\n|\n|-damage|p1a: Kyurem|75\/100 tox|[from] psn\n|upkeep\n|turn|16\n|\n|t:|1699575149\n|switch|p1a: Latias|Latias-Mega, F|52\/100\n|move|p2a: Literally Level 1|Recycle|p2a: Literally Level 1\n|-item|p2a: Literally Level 1|Berry Juice|[from] move: Recycle\n|\n|upkeep\n|turn|17\n|\n|t:|1699575151\n|move|p1a: Latias|Future Sight|p2a: Literally Level 1\n|-start|p1a: Latias|move: Future Sight\n|move|p2a: Literally Level 1|Toxic|p1a: Latias\n|-status|p1a: Latias|tox\n|\n|-damage|p1a: Latias|46\/100 tox|[from] psn\n|upkeep\n|turn|18\n|\n|t:|1699575156\n|move|p2a: Literally Level 1|Protect|p2a: Literally Level 1\n|-singleturn|p2a: Literally Level 1|Protect\n|move|p1a: Latias|Recover|p1a: Latias\n|-heal|p1a: Latias|96\/100 tox\n|\n|-damage|p1a: Latias|84\/100 tox|[from] psn\n|upkeep\n|turn|19\n|\n|t:|1699575159\n|move|p1a: Latias|Thunderbolt|p2a: Literally Level 1\n|-resisted|p2a: Literally Level 1\n|-ability|p2a: Literally Level 1|Sturdy\n|-damage|p2a: Literally Level 1|10\/100\n|-enditem|p2a: Literally Level 1|Berry Juice\n|-heal|p2a: Literally Level 1|100\/100|[from] item: Berry Juice\n|move|p2a: Literally Level 1|Recycle|p2a: Literally Level 1\n|-item|p2a: Literally Level 1|Berry Juice|[from] move: Recycle\n|\n|-end|p2a: Literally Level 1|move: Future Sight\n|-resisted|p2a: Literally Level 1\n|-ability|p2a: Literally Level 1|Sturdy\n|-damage|p2a: Literally Level 1|10\/100\n|-enditem|p2a: Literally Level 1|Berry Juice\n|-heal|p2a: Literally Level 1|100\/100|[from] item: Berry Juice\n|-damage|p1a: Latias|66\/100 tox|[from] psn\n|upkeep\n|turn|20\n|\n|t:|1699575169\n|move|p1a: Latias|Future Sight|p2a: Literally Level 1\n|-start|p1a: Latias|move: Future Sight\n|move|p2a: Literally Level 1|Recycle|p2a: Literally Level 1\n|-item|p2a: Literally Level 1|Berry Juice|[from] move: Recycle\n|\n|-damage|p1a: Latias|42\/100 tox|[from] psn\n|upkeep\n|turn|21\n|\n|t:|1699575177\n|move|p1a: Latias|Thunderbolt|p2a: Literally Level 1\n|-resisted|p2a: Literally Level 1\n|-ability|p2a: Literally Level 1|Sturdy\n|-damage|p2a: Literally Level 1|10\/100\n|-enditem|p2a: Literally Level 1|Berry Juice\n|-heal|p2a: Literally Level 1|100\/100|[from] item: Berry Juice\n|move|p2a: Literally Level 1|Toxic|p1a: Latias\n|-fail|p1a: Latias|tox\n|\n|-damage|p1a: Latias|12\/100 tox|[from] psn\n|upkeep\n|turn|22\n|\n|t:|1699575182\n|move|p1a: Latias|Thunderbolt|p2a: Literally Level 1\n|-resisted|p2a: Literally Level 1\n|-ability|p2a: Literally Level 1|Sturdy\n|-damage|p2a: Literally Level 1|10\/100\n|move|p2a: Literally Level 1|Recycle|p2a: Literally Level 1\n|-item|p2a: Literally Level 1|Berry Juice|[from] move: Recycle\n|-enditem|p2a: Literally Level 1|Berry Juice\n|-heal|p2a: Literally Level 1|100\/100|[from] item: Berry Juice\n|\n|-end|p2a: Literally Level 1|move: Future Sight\n|-resisted|p2a: Literally Level 1\n|-ability|p2a: Literally Level 1|Sturdy\n|-damage|p2a: Literally Level 1|10\/100\n|-damage|p1a: Latias|0 fnt|[from] psn\n|faint|p1a: Latias\n|upkeep\n|\n|t:|1699575192\n|switch|p1a: Iron Treads|Iron Treads|29\/100 brn\n|turn|23\n|\n|t:|1699575195\n|move|p2a: Literally Level 1|Magic Coat|p2a: Literally Level 1\n|-singleturn|p2a: Literally Level 1|move: Magic Coat\n|move|p1a: Iron Treads|Volt Switch|p2a: Literally Level 1\n|-resisted|p2a: Literally Level 1\n|-damage|p2a: Literally Level 1|0 fnt\n|faint|p2a: Literally Level 1\n|\n|t:|1699575202\n|-end|p1a: Iron Treads|Quark Drive|[silent]\n|switch|p1a: Kommo-o|Kommo-o, M|100\/100|[from] Volt Switch\n|\n|upkeep\n|\n|t:|1699575209\n|switch|p2a: Sh\ud83d\udca9tsquid|Tentacruel, M, tera:Flying|15\/100\n|turn|24\n|\n|t:|1699575214\n|move|p2a: Sh\ud83d\udca9tsquid|Toxic|p1a: Kommo-o\n|-status|p1a: Kommo-o|tox\n|move|p1a: Kommo-o|Toxic|p2a: Sh\ud83d\udca9tsquid|[miss]\n|-miss|p1a: Kommo-o|p2a: Sh\ud83d\udca9tsquid\n|\n|-heal|p2a: Sh\ud83d\udca9tsquid|21\/100|[from] item: Leftovers\n|-damage|p1a: Kommo-o|94\/100 tox|[from] psn\n|upkeep\n|turn|25\n|\n|t:|1699575228\n|move|p2a: Sh\ud83d\udca9tsquid|Knock Off|p1a: Kommo-o\n|-resisted|p1a: Kommo-o\n|-damage|p1a: Kommo-o|89\/100 tox\n|-enditem|p1a: Kommo-o|Leftovers|[from] move: Knock Off|[of] p2a: Sh\ud83d\udca9tsquid\n|move|p1a: Kommo-o|Toxic|p2a: Sh\ud83d\udca9tsquid\n|-status|p2a: Sh\ud83d\udca9tsquid|tox\n|\n|-heal|p2a: Sh\ud83d\udca9tsquid|27\/100 tox|[from] item: Leftovers\n|-damage|p2a: Sh\ud83d\udca9tsquid|21\/100 tox|[from] psn\n|-damage|p1a: Kommo-o|77\/100 tox|[from] psn\n|upkeep\n|turn|26\n|\n|t:|1699575240\n|move|p2a: Sh\ud83d\udca9tsquid|Scald|p1a: Kommo-o\n|-resisted|p1a: Kommo-o\n|-damage|p1a: Kommo-o|67\/100 tox\n|move|p1a: Kommo-o|Stealth Rock|p2a: Sh\ud83d\udca9tsquid\n|-sidestart|p2: dFUCK2GLISCORiMS|move: Stealth Rock\n|\n|-heal|p2a: Sh\ud83d\udca9tsquid|27\/100 tox|[from] item: Leftovers\n|-damage|p2a: Sh\ud83d\udca9tsquid|15\/100 tox|[from] psn\n|-damage|p1a: Kommo-o|48\/100 tox|[from] psn\n|upkeep\n|turn|27\n|\n|t:|1699575243\n|move|p2a: Sh\ud83d\udca9tsquid|Rapid Spin|p1a: Kommo-o\n|-damage|p1a: Kommo-o|43\/100 tox\n|-boost|p2a: Sh\ud83d\udca9tsquid|spe|1\n|-sideend|p2: dFUCK2GLISCORiMS|Stealth Rock|[from] move: Rapid Spin|[of] p2a: Sh\ud83d\udca9tsquid\n|move|p1a: Kommo-o|Stealth Rock|p2a: Sh\ud83d\udca9tsquid\n|-sidestart|p2: dFUCK2GLISCORiMS|move: Stealth Rock\n|\n|-heal|p2a: Sh\ud83d\udca9tsquid|21\/100 tox|[from] item: Leftovers\n|-damage|p2a: Sh\ud83d\udca9tsquid|3\/100 tox|[from] psn\n|-damage|p1a: Kommo-o|19\/100 tox|[from] psn\n|upkeep\n|turn|28\n|\n|t:|1699575255\n|move|p2a: Sh\ud83d\udca9tsquid|Rapid Spin|p1a: Kommo-o\n|-damage|p1a: Kommo-o|14\/100 tox\n|-boost|p2a: Sh\ud83d\udca9tsquid|spe|1\n|-sideend|p2: dFUCK2GLISCORiMS|Stealth Rock|[from] move: Rapid Spin|[of] p2a: Sh\ud83d\udca9tsquid\n|move|p1a: Kommo-o|Stealth Rock|p2a: Sh\ud83d\udca9tsquid\n|-sidestart|p2: dFUCK2GLISCORiMS|move: Stealth Rock\n|\n|-heal|p2a: Sh\ud83d\udca9tsquid|9\/100 tox|[from] item: Leftovers\n|-damage|p2a: Sh\ud83d\udca9tsquid|0 fnt|[from] psn\n|faint|p2a: Sh\ud83d\udca9tsquid\n|-damage|p1a: Kommo-o|0 fnt|[from] psn\n|faint|p1a: Kommo-o\n|upkeep\n|\n|t:|1699575259\n|switch|p2a: Sh\ud83d\udca9tbird|Mandibuzz, F|100\/100\n|switch|p1a: Kyurem|Kyurem|75\/100 tox\n|-ability|p1a: Kyurem|Pressure\n|turn|29\n|\n|t:|1699575262\n|move|p1a: Kyurem|Ice Beam|p2a: Sh\ud83d\udca9tbird\n|-supereffective|p2a: Sh\ud83d\udca9tbird\n|-damage|p2a: Sh\ud83d\udca9tbird|22\/100\n|move|p2a: Sh\ud83d\udca9tbird|Defog|p1a: Kyurem\n|-unboost|p1a: Kyurem|evasion|1\n|-sideend|p2: dFUCK2GLISCORiMS|Stealth Rock|[from] move: Defog|[of] p2a: Sh\ud83d\udca9tbird\n|\n|-damage|p1a: Kyurem|69\/100 tox|[from] psn\n|upkeep\n|turn|30\n|\n|t:|1699575278\n|switch|p2a: Click the \u274c|Nosepass, L1, M, shiny|100\/100\n|move|p1a: Kyurem|Ice Beam|p2a: Click the \u274c\n|-ability|p2a: Click the \u274c|Sturdy\n|-damage|p2a: Click the \u274c|10\/100\n|-enditem|p2a: Click the \u274c|Berry Juice\n|-heal|p2a: Click the \u274c|100\/100|[from] item: Berry Juice\n|\n|-damage|p1a: Kyurem|57\/100 tox|[from] psn\n|upkeep\n|turn|31\n|\n|t:|1699575285\n|switch|p1a: Reuniclus|Reuniclus, F|100\/100\n|move|p2a: Click the \u274c|Pain Split|p1a: Reuniclus\n|-sethp|p1a: Reuniclus|52\/100|[from] move: Pain Split|[silent]\n|-sethp|p2a: Click the \u274c|100\/100|[from] move: Pain Split\n|\n|-heal|p1a: Reuniclus|58\/100|[from] item: Leftovers\n|upkeep\n|turn|32\n|\n|t:|1699575292\n|switch|p2a: Sh\ud83d\udca9tbird|Mandibuzz, F|22\/100\n|move|p1a: Reuniclus|Calm Mind|p1a: Reuniclus\n|-boost|p1a: Reuniclus|spa|1\n|-boost|p1a: Reuniclus|spd|1\n|\n|-heal|p1a: Reuniclus|64\/100|[from] item: Leftovers\n|upkeep\n|turn|33\n|\n|t:|1699575296\n|move|p2a: Sh\ud83d\udca9tbird|Toxic|p1a: Reuniclus\n|-status|p1a: Reuniclus|tox\n|move|p1a: Reuniclus|Calm Mind|p1a: Reuniclus\n|-boost|p1a: Reuniclus|spa|1\n|-boost|p1a: Reuniclus|spd|1\n|\n|-heal|p1a: Reuniclus|70\/100 tox|[from] item: Leftovers\n|upkeep\n|turn|34\n|\n|t:|1699575300\n|move|p2a: Sh\ud83d\udca9tbird|Roost|p2a: Sh\ud83d\udca9tbird\n|-heal|p2a: Sh\ud83d\udca9tbird|72\/100\n|-singleturn|p2a: Sh\ud83d\udca9tbird|move: Roost\n|move|p1a: Reuniclus|Calm Mind|p1a: Reuniclus\n|-boost|p1a: Reuniclus|spa|1\n|-boost|p1a: Reuniclus|spd|1\n|\n|-heal|p1a: Reuniclus|76\/100 tox|[from] item: Leftovers\n|upkeep\n|turn|35\n|\n|t:|1699575304\n|switch|p2a: Click the \u274c|Nosepass, L1, M, shiny|100\/100\n|move|p1a: Reuniclus|Acid Armor|p1a: Reuniclus\n|-boost|p1a: Reuniclus|def|2\n|\n|-heal|p1a: Reuniclus|82\/100 tox|[from] item: Leftovers\n|upkeep\n|turn|36\n|\n|t:|1699575309\n|move|p2a: Click the \u274c|Protect|p2a: Click the \u274c\n|-singleturn|p2a: Click the \u274c|Protect\n|move|p1a: Reuniclus|Calm Mind|p1a: Reuniclus\n|-boost|p1a: Reuniclus|spa|1\n|-boost|p1a: Reuniclus|spd|1\n|\n|-heal|p1a: Reuniclus|89\/100 tox|[from] item: Leftovers\n|upkeep\n|turn|37\n|\n|t:|1699575313\n|move|p1a: Reuniclus|Calm Mind|p1a: Reuniclus\n|-boost|p1a: Reuniclus|spa|1\n|-boost|p1a: Reuniclus|spd|1\n|move|p2a: Click the \u274c|Pain Split|p1a: Reuniclus\n|-sethp|p1a: Reuniclus|46\/100 tox|[from] move: Pain Split|[silent]\n|-sethp|p2a: Click the \u274c|100\/100|[from] move: Pain Split\n|\n|-heal|p1a: Reuniclus|52\/100 tox|[from] item: Leftovers\n|upkeep\n|turn|38\n|\n|t:|1699575318\n|move|p1a: Reuniclus|Calm Mind|p1a: Reuniclus\n|-boost|p1a: Reuniclus|spa|1\n|-boost|p1a: Reuniclus|spd|1\n|move|p2a: Click the \u274c|Pain Split|p1a: Reuniclus\n|-sethp|p1a: Reuniclus|28\/100 tox|[from] move: Pain Split|[silent]\n|-sethp|p2a: Click the \u274c|100\/100|[from] move: Pain Split\n|\n|-heal|p1a: Reuniclus|34\/100 tox|[from] item: Leftovers\n|upkeep\n|turn|39\n|\n|t:|1699575324\n|move|p1a: Reuniclus|Calm Mind|p1a: Reuniclus\n|-boost|p1a: Reuniclus|spa|0\n|-boost|p1a: Reuniclus|spd|0\n|move|p2a: Click the \u274c|Pain Split|p1a: Reuniclus\n|-sethp|p1a: Reuniclus|18\/100 tox|[from] move: Pain Split|[silent]\n|-sethp|p2a: Click the \u274c|100\/100|[from] move: Pain Split\n|\n|-heal|p1a: Reuniclus|24\/100 tox|[from] item: Leftovers\n|upkeep\n|turn|40\n|\n|t:|1699575330\n|move|p1a: Reuniclus|Calm Mind|p1a: Reuniclus\n|-boost|p1a: Reuniclus|spa|0\n|-boost|p1a: Reuniclus|spd|0\n|move|p2a: Click the \u274c|Pain Split|p1a: Reuniclus\n|-sethp|p1a: Reuniclus|14\/100 tox|[from] move: Pain Split|[silent]\n|-sethp|p2a: Click the \u274c|100\/100|[from] move: Pain Split\n|\n|-heal|p1a: Reuniclus|20\/100 tox|[from] item: Leftovers\n|upkeep\n|turn|41\n|\n|t:|1699575335\n|move|p1a: Reuniclus|Calm Mind|p1a: Reuniclus\n|-boost|p1a: Reuniclus|spa|0\n|-boost|p1a: Reuniclus|spd|0\n|move|p2a: Click the \u274c|Pain Split|p1a: Reuniclus\n|-sethp|p1a: Reuniclus|11\/100 tox|[from] move: Pain Split|[silent]\n|-sethp|p2a: Click the \u274c|100\/100|[from] move: Pain Split\n|\n|-heal|p1a: Reuniclus|18\/100 tox|[from] item: Leftovers\n|upkeep\n|turn|42\n|\n|t:|1699575338\n|move|p1a: Reuniclus|Calm Mind|p1a: Reuniclus\n|-boost|p1a: Reuniclus|spa|0\n|-boost|p1a: Reuniclus|spd|0\n|move|p2a: Click the \u274c|Pain Split|p1a: Reuniclus\n|-sethp|p1a: Reuniclus|10\/100 tox|[from] move: Pain Split|[silent]\n|-sethp|p2a: Click the \u274c|100\/100|[from] move: Pain Split\n|\n|-heal|p1a: Reuniclus|16\/100 tox|[from] item: Leftovers\n|upkeep\n|turn|43\n|\n|t:|1699575342\n|move|p1a: Reuniclus|Calm Mind|p1a: Reuniclus\n|-boost|p1a: Reuniclus|spa|0\n|-boost|p1a: Reuniclus|spd|0\n|move|p2a: Click the \u274c|Pain Split|p1a: Reuniclus\n|-sethp|p1a: Reuniclus|10\/100 tox|[from] move: Pain Split|[silent]\n|-sethp|p2a: Click the \u274c|100\/100|[from] move: Pain Split\n|\n|-heal|p1a: Reuniclus|16\/100 tox|[from] item: Leftovers\n|upkeep\n|turn|44\n|\n|t:|1699575344\n|switch|p2a: Sh\ud83d\udca9tbird|Mandibuzz, F|72\/100\n|move|p1a: Reuniclus|Calm Mind|p1a: Reuniclus\n|-boost|p1a: Reuniclus|spa|0\n|-boost|p1a: Reuniclus|spd|0\n|\n|-heal|p1a: Reuniclus|22\/100 tox|[from] item: Leftovers\n|upkeep\n|turn|45\n|\n|t:|1699575348\n|move|p2a: Sh\ud83d\udca9tbird|Foul Play|p1a: Reuniclus\n|-supereffective|p1a: Reuniclus\n|-damage|p1a: Reuniclus|7\/100 tox\n|move|p1a: Reuniclus|Acid Armor|p1a: Reuniclus\n|-boost|p1a: Reuniclus|def|2\n|\n|-heal|p1a: Reuniclus|14\/100 tox|[from] item: Leftovers\n|upkeep\n|turn|46\n|\n|t:|1699575352\n|move|p2a: Sh\ud83d\udca9tbird|Foul Play|p1a: Reuniclus\n|-supereffective|p1a: Reuniclus\n|-damage|p1a: Reuniclus|3\/100 tox\n|move|p1a: Reuniclus|Recover|p1a: Reuniclus\n|-heal|p1a: Reuniclus|53\/100 tox\n|\n|-heal|p1a: Reuniclus|59\/100 tox|[from] item: Leftovers\n|upkeep\n|turn|47\n|\n|t:|1699575360\n|move|p2a: Sh\ud83d\udca9tbird|Roost|p2a: Sh\ud83d\udca9tbird\n|-heal|p2a: Sh\ud83d\udca9tbird|100\/100\n|-singleturn|p2a: Sh\ud83d\udca9tbird|move: Roost\n|move|p1a: Reuniclus|Acid Armor|p1a: Reuniclus\n|-boost|p1a: Reuniclus|def|2\n|\n|-heal|p1a: Reuniclus|65\/100 tox|[from] item: Leftovers\n|upkeep\n|turn|48\n|c|\u2606dFUCK2GLISCORiMS|lol\n|\n|t:|1699575367\n|move|p2a: Sh\ud83d\udca9tbird|Foul Play|p1a: Reuniclus\n|-supereffective|p1a: Reuniclus\n|-damage|p1a: Reuniclus|58\/100 tox\n|move|p1a: Reuniclus|Calm Mind|p1a: Reuniclus\n|-boost|p1a: Reuniclus|spa|0\n|-boost|p1a: Reuniclus|spd|0\n|\n|-heal|p1a: Reuniclus|64\/100 tox|[from] item: Leftovers\n|upkeep\n|turn|49\n|\n|t:|1699575372\n|move|p2a: Sh\ud83d\udca9tbird|Foul Play|p1a: Reuniclus\n|-supereffective|p1a: Reuniclus\n|-damage|p1a: Reuniclus|56\/100 tox\n|move|p1a: Reuniclus|Acid Armor|p1a: Reuniclus\n|-boost|p1a: Reuniclus|def|0\n|\n|-heal|p1a: Reuniclus|63\/100 tox|[from] item: Leftovers\n|upkeep\n|turn|50\n|inactive|Battle timer is ON: inactive players will automatically lose when time's up. (requested by dFUCK2GLISCORiMS)\n|\n|t:|1699575376\n|move|p2a: Sh\ud83d\udca9tbird|Foul Play|p1a: Reuniclus\n|-supereffective|p1a: Reuniclus\n|-damage|p1a: Reuniclus|55\/100 tox\n|move|p1a: Reuniclus|Acid Armor|p1a: Reuniclus\n|-boost|p1a: Reuniclus|def|0\n|\n|-heal|p1a: Reuniclus|61\/100 tox|[from] item: Leftovers\n|upkeep\n|turn|51\n|\n|t:|1699575393\n|move|p2a: Sh\ud83d\udca9tbird|Foul Play|p1a: Reuniclus\n|-supereffective|p1a: Reuniclus\n|-damage|p1a: Reuniclus|54\/100 tox\n|move|p1a: Reuniclus|Acid Armor|p1a: Reuniclus\n|-boost|p1a: Reuniclus|def|0\n|\n|-heal|p1a: Reuniclus|60\/100 tox|[from] item: Leftovers\n|upkeep\n|turn|52\n|\n|t:|1699575397\n|move|p2a: Sh\ud83d\udca9tbird|Toxic|p1a: Reuniclus\n|-fail|p1a: Reuniclus|tox\n|move|p1a: Reuniclus|Acid Armor|p1a: Reuniclus\n|-boost|p1a: Reuniclus|def|0\n|\n|-heal|p1a: Reuniclus|66\/100 tox|[from] item: Leftovers\n|upkeep\n|turn|53\n|\n|t:|1699575400\n|move|p2a: Sh\ud83d\udca9tbird|Toxic|p1a: Reuniclus\n|-fail|p1a: Reuniclus|tox\n|move|p1a: Reuniclus|Acid Armor|p1a: Reuniclus\n|-boost|p1a: Reuniclus|def|0\n|\n|-heal|p1a: Reuniclus|72\/100 tox|[from] item: Leftovers\n|upkeep\n|turn|54\n|\n|t:|1699575402\n|move|p2a: Sh\ud83d\udca9tbird|Foul Play|p1a: Reuniclus\n|-supereffective|p1a: Reuniclus\n|-damage|p1a: Reuniclus|64\/100 tox\n|move|p1a: Reuniclus|Acid Armor|p1a: Reuniclus\n|-boost|p1a: Reuniclus|def|0\n|\n|-heal|p1a: Reuniclus|71\/100 tox|[from] item: Leftovers\n|upkeep\n|turn|55\n|\n|t:|1699575406\n|move|p2a: Sh\ud83d\udca9tbird|Toxic|p1a: Reuniclus\n|-fail|p1a: Reuniclus|tox\n|move|p1a: Reuniclus|Acid Armor|p1a: Reuniclus\n|-boost|p1a: Reuniclus|def|0\n|\n|-heal|p1a: Reuniclus|77\/100 tox|[from] item: Leftovers\n|upkeep\n|turn|56\n|\n|t:|1699575410\n|move|p2a: Sh\ud83d\udca9tbird|Defog|p1a: Reuniclus\n|-unboost|p1a: Reuniclus|evasion|1\n|move|p1a: Reuniclus|Acid Armor|p1a: Reuniclus\n|-boost|p1a: Reuniclus|def|0\n|\n|-heal|p1a: Reuniclus|83\/100 tox|[from] item: Leftovers\n|upkeep\n|turn|57\n|\n|t:|1699575412\n|move|p2a: Sh\ud83d\udca9tbird|Defog|p1a: Reuniclus\n|-unboost|p1a: Reuniclus|evasion|1\n|move|p1a: Reuniclus|Acid Armor|p1a: Reuniclus\n|-boost|p1a: Reuniclus|def|0\n|\n|-heal|p1a: Reuniclus|89\/100 tox|[from] item: Leftovers\n|upkeep\n|turn|58\n|\n|t:|1699575414\n|move|p2a: Sh\ud83d\udca9tbird|Defog|p1a: Reuniclus\n|-unboost|p1a: Reuniclus|evasion|1\n|move|p1a: Reuniclus|Acid Armor|p1a: Reuniclus\n|-boost|p1a: Reuniclus|def|0\n|\n|-heal|p1a: Reuniclus|95\/100 tox|[from] item: Leftovers\n|upkeep\n|turn|59\n|\n|t:|1699575418\n|switch|p1a: Kyurem|Kyurem|57\/100 tox\n|-ability|p1a: Kyurem|Pressure\n|move|p2a: Sh\ud83d\udca9tbird|Foul Play|p1a: Kyurem\n|-damage|p1a: Kyurem|25\/100 tox\n|\n|-damage|p1a: Kyurem|19\/100 tox|[from] psn\n|upkeep\n|turn|60\n|\n|t:|1699575427\n|move|p1a: Kyurem|Roost|p1a: Kyurem\n|-heal|p1a: Kyurem|69\/100 tox\n|-singleturn|p1a: Kyurem|move: Roost\n|move|p2a: Sh\ud83d\udca9tbird|Foul Play|p1a: Kyurem\n|-damage|p1a: Kyurem|40\/100 tox\n|\n|-damage|p1a: Kyurem|28\/100 tox|[from] psn\n|upkeep\n|turn|61\n|\n|t:|1699575433\n|move|p1a: Kyurem|Ice Beam|p2a: Sh\ud83d\udca9tbird\n|-supereffective|p2a: Sh\ud83d\udca9tbird\n|-damage|p2a: Sh\ud83d\udca9tbird|25\/100\n|-status|p2a: Sh\ud83d\udca9tbird|frz\n|-curestatus|p2a: Sh\ud83d\udca9tbird|frz|[msg]\n|move|p2a: Sh\ud83d\udca9tbird|Foul Play|p1a: Kyurem\n|-damage|p1a: Kyurem|0 fnt\n|faint|p1a: Kyurem\n|\n|upkeep\n|\n|t:|1699575436\n|switch|p1a: Iron Treads|Iron Treads|29\/100 brn\n|turn|62\n|\n|t:|1699575440\n|move|p1a: Iron Treads|Volt Switch|p2a: Sh\ud83d\udca9tbird\n|-supereffective|p2a: Sh\ud83d\udca9tbird\n|-damage|p2a: Sh\ud83d\udca9tbird|5\/100\n|\n|t:|1699575444\n|-end|p1a: Iron Treads|Quark Drive|[silent]\n|switch|p1a: Reuniclus|Reuniclus, F|95\/100 tox|[from] Volt Switch\n|move|p2a: Sh\ud83d\udca9tbird|Roost|p2a: Sh\ud83d\udca9tbird\n|-heal|p2a: Sh\ud83d\udca9tbird|55\/100\n|-singleturn|p2a: Sh\ud83d\udca9tbird|move: Roost\n|\n|-heal|p1a: Reuniclus|100\/100 tox|[from] item: Leftovers\n|upkeep\n|turn|63\n|\n|t:|1699575449\n|move|p2a: Sh\ud83d\udca9tbird|Foul Play|p1a: Reuniclus\n|-supereffective|p1a: Reuniclus\n|-damage|p1a: Reuniclus|70\/100 tox\n|move|p1a: Reuniclus|Acid Armor|p1a: Reuniclus\n|-boost|p1a: Reuniclus|def|2\n|\n|-heal|p1a: Reuniclus|76\/100 tox|[from] item: Leftovers\n|upkeep\n|turn|64\n|\n|t:|1699575452\n|move|p2a: Sh\ud83d\udca9tbird|Roost|p2a: Sh\ud83d\udca9tbird\n|-heal|p2a: Sh\ud83d\udca9tbird|100\/100\n|-singleturn|p2a: Sh\ud83d\udca9tbird|move: Roost\n|move|p1a: Reuniclus|Acid Armor|p1a: Reuniclus\n|-boost|p1a: Reuniclus|def|2\n|\n|-heal|p1a: Reuniclus|82\/100 tox|[from] item: Leftovers\n|upkeep\n|turn|65\n|\n|t:|1699575455\n|move|p2a: Sh\ud83d\udca9tbird|Defog|p1a: Reuniclus\n|-unboost|p1a: Reuniclus|evasion|1\n|move|p1a: Reuniclus|Acid Armor|p1a: Reuniclus\n|-boost|p1a: Reuniclus|def|2\n|\n|-heal|p1a: Reuniclus|89\/100 tox|[from] item: Leftovers\n|upkeep\n|turn|66\n|\n|t:|1699575458\n|move|p2a: Sh\ud83d\udca9tbird|Defog|p1a: Reuniclus\n|-unboost|p1a: Reuniclus|evasion|1\n|move|p1a: Reuniclus|Calm Mind|p1a: Reuniclus\n|-boost|p1a: Reuniclus|spa|1\n|-boost|p1a: Reuniclus|spd|1\n|\n|-heal|p1a: Reuniclus|95\/100 tox|[from] item: Leftovers\n|upkeep\n|turn|67\n|\n|t:|1699575462\n|move|p2a: Sh\ud83d\udca9tbird|Defog|p1a: Reuniclus\n|-unboost|p1a: Reuniclus|evasion|1\n|move|p1a: Reuniclus|Calm Mind|p1a: Reuniclus\n|-boost|p1a: Reuniclus|spa|1\n|-boost|p1a: Reuniclus|spd|1\n|\n|-heal|p1a: Reuniclus|100\/100 tox|[from] item: Leftovers\n|upkeep\n|turn|68\n|\n|t:|1699575464\n|move|p2a: Sh\ud83d\udca9tbird|Defog|p1a: Reuniclus\n|-unboost|p1a: Reuniclus|evasion|1\n|move|p1a: Reuniclus|Calm Mind|p1a: Reuniclus\n|-boost|p1a: Reuniclus|spa|1\n|-boost|p1a: Reuniclus|spd|1\n|\n|upkeep\n|turn|69\n|\n|t:|1699575466\n|move|p2a: Sh\ud83d\udca9tbird|Defog|p1a: Reuniclus\n|-unboost|p1a: Reuniclus|evasion|1\n|move|p1a: Reuniclus|Calm Mind|p1a: Reuniclus\n|-boost|p1a: Reuniclus|spa|1\n|-boost|p1a: Reuniclus|spd|1\n|\n|upkeep\n|turn|70\n|\n|t:|1699575469\n|move|p2a: Sh\ud83d\udca9tbird|Defog|p1a: Reuniclus\n|-unboost|p1a: Reuniclus|evasion|1\n|move|p1a: Reuniclus|Calm Mind|p1a: Reuniclus\n|-boost|p1a: Reuniclus|spa|1\n|-boost|p1a: Reuniclus|spd|1\n|\n|upkeep\n|turn|71\n|\n|t:|1699575471\n|move|p2a: Sh\ud83d\udca9tbird|Defog||[still]\n|-unboost|p1a: Reuniclus|evasion|0\n|-fail|p2a: Sh\ud83d\udca9tbird\n|move|p1a: Reuniclus|Calm Mind|p1a: Reuniclus\n|-boost|p1a: Reuniclus|spa|1\n|-boost|p1a: Reuniclus|spd|1\n|\n|upkeep\n|turn|72\n|\n|t:|1699575475\n|move|p2a: Sh\ud83d\udca9tbird|Defog||[still]\n|-unboost|p1a: Reuniclus|evasion|0\n|-fail|p2a: Sh\ud83d\udca9tbird\n|move|p1a: Reuniclus|Calm Mind|p1a: Reuniclus\n|-boost|p1a: Reuniclus|spa|0\n|-boost|p1a: Reuniclus|spd|0\n|\n|upkeep\n|turn|73\n|\n|t:|1699575479\n|switch|p2a: Click the \u274c|Nosepass, L1, M, shiny|100\/100\n|move|p1a: Reuniclus|Calm Mind|p1a: Reuniclus\n|-boost|p1a: Reuniclus|spa|0\n|-boost|p1a: Reuniclus|spd|0\n|\n|upkeep\n|turn|74\n|\n|t:|1699575482\n|move|p2a: Click the \u274c|Protect|p2a: Click the \u274c\n|-singleturn|p2a: Click the \u274c|Protect\n|move|p1a: Reuniclus|Calm Mind|p1a: Reuniclus\n|-boost|p1a: Reuniclus|spa|0\n|-boost|p1a: Reuniclus|spd|0\n|\n|upkeep\n|turn|75\n|\n|t:|1699575486\n|move|p2a: Click the \u274c|Protect||[still]\n|-fail|p2a: Click the \u274c\n|move|p1a: Reuniclus|Stored Power|p2a: Click the \u274c\n|-ability|p2a: Click the \u274c|Sturdy\n|-damage|p2a: Click the \u274c|10\/100\n|\n|upkeep\n|turn|76\n|\n|t:|1699575489\n|move|p2a: Click the \u274c|Protect|p2a: Click the \u274c\n|-singleturn|p2a: Click the \u274c|Protect\n|move|p1a: Reuniclus|Stored Power|p2a: Click the \u274c\n|-activate|p2a: Click the \u274c|move: Protect\n|\n|upkeep\n|turn|77\n|\n|t:|1699575491\n|switch|p2a: Sh\ud83d\udca9tbird|Mandibuzz, F|100\/100\n|move|p1a: Reuniclus|Calm Mind|p1a: Reuniclus\n|-boost|p1a: Reuniclus|spa|0\n|-boost|p1a: Reuniclus|spd|0\n|\n|upkeep\n|turn|78\n|\n|t:|1699575493\n|move|p2a: Sh\ud83d\udca9tbird|Defog||[still]\n|-unboost|p1a: Reuniclus|evasion|0\n|-fail|p2a: Sh\ud83d\udca9tbird\n|move|p1a: Reuniclus|Calm Mind|p1a: Reuniclus\n|-boost|p1a: Reuniclus|spa|0\n|-boost|p1a: Reuniclus|spd|0\n|\n|upkeep\n|turn|79\n|\n|t:|1699575496\n|switch|p2a: Click the \u274c|Nosepass, L1, M, shiny|10\/100\n|move|p1a: Reuniclus|Calm Mind|p1a: Reuniclus\n|-boost|p1a: Reuniclus|spa|0\n|-boost|p1a: Reuniclus|spd|0\n|\n|upkeep\n|turn|80\n|\n|t:|1699575498\n|move|p2a: Click the \u274c|Protect|p2a: Click the \u274c\n|-singleturn|p2a: Click the \u274c|Protect\n|move|p1a: Reuniclus|Calm Mind|p1a: Reuniclus\n|-boost|p1a: Reuniclus|spa|0\n|-boost|p1a: Reuniclus|spd|0\n|\n|upkeep\n|turn|81\n|\n|t:|1699575504\n|switch|p2a: Sh\ud83d\udca9tbird|Mandibuzz, F|100\/100\n|move|p1a: Reuniclus|Calm Mind|p1a: Reuniclus\n|-boost|p1a: Reuniclus|spa|0\n|-boost|p1a: Reuniclus|spd|0\n|\n|upkeep\n|turn|82\n|\n|t:|1699575507\n|move|p2a: Sh\ud83d\udca9tbird|Defog||[still]\n|-unboost|p1a: Reuniclus|evasion|0\n|-fail|p2a: Sh\ud83d\udca9tbird\n|move|p1a: Reuniclus|Calm Mind|p1a: Reuniclus\n|-boost|p1a: Reuniclus|spa|0\n|-boost|p1a: Reuniclus|spd|0\n|\n|upkeep\n|turn|83\n|\n|t:|1699575512\n|move|p2a: Sh\ud83d\udca9tbird|Defog||[still]\n|-unboost|p1a: Reuniclus|evasion|0\n|-fail|p2a: Sh\ud83d\udca9tbird\n|move|p1a: Reuniclus|Calm Mind|p1a: Reuniclus\n|-boost|p1a: Reuniclus|spa|0\n|-boost|p1a: Reuniclus|spd|0\n|\n|upkeep\n|turn|84\n|\n|t:|1699575514\n|switch|p2a: Click the \u274c|Nosepass, L1, M, shiny|10\/100\n|move|p1a: Reuniclus|Calm Mind|p1a: Reuniclus\n|-boost|p1a: Reuniclus|spa|0\n|-boost|p1a: Reuniclus|spd|0\n|\n|upkeep\n|turn|85\n|\n|t:|1699575516\n|move|p1a: Reuniclus|Calm Mind|p1a: Reuniclus\n|-boost|p1a: Reuniclus|spa|0\n|-boost|p1a: Reuniclus|spd|0\n|move|p2a: Click the \u274c|Pain Split|p1a: Reuniclus\n|-sethp|p1a: Reuniclus|50\/100 tox|[from] move: Pain Split|[silent]\n|-sethp|p2a: Click the \u274c|100\/100|[from] move: Pain Split\n|\n|-heal|p1a: Reuniclus|57\/100 tox|[from] item: Leftovers\n|upkeep\n|turn|86\n|\n|t:|1699575520\n|move|p1a: Reuniclus|Calm Mind|p1a: Reuniclus\n|-boost|p1a: Reuniclus|spa|0\n|-boost|p1a: Reuniclus|spd|0\n|move|p2a: Click the \u274c|Pain Split|p1a: Reuniclus\n|-sethp|p1a: Reuniclus|30\/100 tox|[from] move: Pain Split|[silent]\n|-sethp|p2a: Click the \u274c|100\/100|[from] move: Pain Split\n|\n|-heal|p1a: Reuniclus|36\/100 tox|[from] item: Leftovers\n|upkeep\n|turn|87\n|\n|t:|1699575525\n|move|p1a: Reuniclus|Acid Armor|p1a: Reuniclus\n|-boost|p1a: Reuniclus|def|0\n|move|p2a: Click the \u274c|Pain Split|p1a: Reuniclus\n|-sethp|p1a: Reuniclus|19\/100 tox|[from] move: Pain Split|[silent]\n|-sethp|p2a: Click the \u274c|100\/100|[from] move: Pain Split\n|\n|-heal|p1a: Reuniclus|26\/100 tox|[from] item: Leftovers\n|upkeep\n|turn|88\n|\n|t:|1699575527\n|move|p2a: Click the \u274c|Protect|p2a: Click the \u274c\n|-singleturn|p2a: Click the \u274c|Protect\n|move|p1a: Reuniclus|Acid Armor|p1a: Reuniclus\n|-boost|p1a: Reuniclus|def|0\n|\n|-heal|p1a: Reuniclus|32\/100 tox|[from] item: Leftovers\n|upkeep\n|turn|89\n|\n|t:|1699575529\n|move|p1a: Reuniclus|Acid Armor|p1a: Reuniclus\n|-boost|p1a: Reuniclus|def|0\n|move|p2a: Click the \u274c|Pain Split|p1a: Reuniclus\n|-sethp|p1a: Reuniclus|17\/100 tox|[from] move: Pain Split|[silent]\n|-sethp|p2a: Click the \u274c|100\/100|[from] move: Pain Split\n|\n|-heal|p1a: Reuniclus|23\/100 tox|[from] item: Leftovers\n|upkeep\n|turn|90\n|\n|t:|1699575532\n|move|p2a: Click the \u274c|Magic Coat|p2a: Click the \u274c\n|-singleturn|p2a: Click the \u274c|move: Magic Coat\n|move|p1a: Reuniclus|Acid Armor|p1a: Reuniclus\n|-boost|p1a: Reuniclus|def|0\n|\n|-heal|p1a: Reuniclus|30\/100 tox|[from] item: Leftovers\n|upkeep\n|turn|91\n|\n|t:|1699575534\n|move|p1a: Reuniclus|Acid Armor|p1a: Reuniclus\n|-boost|p1a: Reuniclus|def|0\n|move|p2a: Click the \u274c|Pain Split|p1a: Reuniclus\n|-sethp|p1a: Reuniclus|16\/100 tox|[from] move: Pain Split|[silent]\n|-sethp|p2a: Click the \u274c|100\/100|[from] move: Pain Split\n|\n|-heal|p1a: Reuniclus|23\/100 tox|[from] item: Leftovers\n|upkeep\n|turn|92\n|-message|Fjkdkf forfeited.\n|\n|win|dFUCK2GLISCORiMS\n|raw|Fjkdkf's rating: 1000 &rarr; <strong>1000<\/strong><br \/>(+0 for losing)\n|raw|dFUCK2GLISCORiMS's rating: 1000 &rarr; <strong>1040<\/strong><br \/>(+40 for winning)\n|l|\u2606Fjkdkf\n","uploadtime":1699575540,"views":7,"p1id":"fjkdkf","p2id":"dfuck2gliscorims","formatid":"gen9nationaldex","rating":1000,"private":0,"password":""}