{"id":"gen9nationaldex-1996001195","p1":"TyrAlexander","p2":"terrysalt","format":"[Gen 9] National Dex","log":"|html|<div class=\"broadcast-blue\"><strong>[Gen 9] National Dex is currently suspecting Sneasler! For information on how to participate check out the <a href=\"https:\/\/www.smogon.com\/forums\/threads\/sv-national-dex-suspect-8-just-dance.3731534\/\">suspect thread<\/a>.<\/strong><\/div>\n|j|\u2606TyrAlexander\n|j|\u2606terrysalt\n|t:|1700627618\n|gametype|singles\n|player|p1|TyrAlexander|101|\n|player|p2|terrysalt|265|\n|teamsize|p1|6\n|teamsize|p2|6\n|gen|9\n|tier|[Gen 9] National Dex\n|rule|HP Percentage Mod: HP is shown in percentages\n|rule|Endless Battle Clause: Forcing endless battles is banned\n|rule|OHKO Clause: OHKO moves are banned\n|rule|Evasion Clause: Evasion abilities, items, and moves are banned\n|rule|Evasion Abilities Clause: Evasion abilities are banned\n|rule|Evasion Items Clause: Evasion items are banned\n|rule|Evasion Moves Clause: Evasion moves are banned\n|rule|Species Clause: Limit one of each Pok\u00e9mon\n|rule|Sleep Clause Mod: Limit one foe put to sleep\n|clearpoke\n|poke|p1|Tangrowth, M|\n|poke|p1|Hatterene, F|\n|poke|p1|Victini|\n|poke|p1|Porygon2|\n|poke|p1|Marowak, M|\n|poke|p1|Steelix, F|\n|poke|p2|Tangela, M|\n|poke|p2|Sylveon, M|\n|poke|p2|Copperajah, M|\n|poke|p2|Duraludon, M|\n|poke|p2|Silvally-*|\n|poke|p2|Salazzle, F|\n|teampreview\n|\n|t:|1700627668\n|start\n|switch|p1a: Steelix|Steelix, F|100\/100\n|switch|p2a: Copperajah|Copperajah, M|100\/100\n|turn|1\n|\n|t:|1700627681\n|move|p1a: Steelix|Head Smash|p2a: Copperajah\n|-resisted|p2a: Copperajah\n|-damage|p2a: Copperajah|80\/100\n|move|p2a: Copperajah|Stealth Rock|p1a: Steelix\n|-sidestart|p1: TyrAlexander|move: Stealth Rock\n|\n|-heal|p2a: Copperajah|86\/100|[from] item: Leftovers\n|upkeep\n|turn|2\n|\n|t:|1700627690\n|move|p1a: Steelix|Head Smash|p2a: Copperajah\n|-resisted|p2a: Copperajah\n|-damage|p2a: Copperajah|68\/100\n|move|p2a: Copperajah|Earthquake|p1a: Steelix\n|-supereffective|p1a: Steelix\n|-damage|p1a: Steelix|63\/100\n|\n|-heal|p2a: Copperajah|74\/100|[from] item: Leftovers\n|upkeep\n|turn|3\n|\n|t:|1700627706\n|switch|p1a: Victini|Victini|100\/100\n|-damage|p1a: Victini|76\/100|[from] Stealth Rock\n|move|p2a: Copperajah|Earthquake|p1a: Victini\n|-supereffective|p1a: Victini\n|-damage|p1a: Victini|25\/100\n|\n|-heal|p2a: Copperajah|80\/100|[from] item: Leftovers\n|upkeep\n|turn|4\n|\n|t:|1700627721\n|switch|p2a: Silvally|Silvally-Ground|100\/100\n|move|p1a: Victini|V-create|p2a: Silvally\n|-damage|p2a: Silvally|0 fnt\n|-unboost|p1a: Victini|spe|1\n|-unboost|p1a: Victini|def|1\n|-unboost|p1a: Victini|spd|1\n|faint|p2a: Silvally\n|\n|upkeep\n|\n|t:|1700627736\n|switch|p2a: Sylveon|Sylveon, M|100\/100\n|turn|5\n|\n|t:|1700627743\n|move|p2a: Sylveon|Shadow Ball|p1a: Victini\n|-supereffective|p1a: Victini\n|-damage|p1a: Victini|0 fnt\n|faint|p1a: Victini\n|\n|upkeep\n|\n|t:|1700627753\n|switch|p1a: Steelix|Steelix, F|63\/100\n|turn|6\n|\n|t:|1700627762\n|move|p2a: Sylveon|Shadow Ball|p1a: Steelix\n|-damage|p1a: Steelix|0 fnt\n|faint|p1a: Steelix\n|\n|upkeep\n|\n|t:|1700627767\n|switch|p1a: Hatterene|Hatterene, F|100\/100\n|-damage|p1a: Hatterene|88\/100|[from] Stealth Rock\n|turn|7\n|\n|t:|1700627773\n|move|p2a: Sylveon|Shadow Ball|p1a: Hatterene\n|-supereffective|p1a: Hatterene\n|-damage|p1a: Hatterene|0 fnt\n|faint|p1a: Hatterene\n|\n|upkeep\n|c|\u2606TyrAlexander|fucking shadow ball is insane\n|\n|t:|1700627791\n|switch|p1a: Marowak|Marowak, M|100\/100\n|-damage|p1a: Marowak|94\/100|[from] Stealth Rock\n|turn|8\n|c|\u2606terrysalt|yeah, especially with choice specs\n|\n|t:|1700627814\n|move|p2a: Sylveon|Shadow Ball|p1a: Marowak\n|-damage|p1a: Marowak|43\/100\n|move|p1a: Marowak|Fire Punch|p2a: Sylveon\n|-damage|p2a: Sylveon|44\/100\n|\n|upkeep\n|turn|9\n|\n|t:|1700627823\n|move|p2a: Sylveon|Shadow Ball|p1a: Marowak\n|-damage|p1a: Marowak|0 fnt\n|faint|p1a: Marowak\n|\n|upkeep\n|\n|t:|1700627828\n|switch|p1a: Porygon2|Porygon2|100\/100\n|-damage|p1a: Porygon2|88\/100|[from] Stealth Rock\n|-ability|p1a: Porygon2|Pixilate|[from] ability: Trace|[of] p2a: Sylveon\n|turn|10\n|\n|t:|1700627845\n|switch|p2a: Salazzle|Salazzle, F|100\/100\n|move|p1a: Porygon2|Ice Beam|p2a: Salazzle\n|-resisted|p2a: Salazzle\n|-damage|p2a: Salazzle|80\/100\n|\n|upkeep\n|turn|11\n|\n|t:|1700627854\n|move|p2a: Salazzle|Toxic|p1a: Porygon2\n|-status|p1a: Porygon2|tox\n|move|p1a: Porygon2|Ice Beam|p2a: Salazzle\n|-resisted|p2a: Salazzle\n|-damage|p2a: Salazzle|61\/100\n|\n|-damage|p1a: Porygon2|82\/100 tox|[from] psn\n|upkeep\n|turn|12\n|\n|t:|1700627863\n|move|p2a: Salazzle|Knock Off|p1a: Porygon2\n|-damage|p1a: Porygon2|75\/100 tox\n|-enditem|p1a: Porygon2|Eviolite|[from] move: Knock Off|[of] p2a: Salazzle\n|move|p1a: Porygon2|Ice Beam|p2a: Salazzle\n|-resisted|p2a: Salazzle\n|-damage|p2a: Salazzle|40\/100\n|\n|-damage|p1a: Porygon2|63\/100 tox|[from] psn\n|upkeep\n|turn|13\n|\n|t:|1700627875\n|move|p2a: Salazzle|Sludge Bomb|p1a: Porygon2\n|-damage|p1a: Porygon2|24\/100 tox\n|move|p1a: Porygon2|Ice Beam|p2a: Salazzle\n|-resisted|p2a: Salazzle\n|-damage|p2a: Salazzle|21\/100\n|\n|-damage|p1a: Porygon2|6\/100 tox|[from] psn\n|upkeep\n|turn|14\n|\n|t:|1700627883\n|move|p2a: Salazzle|Sludge Bomb|p1a: Porygon2\n|-damage|p1a: Porygon2|0 fnt\n|faint|p1a: Porygon2\n|\n|upkeep\n|\n|t:|1700627887\n|switch|p1a: Tangrowth|Tangrowth, M|100\/100\n|-damage|p1a: Tangrowth|88\/100|[from] Stealth Rock\n|turn|15\n|\n|t:|1700627893\n|move|p2a: Salazzle|Sludge Bomb|p1a: Tangrowth\n|-supereffective|p1a: Tangrowth\n|-damage|p1a: Tangrowth|0 fnt\n|faint|p1a: Tangrowth\n|\n|win|terrysalt\n|c|\u2606terrysalt|gg\n|c|\u2606TyrAlexander|gg\n|l|\u2606TyrAlexander\n|c|\u2606terrysalt|That was Sylveon MVP. :P\n","uploadtime":1700627902,"views":1,"p1id":"tyralexander","p2id":"terrysalt","formatid":"gen9nationaldex","rating":0,"private":0,"password":""}