{"id":"gen9nationaldex-1990909285","p1":"ALostSoul123","p2":"Gomaito","format":"[Gen 9] National Dex","log":"|j|\u2606ALostSoul123\n|j|\u2606Gomaito\n|t:|1700013997\n|gametype|singles\n|player|p1|ALostSoul123|iris-gen5bw2|1256\n|player|p2|Gomaito|rocketgrunt|1389\n|teamsize|p1|6\n|teamsize|p2|6\n|gen|9\n|tier|[Gen 9] National Dex\n|rated|\n|rule|HP Percentage Mod: HP is shown in percentages\n|rule|Endless Battle Clause: Forcing endless battles is banned\n|rule|OHKO Clause: OHKO moves are banned\n|rule|Evasion Clause: Evasion abilities, items, and moves are banned\n|rule|Evasion Abilities Clause: Evasion abilities are banned\n|rule|Evasion Items Clause: Evasion items are banned\n|rule|Evasion Moves Clause: Evasion moves are banned\n|rule|Species Clause: Limit one of each Pok\u00e9mon\n|rule|Sleep Clause Mod: Limit one foe put to sleep\n|clearpoke\n|poke|p1|Flareon, M|\n|poke|p1|Hatterene, F|\n|poke|p1|Beedrill, M|\n|poke|p1|Swellow, M|\n|poke|p1|Dragonite, M|\n|poke|p1|Blaziken, F|\n|poke|p2|Great Tusk|\n|poke|p2|Porygon2|\n|poke|p2|Hydreigon, M|\n|poke|p2|Aegislash, M|\n|poke|p2|Cinderace, F|\n|poke|p2|Galvantula, F|\n|teampreview\n|inactive|Battle timer is ON: inactive players will automatically lose when time's up. (requested by Gomaito)\n|\n|t:|1700014006\n|start\n|switch|p1a: Beedrill|Beedrill, M|100\/100\n|switch|p2a: Cinderace|Cinderace, F|100\/100\n|turn|1\n|\n|t:|1700014015\n|switch|p2a: Colmilargo|Great Tusk|100\/100\n|detailschange|p1a: Beedrill|Beedrill-Mega, M\n|-mega|p1a: Beedrill|Beedrill|Beedrillite\n|move|p1a: Beedrill|Drill Run|p2a: Colmilargo\n|-damage|p2a: Colmilargo|83\/100\n|\n|-heal|p2a: Colmilargo|89\/100|[from] item: Leftovers\n|upkeep\n|turn|2\n|\n|t:|1700014027\n|move|p1a: Beedrill|U-turn|p2a: Colmilargo\n|-resisted|p2a: Colmilargo\n|-damage|p2a: Colmilargo|75\/100\n|\n|t:|1700014030\n|switch|p1a: Swellow|Swellow, M|100\/100|[from] U-turn\n|move|p2a: Colmilargo|Body Press|p1a: Swellow\n|-damage|p1a: Swellow|5\/100\n|\n|-heal|p2a: Colmilargo|82\/100|[from] item: Leftovers\n|upkeep\n|turn|3\n|\n|t:|1700014044\n|-end|p2a: Colmilargo|Protosynthesis|[silent]\n|switch|p2a: Porygon2|Porygon2|100\/100\n|-ability|p2a: Porygon2|Scrappy|[from] ability: Trace|[of] p1a: Swellow\n|move|p1a: Swellow|Boomburst|p2a: Porygon2\n|-damage|p2a: Porygon2|68\/100\n|\n|upkeep\n|turn|4\n|\n|t:|1700014053\n|switch|p1a: Blaziken|Blaziken, F|100\/100\n|move|p2a: Porygon2|Discharge|p1a: Blaziken\n|-damage|p1a: Blaziken|73\/100\n|\n|upkeep\n|turn|5\n|\n|t:|1700014062\n|switch|p2a: Colmilargo|Great Tusk|82\/100\n|move|p1a: Blaziken|Focus Energy|p1a: Blaziken\n|-start|p1a: Blaziken|move: Focus Energy\n|\n|-heal|p2a: Colmilargo|88\/100|[from] item: Leftovers\n|-ability|p1a: Blaziken|Speed Boost|boost\n|-boost|p1a: Blaziken|spe|1\n|upkeep\n|turn|6\n|\n|t:|1700014070\n|move|p1a: Blaziken|Overheat|p2a: Colmilargo\n|-crit|p2a: Colmilargo\n|-damage|p2a: Colmilargo|0 fnt\n|-unboost|p1a: Blaziken|spa|2\n|faint|p2a: Colmilargo\n|-end|p2a: Colmilargo|Protosynthesis|[silent]\n|\n|-ability|p1a: Blaziken|Speed Boost|boost\n|-boost|p1a: Blaziken|spe|1\n|upkeep\n|\n|t:|1700014074\n|switch|p2a: Galvantula|Galvantula, F|100\/100\n|turn|7\n|\n|t:|1700014080\n|move|p1a: Blaziken|Overheat|p2a: Galvantula\n|-supereffective|p2a: Galvantula\n|-crit|p2a: Galvantula\n|-enditem|p2a: Galvantula|Focus Sash\n|-damage|p2a: Galvantula|1\/100\n|-unboost|p1a: Blaziken|spa|2\n|move|p2a: Galvantula|Thunder Wave|p1a: Blaziken\n|-status|p1a: Blaziken|par\n|\n|-ability|p1a: Blaziken|Speed Boost|boost\n|-boost|p1a: Blaziken|spe|1\n|upkeep\n|turn|8\n|\n|t:|1700014089\n|move|p1a: Blaziken|Overheat|p2a: Galvantula\n|-supereffective|p2a: Galvantula\n|-crit|p2a: Galvantula\n|-damage|p2a: Galvantula|0 fnt\n|-unboost|p1a: Blaziken|spa|2\n|faint|p2a: Galvantula\n|\n|-ability|p1a: Blaziken|Speed Boost|boost\n|-boost|p1a: Blaziken|spe|1\n|upkeep\n|\n|t:|1700014096\n|switch|p2a: Cinderace|Cinderace, F|100\/100\n|turn|9\n|\n|t:|1700014100\n|cant|p1a: Blaziken|par\n|move|p2a: Cinderace|Pyro Ball|p1a: Blaziken\n|-resisted|p1a: Blaziken\n|-damage|p1a: Blaziken|12\/100 par\n|-damage|p2a: Cinderace|91\/100|[from] item: Life Orb\n|\n|-ability|p1a: Blaziken|Speed Boost|boost\n|-boost|p1a: Blaziken|spe|1\n|upkeep\n|turn|10\n|\n|t:|1700014109\n|move|p1a: Blaziken|Close Combat|p2a: Cinderace\n|-crit|p2a: Cinderace\n|-damage|p2a: Cinderace|0 fnt\n|-unboost|p1a: Blaziken|def|1\n|-unboost|p1a: Blaziken|spd|1\n|faint|p2a: Cinderace\n|\n|-ability|p1a: Blaziken|Speed Boost|boost\n|-boost|p1a: Blaziken|spe|1\n|upkeep\n|\n|t:|1700014116\n|switch|p2a: Aegislash|Aegislash, M|100\/100\n|turn|11\n|\n|t:|1700014121\n|cant|p1a: Blaziken|par\n|-formechange|p2a: Aegislash|Aegislash-Blade||[from] ability: Stance Change\n|move|p2a: Aegislash|Shadow Sneak|p1a: Blaziken\n|-damage|p1a: Blaziken|0 fnt\n|faint|p1a: Blaziken\n|\n|upkeep\n|\n|t:|1700014130\n|switch|p1a: Dragonite|Dragonite, M|100\/100\n|turn|12\n|\n|t:|1700014134\n|move|p1a: Dragonite|Dragon Dance|p1a: Dragonite\n|-boost|p1a: Dragonite|atk|1\n|-boost|p1a: Dragonite|spe|1\n|move|p2a: Aegislash|Swords Dance|p2a: Aegislash\n|-boost|p2a: Aegislash|atk|2\n|\n|upkeep\n|turn|13\n|\n|t:|1700014141\n|-terastallize|p2a: Aegislash|Ghost\n|-formechange|p2a: Aegislash|Aegislash||[from] ability: Stance Change\n|move|p2a: Aegislash|King's Shield|p2a: Aegislash\n|-singleturn|p2a: Aegislash|Protect\n|move|p1a: Dragonite|Earthquake|p2a: Aegislash\n|-activate|p2a: Aegislash|move: Protect\n|\n|upkeep\n|turn|14\n|\n|t:|1700014151\n|move|p1a: Dragonite|Dragon Claw|p2a: Aegislash\n|-damage|p2a: Aegislash|47\/100\n|-formechange|p2a: Aegislash|Aegislash-Blade||[from] ability: Stance Change\n|move|p2a: Aegislash|Iron Head|p1a: Dragonite\n|-damage|p1a: Dragonite|50\/100\n|\n|upkeep\n|turn|15\n|\n|t:|1700014163\n|move|p2a: Aegislash|Shadow Sneak|p1a: Dragonite\n|-damage|p1a: Dragonite|0 fnt\n|faint|p1a: Dragonite\n|\n|upkeep\n|\n|t:|1700014172\n|switch|p1a: Beedrill|Beedrill-Mega, M|100\/100\n|turn|16\n|\n|t:|1700014180\n|-formechange|p2a: Aegislash|Aegislash||[from] ability: Stance Change\n|move|p2a: Aegislash|King's Shield|p2a: Aegislash\n|-singleturn|p2a: Aegislash|Protect\n|move|p1a: Beedrill|U-turn|p2a: Aegislash\n|-activate|p2a: Aegislash|move: Protect\n|-unboost|p1a: Beedrill|atk|1\n|\n|upkeep\n|turn|17\n|\n|t:|1700014192\n|move|p1a: Beedrill|U-turn|p2a: Aegislash\n|-resisted|p2a: Aegislash\n|-damage|p2a: Aegislash|32\/100\n|\n|t:|1700014195\n|switch|p1a: Swellow|Swellow, M|5\/100|[from] U-turn\n|-formechange|p2a: Aegislash|Aegislash-Blade||[from] ability: Stance Change\n|move|p2a: Aegislash|Iron Head|p1a: Swellow\n|-damage|p1a: Swellow|0 fnt\n|faint|p1a: Swellow\n|\n|upkeep\n|\n|t:|1700014201\n|switch|p1a: Flareon|Flareon, M|100\/100\n|turn|18\n|\n|t:|1700014210\n|-terastallize|p1a: Flareon|Normal\n|-formechange|p2a: Aegislash|Aegislash||[from] ability: Stance Change\n|move|p2a: Aegislash|King's Shield|p2a: Aegislash\n|-singleturn|p2a: Aegislash|Protect\n|move|p1a: Flareon|Flame Charge|p2a: Aegislash\n|-activate|p2a: Aegislash|move: Protect\n|-unboost|p1a: Flareon|atk|1\n|\n|-status|p1a: Flareon|brn|[from] item: Flame Orb\n|upkeep\n|turn|19\n|\n|t:|1700014220\n|move|p1a: Flareon|Flare Blitz|p2a: Aegislash\n|-damage|p2a: Aegislash|0 fnt\n|faint|p2a: Aegislash\n|-damage|p1a: Flareon|88\/100 brn|[from] Recoil\n|\n|-damage|p1a: Flareon|82\/100 brn|[from] brn\n|upkeep\n|\n|t:|1700014234\n|switch|p2a: Hydreigon|Hydreigon, M|100\/100\n|turn|20\n|\n|t:|1700014240\n|move|p2a: Hydreigon|Flamethrower|p1a: Flareon\n|-damage|p1a: Flareon|41\/100 brn\n|move|p1a: Flareon|Facade|p2a: Hydreigon\n|-damage|p2a: Hydreigon|13\/100\n|\n|-damage|p1a: Flareon|35\/100 brn|[from] brn\n|upkeep\n|turn|21\n|\n|t:|1700014244\n|move|p1a: Flareon|Quick Attack|p2a: Hydreigon\n|-damage|p2a: Hydreigon|0 fnt\n|faint|p2a: Hydreigon\n|\n|-damage|p1a: Flareon|29\/100 brn|[from] brn\n|upkeep\n|\n|t:|1700014248\n|switch|p2a: Porygon2|Porygon2|68\/100\n|-ability|p2a: Porygon2|Guts|[from] ability: Trace|[of] p1a: Flareon\n|turn|22\n|\n|t:|1700014253\n|move|p1a: Flareon|Quick Attack|p2a: Porygon2\n|-damage|p2a: Porygon2|55\/100\n|move|p2a: Porygon2|Recover|p2a: Porygon2\n|-heal|p2a: Porygon2|100\/100\n|\n|-damage|p1a: Flareon|23\/100 brn|[from] brn\n|upkeep\n|turn|23\n|\n|t:|1700014260\n|move|p1a: Flareon|Flare Blitz|p2a: Porygon2\n|-damage|p2a: Porygon2|56\/100\n|-damage|p1a: Flareon|3\/100 brn|[from] Recoil\n|move|p2a: Porygon2|Discharge|p1a: Flareon\n|-damage|p1a: Flareon|0 fnt\n|faint|p1a: Flareon\n|\n|upkeep\n|\n|t:|1700014264\n|switch|p1a: Beedrill|Beedrill-Mega, M|100\/100\n|turn|24\n|\n|t:|1700014268\n|move|p1a: Beedrill|Poison Jab|p2a: Porygon2\n|-damage|p2a: Porygon2|15\/100\n|move|p2a: Porygon2|Discharge|p1a: Beedrill\n|-damage|p1a: Beedrill|74\/100\n|-status|p1a: Beedrill|par\n|\n|upkeep\n|turn|25\n|\n|t:|1700014272\n|cant|p1a: Beedrill|par\n|move|p2a: Porygon2|Recover|p2a: Porygon2\n|-heal|p2a: Porygon2|65\/100\n|\n|upkeep\n|turn|26\n|\n|t:|1700014275\n|cant|p1a: Beedrill|par\n|move|p2a: Porygon2|Recover|p2a: Porygon2\n|-heal|p2a: Porygon2|100\/100\n|\n|upkeep\n|turn|27\n|\n|t:|1700014278\n|move|p1a: Beedrill|Poison Jab|p2a: Porygon2\n|-damage|p2a: Porygon2|59\/100\n|move|p2a: Porygon2|Discharge|p1a: Beedrill\n|-crit|p1a: Beedrill\n|-damage|p1a: Beedrill|30\/100 par\n|\n|upkeep\n|turn|28\n|\n|t:|1700014283\n|move|p1a: Beedrill|U-turn|p2a: Porygon2\n|-damage|p2a: Porygon2|15\/100\n|\n|t:|1700014286\n|switch|p1a: Hatterene|Hatterene, F|100\/100|[from] U-turn\n|move|p2a: Porygon2|Discharge|p1a: Hatterene\n|-damage|p1a: Hatterene|82\/100\n|\n|-heal|p1a: Hatterene|88\/100|[from] item: Leftovers\n|upkeep\n|turn|29\n|\n|t:|1700014295\n|move|p2a: Porygon2|Recover|p2a: Porygon2\n|-heal|p2a: Porygon2|65\/100\n|move|p1a: Hatterene|Mystical Fire|p2a: Porygon2\n|-damage|p2a: Porygon2|51\/100\n|-unboost|p2a: Porygon2|spa|1\n|\n|-heal|p1a: Hatterene|94\/100|[from] item: Leftovers\n|upkeep\n|turn|30\n|\n|t:|1700014300\n|move|p2a: Porygon2|Recover|p2a: Porygon2\n|-heal|p2a: Porygon2|100\/100\n|move|p1a: Hatterene|Calm Mind|p1a: Hatterene\n|-boost|p1a: Hatterene|spa|1\n|-boost|p1a: Hatterene|spd|1\n|\n|-heal|p1a: Hatterene|99\/100|[from] item: Leftovers\n|upkeep\n|turn|31\n|\n|t:|1700014310\n|move|p2a: Porygon2|Discharge|p1a: Hatterene\n|-damage|p1a: Hatterene|90\/100\n|-status|p1a: Hatterene|par\n|move|p1a: Hatterene|Draining Kiss|p2a: Porygon2\n|-crit|p2a: Porygon2\n|-damage|p2a: Porygon2|70\/100\n|-heal|p1a: Hatterene|100\/100 par|[from] drain|[of] p2a: Porygon2\n|\n|upkeep\n|turn|32\n|-message|Gomaito forfeited.\n|\n|win|ALostSoul123\n|raw|ALostSoul123's rating: 1256 &rarr; <strong>1290<\/strong><br \/>(+34 for winning)\n|raw|Gomaito's rating: 1389 &rarr; <strong>1362<\/strong><br \/>(-27 for losing)\n|l|\u2606Gomaito\n","uploadtime":1700014338,"views":9,"p1id":"alostsoul123","p2id":"gomaito","formatid":"gen9nationaldex","rating":1290,"private":0,"password":""}