{"id":"gen9nationaldex-1997768587","p1":"Marty1010","p2":"davidbelolong3","format":"[Gen 9] National Dex","log":"|html|<div class=\"broadcast-blue\"><strong>[Gen 9] National Dex is currently suspecting Sneasler! For information on how to participate check out the <a href=\"https:\/\/www.smogon.com\/forums\/threads\/sv-national-dex-suspect-8-just-dance.3731534\/\">suspect thread<\/a>.<\/strong><\/div>\n|j|\u2606Marty1010\n|j|\u2606davidbelolong3\n|t:|1700850619\n|gametype|singles\n|player|p1|Marty1010|blackbelt-gen4|1342\n|player|p2|davidbelolong3|crasherwake|1417\n|teamsize|p1|6\n|teamsize|p2|6\n|gen|9\n|tier|[Gen 9] National Dex\n|rated|\n|rule|HP Percentage Mod: HP is shown in percentages\n|rule|Endless Battle Clause: Forcing endless battles is banned\n|rule|OHKO Clause: OHKO moves are banned\n|rule|Evasion Clause: Evasion abilities, items, and moves are banned\n|rule|Evasion Abilities Clause: Evasion abilities are banned\n|rule|Evasion Items Clause: Evasion items are banned\n|rule|Evasion Moves Clause: Evasion moves are banned\n|rule|Species Clause: Limit one of each Pok\u00e9mon\n|rule|Sleep Clause Mod: Limit one foe put to sleep\n|clearpoke\n|poke|p1|Charizard, F|\n|poke|p1|Leafeon, M|\n|poke|p1|Ferrothorn, M|\n|poke|p1|Corviknight, F|\n|poke|p1|Garganacl, M|\n|poke|p1|Toxapex, F|\n|poke|p2|Torkoal, M|\n|poke|p2|Charizard, M|\n|poke|p2|Venusaur, F|\n|poke|p2|Blaziken, M|\n|poke|p2|Dragonite, M|\n|poke|p2|Heatran, M|\n|teampreview\n|inactive|Battle timer is ON: inactive players will automatically lose when time's up. (requested by davidbelolong3)\n|\n|t:|1700850624\n|start\n|switch|p1a: Spikey|Ferrothorn, M|100\/100\n|switch|p2a: Torkoal|Torkoal, M|100\/100\n|-weather|SunnyDay|[from] ability: Drought|[of] p2a: Torkoal\n|turn|1\n|\n|t:|1700850632\n|-terastallize|p1a: Spikey|Water\n|move|p2a: Torkoal|Lava Plume|p1a: Spikey\n|-resisted|p1a: Spikey\n|-damage|p1a: Spikey|86\/100\n|move|p1a: Spikey|Leech Seed|p2a: Torkoal|[miss]\n|-miss|p1a: Spikey|p2a: Torkoal\n|\n|-weather|SunnyDay|[upkeep]\n|upkeep\n|turn|2\n|\n|t:|1700850642\n|switch|p2a: Venusaur|Venusaur, F|100\/100\n|move|p1a: Spikey|Stealth Rock|p2a: Venusaur\n|-sidestart|p2: davidbelolong3|move: Stealth Rock\n|\n|-weather|SunnyDay|[upkeep]\n|upkeep\n|turn|3\n|\n|t:|1700850649\n|switch|p1a: Corviknight|Corviknight, F|100\/100\n|-ability|p1a: Corviknight|Pressure\n|move|p2a: Venusaur|Solar Beam||[still]\n|-prepare|p2a: Venusaur|Solar Beam\n|-anim|p2a: Venusaur|Solar Beam|p1a: Corviknight\n|-resisted|p1a: Corviknight\n|-damage|p1a: Corviknight|88\/100\n|-damage|p2a: Venusaur|91\/100|[from] item: Life Orb\n|\n|-weather|SunnyDay|[upkeep]\n|upkeep\n|turn|4\n|\n|t:|1700850660\n|move|p2a: Venusaur|Weather Ball|p1a: Corviknight\n|-supereffective|p1a: Corviknight\n|-damage|p1a: Corviknight|4\/100\n|-damage|p2a: Venusaur|81\/100|[from] item: Life Orb\n|move|p1a: Corviknight|Brave Bird|p2a: Venusaur\n|-supereffective|p2a: Venusaur\n|-damage|p2a: Venusaur|0 fnt\n|faint|p2a: Venusaur\n|-damage|p1a: Corviknight|0 fnt|[from] Recoil\n|faint|p1a: Corviknight\n|\n|-weather|SunnyDay|[upkeep]\n|upkeep\n|\n|t:|1700850682\n|switch|p2a: Torkoal|Torkoal, M|100\/100\n|switch|p1a: Spikey|Ferrothorn, M, tera:Water|86\/100\n|-damage|p2a: Torkoal|75\/100|[from] Stealth Rock\n|turn|5\n|\n|t:|1700850689\n|move|p2a: Torkoal|Rapid Spin|p1a: Spikey\n|-damage|p1a: Spikey|81\/100\n|-boost|p2a: Torkoal|spe|1\n|-damage|p2a: Torkoal|63\/100|[from] ability: Iron Barbs|[of] p1a: Spikey\n|-damage|p2a: Torkoal|46\/100|[from] item: Rocky Helmet|[of] p1a: Spikey\n|-sideend|p2: davidbelolong3|Stealth Rock|[from] move: Rapid Spin|[of] p2a: Torkoal\n|move|p1a: Spikey|Leech Seed|p2a: Torkoal\n|-start|p2a: Torkoal|move: Leech Seed\n|\n|-weather|SunnyDay|[upkeep]\n|-damage|p2a: Torkoal|34\/100|[from] Leech Seed|[of] p1a: Spikey\n|-heal|p1a: Spikey|93\/100|[silent]\n|upkeep\n|turn|6\n|\n|t:|1700850701\n|move|p2a: Torkoal|Yawn|p1a: Spikey\n|-start|p1a: Spikey|move: Yawn|[of] p2a: Torkoal\n|move|p1a: Spikey|Stealth Rock|p2a: Torkoal\n|-sidestart|p2: davidbelolong3|move: Stealth Rock\n|\n|-weather|SunnyDay|[upkeep]\n|-damage|p2a: Torkoal|21\/100|[from] Leech Seed|[of] p1a: Spikey\n|-heal|p1a: Spikey|100\/100|[silent]\n|upkeep\n|turn|7\n|\n|t:|1700850710\n|switch|p1a: Poison|Toxapex, F|100\/100\n|move|p2a: Torkoal|Rapid Spin|p1a: Poison\n|-damage|p1a: Poison|95\/100\n|-boost|p2a: Torkoal|spe|1\n|-end|p2a: Torkoal|Leech Seed|[from] move: Rapid Spin|[of] p2a: Torkoal\n|-sideend|p2: davidbelolong3|Stealth Rock|[from] move: Rapid Spin|[of] p2a: Torkoal\n|\n|-weather|SunnyDay|[upkeep]\n|-heal|p1a: Poison|100\/100|[from] item: Black Sludge\n|upkeep\n|turn|8\n|\n|t:|1700850721\n|move|p2a: Torkoal|Yawn|p1a: Poison\n|-start|p1a: Poison|move: Yawn|[of] p2a: Torkoal\n|move|p1a: Poison|Scald|p2a: Torkoal\n|-supereffective|p2a: Torkoal\n|-damage|p2a: Torkoal|0 fnt\n|faint|p2a: Torkoal\n|\n|-weather|none\n|upkeep\n|\n|t:|1700850741\n|switch|p2a: Charizard|Charizard, M|100\/100\n|turn|9\n|\n|t:|1700850749\n|switch|p1a: Spikey|Ferrothorn, M, tera:Water|100\/100\n|detailschange|p2a: Charizard|Charizard-Mega-Y, M\n|-mega|p2a: Charizard|Charizard|Charizardite Y\n|-weather|SunnyDay|[from] ability: Drought|[of] p2a: Charizard\n|move|p2a: Charizard|Scorching Sands|p1a: Spikey\n|-damage|p1a: Spikey|75\/100\n|\n|-weather|SunnyDay|[upkeep]\n|upkeep\n|turn|10\n|\n|t:|1700850761\n|move|p2a: Charizard|Solar Beam||[still]\n|-prepare|p2a: Charizard|Solar Beam\n|-anim|p2a: Charizard|Solar Beam|p1a: Spikey\n|-supereffective|p1a: Spikey\n|-damage|p1a: Spikey|0 fnt\n|faint|p1a: Spikey\n|\n|-weather|SunnyDay|[upkeep]\n|upkeep\n|\n|t:|1700850769\n|switch|p1a: Charli|Charizard, F|100\/100\n|turn|11\n|\n|t:|1700850774\n|detailschange|p1a: Charli|Charizard-Mega-Y, F\n|-mega|p1a: Charli|Charizard|Charizardite Y\n|move|p2a: Charizard|Air Slash|p1a: Charli\n|-damage|p1a: Charli|53\/100\n|move|p1a: Charli|Ancient Power|p2a: Charizard\n|-supereffective|p2a: Charizard\n|-damage|p2a: Charizard|0 fnt\n|faint|p2a: Charizard\n|\n|-weather|SunnyDay|[upkeep]\n|upkeep\n|\n|t:|1700850802\n|switch|p2a: Dragonite|Dragonite, M|100\/100\n|turn|12\n|\n|t:|1700850807\n|-terastallize|p2a: Dragonite|Normal\n|move|p1a: Charli|Ancient Power|p2a: Dragonite\n|-damage|p2a: Dragonite|87\/100\n|move|p2a: Dragonite|Dragon Dance|p2a: Dragonite\n|-boost|p2a: Dragonite|atk|1\n|-boost|p2a: Dragonite|spe|1\n|\n|-weather|SunnyDay|[upkeep]\n|upkeep\n|turn|13\n|\n|t:|1700850819\n|switch|p1a: Poison|Toxapex, F|100\/100\n|move|p2a: Dragonite|Extreme Speed|p1a: Poison\n|-damage|p1a: Poison|59\/100\n|\n|-weather|none\n|-heal|p1a: Poison|65\/100|[from] item: Black Sludge\n|upkeep\n|turn|14\n|\n|t:|1700850828\n|move|p1a: Poison|Baneful Bunker|p1a: Poison\n|-singleturn|p1a: Poison|move: Protect\n|move|p2a: Dragonite|Earthquake|p1a: Poison\n|-activate|p1a: Poison|move: Protect\n|\n|-heal|p1a: Poison|72\/100|[from] item: Black Sludge\n|upkeep\n|turn|15\n|\n|t:|1700850836\n|switch|p1a: Charli|Charizard-Mega-Y, F|53\/100\n|-weather|SunnyDay|[from] ability: Drought|[of] p1a: Charli\n|move|p2a: Dragonite|Earthquake|p1a: Charli\n|-immune|p1a: Charli\n|\n|-weather|SunnyDay|[upkeep]\n|upkeep\n|turn|16\n|\n|t:|1700850845\n|move|p2a: Dragonite|Extreme Speed|p1a: Charli\n|-damage|p1a: Charli|0 fnt\n|faint|p1a: Charli\n|\n|-weather|SunnyDay|[upkeep]\n|upkeep\n|\n|t:|1700850851\n|switch|p1a: Leon|Leafeon, M|100\/100\n|turn|17\n|\n|t:|1700850861\n|move|p1a: Leon|Leaf Blade|p2a: Dragonite\n|-damage|p2a: Dragonite|9\/100\n|move|p2a: Dragonite|Ice Spinner|p1a: Leon\n|-supereffective|p1a: Leon\n|-damage|p1a: Leon|0 fnt\n|faint|p1a: Leon\n|\n|-weather|SunnyDay|[upkeep]\n|upkeep\n|\n|t:|1700850869\n|switch|p1a: Garganacl|Garganacl, M|100\/100\n|turn|18\n|\n|t:|1700850872\n|move|p2a: Dragonite|Earthquake|p1a: Garganacl\n|-supereffective|p1a: Garganacl\n|-damage|p1a: Garganacl|42\/100\n|move|p1a: Garganacl|Salt Cure|p2a: Dragonite\n|-damage|p2a: Dragonite|0 fnt\n|faint|p2a: Dragonite\n|\n|-weather|SunnyDay|[upkeep]\n|-heal|p1a: Garganacl|48\/100|[from] item: Leftovers\n|upkeep\n|\n|t:|1700850883\n|switch|p2a: Blaziken|Blaziken, M|100\/100\n|turn|19\n|\n|t:|1700850886\n|switch|p1a: Poison|Toxapex, F|100\/100\n|move|p2a: Blaziken|Swords Dance|p2a: Blaziken\n|-boost|p2a: Blaziken|atk|2\n|\n|-weather|none\n|-ability|p2a: Blaziken|Speed Boost|boost\n|-boost|p2a: Blaziken|spe|1\n|upkeep\n|turn|20\n|\n|t:|1700850895\n|move|p2a: Blaziken|Swords Dance|p2a: Blaziken\n|-boost|p2a: Blaziken|atk|2\n|move|p1a: Poison|Haze|p1a: Poison\n|-clearallboost\n|\n|-ability|p2a: Blaziken|Speed Boost|boost\n|-boost|p2a: Blaziken|spe|1\n|upkeep\n|turn|21\n|\n|t:|1700850903\n|move|p2a: Blaziken|Swords Dance|p2a: Blaziken\n|-boost|p2a: Blaziken|atk|2\n|move|p1a: Poison|Scald|p2a: Blaziken\n|-supereffective|p2a: Blaziken\n|-damage|p2a: Blaziken|55\/100\n|\n|-ability|p2a: Blaziken|Speed Boost|boost\n|-boost|p2a: Blaziken|spe|1\n|upkeep\n|turn|22\n|\n|t:|1700850918\n|move|p2a: Blaziken|Protect|p2a: Blaziken\n|-singleturn|p2a: Blaziken|Protect\n|move|p1a: Poison|Baneful Bunker||[still]\n|-fail|p1a: Poison\n|\n|-ability|p2a: Blaziken|Speed Boost|boost\n|-boost|p2a: Blaziken|spe|1\n|upkeep\n|turn|23\n|\n|t:|1700850927\n|-zpower|p2a: Blaziken\n|move|p2a: Blaziken|Inferno Overdrive|p1a: Poison|[zeffect]\n|-resisted|p1a: Poison\n|-damage|p1a: Poison|40\/100\n|move|p1a: Poison|Haze|p1a: Poison\n|-clearallboost\n|\n|-heal|p1a: Poison|46\/100|[from] item: Black Sludge\n|-ability|p2a: Blaziken|Speed Boost|boost\n|-boost|p2a: Blaziken|spe|1\n|upkeep\n|turn|24\n|\n|t:|1700850940\n|switch|p2a: Heatran|Heatran, M|100\/100\n|move|p1a: Poison|Scald|p2a: Heatran\n|-supereffective|p2a: Heatran\n|-damage|p2a: Heatran|79\/100\n|\n|-heal|p2a: Heatran|85\/100|[from] item: Leftovers\n|-heal|p1a: Poison|52\/100|[from] item: Black Sludge\n|upkeep\n|turn|25\n|\n|t:|1700850951\n|move|p2a: Heatran|Magma Storm|p1a: Poison|[miss]\n|-miss|p2a: Heatran|p1a: Poison\n|move|p1a: Poison|Toxic Spikes|p2a: Heatran\n|-sidestart|p2: davidbelolong3|move: Toxic Spikes\n|\n|-heal|p2a: Heatran|91\/100|[from] item: Leftovers\n|-heal|p1a: Poison|59\/100|[from] item: Black Sludge\n|upkeep\n|turn|26\n|\n|t:|1700850960\n|move|p1a: Poison|Baneful Bunker|p1a: Poison\n|-singleturn|p1a: Poison|move: Protect\n|move|p2a: Heatran|Magma Storm|p1a: Poison\n|-activate|p1a: Poison|move: Protect\n|\n|-heal|p2a: Heatran|97\/100|[from] item: Leftovers\n|-heal|p1a: Poison|65\/100|[from] item: Black Sludge\n|upkeep\n|turn|27\n|\n|t:|1700850969\n|switch|p1a: Garganacl|Garganacl, M|48\/100\n|move|p2a: Heatran|Magma Storm|p1a: Garganacl|[miss]\n|-miss|p2a: Heatran|p1a: Garganacl\n|\n|-heal|p2a: Heatran|100\/100|[from] item: Leftovers\n|-heal|p1a: Garganacl|54\/100|[from] item: Leftovers\n|upkeep\n|turn|28\n|\n|t:|1700850979\n|move|p1a: Garganacl|Protect|p1a: Garganacl\n|-singleturn|p1a: Garganacl|Protect\n|move|p2a: Heatran|Earth Power|p1a: Garganacl\n|-activate|p1a: Garganacl|move: Protect\n|\n|-heal|p1a: Garganacl|60\/100|[from] item: Leftovers\n|upkeep\n|turn|29\n|\n|t:|1700850987\n|move|p2a: Heatran|Earth Power|p1a: Garganacl\n|-supereffective|p1a: Garganacl\n|-damage|p1a: Garganacl|10\/100\n|move|p1a: Garganacl|Recover|p1a: Garganacl\n|-heal|p1a: Garganacl|60\/100\n|\n|-heal|p1a: Garganacl|66\/100|[from] item: Leftovers\n|upkeep\n|turn|30\n|\n|t:|1700850996\n|move|p1a: Garganacl|Protect|p1a: Garganacl\n|-singleturn|p1a: Garganacl|Protect\n|move|p2a: Heatran|Magma Storm|p1a: Garganacl\n|-activate|p1a: Garganacl|move: Protect\n|\n|-heal|p1a: Garganacl|73\/100|[from] item: Leftovers\n|upkeep\n|turn|31\n|\n|t:|1700851005\n|move|p2a: Heatran|Magma Storm|p1a: Garganacl\n|-resisted|p1a: Garganacl\n|-damage|p1a: Garganacl|54\/100\n|-activate|p1a: Garganacl|move: Magma Storm|[of] p2a: Heatran\n|move|p1a: Garganacl|Salt Cure|p2a: Heatran\n|-damage|p2a: Heatran|88\/100\n|-start|p2a: Heatran|Salt Cure\n|\n|-heal|p2a: Heatran|94\/100|[from] item: Leftovers\n|-heal|p1a: Garganacl|60\/100|[from] item: Leftovers\n|-damage|p2a: Heatran|69\/100|[from] Salt Cure\n|-damage|p1a: Garganacl|48\/100|[from] move: Magma Storm|[partiallytrapped]\n|upkeep\n|turn|32\n|\n|t:|1700851017\n|move|p1a: Garganacl|Protect|p1a: Garganacl\n|-singleturn|p1a: Garganacl|Protect\n|move|p2a: Heatran|Earth Power|p1a: Garganacl\n|-activate|p1a: Garganacl|move: Protect\n|\n|-heal|p2a: Heatran|75\/100|[from] item: Leftovers\n|-heal|p1a: Garganacl|54\/100|[from] item: Leftovers\n|-damage|p2a: Heatran|50\/100|[from] Salt Cure\n|-damage|p1a: Garganacl|42\/100|[from] move: Magma Storm|[partiallytrapped]\n|upkeep\n|turn|33\n|\n|t:|1700851033\n|move|p2a: Heatran|Earth Power|p1a: Garganacl\n|-supereffective|p1a: Garganacl\n|-damage|p1a: Garganacl|0 fnt\n|faint|p1a: Garganacl\n|\n|-heal|p2a: Heatran|57\/100|[from] item: Leftovers\n|-damage|p2a: Heatran|32\/100|[from] Salt Cure\n|upkeep\n|\n|t:|1700851040\n|switch|p1a: Poison|Toxapex, F|98\/100\n|turn|34\n|\n|t:|1700851045\n|move|p1a: Poison|Baneful Bunker|p1a: Poison\n|-singleturn|p1a: Poison|move: Protect\n|move|p2a: Heatran|Earth Power|p1a: Poison\n|-activate|p1a: Poison|move: Protect\n|\n|-heal|p2a: Heatran|38\/100|[from] item: Leftovers\n|-heal|p1a: Poison|100\/100|[from] item: Black Sludge\n|-damage|p2a: Heatran|13\/100|[from] Salt Cure\n|upkeep\n|turn|35\n|\n|t:|1700851055\n|move|p2a: Heatran|Earth Power|p1a: Poison\n|-supereffective|p1a: Poison\n|-damage|p1a: Poison|58\/100\n|move|p1a: Poison|Scald|p2a: Heatran\n|-supereffective|p2a: Heatran\n|-damage|p2a: Heatran|0 fnt\n|faint|p2a: Heatran\n|\n|-heal|p1a: Poison|65\/100|[from] item: Black Sludge\n|upkeep\n|\n|t:|1700851065\n|switch|p2a: Blaziken|Blaziken, M|55\/100\n|-status|p2a: Blaziken|psn\n|turn|36\n|\n|t:|1700851071\n|move|p2a: Blaziken|Flare Blitz|p1a: Poison\n|-resisted|p1a: Poison\n|-damage|p1a: Poison|48\/100\n|-status|p1a: Poison|brn\n|-damage|p2a: Blaziken|49\/100 psn|[from] Recoil\n|move|p1a: Poison|Haze|p1a: Poison\n|-clearallboost\n|\n|-heal|p1a: Poison|54\/100 brn|[from] item: Black Sludge\n|-damage|p2a: Blaziken|37\/100 psn|[from] psn\n|-damage|p1a: Poison|48\/100 brn|[from] brn\n|-ability|p2a: Blaziken|Speed Boost|boost\n|-boost|p2a: Blaziken|spe|1\n|upkeep\n|turn|37\n|\n|t:|1700851086\n|move|p2a: Blaziken|Swords Dance|p2a: Blaziken\n|-boost|p2a: Blaziken|atk|2\n|move|p1a: Poison|Scald|p2a: Blaziken\n|-supereffective|p2a: Blaziken\n|-damage|p2a: Blaziken|0 fnt\n|faint|p2a: Blaziken\n|\n|win|Marty1010\n|raw|Marty1010's rating: 1342 &rarr; <strong>1366<\/strong><br \/>(+24 for winning)\n|raw|davidbelolong3's rating: 1417 &rarr; <strong>1393<\/strong><br \/>(-24 for losing)\n|c|\u2606Marty1010|gg\n","uploadtime":1700851133,"views":7,"p1id":"marty1010","p2id":"davidbelolong3","formatid":"gen9nationaldex","rating":1366,"private":0,"password":""}