{"id":"gen9nationaldex-1996315707","p1":"runeatest","p2":"chentich","format":"[Gen 9] National Dex","log":"|html|<div class=\"broadcast-blue\"><strong>[Gen 9] National Dex is currently suspecting Sneasler! For information on how to participate check out the <a href=\"https:\/\/www.smogon.com\/forums\/threads\/sv-national-dex-suspect-8-just-dance.3731534\/\">suspect thread<\/a>.<\/strong><\/div>\n|j|\u2606runeatest\n|j|\u2606chentich\n|t:|1700670413\n|gametype|singles\n|player|p1|runeatest|fisherman-gen4|1159\n|player|p2|chentich|101|1232\n|teamsize|p1|6\n|teamsize|p2|6\n|gen|9\n|tier|[Gen 9] National Dex\n|rated|\n|rule|HP Percentage Mod: HP is shown in percentages\n|rule|Endless Battle Clause: Forcing endless battles is banned\n|rule|OHKO Clause: OHKO moves are banned\n|rule|Evasion Clause: Evasion abilities, items, and moves are banned\n|rule|Evasion Abilities Clause: Evasion abilities are banned\n|rule|Evasion Items Clause: Evasion items are banned\n|rule|Evasion Moves Clause: Evasion moves are banned\n|rule|Species Clause: Limit one of each Pok\u00e9mon\n|rule|Sleep Clause Mod: Limit one foe put to sleep\n|clearpoke\n|poke|p1|Vaporeon, M|\n|poke|p1|Salamence, M|\n|poke|p1|Hitmontop, M|\n|poke|p1|Electivire, M|\n|poke|p1|Togekiss, M|\n|poke|p1|Houndoom, M|\n|poke|p2|Kommo-o, F|\n|poke|p2|Tapu Fini|\n|poke|p2|Sneasler, F|\n|poke|p2|Urshifu-*, F|\n|poke|p2|Zamazenta-*|\n|poke|p2|Scizor, F|\n|teampreview\n|inactive|Battle timer is ON: inactive players will automatically lose when time's up. (requested by runeatest)\n|\n|t:|1700670420\n|start\n|switch|p1a: Salamence|Salamence, M|100\/100\n|switch|p2a: Sneasler|Sneasler, F|100\/100\n|-ability|p1a: Salamence|Intimidate|boost\n|-unboost|p2a: Sneasler|atk|1\n|turn|1\n|inactive|runeatest has 120 seconds left.\n|\n|t:|1700670478\n|switch|p2a: Zamazenta|Zamazenta|100\/100\n|-ability|p2a: Zamazenta|Dauntless Shield|boost\n|-boost|p2a: Zamazenta|def|1\n|move|p1a: Salamence|Air Slash|p2a: Zamazenta\n|-supereffective|p2a: Zamazenta\n|-damage|p2a: Zamazenta|16\/100\n|\n|-heal|p2a: Zamazenta|22\/100|[from] item: Leftovers\n|upkeep\n|turn|2\n|\n|t:|1700670498\n|-terastallize|p2a: Zamazenta|Steel\n|move|p2a: Zamazenta|Iron Defense|p2a: Zamazenta\n|-boost|p2a: Zamazenta|def|2\n|move|p1a: Salamence|Air Slash|p2a: Zamazenta\n|-resisted|p2a: Zamazenta\n|-damage|p2a: Zamazenta|2\/100\n|\n|-heal|p2a: Zamazenta|9\/100|[from] item: Leftovers\n|upkeep\n|turn|3\n|\n|t:|1700670508\n|move|p2a: Zamazenta|Body Press|p1a: Salamence\n|-resisted|p1a: Salamence\n|-damage|p1a: Salamence|50\/100\n|move|p1a: Salamence|Air Slash|p2a: Zamazenta\n|-resisted|p2a: Zamazenta\n|-damage|p2a: Zamazenta|0 fnt\n|faint|p2a: Zamazenta\n|\n|upkeep\n|\n|t:|1700670519\n|switch|p2a: Scizor|Scizor, F|100\/100\n|turn|4\n|\n|t:|1700670525\n|switch|p1a: Houndoom|Houndoom, M|100\/100\n|detailschange|p2a: Scizor|Scizor-Mega, F\n|-mega|p2a: Scizor|Scizor|Scizorite\n|move|p2a: Scizor|Swords Dance|p2a: Scizor\n|-boost|p2a: Scizor|atk|2\n|\n|upkeep\n|turn|5\n|\n|t:|1700670536\n|switch|p2a: Urshifu|Urshifu-Rapid-Strike, F|100\/100\n|move|p1a: Houndoom|Flamethrower|p2a: Urshifu\n|-resisted|p2a: Urshifu\n|-damage|p2a: Urshifu|70\/100\n|\n|upkeep\n|turn|6\n|\n|t:|1700670544\n|switch|p1a: Vaporeon|Vaporeon, M|100\/100\n|move|p2a: Urshifu|Swords Dance|p2a: Urshifu\n|-boost|p2a: Urshifu|atk|2\n|\n|upkeep\n|turn|7\n|\n|t:|1700670551\n|move|p2a: Urshifu|Trailblaze|p1a: Vaporeon\n|-supereffective|p1a: Vaporeon\n|-damage|p1a: Vaporeon|28\/100\n|-boost|p2a: Urshifu|spe|1\n|move|p1a: Vaporeon|Hidden Power|p2a: Urshifu\n|-supereffective|p2a: Urshifu\n|-damage|p2a: Urshifu|5\/100\n|\n|-heal|p1a: Vaporeon|35\/100|[from] item: Leftovers\n|upkeep\n|turn|8\n|\n|t:|1700670562\n|switch|p1a: Salamence|Salamence, M|50\/100\n|-ability|p1a: Salamence|Intimidate|boost\n|-unboost|p2a: Urshifu|atk|1\n|move|p2a: Urshifu|Trailblaze|p1a: Salamence\n|-resisted|p1a: Salamence\n|-damage|p1a: Salamence|42\/100\n|-boost|p2a: Urshifu|spe|1\n|\n|upkeep\n|turn|9\n|\n|t:|1700670572\n|switch|p1a: Vaporeon|Vaporeon, M|35\/100\n|move|p2a: Urshifu|Surging Strikes|p1a: Vaporeon\n|-heal|p1a: Vaporeon|59\/100|[from] ability: Water Absorb|[of] p2a: Urshifu\n|\n|-heal|p1a: Vaporeon|66\/100|[from] item: Leftovers\n|upkeep\n|turn|10\n|\n|t:|1700670588\n|move|p2a: Urshifu|Trailblaze|p1a: Vaporeon\n|-supereffective|p1a: Vaporeon\n|-damage|p1a: Vaporeon|17\/100\n|-boost|p2a: Urshifu|spe|1\n|move|p1a: Vaporeon|Hidden Power|p2a: Urshifu\n|-supereffective|p2a: Urshifu\n|-damage|p2a: Urshifu|0 fnt\n|faint|p2a: Urshifu\n|\n|-heal|p1a: Vaporeon|23\/100|[from] item: Leftovers\n|upkeep\n|\n|t:|1700670605\n|switch|p2a: Tapu Fini|Tapu Fini|100\/100\n|-fieldstart|move: Misty Terrain|[from] ability: Misty Surge|[of] p2a: Tapu Fini\n|turn|11\n|\n|t:|1700670612\n|move|p2a: Tapu Fini|Calm Mind|p2a: Tapu Fini\n|-boost|p2a: Tapu Fini|spa|1\n|-boost|p2a: Tapu Fini|spd|1\n|move|p1a: Vaporeon|Hidden Power|p2a: Tapu Fini\n|-supereffective|p2a: Tapu Fini\n|-damage|p2a: Tapu Fini|79\/100\n|\n|-heal|p2a: Tapu Fini|85\/100|[from] item: Leftovers\n|-heal|p1a: Vaporeon|29\/100|[from] item: Leftovers\n|upkeep\n|turn|12\n|\n|t:|1700670622\n|move|p2a: Tapu Fini|Calm Mind|p2a: Tapu Fini\n|-boost|p2a: Tapu Fini|spa|1\n|-boost|p2a: Tapu Fini|spd|1\n|move|p1a: Vaporeon|Hidden Power|p2a: Tapu Fini\n|-supereffective|p2a: Tapu Fini\n|-damage|p2a: Tapu Fini|70\/100\n|\n|-heal|p2a: Tapu Fini|76\/100|[from] item: Leftovers\n|-heal|p1a: Vaporeon|36\/100|[from] item: Leftovers\n|upkeep\n|turn|13\n|\n|t:|1700670633\n|switch|p1a: Electivire|Electivire, M, shiny|100\/100\n|-item|p1a: Electivire|Air Balloon\n|move|p2a: Tapu Fini|Calm Mind|p2a: Tapu Fini\n|-boost|p2a: Tapu Fini|spa|1\n|-boost|p2a: Tapu Fini|spd|1\n|\n|-heal|p2a: Tapu Fini|82\/100|[from] item: Leftovers\n|upkeep\n|turn|14\n|\n|t:|1700670643\n|move|p1a: Electivire|Thunder Punch|p2a: Tapu Fini\n|-supereffective|p2a: Tapu Fini\n|-damage|p2a: Tapu Fini|22\/100\n|move|p2a: Tapu Fini|Stored Power|p1a: Electivire\n|-damage|p1a: Electivire|0 fnt\n|-enditem|p1a: Electivire|Air Balloon\n|faint|p1a: Electivire\n|\n|-heal|p2a: Tapu Fini|28\/100|[from] item: Leftovers\n|upkeep\n|\n|t:|1700670658\n|switch|p1a: Hitmontop|Hitmontop, M|100\/100\n|turn|15\n|\n|t:|1700670669\n|move|p1a: Hitmontop|Fake Out|p2a: Tapu Fini\n|-damage|p2a: Tapu Fini|13\/100\n|cant|p2a: Tapu Fini|flinch\n|\n|-heal|p2a: Tapu Fini|19\/100|[from] item: Leftovers\n|-fieldend|Misty Terrain\n|upkeep\n|turn|16\n|\n|t:|1700670677\n|move|p1a: Hitmontop|Rapid Spin|p2a: Tapu Fini\n|-damage|p2a: Tapu Fini|1\/100\n|-boost|p1a: Hitmontop|spe|1\n|move|p2a: Tapu Fini|Stored Power|p1a: Hitmontop\n|-supereffective|p1a: Hitmontop\n|-enditem|p1a: Hitmontop|Focus Sash\n|-damage|p1a: Hitmontop|1\/100\n|\n|-heal|p2a: Tapu Fini|7\/100|[from] item: Leftovers\n|upkeep\n|turn|17\n|\n|t:|1700670691\n|move|p1a: Hitmontop|Sucker Punch|p2a: Tapu Fini\n|-resisted|p2a: Tapu Fini\n|-damage|p2a: Tapu Fini|0 fnt\n|faint|p2a: Tapu Fini\n|\n|upkeep\n|\n|t:|1700670702\n|switch|p2a: Scizor|Scizor-Mega, F|100\/100\n|turn|18\n|\n|t:|1700670709\n|switch|p1a: Salamence|Salamence, M|42\/100\n|-ability|p1a: Salamence|Intimidate|boost\n|-unboost|p2a: Scizor|atk|1\n|move|p2a: Scizor|Bullet Punch|p1a: Salamence\n|-damage|p1a: Salamence|9\/100\n|\n|upkeep\n|turn|19\n|\n|t:|1700670719\n|move|p2a: Scizor|Bullet Punch|p1a: Salamence\n|-damage|p1a: Salamence|0 fnt\n|faint|p1a: Salamence\n|\n|upkeep\n|\n|t:|1700670723\n|switch|p1a: Houndoom|Houndoom, M|100\/100\n|turn|20\n|\n|t:|1700670730\n|switch|p2a: Sneasler|Sneasler, F|100\/100\n|move|p1a: Houndoom|Flamethrower|p2a: Sneasler\n|-damage|p2a: Sneasler|44\/100\n|\n|upkeep\n|turn|21\n|\n|t:|1700670739\n|switch|p1a: Vaporeon|Vaporeon, M|36\/100\n|move|p2a: Sneasler|Dire Claw|p1a: Vaporeon\n|-damage|p1a: Vaporeon|0 fnt\n|faint|p1a: Vaporeon\n|\n|upkeep\n|\n|t:|1700670746\n|switch|p1a: Hitmontop|Hitmontop, M|1\/100\n|turn|22\n|\n|t:|1700670750\n|move|p1a: Hitmontop|Fake Out|p2a: Sneasler\n|-damage|p2a: Sneasler|10\/100\n|cant|p2a: Sneasler|flinch\n|\n|upkeep\n|turn|23\n|\n|t:|1700670756\n|move|p1a: Hitmontop|Sucker Punch|p2a: Sneasler\n|-resisted|p2a: Sneasler\n|-damage|p2a: Sneasler|0 fnt\n|faint|p2a: Sneasler\n|\n|upkeep\n|\n|t:|1700670762\n|switch|p2a: Scizor|Scizor-Mega, F|100\/100\n|turn|24\n|\n|t:|1700670766\n|move|p2a: Scizor|Bullet Punch|p1a: Hitmontop\n|-damage|p1a: Hitmontop|0 fnt\n|faint|p1a: Hitmontop\n|\n|upkeep\n|\n|t:|1700670771\n|switch|p1a: Houndoom|Houndoom, M|100\/100\n|turn|25\n|\n|t:|1700670777\n|move|p1a: Houndoom|Flamethrower|p2a: Scizor\n|-supereffective|p2a: Scizor\n|-crit|p2a: Scizor\n|-damage|p2a: Scizor|0 fnt\n|faint|p2a: Scizor\n|\n|upkeep\n|\n|t:|1700670784\n|switch|p2a: Kommo-o|Kommo-o, F|100\/100\n|turn|26\n|\n|t:|1700670793\n|switch|p1a: Togekiss|Togekiss, M, shiny|100\/100\n|-zpower|p2a: Kommo-o\n|move|p2a: Kommo-o|Clangorous Soulblaze|p1a: Togekiss|[zeffect]\n|-immune|p1a: Togekiss\n|\n|upkeep\n|turn|27\n|\n|t:|1700670807\n|move|p1a: Togekiss|Thunder Wave|p2a: Kommo-o\n|-status|p2a: Kommo-o|par\n|move|p2a: Kommo-o|Clangorous Soul|p2a: Kommo-o\n|-boost|p2a: Kommo-o|atk|1\n|-boost|p2a: Kommo-o|def|1\n|-boost|p2a: Kommo-o|spa|1\n|-boost|p2a: Kommo-o|spd|1\n|-boost|p2a: Kommo-o|spe|1\n|-damage|p2a: Kommo-o|68\/100 par\n|\n|upkeep\n|turn|28\n|\n|t:|1700670821\n|move|p1a: Togekiss|Air Slash|p2a: Kommo-o|[miss]\n|-miss|p1a: Togekiss|p2a: Kommo-o\n|cant|p2a: Kommo-o|par\n|\n|upkeep\n|turn|29\n|\n|t:|1700670827\n|move|p1a: Togekiss|Air Slash|p2a: Kommo-o\n|-supereffective|p2a: Kommo-o\n|-damage|p2a: Kommo-o|15\/100 par\n|cant|p2a: Kommo-o|flinch\n|\n|upkeep\n|turn|30\n|\n|t:|1700670833\n|move|p1a: Togekiss|Dazzling Gleam|p2a: Kommo-o\n|-supereffective|p2a: Kommo-o\n|-damage|p2a: Kommo-o|0 fnt\n|faint|p2a: Kommo-o\n|\n|win|runeatest\n|raw|runeatest's rating: 1159 &rarr; <strong>1189<\/strong><br \/>(+30 for winning)\n|raw|chentich's rating: 1232 &rarr; <strong>1202<\/strong><br \/>(-30 for losing)\n|l|\u2606chentich\n","uploadtime":1700670841,"views":1,"p1id":"runeatest","p2id":"chentich","formatid":"gen9nationaldex","rating":1189,"private":0,"password":""}