{"id":"gen9nationaldex-1997197050","p1":"Tay2252","p2":"lysssop","format":"[Gen 9] National Dex","log":"|html|<div class=\"broadcast-blue\"><strong>[Gen 9] National Dex is currently suspecting Sneasler! For information on how to participate check out the <a href=\"https:\/\/www.smogon.com\/forums\/threads\/sv-national-dex-suspect-8-just-dance.3731534\/\">suspect thread<\/a>.<\/strong><\/div>\n|j|\u2606Tay2252\n|j|\u2606lysssop\n|t:|1700774519\n|gametype|singles\n|player|p1|Tay2252|marlon|1117\n|player|p2|lysssop|medium-gen2jp|1000\n|teamsize|p1|6\n|teamsize|p2|6\n|gen|9\n|tier|[Gen 9] National Dex\n|rated|\n|rule|HP Percentage Mod: HP is shown in percentages\n|rule|Endless Battle Clause: Forcing endless battles is banned\n|rule|OHKO Clause: OHKO moves are banned\n|rule|Evasion Clause: Evasion abilities, items, and moves are banned\n|rule|Evasion Abilities Clause: Evasion abilities are banned\n|rule|Evasion Items Clause: Evasion items are banned\n|rule|Evasion Moves Clause: Evasion moves are banned\n|rule|Species Clause: Limit one of each Pok\u00e9mon\n|rule|Sleep Clause Mod: Limit one foe put to sleep\n|clearpoke\n|poke|p1|Swampert, M|\n|poke|p1|Slowbro, M|\n|poke|p1|Dragonite, M|\n|poke|p1|Malamar, F|\n|poke|p1|Golurk|\n|poke|p1|Whimsicott, M|\n|poke|p2|Hydreigon, M|\n|poke|p2|Chandelure, F|\n|poke|p2|Aerodactyl, F|\n|poke|p2|Hawlucha, M|\n|poke|p2|Yanmega, M|\n|poke|p2|Araquanid, M|\n|teampreview\n|inactive|Battle timer is ON: inactive players will automatically lose when time's up. (requested by Tay2252)\n|c|\u2606Tay2252|Gl\n|inactive|lysssop has 120 seconds left.\n|\n|t:|1700774569\n|start\n|switch|p1a: Golurk|Golurk|100\/100\n|switch|p2a: Zsmgesetzter HN|Aerodactyl, F|100\/100\n|-ability|p2a: Zsmgesetzter HN|Pressure\n|turn|1\n|\n|t:|1700774578\n|move|p2a: Zsmgesetzter HN|Dual Wingbeat|p1a: Golurk\n|-damage|p1a: Golurk|83\/100\n|-damage|p1a: Golurk|64\/100\n|-hitcount|p1a: Golurk|2\n|move|p1a: Golurk|Dynamic Punch|p2a: Zsmgesetzter HN\n|-damage|p2a: Zsmgesetzter HN|53\/100\n|-start|p2a: Zsmgesetzter HN|confusion\n|\n|upkeep\n|turn|2\n|inactive|lysssop has 120 seconds left.\n|inactive|lysssop has 90 seconds left.\n|\n|t:|1700774642\n|-activate|p2a: Zsmgesetzter HN|confusion\n|-damage|p2a: Zsmgesetzter HN|34\/100|[from] confusion\n|move|p1a: Golurk|Stone Edge|p2a: Zsmgesetzter HN\n|-supereffective|p2a: Zsmgesetzter HN\n|-damage|p2a: Zsmgesetzter HN|0 fnt\n|faint|p2a: Zsmgesetzter HN\n|\n|upkeep\n|inactive|lysssop has 90 seconds left.\n|\n|t:|1700774650\n|switch|p2a: Aufgeblasener Hn|Araquanid, M|100\/100\n|turn|3\n|\n|t:|1700774658\n|move|p1a: Golurk|Stone Edge|p2a: Aufgeblasener Hn\n|-supereffective|p2a: Aufgeblasener Hn\n|-damage|p2a: Aufgeblasener Hn|43\/100\n|move|p2a: Aufgeblasener Hn|Sticky Web|p1a: Golurk\n|-sidestart|p1: Tay2252|move: Sticky Web\n|\n|upkeep\n|turn|4\n|inactive|lysssop has 90 seconds left.\n|\n|t:|1700774684\n|move|p1a: Golurk|Dynamic Punch|p2a: Aufgeblasener Hn\n|-resisted|p2a: Aufgeblasener Hn\n|-damage|p2a: Aufgeblasener Hn|27\/100\n|-start|p2a: Aufgeblasener Hn|confusion\n|-activate|p2a: Aufgeblasener Hn|confusion\n|-damage|p2a: Aufgeblasener Hn|17\/100|[from] confusion\n|-enditem|p2a: Aufgeblasener Hn|Aguav Berry|[eat]\n|-heal|p2a: Aufgeblasener Hn|50\/100|[from] item: Aguav Berry\n|\n|upkeep\n|turn|5\n|\n|t:|1700774694\n|move|p1a: Golurk|Stone Edge|p2a: Aufgeblasener Hn\n|-supereffective|p2a: Aufgeblasener Hn\n|-crit|p2a: Aufgeblasener Hn\n|-damage|p2a: Aufgeblasener Hn|0 fnt\n|faint|p2a: Aufgeblasener Hn\n|\n|upkeep\n|inactive|lysssop has 90 seconds left.\n|inactive|lysssop has 60 seconds left.\n|inactive|lysssop has 30 seconds left.\n|\n|t:|1700774766\n|switch|p2a: AllesverbrenndaHN|Hydreigon, M|100\/100\n|turn|6\n|\n|t:|1700774770\n|move|p2a: AllesverbrenndaHN|Nasty Plot|p2a: AllesverbrenndaHN\n|-boost|p2a: AllesverbrenndaHN|spa|2\n|move|p1a: Golurk|Dynamic Punch|p2a: AllesverbrenndaHN\n|-supereffective|p2a: AllesverbrenndaHN\n|-damage|p2a: AllesverbrenndaHN|25\/100\n|-start|p2a: AllesverbrenndaHN|confusion\n|\n|upkeep\n|turn|7\n|\n|t:|1700774774\n|-activate|p2a: AllesverbrenndaHN|confusion\n|move|p2a: AllesverbrenndaHN|Dragon Pulse|p1a: Golurk\n|-damage|p1a: Golurk|7\/100\n|move|p1a: Golurk|Dynamic Punch|p2a: AllesverbrenndaHN\n|-supereffective|p2a: AllesverbrenndaHN\n|-damage|p2a: AllesverbrenndaHN|0 fnt\n|faint|p2a: AllesverbrenndaHN\n|\n|upkeep\n|\n|t:|1700774777\n|switch|p2a: T\u00f6dlicher HN|Yanmega, M|100\/100\n|turn|8\n|inactive|lysssop has 60 seconds left.\n|\n|t:|1700774785\n|move|p2a: T\u00f6dlicher HN|Bug Buzz|p1a: Golurk\n|-resisted|p1a: Golurk\n|-damage|p1a: Golurk|0 fnt\n|faint|p1a: Golurk\n|\n|-ability|p2a: T\u00f6dlicher HN|Speed Boost|boost\n|-boost|p2a: T\u00f6dlicher HN|spe|1\n|upkeep\n|\n|t:|1700774797\n|switch|p1a: Malamar|Malamar, F|100\/100\n|-activate|p1a: Malamar|move: Sticky Web\n|-boost|p1a: Malamar|spe|1\n|turn|9\n|\n|t:|1700774807\n|-terastallize|p1a: Malamar|Fighting\n|move|p2a: T\u00f6dlicher HN|Bug Buzz|p1a: Malamar\n|-resisted|p1a: Malamar\n|-damage|p1a: Malamar|78\/100\n|move|p1a: Malamar|Superpower|p2a: T\u00f6dlicher HN\n|-resisted|p2a: T\u00f6dlicher HN\n|-damage|p2a: T\u00f6dlicher HN|90\/100\n|-boost|p1a: Malamar|atk|1\n|-boost|p1a: Malamar|def|1\n|\n|-heal|p1a: Malamar|85\/100|[from] item: Leftovers\n|-ability|p2a: T\u00f6dlicher HN|Speed Boost|boost\n|-boost|p2a: T\u00f6dlicher HN|spe|1\n|upkeep\n|turn|10\n|\n|t:|1700774811\n|move|p2a: T\u00f6dlicher HN|Air Slash|p1a: Malamar\n|-supereffective|p1a: Malamar\n|-damage|p1a: Malamar|10\/100\n|move|p1a: Malamar|Liquidation|p2a: T\u00f6dlicher HN\n|-damage|p2a: T\u00f6dlicher HN|59\/100\n|\n|-heal|p1a: Malamar|16\/100|[from] item: Leftovers\n|-ability|p2a: T\u00f6dlicher HN|Speed Boost|boost\n|-boost|p2a: T\u00f6dlicher HN|spe|1\n|upkeep\n|turn|11\n|\n|t:|1700774818\n|move|p2a: T\u00f6dlicher HN|Air Slash|p1a: Malamar\n|-supereffective|p1a: Malamar\n|-damage|p1a: Malamar|0 fnt\n|faint|p1a: Malamar\n|\n|-ability|p2a: T\u00f6dlicher HN|Speed Boost|boost\n|-boost|p2a: T\u00f6dlicher HN|spe|1\n|upkeep\n|\n|t:|1700774828\n|switch|p1a: Jordan|Dragonite, M|100\/100\n|turn|12\n|inactive|lysssop has 90 seconds left.\n|inactive|lysssop has 60 seconds left.\n|\n|t:|1700774884\n|move|p2a: T\u00f6dlicher HN|Air Slash|p1a: Jordan\n|-damage|p1a: Jordan|61\/100\n|move|p1a: Jordan|Dragon Dance|p1a: Jordan\n|-boost|p1a: Jordan|atk|1\n|-boost|p1a: Jordan|spe|1\n|\n|-ability|p2a: T\u00f6dlicher HN|Speed Boost|boost\n|-boost|p2a: T\u00f6dlicher HN|spe|1\n|upkeep\n|turn|13\n|\n|t:|1700774903\n|move|p2a: T\u00f6dlicher HN|Air Slash|p1a: Jordan\n|-damage|p1a: Jordan|21\/100\n|move|p1a: Jordan|Dual Wingbeat|p2a: T\u00f6dlicher HN|[miss]\n|-miss|p1a: Jordan|p2a: T\u00f6dlicher HN\n|\n|-ability|p2a: T\u00f6dlicher HN|Speed Boost|boost\n|-boost|p2a: T\u00f6dlicher HN|spe|1\n|upkeep\n|turn|14\n|\n|t:|1700774916\n|move|p1a: Jordan|Aqua Jet|p2a: T\u00f6dlicher HN\n|-damage|p2a: T\u00f6dlicher HN|30\/100\n|move|p2a: T\u00f6dlicher HN|Air Slash|p1a: Jordan\n|-damage|p1a: Jordan|0 fnt\n|faint|p1a: Jordan\n|\n|upkeep\n|\n|t:|1700774922\n|switch|p1a: Swampert|Swampert, M|100\/100\n|-activate|p1a: Swampert|move: Sticky Web\n|-unboost|p1a: Swampert|spe|1\n|turn|15\n|\n|t:|1700774926\n|move|p2a: T\u00f6dlicher HN|Giga Drain|p1a: Swampert\n|-supereffective|p1a: Swampert\n|-damage|p1a: Swampert|1\/100\n|-heal|p2a: T\u00f6dlicher HN|94\/100|[from] drain|[of] p1a: Swampert\n|move|p1a: Swampert|Rain Dance|p1a: Swampert\n|-weather|RainDance\n|\n|-weather|RainDance|[upkeep]\n|upkeep\n|turn|16\n|inactive|lysssop has 90 seconds left.\n|\n|t:|1700774933\n|move|p2a: T\u00f6dlicher HN|Giga Drain|p1a: Swampert\n|-supereffective|p1a: Swampert\n|-damage|p1a: Swampert|0 fnt\n|-heal|p2a: T\u00f6dlicher HN|94\/100|[from] drain|[of] p1a: Swampert\n|faint|p1a: Swampert\n|\n|-weather|RainDance|[upkeep]\n|upkeep\n|-message|Tay2252 forfeited.\n|\n|win|lysssop\n|raw|Tay2252's rating: 1117 &rarr; <strong>1084<\/strong><br \/>(-33 for losing)\n|raw|lysssop's rating: 1000 &rarr; <strong>1053<\/strong><br \/>(+53 for winning)\n|l|\u2606Tay2252\n","uploadtime":1700774938,"views":6,"p1id":"tay2252","p2id":"lysssop","formatid":"gen9nationaldex","rating":1053,"private":0,"password":""}