{"id":"gen9nationaldex-1993164876","p1":"Veronica777","p2":"lklhjk","format":"[Gen 9] National Dex","log":"|j|\u2606Veronica777\n|j|\u2606lklhjk\n|t:|1700272667\n|gametype|singles\n|player|p1|Veronica777|furisodegirl-white|1040\n|player|p2|lklhjk|hiker-gen4|1000\n|teamsize|p1|6\n|teamsize|p2|6\n|gen|9\n|tier|[Gen 9] National Dex\n|rated|\n|rule|HP Percentage Mod: HP is shown in percentages\n|rule|Endless Battle Clause: Forcing endless battles is banned\n|rule|OHKO Clause: OHKO moves are banned\n|rule|Evasion Clause: Evasion abilities, items, and moves are banned\n|rule|Evasion Abilities Clause: Evasion abilities are banned\n|rule|Evasion Items Clause: Evasion items are banned\n|rule|Evasion Moves Clause: Evasion moves are banned\n|rule|Species Clause: Limit one of each Pok\u00e9mon\n|rule|Sleep Clause Mod: Limit one foe put to sleep\n|clearpoke\n|poke|p1|Raichu-Alola, F|\n|poke|p1|Mr. Rime, M|\n|poke|p1|Goodra-Hisui, F|\n|poke|p1|Toedscruel, F|\n|poke|p1|Salazzle, F|\n|poke|p1|Gyarados, M|\n|poke|p2|Shuckle, M|\n|poke|p2|Aegislash, M|\n|poke|p2|Dragonite, F|\n|poke|p2|Crobat, M|\n|poke|p2|Rapidash, M|\n|poke|p2|Corsola, M|\n|teampreview\n|\n|t:|1700272676\n|start\n|switch|p1a: Goodra|Goodra-Hisui, F|100\/100\n|switch|p2a: Shuckle|Shuckle, M|100\/100\n|turn|1\n|\n|t:|1700272685\n|move|p1a: Goodra|Flash Cannon|p2a: Shuckle\n|-supereffective|p2a: Shuckle\n|-damage|p2a: Shuckle|53\/100\n|move|p2a: Shuckle|Shell Smash|p2a: Shuckle\n|-boost|p2a: Shuckle|def|1\n|-boost|p2a: Shuckle|spd|1\n|-unboost|p2a: Shuckle|atk|2\n|-unboost|p2a: Shuckle|spa|2\n|-unboost|p2a: Shuckle|spe|2\n|\n|-heal|p2a: Shuckle|59\/100|[from] item: Leftovers\n|upkeep\n|turn|2\n|\n|t:|1700272697\n|-terastallize|p2a: Shuckle|Fire\n|move|p1a: Goodra|Surf|p2a: Shuckle\n|-supereffective|p2a: Shuckle\n|-damage|p2a: Shuckle|35\/100\n|move|p2a: Shuckle|Shell Smash|p2a: Shuckle\n|-boost|p2a: Shuckle|def|1\n|-boost|p2a: Shuckle|spd|1\n|-unboost|p2a: Shuckle|atk|2\n|-unboost|p2a: Shuckle|spa|2\n|-unboost|p2a: Shuckle|spe|2\n|\n|-heal|p2a: Shuckle|41\/100|[from] item: Leftovers\n|upkeep\n|turn|3\n|\n|t:|1700272709\n|switch|p1a: Salazzle|Salazzle, F|100\/100\n|move|p2a: Shuckle|Shell Smash|p2a: Shuckle\n|-boost|p2a: Shuckle|def|1\n|-boost|p2a: Shuckle|spd|1\n|-unboost|p2a: Shuckle|atk|2\n|-unboost|p2a: Shuckle|spa|2\n|-unboost|p2a: Shuckle|spe|2\n|\n|-heal|p2a: Shuckle|48\/100|[from] item: Leftovers\n|upkeep\n|turn|4\n|\n|t:|1700272719\n|move|p1a: Salazzle|Toxic|p2a: Shuckle\n|-status|p2a: Shuckle|tox\n|move|p2a: Shuckle|Shell Smash|p2a: Shuckle\n|-boost|p2a: Shuckle|def|1\n|-boost|p2a: Shuckle|spd|1\n|-unboost|p2a: Shuckle|atk|0\n|-unboost|p2a: Shuckle|spa|0\n|-unboost|p2a: Shuckle|spe|0\n|\n|-heal|p2a: Shuckle|54\/100 tox|[from] item: Leftovers\n|-damage|p2a: Shuckle|48\/100 tox|[from] psn\n|upkeep\n|turn|5\n|\n|t:|1700272730\n|move|p1a: Salazzle|Sludge Bomb|p2a: Shuckle\n|-damage|p2a: Shuckle|39\/100 tox\n|move|p2a: Shuckle|Shell Smash|p2a: Shuckle\n|-boost|p2a: Shuckle|def|1\n|-boost|p2a: Shuckle|spd|1\n|-unboost|p2a: Shuckle|atk|0\n|-unboost|p2a: Shuckle|spa|0\n|-unboost|p2a: Shuckle|spe|0\n|\n|-heal|p2a: Shuckle|45\/100 tox|[from] item: Leftovers\n|-damage|p2a: Shuckle|33\/100 tox|[from] psn\n|upkeep\n|turn|6\n|\n|t:|1700272742\n|move|p1a: Salazzle|Burning Jealousy|p2a: Shuckle\n|-resisted|p2a: Shuckle\n|-damage|p2a: Shuckle|30\/100 tox\n|move|p2a: Shuckle|Rest|p2a: Shuckle\n|-status|p2a: Shuckle|slp|[from] move: Rest\n|-heal|p2a: Shuckle|100\/100 slp|[silent]\n|\n|upkeep\n|turn|7\n|\n|t:|1700272755\n|switch|p1a: Gyarados|Gyarados, M|100\/100\n|-ability|p1a: Gyarados|Intimidate|boost\n|-boost|p2a: Shuckle|atk|1\n|cant|p2a: Shuckle|slp\n|\n|upkeep\n|turn|8\n|\n|t:|1700272761\n|detailschange|p1a: Gyarados|Gyarados-Mega, M\n|-mega|p1a: Gyarados|Gyarados|Gyaradosite\n|-ability|p1a: Gyarados|Mold Breaker\n|move|p1a: Gyarados|Dragon Dance|p1a: Gyarados\n|-boost|p1a: Gyarados|atk|1\n|-boost|p1a: Gyarados|spe|1\n|cant|p2a: Shuckle|slp\n|\n|upkeep\n|turn|9\n|\n|t:|1700272768\n|move|p1a: Gyarados|Dragon Dance|p1a: Gyarados\n|-boost|p1a: Gyarados|atk|1\n|-boost|p1a: Gyarados|spe|1\n|-curestatus|p2a: Shuckle|slp|[msg]\n|move|p2a: Shuckle|Toxic|p1a: Gyarados\n|-status|p1a: Gyarados|tox\n|\n|-damage|p1a: Gyarados|94\/100 tox|[from] psn\n|upkeep\n|turn|10\n|\n|t:|1700272790\n|move|p1a: Gyarados|Waterfall|p2a: Shuckle\n|-supereffective|p2a: Shuckle\n|-damage|p2a: Shuckle|65\/100\n|move|p2a: Shuckle|Infestation|p1a: Gyarados\n|-supereffective|p1a: Gyarados\n|-damage|p1a: Gyarados|94\/100 tox\n|-activate|p1a: Gyarados|move: Infestation|[of] p2a: Shuckle\n|\n|-heal|p2a: Shuckle|71\/100|[from] item: Leftovers\n|-damage|p1a: Gyarados|82\/100 tox|[from] psn\n|-damage|p1a: Gyarados|69\/100 tox|[from] move: Infestation|[partiallytrapped]\n|upkeep\n|turn|11\n|\n|t:|1700272799\n|move|p1a: Gyarados|Earthquake|p2a: Shuckle\n|-supereffective|p2a: Shuckle\n|-crit|p2a: Shuckle\n|-damage|p2a: Shuckle|0 fnt\n|faint|p2a: Shuckle\n|\n|-damage|p1a: Gyarados|51\/100 tox|[from] psn\n|-end|p1a: Gyarados|Infestation|[partiallytrapped]|[silent]\n|upkeep\n|\n|t:|1700272808\n|switch|p2a: Dragonite|Dragonite, F|100\/100\n|turn|12\n|\n|t:|1700272818\n|move|p2a: Dragonite|Detect|p2a: Dragonite\n|-singleturn|p2a: Dragonite|Protect\n|move|p1a: Gyarados|Crunch|p2a: Dragonite\n|-activate|p2a: Dragonite|move: Protect\n|\n|-damage|p1a: Gyarados|27\/100 tox|[from] psn\n|upkeep\n|turn|13\n|\n|t:|1700272834\n|move|p1a: Gyarados|Crunch|p2a: Dragonite\n|-damage|p2a: Dragonite|36\/100\n|-unboost|p2a: Dragonite|def|1\n|move|p2a: Dragonite|Roost|p2a: Dragonite\n|-heal|p2a: Dragonite|86\/100\n|-singleturn|p2a: Dragonite|move: Roost\n|\n|-damage|p1a: Gyarados|0 fnt|[from] psn\n|faint|p1a: Gyarados\n|upkeep\n|\n|t:|1700272839\n|switch|p1a: Mr. Rime|Mr. Rime, M|100\/100\n|turn|14\n|\n|t:|1700272855\n|switch|p2a: Rapidash|Rapidash, M|100\/100\n|move|p1a: Mr. Rime|Ice Beam|p2a: Rapidash\n|-resisted|p2a: Rapidash\n|-damage|p2a: Rapidash|67\/100\n|\n|upkeep\n|turn|15\n|\n|t:|1700272884\n|move|p2a: Rapidash|Flare Blitz|p1a: Mr. Rime\n|-supereffective|p1a: Mr. Rime\n|-damage|p1a: Mr. Rime|0 fnt\n|faint|p1a: Mr. Rime\n|-damage|p2a: Rapidash|30\/100|[from] Recoil\n|\n|upkeep\n|\n|t:|1700272889\n|switch|p1a: Raichu|Raichu-Alola, F|100\/100\n|turn|16\n|\n|t:|1700272893\n|move|p1a: Raichu|Surf|p2a: Rapidash\n|-supereffective|p2a: Rapidash\n|-damage|p2a: Rapidash|0 fnt\n|faint|p2a: Rapidash\n|\n|upkeep\n|\n|t:|1700272904\n|switch|p2a: Corsola|Corsola, M|100\/100\n|turn|17\n|\n|t:|1700272914\n|-zpower|p1a: Raichu\n|move|p1a: Raichu|Stoked Sparksurfer|p2a: Corsola|[zeffect]\n|-supereffective|p2a: Corsola\n|-damage|p2a: Corsola|0 fnt\n|faint|p2a: Corsola\n|\n|upkeep\n|\n|t:|1700272923\n|switch|p2a: Crobat|Crobat, M|100\/100\n|turn|18\n|\n|t:|1700272940\n|move|p2a: Crobat|Hypnosis|p1a: Raichu|[miss]\n|-miss|p2a: Crobat|p1a: Raichu\n|move|p1a: Raichu|Thunderbolt|p2a: Crobat\n|-supereffective|p2a: Crobat\n|-enditem|p2a: Crobat|Focus Sash\n|-damage|p2a: Crobat|1\/100\n|\n|upkeep\n|turn|19\n|\n|t:|1700272946\n|move|p2a: Crobat|Hypnosis|p1a: Raichu\n|-status|p1a: Raichu|slp|[from] move: Hypnosis\n|cant|p1a: Raichu|slp\n|\n|upkeep\n|turn|20\n|\n|t:|1700272956\n|switch|p1a: Goodra|Goodra-Hisui, F|100\/100\n|move|p2a: Crobat|Sludge Bomb|p1a: Goodra\n|-immune|p1a: Goodra\n|\n|upkeep\n|turn|21\n|\n|t:|1700272962\n|move|p2a: Crobat|Hypnosis|p1a: Goodra|[miss]\n|-miss|p2a: Crobat|p1a: Goodra\n|move|p1a: Goodra|Flamethrower|p2a: Crobat\n|-damage|p2a: Crobat|0 fnt\n|faint|p2a: Crobat\n|\n|upkeep\n|\n|t:|1700272968\n|switch|p2a: Aegislash|Aegislash, M|100\/100\n|turn|22\n|\n|t:|1700272981\n|move|p1a: Goodra|Flamethrower|p2a: Aegislash\n|-supereffective|p2a: Aegislash\n|-damage|p2a: Aegislash|55\/100\n|-formechange|p2a: Aegislash|Aegislash-Blade||[from] ability: Stance Change\n|move|p2a: Aegislash|Hidden Power|p1a: Goodra\n|-supereffective|p1a: Goodra\n|-damage|p1a: Goodra|47\/100\n|-damage|p2a: Aegislash|46\/100|[from] item: Life Orb\n|\n|-heal|p1a: Goodra|53\/100|[from] item: Leftovers\n|upkeep\n|turn|23\n|\n|t:|1700272993\n|move|p1a: Goodra|Flamethrower|p2a: Aegislash\n|-supereffective|p2a: Aegislash\n|-damage|p2a: Aegislash|0 fnt\n|faint|p2a: Aegislash\n|\n|-heal|p1a: Goodra|59\/100|[from] item: Leftovers\n|upkeep\n|\n|t:|1700272999\n|switch|p2a: Dragonite|Dragonite, F|86\/100\n|turn|24\n|\n|t:|1700273009\n|move|p1a: Goodra|Dragon Pulse|p2a: Dragonite\n|-supereffective|p2a: Dragonite\n|-damage|p2a: Dragonite|19\/100\n|-enditem|p2a: Dragonite|Aguav Berry|[eat]\n|-heal|p2a: Dragonite|52\/100|[from] item: Aguav Berry\n|move|p2a: Dragonite|Wrap|p1a: Goodra\n|-resisted|p1a: Goodra\n|-damage|p1a: Goodra|56\/100\n|-activate|p1a: Goodra|move: Wrap|[of] p2a: Dragonite\n|\n|-heal|p1a: Goodra|62\/100|[from] item: Leftovers\n|-damage|p1a: Goodra|50\/100|[from] move: Wrap|[partiallytrapped]\n|upkeep\n|turn|25\n|c|\u2606Veronica777|gg\n|\n|t:|1700273021\n|move|p1a: Goodra|Dragon Pulse|p2a: Dragonite\n|-supereffective|p2a: Dragonite\n|-damage|p2a: Dragonite|0 fnt\n|faint|p2a: Dragonite\n|\n|win|Veronica777\n|raw|Veronica777's rating: 1040 &rarr; <strong>1070<\/strong><br \/>(+30 for winning)\n|raw|lklhjk's rating: 1000 &rarr; <strong>1000<\/strong><br \/>(+0 for losing)\n|l|\u2606lklhjk\n","uploadtime":1700273027,"views":6,"p1id":"veronica777","p2id":"lklhjk","formatid":"gen9nationaldex","rating":1000,"private":0,"password":""}