{"id":"gen9nationaldex-1991837531","p1":"ggbog","p2":"v587","format":"[Gen 9] National Dex","log":"|j|\u2606ggbog\n|j|\u2606v587\n|t:|1700126110\n|gametype|singles\n|player|p1|ggbog|twins-gen4dp|1400\n|player|p2|v587|dawn|1479\n|teamsize|p1|6\n|teamsize|p2|6\n|gen|9\n|tier|[Gen 9] National Dex\n|rated|\n|rule|HP Percentage Mod: HP is shown in percentages\n|rule|Endless Battle Clause: Forcing endless battles is banned\n|rule|OHKO Clause: OHKO moves are banned\n|rule|Evasion Clause: Evasion abilities, items, and moves are banned\n|rule|Evasion Abilities Clause: Evasion abilities are banned\n|rule|Evasion Items Clause: Evasion items are banned\n|rule|Evasion Moves Clause: Evasion moves are banned\n|rule|Species Clause: Limit one of each Pok\u00e9mon\n|rule|Sleep Clause Mod: Limit one foe put to sleep\n|clearpoke\n|poke|p1|Pelipper, F|\n|poke|p1|Barraskewda, F|\n|poke|p1|Scizor, F|\n|poke|p1|Zapdos|\n|poke|p1|Iron Treads|\n|poke|p1|Volcanion|\n|poke|p2|Glimmora, M|\n|poke|p2|Garganacl, M|\n|poke|p2|Cradily, M|\n|poke|p2|Ogerpon-Cornerstone, F|\n|poke|p2|Aerodactyl, F|\n|poke|p2|Shuckle, F|\n|teampreview\n|inactive|Battle timer is ON: inactive players will automatically lose when time's up. (requested by ggbog)\n|\n|t:|1700126128\n|start\n|switch|p1a: Iron Treads|Iron Treads|100\/100\n|switch|p2a: Glimmora|Glimmora, M|100\/100\n|turn|1\n|\n|t:|1700126144\n|move|p2a: Glimmora|Earth Power|p1a: Iron Treads\n|-supereffective|p1a: Iron Treads\n|-damage|p1a: Iron Treads|49\/100\n|move|p1a: Iron Treads|Rapid Spin|p2a: Glimmora\n|-resisted|p2a: Glimmora\n|-damage|p2a: Glimmora|93\/100\n|-boost|p1a: Iron Treads|spe|1\n|-activate|p2a: Glimmora|ability: Toxic Debris\n|-sidestart|p1: ggbog|move: Toxic Spikes\n|-sideend|p1: ggbog|Toxic Spikes|[from] move: Rapid Spin|[of] p1a: Iron Treads\n|\n|upkeep\n|turn|2\n|\n|t:|1700126158\n|-terastallize|p2a: Glimmora|Ghost\n|move|p1a: Iron Treads|Earthquake|p2a: Glimmora\n|-damage|p2a: Glimmora|48\/100\n|-activate|p2a: Glimmora|ability: Toxic Debris\n|-sidestart|p1: ggbog|move: Toxic Spikes\n|move|p2a: Glimmora|Earth Power|p1a: Iron Treads\n|-supereffective|p1a: Iron Treads\n|-damage|p1a: Iron Treads|0 fnt\n|faint|p1a: Iron Treads\n|-end|p1a: Iron Treads|Quark Drive|[silent]\n|\n|upkeep\n|\n|t:|1700126176\n|switch|p1a: Scizor|Scizor, F|100\/100\n|turn|3\n|\n|t:|1700126190\n|detailschange|p1a: Scizor|Scizor-Mega, F\n|-mega|p1a: Scizor|Scizor|Scizorite\n|move|p1a: Scizor|Bullet Punch|p2a: Glimmora\n|-damage|p2a: Glimmora|15\/100\n|-activate|p2a: Glimmora|ability: Toxic Debris\n|-sidestart|p1: ggbog|move: Toxic Spikes\n|move|p2a: Glimmora|Power Gem|p1a: Scizor\n|-damage|p1a: Scizor|68\/100\n|\n|upkeep\n|turn|4\n|\n|t:|1700126198\n|move|p1a: Scizor|Bullet Punch|p2a: Glimmora\n|-damage|p2a: Glimmora|0 fnt\n|faint|p2a: Glimmora\n|\n|upkeep\n|\n|t:|1700126209\n|switch|p2a: Garganacl|Garganacl, M|100\/100\n|turn|5\n|\n|t:|1700126214\n|move|p1a: Scizor|Defog|p2a: Garganacl\n|-unboost|p2a: Garganacl|evasion|1\n|-sideend|p1: ggbog|Toxic Spikes|[from] move: Defog|[of] p1a: Scizor\n|move|p2a: Garganacl|Iron Defense|p2a: Garganacl\n|-boost|p2a: Garganacl|def|2\n|\n|upkeep\n|turn|6\n|\n|t:|1700126219\n|switch|p1a: Volcanion|Volcanion|100\/100\n|move|p2a: Garganacl|Salt Cure|p1a: Volcanion\n|-supereffective|p1a: Volcanion\n|-damage|p1a: Volcanion|73\/100\n|-start|p1a: Volcanion|Salt Cure\n|\n|-heal|p1a: Volcanion|79\/100|[from] item: Leftovers\n|-damage|p1a: Volcanion|54\/100|[from] Salt Cure\n|upkeep\n|turn|7\n|\n|t:|1700126230\n|switch|p1a: Scizor|Scizor-Mega, F|68\/100\n|switch|p2a: Cradily|Cradily, M|100\/100\n|\n|upkeep\n|turn|8\n|\n|t:|1700126237\n|move|p1a: Scizor|Bullet Punch|p2a: Cradily\n|-supereffective|p2a: Cradily\n|-damage|p2a: Cradily|49\/100\n|move|p2a: Cradily|Leech Seed|p1a: Scizor\n|-start|p1a: Scizor|move: Leech Seed\n|\n|-heal|p2a: Cradily|55\/100|[from] item: Leftovers\n|-damage|p1a: Scizor|56\/100|[from] Leech Seed|[of] p2a: Cradily\n|-heal|p2a: Cradily|67\/100|[silent]\n|upkeep\n|turn|9\n|\n|t:|1700126248\n|switch|p1a: Volcanion|Volcanion|54\/100\n|switch|p2a: Garganacl|Garganacl, M|100\/100\n|\n|-heal|p1a: Volcanion|60\/100|[from] item: Leftovers\n|upkeep\n|turn|10\n|\n|t:|1700126254\n|switch|p2a: Cradily|Cradily, M|67\/100\n|move|p1a: Volcanion|Substitute|p1a: Volcanion\n|-start|p1a: Volcanion|Substitute\n|-damage|p1a: Volcanion|35\/100\n|\n|-heal|p1a: Volcanion|41\/100|[from] item: Leftovers\n|-heal|p2a: Cradily|73\/100|[from] item: Leftovers\n|upkeep\n|turn|11\n|\n|t:|1700126261\n|move|p1a: Volcanion|Fire Blast|p2a: Cradily\n|-damage|p2a: Cradily|30\/100\n|move|p2a: Cradily|Giga Drain|p1a: Volcanion\n|-end|p1a: Volcanion|Substitute\n|-heal|p2a: Cradily|40\/100|[from] drain|[of] p1a: Volcanion\n|\n|-heal|p1a: Volcanion|47\/100|[from] item: Leftovers\n|-heal|p2a: Cradily|47\/100|[from] item: Leftovers\n|upkeep\n|turn|12\n|\n|t:|1700126272\n|switch|p1a: Pelipper|Pelipper, F|100\/100\n|-weather|RainDance|[from] ability: Drizzle|[of] p1a: Pelipper\n|move|p2a: Cradily|Recover|p2a: Cradily\n|-heal|p2a: Cradily|97\/100\n|\n|-weather|RainDance|[upkeep]\n|-heal|p2a: Cradily|100\/100|[from] item: Leftovers\n|upkeep\n|turn|13\n|\n|t:|1700126282\n|move|p1a: Pelipper|U-turn|p2a: Cradily\n|-supereffective|p2a: Cradily\n|-damage|p2a: Cradily|82\/100\n|\n|t:|1700126285\n|switch|p1a: Zapdos|Zapdos|100\/100|[from] U-turn\n|move|p2a: Cradily|Leech Seed|p1a: Zapdos\n|-start|p1a: Zapdos|move: Leech Seed\n|\n|-weather|RainDance|[upkeep]\n|-heal|p2a: Cradily|88\/100|[from] item: Leftovers\n|-damage|p1a: Zapdos|88\/100|[from] Leech Seed|[of] p2a: Cradily\n|-heal|p2a: Cradily|99\/100|[silent]\n|upkeep\n|turn|14\n|\n|t:|1700126297\n|move|p1a: Zapdos|Hurricane|p2a: Cradily\n|-damage|p2a: Cradily|61\/100\n|move|p2a: Cradily|Hidden Power|p1a: Zapdos\n|-supereffective|p1a: Zapdos\n|-damage|p1a: Zapdos|58\/100\n|\n|-weather|RainDance|[upkeep]\n|-heal|p2a: Cradily|67\/100|[from] item: Leftovers\n|-damage|p1a: Zapdos|46\/100|[from] Leech Seed|[of] p2a: Cradily\n|-heal|p2a: Cradily|78\/100|[silent]\n|upkeep\n|turn|15\n|\n|t:|1700126308\n|switch|p1a: Volcanion|Volcanion|47\/100\n|switch|p2a: Garganacl|Garganacl, M|100\/100\n|\n|-weather|RainDance|[upkeep]\n|-heal|p1a: Volcanion|53\/100|[from] item: Leftovers\n|upkeep\n|turn|16\n|\n|t:|1700126317\n|move|p1a: Volcanion|Substitute|p1a: Volcanion\n|-start|p1a: Volcanion|Substitute\n|-damage|p1a: Volcanion|28\/100\n|move|p2a: Garganacl|Salt Cure|p1a: Volcanion\n|-supereffective|p1a: Volcanion\n|-end|p1a: Volcanion|Substitute\n|\n|-weather|RainDance|[upkeep]\n|-heal|p1a: Volcanion|34\/100|[from] item: Leftovers\n|upkeep\n|turn|17\n|\n|t:|1700126326\n|switch|p2a: Cradily|Cradily, M|78\/100\n|-terastallize|p1a: Volcanion|Grass\n|move|p1a: Volcanion|Substitute|p1a: Volcanion\n|-start|p1a: Volcanion|Substitute\n|-damage|p1a: Volcanion|9\/100\n|\n|-weather|RainDance|[upkeep]\n|-heal|p1a: Volcanion|15\/100|[from] item: Leftovers\n|-heal|p2a: Cradily|84\/100|[from] item: Leftovers\n|upkeep\n|turn|18\n|\n|t:|1700126334\n|move|p1a: Volcanion|Fire Blast|p2a: Cradily\n|-damage|p2a: Cradily|65\/100\n|move|p2a: Cradily|Hidden Power|p1a: Volcanion\n|-supereffective|p1a: Volcanion\n|-end|p1a: Volcanion|Substitute\n|\n|-weather|RainDance|[upkeep]\n|-heal|p1a: Volcanion|21\/100|[from] item: Leftovers\n|-heal|p2a: Cradily|71\/100|[from] item: Leftovers\n|upkeep\n|turn|19\n|\n|t:|1700126345\n|move|p1a: Volcanion|Substitute|p1a: Volcanion\n|-fail|p1a: Volcanion|move: Substitute|[weak]\n|move|p2a: Cradily|Hidden Power|p1a: Volcanion\n|-supereffective|p1a: Volcanion\n|-damage|p1a: Volcanion|0 fnt\n|faint|p1a: Volcanion\n|\n|-weather|none\n|-heal|p2a: Cradily|77\/100|[from] item: Leftovers\n|upkeep\n|-message|ggbog forfeited.\n|\n|win|v587\n|raw|ggbog's rating: 1400 &rarr; <strong>1384<\/strong><br \/>(-16 for losing)\n|raw|v587's rating: 1479 &rarr; <strong>1495<\/strong><br \/>(+16 for winning)\n|l|\u2606ggbog\n","uploadtime":1700126394,"views":4,"p1id":"ggbog","p2id":"v587","formatid":"gen9nationaldex","rating":1384,"private":0,"password":""}