{"id":"gen9nationaldex-1998808640","p1":"idwululu","p2":"jujibalaoshi001","format":"[Gen 9] National Dex","log":"|html|<div class=\"broadcast-blue\"><strong>[Gen 9] National Dex is currently suspecting Sneasler! For information on how to participate check out the <a href=\"https:\/\/www.smogon.com\/forums\/threads\/sv-national-dex-suspect-8-just-dance.3731534\/\">suspect thread<\/a>.<\/strong><\/div>\n|j|\u2606idwululu\n|j|\u2606jujibalaoshi001\n|t:|1700995243\n|gametype|singles\n|player|p1|idwululu|marshal|1436\n|player|p2|jujibalaoshi001|hexmaniac-gen6|1464\n|teamsize|p1|6\n|teamsize|p2|6\n|gen|9\n|tier|[Gen 9] National Dex\n|rated|\n|rule|HP Percentage Mod: HP is shown in percentages\n|rule|Endless Battle Clause: Forcing endless battles is banned\n|rule|OHKO Clause: OHKO moves are banned\n|rule|Evasion Clause: Evasion abilities, items, and moves are banned\n|rule|Evasion Abilities Clause: Evasion abilities are banned\n|rule|Evasion Items Clause: Evasion items are banned\n|rule|Evasion Moves Clause: Evasion moves are banned\n|rule|Species Clause: Limit one of each Pok\u00e9mon\n|rule|Sleep Clause Mod: Limit one foe put to sleep\n|clearpoke\n|poke|p1|Heatran, M|\n|poke|p1|Zapdos|\n|poke|p1|Tapu Bulu|\n|poke|p1|Great Tusk|\n|poke|p1|Cresselia, F|\n|poke|p1|Banette, F|\n|poke|p2|Silvally-*|\n|poke|p2|Cloyster, M|\n|poke|p2|Landorus-Therian, M|\n|poke|p2|Celesteela|\n|poke|p2|Azelf|\n|poke|p2|Heatran, M|\n|teampreview\n|inactive|Battle timer is ON: inactive players will automatically lose when time's up. (requested by idwululu)\n|\n|t:|1700995253\n|start\n|switch|p1a: Great Tusk|Great Tusk|100\/100\n|switch|p2a: Landorus|Landorus-Therian, M|100\/100\n|-ability|p2a: Landorus|Intimidate|boost\n|-unboost|p1a: Great Tusk|atk|1\n|turn|1\n|\n|t:|1700995266\n|move|p2a: Landorus|Explosion|p1a: Great Tusk\n|-damage|p1a: Great Tusk|30\/100\n|faint|p2a: Landorus\n|-zpower|p1a: Great Tusk\n|move|p1a: Great Tusk|Subzero Slammer|p2: Landorus|[zeffect]|[notarget]\n|-fail|p1a: Great Tusk\n|\n|upkeep\n|\n|t:|1700995275\n|switch|p2a: Cloyster|Cloyster, M|100\/100\n|turn|2\n|\n|t:|1700995287\n|move|p1a: Great Tusk|Headlong Rush|p2a: Cloyster\n|-damage|p2a: Cloyster|63\/100\n|-unboost|p1a: Great Tusk|def|1\n|-unboost|p1a: Great Tusk|spd|1\n|move|p2a: Cloyster|Shell Smash|p2a: Cloyster\n|-unboost|p2a: Cloyster|def|1\n|-unboost|p2a: Cloyster|spd|1\n|-boost|p2a: Cloyster|atk|2\n|-boost|p2a: Cloyster|spa|2\n|-boost|p2a: Cloyster|spe|2\n|\n|upkeep\n|turn|3\n|\n|t:|1700995305\n|-end|p1a: Great Tusk|Protosynthesis|[silent]\n|switch|p1a: Tapu Bulu|Tapu Bulu, shiny|100\/100\n|-fieldstart|move: Grassy Terrain|[from] ability: Grassy Surge|[of] p1a: Tapu Bulu\n|move|p2a: Cloyster|Icicle Spear|p1a: Tapu Bulu\n|-supereffective|p1a: Tapu Bulu\n|-damage|p1a: Tapu Bulu|55\/100\n|-supereffective|p1a: Tapu Bulu\n|-damage|p1a: Tapu Bulu|6\/100\n|-supereffective|p1a: Tapu Bulu\n|-damage|p1a: Tapu Bulu|0 fnt\n|faint|p1a: Tapu Bulu\n|-hitcount|p1: Tapu Bulu|3\n|\n|-heal|p2a: Cloyster|69\/100|[from] Grassy Terrain\n|upkeep\n|\n|t:|1700995306\n|switch|p1a: Banette|Banette, F, shiny|100\/100\n|-item|p2a: Cloyster|Focus Sash|[from] ability: Frisk|[of] p1a: Banette|[identify]\n|turn|4\n|\n|t:|1700995327\n|detailschange|p1a: Banette|Banette-Mega, F, shiny\n|-mega|p1a: Banette|Banette|Banettite\n|move|p1a: Banette|Destiny Bond|p1a: Banette\n|-singlemove|p1a: Banette|Destiny Bond\n|move|p2a: Cloyster|Icicle Spear|p1a: Banette\n|-damage|p1a: Banette|68\/100\n|-damage|p1a: Banette|40\/100\n|-damage|p1a: Banette|7\/100\n|-damage|p1a: Banette|0 fnt\n|faint|p1a: Banette\n|-activate|p1a: Banette|move: Destiny Bond\n|faint|p2a: Cloyster\n|-hitcount|p1: Banette|4\n|\n|upkeep\n|\n|t:|1700995334\n|switch|p2a: Azelf|Azelf|100\/100\n|switch|p1a: Great Tusk|Great Tusk|30\/100\n|turn|5\n|\n|t:|1700995342\n|-end|p1a: Great Tusk|Protosynthesis|[silent]\n|switch|p1a: Heatran|Heatran, M|100\/100\n|move|p2a: Azelf|Fire Blast|p1a: Heatran\n|-start|p1a: Heatran|ability: Flash Fire\n|\n|upkeep\n|turn|6\n|\n|t:|1700995360\n|move|p2a: Azelf|Stealth Rock|p1a: Heatran\n|-sidestart|p1: idwululu|move: Stealth Rock\n|move|p1a: Heatran|Earth Power|p2a: Azelf\n|-immune|p2a: Azelf|[from] ability: Levitate\n|\n|upkeep\n|turn|7\n|\n|t:|1700995366\n|switch|p2a: Heatran|Heatran, M|100\/100\n|move|p1a: Heatran|Toxic|p2a: Heatran\n|-immune|p2a: Heatran\n|\n|-fieldend|move: Grassy Terrain\n|upkeep\n|turn|8\n|\n|t:|1700995376\n|-end|p1a: Heatran|ability: Flash Fire|[silent]\n|switch|p1a: Cresselia|Cresselia, F, shiny|100\/100\n|-damage|p1a: Cresselia|88\/100|[from] Stealth Rock\n|move|p2a: Heatran|Earth Power|p1a: Cresselia\n|-immune|p1a: Cresselia|[from] ability: Levitate\n|\n|upkeep\n|turn|9\n|\n|t:|1700995383\n|switch|p2a: Azelf|Azelf|100\/100\n|move|p1a: Cresselia|Calm Mind|p1a: Cresselia\n|-boost|p1a: Cresselia|spa|1\n|-boost|p1a: Cresselia|spd|1\n|\n|upkeep\n|turn|10\n|\n|t:|1700995392\n|-terastallize|p1a: Cresselia|Poison\n|move|p2a: Azelf|Taunt|p1a: Cresselia\n|-start|p1a: Cresselia|move: Taunt\n|cant|p1a: Cresselia|move: Taunt|Calm Mind\n|\n|upkeep\n|turn|11\n|\n|t:|1700995399\n|switch|p1a: Heatran|Heatran, M|100\/100\n|-damage|p1a: Heatran|88\/100|[from] Stealth Rock\n|move|p2a: Azelf|Explosion|p1a: Heatran\n|-resisted|p1a: Heatran\n|-damage|p1a: Heatran|53\/100\n|faint|p2a: Azelf\n|\n|-heal|p1a: Heatran|60\/100|[from] item: Leftovers\n|upkeep\n|\n|t:|1700995404\n|switch|p2a: Silvally|Silvally|100\/100\n|turn|12\n|\n|t:|1700995416\n|move|p1a: Heatran|Protect|p1a: Heatran\n|-singleturn|p1a: Heatran|Protect\n|move|p2a: Silvally|Multi-Attack|p1a: Heatran\n|-activate|p1a: Heatran|move: Protect\n|\n|-heal|p1a: Heatran|66\/100|[from] item: Leftovers\n|upkeep\n|turn|13\n|\n|t:|1700995423\n|switch|p1a: Zapdos|Zapdos|100\/100\n|move|p2a: Silvally|Explosion|p1a: Zapdos\n|-damage|p1a: Zapdos|23\/100\n|faint|p2a: Silvally\n|\n|upkeep\n|\n|t:|1700995432\n|switch|p2a: Celesteela|Celesteela|100\/100\n|turn|14\n|\n|t:|1700995437\n|move|p1a: Zapdos|Volt Switch|p2a: Celesteela\n|-supereffective|p2a: Celesteela\n|-damage|p2a: Celesteela|46\/100\n|\n|t:|1700995441\n|switch|p1a: Heatran|Heatran, M|66\/100|[from] Volt Switch\n|-damage|p1a: Heatran|53\/100|[from] Stealth Rock\n|move|p2a: Celesteela|Autotomize|p2a: Celesteela\n|-boost|p2a: Celesteela|spe|2\n|-start|p2a: Celesteela|Autotomize\n|\n|-heal|p1a: Heatran|60\/100|[from] item: Leftovers\n|upkeep\n|turn|15\n|\n|t:|1700995454\n|-terastallize|p2a: Celesteela|Flying\n|move|p1a: Heatran|Protect|p1a: Heatran\n|-singleturn|p1a: Heatran|Protect\n|move|p2a: Celesteela|Meteor Beam||[still]\n|-prepare|p2a: Celesteela|Meteor Beam\n|-boost|p2a: Celesteela|spa|1\n|-enditem|p2a: Celesteela|Power Herb\n|-anim|p2a: Celesteela|Meteor Beam|p1a: Heatran\n|-activate|p1a: Heatran|move: Protect\n|\n|-heal|p1a: Heatran|66\/100|[from] item: Leftovers\n|upkeep\n|turn|16\n|\n|t:|1700995464\n|move|p2a: Celesteela|Air Slash|p1a: Heatran\n|-resisted|p1a: Heatran\n|-damage|p1a: Heatran|41\/100\n|move|p1a: Heatran|Toxic|p2a: Celesteela\n|-status|p2a: Celesteela|tox\n|\n|-heal|p1a: Heatran|47\/100|[from] item: Leftovers\n|-damage|p2a: Celesteela|40\/100 tox|[from] psn\n|upkeep\n|turn|17\n|\n|t:|1700995474\n|move|p1a: Heatran|Protect|p1a: Heatran\n|-singleturn|p1a: Heatran|Protect\n|move|p2a: Celesteela|Air Slash|p1a: Heatran\n|-activate|p1a: Heatran|move: Protect\n|\n|-heal|p1a: Heatran|53\/100|[from] item: Leftovers\n|-damage|p2a: Celesteela|28\/100 tox|[from] psn\n|upkeep\n|turn|18\n|\n|t:|1700995492\n|switch|p2a: Heatran|Heatran, M|100\/100\n|move|p1a: Heatran|Earth Power|p2a: Heatran\n|-supereffective|p2a: Heatran\n|-damage|p2a: Heatran|35\/100\n|\n|-heal|p1a: Heatran|59\/100|[from] item: Leftovers\n|upkeep\n|turn|19\n|\n|t:|1700995501\n|move|p2a: Heatran|Earth Power|p1a: Heatran\n|-supereffective|p1a: Heatran\n|-damage|p1a: Heatran|0 fnt\n|faint|p1a: Heatran\n|\n|upkeep\n|\n|t:|1700995505\n|switch|p1a: Great Tusk|Great Tusk|30\/100\n|-damage|p1a: Great Tusk|27\/100|[from] Stealth Rock\n|turn|20\n|\n|t:|1700995515\n|switch|p2a: Celesteela|Celesteela, tera:Flying|28\/100 tox\n|move|p1a: Great Tusk|Headlong Rush|p2a: Celesteela\n|-immune|p2a: Celesteela\n|\n|-damage|p2a: Celesteela|22\/100 tox|[from] psn\n|upkeep\n|turn|21\n|\n|t:|1700995522\n|move|p1a: Great Tusk|Ice Spinner|p2a: Celesteela\n|-supereffective|p2a: Celesteela\n|-damage|p2a: Celesteela|0 fnt\n|faint|p2a: Celesteela\n|\n|upkeep\n|\n|t:|1700995544\n|switch|p2a: Heatran|Heatran, M|35\/100\n|turn|22\n|\n|t:|1700995552\n|move|p1a: Great Tusk|Headlong Rush|p2a: Heatran\n|-supereffective|p2a: Heatran\n|-damage|p2a: Heatran|0 fnt\n|-unboost|p1a: Great Tusk|def|1\n|-unboost|p1a: Great Tusk|spd|1\n|faint|p2a: Heatran\n|\n|win|idwululu\n|raw|idwululu's rating: 1436 &rarr; <strong>1458<\/strong><br \/>(+22 for winning)\n|raw|jujibalaoshi001's rating: 1464 &rarr; <strong>1442<\/strong><br \/>(-22 for losing)\n|l|\u2606idwululu\n","uploadtime":1700995595,"views":1,"p1id":"idwululu","p2id":"jujibalaoshi001","formatid":"gen9nationaldex","rating":1442,"private":0,"password":""}