{"id":"gen9nationaldex-1994458326","p1":"Mymic","p2":"gbootoxide","format":"[Gen 9] National Dex","log":"|j|\u2606Mymic\n|j|\u2606gbootoxide\n|t:|1700446220\n|gametype|singles\n|player|p1|Mymic|266|\n|player|p2|gbootoxide|evelyn|\n|teamsize|p1|6\n|teamsize|p2|6\n|gen|9\n|tier|[Gen 9] National Dex\n|rule|HP Percentage Mod: HP is shown in percentages\n|rule|Endless Battle Clause: Forcing endless battles is banned\n|rule|OHKO Clause: OHKO moves are banned\n|rule|Evasion Clause: Evasion abilities, items, and moves are banned\n|rule|Evasion Abilities Clause: Evasion abilities are banned\n|rule|Evasion Items Clause: Evasion items are banned\n|rule|Evasion Moves Clause: Evasion moves are banned\n|rule|Species Clause: Limit one of each Pok\u00e9mon\n|rule|Sleep Clause Mod: Limit one foe put to sleep\n|clearpoke\n|poke|p1|Gligar, F|\n|poke|p1|Snorlax, M|\n|poke|p1|Iron Valiant|\n|poke|p1|Haunter, F|\n|poke|p1|Lycanroc-Dusk, F|\n|poke|p1|Jirachi|\n|poke|p2|Lopunny, M|\n|poke|p2|Rotom-Mow|\n|poke|p2|Moltres|\n|poke|p2|Dugtrio-Alola, M|\n|poke|p2|Clawitzer, M|\n|poke|p2|Perrserker, M|\n|teampreview\n|c|\u2606gbootoxide|tera poison\n|\n|t:|1700446283\n|start\n|switch|p1a: Lycanroc|Lycanroc-Dusk, F|100\/100\n|switch|p2a: Rotom|Rotom-Mow|100\/100\n|turn|1\n|\n|t:|1700446317\n|switch|p1a: Haunter|Haunter, F|100\/100\n|move|p2a: Rotom|Leaf Storm|p1a: Haunter\n|-resisted|p1a: Haunter\n|-damage|p1a: Haunter|24\/100\n|-unboost|p2a: Rotom|spa|2\n|\n|upkeep\n|turn|2\n|\n|t:|1700446331\n|move|p1a: Haunter|Destiny Bond|p1a: Haunter\n|-singlemove|p1a: Haunter|Destiny Bond\n|move|p2a: Rotom|Leaf Storm|p1a: Haunter\n|-resisted|p1a: Haunter\n|-damage|p1a: Haunter|0 fnt\n|-unboost|p2a: Rotom|spa|2\n|faint|p1a: Haunter\n|-activate|p1a: Haunter|move: Destiny Bond\n|faint|p2a: Rotom\n|\n|upkeep\n|\n|t:|1700446363\n|switch|p1a: Gligar|Gligar, F|100\/100\n|switch|p2a: Perrserker|Perrserker, M|100\/100\n|turn|3\n|\n|t:|1700446398\n|switch|p2a: Moltres|Moltres|100\/100\n|move|p1a: Gligar|Stealth Rock|p2a: Moltres\n|-sidestart|p2: gbootoxide|move: Stealth Rock\n|\n|upkeep\n|turn|4\n|\n|t:|1700446414\n|move|p2a: Moltres|Defog|p1a: Gligar\n|-unboost|p1a: Gligar|evasion|1\n|-sideend|p2: gbootoxide|Stealth Rock|[from] move: Defog|[of] p2a: Moltres\n|move|p1a: Gligar|U-turn|p2a: Moltres\n|-resisted|p2a: Moltres\n|-crit|p2a: Moltres\n|-damage|p2a: Moltres|96\/100\n|-status|p1a: Gligar|brn|[from] ability: Flame Body|[of] p2a: Moltres\n|\n|t:|1700446428\n|switch|p1a: Lycanroc|Lycanroc-Dusk, F|100\/100|[from] U-turn\n|\n|upkeep\n|turn|5\n|\n|t:|1700446461\n|move|p1a: Lycanroc|Accelerock|p2a: Moltres\n|-supereffective|p2a: Moltres\n|-damage|p2a: Moltres|0 fnt\n|faint|p2a: Moltres\n|\n|upkeep\n|\n|t:|1700446476\n|switch|p2a: Perrserker|Perrserker, M|100\/100\n|turn|6\n|\n|t:|1700446509\n|switch|p1a: Gligar|Gligar, F|100\/100 brn\n|move|p2a: Perrserker|Knock Off|p1a: Gligar\n|-damage|p1a: Gligar|80\/100 brn\n|-enditem|p1a: Gligar|Eviolite|[from] move: Knock Off|[of] p2a: Perrserker\n|\n|-damage|p1a: Gligar|74\/100 brn|[from] brn\n|upkeep\n|turn|7\n|\n|t:|1700446549\n|switch|p2a: Dugtrio|Dugtrio-Alola, M|100\/100\n|move|p1a: Gligar|Stealth Rock|p2a: Dugtrio\n|-sidestart|p2: gbootoxide|move: Stealth Rock\n|\n|-damage|p1a: Gligar|68\/100 brn|[from] brn\n|upkeep\n|turn|8\n|\n|t:|1700446569\n|move|p2a: Dugtrio|Stealth Rock|p1a: Gligar\n|-sidestart|p1: Mymic|move: Stealth Rock\n|move|p1a: Gligar|U-turn|p2a: Dugtrio\n|-resisted|p2a: Dugtrio\n|-damage|p2a: Dugtrio|93\/100\n|-ability|p2a: Dugtrio|Tangling Hair\n|-unboost|p1a: Gligar|spe|1\n|\n|t:|1700446587\n|switch|p1a: Snorlax|Snorlax, M|100\/100|[from] U-turn\n|-damage|p1a: Snorlax|88\/100|[from] Stealth Rock\n|\n|upkeep\n|turn|9\n|\n|t:|1700446619\n|switch|p2a: Perrserker|Perrserker, M|100\/100\n|-damage|p2a: Perrserker|94\/100|[from] Stealth Rock\n|move|p1a: Snorlax|Heat Crash|p2a: Perrserker\n|-supereffective|p2a: Perrserker\n|-damage|p2a: Perrserker|35\/100\n|\n|upkeep\n|turn|10\n|\n|t:|1700446650\n|-terastallize|p2a: Perrserker|Poison\n|move|p2a: Perrserker|Knock Off|p1a: Snorlax\n|-damage|p1a: Snorlax|56\/100\n|-damage|p2a: Perrserker|19\/100|[from] item: Rocky Helmet|[of] p1a: Snorlax\n|-enditem|p1a: Snorlax|Rocky Helmet|[from] move: Knock Off|[of] p2a: Perrserker\n|move|p1a: Snorlax|Heat Crash|p2a: Perrserker\n|-damage|p2a: Perrserker|0 fnt\n|faint|p2a: Perrserker\n|\n|upkeep\n|\n|t:|1700446673\n|switch|p2a: Clawitzer|Clawitzer, M|100\/100\n|-damage|p2a: Clawitzer|88\/100|[from] Stealth Rock\n|turn|11\n|\n|t:|1700446694\n|-terastallize|p1a: Snorlax|Fairy\n|move|p2a: Clawitzer|Water Pulse|p1a: Snorlax\n|-damage|p1a: Snorlax|17\/100\n|move|p1a: Snorlax|Rock Slide|p2a: Clawitzer\n|-damage|p2a: Clawitzer|65\/100\n|\n|upkeep\n|turn|12\n|\n|t:|1700446701\n|move|p2a: Clawitzer|Water Pulse|p1a: Snorlax\n|-damage|p1a: Snorlax|0 fnt\n|faint|p1a: Snorlax\n|\n|upkeep\n|\n|t:|1700446713\n|switch|p1a: Iron Valiant|Iron Valiant|100\/100\n|-damage|p1a: Iron Valiant|94\/100|[from] Stealth Rock\n|turn|13\n|\n|t:|1700446779\n|switch|p2a: Dugtrio|Dugtrio-Alola, M|93\/100\n|-damage|p2a: Dugtrio|90\/100|[from] Stealth Rock\n|move|p1a: Iron Valiant|Energy Ball|p2a: Dugtrio\n|-damage|p2a: Dugtrio|14\/100\n|\n|upkeep\n|turn|14\n|\n|t:|1700446806\n|move|p1a: Iron Valiant|Energy Ball|p2a: Dugtrio\n|-damage|p2a: Dugtrio|0 fnt\n|faint|p2a: Dugtrio\n|\n|upkeep\n|\n|t:|1700446810\n|switch|p2a: Lopunny|Lopunny, M|100\/100\n|-damage|p2a: Lopunny|88\/100|[from] Stealth Rock\n|turn|15\n|\n|t:|1700446823\n|-end|p1a: Iron Valiant|Quark Drive|[silent]\n|switch|p1a: Jirachi|Jirachi|100\/100\n|-damage|p1a: Jirachi|94\/100|[from] Stealth Rock\n|detailschange|p2a: Lopunny|Lopunny-Mega, M\n|-mega|p2a: Lopunny|Lopunny|Lopunnite\n|move|p2a: Lopunny|Return|p1a: Jirachi\n|-resisted|p1a: Jirachi\n|-damage|p1a: Jirachi|77\/100\n|-damage|p2a: Lopunny|72\/100|[from] item: Rocky Helmet|[of] p1a: Jirachi\n|\n|upkeep\n|turn|16\n|\n|t:|1700446844\n|move|p2a: Lopunny|U-turn|p1a: Jirachi\n|-damage|p1a: Jirachi|61\/100\n|-damage|p2a: Lopunny|55\/100|[from] item: Rocky Helmet|[of] p1a: Jirachi\n|\n|t:|1700446848\n|switch|p2a: Clawitzer|Clawitzer, M|65\/100|[from] U-turn\n|-damage|p2a: Clawitzer|53\/100|[from] Stealth Rock\n|move|p1a: Jirachi|U-turn|p2a: Clawitzer\n|-damage|p2a: Clawitzer|33\/100\n|\n|t:|1700446854\n|switch|p1a: Iron Valiant|Iron Valiant|94\/100|[from] U-turn\n|-damage|p1a: Iron Valiant|88\/100|[from] Stealth Rock\n|\n|upkeep\n|turn|17\n|\n|t:|1700446871\n|move|p1a: Iron Valiant|Energy Ball|p2a: Clawitzer\n|-supereffective|p2a: Clawitzer\n|-damage|p2a: Clawitzer|0 fnt\n|faint|p2a: Clawitzer\n|\n|upkeep\n|\n|t:|1700446874\n|switch|p2a: Lopunny|Lopunny-Mega, M|55\/100\n|-damage|p2a: Lopunny|49\/100|[from] Stealth Rock\n|turn|18\n|\n|t:|1700446888\n|move|p1a: Iron Valiant|Energy Ball|p2a: Lopunny\n|-damage|p2a: Lopunny|5\/100\n|move|p2a: Lopunny|Return|p1a: Iron Valiant\n|-damage|p1a: Iron Valiant|13\/100\n|\n|upkeep\n|turn|19\n|\n|t:|1700446899\n|-end|p1a: Iron Valiant|Quark Drive|[silent]\n|switch|p1a: Jirachi|Jirachi|61\/100\n|-damage|p1a: Jirachi|55\/100|[from] Stealth Rock\n|move|p2a: Lopunny|Return|p1a: Jirachi\n|-resisted|p1a: Jirachi\n|-damage|p1a: Jirachi|36\/100\n|-damage|p2a: Lopunny|0 fnt|[from] item: Rocky Helmet|[of] p1a: Jirachi\n|faint|p2a: Lopunny\n|\n|win|Mymic\n|c|\u2606gbootoxide|gg\n|c|\u2606Mymic|gg\n|c|\u2606gbootoxide|making changes\n","uploadtime":1700446910,"views":34,"p1id":"mymic","p2id":"gbootoxide","formatid":"gen9nationaldex","rating":0,"private":0,"password":""}