{"id":"gen9nationaldex-1988167373","p1":"immun!ty","p2":"jintianzhousan","format":"[Gen 9] National Dex","log":"|j|\u2606immun!ty\n|j|\u2606jintianzhousan\n|t:|1699678488\n|gametype|singles\n|player|p1|immun!ty|pokemonbreederf-gen4|1471\n|player|p2|jintianzhousan|cynthia-masters|1364\n|teamsize|p1|6\n|teamsize|p2|6\n|gen|9\n|tier|[Gen 9] National Dex\n|rated|\n|rule|HP Percentage Mod: HP is shown in percentages\n|rule|Endless Battle Clause: Forcing endless battles is banned\n|rule|OHKO Clause: OHKO moves are banned\n|rule|Evasion Clause: Evasion abilities, items, and moves are banned\n|rule|Evasion Abilities Clause: Evasion abilities are banned\n|rule|Evasion Items Clause: Evasion items are banned\n|rule|Evasion Moves Clause: Evasion moves are banned\n|rule|Species Clause: Limit one of each Pok\u00e9mon\n|rule|Sleep Clause Mod: Limit one foe put to sleep\n|clearpoke\n|poke|p1|Banette, F|\n|poke|p1|Alomomola, F|\n|poke|p1|Rotom-Heat|\n|poke|p1|Tapu Lele|\n|poke|p1|Ferrothorn, M|\n|poke|p1|Sneasler, F|\n|poke|p2|Ceruledge, F|\n|poke|p2|Gallade, M|\n|poke|p2|Kartana|\n|poke|p2|Samurott-Hisui, F|\n|poke|p2|Iron Valiant|\n|poke|p2|Aegislash, F|\n|teampreview\n|inactive|Battle timer is ON: inactive players will automatically lose when time's up. (requested by immun!ty)\n|inactive|jintianzhousan also wants the timer to be on.\n|c|\u2606immun!ty|hf hf\n|\n|t:|1699678498\n|start\n|switch|p1a: Tapu Lele|Tapu Lele|100\/100\n|switch|p2a: Samurott|Samurott-Hisui, F, shiny|100\/100\n|-fieldstart|move: Psychic Terrain|[from] ability: Psychic Surge|[of] p1a: Tapu Lele\n|turn|1\n|\n|t:|1699678505\n|move|p1a: Tapu Lele|Moonblast|p2a: Samurott\n|-supereffective|p2a: Samurott\n|-enditem|p2a: Samurott|Focus Sash\n|-damage|p2a: Samurott|1\/100\n|-unboost|p2a: Samurott|spa|1\n|move|p2a: Samurott|Ceaseless Edge|p1a: Tapu Lele\n|-damage|p1a: Tapu Lele|33\/100\n|-sidestart|p1: immun!ty|Spikes\n|\n|upkeep\n|turn|2\n|\n|t:|1699678516\n|move|p1a: Tapu Lele|Moonblast|p2a: Samurott\n|-supereffective|p2a: Samurott\n|-damage|p2a: Samurott|0 fnt\n|faint|p2a: Samurott\n|\n|upkeep\n|\n|t:|1699678519\n|switch|p2a: Ceruledge|Ceruledge, F|100\/100\n|turn|3\n|\n|t:|1699678526\n|switch|p1a: Alomomola|Alomomola, F|100\/100\n|-damage|p1a: Alomomola|88\/100|[from] Spikes\n|move|p2a: Ceruledge|Bulk Up|p2a: Ceruledge\n|-boost|p2a: Ceruledge|atk|1\n|-boost|p2a: Ceruledge|def|1\n|\n|upkeep\n|turn|4\n|\n|t:|1699678535\n|move|p2a: Ceruledge|Poltergeist|p1a: Alomomola\n|-activate|p1a: Alomomola|move: Poltergeist|Red Card\n|-damage|p1a: Alomomola|47\/100\n|-enditem|p1a: Alomomola|Red Card|[of] p2a: Ceruledge\n|drag|p2a: Kartana|Kartana|100\/100\n|move|p1a: Alomomola|Acrobatics|p2a: Kartana\n|-damage|p2a: Kartana|79\/100\n|\n|upkeep\n|turn|5\n|\n|t:|1699678545\n|switch|p1a: Ferrothorn|Ferrothorn, M|100\/100\n|-damage|p1a: Ferrothorn|88\/100|[from] Spikes\n|move|p2a: Kartana|Knock Off|p1a: Ferrothorn\n|-damage|p1a: Ferrothorn|64\/100\n|-damage|p2a: Kartana|67\/100|[from] ability: Iron Barbs|[of] p1a: Ferrothorn\n|-enditem|p1a: Ferrothorn|Leftovers|[from] move: Knock Off|[of] p2a: Kartana\n|\n|-fieldend|move: Psychic Terrain\n|upkeep\n|turn|6\n|\n|t:|1699678552\n|switch|p2a: Ceruledge|Ceruledge, F|100\/100\n|move|p1a: Ferrothorn|Stealth Rock|p2a: Ceruledge\n|-sidestart|p2: jintianzhousan|move: Stealth Rock\n|\n|upkeep\n|turn|7\n|\n|t:|1699678554\n|move|p2a: Ceruledge|Bulk Up|p2a: Ceruledge\n|-boost|p2a: Ceruledge|atk|1\n|-boost|p2a: Ceruledge|def|1\n|move|p1a: Ferrothorn|Thunder Wave|p2a: Ceruledge\n|-status|p2a: Ceruledge|par\n|\n|upkeep\n|turn|8\n|\n|t:|1699678558\n|switch|p1a: Rotom|Rotom-Heat, shiny|100\/100\n|move|p2a: Ceruledge|Bulk Up|p2a: Ceruledge\n|-boost|p2a: Ceruledge|atk|1\n|-boost|p2a: Ceruledge|def|1\n|\n|upkeep\n|turn|9\n|\n|t:|1699678568\n|move|p1a: Rotom|Volt Switch|p2a: Ceruledge\n|-damage|p2a: Ceruledge|75\/100 par\n|\n|t:|1699678577\n|switch|p1a: Ferrothorn|Ferrothorn, M|64\/100|[from] Volt Switch\n|-damage|p1a: Ferrothorn|52\/100|[from] Spikes\n|cant|p2a: Ceruledge|par\n|\n|upkeep\n|turn|10\n|\n|t:|1699678584\n|cant|p2a: Ceruledge|par\n|move|p1a: Ferrothorn|Gyro Ball|p2a: Ceruledge\n|-resisted|p2a: Ceruledge\n|-damage|p2a: Ceruledge|71\/100 par\n|\n|upkeep\n|turn|11\n|\n|t:|1699678588\n|move|p2a: Ceruledge|Bitter Blade|p1a: Ferrothorn\n|-supereffective|p1a: Ferrothorn\n|-damage|p1a: Ferrothorn|0 fnt\n|-heal|p2a: Ceruledge|97\/100 par|[from] drain|[of] p1a: Ferrothorn\n|-damage|p2a: Ceruledge|85\/100 par|[from] ability: Iron Barbs|[of] p1a: Ferrothorn\n|faint|p1a: Ferrothorn\n|\n|upkeep\n|\n|t:|1699678591\n|switch|p1a: Tapu Lele|Tapu Lele|33\/100\n|-damage|p1a: Tapu Lele|20\/100|[from] Spikes\n|-fieldstart|move: Psychic Terrain|[from] ability: Psychic Surge|[of] p1a: Tapu Lele\n|turn|12\n|\n|t:|1699678594\n|move|p1a: Tapu Lele|Nature Power|p2a: Ceruledge\n|move|p1a: Tapu Lele|Psychic|p2a: Ceruledge|[from]move: Nature Power\n|-damage|p2a: Ceruledge|0 fnt\n|faint|p2a: Ceruledge\n|\n|upkeep\n|\n|t:|1699678607\n|switch|p2a: Kartana|Kartana|67\/100\n|-damage|p2a: Kartana|61\/100|[from] Stealth Rock\n|turn|13\n|\n|t:|1699678616\n|switch|p1a: Rotom|Rotom-Heat, shiny|100\/100\n|move|p2a: Kartana|Leaf Blade|p1a: Rotom\n|-resisted|p1a: Rotom\n|-damage|p1a: Rotom|68\/100\n|\n|upkeep\n|turn|14\n|\n|t:|1699678624\n|switch|p2a: Gallade|Gallade, M|100\/100\n|-damage|p2a: Gallade|94\/100|[from] Stealth Rock\n|move|p1a: Rotom|Volt Switch|p2a: Gallade\n|-damage|p2a: Gallade|62\/100\n|\n|t:|1699678632\n|switch|p1a: Alomomola|Alomomola, F|81\/100|[from] Volt Switch\n|-damage|p1a: Alomomola|68\/100|[from] Spikes\n|\n|upkeep\n|turn|15\n|\n|t:|1699678636\n|detailschange|p2a: Gallade|Gallade-Mega, M\n|-mega|p2a: Gallade|Gallade|Galladite\n|move|p2a: Gallade|Swords Dance|p2a: Gallade\n|-boost|p2a: Gallade|atk|2\n|move|p1a: Alomomola|Wish|p1a: Alomomola\n|\n|upkeep\n|turn|16\n|\n|t:|1699678643\n|move|p2a: Gallade|Close Combat|p1a: Alomomola\n|-damage|p1a: Alomomola|0 fnt\n|-unboost|p2a: Gallade|def|1\n|-unboost|p2a: Gallade|spd|1\n|faint|p1a: Alomomola\n|\n|-fieldend|move: Psychic Terrain\n|upkeep\n|\n|t:|1699678660\n|switch|p1a: Banette|Banette, F|100\/100\n|-damage|p1a: Banette|88\/100|[from] Spikes\n|-item|p2a: Gallade|Galladite|[from] ability: Frisk|[of] p1a: Banette|[identify]\n|turn|17\n|\n|t:|1699678668\n|detailschange|p1a: Banette|Banette-Mega, F\n|-mega|p1a: Banette|Banette|Banettite\n|move|p1a: Banette|Destiny Bond|p1a: Banette\n|-singlemove|p1a: Banette|Destiny Bond\n|move|p2a: Gallade|Zen Headbutt|p1a: Banette|[miss]\n|-miss|p2a: Gallade|p1a: Banette\n|\n|upkeep\n|turn|18\n|\n|t:|1699678677\n|move|p2a: Gallade|Zen Headbutt|p1a: Banette\n|-damage|p1a: Banette|0 fnt\n|faint|p1a: Banette\n|-activate|p1a: Banette|move: Destiny Bond\n|faint|p2a: Gallade\n|\n|upkeep\n|\n|t:|1699678685\n|switch|p2a: Iron Valiant|Iron Valiant|100\/100\n|switch|p1a: Tapu Lele|Tapu Lele|20\/100\n|-damage|p2a: Iron Valiant|94\/100|[from] Stealth Rock\n|-damage|p1a: Tapu Lele|8\/100|[from] Spikes\n|-fieldstart|move: Psychic Terrain|[from] ability: Psychic Surge|[of] p1a: Tapu Lele\n|-enditem|p2a: Iron Valiant|Booster Energy\n|-activate|p2a: Iron Valiant|ability: Quark Drive|[fromitem]\n|-start|p2a: Iron Valiant|quarkdrivespe\n|turn|19\n|\n|t:|1699678691\n|move|p2a: Iron Valiant|Moonblast|p1a: Tapu Lele\n|-damage|p1a: Tapu Lele|0 fnt\n|faint|p1a: Tapu Lele\n|\n|upkeep\n|\n|t:|1699678693\n|switch|p1a: Sneasler|Sneasler, F|100\/100\n|-damage|p1a: Sneasler|88\/100|[from] Spikes\n|-enditem|p1a: Sneasler|Psychic Seed\n|-boost|p1a: Sneasler|spd|1|[from] item: Psychic Seed\n|turn|20\n|\n|t:|1699678699\n|-terastallize|p2a: Iron Valiant|Ghost\n|move|p1a: Sneasler|Acrobatics|p2a: Iron Valiant\n|-damage|p2a: Iron Valiant|42\/100\n|move|p2a: Iron Valiant|Moonblast|p1a: Sneasler\n|-damage|p1a: Sneasler|42\/100\n|-unboost|p1a: Sneasler|spa|1\n|\n|upkeep\n|turn|21\n|\n|t:|1699678709\n|move|p1a: Sneasler|Acrobatics|p2a: Iron Valiant\n|-damage|p2a: Iron Valiant|0 fnt\n|faint|p2a: Iron Valiant\n|-end|p2a: Iron Valiant|Quark Drive|[silent]\n|\n|upkeep\n|\n|t:|1699678712\n|switch|p2a: Aegislash|Aegislash, F|100\/100\n|-damage|p2a: Aegislash|94\/100|[from] Stealth Rock\n|turn|22\n|\n|t:|1699678722\n|move|p1a: Sneasler|Acrobatics|p2a: Aegislash\n|-resisted|p2a: Aegislash\n|-damage|p2a: Aegislash|77\/100\n|move|p2a: Aegislash|Substitute|p2a: Aegislash\n|-start|p2a: Aegislash|Substitute\n|-damage|p2a: Aegislash|52\/100\n|\n|-heal|p2a: Aegislash|58\/100|[from] item: Leftovers\n|upkeep\n|turn|23\n|\n|t:|1699678727\n|move|p2a: Aegislash|King's Shield|p2a: Aegislash\n|-singleturn|p2a: Aegislash|Protect\n|move|p1a: Sneasler|Swords Dance|p1a: Sneasler\n|-boost|p1a: Sneasler|atk|2\n|\n|-heal|p2a: Aegislash|64\/100|[from] item: Leftovers\n|-fieldend|move: Psychic Terrain\n|upkeep\n|turn|24\n|\n|t:|1699678730\n|move|p1a: Sneasler|Acrobatics|p2a: Aegislash\n|-resisted|p2a: Aegislash\n|-end|p2a: Aegislash|Substitute\n|-formechange|p2a: Aegislash|Aegislash-Blade||[from] ability: Stance Change\n|move|p2a: Aegislash|Shadow Ball|p1a: Sneasler\n|-damage|p1a: Sneasler|0 fnt\n|faint|p1a: Sneasler\n|\n|-heal|p2a: Aegislash|71\/100|[from] item: Leftovers\n|upkeep\n|\n|t:|1699678737\n|switch|p1a: Rotom|Rotom-Heat, shiny|68\/100\n|turn|25\n|\n|t:|1699678742\n|-formechange|p2a: Aegislash|Aegislash||[from] ability: Stance Change\n|move|p2a: Aegislash|King's Shield|p2a: Aegislash\n|-singleturn|p2a: Aegislash|Protect\n|move|p1a: Rotom|Overheat|p2a: Aegislash\n|-activate|p2a: Aegislash|move: Protect\n|\n|-heal|p2a: Aegislash|77\/100|[from] item: Leftovers\n|upkeep\n|turn|26\n|\n|t:|1699678755\n|move|p1a: Rotom|Overheat|p2a: Aegislash\n|-supereffective|p2a: Aegislash\n|-damage|p2a: Aegislash|0 fnt\n|-unboost|p1a: Rotom|spa|2\n|faint|p2a: Aegislash\n|\n|upkeep\n|\n|t:|1699678758\n|switch|p2a: Kartana|Kartana|61\/100\n|-damage|p2a: Kartana|55\/100|[from] Stealth Rock\n|turn|27\n|\n|t:|1699678770\n|move|p2a: Kartana|Knock Off|p1a: Rotom\n|-damage|p1a: Rotom|22\/100\n|-enditem|p1a: Rotom|Heavy-Duty Boots|[from] move: Knock Off|[of] p2a: Kartana\n|move|p1a: Rotom|Overheat|p2a: Kartana|[miss]\n|-miss|p1a: Rotom|p2a: Kartana\n|\n|upkeep\n|turn|28\n|c|\u2606immun!ty|fuck this\n|c|\u2606immun!ty|wtf LMAO\n|\n|t:|1699678788\n|move|p2a: Kartana|Knock Off|p1a: Rotom\n|-damage|p1a: Rotom|0 fnt\n|faint|p1a: Rotom\n|\n|win|jintianzhousan\n|raw|immun!ty's rating: 1471 &rarr; <strong>1445<\/strong><br \/>(-26 for losing)\n|raw|jintianzhousan's rating: 1364 &rarr; <strong>1390<\/strong><br \/>(+26 for winning)\n|c|\u2606jintianzhousan|sorry\n","uploadtime":1699678797,"views":4,"p1id":"immunty","p2id":"jintianzhousan","formatid":"gen9nationaldex","rating":1390,"private":0,"password":""}