{"id":"gen9nationaldex-1994701004","p1":"Zoopiedoopie","p2":"h0t water","format":"[Gen 9] National Dex","log":"|html|<div class=\"broadcast-blue\"><strong>[Gen 9] National Dex is currently suspecting Sneasler! For information on how to participate check out the <a href=\"https:\/\/www.smogon.com\/forums\/threads\/sv-national-dex-suspect-8-just-dance.3731534\/\">suspect thread<\/a>.<\/strong><\/div>\n|j|\u2606Zoopiedoopie\n|j|\u2606h0t water\n|t:|1700483029\n|gametype|singles\n|player|p1|Zoopiedoopie|266|1040\n|player|p2|h0t water|265|1013\n|teamsize|p1|6\n|teamsize|p2|6\n|gen|9\n|tier|[Gen 9] National Dex\n|rated|\n|rule|HP Percentage Mod: HP is shown in percentages\n|rule|Endless Battle Clause: Forcing endless battles is banned\n|rule|OHKO Clause: OHKO moves are banned\n|rule|Evasion Clause: Evasion abilities, items, and moves are banned\n|rule|Evasion Abilities Clause: Evasion abilities are banned\n|rule|Evasion Items Clause: Evasion items are banned\n|rule|Evasion Moves Clause: Evasion moves are banned\n|rule|Species Clause: Limit one of each Pok\u00e9mon\n|rule|Sleep Clause Mod: Limit one foe put to sleep\n|clearpoke\n|poke|p1|Hippowdon, F|\n|poke|p1|Corviknight, F|\n|poke|p1|Blissey, F|\n|poke|p1|Ferrothorn, F|\n|poke|p1|Toxapex, M|\n|poke|p1|Clefable, F|\n|poke|p2|Iron Valiant|\n|poke|p2|Galvantula, M|\n|poke|p2|Uxie|\n|poke|p2|Blaziken, F|\n|poke|p2|Inteleon, F|\n|poke|p2|Haxorus, M|\n|teampreview\n|inactive|Battle timer is ON: inactive players will automatically lose when time's up. (requested by h0t water)\n|\n|t:|1700483033\n|start\n|switch|p1a: Hippowdon|Hippowdon, F|100\/100\n|switch|p2a: Galvantula|Galvantula, M|100\/100\n|-weather|Sandstorm|[from] ability: Sand Stream|[of] p1a: Hippowdon\n|turn|1\n|\n|t:|1700483052\n|switch|p2a: Uxie|Uxie|100\/100\n|move|p1a: Hippowdon|Earthquake|p2a: Uxie\n|-immune|p2a: Uxie|[from] ability: Levitate\n|\n|-weather|Sandstorm|[upkeep]\n|-damage|p2a: Uxie|94\/100|[from] Sandstorm\n|upkeep\n|turn|2\n|\n|t:|1700483076\n|move|p2a: Uxie|Trick|p1a: Hippowdon\n|-activate|p2a: Uxie|move: Trick|[of] p1a: Hippowdon\n|-item|p1a: Hippowdon|Choice Scarf|[from] move: Trick\n|-item|p2a: Uxie|Leftovers|[from] move: Trick\n|move|p1a: Hippowdon|Toxic|p2a: Uxie\n|-status|p2a: Uxie|tox\n|\n|-weather|Sandstorm|[upkeep]\n|-damage|p2a: Uxie|88\/100 tox|[from] Sandstorm\n|-heal|p2a: Uxie|94\/100 tox|[from] item: Leftovers\n|-damage|p2a: Uxie|88\/100 tox|[from] psn\n|upkeep\n|turn|3\n|inactive|Zoopiedoopie has 120 seconds left.\n|\n|t:|1700483101\n|switch|p1a: Ferrothorn|Ferrothorn, F|100\/100\n|move|p2a: Uxie|Stealth Rock|p1a: Ferrothorn\n|-sidestart|p1: Zoopiedoopie|move: Stealth Rock\n|\n|-weather|Sandstorm|[upkeep]\n|-damage|p2a: Uxie|82\/100 tox|[from] Sandstorm\n|-heal|p2a: Uxie|88\/100 tox|[from] item: Leftovers\n|-damage|p2a: Uxie|76\/100 tox|[from] psn\n|upkeep\n|turn|4\n|inactive|Zoopiedoopie has 120 seconds left.\n|\n|t:|1700483111\n|move|p2a: Uxie|Thunder Wave|p1a: Ferrothorn\n|-status|p1a: Ferrothorn|par\n|cant|p1a: Ferrothorn|par\n|\n|-weather|Sandstorm|[upkeep]\n|-damage|p2a: Uxie|69\/100 tox|[from] Sandstorm\n|-heal|p2a: Uxie|76\/100 tox|[from] item: Leftovers\n|-damage|p2a: Uxie|57\/100 tox|[from] psn\n|upkeep\n|turn|5\n|\n|t:|1700483117\n|switch|p2a: Galvantula|Galvantula, M|100\/100\n|move|p1a: Ferrothorn|Thunder Wave|p2a: Galvantula\n|-immune|p2a: Galvantula\n|\n|-weather|none\n|upkeep\n|turn|6\n|\n|t:|1700483125\n|move|p2a: Galvantula|Bug Buzz|p1a: Ferrothorn\n|-damage|p1a: Ferrothorn|71\/100 par\n|cant|p1a: Ferrothorn|par\n|\n|-heal|p1a: Ferrothorn|77\/100 par|[from] item: Leftovers\n|upkeep\n|turn|7\n|\n|t:|1700483133\n|switch|p1a: Blissey|Blissey, F|100\/100\n|-damage|p1a: Blissey|88\/100|[from] Stealth Rock\n|move|p2a: Galvantula|Bug Buzz|p1a: Blissey\n|-damage|p1a: Blissey|78\/100\n|\n|-heal|p1a: Blissey|84\/100|[from] item: Leftovers\n|upkeep\n|turn|8\n|\n|t:|1700483143\n|move|p2a: Galvantula|Thunder Wave|p1a: Blissey\n|-status|p1a: Blissey|par\n|move|p1a: Blissey|Heal Bell|p1a: Blissey\n|-activate|p1a: Blissey|move: Heal Bell\n|-curestatus|p1a: Blissey|par|[msg]\n|-curestatus|p1: Ferrothorn|par|[msg]\n|\n|-heal|p1a: Blissey|90\/100|[from] item: Leftovers\n|upkeep\n|turn|9\n|\n|t:|1700483159\n|move|p2a: Galvantula|Sticky Web|p1a: Blissey\n|-sidestart|p1: Zoopiedoopie|move: Sticky Web\n|move|p1a: Blissey|Thunder Wave|p2a: Galvantula\n|-immune|p2a: Galvantula\n|\n|-heal|p1a: Blissey|96\/100|[from] item: Leftovers\n|upkeep\n|turn|10\n|\n|t:|1700483165\n|move|p2a: Galvantula|Thunder|p1a: Blissey\n|-damage|p1a: Blissey|84\/100\n|move|p1a: Blissey|Seismic Toss|p2a: Galvantula\n|-damage|p2a: Galvantula|65\/100\n|\n|-heal|p1a: Blissey|90\/100|[from] item: Leftovers\n|upkeep\n|turn|11\n|\n|t:|1700483175\n|switch|p2a: Iron Valiant|Iron Valiant|100\/100\n|-enditem|p2a: Iron Valiant|Booster Energy\n|-activate|p2a: Iron Valiant|ability: Quark Drive|[fromitem]\n|-start|p2a: Iron Valiant|quarkdrivespe\n|move|p1a: Blissey|Thunder Wave|p2a: Iron Valiant\n|-status|p2a: Iron Valiant|par\n|\n|-heal|p1a: Blissey|96\/100|[from] item: Leftovers\n|upkeep\n|turn|12\n|\n|t:|1700483186\n|move|p2a: Iron Valiant|Swords Dance|p2a: Iron Valiant\n|-boost|p2a: Iron Valiant|atk|2\n|move|p1a: Blissey|Seismic Toss|p2a: Iron Valiant\n|-damage|p2a: Iron Valiant|66\/100 par\n|\n|-heal|p1a: Blissey|100\/100|[from] item: Leftovers\n|upkeep\n|turn|13\n|\n|t:|1700483201\n|move|p2a: Iron Valiant|Close Combat|p1a: Blissey\n|-supereffective|p1a: Blissey\n|-damage|p1a: Blissey|0 fnt\n|-unboost|p2a: Iron Valiant|def|1\n|-unboost|p2a: Iron Valiant|spd|1\n|faint|p1a: Blissey\n|\n|upkeep\n|\n|t:|1700483218\n|switch|p1a: Corviknight|Corviknight, F|100\/100\n|-damage|p1a: Corviknight|88\/100|[from] Stealth Rock\n|-ability|p1a: Corviknight|Pressure\n|turn|14\n|\n|t:|1700483238\n|move|p2a: Iron Valiant|Close Combat|p1a: Corviknight\n|-damage|p1a: Corviknight|18\/100\n|-unboost|p2a: Iron Valiant|def|1\n|-unboost|p2a: Iron Valiant|spd|1\n|move|p1a: Corviknight|Brave Bird|p2a: Iron Valiant\n|-supereffective|p2a: Iron Valiant\n|-damage|p2a: Iron Valiant|0 fnt\n|faint|p2a: Iron Valiant\n|-end|p2a: Iron Valiant|Quark Drive|[silent]\n|-damage|p1a: Corviknight|2\/100|[from] Recoil\n|\n|-heal|p1a: Corviknight|9\/100|[from] item: Leftovers\n|upkeep\n|\n|t:|1700483246\n|switch|p2a: Blaziken|Blaziken, F|100\/100\n|turn|15\n|\n|t:|1700483248\n|switch|p1a: Clefable|Clefable, F, shiny|100\/100\n|-damage|p1a: Clefable|88\/100|[from] Stealth Rock\n|-activate|p1a: Clefable|move: Sticky Web\n|-unboost|p1a: Clefable|spe|1\n|move|p2a: Blaziken|Swords Dance|p2a: Blaziken\n|-boost|p2a: Blaziken|atk|2\n|\n|-heal|p1a: Clefable|94\/100|[from] item: Leftovers\n|-ability|p2a: Blaziken|Speed Boost|boost\n|-boost|p2a: Blaziken|spe|1\n|upkeep\n|turn|16\n|\n|t:|1700483268\n|move|p2a: Blaziken|Blaze Kick|p1a: Clefable|[miss]\n|-miss|p2a: Blaziken|p1a: Clefable\n|move|p1a: Clefable|Calm Mind|p1a: Clefable\n|-boost|p1a: Clefable|spa|1\n|-boost|p1a: Clefable|spd|1\n|\n|-heal|p1a: Clefable|99\/100|[from] item: Leftovers\n|-ability|p2a: Blaziken|Speed Boost|boost\n|-boost|p2a: Blaziken|spe|1\n|upkeep\n|turn|17\n|\n|t:|1700483277\n|move|p2a: Blaziken|Blaze Kick|p1a: Clefable\n|-damage|p1a: Clefable|63\/100\n|-status|p1a: Clefable|brn\n|move|p1a: Clefable|Moonblast|p2a: Blaziken\n|-damage|p2a: Blaziken|26\/100\n|\n|-heal|p1a: Clefable|69\/100 brn|[from] item: Leftovers\n|-damage|p1a: Clefable|63\/100 brn|[from] brn\n|-ability|p2a: Blaziken|Speed Boost|boost\n|-boost|p2a: Blaziken|spe|1\n|upkeep\n|turn|18\n|\n|t:|1700483288\n|move|p2a: Blaziken|Blaze Kick|p1a: Clefable\n|-damage|p1a: Clefable|28\/100 brn\n|move|p1a: Clefable|Moonblast|p2a: Blaziken\n|-damage|p2a: Blaziken|0 fnt\n|faint|p2a: Blaziken\n|\n|-heal|p1a: Clefable|35\/100 brn|[from] item: Leftovers\n|-damage|p1a: Clefable|28\/100 brn|[from] brn\n|upkeep\n|\n|t:|1700483293\n|switch|p2a: Inteleon|Inteleon, F|100\/100\n|turn|19\n|\n|t:|1700483309\n|switch|p1a: Toxapex|Toxapex, M|100\/100\n|-damage|p1a: Toxapex|88\/100|[from] Stealth Rock\n|-activate|p1a: Toxapex|move: Sticky Web\n|-unboost|p1a: Toxapex|spe|1\n|move|p2a: Inteleon|Focus Energy|p2a: Inteleon\n|-start|p2a: Inteleon|move: Focus Energy\n|\n|-heal|p1a: Toxapex|94\/100|[from] item: Black Sludge\n|upkeep\n|turn|20\n|\n|t:|1700483326\n|-terastallize|p2a: Inteleon|Electric\n|move|p2a: Inteleon|Tera Blast|p1a: Toxapex|[anim] Tera Blast Electric\n|-supereffective|p1a: Toxapex\n|-crit|p1a: Toxapex\n|-damage|p1a: Toxapex|0 fnt\n|faint|p1a: Toxapex\n|\n|upkeep\n|\n|t:|1700483334\n|switch|p1a: Hippowdon|Hippowdon, F|100\/100\n|-damage|p1a: Hippowdon|94\/100|[from] Stealth Rock\n|-activate|p1a: Hippowdon|move: Sticky Web\n|-unboost|p1a: Hippowdon|spe|1\n|-weather|Sandstorm|[from] ability: Sand Stream|[of] p1a: Hippowdon\n|turn|21\n|\n|t:|1700483347\n|move|p2a: Inteleon|Snipe Shot|p1a: Hippowdon\n|-supereffective|p1a: Hippowdon\n|-crit|p1a: Hippowdon\n|-damage|p1a: Hippowdon|0 fnt\n|faint|p1a: Hippowdon\n|\n|-weather|Sandstorm|[upkeep]\n|-damage|p2a: Inteleon|94\/100|[from] Sandstorm\n|upkeep\n|\n|t:|1700483350\n|switch|p1a: Ferrothorn|Ferrothorn, F|77\/100\n|-damage|p1a: Ferrothorn|71\/100|[from] Stealth Rock\n|-activate|p1a: Ferrothorn|move: Sticky Web\n|-unboost|p1a: Ferrothorn|spe|1\n|turn|22\n|\n|t:|1700483354\n|move|p2a: Inteleon|Ice Beam|p1a: Ferrothorn\n|-crit|p1a: Ferrothorn\n|-damage|p1a: Ferrothorn|18\/100\n|move|p1a: Ferrothorn|Leech Seed|p2a: Inteleon\n|-start|p2a: Inteleon|move: Leech Seed\n|\n|-weather|Sandstorm|[upkeep]\n|-damage|p2a: Inteleon|88\/100|[from] Sandstorm\n|-heal|p1a: Ferrothorn|24\/100|[from] item: Leftovers\n|-damage|p2a: Inteleon|76\/100|[from] Leech Seed|[of] p1a: Ferrothorn\n|-heal|p1a: Ferrothorn|34\/100|[silent]\n|upkeep\n|turn|23\n|\n|t:|1700483365\n|move|p1a: Ferrothorn|Protect|p1a: Ferrothorn\n|-singleturn|p1a: Ferrothorn|Protect\n|move|p2a: Inteleon|Ice Beam|p1a: Ferrothorn\n|-activate|p1a: Ferrothorn|move: Protect\n|\n|-weather|Sandstorm|[upkeep]\n|-damage|p2a: Inteleon|70\/100|[from] Sandstorm\n|-heal|p1a: Ferrothorn|40\/100|[from] item: Leftovers\n|-damage|p2a: Inteleon|57\/100|[from] Leech Seed|[of] p1a: Ferrothorn\n|-heal|p1a: Ferrothorn|50\/100|[silent]\n|upkeep\n|turn|24\n|\n|t:|1700483379\n|-terastallize|p1a: Ferrothorn|Grass\n|move|p1a: Ferrothorn|Protect||[still]\n|-fail|p1a: Ferrothorn\n|move|p2a: Inteleon|Ice Beam|p1a: Ferrothorn\n|-supereffective|p1a: Ferrothorn\n|-crit|p1a: Ferrothorn\n|-damage|p1a: Ferrothorn|0 fnt\n|faint|p1a: Ferrothorn\n|\n|-weather|Sandstorm|[upkeep]\n|-damage|p2a: Inteleon|51\/100|[from] Sandstorm\n|upkeep\n|\n|t:|1700483390\n|switch|p1a: Corviknight|Corviknight, F|9\/100\n|-damage|p1a: Corviknight|0 fnt|[from] Stealth Rock\n|faint|p1a: Corviknight\n|\n|t:|1700483393\n|switch|p1a: Clefable|Clefable, F, shiny|28\/100 brn\n|-damage|p1a: Clefable|16\/100 brn|[from] Stealth Rock\n|-activate|p1a: Clefable|move: Sticky Web\n|-unboost|p1a: Clefable|spe|1\n|turn|25\n|\n|t:|1700483396\n|move|p2a: Inteleon|Snipe Shot|p1a: Clefable\n|-crit|p1a: Clefable\n|-damage|p1a: Clefable|0 fnt\n|faint|p1a: Clefable\n|\n|win|h0t water\n|raw|Zoopiedoopie's rating: 1040 &rarr; <strong>1023<\/strong><br \/>(-17 for losing)\n|raw|h0t water's rating: 1013 &rarr; <strong>1054<\/strong><br \/>(+41 for winning)\n|l|\u2606Zoopiedoopie\n","uploadtime":1700483401,"views":10,"p1id":"zoopiedoopie","p2id":"h0twater","formatid":"gen9nationaldex","rating":1023,"private":0,"password":""}