{"id":"gen9nationaldex-1996318560","p1":"IceBerryCoffee","p2":"Meavrer","format":"[Gen 9] National Dex","log":"|html|<div class=\"broadcast-blue\"><strong>[Gen 9] National Dex is currently suspecting Sneasler! For information on how to participate check out the <a href=\"https:\/\/www.smogon.com\/forums\/threads\/sv-national-dex-suspect-8-just-dance.3731534\/\">suspect thread<\/a>.<\/strong><\/div>\n|j|\u2606IceBerryCoffee\n|j|\u2606Meavrer\n|t:|1700670680\n|gametype|singles\n|player|p1|IceBerryCoffee|101|1327\n|player|p2|Meavrer|clair|1288\n|teamsize|p1|6\n|teamsize|p2|6\n|gen|9\n|tier|[Gen 9] National Dex\n|rated|\n|rule|HP Percentage Mod: HP is shown in percentages\n|rule|Endless Battle Clause: Forcing endless battles is banned\n|rule|OHKO Clause: OHKO moves are banned\n|rule|Evasion Clause: Evasion abilities, items, and moves are banned\n|rule|Evasion Abilities Clause: Evasion abilities are banned\n|rule|Evasion Items Clause: Evasion items are banned\n|rule|Evasion Moves Clause: Evasion moves are banned\n|rule|Species Clause: Limit one of each Pok\u00e9mon\n|rule|Sleep Clause Mod: Limit one foe put to sleep\n|clearpoke\n|poke|p1|Maushold-Four|\n|poke|p1|Empoleon, M|\n|poke|p1|Conkeldurr, M|\n|poke|p1|Typhlosion-Hisui, F|\n|poke|p1|Charizard, F|\n|poke|p1|Gliscor, M|\n|poke|p2|Hydreigon, M|\n|poke|p2|Falinks|\n|poke|p2|Talonflame, F|\n|poke|p2|Porygon-Z|\n|poke|p2|Kricketune, F|\n|poke|p2|Squawkabilly-Yellow, F|\n|teampreview\n|inactive|Battle timer is ON: inactive players will automatically lose when time's up. (requested by Meavrer)\n|\n|t:|1700670690\n|start\n|switch|p1a: Gliscor|Gliscor, M|100\/100\n|switch|p2a: Kricketune|Kricketune, F|100\/100\n|turn|1\n|\n|t:|1700670695\n|move|p2a: Kricketune|Sticky Web|p1a: Gliscor\n|-sidestart|p1: IceBerryCoffee|move: Sticky Web\n|move|p1a: Gliscor|Stealth Rock|p2a: Kricketune\n|-sidestart|p2: Meavrer|move: Stealth Rock\n|\n|-status|p1a: Gliscor|tox|[from] item: Toxic Orb\n|upkeep\n|turn|2\n|\n|t:|1700670700\n|move|p2a: Kricketune|Pounce|p1a: Gliscor\n|-resisted|p1a: Gliscor\n|-damage|p1a: Gliscor|88\/100 tox\n|-unboost|p1a: Gliscor|spe|1\n|move|p1a: Gliscor|Toxic|p2a: Kricketune\n|-status|p2a: Kricketune|tox\n|\n|-damage|p2a: Kricketune|94\/100 tox|[from] psn\n|-heal|p1a: Gliscor|100\/100 tox|[from] ability: Poison Heal\n|upkeep\n|turn|3\n|\n|t:|1700670712\n|switch|p1a: Empoleon|Empoleon, M|100\/100\n|-activate|p1a: Empoleon|move: Sticky Web\n|-unboost|p1a: Empoleon|spe|1\n|-ability|p1a: Empoleon|Competitive|boost\n|-boost|p1a: Empoleon|spa|2\n|move|p2a: Kricketune|Pounce|p1a: Empoleon\n|-resisted|p1a: Empoleon\n|-damage|p1a: Empoleon|89\/100\n|-unboost|p1a: Empoleon|spe|1\n|-ability|p1a: Empoleon|Competitive|boost\n|-boost|p1a: Empoleon|spa|2\n|\n|-heal|p1a: Empoleon|95\/100|[from] item: Leftovers\n|-damage|p2a: Kricketune|82\/100 tox|[from] psn\n|upkeep\n|turn|4\n|\n|t:|1700670725\n|move|p2a: Kricketune|Brick Break|p1a: Empoleon\n|-supereffective|p1a: Empoleon\n|-crit|p1a: Empoleon\n|-damage|p1a: Empoleon|48\/100\n|move|p1a: Empoleon|Surf|p2a: Kricketune\n|-damage|p2a: Kricketune|0 fnt\n|faint|p2a: Kricketune\n|\n|-heal|p1a: Empoleon|54\/100|[from] item: Leftovers\n|upkeep\n|\n|t:|1700670731\n|switch|p2a: Porygon-Z|Porygon-Z|100\/100\n|-damage|p2a: Porygon-Z|88\/100|[from] Stealth Rock\n|turn|5\n|\n|t:|1700670736\n|-terastallize|p1a: Empoleon|Ghost\n|move|p2a: Porygon-Z|Thunderbolt|p1a: Empoleon\n|-damage|p1a: Empoleon|30\/100\n|move|p1a: Empoleon|Roost|p1a: Empoleon\n|-heal|p1a: Empoleon|80\/100\n|\n|-heal|p1a: Empoleon|86\/100|[from] item: Leftovers\n|upkeep\n|turn|6\n|\n|t:|1700670744\n|move|p2a: Porygon-Z|Shadow Ball|p1a: Empoleon\n|-supereffective|p1a: Empoleon\n|-damage|p1a: Empoleon|34\/100\n|move|p1a: Empoleon|Surf|p2a: Porygon-Z\n|-damage|p2a: Porygon-Z|0 fnt\n|faint|p2a: Porygon-Z\n|\n|-heal|p1a: Empoleon|41\/100|[from] item: Leftovers\n|upkeep\n|\n|t:|1700670755\n|switch|p2a: Hydreigon|Hydreigon, M|100\/100\n|-damage|p2a: Hydreigon|88\/100|[from] Stealth Rock\n|turn|7\n|\n|t:|1700670761\n|move|p2a: Hydreigon|Dark Pulse|p1a: Empoleon\n|-supereffective|p1a: Empoleon\n|-damage|p1a: Empoleon|0 fnt\n|faint|p1a: Empoleon\n|\n|-heal|p2a: Hydreigon|94\/100|[from] item: Leftovers\n|upkeep\n|\n|t:|1700670786\n|switch|p1a: Gliscor|Gliscor, M|100\/100 tox\n|turn|8\n|\n|t:|1700670789\n|move|p2a: Hydreigon|Nasty Plot|p2a: Hydreigon\n|-boost|p2a: Hydreigon|spa|2\n|move|p1a: Gliscor|Toxic|p2a: Hydreigon|[miss]\n|-miss|p1a: Gliscor|p2a: Hydreigon\n|\n|-heal|p2a: Hydreigon|100\/100|[from] item: Leftovers\n|upkeep\n|turn|9\n|\n|t:|1700670796\n|move|p2a: Hydreigon|Dragon Pulse|p1a: Gliscor\n|-damage|p1a: Gliscor|34\/100 tox\n|move|p1a: Gliscor|Toxic|p2a: Hydreigon\n|-status|p2a: Hydreigon|tox\n|\n|-damage|p2a: Hydreigon|94\/100 tox|[from] psn\n|-heal|p1a: Gliscor|47\/100 tox|[from] ability: Poison Heal\n|upkeep\n|turn|10\n|\n|t:|1700670806\n|move|p2a: Hydreigon|Dragon Pulse|p1a: Gliscor\n|-damage|p1a: Gliscor|0 fnt\n|faint|p1a: Gliscor\n|\n|-heal|p2a: Hydreigon|100\/100 tox|[from] item: Leftovers\n|-damage|p2a: Hydreigon|88\/100 tox|[from] psn\n|upkeep\n|\n|t:|1700670813\n|switch|p1a: Charizard|Charizard, F|100\/100\n|turn|11\n|\n|t:|1700670818\n|detailschange|p1a: Charizard|Charizard-Mega-Y, F\n|-mega|p1a: Charizard|Charizard|Charizardite Y\n|-weather|SunnyDay|[from] ability: Drought|[of] p1a: Charizard\n|move|p1a: Charizard|Roost||[still]\n|-fail|p1a: Charizard|heal\n|move|p2a: Hydreigon|Dragon Pulse|p1a: Charizard\n|-damage|p1a: Charizard|8\/100\n|\n|-weather|SunnyDay|[upkeep]\n|-heal|p2a: Hydreigon|94\/100 tox|[from] item: Leftovers\n|-damage|p2a: Hydreigon|76\/100 tox|[from] psn\n|upkeep\n|turn|12\n|\n|t:|1700670828\n|move|p1a: Charizard|Roost|p1a: Charizard\n|-heal|p1a: Charizard|58\/100\n|-singleturn|p1a: Charizard|move: Roost\n|move|p2a: Hydreigon|Dragon Pulse|p1a: Charizard\n|-damage|p1a: Charizard|0 fnt\n|faint|p1a: Charizard\n|\n|-weather|SunnyDay|[upkeep]\n|-heal|p2a: Hydreigon|82\/100 tox|[from] item: Leftovers\n|-damage|p2a: Hydreigon|58\/100 tox|[from] psn\n|upkeep\n|\n|t:|1700670838\n|switch|p1a: Conkeldurr|Conkeldurr, M|100\/100\n|-activate|p1a: Conkeldurr|move: Sticky Web\n|-unboost|p1a: Conkeldurr|spe|1\n|turn|13\n|\n|t:|1700670843\n|move|p1a: Conkeldurr|Mach Punch|p2a: Hydreigon\n|-supereffective|p2a: Hydreigon\n|-damage|p2a: Hydreigon|0 fnt\n|faint|p2a: Hydreigon\n|\n|-weather|SunnyDay|[upkeep]\n|-status|p1a: Conkeldurr|brn|[from] item: Flame Orb\n|upkeep\n|\n|t:|1700670849\n|switch|p2a: Squawkabilly|Squawkabilly-Yellow, F|100\/100\n|-damage|p2a: Squawkabilly|76\/100|[from] Stealth Rock\n|turn|14\n|\n|t:|1700670853\n|move|p2a: Squawkabilly|Brave Bird|p1a: Conkeldurr|[miss]\n|-miss|p2a: Squawkabilly|p1a: Conkeldurr\n|move|p1a: Conkeldurr|Facade|p2a: Squawkabilly\n|-damage|p2a: Squawkabilly|0 fnt\n|faint|p2a: Squawkabilly\n|\n|-weather|SunnyDay|[upkeep]\n|-damage|p1a: Conkeldurr|94\/100 brn|[from] brn\n|upkeep\n|\n|t:|1700670857\n|switch|p2a: Falinks|Falinks|100\/100\n|-damage|p2a: Falinks|95\/100|[from] Stealth Rock\n|turn|15\n|\n|t:|1700670864\n|-terastallize|p2a: Falinks|Ghost\n|move|p2a: Falinks|No Retreat|p2a: Falinks\n|-boost|p2a: Falinks|atk|1\n|-boost|p2a: Falinks|def|1\n|-boost|p2a: Falinks|spa|1\n|-boost|p2a: Falinks|spd|1\n|-boost|p2a: Falinks|spe|1\n|-start|p2a: Falinks|move: No Retreat\n|move|p1a: Conkeldurr|Facade|p2a: Falinks\n|-immune|p2a: Falinks\n|\n|-weather|none\n|-damage|p1a: Conkeldurr|88\/100 brn|[from] brn\n|upkeep\n|turn|16\n|\n|t:|1700670875\n|move|p2a: Falinks|Close Combat|p1a: Conkeldurr\n|-damage|p1a: Conkeldurr|11\/100 brn\n|-unboost|p2a: Falinks|def|1\n|-unboost|p2a: Falinks|spd|1\n|move|p1a: Conkeldurr|Knock Off|p2a: Falinks\n|-supereffective|p2a: Falinks\n|-damage|p2a: Falinks|0 fnt\n|-enditem|p2a: Falinks|Lum Berry|[from] move: Knock Off|[of] p1a: Conkeldurr\n|faint|p2a: Falinks\n|\n|-damage|p1a: Conkeldurr|5\/100 brn|[from] brn\n|upkeep\n|\n|t:|1700670882\n|switch|p2a: Talonflame|Talonflame, F|100\/100\n|turn|17\n|\n|t:|1700670887\n|move|p2a: Talonflame|Steel Wing|p1a: Conkeldurr\n|-damage|p1a: Conkeldurr|0 fnt\n|faint|p1a: Conkeldurr\n|\n|upkeep\n|\n|t:|1700670900\n|switch|p1a: Maushold|Maushold-Four|100\/100\n|-activate|p1a: Maushold|move: Sticky Web\n|-unboost|p1a: Maushold|spe|1\n|turn|18\n|\n|t:|1700670906\n|move|p2a: Talonflame|Flare Blitz|p1a: Maushold\n|-damage|p1a: Maushold|28\/100\n|-damage|p2a: Talonflame|77\/100|[from] Recoil\n|move|p1a: Maushold|Tidy Up|p1a: Maushold\n|-sideend|p1: IceBerryCoffee|Sticky Web\n|-sideend|p2: Meavrer|Stealth Rock\n|-activate|p1a: Maushold|move: Tidy Up\n|-boost|p1a: Maushold|atk|1\n|-boost|p1a: Maushold|spe|1\n|\n|upkeep\n|turn|19\n|\n|t:|1700670916\n|move|p2a: Talonflame|Flare Blitz|p1a: Maushold\n|-damage|p1a: Maushold|0 fnt\n|faint|p1a: Maushold\n|-damage|p2a: Talonflame|69\/100|[from] Recoil\n|\n|upkeep\n|\n|t:|1700670921\n|switch|p1a: Typhlosion|Typhlosion-Hisui, F|100\/100\n|-item|p2a: Talonflame|Heavy-Duty Boots|[from] ability: Frisk|[of] p1a: Typhlosion|[identify]\n|turn|20\n|\n|t:|1700670928\n|move|p1a: Typhlosion|Shadow Ball|p2a: Talonflame\n|-crit|p2a: Talonflame\n|-damage|p2a: Talonflame|0 fnt\n|faint|p2a: Talonflame\n|\n|win|IceBerryCoffee\n|raw|IceBerryCoffee's rating: 1327 &rarr; <strong>1345<\/strong><br \/>(+18 for winning)\n|raw|Meavrer's rating: 1288 &rarr; <strong>1266<\/strong><br \/>(-22 for losing)\n","uploadtime":1700670935,"views":0,"p1id":"iceberrycoffee","p2id":"meavrer","formatid":"gen9nationaldex","rating":1266,"private":0,"password":""}