{"id":"gen9nationaldex-1988276937","p1":"Assault Lady","p2":"Neaza","format":"[Gen 9] National Dex","log":"|j|\u2606Assault Lady\n|j|\u2606Neaza\n|t:|1699700041\n|gametype|singles\n|player|p1|Assault Lady|klara|1034\n|player|p2|Neaza|266|1032\n|teamsize|p1|6\n|teamsize|p2|6\n|gen|9\n|tier|[Gen 9] National Dex\n|rated|\n|rule|HP Percentage Mod: HP is shown in percentages\n|rule|Endless Battle Clause: Forcing endless battles is banned\n|rule|OHKO Clause: OHKO moves are banned\n|rule|Evasion Clause: Evasion abilities, items, and moves are banned\n|rule|Evasion Abilities Clause: Evasion abilities are banned\n|rule|Evasion Items Clause: Evasion items are banned\n|rule|Evasion Moves Clause: Evasion moves are banned\n|rule|Species Clause: Limit one of each Pok\u00e9mon\n|rule|Sleep Clause Mod: Limit one foe put to sleep\n|clearpoke\n|poke|p1|Pikachu, F|\n|poke|p1|Venusaur, F|\n|poke|p1|Charizard, F|\n|poke|p1|Blastoise, F|\n|poke|p1|Espeon, F|\n|poke|p1|Snorlax, F|\n|poke|p2|Clefable, F|\n|poke|p2|Breloom, F|\n|poke|p2|Sylveon, F|\n|poke|p2|Eiscue, F|\n|poke|p2|Ninetales-Alola, F|\n|poke|p2|Banette, F|\n|teampreview\n|inactive|Battle timer is ON: inactive players will automatically lose when time's up. (requested by Assault Lady)\n|\n|t:|1699700057\n|start\n|switch|p1a: Envy|Espeon, F|100\/100\n|switch|p2a: Clefable|Clefable, F, shiny|100\/100\n|turn|1\n|\n|t:|1699700074\n|move|p1a: Envy|Psyshock|p2a: Clefable\n|-damage|p2a: Clefable|26\/100\n|move|p2a: Clefable|Teleport|p2a: Clefable\n|\n|t:|1699700079\n|switch|p2a: Banette|Banette, F|100\/100|[from] Teleport\n|-item|p1a: Envy|Choice Specs|[from] ability: Frisk|[of] p2a: Banette|[identify]\n|\n|upkeep\n|turn|2\n|\n|t:|1699700086\n|detailschange|p2a: Banette|Banette-Mega, F\n|-mega|p2a: Banette|Banette|Banettite\n|move|p2a: Banette|Destiny Bond|p2a: Banette\n|-singlemove|p2a: Banette|Destiny Bond\n|move|p1a: Envy|Psyshock|p2a: Banette\n|-damage|p2a: Banette|23\/100\n|\n|upkeep\n|turn|3\n|\n|t:|1699700109\n|switch|p1a: Sloth|Snorlax, F|100\/100\n|move|p2a: Banette|Dazzling Gleam|p1a: Sloth\n|-damage|p1a: Sloth|91\/100\n|\n|-heal|p1a: Sloth|97\/100|[from] item: Leftovers\n|upkeep\n|turn|4\n|\n|t:|1699700117\n|move|p2a: Banette|Cotton Guard|p2a: Banette\n|-boost|p2a: Banette|def|3\n|move|p1a: Sloth|Curse|p1a: Sloth\n|-unboost|p1a: Sloth|spe|1\n|-boost|p1a: Sloth|atk|1\n|-boost|p1a: Sloth|def|1\n|\n|-heal|p1a: Sloth|100\/100|[from] item: Leftovers\n|upkeep\n|turn|5\n|\n|t:|1699700126\n|move|p2a: Banette|Thunder Wave|p1a: Sloth\n|-status|p1a: Sloth|par\n|move|p1a: Sloth|Earthquake|p2a: Banette\n|-damage|p2a: Banette|3\/100\n|\n|upkeep\n|turn|6\n|\n|t:|1699700132\n|move|p2a: Banette|Dazzling Gleam|p1a: Sloth\n|-damage|p1a: Sloth|92\/100 par\n|cant|p1a: Sloth|par\n|\n|-heal|p1a: Sloth|98\/100 par|[from] item: Leftovers\n|upkeep\n|turn|7\n|\n|t:|1699700140\n|move|p2a: Banette|Dazzling Gleam|p1a: Sloth\n|-damage|p1a: Sloth|90\/100 par\n|cant|p1a: Sloth|par\n|\n|-heal|p1a: Sloth|96\/100 par|[from] item: Leftovers\n|upkeep\n|turn|8\n|\n|t:|1699700147\n|move|p2a: Banette|Dazzling Gleam|p1a: Sloth\n|-damage|p1a: Sloth|87\/100 par\n|move|p1a: Sloth|Curse|p1a: Sloth\n|-unboost|p1a: Sloth|spe|1\n|-boost|p1a: Sloth|atk|1\n|-boost|p1a: Sloth|def|1\n|\n|-heal|p1a: Sloth|94\/100 par|[from] item: Leftovers\n|upkeep\n|turn|9\n|\n|t:|1699700156\n|move|p2a: Banette|Cotton Guard|p2a: Banette\n|-boost|p2a: Banette|def|3\n|cant|p1a: Sloth|par\n|\n|-heal|p1a: Sloth|99\/100 par|[from] item: Leftovers\n|upkeep\n|turn|10\n|\n|t:|1699700163\n|move|p2a: Banette|Destiny Bond|p2a: Banette\n|-singlemove|p2a: Banette|Destiny Bond\n|cant|p1a: Sloth|par\n|\n|-heal|p1a: Sloth|100\/100 par|[from] item: Leftovers\n|upkeep\n|turn|11\n|\n|t:|1699700169\n|move|p2a: Banette|Dazzling Gleam|p1a: Sloth\n|-damage|p1a: Sloth|92\/100 par\n|move|p1a: Sloth|Earthquake|p2a: Banette\n|-damage|p2a: Banette|0 fnt\n|faint|p2a: Banette\n|\n|-heal|p1a: Sloth|98\/100 par|[from] item: Leftovers\n|upkeep\n|\n|t:|1699700179\n|switch|p2a: Ninetales|Ninetales-Alola, F, shiny|100\/100\n|-weather|Snow|[from] ability: Snow Warning|[of] p2a: Ninetales\n|turn|12\n|\n|t:|1699700185\n|move|p2a: Ninetales|Safeguard|p2a: Ninetales\n|-sidestart|p2: Neaza|Safeguard\n|move|p1a: Sloth|Frustration|p2a: Ninetales\n|-damage|p2a: Ninetales|24\/100\n|\n|-weather|Snow|[upkeep]\n|-heal|p2a: Ninetales|30\/100|[from] item: Leftovers\n|-heal|p1a: Sloth|100\/100 par|[from] item: Leftovers\n|upkeep\n|turn|13\n|\n|t:|1699700212\n|move|p2a: Ninetales|Aurora Veil|p2a: Ninetales\n|-sidestart|p2: Neaza|move: Aurora Veil\n|move|p1a: Sloth|Curse|p1a: Sloth\n|-unboost|p1a: Sloth|spe|1\n|-boost|p1a: Sloth|atk|1\n|-boost|p1a: Sloth|def|1\n|\n|-weather|Snow|[upkeep]\n|-heal|p2a: Ninetales|36\/100|[from] item: Leftovers\n|upkeep\n|turn|14\n|\n|t:|1699700221\n|move|p2a: Ninetales|Blizzard|p1a: Sloth\n|-damage|p1a: Sloth|80\/100 par\n|move|p1a: Sloth|Curse|p1a: Sloth\n|-unboost|p1a: Sloth|spe|1\n|-boost|p1a: Sloth|atk|1\n|-boost|p1a: Sloth|def|1\n|\n|-weather|Snow|[upkeep]\n|-heal|p2a: Ninetales|42\/100|[from] item: Leftovers\n|-heal|p1a: Sloth|86\/100 par|[from] item: Leftovers\n|upkeep\n|turn|15\n|\n|t:|1699700231\n|switch|p2a: Eiscue|Eiscue, F, shiny|100\/100\n|cant|p1a: Sloth|par\n|\n|-weather|Snow|[upkeep]\n|-heal|p1a: Sloth|92\/100 par|[from] item: Leftovers\n|upkeep\n|turn|16\n|\n|t:|1699700245\n|move|p2a: Eiscue|Ice Spinner|p1a: Sloth\n|-damage|p1a: Sloth|83\/100 par\n|move|p1a: Sloth|Fire Punch|p2a: Eiscue\n|-activate|p2a: Eiscue|ability: Ice Face\n|-damage|p2a: Eiscue|100\/100\n|detailschange|p2a: Eiscue|Eiscue-Noice, F, shiny\n|\n|-weather|none\n|-heal|p1a: Sloth|90\/100 par|[from] item: Leftovers\n|-sideend|p2: Neaza|Safeguard\n|upkeep\n|turn|17\n|\n|t:|1699700264\n|move|p2a: Eiscue|Liquidation|p1a: Sloth\n|-damage|p1a: Sloth|84\/100 par\n|move|p1a: Sloth|Frustration|p2a: Eiscue\n|-damage|p2a: Eiscue|21\/100\n|\n|-heal|p1a: Sloth|90\/100 par|[from] item: Leftovers\n|-sideend|p2: Neaza|move: Aurora Veil\n|upkeep\n|turn|18\n|\n|t:|1699700273\n|switch|p2a: Ninetales|Ninetales-Alola, F, shiny|42\/100\n|-weather|Snow|[from] ability: Snow Warning|[of] p2a: Ninetales\n|move|p1a: Sloth|Frustration|p2a: Ninetales\n|-damage|p2a: Ninetales|0 fnt\n|faint|p2a: Ninetales\n|\n|-weather|Snow|[upkeep]\n|-heal|p1a: Sloth|96\/100 par|[from] item: Leftovers\n|upkeep\n|\n|t:|1699700277\n|switch|p2a: Eiscue|Eiscue-Noice, F, shiny|21\/100\n|-activate|p2a: Eiscue|ability: Ice Face\n|detailschange|p2a: Eiscue|Eiscue, F, shiny\n|turn|19\n|\n|t:|1699700289\n|move|p2a: Eiscue|Rest|p2a: Eiscue\n|-status|p2a: Eiscue|slp|[from] move: Rest\n|-heal|p2a: Eiscue|100\/100 slp|[silent]\n|move|p1a: Sloth|Fire Punch|p2a: Eiscue\n|-activate|p2a: Eiscue|ability: Ice Face\n|-damage|p2a: Eiscue|100\/100 slp\n|detailschange|p2a: Eiscue|Eiscue-Noice, F, shiny\n|\n|-weather|Snow|[upkeep]\n|-heal|p1a: Sloth|100\/100 par|[from] item: Leftovers\n|upkeep\n|turn|20\n|\n|t:|1699700299\n|cant|p2a: Eiscue|slp\n|move|p2a: Eiscue|Sleep Talk|p2a: Eiscue\n|move|p2a: Eiscue|Liquidation|p1a: Sloth|[from]move: Sleep Talk\n|-damage|p1a: Sloth|94\/100 par\n|-unboost|p1a: Sloth|def|1\n|cant|p1a: Sloth|par\n|\n|-weather|Snow|[upkeep]\n|-heal|p1a: Sloth|99\/100 par|[from] item: Leftovers\n|upkeep\n|turn|21\n|\n|t:|1699700313\n|cant|p2a: Eiscue|slp\n|move|p2a: Eiscue|Sleep Talk|p2a: Eiscue\n|move|p2a: Eiscue|Rest||[from]move: Sleep Talk|[still]\n|-fail|p2a: Eiscue\n|cant|p1a: Sloth|par\n|\n|-weather|Snow|[upkeep]\n|-heal|p1a: Sloth|100\/100 par|[from] item: Leftovers\n|upkeep\n|turn|22\n|inactive|Assault Lady has 120 seconds left.\n|\n|t:|1699700368\n|-curestatus|p2a: Eiscue|slp|[msg]\n|move|p2a: Eiscue|Sleep Talk||[still]\n|-fail|p2a: Eiscue\n|move|p1a: Sloth|Curse|p1a: Sloth\n|-unboost|p1a: Sloth|spe|1\n|-boost|p1a: Sloth|atk|1\n|-boost|p1a: Sloth|def|1\n|\n|-weather|none\n|upkeep\n|turn|23\n|\n|t:|1699700378\n|move|p2a: Eiscue|Liquidation|p1a: Sloth\n|-damage|p1a: Sloth|94\/100 par\n|cant|p1a: Sloth|par\n|\n|-heal|p1a: Sloth|100\/100 par|[from] item: Leftovers\n|upkeep\n|turn|24\n|inactive|Assault Lady has 90 seconds left.\n|inactive|Assault Lady has 60 seconds left.\n|\n|t:|1699700439\n|move|p2a: Eiscue|Ice Spinner|p1a: Sloth\n|-damage|p1a: Sloth|92\/100 par\n|move|p1a: Sloth|Fire Punch|p2a: Eiscue\n|-supereffective|p2a: Eiscue\n|-damage|p2a: Eiscue|0 fnt\n|faint|p2a: Eiscue\n|\n|-heal|p1a: Sloth|98\/100 par|[from] item: Leftovers\n|upkeep\n|\n|t:|1699700448\n|switch|p2a: Clefable|Clefable, F, shiny|26\/100\n|turn|25\n|\n|t:|1699700452\n|move|p2a: Clefable|Light Screen|p2a: Clefable\n|-sidestart|p2: Neaza|move: Light Screen\n|move|p1a: Sloth|Fire Punch|p2a: Clefable\n|-damage|p2a: Clefable|0 fnt\n|faint|p2a: Clefable\n|\n|-heal|p1a: Sloth|100\/100 par|[from] item: Leftovers\n|upkeep\n|\n|t:|1699700458\n|switch|p2a: Sylveon|Sylveon, F, shiny|100\/100\n|turn|26\n|\n|t:|1699700466\n|move|p2a: Sylveon|Wish|p2a: Sylveon\n|cant|p1a: Sloth|par\n|\n|upkeep\n|turn|27\n|inactive|Assault Lady has 60 seconds left.\n|inactive|Assault Lady has 30 seconds left.\n|inactive|Assault Lady has 20 seconds left.\n|inactive|Assault Lady has 15 seconds left.\n|inactive|Assault Lady has 10 seconds left.\n|inactive|Assault Lady has 5 seconds left.\n|-message|Assault Lady lost due to inactivity.\n|\n|win|Neaza\n|raw|Assault Lady's rating: 1034 &rarr; <strong>1019<\/strong><br \/>(-15 for losing)\n|raw|Neaza's rating: 1032 &rarr; <strong>1067<\/strong><br \/>(+35 for winning)\n","uploadtime":1699700577,"views":4,"p1id":"assaultlady","p2id":"neaza","formatid":"gen9nationaldex","rating":1019,"private":0,"password":""}