{"id":"gen9nationaldex-1989478741","p1":"FlyingSudowoodo","p2":"kirito_0127","format":"[Gen 9] National Dex","log":"|j|\u2606FlyingSudowoodo\n|j|\u2606kirito_0127\n|t:|1699857203\n|gametype|singles\n|player|p1|FlyingSudowoodo|cheren|1389\n|player|p2|kirito_0127|byron|1309\n|teamsize|p1|6\n|teamsize|p2|6\n|gen|9\n|tier|[Gen 9] National Dex\n|rated|\n|rule|HP Percentage Mod: HP is shown in percentages\n|rule|Endless Battle Clause: Forcing endless battles is banned\n|rule|OHKO Clause: OHKO moves are banned\n|rule|Evasion Clause: Evasion abilities, items, and moves are banned\n|rule|Evasion Abilities Clause: Evasion abilities are banned\n|rule|Evasion Items Clause: Evasion items are banned\n|rule|Evasion Moves Clause: Evasion moves are banned\n|rule|Species Clause: Limit one of each Pok\u00e9mon\n|rule|Sleep Clause Mod: Limit one foe put to sleep\n|clearpoke\n|poke|p1|Ribombee, M|\n|poke|p1|Glimmora, F|\n|poke|p1|Great Tusk|\n|poke|p1|Enamorus, F|\n|poke|p1|Samurott-Hisui, M|\n|poke|p1|Iron Moth|\n|poke|p2|Ninetales-Alola, M|\n|poke|p2|Garchomp, M|\n|poke|p2|Scizor, M|\n|poke|p2|Moltres|\n|poke|p2|Tapu Lele|\n|poke|p2|Ting-Lu|\n|teampreview\n|\n|t:|1699857216\n|start\n|switch|p1a: Ribombee|Ribombee, M|100\/100\n|switch|p2a: Moltres|Moltres|100\/100\n|turn|1\n|inactive|Battle timer is ON: inactive players will automatically lose when time's up. (requested by kirito_0127)\n|\n|t:|1699857223\n|move|p1a: Ribombee|Toxic|p2a: Moltres|[miss]\n|-miss|p1a: Ribombee|p2a: Moltres\n|move|p2a: Moltres|Flamethrower|p1a: Ribombee\n|-supereffective|p1a: Ribombee\n|-enditem|p1a: Ribombee|Focus Sash\n|-damage|p1a: Ribombee|1\/100\n|\n|upkeep\n|turn|2\n|\n|t:|1699857230\n|move|p1a: Ribombee|Sticky Web|p2a: Moltres\n|-sidestart|p2: kirito_0127|move: Sticky Web\n|move|p2a: Moltres|Flamethrower|p1a: Ribombee\n|-supereffective|p1a: Ribombee\n|-damage|p1a: Ribombee|0 fnt\n|faint|p1a: Ribombee\n|\n|upkeep\n|\n|t:|1699857236\n|switch|p1a: Glimmora|Glimmora, F|100\/100\n|-item|p1a: Glimmora|Air Balloon\n|turn|3\n|\n|t:|1699857242\n|move|p1a: Glimmora|Stealth Rock|p2a: Moltres\n|-sidestart|p2: kirito_0127|move: Stealth Rock\n|move|p2a: Moltres|Defog|p1a: Glimmora\n|-unboost|p1a: Glimmora|evasion|1\n|-sideend|p2: kirito_0127|Stealth Rock|[from] move: Defog|[of] p2a: Moltres\n|-sideend|p2: kirito_0127|Sticky Web|[from] move: Defog|[of] p2a: Moltres\n|\n|upkeep\n|turn|4\n|\n|t:|1699857250\n|switch|p2a: Scizor|Scizor, M|100\/100\n|move|p1a: Glimmora|Power Gem|p2a: Scizor\n|-damage|p2a: Scizor|52\/100\n|\n|upkeep\n|turn|5\n|\n|t:|1699857263\n|detailschange|p2a: Scizor|Scizor-Mega, M\n|-mega|p2a: Scizor|Scizor|Scizorite\n|move|p2a: Scizor|Bullet Punch|p1a: Glimmora\n|-supereffective|p1a: Glimmora\n|-damage|p1a: Glimmora|5\/100\n|-activate|p1a: Glimmora|ability: Toxic Debris\n|-sidestart|p2: kirito_0127|move: Toxic Spikes\n|-enditem|p1a: Glimmora|Air Balloon\n|move|p1a: Glimmora|Stealth Rock|p2a: Scizor\n|-sidestart|p2: kirito_0127|move: Stealth Rock\n|\n|upkeep\n|turn|6\n|\n|t:|1699857274\n|move|p1a: Glimmora|Power Gem|p2a: Scizor\n|-crit|p2a: Scizor\n|-damage|p2a: Scizor|0 fnt\n|faint|p2a: Scizor\n|\n|upkeep\n|\n|t:|1699857278\n|switch|p2a: Moltres|Moltres|100\/100\n|turn|7\n|\n|t:|1699857285\n|move|p1a: Glimmora|Power Gem|p2a: Moltres\n|-supereffective|p2a: Moltres\n|-damage|p2a: Moltres|0 fnt\n|faint|p2a: Moltres\n|\n|upkeep\n|-message|kirito_0127 forfeited.\n|\n|win|FlyingSudowoodo\n|raw|FlyingSudowoodo's rating: 1389 &rarr; <strong>1404<\/strong><br \/>(+15 for winning)\n|raw|kirito_0127's rating: 1309 &rarr; <strong>1294<\/strong><br \/>(-15 for losing)\n|l|\u2606kirito_0127\n","uploadtime":1699857296,"views":6,"p1id":"flyingsudowoodo","p2id":"kirito0127","formatid":"gen9nationaldex","rating":1294,"private":0,"password":""}