{"id":"gen9nationaldex-1988289929","p1":"MMQZA6","p2":"CheezeyMemes","format":"[Gen 9] National Dex","log":"|j|\u2606MMQZA6\n|j|\u2606CheezeyMemes\n|t:|1699702581\n|gametype|singles\n|player|p1|MMQZA6|101|1508\n|player|p2|CheezeyMemes|fantina|1514\n|teamsize|p1|6\n|teamsize|p2|6\n|gen|9\n|tier|[Gen 9] National Dex\n|rated|\n|rule|HP Percentage Mod: HP is shown in percentages\n|rule|Endless Battle Clause: Forcing endless battles is banned\n|rule|OHKO Clause: OHKO moves are banned\n|rule|Evasion Clause: Evasion abilities, items, and moves are banned\n|rule|Evasion Abilities Clause: Evasion abilities are banned\n|rule|Evasion Items Clause: Evasion items are banned\n|rule|Evasion Moves Clause: Evasion moves are banned\n|rule|Species Clause: Limit one of each Pok\u00e9mon\n|rule|Sleep Clause Mod: Limit one foe put to sleep\n|clearpoke\n|poke|p1|Ting-Lu|\n|poke|p1|Greninja-*, M|\n|poke|p1|Hoopa-Unbound|\n|poke|p1|Gyarados, M|\n|poke|p1|Sableye, M|\n|poke|p1|Hydreigon, M|\n|poke|p2|Dondozo, M|\n|poke|p2|Clodsire, F|\n|poke|p2|Hatterene, F|\n|poke|p2|Corviknight, M|\n|poke|p2|Blissey, F|\n|poke|p2|Pyukumuku, M|\n|teampreview\n|inactive|Battle timer is ON: inactive players will automatically lose when time's up. (requested by CheezeyMemes)\n|inactive|MMQZA6 has 120 seconds left.\n|\n|t:|1699702626\n|start\n|switch|p1a: Hoopa|Hoopa-Unbound|100\/100\n|switch|p2a: Hatterene|Hatterene, F|100\/100\n|turn|1\n|\n|t:|1699702635\n|switch|p2a: Dondozo|Dondozo, M|100\/100\n|-terastallize|p1a: Hoopa|Dark\n|move|p1a: Hoopa|Hyperspace Fury|p2a: Dondozo\n|-damage|p2a: Dondozo|37\/100\n|-unboost|p1a: Hoopa|def|1\n|\n|upkeep\n|turn|2\n|\n|t:|1699702642\n|move|p1a: Hoopa|Hyperspace Fury|p2a: Dondozo\n|-damage|p2a: Dondozo|0 fnt\n|-unboost|p1a: Hoopa|def|1\n|faint|p2a: Dondozo\n|\n|upkeep\n|\n|t:|1699702645\n|switch|p2a: Corviknight|Corviknight, M|100\/100\n|turn|3\n|\n|t:|1699702662\n|switch|p1a: Ting-Lu|Ting-Lu|100\/100\n|-ability|p1a: Ting-Lu|Vessel of Ruin\n|move|p2a: Corviknight|Body Press|p1a: Ting-Lu\n|-supereffective|p1a: Ting-Lu\n|-damage|p1a: Ting-Lu|74\/100\n|\n|-heal|p1a: Ting-Lu|80\/100|[from] item: Leftovers\n|upkeep\n|turn|4\n|\n|t:|1699702667\n|switch|p2a: Hatterene|Hatterene, F|100\/100\n|move|p1a: Ting-Lu|Ruination|p2a: Hatterene\n|-damage|p2a: Hatterene|50\/100\n|\n|-heal|p1a: Ting-Lu|86\/100|[from] item: Leftovers\n|-heal|p2a: Hatterene|56\/100|[from] item: Leftovers\n|upkeep\n|turn|5\n|\n|t:|1699702691\n|move|p1a: Ting-Lu|Ruination|p2a: Hatterene\n|-damage|p2a: Hatterene|28\/100\n|move|p2a: Hatterene|Draining Kiss|p1a: Ting-Lu\n|-supereffective|p1a: Ting-Lu\n|-damage|p1a: Ting-Lu|69\/100\n|-heal|p2a: Hatterene|50\/100|[from] drain|[of] p1a: Ting-Lu\n|\n|-heal|p1a: Ting-Lu|75\/100|[from] item: Leftovers\n|-heal|p2a: Hatterene|56\/100|[from] item: Leftovers\n|upkeep\n|turn|6\n|\n|t:|1699702701\n|switch|p1a: Sableye|Sableye, M|100\/100\n|move|p2a: Hatterene|Draining Kiss|p1a: Sableye\n|-supereffective|p1a: Sableye\n|-damage|p1a: Sableye|33\/100\n|-heal|p2a: Hatterene|100\/100|[from] drain|[of] p1a: Sableye\n|\n|upkeep\n|turn|7\n|\n|t:|1699702705\n|move|p1a: Sableye|Knock Off|p2a: Hatterene\n|-damage|p2a: Hatterene|80\/100\n|-enditem|p2a: Hatterene|Leftovers|[from] move: Knock Off|[of] p1a: Sableye\n|move|p2a: Hatterene|Calm Mind|p2a: Hatterene\n|-boost|p2a: Hatterene|spa|1\n|-boost|p2a: Hatterene|spd|1\n|\n|upkeep\n|turn|8\n|\n|t:|1699702711\n|switch|p1a: Hoopa|Hoopa-Unbound, tera:Dark|100\/100\n|move|p2a: Hatterene|Draining Kiss|p1a: Hoopa\n|-supereffective|p1a: Hoopa\n|-damage|p1a: Hoopa|41\/100\n|-heal|p2a: Hatterene|100\/100|[from] drain|[of] p1a: Hoopa\n|\n|upkeep\n|turn|9\n|\n|t:|1699702718\n|move|p1a: Hoopa|Hyperspace Fury|p2a: Hatterene\n|-damage|p2a: Hatterene|7\/100\n|-unboost|p1a: Hoopa|def|1\n|move|p2a: Hatterene|Draining Kiss|p1a: Hoopa\n|-supereffective|p1a: Hoopa\n|-damage|p1a: Hoopa|0 fnt\n|-heal|p2a: Hatterene|35\/100|[from] drain|[of] p1a: Hoopa\n|faint|p1a: Hoopa\n|\n|upkeep\n|\n|t:|1699702731\n|switch|p1a: Hydreigon|Hydreigon, M|100\/100\n|turn|10\n|\n|t:|1699702740\n|move|p1a: Hydreigon|Flash Cannon|p2a: Hatterene\n|-supereffective|p2a: Hatterene\n|-damage|p2a: Hatterene|0 fnt\n|faint|p2a: Hatterene\n|\n|upkeep\n|\n|t:|1699702744\n|switch|p2a: Pyukumuku|Pyukumuku, M|100\/100\n|turn|11\n|\n|t:|1699702748\n|switch|p1a: Sableye|Sableye, M|33\/100\n|move|p2a: Pyukumuku|Mirror Coat||[still]\n|-fail|p2a: Pyukumuku\n|\n|upkeep\n|turn|12\n|\n|t:|1699702752\n|switch|p2a: Blissey|Blissey, F|100\/100\n|move|p1a: Sableye|Recover|p1a: Sableye\n|-heal|p1a: Sableye|83\/100\n|\n|upkeep\n|turn|13\n|\n|t:|1699702757\n|move|p2a: Blissey|Thunder Wave|p1a: Sableye\n|-status|p1a: Sableye|par\n|move|p1a: Sableye|Knock Off|p2a: Blissey\n|-damage|p2a: Blissey|74\/100\n|-enditem|p2a: Blissey|Leftovers|[from] move: Knock Off|[of] p1a: Sableye\n|\n|upkeep\n|turn|14\n|\n|t:|1699702761\n|move|p1a: Sableye|Encore|p2a: Blissey\n|-start|p2a: Blissey|Encore\n|move|p2a: Blissey|Thunder Wave|p1a: Sableye\n|-fail|p1a: Sableye|par\n|\n|upkeep\n|turn|15\n|\n|t:|1699702763\n|switch|p2a: Pyukumuku|Pyukumuku, M|100\/100\n|move|p1a: Sableye|Thunder Wave|p2a: Pyukumuku\n|-status|p2a: Pyukumuku|par\n|\n|upkeep\n|turn|16\n|\n|t:|1699702769\n|switch|p2a: Blissey|Blissey, F|74\/100\n|move|p1a: Sableye|Knock Off|p2a: Blissey\n|-crit|p2a: Blissey\n|-damage|p2a: Blissey|47\/100\n|\n|upkeep\n|turn|17\n|\n|t:|1699702781\n|switch|p1a: Ting-Lu|Ting-Lu|75\/100\n|-ability|p1a: Ting-Lu|Vessel of Ruin\n|move|p2a: Blissey|Heal Bell|p2a: Blissey\n|-activate|p2a: Blissey|move: Heal Bell\n|-curestatus|p2: Pyukumuku|par|[msg]\n|\n|-heal|p1a: Ting-Lu|81\/100|[from] item: Leftovers\n|upkeep\n|turn|18\n|\n|t:|1699702785\n|move|p2a: Blissey|Soft-Boiled|p2a: Blissey\n|-heal|p2a: Blissey|97\/100\n|move|p1a: Ting-Lu|Stealth Rock|p2a: Blissey\n|-sidestart|p2: CheezeyMemes|move: Stealth Rock\n|\n|-heal|p1a: Ting-Lu|87\/100|[from] item: Leftovers\n|upkeep\n|turn|19\n|\n|t:|1699702793\n|switch|p2a: Corviknight|Corviknight, M|100\/100\n|-damage|p2a: Corviknight|88\/100|[from] Stealth Rock\n|move|p1a: Ting-Lu|Earthquake|p2a: Corviknight\n|-immune|p2a: Corviknight\n|\n|-heal|p1a: Ting-Lu|93\/100|[from] item: Leftovers\n|upkeep\n|turn|20\n|\n|t:|1699702796\n|move|p2a: Corviknight|Defog|p1a: Ting-Lu\n|-unboost|p1a: Ting-Lu|evasion|1\n|-sideend|p2: CheezeyMemes|Stealth Rock|[from] move: Defog|[of] p2a: Corviknight\n|move|p1a: Ting-Lu|Ruination|p2a: Corviknight\n|-damage|p2a: Corviknight|44\/100\n|\n|-heal|p1a: Ting-Lu|99\/100|[from] item: Leftovers\n|upkeep\n|turn|21\n|\n|t:|1699702804\n|move|p2a: Corviknight|Roost|p2a: Corviknight\n|-heal|p2a: Corviknight|94\/100\n|-singleturn|p2a: Corviknight|move: Roost\n|move|p1a: Ting-Lu|Whirlwind|p2a: Corviknight\n|drag|p2a: Clodsire|Clodsire, F|100\/100\n|\n|-heal|p1a: Ting-Lu|100\/100|[from] item: Leftovers\n|upkeep\n|turn|22\n|\n|t:|1699702810\n|switch|p2a: Pyukumuku|Pyukumuku, M|100\/100\n|move|p1a: Ting-Lu|Stealth Rock|p2a: Pyukumuku\n|-sidestart|p2: CheezeyMemes|move: Stealth Rock\n|\n|upkeep\n|turn|23\n|\n|t:|1699702815\n|move|p1a: Ting-Lu|Ruination|p2a: Pyukumuku\n|-damage|p2a: Pyukumuku|50\/100\n|move|p2a: Pyukumuku|Taunt|p1a: Ting-Lu\n|-start|p1a: Ting-Lu|move: Taunt\n|\n|-heal|p2a: Pyukumuku|57\/100|[from] item: Leftovers\n|upkeep\n|turn|24\n|\n|t:|1699702833\n|switch|p1a: Greninja|Greninja, M|100\/100\n|move|p2a: Pyukumuku|Recover|p2a: Pyukumuku\n|-heal|p2a: Pyukumuku|100\/100\n|\n|upkeep\n|turn|25\n|\n|t:|1699702839\n|move|p1a: Greninja|Dark Pulse|p2a: Pyukumuku\n|-damage|p2a: Pyukumuku|66\/100\n|-damage|p1a: Greninja|91\/100|[from] item: Life Orb\n|move|p2a: Pyukumuku|Taunt|p1a: Greninja\n|-start|p1a: Greninja|move: Taunt\n|\n|-heal|p2a: Pyukumuku|72\/100|[from] item: Leftovers\n|upkeep\n|turn|26\n|\n|t:|1699702850\n|switch|p1a: Sableye|Sableye, M|83\/100 par\n|move|p2a: Pyukumuku|Mirror Coat||[still]\n|-fail|p2a: Pyukumuku\n|\n|-heal|p2a: Pyukumuku|78\/100|[from] item: Leftovers\n|upkeep\n|turn|27\n|\n|t:|1699702862\n|switch|p2a: Blissey|Blissey, F|97\/100\n|-damage|p2a: Blissey|85\/100|[from] Stealth Rock\n|move|p1a: Sableye|Knock Off|p2a: Blissey\n|-damage|p2a: Blissey|65\/100\n|\n|upkeep\n|turn|28\n|\n|t:|1699702867\n|switch|p2a: Clodsire|Clodsire, F|100\/100\n|-damage|p2a: Clodsire|94\/100|[from] Stealth Rock\n|move|p1a: Sableye|Knock Off|p2a: Clodsire\n|-damage|p2a: Clodsire|66\/100\n|-enditem|p2a: Clodsire|Leftovers|[from] move: Knock Off|[of] p1a: Sableye\n|\n|upkeep\n|turn|29\n|\n|t:|1699702873\n|move|p2a: Clodsire|Recover|p2a: Clodsire\n|-heal|p2a: Clodsire|100\/100\n|move|p1a: Sableye|Knock Off|p2a: Clodsire\n|-damage|p2a: Clodsire|80\/100\n|\n|upkeep\n|turn|30\n|\n|t:|1699702877\n|cant|p1a: Sableye|par\n|move|p2a: Clodsire|Stealth Rock|p1a: Sableye\n|-sidestart|p1: MMQZA6|move: Stealth Rock\n|\n|upkeep\n|turn|31\n|\n|t:|1699702881\n|move|p1a: Sableye|Encore|p2a: Clodsire\n|-start|p2a: Clodsire|Encore\n|move|p2a: Clodsire|Stealth Rock||[still]\n|-fail|p2a: Clodsire\n|\n|upkeep\n|turn|32\n|\n|t:|1699702907\n|switch|p2a: Blissey|Blissey, F|65\/100\n|-damage|p2a: Blissey|52\/100|[from] Stealth Rock\n|switch|p1a: Greninja|Greninja, M|91\/100\n|-damage|p1a: Greninja|78\/100|[from] Stealth Rock\n|\n|upkeep\n|turn|33\n|inactive|MMQZA6 has 120 seconds left.\n|\n|t:|1699702925\n|switch|p1a: Sableye|Sableye, M|83\/100 par\n|move|p2a: Blissey|Soft-Boiled|p2a: Blissey\n|-heal|p2a: Blissey|100\/100\n|\n|upkeep\n|turn|34\n|\n|t:|1699702931\n|switch|p2a: Clodsire|Clodsire, F|80\/100\n|-damage|p2a: Clodsire|74\/100|[from] Stealth Rock\n|move|p1a: Sableye|Knock Off|p2a: Clodsire\n|-damage|p2a: Clodsire|54\/100\n|\n|upkeep\n|turn|35\n|\n|t:|1699702945\n|switch|p1a: Gyarados|Gyarados, M|100\/100\n|-damage|p1a: Gyarados|76\/100|[from] Stealth Rock\n|-ability|p1a: Gyarados|Intimidate|boost\n|-unboost|p2a: Clodsire|atk|1\n|move|p2a: Clodsire|Earthquake|p1a: Gyarados\n|-immune|p1a: Gyarados\n|\n|upkeep\n|turn|36\n|\n|t:|1699702952\n|switch|p2a: Corviknight|Corviknight, M|94\/100\n|-damage|p2a: Corviknight|82\/100|[from] Stealth Rock\n|detailschange|p1a: Gyarados|Gyarados-Mega, M\n|-mega|p1a: Gyarados|Gyarados|Gyaradosite\n|-ability|p1a: Gyarados|Mold Breaker\n|move|p1a: Gyarados|Earthquake|p2a: Corviknight\n|-immune|p2a: Corviknight\n|\n|upkeep\n|turn|37\n|\n|t:|1699702958\n|switch|p1a: Sableye|Sableye, M|83\/100 par\n|move|p2a: Corviknight|Defog|p1a: Sableye\n|-unboost|p1a: Sableye|evasion|1\n|-sideend|p1: MMQZA6|Stealth Rock|[from] move: Defog|[of] p2a: Corviknight\n|-sideend|p2: CheezeyMemes|Stealth Rock|[from] move: Defog|[of] p2a: Corviknight\n|\n|upkeep\n|turn|38\n|\n|t:|1699702966\n|switch|p2a: Clodsire|Clodsire, F|54\/100\n|move|p1a: Sableye|Thunder Wave|p2a: Clodsire\n|-immune|p2a: Clodsire\n|\n|upkeep\n|turn|39\n|\n|t:|1699702974\n|move|p2a: Clodsire|Toxic||[still]\n|-fail|p2a: Clodsire\n|cant|p1a: Sableye|par\n|\n|upkeep\n|turn|40\n|\n|t:|1699702979\n|move|p1a: Sableye|Encore|p2a: Clodsire\n|-start|p2a: Clodsire|Encore\n|move|p2a: Clodsire|Toxic||[still]\n|-fail|p2a: Clodsire\n|\n|upkeep\n|turn|41\n|\n|t:|1699702989\n|switch|p2a: Blissey|Blissey, F|100\/100\n|move|p1a: Sableye|Knock Off|p2a: Blissey\n|-damage|p2a: Blissey|82\/100\n|\n|upkeep\n|turn|42\n|\n|t:|1699702994\n|switch|p2a: Clodsire|Clodsire, F|54\/100\n|move|p1a: Sableye|Knock Off|p2a: Clodsire\n|-damage|p2a: Clodsire|33\/100\n|\n|upkeep\n|turn|43\n|\n|t:|1699703004\n|move|p2a: Clodsire|Recover|p2a: Clodsire\n|-heal|p2a: Clodsire|83\/100\n|move|p1a: Sableye|Knock Off|p2a: Clodsire\n|-damage|p2a: Clodsire|63\/100\n|\n|upkeep\n|turn|44\n|\n|t:|1699703009\n|switch|p2a: Corviknight|Corviknight, M|82\/100\n|move|p1a: Sableye|Encore||[still]\n|-fail|p1a: Sableye\n|\n|upkeep\n|turn|45\n|\n|t:|1699703013\n|switch|p2a: Clodsire|Clodsire, F|63\/100\n|move|p1a: Sableye|Thunder Wave|p2a: Clodsire\n|-immune|p2a: Clodsire\n|\n|upkeep\n|turn|46\n|\n|t:|1699703018\n|move|p2a: Clodsire|Toxic||[still]\n|-fail|p2a: Clodsire\n|move|p1a: Sableye|Knock Off|p2a: Clodsire\n|-damage|p2a: Clodsire|43\/100\n|\n|upkeep\n|turn|47\n|\n|t:|1699703022\n|switch|p2a: Corviknight|Corviknight, M|82\/100\n|move|p1a: Sableye|Knock Off|p2a: Corviknight\n|-damage|p2a: Corviknight|65\/100\n|-damage|p1a: Sableye|67\/100 par|[from] item: Rocky Helmet|[of] p2a: Corviknight\n|-enditem|p2a: Corviknight|Rocky Helmet|[from] move: Knock Off|[of] p1a: Sableye\n|\n|upkeep\n|turn|48\n|\n|t:|1699703033\n|switch|p2a: Clodsire|Clodsire, F|43\/100\n|move|p1a: Sableye|Thunder Wave|p2a: Clodsire\n|-immune|p2a: Clodsire\n|\n|upkeep\n|turn|49\n|\n|t:|1699703037\n|move|p2a: Clodsire|Recover|p2a: Clodsire\n|-heal|p2a: Clodsire|93\/100\n|move|p1a: Sableye|Knock Off|p2a: Clodsire\n|-damage|p2a: Clodsire|72\/100\n|\n|upkeep\n|turn|50\n|\n|t:|1699703041\n|move|p1a: Sableye|Encore|p2a: Clodsire\n|-start|p2a: Clodsire|Encore\n|move|p2a: Clodsire|Recover|p2a: Clodsire\n|-heal|p2a: Clodsire|100\/100\n|\n|upkeep\n|turn|51\n|l|\u2606MMQZA6\n|inactive|MMQZA6 disconnected and has a minute to reconnect!\n|player|p1|\n|j|\u2606MMQZA6\n|inactive|MMQZA6 reconnected and has 110 seconds left.\n|player|p1|MMQZA6|101\n|\n|t:|1699703091\n|switch|p2a: Blissey|Blissey, F|82\/100\n|switch|p1a: Gyarados|Gyarados-Mega, M|76\/100\n|-ability|p1a: Gyarados|Mold Breaker\n|\n|upkeep\n|turn|52\n|\n|t:|1699703102\n|switch|p1a: Ting-Lu|Ting-Lu|100\/100\n|-ability|p1a: Ting-Lu|Vessel of Ruin\n|switch|p2a: Corviknight|Corviknight, M|65\/100\n|\n|upkeep\n|turn|53\n|\n|t:|1699703112\n|move|p2a: Corviknight|Body Press|p1a: Ting-Lu\n|-supereffective|p1a: Ting-Lu\n|-damage|p1a: Ting-Lu|73\/100\n|move|p1a: Ting-Lu|Stealth Rock|p2a: Corviknight\n|-sidestart|p2: CheezeyMemes|move: Stealth Rock\n|\n|-heal|p1a: Ting-Lu|79\/100|[from] item: Leftovers\n|upkeep\n|turn|54\n|\n|t:|1699703119\n|move|p2a: Corviknight|Defog|p1a: Ting-Lu\n|-unboost|p1a: Ting-Lu|evasion|1\n|-sideend|p2: CheezeyMemes|Stealth Rock|[from] move: Defog|[of] p2a: Corviknight\n|move|p1a: Ting-Lu|Ruination|p2a: Corviknight\n|-damage|p2a: Corviknight|33\/100\n|\n|-heal|p1a: Ting-Lu|85\/100|[from] item: Leftovers\n|upkeep\n|turn|55\n|\n|t:|1699703123\n|move|p2a: Corviknight|Roost|p2a: Corviknight\n|-heal|p2a: Corviknight|83\/100\n|-singleturn|p2a: Corviknight|move: Roost\n|move|p1a: Ting-Lu|Stealth Rock|p2a: Corviknight\n|-sidestart|p2: CheezeyMemes|move: Stealth Rock\n|\n|-heal|p1a: Ting-Lu|92\/100|[from] item: Leftovers\n|upkeep\n|turn|56\n|\n|t:|1699703133\n|move|p2a: Corviknight|Iron Defense|p2a: Corviknight\n|-boost|p2a: Corviknight|def|2\n|move|p1a: Ting-Lu|Ruination|p2a: Corviknight\n|-damage|p2a: Corviknight|42\/100\n|\n|-heal|p1a: Ting-Lu|98\/100|[from] item: Leftovers\n|upkeep\n|turn|57\n|\n|t:|1699703137\n|move|p2a: Corviknight|Body Press|p1a: Ting-Lu\n|-supereffective|p1a: Ting-Lu\n|-damage|p1a: Ting-Lu|49\/100\n|move|p1a: Ting-Lu|Whirlwind|p2a: Corviknight\n|drag|p2a: Blissey|Blissey, F|82\/100\n|-damage|p2a: Blissey|70\/100|[from] Stealth Rock\n|\n|-heal|p1a: Ting-Lu|55\/100|[from] item: Leftovers\n|upkeep\n|turn|58\n|\n|t:|1699703147\n|move|p2a: Blissey|Seismic Toss|p1a: Ting-Lu\n|-damage|p1a: Ting-Lu|36\/100\n|move|p1a: Ting-Lu|Whirlwind|p2a: Blissey\n|drag|p2a: Clodsire|Clodsire, F|100\/100\n|-damage|p2a: Clodsire|94\/100|[from] Stealth Rock\n|\n|-heal|p1a: Ting-Lu|42\/100|[from] item: Leftovers\n|upkeep\n|turn|59\n|\n|t:|1699703161\n|switch|p1a: Greninja|Greninja, M|78\/100\n|switch|p2a: Pyukumuku|Pyukumuku, M|78\/100\n|-damage|p2a: Pyukumuku|65\/100|[from] Stealth Rock\n|\n|-heal|p2a: Pyukumuku|72\/100|[from] item: Leftovers\n|upkeep\n|turn|60\n|\n|t:|1699703185\n|switch|p2a: Blissey|Blissey, F|70\/100\n|-damage|p2a: Blissey|58\/100|[from] Stealth Rock\n|move|p1a: Greninja|Dark Pulse|p2a: Blissey\n|-damage|p2a: Blissey|44\/100\n|-damage|p1a: Greninja|69\/100|[from] item: Life Orb\n|\n|upkeep\n|turn|61\n|\n|t:|1699703193\n|switch|p1a: Sableye|Sableye, M|67\/100 par\n|move|p2a: Blissey|Seismic Toss|p1a: Sableye\n|-immune|p1a: Sableye\n|\n|upkeep\n|turn|62\n|\n|t:|1699703208\n|switch|p2a: Clodsire|Clodsire, F|94\/100\n|-damage|p2a: Clodsire|88\/100|[from] Stealth Rock\n|switch|p1a: Gyarados|Gyarados-Mega, M|76\/100\n|-ability|p1a: Gyarados|Mold Breaker\n|\n|upkeep\n|turn|63\n|\n|t:|1699703216\n|switch|p2a: Corviknight|Corviknight, M|42\/100\n|-damage|p2a: Corviknight|29\/100|[from] Stealth Rock\n|move|p1a: Gyarados|Dragon Dance|p1a: Gyarados\n|-boost|p1a: Gyarados|atk|1\n|-boost|p1a: Gyarados|spe|1\n|\n|upkeep\n|turn|64\n|\n|t:|1699703224\n|move|p1a: Gyarados|Waterfall|p2a: Corviknight\n|-damage|p2a: Corviknight|0 fnt\n|faint|p2a: Corviknight\n|\n|upkeep\n|-message|CheezeyMemes forfeited.\n|\n|win|MMQZA6\n|raw|MMQZA6's rating: 1508 &rarr; <strong>1528<\/strong><br \/>(+20 for winning)\n|raw|CheezeyMemes's rating: 1514 &rarr; <strong>1494<\/strong><br \/>(-20 for losing)\n|l|\u2606CheezeyMemes\n","uploadtime":1699703231,"views":4,"p1id":"mmqza6","p2id":"cheezeymemes","formatid":"gen9nationaldex","rating":1494,"private":0,"password":""}