{"id":"gen9nationaldex-1993283198","p1":"Detective Pillow","p2":"IceBerryCoffee","format":"[Gen 9] National Dex","log":"|j|\u2606Detective Pillow\n|j|\u2606IceBerryCoffee\n|t:|1700289938\n|gametype|singles\n|player|p1|Detective Pillow|veteran|1286\n|player|p2|IceBerryCoffee|170|1290\n|teamsize|p1|6\n|teamsize|p2|6\n|gen|9\n|tier|[Gen 9] National Dex\n|rated|\n|rule|HP Percentage Mod: HP is shown in percentages\n|rule|Endless Battle Clause: Forcing endless battles is banned\n|rule|OHKO Clause: OHKO moves are banned\n|rule|Evasion Clause: Evasion abilities, items, and moves are banned\n|rule|Evasion Abilities Clause: Evasion abilities are banned\n|rule|Evasion Items Clause: Evasion items are banned\n|rule|Evasion Moves Clause: Evasion moves are banned\n|rule|Species Clause: Limit one of each Pok\u00e9mon\n|rule|Sleep Clause Mod: Limit one foe put to sleep\n|clearpoke\n|poke|p1|Ogerpon-Wellspring, F|\n|poke|p1|Ferrothorn, F|\n|poke|p1|Moltres|\n|poke|p1|Kartana|\n|poke|p1|Dragonite, M|\n|poke|p1|Houndoom, F|\n|poke|p2|Torkoal, F|\n|poke|p2|Sylveon, M|\n|poke|p2|Drifblim, F|\n|poke|p2|Boltund, F|\n|poke|p2|Buzzwole|\n|poke|p2|Chandelure, F|\n|teampreview\n|inactive|Battle timer is ON: inactive players will automatically lose when time's up. (requested by Detective Pillow)\n|\n|t:|1700289962\n|start\n|switch|p1a: Moltres|Moltres|100\/100\n|switch|p2a: Torkoal|Torkoal, F|100\/100\n|-weather|SunnyDay|[from] ability: Drought|[of] p2a: Torkoal\n|turn|1\n|\n|t:|1700289969\n|move|p1a: Moltres|Flamethrower|p2a: Torkoal\n|-resisted|p2a: Torkoal\n|-damage|p2a: Torkoal|75\/100\n|move|p2a: Torkoal|Shell Smash|p2a: Torkoal\n|-unboost|p2a: Torkoal|def|1\n|-unboost|p2a: Torkoal|spd|1\n|-boost|p2a: Torkoal|atk|2\n|-boost|p2a: Torkoal|spa|2\n|-boost|p2a: Torkoal|spe|2\n|-enditem|p2a: Torkoal|Eject Pack\n|\n|t:|1700289979\n|switch|p2a: Sylveon|Sylveon, M|100\/100\n|\n|-weather|SunnyDay|[upkeep]\n|upkeep\n|turn|2\n|\n|t:|1700289986\n|move|p2a: Sylveon|Copycat|p2a: Sylveon\n|move|p2a: Sylveon|Shell Smash|p2a: Sylveon|[from]move: Copycat\n|-unboost|p2a: Sylveon|def|1\n|-unboost|p2a: Sylveon|spd|1\n|-boost|p2a: Sylveon|atk|2\n|-boost|p2a: Sylveon|spa|2\n|-boost|p2a: Sylveon|spe|2\n|move|p1a: Moltres|Flamethrower|p2a: Sylveon\n|-damage|p2a: Sylveon|27\/100\n|\n|-weather|SunnyDay|[upkeep]\n|upkeep\n|turn|3\n|\n|t:|1700290002\n|move|p2a: Sylveon|Psyshock|p1a: Moltres\n|-damage|p1a: Moltres|57\/100\n|-damage|p2a: Sylveon|17\/100|[from] item: Life Orb\n|move|p1a: Moltres|Flamethrower|p2a: Sylveon\n|-damage|p2a: Sylveon|0 fnt\n|faint|p2a: Sylveon\n|\n|-weather|SunnyDay|[upkeep]\n|upkeep\n|\n|t:|1700290013\n|switch|p2a: Chandelure|Chandelure, F|100\/100\n|turn|4\n|\n|t:|1700290022\n|move|p2a: Chandelure|Flamethrower|p1a: Moltres\n|-resisted|p1a: Moltres\n|-damage|p1a: Moltres|0 fnt\n|faint|p1a: Moltres\n|\n|-weather|SunnyDay|[upkeep]\n|upkeep\n|\n|t:|1700290028\n|switch|p1a: Dragonite|Dragonite, M|100\/100\n|turn|5\n|\n|t:|1700290033\n|switch|p2a: Drifblim|Drifblim, F|100\/100\n|move|p1a: Dragonite|Earthquake|p2a: Drifblim\n|-immune|p2a: Drifblim\n|\n|-weather|none\n|upkeep\n|turn|6\n|\n|t:|1700290039\n|switch|p1a: Ferrothorn|Ferrothorn, F|100\/100\n|move|p2a: Drifblim|Will-O-Wisp|p1a: Ferrothorn\n|-status|p1a: Ferrothorn|brn\n|\n|-damage|p1a: Ferrothorn|94\/100 brn|[from] brn\n|upkeep\n|turn|7\n|\n|t:|1700290056\n|switch|p2a: Torkoal|Torkoal, F|75\/100\n|-weather|SunnyDay|[from] ability: Drought|[of] p2a: Torkoal\n|move|p1a: Ferrothorn|Knock Off|p2a: Torkoal\n|-damage|p2a: Torkoal|67\/100\n|\n|-weather|SunnyDay|[upkeep]\n|-heal|p1a: Ferrothorn|100\/100 brn|[from] item: Leftovers\n|-damage|p1a: Ferrothorn|94\/100 brn|[from] brn\n|upkeep\n|turn|8\n|\n|t:|1700290065\n|switch|p1a: Houndoom|Houndoom, F|100\/100\n|move|p2a: Torkoal|Shell Smash|p2a: Torkoal\n|-unboost|p2a: Torkoal|def|1\n|-unboost|p2a: Torkoal|spd|1\n|-boost|p2a: Torkoal|atk|2\n|-boost|p2a: Torkoal|spa|2\n|-boost|p2a: Torkoal|spe|2\n|\n|-weather|SunnyDay|[upkeep]\n|upkeep\n|turn|9\n|\n|t:|1700290075\n|move|p1a: Houndoom|Nasty Plot|p1a: Houndoom\n|-boost|p1a: Houndoom|spa|2\n|move|p2a: Torkoal|Explosion|p1a: Houndoom\n|-damage|p1a: Houndoom|0 fnt\n|faint|p2a: Torkoal\n|faint|p1a: Houndoom\n|\n|-weather|SunnyDay|[upkeep]\n|upkeep\n|\n|t:|1700290090\n|switch|p1a: Dragonite|Dragonite, M|100\/100\n|switch|p2a: Boltund|Boltund, F|100\/100\n|turn|10\n|\n|t:|1700290107\n|move|p2a: Boltund|Psychic Fangs|p1a: Dragonite\n|-damage|p1a: Dragonite|74\/100\n|move|p1a: Dragonite|Earthquake|p2a: Boltund\n|-supereffective|p2a: Boltund\n|-damage|p2a: Boltund|0 fnt\n|faint|p2a: Boltund\n|\n|-weather|SunnyDay|[upkeep]\n|upkeep\n|\n|t:|1700290119\n|switch|p2a: Chandelure|Chandelure, F|100\/100\n|turn|11\n|\n|t:|1700290124\n|move|p2a: Chandelure|Flamethrower|p1a: Dragonite\n|-resisted|p1a: Dragonite\n|-damage|p1a: Dragonite|17\/100\n|-status|p1a: Dragonite|brn\n|move|p1a: Dragonite|Earthquake|p2a: Chandelure\n|-supereffective|p2a: Chandelure\n|-damage|p2a: Chandelure|47\/100\n|\n|-weather|none\n|-damage|p1a: Dragonite|10\/100 brn|[from] brn\n|upkeep\n|turn|12\n|\n|t:|1700290133\n|move|p2a: Chandelure|Flamethrower|p1a: Dragonite\n|-resisted|p1a: Dragonite\n|-damage|p1a: Dragonite|0 fnt\n|faint|p1a: Dragonite\n|\n|upkeep\n|\n|t:|1700290135\n|switch|p1a: Ogerpon|Ogerpon-Wellspring, F|100\/100\n|turn|13\n|\n|t:|1700290140\n|switch|p2a: Drifblim|Drifblim, F|100\/100\n|-terastallize|p1a: Ogerpon|Water\n|detailschange|p1a: Ogerpon|Ogerpon-Wellspring-Tera, F, tera:Water\n|-ability|p1a: Ogerpon|Embody Aspect (Wellspring)|boost\n|-boost|p1a: Ogerpon|spd|1\n|move|p1a: Ogerpon|Ivy Cudgel|p2a: Drifblim|[anim] Ivy Cudgel Water\n|-crit|p2a: Drifblim\n|-damage|p2a: Drifblim|8\/100\n|\n|upkeep\n|turn|14\n|\n|t:|1700290150\n|move|p1a: Ogerpon|Ivy Cudgel|p2a: Drifblim|[anim] Ivy Cudgel Water\n|-damage|p2a: Drifblim|0 fnt\n|faint|p2a: Drifblim\n|\n|upkeep\n|\n|t:|1700290157\n|switch|p2a: Buzzwole|Buzzwole|100\/100\n|turn|15\n|\n|t:|1700290178\n|move|p2a: Buzzwole|Close Combat|p1a: Ogerpon\n|-damage|p1a: Ogerpon|5\/100\n|-unboost|p2a: Buzzwole|def|1\n|-unboost|p2a: Buzzwole|spd|1\n|move|p1a: Ogerpon|Ivy Cudgel|p2a: Buzzwole|[anim] Ivy Cudgel Water\n|-damage|p2a: Buzzwole|15\/100\n|\n|upkeep\n|turn|16\n|\n|t:|1700290187\n|move|p2a: Buzzwole|Close Combat|p1a: Ogerpon\n|-damage|p1a: Ogerpon|0 fnt\n|-unboost|p2a: Buzzwole|def|1\n|-unboost|p2a: Buzzwole|spd|1\n|faint|p1a: Ogerpon\n|-ability|p2a: Buzzwole|Beast Boost|boost\n|-boost|p2a: Buzzwole|atk|1\n|\n|upkeep\n|\n|t:|1700290196\n|switch|p1a: Ferrothorn|Ferrothorn, F|94\/100 brn\n|turn|17\n|\n|t:|1700290198\n|move|p2a: Buzzwole|Close Combat|p1a: Ferrothorn\n|-supereffective|p1a: Ferrothorn\n|-damage|p1a: Ferrothorn|0 fnt\n|-unboost|p2a: Buzzwole|def|1\n|-unboost|p2a: Buzzwole|spd|1\n|-damage|p2a: Buzzwole|2\/100|[from] ability: Iron Barbs|[of] p1a: Ferrothorn\n|faint|p1a: Ferrothorn\n|-ability|p2a: Buzzwole|Beast Boost|boost\n|-boost|p2a: Buzzwole|atk|1\n|\n|upkeep\n|\n|t:|1700290201\n|switch|p1a: Kartana|Kartana|100\/100\n|turn|18\n|\n|t:|1700290208\n|move|p2a: Buzzwole|Close Combat|p1a: Kartana\n|-supereffective|p1a: Kartana\n|-crit|p1a: Kartana\n|-damage|p1a: Kartana|0 fnt\n|-unboost|p2a: Buzzwole|def|1\n|-unboost|p2a: Buzzwole|spd|1\n|faint|p1a: Kartana\n|\n|win|IceBerryCoffee\n|raw|Detective Pillow's rating: 1286 &rarr; <strong>1261<\/strong><br \/>(-25 for losing)\n|raw|IceBerryCoffee's rating: 1290 &rarr; <strong>1315<\/strong><br \/>(+25 for winning)\n|l|\u2606Detective Pillow\n","uploadtime":1700290216,"views":16,"p1id":"detectivepillow","p2id":"iceberrycoffee","formatid":"gen9nationaldex","rating":1261,"private":0,"password":""}