{"id":"gen9nationaldex-1990997691","p1":"IceBerryCoffee","p2":"Maxx Zwei","format":"[Gen 9] National Dex","log":"|j|\u2606IceBerryCoffee\n|j|\u2606Maxx Zwei\n|t:|1700025376\n|gametype|singles\n|player|p1|IceBerryCoffee|2|1269\n|player|p2|Maxx Zwei|101|1189\n|teamsize|p1|6\n|teamsize|p2|6\n|gen|9\n|tier|[Gen 9] National Dex\n|rated|\n|rule|HP Percentage Mod: HP is shown in percentages\n|rule|Endless Battle Clause: Forcing endless battles is banned\n|rule|OHKO Clause: OHKO moves are banned\n|rule|Evasion Clause: Evasion abilities, items, and moves are banned\n|rule|Evasion Abilities Clause: Evasion abilities are banned\n|rule|Evasion Items Clause: Evasion items are banned\n|rule|Evasion Moves Clause: Evasion moves are banned\n|rule|Species Clause: Limit one of each Pok\u00e9mon\n|rule|Sleep Clause Mod: Limit one foe put to sleep\n|clearpoke\n|poke|p1|Corviknight, F|\n|poke|p1|Ting-Lu|\n|poke|p1|Lopunny, M|\n|poke|p1|Rillaboom, F|\n|poke|p1|Munkidori, M|\n|poke|p1|Blacephalon|\n|poke|p2|Arcanine-Hisui, F|\n|poke|p2|Glimmora, M|\n|poke|p2|Tyranitar, F|\n|poke|p2|Archeops, M|\n|poke|p2|Cradily, F|\n|poke|p2|Kleavor, F|\n|teampreview\n|inactive|Battle timer is ON: inactive players will automatically lose when time's up. (requested by IceBerryCoffee)\n|\n|t:|1700025403\n|start\n|switch|p1a: Ting-Lu|Ting-Lu|100\/100\n|switch|p2a: Kleavor|Kleavor, F|100\/100\n|-ability|p1a: Ting-Lu|Vessel of Ruin\n|turn|1\n|\n|t:|1700025411\n|move|p2a: Kleavor|X-Scissor|p1a: Ting-Lu\n|-supereffective|p1a: Ting-Lu\n|-damage|p1a: Ting-Lu|50\/100\n|move|p1a: Ting-Lu|Stealth Rock|p2a: Kleavor\n|-sidestart|p2: Maxx Zwei|move: Stealth Rock\n|\n|-heal|p1a: Ting-Lu|57\/100|[from] item: Leftovers\n|upkeep\n|turn|2\n|\n|t:|1700025419\n|switch|p1a: Corviknight|Corviknight, F|100\/100\n|-ability|p1a: Corviknight|Pressure\n|move|p2a: Kleavor|X-Scissor|p1a: Corviknight\n|-resisted|p1a: Corviknight\n|-damage|p1a: Corviknight|94\/100\n|-damage|p2a: Kleavor|84\/100|[from] item: Rocky Helmet|[of] p1a: Corviknight\n|\n|upkeep\n|turn|3\n|\n|t:|1700025429\n|switch|p2a: Glimmora|Glimmora, M|100\/100\n|-damage|p2a: Glimmora|88\/100|[from] Stealth Rock\n|-item|p2a: Glimmora|Air Balloon\n|move|p1a: Corviknight|U-turn|p2a: Glimmora\n|-resisted|p2a: Glimmora\n|-damage|p2a: Glimmora|80\/100\n|-activate|p2a: Glimmora|ability: Toxic Debris\n|-sidestart|p1: IceBerryCoffee|move: Toxic Spikes\n|-enditem|p2a: Glimmora|Air Balloon\n|\n|t:|1700025444\n|switch|p1a: Munkidori|Munkidori, M|100\/100|[from] U-turn\n|-sideend|p1: IceBerryCoffee|move: Toxic Spikes|[of] p1a: Munkidori\n|\n|upkeep\n|turn|4\n|\n|t:|1700025449\n|switch|p2a: Tyranitar|Tyranitar, F|100\/100\n|-damage|p2a: Tyranitar|88\/100|[from] Stealth Rock\n|-weather|Sandstorm|[from] ability: Sand Stream|[of] p2a: Tyranitar\n|move|p1a: Munkidori|Psychic|p2a: Tyranitar\n|-immune|p2a: Tyranitar\n|\n|-weather|Sandstorm|[upkeep]\n|-damage|p1a: Munkidori|95\/100|[from] Sandstorm\n|upkeep\n|turn|5\n|\n|t:|1700025459\n|-activate|p1a: Munkidori|move: Pursuit\n|detailschange|p2a: Tyranitar|Tyranitar-Mega, F\n|-mega|p2a: Tyranitar|Tyranitar|Tyranitarite\n|move|p2a: Tyranitar|Pursuit|p1a: Munkidori|[from]Pursuit\n|-supereffective|p1a: Munkidori\n|-damage|p1a: Munkidori|0 fnt\n|faint|p1a: Munkidori\n|-hint|A Pokemon can't switch between when it runs out of HP and when it faints\n|\n|-weather|Sandstorm|[upkeep]\n|upkeep\n|\n|t:|1700025467\n|switch|p1a: Ting-Lu|Ting-Lu|57\/100\n|-ability|p1a: Ting-Lu|Vessel of Ruin\n|turn|6\n|\n|t:|1700025479\n|switch|p2a: Kleavor|Kleavor, F|84\/100\n|-damage|p2a: Kleavor|59\/100|[from] Stealth Rock\n|move|p1a: Ting-Lu|Ruination|p2a: Kleavor\n|-damage|p2a: Kleavor|30\/100\n|\n|-weather|Sandstorm|[upkeep]\n|-heal|p1a: Ting-Lu|63\/100|[from] item: Leftovers\n|upkeep\n|turn|7\n|\n|t:|1700025490\n|switch|p1a: Corviknight|Corviknight, F|94\/100\n|-ability|p1a: Corviknight|Pressure\n|move|p2a: Kleavor|Stone Axe|p1a: Corviknight\n|-damage|p1a: Corviknight|72\/100\n|-damage|p2a: Kleavor|14\/100|[from] item: Rocky Helmet|[of] p1a: Corviknight\n|-sidestart|p1: IceBerryCoffee|move: Stealth Rock\n|\n|-weather|Sandstorm|[upkeep]\n|upkeep\n|turn|8\n|\n|t:|1700025506\n|switch|p2a: Archeops|Archeops, M|100\/100\n|-damage|p2a: Archeops|76\/100|[from] Stealth Rock\n|move|p1a: Corviknight|U-turn|p2a: Archeops\n|-resisted|p2a: Archeops\n|-damage|p2a: Archeops|64\/100\n|\n|t:|1700025520\n|switch|p1a: Ting-Lu|Ting-Lu|63\/100|[from] U-turn\n|-damage|p1a: Ting-Lu|57\/100|[from] Stealth Rock\n|-ability|p1a: Ting-Lu|Vessel of Ruin\n|\n|-weather|none\n|-heal|p1a: Ting-Lu|63\/100|[from] item: Leftovers\n|upkeep\n|turn|9\n|\n|t:|1700025530\n|move|p2a: Archeops|U-turn|p1a: Ting-Lu\n|-supereffective|p1a: Ting-Lu\n|-damage|p1a: Ting-Lu|43\/100\n|\n|t:|1700025541\n|switch|p2a: Glimmora|Glimmora, M|80\/100|[from] U-turn\n|-damage|p2a: Glimmora|68\/100|[from] Stealth Rock\n|move|p1a: Ting-Lu|Ruination|p2a: Glimmora\n|-damage|p2a: Glimmora|34\/100\n|\n|-heal|p1a: Ting-Lu|49\/100|[from] item: Leftovers\n|upkeep\n|turn|10\n|\n|t:|1700025552\n|move|p2a: Glimmora|Mortal Spin|p1a: Ting-Lu\n|-resisted|p1a: Ting-Lu\n|-damage|p1a: Ting-Lu|47\/100\n|-status|p1a: Ting-Lu|psn\n|-sideend|p2: Maxx Zwei|Stealth Rock|[from] move: Mortal Spin|[of] p2a: Glimmora\n|move|p1a: Ting-Lu|Earthquake|p2a: Glimmora\n|-supereffective|p2a: Glimmora\n|-damage|p2a: Glimmora|0 fnt\n|-activate|p2a: Glimmora|ability: Toxic Debris\n|-sidestart|p1: IceBerryCoffee|move: Toxic Spikes\n|faint|p2a: Glimmora\n|\n|-heal|p1a: Ting-Lu|54\/100 psn|[from] item: Leftovers\n|-damage|p1a: Ting-Lu|41\/100 psn|[from] psn\n|upkeep\n|\n|t:|1700025565\n|switch|p2a: Archeops|Archeops, M|64\/100\n|turn|11\n|\n|t:|1700025572\n|move|p2a: Archeops|Heat Wave|p1a: Ting-Lu\n|-damage|p1a: Ting-Lu|22\/100 psn\n|move|p1a: Ting-Lu|Stealth Rock|p2a: Archeops\n|-sidestart|p2: Maxx Zwei|move: Stealth Rock\n|\n|-heal|p1a: Ting-Lu|28\/100 psn|[from] item: Leftovers\n|-damage|p1a: Ting-Lu|15\/100 psn|[from] psn\n|upkeep\n|turn|12\n|\n|t:|1700025584\n|move|p2a: Archeops|Heat Wave|p1a: Ting-Lu\n|-damage|p1a: Ting-Lu|0 fnt\n|faint|p1a: Ting-Lu\n|\n|upkeep\n|\n|t:|1700025589\n|switch|p1a: Corviknight|Corviknight, F|72\/100\n|-damage|p1a: Corviknight|59\/100|[from] Stealth Rock\n|-ability|p1a: Corviknight|Pressure\n|turn|13\n|\n|t:|1700025595\n|-terastallize|p2a: Archeops|Fire\n|move|p2a: Archeops|Heat Wave|p1a: Corviknight\n|-supereffective|p1a: Corviknight\n|-damage|p1a: Corviknight|0 fnt\n|faint|p1a: Corviknight\n|\n|upkeep\n|-message|IceBerryCoffee forfeited.\n|\n|win|Maxx Zwei\n|raw|IceBerryCoffee's rating: 1269 &rarr; <strong>1238<\/strong><br \/>(-31 for losing)\n|raw|Maxx Zwei's rating: 1189 &rarr; <strong>1220<\/strong><br \/>(+31 for winning)\n|l|\u2606IceBerryCoffee\n|c|\u2606Maxx Zwei|gg\n","uploadtime":1700025628,"views":16,"p1id":"iceberrycoffee","p2id":"maxxzwei","formatid":"gen9nationaldex","rating":1220,"private":0,"password":""}