{"id":"gen9nationaldex-1994603085","p1":"buyi12137","p2":"arknightshining","format":"[Gen 9] National Dex","log":"|html|<div class=\"broadcast-blue\"><strong>[Gen 9] National Dex is currently suspecting Sneasler! For information on how to participate check out the <a href=\"https:\/\/www.smogon.com\/forums\/threads\/sv-national-dex-suspect-8-just-dance.3731534\/\">suspect thread<\/a>.<\/strong><\/div>\n|j|\u2606buyi12137\n|j|\u2606arknightshining\n|t:|1700467721\n|gametype|singles\n|player|p1|buyi12137|firebreather|1490\n|player|p2|arknightshining|roxie|1430\n|teamsize|p1|6\n|teamsize|p2|6\n|gen|9\n|tier|[Gen 9] National Dex\n|rated|\n|rule|HP Percentage Mod: HP is shown in percentages\n|rule|Endless Battle Clause: Forcing endless battles is banned\n|rule|OHKO Clause: OHKO moves are banned\n|rule|Evasion Clause: Evasion abilities, items, and moves are banned\n|rule|Evasion Abilities Clause: Evasion abilities are banned\n|rule|Evasion Items Clause: Evasion items are banned\n|rule|Evasion Moves Clause: Evasion moves are banned\n|rule|Species Clause: Limit one of each Pok\u00e9mon\n|rule|Sleep Clause Mod: Limit one foe put to sleep\n|clearpoke\n|poke|p1|Toxapex, F|\n|poke|p1|Dondozo, M|\n|poke|p1|Garganacl, F|\n|poke|p1|Sableye, F|\n|poke|p1|Clodsire, M|\n|poke|p1|Gliscor, M|\n|poke|p2|Swampert, M|\n|poke|p2|Pelipper, F|\n|poke|p2|Barraskewda, F|\n|poke|p2|Ferrothorn, M|\n|poke|p2|Zapdos|\n|poke|p2|Bisharp, M|\n|teampreview\n|inactive|Battle timer is ON: inactive players will automatically lose when time's up. (requested by arknightshining)\n|\n|t:|1700467748\n|start\n|switch|p1a: Sableye|Sableye, F|100\/100\n|switch|p2a: Bisharp|Bisharp, M|100\/100\n|turn|1\n|\n|t:|1700467755\n|detailschange|p1a: Sableye|Sableye-Mega, F\n|-mega|p1a: Sableye|Sableye|Sablenite\n|move|p2a: Bisharp|Knock Off|p1a: Sableye\n|-damage|p1a: Sableye|77\/100\n|move|p1a: Sableye|Will-O-Wisp|p2a: Bisharp\n|-status|p2a: Bisharp|brn\n|\n|-damage|p2a: Bisharp|95\/100 brn|[from] brn\n|upkeep\n|turn|2\n|\n|t:|1700467774\n|move|p2a: Bisharp|Knock Off|p1a: Sableye\n|-damage|p1a: Sableye|65\/100\n|move|p1a: Sableye|Knock Off|p2a: Bisharp\n|-resisted|p2a: Bisharp\n|-damage|p2a: Bisharp|84\/100 brn\n|-enditem|p2a: Bisharp|Eviolite|[from] move: Knock Off|[of] p1a: Sableye\n|\n|-damage|p2a: Bisharp|78\/100 brn|[from] brn\n|upkeep\n|turn|3\n|\n|t:|1700467782\n|switch|p2a: Pelipper|Pelipper, F|100\/100\n|-weather|RainDance|[from] ability: Drizzle|[of] p2a: Pelipper\n|move|p1a: Sableye|Recover|p1a: Sableye\n|-heal|p1a: Sableye|100\/100\n|\n|-weather|RainDance|[upkeep]\n|upkeep\n|turn|4\n|\n|t:|1700467789\n|move|p2a: Pelipper|U-turn|p1a: Sableye\n|-damage|p1a: Sableye|95\/100\n|\n|t:|1700467796\n|switch|p2a: Swampert|Swampert, M|100\/100|[from] U-turn\n|move|p1a: Sableye|Knock Off|p2a: Swampert\n|-damage|p2a: Swampert|77\/100\n|\n|-weather|RainDance|[upkeep]\n|upkeep\n|turn|5\n|\n|t:|1700467808\n|switch|p1a: Dondozo|Dondozo, M|100\/100\n|detailschange|p2a: Swampert|Swampert-Mega, M\n|-mega|p2a: Swampert|Swampert|Swampertite\n|move|p2a: Swampert|Waterfall|p1a: Dondozo\n|-resisted|p1a: Dondozo\n|-damage|p1a: Dondozo|84\/100\n|\n|-weather|RainDance|[upkeep]\n|-heal|p1a: Dondozo|90\/100|[from] item: Leftovers\n|upkeep\n|turn|6\n|\n|t:|1700467818\n|switch|p2a: Zapdos|Zapdos|100\/100\n|move|p1a: Dondozo|Curse|p1a: Dondozo\n|-unboost|p1a: Dondozo|spe|1\n|-boost|p1a: Dondozo|atk|1\n|-boost|p1a: Dondozo|def|1\n|\n|-weather|RainDance|[upkeep]\n|-heal|p1a: Dondozo|96\/100|[from] item: Leftovers\n|upkeep\n|turn|7\n|\n|t:|1700467827\n|switch|p1a: Garganacl|Garganacl, F|100\/100\n|move|p2a: Zapdos|Volt Switch|p1a: Garganacl\n|-damage|p1a: Garganacl|75\/100\n|\n|t:|1700467832\n|switch|p2a: Barraskewda|Barraskewda, F|100\/100|[from] Volt Switch\n|\n|-weather|RainDance|[upkeep]\n|-heal|p1a: Garganacl|81\/100|[from] item: Leftovers\n|upkeep\n|turn|8\n|\n|t:|1700467837\n|move|p1a: Garganacl|Protect|p1a: Garganacl\n|-singleturn|p1a: Garganacl|Protect\n|move|p2a: Barraskewda|Flip Turn|p1a: Garganacl\n|-activate|p1a: Garganacl|move: Protect\n|\n|-weather|RainDance|[upkeep]\n|-heal|p1a: Garganacl|87\/100|[from] item: Leftovers\n|upkeep\n|turn|9\n|\n|t:|1700467847\n|-terastallize|p1a: Garganacl|Water\n|move|p2a: Barraskewda|Flip Turn|p1a: Garganacl\n|-resisted|p1a: Garganacl\n|-damage|p1a: Garganacl|61\/100\n|\n|t:|1700467854\n|switch|p2a: Zapdos|Zapdos|100\/100|[from] Flip Turn\n|move|p1a: Garganacl|Stealth Rock|p2a: Zapdos\n|-sidestart|p2: arknightshining|move: Stealth Rock\n|\n|-weather|RainDance|[upkeep]\n|-heal|p1a: Garganacl|68\/100|[from] item: Leftovers\n|upkeep\n|turn|10\n|\n|t:|1700467860\n|move|p1a: Garganacl|Protect|p1a: Garganacl\n|-singleturn|p1a: Garganacl|Protect\n|move|p2a: Zapdos|Hidden Power|p1a: Garganacl\n|-activate|p1a: Garganacl|move: Protect\n|\n|-weather|none\n|-heal|p1a: Garganacl|74\/100|[from] item: Leftovers\n|upkeep\n|turn|11\n|\n|t:|1700467868\n|move|p2a: Zapdos|Hidden Power|p1a: Garganacl\n|-resisted|p1a: Garganacl\n|-damage|p1a: Garganacl|67\/100\n|move|p1a: Garganacl|Recover|p1a: Garganacl\n|-heal|p1a: Garganacl|100\/100\n|\n|upkeep\n|turn|12\n|\n|t:|1700467878\n|move|p2a: Zapdos|Hidden Power|p1a: Garganacl\n|-resisted|p1a: Garganacl\n|-damage|p1a: Garganacl|94\/100\n|move|p1a: Garganacl|Salt Cure|p2a: Zapdos\n|-supereffective|p2a: Zapdos\n|-damage|p2a: Zapdos|71\/100\n|-start|p2a: Zapdos|Salt Cure\n|\n|-heal|p1a: Garganacl|99\/100|[from] item: Leftovers\n|-damage|p2a: Zapdos|58\/100|[from] Salt Cure\n|upkeep\n|turn|13\n|\n|t:|1700467893\n|move|p2a: Zapdos|Volt Switch|p1a: Garganacl\n|-supereffective|p1a: Garganacl\n|-crit|p1a: Garganacl\n|-damage|p1a: Garganacl|26\/100\n|\n|t:|1700467898\n|switch|p2a: Bisharp|Bisharp, M|78\/100 brn|[from] Volt Switch\n|-damage|p2a: Bisharp|72\/100 brn|[from] Stealth Rock\n|move|p1a: Garganacl|Salt Cure|p2a: Bisharp\n|-resisted|p2a: Bisharp\n|-damage|p2a: Bisharp|66\/100 brn\n|-start|p2a: Bisharp|Salt Cure\n|\n|-heal|p1a: Garganacl|33\/100|[from] item: Leftovers\n|-damage|p2a: Bisharp|60\/100 brn|[from] brn\n|-damage|p2a: Bisharp|35\/100 brn|[from] Salt Cure\n|upkeep\n|turn|14\n|\n|t:|1700467909\n|move|p1a: Garganacl|Protect|p1a: Garganacl\n|-singleturn|p1a: Garganacl|Protect\n|move|p2a: Bisharp|Swords Dance|p2a: Bisharp\n|-boost|p2a: Bisharp|atk|2\n|\n|-heal|p1a: Garganacl|39\/100|[from] item: Leftovers\n|-damage|p2a: Bisharp|29\/100 brn|[from] brn\n|-damage|p2a: Bisharp|4\/100 brn|[from] Salt Cure\n|upkeep\n|turn|15\n|\n|t:|1700467923\n|switch|p1a: Gliscor|Gliscor, M|100\/100\n|move|p2a: Bisharp|Sucker Punch||[still]\n|-fail|p2a: Bisharp\n|\n|-damage|p2a: Bisharp|0 fnt|[from] brn\n|faint|p2a: Bisharp\n|-status|p1a: Gliscor|tox|[from] item: Toxic Orb\n|upkeep\n|\n|t:|1700467932\n|switch|p2a: Pelipper|Pelipper, F|100\/100\n|-damage|p2a: Pelipper|76\/100|[from] Stealth Rock\n|-weather|RainDance|[from] ability: Drizzle|[of] p2a: Pelipper\n|turn|16\n|\n|t:|1700467938\n|move|p2a: Pelipper|Scald|p1a: Gliscor\n|-supereffective|p1a: Gliscor\n|-damage|p1a: Gliscor|0 fnt\n|faint|p1a: Gliscor\n|\n|-weather|RainDance|[upkeep]\n|upkeep\n|\n|t:|1700467944\n|switch|p1a: Garganacl|Garganacl, F, tera:Water|39\/100\n|turn|17\n|\n|t:|1700467950\n|move|p2a: Pelipper|U-turn|p1a: Garganacl\n|-damage|p1a: Garganacl|33\/100\n|\n|t:|1700467955\n|switch|p2a: Ferrothorn|Ferrothorn, M|100\/100|[from] U-turn\n|-damage|p2a: Ferrothorn|94\/100|[from] Stealth Rock\n|move|p1a: Garganacl|Recover|p1a: Garganacl\n|-heal|p1a: Garganacl|84\/100\n|\n|-weather|RainDance|[upkeep]\n|-heal|p1a: Garganacl|90\/100|[from] item: Leftovers\n|upkeep\n|turn|18\n|\n|t:|1700467964\n|switch|p1a: Sableye|Sableye-Mega, F|95\/100\n|move|p2a: Ferrothorn|Leech Seed|p1a: Sableye\n|move|p1a: Sableye|Leech Seed|p2a: Ferrothorn|[from]ability: Magic Bounce\n|-immune|p2a: Ferrothorn\n|\n|-weather|RainDance|[upkeep]\n|upkeep\n|turn|19\n|\n|t:|1700467974\n|switch|p2a: Zapdos|Zapdos|58\/100\n|move|p1a: Sableye|Will-O-Wisp|p2a: Zapdos\n|-status|p2a: Zapdos|brn\n|\n|-weather|RainDance|[upkeep]\n|-damage|p2a: Zapdos|52\/100 brn|[from] brn\n|upkeep\n|turn|20\n|\n|t:|1700467983\n|switch|p1a: Clodsire|Clodsire, M|100\/100\n|move|p2a: Zapdos|Volt Switch|p1a: Clodsire\n|-immune|p1a: Clodsire\n|\n|-weather|RainDance|[upkeep]\n|-damage|p2a: Zapdos|46\/100 brn|[from] brn\n|upkeep\n|turn|21\n|\n|t:|1700467991\n|move|p2a: Zapdos|Hidden Power|p1a: Clodsire\n|-supereffective|p1a: Clodsire\n|-damage|p1a: Clodsire|80\/100\n|move|p1a: Clodsire|Spikes|p2a: Zapdos\n|-sidestart|p2: arknightshining|Spikes\n|\n|-weather|RainDance|[upkeep]\n|-damage|p2a: Zapdos|40\/100 brn|[from] brn\n|upkeep\n|turn|22\n|\n|t:|1700468000\n|switch|p2a: Barraskewda|Barraskewda, F|100\/100\n|-damage|p2a: Barraskewda|88\/100|[from] Stealth Rock\n|-damage|p2a: Barraskewda|75\/100|[from] Spikes\n|move|p1a: Clodsire|Poison Jab|p2a: Barraskewda\n|-damage|p2a: Barraskewda|33\/100\n|-status|p2a: Barraskewda|psn\n|\n|-weather|RainDance|[upkeep]\n|-damage|p2a: Barraskewda|21\/100 psn|[from] psn\n|upkeep\n|turn|23\n|\n|t:|1700468013\n|switch|p1a: Toxapex|Toxapex, F|100\/100\n|-terastallize|p2a: Barraskewda|Water\n|move|p2a: Barraskewda|Liquidation|p1a: Toxapex\n|-resisted|p1a: Toxapex\n|-damage|p1a: Toxapex|41\/100\n|-unboost|p1a: Toxapex|def|1\n|\n|-weather|none\n|-damage|p2a: Barraskewda|8\/100 psn|[from] psn\n|upkeep\n|turn|24\n|\n|t:|1700468023\n|switch|p1a: Garganacl|Garganacl, F, tera:Water|90\/100\n|move|p2a: Barraskewda|Liquidation|p1a: Garganacl\n|-resisted|p1a: Garganacl\n|-damage|p1a: Garganacl|57\/100\n|\n|-heal|p1a: Garganacl|63\/100|[from] item: Leftovers\n|-damage|p2a: Barraskewda|0 fnt|[from] psn\n|faint|p2a: Barraskewda\n|upkeep\n|\n|t:|1700468033\n|switch|p2a: Pelipper|Pelipper, F|76\/100\n|-damage|p2a: Pelipper|51\/100|[from] Stealth Rock\n|-weather|RainDance|[from] ability: Drizzle|[of] p2a: Pelipper\n|turn|25\n|\n|t:|1700468040\n|move|p2a: Pelipper|Roost|p2a: Pelipper\n|-heal|p2a: Pelipper|100\/100\n|-singleturn|p2a: Pelipper|move: Roost\n|move|p1a: Garganacl|Recover|p1a: Garganacl\n|-heal|p1a: Garganacl|100\/100\n|\n|-weather|RainDance|[upkeep]\n|upkeep\n|turn|26\n|\n|t:|1700468048\n|move|p2a: Pelipper|Scald|p1a: Garganacl\n|-resisted|p1a: Garganacl\n|-damage|p1a: Garganacl|83\/100\n|move|p1a: Garganacl|Salt Cure|p2a: Pelipper\n|-supereffective|p2a: Pelipper\n|-damage|p2a: Pelipper|65\/100\n|-start|p2a: Pelipper|Salt Cure\n|\n|-weather|RainDance|[upkeep]\n|-heal|p1a: Garganacl|89\/100|[from] item: Leftovers\n|-damage|p2a: Pelipper|40\/100|[from] Salt Cure\n|upkeep\n|turn|27\n|\n|t:|1700468058\n|move|p1a: Garganacl|Protect|p1a: Garganacl\n|-singleturn|p1a: Garganacl|Protect\n|move|p2a: Pelipper|Roost|p2a: Pelipper\n|-heal|p2a: Pelipper|91\/100\n|-singleturn|p2a: Pelipper|move: Roost\n|\n|-weather|RainDance|[upkeep]\n|-heal|p1a: Garganacl|95\/100|[from] item: Leftovers\n|-damage|p2a: Pelipper|66\/100|[from] Salt Cure\n|upkeep\n|turn|28\n|\n|t:|1700468068\n|move|p2a: Pelipper|U-turn|p1a: Garganacl\n|-damage|p1a: Garganacl|90\/100\n|\n|t:|1700468070\n|switch|p2a: Swampert|Swampert-Mega, M|77\/100|[from] U-turn\n|-damage|p2a: Swampert|71\/100|[from] Stealth Rock\n|-damage|p2a: Swampert|59\/100|[from] Spikes\n|move|p1a: Garganacl|Salt Cure|p2a: Swampert\n|-resisted|p2a: Swampert\n|-damage|p2a: Swampert|52\/100\n|-start|p2a: Swampert|Salt Cure\n|\n|-weather|RainDance|[upkeep]\n|-heal|p1a: Garganacl|96\/100|[from] item: Leftovers\n|-damage|p2a: Swampert|27\/100|[from] Salt Cure\n|upkeep\n|turn|29\n|\n|t:|1700468082\n|move|p1a: Garganacl|Protect|p1a: Garganacl\n|-singleturn|p1a: Garganacl|Protect\n|move|p2a: Swampert|Power-Up Punch|p1a: Garganacl\n|-activate|p1a: Garganacl|move: Protect\n|\n|-weather|RainDance|[upkeep]\n|-heal|p1a: Garganacl|100\/100|[from] item: Leftovers\n|-damage|p2a: Swampert|2\/100|[from] Salt Cure\n|upkeep\n|turn|30\n|c|\u2606arknightshining|\u6b7b\u53d7\u903c\n|-message|arknightshining forfeited.\n|\n|win|buyi12137\n|raw|buyi12137's rating: 1490 &rarr; <strong>1507<\/strong><br \/>(+17 for winning)\n|raw|arknightshining's rating: 1430 &rarr; <strong>1413<\/strong><br \/>(-17 for losing)\n","uploadtime":1700468103,"views":3,"p1id":"buyi12137","p2id":"arknightshining","formatid":"gen9nationaldex","rating":1413,"private":0,"password":""}