{"id":"gen9nationaldex-2000233948","p1":"DUODUOFATHER","p2":"Yakkosalabama","format":"[Gen 9] National Dex","log":"|html|<div class=\"broadcast-blue\"><strong>[Gen 9] National Dex is currently suspecting Sneasler! For information on how to participate check out the <a href=\"https:\/\/www.smogon.com\/forums\/threads\/sv-national-dex-suspect-8-just-dance.3731534\/\">suspect thread<\/a>.<\/strong><\/div>\n|j|\u2606DUODUOFATHER\n|j|\u2606Yakkosalabama\n|t:|1701175605\n|gametype|singles\n|player|p1|DUODUOFATHER|101|1325\n|player|p2|Yakkosalabama|volo|1388\n|teamsize|p1|6\n|teamsize|p2|6\n|gen|9\n|tier|[Gen 9] National Dex\n|rated|\n|rule|HP Percentage Mod: HP is shown in percentages\n|rule|Endless Battle Clause: Forcing endless battles is banned\n|rule|OHKO Clause: OHKO moves are banned\n|rule|Evasion Clause: Evasion abilities, items, and moves are banned\n|rule|Evasion Abilities Clause: Evasion abilities are banned\n|rule|Evasion Items Clause: Evasion items are banned\n|rule|Evasion Moves Clause: Evasion moves are banned\n|rule|Species Clause: Limit one of each Pok\u00e9mon\n|rule|Sleep Clause Mod: Limit one foe put to sleep\n|clearpoke\n|poke|p1|Ogerpon-Wellspring, F|\n|poke|p1|Hoopa-Unbound|\n|poke|p1|Slowbro-Galar, F|\n|poke|p1|Great Tusk|\n|poke|p1|Weavile, M|\n|poke|p1|Iron Valiant|\n|poke|p2|Kommo-o, F|\n|poke|p2|Kartana|\n|poke|p2|Tapu Koko|\n|poke|p2|Diancie|\n|poke|p2|Landorus-Therian, M|\n|poke|p2|Grimmsnarl, M|\n|teampreview\n|inactive|Battle timer is ON: inactive players will automatically lose when time's up. (requested by DUODUOFATHER)\n|inactive|Yakkosalabama also wants the timer to be on.\n|inactive|DUODUOFATHER has 120 seconds left.\n|\n|t:|1701175643\n|start\n|switch|p1a: Iron Valiant|Iron Valiant|100\/100\n|switch|p2a: Tapu Koko|Tapu Koko|100\/100\n|-fieldstart|move: Electric Terrain|[from] ability: Electric Surge|[of] p2a: Tapu Koko\n|-activate|p1a: Iron Valiant|ability: Quark Drive\n|-start|p1a: Iron Valiant|quarkdrivespe\n|turn|1\n|\n|t:|1701175657\n|move|p1a: Iron Valiant|Moonblast|p2a: Tapu Koko\n|-damage|p2a: Tapu Koko|21\/100\n|-unboost|p2a: Tapu Koko|spa|1\n|move|p2a: Tapu Koko|Volt Switch|p1a: Iron Valiant\n|-damage|p1a: Iron Valiant|63\/100\n|\n|t:|1701175670\n|switch|p2a: Kartana|Kartana|100\/100|[from] Volt Switch\n|\n|upkeep\n|turn|2\n|\n|t:|1701175673\n|move|p1a: Iron Valiant|Focus Blast|p2a: Kartana\n|-supereffective|p2a: Kartana\n|-damage|p2a: Kartana|0 fnt\n|faint|p2a: Kartana\n|\n|upkeep\n|\n|t:|1701175675\n|switch|p2a: Grimmsnarl|Grimmsnarl, M|100\/100\n|turn|3\n|c|\u2606DUODUOFATHER|nb\n|\n|t:|1701175681\n|move|p2a: Grimmsnarl|Light Screen|p2a: Grimmsnarl\n|-sidestart|p2: Yakkosalabama|move: Light Screen\n|move|p1a: Iron Valiant|Moonblast|p2a: Grimmsnarl\n|-supereffective|p2a: Grimmsnarl\n|-damage|p2a: Grimmsnarl|54\/100\n|\n|upkeep\n|turn|4\n|\n|t:|1701175692\n|move|p2a: Grimmsnarl|Reflect|p2a: Grimmsnarl\n|-sidestart|p2: Yakkosalabama|Reflect\n|move|p1a: Iron Valiant|Calm Mind|p1a: Iron Valiant\n|-boost|p1a: Iron Valiant|spa|1\n|-boost|p1a: Iron Valiant|spd|1\n|\n|upkeep\n|turn|5\n|\n|t:|1701175695\n|move|p2a: Grimmsnarl|Parting Shot|p1a: Iron Valiant\n|-unboost|p1a: Iron Valiant|atk|1\n|-unboost|p1a: Iron Valiant|spa|1\n|\n|t:|1701175698\n|switch|p2a: Diancie|Diancie|100\/100|[from] Parting Shot\n|move|p1a: Iron Valiant|Calm Mind|p1a: Iron Valiant\n|-boost|p1a: Iron Valiant|spa|1\n|-boost|p1a: Iron Valiant|spd|1\n|\n|-fieldend|move: Electric Terrain\n|-end|p1a: Iron Valiant|Quark Drive\n|upkeep\n|-enditem|p1a: Iron Valiant|Booster Energy\n|-activate|p1a: Iron Valiant|ability: Quark Drive|[fromitem]\n|-start|p1a: Iron Valiant|quarkdrivespa\n|turn|6\n|\n|t:|1701175714\n|move|p1a: Iron Valiant|Moonblast|p2a: Diancie\n|-damage|p2a: Diancie|52\/100\n|move|p2a: Diancie|Calm Mind|p2a: Diancie\n|-boost|p2a: Diancie|spa|1\n|-boost|p2a: Diancie|spd|1\n|\n|upkeep\n|turn|7\n|\n|t:|1701175719\n|detailschange|p2a: Diancie|Diancie-Mega\n|-mega|p2a: Diancie|Diancie|Diancite\n|move|p1a: Iron Valiant|Moonblast|p2a: Diancie\n|-damage|p2a: Diancie|10\/100\n|move|p2a: Diancie|Draining Kiss|p1a: Iron Valiant\n|-supereffective|p1a: Iron Valiant\n|-damage|p1a: Iron Valiant|0 fnt\n|-heal|p2a: Diancie|66\/100|[from] drain|[of] p1a: Iron Valiant\n|faint|p1a: Iron Valiant\n|-end|p1a: Iron Valiant|Quark Drive|[silent]\n|\n|upkeep\n|\n|t:|1701175732\n|switch|p1a: Slowbro|Slowbro-Galar, F|100\/100\n|turn|8\n|\n|t:|1701175740\n|detailschange|p1a: Slowbro|Slowbro-Mega, F\n|-mega|p1a: Slowbro|Slowbro|Slowbronite\n|move|p2a: Diancie|Calm Mind|p2a: Diancie\n|-boost|p2a: Diancie|spa|1\n|-boost|p2a: Diancie|spd|1\n|move|p1a: Slowbro|Scald|p2a: Diancie\n|-supereffective|p2a: Diancie\n|-damage|p2a: Diancie|43\/100\n|-status|p2a: Diancie|brn\n|\n|-damage|p2a: Diancie|37\/100 brn|[from] brn\n|upkeep\n|turn|9\n|\n|t:|1701175750\n|move|p2a: Diancie|Draining Kiss|p1a: Slowbro\n|-damage|p1a: Slowbro|38\/100\n|-heal|p2a: Diancie|100\/100 brn|[from] drain|[of] p1a: Slowbro\n|move|p1a: Slowbro|Scald|p2a: Diancie\n|-supereffective|p2a: Diancie\n|-damage|p2a: Diancie|76\/100 brn\n|\n|-damage|p2a: Diancie|69\/100 brn|[from] brn\n|upkeep\n|turn|10\n|\n|t:|1701175767\n|switch|p1a: Hoopa|Hoopa-Unbound|100\/100\n|move|p2a: Diancie|Calm Mind|p2a: Diancie\n|-boost|p2a: Diancie|spa|1\n|-boost|p2a: Diancie|spd|1\n|\n|-damage|p2a: Diancie|63\/100 brn|[from] brn\n|-sideend|p2: Yakkosalabama|move: Light Screen\n|upkeep\n|turn|11\n|\n|t:|1701175772\n|move|p2a: Diancie|Draining Kiss|p1a: Hoopa\n|-supereffective|p1a: Hoopa\n|-damage|p1a: Hoopa|0 fnt\n|-heal|p2a: Diancie|100\/100 brn|[from] drain|[of] p1a: Hoopa\n|faint|p1a: Hoopa\n|\n|-damage|p2a: Diancie|94\/100 brn|[from] brn\n|-sideend|p2: Yakkosalabama|Reflect\n|upkeep\n|\n|t:|1701175774\n|switch|p1a: Ogerpon|Ogerpon-Wellspring, F|100\/100\n|turn|12\n|\n|t:|1701175780\n|-terastallize|p1a: Ogerpon|Water\n|detailschange|p1a: Ogerpon|Ogerpon-Wellspring-Tera, F, tera:Water\n|-ability|p1a: Ogerpon|Embody Aspect (Wellspring)|boost\n|-boost|p1a: Ogerpon|spd|1\n|move|p2a: Diancie|Draining Kiss|p1a: Ogerpon\n|-damage|p1a: Ogerpon|37\/100\n|-heal|p2a: Diancie|100\/100 brn|[from] drain|[of] p1a: Ogerpon\n|move|p1a: Ogerpon|Ivy Cudgel|p2a: Diancie|[anim] Ivy Cudgel Water\n|-supereffective|p2a: Diancie\n|-damage|p2a: Diancie|0 fnt\n|faint|p2a: Diancie\n|\n|upkeep\n|\n|t:|1701175784\n|switch|p2a: Kommo-o|Kommo-o, F|100\/100\n|turn|13\n|\n|t:|1701175812\n|move|p1a: Ogerpon|Spiky Shield|p1a: Ogerpon\n|-singleturn|p1a: Ogerpon|move: Protect\n|move|p2a: Kommo-o|Clangorous Soul|p2a: Kommo-o\n|-boost|p2a: Kommo-o|atk|1\n|-boost|p2a: Kommo-o|def|1\n|-boost|p2a: Kommo-o|spa|1\n|-boost|p2a: Kommo-o|spd|1\n|-boost|p2a: Kommo-o|spe|1\n|-damage|p2a: Kommo-o|68\/100\n|-enditem|p2a: Kommo-o|Throat Spray\n|-boost|p2a: Kommo-o|spa|1|[from] item: Throat Spray\n|\n|upkeep\n|turn|14\n|\n|t:|1701175822\n|move|p2a: Kommo-o|Drain Punch|p1a: Ogerpon\n|-damage|p1a: Ogerpon|0 fnt\n|-heal|p2a: Kommo-o|87\/100|[from] drain|[of] p1a: Ogerpon\n|faint|p1a: Ogerpon\n|\n|upkeep\n|\n|t:|1701175830\n|switch|p1a: Great Tusk|Great Tusk|100\/100\n|turn|15\n|\n|t:|1701175835\n|-terastallize|p2a: Kommo-o|Dragon\n|move|p2a: Kommo-o|Clanging Scales|p1a: Great Tusk\n|-damage|p1a: Great Tusk|0 fnt\n|faint|p1a: Great Tusk\n|-end|p1a: Great Tusk|Protosynthesis|[silent]\n|-unboost|p2a: Kommo-o|def|1\n|\n|upkeep\n|-message|DUODUOFATHER forfeited.\n|\n|win|Yakkosalabama\n|raw|DUODUOFATHER's rating: 1325 &rarr; <strong>1309<\/strong><br \/>(-16 for losing)\n|raw|Yakkosalabama's rating: 1388 &rarr; <strong>1404<\/strong><br \/>(+16 for winning)\n|l|\u2606DUODUOFATHER\n","uploadtime":1701175844,"views":2,"p1id":"duoduofather","p2id":"yakkosalabama","formatid":"gen9nationaldex","rating":1309,"private":0,"password":""}