{"id":"gen9nationaldex-1990186965","p1":"wwwkp","p2":"Kuzwa","format":"[Gen 9] National Dex","log":"|j|\u2606wwwkp\n|j|\u2606Kuzwa\n|t:|1699934574\n|gametype|singles\n|player|p1|wwwkp|bugcatcher-gen4dp|1199\n|player|p2|Kuzwa|parasollady|1264\n|teamsize|p1|6\n|teamsize|p2|6\n|gen|9\n|tier|[Gen 9] National Dex\n|rated|\n|rule|HP Percentage Mod: HP is shown in percentages\n|rule|Endless Battle Clause: Forcing endless battles is banned\n|rule|OHKO Clause: OHKO moves are banned\n|rule|Evasion Clause: Evasion abilities, items, and moves are banned\n|rule|Evasion Abilities Clause: Evasion abilities are banned\n|rule|Evasion Items Clause: Evasion items are banned\n|rule|Evasion Moves Clause: Evasion moves are banned\n|rule|Species Clause: Limit one of each Pok\u00e9mon\n|rule|Sleep Clause Mod: Limit one foe put to sleep\n|clearpoke\n|poke|p1|Tapu Koko|\n|poke|p1|Iron Moth|\n|poke|p1|Landorus-Therian, M|\n|poke|p1|Iron Valiant|\n|poke|p1|Sneasler, M|\n|poke|p1|Scizor, F|\n|poke|p2|Gallade, M|\n|poke|p2|Kartana|\n|poke|p2|Weavile, M|\n|poke|p2|Ogerpon-Wellspring, F|\n|poke|p2|Zeraora|\n|poke|p2|Glimmora, M|\n|teampreview\n|\n|t:|1699934581\n|start\n|switch|p1a: Landorus|Landorus-Therian, M|100\/100\n|switch|p2a: thing|Glimmora, M|100\/100\n|-item|p2a: thing|Air Balloon\n|-ability|p1a: Landorus|Intimidate|boost\n|-unboost|p2a: thing|atk|1\n|turn|1\n|\n|t:|1699934588\n|move|p2a: thing|Power Gem|p1a: Landorus\n|-crit|p1a: Landorus\n|-damage|p1a: Landorus|30\/100\n|move|p1a: Landorus|Earthquake|p2a: thing\n|-immune|p2a: thing\n|\n|upkeep\n|turn|2\n|\n|t:|1699934612\n|switch|p1a: Tapu Koko|Tapu Koko|100\/100\n|-fieldstart|move: Electric Terrain|[from] ability: Electric Surge|[of] p1a: Tapu Koko\n|move|p2a: thing|Power Gem|p1a: Tapu Koko\n|-damage|p1a: Tapu Koko|36\/100\n|\n|upkeep\n|turn|3\n|\n|t:|1699934625\n|move|p1a: Tapu Koko|U-turn|p2a: thing\n|-resisted|p2a: thing\n|-damage|p2a: thing|91\/100\n|-activate|p2a: thing|ability: Toxic Debris\n|-sidestart|p1: wwwkp|move: Toxic Spikes\n|-enditem|p2a: thing|Air Balloon\n|\n|t:|1699934639\n|switch|p1a: Sneasler|Sneasler, M, shiny|100\/100|[from] U-turn\n|-sideend|p1: wwwkp|move: Toxic Spikes|[of] p1a: Sneasler\n|-enditem|p1a: Sneasler|Electric Seed\n|-boost|p1a: Sneasler|def|1|[from] item: Electric Seed\n|move|p2a: thing|Earth Power|p1a: Sneasler\n|-supereffective|p1a: Sneasler\n|-damage|p1a: Sneasler|21\/100\n|\n|upkeep\n|turn|4\n|\n|t:|1699934656\n|-terastallize|p1a: Sneasler|Flying\n|move|p1a: Sneasler|Swords Dance|p1a: Sneasler\n|-boost|p1a: Sneasler|atk|2\n|move|p2a: thing|Power Gem|p1a: Sneasler\n|-supereffective|p1a: Sneasler\n|-damage|p1a: Sneasler|0 fnt\n|faint|p1a: Sneasler\n|\n|upkeep\n|\n|t:|1699934677\n|switch|p1a: Iron Valiant|Iron Valiant|100\/100\n|-activate|p1a: Iron Valiant|ability: Quark Drive\n|-start|p1a: Iron Valiant|quarkdrivespe\n|turn|5\n|\n|t:|1699934683\n|move|p1a: Iron Valiant|Moonblast|p2a: thing\n|-resisted|p2a: thing\n|-damage|p2a: thing|48\/100\n|move|p2a: thing|Sludge Wave|p1a: Iron Valiant\n|-supereffective|p1a: Iron Valiant\n|-damage|p1a: Iron Valiant|0 fnt\n|faint|p1a: Iron Valiant\n|-end|p1a: Iron Valiant|Quark Drive|[silent]\n|\n|upkeep\n|-message|wwwkp forfeited.\n|\n|win|Kuzwa\n|raw|wwwkp's rating: 1199 &rarr; <strong>1179<\/strong><br \/>(-20 for losing)\n|raw|Kuzwa's rating: 1264 &rarr; <strong>1284<\/strong><br \/>(+20 for winning)\n|l|\u2606wwwkp\n","uploadtime":1699934694,"views":5,"p1id":"wwwkp","p2id":"kuzwa","formatid":"gen9nationaldex","rating":1179,"private":0,"password":""}