{"id":"gen9nationaldex-1996648579","p1":"gubes","p2":"starlitbox","format":"[Gen 9] National Dex","log":"|html|<div class=\"broadcast-blue\"><strong>[Gen 9] National Dex is currently suspecting Sneasler! For information on how to participate check out the <a href=\"https:\/\/www.smogon.com\/forums\/threads\/sv-national-dex-suspect-8-just-dance.3731534\/\">suspect thread<\/a>.<\/strong><\/div>\n|j|\u2606gubes\n|j|\u2606starlitbox\n|t:|1700704979\n|gametype|singles\n|player|p1|gubes|1|1306\n|player|p2|starlitbox|silver|1349\n|teamsize|p1|6\n|teamsize|p2|6\n|gen|9\n|tier|[Gen 9] National Dex\n|rated|\n|rule|HP Percentage Mod: HP is shown in percentages\n|rule|Endless Battle Clause: Forcing endless battles is banned\n|rule|OHKO Clause: OHKO moves are banned\n|rule|Evasion Clause: Evasion abilities, items, and moves are banned\n|rule|Evasion Abilities Clause: Evasion abilities are banned\n|rule|Evasion Items Clause: Evasion items are banned\n|rule|Evasion Moves Clause: Evasion moves are banned\n|rule|Species Clause: Limit one of each Pok\u00e9mon\n|rule|Sleep Clause Mod: Limit one foe put to sleep\n|clearpoke\n|poke|p1|Ditto|\n|poke|p1|Tapu Koko|\n|poke|p1|Clodsire, M|\n|poke|p1|Latias, F|\n|poke|p1|Clawitzer, M|\n|poke|p1|Heatran, F|\n|poke|p2|Landorus-Therian, M|\n|poke|p2|Greninja-*, M|\n|poke|p2|Volcarona, M|\n|poke|p2|Iron Valiant|\n|poke|p2|Ogerpon-Wellspring, F|\n|poke|p2|Tapu Koko|\n|teampreview\n|\n|t:|1700704991\n|start\n|switch|p1a: Clawitzer|Clawitzer, M, shiny|100\/100\n|switch|p2a: Ogerpon|Ogerpon-Wellspring, F|100\/100\n|turn|1\n|inactive|Battle timer is ON: inactive players will automatically lose when time's up. (requested by starlitbox)\n|\n|t:|1700705005\n|move|p2a: Ogerpon|Horn Leech|p1a: Clawitzer\n|-supereffective|p1a: Clawitzer\n|-damage|p1a: Clawitzer|10\/100\n|move|p1a: Clawitzer|Dark Pulse|p2a: Ogerpon\n|-damage|p2a: Ogerpon|49\/100\n|\n|-heal|p1a: Clawitzer|16\/100|[from] item: Leftovers\n|upkeep\n|turn|2\n|\n|t:|1700705020\n|switch|p1a: Clodsire|Clodsire, M, shiny|100\/100\n|move|p2a: Ogerpon|U-turn|p1a: Clodsire\n|-resisted|p1a: Clodsire\n|-damage|p1a: Clodsire|85\/100\n|\n|t:|1700705027\n|switch|p2a: Greninja|Greninja, M|100\/100|[from] U-turn\n|\n|-heal|p1a: Clodsire|91\/100|[from] item: Leftovers\n|upkeep\n|turn|3\n|inactive|gubes has 120 seconds left.\n|\n|t:|1700705085\n|move|p2a: Greninja|Hydro Pump|p1a: Clodsire|[miss]\n|-miss|p2a: Greninja|p1a: Clodsire\n|move|p1a: Clodsire|Toxic|p2a: Greninja\n|-status|p2a: Greninja|tox\n|\n|-heal|p1a: Clodsire|97\/100|[from] item: Leftovers\n|-damage|p2a: Greninja|95\/100 tox|[from] psn\n|upkeep\n|turn|4\n|\n|t:|1700705097\n|move|p1a: Clodsire|Protect|p1a: Clodsire\n|-singleturn|p1a: Clodsire|Protect\n|move|p2a: Greninja|Dark Pulse|p1a: Clodsire\n|-activate|p1a: Clodsire|move: Protect\n|\n|-heal|p1a: Clodsire|100\/100|[from] item: Leftovers\n|-damage|p2a: Greninja|83\/100 tox|[from] psn\n|upkeep\n|turn|5\n|inactive|gubes has 90 seconds left.\n|\n|t:|1700705123\n|move|p2a: Greninja|Hydro Pump|p1a: Clodsire|[miss]\n|-miss|p2a: Greninja|p1a: Clodsire\n|move|p1a: Clodsire|Earthquake|p2a: Greninja\n|-damage|p2a: Greninja|36\/100 tox\n|\n|-damage|p2a: Greninja|18\/100 tox|[from] psn\n|upkeep\n|turn|6\n|\n|t:|1700705132\n|switch|p2a: Tapu Koko|Tapu Koko|100\/100\n|-fieldstart|move: Electric Terrain|[from] ability: Electric Surge|[of] p2a: Tapu Koko\n|move|p1a: Clodsire|Protect||[still]\n|-fail|p1a: Clodsire\n|\n|upkeep\n|turn|7\n|inactive|gubes has 90 seconds left.\n|\n|t:|1700705156\n|switch|p2a: Ogerpon|Ogerpon-Wellspring, F|49\/100\n|move|p1a: Clodsire|Earthquake|p2a: Ogerpon\n|-resisted|p2a: Ogerpon\n|-damage|p2a: Ogerpon|31\/100\n|\n|upkeep\n|turn|8\n|\n|t:|1700705163\n|move|p2a: Ogerpon|Horn Leech|p1a: Clodsire\n|-damage|p1a: Clodsire|50\/100\n|-heal|p2a: Ogerpon|70\/100|[from] drain|[of] p1a: Clodsire\n|move|p1a: Clodsire|Toxic|p2a: Ogerpon\n|-status|p2a: Ogerpon|tox\n|\n|-heal|p1a: Clodsire|56\/100|[from] item: Leftovers\n|-damage|p2a: Ogerpon|64\/100 tox|[from] psn\n|upkeep\n|turn|9\n|\n|t:|1700705172\n|move|p1a: Clodsire|Protect|p1a: Clodsire\n|-singleturn|p1a: Clodsire|Protect\n|move|p2a: Ogerpon|Swords Dance|p2a: Ogerpon\n|-boost|p2a: Ogerpon|atk|2\n|\n|-heal|p1a: Clodsire|62\/100|[from] item: Leftovers\n|-damage|p2a: Ogerpon|52\/100 tox|[from] psn\n|upkeep\n|turn|10\n|\n|t:|1700705191\n|move|p2a: Ogerpon|Ivy Cudgel|p1a: Clodsire|[anim] Ivy Cudgel Water\n|-supereffective|p1a: Clodsire\n|-damage|p1a: Clodsire|0 fnt\n|faint|p1a: Clodsire\n|\n|-damage|p2a: Ogerpon|34\/100 tox|[from] psn\n|-fieldend|move: Electric Terrain\n|upkeep\n|\n|t:|1700705197\n|switch|p1a: Heatran|Heatran, F|100\/100\n|turn|11\n|inactive|gubes has 90 seconds left.\n|\n|t:|1700705229\n|switch|p1a: Ditto|Ditto|100\/100\n|-transform|p1a: Ditto|p2a: Ogerpon|[from] ability: Imposter\n|move|p2a: Ogerpon|U-turn|p1a: Ditto\n|-supereffective|p1a: Ditto\n|-damage|p1a: Ditto|0 fnt\n|faint|p1a: Ditto\n|\n|t:|1700705239\n|switch|p2a: Greninja|Greninja, M|18\/100 tox|[from] U-turn\n|\n|-damage|p2a: Greninja|12\/100 tox|[from] psn\n|upkeep\n|\n|t:|1700705248\n|switch|p1a: Tapu Koko|Tapu Koko|100\/100\n|-fieldstart|move: Electric Terrain|[from] ability: Electric Surge|[of] p1a: Tapu Koko\n|turn|12\n|\n|t:|1700705255\n|move|p2a: Greninja|Water Shuriken|p1a: Tapu Koko\n|-damage|p1a: Tapu Koko|89\/100\n|-damage|p1a: Tapu Koko|78\/100\n|-hitcount|p1a: Tapu Koko|2\n|move|p1a: Tapu Koko|Volt Switch|p2a: Greninja\n|-supereffective|p2a: Greninja\n|-damage|p2a: Greninja|0 fnt\n|faint|p2a: Greninja\n|inactive|gubes has 90 seconds left.\n|inactive|gubes has 60 seconds left.\n|\n|t:|1700705305\n|switch|p1a: Heatran|Heatran, F|100\/100|[from] Volt Switch\n|\n|upkeep\n|\n|t:|1700705323\n|switch|p2a: Iron Valiant|Iron Valiant|100\/100\n|-activate|p2a: Iron Valiant|ability: Quark Drive\n|-start|p2a: Iron Valiant|quarkdrivespe\n|turn|13\n|inactive|gubes has 60 seconds left.\n|\n|t:|1700705360\n|move|p2a: Iron Valiant|Aura Sphere|p1a: Heatran\n|-supereffective|p1a: Heatran\n|-damage|p1a: Heatran|5\/100\n|move|p1a: Heatran|Magma Storm|p2a: Iron Valiant|[miss]\n|-miss|p1a: Heatran|p2a: Iron Valiant\n|\n|-heal|p1a: Heatran|11\/100|[from] item: Leftovers\n|upkeep\n|turn|14\n|inactive|starlitbox has 120 seconds left.\n|inactive|starlitbox has 90 seconds left.\n|\n|t:|1700705430\n|switch|p1a: Tapu Koko|Tapu Koko|78\/100\n|move|p2a: Iron Valiant|Aura Sphere|p1a: Tapu Koko\n|-resisted|p1a: Tapu Koko\n|-damage|p1a: Tapu Koko|36\/100\n|\n|upkeep\n|turn|15\n|inactive|starlitbox has 60 seconds left.\n|\n|t:|1700705456\n|-end|p2a: Iron Valiant|Quark Drive|[silent]\n|switch|p2a: Landorus|Landorus-Therian, M|100\/100\n|-ability|p2a: Landorus|Intimidate|boost\n|-unboost|p1a: Tapu Koko|atk|1\n|move|p1a: Tapu Koko|Dazzling Gleam|p2a: Landorus\n|-damage|p2a: Landorus|67\/100\n|\n|-heal|p2a: Landorus|73\/100|[from] item: Leftovers\n|upkeep\n|turn|16\n|inactive|starlitbox has 60 seconds left.\n|inactive|gubes has 30 seconds left.\n|inactive|gubes has 20 seconds left.\n|inactive|gubes has 15 seconds left.\n|inactive|gubes has 10 seconds left.\n|\n|t:|1700705498\n|move|p1a: Tapu Koko|Dazzling Gleam|p2a: Landorus\n|-damage|p2a: Landorus|37\/100\n|move|p2a: Landorus|Knock Off|p1a: Tapu Koko\n|-resisted|p1a: Tapu Koko\n|-damage|p1a: Tapu Koko|10\/100\n|-enditem|p1a: Tapu Koko|Choice Scarf|[from] move: Knock Off|[of] p2a: Landorus\n|\n|-heal|p2a: Landorus|43\/100|[from] item: Leftovers\n|-fieldend|move: Electric Terrain\n|upkeep\n|turn|17\n|inactive|gubes has 20 seconds left this turn.\n|inactive|starlitbox has 60 seconds left.\n|\n|t:|1700705524\n|switch|p1a: Latias|Latias, F|100\/100\n|move|p2a: Landorus|U-turn|p1a: Latias\n|-supereffective|p1a: Latias\n|-damage|p1a: Latias|27\/100\n|inactive|gubes has 25 seconds left this turn.\n|\n|t:|1700705533\n|switch|p2a: Tapu Koko|Tapu Koko|100\/100|[from] U-turn\n|-fieldstart|move: Electric Terrain|[from] ability: Electric Surge|[of] p2a: Tapu Koko\n|\n|upkeep\n|turn|18\n|inactive|gubes has 30 seconds left.\n|\n|t:|1700705545\n|switch|p1a: Heatran|Heatran, F|11\/100\n|move|p2a: Tapu Koko|Dazzling Gleam|p1a: Heatran\n|-resisted|p1a: Heatran\n|-damage|p1a: Heatran|4\/100\n|\n|-heal|p1a: Heatran|10\/100|[from] item: Leftovers\n|upkeep\n|turn|19\n|inactive|gubes has 30 seconds left.\n|\n|t:|1700705554\n|move|p2a: Tapu Koko|Volt Switch|p1a: Heatran\n|-damage|p1a: Heatran|0 fnt\n|faint|p1a: Heatran\n|\n|t:|1700705558\n|switch|p2a: Iron Valiant|Iron Valiant|100\/100|[from] Volt Switch\n|-activate|p2a: Iron Valiant|ability: Quark Drive\n|-start|p2a: Iron Valiant|quarkdrivespe\n|\n|upkeep\n|-message|gubes forfeited.\n|\n|win|starlitbox\n|raw|gubes's rating: 1295 &rarr; <strong>1274<\/strong><br \/>(-21 for losing)\n|raw|starlitbox's rating: 1349 &rarr; <strong>1366<\/strong><br \/>(+17 for winning)\n|l|\u2606gubes\n|l|\u2606starlitbox\n|j|\u2606starlitbox\n|player|p2|starlitbox|silver\n","uploadtime":1700705572,"views":2,"p1id":"gubes","p2id":"starlitbox","formatid":"gen9nationaldex","rating":1274,"private":0,"password":""}