{"id":"gen9nationaldex-1995520537","p1":"vvvvvooooo","p2":"nanabuon","format":"[Gen 9] National Dex","log":"|html|<div class=\"broadcast-blue\"><strong>[Gen 9] National Dex is currently suspecting Sneasler! For information on how to participate check out the <a href=\"https:\/\/www.smogon.com\/forums\/threads\/sv-national-dex-suspect-8-just-dance.3731534\/\">suspect thread<\/a>.<\/strong><\/div>\n|j|\u2606vvvvvooooo\n|j|\u2606nanabuon\n|t:|1700579376\n|gametype|singles\n|player|p1|vvvvvooooo|266|1318\n|player|p2|nanabuon|bruno|1251\n|teamsize|p1|6\n|teamsize|p2|6\n|gen|9\n|tier|[Gen 9] National Dex\n|rated|\n|rule|HP Percentage Mod: HP is shown in percentages\n|rule|Endless Battle Clause: Forcing endless battles is banned\n|rule|OHKO Clause: OHKO moves are banned\n|rule|Evasion Clause: Evasion abilities, items, and moves are banned\n|rule|Evasion Abilities Clause: Evasion abilities are banned\n|rule|Evasion Items Clause: Evasion items are banned\n|rule|Evasion Moves Clause: Evasion moves are banned\n|rule|Species Clause: Limit one of each Pok\u00e9mon\n|rule|Sleep Clause Mod: Limit one foe put to sleep\n|clearpoke\n|poke|p1|Tapu Koko|\n|poke|p1|Scizor, F|\n|poke|p1|Iron Moth|\n|poke|p1|Ursaluna, F|\n|poke|p1|Toxapex, F|\n|poke|p1|Hydreigon, F|\n|poke|p2|Dondozo, M|\n|poke|p2|Gastrodon, M|\n|poke|p2|Slowbro, F|\n|poke|p2|Blissey, F|\n|poke|p2|Tapu Koko|\n|poke|p2|Skeledirge, M|\n|teampreview\n|\n|t:|1700579383\n|start\n|switch|p1a: Tapu Koko|Tapu Koko, shiny|100\/100\n|switch|p2a: Tapu Koko|Tapu Koko|100\/100\n|-fieldstart|move: Electric Terrain|[from] ability: Electric Surge|[of] p2a: Tapu Koko\n|turn|1\n|\n|t:|1700579399\n|switch|p1a: Scizor|Scizor, F|100\/100\n|switch|p2a: Gastrodon|Gastrodon, M|100\/100\n|\n|upkeep\n|turn|2\n|inactive|Battle timer is ON: inactive players will automatically lose when time's up. (requested by nanabuon)\n|\n|t:|1700579407\n|switch|p2a: Slowbro|Slowbro, F|100\/100\n|detailschange|p1a: Scizor|Scizor-Mega, F\n|-mega|p1a: Scizor|Scizor|Scizorite\n|move|p1a: Scizor|Swords Dance|p1a: Scizor\n|-boost|p1a: Scizor|atk|2\n|\n|upkeep\n|turn|3\n|\n|t:|1700579415\n|switch|p2a: Skeledirge|Skeledirge, M|100\/100\n|move|p1a: Scizor|Swords Dance|p1a: Scizor\n|-boost|p1a: Scizor|atk|2\n|\n|upkeep\n|turn|4\n|\n|t:|1700579426\n|move|p1a: Scizor|U-turn|p2a: Skeledirge\n|-resisted|p2a: Skeledirge\n|-damage|p2a: Skeledirge|95\/100\n|\n|t:|1700579433\n|switch|p1a: Toxapex|Toxapex, F|100\/100|[from] U-turn\n|move|p2a: Skeledirge|Will-O-Wisp|p1a: Toxapex\n|-status|p1a: Toxapex|brn\n|\n|-heal|p2a: Skeledirge|100\/100|[from] item: Leftovers\n|-damage|p1a: Toxapex|95\/100 brn|[from] brn\n|upkeep\n|turn|5\n|\n|t:|1700579444\n|switch|p2a: Tapu Koko|Tapu Koko|100\/100\n|move|p1a: Toxapex|Toxic|p2a: Tapu Koko\n|-status|p2a: Tapu Koko|tox\n|\n|-damage|p2a: Tapu Koko|94\/100 tox|[from] psn\n|-damage|p1a: Toxapex|89\/100 brn|[from] brn\n|-fieldend|move: Electric Terrain\n|upkeep\n|turn|6\n|\n|t:|1700579454\n|switch|p1a: Hydreigon|Hydreigon, F|100\/100\n|move|p2a: Tapu Koko|Volt Switch|p1a: Hydreigon\n|-resisted|p1a: Hydreigon\n|-damage|p1a: Hydreigon|86\/100\n|\n|t:|1700579472\n|switch|p2a: Blissey|Blissey, F|100\/100|[from] Volt Switch\n|\n|-heal|p1a: Hydreigon|92\/100|[from] item: Leftovers\n|upkeep\n|turn|7\n|\n|t:|1700579480\n|move|p1a: Hydreigon|Taunt|p2a: Blissey\n|-start|p2a: Blissey|move: Taunt\n|cant|p2a: Blissey|move: Taunt|Heal Bell\n|\n|-heal|p1a: Hydreigon|98\/100|[from] item: Leftovers\n|upkeep\n|turn|8\n|\n|t:|1700579487\n|move|p1a: Hydreigon|Stealth Rock|p2a: Blissey\n|-sidestart|p2: nanabuon|move: Stealth Rock\n|move|p2a: Blissey|Seismic Toss|p1a: Hydreigon\n|-damage|p1a: Hydreigon|72\/100\n|\n|-heal|p1a: Hydreigon|79\/100|[from] item: Leftovers\n|upkeep\n|turn|9\n|\n|t:|1700579501\n|switch|p1a: Scizor|Scizor-Mega, F|100\/100\n|move|p2a: Blissey|Seismic Toss|p1a: Scizor\n|-damage|p1a: Scizor|69\/100\n|\n|-end|p2a: Blissey|move: Taunt\n|upkeep\n|turn|10\n|\n|t:|1700579512\n|switch|p2a: Slowbro|Slowbro, F|100\/100\n|-damage|p2a: Slowbro|88\/100|[from] Stealth Rock\n|move|p1a: Scizor|U-turn|p2a: Slowbro\n|-supereffective|p2a: Slowbro\n|-damage|p2a: Slowbro|29\/100\n|-damage|p1a: Scizor|52\/100|[from] item: Rocky Helmet|[of] p2a: Slowbro\n|\n|t:|1700579518\n|switch|p1a: Ursaluna|Ursaluna, F|100\/100|[from] U-turn\n|\n|-status|p1a: Ursaluna|brn|[from] item: Flame Orb\n|upkeep\n|turn|11\n|\n|t:|1700579530\n|switch|p2a: Skeledirge|Skeledirge, M|100\/100\n|-damage|p2a: Skeledirge|75\/100|[from] Stealth Rock\n|move|p1a: Ursaluna|Swords Dance|p1a: Ursaluna\n|-boost|p1a: Ursaluna|atk|2\n|\n|-heal|p2a: Skeledirge|82\/100|[from] item: Leftovers\n|-damage|p1a: Ursaluna|94\/100 brn|[from] brn\n|upkeep\n|turn|12\n|\n|t:|1700579544\n|move|p1a: Ursaluna|Headlong Rush|p2a: Skeledirge\n|-supereffective|p2a: Skeledirge\n|-damage|p2a: Skeledirge|0 fnt\n|-unboost|p1a: Ursaluna|def|1\n|-unboost|p1a: Ursaluna|spd|1\n|faint|p2a: Skeledirge\n|\n|-damage|p1a: Ursaluna|88\/100 brn|[from] brn\n|upkeep\n|\n|t:|1700579554\n|switch|p2a: Gastrodon|Gastrodon, M|100\/100\n|-damage|p2a: Gastrodon|94\/100|[from] Stealth Rock\n|turn|13\n|\n|t:|1700579562\n|move|p1a: Ursaluna|Facade|p2a: Gastrodon\n|-damage|p2a: Gastrodon|0 fnt\n|faint|p2a: Gastrodon\n|\n|-damage|p1a: Ursaluna|82\/100 brn|[from] brn\n|upkeep\n|\n|t:|1700579569\n|switch|p2a: Dondozo|Dondozo, M|100\/100\n|-damage|p2a: Dondozo|88\/100|[from] Stealth Rock\n|turn|14\n|\n|t:|1700579576\n|-terastallize|p1a: Ursaluna|Grass\n|move|p1a: Ursaluna|Facade|p2a: Dondozo\n|-damage|p2a: Dondozo|30\/100\n|move|p2a: Dondozo|Curse|p2a: Dondozo\n|-unboost|p2a: Dondozo|spe|1\n|-boost|p2a: Dondozo|atk|1\n|-boost|p2a: Dondozo|def|1\n|\n|-heal|p2a: Dondozo|36\/100|[from] item: Leftovers\n|-damage|p1a: Ursaluna|76\/100 brn|[from] brn\n|upkeep\n|turn|15\n|\n|t:|1700579589\n|move|p1a: Ursaluna|Facade|p2a: Dondozo\n|-damage|p2a: Dondozo|0 fnt\n|faint|p2a: Dondozo\n|\n|-damage|p1a: Ursaluna|70\/100 brn|[from] brn\n|upkeep\n|-message|nanabuon forfeited.\n|\n|win|vvvvvooooo\n|raw|vvvvvooooo's rating: 1318 &rarr; <strong>1334<\/strong><br \/>(+16 for winning)\n|raw|nanabuon's rating: 1251 &rarr; <strong>1231<\/strong><br \/>(-20 for losing)\n|l|\u2606nanabuon\n","uploadtime":1700579598,"views":0,"p1id":"vvvvvooooo","p2id":"nanabuon","formatid":"gen9nationaldex","rating":1231,"private":0,"password":""}