{"id":"gen9nationaldex-1991549864","p1":"YellowTreeOfSorrow","p2":"CF. Xynix","format":"[Gen 9] National Dex","log":"|j|\u2606YellowTreeOfSorrow\n|j|\u2606CF. Xynix\n|t:|1700087376\n|gametype|singles\n|player|p1|YellowTreeOfSorrow|lusamine|1426\n|player|p2|CF. Xynix|lady|1366\n|teamsize|p1|6\n|teamsize|p2|6\n|gen|9\n|tier|[Gen 9] National Dex\n|rated|\n|rule|HP Percentage Mod: HP is shown in percentages\n|rule|Endless Battle Clause: Forcing endless battles is banned\n|rule|OHKO Clause: OHKO moves are banned\n|rule|Evasion Clause: Evasion abilities, items, and moves are banned\n|rule|Evasion Abilities Clause: Evasion abilities are banned\n|rule|Evasion Items Clause: Evasion items are banned\n|rule|Evasion Moves Clause: Evasion moves are banned\n|rule|Species Clause: Limit one of each Pok\u00e9mon\n|rule|Sleep Clause Mod: Limit one foe put to sleep\n|clearpoke\n|poke|p1|Dragonite, F|\n|poke|p1|Zapdos|\n|poke|p1|Gardevoir, F|\n|poke|p1|Landorus-Therian, M|\n|poke|p1|Quagsire, M|\n|poke|p1|Chansey, F|\n|poke|p2|Hatterene, F|\n|poke|p2|Ogerpon-Wellspring, F|\n|poke|p2|Victini|\n|poke|p2|Manaphy|\n|poke|p2|Greninja-*, M|\n|poke|p2|Deoxys-Defense|\n|teampreview\n|inactive|Battle timer is ON: inactive players will automatically lose when time's up. (requested by CF. Xynix)\n|\n|t:|1700087383\n|start\n|switch|p1a: Landorus|Landorus-Therian, M|100\/100\n|switch|p2a: Deoxys|Deoxys-Defense, shiny|100\/100\n|-ability|p1a: Landorus|Intimidate|boost\n|-unboost|p2a: Deoxys|atk|1\n|-ability|p2a: Deoxys|Pressure\n|turn|1\n|\n|t:|1700087389\n|switch|p2a: Hatterene|Hatterene, F|100\/100\n|move|p1a: Landorus|Knock Off|p2a: Hatterene\n|-damage|p2a: Hatterene|57\/100\n|-enditem|p2a: Hatterene|Leftovers|[from] move: Knock Off|[of] p1a: Landorus\n|\n|upkeep\n|turn|2\n|\n|t:|1700087396\n|move|p1a: Landorus|Earthquake|p2a: Hatterene\n|-damage|p2a: Hatterene|0 fnt\n|faint|p2a: Hatterene\n|\n|upkeep\n|\n|t:|1700087399\n|switch|p2a: Greninja|Greninja, M|100\/100\n|turn|3\n|\n|t:|1700087405\n|switch|p2a: Ogerpon|Ogerpon-Wellspring, F|100\/100\n|switch|p1a: Chansey|Chansey, F|100\/100\n|\n|upkeep\n|turn|4\n|\n|t:|1700087408\n|move|p2a: Ogerpon|Spiky Shield|p2a: Ogerpon\n|-singleturn|p2a: Ogerpon|move: Protect\n|move|p1a: Chansey|Toxic|p2a: Ogerpon\n|-activate|p2a: Ogerpon|move: Protect\n|\n|upkeep\n|turn|5\n|\n|t:|1700087412\n|switch|p2a: Deoxys|Deoxys-Defense, shiny|100\/100\n|-ability|p2a: Deoxys|Pressure\n|move|p1a: Chansey|Toxic|p2a: Deoxys\n|-status|p2a: Deoxys|tox\n|\n|-damage|p2a: Deoxys|95\/100 tox|[from] psn\n|upkeep\n|turn|6\n|\n|t:|1700087418\n|switch|p1a: Landorus|Landorus-Therian, M|100\/100\n|-ability|p1a: Landorus|Intimidate|boost\n|-unboost|p2a: Deoxys|atk|1\n|move|p2a: Deoxys|Stealth Rock|p1a: Landorus\n|-sidestart|p1: YellowTreeOfSorrow|move: Stealth Rock\n|\n|-heal|p2a: Deoxys|100\/100 tox|[from] item: Leftovers\n|-damage|p2a: Deoxys|89\/100 tox|[from] psn\n|upkeep\n|turn|7\n|\n|t:|1700087424\n|move|p1a: Landorus|Knock Off|p2a: Deoxys\n|-supereffective|p2a: Deoxys\n|-damage|p2a: Deoxys|34\/100 tox\n|-enditem|p2a: Deoxys|Leftovers|[from] move: Knock Off|[of] p1a: Landorus\n|move|p2a: Deoxys|Knock Off|p1a: Landorus\n|-damage|p1a: Landorus|86\/100\n|-enditem|p1a: Landorus|Yache Berry|[from] move: Knock Off|[of] p2a: Deoxys\n|\n|-damage|p2a: Deoxys|17\/100 tox|[from] psn\n|upkeep\n|turn|8\n|\n|t:|1700087430\n|move|p2a: Deoxys|Extreme Speed|p1a: Landorus\n|-crit|p1a: Landorus\n|-damage|p1a: Landorus|61\/100\n|move|p1a: Landorus|U-turn|p2a: Deoxys\n|-supereffective|p2a: Deoxys\n|-damage|p2a: Deoxys|0 fnt\n|faint|p2a: Deoxys\n|\n|t:|1700087433\n|switch|p1a: Zapdos|Zapdos|100\/100|[from] U-turn\n|\n|upkeep\n|\n|t:|1700087439\n|switch|p2a: Greninja|Greninja, M|100\/100\n|turn|9\n|\n|t:|1700087444\n|move|p2a: Greninja|Ice Beam|p1a: Zapdos\n|-supereffective|p1a: Zapdos\n|-damage|p1a: Zapdos|38\/100\n|move|p1a: Zapdos|Defog|p2a: Greninja\n|-unboost|p2a: Greninja|evasion|1\n|-sideend|p1: YellowTreeOfSorrow|Stealth Rock|[from] move: Defog|[of] p1a: Zapdos\n|\n|upkeep\n|turn|10\n|\n|t:|1700087449\n|switch|p2a: Ogerpon|Ogerpon-Wellspring, F|100\/100\n|switch|p1a: Chansey|Chansey, F|100\/100\n|\n|upkeep\n|turn|11\n|\n|t:|1700087453\n|move|p2a: Ogerpon|Swords Dance|p2a: Ogerpon\n|-boost|p2a: Ogerpon|atk|2\n|move|p1a: Chansey|Toxic|p2a: Ogerpon\n|-status|p2a: Ogerpon|tox\n|\n|-damage|p2a: Ogerpon|94\/100 tox|[from] psn\n|upkeep\n|turn|12\n|\n|t:|1700087458\n|switch|p1a: MvP|Quagsire, M, shiny|100\/100\n|move|p2a: Ogerpon|Ivy Cudgel|p1a: MvP|[anim] Ivy Cudgel Water\n|-damage|p1a: MvP|65\/100\n|\n|-heal|p1a: MvP|72\/100|[from] item: Leftovers\n|-damage|p2a: Ogerpon|82\/100 tox|[from] psn\n|upkeep\n|turn|13\n|\n|t:|1700087468\n|move|p2a: Ogerpon|Horn Leech|p1a: MvP\n|-supereffective|p1a: MvP\n|-damage|p1a: MvP|0 fnt\n|-heal|p2a: Ogerpon|100\/100 tox|[from] drain|[of] p1a: MvP\n|faint|p1a: MvP\n|\n|-damage|p2a: Ogerpon|82\/100 tox|[from] psn\n|upkeep\n|\n|t:|1700087474\n|switch|p1a: Landorus|Landorus-Therian, M|61\/100\n|-ability|p1a: Landorus|Intimidate|boost\n|-unboost|p2a: Ogerpon|atk|1\n|turn|14\n|\n|t:|1700087479\n|switch|p1a: Chansey|Chansey, F|100\/100\n|move|p2a: Ogerpon|Ivy Cudgel|p1a: Chansey|[anim] Ivy Cudgel Water\n|-damage|p1a: Chansey|53\/100\n|\n|-damage|p2a: Ogerpon|58\/100 tox|[from] psn\n|upkeep\n|turn|15\n|\n|t:|1700087485\n|move|p2a: Ogerpon|Horn Leech|p1a: Chansey\n|-damage|p1a: Chansey|17\/100\n|-heal|p2a: Ogerpon|94\/100 tox|[from] drain|[of] p1a: Chansey\n|move|p1a: Chansey|Wish|p1a: Chansey\n|\n|-damage|p2a: Ogerpon|64\/100 tox|[from] psn\n|upkeep\n|turn|16\n|\n|t:|1700087490\n|move|p1a: Chansey|Protect|p1a: Chansey\n|-singleturn|p1a: Chansey|Protect\n|move|p2a: Ogerpon|Swords Dance|p2a: Ogerpon\n|-boost|p2a: Ogerpon|atk|2\n|\n|-heal|p1a: Chansey|67\/100|[from] move: Wish|[wisher] Chansey\n|-damage|p2a: Ogerpon|27\/100 tox|[from] psn\n|upkeep\n|turn|17\n|\n|t:|1700087499\n|switch|p1a: Dragonite|Dragonite, F|100\/100\n|move|p2a: Ogerpon|Horn Leech|p1a: Dragonite\n|-resisted|p1a: Dragonite\n|-damage|p1a: Dragonite|87\/100\n|-heal|p2a: Ogerpon|33\/100 tox|[from] drain|[of] p1a: Dragonite\n|\n|-damage|p2a: Ogerpon|0 fnt|[from] psn\n|faint|p2a: Ogerpon\n|upkeep\n|\n|t:|1700087504\n|switch|p2a: Greninja|Greninja, M|100\/100\n|turn|18\n|\n|t:|1700087512\n|switch|p1a: Chansey|Chansey, F|67\/100\n|move|p2a: Greninja|Ice Beam|p1a: Chansey\n|-damage|p1a: Chansey|58\/100\n|\n|upkeep\n|turn|19\n|\n|t:|1700087517\n|switch|p2a: Manaphy|Manaphy, shiny|100\/100\n|move|p1a: Chansey|Wish|p1a: Chansey\n|\n|upkeep\n|turn|20\n|\n|t:|1700087523\n|switch|p1a: Dragonite|Dragonite, F|87\/100\n|move|p2a: Manaphy|Acid Armor|p2a: Manaphy\n|-boost|p2a: Manaphy|def|2\n|\n|-heal|p1a: Dragonite|100\/100|[from] move: Wish|[wisher] Chansey\n|upkeep\n|turn|21\n|\n|t:|1700087532\n|switch|p1a: Chansey|Chansey, F|58\/100\n|move|p2a: Manaphy|Acid Armor|p2a: Manaphy\n|-boost|p2a: Manaphy|def|2\n|\n|upkeep\n|turn|22\n|\n|t:|1700087536\n|move|p2a: Manaphy|Take Heart|p2a: Manaphy\n|-boost|p2a: Manaphy|spa|1\n|-boost|p2a: Manaphy|spd|1\n|move|p1a: Chansey|Toxic|p2a: Manaphy\n|-status|p2a: Manaphy|tox\n|\n|-damage|p2a: Manaphy|94\/100 tox|[from] psn\n|upkeep\n|turn|23\n|\n|t:|1700087542\n|move|p2a: Manaphy|Take Heart|p2a: Manaphy\n|-boost|p2a: Manaphy|spa|1\n|-boost|p2a: Manaphy|spd|1\n|-curestatus|p2a: Manaphy|tox|[msg]\n|move|p1a: Chansey|Wish|p1a: Chansey\n|\n|-heal|p2a: Manaphy|100\/100|[from] item: Leftovers\n|upkeep\n|turn|24\n|\n|t:|1700087548\n|move|p2a: Manaphy|Acid Armor|p2a: Manaphy\n|-boost|p2a: Manaphy|def|2\n|move|p1a: Chansey|Toxic|p2a: Manaphy\n|-status|p2a: Manaphy|tox\n|\n|-heal|p1a: Chansey|100\/100|[from] move: Wish|[wisher] Chansey\n|-damage|p2a: Manaphy|94\/100 tox|[from] psn\n|upkeep\n|turn|25\n|\n|t:|1700087551\n|move|p1a: Chansey|Protect|p1a: Chansey\n|-singleturn|p1a: Chansey|Protect\n|move|p2a: Manaphy|Take Heart|p2a: Manaphy\n|-boost|p2a: Manaphy|spa|1\n|-boost|p2a: Manaphy|spd|1\n|-curestatus|p2a: Manaphy|tox|[msg]\n|\n|-heal|p2a: Manaphy|100\/100|[from] item: Leftovers\n|upkeep\n|turn|26\n|\n|t:|1700087561\n|move|p2a: Manaphy|Take Heart|p2a: Manaphy\n|-boost|p2a: Manaphy|spa|1\n|-boost|p2a: Manaphy|spd|1\n|move|p1a: Chansey|Toxic|p2a: Manaphy\n|-status|p2a: Manaphy|tox\n|\n|-damage|p2a: Manaphy|94\/100 tox|[from] psn\n|upkeep\n|turn|27\n|\n|t:|1700087566\n|switch|p1a: Zapdos|Zapdos|38\/100\n|move|p2a: Manaphy|Take Heart|p2a: Manaphy\n|-boost|p2a: Manaphy|spa|1\n|-boost|p2a: Manaphy|spd|1\n|-curestatus|p2a: Manaphy|tox|[msg]\n|\n|-heal|p2a: Manaphy|100\/100|[from] item: Leftovers\n|upkeep\n|turn|28\n|\n|t:|1700087572\n|-terastallize|p2a: Manaphy|Grass\n|move|p1a: Zapdos|Thunderbolt|p2a: Manaphy\n|-resisted|p2a: Manaphy\n|-damage|p2a: Manaphy|95\/100\n|-status|p2a: Manaphy|par\n|move|p2a: Manaphy|Stored Power|p1a: Zapdos\n|-damage|p1a: Zapdos|0 fnt\n|faint|p1a: Zapdos\n|\n|-heal|p2a: Manaphy|100\/100 par|[from] item: Leftovers\n|upkeep\n|\n|t:|1700087582\n|switch|p1a: Gardevoir|Gardevoir, F, shiny|100\/100\n|-ability|p1a: Gardevoir|Hydration|[from] ability: Trace|[of] p2a: Manaphy\n|turn|29\n|\n|t:|1700087584\n|move|p1a: Gardevoir|Mystical Fire|p2a: Manaphy\n|-supereffective|p2a: Manaphy\n|-damage|p2a: Manaphy|88\/100 par\n|-unboost|p2a: Manaphy|spa|1\n|move|p2a: Manaphy|Take Heart|p2a: Manaphy\n|-boost|p2a: Manaphy|spa|1\n|-boost|p2a: Manaphy|spd|1\n|-curestatus|p2a: Manaphy|par|[msg]\n|\n|-heal|p2a: Manaphy|94\/100|[from] item: Leftovers\n|upkeep\n|turn|30\n|\n|t:|1700087591\n|move|p1a: Gardevoir|Mystical Fire|p2a: Manaphy\n|-supereffective|p2a: Manaphy\n|-damage|p2a: Manaphy|82\/100\n|-unboost|p2a: Manaphy|spa|1\n|move|p2a: Manaphy|Surf|p1a: Gardevoir\n|-damage|p1a: Gardevoir|0 fnt\n|faint|p1a: Gardevoir\n|\n|-heal|p2a: Manaphy|88\/100|[from] item: Leftovers\n|upkeep\n|\n|t:|1700087598\n|switch|p1a: Landorus|Landorus-Therian, M|61\/100\n|-ability|p1a: Landorus|Intimidate|boost\n|-unboost|p2a: Manaphy|atk|1\n|turn|31\n|\n|t:|1700087602\n|move|p1a: Landorus|Knock Off|p2a: Manaphy\n|-damage|p2a: Manaphy|80\/100\n|-enditem|p2a: Manaphy|Leftovers|[from] move: Knock Off|[of] p1a: Landorus\n|move|p2a: Manaphy|Stored Power|p1a: Landorus\n|-damage|p1a: Landorus|0 fnt\n|faint|p1a: Landorus\n|\n|upkeep\n|\n|t:|1700087608\n|switch|p1a: Dragonite|Dragonite, F|100\/100\n|turn|32\n|\n|t:|1700087613\n|move|p1a: Dragonite|Dragon Dance|p1a: Dragonite\n|-boost|p1a: Dragonite|atk|1\n|-boost|p1a: Dragonite|spe|1\n|move|p2a: Manaphy|Stored Power|p1a: Dragonite\n|-damage|p1a: Dragonite|0 fnt\n|faint|p1a: Dragonite\n|\n|upkeep\n|\n|t:|1700087618\n|switch|p1a: Chansey|Chansey, F|100\/100\n|turn|33\n|-message|YellowTreeOfSorrow forfeited.\n|\n|win|CF. Xynix\n|raw|YellowTreeOfSorrow's rating: 1426 &rarr; <strong>1403<\/strong><br \/>(-23 for losing)\n|raw|CF. Xynix's rating: 1366 &rarr; <strong>1389<\/strong><br \/>(+23 for winning)\n|l|\u2606YellowTreeOfSorrow\n","uploadtime":1700087643,"views":15,"p1id":"yellowtreeofsorrow","p2id":"cfxynix","formatid":"gen9nationaldex","rating":1389,"private":0,"password":""}