{"id":"gen9nationaldex-1990490906","p1":"Lunchables kit","p2":"erdengbingwsh","format":"[Gen 9] National Dex","log":"|j|\u2606Lunchables kit\n|j|\u2606erdengbingwsh\n|t:|1699975734\n|gametype|singles\n|player|p1|Lunchables kit|pokemonranger-gen4|1386\n|player|p2|erdengbingwsh|rosa|1478\n|teamsize|p1|6\n|teamsize|p2|6\n|gen|9\n|tier|[Gen 9] National Dex\n|rated|\n|rule|HP Percentage Mod: HP is shown in percentages\n|rule|Endless Battle Clause: Forcing endless battles is banned\n|rule|OHKO Clause: OHKO moves are banned\n|rule|Evasion Clause: Evasion abilities, items, and moves are banned\n|rule|Evasion Abilities Clause: Evasion abilities are banned\n|rule|Evasion Items Clause: Evasion items are banned\n|rule|Evasion Moves Clause: Evasion moves are banned\n|rule|Species Clause: Limit one of each Pok\u00e9mon\n|rule|Sleep Clause Mod: Limit one foe put to sleep\n|clearpoke\n|poke|p1|Pawmot, F|\n|poke|p1|Gliscor, M|\n|poke|p1|Clefable, M|\n|poke|p1|Scizor, F|\n|poke|p1|Moltres|\n|poke|p1|Serperior, F|\n|poke|p2|Ting-Lu|\n|poke|p2|Gliscor, F|\n|poke|p2|Clodsire, M|\n|poke|p2|Scizor, F|\n|poke|p2|Iron Valiant|\n|poke|p2|Ceruledge, F|\n|teampreview\n|inactive|Battle timer is ON: inactive players will automatically lose when time's up. (requested by erdengbingwsh)\n|\n|t:|1699975758\n|start\n|switch|p1a: Scizor|Scizor, F|100\/100\n|switch|p2a: Ceruledge|Ceruledge, F|100\/100\n|turn|1\n|\n|t:|1699975762\n|detailschange|p1a: Scizor|Scizor-Mega, F\n|-mega|p1a: Scizor|Scizor|Scizorite\n|move|p2a: Ceruledge|Swords Dance|p2a: Ceruledge\n|-boost|p2a: Ceruledge|atk|2\n|move|p1a: Scizor|Knock Off|p2a: Ceruledge\n|-supereffective|p2a: Ceruledge\n|-enditem|p2a: Ceruledge|Focus Sash\n|-damage|p2a: Ceruledge|1\/100\n|-ability|p2a: Ceruledge|Weak Armor|boost\n|-unboost|p2a: Ceruledge|def|1\n|-boost|p2a: Ceruledge|spe|2\n|\n|upkeep\n|turn|2\n|\n|t:|1699975781\n|switch|p2a: Scizor|Scizor, F, shiny|100\/100\n|move|p1a: Scizor|Bullet Punch|p2a: Scizor\n|-resisted|p2a: Scizor\n|-damage|p2a: Scizor|88\/100\n|\n|upkeep\n|turn|3\n|\n|t:|1699975787\n|detailschange|p2a: Scizor|Scizor-Mega, F, shiny\n|-mega|p2a: Scizor|Scizor|Scizorite\n|move|p2a: Scizor|Knock Off|p1a: Scizor\n|-damage|p1a: Scizor|85\/100\n|move|p1a: Scizor|U-turn|p2a: Scizor\n|-resisted|p2a: Scizor\n|-damage|p2a: Scizor|74\/100\n|\n|t:|1699975790\n|switch|p1a: Moltres|Moltres|100\/100|[from] U-turn\n|\n|upkeep\n|turn|4\n|\n|t:|1699975796\n|switch|p2a: Ting-Lu|Ting-Lu|100\/100\n|-ability|p2a: Ting-Lu|Vessel of Ruin\n|move|p1a: Moltres|Scorching Sands|p2a: Ting-Lu\n|-damage|p2a: Ting-Lu|92\/100\n|\n|-heal|p2a: Ting-Lu|99\/100|[from] item: Leftovers\n|upkeep\n|turn|5\n|\n|t:|1699975805\n|switch|p1a: Scizor|Scizor-Mega, F|85\/100\n|move|p2a: Ting-Lu|Stealth Rock|p1a: Scizor\n|-sidestart|p1: Lunchables kit|move: Stealth Rock\n|\n|-heal|p2a: Ting-Lu|100\/100|[from] item: Leftovers\n|upkeep\n|turn|6\n|\n|t:|1699975812\n|move|p1a: Scizor|Knock Off|p2a: Ting-Lu\n|-resisted|p2a: Ting-Lu\n|-damage|p2a: Ting-Lu|90\/100\n|-enditem|p2a: Ting-Lu|Leftovers|[from] move: Knock Off|[of] p1a: Scizor\n|move|p2a: Ting-Lu|Whirlwind|p1a: Scizor\n|drag|p1a: Serperior|Serperior, F|100\/100\n|-damage|p1a: Serperior|88\/100|[from] Stealth Rock\n|\n|-heal|p1a: Serperior|94\/100|[from] item: Leftovers\n|upkeep\n|turn|7\n|\n|t:|1699975818\n|switch|p2a: Clodsire|Clodsire, M|100\/100\n|move|p1a: Serperior|Giga Drain|p2a: Clodsire\n|-damage|p2a: Clodsire|87\/100\n|-heal|p1a: Serperior|100\/100|[from] drain|[of] p2a: Clodsire\n|\n|upkeep\n|turn|8\n|\n|t:|1699975829\n|switch|p1a: Scizor|Scizor-Mega, F|85\/100\n|-damage|p1a: Scizor|72\/100|[from] Stealth Rock\n|move|p2a: Clodsire|Earthquake|p1a: Scizor\n|-damage|p1a: Scizor|53\/100\n|\n|upkeep\n|turn|9\n|\n|t:|1699975848\n|switch|p2a: Gliscor|Gliscor, F|100\/100\n|move|p1a: Scizor|Roost|p1a: Scizor\n|-heal|p1a: Scizor|100\/100\n|-singleturn|p1a: Scizor|move: Roost\n|\n|-status|p2a: Gliscor|tox|[from] item: Toxic Orb\n|upkeep\n|turn|10\n|\n|t:|1699975851\n|move|p2a: Gliscor|Earthquake|p1a: Scizor\n|-damage|p1a: Scizor|78\/100\n|move|p1a: Scizor|Knock Off|p2a: Gliscor\n|-damage|p2a: Gliscor|76\/100 tox\n|-enditem|p2a: Gliscor|Toxic Orb|[from] move: Knock Off|[of] p1a: Scizor\n|\n|-heal|p2a: Gliscor|89\/100 tox|[from] ability: Poison Heal\n|upkeep\n|turn|11\n|\n|t:|1699975859\n|move|p2a: Gliscor|Earthquake|p1a: Scizor\n|-damage|p1a: Scizor|51\/100\n|move|p1a: Scizor|U-turn|p2a: Gliscor\n|-resisted|p2a: Gliscor\n|-damage|p2a: Gliscor|75\/100 tox\n|\n|t:|1699975863\n|switch|p1a: Moltres|Moltres|100\/100|[from] U-turn\n|\n|-heal|p2a: Gliscor|88\/100 tox|[from] ability: Poison Heal\n|upkeep\n|turn|12\n|\n|t:|1699975867\n|move|p1a: Moltres|Defog|p2a: Gliscor\n|-unboost|p2a: Gliscor|evasion|1\n|-sideend|p1: Lunchables kit|Stealth Rock|[from] move: Defog|[of] p1a: Moltres\n|move|p2a: Gliscor|Toxic|p1a: Moltres\n|-status|p1a: Moltres|tox\n|\n|-damage|p1a: Moltres|94\/100 tox|[from] psn\n|-heal|p2a: Gliscor|99\/100 tox|[from] ability: Poison Heal\n|upkeep\n|turn|13\n|\n|t:|1699975872\n|switch|p1a: Gliscor|Gliscor, M|100\/100\n|move|p2a: Gliscor|Earthquake|p1a: Gliscor\n|-immune|p1a: Gliscor\n|\n|-heal|p2a: Gliscor|100\/100 tox|[from] ability: Poison Heal\n|-status|p1a: Gliscor|tox|[from] item: Toxic Orb\n|upkeep\n|turn|14\n|\n|t:|1699975879\n|switch|p2a: Ceruledge|Ceruledge, F|1\/100\n|move|p1a: Gliscor|Spikes|p2a: Ceruledge\n|-sidestart|p2: erdengbingwsh|Spikes\n|\n|upkeep\n|turn|15\n|\n|t:|1699975884\n|move|p2a: Ceruledge|Poltergeist|p1a: Gliscor\n|-activate|p1a: Gliscor|move: Poltergeist|Toxic Orb\n|-damage|p1a: Gliscor|54\/100 tox\n|move|p1a: Gliscor|Earthquake|p2a: Ceruledge\n|-supereffective|p2a: Ceruledge\n|-damage|p2a: Ceruledge|0 fnt\n|faint|p2a: Ceruledge\n|\n|-heal|p1a: Gliscor|66\/100 tox|[from] ability: Poison Heal\n|upkeep\n|\n|t:|1699975896\n|switch|p2a: Iron Valiant|Iron Valiant|100\/100\n|-damage|p2a: Iron Valiant|88\/100|[from] Spikes\n|turn|16\n|\n|t:|1699975900\n|switch|p1a: Clefable|Clefable, M|100\/100\n|move|p2a: Iron Valiant|Moonblast|p1a: Clefable\n|-damage|p1a: Clefable|46\/100\n|-damage|p2a: Iron Valiant|78\/100|[from] item: Life Orb\n|\n|-heal|p1a: Clefable|52\/100|[from] item: Leftovers\n|upkeep\n|turn|17\n|\n|t:|1699975906\n|move|p1a: Clefable|Protect|p1a: Clefable\n|-singleturn|p1a: Clefable|Protect\n|move|p2a: Iron Valiant|Moonblast|p1a: Clefable\n|-activate|p1a: Clefable|move: Protect\n|\n|-heal|p1a: Clefable|58\/100|[from] item: Leftovers\n|upkeep\n|turn|18\n|\n|t:|1699975913\n|move|p2a: Iron Valiant|Encore|p1a: Clefable\n|-start|p1a: Clefable|Encore\n|move|p1a: Clefable|Protect||[still]\n|-fail|p1a: Clefable\n|\n|-heal|p1a: Clefable|64\/100|[from] item: Leftovers\n|upkeep\n|turn|19\n|\n|t:|1699975922\n|switch|p1a: Moltres|Moltres|94\/100 tox\n|move|p2a: Iron Valiant|Moonblast|p1a: Moltres\n|-resisted|p1a: Moltres\n|-damage|p1a: Moltres|61\/100 tox\n|-damage|p2a: Iron Valiant|69\/100|[from] item: Life Orb\n|\n|-damage|p1a: Moltres|54\/100 tox|[from] psn\n|upkeep\n|turn|20\n|\n|t:|1699975926\n|move|p2a: Iron Valiant|Psyshock|p1a: Moltres\n|-damage|p1a: Moltres|20\/100 tox\n|-damage|p2a: Iron Valiant|59\/100|[from] item: Life Orb\n|move|p1a: Moltres|Roost|p1a: Moltres\n|-heal|p1a: Moltres|70\/100 tox\n|-singleturn|p1a: Moltres|move: Roost\n|\n|-damage|p1a: Moltres|58\/100 tox|[from] psn\n|upkeep\n|turn|21\n|\n|t:|1699975930\n|-end|p2a: Iron Valiant|Quark Drive|[silent]\n|switch|p2a: Clodsire|Clodsire, M|87\/100\n|move|p1a: Moltres|Flamethrower|p2a: Clodsire\n|-crit|p2a: Clodsire\n|-damage|p2a: Clodsire|57\/100\n|\n|-damage|p1a: Moltres|39\/100 tox|[from] psn\n|upkeep\n|turn|22\n|\n|t:|1699975933\n|move|p1a: Moltres|Scorching Sands|p2a: Clodsire\n|-supereffective|p2a: Clodsire\n|-damage|p2a: Clodsire|35\/100\n|move|p2a: Clodsire|Toxic|p1a: Moltres\n|-fail|p1a: Moltres|tox\n|\n|-damage|p1a: Moltres|14\/100 tox|[from] psn\n|upkeep\n|turn|23\n|\n|t:|1699975938\n|move|p1a: Moltres|Roost|p1a: Moltres\n|-heal|p1a: Moltres|64\/100 tox\n|-singleturn|p1a: Moltres|move: Roost\n|move|p2a: Clodsire|Recover|p2a: Clodsire\n|-heal|p2a: Clodsire|85\/100\n|\n|-damage|p1a: Moltres|33\/100 tox|[from] psn\n|upkeep\n|turn|24\n|\n|t:|1699975942\n|switch|p1a: Clefable|Clefable, M|64\/100\n|move|p2a: Clodsire|Earthquake|p1a: Clefable\n|-damage|p1a: Clefable|44\/100\n|\n|-heal|p1a: Clefable|50\/100|[from] item: Leftovers\n|upkeep\n|turn|25\n|\n|t:|1699975945\n|move|p1a: Clefable|Wish|p1a: Clefable\n|move|p2a: Clodsire|Poison Jab|p1a: Clefable\n|-supereffective|p1a: Clefable\n|-damage|p1a: Clefable|18\/100\n|\n|-heal|p1a: Clefable|24\/100|[from] item: Leftovers\n|upkeep\n|turn|26\n|\n|t:|1699975951\n|move|p1a: Clefable|Aromatherapy|p1a: Clefable\n|-activate|p1a: Clefable|move: Aromatherapy\n|-curestatus|p1: Moltres|tox|[msg]\n|-curestatus|p1: Gliscor|tox|[msg]\n|move|p2a: Clodsire|Earthquake|p1a: Clefable\n|-damage|p1a: Clefable|3\/100\n|\n|-heal|p1a: Clefable|53\/100|[from] move: Wish|[wisher] Clefable\n|-heal|p1a: Clefable|59\/100|[from] item: Leftovers\n|upkeep\n|turn|27\n|\n|t:|1699975960\n|switch|p1a: Scizor|Scizor-Mega, F|51\/100\n|move|p2a: Clodsire|Toxic|p1a: Scizor\n|-immune|p1a: Scizor\n|\n|upkeep\n|turn|28\n|\n|t:|1699975965\n|switch|p2a: Gliscor|Gliscor, F|100\/100 tox\n|move|p1a: Scizor|Roost|p1a: Scizor\n|-heal|p1a: Scizor|100\/100\n|-singleturn|p1a: Scizor|move: Roost\n|\n|upkeep\n|turn|29\n|\n|t:|1699975968\n|move|p2a: Gliscor|Defog|p1a: Scizor\n|-unboost|p1a: Scizor|evasion|1\n|-sideend|p2: erdengbingwsh|Spikes|[from] move: Defog|[of] p2a: Gliscor\n|move|p1a: Scizor|U-turn|p2a: Gliscor\n|-resisted|p2a: Gliscor\n|-damage|p2a: Gliscor|88\/100 tox\n|\n|t:|1699975984\n|switch|p1a: Pawmot|Pawmot, F|100\/100|[from] U-turn\n|\n|-heal|p2a: Gliscor|99\/100 tox|[from] ability: Poison Heal\n|upkeep\n|turn|30\n|\n|t:|1699975991\n|move|p1a: Pawmot|Ice Punch|p2a: Gliscor\n|-supereffective|p2a: Gliscor\n|-damage|p2a: Gliscor|12\/100 tox\n|-damage|p1a: Pawmot|91\/100|[from] item: Life Orb\n|move|p2a: Gliscor|Earthquake|p1a: Pawmot\n|-supereffective|p1a: Pawmot\n|-damage|p1a: Pawmot|0 fnt\n|faint|p1a: Pawmot\n|\n|-heal|p2a: Gliscor|25\/100 tox|[from] ability: Poison Heal\n|upkeep\n|\n|t:|1699976004\n|switch|p1a: Scizor|Scizor-Mega, F|100\/100\n|turn|31\n|\n|t:|1699976010\n|move|p1a: Scizor|Bullet Punch|p2a: Gliscor\n|-damage|p2a: Gliscor|1\/100 tox\n|move|p2a: Gliscor|Roost|p2a: Gliscor\n|-heal|p2a: Gliscor|51\/100 tox\n|-singleturn|p2a: Gliscor|move: Roost\n|\n|-heal|p2a: Gliscor|63\/100 tox|[from] ability: Poison Heal\n|upkeep\n|turn|32\n|\n|t:|1699976017\n|move|p2a: Gliscor|Roost|p2a: Gliscor\n|-heal|p2a: Gliscor|100\/100 tox\n|-singleturn|p2a: Gliscor|move: Roost\n|move|p1a: Scizor|U-turn|p2a: Gliscor\n|-damage|p2a: Gliscor|74\/100 tox\n|\n|t:|1699976019\n|switch|p1a: Moltres|Moltres|33\/100|[from] U-turn\n|\n|-heal|p2a: Gliscor|87\/100 tox|[from] ability: Poison Heal\n|upkeep\n|turn|33\n|\n|t:|1699976022\n|move|p1a: Moltres|Roost|p1a: Moltres\n|-heal|p1a: Moltres|83\/100\n|-singleturn|p1a: Moltres|move: Roost\n|move|p2a: Gliscor|Toxic|p1a: Moltres\n|-status|p1a: Moltres|tox\n|\n|-damage|p1a: Moltres|77\/100 tox|[from] psn\n|-heal|p2a: Gliscor|99\/100 tox|[from] ability: Poison Heal\n|upkeep\n|turn|34\n|\n|t:|1699976029\n|switch|p1a: Clefable|Clefable, M|59\/100\n|move|p2a: Gliscor|Earthquake|p1a: Clefable\n|-damage|p1a: Clefable|34\/100\n|\n|-heal|p1a: Clefable|40\/100|[from] item: Leftovers\n|-heal|p2a: Gliscor|100\/100 tox|[from] ability: Poison Heal\n|upkeep\n|turn|35\n|\n|t:|1699976032\n|move|p2a: Gliscor|Toxic|p1a: Clefable\n|-status|p1a: Clefable|tox\n|move|p1a: Clefable|Wish|p1a: Clefable\n|\n|-heal|p1a: Clefable|46\/100 tox|[from] item: Leftovers\n|-damage|p1a: Clefable|40\/100 tox|[from] psn\n|upkeep\n|turn|36\n|\n|t:|1699976042\n|move|p2a: Gliscor|Earthquake|p1a: Clefable\n|-damage|p1a: Clefable|14\/100 tox\n|move|p1a: Clefable|Aromatherapy|p1a: Clefable\n|-activate|p1a: Clefable|move: Aromatherapy\n|-curestatus|p1a: Clefable|tox|[msg]\n|-curestatus|p1: Moltres|tox|[msg]\n|\n|-heal|p1a: Clefable|64\/100|[from] move: Wish|[wisher] Clefable\n|-heal|p1a: Clefable|70\/100|[from] item: Leftovers\n|upkeep\n|turn|37\n|\n|t:|1699976056\n|switch|p1a: Scizor|Scizor-Mega, F|100\/100\n|move|p2a: Gliscor|Toxic|p1a: Scizor\n|-immune|p1a: Scizor\n|\n|upkeep\n|turn|38\n|\n|t:|1699976078\n|switch|p2a: Ting-Lu|Ting-Lu|90\/100\n|-ability|p2a: Ting-Lu|Vessel of Ruin\n|move|p1a: Scizor|U-turn|p2a: Ting-Lu\n|-supereffective|p2a: Ting-Lu\n|-damage|p2a: Ting-Lu|41\/100\n|\n|t:|1699976088\n|switch|p1a: Serperior|Serperior, F|100\/100|[from] U-turn\n|\n|upkeep\n|turn|39\n|\n|t:|1699976093\n|move|p1a: Serperior|Substitute|p1a: Serperior\n|-start|p1a: Serperior|Substitute\n|-damage|p1a: Serperior|76\/100\n|move|p2a: Ting-Lu|Whirlwind|p1a: Serperior\n|drag|p1a: Gliscor|Gliscor, M|66\/100\n|\n|-status|p1a: Gliscor|tox|[from] item: Toxic Orb\n|upkeep\n|turn|40\n|\n|t:|1699976098\n|move|p1a: Gliscor|Toxic|p2a: Ting-Lu\n|-status|p2a: Ting-Lu|tox\n|move|p2a: Ting-Lu|Stealth Rock|p1a: Gliscor\n|-sidestart|p1: Lunchables kit|move: Stealth Rock\n|\n|-heal|p1a: Gliscor|79\/100 tox|[from] ability: Poison Heal\n|-damage|p2a: Ting-Lu|35\/100 tox|[from] psn\n|upkeep\n|turn|41\n|\n|t:|1699976103\n|move|p1a: Gliscor|Spikes|p2a: Ting-Lu\n|-sidestart|p2: erdengbingwsh|Spikes\n|move|p2a: Ting-Lu|Spikes|p1a: Gliscor\n|-sidestart|p1: Lunchables kit|Spikes\n|\n|-heal|p1a: Gliscor|91\/100 tox|[from] ability: Poison Heal\n|-damage|p2a: Ting-Lu|23\/100 tox|[from] psn\n|upkeep\n|turn|42\n|\n|t:|1699976106\n|move|p1a: Gliscor|Spikes|p2a: Ting-Lu\n|-sidestart|p2: erdengbingwsh|Spikes\n|move|p2a: Ting-Lu|Spikes|p1a: Gliscor\n|-sidestart|p1: Lunchables kit|Spikes\n|\n|-heal|p1a: Gliscor|100\/100 tox|[from] ability: Poison Heal\n|-damage|p2a: Ting-Lu|5\/100 tox|[from] psn\n|upkeep\n|turn|43\n|\n|t:|1699976109\n|move|p1a: Gliscor|Spikes|p2a: Ting-Lu\n|-sidestart|p2: erdengbingwsh|Spikes\n|move|p2a: Ting-Lu|Whirlwind|p1a: Gliscor\n|drag|p1a: Moltres|Moltres|77\/100\n|\n|-damage|p2a: Ting-Lu|0 fnt|[from] psn\n|faint|p2a: Ting-Lu\n|upkeep\n|\n|t:|1699976118\n|switch|p2a: Gliscor|Gliscor, F|100\/100 tox\n|turn|44\n|\n|t:|1699976122\n|move|p1a: Moltres|Flamethrower|p2a: Gliscor\n|-damage|p2a: Gliscor|52\/100 tox\n|move|p2a: Gliscor|Toxic|p1a: Moltres\n|-status|p1a: Moltres|tox\n|\n|-damage|p1a: Moltres|70\/100 tox|[from] psn\n|-heal|p2a: Gliscor|64\/100 tox|[from] ability: Poison Heal\n|upkeep\n|turn|45\n|\n|t:|1699976137\n|switch|p1a: Serperior|Serperior, F|76\/100\n|-damage|p1a: Serperior|63\/100|[from] Stealth Rock\n|-damage|p1a: Serperior|47\/100|[from] Spikes\n|move|p2a: Gliscor|Earthquake|p1a: Serperior\n|-resisted|p1a: Serperior\n|-damage|p1a: Serperior|27\/100\n|\n|-heal|p1a: Serperior|34\/100|[from] item: Leftovers\n|-heal|p2a: Gliscor|77\/100 tox|[from] ability: Poison Heal\n|upkeep\n|turn|46\n|\n|t:|1699976144\n|move|p1a: Serperior|Substitute|p1a: Serperior\n|-start|p1a: Serperior|Substitute\n|-damage|p1a: Serperior|9\/100\n|move|p2a: Gliscor|Toxic||[still]\n|-fail|p2a: Gliscor\n|\n|-heal|p1a: Serperior|15\/100|[from] item: Leftovers\n|-heal|p2a: Gliscor|89\/100 tox|[from] ability: Poison Heal\n|upkeep\n|turn|47\n|\n|t:|1699976150\n|move|p1a: Serperior|Leaf Storm|p2a: Gliscor|[miss]\n|-miss|p1a: Serperior|p2a: Gliscor\n|move|p2a: Gliscor|Earthquake|p1a: Serperior\n|-resisted|p1a: Serperior\n|-activate|p1a: Serperior|move: Substitute|[damage]\n|\n|-heal|p1a: Serperior|21\/100|[from] item: Leftovers\n|-heal|p2a: Gliscor|100\/100 tox|[from] ability: Poison Heal\n|upkeep\n|turn|48\n|\n|t:|1699976152\n|move|p1a: Serperior|Giga Drain|p2a: Gliscor\n|-damage|p2a: Gliscor|69\/100 tox\n|-heal|p1a: Serperior|40\/100|[from] drain|[of] p2a: Gliscor\n|move|p2a: Gliscor|Earthquake|p1a: Serperior\n|-resisted|p1a: Serperior\n|-end|p1a: Serperior|Substitute\n|\n|-heal|p1a: Serperior|46\/100|[from] item: Leftovers\n|-heal|p2a: Gliscor|82\/100 tox|[from] ability: Poison Heal\n|upkeep\n|turn|49\n|\n|t:|1699976156\n|move|p1a: Serperior|Substitute|p1a: Serperior\n|-start|p1a: Serperior|Substitute\n|-damage|p1a: Serperior|21\/100\n|move|p2a: Gliscor|Earthquake|p1a: Serperior\n|-resisted|p1a: Serperior\n|-activate|p1a: Serperior|move: Substitute|[damage]\n|\n|-heal|p1a: Serperior|27\/100|[from] item: Leftovers\n|-heal|p2a: Gliscor|94\/100 tox|[from] ability: Poison Heal\n|upkeep\n|turn|50\n|\n|t:|1699976160\n|move|p1a: Serperior|Giga Drain|p2a: Gliscor\n|-damage|p2a: Gliscor|65\/100 tox\n|-heal|p1a: Serperior|44\/100|[from] drain|[of] p2a: Gliscor\n|move|p2a: Gliscor|Earthquake|p1a: Serperior\n|-resisted|p1a: Serperior\n|-end|p1a: Serperior|Substitute\n|\n|-heal|p1a: Serperior|50\/100|[from] item: Leftovers\n|-heal|p2a: Gliscor|78\/100 tox|[from] ability: Poison Heal\n|upkeep\n|turn|51\n|\n|t:|1699976165\n|move|p1a: Serperior|Substitute|p1a: Serperior\n|-start|p1a: Serperior|Substitute\n|-damage|p1a: Serperior|25\/100\n|move|p2a: Gliscor|Earthquake|p1a: Serperior\n|-resisted|p1a: Serperior\n|-activate|p1a: Serperior|move: Substitute|[damage]\n|\n|-heal|p1a: Serperior|31\/100|[from] item: Leftovers\n|-heal|p2a: Gliscor|90\/100 tox|[from] ability: Poison Heal\n|upkeep\n|turn|52\n|\n|t:|1699976169\n|move|p1a: Serperior|Giga Drain|p2a: Gliscor\n|-damage|p2a: Gliscor|58\/100 tox\n|-heal|p1a: Serperior|50\/100|[from] drain|[of] p2a: Gliscor\n|move|p2a: Gliscor|Earthquake|p1a: Serperior\n|-resisted|p1a: Serperior\n|-end|p1a: Serperior|Substitute\n|\n|-heal|p1a: Serperior|57\/100|[from] item: Leftovers\n|-heal|p2a: Gliscor|70\/100 tox|[from] ability: Poison Heal\n|upkeep\n|turn|53\n|\n|t:|1699976173\n|switch|p2a: Clodsire|Clodsire, M|85\/100\n|move|p1a: Serperior|Substitute|p1a: Serperior\n|-start|p1a: Serperior|Substitute\n|-damage|p1a: Serperior|32\/100\n|\n|-heal|p1a: Serperior|38\/100|[from] item: Leftovers\n|upkeep\n|turn|54\n|\n|t:|1699976178\n|move|p1a: Serperior|Giga Drain|p2a: Clodsire\n|-damage|p2a: Clodsire|71\/100\n|-heal|p1a: Serperior|49\/100|[from] drain|[of] p2a: Clodsire\n|move|p2a: Clodsire|Poison Jab|p1a: Serperior\n|-supereffective|p1a: Serperior\n|-end|p1a: Serperior|Substitute\n|\n|-heal|p1a: Serperior|55\/100|[from] item: Leftovers\n|upkeep\n|turn|55\n|\n|t:|1699976182\n|switch|p1a: Scizor|Scizor-Mega, F|100\/100\n|-damage|p1a: Scizor|88\/100|[from] Stealth Rock\n|-damage|p1a: Scizor|71\/100|[from] Spikes\n|move|p2a: Clodsire|Poison Jab|p1a: Scizor\n|-immune|p1a: Scizor\n|\n|upkeep\n|turn|56\n|\n|t:|1699976186\n|move|p1a: Scizor|Knock Off|p2a: Clodsire\n|-damage|p2a: Clodsire|22\/100\n|-enditem|p2a: Clodsire|Heavy-Duty Boots|[from] move: Knock Off|[of] p1a: Scizor\n|move|p2a: Clodsire|Recover|p2a: Clodsire\n|-heal|p2a: Clodsire|72\/100\n|\n|upkeep\n|turn|57\n|\n|t:|1699976191\n|switch|p2a: Gliscor|Gliscor, F|70\/100 tox\n|move|p1a: Scizor|Bullet Punch|p2a: Gliscor\n|-damage|p2a: Gliscor|47\/100 tox\n|\n|-heal|p2a: Gliscor|60\/100 tox|[from] ability: Poison Heal\n|upkeep\n|turn|58\n|\n|t:|1699976196\n|switch|p1a: Serperior|Serperior, F|55\/100\n|-damage|p1a: Serperior|43\/100|[from] Stealth Rock\n|-damage|p1a: Serperior|26\/100|[from] Spikes\n|move|p2a: Gliscor|Defog|p1a: Serperior\n|-boost|p1a: Serperior|evasion|1\n|-sideend|p1: Lunchables kit|Spikes|[from] move: Defog|[of] p2a: Gliscor\n|-sideend|p1: Lunchables kit|Stealth Rock|[from] move: Defog|[of] p2a: Gliscor\n|-sideend|p2: erdengbingwsh|Spikes|[from] move: Defog|[of] p2a: Gliscor\n|\n|-heal|p1a: Serperior|33\/100|[from] item: Leftovers\n|-heal|p2a: Gliscor|72\/100 tox|[from] ability: Poison Heal\n|upkeep\n|turn|59\n|\n|t:|1699976205\n|switch|p2a: Scizor|Scizor-Mega, F, shiny|74\/100\n|move|p1a: Serperior|Substitute|p1a: Serperior\n|-start|p1a: Serperior|Substitute\n|-damage|p1a: Serperior|8\/100\n|\n|-heal|p1a: Serperior|14\/100|[from] item: Leftovers\n|upkeep\n|turn|60\n|\n|t:|1699976216\n|-terastallize|p1a: Serperior|Fire\n|move|p1a: Serperior|Hidden Power|p2a: Scizor\n|-supereffective|p2a: Scizor\n|-damage|p2a: Scizor|0 fnt\n|faint|p2a: Scizor\n|\n|-heal|p1a: Serperior|20\/100|[from] item: Leftovers\n|upkeep\n|\n|t:|1699976221\n|switch|p2a: Clodsire|Clodsire, M|72\/100\n|turn|61\n|\n|t:|1699976225\n|move|p1a: Serperior|Leaf Storm|p2a: Clodsire\n|-damage|p2a: Clodsire|46\/100\n|-boost|p1a: Serperior|spa|2\n|move|p2a: Clodsire|Earthquake|p1a: Serperior\n|-supereffective|p1a: Serperior\n|-end|p1a: Serperior|Substitute\n|\n|-heal|p1a: Serperior|26\/100|[from] item: Leftovers\n|upkeep\n|turn|62\n|\n|t:|1699976233\n|switch|p1a: Moltres|Moltres|70\/100 tox\n|move|p2a: Clodsire|Earthquake|p1a: Moltres\n|-immune|p1a: Moltres\n|\n|-damage|p1a: Moltres|64\/100 tox|[from] psn\n|upkeep\n|turn|63\n|\n|t:|1699976242\n|switch|p1a: Clefable|Clefable, M|70\/100\n|move|p2a: Clodsire|Recover|p2a: Clodsire\n|-heal|p2a: Clodsire|96\/100\n|\n|-heal|p1a: Clefable|76\/100|[from] item: Leftovers\n|upkeep\n|turn|64\n|\n|t:|1699976245\n|move|p1a: Clefable|Wish|p1a: Clefable\n|move|p2a: Clodsire|Toxic|p1a: Clefable\n|-status|p1a: Clefable|tox\n|\n|-heal|p1a: Clefable|82\/100 tox|[from] item: Leftovers\n|-damage|p1a: Clefable|76\/100 tox|[from] psn\n|upkeep\n|turn|65\n|\n|t:|1699976248\n|move|p1a: Clefable|Aromatherapy|p1a: Clefable\n|-activate|p1a: Clefable|move: Aromatherapy\n|-curestatus|p1a: Clefable|tox|[msg]\n|-curestatus|p1: Moltres|tox|[msg]\n|-curestatus|p1: Gliscor|tox|[msg]\n|move|p2a: Clodsire|Poison Jab|p1a: Clefable\n|-supereffective|p1a: Clefable\n|-damage|p1a: Clefable|43\/100\n|\n|-heal|p1a: Clefable|93\/100|[from] move: Wish|[wisher] Clefable\n|-heal|p1a: Clefable|99\/100|[from] item: Leftovers\n|upkeep\n|turn|66\n|\n|t:|1699976251\n|move|p1a: Clefable|Wish|p1a: Clefable\n|move|p2a: Clodsire|Poison Jab|p1a: Clefable\n|-supereffective|p1a: Clefable\n|-damage|p1a: Clefable|65\/100\n|-status|p1a: Clefable|psn\n|\n|-heal|p1a: Clefable|71\/100 psn|[from] item: Leftovers\n|-damage|p1a: Clefable|59\/100 psn|[from] psn\n|upkeep\n|turn|67\n|\n|t:|1699976255\n|switch|p1a: Serperior|Serperior, F, tera:Fire|26\/100\n|move|p2a: Clodsire|Poison Jab|p1a: Serperior\n|-damage|p1a: Serperior|2\/100\n|\n|-heal|p1a: Serperior|66\/100|[from] move: Wish|[wisher] Clefable\n|-heal|p1a: Serperior|73\/100|[from] item: Leftovers\n|upkeep\n|turn|68\n|\n|t:|1699976259\n|switch|p1a: Gliscor|Gliscor, M|100\/100\n|move|p2a: Clodsire|Earthquake|p1a: Gliscor\n|-immune|p1a: Gliscor\n|\n|-status|p1a: Gliscor|tox|[from] item: Toxic Orb\n|upkeep\n|turn|69\n|\n|t:|1699976264\n|switch|p2a: Gliscor|Gliscor, F|72\/100 tox\n|move|p1a: Gliscor|Earthquake|p2a: Gliscor\n|-immune|p2a: Gliscor\n|\n|-heal|p2a: Gliscor|84\/100 tox|[from] ability: Poison Heal\n|upkeep\n|turn|70\n|\n|t:|1699976270\n|switch|p2a: Iron Valiant|Iron Valiant|59\/100\n|move|p1a: Gliscor|Spikes|p2a: Iron Valiant\n|-sidestart|p2: erdengbingwsh|Spikes\n|\n|upkeep\n|turn|71\n|\n|t:|1699976273\n|move|p2a: Iron Valiant|Encore|p1a: Gliscor\n|-start|p1a: Gliscor|Encore\n|move|p1a: Gliscor|Spikes|p2a: Iron Valiant\n|-sidestart|p2: erdengbingwsh|Spikes\n|\n|upkeep\n|turn|72\n|\n|t:|1699976275\n|move|p2a: Iron Valiant|Moonblast|p1a: Gliscor\n|-damage|p1a: Gliscor|47\/100 tox\n|-unboost|p1a: Gliscor|spa|1\n|-damage|p2a: Iron Valiant|49\/100|[from] item: Life Orb\n|move|p1a: Gliscor|Spikes|p2a: Iron Valiant\n|-sidestart|p2: erdengbingwsh|Spikes\n|\n|-heal|p1a: Gliscor|60\/100 tox|[from] ability: Poison Heal\n|upkeep\n|turn|73\n|\n|t:|1699976279\n|switch|p1a: Moltres|Moltres|64\/100\n|move|p2a: Iron Valiant|Moonblast|p1a: Moltres\n|-resisted|p1a: Moltres\n|-damage|p1a: Moltres|35\/100\n|-damage|p2a: Iron Valiant|40\/100|[from] item: Life Orb\n|\n|upkeep\n|turn|74\n|\n|t:|1699976282\n|move|p2a: Iron Valiant|Psyshock|p1a: Moltres\n|-damage|p1a: Moltres|0 fnt\n|faint|p1a: Moltres\n|-damage|p2a: Iron Valiant|30\/100|[from] item: Life Orb\n|\n|upkeep\n|\n|t:|1699976287\n|switch|p1a: Scizor|Scizor-Mega, F|71\/100\n|turn|75\n|\n|t:|1699976292\n|move|p1a: Scizor|Bullet Punch|p2a: Iron Valiant\n|-supereffective|p2a: Iron Valiant\n|-damage|p2a: Iron Valiant|0 fnt\n|faint|p2a: Iron Valiant\n|-end|p2a: Iron Valiant|Quark Drive|[silent]\n|\n|upkeep\n|\n|t:|1699976296\n|switch|p2a: Gliscor|Gliscor, F|84\/100 tox\n|turn|76\n|\n|t:|1699976298\n|move|p2a: Gliscor|Defog|p1a: Scizor\n|-unboost|p1a: Scizor|evasion|1\n|-sideend|p2: erdengbingwsh|Spikes|[from] move: Defog|[of] p2a: Gliscor\n|move|p1a: Scizor|U-turn|p2a: Gliscor\n|-resisted|p2a: Gliscor\n|-damage|p2a: Gliscor|71\/100 tox\n|\n|t:|1699976300\n|switch|p1a: Serperior|Serperior, F, tera:Fire|73\/100|[from] U-turn\n|\n|-heal|p1a: Serperior|79\/100|[from] item: Leftovers\n|-heal|p2a: Gliscor|83\/100 tox|[from] ability: Poison Heal\n|upkeep\n|turn|77\n|\n|t:|1699976305\n|switch|p1a: Gliscor|Gliscor, M|60\/100 tox\n|move|p2a: Gliscor|Earthquake|p1a: Gliscor\n|-immune|p1a: Gliscor\n|\n|-heal|p2a: Gliscor|95\/100 tox|[from] ability: Poison Heal\n|-heal|p1a: Gliscor|72\/100 tox|[from] ability: Poison Heal\n|upkeep\n|turn|78\n|\n|t:|1699976311\n|move|p2a: Gliscor|Toxic|p1a: Gliscor\n|-fail|p1a: Gliscor|tox\n|move|p1a: Gliscor|Spikes|p2a: Gliscor\n|-sidestart|p2: erdengbingwsh|Spikes\n|\n|-heal|p2a: Gliscor|100\/100 tox|[from] ability: Poison Heal\n|-heal|p1a: Gliscor|85\/100 tox|[from] ability: Poison Heal\n|upkeep\n|turn|79\n|\n|t:|1699976322\n|move|p2a: Gliscor|Defog|p1a: Gliscor\n|-unboost|p1a: Gliscor|evasion|1\n|-sideend|p2: erdengbingwsh|Spikes|[from] move: Defog|[of] p2a: Gliscor\n|move|p1a: Gliscor|Spikes|p2a: Gliscor\n|-sidestart|p2: erdengbingwsh|Spikes\n|\n|-heal|p1a: Gliscor|97\/100 tox|[from] ability: Poison Heal\n|upkeep\n|turn|80\n|\n|t:|1699976326\n|switch|p1a: Clefable|Clefable, M|59\/100 psn\n|move|p2a: Gliscor|Defog|p1a: Clefable\n|-unboost|p1a: Clefable|evasion|1\n|-sideend|p2: erdengbingwsh|Spikes|[from] move: Defog|[of] p2a: Gliscor\n|\n|-heal|p1a: Clefable|65\/100 psn|[from] item: Leftovers\n|-damage|p1a: Clefable|52\/100 psn|[from] psn\n|upkeep\n|turn|81\n|-message|erdengbingwsh forfeited.\n|\n|win|Lunchables kit\n|raw|Lunchables kit's rating: 1386 &rarr; <strong>1411<\/strong><br \/>(+25 for winning)\n|raw|erdengbingwsh's rating: 1478 &rarr; <strong>1453<\/strong><br \/>(-25 for losing)\n|l|\u2606erdengbingwsh\n","uploadtime":1699976332,"views":9,"p1id":"lunchableskit","p2id":"erdengbingwsh","formatid":"gen9nationaldex","rating":1411,"private":0,"password":""}