{"id":"gen9nationaldex-1987174171","p1":"TrojantheTank","p2":"stormflypirateskin","format":"[Gen 9] National Dex","log":"|j|\u2606TrojantheTank\n|j|\u2606stormflypirateskin\n|t:|1699562320\n|gametype|singles\n|player|p1|TrojantheTank|linebacker|\n|player|p2|stormflypirateskin|skierf|\n|teamsize|p1|6\n|teamsize|p2|6\n|gen|9\n|tier|[Gen 9] National Dex\n|rule|HP Percentage Mod: HP is shown in percentages\n|rule|Endless Battle Clause: Forcing endless battles is banned\n|rule|OHKO Clause: OHKO moves are banned\n|rule|Evasion Clause: Evasion abilities, items, and moves are banned\n|rule|Evasion Abilities Clause: Evasion abilities are banned\n|rule|Evasion Items Clause: Evasion items are banned\n|rule|Evasion Moves Clause: Evasion moves are banned\n|rule|Species Clause: Limit one of each Pok\u00e9mon\n|rule|Sleep Clause Mod: Limit one foe put to sleep\n|clearpoke\n|poke|p1|Aggron, M|\n|poke|p1|Kommo-o, M|\n|poke|p1|Iron Jugulis|\n|poke|p1|Scizor, M|\n|poke|p1|Haxorus, M|\n|poke|p1|Golisopod, M|\n|poke|p2|Charizard, M|\n|poke|p2|Salamence, M|\n|poke|p2|Tyranitar, M|\n|poke|p2|Marowak, F|\n|poke|p2|Aerodactyl, M|\n|poke|p2|Dragonite, M|\n|teampreview\n|c|\u2606TrojantheTank|Do not question the dragon types\n|c|\u2606stormflypirateskin|No worries!\n|c|\u2606stormflypirateskin|Great team!\n|c|\u2606TrojantheTank|Oh wait\n|c|\u2606TrojantheTank|you got multiple too based\n|c|\u2606TrojantheTank|You got a nice team too\n|\n|t:|1699562354\n|start\n|switch|p1a: Goliath|Aggron, M|100\/100\n|switch|p2a: \u0395\u03c5\u03c4\u03cd\u03c7\u03b9\u03bf\u03c2|Aerodactyl, M|100\/100\n|-ability|p2a: \u0395\u03c5\u03c4\u03cd\u03c7\u03b9\u03bf\u03c2|Unnerve\n|turn|1\n|c|\u2606stormflypirateskin|Thank you\n|\n|t:|1699562369\n|move|p2a: \u0395\u03c5\u03c4\u03cd\u03c7\u03b9\u03bf\u03c2|Stealth Rock|p1a: Goliath\n|-sidestart|p1: TrojantheTank|move: Stealth Rock\n|move|p1a: Goliath|Curse|p1a: Goliath\n|-unboost|p1a: Goliath|spe|1\n|-boost|p1a: Goliath|atk|1\n|-boost|p1a: Goliath|def|1\n|\n|upkeep\n|turn|2\n|\n|t:|1699562379\n|switch|p2a: \u039c\u03b1\u03c7\u03ae\u03c4\u03c1\u03b9\u03b1|Marowak, F|100\/100\n|move|p1a: Goliath|Heavy Slam|p2a: \u039c\u03b1\u03c7\u03ae\u03c4\u03c1\u03b9\u03b1\n|-damage|p2a: \u039c\u03b1\u03c7\u03ae\u03c4\u03c1\u03b9\u03b1|22\/100\n|\n|upkeep\n|turn|3\n|\n|t:|1699562391\n|move|p2a: \u039c\u03b1\u03c7\u03ae\u03c4\u03c1\u03b9\u03b1|Bonemerang|p1a: Goliath\n|-supereffective|p1a: Goliath\n|-damage|p1a: Goliath|33\/100\n|-supereffective|p1a: Goliath\n|-damage|p1a: Goliath|0 fnt\n|faint|p1a: Goliath\n|-hitcount|p1: Goliath|2\n|\n|upkeep\n|\n|t:|1699562403\n|switch|p1a: Smackaroo|Golisopod, M, shiny|100\/100\n|-damage|p1a: Smackaroo|76\/100|[from] Stealth Rock\n|turn|4\n|c|\u2606stormflypirateskin|SWEATING\n|c|\u2606stormflypirateskin|CRYING ANDBANDB\n|\n|t:|1699562416\n|move|p1a: Smackaroo|First Impression|p2a: \u039c\u03b1\u03c7\u03ae\u03c4\u03c1\u03b9\u03b1\n|-damage|p2a: \u039c\u03b1\u03c7\u03ae\u03c4\u03c1\u03b9\u03b1|0 fnt\n|faint|p2a: \u039c\u03b1\u03c7\u03ae\u03c4\u03c1\u03b9\u03b1\n|\n|upkeep\n|\n|t:|1699562429\n|switch|p2a: \u0388\u03be\u03b1\u03c8\u03b7|Salamence, M|100\/100\n|turn|5\n|\n|t:|1699562442\n|move|p2a: \u0388\u03be\u03b1\u03c8\u03b7|Dual Wingbeat|p1a: Smackaroo\n|-supereffective|p1a: Smackaroo\n|-damage|p1a: Smackaroo|39\/100\n|-supereffective|p1a: Smackaroo\n|-damage|p1a: Smackaroo|3\/100\n|-hitcount|p1a: Smackaroo|2\n|-activate|p1a: Smackaroo|ability: Emergency Exit\n|\n|t:|1699562456\n|switch|p1a: Axe|Haxorus, M, shiny|100\/100\n|-damage|p1a: Axe|88\/100|[from] Stealth Rock\n|-ability|p1a: Axe|Mold Breaker\n|\n|upkeep\n|turn|6\n|\n|t:|1699562475\n|move|p2a: \u0388\u03be\u03b1\u03c8\u03b7|Dragon Claw|p1a: Axe\n|-supereffective|p1a: Axe\n|-damage|p1a: Axe|0 fnt\n|faint|p1a: Axe\n|-ability|p2a: \u0388\u03be\u03b1\u03c8\u03b7|Moxie|boost\n|-boost|p2a: \u0388\u03be\u03b1\u03c8\u03b7|atk|1\n|\n|upkeep\n|\n|t:|1699562491\n|switch|p1a: Mecha King Ghidora|Iron Jugulis|100\/100\n|-damage|p1a: Mecha King Ghidora|76\/100|[from] Stealth Rock\n|-enditem|p1a: Mecha King Ghidora|Booster Energy\n|-activate|p1a: Mecha King Ghidora|ability: Quark Drive|[fromitem]\n|-start|p1a: Mecha King Ghidora|quarkdrivespe\n|turn|7\n|\n|t:|1699562510\n|move|p1a: Mecha King Ghidora|Dark Pulse|p2a: \u0388\u03be\u03b1\u03c8\u03b7\n|-damage|p2a: \u0388\u03be\u03b1\u03c8\u03b7|52\/100\n|move|p2a: \u0388\u03be\u03b1\u03c8\u03b7|Dragon Claw|p1a: Mecha King Ghidora\n|-damage|p1a: Mecha King Ghidora|0 fnt\n|faint|p1a: Mecha King Ghidora\n|-end|p1a: Mecha King Ghidora|Quark Drive|[silent]\n|-ability|p2a: \u0388\u03be\u03b1\u03c8\u03b7|Moxie|boost\n|-boost|p2a: \u0388\u03be\u03b1\u03c8\u03b7|atk|1\n|\n|upkeep\n|c|\u2606TrojantheTank|I did not imagine gettign swept in the third game but here we are\n|\n|t:|1699562537\n|switch|p1a: Smackaroo|Golisopod, M, shiny|3\/100\n|-damage|p1a: Smackaroo|0 fnt|[from] Stealth Rock\n|faint|p1a: Smackaroo\n|\n|t:|1699562544\n|switch|p1a: Chainsaw|Scizor, M|100\/100\n|-damage|p1a: Chainsaw|88\/100|[from] Stealth Rock\n|turn|8\n|c|\u2606TrojantheTank|before you ask\n|c|\u2606stormflypirateskin|SMDBAHDHA\n|c|\u2606TrojantheTank|I was expecting it to happen in the first one\n|c|\u2606stormflypirateskin|Ohhh, you mean main teams and all?\n|\n|t:|1699562571\n|detailschange|p1a: Chainsaw|Scizor-Mega, M\n|-mega|p1a: Chainsaw|Scizor|Scizorite\n|move|p1a: Chainsaw|Bullet Punch|p2a: \u0388\u03be\u03b1\u03c8\u03b7\n|-damage|p2a: \u0388\u03be\u03b1\u03c8\u03b7|16\/100\n|move|p2a: \u0388\u03be\u03b1\u03c8\u03b7|Earthquake|p1a: Chainsaw\n|-damage|p1a: Chainsaw|44\/100\n|\n|upkeep\n|turn|9\n|\n|t:|1699562581\n|move|p1a: Chainsaw|Bullet Punch|p2a: \u0388\u03be\u03b1\u03c8\u03b7\n|-damage|p2a: \u0388\u03be\u03b1\u03c8\u03b7|0 fnt\n|faint|p2a: \u0388\u03be\u03b1\u03c8\u03b7\n|\n|upkeep\n|\n|t:|1699562586\n|switch|p2a: \u0391\u03b3\u03ac\u03c0\u03b9\u03bf\u03c2|Charizard, M|100\/100\n|turn|10\n|\n|t:|1699562592\n|detailschange|p2a: \u0391\u03b3\u03ac\u03c0\u03b9\u03bf\u03c2|Charizard-Mega-Y, M\n|-mega|p2a: \u0391\u03b3\u03ac\u03c0\u03b9\u03bf\u03c2|Charizard|Charizardite Y\n|-weather|SunnyDay|[from] ability: Drought|[of] p2a: \u0391\u03b3\u03ac\u03c0\u03b9\u03bf\u03c2\n|move|p2a: \u0391\u03b3\u03ac\u03c0\u03b9\u03bf\u03c2|Flamethrower|p1a: Chainsaw\n|-supereffective|p1a: Chainsaw\n|-damage|p1a: Chainsaw|0 fnt\n|faint|p1a: Chainsaw\n|\n|-weather|SunnyDay|[upkeep]\n|upkeep\n|\n|t:|1699562601\n|switch|p1a: Scales|Kommo-o, M|100\/100\n|-damage|p1a: Scales|94\/100|[from] Stealth Rock\n|turn|11\n|\n|t:|1699562609\n|move|p2a: \u0391\u03b3\u03ac\u03c0\u03b9\u03bf\u03c2|Air Slash|p1a: Scales\n|-supereffective|p1a: Scales\n|-damage|p1a: Scales|0 fnt\n|faint|p1a: Scales\n|\n|win|stormflypirateskin\n|c|\u2606TrojantheTank|GG\n|c|\u2606stormflypirateskin|Gg\n|l|\u2606TrojantheTank\n|c|\u2606stormflypirateskin|You have a good team!!\n","uploadtime":1699562629,"views":5,"p1id":"trojanthetank","p2id":"stormflypirateskin","formatid":"gen9nationaldex","rating":0,"private":0,"password":""}