{"id":"gen9nationaldex-1999901346","p1":"jkljlkh","p2":"nnnbit7","format":"[Gen 9] National Dex","log":"|html|<div class=\"broadcast-blue\"><strong>[Gen 9] National Dex is currently suspecting Sneasler! For information on how to participate check out the <a href=\"https:\/\/www.smogon.com\/forums\/threads\/sv-national-dex-suspect-8-just-dance.3731534\/\">suspect thread<\/a>.<\/strong><\/div>\n|j|\u2606jkljlkh\n|j|\u2606nnnbit7\n|t:|1701128027\n|gametype|singles\n|player|p1|jkljlkh|cyrus|1893\n|player|p2|nnnbit7|n|1747\n|teamsize|p1|6\n|teamsize|p2|6\n|gen|9\n|tier|[Gen 9] National Dex\n|rated|\n|rule|HP Percentage Mod: HP is shown in percentages\n|rule|Endless Battle Clause: Forcing endless battles is banned\n|rule|OHKO Clause: OHKO moves are banned\n|rule|Evasion Clause: Evasion abilities, items, and moves are banned\n|rule|Evasion Abilities Clause: Evasion abilities are banned\n|rule|Evasion Items Clause: Evasion items are banned\n|rule|Evasion Moves Clause: Evasion moves are banned\n|rule|Species Clause: Limit one of each Pok\u00e9mon\n|rule|Sleep Clause Mod: Limit one foe put to sleep\n|clearpoke\n|poke|p1|Toxapex, F|\n|poke|p1|Dondozo, F|\n|poke|p1|Gliscor, M|\n|poke|p1|Blissey, F|\n|poke|p1|Corviknight, F|\n|poke|p1|Tyranitar, M|\n|poke|p2|Iron Valiant|\n|poke|p2|Slowbro, F|\n|poke|p2|Garchomp, M|\n|poke|p2|Scizor, F|\n|poke|p2|Gliscor, M|\n|poke|p2|Garganacl, F|\n|teampreview\n|\n|t:|1701128050\n|start\n|switch|p1a: hi22|Gliscor, M|100\/100\n|switch|p2a: Iron Valiant|Iron Valiant|100\/100\n|turn|1\n|\n|t:|1701128053\n|move|p1a: hi22|Protect|p1a: hi22\n|-singleturn|p1a: hi22|Protect\n|move|p2a: Iron Valiant|Ice Punch|p1a: hi22\n|-activate|p1a: hi22|move: Protect\n|\n|-status|p1a: hi22|tox|[from] item: Toxic Orb\n|upkeep\n|turn|2\n|\n|t:|1701128056\n|-end|p2a: Iron Valiant|Quark Drive|[silent]\n|switch|p2a: Slowbro|Slowbro, F|100\/100\n|switch|p1a: hi|Toxapex, F|100\/100\n|\n|upkeep\n|turn|3\n|\n|t:|1701128059\n|move|p1a: hi|Toxic|p2a: Slowbro\n|-status|p2a: Slowbro|tox\n|move|p2a: Slowbro|Future Sight|p1a: hi\n|-start|p2a: Slowbro|move: Future Sight\n|\n|-damage|p2a: Slowbro|94\/100 tox|[from] psn\n|upkeep\n|turn|4\n|\n|t:|1701128062\n|move|p1a: hi|Knock Off|p2a: Slowbro\n|-supereffective|p2a: Slowbro\n|-damage|p2a: Slowbro|77\/100 tox\n|-enditem|p2a: Slowbro|Heavy-Duty Boots|[from] move: Knock Off|[of] p1a: hi\n|move|p2a: Slowbro|Teleport|p2a: Slowbro\n|\n|t:|1701128065\n|switch|p2a: Garchomp|Garchomp, M|100\/100|[from] Teleport\n|\n|upkeep\n|turn|5\n|\n|t:|1701128068\n|-terastallize|p1a: hi|Psychic\n|move|p2a: Garchomp|Stealth Rock|p1a: hi\n|-sidestart|p1: jkljlkh|move: Stealth Rock\n|move|p1a: hi|Toxic|p2a: Garchomp\n|-status|p2a: Garchomp|tox\n|\n|-end|p1a: hi|move: Future Sight\n|-resisted|p1a: hi\n|-damage|p1a: hi|84\/100\n|-damage|p2a: Garchomp|94\/100 tox|[from] psn\n|upkeep\n|turn|6\n|\n|t:|1701128075\n|switch|p2a: Garganacl|Garganacl, F|100\/100\n|switch|p1a: hi22|Gliscor, M|100\/100 tox\n|-damage|p1a: hi22|88\/100 tox|[from] Stealth Rock\n|\n|-heal|p1a: hi22|100\/100 tox|[from] ability: Poison Heal\n|upkeep\n|turn|7\n|\n|t:|1701128079\n|move|p1a: hi22|Protect|p1a: hi22\n|-singleturn|p1a: hi22|Protect\n|move|p2a: Garganacl|Salt Cure|p1a: hi22\n|-activate|p1a: hi22|move: Protect\n|\n|upkeep\n|turn|8\n|\n|t:|1701128083\n|switch|p1a: hi|Toxapex, F, tera:Psychic|100\/100\n|switch|p2a: Scizor|Scizor, F|100\/100\n|\n|upkeep\n|turn|9\n|\n|t:|1701128086\n|detailschange|p2a: Scizor|Scizor-Mega, F\n|-mega|p2a: Scizor|Scizor|Scizorite\n|move|p1a: hi|Baneful Bunker|p1a: hi\n|-singleturn|p1a: hi|move: Protect\n|move|p2a: Scizor|U-turn|p1a: hi\n|-activate|p1a: hi|move: Protect\n|\n|upkeep\n|turn|10\n|\n|t:|1701128089\n|switch|p1a: corvifaifjlkdsfj|Corviknight, F|100\/100\n|-damage|p1a: corvifaifjlkdsfj|88\/100|[from] Stealth Rock\n|-ability|p1a: corvifaifjlkdsfj|Pressure\n|move|p2a: Scizor|U-turn|p1a: corvifaifjlkdsfj\n|-resisted|p1a: corvifaifjlkdsfj\n|-damage|p1a: corvifaifjlkdsfj|81\/100\n|\n|t:|1701128093\n|switch|p2a: Garganacl|Garganacl, F|100\/100|[from] U-turn\n|\n|-heal|p1a: corvifaifjlkdsfj|87\/100|[from] item: Leftovers\n|upkeep\n|turn|11\n|\n|t:|1701128095\n|move|p1a: corvifaifjlkdsfj|Protect|p1a: corvifaifjlkdsfj\n|-singleturn|p1a: corvifaifjlkdsfj|Protect\n|move|p2a: Garganacl|Salt Cure|p1a: corvifaifjlkdsfj\n|-activate|p1a: corvifaifjlkdsfj|move: Protect\n|\n|-heal|p1a: corvifaifjlkdsfj|93\/100|[from] item: Leftovers\n|upkeep\n|turn|12\n|\n|t:|1701128097\n|move|p1a: corvifaifjlkdsfj|Defog|p2a: Garganacl\n|-unboost|p2a: Garganacl|evasion|1\n|-sideend|p1: jkljlkh|Stealth Rock|[from] move: Defog|[of] p1a: corvifaifjlkdsfj\n|move|p2a: Garganacl|Salt Cure|p1a: corvifaifjlkdsfj\n|-damage|p1a: corvifaifjlkdsfj|82\/100\n|-start|p1a: corvifaifjlkdsfj|Salt Cure\n|\n|-heal|p1a: corvifaifjlkdsfj|88\/100|[from] item: Leftovers\n|-damage|p1a: corvifaifjlkdsfj|63\/100|[from] Salt Cure\n|upkeep\n|turn|13\n|\n|t:|1701128113\n|switch|p1a: hi22|Gliscor, M|100\/100 tox\n|move|p2a: Garganacl|Salt Cure|p1a: hi22\n|-damage|p1a: hi22|91\/100 tox\n|-start|p1a: hi22|Salt Cure\n|\n|-heal|p1a: hi22|100\/100 tox|[from] ability: Poison Heal\n|-damage|p1a: hi22|88\/100 tox|[from] Salt Cure\n|upkeep\n|turn|14\n|\n|t:|1701128120\n|switch|p2a: Gliscor|Gliscor, M|100\/100\n|move|p1a: hi22|Spikes|p2a: Gliscor\n|-sidestart|p2: nnnbit7|Spikes\n|\n|-heal|p1a: hi22|100\/100 tox|[from] ability: Poison Heal\n|-damage|p1a: hi22|88\/100 tox|[from] Salt Cure\n|-status|p2a: Gliscor|tox|[from] item: Toxic Orb\n|upkeep\n|turn|15\n|\n|t:|1701128126\n|switch|p1a: corvifaifjlkdsfj|Corviknight, F|63\/100\n|-ability|p1a: corvifaifjlkdsfj|Pressure\n|move|p2a: Gliscor|Toxic|p1a: corvifaifjlkdsfj\n|-immune|p1a: corvifaifjlkdsfj\n|\n|-heal|p1a: corvifaifjlkdsfj|69\/100|[from] item: Leftovers\n|upkeep\n|turn|16\n|\n|t:|1701128128\n|move|p1a: corvifaifjlkdsfj|Protect|p1a: corvifaifjlkdsfj\n|-singleturn|p1a: corvifaifjlkdsfj|Protect\n|move|p2a: Gliscor|Defog|p1a: corvifaifjlkdsfj\n|-activate|p1a: corvifaifjlkdsfj|move: Protect\n|\n|-heal|p1a: corvifaifjlkdsfj|76\/100|[from] item: Leftovers\n|upkeep\n|turn|17\n|\n|t:|1701128132\n|move|p2a: Gliscor|Defog|p1a: corvifaifjlkdsfj\n|-unboost|p1a: corvifaifjlkdsfj|evasion|1\n|-sideend|p2: nnnbit7|Spikes|[from] move: Defog|[of] p2a: Gliscor\n|move|p1a: corvifaifjlkdsfj|Iron Head|p2a: Gliscor\n|-damage|p2a: Gliscor|83\/100 tox\n|\n|-heal|p1a: corvifaifjlkdsfj|82\/100|[from] item: Leftovers\n|-heal|p2a: Gliscor|96\/100 tox|[from] ability: Poison Heal\n|upkeep\n|turn|18\n|\n|t:|1701128139\n|switch|p2a: Slowbro|Slowbro, F|100\/100 tox\n|switch|p1a: hi22|Gliscor, M|88\/100 tox\n|\n|-heal|p1a: hi22|100\/100 tox|[from] ability: Poison Heal\n|-damage|p2a: Slowbro|94\/100 tox|[from] psn\n|upkeep\n|turn|19\n|\n|t:|1701128143\n|move|p1a: hi22|Spikes|p2a: Slowbro\n|-sidestart|p2: nnnbit7|Spikes\n|move|p2a: Slowbro|Scald|p1a: hi22\n|-supereffective|p1a: hi22\n|-damage|p1a: hi22|42\/100 tox\n|\n|-heal|p1a: hi22|55\/100 tox|[from] ability: Poison Heal\n|-damage|p2a: Slowbro|82\/100 tox|[from] psn\n|upkeep\n|turn|20\n|\n|t:|1701128145\n|move|p1a: hi22|Protect|p1a: hi22\n|-singleturn|p1a: hi22|Protect\n|move|p2a: Slowbro|Future Sight|p1a: hi22\n|-start|p2a: Slowbro|move: Future Sight\n|\n|-heal|p1a: hi22|67\/100 tox|[from] ability: Poison Heal\n|-damage|p2a: Slowbro|64\/100 tox|[from] psn\n|upkeep\n|turn|21\n|\n|t:|1701128148\n|switch|p1a: hi|Toxapex, F, tera:Psychic|100\/100\n|move|p2a: Slowbro|Scald|p1a: hi\n|-damage|p1a: hi|79\/100\n|\n|-damage|p2a: Slowbro|40\/100 tox|[from] psn\n|upkeep\n|turn|22\n|\n|t:|1701128154\n|switch|p2a: Gliscor|Gliscor, M|96\/100 tox\n|move|p1a: hi|Knock Off|p2a: Gliscor\n|-damage|p2a: Gliscor|85\/100 tox\n|-enditem|p2a: Gliscor|Toxic Orb|[from] move: Knock Off|[of] p1a: hi\n|\n|-end|p1a: hi|move: Future Sight\n|-resisted|p1a: hi\n|-damage|p1a: hi|65\/100\n|-heal|p2a: Gliscor|97\/100 tox|[from] ability: Poison Heal\n|upkeep\n|turn|23\n|\n|t:|1701128158\n|switch|p1a: corvifaifjlkdsfj|Corviknight, F|82\/100\n|-ability|p1a: corvifaifjlkdsfj|Pressure\n|move|p2a: Gliscor|Toxic|p1a: corvifaifjlkdsfj\n|-immune|p1a: corvifaifjlkdsfj\n|\n|-heal|p1a: corvifaifjlkdsfj|88\/100|[from] item: Leftovers\n|-heal|p2a: Gliscor|100\/100 tox|[from] ability: Poison Heal\n|upkeep\n|turn|24\n|\n|t:|1701128161\n|move|p1a: corvifaifjlkdsfj|Protect|p1a: corvifaifjlkdsfj\n|-singleturn|p1a: corvifaifjlkdsfj|Protect\n|move|p2a: Gliscor|Toxic|p1a: corvifaifjlkdsfj\n|-activate|p1a: corvifaifjlkdsfj|move: Protect\n|\n|-heal|p1a: corvifaifjlkdsfj|94\/100|[from] item: Leftovers\n|upkeep\n|turn|25\n|\n|t:|1701128164\n|move|p2a: Gliscor|Defog|p1a: corvifaifjlkdsfj\n|-unboost|p1a: corvifaifjlkdsfj|evasion|1\n|-sideend|p2: nnnbit7|Spikes|[from] move: Defog|[of] p2a: Gliscor\n|move|p1a: corvifaifjlkdsfj|Iron Head|p2a: Gliscor\n|-damage|p2a: Gliscor|83\/100 tox\n|\n|-heal|p1a: corvifaifjlkdsfj|100\/100|[from] item: Leftovers\n|-heal|p2a: Gliscor|95\/100 tox|[from] ability: Poison Heal\n|upkeep\n|turn|26\n|\n|t:|1701128167\n|switch|p2a: Slowbro|Slowbro, F|73\/100 tox\n|switch|p1a: hi22|Gliscor, M|67\/100 tox\n|\n|-heal|p1a: hi22|80\/100 tox|[from] ability: Poison Heal\n|-damage|p2a: Slowbro|67\/100 tox|[from] psn\n|upkeep\n|turn|27\n|\n|t:|1701128170\n|switch|p1a: hi|Toxapex, F, tera:Psychic|98\/100\n|move|p2a: Slowbro|Scald|p1a: hi\n|-damage|p1a: hi|76\/100\n|\n|-damage|p2a: Slowbro|55\/100 tox|[from] psn\n|upkeep\n|turn|28\n|\n|t:|1701128176\n|switch|p1a: hi22|Gliscor, M|80\/100 tox\n|switch|p2a: Gliscor|Gliscor, M|95\/100 tox\n|\n|-heal|p1a: hi22|92\/100 tox|[from] ability: Poison Heal\n|-heal|p2a: Gliscor|100\/100 tox|[from] ability: Poison Heal\n|upkeep\n|turn|29\n|j| yuzhibo\n|\n|t:|1701128182\n|switch|p2a: Slowbro|Slowbro, F|88\/100 tox\n|move|p1a: hi22|Spikes|p2a: Slowbro\n|-sidestart|p2: nnnbit7|Spikes\n|\n|-heal|p1a: hi22|100\/100 tox|[from] ability: Poison Heal\n|-damage|p2a: Slowbro|82\/100 tox|[from] psn\n|upkeep\n|turn|30\n|\n|t:|1701128185\n|switch|p1a: hi6|Tyranitar, M|100\/100\n|-weather|Sandstorm|[from] ability: Sand Stream|[of] p1a: hi6\n|move|p2a: Slowbro|Future Sight|p1a: hi6\n|-start|p2a: Slowbro|move: Future Sight\n|\n|-weather|Sandstorm|[upkeep]\n|-damage|p2a: Slowbro|76\/100 tox|[from] Sandstorm\n|-damage|p2a: Slowbro|63\/100 tox|[from] psn\n|upkeep\n|turn|31\n|\n|t:|1701128189\n|switch|p2a: Gliscor|Gliscor, M|100\/100 tox\n|detailschange|p1a: hi6|Tyranitar-Mega, M\n|-mega|p1a: hi6|Tyranitar|Tyranitarite\n|move|p1a: hi6|Knock Off|p2a: Gliscor\n|-damage|p2a: Gliscor|74\/100 tox\n|\n|-weather|Sandstorm|[upkeep]\n|-heal|p2a: Gliscor|87\/100 tox|[from] ability: Poison Heal\n|upkeep\n|turn|32\n|\n|t:|1701128194\n|move|p2a: Gliscor|Toxic|p1a: hi6\n|-status|p1a: hi6|tox\n|move|p1a: hi6|Ice Punch|p2a: Gliscor\n|-supereffective|p2a: Gliscor\n|-damage|p2a: Gliscor|4\/100 tox\n|\n|-weather|Sandstorm|[upkeep]\n|-end|p1a: hi6|move: Future Sight\n|-immune|p1a: hi6\n|-heal|p2a: Gliscor|17\/100 tox|[from] ability: Poison Heal\n|-damage|p1a: hi6|94\/100 tox|[from] psn\n|upkeep\n|turn|33\n|\n|t:|1701128199\n|move|p2a: Gliscor|Roost|p2a: Gliscor\n|-heal|p2a: Gliscor|67\/100 tox\n|-singleturn|p2a: Gliscor|move: Roost\n|move|p1a: hi6|Pursuit|p2a: Gliscor\n|-damage|p2a: Gliscor|49\/100 tox\n|\n|-weather|Sandstorm|[upkeep]\n|-heal|p2a: Gliscor|62\/100 tox|[from] ability: Poison Heal\n|-damage|p1a: hi6|82\/100 tox|[from] psn\n|upkeep\n|turn|34\n|\n|t:|1701128206\n|move|p2a: Gliscor|Roost|p2a: Gliscor\n|-heal|p2a: Gliscor|100\/100 tox\n|-singleturn|p2a: Gliscor|move: Roost\n|move|p1a: hi6|Rest|p1a: hi6\n|-status|p1a: hi6|slp|[from] move: Rest\n|-heal|p1a: hi6|100\/100 slp|[silent]\n|\n|-weather|none\n|upkeep\n|turn|35\n|\n|t:|1701128210\n|move|p2a: Gliscor|Defog|p1a: hi6\n|-unboost|p1a: hi6|evasion|1\n|-sideend|p2: nnnbit7|Spikes|[from] move: Defog|[of] p2a: Gliscor\n|cant|p1a: hi6|slp\n|\n|upkeep\n|turn|36\n|\n|t:|1701128213\n|move|p2a: Gliscor|Earthquake|p1a: hi6\n|-supereffective|p1a: hi6\n|-damage|p1a: hi6|59\/100 slp\n|cant|p1a: hi6|slp\n|\n|upkeep\n|turn|37\n|\n|t:|1701128215\n|move|p2a: Gliscor|Earthquake|p1a: hi6\n|-supereffective|p1a: hi6\n|-damage|p1a: hi6|17\/100 slp\n|-curestatus|p1a: hi6|slp|[msg]\n|move|p1a: hi6|Rest|p1a: hi6\n|-status|p1a: hi6|slp|[from] move: Rest\n|-heal|p1a: hi6|100\/100 slp|[silent]\n|\n|upkeep\n|turn|38\n|\n|t:|1701128218\n|switch|p1a: corvifaifjlkdsfj|Corviknight, F|100\/100\n|-ability|p1a: corvifaifjlkdsfj|Pressure\n|move|p2a: Gliscor|Earthquake|p1a: corvifaifjlkdsfj\n|-immune|p1a: corvifaifjlkdsfj\n|\n|upkeep\n|turn|39\n|\n|t:|1701128222\n|switch|p2a: Slowbro|Slowbro, F|97\/100 tox\n|switch|p1a: hi22|Gliscor, M|100\/100 tox\n|\n|-damage|p2a: Slowbro|91\/100 tox|[from] psn\n|upkeep\n|turn|40\n|\n|t:|1701128224\n|move|p1a: hi22|Spikes|p2a: Slowbro\n|-sidestart|p2: nnnbit7|Spikes\n|move|p2a: Slowbro|Scald|p1a: hi22\n|-supereffective|p1a: hi22\n|-damage|p1a: hi22|34\/100 tox\n|\n|-heal|p1a: hi22|46\/100 tox|[from] ability: Poison Heal\n|-damage|p2a: Slowbro|78\/100 tox|[from] psn\n|upkeep\n|turn|41\n|\n|t:|1701128228\n|move|p1a: hi22|Protect|p1a: hi22\n|-singleturn|p1a: hi22|Protect\n|move|p2a: Slowbro|Scald|p1a: hi22\n|-activate|p1a: hi22|move: Protect\n|\n|-heal|p1a: hi22|59\/100 tox|[from] ability: Poison Heal\n|-damage|p2a: Slowbro|60\/100 tox|[from] psn\n|upkeep\n|turn|42\n|\n|t:|1701128230\n|switch|p1a: hi6|Tyranitar-Mega, M|100\/100 slp\n|-weather|Sandstorm|[from] ability: Sand Stream|[of] p1a: hi6\n|move|p2a: Slowbro|Teleport|p2a: Slowbro\n|\n|t:|1701128233\n|switch|p2a: Iron Valiant|Iron Valiant|100\/100|[from] Teleport\n|-damage|p2a: Iron Valiant|88\/100|[from] Spikes\n|\n|-weather|Sandstorm|[upkeep]\n|-damage|p2a: Iron Valiant|82\/100|[from] Sandstorm\n|upkeep\n|turn|43\n|\n|t:|1701128243\n|switch|p1a: hi|Toxapex, F, tera:Psychic|100\/100\n|move|p2a: Iron Valiant|Close Combat|p1a: hi\n|-resisted|p1a: hi\n|-damage|p1a: hi|71\/100\n|-unboost|p2a: Iron Valiant|def|1\n|-unboost|p2a: Iron Valiant|spd|1\n|\n|-weather|Sandstorm|[upkeep]\n|-damage|p2a: Iron Valiant|76\/100|[from] Sandstorm\n|-damage|p1a: hi|65\/100|[from] Sandstorm\n|upkeep\n|turn|44\n|\n|t:|1701128248\n|-end|p2a: Iron Valiant|Quark Drive|[silent]\n|switch|p2a: Gliscor|Gliscor, M|100\/100 tox\n|switch|p1a: hi22|Gliscor, M|59\/100 tox\n|\n|-weather|Sandstorm|[upkeep]\n|-heal|p1a: hi22|71\/100 tox|[from] ability: Poison Heal\n|upkeep\n|turn|45\n|\n|t:|1701128253\n|switch|p1a: corvifaifjlkdsfj|Corviknight, F|100\/100\n|-ability|p1a: corvifaifjlkdsfj|Pressure\n|move|p2a: Gliscor|Defog|p1a: corvifaifjlkdsfj\n|-unboost|p1a: corvifaifjlkdsfj|evasion|1\n|-sideend|p2: nnnbit7|Spikes|[from] move: Defog|[of] p2a: Gliscor\n|\n|-weather|Sandstorm|[upkeep]\n|upkeep\n|turn|46\n|\n|t:|1701128257\n|switch|p2a: Slowbro|Slowbro, F|93\/100 tox\n|switch|p1a: hi22|Gliscor, M|71\/100 tox\n|\n|-weather|none\n|-heal|p1a: hi22|84\/100 tox|[from] ability: Poison Heal\n|-damage|p2a: Slowbro|87\/100 tox|[from] psn\n|upkeep\n|turn|47\n|\n|t:|1701128260\n|switch|p1a: hi6|Tyranitar-Mega, M|100\/100 slp\n|-weather|Sandstorm|[from] ability: Sand Stream|[of] p1a: hi6\n|move|p2a: Slowbro|Scald|p1a: hi6\n|-supereffective|p1a: hi6\n|-damage|p1a: hi6|77\/100 slp\n|\n|-weather|Sandstorm|[upkeep]\n|-damage|p2a: Slowbro|81\/100 tox|[from] Sandstorm\n|-damage|p2a: Slowbro|69\/100 tox|[from] psn\n|upkeep\n|turn|48\n|\n|t:|1701128266\n|switch|p2a: Garchomp|Garchomp, M|94\/100 tox\n|cant|p1a: hi6|slp\n|\n|-weather|Sandstorm|[upkeep]\n|-damage|p2a: Garchomp|88\/100 tox|[from] psn\n|upkeep\n|turn|49\n|\n|t:|1701128269\n|switch|p1a: corvifaifjlkdsfj|Corviknight, F|100\/100\n|-ability|p1a: corvifaifjlkdsfj|Pressure\n|move|p2a: Garchomp|Stealth Rock|p1a: corvifaifjlkdsfj\n|-sidestart|p1: jkljlkh|move: Stealth Rock\n|\n|-weather|Sandstorm|[upkeep]\n|-damage|p2a: Garchomp|76\/100 tox|[from] psn\n|upkeep\n|turn|50\n|\n|t:|1701128274\n|switch|p2a: Slowbro|Slowbro, F|100\/100 tox\n|move|p1a: corvifaifjlkdsfj|Protect||[still]\n|-fail|p1a: corvifaifjlkdsfj\n|\n|-weather|Sandstorm|[upkeep]\n|-damage|p2a: Slowbro|94\/100 tox|[from] Sandstorm\n|-damage|p2a: Slowbro|88\/100 tox|[from] psn\n|upkeep\n|turn|51\n|\n|t:|1701128276\n|move|p1a: corvifaifjlkdsfj|Defog|p2a: Slowbro\n|-unboost|p2a: Slowbro|evasion|1\n|-sideend|p1: jkljlkh|Stealth Rock|[from] move: Defog|[of] p1a: corvifaifjlkdsfj\n|move|p2a: Slowbro|Future Sight|p1a: corvifaifjlkdsfj\n|-start|p2a: Slowbro|move: Future Sight\n|\n|-weather|none\n|-damage|p2a: Slowbro|76\/100 tox|[from] psn\n|upkeep\n|turn|52\n|\n|t:|1701128279\n|switch|p1a: hi|Toxapex, F, tera:Psychic|99\/100\n|move|p2a: Slowbro|Teleport|p2a: Slowbro\n|\n|t:|1701128283\n|switch|p2a: Scizor|Scizor-Mega, F|100\/100|[from] Teleport\n|\n|upkeep\n|turn|53\n|\n|t:|1701128285\n|move|p1a: hi|Baneful Bunker|p1a: hi\n|-singleturn|p1a: hi|move: Protect\n|move|p2a: Scizor|U-turn|p1a: hi\n|-activate|p1a: hi|move: Protect\n|\n|-end|p1a: hi|move: Future Sight\n|-resisted|p1a: hi\n|-crit|p1a: hi\n|-damage|p1a: hi|73\/100\n|upkeep\n|turn|54\n|\n|t:|1701128287\n|switch|p1a: corvifaifjlkdsfj|Corviknight, F|100\/100\n|-ability|p1a: corvifaifjlkdsfj|Pressure\n|move|p2a: Scizor|U-turn|p1a: corvifaifjlkdsfj\n|-resisted|p1a: corvifaifjlkdsfj\n|-crit|p1a: corvifaifjlkdsfj\n|-damage|p1a: corvifaifjlkdsfj|89\/100\n|\n|t:|1701128291\n|switch|p2a: Slowbro|Slowbro, F|100\/100 tox|[from] U-turn\n|\n|-heal|p1a: corvifaifjlkdsfj|95\/100|[from] item: Leftovers\n|-damage|p2a: Slowbro|94\/100 tox|[from] psn\n|upkeep\n|turn|55\n|\n|t:|1701128293\n|switch|p1a: hi6|Tyranitar-Mega, M|77\/100 slp\n|-weather|Sandstorm|[from] ability: Sand Stream|[of] p1a: hi6\n|move|p2a: Slowbro|Future Sight|p1a: hi6\n|-start|p2a: Slowbro|move: Future Sight\n|\n|-weather|Sandstorm|[upkeep]\n|-damage|p2a: Slowbro|88\/100 tox|[from] Sandstorm\n|-damage|p2a: Slowbro|76\/100 tox|[from] psn\n|upkeep\n|turn|56\n|j| NicksRokaya\n|\n|t:|1701128297\n|cant|p1a: hi6|slp\n|move|p2a: Slowbro|Teleport|p2a: Slowbro\n|\n|t:|1701128299\n|switch|p2a: Iron Valiant|Iron Valiant|76\/100|[from] Teleport\n|\n|-weather|Sandstorm|[upkeep]\n|-damage|p2a: Iron Valiant|69\/100|[from] Sandstorm\n|upkeep\n|turn|57\n|\n|t:|1701128303\n|switch|p1a: hi|Toxapex, F, tera:Psychic|100\/100\n|move|p2a: Iron Valiant|Knock Off|p1a: hi\n|-supereffective|p1a: hi\n|-damage|p1a: hi|39\/100\n|-enditem|p1a: hi|Heavy-Duty Boots|[from] move: Knock Off|[of] p2a: Iron Valiant\n|\n|-weather|Sandstorm|[upkeep]\n|-damage|p2a: Iron Valiant|63\/100|[from] Sandstorm\n|-damage|p1a: hi|33\/100|[from] Sandstorm\n|-end|p1a: hi|move: Future Sight\n|-resisted|p1a: hi\n|-damage|p1a: hi|17\/100\n|upkeep\n|turn|58\n|\n|t:|1701128311\n|-end|p2a: Iron Valiant|Quark Drive|[silent]\n|switch|p2a: Slowbro|Slowbro, F|100\/100 tox\n|switch|p1a: hi22|Gliscor, M|84\/100 tox\n|\n|-weather|Sandstorm|[upkeep]\n|-damage|p2a: Slowbro|94\/100 tox|[from] Sandstorm\n|-heal|p1a: hi22|96\/100 tox|[from] ability: Poison Heal\n|-damage|p2a: Slowbro|88\/100 tox|[from] psn\n|upkeep\n|turn|59\n|\n|t:|1701128314\n|switch|p1a: hi|Toxapex, F, tera:Psychic|51\/100\n|move|p2a: Slowbro|Scald|p1a: hi\n|-damage|p1a: hi|29\/100\n|\n|-weather|none\n|-damage|p2a: Slowbro|76\/100 tox|[from] psn\n|upkeep\n|turn|60\n|\n|t:|1701128317\n|move|p1a: hi|Recover|p1a: hi\n|-heal|p1a: hi|79\/100\n|move|p2a: Slowbro|Scald|p1a: hi\n|-damage|p1a: hi|59\/100\n|-status|p1a: hi|brn\n|\n|-damage|p2a: Slowbro|58\/100 tox|[from] psn\n|-damage|p1a: hi|53\/100 brn|[from] brn\n|upkeep\n|turn|61\n|\n|t:|1701128320\n|move|p1a: hi|Recover|p1a: hi\n|-heal|p1a: hi|100\/100 brn\n|move|p2a: Slowbro|Future Sight|p1a: hi\n|-start|p2a: Slowbro|move: Future Sight\n|\n|-damage|p2a: Slowbro|33\/100 tox|[from] psn\n|-damage|p1a: hi|95\/100 brn|[from] brn\n|upkeep\n|turn|62\n|\n|t:|1701128325\n|move|p1a: hi|Knock Off|p2a: Slowbro\n|-supereffective|p2a: Slowbro\n|-damage|p2a: Slowbro|27\/100 tox\n|move|p2a: Slowbro|Teleport|p2a: Slowbro\n|\n|t:|1701128330\n|switch|p2a: Garganacl|Garganacl, F|100\/100|[from] Teleport\n|\n|-damage|p1a: hi|89\/100 brn|[from] brn\n|upkeep\n|turn|63\n|\n|t:|1701128333\n|move|p1a: hi|Knock Off|p2a: Garganacl\n|-damage|p2a: Garganacl|96\/100\n|-enditem|p2a: Garganacl|Leftovers|[from] move: Knock Off|[of] p1a: hi\n|move|p2a: Garganacl|Salt Cure|p1a: hi\n|-damage|p1a: hi|80\/100 brn\n|-start|p1a: hi|Salt Cure\n|\n|-end|p1a: hi|move: Future Sight\n|-resisted|p1a: hi\n|-damage|p1a: hi|66\/100 brn\n|-damage|p1a: hi|60\/100 brn|[from] brn\n|-damage|p1a: hi|47\/100 brn|[from] Salt Cure\n|upkeep\n|turn|64\n|l| NicksRokaya\n|\n|t:|1701128340\n|switch|p1a: hi22|Gliscor, M|96\/100 tox\n|move|p2a: Garganacl|Body Press|p1a: hi22\n|-resisted|p1a: hi22\n|-damage|p1a: hi22|89\/100 tox\n|\n|-heal|p1a: hi22|100\/100 tox|[from] ability: Poison Heal\n|upkeep\n|turn|65\n|\n|t:|1701128345\n|switch|p2a: Slowbro|Slowbro, F|61\/100 tox\n|move|p1a: hi22|Spikes|p2a: Slowbro\n|-sidestart|p2: nnnbit7|Spikes\n|\n|-damage|p2a: Slowbro|55\/100 tox|[from] psn\n|upkeep\n|turn|66\n|\n|t:|1701128347\n|switch|p1a: hi|Toxapex, F, tera:Psychic|81\/100 brn\n|switch|p2a: Gliscor|Gliscor, M|100\/100 tox\n|\n|-damage|p1a: hi|75\/100 brn|[from] brn\n|upkeep\n|turn|67\n|\n|t:|1701128350\n|move|p1a: hi|Baneful Bunker|p1a: hi\n|-singleturn|p1a: hi|move: Protect\n|move|p2a: Gliscor|Defog|p1a: hi\n|-activate|p1a: hi|move: Protect\n|\n|-damage|p1a: hi|69\/100 brn|[from] brn\n|upkeep\n|turn|68\n|\n|t:|1701128352\n|switch|p1a: corvifaifjlkdsfj|Corviknight, F|95\/100\n|-ability|p1a: corvifaifjlkdsfj|Pressure\n|move|p2a: Gliscor|Defog|p1a: corvifaifjlkdsfj\n|-unboost|p1a: corvifaifjlkdsfj|evasion|1\n|-sideend|p2: nnnbit7|Spikes|[from] move: Defog|[of] p2a: Gliscor\n|\n|-heal|p1a: corvifaifjlkdsfj|100\/100|[from] item: Leftovers\n|upkeep\n|turn|69\n|\n|t:|1701128355\n|switch|p2a: Slowbro|Slowbro, F|88\/100 tox\n|switch|p1a: hi22|Gliscor, M|100\/100 tox\n|\n|-damage|p2a: Slowbro|82\/100 tox|[from] psn\n|upkeep\n|turn|70\n|\n|t:|1701128357\n|move|p1a: hi22|Spikes|p2a: Slowbro\n|-sidestart|p2: nnnbit7|Spikes\n|move|p2a: Slowbro|Scald|p1a: hi22\n|-supereffective|p1a: hi22\n|-damage|p1a: hi22|37\/100 tox\n|\n|-heal|p1a: hi22|50\/100 tox|[from] ability: Poison Heal\n|-damage|p2a: Slowbro|70\/100 tox|[from] psn\n|upkeep\n|turn|71\n|\n|t:|1701128360\n|move|p1a: hi22|Protect|p1a: hi22\n|-singleturn|p1a: hi22|Protect\n|move|p2a: Slowbro|Future Sight|p1a: hi22\n|-start|p2a: Slowbro|move: Future Sight\n|\n|-heal|p1a: hi22|62\/100 tox|[from] ability: Poison Heal\n|-damage|p2a: Slowbro|51\/100 tox|[from] psn\n|upkeep\n|turn|72\n|\n|t:|1701128364\n|switch|p1a: hi|Toxapex, F, tera:Psychic|100\/100 brn\n|move|p2a: Slowbro|Teleport|p2a: Slowbro\n|\n|t:|1701128369\n|switch|p2a: Gliscor|Gliscor, M|100\/100 tox|[from] Teleport\n|\n|-damage|p1a: hi|95\/100 brn|[from] brn\n|upkeep\n|turn|73\n|\n|t:|1701128372\n|switch|p2a: Garganacl|Garganacl, F|96\/100\n|-damage|p2a: Garganacl|83\/100|[from] Spikes\n|move|p1a: hi|Baneful Bunker||[still]\n|-fail|p1a: hi\n|\n|-end|p1a: hi|move: Future Sight\n|-resisted|p1a: hi\n|-damage|p1a: hi|79\/100 brn\n|-damage|p1a: hi|73\/100 brn|[from] brn\n|upkeep\n|turn|74\n|\n|t:|1701128376\n|move|p1a: hi|Baneful Bunker|p1a: hi\n|-singleturn|p1a: hi|move: Protect\n|move|p2a: Garganacl|Salt Cure|p1a: hi\n|-activate|p1a: hi|move: Protect\n|\n|-damage|p1a: hi|67\/100 brn|[from] brn\n|upkeep\n|turn|75\n|\n|t:|1701128379\n|switch|p1a: hi22|Gliscor, M|62\/100 tox\n|move|p2a: Garganacl|Salt Cure|p1a: hi22\n|-damage|p1a: hi22|53\/100 tox\n|-start|p1a: hi22|Salt Cure\n|\n|-heal|p1a: hi22|66\/100 tox|[from] ability: Poison Heal\n|-damage|p1a: hi22|53\/100 tox|[from] Salt Cure\n|upkeep\n|turn|76\n|\n|t:|1701128383\n|switch|p1a: hi|Toxapex, F, tera:Psychic|99\/100 brn\n|move|p2a: Garganacl|Iron Defense|p2a: Garganacl\n|-boost|p2a: Garganacl|def|2\n|\n|-damage|p1a: hi|94\/100 brn|[from] brn\n|upkeep\n|turn|77\n|\n|t:|1701128387\n|move|p1a: hi|Baneful Bunker|p1a: hi\n|-singleturn|p1a: hi|move: Protect\n|move|p2a: Garganacl|Salt Cure|p1a: hi\n|-activate|p1a: hi|move: Protect\n|\n|-damage|p1a: hi|88\/100 brn|[from] brn\n|upkeep\n|turn|78\n|\n|t:|1701128389\n|switch|p1a: hi22|Gliscor, M|53\/100 tox\n|move|p2a: Garganacl|Salt Cure|p1a: hi22\n|-damage|p1a: hi22|45\/100 tox\n|-start|p1a: hi22|Salt Cure\n|\n|-heal|p1a: hi22|57\/100 tox|[from] ability: Poison Heal\n|-damage|p1a: hi22|45\/100 tox|[from] Salt Cure\n|upkeep\n|turn|79\n|\n|t:|1701128395\n|move|p1a: hi22|Protect|p1a: hi22\n|-singleturn|p1a: hi22|Protect\n|move|p2a: Garganacl|Iron Defense|p2a: Garganacl\n|-boost|p2a: Garganacl|def|2\n|\n|-heal|p1a: hi22|57\/100 tox|[from] ability: Poison Heal\n|-damage|p1a: hi22|45\/100 tox|[from] Salt Cure\n|upkeep\n|turn|80\n|\n|t:|1701128397\n|switch|p1a: hi|Toxapex, F, tera:Psychic|100\/100 brn\n|move|p2a: Garganacl|Salt Cure|p1a: hi\n|-damage|p1a: hi|92\/100 brn\n|-start|p1a: hi|Salt Cure\n|\n|-damage|p1a: hi|86\/100 brn|[from] brn\n|-damage|p1a: hi|73\/100 brn|[from] Salt Cure\n|upkeep\n|turn|81\n|\n|t:|1701128400\n|switch|p1a: hi22|Gliscor, M|45\/100 tox\n|move|p2a: Garganacl|Body Press|p1a: hi22\n|-resisted|p1a: hi22\n|-damage|p1a: hi22|25\/100 tox\n|\n|-heal|p1a: hi22|37\/100 tox|[from] ability: Poison Heal\n|upkeep\n|turn|82\n|\n|t:|1701128403\n|move|p1a: hi22|Protect|p1a: hi22\n|-singleturn|p1a: hi22|Protect\n|move|p2a: Garganacl|Body Press|p1a: hi22\n|-activate|p1a: hi22|move: Protect\n|\n|-heal|p1a: hi22|50\/100 tox|[from] ability: Poison Heal\n|upkeep\n|turn|83\n|\n|t:|1701128407\n|move|p1a: hi22|Spikes|p2a: Garganacl\n|-sidestart|p2: nnnbit7|Spikes\n|move|p2a: Garganacl|Body Press|p1a: hi22\n|-resisted|p1a: hi22\n|-damage|p1a: hi22|28\/100 tox\n|\n|-heal|p1a: hi22|41\/100 tox|[from] ability: Poison Heal\n|upkeep\n|turn|84\n|\n|t:|1701128409\n|move|p1a: hi22|Protect|p1a: hi22\n|-singleturn|p1a: hi22|Protect\n|move|p2a: Garganacl|Iron Defense|p2a: Garganacl\n|-boost|p2a: Garganacl|def|2\n|\n|-heal|p1a: hi22|53\/100 tox|[from] ability: Poison Heal\n|upkeep\n|turn|85\n|\n|t:|1701128417\n|switch|p1a: hi|Toxapex, F, tera:Psychic|100\/100 brn\n|move|p2a: Garganacl|Body Press|p1a: hi\n|-resisted|p1a: hi\n|-damage|p1a: hi|72\/100 brn\n|\n|-damage|p1a: hi|67\/100 brn|[from] brn\n|upkeep\n|turn|86\n|\n|t:|1701128420\n|move|p1a: hi|Baneful Bunker|p1a: hi\n|-singleturn|p1a: hi|move: Protect\n|move|p2a: Garganacl|Salt Cure|p1a: hi\n|-activate|p1a: hi|move: Protect\n|\n|-damage|p1a: hi|61\/100 brn|[from] brn\n|upkeep\n|turn|87\n|\n|t:|1701128423\n|switch|p1a: hi22|Gliscor, M|53\/100 tox\n|move|p2a: Garganacl|Salt Cure|p1a: hi22\n|-damage|p1a: hi22|44\/100 tox\n|-start|p1a: hi22|Salt Cure\n|\n|-heal|p1a: hi22|56\/100 tox|[from] ability: Poison Heal\n|-damage|p1a: hi22|44\/100 tox|[from] Salt Cure\n|upkeep\n|turn|88\n|\n|t:|1701128426\n|move|p1a: hi22|Earthquake|p2a: Garganacl\n|-supereffective|p2a: Garganacl\n|-damage|p2a: Garganacl|73\/100\n|move|p2a: Garganacl|Iron Defense|p2a: Garganacl\n|-boost|p2a: Garganacl|def|0\n|\n|-heal|p1a: hi22|56\/100 tox|[from] ability: Poison Heal\n|-damage|p1a: hi22|44\/100 tox|[from] Salt Cure\n|upkeep\n|turn|89\n|\n|t:|1701128429\n|switch|p1a: hi|Toxapex, F, tera:Psychic|94\/100 brn\n|move|p2a: Garganacl|Body Press|p1a: hi\n|-resisted|p1a: hi\n|-damage|p1a: hi|64\/100 brn\n|\n|-damage|p1a: hi|58\/100 brn|[from] brn\n|upkeep\n|turn|90\n|\n|t:|1701128432\n|move|p2a: Garganacl|Iron Defense|p2a: Garganacl\n|-boost|p2a: Garganacl|def|0\n|move|p1a: hi|Recover|p1a: hi\n|-heal|p1a: hi|100\/100 brn\n|\n|-damage|p1a: hi|95\/100 brn|[from] brn\n|upkeep\n|turn|91\n|\n|t:|1701128435\n|move|p1a: hi|Baneful Bunker|p1a: hi\n|-singleturn|p1a: hi|move: Protect\n|move|p2a: Garganacl|Body Press|p1a: hi\n|-activate|p1a: hi|move: Protect\n|\n|-damage|p1a: hi|89\/100 brn|[from] brn\n|upkeep\n|turn|92\n|\n|t:|1701128437\n|switch|p1a: hi22|Gliscor, M|44\/100 tox\n|move|p2a: Garganacl|Body Press|p1a: hi22\n|-resisted|p1a: hi22\n|-damage|p1a: hi22|17\/100 tox\n|\n|-heal|p1a: hi22|30\/100 tox|[from] ability: Poison Heal\n|upkeep\n|turn|93\n|\n|t:|1701128440\n|move|p1a: hi22|Protect|p1a: hi22\n|-singleturn|p1a: hi22|Protect\n|move|p2a: Garganacl|Body Press|p1a: hi22\n|-activate|p1a: hi22|move: Protect\n|\n|-heal|p1a: hi22|42\/100 tox|[from] ability: Poison Heal\n|upkeep\n|turn|94\n|\n|t:|1701128443\n|switch|p1a: hi|Toxapex, F, tera:Psychic|100\/100 brn\n|move|p2a: Garganacl|Salt Cure|p1a: hi\n|-damage|p1a: hi|92\/100 brn\n|-start|p1a: hi|Salt Cure\n|\n|-damage|p1a: hi|86\/100 brn|[from] brn\n|-damage|p1a: hi|74\/100 brn|[from] Salt Cure\n|upkeep\n|turn|95\n|\n|t:|1701128448\n|move|p1a: hi|Baneful Bunker|p1a: hi\n|-singleturn|p1a: hi|move: Protect\n|move|p2a: Garganacl|Iron Defense|p2a: Garganacl\n|-boost|p2a: Garganacl|def|0\n|\n|-damage|p1a: hi|68\/100 brn|[from] brn\n|-damage|p1a: hi|56\/100 brn|[from] Salt Cure\n|upkeep\n|turn|96\n|\n|t:|1701128449\n|switch|p1a: hi22|Gliscor, M|42\/100 tox\n|move|p2a: Garganacl|Body Press|p1a: hi22\n|-resisted|p1a: hi22\n|-damage|p1a: hi22|13\/100 tox\n|\n|-heal|p1a: hi22|26\/100 tox|[from] ability: Poison Heal\n|upkeep\n|turn|97\n|\n|t:|1701128452\n|move|p1a: hi22|Protect|p1a: hi22\n|-singleturn|p1a: hi22|Protect\n|move|p2a: Garganacl|Body Press|p1a: hi22\n|-activate|p1a: hi22|move: Protect\n|\n|-heal|p1a: hi22|38\/100 tox|[from] ability: Poison Heal\n|upkeep\n|turn|98\n|\n|t:|1701128454\n|switch|p1a: hi|Toxapex, F, tera:Psychic|89\/100 brn\n|move|p2a: Garganacl|Salt Cure|p1a: hi\n|-damage|p1a: hi|81\/100 brn\n|-start|p1a: hi|Salt Cure\n|\n|-damage|p1a: hi|75\/100 brn|[from] brn\n|-damage|p1a: hi|63\/100 brn|[from] Salt Cure\n|upkeep\n|turn|99\n|\n|t:|1701128459\n|switch|p2a: Gliscor|Gliscor, M|100\/100 tox\n|move|p1a: hi|Recover|p1a: hi\n|-heal|p1a: hi|100\/100 brn\n|\n|-damage|p1a: hi|95\/100 brn|[from] brn\n|-damage|p1a: hi|82\/100 brn|[from] Salt Cure\n|upkeep\n|turn|100\n|\n|t:|1701128461\n|move|p1a: hi|Baneful Bunker|p1a: hi\n|-singleturn|p1a: hi|move: Protect\n|move|p2a: Gliscor|Defog|p1a: hi\n|-activate|p1a: hi|move: Protect\n|\n|-damage|p1a: hi|76\/100 brn|[from] brn\n|-damage|p1a: hi|64\/100 brn|[from] Salt Cure\n|upkeep\n|turn|101\n|\n|t:|1701128463\n|switch|p1a: corvifaifjlkdsfj|Corviknight, F|100\/100\n|-ability|p1a: corvifaifjlkdsfj|Pressure\n|move|p2a: Gliscor|Defog|p1a: corvifaifjlkdsfj\n|-unboost|p1a: corvifaifjlkdsfj|evasion|1\n|-sideend|p2: nnnbit7|Spikes|[from] move: Defog|[of] p2a: Gliscor\n|\n|upkeep\n|turn|102\n|\n|t:|1701128471\n|switch|p2a: Slowbro|Slowbro, F|85\/100 tox\n|switch|p1a: hi22|Gliscor, M|38\/100 tox\n|\n|-heal|p1a: hi22|51\/100 tox|[from] ability: Poison Heal\n|-damage|p2a: Slowbro|78\/100 tox|[from] psn\n|upkeep\n|turn|103\n|\n|t:|1701128474\n|move|p1a: hi22|Protect|p1a: hi22\n|-singleturn|p1a: hi22|Protect\n|move|p2a: Slowbro|Future Sight|p1a: hi22\n|-start|p2a: Slowbro|move: Future Sight\n|\n|-heal|p1a: hi22|63\/100 tox|[from] ability: Poison Heal\n|-damage|p2a: Slowbro|66\/100 tox|[from] psn\n|upkeep\n|turn|104\n|\n|t:|1701128479\n|switch|p1a: hi|Toxapex, F, tera:Psychic|98\/100 brn\n|move|p2a: Slowbro|Teleport|p2a: Slowbro\n|\n|t:|1701128482\n|switch|p2a: Garchomp|Garchomp, M|76\/100 tox|[from] Teleport\n|\n|-damage|p2a: Garchomp|70\/100 tox|[from] psn\n|-damage|p1a: hi|92\/100 brn|[from] brn\n|upkeep\n|turn|105\n|\n|t:|1701128497\n|move|p1a: hi|Baneful Bunker|p1a: hi\n|-singleturn|p1a: hi|move: Protect\n|move|p2a: Garchomp|Stealth Rock|p1a: hi\n|-sidestart|p1: jkljlkh|move: Stealth Rock\n|\n|-end|p1a: hi|move: Future Sight\n|-resisted|p1a: hi\n|-damage|p1a: hi|76\/100 brn\n|-damage|p2a: Garchomp|57\/100 tox|[from] psn\n|-damage|p1a: hi|70\/100 brn|[from] brn\n|upkeep\n|turn|106\n|\n|t:|1701128501\n|switch|p2a: Iron Valiant|Iron Valiant|63\/100\n|switch|p1a: corvifaifjlkdsfj|Corviknight, F|100\/100\n|-damage|p1a: corvifaifjlkdsfj|88\/100|[from] Stealth Rock\n|-ability|p1a: corvifaifjlkdsfj|Pressure\n|\n|-heal|p1a: corvifaifjlkdsfj|94\/100|[from] item: Leftovers\n|upkeep\n|turn|107\n|\n|t:|1701128505\n|move|p1a: corvifaifjlkdsfj|Protect|p1a: corvifaifjlkdsfj\n|-singleturn|p1a: corvifaifjlkdsfj|Protect\n|move|p2a: Iron Valiant|Trick|p1a: corvifaifjlkdsfj\n|-activate|p1a: corvifaifjlkdsfj|move: Protect\n|\n|-heal|p1a: corvifaifjlkdsfj|100\/100|[from] item: Leftovers\n|upkeep\n|turn|108\n|\n|t:|1701128514\n|-end|p2a: Iron Valiant|Quark Drive|[silent]\n|switch|p2a: Slowbro|Slowbro, F|99\/100 tox\n|switch|p1a: hi6|Tyranitar-Mega, M|77\/100 slp\n|-damage|p1a: hi6|64\/100 slp|[from] Stealth Rock\n|-weather|Sandstorm|[from] ability: Sand Stream|[of] p1a: hi6\n|\n|-weather|Sandstorm|[upkeep]\n|-damage|p2a: Slowbro|93\/100 tox|[from] Sandstorm\n|-damage|p2a: Slowbro|87\/100 tox|[from] psn\n|upkeep\n|turn|109\n|\n|t:|1701128519\n|-curestatus|p1a: hi6|slp|[msg]\n|move|p1a: hi6|Knock Off|p2a: Slowbro\n|-supereffective|p2a: Slowbro\n|-damage|p2a: Slowbro|44\/100 tox\n|move|p2a: Slowbro|Teleport|p2a: Slowbro\n|\n|t:|1701128528\n|switch|p2a: Scizor|Scizor-Mega, F|100\/100|[from] Teleport\n|\n|-weather|Sandstorm|[upkeep]\n|upkeep\n|turn|110\n|\n|t:|1701128532\n|switch|p1a: corvifaifjlkdsfj|Corviknight, F|100\/100\n|-damage|p1a: corvifaifjlkdsfj|88\/100|[from] Stealth Rock\n|-ability|p1a: corvifaifjlkdsfj|Pressure\n|move|p2a: Scizor|U-turn|p1a: corvifaifjlkdsfj\n|-resisted|p1a: corvifaifjlkdsfj\n|-damage|p1a: corvifaifjlkdsfj|81\/100\n|\n|t:|1701128536\n|switch|p2a: Iron Valiant|Iron Valiant|63\/100|[from] U-turn\n|\n|-weather|Sandstorm|[upkeep]\n|-damage|p2a: Iron Valiant|57\/100|[from] Sandstorm\n|-heal|p1a: corvifaifjlkdsfj|87\/100|[from] item: Leftovers\n|upkeep\n|turn|111\n|\n|t:|1701128544\n|move|p1a: corvifaifjlkdsfj|Protect|p1a: corvifaifjlkdsfj\n|-singleturn|p1a: corvifaifjlkdsfj|Protect\n|move|p2a: Iron Valiant|Trick|p1a: corvifaifjlkdsfj\n|-activate|p1a: corvifaifjlkdsfj|move: Protect\n|\n|-weather|Sandstorm|[upkeep]\n|-damage|p2a: Iron Valiant|51\/100|[from] Sandstorm\n|-heal|p1a: corvifaifjlkdsfj|94\/100|[from] item: Leftovers\n|upkeep\n|turn|112\n|\n|t:|1701128554\n|-end|p2a: Iron Valiant|Quark Drive|[silent]\n|switch|p2a: Slowbro|Slowbro, F|77\/100 tox\n|switch|p1a: hi6|Tyranitar-Mega, M|64\/100\n|-damage|p1a: hi6|52\/100|[from] Stealth Rock\n|\n|-weather|none\n|-damage|p2a: Slowbro|71\/100 tox|[from] psn\n|upkeep\n|turn|113\n|\n|t:|1701128557\n|move|p1a: hi6|Rest|p1a: hi6\n|-status|p1a: hi6|slp|[from] move: Rest\n|-heal|p1a: hi6|100\/100 slp|[silent]\n|move|p2a: Slowbro|Teleport|p2a: Slowbro\n|\n|t:|1701128562\n|switch|p2a: Iron Valiant|Iron Valiant|51\/100|[from] Teleport\n|\n|upkeep\n|turn|114\n|\n|t:|1701128567\n|-terastallize|p2a: Iron Valiant|Fighting\n|move|p2a: Iron Valiant|Close Combat|p1a: hi6\n|-supereffective|p1a: hi6\n|-damage|p1a: hi6|0 fnt\n|-unboost|p2a: Iron Valiant|def|1\n|-unboost|p2a: Iron Valiant|spd|1\n|faint|p1a: hi6\n|\n|upkeep\n|\n|t:|1701128571\n|switch|p1a: hi22|Gliscor, M|63\/100 tox\n|-damage|p1a: hi22|51\/100 tox|[from] Stealth Rock\n|turn|115\n|\n|t:|1701128576\n|-end|p2a: Iron Valiant|Quark Drive|[silent]\n|switch|p2a: Slowbro|Slowbro, F|100\/100 tox\n|move|p1a: hi22|Spikes|p2a: Slowbro\n|-sidestart|p2: nnnbit7|Spikes\n|\n|-heal|p1a: hi22|63\/100 tox|[from] ability: Poison Heal\n|-damage|p2a: Slowbro|94\/100 tox|[from] psn\n|upkeep\n|turn|116\n|\n|t:|1701128578\n|move|p1a: hi22|Protect|p1a: hi22\n|-singleturn|p1a: hi22|Protect\n|move|p2a: Slowbro|Scald|p1a: hi22\n|-activate|p1a: hi22|move: Protect\n|\n|-heal|p1a: hi22|76\/100 tox|[from] ability: Poison Heal\n|-damage|p2a: Slowbro|82\/100 tox|[from] psn\n|upkeep\n|turn|117\n|\n|t:|1701128582\n|switch|p1a: corvifaifjlkdsfj|Corviknight, F|94\/100\n|-damage|p1a: corvifaifjlkdsfj|81\/100|[from] Stealth Rock\n|-ability|p1a: corvifaifjlkdsfj|Pressure\n|move|p2a: Slowbro|Teleport|p2a: Slowbro\n|\n|t:|1701128586\n|switch|p2a: Iron Valiant|Iron Valiant, tera:Fighting|51\/100|[from] Teleport\n|-damage|p2a: Iron Valiant|38\/100|[from] Spikes\n|\n|-heal|p1a: corvifaifjlkdsfj|87\/100|[from] item: Leftovers\n|upkeep\n|turn|118\n|\n|t:|1701128589\n|move|p1a: corvifaifjlkdsfj|Protect|p1a: corvifaifjlkdsfj\n|-singleturn|p1a: corvifaifjlkdsfj|Protect\n|move|p2a: Iron Valiant|Trick|p1a: corvifaifjlkdsfj\n|-activate|p1a: corvifaifjlkdsfj|move: Protect\n|\n|-heal|p1a: corvifaifjlkdsfj|94\/100|[from] item: Leftovers\n|upkeep\n|turn|119\n|\n|t:|1701128595\n|-end|p2a: Iron Valiant|Quark Drive|[silent]\n|switch|p2a: Slowbro|Slowbro, F|100\/100 tox\n|-damage|p2a: Slowbro|88\/100 tox|[from] Spikes\n|switch|p1a: hi22|Gliscor, M|76\/100 tox\n|-damage|p1a: hi22|63\/100 tox|[from] Stealth Rock\n|\n|-heal|p1a: hi22|76\/100 tox|[from] ability: Poison Heal\n|-damage|p2a: Slowbro|82\/100 tox|[from] psn\n|upkeep\n|turn|120\n|\n|t:|1701128598\n|switch|p1a: hi|Toxapex, F, tera:Psychic|100\/100 brn\n|-damage|p1a: hi|88\/100 brn|[from] Stealth Rock\n|move|p2a: Slowbro|Future Sight|p1a: hi\n|-start|p2a: Slowbro|move: Future Sight\n|\n|-damage|p2a: Slowbro|70\/100 tox|[from] psn\n|-damage|p1a: hi|82\/100 brn|[from] brn\n|upkeep\n|turn|121\n|\n|t:|1701128603\n|move|p1a: hi|Knock Off|p2a: Slowbro\n|-supereffective|p2a: Slowbro\n|-damage|p2a: Slowbro|63\/100 tox\n|move|p2a: Slowbro|Scald|p1a: hi\n|-damage|p1a: hi|58\/100 brn\n|\n|-damage|p2a: Slowbro|45\/100 tox|[from] psn\n|-damage|p1a: hi|52\/100 brn|[from] brn\n|upkeep\n|turn|122\n|\n|t:|1701128605\n|move|p1a: hi|Recover|p1a: hi\n|-heal|p1a: hi|100\/100 brn\n|move|p2a: Slowbro|Teleport|p2a: Slowbro\n|\n|t:|1701128613\n|switch|p2a: Garganacl|Garganacl, F|73\/100|[from] Teleport\n|-damage|p2a: Garganacl|60\/100|[from] Spikes\n|\n|-end|p1a: hi|move: Future Sight\n|-resisted|p1a: hi\n|-damage|p1a: hi|85\/100 brn\n|-damage|p1a: hi|79\/100 brn|[from] brn\n|upkeep\n|turn|123\n|\n|t:|1701128616\n|move|p1a: hi|Baneful Bunker|p1a: hi\n|-singleturn|p1a: hi|move: Protect\n|move|p2a: Garganacl|Iron Defense|p2a: Garganacl\n|-boost|p2a: Garganacl|def|2\n|\n|-damage|p1a: hi|73\/100 brn|[from] brn\n|upkeep\n|turn|124\n|\n|t:|1701128619\n|switch|p1a: corvifaifjlkdsfj|Corviknight, F|94\/100\n|-damage|p1a: corvifaifjlkdsfj|81\/100|[from] Stealth Rock\n|-ability|p1a: corvifaifjlkdsfj|Pressure\n|move|p2a: Garganacl|Salt Cure|p1a: corvifaifjlkdsfj\n|-damage|p1a: corvifaifjlkdsfj|71\/100\n|-start|p1a: corvifaifjlkdsfj|Salt Cure\n|\n|-heal|p1a: corvifaifjlkdsfj|77\/100|[from] item: Leftovers\n|-damage|p1a: corvifaifjlkdsfj|52\/100|[from] Salt Cure\n|upkeep\n|turn|125\n|\n|t:|1701128626\n|switch|p1a: hi22|Gliscor, M|76\/100 tox\n|-damage|p1a: hi22|63\/100 tox|[from] Stealth Rock\n|move|p2a: Garganacl|Iron Defense|p2a: Garganacl\n|-boost|p2a: Garganacl|def|2\n|\n|-heal|p1a: hi22|76\/100 tox|[from] ability: Poison Heal\n|upkeep\n|turn|126\n|l| yuzhibo\n|\n|t:|1701128629\n|move|p1a: hi22|Protect|p1a: hi22\n|-singleturn|p1a: hi22|Protect\n|move|p2a: Garganacl|Iron Defense|p2a: Garganacl\n|-boost|p2a: Garganacl|def|2\n|\n|-heal|p1a: hi22|88\/100 tox|[from] ability: Poison Heal\n|upkeep\n|turn|127\n|\n|t:|1701128633\n|move|p1a: hi22|Earthquake|p2a: Garganacl\n|-supereffective|p2a: Garganacl\n|-damage|p2a: Garganacl|49\/100\n|move|p2a: Garganacl|Body Press|p1a: hi22\n|-resisted|p1a: hi22\n|-damage|p1a: hi22|61\/100 tox\n|\n|-heal|p1a: hi22|74\/100 tox|[from] ability: Poison Heal\n|upkeep\n|turn|128\n|\n|t:|1701128637\n|move|p1a: hi22|Earthquake|p2a: Garganacl\n|-supereffective|p2a: Garganacl\n|-damage|p2a: Garganacl|39\/100\n|move|p2a: Garganacl|Salt Cure|p1a: hi22\n|-damage|p1a: hi22|65\/100 tox\n|-start|p1a: hi22|Salt Cure\n|\n|-heal|p1a: hi22|78\/100 tox|[from] ability: Poison Heal\n|-damage|p1a: hi22|65\/100 tox|[from] Salt Cure\n|upkeep\n|turn|129\n|\n|t:|1701128640\n|switch|p1a: hi|Toxapex, F, tera:Psychic|100\/100 brn\n|-damage|p1a: hi|88\/100 brn|[from] Stealth Rock\n|move|p2a: Garganacl|Recover|p2a: Garganacl\n|-heal|p2a: Garganacl|89\/100\n|\n|-damage|p1a: hi|82\/100 brn|[from] brn\n|upkeep\n|turn|130\n|\n|t:|1701128648\n|move|p1a: hi|Baneful Bunker|p1a: hi\n|-singleturn|p1a: hi|move: Protect\n|move|p2a: Garganacl|Salt Cure|p1a: hi\n|-activate|p1a: hi|move: Protect\n|\n|-damage|p1a: hi|76\/100 brn|[from] brn\n|upkeep\n|turn|131\n|\n|t:|1701128651\n|switch|p1a: hi2|Dondozo, F|100\/100\n|move|p2a: Garganacl|Body Press|p1a: hi2\n|-crit|p1a: hi2\n|-damage|p1a: hi2|84\/100\n|\n|upkeep\n|turn|132\n|\n|t:|1701128657\n|move|p1a: hi2|Body Press|p2a: Garganacl\n|-supereffective|p2a: Garganacl\n|-damage|p2a: Garganacl|49\/100\n|move|p2a: Garganacl|Salt Cure|p1a: hi2\n|-damage|p1a: hi2|77\/100\n|-start|p1a: hi2|Salt Cure\n|\n|-damage|p1a: hi2|52\/100|[from] Salt Cure\n|upkeep\n|turn|133\n|\n|t:|1701128661\n|move|p2a: Garganacl|Recover|p2a: Garganacl\n|-heal|p2a: Garganacl|99\/100\n|move|p1a: hi2|Rest|p1a: hi2\n|-status|p1a: hi2|slp|[from] move: Rest\n|-heal|p1a: hi2|100\/100 slp|[silent]\n|\n|-damage|p1a: hi2|75\/100 slp|[from] Salt Cure\n|upkeep\n|turn|134\n|\n|t:|1701128666\n|switch|p2a: Slowbro|Slowbro, F|78\/100 tox\n|-damage|p2a: Slowbro|66\/100 tox|[from] Spikes\n|switch|p1a: hi|Toxapex, F, tera:Psychic|100\/100 brn\n|-damage|p1a: hi|88\/100 brn|[from] Stealth Rock\n|\n|-damage|p2a: Slowbro|60\/100 tox|[from] psn\n|-damage|p1a: hi|82\/100 brn|[from] brn\n|upkeep\n|turn|135\n|\n|t:|1701128671\n|switch|p1a: corvifaifjlkdsfj|Corviknight, F|52\/100\n|-damage|p1a: corvifaifjlkdsfj|39\/100|[from] Stealth Rock\n|-ability|p1a: corvifaifjlkdsfj|Pressure\n|move|p2a: Slowbro|Future Sight|p1a: corvifaifjlkdsfj\n|-start|p2a: Slowbro|move: Future Sight\n|\n|-heal|p1a: corvifaifjlkdsfj|46\/100|[from] item: Leftovers\n|-damage|p2a: Slowbro|48\/100 tox|[from] psn\n|upkeep\n|turn|136\n|\n|t:|1701128673\n|move|p1a: corvifaifjlkdsfj|Defog|p2a: Slowbro\n|-unboost|p2a: Slowbro|evasion|1\n|-sideend|p2: nnnbit7|Spikes|[from] move: Defog|[of] p1a: corvifaifjlkdsfj\n|-sideend|p1: jkljlkh|Stealth Rock|[from] move: Defog|[of] p1a: corvifaifjlkdsfj\n|move|p2a: Slowbro|Scald|p1a: corvifaifjlkdsfj\n|-damage|p1a: corvifaifjlkdsfj|27\/100\n|-status|p1a: corvifaifjlkdsfj|brn\n|\n|-heal|p1a: corvifaifjlkdsfj|34\/100 brn|[from] item: Leftovers\n|-damage|p2a: Slowbro|29\/100 tox|[from] psn\n|-damage|p1a: corvifaifjlkdsfj|27\/100 brn|[from] brn\n|upkeep\n|turn|137\n|\n|t:|1701128675\n|move|p1a: corvifaifjlkdsfj|Roost|p1a: corvifaifjlkdsfj\n|-heal|p1a: corvifaifjlkdsfj|77\/100 brn\n|-singleturn|p1a: corvifaifjlkdsfj|move: Roost\n|move|p2a: Slowbro|Teleport|p2a: Slowbro\n|\n|t:|1701128679\n|switch|p2a: Garganacl|Garganacl, F|99\/100|[from] Teleport\n|\n|-end|p1a: corvifaifjlkdsfj|move: Future Sight\n|-resisted|p1a: corvifaifjlkdsfj\n|-damage|p1a: corvifaifjlkdsfj|64\/100 brn\n|-heal|p1a: corvifaifjlkdsfj|70\/100 brn|[from] item: Leftovers\n|-damage|p1a: corvifaifjlkdsfj|64\/100 brn|[from] brn\n|upkeep\n|turn|138\n|\n|t:|1701128683\n|switch|p1a: hi22|Gliscor, M|65\/100 tox\n|move|p2a: Garganacl|Salt Cure|p1a: hi22\n|-damage|p1a: hi22|56\/100 tox\n|-start|p1a: hi22|Salt Cure\n|\n|-heal|p1a: hi22|68\/100 tox|[from] ability: Poison Heal\n|-damage|p1a: hi22|56\/100 tox|[from] Salt Cure\n|upkeep\n|turn|139\n|\n|t:|1701128686\n|switch|p1a: hi|Toxapex, F, tera:Psychic|100\/100 brn\n|move|p2a: Garganacl|Iron Defense|p2a: Garganacl\n|-boost|p2a: Garganacl|def|2\n|\n|-damage|p1a: hi|95\/100 brn|[from] brn\n|upkeep\n|turn|140\n|\n|t:|1701128690\n|switch|p1a: hi22|Gliscor, M|56\/100 tox\n|move|p2a: Garganacl|Iron Defense|p2a: Garganacl\n|-boost|p2a: Garganacl|def|2\n|\n|-heal|p1a: hi22|68\/100 tox|[from] ability: Poison Heal\n|upkeep\n|turn|141\n|\n|t:|1701128694\n|move|p1a: hi22|Earthquake|p2a: Garganacl\n|-supereffective|p2a: Garganacl\n|-damage|p2a: Garganacl|82\/100\n|move|p2a: Garganacl|Iron Defense|p2a: Garganacl\n|-boost|p2a: Garganacl|def|2\n|\n|-heal|p1a: hi22|81\/100 tox|[from] ability: Poison Heal\n|upkeep\n|turn|142\n|\n|t:|1701128697\n|move|p1a: hi22|Earthquake|p2a: Garganacl\n|-supereffective|p2a: Garganacl\n|-damage|p2a: Garganacl|71\/100\n|move|p2a: Garganacl|Iron Defense|p2a: Garganacl\n|-boost|p2a: Garganacl|def|0\n|\n|-heal|p1a: hi22|93\/100 tox|[from] ability: Poison Heal\n|upkeep\n|turn|143\n|\n|t:|1701128702\n|move|p1a: hi22|Spikes|p2a: Garganacl\n|-sidestart|p2: nnnbit7|Spikes\n|move|p2a: Garganacl|Salt Cure|p1a: hi22\n|-damage|p1a: hi22|85\/100 tox\n|-start|p1a: hi22|Salt Cure\n|\n|-heal|p1a: hi22|98\/100 tox|[from] ability: Poison Heal\n|-damage|p1a: hi22|85\/100 tox|[from] Salt Cure\n|upkeep\n|turn|144\n|\n|t:|1701128705\n|switch|p2a: Gliscor|Gliscor, M|100\/100 tox\n|move|p1a: hi22|Spikes|p2a: Gliscor\n|-sidestart|p2: nnnbit7|Spikes\n|\n|-heal|p1a: hi22|98\/100 tox|[from] ability: Poison Heal\n|-damage|p1a: hi22|85\/100 tox|[from] Salt Cure\n|upkeep\n|turn|145\n|\n|t:|1701128709\n|move|p1a: hi22|Protect|p1a: hi22\n|-singleturn|p1a: hi22|Protect\n|move|p2a: Gliscor|Toxic|p1a: hi22\n|-activate|p1a: hi22|move: Protect\n|\n|-heal|p1a: hi22|98\/100 tox|[from] ability: Poison Heal\n|-damage|p1a: hi22|85\/100 tox|[from] Salt Cure\n|upkeep\n|turn|146\n|\n|t:|1701128711\n|switch|p1a: corvifaifjlkdsfj|Corviknight, F|64\/100 brn\n|-ability|p1a: corvifaifjlkdsfj|Pressure\n|move|p2a: Gliscor|Defog|p1a: corvifaifjlkdsfj\n|-unboost|p1a: corvifaifjlkdsfj|evasion|1\n|-sideend|p2: nnnbit7|Spikes|[from] move: Defog|[of] p2a: Gliscor\n|\n|-heal|p1a: corvifaifjlkdsfj|70\/100 brn|[from] item: Leftovers\n|-damage|p1a: corvifaifjlkdsfj|64\/100 brn|[from] brn\n|upkeep\n|turn|147\n|\n|t:|1701128718\n|switch|p2a: Slowbro|Slowbro, F|63\/100 tox\n|switch|p1a: hi22|Gliscor, M|85\/100 tox\n|\n|-heal|p1a: hi22|98\/100 tox|[from] ability: Poison Heal\n|-damage|p2a: Slowbro|57\/100 tox|[from] psn\n|upkeep\n|turn|148\n|\n|t:|1701128720\n|move|p1a: hi22|Spikes|p2a: Slowbro\n|-sidestart|p2: nnnbit7|Spikes\n|move|p2a: Slowbro|Scald|p1a: hi22\n|-supereffective|p1a: hi22\n|-damage|p1a: hi22|30\/100 tox\n|\n|-heal|p1a: hi22|42\/100 tox|[from] ability: Poison Heal\n|-damage|p2a: Slowbro|44\/100 tox|[from] psn\n|upkeep\n|turn|149\n|\n|t:|1701128724\n|move|p1a: hi22|Protect|p1a: hi22\n|-singleturn|p1a: hi22|Protect\n|move|p2a: Slowbro|Future Sight|p1a: hi22\n|-start|p2a: Slowbro|move: Future Sight\n|\n|-heal|p1a: hi22|55\/100 tox|[from] ability: Poison Heal\n|-damage|p2a: Slowbro|26\/100 tox|[from] psn\n|upkeep\n|turn|150\n|\n|t:|1701128729\n|switch|p1a: hi|Toxapex, F, tera:Psychic|100\/100 brn\n|switch|p2a: Gliscor|Gliscor, M|100\/100 tox\n|\n|-damage|p1a: hi|95\/100 brn|[from] brn\n|upkeep\n|turn|151\n|\n|t:|1701128732\n|switch|p1a: corvifaifjlkdsfj|Corviknight, F|64\/100 brn\n|-ability|p1a: corvifaifjlkdsfj|Pressure\n|move|p2a: Gliscor|Earthquake|p1a: corvifaifjlkdsfj\n|-immune|p1a: corvifaifjlkdsfj\n|\n|-end|p1a: corvifaifjlkdsfj|move: Future Sight\n|-resisted|p1a: corvifaifjlkdsfj\n|-damage|p1a: corvifaifjlkdsfj|49\/100 brn\n|-heal|p1a: corvifaifjlkdsfj|56\/100 brn|[from] item: Leftovers\n|-damage|p1a: corvifaifjlkdsfj|49\/100 brn|[from] brn\n|upkeep\n|turn|152\n|\n|t:|1701128734\n|move|p2a: Gliscor|Defog|p1a: corvifaifjlkdsfj\n|-unboost|p1a: corvifaifjlkdsfj|evasion|1\n|-sideend|p2: nnnbit7|Spikes|[from] move: Defog|[of] p2a: Gliscor\n|move|p1a: corvifaifjlkdsfj|Roost|p1a: corvifaifjlkdsfj\n|-heal|p1a: corvifaifjlkdsfj|99\/100 brn\n|-singleturn|p1a: corvifaifjlkdsfj|move: Roost\n|\n|-heal|p1a: corvifaifjlkdsfj|100\/100 brn|[from] item: Leftovers\n|-damage|p1a: corvifaifjlkdsfj|94\/100 brn|[from] brn\n|upkeep\n|turn|153\n|\n|t:|1701128737\n|switch|p2a: Slowbro|Slowbro, F|59\/100 tox\n|switch|p1a: hi22|Gliscor, M|55\/100 tox\n|\n|-heal|p1a: hi22|67\/100 tox|[from] ability: Poison Heal\n|-damage|p2a: Slowbro|53\/100 tox|[from] psn\n|upkeep\n|turn|154\n|\n|t:|1701128740\n|switch|p1a: hi|Toxapex, F, tera:Psychic|100\/100 brn\n|move|p2a: Slowbro|Scald|p1a: hi\n|-damage|p1a: hi|76\/100 brn\n|\n|-damage|p2a: Slowbro|41\/100 tox|[from] psn\n|-damage|p1a: hi|70\/100 brn|[from] brn\n|upkeep\n|turn|155\n|\n|t:|1701128744\n|move|p1a: hi|Knock Off|p2a: Slowbro\n|-supereffective|p2a: Slowbro\n|-damage|p2a: Slowbro|35\/100 tox\n|move|p2a: Slowbro|Teleport|p2a: Slowbro\n|\n|t:|1701128746\n|switch|p2a: Gliscor|Gliscor, M|100\/100 tox|[from] Teleport\n|\n|-damage|p1a: hi|65\/100 brn|[from] brn\n|upkeep\n|turn|156\n|\n|t:|1701128750\n|switch|p2a: Slowbro|Slowbro, F|68\/100 tox\n|switch|p1a: hi22|Gliscor, M|67\/100 tox\n|\n|-heal|p1a: hi22|80\/100 tox|[from] ability: Poison Heal\n|-damage|p2a: Slowbro|62\/100 tox|[from] psn\n|upkeep\n|turn|157\n|\n|t:|1701128754\n|switch|p1a: corvifaifjlkdsfj|Corviknight, F|94\/100 brn\n|-ability|p1a: corvifaifjlkdsfj|Pressure\n|move|p2a: Slowbro|Future Sight|p1a: corvifaifjlkdsfj\n|-start|p2a: Slowbro|move: Future Sight\n|\n|-heal|p1a: corvifaifjlkdsfj|100\/100 brn|[from] item: Leftovers\n|-damage|p2a: Slowbro|50\/100 tox|[from] psn\n|-damage|p1a: corvifaifjlkdsfj|94\/100 brn|[from] brn\n|upkeep\n|turn|158\n|\n|t:|1701128758\n|switch|p1a: hi|Toxapex, F, tera:Psychic|98\/100 brn\n|move|p2a: Slowbro|Scald|p1a: hi\n|-damage|p1a: hi|76\/100 brn\n|\n|-damage|p2a: Slowbro|31\/100 tox|[from] psn\n|-damage|p1a: hi|70\/100 brn|[from] brn\n|upkeep\n|turn|159\n|\n|t:|1701128762\n|switch|p1a: corvifaifjlkdsfj|Corviknight, F|94\/100 brn\n|-ability|p1a: corvifaifjlkdsfj|Pressure\n|move|p2a: Slowbro|Teleport|p2a: Slowbro\n|\n|t:|1701128766\n|switch|p2a: Garganacl|Garganacl, F|71\/100|[from] Teleport\n|\n|-end|p1a: corvifaifjlkdsfj|move: Future Sight\n|-resisted|p1a: corvifaifjlkdsfj\n|-damage|p1a: corvifaifjlkdsfj|81\/100 brn\n|-heal|p1a: corvifaifjlkdsfj|87\/100 brn|[from] item: Leftovers\n|-damage|p1a: corvifaifjlkdsfj|81\/100 brn|[from] brn\n|upkeep\n|turn|160\n|\n|t:|1701128769\n|switch|p2a: Slowbro|Slowbro, F|65\/100 tox\n|move|p1a: corvifaifjlkdsfj|Iron Head|p2a: Slowbro\n|-resisted|p2a: Slowbro\n|-damage|p2a: Slowbro|61\/100 tox\n|\n|-heal|p1a: corvifaifjlkdsfj|87\/100 brn|[from] item: Leftovers\n|-damage|p2a: Slowbro|55\/100 tox|[from] psn\n|-damage|p1a: corvifaifjlkdsfj|81\/100 brn|[from] brn\n|upkeep\n|turn|161\n|\n|t:|1701128773\n|switch|p1a: hi|Toxapex, F, tera:Psychic|100\/100 brn\n|move|p2a: Slowbro|Scald|p1a: hi\n|-damage|p1a: hi|78\/100 brn\n|\n|-damage|p2a: Slowbro|43\/100 tox|[from] psn\n|-damage|p1a: hi|72\/100 brn|[from] brn\n|upkeep\n|turn|162\n|\n|t:|1701128777\n|switch|p1a: corvifaifjlkdsfj|Corviknight, F|81\/100 brn\n|-ability|p1a: corvifaifjlkdsfj|Pressure\n|move|p2a: Slowbro|Teleport|p2a: Slowbro\n|\n|t:|1701128781\n|switch|p2a: Scizor|Scizor-Mega, F|100\/100|[from] Teleport\n|\n|-heal|p1a: corvifaifjlkdsfj|87\/100 brn|[from] item: Leftovers\n|-damage|p1a: corvifaifjlkdsfj|81\/100 brn|[from] brn\n|upkeep\n|turn|163\n|\n|t:|1701128785\n|switch|p2a: Slowbro|Slowbro, F|76\/100 tox\n|move|p1a: corvifaifjlkdsfj|Protect||[still]\n|-fail|p1a: corvifaifjlkdsfj\n|\n|-heal|p1a: corvifaifjlkdsfj|87\/100 brn|[from] item: Leftovers\n|-damage|p2a: Slowbro|70\/100 tox|[from] psn\n|-damage|p1a: corvifaifjlkdsfj|81\/100 brn|[from] brn\n|upkeep\n|turn|164\n|\n|t:|1701128802\n|switch|p1a: hi|Toxapex, F, tera:Psychic|100\/100 brn\n|move|p2a: Slowbro|Scald|p1a: hi\n|-damage|p1a: hi|79\/100 brn\n|\n|-damage|p2a: Slowbro|58\/100 tox|[from] psn\n|-damage|p1a: hi|73\/100 brn|[from] brn\n|upkeep\n|turn|165\n|\n|t:|1701128807\n|switch|p1a: corvifaifjlkdsfj|Corviknight, F|81\/100 brn\n|-ability|p1a: corvifaifjlkdsfj|Pressure\n|move|p2a: Slowbro|Teleport|p2a: Slowbro\n|\n|t:|1701128811\n|switch|p2a: Garganacl|Garganacl, F|71\/100|[from] Teleport\n|\n|-heal|p1a: corvifaifjlkdsfj|87\/100 brn|[from] item: Leftovers\n|-damage|p1a: corvifaifjlkdsfj|81\/100 brn|[from] brn\n|upkeep\n|turn|166\n|\n|t:|1701128816\n|switch|p1a: hi22|Gliscor, M|80\/100 tox\n|switch|p2a: Iron Valiant|Iron Valiant, tera:Fighting|38\/100\n|\n|-heal|p1a: hi22|92\/100 tox|[from] ability: Poison Heal\n|upkeep\n|turn|167\n|\n|t:|1701128819\n|switch|p1a: hi|Toxapex, F, tera:Psychic|100\/100 brn\n|move|p2a: Iron Valiant|Ice Punch|p1a: hi\n|-damage|p1a: hi|76\/100 brn\n|\n|-damage|p1a: hi|70\/100 brn|[from] brn\n|upkeep\n|turn|168\n|\n|t:|1701128823\n|-end|p2a: Iron Valiant|Quark Drive|[silent]\n|switch|p2a: Gliscor|Gliscor, M|100\/100 tox\n|switch|p1a: corvifaifjlkdsfj|Corviknight, F|81\/100 brn\n|-ability|p1a: corvifaifjlkdsfj|Pressure\n|\n|-heal|p1a: corvifaifjlkdsfj|87\/100 brn|[from] item: Leftovers\n|-damage|p1a: corvifaifjlkdsfj|81\/100 brn|[from] brn\n|upkeep\n|turn|169\n|\n|t:|1701128827\n|switch|p2a: Slowbro|Slowbro, F|91\/100 tox\n|switch|p1a: hi22|Gliscor, M|92\/100 tox\n|\n|-heal|p1a: hi22|100\/100 tox|[from] ability: Poison Heal\n|-damage|p2a: Slowbro|85\/100 tox|[from] psn\n|upkeep\n|turn|170\n|\n|t:|1701128830\n|move|p1a: hi22|Spikes|p2a: Slowbro\n|-sidestart|p2: nnnbit7|Spikes\n|move|p2a: Slowbro|Scald|p1a: hi22\n|-supereffective|p1a: hi22\n|-damage|p1a: hi22|34\/100 tox\n|\n|-heal|p1a: hi22|47\/100 tox|[from] ability: Poison Heal\n|-damage|p2a: Slowbro|73\/100 tox|[from] psn\n|upkeep\n|turn|171\n|\n|t:|1701128834\n|switch|p1a: corvifaifjlkdsfj|Corviknight, F|81\/100 brn\n|-ability|p1a: corvifaifjlkdsfj|Pressure\n|move|p2a: Slowbro|Scald|p1a: corvifaifjlkdsfj\n|-damage|p1a: corvifaifjlkdsfj|60\/100 brn\n|\n|-heal|p1a: corvifaifjlkdsfj|67\/100 brn|[from] item: Leftovers\n|-damage|p2a: Slowbro|54\/100 tox|[from] psn\n|-damage|p1a: corvifaifjlkdsfj|60\/100 brn|[from] brn\n|upkeep\n|turn|172\n|\n|t:|1701128838\n|switch|p1a: hi|Toxapex, F, tera:Psychic|100\/100 brn\n|move|p2a: Slowbro|Teleport|p2a: Slowbro\n|\n|t:|1701128840\n|switch|p2a: Gliscor|Gliscor, M|100\/100 tox|[from] Teleport\n|\n|-damage|p1a: hi|95\/100 brn|[from] brn\n|upkeep\n|turn|173\n|\n|t:|1701128844\n|switch|p2a: Slowbro|Slowbro, F|88\/100 tox\n|-damage|p2a: Slowbro|75\/100 tox|[from] Spikes\n|switch|p1a: hi22|Gliscor, M|47\/100 tox\n|\n|-heal|p1a: hi22|59\/100 tox|[from] ability: Poison Heal\n|-damage|p2a: Slowbro|69\/100 tox|[from] psn\n|upkeep\n|turn|174\n|j| NicksRokaya\n|\n|t:|1701128848\n|switch|p1a: corvifaifjlkdsfj|Corviknight, F|60\/100 brn\n|-ability|p1a: corvifaifjlkdsfj|Pressure\n|move|p2a: Slowbro|Teleport|p2a: Slowbro\n|\n|t:|1701128850\n|switch|p2a: Gliscor|Gliscor, M|100\/100 tox|[from] Teleport\n|\n|-heal|p1a: corvifaifjlkdsfj|67\/100 brn|[from] item: Leftovers\n|-damage|p1a: corvifaifjlkdsfj|60\/100 brn|[from] brn\n|upkeep\n|turn|175\n|\n|t:|1701128855\n|switch|p2a: Slowbro|Slowbro, F|100\/100 tox\n|-damage|p2a: Slowbro|88\/100 tox|[from] Spikes\n|move|p1a: corvifaifjlkdsfj|Iron Head|p2a: Slowbro\n|-resisted|p2a: Slowbro\n|-crit|p2a: Slowbro\n|-damage|p2a: Slowbro|82\/100 tox\n|\n|-heal|p1a: corvifaifjlkdsfj|67\/100 brn|[from] item: Leftovers\n|-damage|p2a: Slowbro|76\/100 tox|[from] psn\n|-damage|p1a: corvifaifjlkdsfj|60\/100 brn|[from] brn\n|upkeep\n|turn|176\n|\n|t:|1701128858\n|switch|p1a: hi|Toxapex, F, tera:Psychic|100\/100 brn\n|move|p2a: Slowbro|Teleport|p2a: Slowbro\n|\n|t:|1701128860\n|switch|p2a: Gliscor|Gliscor, M|100\/100 tox|[from] Teleport\n|\n|-damage|p1a: hi|95\/100 brn|[from] brn\n|upkeep\n|turn|177\n|\n|t:|1701128862\n|switch|p1a: hi22|Gliscor, M|59\/100 tox\n|move|p2a: Gliscor|Defog|p1a: hi22\n|-unboost|p1a: hi22|evasion|1\n|-sideend|p2: nnnbit7|Spikes|[from] move: Defog|[of] p2a: Gliscor\n|\n|-heal|p1a: hi22|72\/100 tox|[from] ability: Poison Heal\n|upkeep\n|turn|178\n|\n|t:|1701128867\n|switch|p2a: Iron Valiant|Iron Valiant, tera:Fighting|38\/100\n|move|p1a: hi22|Spikes|p2a: Iron Valiant\n|-sidestart|p2: nnnbit7|Spikes\n|\n|-heal|p1a: hi22|84\/100 tox|[from] ability: Poison Heal\n|upkeep\n|turn|179\n|\n|t:|1701128869\n|move|p1a: hi22|Protect|p1a: hi22\n|-singleturn|p1a: hi22|Protect\n|move|p2a: Iron Valiant|Ice Punch|p1a: hi22\n|-activate|p1a: hi22|move: Protect\n|\n|-heal|p1a: hi22|97\/100 tox|[from] ability: Poison Heal\n|upkeep\n|turn|180\n|\n|t:|1701128871\n|switch|p1a: hi|Toxapex, F, tera:Psychic|100\/100 brn\n|move|p2a: Iron Valiant|Ice Punch|p1a: hi\n|-damage|p1a: hi|77\/100 brn\n|\n|-damage|p1a: hi|71\/100 brn|[from] brn\n|upkeep\n|turn|181\n|\n|t:|1701128875\n|-end|p2a: Iron Valiant|Quark Drive|[silent]\n|switch|p2a: Gliscor|Gliscor, M|100\/100 tox\n|switch|p1a: corvifaifjlkdsfj|Corviknight, F|60\/100 brn\n|-ability|p1a: corvifaifjlkdsfj|Pressure\n|\n|-heal|p1a: corvifaifjlkdsfj|67\/100 brn|[from] item: Leftovers\n|-damage|p1a: corvifaifjlkdsfj|60\/100 brn|[from] brn\n|upkeep\n|turn|182\n|\n|t:|1701128878\n|switch|p2a: Slowbro|Slowbro, F|100\/100 tox\n|-damage|p2a: Slowbro|88\/100 tox|[from] Spikes\n|move|p1a: corvifaifjlkdsfj|Protect||[still]\n|-fail|p1a: corvifaifjlkdsfj\n|\n|-heal|p1a: corvifaifjlkdsfj|67\/100 brn|[from] item: Leftovers\n|-damage|p2a: Slowbro|82\/100 tox|[from] psn\n|-damage|p1a: corvifaifjlkdsfj|60\/100 brn|[from] brn\n|upkeep\n|turn|183\n|\n|t:|1701128889\n|move|p1a: corvifaifjlkdsfj|Iron Head|p2a: Slowbro\n|-resisted|p2a: Slowbro\n|-damage|p2a: Slowbro|79\/100 tox\n|cant|p2a: Slowbro|flinch\n|\n|-heal|p1a: corvifaifjlkdsfj|67\/100 brn|[from] item: Leftovers\n|-damage|p2a: Slowbro|66\/100 tox|[from] psn\n|-damage|p1a: corvifaifjlkdsfj|60\/100 brn|[from] brn\n|upkeep\n|turn|184\n|\n|t:|1701128892\n|switch|p1a: hi22|Gliscor, M|97\/100 tox\n|switch|p2a: Gliscor|Gliscor, M|100\/100 tox\n|\n|-heal|p1a: hi22|100\/100 tox|[from] ability: Poison Heal\n|upkeep\n|turn|185\n|\n|t:|1701128899\n|switch|p1a: corvifaifjlkdsfj|Corviknight, F|60\/100 brn\n|-ability|p1a: corvifaifjlkdsfj|Pressure\n|switch|p2a: Scizor|Scizor-Mega, F|100\/100\n|-damage|p2a: Scizor|88\/100|[from] Spikes\n|\n|-heal|p1a: corvifaifjlkdsfj|67\/100 brn|[from] item: Leftovers\n|-damage|p1a: corvifaifjlkdsfj|60\/100 brn|[from] brn\n|upkeep\n|turn|186\n|\n|t:|1701128902\n|switch|p1a: hi22|Gliscor, M|100\/100 tox\n|move|p2a: Scizor|U-turn|p1a: hi22\n|-resisted|p1a: hi22\n|-damage|p1a: hi22|90\/100 tox\n|\n|t:|1701128907\n|switch|p2a: Gliscor|Gliscor, M|100\/100 tox|[from] U-turn\n|\n|-heal|p1a: hi22|100\/100 tox|[from] ability: Poison Heal\n|upkeep\n|turn|187\n|\n|t:|1701128911\n|switch|p1a: corvifaifjlkdsfj|Corviknight, F|60\/100 brn\n|-ability|p1a: corvifaifjlkdsfj|Pressure\n|switch|p2a: Scizor|Scizor-Mega, F|88\/100\n|-damage|p2a: Scizor|75\/100|[from] Spikes\n|\n|-heal|p1a: corvifaifjlkdsfj|67\/100 brn|[from] item: Leftovers\n|-damage|p1a: corvifaifjlkdsfj|60\/100 brn|[from] brn\n|upkeep\n|turn|188\n|\n|t:|1701128913\n|switch|p1a: hi22|Gliscor, M|100\/100 tox\n|move|p2a: Scizor|Swords Dance|p2a: Scizor\n|-boost|p2a: Scizor|atk|2\n|\n|upkeep\n|turn|189\n|\n|t:|1701128916\n|move|p1a: hi22|Spikes|p2a: Scizor\n|-sidestart|p2: nnnbit7|Spikes\n|move|p2a: Scizor|U-turn|p1a: hi22\n|-resisted|p1a: hi22\n|-damage|p1a: hi22|78\/100 tox\n|\n|t:|1701128918\n|switch|p2a: Gliscor|Gliscor, M|100\/100 tox|[from] U-turn\n|\n|-heal|p1a: hi22|91\/100 tox|[from] ability: Poison Heal\n|upkeep\n|turn|190\n|\n|t:|1701128920\n|switch|p1a: corvifaifjlkdsfj|Corviknight, F|60\/100 brn\n|-ability|p1a: corvifaifjlkdsfj|Pressure\n|move|p2a: Gliscor|Defog|p1a: corvifaifjlkdsfj\n|-unboost|p1a: corvifaifjlkdsfj|evasion|1\n|-sideend|p2: nnnbit7|Spikes|[from] move: Defog|[of] p2a: Gliscor\n|\n|-heal|p1a: corvifaifjlkdsfj|67\/100 brn|[from] item: Leftovers\n|-damage|p1a: corvifaifjlkdsfj|60\/100 brn|[from] brn\n|upkeep\n|turn|191\n|\n|t:|1701128923\n|switch|p2a: Scizor|Scizor-Mega, F|75\/100\n|switch|p1a: hi22|Gliscor, M|91\/100 tox\n|\n|-heal|p1a: hi22|100\/100 tox|[from] ability: Poison Heal\n|upkeep\n|turn|192\n|\n|t:|1701128926\n|move|p1a: hi22|Spikes|p2a: Scizor\n|-sidestart|p2: nnnbit7|Spikes\n|move|p2a: Scizor|Swords Dance|p2a: Scizor\n|-boost|p2a: Scizor|atk|2\n|\n|upkeep\n|turn|193\n|\n|t:|1701128928\n|move|p1a: hi22|Spikes|p2a: Scizor\n|-sidestart|p2: nnnbit7|Spikes\n|move|p2a: Scizor|Swords Dance|p2a: Scizor\n|-boost|p2a: Scizor|atk|2\n|\n|upkeep\n|turn|194\n|\n|t:|1701128932\n|switch|p1a: hi2|Dondozo, F|75\/100 slp\n|move|p2a: Scizor|Bullet Punch|p1a: hi2\n|-resisted|p1a: hi2\n|-damage|p1a: hi2|68\/100 slp\n|\n|upkeep\n|turn|195\n|\n|t:|1701128934\n|move|p2a: Scizor|U-turn|p1a: hi2\n|-damage|p1a: hi2|53\/100 slp\n|\n|t:|1701128939\n|switch|p2a: Slowbro|Slowbro, F|99\/100 tox|[from] U-turn\n|-damage|p2a: Slowbro|83\/100 tox|[from] Spikes\n|cant|p1a: hi2|slp\n|move|p1a: hi2|Sleep Talk|p1a: hi2\n|move|p1a: hi2|Rest||[from]move: Sleep Talk|[still]\n|-fail|p1a: hi2\n|\n|-damage|p2a: Slowbro|77\/100 tox|[from] psn\n|upkeep\n|turn|196\n|\n|t:|1701128943\n|cant|p1a: hi2|slp\n|move|p1a: hi2|Sleep Talk|p1a: hi2\n|move|p1a: hi2|Curse|p1a: hi2|[from]move: Sleep Talk\n|-unboost|p1a: hi2|spe|1\n|-boost|p1a: hi2|atk|1\n|-boost|p1a: hi2|def|1\n|move|p2a: Slowbro|Teleport|p2a: Slowbro\n|\n|t:|1701128947\n|switch|p2a: Gliscor|Gliscor, M|100\/100 tox|[from] Teleport\n|\n|upkeep\n|turn|197\n|\n|t:|1701128950\n|move|p2a: Gliscor|Earthquake|p1a: hi2\n|-damage|p1a: hi2|42\/100 slp\n|-curestatus|p1a: hi2|slp|[msg]\n|move|p1a: hi2|Rest|p1a: hi2\n|-status|p1a: hi2|slp|[from] move: Rest\n|-heal|p1a: hi2|100\/100 slp|[silent]\n|\n|upkeep\n|turn|198\n|\n|t:|1701128953\n|switch|p2a: Slowbro|Slowbro, F|100\/100 tox\n|-damage|p2a: Slowbro|84\/100 tox|[from] Spikes\n|switch|p1a: corvifaifjlkdsfj|Corviknight, F|60\/100 brn\n|-ability|p1a: corvifaifjlkdsfj|Pressure\n|\n|-heal|p1a: corvifaifjlkdsfj|67\/100 brn|[from] item: Leftovers\n|-damage|p2a: Slowbro|78\/100 tox|[from] psn\n|-damage|p1a: corvifaifjlkdsfj|60\/100 brn|[from] brn\n|upkeep\n|turn|199\n|\n|t:|1701128959\n|switch|p1a: hi22|Gliscor, M|100\/100 tox\n|move|p2a: Slowbro|Scald|p1a: hi22\n|-supereffective|p1a: hi22\n|-damage|p1a: hi22|38\/100 tox\n|\n|-heal|p1a: hi22|50\/100 tox|[from] ability: Poison Heal\n|-damage|p2a: Slowbro|66\/100 tox|[from] psn\n|upkeep\n|turn|200\n|\n|t:|1701128963\n|switch|p1a: hi|Toxapex, F, tera:Psychic|100\/100 brn\n|move|p2a: Slowbro|Teleport|p2a: Slowbro\n|\n|t:|1701128965\n|switch|p2a: Scizor|Scizor-Mega, F|75\/100|[from] Teleport\n|-damage|p2a: Scizor|59\/100|[from] Spikes\n|\n|-damage|p1a: hi|95\/100 brn|[from] brn\n|upkeep\n|turn|201\n|\n|t:|1701128968\n|switch|p1a: hi2|Dondozo, F|100\/100 slp\n|move|p2a: Scizor|U-turn|p1a: hi2\n|-damage|p1a: hi2|84\/100 slp\n|\n|t:|1701128973\n|switch|p2a: Gliscor|Gliscor, M|100\/100 tox|[from] U-turn\n|\n|upkeep\n|turn|202\n|\n|t:|1701128975\n|switch|p1a: hi22|Gliscor, M|50\/100 tox\n|move|p2a: Gliscor|Defog|p1a: hi22\n|-unboost|p1a: hi22|evasion|1\n|-sideend|p2: nnnbit7|Spikes|[from] move: Defog|[of] p2a: Gliscor\n|\n|-heal|p1a: hi22|63\/100 tox|[from] ability: Poison Heal\n|upkeep\n|turn|203\n|\n|t:|1701128982\n|switch|p2a: Garchomp|Garchomp, M|57\/100 tox\n|move|p1a: hi22|Spikes|p2a: Garchomp\n|-sidestart|p2: nnnbit7|Spikes\n|\n|-damage|p2a: Garchomp|51\/100 tox|[from] psn\n|-heal|p1a: hi22|75\/100 tox|[from] ability: Poison Heal\n|upkeep\n|turn|204\n|inactive|Battle timer is ON: inactive players will automatically lose when time's up. (requested by jkljlkh)\n|\n|t:|1701128984\n|move|p2a: Garchomp|Stealth Rock|p1a: hi22\n|-sidestart|p1: jkljlkh|move: Stealth Rock\n|move|p1a: hi22|Earthquake|p2a: Garchomp\n|-damage|p2a: Garchomp|15\/100 tox\n|\n|-damage|p2a: Garchomp|3\/100 tox|[from] psn\n|-heal|p1a: hi22|88\/100 tox|[from] ability: Poison Heal\n|upkeep\n|turn|205\n|\n|t:|1701128988\n|-zpower|p2a: Garchomp\n|move|p2a: Garchomp|Devastating Drake|p1a: hi22|[zeffect]\n|-damage|p1a: hi22|22\/100 tox\n|move|p1a: hi22|Spikes|p2a: Garchomp\n|-sidestart|p2: nnnbit7|Spikes\n|\n|-damage|p2a: Garchomp|0 fnt|[from] psn\n|faint|p2a: Garchomp\n|-heal|p1a: hi22|35\/100 tox|[from] ability: Poison Heal\n|upkeep\n|\n|t:|1701128993\n|switch|p2a: Iron Valiant|Iron Valiant, tera:Fighting|38\/100\n|-damage|p2a: Iron Valiant|22\/100|[from] Spikes\n|turn|206\n|\n|t:|1701128996\n|switch|p1a: hi|Toxapex, F, tera:Psychic|100\/100 brn\n|-damage|p1a: hi|88\/100 brn|[from] Stealth Rock\n|move|p2a: Iron Valiant|Ice Punch|p1a: hi\n|-damage|p1a: hi|62\/100 brn\n|\n|-damage|p1a: hi|56\/100 brn|[from] brn\n|upkeep\n|turn|207\n|\n|t:|1701129003\n|-end|p2a: Iron Valiant|Quark Drive|[silent]\n|switch|p2a: Garganacl|Garganacl, F|71\/100\n|-damage|p2a: Garganacl|54\/100|[from] Spikes\n|switch|p1a: corvifaifjlkdsfj|Corviknight, F|60\/100 brn\n|-damage|p1a: corvifaifjlkdsfj|48\/100 brn|[from] Stealth Rock\n|-ability|p1a: corvifaifjlkdsfj|Pressure\n|\n|-heal|p1a: corvifaifjlkdsfj|54\/100 brn|[from] item: Leftovers\n|-damage|p1a: corvifaifjlkdsfj|48\/100 brn|[from] brn\n|upkeep\n|turn|208\n|\n|t:|1701129010\n|move|p1a: corvifaifjlkdsfj|Roost|p1a: corvifaifjlkdsfj\n|-heal|p1a: corvifaifjlkdsfj|98\/100 brn\n|-singleturn|p1a: corvifaifjlkdsfj|move: Roost\n|move|p2a: Garganacl|Salt Cure|p1a: corvifaifjlkdsfj\n|-resisted|p1a: corvifaifjlkdsfj\n|-damage|p1a: corvifaifjlkdsfj|92\/100 brn\n|-start|p1a: corvifaifjlkdsfj|Salt Cure\n|\n|-heal|p1a: corvifaifjlkdsfj|98\/100 brn|[from] item: Leftovers\n|-damage|p1a: corvifaifjlkdsfj|92\/100 brn|[from] brn\n|-damage|p1a: corvifaifjlkdsfj|67\/100 brn|[from] Salt Cure\n|upkeep\n|turn|209\n|\n|t:|1701129019\n|switch|p1a: hi|Toxapex, F, tera:Psychic|89\/100 brn\n|-damage|p1a: hi|77\/100 brn|[from] Stealth Rock\n|switch|p2a: Slowbro|Slowbro, F|99\/100 tox\n|-damage|p2a: Slowbro|82\/100 tox|[from] Spikes\n|\n|-damage|p2a: Slowbro|76\/100 tox|[from] psn\n|-damage|p1a: hi|71\/100 brn|[from] brn\n|upkeep\n|turn|210\n|\n|t:|1701129024\n|switch|p1a: corvifaifjlkdsfj|Corviknight, F|67\/100 brn\n|-damage|p1a: corvifaifjlkdsfj|54\/100 brn|[from] Stealth Rock\n|-ability|p1a: corvifaifjlkdsfj|Pressure\n|move|p2a: Slowbro|Future Sight|p1a: corvifaifjlkdsfj\n|-start|p2a: Slowbro|move: Future Sight\n|\n|-heal|p1a: corvifaifjlkdsfj|61\/100 brn|[from] item: Leftovers\n|-damage|p2a: Slowbro|64\/100 tox|[from] psn\n|-damage|p1a: corvifaifjlkdsfj|54\/100 brn|[from] brn\n|upkeep\n|turn|211\n|\n|t:|1701129033\n|move|p1a: corvifaifjlkdsfj|Defog|p2a: Slowbro\n|-unboost|p2a: Slowbro|evasion|1\n|-sideend|p2: nnnbit7|Spikes|[from] move: Defog|[of] p1a: corvifaifjlkdsfj\n|-sideend|p1: jkljlkh|Stealth Rock|[from] move: Defog|[of] p1a: corvifaifjlkdsfj\n|move|p2a: Slowbro|Teleport|p2a: Slowbro\n|\n|t:|1701129042\n|switch|p2a: Iron Valiant|Iron Valiant, tera:Fighting|22\/100|[from] Teleport\n|\n|-heal|p1a: corvifaifjlkdsfj|61\/100 brn|[from] item: Leftovers\n|-damage|p1a: corvifaifjlkdsfj|54\/100 brn|[from] brn\n|upkeep\n|turn|212\n|\n|t:|1701129049\n|move|p1a: corvifaifjlkdsfj|Protect|p1a: corvifaifjlkdsfj\n|-singleturn|p1a: corvifaifjlkdsfj|Protect\n|move|p2a: Iron Valiant|Close Combat|p1a: corvifaifjlkdsfj\n|-activate|p1a: corvifaifjlkdsfj|move: Protect\n|\n|-end|p1a: corvifaifjlkdsfj|move: Future Sight\n|-resisted|p1a: corvifaifjlkdsfj\n|-damage|p1a: corvifaifjlkdsfj|39\/100 brn\n|-heal|p1a: corvifaifjlkdsfj|46\/100 brn|[from] item: Leftovers\n|-damage|p1a: corvifaifjlkdsfj|39\/100 brn|[from] brn\n|upkeep\n|turn|213\n|l| NicksRokaya\n|\n|t:|1701129059\n|-end|p2a: Iron Valiant|Quark Drive|[silent]\n|switch|p2a: Scizor|Scizor-Mega, F|59\/100\n|switch|p1a: hi22|Gliscor, M|35\/100 tox\n|\n|-heal|p1a: hi22|47\/100 tox|[from] ability: Poison Heal\n|upkeep\n|turn|214\n|\n|t:|1701129062\n|move|p2a: Scizor|Bullet Punch|p1a: hi22\n|-damage|p1a: hi22|29\/100 tox\n|move|p1a: hi22|Spikes|p2a: Scizor\n|-sidestart|p2: nnnbit7|Spikes\n|\n|-heal|p1a: hi22|41\/100 tox|[from] ability: Poison Heal\n|upkeep\n|turn|215\n|\n|t:|1701129067\n|switch|p1a: corvifaifjlkdsfj|Corviknight, F|39\/100 brn\n|-ability|p1a: corvifaifjlkdsfj|Pressure\n|move|p2a: Scizor|Bullet Punch|p1a: corvifaifjlkdsfj\n|-resisted|p1a: corvifaifjlkdsfj\n|-damage|p1a: corvifaifjlkdsfj|29\/100 brn\n|\n|-heal|p1a: corvifaifjlkdsfj|35\/100 brn|[from] item: Leftovers\n|-damage|p1a: corvifaifjlkdsfj|29\/100 brn|[from] brn\n|upkeep\n|turn|216\n|\n|t:|1701129070\n|move|p2a: Scizor|U-turn|p1a: corvifaifjlkdsfj\n|-resisted|p1a: corvifaifjlkdsfj\n|-damage|p1a: corvifaifjlkdsfj|22\/100 brn\n|\n|t:|1701129073\n|switch|p2a: Slowbro|Slowbro, F|97\/100 tox|[from] U-turn\n|-damage|p2a: Slowbro|85\/100 tox|[from] Spikes\n|move|p1a: corvifaifjlkdsfj|Roost|p1a: corvifaifjlkdsfj\n|-heal|p1a: corvifaifjlkdsfj|72\/100 brn\n|-singleturn|p1a: corvifaifjlkdsfj|move: Roost\n|\n|-heal|p1a: corvifaifjlkdsfj|78\/100 brn|[from] item: Leftovers\n|-damage|p2a: Slowbro|79\/100 tox|[from] psn\n|-damage|p1a: corvifaifjlkdsfj|72\/100 brn|[from] brn\n|upkeep\n|turn|217\n|\n|t:|1701129077\n|switch|p1a: hi|Toxapex, F, tera:Psychic|100\/100 brn\n|move|p2a: Slowbro|Scald|p1a: hi\n|-damage|p1a: hi|80\/100 brn\n|\n|-damage|p2a: Slowbro|67\/100 tox|[from] psn\n|-damage|p1a: hi|74\/100 brn|[from] brn\n|upkeep\n|turn|218\n|-message|nnnbit7 forfeited.\n|\n|win|jkljlkh\n|raw|jkljlkh's rating: 1893 &rarr; <strong>1905<\/strong><br \/>(+12 for winning)\n|raw|nnnbit7's rating: 1747 &rarr; <strong>1735<\/strong><br \/>(-12 for losing)\n|l|\u2606nnnbit7\n","uploadtime":1701129083,"views":14,"p1id":"jkljlkh","p2id":"nnnbit7","formatid":"gen9nationaldex","rating":1735,"private":0,"password":""}