{"id":"gen9nationaldex-1991887551","p1":"ido1234567890","p2":"itay7689","format":"[Gen 9] National Dex","log":"|j|\u2606ido1234567890\n|j|\u2606itay7689\n|t:|1700133866\n|gametype|singles\n|player|p1|ido1234567890|lucas|\n|player|p2|itay7689|cynthia-gen4|\n|teamsize|p1|6\n|teamsize|p2|6\n|gen|9\n|tier|[Gen 9] National Dex\n|rule|HP Percentage Mod: HP is shown in percentages\n|rule|Endless Battle Clause: Forcing endless battles is banned\n|rule|OHKO Clause: OHKO moves are banned\n|rule|Evasion Clause: Evasion abilities, items, and moves are banned\n|rule|Evasion Abilities Clause: Evasion abilities are banned\n|rule|Evasion Items Clause: Evasion items are banned\n|rule|Evasion Moves Clause: Evasion moves are banned\n|rule|Species Clause: Limit one of each Pok\u00e9mon\n|rule|Sleep Clause Mod: Limit one foe put to sleep\n|clearpoke\n|poke|p1|Sneasler, M|\n|poke|p1|Charizard, M|\n|poke|p1|Greninja-*, M|\n|poke|p1|Excadrill, F|\n|poke|p1|Tapu Koko|\n|poke|p1|Iron Valiant|\n|poke|p2|Kommo-o, M|\n|poke|p2|Noivern, M|\n|poke|p2|Duraludon, M|\n|poke|p2|Charizard, M|\n|poke|p2|Garchomp, M|\n|poke|p2|Haxorus, M|\n|teampreview\n|inactive|Battle timer is ON: inactive players will automatically lose when time's up. (requested by itay7689)\n|\n|t:|1700133895\n|start\n|switch|p1a: \u05d0\u05e9 \u05de\u05d9\u05de\u05e0\u05d9\u05e0\u05d2\u05d4|Greninja, M|100\/100\n|switch|p2a: Uncle Iroh|Charizard, M|100\/100\n|turn|1\n|\n|t:|1700133901\n|detailschange|p2a: Uncle Iroh|Charizard-Mega-X, M\n|-mega|p2a: Uncle Iroh|Charizard|Charizardite X\n|-zpower|p1a: \u05d0\u05e9 \u05de\u05d9\u05de\u05e0\u05d9\u05e0\u05d2\u05d4\n|move|p1a: \u05d0\u05e9 \u05de\u05d9\u05de\u05e0\u05d9\u05e0\u05d2\u05d4|Hydro Vortex|p2a: Uncle Iroh|[zeffect]\n|-damage|p2a: Uncle Iroh|5\/100\n|move|p2a: Uncle Iroh|Dragon Claw|p1a: \u05d0\u05e9 \u05de\u05d9\u05de\u05e0\u05d9\u05e0\u05d2\u05d4\n|-damage|p1a: \u05d0\u05e9 \u05de\u05d9\u05de\u05e0\u05d9\u05e0\u05d2\u05d4|11\/100\n|\n|upkeep\n|turn|2\n|\n|t:|1700133913\n|move|p1a: \u05d0\u05e9 \u05de\u05d9\u05de\u05e0\u05d9\u05e0\u05d2\u05d4|Ice Beam|p2a: Uncle Iroh\n|-damage|p2a: Uncle Iroh|0 fnt\n|faint|p2a: Uncle Iroh\n|-ability|p1a: \u05d0\u05e9 \u05de\u05d9\u05de\u05e0\u05d9\u05e0\u05d2\u05d4|Battle Bond|boost\n|-boost|p1a: \u05d0\u05e9 \u05de\u05d9\u05de\u05e0\u05d9\u05e0\u05d2\u05d4|atk|1\n|-boost|p1a: \u05d0\u05e9 \u05de\u05d9\u05de\u05e0\u05d9\u05e0\u05d2\u05d4|spa|1\n|-boost|p1a: \u05d0\u05e9 \u05de\u05d9\u05de\u05e0\u05d9\u05e0\u05d2\u05d4|spe|1\n|-activate|p1a: \u05d0\u05e9 \u05de\u05d9\u05de\u05e0\u05d9\u05e0\u05d2\u05d4|ability: Battle Bond\n|\n|upkeep\n|\n|t:|1700133917\n|switch|p2a: Egg roll|Haxorus, M|100\/100\n|-ability|p2a: Egg roll|Mold Breaker\n|turn|3\n|\n|t:|1700133928\n|switch|p1a: \u05e6\u05d0\u05e8\u05d9|Charizard, M|100\/100\n|move|p2a: Egg roll|First Impression|p1a: \u05e6\u05d0\u05e8\u05d9\n|-resisted|p1a: \u05e6\u05d0\u05e8\u05d9\n|-damage|p1a: \u05e6\u05d0\u05e8\u05d9|88\/100\n|\n|upkeep\n|turn|4\n|j| bidoofol\n|\n|t:|1700133936\n|detailschange|p1a: \u05e6\u05d0\u05e8\u05d9|Charizard-Mega-Y, M\n|-mega|p1a: \u05e6\u05d0\u05e8\u05d9|Charizard|Charizardite Y\n|-weather|SunnyDay|[from] ability: Drought|[of] p1a: \u05e6\u05d0\u05e8\u05d9\n|move|p1a: \u05e6\u05d0\u05e8\u05d9|Air Slash|p2a: Egg roll\n|-damage|p2a: Egg roll|29\/100\n|move|p2a: Egg roll|Dragon Dance|p2a: Egg roll\n|-boost|p2a: Egg roll|atk|1\n|-boost|p2a: Egg roll|spe|1\n|\n|-weather|SunnyDay|[upkeep]\n|upkeep\n|turn|5\n|\n|t:|1700133945\n|switch|p1a: \u05ea\u05e8\u05e0\u05d2\u05d5\u05dc\u05ea \u05e9\u05d5\u05de\u05e8\u05ea \u05d7\u05e9\u05de\u05dc|Tapu Koko|100\/100\n|-fieldstart|move: Electric Terrain|[from] ability: Electric Surge|[of] p1a: \u05ea\u05e8\u05e0\u05d2\u05d5\u05dc\u05ea \u05e9\u05d5\u05de\u05e8\u05ea \u05d7\u05e9\u05de\u05dc\n|move|p2a: Egg roll|Outrage|p1a: \u05ea\u05e8\u05e0\u05d2\u05d5\u05dc\u05ea \u05e9\u05d5\u05de\u05e8\u05ea \u05d7\u05e9\u05de\u05dc\n|-immune|p1a: \u05ea\u05e8\u05e0\u05d2\u05d5\u05dc\u05ea \u05e9\u05d5\u05de\u05e8\u05ea \u05d7\u05e9\u05de\u05dc\n|\n|-weather|SunnyDay|[upkeep]\n|upkeep\n|turn|6\n|\n|t:|1700133952\n|move|p2a: Egg roll|Earthquake|p1a: \u05ea\u05e8\u05e0\u05d2\u05d5\u05dc\u05ea \u05e9\u05d5\u05de\u05e8\u05ea \u05d7\u05e9\u05de\u05dc\n|-supereffective|p1a: \u05ea\u05e8\u05e0\u05d2\u05d5\u05dc\u05ea \u05e9\u05d5\u05de\u05e8\u05ea \u05d7\u05e9\u05de\u05dc\n|-damage|p1a: \u05ea\u05e8\u05e0\u05d2\u05d5\u05dc\u05ea \u05e9\u05d5\u05de\u05e8\u05ea \u05d7\u05e9\u05de\u05dc|0 fnt\n|faint|p1a: \u05ea\u05e8\u05e0\u05d2\u05d5\u05dc\u05ea \u05e9\u05d5\u05de\u05e8\u05ea \u05d7\u05e9\u05de\u05dc\n|\n|-weather|SunnyDay|[upkeep]\n|upkeep\n|\n|t:|1700133964\n|switch|p1a: \u05e1\u05e0\u05d9\u05d6\u05dc\u05e8 \u05d4\u05d9\u05e9\u05df \u05d5\u05d4\u05d8\u05d5\u05d1|Sneasler, M|100\/100\n|-enditem|p1a: \u05e1\u05e0\u05d9\u05d6\u05dc\u05e8 \u05d4\u05d9\u05e9\u05df \u05d5\u05d4\u05d8\u05d5\u05d1|Electric Seed\n|-boost|p1a: \u05e1\u05e0\u05d9\u05d6\u05dc\u05e8 \u05d4\u05d9\u05e9\u05df \u05d5\u05d4\u05d8\u05d5\u05d1|def|1|[from] item: Electric Seed\n|turn|7\n|c| bidoofol|\u05d5\u05d5\u05d0 \u05de\u05e2\u05e0\u05d9\u05d9\u05df \u05de\u05d9 \u05d9\u05e6\u05d0\n|c|\u2606ido1234567890|\u05e8\u05d2\u05e2 \u05de\u05d4\n|c|\u2606ido1234567890|\u05d4\u05d5\u05d0 \u05dc\u05d0 \u05e0\u05e2\u05d5\u05dc \u05e2\u05dc \u05d0\u05d5\u05d5\u05d8\u05e8\u05d9\u05d9\u05d2?\n|c| bidoofol|\u05dc\u05d0\n|\n|t:|1700133990\n|move|p1a: \u05e1\u05e0\u05d9\u05d6\u05dc\u05e8 \u05d4\u05d9\u05e9\u05df \u05d5\u05d4\u05d8\u05d5\u05d1|Dire Claw|p2a: Egg roll\n|-damage|p2a: Egg roll|0 fnt\n|faint|p2a: Egg roll\n|\n|-weather|SunnyDay|[upkeep]\n|upkeep\n|\n|t:|1700133994\n|switch|p2a: Sagoli's Soul|Garchomp, M|100\/100\n|turn|8\n|inactive|ido1234567890 has 270 seconds left.\n|\n|t:|1700134015\n|-terastallize|p2a: Sagoli's Soul|Dragon\n|move|p1a: \u05e1\u05e0\u05d9\u05d6\u05dc\u05e8 \u05d4\u05d9\u05e9\u05df \u05d5\u05d4\u05d8\u05d5\u05d1|Acrobatics|p2a: Sagoli's Soul\n|-damage|p2a: Sagoli's Soul|55\/100\n|-damage|p1a: \u05e1\u05e0\u05d9\u05d6\u05dc\u05e8 \u05d4\u05d9\u05e9\u05df \u05d5\u05d4\u05d8\u05d5\u05d1|88\/100|[from] ability: Rough Skin|[of] p2a: Sagoli's Soul\n|move|p2a: Sagoli's Soul|Outrage|p1a: \u05e1\u05e0\u05d9\u05d6\u05dc\u05e8 \u05d4\u05d9\u05e9\u05df \u05d5\u05d4\u05d8\u05d5\u05d1\n|-damage|p1a: \u05e1\u05e0\u05d9\u05d6\u05dc\u05e8 \u05d4\u05d9\u05e9\u05df \u05d5\u05d4\u05d8\u05d5\u05d1|0 fnt\n|faint|p1a: \u05e1\u05e0\u05d9\u05d6\u05dc\u05e8 \u05d4\u05d9\u05e9\u05df \u05d5\u05d4\u05d8\u05d5\u05d1\n|\n|-weather|none\n|upkeep\n|inactive|ido1234567890 has 270 seconds left.\n|\n|t:|1700134024\n|switch|p1a: \u05d2\u05d0\u05dc\u05d9\u05d5\u05d0\u05e8 \u05de\u05d2\u05d4 \u05e8\u05d5\u05d1\u05d5\u05d8\u05d9|Iron Valiant|100\/100\n|-activate|p1a: \u05d2\u05d0\u05dc\u05d9\u05d5\u05d0\u05e8 \u05de\u05d2\u05d4 \u05e8\u05d5\u05d1\u05d5\u05d8\u05d9|ability: Quark Drive\n|-start|p1a: \u05d2\u05d0\u05dc\u05d9\u05d5\u05d0\u05e8 \u05de\u05d2\u05d4 \u05e8\u05d5\u05d1\u05d5\u05d8\u05d9|quarkdrivespe\n|turn|9\n|\n|t:|1700134027\n|move|p1a: \u05d2\u05d0\u05dc\u05d9\u05d5\u05d0\u05e8 \u05de\u05d2\u05d4 \u05e8\u05d5\u05d1\u05d5\u05d8\u05d9|Moonblast|p2a: Sagoli's Soul\n|-supereffective|p2a: Sagoli's Soul\n|-damage|p2a: Sagoli's Soul|0 fnt\n|faint|p2a: Sagoli's Soul\n|\n|upkeep\n|\n|t:|1700134031\n|switch|p2a: \u05d2\u05d5\u05e9 \u05e4\u05dc\u05d3\u05d4|Duraludon, M|100\/100\n|turn|10\n|\n|t:|1700134048\n|-terastallize|p1a: \u05d2\u05d0\u05dc\u05d9\u05d5\u05d0\u05e8 \u05de\u05d2\u05d4 \u05e8\u05d5\u05d1\u05d5\u05d8\u05d9|Electric\n|move|p1a: \u05d2\u05d0\u05dc\u05d9\u05d5\u05d0\u05e8 \u05de\u05d2\u05d4 \u05e8\u05d5\u05d1\u05d5\u05d8\u05d9|Thunderbolt|p2a: \u05d2\u05d5\u05e9 \u05e4\u05dc\u05d3\u05d4\n|-resisted|p2a: \u05d2\u05d5\u05e9 \u05e4\u05dc\u05d3\u05d4\n|-damage|p2a: \u05d2\u05d5\u05e9 \u05e4\u05dc\u05d3\u05d4|59\/100\n|move|p2a: \u05d2\u05d5\u05e9 \u05e4\u05dc\u05d3\u05d4|Flash Cannon|p1a: \u05d2\u05d0\u05dc\u05d9\u05d5\u05d0\u05e8 \u05de\u05d2\u05d4 \u05e8\u05d5\u05d1\u05d5\u05d8\u05d9\n|-resisted|p1a: \u05d2\u05d0\u05dc\u05d9\u05d5\u05d0\u05e8 \u05de\u05d2\u05d4 \u05e8\u05d5\u05d1\u05d5\u05d8\u05d9\n|-damage|p1a: \u05d2\u05d0\u05dc\u05d9\u05d5\u05d0\u05e8 \u05de\u05d2\u05d4 \u05e8\u05d5\u05d1\u05d5\u05d8\u05d9|61\/100\n|\n|upkeep\n|turn|11\n|\n|t:|1700134065\n|move|p1a: \u05d2\u05d0\u05dc\u05d9\u05d5\u05d0\u05e8 \u05de\u05d2\u05d4 \u05e8\u05d5\u05d1\u05d5\u05d8\u05d9|Close Combat|p2a: \u05d2\u05d5\u05e9 \u05e4\u05dc\u05d3\u05d4\n|-supereffective|p2a: \u05d2\u05d5\u05e9 \u05e4\u05dc\u05d3\u05d4\n|-damage|p2a: \u05d2\u05d5\u05e9 \u05e4\u05dc\u05d3\u05d4|0 fnt\n|-unboost|p1a: \u05d2\u05d0\u05dc\u05d9\u05d5\u05d0\u05e8 \u05de\u05d2\u05d4 \u05e8\u05d5\u05d1\u05d5\u05d8\u05d9|def|1\n|-unboost|p1a: \u05d2\u05d0\u05dc\u05d9\u05d5\u05d0\u05e8 \u05de\u05d2\u05d4 \u05e8\u05d5\u05d1\u05d5\u05d8\u05d9|spd|1\n|faint|p2a: \u05d2\u05d5\u05e9 \u05e4\u05dc\u05d3\u05d4\n|\n|upkeep\n|\n|t:|1700134072\n|switch|p2a: Asgore|Kommo-o, M|100\/100\n|turn|12\n|\n|t:|1700134077\n|move|p1a: \u05d2\u05d0\u05dc\u05d9\u05d5\u05d0\u05e8 \u05de\u05d2\u05d4 \u05e8\u05d5\u05d1\u05d5\u05d8\u05d9|Moonblast|p2a: Asgore\n|-supereffective|p2a: Asgore\n|-damage|p2a: Asgore|0 fnt\n|faint|p2a: Asgore\n|\n|-fieldend|move: Electric Terrain\n|-end|p1a: \u05d2\u05d0\u05dc\u05d9\u05d5\u05d0\u05e8 \u05de\u05d2\u05d4 \u05e8\u05d5\u05d1\u05d5\u05d8\u05d9|Quark Drive\n|upkeep\n|\n|t:|1700134080\n|switch|p2a: \u05e2\u05d8\u05dc\u05e4\u05d9|Noivern, M|100\/100\n|turn|13\n|c|\u2606ido1234567890|\u05d2\u05d0\u05dc\u05d9\u05d9\u05d5\u05d0\u05e8 \u05de\u05d2\u05d4 \u05e8\u05d5\u05d1\u05d5\u05d8\u05d9\n|\n|t:|1700134087\n|move|p2a: \u05e2\u05d8\u05dc\u05e4\u05d9|Boomburst|p1a: \u05d2\u05d0\u05dc\u05d9\u05d5\u05d0\u05e8 \u05de\u05d2\u05d4 \u05e8\u05d5\u05d1\u05d5\u05d8\u05d9\n|-damage|p1a: \u05d2\u05d0\u05dc\u05d9\u05d5\u05d0\u05e8 \u05de\u05d2\u05d4 \u05e8\u05d5\u05d1\u05d5\u05d8\u05d9|0 fnt\n|faint|p1a: \u05d2\u05d0\u05dc\u05d9\u05d5\u05d0\u05e8 \u05de\u05d2\u05d4 \u05e8\u05d5\u05d1\u05d5\u05d8\u05d9\n|-end|p1a: \u05d2\u05d0\u05dc\u05d9\u05d5\u05d0\u05e8 \u05de\u05d2\u05d4 \u05e8\u05d5\u05d1\u05d5\u05d8\u05d9|Quark Drive|[silent]\n|-damage|p2a: \u05e2\u05d8\u05dc\u05e4\u05d9|91\/100|[from] item: Life Orb\n|\n|upkeep\n|\n|t:|1700134091\n|switch|p1a: \u05d7\u05e4\u05e8\u05e4\u05e8\u05ea \u05e4\u05dc\u05d3\u05d4 \u05e7\u05d5\u05d3\u05d7\u05ea|Excadrill, F|100\/100\n|-ability|p1a: \u05d7\u05e4\u05e8\u05e4\u05e8\u05ea \u05e4\u05dc\u05d3\u05d4 \u05e7\u05d5\u05d3\u05d7\u05ea|Mold Breaker\n|turn|14\n|c| bidoofol|\u05d0\u05d9\u05d6\u05d4 \u05e9\u05de\u05d5\u05ea\n|\n|t:|1700134096\n|move|p1a: \u05d7\u05e4\u05e8\u05e4\u05e8\u05ea \u05e4\u05dc\u05d3\u05d4 \u05e7\u05d5\u05d3\u05d7\u05ea|Iron Head|p2a: \u05e2\u05d8\u05dc\u05e4\u05d9\n|-damage|p2a: \u05e2\u05d8\u05dc\u05e4\u05d9|32\/100\n|move|p2a: \u05e2\u05d8\u05dc\u05e4\u05d9|Flamethrower|p1a: \u05d7\u05e4\u05e8\u05e4\u05e8\u05ea \u05e4\u05dc\u05d3\u05d4 \u05e7\u05d5\u05d3\u05d7\u05ea\n|-supereffective|p1a: \u05d7\u05e4\u05e8\u05e4\u05e8\u05ea \u05e4\u05dc\u05d3\u05d4 \u05e7\u05d5\u05d3\u05d7\u05ea\n|-damage|p1a: \u05d7\u05e4\u05e8\u05e4\u05e8\u05ea \u05e4\u05dc\u05d3\u05d4 \u05e7\u05d5\u05d3\u05d7\u05ea|8\/100\n|-damage|p2a: \u05e2\u05d8\u05dc\u05e4\u05d9|22\/100|[from] item: Life Orb\n|\n|upkeep\n|turn|15\n|\n|t:|1700134100\n|move|p1a: \u05d7\u05e4\u05e8\u05e4\u05e8\u05ea \u05e4\u05dc\u05d3\u05d4 \u05e7\u05d5\u05d3\u05d7\u05ea|Iron Head|p2a: \u05e2\u05d8\u05dc\u05e4\u05d9\n|-damage|p2a: \u05e2\u05d8\u05dc\u05e4\u05d9|0 fnt\n|faint|p2a: \u05e2\u05d8\u05dc\u05e4\u05d9\n|\n|win|ido1234567890\n|l|\u2606itay7689\n","uploadtime":1700134105,"views":11,"p1id":"ido1234567890","p2id":"itay7689","formatid":"gen9nationaldex","rating":0,"private":0,"password":""}