{"id":"gen9nationaldex-1998805754","p1":"taowang","p2":"maker777","format":"[Gen 9] National Dex","log":"|html|<div class=\"broadcast-blue\"><strong>[Gen 9] National Dex is currently suspecting Sneasler! For information on how to participate check out the <a href=\"https:\/\/www.smogon.com\/forums\/threads\/sv-national-dex-suspect-8-just-dance.3731534\/\">suspect thread<\/a>.<\/strong><\/div>\n|j|\u2606taowang\n|j|\u2606maker777\n|t:|1700994666\n|gametype|singles\n|player|p1|taowang|102|1548\n|player|p2|maker777|102|1562\n|teamsize|p1|6\n|teamsize|p2|6\n|gen|9\n|tier|[Gen 9] National Dex\n|rated|\n|rule|HP Percentage Mod: HP is shown in percentages\n|rule|Endless Battle Clause: Forcing endless battles is banned\n|rule|OHKO Clause: OHKO moves are banned\n|rule|Evasion Clause: Evasion abilities, items, and moves are banned\n|rule|Evasion Abilities Clause: Evasion abilities are banned\n|rule|Evasion Items Clause: Evasion items are banned\n|rule|Evasion Moves Clause: Evasion moves are banned\n|rule|Species Clause: Limit one of each Pok\u00e9mon\n|rule|Sleep Clause Mod: Limit one foe put to sleep\n|clearpoke\n|poke|p1|Toxapex, F|\n|poke|p1|Dondozo, F|\n|poke|p1|Garganacl, F|\n|poke|p1|Sableye, F|\n|poke|p1|Corviknight, F|\n|poke|p1|Gliscor, F|\n|poke|p2|Scizor, F|\n|poke|p2|Slowbro, F|\n|poke|p2|Gliscor, M|\n|poke|p2|Heatran, M|\n|poke|p2|Dragonite, F|\n|poke|p2|Iron Valiant|\n|teampreview\n|inactive|Battle timer is ON: inactive players will automatically lose when time's up. (requested by taowang)\n|\n|t:|1700994689\n|start\n|switch|p1a: Sableye|Sableye, F, shiny|100\/100\n|switch|p2a: Gliscor|Gliscor, M|100\/100\n|turn|1\n|\n|t:|1700994694\n|detailschange|p1a: Sableye|Sableye-Mega, F, shiny\n|-mega|p1a: Sableye|Sableye|Sablenite\n|move|p2a: Gliscor|Protect|p2a: Gliscor\n|-singleturn|p2a: Gliscor|Protect\n|move|p1a: Sableye|Knock Off|p2a: Gliscor\n|-activate|p2a: Gliscor|move: Protect\n|\n|-status|p2a: Gliscor|tox|[from] item: Toxic Orb\n|upkeep\n|turn|2\n|\n|t:|1700994710\n|switch|p1a: Gliscor|Gliscor, F, shiny|100\/100\n|move|p2a: Gliscor|Substitute|p2a: Gliscor\n|-start|p2a: Gliscor|Substitute\n|-damage|p2a: Gliscor|76\/100 tox\n|\n|-heal|p2a: Gliscor|88\/100 tox|[from] ability: Poison Heal\n|-status|p1a: Gliscor|tox|[from] item: Toxic Orb\n|upkeep\n|turn|3\n|\n|t:|1700994734\n|switch|p2a: Scizor|Scizor, F|100\/100\n|switch|p1a: Dondozo|Dondozo, F|100\/100\n|\n|upkeep\n|turn|4\n|\n|t:|1700994745\n|detailschange|p2a: Scizor|Scizor-Mega, F\n|-mega|p2a: Scizor|Scizor|Scizorite\n|move|p2a: Scizor|U-turn|p1a: Dondozo\n|-damage|p1a: Dondozo|82\/100\n|\n|t:|1700994750\n|switch|p2a: Dragonite|Dragonite, F|100\/100|[from] U-turn\n|move|p1a: Dondozo|Curse|p1a: Dondozo\n|-unboost|p1a: Dondozo|spe|1\n|-boost|p1a: Dondozo|atk|1\n|-boost|p1a: Dondozo|def|1\n|\n|-heal|p1a: Dondozo|88\/100|[from] item: Leftovers\n|upkeep\n|turn|5\n|\n|t:|1700994756\n|move|p2a: Dragonite|Encore|p1a: Dondozo\n|-start|p1a: Dondozo|Encore\n|move|p1a: Dondozo|Curse|p1a: Dondozo\n|-unboost|p1a: Dondozo|spe|1\n|-boost|p1a: Dondozo|atk|1\n|-boost|p1a: Dondozo|def|1\n|\n|-heal|p1a: Dondozo|94\/100|[from] item: Leftovers\n|upkeep\n|turn|6\n|\n|t:|1700994764\n|switch|p2a: Iron Valiant|Iron Valiant|100\/100\n|-enditem|p2a: Iron Valiant|Booster Energy\n|-activate|p2a: Iron Valiant|ability: Quark Drive|[fromitem]\n|-start|p2a: Iron Valiant|quarkdrivespe\n|switch|p1a: Sableye|Sableye-Mega, F, shiny|100\/100\n|\n|upkeep\n|turn|7\n|\n|t:|1700994777\n|move|p1a: Sableye|Protect|p1a: Sableye\n|-singleturn|p1a: Sableye|Protect\n|move|p2a: Iron Valiant|Moonblast|p1a: Sableye\n|-activate|p1a: Sableye|move: Protect\n|\n|upkeep\n|turn|8\n|\n|t:|1700994782\n|switch|p1a: Corviknight|Corviknight, F, shiny|100\/100\n|-ability|p1a: Corviknight|Pressure\n|move|p2a: Iron Valiant|Moonblast|p1a: Corviknight\n|-resisted|p1a: Corviknight\n|-damage|p1a: Corviknight|85\/100\n|\n|-heal|p1a: Corviknight|91\/100|[from] item: Leftovers\n|upkeep\n|turn|9\n|\n|t:|1700994791\n|move|p1a: Corviknight|Protect|p1a: Corviknight\n|-singleturn|p1a: Corviknight|Protect\n|move|p2a: Iron Valiant|Calm Mind|p2a: Iron Valiant\n|-boost|p2a: Iron Valiant|spa|1\n|-boost|p2a: Iron Valiant|spd|1\n|\n|-heal|p1a: Corviknight|97\/100|[from] item: Leftovers\n|upkeep\n|turn|10\n|\n|t:|1700994801\n|move|p2a: Iron Valiant|Thunderbolt|p1a: Corviknight\n|-supereffective|p1a: Corviknight\n|-damage|p1a: Corviknight|34\/100\n|move|p1a: Corviknight|U-turn|p2a: Iron Valiant\n|-resisted|p2a: Iron Valiant\n|-damage|p2a: Iron Valiant|96\/100\n|\n|t:|1700994805\n|switch|p1a: Garganacl|Garganacl, F|100\/100|[from] U-turn\n|\n|upkeep\n|turn|11\n|\n|t:|1700994819\n|-terastallize|p2a: Iron Valiant|Fairy\n|-terastallize|p1a: Garganacl|Ghost\n|move|p2a: Iron Valiant|Moonblast|p1a: Garganacl\n|-damage|p1a: Garganacl|44\/100\n|-unboost|p1a: Garganacl|spa|1\n|move|p1a: Garganacl|Salt Cure|p2a: Iron Valiant\n|-damage|p2a: Iron Valiant|78\/100\n|-start|p2a: Iron Valiant|Salt Cure\n|\n|-heal|p1a: Garganacl|50\/100|[from] item: Leftovers\n|-damage|p2a: Iron Valiant|65\/100|[from] Salt Cure\n|upkeep\n|turn|12\n|\n|t:|1700994831\n|move|p1a: Garganacl|Protect|p1a: Garganacl\n|-singleturn|p1a: Garganacl|Protect\n|move|p2a: Iron Valiant|Calm Mind|p2a: Iron Valiant\n|-boost|p2a: Iron Valiant|spa|1\n|-boost|p2a: Iron Valiant|spd|1\n|\n|-heal|p1a: Garganacl|57\/100|[from] item: Leftovers\n|-damage|p2a: Iron Valiant|53\/100|[from] Salt Cure\n|upkeep\n|turn|13\n|\n|t:|1700994846\n|move|p2a: Iron Valiant|Moonblast|p1a: Garganacl\n|-damage|p1a: Garganacl|0 fnt\n|faint|p1a: Garganacl\n|\n|-damage|p2a: Iron Valiant|40\/100|[from] Salt Cure\n|upkeep\n|\n|t:|1700994858\n|switch|p1a: Corviknight|Corviknight, F, shiny|34\/100\n|-ability|p1a: Corviknight|Pressure\n|turn|14\n|\n|t:|1700994863\n|move|p2a: Iron Valiant|Thunderbolt|p1a: Corviknight\n|-supereffective|p1a: Corviknight\n|-damage|p1a: Corviknight|0 fnt\n|faint|p1a: Corviknight\n|\n|-damage|p2a: Iron Valiant|28\/100|[from] Salt Cure\n|upkeep\n|\n|t:|1700994869\n|switch|p1a: Sableye|Sableye-Mega, F, shiny|100\/100\n|turn|15\n|\n|t:|1700994888\n|-end|p2a: Iron Valiant|Quark Drive|[silent]\n|switch|p2a: Gliscor|Gliscor, M|88\/100 tox\n|move|p1a: Sableye|Protect||[still]\n|-fail|p1a: Sableye\n|\n|-heal|p2a: Gliscor|100\/100 tox|[from] ability: Poison Heal\n|upkeep\n|turn|16\n|\n|t:|1700994898\n|switch|p2a: Scizor|Scizor-Mega, F|100\/100\n|switch|p1a: Dondozo|Dondozo, F|94\/100\n|\n|-heal|p1a: Dondozo|100\/100|[from] item: Leftovers\n|upkeep\n|turn|17\n|\n|t:|1700994901\n|move|p2a: Scizor|U-turn|p1a: Dondozo\n|-damage|p1a: Dondozo|80\/100\n|\n|t:|1700994906\n|switch|p2a: Dragonite|Dragonite, F|100\/100|[from] U-turn\n|move|p1a: Dondozo|Liquidation|p2a: Dragonite\n|-resisted|p2a: Dragonite\n|-damage|p2a: Dragonite|92\/100\n|\n|-heal|p1a: Dondozo|87\/100|[from] item: Leftovers\n|upkeep\n|turn|18\n|\n|t:|1700994913\n|switch|p1a: Sableye|Sableye-Mega, F, shiny|100\/100\n|move|p2a: Dragonite|Earthquake|p1a: Sableye\n|-damage|p1a: Sableye|73\/100\n|\n|upkeep\n|turn|19\n|\n|t:|1700994919\n|switch|p2a: Gliscor|Gliscor, M|100\/100 tox\n|move|p1a: Sableye|Will-O-Wisp||[still]\n|-fail|p1a: Sableye\n|\n|upkeep\n|turn|20\n|\n|t:|1700994927\n|switch|p1a: Dondozo|Dondozo, F|87\/100\n|move|p2a: Gliscor|Earthquake|p1a: Dondozo\n|-damage|p1a: Dondozo|72\/100\n|\n|-heal|p1a: Dondozo|78\/100|[from] item: Leftovers\n|upkeep\n|turn|21\n|\n|t:|1700994934\n|switch|p2a: Dragonite|Dragonite, F|92\/100\n|switch|p1a: Sableye|Sableye-Mega, F, shiny|73\/100\n|\n|upkeep\n|turn|22\n|l|\u2606maker777\n|inactive|maker777 disconnected and has a minute to reconnect!\n|player|p2|\n|j|\u2606maker777\n|inactive|maker777 reconnected and has 130 seconds left.\n|player|p2|maker777|102\n|\n|t:|1700994962\n|switch|p2a: Gliscor|Gliscor, M|100\/100 tox\n|move|p1a: Sableye|Will-O-Wisp|p2a: Gliscor|[miss]\n|-miss|p1a: Sableye|p2a: Gliscor\n|\n|upkeep\n|turn|23\n|\n|t:|1700994978\n|switch|p2a: Slowbro|Slowbro, F|100\/100\n|switch|p1a: Gliscor|Gliscor, F, shiny|100\/100 tox\n|\n|upkeep\n|turn|24\n|\n|t:|1700994990\n|switch|p2a: Gliscor|Gliscor, M|100\/100 tox\n|move|p1a: Gliscor|Toxic|p2a: Gliscor\n|-fail|p2a: Gliscor|tox\n|\n|upkeep\n|turn|25\n|-message|taowang forfeited.\n|\n|win|maker777\n|raw|taowang's rating: 1548 &rarr; <strong>1529<\/strong><br \/>(-19 for losing)\n|raw|maker777's rating: 1562 &rarr; <strong>1581<\/strong><br \/>(+19 for winning)\n|l|\u2606taowang\n","uploadtime":1700995203,"views":9,"p1id":"taowang","p2id":"maker777","formatid":"gen9nationaldex","rating":1529,"private":0,"password":""}