{"id":"gen9nationaldex-1990129131","p1":"Maxer59","p2":"CowmanderJBBWN","format":"[Gen 9] National Dex","log":"|j|\u2606Maxer59\n|j|\u2606CowmanderJBBWN\n|t:|1699927678\n|gametype|singles\n|player|p1|Maxer59|lucas|1157\n|player|p2|CowmanderJBBWN|janitor|1219\n|teamsize|p1|6\n|teamsize|p2|6\n|gen|9\n|tier|[Gen 9] National Dex\n|rated|\n|rule|HP Percentage Mod: HP is shown in percentages\n|rule|Endless Battle Clause: Forcing endless battles is banned\n|rule|OHKO Clause: OHKO moves are banned\n|rule|Evasion Clause: Evasion abilities, items, and moves are banned\n|rule|Evasion Abilities Clause: Evasion abilities are banned\n|rule|Evasion Items Clause: Evasion items are banned\n|rule|Evasion Moves Clause: Evasion moves are banned\n|rule|Species Clause: Limit one of each Pok\u00e9mon\n|rule|Sleep Clause Mod: Limit one foe put to sleep\n|clearpoke\n|poke|p1|Glimmora, F|\n|poke|p1|Sneasler, F|\n|poke|p1|Beedrill, M|\n|poke|p1|Dragalge, M|\n|poke|p1|Crobat, M|\n|poke|p1|Iron Moth|\n|poke|p2|Basculegion, M|\n|poke|p2|Meloetta|\n|poke|p2|Okidogi, M|\n|poke|p2|Meowscarada, F|\n|poke|p2|Zarude-Dada|\n|poke|p2|Tornadus-Therian, M|\n|teampreview\n|inactive|Battle timer is ON: inactive players will automatically lose when time's up. (requested by Maxer59)\n|\n|t:|1699927687\n|start\n|switch|p1a: Dragalge|Dragalge, M|100\/100\n|switch|p2a: Epic fish|Basculegion, M, shiny|100\/100\n|turn|1\n|\n|t:|1699927697\n|move|p2a: Epic fish|Scale Shot|p1a: Dragalge\n|-supereffective|p1a: Dragalge\n|-damage|p1a: Dragalge|78\/100\n|-supereffective|p1a: Dragalge\n|-damage|p1a: Dragalge|53\/100\n|-hitcount|p1a: Dragalge|2\n|-unboost|p2a: Epic fish|def|1\n|-boost|p2a: Epic fish|spe|1\n|-damage|p2a: Epic fish|91\/100|[from] item: Life Orb\n|move|p1a: Dragalge|Draco Meteor|p2a: Epic fish\n|-damage|p2a: Epic fish|0 fnt\n|-unboost|p1a: Dragalge|spa|2\n|faint|p2a: Epic fish\n|-damage|p1a: Dragalge|43\/100|[from] item: Life Orb\n|\n|upkeep\n|inactive|CowmanderJBBWN has 120 seconds left.\n|\n|t:|1699927728\n|switch|p2a: Bloons TD 6|Zarude-Dada|100\/100\n|turn|2\n|\n|t:|1699927733\n|move|p2a: Bloons TD 6|Bulk Up|p2a: Bloons TD 6\n|-boost|p2a: Bloons TD 6|atk|1\n|-boost|p2a: Bloons TD 6|def|1\n|move|p1a: Dragalge|Sludge Bomb|p2a: Bloons TD 6\n|-supereffective|p2a: Bloons TD 6\n|-damage|p2a: Bloons TD 6|42\/100\n|-damage|p1a: Dragalge|33\/100|[from] item: Life Orb\n|\n|-heal|p2a: Bloons TD 6|48\/100|[from] item: Leftovers\n|upkeep\n|turn|3\n|\n|t:|1699927748\n|move|p2a: Bloons TD 6|Darkest Lariat|p1a: Dragalge\n|-damage|p1a: Dragalge|0 fnt\n|faint|p1a: Dragalge\n|\n|-heal|p2a: Bloons TD 6|54\/100|[from] item: Leftovers\n|upkeep\n|\n|t:|1699927756\n|switch|p1a: Beedrill|Beedrill, M|100\/100\n|turn|4\n|\n|t:|1699927763\n|switch|p2a: baked macaroni|Okidogi, M|100\/100\n|detailschange|p1a: Beedrill|Beedrill-Mega, M\n|-mega|p1a: Beedrill|Beedrill|Beedrillite\n|move|p1a: Beedrill|U-turn|p2a: baked macaroni\n|-resisted|p2a: baked macaroni\n|-damage|p2a: baked macaroni|92\/100\n|\n|t:|1699927782\n|switch|p1a: Crobat|Crobat, M|100\/100|[from] U-turn\n|\n|-heal|p2a: baked macaroni|98\/100|[from] item: Black Sludge\n|upkeep\n|turn|5\n|\n|t:|1699927790\n|switch|p2a: Bloons TD 6|Zarude-Dada|54\/100\n|move|p1a: Crobat|Brave Bird|p2a: Bloons TD 6\n|-supereffective|p2a: Bloons TD 6\n|-damage|p2a: Bloons TD 6|0 fnt\n|faint|p2a: Bloons TD 6\n|-damage|p1a: Crobat|77\/100|[from] Recoil\n|\n|upkeep\n|\n|t:|1699927800\n|switch|p2a: baked macaroni|Okidogi, M|98\/100\n|turn|6\n|\n|t:|1699927805\n|move|p1a: Crobat|Brave Bird|p2a: baked macaroni\n|-supereffective|p2a: baked macaroni\n|-damage|p2a: baked macaroni|46\/100\n|-damage|p1a: Crobat|56\/100|[from] Recoil\n|move|p2a: baked macaroni|Bulk Up|p2a: baked macaroni\n|-boost|p2a: baked macaroni|atk|1\n|-boost|p2a: baked macaroni|def|1\n|\n|-heal|p2a: baked macaroni|52\/100|[from] item: Black Sludge\n|upkeep\n|turn|7\n|\n|t:|1699927811\n|move|p1a: Crobat|Brave Bird|p2a: baked macaroni\n|-supereffective|p2a: baked macaroni\n|-damage|p2a: baked macaroni|12\/100\n|-damage|p1a: Crobat|40\/100|[from] Recoil\n|move|p2a: baked macaroni|Drain Punch|p1a: Crobat\n|-resisted|p1a: Crobat\n|-damage|p1a: Crobat|25\/100\n|-heal|p2a: baked macaroni|18\/100|[from] drain|[of] p1a: Crobat\n|-enditem|p1a: Crobat|Aguav Berry|[eat]\n|-heal|p1a: Crobat|59\/100|[from] item: Aguav Berry\n|\n|-heal|p2a: baked macaroni|24\/100|[from] item: Black Sludge\n|upkeep\n|turn|8\n|\n|t:|1699927824\n|move|p1a: Crobat|Brave Bird|p2a: baked macaroni\n|-supereffective|p2a: baked macaroni\n|-damage|p2a: baked macaroni|0 fnt\n|faint|p2a: baked macaroni\n|-damage|p1a: Crobat|49\/100|[from] Recoil\n|\n|upkeep\n|\n|t:|1699927833\n|switch|p2a: Mustache bird|Tornadus-Therian, M|100\/100\n|turn|9\n|\n|t:|1699927846\n|move|p1a: Crobat|Tailwind|p1a: Crobat\n|-sidestart|p1: Maxer59|move: Tailwind\n|move|p2a: Mustache bird|Hurricane|p1a: Crobat|[miss]\n|-miss|p2a: Mustache bird|p1a: Crobat\n|\n|upkeep\n|turn|10\n|\n|t:|1699927853\n|move|p1a: Crobat|Poison Fang|p2a: Mustache bird\n|-damage|p2a: Mustache bird|72\/100\n|-status|p2a: Mustache bird|tox\n|move|p2a: Mustache bird|Hurricane|p1a: Crobat\n|-damage|p1a: Crobat|0 fnt\n|faint|p1a: Crobat\n|\n|-damage|p2a: Mustache bird|66\/100 tox|[from] psn\n|upkeep\n|\n|t:|1699927860\n|switch|p1a: Glimmora|Glimmora, F|100\/100\n|turn|11\n|\n|t:|1699927865\n|switch|p2a: Magic Cat|Meowscarada, F, shiny|100\/100\n|move|p1a: Glimmora|Power Gem|p2a: Magic Cat\n|-damage|p2a: Magic Cat|43\/100\n|\n|upkeep\n|turn|12\n|\n|t:|1699927873\n|move|p1a: Glimmora|Power Gem|p2a: Magic Cat\n|-damage|p2a: Magic Cat|0 fnt\n|faint|p2a: Magic Cat\n|\n|-sideend|p1: Maxer59|move: Tailwind\n|upkeep\n|\n|t:|1699927881\n|switch|p2a: Mustache bird|Tornadus-Therian, M|99\/100 tox\n|turn|13\n|\n|t:|1699927888\n|move|p1a: Glimmora|Spiky Shield|p1a: Glimmora\n|-singleturn|p1a: Glimmora|move: Protect\n|move|p2a: Mustache bird|Role Play|p1a: Glimmora\n|-endability|p2a: Mustache bird|Regenerator|[from] move: Role Play\n|-ability|p2a: Mustache bird|Corrosion|[from] move: Role Play|[of] p1a: Glimmora\n|\n|-damage|p2a: Mustache bird|93\/100 tox|[from] psn\n|upkeep\n|turn|14\n|c|\u2606CowmanderJBBWN|oh\n|\n|t:|1699927898\n|move|p2a: Mustache bird|Heat Wave|p1a: Glimmora\n|-resisted|p1a: Glimmora\n|-damage|p1a: Glimmora|82\/100\n|move|p1a: Glimmora|Power Gem|p2a: Mustache bird\n|-supereffective|p2a: Mustache bird\n|-crit|p2a: Mustache bird\n|-damage|p2a: Mustache bird|0 fnt\n|faint|p2a: Mustache bird\n|\n|upkeep\n|\n|t:|1699927901\n|switch|p2a: Shes on Vocal Rest|Meloetta|100\/100\n|turn|15\n|\n|t:|1699927907\n|move|p1a: Glimmora|Spiky Shield|p1a: Glimmora\n|-singleturn|p1a: Glimmora|move: Protect\n|-zpower|p2a: Shes on Vocal Rest\n|move|p2a: Shes on Vocal Rest|Z-Celebrate|p2a: Shes on Vocal Rest|[anim]Celebrate\n|-boost|p2a: Shes on Vocal Rest|atk|1|[zeffect]\n|-boost|p2a: Shes on Vocal Rest|def|1|[zeffect]\n|-boost|p2a: Shes on Vocal Rest|spa|1|[zeffect]\n|-boost|p2a: Shes on Vocal Rest|spd|1|[zeffect]\n|-boost|p2a: Shes on Vocal Rest|spe|1|[zeffect]\n|-activate|p2a: Shes on Vocal Rest|move: Celebrate\n|\n|upkeep\n|turn|16\n|\n|t:|1699927910\n|move|p2a: Shes on Vocal Rest|Calm Mind|p2a: Shes on Vocal Rest\n|-boost|p2a: Shes on Vocal Rest|spa|1\n|-boost|p2a: Shes on Vocal Rest|spd|1\n|move|p1a: Glimmora|Power Gem|p2a: Shes on Vocal Rest\n|-damage|p2a: Shes on Vocal Rest|87\/100\n|\n|upkeep\n|turn|17\n|\n|t:|1699927926\n|move|p2a: Shes on Vocal Rest|Calm Mind|p2a: Shes on Vocal Rest\n|-boost|p2a: Shes on Vocal Rest|spa|1\n|-boost|p2a: Shes on Vocal Rest|spd|1\n|move|p1a: Glimmora|Mortal Spin|p2a: Shes on Vocal Rest\n|-damage|p2a: Shes on Vocal Rest|82\/100\n|-status|p2a: Shes on Vocal Rest|psn\n|\n|-damage|p2a: Shes on Vocal Rest|70\/100 psn|[from] psn\n|upkeep\n|turn|18\n|\n|t:|1699927929\n|move|p2a: Shes on Vocal Rest|Calm Mind|p2a: Shes on Vocal Rest\n|-boost|p2a: Shes on Vocal Rest|spa|1\n|-boost|p2a: Shes on Vocal Rest|spd|1\n|move|p1a: Glimmora|Power Gem|p2a: Shes on Vocal Rest\n|-damage|p2a: Shes on Vocal Rest|61\/100 psn\n|\n|-damage|p2a: Shes on Vocal Rest|49\/100 psn|[from] psn\n|upkeep\n|turn|19\n|\n|t:|1699927936\n|move|p2a: Shes on Vocal Rest|Calm Mind|p2a: Shes on Vocal Rest\n|-boost|p2a: Shes on Vocal Rest|spa|1\n|-boost|p2a: Shes on Vocal Rest|spd|1\n|move|p1a: Glimmora|Mortal Spin|p2a: Shes on Vocal Rest\n|-damage|p2a: Shes on Vocal Rest|45\/100 psn\n|\n|-damage|p2a: Shes on Vocal Rest|32\/100 psn|[from] psn\n|upkeep\n|turn|20\n|\n|t:|1699927939\n|move|p2a: Shes on Vocal Rest|Calm Mind|p2a: Shes on Vocal Rest\n|-boost|p2a: Shes on Vocal Rest|spa|1\n|-boost|p2a: Shes on Vocal Rest|spd|1\n|move|p1a: Glimmora|Mortal Spin|p2a: Shes on Vocal Rest\n|-damage|p2a: Shes on Vocal Rest|28\/100 psn\n|\n|-damage|p2a: Shes on Vocal Rest|15\/100 psn|[from] psn\n|upkeep\n|turn|21\n|\n|t:|1699927943\n|move|p2a: Shes on Vocal Rest|Rest|p2a: Shes on Vocal Rest\n|-status|p2a: Shes on Vocal Rest|slp|[from] move: Rest\n|-heal|p2a: Shes on Vocal Rest|100\/100 slp|[silent]\n|move|p1a: Glimmora|Mortal Spin|p2a: Shes on Vocal Rest\n|-damage|p2a: Shes on Vocal Rest|96\/100 slp\n|\n|upkeep\n|turn|22\n|\n|t:|1699927952\n|switch|p1a: Beedrill|Beedrill-Mega, M|100\/100\n|cant|p2a: Shes on Vocal Rest|slp\n|move|p2a: Shes on Vocal Rest|Snore|p1a: Beedrill\n|-damage|p1a: Beedrill|0 fnt\n|faint|p1a: Beedrill\n|\n|upkeep\n|\n|t:|1699927959\n|switch|p1a: Sneasler|Sneasler, F|100\/100\n|turn|23\n|\n|t:|1699927964\n|move|p1a: Sneasler|Fake Out|p2a: Shes on Vocal Rest\n|-damage|p2a: Shes on Vocal Rest|84\/100 slp\n|cant|p2a: Shes on Vocal Rest|slp\n|cant|p2a: Shes on Vocal Rest|flinch\n|\n|upkeep\n|turn|24\n|\n|t:|1699927968\n|-curestatus|p2a: Shes on Vocal Rest|slp|[msg]\n|move|p2a: Shes on Vocal Rest|Rest|p2a: Shes on Vocal Rest\n|-status|p2a: Shes on Vocal Rest|slp|[from] move: Rest\n|-heal|p2a: Shes on Vocal Rest|100\/100 slp|[silent]\n|move|p1a: Sneasler|U-turn|p2a: Shes on Vocal Rest\n|-supereffective|p2a: Shes on Vocal Rest\n|-damage|p2a: Shes on Vocal Rest|64\/100 slp\n|\n|t:|1699927980\n|switch|p1a: Glimmora|Glimmora, F|82\/100|[from] U-turn\n|\n|upkeep\n|turn|25\n|\n|t:|1699927984\n|cant|p2a: Shes on Vocal Rest|slp\n|move|p2a: Shes on Vocal Rest|Snore|p1a: Glimmora\n|-resisted|p1a: Glimmora\n|-damage|p1a: Glimmora|31\/100\n|move|p1a: Glimmora|Mortal Spin|p2a: Shes on Vocal Rest\n|-damage|p2a: Shes on Vocal Rest|59\/100 slp\n|\n|upkeep\n|turn|26\n|\n|t:|1699927990\n|cant|p2a: Shes on Vocal Rest|slp\n|move|p2a: Shes on Vocal Rest|Snore|p1a: Glimmora\n|-resisted|p1a: Glimmora\n|-damage|p1a: Glimmora|0 fnt\n|faint|p1a: Glimmora\n|\n|upkeep\n|\n|t:|1699927994\n|switch|p1a: Sneasler|Sneasler, F|100\/100\n|turn|27\n|\n|t:|1699928000\n|move|p1a: Sneasler|Fake Out|p2a: Shes on Vocal Rest\n|-damage|p2a: Shes on Vocal Rest|48\/100 slp\n|-curestatus|p2a: Shes on Vocal Rest|slp|[msg]\n|cant|p2a: Shes on Vocal Rest|flinch\n|\n|upkeep\n|turn|28\n|\n|t:|1699928008\n|move|p2a: Shes on Vocal Rest|Rest|p2a: Shes on Vocal Rest\n|-status|p2a: Shes on Vocal Rest|slp|[from] move: Rest\n|-heal|p2a: Shes on Vocal Rest|100\/100 slp|[silent]\n|move|p1a: Sneasler|U-turn|p2a: Shes on Vocal Rest\n|-supereffective|p2a: Shes on Vocal Rest\n|-damage|p2a: Shes on Vocal Rest|61\/100 slp\n|\n|t:|1699928011\n|switch|p1a: Iron Moth|Iron Moth|100\/100|[from] U-turn\n|\n|upkeep\n|turn|29\n|\n|t:|1699928027\n|cant|p2a: Shes on Vocal Rest|slp\n|move|p2a: Shes on Vocal Rest|Snore|p1a: Iron Moth\n|-damage|p1a: Iron Moth|16\/100\n|move|p1a: Iron Moth|Overheat|p2a: Shes on Vocal Rest\n|-damage|p2a: Shes on Vocal Rest|47\/100 slp\n|-unboost|p1a: Iron Moth|spa|2\n|\n|upkeep\n|turn|30\n|\n|t:|1699928035\n|cant|p2a: Shes on Vocal Rest|slp\n|move|p2a: Shes on Vocal Rest|Snore|p1a: Iron Moth\n|-damage|p1a: Iron Moth|0 fnt\n|faint|p1a: Iron Moth\n|-end|p1a: Iron Moth|Quark Drive|[silent]\n|\n|upkeep\n|\n|t:|1699928039\n|switch|p1a: Sneasler|Sneasler, F|100\/100\n|turn|31\n|\n|t:|1699928042\n|move|p1a: Sneasler|Fake Out|p2a: Shes on Vocal Rest\n|-damage|p2a: Shes on Vocal Rest|36\/100 slp\n|-curestatus|p2a: Shes on Vocal Rest|slp|[msg]\n|cant|p2a: Shes on Vocal Rest|flinch\n|\n|upkeep\n|turn|32\n|\n|t:|1699928045\n|move|p2a: Shes on Vocal Rest|Rest|p2a: Shes on Vocal Rest\n|-status|p2a: Shes on Vocal Rest|slp|[from] move: Rest\n|-heal|p2a: Shes on Vocal Rest|100\/100 slp|[silent]\n|move|p1a: Sneasler|U-turn|p2a: Shes on Vocal Rest\n|-supereffective|p2a: Shes on Vocal Rest\n|-damage|p2a: Shes on Vocal Rest|65\/100 slp\n|\n|upkeep\n|turn|33\n|\n|t:|1699928050\n|cant|p2a: Shes on Vocal Rest|slp\n|move|p2a: Shes on Vocal Rest|Snore|p1a: Sneasler\n|-damage|p1a: Sneasler|23\/100\n|move|p1a: Sneasler|U-turn|p2a: Shes on Vocal Rest\n|-supereffective|p2a: Shes on Vocal Rest\n|-damage|p2a: Shes on Vocal Rest|26\/100 slp\n|\n|upkeep\n|turn|34\n|\n|t:|1699928055\n|cant|p2a: Shes on Vocal Rest|slp\n|move|p2a: Shes on Vocal Rest|Snore|p1a: Sneasler\n|-damage|p1a: Sneasler|0 fnt\n|faint|p1a: Sneasler\n|\n|win|CowmanderJBBWN\n|raw|Maxer59's rating: 1157 &rarr; <strong>1136<\/strong><br \/>(-21 for losing)\n|raw|CowmanderJBBWN's rating: 1219 &rarr; <strong>1240<\/strong><br \/>(+21 for winning)\n|l|\u2606Maxer59\n","uploadtime":1699928089,"views":9,"p1id":"maxer59","p2id":"cowmanderjbbwn","formatid":"gen9nationaldex","rating":1136,"private":0,"password":""}