{"id":"gen9nationaldex-1988422463","p1":"Raand","p2":"Masorad","format":"[Gen 9] National Dex","log":"|j|\u2606Raand\n|j|\u2606Masorad\n|t:|1699721252\n|gametype|singles\n|player|p1|Raand|plasmagrunt|1240\n|player|p2|Masorad|hugh|1202\n|teamsize|p1|6\n|teamsize|p2|6\n|gen|9\n|tier|[Gen 9] National Dex\n|rated|\n|rule|HP Percentage Mod: HP is shown in percentages\n|rule|Endless Battle Clause: Forcing endless battles is banned\n|rule|OHKO Clause: OHKO moves are banned\n|rule|Evasion Clause: Evasion abilities, items, and moves are banned\n|rule|Evasion Abilities Clause: Evasion abilities are banned\n|rule|Evasion Items Clause: Evasion items are banned\n|rule|Evasion Moves Clause: Evasion moves are banned\n|rule|Species Clause: Limit one of each Pok\u00e9mon\n|rule|Sleep Clause Mod: Limit one foe put to sleep\n|clearpoke\n|poke|p1|Sneasler, M|\n|poke|p1|Golisopod, M|\n|poke|p1|Noivern, M|\n|poke|p1|Corviknight, F|\n|poke|p1|Umbreon, M|\n|poke|p1|Absol, F|\n|poke|p2|Hoopa|\n|poke|p2|Sableye, F|\n|poke|p2|Garchomp, M|\n|poke|p2|Swellow, M|\n|poke|p2|Volcarona, F|\n|poke|p2|Registeel|\n|teampreview\n|\n|t:|1699721255\n|start\n|switch|p1a: Nagant|Sneasler, M|100\/100\n|switch|p2a: Greta|Hoopa|100\/100\n|turn|1\n|\n|t:|1699721264\n|move|p2a: Greta|Psyshock|p1a: Nagant\n|-supereffective|p1a: Nagant\n|-damage|p1a: Nagant|0 fnt\n|faint|p1a: Nagant\n|\n|upkeep\n|\n|t:|1699721268\n|switch|p1a: Volga|Golisopod, M|100\/100\n|turn|2\n|\n|t:|1699721275\n|switch|p2a: Otto|Garchomp, M|100\/100\n|move|p1a: Volga|First Impression|p2a: Otto\n|-damage|p2a: Otto|61\/100\n|-damage|p1a: Volga|88\/100|[from] ability: Rough Skin|[of] p2a: Otto\n|\n|upkeep\n|turn|3\n|\n|t:|1699721284\n|move|p2a: Otto|Scale Shot|p1a: Volga\n|-damage|p1a: Volga|80\/100\n|-damage|p1a: Volga|71\/100\n|-damage|p1a: Volga|62\/100\n|-hitcount|p1a: Volga|3\n|-unboost|p2a: Otto|def|1\n|-boost|p2a: Otto|spe|1\n|-enditem|p2a: Otto|White Herb\n|-clearnegativeboost|p2a: Otto|[silent]\n|move|p1a: Volga|Leech Life|p2a: Otto\n|-damage|p2a: Otto|26\/100\n|-heal|p1a: Volga|83\/100|[from] drain|[of] p2a: Otto\n|-damage|p1a: Volga|70\/100|[from] ability: Rough Skin|[of] p2a: Otto\n|\n|upkeep\n|turn|4\n|\n|t:|1699721307\n|move|p1a: Volga|Aqua Jet|p2a: Otto\n|-damage|p2a: Otto|7\/100\n|-damage|p1a: Volga|58\/100|[from] ability: Rough Skin|[of] p2a: Otto\n|move|p2a: Otto|Swords Dance|p2a: Otto\n|-boost|p2a: Otto|atk|2\n|\n|upkeep\n|turn|5\n|\n|t:|1699721314\n|switch|p2a: 5ushi|Registeel|100\/100\n|move|p1a: Volga|Aqua Jet|p2a: 5ushi\n|-damage|p2a: 5ushi|86\/100\n|\n|-heal|p2a: 5ushi|93\/100|[from] item: Leftovers\n|upkeep\n|turn|6\n|\n|t:|1699721322\n|move|p1a: Volga|Liquidation|p2a: 5ushi\n|-damage|p2a: 5ushi|59\/100\n|move|p2a: 5ushi|Curse|p2a: 5ushi\n|-unboost|p2a: 5ushi|spe|1\n|-boost|p2a: 5ushi|atk|1\n|-boost|p2a: 5ushi|def|1\n|\n|-heal|p2a: 5ushi|65\/100|[from] item: Leftovers\n|upkeep\n|turn|7\n|\n|t:|1699721330\n|switch|p1a: Wrangel|Umbreon, M, shiny|100\/100\n|move|p2a: 5ushi|Curse|p2a: 5ushi\n|-unboost|p2a: 5ushi|spe|1\n|-boost|p2a: 5ushi|atk|1\n|-boost|p2a: 5ushi|def|1\n|\n|-heal|p2a: 5ushi|71\/100|[from] item: Leftovers\n|upkeep\n|turn|8\n|\n|t:|1699721338\n|move|p1a: Wrangel|Yawn|p2a: 5ushi\n|-start|p2a: 5ushi|move: Yawn|[of] p1a: Wrangel\n|move|p2a: 5ushi|Curse|p2a: 5ushi\n|-unboost|p2a: 5ushi|spe|1\n|-boost|p2a: 5ushi|atk|1\n|-boost|p2a: 5ushi|def|1\n|\n|-heal|p2a: 5ushi|77\/100|[from] item: Leftovers\n|upkeep\n|turn|9\n|\n|t:|1699721346\n|move|p1a: Wrangel|Foul Play|p2a: 5ushi\n|-damage|p2a: 5ushi|59\/100\n|move|p2a: 5ushi|Rest|p2a: 5ushi\n|-status|p2a: 5ushi|slp|[from] move: Rest\n|-heal|p2a: 5ushi|100\/100 slp|[silent]\n|\n|-end|p2a: 5ushi|move: Yawn|[silent]\n|upkeep\n|turn|10\n|\n|t:|1699721352\n|switch|p1a: Fulcrum|Noivern, M|100\/100\n|cant|p2a: 5ushi|slp\n|move|p2a: 5ushi|Sleep Talk|p2a: 5ushi\n|move|p2a: 5ushi|Iron Head|p1a: Fulcrum|[from]move: Sleep Talk\n|-damage|p1a: Fulcrum|24\/100\n|\n|upkeep\n|turn|11\n|\n|t:|1699721360\n|move|p1a: Fulcrum|Flamethrower|p2a: 5ushi\n|-supereffective|p2a: 5ushi\n|-damage|p2a: 5ushi|68\/100 slp\n|-damage|p1a: Fulcrum|14\/100|[from] item: Life Orb\n|cant|p2a: 5ushi|slp\n|move|p2a: 5ushi|Sleep Talk|p2a: 5ushi\n|move|p2a: 5ushi|Curse|p2a: 5ushi|[from]move: Sleep Talk\n|-unboost|p2a: 5ushi|spe|1\n|-boost|p2a: 5ushi|atk|1\n|-boost|p2a: 5ushi|def|1\n|\n|-heal|p2a: 5ushi|74\/100 slp|[from] item: Leftovers\n|upkeep\n|turn|12\n|\n|t:|1699721371\n|move|p1a: Fulcrum|Flamethrower|p2a: 5ushi\n|-supereffective|p2a: 5ushi\n|-damage|p2a: 5ushi|43\/100 slp\n|-damage|p1a: Fulcrum|4\/100|[from] item: Life Orb\n|-curestatus|p2a: 5ushi|slp|[msg]\n|move|p2a: 5ushi|Iron Head|p1a: Fulcrum\n|-damage|p1a: Fulcrum|0 fnt\n|faint|p1a: Fulcrum\n|\n|-heal|p2a: 5ushi|49\/100|[from] item: Leftovers\n|upkeep\n|\n|t:|1699721382\n|switch|p1a: Oko|Absol, F|100\/100\n|-ability|p1a: Oko|Pressure\n|turn|13\n|\n|t:|1699721391\n|detailschange|p1a: Oko|Absol-Mega, F\n|-mega|p1a: Oko|Absol|Absolite\n|-terastallize|p2a: 5ushi|Dragon\n|move|p1a: Oko|Close Combat|p2a: 5ushi\n|-damage|p2a: 5ushi|40\/100\n|-unboost|p1a: Oko|def|1\n|-unboost|p1a: Oko|spd|1\n|move|p2a: 5ushi|Rest|p2a: 5ushi\n|-status|p2a: 5ushi|slp|[from] move: Rest\n|-heal|p2a: 5ushi|100\/100 slp|[silent]\n|\n|upkeep\n|turn|14\n|\n|t:|1699721403\n|move|p1a: Oko|Swords Dance|p1a: Oko\n|-boost|p1a: Oko|atk|2\n|cant|p2a: 5ushi|slp\n|move|p2a: 5ushi|Sleep Talk|p2a: 5ushi\n|move|p2a: 5ushi|Curse|p2a: 5ushi|[from]move: Sleep Talk\n|-unboost|p2a: 5ushi|spe|1\n|-boost|p2a: 5ushi|atk|1\n|-boost|p2a: 5ushi|def|1\n|\n|upkeep\n|turn|15\n|\n|t:|1699721412\n|move|p1a: Oko|Play Rough|p2a: 5ushi\n|-supereffective|p2a: 5ushi\n|-damage|p2a: 5ushi|75\/100 slp\n|cant|p2a: 5ushi|slp\n|move|p2a: 5ushi|Sleep Talk|p2a: 5ushi\n|move|p2a: 5ushi|Curse|p2a: 5ushi|[from]move: Sleep Talk\n|-unboost|p2a: 5ushi|spe|1\n|-boost|p2a: 5ushi|atk|1\n|-boost|p2a: 5ushi|def|1\n|\n|-heal|p2a: 5ushi|81\/100 slp|[from] item: Leftovers\n|upkeep\n|turn|16\n|\n|t:|1699721422\n|move|p1a: Oko|Play Rough|p2a: 5ushi\n|-supereffective|p2a: 5ushi\n|-damage|p2a: 5ushi|58\/100 slp\n|-curestatus|p2a: 5ushi|slp|[msg]\n|move|p2a: 5ushi|Iron Head|p1a: Oko\n|-damage|p1a: Oko|0 fnt\n|faint|p1a: Oko\n|\n|-heal|p2a: 5ushi|64\/100|[from] item: Leftovers\n|upkeep\n|-message|Raand forfeited.\n|\n|win|Masorad\n|raw|Raand's rating: 1240 &rarr; <strong>1212<\/strong><br \/>(-28 for losing)\n|raw|Masorad's rating: 1202 &rarr; <strong>1230<\/strong><br \/>(+28 for winning)\n|l|\u2606Raand\n","uploadtime":1699721439,"views":5,"p1id":"raand","p2id":"masorad","formatid":"gen9nationaldex","rating":1212,"private":0,"password":""}