{"id":"gen9nationaldex-1988486967","p1":"Prtbl_Trash","p2":"SninemaSnins","format":"[Gen 9] National Dex","log":"|j|\u2606Prtbl_Trash\n|j|\u2606SninemaSnins\n|t:|1699728174\n|gametype|singles\n|player|p1|Prtbl_Trash|rosa|1346\n|player|p2|SninemaSnins|workerice|1256\n|teamsize|p1|6\n|teamsize|p2|6\n|gen|9\n|tier|[Gen 9] National Dex\n|rated|\n|rule|HP Percentage Mod: HP is shown in percentages\n|rule|Endless Battle Clause: Forcing endless battles is banned\n|rule|OHKO Clause: OHKO moves are banned\n|rule|Evasion Clause: Evasion abilities, items, and moves are banned\n|rule|Evasion Abilities Clause: Evasion abilities are banned\n|rule|Evasion Items Clause: Evasion items are banned\n|rule|Evasion Moves Clause: Evasion moves are banned\n|rule|Species Clause: Limit one of each Pok\u00e9mon\n|rule|Sleep Clause Mod: Limit one foe put to sleep\n|clearpoke\n|poke|p1|Iron Thorns|\n|poke|p1|Slowking-Galar, F|\n|poke|p1|Gliscor, F|\n|poke|p1|Urshifu-*, F|\n|poke|p1|Sceptile, M|\n|poke|p1|Heatran, M|\n|poke|p2|Ninetales-Alola, F|\n|poke|p2|Cetitan, M|\n|poke|p2|Frosmoth, F|\n|poke|p2|Sandslash-Alola, M|\n|poke|p2|Piloswine, M|\n|poke|p2|Cloyster, M|\n|teampreview\n|inactive|Battle timer is ON: inactive players will automatically lose when time's up. (requested by Prtbl_Trash)\n|inactive|SninemaSnins has 120 seconds left.\n|\n|t:|1699728217\n|start\n|switch|p1a: Iron Thorns|Iron Thorns|100\/100\n|switch|p2a: Have an ice day|Ninetales-Alola, F|100\/100\n|-weather|Snow|[from] ability: Snow Warning|[of] p2a: Have an ice day\n|turn|1\n|\n|t:|1699728231\n|switch|p2a: Don't be so cold|Cetitan, M|100\/100\n|move|p1a: Iron Thorns|Dragon Dance|p1a: Iron Thorns\n|-boost|p1a: Iron Thorns|atk|1\n|-boost|p1a: Iron Thorns|spe|1\n|\n|-weather|Snow|[upkeep]\n|upkeep\n|turn|2\n|\n|t:|1699728248\n|-terastallize|p1a: Iron Thorns|Bug\n|move|p2a: Don't be so cold|Earthquake|p1a: Iron Thorns\n|-resisted|p1a: Iron Thorns\n|-damage|p1a: Iron Thorns|83\/100\n|move|p1a: Iron Thorns|Rock Blast|p2a: Don't be so cold|[miss]\n|-miss|p1a: Iron Thorns|p2a: Don't be so cold\n|\n|-weather|Snow|[upkeep]\n|upkeep\n|turn|3\n|\n|t:|1699728265\n|switch|p2a: Snow big deal|Piloswine, M|100\/100\n|move|p1a: Iron Thorns|Rock Blast|p2a: Snow big deal\n|-damage|p2a: Snow big deal|92\/100\n|-damage|p2a: Snow big deal|82\/100\n|-damage|p2a: Snow big deal|72\/100\n|-damage|p2a: Snow big deal|62\/100\n|-damage|p2a: Snow big deal|52\/100\n|-hitcount|p2a: Snow big deal|5\n|\n|-weather|Snow|[upkeep]\n|upkeep\n|turn|4\n|\n|t:|1699728279\n|move|p1a: Iron Thorns|Dragon Dance|p1a: Iron Thorns\n|-boost|p1a: Iron Thorns|atk|1\n|-boost|p1a: Iron Thorns|spe|1\n|move|p2a: Snow big deal|Toxic|p1a: Iron Thorns|[miss]\n|-miss|p2a: Snow big deal|p1a: Iron Thorns\n|\n|-weather|Snow|[upkeep]\n|upkeep\n|turn|5\n|\n|t:|1699728285\n|move|p1a: Iron Thorns|Rock Blast|p2a: Snow big deal\n|-damage|p2a: Snow big deal|40\/100\n|-damage|p2a: Snow big deal|29\/100\n|-damage|p2a: Snow big deal|17\/100\n|-damage|p2a: Snow big deal|4\/100\n|-crit|p2a: Snow big deal\n|-damage|p2a: Snow big deal|0 fnt\n|faint|p2a: Snow big deal\n|-hitcount|p2: Snow big deal|5\n|\n|-weather|Snow|[upkeep]\n|upkeep\n|\n|t:|1699728302\n|switch|p2a: Stay cool man|Cloyster, M|100\/100\n|turn|6\n|\n|t:|1699728305\n|move|p1a: Iron Thorns|Rock Blast|p2a: Stay cool man\n|-supereffective|p2a: Stay cool man\n|-crit|p2a: Stay cool man\n|-damage|p2a: Stay cool man|55\/100\n|-supereffective|p2a: Stay cool man\n|-crit|p2a: Stay cool man\n|-damage|p2a: Stay cool man|8\/100\n|-supereffective|p2a: Stay cool man\n|-damage|p2a: Stay cool man|0 fnt\n|faint|p2a: Stay cool man\n|-hitcount|p2: Stay cool man|3\n|\n|-weather|Snow|[upkeep]\n|upkeep\n|\n|t:|1699728314\n|switch|p2a: Chill out bro|Sandslash-Alola, M|100\/100\n|turn|7\n|\n|t:|1699728319\n|move|p1a: Iron Thorns|Earthquake|p2a: Chill out bro\n|-supereffective|p2a: Chill out bro\n|-crit|p2a: Chill out bro\n|-damage|p2a: Chill out bro|0 fnt\n|faint|p2a: Chill out bro\n|\n|-weather|Snow|[upkeep]\n|upkeep\n|\n|t:|1699728329\n|switch|p2a: Why so frostrated?|Frosmoth, F|100\/100\n|turn|8\n|\n|t:|1699728334\n|-terastallize|p2a: Why so frostrated?|Ghost\n|move|p1a: Iron Thorns|Rock Blast|p2a: Why so frostrated?\n|-damage|p2a: Why so frostrated?|48\/100\n|-crit|p2a: Why so frostrated?\n|-damage|p2a: Why so frostrated?|0 fnt\n|faint|p2a: Why so frostrated?\n|-hitcount|p2: Why so frostrated?|2\n|\n|-weather|none\n|upkeep\n|\n|t:|1699728342\n|switch|p2a: Have an ice day|Ninetales-Alola, F|100\/100\n|-weather|Snow|[from] ability: Snow Warning|[of] p2a: Have an ice day\n|turn|9\n|-message|SninemaSnins forfeited.\n|\n|win|Prtbl_Trash\n|raw|Prtbl_Trash's rating: 1346 &rarr; <strong>1361<\/strong><br \/>(+15 for winning)\n|raw|SninemaSnins's rating: 1256 &rarr; <strong>1237<\/strong><br \/>(-19 for losing)\n|l|\u2606SninemaSnins\n","uploadtime":1699728364,"views":14,"p1id":"prtbltrash","p2id":"sninemasnins","formatid":"gen9nationaldex","rating":1237,"private":0,"password":""}