{"id":"gen9nationaldex-1990988236","p1":"Spice2019","p2":"IceBerryCoffee","format":"[Gen 9] National Dex","log":"|j|\u2606Spice2019\n|j|\u2606IceBerryCoffee\n|t:|1700023924\n|gametype|singles\n|player|p1|Spice2019|artist|1217\n|player|p2|IceBerryCoffee|2|1265\n|teamsize|p1|6\n|teamsize|p2|6\n|gen|9\n|tier|[Gen 9] National Dex\n|rated|\n|rule|HP Percentage Mod: HP is shown in percentages\n|rule|Endless Battle Clause: Forcing endless battles is banned\n|rule|OHKO Clause: OHKO moves are banned\n|rule|Evasion Clause: Evasion abilities, items, and moves are banned\n|rule|Evasion Abilities Clause: Evasion abilities are banned\n|rule|Evasion Items Clause: Evasion items are banned\n|rule|Evasion Moves Clause: Evasion moves are banned\n|rule|Species Clause: Limit one of each Pok\u00e9mon\n|rule|Sleep Clause Mod: Limit one foe put to sleep\n|clearpoke\n|poke|p1|Samurott-Hisui, M|\n|poke|p1|Heatran, M|\n|poke|p1|Tornadus-Therian, M|\n|poke|p1|Serperior, F|\n|poke|p1|Manectric, F|\n|poke|p1|Excadrill, M|\n|poke|p2|Corviknight, M|\n|poke|p2|Ting-Lu|\n|poke|p2|Lopunny, M|\n|poke|p2|Rillaboom, M|\n|poke|p2|Munkidori, M|\n|poke|p2|Blacephalon|\n|teampreview\n|inactive|Battle timer is ON: inactive players will automatically lose when time's up. (requested by IceBerryCoffee)\n|inactive|Spice2019 has 120 seconds left.\n|\n|t:|1700023958\n|start\n|switch|p1a: Tornadus|Tornadus-Therian, M|100\/100\n|switch|p2a: Munkidori|Munkidori, M|100\/100\n|turn|1\n|\n|t:|1700023972\n|move|p2a: Munkidori|Parting Shot|p1a: Tornadus\n|-unboost|p1a: Tornadus|atk|1\n|-unboost|p1a: Tornadus|spa|1\n|\n|t:|1700023989\n|switch|p2a: Corviknight|Corviknight, M|100\/100|[from] Parting Shot\n|-ability|p2a: Corviknight|Pressure\n|move|p1a: Tornadus|Knock Off|p2a: Corviknight\n|-damage|p2a: Corviknight|92\/100\n|-damage|p1a: Tornadus|84\/100|[from] item: Rocky Helmet|[of] p2a: Corviknight\n|-enditem|p2a: Corviknight|Rocky Helmet|[from] move: Knock Off|[of] p1a: Tornadus\n|\n|upkeep\n|turn|2\n|\n|t:|1700023999\n|move|p1a: Tornadus|U-turn|p2a: Corviknight\n|-resisted|p2a: Corviknight\n|-damage|p2a: Corviknight|90\/100\n|\n|t:|1700024001\n|switch|p1a: Manectric|Manectric, F|100\/100|[from] U-turn\n|move|p2a: Corviknight|U-turn|p1a: Manectric\n|-damage|p1a: Manectric|76\/100\n|\n|t:|1700024013\n|switch|p2a: Ting-Lu|Ting-Lu|100\/100|[from] U-turn\n|-ability|p2a: Ting-Lu|Vessel of Ruin\n|\n|upkeep\n|turn|3\n|\n|t:|1700024020\n|detailschange|p1a: Manectric|Manectric-Mega, F\n|-mega|p1a: Manectric|Manectric|Manectite\n|-ability|p1a: Manectric|Intimidate|boost\n|-unboost|p2a: Ting-Lu|atk|1\n|move|p1a: Manectric|Hidden Power|p2a: Ting-Lu\n|-supereffective|p2a: Ting-Lu\n|-damage|p2a: Ting-Lu|81\/100\n|move|p2a: Ting-Lu|Stealth Rock|p1a: Manectric\n|-sidestart|p1: Spice2019|move: Stealth Rock\n|\n|-heal|p2a: Ting-Lu|87\/100|[from] item: Leftovers\n|upkeep\n|turn|4\n|\n|t:|1700024030\n|switch|p1a: Tornadus|Tornadus-Therian, M|100\/100\n|move|p2a: Ting-Lu|Ruination|p1a: Tornadus|[miss]\n|-miss|p2a: Ting-Lu|p1a: Tornadus\n|\n|-heal|p2a: Ting-Lu|93\/100|[from] item: Leftovers\n|upkeep\n|turn|5\n|\n|t:|1700024039\n|move|p1a: Tornadus|U-turn|p2a: Ting-Lu\n|-supereffective|p2a: Ting-Lu\n|-damage|p2a: Ting-Lu|78\/100\n|\n|t:|1700024043\n|switch|p1a: Samurott|Samurott-Hisui, M|100\/100|[from] U-turn\n|-damage|p1a: Samurott|88\/100|[from] Stealth Rock\n|move|p2a: Ting-Lu|Ruination|p1a: Samurott\n|-damage|p1a: Samurott|44\/100\n|\n|-heal|p2a: Ting-Lu|84\/100|[from] item: Leftovers\n|upkeep\n|turn|6\n|\n|t:|1700024052\n|switch|p2a: Corviknight|Corviknight, M|90\/100\n|-ability|p2a: Corviknight|Pressure\n|move|p1a: Samurott|Aqua Cutter|p2a: Corviknight\n|-damage|p2a: Corviknight|58\/100\n|\n|upkeep\n|turn|7\n|\n|t:|1700024062\n|switch|p1a: Tornadus|Tornadus-Therian, M|100\/100\n|move|p2a: Corviknight|U-turn|p1a: Tornadus\n|-resisted|p1a: Tornadus\n|-damage|p1a: Tornadus|91\/100\n|\n|t:|1700024073\n|switch|p2a: Lopunny|Lopunny, M|100\/100|[from] U-turn\n|\n|upkeep\n|turn|8\n|\n|t:|1700024083\n|detailschange|p2a: Lopunny|Lopunny-Mega, M\n|-mega|p2a: Lopunny|Lopunny|Lopunnite\n|move|p2a: Lopunny|Fake Out|p1a: Tornadus\n|-damage|p1a: Tornadus|60\/100\n|cant|p1a: Tornadus|flinch\n|\n|upkeep\n|turn|9\n|\n|t:|1700024089\n|move|p2a: Lopunny|Frustration|p1a: Tornadus\n|-damage|p1a: Tornadus|0 fnt\n|faint|p1a: Tornadus\n|\n|upkeep\n|\n|t:|1700024099\n|switch|p1a: Serperior|Serperior, F|100\/100\n|-damage|p1a: Serperior|88\/100|[from] Stealth Rock\n|turn|10\n|\n|t:|1700024105\n|move|p2a: Lopunny|U-turn|p1a: Serperior\n|-supereffective|p1a: Serperior\n|-damage|p1a: Serperior|30\/100\n|\n|t:|1700024116\n|switch|p2a: Munkidori|Munkidori, M|100\/100|[from] U-turn\n|move|p1a: Serperior|Substitute|p1a: Serperior\n|-start|p1a: Serperior|Substitute\n|-damage|p1a: Serperior|6\/100\n|\n|-heal|p1a: Serperior|12\/100|[from] item: Leftovers\n|upkeep\n|turn|11\n|\n|t:|1700024126\n|move|p2a: Munkidori|Sludge Wave|p1a: Serperior\n|-supereffective|p1a: Serperior\n|-end|p1a: Serperior|Substitute\n|move|p1a: Serperior|Glare|p2a: Munkidori\n|-status|p2a: Munkidori|par\n|\n|-heal|p1a: Serperior|18\/100|[from] item: Leftovers\n|upkeep\n|turn|12\n|\n|t:|1700024134\n|switch|p1a: Heatran|Heatran, M|100\/100\n|-damage|p1a: Heatran|88\/100|[from] Stealth Rock\n|move|p2a: Munkidori|Sludge Wave|p1a: Heatran\n|-immune|p1a: Heatran\n|\n|-heal|p1a: Heatran|94\/100|[from] item: Leftovers\n|upkeep\n|turn|13\n|\n|t:|1700024147\n|move|p2a: Munkidori|Sludge Wave|p1a: Heatran\n|-immune|p1a: Heatran\n|move|p1a: Heatran|Stealth Rock|p2a: Munkidori\n|-sidestart|p2: IceBerryCoffee|move: Stealth Rock\n|\n|-heal|p1a: Heatran|100\/100|[from] item: Leftovers\n|upkeep\n|turn|14\n|\n|t:|1700024157\n|switch|p2a: Ting-Lu|Ting-Lu|84\/100\n|-damage|p2a: Ting-Lu|78\/100|[from] Stealth Rock\n|-ability|p2a: Ting-Lu|Vessel of Ruin\n|move|p1a: Heatran|Magma Storm|p2a: Ting-Lu\n|-damage|p2a: Ting-Lu|60\/100\n|-activate|p2a: Ting-Lu|move: Magma Storm|[of] p1a: Heatran\n|\n|-heal|p2a: Ting-Lu|66\/100|[from] item: Leftovers\n|-damage|p2a: Ting-Lu|54\/100|[from] move: Magma Storm|[partiallytrapped]\n|upkeep\n|turn|15\n|\n|t:|1700024168\n|move|p1a: Heatran|Will-O-Wisp|p2a: Ting-Lu\n|-status|p2a: Ting-Lu|brn\n|move|p2a: Ting-Lu|Earthquake|p1a: Heatran\n|-supereffective|p1a: Heatran\n|-damage|p1a: Heatran|37\/100\n|\n|-heal|p1a: Heatran|43\/100|[from] item: Leftovers\n|-heal|p2a: Ting-Lu|60\/100 brn|[from] item: Leftovers\n|-damage|p2a: Ting-Lu|54\/100 brn|[from] brn\n|-damage|p2a: Ting-Lu|41\/100 brn|[from] move: Magma Storm|[partiallytrapped]\n|upkeep\n|turn|16\n|\n|t:|1700024183\n|switch|p1a: Serperior|Serperior, F|18\/100\n|-damage|p1a: Serperior|6\/100|[from] Stealth Rock\n|move|p2a: Ting-Lu|Earthquake|p1a: Serperior\n|-resisted|p1a: Serperior\n|-damage|p1a: Serperior|0 fnt\n|faint|p1a: Serperior\n|\n|-heal|p2a: Ting-Lu|48\/100 brn|[from] item: Leftovers\n|-damage|p2a: Ting-Lu|41\/100 brn|[from] brn\n|-end|p2a: Ting-Lu|Magma Storm|[partiallytrapped]|[silent]\n|upkeep\n|\n|t:|1700024187\n|switch|p1a: Excadrill|Excadrill, M|100\/100\n|-damage|p1a: Excadrill|97\/100|[from] Stealth Rock\n|-ability|p1a: Excadrill|Mold Breaker\n|turn|17\n|\n|t:|1700024196\n|switch|p2a: Blacephalon|Blacephalon|100\/100\n|-damage|p2a: Blacephalon|76\/100|[from] Stealth Rock\n|move|p1a: Excadrill|Rapid Spin|p2a: Blacephalon\n|-immune|p2a: Blacephalon\n|\n|upkeep\n|turn|18\n|\n|t:|1700024207\n|move|p2a: Blacephalon|Flamethrower|p1a: Excadrill\n|-supereffective|p1a: Excadrill\n|-damage|p1a: Excadrill|0 fnt\n|faint|p1a: Excadrill\n|-ability|p2a: Blacephalon|Beast Boost|boost\n|-boost|p2a: Blacephalon|spa|1\n|\n|upkeep\n|\n|t:|1700024210\n|switch|p1a: Samurott|Samurott-Hisui, M|44\/100\n|-damage|p1a: Samurott|32\/100|[from] Stealth Rock\n|turn|19\n|\n|t:|1700024231\n|switch|p2a: Ting-Lu|Ting-Lu|41\/100 brn\n|-damage|p2a: Ting-Lu|35\/100 brn|[from] Stealth Rock\n|-ability|p2a: Ting-Lu|Vessel of Ruin\n|move|p1a: Samurott|Ceaseless Edge|p2a: Ting-Lu|[miss]\n|-miss|p1a: Samurott|p2a: Ting-Lu\n|\n|-heal|p2a: Ting-Lu|41\/100 brn|[from] item: Leftovers\n|-damage|p2a: Ting-Lu|35\/100 brn|[from] brn\n|upkeep\n|turn|20\n|\n|t:|1700024241\n|move|p1a: Samurott|Ceaseless Edge|p2a: Ting-Lu\n|-resisted|p2a: Ting-Lu\n|-damage|p2a: Ting-Lu|22\/100 brn\n|-sidestart|p2: IceBerryCoffee|Spikes\n|move|p2a: Ting-Lu|Whirlwind|p1a: Samurott\n|drag|p1a: Manectric|Manectric-Mega, F|76\/100\n|-damage|p1a: Manectric|63\/100|[from] Stealth Rock\n|-ability|p1a: Manectric|Intimidate|boost\n|-unboost|p2a: Ting-Lu|atk|1\n|\n|-heal|p2a: Ting-Lu|29\/100 brn|[from] item: Leftovers\n|-damage|p2a: Ting-Lu|22\/100 brn|[from] brn\n|upkeep\n|turn|21\n|\n|t:|1700024255\n|move|p1a: Manectric|Flamethrower|p2a: Ting-Lu\n|-damage|p2a: Ting-Lu|10\/100 brn\n|move|p2a: Ting-Lu|Whirlwind|p1a: Manectric\n|drag|p1a: Heatran|Heatran, M|43\/100\n|-damage|p1a: Heatran|31\/100|[from] Stealth Rock\n|\n|-heal|p1a: Heatran|37\/100|[from] item: Leftovers\n|-heal|p2a: Ting-Lu|16\/100 brn|[from] item: Leftovers\n|-damage|p2a: Ting-Lu|10\/100 brn|[from] brn\n|upkeep\n|turn|22\n|\n|t:|1700024265\n|move|p1a: Heatran|Magma Storm|p2a: Ting-Lu\n|-damage|p2a: Ting-Lu|0 fnt\n|faint|p2a: Ting-Lu\n|\n|-heal|p1a: Heatran|43\/100|[from] item: Leftovers\n|upkeep\n|\n|t:|1700024280\n|switch|p2a: Lopunny|Lopunny-Mega, M|100\/100\n|-damage|p2a: Lopunny|95\/100|[from] Stealth Rock\n|-damage|p2a: Lopunny|82\/100|[from] Spikes\n|turn|23\n|\n|t:|1700024292\n|move|p2a: Lopunny|Close Combat|p1a: Heatran\n|-supereffective|p1a: Heatran\n|-damage|p1a: Heatran|0 fnt\n|-unboost|p2a: Lopunny|def|1\n|-unboost|p2a: Lopunny|spd|1\n|faint|p1a: Heatran\n|\n|upkeep\n|\n|t:|1700024295\n|switch|p1a: Manectric|Manectric-Mega, F|63\/100\n|-damage|p1a: Manectric|51\/100|[from] Stealth Rock\n|-ability|p1a: Manectric|Intimidate|boost\n|-fail|p2a: Lopunny|unboost|Attack|[from] ability: Scrappy|[of] p2a: Lopunny\n|turn|24\n|\n|t:|1700024307\n|switch|p2a: Corviknight|Corviknight, M|58\/100\n|-damage|p2a: Corviknight|46\/100|[from] Stealth Rock\n|-ability|p2a: Corviknight|Pressure\n|move|p1a: Manectric|Thunderbolt|p2a: Corviknight\n|-supereffective|p2a: Corviknight\n|-damage|p2a: Corviknight|0 fnt\n|faint|p2a: Corviknight\n|\n|upkeep\n|\n|t:|1700024317\n|switch|p2a: Blacephalon|Blacephalon|76\/100\n|-damage|p2a: Blacephalon|51\/100|[from] Stealth Rock\n|-damage|p2a: Blacephalon|39\/100|[from] Spikes\n|turn|25\n|\n|t:|1700024324\n|move|p2a: Blacephalon|Shadow Ball|p1a: Manectric\n|-damage|p1a: Manectric|0 fnt\n|faint|p1a: Manectric\n|-ability|p2a: Blacephalon|Beast Boost|boost\n|-boost|p2a: Blacephalon|spa|1\n|\n|upkeep\n|\n|t:|1700024327\n|switch|p1a: Samurott|Samurott-Hisui, M|32\/100\n|-damage|p1a: Samurott|20\/100|[from] Stealth Rock\n|turn|26\n|\n|t:|1700024332\n|move|p2a: Blacephalon|Shadow Ball|p1a: Samurott\n|-resisted|p1a: Samurott\n|-damage|p1a: Samurott|0 fnt\n|faint|p1a: Samurott\n|\n|win|IceBerryCoffee\n|raw|Spice2019's rating: 1217 &rarr; <strong>1195<\/strong><br \/>(-22 for losing)\n|raw|IceBerryCoffee's rating: 1265 &rarr; <strong>1287<\/strong><br \/>(+22 for winning)\n","uploadtime":1700024339,"views":5,"p1id":"spice2019","p2id":"iceberrycoffee","formatid":"gen9nationaldex","rating":1195,"private":0,"password":""}