{"id":"gen9nationaldex-1988032804","p1":"Gu248Br","p2":"Xero Dracohart","format":"[Gen 9] National Dex","log":"|j|\u2606Gu248Br\n|j|\u2606Xero Dracohart\n|t:|1699661407\n|gametype|singles\n|player|p1|Gu248Br|102|1210\n|player|p2|Xero Dracohart|ingo|1218\n|teamsize|p1|6\n|teamsize|p2|6\n|gen|9\n|tier|[Gen 9] National Dex\n|rated|\n|rule|HP Percentage Mod: HP is shown in percentages\n|rule|Endless Battle Clause: Forcing endless battles is banned\n|rule|OHKO Clause: OHKO moves are banned\n|rule|Evasion Clause: Evasion abilities, items, and moves are banned\n|rule|Evasion Abilities Clause: Evasion abilities are banned\n|rule|Evasion Items Clause: Evasion items are banned\n|rule|Evasion Moves Clause: Evasion moves are banned\n|rule|Species Clause: Limit one of each Pok\u00e9mon\n|rule|Sleep Clause Mod: Limit one foe put to sleep\n|clearpoke\n|poke|p1|Diancie|\n|poke|p1|Stakataka|\n|poke|p1|Mawile, F|\n|poke|p1|Porygon2|\n|poke|p1|Chandelure, M|\n|poke|p1|Jirachi|\n|poke|p2|Regigigas|\n|poke|p2|Hoopa-Unbound|\n|poke|p2|Xurkitree|\n|poke|p2|Bisharp, M|\n|poke|p2|Zoroark, M|\n|poke|p2|Grimmsnarl, M|\n|teampreview\n|inactive|Battle timer is ON: inactive players will automatically lose when time's up. (requested by Gu248Br)\n|\n|t:|1699661423\n|start\n|switch|p1a: Pato|Porygon2, shiny|100\/100\n|switch|p2a: Green Goblin|Grimmsnarl, M|100\/100\n|-ability|p1a: Pato|Download|boost\n|-boost|p1a: Pato|atk|1\n|turn|1\n|\n|t:|1699661435\n|move|p2a: Green Goblin|Taunt|p1a: Pato\n|-start|p1a: Pato|move: Taunt\n|cant|p1a: Pato|move: Taunt|Trick Room\n|\n|upkeep\n|turn|2\n|\n|t:|1699661452\n|move|p2a: Green Goblin|Parting Shot|p1a: Pato\n|-unboost|p1a: Pato|atk|1\n|-unboost|p1a: Pato|spa|1\n|\n|t:|1699661462\n|switch|p2a: Whiplash|Xurkitree|100\/100|[from] Parting Shot\n|move|p1a: Pato|Discharge|p2a: Whiplash\n|-resisted|p2a: Whiplash\n|-damage|p2a: Whiplash|87\/100\n|\n|upkeep\n|turn|3\n|\n|t:|1699661476\n|switch|p1a: Muralha|Stakataka|100\/100\n|-zpower|p2a: Whiplash\n|move|p2a: Whiplash|Z-Hypnosis|p1a: Muralha|[anim]Hypnosis\n|-boost|p2a: Whiplash|spe|1|[zeffect]\n|-status|p1a: Muralha|slp|[from] move: Hypnosis\n|\n|upkeep\n|turn|4\n|\n|t:|1699661485\n|move|p2a: Whiplash|Energy Ball|p1a: Muralha\n|-damage|p1a: Muralha|61\/100 slp\n|cant|p1a: Muralha|slp\n|\n|upkeep\n|turn|5\n|\n|t:|1699661490\n|move|p2a: Whiplash|Discharge|p1a: Muralha\n|-damage|p1a: Muralha|8\/100 slp\n|cant|p1a: Muralha|slp\n|\n|upkeep\n|turn|6\n|\n|t:|1699661497\n|move|p2a: Whiplash|Energy Ball|p1a: Muralha\n|-damage|p1a: Muralha|0 fnt\n|faint|p1a: Muralha\n|-ability|p2a: Whiplash|Beast Boost|boost\n|-boost|p2a: Whiplash|spa|1\n|\n|upkeep\n|\n|t:|1699661505\n|switch|p1a: Pato|Porygon2, shiny|100\/100\n|-ability|p1a: Pato|Download|boost\n|-boost|p1a: Pato|spa|1\n|turn|7\n|\n|t:|1699661510\n|move|p2a: Whiplash|Discharge|p1a: Pato\n|-damage|p1a: Pato|47\/100\n|-status|p1a: Pato|par\n|move|p1a: Pato|Trick Room|p1a: Pato\n|-fieldstart|move: Trick Room|[of] p1a: Pato\n|\n|upkeep\n|turn|8\n|\n|t:|1699661519\n|cant|p1a: Pato|par\n|move|p2a: Whiplash|Dazzling Gleam|p1a: Pato\n|-damage|p1a: Pato|13\/100 par\n|\n|upkeep\n|turn|9\n|\n|t:|1699661524\n|move|p1a: Pato|Ice Beam|p2a: Whiplash\n|-damage|p2a: Whiplash|25\/100\n|move|p2a: Whiplash|Energy Ball|p1a: Pato\n|-damage|p1a: Pato|0 fnt\n|faint|p1a: Pato\n|-ability|p2a: Whiplash|Beast Boost|boost\n|-boost|p2a: Whiplash|spa|1\n|\n|upkeep\n|\n|t:|1699661543\n|switch|p1a: Lanterna|Chandelure, M, shiny|100\/100\n|turn|10\n|\n|t:|1699661550\n|move|p1a: Lanterna|Energy Ball|p2a: Whiplash\n|-damage|p2a: Whiplash|0 fnt\n|faint|p2a: Whiplash\n|\n|upkeep\n|\n|t:|1699661572\n|switch|p2a: Winter Soldier|Bisharp, M|100\/100\n|turn|11\n|\n|t:|1699661579\n|-terastallize|p2a: Winter Soldier|Dark\n|move|p2a: Winter Soldier|Sucker Punch|p1a: Lanterna\n|-supereffective|p1a: Lanterna\n|-damage|p1a: Lanterna|4\/100\n|move|p1a: Lanterna|Flamethrower|p2a: Winter Soldier\n|-damage|p2a: Winter Soldier|60\/100\n|-heal|p1a: Lanterna|8\/100|[from] item: Shell Bell|[of] p2a: Winter Soldier\n|\n|-fieldend|move: Trick Room\n|upkeep\n|turn|12\n|\n|t:|1699661590\n|move|p2a: Winter Soldier|Poison Jab|p1a: Lanterna\n|-resisted|p1a: Lanterna\n|-crit|p1a: Lanterna\n|-damage|p1a: Lanterna|0 fnt\n|faint|p1a: Lanterna\n|\n|upkeep\n|\n|t:|1699661599\n|switch|p1a: Senhora|Diancie, shiny|100\/100\n|turn|13\n|\n|t:|1699661610\n|move|p2a: Winter Soldier|Poison Jab|p1a: Senhora\n|-damage|p1a: Senhora|87\/100\n|-status|p1a: Senhora|psn\n|move|p1a: Senhora|Iron Defense|p1a: Senhora\n|-boost|p1a: Senhora|def|2\n|\n|-damage|p1a: Senhora|74\/100 psn|[from] psn\n|upkeep\n|turn|14\n|\n|t:|1699661623\n|move|p2a: Winter Soldier|Swords Dance|p2a: Winter Soldier\n|-boost|p2a: Winter Soldier|atk|2\n|move|p1a: Senhora|Trick Room|p1a: Senhora\n|-fieldstart|move: Trick Room|[of] p1a: Senhora\n|\n|-damage|p1a: Senhora|62\/100 psn|[from] psn\n|upkeep\n|turn|15\n|\n|t:|1699661631\n|move|p1a: Senhora|Body Press|p2a: Winter Soldier\n|-supereffective|p2a: Winter Soldier\n|-damage|p2a: Winter Soldier|0 fnt\n|faint|p2a: Winter Soldier\n|-heal|p1a: Senhora|68\/100 psn|[from] item: Shell Bell|[of] p2: Winter Soldier\n|\n|-damage|p1a: Senhora|56\/100 psn|[from] psn\n|upkeep\n|\n|t:|1699661656\n|switch|p2a: Green Goblin|Grimmsnarl, M|100\/100\n|turn|16\n|\n|t:|1699661664\n|move|p1a: Senhora|Body Press|p2a: Green Goblin\n|-damage|p2a: Green Goblin|25\/100\n|-heal|p1a: Senhora|66\/100 psn|[from] item: Shell Bell|[of] p2a: Green Goblin\n|move|p2a: Green Goblin|Spirit Break|p1a: Senhora\n|-damage|p1a: Senhora|56\/100 psn\n|\n|-heal|p2a: Green Goblin|31\/100|[from] item: Leftovers\n|-damage|p1a: Senhora|44\/100 psn|[from] psn\n|upkeep\n|turn|17\n|\n|t:|1699661673\n|move|p2a: Green Goblin|Parting Shot|p1a: Senhora\n|-fail|p1a: Senhora|unboost|[from] ability: Clear Body|[of] p1a: Senhora\n|move|p1a: Senhora|Body Press|p2a: Green Goblin\n|-damage|p2a: Green Goblin|0 fnt\n|faint|p2a: Green Goblin\n|-heal|p1a: Senhora|48\/100 psn|[from] item: Shell Bell|[of] p2: Green Goblin\n|\n|-damage|p1a: Senhora|35\/100 psn|[from] psn\n|upkeep\n|\n|t:|1699661679\n|switch|p2a: Dr.Strange (Dark)|Hoopa-Unbound|100\/100\n|turn|18\n|\n|t:|1699661685\n|move|p1a: Senhora|Body Press|p2a: Dr.Strange (Dark)\n|-supereffective|p2a: Dr.Strange (Dark)\n|-enditem|p2a: Dr.Strange (Dark)|Focus Sash\n|-damage|p2a: Dr.Strange (Dark)|1\/100\n|replace|p2a: Loki|Zoroark, M\n|-end|p2a: Loki|Illusion\n|-heal|p1a: Senhora|46\/100 psn|[from] item: Shell Bell|[of] p2a: Loki\n|move|p2a: Loki|Extrasensory|p1a: Senhora\n|-damage|p1a: Senhora|24\/100 psn\n|\n|-damage|p1a: Senhora|12\/100 psn|[from] psn\n|-fieldend|move: Trick Room\n|upkeep\n|turn|19\n|\n|t:|1699661701\n|move|p2a: Loki|Extrasensory|p1a: Senhora\n|-damage|p1a: Senhora|0 fnt\n|faint|p1a: Senhora\n|\n|upkeep\n|\n|t:|1699661707\n|switch|p1a: Jirachi|Jirachi|100\/100\n|turn|20\n|\n|t:|1699661720\n|-terastallize|p1a: Jirachi|Steel\n|move|p2a: Loki|Dark Pulse|p1a: Jirachi\n|-damage|p1a: Jirachi|69\/100\n|move|p1a: Jirachi|Trick Room|p1a: Jirachi\n|-fieldstart|move: Trick Room|[of] p1a: Jirachi\n|\n|upkeep\n|turn|21\n|\n|t:|1699661734\n|move|p1a: Jirachi|Body Slam|p2a: Loki\n|-damage|p2a: Loki|0 fnt\n|faint|p2a: Loki\n|-heal|p1a: Jirachi|70\/100|[from] item: Shell Bell|[of] p2: Loki\n|\n|upkeep\n|\n|t:|1699661736\n|switch|p2a: Dr.Strange (Dark)|Hoopa-Unbound|100\/100\n|turn|22\n|\n|t:|1699661752\n|move|p2a: Dr.Strange (Dark)|Thunder Wave|p1a: Jirachi\n|-status|p1a: Jirachi|par\n|cant|p1a: Jirachi|par\n|\n|upkeep\n|turn|23\n|\n|t:|1699661779\n|move|p1a: Jirachi|Body Slam|p2a: Dr.Strange (Dark)\n|-damage|p2a: Dr.Strange (Dark)|74\/100\n|-status|p2a: Dr.Strange (Dark)|par\n|-heal|p1a: Jirachi|72\/100 par|[from] item: Shell Bell|[of] p2a: Dr.Strange (Dark)\n|move|p2a: Dr.Strange (Dark)|Dark Pulse|p1a: Jirachi\n|-damage|p1a: Jirachi|33\/100 par\n|\n|-heal|p2a: Dr.Strange (Dark)|80\/100 par|[from] item: Leftovers\n|upkeep\n|turn|24\n|\n|t:|1699661799\n|cant|p2a: Dr.Strange (Dark)|par\n|cant|p1a: Jirachi|par\n|\n|-heal|p2a: Dr.Strange (Dark)|86\/100 par|[from] item: Leftovers\n|-fieldend|move: Trick Room\n|upkeep\n|turn|25\n|\n|t:|1699661805\n|move|p2a: Dr.Strange (Dark)|Dark Pulse|p1a: Jirachi\n|-damage|p1a: Jirachi|0 fnt\n|faint|p1a: Jirachi\n|\n|-heal|p2a: Dr.Strange (Dark)|92\/100 par|[from] item: Leftovers\n|upkeep\n|\n|t:|1699661811\n|switch|p1a: Mo\u00e7a|Mawile, F|100\/100\n|-ability|p1a: Mo\u00e7a|Intimidate|boost\n|-unboost|p2a: Dr.Strange (Dark)|atk|1\n|turn|26\n|\n|t:|1699661827\n|detailschange|p1a: Mo\u00e7a|Mawile-Mega, F\n|-mega|p1a: Mo\u00e7a|Mawile|Mawilite\n|move|p2a: Dr.Strange (Dark)|Thunder Wave|p1a: Mo\u00e7a\n|-status|p1a: Mo\u00e7a|par\n|move|p1a: Mo\u00e7a|Play Rough|p2a: Dr.Strange (Dark)\n|-supereffective|p2a: Dr.Strange (Dark)\n|-damage|p2a: Dr.Strange (Dark)|0 fnt\n|faint|p2a: Dr.Strange (Dark)\n|\n|upkeep\n|\n|t:|1699661829\n|switch|p2a: Thanos|Regigigas, shiny|100\/100\n|-start|p2a: Thanos|ability: Slow Start\n|turn|27\n|\n|t:|1699661840\n|move|p2a: Thanos|Protect|p2a: Thanos\n|-singleturn|p2a: Thanos|Protect\n|move|p1a: Mo\u00e7a|Brick Break|p2a: Thanos\n|-activate|p2a: Thanos|move: Protect\n|\n|upkeep\n|turn|28\n|\n|t:|1699661845\n|move|p2a: Thanos|Earthquake|p1a: Mo\u00e7a\n|-supereffective|p1a: Mo\u00e7a\n|-damage|p1a: Mo\u00e7a|64\/100 par\n|move|p1a: Mo\u00e7a|Brick Break|p2a: Thanos\n|-supereffective|p2a: Thanos\n|-damage|p2a: Thanos|25\/100\n|\n|-heal|p2a: Thanos|31\/100|[from] item: Leftovers\n|upkeep\n|turn|29\n|\n|t:|1699661852\n|move|p2a: Thanos|Protect|p2a: Thanos\n|-singleturn|p2a: Thanos|Protect\n|move|p1a: Mo\u00e7a|Brick Break|p2a: Thanos\n|-activate|p2a: Thanos|move: Protect\n|\n|-heal|p2a: Thanos|37\/100|[from] item: Leftovers\n|upkeep\n|turn|30\n|\n|t:|1699661859\n|move|p2a: Thanos|Earthquake|p1a: Mo\u00e7a\n|-supereffective|p1a: Mo\u00e7a\n|-damage|p1a: Mo\u00e7a|26\/100 par\n|cant|p1a: Mo\u00e7a|par\n|\n|-heal|p2a: Thanos|43\/100|[from] item: Leftovers\n|upkeep\n|turn|31\n|\n|t:|1699661866\n|move|p2a: Thanos|Protect|p2a: Thanos\n|-singleturn|p2a: Thanos|Protect\n|move|p1a: Mo\u00e7a|Brick Break|p2a: Thanos\n|-activate|p2a: Thanos|move: Protect\n|\n|-heal|p2a: Thanos|49\/100|[from] item: Leftovers\n|-end|p2a: Thanos|Slow Start\n|upkeep\n|turn|32\n|\n|t:|1699661873\n|move|p2a: Thanos|Earthquake|p1a: Mo\u00e7a\n|-supereffective|p1a: Mo\u00e7a\n|-damage|p1a: Mo\u00e7a|0 fnt\n|faint|p1a: Mo\u00e7a\n|\n|win|Xero Dracohart\n|raw|Gu248Br's rating: 1210 &rarr; <strong>1186<\/strong><br \/>(-24 for losing)\n|raw|Xero Dracohart's rating: 1218 &rarr; <strong>1242<\/strong><br \/>(+24 for winning)\n|l|\u2606Gu248Br\n","uploadtime":1699661890,"views":6,"p1id":"gu248br","p2id":"xerodracohart","formatid":"gen9nationaldex","rating":1186,"private":0,"password":""}