{"id":"gen9nationaldex-1997029241","p1":"mty99170254","p2":"Glass101","format":"[Gen 9] National Dex","log":"|html|<div class=\"broadcast-blue\"><strong>[Gen 9] National Dex is currently suspecting Sneasler! For information on how to participate check out the <a href=\"https:\/\/www.smogon.com\/forums\/threads\/sv-national-dex-suspect-8-just-dance.3731534\/\">suspect thread<\/a>.<\/strong><\/div>\n|j|\u2606mty99170254\n|j|\u2606Glass101\n|t:|1700757343\n|gametype|singles\n|player|p1|mty99170254|elesa|1340\n|player|p2|Glass101|rocketgruntf|1377\n|teamsize|p1|6\n|teamsize|p2|6\n|gen|9\n|tier|[Gen 9] National Dex\n|rated|\n|rule|HP Percentage Mod: HP is shown in percentages\n|rule|Endless Battle Clause: Forcing endless battles is banned\n|rule|OHKO Clause: OHKO moves are banned\n|rule|Evasion Clause: Evasion abilities, items, and moves are banned\n|rule|Evasion Abilities Clause: Evasion abilities are banned\n|rule|Evasion Items Clause: Evasion items are banned\n|rule|Evasion Moves Clause: Evasion moves are banned\n|rule|Species Clause: Limit one of each Pok\u00e9mon\n|rule|Sleep Clause Mod: Limit one foe put to sleep\n|clearpoke\n|poke|p1|Torkoal, M|\n|poke|p1|Houndoom, M|\n|poke|p1|Hatterene, F|\n|poke|p1|Landorus-Therian, M|\n|poke|p1|Leafeon, F|\n|poke|p1|Toxapex, F|\n|poke|p2|Kyurem|\n|poke|p2|Sinistcha|\n|poke|p2|Cresselia, F|\n|poke|p2|Ceruledge, M|\n|poke|p2|Galvantula, M|\n|poke|p2|Clodsire, M|\n|teampreview\n|inactive|Battle timer is ON: inactive players will automatically lose when time's up. (requested by mty99170254)\n|\n|t:|1700757354\n|start\n|switch|p1a: Torkoal|Torkoal, M, shiny|100\/100\n|switch|p2a: Ceruledge|Ceruledge, M|100\/100\n|-weather|SunnyDay|[from] ability: Drought|[of] p1a: Torkoal\n|turn|1\n|\n|t:|1700757358\n|move|p2a: Ceruledge|Substitute|p2a: Ceruledge\n|-start|p2a: Ceruledge|Substitute\n|-damage|p2a: Ceruledge|76\/100\n|move|p1a: Torkoal|Yawn||[still]\n|-fail|p1a: Torkoal\n|\n|-weather|SunnyDay|[upkeep]\n|upkeep\n|turn|2\n|\n|t:|1700757381\n|switch|p1a: Houndoom|Houndoom, M|100\/100\n|move|p2a: Ceruledge|Swords Dance|p2a: Ceruledge\n|-boost|p2a: Ceruledge|atk|2\n|\n|-weather|SunnyDay|[upkeep]\n|upkeep\n|turn|3\n|\n|t:|1700757397\n|detailschange|p1a: Houndoom|Houndoom-Mega, M\n|-mega|p1a: Houndoom|Houndoom|Houndoominite\n|move|p1a: Houndoom|Dark Pulse|p2a: Ceruledge\n|-supereffective|p2a: Ceruledge\n|-end|p2a: Ceruledge|Substitute\n|move|p2a: Ceruledge|Bitter Blade|p1a: Houndoom\n|-resisted|p1a: Houndoom\n|-damage|p1a: Houndoom|19\/100\n|-heal|p2a: Ceruledge|100\/100|[from] drain|[of] p1a: Houndoom\n|\n|-weather|SunnyDay|[upkeep]\n|-damage|p1a: Houndoom|7\/100|[from] ability: Solar Power|[of] p1a: Houndoom\n|upkeep\n|turn|4\n|\n|t:|1700757408\n|switch|p2a: Galvantula|Galvantula, M|100\/100\n|move|p1a: Houndoom|Destiny Bond|p1a: Houndoom\n|-singlemove|p1a: Houndoom|Destiny Bond\n|\n|-weather|SunnyDay|[upkeep]\n|-damage|p1a: Houndoom|0 fnt|[from] ability: Solar Power|[of] p1a: Houndoom\n|faint|p1a: Houndoom\n|upkeep\n|\n|t:|1700757414\n|switch|p1a: Hatterene|Hatterene, F, shiny|100\/100\n|turn|5\n|\n|t:|1700757418\n|switch|p2a: Ceruledge|Ceruledge, M|100\/100\n|move|p1a: Hatterene|Mystical Fire|p2a: Ceruledge\n|-start|p2a: Ceruledge|ability: Flash Fire\n|\n|-weather|SunnyDay|[upkeep]\n|upkeep\n|turn|6\n|\n|t:|1700757423\n|move|p2a: Ceruledge|Substitute|p2a: Ceruledge\n|-start|p2a: Ceruledge|Substitute\n|-damage|p2a: Ceruledge|76\/100\n|move|p1a: Hatterene|Nuzzle|p2a: Ceruledge\n|-activate|p2a: Ceruledge|move: Substitute|[damage]\n|\n|-weather|SunnyDay|[upkeep]\n|upkeep\n|turn|7\n|\n|t:|1700757427\n|move|p2a: Ceruledge|Poltergeist|p1a: Hatterene\n|-activate|p1a: Hatterene|move: Poltergeist|Eject Button\n|-supereffective|p1a: Hatterene\n|-damage|p1a: Hatterene|8\/100\n|-enditem|p1a: Hatterene|Eject Button\n|\n|t:|1700757434\n|switch|p1a: Landorus|Landorus-Therian, M, shiny|100\/100\n|-ability|p1a: Landorus|Intimidate|boost\n|-immune|p2a: Ceruledge\n|\n|-weather|SunnyDay|[upkeep]\n|upkeep\n|turn|8\n|\n|t:|1700757440\n|move|p1a: Landorus|Earthquake|p2a: Ceruledge\n|-supereffective|p2a: Ceruledge\n|-end|p2a: Ceruledge|Substitute\n|move|p2a: Ceruledge|Bitter Blade|p1a: Landorus\n|-damage|p1a: Landorus|0 fnt\n|-heal|p2a: Ceruledge|100\/100|[from] drain|[of] p1a: Landorus\n|faint|p1a: Landorus\n|\n|-weather|none\n|upkeep\n|c|\u2606Glass101|Ceru is the bane of sun teams lol\n|\n|t:|1700757446\n|switch|p1a: Torkoal|Torkoal, M, shiny|100\/100\n|-weather|SunnyDay|[from] ability: Drought|[of] p1a: Torkoal\n|turn|9\n|\n|t:|1700757458\n|switch|p1a: Toxapex|Toxapex, F|100\/100\n|move|p2a: Ceruledge|Substitute|p2a: Ceruledge\n|-start|p2a: Ceruledge|Substitute\n|-damage|p2a: Ceruledge|76\/100\n|\n|-weather|SunnyDay|[upkeep]\n|upkeep\n|turn|10\n|\n|t:|1700757461\n|move|p2a: Ceruledge|Swords Dance|p2a: Ceruledge\n|-boost|p2a: Ceruledge|atk|2\n|move|p1a: Toxapex|Haze|p1a: Toxapex\n|-clearallboost\n|\n|-weather|SunnyDay|[upkeep]\n|upkeep\n|turn|11\n|\n|t:|1700757465\n|move|p2a: Ceruledge|Swords Dance|p2a: Ceruledge\n|-boost|p2a: Ceruledge|atk|2\n|move|p1a: Toxapex|Scald|p2a: Ceruledge\n|-supereffective|p2a: Ceruledge\n|-activate|p2a: Ceruledge|move: Substitute|[damage]\n|\n|-weather|SunnyDay|[upkeep]\n|upkeep\n|turn|12\n|\n|t:|1700757468\n|move|p2a: Ceruledge|Poltergeist|p1a: Toxapex\n|-activate|p1a: Toxapex|move: Poltergeist|Heavy-Duty Boots\n|-damage|p1a: Toxapex|33\/100\n|move|p1a: Toxapex|Haze|p1a: Toxapex\n|-clearallboost\n|\n|-weather|SunnyDay|[upkeep]\n|upkeep\n|turn|13\n|\n|t:|1700757477\n|switch|p1a: Hatterene|Hatterene, F, shiny|8\/100\n|move|p2a: Ceruledge|Swords Dance|p2a: Ceruledge\n|-boost|p2a: Ceruledge|atk|2\n|\n|-weather|SunnyDay|[upkeep]\n|upkeep\n|turn|14\n|\n|t:|1700757482\n|move|p2a: Ceruledge|Swords Dance|p2a: Ceruledge\n|-boost|p2a: Ceruledge|atk|2\n|move|p1a: Hatterene|Mystical Fire|p2a: Ceruledge\n|-immune|p2a: Ceruledge|[from] ability: Flash Fire\n|\n|-weather|SunnyDay|[upkeep]\n|upkeep\n|turn|15\n|\n|t:|1700757486\n|move|p2a: Ceruledge|Bitter Blade|p1a: Hatterene\n|-damage|p1a: Hatterene|0 fnt\n|-heal|p2a: Ceruledge|79\/100|[from] drain|[of] p1a: Hatterene\n|faint|p1a: Hatterene\n|\n|-weather|SunnyDay|[upkeep]\n|upkeep\n|\n|t:|1700757488\n|switch|p1a: Toxapex|Toxapex, F|66\/100\n|turn|16\n|\n|t:|1700757490\n|move|p2a: Ceruledge|Poltergeist|p1a: Toxapex\n|-activate|p1a: Toxapex|move: Poltergeist|Heavy-Duty Boots\n|-damage|p1a: Toxapex|0 fnt\n|faint|p1a: Toxapex\n|\n|-weather|none\n|upkeep\n|\n|t:|1700757492\n|switch|p1a: Leafeon|Leafeon, F|100\/100\n|turn|17\n|\n|t:|1700757495\n|move|p1a: Leafeon|Dig||[still]\n|-prepare|p1a: Leafeon|Dig\n|-enditem|p1a: Leafeon|Power Herb\n|-anim|p1a: Leafeon|Dig|p2a: Ceruledge\n|-supereffective|p2a: Ceruledge\n|-end|p2a: Ceruledge|Substitute\n|move|p2a: Ceruledge|Bitter Blade|p1a: Leafeon\n|-supereffective|p1a: Leafeon\n|-damage|p1a: Leafeon|0 fnt\n|-heal|p2a: Ceruledge|100\/100|[from] drain|[of] p1a: Leafeon\n|faint|p1a: Leafeon\n|\n|upkeep\n|c|\u2606Glass101|gg mate\n|\n|t:|1700757497\n|switch|p1a: Torkoal|Torkoal, M, shiny|100\/100\n|-weather|SunnyDay|[from] ability: Drought|[of] p1a: Torkoal\n|turn|18\n|\n|t:|1700757502\n|move|p2a: Ceruledge|Substitute|p2a: Ceruledge\n|-start|p2a: Ceruledge|Substitute\n|-damage|p2a: Ceruledge|76\/100\n|move|p1a: Torkoal|Body Press|p2a: Ceruledge\n|-immune|p2a: Ceruledge\n|\n|-weather|SunnyDay|[upkeep]\n|upkeep\n|turn|19\n|\n|t:|1700757504\n|move|p2a: Ceruledge|Bitter Blade|p1a: Torkoal\n|-resisted|p1a: Torkoal\n|-crit|p1a: Torkoal\n|-damage|p1a: Torkoal|0 fnt\n|-heal|p2a: Ceruledge|100\/100|[from] drain|[of] p1a: Torkoal\n|faint|p1a: Torkoal\n|\n|win|Glass101\n|raw|mty99170254's rating: 1340 &rarr; <strong>1322<\/strong><br \/>(-18 for losing)\n|raw|Glass101's rating: 1377 &rarr; <strong>1395<\/strong><br \/>(+18 for winning)\n|l|\u2606mty99170254\n","uploadtime":1700757514,"views":5,"p1id":"mty99170254","p2id":"glass101","formatid":"gen9nationaldex","rating":1322,"private":0,"password":""}