{"id":"gen9nationaldex-1999769820","p1":"decolcrak","p2":"chema778","format":"[Gen 9] National Dex","log":"|html|<div class=\"broadcast-blue\"><strong>[Gen 9] National Dex is currently suspecting Sneasler! For information on how to participate check out the <a href=\"https:\/\/www.smogon.com\/forums\/threads\/sv-national-dex-suspect-8-just-dance.3731534\/\">suspect thread<\/a>.<\/strong><\/div>\n|j|\u2606decolcrak\n|j|\u2606chema778\n|t:|1701115072\n|gametype|singles\n|player|p1|decolcrak|benga|\n|player|p2|chema778|veteran|\n|teamsize|p1|6\n|teamsize|p2|6\n|gen|9\n|tier|[Gen 9] National Dex\n|rule|HP Percentage Mod: HP is shown in percentages\n|rule|Endless Battle Clause: Forcing endless battles is banned\n|rule|OHKO Clause: OHKO moves are banned\n|rule|Evasion Clause: Evasion abilities, items, and moves are banned\n|rule|Evasion Abilities Clause: Evasion abilities are banned\n|rule|Evasion Items Clause: Evasion items are banned\n|rule|Evasion Moves Clause: Evasion moves are banned\n|rule|Species Clause: Limit one of each Pok\u00e9mon\n|rule|Sleep Clause Mod: Limit one foe put to sleep\n|clearpoke\n|poke|p1|Klinklang|\n|poke|p1|Cryogonal|\n|poke|p1|Stunfisk, F|\n|poke|p1|Victini|\n|poke|p1|Basculin, F|\n|poke|p1|Sigilyph, F|\n|poke|p2|Amoonguss, M|\n|poke|p2|Volcarona, M|\n|poke|p2|Tornadus, M|\n|poke|p2|Gurdurr, F|\n|poke|p2|Haxorus, F|\n|poke|p2|Mandibuzz, F|\n|teampreview\n|\n|t:|1701115122\n|start\n|switch|p1a: Stunfisk|Stunfisk, F|100\/100\n|switch|p2a: Tornadus|Tornadus, M|100\/100\n|turn|1\n|\n|t:|1701115130\n|move|p2a: Tornadus|Tailwind|p2a: Tornadus\n|-sidestart|p2: chema778|move: Tailwind\n|move|p1a: Stunfisk|Thunder Wave|p2a: Tornadus\n|-status|p2a: Tornadus|par\n|\n|upkeep\n|turn|2\n|\n|t:|1701115137\n|switch|p2a: Amoonguss|Amoonguss, M|100\/100\n|move|p1a: Stunfisk|Stealth Rock|p2a: Amoonguss\n|-sidestart|p2: chema778|move: Stealth Rock\n|\n|upkeep\n|turn|3\n|\n|t:|1701115152\n|switch|p1a: Sigilyph|Sigilyph, F|100\/100\n|move|p2a: Amoonguss|Spore|p1a: Sigilyph\n|-status|p1a: Sigilyph|slp|[from] move: Spore\n|\n|upkeep\n|turn|4\n|\n|t:|1701115161\n|switch|p2a: Mandibuzz|Mandibuzz, F|100\/100\n|cant|p1a: Sigilyph|slp\n|\n|-sideend|p2: chema778|move: Tailwind\n|upkeep\n|turn|5\n|\n|t:|1701115177\n|switch|p1a: Stunfisk|Stunfisk, F|100\/100\n|move|p2a: Mandibuzz|Defog|p1a: Stunfisk\n|-unboost|p1a: Stunfisk|evasion|1\n|-sideend|p2: chema778|Stealth Rock|[from] move: Defog|[of] p2a: Mandibuzz\n|\n|upkeep\n|turn|6\n|\n|t:|1701115186\n|switch|p2a: Amoonguss|Amoonguss, M|100\/100\n|move|p1a: Stunfisk|Thunder Wave|p2a: Amoonguss\n|-status|p2a: Amoonguss|par\n|\n|upkeep\n|turn|7\n|\n|t:|1701115197\n|switch|p1a: Sigilyph|Sigilyph, F|100\/100 slp\n|move|p2a: Amoonguss|Giga Drain|p1a: Sigilyph\n|-resisted|p1a: Sigilyph\n|-damage|p1a: Sigilyph|88\/100 slp\n|\n|upkeep\n|turn|8\n|\n|t:|1701115206\n|switch|p2a: Tornadus|Tornadus, M|100\/100 par\n|cant|p1a: Sigilyph|slp\n|\n|upkeep\n|turn|9\n|\n|t:|1701115217\n|move|p2a: Tornadus|Tailwind|p2a: Tornadus\n|-sidestart|p2: chema778|move: Tailwind\n|cant|p1a: Sigilyph|slp\n|\n|upkeep\n|turn|10\n|\n|t:|1701115225\n|move|p2a: Tornadus|Bleakwind Storm|p1a: Sigilyph|[miss]\n|-miss|p2a: Tornadus|p1a: Sigilyph\n|-curestatus|p1a: Sigilyph|slp|[msg]\n|move|p1a: Sigilyph|Cosmic Power|p1a: Sigilyph\n|-boost|p1a: Sigilyph|def|1\n|-boost|p1a: Sigilyph|spd|1\n|\n|-status|p1a: Sigilyph|brn|[from] item: Flame Orb\n|upkeep\n|turn|11\n|\n|t:|1701115238\n|move|p2a: Tornadus|Bleakwind Storm|p1a: Sigilyph\n|-damage|p1a: Sigilyph|50\/100 brn\n|move|p1a: Sigilyph|Cosmic Power|p1a: Sigilyph\n|-boost|p1a: Sigilyph|def|1\n|-boost|p1a: Sigilyph|spd|1\n|\n|upkeep\n|turn|12\n|\n|t:|1701115246\n|move|p2a: Tornadus|Bleakwind Storm|p1a: Sigilyph|[miss]\n|-miss|p2a: Tornadus|p1a: Sigilyph\n|move|p1a: Sigilyph|Roost|p1a: Sigilyph\n|-heal|p1a: Sigilyph|99\/100 brn\n|-singleturn|p1a: Sigilyph|move: Roost\n|\n|-sideend|p2: chema778|move: Tailwind\n|upkeep\n|turn|13\n|\n|t:|1701115256\n|cant|p2a: Tornadus|par\n|move|p1a: Sigilyph|Stored Power|p2a: Tornadus\n|-damage|p2a: Tornadus|49\/100 par\n|-enditem|p2a: Tornadus|Eject Button\n|\n|t:|1701115264\n|switch|p2a: Haxorus|Haxorus, F|100\/100\n|-ability|p2a: Haxorus|Unnerve\n|\n|upkeep\n|turn|14\n|\n|t:|1701115275\n|-terastallize|p2a: Haxorus|Dragon\n|move|p2a: Haxorus|Outrage|p1a: Sigilyph\n|-damage|p1a: Sigilyph|42\/100 brn\n|move|p1a: Sigilyph|Psycho Shift|p2a: Haxorus\n|-status|p2a: Haxorus|brn\n|-curestatus|p1a: Sigilyph|brn|[msg]\n|\n|-damage|p2a: Haxorus|94\/100 brn|[from] brn\n|-status|p1a: Sigilyph|brn|[from] item: Flame Orb\n|upkeep\n|turn|15\n|\n|t:|1701115287\n|move|p2a: Haxorus|Outrage|p1a: Sigilyph|[from]lockedmove\n|-damage|p1a: Sigilyph|14\/100 brn\n|move|p1a: Sigilyph|Roost|p1a: Sigilyph\n|-heal|p1a: Sigilyph|64\/100 brn\n|-singleturn|p1a: Sigilyph|move: Roost\n|\n|-damage|p2a: Haxorus|88\/100 brn|[from] brn\n|upkeep\n|turn|16\n|\n|t:|1701115295\n|move|p2a: Haxorus|Outrage|p1a: Sigilyph|[from]lockedmove\n|-damage|p1a: Sigilyph|38\/100 brn\n|-start|p2a: Haxorus|confusion|[fatigue]\n|move|p1a: Sigilyph|Stored Power|p2a: Haxorus\n|-damage|p2a: Haxorus|38\/100 brn\n|\n|-damage|p2a: Haxorus|32\/100 brn|[from] brn\n|upkeep\n|turn|17\n|\n|t:|1701115309\n|switch|p2a: Mandibuzz|Mandibuzz, F|100\/100\n|move|p1a: Sigilyph|Roost|p1a: Sigilyph\n|-heal|p1a: Sigilyph|88\/100 brn\n|-singleturn|p1a: Sigilyph|move: Roost\n|\n|upkeep\n|turn|18\n|\n|t:|1701115320\n|move|p1a: Sigilyph|Psycho Shift|p2a: Mandibuzz\n|-status|p2a: Mandibuzz|brn\n|-curestatus|p1a: Sigilyph|brn|[msg]\n|move|p2a: Mandibuzz|Foul Play|p1a: Sigilyph\n|-supereffective|p1a: Sigilyph\n|-damage|p1a: Sigilyph|81\/100\n|\n|-damage|p2a: Mandibuzz|94\/100 brn|[from] brn\n|-status|p1a: Sigilyph|brn|[from] item: Flame Orb\n|upkeep\n|turn|19\n|\n|t:|1701115352\n|switch|p1a: Cryogonal|Cryogonal|100\/100\n|switch|p2a: Tornadus|Tornadus, M|49\/100 par\n|\n|upkeep\n|turn|20\n|\n|t:|1701115361\n|move|p2a: Tornadus|Tailwind|p2a: Tornadus\n|-sidestart|p2: chema778|move: Tailwind\n|move|p1a: Cryogonal|Acid Armor|p1a: Cryogonal\n|-boost|p1a: Cryogonal|def|2\n|\n|upkeep\n|turn|21\n|\n|t:|1701115369\n|cant|p2a: Tornadus|par\n|move|p1a: Cryogonal|Acid Armor|p1a: Cryogonal\n|-boost|p1a: Cryogonal|def|2\n|\n|upkeep\n|turn|22\n|\n|t:|1701115375\n|cant|p2a: Tornadus|par\n|move|p1a: Cryogonal|Freeze-Dry|p2a: Tornadus\n|-supereffective|p2a: Tornadus\n|-damage|p2a: Tornadus|0 fnt\n|faint|p2a: Tornadus\n|\n|upkeep\n|\n|t:|1701115381\n|switch|p2a: Volcarona|Volcarona, M|100\/100\n|turn|23\n|\n|t:|1701115398\n|switch|p1a: Stunfisk|Stunfisk, F|100\/100\n|move|p2a: Volcarona|Quiver Dance|p2a: Volcarona\n|-boost|p2a: Volcarona|spa|1\n|-boost|p2a: Volcarona|spd|1\n|-boost|p2a: Volcarona|spe|1\n|\n|-sideend|p2: chema778|move: Tailwind\n|upkeep\n|turn|24\n|\n|t:|1701115406\n|move|p2a: Volcarona|Giga Drain|p1a: Stunfisk\n|-supereffective|p1a: Stunfisk\n|-damage|p1a: Stunfisk|28\/100\n|-damage|p2a: Volcarona|91\/100|[from] item: Life Orb\n|move|p1a: Stunfisk|Thunder Wave|p2a: Volcarona|[miss]\n|-miss|p1a: Stunfisk|p2a: Volcarona\n|\n|upkeep\n|turn|25\n|\n|t:|1701115416\n|move|p2a: Volcarona|Giga Drain|p1a: Stunfisk\n|-supereffective|p1a: Stunfisk\n|-damage|p1a: Stunfisk|0 fnt\n|-heal|p2a: Volcarona|100\/100|[from] drain|[of] p1a: Stunfisk\n|faint|p1a: Stunfisk\n|-damage|p2a: Volcarona|91\/100|[from] item: Life Orb\n|\n|upkeep\n|\n|t:|1701115449\n|switch|p1a: Victini|Victini|100\/100\n|turn|26\n|\n|t:|1701115461\n|move|p2a: Volcarona|Fiery Dance|p1a: Victini\n|-resisted|p1a: Victini\n|-damage|p1a: Victini|52\/100\n|-damage|p2a: Volcarona|81\/100|[from] item: Life Orb\n|move|p1a: Victini|Zen Headbutt|p2a: Volcarona\n|-damage|p2a: Volcarona|26\/100\n|\n|upkeep\n|turn|27\n|\n|t:|1701115470\n|move|p1a: Victini|Zen Headbutt|p2a: Volcarona\n|-damage|p2a: Volcarona|0 fnt\n|faint|p2a: Volcarona\n|\n|upkeep\n|\n|t:|1701115479\n|switch|p2a: Mandibuzz|Mandibuzz, F|94\/100 brn\n|turn|28\n|\n|t:|1701115487\n|switch|p1a: Klinklang|Klinklang|100\/100\n|move|p2a: Mandibuzz|Toxic|p1a: Klinklang|[miss]\n|-miss|p2a: Mandibuzz|p1a: Klinklang\n|\n|-damage|p2a: Mandibuzz|88\/100 brn|[from] brn\n|upkeep\n|turn|29\n|\n|t:|1701115500\n|switch|p2a: Amoonguss|Amoonguss, M|100\/100 par\n|move|p1a: Klinklang|Shift Gear|p1a: Klinklang\n|-boost|p1a: Klinklang|spe|2\n|-boost|p1a: Klinklang|atk|1\n|\n|upkeep\n|turn|30\n|\n|t:|1701115516\n|move|p1a: Klinklang|Gear Grind|p2a: Amoonguss\n|-damage|p2a: Amoonguss|78\/100 par\n|-damage|p2a: Amoonguss|55\/100 par\n|-hitcount|p2a: Amoonguss|2\n|move|p2a: Amoonguss|Spore|p1a: Klinklang\n|-status|p1a: Klinklang|slp|[from] move: Spore\n|\n|-heal|p2a: Amoonguss|61\/100 par|[from] item: Black Sludge\n|upkeep\n|turn|31\n|\n|t:|1701115527\n|switch|p1a: Victini|Victini|52\/100\n|switch|p2a: Gurdurr|Gurdurr, F|100\/100\n|\n|upkeep\n|turn|32\n|\n|t:|1701115539\n|move|p1a: Victini|U-turn|p2a: Gurdurr\n|-resisted|p2a: Gurdurr\n|-damage|p2a: Gurdurr|92\/100\n|\n|t:|1701115544\n|switch|p1a: Sigilyph|Sigilyph, F|81\/100 brn|[from] U-turn\n|move|p2a: Gurdurr|Knock Off|p1a: Sigilyph\n|-supereffective|p1a: Sigilyph\n|-damage|p1a: Sigilyph|27\/100 brn\n|-enditem|p1a: Sigilyph|Flame Orb|[from] move: Knock Off|[of] p2a: Gurdurr\n|\n|upkeep\n|turn|33\n|\n|t:|1701115560\n|move|p1a: Sigilyph|Roost|p1a: Sigilyph\n|-heal|p1a: Sigilyph|77\/100 brn\n|-singleturn|p1a: Sigilyph|move: Roost\n|move|p2a: Gurdurr|Rock Slide|p1a: Sigilyph\n|-damage|p1a: Sigilyph|55\/100 brn\n|\n|upkeep\n|turn|34\n|j| Marcesgo\n|\n|t:|1701115571\n|move|p1a: Sigilyph|Cosmic Power|p1a: Sigilyph\n|-boost|p1a: Sigilyph|def|1\n|-boost|p1a: Sigilyph|spd|1\n|move|p2a: Gurdurr|Knock Off|p1a: Sigilyph\n|-supereffective|p1a: Sigilyph\n|-damage|p1a: Sigilyph|30\/100 brn\n|\n|upkeep\n|turn|35\n|\n|t:|1701115578\n|move|p1a: Sigilyph|Roost|p1a: Sigilyph\n|-heal|p1a: Sigilyph|80\/100 brn\n|-singleturn|p1a: Sigilyph|move: Roost\n|move|p2a: Gurdurr|Knock Off|p1a: Sigilyph\n|-supereffective|p1a: Sigilyph\n|-damage|p1a: Sigilyph|54\/100 brn\n|\n|upkeep\n|turn|36\n|\n|t:|1701115585\n|move|p1a: Sigilyph|Cosmic Power|p1a: Sigilyph\n|-boost|p1a: Sigilyph|def|1\n|-boost|p1a: Sigilyph|spd|1\n|move|p2a: Gurdurr|Knock Off|p1a: Sigilyph\n|-supereffective|p1a: Sigilyph\n|-damage|p1a: Sigilyph|35\/100 brn\n|\n|upkeep\n|turn|37\n|\n|t:|1701115594\n|move|p1a: Sigilyph|Stored Power|p2a: Gurdurr\n|-supereffective|p2a: Gurdurr\n|-damage|p2a: Gurdurr|28\/100\n|move|p2a: Gurdurr|Knock Off|p1a: Sigilyph\n|-supereffective|p1a: Sigilyph\n|-damage|p1a: Sigilyph|17\/100 brn\n|\n|upkeep\n|turn|38\n|\n|t:|1701115601\n|move|p1a: Sigilyph|Roost|p1a: Sigilyph\n|-heal|p1a: Sigilyph|67\/100 brn\n|-singleturn|p1a: Sigilyph|move: Roost\n|move|p2a: Gurdurr|Knock Off|p1a: Sigilyph\n|-supereffective|p1a: Sigilyph\n|-damage|p1a: Sigilyph|51\/100 brn\n|\n|upkeep\n|turn|39\n|\n|t:|1701115608\n|move|p1a: Sigilyph|Stored Power|p2a: Gurdurr\n|-supereffective|p2a: Gurdurr\n|-damage|p2a: Gurdurr|0 fnt\n|faint|p2a: Gurdurr\n|\n|upkeep\n|\n|t:|1701115620\n|switch|p2a: Mandibuzz|Mandibuzz, F|88\/100 brn\n|turn|40\n|\n|t:|1701115625\n|switch|p1a: Cryogonal|Cryogonal|100\/100\n|move|p2a: Mandibuzz|Foul Play|p1a: Cryogonal\n|-damage|p1a: Cryogonal|87\/100\n|\n|-damage|p2a: Mandibuzz|82\/100 brn|[from] brn\n|upkeep\n|turn|41\n|\n|t:|1701115633\n|switch|p1a: Klinklang|Klinklang|100\/100 slp\n|move|p2a: Mandibuzz|Toxic||[still]\n|-fail|p2a: Mandibuzz\n|\n|-damage|p2a: Mandibuzz|76\/100 brn|[from] brn\n|upkeep\n|turn|42\n|\n|t:|1701115643\n|cant|p1a: Klinklang|slp\n|move|p2a: Mandibuzz|Foul Play|p1a: Klinklang\n|-damage|p1a: Klinklang|89\/100 slp\n|\n|-damage|p2a: Mandibuzz|70\/100 brn|[from] brn\n|upkeep\n|turn|43\n|\n|t:|1701115650\n|switch|p2a: Haxorus|Haxorus, F, tera:Dragon|32\/100 brn\n|-ability|p2a: Haxorus|Unnerve\n|cant|p1a: Klinklang|slp\n|\n|-damage|p2a: Haxorus|26\/100 brn|[from] brn\n|upkeep\n|turn|44\n|\n|t:|1701115657\n|move|p2a: Haxorus|Outrage|p1a: Klinklang\n|-resisted|p1a: Klinklang\n|-damage|p1a: Klinklang|64\/100 slp\n|cant|p1a: Klinklang|slp\n|\n|-damage|p2a: Haxorus|20\/100 brn|[from] brn\n|upkeep\n|turn|45\n|\n|t:|1701115665\n|move|p2a: Haxorus|Outrage|p1a: Klinklang|[from]lockedmove\n|-resisted|p1a: Klinklang\n|-damage|p1a: Klinklang|38\/100 slp\n|-curestatus|p1a: Klinklang|slp|[msg]\n|move|p1a: Klinklang|Shift Gear|p1a: Klinklang\n|-boost|p1a: Klinklang|spe|2\n|-boost|p1a: Klinklang|atk|1\n|\n|-damage|p2a: Haxorus|13\/100 brn|[from] brn\n|upkeep\n|turn|46\n|\n|t:|1701115674\n|move|p1a: Klinklang|Shift Gear|p1a: Klinklang\n|-boost|p1a: Klinklang|spe|2\n|-boost|p1a: Klinklang|atk|1\n|move|p2a: Haxorus|Outrage|p1a: Klinklang|[from]lockedmove\n|-resisted|p1a: Klinklang\n|-damage|p1a: Klinklang|15\/100\n|-start|p2a: Haxorus|confusion|[fatigue]\n|\n|-damage|p2a: Haxorus|7\/100 brn|[from] brn\n|upkeep\n|turn|47\n|\n|t:|1701115683\n|move|p1a: Klinklang|Return|p2a: Haxorus\n|-damage|p2a: Haxorus|0 fnt\n|faint|p2a: Haxorus\n|\n|upkeep\n|\n|t:|1701115692\n|switch|p2a: Mandibuzz|Mandibuzz, F|70\/100 brn\n|turn|48\n|c| Marcesgo|La bestia\n|\n|t:|1701115698\n|-terastallize|p1a: Klinklang|Electric\n|move|p1a: Klinklang|Wild Charge|p2a: Mandibuzz\n|-supereffective|p2a: Mandibuzz\n|-damage|p2a: Mandibuzz|0 fnt\n|faint|p2a: Mandibuzz\n|-damage|p1a: Klinklang|0 fnt|[from] Recoil\n|faint|p1a: Klinklang\n|\n|upkeep\n|\n|t:|1701115706\n|switch|p1a: Victini|Victini|52\/100\n|switch|p2a: Amoonguss|Amoonguss, M|95\/100 par\n|turn|49\n|\n|t:|1701115711\n|move|p1a: Victini|V-create|p2a: Amoonguss\n|-supereffective|p2a: Amoonguss\n|-damage|p2a: Amoonguss|0 fnt\n|-unboost|p1a: Victini|spe|1\n|-unboost|p1a: Victini|def|1\n|-unboost|p1a: Victini|spd|1\n|faint|p2a: Amoonguss\n|\n|win|decolcrak\n|c|\u2606decolcrak|Gg\n|c|\u2606chema778|gg\n","uploadtime":1701115724,"views":22,"p1id":"decolcrak","p2id":"chema778","formatid":"gen9nationaldex","rating":0,"private":0,"password":""}