{"id":"gen9nationaldex-1990976066","p1":"loch2009","p2":"Freezybreezy","format":"[Gen 9] National Dex","log":"|j|\u2606loch2009\n|j|\u2606Freezybreezy\n|t:|1700022170\n|gametype|singles\n|player|p1|loch2009|lance|1293\n|player|p2|Freezybreezy|sabrina|1254\n|teamsize|p1|6\n|teamsize|p2|6\n|gen|9\n|tier|[Gen 9] National Dex\n|rated|\n|rule|HP Percentage Mod: HP is shown in percentages\n|rule|Endless Battle Clause: Forcing endless battles is banned\n|rule|OHKO Clause: OHKO moves are banned\n|rule|Evasion Clause: Evasion abilities, items, and moves are banned\n|rule|Evasion Abilities Clause: Evasion abilities are banned\n|rule|Evasion Items Clause: Evasion items are banned\n|rule|Evasion Moves Clause: Evasion moves are banned\n|rule|Species Clause: Limit one of each Pok\u00e9mon\n|rule|Sleep Clause Mod: Limit one foe put to sleep\n|clearpoke\n|poke|p1|Duraludon, F|\n|poke|p1|Kingdra, M|\n|poke|p1|Dragonite, F|\n|poke|p1|Noivern, M|\n|poke|p1|Latios, M|\n|poke|p1|Regidrago|\n|poke|p2|Drapion, M|\n|poke|p2|Blissey, F|\n|poke|p2|Aggron, F|\n|poke|p2|Goodra-Hisui, F|\n|poke|p2|Dondozo, F|\n|poke|p2|Skeledirge, M|\n|teampreview\n|inactive|Battle timer is ON: inactive players will automatically lose when time's up. (requested by Freezybreezy)\n|inactive|loch2009 has 120 seconds left.\n|l|\u2606Freezybreezy\n|inactive|Freezybreezy disconnected and has a minute to reconnect!\n|player|p2|\n|c|\u2606loch2009|\"I've been waiting for you. Freezybreezy! I knew that you, with your skills, would eventually reach me here. There's no need for words now. We will battle to determine who is the stronger of the two of us. As the most powerful trainer and as the Pok\u00e9mon League Champion\u2026 I, Lance the dragon master, accept your challenge!\n|j|\u2606Freezybreezy\n|inactive|Freezybreezy reconnected.\n|player|p2|Freezybreezy|sabrina\n|\n|t:|1700022234\n|start\n|switch|p1a: Kingdra|Kingdra, M, shiny|100\/100\n|switch|p2a: Skeledirge|Skeledirge, M|100\/100\n|turn|1\n|\n|t:|1700022241\n|-terastallize|p2a: Skeledirge|Water\n|move|p1a: Kingdra|Rain Dance|p1a: Kingdra\n|-weather|RainDance\n|move|p2a: Skeledirge|Torch Song|p1a: Kingdra\n|-resisted|p1a: Kingdra\n|-damage|p1a: Kingdra|96\/100\n|-boost|p2a: Skeledirge|spa|1\n|\n|-weather|RainDance|[upkeep]\n|upkeep\n|turn|2\n|\n|t:|1700022251\n|move|p1a: Kingdra|Draco Meteor|p2a: Skeledirge\n|-damage|p2a: Skeledirge|28\/100\n|-unboost|p1a: Kingdra|spa|2\n|-damage|p1a: Kingdra|86\/100|[from] item: Life Orb\n|move|p2a: Skeledirge|Shadow Ball|p1a: Kingdra\n|-damage|p1a: Kingdra|29\/100\n|\n|-weather|RainDance|[upkeep]\n|-heal|p2a: Skeledirge|34\/100|[from] item: Leftovers\n|upkeep\n|turn|3\n|\n|t:|1700022257\n|move|p1a: Kingdra|Draco Meteor|p2a: Skeledirge\n|-damage|p2a: Skeledirge|0 fnt\n|-unboost|p1a: Kingdra|spa|2\n|faint|p2a: Skeledirge\n|-damage|p1a: Kingdra|19\/100|[from] item: Life Orb\n|\n|-weather|RainDance|[upkeep]\n|upkeep\n|\n|t:|1700022261\n|switch|p2a: Dondozo|Dondozo, F|100\/100\n|turn|4\n|\n|t:|1700022265\n|move|p1a: Kingdra|Draco Meteor|p2a: Dondozo\n|-crit|p2a: Dondozo\n|-damage|p2a: Dondozo|14\/100\n|-unboost|p1a: Kingdra|spa|2\n|-damage|p1a: Kingdra|9\/100|[from] item: Life Orb\n|move|p2a: Dondozo|Curse|p2a: Dondozo\n|-unboost|p2a: Dondozo|spe|1\n|-boost|p2a: Dondozo|atk|1\n|-boost|p2a: Dondozo|def|1\n|\n|-weather|RainDance|[upkeep]\n|-heal|p2a: Dondozo|20\/100|[from] item: Leftovers\n|upkeep\n|turn|5\n|\n|t:|1700022269\n|move|p1a: Kingdra|Draco Meteor|p2a: Dondozo\n|-damage|p2a: Dondozo|0 fnt\n|faint|p2a: Dondozo\n|-damage|p1a: Kingdra|0 fnt|[from] item: Life Orb\n|faint|p1a: Kingdra\n|\n|-weather|none\n|upkeep\n|\n|t:|1700022275\n|switch|p1a: Duraludon|Duraludon, F, shiny|100\/100\n|switch|p2a: Goodra|Goodra-Hisui, F|100\/100\n|turn|6\n|\n|t:|1700022278\n|move|p1a: Duraludon|Stealth Rock|p2a: Goodra\n|-sidestart|p2: Freezybreezy|move: Stealth Rock\n|move|p2a: Goodra|Knock Off|p1a: Duraludon\n|-damage|p1a: Duraludon|80\/100\n|-damage|p2a: Goodra|84\/100|[from] item: Rocky Helmet|[of] p1a: Duraludon\n|-enditem|p1a: Duraludon|Rocky Helmet|[from] move: Knock Off|[of] p2a: Goodra\n|\n|-heal|p2a: Goodra|90\/100|[from] item: Leftovers\n|upkeep\n|turn|7\n|\n|t:|1700022284\n|move|p1a: Duraludon|Thunder Wave|p2a: Goodra\n|-status|p2a: Goodra|par\n|cant|p2a: Goodra|par\n|\n|-heal|p2a: Goodra|96\/100 par|[from] item: Leftovers\n|upkeep\n|turn|8\n|\n|t:|1700022295\n|move|p1a: Duraludon|Dragon Pulse|p2a: Goodra\n|-damage|p2a: Goodra|72\/100 par\n|cant|p2a: Goodra|par\n|\n|-heal|p2a: Goodra|78\/100 par|[from] item: Leftovers\n|upkeep\n|turn|9\n|\n|t:|1700022301\n|move|p1a: Duraludon|Dragon Pulse|p2a: Goodra\n|-damage|p2a: Goodra|54\/100 par\n|cant|p2a: Goodra|par\n|\n|-heal|p2a: Goodra|60\/100 par|[from] item: Leftovers\n|upkeep\n|turn|10\n|\n|t:|1700022309\n|move|p1a: Duraludon|Dragon Pulse|p2a: Goodra\n|-damage|p2a: Goodra|38\/100 par\n|move|p2a: Goodra|Body Slam|p1a: Duraludon\n|-resisted|p1a: Duraludon\n|-damage|p1a: Duraludon|70\/100\n|\n|-heal|p2a: Goodra|44\/100 par|[from] item: Leftovers\n|upkeep\n|turn|11\n|\n|t:|1700022316\n|move|p1a: Duraludon|Dragon Pulse|p2a: Goodra\n|-damage|p2a: Goodra|20\/100 par\n|cant|p2a: Goodra|par\n|\n|-heal|p2a: Goodra|26\/100 par|[from] item: Leftovers\n|upkeep\n|turn|12\n|\n|t:|1700022321\n|move|p1a: Duraludon|Dragon Pulse|p2a: Goodra\n|-damage|p2a: Goodra|4\/100 par\n|cant|p2a: Goodra|par\n|\n|-heal|p2a: Goodra|10\/100 par|[from] item: Leftovers\n|upkeep\n|turn|13\n|\n|t:|1700022327\n|move|p1a: Duraludon|Dragon Pulse|p2a: Goodra\n|-damage|p2a: Goodra|0 fnt\n|faint|p2a: Goodra\n|\n|upkeep\n|\n|t:|1700022328\n|switch|p2a: Blissey|Blissey, F|100\/100\n|-damage|p2a: Blissey|88\/100|[from] Stealth Rock\n|turn|14\n|\n|t:|1700022334\n|move|p1a: Duraludon|Thunder Wave|p2a: Blissey\n|-status|p2a: Blissey|par\n|cant|p2a: Blissey|par\n|\n|-heal|p2a: Blissey|94\/100 par|[from] item: Leftovers\n|upkeep\n|turn|15\n|\n|t:|1700022345\n|move|p1a: Duraludon|Flash Cannon|p2a: Blissey\n|-damage|p2a: Blissey|83\/100 par\n|move|p2a: Blissey|Seismic Toss|p1a: Duraludon\n|-damage|p1a: Duraludon|39\/100\n|\n|-heal|p2a: Blissey|89\/100 par|[from] item: Leftovers\n|upkeep\n|turn|16\n|\n|t:|1700022351\n|move|p1a: Duraludon|Flash Cannon|p2a: Blissey\n|-damage|p2a: Blissey|78\/100 par\n|move|p2a: Blissey|Seismic Toss|p1a: Duraludon\n|-damage|p1a: Duraludon|8\/100\n|\n|-heal|p2a: Blissey|85\/100 par|[from] item: Leftovers\n|upkeep\n|turn|17\n|\n|t:|1700022359\n|move|p1a: Duraludon|Flash Cannon|p2a: Blissey\n|-damage|p2a: Blissey|74\/100 par\n|move|p2a: Blissey|Seismic Toss|p1a: Duraludon\n|-damage|p1a: Duraludon|0 fnt\n|faint|p1a: Duraludon\n|\n|-heal|p2a: Blissey|80\/100 par|[from] item: Leftovers\n|upkeep\n|l|\u2606Freezybreezy\n|inactive|Freezybreezy disconnected and has a minute to reconnect!\n|player|p2|\n|j|\u2606Freezybreezy\n|inactive|Freezybreezy reconnected.\n|player|p2|Freezybreezy|sabrina\n|\n|t:|1700022368\n|switch|p1a: Dragonite|Dragonite, F|100\/100\n|turn|18\n|\n|t:|1700022370\n|move|p1a: Dragonite|Dragon Dance|p1a: Dragonite\n|-boost|p1a: Dragonite|atk|1\n|-boost|p1a: Dragonite|spe|1\n|move|p2a: Blissey|Toxic|p1a: Dragonite\n|-status|p1a: Dragonite|tox\n|\n|-heal|p2a: Blissey|86\/100 par|[from] item: Leftovers\n|-damage|p1a: Dragonite|94\/100 tox|[from] psn\n|upkeep\n|turn|19\n|\n|t:|1700022374\n|move|p1a: Dragonite|Dragon Dance|p1a: Dragonite\n|-boost|p1a: Dragonite|atk|1\n|-boost|p1a: Dragonite|spe|1\n|cant|p2a: Blissey|par\n|\n|-heal|p2a: Blissey|93\/100 par|[from] item: Leftovers\n|-damage|p1a: Dragonite|82\/100 tox|[from] psn\n|upkeep\n|turn|20\n|\n|t:|1700022378\n|move|p1a: Dragonite|Dragon Dance|p1a: Dragonite\n|-boost|p1a: Dragonite|atk|1\n|-boost|p1a: Dragonite|spe|1\n|move|p2a: Blissey|Seismic Toss|p1a: Dragonite\n|-damage|p1a: Dragonite|51\/100 tox\n|\n|-heal|p2a: Blissey|99\/100 par|[from] item: Leftovers\n|-damage|p1a: Dragonite|32\/100 tox|[from] psn\n|upkeep\n|turn|21\n|\n|t:|1700022387\n|move|p1a: Dragonite|Earthquake|p2a: Blissey\n|-damage|p2a: Blissey|0 fnt\n|faint|p2a: Blissey\n|\n|-damage|p1a: Dragonite|8\/100 tox|[from] psn\n|upkeep\n|\n|t:|1700022390\n|switch|p2a: Drapion|Drapion, M|100\/100\n|-damage|p2a: Drapion|88\/100|[from] Stealth Rock\n|turn|22\n|\n|t:|1700022400\n|move|p2a: Drapion|Protect|p2a: Drapion\n|-singleturn|p2a: Drapion|Protect\n|move|p1a: Dragonite|Earthquake|p2a: Drapion\n|-activate|p2a: Drapion|move: Protect\n|\n|-damage|p1a: Dragonite|0 fnt|[from] psn\n|faint|p1a: Dragonite\n|upkeep\n|\n|t:|1700022411\n|switch|p1a: Regidrago|Regidrago|100\/100\n|turn|23\n|\n|t:|1700022418\n|move|p2a: Drapion|Knock Off|p1a: Regidrago\n|-damage|p1a: Regidrago|70\/100\n|-enditem|p1a: Regidrago|Leftovers|[from] move: Knock Off|[of] p2a: Drapion\n|move|p1a: Regidrago|Ancient Power|p2a: Drapion\n|-damage|p2a: Drapion|64\/100\n|\n|upkeep\n|turn|24\n|\n|t:|1700022430\n|move|p2a: Drapion|Toxic|p1a: Regidrago\n|-status|p1a: Regidrago|tox\n|move|p1a: Regidrago|Ancient Power|p2a: Drapion\n|-damage|p2a: Drapion|41\/100\n|\n|-damage|p1a: Regidrago|63\/100 tox|[from] psn\n|upkeep\n|turn|25\n|\n|t:|1700022433\n|move|p2a: Drapion|Protect|p2a: Drapion\n|-singleturn|p2a: Drapion|Protect\n|move|p1a: Regidrago|Ancient Power|p2a: Drapion\n|-activate|p2a: Drapion|move: Protect\n|\n|-damage|p1a: Regidrago|51\/100 tox|[from] psn\n|upkeep\n|turn|26\n|\n|t:|1700022439\n|move|p2a: Drapion|Acupressure|p2a: Drapion\n|-boost|p2a: Drapion|spa|2\n|move|p1a: Regidrago|Ancient Power|p2a: Drapion\n|-damage|p2a: Drapion|19\/100\n|\n|-damage|p1a: Regidrago|33\/100 tox|[from] psn\n|upkeep\n|turn|27\n|\n|t:|1700022447\n|move|p2a: Drapion|Protect|p2a: Drapion\n|-singleturn|p2a: Drapion|Protect\n|move|p1a: Regidrago|Earth Power|p2a: Drapion\n|-activate|p2a: Drapion|move: Protect\n|\n|-damage|p1a: Regidrago|8\/100 tox|[from] psn\n|upkeep\n|turn|28\n|\n|t:|1700022454\n|move|p2a: Drapion|Knock Off|p1a: Regidrago\n|-damage|p1a: Regidrago|0 fnt\n|faint|p1a: Regidrago\n|\n|upkeep\n|\n|t:|1700022457\n|switch|p1a: Latios|Latios, M|100\/100\n|turn|29\n|\n|t:|1700022461\n|detailschange|p1a: Latios|Latios-Mega, M\n|-mega|p1a: Latios|Latios|Latiosite\n|move|p1a: Latios|Aura Sphere|p2a: Drapion\n|-damage|p2a: Drapion|0 fnt\n|faint|p2a: Drapion\n|\n|upkeep\n|\n|t:|1700022463\n|switch|p2a: Aggron|Aggron, F|100\/100\n|-damage|p2a: Aggron|94\/100|[from] Stealth Rock\n|turn|30\n|\n|t:|1700022469\n|detailschange|p2a: Aggron|Aggron-Mega, F\n|-mega|p2a: Aggron|Aggron|Aggronite\n|move|p1a: Latios|Aura Sphere|p2a: Aggron\n|-supereffective|p2a: Aggron\n|-damage|p2a: Aggron|39\/100\n|move|p2a: Aggron|Heavy Slam|p1a: Latios\n|-damage|p1a: Latios|44\/100\n|\n|upkeep\n|turn|31\n|\n|t:|1700022477\n|move|p1a: Latios|Aura Sphere|p2a: Aggron\n|-supereffective|p2a: Aggron\n|-damage|p2a: Aggron|0 fnt\n|faint|p2a: Aggron\n|\n|win|loch2009\n|raw|loch2009's rating: 1293 &rarr; <strong>1315<\/strong><br \/>(+22 for winning)\n|raw|Freezybreezy's rating: 1254 &rarr; <strong>1232<\/strong><br \/>(-22 for losing)\n|l|\u2606Freezybreezy\n|c|\u2606loch2009|good try\n","uploadtime":1700022494,"views":4,"p1id":"loch2009","p2id":"freezybreezy","formatid":"gen9nationaldex","rating":1232,"private":0,"password":""}