{"id":"gen9nationaldex-1996920939","p1":"ndsnez monika","p2":"Serena1111\u805a\u6c14\u5384\u9b3c\u692a","format":"[Gen 9] National Dex","log":"|html|<div class=\"broadcast-blue\"><strong>[Gen 9] National Dex is currently suspecting Sneasler! For information on how to participate check out the <a href=\"https:\/\/www.smogon.com\/forums\/threads\/sv-national-dex-suspect-8-just-dance.3731534\/\">suspect thread<\/a>.<\/strong><\/div>\n|j|\u2606ndsnez monika\n|j|\u2606Serena1111\u805a\u6c14\u5384\u9b3c\u692a\n|t:|1700745035\n|gametype|singles\n|player|p1|ndsnez monika|hexmaniac-gen6|1282\n|player|p2|Serena1111\u805a\u6c14\u5384\u9b3c\u692a|serena|1163\n|teamsize|p1|6\n|teamsize|p2|6\n|gen|9\n|tier|[Gen 9] National Dex\n|rated|\n|rule|HP Percentage Mod: HP is shown in percentages\n|rule|Endless Battle Clause: Forcing endless battles is banned\n|rule|OHKO Clause: OHKO moves are banned\n|rule|Evasion Clause: Evasion abilities, items, and moves are banned\n|rule|Evasion Abilities Clause: Evasion abilities are banned\n|rule|Evasion Items Clause: Evasion items are banned\n|rule|Evasion Moves Clause: Evasion moves are banned\n|rule|Species Clause: Limit one of each Pok\u00e9mon\n|rule|Sleep Clause Mod: Limit one foe put to sleep\n|clearpoke\n|poke|p1|Gardevoir, F|\n|poke|p1|Garchomp, F|\n|poke|p1|Bisharp, F|\n|poke|p1|Serperior, F|\n|poke|p1|Ribombee, M|\n|poke|p1|Ditto|\n|poke|p2|Mawile, F|\n|poke|p2|Marowak-Alola, F|\n|poke|p2|Porygon2|\n|poke|p2|Stakataka|\n|poke|p2|Cresselia, F|\n|poke|p2|Ursaluna, M|\n|teampreview\n|inactive|Battle timer is ON: inactive players will automatically lose when time's up. (requested by Serena1111\u805a\u6c14\u5384\u9b3c\u692a)\n|inactive|ndsnez monika also wants the timer to be on.\n|\n|t:|1700745053\n|start\n|switch|p1a: IXIA|Gardevoir, F, shiny|100\/100\n|switch|p2a: 3d\u9f99|Porygon2|100\/100\n|turn|1\n|\n|t:|1700745062\n|detailschange|p1a: IXIA|Gardevoir-Mega, F, shiny\n|-mega|p1a: IXIA|Gardevoir|Gardevoirite\n|-ability|p2a: 3d\u9f99|Pixilate|[from] ability: Trace|[of] p1a: IXIA\n|move|p1a: IXIA|Taunt|p2a: 3d\u9f99\n|-start|p2a: 3d\u9f99|move: Taunt\n|cant|p2a: 3d\u9f99|move: Taunt|Trick Room\n|\n|upkeep\n|turn|2\n|\n|t:|1700745076\n|move|p1a: IXIA|Focus Blast|p2a: 3d\u9f99\n|-supereffective|p2a: 3d\u9f99\n|-damage|p2a: 3d\u9f99|53\/100\n|move|p2a: 3d\u9f99|Ice Beam|p1a: IXIA\n|-damage|p1a: IXIA|80\/100\n|\n|upkeep\n|turn|3\n|\n|t:|1700745089\n|switch|p2a: \u7f8e\u68a6\u795e|Cresselia, F|100\/100\n|move|p1a: IXIA|Focus Blast|p2a: \u7f8e\u68a6\u795e\n|-resisted|p2a: \u7f8e\u68a6\u795e\n|-damage|p2a: \u7f8e\u68a6\u795e|84\/100\n|\n|upkeep\n|turn|4\n|inactive|Serena1111\u805a\u6c14\u5384\u9b3c\u692a has 120 seconds left.\n|\n|t:|1700745131\n|move|p1a: IXIA|Taunt|p2a: \u7f8e\u68a6\u795e\n|-start|p2a: \u7f8e\u68a6\u795e|move: Taunt\n|cant|p2a: \u7f8e\u68a6\u795e|move: Taunt|Trick Room\n|\n|upkeep\n|turn|5\n|\n|t:|1700745142\n|move|p1a: IXIA|Hyper Voice|p2a: \u7f8e\u68a6\u795e\n|-damage|p2a: \u7f8e\u68a6\u795e|43\/100\n|move|p2a: \u7f8e\u68a6\u795e|Ice Beam|p1a: IXIA\n|-damage|p1a: IXIA|57\/100\n|\n|upkeep\n|turn|6\n|inactive|Serena1111\u805a\u6c14\u5384\u9b3c\u692a has 120 seconds left.\n|\n|t:|1700745154\n|switch|p2a: \u5427\u8001\u5e08\u90fd\u60f3\u4e0d\u5230\u7684\u4e1c\u897f|Stakataka, shiny|100\/100\n|move|p1a: IXIA|Hyper Voice|p2a: \u5427\u8001\u5e08\u90fd\u60f3\u4e0d\u5230\u7684\u4e1c\u897f\n|-resisted|p2a: \u5427\u8001\u5e08\u90fd\u60f3\u4e0d\u5230\u7684\u4e1c\u897f\n|-damage|p2a: \u5427\u8001\u5e08\u90fd\u60f3\u4e0d\u5230\u7684\u4e1c\u897f|70\/100\n|\n|upkeep\n|turn|7\n|inactive|Serena1111\u805a\u6c14\u5384\u9b3c\u692a has 120 seconds left.\n|\n|t:|1700745165\n|switch|p2a: \u7f8e\u68a6\u795e|Cresselia, F|43\/100\n|move|p1a: IXIA|Focus Blast|p2a: \u7f8e\u68a6\u795e|[miss]\n|-miss|p1a: IXIA|p2a: \u7f8e\u68a6\u795e\n|\n|upkeep\n|turn|8\n|inactive|Serena1111\u805a\u6c14\u5384\u9b3c\u692a has 120 seconds left.\n|\n|t:|1700745176\n|move|p1a: IXIA|Taunt|p2a: \u7f8e\u68a6\u795e\n|-start|p2a: \u7f8e\u68a6\u795e|move: Taunt\n|cant|p2a: \u7f8e\u68a6\u795e|move: Taunt|Trick Room\n|\n|upkeep\n|turn|9\n|\n|t:|1700745186\n|switch|p2a: \u560e\u795e\uff01\uff01|Marowak-Alola, F, shiny|100\/100\n|move|p1a: IXIA|Psyshock|p2a: \u560e\u795e\uff01\uff01\n|-damage|p2a: \u560e\u795e\uff01\uff01|45\/100\n|\n|upkeep\n|turn|10\n|\n|t:|1700745197\n|switch|p2a: \u5427\u8001\u5e08\u90fd\u60f3\u4e0d\u5230\u7684\u4e1c\u897f|Stakataka, shiny|70\/100\n|move|p1a: IXIA|Psyshock|p2a: \u5427\u8001\u5e08\u90fd\u60f3\u4e0d\u5230\u7684\u4e1c\u897f\n|-resisted|p2a: \u5427\u8001\u5e08\u90fd\u60f3\u4e0d\u5230\u7684\u4e1c\u897f\n|-damage|p2a: \u5427\u8001\u5e08\u90fd\u60f3\u4e0d\u5230\u7684\u4e1c\u897f|56\/100\n|\n|upkeep\n|turn|11\n|\n|t:|1700745205\n|-terastallize|p2a: \u5427\u8001\u5e08\u90fd\u60f3\u4e0d\u5230\u7684\u4e1c\u897f|Rock\n|move|p1a: IXIA|Focus Blast|p2a: \u5427\u8001\u5e08\u90fd\u60f3\u4e0d\u5230\u7684\u4e1c\u897f|[miss]\n|-miss|p1a: IXIA|p2a: \u5427\u8001\u5e08\u90fd\u60f3\u4e0d\u5230\u7684\u4e1c\u897f\n|move|p2a: \u5427\u8001\u5e08\u90fd\u60f3\u4e0d\u5230\u7684\u4e1c\u897f|Trick Room|p2a: \u5427\u8001\u5e08\u90fd\u60f3\u4e0d\u5230\u7684\u4e1c\u897f\n|-fieldstart|move: Trick Room|[of] p2a: \u5427\u8001\u5e08\u90fd\u60f3\u4e0d\u5230\u7684\u4e1c\u897f\n|\n|upkeep\n|turn|12\n|\n|t:|1700745214\n|switch|p2a: \u560e\u795e\uff01\uff01|Marowak-Alola, F, shiny|45\/100\n|switch|p1a: Arimaki|Bisharp, F, shiny|100\/100\n|\n|upkeep\n|turn|13\n|\n|t:|1700745219\n|move|p1a: Arimaki|Sucker Punch|p2a: \u560e\u795e\uff01\uff01\n|-supereffective|p2a: \u560e\u795e\uff01\uff01\n|-damage|p2a: \u560e\u795e\uff01\uff01|0 fnt\n|faint|p2a: \u560e\u795e\uff01\uff01\n|\n|upkeep\n|\n|t:|1700745226\n|switch|p2a: \u5e26\u7a81\u98de\u731b\u6251\u8fd8\u662f\u5e26\u5730\u9707\u554a|Ursaluna, M|100\/100\n|turn|14\n|\n|t:|1700745237\n|-terastallize|p1a: Arimaki|Flying\n|move|p2a: \u5e26\u7a81\u98de\u731b\u6251\u8fd8\u662f\u5e26\u5730\u9707\u554a|Headlong Rush|p1a: Arimaki\n|-immune|p1a: Arimaki\n|move|p1a: Arimaki|Swords Dance|p1a: Arimaki\n|-boost|p1a: Arimaki|atk|2\n|\n|-status|p2a: \u5e26\u7a81\u98de\u731b\u6251\u8fd8\u662f\u5e26\u5730\u9707\u554a|brn|[from] item: Flame Orb\n|upkeep\n|turn|15\n|\n|t:|1700745249\n|move|p2a: \u5e26\u7a81\u98de\u731b\u6251\u8fd8\u662f\u5e26\u5730\u9707\u554a|Facade|p1a: Arimaki\n|-damage|p1a: Arimaki|0 fnt\n|faint|p1a: Arimaki\n|\n|-damage|p2a: \u5e26\u7a81\u98de\u731b\u6251\u8fd8\u662f\u5e26\u5730\u9707\u554a|94\/100 brn|[from] brn\n|-fieldend|move: Trick Room\n|upkeep\n|\n|t:|1700745256\n|switch|p1a: Frank|Serperior, F, shiny|100\/100\n|turn|16\n|\n|t:|1700745262\n|switch|p2a: 3d\u9f99|Porygon2|53\/100\n|-ability|p2a: 3d\u9f99|Contrary|[from] ability: Trace|[of] p1a: Frank\n|move|p1a: Frank|Leaf Storm|p2a: 3d\u9f99\n|-damage|p2a: 3d\u9f99|34\/100\n|-boost|p1a: Frank|spa|2\n|\n|upkeep\n|turn|17\n|\n|t:|1700745280\n|move|p1a: Frank|Substitute|p1a: Frank\n|-start|p1a: Frank|Substitute\n|-damage|p1a: Frank|76\/100\n|move|p2a: 3d\u9f99|Trick Room|p2a: 3d\u9f99\n|-fieldstart|move: Trick Room|[of] p2a: 3d\u9f99\n|\n|-heal|p1a: Frank|82\/100|[from] item: Leftovers\n|upkeep\n|turn|18\n|\n|t:|1700745289\n|move|p1a: Frank|Glare|p2a: 3d\u9f99\n|-status|p2a: 3d\u9f99|par\n|move|p2a: 3d\u9f99|Teleport|p2a: 3d\u9f99\n|\n|t:|1700745293\n|switch|p2a: \u53ea\u6709\u60f3\u4e0d\u5230 \u6ca1\u6709\u505a\u4e0d\u5230|Mawile, F|100\/100|[from] Teleport\n|-ability|p2a: \u53ea\u6709\u60f3\u4e0d\u5230 \u6ca1\u6709\u505a\u4e0d\u5230|Intimidate|boost\n|-immune|p1a: Frank\n|\n|-heal|p1a: Frank|88\/100|[from] item: Leftovers\n|upkeep\n|turn|19\n|\n|t:|1700745304\n|detailschange|p2a: \u53ea\u6709\u60f3\u4e0d\u5230 \u6ca1\u6709\u505a\u4e0d\u5230|Mawile-Mega, F\n|-mega|p2a: \u53ea\u6709\u60f3\u4e0d\u5230 \u6ca1\u6709\u505a\u4e0d\u5230|Mawile|Mawilite\n|move|p2a: \u53ea\u6709\u60f3\u4e0d\u5230 \u6ca1\u6709\u505a\u4e0d\u5230|Sucker Punch||[still]\n|-fail|p2a: \u53ea\u6709\u60f3\u4e0d\u5230 \u6ca1\u6709\u505a\u4e0d\u5230\n|move|p1a: Frank|Glare|p2a: \u53ea\u6709\u60f3\u4e0d\u5230 \u6ca1\u6709\u505a\u4e0d\u5230\n|-status|p2a: \u53ea\u6709\u60f3\u4e0d\u5230 \u6ca1\u6709\u505a\u4e0d\u5230|par\n|\n|-heal|p1a: Frank|94\/100|[from] item: Leftovers\n|upkeep\n|turn|20\n|\n|t:|1700745312\n|cant|p2a: \u53ea\u6709\u60f3\u4e0d\u5230 \u6ca1\u6709\u505a\u4e0d\u5230|par\n|move|p1a: Frank|Leaf Storm|p2a: \u53ea\u6709\u60f3\u4e0d\u5230 \u6ca1\u6709\u505a\u4e0d\u5230\n|-resisted|p2a: \u53ea\u6709\u60f3\u4e0d\u5230 \u6ca1\u6709\u505a\u4e0d\u5230\n|-damage|p2a: \u53ea\u6709\u60f3\u4e0d\u5230 \u6ca1\u6709\u505a\u4e0d\u5230|56\/100 par\n|-boost|p1a: Frank|spa|2\n|\n|-heal|p1a: Frank|99\/100|[from] item: Leftovers\n|upkeep\n|turn|21\n|-message|Serena1111\u805a\u6c14\u5384\u9b3c\u692a forfeited.\n|\n|win|ndsnez monika\n|raw|ndsnez monika's rating: 1282 &rarr; <strong>1299<\/strong><br \/>(+17 for winning)\n|raw|Serena1111\u805a\u6c14\u5384\u9b3c\u692a's rating: 1163 &rarr; <strong>1146<\/strong><br \/>(-17 for losing)\n|l|\u2606Serena1111\u805a\u6c14\u5384\u9b3c\u692a\n","uploadtime":1700745325,"views":0,"p1id":"ndsnezmonika","p2id":"serena1111","formatid":"gen9nationaldex","rating":1146,"private":0,"password":""}