{"id":"gen9nationaldex-1991591961","p1":"Kuzwa","p2":"Cs_Saranghae","format":"[Gen 9] National Dex","log":"|j|\u2606Kuzwa\n|j|\u2606Cs_Saranghae\n|t:|1700091863\n|gametype|singles\n|player|p1|Kuzwa|parasollady|1363\n|player|p2|Cs_Saranghae|unknown|1339\n|teamsize|p1|6\n|teamsize|p2|6\n|gen|9\n|tier|[Gen 9] National Dex\n|rated|\n|rule|HP Percentage Mod: HP is shown in percentages\n|rule|Endless Battle Clause: Forcing endless battles is banned\n|rule|OHKO Clause: OHKO moves are banned\n|rule|Evasion Clause: Evasion abilities, items, and moves are banned\n|rule|Evasion Abilities Clause: Evasion abilities are banned\n|rule|Evasion Items Clause: Evasion items are banned\n|rule|Evasion Moves Clause: Evasion moves are banned\n|rule|Species Clause: Limit one of each Pok\u00e9mon\n|rule|Sleep Clause Mod: Limit one foe put to sleep\n|clearpoke\n|poke|p1|Kartana|\n|poke|p1|Weavile, M|\n|poke|p1|Ogerpon-Wellspring, F|\n|poke|p1|Zeraora|\n|poke|p1|Glimmora, M|\n|poke|p1|Blaziken, M|\n|poke|p2|Rotom-Heat|\n|poke|p2|Landorus-Therian, M|\n|poke|p2|Rillaboom, F|\n|poke|p2|Snorlax, M|\n|poke|p2|Zoroark-Hisui, F|\n|poke|p2|Garchomp, M|\n|teampreview\n|inactive|Battle timer is ON: inactive players will automatically lose when time's up. (requested by Cs_Saranghae)\n|\n|t:|1700091890\n|start\n|switch|p1a: thing|Glimmora, M|100\/100\n|switch|p2a: Landorus|Landorus-Therian, M|100\/100\n|-ability|p2a: Landorus|Intimidate|boost\n|-unboost|p1a: thing|atk|1\n|-item|p1a: thing|Air Balloon\n|turn|1\n|\n|t:|1700091900\n|move|p2a: Landorus|Swords Dance|p2a: Landorus\n|-boost|p2a: Landorus|atk|2\n|move|p1a: thing|Power Gem|p2a: Landorus\n|-damage|p2a: Landorus|44\/100\n|\n|upkeep\n|turn|2\n|\n|t:|1700091906\n|move|p2a: Landorus|Knock Off|p1a: thing\n|-damage|p1a: thing|7\/100\n|-activate|p1a: thing|ability: Toxic Debris\n|-sidestart|p2: Cs_Saranghae|move: Toxic Spikes\n|-enditem|p1a: thing|Air Balloon\n|move|p1a: thing|Power Gem|p2a: Landorus\n|-damage|p2a: Landorus|0 fnt\n|faint|p2a: Landorus\n|\n|upkeep\n|\n|t:|1700091923\n|switch|p2a: Rillaboom|Rillaboom, F|100\/100\n|-status|p2a: Rillaboom|psn\n|-fieldstart|move: Grassy Terrain|[from] ability: Grassy Surge|[of] p2a: Rillaboom\n|turn|3\n|\n|t:|1700091929\n|move|p1a: thing|Sludge Wave|p2a: Rillaboom\n|-supereffective|p2a: Rillaboom\n|-damage|p2a: Rillaboom|0 fnt\n|faint|p2a: Rillaboom\n|\n|-heal|p1a: thing|14\/100|[from] Grassy Terrain\n|upkeep\n|\n|t:|1700091935\n|switch|p2a: Rotom|Rotom-Heat|100\/100\n|turn|4\n|\n|t:|1700091941\n|move|p1a: thing|Power Gem|p2a: Rotom\n|-supereffective|p2a: Rotom\n|-damage|p2a: Rotom|9\/100\n|move|p2a: Rotom|Volt Switch|p1a: thing\n|-damage|p1a: thing|0 fnt\n|faint|p1a: thing\n|\n|t:|1700091952\n|switch|p2a: Snorlax|Snorlax, M, shiny|100\/100|[from] Volt Switch\n|-enditem|p2a: Snorlax|Grassy Seed\n|-boost|p2a: Snorlax|def|1|[from] item: Grassy Seed\n|\n|upkeep\n|\n|t:|1700091961\n|switch|p1a: Makoto Yuki|Kartana, shiny|100\/100\n|turn|5\n|\n|t:|1700091970\n|move|p1a: Makoto Yuki|Swords Dance|p1a: Makoto Yuki\n|-boost|p1a: Makoto Yuki|atk|2\n|move|p2a: Snorlax|Yawn|p1a: Makoto Yuki\n|-start|p1a: Makoto Yuki|move: Yawn|[of] p2a: Snorlax\n|\n|upkeep\n|turn|6\n|\n|t:|1700091982\n|-terastallize|p2a: Snorlax|Fighting\n|move|p1a: Makoto Yuki|Sacred Sword|p2a: Snorlax\n|-damage|p2a: Snorlax|23\/100\n|move|p2a: Snorlax|Counter|p1a: Makoto Yuki\n|-enditem|p1a: Makoto Yuki|Focus Sash\n|-damage|p1a: Makoto Yuki|1\/100\n|\n|-heal|p1a: Makoto Yuki|7\/100|[from] Grassy Terrain\n|-heal|p2a: Snorlax|30\/100|[from] Grassy Terrain\n|-end|p1a: Makoto Yuki|move: Yawn|[silent]\n|-status|p1a: Makoto Yuki|slp\n|upkeep\n|turn|7\n|\n|t:|1700091994\n|switch|p2a: Rotom|Rotom-Heat|9\/100\n|cant|p1a: Makoto Yuki|slp\n|\n|-heal|p1a: Makoto Yuki|13\/100 slp|[from] Grassy Terrain\n|-heal|p2a: Rotom|15\/100|[from] item: Leftovers\n|-fieldend|move: Grassy Terrain\n|upkeep\n|turn|8\n|\n|t:|1700092001\n|switch|p1a: Ken Amada|Zeraora|100\/100\n|move|p2a: Rotom|Volt Switch|p1a: Ken Amada\n|-immune|p1a: Ken Amada|[from] ability: Volt Absorb\n|\n|-heal|p2a: Rotom|22\/100|[from] item: Leftovers\n|upkeep\n|turn|9\n|\n|t:|1700092005\n|move|p1a: Ken Amada|Fake Out|p2a: Rotom\n|-damage|p2a: Rotom|7\/100\n|cant|p2a: Rotom|flinch\n|\n|-heal|p2a: Rotom|13\/100|[from] item: Leftovers\n|upkeep\n|turn|10\n|\n|t:|1700092011\n|move|p1a: Ken Amada|Plasma Fists|p2a: Rotom\n|-resisted|p2a: Rotom\n|-damage|p2a: Rotom|0 fnt\n|-fieldactivate|move: Ion Deluge\n|-hint|Normal-type moves become Electric-type after using Plasma Fists.\n|faint|p2a: Rotom\n|\n|upkeep\n|\n|t:|1700092017\n|switch|p2a: Garchomp|Garchomp, M|100\/100\n|-status|p2a: Garchomp|psn\n|turn|11\n|\n|t:|1700092021\n|switch|p1a: Makoto Yuki|Kartana, shiny|13\/100 slp\n|detailschange|p2a: Garchomp|Garchomp-Mega, M\n|-mega|p2a: Garchomp|Garchomp|Garchompite\n|move|p2a: Garchomp|Swords Dance|p2a: Garchomp\n|-boost|p2a: Garchomp|atk|2\n|\n|-damage|p2a: Garchomp|88\/100 psn|[from] psn\n|upkeep\n|turn|12\n|\n|t:|1700092031\n|-curestatus|p1a: Makoto Yuki|slp|[msg]\n|move|p1a: Makoto Yuki|Smart Strike|p2a: Garchomp\n|-damage|p2a: Garchomp|48\/100 psn\n|move|p2a: Garchomp|Scale Shot|p1a: Makoto Yuki\n|-resisted|p1a: Makoto Yuki\n|-damage|p1a: Makoto Yuki|0 fnt\n|faint|p1a: Makoto Yuki\n|-hitcount|p1: Makoto Yuki|1\n|-unboost|p2a: Garchomp|def|1\n|-boost|p2a: Garchomp|spe|1\n|\n|-damage|p2a: Garchomp|35\/100 psn|[from] psn\n|upkeep\n|\n|t:|1700092045\n|switch|p1a: Ken Amada|Zeraora|100\/100\n|turn|13\n|\n|t:|1700092049\n|move|p1a: Ken Amada|Fake Out|p2a: Garchomp\n|-damage|p2a: Garchomp|20\/100 psn\n|cant|p2a: Garchomp|flinch\n|\n|-damage|p2a: Garchomp|7\/100 psn|[from] psn\n|upkeep\n|turn|14\n|\n|t:|1700092055\n|switch|p1a: Akihiko Sanada|Blaziken, M, shiny|100\/100\n|move|p2a: Garchomp|Dragon Claw|p1a: Akihiko Sanada\n|-enditem|p1a: Akihiko Sanada|Focus Sash\n|-damage|p1a: Akihiko Sanada|1\/100\n|\n|-damage|p2a: Garchomp|0 fnt|[from] psn\n|faint|p2a: Garchomp\n|upkeep\n|\n|t:|1700092070\n|switch|p2a: Snorlax|Snorlax, M, shiny|100\/100\n|-status|p2a: Snorlax|psn\n|-start|p2a: Snorlax|typechange|Fighting|[silent]\n|turn|15\n|\n|t:|1700092076\n|move|p2a: Snorlax|U-turn|p1a: Akihiko Sanada\n|-resisted|p1a: Akihiko Sanada\n|-damage|p1a: Akihiko Sanada|0 fnt\n|faint|p1a: Akihiko Sanada\n|\n|t:|1700092080\n|switch|p2a: Snorlax|Snorlax, M, shiny, tera:Fighting|30\/100|[from] U-turn\n|\n|upkeep\n|\n|t:|1700092087\n|switch|p1a: Junpei Iori|Weavile, M, shiny|100\/100\n|turn|16\n|\n|t:|1700092094\n|move|p1a: Junpei Iori|Psycho Cut|p2a: Snorlax\n|-supereffective|p2a: Snorlax\n|-damage|p2a: Snorlax|0 fnt\n|faint|p2a: Snorlax\n|\n|upkeep\n|\n|t:|1700092098\n|switch|p2a: Zoroark|Zoroark-Hisui, F, shiny|100\/100 psn\n|turn|17\n|\n|t:|1700092104\n|move|p1a: Junpei Iori|Knock Off|p2a: Zoroark\n|-supereffective|p2a: Zoroark\n|-damage|p2a: Zoroark|0 fnt\n|-enditem|p2a: Zoroark|Choice Specs|[from] move: Knock Off|[of] p1a: Junpei Iori\n|faint|p2a: Zoroark\n|\n|win|Kuzwa\n|raw|Kuzwa's rating: 1363 &rarr; <strong>1382<\/strong><br \/>(+19 for winning)\n|raw|Cs_Saranghae's rating: 1339 &rarr; <strong>1320<\/strong><br \/>(-19 for losing)\n|l|\u2606Cs_Saranghae\n","uploadtime":1700092108,"views":4,"p1id":"kuzwa","p2id":"cssaranghae","formatid":"gen9nationaldex","rating":1320,"private":0,"password":""}