{"id":"gen9nationaldex-1992409781","p1":"RegiSauce","p2":"Tank Tests","format":"[Gen 9] National Dex","log":"|j|\u2606RegiSauce\n|j|\u2606Tank Tests\n|t:|1700184264\n|gametype|singles\n|player|p1|RegiSauce|shadowtriad|1426\n|player|p2|Tank Tests|2|1417\n|teamsize|p1|6\n|teamsize|p2|6\n|gen|9\n|tier|[Gen 9] National Dex\n|rated|\n|rule|HP Percentage Mod: HP is shown in percentages\n|rule|Endless Battle Clause: Forcing endless battles is banned\n|rule|OHKO Clause: OHKO moves are banned\n|rule|Evasion Clause: Evasion abilities, items, and moves are banned\n|rule|Evasion Abilities Clause: Evasion abilities are banned\n|rule|Evasion Items Clause: Evasion items are banned\n|rule|Evasion Moves Clause: Evasion moves are banned\n|rule|Species Clause: Limit one of each Pok\u00e9mon\n|rule|Sleep Clause Mod: Limit one foe put to sleep\n|clearpoke\n|poke|p1|Tyranitar, F|\n|poke|p1|Togekiss, F|\n|poke|p1|Zeraora|\n|poke|p1|Decidueye-Hisui, F|\n|poke|p1|Celesteela|\n|poke|p1|Greninja-*, M|\n|poke|p2|Pawmot, F|\n|poke|p2|Rabsca, F|\n|poke|p2|Banette, F|\n|poke|p2|Victini|\n|poke|p2|Dragonite, F|\n|poke|p2|Forretress, M|\n|teampreview\n|inactive|Battle timer is ON: inactive players will automatically lose when time's up. (requested by RegiSauce)\n|\n|t:|1700184272\n|start\n|switch|p1a: Ramiel|Celesteela, shiny|100\/100\n|switch|p2a: Forretress|Forretress, M|100\/100\n|turn|1\n|\n|t:|1700184276\n|move|p1a: Ramiel|Fire Blast|p2a: Forretress\n|-supereffective|p2a: Forretress\n|-ability|p2a: Forretress|Sturdy\n|-damage|p2a: Forretress|1\/100\n|move|p2a: Forretress|Stealth Rock|p1a: Ramiel\n|-sidestart|p1: RegiSauce|move: Stealth Rock\n|\n|upkeep\n|turn|2\n|\n|t:|1700184280\n|move|p1a: Ramiel|Autotomize|p1a: Ramiel\n|-boost|p1a: Ramiel|spe|2\n|-start|p1a: Ramiel|Autotomize\n|move|p2a: Forretress|Thunder Wave|p1a: Ramiel\n|-status|p1a: Ramiel|par\n|\n|upkeep\n|turn|3\n|\n|t:|1700184284\n|move|p1a: Ramiel|Autotomize|p1a: Ramiel\n|-boost|p1a: Ramiel|spe|2\n|-start|p1a: Ramiel|Autotomize\n|move|p2a: Forretress|Explosion|p1a: Ramiel\n|-resisted|p1a: Ramiel\n|-damage|p1a: Ramiel|75\/100 par\n|faint|p2a: Forretress\n|\n|upkeep\n|\n|t:|1700184287\n|switch|p2a: Victini|Victini|100\/100\n|turn|4\n|\n|t:|1700184291\n|move|p2a: Victini|V-create|p1a: Ramiel\n|-supereffective|p1a: Ramiel\n|-damage|p1a: Ramiel|0 fnt\n|-unboost|p2a: Victini|spe|1\n|-unboost|p2a: Victini|def|1\n|-unboost|p2a: Victini|spd|1\n|faint|p1a: Ramiel\n|\n|upkeep\n|\n|t:|1700184297\n|switch|p1a: Greninja|Greninja, M|100\/100\n|-damage|p1a: Greninja|88\/100|[from] Stealth Rock\n|turn|5\n|\n|t:|1700184303\n|switch|p2a: Dragonite|Dragonite, F|100\/100\n|move|p1a: Greninja|Water Shuriken|p2a: Dragonite\n|-resisted|p2a: Dragonite\n|-damage|p2a: Dragonite|99\/100\n|-resisted|p2a: Dragonite\n|-damage|p2a: Dragonite|95\/100\n|-resisted|p2a: Dragonite\n|-damage|p2a: Dragonite|91\/100\n|-resisted|p2a: Dragonite\n|-crit|p2a: Dragonite\n|-damage|p2a: Dragonite|85\/100\n|-resisted|p2a: Dragonite\n|-damage|p2a: Dragonite|82\/100\n|-hitcount|p2a: Dragonite|5\n|\n|upkeep\n|turn|6\n|\n|t:|1700184308\n|-terastallize|p2a: Dragonite|Normal\n|move|p2a: Dragonite|Extreme Speed|p1a: Greninja\n|-damage|p1a: Greninja|9\/100\n|move|p1a: Greninja|Ice Beam|p2a: Dragonite\n|-damage|p2a: Dragonite|53\/100\n|\n|upkeep\n|turn|7\n|\n|t:|1700184316\n|move|p2a: Dragonite|Extreme Speed|p1a: Greninja\n|-damage|p1a: Greninja|0 fnt\n|faint|p1a: Greninja\n|\n|upkeep\n|\n|t:|1700184322\n|switch|p1a: Pear|Tyranitar, F|100\/100\n|-damage|p1a: Pear|88\/100|[from] Stealth Rock\n|-weather|Sandstorm|[from] ability: Sand Stream|[of] p1a: Pear\n|turn|8\n|\n|t:|1700184327\n|move|p2a: Dragonite|Earthquake|p1a: Pear\n|-supereffective|p1a: Pear\n|-damage|p1a: Pear|31\/100\n|move|p1a: Pear|Pursuit|p2a: Dragonite\n|-crit|p2a: Dragonite\n|-damage|p2a: Dragonite|15\/100\n|\n|-weather|Sandstorm|[upkeep]\n|-damage|p2a: Dragonite|9\/100|[from] Sandstorm\n|upkeep\n|turn|9\n|\n|t:|1700184335\n|switch|p1a: Decidueye|Decidueye-Hisui, F|100\/100\n|-damage|p1a: Decidueye|95\/100|[from] Stealth Rock\n|move|p2a: Dragonite|Dragon Claw|p1a: Decidueye\n|-damage|p1a: Decidueye|30\/100\n|\n|-weather|Sandstorm|[upkeep]\n|-damage|p2a: Dragonite|2\/100|[from] Sandstorm\n|-damage|p1a: Decidueye|24\/100|[from] Sandstorm\n|upkeep\n|turn|10\n|\n|t:|1700184345\n|move|p2a: Dragonite|Dragon Claw|p1a: Decidueye\n|-damage|p1a: Decidueye|0 fnt\n|faint|p1a: Decidueye\n|\n|-weather|Sandstorm|[upkeep]\n|-damage|p2a: Dragonite|0 fnt|[from] Sandstorm\n|faint|p2a: Dragonite\n|upkeep\n|-message|RegiSauce forfeited.\n|\n|win|Tank Tests\n|raw|RegiSauce's rating: 1426 &rarr; <strong>1405<\/strong><br \/>(-21 for losing)\n|raw|Tank Tests's rating: 1417 &rarr; <strong>1438<\/strong><br \/>(+21 for winning)\n|l|\u2606RegiSauce\n","uploadtime":1700184353,"views":15,"p1id":"regisauce","p2id":"tanktests","formatid":"gen9nationaldex","rating":1405,"private":0,"password":""}