{"id":"gen9nationaldex-1999900477","p1":"Onlymanever","p2":"colressfan34","format":"[Gen 9] National Dex","log":"|html|<div class=\"broadcast-blue\"><strong>[Gen 9] National Dex is currently suspecting Sneasler! For information on how to participate check out the <a href=\"https:\/\/www.smogon.com\/forums\/threads\/sv-national-dex-suspect-8-just-dance.3731534\/\">suspect thread<\/a>.<\/strong><\/div>\n|j|\u2606Onlymanever\n|j|\u2606colressfan34\n|t:|1701127934\n|gametype|singles\n|player|p1|Onlymanever|lyra|1009\n|player|p2|colressfan34|brock|1000\n|teamsize|p1|6\n|teamsize|p2|6\n|gen|9\n|tier|[Gen 9] National Dex\n|rated|\n|rule|HP Percentage Mod: HP is shown in percentages\n|rule|Endless Battle Clause: Forcing endless battles is banned\n|rule|OHKO Clause: OHKO moves are banned\n|rule|Evasion Clause: Evasion abilities, items, and moves are banned\n|rule|Evasion Abilities Clause: Evasion abilities are banned\n|rule|Evasion Items Clause: Evasion items are banned\n|rule|Evasion Moves Clause: Evasion moves are banned\n|rule|Species Clause: Limit one of each Pok\u00e9mon\n|rule|Sleep Clause Mod: Limit one foe put to sleep\n|clearpoke\n|poke|p1|Sceptile, M|\n|poke|p1|Beautifly, F|\n|poke|p1|Camerupt, F|\n|poke|p1|Grumpig, M|\n|poke|p1|Sharpedo, M|\n|poke|p1|Hariyama, M|\n|poke|p2|Vaporeon, M|\n|poke|p2|Garchomp, L95, M|\n|poke|p2|Gardevoir, M|\n|poke|p2|Lucario, M|\n|poke|p2|Gliscor, F|\n|poke|p2|Skarmory, M|\n|teampreview\n|\n|t:|1701127943\n|start\n|switch|p1a: Sceptile|Sceptile, M|100\/100\n|switch|p2a: Lucario|Lucario, M|100\/100\n|turn|1\n|c|\u2606colressfan34|hello and good luck\n|inactive|Battle timer is ON: inactive players will automatically lose when time's up. (requested by Onlymanever)\n|\n|t:|1701127957\n|move|p2a: Lucario|Detect|p2a: Lucario\n|-singleturn|p2a: Lucario|Protect\n|move|p1a: Sceptile|Swords Dance|p1a: Sceptile\n|-boost|p1a: Sceptile|atk|2\n|\n|upkeep\n|turn|2\n|\n|t:|1701127967\n|move|p2a: Lucario|Detect||[still]\n|-fail|p2a: Lucario\n|move|p1a: Sceptile|Energy Ball|p2a: Lucario\n|-resisted|p2a: Lucario\n|-damage|p2a: Lucario|78\/100\n|-enditem|p2a: Lucario|Red Card|[of] p1a: Sceptile\n|drag|p1a: Camerupt|Camerupt, F|100\/100\n|\n|upkeep\n|turn|3\n|\n|t:|1701127982\n|move|p2a: Lucario|Meteor Mash|p1a: Camerupt\n|-resisted|p1a: Camerupt\n|-damage|p1a: Camerupt|66\/100\n|move|p1a: Camerupt|Flamethrower|p2a: Lucario\n|-supereffective|p2a: Lucario\n|-damage|p2a: Lucario|0 fnt\n|faint|p2a: Lucario\n|\n|-heal|p1a: Camerupt|72\/100|[from] item: Leftovers\n|upkeep\n|c|\u2606Onlymanever|Hi\n|\n|t:|1701127991\n|switch|p2a: bird boy|Skarmory, M|100\/100\n|turn|4\n|\n|t:|1701128001\n|move|p2a: bird boy|Substitute|p2a: bird boy\n|-start|p2a: bird boy|Substitute\n|-damage|p2a: bird boy|75\/100\n|move|p1a: Camerupt|Flamethrower|p2a: bird boy\n|-supereffective|p2a: bird boy\n|-end|p2a: bird boy|Substitute\n|\n|-heal|p1a: Camerupt|78\/100|[from] item: Leftovers\n|upkeep\n|turn|5\n|\n|t:|1701128010\n|move|p2a: bird boy|Substitute|p2a: bird boy\n|-start|p2a: bird boy|Substitute\n|-damage|p2a: bird boy|50\/100\n|move|p1a: Camerupt|Flamethrower|p2a: bird boy\n|-supereffective|p2a: bird boy\n|-end|p2a: bird boy|Substitute\n|\n|-heal|p1a: Camerupt|84\/100|[from] item: Leftovers\n|upkeep\n|turn|6\n|\n|t:|1701128019\n|move|p2a: bird boy|Roost|p2a: bird boy\n|-heal|p2a: bird boy|100\/100\n|-singleturn|p2a: bird boy|move: Roost\n|move|p1a: Camerupt|Flamethrower|p2a: bird boy\n|-supereffective|p2a: bird boy\n|-ability|p2a: bird boy|Sturdy\n|-damage|p2a: bird boy|1\/100\n|-enditem|p2a: bird boy|Weakness Policy\n|-boost|p2a: bird boy|atk|2|[from] item: Weakness Policy\n|-boost|p2a: bird boy|spa|2|[from] item: Weakness Policy\n|\n|-heal|p1a: Camerupt|91\/100|[from] item: Leftovers\n|upkeep\n|turn|7\n|\n|t:|1701128038\n|move|p2a: bird boy|Roost|p2a: bird boy\n|-heal|p2a: bird boy|51\/100\n|-singleturn|p2a: bird boy|move: Roost\n|move|p1a: Camerupt|Flamethrower|p2a: bird boy\n|-supereffective|p2a: bird boy\n|-damage|p2a: bird boy|0 fnt\n|faint|p2a: bird boy\n|\n|-heal|p1a: Camerupt|97\/100|[from] item: Leftovers\n|upkeep\n|\n|t:|1701128048\n|switch|p2a: Gliscor|Gliscor, F, shiny|100\/100\n|turn|8\n|\n|t:|1701128052\n|switch|p1a: Beautifly|Beautifly, F|100\/100\n|move|p2a: Gliscor|Toxic Spikes|p1a: Beautifly\n|-sidestart|p1: Onlymanever|move: Toxic Spikes\n|\n|upkeep\n|turn|9\n|\n|t:|1701128058\n|move|p2a: Gliscor|Toxic|p1a: Beautifly\n|-status|p1a: Beautifly|tox\n|move|p1a: Beautifly|Quiver Dance|p1a: Beautifly\n|-boost|p1a: Beautifly|spa|1\n|-boost|p1a: Beautifly|spd|1\n|-boost|p1a: Beautifly|spe|1\n|\n|-damage|p1a: Beautifly|94\/100 tox|[from] psn\n|upkeep\n|turn|10\n|\n|t:|1701128069\n|move|p1a: Beautifly|Air Cutter|p2a: Gliscor\n|-damage|p2a: Gliscor|50\/100\n|move|p2a: Gliscor|Toxic Spikes|p1a: Beautifly\n|-sidestart|p1: Onlymanever|move: Toxic Spikes\n|\n|-heal|p1a: Beautifly|100\/100 tox|[from] item: Leftovers\n|-damage|p1a: Beautifly|88\/100 tox|[from] psn\n|upkeep\n|turn|11\n|\n|t:|1701128078\n|move|p1a: Beautifly|Air Cutter|p2a: Gliscor\n|-damage|p2a: Gliscor|0 fnt\n|faint|p2a: Gliscor\n|\n|-heal|p1a: Beautifly|94\/100 tox|[from] item: Leftovers\n|-damage|p1a: Beautifly|76\/100 tox|[from] psn\n|upkeep\n|\n|t:|1701128084\n|switch|p2a: chompr|Garchomp, L95, M|100\/100\n|turn|12\n|\n|t:|1701128094\n|move|p1a: Beautifly|Bug Buzz|p2a: chompr\n|-damage|p2a: chompr|32\/100\n|-enditem|p2a: chompr|Red Card|[of] p1a: Beautifly\n|drag|p1a: Sharpedo|Sharpedo, M|100\/100\n|-status|p1a: Sharpedo|tox\n|move|p2a: chompr|Rock Smash|p1a: Sharpedo\n|-supereffective|p1a: Sharpedo\n|-damage|p1a: Sharpedo|51\/100 tox\n|\n|-heal|p1a: Sharpedo|57\/100 tox|[from] item: Leftovers\n|-damage|p1a: Sharpedo|51\/100 tox|[from] psn\n|upkeep\n|turn|13\n|\n|t:|1701128108\n|move|p1a: Sharpedo|Ice Beam|p2a: chompr\n|-supereffective|p2a: chompr\n|-damage|p2a: chompr|0 fnt\n|faint|p2a: chompr\n|\n|-heal|p1a: Sharpedo|57\/100 tox|[from] item: Leftovers\n|-damage|p1a: Sharpedo|45\/100 tox|[from] psn\n|-ability|p1a: Sharpedo|Speed Boost|boost\n|-boost|p1a: Sharpedo|spe|1\n|upkeep\n|\n|t:|1701128117\n|switch|p2a: zach|Gardevoir, M, shiny|100\/100\n|turn|14\n|\n|t:|1701128122\n|move|p1a: Sharpedo|Crunch|p2a: zach\n|-damage|p2a: zach|38\/100\n|-unboost|p2a: zach|def|1\n|move|p2a: zach|Destiny Bond|p2a: zach\n|-singlemove|p2a: zach|Destiny Bond\n|\n|-heal|p1a: Sharpedo|51\/100 tox|[from] item: Leftovers\n|-damage|p1a: Sharpedo|33\/100 tox|[from] psn\n|-ability|p1a: Sharpedo|Speed Boost|boost\n|-boost|p1a: Sharpedo|spe|1\n|upkeep\n|turn|15\n|\n|t:|1701128137\n|move|p1a: Sharpedo|Aqua Jet|p2a: zach\n|-damage|p2a: zach|0 fnt\n|faint|p2a: zach\n|-activate|p2a: zach|move: Destiny Bond\n|faint|p1a: Sharpedo\n|\n|upkeep\n|\n|t:|1701128144\n|switch|p1a: Sceptile|Sceptile, M|100\/100\n|switch|p2a: lemonade|Vaporeon, M|100\/100\n|-status|p1a: Sceptile|tox\n|turn|16\n|\n|t:|1701128151\n|-terastallize|p1a: Sceptile|Grass\n|move|p1a: Sceptile|Leaf Blade|p2a: lemonade\n|-supereffective|p2a: lemonade\n|-damage|p2a: lemonade|0 fnt\n|faint|p2a: lemonade\n|\n|win|Onlymanever\n|raw|Onlymanever's rating: 1009 &rarr; <strong>1047<\/strong><br \/>(+38 for winning)\n|raw|colressfan34's rating: 1000 &rarr; <strong>1000<\/strong><br \/>(+0 for losing)\n","uploadtime":1701128160,"views":13,"p1id":"onlymanever","p2id":"colressfan34","formatid":"gen9nationaldex","rating":1000,"private":0,"password":""}