{"id":"gen9nationaldex-1989331476","p1":"Goha","p2":"lefloseug","format":"[Gen 9] National Dex","log":"|j|\u2606Goha\n|j|\u2606lefloseug\n|t:|1699837264\n|gametype|singles\n|player|p1|Goha|clerk|1409\n|player|p2|lefloseug|grimsley|1477\n|teamsize|p1|6\n|teamsize|p2|6\n|gen|9\n|tier|[Gen 9] National Dex\n|rated|\n|rule|HP Percentage Mod: HP is shown in percentages\n|rule|Endless Battle Clause: Forcing endless battles is banned\n|rule|OHKO Clause: OHKO moves are banned\n|rule|Evasion Clause: Evasion abilities, items, and moves are banned\n|rule|Evasion Abilities Clause: Evasion abilities are banned\n|rule|Evasion Items Clause: Evasion items are banned\n|rule|Evasion Moves Clause: Evasion moves are banned\n|rule|Species Clause: Limit one of each Pok\u00e9mon\n|rule|Sleep Clause Mod: Limit one foe put to sleep\n|clearpoke\n|poke|p1|Serperior, F|\n|poke|p1|Landorus-Therian, M|\n|poke|p1|Kyurem|\n|poke|p1|Blaziken, M|\n|poke|p1|Scizor, F|\n|poke|p1|Urshifu-*, F|\n|poke|p2|Pelipper, M|\n|poke|p2|Swampert, M|\n|poke|p2|Tapu Koko|\n|poke|p2|Sneasler, M|\n|poke|p2|Kingdra, M|\n|poke|p2|Ferrothorn, M|\n|teampreview\n|inactive|Battle timer is ON: inactive players will automatically lose when time's up. (requested by Goha)\n|\n|t:|1699837280\n|start\n|switch|p1a: Scizor|Scizor, F|100\/100\n|switch|p2a: Pelipper|Pelipper, M|100\/100\n|-weather|RainDance|[from] ability: Drizzle|[of] p2a: Pelipper\n|turn|1\n|\n|t:|1699837284\n|detailschange|p1a: Scizor|Scizor-Mega, F\n|-mega|p1a: Scizor|Scizor|Scizorite\n|move|p1a: Scizor|U-turn|p2a: Pelipper\n|-resisted|p2a: Pelipper\n|-crit|p2a: Pelipper\n|-damage|p2a: Pelipper|65\/100\n|\n|t:|1699837287\n|switch|p1a: Kyurem|Kyurem, shiny|100\/100|[from] U-turn\n|-ability|p1a: Kyurem|Pressure\n|move|p2a: Pelipper|Scald|p1a: Kyurem\n|-resisted|p1a: Kyurem\n|-damage|p1a: Kyurem|72\/100\n|-status|p1a: Kyurem|brn\n|\n|-weather|RainDance|[upkeep]\n|-damage|p1a: Kyurem|66\/100 brn|[from] brn\n|upkeep\n|turn|2\n|\n|t:|1699837297\n|switch|p2a: Swampert|Swampert, M|100\/100\n|move|p1a: Kyurem|Ice Beam|p2a: Swampert\n|-damage|p2a: Swampert|30\/100\n|\n|-weather|RainDance|[upkeep]\n|-damage|p1a: Kyurem|60\/100 brn|[from] brn\n|upkeep\n|turn|3\n|\n|t:|1699837301\n|detailschange|p2a: Swampert|Swampert-Mega, M\n|-mega|p2a: Swampert|Swampert|Swampertite\n|move|p2a: Swampert|Flip Turn|p1a: Kyurem\n|-resisted|p1a: Kyurem\n|-damage|p1a: Kyurem|31\/100 brn\n|\n|t:|1699837305\n|switch|p2a: Tapu Koko|Tapu Koko, shiny|100\/100|[from] Flip Turn\n|-fieldstart|move: Electric Terrain|[from] ability: Electric Surge|[of] p2a: Tapu Koko\n|move|p1a: Kyurem|Ice Beam|p2a: Tapu Koko\n|-damage|p2a: Tapu Koko|0 fnt\n|faint|p2a: Tapu Koko\n|\n|-weather|RainDance|[upkeep]\n|-damage|p1a: Kyurem|25\/100 brn|[from] brn\n|upkeep\n|\n|t:|1699837308\n|switch|p2a: Sneasler|Sneasler, M|100\/100\n|-enditem|p2a: Sneasler|Electric Seed\n|-boost|p2a: Sneasler|def|1|[from] item: Electric Seed\n|turn|4\n|\n|t:|1699837319\n|move|p2a: Sneasler|Acrobatics|p1a: Kyurem\n|-damage|p1a: Kyurem|0 fnt\n|faint|p1a: Kyurem\n|\n|-weather|RainDance|[upkeep]\n|upkeep\n|\n|t:|1699837322\n|switch|p1a: Landorus|Landorus-Therian, M, shiny|100\/100\n|-ability|p1a: Landorus|Intimidate|boost\n|-unboost|p2a: Sneasler|atk|1\n|turn|5\n|\n|t:|1699837325\n|-terastallize|p2a: Sneasler|Flying\n|move|p2a: Sneasler|Swords Dance|p2a: Sneasler\n|-boost|p2a: Sneasler|atk|2\n|move|p1a: Landorus|Self-Destruct|p2a: Sneasler\n|-damage|p2a: Sneasler|17\/100\n|faint|p1a: Landorus\n|\n|-weather|RainDance|[upkeep]\n|upkeep\n|\n|t:|1699837330\n|switch|p1a: Scizor|Scizor-Mega, F|100\/100\n|turn|6\n|\n|t:|1699837334\n|move|p1a: Scizor|Bullet Punch|p2a: Sneasler\n|-damage|p2a: Sneasler|0 fnt\n|faint|p2a: Sneasler\n|\n|-weather|RainDance|[upkeep]\n|upkeep\n|\n|t:|1699837335\n|switch|p2a: Kingdra|Kingdra, M|100\/100\n|turn|7\n|\n|t:|1699837339\n|move|p2a: Kingdra|Surf|p1a: Scizor\n|-damage|p1a: Scizor|41\/100\n|move|p1a: Scizor|Knock Off|p2a: Kingdra\n|-damage|p2a: Kingdra|69\/100\n|\n|-weather|RainDance|[upkeep]\n|-fieldend|move: Electric Terrain\n|upkeep\n|turn|8\n|\n|t:|1699837342\n|move|p1a: Scizor|Bullet Punch|p2a: Kingdra\n|-resisted|p2a: Kingdra\n|-damage|p2a: Kingdra|48\/100\n|move|p2a: Kingdra|Surf|p1a: Scizor\n|-damage|p1a: Scizor|0 fnt\n|faint|p1a: Scizor\n|\n|-weather|none\n|upkeep\n|\n|t:|1699837350\n|switch|p1a: Blaziken|Blaziken, M, shiny|100\/100\n|turn|9\n|\n|t:|1699837353\n|move|p1a: Blaziken|Swords Dance|p1a: Blaziken\n|-boost|p1a: Blaziken|atk|2\n|-zpower|p2a: Kingdra\n|move|p2a: Kingdra|Hydro Vortex|p1a: Blaziken|[zeffect]\n|-supereffective|p1a: Blaziken\n|-damage|p1a: Blaziken|0 fnt\n|faint|p1a: Blaziken\n|\n|upkeep\n|\n|t:|1699837355\n|switch|p1a: Serperior|Serperior, F, shiny|100\/100\n|turn|10\n|\n|t:|1699837360\n|switch|p2a: Pelipper|Pelipper, M|65\/100\n|-weather|RainDance|[from] ability: Drizzle|[of] p2a: Pelipper\n|move|p1a: Serperior|Leaf Storm|p2a: Pelipper\n|-damage|p2a: Pelipper|0 fnt\n|-boost|p1a: Serperior|spa|2\n|faint|p2a: Pelipper\n|\n|-weather|RainDance|[upkeep]\n|upkeep\n|\n|t:|1699837364\n|switch|p2a: Swampert|Swampert-Mega, M|30\/100\n|turn|11\n|\n|t:|1699837367\n|-terastallize|p1a: Serperior|Water\n|move|p2a: Swampert|Ice Punch|p1a: Serperior\n|-resisted|p1a: Serperior\n|-damage|p1a: Serperior|81\/100\n|move|p1a: Serperior|Leaf Storm|p2a: Swampert\n|-supereffective|p2a: Swampert\n|-damage|p2a: Swampert|0 fnt\n|-boost|p1a: Serperior|spa|2\n|faint|p2a: Swampert\n|\n|-weather|RainDance|[upkeep]\n|upkeep\n|\n|t:|1699837371\n|switch|p2a: Kingdra|Kingdra, M|48\/100\n|turn|12\n|\n|t:|1699837373\n|move|p2a: Kingdra|Draco Meteor|p1a: Serperior|[miss]\n|-miss|p2a: Kingdra|p1a: Serperior\n|move|p1a: Serperior|Leaf Storm|p2a: Kingdra\n|-damage|p2a: Kingdra|0 fnt\n|-boost|p1a: Serperior|spa|2\n|faint|p2a: Kingdra\n|\n|-weather|RainDance|[upkeep]\n|upkeep\n|-message|lefloseug forfeited.\n|\n|win|Goha\n|raw|Goha's rating: 1409 &rarr; <strong>1433<\/strong><br \/>(+24 for winning)\n|raw|lefloseug's rating: 1477 &rarr; <strong>1453<\/strong><br \/>(-24 for losing)\n|l|\u2606lefloseug\n","uploadtime":1699837382,"views":4,"p1id":"goha","p2id":"lefloseug","formatid":"gen9nationaldex","rating":1433,"private":0,"password":""}