{"id":"gen9nationaldex-1996670467","p1":"hammerfallgcc","p2":"Bronzong","format":"[Gen 9] National Dex","log":"|html|<div class=\"broadcast-blue\"><strong>[Gen 9] National Dex is currently suspecting Sneasler! For information on how to participate check out the <a href=\"https:\/\/www.smogon.com\/forums\/threads\/sv-national-dex-suspect-8-just-dance.3731534\/\">suspect thread<\/a>.<\/strong><\/div>\n|j|\u2606hammerfallgcc\n|j|\u2606Bronzong\n|t:|1700707651\n|gametype|singles\n|player|p1|hammerfallgcc|169|\n|player|p2|Bronzong|hassel|\n|teamsize|p1|6\n|teamsize|p2|6\n|gen|9\n|tier|[Gen 9] National Dex\n|rule|HP Percentage Mod: HP is shown in percentages\n|rule|Endless Battle Clause: Forcing endless battles is banned\n|rule|OHKO Clause: OHKO moves are banned\n|rule|Evasion Clause: Evasion abilities, items, and moves are banned\n|rule|Evasion Abilities Clause: Evasion abilities are banned\n|rule|Evasion Items Clause: Evasion items are banned\n|rule|Evasion Moves Clause: Evasion moves are banned\n|rule|Species Clause: Limit one of each Pok\u00e9mon\n|rule|Sleep Clause Mod: Limit one foe put to sleep\n|clearpoke\n|poke|p1|Latios, M|\n|poke|p1|Zygarde-10%|\n|poke|p1|Zarude|\n|poke|p1|Mimikyu, M|\n|poke|p1|Claydol|\n|poke|p1|Poliwrath, F|\n|poke|p2|Arcanine-Hisui, M|\n|poke|p2|Corviknight, M|\n|poke|p2|Noivern, F|\n|poke|p2|Suicune|\n|poke|p2|Dachsbun, M|\n|poke|p2|Spidops, M|\n|teampreview\n|inactive|Battle timer is ON: inactive players will automatically lose when time's up. (requested by Bronzong)\n|c|\u2606hammerfallgcc|hf\n|c|\u2606Bronzong|you too\n|inactive|Bronzong has 270 seconds left.\n|\n|t:|1700707683\n|start\n|switch|p1a: BUNGALOW 49|Claydol|100\/100\n|switch|p2a: Spidops|Spidops, M|100\/100\n|turn|1\n|inactiveoff|Battle timer is now OFF.\n|\n|t:|1700707698\n|-terastallize|p1a: BUNGALOW 49|Fairy\n|move|p1a: BUNGALOW 49|Stealth Rock|p2a: Spidops\n|-sidestart|p2: Bronzong|move: Stealth Rock\n|move|p2a: Spidops|Sticky Web|p1a: BUNGALOW 49\n|-sidestart|p1: hammerfallgcc|move: Sticky Web\n|\n|upkeep\n|turn|2\n|\n|t:|1700707703\n|move|p1a: BUNGALOW 49|Rapid Spin|p2a: Spidops\n|-damage|p2a: Spidops|90\/100\n|-boost|p1a: BUNGALOW 49|spe|1\n|-sideend|p1: hammerfallgcc|Sticky Web|[from] move: Rapid Spin|[of] p1a: BUNGALOW 49\n|move|p2a: Spidops|Poison Jab|p1a: BUNGALOW 49\n|-supereffective|p1a: BUNGALOW 49\n|-damage|p1a: BUNGALOW 49|57\/100\n|\n|-heal|p1a: BUNGALOW 49|63\/100|[from] item: Leftovers\n|upkeep\n|turn|3\n|\n|t:|1700707728\n|switch|p1a: Rainbow Connection|Poliwrath, F, shiny|100\/100\n|move|p2a: Spidops|Sticky Web|p1a: Rainbow Connection\n|-sidestart|p1: hammerfallgcc|move: Sticky Web\n|\n|upkeep\n|turn|4\n|\n|t:|1700707795\n|move|p2a: Spidops|Poison Jab|p1a: Rainbow Connection\n|-damage|p1a: Rainbow Connection|85\/100\n|-damage|p2a: Spidops|74\/100|[from] item: Rocky Helmet|[of] p1a: Rainbow Connection\n|move|p1a: Rainbow Connection|Circle Throw|p2a: Spidops\n|-resisted|p2a: Spidops\n|-damage|p2a: Spidops|62\/100\n|drag|p2a: Noivern|Noivern, F|100\/100\n|-damage|p2a: Noivern|76\/100|[from] Stealth Rock\n|\n|upkeep\n|turn|5\n|\n|t:|1700707812\n|switch|p2a: Corviknight|Corviknight, M|100\/100\n|-damage|p2a: Corviknight|88\/100|[from] Stealth Rock\n|move|p1a: Rainbow Connection|Circle Throw|p2a: Corviknight\n|-damage|p2a: Corviknight|71\/100\n|drag|p2a: Dachsbun|Dachsbun, M|100\/100\n|-damage|p2a: Dachsbun|88\/100|[from] Stealth Rock\n|\n|-heal|p2a: Dachsbun|94\/100|[from] item: Leftovers\n|upkeep\n|turn|6\n|\n|t:|1700707831\n|move|p2a: Dachsbun|Play Rough|p1a: Rainbow Connection\n|-supereffective|p1a: Rainbow Connection\n|-damage|p1a: Rainbow Connection|52\/100\n|-damage|p2a: Dachsbun|78\/100|[from] item: Rocky Helmet|[of] p1a: Rainbow Connection\n|move|p1a: Rainbow Connection|Poison Jab|p2a: Dachsbun\n|-supereffective|p2a: Dachsbun\n|-damage|p2a: Dachsbun|54\/100\n|\n|-heal|p2a: Dachsbun|60\/100|[from] item: Leftovers\n|upkeep\n|turn|7\n|\n|t:|1700707843\n|move|p2a: Dachsbun|Play Rough|p1a: Rainbow Connection|[miss]\n|-miss|p2a: Dachsbun|p1a: Rainbow Connection\n|move|p1a: Rainbow Connection|Circle Throw|p2a: Dachsbun\n|-resisted|p2a: Dachsbun\n|-crit|p2a: Dachsbun\n|-damage|p2a: Dachsbun|49\/100\n|drag|p2a: Spidops|Spidops, M|62\/100\n|-damage|p2a: Spidops|37\/100|[from] Stealth Rock\n|\n|upkeep\n|turn|8\n|c|\u2606Bronzong|TWO?\n|c|\u2606hammerfallgcc|bad move\n|\n|t:|1700707860\n|move|p2a: Spidops|First Impression|p1a: Rainbow Connection\n|-resisted|p1a: Rainbow Connection\n|-crit|p1a: Rainbow Connection\n|-damage|p1a: Rainbow Connection|34\/100\n|-damage|p2a: Spidops|21\/100|[from] item: Rocky Helmet|[of] p1a: Rainbow Connection\n|move|p1a: Rainbow Connection|Circle Throw|p2a: Spidops\n|-resisted|p2a: Spidops\n|-damage|p2a: Spidops|9\/100\n|drag|p2a: Corviknight|Corviknight, M|71\/100\n|-damage|p2a: Corviknight|59\/100|[from] Stealth Rock\n|\n|-heal|p2a: Corviknight|65\/100|[from] item: Leftovers\n|upkeep\n|turn|9\n|c|\u2606Bronzong|So true\n|\n|t:|1700707891\n|switch|p1a: Good Vibrations|Latios, M, shiny|100\/100\n|move|p2a: Corviknight|Brave Bird|p1a: Good Vibrations\n|-damage|p1a: Good Vibrations|28\/100\n|-damage|p2a: Corviknight|46\/100|[from] Recoil\n|\n|-heal|p2a: Corviknight|52\/100|[from] item: Leftovers\n|upkeep\n|turn|10\n|\n|t:|1700707921\n|move|p1a: Good Vibrations|Thunderbolt|p2a: Corviknight\n|-supereffective|p2a: Corviknight\n|-damage|p2a: Corviknight|0 fnt\n|faint|p2a: Corviknight\n|\n|upkeep\n|\n|t:|1700707968\n|switch|p2a: Arcanine|Arcanine-Hisui, M|100\/100\n|-damage|p2a: Arcanine|76\/100|[from] Stealth Rock\n|turn|11\n|\n|t:|1700707980\n|switch|p1a: Rainbow Connection|Poliwrath, F, shiny|34\/100\n|-activate|p1a: Rainbow Connection|move: Sticky Web\n|-unboost|p1a: Rainbow Connection|spe|1\n|move|p2a: Arcanine|Extreme Speed|p1a: Rainbow Connection\n|-damage|p1a: Rainbow Connection|16\/100\n|-damage|p2a: Arcanine|59\/100|[from] item: Rocky Helmet|[of] p1a: Rainbow Connection\n|\n|upkeep\n|turn|12\n|\n|t:|1700708004\n|move|p2a: Arcanine|Extreme Speed|p1a: Rainbow Connection\n|-damage|p1a: Rainbow Connection|0 fnt\n|-damage|p2a: Arcanine|42\/100|[from] item: Rocky Helmet|[of] p1a: Rainbow Connection\n|faint|p1a: Rainbow Connection\n|\n|upkeep\n|\n|t:|1700708014\n|switch|p1a: WeWillFallTogether|Mimikyu, M|100\/100\n|-activate|p1a: WeWillFallTogether|move: Sticky Web\n|-unboost|p1a: WeWillFallTogether|spe|1\n|turn|13\n|\n|t:|1700708030\n|switch|p2a: Dachsbun|Dachsbun, M|49\/100\n|-damage|p2a: Dachsbun|37\/100|[from] Stealth Rock\n|move|p1a: WeWillFallTogether|Drain Punch|p2a: Dachsbun\n|-resisted|p2a: Dachsbun\n|-damage|p2a: Dachsbun|27\/100\n|-damage|p1a: WeWillFallTogether|91\/100|[from] item: Life Orb\n|\n|-heal|p2a: Dachsbun|33\/100|[from] item: Leftovers\n|upkeep\n|turn|14\n|\n|t:|1700708072\n|move|p2a: Dachsbun|Lick|p1a: WeWillFallTogether\n|-activate|p1a: WeWillFallTogether|ability: Disguise\n|-damage|p1a: WeWillFallTogether|91\/100\n|detailschange|p1a: WeWillFallTogether|Mimikyu-Busted, M\n|-damage|p1a: WeWillFallTogether|79\/100|[from] pokemon: Mimikyu-Busted\n|move|p1a: WeWillFallTogether|Play Rough|p2a: Dachsbun\n|-damage|p2a: Dachsbun|0 fnt\n|faint|p2a: Dachsbun\n|-damage|p1a: WeWillFallTogether|69\/100|[from] item: Life Orb\n|\n|upkeep\n|\n|t:|1700708089\n|switch|p2a: Arcanine|Arcanine-Hisui, M|42\/100\n|-damage|p2a: Arcanine|18\/100|[from] Stealth Rock\n|turn|15\n|\n|t:|1700708096\n|move|p1a: WeWillFallTogether|Shadow Sneak|p2a: Arcanine\n|-damage|p2a: Arcanine|0 fnt\n|faint|p2a: Arcanine\n|-damage|p1a: WeWillFallTogether|59\/100|[from] item: Life Orb\n|\n|upkeep\n|\n|t:|1700708103\n|switch|p2a: Suicune|Suicune|100\/100\n|-damage|p2a: Suicune|88\/100|[from] Stealth Rock\n|-ability|p2a: Suicune|Pressure\n|turn|16\n|\n|t:|1700708115\n|move|p2a: Suicune|Scald|p1a: WeWillFallTogether\n|-damage|p1a: WeWillFallTogether|19\/100\n|move|p1a: WeWillFallTogether|Play Rough|p2a: Suicune|[miss]\n|-miss|p1a: WeWillFallTogether|p2a: Suicune\n|\n|upkeep\n|turn|17\n|c|\u2606Bronzong|Probably gg dang\n|c|\u2606hammerfallgcc|LMAO\n|c|\u2606Bronzong|wait bad move\n|c|\u2606hammerfallgcc|bad move fr\n|\n|t:|1700708144\n|switch|p1a: BUNGALOW 49|Claydol, tera:Fairy|63\/100\n|move|p2a: Suicune|Ice Beam|p1a: BUNGALOW 49\n|-damage|p1a: BUNGALOW 49|45\/100\n|\n|-heal|p1a: BUNGALOW 49|52\/100|[from] item: Leftovers\n|upkeep\n|turn|18\n|\n|t:|1700708153\n|move|p2a: Suicune|Scald|p1a: BUNGALOW 49\n|-damage|p1a: BUNGALOW 49|29\/100\n|move|p1a: BUNGALOW 49|Rapid Spin|p2a: Suicune\n|-damage|p2a: Suicune|81\/100\n|-boost|p1a: BUNGALOW 49|spe|1\n|-sideend|p1: hammerfallgcc|Sticky Web|[from] move: Rapid Spin|[of] p1a: BUNGALOW 49\n|\n|-heal|p1a: BUNGALOW 49|35\/100|[from] item: Leftovers\n|upkeep\n|turn|19\n|\n|t:|1700708161\n|move|p1a: BUNGALOW 49|Earthquake|p2a: Suicune\n|-damage|p2a: Suicune|64\/100\n|move|p2a: Suicune|Scald|p1a: BUNGALOW 49\n|-damage|p1a: BUNGALOW 49|11\/100\n|-status|p1a: BUNGALOW 49|brn\n|\n|-heal|p1a: BUNGALOW 49|18\/100 brn|[from] item: Leftovers\n|-damage|p1a: BUNGALOW 49|11\/100 brn|[from] brn\n|upkeep\n|turn|20\n|\n|t:|1700708186\n|move|p2a: Suicune|Scald|p1a: BUNGALOW 49\n|-damage|p1a: BUNGALOW 49|0 fnt\n|faint|p1a: BUNGALOW 49\n|\n|upkeep\n|\n|t:|1700708204\n|switch|p1a: Good Vibrations|Latios, M, shiny|28\/100\n|turn|21\n|\n|t:|1700708210\n|move|p1a: Good Vibrations|Thunderbolt|p2a: Suicune\n|-supereffective|p2a: Suicune\n|-damage|p2a: Suicune|5\/100\n|move|p2a: Suicune|Ice Beam|p1a: Good Vibrations\n|-supereffective|p1a: Good Vibrations\n|-damage|p1a: Good Vibrations|0 fnt\n|faint|p1a: Good Vibrations\n|\n|upkeep\n|\n|t:|1700708230\n|switch|p1a: WeWillFallTogether|Mimikyu-Busted, M|19\/100\n|turn|22\n|\n|t:|1700708233\n|move|p1a: WeWillFallTogether|Shadow Sneak|p2a: Suicune\n|-damage|p2a: Suicune|0 fnt\n|faint|p2a: Suicune\n|-damage|p1a: WeWillFallTogether|9\/100|[from] item: Life Orb\n|\n|upkeep\n|\n|t:|1700708243\n|switch|p2a: Noivern|Noivern, F|76\/100\n|-damage|p2a: Noivern|51\/100|[from] Stealth Rock\n|turn|23\n|\n|t:|1700708250\n|switch|p2a: Spidops|Spidops, M|9\/100\n|-damage|p2a: Spidops|0 fnt|[from] Stealth Rock\n|faint|p2a: Spidops\n|move|p1a: WeWillFallTogether|Shadow Sneak|p2: Spidops|[notarget]\n|-fail|p1a: WeWillFallTogether\n|\n|upkeep\n|\n|t:|1700708256\n|switch|p2a: Noivern|Noivern, F|51\/100\n|-damage|p2a: Noivern|26\/100|[from] Stealth Rock\n|turn|24\n|c|\u2606Bronzong|forgot he died\n|\n|t:|1700708263\n|move|p1a: WeWillFallTogether|Shadow Sneak|p2a: Noivern\n|-damage|p2a: Noivern|0 fnt\n|faint|p2a: Noivern\n|-damage|p1a: WeWillFallTogether|0 fnt|[from] item: Life Orb\n|faint|p1a: WeWillFallTogether\n|\n|win|hammerfallgcc\n|c|\u2606Bronzong|gg\n|c|\u2606hammerfallgcc|GOAT MIMI WITH ALL DA KILLS\n","uploadtime":1700708307,"views":25,"p1id":"hammerfallgcc","p2id":"bronzong","formatid":"gen9nationaldex","rating":0,"private":0,"password":""}