{"id":"gen9nationaldex-1997374498","p1":"playeraccount","p2":"shuichi420","format":"[Gen 9] National Dex","log":"|html|<div class=\"broadcast-blue\"><strong>[Gen 9] National Dex is currently suspecting Sneasler! For information on how to participate check out the <a href=\"https:\/\/www.smogon.com\/forums\/threads\/sv-national-dex-suspect-8-just-dance.3731534\/\">suspect thread<\/a>.<\/strong><\/div>\n|j|\u2606playeraccount\n|j|\u2606shuichi420\n|t:|1700795852\n|gametype|singles\n|player|p1|playeraccount|bea|1532\n|player|p2|shuichi420|ghetsis|1548\n|teamsize|p1|6\n|teamsize|p2|6\n|gen|9\n|tier|[Gen 9] National Dex\n|rated|\n|rule|HP Percentage Mod: HP is shown in percentages\n|rule|Endless Battle Clause: Forcing endless battles is banned\n|rule|OHKO Clause: OHKO moves are banned\n|rule|Evasion Clause: Evasion abilities, items, and moves are banned\n|rule|Evasion Abilities Clause: Evasion abilities are banned\n|rule|Evasion Items Clause: Evasion items are banned\n|rule|Evasion Moves Clause: Evasion moves are banned\n|rule|Species Clause: Limit one of each Pok\u00e9mon\n|rule|Sleep Clause Mod: Limit one foe put to sleep\n|clearpoke\n|poke|p1|Tyranitar, F|\n|poke|p1|Serperior, M|\n|poke|p1|Zapdos|\n|poke|p1|Jirachi|\n|poke|p1|Alomomola, F|\n|poke|p1|Garchomp, F|\n|poke|p2|Heatran, F|\n|poke|p2|Ogerpon-Wellspring, F|\n|poke|p2|Landorus-Therian, M|\n|poke|p2|Diancie|\n|poke|p2|Zamazenta-*|\n|poke|p2|Slowbro, M|\n|teampreview\n|c|\u2606playeraccount|gl hf\n|inactive|Battle timer is ON: inactive players will automatically lose when time's up. (requested by playeraccount)\n|\n|t:|1700795866\n|start\n|switch|p1a: Tyranitar|Tyranitar, F, shiny|100\/100\n|switch|p2a: Landorus|Landorus-Therian, M|100\/100\n|-ability|p2a: Landorus|Intimidate|boost\n|-unboost|p1a: Tyranitar|atk|1\n|-weather|Sandstorm|[from] ability: Sand Stream|[of] p1a: Tyranitar\n|turn|1\n|\n|t:|1700795871\n|move|p2a: Landorus|Taunt|p1a: Tyranitar\n|-start|p1a: Tyranitar|move: Taunt\n|move|p1a: Tyranitar|Ice Beam|p2a: Landorus\n|-supereffective|p2a: Landorus\n|-damage|p2a: Landorus|0 fnt\n|faint|p2a: Landorus\n|-damage|p1a: Tyranitar|91\/100|[from] item: Life Orb\n|\n|-weather|Sandstorm|[upkeep]\n|upkeep\n|\n|t:|1700795876\n|switch|p2a: Ogerpon|Ogerpon-Wellspring, F|100\/100\n|turn|2\n|\n|t:|1700795884\n|switch|p1a: Garchomp|Garchomp, F|100\/100\n|move|p2a: Ogerpon|Ivy Cudgel|p1a: Garchomp|[anim] Ivy Cudgel Water\n|-damage|p1a: Garchomp|37\/100\n|\n|-weather|Sandstorm|[upkeep]\n|-damage|p2a: Ogerpon|95\/100|[from] Sandstorm\n|upkeep\n|turn|3\n|c|\u2606shuichi420|glhf\n|\n|t:|1700795892\n|switch|p1a: Serperior|Serperior, M, shiny|100\/100\n|move|p2a: Ogerpon|Play Rough|p1a: Serperior\n|-damage|p1a: Serperior|57\/100\n|\n|-weather|Sandstorm|[upkeep]\n|-damage|p1a: Serperior|50\/100|[from] Sandstorm\n|-damage|p2a: Ogerpon|89\/100|[from] Sandstorm\n|upkeep\n|turn|4\n|\n|t:|1700795898\n|move|p1a: Serperior|Leaf Storm|p2a: Ogerpon\n|-damage|p2a: Ogerpon|37\/100\n|-boost|p1a: Serperior|spa|2\n|move|p2a: Ogerpon|Play Rough|p1a: Serperior\n|-damage|p1a: Serperior|7\/100\n|\n|-weather|Sandstorm|[upkeep]\n|-damage|p1a: Serperior|1\/100|[from] Sandstorm\n|-damage|p2a: Ogerpon|31\/100|[from] Sandstorm\n|upkeep\n|turn|5\n|\n|t:|1700795906\n|switch|p1a: Alomomola|Alomomola, F, shiny|100\/100\n|switch|p2a: Heatran|Heatran, F|100\/100\n|\n|-weather|none\n|upkeep\n|turn|6\n|\n|t:|1700795910\n|move|p2a: Heatran|Protect|p2a: Heatran\n|-singleturn|p2a: Heatran|Protect\n|move|p1a: Alomomola|Wish|p1a: Alomomola\n|\n|upkeep\n|turn|7\n|\n|t:|1700795916\n|switch|p2a: Ogerpon|Ogerpon-Wellspring, F|31\/100\n|move|p1a: Alomomola|Flip Turn|p2a: Ogerpon\n|-heal|p2a: Ogerpon|56\/100|[from] ability: Water Absorb|[of] p1a: Alomomola\n|\n|upkeep\n|turn|8\n|\n|t:|1700795921\n|move|p2a: Ogerpon|Power Whip|p1a: Alomomola\n|-supereffective|p1a: Alomomola\n|-damage|p1a: Alomomola|24\/100\n|-damage|p2a: Ogerpon|39\/100|[from] item: Rocky Helmet|[of] p1a: Alomomola\n|move|p1a: Alomomola|Toxic|p2a: Ogerpon\n|-status|p2a: Ogerpon|tox\n|\n|-damage|p2a: Ogerpon|33\/100 tox|[from] psn\n|upkeep\n|turn|9\n|\n|t:|1700795927\n|move|p1a: Alomomola|Protect|p1a: Alomomola\n|-singleturn|p1a: Alomomola|Protect\n|move|p2a: Ogerpon|Power Whip|p1a: Alomomola\n|-activate|p1a: Alomomola|move: Protect\n|\n|-damage|p2a: Ogerpon|21\/100 tox|[from] psn\n|upkeep\n|turn|10\n|\n|t:|1700795933\n|switch|p1a: Zapdos|Zapdos|100\/100\n|move|p2a: Ogerpon|Knock Off|p1a: Zapdos\n|-damage|p1a: Zapdos|69\/100\n|-enditem|p1a: Zapdos|Heavy-Duty Boots|[from] move: Knock Off|[of] p2a: Ogerpon\n|\n|-damage|p2a: Ogerpon|3\/100 tox|[from] psn\n|upkeep\n|turn|11\n|\n|t:|1700795941\n|switch|p2a: Diancie|Diancie|100\/100\n|move|p1a: Zapdos|Volt Switch|p2a: Diancie\n|-damage|p2a: Diancie|69\/100\n|\n|t:|1700795946\n|switch|p1a: Serperior|Serperior, M, shiny|1\/100|[from] Volt Switch\n|\n|upkeep\n|turn|12\n|\n|t:|1700795953\n|switch|p2a: Heatran|Heatran, F|100\/100\n|move|p1a: Serperior|Leaf Storm|p2a: Heatran\n|-resisted|p2a: Heatran\n|-damage|p2a: Heatran|94\/100\n|-boost|p1a: Serperior|spa|2\n|\n|-heal|p2a: Heatran|99\/100|[from] item: Leftovers\n|upkeep\n|turn|13\n|\n|t:|1700795961\n|switch|p1a: Alomomola|Alomomola, F, shiny|57\/100\n|move|p2a: Heatran|Earth Power|p1a: Alomomola\n|-damage|p1a: Alomomola|24\/100\n|-unboost|p1a: Alomomola|spd|1\n|\n|-heal|p2a: Heatran|100\/100|[from] item: Leftovers\n|upkeep\n|turn|14\n|\n|t:|1700795965\n|switch|p1a: Tyranitar|Tyranitar, F, shiny|91\/100\n|-weather|Sandstorm|[from] ability: Sand Stream|[of] p1a: Tyranitar\n|move|p2a: Heatran|Earth Power|p1a: Tyranitar\n|-supereffective|p1a: Tyranitar\n|-damage|p1a: Tyranitar|59\/100\n|\n|-weather|Sandstorm|[upkeep]\n|upkeep\n|turn|15\n|\n|t:|1700795975\n|switch|p2a: Diancie|Diancie|69\/100\n|move|p1a: Tyranitar|Stealth Rock|p2a: Diancie\n|-sidestart|p2: shuichi420|move: Stealth Rock\n|\n|-weather|Sandstorm|[upkeep]\n|upkeep\n|turn|16\n|\n|t:|1700795982\n|switch|p1a: Jirachi|Jirachi|100\/100\n|detailschange|p2a: Diancie|Diancie-Mega\n|-mega|p2a: Diancie|Diancie|Diancite\n|move|p2a: Diancie|Moonblast|p1a: Jirachi\n|-resisted|p1a: Jirachi\n|-damage|p1a: Jirachi|80\/100\n|-unboost|p1a: Jirachi|spa|1\n|\n|-weather|Sandstorm|[upkeep]\n|upkeep\n|turn|17\n|\n|t:|1700795993\n|switch|p2a: Heatran|Heatran, F|100\/100\n|-damage|p2a: Heatran|88\/100|[from] Stealth Rock\n|move|p1a: Jirachi|Iron Head|p2a: Heatran\n|-resisted|p2a: Heatran\n|-damage|p2a: Heatran|83\/100\n|\n|-weather|Sandstorm|[upkeep]\n|-heal|p2a: Heatran|89\/100|[from] item: Leftovers\n|upkeep\n|turn|18\n|\n|t:|1700796005\n|switch|p1a: Alomomola|Alomomola, F, shiny|57\/100\n|move|p2a: Heatran|Magma Storm|p1a: Alomomola\n|-resisted|p1a: Alomomola\n|-damage|p1a: Alomomola|32\/100\n|-activate|p1a: Alomomola|move: Magma Storm|[of] p2a: Heatran\n|\n|-weather|none\n|-heal|p2a: Heatran|95\/100|[from] item: Leftovers\n|-damage|p1a: Alomomola|19\/100|[from] move: Magma Storm|[partiallytrapped]\n|upkeep\n|turn|19\n|\n|t:|1700796020\n|move|p2a: Heatran|Stealth Rock|p1a: Alomomola\n|-sidestart|p1: playeraccount|move: Stealth Rock\n|move|p1a: Alomomola|Flip Turn|p2a: Heatran\n|-supereffective|p2a: Heatran\n|-damage|p2a: Heatran|66\/100\n|\n|t:|1700796026\n|switch|p1a: Garchomp|Garchomp, F|37\/100|[from] Flip Turn\n|-damage|p1a: Garchomp|31\/100|[from] Stealth Rock\n|\n|-heal|p2a: Heatran|72\/100|[from] item: Leftovers\n|upkeep\n|turn|20\n|\n|t:|1700796052\n|switch|p2a: Ogerpon|Ogerpon-Wellspring, F|3\/100 tox\n|-damage|p2a: Ogerpon|0 fnt|[from] Stealth Rock\n|faint|p2a: Ogerpon\n|move|p1a: Garchomp|Earthquake|p2: Ogerpon|[notarget]\n|-fail|p1a: Garchomp\n|\n|upkeep\n|inactive|shuichi420 has 120 seconds left.\n|\n|t:|1700796066\n|switch|p2a: Zamazenta|Zamazenta|100\/100\n|-damage|p2a: Zamazenta|94\/100|[from] Stealth Rock\n|-ability|p2a: Zamazenta|Dauntless Shield|boost\n|-boost|p2a: Zamazenta|def|1\n|turn|21\n|\n|t:|1700796070\n|switch|p1a: Zapdos|Zapdos|69\/100\n|-damage|p1a: Zapdos|44\/100|[from] Stealth Rock\n|move|p2a: Zamazenta|Substitute|p2a: Zamazenta\n|-start|p2a: Zamazenta|Substitute\n|-damage|p2a: Zamazenta|69\/100\n|\n|-heal|p2a: Zamazenta|75\/100|[from] item: Leftovers\n|upkeep\n|turn|22\n|\n|t:|1700796074\n|move|p2a: Zamazenta|Iron Defense|p2a: Zamazenta\n|-boost|p2a: Zamazenta|def|2\n|move|p1a: Zapdos|Hurricane|p2a: Zamazenta|[miss]\n|-miss|p1a: Zapdos|p2a: Zamazenta\n|\n|-heal|p2a: Zamazenta|82\/100|[from] item: Leftovers\n|upkeep\n|turn|23\n|\n|t:|1700796080\n|move|p2a: Zamazenta|Body Press|p1a: Zapdos\n|-resisted|p1a: Zapdos\n|-damage|p1a: Zapdos|12\/100\n|-status|p2a: Zamazenta|par|[from] ability: Static|[of] p1a: Zapdos\n|move|p1a: Zapdos|Roost|p1a: Zapdos\n|-heal|p1a: Zapdos|62\/100\n|-singleturn|p1a: Zapdos|move: Roost\n|\n|-heal|p2a: Zamazenta|88\/100 par|[from] item: Leftovers\n|upkeep\n|turn|24\n|\n|t:|1700796083\n|move|p1a: Zapdos|Roost|p1a: Zapdos\n|-heal|p1a: Zapdos|100\/100\n|-singleturn|p1a: Zapdos|move: Roost\n|move|p2a: Zamazenta|Body Press|p1a: Zapdos\n|-damage|p1a: Zapdos|42\/100\n|\n|-heal|p2a: Zamazenta|94\/100 par|[from] item: Leftovers\n|upkeep\n|turn|25\n|\n|t:|1700796086\n|move|p1a: Zapdos|Hurricane|p2a: Zamazenta\n|-supereffective|p2a: Zamazenta\n|-end|p2a: Zamazenta|Substitute\n|move|p2a: Zamazenta|Body Press|p1a: Zapdos\n|-resisted|p1a: Zapdos\n|-damage|p1a: Zapdos|14\/100\n|\n|-heal|p2a: Zamazenta|99\/100 par|[from] item: Leftovers\n|upkeep\n|turn|26\n|\n|t:|1700796093\n|move|p1a: Zapdos|Hurricane|p2a: Zamazenta\n|-supereffective|p2a: Zamazenta\n|-damage|p2a: Zamazenta|25\/100 par\n|move|p2a: Zamazenta|Body Press|p1a: Zapdos\n|-resisted|p1a: Zapdos\n|-damage|p1a: Zapdos|0 fnt\n|faint|p1a: Zapdos\n|\n|-heal|p2a: Zamazenta|32\/100 par|[from] item: Leftovers\n|upkeep\n|\n|t:|1700796102\n|switch|p1a: Alomomola|Alomomola, F, shiny|53\/100\n|-damage|p1a: Alomomola|40\/100|[from] Stealth Rock\n|turn|27\n|\n|t:|1700796106\n|move|p2a: Zamazenta|Substitute|p2a: Zamazenta\n|-start|p2a: Zamazenta|Substitute\n|-damage|p2a: Zamazenta|7\/100 par\n|move|p1a: Alomomola|Wish|p1a: Alomomola\n|\n|-heal|p2a: Zamazenta|13\/100 par|[from] item: Leftovers\n|upkeep\n|turn|28\n|\n|t:|1700796110\n|move|p2a: Zamazenta|Body Press|p1a: Alomomola\n|-damage|p1a: Alomomola|0 fnt\n|-damage|p2a: Zamazenta|0 fnt|[from] item: Rocky Helmet|[of] p1a: Alomomola\n|faint|p1a: Alomomola\n|faint|p2a: Zamazenta\n|\n|upkeep\n|\n|t:|1700796123\n|switch|p2a: Slowbro|Slowbro, M|100\/100\n|switch|p1a: Tyranitar|Tyranitar, F, shiny|59\/100\n|-damage|p1a: Tyranitar|47\/100|[from] Stealth Rock\n|-weather|Sandstorm|[from] ability: Sand Stream|[of] p1a: Tyranitar\n|turn|29\n|\n|t:|1700796127\n|move|p1a: Tyranitar|Knock Off|p2a: Slowbro\n|-supereffective|p2a: Slowbro\n|-damage|p2a: Slowbro|30\/100\n|-enditem|p2a: Slowbro|Heavy-Duty Boots|[from] move: Knock Off|[of] p1a: Tyranitar\n|-damage|p1a: Tyranitar|37\/100|[from] item: Life Orb\n|move|p2a: Slowbro|Scald|p1a: Tyranitar\n|-supereffective|p1a: Tyranitar\n|-damage|p1a: Tyranitar|8\/100\n|\n|-weather|Sandstorm|[upkeep]\n|-damage|p2a: Slowbro|24\/100|[from] Sandstorm\n|upkeep\n|turn|30\n|\n|t:|1700796134\n|switch|p2a: Diancie|Diancie-Mega|69\/100\n|-damage|p2a: Diancie|57\/100|[from] Stealth Rock\n|move|p1a: Tyranitar|Knock Off|p2a: Diancie\n|-resisted|p2a: Diancie\n|-damage|p2a: Diancie|24\/100\n|-damage|p1a: Tyranitar|0 fnt|[from] item: Life Orb\n|faint|p1a: Tyranitar\n|\n|-weather|Sandstorm|[upkeep]\n|upkeep\n|\n|t:|1700796141\n|switch|p1a: Jirachi|Jirachi|80\/100\n|-damage|p1a: Jirachi|74\/100|[from] Stealth Rock\n|turn|31\n|\n|t:|1700796145\n|switch|p2a: Slowbro|Slowbro, M|58\/100\n|-damage|p2a: Slowbro|45\/100|[from] Stealth Rock\n|move|p1a: Jirachi|Iron Head|p2a: Slowbro\n|-resisted|p2a: Slowbro\n|-damage|p2a: Slowbro|37\/100\n|\n|-weather|Sandstorm|[upkeep]\n|-damage|p2a: Slowbro|31\/100|[from] Sandstorm\n|upkeep\n|turn|32\n|\n|t:|1700796148\n|switch|p2a: Heatran|Heatran, F|72\/100\n|-damage|p2a: Heatran|59\/100|[from] Stealth Rock\n|move|p1a: Jirachi|Iron Head|p2a: Heatran\n|-resisted|p2a: Heatran\n|-damage|p2a: Heatran|53\/100\n|\n|-weather|Sandstorm|[upkeep]\n|-heal|p2a: Heatran|59\/100|[from] item: Leftovers\n|upkeep\n|turn|33\n|\n|t:|1700796155\n|switch|p1a: Serperior|Serperior, M, shiny|1\/100\n|-damage|p1a: Serperior|0 fnt|[from] Stealth Rock\n|faint|p1a: Serperior\n|move|p2a: Heatran|Magma Storm|p1: Serperior|[notarget]\n|-fail|p2a: Heatran\n|\n|-weather|none\n|-heal|p2a: Heatran|66\/100|[from] item: Leftovers\n|upkeep\n|\n|t:|1700796157\n|switch|p1a: Garchomp|Garchomp, F|31\/100\n|-damage|p1a: Garchomp|25\/100|[from] Stealth Rock\n|turn|34\n|\n|t:|1700796168\n|switch|p2a: Slowbro|Slowbro, M|64\/100\n|-damage|p2a: Slowbro|52\/100|[from] Stealth Rock\n|move|p1a: Garchomp|Earthquake|p2a: Slowbro\n|-damage|p2a: Slowbro|20\/100\n|\n|upkeep\n|turn|35\n|\n|t:|1700796173\n|move|p1a: Garchomp|Scale Shot|p2a: Slowbro\n|-damage|p2a: Slowbro|12\/100\n|-damage|p2a: Slowbro|4\/100\n|-damage|p2a: Slowbro|0 fnt\n|faint|p2a: Slowbro\n|-hitcount|p2: Slowbro|3\n|-unboost|p1a: Garchomp|def|1\n|-boost|p1a: Garchomp|spe|1\n|\n|upkeep\n|\n|t:|1700796177\n|switch|p2a: Diancie|Diancie-Mega|24\/100\n|-damage|p2a: Diancie|11\/100|[from] Stealth Rock\n|turn|36\n|\n|t:|1700796180\n|move|p1a: Garchomp|Earthquake|p2a: Diancie\n|-supereffective|p2a: Diancie\n|-damage|p2a: Diancie|0 fnt\n|faint|p2a: Diancie\n|\n|upkeep\n|\n|t:|1700796183\n|switch|p2a: Heatran|Heatran, F|66\/100\n|-damage|p2a: Heatran|53\/100|[from] Stealth Rock\n|turn|37\n|\n|t:|1700796185\n|-terastallize|p2a: Heatran|Grass\n|move|p1a: Garchomp|Earthquake|p2a: Heatran\n|-resisted|p2a: Heatran\n|-damage|p2a: Heatran|31\/100\n|move|p2a: Heatran|Magma Storm|p1a: Garchomp\n|-resisted|p1a: Garchomp\n|-damage|p1a: Garchomp|2\/100\n|-activate|p1a: Garchomp|move: Magma Storm|[of] p2a: Heatran\n|\n|-heal|p2a: Heatran|37\/100|[from] item: Leftovers\n|-damage|p1a: Garchomp|0 fnt|[from] move: Magma Storm|[partiallytrapped]\n|faint|p1a: Garchomp\n|upkeep\n|\n|t:|1700796189\n|switch|p1a: Jirachi|Jirachi|74\/100\n|-damage|p1a: Jirachi|67\/100|[from] Stealth Rock\n|turn|38\n|\n|t:|1700796191\n|move|p2a: Heatran|Protect|p2a: Heatran\n|-singleturn|p2a: Heatran|Protect\n|-zpower|p1a: Jirachi\n|move|p1a: Jirachi|Z-Flash|p2a: Heatran|[anim]Flash\n|-boost|p1a: Jirachi|evasion|1|[zeffect]\n|-activate|p2a: Heatran|move: Protect\n|\n|-heal|p2a: Heatran|43\/100|[from] item: Leftovers\n|upkeep\n|turn|39\n|\n|t:|1700796199\n|move|p1a: Jirachi|Iron Head|p2a: Heatran\n|-damage|p2a: Heatran|19\/100\n|cant|p2a: Heatran|flinch\n|\n|-heal|p2a: Heatran|26\/100|[from] item: Leftovers\n|upkeep\n|turn|40\n|\n|t:|1700796203\n|move|p1a: Jirachi|Iron Head|p2a: Heatran\n|-damage|p2a: Heatran|1\/100\n|move|p2a: Heatran|Magma Storm|p1a: Jirachi\n|-supereffective|p1a: Jirachi\n|-damage|p1a: Jirachi|0 fnt\n|faint|p1a: Jirachi\n|\n|win|shuichi420\n|raw|playeraccount's rating: 1532 &rarr; <strong>1513<\/strong><br \/>(-19 for losing)\n|raw|shuichi420's rating: 1548 &rarr; <strong>1567<\/strong><br \/>(+19 for winning)\n|c|\u2606playeraccount|gg\n|l|\u2606playeraccount\n|c|\u2606shuichi420|gg\n","uploadtime":1700796217,"views":22,"p1id":"playeraccount","p2id":"shuichi420","formatid":"gen9nationaldex","rating":1513,"private":0,"password":""}