{"id":"gen9nationaldex-1993761745","p1":"DarkShadowVIPs","p2":"Arc4746","format":"[Gen 9] National Dex","log":"|j|\u2606DarkShadowVIPs\n|j|\u2606Arc4746\n|t:|1700354176\n|gametype|singles\n|player|p1|DarkShadowVIPs|101|1048\n|player|p2|Arc4746|lass-gen4dp|1044\n|teamsize|p1|3\n|teamsize|p2|6\n|gen|9\n|tier|[Gen 9] National Dex\n|rated|\n|rule|HP Percentage Mod: HP is shown in percentages\n|rule|Endless Battle Clause: Forcing endless battles is banned\n|rule|OHKO Clause: OHKO moves are banned\n|rule|Evasion Clause: Evasion abilities, items, and moves are banned\n|rule|Evasion Abilities Clause: Evasion abilities are banned\n|rule|Evasion Items Clause: Evasion items are banned\n|rule|Evasion Moves Clause: Evasion moves are banned\n|rule|Species Clause: Limit one of each Pok\u00e9mon\n|rule|Sleep Clause Mod: Limit one foe put to sleep\n|clearpoke\n|poke|p1|Gengar, F|\n|poke|p1|Forretress, F|\n|poke|p1|Gyarados, M|\n|poke|p2|Greninja-*, M|\n|poke|p2|Sceptile, M|\n|poke|p2|Golurk|\n|poke|p2|Bewear, F|\n|poke|p2|Gardevoir, F|\n|poke|p2|Dragonite, F|\n|teampreview\n|\n|t:|1700354188\n|start\n|switch|p1a: Gyarados|Gyarados, M|100\/100\n|switch|p2a: Bewear|Bewear, F|100\/100\n|-ability|p1a: Gyarados|Intimidate|boost\n|-unboost|p2a: Bewear|atk|1\n|turn|1\n|inactive|Battle timer is ON: inactive players will automatically lose when time's up. (requested by DarkShadowVIPs)\n|\n|t:|1700354196\n|move|p1a: Gyarados|Dragon Dance|p1a: Gyarados\n|-boost|p1a: Gyarados|atk|1\n|-boost|p1a: Gyarados|spe|1\n|move|p2a: Bewear|Bulk Up|p2a: Bewear\n|-boost|p2a: Bewear|atk|1\n|-boost|p2a: Bewear|def|1\n|\n|upkeep\n|turn|2\n|\n|t:|1700354204\n|move|p1a: Gyarados|Dragon Dance|p1a: Gyarados\n|-boost|p1a: Gyarados|atk|1\n|-boost|p1a: Gyarados|spe|1\n|move|p2a: Bewear|Bulk Up|p2a: Bewear\n|-boost|p2a: Bewear|atk|1\n|-boost|p2a: Bewear|def|1\n|\n|upkeep\n|turn|3\n|\n|t:|1700354211\n|move|p2a: Bewear|Bulk Up|p2a: Bewear\n|-boost|p2a: Bewear|atk|1\n|-boost|p2a: Bewear|def|1\n|move|p1a: Gyarados|Roar|p2a: Bewear\n|drag|p2a: Gardevoir|Gardevoir, F|100\/100\n|\n|upkeep\n|turn|4\n|\n|t:|1700354225\n|switch|p2a: Bewear|Bewear, F|100\/100\n|move|p1a: Gyarados|Waterfall|p2a: Bewear\n|-damage|p2a: Bewear|52\/100\n|\n|-heal|p2a: Bewear|58\/100|[from] item: Leftovers\n|upkeep\n|turn|5\n|\n|t:|1700354244\n|switch|p2a: Sceptile|Sceptile, M|100\/100\n|move|p1a: Gyarados|Waterfall|p2a: Sceptile\n|-resisted|p2a: Sceptile\n|-damage|p2a: Sceptile|8\/100\n|\n|upkeep\n|turn|6\n|\n|t:|1700354251\n|detailschange|p2a: Sceptile|Sceptile-Mega, M\n|-mega|p2a: Sceptile|Sceptile|Sceptilite\n|move|p1a: Gyarados|Dragon Dance|p1a: Gyarados\n|-boost|p1a: Gyarados|atk|1\n|-boost|p1a: Gyarados|spe|1\n|move|p2a: Sceptile|Giga Drain|p1a: Gyarados\n|-crit|p1a: Gyarados\n|-damage|p1a: Gyarados|38\/100\n|-heal|p2a: Sceptile|45\/100|[from] drain|[of] p1a: Gyarados\n|\n|upkeep\n|turn|7\n|\n|t:|1700354261\n|move|p1a: Gyarados|Ice Fang|p2a: Sceptile\n|-supereffective|p2a: Sceptile\n|-damage|p2a: Sceptile|0 fnt\n|faint|p2a: Sceptile\n|\n|upkeep\n|\n|t:|1700354268\n|switch|p2a: Dragonite|Dragonite, F|100\/100\n|turn|8\n|\n|t:|1700354272\n|move|p2a: Dragonite|Extreme Speed|p1a: Gyarados\n|-damage|p1a: Gyarados|1\/100\n|move|p1a: Gyarados|Ice Fang|p2a: Dragonite\n|-supereffective|p2a: Dragonite\n|-damage|p2a: Dragonite|0 fnt\n|faint|p2a: Dragonite\n|\n|upkeep\n|\n|t:|1700354288\n|switch|p2a: Bewear|Bewear, F|58\/100\n|turn|9\n|\n|t:|1700354294\n|move|p1a: Gyarados|Waterfall|p2a: Bewear\n|-damage|p2a: Bewear|0 fnt\n|faint|p2a: Bewear\n|\n|upkeep\n|\n|t:|1700354299\n|switch|p2a: Gardevoir|Gardevoir, F|100\/100\n|turn|10\n|\n|t:|1700354303\n|move|p1a: Gyarados|Waterfall|p2a: Gardevoir\n|-damage|p2a: Gardevoir|0 fnt\n|faint|p2a: Gardevoir\n|\n|upkeep\n|\n|t:|1700354308\n|switch|p2a: Greninja|Greninja, M|100\/100\n|turn|11\n|\n|t:|1700354312\n|move|p2a: Greninja|Water Shuriken|p1a: Gyarados\n|-start|p2a: Greninja|typechange|Water|[from] ability: Protean\n|-resisted|p1a: Gyarados\n|-damage|p1a: Gyarados|0 fnt\n|faint|p1a: Gyarados\n|-hitcount|p1: Gyarados|1\n|\n|upkeep\n|\n|t:|1700354314\n|switch|p1a: Forretress|Forretress, F|100\/100\n|turn|12\n|\n|t:|1700354324\n|move|p2a: Greninja|Surf|p1a: Forretress\n|-damage|p1a: Forretress|39\/100\n|move|p1a: Forretress|Toxic Spikes|p2a: Greninja\n|-sidestart|p2: Arc4746|move: Toxic Spikes\n|\n|-heal|p1a: Forretress|45\/100|[from] item: Leftovers\n|upkeep\n|turn|13\n|\n|t:|1700354331\n|move|p2a: Greninja|Surf|p1a: Forretress\n|-damage|p1a: Forretress|0 fnt\n|faint|p1a: Forretress\n|\n|upkeep\n|\n|t:|1700354334\n|switch|p1a: Gengar|Gengar, F|100\/100\n|turn|14\n|\n|t:|1700354339\n|move|p2a: Greninja|Dark Pulse|p1a: Gengar\n|-supereffective|p1a: Gengar\n|-damage|p1a: Gengar|26\/100\n|cant|p1a: Gengar|flinch\n|\n|upkeep\n|turn|15\n|\n|t:|1700354350\n|move|p2a: Greninja|Dark Pulse|p1a: Gengar\n|-supereffective|p1a: Gengar\n|-damage|p1a: Gengar|0 fnt\n|faint|p1a: Gengar\n|\n|win|Arc4746\n|raw|DarkShadowVIPs's rating: 1048 &rarr; <strong>1031<\/strong><br \/>(-17 for losing)\n|raw|Arc4746's rating: 1044 &rarr; <strong>1078<\/strong><br \/>(+34 for winning)\n|l|\u2606DarkShadowVIPs\n","uploadtime":1700354364,"views":25,"p1id":"darkshadowvips","p2id":"arc4746","formatid":"gen9nationaldex","rating":1031,"private":0,"password":""}