{"id":"gen9nationaldex-1996939604","p1":"qwqwqqw","p2":"LDP333","format":"[Gen 9] National Dex","log":"|html|<div class=\"broadcast-blue\"><strong>[Gen 9] National Dex is currently suspecting Sneasler! For information on how to participate check out the <a href=\"https:\/\/www.smogon.com\/forums\/threads\/sv-national-dex-suspect-8-just-dance.3731534\/\">suspect thread<\/a>.<\/strong><\/div>\n|j|\u2606qwqwqqw\n|j|\u2606LDP333\n|t:|1700747368\n|gametype|singles\n|player|p1|qwqwqqw|101|1520\n|player|p2|LDP333|riley|1589\n|teamsize|p1|6\n|teamsize|p2|6\n|gen|9\n|tier|[Gen 9] National Dex\n|rated|\n|rule|HP Percentage Mod: HP is shown in percentages\n|rule|Endless Battle Clause: Forcing endless battles is banned\n|rule|OHKO Clause: OHKO moves are banned\n|rule|Evasion Clause: Evasion abilities, items, and moves are banned\n|rule|Evasion Abilities Clause: Evasion abilities are banned\n|rule|Evasion Items Clause: Evasion items are banned\n|rule|Evasion Moves Clause: Evasion moves are banned\n|rule|Species Clause: Limit one of each Pok\u00e9mon\n|rule|Sleep Clause Mod: Limit one foe put to sleep\n|clearpoke\n|poke|p1|Ribombee, M|\n|poke|p1|Heatran, M|\n|poke|p1|Enamorus, F|\n|poke|p1|Garchomp, F|\n|poke|p1|Keldeo-Resolute|\n|poke|p1|Medicham, M|\n|poke|p2|Tyranitar, M|\n|poke|p2|Kommo-o, M|\n|poke|p2|Rillaboom, M|\n|poke|p2|Sneasler, F|\n|poke|p2|Ogerpon-Cornerstone, F|\n|poke|p2|Zapdos|\n|teampreview\n|\n|t:|1700747383\n|start\n|switch|p1a: stickywebQAQ|Ribombee, M|100\/100\n|switch|p2a: Ogerpon|Ogerpon-Cornerstone, F|100\/100\n|turn|1\n|\n|t:|1700747391\n|move|p1a: stickywebQAQ|Moonblast|p2a: Ogerpon\n|-damage|p2a: Ogerpon|52\/100\n|move|p2a: Ogerpon|Swords Dance|p2a: Ogerpon\n|-boost|p2a: Ogerpon|atk|2\n|\n|upkeep\n|turn|2\n|\n|t:|1700747397\n|move|p1a: stickywebQAQ|Moonblast|p2a: Ogerpon\n|-damage|p2a: Ogerpon|2\/100\n|move|p2a: Ogerpon|Trailblaze|p1a: stickywebQAQ\n|-resisted|p1a: stickywebQAQ\n|-damage|p1a: stickywebQAQ|43\/100\n|-boost|p2a: Ogerpon|spe|1\n|\n|upkeep\n|turn|3\n|\n|t:|1700747403\n|move|p2a: Ogerpon|Ivy Cudgel|p1a: stickywebQAQ|[anim] Ivy Cudgel Rock\n|-supereffective|p1a: stickywebQAQ\n|-damage|p1a: stickywebQAQ|0 fnt\n|faint|p1a: stickywebQAQ\n|\n|upkeep\n|\n|t:|1700747408\n|switch|p1a: Medicham|Medicham, M|100\/100\n|turn|4\n|\n|t:|1700747415\n|switch|p2a: Zapdos|Zapdos|100\/100\n|detailschange|p1a: Medicham|Medicham-Mega, M\n|-mega|p1a: Medicham|Medicham|Medichamite\n|move|p1a: Medicham|Fake Out|p2a: Zapdos\n|-damage|p2a: Zapdos|83\/100\n|\n|upkeep\n|turn|5\n|\n|t:|1700747424\n|move|p1a: Medicham|Psycho Cut|p2a: Zapdos\n|-crit|p2a: Zapdos\n|-damage|p2a: Zapdos|21\/100\n|move|p2a: Zapdos|Hurricane|p1a: Medicham\n|-supereffective|p1a: Medicham\n|-damage|p1a: Medicham|0 fnt\n|faint|p1a: Medicham\n|\n|upkeep\n|\n|t:|1700747431\n|switch|p1a: Keldeo|Keldeo-Resolute|100\/100\n|turn|6\n|\n|t:|1700747434\n|move|p1a: Keldeo|Surf|p2a: Zapdos\n|-damage|p2a: Zapdos|0 fnt\n|faint|p2a: Zapdos\n|\n|upkeep\n|\n|t:|1700747439\n|switch|p2a: Ogerpon|Ogerpon-Cornerstone, F|2\/100\n|turn|7\n|\n|t:|1700747461\n|switch|p1a: Garchomp|Garchomp, F|100\/100\n|move|p2a: Ogerpon|Horn Leech|p1a: Garchomp\n|-damage|p1a: Garchomp|54\/100\n|-heal|p2a: Ogerpon|30\/100|[from] drain|[of] p1a: Garchomp\n|-damage|p2a: Ogerpon|18\/100|[from] ability: Rough Skin|[of] p1a: Garchomp\n|\n|upkeep\n|turn|8\n|\n|t:|1700747473\n|switch|p2a: Rillaboom|Rillaboom, M|100\/100\n|-fieldstart|move: Grassy Terrain|[from] ability: Grassy Surge|[of] p2a: Rillaboom\n|-zpower|p1a: Garchomp\n|move|p1a: Garchomp|Devastating Drake|p2a: Rillaboom|[zeffect]\n|-damage|p2a: Rillaboom|4\/100\n|\n|-heal|p1a: Garchomp|60\/100|[from] Grassy Terrain\n|-heal|p2a: Rillaboom|10\/100|[from] Grassy Terrain\n|upkeep\n|turn|9\n|\n|t:|1700747482\n|move|p2a: Rillaboom|Grassy Glide|p1a: Garchomp\n|-damage|p1a: Garchomp|21\/100\n|-damage|p2a: Rillaboom|0 fnt|[from] ability: Rough Skin|[of] p1a: Garchomp\n|faint|p2a: Rillaboom\n|move|p1a: Garchomp|Stealth Rock|p2: Rillaboom\n|-sidestart|p2: LDP333|move: Stealth Rock\n|\n|-heal|p1a: Garchomp|27\/100|[from] Grassy Terrain\n|upkeep\n|\n|t:|1700747491\n|switch|p2a: Sneasler|Sneasler, F|100\/100\n|-damage|p2a: Sneasler|95\/100|[from] Stealth Rock\n|-enditem|p2a: Sneasler|Grassy Seed\n|-boost|p2a: Sneasler|def|1|[from] item: Grassy Seed\n|turn|10\n|\n|t:|1700747495\n|move|p2a: Sneasler|Swords Dance|p2a: Sneasler\n|-boost|p2a: Sneasler|atk|2\n|move|p1a: Garchomp|Outrage|p2a: Sneasler\n|-damage|p2a: Sneasler|22\/100\n|\n|-heal|p2a: Sneasler|28\/100|[from] Grassy Terrain\n|-heal|p1a: Garchomp|34\/100|[from] Grassy Terrain\n|upkeep\n|turn|11\n|\n|t:|1700747506\n|move|p2a: Sneasler|Acrobatics|p1a: Garchomp\n|-crit|p1a: Garchomp\n|-damage|p1a: Garchomp|0 fnt\n|-damage|p2a: Sneasler|15\/100|[from] ability: Rough Skin|[of] p1a: Garchomp\n|faint|p1a: Garchomp\n|\n|-heal|p2a: Sneasler|21\/100|[from] Grassy Terrain\n|upkeep\n|\n|t:|1700747513\n|switch|p1a: Heatran|Heatran, M|100\/100\n|turn|12\n|\n|t:|1700747523\n|-terastallize|p2a: Sneasler|Flying\n|-terastallize|p1a: Heatran|Ghost\n|move|p2a: Sneasler|Acrobatics|p1a: Heatran\n|-damage|p1a: Heatran|0 fnt\n|faint|p1a: Heatran\n|\n|-fieldend|move: Grassy Terrain\n|upkeep\n|-message|qwqwqqw forfeited.\n|\n|win|LDP333\n|raw|qwqwqqw's rating: 1520 &rarr; <strong>1504<\/strong><br \/>(-16 for losing)\n|raw|LDP333's rating: 1589 &rarr; <strong>1605<\/strong><br \/>(+16 for winning)\n|l|\u2606qwqwqqw\n","uploadtime":1700747548,"views":6,"p1id":"qwqwqqw","p2id":"ldp333","formatid":"gen9nationaldex","rating":1504,"private":0,"password":""}