{"id":"gen9nationaldex-1993533075","p1":"Ekkogandr","p2":"akyraaiko","format":"[Gen 9] National Dex","log":"|j|\u2606Ekkogandr\n|j|\u2606akyraaiko\n|t:|1700328854\n|gametype|singles\n|player|p1|Ekkogandr|turo-ai|\n|player|p2|akyraaiko|265|\n|teamsize|p1|6\n|teamsize|p2|6\n|gen|9\n|tier|[Gen 9] National Dex\n|rule|HP Percentage Mod: HP is shown in percentages\n|rule|Endless Battle Clause: Forcing endless battles is banned\n|rule|OHKO Clause: OHKO moves are banned\n|rule|Evasion Clause: Evasion abilities, items, and moves are banned\n|rule|Evasion Abilities Clause: Evasion abilities are banned\n|rule|Evasion Items Clause: Evasion items are banned\n|rule|Evasion Moves Clause: Evasion moves are banned\n|rule|Species Clause: Limit one of each Pok\u00e9mon\n|rule|Sleep Clause Mod: Limit one foe put to sleep\n|clearpoke\n|poke|p1|Garchomp, F|\n|poke|p1|Scizor, F|\n|poke|p1|Iron Valiant|\n|poke|p1|Tornadus-Therian, M|\n|poke|p1|Heatran, F|\n|poke|p1|Rotom-Wash|\n|poke|p2|Rotom-Wash|\n|poke|p2|Ceruledge, M|\n|poke|p2|Kleavor, F|\n|poke|p2|Banette, F|\n|poke|p2|Lycanroc-Dusk, M|\n|poke|p2|Zoroark-Hisui, F|\n|teampreview\n|\n|t:|1700328861\n|start\n|switch|p1a: Tornadus|Tornadus-Therian, M|100\/100\n|switch|p2a: Kleavor|Kleavor, F, shiny|100\/100\n|turn|1\n|\n|t:|1700328874\n|move|p1a: Tornadus|Knock Off|p2a: Kleavor\n|-supereffective|p2a: Kleavor\n|-damage|p2a: Kleavor|25\/100\n|replace|p2a: who?|Zoroark-Hisui, F, shiny\n|-end|p2a: who?|Illusion\n|-enditem|p2a: who?|Choice Specs|[from] move: Knock Off|[of] p1a: Tornadus\n|move|p2a: who?|Trick|p1a: Tornadus\n|-activate|p2a: who?|move: Trick|[of] p1a: Tornadus\n|-enditem|p1a: Tornadus|Heavy-Duty Boots|[silent]|[from] move: Trick\n|-item|p2a: who?|Heavy-Duty Boots|[from] move: Trick\n|\n|upkeep\n|turn|2\n|\n|t:|1700328890\n|move|p1a: Tornadus|Knock Off|p2a: who?\n|-supereffective|p2a: who?\n|-damage|p2a: who?|0 fnt\n|-enditem|p2a: who?|Heavy-Duty Boots|[from] move: Knock Off|[of] p1a: Tornadus\n|faint|p2a: who?\n|\n|upkeep\n|\n|t:|1700328895\n|switch|p2a: Rotom|Rotom-Wash|100\/100\n|turn|3\n|\n|t:|1700328901\n|move|p1a: Tornadus|U-turn|p2a: Rotom\n|-damage|p2a: Rotom|85\/100\n|\n|t:|1700328908\n|switch|p1a: Rotom|Rotom-Wash|100\/100|[from] U-turn\n|move|p2a: Rotom|Hydro Pump|p1a: Rotom\n|-resisted|p1a: Rotom\n|-damage|p1a: Rotom|78\/100\n|\n|-heal|p2a: Rotom|91\/100|[from] item: Leftovers\n|-heal|p1a: Rotom|84\/100|[from] item: Leftovers\n|upkeep\n|turn|4\n|c|\u2606akyraaiko|FILHO DA PUTA\n|c|\u2606Ekkogandr|calma calabreso\n|\n|t:|1700328924\n|move|p2a: Rotom|Volt Switch|p1a: Rotom\n|-damage|p1a: Rotom|57\/100\n|\n|t:|1700328932\n|switch|p2a: Ceruledge|Ceruledge, M|100\/100|[from] Volt Switch\n|move|p1a: Rotom|Will-O-Wisp|p2a: Ceruledge\n|-start|p2a: Ceruledge|ability: Flash Fire\n|\n|-heal|p1a: Rotom|63\/100|[from] item: Leftovers\n|upkeep\n|turn|5\n|c|\u2606akyraaiko|krl fiz na cagada\n|\n|t:|1700328950\n|move|p2a: Ceruledge|Poltergeist|p1a: Rotom\n|-activate|p1a: Rotom|move: Poltergeist|Leftovers\n|-damage|p1a: Rotom|23\/100\n|move|p1a: Rotom|Hydro Pump|p2a: Ceruledge\n|-supereffective|p2a: Ceruledge\n|-damage|p2a: Ceruledge|1\/100\n|\n|-heal|p1a: Rotom|29\/100|[from] item: Leftovers\n|upkeep\n|turn|6\n|c|\u2606akyraaiko|eita\n|c|\u2606Ekkogandr|taqpariu\n|\n|t:|1700328961\n|switch|p1a: Tornadus|Tornadus-Therian, M|100\/100\n|move|p2a: Ceruledge|Poltergeist||[still]\n|-fail|p2a: Ceruledge\n|\n|upkeep\n|turn|7\n|\n|t:|1700328978\n|move|p2a: Ceruledge|Shadow Sneak|p1a: Tornadus\n|-damage|p1a: Tornadus|78\/100\n|move|p1a: Tornadus|U-turn|p2a: Ceruledge\n|-resisted|p2a: Ceruledge\n|-damage|p2a: Ceruledge|0 fnt\n|faint|p2a: Ceruledge\n|\n|t:|1700328993\n|switch|p1a: Scizor|Scizor, F|100\/100|[from] U-turn\n|\n|upkeep\n|\n|t:|1700329002\n|switch|p2a: Banette|Banette, F|100\/100\n|turn|8\n|\n|t:|1700329009\n|detailschange|p2a: Banette|Banette-Mega, F\n|-mega|p2a: Banette|Banette|Banettite\n|detailschange|p1a: Scizor|Scizor-Mega, F\n|-mega|p1a: Scizor|Scizor|Scizorite\n|move|p2a: Banette|Swords Dance|p2a: Banette\n|-boost|p2a: Banette|atk|2\n|move|p1a: Scizor|U-turn|p2a: Banette\n|-resisted|p2a: Banette\n|-damage|p2a: Banette|73\/100\n|\n|t:|1700329023\n|switch|p1a: Rotom|Rotom-Wash|29\/100|[from] U-turn\n|\n|-heal|p1a: Rotom|35\/100|[from] item: Leftovers\n|upkeep\n|turn|9\n|\n|t:|1700329030\n|move|p2a: Banette|Gunk Shot|p1a: Rotom\n|-damage|p1a: Rotom|0 fnt\n|faint|p1a: Rotom\n|\n|upkeep\n|\n|t:|1700329048\n|switch|p1a: Iron Valiant|Iron Valiant|100\/100\n|-enditem|p1a: Iron Valiant|Booster Energy\n|-activate|p1a: Iron Valiant|ability: Quark Drive|[fromitem]\n|-start|p1a: Iron Valiant|quarkdrivespe\n|turn|10\n|\n|t:|1700329056\n|-terastallize|p1a: Iron Valiant|Steel\n|move|p1a: Iron Valiant|Calm Mind|p1a: Iron Valiant\n|-boost|p1a: Iron Valiant|spa|1\n|-boost|p1a: Iron Valiant|spd|1\n|move|p2a: Banette|Gunk Shot|p1a: Iron Valiant\n|-immune|p1a: Iron Valiant\n|\n|upkeep\n|turn|11\n|\n|t:|1700329058\n|move|p2a: Banette|Destiny Bond|p2a: Banette\n|-singlemove|p2a: Banette|Destiny Bond\n|move|p1a: Iron Valiant|Moonblast|p2a: Banette\n|-damage|p2a: Banette|0 fnt\n|faint|p2a: Banette\n|-activate|p2a: Banette|move: Destiny Bond\n|faint|p1a: Iron Valiant\n|-end|p1a: Iron Valiant|Quark Drive|[silent]\n|\n|upkeep\n|c|\u2606Ekkogandr|fdp\n|c|\u2606akyraaiko|beijo\n|\n|t:|1700329069\n|switch|p1a: Scizor|Scizor-Mega, F|100\/100\n|switch|p2a: Kleavor|Kleavor, F, shiny|100\/100\n|turn|12\n|\n|t:|1700329074\n|move|p1a: Scizor|Bullet Punch|p2a: Kleavor\n|-supereffective|p2a: Kleavor\n|-crit|p2a: Kleavor\n|-damage|p2a: Kleavor|0 fnt\n|faint|p2a: Kleavor\n|\n|upkeep\n|\n|t:|1700329078\n|switch|p2a: Rotom|Rotom-Wash|91\/100\n|turn|13\n|c|\u2606akyraaiko|vc \u00e9 uma puta\n|c|\u2606Ekkogandr|critico importou mt\n|\n|t:|1700329092\n|switch|p1a: Heatran|Heatran, F|100\/100\n|move|p2a: Rotom|Will-O-Wisp|p1a: Heatran\n|-start|p1a: Heatran|ability: Flash Fire\n|\n|-heal|p2a: Rotom|98\/100|[from] item: Leftovers\n|upkeep\n|turn|14\n|\n|t:|1700329095\n|move|p2a: Rotom|Hydro Pump|p1a: Heatran\n|-supereffective|p1a: Heatran\n|-damage|p1a: Heatran|52\/100\n|move|p1a: Heatran|Magma Storm|p2a: Rotom\n|-resisted|p2a: Rotom\n|-damage|p2a: Rotom|71\/100\n|-activate|p2a: Rotom|move: Magma Storm|[of] p1a: Heatran\n|\n|-heal|p2a: Rotom|77\/100|[from] item: Leftovers\n|-heal|p1a: Heatran|58\/100|[from] item: Leftovers\n|-damage|p2a: Rotom|65\/100|[from] move: Magma Storm|[partiallytrapped]\n|upkeep\n|turn|15\n|\n|t:|1700329111\n|move|p2a: Rotom|Hydro Pump|p1a: Heatran\n|-supereffective|p1a: Heatran\n|-damage|p1a: Heatran|8\/100\n|move|p1a: Heatran|Taunt|p2a: Rotom\n|-start|p2a: Rotom|move: Taunt\n|\n|-heal|p2a: Rotom|71\/100|[from] item: Leftovers\n|-heal|p1a: Heatran|14\/100|[from] item: Leftovers\n|-damage|p2a: Rotom|58\/100|[from] move: Magma Storm|[partiallytrapped]\n|upkeep\n|turn|16\n|\n|t:|1700329120\n|-end|p1a: Heatran|ability: Flash Fire|[silent]\n|switch|p1a: Garchomp|Garchomp, F|100\/100\n|move|p2a: Rotom|Hydro Pump|p1a: Garchomp\n|-damage|p1a: Garchomp|61\/100\n|\n|-heal|p2a: Rotom|65\/100|[from] item: Leftovers\n|-end|p2a: Rotom|Magma Storm|[partiallytrapped]|[silent]\n|upkeep\n|turn|17\n|\n|t:|1700329122\n|move|p1a: Garchomp|Swords Dance|p1a: Garchomp\n|-boost|p1a: Garchomp|atk|2\n|move|p2a: Rotom|Hydro Pump|p1a: Garchomp\n|-damage|p1a: Garchomp|17\/100\n|\n|-heal|p2a: Rotom|71\/100|[from] item: Leftovers\n|upkeep\n|turn|18\n|\n|t:|1700329127\n|move|p1a: Garchomp|Scale Shot|p2a: Rotom\n|-damage|p2a: Rotom|43\/100\n|-damage|p2a: Rotom|18\/100\n|-damage|p2a: Rotom|0 fnt\n|faint|p2a: Rotom\n|-hitcount|p2: Rotom|3\n|-unboost|p1a: Garchomp|def|1\n|-boost|p1a: Garchomp|spe|1\n|\n|upkeep\n|\n|t:|1700329130\n|switch|p2a: el lobo|Lycanroc-Dusk, M, shiny|100\/100\n|turn|19\n|\n|t:|1700329137\n|move|p1a: Garchomp|Earthquake|p2a: el lobo\n|-supereffective|p2a: el lobo\n|-damage|p2a: el lobo|0 fnt\n|faint|p2a: el lobo\n|\n|win|Ekkogandr\n|l|\u2606akyraaiko\n","uploadtime":1700329142,"views":6,"p1id":"ekkogandr","p2id":"akyraaiko","formatid":"gen9nationaldex","rating":0,"private":0,"password":""}