{"id":"gen9nationaldex-1997810878","p1":"Yahar","p2":"agent_shodow-007","format":"[Gen 9] National Dex","log":"|html|<div class=\"broadcast-blue\"><strong>[Gen 9] National Dex is currently suspecting Sneasler! For information on how to participate check out the <a href=\"https:\/\/www.smogon.com\/forums\/threads\/sv-national-dex-suspect-8-just-dance.3731534\/\">suspect thread<\/a>.<\/strong><\/div>\n|j|\u2606Yahar\n|j|\u2606agent_shodow-007\n|t:|1700855204\n|gametype|singles\n|player|p1|Yahar|shauntal|1124\n|player|p2|agent_shodow-007|lusamine-nihilego|1169\n|teamsize|p1|6\n|teamsize|p2|6\n|gen|9\n|tier|[Gen 9] National Dex\n|rated|\n|rule|HP Percentage Mod: HP is shown in percentages\n|rule|Endless Battle Clause: Forcing endless battles is banned\n|rule|OHKO Clause: OHKO moves are banned\n|rule|Evasion Clause: Evasion abilities, items, and moves are banned\n|rule|Evasion Abilities Clause: Evasion abilities are banned\n|rule|Evasion Items Clause: Evasion items are banned\n|rule|Evasion Moves Clause: Evasion moves are banned\n|rule|Species Clause: Limit one of each Pok\u00e9mon\n|rule|Sleep Clause Mod: Limit one foe put to sleep\n|clearpoke\n|poke|p1|Pinsir, M|\n|poke|p1|Ribombee, F|\n|poke|p1|Great Tusk|\n|poke|p1|Rillaboom, M|\n|poke|p1|Heatran, F|\n|poke|p1|Greninja-*, M|\n|poke|p2|Gyarados, M|\n|poke|p2|Ferrothorn, M|\n|poke|p2|Tapu Koko|\n|poke|p2|Toxapex, M|\n|poke|p2|Sneasler, M|\n|poke|p2|Scizor, M|\n|teampreview\n|inactive|Battle timer is ON: inactive players will automatically lose when time's up. (requested by Yahar)\n|\n|t:|1700855222\n|start\n|switch|p1a: Ribombee|Ribombee, F|100\/100\n|switch|p2a: Ferrothorn|Ferrothorn, M|100\/100\n|turn|1\n|\n|t:|1700855226\n|move|p1a: Ribombee|Sticky Web|p2a: Ferrothorn\n|-sidestart|p2: agent_shodow-007|move: Sticky Web\n|move|p2a: Ferrothorn|Stealth Rock|p1a: Ribombee\n|-sidestart|p1: Yahar|move: Stealth Rock\n|\n|upkeep\n|turn|2\n|\n|t:|1700855230\n|move|p1a: Ribombee|Reflect|p1a: Ribombee\n|-sidestart|p1: Yahar|Reflect\n|move|p2a: Ferrothorn|Iron Head|p1a: Ribombee\n|-supereffective|p1a: Ribombee\n|-damage|p1a: Ribombee|61\/100\n|\n|upkeep\n|turn|3\n|\n|t:|1700855236\n|move|p1a: Ribombee|Light Screen|p1a: Ribombee\n|-sidestart|p1: Yahar|move: Light Screen\n|move|p2a: Ferrothorn|Iron Head|p1a: Ribombee\n|-supereffective|p1a: Ribombee\n|-damage|p1a: Ribombee|21\/100\n|\n|upkeep\n|turn|4\n|\n|t:|1700855247\n|switch|p1a: Great Tusk|Great Tusk|100\/100\n|-damage|p1a: Great Tusk|98\/100|[from] Stealth Rock\n|-enditem|p1a: Great Tusk|Booster Energy\n|-activate|p1a: Great Tusk|ability: Protosynthesis|[fromitem]\n|-start|p1a: Great Tusk|protosynthesisdef\n|move|p2a: Ferrothorn|Spikes|p1a: Great Tusk\n|-sidestart|p1: Yahar|Spikes\n|\n|upkeep\n|turn|5\n|\n|t:|1700855256\n|move|p1a: Great Tusk|Bulk Up|p1a: Great Tusk\n|-boost|p1a: Great Tusk|atk|1\n|-boost|p1a: Great Tusk|def|1\n|move|p2a: Ferrothorn|Power Whip|p1a: Great Tusk\n|-supereffective|p1a: Great Tusk\n|-damage|p1a: Great Tusk|87\/100\n|\n|upkeep\n|turn|6\n|\n|t:|1700855267\n|switch|p2a: Toxapex|Toxapex, M|100\/100\n|-activate|p2a: Toxapex|move: Sticky Web\n|-unboost|p2a: Toxapex|spe|1\n|move|p1a: Great Tusk|Rapid Spin|p2a: Toxapex\n|-crit|p2a: Toxapex\n|-damage|p2a: Toxapex|72\/100\n|-boost|p1a: Great Tusk|spe|1\n|-sideend|p1: Yahar|Spikes|[from] move: Rapid Spin|[of] p1a: Great Tusk\n|-sideend|p1: Yahar|Stealth Rock|[from] move: Rapid Spin|[of] p1a: Great Tusk\n|\n|-heal|p2a: Toxapex|78\/100|[from] item: Leftovers\n|-sideend|p1: Yahar|Reflect\n|upkeep\n|turn|7\n|\n|t:|1700855274\n|move|p1a: Great Tusk|Headlong Rush|p2a: Toxapex\n|-supereffective|p2a: Toxapex\n|-damage|p2a: Toxapex|0 fnt\n|-unboost|p1a: Great Tusk|def|1\n|-unboost|p1a: Great Tusk|spd|1\n|faint|p2a: Toxapex\n|\n|-sideend|p1: Yahar|move: Light Screen\n|upkeep\n|\n|t:|1700855282\n|switch|p2a: Gyarados|Gyarados, M|100\/100\n|-ability|p2a: Gyarados|Intimidate|boost\n|-unboost|p1a: Great Tusk|atk|1\n|turn|8\n|\n|t:|1700855292\n|-end|p1a: Great Tusk|Protosynthesis|[silent]\n|switch|p1a: Rillaboom|Rillaboom, M|100\/100\n|-fieldstart|move: Grassy Terrain|[from] ability: Grassy Surge|[of] p1a: Rillaboom\n|switch|p2a: Ferrothorn|Ferrothorn, M|100\/100\n|-activate|p2a: Ferrothorn|move: Sticky Web\n|-unboost|p2a: Ferrothorn|spe|1\n|\n|upkeep\n|turn|9\n|\n|t:|1700855298\n|move|p1a: Rillaboom|Fake Out|p2a: Ferrothorn\n|-resisted|p2a: Ferrothorn\n|-damage|p2a: Ferrothorn|96\/100\n|-damage|p1a: Rillaboom|88\/100|[from] ability: Iron Barbs|[of] p2a: Ferrothorn\n|cant|p2a: Ferrothorn|flinch\n|\n|-heal|p1a: Rillaboom|94\/100|[from] Grassy Terrain\n|-heal|p1a: Rillaboom|100\/100|[from] item: Leftovers\n|-heal|p2a: Ferrothorn|100\/100|[from] Grassy Terrain\n|upkeep\n|turn|10\n|\n|t:|1700855302\n|move|p1a: Rillaboom|Knock Off|p2a: Ferrothorn\n|-damage|p2a: Ferrothorn|79\/100\n|-damage|p1a: Rillaboom|88\/100|[from] ability: Iron Barbs|[of] p2a: Ferrothorn\n|-enditem|p2a: Ferrothorn|Leftovers|[from] move: Knock Off|[of] p1a: Rillaboom\n|move|p2a: Ferrothorn|Stealth Rock|p1a: Rillaboom\n|-sidestart|p1: Yahar|move: Stealth Rock\n|\n|-heal|p1a: Rillaboom|94\/100|[from] Grassy Terrain\n|-heal|p1a: Rillaboom|100\/100|[from] item: Leftovers\n|-heal|p2a: Ferrothorn|85\/100|[from] Grassy Terrain\n|upkeep\n|turn|11\n|\n|t:|1700855307\n|move|p1a: Rillaboom|U-turn|p2a: Ferrothorn\n|-damage|p2a: Ferrothorn|70\/100\n|-damage|p1a: Rillaboom|88\/100|[from] ability: Iron Barbs|[of] p2a: Ferrothorn\n|\n|t:|1700855314\n|switch|p1a: Heatran|Heatran, F, shiny|100\/100|[from] U-turn\n|-damage|p1a: Heatran|88\/100|[from] Stealth Rock\n|move|p2a: Ferrothorn|Spikes|p1a: Heatran\n|-sidestart|p1: Yahar|Spikes\n|\n|-heal|p1a: Heatran|94\/100|[from] Grassy Terrain\n|-heal|p2a: Ferrothorn|77\/100|[from] Grassy Terrain\n|upkeep\n|turn|12\n|\n|t:|1700855323\n|switch|p2a: Gyarados|Gyarados, M|100\/100\n|-ability|p2a: Gyarados|Intimidate|boost\n|-unboost|p1a: Heatran|atk|1\n|-terastallize|p1a: Heatran|Grass\n|move|p1a: Heatran|Heat Wave|p2a: Gyarados\n|-resisted|p2a: Gyarados\n|-damage|p2a: Gyarados|77\/100\n|\n|-heal|p1a: Heatran|99\/100|[from] Grassy Terrain\n|-fieldend|move: Grassy Terrain\n|upkeep\n|turn|13\n|\n|t:|1700855343\n|move|p2a: Gyarados|Crunch|p1a: Heatran\n|-damage|p1a: Heatran|78\/100\n|move|p1a: Heatran|Tera Blast|p2a: Gyarados|[anim] Tera Blast Grass\n|-damage|p2a: Gyarados|36\/100\n|\n|upkeep\n|turn|14\n|\n|t:|1700855353\n|move|p2a: Gyarados|Crunch|p1a: Heatran\n|-damage|p1a: Heatran|57\/100\n|move|p1a: Heatran|Tera Blast|p2a: Gyarados|[anim] Tera Blast Grass\n|-damage|p2a: Gyarados|0 fnt\n|faint|p2a: Gyarados\n|\n|upkeep\n|\n|t:|1700855374\n|switch|p2a: Scizor|Scizor, M, shiny|100\/100\n|-activate|p2a: Scizor|move: Sticky Web\n|-unboost|p2a: Scizor|spe|1\n|turn|15\n|\n|t:|1700855379\n|detailschange|p2a: Scizor|Scizor-Mega, M, shiny\n|-mega|p2a: Scizor|Scizor|Scizorite\n|move|p1a: Heatran|Heat Wave|p2a: Scizor|[miss]\n|-miss|p1a: Heatran|p2a: Scizor\n|move|p2a: Scizor|Bug Bite|p1a: Heatran\n|-supereffective|p1a: Heatran\n|-damage|p1a: Heatran|0 fnt\n|faint|p1a: Heatran\n|\n|upkeep\n|\n|t:|1700855389\n|switch|p1a: Great Tusk|Great Tusk|87\/100\n|-damage|p1a: Great Tusk|84\/100|[from] Stealth Rock\n|-damage|p1a: Great Tusk|72\/100|[from] Spikes\n|turn|16\n|\n|t:|1700855401\n|move|p1a: Great Tusk|Rapid Spin|p2a: Scizor\n|-resisted|p2a: Scizor\n|-damage|p2a: Scizor|95\/100\n|-boost|p1a: Great Tusk|spe|1\n|-sideend|p1: Yahar|Spikes|[from] move: Rapid Spin|[of] p1a: Great Tusk\n|-sideend|p1: Yahar|Stealth Rock|[from] move: Rapid Spin|[of] p1a: Great Tusk\n|move|p2a: Scizor|Defog|p1a: Great Tusk\n|-unboost|p1a: Great Tusk|evasion|1\n|-sideend|p2: agent_shodow-007|Sticky Web|[from] move: Defog|[of] p2a: Scizor\n|\n|upkeep\n|turn|17\n|\n|t:|1700855410\n|move|p2a: Scizor|Bullet Punch|p1a: Great Tusk\n|-damage|p1a: Great Tusk|53\/100\n|move|p1a: Great Tusk|Bulk Up|p1a: Great Tusk\n|-boost|p1a: Great Tusk|atk|1\n|-boost|p1a: Great Tusk|def|1\n|\n|upkeep\n|turn|18\n|\n|t:|1700855430\n|move|p1a: Great Tusk|Bulk Up|p1a: Great Tusk\n|-boost|p1a: Great Tusk|atk|1\n|-boost|p1a: Great Tusk|def|1\n|move|p2a: Scizor|Bug Bite|p1a: Great Tusk\n|-resisted|p1a: Great Tusk\n|-crit|p1a: Great Tusk\n|-damage|p1a: Great Tusk|33\/100\n|\n|upkeep\n|turn|19\n|\n|t:|1700855439\n|move|p2a: Scizor|Bullet Punch|p1a: Great Tusk\n|-damage|p1a: Great Tusk|23\/100\n|move|p1a: Great Tusk|Headlong Rush|p2a: Scizor\n|-damage|p2a: Scizor|19\/100\n|-unboost|p1a: Great Tusk|def|1\n|-unboost|p1a: Great Tusk|spd|1\n|\n|upkeep\n|turn|20\n|\n|t:|1700855450\n|move|p2a: Scizor|Bullet Punch|p1a: Great Tusk\n|-damage|p1a: Great Tusk|9\/100\n|move|p1a: Great Tusk|Headlong Rush|p2a: Scizor\n|-damage|p2a: Scizor|0 fnt\n|-unboost|p1a: Great Tusk|def|1\n|-unboost|p1a: Great Tusk|spd|1\n|faint|p2a: Scizor\n|\n|upkeep\n|\n|t:|1700855462\n|switch|p2a: Ferrothorn|Ferrothorn, M|77\/100\n|turn|21\n|\n|t:|1700855471\n|move|p1a: Great Tusk|Headlong Rush|p2a: Ferrothorn\n|-damage|p2a: Ferrothorn|6\/100\n|-unboost|p1a: Great Tusk|def|1\n|-unboost|p1a: Great Tusk|spd|1\n|-damage|p1a: Great Tusk|0 fnt|[from] ability: Iron Barbs|[of] p2a: Ferrothorn\n|faint|p1a: Great Tusk\n|-end|p1a: Great Tusk|Protosynthesis|[silent]\n|move|p2a: Ferrothorn|Iron Head|p1: Great Tusk|[notarget]\n|-fail|p2a: Ferrothorn\n|\n|upkeep\n|\n|t:|1700855474\n|switch|p1a: Ribombee|Ribombee, F|21\/100\n|turn|22\n|\n|t:|1700855476\n|move|p1a: Ribombee|Sticky Web|p2a: Ferrothorn\n|-sidestart|p2: agent_shodow-007|move: Sticky Web\n|move|p2a: Ferrothorn|Iron Head|p1a: Ribombee\n|-supereffective|p1a: Ribombee\n|-damage|p1a: Ribombee|0 fnt\n|faint|p1a: Ribombee\n|\n|upkeep\n|\n|t:|1700855479\n|switch|p1a: Pinsir|Pinsir, M|100\/100\n|turn|23\n|\n|t:|1700855485\n|detailschange|p1a: Pinsir|Pinsir-Mega, M\n|-mega|p1a: Pinsir|Pinsir|Pinsirite\n|move|p1a: Pinsir|Bulk Up|p1a: Pinsir\n|-boost|p1a: Pinsir|atk|1\n|-boost|p1a: Pinsir|def|1\n|move|p2a: Ferrothorn|Stealth Rock|p1a: Pinsir\n|-sidestart|p1: Yahar|move: Stealth Rock\n|\n|upkeep\n|turn|24\n|\n|t:|1700855492\n|move|p1a: Pinsir|Bulk Up|p1a: Pinsir\n|-boost|p1a: Pinsir|atk|1\n|-boost|p1a: Pinsir|def|1\n|move|p2a: Ferrothorn|Iron Head|p1a: Pinsir\n|-damage|p1a: Pinsir|85\/100\n|\n|upkeep\n|turn|25\n|\n|t:|1700855500\n|switch|p2a: Tapu Koko|Tapu Koko|100\/100\n|-activate|p2a: Tapu Koko|move: Sticky Web\n|-unboost|p2a: Tapu Koko|spe|1\n|-fieldstart|move: Electric Terrain|[from] ability: Electric Surge|[of] p2a: Tapu Koko\n|move|p1a: Pinsir|Return|p2a: Tapu Koko\n|-resisted|p2a: Tapu Koko\n|-damage|p2a: Tapu Koko|0 fnt\n|faint|p2a: Tapu Koko\n|\n|upkeep\n|\n|t:|1700855503\n|switch|p2a: Sneasler|Sneasler, M|100\/100\n|-activate|p2a: Sneasler|move: Sticky Web\n|-unboost|p2a: Sneasler|spe|1\n|turn|26\n|\n|t:|1700855512\n|move|p1a: Pinsir|Return|p2a: Sneasler\n|-supereffective|p2a: Sneasler\n|-enditem|p2a: Sneasler|Focus Sash\n|-damage|p2a: Sneasler|1\/100\n|move|p2a: Sneasler|Dire Claw|p1a: Pinsir\n|-damage|p1a: Pinsir|62\/100\n|\n|upkeep\n|turn|27\n|\n|t:|1700855521\n|move|p1a: Pinsir|Return|p2a: Sneasler\n|-supereffective|p2a: Sneasler\n|-damage|p2a: Sneasler|0 fnt\n|faint|p2a: Sneasler\n|\n|upkeep\n|\n|t:|1700855525\n|switch|p2a: Ferrothorn|Ferrothorn, M|6\/100\n|-activate|p2a: Ferrothorn|move: Sticky Web\n|-unboost|p2a: Ferrothorn|spe|1\n|turn|28\n|\n|t:|1700855527\n|move|p1a: Pinsir|Close Combat|p2a: Ferrothorn\n|-supereffective|p2a: Ferrothorn\n|-crit|p2a: Ferrothorn\n|-damage|p2a: Ferrothorn|0 fnt\n|-unboost|p1a: Pinsir|def|1\n|-unboost|p1a: Pinsir|spd|1\n|-damage|p1a: Pinsir|50\/100|[from] ability: Iron Barbs|[of] p2a: Ferrothorn\n|faint|p2a: Ferrothorn\n|\n|win|Yahar\n|raw|Yahar's rating: 1124 &rarr; <strong>1152<\/strong><br \/>(+28 for winning)\n|raw|agent_shodow-007's rating: 1169 &rarr; <strong>1141<\/strong><br \/>(-28 for losing)\n|c|\u2606agent_shodow-007|gg\n|l|\u2606agent_shodow-007\n","uploadtime":1700855547,"views":6,"p1id":"yahar","p2id":"agentshodow007","formatid":"gen9nationaldex","rating":1141,"private":0,"password":""}