{"id":"gen9nationaldex-1989875466","p1":"Nitchii","p2":"KyosukeKamijou","format":"[Gen 9] National Dex","log":"|j|\u2606Nitchii\n|j|\u2606KyosukeKamijou\n|t:|1699903031\n|gametype|singles\n|player|p1|Nitchii|n|1162\n|player|p2|KyosukeKamijou|ghetsis|1203\n|teamsize|p1|6\n|teamsize|p2|6\n|gen|9\n|tier|[Gen 9] National Dex\n|rated|\n|rule|HP Percentage Mod: HP is shown in percentages\n|rule|Endless Battle Clause: Forcing endless battles is banned\n|rule|OHKO Clause: OHKO moves are banned\n|rule|Evasion Clause: Evasion abilities, items, and moves are banned\n|rule|Evasion Abilities Clause: Evasion abilities are banned\n|rule|Evasion Items Clause: Evasion items are banned\n|rule|Evasion Moves Clause: Evasion moves are banned\n|rule|Species Clause: Limit one of each Pok\u00e9mon\n|rule|Sleep Clause Mod: Limit one foe put to sleep\n|clearpoke\n|poke|p1|Garganacl, M|\n|poke|p1|Diancie|\n|poke|p1|Cinderace, F|\n|poke|p1|Xurkitree|\n|poke|p1|Celesteela|\n|poke|p1|Abomasnow, M|\n|poke|p2|Kommo-o, M|\n|poke|p2|Great Tusk|\n|poke|p2|Ogerpon-Cornerstone, F|\n|poke|p2|Charizard, M|\n|poke|p2|Greninja-*, M|\n|poke|p2|Volcarona, F|\n|teampreview\n|inactive|Battle timer is ON: inactive players will automatically lose when time's up. (requested by Nitchii)\n|inactive|KyosukeKamijou has 120 seconds left.\n|\n|t:|1699903062\n|start\n|switch|p1a: Diancie|Diancie|100\/100\n|switch|p2a: PapillonOhger|Volcarona, F, shiny|100\/100\n|turn|1\n|\n|t:|1699903070\n|detailschange|p1a: Diancie|Diancie-Mega\n|-mega|p1a: Diancie|Diancie|Diancite\n|-terastallize|p2a: PapillonOhger|Grass\n|move|p1a: Diancie|Diamond Storm|p2a: PapillonOhger\n|-damage|p2a: PapillonOhger|17\/100\n|-boost|p1a: Diancie|def|2\n|move|p2a: PapillonOhger|Quiver Dance|p2a: PapillonOhger\n|-boost|p2a: PapillonOhger|spa|1\n|-boost|p2a: PapillonOhger|spd|1\n|-boost|p2a: PapillonOhger|spe|1\n|\n|upkeep\n|turn|2\n|\n|t:|1699903080\n|move|p2a: PapillonOhger|Giga Drain|p1a: Diancie\n|-supereffective|p1a: Diancie\n|-damage|p1a: Diancie|0 fnt\n|-heal|p2a: PapillonOhger|55\/100|[from] drain|[of] p1a: Diancie\n|faint|p1a: Diancie\n|\n|upkeep\n|\n|t:|1699903085\n|switch|p1a: Celesteela|Celesteela|100\/100\n|turn|3\n|\n|t:|1699903090\n|-terastallize|p1a: Celesteela|Ground\n|move|p2a: PapillonOhger|Flamethrower|p1a: Celesteela\n|-damage|p1a: Celesteela|37\/100\n|move|p1a: Celesteela|Heavy Slam|p2a: PapillonOhger\n|-damage|p2a: PapillonOhger|0 fnt\n|faint|p2a: PapillonOhger\n|-ability|p1a: Celesteela|Beast Boost|boost\n|-boost|p1a: Celesteela|def|1\n|\n|upkeep\n|\n|t:|1699903099\n|switch|p2a: Change Dragon|Charizard, M|100\/100\n|turn|4\n|\n|t:|1699903104\n|detailschange|p2a: Change Dragon|Charizard-Mega-Y, M\n|-mega|p2a: Change Dragon|Charizard|Charizardite Y\n|-weather|SunnyDay|[from] ability: Drought|[of] p2a: Change Dragon\n|move|p2a: Change Dragon|Solar Beam||[still]\n|-prepare|p2a: Change Dragon|Solar Beam\n|-anim|p2a: Change Dragon|Solar Beam|p1a: Celesteela\n|-supereffective|p1a: Celesteela\n|-damage|p1a: Celesteela|0 fnt\n|faint|p1a: Celesteela\n|\n|-weather|SunnyDay|[upkeep]\n|upkeep\n|\n|t:|1699903113\n|switch|p1a: Garganacl|Garganacl, M|100\/100\n|turn|5\n|\n|t:|1699903117\n|move|p2a: Change Dragon|Solar Beam||[still]\n|-prepare|p2a: Change Dragon|Solar Beam\n|-anim|p2a: Change Dragon|Solar Beam|p1a: Garganacl\n|-supereffective|p1a: Garganacl\n|-damage|p1a: Garganacl|18\/100\n|move|p1a: Garganacl|Salt Cure|p2a: Change Dragon\n|-supereffective|p2a: Change Dragon\n|-damage|p2a: Change Dragon|0 fnt\n|faint|p2a: Change Dragon\n|\n|-weather|SunnyDay|[upkeep]\n|-heal|p1a: Garganacl|25\/100|[from] item: Leftovers\n|upkeep\n|\n|t:|1699903127\n|switch|p2a: Onisister|Ogerpon-Cornerstone, F|100\/100\n|turn|6\n|\n|t:|1699903131\n|move|p2a: Onisister|Horn Leech|p1a: Garganacl\n|-supereffective|p1a: Garganacl\n|-damage|p1a: Garganacl|0 fnt\n|faint|p1a: Garganacl\n|\n|-weather|SunnyDay|[upkeep]\n|upkeep\n|\n|t:|1699903136\n|switch|p1a: Abomasnow|Abomasnow, M|100\/100\n|-weather|Snow|[from] ability: Snow Warning|[of] p1a: Abomasnow\n|turn|7\n|\n|t:|1699903142\n|move|p2a: Onisister|Ivy Cudgel|p1a: Abomasnow\n|-supereffective|p1a: Abomasnow\n|-damage|p1a: Abomasnow|29\/100\n|move|p1a: Abomasnow|Aurora Veil|p1a: Abomasnow\n|-sidestart|p1: Nitchii|move: Aurora Veil\n|\n|-weather|Snow|[upkeep]\n|upkeep\n|turn|8\n|\n|t:|1699903147\n|move|p1a: Abomasnow|Ice Shard|p2a: Onisister\n|-supereffective|p2a: Onisister\n|-damage|p2a: Onisister|72\/100\n|move|p2a: Onisister|Ivy Cudgel|p1a: Abomasnow\n|-supereffective|p1a: Abomasnow\n|-crit|p1a: Abomasnow\n|-damage|p1a: Abomasnow|0 fnt\n|faint|p1a: Abomasnow\n|\n|-weather|Snow|[upkeep]\n|upkeep\n|\n|t:|1699903156\n|switch|p1a: Xurkitree|Xurkitree|100\/100\n|turn|9\n|\n|t:|1699903159\n|move|p2a: Onisister|Spiky Shield|p2a: Onisister\n|-singleturn|p2a: Onisister|move: Protect\n|-zpower|p1a: Xurkitree\n|move|p1a: Xurkitree|Z-Hypnosis|p2a: Onisister|[anim]Hypnosis\n|-boost|p1a: Xurkitree|spe|1|[zeffect]\n|-activate|p2a: Onisister|move: Protect\n|\n|-weather|Snow|[upkeep]\n|upkeep\n|turn|10\n|\n|t:|1699903170\n|move|p1a: Xurkitree|Hidden Power|p2a: Onisister\n|-supereffective|p2a: Onisister\n|-damage|p2a: Onisister|20\/100\n|move|p2a: Onisister|Ivy Cudgel|p1a: Xurkitree\n|-damage|p1a: Xurkitree|63\/100\n|\n|-weather|Snow|[upkeep]\n|upkeep\n|turn|11\n|\n|t:|1699903179\n|move|p2a: Onisister|Spiky Shield|p2a: Onisister\n|-singleturn|p2a: Onisister|move: Protect\n|move|p1a: Xurkitree|Hidden Power|p2a: Onisister\n|-activate|p2a: Onisister|move: Protect\n|\n|-weather|none\n|-sideend|p1: Nitchii|move: Aurora Veil\n|upkeep\n|turn|12\n|\n|t:|1699903186\n|move|p1a: Xurkitree|Hidden Power|p2a: Onisister\n|-supereffective|p2a: Onisister\n|-damage|p2a: Onisister|0 fnt\n|faint|p2a: Onisister\n|-ability|p1a: Xurkitree|Beast Boost|boost\n|-boost|p1a: Xurkitree|spa|1\n|\n|upkeep\n|\n|t:|1699903193\n|switch|p2a: Mammothranger|Great Tusk|100\/100\n|turn|13\n|\n|t:|1699903211\n|move|p2a: Mammothranger|Headlong Rush|p1a: Xurkitree\n|-supereffective|p1a: Xurkitree\n|-damage|p1a: Xurkitree|0 fnt\n|-unboost|p2a: Mammothranger|def|1\n|-unboost|p2a: Mammothranger|spd|1\n|faint|p1a: Xurkitree\n|\n|upkeep\n|\n|t:|1699903218\n|switch|p1a: Cinderace|Cinderace, F|100\/100\n|turn|14\n|\n|t:|1699903224\n|move|p2a: Mammothranger|Headlong Rush|p1a: Cinderace\n|-supereffective|p1a: Cinderace\n|-damage|p1a: Cinderace|0 fnt\n|-unboost|p2a: Mammothranger|def|1\n|-unboost|p2a: Mammothranger|spd|1\n|faint|p1a: Cinderace\n|\n|win|KyosukeKamijou\n|raw|Nitchii's rating: 1162 &rarr; <strong>1140<\/strong><br \/>(-22 for losing)\n|raw|KyosukeKamijou's rating: 1203 &rarr; <strong>1225<\/strong><br \/>(+22 for winning)\n|l|\u2606Nitchii\n","uploadtime":1699903231,"views":5,"p1id":"nitchii","p2id":"kyosukekamijou","formatid":"gen9nationaldex","rating":1140,"private":0,"password":""}