{"id":"gen9nationaldex-1995426305","p1":"TEO ZE STORM","p2":"Syvxia","format":"[Gen 9] National Dex","log":"|html|<div class=\"broadcast-blue\"><strong>[Gen 9] National Dex is currently suspecting Sneasler! For information on how to participate check out the <a href=\"https:\/\/www.smogon.com\/forums\/threads\/sv-national-dex-suspect-8-just-dance.3731534\/\">suspect thread<\/a>.<\/strong><\/div>\n|j|\u2606TEO ZE STORM\n|j|\u2606Syvxia\n|t:|1700569273\n|gametype|singles\n|player|p1|TEO ZE STORM|buck|1133\n|player|p2|Syvxia|nessa|1174\n|teamsize|p1|6\n|teamsize|p2|6\n|gen|9\n|tier|[Gen 9] National Dex\n|rated|\n|rule|HP Percentage Mod: HP is shown in percentages\n|rule|Endless Battle Clause: Forcing endless battles is banned\n|rule|OHKO Clause: OHKO moves are banned\n|rule|Evasion Clause: Evasion abilities, items, and moves are banned\n|rule|Evasion Abilities Clause: Evasion abilities are banned\n|rule|Evasion Items Clause: Evasion items are banned\n|rule|Evasion Moves Clause: Evasion moves are banned\n|rule|Species Clause: Limit one of each Pok\u00e9mon\n|rule|Sleep Clause Mod: Limit one foe put to sleep\n|clearpoke\n|poke|p1|Incineroar, M|\n|poke|p1|Corviknight, M|\n|poke|p1|Garchomp, M|\n|poke|p1|Gyarados, M|\n|poke|p1|Grimmsnarl, M|\n|poke|p1|Skeledirge, M|\n|poke|p2|Zeraora|\n|poke|p2|Tapu Koko|\n|poke|p2|Sandy Shocks|\n|poke|p2|Iron Valiant|\n|poke|p2|Moltres|\n|poke|p2|Scizor, F|\n|teampreview\n|inactive|Battle timer is ON: inactive players will automatically lose when time's up. (requested by Syvxia)\n|\n|t:|1700569288\n|start\n|switch|p1a: Grimmsnarl|Grimmsnarl, M, shiny|100\/100\n|switch|p2a: Sandy Shocks|Sandy Shocks|100\/100\n|-enditem|p2a: Sandy Shocks|Booster Energy\n|-activate|p2a: Sandy Shocks|ability: Protosynthesis|[fromitem]\n|-start|p2a: Sandy Shocks|protosynthesisspe\n|turn|1\n|\n|t:|1700569307\n|move|p1a: Grimmsnarl|Light Screen|p1a: Grimmsnarl\n|-sidestart|p1: TEO ZE STORM|move: Light Screen\n|move|p2a: Sandy Shocks|Stealth Rock|p1a: Grimmsnarl\n|-sidestart|p1: TEO ZE STORM|move: Stealth Rock\n|\n|upkeep\n|turn|2\n|\n|t:|1700569317\n|move|p2a: Sandy Shocks|Earth Power|p1a: Grimmsnarl\n|-damage|p1a: Grimmsnarl|77\/100\n|move|p1a: Grimmsnarl|Spirit Break|p2a: Sandy Shocks\n|-damage|p2a: Sandy Shocks|54\/100\n|-unboost|p2a: Sandy Shocks|spa|1\n|\n|upkeep\n|turn|3\n|\n|t:|1700569326\n|-end|p2a: Sandy Shocks|Protosynthesis|[silent]\n|switch|p2a: Moltres|Moltres|100\/100\n|move|p1a: Grimmsnarl|Spirit Break|p2a: Moltres\n|-resisted|p2a: Moltres\n|-damage|p2a: Moltres|81\/100\n|-unboost|p2a: Moltres|spa|1\n|\n|upkeep\n|turn|4\n|\n|t:|1700569335\n|move|p2a: Moltres|U-turn|p1a: Grimmsnarl\n|-damage|p1a: Grimmsnarl|58\/100\n|\n|t:|1700569338\n|switch|p2a: Scizor|Scizor, F|100\/100|[from] U-turn\n|move|p1a: Grimmsnarl|Spirit Break|p2a: Scizor\n|-resisted|p2a: Scizor\n|-damage|p2a: Scizor|82\/100\n|-unboost|p2a: Scizor|spa|1\n|\n|upkeep\n|turn|5\n|\n|t:|1700569345\n|detailschange|p2a: Scizor|Scizor-Mega, F\n|-mega|p2a: Scizor|Scizor|Scizorite\n|move|p2a: Scizor|Bullet Punch|p1a: Grimmsnarl\n|-supereffective|p1a: Grimmsnarl\n|-damage|p1a: Grimmsnarl|0 fnt\n|faint|p1a: Grimmsnarl\n|\n|upkeep\n|\n|t:|1700569361\n|switch|p1a: Skeledirge|Skeledirge, M, shiny|100\/100\n|-damage|p1a: Skeledirge|75\/100|[from] Stealth Rock\n|turn|6\n|\n|t:|1700569387\n|switch|p2a: Tapu Koko|Tapu Koko|100\/100\n|-fieldstart|move: Electric Terrain|[from] ability: Electric Surge|[of] p2a: Tapu Koko\n|switch|p1a: Garchomp|Garchomp, M|100\/100\n|-damage|p1a: Garchomp|94\/100|[from] Stealth Rock\n|\n|upkeep\n|turn|7\n|\n|t:|1700569407\n|move|p1a: Garchomp|Earthquake|p2a: Tapu Koko\n|-supereffective|p2a: Tapu Koko\n|-damage|p2a: Tapu Koko|0 fnt\n|faint|p2a: Tapu Koko\n|\n|upkeep\n|\n|t:|1700569412\n|switch|p2a: Sandy Shocks|Sandy Shocks|54\/100\n|turn|8\n|\n|t:|1700569421\n|-terastallize|p2a: Sandy Shocks|Ice\n|move|p1a: Garchomp|Earthquake|p2a: Sandy Shocks\n|-damage|p2a: Sandy Shocks|0 fnt\n|faint|p2a: Sandy Shocks\n|-end|p2a: Sandy Shocks|Protosynthesis|[silent]\n|\n|-sideend|p1: TEO ZE STORM|move: Light Screen\n|upkeep\n|\n|t:|1700569431\n|switch|p2a: Zeraora|Zeraora|100\/100\n|turn|9\n|\n|t:|1700569446\n|move|p1a: Garchomp|Earthquake|p2a: Zeraora\n|-supereffective|p2a: Zeraora\n|-damage|p2a: Zeraora|0 fnt\n|faint|p2a: Zeraora\n|\n|upkeep\n|\n|t:|1700569452\n|switch|p2a: Moltres|Moltres|81\/100\n|turn|10\n|\n|t:|1700569469\n|switch|p1a: MOOONSTRE BROZER|Incineroar, M, shiny|100\/100\n|-ability|p1a: MOOONSTRE BROZER|Intimidate|boost\n|-unboost|p2a: Moltres|atk|1\n|move|p2a: Moltres|Roost|p2a: Moltres\n|-heal|p2a: Moltres|100\/100\n|-singleturn|p2a: Moltres|move: Roost\n|\n|upkeep\n|turn|11\n|\n|t:|1700569481\n|move|p2a: Moltres|U-turn|p1a: MOOONSTRE BROZER\n|-damage|p1a: MOOONSTRE BROZER|92\/100\n|\n|t:|1700569486\n|switch|p2a: Iron Valiant|Iron Valiant|100\/100|[from] U-turn\n|-activate|p2a: Iron Valiant|ability: Quark Drive\n|-start|p2a: Iron Valiant|quarkdrivespe\n|move|p1a: MOOONSTRE BROZER|Knock Off|p2a: Iron Valiant\n|-resisted|p2a: Iron Valiant\n|-damage|p2a: Iron Valiant|88\/100\n|-enditem|p2a: Iron Valiant|Assault Vest|[from] move: Knock Off|[of] p1a: MOOONSTRE BROZER\n|\n|upkeep\n|turn|12\n|\n|t:|1700569500\n|switch|p1a: Corviknight|Corviknight, M|100\/100\n|-damage|p1a: Corviknight|88\/100|[from] Stealth Rock\n|move|p2a: Iron Valiant|Encore||[still]\n|-fail|p2a: Iron Valiant\n|\n|-heal|p1a: Corviknight|94\/100|[from] item: Leftovers\n|upkeep\n|turn|13\n|\n|t:|1700569512\n|move|p2a: Iron Valiant|Thunderbolt|p1a: Corviknight\n|-supereffective|p1a: Corviknight\n|-damage|p1a: Corviknight|21\/100\n|move|p1a: Corviknight|Iron Head|p2a: Iron Valiant\n|-supereffective|p2a: Iron Valiant\n|-damage|p2a: Iron Valiant|30\/100\n|\n|-heal|p1a: Corviknight|27\/100|[from] item: Leftovers\n|-fieldend|move: Electric Terrain\n|-end|p2a: Iron Valiant|Quark Drive\n|upkeep\n|turn|14\n|\n|t:|1700569529\n|switch|p1a: Skeledirge|Skeledirge, M, shiny|75\/100\n|-damage|p1a: Skeledirge|50\/100|[from] Stealth Rock\n|-enditem|p1a: Skeledirge|Sitrus Berry|[eat]\n|-heal|p1a: Skeledirge|75\/100|[from] item: Sitrus Berry\n|move|p2a: Iron Valiant|Moonblast|p1a: Skeledirge\n|-resisted|p1a: Skeledirge\n|-damage|p1a: Skeledirge|49\/100\n|-unboost|p1a: Skeledirge|spa|1\n|\n|upkeep\n|turn|15\n|\n|t:|1700569543\n|-end|p2a: Iron Valiant|Quark Drive|[silent]\n|switch|p2a: Moltres|Moltres|100\/100\n|move|p1a: Skeledirge|Shadow Ball|p2a: Moltres\n|-damage|p2a: Moltres|83\/100\n|\n|upkeep\n|turn|16\n|\n|t:|1700569555\n|switch|p1a: Gyarados|Gyarados, M, shiny|100\/100\n|-damage|p1a: Gyarados|76\/100|[from] Stealth Rock\n|-ability|p1a: Gyarados|Intimidate|boost\n|-unboost|p2a: Moltres|atk|1\n|move|p2a: Moltres|Flamethrower|p1a: Gyarados\n|-resisted|p1a: Gyarados\n|-damage|p1a: Gyarados|58\/100\n|\n|upkeep\n|turn|17\n|\n|t:|1700569576\n|switch|p2a: Scizor|Scizor-Mega, F|82\/100\n|move|p1a: Gyarados|Dragon Dance|p1a: Gyarados\n|-boost|p1a: Gyarados|atk|1\n|-boost|p1a: Gyarados|spe|1\n|\n|upkeep\n|turn|18\n|\n|t:|1700569597\n|move|p1a: Gyarados|Waterfall|p2a: Scizor\n|-damage|p2a: Scizor|37\/100\n|move|p2a: Scizor|U-turn|p1a: Gyarados\n|-resisted|p1a: Gyarados\n|-damage|p1a: Gyarados|31\/100\n|\n|t:|1700569602\n|switch|p2a: Iron Valiant|Iron Valiant|30\/100|[from] U-turn\n|\n|upkeep\n|turn|19\n|\n|t:|1700569611\n|detailschange|p1a: Gyarados|Gyarados-Mega, M, shiny\n|-mega|p1a: Gyarados|Gyarados|Gyaradosite\n|-ability|p1a: Gyarados|Mold Breaker\n|move|p1a: Gyarados|Waterfall|p2a: Iron Valiant\n|-damage|p2a: Iron Valiant|0 fnt\n|faint|p2a: Iron Valiant\n|-end|p2a: Iron Valiant|Quark Drive|[silent]\n|\n|upkeep\n|\n|t:|1700569619\n|switch|p2a: Moltres|Moltres|83\/100\n|turn|20\n|\n|t:|1700569623\n|move|p1a: Gyarados|Waterfall|p2a: Moltres\n|-supereffective|p2a: Moltres\n|-damage|p2a: Moltres|0 fnt\n|faint|p2a: Moltres\n|\n|upkeep\n|\n|t:|1700569627\n|switch|p2a: Scizor|Scizor-Mega, F|37\/100\n|turn|21\n|\n|t:|1700569632\n|move|p2a: Scizor|Bullet Punch|p1a: Gyarados\n|-resisted|p1a: Gyarados\n|-damage|p1a: Gyarados|13\/100\n|move|p1a: Gyarados|Waterfall|p2a: Scizor\n|-damage|p2a: Scizor|0 fnt\n|faint|p2a: Scizor\n|\n|win|TEO ZE STORM\n|raw|TEO ZE STORM's rating: 1133 &rarr; <strong>1161<\/strong><br \/>(+28 for winning)\n|raw|Syvxia's rating: 1174 &rarr; <strong>1146<\/strong><br \/>(-28 for losing)\n|l|\u2606Syvxia\n","uploadtime":1700569662,"views":0,"p1id":"teozestorm","p2id":"syvxia","formatid":"gen9nationaldex","rating":1146,"private":0,"password":""}