{"id":"gen9nationaldex-1998645302","p1":"GlaDosDOs","p2":"Agricultural X-ray","format":"[Gen 9] National Dex","log":"|html|<div class=\"broadcast-blue\"><strong>[Gen 9] National Dex is currently suspecting Sneasler! For information on how to participate check out the <a href=\"https:\/\/www.smogon.com\/forums\/threads\/sv-national-dex-suspect-8-just-dance.3731534\/\">suspect thread<\/a>.<\/strong><\/div>\n|j|\u2606GlaDosDOs\n|j|\u2606Agricultural X-ray\n|t:|1700966985\n|gametype|singles\n|player|p1|GlaDosDOs|cheren-gen5bw2|1083\n|player|p2|Agricultural X-ray|psychic|1107\n|teamsize|p1|6\n|teamsize|p2|6\n|gen|9\n|tier|[Gen 9] National Dex\n|rated|\n|rule|HP Percentage Mod: HP is shown in percentages\n|rule|Endless Battle Clause: Forcing endless battles is banned\n|rule|OHKO Clause: OHKO moves are banned\n|rule|Evasion Clause: Evasion abilities, items, and moves are banned\n|rule|Evasion Abilities Clause: Evasion abilities are banned\n|rule|Evasion Items Clause: Evasion items are banned\n|rule|Evasion Moves Clause: Evasion moves are banned\n|rule|Species Clause: Limit one of each Pok\u00e9mon\n|rule|Sleep Clause Mod: Limit one foe put to sleep\n|clearpoke\n|poke|p1|Audino, F|\n|poke|p1|Scolipede, M|\n|poke|p1|Delphox, F|\n|poke|p1|Krookodile, M|\n|poke|p1|Aegislash, M|\n|poke|p1|Ditto|\n|poke|p2|Hydreigon, M|\n|poke|p2|Ribombee, M|\n|poke|p2|Indeedee-F, F|\n|poke|p2|Talonflame, M|\n|poke|p2|Jellicent, F|\n|poke|p2|Togedemaru, F|\n|teampreview\n|\n|t:|1700966995\n|start\n|switch|p1a: Lemonade|Delphox, F|100\/100\n|switch|p2a: Togedemaru|Togedemaru, F|100\/100\n|turn|1\n|\n|t:|1700967003\n|move|p1a: Lemonade|Trick|p2a: Togedemaru\n|-activate|p1a: Lemonade|move: Trick|[of] p2a: Togedemaru\n|-item|p2a: Togedemaru|Choice Scarf|[from] move: Trick\n|-item|p1a: Lemonade|Aguav Berry|[from] move: Trick\n|move|p2a: Togedemaru|Agility|p2a: Togedemaru\n|-boost|p2a: Togedemaru|spe|2\n|\n|upkeep\n|turn|2\n|\n|t:|1700967023\n|switch|p2a: Talonflame|Talonflame, M|100\/100\n|move|p1a: Lemonade|Skill Swap|p2a: Talonflame\n|-activate|p1a: Lemonade|move: Skill Swap|Gale Wings|Blaze|[of] p2a: Talonflame\n|\n|upkeep\n|turn|3\n|\n|t:|1700967038\n|-terastallize|p1a: Lemonade|Psychic\n|move|p1a: Lemonade|Calm Mind|p1a: Lemonade\n|-boost|p1a: Lemonade|spa|1\n|-boost|p1a: Lemonade|spd|1\n|move|p2a: Talonflame|Air Slash|p1a: Lemonade\n|-damage|p1a: Lemonade|77\/100\n|\n|upkeep\n|turn|4\n|\n|t:|1700967046\n|switch|p2a: Togedemaru|Togedemaru, F|100\/100\n|move|p1a: Lemonade|Calm Mind|p1a: Lemonade\n|-boost|p1a: Lemonade|spa|1\n|-boost|p1a: Lemonade|spd|1\n|\n|upkeep\n|turn|5\n|\n|t:|1700967053\n|move|p2a: Togedemaru|Zing Zap|p1a: Lemonade\n|-damage|p1a: Lemonade|22\/100\n|-enditem|p1a: Lemonade|Aguav Berry|[eat]\n|-heal|p1a: Lemonade|55\/100|[from] item: Aguav Berry\n|cant|p1a: Lemonade|flinch\n|\n|upkeep\n|turn|6\n|\n|t:|1700967068\n|move|p2a: Togedemaru|Zing Zap|p1a: Lemonade\n|-damage|p1a: Lemonade|2\/100\n|move|p1a: Lemonade|Fire Blast|p2a: Togedemaru\n|-supereffective|p2a: Togedemaru\n|-ability|p2a: Togedemaru|Sturdy\n|-damage|p2a: Togedemaru|1\/100\n|\n|upkeep\n|turn|7\n|\n|t:|1700967089\n|switch|p1a: Kroko|Krookodile, M|100\/100\n|-ability|p1a: Kroko|Intimidate|boost\n|-unboost|p2a: Togedemaru|atk|1\n|move|p2a: Togedemaru|Zing Zap|p1a: Kroko\n|-immune|p1a: Kroko\n|\n|upkeep\n|turn|8\n|\n|t:|1700967098\n|move|p2a: Togedemaru|Zing Zap|p1a: Kroko\n|-immune|p1a: Kroko\n|move|p1a: Kroko|Knock Off|p2a: Togedemaru\n|-damage|p2a: Togedemaru|0 fnt\n|-enditem|p2a: Togedemaru|Choice Scarf|[from] move: Knock Off|[of] p1a: Kroko\n|faint|p2a: Togedemaru\n|\n|upkeep\n|\n|t:|1700967108\n|switch|p2a: Hydreigon|Hydreigon, M|100\/100\n|turn|9\n|\n|t:|1700967117\n|move|p2a: Hydreigon|Scale Shot|p1a: Kroko\n|-damage|p1a: Kroko|92\/100\n|-damage|p1a: Kroko|85\/100\n|-hitcount|p1a: Kroko|2\n|-unboost|p2a: Hydreigon|def|1\n|-boost|p2a: Hydreigon|spe|1\n|-enditem|p2a: Hydreigon|White Herb\n|-clearnegativeboost|p2a: Hydreigon|[silent]\n|move|p1a: Kroko|Outrage|p2a: Hydreigon\n|-supereffective|p2a: Hydreigon\n|-damage|p2a: Hydreigon|9\/100\n|\n|-heal|p1a: Kroko|91\/100|[from] item: Leftovers\n|upkeep\n|turn|10\n|\n|t:|1700967130\n|move|p2a: Hydreigon|Hydro Pump|p1a: Kroko\n|-supereffective|p1a: Kroko\n|-damage|p1a: Kroko|0 fnt\n|faint|p1a: Kroko\n|\n|upkeep\n|\n|t:|1700967138\n|switch|p1a: Courtesy Call|Audino, F|100\/100\n|turn|11\n|\n|t:|1700967157\n|move|p2a: Hydreigon|Dragon Pulse|p1a: Courtesy Call\n|-damage|p1a: Courtesy Call|71\/100\n|move|p1a: Courtesy Call|Yawn|p2a: Hydreigon\n|-start|p2a: Hydreigon|move: Yawn|[of] p1a: Courtesy Call\n|\n|-heal|p1a: Courtesy Call|77\/100|[from] item: Leftovers\n|upkeep\n|turn|12\n|\n|t:|1700967164\n|move|p2a: Hydreigon|Fire Blast|p1a: Courtesy Call|[miss]\n|-miss|p2a: Hydreigon|p1a: Courtesy Call\n|move|p1a: Courtesy Call|Calm Mind|p1a: Courtesy Call\n|-boost|p1a: Courtesy Call|spa|1\n|-boost|p1a: Courtesy Call|spd|1\n|\n|-heal|p1a: Courtesy Call|83\/100|[from] item: Leftovers\n|-end|p2a: Hydreigon|move: Yawn|[silent]\n|-status|p2a: Hydreigon|slp\n|upkeep\n|turn|13\n|\n|t:|1700967175\n|switch|p2a: Indeedee|Indeedee-F, F|100\/100\n|move|p1a: Courtesy Call|Calm Mind|p1a: Courtesy Call\n|-boost|p1a: Courtesy Call|spa|1\n|-boost|p1a: Courtesy Call|spd|1\n|\n|-heal|p1a: Courtesy Call|89\/100|[from] item: Leftovers\n|upkeep\n|turn|14\n|\n|t:|1700967184\n|move|p2a: Indeedee|Psychic|p1a: Courtesy Call\n|-damage|p1a: Courtesy Call|77\/100\n|move|p1a: Courtesy Call|Draining Kiss|p2a: Indeedee\n|-damage|p2a: Indeedee|90\/100\n|-heal|p1a: Courtesy Call|83\/100|[from] drain|[of] p2a: Indeedee\n|\n|-heal|p1a: Courtesy Call|89\/100|[from] item: Leftovers\n|upkeep\n|turn|15\n|\n|t:|1700967192\n|move|p2a: Indeedee|Mystical Fire|p1a: Courtesy Call\n|-damage|p1a: Courtesy Call|82\/100\n|-unboost|p1a: Courtesy Call|spa|1\n|move|p1a: Courtesy Call|Calm Mind|p1a: Courtesy Call\n|-boost|p1a: Courtesy Call|spa|1\n|-boost|p1a: Courtesy Call|spd|1\n|\n|-heal|p1a: Courtesy Call|88\/100|[from] item: Leftovers\n|upkeep\n|turn|16\n|\n|t:|1700967205\n|move|p2a: Indeedee|Mystical Fire|p1a: Courtesy Call\n|-damage|p1a: Courtesy Call|82\/100\n|-unboost|p1a: Courtesy Call|spa|1\n|move|p1a: Courtesy Call|Calm Mind|p1a: Courtesy Call\n|-boost|p1a: Courtesy Call|spa|1\n|-boost|p1a: Courtesy Call|spd|1\n|\n|-heal|p1a: Courtesy Call|88\/100|[from] item: Leftovers\n|upkeep\n|turn|17\n|\n|t:|1700967214\n|switch|p2a: Talonflame|Talonflame, M|100\/100\n|move|p1a: Courtesy Call|Calm Mind|p1a: Courtesy Call\n|-boost|p1a: Courtesy Call|spa|1\n|-boost|p1a: Courtesy Call|spd|1\n|\n|-heal|p1a: Courtesy Call|94\/100|[from] item: Leftovers\n|upkeep\n|turn|18\n|\n|t:|1700967226\n|move|p2a: Talonflame|Flamethrower|p1a: Courtesy Call\n|-damage|p1a: Courtesy Call|87\/100\n|move|p1a: Courtesy Call|Yawn|p2a: Talonflame\n|-start|p2a: Talonflame|move: Yawn|[of] p1a: Courtesy Call\n|\n|-heal|p1a: Courtesy Call|93\/100|[from] item: Leftovers\n|upkeep\n|turn|19\n|\n|t:|1700967233\n|move|p2a: Talonflame|Flamethrower|p1a: Courtesy Call\n|-damage|p1a: Courtesy Call|86\/100\n|move|p1a: Courtesy Call|Calm Mind|p1a: Courtesy Call\n|-boost|p1a: Courtesy Call|spa|1\n|-boost|p1a: Courtesy Call|spd|1\n|\n|-heal|p1a: Courtesy Call|92\/100|[from] item: Leftovers\n|-end|p2a: Talonflame|move: Yawn|[silent]\n|-message|Sleep Clause Mod activated.\n|-hint|Sleep Clause Mod prevents players from putting more than one of their opponent's Pok\u00e9mon to sleep at a time\n|upkeep\n|turn|20\n|\n|t:|1700967243\n|move|p2a: Talonflame|Flamethrower|p1a: Courtesy Call\n|-damage|p1a: Courtesy Call|86\/100\n|move|p1a: Courtesy Call|Draining Kiss|p2a: Talonflame\n|-resisted|p2a: Talonflame\n|-damage|p2a: Talonflame|83\/100\n|-heal|p1a: Courtesy Call|96\/100|[from] drain|[of] p2a: Talonflame\n|\n|-heal|p1a: Courtesy Call|100\/100|[from] item: Leftovers\n|upkeep\n|turn|21\n|\n|t:|1700967260\n|move|p2a: Talonflame|Flamethrower|p1a: Courtesy Call\n|-damage|p1a: Courtesy Call|94\/100\n|move|p1a: Courtesy Call|Draining Kiss|p2a: Talonflame\n|-resisted|p2a: Talonflame\n|-damage|p2a: Talonflame|66\/100\n|-heal|p1a: Courtesy Call|100\/100|[from] drain|[of] p2a: Talonflame\n|\n|upkeep\n|turn|22\n|\n|t:|1700967272\n|move|p2a: Talonflame|Flamethrower|p1a: Courtesy Call\n|-damage|p1a: Courtesy Call|94\/100\n|move|p1a: Courtesy Call|Draining Kiss|p2a: Talonflame\n|-resisted|p2a: Talonflame\n|-damage|p2a: Talonflame|50\/100\n|-heal|p1a: Courtesy Call|100\/100|[from] drain|[of] p2a: Talonflame\n|\n|upkeep\n|turn|23\n|\n|t:|1700967287\n|move|p2a: Talonflame|Flamethrower|p1a: Courtesy Call\n|-damage|p1a: Courtesy Call|94\/100\n|move|p1a: Courtesy Call|Draining Kiss|p2a: Talonflame\n|-resisted|p2a: Talonflame\n|-damage|p2a: Talonflame|32\/100\n|-heal|p1a: Courtesy Call|100\/100|[from] drain|[of] p2a: Talonflame\n|\n|upkeep\n|turn|24\n|\n|t:|1700967295\n|move|p2a: Talonflame|Flamethrower|p1a: Courtesy Call\n|-damage|p1a: Courtesy Call|95\/100\n|move|p1a: Courtesy Call|Draining Kiss|p2a: Talonflame\n|-resisted|p2a: Talonflame\n|-damage|p2a: Talonflame|13\/100\n|-heal|p1a: Courtesy Call|100\/100|[from] drain|[of] p2a: Talonflame\n|\n|upkeep\n|turn|25\n|\n|t:|1700967302\n|move|p2a: Talonflame|Flamethrower|p1a: Courtesy Call\n|-damage|p1a: Courtesy Call|95\/100\n|move|p1a: Courtesy Call|Draining Kiss|p2a: Talonflame\n|-resisted|p2a: Talonflame\n|-damage|p2a: Talonflame|0 fnt\n|-heal|p1a: Courtesy Call|100\/100|[from] drain|[of] p2a: Talonflame\n|faint|p2a: Talonflame\n|\n|upkeep\n|\n|t:|1700967312\n|switch|p2a: Jellicent|Jellicent, F|100\/100\n|turn|26\n|\n|t:|1700967321\n|move|p2a: Jellicent|Sludge Wave|p1a: Courtesy Call\n|-damage|p1a: Courtesy Call|96\/100\n|move|p1a: Courtesy Call|Yawn|p2a: Jellicent\n|-start|p2a: Jellicent|move: Yawn|[of] p1a: Courtesy Call\n|\n|-heal|p1a: Courtesy Call|100\/100|[from] item: Leftovers\n|upkeep\n|turn|27\n|\n|t:|1700967329\n|move|p2a: Jellicent|Sludge Wave|p1a: Courtesy Call\n|-damage|p1a: Courtesy Call|96\/100\n|move|p1a: Courtesy Call|Draining Kiss|p2a: Jellicent\n|-damage|p2a: Jellicent|82\/100\n|-heal|p1a: Courtesy Call|100\/100|[from] drain|[of] p2a: Jellicent\n|\n|-heal|p2a: Jellicent|88\/100|[from] item: Leftovers\n|-end|p2a: Jellicent|move: Yawn|[silent]\n|-message|Sleep Clause Mod activated.\n|-hint|Sleep Clause Mod prevents players from putting more than one of their opponent's Pok\u00e9mon to sleep at a time\n|upkeep\n|turn|28\n|\n|t:|1700967339\n|move|p2a: Jellicent|Sludge Wave|p1a: Courtesy Call\n|-damage|p1a: Courtesy Call|95\/100\n|move|p1a: Courtesy Call|Draining Kiss|p2a: Jellicent\n|-damage|p2a: Jellicent|70\/100\n|-heal|p1a: Courtesy Call|100\/100|[from] drain|[of] p2a: Jellicent\n|\n|-heal|p2a: Jellicent|76\/100|[from] item: Leftovers\n|upkeep\n|turn|29\n|\n|t:|1700967361\n|move|p2a: Jellicent|Sludge Wave|p1a: Courtesy Call\n|-damage|p1a: Courtesy Call|96\/100\n|move|p1a: Courtesy Call|Draining Kiss|p2a: Jellicent\n|-damage|p2a: Jellicent|57\/100\n|-heal|p1a: Courtesy Call|100\/100|[from] drain|[of] p2a: Jellicent\n|\n|-heal|p2a: Jellicent|64\/100|[from] item: Leftovers\n|upkeep\n|turn|30\n|\n|t:|1700967380\n|move|p2a: Jellicent|Sludge Wave|p1a: Courtesy Call\n|-damage|p1a: Courtesy Call|96\/100\n|move|p1a: Courtesy Call|Calm Mind|p1a: Courtesy Call\n|-boost|p1a: Courtesy Call|spa|1\n|-boost|p1a: Courtesy Call|spd|0\n|\n|-heal|p2a: Jellicent|70\/100|[from] item: Leftovers\n|-heal|p1a: Courtesy Call|100\/100|[from] item: Leftovers\n|upkeep\n|turn|31\n|\n|t:|1700967388\n|move|p2a: Jellicent|Sludge Wave|p1a: Courtesy Call\n|-damage|p1a: Courtesy Call|95\/100\n|-status|p1a: Courtesy Call|psn\n|move|p1a: Courtesy Call|Draining Kiss|p2a: Jellicent\n|-damage|p2a: Jellicent|48\/100\n|-heal|p1a: Courtesy Call|100\/100 psn|[from] drain|[of] p2a: Jellicent\n|\n|-heal|p2a: Jellicent|54\/100|[from] item: Leftovers\n|-damage|p1a: Courtesy Call|88\/100 psn|[from] psn\n|upkeep\n|turn|32\n|\n|t:|1700967400\n|move|p2a: Jellicent|Giga Drain|p1a: Courtesy Call\n|-damage|p1a: Courtesy Call|85\/100 psn\n|-heal|p2a: Jellicent|56\/100|[from] drain|[of] p1a: Courtesy Call\n|move|p1a: Courtesy Call|Draining Kiss|p2a: Jellicent\n|-damage|p2a: Jellicent|35\/100\n|-heal|p1a: Courtesy Call|99\/100 psn|[from] drain|[of] p2a: Jellicent\n|-start|p1a: Courtesy Call|Disable|Draining Kiss|[from] ability: Cursed Body|[of] p2a: Jellicent\n|\n|-heal|p2a: Jellicent|42\/100|[from] item: Leftovers\n|-heal|p1a: Courtesy Call|100\/100 psn|[from] item: Leftovers\n|-damage|p1a: Courtesy Call|88\/100 psn|[from] psn\n|upkeep\n|turn|33\n|\n|t:|1700967415\n|switch|p2a: Hydreigon|Hydreigon, M|9\/100 slp\n|move|p1a: Courtesy Call|Light Screen|p1a: Courtesy Call\n|-sidestart|p1: GlaDosDOs|move: Light Screen\n|\n|-heal|p1a: Courtesy Call|94\/100 psn|[from] item: Leftovers\n|-damage|p1a: Courtesy Call|82\/100 psn|[from] psn\n|upkeep\n|turn|34\n|\n|t:|1700967423\n|cant|p2a: Hydreigon|slp\n|move|p1a: Courtesy Call|Calm Mind|p1a: Courtesy Call\n|-boost|p1a: Courtesy Call|spa|1\n|-boost|p1a: Courtesy Call|spd|0\n|\n|-heal|p1a: Courtesy Call|88\/100 psn|[from] item: Leftovers\n|-damage|p1a: Courtesy Call|75\/100 psn|[from] psn\n|upkeep\n|turn|35\n|\n|t:|1700967440\n|cant|p2a: Hydreigon|slp\n|move|p1a: Courtesy Call|Yawn||[still]\n|-fail|p1a: Courtesy Call\n|\n|-heal|p1a: Courtesy Call|81\/100 psn|[from] item: Leftovers\n|-damage|p1a: Courtesy Call|69\/100 psn|[from] psn\n|-end|p1a: Courtesy Call|Disable\n|upkeep\n|turn|36\n|\n|t:|1700967448\n|cant|p2a: Hydreigon|slp\n|move|p1a: Courtesy Call|Draining Kiss|p2a: Hydreigon\n|-supereffective|p2a: Hydreigon\n|-damage|p2a: Hydreigon|0 fnt\n|-heal|p1a: Courtesy Call|74\/100 psn|[from] drain|[of] p2a: Hydreigon\n|faint|p2a: Hydreigon\n|\n|-heal|p1a: Courtesy Call|80\/100 psn|[from] item: Leftovers\n|-damage|p1a: Courtesy Call|68\/100 psn|[from] psn\n|upkeep\n|-message|Agricultural X-ray forfeited.\n|\n|win|GlaDosDOs\n|raw|GlaDosDOs's rating: 1083 &rarr; <strong>1112<\/strong><br \/>(+29 for winning)\n|raw|Agricultural X-ray's rating: 1107 &rarr; <strong>1080<\/strong><br \/>(-27 for losing)\n|l|\u2606Agricultural X-ray\n","uploadtime":1700967460,"views":16,"p1id":"gladosdos","p2id":"agriculturalxray","formatid":"gen9nationaldex","rating":1080,"private":0,"password":""}