{"id":"gen9nationaldex-1987942351","p1":"Ricardo2221","p2":"ManuKun","format":"[Gen 9] National Dex","log":"|j|\u2606Ricardo2221\n|j|\u2606ManuKun\n|t:|1699651490\n|gametype|singles\n|player|p1|Ricardo2221|benga|\n|player|p2|ManuKun|palmer|\n|teamsize|p1|6\n|teamsize|p2|6\n|gen|9\n|tier|[Gen 9] National Dex\n|rule|HP Percentage Mod: HP is shown in percentages\n|rule|Endless Battle Clause: Forcing endless battles is banned\n|rule|OHKO Clause: OHKO moves are banned\n|rule|Evasion Clause: Evasion abilities, items, and moves are banned\n|rule|Evasion Abilities Clause: Evasion abilities are banned\n|rule|Evasion Items Clause: Evasion items are banned\n|rule|Evasion Moves Clause: Evasion moves are banned\n|rule|Species Clause: Limit one of each Pok\u00e9mon\n|rule|Sleep Clause Mod: Limit one foe put to sleep\n|clearpoke\n|poke|p1|Haxorus, F|\n|poke|p1|Corviknight, M|\n|poke|p1|Dipplin, F|\n|poke|p1|Celesteela|\n|poke|p1|Heatran, M|\n|poke|p1|Regidrago|\n|poke|p2|Lilligant-Hisui, F|\n|poke|p2|Torkoal, F|\n|poke|p2|Rotom-Wash|\n|poke|p2|Garchomp, F|\n|poke|p2|Charizard, F|\n|poke|p2|Komala, M|\n|teampreview\n|inactive|Battle timer is ON: inactive players will automatically lose when time's up. (requested by Ricardo2221)\n|inactive|Ricardo2221 has 270 seconds left.\n|j| Frmojifrmoji\n|l| Frmojifrmoji\n|\n|t:|1699651545\n|start\n|switch|p1a: Regidrago|Regidrago|100\/100\n|switch|p2a: Torkoal|Torkoal, F|100\/100\n|-weather|SunnyDay|[from] ability: Drought|[of] p2a: Torkoal\n|turn|1\n|\n|t:|1699651551\n|move|p1a: Regidrago|Ancient Power|p2a: Torkoal\n|-supereffective|p2a: Torkoal\n|-damage|p2a: Torkoal|57\/100\n|move|p2a: Torkoal|Rapid Spin|p1a: Regidrago\n|-damage|p1a: Regidrago|90\/100\n|-boost|p2a: Torkoal|spe|1\n|\n|-weather|SunnyDay|[upkeep]\n|upkeep\n|turn|2\n|\n|t:|1699651560\n|move|p1a: Regidrago|Ancient Power|p2a: Torkoal\n|-supereffective|p2a: Torkoal\n|-damage|p2a: Torkoal|14\/100\n|move|p2a: Torkoal|Stealth Rock|p1a: Regidrago\n|-sidestart|p1: Ricardo2221|move: Stealth Rock\n|\n|-weather|SunnyDay|[upkeep]\n|upkeep\n|turn|3\n|\n|t:|1699651572\n|move|p1a: Regidrago|Ancient Power|p2a: Torkoal\n|-supereffective|p2a: Torkoal\n|-damage|p2a: Torkoal|0 fnt\n|faint|p2a: Torkoal\n|\n|-weather|SunnyDay|[upkeep]\n|upkeep\n|\n|t:|1699651575\n|switch|p2a: Lilligant|Lilligant-Hisui, F|100\/100\n|turn|4\n|\n|t:|1699651585\n|switch|p1a: Corviknight|Corviknight, M|100\/100\n|-damage|p1a: Corviknight|88\/100|[from] Stealth Rock\n|-ability|p1a: Corviknight|Pressure\n|move|p2a: Lilligant|Ice Spinner|p1a: Corviknight\n|-damage|p1a: Corviknight|64\/100\n|-damage|p2a: Lilligant|84\/100|[from] item: Rocky Helmet|[of] p1a: Corviknight\n|-damage|p2a: Lilligant|74\/100|[from] item: Life Orb\n|\n|-weather|SunnyDay|[upkeep]\n|upkeep\n|turn|5\n|\n|t:|1699651594\n|move|p2a: Lilligant|Victory Dance|p2a: Lilligant\n|-boost|p2a: Lilligant|atk|1\n|-boost|p2a: Lilligant|def|1\n|-boost|p2a: Lilligant|spe|1\n|move|p1a: Corviknight|Defog|p2a: Lilligant\n|-unboost|p2a: Lilligant|evasion|1\n|-sideend|p1: Ricardo2221|Stealth Rock|[from] move: Defog|[of] p1a: Corviknight\n|\n|-weather|SunnyDay|[upkeep]\n|upkeep\n|turn|6\n|\n|t:|1699651599\n|move|p2a: Lilligant|Victory Dance|p2a: Lilligant\n|-boost|p2a: Lilligant|atk|1\n|-boost|p2a: Lilligant|def|1\n|-boost|p2a: Lilligant|spe|1\n|move|p1a: Corviknight|Iron Defense|p1a: Corviknight\n|-boost|p1a: Corviknight|def|2\n|\n|-weather|SunnyDay|[upkeep]\n|upkeep\n|turn|7\n|\n|t:|1699651602\n|move|p2a: Lilligant|Axe Kick|p1a: Corviknight\n|-damage|p1a: Corviknight|6\/100\n|-damage|p2a: Lilligant|58\/100|[from] item: Rocky Helmet|[of] p1a: Corviknight\n|-damage|p2a: Lilligant|48\/100|[from] item: Life Orb\n|move|p1a: Corviknight|Roost|p1a: Corviknight\n|-heal|p1a: Corviknight|56\/100\n|-singleturn|p1a: Corviknight|move: Roost\n|\n|-weather|SunnyDay|[upkeep]\n|upkeep\n|turn|8\n|\n|t:|1699651617\n|move|p2a: Lilligant|Victory Dance|p2a: Lilligant\n|-boost|p2a: Lilligant|atk|1\n|-boost|p2a: Lilligant|def|1\n|-boost|p2a: Lilligant|spe|1\n|move|p1a: Corviknight|Roost|p1a: Corviknight\n|-heal|p1a: Corviknight|100\/100\n|-singleturn|p1a: Corviknight|move: Roost\n|\n|-weather|none\n|upkeep\n|turn|9\n|\n|t:|1699651620\n|move|p2a: Lilligant|Axe Kick|p1a: Corviknight\n|-damage|p1a: Corviknight|31\/100\n|-damage|p2a: Lilligant|31\/100|[from] item: Rocky Helmet|[of] p1a: Corviknight\n|-damage|p2a: Lilligant|21\/100|[from] item: Life Orb\n|move|p1a: Corviknight|Iron Defense|p1a: Corviknight\n|-boost|p1a: Corviknight|def|2\n|\n|upkeep\n|turn|10\n|\n|t:|1699651625\n|move|p2a: Lilligant|Axe Kick|p1a: Corviknight\n|-damage|p1a: Corviknight|0 fnt\n|-damage|p2a: Lilligant|5\/100|[from] item: Rocky Helmet|[of] p1a: Corviknight\n|faint|p1a: Corviknight\n|-damage|p2a: Lilligant|0 fnt|[from] item: Life Orb\n|faint|p2a: Lilligant\n|\n|upkeep\n|\n|t:|1699651633\n|switch|p2a: Garchomp|Garchomp, F|100\/100\n|switch|p1a: Regidrago|Regidrago|90\/100\n|turn|11\n|\n|t:|1699651638\n|-terastallize|p2a: Garchomp|Fairy\n|move|p1a: Regidrago|Dragon Energy|p2a: Garchomp\n|-immune|p2a: Garchomp\n|move|p2a: Garchomp|Scale Shot|p1a: Regidrago\n|-supereffective|p1a: Regidrago\n|-damage|p1a: Regidrago|63\/100\n|-supereffective|p1a: Regidrago\n|-damage|p1a: Regidrago|36\/100\n|-supereffective|p1a: Regidrago\n|-damage|p1a: Regidrago|6\/100\n|-supereffective|p1a: Regidrago\n|-damage|p1a: Regidrago|0 fnt\n|faint|p1a: Regidrago\n|-hitcount|p1: Regidrago|4\n|-unboost|p2a: Garchomp|def|1\n|-boost|p2a: Garchomp|spe|1\n|\n|upkeep\n|\n|t:|1699651643\n|switch|p1a: Heatran|Heatran, M|100\/100\n|-item|p1a: Heatran|Air Balloon\n|turn|12\n|\n|t:|1699651654\n|move|p2a: Garchomp|Scale Shot|p1a: Heatran\n|-resisted|p1a: Heatran\n|-damage|p1a: Heatran|96\/100\n|-enditem|p1a: Heatran|Air Balloon\n|-resisted|p1a: Heatran\n|-damage|p1a: Heatran|91\/100\n|-resisted|p1a: Heatran\n|-damage|p1a: Heatran|86\/100\n|-hitcount|p1a: Heatran|3\n|-unboost|p2a: Garchomp|def|1\n|-boost|p2a: Garchomp|spe|1\n|move|p1a: Heatran|Stealth Rock|p2a: Garchomp\n|-sidestart|p2: ManuKun|move: Stealth Rock\n|\n|upkeep\n|turn|13\n|\n|t:|1699651667\n|move|p2a: Garchomp|Swords Dance|p2a: Garchomp\n|-boost|p2a: Garchomp|atk|2\n|move|p1a: Heatran|Flash Cannon|p2a: Garchomp\n|-supereffective|p2a: Garchomp\n|-damage|p2a: Garchomp|6\/100\n|\n|upkeep\n|turn|14\n|\n|t:|1699651676\n|move|p2a: Garchomp|Earthquake|p1a: Heatran\n|-supereffective|p1a: Heatran\n|-damage|p1a: Heatran|0 fnt\n|faint|p1a: Heatran\n|\n|upkeep\n|\n|t:|1699651679\n|switch|p1a: Celesteela|Celesteela|100\/100\n|turn|15\n|\n|t:|1699651683\n|move|p2a: Garchomp|Scale Shot|p1a: Celesteela|[miss]\n|-miss|p2a: Garchomp|p1a: Celesteela\n|move|p1a: Celesteela|Flash Cannon|p2a: Garchomp\n|-supereffective|p2a: Garchomp\n|-damage|p2a: Garchomp|0 fnt\n|faint|p2a: Garchomp\n|-ability|p1a: Celesteela|Beast Boost|boost\n|-boost|p1a: Celesteela|def|1\n|\n|upkeep\n|\n|t:|1699651688\n|switch|p2a: Charizard|Charizard, F|100\/100\n|-damage|p2a: Charizard|51\/100|[from] Stealth Rock\n|turn|16\n|\n|t:|1699651692\n|detailschange|p2a: Charizard|Charizard-Mega-Y, F\n|-mega|p2a: Charizard|Charizard|Charizardite Y\n|-weather|SunnyDay|[from] ability: Drought|[of] p2a: Charizard\n|move|p2a: Charizard|Weather Ball|p1a: Celesteela\n|-supereffective|p1a: Celesteela\n|-damage|p1a: Celesteela|0 fnt\n|faint|p1a: Celesteela\n|\n|-weather|SunnyDay|[upkeep]\n|upkeep\n|\n|t:|1699651696\n|switch|p1a: Haxorus|Haxorus, F|100\/100\n|-ability|p1a: Haxorus|Mold Breaker\n|turn|17\n|\n|t:|1699651701\n|move|p2a: Charizard|Weather Ball|p1a: Haxorus\n|-resisted|p1a: Haxorus\n|-damage|p1a: Haxorus|32\/100\n|move|p1a: Haxorus|Dragon Dance|p1a: Haxorus\n|-boost|p1a: Haxorus|atk|1\n|-boost|p1a: Haxorus|spe|1\n|\n|-weather|SunnyDay|[upkeep]\n|upkeep\n|turn|18\n|\n|t:|1699651708\n|move|p1a: Haxorus|Outrage|p2a: Charizard\n|-damage|p2a: Charizard|0 fnt\n|faint|p2a: Charizard\n|-damage|p1a: Haxorus|22\/100|[from] item: Life Orb\n|\n|-weather|SunnyDay|[upkeep]\n|upkeep\n|\n|t:|1699651711\n|switch|p2a: Rotom|Rotom-Wash|100\/100\n|-damage|p2a: Rotom|88\/100|[from] Stealth Rock\n|turn|19\n|\n|t:|1699651714\n|move|p1a: Haxorus|Outrage|p2a: Rotom|[from]lockedmove\n|-damage|p2a: Rotom|0 fnt\n|faint|p2a: Rotom\n|-damage|p1a: Haxorus|12\/100|[from] item: Life Orb\n|\n|-weather|SunnyDay|[upkeep]\n|upkeep\n|\n|t:|1699651718\n|switch|p2a: Komala|Komala, M|100\/100\n|-damage|p2a: Komala|88\/100|[from] Stealth Rock\n|-ability|p2a: Komala|Comatose\n|turn|20\n|\n|t:|1699651721\n|move|p1a: Haxorus|Outrage|p2a: Komala|[from]lockedmove\n|-damage|p2a: Komala|0 fnt\n|faint|p2a: Komala\n|-damage|p1a: Haxorus|2\/100|[from] item: Life Orb\n|-start|p1a: Haxorus|confusion|[fatigue]\n|\n|win|Ricardo2221\n","uploadtime":1699651726,"views":16,"p1id":"ricardo2221","p2id":"manukun","formatid":"gen9nationaldex","rating":0,"private":0,"password":""}