{"id":"gen9nationaldex-1998255803","p1":"BiuJJ","p2":"Atkcc","format":"[Gen 9] National Dex","log":"|html|<div class=\"broadcast-blue\"><strong>[Gen 9] National Dex is currently suspecting Sneasler! For information on how to participate check out the <a href=\"https:\/\/www.smogon.com\/forums\/threads\/sv-national-dex-suspect-8-just-dance.3731534\/\">suspect thread<\/a>.<\/strong><\/div>\n|j|\u2606BiuJJ\n|j|\u2606Atkcc\n|t:|1700920653\n|gametype|singles\n|player|p1|BiuJJ|169|1399\n|player|p2|Atkcc|dawn|1353\n|teamsize|p1|6\n|teamsize|p2|6\n|gen|9\n|tier|[Gen 9] National Dex\n|rated|\n|rule|HP Percentage Mod: HP is shown in percentages\n|rule|Endless Battle Clause: Forcing endless battles is banned\n|rule|OHKO Clause: OHKO moves are banned\n|rule|Evasion Clause: Evasion abilities, items, and moves are banned\n|rule|Evasion Abilities Clause: Evasion abilities are banned\n|rule|Evasion Items Clause: Evasion items are banned\n|rule|Evasion Moves Clause: Evasion moves are banned\n|rule|Species Clause: Limit one of each Pok\u00e9mon\n|rule|Sleep Clause Mod: Limit one foe put to sleep\n|clearpoke\n|poke|p1|Tapu Koko|\n|poke|p1|Iron Valiant|\n|poke|p1|Serperior, M|\n|poke|p1|Raichu-Alola, M|\n|poke|p1|Garchomp, F|\n|poke|p1|Iron Treads|\n|poke|p2|Ninetales-Alola, F|\n|poke|p2|Rillaboom, M|\n|poke|p2|Sneasler, F|\n|poke|p2|Hatterene, F|\n|poke|p2|Sinistcha|\n|poke|p2|Great Tusk|\n|teampreview\n|inactive|Battle timer is ON: inactive players will automatically lose when time's up. (requested by BiuJJ)\n|\n|t:|1700920663\n|start\n|switch|p1a: Tapu Koko|Tapu Koko|100\/100\n|switch|p2a: Ninetales|Ninetales-Alola, F|100\/100\n|-fieldstart|move: Electric Terrain|[from] ability: Electric Surge|[of] p1a: Tapu Koko\n|-weather|Snow|[from] ability: Snow Warning|[of] p2a: Ninetales\n|turn|1\n|\n|t:|1700920674\n|move|p1a: Tapu Koko|Taunt|p2a: Ninetales\n|-start|p2a: Ninetales|move: Taunt\n|cant|p2a: Ninetales|move: Taunt|Aurora Veil\n|\n|-weather|Snow|[upkeep]\n|upkeep\n|turn|2\n|\n|t:|1700920690\n|switch|p2a: Rillaboom|Rillaboom, M|100\/100\n|-fieldstart|move: Grassy Terrain|[from] ability: Grassy Surge|[of] p2a: Rillaboom\n|move|p1a: Tapu Koko|Light Screen|p1a: Tapu Koko\n|-sidestart|p1: BiuJJ|move: Light Screen\n|\n|-weather|Snow|[upkeep]\n|upkeep\n|turn|3\n|\n|t:|1700920700\n|switch|p2a: Hatterene|Hatterene, F|100\/100\n|-enditem|p2a: Hatterene|Grassy Seed\n|-boost|p2a: Hatterene|def|1|[from] item: Grassy Seed\n|move|p1a: Tapu Koko|Reflect|p1a: Tapu Koko\n|-sidestart|p1: BiuJJ|Reflect\n|\n|-weather|Snow|[upkeep]\n|upkeep\n|turn|4\n|\n|t:|1700920709\n|move|p1a: Tapu Koko|U-turn|p2a: Hatterene\n|-damage|p2a: Hatterene|90\/100\n|\n|t:|1700920711\n|switch|p1a: Iron Treads|Iron Treads|100\/100|[from] U-turn\n|-enditem|p1a: Iron Treads|Booster Energy\n|-activate|p1a: Iron Treads|ability: Quark Drive|[fromitem]\n|-start|p1a: Iron Treads|quarkdrivespe\n|move|p2a: Hatterene|Calm Mind|p2a: Hatterene\n|-boost|p2a: Hatterene|spa|1\n|-boost|p2a: Hatterene|spd|1\n|\n|-weather|Snow|[upkeep]\n|-heal|p2a: Hatterene|96\/100|[from] Grassy Terrain\n|upkeep\n|turn|5\n|\n|t:|1700920728\n|-terastallize|p2a: Hatterene|Ghost\n|move|p1a: Iron Treads|Steel Beam|p2a: Hatterene\n|-damage|p2a: Hatterene|64\/100\n|-damage|p1a: Iron Treads|50\/100|[from] steelbeam\n|move|p2a: Hatterene|Calm Mind|p2a: Hatterene\n|-boost|p2a: Hatterene|spa|1\n|-boost|p2a: Hatterene|spd|1\n|\n|-weather|none\n|-heal|p1a: Iron Treads|57\/100|[from] Grassy Terrain\n|-heal|p2a: Hatterene|70\/100|[from] Grassy Terrain\n|upkeep\n|turn|6\n|\n|t:|1700920754\n|move|p1a: Iron Treads|Steel Beam|p2a: Hatterene\n|-damage|p2a: Hatterene|43\/100\n|-damage|p1a: Iron Treads|6\/100|[from] steelbeam\n|move|p2a: Hatterene|Calm Mind|p2a: Hatterene\n|-boost|p2a: Hatterene|spa|1\n|-boost|p2a: Hatterene|spd|1\n|\n|-heal|p1a: Iron Treads|13\/100|[from] Grassy Terrain\n|-heal|p2a: Hatterene|49\/100|[from] Grassy Terrain\n|upkeep\n|turn|7\n|\n|t:|1700920769\n|move|p1a: Iron Treads|Steel Beam|p2a: Hatterene\n|-damage|p2a: Hatterene|26\/100\n|-damage|p1a: Iron Treads|0 fnt|[from] steelbeam\n|faint|p1a: Iron Treads\n|-end|p1a: Iron Treads|Quark Drive|[silent]\n|move|p2a: Hatterene|Draining Kiss|p1: Iron Treads|[notarget]\n|-fail|p2a: Hatterene\n|\n|-heal|p2a: Hatterene|32\/100|[from] Grassy Terrain\n|upkeep\n|\n|t:|1700920779\n|switch|p1a: Iron Valiant|Iron Valiant|100\/100\n|turn|8\n|\n|t:|1700920788\n|-zpower|p1a: Iron Valiant\n|move|p1a: Iron Valiant|Twinkle Tackle|p2a: Hatterene|[zeffect]\n|-damage|p2a: Hatterene|0 fnt\n|faint|p2a: Hatterene\n|\n|upkeep\n|\n|t:|1700920797\n|switch|p2a: Sinistcha|Sinistcha|100\/100\n|-enditem|p2a: Sinistcha|Grassy Seed\n|-boost|p2a: Sinistcha|def|1|[from] item: Grassy Seed\n|turn|9\n|\n|t:|1700920807\n|-end|p1a: Iron Valiant|Quark Drive|[silent]\n|switch|p1a: Tapu Koko|Tapu Koko|100\/100\n|-fieldstart|move: Electric Terrain|[from] ability: Electric Surge|[of] p1a: Tapu Koko\n|move|p2a: Sinistcha|Calm Mind|p2a: Sinistcha\n|-boost|p2a: Sinistcha|spa|1\n|-boost|p2a: Sinistcha|spd|1\n|\n|-sideend|p1: BiuJJ|move: Light Screen\n|upkeep\n|turn|10\n|\n|t:|1700920821\n|move|p1a: Tapu Koko|Taunt|p2a: Sinistcha\n|-start|p2a: Sinistcha|move: Taunt\n|move|p2a: Sinistcha|Matcha Gotcha|p1a: Tapu Koko\n|-damage|p1a: Tapu Koko|38\/100\n|\n|-sideend|p1: BiuJJ|Reflect\n|upkeep\n|turn|11\n|\n|t:|1700920834\n|move|p1a: Tapu Koko|Light Screen|p1a: Tapu Koko\n|-sidestart|p1: BiuJJ|move: Light Screen\n|move|p2a: Sinistcha|Shadow Ball|p1a: Tapu Koko\n|-damage|p1a: Tapu Koko|4\/100\n|\n|upkeep\n|turn|12\n|\n|t:|1700920843\n|move|p1a: Tapu Koko|U-turn|p2a: Sinistcha\n|-damage|p2a: Sinistcha|93\/100\n|\n|t:|1700920845\n|switch|p1a: Garchomp|Garchomp, F|100\/100|[from] U-turn\n|move|p2a: Sinistcha|Shadow Ball|p1a: Garchomp\n|-damage|p1a: Garchomp|76\/100\n|\n|-end|p2a: Sinistcha|move: Taunt\n|upkeep\n|turn|13\n|\n|t:|1700920857\n|detailschange|p1a: Garchomp|Garchomp-Mega, F\n|-mega|p1a: Garchomp|Garchomp|Garchompite\n|move|p1a: Garchomp|Swords Dance|p1a: Garchomp\n|-boost|p1a: Garchomp|atk|2\n|move|p2a: Sinistcha|Strength Sap|p1a: Garchomp\n|-unboost|p1a: Garchomp|atk|1\n|-heal|p2a: Sinistcha|100\/100\n|\n|-fieldend|move: Electric Terrain\n|upkeep\n|turn|14\n|\n|t:|1700920881\n|move|p1a: Garchomp|Swords Dance|p1a: Garchomp\n|-boost|p1a: Garchomp|atk|2\n|move|p2a: Sinistcha|Calm Mind|p2a: Sinistcha\n|-boost|p2a: Sinistcha|spa|1\n|-boost|p2a: Sinistcha|spd|1\n|\n|upkeep\n|turn|15\n|\n|t:|1700920893\n|move|p1a: Garchomp|Earthquake|p2a: Sinistcha\n|-resisted|p2a: Sinistcha\n|-damage|p2a: Sinistcha|62\/100\n|move|p2a: Sinistcha|Matcha Gotcha|p1a: Garchomp\n|-damage|p1a: Garchomp|47\/100\n|-heal|p2a: Sinistcha|77\/100|[from] drain|[of] p1a: Garchomp\n|\n|upkeep\n|turn|16\n|\n|t:|1700920904\n|move|p1a: Garchomp|Scale Shot|p2a: Sinistcha\n|-damage|p2a: Sinistcha|58\/100\n|-damage|p2a: Sinistcha|39\/100\n|-damage|p2a: Sinistcha|19\/100\n|-damage|p2a: Sinistcha|1\/100\n|-hitcount|p2a: Sinistcha|4\n|-unboost|p1a: Garchomp|def|1\n|-boost|p1a: Garchomp|spe|1\n|move|p2a: Sinistcha|Strength Sap|p1a: Garchomp\n|-unboost|p1a: Garchomp|atk|1\n|-heal|p2a: Sinistcha|100\/100\n|\n|upkeep\n|turn|17\n|\n|t:|1700920923\n|move|p1a: Garchomp|Swords Dance|p1a: Garchomp\n|-boost|p1a: Garchomp|atk|2\n|move|p2a: Sinistcha|Strength Sap|p1a: Garchomp\n|-unboost|p1a: Garchomp|atk|1\n|\n|upkeep\n|turn|18\n|\n|t:|1700920936\n|move|p1a: Garchomp|Fire Fang|p2a: Sinistcha\n|-supereffective|p2a: Sinistcha\n|-damage|p2a: Sinistcha|68\/100\n|move|p2a: Sinistcha|Strength Sap|p1a: Garchomp\n|-unboost|p1a: Garchomp|atk|1\n|-heal|p2a: Sinistcha|100\/100\n|\n|-sideend|p1: BiuJJ|move: Light Screen\n|upkeep\n|turn|19\n|\n|t:|1700920951\n|move|p1a: Garchomp|Swords Dance|p1a: Garchomp\n|-boost|p1a: Garchomp|atk|2\n|move|p2a: Sinistcha|Matcha Gotcha|p1a: Garchomp\n|-damage|p1a: Garchomp|0 fnt\n|faint|p1a: Garchomp\n|\n|upkeep\n|\n|t:|1700920958\n|switch|p1a: Raichu|Raichu-Alola, M|100\/100\n|turn|20\n|\n|t:|1700920966\n|-terastallize|p1a: Raichu|Ice\n|move|p1a: Raichu|Tera Blast|p2a: Sinistcha|[anim] Tera Blast Ice\n|-supereffective|p2a: Sinistcha\n|-damage|p2a: Sinistcha|55\/100\n|move|p2a: Sinistcha|Shadow Ball|p1a: Raichu\n|-damage|p1a: Raichu|0 fnt\n|faint|p1a: Raichu\n|\n|upkeep\n|\n|t:|1700920974\n|switch|p1a: Serperior|Serperior, M|100\/100\n|turn|21\n|\n|t:|1700920981\n|move|p1a: Serperior|Leaf Storm|p2a: Sinistcha\n|-resisted|p2a: Sinistcha\n|-damage|p2a: Sinistcha|46\/100\n|-boost|p1a: Serperior|spa|2\n|move|p2a: Sinistcha|Shadow Ball|p1a: Serperior\n|-damage|p1a: Serperior|31\/100\n|\n|upkeep\n|turn|22\n|\n|t:|1700920999\n|move|p1a: Serperior|Hidden Power|p2a: Sinistcha\n|-supereffective|p2a: Sinistcha\n|-damage|p2a: Sinistcha|33\/100\n|move|p2a: Sinistcha|Shadow Ball|p1a: Serperior\n|-damage|p1a: Serperior|0 fnt\n|faint|p1a: Serperior\n|\n|upkeep\n|\n|t:|1700921003\n|switch|p1a: Iron Valiant|Iron Valiant|100\/100\n|turn|23\n|\n|t:|1700921010\n|move|p1a: Iron Valiant|Spirit Break|p2a: Sinistcha\n|-damage|p2a: Sinistcha|15\/100\n|-unboost|p2a: Sinistcha|spa|1\n|move|p2a: Sinistcha|Strength Sap|p1a: Iron Valiant\n|-unboost|p1a: Iron Valiant|atk|1\n|-heal|p2a: Sinistcha|100\/100\n|\n|upkeep\n|turn|24\n|-message|BiuJJ forfeited.\n|\n|win|Atkcc\n|raw|BiuJJ's rating: 1399 &rarr; <strong>1376<\/strong><br \/>(-23 for losing)\n|raw|Atkcc's rating: 1353 &rarr; <strong>1376<\/strong><br \/>(+23 for winning)\n|l|\u2606BiuJJ\n","uploadtime":1700921023,"views":0,"p1id":"biujj","p2id":"atkcc","formatid":"gen9nationaldex","rating":1376,"private":0,"password":""}