{"id":"gen9nationaldex-1996159942","p1":"ikun\u4e00\u4e2a\u771f\u6b63\u7684man","p2":"As cheu","format":"[Gen 9] National Dex","log":"|html|<div class=\"broadcast-blue\"><strong>[Gen 9] National Dex is currently suspecting Sneasler! For information on how to participate check out the <a href=\"https:\/\/www.smogon.com\/forums\/threads\/sv-national-dex-suspect-8-just-dance.3731534\/\">suspect thread<\/a>.<\/strong><\/div>\n|j|\u2606ikun\u4e00\u4e2a\u771f\u6b63\u7684man\n|j|\u2606As cheu\n|t:|1700653050\n|gametype|singles\n|player|p1|ikun\u4e00\u4e2a\u771f\u6b63\u7684man|fisherman|1750\n|player|p2|As cheu|officeworker|1869\n|teamsize|p1|6\n|teamsize|p2|6\n|gen|9\n|tier|[Gen 9] National Dex\n|rated|\n|rule|HP Percentage Mod: HP is shown in percentages\n|rule|Endless Battle Clause: Forcing endless battles is banned\n|rule|OHKO Clause: OHKO moves are banned\n|rule|Evasion Clause: Evasion abilities, items, and moves are banned\n|rule|Evasion Abilities Clause: Evasion abilities are banned\n|rule|Evasion Items Clause: Evasion items are banned\n|rule|Evasion Moves Clause: Evasion moves are banned\n|rule|Species Clause: Limit one of each Pok\u00e9mon\n|rule|Sleep Clause Mod: Limit one foe put to sleep\n|clearpoke\n|poke|p1|Garganacl, F|\n|poke|p1|Ceruledge, M|\n|poke|p1|Zapdos|\n|poke|p1|Scizor, M|\n|poke|p1|Sneasler, F|\n|poke|p1|Rillaboom, M|\n|poke|p2|Cloyster, M|\n|poke|p2|Umbreon, F|\n|poke|p2|Gardevoir, F|\n|poke|p2|Forretress, M|\n|poke|p2|Thundurus-Therian, M|\n|poke|p2|Sneasler, M|\n|teampreview\n|inactive|Battle timer is ON: inactive players will automatically lose when time's up. (requested by ikun\u4e00\u4e2a\u771f\u6b63\u7684man)\n|inactive|As cheu also wants the timer to be on.\n|\n|t:|1700653056\n|start\n|switch|p1a: Zapdos|Zapdos|100\/100\n|switch|p2a: Sneasler|Sneasler, M|100\/100\n|turn|1\n|\n|t:|1700653062\n|move|p2a: Sneasler|U-turn|p1a: Zapdos\n|-resisted|p1a: Zapdos\n|-damage|p1a: Zapdos|85\/100\n|-status|p2a: Sneasler|par|[from] ability: Static|[of] p1a: Zapdos\n|\n|t:|1700653067\n|switch|p2a: Thundurus|Thundurus-Therian, M|100\/100|[from] U-turn\n|-zpower|p1a: Zapdos\n|move|p1a: Zapdos|Supersonic Skystrike|p2a: Thundurus|[zeffect]\n|-resisted|p2a: Thundurus\n|-damage|p2a: Thundurus|36\/100\n|\n|upkeep\n|turn|2\n|\n|t:|1700653076\n|move|p2a: Thundurus|Nasty Plot|p2a: Thundurus\n|-boost|p2a: Thundurus|spa|2\n|move|p1a: Zapdos|Heat Wave|p2a: Thundurus\n|-damage|p2a: Thundurus|0 fnt\n|faint|p2a: Thundurus\n|\n|upkeep\n|\n|t:|1700653087\n|switch|p2a: \u56e1\u56e1|Umbreon, F|100\/100\n|turn|3\n|\n|t:|1700653101\n|move|p1a: Zapdos|Volt Switch|p2a: \u56e1\u56e1\n|-damage|p2a: \u56e1\u56e1|78\/100\n|\n|t:|1700653108\n|switch|p1a: Scizor|Scizor, M|100\/100|[from] Volt Switch\n|move|p2a: \u56e1\u56e1|Heal Bell|p2a: \u56e1\u56e1\n|-activate|p2a: \u56e1\u56e1|move: Heal Bell\n|-curestatus|p2: Sneasler|par|[msg]\n|\n|-heal|p2a: \u56e1\u56e1|84\/100|[from] item: Leftovers\n|upkeep\n|turn|4\n|\n|t:|1700653114\n|detailschange|p1a: Scizor|Scizor-Mega, M\n|-mega|p1a: Scizor|Scizor|Scizorite\n|move|p2a: \u56e1\u56e1|Protect|p2a: \u56e1\u56e1\n|-singleturn|p2a: \u56e1\u56e1|Protect\n|move|p1a: Scizor|U-turn|p2a: \u56e1\u56e1\n|-activate|p2a: \u56e1\u56e1|move: Protect\n|\n|-heal|p2a: \u56e1\u56e1|90\/100|[from] item: Leftovers\n|upkeep\n|turn|5\n|\n|t:|1700653119\n|switch|p2a: Forretress|Forretress, M|100\/100\n|move|p1a: Scizor|U-turn|p2a: Forretress\n|-resisted|p2a: Forretress\n|-crit|p2a: Forretress\n|-damage|p2a: Forretress|85\/100\n|-damage|p1a: Scizor|84\/100|[from] item: Rocky Helmet|[of] p2a: Forretress\n|\n|t:|1700653129\n|switch|p1a: Zapdos|Zapdos|85\/100|[from] U-turn\n|\n|upkeep\n|turn|6\n|\n|t:|1700653137\n|switch|p2a: \u56e1\u56e1|Umbreon, F|90\/100\n|move|p1a: Zapdos|Heat Wave|p2a: \u56e1\u56e1\n|-damage|p2a: \u56e1\u56e1|69\/100\n|\n|-heal|p2a: \u56e1\u56e1|75\/100|[from] item: Leftovers\n|upkeep\n|turn|7\n|\n|t:|1700653139\n|move|p2a: \u56e1\u56e1|Protect|p2a: \u56e1\u56e1\n|-singleturn|p2a: \u56e1\u56e1|Protect\n|move|p1a: Zapdos|Volt Switch|p2a: \u56e1\u56e1\n|-activate|p2a: \u56e1\u56e1|move: Protect\n|\n|-heal|p2a: \u56e1\u56e1|81\/100|[from] item: Leftovers\n|upkeep\n|turn|8\n|\n|t:|1700653143\n|move|p1a: Zapdos|Volt Switch|p2a: \u56e1\u56e1\n|-damage|p2a: \u56e1\u56e1|58\/100\n|\n|t:|1700653149\n|switch|p1a: Sneasler|Sneasler, F|100\/100|[from] Volt Switch\n|move|p2a: \u56e1\u56e1|Wish|p2a: \u56e1\u56e1\n|\n|-heal|p2a: \u56e1\u56e1|64\/100|[from] item: Leftovers\n|upkeep\n|turn|9\n|\n|t:|1700653159\n|move|p1a: Sneasler|Swords Dance|p1a: Sneasler\n|-boost|p1a: Sneasler|atk|2\n|move|p2a: \u56e1\u56e1|Foul Play|p1a: Sneasler\n|-resisted|p1a: Sneasler\n|-damage|p1a: Sneasler|0 fnt\n|faint|p1a: Sneasler\n|\n|-heal|p2a: \u56e1\u56e1|100\/100|[from] move: Wish|[wisher] \u56e1\u56e1\n|upkeep\n|\n|t:|1700653173\n|switch|p1a: Rillaboom|Rillaboom, M|100\/100\n|-fieldstart|move: Grassy Terrain|[from] ability: Grassy Surge|[of] p1a: Rillaboom\n|turn|10\n|\n|t:|1700653178\n|move|p2a: \u56e1\u56e1|Protect|p2a: \u56e1\u56e1\n|-singleturn|p2a: \u56e1\u56e1|Protect\n|move|p1a: Rillaboom|U-turn|p2a: \u56e1\u56e1\n|-activate|p2a: \u56e1\u56e1|move: Protect\n|\n|upkeep\n|turn|11\n|\n|t:|1700653184\n|move|p1a: Rillaboom|U-turn|p2a: \u56e1\u56e1\n|-supereffective|p2a: \u56e1\u56e1\n|-damage|p2a: \u56e1\u56e1|52\/100\n|\n|t:|1700653189\n|switch|p1a: Garganacl|Garganacl, F|100\/100|[from] U-turn\n|move|p2a: \u56e1\u56e1|Wish|p2a: \u56e1\u56e1\n|\n|-heal|p2a: \u56e1\u56e1|58\/100|[from] Grassy Terrain\n|-heal|p2a: \u56e1\u56e1|64\/100|[from] item: Leftovers\n|upkeep\n|turn|12\n|\n|t:|1700653192\n|move|p2a: \u56e1\u56e1|Protect|p2a: \u56e1\u56e1\n|-singleturn|p2a: \u56e1\u56e1|Protect\n|move|p1a: Garganacl|Iron Defense|p1a: Garganacl\n|-boost|p1a: Garganacl|def|2\n|\n|-heal|p2a: \u56e1\u56e1|100\/100|[from] move: Wish|[wisher] \u56e1\u56e1\n|upkeep\n|turn|13\n|\n|t:|1700653197\n|switch|p2a: Sneasler|Sneasler, M|100\/100\n|move|p1a: Garganacl|Salt Cure|p2a: Sneasler\n|-resisted|p2a: Sneasler\n|-damage|p2a: Sneasler|91\/100\n|-start|p2a: Sneasler|Salt Cure\n|\n|-heal|p2a: Sneasler|97\/100|[from] Grassy Terrain\n|-damage|p2a: Sneasler|85\/100|[from] Salt Cure\n|upkeep\n|turn|14\n|\n|t:|1700653204\n|move|p2a: Sneasler|Switcheroo|p1a: Garganacl\n|-activate|p2a: Sneasler|move: Trick|[of] p1a: Garganacl\n|-item|p1a: Garganacl|Choice Scarf|[from] move: Switcheroo\n|-item|p2a: Sneasler|Leftovers|[from] move: Switcheroo\n|move|p1a: Garganacl|Salt Cure|p2a: Sneasler\n|-resisted|p2a: Sneasler\n|-damage|p2a: Sneasler|74\/100\n|\n|-heal|p2a: Sneasler|80\/100|[from] Grassy Terrain\n|-heal|p2a: Sneasler|86\/100|[from] item: Leftovers\n|-damage|p2a: Sneasler|73\/100|[from] Salt Cure\n|-fieldend|move: Grassy Terrain\n|upkeep\n|turn|15\n|j| Bagpipie\n|\n|t:|1700653221\n|switch|p1a: Scizor|Scizor-Mega, M|84\/100\n|move|p2a: Sneasler|U-turn|p1a: Scizor\n|-resisted|p1a: Scizor\n|-crit|p1a: Scizor\n|-damage|p1a: Scizor|70\/100\n|\n|t:|1700653224\n|switch|p2a: Forretress|Forretress, M|85\/100|[from] U-turn\n|\n|upkeep\n|turn|16\n|\n|t:|1700653233\n|switch|p1a: Ceruledge|Ceruledge, M|100\/100\n|move|p2a: Forretress|Stealth Rock|p1a: Ceruledge\n|-sidestart|p1: ikun\u4e00\u4e2a\u771f\u6b63\u7684man|move: Stealth Rock\n|\n|upkeep\n|turn|17\n|\n|t:|1700653238\n|move|p1a: Ceruledge|Swords Dance|p1a: Ceruledge\n|-boost|p1a: Ceruledge|atk|2\n|move|p2a: Forretress|Toxic|p1a: Ceruledge\n|-status|p1a: Ceruledge|tox\n|\n|-damage|p1a: Ceruledge|94\/100 tox|[from] psn\n|upkeep\n|turn|18\n|\n|t:|1700653243\n|move|p1a: Ceruledge|Bitter Blade|p2a: Forretress\n|-supereffective|p2a: Forretress\n|-damage|p2a: Forretress|0 fnt\n|-heal|p1a: Ceruledge|100\/100 tox|[from] drain|[of] p2a: Forretress\n|-damage|p1a: Ceruledge|84\/100 tox|[from] item: Rocky Helmet|[of] p2a: Forretress\n|faint|p2a: Forretress\n|\n|-damage|p1a: Ceruledge|72\/100 tox|[from] psn\n|upkeep\n|\n|t:|1700653251\n|switch|p2a: \u56e1\u56e1|Umbreon, F|100\/100\n|turn|19\n|\n|t:|1700653255\n|move|p2a: \u56e1\u56e1|Protect|p2a: \u56e1\u56e1\n|-singleturn|p2a: \u56e1\u56e1|Protect\n|move|p1a: Ceruledge|Bitter Blade|p2a: \u56e1\u56e1\n|-activate|p2a: \u56e1\u56e1|move: Protect\n|\n|-damage|p1a: Ceruledge|53\/100 tox|[from] psn\n|upkeep\n|turn|20\n|\n|t:|1700653259\n|move|p1a: Ceruledge|Bitter Blade|p2a: \u56e1\u56e1\n|-damage|p2a: \u56e1\u56e1|47\/100\n|-heal|p1a: Ceruledge|90\/100 tox|[from] drain|[of] p2a: \u56e1\u56e1\n|move|p2a: \u56e1\u56e1|Foul Play|p1a: Ceruledge\n|-supereffective|p1a: Ceruledge\n|-damage|p1a: Ceruledge|0 fnt\n|faint|p1a: Ceruledge\n|\n|-heal|p2a: \u56e1\u56e1|53\/100|[from] item: Leftovers\n|upkeep\n|\n|t:|1700653269\n|switch|p1a: Rillaboom|Rillaboom, M|100\/100\n|-damage|p1a: Rillaboom|88\/100|[from] Stealth Rock\n|-fieldstart|move: Grassy Terrain|[from] ability: Grassy Surge|[of] p1a: Rillaboom\n|turn|21\n|\n|t:|1700653280\n|-terastallize|p1a: Rillaboom|Grass\n|move|p2a: \u56e1\u56e1|Protect|p2a: \u56e1\u56e1\n|-singleturn|p2a: \u56e1\u56e1|Protect\n|move|p1a: Rillaboom|Wood Hammer|p2a: \u56e1\u56e1\n|-activate|p2a: \u56e1\u56e1|move: Protect\n|\n|-heal|p1a: Rillaboom|94\/100|[from] Grassy Terrain\n|-heal|p2a: \u56e1\u56e1|59\/100|[from] Grassy Terrain\n|-heal|p2a: \u56e1\u56e1|65\/100|[from] item: Leftovers\n|upkeep\n|turn|22\n|\n|t:|1700653283\n|-terastallize|p2a: \u56e1\u56e1|Poison\n|move|p1a: Rillaboom|Wood Hammer|p2a: \u56e1\u56e1\n|-resisted|p2a: \u56e1\u56e1\n|-damage|p2a: \u56e1\u56e1|14\/100\n|-damage|p1a: Rillaboom|77\/100|[from] Recoil\n|move|p2a: \u56e1\u56e1|Foul Play|p1a: Rillaboom\n|-damage|p1a: Rillaboom|20\/100\n|\n|-heal|p1a: Rillaboom|26\/100|[from] Grassy Terrain\n|-heal|p2a: \u56e1\u56e1|21\/100|[from] Grassy Terrain\n|-heal|p2a: \u56e1\u56e1|27\/100|[from] item: Leftovers\n|upkeep\n|turn|23\n|\n|t:|1700653293\n|move|p2a: \u56e1\u56e1|Protect|p2a: \u56e1\u56e1\n|-singleturn|p2a: \u56e1\u56e1|Protect\n|move|p1a: Rillaboom|Wood Hammer|p2a: \u56e1\u56e1\n|-activate|p2a: \u56e1\u56e1|move: Protect\n|\n|-heal|p1a: Rillaboom|32\/100|[from] Grassy Terrain\n|-heal|p2a: \u56e1\u56e1|33\/100|[from] Grassy Terrain\n|-heal|p2a: \u56e1\u56e1|39\/100|[from] item: Leftovers\n|upkeep\n|turn|24\n|\n|t:|1700653307\n|switch|p2a: Sneasler|Sneasler, M|73\/100\n|move|p1a: Rillaboom|Wood Hammer|p2a: Sneasler\n|-resisted|p2a: Sneasler\n|-damage|p2a: Sneasler|0 fnt\n|faint|p2a: Sneasler\n|-damage|p1a: Rillaboom|13\/100|[from] Recoil\n|\n|-heal|p1a: Rillaboom|19\/100|[from] Grassy Terrain\n|upkeep\n|\n|t:|1700653309\n|switch|p2a: \u9b3c\u65af|Cloyster, M|100\/100\n|turn|25\n|\n|t:|1700653314\n|switch|p1a: Zapdos|Zapdos|85\/100\n|-damage|p1a: Zapdos|60\/100|[from] Stealth Rock\n|move|p2a: \u9b3c\u65af|Ice Shard|p1a: Zapdos\n|-supereffective|p1a: Zapdos\n|-damage|p1a: Zapdos|11\/100\n|\n|-fieldend|move: Grassy Terrain\n|upkeep\n|turn|26\n|\n|t:|1700653319\n|switch|p1a: Garganacl|Garganacl, F|100\/100\n|-damage|p1a: Garganacl|88\/100|[from] Stealth Rock\n|move|p2a: \u9b3c\u65af|Ice Shard|p1a: Garganacl\n|-damage|p1a: Garganacl|77\/100\n|\n|upkeep\n|turn|27\n|\n|t:|1700653324\n|move|p2a: \u9b3c\u65af|Waterfall|p1a: Garganacl\n|-supereffective|p1a: Garganacl\n|-damage|p1a: Garganacl|38\/100\n|move|p1a: Garganacl|Body Press|p2a: \u9b3c\u65af\n|-supereffective|p2a: \u9b3c\u65af\n|-damage|p2a: \u9b3c\u65af|45\/100\n|\n|upkeep\n|turn|28\n|\n|t:|1700653327\n|move|p2a: \u9b3c\u65af|Waterfall|p1a: Garganacl\n|-supereffective|p1a: Garganacl\n|-damage|p1a: Garganacl|1\/100\n|move|p1a: Garganacl|Body Press|p2a: \u9b3c\u65af\n|-supereffective|p2a: \u9b3c\u65af\n|-damage|p2a: \u9b3c\u65af|0 fnt\n|faint|p2a: \u9b3c\u65af\n|\n|upkeep\n|\n|t:|1700653332\n|switch|p2a: \u56e1\u56e1|Umbreon, F, tera:Poison|39\/100\n|turn|29\n|\n|t:|1700653335\n|move|p2a: \u56e1\u56e1|Foul Play|p1a: Garganacl\n|-damage|p1a: Garganacl|0 fnt\n|faint|p1a: Garganacl\n|\n|-heal|p2a: \u56e1\u56e1|45\/100|[from] item: Leftovers\n|upkeep\n|\n|t:|1700653340\n|switch|p1a: Scizor|Scizor-Mega, M|70\/100\n|-damage|p1a: Scizor|58\/100|[from] Stealth Rock\n|turn|30\n|\n|t:|1700653345\n|move|p1a: Scizor|Defog|p2a: \u56e1\u56e1\n|-unboost|p2a: \u56e1\u56e1|evasion|1\n|-sideend|p1: ikun\u4e00\u4e2a\u771f\u6b63\u7684man|Stealth Rock|[from] move: Defog|[of] p1a: Scizor\n|move|p2a: \u56e1\u56e1|Wish|p2a: \u56e1\u56e1\n|\n|-heal|p2a: \u56e1\u56e1|51\/100|[from] item: Leftovers\n|upkeep\n|turn|31\n|\n|t:|1700653352\n|move|p1a: Scizor|Roost|p1a: Scizor\n|-heal|p1a: Scizor|100\/100\n|-singleturn|p1a: Scizor|move: Roost\n|move|p2a: \u56e1\u56e1|Foul Play|p1a: Scizor\n|-damage|p1a: Scizor|64\/100\n|\n|-heal|p2a: \u56e1\u56e1|100\/100|[from] move: Wish|[wisher] \u56e1\u56e1\n|upkeep\n|turn|32\n|\n|t:|1700653356\n|move|p1a: Scizor|Bullet Punch|p2a: \u56e1\u56e1\n|-damage|p2a: \u56e1\u56e1|83\/100\n|move|p2a: \u56e1\u56e1|Foul Play|p1a: Scizor\n|-damage|p1a: Scizor|27\/100\n|\n|-heal|p2a: \u56e1\u56e1|89\/100|[from] item: Leftovers\n|upkeep\n|turn|33\n|\n|t:|1700653359\n|move|p1a: Scizor|Roost|p1a: Scizor\n|-heal|p1a: Scizor|77\/100\n|-singleturn|p1a: Scizor|move: Roost\n|move|p2a: \u56e1\u56e1|Foul Play|p1a: Scizor\n|-damage|p1a: Scizor|40\/100\n|\n|-heal|p2a: \u56e1\u56e1|95\/100|[from] item: Leftovers\n|upkeep\n|turn|34\n|\n|t:|1700653364\n|move|p1a: Scizor|Roost|p1a: Scizor\n|-heal|p1a: Scizor|90\/100\n|-singleturn|p1a: Scizor|move: Roost\n|move|p2a: \u56e1\u56e1|Foul Play|p1a: Scizor\n|-damage|p1a: Scizor|58\/100\n|\n|-heal|p2a: \u56e1\u56e1|100\/100|[from] item: Leftovers\n|upkeep\n|turn|35\n|\n|t:|1700653372\n|move|p1a: Scizor|Bullet Punch|p2a: \u56e1\u56e1\n|-damage|p2a: \u56e1\u56e1|82\/100\n|move|p2a: \u56e1\u56e1|Foul Play|p1a: Scizor\n|-damage|p1a: Scizor|21\/100\n|\n|-heal|p2a: \u56e1\u56e1|88\/100|[from] item: Leftovers\n|upkeep\n|turn|36\n|\n|t:|1700653375\n|move|p1a: Scizor|Roost|p1a: Scizor\n|-heal|p1a: Scizor|72\/100\n|-singleturn|p1a: Scizor|move: Roost\n|move|p2a: \u56e1\u56e1|Foul Play|p1a: Scizor\n|-damage|p1a: Scizor|34\/100\n|\n|-heal|p2a: \u56e1\u56e1|94\/100|[from] item: Leftovers\n|upkeep\n|turn|37\n|\n|t:|1700653381\n|move|p1a: Scizor|Roost|p1a: Scizor\n|-heal|p1a: Scizor|84\/100\n|-singleturn|p1a: Scizor|move: Roost\n|move|p2a: \u56e1\u56e1|Foul Play|p1a: Scizor\n|-damage|p1a: Scizor|52\/100\n|\n|-heal|p2a: \u56e1\u56e1|99\/100|[from] item: Leftovers\n|upkeep\n|turn|38\n|\n|t:|1700653384\n|move|p1a: Scizor|Bullet Punch|p2a: \u56e1\u56e1\n|-damage|p2a: \u56e1\u56e1|82\/100\n|move|p2a: \u56e1\u56e1|Foul Play|p1a: Scizor\n|-damage|p1a: Scizor|18\/100\n|\n|-heal|p2a: \u56e1\u56e1|88\/100|[from] item: Leftovers\n|upkeep\n|turn|39\n|\n|t:|1700653387\n|move|p1a: Scizor|Roost|p1a: Scizor\n|-heal|p1a: Scizor|68\/100\n|-singleturn|p1a: Scizor|move: Roost\n|move|p2a: \u56e1\u56e1|Foul Play|p1a: Scizor\n|-damage|p1a: Scizor|31\/100\n|\n|-heal|p2a: \u56e1\u56e1|94\/100|[from] item: Leftovers\n|upkeep\n|turn|40\n|l|\u2606ikun\u4e00\u4e2a\u771f\u6b63\u7684man\n|inactive|ikun\u4e00\u4e2a\u771f\u6b63\u7684man disconnected and has a minute to reconnect!\n|player|p1|\n|inactive|ikun\u4e00\u4e2a\u771f\u6b63\u7684man has 30 seconds to reconnect!\n|inactive|ikun\u4e00\u4e2a\u771f\u6b63\u7684man has 20 seconds to reconnect!\n|inactive|ikun\u4e00\u4e2a\u771f\u6b63\u7684man has 15 seconds to reconnect!\n|inactive|ikun\u4e00\u4e2a\u771f\u6b63\u7684man has 10 seconds to reconnect!\n|inactive|ikun\u4e00\u4e2a\u771f\u6b63\u7684man has 5 seconds to reconnect!\n|-message|ikun\u4e00\u4e2a\u771f\u6b63\u7684man lost due to inactivity.\n|\n|win|As cheu\n|raw|ikun\u4e00\u4e2a\u771f\u6b63\u7684man's rating: 1750 &rarr; <strong>1737<\/strong><br \/>(-13 for losing)\n|raw|As cheu's rating: 1869 &rarr; <strong>1882<\/strong><br \/>(+13 for winning)\n","uploadtime":1700653458,"views":6,"p1id":"ikunman","p2id":"ascheu","formatid":"gen9nationaldex","rating":1737,"private":0,"password":""}