{"id":"gen9nationaldex-2000385632","p1":"GioDKnight","p2":"Arnaenaed \u223e","format":"[Gen 9] National Dex","log":"|html|<div class=\"broadcast-blue\"><strong>[Gen 9] National Dex is currently suspecting Sneasler! For information on how to participate check out the <a href=\"https:\/\/www.smogon.com\/forums\/threads\/sv-national-dex-suspect-8-just-dance.3731534\/\">suspect thread<\/a>.<\/strong><\/div>\n|j|\u2606GioDKnight\n|j|\u2606Arnaenaed \u223e\n|t:|1701190395\n|gametype|singles\n|player|p1|GioDKnight|n|\n|player|p2|Arnaenaed \u223e|unknown|\n|teamsize|p1|6\n|teamsize|p2|6\n|gen|9\n|tier|[Gen 9] National Dex\n|rule|HP Percentage Mod: HP is shown in percentages\n|rule|Endless Battle Clause: Forcing endless battles is banned\n|rule|OHKO Clause: OHKO moves are banned\n|rule|Evasion Clause: Evasion abilities, items, and moves are banned\n|rule|Evasion Abilities Clause: Evasion abilities are banned\n|rule|Evasion Items Clause: Evasion items are banned\n|rule|Evasion Moves Clause: Evasion moves are banned\n|rule|Species Clause: Limit one of each Pok\u00e9mon\n|rule|Sleep Clause Mod: Limit one foe put to sleep\n|clearpoke\n|poke|p1|Aerodactyl, F|\n|poke|p1|Arcanine-Hisui, M|\n|poke|p1|Cradily, M|\n|poke|p1|Great Tusk|\n|poke|p1|Carracosta, M|\n|poke|p1|Iron Valiant|\n|poke|p2|Iron Valiant|\n|poke|p2|Iron Hands|\n|poke|p2|Iron Moth|\n|poke|p2|Iron Treads|\n|poke|p2|Iron Leaves|\n|poke|p2|Iron Jugulis|\n|teampreview\n|\n|t:|1701190417\n|start\n|switch|p1a: Cradily|Cradily, M|100\/100\n|switch|p2a: Iron Hands|Iron Hands|100\/100\n|turn|1\n|\n|t:|1701190426\n|move|p1a: Cradily|Toxic|p2a: Iron Hands\n|-status|p2a: Iron Hands|tox\n|move|p2a: Iron Hands|Iron Defense|p2a: Iron Hands\n|-boost|p2a: Iron Hands|def|2\n|\n|-damage|p2a: Iron Hands|94\/100 tox|[from] psn\n|upkeep\n|turn|2\n|\n|t:|1701190432\n|move|p1a: Cradily|Curse|p1a: Cradily\n|-unboost|p1a: Cradily|spe|1\n|-boost|p1a: Cradily|atk|1\n|-boost|p1a: Cradily|def|1\n|move|p2a: Iron Hands|Body Press|p1a: Cradily\n|-supereffective|p1a: Cradily\n|-damage|p1a: Cradily|30\/100\n|\n|-heal|p2a: Iron Hands|100\/100 tox|[from] item: Leftovers\n|-heal|p1a: Cradily|36\/100|[from] item: Leftovers\n|-damage|p2a: Iron Hands|88\/100 tox|[from] psn\n|upkeep\n|turn|3\n|\n|t:|1701190447\n|move|p2a: Iron Hands|Body Press|p1a: Cradily\n|-supereffective|p1a: Cradily\n|-damage|p1a: Cradily|0 fnt\n|faint|p1a: Cradily\n|\n|-heal|p2a: Iron Hands|94\/100 tox|[from] item: Leftovers\n|-damage|p2a: Iron Hands|76\/100 tox|[from] psn\n|upkeep\n|\n|t:|1701190457\n|switch|p1a: Iron Valiant|Iron Valiant|100\/100\n|-enditem|p1a: Iron Valiant|Booster Energy\n|-activate|p1a: Iron Valiant|ability: Quark Drive|[fromitem]\n|-start|p1a: Iron Valiant|quarkdrivespe\n|turn|4\n|\n|t:|1701190478\n|-end|p2a: Iron Hands|Quark Drive|[silent]\n|switch|p2a: Iron Leaves|Iron Leaves|100\/100\n|move|p1a: Iron Valiant|Calm Mind|p1a: Iron Valiant\n|-boost|p1a: Iron Valiant|spa|1\n|-boost|p1a: Iron Valiant|spd|1\n|\n|upkeep\n|turn|5\n|\n|t:|1701190497\n|-terastallize|p1a: Iron Valiant|Fairy\n|move|p1a: Iron Valiant|Moonblast|p2a: Iron Leaves\n|-damage|p2a: Iron Leaves|52\/100\n|move|p2a: Iron Leaves|Psyblade|p1a: Iron Valiant\n|-damage|p1a: Iron Valiant|43\/100\n|\n|upkeep\n|turn|6\n|\n|t:|1701190510\n|move|p1a: Iron Valiant|Moonblast|p2a: Iron Leaves\n|-damage|p2a: Iron Leaves|0 fnt\n|faint|p2a: Iron Leaves\n|-end|p2a: Iron Leaves|Quark Drive|[silent]\n|\n|upkeep\n|\n|t:|1701190539\n|switch|p2a: Iron Moth|Iron Moth|100\/100\n|-enditem|p2a: Iron Moth|Booster Energy\n|-activate|p2a: Iron Moth|ability: Quark Drive|[fromitem]\n|-start|p2a: Iron Moth|quarkdrivespe\n|turn|7\n|\n|t:|1701190554\n|-terastallize|p2a: Iron Moth|Ground\n|move|p1a: Iron Valiant|Psychic|p2a: Iron Moth\n|-damage|p2a: Iron Moth|55\/100\n|move|p2a: Iron Moth|Sludge Wave|p1a: Iron Valiant\n|-supereffective|p1a: Iron Valiant\n|-damage|p1a: Iron Valiant|0 fnt\n|faint|p1a: Iron Valiant\n|-end|p1a: Iron Valiant|Quark Drive|[silent]\n|\n|upkeep\n|\n|t:|1701190574\n|switch|p1a: Arcanine|Arcanine-Hisui, M|100\/100\n|turn|8\n|\n|t:|1701190589\n|switch|p1a: Aerodactyl|Aerodactyl, F|100\/100\n|move|p2a: Iron Moth|Tera Blast|p1a: Aerodactyl|[anim] Tera Blast Ground\n|-immune|p1a: Aerodactyl\n|\n|upkeep\n|turn|9\n|\n|t:|1701190602\n|-end|p2a: Iron Moth|Quark Drive|[silent]\n|switch|p2a: Iron Hands|Iron Hands|76\/100 tox\n|detailschange|p1a: Aerodactyl|Aerodactyl-Mega, F\n|-mega|p1a: Aerodactyl|Aerodactyl|Aerodactylite\n|move|p1a: Aerodactyl|Dragon Dance|p1a: Aerodactyl\n|-boost|p1a: Aerodactyl|atk|1\n|-boost|p1a: Aerodactyl|spe|1\n|\n|-heal|p2a: Iron Hands|82\/100 tox|[from] item: Leftovers\n|-damage|p2a: Iron Hands|76\/100 tox|[from] psn\n|upkeep\n|turn|10\n|\n|t:|1701190618\n|move|p1a: Aerodactyl|Dual Wingbeat|p2a: Iron Hands\n|-damage|p2a: Iron Hands|57\/100 tox\n|-damage|p2a: Iron Hands|37\/100 tox\n|-hitcount|p2a: Iron Hands|2\n|move|p2a: Iron Hands|Volt Switch|p1a: Aerodactyl\n|-supereffective|p1a: Aerodactyl\n|-damage|p1a: Aerodactyl|69\/100\n|\n|t:|1701190662\n|-end|p2a: Iron Hands|Quark Drive|[silent]\n|switch|p2a: Iron Jugulis|Iron Jugulis|100\/100|[from] Volt Switch\n|-enditem|p2a: Iron Jugulis|Booster Energy\n|-activate|p2a: Iron Jugulis|ability: Quark Drive|[fromitem]\n|-start|p2a: Iron Jugulis|quarkdrivespe\n|\n|upkeep\n|turn|11\n|\n|t:|1701190669\n|move|p1a: Aerodactyl|Stone Edge|p2a: Iron Jugulis\n|-supereffective|p2a: Iron Jugulis\n|-damage|p2a: Iron Jugulis|0 fnt\n|faint|p2a: Iron Jugulis\n|-end|p2a: Iron Jugulis|Quark Drive|[silent]\n|\n|upkeep\n|\n|t:|1701190693\n|switch|p2a: Iron Treads|Iron Treads|100\/100\n|turn|12\n|\n|t:|1701190704\n|move|p1a: Aerodactyl|Crunch|p2a: Iron Treads\n|-damage|p2a: Iron Treads|59\/100\n|move|p2a: Iron Treads|Volt Switch|p1a: Aerodactyl\n|-supereffective|p1a: Aerodactyl\n|-damage|p1a: Aerodactyl|42\/100\n|\n|t:|1701190714\n|-end|p2a: Iron Treads|Quark Drive|[silent]\n|switch|p2a: Iron Hands|Iron Hands|37\/100 tox|[from] Volt Switch\n|\n|-heal|p2a: Iron Hands|43\/100 tox|[from] item: Leftovers\n|-damage|p2a: Iron Hands|37\/100 tox|[from] psn\n|upkeep\n|turn|13\n|\n|t:|1701190728\n|move|p1a: Aerodactyl|Dragon Dance|p1a: Aerodactyl\n|-boost|p1a: Aerodactyl|atk|1\n|-boost|p1a: Aerodactyl|spe|1\n|move|p2a: Iron Hands|Body Press|p1a: Aerodactyl\n|-damage|p1a: Aerodactyl|0 fnt\n|faint|p1a: Aerodactyl\n|\n|-heal|p2a: Iron Hands|43\/100 tox|[from] item: Leftovers\n|-damage|p2a: Iron Hands|31\/100 tox|[from] psn\n|upkeep\n|\n|t:|1701190743\n|switch|p1a: Great Tusk|Great Tusk|100\/100\n|turn|14\n|\n|t:|1701190755\n|move|p1a: Great Tusk|Headlong Rush|p2a: Iron Hands\n|-supereffective|p2a: Iron Hands\n|-damage|p2a: Iron Hands|0 fnt\n|-unboost|p1a: Great Tusk|def|1\n|-unboost|p1a: Great Tusk|spd|1\n|faint|p2a: Iron Hands\n|-end|p2a: Iron Hands|Quark Drive|[silent]\n|\n|upkeep\n|\n|t:|1701190766\n|switch|p2a: Iron Moth|Iron Moth, tera:Ground|55\/100\n|turn|15\n|\n|t:|1701190773\n|-end|p1a: Great Tusk|Protosynthesis|[silent]\n|switch|p1a: Arcanine|Arcanine-Hisui, M|100\/100\n|move|p2a: Iron Moth|Fiery Dance|p1a: Arcanine\n|-resisted|p1a: Arcanine\n|-damage|p1a: Arcanine|87\/100\n|\n|upkeep\n|turn|16\n|\n|t:|1701190786\n|move|p1a: Arcanine|Extreme Speed|p2a: Iron Moth\n|-damage|p2a: Iron Moth|0 fnt\n|faint|p2a: Iron Moth\n|-end|p2a: Iron Moth|Quark Drive|[silent]\n|\n|upkeep\n|\n|t:|1701190790\n|switch|p2a: Iron Treads|Iron Treads|59\/100\n|turn|17\n|\n|t:|1701190797\n|move|p1a: Arcanine|Extreme Speed|p2a: Iron Treads\n|-resisted|p2a: Iron Treads\n|-damage|p2a: Iron Treads|43\/100\n|move|p2a: Iron Treads|Earthquake|p1a: Arcanine\n|-supereffective|p1a: Arcanine\n|-damage|p1a: Arcanine|0 fnt\n|faint|p1a: Arcanine\n|\n|-heal|p2a: Iron Treads|49\/100|[from] item: Leftovers\n|upkeep\n|\n|t:|1701190811\n|switch|p1a: Great Tusk|Great Tusk|100\/100\n|turn|18\n|\n|t:|1701190818\n|move|p1a: Great Tusk|Headlong Rush|p2a: Iron Treads\n|-supereffective|p2a: Iron Treads\n|-damage|p2a: Iron Treads|0 fnt\n|-unboost|p1a: Great Tusk|def|1\n|-unboost|p1a: Great Tusk|spd|1\n|faint|p2a: Iron Treads\n|-end|p2a: Iron Treads|Quark Drive|[silent]\n|\n|upkeep\n|\n|t:|1701190824\n|switch|p2a: Iron Valiant|Iron Valiant|100\/100\n|-enditem|p2a: Iron Valiant|Booster Energy\n|-activate|p2a: Iron Valiant|ability: Quark Drive|[fromitem]\n|-start|p2a: Iron Valiant|quarkdrivespe\n|turn|19\n|\n|t:|1701190830\n|move|p2a: Iron Valiant|Moonblast|p1a: Great Tusk\n|-supereffective|p1a: Great Tusk\n|-damage|p1a: Great Tusk|0 fnt\n|faint|p1a: Great Tusk\n|-end|p1a: Great Tusk|Protosynthesis|[silent]\n|\n|upkeep\n|\n|t:|1701190833\n|switch|p1a: Carracosta|Carracosta, M|100\/100\n|turn|20\n|\n|t:|1701190839\n|move|p2a: Iron Valiant|Close Combat|p1a: Carracosta\n|-supereffective|p1a: Carracosta\n|-damage|p1a: Carracosta|5\/100\n|-unboost|p2a: Iron Valiant|def|1\n|-unboost|p2a: Iron Valiant|spd|1\n|move|p1a: Carracosta|Shell Smash|p1a: Carracosta\n|-unboost|p1a: Carracosta|def|1\n|-unboost|p1a: Carracosta|spd|1\n|-boost|p1a: Carracosta|atk|2\n|-boost|p1a: Carracosta|spa|2\n|-boost|p1a: Carracosta|spe|2\n|-enditem|p1a: Carracosta|White Herb\n|-clearnegativeboost|p1a: Carracosta|[silent]\n|\n|upkeep\n|turn|21\n|\n|t:|1701190848\n|move|p1a: Carracosta|Aqua Jet|p2a: Iron Valiant\n|-damage|p2a: Iron Valiant|26\/100\n|move|p2a: Iron Valiant|Moonblast|p1a: Carracosta\n|-damage|p1a: Carracosta|0 fnt\n|faint|p1a: Carracosta\n|\n|win|Arnaenaed \u223e\n","uploadtime":1701190854,"views":1,"p1id":"giodknight","p2id":"arnaenaed","formatid":"gen9nationaldex","rating":0,"private":0,"password":""}