{"id":"gen9nationaldex-1990365173","p1":"vrieukj","p2":"sudatea","format":"[Gen 9] National Dex","log":"|j|\u2606vrieukj\n|j|\u2606sudatea\n|t:|1699962683\n|gametype|singles\n|player|p1|vrieukj|hilbert|1229\n|player|p2|sudatea|harlequin|1291\n|teamsize|p1|6\n|teamsize|p2|6\n|gen|9\n|tier|[Gen 9] National Dex\n|rated|\n|rule|HP Percentage Mod: HP is shown in percentages\n|rule|Endless Battle Clause: Forcing endless battles is banned\n|rule|OHKO Clause: OHKO moves are banned\n|rule|Evasion Clause: Evasion abilities, items, and moves are banned\n|rule|Evasion Abilities Clause: Evasion abilities are banned\n|rule|Evasion Items Clause: Evasion items are banned\n|rule|Evasion Moves Clause: Evasion moves are banned\n|rule|Species Clause: Limit one of each Pok\u00e9mon\n|rule|Sleep Clause Mod: Limit one foe put to sleep\n|clearpoke\n|poke|p1|Charizard, F|\n|poke|p1|Hippowdon, F|\n|poke|p1|Tapu Fini|\n|poke|p1|Umbreon, F|\n|poke|p1|Ogerpon-Cornerstone, F|\n|poke|p1|Iron Hands|\n|poke|p2|Venusaur, M|\n|poke|p2|Urshifu-*, F|\n|poke|p2|Pelipper, M|\n|poke|p2|Rillaboom, F|\n|poke|p2|Greninja-*, M|\n|poke|p2|Gliscor, F|\n|teampreview\n|inactive|Battle timer is ON: inactive players will automatically lose when time's up. (requested by vrieukj)\n|inactive|vrieukj has 120 seconds left.\n|\n|t:|1699962721\n|start\n|switch|p1a: Hippowdon|Hippowdon, F|100\/100\n|switch|p2a: Venusaur|Venusaur, M|100\/100\n|-weather|Sandstorm|[from] ability: Sand Stream|[of] p1a: Hippowdon\n|turn|1\n|\n|t:|1699962736\n|switch|p1a: Iron Hands|Iron Hands|100\/100\n|detailschange|p2a: Venusaur|Venusaur-Mega, M\n|-mega|p2a: Venusaur|Venusaur|Venusaurite\n|move|p2a: Venusaur|Sludge Bomb|p1a: Iron Hands\n|-damage|p1a: Iron Hands|77\/100\n|\n|-weather|Sandstorm|[upkeep]\n|-damage|p2a: Venusaur|94\/100|[from] Sandstorm\n|-damage|p1a: Iron Hands|71\/100|[from] Sandstorm\n|upkeep\n|turn|2\n|\n|t:|1699962751\n|move|p1a: Iron Hands|Fake Out|p2a: Venusaur\n|-damage|p2a: Venusaur|81\/100\n|cant|p2a: Venusaur|flinch\n|\n|-weather|Sandstorm|[upkeep]\n|-damage|p2a: Venusaur|75\/100|[from] Sandstorm\n|-damage|p1a: Iron Hands|65\/100|[from] Sandstorm\n|upkeep\n|turn|3\n|\n|t:|1699962758\n|move|p2a: Venusaur|Earth Power|p1a: Iron Hands\n|-supereffective|p1a: Iron Hands\n|-damage|p1a: Iron Hands|32\/100\n|-unboost|p1a: Iron Hands|spd|1\n|move|p1a: Iron Hands|Ice Punch|p2a: Venusaur\n|-supereffective|p2a: Venusaur\n|-damage|p2a: Venusaur|52\/100\n|-status|p2a: Venusaur|frz\n|\n|-weather|Sandstorm|[upkeep]\n|-damage|p2a: Venusaur|46\/100 frz|[from] Sandstorm\n|-damage|p1a: Iron Hands|26\/100|[from] Sandstorm\n|upkeep\n|turn|4\n|\n|t:|1699962765\n|-curestatus|p2a: Venusaur|frz|[msg]\n|move|p2a: Venusaur|Earth Power|p1a: Iron Hands\n|-supereffective|p1a: Iron Hands\n|-damage|p1a: Iron Hands|0 fnt\n|faint|p1a: Iron Hands\n|-end|p1a: Iron Hands|Quark Drive|[silent]\n|\n|-weather|Sandstorm|[upkeep]\n|-damage|p2a: Venusaur|40\/100|[from] Sandstorm\n|upkeep\n|\n|t:|1699962770\n|switch|p1a: Charizard|Charizard, F|100\/100\n|turn|5\n|\n|t:|1699962779\n|switch|p2a: Gliscor|Gliscor, F|100\/100\n|detailschange|p1a: Charizard|Charizard-Mega-Y, F\n|-mega|p1a: Charizard|Charizard|Charizardite Y\n|-weather|SunnyDay|[from] ability: Drought|[of] p1a: Charizard\n|move|p1a: Charizard|Flamethrower|p2a: Gliscor\n|-damage|p2a: Gliscor|26\/100\n|\n|-weather|SunnyDay|[upkeep]\n|-status|p2a: Gliscor|tox|[from] item: Toxic Orb\n|upkeep\n|turn|6\n|\n|t:|1699962790\n|switch|p2a: Pelipper|Pelipper, M|100\/100\n|-weather|RainDance|[from] ability: Drizzle|[of] p2a: Pelipper\n|move|p1a: Charizard|Flamethrower|p2a: Pelipper\n|-resisted|p2a: Pelipper\n|-damage|p2a: Pelipper|83\/100\n|\n|-weather|RainDance|[upkeep]\n|upkeep\n|turn|7\n|\n|t:|1699962801\n|switch|p1a: Hippowdon|Hippowdon, F|100\/100\n|-weather|Sandstorm|[from] ability: Sand Stream|[of] p1a: Hippowdon\n|move|p2a: Pelipper|U-turn|p1a: Hippowdon\n|-damage|p1a: Hippowdon|96\/100\n|\n|t:|1699962807\n|switch|p2a: Venusaur|Venusaur-Mega, M|40\/100|[from] U-turn\n|\n|-weather|Sandstorm|[upkeep]\n|-damage|p2a: Venusaur|34\/100|[from] Sandstorm\n|-heal|p1a: Hippowdon|100\/100|[from] item: Leftovers\n|upkeep\n|turn|8\n|\n|t:|1699962817\n|switch|p1a: Umbreon|Umbreon, F, shiny|100\/100\n|move|p2a: Venusaur|Giga Drain|p1a: Umbreon\n|-damage|p1a: Umbreon|75\/100\n|-heal|p2a: Venusaur|48\/100|[from] drain|[of] p1a: Umbreon\n|\n|-weather|Sandstorm|[upkeep]\n|-damage|p2a: Venusaur|42\/100|[from] Sandstorm\n|-damage|p1a: Umbreon|69\/100|[from] Sandstorm\n|-heal|p1a: Umbreon|75\/100|[from] item: Leftovers\n|upkeep\n|turn|9\n|\n|t:|1699962827\n|switch|p2a: Rillaboom|Rillaboom, F|100\/100\n|-fieldstart|move: Grassy Terrain|[from] ability: Grassy Surge|[of] p2a: Rillaboom\n|move|p1a: Umbreon|Foul Play|p2a: Rillaboom\n|-damage|p2a: Rillaboom|45\/100\n|\n|-weather|Sandstorm|[upkeep]\n|-damage|p2a: Rillaboom|39\/100|[from] Sandstorm\n|-damage|p1a: Umbreon|69\/100|[from] Sandstorm\n|-heal|p2a: Rillaboom|45\/100|[from] Grassy Terrain\n|-heal|p1a: Umbreon|75\/100|[from] Grassy Terrain\n|-heal|p1a: Umbreon|81\/100|[from] item: Leftovers\n|upkeep\n|turn|10\n|\n|t:|1699962845\n|move|p1a: Umbreon|Protect|p1a: Umbreon\n|-singleturn|p1a: Umbreon|Protect\n|move|p2a: Rillaboom|U-turn|p1a: Umbreon\n|-activate|p1a: Umbreon|move: Protect\n|\n|-weather|Sandstorm|[upkeep]\n|-damage|p2a: Rillaboom|39\/100|[from] Sandstorm\n|-damage|p1a: Umbreon|75\/100|[from] Sandstorm\n|-heal|p2a: Rillaboom|45\/100|[from] Grassy Terrain\n|-heal|p1a: Umbreon|81\/100|[from] Grassy Terrain\n|-heal|p1a: Umbreon|88\/100|[from] item: Leftovers\n|upkeep\n|turn|11\n|\n|t:|1699962858\n|move|p2a: Rillaboom|U-turn|p1a: Umbreon\n|-supereffective|p1a: Umbreon\n|-damage|p1a: Umbreon|42\/100\n|\n|t:|1699962869\n|switch|p2a: Gliscor|Gliscor, F|26\/100 tox|[from] U-turn\n|move|p1a: Umbreon|Foul Play|p2a: Gliscor\n|-damage|p2a: Gliscor|0 fnt\n|faint|p2a: Gliscor\n|\n|-weather|none\n|-heal|p1a: Umbreon|48\/100|[from] Grassy Terrain\n|-heal|p1a: Umbreon|54\/100|[from] item: Leftovers\n|upkeep\n|\n|t:|1699962878\n|switch|p2a: Venusaur|Venusaur-Mega, M|42\/100\n|turn|12\n|\n|t:|1699962898\n|move|p2a: Venusaur|Giga Drain|p1a: Umbreon\n|-damage|p1a: Umbreon|23\/100\n|-heal|p2a: Venusaur|59\/100|[from] drain|[of] p1a: Umbreon\n|move|p1a: Umbreon|Wish|p1a: Umbreon\n|\n|-heal|p2a: Venusaur|65\/100|[from] Grassy Terrain\n|-heal|p1a: Umbreon|29\/100|[from] Grassy Terrain\n|-heal|p1a: Umbreon|35\/100|[from] item: Leftovers\n|upkeep\n|turn|13\n|\n|t:|1699962907\n|move|p1a: Umbreon|Protect|p1a: Umbreon\n|-singleturn|p1a: Umbreon|Protect\n|move|p2a: Venusaur|Giga Drain|p1a: Umbreon\n|-activate|p1a: Umbreon|move: Protect\n|\n|-heal|p1a: Umbreon|85\/100|[from] move: Wish|[wisher] Umbreon\n|-heal|p2a: Venusaur|71\/100|[from] Grassy Terrain\n|-heal|p1a: Umbreon|91\/100|[from] Grassy Terrain\n|-heal|p1a: Umbreon|97\/100|[from] item: Leftovers\n|-fieldend|move: Grassy Terrain\n|upkeep\n|turn|14\n|\n|t:|1699962918\n|move|p2a: Venusaur|Giga Drain|p1a: Umbreon\n|-damage|p1a: Umbreon|75\/100\n|-heal|p2a: Venusaur|83\/100|[from] drain|[of] p1a: Umbreon\n|move|p1a: Umbreon|Foul Play|p2a: Venusaur\n|-damage|p2a: Venusaur|65\/100\n|\n|-heal|p1a: Umbreon|81\/100|[from] item: Leftovers\n|upkeep\n|turn|15\n|\n|t:|1699962927\n|move|p2a: Venusaur|Sludge Bomb|p1a: Umbreon\n|-damage|p1a: Umbreon|53\/100\n|-status|p1a: Umbreon|psn\n|-activate|p1a: Umbreon|ability: Synchronize\n|-immune|p2a: Venusaur\n|move|p1a: Umbreon|Foul Play|p2a: Venusaur\n|-damage|p2a: Venusaur|44\/100\n|\n|-heal|p1a: Umbreon|59\/100 psn|[from] item: Leftovers\n|-damage|p1a: Umbreon|47\/100 psn|[from] psn\n|upkeep\n|turn|16\n|\n|t:|1699962935\n|move|p2a: Venusaur|Giga Drain|p1a: Umbreon\n|-damage|p1a: Umbreon|23\/100 psn\n|-heal|p2a: Venusaur|57\/100|[from] drain|[of] p1a: Umbreon\n|move|p1a: Umbreon|Wish|p1a: Umbreon\n|\n|-heal|p1a: Umbreon|29\/100 psn|[from] item: Leftovers\n|-damage|p1a: Umbreon|16\/100 psn|[from] psn\n|upkeep\n|turn|17\n|\n|t:|1699962943\n|switch|p2a: Urshifu|Urshifu-Rapid-Strike, F|100\/100\n|move|p1a: Umbreon|Protect||[still]\n|-fail|p1a: Umbreon\n|\n|-heal|p1a: Umbreon|66\/100 psn|[from] move: Wish|[wisher] Umbreon\n|-heal|p1a: Umbreon|72\/100 psn|[from] item: Leftovers\n|-damage|p1a: Umbreon|60\/100 psn|[from] psn\n|upkeep\n|turn|18\n|inactive|vrieukj has 120 seconds left.\n|\n|t:|1699962975\n|-terastallize|p2a: Urshifu|Water\n|move|p2a: Urshifu|Surging Strikes|p1a: Umbreon\n|-crit|p1a: Umbreon\n|-damage|p1a: Umbreon|40\/100 psn\n|-crit|p1a: Umbreon\n|-damage|p1a: Umbreon|20\/100 psn\n|-crit|p1a: Umbreon\n|-damage|p1a: Umbreon|0 fnt\n|faint|p1a: Umbreon\n|-hitcount|p1: Umbreon|3\n|\n|upkeep\n|inactive|vrieukj has 120 seconds left.\n|\n|t:|1699962985\n|switch|p1a: Tapu Fini|Tapu Fini, shiny|100\/100\n|-fieldstart|move: Misty Terrain|[from] ability: Misty Surge|[of] p1a: Tapu Fini\n|turn|19\n|\n|t:|1699962993\n|move|p2a: Urshifu|Thunder Punch|p1a: Tapu Fini\n|-supereffective|p1a: Tapu Fini\n|-damage|p1a: Tapu Fini|53\/100\n|move|p1a: Tapu Fini|Moonblast|p2a: Urshifu\n|-damage|p2a: Urshifu|51\/100\n|\n|-heal|p1a: Tapu Fini|59\/100|[from] item: Leftovers\n|upkeep\n|turn|20\n|\n|t:|1699963003\n|move|p1a: Tapu Fini|Protect|p1a: Tapu Fini\n|-singleturn|p1a: Tapu Fini|Protect\n|move|p2a: Urshifu|Swords Dance|p2a: Urshifu\n|-boost|p2a: Urshifu|atk|2\n|\n|-heal|p1a: Tapu Fini|66\/100|[from] item: Leftovers\n|upkeep\n|turn|21\n|\n|t:|1699963019\n|-terastallize|p1a: Tapu Fini|Steel\n|move|p2a: Urshifu|Thunder Punch|p1a: Tapu Fini\n|-damage|p1a: Tapu Fini|18\/100\n|move|p1a: Tapu Fini|Moonblast|p2a: Urshifu\n|-damage|p2a: Urshifu|3\/100\n|\n|-heal|p1a: Tapu Fini|24\/100|[from] item: Leftovers\n|upkeep\n|turn|22\n|\n|t:|1699963026\n|move|p1a: Tapu Fini|Protect|p1a: Tapu Fini\n|-singleturn|p1a: Tapu Fini|Protect\n|move|p2a: Urshifu|Surging Strikes|p1a: Tapu Fini\n|-activate|p1a: Tapu Fini|move: Protect\n|\n|-heal|p1a: Tapu Fini|30\/100|[from] item: Leftovers\n|upkeep\n|turn|23\n|\n|t:|1699963030\n|move|p2a: Urshifu|Surging Strikes|p1a: Tapu Fini\n|-crit|p1a: Tapu Fini\n|-damage|p1a: Tapu Fini|0 fnt\n|faint|p1a: Tapu Fini\n|-hitcount|p1: Tapu Fini|1\n|\n|-fieldend|Misty Terrain\n|upkeep\n|\n|t:|1699963033\n|switch|p1a: Charizard|Charizard-Mega-Y, F|100\/100\n|-weather|SunnyDay|[from] ability: Drought|[of] p1a: Charizard\n|turn|24\n|\n|t:|1699963048\n|move|p1a: Charizard|Flamethrower|p2a: Urshifu\n|-resisted|p2a: Urshifu\n|-damage|p2a: Urshifu|0 fnt\n|faint|p2a: Urshifu\n|\n|-weather|SunnyDay|[upkeep]\n|upkeep\n|\n|t:|1699963051\n|switch|p2a: Pelipper|Pelipper, M|83\/100\n|-weather|RainDance|[from] ability: Drizzle|[of] p2a: Pelipper\n|turn|25\n|\n|t:|1699963059\n|switch|p1a: Hippowdon|Hippowdon, F|100\/100\n|-weather|Sandstorm|[from] ability: Sand Stream|[of] p1a: Hippowdon\n|move|p2a: Pelipper|U-turn|p1a: Hippowdon\n|-crit|p1a: Hippowdon\n|-damage|p1a: Hippowdon|94\/100\n|\n|t:|1699963066\n|switch|p2a: Venusaur|Venusaur-Mega, M|57\/100|[from] U-turn\n|\n|-weather|Sandstorm|[upkeep]\n|-damage|p2a: Venusaur|51\/100|[from] Sandstorm\n|-heal|p1a: Hippowdon|100\/100|[from] item: Leftovers\n|upkeep\n|turn|26\n|\n|t:|1699963074\n|move|p2a: Venusaur|Sludge Bomb|p1a: Hippowdon\n|-resisted|p1a: Hippowdon\n|-damage|p1a: Hippowdon|77\/100\n|-status|p1a: Hippowdon|psn\n|move|p1a: Hippowdon|Yawn|p2a: Venusaur\n|-start|p2a: Venusaur|move: Yawn|[of] p1a: Hippowdon\n|\n|-weather|Sandstorm|[upkeep]\n|-damage|p2a: Venusaur|45\/100|[from] Sandstorm\n|-heal|p1a: Hippowdon|83\/100 psn|[from] item: Leftovers\n|-damage|p1a: Hippowdon|70\/100 psn|[from] psn\n|upkeep\n|turn|27\n|\n|t:|1699963078\n|switch|p1a: Ogerpon|Ogerpon-Cornerstone, F|100\/100\n|move|p2a: Venusaur|Giga Drain|p1a: Ogerpon\n|-crit|p1a: Ogerpon\n|-damage|p1a: Ogerpon|51\/100\n|-heal|p2a: Venusaur|65\/100|[from] drain|[of] p1a: Ogerpon\n|\n|-weather|Sandstorm|[upkeep]\n|-damage|p2a: Venusaur|59\/100|[from] Sandstorm\n|-end|p2a: Venusaur|move: Yawn|[silent]\n|-status|p2a: Venusaur|slp\n|upkeep\n|turn|28\n|\n|t:|1699963089\n|move|p1a: Ogerpon|Swords Dance|p1a: Ogerpon\n|-boost|p1a: Ogerpon|atk|2\n|cant|p2a: Venusaur|slp\n|\n|-weather|Sandstorm|[upkeep]\n|-damage|p2a: Venusaur|53\/100 slp|[from] Sandstorm\n|upkeep\n|turn|29\n|\n|t:|1699963092\n|move|p1a: Ogerpon|Ivy Cudgel|p2a: Venusaur|[anim] Ivy Cudgel Rock\n|-damage|p2a: Venusaur|0 fnt\n|faint|p2a: Venusaur\n|\n|-weather|none\n|upkeep\n|\n|t:|1699963106\n|switch|p2a: Rillaboom|Rillaboom, F|45\/100\n|-fieldstart|move: Grassy Terrain|[from] ability: Grassy Surge|[of] p2a: Rillaboom\n|turn|30\n|\n|t:|1699963132\n|move|p2a: Rillaboom|Grassy Glide|p1a: Ogerpon\n|-damage|p1a: Ogerpon|0 fnt\n|faint|p1a: Ogerpon\n|\n|-heal|p2a: Rillaboom|51\/100|[from] Grassy Terrain\n|upkeep\n|\n|t:|1699963137\n|switch|p1a: Charizard|Charizard-Mega-Y, F|100\/100\n|-weather|SunnyDay|[from] ability: Drought|[of] p1a: Charizard\n|turn|31\n|\n|t:|1699963142\n|switch|p2a: Pelipper|Pelipper, M|83\/100\n|-weather|RainDance|[from] ability: Drizzle|[of] p2a: Pelipper\n|move|p1a: Charizard|Flamethrower|p2a: Pelipper\n|-resisted|p2a: Pelipper\n|-damage|p2a: Pelipper|65\/100\n|\n|-weather|RainDance|[upkeep]\n|upkeep\n|turn|32\n|\n|t:|1699963150\n|switch|p1a: Hippowdon|Hippowdon, F|70\/100 psn\n|-weather|Sandstorm|[from] ability: Sand Stream|[of] p1a: Hippowdon\n|move|p2a: Pelipper|U-turn|p1a: Hippowdon\n|-damage|p1a: Hippowdon|66\/100 psn\n|\n|t:|1699963162\n|switch|p2a: Rillaboom|Rillaboom, F|51\/100|[from] U-turn\n|\n|-weather|Sandstorm|[upkeep]\n|-damage|p2a: Rillaboom|45\/100|[from] Sandstorm\n|-heal|p2a: Rillaboom|51\/100|[from] Grassy Terrain\n|-heal|p1a: Hippowdon|72\/100 psn|[from] Grassy Terrain\n|-heal|p1a: Hippowdon|78\/100 psn|[from] item: Leftovers\n|-damage|p1a: Hippowdon|66\/100 psn|[from] psn\n|upkeep\n|turn|33\n|\n|t:|1699963175\n|move|p2a: Rillaboom|Wood Hammer|p1a: Hippowdon\n|-supereffective|p1a: Hippowdon\n|-damage|p1a: Hippowdon|0 fnt\n|faint|p1a: Hippowdon\n|-damage|p2a: Rillaboom|25\/100|[from] Recoil\n|\n|-weather|Sandstorm|[upkeep]\n|-damage|p2a: Rillaboom|18\/100|[from] Sandstorm\n|-heal|p2a: Rillaboom|25\/100|[from] Grassy Terrain\n|upkeep\n|\n|t:|1699963179\n|switch|p1a: Charizard|Charizard-Mega-Y, F|100\/100\n|-weather|SunnyDay|[from] ability: Drought|[of] p1a: Charizard\n|turn|34\n|\n|t:|1699963188\n|switch|p2a: Pelipper|Pelipper, M|65\/100\n|-weather|RainDance|[from] ability: Drizzle|[of] p2a: Pelipper\n|move|p1a: Charizard|Focus Blast|p2a: Pelipper\n|-resisted|p2a: Pelipper\n|-damage|p2a: Pelipper|30\/100\n|\n|-weather|RainDance|[upkeep]\n|-fieldend|move: Grassy Terrain\n|upkeep\n|turn|35\n|\n|t:|1699963200\n|move|p1a: Charizard|Roost||[still]\n|-fail|p1a: Charizard|heal\n|move|p2a: Pelipper|Scald|p1a: Charizard\n|-supereffective|p1a: Charizard\n|-damage|p1a: Charizard|15\/100\n|\n|-weather|RainDance|[upkeep]\n|upkeep\n|turn|36\n|\n|t:|1699963206\n|move|p1a: Charizard|Focus Blast|p2a: Pelipper\n|-resisted|p2a: Pelipper\n|-damage|p2a: Pelipper|0 fnt\n|faint|p2a: Pelipper\n|\n|-weather|RainDance|[upkeep]\n|upkeep\n|\n|t:|1699963209\n|switch|p2a: Greninja|Greninja, M|100\/100\n|turn|37\n|\n|t:|1699963213\n|move|p2a: Greninja|Water Shuriken|p1a: Charizard\n|-supereffective|p1a: Charizard\n|-damage|p1a: Charizard|0 fnt\n|faint|p1a: Charizard\n|-hitcount|p1: Charizard|1\n|-damage|p2a: Greninja|91\/100|[from] item: Life Orb\n|\n|win|sudatea\n|raw|vrieukj's rating: 1229 &rarr; <strong>1208<\/strong><br \/>(-21 for losing)\n|raw|sudatea's rating: 1291 &rarr; <strong>1312<\/strong><br \/>(+21 for winning)\n|l|\u2606vrieukj\n","uploadtime":1699963221,"views":4,"p1id":"vrieukj","p2id":"sudatea","formatid":"gen9nationaldex","rating":1208,"private":0,"password":""}