{"id":"gen9nationaldex-1990085767","p1":"gnsaigon","p2":"mushroomtester","format":"[Gen 9] National Dex","log":"|j|\u2606gnsaigon\n|j|\u2606mushroomtester\n|t:|1699922999\n|gametype|singles\n|player|p1|gnsaigon|101|\n|player|p2|mushroomtester|caitlin|\n|teamsize|p1|6\n|teamsize|p2|6\n|gen|9\n|tier|[Gen 9] National Dex\n|rule|HP Percentage Mod: HP is shown in percentages\n|rule|Endless Battle Clause: Forcing endless battles is banned\n|rule|OHKO Clause: OHKO moves are banned\n|rule|Evasion Clause: Evasion abilities, items, and moves are banned\n|rule|Evasion Abilities Clause: Evasion abilities are banned\n|rule|Evasion Items Clause: Evasion items are banned\n|rule|Evasion Moves Clause: Evasion moves are banned\n|rule|Species Clause: Limit one of each Pok\u00e9mon\n|rule|Sleep Clause Mod: Limit one foe put to sleep\n|clearpoke\n|poke|p1|Sentret, M|\n|poke|p1|Charcadet, F|\n|poke|p1|Pidgey, M|\n|poke|p1|Bounsweet, F|\n|poke|p1|Pawmi, M|\n|poke|p1|Seedot, F|\n|poke|p2|Sentret, M|\n|poke|p2|Pawmi, F|\n|poke|p2|Bounsweet, F|\n|poke|p2|Bunnelby, M|\n|poke|p2|Unown|\n|poke|p2|Rookidee, F|\n|teampreview\n|c|\u2606mushroomtester|Glhf\n|c|\u2606gnsaigon|glhf\n|\n|t:|1699923022\n|start\n|switch|p1a: Rock Music|Sentret, M|100\/100\n|switch|p2a: Bunnelby|Bunnelby, M|100\/100\n|-item|p2a: Bunnelby|Eviolite|[from] ability: Frisk|[of] p1a: Rock Music|[identify]\n|turn|1\n|\n|t:|1699923027\n|move|p1a: Rock Music|Tidy Up|p1a: Rock Music\n|-boost|p1a: Rock Music|atk|1\n|-boost|p1a: Rock Music|spe|1\n|move|p2a: Bunnelby|Toxic|p1a: Rock Music|[miss]\n|-miss|p2a: Bunnelby|p1a: Rock Music\n|\n|upkeep\n|turn|2\n|\n|t:|1699923032\n|move|p1a: Rock Music|Double-Edge|p2a: Bunnelby\n|-damage|p2a: Bunnelby|54\/100\n|-damage|p1a: Rock Music|80\/100|[from] Recoil\n|move|p2a: Bunnelby|Toxic|p1a: Rock Music\n|-status|p1a: Rock Music|tox\n|\n|-damage|p1a: Rock Music|74\/100 tox|[from] psn\n|upkeep\n|turn|3\n|c|\u2606gnsaigon|oh wow thats insanely bulky\n|\n|t:|1699923040\n|move|p1a: Rock Music|Tidy Up|p1a: Rock Music\n|-boost|p1a: Rock Music|atk|1\n|-boost|p1a: Rock Music|spe|1\n|move|p2a: Bunnelby|Spikes|p1a: Rock Music\n|-sidestart|p1: gnsaigon|Spikes\n|\n|-damage|p1a: Rock Music|62\/100 tox|[from] psn\n|upkeep\n|turn|4\n|\n|t:|1699923043\n|move|p1a: Rock Music|Double-Edge|p2a: Bunnelby\n|-damage|p2a: Bunnelby|0 fnt\n|faint|p2a: Bunnelby\n|-damage|p1a: Rock Music|38\/100 tox|[from] Recoil\n|\n|-damage|p1a: Rock Music|20\/100 tox|[from] psn\n|upkeep\n|\n|t:|1699923049\n|switch|p2a: Pawmi|Pawmi, F|100\/100\n|turn|5\n|\n|t:|1699923052\n|move|p2a: Pawmi|Protect|p2a: Pawmi\n|-singleturn|p2a: Pawmi|Protect\n|move|p1a: Rock Music|Double-Edge|p2a: Pawmi\n|-activate|p2a: Pawmi|move: Protect\n|\n|-damage|p1a: Rock Music|0 fnt|[from] psn\n|faint|p1a: Rock Music\n|upkeep\n|\n|t:|1699923065\n|switch|p1a: Is She Weird?|Bounsweet, F|100\/100\n|-damage|p1a: Is She Weird?|88\/100|[from] Spikes\n|turn|6\n|\n|t:|1699923073\n|move|p2a: Pawmi|Volt Switch|p1a: Is She Weird?\n|-resisted|p1a: Is She Weird?\n|-damage|p1a: Is She Weird?|79\/100\n|\n|t:|1699923078\n|switch|p2a: Rookidee|Rookidee, F|100\/100|[from] Volt Switch\n|move|p1a: Is She Weird?|Toxic|p2a: Rookidee\n|-status|p2a: Rookidee|tox\n|\n|-damage|p2a: Rookidee|94\/100 tox|[from] psn\n|upkeep\n|turn|7\n|\n|t:|1699923085\n|switch|p1a: Hang Wire|Pawmi, M|100\/100\n|-damage|p1a: Hang Wire|88\/100|[from] Spikes\n|move|p2a: Rookidee|Brave Bird|p1a: Hang Wire\n|-resisted|p1a: Hang Wire\n|-damage|p1a: Hang Wire|67\/100\n|-damage|p2a: Rookidee|87\/100 tox|[from] Recoil\n|\n|-damage|p2a: Rookidee|75\/100 tox|[from] psn\n|upkeep\n|turn|8\n|\n|t:|1699923100\n|switch|p2a: Bounsweet|Bounsweet, F|100\/100\n|move|p1a: Hang Wire|Super Fang|p2a: Bounsweet\n|-damage|p2a: Bounsweet|51\/100\n|\n|upkeep\n|turn|9\n|\n|t:|1699923104\n|move|p1a: Hang Wire|Wish|p1a: Hang Wire\n|move|p2a: Bounsweet|Dazzling Gleam|p1a: Hang Wire\n|-damage|p1a: Hang Wire|50\/100\n|\n|upkeep\n|turn|10\n|\n|t:|1699923111\n|move|p1a: Hang Wire|Protect|p1a: Hang Wire\n|-singleturn|p1a: Hang Wire|Protect\n|move|p2a: Bounsweet|Aromatherapy|p2a: Bounsweet\n|-activate|p2a: Bounsweet|move: Aromatherapy\n|-curestatus|p2: Rookidee|tox|[msg]\n|\n|-heal|p1a: Hang Wire|99\/100|[from] move: Wish|[wisher] Hang Wire\n|upkeep\n|turn|11\n|\n|t:|1699923126\n|move|p1a: Hang Wire|Volt Switch|p2a: Bounsweet\n|-resisted|p2a: Bounsweet\n|-damage|p2a: Bounsweet|44\/100\n|\n|t:|1699923135\n|switch|p1a: Dig For Fire|Charcadet, F|100\/100|[from] Volt Switch\n|-damage|p1a: Dig For Fire|88\/100|[from] Spikes\n|move|p2a: Bounsweet|Synthesis|p2a: Bounsweet\n|-heal|p2a: Bounsweet|94\/100\n|\n|upkeep\n|turn|12\n|\n|t:|1699923144\n|switch|p2a: Pawmi|Pawmi, F|100\/100\n|move|p1a: Dig For Fire|Sunny Day|p1a: Dig For Fire\n|-weather|SunnyDay\n|\n|-weather|SunnyDay|[upkeep]\n|upkeep\n|turn|13\n|\n|t:|1699923148\n|move|p1a: Dig For Fire|Overheat|p2a: Pawmi\n|-damage|p2a: Pawmi|36\/100\n|-unboost|p1a: Dig For Fire|spa|2\n|move|p2a: Pawmi|Nuzzle|p1a: Dig For Fire\n|-damage|p1a: Dig For Fire|81\/100\n|-status|p1a: Dig For Fire|par\n|\n|-weather|SunnyDay|[upkeep]\n|upkeep\n|turn|14\n|\n|t:|1699923158\n|switch|p1a: Is She Weird?|Bounsweet, F|79\/100\n|-damage|p1a: Is She Weird?|66\/100|[from] Spikes\n|move|p2a: Pawmi|Wish|p2a: Pawmi\n|\n|-weather|SunnyDay|[upkeep]\n|upkeep\n|turn|15\n|\n|t:|1699923161\n|move|p2a: Pawmi|Nuzzle|p1a: Is She Weird?\n|-resisted|p1a: Is She Weird?\n|-damage|p1a: Is She Weird?|64\/100\n|-status|p1a: Is She Weird?|par\n|cant|p1a: Is She Weird?|par\n|\n|-weather|SunnyDay|[upkeep]\n|-heal|p2a: Pawmi|86\/100|[from] move: Wish|[wisher] Pawmi\n|upkeep\n|turn|16\n|\n|t:|1699923169\n|move|p2a: Pawmi|Volt Switch|p1a: Is She Weird?\n|-resisted|p1a: Is She Weird?\n|-damage|p1a: Is She Weird?|55\/100 par\n|\n|t:|1699923173\n|switch|p2a: Sentret|Sentret, M|100\/100|[from] Volt Switch\n|-item|p1a: Is She Weird?|Eviolite|[from] ability: Frisk|[of] p2a: Sentret|[identify]\n|cant|p1a: Is She Weird?|par\n|\n|-weather|none\n|upkeep\n|turn|17\n|\n|t:|1699923181\n|switch|p1a: Dig For Fire|Charcadet, F|81\/100 par\n|-damage|p1a: Dig For Fire|68\/100 par|[from] Spikes\n|move|p2a: Sentret|Tidy Up|p2a: Sentret\n|-sideend|p1: gnsaigon|Spikes\n|-activate|p2a: Sentret|move: Tidy Up\n|-boost|p2a: Sentret|atk|1\n|-boost|p2a: Sentret|spe|1\n|\n|upkeep\n|turn|18\n|\n|t:|1699923194\n|move|p2a: Sentret|Body Slam|p1a: Dig For Fire\n|-damage|p1a: Dig For Fire|0 fnt\n|faint|p1a: Dig For Fire\n|\n|upkeep\n|\n|t:|1699923206\n|switch|p1a: Blown Away|Seedot, F|100\/100\n|turn|19\n|\n|t:|1699923211\n|move|p1a: Blown Away|Explosion|p2a: Sentret\n|-damage|p2a: Sentret|21\/100\n|faint|p1a: Blown Away\n|move|p2a: Sentret|Body Slam|p1: Blown Away|[notarget]\n|-fail|p2a: Sentret\n|\n|upkeep\n|\n|t:|1699923214\n|switch|p1a: All Over The World|Pidgey, M|100\/100\n|turn|20\n|\n|t:|1699923220\n|move|p1a: All Over The World|Return|p2a: Sentret\n|-damage|p2a: Sentret|0 fnt\n|faint|p2a: Sentret\n|\n|upkeep\n|c|\u2606gnsaigon|BOOM!\n|\n|t:|1699923228\n|switch|p2a: Pawmi|Pawmi, F|86\/100\n|turn|21\n|\n|t:|1699923231\n|switch|p1a: Is She Weird?|Bounsweet, F|55\/100 par\n|move|p2a: Pawmi|Nuzzle|p1a: Is She Weird?\n|-resisted|p1a: Is She Weird?\n|-damage|p1a: Is She Weird?|53\/100 par\n|\n|upkeep\n|turn|22\n|\n|t:|1699923236\n|move|p2a: Pawmi|Volt Switch|p1a: Is She Weird?\n|-resisted|p1a: Is She Weird?\n|-damage|p1a: Is She Weird?|45\/100 par\n|\n|t:|1699923238\n|switch|p2a: Rookidee|Rookidee, F|75\/100|[from] Volt Switch\n|move|p1a: Is She Weird?|Synthesis|p1a: Is She Weird?\n|-heal|p1a: Is She Weird?|95\/100 par\n|\n|upkeep\n|turn|23\n|\n|t:|1699923241\n|switch|p1a: Hang Wire|Pawmi, M|99\/100\n|move|p2a: Rookidee|Brave Bird|p1a: Hang Wire\n|-resisted|p1a: Hang Wire\n|-damage|p1a: Hang Wire|77\/100\n|-damage|p2a: Rookidee|67\/100|[from] Recoil\n|\n|upkeep\n|turn|24\n|\n|t:|1699923248\n|switch|p2a: Unown|Unown|100\/100\n|move|p1a: Hang Wire|Volt Switch|p2a: Unown\n|-damage|p2a: Unown|69\/100\n|\n|t:|1699923251\n|switch|p1a: All Over The World|Pidgey, M|100\/100|[from] Volt Switch\n|\n|upkeep\n|turn|25\n|\n|t:|1699923254\n|move|p2a: Unown|Hidden Power|p1a: All Over The World\n|-damage|p1a: All Over The World|23\/100\n|move|p1a: All Over The World|U-turn|p2a: Unown\n|-supereffective|p2a: Unown\n|-damage|p2a: Unown|0 fnt\n|faint|p2a: Unown\n|\n|t:|1699923262\n|switch|p1a: Hang Wire|Pawmi, M|77\/100|[from] U-turn\n|\n|upkeep\n|\n|t:|1699923272\n|switch|p2a: Bounsweet|Bounsweet, F|94\/100\n|turn|26\n|\n|t:|1699923275\n|move|p1a: Hang Wire|Protect|p1a: Hang Wire\n|-singleturn|p1a: Hang Wire|Protect\n|move|p2a: Bounsweet|Dazzling Gleam|p1a: Hang Wire\n|-activate|p1a: Hang Wire|move: Protect\n|\n|upkeep\n|turn|27\n|\n|t:|1699923278\n|move|p1a: Hang Wire|Super Fang|p2a: Bounsweet\n|-damage|p2a: Bounsweet|48\/100\n|move|p2a: Bounsweet|Dazzling Gleam|p1a: Hang Wire\n|-damage|p1a: Hang Wire|62\/100\n|\n|upkeep\n|turn|28\n|\n|t:|1699923283\n|move|p1a: Hang Wire|Wish|p1a: Hang Wire\n|move|p2a: Bounsweet|Synthesis|p2a: Bounsweet\n|-heal|p2a: Bounsweet|97\/100\n|\n|upkeep\n|turn|29\n|\n|t:|1699923286\n|move|p1a: Hang Wire|Super Fang|p2a: Bounsweet\n|-damage|p2a: Bounsweet|49\/100\n|move|p2a: Bounsweet|Energy Ball|p1a: Hang Wire\n|-damage|p1a: Hang Wire|37\/100\n|\n|-heal|p1a: Hang Wire|87\/100|[from] move: Wish|[wisher] Hang Wire\n|upkeep\n|turn|30\n|\n|t:|1699923302\n|move|p1a: Hang Wire|Super Fang|p2a: Bounsweet\n|-damage|p2a: Bounsweet|25\/100\n|move|p2a: Bounsweet|Energy Ball|p1a: Hang Wire\n|-damage|p1a: Hang Wire|61\/100\n|\n|upkeep\n|turn|31\n|\n|t:|1699923310\n|move|p1a: Hang Wire|Wish|p1a: Hang Wire\n|move|p2a: Bounsweet|Synthesis|p2a: Bounsweet\n|-heal|p2a: Bounsweet|75\/100\n|\n|upkeep\n|turn|32\n|\n|t:|1699923318\n|move|p1a: Hang Wire|Super Fang|p2a: Bounsweet\n|-damage|p2a: Bounsweet|38\/100\n|move|p2a: Bounsweet|Energy Ball|p1a: Hang Wire\n|-damage|p1a: Hang Wire|35\/100\n|\n|-heal|p1a: Hang Wire|85\/100|[from] move: Wish|[wisher] Hang Wire\n|upkeep\n|turn|33\n|\n|t:|1699923334\n|move|p1a: Hang Wire|Super Fang|p2a: Bounsweet\n|-damage|p2a: Bounsweet|19\/100\n|move|p2a: Bounsweet|Synthesis|p2a: Bounsweet\n|-heal|p2a: Bounsweet|69\/100\n|\n|upkeep\n|turn|34\n|c|\u2606gnsaigon|im wondering if 0 iv -spe pawmi could be a tech\n|c|\u2606gnsaigon|nvm still faster than uninvested bouns\n|\n|t:|1699923366\n|move|p1a: Hang Wire|Super Fang|p2a: Bounsweet\n|-damage|p2a: Bounsweet|35\/100\n|move|p2a: Bounsweet|Energy Ball|p1a: Hang Wire\n|-damage|p1a: Hang Wire|58\/100\n|\n|upkeep\n|turn|35\n|\n|t:|1699923371\n|move|p1a: Hang Wire|Wish|p1a: Hang Wire\n|move|p2a: Bounsweet|Energy Ball|p1a: Hang Wire\n|-damage|p1a: Hang Wire|32\/100\n|-unboost|p1a: Hang Wire|spd|1\n|\n|upkeep\n|turn|36\n|\n|t:|1699923377\n|move|p1a: Hang Wire|Protect|p1a: Hang Wire\n|-singleturn|p1a: Hang Wire|Protect\n|move|p2a: Bounsweet|Synthesis|p2a: Bounsweet\n|-heal|p2a: Bounsweet|85\/100\n|\n|-heal|p1a: Hang Wire|82\/100|[from] move: Wish|[wisher] Hang Wire\n|upkeep\n|turn|37\n|\n|t:|1699923384\n|switch|p1a: Is She Weird?|Bounsweet, F|95\/100 par\n|move|p2a: Bounsweet|Energy Ball|p1a: Is She Weird?\n|-resisted|p1a: Is She Weird?\n|-damage|p1a: Is She Weird?|83\/100 par\n|\n|upkeep\n|turn|38\n|\n|t:|1699923393\n|switch|p2a: Pawmi|Pawmi, F|86\/100\n|switch|p1a: Hang Wire|Pawmi, M|82\/100\n|\n|upkeep\n|turn|39\n|\n|t:|1699923397\n|move|p1a: Hang Wire|Super Fang|p2a: Pawmi\n|-damage|p2a: Pawmi|43\/100\n|move|p2a: Pawmi|Nuzzle|p1a: Hang Wire\n|-resisted|p1a: Hang Wire\n|-damage|p1a: Hang Wire|80\/100\n|\n|upkeep\n|turn|40\n|\n|t:|1699923401\n|move|p2a: Pawmi|Protect|p2a: Pawmi\n|-singleturn|p2a: Pawmi|Protect\n|move|p1a: Hang Wire|Super Fang|p2a: Pawmi\n|-activate|p2a: Pawmi|move: Protect\n|\n|upkeep\n|turn|41\n|\n|t:|1699923408\n|move|p2a: Pawmi|Wish|p2a: Pawmi\n|move|p1a: Hang Wire|Volt Switch|p2a: Pawmi\n|-resisted|p2a: Pawmi\n|-damage|p2a: Pawmi|36\/100\n|\n|t:|1699923414\n|switch|p1a: All Over The World|Pidgey, M|23\/100|[from] Volt Switch\n|\n|upkeep\n|turn|42\n|\n|t:|1699923425\n|move|p2a: Pawmi|Protect|p2a: Pawmi\n|-singleturn|p2a: Pawmi|Protect\n|move|p1a: All Over The World|Return|p2a: Pawmi\n|-activate|p2a: Pawmi|move: Protect\n|\n|-heal|p2a: Pawmi|86\/100|[from] move: Wish|[wisher] Pawmi\n|upkeep\n|turn|43\n|\n|t:|1699923429\n|switch|p1a: Is She Weird?|Bounsweet, F|83\/100 par\n|move|p2a: Pawmi|Nuzzle|p1a: Is She Weird?\n|-resisted|p1a: Is She Weird?\n|-damage|p1a: Is She Weird?|82\/100 par\n|\n|upkeep\n|turn|44\n|\n|t:|1699923440\n|move|p2a: Pawmi|Protect|p2a: Pawmi\n|-singleturn|p2a: Pawmi|Protect\n|move|p1a: Is She Weird?|Toxic|p2a: Pawmi\n|-activate|p2a: Pawmi|move: Protect\n|\n|upkeep\n|turn|45\n|\n|t:|1699923446\n|move|p2a: Pawmi|Volt Switch|p1a: Is She Weird?\n|-resisted|p1a: Is She Weird?\n|-damage|p1a: Is She Weird?|73\/100 par\n|\n|t:|1699923450\n|switch|p2a: Bounsweet|Bounsweet, F|85\/100|[from] Volt Switch\n|move|p1a: Is She Weird?|Toxic|p2a: Bounsweet\n|-status|p2a: Bounsweet|tox\n|\n|-damage|p2a: Bounsweet|79\/100 tox|[from] psn\n|upkeep\n|turn|46\n|\n|t:|1699923455\n|move|p2a: Bounsweet|Aromatherapy|p2a: Bounsweet\n|-activate|p2a: Bounsweet|move: Aromatherapy\n|-curestatus|p2a: Bounsweet|tox|[msg]\n|move|p1a: Is She Weird?|Toxic|p2a: Bounsweet\n|-status|p2a: Bounsweet|tox\n|\n|-damage|p2a: Bounsweet|73\/100 tox|[from] psn\n|upkeep\n|turn|47\n|\n|t:|1699923462\n|move|p2a: Bounsweet|Aromatherapy|p2a: Bounsweet\n|-activate|p2a: Bounsweet|move: Aromatherapy\n|-curestatus|p2a: Bounsweet|tox|[msg]\n|move|p1a: Is She Weird?|Toxic|p2a: Bounsweet\n|-status|p2a: Bounsweet|tox\n|\n|-damage|p2a: Bounsweet|67\/100 tox|[from] psn\n|upkeep\n|turn|48\n|\n|t:|1699923466\n|move|p2a: Bounsweet|Aromatherapy|p2a: Bounsweet\n|-activate|p2a: Bounsweet|move: Aromatherapy\n|-curestatus|p2a: Bounsweet|tox|[msg]\n|move|p1a: Is She Weird?|Toxic|p2a: Bounsweet\n|-status|p2a: Bounsweet|tox\n|\n|-damage|p2a: Bounsweet|61\/100 tox|[from] psn\n|upkeep\n|turn|49\n|\n|t:|1699923472\n|move|p2a: Bounsweet|Aromatherapy|p2a: Bounsweet\n|-activate|p2a: Bounsweet|move: Aromatherapy\n|-curestatus|p2a: Bounsweet|tox|[msg]\n|move|p1a: Is She Weird?|Toxic|p2a: Bounsweet\n|-status|p2a: Bounsweet|tox\n|\n|-damage|p2a: Bounsweet|55\/100 tox|[from] psn\n|upkeep\n|turn|50\n|\n|t:|1699923479\n|switch|p2a: Rookidee|Rookidee, F|67\/100\n|move|p1a: Is She Weird?|Toxic|p2a: Rookidee\n|-status|p2a: Rookidee|tox\n|\n|-damage|p2a: Rookidee|61\/100 tox|[from] psn\n|upkeep\n|turn|51\n|\n|t:|1699923489\n|switch|p1a: All Over The World|Pidgey, M|23\/100\n|move|p2a: Rookidee|U-turn|p1a: All Over The World\n|-resisted|p1a: All Over The World\n|-damage|p1a: All Over The World|1\/100\n|\n|t:|1699923495\n|switch|p2a: Pawmi|Pawmi, F|86\/100|[from] U-turn\n|\n|upkeep\n|turn|52\n|\n|t:|1699923505\n|move|p1a: All Over The World|U-turn|p2a: Pawmi\n|-damage|p2a: Pawmi|52\/100\n|-status|p1a: All Over The World|par|[from] ability: Static|[of] p2a: Pawmi\n|\n|t:|1699923513\n|switch|p1a: Hang Wire|Pawmi, M|80\/100|[from] U-turn\n|move|p2a: Pawmi|Volt Switch|p1a: Hang Wire\n|-resisted|p1a: Hang Wire\n|-damage|p1a: Hang Wire|68\/100\n|\n|t:|1699923518\n|switch|p2a: Bounsweet|Bounsweet, F|55\/100 tox|[from] Volt Switch\n|\n|-damage|p2a: Bounsweet|49\/100 tox|[from] psn\n|upkeep\n|turn|53\n|\n|t:|1699923525\n|move|p1a: Hang Wire|Protect|p1a: Hang Wire\n|-singleturn|p1a: Hang Wire|Protect\n|move|p2a: Bounsweet|Aromatherapy|p2a: Bounsweet\n|-activate|p2a: Bounsweet|move: Aromatherapy\n|-curestatus|p2a: Bounsweet|tox|[msg]\n|-curestatus|p2: Rookidee|tox|[msg]\n|\n|upkeep\n|turn|54\n|\n|t:|1699923532\n|move|p1a: Hang Wire|Volt Switch|p2a: Bounsweet\n|-resisted|p2a: Bounsweet\n|-damage|p2a: Bounsweet|43\/100\n|\n|t:|1699923534\n|switch|p1a: Is She Weird?|Bounsweet, F|73\/100 par|[from] Volt Switch\n|move|p2a: Bounsweet|Synthesis|p2a: Bounsweet\n|-heal|p2a: Bounsweet|93\/100\n|\n|upkeep\n|turn|55\n|\n|t:|1699923539\n|switch|p2a: Rookidee|Rookidee, F|61\/100\n|switch|p1a: Hang Wire|Pawmi, M|68\/100\n|\n|upkeep\n|turn|56\n|\n|t:|1699923545\n|switch|p2a: Pawmi|Pawmi, F|52\/100\n|move|p1a: Hang Wire|Super Fang|p2a: Pawmi\n|-damage|p2a: Pawmi|26\/100\n|\n|upkeep\n|turn|57\n|\n|t:|1699923552\n|move|p1a: Hang Wire|Protect|p1a: Hang Wire\n|-singleturn|p1a: Hang Wire|Protect\n|move|p2a: Pawmi|Wish|p2a: Pawmi\n|\n|upkeep\n|turn|58\n|\n|t:|1699923564\n|move|p2a: Pawmi|Nuzzle|p1a: Hang Wire\n|-resisted|p1a: Hang Wire\n|-crit|p1a: Hang Wire\n|-damage|p1a: Hang Wire|64\/100\n|move|p1a: Hang Wire|Volt Switch|p2a: Pawmi\n|-resisted|p2a: Pawmi\n|-damage|p2a: Pawmi|19\/100\n|\n|t:|1699923567\n|switch|p1a: All Over The World|Pidgey, M|1\/100 par|[from] Volt Switch\n|\n|-heal|p2a: Pawmi|69\/100|[from] move: Wish|[wisher] Pawmi\n|upkeep\n|turn|59\n|\n|t:|1699923577\n|switch|p1a: Hang Wire|Pawmi, M|64\/100\n|move|p2a: Pawmi|Nuzzle|p1a: Hang Wire\n|-resisted|p1a: Hang Wire\n|-damage|p1a: Hang Wire|62\/100\n|\n|upkeep\n|turn|60\n|\n|t:|1699923583\n|switch|p1a: Is She Weird?|Bounsweet, F|73\/100 par\n|move|p2a: Pawmi|Wish|p2a: Pawmi\n|\n|upkeep\n|turn|61\n|\n|t:|1699923587\n|switch|p1a: Hang Wire|Pawmi, M|62\/100\n|move|p2a: Pawmi|Nuzzle|p1a: Hang Wire\n|-resisted|p1a: Hang Wire\n|-damage|p1a: Hang Wire|59\/100\n|\n|-heal|p2a: Pawmi|100\/100|[from] move: Wish|[wisher] Pawmi\n|upkeep\n|turn|62\n|\n|t:|1699923591\n|switch|p1a: Is She Weird?|Bounsweet, F|73\/100 par\n|move|p2a: Pawmi|Nuzzle|p1a: Is She Weird?\n|-resisted|p1a: Is She Weird?\n|-damage|p1a: Is She Weird?|71\/100 par\n|\n|upkeep\n|turn|63\n|\n|t:|1699923596\n|switch|p1a: Hang Wire|Pawmi, M|59\/100\n|move|p2a: Pawmi|Nuzzle|p1a: Hang Wire\n|-resisted|p1a: Hang Wire\n|-damage|p1a: Hang Wire|56\/100\n|\n|upkeep\n|turn|64\n|\n|t:|1699923599\n|switch|p1a: Is She Weird?|Bounsweet, F|71\/100 par\n|move|p2a: Pawmi|Volt Switch|p1a: Is She Weird?\n|-resisted|p1a: Is She Weird?\n|-damage|p1a: Is She Weird?|62\/100 par\n|\n|t:|1699923602\n|switch|p2a: Rookidee|Rookidee, F|61\/100|[from] Volt Switch\n|\n|upkeep\n|turn|65\n|\n|t:|1699923608\n|switch|p1a: All Over The World|Pidgey, M|1\/100 par\n|move|p2a: Rookidee|U-turn|p1a: All Over The World\n|-resisted|p1a: All Over The World\n|-damage|p1a: All Over The World|0 fnt\n|faint|p1a: All Over The World\n|\n|t:|1699923612\n|switch|p2a: Pawmi|Pawmi, F|100\/100|[from] U-turn\n|\n|upkeep\n|\n|t:|1699923616\n|switch|p1a: Is She Weird?|Bounsweet, F|62\/100 par\n|turn|66\n|\n|t:|1699923620\n|move|p2a: Pawmi|Wish|p2a: Pawmi\n|cant|p1a: Is She Weird?|par\n|\n|upkeep\n|turn|67\n|\n|t:|1699923623\n|move|p2a: Pawmi|Volt Switch|p1a: Is She Weird?\n|-resisted|p1a: Is She Weird?\n|-damage|p1a: Is She Weird?|53\/100 par\n|\n|t:|1699923627\n|switch|p2a: Rookidee|Rookidee, F|61\/100|[from] Volt Switch\n|move|p1a: Is She Weird?|Toxic|p2a: Rookidee\n|-status|p2a: Rookidee|tox\n|\n|-heal|p2a: Rookidee|100\/100 tox|[from] move: Wish|[wisher] Pawmi\n|-damage|p2a: Rookidee|94\/100 tox|[from] psn\n|upkeep\n|turn|68\n|\n|t:|1699923647\n|switch|p1a: Hang Wire|Pawmi, M|56\/100\n|move|p2a: Rookidee|U-turn|p1a: Hang Wire\n|-damage|p1a: Hang Wire|39\/100\n|\n|t:|1699923653\n|switch|p2a: Bounsweet|Bounsweet, F|93\/100|[from] U-turn\n|\n|upkeep\n|turn|69\n|\n|t:|1699923660\n|move|p1a: Hang Wire|Protect|p1a: Hang Wire\n|-singleturn|p1a: Hang Wire|Protect\n|move|p2a: Bounsweet|Energy Ball|p1a: Hang Wire\n|-activate|p1a: Hang Wire|move: Protect\n|\n|upkeep\n|turn|70\n|\n|t:|1699923664\n|move|p1a: Hang Wire|Wish|p1a: Hang Wire\n|move|p2a: Bounsweet|Energy Ball|p1a: Hang Wire\n|-damage|p1a: Hang Wire|10\/100\n|\n|upkeep\n|turn|71\n|\n|t:|1699923671\n|move|p1a: Hang Wire|Protect|p1a: Hang Wire\n|-singleturn|p1a: Hang Wire|Protect\n|move|p2a: Bounsweet|Aromatherapy|p2a: Bounsweet\n|-activate|p2a: Bounsweet|move: Aromatherapy\n|-curestatus|p2: Rookidee|tox|[msg]\n|\n|-heal|p1a: Hang Wire|60\/100|[from] move: Wish|[wisher] Hang Wire\n|upkeep\n|turn|72\n|\n|t:|1699923673\n|move|p1a: Hang Wire|Wish|p1a: Hang Wire\n|move|p2a: Bounsweet|Energy Ball|p1a: Hang Wire\n|-damage|p1a: Hang Wire|35\/100\n|-unboost|p1a: Hang Wire|spd|1\n|\n|upkeep\n|turn|73\n|\n|t:|1699923677\n|move|p1a: Hang Wire|Volt Switch|p2a: Bounsweet\n|-resisted|p2a: Bounsweet\n|-damage|p2a: Bounsweet|87\/100\n|\n|t:|1699923678\n|switch|p1a: Is She Weird?|Bounsweet, F|53\/100 par|[from] Volt Switch\n|move|p2a: Bounsweet|Energy Ball|p1a: Is She Weird?\n|-resisted|p1a: Is She Weird?\n|-damage|p1a: Is She Weird?|41\/100 par\n|\n|-heal|p1a: Is She Weird?|93\/100 par|[from] move: Wish|[wisher] Hang Wire\n|upkeep\n|turn|74\n|\n|t:|1699923687\n|switch|p2a: Rookidee|Rookidee, F|94\/100\n|move|p1a: Is She Weird?|Toxic|p2a: Rookidee\n|-status|p2a: Rookidee|tox\n|\n|-damage|p2a: Rookidee|88\/100 tox|[from] psn\n|upkeep\n|turn|75\n|\n|t:|1699923701\n|switch|p1a: Hang Wire|Pawmi, M|35\/100\n|move|p2a: Rookidee|Brave Bird|p1a: Hang Wire\n|-resisted|p1a: Hang Wire\n|-damage|p1a: Hang Wire|14\/100\n|-damage|p2a: Rookidee|81\/100 tox|[from] Recoil\n|\n|-damage|p2a: Rookidee|69\/100 tox|[from] psn\n|upkeep\n|turn|76\n|\n|t:|1699923711\n|switch|p2a: Bounsweet|Bounsweet, F|87\/100\n|move|p1a: Hang Wire|Protect||[still]\n|-fail|p1a: Hang Wire\n|\n|upkeep\n|turn|77\n|\n|t:|1699923716\n|move|p1a: Hang Wire|Volt Switch|p2a: Bounsweet\n|-resisted|p2a: Bounsweet\n|-damage|p2a: Bounsweet|81\/100\n|\n|t:|1699923718\n|switch|p1a: Is She Weird?|Bounsweet, F|93\/100 par|[from] Volt Switch\n|move|p2a: Bounsweet|Energy Ball|p1a: Is She Weird?\n|-resisted|p1a: Is She Weird?\n|-damage|p1a: Is She Weird?|82\/100 par\n|\n|upkeep\n|turn|78\n|\n|t:|1699923724\n|switch|p2a: Rookidee|Rookidee, F|69\/100 tox\n|switch|p1a: Hang Wire|Pawmi, M|14\/100\n|\n|-damage|p2a: Rookidee|63\/100 tox|[from] psn\n|upkeep\n|turn|79\n|\n|t:|1699923732\n|switch|p2a: Bounsweet|Bounsweet, F|81\/100\n|move|p1a: Hang Wire|Wish|p1a: Hang Wire\n|\n|upkeep\n|turn|80\n|\n|t:|1699923736\n|move|p1a: Hang Wire|Protect|p1a: Hang Wire\n|-singleturn|p1a: Hang Wire|Protect\n|move|p2a: Bounsweet|Energy Ball|p1a: Hang Wire\n|-activate|p1a: Hang Wire|move: Protect\n|\n|-heal|p1a: Hang Wire|64\/100|[from] move: Wish|[wisher] Hang Wire\n|upkeep\n|turn|81\n|\n|t:|1699923745\n|move|p1a: Hang Wire|Super Fang|p2a: Bounsweet\n|-damage|p2a: Bounsweet|41\/100\n|move|p2a: Bounsweet|Energy Ball|p1a: Hang Wire\n|-damage|p1a: Hang Wire|35\/100\n|\n|upkeep\n|turn|82\n|\n|t:|1699923748\n|move|p1a: Hang Wire|Wish|p1a: Hang Wire\n|move|p2a: Bounsweet|Energy Ball|p1a: Hang Wire\n|-damage|p1a: Hang Wire|9\/100\n|\n|upkeep\n|turn|83\n|\n|t:|1699923754\n|move|p1a: Hang Wire|Protect|p1a: Hang Wire\n|-singleturn|p1a: Hang Wire|Protect\n|move|p2a: Bounsweet|Synthesis|p2a: Bounsweet\n|-heal|p2a: Bounsweet|91\/100\n|\n|-heal|p1a: Hang Wire|59\/100|[from] move: Wish|[wisher] Hang Wire\n|upkeep\n|turn|84\n|\n|t:|1699923763\n|move|p1a: Hang Wire|Super Fang|p2a: Bounsweet\n|-damage|p2a: Bounsweet|46\/100\n|move|p2a: Bounsweet|Energy Ball|p1a: Hang Wire\n|-damage|p1a: Hang Wire|31\/100\n|\n|upkeep\n|turn|85\n|\n|t:|1699923768\n|move|p1a: Hang Wire|Wish|p1a: Hang Wire\n|move|p2a: Bounsweet|Energy Ball|p1a: Hang Wire\n|-damage|p1a: Hang Wire|3\/100\n|\n|upkeep\n|turn|86\n|\n|t:|1699923772\n|move|p1a: Hang Wire|Protect|p1a: Hang Wire\n|-singleturn|p1a: Hang Wire|Protect\n|move|p2a: Bounsweet|Synthesis|p2a: Bounsweet\n|-heal|p2a: Bounsweet|96\/100\n|\n|-heal|p1a: Hang Wire|53\/100|[from] move: Wish|[wisher] Hang Wire\n|upkeep\n|turn|87\n|\n|t:|1699923782\n|move|p1a: Hang Wire|Wish|p1a: Hang Wire\n|move|p2a: Bounsweet|Dazzling Gleam|p1a: Hang Wire\n|-damage|p1a: Hang Wire|37\/100\n|\n|upkeep\n|turn|88\n|\n|t:|1699923788\n|move|p1a: Hang Wire|Protect|p1a: Hang Wire\n|-singleturn|p1a: Hang Wire|Protect\n|move|p2a: Bounsweet|Dazzling Gleam|p1a: Hang Wire\n|-activate|p1a: Hang Wire|move: Protect\n|\n|-heal|p1a: Hang Wire|87\/100|[from] move: Wish|[wisher] Hang Wire\n|upkeep\n|turn|89\n|\n|t:|1699923796\n|switch|p1a: Is She Weird?|Bounsweet, F|82\/100 par\n|move|p2a: Bounsweet|Dazzling Gleam|p1a: Is She Weird?\n|-damage|p1a: Is She Weird?|70\/100 par\n|\n|upkeep\n|turn|90\n|\n|t:|1699923799\n|switch|p2a: Rookidee|Rookidee, F|63\/100 tox\n|move|p1a: Is She Weird?|Toxic|p2a: Rookidee\n|-fail|p2a: Rookidee|tox\n|\n|-damage|p2a: Rookidee|56\/100 tox|[from] psn\n|upkeep\n|turn|91\n|\n|t:|1699923804\n|switch|p1a: Hang Wire|Pawmi, M|87\/100\n|move|p2a: Rookidee|U-turn|p1a: Hang Wire\n|-damage|p1a: Hang Wire|68\/100\n|\n|t:|1699923808\n|switch|p2a: Pawmi|Pawmi, F|100\/100|[from] U-turn\n|\n|upkeep\n|turn|92\n|\n|t:|1699923819\n|move|p2a: Pawmi|Volt Switch|p1a: Hang Wire\n|-resisted|p1a: Hang Wire\n|-damage|p1a: Hang Wire|58\/100\n|\n|t:|1699923822\n|switch|p2a: Bounsweet|Bounsweet, F|96\/100|[from] Volt Switch\n|move|p1a: Hang Wire|Wish|p1a: Hang Wire\n|\n|upkeep\n|turn|93\n|\n|t:|1699923830\n|switch|p2a: Rookidee|Rookidee, F|56\/100 tox\n|move|p1a: Hang Wire|Super Fang|p2a: Rookidee\n|-damage|p2a: Rookidee|28\/100 tox\n|\n|-heal|p1a: Hang Wire|100\/100|[from] move: Wish|[wisher] Hang Wire\n|-damage|p2a: Rookidee|22\/100 tox|[from] psn\n|upkeep\n|turn|94\n|\n|t:|1699923844\n|switch|p2a: Pawmi|Pawmi, F|100\/100\n|move|p1a: Hang Wire|Volt Switch|p2a: Pawmi\n|-resisted|p2a: Pawmi\n|-damage|p2a: Pawmi|94\/100\n|\n|t:|1699923845\n|switch|p1a: Is She Weird?|Bounsweet, F|70\/100 par|[from] Volt Switch\n|\n|upkeep\n|turn|95\n|\n|t:|1699923853\n|move|p2a: Pawmi|Wish|p2a: Pawmi\n|cant|p1a: Is She Weird?|par\n|\n|upkeep\n|turn|96\n|\n|t:|1699923856\n|switch|p2a: Rookidee|Rookidee, F|22\/100 tox\n|cant|p1a: Is She Weird?|par\n|\n|-heal|p2a: Rookidee|75\/100 tox|[from] move: Wish|[wisher] Pawmi\n|-damage|p2a: Rookidee|69\/100 tox|[from] psn\n|upkeep\n|turn|97\n|\n|t:|1699923862\n|switch|p2a: Bounsweet|Bounsweet, F|96\/100\n|switch|p1a: Hang Wire|Pawmi, M|100\/100\n|\n|upkeep\n|turn|98\n|\n|t:|1699923866\n|switch|p1a: Is She Weird?|Bounsweet, F|70\/100 par\n|move|p2a: Bounsweet|Aromatherapy|p2a: Bounsweet\n|-activate|p2a: Bounsweet|move: Aromatherapy\n|-curestatus|p2: Rookidee|tox|[msg]\n|\n|upkeep\n|turn|99\n|\n|t:|1699923872\n|switch|p2a: Pawmi|Pawmi, F|94\/100\n|move|p1a: Is She Weird?|Toxic|p2a: Pawmi\n|-status|p2a: Pawmi|tox\n|\n|-damage|p2a: Pawmi|88\/100 tox|[from] psn\n|upkeep\n|turn|100\n|\n|t:|1699923878\n|switch|p2a: Rookidee|Rookidee, F|69\/100\n|move|p1a: Is She Weird?|Aromatherapy|p1a: Is She Weird?\n|-activate|p1a: Is She Weird?|move: Aromatherapy\n|-curestatus|p1a: Is She Weird?|par|[msg]\n|\n|upkeep\n|turn|101\n|\n|t:|1699923881\n|switch|p1a: Hang Wire|Pawmi, M|100\/100\n|move|p2a: Rookidee|U-turn|p1a: Hang Wire\n|-damage|p1a: Hang Wire|85\/100\n|\n|t:|1699923885\n|switch|p2a: Bounsweet|Bounsweet, F|96\/100|[from] U-turn\n|\n|upkeep\n|turn|102\n|\n|t:|1699923897\n|switch|p1a: Is She Weird?|Bounsweet, F|70\/100\n|switch|p2a: Pawmi|Pawmi, F|88\/100 tox\n|\n|-damage|p2a: Pawmi|82\/100 tox|[from] psn\n|upkeep\n|turn|103\n|\n|t:|1699923908\n|switch|p1a: Hang Wire|Pawmi, M|85\/100\n|move|p2a: Pawmi|Volt Switch|p1a: Hang Wire\n|-resisted|p1a: Hang Wire\n|-damage|p1a: Hang Wire|73\/100\n|\n|t:|1699923911\n|switch|p2a: Bounsweet|Bounsweet, F|96\/100|[from] Volt Switch\n|\n|upkeep\n|turn|104\n|\n|t:|1699923919\n|switch|p1a: Is She Weird?|Bounsweet, F|70\/100\n|switch|p2a: Rookidee|Rookidee, F|69\/100\n|\n|upkeep\n|turn|105\n|\n|t:|1699923922\n|switch|p1a: Hang Wire|Pawmi, M|73\/100\n|move|p2a: Rookidee|U-turn|p1a: Hang Wire\n|-damage|p1a: Hang Wire|55\/100\n|\n|t:|1699923925\n|switch|p2a: Pawmi|Pawmi, F|82\/100 tox|[from] U-turn\n|\n|-damage|p2a: Pawmi|76\/100 tox|[from] psn\n|upkeep\n|turn|106\n|\n|t:|1699923932\n|move|p2a: Pawmi|Volt Switch|p1a: Hang Wire\n|-resisted|p1a: Hang Wire\n|-damage|p1a: Hang Wire|45\/100\n|\n|t:|1699923935\n|switch|p2a: Bounsweet|Bounsweet, F|96\/100|[from] Volt Switch\n|move|p1a: Hang Wire|Wish|p1a: Hang Wire\n|\n|upkeep\n|turn|107\n|\n|t:|1699923943\n|move|p1a: Hang Wire|Super Fang|p2a: Bounsweet\n|-damage|p2a: Bounsweet|48\/100\n|move|p2a: Bounsweet|Dazzling Gleam|p1a: Hang Wire\n|-damage|p1a: Hang Wire|28\/100\n|\n|-heal|p1a: Hang Wire|78\/100|[from] move: Wish|[wisher] Hang Wire\n|upkeep\n|turn|108\n|\n|t:|1699923948\n|switch|p2a: Pawmi|Pawmi, F|76\/100 tox\n|move|p1a: Hang Wire|Volt Switch|p2a: Pawmi\n|-resisted|p2a: Pawmi\n|-damage|p2a: Pawmi|70\/100 tox\n|\n|t:|1699923950\n|switch|p1a: Is She Weird?|Bounsweet, F|70\/100|[from] Volt Switch\n|\n|-damage|p2a: Pawmi|63\/100 tox|[from] psn\n|upkeep\n|turn|109\n|\n|t:|1699923955\n|move|p2a: Pawmi|Wish|p2a: Pawmi\n|move|p1a: Is She Weird?|Toxic|p2a: Pawmi\n|-fail|p2a: Pawmi|tox\n|\n|-damage|p2a: Pawmi|51\/100 tox|[from] psn\n|upkeep\n|turn|110\n|\n|t:|1699923960\n|move|p2a: Pawmi|Nuzzle|p1a: Is She Weird?\n|-resisted|p1a: Is She Weird?\n|-damage|p1a: Is She Weird?|68\/100\n|-status|p1a: Is She Weird?|par\n|move|p1a: Is She Weird?|Rapid Spin|p2a: Pawmi\n|-crit|p2a: Pawmi\n|-damage|p2a: Pawmi|34\/100 tox\n|-boost|p1a: Is She Weird?|spe|1\n|\n|-heal|p2a: Pawmi|84\/100 tox|[from] move: Wish|[wisher] Pawmi\n|-damage|p2a: Pawmi|66\/100 tox|[from] psn\n|upkeep\n|turn|111\n|\n|t:|1699923974\n|move|p2a: Pawmi|Volt Switch|p1a: Is She Weird?\n|-resisted|p1a: Is She Weird?\n|-damage|p1a: Is She Weird?|59\/100 par\n|\n|t:|1699923977\n|switch|p2a: Rookidee|Rookidee, F|69\/100|[from] Volt Switch\n|move|p1a: Is She Weird?|Toxic|p2a: Rookidee\n|-status|p2a: Rookidee|tox\n|\n|-damage|p2a: Rookidee|63\/100 tox|[from] psn\n|upkeep\n|turn|112\n|\n|t:|1699923980\n|switch|p1a: Hang Wire|Pawmi, M|78\/100\n|move|p2a: Rookidee|U-turn|p1a: Hang Wire\n|-crit|p1a: Hang Wire\n|-damage|p1a: Hang Wire|49\/100\n|\n|t:|1699923993\n|switch|p2a: Pawmi|Pawmi, F|66\/100 tox|[from] U-turn\n|\n|-damage|p2a: Pawmi|60\/100 tox|[from] psn\n|upkeep\n|turn|113\n|\n|t:|1699924001\n|move|p1a: Hang Wire|Wish|p1a: Hang Wire\n|move|p2a: Pawmi|Wish|p2a: Pawmi\n|\n|-damage|p2a: Pawmi|47\/100 tox|[from] psn\n|upkeep\n|turn|114\n|\n|t:|1699924010\n|move|p1a: Hang Wire|Super Fang|p2a: Pawmi\n|-damage|p2a: Pawmi|24\/100 tox\n|move|p2a: Pawmi|Nuzzle|p1a: Hang Wire\n|-resisted|p1a: Hang Wire\n|-damage|p1a: Hang Wire|47\/100\n|\n|-heal|p2a: Pawmi|74\/100 tox|[from] move: Wish|[wisher] Pawmi\n|-heal|p1a: Hang Wire|97\/100|[from] move: Wish|[wisher] Hang Wire\n|-damage|p2a: Pawmi|56\/100 tox|[from] psn\n|upkeep\n|turn|115\n|\n|t:|1699924017\n|move|p2a: Pawmi|Volt Switch|p1a: Hang Wire\n|-resisted|p1a: Hang Wire\n|-damage|p1a: Hang Wire|86\/100\n|\n|t:|1699924020\n|switch|p2a: Bounsweet|Bounsweet, F|48\/100|[from] Volt Switch\n|move|p1a: Hang Wire|Volt Switch|p2a: Bounsweet\n|-resisted|p2a: Bounsweet\n|-damage|p2a: Bounsweet|42\/100\n|\n|t:|1699924023\n|switch|p1a: Is She Weird?|Bounsweet, F|59\/100 par|[from] Volt Switch\n|\n|upkeep\n|turn|116\n|\n|t:|1699924032\n|switch|p2a: Pawmi|Pawmi, F|56\/100 tox\n|switch|p1a: Hang Wire|Pawmi, M|86\/100\n|\n|-damage|p2a: Pawmi|49\/100 tox|[from] psn\n|upkeep\n|turn|117\n|\n|t:|1699924039\n|switch|p1a: Is She Weird?|Bounsweet, F|59\/100 par\n|move|p2a: Pawmi|Wish|p2a: Pawmi\n|\n|-damage|p2a: Pawmi|37\/100 tox|[from] psn\n|upkeep\n|turn|118\n|\n|t:|1699924045\n|switch|p1a: Hang Wire|Pawmi, M|86\/100\n|move|p2a: Pawmi|Nuzzle|p1a: Hang Wire\n|-resisted|p1a: Hang Wire\n|-damage|p1a: Hang Wire|83\/100\n|\n|-heal|p2a: Pawmi|87\/100 tox|[from] move: Wish|[wisher] Pawmi\n|-damage|p2a: Pawmi|69\/100 tox|[from] psn\n|upkeep\n|turn|119\n|\n|t:|1699924052\n|move|p2a: Pawmi|Volt Switch|p1a: Hang Wire\n|-resisted|p1a: Hang Wire\n|-damage|p1a: Hang Wire|72\/100\n|\n|t:|1699924055\n|switch|p2a: Bounsweet|Bounsweet, F|42\/100|[from] Volt Switch\n|move|p1a: Hang Wire|Volt Switch|p2a: Bounsweet\n|-resisted|p2a: Bounsweet\n|-damage|p2a: Bounsweet|36\/100\n|\n|t:|1699924057\n|switch|p1a: Is She Weird?|Bounsweet, F|59\/100 par|[from] Volt Switch\n|\n|upkeep\n|turn|120\n|\n|t:|1699924063\n|switch|p2a: Pawmi|Pawmi, F|69\/100 tox\n|move|p1a: Is She Weird?|Rapid Spin|p2a: Pawmi\n|-damage|p2a: Pawmi|56\/100 tox\n|-boost|p1a: Is She Weird?|spe|1\n|\n|-damage|p2a: Pawmi|50\/100 tox|[from] psn\n|upkeep\n|turn|121\n|\n|t:|1699924068\n|move|p2a: Pawmi|Wish|p2a: Pawmi\n|move|p1a: Is She Weird?|Synthesis|p1a: Is She Weird?\n|-heal|p1a: Is She Weird?|100\/100 par\n|\n|-damage|p2a: Pawmi|38\/100 tox|[from] psn\n|upkeep\n|turn|122\n|\n|t:|1699924070\n|move|p2a: Pawmi|Volt Switch|p1a: Is She Weird?\n|-resisted|p1a: Is She Weird?\n|-damage|p1a: Is She Weird?|91\/100 par\n|\n|t:|1699924073\n|switch|p2a: Rookidee|Rookidee, F|63\/100 tox|[from] Volt Switch\n|cant|p1a: Is She Weird?|par\n|\n|-heal|p2a: Rookidee|100\/100 tox|[from] move: Wish|[wisher] Pawmi\n|-damage|p2a: Rookidee|94\/100 tox|[from] psn\n|upkeep\n|turn|123\n|\n|t:|1699924087\n|switch|p1a: Hang Wire|Pawmi, M|72\/100\n|move|p2a: Rookidee|U-turn|p1a: Hang Wire\n|-damage|p1a: Hang Wire|54\/100\n|\n|t:|1699924093\n|switch|p2a: Bounsweet|Bounsweet, F|36\/100|[from] U-turn\n|\n|upkeep\n|turn|124\n|\n|t:|1699924103\n|move|p1a: Hang Wire|Wish|p1a: Hang Wire\n|move|p2a: Bounsweet|Dazzling Gleam|p1a: Hang Wire\n|-damage|p1a: Hang Wire|38\/100\n|\n|upkeep\n|turn|125\n|\n|t:|1699924108\n|move|p1a: Hang Wire|Protect|p1a: Hang Wire\n|-singleturn|p1a: Hang Wire|Protect\n|move|p2a: Bounsweet|Dazzling Gleam|p1a: Hang Wire\n|-activate|p1a: Hang Wire|move: Protect\n|\n|-heal|p1a: Hang Wire|88\/100|[from] move: Wish|[wisher] Hang Wire\n|upkeep\n|turn|126\n|\n|t:|1699924110\n|switch|p1a: Is She Weird?|Bounsweet, F|91\/100 par\n|move|p2a: Bounsweet|Dazzling Gleam|p1a: Is She Weird?\n|-damage|p1a: Is She Weird?|79\/100 par\n|\n|upkeep\n|turn|127\n|\n|t:|1699924117\n|switch|p2a: Rookidee|Rookidee, F|94\/100 tox\n|move|p1a: Is She Weird?|Toxic|p2a: Rookidee\n|-fail|p2a: Rookidee|tox\n|\n|-damage|p2a: Rookidee|88\/100 tox|[from] psn\n|upkeep\n|turn|128\n|c|\u2606mushroomtester|2 wish left\n|\n|t:|1699924140\n|switch|p1a: Hang Wire|Pawmi, M|88\/100\n|move|p2a: Rookidee|U-turn|p1a: Hang Wire\n|-damage|p1a: Hang Wire|71\/100\n|\n|t:|1699924145\n|switch|p2a: Pawmi|Pawmi, F|38\/100 tox|[from] U-turn\n|\n|-damage|p2a: Pawmi|32\/100 tox|[from] psn\n|upkeep\n|turn|129\n|\n|t:|1699924147\n|switch|p1a: Is She Weird?|Bounsweet, F|79\/100 par\n|move|p2a: Pawmi|Wish|p2a: Pawmi\n|\n|-damage|p2a: Pawmi|20\/100 tox|[from] psn\n|upkeep\n|turn|130\n|\n|t:|1699924156\n|move|p2a: Pawmi|Protect|p2a: Pawmi\n|-singleturn|p2a: Pawmi|Protect\n|cant|p1a: Is She Weird?|par\n|\n|-heal|p2a: Pawmi|70\/100 tox|[from] move: Wish|[wisher] Pawmi\n|-damage|p2a: Pawmi|51\/100 tox|[from] psn\n|upkeep\n|turn|131\n|\n|t:|1699924170\n|move|p2a: Pawmi|Volt Switch|p1a: Is She Weird?\n|-resisted|p1a: Is She Weird?\n|-damage|p1a: Is She Weird?|70\/100 par\n|\n|t:|1699924174\n|switch|p2a: Rookidee|Rookidee, F|88\/100 tox|[from] Volt Switch\n|cant|p1a: Is She Weird?|par\n|\n|-damage|p2a: Rookidee|82\/100 tox|[from] psn\n|upkeep\n|turn|132\n|\n|t:|1699924201\n|switch|p1a: Hang Wire|Pawmi, M|71\/100\n|move|p2a: Rookidee|U-turn|p1a: Hang Wire\n|-damage|p1a: Hang Wire|52\/100\n|\n|t:|1699924209\n|switch|p2a: Pawmi|Pawmi, F|51\/100 tox|[from] U-turn\n|\n|-damage|p2a: Pawmi|45\/100 tox|[from] psn\n|upkeep\n|turn|133\n|\n|t:|1699924221\n|move|p1a: Hang Wire|Protect|p1a: Hang Wire\n|-singleturn|p1a: Hang Wire|Protect\n|move|p2a: Pawmi|Wish|p2a: Pawmi\n|\n|-damage|p2a: Pawmi|33\/100 tox|[from] psn\n|upkeep\n|turn|134\n|\n|t:|1699924237\n|move|p1a: Hang Wire|Protect|p1a: Hang Wire\n|-singleturn|p1a: Hang Wire|Protect\n|move|p2a: Pawmi|Volt Switch|p1a: Hang Wire\n|-activate|p1a: Hang Wire|move: Protect\n|\n|-heal|p2a: Pawmi|83\/100 tox|[from] move: Wish|[wisher] Pawmi\n|-damage|p2a: Pawmi|64\/100 tox|[from] psn\n|upkeep\n|turn|135\n|\n|t:|1699924240\n|move|p2a: Pawmi|Volt Switch|p1a: Hang Wire\n|-resisted|p1a: Hang Wire\n|-damage|p1a: Hang Wire|42\/100\n|\n|t:|1699924242\n|switch|p2a: Bounsweet|Bounsweet, F|36\/100|[from] Volt Switch\n|move|p1a: Hang Wire|Super Fang|p2a: Bounsweet\n|-damage|p2a: Bounsweet|18\/100\n|\n|upkeep\n|turn|136\n|\n|t:|1699924250\n|switch|p1a: Is She Weird?|Bounsweet, F|70\/100 par\n|switch|p2a: Pawmi|Pawmi, F|64\/100 tox\n|\n|-damage|p2a: Pawmi|58\/100 tox|[from] psn\n|upkeep\n|turn|137\n|\n|t:|1699924265\n|move|p2a: Pawmi|Wish|p2a: Pawmi\n|move|p1a: Is She Weird?|Synthesis|p1a: Is She Weird?\n|-heal|p1a: Is She Weird?|100\/100 par\n|\n|-damage|p2a: Pawmi|46\/100 tox|[from] psn\n|upkeep\n|turn|138\n|\n|t:|1699924269\n|move|p2a: Pawmi|Volt Switch|p1a: Is She Weird?\n|-resisted|p1a: Is She Weird?\n|-damage|p1a: Is She Weird?|92\/100 par\n|\n|t:|1699924272\n|switch|p2a: Bounsweet|Bounsweet, F|18\/100|[from] Volt Switch\n|move|p1a: Is She Weird?|Aromatherapy|p1a: Is She Weird?\n|-activate|p1a: Is She Weird?|move: Aromatherapy\n|-curestatus|p1a: Is She Weird?|par|[msg]\n|\n|-heal|p2a: Bounsweet|69\/100|[from] move: Wish|[wisher] Pawmi\n|upkeep\n|turn|139\n|\n|t:|1699924279\n|switch|p2a: Rookidee|Rookidee, F|82\/100 tox\n|move|p1a: Is She Weird?|Toxic|p2a: Rookidee\n|-fail|p2a: Rookidee|tox\n|\n|-damage|p2a: Rookidee|76\/100 tox|[from] psn\n|upkeep\n|turn|140\n|\n|t:|1699924289\n|move|p2a: Rookidee|U-turn|p1a: Is She Weird?\n|-supereffective|p1a: Is She Weird?\n|-damage|p1a: Is She Weird?|64\/100\n|\n|t:|1699924294\n|switch|p2a: Pawmi|Pawmi, F|46\/100 tox|[from] U-turn\n|move|p1a: Is She Weird?|Rapid Spin|p2a: Pawmi\n|-damage|p2a: Pawmi|36\/100 tox\n|-boost|p1a: Is She Weird?|spe|1\n|\n|-damage|p2a: Pawmi|29\/100 tox|[from] psn\n|upkeep\n|turn|141\n|\n|t:|1699924300\n|move|p2a: Pawmi|Wish|p2a: Pawmi\n|move|p1a: Is She Weird?|Rapid Spin|p2a: Pawmi\n|-damage|p2a: Pawmi|19\/100 tox\n|-boost|p1a: Is She Weird?|spe|1\n|-status|p1a: Is She Weird?|par|[from] ability: Static|[of] p2a: Pawmi\n|\n|-damage|p2a: Pawmi|6\/100 tox|[from] psn\n|upkeep\n|turn|142\n|\n|t:|1699924305\n|move|p2a: Pawmi|Protect|p2a: Pawmi\n|-singleturn|p2a: Pawmi|Protect\n|move|p1a: Is She Weird?|Synthesis|p1a: Is She Weird?\n|-heal|p1a: Is She Weird?|100\/100 par\n|\n|-heal|p2a: Pawmi|56\/100 tox|[from] move: Wish|[wisher] Pawmi\n|-damage|p2a: Pawmi|38\/100 tox|[from] psn\n|upkeep\n|turn|143\n|\n|t:|1699924311\n|switch|p2a: Rookidee|Rookidee, F|76\/100 tox\n|move|p1a: Is She Weird?|Aromatherapy|p1a: Is She Weird?\n|-activate|p1a: Is She Weird?|move: Aromatherapy\n|-curestatus|p1a: Is She Weird?|par|[msg]\n|\n|-damage|p2a: Rookidee|70\/100 tox|[from] psn\n|upkeep\n|turn|144\n|\n|t:|1699924314\n|move|p1a: Is She Weird?|Rapid Spin|p2a: Rookidee\n|-damage|p2a: Rookidee|62\/100 tox\n|-boost|p1a: Is She Weird?|spe|1\n|move|p2a: Rookidee|Brave Bird|p1a: Is She Weird?\n|-supereffective|p1a: Is She Weird?\n|-damage|p1a: Is She Weird?|32\/100\n|-damage|p2a: Rookidee|38\/100 tox|[from] Recoil\n|\n|-damage|p2a: Rookidee|26\/100 tox|[from] psn\n|upkeep\n|turn|145\n|\n|t:|1699924325\n|move|p1a: Is She Weird?|Synthesis|p1a: Is She Weird?\n|-heal|p1a: Is She Weird?|82\/100\n|move|p2a: Rookidee|Roost|p2a: Rookidee\n|-heal|p2a: Rookidee|76\/100 tox\n|-singleturn|p2a: Rookidee|move: Roost\n|\n|-damage|p2a: Rookidee|58\/100 tox|[from] psn\n|upkeep\n|turn|146\n|\n|t:|1699924336\n|move|p1a: Is She Weird?|Rapid Spin|p2a: Rookidee\n|-damage|p2a: Rookidee|50\/100 tox\n|-boost|p1a: Is She Weird?|spe|1\n|move|p2a: Rookidee|U-turn|p1a: Is She Weird?\n|-supereffective|p1a: Is She Weird?\n|-damage|p1a: Is She Weird?|55\/100\n|\n|t:|1699924340\n|switch|p2a: Bounsweet|Bounsweet, F|69\/100|[from] U-turn\n|\n|upkeep\n|turn|147\n|\n|t:|1699924348\n|move|p1a: Is She Weird?|Rapid Spin|p2a: Bounsweet\n|-damage|p2a: Bounsweet|61\/100\n|-boost|p1a: Is She Weird?|spe|1\n|move|p2a: Bounsweet|Dazzling Gleam|p1a: Is She Weird?\n|-damage|p1a: Is She Weird?|44\/100\n|\n|upkeep\n|turn|148\n|\n|t:|1699924360\n|move|p1a: Is She Weird?|Synthesis|p1a: Is She Weird?\n|-heal|p1a: Is She Weird?|94\/100\n|move|p2a: Bounsweet|Dazzling Gleam|p1a: Is She Weird?\n|-damage|p1a: Is She Weird?|82\/100\n|\n|upkeep\n|turn|149\n|\n|t:|1699924362\n|move|p1a: Is She Weird?|Rapid Spin|p2a: Bounsweet\n|-damage|p2a: Bounsweet|53\/100\n|-boost|p1a: Is She Weird?|spe|1\n|move|p2a: Bounsweet|Dazzling Gleam|p1a: Is She Weird?\n|-damage|p1a: Is She Weird?|68\/100\n|\n|upkeep\n|turn|150\n|\n|t:|1699924367\n|move|p1a: Is She Weird?|Rapid Spin|p2a: Bounsweet\n|-damage|p2a: Bounsweet|45\/100\n|move|p2a: Bounsweet|Dazzling Gleam|p1a: Is She Weird?\n|-damage|p1a: Is She Weird?|56\/100\n|\n|upkeep\n|turn|151\n|\n|t:|1699924370\n|switch|p2a: Rookidee|Rookidee, F|50\/100 tox\n|move|p1a: Is She Weird?|Rapid Spin|p2a: Rookidee\n|-damage|p2a: Rookidee|41\/100 tox\n|\n|-damage|p2a: Rookidee|35\/100 tox|[from] psn\n|upkeep\n|turn|152\n|\n|t:|1699924372\n|move|p1a: Is She Weird?|Synthesis|p1a: Is She Weird?\n|-heal|p1a: Is She Weird?|100\/100\n|move|p2a: Rookidee|Roost|p2a: Rookidee\n|-heal|p2a: Rookidee|85\/100 tox\n|-singleturn|p2a: Rookidee|move: Roost\n|\n|-damage|p2a: Rookidee|73\/100 tox|[from] psn\n|upkeep\n|turn|153\n|\n|t:|1699924376\n|move|p1a: Is She Weird?|Rapid Spin|p2a: Rookidee\n|-damage|p2a: Rookidee|64\/100 tox\n|move|p2a: Rookidee|U-turn|p1a: Is She Weird?\n|-supereffective|p1a: Is She Weird?\n|-damage|p1a: Is She Weird?|70\/100\n|\n|t:|1699924378\n|switch|p2a: Bounsweet|Bounsweet, F|45\/100|[from] U-turn\n|\n|upkeep\n|turn|154\n|\n|t:|1699924380\n|switch|p2a: Rookidee|Rookidee, F|64\/100 tox\n|move|p1a: Is She Weird?|Rapid Spin|p2a: Rookidee\n|-damage|p2a: Rookidee|55\/100 tox\n|\n|-damage|p2a: Rookidee|49\/100 tox|[from] psn\n|upkeep\n|turn|155\n|\n|t:|1699924382\n|move|p1a: Is She Weird?|Rapid Spin|p2a: Rookidee\n|-damage|p2a: Rookidee|41\/100 tox\n|move|p2a: Rookidee|Roost|p2a: Rookidee\n|-heal|p2a: Rookidee|91\/100 tox\n|-singleturn|p2a: Rookidee|move: Roost\n|\n|-damage|p2a: Rookidee|79\/100 tox|[from] psn\n|upkeep\n|turn|156\n|\n|t:|1699924384\n|move|p1a: Is She Weird?|Rapid Spin|p2a: Rookidee\n|-damage|p2a: Rookidee|71\/100 tox\n|move|p2a: Rookidee|U-turn|p1a: Is She Weird?\n|-supereffective|p1a: Is She Weird?\n|-damage|p1a: Is She Weird?|44\/100\n|j| Big Chungus342\n|\n|t:|1699924390\n|switch|p2a: Pawmi|Pawmi, F|38\/100 tox|[from] U-turn\n|\n|-damage|p2a: Pawmi|32\/100 tox|[from] psn\n|upkeep\n|turn|157\n|\n|t:|1699924392\n|move|p1a: Is She Weird?|Rapid Spin|p2a: Pawmi\n|-damage|p2a: Pawmi|21\/100 tox\n|move|p2a: Pawmi|Wish|p2a: Pawmi\n|\n|-damage|p2a: Pawmi|9\/100 tox|[from] psn\n|upkeep\n|turn|158\n|\n|t:|1699924398\n|move|p2a: Pawmi|Protect|p2a: Pawmi\n|-singleturn|p2a: Pawmi|Protect\n|move|p1a: Is She Weird?|Rapid Spin|p2a: Pawmi\n|-activate|p2a: Pawmi|move: Protect\n|\n|-heal|p2a: Pawmi|59\/100 tox|[from] move: Wish|[wisher] Pawmi\n|-damage|p2a: Pawmi|41\/100 tox|[from] psn\n|upkeep\n|turn|159\n|\n|t:|1699924400\n|move|p1a: Is She Weird?|Rapid Spin|p2a: Pawmi\n|-damage|p2a: Pawmi|29\/100 tox\n|move|p2a: Pawmi|Volt Switch|p1a: Is She Weird?\n|-resisted|p1a: Is She Weird?\n|-damage|p1a: Is She Weird?|35\/100\n|\n|t:|1699924402\n|switch|p2a: Rookidee|Rookidee, F|71\/100 tox|[from] Volt Switch\n|\n|-damage|p2a: Rookidee|65\/100 tox|[from] psn\n|upkeep\n|turn|160\n|\n|t:|1699924406\n|move|p1a: Is She Weird?|Synthesis|p1a: Is She Weird?\n|-heal|p1a: Is She Weird?|85\/100\n|move|p2a: Rookidee|U-turn|p1a: Is She Weird?\n|-supereffective|p1a: Is She Weird?\n|-damage|p1a: Is She Weird?|57\/100\n|\n|t:|1699924410\n|switch|p2a: Pawmi|Pawmi, F|29\/100 tox|[from] U-turn\n|\n|-damage|p2a: Pawmi|23\/100 tox|[from] psn\n|upkeep\n|turn|161\n|\n|t:|1699924415\n|move|p1a: Is She Weird?|Rapid Spin|p2a: Pawmi\n|-damage|p2a: Pawmi|11\/100 tox\n|move|p2a: Pawmi|Wish|p2a: Pawmi\n|\n|-damage|p2a: Pawmi|0 fnt|[from] psn\n|faint|p2a: Pawmi\n|upkeep\n|\n|t:|1699924418\n|switch|p2a: Rookidee|Rookidee, F|65\/100 tox\n|turn|162\n|c| Big Chungus342|real\n|\n|t:|1699924441\n|move|p1a: Is She Weird?|Rapid Spin|p2a: Rookidee\n|-damage|p2a: Rookidee|55\/100 tox\n|move|p2a: Rookidee|U-turn|p1a: Is She Weird?\n|-supereffective|p1a: Is She Weird?\n|-damage|p1a: Is She Weird?|28\/100\n|\n|t:|1699924443\n|switch|p2a: Bounsweet|Bounsweet, F|45\/100|[from] U-turn\n|\n|-heal|p2a: Bounsweet|96\/100|[from] move: Wish|[wisher] Pawmi\n|upkeep\n|turn|163\n|\n|t:|1699924447\n|move|p1a: Is She Weird?|Rapid Spin|p2a: Bounsweet\n|-damage|p2a: Bounsweet|88\/100\n|move|p2a: Bounsweet|Dazzling Gleam|p1a: Is She Weird?\n|-damage|p1a: Is She Weird?|15\/100\n|\n|upkeep\n|turn|164\n|\n|t:|1699924451\n|move|p1a: Is She Weird?|Rapid Spin|p2a: Bounsweet\n|-damage|p2a: Bounsweet|80\/100\n|move|p2a: Bounsweet|Dazzling Gleam|p1a: Is She Weird?\n|-damage|p1a: Is She Weird?|2\/100\n|\n|upkeep\n|turn|165\n|\n|t:|1699924454\n|move|p1a: Is She Weird?|Rapid Spin|p2a: Bounsweet\n|-damage|p2a: Bounsweet|72\/100\n|-activate|p2a: Bounsweet|move: Struggle\n|move|p2a: Bounsweet|Struggle|p1a: Is She Weird?\n|-damage|p1a: Is She Weird?|0 fnt\n|faint|p1a: Is She Weird?\n|-damage|p2a: Bounsweet|46\/100|[from] recoil\n|\n|upkeep\n|\n|t:|1699924457\n|switch|p1a: Hang Wire|Pawmi, M|42\/100\n|turn|166\n|\n|t:|1699924459\n|move|p1a: Hang Wire|Wish|p1a: Hang Wire\n|-activate|p2a: Bounsweet|move: Struggle\n|move|p2a: Bounsweet|Struggle|p1a: Hang Wire\n|-damage|p1a: Hang Wire|38\/100\n|-damage|p2a: Bounsweet|21\/100|[from] recoil\n|\n|upkeep\n|turn|167\n|\n|t:|1699924463\n|move|p1a: Hang Wire|Volt Switch|p2a: Bounsweet\n|-resisted|p2a: Bounsweet\n|-damage|p2a: Bounsweet|15\/100\n|-activate|p2a: Bounsweet|move: Struggle\n|move|p2a: Bounsweet|Struggle|p1a: Hang Wire\n|-damage|p1a: Hang Wire|35\/100\n|-damage|p2a: Bounsweet|0 fnt|[from] recoil\n|faint|p2a: Bounsweet\n|\n|-heal|p1a: Hang Wire|85\/100|[from] move: Wish|[wisher] Hang Wire\n|upkeep\n|\n|t:|1699924466\n|switch|p2a: Rookidee|Rookidee, F|55\/100 tox\n|turn|168\n|\n|t:|1699924470\n|move|p1a: Hang Wire|Volt Switch|p2a: Rookidee\n|-supereffective|p2a: Rookidee\n|-damage|p2a: Rookidee|8\/100 tox\n|move|p2a: Rookidee|Roost|p2a: Rookidee\n|-heal|p2a: Rookidee|58\/100 tox\n|-singleturn|p2a: Rookidee|move: Roost\n|\n|-damage|p2a: Rookidee|52\/100 tox|[from] psn\n|upkeep\n|turn|169\n|\n|t:|1699924476\n|move|p1a: Hang Wire|Volt Switch|p2a: Rookidee\n|-supereffective|p2a: Rookidee\n|-damage|p2a: Rookidee|13\/100 tox\n|move|p2a: Rookidee|Taunt|p1a: Hang Wire\n|-start|p1a: Hang Wire|move: Taunt\n|\n|-damage|p2a: Rookidee|0 fnt|[from] psn\n|faint|p2a: Rookidee\n|\n|win|gnsaigon\n|upkeep\n|c|\u2606gnsaigon|gg\n|c|\u2606gnsaigon|what a crazy match\n|c|\u2606mushroomtester|Ggs\n|c|\u2606gnsaigon|that was some top level play\n|c|\u2606gnsaigon|both ways\n|c|\u2606mushroomtester|Just so much pivoting\n","uploadtime":1699924513,"views":14,"p1id":"gnsaigon","p2id":"mushroomtester","formatid":"gen9nationaldex","rating":0,"private":0,"password":""}