{"id":"gen9nationaldex-1998952069","p1":"BeeruhBeement","p2":"Chalonge007","format":"[Gen 9] National Dex","log":"|html|<div class=\"broadcast-blue\"><strong>[Gen 9] National Dex is currently suspecting Sneasler! For information on how to participate check out the <a href=\"https:\/\/www.smogon.com\/forums\/threads\/sv-national-dex-suspect-8-just-dance.3731534\/\">suspect thread<\/a>.<\/strong><\/div>\n|j|\u2606BeeruhBeement\n|j|\u2606Chalonge007\n|t:|1701017042\n|gametype|singles\n|player|p1|BeeruhBeement|burglar-gen2|1317\n|player|p2|Chalonge007|102|1418\n|teamsize|p1|6\n|teamsize|p2|6\n|gen|9\n|tier|[Gen 9] National Dex\n|rated|\n|rule|HP Percentage Mod: HP is shown in percentages\n|rule|Endless Battle Clause: Forcing endless battles is banned\n|rule|OHKO Clause: OHKO moves are banned\n|rule|Evasion Clause: Evasion abilities, items, and moves are banned\n|rule|Evasion Abilities Clause: Evasion abilities are banned\n|rule|Evasion Items Clause: Evasion items are banned\n|rule|Evasion Moves Clause: Evasion moves are banned\n|rule|Species Clause: Limit one of each Pok\u00e9mon\n|rule|Sleep Clause Mod: Limit one foe put to sleep\n|clearpoke\n|poke|p1|Necrozma|\n|poke|p1|Lopunny, F|\n|poke|p1|Rotom-Wash|\n|poke|p1|Tapu Lele|\n|poke|p1|Sneasler, F|\n|poke|p1|Unfezant, F|\n|poke|p2|Skarmory, F|\n|poke|p2|Clodsire, F|\n|poke|p2|Toxapex, M|\n|poke|p2|Clefable, F|\n|poke|p2|Sableye, F|\n|poke|p2|Ferrothorn, F|\n|teampreview\n|\n|t:|1701017048\n|start\n|switch|p1a: Tapu Lele|Tapu Lele|100\/100\n|switch|p2a: Skarmory|Skarmory, F|100\/100\n|-fieldstart|move: Psychic Terrain|[from] ability: Psychic Surge|[of] p1a: Tapu Lele\n|turn|1\n|j| TFT S10player\n|l| TFT S10player\n|\n|t:|1701017056\n|move|p1a: Tapu Lele|Focus Blast|p2a: Skarmory|[miss]\n|-miss|p1a: Tapu Lele|p2a: Skarmory\n|move|p2a: Skarmory|Roost||[still]\n|-fail|p2a: Skarmory|heal\n|\n|upkeep\n|turn|2\n|\n|t:|1701017058\n|switch|p2a: Sableye|Sableye, F|100\/100\n|move|p1a: Tapu Lele|Focus Blast|p2a: Sableye\n|-immune|p2a: Sableye\n|\n|upkeep\n|turn|3\n|\n|t:|1701017063\n|switch|p1a: Rotom|Rotom-Wash|100\/100\n|detailschange|p2a: Sableye|Sableye-Mega, F\n|-mega|p2a: Sableye|Sableye|Sablenite\n|move|p2a: Sableye|Knock Off|p1a: Rotom\n|-damage|p1a: Rotom|79\/100\n|-enditem|p1a: Rotom|Leftovers|[from] move: Knock Off|[of] p2a: Sableye\n|\n|upkeep\n|turn|4\n|\n|t:|1701017067\n|switch|p2a: Clodsire|Clodsire, F|100\/100\n|move|p1a: Rotom|Volt Switch|p2a: Clodsire\n|-immune|p2a: Clodsire\n|\n|upkeep\n|turn|5\n|\n|t:|1701017070\n|move|p1a: Rotom|Will-O-Wisp|p2a: Clodsire|[miss]\n|-miss|p1a: Rotom|p2a: Clodsire\n|move|p2a: Clodsire|Toxic|p1a: Rotom\n|-status|p1a: Rotom|tox\n|\n|-damage|p1a: Rotom|73\/100 tox|[from] psn\n|-fieldend|move: Psychic Terrain\n|upkeep\n|turn|6\n|\n|t:|1701017081\n|switch|p2a: Skarmory|Skarmory, F|100\/100\n|move|p1a: Rotom|Will-O-Wisp|p2a: Skarmory\n|-status|p2a: Skarmory|brn\n|\n|-damage|p1a: Rotom|60\/100 tox|[from] psn\n|-damage|p2a: Skarmory|95\/100 brn|[from] brn\n|upkeep\n|turn|7\n|\n|t:|1701017085\n|switch|p2a: Clodsire|Clodsire, F|100\/100\n|move|p1a: Rotom|Will-O-Wisp|p2a: Clodsire\n|-status|p2a: Clodsire|brn\n|\n|-damage|p1a: Rotom|41\/100 tox|[from] psn\n|-damage|p2a: Clodsire|94\/100 brn|[from] brn\n|upkeep\n|turn|8\n|\n|t:|1701017089\n|move|p1a: Rotom|Pain Split|p2a: Clodsire\n|-sethp|p2a: Clodsire|61\/100 brn|[from] move: Pain Split|[silent]\n|-sethp|p1a: Rotom|92\/100 tox|[from] move: Pain Split\n|move|p2a: Clodsire|Toxic|p1a: Rotom\n|-fail|p1a: Rotom|tox\n|\n|-heal|p2a: Clodsire|67\/100 brn|[from] item: Black Sludge\n|-damage|p1a: Rotom|67\/100 tox|[from] psn\n|-damage|p2a: Clodsire|61\/100 brn|[from] brn\n|upkeep\n|turn|9\n|\n|t:|1701017095\n|move|p1a: Rotom|Hydro Pump|p2a: Clodsire\n|-heal|p2a: Clodsire|86\/100 brn|[from] ability: Water Absorb|[of] p1a: Rotom\n|move|p2a: Clodsire|Recover|p2a: Clodsire\n|-heal|p2a: Clodsire|100\/100 brn\n|\n|-damage|p1a: Rotom|36\/100 tox|[from] psn\n|-damage|p2a: Clodsire|94\/100 brn|[from] brn\n|upkeep\n|turn|10\n|\n|t:|1701017101\n|switch|p2a: Sableye|Sableye-Mega, F|100\/100\n|move|p1a: Rotom|Pain Split|p2a: Sableye\n|-sethp|p2a: Sableye|68\/100|[from] move: Pain Split|[silent]\n|-sethp|p1a: Rotom|68\/100 tox|[from] move: Pain Split\n|\n|-damage|p1a: Rotom|31\/100 tox|[from] psn\n|upkeep\n|turn|11\n|\n|t:|1701017109\n|move|p1a: Rotom|Will-O-Wisp|p2a: Sableye\n|move|p2a: Sableye|Will-O-Wisp||[from]ability: Magic Bounce|[still]\n|-fail|p2a: Sableye\n|move|p2a: Sableye|Knock Off|p1a: Rotom\n|-damage|p1a: Rotom|16\/100 tox\n|\n|-damage|p1a: Rotom|0 fnt|[from] psn\n|faint|p1a: Rotom\n|upkeep\n|\n|t:|1701017113\n|switch|p1a: Tapu Lele|Tapu Lele|100\/100\n|-fieldstart|move: Psychic Terrain|[from] ability: Psychic Surge|[of] p1a: Tapu Lele\n|turn|12\n|\n|t:|1701017116\n|move|p2a: Sableye|Protect|p2a: Sableye\n|-singleturn|p2a: Sableye|Protect\n|move|p1a: Tapu Lele|Moonblast|p2a: Sableye\n|-activate|p2a: Sableye|move: Protect\n|\n|upkeep\n|turn|13\n|\n|t:|1701017127\n|switch|p1a: Necrozma|Necrozma, shiny|100\/100\n|switch|p2a: Toxapex|Toxapex, M|100\/100\n|\n|upkeep\n|turn|14\n|\n|t:|1701017131\n|move|p1a: Necrozma|Photon Geyser|p2a: Toxapex\n|-supereffective|p2a: Toxapex\n|-crit|p2a: Toxapex\n|-damage|p2a: Toxapex|0 fnt\n|faint|p2a: Toxapex\n|\n|upkeep\n|\n|t:|1701017140\n|switch|p2a: Skarmory|Skarmory, F|95\/100 brn\n|turn|15\n|\n|t:|1701017144\n|move|p1a: Necrozma|Knock Off|p2a: Skarmory\n|-damage|p2a: Skarmory|74\/100 brn\n|-damage|p1a: Necrozma|84\/100|[from] item: Rocky Helmet|[of] p2a: Skarmory\n|-enditem|p2a: Skarmory|Rocky Helmet|[from] move: Knock Off|[of] p1a: Necrozma\n|move|p2a: Skarmory|Stealth Rock|p1a: Necrozma\n|-sidestart|p1: BeeruhBeement|move: Stealth Rock\n|\n|-damage|p2a: Skarmory|68\/100 brn|[from] brn\n|upkeep\n|turn|16\n|\n|t:|1701017152\n|move|p1a: Necrozma|Dragon Dance|p1a: Necrozma\n|-boost|p1a: Necrozma|atk|1\n|-boost|p1a: Necrozma|spe|1\n|move|p2a: Skarmory|Spikes|p1a: Necrozma\n|-sidestart|p1: BeeruhBeement|Spikes\n|\n|-damage|p2a: Skarmory|62\/100 brn|[from] brn\n|-fieldend|move: Psychic Terrain\n|upkeep\n|turn|17\n|\n|t:|1701017156\n|move|p1a: Necrozma|Dragon Dance|p1a: Necrozma\n|-boost|p1a: Necrozma|atk|1\n|-boost|p1a: Necrozma|spe|1\n|move|p2a: Skarmory|Whirlwind|p1a: Necrozma\n|drag|p1a: Lopunny|Lopunny, F|100\/100\n|-damage|p1a: Lopunny|88\/100|[from] Stealth Rock\n|-damage|p1a: Lopunny|76\/100|[from] Spikes\n|\n|-damage|p2a: Skarmory|56\/100 brn|[from] brn\n|upkeep\n|turn|18\n|\n|t:|1701017159\n|detailschange|p1a: Lopunny|Lopunny-Mega, F\n|-mega|p1a: Lopunny|Lopunny|Lopunnite\n|move|p1a: Lopunny|Fake Out|p2a: Skarmory\n|-resisted|p2a: Skarmory\n|-damage|p2a: Skarmory|49\/100 brn\n|cant|p2a: Skarmory|flinch\n|\n|-damage|p2a: Skarmory|43\/100 brn|[from] brn\n|upkeep\n|turn|19\n|\n|t:|1701017163\n|move|p1a: Lopunny|U-turn|p2a: Skarmory\n|-resisted|p2a: Skarmory\n|-damage|p2a: Skarmory|40\/100 brn\n|\n|t:|1701017166\n|switch|p1a: Necrozma|Necrozma, shiny|84\/100|[from] U-turn\n|-damage|p1a: Necrozma|72\/100|[from] Stealth Rock\n|-damage|p1a: Necrozma|60\/100|[from] Spikes\n|move|p2a: Skarmory|Roost|p2a: Skarmory\n|-heal|p2a: Skarmory|90\/100 brn\n|-singleturn|p2a: Skarmory|move: Roost\n|\n|-damage|p2a: Skarmory|84\/100 brn|[from] brn\n|upkeep\n|turn|20\n|\n|t:|1701017172\n|move|p1a: Necrozma|Photon Geyser|p2a: Skarmory\n|-resisted|p2a: Skarmory\n|-damage|p2a: Skarmory|69\/100 brn\n|move|p2a: Skarmory|Whirlwind|p1a: Necrozma\n|drag|p1a: Tapu Lele|Tapu Lele|100\/100\n|-damage|p1a: Tapu Lele|88\/100|[from] Stealth Rock\n|-damage|p1a: Tapu Lele|76\/100|[from] Spikes\n|-fieldstart|move: Psychic Terrain|[from] ability: Psychic Surge|[of] p1a: Tapu Lele\n|\n|-damage|p2a: Skarmory|63\/100 brn|[from] brn\n|upkeep\n|turn|21\n|\n|t:|1701017181\n|switch|p2a: Sableye|Sableye-Mega, F|68\/100\n|move|p1a: Tapu Lele|Moonblast|p2a: Sableye\n|-supereffective|p2a: Sableye\n|-damage|p2a: Sableye|0 fnt\n|faint|p2a: Sableye\n|\n|upkeep\n|\n|t:|1701017183\n|switch|p2a: Skarmory|Skarmory, F|63\/100 brn\n|turn|22\n|\n|t:|1701017188\n|switch|p1a: Necrozma|Necrozma, shiny|60\/100\n|-damage|p1a: Necrozma|47\/100|[from] Stealth Rock\n|-damage|p1a: Necrozma|35\/100|[from] Spikes\n|move|p2a: Skarmory|Spikes|p1a: Necrozma\n|-sidestart|p1: BeeruhBeement|Spikes\n|\n|-damage|p2a: Skarmory|57\/100 brn|[from] brn\n|upkeep\n|turn|23\n|\n|t:|1701017191\n|move|p1a: Necrozma|Photon Geyser|p2a: Skarmory\n|-resisted|p2a: Skarmory\n|-damage|p2a: Skarmory|38\/100 brn\n|move|p2a: Skarmory|Roost|p2a: Skarmory\n|-heal|p2a: Skarmory|88\/100 brn\n|-singleturn|p2a: Skarmory|move: Roost\n|\n|-damage|p2a: Skarmory|82\/100 brn|[from] brn\n|upkeep\n|turn|24\n|\n|t:|1701017194\n|move|p1a: Necrozma|Photon Geyser|p2a: Skarmory\n|-resisted|p2a: Skarmory\n|-damage|p2a: Skarmory|63\/100 brn\n|move|p2a: Skarmory|Whirlwind|p1a: Necrozma\n|drag|p1a: Sneasler|Sneasler, F|100\/100\n|-damage|p1a: Sneasler|95\/100|[from] Stealth Rock\n|-damage|p1a: Sneasler|78\/100|[from] Spikes\n|-enditem|p1a: Sneasler|Psychic Seed\n|-boost|p1a: Sneasler|spd|1|[from] item: Psychic Seed\n|\n|-damage|p2a: Skarmory|57\/100 brn|[from] brn\n|-fieldend|move: Psychic Terrain\n|upkeep\n|turn|25\n|\n|t:|1701017199\n|move|p1a: Sneasler|Close Combat|p2a: Skarmory\n|-damage|p2a: Skarmory|15\/100 brn\n|-unboost|p1a: Sneasler|def|1\n|-unboost|p1a: Sneasler|spd|1\n|move|p2a: Skarmory|Spikes|p1a: Sneasler\n|-sidestart|p1: BeeruhBeement|Spikes\n|\n|-damage|p2a: Skarmory|9\/100 brn|[from] brn\n|upkeep\n|turn|26\n|\n|t:|1701017212\n|move|p1a: Sneasler|Close Combat|p2a: Skarmory\n|-damage|p2a: Skarmory|0 fnt\n|-unboost|p1a: Sneasler|def|1\n|-unboost|p1a: Sneasler|spd|1\n|faint|p2a: Skarmory\n|\n|upkeep\n|\n|t:|1701017220\n|switch|p2a: Clodsire|Clodsire, F|94\/100 brn\n|turn|27\n|\n|t:|1701017226\n|-terastallize|p1a: Sneasler|Flying\n|move|p1a: Sneasler|Swords Dance|p1a: Sneasler\n|-boost|p1a: Sneasler|atk|2\n|move|p2a: Clodsire|Earthquake|p1a: Sneasler\n|-immune|p1a: Sneasler\n|\n|-heal|p2a: Clodsire|100\/100 brn|[from] item: Black Sludge\n|-damage|p2a: Clodsire|94\/100 brn|[from] brn\n|upkeep\n|turn|28\n|\n|t:|1701017231\n|switch|p2a: Clefable|Clefable, F|100\/100\n|move|p1a: Sneasler|Acrobatics|p2a: Clefable\n|-damage|p2a: Clefable|36\/100\n|\n|upkeep\n|turn|29\n|\n|t:|1701017237\n|move|p1a: Sneasler|Dire Claw|p2a: Clefable\n|-supereffective|p2a: Clefable\n|-damage|p2a: Clefable|0 fnt\n|faint|p2a: Clefable\n|\n|upkeep\n|\n|t:|1701017241\n|switch|p2a: Clodsire|Clodsire, F|94\/100 brn\n|turn|30\n|\n|t:|1701017243\n|move|p1a: Sneasler|Acrobatics|p2a: Clodsire\n|-damage|p2a: Clodsire|0 fnt\n|faint|p2a: Clodsire\n|\n|upkeep\n|-message|Chalonge007 forfeited.\n|\n|win|BeeruhBeement\n|raw|BeeruhBeement's rating: 1317 &rarr; <strong>1343<\/strong><br \/>(+26 for winning)\n|raw|Chalonge007's rating: 1418 &rarr; <strong>1392<\/strong><br \/>(-26 for losing)\n|l|\u2606Chalonge007\n","uploadtime":1701017255,"views":17,"p1id":"beeruhbeement","p2id":"chalonge007","formatid":"gen9nationaldex","rating":1343,"private":0,"password":""}