{"id":"gen9nationaldex-1988990762","p1":"sgsegesgeah","p2":"Pyroblaze212","format":"[Gen 9] National Dex","log":"|j|\u2606sgsegesgeah\n|j|\u2606Pyroblaze212\n|t:|1699799266\n|gametype|singles\n|player|p1|sgsegesgeah|roark|1590\n|player|p2|Pyroblaze212|169|1749\n|teamsize|p1|6\n|teamsize|p2|6\n|gen|9\n|tier|[Gen 9] National Dex\n|rated|\n|rule|HP Percentage Mod: HP is shown in percentages\n|rule|Endless Battle Clause: Forcing endless battles is banned\n|rule|OHKO Clause: OHKO moves are banned\n|rule|Evasion Clause: Evasion abilities, items, and moves are banned\n|rule|Evasion Abilities Clause: Evasion abilities are banned\n|rule|Evasion Items Clause: Evasion items are banned\n|rule|Evasion Moves Clause: Evasion moves are banned\n|rule|Species Clause: Limit one of each Pok\u00e9mon\n|rule|Sleep Clause Mod: Limit one foe put to sleep\n|clearpoke\n|poke|p1|Tyranitar, M|\n|poke|p1|Garganacl, F|\n|poke|p1|Aggron, M|\n|poke|p1|Cradily, F|\n|poke|p1|Glimmora, M|\n|poke|p1|Solrock|\n|poke|p2|Garchomp, M|\n|poke|p2|Tornadus-Therian, M|\n|poke|p2|Scizor, M|\n|poke|p2|Tapu Fini|\n|poke|p2|Victini|\n|poke|p2|Greninja-*, M|\n|teampreview\n|j| xuxiansheng\n|\n|t:|1699799297\n|start\n|switch|p1a: Solrock|Solrock|100\/100\n|switch|p2a: Greninja|Greninja, M|100\/100\n|turn|1\n|inactive|Battle timer is ON: inactive players will automatically lose when time's up. (requested by Pyroblaze212)\n|\n|t:|1699799336\n|switch|p1a: Cradily|Cradily, F|100\/100\n|move|p2a: Greninja|Surf|p1a: Cradily\n|-start|p2a: Greninja|typechange|Water|[from] ability: Protean\n|-ability|p1a: Cradily|Storm Drain|boost\n|-boost|p1a: Cradily|spa|1\n|\n|upkeep\n|turn|2\n|j| Deedezs\n|j| rowletroost\n|\n|t:|1699799350\n|switch|p2a: Tornadus|Tornadus-Therian, M|100\/100\n|move|p1a: Cradily|Infestation|p2a: Tornadus\n|-resisted|p2a: Tornadus\n|-damage|p2a: Tornadus|97\/100\n|-activate|p2a: Tornadus|move: Infestation|[of] p1a: Cradily\n|\n|-damage|p2a: Tornadus|81\/100|[from] move: Infestation|[partiallytrapped]\n|upkeep\n|turn|3\n|\n|t:|1699799361\n|-zpower|p2a: Tornadus\n|move|p2a: Tornadus|All-Out Pummeling|p1a: Cradily|[zeffect]\n|-supereffective|p1a: Cradily\n|-damage|p1a: Cradily|2\/100\n|move|p1a: Cradily|Leech Seed|p2a: Tornadus\n|-start|p2a: Tornadus|move: Leech Seed\n|\n|-damage|p2a: Tornadus|68\/100|[from] Leech Seed|[of] p1a: Cradily\n|-heal|p1a: Cradily|12\/100|[silent]\n|-damage|p2a: Tornadus|52\/100|[from] move: Infestation|[partiallytrapped]\n|upkeep\n|turn|4\n|\n|t:|1699799376\n|switch|p1a: Glimmora|Glimmora, M|100\/100\n|move|p2a: Tornadus|Taunt|p1a: Glimmora\n|-start|p1a: Glimmora|move: Taunt\n|\n|-damage|p2a: Tornadus|40\/100|[from] Leech Seed|[of] p1a: Glimmora\n|-end|p2a: Tornadus|Infestation|[partiallytrapped]|[silent]\n|upkeep\n|turn|5\n|\n|t:|1699799387\n|switch|p2a: Garchomp|Garchomp, M|100\/100\n|move|p1a: Glimmora|Sludge Wave|p2a: Garchomp\n|-resisted|p2a: Garchomp\n|-damage|p2a: Garchomp|75\/100\n|\n|upkeep\n|turn|6\n|\n|t:|1699799394\n|switch|p1a: Solrock|Solrock|100\/100\n|move|p2a: Garchomp|Earthquake|p1a: Solrock\n|-immune|p1a: Solrock|[from] ability: Levitate\n|\n|upkeep\n|turn|7\n|\n|t:|1699799410\n|switch|p2a: Victini|Victini|100\/100\n|move|p1a: Solrock|Will-O-Wisp|p2a: Victini\n|-immune|p2a: Victini\n|\n|upkeep\n|turn|8\n|\n|t:|1699799417\n|switch|p1a: Glimmora|Glimmora, M|100\/100\n|move|p2a: Victini|U-turn|p1a: Glimmora\n|-resisted|p1a: Glimmora\n|-damage|p1a: Glimmora|81\/100\n|-activate|p1a: Glimmora|ability: Toxic Debris\n|-sidestart|p2: Pyroblaze212|move: Toxic Spikes\n|\n|t:|1699799425\n|switch|p2a: Scizor|Scizor, M|100\/100|[from] U-turn\n|\n|upkeep\n|turn|9\n|\n|t:|1699799459\n|switch|p1a: Aggron|Aggron, M|100\/100\n|detailschange|p2a: Scizor|Scizor-Mega, M\n|-mega|p2a: Scizor|Scizor|Scizorite\n|move|p2a: Scizor|Bullet Punch|p1a: Aggron\n|-damage|p1a: Aggron|84\/100\n|\n|upkeep\n|turn|10\n|\n|t:|1699799468\n|switch|p2a: Tornadus|Tornadus-Therian, M|73\/100\n|detailschange|p1a: Aggron|Aggron-Mega, M\n|-mega|p1a: Aggron|Aggron|Aggronite\n|move|p1a: Aggron|Body Press|p2a: Tornadus\n|-resisted|p2a: Tornadus\n|-damage|p2a: Tornadus|39\/100\n|\n|upkeep\n|turn|11\n|\n|t:|1699799497\n|switch|p1a: Garganacl|Garganacl, F|100\/100\n|move|p2a: Tornadus|Defog|p1a: Garganacl\n|-unboost|p1a: Garganacl|evasion|1\n|-sideend|p2: Pyroblaze212|Toxic Spikes|[from] move: Defog|[of] p2a: Tornadus\n|\n|upkeep\n|turn|12\n|inactive|Pyroblaze212 has 120 seconds left.\n|l| Deedezs\n|\n|t:|1699799546\n|switch|p2a: Tapu Fini|Tapu Fini|100\/100\n|-fieldstart|move: Misty Terrain|[from] ability: Misty Surge|[of] p2a: Tapu Fini\n|move|p1a: Garganacl|Salt Cure|p2a: Tapu Fini\n|-damage|p2a: Tapu Fini|91\/100\n|-start|p2a: Tapu Fini|Salt Cure\n|\n|-heal|p2a: Tapu Fini|97\/100|[from] item: Leftovers\n|-damage|p2a: Tapu Fini|72\/100|[from] Salt Cure\n|upkeep\n|turn|13\n|\n|t:|1699799561\n|switch|p1a: Tyranitar|Tyranitar, M|100\/100\n|-weather|Sandstorm|[from] ability: Sand Stream|[of] p1a: Tyranitar\n|-terastallize|p2a: Tapu Fini|Ghost\n|move|p2a: Tapu Fini|Whirlpool|p1a: Tyranitar\n|-supereffective|p1a: Tyranitar\n|-damage|p1a: Tyranitar|93\/100\n|-activate|p1a: Tyranitar|move: Whirlpool|[of] p2a: Tapu Fini\n|\n|-weather|Sandstorm|[upkeep]\n|-damage|p2a: Tapu Fini|66\/100|[from] Sandstorm\n|-heal|p2a: Tapu Fini|72\/100|[from] item: Leftovers\n|-damage|p2a: Tapu Fini|59\/100|[from] Salt Cure\n|-damage|p1a: Tyranitar|81\/100|[from] move: Whirlpool|[partiallytrapped]\n|upkeep\n|turn|14\n|j| outdated ahh team\n|j| Albion3569\n|\n|t:|1699799578\n|-activate|p2a: Tapu Fini|move: Pursuit\n|move|p1a: Tyranitar|Pursuit|p2a: Tapu Fini|[from]Pursuit\n|-supereffective|p2a: Tapu Fini\n|-damage|p2a: Tapu Fini|12\/100\n|switch|p2a: Garchomp|Garchomp, M|75\/100\n|\n|-weather|Sandstorm|[upkeep]\n|-end|p1a: Tyranitar|Whirlpool|[partiallytrapped]|[silent]\n|upkeep\n|turn|15\n|\n|t:|1699799597\n|switch|p2a: Scizor|Scizor-Mega, M|100\/100\n|switch|p1a: Solrock|Solrock|100\/100\n|\n|-weather|Sandstorm|[upkeep]\n|upkeep\n|turn|16\n|\n|t:|1699799606\n|move|p2a: Scizor|Swords Dance|p2a: Scizor\n|-boost|p2a: Scizor|atk|2\n|move|p1a: Solrock|Will-O-Wisp|p2a: Scizor\n|-activate|p2a: Scizor|move: Misty Terrain\n|\n|-weather|Sandstorm|[upkeep]\n|-fieldend|Misty Terrain\n|upkeep\n|turn|17\n|\n|t:|1699799619\n|switch|p1a: Aggron|Aggron-Mega, M|84\/100\n|move|p2a: Scizor|Bug Bite|p1a: Aggron\n|-resisted|p1a: Aggron\n|-crit|p1a: Aggron\n|-damage|p1a: Aggron|51\/100\n|\n|-weather|none\n|upkeep\n|turn|18\n|\n|t:|1699799628\n|move|p2a: Scizor|Swords Dance|p2a: Scizor\n|-boost|p2a: Scizor|atk|2\n|move|p1a: Aggron|Rest|p1a: Aggron\n|-status|p1a: Aggron|slp|[from] move: Rest\n|-heal|p1a: Aggron|100\/100 slp|[silent]\n|\n|upkeep\n|turn|19\n|\n|t:|1699799636\n|move|p2a: Scizor|Swords Dance|p2a: Scizor\n|-boost|p2a: Scizor|atk|2\n|cant|p1a: Aggron|slp\n|move|p1a: Aggron|Sleep Talk|p1a: Aggron\n|move|p1a: Aggron|Iron Defense|p1a: Aggron|[from]move: Sleep Talk\n|-boost|p1a: Aggron|def|2\n|\n|upkeep\n|turn|20\n|\n|t:|1699799646\n|move|p2a: Scizor|Knock Off|p1a: Aggron\n|-damage|p1a: Aggron|80\/100 slp\n|cant|p1a: Aggron|slp\n|move|p1a: Aggron|Sleep Talk|p1a: Aggron\n|move|p1a: Aggron|Body Press|p2a: Scizor|[from]move: Sleep Talk\n|-damage|p2a: Scizor|26\/100\n|\n|upkeep\n|turn|21\n|l| Albion3569\n|inactive|Pyroblaze212 has 120 seconds left.\n|\n|t:|1699799660\n|switch|p2a: Tornadus|Tornadus-Therian, M|72\/100\n|-curestatus|p1a: Aggron|slp|[msg]\n|move|p1a: Aggron|Body Press|p2a: Tornadus\n|-resisted|p2a: Tornadus\n|-damage|p2a: Tornadus|4\/100\n|\n|upkeep\n|turn|22\n|inactive|Pyroblaze212 has 120 seconds left.\n|\n|t:|1699799668\n|switch|p1a: Tyranitar|Tyranitar, M|81\/100\n|-weather|Sandstorm|[from] ability: Sand Stream|[of] p1a: Tyranitar\n|move|p2a: Tornadus|Focus Blast|p1a: Tyranitar\n|-supereffective|p1a: Tyranitar\n|-damage|p1a: Tyranitar|41\/100\n|\n|-weather|Sandstorm|[upkeep]\n|-damage|p2a: Tornadus|0 fnt|[from] Sandstorm\n|faint|p2a: Tornadus\n|upkeep\n|inactive|Pyroblaze212 has 120 seconds left.\n|c|\u2606sgsegesgeah|ttar eats those all day\n|\n|t:|1699799681\n|switch|p2a: Victini|Victini|100\/100\n|turn|23\n|inactive|Pyroblaze212 has 120 seconds left.\n|\n|t:|1699799689\n|switch|p2a: Greninja|Greninja, M|100\/100\n|switch|p1a: Glimmora|Glimmora, M|81\/100\n|\n|-weather|Sandstorm|[upkeep]\n|-damage|p2a: Greninja|95\/100|[from] Sandstorm\n|upkeep\n|turn|24\n|inactive|Pyroblaze212 has 120 seconds left.\n|\n|t:|1699799703\n|switch|p1a: Garganacl|Garganacl, F|100\/100\n|move|p2a: Greninja|Dark Pulse|p1a: Garganacl\n|-start|p2a: Greninja|typechange|Dark|[from] ability: Protean\n|-damage|p1a: Garganacl|79\/100\n|-enditem|p1a: Garganacl|Maranga Berry|[eat]\n|-boost|p1a: Garganacl|spd|1|[from] item: Maranga Berry\n|\n|-weather|Sandstorm|[upkeep]\n|-damage|p2a: Greninja|89\/100|[from] Sandstorm\n|upkeep\n|turn|25\n|inactive|Pyroblaze212 has 120 seconds left.\n|\n|t:|1699799719\n|switch|p2a: Garchomp|Garchomp, M|75\/100\n|move|p1a: Garganacl|Salt Cure|p2a: Garchomp\n|-resisted|p2a: Garchomp\n|-damage|p2a: Garchomp|69\/100\n|-start|p2a: Garchomp|Salt Cure\n|\n|-weather|Sandstorm|[upkeep]\n|-damage|p2a: Garchomp|57\/100|[from] Salt Cure\n|upkeep\n|turn|26\n|inactive|Pyroblaze212 has 120 seconds left.\n|\n|t:|1699799755\n|switch|p2a: Greninja|Greninja, M|89\/100\n|switch|p1a: Glimmora|Glimmora, M|81\/100\n|\n|-weather|none\n|upkeep\n|turn|27\n|inactive|sgsegesgeah has 120 seconds left.\n|\n|t:|1699799777\n|switch|p1a: Tyranitar|Tyranitar, M|41\/100\n|-weather|Sandstorm|[from] ability: Sand Stream|[of] p1a: Tyranitar\n|move|p2a: Greninja|Surf|p1a: Tyranitar\n|-start|p2a: Greninja|typechange|Water|[from] ability: Protean\n|-supereffective|p1a: Tyranitar\n|-damage|p1a: Tyranitar|6\/100\n|\n|-weather|Sandstorm|[upkeep]\n|-damage|p2a: Greninja|83\/100|[from] Sandstorm\n|upkeep\n|turn|28\n|inactive|sgsegesgeah has 120 seconds left.\n|inactive|Pyroblaze212 has 90 seconds left.\n|\n|t:|1699799801\n|-activate|p2a: Greninja|move: Pursuit\n|move|p1a: Tyranitar|Pursuit|p2a: Greninja|[from]Pursuit\n|-damage|p2a: Greninja|27\/100\n|switch|p2a: Scizor|Scizor-Mega, M|26\/100\n|\n|-weather|Sandstorm|[upkeep]\n|upkeep\n|turn|29\n|inactive|Pyroblaze212 has 90 seconds left.\n|inactive|sgsegesgeah has 120 seconds left.\n|inactive|sgsegesgeah has 90 seconds left.\n|\n|t:|1699799850\n|switch|p1a: Aggron|Aggron-Mega, M|80\/100\n|move|p2a: Scizor|Knock Off|p1a: Aggron\n|-damage|p1a: Aggron|70\/100\n|\n|-weather|Sandstorm|[upkeep]\n|upkeep\n|turn|30\n|inactive|sgsegesgeah has 90 seconds left.\n|j| Toon_13_Test\n|\n|t:|1699799859\n|switch|p2a: Victini|Victini|100\/100\n|move|p1a: Aggron|Body Press|p2a: Victini\n|-resisted|p2a: Victini\n|-damage|p2a: Victini|78\/100\n|\n|-weather|Sandstorm|[upkeep]\n|-damage|p2a: Victini|72\/100|[from] Sandstorm\n|upkeep\n|turn|31\n|inactive|Pyroblaze212 has 90 seconds left.\n|\n|t:|1699799873\n|switch|p2a: Greninja|Greninja, M|27\/100\n|switch|p1a: Glimmora|Glimmora, M|81\/100\n|\n|-weather|none\n|upkeep\n|turn|32\n|inactive|Pyroblaze212 has 90 seconds left.\n|l| Toon_13_Test\n|inactive|sgsegesgeah has 90 seconds left.\n|\n|t:|1699799897\n|switch|p1a: Tyranitar|Tyranitar, M|6\/100\n|-weather|Sandstorm|[from] ability: Sand Stream|[of] p1a: Tyranitar\n|move|p2a: Greninja|Dark Pulse|p1a: Tyranitar\n|-start|p2a: Greninja|typechange|Dark|[from] ability: Protean\n|-resisted|p1a: Tyranitar\n|-damage|p1a: Tyranitar|0 fnt\n|faint|p1a: Tyranitar\n|\n|-weather|Sandstorm|[upkeep]\n|-damage|p2a: Greninja|21\/100|[from] Sandstorm\n|upkeep\n|l| outdated ahh team\n|inactive|sgsegesgeah has 90 seconds left.\n|\n|t:|1699799906\n|switch|p1a: Glimmora|Glimmora, M|81\/100\n|turn|33\n|j| ChiYuSpaceCowboy\n|inactive|Pyroblaze212 has 90 seconds left.\n|l| rowletroost\n|\n|t:|1699799928\n|switch|p2a: Garchomp|Garchomp, M|57\/100\n|move|p1a: Glimmora|Spikes|p2a: Garchomp\n|-sidestart|p2: Pyroblaze212|Spikes\n|\n|-weather|Sandstorm|[upkeep]\n|upkeep\n|turn|34\n|inactive|Pyroblaze212 has 90 seconds left.\n|\n|t:|1699799942\n|switch|p1a: Solrock|Solrock|100\/100\n|move|p2a: Garchomp|Earthquake|p1a: Solrock\n|-immune|p1a: Solrock|[from] ability: Levitate\n|\n|-weather|Sandstorm|[upkeep]\n|upkeep\n|turn|35\n|inactive|Pyroblaze212 has 90 seconds left.\n|\n|t:|1699799954\n|switch|p2a: Tapu Fini|Tapu Fini, tera:Ghost|12\/100\n|-damage|p2a: Tapu Fini|0 fnt|[from] Spikes\n|faint|p2a: Tapu Fini\n|move|p1a: Solrock|Cosmic Power|p1a: Solrock\n|-boost|p1a: Solrock|def|1\n|-boost|p1a: Solrock|spd|1\n|\n|-weather|Sandstorm|[upkeep]\n|upkeep\n|inactive|Pyroblaze212 has 90 seconds left.\n|\n|t:|1699799969\n|switch|p2a: Victini|Victini|72\/100\n|-damage|p2a: Victini|60\/100|[from] Spikes\n|turn|36\n|inactive|Pyroblaze212 has 90 seconds left.\n|\n|t:|1699799977\n|switch|p1a: Glimmora|Glimmora, M|81\/100\n|move|p2a: Victini|Zen Headbutt|p1a: Glimmora\n|-supereffective|p1a: Glimmora\n|-damage|p1a: Glimmora|0 fnt\n|-activate|p1a: Glimmora|ability: Toxic Debris\n|-sidestart|p2: Pyroblaze212|move: Toxic Spikes\n|faint|p1a: Glimmora\n|\n|-weather|none\n|upkeep\n|\n|t:|1699799984\n|switch|p1a: Solrock|Solrock|100\/100\n|turn|37\n|\n|t:|1699799995\n|switch|p2a: Scizor|Scizor-Mega, M|26\/100\n|-damage|p2a: Scizor|13\/100|[from] Spikes\n|move|p1a: Solrock|Cosmic Power|p1a: Solrock\n|-boost|p1a: Solrock|def|1\n|-boost|p1a: Solrock|spd|1\n|\n|upkeep\n|turn|38\n|\n|t:|1699800005\n|switch|p2a: Victini|Victini|60\/100\n|-damage|p2a: Victini|47\/100|[from] Spikes\n|-status|p2a: Victini|psn\n|switch|p1a: Aggron|Aggron-Mega, M|70\/100\n|\n|-damage|p2a: Victini|35\/100 psn|[from] psn\n|upkeep\n|turn|39\n|inactive|Pyroblaze212 has 90 seconds left.\n|\n|t:|1699800021\n|switch|p1a: Cradily|Cradily, F|12\/100\n|move|p2a: Victini|V-create|p1a: Cradily\n|-damage|p1a: Cradily|0 fnt\n|-unboost|p2a: Victini|spe|1\n|-unboost|p2a: Victini|def|1\n|-unboost|p2a: Victini|spd|1\n|faint|p1a: Cradily\n|\n|-damage|p2a: Victini|23\/100 psn|[from] psn\n|upkeep\n|\n|t:|1699800031\n|switch|p1a: Garganacl|Garganacl, F|79\/100\n|turn|40\n|\n|t:|1699800050\n|move|p2a: Victini|V-create|p1a: Garganacl\n|-resisted|p1a: Garganacl\n|-damage|p1a: Garganacl|40\/100\n|-unboost|p2a: Victini|spe|1\n|-unboost|p2a: Victini|def|1\n|-unboost|p2a: Victini|spd|1\n|move|p1a: Garganacl|Iron Defense|p1a: Garganacl\n|-boost|p1a: Garganacl|def|2\n|\n|-damage|p2a: Victini|10\/100 psn|[from] psn\n|upkeep\n|turn|41\n|\n|t:|1699800061\n|move|p2a: Victini|V-create|p1a: Garganacl\n|-resisted|p1a: Garganacl\n|-damage|p1a: Garganacl|19\/100\n|-unboost|p2a: Victini|spe|1\n|-unboost|p2a: Victini|def|1\n|-unboost|p2a: Victini|spd|1\n|move|p1a: Garganacl|Recover|p1a: Garganacl\n|-heal|p1a: Garganacl|69\/100\n|\n|-damage|p2a: Victini|0 fnt|[from] psn\n|faint|p2a: Victini\n|upkeep\n|inactive|Pyroblaze212 has 90 seconds left.\n|\n|t:|1699800075\n|switch|p2a: Greninja|Greninja, M|21\/100\n|-damage|p2a: Greninja|9\/100|[from] Spikes\n|-status|p2a: Greninja|psn\n|turn|42\n|\n|t:|1699800082\n|-terastallize|p1a: Garganacl|Ghost\n|move|p2a: Greninja|Dark Pulse|p1a: Garganacl\n|-start|p2a: Greninja|typechange|Dark|[from] ability: Protean\n|-supereffective|p1a: Garganacl\n|-damage|p1a: Garganacl|2\/100\n|move|p1a: Garganacl|Recover|p1a: Garganacl\n|-heal|p1a: Garganacl|52\/100\n|\n|-damage|p2a: Greninja|0 fnt|[from] psn\n|faint|p2a: Greninja\n|upkeep\n|inactive|Pyroblaze212 has 90 seconds left.\n|-message|Pyroblaze212 forfeited.\n|\n|win|sgsegesgeah\n|raw|sgsegesgeah's rating: 1590 &rarr; <strong>1619<\/strong><br \/>(+29 for winning)\n|raw|Pyroblaze212's rating: 1749 &rarr; <strong>1720<\/strong><br \/>(-29 for losing)\n|l|\u2606Pyroblaze212\n|c|\u2606sgsegesgeah|: )\n|c|\u2606sgsegesgeah|fu\n|c|\u2606sgsegesgeah|fufuffu\n|c|\u2606sgsegesgeah|mwha\n|c|\u2606sgsegesgeah|mhahahahahaha\n","uploadtime":1699800120,"views":4,"p1id":"sgsegesgeah","p2id":"pyroblaze212","formatid":"gen9nationaldex","rating":1619,"private":0,"password":""}