{"id":"gen9nationaldex-1994215657","p1":"FrostBv","p2":"Ace1162","format":"[Gen 9] National Dex","log":"|j|\u2606FrostBv\n|j|\u2606Ace1162\n|t:|1700419836\n|gametype|singles\n|player|p1|FrostBv|giovanni|1000\n|player|p2|Ace1162|hilbert-wonderlauncher|1100\n|teamsize|p1|6\n|teamsize|p2|6\n|gen|9\n|tier|[Gen 9] National Dex\n|rated|\n|rule|HP Percentage Mod: HP is shown in percentages\n|rule|Endless Battle Clause: Forcing endless battles is banned\n|rule|OHKO Clause: OHKO moves are banned\n|rule|Evasion Clause: Evasion abilities, items, and moves are banned\n|rule|Evasion Abilities Clause: Evasion abilities are banned\n|rule|Evasion Items Clause: Evasion items are banned\n|rule|Evasion Moves Clause: Evasion moves are banned\n|rule|Species Clause: Limit one of each Pok\u00e9mon\n|rule|Sleep Clause Mod: Limit one foe put to sleep\n|clearpoke\n|poke|p1|Rotom-Wash|\n|poke|p1|Clodsire, M|\n|poke|p1|Weavile, M|\n|poke|p1|Samurott-Hisui, M|\n|poke|p1|Garchomp, F|\n|poke|p1|Scrafty, F|\n|poke|p2|Aggron, M|\n|poke|p2|Whimsicott, F|\n|poke|p2|Toxapex, F|\n|poke|p2|Goodra-Hisui, F|\n|poke|p2|Corviknight, M|\n|poke|p2|Garganacl, F|\n|teampreview\n|\n|t:|1700419852\n|start\n|switch|p1a: Clodsire|Clodsire, M|100\/100\n|switch|p2a: Cadbury|Goodra-Hisui, F|100\/100\n|turn|1\n|\n|t:|1700419857\n|move|p2a: Cadbury|Knock Off|p1a: Clodsire\n|-damage|p1a: Clodsire|80\/100\n|-enditem|p1a: Clodsire|Leftovers|[from] move: Knock Off|[of] p2a: Cadbury\n|move|p1a: Clodsire|Curse|p1a: Clodsire\n|-unboost|p1a: Clodsire|spe|1\n|-boost|p1a: Clodsire|atk|1\n|-boost|p1a: Clodsire|def|1\n|\n|upkeep\n|turn|2\n|\n|t:|1700419865\n|move|p2a: Cadbury|Ice Beam|p1a: Clodsire\n|-supereffective|p1a: Clodsire\n|-damage|p1a: Clodsire|47\/100\n|move|p1a: Clodsire|Curse|p1a: Clodsire\n|-unboost|p1a: Clodsire|spe|1\n|-boost|p1a: Clodsire|atk|1\n|-boost|p1a: Clodsire|def|1\n|\n|upkeep\n|turn|3\n|\n|t:|1700419872\n|move|p2a: Cadbury|Ice Beam|p1a: Clodsire\n|-supereffective|p1a: Clodsire\n|-damage|p1a: Clodsire|16\/100\n|move|p1a: Clodsire|Earthquake|p2a: Cadbury\n|-supereffective|p2a: Cadbury\n|-damage|p2a: Cadbury|0 fnt\n|faint|p2a: Cadbury\n|\n|upkeep\n|\n|t:|1700419878\n|switch|p2a: Goro|Corviknight, M|100\/100\n|turn|4\n|\n|t:|1700419882\n|move|p2a: Goro|Body Press|p1a: Clodsire\n|-resisted|p1a: Clodsire\n|-damage|p1a: Clodsire|10\/100\n|move|p1a: Clodsire|Yawn|p2a: Goro\n|-start|p2a: Goro|move: Yawn|[of] p1a: Clodsire\n|\n|upkeep\n|turn|5\n|\n|t:|1700419896\n|switch|p1a: Samurott|Samurott-Hisui, M|100\/100\n|move|p2a: Goro|U-turn|p1a: Samurott\n|-supereffective|p1a: Samurott\n|-damage|p1a: Samurott|63\/100\n|\n|t:|1700419902\n|switch|p2a: Loki|Whimsicott, F, shiny|100\/100|[from] U-turn\n|\n|upkeep\n|turn|6\n|\n|t:|1700419911\n|move|p2a: Loki|Leech Seed|p1a: Samurott\n|-hint|Since gen 7, Dark is immune to Prankster moves.\n|-immune|p1a: Samurott\n|move|p1a: Samurott|Swords Dance|p1a: Samurott\n|-boost|p1a: Samurott|atk|2\n|\n|upkeep\n|turn|7\n|\n|t:|1700419924\n|switch|p2a: Cool Guy|Aggron, M|100\/100\n|move|p1a: Samurott|X-Scissor|p2a: Cool Guy\n|-resisted|p2a: Cool Guy\n|-damage|p2a: Cool Guy|78\/100\n|-damage|p1a: Samurott|53\/100|[from] item: Life Orb\n|\n|upkeep\n|turn|8\n|\n|t:|1700419935\n|detailschange|p2a: Cool Guy|Aggron-Mega, M\n|-mega|p2a: Cool Guy|Aggron|Aggronite\n|move|p1a: Samurott|Aqua Cutter|p2a: Cool Guy\n|-damage|p2a: Cool Guy|26\/100\n|-damage|p1a: Samurott|43\/100|[from] item: Life Orb\n|move|p2a: Cool Guy|Body Press|p1a: Samurott\n|-supereffective|p1a: Samurott\n|-damage|p1a: Samurott|0 fnt\n|faint|p1a: Samurott\n|\n|upkeep\n|\n|t:|1700419952\n|switch|p1a: Rotom|Rotom-Wash|100\/100\n|turn|9\n|\n|t:|1700419958\n|move|p1a: Rotom|Discharge|p2a: Cool Guy\n|-damage|p2a: Cool Guy|0 fnt\n|faint|p2a: Cool Guy\n|\n|upkeep\n|\n|t:|1700419962\n|switch|p2a: Swag Messiah|Garganacl, F|100\/100\n|turn|10\n|\n|t:|1700419965\n|move|p1a: Rotom|Will-O-Wisp|p2a: Swag Messiah|[miss]\n|-miss|p1a: Rotom|p2a: Swag Messiah\n|move|p2a: Swag Messiah|Stealth Rock|p1a: Rotom\n|-sidestart|p1: FrostBv|move: Stealth Rock\n|\n|upkeep\n|turn|11\n|\n|t:|1700419969\n|move|p1a: Rotom|Will-O-Wisp|p2a: Swag Messiah\n|-immune|p2a: Swag Messiah|[from] ability: Purifying Salt\n|move|p2a: Swag Messiah|Salt Cure|p1a: Rotom\n|-damage|p1a: Rotom|83\/100\n|-start|p1a: Rotom|Salt Cure\n|\n|-heal|p1a: Rotom|89\/100|[from] item: Leftovers\n|-damage|p1a: Rotom|64\/100|[from] Salt Cure\n|upkeep\n|turn|12\n|\n|t:|1700419979\n|move|p1a: Rotom|Hydro Pump|p2a: Swag Messiah\n|-supereffective|p2a: Swag Messiah\n|-damage|p2a: Swag Messiah|11\/100\n|move|p2a: Swag Messiah|Avalanche|p1a: Rotom\n|-resisted|p1a: Rotom\n|-damage|p1a: Rotom|46\/100\n|\n|-heal|p1a: Rotom|52\/100|[from] item: Leftovers\n|-heal|p2a: Swag Messiah|18\/100|[from] item: Leftovers\n|-damage|p1a: Rotom|27\/100|[from] Salt Cure\n|upkeep\n|turn|13\n|\n|t:|1700419989\n|switch|p2a: BigStall\u2122|Toxapex, F|100\/100\n|move|p1a: Rotom|Discharge|p2a: BigStall\u2122\n|-supereffective|p2a: BigStall\u2122\n|-damage|p2a: BigStall\u2122|49\/100\n|-status|p2a: BigStall\u2122|par\n|\n|-heal|p1a: Rotom|34\/100|[from] item: Leftovers\n|-heal|p2a: BigStall\u2122|55\/100 par|[from] item: Black Sludge\n|-damage|p1a: Rotom|9\/100|[from] Salt Cure\n|upkeep\n|turn|14\n|\n|t:|1700419999\n|move|p1a: Rotom|Discharge|p2a: BigStall\u2122\n|-supereffective|p2a: BigStall\u2122\n|-damage|p2a: BigStall\u2122|2\/100 par\n|move|p2a: BigStall\u2122|Infestation|p1a: Rotom\n|-damage|p1a: Rotom|5\/100\n|-activate|p1a: Rotom|move: Infestation|[of] p2a: BigStall\u2122\n|\n|-heal|p1a: Rotom|11\/100|[from] item: Leftovers\n|-heal|p2a: BigStall\u2122|8\/100 par|[from] item: Black Sludge\n|-damage|p1a: Rotom|0 fnt|[from] move: Infestation|[partiallytrapped]\n|faint|p1a: Rotom\n|upkeep\n|\n|t:|1700420013\n|switch|p1a: Scrafty|Scrafty, F|100\/100\n|-damage|p1a: Scrafty|95\/100|[from] Stealth Rock\n|turn|15\n|\n|t:|1700420019\n|cant|p2a: BigStall\u2122|par\n|move|p1a: Scrafty|Dragon Dance|p1a: Scrafty\n|-boost|p1a: Scrafty|atk|1\n|-boost|p1a: Scrafty|spe|1\n|\n|-heal|p2a: BigStall\u2122|14\/100 par|[from] item: Black Sludge\n|upkeep\n|turn|16\n|\n|t:|1700420028\n|move|p1a: Scrafty|Iron Head|p2a: BigStall\u2122\n|-resisted|p2a: BigStall\u2122\n|-damage|p2a: BigStall\u2122|2\/100 par\n|move|p2a: BigStall\u2122|Haze|p2a: BigStall\u2122\n|-clearallboost\n|\n|-heal|p2a: BigStall\u2122|8\/100 par|[from] item: Black Sludge\n|upkeep\n|turn|17\n|\n|t:|1700420037\n|cant|p2a: BigStall\u2122|par\n|move|p1a: Scrafty|Iron Head|p2a: BigStall\u2122\n|-resisted|p2a: BigStall\u2122\n|-damage|p2a: BigStall\u2122|0 fnt\n|faint|p2a: BigStall\u2122\n|-ability|p1a: Scrafty|Moxie|boost\n|-boost|p1a: Scrafty|atk|1\n|\n|upkeep\n|\n|t:|1700420042\n|switch|p2a: Goro|Corviknight, M|100\/100\n|turn|18\n|\n|t:|1700420049\n|-terastallize|p1a: Scrafty|Poison\n|move|p1a: Scrafty|Dragon Dance|p1a: Scrafty\n|-boost|p1a: Scrafty|atk|1\n|-boost|p1a: Scrafty|spe|1\n|move|p2a: Goro|Body Press|p1a: Scrafty\n|-resisted|p1a: Scrafty\n|-damage|p1a: Scrafty|81\/100\n|\n|upkeep\n|turn|19\n|\n|t:|1700420057\n|move|p1a: Scrafty|Ice Punch|p2a: Goro\n|-damage|p2a: Goro|71\/100\n|move|p2a: Goro|Body Press|p1a: Scrafty\n|-resisted|p1a: Scrafty\n|-damage|p1a: Scrafty|68\/100\n|\n|upkeep\n|turn|20\n|\n|t:|1700420063\n|move|p1a: Scrafty|Dragon Dance|p1a: Scrafty\n|-boost|p1a: Scrafty|atk|1\n|-boost|p1a: Scrafty|spe|1\n|move|p2a: Goro|Body Press|p1a: Scrafty\n|-resisted|p1a: Scrafty\n|-damage|p1a: Scrafty|54\/100\n|\n|upkeep\n|turn|21\n|\n|t:|1700420069\n|move|p1a: Scrafty|Close Combat|p2a: Goro\n|-damage|p2a: Goro|0 fnt\n|-unboost|p1a: Scrafty|def|1\n|-unboost|p1a: Scrafty|spd|1\n|faint|p2a: Goro\n|-ability|p1a: Scrafty|Moxie|boost\n|-boost|p1a: Scrafty|atk|1\n|\n|upkeep\n|-message|Ace1162 forfeited.\n|\n|win|FrostBv\n|raw|FrostBv's rating: 1000 &rarr; <strong>1051<\/strong><br \/>(+51 for winning)\n|raw|Ace1162's rating: 1100 &rarr; <strong>1068<\/strong><br \/>(-32 for losing)\n|l|\u2606Ace1162\n","uploadtime":1700420079,"views":5,"p1id":"frostbv","p2id":"ace1162","formatid":"gen9nationaldex","rating":1051,"private":0,"password":""}