{"id":"gen9nationaldex-1993033818","p1":"ShowdownSaga","p2":"ifydufyuoutcd","format":"[Gen 9] National Dex","log":"|j|\u2606ShowdownSaga\n|j|\u2606ifydufyuoutcd\n|t:|1700257529\n|gametype|singles\n|player|p1|ShowdownSaga|volo|1273\n|player|p2|ifydufyuoutcd|kimonogirl|1169\n|teamsize|p1|6\n|teamsize|p2|6\n|gen|9\n|tier|[Gen 9] National Dex\n|rated|\n|rule|HP Percentage Mod: HP is shown in percentages\n|rule|Endless Battle Clause: Forcing endless battles is banned\n|rule|OHKO Clause: OHKO moves are banned\n|rule|Evasion Clause: Evasion abilities, items, and moves are banned\n|rule|Evasion Abilities Clause: Evasion abilities are banned\n|rule|Evasion Items Clause: Evasion items are banned\n|rule|Evasion Moves Clause: Evasion moves are banned\n|rule|Species Clause: Limit one of each Pok\u00e9mon\n|rule|Sleep Clause Mod: Limit one foe put to sleep\n|clearpoke\n|poke|p1|Swampert, M|\n|poke|p1|Zapdos|\n|poke|p1|Urshifu-*, F|\n|poke|p1|Tapu Koko|\n|poke|p1|Pelipper, F|\n|poke|p1|Ribombee, M|\n|poke|p2|Great Tusk|\n|poke|p2|Alomomola, F|\n|poke|p2|Gliscor, M|\n|poke|p2|Diancie|\n|poke|p2|Ferrothorn, F|\n|poke|p2|Tornadus-Therian, M|\n|teampreview\n|inactive|Battle timer is ON: inactive players will automatically lose when time's up. (requested by ShowdownSaga)\n|\n|t:|1700257540\n|start\n|switch|p1a: Bee|Ribombee, M, shiny|100\/100\n|switch|p2a: Diancie|Diancie|100\/100\n|turn|1\n|\n|t:|1700257549\n|detailschange|p2a: Diancie|Diancie-Mega\n|-mega|p2a: Diancie|Diancie|Diancite\n|move|p1a: Bee|Sticky Web|p2a: Diancie\n|move|p2a: Diancie|Sticky Web|p1a: Bee|[from]ability: Magic Bounce\n|-sidestart|p1: ShowdownSaga|move: Sticky Web\n|move|p2a: Diancie|Moonblast|p1a: Bee\n|-enditem|p1a: Bee|Focus Sash\n|-damage|p1a: Bee|1\/100\n|\n|upkeep\n|turn|2\n|\n|t:|1700257555\n|move|p1a: Bee|Tailwind|p1a: Bee\n|-sidestart|p1: ShowdownSaga|move: Tailwind\n|move|p2a: Diancie|Moonblast|p1a: Bee\n|-damage|p1a: Bee|0 fnt\n|faint|p1a: Bee\n|\n|upkeep\n|\n|t:|1700257565\n|switch|p1a: Peri|Pelipper, F, shiny|100\/100\n|-weather|RainDance|[from] ability: Drizzle|[of] p1a: Peri\n|turn|3\n|\n|t:|1700257569\n|move|p2a: Diancie|Substitute|p2a: Diancie\n|-start|p2a: Diancie|Substitute\n|-damage|p2a: Diancie|76\/100\n|move|p1a: Peri|Defog|p2a: Diancie\n|move|p2a: Diancie|Defog|p1a: Peri|[from]ability: Magic Bounce\n|-unboost|p1a: Peri|evasion|1\n|-sideend|p1: ShowdownSaga|Sticky Web|[from] move: Defog|[of] p2a: Diancie\n|\n|-weather|RainDance|[upkeep]\n|upkeep\n|turn|4\n|\n|t:|1700257576\n|move|p2a: Diancie|Diamond Storm|p1a: Peri\n|-supereffective|p1a: Peri\n|-damage|p1a: Peri|14\/100\n|move|p1a: Peri|U-turn|p2a: Diancie\n|-resisted|p2a: Diancie\n|-activate|p2a: Diancie|move: Substitute|[damage]\n|\n|t:|1700257586\n|switch|p1a: Uberfu|Urshifu-Rapid-Strike, F|100\/100|[from] U-turn\n|\n|-weather|RainDance|[upkeep]\n|upkeep\n|turn|5\n|\n|t:|1700257595\n|switch|p2a: Alomomola|Alomomola, F|100\/100\n|-terastallize|p1a: Uberfu|Water\n|move|p1a: Uberfu|Surging Strikes|p2a: Alomomola\n|-resisted|p2a: Alomomola\n|-crit|p2a: Alomomola\n|-damage|p2a: Alomomola|89\/100\n|-resisted|p2a: Alomomola\n|-crit|p2a: Alomomola\n|-damage|p2a: Alomomola|76\/100\n|-resisted|p2a: Alomomola\n|-crit|p2a: Alomomola\n|-damage|p2a: Alomomola|65\/100\n|-hitcount|p2a: Alomomola|3\n|\n|-weather|RainDance|[upkeep]\n|-sideend|p1: ShowdownSaga|move: Tailwind\n|upkeep\n|turn|6\n|\n|t:|1700257601\n|move|p1a: Uberfu|Thunder Punch|p2a: Alomomola\n|-supereffective|p2a: Alomomola\n|-damage|p2a: Alomomola|34\/100\n|move|p2a: Alomomola|Flip Turn|p1a: Uberfu\n|-resisted|p1a: Uberfu\n|-damage|p1a: Uberfu|89\/100\n|\n|t:|1700257613\n|switch|p2a: Tornadus|Tornadus-Therian, M|100\/100|[from] Flip Turn\n|\n|-weather|RainDance|[upkeep]\n|upkeep\n|turn|7\n|\n|t:|1700257622\n|switch|p1a: KokeKo|Tapu Koko, shiny|100\/100\n|-fieldstart|move: Electric Terrain|[from] ability: Electric Surge|[of] p1a: KokeKo\n|move|p2a: Tornadus|Hurricane|p1a: KokeKo\n|-resisted|p1a: KokeKo\n|-crit|p1a: KokeKo\n|-damage|p1a: KokeKo|66\/100\n|\n|-weather|RainDance|[upkeep]\n|upkeep\n|turn|8\n|\n|t:|1700257631\n|switch|p1a: Bird|Zapdos, shiny|100\/100\n|switch|p2a: Gliscor|Gliscor, M|100\/100\n|\n|-weather|RainDance|[upkeep]\n|-status|p2a: Gliscor|tox|[from] item: Toxic Orb\n|upkeep\n|turn|9\n|\n|t:|1700257635\n|switch|p2a: Ferrothorn|Ferrothorn, F|100\/100\n|move|p1a: Bird|Weather Ball|p2a: Ferrothorn\n|-resisted|p2a: Ferrothorn\n|-damage|p2a: Ferrothorn|86\/100\n|\n|-weather|RainDance|[upkeep]\n|-heal|p2a: Ferrothorn|92\/100|[from] item: Leftovers\n|upkeep\n|turn|10\n|\n|t:|1700257641\n|move|p1a: Bird|Hurricane|p2a: Ferrothorn\n|-damage|p2a: Ferrothorn|57\/100\n|move|p2a: Ferrothorn|Spikes|p1a: Bird\n|-sidestart|p1: ShowdownSaga|Spikes\n|\n|-weather|none\n|-heal|p2a: Ferrothorn|63\/100|[from] item: Leftovers\n|upkeep\n|turn|11\n|\n|t:|1700257646\n|switch|p2a: Gliscor|Gliscor, M|100\/100 tox\n|move|p1a: Bird|Hurricane|p2a: Gliscor|[miss]\n|-miss|p1a: Bird|p2a: Gliscor\n|\n|-fieldend|move: Electric Terrain\n|upkeep\n|turn|12\n|\n|t:|1700257650\n|switch|p1a: Peri|Pelipper, F, shiny|14\/100\n|-weather|RainDance|[from] ability: Drizzle|[of] p1a: Peri\n|move|p2a: Gliscor|Toxic|p1a: Peri\n|-status|p1a: Peri|tox\n|\n|-weather|RainDance|[upkeep]\n|-damage|p1a: Peri|8\/100 tox|[from] psn\n|upkeep\n|turn|13\n|\n|t:|1700257653\n|move|p2a: Gliscor|U-turn|p1a: Peri\n|-resisted|p1a: Peri\n|-damage|p1a: Peri|2\/100 tox\n|\n|t:|1700257655\n|switch|p2a: Tornadus|Tornadus-Therian, M|100\/100|[from] U-turn\n|move|p1a: Peri|Defog|p2a: Tornadus\n|-unboost|p2a: Tornadus|evasion|1\n|-sideend|p1: ShowdownSaga|Spikes|[from] move: Defog|[of] p1a: Peri\n|\n|-weather|RainDance|[upkeep]\n|-damage|p1a: Peri|0 fnt|[from] psn\n|faint|p1a: Peri\n|upkeep\n|\n|t:|1700257662\n|switch|p1a: U Like Mudkip?|Swampert, M, shiny|100\/100\n|turn|14\n|\n|t:|1700257669\n|detailschange|p1a: U Like Mudkip?|Swampert-Mega, M, shiny\n|-mega|p1a: U Like Mudkip?|Swampert|Swampertite\n|move|p1a: U Like Mudkip?|Flip Turn|p2a: Tornadus\n|-damage|p2a: Tornadus|42\/100\n|\n|t:|1700257673\n|switch|p1a: KokeKo|Tapu Koko, shiny|66\/100|[from] Flip Turn\n|-fieldstart|move: Electric Terrain|[from] ability: Electric Surge|[of] p1a: KokeKo\n|move|p2a: Tornadus|U-turn|p1a: KokeKo\n|-resisted|p1a: KokeKo\n|-damage|p1a: KokeKo|57\/100\n|\n|t:|1700257681\n|switch|p2a: Ferrothorn|Ferrothorn, F|63\/100|[from] U-turn\n|\n|-weather|RainDance|[upkeep]\n|-heal|p2a: Ferrothorn|70\/100|[from] item: Leftovers\n|upkeep\n|turn|15\n|\n|t:|1700257686\n|switch|p2a: Gliscor|Gliscor, M|100\/100 tox\n|-zpower|p1a: KokeKo\n|move|p1a: KokeKo|Guardian of Alola|p2a: Gliscor|[zeffect]\n|-damage|p2a: Gliscor|26\/100 tox\n|\n|-weather|RainDance|[upkeep]\n|-heal|p2a: Gliscor|38\/100 tox|[from] ability: Poison Heal\n|upkeep\n|turn|16\n|\n|t:|1700257691\n|move|p1a: KokeKo|Nature's Madness|p2a: Gliscor\n|-damage|p2a: Gliscor|19\/100 tox\n|move|p2a: Gliscor|U-turn|p1a: KokeKo\n|-resisted|p1a: KokeKo\n|-damage|p1a: KokeKo|47\/100\n|\n|t:|1700257696\n|switch|p2a: Diancie|Diancie-Mega|76\/100|[from] U-turn\n|\n|-weather|RainDance|[upkeep]\n|upkeep\n|turn|17\n|\n|t:|1700257701\n|move|p1a: KokeKo|Volt Switch|p2a: Diancie\n|-damage|p2a: Diancie|36\/100\n|\n|t:|1700257704\n|switch|p1a: U Like Mudkip?|Swampert-Mega, M, shiny|100\/100|[from] Volt Switch\n|move|p2a: Diancie|Moonblast|p1a: U Like Mudkip?\n|-damage|p1a: U Like Mudkip?|45\/100\n|-unboost|p1a: U Like Mudkip?|spa|1\n|\n|-weather|RainDance|[upkeep]\n|upkeep\n|turn|18\n|\n|t:|1700257714\n|switch|p2a: Tornadus|Tornadus-Therian, M|76\/100\n|move|p1a: U Like Mudkip?|Flip Turn|p2a: Tornadus\n|-damage|p2a: Tornadus|16\/100\n|\n|t:|1700257724\n|switch|p1a: Bird|Zapdos, shiny|100\/100|[from] Flip Turn\n|\n|-weather|RainDance|[upkeep]\n|-fieldend|move: Electric Terrain\n|upkeep\n|turn|19\n|\n|t:|1700257730\n|move|p2a: Tornadus|Knock Off|p1a: Bird\n|-damage|p1a: Bird|74\/100\n|-damage|p2a: Tornadus|0 fnt|[from] item: Rocky Helmet|[of] p1a: Bird\n|faint|p2a: Tornadus\n|move|p1a: Bird|Weather Ball|p2: Tornadus|[notarget]\n|-fail|p1a: Bird\n|\n|-weather|none\n|upkeep\n|\n|t:|1700257737\n|switch|p2a: Diancie|Diancie-Mega|36\/100\n|turn|20\n|\n|t:|1700257744\n|move|p2a: Diancie|Diamond Storm|p1a: Bird\n|-supereffective|p1a: Bird\n|-damage|p1a: Bird|0 fnt\n|faint|p1a: Bird\n|\n|upkeep\n|\n|t:|1700257753\n|switch|p1a: U Like Mudkip?|Swampert-Mega, M, shiny|45\/100\n|turn|21\n|\n|t:|1700257756\n|move|p2a: Diancie|Moonblast|p1a: U Like Mudkip?\n|-damage|p1a: U Like Mudkip?|0 fnt\n|faint|p1a: U Like Mudkip?\n|\n|upkeep\n|\n|t:|1700257759\n|switch|p1a: Uberfu|Urshifu-Rapid-Strike, F, tera:Water|89\/100\n|turn|22\n|\n|t:|1700257762\n|move|p2a: Diancie|Moonblast|p1a: Uberfu\n|-damage|p1a: Uberfu|8\/100\n|move|p1a: Uberfu|Surging Strikes|p2a: Diancie\n|-supereffective|p2a: Diancie\n|-crit|p2a: Diancie\n|-damage|p2a: Diancie|0 fnt\n|faint|p2a: Diancie\n|-hitcount|p2: Diancie|1\n|\n|upkeep\n|\n|t:|1700257768\n|switch|p2a: Alomomola|Alomomola, F|68\/100\n|turn|23\n|\n|t:|1700257772\n|move|p1a: Uberfu|Drain Punch|p2a: Alomomola\n|-damage|p2a: Alomomola|43\/100\n|-heal|p1a: Uberfu|27\/100|[from] drain|[of] p2a: Alomomola\n|move|p2a: Alomomola|Scald|p1a: Uberfu\n|-resisted|p1a: Uberfu\n|-damage|p1a: Uberfu|17\/100\n|\n|upkeep\n|turn|24\n|\n|t:|1700257784\n|move|p1a: Uberfu|Drain Punch|p2a: Alomomola\n|-damage|p2a: Alomomola|21\/100\n|-heal|p1a: Uberfu|35\/100|[from] drain|[of] p2a: Alomomola\n|move|p2a: Alomomola|Flip Turn|p1a: Uberfu\n|-resisted|p1a: Uberfu\n|-damage|p1a: Uberfu|28\/100\n|\n|t:|1700257785\n|switch|p2a: Great Tusk|Great Tusk|100\/100|[from] Flip Turn\n|\n|upkeep\n|turn|25\n|\n|t:|1700257788\n|move|p1a: Uberfu|Surging Strikes|p2a: Great Tusk\n|-supereffective|p2a: Great Tusk\n|-crit|p2a: Great Tusk\n|-damage|p2a: Great Tusk|56\/100\n|-supereffective|p2a: Great Tusk\n|-crit|p2a: Great Tusk\n|-damage|p2a: Great Tusk|14\/100\n|-supereffective|p2a: Great Tusk\n|-crit|p2a: Great Tusk\n|-damage|p2a: Great Tusk|0 fnt\n|faint|p2a: Great Tusk\n|-end|p2a: Great Tusk|Protosynthesis|[silent]\n|-hitcount|p2: Great Tusk|3\n|\n|upkeep\n|\n|t:|1700257791\n|switch|p2a: Ferrothorn|Ferrothorn, F|70\/100\n|turn|26\n|\n|t:|1700257798\n|switch|p1a: KokeKo|Tapu Koko, shiny|47\/100\n|-fieldstart|move: Electric Terrain|[from] ability: Electric Surge|[of] p1a: KokeKo\n|-terastallize|p2a: Ferrothorn|Ghost\n|move|p2a: Ferrothorn|Gyro Ball|p1a: KokeKo\n|-damage|p1a: KokeKo|0 fnt\n|faint|p1a: KokeKo\n|\n|-heal|p2a: Ferrothorn|76\/100|[from] item: Leftovers\n|upkeep\n|\n|t:|1700257800\n|switch|p1a: Uberfu|Urshifu-Rapid-Strike, F, tera:Water|28\/100\n|turn|27\n|\n|t:|1700257803\n|move|p1a: Uberfu|Surging Strikes|p2a: Ferrothorn\n|-crit|p2a: Ferrothorn\n|-damage|p2a: Ferrothorn|52\/100\n|-crit|p2a: Ferrothorn\n|-damage|p2a: Ferrothorn|26\/100\n|-crit|p2a: Ferrothorn\n|-damage|p2a: Ferrothorn|3\/100\n|-hitcount|p2a: Ferrothorn|3\n|move|p2a: Ferrothorn|Gyro Ball|p1a: Uberfu\n|-resisted|p1a: Uberfu\n|-damage|p1a: Uberfu|4\/100\n|\n|-heal|p2a: Ferrothorn|9\/100|[from] item: Leftovers\n|upkeep\n|turn|28\n|\n|t:|1700257812\n|move|p1a: Uberfu|Ice Punch|p2a: Ferrothorn\n|-damage|p2a: Ferrothorn|0 fnt\n|faint|p2a: Ferrothorn\n|\n|upkeep\n|\n|t:|1700257819\n|switch|p2a: Gliscor|Gliscor, M|19\/100 tox\n|turn|29\n|\n|t:|1700257826\n|switch|p2a: Alomomola|Alomomola, F|54\/100\n|move|p1a: Uberfu|Surging Strikes|p2a: Alomomola\n|-resisted|p2a: Alomomola\n|-crit|p2a: Alomomola\n|-damage|p2a: Alomomola|47\/100\n|-resisted|p2a: Alomomola\n|-crit|p2a: Alomomola\n|-damage|p2a: Alomomola|39\/100\n|-resisted|p2a: Alomomola\n|-crit|p2a: Alomomola\n|-damage|p2a: Alomomola|31\/100\n|-hitcount|p2a: Alomomola|3\n|\n|upkeep\n|turn|30\n|-message|ifydufyuoutcd forfeited.\n|\n|win|ShowdownSaga\n|raw|ShowdownSaga's rating: 1273 &rarr; <strong>1291<\/strong><br \/>(+18 for winning)\n|raw|ifydufyuoutcd's rating: 1169 &rarr; <strong>1151<\/strong><br \/>(-18 for losing)\n|l|\u2606ifydufyuoutcd\n","uploadtime":1700257833,"views":6,"p1id":"showdownsaga","p2id":"ifydufyuoutcd","formatid":"gen9nationaldex","rating":1151,"private":0,"password":""}