{"id":"gen9nationaldex-1995277603","p1":"aboobsguy","p2":"Sirrawrz","format":"[Gen 9] National Dex","log":"|html|<div class=\"broadcast-blue\"><strong>[Gen 9] National Dex is currently suspecting Sneasler! For information on how to participate check out the <a href=\"https:\/\/www.smogon.com\/forums\/threads\/sv-national-dex-suspect-8-just-dance.3731534\/\">suspect thread<\/a>.<\/strong><\/div>\n|j|\u2606aboobsguy\n|j|\u2606Sirrawrz\n|t:|1700545583\n|gametype|singles\n|player|p1|aboobsguy|hilda-wonderlauncher|1416\n|player|p2|Sirrawrz|emmet|1566\n|teamsize|p1|6\n|teamsize|p2|6\n|gen|9\n|tier|[Gen 9] National Dex\n|rated|\n|rule|HP Percentage Mod: HP is shown in percentages\n|rule|Endless Battle Clause: Forcing endless battles is banned\n|rule|OHKO Clause: OHKO moves are banned\n|rule|Evasion Clause: Evasion abilities, items, and moves are banned\n|rule|Evasion Abilities Clause: Evasion abilities are banned\n|rule|Evasion Items Clause: Evasion items are banned\n|rule|Evasion Moves Clause: Evasion moves are banned\n|rule|Species Clause: Limit one of each Pok\u00e9mon\n|rule|Sleep Clause Mod: Limit one foe put to sleep\n|clearpoke\n|poke|p1|Metagross|\n|poke|p1|Corviknight, M|\n|poke|p1|Rotom-Wash|\n|poke|p1|Chansey, F|\n|poke|p1|Charizard, F|\n|poke|p1|Serperior, M|\n|poke|p2|Ninetales, M|\n|poke|p2|Venusaur, M|\n|poke|p2|Jolteon, M|\n|poke|p2|Blastoise, M|\n|poke|p2|Rhydon, M|\n|poke|p2|Scyther, M|\n|teampreview\n|\n|t:|1700545605\n|start\n|switch|p1a: Metagross|Metagross|100\/100\n|switch|p2a: Ninetales|Ninetales, M, shiny|100\/100\n|-weather|SunnyDay|[from] ability: Drought|[of] p2a: Ninetales\n|turn|1\n|\n|t:|1700545613\n|switch|p2a: Scyther|Scyther, M, shiny|100\/100\n|move|p1a: Metagross|Bullet Punch|p2a: Scyther\n|-damage|p2a: Scyther|51\/100\n|\n|-weather|SunnyDay|[upkeep]\n|upkeep\n|turn|2\n|\n|t:|1700545624\n|move|p1a: Metagross|Bullet Punch|p2a: Scyther\n|-damage|p2a: Scyther|0 fnt\n|faint|p2a: Scyther\n|\n|-weather|SunnyDay|[upkeep]\n|upkeep\n|\n|t:|1700545635\n|switch|p2a: Blastoise|Blastoise, M, shiny|100\/100\n|turn|3\n|\n|t:|1700545641\n|switch|p1a: Chansey|Chansey, F|100\/100\n|-terastallize|p2a: Blastoise|Fighting\n|move|p2a: Blastoise|Body Press|p1a: Chansey\n|-supereffective|p1a: Chansey\n|-damage|p1a: Chansey|0 fnt\n|faint|p1a: Chansey\n|\n|-weather|SunnyDay|[upkeep]\n|upkeep\n|\n|t:|1700545651\n|switch|p1a: Metagross|Metagross|100\/100\n|turn|4\n|\n|t:|1700545654\n|switch|p2a: Rhydon|Rhydon, M, shiny|100\/100\n|move|p1a: Metagross|Zen Headbutt|p2a: Rhydon\n|-damage|p2a: Rhydon|65\/100\n|\n|-weather|SunnyDay|[upkeep]\n|upkeep\n|turn|5\n|\n|t:|1700545663\n|switch|p1a: Charizard|Charizard, F|100\/100\n|move|p2a: Rhydon|Stealth Rock|p1a: Charizard\n|-sidestart|p1: aboobsguy|move: Stealth Rock\n|\n|-weather|none\n|upkeep\n|turn|6\n|\n|t:|1700545672\n|switch|p2a: Venusaur|Venusaur, M, shiny|100\/100\n|detailschange|p1a: Charizard|Charizard-Mega-X, F\n|-mega|p1a: Charizard|Charizard|Charizardite X\n|move|p1a: Charizard|Earthquake|p2a: Venusaur\n|-damage|p2a: Venusaur|52\/100\n|\n|upkeep\n|turn|7\n|\n|t:|1700545682\n|switch|p2a: Blastoise|Blastoise, M, shiny, tera:Fighting|100\/100\n|move|p1a: Charizard|Flare Blitz|p2a: Blastoise\n|-damage|p2a: Blastoise|43\/100\n|-damage|p1a: Charizard|77\/100|[from] Recoil\n|\n|upkeep\n|turn|8\n|\n|t:|1700545692\n|move|p1a: Charizard|Dragon Claw|p2a: Blastoise\n|-damage|p2a: Blastoise|4\/100\n|move|p2a: Blastoise|Dragon Tail|p1a: Charizard\n|-supereffective|p1a: Charizard\n|-damage|p1a: Charizard|50\/100\n|drag|p1a: Metagross|Metagross|100\/100\n|-damage|p1a: Metagross|94\/100|[from] Stealth Rock\n|\n|upkeep\n|turn|9\n|\n|t:|1700545701\n|move|p1a: Metagross|Bullet Punch|p2a: Blastoise\n|-damage|p2a: Blastoise|0 fnt\n|faint|p2a: Blastoise\n|\n|upkeep\n|\n|t:|1700545706\n|switch|p2a: Ninetales|Ninetales, M, shiny|100\/100\n|-weather|SunnyDay|[from] ability: Drought|[of] p2a: Ninetales\n|turn|10\n|\n|t:|1700545714\n|switch|p1a: Corviknight|Corviknight, M|100\/100\n|-damage|p1a: Corviknight|88\/100|[from] Stealth Rock\n|move|p2a: Ninetales|Weather Ball|p1a: Corviknight\n|-supereffective|p1a: Corviknight\n|-damage|p1a: Corviknight|0 fnt\n|faint|p1a: Corviknight\n|\n|-weather|SunnyDay|[upkeep]\n|upkeep\n|\n|t:|1700545723\n|switch|p1a: Serperior|Serperior, M|100\/100\n|-damage|p1a: Serperior|88\/100|[from] Stealth Rock\n|turn|11\n|\n|t:|1700545727\n|move|p2a: Ninetales|Weather Ball|p1a: Serperior\n|-supereffective|p1a: Serperior\n|-damage|p1a: Serperior|0 fnt\n|faint|p1a: Serperior\n|\n|-weather|SunnyDay|[upkeep]\n|upkeep\n|\n|t:|1700545733\n|switch|p1a: Rotom|Rotom-Wash|100\/100\n|-damage|p1a: Rotom|88\/100|[from] Stealth Rock\n|turn|12\n|\n|t:|1700545738\n|switch|p2a: Jolteon|Jolteon, M, shiny|100\/100\n|move|p1a: Rotom|Hydro Pump|p2a: Jolteon\n|-damage|p2a: Jolteon|55\/100\n|\n|-weather|SunnyDay|[upkeep]\n|-status|p2a: Jolteon|brn|[from] item: Flame Orb\n|upkeep\n|turn|13\n|\n|t:|1700545746\n|move|p2a: Jolteon|Volt Switch|p1a: Rotom\n|-damage|p1a: Rotom|47\/100\n|\n|t:|1700545750\n|switch|p2a: Venusaur|Venusaur, M, shiny|52\/100|[from] Volt Switch\n|move|p1a: Rotom|Hydro Pump|p2a: Venusaur\n|-resisted|p2a: Venusaur\n|-damage|p2a: Venusaur|32\/100\n|\n|-weather|SunnyDay|[upkeep]\n|upkeep\n|turn|14\n|\n|t:|1700545761\n|switch|p1a: Metagross|Metagross|94\/100\n|-damage|p1a: Metagross|88\/100|[from] Stealth Rock\n|move|p2a: Venusaur|Weather Ball|p1a: Metagross\n|-supereffective|p1a: Metagross\n|-damage|p1a: Metagross|0 fnt\n|faint|p1a: Metagross\n|-damage|p2a: Venusaur|22\/100|[from] item: Life Orb\n|\n|-weather|none\n|upkeep\n|-message|aboobsguy forfeited.\n|\n|win|Sirrawrz\n|raw|aboobsguy's rating: 1416 &rarr; <strong>1404<\/strong><br \/>(-12 for losing)\n|raw|Sirrawrz's rating: 1566 &rarr; <strong>1578<\/strong><br \/>(+12 for winning)\n|l|\u2606aboobsguy\n","uploadtime":1700545776,"views":2,"p1id":"aboobsguy","p2id":"sirrawrz","formatid":"gen9nationaldex","rating":1404,"private":0,"password":""}