{"id":"gen9nationaldex-1998982069","p1":"Barkwitz","p2":"HalfGhost","format":"[Gen 9] National Dex","log":"|html|<div class=\"broadcast-blue\"><strong>[Gen 9] National Dex is currently suspecting Sneasler! For information on how to participate check out the <a href=\"https:\/\/www.smogon.com\/forums\/threads\/sv-national-dex-suspect-8-just-dance.3731534\/\">suspect thread<\/a>.<\/strong><\/div>\n|j|\u2606Barkwitz\n|j|\u2606HalfGhost\n|t:|1701020486\n|gametype|singles\n|player|p1|Barkwitz|janitor|1101\n|player|p2|HalfGhost|gambler|1000\n|teamsize|p1|6\n|teamsize|p2|6\n|gen|9\n|tier|[Gen 9] National Dex\n|rated|\n|rule|HP Percentage Mod: HP is shown in percentages\n|rule|Endless Battle Clause: Forcing endless battles is banned\n|rule|OHKO Clause: OHKO moves are banned\n|rule|Evasion Clause: Evasion abilities, items, and moves are banned\n|rule|Evasion Abilities Clause: Evasion abilities are banned\n|rule|Evasion Items Clause: Evasion items are banned\n|rule|Evasion Moves Clause: Evasion moves are banned\n|rule|Species Clause: Limit one of each Pok\u00e9mon\n|rule|Sleep Clause Mod: Limit one foe put to sleep\n|clearpoke\n|poke|p1|Tauros-Paldea-Blaze, M|\n|poke|p1|Whimsicott, F|\n|poke|p1|Gyarados, F|\n|poke|p1|Slaking, F|\n|poke|p1|Snorlax, M|\n|poke|p1|Veluza, F|\n|poke|p2|Alomomola, F|\n|poke|p2|Iron Treads|\n|poke|p2|Moltres|\n|poke|p2|Kommo-o, F|\n|poke|p2|Venusaur, M|\n|poke|p2|Weavile, F|\n|teampreview\n|inactive|Battle timer is ON: inactive players will automatically lose when time's up. (requested by Barkwitz)\n|\n|t:|1701020509\n|start\n|switch|p1a: Leviathan|Veluza, F|100\/100\n|switch|p2a: Weavile|Weavile, F|100\/100\n|-ability|p2a: Weavile|Pressure\n|-ability|p1a: Leviathan|Mold Breaker\n|turn|1\n|\n|t:|1701020520\n|move|p2a: Weavile|Knock Off|p1a: Leviathan\n|-supereffective|p1a: Leviathan\n|-damage|p1a: Leviathan|0 fnt\n|-enditem|p1a: Leviathan|Sitrus Berry|[from] move: Knock Off|[of] p2a: Weavile\n|faint|p1a: Leviathan\n|\n|upkeep\n|\n|t:|1701020525\n|switch|p1a: Baal|Gyarados, F, shiny|100\/100\n|-ability|p1a: Baal|Intimidate|boost\n|-unboost|p2a: Weavile|atk|1\n|turn|2\n|\n|t:|1701020542\n|switch|p2a: Alomomola|Alomomola, F|100\/100\n|-terastallize|p1a: Baal|Steel\n|move|p1a: Baal|Dragon Dance|p1a: Baal\n|-boost|p1a: Baal|atk|1\n|-boost|p1a: Baal|spe|1\n|\n|upkeep\n|turn|3\n|\n|t:|1701020549\n|move|p1a: Baal|Dragon Dance|p1a: Baal\n|-boost|p1a: Baal|atk|1\n|-boost|p1a: Baal|spe|1\n|move|p2a: Alomomola|Wish|p2a: Alomomola\n|\n|upkeep\n|turn|4\n|\n|t:|1701020554\n|move|p1a: Baal|Dragon Dance|p1a: Baal\n|-boost|p1a: Baal|atk|1\n|-boost|p1a: Baal|spe|1\n|move|p2a: Alomomola|Scald|p1a: Baal\n|-damage|p1a: Baal|88\/100\n|\n|upkeep\n|turn|5\n|\n|t:|1701020559\n|move|p1a: Baal|Dragon Dance|p1a: Baal\n|-boost|p1a: Baal|atk|1\n|-boost|p1a: Baal|spe|1\n|move|p2a: Alomomola|Wish|p2a: Alomomola\n|\n|upkeep\n|turn|6\n|\n|t:|1701020563\n|move|p1a: Baal|Dragon Dance|p1a: Baal\n|-boost|p1a: Baal|atk|1\n|-boost|p1a: Baal|spe|1\n|move|p2a: Alomomola|Scald|p1a: Baal\n|-damage|p1a: Baal|74\/100\n|\n|upkeep\n|turn|7\n|\n|t:|1701020566\n|move|p1a: Baal|Dragon Dance|p1a: Baal\n|-boost|p1a: Baal|atk|1\n|-boost|p1a: Baal|spe|1\n|move|p2a: Alomomola|Scald|p1a: Baal\n|-damage|p1a: Baal|60\/100\n|\n|upkeep\n|turn|8\n|\n|t:|1701020572\n|move|p1a: Baal|Iron Head|p2a: Alomomola\n|-resisted|p2a: Alomomola\n|-damage|p2a: Alomomola|57\/100\n|-damage|p1a: Baal|44\/100|[from] item: Rocky Helmet|[of] p2a: Alomomola\n|move|p2a: Alomomola|Wish|p2a: Alomomola\n|\n|upkeep\n|turn|9\n|\n|t:|1701020577\n|move|p1a: Baal|Outrage|p2a: Alomomola\n|-damage|p2a: Alomomola|0 fnt\n|-damage|p1a: Baal|27\/100|[from] item: Rocky Helmet|[of] p2a: Alomomola\n|faint|p2a: Alomomola\n|\n|upkeep\n|\n|t:|1701020584\n|switch|p2a: Iron Treads|Iron Treads|100\/100\n|turn|10\n|\n|t:|1701020591\n|move|p1a: Baal|Outrage|p2a: Iron Treads|[from]lockedmove\n|-resisted|p2a: Iron Treads\n|-crit|p2a: Iron Treads\n|-damage|p2a: Iron Treads|0 fnt\n|faint|p2a: Iron Treads\n|-end|p2a: Iron Treads|Quark Drive|[silent]\n|\n|upkeep\n|\n|t:|1701020595\n|switch|p2a: Moltres|Moltres|100\/100\n|turn|11\n|\n|t:|1701020598\n|move|p1a: Baal|Outrage|p2a: Moltres|[from]lockedmove\n|-damage|p2a: Moltres|0 fnt\n|faint|p2a: Moltres\n|-start|p1a: Baal|confusion|[fatigue]\n|\n|upkeep\n|\n|t:|1701020603\n|switch|p2a: Kommo-o|Kommo-o, F|100\/100\n|turn|12\n|\n|t:|1701020606\n|-activate|p1a: Baal|confusion\n|move|p1a: Baal|Outrage|p2a: Kommo-o\n|-supereffective|p2a: Kommo-o\n|-damage|p2a: Kommo-o|0 fnt\n|faint|p2a: Kommo-o\n|\n|upkeep\n|-message|HalfGhost forfeited.\n|\n|win|Barkwitz\n|raw|Barkwitz's rating: 1101 &rarr; <strong>1119<\/strong><br \/>(+18 for winning)\n|raw|HalfGhost's rating: 1000 &rarr; <strong>1000<\/strong><br \/>(+0 for losing)\n|l|\u2606HalfGhost\n","uploadtime":1701020617,"views":2,"p1id":"barkwitz","p2id":"halfghost","formatid":"gen9nationaldex","rating":1000,"private":0,"password":""}