{"id":"gen9nationaldex-2000674277","p1":"MattC (Banned)","p2":"happysh","format":"[Gen 9] National Dex","log":"|j|\u2606MattC (Banned)\n|j|\u2606happysh\n|inactive|Battle timer is ON: inactive players will automatically lose when time's up.\n|t:|1701217336\n|gametype|singles\n|player|p1|MattC (Banned)|gladion|\n|player|p2|happysh|lucas|\n|teamsize|p1|6\n|teamsize|p2|6\n|gen|9\n|tier|[Gen 9] National Dex\n|rated|Tournament battle\n|rule|HP Percentage Mod: HP is shown in percentages\n|rule|Endless Battle Clause: Forcing endless battles is banned\n|rule|OHKO Clause: OHKO moves are banned\n|rule|Evasion Clause: Evasion abilities, items, and moves are banned\n|rule|Evasion Abilities Clause: Evasion abilities are banned\n|rule|Evasion Items Clause: Evasion items are banned\n|rule|Evasion Moves Clause: Evasion moves are banned\n|rule|Species Clause: Limit one of each Pok\u00e9mon\n|rule|Sleep Clause Mod: Limit one foe put to sleep\n|rule|No Switching: All Pok\u00e9mon are trapped\n|clearpoke\n|poke|p1|Spidops, F|\n|poke|p1|Dondozo, M|\n|poke|p1|Serperior, M|\n|poke|p1|Medicham, M|\n|poke|p1|Sinistcha|\n|poke|p1|Zeraora|\n|poke|p2|Zamazenta-*|\n|poke|p2|Comfey, F|\n|poke|p2|Mimikyu, M|\n|poke|p2|Altaria, F|\n|poke|p2|Ting-Lu|\n|poke|p2|Whimsicott, F|\n|teampreview\n|j|*Lady Monita \u2746\n|inactive|happysh also wants the timer to be on.\n|inactive|MattC (Banned) also wants the timer to be on.\n|c|\u2606MattC (Banned)|glhf\n|c|\u2606happysh|u2\n|c|\u2606MattC (Banned)|oh man this is gonna be a good one\n|\n|t:|1701217362\n|start\n|switch|p1a: Spidops|Spidops, F|100\/100\n|switch|p2a: Ting-Lu|Ting-Lu|100\/100\n|-ability|p2a: Ting-Lu|Vessel of Ruin\n|turn|1\n|\n|t:|1701217368\n|move|p1a: Spidops|Taunt|p2a: Ting-Lu\n|-start|p2a: Ting-Lu|move: Taunt\n|cant|p2a: Ting-Lu|move: Taunt|Spikes\n|\n|upkeep\n|turn|2\n|\n|t:|1701217373\n|move|p1a: Spidops|Sticky Web|p2a: Ting-Lu\n|-sidestart|p2: happysh|move: Sticky Web\n|move|p2a: Ting-Lu|Ruination|p1a: Spidops\n|-damage|p1a: Spidops|50\/100\n|\n|upkeep\n|turn|3\n|\n|t:|1701217378\n|move|p1a: Spidops|Spikes|p2a: Ting-Lu\n|-sidestart|p2: happysh|Spikes\n|move|p2a: Ting-Lu|Ruination|p1a: Spidops\n|-damage|p1a: Spidops|25\/100\n|\n|-end|p2a: Ting-Lu|move: Taunt\n|upkeep\n|turn|4\n|\n|t:|1701217382\n|move|p1a: Spidops|Taunt|p2a: Ting-Lu\n|-start|p2a: Ting-Lu|move: Taunt\n|move|p2a: Ting-Lu|Earthquake|p1a: Spidops\n|-resisted|p1a: Spidops\n|-damage|p1a: Spidops|3\/100\n|\n|upkeep\n|turn|5\n|\n|t:|1701217387\n|move|p1a: Spidops|Leech Life|p2a: Ting-Lu\n|-supereffective|p2a: Ting-Lu\n|-damage|p2a: Ting-Lu|75\/100\n|-heal|p1a: Spidops|23\/100|[from] drain|[of] p2a: Ting-Lu\n|move|p2a: Ting-Lu|Earthquake|p1a: Spidops\n|-resisted|p1a: Spidops\n|-damage|p1a: Spidops|0 fnt\n|faint|p1a: Spidops\n|\n|-heal|p2a: Ting-Lu|81\/100|[from] item: Leftovers\n|upkeep\n|j| trafficsucks\n|\n|t:|1701217409\n|switch|p1a: Serperior|Serperior, M|100\/100\n|turn|6\n|\n|t:|1701217412\n|move|p1a: Serperior|Leaf Storm|p2a: Ting-Lu\n|-supereffective|p2a: Ting-Lu\n|-damage|p2a: Ting-Lu|27\/100\n|-boost|p1a: Serperior|spa|2\n|move|p2a: Ting-Lu|Ruination|p1a: Serperior\n|-damage|p1a: Serperior|50\/100\n|\n|-heal|p1a: Serperior|57\/100|[from] item: Leftovers\n|-heal|p2a: Ting-Lu|34\/100|[from] item: Leftovers\n|-end|p2a: Ting-Lu|move: Taunt\n|upkeep\n|turn|7\n|l| trafficsucks\n|\n|t:|1701217420\n|move|p1a: Serperior|Leaf Storm|p2a: Ting-Lu\n|-supereffective|p2a: Ting-Lu\n|-damage|p2a: Ting-Lu|0 fnt\n|-boost|p1a: Serperior|spa|2\n|faint|p2a: Ting-Lu\n|\n|-heal|p1a: Serperior|63\/100|[from] item: Leftovers\n|upkeep\n|\n|t:|1701217428\n|switch|p2a: Altaria|Altaria, F|100\/100\n|turn|8\n|\n|t:|1701217433\n|detailschange|p2a: Altaria|Altaria-Mega, F\n|-mega|p2a: Altaria|Altaria|Altarianite\n|move|p1a: Serperior|Knock Off|p2a: Altaria\n|-resisted|p2a: Altaria\n|-damage|p2a: Altaria|95\/100\n|move|p2a: Altaria|Return|p1a: Serperior\n|-damage|p1a: Serperior|0 fnt\n|faint|p1a: Serperior\n|\n|upkeep\n|\n|t:|1701217450\n|switch|p1a: Dondozo|Dondozo, M|100\/100\n|turn|9\n|\n|t:|1701217453\n|move|p2a: Altaria|Return|p1a: Dondozo\n|-damage|p1a: Dondozo|62\/100\n|move|p1a: Dondozo|Curse|p1a: Dondozo\n|-unboost|p1a: Dondozo|spe|1\n|-boost|p1a: Dondozo|atk|1\n|-boost|p1a: Dondozo|def|1\n|\n|-heal|p1a: Dondozo|68\/100|[from] item: Leftovers\n|upkeep\n|turn|10\n|\n|t:|1701217459\n|move|p2a: Altaria|Return|p1a: Dondozo\n|-damage|p1a: Dondozo|42\/100\n|move|p1a: Dondozo|Curse|p1a: Dondozo\n|-unboost|p1a: Dondozo|spe|1\n|-boost|p1a: Dondozo|atk|1\n|-boost|p1a: Dondozo|def|1\n|\n|-heal|p1a: Dondozo|48\/100|[from] item: Leftovers\n|upkeep\n|turn|11\n|\n|t:|1701217465\n|move|p2a: Altaria|Return|p1a: Dondozo\n|-damage|p1a: Dondozo|30\/100\n|move|p1a: Dondozo|Rest|p1a: Dondozo\n|-status|p1a: Dondozo|slp|[from] move: Rest\n|-heal|p1a: Dondozo|100\/100 slp|[silent]\n|\n|upkeep\n|turn|12\n|c|\u2606MattC (Banned)|crit would lose me the game\n|c|\u2606MattC (Banned)|lol\n|\n|t:|1701217477\n|move|p2a: Altaria|Return|p1a: Dondozo\n|-damage|p1a: Dondozo|82\/100 slp\n|cant|p1a: Dondozo|slp\n|\n|-heal|p1a: Dondozo|89\/100 slp|[from] item: Leftovers\n|upkeep\n|turn|13\n|\n|t:|1701217485\n|move|p2a: Altaria|Return|p1a: Dondozo\n|-damage|p1a: Dondozo|70\/100 slp\n|cant|p1a: Dondozo|slp\n|\n|-heal|p1a: Dondozo|76\/100 slp|[from] item: Leftovers\n|upkeep\n|turn|14\n|c|\u2606happysh|crit does like 55%\n|\n|t:|1701217494\n|move|p2a: Altaria|Return|p1a: Dondozo\n|-damage|p1a: Dondozo|58\/100 slp\n|-curestatus|p1a: Dondozo|slp|[msg]\n|move|p1a: Dondozo|Curse|p1a: Dondozo\n|-unboost|p1a: Dondozo|spe|1\n|-boost|p1a: Dondozo|atk|1\n|-boost|p1a: Dondozo|def|1\n|\n|-heal|p1a: Dondozo|64\/100|[from] item: Leftovers\n|upkeep\n|turn|15\n|c|\u2606MattC (Banned)|lets see\n|inactive|MattC (Banned) has 120 seconds left.\n|c|\u2606happysh|!showset 4\n|c| happysh|\/raw <div class=\"infobox\">Altaria (F) @ Altarianite  <br \/>Ability: Natural Cure  <br \/>Tera Type: Dragon  <br \/>EVs: 252 Atk &#x2f; 4 SpD &#x2f; 252 Spe  <br \/>Adamant Nature  <br \/>- Dragon Dance  <br \/>- Roost  <br \/>- Return  <br \/>- Earthquake  <br \/><br \/><\/div>\n|c|\u2606MattC (Banned)|yep\n|c|\u2606MattC (Banned)|that does...\n|c|\u2606MattC (Banned)|60%\n|inactive|MattC (Banned) has 90 seconds left.\n|\n|t:|1701217558\n|move|p2a: Altaria|Return|p1a: Dondozo\n|-damage|p1a: Dondozo|50\/100\n|move|p1a: Dondozo|Rest|p1a: Dondozo\n|-status|p1a: Dondozo|slp|[from] move: Rest\n|-heal|p1a: Dondozo|100\/100 slp|[silent]\n|\n|upkeep\n|turn|16\n|\n|t:|1701217566\n|move|p2a: Altaria|Return|p1a: Dondozo\n|-damage|p1a: Dondozo|87\/100 slp\n|cant|p1a: Dondozo|slp\n|\n|-heal|p1a: Dondozo|93\/100 slp|[from] item: Leftovers\n|upkeep\n|turn|17\n|j| pice21\n|\n|t:|1701217577\n|move|p2a: Altaria|Return|p1a: Dondozo\n|-damage|p1a: Dondozo|77\/100 slp\n|cant|p1a: Dondozo|slp\n|\n|-heal|p1a: Dondozo|83\/100 slp|[from] item: Leftovers\n|upkeep\n|turn|18\n|\n|t:|1701217583\n|move|p2a: Altaria|Return|p1a: Dondozo\n|-damage|p1a: Dondozo|68\/100 slp\n|-curestatus|p1a: Dondozo|slp|[msg]\n|move|p1a: Dondozo|Facade|p2a: Altaria\n|-damage|p2a: Altaria|51\/100\n|\n|-heal|p1a: Dondozo|74\/100|[from] item: Leftovers\n|upkeep\n|turn|19\n|\n|t:|1701217591\n|move|p2a: Altaria|Roost|p2a: Altaria\n|-heal|p2a: Altaria|100\/100\n|-singleturn|p2a: Altaria|move: Roost\n|move|p1a: Dondozo|Facade|p2a: Altaria\n|-crit|p2a: Altaria\n|-damage|p2a: Altaria|38\/100\n|\n|-heal|p1a: Dondozo|80\/100|[from] item: Leftovers\n|upkeep\n|turn|20\n|\n|t:|1701217598\n|move|p2a: Altaria|Return|p1a: Dondozo\n|-damage|p1a: Dondozo|67\/100\n|move|p1a: Dondozo|Facade|p2a: Altaria\n|-damage|p2a: Altaria|0 fnt\n|faint|p2a: Altaria\n|\n|-heal|p1a: Dondozo|73\/100|[from] item: Leftovers\n|upkeep\n|\n|t:|1701217600\n|switch|p2a: Mimikyu|Mimikyu, M|100\/100\n|-activate|p2a: Mimikyu|move: Sticky Web\n|-unboost|p2a: Mimikyu|spe|1\n|-damage|p2a: Mimikyu|88\/100|[from] Spikes\n|turn|21\n|inactive|MattC (Banned) has 120 seconds left.\n|\n|t:|1701217606\n|move|p2a: Mimikyu|Curse|p1a: Dondozo\n|-start|p1a: Dondozo|Curse|[of] p2a: Mimikyu\n|-damage|p2a: Mimikyu|38\/100\n|move|p1a: Dondozo|Wave Crash|p2a: Mimikyu\n|-activate|p2a: Mimikyu|ability: Disguise\n|-damage|p2a: Mimikyu|38\/100\n|detailschange|p2a: Mimikyu|Mimikyu-Busted, M\n|-damage|p2a: Mimikyu|25\/100|[from] pokemon: Mimikyu-Busted\n|-enditem|p2a: Mimikyu|Liechi Berry|[eat]\n|-boost|p2a: Mimikyu|atk|1|[from] item: Liechi Berry\n|\n|-heal|p1a: Dondozo|79\/100|[from] item: Leftovers\n|-damage|p1a: Dondozo|54\/100|[from] Curse\n|upkeep\n|turn|22\n|\n|t:|1701217616\n|move|p2a: Mimikyu|Endure|p2a: Mimikyu\n|-singleturn|p2a: Mimikyu|move: Endure\n|move|p1a: Dondozo|Rest|p1a: Dondozo\n|-status|p1a: Dondozo|slp|[from] move: Rest\n|-heal|p1a: Dondozo|100\/100 slp|[silent]\n|\n|-damage|p1a: Dondozo|75\/100 slp|[from] Curse\n|upkeep\n|turn|23\n|j| Crown Oji\n|\n|t:|1701217620\n|move|p2a: Mimikyu|Substitute|p2a: Mimikyu\n|-fail|p2a: Mimikyu|move: Substitute|[weak]\n|cant|p1a: Dondozo|slp\n|\n|-heal|p1a: Dondozo|82\/100 slp|[from] item: Leftovers\n|-damage|p1a: Dondozo|57\/100 slp|[from] Curse\n|upkeep\n|turn|24\n|c|\u2606MattC (Banned)|wow\n|\n|t:|1701217629\n|move|p2a: Mimikyu|Curse||[still]\n|-fail|p2a: Mimikyu\n|cant|p1a: Dondozo|slp\n|\n|-heal|p1a: Dondozo|63\/100 slp|[from] item: Leftovers\n|-damage|p1a: Dondozo|38\/100 slp|[from] Curse\n|upkeep\n|turn|25\n|\n|t:|1701217642\n|move|p2a: Mimikyu|Phantom Force||[still]\n|-prepare|p2a: Mimikyu|Phantom Force\n|-curestatus|p1a: Dondozo|slp|[msg]\n|move|p1a: Dondozo|Wave Crash|p2a: Mimikyu|[miss]\n|-miss|p1a: Dondozo|p2a: Mimikyu\n|\n|-heal|p1a: Dondozo|44\/100|[from] item: Leftovers\n|-damage|p1a: Dondozo|19\/100|[from] Curse\n|upkeep\n|turn|26\n|\n|t:|1701217647\n|move|p2a: Mimikyu|Phantom Force|p1a: Dondozo|[from]lockedmove\n|-damage|p1a: Dondozo|12\/100\n|move|p1a: Dondozo|Rest|p1a: Dondozo\n|-status|p1a: Dondozo|slp|[from] move: Rest\n|-heal|p1a: Dondozo|100\/100 slp|[silent]\n|\n|-damage|p1a: Dondozo|75\/100 slp|[from] Curse\n|upkeep\n|turn|27\n|l| pice21\n|\n|t:|1701217655\n|move|p2a: Mimikyu|Curse||[still]\n|-fail|p2a: Mimikyu\n|cant|p1a: Dondozo|slp\n|\n|-heal|p1a: Dondozo|82\/100 slp|[from] item: Leftovers\n|-damage|p1a: Dondozo|57\/100 slp|[from] Curse\n|upkeep\n|turn|28\n|\n|t:|1701217658\n|move|p2a: Mimikyu|Curse||[still]\n|-fail|p2a: Mimikyu\n|cant|p1a: Dondozo|slp\n|\n|-heal|p1a: Dondozo|63\/100 slp|[from] item: Leftovers\n|-damage|p1a: Dondozo|38\/100 slp|[from] Curse\n|upkeep\n|turn|29\n|\n|t:|1701217662\n|move|p2a: Mimikyu|Phantom Force||[still]\n|-prepare|p2a: Mimikyu|Phantom Force\n|-curestatus|p1a: Dondozo|slp|[msg]\n|move|p1a: Dondozo|Wave Crash|p2a: Mimikyu|[miss]\n|-miss|p1a: Dondozo|p2a: Mimikyu\n|\n|-heal|p1a: Dondozo|44\/100|[from] item: Leftovers\n|-damage|p1a: Dondozo|19\/100|[from] Curse\n|upkeep\n|turn|30\n|\n|t:|1701217666\n|move|p2a: Mimikyu|Phantom Force|p1a: Dondozo|[from]lockedmove\n|-damage|p1a: Dondozo|12\/100\n|move|p1a: Dondozo|Wave Crash|p2a: Mimikyu\n|-crit|p2a: Mimikyu\n|-damage|p2a: Mimikyu|0 fnt\n|faint|p2a: Mimikyu\n|-damage|p1a: Dondozo|7\/100|[from] Recoil\n|\n|-heal|p1a: Dondozo|13\/100|[from] item: Leftovers\n|-damage|p1a: Dondozo|0 fnt|[from] Curse\n|faint|p1a: Dondozo\n|upkeep\n|\n|t:|1701217675\n|switch|p2a: Whimsicott|Whimsicott, F|100\/100\n|switch|p1a: Medicham|Medicham, M|100\/100\n|-activate|p2a: Whimsicott|move: Sticky Web\n|-unboost|p2a: Whimsicott|spe|1\n|-damage|p2a: Whimsicott|88\/100|[from] Spikes\n|turn|31\n|\n|t:|1701217681\n|detailschange|p1a: Medicham|Medicham-Mega, M\n|-mega|p1a: Medicham|Medicham|Medichamite\n|move|p2a: Whimsicott|Memento|p1a: Medicham\n|-unboost|p1a: Medicham|atk|2\n|-unboost|p1a: Medicham|spa|2\n|faint|p2a: Whimsicott\n|move|p1a: Medicham|Bulk Up|p1a: Medicham\n|-boost|p1a: Medicham|atk|1\n|-boost|p1a: Medicham|def|1\n|\n|upkeep\n|\n|t:|1701217684\n|switch|p2a: Comfey|Comfey, F|100\/100\n|-activate|p2a: Comfey|move: Sticky Web\n|-unboost|p2a: Comfey|spe|1\n|-damage|p2a: Comfey|88\/100|[from] Spikes\n|turn|32\n|\n|t:|1701217696\n|move|p1a: Medicham|Zen Headbutt|p2a: Comfey\n|-damage|p2a: Comfey|40\/100\n|move|p2a: Comfey|Calm Mind|p2a: Comfey\n|-boost|p2a: Comfey|spa|1\n|-boost|p2a: Comfey|spd|1\n|\n|upkeep\n|turn|33\n|\n|t:|1701217703\n|move|p2a: Comfey|Draining Kiss|p1a: Medicham\n|-supereffective|p1a: Medicham\n|-damage|p1a: Medicham|25\/100\n|-heal|p2a: Comfey|95\/100|[from] drain|[of] p1a: Medicham\n|move|p1a: Medicham|Bulk Up|p1a: Medicham\n|-boost|p1a: Medicham|atk|1\n|-boost|p1a: Medicham|def|1\n|\n|upkeep\n|turn|34\n|\n|t:|1701217708\n|move|p2a: Comfey|Draining Kiss|p1a: Medicham\n|-supereffective|p1a: Medicham\n|-damage|p1a: Medicham|0 fnt\n|-heal|p2a: Comfey|100\/100|[from] drain|[of] p1a: Medicham\n|faint|p1a: Medicham\n|\n|upkeep\n|\n|t:|1701217711\n|switch|p1a: Sinistcha|Sinistcha|100\/100\n|turn|35\n|\n|t:|1701217715\n|move|p1a: Sinistcha|Calm Mind|p1a: Sinistcha\n|-boost|p1a: Sinistcha|spa|1\n|-boost|p1a: Sinistcha|spd|1\n|move|p2a: Comfey|Calm Mind|p2a: Comfey\n|-boost|p2a: Comfey|spa|1\n|-boost|p2a: Comfey|spd|1\n|\n|upkeep\n|turn|36\n|\n|t:|1701217718\n|move|p1a: Sinistcha|Calm Mind|p1a: Sinistcha\n|-boost|p1a: Sinistcha|spa|1\n|-boost|p1a: Sinistcha|spd|1\n|move|p2a: Comfey|Calm Mind|p2a: Comfey\n|-boost|p2a: Comfey|spa|1\n|-boost|p2a: Comfey|spd|1\n|\n|upkeep\n|turn|37\n|\n|t:|1701217721\n|move|p1a: Sinistcha|Calm Mind|p1a: Sinistcha\n|-boost|p1a: Sinistcha|spa|1\n|-boost|p1a: Sinistcha|spd|1\n|move|p2a: Comfey|Calm Mind|p2a: Comfey\n|-boost|p2a: Comfey|spa|1\n|-boost|p2a: Comfey|spd|1\n|\n|upkeep\n|turn|38\n|\n|t:|1701217723\n|move|p1a: Sinistcha|Calm Mind|p1a: Sinistcha\n|-boost|p1a: Sinistcha|spa|1\n|-boost|p1a: Sinistcha|spd|1\n|move|p2a: Comfey|Calm Mind|p2a: Comfey\n|-boost|p2a: Comfey|spa|1\n|-boost|p2a: Comfey|spd|1\n|\n|upkeep\n|turn|39\n|\n|t:|1701217726\n|move|p1a: Sinistcha|Calm Mind|p1a: Sinistcha\n|-boost|p1a: Sinistcha|spa|1\n|-boost|p1a: Sinistcha|spd|1\n|move|p2a: Comfey|Calm Mind|p2a: Comfey\n|-boost|p2a: Comfey|spa|1\n|-boost|p2a: Comfey|spd|1\n|\n|upkeep\n|turn|40\n|\n|t:|1701217729\n|move|p1a: Sinistcha|Calm Mind|p1a: Sinistcha\n|-boost|p1a: Sinistcha|spa|1\n|-boost|p1a: Sinistcha|spd|1\n|move|p2a: Comfey|Encore|p1a: Sinistcha\n|-start|p1a: Sinistcha|Encore\n|\n|upkeep\n|turn|41\n|\n|t:|1701217733\n|move|p2a: Comfey|Draining Kiss|p1a: Sinistcha\n|-damage|p1a: Sinistcha|81\/100\n|move|p1a: Sinistcha|Calm Mind|p1a: Sinistcha\n|-boost|p1a: Sinistcha|spa|0\n|-boost|p1a: Sinistcha|spd|0\n|\n|-heal|p1a: Sinistcha|87\/100|[from] item: Leftovers\n|upkeep\n|turn|42\n|\n|t:|1701217737\n|move|p2a: Comfey|Draining Kiss|p1a: Sinistcha\n|-damage|p1a: Sinistcha|67\/100\n|move|p1a: Sinistcha|Calm Mind|p1a: Sinistcha\n|-boost|p1a: Sinistcha|spa|0\n|-boost|p1a: Sinistcha|spd|0\n|\n|-heal|p1a: Sinistcha|73\/100|[from] item: Leftovers\n|upkeep\n|turn|43\n|\n|t:|1701217739\n|move|p2a: Comfey|Draining Kiss|p1a: Sinistcha\n|-damage|p1a: Sinistcha|53\/100\n|move|p1a: Sinistcha|Calm Mind|p1a: Sinistcha\n|-boost|p1a: Sinistcha|spa|0\n|-boost|p1a: Sinistcha|spd|0\n|\n|-heal|p1a: Sinistcha|59\/100|[from] item: Leftovers\n|-end|p1a: Sinistcha|Encore\n|upkeep\n|turn|44\n|\n|t:|1701217744\n|move|p2a: Comfey|Draining Kiss|p1a: Sinistcha\n|-damage|p1a: Sinistcha|37\/100\n|move|p1a: Sinistcha|Matcha Gotcha|p2a: Comfey\n|-damage|p2a: Comfey|60\/100\n|-heal|p1a: Sinistcha|55\/100|[from] drain|[of] p2a: Comfey\n|\n|-heal|p1a: Sinistcha|61\/100|[from] item: Leftovers\n|upkeep\n|turn|45\n|\n|t:|1701217754\n|move|p2a: Comfey|Draining Kiss|p1a: Sinistcha\n|-damage|p1a: Sinistcha|37\/100\n|-heal|p2a: Comfey|80\/100|[from] drain|[of] p1a: Sinistcha\n|move|p1a: Sinistcha|Shadow Ball|p2a: Comfey\n|-damage|p2a: Comfey|39\/100\n|\n|-heal|p1a: Sinistcha|44\/100|[from] item: Leftovers\n|upkeep\n|turn|46\n|\n|t:|1701217762\n|move|p2a: Comfey|Draining Kiss|p1a: Sinistcha\n|-damage|p1a: Sinistcha|22\/100\n|-heal|p2a: Comfey|57\/100|[from] drain|[of] p1a: Sinistcha\n|move|p1a: Sinistcha|Matcha Gotcha|p2a: Comfey\n|-damage|p2a: Comfey|13\/100\n|-heal|p1a: Sinistcha|41\/100|[from] drain|[of] p2a: Comfey\n|-status|p2a: Comfey|brn\n|\n|-heal|p1a: Sinistcha|47\/100|[from] item: Leftovers\n|-damage|p2a: Comfey|7\/100 brn|[from] brn\n|upkeep\n|turn|47\n|\n|t:|1701217777\n|move|p2a: Comfey|Draining Kiss|p1a: Sinistcha\n|-damage|p1a: Sinistcha|26\/100\n|-heal|p2a: Comfey|25\/100 brn|[from] drain|[of] p1a: Sinistcha\n|move|p1a: Sinistcha|Matcha Gotcha|p2a: Comfey\n|-damage|p2a: Comfey|0 fnt\n|-heal|p1a: Sinistcha|37\/100|[from] drain|[of] p2a: Comfey\n|faint|p2a: Comfey\n|\n|-heal|p1a: Sinistcha|43\/100|[from] item: Leftovers\n|upkeep\n|\n|t:|1701217783\n|switch|p2a: Zamazenta|Zamazenta|100\/100\n|-activate|p2a: Zamazenta|move: Sticky Web\n|-unboost|p2a: Zamazenta|spe|1\n|-damage|p2a: Zamazenta|88\/100|[from] Spikes\n|-ability|p2a: Zamazenta|Dauntless Shield|boost\n|-boost|p2a: Zamazenta|def|1\n|turn|48\n|\n|t:|1701217788\n|-terastallize|p1a: Sinistcha|Fairy\n|move|p2a: Zamazenta|Crunch|p1a: Sinistcha\n|-resisted|p1a: Sinistcha\n|-damage|p1a: Sinistcha|33\/100\n|move|p1a: Sinistcha|Strength Sap|p2a: Zamazenta\n|-unboost|p2a: Zamazenta|atk|1\n|-heal|p1a: Sinistcha|100\/100\n|\n|-heal|p2a: Zamazenta|94\/100|[from] item: Leftovers\n|upkeep\n|turn|49\n|\n|t:|1701217798\n|-terastallize|p2a: Zamazenta|Steel\n|move|p2a: Zamazenta|Iron Defense|p2a: Zamazenta\n|-boost|p2a: Zamazenta|def|2\n|move|p1a: Sinistcha|Shadow Ball|p2a: Zamazenta\n|-damage|p2a: Zamazenta|0 fnt\n|faint|p2a: Zamazenta\n|\n|win|MattC (Banned)\n|n|\u2606MattC (Banned)|mattcbanned\n|n|\u2606happysh|happysh\n|n|*Lady Monita \u2746|ladymonita\n|n| Crown Oji|crownoji\n|l|*Lady Monita \u2746\n|c|\u2606happysh|gg\n|c|\u2606MattC (Banned)|gg\n|l|\u2606happysh\n|l| Crown Oji\n","uploadtime":1701217799,"views":0,"p1id":"mattcbanned","p2id":"happysh","formatid":"gen9nationaldex","rating":0,"private":0,"password":""}