{"id":"gen9nationaldex-1993889010","p1":"GameBored","p2":"Tank Tests","format":"[Gen 9] National Dex","log":"|j|\u203dGameBored\n|j|\u2606Tank Tests\n|t:|1700370560\n|gametype|singles\n|player|p1|GameBored|schoolkid-gen8|1224\n|player|p2|Tank Tests|169|1273\n|teamsize|p1|6\n|teamsize|p2|6\n|gen|9\n|tier|[Gen 9] National Dex\n|rated|\n|rule|HP Percentage Mod: HP is shown in percentages\n|rule|Endless Battle Clause: Forcing endless battles is banned\n|rule|OHKO Clause: OHKO moves are banned\n|rule|Evasion Clause: Evasion abilities, items, and moves are banned\n|rule|Evasion Abilities Clause: Evasion abilities are banned\n|rule|Evasion Items Clause: Evasion items are banned\n|rule|Evasion Moves Clause: Evasion moves are banned\n|rule|Species Clause: Limit one of each Pok\u00e9mon\n|rule|Sleep Clause Mod: Limit one foe put to sleep\n|clearpoke\n|poke|p1|Grimmsnarl, M|\n|poke|p1|Toxtricity, M|\n|poke|p1|Turtonator, M|\n|poke|p1|Sharpedo, M|\n|poke|p1|Slowbro-Galar, M|\n|poke|p1|Cofagrigus, M|\n|poke|p2|Pawmot, M|\n|poke|p2|Rabsca, M|\n|poke|p2|Banette, F|\n|poke|p2|Victini|\n|poke|p2|Dragonite, F|\n|poke|p2|Forretress, F|\n|teampreview\n|inactive|Battle timer is ON: inactive players will automatically lose when time's up. (requested by GameBored)\n|\n|t:|1700370572\n|start\n|switch|p1a: Grimmsnarl|Grimmsnarl, M, shiny|100\/100\n|switch|p2a: Banette|Banette, F|100\/100\n|turn|1\n|inactive|GameBored has 120 seconds left.\n|\n|t:|1700370605\n|detailschange|p2a: Banette|Banette-Mega, F\n|-mega|p2a: Banette|Banette|Banettite\n|move|p1a: Grimmsnarl|Taunt|p2a: Banette\n|-start|p2a: Banette|move: Taunt\n|move|p2a: Banette|Poltergeist|p1a: Grimmsnarl\n|-activate|p1a: Grimmsnarl|move: Poltergeist|Light Clay\n|-resisted|p1a: Grimmsnarl\n|-damage|p1a: Grimmsnarl|52\/100\n|\n|upkeep\n|turn|2\n|\n|t:|1700370618\n|switch|p2a: Forretress|Forretress, F|100\/100\n|move|p1a: Grimmsnarl|Reflect|p1a: Grimmsnarl\n|-sidestart|p1: GameBored|Reflect\n|\n|upkeep\n|turn|3\n|\n|t:|1700370633\n|switch|p2a: Victini|Victini|100\/100\n|move|p1a: Grimmsnarl|Light Screen|p1a: Grimmsnarl\n|-sidestart|p1: GameBored|move: Light Screen\n|\n|upkeep\n|turn|4\n|\n|t:|1700370638\n|move|p1a: Grimmsnarl|Taunt|p2a: Victini\n|-start|p2a: Victini|move: Taunt\n|move|p2a: Victini|V-create|p1a: Grimmsnarl\n|-crit|p1a: Grimmsnarl\n|-damage|p1a: Grimmsnarl|0 fnt\n|-unboost|p2a: Victini|spe|1\n|-unboost|p2a: Victini|def|1\n|-unboost|p2a: Victini|spd|1\n|faint|p1a: Grimmsnarl\n|\n|upkeep\n|\n|t:|1700370645\n|switch|p1a: Toxtricity|Toxtricity, M, shiny|100\/100\n|turn|5\n|\n|t:|1700370653\n|switch|p2a: Banette|Banette-Mega, F|100\/100\n|move|p1a: Toxtricity|Shift Gear|p1a: Toxtricity\n|-boost|p1a: Toxtricity|spe|2\n|-boost|p1a: Toxtricity|atk|1\n|\n|upkeep\n|turn|6\n|\n|t:|1700370657\n|switch|p1a: Sharpedo|Sharpedo, M, shiny|100\/100\n|move|p2a: Banette|Encore|p1a: Sharpedo\n|-hint|Since gen 7, Dark is immune to Prankster moves.\n|-immune|p1a: Sharpedo\n|\n|upkeep\n|turn|7\n|\n|t:|1700370663\n|move|p1a: Sharpedo|Protect|p1a: Sharpedo\n|-singleturn|p1a: Sharpedo|Protect\n|move|p2a: Banette|Destiny Bond|p2a: Banette\n|-singlemove|p2a: Banette|Destiny Bond\n|\n|-ability|p1a: Sharpedo|Speed Boost|boost\n|-boost|p1a: Sharpedo|spe|1\n|upkeep\n|turn|8\n|\n|t:|1700370670\n|move|p1a: Sharpedo|Crunch|p2a: Banette\n|-supereffective|p2a: Banette\n|-damage|p2a: Banette|0 fnt\n|faint|p2a: Banette\n|-activate|p2a: Banette|move: Destiny Bond\n|faint|p1a: Sharpedo\n|\n|upkeep\n|\n|t:|1700370674\n|switch|p1a: Toxtricity|Toxtricity, M, shiny|100\/100\n|switch|p2a: Victini|Victini|100\/100\n|turn|9\n|\n|t:|1700370680\n|switch|p1a: Cofagrigus|Cofagrigus, M, shiny|100\/100\n|move|p2a: Victini|Final Gambit|p1a: Cofagrigus\n|-immune|p1a: Cofagrigus\n|\n|-sideend|p1: GameBored|Reflect\n|upkeep\n|turn|10\n|\n|t:|1700370687\n|switch|p2a: Forretress|Forretress, F|100\/100\n|move|p1a: Cofagrigus|Night Shade|p2a: Forretress\n|-damage|p2a: Forretress|72\/100\n|\n|-sideend|p1: GameBored|move: Light Screen\n|upkeep\n|turn|11\n|\n|t:|1700370692\n|switch|p1a: Slowbro|Slowbro-Galar, M, shiny|100\/100\n|move|p2a: Forretress|Thunder Wave|p1a: Slowbro\n|-status|p1a: Slowbro|par\n|\n|upkeep\n|turn|12\n|\n|t:|1700370695\n|move|p2a: Forretress|Stealth Rock|p1a: Slowbro\n|-sidestart|p1: GameBored|move: Stealth Rock\n|move|p1a: Slowbro|Belly Drum|p1a: Slowbro\n|-damage|p1a: Slowbro|50\/100 par\n|-setboost|p1a: Slowbro|atk|6|[from] move: Belly Drum\n|-enditem|p1a: Slowbro|Sitrus Berry|[eat]\n|-heal|p1a: Slowbro|75\/100 par|[from] item: Sitrus Berry\n|\n|upkeep\n|turn|13\n|\n|t:|1700370697\n|move|p2a: Forretress|Explosion|p1a: Slowbro\n|-damage|p1a: Slowbro|24\/100 par\n|faint|p2a: Forretress\n|move|p1a: Slowbro|Drain Punch|p2: Forretress|[notarget]\n|-fail|p1a: Slowbro\n|\n|upkeep\n|\n|t:|1700370700\n|switch|p2a: Dragonite|Dragonite, F|100\/100\n|turn|14\n|\n|t:|1700370701\n|-terastallize|p2a: Dragonite|Normal\n|move|p2a: Dragonite|Extreme Speed|p1a: Slowbro\n|-damage|p1a: Slowbro|0 fnt\n|faint|p1a: Slowbro\n|\n|upkeep\n|\n|t:|1700370706\n|switch|p1a: Cofagrigus|Cofagrigus, M, shiny|100\/100\n|-damage|p1a: Cofagrigus|88\/100|[from] Stealth Rock\n|turn|15\n|\n|t:|1700370709\n|switch|p2a: Victini|Victini|100\/100\n|move|p1a: Cofagrigus|Will-O-Wisp|p2a: Victini\n|-immune|p2a: Victini\n|\n|upkeep\n|turn|16\n|\n|t:|1700370713\n|move|p2a: Victini|V-create|p1a: Cofagrigus\n|-damage|p1a: Cofagrigus|27\/100\n|-unboost|p2a: Victini|spe|1\n|-unboost|p2a: Victini|def|1\n|-unboost|p2a: Victini|spd|1\n|-activate|p1a: Cofagrigus|ability: Mummy|Victory Star|[of] p2a: Victini\n|move|p1a: Cofagrigus|Memento|p2a: Victini\n|-unboost|p2a: Victini|atk|2\n|-unboost|p2a: Victini|spa|2\n|faint|p1a: Cofagrigus\n|\n|upkeep\n|\n|t:|1700370721\n|switch|p1a: Turtonator|Turtonator, M, shiny|100\/100\n|turn|17\n|\n|t:|1700370729\n|switch|p2a: Dragonite|Dragonite, F, tera:Normal|100\/100\n|move|p1a: Turtonator|Shell Smash|p1a: Turtonator\n|-unboost|p1a: Turtonator|def|1\n|-unboost|p1a: Turtonator|spd|1\n|-boost|p1a: Turtonator|atk|2\n|-boost|p1a: Turtonator|spa|2\n|-boost|p1a: Turtonator|spe|2\n|\n|upkeep\n|turn|18\n|\n|t:|1700370734\n|move|p1a: Turtonator|Draco Meteor|p2a: Dragonite\n|-damage|p2a: Dragonite|42\/100\n|-unboost|p1a: Turtonator|spa|2\n|move|p2a: Dragonite|Earthquake|p1a: Turtonator\n|-supereffective|p1a: Turtonator\n|-damage|p1a: Turtonator|0 fnt\n|faint|p1a: Turtonator\n|\n|upkeep\n|\n|t:|1700370738\n|switch|p1a: Toxtricity|Toxtricity, M, shiny|100\/100\n|-damage|p1a: Toxtricity|88\/100|[from] Stealth Rock\n|turn|19\n|\n|t:|1700370741\n|-terastallize|p1a: Toxtricity|Normal\n|move|p2a: Dragonite|Earthquake|p1a: Toxtricity\n|-damage|p1a: Toxtricity|26\/100\n|move|p1a: Toxtricity|Boomburst|p2a: Dragonite\n|-damage|p2a: Dragonite|0 fnt\n|faint|p2a: Dragonite\n|-enditem|p1a: Toxtricity|Throat Spray\n|-boost|p1a: Toxtricity|spa|1|[from] item: Throat Spray\n|\n|upkeep\n|\n|t:|1700370747\n|switch|p2a: Victini|Victini|100\/100\n|turn|20\n|\n|t:|1700370750\n|move|p2a: Victini|V-create|p1a: Toxtricity\n|-damage|p1a: Toxtricity|0 fnt\n|-unboost|p2a: Victini|spe|1\n|-unboost|p2a: Victini|def|1\n|-unboost|p2a: Victini|spd|1\n|faint|p1a: Toxtricity\n|\n|win|Tank Tests\n|raw|GameBored's rating: 1224 &rarr; <strong>1203<\/strong><br \/>(-21 for losing)\n|raw|Tank Tests's rating: 1273 &rarr; <strong>1294<\/strong><br \/>(+21 for winning)\n|l|\u203dGameBored\n|c|\u2606Tank Tests|gg\n","uploadtime":1700370760,"views":19,"p1id":"gamebored","p2id":"tanktests","formatid":"gen9nationaldex","rating":1203,"private":0,"password":""}