{"id":"gen9nationaldex-1996589511","p1":"batmanga","p2":"nianling","format":"[Gen 9] National Dex","log":"|html|<div class=\"broadcast-blue\"><strong>[Gen 9] National Dex is currently suspecting Sneasler! For information on how to participate check out the <a href=\"https:\/\/www.smogon.com\/forums\/threads\/sv-national-dex-suspect-8-just-dance.3731534\/\">suspect thread<\/a>.<\/strong><\/div>\n|j|\u2606batmanga\n|j|\u2606nianling\n|t:|1700697767\n|gametype|singles\n|player|p1|batmanga|169|1532\n|player|p2|nianling|2|1787\n|teamsize|p1|6\n|teamsize|p2|6\n|gen|9\n|tier|[Gen 9] National Dex\n|rated|\n|rule|HP Percentage Mod: HP is shown in percentages\n|rule|Endless Battle Clause: Forcing endless battles is banned\n|rule|OHKO Clause: OHKO moves are banned\n|rule|Evasion Clause: Evasion abilities, items, and moves are banned\n|rule|Evasion Abilities Clause: Evasion abilities are banned\n|rule|Evasion Items Clause: Evasion items are banned\n|rule|Evasion Moves Clause: Evasion moves are banned\n|rule|Species Clause: Limit one of each Pok\u00e9mon\n|rule|Sleep Clause Mod: Limit one foe put to sleep\n|clearpoke\n|poke|p1|Slowking, F|\n|poke|p1|Zamazenta-*|\n|poke|p1|Raticate, M|\n|poke|p1|Skeledirge, M|\n|poke|p1|Arctozolt|\n|poke|p1|Abomasnow, M|\n|poke|p2|Dragonite, M|\n|poke|p2|Ursaluna, F|\n|poke|p2|Tapu Koko|\n|poke|p2|Garchomp, M|\n|poke|p2|Hoopa-Unbound|\n|poke|p2|Moltres|\n|teampreview\n|inactive|Battle timer is ON: inactive players will automatically lose when time's up. (requested by nianling)\n|\n|t:|1700697802\n|start\n|switch|p1a: Vallar.|Zamazenta|100\/100\n|switch|p2a: Dragonite|Dragonite, M|100\/100\n|-ability|p1a: Vallar.|Dauntless Shield|boost\n|-boost|p1a: Vallar.|def|1\n|turn|1\n|\n|t:|1700697810\n|move|p1a: Vallar.|Ice Fang|p2a: Dragonite\n|-supereffective|p2a: Dragonite\n|-damage|p2a: Dragonite|29\/100\n|move|p2a: Dragonite|Dual Wingbeat|p1a: Vallar.\n|-supereffective|p1a: Vallar.\n|-damage|p1a: Vallar.|58\/100\n|-supereffective|p1a: Vallar.\n|-damage|p1a: Vallar.|17\/100\n|-hitcount|p1a: Vallar.|2\n|\n|upkeep\n|turn|2\n|\n|t:|1700697820\n|switch|p1a: Ryomen Sukuna.|Skeledirge, M|100\/100\n|switch|p2a: Tapu Koko|Tapu Koko|100\/100\n|-fieldstart|move: Electric Terrain|[from] ability: Electric Surge|[of] p2a: Tapu Koko\n|\n|upkeep\n|turn|3\n|\n|t:|1700697826\n|switch|p1a: Willump.|Abomasnow, M, shiny|100\/100\n|-weather|Snow|[from] ability: Snow Warning|[of] p1a: Willump.\n|move|p2a: Tapu Koko|Volt Switch|p1a: Willump.\n|-resisted|p1a: Willump.\n|-damage|p1a: Willump.|75\/100\n|\n|t:|1700697839\n|switch|p2a: Dragonite|Dragonite, M|29\/100|[from] Volt Switch\n|\n|-weather|Snow|[upkeep]\n|upkeep\n|turn|4\n|\n|t:|1700697857\n|switch|p1a: Ryomen Sukuna.|Skeledirge, M|100\/100\n|move|p2a: Dragonite|Dual Wingbeat|p1a: Ryomen Sukuna.\n|-damage|p1a: Ryomen Sukuna.|80\/100\n|-damage|p1a: Ryomen Sukuna.|60\/100\n|-hitcount|p1a: Ryomen Sukuna.|2\n|\n|-weather|Snow|[upkeep]\n|upkeep\n|turn|5\n|\n|t:|1700697866\n|switch|p2a: Tapu Koko|Tapu Koko|100\/100\n|move|p1a: Ryomen Sukuna.|Slack Off|p1a: Ryomen Sukuna.\n|-heal|p1a: Ryomen Sukuna.|100\/100\n|\n|-weather|Snow|[upkeep]\n|upkeep\n|turn|6\n|\n|t:|1700697872\n|move|p2a: Tapu Koko|Volt Switch|p1a: Ryomen Sukuna.\n|-damage|p1a: Ryomen Sukuna.|36\/100\n|\n|t:|1700697875\n|switch|p2a: Ursaluna|Ursaluna, F|100\/100|[from] Volt Switch\n|move|p1a: Ryomen Sukuna.|Will-O-Wisp|p2a: Ursaluna\n|-status|p2a: Ursaluna|brn\n|\n|-weather|Snow|[upkeep]\n|-damage|p2a: Ursaluna|94\/100 brn|[from] brn\n|-fieldend|move: Electric Terrain\n|upkeep\n|turn|7\n|\n|t:|1700697888\n|switch|p1a: Willump.|Abomasnow, M, shiny|75\/100\n|move|p2a: Ursaluna|Headlong Rush|p1a: Willump.\n|-resisted|p1a: Willump.\n|-damage|p1a: Willump.|66\/100\n|-unboost|p2a: Ursaluna|def|1\n|-unboost|p2a: Ursaluna|spd|1\n|\n|-weather|none\n|-damage|p2a: Ursaluna|88\/100 brn|[from] brn\n|upkeep\n|turn|8\n|\n|t:|1700697895\n|detailschange|p1a: Willump.|Abomasnow-Mega, M, shiny\n|-mega|p1a: Willump.|Abomasnow|Abomasite\n|-weather|Snow|[from] ability: Snow Warning|[of] p1a: Willump.\n|move|p2a: Ursaluna|Fire Punch|p1a: Willump.\n|-supereffective|p1a: Willump.\n|-damage|p1a: Willump.|39\/100\n|move|p1a: Willump.|Giga Drain|p2a: Ursaluna\n|-supereffective|p2a: Ursaluna\n|-damage|p2a: Ursaluna|33\/100 brn\n|-heal|p1a: Willump.|72\/100|[from] drain|[of] p2a: Ursaluna\n|\n|-weather|Snow|[upkeep]\n|-damage|p2a: Ursaluna|26\/100 brn|[from] brn\n|upkeep\n|turn|9\n|\n|t:|1700697907\n|move|p2a: Ursaluna|Fire Punch|p1a: Willump.\n|-supereffective|p1a: Willump.\n|-damage|p1a: Willump.|44\/100\n|move|p1a: Willump.|Blizzard|p2a: Ursaluna\n|-supereffective|p2a: Ursaluna\n|-crit|p2a: Ursaluna\n|-damage|p2a: Ursaluna|0 fnt\n|faint|p2a: Ursaluna\n|\n|-weather|Snow|[upkeep]\n|upkeep\n|\n|t:|1700697929\n|switch|p2a: Hoopa|Hoopa-Unbound|100\/100\n|turn|10\n|\n|t:|1700697958\n|switch|p1a: Ryomen Sukuna.|Skeledirge, M|36\/100\n|move|p2a: Hoopa|Dark Pulse|p1a: Ryomen Sukuna.\n|-supereffective|p1a: Ryomen Sukuna.\n|-damage|p1a: Ryomen Sukuna.|0 fnt\n|faint|p1a: Ryomen Sukuna.\n|\n|-weather|Snow|[upkeep]\n|upkeep\n|inactive|batmanga has 120 seconds left.\n|\n|t:|1700697969\n|switch|p1a: Blueberry.|Arctozolt|100\/100\n|turn|11\n|inactive|nianling has 120 seconds left.\n|inactive|batmanga has 120 seconds left.\n|\n|t:|1700698022\n|switch|p2a: Moltres|Moltres|100\/100\n|move|p1a: Blueberry.|Bolt Beak|p2a: Moltres\n|-supereffective|p2a: Moltres\n|-damage|p2a: Moltres|0 fnt\n|-status|p1a: Blueberry.|brn|[from] ability: Flame Body|[of] p2a: Moltres\n|faint|p2a: Moltres\n|\n|-weather|Snow|[upkeep]\n|-damage|p1a: Blueberry.|94\/100 brn|[from] brn\n|upkeep\n|\n|t:|1700698026\n|switch|p2a: Garchomp|Garchomp, M|100\/100\n|turn|12\n|c|\u2606batmanga|:D\n|\n|t:|1700698030\n|-terastallize|p2a: Garchomp|Ice\n|move|p2a: Garchomp|Iron Head|p1a: Blueberry.\n|-damage|p1a: Blueberry.|74\/100 brn\n|move|p1a: Blueberry.|Blizzard|p2a: Garchomp\n|-resisted|p2a: Garchomp\n|-damage|p2a: Garchomp|81\/100\n|\n|-weather|none\n|-damage|p1a: Blueberry.|67\/100 brn|[from] brn\n|upkeep\n|turn|13\n|\n|t:|1700698045\n|switch|p1a: Pearl.|Slowking, F|100\/100\n|move|p2a: Garchomp|Iron Head|p1a: Pearl.\n|-resisted|p1a: Pearl.\n|-damage|p1a: Pearl.|86\/100\n|\n|upkeep\n|turn|14\n|\n|t:|1700698050\n|switch|p2a: Hoopa|Hoopa-Unbound|100\/100\n|move|p1a: Pearl.|Chilly Reception|p1a: Pearl.\n|-weather|Snow\n|\n|t:|1700698056\n|switch|p1a: RATKING.|Raticate, M, shiny|100\/100|[from] Chilly Reception\n|\n|-weather|Snow|[upkeep]\n|-status|p1a: RATKING.|brn|[from] item: Flame Orb\n|upkeep\n|turn|15\n|\n|t:|1700698072\n|move|p1a: RATKING.|Facade|p2a: Hoopa\n|-damage|p2a: Hoopa|0 fnt\n|faint|p2a: Hoopa\n|\n|-weather|Snow|[upkeep]\n|-damage|p1a: RATKING.|95\/100 brn|[from] brn\n|upkeep\n|\n|t:|1700698079\n|switch|p2a: Tapu Koko|Tapu Koko|100\/100\n|-fieldstart|move: Electric Terrain|[from] ability: Electric Surge|[of] p2a: Tapu Koko\n|turn|16\n|\n|t:|1700698086\n|switch|p1a: Blueberry.|Arctozolt|67\/100 brn\n|move|p2a: Tapu Koko|Thunderbolt|p1a: Blueberry.\n|-resisted|p1a: Blueberry.\n|-damage|p1a: Blueberry.|13\/100 brn\n|\n|-weather|Snow|[upkeep]\n|-damage|p1a: Blueberry.|6\/100 brn|[from] brn\n|upkeep\n|turn|17\n|\n|t:|1700698092\n|move|p1a: Blueberry.|Blizzard|p2a: Tapu Koko\n|-damage|p2a: Tapu Koko|44\/100\n|move|p2a: Tapu Koko|Thunderbolt|p1a: Blueberry.\n|-resisted|p1a: Blueberry.\n|-damage|p1a: Blueberry.|0 fnt\n|faint|p1a: Blueberry.\n|\n|-weather|Snow|[upkeep]\n|upkeep\n|\n|t:|1700698114\n|switch|p1a: Willump.|Abomasnow-Mega, M, shiny|44\/100\n|turn|18\n|\n|t:|1700698120\n|switch|p2a: Garchomp|Garchomp, M, tera:Ice|81\/100\n|move|p1a: Willump.|Giga Drain|p2a: Garchomp\n|-damage|p2a: Garchomp|48\/100\n|-heal|p1a: Willump.|60\/100|[from] drain|[of] p2a: Garchomp\n|\n|-weather|Snow|[upkeep]\n|upkeep\n|turn|19\n|\n|t:|1700698137\n|move|p2a: Garchomp|Outrage|p1a: Willump.\n|-damage|p1a: Willump.|31\/100\n|move|p1a: Willump.|Aurora Veil|p1a: Willump.\n|-sidestart|p1: batmanga|move: Aurora Veil\n|\n|-weather|Snow|[upkeep]\n|upkeep\n|turn|20\n|j| Twintail_Fetish\n|inactive|batmanga has 120 seconds left.\n|\n|t:|1700698158\n|switch|p1a: Pearl.|Slowking, F|100\/100\n|move|p2a: Garchomp|Outrage|p1a: Pearl.|[from]lockedmove\n|-damage|p1a: Pearl.|70\/100\n|-start|p2a: Garchomp|confusion|[fatigue]\n|\n|-weather|Snow|[upkeep]\n|-fieldend|move: Electric Terrain\n|upkeep\n|turn|21\n|\n|t:|1700698168\n|-terastallize|p1a: Pearl.|Fairy\n|-activate|p2a: Garchomp|confusion\n|-damage|p2a: Garchomp|34\/100|[from] confusion\n|move|p1a: Pearl.|Future Sight|p2a: Garchomp\n|-start|p1a: Pearl.|move: Future Sight\n|\n|-weather|none\n|upkeep\n|turn|22\n|\n|t:|1700698176\n|switch|p2a: Tapu Koko|Tapu Koko|44\/100\n|-fieldstart|move: Electric Terrain|[from] ability: Electric Surge|[of] p2a: Tapu Koko\n|move|p1a: Pearl.|Scald|p2a: Tapu Koko\n|-damage|p2a: Tapu Koko|4\/100\n|\n|upkeep\n|turn|23\n|\n|t:|1700698184\n|move|p2a: Tapu Koko|Volt Switch|p1a: Pearl.\n|-damage|p1a: Pearl.|54\/100\n|\n|t:|1700698187\n|switch|p2a: Garchomp|Garchomp, M, tera:Ice|34\/100|[from] Volt Switch\n|move|p1a: Pearl.|Chilly Reception|p1a: Pearl.\n|-weather|Snow\n|\n|t:|1700698193\n|switch|p1a: RATKING.|Raticate, M, shiny|95\/100 brn|[from] Chilly Reception\n|\n|-weather|Snow|[upkeep]\n|-end|p2a: Garchomp|move: Future Sight\n|-damage|p2a: Garchomp|0 fnt\n|faint|p2a: Garchomp\n|-damage|p1a: RATKING.|89\/100 brn|[from] brn\n|-sideend|p1: batmanga|move: Aurora Veil\n|upkeep\n|\n|t:|1700698195\n|switch|p2a: Tapu Koko|Tapu Koko|4\/100\n|turn|24\n|\n|t:|1700698203\n|move|p1a: RATKING.|Sucker Punch|p2a: Tapu Koko\n|-resisted|p2a: Tapu Koko\n|-damage|p2a: Tapu Koko|0 fnt\n|faint|p2a: Tapu Koko\n|\n|-weather|Snow|[upkeep]\n|-damage|p1a: RATKING.|83\/100 brn|[from] brn\n|upkeep\n|\n|t:|1700698209\n|switch|p2a: Dragonite|Dragonite, M|29\/100\n|turn|25\n|\n|t:|1700698211\n|move|p2a: Dragonite|Extreme Speed|p1a: RATKING.\n|-damage|p1a: RATKING.|0 fnt\n|faint|p1a: RATKING.\n|\n|-weather|Snow|[upkeep]\n|upkeep\n|\n|t:|1700698218\n|switch|p1a: Willump.|Abomasnow-Mega, M, shiny|31\/100\n|turn|26\n|\n|t:|1700698220\n|move|p2a: Dragonite|Extreme Speed|p1a: Willump.\n|-damage|p1a: Willump.|11\/100\n|move|p1a: Willump.|Blizzard|p2a: Dragonite\n|-supereffective|p2a: Dragonite\n|-damage|p2a: Dragonite|0 fnt\n|faint|p2a: Dragonite\n|\n|win|batmanga\n|raw|batmanga's rating: 1532 &rarr; <strong>1565<\/strong><br \/>(+33 for winning)\n|raw|nianling's rating: 1787 &rarr; <strong>1754<\/strong><br \/>(-33 for losing)\n|l|\u2606nianling\n","uploadtime":1700698390,"views":6,"p1id":"batmanga","p2id":"nianling","formatid":"gen9nationaldex","rating":1565,"private":0,"password":""}