{"id":"gen9nationaldex-1989800619","p1":"Amasaki \u2606","p2":"kokontaka","format":"[Gen 9] National Dex","log":"|j|\u2606Amasaki \u2606\n|j|\u2606kokontaka\n|t:|1699896831\n|gametype|singles\n|player|p1|Amasaki \u2606|#perishsong|\n|player|p2|kokontaka|hop|\n|teamsize|p1|6\n|teamsize|p2|6\n|gen|9\n|tier|[Gen 9] National Dex\n|rule|HP Percentage Mod: HP is shown in percentages\n|rule|Endless Battle Clause: Forcing endless battles is banned\n|rule|OHKO Clause: OHKO moves are banned\n|rule|Evasion Clause: Evasion abilities, items, and moves are banned\n|rule|Evasion Abilities Clause: Evasion abilities are banned\n|rule|Evasion Items Clause: Evasion items are banned\n|rule|Evasion Moves Clause: Evasion moves are banned\n|rule|Species Clause: Limit one of each Pok\u00e9mon\n|rule|Sleep Clause Mod: Limit one foe put to sleep\n|clearpoke\n|poke|p1|Greninja-*, M|\n|poke|p1|Great Tusk|\n|poke|p1|Ferrothorn, M|\n|poke|p1|Slowbro, F|\n|poke|p1|Zamazenta-*|\n|poke|p1|Sandy Shocks|\n|poke|p2|Torkoal, M|\n|poke|p2|Typhlosion-Hisui, M|\n|poke|p2|Lopunny, M|\n|poke|p2|Zamazenta-*|\n|poke|p2|Sneasler, F|\n|poke|p2|Skeledirge, M|\n|teampreview\n|c|\u2606Amasaki \u2606|abov\n|c|\u2606Amasaki \u2606|tak\u0131m\u0131na bakaym\u0131\u015f\u0131m ke\u015fke\n|c|\u2606Amasaki \u2606|anti sun yok\n|\n|t:|1699896848\n|start\n|switch|p1a: Sandy Shocks|Sandy Shocks|100\/100\n|switch|p2a: ULTIMATE GIGA CHAD|Lopunny, M|100\/100\n|turn|1\n|c|\u2606kokontaka|Zorlu olacak\n|\n|t:|1699896863\n|detailschange|p2a: ULTIMATE GIGA CHAD|Lopunny-Mega, M\n|-mega|p2a: ULTIMATE GIGA CHAD|Lopunny|Lopunnite\n|move|p2a: ULTIMATE GIGA CHAD|Fake Out|p1a: Sandy Shocks\n|-damage|p1a: Sandy Shocks|74\/100\n|cant|p1a: Sandy Shocks|flinch\n|\n|upkeep\n|turn|2\n|j| Raynox55\n|\n|t:|1699896869\n|move|p1a: Sandy Shocks|Volt Switch|p2a: ULTIMATE GIGA CHAD\n|-damage|p2a: ULTIMATE GIGA CHAD|59\/100\n|\n|t:|1699896874\n|-end|p1a: Sandy Shocks|Protosynthesis|[silent]\n|switch|p1a: Great Tusk|Great Tusk|100\/100|[from] Volt Switch\n|-enditem|p1a: Great Tusk|Booster Energy\n|-activate|p1a: Great Tusk|ability: Protosynthesis|[fromitem]\n|-start|p1a: Great Tusk|protosynthesisspe\n|move|p2a: ULTIMATE GIGA CHAD|Triple Axel|p1a: Great Tusk|[miss]\n|-miss|p2a: ULTIMATE GIGA CHAD|p1a: Great Tusk\n|\n|upkeep\n|turn|3\n|c| Raynox55|\u0130ki tarafa da bol \u015fans\n|c|\u2606Amasaki \u2606|tenks\n|\n|t:|1699896900\n|move|p1a: Great Tusk|Close Combat|p2a: ULTIMATE GIGA CHAD\n|-supereffective|p2a: ULTIMATE GIGA CHAD\n|-damage|p2a: ULTIMATE GIGA CHAD|0 fnt\n|-unboost|p1a: Great Tusk|def|1\n|-unboost|p1a: Great Tusk|spd|1\n|faint|p2a: ULTIMATE GIGA CHAD\n|\n|upkeep\n|c|\u2606Amasaki \u2606|booster serbestti demi lan\n|c|\u2606kokontaka|La- boostun neye boost verdi\u011fine bakmay\u0131 unuttum\n|\n|t:|1699896923\n|switch|p2a: Smoker|Torkoal, M|100\/100\n|-weather|SunnyDay|[from] ability: Drought|[of] p2a: Smoker\n|turn|4\n|c| Raynox55|Nat dex teki her \u015fey serbestti diye hat\u0131rl\u0131yorum\n|\n|t:|1699896932\n|-end|p1a: Great Tusk|Protosynthesis|[silent]\n|switch|p1a: Sandy Shocks|Sandy Shocks|74\/100\n|-activate|p1a: Sandy Shocks|ability: Protosynthesis\n|-start|p1a: Sandy Shocks|protosynthesisspa\n|move|p2a: Smoker|Yawn|p1a: Sandy Shocks\n|-start|p1a: Sandy Shocks|move: Yawn|[of] p2a: Smoker\n|\n|-weather|SunnyDay|[upkeep]\n|upkeep\n|turn|5\n|\n|t:|1699896936\n|move|p1a: Sandy Shocks|Volt Switch|p2a: Smoker\n|-damage|p2a: Smoker|44\/100\n|\n|t:|1699896939\n|-end|p1a: Sandy Shocks|Protosynthesis|[silent]\n|switch|p1a: Great Tusk|Great Tusk|100\/100|[from] Volt Switch\n|-activate|p1a: Great Tusk|ability: Protosynthesis\n|-start|p1a: Great Tusk|protosynthesisspe\n|move|p2a: Smoker|Stealth Rock|p1a: Great Tusk\n|-sidestart|p1: Amasaki \u2606|move: Stealth Rock\n|\n|-weather|SunnyDay|[upkeep]\n|upkeep\n|turn|6\n|\n|t:|1699896951\n|move|p1a: Great Tusk|Earthquake|p2a: Smoker\n|-supereffective|p2a: Smoker\n|-damage|p2a: Smoker|0 fnt\n|faint|p2a: Smoker\n|\n|-weather|SunnyDay|[upkeep]\n|upkeep\n|c|\u2606Amasaki \u2606|neyse sun bana da yar\u0131yor\n|\n|t:|1699896957\n|switch|p2a: High on eruptions|Typhlosion-Hisui, M|100\/100\n|turn|7\n|c|\u2606Amasaki \u2606|ya olum speed boostum varken niye at\u0131yon bunu\n|\n|t:|1699896972\n|-end|p1a: Great Tusk|Protosynthesis|[silent]\n|switch|p1a: Slowbro|Slowbro, F|100\/100\n|-damage|p1a: Slowbro|88\/100|[from] Stealth Rock\n|-terastallize|p2a: High on eruptions|Fire\n|move|p2a: High on eruptions|Eruption|p1a: Slowbro\n|-resisted|p1a: Slowbro\n|-crit|p1a: Slowbro\n|-damage|p1a: Slowbro|0 fnt\n|faint|p1a: Slowbro\n|\n|-weather|SunnyDay|[upkeep]\n|upkeep\n|c|\u2606kokontaka|Olm bi\u015filer deniyom i\u015fte\n|c| Raynox55|Crit\n|c|\u2606Amasaki \u2606|critten specs mi de\u011fil mi anlam\u0131yorum ki\n|\n|t:|1699897004\n|switch|p1a: Zamazenta|Zamazenta|100\/100\n|-damage|p1a: Zamazenta|94\/100|[from] Stealth Rock\n|-ability|p1a: Zamazenta|Dauntless Shield|boost\n|-boost|p1a: Zamazenta|def|1\n|turn|8\n|\n|t:|1699897011\n|-terastallize|p1a: Zamazenta|Water\n|move|p2a: High on eruptions|Eruption|p1a: Zamazenta\n|-resisted|p1a: Zamazenta\n|-damage|p1a: Zamazenta|41\/100\n|move|p1a: Zamazenta|Body Press|p2a: High on eruptions\n|-damage|p2a: High on eruptions|27\/100\n|\n|-weather|SunnyDay|[upkeep]\n|-heal|p1a: Zamazenta|47\/100|[from] item: Leftovers\n|upkeep\n|turn|9\n|\n|t:|1699897034\n|switch|p2a: Fuegatora|Skeledirge, M|100\/100\n|move|p1a: Zamazenta|Rest|p1a: Zamazenta\n|-status|p1a: Zamazenta|slp|[from] move: Rest\n|-heal|p1a: Zamazenta|100\/100 slp|[silent]\n|\n|-weather|SunnyDay|[upkeep]\n|upkeep\n|turn|10\n|\n|t:|1699897042\n|switch|p1a: Sandy Shocks|Sandy Shocks|74\/100\n|-damage|p1a: Sandy Shocks|68\/100|[from] Stealth Rock\n|-activate|p1a: Sandy Shocks|ability: Protosynthesis\n|-start|p1a: Sandy Shocks|protosynthesisspa\n|move|p2a: Fuegatora|Substitute|p2a: Fuegatora\n|-start|p2a: Fuegatora|Substitute\n|-damage|p2a: Fuegatora|75\/100\n|\n|-weather|SunnyDay|[upkeep]\n|-heal|p2a: Fuegatora|82\/100|[from] item: Leftovers\n|upkeep\n|turn|11\n|\n|t:|1699897049\n|move|p1a: Sandy Shocks|Earth Power|p2a: Fuegatora\n|-supereffective|p2a: Fuegatora\n|-end|p2a: Fuegatora|Substitute\n|move|p2a: Fuegatora|Yawn|p1a: Sandy Shocks\n|-start|p1a: Sandy Shocks|move: Yawn|[of] p2a: Fuegatora\n|\n|-weather|none\n|-end|p1a: Sandy Shocks|Protosynthesis\n|-heal|p2a: Fuegatora|88\/100|[from] item: Leftovers\n|upkeep\n|turn|12\n|\n|t:|1699897057\n|-end|p1a: Sandy Shocks|Protosynthesis|[silent]\n|switch|p1a: Greninja|Greninja, M|100\/100\n|-damage|p1a: Greninja|88\/100|[from] Stealth Rock\n|move|p2a: Fuegatora|Substitute|p2a: Fuegatora\n|-start|p2a: Fuegatora|Substitute\n|-damage|p2a: Fuegatora|63\/100\n|\n|-heal|p2a: Fuegatora|69\/100|[from] item: Leftovers\n|upkeep\n|turn|13\n|\n|t:|1699897061\n|move|p1a: Greninja|Water Shuriken|p2a: Fuegatora\n|-supereffective|p2a: Fuegatora\n|-activate|p2a: Fuegatora|move: Substitute|[damage]\n|-supereffective|p2a: Fuegatora\n|-end|p2a: Fuegatora|Substitute\n|-hitcount|p2a: Fuegatora|2\n|-damage|p1a: Greninja|78\/100|[from] item: Life Orb\n|move|p2a: Fuegatora|Yawn|p1a: Greninja\n|-start|p1a: Greninja|move: Yawn|[of] p2a: Fuegatora\n|\n|-heal|p2a: Fuegatora|75\/100|[from] item: Leftovers\n|upkeep\n|turn|14\n|\n|t:|1699897072\n|switch|p1a: Sandy Shocks|Sandy Shocks|68\/100\n|-damage|p1a: Sandy Shocks|62\/100|[from] Stealth Rock\n|move|p2a: Fuegatora|Substitute|p2a: Fuegatora\n|-start|p2a: Fuegatora|Substitute\n|-damage|p2a: Fuegatora|50\/100\n|\n|-heal|p2a: Fuegatora|56\/100|[from] item: Leftovers\n|upkeep\n|turn|15\n|\n|t:|1699897089\n|move|p1a: Sandy Shocks|Volt Switch|p2a: Fuegatora\n|-activate|p2a: Fuegatora|move: Substitute|[damage]\n|\n|t:|1699897094\n|-end|p1a: Sandy Shocks|Protosynthesis|[silent]\n|switch|p1a: Zamazenta|Zamazenta, tera:Water|100\/100 slp|[from] Volt Switch\n|-damage|p1a: Zamazenta|88\/100 slp|[from] Stealth Rock\n|move|p2a: Fuegatora|Yawn||[still]\n|-fail|p2a: Fuegatora\n|\n|-heal|p1a: Zamazenta|94\/100 slp|[from] item: Leftovers\n|-heal|p2a: Fuegatora|62\/100|[from] item: Leftovers\n|upkeep\n|turn|16\n|\n|t:|1699897100\n|cant|p1a: Zamazenta|slp\n|move|p2a: Fuegatora|Torch Song|p1a: Zamazenta\n|-resisted|p1a: Zamazenta\n|-damage|p1a: Zamazenta|82\/100 slp\n|-boost|p2a: Fuegatora|spa|1\n|\n|-heal|p1a: Zamazenta|88\/100 slp|[from] item: Leftovers\n|-heal|p2a: Fuegatora|68\/100|[from] item: Leftovers\n|upkeep\n|turn|17\n|\n|t:|1699897103\n|cant|p1a: Zamazenta|slp\n|move|p2a: Fuegatora|Torch Song|p1a: Zamazenta\n|-resisted|p1a: Zamazenta\n|-damage|p1a: Zamazenta|69\/100 slp\n|-boost|p2a: Fuegatora|spa|1\n|\n|-heal|p1a: Zamazenta|75\/100 slp|[from] item: Leftovers\n|-heal|p2a: Fuegatora|74\/100|[from] item: Leftovers\n|upkeep\n|turn|18\n|\n|t:|1699897119\n|-curestatus|p1a: Zamazenta|slp|[msg]\n|move|p1a: Zamazenta|Crunch|p2a: Fuegatora\n|-supereffective|p2a: Fuegatora\n|-end|p2a: Fuegatora|Substitute\n|move|p2a: Fuegatora|Yawn|p1a: Zamazenta\n|-start|p1a: Zamazenta|move: Yawn|[of] p2a: Fuegatora\n|\n|-heal|p1a: Zamazenta|81\/100|[from] item: Leftovers\n|-heal|p2a: Fuegatora|80\/100|[from] item: Leftovers\n|upkeep\n|turn|19\n|\n|t:|1699897132\n|move|p1a: Zamazenta|Crunch|p2a: Fuegatora\n|-supereffective|p2a: Fuegatora\n|-damage|p2a: Fuegatora|42\/100\n|move|p2a: Fuegatora|Slack Off|p2a: Fuegatora\n|-heal|p2a: Fuegatora|92\/100\n|\n|-heal|p1a: Zamazenta|88\/100|[from] item: Leftovers\n|-heal|p2a: Fuegatora|98\/100|[from] item: Leftovers\n|-end|p1a: Zamazenta|move: Yawn|[silent]\n|-status|p1a: Zamazenta|slp\n|upkeep\n|turn|20\n|\n|t:|1699897138\n|switch|p1a: Sandy Shocks|Sandy Shocks|62\/100\n|-damage|p1a: Sandy Shocks|56\/100|[from] Stealth Rock\n|move|p2a: Fuegatora|Substitute|p2a: Fuegatora\n|-start|p2a: Fuegatora|Substitute\n|-damage|p2a: Fuegatora|73\/100\n|\n|-heal|p2a: Fuegatora|79\/100|[from] item: Leftovers\n|upkeep\n|turn|21\n|\n|t:|1699897141\n|move|p1a: Sandy Shocks|Earth Power|p2a: Fuegatora\n|-supereffective|p2a: Fuegatora\n|-end|p2a: Fuegatora|Substitute\n|move|p2a: Fuegatora|Torch Song|p1a: Sandy Shocks\n|-damage|p1a: Sandy Shocks|0 fnt\n|-boost|p2a: Fuegatora|spa|1\n|faint|p1a: Sandy Shocks\n|-end|p1a: Sandy Shocks|Protosynthesis|[silent]\n|\n|-heal|p2a: Fuegatora|85\/100|[from] item: Leftovers\n|upkeep\n|\n|t:|1699897146\n|switch|p1a: Great Tusk|Great Tusk|100\/100\n|-damage|p1a: Great Tusk|98\/100|[from] Stealth Rock\n|turn|22\n|c|\u2606Amasaki \u2606|sub yawn ne birader ya\n|\n|t:|1699897160\n|move|p1a: Great Tusk|Earthquake|p2a: Fuegatora\n|-supereffective|p2a: Fuegatora\n|-damage|p2a: Fuegatora|18\/100\n|move|p2a: Fuegatora|Torch Song|p1a: Great Tusk\n|-damage|p1a: Great Tusk|0 fnt\n|-boost|p2a: Fuegatora|spa|1\n|faint|p1a: Great Tusk\n|-end|p1a: Great Tusk|Protosynthesis|[silent]\n|\n|-heal|p2a: Fuegatora|24\/100|[from] item: Leftovers\n|upkeep\n|\n|t:|1699897163\n|switch|p1a: Greninja|Greninja, M|78\/100\n|-damage|p1a: Greninja|66\/100|[from] Stealth Rock\n|turn|23\n|\n|t:|1699897169\n|move|p1a: Greninja|Surf|p2a: Fuegatora\n|-supereffective|p2a: Fuegatora\n|-damage|p2a: Fuegatora|0 fnt\n|faint|p2a: Fuegatora\n|-ability|p1a: Greninja|Battle Bond|boost\n|-boost|p1a: Greninja|atk|1\n|-boost|p1a: Greninja|spa|1\n|-boost|p1a: Greninja|spe|1\n|-activate|p1a: Greninja|ability: Battle Bond\n|-damage|p1a: Greninja|56\/100|[from] item: Life Orb\n|\n|upkeep\n|\n|t:|1699897177\n|switch|p2a: Blaze The Cat|Sneasler, F|100\/100\n|turn|24\n|c|\u2606kokontaka|Evet p#\u00e7 seti y\u00fcr\u00fct\u00fcyom skelede\n|c| Raynox55|Lan hareketli hali gelmi\u015f sneasler in\n|\n|t:|1699897203\n|move|p1a: Greninja|Surf|p2a: Blaze The Cat\n|-enditem|p2a: Blaze The Cat|Focus Sash\n|-damage|p2a: Blaze The Cat|1\/100\n|-damage|p1a: Greninja|46\/100|[from] item: Life Orb\n|move|p2a: Blaze The Cat|Close Combat|p1a: Greninja\n|-supereffective|p1a: Greninja\n|-damage|p1a: Greninja|0 fnt\n|-unboost|p2a: Blaze The Cat|def|1\n|-unboost|p2a: Blaze The Cat|spd|1\n|faint|p1a: Greninja\n|\n|upkeep\n|c|\u2606kokontaka|Yeni sprite evet\n|\n|t:|1699897213\n|switch|p1a: Ferrothorn|Ferrothorn, M|100\/100\n|-damage|p1a: Ferrothorn|94\/100|[from] Stealth Rock\n|turn|25\n|\n|t:|1699897219\n|move|p2a: Blaze The Cat|Close Combat|p1a: Ferrothorn\n|-supereffective|p1a: Ferrothorn\n|-damage|p1a: Ferrothorn|3\/100\n|-unboost|p2a: Blaze The Cat|def|1\n|-unboost|p2a: Blaze The Cat|spd|1\n|-damage|p2a: Blaze The Cat|0 fnt|[from] ability: Iron Barbs|[of] p1a: Ferrothorn\n|faint|p2a: Blaze The Cat\n|move|p1a: Ferrothorn|Gyro Ball|p2: Blaze The Cat|[notarget]\n|-fail|p1a: Ferrothorn\n|\n|-heal|p1a: Ferrothorn|10\/100|[from] item: Leftovers\n|upkeep\n|\n|t:|1699897231\n|switch|p2a: The Middle Child|Zamazenta|100\/100\n|-ability|p2a: The Middle Child|Dauntless Shield|boost\n|-boost|p2a: The Middle Child|def|1\n|turn|26\n|\n|t:|1699897238\n|move|p2a: The Middle Child|Body Press|p1a: Ferrothorn\n|-supereffective|p1a: Ferrothorn\n|-damage|p1a: Ferrothorn|0 fnt\n|-damage|p2a: The Middle Child|88\/100|[from] ability: Iron Barbs|[of] p1a: Ferrothorn\n|faint|p1a: Ferrothorn\n|\n|-heal|p2a: The Middle Child|94\/100|[from] item: Leftovers\n|upkeep\n|\n|t:|1699897240\n|switch|p1a: Zamazenta|Zamazenta, tera:Water|88\/100 slp\n|-damage|p1a: Zamazenta|75\/100 slp|[from] Stealth Rock\n|turn|27\n|c|\u2606kokontaka|Aboooo\n|\n|t:|1699897248\n|move|p2a: The Middle Child|Iron Defense|p2a: The Middle Child\n|-boost|p2a: The Middle Child|def|2\n|cant|p1a: Zamazenta|slp\n|\n|-heal|p2a: The Middle Child|100\/100|[from] item: Leftovers\n|-heal|p1a: Zamazenta|81\/100 slp|[from] item: Leftovers\n|upkeep\n|turn|28\n|\n|t:|1699897251\n|-curestatus|p1a: Zamazenta|slp|[msg]\n|move|p1a: Zamazenta|Iron Defense|p1a: Zamazenta\n|-boost|p1a: Zamazenta|def|2\n|move|p2a: The Middle Child|Iron Defense|p2a: The Middle Child\n|-boost|p2a: The Middle Child|def|2\n|\n|-heal|p1a: Zamazenta|88\/100|[from] item: Leftovers\n|upkeep\n|turn|29\n|\n|t:|1699897254\n|move|p2a: The Middle Child|Iron Defense|p2a: The Middle Child\n|-boost|p2a: The Middle Child|def|1\n|move|p1a: Zamazenta|Iron Defense|p1a: Zamazenta\n|-boost|p1a: Zamazenta|def|2\n|\n|-heal|p1a: Zamazenta|94\/100|[from] item: Leftovers\n|upkeep\n|turn|30\n|\n|t:|1699897258\n|move|p2a: The Middle Child|Body Press|p1a: Zamazenta\n|-damage|p1a: Zamazenta|55\/100\n|move|p1a: Zamazenta|Iron Defense|p1a: Zamazenta\n|-boost|p1a: Zamazenta|def|2\n|\n|-heal|p1a: Zamazenta|61\/100|[from] item: Leftovers\n|upkeep\n|turn|31\n|\n|t:|1699897266\n|move|p2a: The Middle Child|Body Press|p1a: Zamazenta\n|-damage|p1a: Zamazenta|30\/100\n|move|p1a: Zamazenta|Body Press|p2a: The Middle Child\n|-damage|p2a: The Middle Child|76\/100\n|\n|-heal|p1a: Zamazenta|36\/100|[from] item: Leftovers\n|-heal|p2a: The Middle Child|83\/100|[from] item: Leftovers\n|upkeep\n|turn|32\n|\n|t:|1699897272\n|move|p1a: Zamazenta|Rest|p1a: Zamazenta\n|-status|p1a: Zamazenta|slp|[from] move: Rest\n|-heal|p1a: Zamazenta|100\/100 slp|[silent]\n|move|p2a: The Middle Child|Body Press|p1a: Zamazenta\n|-damage|p1a: Zamazenta|72\/100 slp\n|\n|-heal|p2a: The Middle Child|89\/100|[from] item: Leftovers\n|-heal|p1a: Zamazenta|79\/100 slp|[from] item: Leftovers\n|upkeep\n|turn|33\n|\n|t:|1699897274\n|move|p2a: The Middle Child|Body Press|p1a: Zamazenta\n|-damage|p1a: Zamazenta|47\/100 slp\n|cant|p1a: Zamazenta|slp\n|\n|-heal|p1a: Zamazenta|54\/100 slp|[from] item: Leftovers\n|-heal|p2a: The Middle Child|95\/100|[from] item: Leftovers\n|upkeep\n|turn|34\n|\n|t:|1699897277\n|cant|p1a: Zamazenta|slp\n|move|p2a: The Middle Child|Body Press|p1a: Zamazenta\n|-damage|p1a: Zamazenta|23\/100 slp\n|\n|-heal|p1a: Zamazenta|30\/100 slp|[from] item: Leftovers\n|-heal|p2a: The Middle Child|100\/100|[from] item: Leftovers\n|upkeep\n|turn|35\n|\n|t:|1699897280\n|move|p2a: The Middle Child|Body Press|p1a: Zamazenta\n|-damage|p1a: Zamazenta|0 fnt\n|faint|p1a: Zamazenta\n|\n|win|kokontaka\n|c|\u2606Amasaki \u2606|gg\n|c|\u2606kokontaka|Gg\n|l|\u2606Amasaki \u2606\n|c|\u2606kokontaka|Tekrar \u015fimdi\n|l| Raynox55\n","uploadtime":1699897336,"views":6,"p1id":"amasaki","p2id":"kokontaka","formatid":"gen9nationaldex","rating":0,"private":0,"password":""}