{"id":"gen9nationaldex-1997982240","p1":"Top EE","p2":"NDSNEZyedropwhen","format":"[Gen 9] National Dex","log":"|html|<div class=\"broadcast-blue\"><strong>[Gen 9] National Dex is currently suspecting Sneasler! For information on how to participate check out the <a href=\"https:\/\/www.smogon.com\/forums\/threads\/sv-national-dex-suspect-8-just-dance.3731534\/\">suspect thread<\/a>.<\/strong><\/div>\n|j|\u2606Top EE\n|j|\u2606NDSNEZyedropwhen\n|t:|1700875107\n|gametype|singles\n|player|p1|Top EE|170|1154\n|player|p2|NDSNEZyedropwhen|adaman|1119\n|teamsize|p1|6\n|teamsize|p2|6\n|gen|9\n|tier|[Gen 9] National Dex\n|rated|\n|rule|HP Percentage Mod: HP is shown in percentages\n|rule|Endless Battle Clause: Forcing endless battles is banned\n|rule|OHKO Clause: OHKO moves are banned\n|rule|Evasion Clause: Evasion abilities, items, and moves are banned\n|rule|Evasion Abilities Clause: Evasion abilities are banned\n|rule|Evasion Items Clause: Evasion items are banned\n|rule|Evasion Moves Clause: Evasion moves are banned\n|rule|Species Clause: Limit one of each Pok\u00e9mon\n|rule|Sleep Clause Mod: Limit one foe put to sleep\n|clearpoke\n|poke|p1|Sneasler, F|\n|poke|p1|Rillaboom, F|\n|poke|p1|Toxapex, F|\n|poke|p1|Aegislash, F|\n|poke|p1|Swampert, M|\n|poke|p1|Pelipper, M|\n|poke|p2|Toxapex, M|\n|poke|p2|Dondozo, F|\n|poke|p2|Gliscor, F|\n|poke|p2|Blissey, F|\n|poke|p2|Corviknight, F|\n|poke|p2|Tyranitar, M|\n|teampreview\n|inactive|Battle timer is ON: inactive players will automatically lose when time's up. (requested by NDSNEZyedropwhen)\n|\n|t:|1700875136\n|start\n|switch|p1a: Pelipper|Pelipper, M|100\/100\n|switch|p2a: Gliscor|Gliscor, F|100\/100\n|-weather|RainDance|[from] ability: Drizzle|[of] p1a: Pelipper\n|turn|1\n|\n|t:|1700875154\n|move|p2a: Gliscor|Protect|p2a: Gliscor\n|-singleturn|p2a: Gliscor|Protect\n|move|p1a: Pelipper|Scald|p2a: Gliscor\n|-activate|p2a: Gliscor|move: Protect\n|\n|-weather|RainDance|[upkeep]\n|-status|p2a: Gliscor|tox|[from] item: Toxic Orb\n|upkeep\n|turn|2\n|\n|t:|1700875162\n|switch|p2a: Toxapex|Toxapex, M|100\/100\n|move|p1a: Pelipper|Scald|p2a: Toxapex\n|-resisted|p2a: Toxapex\n|-crit|p2a: Toxapex\n|-damage|p2a: Toxapex|69\/100\n|\n|-weather|RainDance|[upkeep]\n|upkeep\n|turn|3\n|\n|t:|1700875169\n|move|p1a: Pelipper|U-turn|p2a: Toxapex\n|-resisted|p2a: Toxapex\n|-damage|p2a: Toxapex|67\/100\n|\n|t:|1700875174\n|switch|p1a: Swampert|Swampert, M|100\/100|[from] U-turn\n|move|p2a: Toxapex|Knock Off|p1a: Swampert\n|-damage|p1a: Swampert|89\/100\n|\n|-weather|RainDance|[upkeep]\n|upkeep\n|turn|4\n|\n|t:|1700875181\n|detailschange|p1a: Swampert|Swampert-Mega, M\n|-mega|p1a: Swampert|Swampert|Swampertite\n|move|p2a: Toxapex|Baneful Bunker|p2a: Toxapex\n|-singleturn|p2a: Toxapex|move: Protect\n|move|p1a: Swampert|Earthquake|p2a: Toxapex\n|-activate|p2a: Toxapex|move: Protect\n|\n|-weather|RainDance|[upkeep]\n|upkeep\n|turn|5\n|\n|t:|1700875189\n|switch|p2a: Dondozo|Dondozo, F|100\/100\n|move|p1a: Swampert|Earthquake|p2a: Dondozo\n|-damage|p2a: Dondozo|73\/100\n|\n|-weather|RainDance|[upkeep]\n|upkeep\n|turn|6\n|\n|t:|1700875195\n|move|p1a: Swampert|Earthquake|p2a: Dondozo\n|-damage|p2a: Dondozo|46\/100\n|move|p2a: Dondozo|Curse|p2a: Dondozo\n|-unboost|p2a: Dondozo|spe|1\n|-boost|p2a: Dondozo|atk|1\n|-boost|p2a: Dondozo|def|1\n|\n|-weather|RainDance|[upkeep]\n|upkeep\n|turn|7\n|\n|t:|1700875203\n|move|p1a: Swampert|Earthquake|p2a: Dondozo\n|-damage|p2a: Dondozo|26\/100\n|move|p2a: Dondozo|Rest|p2a: Dondozo\n|-status|p2a: Dondozo|slp|[from] move: Rest\n|-heal|p2a: Dondozo|100\/100 slp|[silent]\n|\n|-weather|RainDance|[upkeep]\n|upkeep\n|turn|8\n|\n|t:|1700875212\n|move|p1a: Swampert|Earthquake|p2a: Dondozo\n|-damage|p2a: Dondozo|80\/100 slp\n|cant|p2a: Dondozo|slp\n|move|p2a: Dondozo|Sleep Talk|p2a: Dondozo\n|move|p2a: Dondozo|Curse|p2a: Dondozo|[from]move: Sleep Talk\n|-unboost|p2a: Dondozo|spe|1\n|-boost|p2a: Dondozo|atk|1\n|-boost|p2a: Dondozo|def|1\n|\n|-weather|none\n|upkeep\n|turn|9\n|\n|t:|1700875226\n|switch|p1a: Weavile 2.0|Sneasler, F|100\/100\n|cant|p2a: Dondozo|slp\n|move|p2a: Dondozo|Sleep Talk|p2a: Dondozo\n|move|p2a: Dondozo|Rest||[from]move: Sleep Talk|[still]\n|-fail|p2a: Dondozo\n|\n|upkeep\n|turn|10\n|\n|t:|1700875235\n|switch|p1a: Rillaboom|Rillaboom, F|100\/100\n|-fieldstart|move: Grassy Terrain|[from] ability: Grassy Surge|[of] p1a: Rillaboom\n|switch|p2a: Gliscor|Gliscor, F|100\/100 tox\n|\n|upkeep\n|turn|11\n|\n|t:|1700875247\n|switch|p1a: Weavile 2.0|Sneasler, F|100\/100\n|-enditem|p1a: Weavile 2.0|Grassy Seed\n|-boost|p1a: Weavile 2.0|def|1|[from] item: Grassy Seed\n|move|p2a: Gliscor|Protect||[still]\n|-fail|p2a: Gliscor\n|\n|upkeep\n|turn|12\n|\n|t:|1700875261\n|-terastallize|p1a: Weavile 2.0|Flying\n|move|p1a: Weavile 2.0|Acrobatics|p2a: Gliscor\n|-damage|p2a: Gliscor|63\/100 tox\n|move|p2a: Gliscor|Earthquake|p1a: Weavile 2.0\n|-immune|p1a: Weavile 2.0\n|\n|-heal|p2a: Gliscor|76\/100 tox|[from] ability: Poison Heal\n|upkeep\n|turn|13\n|\n|t:|1700875271\n|move|p1a: Weavile 2.0|Swords Dance|p1a: Weavile 2.0\n|-boost|p1a: Weavile 2.0|atk|2\n|move|p2a: Gliscor|Toxic|p1a: Weavile 2.0\n|-status|p1a: Weavile 2.0|tox\n|\n|-damage|p1a: Weavile 2.0|95\/100 tox|[from] psn\n|-heal|p2a: Gliscor|88\/100 tox|[from] ability: Poison Heal\n|upkeep\n|turn|14\n|\n|t:|1700875282\n|move|p2a: Gliscor|Protect|p2a: Gliscor\n|-singleturn|p2a: Gliscor|Protect\n|move|p1a: Weavile 2.0|Acrobatics|p2a: Gliscor\n|-activate|p2a: Gliscor|move: Protect\n|\n|-damage|p1a: Weavile 2.0|83\/100 tox|[from] psn\n|-heal|p2a: Gliscor|100\/100 tox|[from] ability: Poison Heal\n|-fieldend|move: Grassy Terrain\n|upkeep\n|turn|15\n|\n|t:|1700875290\n|switch|p2a: Dondozo|Dondozo, F|80\/100 slp\n|move|p1a: Weavile 2.0|Acrobatics|p2a: Dondozo\n|-damage|p2a: Dondozo|50\/100 slp\n|\n|-damage|p1a: Weavile 2.0|65\/100 tox|[from] psn\n|upkeep\n|turn|16\n|\n|t:|1700875297\n|move|p1a: Weavile 2.0|Trailblaze|p2a: Dondozo\n|-supereffective|p2a: Dondozo\n|-damage|p2a: Dondozo|33\/100 slp\n|-boost|p1a: Weavile 2.0|spe|1\n|-curestatus|p2a: Dondozo|slp|[msg]\n|move|p2a: Dondozo|Rest|p2a: Dondozo\n|-status|p2a: Dondozo|slp|[from] move: Rest\n|-heal|p2a: Dondozo|100\/100 slp|[silent]\n|\n|-damage|p1a: Weavile 2.0|41\/100 tox|[from] psn\n|upkeep\n|turn|17\n|\n|t:|1700875315\n|move|p1a: Weavile 2.0|Swords Dance|p1a: Weavile 2.0\n|-boost|p1a: Weavile 2.0|atk|2\n|cant|p2a: Dondozo|slp\n|move|p2a: Dondozo|Sleep Talk|p2a: Dondozo\n|move|p2a: Dondozo|Body Press|p1a: Weavile 2.0|[from]move: Sleep Talk\n|-resisted|p1a: Weavile 2.0\n|-damage|p1a: Weavile 2.0|16\/100 tox\n|\n|-damage|p1a: Weavile 2.0|0 fnt|[from] psn\n|faint|p1a: Weavile 2.0\n|upkeep\n|c|\u2606NDSNEZyedropwhen|how come rillaboom and pelipper don't get nicknames\n|\n|t:|1700875326\n|switch|p1a: Rillaboom|Rillaboom, F|100\/100\n|-fieldstart|move: Grassy Terrain|[from] ability: Grassy Surge|[of] p1a: Rillaboom\n|turn|18\n|c|\u2606NDSNEZyedropwhen|and swampert\n|\n|t:|1700875330\n|switch|p2a: Corviknight|Corviknight, F|100\/100\n|-ability|p2a: Corviknight|Pressure\n|move|p1a: Rillaboom|Grassy Glide|p2a: Corviknight\n|-resisted|p2a: Corviknight\n|-damage|p2a: Corviknight|92\/100\n|\n|-heal|p2a: Corviknight|99\/100|[from] item: Leftovers\n|upkeep\n|turn|19\n|\n|t:|1700875340\n|switch|p2a: Gliscor|Gliscor, F|100\/100 tox\n|move|p1a: Rillaboom|U-turn|p2a: Gliscor\n|-resisted|p2a: Gliscor\n|-damage|p2a: Gliscor|93\/100 tox\n|\n|t:|1700875352\n|switch|p1a: Aegislash|Aegislash, F|100\/100|[from] U-turn\n|\n|-heal|p2a: Gliscor|100\/100 tox|[from] ability: Poison Heal\n|upkeep\n|turn|20\n|\n|t:|1700875358\n|move|p2a: Gliscor|Spikes|p1a: Aegislash\n|-sidestart|p1: Top EE|Spikes\n|-formechange|p1a: Aegislash|Aegislash-Blade||[from] ability: Stance Change\n|move|p1a: Aegislash|Sacred Sword|p2a: Gliscor\n|-resisted|p2a: Gliscor\n|-damage|p2a: Gliscor|89\/100 tox\n|\n|-heal|p2a: Gliscor|100\/100 tox|[from] ability: Poison Heal\n|upkeep\n|turn|21\n|-message|Top EE forfeited.\n|\n|win|NDSNEZyedropwhen\n|raw|Top EE's rating: 1154 &rarr; <strong>1126<\/strong><br \/>(-28 for losing)\n|raw|NDSNEZyedropwhen's rating: 1119 &rarr; <strong>1147<\/strong><br \/>(+28 for winning)\n","uploadtime":1700875372,"views":1,"p1id":"topee","p2id":"ndsnezyedropwhen","formatid":"gen9nationaldex","rating":1126,"private":0,"password":""}