{"id":"gen9nationaldex-1988679990","p1":"female charizard","p2":"TheBosses27","format":"[Gen 9] National Dex","log":"|j|\u2606female charizard\n|j|\u2606TheBosses27\n|t:|1699749792\n|gametype|singles\n|player|p1|female charizard|170|1137\n|player|p2|TheBosses27|bruno|1112\n|teamsize|p1|6\n|teamsize|p2|6\n|gen|9\n|tier|[Gen 9] National Dex\n|rated|\n|rule|HP Percentage Mod: HP is shown in percentages\n|rule|Endless Battle Clause: Forcing endless battles is banned\n|rule|OHKO Clause: OHKO moves are banned\n|rule|Evasion Clause: Evasion abilities, items, and moves are banned\n|rule|Evasion Abilities Clause: Evasion abilities are banned\n|rule|Evasion Items Clause: Evasion items are banned\n|rule|Evasion Moves Clause: Evasion moves are banned\n|rule|Species Clause: Limit one of each Pok\u00e9mon\n|rule|Sleep Clause Mod: Limit one foe put to sleep\n|clearpoke\n|poke|p1|Maushold|\n|poke|p1|Stakataka|\n|poke|p1|Enamorus, F|\n|poke|p1|Ditto|\n|poke|p1|Linoone, M|\n|poke|p1|Swalot, F|\n|poke|p2|Lopunny, M|\n|poke|p2|Ferrothorn, F|\n|poke|p2|Rotom-Wash|\n|poke|p2|Samurott-Hisui, F|\n|poke|p2|Mew|\n|poke|p2|Alakazam, M|\n|teampreview\n|inactive|Battle timer is ON: inactive players will automatically lose when time's up. (requested by TheBosses27)\n|\n|t:|1699749798\n|start\n|switch|p1a: so attractive....|Enamorus, F|100\/100\n|switch|p2a: Rotom|Rotom-Wash|100\/100\n|turn|1\n|\n|t:|1699749803\n|switch|p1a: eat the bugs|Swalot, F|100\/100\n|move|p2a: Rotom|Will-O-Wisp|p1a: eat the bugs\n|-status|p1a: eat the bugs|brn\n|\n|-damage|p1a: eat the bugs|94\/100 brn|[from] brn\n|upkeep\n|turn|2\n|\n|t:|1699749818\n|switch|p2a: Ferrothorn|Ferrothorn, F|100\/100\n|move|p1a: eat the bugs|Toxic|p2a: Ferrothorn\n|-immune|p2a: Ferrothorn\n|\n|-damage|p1a: eat the bugs|88\/100 brn|[from] brn\n|upkeep\n|turn|3\n|\n|t:|1699749826\n|switch|p1a: i art thou|Ditto|100\/100\n|-transform|p1a: i art thou|p2a: Ferrothorn|[from] ability: Imposter\n|move|p2a: Ferrothorn|Knock Off|p1a: i art thou\n|-damage|p1a: i art thou|85\/100\n|-damage|p2a: Ferrothorn|88\/100|[from] ability: Iron Barbs|[of] p1a: i art thou\n|-enditem|p1a: i art thou|Choice Scarf|[from] move: Knock Off|[of] p2a: Ferrothorn\n|\n|upkeep\n|turn|4\n|\n|t:|1699749844\n|switch|p2a: Mew|Mew|100\/100\n|move|p1a: i art thou|Spikes|p2a: Mew\n|-sidestart|p2: TheBosses27|Spikes\n|\n|upkeep\n|turn|5\n|\n|t:|1699749852\n|move|p1a: i art thou|Protect|p1a: i art thou\n|-singleturn|p1a: i art thou|Protect\n|move|p2a: Mew|Block|p1a: i art thou\n|-activate|p1a: i art thou|trapped\n|\n|upkeep\n|turn|6\n|j| kung fu pokechu\n|\n|t:|1699749863\n|move|p2a: Mew|Encore|p1a: i art thou\n|-start|p1a: i art thou|Encore\n|move|p1a: i art thou|Protect||[still]\n|-fail|p1a: i art thou\n|\n|upkeep\n|turn|7\n|\n|t:|1699749875\n|move|p1a: i art thou|Protect|p1a: i art thou\n|-singleturn|p1a: i art thou|Protect\n|move|p2a: Mew|Calm Mind|p2a: Mew\n|-boost|p2a: Mew|spa|1\n|-boost|p2a: Mew|spd|1\n|\n|upkeep\n|turn|8\n|\n|t:|1699749878\n|move|p1a: i art thou|Protect||[still]\n|-fail|p1a: i art thou\n|move|p2a: Mew|Calm Mind|p2a: Mew\n|-boost|p2a: Mew|spa|1\n|-boost|p2a: Mew|spd|1\n|\n|-end|p1a: i art thou|Encore\n|upkeep\n|turn|9\n|\n|t:|1699749886\n|move|p1a: i art thou|Protect|p1a: i art thou\n|-singleturn|p1a: i art thou|Protect\n|move|p2a: Mew|Encore|p1a: i art thou\n|-activate|p1a: i art thou|move: Protect\n|\n|upkeep\n|turn|10\n|\n|t:|1699749888\n|move|p2a: Mew|Encore||[still]\n|-fail|p2a: Mew\n|move|p1a: i art thou|Gyro Ball|p2a: Mew\n|-damage|p2a: Mew|58\/100\n|\n|-heal|p2a: Mew|64\/100|[from] item: Leftovers\n|upkeep\n|turn|11\n|\n|t:|1699749893\n|move|p2a: Mew|Encore|p1a: i art thou\n|-start|p1a: i art thou|Encore\n|move|p1a: i art thou|Gyro Ball|p2a: Mew\n|-damage|p2a: Mew|25\/100\n|\n|-heal|p2a: Mew|31\/100|[from] item: Leftovers\n|upkeep\n|turn|12\n|\n|t:|1699749896\n|move|p2a: Mew|Stored Power|p1a: i art thou\n|-resisted|p1a: i art thou\n|-damage|p1a: i art thou|50\/100\n|move|p1a: i art thou|Gyro Ball|p2a: Mew\n|-damage|p2a: Mew|0 fnt\n|faint|p2a: Mew\n|\n|upkeep\n|\n|t:|1699749904\n|switch|p2a: Rotom|Rotom-Wash|100\/100\n|turn|13\n|\n|t:|1699749909\n|switch|p1a: eat the bugs|Swalot, F|88\/100 brn\n|move|p2a: Rotom|Will-O-Wisp|p1a: eat the bugs\n|-fail|p1a: eat the bugs|brn\n|\n|-damage|p1a: eat the bugs|82\/100 brn|[from] brn\n|upkeep\n|turn|14\n|\n|t:|1699749921\n|move|p2a: Rotom|Thunderbolt|p1a: eat the bugs\n|-damage|p1a: eat the bugs|58\/100 brn\n|move|p1a: eat the bugs|Infestation|p2a: Rotom\n|-damage|p2a: Rotom|97\/100\n|-activate|p2a: Rotom|move: Infestation|[of] p1a: eat the bugs\n|\n|-heal|p2a: Rotom|100\/100|[from] item: Leftovers\n|-damage|p1a: eat the bugs|52\/100 brn|[from] brn\n|-damage|p2a: Rotom|88\/100|[from] move: Infestation|[partiallytrapped]\n|upkeep\n|turn|15\n|\n|t:|1699749930\n|move|p2a: Rotom|Thunderbolt|p1a: eat the bugs\n|-damage|p1a: eat the bugs|29\/100 brn\n|move|p1a: eat the bugs|Rest|p1a: eat the bugs\n|-status|p1a: eat the bugs|slp|[from] move: Rest\n|-heal|p1a: eat the bugs|100\/100 slp|[silent]\n|\n|-heal|p2a: Rotom|94\/100|[from] item: Leftovers\n|-damage|p2a: Rotom|82\/100|[from] move: Infestation|[partiallytrapped]\n|upkeep\n|turn|16\n|\n|t:|1699749939\n|move|p2a: Rotom|Thunderbolt|p1a: eat the bugs\n|-damage|p1a: eat the bugs|79\/100 slp\n|cant|p1a: eat the bugs|slp\n|\n|-heal|p2a: Rotom|88\/100|[from] item: Leftovers\n|-damage|p2a: Rotom|75\/100|[from] move: Infestation|[partiallytrapped]\n|upkeep\n|turn|17\n|\n|t:|1699749942\n|move|p2a: Rotom|Thunderbolt|p1a: eat the bugs\n|-damage|p1a: eat the bugs|56\/100 slp\n|cant|p1a: eat the bugs|slp\n|\n|-heal|p2a: Rotom|82\/100|[from] item: Leftovers\n|-damage|p2a: Rotom|69\/100|[from] move: Infestation|[partiallytrapped]\n|upkeep\n|turn|18\n|\n|t:|1699749945\n|move|p2a: Rotom|Thunderbolt|p1a: eat the bugs\n|-damage|p1a: eat the bugs|33\/100 slp\n|-curestatus|p1a: eat the bugs|slp|[msg]\n|move|p1a: eat the bugs|Rest|p1a: eat the bugs\n|-status|p1a: eat the bugs|slp|[from] move: Rest\n|-heal|p1a: eat the bugs|100\/100 slp|[silent]\n|\n|-heal|p2a: Rotom|75\/100|[from] item: Leftovers\n|-damage|p2a: Rotom|63\/100|[from] move: Infestation|[partiallytrapped]\n|upkeep\n|turn|19\n|inactive|female charizard has 120 seconds left.\n|\n|t:|1699749979\n|move|p2a: Rotom|Thunderbolt|p1a: eat the bugs\n|-damage|p1a: eat the bugs|80\/100 slp\n|cant|p1a: eat the bugs|slp\n|\n|-heal|p2a: Rotom|69\/100|[from] item: Leftovers\n|-damage|p2a: Rotom|57\/100|[from] move: Infestation|[partiallytrapped]\n|upkeep\n|turn|20\n|\n|t:|1699749984\n|move|p2a: Rotom|Thunderbolt|p1a: eat the bugs\n|-damage|p1a: eat the bugs|60\/100 slp\n|cant|p1a: eat the bugs|slp\n|\n|-heal|p2a: Rotom|63\/100|[from] item: Leftovers\n|-damage|p2a: Rotom|50\/100|[from] move: Infestation|[partiallytrapped]\n|upkeep\n|turn|21\n|\n|t:|1699750000\n|move|p2a: Rotom|Thunderbolt|p1a: eat the bugs\n|-damage|p1a: eat the bugs|37\/100 slp\n|-curestatus|p1a: eat the bugs|slp|[msg]\n|move|p1a: eat the bugs|Rest|p1a: eat the bugs\n|-status|p1a: eat the bugs|slp|[from] move: Rest\n|-heal|p1a: eat the bugs|100\/100 slp|[silent]\n|\n|-heal|p2a: Rotom|57\/100|[from] item: Leftovers\n|-end|p2a: Rotom|Infestation|[partiallytrapped]\n|upkeep\n|turn|22\n|\n|t:|1699750006\n|switch|p2a: Alakazam|Alakazam, M|100\/100\n|cant|p1a: eat the bugs|slp\n|\n|upkeep\n|turn|23\n|\n|t:|1699750016\n|switch|p2a: Ferrothorn|Ferrothorn, F|88\/100\n|-damage|p2a: Ferrothorn|75\/100|[from] Spikes\n|switch|p1a: i art thou|Ditto|50\/100\n|-transform|p1a: i art thou|p2a: Ferrothorn|[from] ability: Imposter\n|\n|upkeep\n|turn|24\n|\n|t:|1699750027\n|switch|p2a: Samurott|Samurott-Hisui, F|100\/100\n|-damage|p2a: Samurott|88\/100|[from] Spikes\n|move|p1a: i art thou|Spikes|p2a: Samurott\n|-sidestart|p2: TheBosses27|Spikes\n|\n|upkeep\n|turn|25\n|\n|t:|1699750054\n|move|p2a: Samurott|Sacred Sword|p1a: i art thou\n|-supereffective|p1a: i art thou\n|-damage|p1a: i art thou|0 fnt\n|-damage|p2a: Samurott|75\/100|[from] ability: Iron Barbs|[of] p1a: i art thou\n|faint|p1a: i art thou\n|\n|upkeep\n|inactive|female charizard has 120 seconds left.\n|\n|t:|1699750068\n|switch|p1a: so attractive....|Enamorus, F|100\/100\n|turn|26\n|\n|t:|1699750075\n|move|p1a: so attractive....|Moonblast|p2a: Samurott\n|-supereffective|p2a: Samurott\n|-damage|p2a: Samurott|0 fnt\n|faint|p2a: Samurott\n|\n|upkeep\n|\n|t:|1699750080\n|switch|p2a: Ferrothorn|Ferrothorn, F|75\/100\n|-damage|p2a: Ferrothorn|59\/100|[from] Spikes\n|turn|27\n|\n|t:|1699750087\n|move|p1a: so attractive....|Mystical Fire|p2a: Ferrothorn\n|-supereffective|p2a: Ferrothorn\n|-damage|p2a: Ferrothorn|0 fnt\n|faint|p2a: Ferrothorn\n|\n|upkeep\n|\n|t:|1699750094\n|switch|p2a: Rotom|Rotom-Wash|57\/100\n|turn|28\n|\n|t:|1699750102\n|move|p1a: so attractive....|Calm Mind|p1a: so attractive....\n|-boost|p1a: so attractive....|spa|1\n|-boost|p1a: so attractive....|spd|1\n|move|p2a: Rotom|Thunderbolt|p1a: so attractive....\n|-supereffective|p1a: so attractive....\n|-damage|p1a: so attractive....|35\/100\n|-status|p1a: so attractive....|par\n|\n|-heal|p2a: Rotom|63\/100|[from] item: Leftovers\n|-heal|p1a: so attractive....|42\/100 par|[from] item: Leftovers\n|upkeep\n|turn|29\n|\n|t:|1699750105\n|move|p2a: Rotom|Thunderbolt|p1a: so attractive....\n|-supereffective|p1a: so attractive....\n|-damage|p1a: so attractive....|0 fnt\n|faint|p1a: so attractive....\n|\n|-heal|p2a: Rotom|69\/100|[from] item: Leftovers\n|upkeep\n|\n|t:|1699750110\n|switch|p1a: le skilled|Maushold|100\/100\n|turn|30\n|\n|t:|1699750116\n|move|p1a: le skilled|Population Bomb|p2a: Rotom\n|-damage|p2a: Rotom|57\/100\n|-damage|p2a: Rotom|45\/100\n|-damage|p2a: Rotom|33\/100\n|-damage|p2a: Rotom|22\/100\n|-damage|p2a: Rotom|10\/100\n|-damage|p2a: Rotom|0 fnt\n|faint|p2a: Rotom\n|-hitcount|p2: Rotom|6\n|\n|upkeep\n|\n|t:|1699750118\n|switch|p2a: Lopunny|Lopunny, M|100\/100\n|-damage|p2a: Lopunny|84\/100|[from] Spikes\n|turn|31\n|\n|t:|1699750126\n|switch|p1a: eat the bugs|Swalot, F|100\/100 slp\n|detailschange|p2a: Lopunny|Lopunny-Mega, M\n|-mega|p2a: Lopunny|Lopunny|Lopunnite\n|move|p2a: Lopunny|Fake Out|p1a: eat the bugs\n|-damage|p1a: eat the bugs|78\/100 slp\n|\n|upkeep\n|turn|32\n|\n|t:|1699750132\n|move|p2a: Lopunny|Return|p1a: eat the bugs\n|-damage|p1a: eat the bugs|19\/100 slp\n|cant|p1a: eat the bugs|slp\n|\n|upkeep\n|turn|33\n|\n|t:|1699750135\n|move|p2a: Lopunny|Return|p1a: eat the bugs\n|-damage|p1a: eat the bugs|0 fnt\n|faint|p1a: eat the bugs\n|\n|upkeep\n|\n|t:|1699750146\n|switch|p1a: too anxious >.<|Stakataka|100\/100\n|turn|34\n|\n|t:|1699750151\n|switch|p2a: Alakazam|Alakazam, M|100\/100\n|-terastallize|p1a: too anxious >.<|Flying\n|move|p1a: too anxious >.<|Trick Room|p1a: too anxious >.<\n|-fieldstart|move: Trick Room|[of] p1a: too anxious >.<\n|\n|upkeep\n|turn|35\n|\n|t:|1699750160\n|move|p1a: too anxious >.<|Gyro Ball|p2a: Alakazam\n|-damage|p2a: Alakazam|0 fnt\n|faint|p2a: Alakazam\n|-ability|p1a: too anxious >.<|Beast Boost|boost\n|-boost|p1a: too anxious >.<|atk|1\n|-damage|p1a: too anxious >.<|91\/100|[from] item: Life Orb\n|\n|upkeep\n|\n|t:|1699750162\n|switch|p2a: Lopunny|Lopunny-Mega, M|84\/100\n|-damage|p2a: Lopunny|67\/100|[from] Spikes\n|turn|36\n|\n|t:|1699750164\n|move|p2a: Lopunny|Fake Out|p1a: too anxious >.<\n|-damage|p1a: too anxious >.<|75\/100\n|cant|p1a: too anxious >.<|flinch\n|\n|upkeep\n|turn|37\n|\n|t:|1699750168\n|move|p1a: too anxious >.<|Gyro Ball|p2a: Lopunny\n|-damage|p2a: Lopunny|0 fnt\n|faint|p2a: Lopunny\n|-damage|p1a: too anxious >.<|65\/100|[from] item: Life Orb\n|\n|win|female charizard\n|raw|female charizard's rating: 1116 &rarr; <strong>1141<\/strong><br \/>(+25 for winning)\n|raw|TheBosses27's rating: 1112 &rarr; <strong>1087<\/strong><br \/>(-25 for losing)\n|l|\u2606TheBosses27\n","uploadtime":1699750179,"views":4,"p1id":"femalecharizard","p2id":"thebosses27","formatid":"gen9nationaldex","rating":1087,"private":0,"password":""}