{"id":"gen9nationaldex-1994024009","p1":"Plobistinator","p2":"YoungWwwwww","format":"[Gen 9] National Dex","log":"|j|\u2606Plobistinator\n|j|\u2606YoungWwwwww\n|t:|1700395511\n|gametype|singles\n|player|p1|Plobistinator|baker|1183\n|player|p2|YoungWwwwww|102|1266\n|teamsize|p1|6\n|teamsize|p2|6\n|gen|9\n|tier|[Gen 9] National Dex\n|rated|\n|rule|HP Percentage Mod: HP is shown in percentages\n|rule|Endless Battle Clause: Forcing endless battles is banned\n|rule|OHKO Clause: OHKO moves are banned\n|rule|Evasion Clause: Evasion abilities, items, and moves are banned\n|rule|Evasion Abilities Clause: Evasion abilities are banned\n|rule|Evasion Items Clause: Evasion items are banned\n|rule|Evasion Moves Clause: Evasion moves are banned\n|rule|Species Clause: Limit one of each Pok\u00e9mon\n|rule|Sleep Clause Mod: Limit one foe put to sleep\n|clearpoke\n|poke|p1|Slurpuff, M|\n|poke|p1|Aegislash, F|\n|poke|p1|Charizard, M|\n|poke|p1|Flygon, F|\n|poke|p1|Nidoking, M|\n|poke|p1|Milotic, F|\n|poke|p2|Gardevoir, F|\n|poke|p2|Latios, M|\n|poke|p2|Heatran, F|\n|poke|p2|Dragonite, F|\n|poke|p2|Bisharp, F|\n|poke|p2|Cinderace, M|\n|teampreview\n|\n|t:|1700395527\n|start\n|switch|p1a: Slurpuff|Slurpuff, M|100\/100\n|switch|p2a: Heatran|Heatran, F|100\/100\n|turn|1\n|inactive|Battle timer is ON: inactive players will automatically lose when time's up. (requested by YoungWwwwww)\n|\n|t:|1700395536\n|move|p1a: Slurpuff|Sticky Web|p2a: Heatran\n|-sidestart|p2: YoungWwwwww|move: Sticky Web\n|move|p2a: Heatran|Magma Storm|p1a: Slurpuff\n|-damage|p1a: Slurpuff|20\/100\n|-activate|p1a: Slurpuff|move: Magma Storm|[of] p2a: Heatran\n|\n|-damage|p1a: Slurpuff|8\/100|[from] move: Magma Storm|[partiallytrapped]\n|upkeep\n|turn|2\n|\n|t:|1700395543\n|move|p2a: Heatran|Protect|p2a: Heatran\n|-singleturn|p2a: Heatran|Protect\n|move|p1a: Slurpuff|Endeavor|p2a: Heatran\n|-activate|p2a: Heatran|move: Protect\n|\n|-damage|p1a: Slurpuff|0 fnt|[from] move: Magma Storm|[partiallytrapped]\n|faint|p1a: Slurpuff\n|upkeep\n|\n|t:|1700395547\n|switch|p1a: Nidoking|Nidoking, M|100\/100\n|turn|3\n|\n|t:|1700395562\n|-terastallize|p1a: Nidoking|Water\n|-terastallize|p2a: Heatran|Grass\n|move|p1a: Nidoking|Ice Beam|p2a: Heatran\n|-supereffective|p2a: Heatran\n|-damage|p2a: Heatran|29\/100\n|move|p2a: Heatran|Earth Power|p1a: Nidoking\n|-damage|p1a: Nidoking|53\/100\n|\n|-heal|p2a: Heatran|35\/100|[from] item: Leftovers\n|upkeep\n|turn|4\n|\n|t:|1700395572\n|move|p2a: Heatran|Protect|p2a: Heatran\n|-singleturn|p2a: Heatran|Protect\n|move|p1a: Nidoking|Ice Beam|p2a: Heatran\n|-activate|p2a: Heatran|move: Protect\n|\n|-heal|p2a: Heatran|41\/100|[from] item: Leftovers\n|upkeep\n|turn|5\n|\n|t:|1700395579\n|switch|p2a: Cinderace|Cinderace, M|100\/100\n|move|p1a: Nidoking|Ice Beam|p2a: Cinderace\n|-resisted|p2a: Cinderace\n|-damage|p2a: Cinderace|69\/100\n|\n|upkeep\n|turn|6\n|\n|t:|1700395585\n|move|p2a: Cinderace|Ally Switch||[still]\n|-start|p2a: Cinderace|typechange|Psychic|[from] ability: Libero\n|-fail|p2a: Cinderace\n|move|p1a: Nidoking|Earth Power|p2a: Cinderace\n|-damage|p2a: Cinderace|0 fnt\n|faint|p2a: Cinderace\n|\n|upkeep\n|\n|t:|1700395611\n|switch|p2a: Dragonite|Dragonite, F|100\/100\n|turn|7\n|\n|t:|1700395624\n|move|p2a: Dragonite|Extreme Speed|p1a: Nidoking\n|-damage|p1a: Nidoking|13\/100\n|move|p1a: Nidoking|Ice Beam|p2a: Dragonite\n|-supereffective|p2a: Dragonite\n|-damage|p2a: Dragonite|15\/100\n|\n|upkeep\n|turn|8\n|\n|t:|1700395631\n|switch|p1a: Aegislash|Aegislash, F|100\/100\n|move|p2a: Dragonite|Earthquake|p1a: Aegislash\n|-supereffective|p1a: Aegislash\n|-damage|p1a: Aegislash|38\/100\n|\n|-heal|p1a: Aegislash|44\/100|[from] item: Leftovers\n|upkeep\n|turn|9\n|\n|t:|1700395638\n|move|p2a: Dragonite|Earthquake|p1a: Aegislash\n|-supereffective|p1a: Aegislash\n|-damage|p1a: Aegislash|0 fnt\n|faint|p1a: Aegislash\n|\n|upkeep\n|\n|t:|1700395642\n|switch|p1a: Charizard|Charizard, M|100\/100\n|turn|10\n|\n|t:|1700395650\n|switch|p2a: Heatran|Heatran, F, tera:Grass|41\/100\n|-activate|p2a: Heatran|move: Sticky Web\n|-unboost|p2a: Heatran|spe|1\n|detailschange|p1a: Charizard|Charizard-Mega-Y, M\n|-mega|p1a: Charizard|Charizard|Charizardite Y\n|-weather|SunnyDay|[from] ability: Drought|[of] p1a: Charizard\n|move|p1a: Charizard|Air Slash|p2a: Heatran\n|-supereffective|p2a: Heatran\n|-damage|p2a: Heatran|0 fnt\n|faint|p2a: Heatran\n|\n|-weather|SunnyDay|[upkeep]\n|upkeep\n|\n|t:|1700395661\n|switch|p2a: Latios|Latios, M|100\/100\n|turn|11\n|\n|t:|1700395664\n|move|p1a: Charizard|Air Slash|p2a: Latios\n|-damage|p2a: Latios|63\/100\n|move|p2a: Latios|Whirlpool|p1a: Charizard|[miss]\n|-miss|p2a: Latios|p1a: Charizard\n|\n|-weather|SunnyDay|[upkeep]\n|upkeep\n|turn|12\n|\n|t:|1700395670\n|move|p1a: Charizard|Air Slash|p2a: Latios\n|-damage|p2a: Latios|24\/100\n|-enditem|p2a: Latios|Sitrus Berry|[eat]\n|-heal|p2a: Latios|49\/100|[from] item: Sitrus Berry\n|move|p2a: Latios|Whirlpool|p1a: Charizard\n|-supereffective|p1a: Charizard\n|-damage|p1a: Charizard|91\/100\n|-activate|p1a: Charizard|move: Whirlpool|[of] p2a: Latios\n|\n|-weather|SunnyDay|[upkeep]\n|-damage|p1a: Charizard|79\/100|[from] move: Whirlpool|[partiallytrapped]\n|upkeep\n|turn|13\n|\n|t:|1700395679\n|move|p1a: Charizard|Air Slash|p2a: Latios\n|-damage|p2a: Latios|13\/100\n|move|p2a: Latios|Simple Beam|p1a: Charizard\n|-endability|p1a: Charizard|Drought|[from] move: Simple Beam\n|-ability|p1a: Charizard|Simple|[from] move: Simple Beam\n|\n|-weather|SunnyDay|[upkeep]\n|-damage|p1a: Charizard|66\/100|[from] move: Whirlpool|[partiallytrapped]\n|upkeep\n|turn|14\n|\n|t:|1700395687\n|move|p1a: Charizard|Weather Ball|p2a: Latios\n|-resisted|p2a: Latios\n|-damage|p2a: Latios|0 fnt\n|faint|p2a: Latios\n|\n|-weather|none\n|-end|p1a: Charizard|Whirlpool|[partiallytrapped]|[silent]\n|upkeep\n|\n|t:|1700395693\n|switch|p2a: Gardevoir|Gardevoir, F|100\/100\n|-activate|p2a: Gardevoir|move: Sticky Web\n|-unboost|p2a: Gardevoir|spe|1\n|-ability|p2a: Gardevoir|Simple|[from] ability: Trace|[of] p1a: Charizard\n|turn|15\n|\n|t:|1700395702\n|move|p1a: Charizard|Air Slash|p2a: Gardevoir\n|-damage|p2a: Gardevoir|59\/100\n|move|p2a: Gardevoir|Trick Room|p2a: Gardevoir\n|-fieldstart|move: Trick Room|[of] p2a: Gardevoir\n|\n|upkeep\n|turn|16\n|\n|t:|1700395707\n|switch|p1a: Milotic|Milotic, F|100\/100\n|move|p2a: Gardevoir|Calm Mind|p2a: Gardevoir\n|-boost|p2a: Gardevoir|spa|2\n|-boost|p2a: Gardevoir|spd|2\n|\n|upkeep\n|turn|17\n|\n|t:|1700395715\n|move|p2a: Gardevoir|Calm Mind|p2a: Gardevoir\n|-boost|p2a: Gardevoir|spa|2\n|-boost|p2a: Gardevoir|spd|2\n|move|p1a: Milotic|Toxic|p2a: Gardevoir\n|-status|p2a: Gardevoir|tox\n|\n|-damage|p2a: Gardevoir|53\/100 tox|[from] psn\n|upkeep\n|turn|18\n|\n|t:|1700395733\n|switch|p1a: Nidoking|Nidoking, M, tera:Water|13\/100\n|move|p2a: Gardevoir|Calm Mind|p2a: Gardevoir\n|-boost|p2a: Gardevoir|spa|2\n|-boost|p2a: Gardevoir|spd|2\n|\n|-damage|p2a: Gardevoir|40\/100 tox|[from] psn\n|upkeep\n|turn|19\n|\n|t:|1700395740\n|move|p2a: Gardevoir|Draining Kiss|p1a: Nidoking\n|-damage|p1a: Nidoking|0 fnt\n|-heal|p2a: Gardevoir|49\/100 tox|[from] drain|[of] p1a: Nidoking\n|faint|p1a: Nidoking\n|\n|-damage|p2a: Gardevoir|30\/100 tox|[from] psn\n|-fieldend|move: Trick Room\n|upkeep\n|\n|t:|1700395746\n|switch|p1a: Flygon|Flygon, F|100\/100\n|turn|20\n|\n|t:|1700395750\n|move|p1a: Flygon|Earthquake|p2a: Gardevoir\n|-damage|p2a: Gardevoir|0 fnt\n|faint|p2a: Gardevoir\n|\n|upkeep\n|\n|t:|1700395754\n|switch|p2a: Bisharp|Bisharp, F|100\/100\n|-activate|p2a: Bisharp|move: Sticky Web\n|-unboost|p2a: Bisharp|spe|1\n|-ability|p2a: Bisharp|Defiant|boost\n|-boost|p2a: Bisharp|atk|2\n|turn|21\n|\n|t:|1700395760\n|move|p2a: Bisharp|Sucker Punch|p1a: Flygon\n|-damage|p1a: Flygon|8\/100\n|move|p1a: Flygon|Earthquake|p2a: Bisharp\n|-supereffective|p2a: Bisharp\n|-damage|p2a: Bisharp|31\/100\n|\n|upkeep\n|turn|22\n|\n|t:|1700395767\n|move|p1a: Flygon|Earthquake|p2a: Bisharp\n|-supereffective|p2a: Bisharp\n|-damage|p2a: Bisharp|0 fnt\n|faint|p2a: Bisharp\n|\n|upkeep\n|\n|t:|1700395772\n|switch|p2a: Dragonite|Dragonite, F|15\/100\n|turn|23\n|\n|t:|1700395774\n|move|p2a: Dragonite|Extreme Speed|p1a: Flygon\n|-crit|p1a: Flygon\n|-damage|p1a: Flygon|0 fnt\n|faint|p1a: Flygon\n|\n|upkeep\n|\n|t:|1700395776\n|switch|p1a: Milotic|Milotic, F|100\/100\n|turn|24\n|-message|YoungWwwwww forfeited.\n|\n|win|Plobistinator\n|raw|Plobistinator's rating: 1183 &rarr; <strong>1214<\/strong><br \/>(+31 for winning)\n|raw|YoungWwwwww's rating: 1266 &rarr; <strong>1235<\/strong><br \/>(-31 for losing)\n|l|\u2606YoungWwwwww\n","uploadtime":1700395786,"views":14,"p1id":"plobistinator","p2id":"youngwwwwww","formatid":"gen9nationaldex","rating":1214,"private":0,"password":""}