{"id":"gen9nationaldex-1995871075","p1":"jiuyuyuan","p2":"Glockto16","format":"[Gen 9] National Dex","log":"|html|<div class=\"broadcast-blue\"><strong>[Gen 9] National Dex is currently suspecting Sneasler! For information on how to participate check out the <a href=\"https:\/\/www.smogon.com\/forums\/threads\/sv-national-dex-suspect-8-just-dance.3731534\/\">suspect thread<\/a>.<\/strong><\/div>\n|j|\u2606jiuyuyuan\n|j|\u2606Glockto16\n|t:|1700611867\n|gametype|singles\n|player|p1|jiuyuyuan|veteran|1243\n|player|p2|Glockto16|hilda-wonderlauncher|1350\n|teamsize|p1|6\n|teamsize|p2|6\n|gen|9\n|tier|[Gen 9] National Dex\n|rated|\n|rule|HP Percentage Mod: HP is shown in percentages\n|rule|Endless Battle Clause: Forcing endless battles is banned\n|rule|OHKO Clause: OHKO moves are banned\n|rule|Evasion Clause: Evasion abilities, items, and moves are banned\n|rule|Evasion Abilities Clause: Evasion abilities are banned\n|rule|Evasion Items Clause: Evasion items are banned\n|rule|Evasion Moves Clause: Evasion moves are banned\n|rule|Species Clause: Limit one of each Pok\u00e9mon\n|rule|Sleep Clause Mod: Limit one foe put to sleep\n|clearpoke\n|poke|p1|Kartana|\n|poke|p1|Ribombee, F|\n|poke|p1|Hoopa-Unbound|\n|poke|p1|Pyukumuku, F|\n|poke|p1|Beedrill, M|\n|poke|p1|Rampardos, M|\n|poke|p2|Pelipper, F|\n|poke|p2|Swampert, M|\n|poke|p2|Barraskewda, F|\n|poke|p2|Glimmora, M|\n|poke|p2|Tapu Lele|\n|poke|p2|Kyurem|\n|teampreview\n|\n|t:|1700611891\n|start\n|switch|p1a: Ribombee|Ribombee, F|100\/100\n|switch|p2a: Glimmora|Glimmora, M|100\/100\n|turn|1\n|\n|t:|1700611897\n|move|p1a: Ribombee|Psychic|p2a: Glimmora\n|-supereffective|p2a: Glimmora\n|-damage|p2a: Glimmora|32\/100\n|move|p2a: Glimmora|Stealth Rock|p1a: Ribombee\n|-sidestart|p1: jiuyuyuan|move: Stealth Rock\n|\n|upkeep\n|turn|2\n|\n|t:|1700611907\n|move|p1a: Ribombee|Psychic|p2a: Glimmora\n|-supereffective|p2a: Glimmora\n|-damage|p2a: Glimmora|0 fnt\n|faint|p2a: Glimmora\n|\n|upkeep\n|\n|t:|1700611916\n|switch|p2a: Pelipper|Pelipper, F|100\/100\n|-weather|RainDance|[from] ability: Drizzle|[of] p2a: Pelipper\n|turn|3\n|\n|t:|1700611933\n|move|p1a: Ribombee|Moonblast|p2a: Pelipper\n|-damage|p2a: Pelipper|48\/100\n|move|p2a: Pelipper|U-turn|p1a: Ribombee\n|-resisted|p1a: Ribombee\n|-damage|p1a: Ribombee|92\/100\n|\n|t:|1700611961\n|switch|p2a: Barraskewda|Barraskewda, F|100\/100|[from] U-turn\n|\n|-weather|RainDance|[upkeep]\n|upkeep\n|turn|4\n|\n|t:|1700611985\n|switch|p1a: Kartana|Kartana|100\/100\n|move|p2a: Barraskewda|Liquidation|p1a: Kartana\n|-resisted|p1a: Kartana\n|-damage|p1a: Kartana|44\/100\n|\n|-weather|RainDance|[upkeep]\n|upkeep\n|turn|5\n|inactive|Battle timer is ON: inactive players will automatically lose when time's up. (requested by Glockto16)\n|\n|t:|1700612026\n|move|p2a: Barraskewda|Liquidation|p1a: Kartana\n|-resisted|p1a: Kartana\n|-damage|p1a: Kartana|0 fnt\n|faint|p1a: Kartana\n|\n|-weather|RainDance|[upkeep]\n|upkeep\n|\n|t:|1700612036\n|switch|p1a: \u6ca1\u5403\u996d\u5417\uff1f|Pyukumuku, F|100\/100\n|-damage|p1a: \u6ca1\u5403\u996d\u5417\uff1f|88\/100|[from] Stealth Rock\n|turn|6\n|inactive|Glockto16 has 120 seconds left.\n|\n|t:|1700612094\n|switch|p2a: Kyurem|Kyurem|100\/100\n|-ability|p2a: Kyurem|Pressure\n|move|p1a: \u6ca1\u5403\u996d\u5417\uff1f|Toxic|p2a: Kyurem\n|-status|p2a: Kyurem|tox\n|\n|-weather|RainDance|[upkeep]\n|-heal|p1a: \u6ca1\u5403\u996d\u5417\uff1f|94\/100|[from] item: Leftovers\n|-damage|p2a: Kyurem|94\/100 tox|[from] psn\n|upkeep\n|turn|7\n|\n|t:|1700612105\n|move|p1a: \u6ca1\u5403\u996d\u5417\uff1f|Protect|p1a: \u6ca1\u5403\u996d\u5417\uff1f\n|-singleturn|p1a: \u6ca1\u5403\u996d\u5417\uff1f|Protect\n|move|p2a: Kyurem|Freeze-Dry|p1a: \u6ca1\u5403\u996d\u5417\uff1f\n|-activate|p1a: \u6ca1\u5403\u996d\u5417\uff1f|move: Protect\n|\n|-weather|RainDance|[upkeep]\n|-heal|p2a: Kyurem|100\/100 tox|[from] item: Leftovers\n|-heal|p1a: \u6ca1\u5403\u996d\u5417\uff1f|99\/100|[from] item: Leftovers\n|-damage|p2a: Kyurem|88\/100 tox|[from] psn\n|upkeep\n|turn|8\n|\n|t:|1700612118\n|move|p2a: Kyurem|Freeze-Dry|p1a: \u6ca1\u5403\u996d\u5417\uff1f\n|-supereffective|p1a: \u6ca1\u5403\u996d\u5417\uff1f\n|-damage|p1a: \u6ca1\u5403\u996d\u5417\uff1f|36\/100\n|move|p1a: \u6ca1\u5403\u996d\u5417\uff1f|Recover|p1a: \u6ca1\u5403\u996d\u5417\uff1f\n|-heal|p1a: \u6ca1\u5403\u996d\u5417\uff1f|86\/100\n|\n|-weather|RainDance|[upkeep]\n|-heal|p2a: Kyurem|94\/100 tox|[from] item: Leftovers\n|-heal|p1a: \u6ca1\u5403\u996d\u5417\uff1f|93\/100|[from] item: Leftovers\n|-damage|p2a: Kyurem|76\/100 tox|[from] psn\n|upkeep\n|turn|9\n|\n|t:|1700612135\n|move|p1a: \u6ca1\u5403\u996d\u5417\uff1f|Protect|p1a: \u6ca1\u5403\u996d\u5417\uff1f\n|-singleturn|p1a: \u6ca1\u5403\u996d\u5417\uff1f|Protect\n|move|p2a: Kyurem|Freeze-Dry|p1a: \u6ca1\u5403\u996d\u5417\uff1f\n|-activate|p1a: \u6ca1\u5403\u996d\u5417\uff1f|move: Protect\n|\n|-weather|RainDance|[upkeep]\n|-heal|p2a: Kyurem|82\/100 tox|[from] item: Leftovers\n|-heal|p1a: \u6ca1\u5403\u996d\u5417\uff1f|99\/100|[from] item: Leftovers\n|-damage|p2a: Kyurem|57\/100 tox|[from] psn\n|upkeep\n|turn|10\n|\n|t:|1700612150\n|move|p2a: Kyurem|Freeze-Dry|p1a: \u6ca1\u5403\u996d\u5417\uff1f\n|-supereffective|p1a: \u6ca1\u5403\u996d\u5417\uff1f\n|-damage|p1a: \u6ca1\u5403\u996d\u5417\uff1f|41\/100\n|move|p1a: \u6ca1\u5403\u996d\u5417\uff1f|Recover|p1a: \u6ca1\u5403\u996d\u5417\uff1f\n|-heal|p1a: \u6ca1\u5403\u996d\u5417\uff1f|91\/100\n|\n|-weather|none\n|-heal|p2a: Kyurem|63\/100 tox|[from] item: Leftovers\n|-heal|p1a: \u6ca1\u5403\u996d\u5417\uff1f|97\/100|[from] item: Leftovers\n|-damage|p2a: Kyurem|33\/100 tox|[from] psn\n|upkeep\n|turn|11\n|inactive|Glockto16 has 90 seconds left.\n|\n|t:|1700612172\n|switch|p2a: Pelipper|Pelipper, F|48\/100\n|-weather|RainDance|[from] ability: Drizzle|[of] p2a: Pelipper\n|move|p1a: \u6ca1\u5403\u996d\u5417\uff1f|Protect||[still]\n|-fail|p1a: \u6ca1\u5403\u996d\u5417\uff1f\n|\n|-weather|RainDance|[upkeep]\n|-heal|p1a: \u6ca1\u5403\u996d\u5417\uff1f|100\/100|[from] item: Leftovers\n|upkeep\n|turn|12\n|inactive|Glockto16 has 90 seconds left.\n|inactive|jiuyuyuan has 120 seconds left.\n|\n|t:|1700612201\n|move|p2a: Pelipper|U-turn|p1a: \u6ca1\u5403\u996d\u5417\uff1f\n|-damage|p1a: \u6ca1\u5403\u996d\u5417\uff1f|95\/100\n|\n|t:|1700612204\n|switch|p2a: Kyurem|Kyurem|33\/100 tox|[from] U-turn\n|-ability|p2a: Kyurem|Pressure\n|move|p1a: \u6ca1\u5403\u996d\u5417\uff1f|Toxic|p2a: Kyurem\n|-fail|p2a: Kyurem|tox\n|\n|-weather|RainDance|[upkeep]\n|-heal|p2a: Kyurem|39\/100 tox|[from] item: Leftovers\n|-heal|p1a: \u6ca1\u5403\u996d\u5417\uff1f|100\/100|[from] item: Leftovers\n|-damage|p2a: Kyurem|33\/100 tox|[from] psn\n|upkeep\n|turn|13\n|\n|t:|1700612218\n|move|p1a: \u6ca1\u5403\u996d\u5417\uff1f|Protect|p1a: \u6ca1\u5403\u996d\u5417\uff1f\n|-singleturn|p1a: \u6ca1\u5403\u996d\u5417\uff1f|Protect\n|move|p2a: Kyurem|Roost|p2a: Kyurem\n|-heal|p2a: Kyurem|83\/100 tox\n|-singleturn|p2a: Kyurem|move: Roost\n|\n|-weather|RainDance|[upkeep]\n|-heal|p2a: Kyurem|89\/100 tox|[from] item: Leftovers\n|-damage|p2a: Kyurem|77\/100 tox|[from] psn\n|upkeep\n|turn|14\n|inactive|jiuyuyuan has 120 seconds left.\n|\n|t:|1700612237\n|move|p2a: Kyurem|Freeze-Dry|p1a: \u6ca1\u5403\u996d\u5417\uff1f\n|-supereffective|p1a: \u6ca1\u5403\u996d\u5417\uff1f\n|-damage|p1a: \u6ca1\u5403\u996d\u5417\uff1f|43\/100\n|move|p1a: \u6ca1\u5403\u996d\u5417\uff1f|Recover|p1a: \u6ca1\u5403\u996d\u5417\uff1f\n|-heal|p1a: \u6ca1\u5403\u996d\u5417\uff1f|93\/100\n|\n|-weather|RainDance|[upkeep]\n|-heal|p2a: Kyurem|83\/100 tox|[from] item: Leftovers\n|-heal|p1a: \u6ca1\u5403\u996d\u5417\uff1f|99\/100|[from] item: Leftovers\n|-damage|p2a: Kyurem|64\/100 tox|[from] psn\n|upkeep\n|turn|15\n|inactive|jiuyuyuan has 120 seconds left.\n|\n|t:|1700612258\n|move|p1a: \u6ca1\u5403\u996d\u5417\uff1f|Protect|p1a: \u6ca1\u5403\u996d\u5417\uff1f\n|-singleturn|p1a: \u6ca1\u5403\u996d\u5417\uff1f|Protect\n|move|p2a: Kyurem|Roost|p2a: Kyurem\n|-heal|p2a: Kyurem|100\/100 tox\n|-singleturn|p2a: Kyurem|move: Roost\n|\n|-weather|RainDance|[upkeep]\n|-heal|p1a: \u6ca1\u5403\u996d\u5417\uff1f|100\/100|[from] item: Leftovers\n|-damage|p2a: Kyurem|76\/100 tox|[from] psn\n|upkeep\n|turn|16\n|\n|t:|1700612269\n|switch|p2a: Pelipper|Pelipper, F|48\/100\n|move|p1a: \u6ca1\u5403\u996d\u5417\uff1f|Recover||[still]\n|-fail|p1a: \u6ca1\u5403\u996d\u5417\uff1f|heal\n|\n|-weather|RainDance|[upkeep]\n|upkeep\n|turn|17\n|\n|t:|1700612276\n|move|p2a: Pelipper|U-turn|p1a: \u6ca1\u5403\u996d\u5417\uff1f\n|-damage|p1a: \u6ca1\u5403\u996d\u5417\uff1f|94\/100\n|\n|t:|1700612279\n|switch|p2a: Kyurem|Kyurem|76\/100 tox|[from] U-turn\n|-ability|p2a: Kyurem|Pressure\n|move|p1a: \u6ca1\u5403\u996d\u5417\uff1f|Toxic|p2a: Kyurem\n|-fail|p2a: Kyurem|tox\n|\n|-weather|RainDance|[upkeep]\n|-heal|p2a: Kyurem|82\/100 tox|[from] item: Leftovers\n|-heal|p1a: \u6ca1\u5403\u996d\u5417\uff1f|100\/100|[from] item: Leftovers\n|-damage|p2a: Kyurem|76\/100 tox|[from] psn\n|upkeep\n|turn|18\n|inactive|jiuyuyuan has 120 seconds left.\n|inactive|Glockto16 has 90 seconds left.\n|\n|t:|1700612293\n|move|p1a: \u6ca1\u5403\u996d\u5417\uff1f|Protect|p1a: \u6ca1\u5403\u996d\u5417\uff1f\n|-singleturn|p1a: \u6ca1\u5403\u996d\u5417\uff1f|Protect\n|move|p2a: Kyurem|Freeze-Dry|p1a: \u6ca1\u5403\u996d\u5417\uff1f\n|-activate|p1a: \u6ca1\u5403\u996d\u5417\uff1f|move: Protect\n|\n|-weather|none\n|-heal|p2a: Kyurem|82\/100 tox|[from] item: Leftovers\n|-damage|p2a: Kyurem|70\/100 tox|[from] psn\n|upkeep\n|turn|19\n|inactive|jiuyuyuan has 120 seconds left.\n|\n|t:|1700612308\n|switch|p1a: Ribombee|Ribombee, F|92\/100\n|-damage|p1a: Ribombee|67\/100|[from] Stealth Rock\n|move|p2a: Kyurem|Freeze-Dry|p1a: Ribombee\n|-damage|p1a: Ribombee|2\/100\n|\n|-heal|p2a: Kyurem|76\/100 tox|[from] item: Leftovers\n|-damage|p2a: Kyurem|57\/100 tox|[from] psn\n|upkeep\n|turn|20\n|inactive|jiuyuyuan has 120 seconds left.\n|\n|t:|1700612320\n|move|p1a: Ribombee|Sticky Web|p2a: Kyurem\n|-sidestart|p2: Glockto16|move: Sticky Web\n|move|p2a: Kyurem|Roost|p2a: Kyurem\n|-heal|p2a: Kyurem|100\/100 tox\n|-singleturn|p2a: Kyurem|move: Roost\n|\n|-damage|p2a: Kyurem|76\/100 tox|[from] psn\n|upkeep\n|turn|21\n|inactive|jiuyuyuan has 120 seconds left.\n|\n|t:|1700612327\n|move|p1a: Ribombee|Moonblast|p2a: Kyurem\n|-supereffective|p2a: Kyurem\n|-damage|p2a: Kyurem|2\/100 tox\n|move|p2a: Kyurem|Earth Power|p1a: Ribombee\n|-resisted|p1a: Ribombee\n|-damage|p1a: Ribombee|0 fnt\n|faint|p1a: Ribombee\n|\n|-heal|p2a: Kyurem|8\/100 tox|[from] item: Leftovers\n|-damage|p2a: Kyurem|0 fnt|[from] psn\n|faint|p2a: Kyurem\n|upkeep\n|inactive|jiuyuyuan has 120 seconds left.\n|\n|t:|1700612346\n|switch|p1a: Rampardos|Rampardos, M|100\/100\n|switch|p2a: Pelipper|Pelipper, F|48\/100\n|-damage|p1a: Rampardos|88\/100|[from] Stealth Rock\n|-ability|p1a: Rampardos|Mold Breaker\n|-weather|RainDance|[from] ability: Drizzle|[of] p2a: Pelipper\n|turn|22\n|inactive|jiuyuyuan has 120 seconds left.\n|\n|t:|1700612359\n|move|p1a: Rampardos|Rock Slide|p2a: Pelipper\n|-supereffective|p2a: Pelipper\n|-damage|p2a: Pelipper|0 fnt\n|faint|p2a: Pelipper\n|-damage|p1a: Rampardos|78\/100|[from] item: Life Orb\n|\n|-weather|RainDance|[upkeep]\n|upkeep\n|\n|t:|1700612372\n|switch|p2a: Barraskewda|Barraskewda, F|100\/100\n|-activate|p2a: Barraskewda|move: Sticky Web\n|-unboost|p2a: Barraskewda|spe|1\n|turn|23\n|\n|t:|1700612385\n|-terastallize|p2a: Barraskewda|Water\n|move|p2a: Barraskewda|Liquidation|p1a: Rampardos\n|-supereffective|p1a: Rampardos\n|-damage|p1a: Rampardos|0 fnt\n|faint|p1a: Rampardos\n|\n|-weather|RainDance|[upkeep]\n|upkeep\n|\n|t:|1700612394\n|switch|p1a: \u6ca1\u5403\u996d\u5417\uff1f|Pyukumuku, F|100\/100\n|-damage|p1a: \u6ca1\u5403\u996d\u5417\uff1f|88\/100|[from] Stealth Rock\n|turn|24\n|\n|t:|1700612403\n|move|p2a: Barraskewda|Liquidation|p1a: \u6ca1\u5403\u996d\u5417\uff1f\n|-resisted|p1a: \u6ca1\u5403\u996d\u5417\uff1f\n|-damage|p1a: \u6ca1\u5403\u996d\u5417\uff1f|39\/100\n|move|p1a: \u6ca1\u5403\u996d\u5417\uff1f|Toxic|p2a: Barraskewda\n|-status|p2a: Barraskewda|tox\n|\n|-weather|RainDance|[upkeep]\n|-heal|p1a: \u6ca1\u5403\u996d\u5417\uff1f|45\/100|[from] item: Leftovers\n|-damage|p2a: Barraskewda|94\/100 tox|[from] psn\n|upkeep\n|turn|25\n|inactive|Glockto16 has 120 seconds left.\n|\n|t:|1700612414\n|move|p1a: \u6ca1\u5403\u996d\u5417\uff1f|Protect|p1a: \u6ca1\u5403\u996d\u5417\uff1f\n|-singleturn|p1a: \u6ca1\u5403\u996d\u5417\uff1f|Protect\n|move|p2a: Barraskewda|Liquidation|p1a: \u6ca1\u5403\u996d\u5417\uff1f\n|-activate|p1a: \u6ca1\u5403\u996d\u5417\uff1f|move: Protect\n|\n|-weather|RainDance|[upkeep]\n|-heal|p1a: \u6ca1\u5403\u996d\u5417\uff1f|51\/100|[from] item: Leftovers\n|-damage|p2a: Barraskewda|82\/100 tox|[from] psn\n|upkeep\n|turn|26\n|inactive|jiuyuyuan has 120 seconds left.\n|\n|t:|1700612437\n|move|p2a: Barraskewda|Liquidation|p1a: \u6ca1\u5403\u996d\u5417\uff1f\n|-resisted|p1a: \u6ca1\u5403\u996d\u5417\uff1f\n|-damage|p1a: \u6ca1\u5403\u996d\u5417\uff1f|9\/100\n|move|p1a: \u6ca1\u5403\u996d\u5417\uff1f|Recover|p1a: \u6ca1\u5403\u996d\u5417\uff1f\n|-heal|p1a: \u6ca1\u5403\u996d\u5417\uff1f|59\/100\n|\n|-weather|RainDance|[upkeep]\n|-heal|p1a: \u6ca1\u5403\u996d\u5417\uff1f|65\/100|[from] item: Leftovers\n|-damage|p2a: Barraskewda|64\/100 tox|[from] psn\n|upkeep\n|turn|27\n|inactive|jiuyuyuan has 120 seconds left.\n|\n|t:|1700612448\n|switch|p2a: Swampert|Swampert, M|100\/100\n|-activate|p2a: Swampert|move: Sticky Web\n|-unboost|p2a: Swampert|spe|1\n|move|p1a: \u6ca1\u5403\u996d\u5417\uff1f|Protect||[still]\n|-fail|p1a: \u6ca1\u5403\u996d\u5417\uff1f\n|\n|-weather|RainDance|[upkeep]\n|-heal|p1a: \u6ca1\u5403\u996d\u5417\uff1f|71\/100|[from] item: Leftovers\n|upkeep\n|turn|28\n|inactive|Glockto16 has 120 seconds left.\n|\n|t:|1700612476\n|detailschange|p2a: Swampert|Swampert-Mega, M\n|-mega|p2a: Swampert|Swampert|Swampertite\n|move|p2a: Swampert|Earthquake|p1a: \u6ca1\u5403\u996d\u5417\uff1f\n|-damage|p1a: \u6ca1\u5403\u996d\u5417\uff1f|28\/100\n|move|p1a: \u6ca1\u5403\u996d\u5417\uff1f|Toxic|p2a: Swampert\n|-status|p2a: Swampert|tox\n|\n|-weather|RainDance|[upkeep]\n|-heal|p1a: \u6ca1\u5403\u996d\u5417\uff1f|34\/100|[from] item: Leftovers\n|-damage|p2a: Swampert|94\/100 tox|[from] psn\n|upkeep\n|turn|29\n|inactive|jiuyuyuan has 120 seconds left.\n|\n|t:|1700612496\n|move|p1a: \u6ca1\u5403\u996d\u5417\uff1f|Protect|p1a: \u6ca1\u5403\u996d\u5417\uff1f\n|-singleturn|p1a: \u6ca1\u5403\u996d\u5417\uff1f|Protect\n|move|p2a: Swampert|Earthquake|p1a: \u6ca1\u5403\u996d\u5417\uff1f\n|-activate|p1a: \u6ca1\u5403\u996d\u5417\uff1f|move: Protect\n|\n|-weather|none\n|-heal|p1a: \u6ca1\u5403\u996d\u5417\uff1f|40\/100|[from] item: Leftovers\n|-damage|p2a: Swampert|82\/100 tox|[from] psn\n|upkeep\n|turn|30\n|inactive|jiuyuyuan has 120 seconds left.\n|inactive|Glockto16 has 120 seconds left.\n|\n|t:|1700612506\n|move|p2a: Swampert|Earthquake|p1a: \u6ca1\u5403\u996d\u5417\uff1f\n|-damage|p1a: \u6ca1\u5403\u996d\u5417\uff1f|0 fnt\n|-damage|p2a: Swampert|46\/100 tox|[from] ability: Innards Out|[of] p1a: \u6ca1\u5403\u996d\u5417\uff1f\n|faint|p1a: \u6ca1\u5403\u996d\u5417\uff1f\n|\n|-damage|p2a: Swampert|27\/100 tox|[from] psn\n|upkeep\n|inactive|jiuyuyuan has 120 seconds left.\n|\n|t:|1700612515\n|switch|p1a: \u5c0f\u98de\u866b|Beedrill, M|100\/100\n|-damage|p1a: \u5c0f\u98de\u866b|76\/100|[from] Stealth Rock\n|turn|31\n|\n|t:|1700612523\n|detailschange|p1a: \u5c0f\u98de\u866b|Beedrill-Mega, M\n|-mega|p1a: \u5c0f\u98de\u866b|Beedrill|Beedrillite\n|move|p1a: \u5c0f\u98de\u866b|Fell Stinger|p2a: Swampert\n|-crit|p2a: Swampert\n|-damage|p2a: Swampert|0 fnt\n|faint|p2a: Swampert\n|-boost|p1a: \u5c0f\u98de\u866b|atk|3\n|\n|upkeep\n|\n|t:|1700612535\n|switch|p2a: Barraskewda|Barraskewda, F, tera:Water|64\/100 tox\n|-activate|p2a: Barraskewda|move: Sticky Web\n|-unboost|p2a: Barraskewda|spe|1\n|turn|32\n|\n|t:|1700612540\n|move|p2a: Barraskewda|Aqua Jet|p1a: \u5c0f\u98de\u866b\n|-damage|p1a: \u5c0f\u98de\u866b|0 fnt\n|faint|p1a: \u5c0f\u98de\u866b\n|\n|-damage|p2a: Barraskewda|58\/100 tox|[from] psn\n|upkeep\n|\n|t:|1700612547\n|switch|p1a: \u6211\u662f\u6cd5\u4f24|Hoopa-Unbound|100\/100\n|-damage|p1a: \u6211\u662f\u6cd5\u4f24|88\/100|[from] Stealth Rock\n|turn|33\n|\n|t:|1700612553\n|move|p2a: Barraskewda|Aqua Jet|p1a: \u6211\u662f\u6cd5\u4f24\n|-damage|p1a: \u6211\u662f\u6cd5\u4f24|6\/100\n|move|p1a: \u6211\u662f\u6cd5\u4f24|Gunk Shot|p2a: Barraskewda\n|-damage|p2a: Barraskewda|0 fnt\n|faint|p2a: Barraskewda\n|\n|upkeep\n|\n|t:|1700612560\n|switch|p2a: Tapu Lele|Tapu Lele|100\/100\n|-activate|p2a: Tapu Lele|move: Sticky Web\n|-unboost|p2a: Tapu Lele|spe|1\n|-fieldstart|move: Psychic Terrain|[from] ability: Psychic Surge|[of] p2a: Tapu Lele\n|turn|34\n|\n|t:|1700612568\n|move|p2a: Tapu Lele|Moonblast|p1a: \u6211\u662f\u6cd5\u4f24\n|-supereffective|p1a: \u6211\u662f\u6cd5\u4f24\n|-damage|p1a: \u6211\u662f\u6cd5\u4f24|0 fnt\n|faint|p1a: \u6211\u662f\u6cd5\u4f24\n|\n|win|Glockto16\n|raw|jiuyuyuan's rating: 1243 &rarr; <strong>1225<\/strong><br \/>(-18 for losing)\n|raw|Glockto16's rating: 1350 &rarr; <strong>1364<\/strong><br \/>(+14 for winning)\n|l|\u2606jiuyuyuan\n","uploadtime":1700612599,"views":7,"p1id":"jiuyuyuan","p2id":"glockto16","formatid":"gen9nationaldex","rating":1225,"private":0,"password":""}