{"id":"gen9nationaldex-1993124358","p1":"ringuwu","p2":"LazuIi","format":"[Gen 9] National Dex","log":"|j|\u2606ringuwu\n|j|\u2606LazuIi\n|t:|1700267627\n|gametype|singles\n|player|p1|ringuwu|larry|\n|player|p2|LazuIi|karen|\n|teamsize|p1|6\n|teamsize|p2|6\n|gen|9\n|tier|[Gen 9] National Dex\n|rule|HP Percentage Mod: HP is shown in percentages\n|rule|Endless Battle Clause: Forcing endless battles is banned\n|rule|OHKO Clause: OHKO moves are banned\n|rule|Evasion Clause: Evasion abilities, items, and moves are banned\n|rule|Evasion Abilities Clause: Evasion abilities are banned\n|rule|Evasion Items Clause: Evasion items are banned\n|rule|Evasion Moves Clause: Evasion moves are banned\n|rule|Species Clause: Limit one of each Pok\u00e9mon\n|rule|Sleep Clause Mod: Limit one foe put to sleep\n|clearpoke\n|poke|p1|Toxapex, M|\n|poke|p1|Muk-Alola, F|\n|poke|p1|Nidoking, M|\n|poke|p1|Glimmora, F|\n|poke|p1|Crobat, M|\n|poke|p1|Overqwil, M|\n|poke|p2|Tinkaton, F|\n|poke|p2|Corviknight, M|\n|poke|p2|Iron Treads|\n|poke|p2|Bronzong|\n|poke|p2|Bisharp, M|\n|poke|p2|Empoleon, F|\n|teampreview\n|\n|t:|1700267661\n|start\n|switch|p1a: Mr.KingsportKaiju|Nidoking, M|100\/100\n|switch|p2a: Iron Treads|Iron Treads|100\/100\n|turn|1\n|\n|t:|1700267691\n|move|p2a: Iron Treads|Ice Spinner|p1a: Mr.KingsportKaiju\n|-supereffective|p1a: Mr.KingsportKaiju\n|-damage|p1a: Mr.KingsportKaiju|19\/100\n|move|p1a: Mr.KingsportKaiju|Earth Power|p2a: Iron Treads\n|-supereffective|p2a: Iron Treads\n|-damage|p2a: Iron Treads|0 fnt\n|faint|p2a: Iron Treads\n|-end|p2a: Iron Treads|Quark Drive|[silent]\n|\n|upkeep\n|\n|t:|1700267704\n|switch|p2a: Empoleon|Empoleon, F|100\/100\n|turn|2\n|\n|t:|1700267726\n|move|p2a: Empoleon|Aqua Jet|p1a: Mr.KingsportKaiju\n|-supereffective|p1a: Mr.KingsportKaiju\n|-damage|p1a: Mr.KingsportKaiju|0 fnt\n|faint|p1a: Mr.KingsportKaiju\n|\n|upkeep\n|\n|t:|1700267731\n|switch|p1a: ThatWretchedThing|Toxapex, M|100\/100\n|turn|3\n|\n|t:|1700267742\n|switch|p2a: Tinkaton|Tinkaton, F|100\/100\n|-ability|p2a: Tinkaton|Mold Breaker\n|move|p1a: ThatWretchedThing|Infestation|p2a: Tinkaton\n|-resisted|p2a: Tinkaton\n|-damage|p2a: Tinkaton|99\/100\n|-activate|p2a: Tinkaton|move: Infestation|[of] p1a: ThatWretchedThing\n|\n|-heal|p2a: Tinkaton|100\/100|[from] item: Leftovers\n|-damage|p2a: Tinkaton|88\/100|[from] move: Infestation|[partiallytrapped]\n|upkeep\n|turn|4\n|\n|t:|1700267759\n|switch|p1a: Brian Quinn|Overqwil, M|100\/100\n|-ability|p1a: Brian Quinn|Intimidate|boost\n|-unboost|p2a: Tinkaton|atk|1\n|move|p2a: Tinkaton|Stealth Rock|p1a: Brian Quinn\n|-sidestart|p1: ringuwu|move: Stealth Rock\n|\n|-heal|p2a: Tinkaton|94\/100|[from] item: Leftovers\n|-end|p2a: Tinkaton|Infestation|[partiallytrapped]|[silent]\n|upkeep\n|turn|5\n|\n|t:|1700267768\n|move|p2a: Tinkaton|Thunder Wave|p1a: Brian Quinn\n|-status|p1a: Brian Quinn|par\n|-enditem|p1a: Brian Quinn|Lum Berry|[eat]\n|-curestatus|p1a: Brian Quinn|par|[msg]\n|move|p1a: Brian Quinn|Liquidation|p2a: Tinkaton\n|-damage|p2a: Tinkaton|66\/100\n|\n|-heal|p2a: Tinkaton|72\/100|[from] item: Leftovers\n|upkeep\n|turn|6\n|\n|t:|1700267783\n|move|p2a: Tinkaton|Thunder Wave|p1a: Brian Quinn\n|-status|p1a: Brian Quinn|par\n|move|p1a: Brian Quinn|Liquidation|p2a: Tinkaton\n|-crit|p2a: Tinkaton\n|-damage|p2a: Tinkaton|26\/100\n|\n|-heal|p2a: Tinkaton|32\/100|[from] item: Leftovers\n|upkeep\n|turn|7\n|\n|t:|1700267811\n|switch|p2a: Bisharp|Bisharp, M, shiny|100\/100\n|cant|p1a: Brian Quinn|par\n|\n|upkeep\n|turn|8\n|\n|t:|1700267823\n|switch|p1a: THE BLOB|Muk-Alola, F|100\/100\n|-damage|p1a: THE BLOB|88\/100|[from] Stealth Rock\n|move|p2a: Bisharp|Swords Dance|p2a: Bisharp\n|-boost|p2a: Bisharp|atk|2\n|\n|upkeep\n|turn|9\n|\n|t:|1700267837\n|-terastallize|p1a: THE BLOB|Fighting\n|move|p2a: Bisharp|Sucker Punch|p1a: THE BLOB\n|-resisted|p1a: THE BLOB\n|-damage|p1a: THE BLOB|48\/100\n|move|p1a: THE BLOB|Drain Punch|p2a: Bisharp\n|-supereffective|p2a: Bisharp\n|-damage|p2a: Bisharp|0 fnt\n|-heal|p1a: THE BLOB|89\/100|[from] drain|[of] p2a: Bisharp\n|faint|p2a: Bisharp\n|\n|upkeep\n|\n|t:|1700267848\n|switch|p2a: Bronzong|Bronzong|100\/100\n|turn|10\n|\n|t:|1700267860\n|switch|p1a: The Big Mammal|Crobat, M|100\/100\n|move|p2a: Bronzong|Reflect|p2a: Bronzong\n|-sidestart|p2: LazuIi|Reflect\n|\n|upkeep\n|turn|11\n|\n|t:|1700267871\n|-terastallize|p2a: Bronzong|Water\n|move|p1a: The Big Mammal|Nasty Plot|p1a: The Big Mammal\n|-boost|p1a: The Big Mammal|spa|2\n|move|p2a: Bronzong|Light Screen|p2a: Bronzong\n|-sidestart|p2: LazuIi|move: Light Screen\n|\n|upkeep\n|turn|12\n|\n|t:|1700267894\n|switch|p2a: Empoleon|Empoleon, F|100\/100\n|move|p1a: The Big Mammal|Nasty Plot|p1a: The Big Mammal\n|-boost|p1a: The Big Mammal|spa|2\n|\n|upkeep\n|turn|13\n|\n|t:|1700267920\n|move|p1a: The Big Mammal|Nasty Plot|p1a: The Big Mammal\n|-boost|p1a: The Big Mammal|spa|2\n|move|p2a: Empoleon|Scald|p1a: The Big Mammal\n|-damage|p1a: The Big Mammal|49\/100\n|\n|upkeep\n|turn|14\n|\n|t:|1700267937\n|move|p1a: The Big Mammal|Giga Drain|p2a: Empoleon\n|-crit|p2a: Empoleon\n|-damage|p2a: Empoleon|33\/100\n|-heal|p1a: The Big Mammal|90\/100|[from] drain|[of] p2a: Empoleon\n|move|p2a: Empoleon|Scald|p1a: The Big Mammal\n|-damage|p1a: The Big Mammal|31\/100\n|-status|p1a: The Big Mammal|brn\n|\n|-damage|p1a: The Big Mammal|25\/100 brn|[from] brn\n|upkeep\n|turn|15\n|\n|t:|1700267948\n|move|p2a: Empoleon|Aqua Jet|p1a: The Big Mammal\n|-crit|p1a: The Big Mammal\n|-damage|p1a: The Big Mammal|2\/100 brn\n|move|p1a: The Big Mammal|Giga Drain|p2a: Empoleon\n|-damage|p2a: Empoleon|0 fnt\n|-heal|p1a: The Big Mammal|21\/100 brn|[from] drain|[of] p2a: Empoleon\n|faint|p2a: Empoleon\n|\n|-damage|p1a: The Big Mammal|15\/100 brn|[from] brn\n|upkeep\n|\n|t:|1700267971\n|switch|p2a: Bronzong|Bronzong, tera:Water|100\/100\n|turn|16\n|\n|t:|1700267978\n|move|p1a: The Big Mammal|Giga Drain|p2a: Bronzong\n|-supereffective|p2a: Bronzong\n|-damage|p2a: Bronzong|0 fnt\n|-heal|p1a: The Big Mammal|69\/100 brn|[from] drain|[of] p2a: Bronzong\n|faint|p2a: Bronzong\n|\n|-damage|p1a: The Big Mammal|63\/100 brn|[from] brn\n|upkeep\n|\n|t:|1700267998\n|switch|p2a: Corviknight|Corviknight, M|100\/100\n|-ability|p2a: Corviknight|Pressure\n|turn|17\n|\n|t:|1700268007\n|move|p1a: The Big Mammal|Heat Wave|p2a: Corviknight|[miss]\n|-miss|p1a: The Big Mammal|p2a: Corviknight\n|move|p2a: Corviknight|Drill Peck|p1a: The Big Mammal\n|-crit|p1a: The Big Mammal\n|-damage|p1a: The Big Mammal|16\/100 brn\n|\n|-damage|p1a: The Big Mammal|10\/100 brn|[from] brn\n|-sideend|p2: LazuIi|Reflect\n|upkeep\n|turn|18\n|\n|t:|1700268017\n|move|p1a: The Big Mammal|Heat Wave|p2a: Corviknight\n|-supereffective|p2a: Corviknight\n|-damage|p2a: Corviknight|0 fnt\n|faint|p2a: Corviknight\n|\n|-damage|p1a: The Big Mammal|4\/100 brn|[from] brn\n|-sideend|p2: LazuIi|move: Light Screen\n|upkeep\n|\n|t:|1700268024\n|switch|p2a: Tinkaton|Tinkaton, F|32\/100\n|-ability|p2a: Tinkaton|Mold Breaker\n|turn|19\n|\n|t:|1700268032\n|move|p1a: The Big Mammal|Heat Wave|p2a: Tinkaton\n|-supereffective|p2a: Tinkaton\n|-damage|p2a: Tinkaton|0 fnt\n|faint|p2a: Tinkaton\n|\n|win|ringuwu\n|l|\u2606LazuIi\n","uploadtime":1700269228,"views":8,"p1id":"ringuwu","p2id":"lazuii","formatid":"gen9nationaldex","rating":0,"private":0,"password":""}