{"id":"gen9nationaldex-1994204423","p1":"FRANTILIXD","p2":"savagewolf98420","format":"[Gen 9] National Dex","log":"|j|\u2606FRANTILIXD\n|j|\u2606savagewolf98420\n|t:|1700418634\n|gametype|singles\n|player|p1|FRANTILIXD|n|1163\n|player|p2|savagewolf98420|koga|1121\n|teamsize|p1|6\n|teamsize|p2|6\n|gen|9\n|tier|[Gen 9] National Dex\n|rated|\n|rule|HP Percentage Mod: HP is shown in percentages\n|rule|Endless Battle Clause: Forcing endless battles is banned\n|rule|OHKO Clause: OHKO moves are banned\n|rule|Evasion Clause: Evasion abilities, items, and moves are banned\n|rule|Evasion Abilities Clause: Evasion abilities are banned\n|rule|Evasion Items Clause: Evasion items are banned\n|rule|Evasion Moves Clause: Evasion moves are banned\n|rule|Species Clause: Limit one of each Pok\u00e9mon\n|rule|Sleep Clause Mod: Limit one foe put to sleep\n|clearpoke\n|poke|p1|Arcanine, M|\n|poke|p1|Porygon2|\n|poke|p1|Mudsdale, F|\n|poke|p1|Tapu Koko|\n|poke|p1|Kartana|\n|poke|p1|Araquanid, M|\n|poke|p2|Reuniclus, M|\n|poke|p2|Jirachi|\n|poke|p2|Serperior, F|\n|poke|p2|Togekiss, M|\n|poke|p2|Deoxys-Defense|\n|poke|p2|Charizard, F|\n|teampreview\n|inactive|Battle timer is ON: inactive players will automatically lose when time's up. (requested by savagewolf98420)\n|\n|t:|1700418641\n|start\n|switch|p1a: perro|Araquanid, M|100\/100\n|switch|p2a: Charizard|Charizard, F|100\/100\n|turn|1\n|\n|t:|1700418655\n|detailschange|p2a: Charizard|Charizard-Mega-X, F\n|-mega|p2a: Charizard|Charizard|Charizardite X\n|move|p1a: perro|Magic Coat|p1a: perro\n|-singleturn|p1a: perro|move: Magic Coat\n|move|p2a: Charizard|Swords Dance|p2a: Charizard\n|-boost|p2a: Charizard|atk|2\n|\n|upkeep\n|turn|2\n|\n|t:|1700418663\n|move|p2a: Charizard|Thunder Punch|p1a: perro\n|-supereffective|p1a: perro\n|-enditem|p1a: perro|Focus Sash\n|-damage|p1a: perro|1\/100\n|move|p1a: perro|Sticky Web|p2a: Charizard\n|-sidestart|p2: savagewolf98420|move: Sticky Web\n|\n|upkeep\n|turn|3\n|\n|t:|1700418686\n|move|p1a: perro|Liquidation|p2a: Charizard\n|-damage|p2a: Charizard|29\/100\n|-unboost|p2a: Charizard|def|1\n|move|p2a: Charizard|Dragon Tail|p1a: perro\n|-damage|p1a: perro|0 fnt\n|faint|p1a: perro\n|\n|upkeep\n|inactive|FRANTILIXD has 120 seconds left.\n|\n|t:|1700418705\n|switch|p1a: Meos Kokos|Tapu Koko|100\/100\n|-fieldstart|move: Electric Terrain|[from] ability: Electric Surge|[of] p1a: Meos Kokos\n|turn|4\n|\n|t:|1700418717\n|move|p1a: Meos Kokos|Dazzling Gleam|p2a: Charizard\n|-damage|p2a: Charizard|0 fnt\n|faint|p2a: Charizard\n|-damage|p1a: Meos Kokos|91\/100|[from] item: Life Orb\n|\n|upkeep\n|\n|t:|1700418747\n|switch|p2a: Deoxys|Deoxys-Defense|100\/100\n|-activate|p2a: Deoxys|move: Sticky Web\n|-unboost|p2a: Deoxys|spe|1\n|-ability|p2a: Deoxys|Pressure\n|turn|5\n|\n|t:|1700418755\n|move|p1a: Meos Kokos|Calm Mind|p1a: Meos Kokos\n|-boost|p1a: Meos Kokos|spa|1\n|-boost|p1a: Meos Kokos|spd|1\n|move|p2a: Deoxys|Cosmic Power|p2a: Deoxys\n|-boost|p2a: Deoxys|def|1\n|-boost|p2a: Deoxys|spd|1\n|\n|upkeep\n|turn|6\n|\n|t:|1700418768\n|move|p1a: Meos Kokos|Thunderbolt|p2a: Deoxys\n|-damage|p2a: Deoxys|62\/100\n|-damage|p1a: Meos Kokos|81\/100|[from] item: Life Orb\n|move|p2a: Deoxys|Cosmic Power|p2a: Deoxys\n|-boost|p2a: Deoxys|def|1\n|-boost|p2a: Deoxys|spd|1\n|\n|-heal|p2a: Deoxys|68\/100|[from] item: Leftovers\n|upkeep\n|turn|7\n|\n|t:|1700418785\n|move|p1a: Meos Kokos|Calm Mind|p1a: Meos Kokos\n|-boost|p1a: Meos Kokos|spa|1\n|-boost|p1a: Meos Kokos|spd|1\n|move|p2a: Deoxys|Night Shade|p1a: Meos Kokos\n|-damage|p1a: Meos Kokos|45\/100\n|\n|-heal|p2a: Deoxys|75\/100|[from] item: Leftovers\n|upkeep\n|turn|8\n|\n|t:|1700418795\n|move|p1a: Meos Kokos|Thunderbolt|p2a: Deoxys\n|-damage|p2a: Deoxys|40\/100\n|-damage|p1a: Meos Kokos|35\/100|[from] item: Life Orb\n|move|p2a: Deoxys|Recover|p2a: Deoxys\n|-heal|p2a: Deoxys|90\/100\n|\n|-heal|p2a: Deoxys|96\/100|[from] item: Leftovers\n|-fieldend|move: Electric Terrain\n|upkeep\n|turn|9\n|\n|t:|1700418805\n|move|p1a: Meos Kokos|Roost|p1a: Meos Kokos\n|-heal|p1a: Meos Kokos|85\/100\n|-singleturn|p1a: Meos Kokos|move: Roost\n|move|p2a: Deoxys|Seismic Toss|p1a: Meos Kokos\n|-damage|p1a: Meos Kokos|50\/100\n|\n|-heal|p2a: Deoxys|100\/100|[from] item: Leftovers\n|upkeep\n|turn|10\n|\n|t:|1700418814\n|move|p1a: Meos Kokos|Dazzling Gleam|p2a: Deoxys\n|-damage|p2a: Deoxys|75\/100\n|-damage|p1a: Meos Kokos|40\/100|[from] item: Life Orb\n|move|p2a: Deoxys|Night Shade|p1a: Meos Kokos\n|-damage|p1a: Meos Kokos|4\/100\n|\n|-heal|p2a: Deoxys|81\/100|[from] item: Leftovers\n|upkeep\n|turn|11\n|\n|t:|1700418838\n|move|p1a: Meos Kokos|Dazzling Gleam|p2a: Deoxys\n|-damage|p2a: Deoxys|58\/100\n|-damage|p1a: Meos Kokos|0 fnt|[from] item: Life Orb\n|faint|p1a: Meos Kokos\n|move|p2a: Deoxys|Seismic Toss|p1: Meos Kokos|[notarget]\n|-fail|p2a: Deoxys\n|\n|-heal|p2a: Deoxys|64\/100|[from] item: Leftovers\n|upkeep\n|\n|t:|1700418851\n|switch|p1a: Polla2|Porygon2|100\/100\n|-ability|p1a: Polla2|Download|boost\n|-boost|p1a: Polla2|atk|1\n|turn|12\n|\n|t:|1700418874\n|move|p2a: Deoxys|Seismic Toss|p1a: Polla2\n|-damage|p1a: Polla2|74\/100\n|move|p1a: Polla2|Shadow Ball|p2a: Deoxys\n|-supereffective|p2a: Deoxys\n|-damage|p2a: Deoxys|49\/100\n|\n|-heal|p2a: Deoxys|55\/100|[from] item: Leftovers\n|upkeep\n|turn|13\n|-message|FRANTILIXD forfeited.\n|\n|win|savagewolf98420\n|raw|FRANTILIXD's rating: 1163 &rarr; <strong>1135<\/strong><br \/>(-28 for losing)\n|raw|savagewolf98420's rating: 1121 &rarr; <strong>1149<\/strong><br \/>(+28 for winning)\n|l|\u2606FRANTILIXD\n","uploadtime":1700418891,"views":4,"p1id":"frantilixd","p2id":"savagewolf98420","formatid":"gen9nationaldex","rating":1135,"private":0,"password":""}