{"id":"gen9nationaldex-1995204029","p1":"KaneWritez","p2":"PikaTheRat","format":"[Gen 9] National Dex","log":"|html|<div class=\"broadcast-blue\"><strong>[Gen 9] National Dex is currently suspecting Sneasler! For information on how to participate check out the <a href=\"https:\/\/www.smogon.com\/forums\/threads\/sv-national-dex-suspect-8-just-dance.3731534\/\">suspect thread<\/a>.<\/strong><\/div>\n|j|\u2606KaneWritez\n|j|\u2606PikaTheRat\n|t:|1700534275\n|gametype|singles\n|player|p1|KaneWritez|ghetsis|\n|player|p2|PikaTheRat|lucas|\n|teamsize|p1|2\n|teamsize|p2|3\n|gen|9\n|tier|[Gen 9] National Dex\n|rule|HP Percentage Mod: HP is shown in percentages\n|rule|Endless Battle Clause: Forcing endless battles is banned\n|rule|OHKO Clause: OHKO moves are banned\n|rule|Evasion Clause: Evasion abilities, items, and moves are banned\n|rule|Evasion Abilities Clause: Evasion abilities are banned\n|rule|Evasion Items Clause: Evasion items are banned\n|rule|Evasion Moves Clause: Evasion moves are banned\n|rule|Species Clause: Limit one of each Pok\u00e9mon\n|rule|Sleep Clause Mod: Limit one foe put to sleep\n|clearpoke\n|poke|p1|Spheal, L17, M|\n|poke|p1|Grubbin, L17, F|\n|poke|p2|Bagon, L11, M|\n|poke|p2|Rockruff, L12, M|\n|poke|p2|Lombre, L15, F|\n|teampreview\n|\n|t:|1700534285\n|start\n|switch|p1a: Spheal|Spheal, L17, M|100\/100\n|switch|p2a: Rocky|Bagon, L11, M|100\/100\n|turn|1\n|\n|t:|1700534299\n|switch|p2a: Lucy|Lombre, L15, F|100\/100\n|move|p1a: Spheal|Powder Snow|p2a: Lucy\n|-damage|p2a: Lucy|79\/100\n|\n|upkeep\n|turn|2\n|\n|t:|1700534310\n|move|p2a: Lucy|Mega Drain|p1a: Spheal\n|-supereffective|p1a: Spheal\n|-damage|p1a: Spheal|68\/100\n|-heal|p2a: Lucy|98\/100|[from] drain|[of] p1a: Spheal\n|move|p1a: Spheal|Powder Snow|p2a: Lucy\n|-damage|p2a: Lucy|77\/100\n|-status|p2a: Lucy|frz\n|\n|upkeep\n|turn|3\n|\n|t:|1700534347\n|switch|p1a: Grubbin|Grubbin, L17, F|100\/100\n|cant|p2a: Lucy|frz\n|\n|upkeep\n|turn|4\n|\n|t:|1700534359\n|cant|p2a: Lucy|frz\n|move|p1a: Grubbin|Bug Bite|p2a: Lucy\n|-supereffective|p2a: Lucy\n|-damage|p2a: Lucy|0 fnt\n|faint|p2a: Lucy\n|\n|upkeep\n|\n|t:|1700534367\n|switch|p2a: Rockruff|Rockruff, L12, M|100\/100\n|turn|5\n|\n|t:|1700534373\n|move|p1a: Grubbin|Mud-Slap|p2a: Rockruff\n|-supereffective|p2a: Rockruff\n|-damage|p2a: Rockruff|78\/100\n|move|p2a: Rockruff|Rock Throw|p1a: Grubbin\n|-supereffective|p1a: Grubbin\n|-damage|p1a: Grubbin|56\/100\n|\n|upkeep\n|turn|6\n|\n|t:|1700534381\n|move|p1a: Grubbin|Mud-Slap|p2a: Rockruff\n|-supereffective|p2a: Rockruff\n|-damage|p2a: Rockruff|56\/100\n|move|p2a: Rockruff|Rock Throw|p1a: Grubbin\n|-supereffective|p1a: Grubbin\n|-damage|p1a: Grubbin|11\/100\n|\n|upkeep\n|turn|7\n|\n|t:|1700534388\n|move|p1a: Grubbin|Mud-Slap|p2a: Rockruff\n|-supereffective|p2a: Rockruff\n|-damage|p2a: Rockruff|34\/100\n|move|p2a: Rockruff|Rock Throw|p1a: Grubbin\n|-supereffective|p1a: Grubbin\n|-damage|p1a: Grubbin|0 fnt\n|faint|p1a: Grubbin\n|\n|upkeep\n|\n|t:|1700534397\n|switch|p1a: Spheal|Spheal, L17, M|68\/100\n|turn|8\n|\n|t:|1700534400\n|move|p2a: Rockruff|Rock Throw|p1a: Spheal\n|-supereffective|p1a: Spheal\n|-damage|p1a: Spheal|36\/100\n|move|p1a: Spheal|Water Gun|p2a: Rockruff\n|-supereffective|p2a: Rockruff\n|-damage|p2a: Rockruff|0 fnt\n|faint|p2a: Rockruff\n|\n|upkeep\n|\n|t:|1700534408\n|switch|p2a: Rocky|Bagon, L11, M|100\/100\n|turn|9\n|\n|t:|1700534413\n|move|p2a: Rocky|Dragon Breath|p1a: Spheal\n|-damage|p1a: Spheal|24\/100\n|-status|p1a: Spheal|par\n|cant|p1a: Spheal|par\n|\n|upkeep\n|turn|10\n|\n|t:|1700534421\n|move|p2a: Rocky|Bite|p1a: Spheal\n|-damage|p1a: Spheal|15\/100 par\n|move|p1a: Spheal|Rest|p1a: Spheal\n|-status|p1a: Spheal|slp|[from] move: Rest\n|-heal|p1a: Spheal|100\/100 slp|[silent]\n|\n|upkeep\n|turn|11\n|\n|t:|1700534429\n|move|p2a: Rocky|Dragon Breath|p1a: Spheal\n|-damage|p1a: Spheal|88\/100 slp\n|cant|p1a: Spheal|slp\n|\n|upkeep\n|turn|12\n|\n|t:|1700534437\n|move|p2a: Rocky|Leer|p1a: Spheal\n|-unboost|p1a: Spheal|def|1\n|cant|p1a: Spheal|slp\n|\n|upkeep\n|turn|13\n|\n|t:|1700534443\n|move|p2a: Rocky|Bite|p1a: Spheal\n|-damage|p1a: Spheal|74\/100 slp\n|-curestatus|p1a: Spheal|slp|[msg]\n|cant|p1a: Spheal|flinch\n|\n|upkeep\n|turn|14\n|\n|t:|1700534450\n|move|p2a: Rocky|Bite|p1a: Spheal\n|-crit|p1a: Spheal\n|-damage|p1a: Spheal|52\/100\n|move|p1a: Spheal|Powder Snow|p2a: Rocky\n|-supereffective|p2a: Rocky\n|-damage|p2a: Rocky|0 fnt\n|faint|p2a: Rocky\n|\n|win|KaneWritez\n|l|\u2606KaneWritez\n","uploadtime":1700534485,"views":3,"p1id":"kanewritez","p2id":"pikatherat","formatid":"gen9nationaldex","rating":0,"private":0,"password":""}