{"id":"gen9nationaldex-1993929003","p1":"firstteameveryay","p2":"prince5","format":"[Gen 9] National Dex","log":"|j|\u2606firstteameveryay\n|j|\u2606prince5\n|inactive|Battle timer is ON: inactive players will automatically lose when time's up.\n|t:|1700377165\n|gametype|singles\n|player|p1|firstteameveryay|swimmerf-gen4dp|\n|player|p2|prince5|anabel|\n|teamsize|p1|6\n|teamsize|p2|6\n|gen|9\n|tier|[Gen 9] National Dex\n|rated|Tournament battle\n|rule|HP Percentage Mod: HP is shown in percentages\n|rule|Endless Battle Clause: Forcing endless battles is banned\n|rule|OHKO Clause: OHKO moves are banned\n|rule|Evasion Clause: Evasion abilities, items, and moves are banned\n|rule|Evasion Abilities Clause: Evasion abilities are banned\n|rule|Evasion Items Clause: Evasion items are banned\n|rule|Evasion Moves Clause: Evasion moves are banned\n|rule|Species Clause: Limit one of each Pok\u00e9mon\n|rule|Sleep Clause Mod: Limit one foe put to sleep\n|clearpoke\n|poke|p1|Landorus-Therian, M|\n|poke|p1|Heatran, F|\n|poke|p1|Latios, M|\n|poke|p1|Tapu Lele|\n|poke|p1|Hawlucha, M|\n|poke|p1|Alomomola, M|\n|poke|p2|Rampardos, M|\n|poke|p2|Ninetales-Alola, F|\n|poke|p2|Landorus-Therian, M|\n|poke|p2|Rotom-Wash|\n|poke|p2|Scizor, M|\n|poke|p2|Kommo-o, F|\n|teampreview\n|c|\u2606firstteameveryay|gl hf\n|inactive|firstteameveryay has 120 seconds left.\n|\n|t:|1700377198\n|start\n|switch|p1a: Hawlucha|Hawlucha, M, shiny|100\/100\n|switch|p2a: Ninetales|Ninetales-Alola, F|100\/100\n|-weather|Snow|[from] ability: Snow Warning|[of] p2a: Ninetales\n|turn|1\n|\n|t:|1700377203\n|-terastallize|p1a: Hawlucha|Steel\n|move|p2a: Ninetales|Aurora Veil|p2a: Ninetales\n|-sidestart|p2: prince5|move: Aurora Veil\n|move|p1a: Hawlucha|Iron Head|p2a: Ninetales\n|-supereffective|p2a: Ninetales\n|-damage|p2a: Ninetales|38\/100\n|\n|-weather|Snow|[upkeep]\n|upkeep\n|turn|2\n|j| Carrotfromkanto\n|\n|t:|1700377210\n|switch|p2a: Landorus|Landorus-Therian, M|100\/100\n|-ability|p2a: Landorus|Intimidate|boost\n|-unboost|p1a: Hawlucha|atk|1\n|move|p1a: Hawlucha|U-turn|p2a: Landorus\n|-resisted|p2a: Landorus\n|-damage|p2a: Landorus|98\/100\n|\n|t:|1700377213\n|switch|p1a: Latios|Latios, M|100\/100|[from] U-turn\n|\n|-weather|Snow|[upkeep]\n|-heal|p2a: Landorus|100\/100|[from] item: Leftovers\n|upkeep\n|turn|3\n|\n|t:|1700377221\n|detailschange|p1a: Latios|Latios-Mega, M\n|-mega|p1a: Latios|Latios|Latiosite\n|move|p1a: Latios|Ice Beam|p2a: Landorus\n|-supereffective|p2a: Landorus\n|-damage|p2a: Landorus|44\/100\n|move|p2a: Landorus|U-turn|p1a: Latios\n|-supereffective|p1a: Latios\n|-damage|p1a: Latios|53\/100\n|\n|t:|1700377239\n|switch|p2a: Scizor|Scizor, M|100\/100|[from] U-turn\n|\n|-weather|Snow|[upkeep]\n|upkeep\n|turn|4\n|\n|t:|1700377244\n|switch|p1a: Tapu Lele|Tapu Lele, shiny|100\/100\n|-fieldstart|move: Psychic Terrain|[from] ability: Psychic Surge|[of] p1a: Tapu Lele\n|detailschange|p2a: Scizor|Scizor-Mega, M\n|-mega|p2a: Scizor|Scizor|Scizorite\n|move|p2a: Scizor|Swords Dance|p2a: Scizor\n|-boost|p2a: Scizor|atk|2\n|\n|-weather|Snow|[upkeep]\n|upkeep\n|turn|5\n|\n|t:|1700377253\n|move|p1a: Tapu Lele|Hidden Power|p2a: Scizor\n|-supereffective|p2a: Scizor\n|-damage|p2a: Scizor|54\/100\n|move|p2a: Scizor|Knock Off|p1a: Tapu Lele\n|-damage|p1a: Tapu Lele|0 fnt\n|-enditem|p1a: Tapu Lele|Choice Scarf|[from] move: Knock Off|[of] p2a: Scizor\n|faint|p1a: Tapu Lele\n|\n|-weather|none\n|upkeep\n|\n|t:|1700377276\n|switch|p1a: Heatran|Heatran, F|100\/100\n|turn|6\n|c| Carrotfromkanto|prince5 !!!!!!!!!!!!!!!!!!!!!!!!!!!!!!!!!!!!!!!!!!!!!!!!!!!!!!!!!!!!!!!!!!!!!!!!!\n|\n|t:|1700377283\n|switch|p2a: Landorus|Landorus-Therian, M|44\/100\n|-ability|p2a: Landorus|Intimidate|boost\n|-unboost|p1a: Heatran|atk|1\n|switch|p1a: Latios|Latios-Mega, M|53\/100\n|\n|-heal|p2a: Landorus|50\/100|[from] item: Leftovers\n|upkeep\n|turn|7\n|c| Carrotfromkanto|its you\n|\n|t:|1700377311\n|switch|p1a: Hawlucha|Hawlucha, M, shiny, tera:Steel|100\/100\n|-enditem|p1a: Hawlucha|Psychic Seed\n|-boost|p1a: Hawlucha|spd|1|[from] item: Psychic Seed\n|switch|p2a: Rotom|Rotom-Wash|100\/100\n|\n|upkeep\n|turn|8\n|inactive|firstteameveryay has 120 seconds left.\n|c|\u2606firstteameveryay|mm, think i lost\n|c|\u2606firstteameveryay|lmao\n|inactive|firstteameveryay has 90 seconds left.\n|\n|t:|1700377386\n|switch|p1a: Latios|Latios-Mega, M|53\/100\n|move|p2a: Rotom|Trick||[still]\n|-fail|p2a: Rotom\n|\n|-sideend|p2: prince5|move: Aurora Veil\n|-fieldend|move: Psychic Terrain\n|upkeep\n|turn|9\n|\n|t:|1700377398\n|switch|p2a: Landorus|Landorus-Therian, M|50\/100\n|-ability|p2a: Landorus|Intimidate|boost\n|-unboost|p1a: Latios|atk|1\n|move|p1a: Latios|Roost|p1a: Latios\n|-heal|p1a: Latios|100\/100\n|-singleturn|p1a: Latios|move: Roost\n|\n|-heal|p2a: Landorus|56\/100|[from] item: Leftovers\n|upkeep\n|turn|10\n|\n|t:|1700377413\n|switch|p1a: Hawlucha|Hawlucha, M, shiny, tera:Steel|100\/100\n|move|p2a: Landorus|U-turn|p1a: Hawlucha\n|-resisted|p1a: Hawlucha\n|-damage|p1a: Hawlucha|83\/100\n|\n|t:|1700377423\n|switch|p2a: Ninetales|Ninetales-Alola, F|38\/100|[from] U-turn\n|-weather|Snow|[from] ability: Snow Warning|[of] p2a: Ninetales\n|\n|-weather|Snow|[upkeep]\n|upkeep\n|turn|11\n|\n|t:|1700377428\n|move|p2a: Ninetales|Aurora Veil|p2a: Ninetales\n|-sidestart|p2: prince5|move: Aurora Veil\n|move|p1a: Hawlucha|Iron Head|p2a: Ninetales\n|-supereffective|p2a: Ninetales\n|-damage|p2a: Ninetales|0 fnt\n|faint|p2a: Ninetales\n|\n|-weather|Snow|[upkeep]\n|upkeep\n|\n|t:|1700377433\n|switch|p2a: Kommo-o|Kommo-o, F|100\/100\n|turn|12\n|\n|t:|1700377440\n|switch|p1a: Alomomola|Alomomola, M, shiny|100\/100\n|-zpower|p2a: Kommo-o\n|move|p2a: Kommo-o|Clangorous Soulblaze|p1a: Alomomola|[zeffect]\n|-damage|p1a: Alomomola|35\/100\n|-boost|p2a: Kommo-o|atk|1\n|-boost|p2a: Kommo-o|def|1\n|-boost|p2a: Kommo-o|spa|1\n|-boost|p2a: Kommo-o|spd|1\n|-boost|p2a: Kommo-o|spe|1\n|\n|-weather|Snow|[upkeep]\n|-heal|p1a: Alomomola|41\/100|[from] item: Leftovers\n|upkeep\n|turn|13\n|inactive|firstteameveryay has 120 seconds left.\n|\n|t:|1700377454\n|move|p1a: Alomomola|Protect|p1a: Alomomola\n|-singleturn|p1a: Alomomola|Protect\n|move|p2a: Kommo-o|Clanging Scales|p1a: Alomomola\n|-activate|p1a: Alomomola|move: Protect\n|\n|-weather|Snow|[upkeep]\n|-heal|p1a: Alomomola|48\/100|[from] item: Leftovers\n|upkeep\n|turn|14\n|\n|t:|1700377463\n|switch|p1a: Heatran|Heatran, F|100\/100\n|move|p2a: Kommo-o|Clanging Scales|p1a: Heatran\n|-resisted|p1a: Heatran\n|-damage|p1a: Heatran|77\/100\n|-unboost|p2a: Kommo-o|def|1\n|\n|-weather|none\n|-heal|p1a: Heatran|83\/100|[from] item: Leftovers\n|upkeep\n|turn|15\n|\n|t:|1700377473\n|move|p2a: Kommo-o|Drain Punch|p1a: Heatran\n|-supereffective|p1a: Heatran\n|-damage|p1a: Heatran|14\/100\n|move|p1a: Heatran|Toxic|p2a: Kommo-o\n|-status|p2a: Kommo-o|tox\n|\n|-heal|p1a: Heatran|20\/100|[from] item: Leftovers\n|-damage|p2a: Kommo-o|94\/100 tox|[from] psn\n|upkeep\n|turn|16\n|\n|t:|1700377481\n|switch|p1a: Alomomola|Alomomola, M, shiny|81\/100\n|move|p2a: Kommo-o|Clanging Scales|p1a: Alomomola\n|-damage|p1a: Alomomola|21\/100\n|-unboost|p2a: Kommo-o|def|1\n|\n|-heal|p1a: Alomomola|27\/100|[from] item: Leftovers\n|-damage|p2a: Kommo-o|82\/100 tox|[from] psn\n|upkeep\n|turn|17\n|\n|t:|1700377489\n|move|p1a: Alomomola|Protect|p1a: Alomomola\n|-singleturn|p1a: Alomomola|Protect\n|move|p2a: Kommo-o|Clanging Scales|p1a: Alomomola\n|-activate|p1a: Alomomola|move: Protect\n|\n|-heal|p1a: Alomomola|34\/100|[from] item: Leftovers\n|-damage|p2a: Kommo-o|63\/100 tox|[from] psn\n|upkeep\n|turn|18\n|\n|t:|1700377497\n|switch|p1a: Landorus|Landorus-Therian, M|100\/100\n|-ability|p1a: Landorus|Intimidate|boost\n|-unboost|p2a: Kommo-o|atk|1\n|move|p2a: Kommo-o|Clanging Scales|p1a: Landorus\n|-damage|p1a: Landorus|8\/100\n|-unboost|p2a: Kommo-o|def|1\n|\n|-damage|p2a: Kommo-o|39\/100 tox|[from] psn\n|-sideend|p2: prince5|move: Aurora Veil\n|upkeep\n|turn|19\n|\n|t:|1700377512\n|switch|p1a: Alomomola|Alomomola, M, shiny|67\/100\n|move|p2a: Kommo-o|Flamethrower|p1a: Alomomola\n|-resisted|p1a: Alomomola\n|-damage|p1a: Alomomola|52\/100\n|-status|p1a: Alomomola|brn\n|\n|-heal|p1a: Alomomola|58\/100 brn|[from] item: Leftovers\n|-damage|p2a: Kommo-o|8\/100 tox|[from] psn\n|-damage|p1a: Alomomola|52\/100 brn|[from] brn\n|upkeep\n|turn|20\n|\n|t:|1700377529\n|switch|p2a: Rampardos|Rampardos, M|100\/100\n|move|p1a: Alomomola|Wish|p1a: Alomomola\n|\n|-heal|p1a: Alomomola|58\/100 brn|[from] item: Leftovers\n|-damage|p1a: Alomomola|52\/100 brn|[from] brn\n|upkeep\n|turn|21\n|\n|t:|1700377549\n|move|p1a: Alomomola|Protect|p1a: Alomomola\n|-singleturn|p1a: Alomomola|Protect\n|move|p2a: Rampardos|Rock Slide|p1a: Alomomola\n|-activate|p1a: Alomomola|move: Protect\n|\n|-heal|p1a: Alomomola|100\/100 brn|[from] move: Wish|[wisher] Alomomola\n|-damage|p1a: Alomomola|94\/100 brn|[from] brn\n|upkeep\n|turn|22\n|\n|t:|1700377563\n|move|p2a: Rampardos|Rock Polish|p2a: Rampardos\n|-boost|p2a: Rampardos|spe|2\n|move|p1a: Alomomola|Toxic|p2a: Rampardos\n|-status|p2a: Rampardos|tox\n|\n|-heal|p1a: Alomomola|100\/100 brn|[from] item: Leftovers\n|-damage|p2a: Rampardos|95\/100 tox|[from] psn\n|-damage|p1a: Alomomola|94\/100 brn|[from] brn\n|upkeep\n|turn|23\n|\n|t:|1700377577\n|move|p2a: Rampardos|Rock Slide|p1a: Alomomola\n|-damage|p1a: Alomomola|32\/100 brn\n|move|p1a: Alomomola|Wish|p1a: Alomomola\n|\n|-heal|p1a: Alomomola|38\/100 brn|[from] item: Leftovers\n|-damage|p2a: Rampardos|83\/100 tox|[from] psn\n|-damage|p1a: Alomomola|32\/100 brn|[from] brn\n|upkeep\n|turn|24\n|\n|t:|1700377586\n|move|p1a: Alomomola|Protect|p1a: Alomomola\n|-singleturn|p1a: Alomomola|Protect\n|move|p2a: Rampardos|Rock Slide|p1a: Alomomola\n|-activate|p1a: Alomomola|move: Protect\n|\n|-heal|p1a: Alomomola|82\/100 brn|[from] move: Wish|[wisher] Alomomola\n|-heal|p1a: Alomomola|88\/100 brn|[from] item: Leftovers\n|-damage|p2a: Rampardos|65\/100 tox|[from] psn\n|-damage|p1a: Alomomola|82\/100 brn|[from] brn\n|upkeep\n|turn|25\n|\n|t:|1700377597\n|move|p2a: Rampardos|Rock Slide|p1a: Alomomola\n|-crit|p1a: Alomomola\n|-damage|p1a: Alomomola|0 fnt\n|faint|p1a: Alomomola\n|\n|-damage|p2a: Rampardos|41\/100 tox|[from] psn\n|upkeep\n|\n|t:|1700377607\n|switch|p1a: Heatran|Heatran, F|20\/100\n|turn|26\n|\n|t:|1700377611\n|move|p1a: Heatran|Protect|p1a: Heatran\n|-singleturn|p1a: Heatran|Protect\n|move|p2a: Rampardos|Rock Slide|p1a: Heatran\n|-activate|p1a: Heatran|move: Protect\n|\n|-heal|p1a: Heatran|27\/100|[from] item: Leftovers\n|-damage|p2a: Rampardos|11\/100 tox|[from] psn\n|upkeep\n|turn|27\n|\n|t:|1700377619\n|switch|p1a: Landorus|Landorus-Therian, M|8\/100\n|-ability|p1a: Landorus|Intimidate|boost\n|-unboost|p2a: Rampardos|atk|1\n|move|p2a: Rampardos|Rock Slide|p1a: Landorus\n|-damage|p1a: Landorus|0 fnt\n|faint|p1a: Landorus\n|\n|-damage|p2a: Rampardos|0 fnt|[from] psn\n|faint|p2a: Rampardos\n|upkeep\n|\n|t:|1700377629\n|switch|p1a: Latios|Latios-Mega, M|100\/100\n|switch|p2a: Rotom|Rotom-Wash|100\/100\n|turn|28\n|\n|t:|1700377634\n|move|p2a: Rotom|Dark Pulse|p1a: Latios\n|-supereffective|p1a: Latios\n|-damage|p1a: Latios|61\/100\n|move|p1a: Latios|Psychic|p2a: Rotom\n|-damage|p2a: Rotom|40\/100\n|\n|upkeep\n|turn|29\n|\n|t:|1700377640\n|move|p2a: Rotom|Dark Pulse|p1a: Latios\n|-supereffective|p1a: Latios\n|-damage|p1a: Latios|21\/100\n|move|p1a: Latios|Psychic|p2a: Rotom\n|-damage|p2a: Rotom|0 fnt\n|faint|p2a: Rotom\n|\n|upkeep\n|\n|t:|1700377647\n|switch|p2a: Scizor|Scizor-Mega, M|54\/100\n|turn|30\n|\n|t:|1700377652\n|switch|p1a: Hawlucha|Hawlucha, M, shiny, tera:Steel|83\/100\n|move|p2a: Scizor|Bullet Punch|p1a: Hawlucha\n|-resisted|p1a: Hawlucha\n|-damage|p1a: Hawlucha|54\/100\n|\n|upkeep\n|turn|31\n|\n|t:|1700377673\n|move|p1a: Hawlucha|U-turn|p2a: Scizor\n|-resisted|p2a: Scizor\n|-damage|p2a: Scizor|45\/100\n|\n|t:|1700377675\n|switch|p1a: Heatran|Heatran, F|27\/100|[from] U-turn\n|move|p2a: Scizor|Knock Off|p1a: Heatran\n|-damage|p1a: Heatran|0 fnt\n|-enditem|p1a: Heatran|Leftovers|[from] move: Knock Off|[of] p2a: Scizor\n|faint|p1a: Heatran\n|\n|upkeep\n|j| Dozkek\n|l| Dozkek\n|inactive|firstteameveryay has 120 seconds left.\n|\n|t:|1700377712\n|switch|p1a: Hawlucha|Hawlucha, M, shiny, tera:Steel|54\/100\n|turn|32\n|\n|t:|1700377720\n|switch|p2a: Kommo-o|Kommo-o, F|8\/100 tox\n|move|p1a: Hawlucha|Close Combat|p2a: Kommo-o\n|-damage|p2a: Kommo-o|0 fnt\n|-unboost|p1a: Hawlucha|def|1\n|-unboost|p1a: Hawlucha|spd|1\n|faint|p2a: Kommo-o\n|\n|upkeep\n|\n|t:|1700377727\n|switch|p2a: Landorus|Landorus-Therian, M|56\/100\n|-ability|p2a: Landorus|Intimidate|boost\n|-unboost|p1a: Hawlucha|atk|1\n|turn|33\n|inactive|firstteameveryay has 120 seconds left.\n|\n|t:|1700377751\n|move|p1a: Hawlucha|Iron Head|p2a: Landorus\n|-damage|p2a: Landorus|35\/100\n|move|p2a: Landorus|U-turn|p1a: Hawlucha\n|-resisted|p1a: Hawlucha\n|-damage|p1a: Hawlucha|31\/100\n|\n|t:|1700377756\n|switch|p2a: Scizor|Scizor-Mega, M|45\/100|[from] U-turn\n|\n|upkeep\n|turn|34\n|\n|t:|1700377762\n|move|p2a: Scizor|Bullet Punch|p1a: Hawlucha\n|-resisted|p1a: Hawlucha\n|-damage|p1a: Hawlucha|0 fnt\n|faint|p1a: Hawlucha\n|\n|upkeep\n|\n|t:|1700377764\n|switch|p1a: Latios|Latios-Mega, M|21\/100\n|turn|35\n|c|\u2606prince5|gg\n|\n|t:|1700377768\n|move|p2a: Scizor|Bullet Punch|p1a: Latios\n|-damage|p1a: Latios|0 fnt\n|faint|p1a: Latios\n|\n|win|prince5\n|n|\u2606firstteameveryay|firstteameveryay\n|n|\u2606prince5|prince5\n|n| Carrotfromkanto|carrotfromkanto\n","uploadtime":1700377769,"views":9,"p1id":"firstteameveryay","p2id":"prince5","formatid":"gen9nationaldex","rating":0,"private":0,"password":""}