{"id":"gen9nationaldex-1990404638","p1":"DrippyDragapult","p2":"grass knot zygarde","format":"[Gen 9] National Dex","log":"|j|\u2606DrippyDragapult\n|j|\u2606grass knot zygarde\n|t:|1699967503\n|gametype|singles\n|player|p1|DrippyDragapult|266|\n|player|p2|grass knot zygarde|dawn|\n|teamsize|p1|6\n|teamsize|p2|6\n|gen|9\n|tier|[Gen 9] National Dex\n|rule|HP Percentage Mod: HP is shown in percentages\n|rule|Endless Battle Clause: Forcing endless battles is banned\n|rule|OHKO Clause: OHKO moves are banned\n|rule|Evasion Clause: Evasion abilities, items, and moves are banned\n|rule|Evasion Abilities Clause: Evasion abilities are banned\n|rule|Evasion Items Clause: Evasion items are banned\n|rule|Evasion Moves Clause: Evasion moves are banned\n|rule|Species Clause: Limit one of each Pok\u00e9mon\n|rule|Sleep Clause Mod: Limit one foe put to sleep\n|clearpoke\n|poke|p1|Urshifu-*, F|\n|poke|p1|Slowking-Galar, M|\n|poke|p1|Scizor, M|\n|poke|p1|Rotom-Wash|\n|poke|p1|Landorus-Therian, M|\n|poke|p1|Venusaur, M|\n|poke|p2|Clodsire, F|\n|poke|p2|Ogerpon, F|\n|poke|p2|Magnezone|\n|poke|p2|Skeledirge, F|\n|poke|p2|Gliscor, M|\n|poke|p2|Slowking, F|\n|teampreview\n|inactive|Battle timer is ON: inactive players will automatically lose when time's up. (requested by grass knot zygarde)\n|\n|t:|1699967528\n|start\n|switch|p1a: Landorus|Landorus-Therian, M|100\/100\n|switch|p2a: ma|Magnezone|100\/100\n|-ability|p1a: Landorus|Intimidate|boost\n|-unboost|p2a: ma|atk|1\n|turn|1\n|\n|t:|1699967534\n|switch|p2a: ye|Gliscor, M, shiny|100\/100\n|move|p1a: Landorus|Knock Off|p2a: ye\n|-damage|p2a: ye|79\/100\n|-enditem|p2a: ye|Toxic Orb|[from] move: Knock Off|[of] p1a: Landorus\n|\n|upkeep\n|turn|2\n|c|\u2606grass knot zygarde|aw mannn\n|\n|t:|1699967545\n|move|p1a: Landorus|U-turn|p2a: ye\n|-resisted|p2a: ye\n|-damage|p2a: ye|72\/100\n|\n|t:|1699967548\n|switch|p1a: Venusaur|Venusaur, M|100\/100|[from] U-turn\n|move|p2a: ye|Knock Off|p1a: Venusaur\n|-damage|p1a: Venusaur|84\/100\n|\n|upkeep\n|turn|3\n|\n|t:|1699967555\n|move|p2a: ye|Spikes|p1a: Venusaur\n|-sidestart|p1: DrippyDragapult|Spikes\n|move|p1a: Venusaur|Leech Seed|p2a: ye\n|-start|p2a: ye|move: Leech Seed\n|\n|-damage|p2a: ye|60\/100|[from] Leech Seed|[of] p1a: Venusaur\n|-heal|p1a: Venusaur|96\/100|[silent]\n|upkeep\n|turn|4\n|\n|t:|1699967558\n|move|p2a: ye|Spikes|p1a: Venusaur\n|-sidestart|p1: DrippyDragapult|Spikes\n|move|p1a: Venusaur|Giga Drain|p2a: ye\n|-damage|p2a: ye|13\/100\n|-heal|p1a: Venusaur|100\/100|[from] drain|[of] p2a: ye\n|\n|-damage|p2a: ye|1\/100|[from] Leech Seed|[of] p1a: Venusaur\n|upkeep\n|turn|5\n|\n|t:|1699967564\n|move|p2a: ye|Spikes|p1a: Venusaur\n|-sidestart|p1: DrippyDragapult|Spikes\n|move|p1a: Venusaur|Giga Drain|p2a: ye\n|-damage|p2a: ye|0 fnt\n|faint|p2a: ye\n|\n|upkeep\n|\n|t:|1699967574\n|switch|p2a: motorcycle|Skeledirge, F|100\/100\n|turn|6\n|\n|t:|1699967583\n|detailschange|p1a: Venusaur|Venusaur-Mega, M\n|-mega|p1a: Venusaur|Venusaur|Venusaurite\n|move|p1a: Venusaur|Leech Seed|p2a: motorcycle\n|-start|p2a: motorcycle|move: Leech Seed\n|move|p2a: motorcycle|Torch Song|p1a: Venusaur\n|-supereffective|p1a: Venusaur\n|-damage|p1a: Venusaur|77\/100\n|-boost|p2a: motorcycle|spa|1\n|\n|-damage|p2a: motorcycle|88\/100|[from] Leech Seed|[of] p1a: Venusaur\n|-heal|p1a: Venusaur|91\/100|[silent]\n|upkeep\n|turn|7\n|\n|t:|1699967590\n|move|p1a: Venusaur|Earth Power|p2a: motorcycle\n|-supereffective|p2a: motorcycle\n|-damage|p2a: motorcycle|19\/100\n|move|p2a: motorcycle|Torch Song|p1a: Venusaur\n|-supereffective|p1a: Venusaur\n|-crit|p1a: Venusaur\n|-damage|p1a: Venusaur|35\/100\n|-boost|p2a: motorcycle|spa|1\n|\n|-damage|p2a: motorcycle|6\/100|[from] Leech Seed|[of] p1a: Venusaur\n|-heal|p1a: Venusaur|49\/100|[silent]\n|upkeep\n|turn|8\n|\n|t:|1699967594\n|move|p1a: Venusaur|Earth Power|p2a: motorcycle\n|-supereffective|p2a: motorcycle\n|-damage|p2a: motorcycle|0 fnt\n|faint|p2a: motorcycle\n|\n|upkeep\n|\n|t:|1699967601\n|switch|p2a: doublade guy|Ogerpon, F|100\/100\n|turn|9\n|\n|t:|1699967606\n|move|p2a: doublade guy|Swords Dance|p2a: doublade guy\n|-boost|p2a: doublade guy|atk|2\n|move|p1a: Venusaur|Sludge Bomb|p2a: doublade guy\n|-supereffective|p2a: doublade guy\n|-damage|p2a: doublade guy|0 fnt\n|faint|p2a: doublade guy\n|\n|upkeep\n|c|\u2606grass knot zygarde|alright so\n|c|\u2606DrippyDragapult|Xertai whatchu doin\n|c|\u2606grass knot zygarde|no synthesis\n|c|\u2606DrippyDragapult|nope\n|\n|t:|1699967633\n|switch|p2a: ma|Magnezone|100\/100\n|turn|10\n|l|\u2606DrippyDragapult\n|inactive|DrippyDragapult disconnected and has 300 seconds to reconnect!\n|player|p1|\n|j|\u2606DrippyDragapult\n|inactive|DrippyDragapult reconnected.\n|player|p1|DrippyDragapult|266\n|inactive|grass knot zygarde has 270 seconds left.\n|\n|t:|1699967648\n|switch|p2a: idk who this is|Clodsire, F|100\/100\n|move|p1a: Venusaur|Earth Power|p2a: idk who this is\n|-supereffective|p2a: idk who this is\n|-damage|p2a: idk who this is|69\/100\n|\n|upkeep\n|turn|11\n|\n|t:|1699967655\n|move|p1a: Venusaur|Leech Seed|p2a: idk who this is\n|-start|p2a: idk who this is|move: Leech Seed\n|move|p2a: idk who this is|Stealth Rock|p1a: Venusaur\n|-sidestart|p1: DrippyDragapult|move: Stealth Rock\n|\n|-damage|p2a: idk who this is|56\/100|[from] Leech Seed|[of] p1a: Venusaur\n|-heal|p1a: Venusaur|65\/100|[silent]\n|upkeep\n|turn|12\n|j| Beesling\n|\n|t:|1699967659\n|move|p1a: Venusaur|Earth Power|p2a: idk who this is\n|-supereffective|p2a: idk who this is\n|-damage|p2a: idk who this is|23\/100\n|move|p2a: idk who this is|Recover|p2a: idk who this is\n|-heal|p2a: idk who this is|73\/100\n|\n|-damage|p2a: idk who this is|61\/100|[from] Leech Seed|[of] p1a: Venusaur\n|-heal|p1a: Venusaur|80\/100|[silent]\n|upkeep\n|turn|13\n|c| Beesling|I hope my black friend wins\n|c|\u2606grass knot zygarde|this matchup doodoo\n|\n|t:|1699967680\n|switch|p2a: agony|Slowking, F|100\/100\n|move|p1a: Venusaur|Earth Power|p2a: agony\n|-damage|p2a: agony|75\/100\n|\n|upkeep\n|turn|14\n|c|\u2606DrippyDragapult|Venu 6-0 is wild\n|\n|t:|1699967687\n|move|p1a: Venusaur|Giga Drain|p2a: agony\n|-supereffective|p2a: agony\n|-damage|p2a: agony|15\/100\n|-heal|p1a: Venusaur|100\/100|[from] drain|[of] p2a: agony\n|move|p2a: agony|Future Sight|p1a: Venusaur\n|-start|p2a: agony|move: Future Sight\n|\n|upkeep\n|turn|15\n|\n|t:|1699967695\n|switch|p2a: idk who this is|Clodsire, F|61\/100\n|move|p1a: Venusaur|Earth Power|p2a: idk who this is\n|-supereffective|p2a: idk who this is\n|-damage|p2a: idk who this is|24\/100\n|\n|upkeep\n|turn|16\n|\n|t:|1699967703\n|-terastallize|p2a: idk who this is|Dark\n|move|p1a: Venusaur|Earth Power|p2a: idk who this is\n|-damage|p2a: idk who this is|7\/100\n|move|p2a: idk who this is|Recover|p2a: idk who this is\n|-heal|p2a: idk who this is|58\/100\n|\n|-end|p1a: Venusaur|move: Future Sight\n|-supereffective|p1a: Venusaur\n|-damage|p1a: Venusaur|36\/100\n|upkeep\n|turn|17\n|l| Beesling\n|\n|t:|1699967714\n|move|p1a: Venusaur|Leech Seed|p2a: idk who this is\n|-start|p2a: idk who this is|move: Leech Seed\n|move|p2a: idk who this is|Earthquake|p1a: Venusaur\n|-crit|p1a: Venusaur\n|-damage|p1a: Venusaur|6\/100\n|\n|-damage|p2a: idk who this is|45\/100|[from] Leech Seed|[of] p1a: Venusaur\n|-heal|p1a: Venusaur|21\/100|[silent]\n|upkeep\n|turn|18\n|c|\u2606grass knot zygarde|bro come on bruhhh\n|\n|t:|1699967726\n|switch|p2a: ma|Magnezone|100\/100\n|move|p1a: Venusaur|Giga Drain|p2a: ma\n|-resisted|p2a: ma\n|-damage|p2a: ma|72\/100\n|-heal|p1a: Venusaur|33\/100|[from] drain|[of] p2a: ma\n|\n|upkeep\n|turn|19\n|\n|t:|1699967730\n|move|p2a: ma|Flash Cannon|p1a: Venusaur\n|-damage|p1a: Venusaur|0 fnt\n|faint|p1a: Venusaur\n|\n|upkeep\n|c|\u2606grass knot zygarde|finally\n|c|\u2606grass knot zygarde|gahhh damn\n|\n|t:|1699967739\n|switch|p1a: Scizor|Scizor, M|100\/100\n|-damage|p1a: Scizor|76\/100|[from] Spikes\n|-damage|p1a: Scizor|63\/100|[from] Stealth Rock\n|turn|20\n|j| Beesling\n|\n|t:|1699967743\n|switch|p2a: agony|Slowking, F|48\/100\n|move|p1a: Scizor|Defog|p2a: agony\n|-unboost|p2a: agony|evasion|1\n|-sideend|p1: DrippyDragapult|Spikes|[from] move: Defog|[of] p1a: Scizor\n|-sideend|p1: DrippyDragapult|Stealth Rock|[from] move: Defog|[of] p1a: Scizor\n|\n|upkeep\n|turn|21\n|\n|t:|1699967749\n|switch|p2a: idk who this is|Clodsire, F, tera:Dark|45\/100\n|move|p1a: Scizor|U-turn|p2a: idk who this is\n|-supereffective|p2a: idk who this is\n|-damage|p2a: idk who this is|0 fnt\n|faint|p2a: idk who this is\n|\n|t:|1699967756\n|switch|p1a: Landorus|Landorus-Therian, M|100\/100|[from] U-turn\n|\n|upkeep\n|\n|t:|1699967760\n|switch|p2a: agony|Slowking, F|81\/100\n|turn|22\n|\n|t:|1699967763\n|move|p1a: Landorus|U-turn|p2a: agony\n|-supereffective|p2a: agony\n|-crit|p2a: agony\n|-damage|p2a: agony|29\/100\n|\n|t:|1699967765\n|switch|p1a: Rotom|Rotom-Wash|100\/100|[from] U-turn\n|move|p2a: agony|Scald|p1a: Rotom\n|-resisted|p1a: Rotom\n|-damage|p1a: Rotom|86\/100\n|\n|-heal|p1a: Rotom|92\/100|[from] item: Leftovers\n|upkeep\n|turn|23\n|\n|t:|1699967774\n|switch|p2a: ma|Magnezone|72\/100\n|move|p1a: Rotom|Volt Switch|p2a: ma\n|-resisted|p2a: ma\n|-damage|p2a: ma|54\/100\n|\n|t:|1699967776\n|switch|p1a: Landorus|Landorus-Therian, M|100\/100|[from] Volt Switch\n|-ability|p1a: Landorus|Intimidate|boost\n|-unboost|p2a: ma|atk|1\n|\n|upkeep\n|turn|24\n|\n|t:|1699967781\n|switch|p2a: agony|Slowking, F|62\/100\n|move|p1a: Landorus|Earthquake|p2a: agony\n|-damage|p2a: agony|18\/100\n|\n|upkeep\n|turn|25\n|\n|t:|1699967786\n|move|p1a: Landorus|Knock Off|p2a: agony\n|-supereffective|p2a: agony\n|-damage|p2a: agony|0 fnt\n|-enditem|p2a: agony|Heavy-Duty Boots|[from] move: Knock Off|[of] p1a: Landorus\n|faint|p2a: agony\n|\n|upkeep\n|\n|t:|1699967788\n|switch|p2a: ma|Magnezone|54\/100\n|turn|26\n|\n|t:|1699967790\n|move|p2a: ma|Flash Cannon|p1a: Landorus\n|-damage|p1a: Landorus|48\/100\n|-unboost|p1a: Landorus|spd|1\n|move|p1a: Landorus|Earthquake|p2a: ma\n|-supereffective|p2a: ma\n|-damage|p2a: ma|0 fnt\n|faint|p2a: ma\n|\n|win|DrippyDragapult\n|c|\u2606grass knot zygarde|gg\n|c| Beesling|Xertingus i dont think you can bring it back no more\n|c|\u2606DrippyDragapult|Gg\n","uploadtime":1699967795,"views":11,"p1id":"drippydragapult","p2id":"grassknotzygarde","formatid":"gen9nationaldex","rating":0,"private":0,"password":""}