{"id":"gen9nationaldex-1991068713","p1":"shaoddong","p2":"biezouhaoma","format":"[Gen 9] National Dex","log":"|j|\u2606shaoddong\n|j|\u203dbiezouhaoma\n|t:|1700037827\n|gametype|singles\n|player|p1|shaoddong|dawn|1648\n|player|p2|biezouhaoma|bugcatcher-gen4dp|1779\n|teamsize|p1|6\n|teamsize|p2|6\n|gen|9\n|tier|[Gen 9] National Dex\n|rated|\n|rule|HP Percentage Mod: HP is shown in percentages\n|rule|Endless Battle Clause: Forcing endless battles is banned\n|rule|OHKO Clause: OHKO moves are banned\n|rule|Evasion Clause: Evasion abilities, items, and moves are banned\n|rule|Evasion Abilities Clause: Evasion abilities are banned\n|rule|Evasion Items Clause: Evasion items are banned\n|rule|Evasion Moves Clause: Evasion moves are banned\n|rule|Species Clause: Limit one of each Pok\u00e9mon\n|rule|Sleep Clause Mod: Limit one foe put to sleep\n|clearpoke\n|poke|p1|Venusaur, F|\n|poke|p1|Aegislash, M|\n|poke|p1|Garganacl, M|\n|poke|p1|Ogerpon-Wellspring, F|\n|poke|p1|Moltres|\n|poke|p1|Ursaluna, F|\n|poke|p2|Pelipper, F|\n|poke|p2|Barraskewda, M|\n|poke|p2|Garganacl, M|\n|poke|p2|Scizor, M|\n|poke|p2|Volcanion|\n|poke|p2|Iron Treads|\n|teampreview\n|inactive|Battle timer is ON: inactive players will automatically lose when time's up. (requested by biezouhaoma)\n|\n|t:|1700037843\n|start\n|switch|p1a: Venusaur|Venusaur, F, shiny|100\/100\n|switch|p2a: Iron Treads|Iron Treads|100\/100\n|turn|1\n|\n|t:|1700037849\n|detailschange|p1a: Venusaur|Venusaur-Mega, F, shiny\n|-mega|p1a: Venusaur|Venusaur|Venusaurite\n|move|p2a: Iron Treads|Stealth Rock|p1a: Venusaur\n|-sidestart|p1: shaoddong|move: Stealth Rock\n|move|p1a: Venusaur|Giga Drain|p2a: Iron Treads\n|-damage|p2a: Iron Treads|45\/100\n|\n|upkeep\n|turn|2\n|\n|t:|1700037857\n|-end|p2a: Iron Treads|Quark Drive|[silent]\n|switch|p2a: Scizor|Scizor, M|100\/100\n|move|p1a: Venusaur|Giga Drain|p2a: Scizor\n|-resisted|p2a: Scizor\n|-damage|p2a: Scizor|91\/100\n|\n|upkeep\n|turn|3\n|\n|t:|1700037868\n|switch|p1a: Moltres|Moltres, shiny|100\/100\n|detailschange|p2a: Scizor|Scizor-Mega, M\n|-mega|p2a: Scizor|Scizor|Scizorite\n|move|p2a: Scizor|U-turn|p1a: Moltres\n|-resisted|p1a: Moltres\n|-damage|p1a: Moltres|94\/100\n|\n|t:|1700037872\n|switch|p2a: Pelipper|Pelipper, F|100\/100|[from] U-turn\n|-weather|RainDance|[from] ability: Drizzle|[of] p2a: Pelipper\n|\n|-weather|RainDance|[upkeep]\n|upkeep\n|turn|4\n|\n|t:|1700037876\n|move|p1a: Moltres|U-turn|p2a: Pelipper\n|-resisted|p2a: Pelipper\n|-damage|p2a: Pelipper|95\/100\n|\n|t:|1700037883\n|switch|p1a: Venusaur|Venusaur-Mega, F, shiny|100\/100|[from] U-turn\n|-damage|p1a: Venusaur|88\/100|[from] Stealth Rock\n|move|p2a: Pelipper|U-turn|p1a: Venusaur\n|-damage|p1a: Venusaur|81\/100\n|\n|t:|1700037887\n|switch|p2a: Scizor|Scizor-Mega, M|91\/100|[from] U-turn\n|\n|-weather|RainDance|[upkeep]\n|upkeep\n|turn|5\n|\n|t:|1700037890\n|switch|p1a: Moltres|Moltres, shiny|94\/100\n|move|p2a: Scizor|U-turn|p1a: Moltres\n|-resisted|p1a: Moltres\n|-damage|p1a: Moltres|88\/100\n|\n|t:|1700037893\n|switch|p2a: Volcanion|Volcanion|100\/100|[from] U-turn\n|\n|-weather|RainDance|[upkeep]\n|upkeep\n|turn|6\n|inactive|shaoddong has 120 seconds left.\n|\n|t:|1700037929\n|switch|p1a: Ogerpon|Ogerpon-Wellspring, F|100\/100\n|-damage|p1a: Ogerpon|88\/100|[from] Stealth Rock\n|move|p2a: Volcanion|Sludge Bomb|p1a: Ogerpon\n|-supereffective|p1a: Ogerpon\n|-damage|p1a: Ogerpon|0 fnt\n|faint|p1a: Ogerpon\n|\n|-weather|RainDance|[upkeep]\n|upkeep\n|\n|t:|1700037942\n|switch|p1a: Venusaur|Venusaur-Mega, F, shiny|81\/100\n|-damage|p1a: Venusaur|68\/100|[from] Stealth Rock\n|turn|7\n|\n|t:|1700037946\n|switch|p2a: Scizor|Scizor-Mega, M|91\/100\n|switch|p1a: Moltres|Moltres, shiny|88\/100\n|\n|-weather|RainDance|[upkeep]\n|upkeep\n|turn|8\n|\n|t:|1700037951\n|move|p1a: Moltres|Defog|p2a: Scizor\n|-unboost|p2a: Scizor|evasion|1\n|-sideend|p1: shaoddong|Stealth Rock|[from] move: Defog|[of] p1a: Moltres\n|move|p2a: Scizor|U-turn|p1a: Moltres\n|-resisted|p1a: Moltres\n|-damage|p1a: Moltres|82\/100\n|\n|t:|1700037953\n|switch|p2a: Volcanion|Volcanion|100\/100|[from] U-turn\n|\n|-weather|RainDance|[upkeep]\n|upkeep\n|turn|9\n|j| cheese miestro\n|\n|t:|1700037972\n|switch|p1a: Venusaur|Venusaur-Mega, F, shiny|68\/100\n|-terastallize|p2a: Volcanion|Water\n|move|p2a: Volcanion|Steam Eruption|p1a: Venusaur\n|-resisted|p1a: Venusaur\n|-damage|p1a: Venusaur|0 fnt\n|faint|p1a: Venusaur\n|\n|-weather|RainDance|[upkeep]\n|upkeep\n|\n|t:|1700037979\n|switch|p1a: Moltres|Moltres, shiny|82\/100\n|turn|10\n|\n|t:|1700037983\n|-terastallize|p1a: Moltres|Water\n|move|p2a: Volcanion|Steam Eruption|p1a: Moltres\n|-resisted|p1a: Moltres\n|-damage|p1a: Moltres|0 fnt\n|faint|p1a: Moltres\n|\n|-weather|none\n|upkeep\n|j| Nomer16\n|-message|shaoddong forfeited.\n|\n|win|biezouhaoma\n|raw|shaoddong's rating: 1648 &rarr; <strong>1635<\/strong><br \/>(-13 for losing)\n|raw|biezouhaoma's rating: 1779 &rarr; <strong>1792<\/strong><br \/>(+13 for winning)\n|l|\u2606shaoddong\n","uploadtime":1700037999,"views":7,"p1id":"shaoddong","p2id":"biezouhaoma","formatid":"gen9nationaldex","rating":1635,"private":0,"password":""}