{"id":"gen9nationaldex-1999837684","p1":"kromydas","p2":"Hahaboii","format":"[Gen 9] National Dex","log":"|html|<div class=\"broadcast-blue\"><strong>[Gen 9] National Dex is currently suspecting Sneasler! For information on how to participate check out the <a href=\"https:\/\/www.smogon.com\/forums\/threads\/sv-national-dex-suspect-8-just-dance.3731534\/\">suspect thread<\/a>.<\/strong><\/div>\n|j|\u203dkromydas\n|j|\u2606Hahaboii\n|t:|1701121415\n|gametype|singles\n|player|p1|kromydas|alec-anime|1122\n|player|p2|Hahaboii|hilbert|1033\n|teamsize|p1|6\n|teamsize|p2|6\n|gen|9\n|tier|[Gen 9] National Dex\n|rated|\n|rule|HP Percentage Mod: HP is shown in percentages\n|rule|Endless Battle Clause: Forcing endless battles is banned\n|rule|OHKO Clause: OHKO moves are banned\n|rule|Evasion Clause: Evasion abilities, items, and moves are banned\n|rule|Evasion Abilities Clause: Evasion abilities are banned\n|rule|Evasion Items Clause: Evasion items are banned\n|rule|Evasion Moves Clause: Evasion moves are banned\n|rule|Species Clause: Limit one of each Pok\u00e9mon\n|rule|Sleep Clause Mod: Limit one foe put to sleep\n|clearpoke\n|poke|p1|Greninja-*, M|\n|poke|p1|Sharpedo, F|\n|poke|p1|Weavile, F|\n|poke|p1|Samurott-Hisui, M|\n|poke|p1|Meowscarada, F|\n|poke|p1|Malamar, F|\n|poke|p2|Umbreon, M|\n|poke|p2|Dragonite, F|\n|poke|p2|Venusaur, M|\n|poke|p2|Rotom-Wash|\n|poke|p2|Ceruledge, M|\n|poke|p2|Aggron, M|\n|teampreview\n|\n|t:|1701121425\n|start\n|switch|p1a: Malamar|Malamar, F|100\/100\n|switch|p2a: Washi|Rotom-Wash|100\/100\n|turn|1\n|\n|t:|1701121459\n|move|p2a: Washi|Will-O-Wisp|p1a: Malamar\n|-status|p1a: Malamar|brn\n|move|p1a: Malamar|Acupressure|p1a: Malamar\n|-boost|p1a: Malamar|evasion|2\n|\n|-damage|p1a: Malamar|94\/100 brn|[from] brn\n|upkeep\n|turn|2\n|\n|t:|1701121469\n|switch|p2a: Ignite|Aggron, M|100\/100\n|move|p1a: Malamar|Acupressure|p1a: Malamar\n|-boost|p1a: Malamar|spd|2\n|\n|-damage|p1a: Malamar|88\/100 brn|[from] brn\n|upkeep\n|turn|3\n|\n|t:|1701121477\n|move|p1a: Malamar|Acupressure|p1a: Malamar\n|-boost|p1a: Malamar|spe|2\n|move|p2a: Ignite|Hone Claws|p2a: Ignite\n|-boost|p2a: Ignite|atk|1\n|-boost|p2a: Ignite|accuracy|1\n|\n|-damage|p1a: Malamar|82\/100 brn|[from] brn\n|upkeep\n|turn|4\n|\n|t:|1701121485\n|move|p1a: Malamar|Acupressure|p1a: Malamar\n|-boost|p1a: Malamar|accuracy|2\n|move|p2a: Ignite|Head Smash|p1a: Malamar|[miss]\n|-miss|p2a: Ignite|p1a: Malamar\n|\n|-damage|p1a: Malamar|76\/100 brn|[from] brn\n|upkeep\n|turn|5\n|c|\u2606Hahaboii|How I miss with 106 accuracy lmfao\n|\n|t:|1701121512\n|move|p1a: Malamar|Acupressure|p1a: Malamar\n|-boost|p1a: Malamar|atk|2\n|move|p2a: Ignite|Head Smash|p1a: Malamar\n|-damage|p1a: Malamar|0 fnt\n|faint|p1a: Malamar\n|\n|upkeep\n|\n|t:|1701121569\n|switch|p1a: Greninja|Greninja, M|100\/100\n|turn|6\n|\n|t:|1701121574\n|switch|p2a: Ptah|Venusaur, M|100\/100\n|-terastallize|p1a: Greninja|Water\n|move|p1a: Greninja|Water Shuriken|p2a: Ptah\n|-resisted|p2a: Ptah\n|-damage|p2a: Ptah|96\/100\n|-resisted|p2a: Ptah\n|-damage|p2a: Ptah|91\/100\n|-resisted|p2a: Ptah\n|-damage|p2a: Ptah|85\/100\n|-resisted|p2a: Ptah\n|-damage|p2a: Ptah|80\/100\n|-resisted|p2a: Ptah\n|-crit|p2a: Ptah\n|-damage|p2a: Ptah|72\/100\n|-hitcount|p2a: Ptah|5\n|\n|upkeep\n|turn|7\n|\n|t:|1701121589\n|detailschange|p2a: Ptah|Venusaur-Mega, M\n|-mega|p2a: Ptah|Venusaur|Venusaurite\n|move|p1a: Greninja|Ice Beam|p2a: Ptah\n|-supereffective|p2a: Ptah\n|-damage|p2a: Ptah|49\/100\n|move|p2a: Ptah|Giga Drain|p1a: Greninja\n|-supereffective|p1a: Greninja\n|-damage|p1a: Greninja|0 fnt\n|-heal|p2a: Ptah|96\/100|[from] drain|[of] p1a: Greninja\n|faint|p1a: Greninja\n|\n|upkeep\n|\n|t:|1701121597\n|switch|p1a: Weavile|Weavile, F|100\/100\n|turn|8\n|\n|t:|1701121602\n|switch|p2a: Ignite|Aggron, M|100\/100\n|move|p1a: Weavile|Fake Out|p2a: Ignite\n|-resisted|p2a: Ignite\n|-damage|p2a: Ignite|98\/100\n|\n|upkeep\n|turn|9\n|\n|t:|1701121609\n|move|p1a: Weavile|Triple Axel|p2a: Ignite\n|-resisted|p2a: Ignite\n|-damage|p2a: Ignite|95\/100\n|-resisted|p2a: Ignite\n|-damage|p2a: Ignite|89\/100\n|-resisted|p2a: Ignite\n|-damage|p2a: Ignite|78\/100\n|-hitcount|p2a: Ignite|3\n|move|p2a: Ignite|Head Smash|p1a: Weavile\n|-supereffective|p1a: Weavile\n|-damage|p1a: Weavile|0 fnt\n|faint|p1a: Weavile\n|\n|upkeep\n|\n|t:|1701121619\n|switch|p1a: Samurott|Samurott-Hisui, M|100\/100\n|turn|10\n|\n|t:|1701121624\n|switch|p2a: Ptah|Venusaur-Mega, M|96\/100\n|move|p1a: Samurott|Aqua Cutter|p2a: Ptah\n|-resisted|p2a: Ptah\n|-damage|p2a: Ptah|77\/100\n|\n|upkeep\n|turn|11\n|\n|t:|1701121631\n|switch|p1a: Meowscarada|Meowscarada, F|100\/100\n|move|p2a: Ptah|Giga Drain|p1a: Meowscarada\n|-resisted|p1a: Meowscarada\n|-damage|p1a: Meowscarada|68\/100\n|-heal|p2a: Ptah|93\/100|[from] drain|[of] p1a: Meowscarada\n|\n|upkeep\n|turn|12\n|\n|t:|1701121644\n|move|p1a: Meowscarada|Acrobatics|p2a: Ptah\n|-start|p1a: Meowscarada|typechange|Flying|[from] ability: Protean\n|-supereffective|p2a: Ptah\n|-damage|p2a: Ptah|48\/100\n|move|p2a: Ptah|Sludge Bomb|p1a: Meowscarada\n|-damage|p1a: Meowscarada|0 fnt\n|faint|p1a: Meowscarada\n|\n|upkeep\n|\n|t:|1701121652\n|switch|p1a: Samurott|Samurott-Hisui, M|100\/100\n|turn|13\n|\n|t:|1701121657\n|move|p1a: Samurott|Sacred Sword|p2a: Ptah\n|-resisted|p2a: Ptah\n|-damage|p2a: Ptah|30\/100\n|move|p2a: Ptah|Giga Drain|p1a: Samurott\n|-supereffective|p1a: Samurott\n|-crit|p1a: Samurott\n|-damage|p1a: Samurott|0 fnt\n|-heal|p2a: Ptah|83\/100|[from] drain|[of] p1a: Samurott\n|faint|p1a: Samurott\n|\n|upkeep\n|\n|t:|1701121662\n|switch|p1a: Sharpedo|Sharpedo, F|100\/100\n|turn|14\n|\n|t:|1701121669\n|detailschange|p1a: Sharpedo|Sharpedo-Mega, F\n|-mega|p1a: Sharpedo|Sharpedo|Sharpedonite\n|move|p1a: Sharpedo|Protect|p1a: Sharpedo\n|-singleturn|p1a: Sharpedo|Protect\n|move|p2a: Ptah|Giga Drain|p1a: Sharpedo\n|-activate|p1a: Sharpedo|move: Protect\n|\n|upkeep\n|turn|15\n|\n|t:|1701121690\n|move|p1a: Sharpedo|Psychic Fangs|p2a: Ptah\n|-supereffective|p2a: Ptah\n|-damage|p2a: Ptah|0 fnt\n|faint|p2a: Ptah\n|\n|upkeep\n|\n|t:|1701121698\n|switch|p2a: Washi|Rotom-Wash|100\/100\n|turn|16\n|\n|t:|1701121703\n|move|p1a: Sharpedo|Crunch|p2a: Washi\n|-damage|p2a: Washi|3\/100\n|-unboost|p2a: Washi|def|1\n|move|p2a: Washi|Will-O-Wisp|p1a: Sharpedo\n|-status|p1a: Sharpedo|brn\n|\n|-damage|p1a: Sharpedo|94\/100 brn|[from] brn\n|upkeep\n|turn|17\n|-message|kromydas forfeited.\n|\n|win|Hahaboii\n|raw|kromydas's rating: 1122 &rarr; <strong>1091<\/strong><br \/>(-31 for losing)\n|raw|Hahaboii's rating: 1033 &rarr; <strong>1077<\/strong><br \/>(+44 for winning)\n|l|\u203dkromydas\n","uploadtime":1701121713,"views":1,"p1id":"kromydas","p2id":"hahaboii","formatid":"gen9nationaldex","rating":1077,"private":0,"password":""}