{"id":"gen9nationaldex-1992443577","p1":"Maxer59","p2":"NKGAMES012","format":"[Gen 9] National Dex","log":"|j|\u2606Maxer59\n|j|\u2606NKGAMES012\n|t:|1700188248\n|gametype|singles\n|player|p1|Maxer59|lucas|1136\n|player|p2|NKGAMES012|backpackerf|1176\n|teamsize|p1|6\n|teamsize|p2|6\n|gen|9\n|tier|[Gen 9] National Dex\n|rated|\n|rule|HP Percentage Mod: HP is shown in percentages\n|rule|Endless Battle Clause: Forcing endless battles is banned\n|rule|OHKO Clause: OHKO moves are banned\n|rule|Evasion Clause: Evasion abilities, items, and moves are banned\n|rule|Evasion Abilities Clause: Evasion abilities are banned\n|rule|Evasion Items Clause: Evasion items are banned\n|rule|Evasion Moves Clause: Evasion moves are banned\n|rule|Species Clause: Limit one of each Pok\u00e9mon\n|rule|Sleep Clause Mod: Limit one foe put to sleep\n|clearpoke\n|poke|p1|Aerodactyl, F|\n|poke|p1|Ariados, M|\n|poke|p1|Golisopod, M|\n|poke|p1|Bouffalant, M|\n|poke|p1|Komala, M|\n|poke|p1|Camerupt, F|\n|poke|p2|Golem-Alola, F|\n|poke|p2|Cloyster, M|\n|poke|p2|Garchomp, M|\n|poke|p2|Wooper-Paldea, M|\n|poke|p2|Rillaboom, M|\n|poke|p2|Alakazam, F|\n|teampreview\n|inactive|Battle timer is ON: inactive players will automatically lose when time's up. (requested by Maxer59)\n|\n|t:|1700188260\n|start\n|switch|p1a: Ariados|Ariados, M|100\/100\n|switch|p2a: Golem|Golem-Alola, F|100\/100\n|turn|1\n|\n|t:|1700188268\n|move|p1a: Ariados|Sticky Web|p2a: Golem\n|-sidestart|p2: NKGAMES012|move: Sticky Web\n|move|p2a: Golem|Fire Punch|p1a: Ariados\n|-supereffective|p1a: Ariados\n|-damage|p1a: Ariados|22\/100\n|\n|upkeep\n|turn|2\n|\n|t:|1700188277\n|move|p1a: Ariados|Leech Life|p2a: Golem\n|-damage|p2a: Golem|58\/100\n|-heal|p1a: Ariados|44\/100|[from] drain|[of] p2a: Golem\n|move|p2a: Golem|Fire Punch|p1a: Ariados\n|-supereffective|p1a: Ariados\n|-damage|p1a: Ariados|0 fnt\n|faint|p1a: Ariados\n|\n|upkeep\n|\n|t:|1700188292\n|switch|p1a: Komala|Komala, M|100\/100\n|-ability|p1a: Komala|Comatose\n|turn|3\n|\n|t:|1700188297\n|move|p1a: Komala|Earthquake|p2a: Golem\n|-supereffective|p2a: Golem\n|-damage|p2a: Golem|0 fnt\n|faint|p2a: Golem\n|\n|upkeep\n|\n|t:|1700188308\n|switch|p2a: Garchomp|Garchomp, M|100\/100\n|-activate|p2a: Garchomp|move: Sticky Web\n|-unboost|p2a: Garchomp|spe|1\n|turn|4\n|\n|t:|1700188318\n|switch|p1a: Golisopod|Golisopod, M|100\/100\n|move|p2a: Garchomp|Breaking Swipe|p1a: Golisopod\n|-damage|p1a: Golisopod|80\/100\n|-unboost|p1a: Golisopod|atk|1\n|\n|upkeep\n|turn|5\n|\n|t:|1700188331\n|-terastallize|p2a: Garchomp|Dragon\n|move|p2a: Garchomp|Breaking Swipe|p1a: Golisopod\n|-damage|p1a: Golisopod|54\/100\n|-unboost|p1a: Golisopod|atk|1\n|move|p1a: Golisopod|Razor Shell|p2a: Garchomp\n|-resisted|p2a: Garchomp\n|-crit|p2a: Garchomp\n|-damage|p2a: Garchomp|84\/100\n|-damage|p1a: Golisopod|41\/100|[from] ability: Rough Skin|[of] p2a: Garchomp\n|-activate|p1a: Golisopod|ability: Emergency Exit\n|\n|t:|1700188341\n|switch|p1a: Aerodactyl|Aerodactyl, F|100\/100\n|\n|-heal|p2a: Garchomp|90\/100|[from] item: Leftovers\n|upkeep\n|turn|6\n|\n|t:|1700188347\n|-terastallize|p1a: Aerodactyl|Normal\n|move|p1a: Aerodactyl|Double-Edge|p2a: Garchomp\n|-damage|p2a: Garchomp|53\/100\n|-damage|p1a: Aerodactyl|88\/100|[from] ability: Rough Skin|[of] p2a: Garchomp\n|move|p2a: Garchomp|Breaking Swipe|p1a: Aerodactyl\n|-damage|p1a: Aerodactyl|35\/100\n|-unboost|p1a: Aerodactyl|atk|1\n|\n|-heal|p2a: Garchomp|60\/100|[from] item: Leftovers\n|upkeep\n|turn|7\n|\n|t:|1700188358\n|move|p1a: Aerodactyl|Double-Edge|p2a: Garchomp\n|-damage|p2a: Garchomp|36\/100\n|-damage|p1a: Aerodactyl|23\/100|[from] ability: Rough Skin|[of] p2a: Garchomp\n|move|p2a: Garchomp|Breaking Swipe|p1a: Aerodactyl\n|-damage|p1a: Aerodactyl|0 fnt\n|faint|p1a: Aerodactyl\n|\n|-heal|p2a: Garchomp|43\/100|[from] item: Leftovers\n|upkeep\n|\n|t:|1700188364\n|switch|p1a: Bouffalant|Bouffalant, M|100\/100\n|turn|8\n|\n|t:|1700188369\n|move|p1a: Bouffalant|Head Charge|p2a: Garchomp\n|-damage|p2a: Garchomp|0 fnt\n|-damage|p1a: Bouffalant|88\/100|[from] ability: Rough Skin|[of] p2a: Garchomp\n|faint|p2a: Garchomp\n|-damage|p1a: Bouffalant|77\/100|[from] Recoil\n|\n|upkeep\n|\n|t:|1700188381\n|switch|p2a: Cloyster|Cloyster, M|100\/100\n|-activate|p2a: Cloyster|move: Sticky Web\n|-unboost|p2a: Cloyster|spe|1\n|turn|9\n|\n|t:|1700188390\n|move|p2a: Cloyster|Shell Smash|p2a: Cloyster\n|-unboost|p2a: Cloyster|def|1\n|-unboost|p2a: Cloyster|spd|1\n|-boost|p2a: Cloyster|atk|2\n|-boost|p2a: Cloyster|spa|2\n|-boost|p2a: Cloyster|spe|2\n|move|p1a: Bouffalant|Head Charge|p2a: Cloyster\n|-enditem|p2a: Cloyster|Focus Sash\n|-damage|p2a: Cloyster|1\/100\n|-damage|p1a: Bouffalant|62\/100|[from] Recoil\n|\n|upkeep\n|turn|10\n|\n|t:|1700188401\n|switch|p1a: Komala|Komala, M|100\/100\n|-ability|p1a: Komala|Comatose\n|move|p2a: Cloyster|Icicle Spear|p1a: Komala\n|-damage|p1a: Komala|71\/100\n|-damage|p1a: Komala|43\/100\n|-damage|p1a: Komala|13\/100\n|-damage|p1a: Komala|0 fnt\n|faint|p1a: Komala\n|-hitcount|p1: Komala|4\n|\n|upkeep\n|\n|t:|1700188404\n|switch|p1a: Golisopod|Golisopod, M|41\/100\n|turn|11\n|\n|t:|1700188416\n|move|p1a: Golisopod|First Impression|p2a: Cloyster\n|-damage|p2a: Cloyster|0 fnt\n|faint|p2a: Cloyster\n|\n|upkeep\n|\n|t:|1700188425\n|switch|p2a: Wooper|Wooper-Paldea, M|100\/100\n|-activate|p2a: Wooper|move: Sticky Web\n|-unboost|p2a: Wooper|spe|1\n|turn|12\n|\n|t:|1700188431\n|move|p1a: Golisopod|Knock Off|p2a: Wooper\n|-damage|p2a: Wooper|72\/100\n|-enditem|p2a: Wooper|Eviolite|[from] move: Knock Off|[of] p1a: Golisopod\n|move|p2a: Wooper|Counter|p1a: Golisopod\n|-damage|p1a: Golisopod|0 fnt\n|faint|p1a: Golisopod\n|\n|upkeep\n|\n|t:|1700188441\n|switch|p1a: Bouffalant|Bouffalant, M|62\/100\n|turn|13\n|\n|t:|1700188446\n|move|p1a: Bouffalant|Head Charge|p2a: Wooper\n|-damage|p2a: Wooper|0 fnt\n|faint|p2a: Wooper\n|-damage|p1a: Bouffalant|47\/100|[from] Recoil\n|\n|upkeep\n|\n|t:|1700188458\n|switch|p2a: Rillaboom|Rillaboom, M|100\/100\n|-activate|p2a: Rillaboom|move: Sticky Web\n|-unboost|p2a: Rillaboom|spe|1\n|-fieldstart|move: Grassy Terrain|[from] ability: Grassy Surge|[of] p2a: Rillaboom\n|turn|14\n|\n|t:|1700188466\n|move|p2a: Rillaboom|Grassy Glide|p1a: Bouffalant\n|-damage|p1a: Bouffalant|11\/100\n|-damage|p2a: Rillaboom|91\/100|[from] item: Life Orb\n|move|p1a: Bouffalant|Head Charge|p2a: Rillaboom\n|-damage|p2a: Rillaboom|0 fnt\n|faint|p2a: Rillaboom\n|-damage|p1a: Bouffalant|0 fnt|[from] Recoil\n|faint|p1a: Bouffalant\n|\n|upkeep\n|\n|t:|1700188476\n|switch|p2a: Alakazam|Alakazam, F|100\/100\n|switch|p1a: Camerupt|Camerupt, F|100\/100\n|-activate|p2a: Alakazam|move: Sticky Web\n|-unboost|p2a: Alakazam|spe|1\n|turn|15\n|\n|t:|1700188484\n|detailschange|p1a: Camerupt|Camerupt-Mega, F\n|-mega|p1a: Camerupt|Camerupt|Cameruptite\n|move|p2a: Alakazam|Psychic|p1a: Camerupt\n|-damage|p1a: Camerupt|58\/100\n|move|p1a: Camerupt|Flare Blitz|p2a: Alakazam\n|-enditem|p2a: Alakazam|Focus Sash\n|-damage|p2a: Alakazam|1\/100\n|-damage|p1a: Camerupt|34\/100|[from] Recoil\n|\n|-heal|p2a: Alakazam|7\/100|[from] Grassy Terrain\n|-heal|p1a: Camerupt|40\/100|[from] Grassy Terrain\n|upkeep\n|turn|16\n|\n|t:|1700188495\n|move|p2a: Alakazam|Psychic|p1a: Camerupt\n|-damage|p1a: Camerupt|0 fnt\n|faint|p1a: Camerupt\n|\n|win|NKGAMES012\n|raw|Maxer59's rating: 1136 &rarr; <strong>1114<\/strong><br \/>(-22 for losing)\n|raw|NKGAMES012's rating: 1176 &rarr; <strong>1198<\/strong><br \/>(+22 for winning)\n","uploadtime":1700188499,"views":6,"p1id":"maxer59","p2id":"nkgames012","formatid":"gen9nationaldex","rating":1114,"private":0,"password":""}