{"id":"gen9nationaldex-1997473226","p1":"TikiTikiTa!","p2":"twiceer","format":"[Gen 9] National Dex","log":"|html|<div class=\"broadcast-blue\"><strong>[Gen 9] National Dex is currently suspecting Sneasler! For information on how to participate check out the <a href=\"https:\/\/www.smogon.com\/forums\/threads\/sv-national-dex-suspect-8-just-dance.3731534\/\">suspect thread<\/a>.<\/strong><\/div>\n|j|\u2606TikiTikiTa!\n|j|\u203dtwiceer\n|t:|1700811524\n|gametype|singles\n|player|p1|TikiTikiTa!|caitlin|1399\n|player|p2|twiceer|dawn|1371\n|teamsize|p1|6\n|teamsize|p2|6\n|gen|9\n|tier|[Gen 9] National Dex\n|rated|\n|rule|HP Percentage Mod: HP is shown in percentages\n|rule|Endless Battle Clause: Forcing endless battles is banned\n|rule|OHKO Clause: OHKO moves are banned\n|rule|Evasion Clause: Evasion abilities, items, and moves are banned\n|rule|Evasion Abilities Clause: Evasion abilities are banned\n|rule|Evasion Items Clause: Evasion items are banned\n|rule|Evasion Moves Clause: Evasion moves are banned\n|rule|Species Clause: Limit one of each Pok\u00e9mon\n|rule|Sleep Clause Mod: Limit one foe put to sleep\n|clearpoke\n|poke|p1|Ting-Lu|\n|poke|p1|Ogerpon-Wellspring, F|\n|poke|p1|Corviknight, M|\n|poke|p1|Iron Valiant|\n|poke|p1|Slowking-Galar, F|\n|poke|p1|Arctozolt|\n|poke|p2|Pelipper, M|\n|poke|p2|Barraskewda, M|\n|poke|p2|Tapu Lele|\n|poke|p2|Swampert, F|\n|poke|p2|Moltres|\n|poke|p2|Urshifu-*, M|\n|teampreview\n|c|\u2606TikiTikiTa!|world don't revolve around you girl you not the only one\n|\n|t:|1700811539\n|start\n|switch|p1a: Slowking|Slowking-Galar, F|100\/100\n|switch|p2a: Pelipper|Pelipper, M|100\/100\n|-weather|RainDance|[from] ability: Drizzle|[of] p2a: Pelipper\n|turn|1\n|\n|t:|1700811545\n|move|p2a: Pelipper|U-turn|p1a: Slowking\n|-crit|p1a: Slowking\n|-damage|p1a: Slowking|88\/100\n|\n|t:|1700811551\n|switch|p2a: Barraskewda|Barraskewda, M, shiny|100\/100|[from] U-turn\n|move|p1a: Slowking|Chilly Reception|p1a: Slowking\n|-weather|Snow\n|\n|t:|1700811555\n|switch|p1a: Arctozolt|Arctozolt|100\/100|[from] Chilly Reception\n|\n|-weather|Snow|[upkeep]\n|upkeep\n|turn|2\n|\n|t:|1700811572\n|switch|p2a: Moltres|Moltres|100\/100\n|move|p1a: Arctozolt|Icicle Spear|p2a: Moltres\n|-damage|p2a: Moltres|90\/100\n|-damage|p2a: Moltres|80\/100\n|-damage|p2a: Moltres|69\/100\n|-hitcount|p2a: Moltres|3\n|-damage|p1a: Arctozolt|91\/100|[from] item: Life Orb\n|\n|-weather|Snow|[upkeep]\n|upkeep\n|turn|3\n|\n|t:|1700811582\n|switch|p2a: Pelipper|Pelipper, M|100\/100\n|-weather|RainDance|[from] ability: Drizzle|[of] p2a: Pelipper\n|move|p1a: Arctozolt|Bolt Beak|p2a: Pelipper\n|-supereffective|p2a: Pelipper\n|-damage|p2a: Pelipper|0 fnt\n|faint|p2a: Pelipper\n|-damage|p1a: Arctozolt|81\/100|[from] item: Life Orb\n|\n|-weather|RainDance|[upkeep]\n|upkeep\n|\n|t:|1700811592\n|switch|p2a: Barraskewda|Barraskewda, M, shiny|100\/100\n|turn|4\n|c|\u2606TikiTikiTa!|W sacrifice\n|\n|t:|1700811597\n|switch|p1a: Ogerpon|Ogerpon-Wellspring, F|100\/100\n|move|p2a: Barraskewda|Close Combat|p1a: Ogerpon\n|-damage|p1a: Ogerpon|14\/100\n|-unboost|p2a: Barraskewda|def|1\n|-unboost|p2a: Barraskewda|spd|1\n|\n|-weather|RainDance|[upkeep]\n|upkeep\n|turn|5\n|\n|t:|1700811603\n|switch|p1a: Slowking|Slowking-Galar, F|88\/100\n|move|p2a: Barraskewda|Close Combat|p1a: Slowking\n|-resisted|p1a: Slowking\n|-damage|p1a: Slowking|70\/100\n|-unboost|p2a: Barraskewda|def|1\n|-unboost|p2a: Barraskewda|spd|1\n|\n|-weather|RainDance|[upkeep]\n|-heal|p1a: Slowking|76\/100|[from] item: Leftovers\n|upkeep\n|turn|6\n|\n|t:|1700811608\n|switch|p2a: Tapu Lele|Tapu Lele|100\/100\n|-fieldstart|move: Psychic Terrain|[from] ability: Psychic Surge|[of] p2a: Tapu Lele\n|move|p1a: Slowking|Chilly Reception|p1a: Slowking\n|-weather|Snow\n|\n|t:|1700811611\n|switch|p1a: Arctozolt|Arctozolt|81\/100|[from] Chilly Reception\n|\n|-weather|Snow|[upkeep]\n|upkeep\n|turn|7\n|\n|t:|1700811618\n|-terastallize|p1a: Arctozolt|Electric\n|move|p1a: Arctozolt|Bolt Beak|p2a: Tapu Lele\n|-damage|p2a: Tapu Lele|0 fnt\n|faint|p2a: Tapu Lele\n|-damage|p1a: Arctozolt|71\/100|[from] item: Life Orb\n|\n|-weather|Snow|[upkeep]\n|upkeep\n|-message|twiceer forfeited.\n|\n|win|TikiTikiTa!\n|raw|TikiTikiTa!'s rating: 1399 &rarr; <strong>1417<\/strong><br \/>(+18 for winning)\n|raw|twiceer's rating: 1371 &rarr; <strong>1353<\/strong><br \/>(-18 for losing)\n|l|\u203dtwiceer\n","uploadtime":1700811661,"views":4,"p1id":"tikitikita","p2id":"twiceer","formatid":"gen9nationaldex","rating":1353,"private":0,"password":""}