{"id":"gen9nationaldex-1988534613","p1":"Jor99fran","p2":"Cooltrainer Shin","format":"[Gen 9] National Dex","log":"|j|\u2606Jor99fran\n|j|\u2606Cooltrainer Shin\n|t:|1699733305\n|gametype|singles\n|player|p1|Jor99fran|266|\n|player|p2|Cooltrainer Shin|swimmerf-gen4|\n|teamsize|p1|6\n|teamsize|p2|6\n|gen|9\n|tier|[Gen 9] National Dex\n|rule|HP Percentage Mod: HP is shown in percentages\n|rule|Endless Battle Clause: Forcing endless battles is banned\n|rule|OHKO Clause: OHKO moves are banned\n|rule|Evasion Clause: Evasion abilities, items, and moves are banned\n|rule|Evasion Abilities Clause: Evasion abilities are banned\n|rule|Evasion Items Clause: Evasion items are banned\n|rule|Evasion Moves Clause: Evasion moves are banned\n|rule|Species Clause: Limit one of each Pok\u00e9mon\n|rule|Sleep Clause Mod: Limit one foe put to sleep\n|clearpoke\n|poke|p1|Zoroark-Hisui, M|\n|poke|p1|Mimikyu, M|\n|poke|p1|Froslass, F|\n|poke|p1|Ceruledge, F|\n|poke|p1|Mismagius, M|\n|poke|p1|Typhlosion-Hisui, M|\n|poke|p2|Ninetales-Alola, F|\n|poke|p2|Cloyster, F|\n|poke|p2|Cetitan, F|\n|poke|p2|Eiscue, M|\n|poke|p2|Mamoswine, F|\n|poke|p2|Silvally-*|\n|teampreview\n|\n|t:|1699733333\n|start\n|switch|p1a: Froslass|Froslass, F|100\/100\n|switch|p2a: Greed|Cloyster, F|100\/100\n|turn|1\n|c|\u2606Jor99fran|buena suerte\n|c|\u2606Cooltrainer Shin|Igualmente!\n|\n|t:|1699733346\n|move|p1a: Froslass|Spikes|p2a: Greed\n|-sidestart|p2: Cooltrainer Shin|Spikes\n|move|p2a: Greed|Spikes|p1a: Froslass\n|-sidestart|p1: Jor99fran|Spikes\n|\n|upkeep\n|turn|2\n|\n|t:|1699733355\n|move|p1a: Froslass|Spikes|p2a: Greed\n|-sidestart|p2: Cooltrainer Shin|Spikes\n|move|p2a: Greed|Surf|p1a: Froslass\n|-damage|p1a: Froslass|58\/100\n|\n|upkeep\n|turn|3\n|c|\u2606Jor99fran|misma estrategia\n|c|\u2606Jor99fran|xd\n|\n|t:|1699733360\n|move|p1a: Froslass|Taunt|p2a: Greed\n|-start|p2a: Greed|move: Taunt\n|cant|p2a: Greed|move: Taunt|Spikes\n|\n|upkeep\n|turn|4\n|\n|t:|1699733366\n|move|p1a: Froslass|Shadow Ball|p2a: Greed\n|-damage|p2a: Greed|36\/100\n|-unboost|p2a: Greed|spd|1\n|move|p2a: Greed|Surf|p1a: Froslass\n|-damage|p1a: Froslass|15\/100\n|\n|upkeep\n|turn|5\n|\n|t:|1699733376\n|move|p1a: Froslass|Shadow Ball|p2a: Greed\n|-damage|p2a: Greed|0 fnt\n|faint|p2a: Greed\n|\n|upkeep\n|\n|t:|1699733380\n|switch|p2a: Gluttony|Cetitan, F|100\/100\n|-damage|p2a: Gluttony|84\/100|[from] Spikes\n|turn|6\n|\n|t:|1699733386\n|move|p2a: Gluttony|Ice Shard|p1a: Froslass\n|-resisted|p1a: Froslass\n|-damage|p1a: Froslass|0 fnt\n|faint|p1a: Froslass\n|-damage|p2a: Gluttony|74\/100|[from] item: Life Orb\n|\n|upkeep\n|\n|t:|1699733394\n|switch|p1a: Mismagius|Mismagius, M|100\/100\n|turn|7\n|\n|t:|1699733414\n|move|p1a: Mismagius|Trick|p2a: Gluttony\n|-activate|p1a: Mismagius|move: Trick|[of] p2a: Gluttony\n|-item|p2a: Gluttony|Choice Scarf|[from] move: Trick\n|-item|p1a: Mismagius|Life Orb|[from] move: Trick\n|move|p2a: Gluttony|Icicle Crash|p1a: Mismagius\n|-damage|p1a: Mismagius|0 fnt\n|faint|p1a: Mismagius\n|\n|upkeep\n|\n|t:|1699733423\n|switch|p1a: Mimikyu|Mimikyu, M|100\/100\n|-damage|p1a: Mimikyu|88\/100|[from] Spikes\n|turn|8\n|\n|t:|1699733427\n|move|p1a: Mimikyu|Swords Dance|p1a: Mimikyu\n|-boost|p1a: Mimikyu|atk|2\n|move|p2a: Gluttony|Icicle Crash|p1a: Mimikyu\n|-activate|p1a: Mimikyu|ability: Disguise\n|-damage|p1a: Mimikyu|88\/100\n|detailschange|p1a: Mimikyu|Mimikyu-Busted, M\n|-damage|p1a: Mimikyu|76\/100|[from] pokemon: Mimikyu-Busted\n|\n|upkeep\n|turn|9\n|\n|t:|1699733436\n|move|p1a: Mimikyu|Play Rough|p2a: Gluttony\n|-damage|p2a: Gluttony|0 fnt\n|faint|p2a: Gluttony\n|-damage|p1a: Mimikyu|66\/100|[from] item: Life Orb\n|\n|upkeep\n|\n|t:|1699733444\n|switch|p2a: Lust|Ninetales-Alola, F|100\/100\n|-damage|p2a: Lust|84\/100|[from] Spikes\n|-weather|Snow|[from] ability: Snow Warning|[of] p2a: Lust\n|turn|10\n|c|\u2606Jor99fran|hum\n|\n|t:|1699733460\n|move|p2a: Lust|Encore|p1a: Mimikyu\n|-start|p1a: Mimikyu|Encore\n|move|p1a: Mimikyu|Play Rough|p2a: Lust\n|-damage|p2a: Lust|0 fnt\n|faint|p2a: Lust\n|-damage|p1a: Mimikyu|56\/100|[from] item: Life Orb\n|\n|-weather|Snow|[upkeep]\n|upkeep\n|\n|t:|1699733465\n|switch|p2a: Pride|Eiscue, M|100\/100\n|-damage|p2a: Pride|84\/100|[from] Spikes\n|turn|11\n|c|\u2606Jor99fran|que mal que no ten\u00eda la frostlass\n|c|\u2606Jor99fran|jaja\n|\n|t:|1699733479\n|move|p1a: Mimikyu|Play Rough|p2a: Pride\n|-activate|p2a: Pride|ability: Ice Face\n|-damage|p2a: Pride|84\/100\n|detailschange|p2a: Pride|Eiscue-Noice, M\n|-damage|p1a: Mimikyu|46\/100|[from] item: Life Orb\n|move|p2a: Pride|Belly Drum|p2a: Pride\n|-damage|p2a: Pride|34\/100\n|-setboost|p2a: Pride|atk|6|[from] move: Belly Drum\n|\n|-weather|Snow|[upkeep]\n|upkeep\n|turn|12\n|\n|t:|1699733513\n|move|p2a: Pride|Substitute|p2a: Pride\n|-start|p2a: Pride|Substitute\n|-damage|p2a: Pride|9\/100\n|-enditem|p2a: Pride|Salac Berry|[eat]\n|-boost|p2a: Pride|spe|1|[from] item: Salac Berry\n|move|p1a: Mimikyu|Play Rough|p2a: Pride\n|-end|p2a: Pride|Substitute\n|-damage|p1a: Mimikyu|36\/100|[from] item: Life Orb\n|\n|-weather|Snow|[upkeep]\n|-end|p1a: Mimikyu|Encore\n|upkeep\n|turn|13\n|\n|t:|1699733523\n|move|p1a: Mimikyu|Shadow Sneak|p2a: Pride\n|-damage|p2a: Pride|0 fnt\n|faint|p2a: Pride\n|-damage|p1a: Mimikyu|26\/100|[from] item: Life Orb\n|\n|-weather|Snow|[upkeep]\n|upkeep\n|c|\u2606Cooltrainer Shin|Sabia que era mala idea\n|c|\u2606Cooltrainer Shin|chale\n|c|\u2606Jor99fran|xd\n|\n|t:|1699733538\n|switch|p2a: Sloth|Mamoswine, F|100\/100\n|-damage|p2a: Sloth|84\/100|[from] Spikes\n|turn|14\n|c|\u2606Jor99fran|se nota lo tosco\n|c|\u2606Jor99fran|que no hab\u00edas estado hace mucho\n|\n|t:|1699733555\n|move|p2a: Sloth|Ice Shard|p1a: Mimikyu\n|-damage|p1a: Mimikyu|0 fnt\n|faint|p1a: Mimikyu\n|\n|-weather|Snow|[upkeep]\n|upkeep\n|c|\u2606Cooltrainer Shin|bruh\n|\n|t:|1699733560\n|switch|p1a: Ceruledge|Ceruledge, F|100\/100\n|-damage|p1a: Ceruledge|88\/100|[from] Spikes\n|turn|15\n|\n|t:|1699733574\n|move|p2a: Sloth|Ice Shard|p1a: Ceruledge\n|-damage|p1a: Ceruledge|14\/100\n|replace|p1a: Zoroark|Zoroark-Hisui, M\n|-end|p1a: Zoroark|Illusion\n|move|p1a: Zoroark|Flamethrower|p2a: Sloth\n|-supereffective|p2a: Sloth\n|-damage|p2a: Sloth|37\/100\n|\n|-weather|Snow|[upkeep]\n|upkeep\n|turn|16\n|c|\u2606Jor99fran|jeje\n|\n|t:|1699733585\n|move|p2a: Sloth|Ice Shard|p1a: Zoroark\n|-damage|p1a: Zoroark|0 fnt\n|faint|p1a: Zoroark\n|\n|-weather|Snow|[upkeep]\n|upkeep\n|\n|t:|1699733591\n|switch|p1a: Typhlosion|Typhlosion-Hisui, M|100\/100\n|-item|p2a: Sloth|Choice Band|[from] ability: Frisk|[of] p1a: Typhlosion|[identify]\n|turn|17\n|\n|t:|1699733603\n|-terastallize|p1a: Typhlosion|Fire\n|move|p2a: Sloth|Ice Shard|p1a: Typhlosion\n|-resisted|p1a: Typhlosion\n|-damage|p1a: Typhlosion|76\/100\n|move|p1a: Typhlosion|Fire Blast|p2a: Sloth\n|-supereffective|p2a: Sloth\n|-damage|p2a: Sloth|0 fnt\n|faint|p2a: Sloth\n|\n|-weather|none\n|upkeep\n|\n|t:|1699733612\n|switch|p2a: Silvally|Silvally-Ice|100\/100\n|-damage|p2a: Silvally|84\/100|[from] Spikes\n|turn|18\n|c|\u2606Jor99fran|se pod\u00eda con otras tera?\n|\n|t:|1699733647\n|-terastallize|p2a: Silvally|Fire\n|move|p1a: Typhlosion|Infernal Parade|p2a: Silvally\n|-damage|p2a: Silvally|49\/100\n|move|p2a: Silvally|Swords Dance|p2a: Silvally\n|-boost|p2a: Silvally|atk|2\n|\n|upkeep\n|turn|19\n|\n|t:|1699733654\n|move|p2a: Silvally|Flame Charge|p1a: Typhlosion\n|-resisted|p1a: Typhlosion\n|-damage|p1a: Typhlosion|40\/100\n|-boost|p2a: Silvally|spe|1\n|move|p1a: Typhlosion|Infernal Parade|p2a: Silvally\n|-damage|p2a: Silvally|18\/100\n|\n|upkeep\n|turn|20\n|\n|t:|1699733663\n|move|p2a: Silvally|Multi-Attack|p1a: Typhlosion\n|-resisted|p1a: Typhlosion\n|-damage|p1a: Typhlosion|0 fnt\n|faint|p1a: Typhlosion\n|\n|upkeep\n|\n|t:|1699733668\n|switch|p1a: Ceruledge|Ceruledge, F|100\/100\n|-damage|p1a: Ceruledge|88\/100|[from] Spikes\n|turn|21\n|\n|t:|1699733674\n|move|p1a: Ceruledge|Shadow Sneak|p2a: Silvally\n|-damage|p2a: Silvally|0 fnt\n|faint|p2a: Silvally\n|\n|win|Jor99fran\n|c|\u2606Jor99fran|gg\n|l|\u2606Cooltrainer Shin\n","uploadtime":1699733685,"views":14,"p1id":"jor99fran","p2id":"cooltrainershin","formatid":"gen9nationaldex","rating":0,"private":0,"password":""}