{"id":"gen9nationaldex-1990081038","p1":"oniryah","p2":"diasapacibles","format":"[Gen 9] National Dex","log":"|j|\u2606oniryah\n|j|\u2606diasapacibles\n|t:|1699922497\n|gametype|singles\n|player|p1|oniryah|giovanni|\n|player|p2|diasapacibles|bellelba|\n|teamsize|p1|6\n|teamsize|p2|6\n|gen|9\n|tier|[Gen 9] National Dex\n|rule|HP Percentage Mod: HP is shown in percentages\n|rule|Endless Battle Clause: Forcing endless battles is banned\n|rule|OHKO Clause: OHKO moves are banned\n|rule|Evasion Clause: Evasion abilities, items, and moves are banned\n|rule|Evasion Abilities Clause: Evasion abilities are banned\n|rule|Evasion Items Clause: Evasion items are banned\n|rule|Evasion Moves Clause: Evasion moves are banned\n|rule|Species Clause: Limit one of each Pok\u00e9mon\n|rule|Sleep Clause Mod: Limit one foe put to sleep\n|clearpoke\n|poke|p1|Aerodactyl, M|\n|poke|p1|Sandy Shocks|\n|poke|p1|Celesteela|\n|poke|p1|Absol, F|\n|poke|p1|Palossand, F|\n|poke|p1|Grimmsnarl, M|\n|poke|p2|Kartana|\n|poke|p2|Beedrill, F|\n|poke|p2|Sableye, M|\n|poke|p2|Iron Jugulis|\n|poke|p2|Goodra-Hisui, F|\n|poke|p2|Hatterene, F|\n|teampreview\n|\n|t:|1699922513\n|start\n|switch|p1a: Celesteela|Celesteela, shiny|100\/100\n|switch|p2a: Queen B|Goodra-Hisui, F|100\/100\n|turn|1\n|\n|t:|1699922527\n|move|p1a: Celesteela|Flamethrower|p2a: Queen B\n|-damage|p2a: Queen B|84\/100\n|move|p2a: Queen B|Thunderbolt|p1a: Celesteela\n|-supereffective|p1a: Celesteela\n|-damage|p1a: Celesteela|72\/100\n|\n|upkeep\n|turn|2\n|\n|t:|1699922541\n|switch|p1a: Palossand|Palossand, F, shiny|100\/100\n|move|p2a: Queen B|Thunderbolt|p1a: Palossand\n|-immune|p1a: Palossand\n|\n|upkeep\n|turn|3\n|\n|t:|1699922554\n|move|p2a: Queen B|Ice Spinner|p1a: Palossand\n|-supereffective|p1a: Palossand\n|-damage|p1a: Palossand|71\/100\n|move|p1a: Palossand|Stealth Rock|p2a: Queen B\n|-sidestart|p2: diasapacibles|move: Stealth Rock\n|\n|upkeep\n|turn|4\n|\n|t:|1699922571\n|switch|p2a: Sableye|Sableye, M|100\/100\n|-damage|p2a: Sableye|88\/100|[from] Stealth Rock\n|move|p1a: Palossand|Sandstorm|p1a: Palossand\n|-weather|Sandstorm\n|\n|-weather|Sandstorm|[upkeep]\n|-damage|p2a: Sableye|82\/100|[from] Sandstorm\n|-heal|p2a: Sableye|88\/100|[from] item: Leftovers\n|upkeep\n|turn|5\n|\n|t:|1699922592\n|move|p2a: Sableye|Encore|p1a: Palossand\n|-start|p1a: Palossand|Encore\n|move|p1a: Palossand|Sandstorm||[still]\n|-fail|p1a: Palossand\n|\n|-weather|Sandstorm|[upkeep]\n|-damage|p2a: Sableye|82\/100|[from] Sandstorm\n|-heal|p2a: Sableye|88\/100|[from] item: Leftovers\n|upkeep\n|turn|6\n|\n|t:|1699922609\n|switch|p1a: World crusher|Grimmsnarl, M, shiny|100\/100\n|move|p2a: Sableye|Bulk Up|p2a: Sableye\n|-boost|p2a: Sableye|atk|1\n|-boost|p2a: Sableye|def|1\n|\n|-weather|Sandstorm|[upkeep]\n|-damage|p1a: World crusher|94\/100|[from] Sandstorm\n|-damage|p2a: Sableye|82\/100|[from] Sandstorm\n|-heal|p2a: Sableye|88\/100|[from] item: Leftovers\n|upkeep\n|turn|7\n|\n|t:|1699922623\n|move|p2a: Sableye|Bulk Up|p2a: Sableye\n|-boost|p2a: Sableye|atk|1\n|-boost|p2a: Sableye|def|1\n|move|p1a: World crusher|Leech Life|p2a: Sableye\n|-damage|p2a: Sableye|69\/100\n|-heal|p1a: World crusher|100\/100|[from] drain|[of] p2a: Sableye\n|\n|-weather|Sandstorm|[upkeep]\n|-damage|p1a: World crusher|94\/100|[from] Sandstorm\n|-damage|p2a: Sableye|62\/100|[from] Sandstorm\n|-heal|p2a: Sableye|69\/100|[from] item: Leftovers\n|upkeep\n|turn|8\n|\n|t:|1699922640\n|switch|p1a: Erinia|Absol, F|100\/100\n|move|p2a: Sableye|Encore|p1a: Erinia\n|-hint|Since gen 7, Dark is immune to Prankster moves.\n|-immune|p1a: Erinia\n|\n|-weather|Sandstorm|[upkeep]\n|-damage|p1a: Erinia|95\/100|[from] Sandstorm\n|-damage|p2a: Sableye|62\/100|[from] Sandstorm\n|-heal|p2a: Sableye|69\/100|[from] item: Leftovers\n|upkeep\n|turn|9\n|\n|t:|1699922650\n|move|p2a: Sableye|Bulk Up|p2a: Sableye\n|-boost|p2a: Sableye|atk|1\n|-boost|p2a: Sableye|def|1\n|move|p1a: Erinia|Taunt|p2a: Sableye\n|-start|p2a: Sableye|move: Taunt\n|\n|-weather|Sandstorm|[upkeep]\n|-damage|p1a: Erinia|89\/100|[from] Sandstorm\n|-damage|p2a: Sableye|62\/100|[from] Sandstorm\n|-heal|p2a: Sableye|69\/100|[from] item: Leftovers\n|upkeep\n|turn|10\n|\n|t:|1699922674\n|move|p2a: Sableye|Shadow Sneak|p1a: Erinia\n|-resisted|p1a: Erinia\n|-damage|p1a: Erinia|62\/100\n|move|p1a: Erinia|Thunderbolt|p2a: Sableye\n|-crit|p2a: Sableye\n|-damage|p2a: Sableye|22\/100\n|-status|p2a: Sableye|par\n|\n|-weather|Sandstorm|[upkeep]\n|-damage|p1a: Erinia|56\/100|[from] Sandstorm\n|-damage|p2a: Sableye|16\/100 par|[from] Sandstorm\n|-heal|p2a: Sableye|22\/100 par|[from] item: Leftovers\n|upkeep\n|turn|11\n|\n|t:|1699922687\n|move|p2a: Sableye|Shadow Sneak|p1a: Erinia\n|-resisted|p1a: Erinia\n|-damage|p1a: Erinia|31\/100\n|move|p1a: Erinia|Thunderbolt|p2a: Sableye\n|-damage|p2a: Sableye|0 fnt\n|faint|p2a: Sableye\n|\n|-weather|none\n|upkeep\n|\n|t:|1699922696\n|switch|p2a: Beedrill|Beedrill, F|100\/100\n|-damage|p2a: Beedrill|76\/100|[from] Stealth Rock\n|turn|12\n|\n|t:|1699922701\n|detailschange|p2a: Beedrill|Beedrill-Mega, F\n|-mega|p2a: Beedrill|Beedrill|Beedrillite\n|move|p2a: Beedrill|Protect|p2a: Beedrill\n|-singleturn|p2a: Beedrill|Protect\n|move|p1a: Erinia|Flamethrower|p2a: Beedrill\n|-activate|p2a: Beedrill|move: Protect\n|\n|upkeep\n|turn|13\n|\n|t:|1699922713\n|move|p2a: Beedrill|Fell Stinger|p1a: Erinia\n|-supereffective|p1a: Erinia\n|-damage|p1a: Erinia|0 fnt\n|faint|p1a: Erinia\n|-boost|p2a: Beedrill|atk|3\n|\n|upkeep\n|\n|t:|1699922722\n|switch|p1a: Aerodactyl|Aerodactyl, M, shiny|100\/100\n|turn|14\n|\n|t:|1699922728\n|detailschange|p1a: Aerodactyl|Aerodactyl-Mega, M, shiny\n|-mega|p1a: Aerodactyl|Aerodactyl|Aerodactylite\n|move|p2a: Beedrill|Poison Jab|p1a: Aerodactyl\n|-resisted|p1a: Aerodactyl\n|-damage|p1a: Aerodactyl|0 fnt\n|faint|p1a: Aerodactyl\n|\n|upkeep\n|\n|t:|1699922738\n|switch|p1a: Celesteela|Celesteela, shiny|72\/100\n|turn|15\n|\n|t:|1699922760\n|move|p2a: Beedrill|Protect|p2a: Beedrill\n|-singleturn|p2a: Beedrill|Protect\n|move|p1a: Celesteela|Flamethrower|p2a: Beedrill\n|-activate|p2a: Beedrill|move: Protect\n|\n|upkeep\n|turn|16\n|\n|t:|1699922776\n|switch|p2a: Iron Jugulis|Iron Jugulis|100\/100\n|-damage|p2a: Iron Jugulis|76\/100|[from] Stealth Rock\n|move|p1a: Celesteela|Flamethrower|p2a: Iron Jugulis\n|-damage|p2a: Iron Jugulis|38\/100\n|\n|upkeep\n|turn|17\n|\n|t:|1699922801\n|move|p2a: Iron Jugulis|Flamethrower|p1a: Celesteela\n|-supereffective|p1a: Celesteela\n|-damage|p1a: Celesteela|35\/100\n|move|p1a: Celesteela|Flash Cannon|p2a: Iron Jugulis\n|-crit|p2a: Iron Jugulis\n|-damage|p2a: Iron Jugulis|0 fnt\n|faint|p2a: Iron Jugulis\n|-end|p2a: Iron Jugulis|Quark Drive|[silent]\n|-ability|p1a: Celesteela|Beast Boost|boost\n|-boost|p1a: Celesteela|spa|1\n|\n|upkeep\n|\n|t:|1699922811\n|switch|p2a: Queen B|Goodra-Hisui, F|84\/100\n|-damage|p2a: Queen B|78\/100|[from] Stealth Rock\n|turn|18\n|\n|t:|1699922818\n|move|p1a: Celesteela|Flamethrower|p2a: Queen B\n|-damage|p2a: Queen B|53\/100\n|move|p2a: Queen B|Fire Punch|p1a: Celesteela\n|-supereffective|p1a: Celesteela\n|-damage|p1a: Celesteela|0 fnt\n|faint|p1a: Celesteela\n|\n|upkeep\n|\n|t:|1699922828\n|switch|p1a: Palossand|Palossand, F, shiny|71\/100\n|turn|19\n|\n|t:|1699922838\n|move|p2a: Queen B|Ice Spinner|p1a: Palossand\n|-supereffective|p1a: Palossand\n|-damage|p1a: Palossand|40\/100\n|move|p1a: Palossand|Curse|p2a: Queen B\n|-start|p2a: Queen B|Curse|[of] p1a: Palossand\n|-damage|p1a: Palossand|0 fnt\n|faint|p1a: Palossand\n|\n|-damage|p2a: Queen B|28\/100|[from] Curse\n|upkeep\n|\n|t:|1699922852\n|switch|p1a: World crusher|Grimmsnarl, M, shiny|94\/100\n|turn|20\n|\n|t:|1699922857\n|move|p1a: World crusher|Drain Punch|p2a: Queen B\n|-supereffective|p2a: Queen B\n|-damage|p2a: Queen B|0 fnt\n|-heal|p1a: World crusher|100\/100|[from] drain|[of] p2a: Queen B\n|faint|p2a: Queen B\n|\n|upkeep\n|\n|t:|1699922869\n|switch|p2a: Kartana|Kartana|100\/100\n|-damage|p2a: Kartana|94\/100|[from] Stealth Rock\n|turn|21\n|\n|t:|1699922880\n|move|p2a: Kartana|Sacred Sword|p1a: World crusher\n|-damage|p1a: World crusher|55\/100\n|-damage|p2a: Kartana|78\/100|[from] item: Rocky Helmet|[of] p1a: World crusher\n|move|p1a: World crusher|Drain Punch|p2a: Kartana\n|-supereffective|p2a: Kartana\n|-damage|p2a: Kartana|18\/100\n|-heal|p1a: World crusher|75\/100|[from] drain|[of] p2a: Kartana\n|\n|upkeep\n|turn|22\n|\n|t:|1699922898\n|move|p2a: Kartana|Sacred Sword|p1a: World crusher\n|-crit|p1a: World crusher\n|-damage|p1a: World crusher|1\/100\n|-damage|p2a: Kartana|2\/100|[from] item: Rocky Helmet|[of] p1a: World crusher\n|move|p1a: World crusher|Drain Punch|p2a: Kartana\n|-supereffective|p2a: Kartana\n|-damage|p2a: Kartana|0 fnt\n|-heal|p1a: World crusher|2\/100|[from] drain|[of] p2a: Kartana\n|faint|p2a: Kartana\n|\n|upkeep\n|\n|t:|1699922909\n|switch|p2a: Beedrill|Beedrill-Mega, F|76\/100\n|-damage|p2a: Beedrill|51\/100|[from] Stealth Rock\n|turn|23\n|\n|t:|1699922927\n|move|p2a: Beedrill|Fell Stinger|p1a: World crusher\n|-damage|p1a: World crusher|0 fnt\n|-damage|p2a: Beedrill|34\/100|[from] item: Rocky Helmet|[of] p1a: World crusher\n|faint|p1a: World crusher\n|-boost|p2a: Beedrill|atk|3\n|\n|upkeep\n|\n|t:|1699922934\n|switch|p1a: Sandy Shocks|Sandy Shocks, shiny|100\/100\n|-enditem|p1a: Sandy Shocks|Booster Energy\n|-activate|p1a: Sandy Shocks|ability: Protosynthesis|[fromitem]\n|-start|p1a: Sandy Shocks|protosynthesisspe\n|turn|24\n|\n|t:|1699922944\n|move|p1a: Sandy Shocks|Substitute|p1a: Sandy Shocks\n|-start|p1a: Sandy Shocks|Substitute\n|-damage|p1a: Sandy Shocks|76\/100\n|move|p2a: Beedrill|Drill Run|p1a: Sandy Shocks\n|-supereffective|p1a: Sandy Shocks\n|-end|p1a: Sandy Shocks|Substitute\n|\n|upkeep\n|turn|25\n|\n|t:|1699922952\n|move|p1a: Sandy Shocks|Discharge|p2a: Beedrill\n|-damage|p2a: Beedrill|0 fnt\n|faint|p2a: Beedrill\n|\n|upkeep\n|\n|t:|1699922958\n|switch|p2a: Hatterene|Hatterene, F|100\/100\n|-damage|p2a: Hatterene|88\/100|[from] Stealth Rock\n|turn|26\n|\n|t:|1699922970\n|move|p1a: Sandy Shocks|Substitute|p1a: Sandy Shocks\n|-start|p1a: Sandy Shocks|Substitute\n|-damage|p1a: Sandy Shocks|51\/100\n|move|p2a: Hatterene|Draining Kiss|p1a: Sandy Shocks\n|-end|p1a: Sandy Shocks|Substitute\n|-heal|p2a: Hatterene|100\/100|[from] drain|[of] p1a: Sandy Shocks\n|\n|upkeep\n|turn|27\n|\n|t:|1699922979\n|move|p1a: Sandy Shocks|Discharge|p2a: Hatterene\n|-crit|p2a: Hatterene\n|-damage|p2a: Hatterene|58\/100\n|move|p2a: Hatterene|Draining Kiss|p1a: Sandy Shocks\n|-damage|p1a: Sandy Shocks|18\/100\n|-heal|p2a: Hatterene|93\/100|[from] drain|[of] p1a: Sandy Shocks\n|\n|upkeep\n|turn|28\n|\n|t:|1699922991\n|move|p1a: Sandy Shocks|Discharge|p2a: Hatterene\n|-damage|p2a: Hatterene|64\/100\n|move|p2a: Hatterene|Draining Kiss|p1a: Sandy Shocks\n|-damage|p1a: Sandy Shocks|0 fnt\n|-heal|p2a: Hatterene|84\/100|[from] drain|[of] p1a: Sandy Shocks\n|faint|p1a: Sandy Shocks\n|-end|p1a: Sandy Shocks|Protosynthesis|[silent]\n|\n|win|diasapacibles\n","uploadtime":1699923009,"views":5,"p1id":"oniryah","p2id":"diasapacibles","formatid":"gen9nationaldex","rating":0,"private":0,"password":""}