{"id":"gen9nationaldex-1988488145","p1":"Yaoshi","p2":"Glass101","format":"[Gen 9] National Dex","log":"|j|\u2606Yaoshi\n|j|\u2606Glass101\n|t:|1699728301\n|gametype|singles\n|player|p1|Yaoshi|steven-masters|1580\n|player|p2|Glass101|169|1514\n|teamsize|p1|6\n|teamsize|p2|6\n|gen|9\n|tier|[Gen 9] National Dex\n|rated|\n|rule|HP Percentage Mod: HP is shown in percentages\n|rule|Endless Battle Clause: Forcing endless battles is banned\n|rule|OHKO Clause: OHKO moves are banned\n|rule|Evasion Clause: Evasion abilities, items, and moves are banned\n|rule|Evasion Abilities Clause: Evasion abilities are banned\n|rule|Evasion Items Clause: Evasion items are banned\n|rule|Evasion Moves Clause: Evasion moves are banned\n|rule|Species Clause: Limit one of each Pok\u00e9mon\n|rule|Sleep Clause Mod: Limit one foe put to sleep\n|clearpoke\n|poke|p1|Urshifu-*, F|\n|poke|p1|Slowbro-Galar, F|\n|poke|p1|Milotic, F|\n|poke|p1|Kommo-o, M|\n|poke|p1|Rillaboom, F|\n|poke|p1|Garganacl, M|\n|poke|p2|Galvantula, F|\n|poke|p2|Ceruledge, M|\n|poke|p2|Toxapex, M|\n|poke|p2|Cresselia, F|\n|poke|p2|Hydreigon, M|\n|poke|p2|Clodsire, M|\n|teampreview\n|inactive|Battle timer is ON: inactive players will automatically lose when time's up. (requested by Glass101)\n|\n|t:|1699728310\n|start\n|switch|p1a: Urshifu|Urshifu-Rapid-Strike, F|100\/100\n|switch|p2a: Galvantula|Galvantula, F|100\/100\n|turn|1\n|\n|t:|1699728312\n|switch|p2a: Toxapex|Toxapex, M|100\/100\n|-terastallize|p1a: Urshifu|Fire\n|move|p1a: Urshifu|Trailblaze|p2a: Toxapex\n|-damage|p2a: Toxapex|89\/100\n|-boost|p1a: Urshifu|spe|1\n|-damage|p1a: Urshifu|84\/100|[from] item: Rocky Helmet|[of] p2a: Toxapex\n|\n|-heal|p1a: Urshifu|90\/100|[from] item: Leftovers\n|upkeep\n|turn|2\n|\n|t:|1699728316\n|switch|p1a: Milotic|Milotic, F, shiny|100\/100\n|move|p2a: Toxapex|Toxic|p1a: Milotic\n|-status|p1a: Milotic|tox\n|\n|-damage|p1a: Milotic|94\/100 tox|[from] psn\n|upkeep\n|turn|3\n|\n|t:|1699728319\n|switch|p2a: Galvantula|Galvantula, F|100\/100\n|move|p1a: Milotic|Mirror Coat||[still]\n|-fail|p1a: Milotic\n|\n|-heal|p1a: Milotic|100\/100 tox|[from] item: Leftovers\n|-damage|p1a: Milotic|88\/100 tox|[from] psn\n|upkeep\n|turn|4\n|\n|t:|1699728322\n|move|p2a: Galvantula|Sticky Web|p1a: Milotic\n|-sidestart|p1: Yaoshi|move: Sticky Web\n|move|p1a: Milotic|Mirror Coat||[still]\n|-fail|p1a: Milotic\n|\n|-heal|p1a: Milotic|94\/100 tox|[from] item: Leftovers\n|-damage|p1a: Milotic|76\/100 tox|[from] psn\n|upkeep\n|turn|5\n|\n|t:|1699728326\n|move|p2a: Galvantula|Thunder Wave||[still]\n|-fail|p2a: Galvantula\n|move|p1a: Milotic|Mirror Coat||[still]\n|-fail|p1a: Milotic\n|\n|-heal|p1a: Milotic|82\/100 tox|[from] item: Leftovers\n|-damage|p1a: Milotic|58\/100 tox|[from] psn\n|upkeep\n|turn|6\n|\n|t:|1699728328\n|move|p2a: Galvantula|Thunder|p1a: Milotic\n|-supereffective|p1a: Milotic\n|-damage|p1a: Milotic|0 fnt\n|faint|p1a: Milotic\n|\n|upkeep\n|\n|t:|1699728332\n|switch|p1a: Slowbro|Slowbro-Galar, F, shiny|100\/100\n|-activate|p1a: Slowbro|move: Sticky Web\n|-unboost|p1a: Slowbro|spe|1\n|turn|7\n|\n|t:|1699728334\n|move|p2a: Galvantula|Thunder Wave|p1a: Slowbro\n|-status|p1a: Slowbro|par\n|cant|p1a: Slowbro|par\n|\n|upkeep\n|turn|8\n|\n|t:|1699728337\n|switch|p2a: Ceruledge|Ceruledge, M|100\/100\n|move|p1a: Slowbro|Calm Mind|p1a: Slowbro\n|-boost|p1a: Slowbro|spa|1\n|-boost|p1a: Slowbro|spd|1\n|\n|upkeep\n|turn|9\n|\n|t:|1699728340\n|move|p2a: Ceruledge|Substitute|p2a: Ceruledge\n|-start|p2a: Ceruledge|Substitute\n|-damage|p2a: Ceruledge|76\/100\n|move|p1a: Slowbro|Calm Mind|p1a: Slowbro\n|-boost|p1a: Slowbro|spa|1\n|-boost|p1a: Slowbro|spd|1\n|\n|upkeep\n|turn|10\n|\n|t:|1699728342\n|move|p2a: Ceruledge|Poltergeist|p1a: Slowbro|[miss]\n|-miss|p2a: Ceruledge|p1a: Slowbro\n|move|p1a: Slowbro|Calm Mind|p1a: Slowbro\n|-boost|p1a: Slowbro|spa|1\n|-boost|p1a: Slowbro|spd|1\n|\n|upkeep\n|turn|11\n|\n|t:|1699728345\n|detailschange|p1a: Slowbro|Slowbro-Mega, F, shiny\n|-mega|p1a: Slowbro|Slowbro|Slowbronite\n|move|p2a: Ceruledge|Poltergeist|p1a: Slowbro\n|-activate|p1a: Slowbro|move: Poltergeist|Slowbronite\n|-supereffective|p1a: Slowbro\n|-damage|p1a: Slowbro|52\/100 par\n|move|p1a: Slowbro|Scald|p2a: Ceruledge\n|-supereffective|p2a: Ceruledge\n|-end|p2a: Ceruledge|Substitute\n|\n|upkeep\n|turn|12\n|\n|t:|1699728347\n|move|p2a: Ceruledge|Poltergeist|p1a: Slowbro\n|-activate|p1a: Slowbro|move: Poltergeist|Slowbronite\n|-supereffective|p1a: Slowbro\n|-damage|p1a: Slowbro|1\/100 par\n|move|p1a: Slowbro|Scald|p2a: Ceruledge\n|-supereffective|p2a: Ceruledge\n|-damage|p2a: Ceruledge|0 fnt\n|faint|p2a: Ceruledge\n|\n|upkeep\n|\n|t:|1699728349\n|switch|p2a: Galvantula|Galvantula, F|100\/100\n|turn|13\n|\n|t:|1699728352\n|move|p2a: Galvantula|Giga Drain|p1a: Slowbro\n|-supereffective|p1a: Slowbro\n|-damage|p1a: Slowbro|0 fnt\n|faint|p1a: Slowbro\n|\n|upkeep\n|\n|t:|1699728354\n|switch|p1a: Urshifu|Urshifu-Rapid-Strike, F, tera:Fire|90\/100\n|-activate|p1a: Urshifu|move: Sticky Web\n|-unboost|p1a: Urshifu|spe|1\n|turn|14\n|\n|t:|1699728356\n|move|p2a: Galvantula|Thunder Wave|p1a: Urshifu\n|-status|p1a: Urshifu|par\n|move|p1a: Urshifu|Trailblaze|p2a: Galvantula\n|-resisted|p2a: Galvantula\n|-damage|p2a: Galvantula|88\/100\n|-boost|p1a: Urshifu|spe|1\n|\n|-heal|p1a: Urshifu|96\/100 par|[from] item: Leftovers\n|upkeep\n|turn|15\n|\n|t:|1699728359\n|move|p2a: Galvantula|Thunder|p1a: Urshifu\n|-damage|p1a: Urshifu|47\/100 par\n|move|p1a: Urshifu|Trailblaze|p2a: Galvantula\n|-resisted|p2a: Galvantula\n|-damage|p2a: Galvantula|76\/100\n|-boost|p1a: Urshifu|spe|1\n|\n|-heal|p1a: Urshifu|54\/100 par|[from] item: Leftovers\n|upkeep\n|turn|16\n|\n|t:|1699728360\n|move|p2a: Galvantula|Thunder|p1a: Urshifu\n|-damage|p1a: Urshifu|7\/100 par\n|cant|p1a: Urshifu|par\n|\n|-heal|p1a: Urshifu|14\/100 par|[from] item: Leftovers\n|upkeep\n|turn|17\n|\n|t:|1699728364\n|switch|p2a: Toxapex|Toxapex, M|100\/100\n|move|p1a: Urshifu|Surging Strikes|p2a: Toxapex\n|-resisted|p2a: Toxapex\n|-crit|p2a: Toxapex\n|-damage|p2a: Toxapex|93\/100\n|-damage|p1a: Urshifu|0 fnt|[from] item: Rocky Helmet|[of] p2a: Toxapex\n|faint|p1a: Urshifu\n|-hitcount|p2a: Toxapex|1\n|\n|upkeep\n|\n|t:|1699728367\n|switch|p1a: Garganacl|Garganacl, M|100\/100\n|-activate|p1a: Garganacl|move: Sticky Web\n|-unboost|p1a: Garganacl|spe|1\n|turn|18\n|\n|t:|1699728373\n|switch|p2a: Mr Blue sky|Cresselia, F, shiny|100\/100\n|move|p1a: Garganacl|Iron Defense|p1a: Garganacl\n|-boost|p1a: Garganacl|def|2\n|\n|upkeep\n|turn|19\n|\n|t:|1699728376\n|move|p2a: Mr Blue sky|Calm Mind|p2a: Mr Blue sky\n|-boost|p2a: Mr Blue sky|spa|1\n|-boost|p2a: Mr Blue sky|spd|1\n|move|p1a: Garganacl|Iron Defense|p1a: Garganacl\n|-boost|p1a: Garganacl|def|2\n|\n|upkeep\n|turn|20\n|\n|t:|1699728378\n|move|p2a: Mr Blue sky|Calm Mind|p2a: Mr Blue sky\n|-boost|p2a: Mr Blue sky|spa|1\n|-boost|p2a: Mr Blue sky|spd|1\n|move|p1a: Garganacl|Salt Cure|p2a: Mr Blue sky\n|-damage|p2a: Mr Blue sky|93\/100\n|\n|upkeep\n|turn|21\n|\n|t:|1699728384\n|move|p2a: Mr Blue sky|Calm Mind|p2a: Mr Blue sky\n|-boost|p2a: Mr Blue sky|spa|1\n|-boost|p2a: Mr Blue sky|spd|1\n|move|p1a: Garganacl|Iron Defense|p1a: Garganacl\n|-boost|p1a: Garganacl|def|2\n|\n|upkeep\n|turn|22\n|-message|Yaoshi forfeited.\n|\n|win|Glass101\n|raw|Yaoshi's rating: 1580 &rarr; <strong>1556<\/strong><br \/>(-24 for losing)\n|raw|Glass101's rating: 1514 &rarr; <strong>1538<\/strong><br \/>(+24 for winning)\n|l|\u2606Yaoshi\n|c|\u2606Glass101|Covert cloak is a goalted item\n","uploadtime":1699728400,"views":5,"p1id":"yaoshi","p2id":"glass101","formatid":"gen9nationaldex","rating":1538,"private":0,"password":""}