{"id":"gen9nationaldex-1999520606","p1":"AllMightSMH","p2":"Showdown-Shelgon","format":"[Gen 9] National Dex","log":"|html|<div class=\"broadcast-blue\"><strong>[Gen 9] National Dex is currently suspecting Sneasler! For information on how to participate check out the <a href=\"https:\/\/www.smogon.com\/forums\/threads\/sv-national-dex-suspect-8-just-dance.3731534\/\">suspect thread<\/a>.<\/strong><\/div>\n|j|\u2606AllMightSMH\n|j|\u2606Showdown-Shelgon\n|t:|1701091972\n|gametype|singles\n|player|p1|AllMightSMH|266|1137\n|player|p2|Showdown-Shelgon|unknown|1076\n|teamsize|p1|6\n|teamsize|p2|6\n|gen|9\n|tier|[Gen 9] National Dex\n|rated|\n|rule|HP Percentage Mod: HP is shown in percentages\n|rule|Endless Battle Clause: Forcing endless battles is banned\n|rule|OHKO Clause: OHKO moves are banned\n|rule|Evasion Clause: Evasion abilities, items, and moves are banned\n|rule|Evasion Abilities Clause: Evasion abilities are banned\n|rule|Evasion Items Clause: Evasion items are banned\n|rule|Evasion Moves Clause: Evasion moves are banned\n|rule|Species Clause: Limit one of each Pok\u00e9mon\n|rule|Sleep Clause Mod: Limit one foe put to sleep\n|clearpoke\n|poke|p1|Infernape, M|\n|poke|p1|Beedrill, M|\n|poke|p1|Sneasler, M|\n|poke|p1|Porygon-Z|\n|poke|p1|Greninja-*, M|\n|poke|p1|Iron Valiant|\n|poke|p2|Jolteon, M|\n|poke|p2|Umbreon, F|\n|poke|p2|Vaporeon, F|\n|poke|p2|Sylveon, F|\n|poke|p2|Espeon, F|\n|poke|p2|Leafeon, F|\n|teampreview\n|inactive|Battle timer is ON: inactive players will automatically lose when time's up. (requested by Showdown-Shelgon)\n|c|\u2606AllMightSMH|glhf\n|\n|t:|1701092028\n|start\n|switch|p1a: luffy|Infernape, M, shiny|100\/100\n|switch|p2a: Blitzeinschlag|Jolteon, M|100\/100\n|turn|1\n|inactive|Showdown-Shelgon has 120 seconds left.\n|\n|t:|1701092060\n|move|p2a: Blitzeinschlag|Thunderbolt|p1a: luffy\n|-damage|p1a: luffy|0 fnt\n|faint|p1a: luffy\n|\n|upkeep\n|c|\u2606Showdown-Shelgon|Thx u2\n|inactive|AllMightSMH has 120 seconds left.\n|\n|t:|1701092100\n|switch|p1a: Nah id win- gojo|Porygon-Z, shiny|100\/100\n|turn|2\n|\n|t:|1701092104\n|move|p2a: Blitzeinschlag|Thunderbolt|p1a: Nah id win- gojo\n|-damage|p1a: Nah id win- gojo|9\/100\n|-zpower|p1a: Nah id win- gojo\n|move|p1a: Nah id win- gojo|Z-Conversion|p1a: Nah id win- gojo|[anim]Conversion\n|-boost|p1a: Nah id win- gojo|atk|1|[zeffect]\n|-boost|p1a: Nah id win- gojo|def|1|[zeffect]\n|-boost|p1a: Nah id win- gojo|spa|1|[zeffect]\n|-boost|p1a: Nah id win- gojo|spd|1|[zeffect]\n|-boost|p1a: Nah id win- gojo|spe|1|[zeffect]\n|-start|p1a: Nah id win- gojo|typechange|Ghost\n|\n|upkeep\n|turn|3\n|inactive|AllMightSMH has 120 seconds left.\n|c|\u2606AllMightSMH|time for a hollow purple\n|\n|t:|1701092121\n|move|p1a: Nah id win- gojo|Shadow Ball|p2a: Blitzeinschlag\n|-damage|p2a: Blitzeinschlag|0 fnt\n|faint|p2a: Blitzeinschlag\n|\n|upkeep\n|\n|t:|1701092142\n|switch|p2a: Feenstaub|Sylveon, F|100\/100\n|turn|4\n|c|\u2606AllMightSMH|and another-\n|\n|t:|1701092150\n|move|p1a: Nah id win- gojo|Shadow Ball|p2a: Feenstaub\n|-crit|p2a: Feenstaub\n|-damage|p2a: Feenstaub|27\/100\n|-unboost|p2a: Feenstaub|spd|1\n|move|p2a: Feenstaub|Curse|p2a: Feenstaub\n|-unboost|p2a: Feenstaub|spe|1\n|-boost|p2a: Feenstaub|atk|1\n|-boost|p2a: Feenstaub|def|1\n|\n|-heal|p2a: Feenstaub|33\/100|[from] item: Leftovers\n|upkeep\n|turn|5\n|\n|t:|1701092156\n|move|p2a: Feenstaub|Quick Attack|p1a: Nah id win- gojo\n|-damage|p1a: Nah id win- gojo|0 fnt\n|faint|p1a: Nah id win- gojo\n|\n|-heal|p2a: Feenstaub|40\/100|[from] item: Leftovers\n|upkeep\n|inactive|AllMightSMH has 120 seconds left.\n|inactive|AllMightSMH has 90 seconds left.\n|\n|t:|1701092222\n|switch|p1a: Beedrill|Beedrill, M|100\/100\n|turn|6\n|inactive|Showdown-Shelgon has 120 seconds left.\n|inactive|Showdown-Shelgon has 90 seconds left.\n|\n|t:|1701092300\n|detailschange|p1a: Beedrill|Beedrill-Mega, M\n|-mega|p1a: Beedrill|Beedrill|Beedrillite\n|-terastallize|p2a: Feenstaub|Steel\n|move|p1a: Beedrill|Poison Jab|p2a: Feenstaub\n|-immune|p2a: Feenstaub\n|move|p2a: Feenstaub|Curse|p2a: Feenstaub\n|-unboost|p2a: Feenstaub|spe|1\n|-boost|p2a: Feenstaub|atk|1\n|-boost|p2a: Feenstaub|def|1\n|\n|-heal|p2a: Feenstaub|46\/100|[from] item: Leftovers\n|upkeep\n|turn|7\n|\n|t:|1701092307\n|move|p1a: Beedrill|Brick Break|p2a: Feenstaub\n|-supereffective|p2a: Feenstaub\n|-damage|p2a: Feenstaub|12\/100\n|move|p2a: Feenstaub|Rest|p2a: Feenstaub\n|-status|p2a: Feenstaub|slp|[from] move: Rest\n|-heal|p2a: Feenstaub|100\/100 slp|[silent]\n|\n|upkeep\n|turn|8\n|\n|t:|1701092314\n|move|p1a: Beedrill|Brick Break|p2a: Feenstaub\n|-supereffective|p2a: Feenstaub\n|-damage|p2a: Feenstaub|63\/100 slp\n|cant|p2a: Feenstaub|slp\n|move|p2a: Feenstaub|Sleep Talk|p2a: Feenstaub\n|move|p2a: Feenstaub|Curse|p2a: Feenstaub|[from]move: Sleep Talk\n|-unboost|p2a: Feenstaub|spe|1\n|-boost|p2a: Feenstaub|atk|1\n|-boost|p2a: Feenstaub|def|1\n|\n|-heal|p2a: Feenstaub|70\/100 slp|[from] item: Leftovers\n|upkeep\n|turn|9\n|inactive|Showdown-Shelgon has 90 seconds left.\n|c|\u2606Showdown-Shelgon|Hey \ud83d\ude01 a good friend of mine has a small YT channel where there are Pok\u00e9mon videos. I would be happy if you take a look \u263a\ufe0f\n|c|\u2606Showdown-Shelgon|https:\/\/youtu.be\/g0JrcNRKkYY?si=HKCdwIw1a-GVcdzj\n|\n|t:|1701092331\n|move|p1a: Beedrill|Brick Break|p2a: Feenstaub\n|-supereffective|p2a: Feenstaub\n|-damage|p2a: Feenstaub|41\/100 slp\n|cant|p2a: Feenstaub|slp\n|move|p2a: Feenstaub|Sleep Talk|p2a: Feenstaub\n|move|p2a: Feenstaub|Quick Attack|p1a: Beedrill|[from]move: Sleep Talk\n|-resisted|p1a: Beedrill\n|-damage|p1a: Beedrill|64\/100\n|\n|-heal|p2a: Feenstaub|47\/100 slp|[from] item: Leftovers\n|upkeep\n|turn|10\n|inactive|Showdown-Shelgon has 90 seconds left.\n|c|\u2606AllMightSMH|alright\n|inactive|AllMightSMH has 60 seconds left.\n|\n|t:|1701092356\n|move|p1a: Beedrill|Brick Break|p2a: Feenstaub\n|-supereffective|p2a: Feenstaub\n|-damage|p2a: Feenstaub|20\/100 slp\n|-curestatus|p2a: Feenstaub|slp|[msg]\n|move|p2a: Feenstaub|Rest|p2a: Feenstaub\n|-status|p2a: Feenstaub|slp|[from] move: Rest\n|-heal|p2a: Feenstaub|100\/100 slp|[silent]\n|\n|upkeep\n|turn|11\n|inactive|Showdown-Shelgon has 90 seconds left.\n|\n|t:|1701092375\n|switch|p1a: Iron Valiant|Iron Valiant, shiny|100\/100\n|-enditem|p1a: Iron Valiant|Booster Energy\n|-activate|p1a: Iron Valiant|ability: Quark Drive|[fromitem]\n|-start|p1a: Iron Valiant|quarkdrivespe\n|cant|p2a: Feenstaub|slp\n|move|p2a: Feenstaub|Sleep Talk|p2a: Feenstaub\n|move|p2a: Feenstaub|Rest||[from]move: Sleep Talk|[still]\n|-fail|p2a: Feenstaub\n|\n|upkeep\n|turn|12\n|\n|t:|1701092389\n|move|p1a: Iron Valiant|Swords Dance|p1a: Iron Valiant\n|-boost|p1a: Iron Valiant|atk|2\n|cant|p2a: Feenstaub|slp\n|move|p2a: Feenstaub|Sleep Talk|p2a: Feenstaub\n|move|p2a: Feenstaub|Curse|p2a: Feenstaub|[from]move: Sleep Talk\n|-unboost|p2a: Feenstaub|spe|1\n|-boost|p2a: Feenstaub|atk|1\n|-boost|p2a: Feenstaub|def|1\n|\n|upkeep\n|turn|13\n|\n|t:|1701092397\n|-curestatus|p2a: Feenstaub|slp|[msg]\n|move|p2a: Feenstaub|Quick Attack|p1a: Iron Valiant\n|-supereffective|p1a: Iron Valiant\n|-damage|p1a: Iron Valiant|5\/100\n|move|p1a: Iron Valiant|Swords Dance|p1a: Iron Valiant\n|-boost|p1a: Iron Valiant|atk|2\n|\n|upkeep\n|turn|14\n|\n|t:|1701092405\n|move|p1a: Iron Valiant|Shadow Sneak|p2a: Feenstaub\n|-damage|p2a: Feenstaub|83\/100\n|move|p2a: Feenstaub|Quick Attack|p1a: Iron Valiant\n|-supereffective|p1a: Iron Valiant\n|-damage|p1a: Iron Valiant|0 fnt\n|faint|p1a: Iron Valiant\n|-end|p1a: Iron Valiant|Quark Drive|[silent]\n|\n|-heal|p2a: Feenstaub|89\/100|[from] item: Leftovers\n|upkeep\n|c|\u2606Showdown-Shelgon|Thx\n|\n|t:|1701092421\n|switch|p1a: Sneasler|Sneasler, M, shiny|100\/100\n|turn|15\n|\n|t:|1701092426\n|move|p2a: Feenstaub|Quick Attack|p1a: Sneasler\n|-damage|p1a: Sneasler|40\/100\n|move|p1a: Sneasler|Swords Dance|p1a: Sneasler\n|-boost|p1a: Sneasler|atk|2\n|\n|-heal|p2a: Feenstaub|95\/100|[from] item: Leftovers\n|upkeep\n|turn|16\n|\n|t:|1701092431\n|move|p2a: Feenstaub|Quick Attack|p1a: Sneasler\n|-damage|p1a: Sneasler|0 fnt\n|faint|p1a: Sneasler\n|\n|-heal|p2a: Feenstaub|100\/100|[from] item: Leftovers\n|upkeep\n|\n|t:|1701092434\n|switch|p1a: Beedrill|Beedrill-Mega, M|64\/100\n|turn|17\n|inactive|Showdown-Shelgon has 120 seconds left.\n|\n|t:|1701092462\n|move|p2a: Feenstaub|Quick Attack|p1a: Beedrill\n|-resisted|p1a: Beedrill\n|-damage|p1a: Beedrill|22\/100\n|move|p1a: Beedrill|Brick Break|p2a: Feenstaub\n|-supereffective|p2a: Feenstaub\n|-damage|p2a: Feenstaub|75\/100\n|\n|-heal|p2a: Feenstaub|81\/100|[from] item: Leftovers\n|upkeep\n|turn|18\n|c|\u2606Showdown-Shelgon|Gg wp\n|inactive|AllMightSMH has 90 seconds left.\n|c|\u2606AllMightSMH|ggz\n|inactive|AllMightSMH has 60 seconds left.\n|c|\u2606AllMightSMH|why dont you add the team to pokepast-\n|c|\u2606AllMightSMH|so people can use easier\n|\n|t:|1701092540\n|move|p2a: Feenstaub|Quick Attack|p1a: Beedrill\n|-resisted|p1a: Beedrill\n|-damage|p1a: Beedrill|0 fnt\n|faint|p1a: Beedrill\n|\n|-heal|p2a: Feenstaub|87\/100|[from] item: Leftovers\n|upkeep\n|\n|t:|1701092543\n|switch|p1a: Greninja|Greninja, M|100\/100\n|turn|19\n|c|\u2606Showdown-Shelgon|Nice idea\n|\n|t:|1701092552\n|-terastallize|p1a: Greninja|Ice\n|move|p2a: Feenstaub|Quick Attack|p1a: Greninja\n|-damage|p1a: Greninja|38\/100\n|move|p1a: Greninja|Ice Punch|p2a: Feenstaub\n|-resisted|p2a: Feenstaub\n|-damage|p2a: Feenstaub|80\/100\n|\n|-heal|p2a: Feenstaub|87\/100|[from] item: Leftovers\n|upkeep\n|turn|20\n|\n|t:|1701092559\n|move|p2a: Feenstaub|Quick Attack|p1a: Greninja\n|-damage|p1a: Greninja|0 fnt\n|faint|p1a: Greninja\n|\n|win|Showdown-Shelgon\n|raw|AllMightSMH's rating: 1137 &rarr; <strong>1108<\/strong><br \/>(-29 for losing)\n|raw|Showdown-Shelgon's rating: 1076 &rarr; <strong>1110<\/strong><br \/>(+34 for winning)\n","uploadtime":1701092562,"views":1,"p1id":"allmightsmh","p2id":"showdownshelgon","formatid":"gen9nationaldex","rating":1108,"private":0,"password":""}