{"id":"gen9nationaldex-1988247424","p1":"Schneider123","p2":"ReptileMedias","format":"[Gen 9] National Dex","log":"|j|\u2606Schneider123\n|j|\u2606ReptileMedias\n|t:|1699693818\n|gametype|singles\n|player|p1|Schneider123|volkner|1177\n|player|p2|ReptileMedias|may|1236\n|teamsize|p1|6\n|teamsize|p2|6\n|gen|9\n|tier|[Gen 9] National Dex\n|rated|\n|rule|HP Percentage Mod: HP is shown in percentages\n|rule|Endless Battle Clause: Forcing endless battles is banned\n|rule|OHKO Clause: OHKO moves are banned\n|rule|Evasion Clause: Evasion abilities, items, and moves are banned\n|rule|Evasion Abilities Clause: Evasion abilities are banned\n|rule|Evasion Items Clause: Evasion items are banned\n|rule|Evasion Moves Clause: Evasion moves are banned\n|rule|Species Clause: Limit one of each Pok\u00e9mon\n|rule|Sleep Clause Mod: Limit one foe put to sleep\n|clearpoke\n|poke|p1|Morpeko, F|\n|poke|p1|Ribombee, M|\n|poke|p1|Ditto|\n|poke|p1|Garchomp, F|\n|poke|p1|Porygon-Z|\n|poke|p1|Kartana|\n|poke|p2|Scizor, M|\n|poke|p2|Venusaur, M|\n|poke|p2|Arcanine, M|\n|poke|p2|Crawdaunt, M|\n|poke|p2|Jolteon, M|\n|poke|p2|Crobat, M|\n|teampreview\n|inactive|Battle timer is ON: inactive players will automatically lose when time's up. (requested by Schneider123)\n|\n|t:|1699693829\n|start\n|switch|p1a: Ribombee|Ribombee, M|100\/100\n|switch|p2a: Lobstarno|Crawdaunt, M|100\/100\n|turn|1\n|\n|t:|1699693843\n|move|p2a: Lobstarno|Aqua Jet|p1a: Ribombee\n|-damage|p1a: Ribombee|7\/100\n|move|p1a: Ribombee|Sticky Web|p2a: Lobstarno\n|-sidestart|p2: ReptileMedias|move: Sticky Web\n|\n|upkeep\n|turn|2\n|\n|t:|1699693853\n|move|p2a: Lobstarno|Aqua Jet|p1a: Ribombee\n|-damage|p1a: Ribombee|0 fnt\n|faint|p1a: Ribombee\n|\n|upkeep\n|\n|t:|1699693860\n|switch|p1a: Morpeko|Morpeko, F|100\/100\n|turn|3\n|inactive|ReptileMedias has 120 seconds left.\n|\n|t:|1699693900\n|switch|p2a: Sharp David|Jolteon, M|100\/100\n|-activate|p2a: Sharp David|move: Sticky Web\n|-unboost|p2a: Sharp David|spe|1\n|move|p1a: Morpeko|Aura Wheel|p2a: Sharp David\n|-immune|p2a: Sharp David|[from] ability: Volt Absorb\n|\n|-formechange|p1a: Morpeko|Morpeko-Hangry||[from] ability: Hunger Switch\n|upkeep\n|turn|4\n|inactive|ReptileMedias has 120 seconds left.\n|\n|t:|1699693916\n|move|p1a: Morpeko|Aura Wheel|p2a: Sharp David\n|-damage|p2a: Sharp David|11\/100\n|-boost|p1a: Morpeko|spe|1\n|move|p2a: Sharp David|Hyper Voice|p1a: Morpeko\n|-damage|p1a: Morpeko|12\/100\n|\n|-formechange|p1a: Morpeko|Morpeko||[from] ability: Hunger Switch\n|upkeep\n|turn|5\n|\n|t:|1699693928\n|move|p1a: Morpeko|Psychic Fangs|p2a: Sharp David\n|-damage|p2a: Sharp David|0 fnt\n|faint|p2a: Sharp David\n|\n|-formechange|p1a: Morpeko|Morpeko-Hangry||[from] ability: Hunger Switch\n|upkeep\n|inactive|ReptileMedias has 120 seconds left.\n|inactive|ReptileMedias has 90 seconds left.\n|inactive|ReptileMedias has 60 seconds left.\n|\n|t:|1699694021\n|switch|p2a: Adult|Arcanine, M|100\/100\n|-activate|p2a: Adult|move: Sticky Web\n|-unboost|p2a: Adult|spe|1\n|turn|6\n|\n|t:|1699694031\n|move|p2a: Adult|Extreme Speed|p1a: Morpeko\n|-damage|p1a: Morpeko|0 fnt\n|faint|p1a: Morpeko\n|\n|upkeep\n|\n|t:|1699694041\n|switch|p1a: Garchomp|Garchomp, F|100\/100\n|turn|7\n|\n|t:|1699694056\n|move|p1a: Garchomp|Swords Dance|p1a: Garchomp\n|-boost|p1a: Garchomp|atk|2\n|move|p2a: Adult|Play Rough|p1a: Garchomp\n|-supereffective|p1a: Garchomp\n|-damage|p1a: Garchomp|45\/100\n|-damage|p2a: Adult|88\/100|[from] ability: Rough Skin|[of] p1a: Garchomp\n|\n|-heal|p2a: Adult|94\/100|[from] item: Leftovers\n|upkeep\n|turn|8\n|\n|t:|1699694074\n|detailschange|p1a: Garchomp|Garchomp-Mega, F\n|-mega|p1a: Garchomp|Garchomp|Garchompite\n|move|p1a: Garchomp|Scale Shot|p2a: Adult\n|-damage|p2a: Adult|55\/100\n|-damage|p2a: Adult|13\/100\n|-damage|p2a: Adult|0 fnt\n|faint|p2a: Adult\n|-hitcount|p2: Adult|3\n|-unboost|p1a: Garchomp|def|1\n|-boost|p1a: Garchomp|spe|1\n|\n|upkeep\n|\n|t:|1699694091\n|switch|p2a: Lobstarno|Crawdaunt, M|100\/100\n|-activate|p2a: Lobstarno|move: Sticky Web\n|-unboost|p2a: Lobstarno|spe|1\n|turn|9\n|\n|t:|1699694099\n|move|p2a: Lobstarno|Aqua Jet|p1a: Garchomp\n|-damage|p1a: Garchomp|0 fnt\n|faint|p1a: Garchomp\n|\n|upkeep\n|\n|t:|1699694104\n|switch|p1a: Kartana|Kartana|100\/100\n|turn|10\n|inactive|ReptileMedias has 60 seconds left.\n|\n|t:|1699694115\n|switch|p2a: COw bat (lol)|Crobat, M|100\/100\n|move|p1a: Kartana|Leaf Blade|p2a: COw bat (lol)\n|-resisted|p2a: COw bat (lol)\n|-damage|p2a: COw bat (lol)|80\/100\n|\n|upkeep\n|turn|11\n|\n|t:|1699694123\n|switch|p1a: Ditto|Ditto|100\/100\n|-transform|p1a: Ditto|p2a: COw bat (lol)|[from] ability: Imposter\n|move|p2a: COw bat (lol)|Heat Wave|p1a: Ditto\n|-damage|p1a: Ditto|66\/100\n|\n|upkeep\n|turn|12\n|inactive|ReptileMedias has 60 seconds left.\n|c|\u2606Schneider123|i dont mind losing but can you hurry? >.<\n|\n|t:|1699694162\n|move|p1a: Ditto|Taunt|p2a: COw bat (lol)\n|-start|p2a: COw bat (lol)|move: Taunt\n|move|p2a: COw bat (lol)|Air Slash|p1a: Ditto\n|-damage|p1a: Ditto|26\/100\n|\n|upkeep\n|turn|13\n|\n|t:|1699694171\n|switch|p1a: Porygon-Z|Porygon-Z|100\/100\n|move|p2a: COw bat (lol)|Air Slash|p1a: Porygon-Z\n|-damage|p1a: Porygon-Z|64\/100\n|\n|upkeep\n|turn|14\n|\n|t:|1699694191\n|switch|p2a: Penusaur|Venusaur, M|100\/100\n|-activate|p2a: Penusaur|move: Sticky Web\n|-unboost|p2a: Penusaur|spe|1\n|move|p1a: Porygon-Z|Ice Beam|p2a: Penusaur\n|-supereffective|p2a: Penusaur\n|-crit|p2a: Penusaur\n|-damage|p2a: Penusaur|26\/100\n|-status|p2a: Penusaur|frz\n|\n|upkeep\n|turn|15\n|\n|t:|1699694210\n|switch|p1a: Kartana|Kartana|100\/100\n|detailschange|p2a: Penusaur|Venusaur-Mega, M\n|-mega|p2a: Penusaur|Venusaur|Venusaurite\n|cant|p2a: Penusaur|frz\n|\n|upkeep\n|turn|16\n|\n|t:|1699694224\n|switch|p2a: COw bat (lol)|Crobat, M|80\/100\n|move|p1a: Kartana|Smart Strike|p2a: COw bat (lol)\n|-damage|p2a: COw bat (lol)|17\/100\n|\n|upkeep\n|turn|17\n|\n|t:|1699694244\n|move|p1a: Kartana|Smart Strike|p2a: COw bat (lol)\n|-crit|p2a: COw bat (lol)\n|-damage|p2a: COw bat (lol)|0 fnt\n|faint|p2a: COw bat (lol)\n|-ability|p1a: Kartana|Beast Boost|boost\n|-boost|p1a: Kartana|atk|1\n|\n|upkeep\n|inactive|ReptileMedias has 30 seconds left.\n|inactive|ReptileMedias has 20 seconds left.\n|inactive|ReptileMedias has 15 seconds left.\n|inactive|ReptileMedias has 10 seconds left.\n|\n|t:|1699694274\n|switch|p2a: Bullet Ant|Scizor, M|100\/100\n|-activate|p2a: Bullet Ant|move: Sticky Web\n|-unboost|p2a: Bullet Ant|spe|1\n|turn|18\n|inactive|ReptileMedias has 20 seconds left this turn.\n|\n|t:|1699694281\n|move|p1a: Kartana|Smart Strike|p2a: Bullet Ant\n|-resisted|p2a: Bullet Ant\n|-damage|p2a: Bullet Ant|72\/100\n|-damage|p1a: Kartana|84\/100|[from] item: Rocky Helmet|[of] p2a: Bullet Ant\n|move|p2a: Bullet Ant|Swords Dance|p2a: Bullet Ant\n|-boost|p2a: Bullet Ant|atk|2\n|\n|upkeep\n|turn|19\n|inactive|ReptileMedias has 30 seconds left this turn.\n|\n|t:|1699694291\n|move|p1a: Kartana|Smart Strike|p2a: Bullet Ant\n|-resisted|p2a: Bullet Ant\n|-damage|p2a: Bullet Ant|46\/100\n|-damage|p1a: Kartana|67\/100|[from] item: Rocky Helmet|[of] p2a: Bullet Ant\n|move|p2a: Bullet Ant|Close Combat|p1a: Kartana\n|-supereffective|p1a: Kartana\n|-damage|p1a: Kartana|0 fnt\n|-unboost|p2a: Bullet Ant|def|1\n|-unboost|p2a: Bullet Ant|spd|1\n|faint|p1a: Kartana\n|\n|upkeep\n|inactive|ReptileMedias has 30 seconds left this turn.\n|\n|t:|1699694301\n|switch|p1a: Ditto|Ditto|26\/100\n|-transform|p1a: Ditto|p2a: Bullet Ant|[from] ability: Imposter\n|turn|20\n|\n|t:|1699694310\n|move|p1a: Ditto|Bullet Punch|p2a: Bullet Ant\n|-resisted|p2a: Bullet Ant\n|-damage|p2a: Bullet Ant|12\/100\n|-damage|p1a: Ditto|9\/100|[from] item: Rocky Helmet|[of] p2a: Bullet Ant\n|move|p2a: Bullet Ant|Bullet Punch|p1a: Ditto\n|-resisted|p1a: Ditto\n|-damage|p1a: Ditto|0 fnt\n|faint|p1a: Ditto\n|\n|upkeep\n|\n|t:|1699694318\n|switch|p1a: Porygon-Z|Porygon-Z|64\/100\n|turn|21\n|\n|t:|1699694336\n|-terastallize|p1a: Porygon-Z|Normal\n|move|p2a: Bullet Ant|Bullet Punch|p1a: Porygon-Z\n|-damage|p1a: Porygon-Z|0 fnt\n|faint|p1a: Porygon-Z\n|\n|win|ReptileMedias\n|raw|Schneider123's rating: 1177 &rarr; <strong>1156<\/strong><br \/>(-21 for losing)\n|raw|ReptileMedias's rating: 1236 &rarr; <strong>1257<\/strong><br \/>(+21 for winning)\n|l|\u2606Schneider123\n","uploadtime":1699694393,"views":5,"p1id":"schneider123","p2id":"reptilemedias","formatid":"gen9nationaldex","rating":1156,"private":0,"password":""}