{"id":"gen9nationaldex-1991019765","p1":"duamu","p2":"IplayforFuns","format":"[Gen 9] National Dex","log":"|j|\u2606duamu\n|j|\u2606IplayforFuns\n|t:|1700029111\n|gametype|singles\n|player|p1|duamu|101|1360\n|player|p2|IplayforFuns|pokemaniac|1426\n|teamsize|p1|6\n|teamsize|p2|6\n|gen|9\n|tier|[Gen 9] National Dex\n|rated|\n|rule|HP Percentage Mod: HP is shown in percentages\n|rule|Endless Battle Clause: Forcing endless battles is banned\n|rule|OHKO Clause: OHKO moves are banned\n|rule|Evasion Clause: Evasion abilities, items, and moves are banned\n|rule|Evasion Abilities Clause: Evasion abilities are banned\n|rule|Evasion Items Clause: Evasion items are banned\n|rule|Evasion Moves Clause: Evasion moves are banned\n|rule|Species Clause: Limit one of each Pok\u00e9mon\n|rule|Sleep Clause Mod: Limit one foe put to sleep\n|clearpoke\n|poke|p1|Nidoking, M|\n|poke|p1|Hoopa-Unbound|\n|poke|p1|Corviknight, M|\n|poke|p1|Tapu Koko|\n|poke|p1|Sneasler, M|\n|poke|p1|Charizard, M|\n|poke|p2|Ceruledge, M|\n|poke|p2|Tapu Koko|\n|poke|p2|Sneasler, F|\n|poke|p2|Ninetales-Alola, F|\n|poke|p2|Iron Valiant|\n|poke|p2|Glimmora, M|\n|teampreview\n|\n|t:|1700029131\n|start\n|switch|p1a: Nidoking|Nidoking, M|100\/100\n|switch|p2a: Rocky|Glimmora, M, shiny|100\/100\n|turn|1\n|inactive|Battle timer is ON: inactive players will automatically lose when time's up. (requested by duamu)\n|\n|t:|1700029142\n|move|p2a: Rocky|Stealth Rock|p1a: Nidoking\n|-sidestart|p1: duamu|move: Stealth Rock\n|move|p1a: Nidoking|Earth Power|p2a: Rocky\n|-supereffective|p2a: Rocky\n|-crit|p2a: Rocky\n|-enditem|p2a: Rocky|Focus Sash\n|-damage|p2a: Rocky|1\/100\n|\n|upkeep\n|turn|2\n|\n|t:|1700029152\n|move|p2a: Rocky|Earth Power|p1a: Nidoking\n|-supereffective|p1a: Nidoking\n|-damage|p1a: Nidoking|7\/100\n|-unboost|p1a: Nidoking|spd|1\n|move|p1a: Nidoking|Earth Power|p2a: Rocky\n|-supereffective|p2a: Rocky\n|-damage|p2a: Rocky|0 fnt\n|faint|p2a: Rocky\n|\n|upkeep\n|\n|t:|1700029162\n|switch|p2a: Dia|Tapu Koko, shiny|100\/100\n|-fieldstart|move: Electric Terrain|[from] ability: Electric Surge|[of] p2a: Dia\n|turn|3\n|\n|t:|1700029169\n|switch|p1a: Tapu Koko|Tapu Koko|100\/100\n|-damage|p1a: Tapu Koko|88\/100|[from] Stealth Rock\n|move|p2a: Dia|U-turn|p1a: Tapu Koko\n|-resisted|p1a: Tapu Koko\n|-damage|p1a: Tapu Koko|77\/100\n|\n|t:|1700029178\n|switch|p2a: Tsukiyomi|Ninetales-Alola, F, shiny|100\/100|[from] U-turn\n|-weather|Snow|[from] ability: Snow Warning|[of] p2a: Tsukiyomi\n|\n|-weather|Snow|[upkeep]\n|upkeep\n|turn|4\n|\n|t:|1700029189\n|-zpower|p1a: Tapu Koko\n|move|p1a: Tapu Koko|Gigavolt Havoc|p2a: Tsukiyomi|[zeffect]\n|-damage|p2a: Tsukiyomi|0 fnt\n|faint|p2a: Tsukiyomi\n|\n|-weather|Snow|[upkeep]\n|upkeep\n|\n|t:|1700029201\n|switch|p2a: Zera\u00f2ra|Sneasler, F, shiny|100\/100\n|-enditem|p2a: Zera\u00f2ra|Electric Seed\n|-boost|p2a: Zera\u00f2ra|def|1|[from] item: Electric Seed\n|turn|5\n|\n|t:|1700029209\n|switch|p1a: Corviknight|Corviknight, M|100\/100\n|-damage|p1a: Corviknight|88\/100|[from] Stealth Rock\n|-ability|p1a: Corviknight|Pressure\n|move|p2a: Zera\u00f2ra|Swords Dance|p2a: Zera\u00f2ra\n|-boost|p2a: Zera\u00f2ra|atk|2\n|\n|-weather|Snow|[upkeep]\n|upkeep\n|turn|6\n|\n|t:|1700029224\n|move|p2a: Zera\u00f2ra|Close Combat|p1a: Corviknight\n|-damage|p1a: Corviknight|7\/100\n|-unboost|p2a: Zera\u00f2ra|def|1\n|-unboost|p2a: Zera\u00f2ra|spd|1\n|-damage|p2a: Zera\u00f2ra|84\/100|[from] item: Rocky Helmet|[of] p1a: Corviknight\n|move|p1a: Corviknight|Iron Defense|p1a: Corviknight\n|-boost|p1a: Corviknight|def|2\n|\n|-weather|Snow|[upkeep]\n|upkeep\n|turn|7\n|\n|t:|1700029235\n|move|p2a: Zera\u00f2ra|Acrobatics|p1a: Corviknight\n|-resisted|p1a: Corviknight\n|-damage|p1a: Corviknight|0 fnt\n|-damage|p2a: Zera\u00f2ra|67\/100|[from] item: Rocky Helmet|[of] p1a: Corviknight\n|faint|p1a: Corviknight\n|\n|-weather|none\n|upkeep\n|\n|t:|1700029244\n|switch|p1a: Sneasler|Sneasler, M|100\/100\n|-damage|p1a: Sneasler|95\/100|[from] Stealth Rock\n|turn|8\n|\n|t:|1700029249\n|-terastallize|p2a: Zera\u00f2ra|Flying\n|move|p1a: Sneasler|Fake Out|p2a: Zera\u00f2ra\n|-enditem|p1a: Sneasler|Normal Gem|[from] gem\n|-damage|p2a: Zera\u00f2ra|31\/100\n|cant|p2a: Zera\u00f2ra|flinch\n|\n|upkeep\n|turn|9\n|\n|t:|1700029260\n|switch|p1a: Nidoking|Nidoking, M|7\/100\n|-damage|p1a: Nidoking|1\/100|[from] Stealth Rock\n|move|p2a: Zera\u00f2ra|Acrobatics|p1a: Nidoking\n|-damage|p1a: Nidoking|0 fnt\n|faint|p1a: Nidoking\n|\n|upkeep\n|\n|t:|1700029262\n|switch|p1a: Sneasler|Sneasler, M|95\/100\n|-damage|p1a: Sneasler|89\/100|[from] Stealth Rock\n|turn|10\n|\n|t:|1700029275\n|switch|p2a: Ceru|Ceruledge, M, shiny|100\/100\n|move|p1a: Sneasler|Fake Out|p2a: Ceru\n|-immune|p2a: Ceru\n|\n|-fieldend|move: Electric Terrain\n|upkeep\n|turn|11\n|\n|t:|1700029285\n|switch|p1a: Hoopa|Hoopa-Unbound|100\/100\n|-damage|p1a: Hoopa|88\/100|[from] Stealth Rock\n|move|p2a: Ceru|Swords Dance|p2a: Ceru\n|-boost|p2a: Ceru|atk|2\n|\n|upkeep\n|turn|12\n|\n|t:|1700029295\n|move|p2a: Ceru|Bitter Blade|p1a: Hoopa\n|-damage|p1a: Hoopa|0 fnt\n|faint|p1a: Hoopa\n|-damage|p2a: Ceru|91\/100|[from] item: Life Orb\n|\n|upkeep\n|-message|duamu forfeited.\n|\n|win|IplayforFuns\n|raw|duamu's rating: 1360 &rarr; <strong>1344<\/strong><br \/>(-16 for losing)\n|raw|IplayforFuns's rating: 1426 &rarr; <strong>1442<\/strong><br \/>(+16 for winning)\n|l|\u2606duamu\n","uploadtime":1700029302,"views":5,"p1id":"duamu","p2id":"iplayforfuns","formatid":"gen9nationaldex","rating":1344,"private":0,"password":""}