{"id":"gen9nationaldex-1995369050","p1":"badgamegamer","p2":"afnkm","format":"[Gen 9] National Dex","log":"|html|<div class=\"broadcast-blue\"><strong>[Gen 9] National Dex is currently suspecting Sneasler! For information on how to participate check out the <a href=\"https:\/\/www.smogon.com\/forums\/threads\/sv-national-dex-suspect-8-just-dance.3731534\/\">suspect thread<\/a>.<\/strong><\/div>\n|j|\u2606badgamegamer\n|j|\u2606afnkm\n|t:|1700561116\n|gametype|singles\n|player|p1|badgamegamer|hexmaniac-gen3jp|1503\n|player|p2|afnkm|266|1729\n|teamsize|p1|6\n|teamsize|p2|6\n|gen|9\n|tier|[Gen 9] National Dex\n|rated|\n|rule|HP Percentage Mod: HP is shown in percentages\n|rule|Endless Battle Clause: Forcing endless battles is banned\n|rule|OHKO Clause: OHKO moves are banned\n|rule|Evasion Clause: Evasion abilities, items, and moves are banned\n|rule|Evasion Abilities Clause: Evasion abilities are banned\n|rule|Evasion Items Clause: Evasion items are banned\n|rule|Evasion Moves Clause: Evasion moves are banned\n|rule|Species Clause: Limit one of each Pok\u00e9mon\n|rule|Sleep Clause Mod: Limit one foe put to sleep\n|clearpoke\n|poke|p1|Hatterene, F|\n|poke|p1|Sunflora, M|\n|poke|p1|Marowak-Alola, M|\n|poke|p1|Slowbro, M|\n|poke|p1|Torkoal, M|\n|poke|p1|Cresselia, F|\n|poke|p2|Charizard, M|\n|poke|p2|Great Tusk|\n|poke|p2|Garganacl, M|\n|poke|p2|Hatterene, F|\n|poke|p2|Rillaboom, M|\n|poke|p2|Sneasler, M|\n|teampreview\n|inactive|Battle timer is ON: inactive players will automatically lose when time's up. (requested by afnkm)\n|\n|t:|1700561126\n|start\n|switch|p1a: Slowcone|Slowbro, M, shiny|100\/100\n|switch|p2a: Charizard|Charizard, M|100\/100\n|turn|1\n|\n|t:|1700561139\n|detailschange|p2a: Charizard|Charizard-Mega-Y, M\n|-mega|p2a: Charizard|Charizard|Charizardite Y\n|-weather|SunnyDay|[from] ability: Drought|[of] p2a: Charizard\n|move|p2a: Charizard|Weather Ball|p1a: Slowcone\n|-resisted|p1a: Slowcone\n|-damage|p1a: Slowcone|46\/100\n|move|p1a: Slowcone|Trick Room|p1a: Slowcone\n|-fieldstart|move: Trick Room|[of] p1a: Slowcone\n|\n|-weather|SunnyDay|[upkeep]\n|upkeep\n|turn|2\n|\n|t:|1700561147\n|switch|p1a: Darth Bonicus|Marowak-Alola, M, shiny|100\/100\n|move|p2a: Charizard|Weather Ball|p1a: Darth Bonicus\n|-resisted|p1a: Darth Bonicus\n|-damage|p1a: Darth Bonicus|33\/100\n|\n|-weather|SunnyDay|[upkeep]\n|upkeep\n|turn|3\n|\n|t:|1700561158\n|switch|p2a: Garganacl|Garganacl, M|100\/100\n|move|p1a: Darth Bonicus|Flare Blitz|p2a: Garganacl\n|-resisted|p2a: Garganacl\n|-damage|p2a: Garganacl|64\/100\n|\n|-weather|SunnyDay|[upkeep]\n|-heal|p2a: Garganacl|70\/100|[from] item: Leftovers\n|upkeep\n|turn|4\n|\n|t:|1700561167\n|switch|p1a: Ooo Happy Dayyy|Sunflora, M, shiny|100\/100\n|move|p2a: Garganacl|Salt Cure|p1a: Ooo Happy Dayyy\n|-damage|p1a: Ooo Happy Dayyy|77\/100\n|-start|p1a: Ooo Happy Dayyy|Salt Cure\n|\n|-weather|SunnyDay|[upkeep]\n|-damage|p1a: Ooo Happy Dayyy|65\/100|[from] ability: Solar Power|[of] p1a: Ooo Happy Dayyy\n|-heal|p2a: Garganacl|76\/100|[from] item: Leftovers\n|-damage|p1a: Ooo Happy Dayyy|52\/100|[from] Salt Cure\n|upkeep\n|turn|5\n|\n|t:|1700561174\n|move|p1a: Ooo Happy Dayyy|Giga Drain|p2a: Garganacl\n|-supereffective|p2a: Garganacl\n|-damage|p2a: Garganacl|0 fnt\n|-heal|p1a: Ooo Happy Dayyy|96\/100|[from] drain|[of] p2a: Garganacl\n|faint|p2a: Garganacl\n|-damage|p1a: Ooo Happy Dayyy|86\/100|[from] item: Life Orb\n|\n|-weather|none\n|-damage|p1a: Ooo Happy Dayyy|73\/100|[from] Salt Cure\n|-fieldend|move: Trick Room\n|upkeep\n|\n|t:|1700561177\n|switch|p2a: Charizard|Charizard-Mega-Y, M|100\/100\n|-weather|SunnyDay|[from] ability: Drought|[of] p2a: Charizard\n|turn|6\n|\n|t:|1700561182\n|switch|p1a: Solar Saint|Cresselia, F, shiny|100\/100\n|move|p2a: Charizard|Weather Ball|p1a: Solar Saint\n|-damage|p1a: Solar Saint|48\/100\n|\n|-weather|SunnyDay|[upkeep]\n|upkeep\n|turn|7\n|\n|t:|1700561193\n|move|p2a: Charizard|Weather Ball|p1a: Solar Saint\n|-damage|p1a: Solar Saint|0 fnt\n|faint|p1a: Solar Saint\n|\n|-weather|SunnyDay|[upkeep]\n|upkeep\n|\n|t:|1700561199\n|switch|p1a: Slowcone|Slowbro, M, shiny|79\/100\n|turn|8\n|\n|t:|1700561202\n|move|p2a: Charizard|Weather Ball|p1a: Slowcone\n|-resisted|p1a: Slowcone\n|-damage|p1a: Slowcone|29\/100\n|move|p1a: Slowcone|Trick Room|p1a: Slowcone\n|-fieldstart|move: Trick Room|[of] p1a: Slowcone\n|\n|-weather|SunnyDay|[upkeep]\n|upkeep\n|turn|9\n|\n|t:|1700561206\n|move|p2a: Charizard|Weather Ball|p1a: Slowcone\n|-resisted|p1a: Slowcone\n|-damage|p1a: Slowcone|0 fnt\n|faint|p1a: Slowcone\n|\n|-weather|SunnyDay|[upkeep]\n|upkeep\n|\n|t:|1700561212\n|switch|p1a: Darth Bonicus|Marowak-Alola, M, shiny|33\/100\n|turn|10\n|\n|t:|1700561224\n|switch|p2a: Hatterene|Hatterene, F|100\/100\n|move|p1a: Darth Bonicus|Flare Blitz|p2a: Hatterene\n|-damage|p2a: Hatterene|0 fnt\n|faint|p2a: Hatterene\n|\n|-weather|none\n|upkeep\n|\n|t:|1700561225\n|switch|p2a: Great Tusk|Great Tusk|100\/100\n|turn|11\n|\n|t:|1700561236\n|-terastallize|p1a: Darth Bonicus|Fire\n|move|p1a: Darth Bonicus|Flare Blitz|p2a: Great Tusk\n|-damage|p2a: Great Tusk|0 fnt\n|faint|p2a: Great Tusk\n|-end|p2a: Great Tusk|Protosynthesis|[silent]\n|\n|upkeep\n|\n|t:|1700561246\n|switch|p2a: Rillaboom|Rillaboom, M|100\/100\n|-fieldstart|move: Grassy Terrain|[from] ability: Grassy Surge|[of] p2a: Rillaboom\n|turn|12\n|\n|t:|1700561257\n|switch|p1a: Sozens Comet|Torkoal, M, shiny|100\/100\n|-weather|SunnyDay|[from] ability: Drought|[of] p1a: Sozens Comet\n|-terastallize|p2a: Rillaboom|Grass\n|move|p2a: Rillaboom|Grassy Glide|p1a: Sozens Comet\n|-resisted|p1a: Sozens Comet\n|-damage|p1a: Sozens Comet|77\/100\n|\n|-weather|SunnyDay|[upkeep]\n|-heal|p1a: Sozens Comet|84\/100|[from] Grassy Terrain\n|-fieldend|move: Trick Room\n|upkeep\n|turn|13\n|\n|t:|1700561274\n|switch|p2a: Charizard|Charizard-Mega-Y, M|100\/100\n|move|p1a: Sozens Comet|Lava Plume|p2a: Charizard\n|-resisted|p2a: Charizard\n|-damage|p2a: Charizard|84\/100\n|\n|-weather|SunnyDay|[upkeep]\n|-heal|p1a: Sozens Comet|90\/100|[from] Grassy Terrain\n|upkeep\n|turn|14\n|\n|t:|1700561280\n|move|p2a: Charizard|Weather Ball|p1a: Sozens Comet\n|-resisted|p1a: Sozens Comet\n|-crit|p1a: Sozens Comet\n|-damage|p1a: Sozens Comet|0 fnt\n|faint|p1a: Sozens Comet\n|\n|-weather|SunnyDay|[upkeep]\n|upkeep\n|\n|t:|1700561284\n|switch|p1a: READY TO LET GO|Hatterene, F|100\/100\n|turn|15\n|\n|t:|1700561286\n|move|p2a: Charizard|Weather Ball|p1a: READY TO LET GO\n|-enditem|p1a: READY TO LET GO|Focus Sash\n|-damage|p1a: READY TO LET GO|1\/100\n|move|p1a: READY TO LET GO|Trick Room|p1a: READY TO LET GO\n|-fieldstart|move: Trick Room|[of] p1a: READY TO LET GO\n|\n|-weather|SunnyDay|[upkeep]\n|-heal|p1a: READY TO LET GO|7\/100|[from] Grassy Terrain\n|upkeep\n|turn|16\n|\n|t:|1700561297\n|move|p1a: READY TO LET GO|Healing Wish|p1a: READY TO LET GO\n|faint|p1a: READY TO LET GO\n|move|p2a: Charizard|Weather Ball|p1: READY TO LET GO|[notarget]\n|-fail|p2a: Charizard\n|\n|-weather|SunnyDay|[upkeep]\n|-fieldend|move: Grassy Terrain\n|upkeep\n|\n|t:|1700561303\n|switch|p1a: Darth Bonicus|Marowak-Alola, M, shiny, tera:Fire|33\/100\n|-heal|p1a: Darth Bonicus|100\/100|[from] move: Healing Wish\n|turn|17\n|\n|t:|1700561316\n|switch|p2a: Sneasler|Sneasler, M|100\/100\n|move|p1a: Darth Bonicus|Flare Blitz|p2a: Sneasler\n|-damage|p2a: Sneasler|0 fnt\n|faint|p2a: Sneasler\n|\n|-weather|SunnyDay|[upkeep]\n|upkeep\n|\n|t:|1700561318\n|switch|p2a: Rillaboom|Rillaboom, M, tera:Grass|100\/100\n|-fieldstart|move: Grassy Terrain|[from] ability: Grassy Surge|[of] p2a: Rillaboom\n|turn|18\n|j| p74\n|inactive|badgamegamer has 120 seconds left.\n|inactive|badgamegamer has 90 seconds left.\n|\n|t:|1700561387\n|move|p2a: Rillaboom|Grassy Glide|p1a: Darth Bonicus\n|-resisted|p1a: Darth Bonicus\n|-damage|p1a: Darth Bonicus|61\/100\n|move|p1a: Darth Bonicus|Flare Blitz|p2a: Rillaboom\n|-supereffective|p2a: Rillaboom\n|-damage|p2a: Rillaboom|0 fnt\n|faint|p2a: Rillaboom\n|\n|-weather|SunnyDay|[upkeep]\n|-heal|p1a: Darth Bonicus|67\/100|[from] Grassy Terrain\n|upkeep\n|\n|t:|1700561392\n|switch|p2a: Charizard|Charizard-Mega-Y, M|84\/100\n|turn|19\n|\n|t:|1700561395\n|move|p1a: Darth Bonicus|Flare Blitz|p2a: Charizard\n|-resisted|p2a: Charizard\n|-damage|p2a: Charizard|0 fnt\n|faint|p2a: Charizard\n|\n|win|badgamegamer\n|raw|badgamegamer's rating: 1503 &rarr; <strong>1534<\/strong><br \/>(+31 for winning)\n|raw|afnkm's rating: 1729 &rarr; <strong>1698<\/strong><br \/>(-31 for losing)\n|l|\u2606afnkm\n","uploadtime":1700561398,"views":4,"p1id":"badgamegamer","p2id":"afnkm","formatid":"gen9nationaldex","rating":1534,"private":0,"password":""}