{"id":"gen9nationaldex-1998700259","p1":"qazserfvgyujnko","p2":"dracs and switches","format":"[Gen 9] National Dex","log":"|html|<div class=\"broadcast-blue\"><strong>[Gen 9] National Dex is currently suspecting Sneasler! For information on how to participate check out the <a href=\"https:\/\/www.smogon.com\/forums\/threads\/sv-national-dex-suspect-8-just-dance.3731534\/\">suspect thread<\/a>.<\/strong><\/div>\n|j|\u2606qazserfvgyujnko\n|j|\u2606dracs and switches\n|t:|1700974457\n|gametype|singles\n|player|p1|qazserfvgyujnko|benga|1282\n|player|p2|dracs and switches|flannery|1353\n|teamsize|p1|6\n|teamsize|p2|6\n|gen|9\n|tier|[Gen 9] National Dex\n|rated|\n|rule|HP Percentage Mod: HP is shown in percentages\n|rule|Endless Battle Clause: Forcing endless battles is banned\n|rule|OHKO Clause: OHKO moves are banned\n|rule|Evasion Clause: Evasion abilities, items, and moves are banned\n|rule|Evasion Abilities Clause: Evasion abilities are banned\n|rule|Evasion Items Clause: Evasion items are banned\n|rule|Evasion Moves Clause: Evasion moves are banned\n|rule|Species Clause: Limit one of each Pok\u00e9mon\n|rule|Sleep Clause Mod: Limit one foe put to sleep\n|clearpoke\n|poke|p1|Hoopa-Unbound|\n|poke|p1|Comfey, F|\n|poke|p1|Lopunny, F|\n|poke|p1|Moltres|\n|poke|p1|Ninetales-Alola, F|\n|poke|p1|Urshifu-*, M|\n|poke|p2|Beedrill, M|\n|poke|p2|Landorus-Therian, M|\n|poke|p2|Magnezone|\n|poke|p2|Infernape, F|\n|poke|p2|Tapu Fini|\n|poke|p2|Tinkaton, F|\n|teampreview\n|\n|t:|1700974469\n|start\n|switch|p1a: Ninetales|Ninetales-Alola, F|100\/100\n|switch|p2a: Tinkaton|Tinkaton, F, shiny|100\/100\n|-weather|Snow|[from] ability: Snow Warning|[of] p1a: Ninetales\n|-ability|p2a: Tinkaton|Mold Breaker\n|turn|1\n|\n|t:|1700974479\n|switch|p1a: Moltres|Moltres|100\/100\n|move|p2a: Tinkaton|Gigaton Hammer|p1a: Moltres\n|-resisted|p1a: Moltres\n|-damage|p1a: Moltres|75\/100\n|\n|-weather|Snow|[upkeep]\n|upkeep\n|turn|2\n|\n|t:|1700974490\n|switch|p2a: Landorus|Landorus-Therian, M, shiny|100\/100\n|-ability|p2a: Landorus|Intimidate|boost\n|-unboost|p1a: Moltres|atk|1\n|move|p1a: Moltres|Flamethrower|p2a: Landorus\n|-damage|p2a: Landorus|53\/100\n|\n|-weather|Snow|[upkeep]\n|-heal|p2a: Landorus|59\/100|[from] item: Leftovers\n|upkeep\n|turn|3\n|\n|t:|1700974496\n|move|p1a: Moltres|Toxic|p2a: Landorus\n|-status|p2a: Landorus|tox\n|move|p2a: Landorus|Stealth Rock|p1a: Moltres\n|-sidestart|p1: qazserfvgyujnko|move: Stealth Rock\n|\n|-weather|Snow|[upkeep]\n|-heal|p2a: Landorus|65\/100 tox|[from] item: Leftovers\n|-damage|p2a: Landorus|59\/100 tox|[from] psn\n|upkeep\n|turn|4\n|\n|t:|1700974504\n|switch|p2a: Infernape|Infernape, F, shiny|100\/100\n|move|p1a: Moltres|Defog|p2a: Infernape\n|-unboost|p2a: Infernape|evasion|1\n|-sideend|p1: qazserfvgyujnko|Stealth Rock|[from] move: Defog|[of] p1a: Moltres\n|\n|-weather|Snow|[upkeep]\n|upkeep\n|turn|5\n|\n|t:|1700974513\n|move|p2a: Infernape|Gunk Shot|p1a: Moltres|[miss]\n|-miss|p2a: Infernape|p1a: Moltres\n|move|p1a: Moltres|Flamethrower|p2a: Infernape\n|-resisted|p2a: Infernape\n|-damage|p2a: Infernape|69\/100\n|\n|-weather|none\n|upkeep\n|turn|6\n|\n|t:|1700974517\n|move|p2a: Infernape|Gunk Shot|p1a: Moltres\n|-damage|p1a: Moltres|19\/100\n|-status|p1a: Moltres|psn\n|move|p1a: Moltres|Toxic|p2a: Infernape\n|-status|p2a: Infernape|tox\n|\n|-damage|p2a: Infernape|63\/100 tox|[from] psn\n|-damage|p1a: Moltres|7\/100 psn|[from] psn\n|upkeep\n|turn|7\n|\n|t:|1700974524\n|switch|p2a: Landorus|Landorus-Therian, M, shiny|59\/100 tox\n|-ability|p2a: Landorus|Intimidate|boost\n|-unboost|p1a: Moltres|atk|1\n|move|p1a: Moltres|Flamethrower|p2a: Landorus\n|-crit|p2a: Landorus\n|-damage|p2a: Landorus|0 fnt\n|faint|p2a: Landorus\n|\n|-damage|p1a: Moltres|0 fnt|[from] psn\n|faint|p1a: Moltres\n|upkeep\n|inactive|Battle timer is ON: inactive players will automatically lose when time's up. (requested by dracs and switches)\n|\n|t:|1700974551\n|switch|p1a: \u6715\u7684\u4fa7\u5983|Lopunny, F|100\/100\n|switch|p2a: Beedrill|Beedrill, M, shiny|100\/100\n|turn|8\n|\n|t:|1700974559\n|switch|p2a: Tapu Fini|Tapu Fini, shiny|100\/100\n|-fieldstart|move: Misty Terrain|[from] ability: Misty Surge|[of] p2a: Tapu Fini\n|detailschange|p1a: \u6715\u7684\u4fa7\u5983|Lopunny-Mega, F\n|-mega|p1a: \u6715\u7684\u4fa7\u5983|Lopunny|Lopunnite\n|move|p1a: \u6715\u7684\u4fa7\u5983|Fake Out|p2a: Tapu Fini\n|-damage|p2a: Tapu Fini|80\/100\n|\n|-heal|p2a: Tapu Fini|86\/100|[from] item: Leftovers\n|upkeep\n|turn|9\n|\n|t:|1700974569\n|switch|p1a: \u62a4\u56fd\u5927\u5c06\u519b|Hoopa-Unbound|100\/100\n|move|p2a: Tapu Fini|Moonblast|p1a: \u62a4\u56fd\u5927\u5c06\u519b\n|-supereffective|p1a: \u62a4\u56fd\u5927\u5c06\u519b\n|-damage|p1a: \u62a4\u56fd\u5927\u5c06\u519b|46\/100\n|\n|-heal|p2a: Tapu Fini|92\/100|[from] item: Leftovers\n|upkeep\n|turn|10\n|\n|t:|1700974583\n|switch|p2a: Magnezone|Magnezone, shiny|100\/100\n|move|p1a: \u62a4\u56fd\u5927\u5c06\u519b|Gunk Shot|p2a: Magnezone\n|-immune|p2a: Magnezone\n|\n|upkeep\n|turn|11\n|\n|t:|1700974593\n|switch|p1a: Ninetales|Ninetales-Alola, F|100\/100\n|-weather|Snow|[from] ability: Snow Warning|[of] p1a: Ninetales\n|move|p2a: Magnezone|Volt Switch|p1a: Ninetales\n|-damage|p1a: Ninetales|56\/100\n|\n|t:|1700974607\n|switch|p2a: Beedrill|Beedrill, M, shiny|100\/100|[from] Volt Switch\n|\n|-weather|Snow|[upkeep]\n|upkeep\n|turn|12\n|\n|t:|1700974628\n|detailschange|p2a: Beedrill|Beedrill-Mega, M, shiny\n|-mega|p2a: Beedrill|Beedrill|Beedrillite\n|-terastallize|p1a: Ninetales|Steel\n|move|p2a: Beedrill|Poison Jab|p1a: Ninetales\n|-immune|p1a: Ninetales\n|move|p1a: Ninetales|Encore|p2a: Beedrill\n|-start|p2a: Beedrill|Encore\n|\n|-weather|Snow|[upkeep]\n|-fieldend|Misty Terrain\n|upkeep\n|turn|13\n|\n|t:|1700974640\n|switch|p2a: Infernape|Infernape, F, shiny|63\/100 tox\n|move|p1a: Ninetales|Aurora Veil|p1a: Ninetales\n|-sidestart|p1: qazserfvgyujnko|move: Aurora Veil\n|\n|-weather|Snow|[upkeep]\n|-damage|p2a: Infernape|56\/100 tox|[from] psn\n|upkeep\n|turn|14\n|\n|t:|1700974647\n|switch|p2a: Tapu Fini|Tapu Fini, shiny|92\/100\n|-fieldstart|move: Misty Terrain|[from] ability: Misty Surge|[of] p2a: Tapu Fini\n|move|p1a: Ninetales|Moonblast|p2a: Tapu Fini\n|-damage|p2a: Tapu Fini|64\/100\n|-unboost|p2a: Tapu Fini|spa|1\n|\n|-weather|Snow|[upkeep]\n|-heal|p2a: Tapu Fini|70\/100|[from] item: Leftovers\n|upkeep\n|turn|15\n|\n|t:|1700974652\n|switch|p1a: \u592a\u533b|Comfey, F|100\/100\n|move|p2a: Tapu Fini|Defog|p1a: \u592a\u533b\n|-unboost|p1a: \u592a\u533b|evasion|1\n|-sideend|p1: qazserfvgyujnko|move: Aurora Veil\n|-fieldend|Misty Terrain\n|\n|-weather|none\n|-heal|p2a: Tapu Fini|76\/100|[from] item: Leftovers\n|upkeep\n|turn|16\n|\n|t:|1700974658\n|move|p1a: \u592a\u533b|Giga Drain|p2a: Tapu Fini\n|-supereffective|p2a: Tapu Fini\n|-damage|p2a: Tapu Fini|39\/100\n|-damage|p1a: \u592a\u533b|91\/100|[from] item: Life Orb\n|move|p2a: Tapu Fini|Taunt|p1a: \u592a\u533b\n|-start|p1a: \u592a\u533b|move: Taunt\n|\n|-heal|p2a: Tapu Fini|45\/100|[from] item: Leftovers\n|upkeep\n|turn|17\n|\n|t:|1700974662\n|switch|p2a: Magnezone|Magnezone, shiny|100\/100\n|move|p1a: \u592a\u533b|Giga Drain|p2a: Magnezone\n|-resisted|p2a: Magnezone\n|-damage|p2a: Magnezone|91\/100\n|-heal|p1a: \u592a\u533b|97\/100|[from] drain|[of] p2a: Magnezone\n|-damage|p1a: \u592a\u533b|87\/100|[from] item: Life Orb\n|\n|upkeep\n|turn|18\n|\n|t:|1700974669\n|move|p1a: \u592a\u533b|Hidden Power|p2a: Magnezone\n|-supereffective|p2a: Magnezone\n|-damage|p2a: Magnezone|23\/100\n|-damage|p1a: \u592a\u533b|77\/100|[from] item: Life Orb\n|move|p2a: Magnezone|Volt Switch|p1a: \u592a\u533b\n|-damage|p1a: \u592a\u533b|32\/100\n|\n|t:|1700974679\n|switch|p2a: Beedrill|Beedrill-Mega, M, shiny|100\/100|[from] Volt Switch\n|\n|upkeep\n|turn|19\n|\n|t:|1700974685\n|switch|p1a: Ninetales|Ninetales-Alola, F, tera:Steel|56\/100\n|-weather|Snow|[from] ability: Snow Warning|[of] p1a: Ninetales\n|move|p2a: Beedrill|U-turn|p1a: Ninetales\n|-resisted|p1a: Ninetales\n|-damage|p1a: Ninetales|17\/100\n|\n|t:|1700974692\n|switch|p2a: Magnezone|Magnezone, shiny|23\/100|[from] U-turn\n|\n|-weather|Snow|[upkeep]\n|upkeep\n|turn|20\n|\n|t:|1700974705\n|move|p1a: Ninetales|Blizzard|p2a: Magnezone\n|-resisted|p2a: Magnezone\n|-damage|p2a: Magnezone|6\/100\n|move|p2a: Magnezone|Volt Switch|p1a: Ninetales\n|-damage|p1a: Ninetales|0 fnt\n|faint|p1a: Ninetales\n|\n|t:|1700974718\n|switch|p2a: Beedrill|Beedrill-Mega, M, shiny|100\/100|[from] Volt Switch\n|\n|-weather|Snow|[upkeep]\n|upkeep\n|\n|t:|1700974721\n|switch|p1a: \u6715\u7684\u4fa7\u5983|Lopunny-Mega, F|100\/100\n|turn|21\n|\n|t:|1700974725\n|switch|p2a: Magnezone|Magnezone, shiny|6\/100\n|move|p1a: \u6715\u7684\u4fa7\u5983|Fake Out|p2a: Magnezone\n|-resisted|p2a: Magnezone\n|-damage|p2a: Magnezone|0 fnt\n|faint|p2a: Magnezone\n|\n|-weather|Snow|[upkeep]\n|upkeep\n|\n|t:|1700974733\n|switch|p2a: Beedrill|Beedrill-Mega, M, shiny|100\/100\n|turn|22\n|\n|t:|1700974747\n|move|p2a: Beedrill|U-turn|p1a: \u6715\u7684\u4fa7\u5983\n|-resisted|p1a: \u6715\u7684\u4fa7\u5983\n|-damage|p1a: \u6715\u7684\u4fa7\u5983|67\/100\n|\n|t:|1700974755\n|switch|p2a: Tinkaton|Tinkaton, F, shiny|100\/100|[from] U-turn\n|-ability|p2a: Tinkaton|Mold Breaker\n|move|p1a: \u6715\u7684\u4fa7\u5983|Thunder Punch|p2a: Tinkaton\n|-damage|p2a: Tinkaton|71\/100\n|\n|-weather|Snow|[upkeep]\n|-heal|p2a: Tinkaton|78\/100|[from] item: Leftovers\n|upkeep\n|turn|23\n|\n|t:|1700974760\n|move|p1a: \u6715\u7684\u4fa7\u5983|Close Combat|p2a: Tinkaton\n|-damage|p2a: Tinkaton|5\/100\n|-unboost|p1a: \u6715\u7684\u4fa7\u5983|def|1\n|-unboost|p1a: \u6715\u7684\u4fa7\u5983|spd|1\n|move|p2a: Tinkaton|Gigaton Hammer|p1a: \u6715\u7684\u4fa7\u5983\n|-damage|p1a: \u6715\u7684\u4fa7\u5983|0 fnt\n|faint|p1a: \u6715\u7684\u4fa7\u5983\n|\n|-weather|none\n|-heal|p2a: Tinkaton|11\/100|[from] item: Leftovers\n|upkeep\n|\n|t:|1700974766\n|switch|p1a: \u6211\u8981\u6740\u4e86\u592a\u8349\u6676\u5149\u82b1|Urshifu-Rapid-Strike, M|100\/100\n|turn|24\n|\n|t:|1700974772\n|move|p1a: \u6211\u8981\u6740\u4e86\u592a\u8349\u6676\u5149\u82b1|Surging Strikes|p2a: Tinkaton\n|-crit|p2a: Tinkaton\n|-damage|p2a: Tinkaton|0 fnt\n|faint|p2a: Tinkaton\n|-hitcount|p2: Tinkaton|1\n|\n|upkeep\n|\n|t:|1700974777\n|switch|p2a: Tapu Fini|Tapu Fini, shiny|45\/100\n|-fieldstart|move: Misty Terrain|[from] ability: Misty Surge|[of] p2a: Tapu Fini\n|turn|25\n|\n|t:|1700974784\n|switch|p1a: \u62a4\u56fd\u5927\u5c06\u519b|Hoopa-Unbound|46\/100\n|move|p2a: Tapu Fini|Moonblast|p1a: \u62a4\u56fd\u5927\u5c06\u519b\n|-supereffective|p1a: \u62a4\u56fd\u5927\u5c06\u519b\n|-damage|p1a: \u62a4\u56fd\u5927\u5c06\u519b|0 fnt\n|faint|p1a: \u62a4\u56fd\u5927\u5c06\u519b\n|\n|-heal|p2a: Tapu Fini|52\/100|[from] item: Leftovers\n|upkeep\n|\n|t:|1700974786\n|switch|p1a: \u592a\u533b|Comfey, F|32\/100\n|turn|26\n|\n|t:|1700974794\n|switch|p2a: Infernape|Infernape, F, shiny|56\/100 tox\n|move|p1a: \u592a\u533b|Giga Drain|p2a: Infernape\n|-resisted|p2a: Infernape\n|-damage|p2a: Infernape|36\/100 tox\n|-heal|p1a: \u592a\u533b|44\/100|[from] drain|[of] p2a: Infernape\n|-damage|p1a: \u592a\u533b|34\/100|[from] item: Life Orb\n|\n|-damage|p2a: Infernape|30\/100 tox|[from] psn\n|upkeep\n|turn|27\n|\n|t:|1700974803\n|move|p1a: \u592a\u533b|Draining Kiss|p2a: Infernape\n|-crit|p2a: Infernape\n|-damage|p2a: Infernape|0 fnt\n|-heal|p1a: \u592a\u533b|61\/100|[from] drain|[of] p2a: Infernape\n|faint|p2a: Infernape\n|-damage|p1a: \u592a\u533b|51\/100|[from] item: Life Orb\n|\n|upkeep\n|\n|t:|1700974805\n|switch|p2a: Beedrill|Beedrill-Mega, M, shiny|100\/100\n|turn|28\n|\n|t:|1700974813\n|switch|p1a: \u6211\u8981\u6740\u4e86\u592a\u8349\u6676\u5149\u82b1|Urshifu-Rapid-Strike, M|100\/100\n|move|p2a: Beedrill|Poison Jab|p1a: \u6211\u8981\u6740\u4e86\u592a\u8349\u6676\u5149\u82b1\n|-damage|p1a: \u6211\u8981\u6740\u4e86\u592a\u8349\u6676\u5149\u82b1|44\/100\n|\n|upkeep\n|turn|29\n|\n|t:|1700974819\n|switch|p2a: Tapu Fini|Tapu Fini, shiny|52\/100\n|move|p1a: \u6211\u8981\u6740\u4e86\u592a\u8349\u6676\u5149\u82b1|Surging Strikes|p2a: Tapu Fini\n|-resisted|p2a: Tapu Fini\n|-crit|p2a: Tapu Fini\n|-damage|p2a: Tapu Fini|43\/100\n|-resisted|p2a: Tapu Fini\n|-crit|p2a: Tapu Fini\n|-damage|p2a: Tapu Fini|33\/100\n|-resisted|p2a: Tapu Fini\n|-crit|p2a: Tapu Fini\n|-damage|p2a: Tapu Fini|25\/100\n|-hitcount|p2a: Tapu Fini|3\n|\n|-heal|p2a: Tapu Fini|31\/100|[from] item: Leftovers\n|-fieldend|Misty Terrain\n|upkeep\n|turn|30\n|\n|t:|1700974830\n|move|p1a: \u6211\u8981\u6740\u4e86\u592a\u8349\u6676\u5149\u82b1|Surging Strikes|p2a: Tapu Fini\n|-resisted|p2a: Tapu Fini\n|-crit|p2a: Tapu Fini\n|-damage|p2a: Tapu Fini|21\/100\n|-resisted|p2a: Tapu Fini\n|-crit|p2a: Tapu Fini\n|-damage|p2a: Tapu Fini|13\/100\n|-resisted|p2a: Tapu Fini\n|-crit|p2a: Tapu Fini\n|-damage|p2a: Tapu Fini|5\/100\n|-hitcount|p2a: Tapu Fini|3\n|move|p2a: Tapu Fini|Moonblast|p1a: \u6211\u8981\u6740\u4e86\u592a\u8349\u6676\u5149\u82b1\n|-supereffective|p1a: \u6211\u8981\u6740\u4e86\u592a\u8349\u6676\u5149\u82b1\n|-damage|p1a: \u6211\u8981\u6740\u4e86\u592a\u8349\u6676\u5149\u82b1|0 fnt\n|faint|p1a: \u6211\u8981\u6740\u4e86\u592a\u8349\u6676\u5149\u82b1\n|\n|-heal|p2a: Tapu Fini|11\/100|[from] item: Leftovers\n|upkeep\n|\n|t:|1700974836\n|switch|p1a: \u592a\u533b|Comfey, F|51\/100\n|turn|31\n|\n|t:|1700974840\n|move|p1a: \u592a\u533b|Giga Drain|p2a: Tapu Fini\n|-supereffective|p2a: Tapu Fini\n|-damage|p2a: Tapu Fini|0 fnt\n|-heal|p1a: \u592a\u533b|59\/100|[from] drain|[of] p2a: Tapu Fini\n|faint|p2a: Tapu Fini\n|-damage|p1a: \u592a\u533b|49\/100|[from] item: Life Orb\n|\n|upkeep\n|\n|t:|1700974842\n|switch|p2a: Beedrill|Beedrill-Mega, M, shiny|100\/100\n|turn|32\n|\n|t:|1700974846\n|move|p2a: Beedrill|Poison Jab|p1a: \u592a\u533b\n|-supereffective|p1a: \u592a\u533b\n|-damage|p1a: \u592a\u533b|0 fnt\n|faint|p1a: \u592a\u533b\n|\n|win|dracs and switches\n|raw|qazserfvgyujnko's rating: 1282 &rarr; <strong>1262<\/strong><br \/>(-20 for losing)\n|raw|dracs and switches's rating: 1353 &rarr; <strong>1369<\/strong><br \/>(+16 for winning)\n","uploadtime":1700974857,"views":3,"p1id":"qazserfvgyujnko","p2id":"dracsandswitches","formatid":"gen9nationaldex","rating":1262,"private":0,"password":""}