{"id":"gen9nationaldex-1993793387","p1":"CitrineSHOWDOWN","p2":"geklmao","format":"[Gen 9] National Dex","log":"|j|\u2606CitrineSHOWDOWN\n|j|\u2606geklmao\n|t:|1700357968\n|gametype|singles\n|player|p1|CitrineSHOWDOWN|ash|\n|player|p2|geklmao|101|\n|teamsize|p1|6\n|teamsize|p2|6\n|gen|9\n|tier|[Gen 9] National Dex\n|rule|HP Percentage Mod: HP is shown in percentages\n|rule|Endless Battle Clause: Forcing endless battles is banned\n|rule|OHKO Clause: OHKO moves are banned\n|rule|Evasion Clause: Evasion abilities, items, and moves are banned\n|rule|Evasion Abilities Clause: Evasion abilities are banned\n|rule|Evasion Items Clause: Evasion items are banned\n|rule|Evasion Moves Clause: Evasion moves are banned\n|rule|Species Clause: Limit one of each Pok\u00e9mon\n|rule|Sleep Clause Mod: Limit one foe put to sleep\n|clearpoke\n|poke|p1|Torkoal, M|\n|poke|p1|Azumarill, F|\n|poke|p1|Sinistcha|\n|poke|p1|Weavile, M|\n|poke|p1|Altaria, F|\n|poke|p1|Aegislash, M|\n|poke|p2|Kricketune, M|\n|poke|p2|Cramorant, M|\n|poke|p2|Maushold-Four|\n|poke|p2|Dedenne, F|\n|poke|p2|Tyrantrum, M|\n|poke|p2|Kecleon, M|\n|teampreview\n|inactive|Battle timer is ON: inactive players will automatically lose when time's up. (requested by geklmao)\n|\n|t:|1700357996\n|start\n|switch|p1a: Scary! Eeek!|Aegislash, M|100\/100\n|switch|p2a: Dedenne|Dedenne, F|100\/100\n|turn|1\n|j| MarkiplierVGC\n|\n|t:|1700358010\n|move|p2a: Dedenne|Nuzzle|p1a: Scary! Eeek!\n|-damage|p1a: Scary! Eeek!|96\/100\n|-status|p1a: Scary! Eeek!|par\n|cant|p1a: Scary! Eeek!|par\n|\n|upkeep\n|turn|2\n|\n|t:|1700358017\n|move|p2a: Dedenne|Charge Beam|p1a: Scary! Eeek!\n|-damage|p1a: Scary! Eeek!|76\/100 par\n|-formechange|p1a: Scary! Eeek!|Aegislash-Blade||[from] ability: Stance Change\n|move|p1a: Scary! Eeek!|Close Combat|p2a: Dedenne\n|-resisted|p2a: Dedenne\n|-damage|p2a: Dedenne|62\/100\n|-unboost|p1a: Scary! Eeek!|def|1\n|-unboost|p1a: Scary! Eeek!|spd|1\n|\n|upkeep\n|turn|3\n|\n|t:|1700358028\n|-formechange|p1a: Scary! Eeek!|Aegislash||[from] ability: Stance Change\n|move|p1a: Scary! Eeek!|King's Shield|p1a: Scary! Eeek!\n|-singleturn|p1a: Scary! Eeek!|Protect\n|move|p2a: Dedenne|Charge Beam|p1a: Scary! Eeek!\n|-activate|p1a: Scary! Eeek!|move: Protect\n|\n|upkeep\n|turn|4\n|\n|t:|1700358036\n|-formechange|p1a: Scary! Eeek!|Aegislash-Blade||[from] ability: Stance Change\n|move|p1a: Scary! Eeek!|Shadow Sneak|p2a: Dedenne\n|-damage|p2a: Dedenne|19\/100\n|-enditem|p2a: Dedenne|Sitrus Berry|[eat]\n|-heal|p2a: Dedenne|44\/100|[from] item: Sitrus Berry\n|-heal|p2a: Dedenne|77\/100|[from] ability: Cheek Pouch\n|move|p2a: Dedenne|Charge Beam|p1a: Scary! Eeek!\n|-damage|p1a: Scary! Eeek!|1\/100 par\n|-boost|p2a: Dedenne|spa|1\n|\n|upkeep\n|turn|5\n|\n|t:|1700358047\n|move|p1a: Scary! Eeek!|Shadow Sneak|p2a: Dedenne\n|-damage|p2a: Dedenne|36\/100\n|move|p2a: Dedenne|Recycle|p2a: Dedenne\n|-item|p2a: Dedenne|Sitrus Berry|[from] move: Recycle\n|-enditem|p2a: Dedenne|Sitrus Berry|[eat]\n|-heal|p2a: Dedenne|61\/100|[from] item: Sitrus Berry\n|-heal|p2a: Dedenne|94\/100|[from] ability: Cheek Pouch\n|\n|upkeep\n|turn|6\n|\n|t:|1700358056\n|cant|p1a: Scary! Eeek!|par\n|move|p2a: Dedenne|Thunderbolt|p1a: Scary! Eeek!\n|-damage|p1a: Scary! Eeek!|0 fnt\n|faint|p1a: Scary! Eeek!\n|\n|upkeep\n|\n|t:|1700358060\n|switch|p1a: Fat|Azumarill, F, shiny|100\/100\n|turn|7\n|\n|t:|1700358064\n|move|p2a: Dedenne|Charge Beam|p1a: Fat\n|-supereffective|p1a: Fat\n|-damage|p1a: Fat|19\/100\n|-boost|p2a: Dedenne|spa|1\n|-enditem|p1a: Fat|Sitrus Berry|[eat]\n|-heal|p1a: Fat|44\/100|[from] item: Sitrus Berry\n|move|p1a: Fat|Knock Off|p2a: Dedenne\n|-resisted|p2a: Dedenne\n|-damage|p2a: Dedenne|69\/100\n|\n|upkeep\n|turn|8\n|\n|t:|1700358079\n|move|p2a: Dedenne|Charge Beam|p1a: Fat\n|-supereffective|p1a: Fat\n|-damage|p1a: Fat|0 fnt\n|-boost|p2a: Dedenne|spa|1\n|faint|p1a: Fat\n|\n|upkeep\n|\n|t:|1700358086\n|switch|p1a: Geklmao|Torkoal, M, shiny|100\/100\n|-weather|SunnyDay|[from] ability: Drought|[of] p1a: Geklmao\n|turn|9\n|\n|t:|1700358090\n|-terastallize|p1a: Geklmao|Ground\n|move|p2a: Dedenne|Nuzzle|p1a: Geklmao\n|-immune|p1a: Geklmao\n|move|p1a: Geklmao|Earthquake|p2a: Dedenne\n|-supereffective|p2a: Dedenne\n|-crit|p2a: Dedenne\n|-damage|p2a: Dedenne|0 fnt\n|faint|p2a: Dedenne\n|\n|-weather|SunnyDay|[upkeep]\n|upkeep\n|\n|t:|1700358111\n|switch|p2a: Maushold|Maushold-Four|100\/100\n|turn|10\n|\n|t:|1700358115\n|move|p2a: Maushold|Population Bomb|p1a: Geklmao\n|-damage|p1a: Geklmao|93\/100\n|-damage|p1a: Geklmao|85\/100\n|-damage|p1a: Geklmao|77\/100\n|-damage|p1a: Geklmao|68\/100\n|-damage|p1a: Geklmao|60\/100\n|-damage|p1a: Geklmao|52\/100\n|-damage|p1a: Geklmao|43\/100\n|-damage|p1a: Geklmao|36\/100\n|-damage|p1a: Geklmao|28\/100\n|-damage|p1a: Geklmao|20\/100\n|-hitcount|p1a: Geklmao|10\n|move|p1a: Geklmao|Yawn|p2a: Maushold\n|-start|p2a: Maushold|move: Yawn|[of] p1a: Geklmao\n|\n|-weather|SunnyDay|[upkeep]\n|upkeep\n|turn|11\n|\n|t:|1700358134\n|move|p2a: Maushold|Population Bomb|p1a: Geklmao\n|-damage|p1a: Geklmao|12\/100\n|-damage|p1a: Geklmao|5\/100\n|-damage|p1a: Geklmao|0 fnt\n|faint|p1a: Geklmao\n|-hitcount|p1: Geklmao|3\n|\n|-weather|SunnyDay|[upkeep]\n|-end|p2a: Maushold|move: Yawn|[silent]\n|-status|p2a: Maushold|slp\n|upkeep\n|\n|t:|1700358147\n|switch|p1a: Less Scary. Eek.|Sinistcha, shiny|100\/100\n|turn|12\n|\n|t:|1700358167\n|cant|p2a: Maushold|slp\n|move|p1a: Less Scary. Eek.|Strength Sap|p2a: Maushold\n|-unboost|p2a: Maushold|atk|1\n|\n|-weather|SunnyDay|[upkeep]\n|upkeep\n|turn|13\n|\n|t:|1700358174\n|cant|p2a: Maushold|slp\n|move|p1a: Less Scary. Eek.|Strength Sap|p2a: Maushold\n|-unboost|p2a: Maushold|atk|1\n|\n|-weather|none\n|upkeep\n|turn|14\n|\n|t:|1700358179\n|-curestatus|p2a: Maushold|slp|[msg]\n|move|p2a: Maushold|Beat Up|p1a: Less Scary. Eek.\n|-supereffective|p1a: Less Scary. Eek.\n|-damage|p1a: Less Scary. Eek.|98\/100\n|-supereffective|p1a: Less Scary. Eek.\n|-damage|p1a: Less Scary. Eek.|95\/100\n|-supereffective|p1a: Less Scary. Eek.\n|-damage|p1a: Less Scary. Eek.|92\/100\n|-supereffective|p1a: Less Scary. Eek.\n|-damage|p1a: Less Scary. Eek.|88\/100\n|-supereffective|p1a: Less Scary. Eek.\n|-damage|p1a: Less Scary. Eek.|84\/100\n|-hitcount|p1a: Less Scary. Eek.|5\n|move|p1a: Less Scary. Eek.|Strength Sap|p2a: Maushold\n|-unboost|p2a: Maushold|atk|1\n|-heal|p1a: Less Scary. Eek.|100\/100\n|\n|upkeep\n|turn|15\n|\n|t:|1700358199\n|move|p2a: Maushold|Tidy Up|p2a: Maushold\n|-boost|p2a: Maushold|atk|1\n|-boost|p2a: Maushold|spe|1\n|move|p1a: Less Scary. Eek.|Matcha Gotcha|p2a: Maushold\n|-damage|p2a: Maushold|57\/100\n|\n|upkeep\n|turn|16\n|\n|t:|1700358211\n|move|p2a: Maushold|Tidy Up|p2a: Maushold\n|-boost|p2a: Maushold|atk|1\n|-boost|p2a: Maushold|spe|1\n|move|p1a: Less Scary. Eek.|Strength Sap|p2a: Maushold\n|-unboost|p2a: Maushold|atk|1\n|\n|upkeep\n|turn|17\n|\n|t:|1700358217\n|move|p2a: Maushold|Tidy Up|p2a: Maushold\n|-boost|p2a: Maushold|atk|1\n|-boost|p2a: Maushold|spe|1\n|move|p1a: Less Scary. Eek.|Strength Sap|p2a: Maushold\n|-unboost|p2a: Maushold|atk|1\n|\n|upkeep\n|turn|18\n|\n|t:|1700358223\n|move|p2a: Maushold|Tidy Up|p2a: Maushold\n|-boost|p2a: Maushold|atk|1\n|-boost|p2a: Maushold|spe|1\n|move|p1a: Less Scary. Eek.|Strength Sap|p2a: Maushold\n|-unboost|p2a: Maushold|atk|1\n|\n|upkeep\n|turn|19\n|\n|t:|1700358229\n|move|p2a: Maushold|Tidy Up|p2a: Maushold\n|-boost|p2a: Maushold|atk|1\n|-boost|p2a: Maushold|spe|1\n|move|p1a: Less Scary. Eek.|Strength Sap|p2a: Maushold\n|-unboost|p2a: Maushold|atk|1\n|\n|upkeep\n|turn|20\n|\n|t:|1700358238\n|move|p2a: Maushold|Tidy Up|p2a: Maushold\n|-boost|p2a: Maushold|atk|1\n|-boost|p2a: Maushold|spe|1\n|move|p1a: Less Scary. Eek.|Strength Sap|p2a: Maushold\n|-unboost|p2a: Maushold|atk|1\n|\n|upkeep\n|turn|21\n|\n|t:|1700358245\n|move|p2a: Maushold|Tidy Up|p2a: Maushold\n|-boost|p2a: Maushold|atk|1\n|move|p1a: Less Scary. Eek.|Matcha Gotcha|p2a: Maushold\n|-damage|p2a: Maushold|9\/100\n|\n|upkeep\n|turn|22\n|\n|t:|1700358253\n|move|p2a: Maushold|Beat Up|p1a: Less Scary. Eek.\n|-supereffective|p1a: Less Scary. Eek.\n|-damage|p1a: Less Scary. Eek.|97\/100\n|-supereffective|p1a: Less Scary. Eek.\n|-damage|p1a: Less Scary. Eek.|94\/100\n|-supereffective|p1a: Less Scary. Eek.\n|-damage|p1a: Less Scary. Eek.|89\/100\n|-supereffective|p1a: Less Scary. Eek.\n|-damage|p1a: Less Scary. Eek.|84\/100\n|-supereffective|p1a: Less Scary. Eek.\n|-damage|p1a: Less Scary. Eek.|80\/100\n|-hitcount|p1a: Less Scary. Eek.|5\n|move|p1a: Less Scary. Eek.|Matcha Gotcha|p2a: Maushold\n|-damage|p2a: Maushold|0 fnt\n|-heal|p1a: Less Scary. Eek.|84\/100|[from] drain|[of] p2a: Maushold\n|faint|p2a: Maushold\n|\n|-heal|p1a: Less Scary. Eek.|90\/100|[from] item: Leftovers\n|upkeep\n|\n|t:|1700358270\n|switch|p2a: BZZZ|Kricketune, M|100\/100\n|turn|23\n|\n|t:|1700358277\n|move|p2a: BZZZ|Fell Stinger|p1a: Less Scary. Eek.\n|-damage|p1a: Less Scary. Eek.|67\/100\n|move|p1a: Less Scary. Eek.|Shadow Ball|p2a: BZZZ\n|-damage|p2a: BZZZ|32\/100\n|\n|-heal|p1a: Less Scary. Eek.|73\/100|[from] item: Leftovers\n|upkeep\n|turn|24\n|\n|t:|1700358286\n|move|p2a: BZZZ|Fell Stinger|p1a: Less Scary. Eek.\n|-damage|p1a: Less Scary. Eek.|53\/100\n|move|p1a: Less Scary. Eek.|Shadow Ball|p2a: BZZZ\n|-damage|p2a: BZZZ|0 fnt\n|faint|p2a: BZZZ\n|\n|-heal|p1a: Less Scary. Eek.|59\/100|[from] item: Leftovers\n|upkeep\n|\n|t:|1700358296\n|switch|p2a: Kecleon|Kecleon, M|100\/100\n|turn|25\n|\n|t:|1700358304\n|move|p2a: Kecleon|Shadow Sneak|p1a: Less Scary. Eek.\n|-start|p2a: Kecleon|typechange|Ghost|[from] ability: Protean\n|-supereffective|p1a: Less Scary. Eek.\n|-damage|p1a: Less Scary. Eek.|31\/100\n|move|p1a: Less Scary. Eek.|Calm Mind|p1a: Less Scary. Eek.\n|-boost|p1a: Less Scary. Eek.|spa|1\n|-boost|p1a: Less Scary. Eek.|spd|1\n|\n|-heal|p1a: Less Scary. Eek.|37\/100|[from] item: Leftovers\n|upkeep\n|turn|26\n|\n|t:|1700358312\n|move|p2a: Kecleon|Sucker Punch|p1a: Less Scary. Eek.\n|-supereffective|p1a: Less Scary. Eek.\n|-damage|p1a: Less Scary. Eek.|9\/100\n|move|p1a: Less Scary. Eek.|Matcha Gotcha|p2a: Kecleon\n|-damage|p2a: Kecleon|45\/100\n|-heal|p1a: Less Scary. Eek.|29\/100|[from] drain|[of] p2a: Kecleon\n|\n|-heal|p1a: Less Scary. Eek.|35\/100|[from] item: Leftovers\n|upkeep\n|turn|27\n|\n|t:|1700358322\n|move|p2a: Kecleon|Shadow Sneak|p1a: Less Scary. Eek.\n|-supereffective|p1a: Less Scary. Eek.\n|-damage|p1a: Less Scary. Eek.|8\/100\n|move|p1a: Less Scary. Eek.|Matcha Gotcha|p2a: Kecleon\n|-damage|p2a: Kecleon|0 fnt\n|-heal|p1a: Less Scary. Eek.|25\/100|[from] drain|[of] p2a: Kecleon\n|faint|p2a: Kecleon\n|\n|-heal|p1a: Less Scary. Eek.|31\/100|[from] item: Leftovers\n|upkeep\n|\n|t:|1700358340\n|switch|p2a: Tyrantrum|Tyrantrum, M|100\/100\n|turn|28\n|\n|t:|1700358346\n|move|p2a: Tyrantrum|Fire Fang|p1a: Less Scary. Eek.\n|-supereffective|p1a: Less Scary. Eek.\n|-damage|p1a: Less Scary. Eek.|6\/100\n|move|p1a: Less Scary. Eek.|Matcha Gotcha|p2a: Tyrantrum|[miss]\n|-miss|p1a: Less Scary. Eek.|p2a: Tyrantrum\n|\n|-heal|p1a: Less Scary. Eek.|12\/100|[from] item: Leftovers\n|upkeep\n|turn|29\n|\n|t:|1700358355\n|move|p2a: Tyrantrum|Fire Fang|p1a: Less Scary. Eek.\n|-supereffective|p1a: Less Scary. Eek.\n|-damage|p1a: Less Scary. Eek.|0 fnt\n|faint|p1a: Less Scary. Eek.\n|\n|upkeep\n|\n|t:|1700358358\n|switch|p1a: Biggy Cheese|Weavile, M|100\/100\n|-ability|p1a: Biggy Cheese|Pressure\n|turn|30\n|\n|t:|1700358367\n|move|p1a: Biggy Cheese|Triple Axel|p2a: Tyrantrum\n|-supereffective|p2a: Tyrantrum\n|-damage|p2a: Tyrantrum|83\/100\n|-supereffective|p2a: Tyrantrum\n|-damage|p2a: Tyrantrum|43\/100\n|-supereffective|p2a: Tyrantrum\n|-damage|p2a: Tyrantrum|0 fnt\n|faint|p2a: Tyrantrum\n|-hitcount|p2: Tyrantrum|3\n|\n|upkeep\n|\n|t:|1700358375\n|switch|p2a: Brody|Cramorant, M|100\/100\n|turn|31\n|\n|t:|1700358381\n|-terastallize|p2a: Brody|Water\n|move|p1a: Biggy Cheese|Knock Off|p2a: Brody\n|-damage|p2a: Brody|10\/100\n|-enditem|p2a: Brody|Splash Plate|[from] move: Knock Off|[of] p1a: Biggy Cheese\n|move|p2a: Brody|Surf|p1a: Biggy Cheese\n|-formechange|p2a: Brody|Cramorant-Gorging|\n|-damage|p1a: Biggy Cheese|46\/100\n|\n|upkeep\n|turn|32\n|\n|t:|1700358393\n|move|p1a: Biggy Cheese|Ice Shard|p2a: Brody\n|-resisted|p2a: Brody\n|-damage|p2a: Brody|0 fnt\n|-damage|p1a: Biggy Cheese|21\/100|[from] ability: Gulp Missile|[of] p2a: Brody\n|-status|p1a: Biggy Cheese|par\n|-formechange|p2a: Brody|Cramorant|\n|faint|p2a: Brody\n|\n|win|CitrineSHOWDOWN\n|l|\u2606geklmao\n","uploadtime":1700358405,"views":22,"p1id":"citrineshowdown","p2id":"geklmao","formatid":"gen9nationaldex","rating":0,"private":0,"password":""}