{"id":"gen9nationaldex-1999607391","p1":"TheMidwestChamp","p2":"Glados900","format":"[Gen 9] National Dex","log":"|html|<div class=\"broadcast-blue\"><strong>[Gen 9] National Dex is currently suspecting Sneasler! For information on how to participate check out the <a href=\"https:\/\/www.smogon.com\/forums\/threads\/sv-national-dex-suspect-8-just-dance.3731534\/\">suspect thread<\/a>.<\/strong><\/div>\n|j|\u2606TheMidwestChamp\n|j|\u2606Glados900\n|t:|1701100684\n|gametype|singles\n|player|p1|TheMidwestChamp|gambler|1000\n|player|p2|Glados900|cheren-gen5bw2|1000\n|teamsize|p1|6\n|teamsize|p2|6\n|gen|9\n|tier|[Gen 9] National Dex\n|rated|\n|rule|HP Percentage Mod: HP is shown in percentages\n|rule|Endless Battle Clause: Forcing endless battles is banned\n|rule|OHKO Clause: OHKO moves are banned\n|rule|Evasion Clause: Evasion abilities, items, and moves are banned\n|rule|Evasion Abilities Clause: Evasion abilities are banned\n|rule|Evasion Items Clause: Evasion items are banned\n|rule|Evasion Moves Clause: Evasion moves are banned\n|rule|Species Clause: Limit one of each Pok\u00e9mon\n|rule|Sleep Clause Mod: Limit one foe put to sleep\n|clearpoke\n|poke|p1|Torterra, M|\n|poke|p1|Lopunny, F|\n|poke|p1|Gyarados, M|\n|poke|p1|Chandelure, M|\n|poke|p1|Skarmory, M|\n|poke|p1|Ribombee, F|\n|poke|p2|Audino, F|\n|poke|p2|Scolipede, M|\n|poke|p2|Delphox, F|\n|poke|p2|Krookodile, M|\n|poke|p2|Aegislash, M|\n|poke|p2|Ditto|\n|teampreview\n|inactive|Battle timer is ON: inactive players will automatically lose when time's up. (requested by TheMidwestChamp)\n|\n|t:|1701100692\n|start\n|switch|p1a: Ribombee|Ribombee, F, shiny|100\/100\n|switch|p2a: Lemonade|Delphox, F|100\/100\n|turn|1\n|\n|t:|1701100700\n|move|p2a: Lemonade|Trick|p1a: Ribombee\n|-activate|p2a: Lemonade|move: Trick|[of] p1a: Ribombee\n|-item|p1a: Ribombee|Choice Scarf|[from] move: Trick\n|-item|p2a: Lemonade|Focus Sash|[from] move: Trick\n|move|p1a: Ribombee|Sticky Web|p2a: Lemonade\n|-sidestart|p2: Glados900|move: Sticky Web\n|\n|upkeep\n|turn|2\n|\n|t:|1701100710\n|switch|p1a: Chandelure|Chandelure, M|100\/100\n|move|p2a: Lemonade|Calm Mind|p2a: Lemonade\n|-boost|p2a: Lemonade|spa|1\n|-boost|p2a: Lemonade|spd|1\n|\n|upkeep\n|turn|3\n|\n|t:|1701100719\n|move|p2a: Lemonade|Skill Swap|p1a: Chandelure\n|-activate|p2a: Lemonade|move: Skill Swap|Infiltrator|Blaze|[of] p1a: Chandelure\n|move|p1a: Chandelure|Inferno|p2a: Lemonade\n|-resisted|p2a: Lemonade\n|-damage|p2a: Lemonade|77\/100\n|\n|upkeep\n|turn|4\n|\n|t:|1701100742\n|move|p2a: Lemonade|Fire Blast|p1a: Chandelure\n|-resisted|p1a: Chandelure\n|-damage|p1a: Chandelure|45\/100\n|move|p1a: Chandelure|Inferno|p2a: Lemonade|[miss]\n|-miss|p1a: Chandelure|p2a: Lemonade\n|-enditem|p1a: Chandelure|Blunder Policy\n|-boost|p1a: Chandelure|spe|2\n|\n|upkeep\n|turn|5\n|\n|t:|1701100750\n|move|p1a: Chandelure|Shadow Ball|p2a: Lemonade\n|-supereffective|p2a: Lemonade\n|-damage|p2a: Lemonade|4\/100\n|move|p2a: Lemonade|Fire Blast|p1a: Chandelure\n|-resisted|p1a: Chandelure\n|-damage|p1a: Chandelure|0 fnt\n|faint|p1a: Chandelure\n|\n|upkeep\n|\n|t:|1701100764\n|switch|p1a: Skarmory|Skarmory, M|100\/100\n|turn|6\n|\n|t:|1701100770\n|move|p2a: Lemonade|Fire Blast|p1a: Skarmory\n|-supereffective|p1a: Skarmory\n|-ability|p1a: Skarmory|Sturdy\n|-damage|p1a: Skarmory|1\/100\n|-enditem|p1a: Skarmory|Weakness Policy\n|-boost|p1a: Skarmory|atk|2|[from] item: Weakness Policy\n|-boost|p1a: Skarmory|spa|2|[from] item: Weakness Policy\n|move|p1a: Skarmory|Drill Peck|p2a: Lemonade\n|-damage|p2a: Lemonade|0 fnt\n|faint|p2a: Lemonade\n|\n|upkeep\n|\n|t:|1701100780\n|switch|p2a: Freelancer|Ditto|100\/100\n|-activate|p2a: Freelancer|move: Sticky Web\n|-unboost|p2a: Freelancer|spe|1\n|-transform|p2a: Freelancer|p1a: Skarmory|[from] ability: Imposter\n|turn|7\n|\n|t:|1701100797\n|move|p2a: Freelancer|Drill Peck|p1a: Skarmory\n|-resisted|p1a: Skarmory\n|-damage|p1a: Skarmory|0 fnt\n|faint|p1a: Skarmory\n|\n|upkeep\n|c|\u2606TheMidwestChamp|I am very familiar with the ditto strat lol I use it myself\n|c|\u2606TheMidwestChamp|Respect\n|\n|t:|1701100821\n|switch|p1a: Lopunny|Lopunny, F|100\/100\n|turn|8\n|\n|t:|1701100828\n|detailschange|p1a: Lopunny|Lopunny-Mega, F\n|-mega|p1a: Lopunny|Lopunny|Lopunnite\n|move|p1a: Lopunny|Fake Out|p2a: Freelancer\n|-resisted|p2a: Freelancer\n|-damage|p2a: Freelancer|92\/100\n|cant|p2a: Freelancer|flinch\n|\n|upkeep\n|turn|9\n|\n|t:|1701100837\n|move|p1a: Lopunny|Teeter Dance|p2a: Freelancer\n|-start|p2a: Freelancer|confusion\n|-activate|p2a: Freelancer|confusion\n|move|p2a: Freelancer|Drill Peck|p1a: Lopunny\n|-supereffective|p1a: Lopunny\n|-damage|p1a: Lopunny|0 fnt\n|faint|p1a: Lopunny\n|\n|upkeep\n|\n|t:|1701100842\n|switch|p1a: Gyarados|Gyarados, M, shiny|100\/100\n|turn|10\n|\n|t:|1701100847\n|-activate|p2a: Freelancer|confusion\n|move|p2a: Freelancer|Drill Peck|p1a: Gyarados\n|-damage|p1a: Gyarados|13\/100\n|move|p1a: Gyarados|Dragon Dance|p1a: Gyarados\n|-boost|p1a: Gyarados|atk|1\n|-boost|p1a: Gyarados|spe|1\n|\n|upkeep\n|turn|11\n|\n|t:|1701100865\n|switch|p2a: Eye Sword|Aegislash, M|100\/100\n|-activate|p2a: Eye Sword|move: Sticky Web\n|-unboost|p2a: Eye Sword|spe|1\n|move|p1a: Gyarados|Ice Fang|p2a: Eye Sword\n|-resisted|p2a: Eye Sword\n|-damage|p2a: Eye Sword|83\/100\n|\n|upkeep\n|turn|12\n|\n|t:|1701100885\n|move|p1a: Gyarados|Dragon Dance|p1a: Gyarados\n|-boost|p1a: Gyarados|atk|1\n|-boost|p1a: Gyarados|spe|1\n|-formechange|p2a: Eye Sword|Aegislash-Blade||[from] ability: Stance Change\n|move|p2a: Eye Sword|Sacred Sword|p1a: Gyarados\n|-resisted|p1a: Gyarados\n|-damage|p1a: Gyarados|0 fnt\n|faint|p1a: Gyarados\n|\n|upkeep\n|c|\u2606TheMidwestChamp|I really like your team, it\u2019s a good mix of support and no legends is a real G move\n|\n|t:|1701100910\n|switch|p1a: Torterra|Torterra, M|100\/100\n|turn|13\n|\n|t:|1701100927\n|-terastallize|p1a: Torterra|Grass\n|move|p1a: Torterra|Shell Smash|p1a: Torterra\n|-unboost|p1a: Torterra|def|1\n|-unboost|p1a: Torterra|spd|1\n|-boost|p1a: Torterra|atk|2\n|-boost|p1a: Torterra|spa|2\n|-boost|p1a: Torterra|spe|2\n|move|p2a: Eye Sword|Sacred Sword|p1a: Torterra\n|-damage|p1a: Torterra|65\/100\n|\n|upkeep\n|turn|14\n|\n|t:|1701100939\n|-formechange|p2a: Eye Sword|Aegislash||[from] ability: Stance Change\n|move|p2a: Eye Sword|King's Shield|p2a: Eye Sword\n|-singleturn|p2a: Eye Sword|Protect\n|move|p1a: Torterra|Earthquake|p2a: Eye Sword\n|-activate|p2a: Eye Sword|move: Protect\n|\n|upkeep\n|turn|15\n|\n|t:|1701100951\n|switch|p2a: Courtesy Call|Audino, F|100\/100\n|-activate|p2a: Courtesy Call|move: Sticky Web\n|-unboost|p2a: Courtesy Call|spe|1\n|move|p1a: Torterra|Earthquake|p2a: Courtesy Call\n|-damage|p2a: Courtesy Call|0 fnt\n|faint|p2a: Courtesy Call\n|\n|upkeep\n|\n|t:|1701100959\n|switch|p2a: Freelancer|Ditto|92\/100\n|-activate|p2a: Freelancer|move: Sticky Web\n|-unboost|p2a: Freelancer|spe|1\n|-transform|p2a: Freelancer|p1a: Torterra|[from] ability: Imposter\n|-start|p2a: Freelancer|typechange|Grass\/Ground|[silent]\n|turn|16\n|inactive|Glados900 has 120 seconds left.\n|\n|t:|1701100986\n|move|p2a: Freelancer|Crunch|p1a: Torterra\n|-damage|p1a: Torterra|0 fnt\n|faint|p1a: Torterra\n|\n|upkeep\n|\n|t:|1701100989\n|switch|p1a: Ribombee|Ribombee, F, shiny|100\/100\n|turn|17\n|inactive|Glados900 has 120 seconds left.\n|\n|t:|1701100996\n|move|p2a: Freelancer|Crunch|p1a: Ribombee\n|-resisted|p1a: Ribombee\n|-damage|p1a: Ribombee|46\/100\n|move|p1a: Ribombee|Silver Wind|p2a: Freelancer\n|-supereffective|p2a: Freelancer\n|-crit|p2a: Freelancer\n|-damage|p2a: Freelancer|0 fnt\n|faint|p2a: Freelancer\n|\n|upkeep\n|c|\u2606TheMidwestChamp|Gg man\n|inactive|Glados900 has 120 seconds left.\n|\n|t:|1701101004\n|switch|p2a: Acid Chloride|Scolipede, M|100\/100\n|-activate|p2a: Acid Chloride|move: Sticky Web\n|-unboost|p2a: Acid Chloride|spe|1\n|turn|18\n|inactive|Glados900 has 120 seconds left.\n|\n|t:|1701101014\n|move|p1a: Ribombee|Silver Wind|p2a: Acid Chloride\n|-resisted|p2a: Acid Chloride\n|-damage|p2a: Acid Chloride|75\/100\n|move|p2a: Acid Chloride|Swords Dance|p2a: Acid Chloride\n|-boost|p2a: Acid Chloride|atk|2\n|\n|-ability|p2a: Acid Chloride|Speed Boost|boost\n|-boost|p2a: Acid Chloride|spe|1\n|upkeep\n|turn|19\n|\n|t:|1701101030\n|move|p1a: Ribombee|Silver Wind|p2a: Acid Chloride\n|-resisted|p2a: Acid Chloride\n|-damage|p2a: Acid Chloride|51\/100\n|move|p2a: Acid Chloride|Poison Jab|p1a: Ribombee\n|-supereffective|p1a: Ribombee\n|-damage|p1a: Ribombee|0 fnt\n|faint|p1a: Ribombee\n|\n|win|Glados900\n|raw|TheMidwestChamp's rating: 1000 &rarr; <strong>1000<\/strong><br \/>(+0 for losing)\n|raw|Glados900's rating: 1000 &rarr; <strong>1040<\/strong><br \/>(+40 for winning)\n|c|\u2606TheMidwestChamp|Respect\n","uploadtime":1701101072,"views":2,"p1id":"themidwestchamp","p2id":"glados900","formatid":"gen9nationaldex","rating":1000,"private":0,"password":""}