{"id":"gen9nationaldex-1998001167","p1":"hundredswords","p2":"gzp666","format":"[Gen 9] National Dex","log":"|html|<div class=\"broadcast-blue\"><strong>[Gen 9] National Dex is currently suspecting Sneasler! For information on how to participate check out the <a href=\"https:\/\/www.smogon.com\/forums\/threads\/sv-national-dex-suspect-8-just-dance.3731534\/\">suspect thread<\/a>.<\/strong><\/div>\n|j|\u2606hundredswords\n|j|\u2606gzp666\n|t:|1700877433\n|gametype|singles\n|player|p1|hundredswords|2|1308\n|player|p2|gzp666|ghetsis|1331\n|teamsize|p1|6\n|teamsize|p2|6\n|gen|9\n|tier|[Gen 9] National Dex\n|rated|\n|rule|HP Percentage Mod: HP is shown in percentages\n|rule|Endless Battle Clause: Forcing endless battles is banned\n|rule|OHKO Clause: OHKO moves are banned\n|rule|Evasion Clause: Evasion abilities, items, and moves are banned\n|rule|Evasion Abilities Clause: Evasion abilities are banned\n|rule|Evasion Items Clause: Evasion items are banned\n|rule|Evasion Moves Clause: Evasion moves are banned\n|rule|Species Clause: Limit one of each Pok\u00e9mon\n|rule|Sleep Clause Mod: Limit one foe put to sleep\n|clearpoke\n|poke|p1|Tapu Lele|\n|poke|p1|Garchomp, M|\n|poke|p1|Charizard, F|\n|poke|p1|Ferrothorn, F|\n|poke|p1|Great Tusk|\n|poke|p1|Rotom-Wash|\n|poke|p2|Tapu Koko|\n|poke|p2|Iron Valiant|\n|poke|p2|Sneasler, M|\n|poke|p2|Zapdos|\n|poke|p2|Clodsire, F|\n|poke|p2|Great Tusk|\n|teampreview\n|inactive|Battle timer is ON: inactive players will automatically lose when time's up. (requested by gzp666)\n|\n|t:|1700877452\n|start\n|switch|p1a: Garchomp|Garchomp, M|100\/100\n|switch|p2a: Tapu Koko|Tapu Koko|100\/100\n|-fieldstart|move: Electric Terrain|[from] ability: Electric Surge|[of] p2a: Tapu Koko\n|turn|1\n|\n|t:|1700877463\n|move|p2a: Tapu Koko|U-turn|p1a: Garchomp\n|-damage|p1a: Garchomp|83\/100\n|-damage|p2a: Tapu Koko|88\/100|[from] ability: Rough Skin|[of] p1a: Garchomp\n|-damage|p2a: Tapu Koko|72\/100|[from] item: Rocky Helmet|[of] p1a: Garchomp\n|\n|t:|1700877468\n|switch|p2a: Great Tusk|Great Tusk|100\/100|[from] U-turn\n|move|p1a: Garchomp|Earthquake|p2a: Great Tusk\n|-damage|p2a: Great Tusk|66\/100\n|\n|-heal|p2a: Great Tusk|72\/100|[from] item: Leftovers\n|upkeep\n|turn|2\n|\n|t:|1700877476\n|switch|p1a: Rotom|Rotom-Wash|100\/100\n|move|p2a: Great Tusk|Ice Spinner|p1a: Rotom\n|-resisted|p1a: Rotom\n|-damage|p1a: Rotom|86\/100\n|-fieldend|move: Electric Terrain\n|\n|-heal|p2a: Great Tusk|78\/100|[from] item: Leftovers\n|-heal|p1a: Rotom|92\/100|[from] item: Leftovers\n|upkeep\n|turn|3\n|\n|t:|1700877487\n|-end|p2a: Great Tusk|Protosynthesis|[silent]\n|switch|p2a: Tapu Koko|Tapu Koko|72\/100\n|-fieldstart|move: Electric Terrain|[from] ability: Electric Surge|[of] p2a: Tapu Koko\n|move|p1a: Rotom|Will-O-Wisp|p2a: Tapu Koko\n|-status|p2a: Tapu Koko|brn\n|\n|-heal|p1a: Rotom|98\/100|[from] item: Leftovers\n|-damage|p2a: Tapu Koko|66\/100 brn|[from] brn\n|upkeep\n|turn|4\n|\n|t:|1700877496\n|move|p2a: Tapu Koko|U-turn|p1a: Rotom\n|-damage|p1a: Rotom|86\/100\n|\n|t:|1700877505\n|switch|p2a: Zapdos|Zapdos|100\/100|[from] U-turn\n|move|p1a: Rotom|Volt Switch|p2a: Zapdos\n|-damage|p2a: Zapdos|72\/100\n|\n|t:|1700877513\n|switch|p1a: Tapu Lele|Tapu Lele, shiny|100\/100|[from] Volt Switch\n|-fieldstart|move: Psychic Terrain|[from] ability: Psychic Surge|[of] p1a: Tapu Lele\n|\n|upkeep\n|turn|5\n|\n|t:|1700877521\n|move|p1a: Tapu Lele|Psychic|p2a: Zapdos\n|-damage|p2a: Zapdos|15\/100\n|move|p2a: Zapdos|Volt Switch|p1a: Tapu Lele\n|-damage|p1a: Tapu Lele|71\/100\n|\n|t:|1700877528\n|switch|p2a: Tapu Koko|Tapu Koko|66\/100 brn|[from] Volt Switch\n|-fieldstart|move: Electric Terrain|[from] ability: Electric Surge|[of] p2a: Tapu Koko\n|\n|-damage|p2a: Tapu Koko|60\/100 brn|[from] brn\n|upkeep\n|turn|6\n|\n|t:|1700877544\n|switch|p1a: Garchomp|Garchomp, M|83\/100\n|move|p2a: Tapu Koko|U-turn|p1a: Garchomp\n|-damage|p1a: Garchomp|76\/100\n|-damage|p2a: Tapu Koko|47\/100 brn|[from] ability: Rough Skin|[of] p1a: Garchomp\n|-damage|p2a: Tapu Koko|31\/100 brn|[from] item: Rocky Helmet|[of] p1a: Garchomp\n|\n|t:|1700877554\n|switch|p2a: Iron Valiant|Iron Valiant|100\/100|[from] U-turn\n|-activate|p2a: Iron Valiant|ability: Quark Drive\n|-start|p2a: Iron Valiant|quarkdrivespe\n|\n|upkeep\n|turn|7\n|\n|t:|1700877563\n|switch|p1a: Tapu Lele|Tapu Lele, shiny|71\/100\n|-fieldstart|move: Psychic Terrain|[from] ability: Psychic Surge|[of] p1a: Tapu Lele\n|-end|p2a: Iron Valiant|Quark Drive\n|-enditem|p2a: Iron Valiant|Booster Energy\n|-activate|p2a: Iron Valiant|ability: Quark Drive|[fromitem]\n|-start|p2a: Iron Valiant|quarkdrivespe\n|move|p2a: Iron Valiant|Moonblast|p1a: Tapu Lele\n|-damage|p1a: Tapu Lele|18\/100\n|-unboost|p1a: Tapu Lele|spa|1\n|\n|upkeep\n|turn|8\n|\n|t:|1700877577\n|move|p2a: Iron Valiant|Psychic|p1a: Tapu Lele\n|-resisted|p1a: Tapu Lele\n|-damage|p1a: Tapu Lele|0 fnt\n|faint|p1a: Tapu Lele\n|\n|upkeep\n|\n|t:|1700877592\n|switch|p1a: Ferrothorn|Ferrothorn, F|100\/100\n|turn|9\n|\n|t:|1700877600\n|-terastallize|p2a: Iron Valiant|Steel\n|move|p2a: Iron Valiant|Aura Sphere|p1a: Ferrothorn\n|-supereffective|p1a: Ferrothorn\n|-damage|p1a: Ferrothorn|32\/100\n|move|p1a: Ferrothorn|Gyro Ball|p2a: Iron Valiant\n|-resisted|p2a: Iron Valiant\n|-crit|p2a: Iron Valiant\n|-damage|p2a: Iron Valiant|56\/100\n|\n|-heal|p1a: Ferrothorn|38\/100|[from] item: Leftovers\n|upkeep\n|turn|10\n|\n|t:|1700877609\n|move|p2a: Iron Valiant|Aura Sphere|p1a: Ferrothorn\n|-supereffective|p1a: Ferrothorn\n|-damage|p1a: Ferrothorn|0 fnt\n|faint|p1a: Ferrothorn\n|\n|upkeep\n|\n|t:|1700877614\n|switch|p1a: Charizard|Charizard, F|100\/100\n|turn|11\n|\n|t:|1700877623\n|-end|p2a: Iron Valiant|Quark Drive|[silent]\n|switch|p2a: Zapdos|Zapdos|15\/100\n|detailschange|p1a: Charizard|Charizard-Mega-Y, F\n|-mega|p1a: Charizard|Charizard|Charizardite Y\n|-weather|SunnyDay|[from] ability: Drought|[of] p1a: Charizard\n|move|p1a: Charizard|Flamethrower|p2a: Zapdos\n|-damage|p2a: Zapdos|0 fnt\n|faint|p2a: Zapdos\n|\n|-weather|SunnyDay|[upkeep]\n|-fieldend|move: Psychic Terrain\n|upkeep\n|\n|t:|1700877631\n|switch|p2a: Tapu Koko|Tapu Koko|31\/100 brn\n|-fieldstart|move: Electric Terrain|[from] ability: Electric Surge|[of] p2a: Tapu Koko\n|turn|12\n|\n|t:|1700877639\n|switch|p1a: Garchomp|Garchomp, M|76\/100\n|move|p2a: Tapu Koko|Roost|p2a: Tapu Koko\n|-heal|p2a: Tapu Koko|81\/100 brn\n|-singleturn|p2a: Tapu Koko|move: Roost\n|\n|-weather|SunnyDay|[upkeep]\n|-damage|p2a: Tapu Koko|75\/100 brn|[from] brn\n|upkeep\n|turn|13\n|\n|t:|1700877646\n|move|p2a: Tapu Koko|U-turn|p1a: Garchomp\n|-damage|p1a: Garchomp|68\/100\n|-damage|p2a: Tapu Koko|62\/100 brn|[from] ability: Rough Skin|[of] p1a: Garchomp\n|-damage|p2a: Tapu Koko|46\/100 brn|[from] item: Rocky Helmet|[of] p1a: Garchomp\n|\n|t:|1700877652\n|switch|p2a: Great Tusk|Great Tusk|78\/100|[from] U-turn\n|-activate|p2a: Great Tusk|ability: Protosynthesis\n|-start|p2a: Great Tusk|protosynthesisspe\n|move|p1a: Garchomp|Earthquake|p2a: Great Tusk\n|-damage|p2a: Great Tusk|45\/100\n|\n|-weather|SunnyDay|[upkeep]\n|-heal|p2a: Great Tusk|51\/100|[from] item: Leftovers\n|upkeep\n|turn|14\n|\n|t:|1700877663\n|-end|p2a: Great Tusk|Protosynthesis|[silent]\n|switch|p2a: Iron Valiant|Iron Valiant, tera:Steel|56\/100\n|-activate|p2a: Iron Valiant|ability: Quark Drive\n|-start|p2a: Iron Valiant|quarkdrivespe\n|switch|p1a: Rotom|Rotom-Wash|86\/100\n|\n|-weather|SunnyDay|[upkeep]\n|-heal|p1a: Rotom|93\/100|[from] item: Leftovers\n|upkeep\n|turn|15\n|\n|t:|1700877679\n|move|p2a: Iron Valiant|Moonblast|p1a: Rotom\n|-damage|p1a: Rotom|32\/100\n|-unboost|p1a: Rotom|spa|1\n|move|p1a: Rotom|Volt Switch|p2a: Iron Valiant\n|-damage|p2a: Iron Valiant|18\/100\n|\n|t:|1700877687\n|switch|p1a: Great Tusk|Great Tusk|100\/100|[from] Volt Switch\n|-activate|p1a: Great Tusk|ability: Protosynthesis\n|-start|p1a: Great Tusk|protosynthesisatk\n|\n|-weather|none\n|-end|p1a: Great Tusk|Protosynthesis\n|upkeep\n|turn|16\n|\n|t:|1700877698\n|move|p2a: Iron Valiant|Moonblast|p1a: Great Tusk\n|-supereffective|p1a: Great Tusk\n|-damage|p1a: Great Tusk|0 fnt\n|faint|p1a: Great Tusk\n|-end|p1a: Great Tusk|Protosynthesis|[silent]\n|\n|-fieldend|move: Electric Terrain\n|-end|p2a: Iron Valiant|Quark Drive\n|upkeep\n|\n|t:|1700877711\n|switch|p1a: Garchomp|Garchomp, M|68\/100\n|turn|17\n|\n|t:|1700877714\n|-terastallize|p1a: Garchomp|Steel\n|move|p2a: Iron Valiant|Moonblast|p1a: Garchomp\n|-resisted|p1a: Garchomp\n|-damage|p1a: Garchomp|44\/100\n|-unboost|p1a: Garchomp|spa|1\n|move|p1a: Garchomp|Earthquake|p2a: Iron Valiant\n|-supereffective|p2a: Iron Valiant\n|-damage|p2a: Iron Valiant|0 fnt\n|faint|p2a: Iron Valiant\n|-end|p2a: Iron Valiant|Quark Drive|[silent]\n|\n|upkeep\n|\n|t:|1700877723\n|switch|p2a: Tapu Koko|Tapu Koko|46\/100 brn\n|-fieldstart|move: Electric Terrain|[from] ability: Electric Surge|[of] p2a: Tapu Koko\n|turn|18\n|\n|t:|1700877728\n|move|p2a: Tapu Koko|Roost|p2a: Tapu Koko\n|-heal|p2a: Tapu Koko|96\/100 brn\n|-singleturn|p2a: Tapu Koko|move: Roost\n|move|p1a: Garchomp|Earthquake|p2a: Tapu Koko\n|-supereffective|p2a: Tapu Koko\n|-damage|p2a: Tapu Koko|0 fnt\n|faint|p2a: Tapu Koko\n|\n|upkeep\n|\n|t:|1700877733\n|switch|p2a: Sneasler|Sneasler, M|100\/100\n|-enditem|p2a: Sneasler|Electric Seed\n|-boost|p2a: Sneasler|def|1|[from] item: Electric Seed\n|turn|19\n|\n|t:|1700877740\n|move|p2a: Sneasler|Close Combat|p1a: Garchomp\n|-supereffective|p1a: Garchomp\n|-damage|p1a: Garchomp|0 fnt\n|-unboost|p2a: Sneasler|def|1\n|-unboost|p2a: Sneasler|spd|1\n|-damage|p2a: Sneasler|88\/100|[from] ability: Rough Skin|[of] p1a: Garchomp\n|-damage|p2a: Sneasler|72\/100|[from] item: Rocky Helmet|[of] p1a: Garchomp\n|faint|p1a: Garchomp\n|\n|upkeep\n|\n|t:|1700877751\n|switch|p1a: Charizard|Charizard-Mega-Y, F|100\/100\n|-weather|SunnyDay|[from] ability: Drought|[of] p1a: Charizard\n|turn|20\n|\n|t:|1700877767\n|move|p2a: Sneasler|Dire Claw|p1a: Charizard\n|-damage|p1a: Charizard|41\/100\n|-status|p1a: Charizard|par\n|cant|p1a: Charizard|par\n|\n|-weather|SunnyDay|[upkeep]\n|upkeep\n|turn|21\n|\n|t:|1700877775\n|move|p2a: Sneasler|Dire Claw|p1a: Charizard\n|-damage|p1a: Charizard|0 fnt\n|faint|p1a: Charizard\n|\n|-weather|SunnyDay|[upkeep]\n|upkeep\n|\n|t:|1700877780\n|switch|p1a: Rotom|Rotom-Wash|32\/100\n|turn|22\n|\n|t:|1700877784\n|move|p2a: Sneasler|Close Combat|p1a: Rotom\n|-damage|p1a: Rotom|0 fnt\n|-unboost|p2a: Sneasler|def|1\n|-unboost|p2a: Sneasler|spd|1\n|faint|p1a: Rotom\n|\n|win|gzp666\n|raw|hundredswords's rating: 1308 &rarr; <strong>1289<\/strong><br \/>(-19 for losing)\n|raw|gzp666's rating: 1331 &rarr; <strong>1350<\/strong><br \/>(+19 for winning)\n|l|\u2606hundredswords\n","uploadtime":1700877792,"views":4,"p1id":"hundredswords","p2id":"gzp666","formatid":"gen9nationaldex","rating":1289,"private":0,"password":""}