{"id":"gen9nationaldex-1987917121","p1":"AgenteDino","p2":"imbleed","format":"[Gen 9] National Dex","log":"|j|\u2606AgenteDino\n|j|\u2606imbleed\n|t:|1699648939\n|gametype|singles\n|player|p1|AgenteDino|marnie|1377\n|player|p2|imbleed|poppy|1438\n|teamsize|p1|6\n|teamsize|p2|6\n|gen|9\n|tier|[Gen 9] National Dex\n|rated|\n|rule|HP Percentage Mod: HP is shown in percentages\n|rule|Endless Battle Clause: Forcing endless battles is banned\n|rule|OHKO Clause: OHKO moves are banned\n|rule|Evasion Clause: Evasion abilities, items, and moves are banned\n|rule|Evasion Abilities Clause: Evasion abilities are banned\n|rule|Evasion Items Clause: Evasion items are banned\n|rule|Evasion Moves Clause: Evasion moves are banned\n|rule|Species Clause: Limit one of each Pok\u00e9mon\n|rule|Sleep Clause Mod: Limit one foe put to sleep\n|clearpoke\n|poke|p1|Tapu Koko|\n|poke|p1|Iron Valiant|\n|poke|p1|Hawlucha, M|\n|poke|p1|Iron Moth|\n|poke|p1|Landorus-Therian, M|\n|poke|p1|Scizor, M|\n|poke|p2|Necrozma|\n|poke|p2|Gyarados, F|\n|poke|p2|Starmie|\n|poke|p2|Scizor, F|\n|poke|p2|Great Tusk|\n|poke|p2|Entei|\n|teampreview\n|j| Lonsol\n|j| less might be more\n|j| bigglygrande\n|j| kung fu pokechu\n|j| mistahmerrikuu\n|c|\u2606AgenteDino|lol\n|\n|t:|1699648985\n|start\n|switch|p1a: Tapu Koko|Tapu Koko|100\/100\n|switch|p2a: PRISMED|Necrozma|100\/100\n|-fieldstart|move: Electric Terrain|[from] ability: Electric Surge|[of] p1a: Tapu Koko\n|turn|1\n|\n|t:|1699648997\n|switch|p2a: wowie zowie|Great Tusk|100\/100\n|move|p1a: Tapu Koko|U-turn|p2a: wowie zowie\n|-resisted|p2a: wowie zowie\n|-damage|p2a: wowie zowie|94\/100\n|\n|t:|1699649004\n|switch|p1a: Iron Valiant|Iron Valiant|100\/100|[from] U-turn\n|-activate|p1a: Iron Valiant|ability: Quark Drive\n|-start|p1a: Iron Valiant|quarkdrivespe\n|\n|upkeep\n|turn|2\n|\n|t:|1699649017\n|-end|p2a: wowie zowie|Protosynthesis|[silent]\n|switch|p2a: yes i am a cat|Entei|100\/100\n|move|p1a: Iron Valiant|Moonblast|p2a: yes i am a cat\n|-resisted|p2a: yes i am a cat\n|-damage|p2a: yes i am a cat|64\/100\n|-unboost|p2a: yes i am a cat|spa|1\n|-damage|p1a: Iron Valiant|91\/100|[from] item: Life Orb\n|\n|upkeep\n|turn|3\n|\n|t:|1699649027\n|-end|p1a: Iron Valiant|Quark Drive|[silent]\n|switch|p1a: Landorus|Landorus-Therian, M|100\/100\n|-ability|p1a: Landorus|Intimidate|boost\n|-fail|p2a: yes i am a cat|unboost|Attack|[from] ability: Inner Focus|[of] p2a: yes i am a cat\n|-terastallize|p2a: yes i am a cat|Normal\n|move|p2a: yes i am a cat|Extreme Speed|p1a: Landorus\n|-damage|p1a: Landorus|43\/100\n|-damage|p2a: yes i am a cat|48\/100|[from] item: Rocky Helmet|[of] p1a: Landorus\n|\n|upkeep\n|turn|4\n|\n|t:|1699649045\n|switch|p2a: member|Gyarados, F|100\/100\n|-ability|p2a: member|Intimidate|boost\n|-unboost|p1a: Landorus|atk|1\n|move|p1a: Landorus|Earthquake|p2a: member\n|-immune|p2a: member\n|\n|upkeep\n|turn|5\n|\n|t:|1699649054\n|switch|p1a: Iron Valiant|Iron Valiant|91\/100\n|-activate|p1a: Iron Valiant|ability: Quark Drive\n|-start|p1a: Iron Valiant|quarkdrivespe\n|move|p2a: member|Substitute|p2a: member\n|-start|p2a: member|Substitute\n|-damage|p2a: member|76\/100\n|\n|upkeep\n|turn|6\n|\n|t:|1699649068\n|detailschange|p2a: member|Gyarados-Mega, F\n|-mega|p2a: member|Gyarados|Gyaradosite\n|-ability|p2a: member|Mold Breaker\n|move|p1a: Iron Valiant|Thunderbolt|p2a: member\n|-supereffective|p2a: member\n|-end|p2a: member|Substitute\n|-damage|p1a: Iron Valiant|81\/100|[from] item: Life Orb\n|move|p2a: member|Waterfall|p1a: Iron Valiant\n|-damage|p1a: Iron Valiant|20\/100\n|\n|upkeep\n|turn|7\n|\n|t:|1699649089\n|switch|p2a: PRISMED|Necrozma|100\/100\n|move|p1a: Iron Valiant|Moonblast|p2a: PRISMED\n|-damage|p2a: PRISMED|46\/100\n|-damage|p1a: Iron Valiant|10\/100|[from] item: Life Orb\n|\n|upkeep\n|turn|8\n|\n|t:|1699649094\n|move|p1a: Iron Valiant|Moonblast|p2a: PRISMED\n|-damage|p2a: PRISMED|0 fnt\n|faint|p2a: PRISMED\n|-damage|p1a: Iron Valiant|0 fnt|[from] item: Life Orb\n|faint|p1a: Iron Valiant\n|-end|p1a: Iron Valiant|Quark Drive|[silent]\n|\n|-fieldend|move: Electric Terrain\n|upkeep\n|\n|t:|1699649105\n|switch|p1a: Tapu Koko|Tapu Koko|100\/100\n|switch|p2a: red chud|Scizor, F|100\/100\n|-fieldstart|move: Electric Terrain|[from] ability: Electric Surge|[of] p1a: Tapu Koko\n|turn|9\n|\n|t:|1699649118\n|switch|p1a: Iron Moth|Iron Moth|100\/100\n|-activate|p1a: Iron Moth|ability: Quark Drive\n|-start|p1a: Iron Moth|quarkdrivespe\n|move|p2a: red chud|Swords Dance|p2a: red chud\n|-boost|p2a: red chud|atk|2\n|\n|upkeep\n|turn|10\n|\n|t:|1699649130\n|-terastallize|p1a: Iron Moth|Ground\n|move|p2a: red chud|Bullet Punch|p1a: Iron Moth\n|-damage|p1a: Iron Moth|0 fnt\n|faint|p1a: Iron Moth\n|-end|p1a: Iron Moth|Quark Drive|[silent]\n|-damage|p2a: red chud|91\/100|[from] item: Life Orb\n|\n|upkeep\n|\n|t:|1699649142\n|switch|p1a: Scizor|Scizor, M|100\/100\n|turn|11\n|c| less might be more|lol\n|\n|t:|1699649146\n|detailschange|p1a: Scizor|Scizor-Mega, M\n|-mega|p1a: Scizor|Scizor|Scizorite\n|move|p2a: red chud|Close Combat|p1a: Scizor\n|-damage|p1a: Scizor|3\/100\n|-unboost|p2a: red chud|def|1\n|-unboost|p2a: red chud|spd|1\n|-damage|p2a: red chud|81\/100|[from] item: Life Orb\n|move|p1a: Scizor|Close Combat|p2a: red chud\n|-damage|p2a: red chud|0 fnt\n|-unboost|p1a: Scizor|def|1\n|-unboost|p1a: Scizor|spd|1\n|faint|p2a: red chud\n|\n|upkeep\n|\n|t:|1699649160\n|switch|p2a: yes i am a cat|Entei, tera:Normal|48\/100\n|turn|12\n|\n|t:|1699649165\n|move|p2a: yes i am a cat|Extreme Speed|p1a: Scizor\n|-resisted|p1a: Scizor\n|-damage|p1a: Scizor|0 fnt\n|faint|p1a: Scizor\n|\n|upkeep\n|\n|t:|1699649169\n|switch|p1a: Hawlucha|Hawlucha, M|100\/100\n|-enditem|p1a: Hawlucha|Electric Seed\n|-boost|p1a: Hawlucha|def|1|[from] item: Electric Seed\n|turn|13\n|\n|t:|1699649172\n|move|p2a: yes i am a cat|Extreme Speed|p1a: Hawlucha\n|-damage|p1a: Hawlucha|52\/100\n|move|p1a: Hawlucha|Acrobatics|p2a: yes i am a cat\n|-damage|p2a: yes i am a cat|0 fnt\n|faint|p2a: yes i am a cat\n|\n|upkeep\n|\n|t:|1699649180\n|switch|p2a: gonna hit|Starmie|100\/100\n|turn|14\n|\n|t:|1699649190\n|move|p1a: Hawlucha|Acrobatics|p2a: gonna hit\n|-crit|p2a: gonna hit\n|-damage|p2a: gonna hit|0 fnt\n|faint|p2a: gonna hit\n|\n|upkeep\n|\n|t:|1699649204\n|switch|p2a: wowie zowie|Great Tusk|94\/100\n|turn|15\n|\n|t:|1699649207\n|move|p1a: Hawlucha|Acrobatics|p2a: wowie zowie\n|-supereffective|p2a: wowie zowie\n|-damage|p2a: wowie zowie|26\/100\n|move|p2a: wowie zowie|Ice Spinner|p1a: Hawlucha\n|-supereffective|p1a: Hawlucha\n|-damage|p1a: Hawlucha|2\/100\n|-fieldend|move: Electric Terrain\n|\n|upkeep\n|turn|16\n|\n|t:|1699649215\n|move|p1a: Hawlucha|Acrobatics|p2a: wowie zowie\n|-supereffective|p2a: wowie zowie\n|-damage|p2a: wowie zowie|0 fnt\n|faint|p2a: wowie zowie\n|-end|p2a: wowie zowie|Protosynthesis|[silent]\n|\n|upkeep\n|\n|t:|1699649217\n|switch|p2a: member|Gyarados-Mega, F|76\/100\n|-ability|p2a: member|Mold Breaker\n|turn|17\n|\n|t:|1699649221\n|move|p1a: Hawlucha|Close Combat|p2a: member\n|-supereffective|p2a: member\n|-damage|p2a: member|0 fnt\n|-unboost|p1a: Hawlucha|def|1\n|-unboost|p1a: Hawlucha|spd|1\n|faint|p2a: member\n|\n|win|AgenteDino\n|raw|AgenteDino's rating: 1377 &rarr; <strong>1400<\/strong><br \/>(+23 for winning)\n|raw|imbleed's rating: 1438 &rarr; <strong>1415<\/strong><br \/>(-23 for losing)\n","uploadtime":1699649228,"views":5,"p1id":"agentedino","p2id":"imbleed","formatid":"gen9nationaldex","rating":1400,"private":0,"password":""}