{"id":"gen9nationaldex-1991169750","p1":"Ju143","p2":"KarmaNightraide","format":"[Gen 9] National Dex","log":"|j|\u2606Ju143\n|j|\u2606KarmaNightraide\n|t:|1700052977\n|gametype|singles\n|player|p1|Ju143|palmer|1046\n|player|p2|KarmaNightraide|unknown|1077\n|teamsize|p1|3\n|teamsize|p2|6\n|gen|9\n|tier|[Gen 9] National Dex\n|rated|\n|rule|HP Percentage Mod: HP is shown in percentages\n|rule|Endless Battle Clause: Forcing endless battles is banned\n|rule|OHKO Clause: OHKO moves are banned\n|rule|Evasion Clause: Evasion abilities, items, and moves are banned\n|rule|Evasion Abilities Clause: Evasion abilities are banned\n|rule|Evasion Items Clause: Evasion items are banned\n|rule|Evasion Moves Clause: Evasion moves are banned\n|rule|Species Clause: Limit one of each Pok\u00e9mon\n|rule|Sleep Clause Mod: Limit one foe put to sleep\n|clearpoke\n|poke|p1|Grafaiai, F|\n|poke|p1|Kleavor, M|\n|poke|p1|Probopass, F|\n|poke|p2|Ceruledge, F|\n|poke|p2|Basculegion-F, F|\n|poke|p2|Mimikyu, M|\n|poke|p2|Banette, F|\n|poke|p2|Polteageist-Antique|\n|poke|p2|Dhelmise|\n|teampreview\n|inactive|Battle timer is ON: inactive players will automatically lose when time's up. (requested by KarmaNightraide)\n|\n|t:|1700053006\n|start\n|switch|p1a: Kleavor|Kleavor, M|100\/100\n|switch|p2a: Go to sleep...|Banette, F|100\/100\n|turn|1\n|\n|t:|1700053015\n|detailschange|p2a: Go to sleep...|Banette-Mega, F\n|-mega|p2a: Go to sleep...|Banette|Banettite\n|-terastallize|p1a: Kleavor|Rock\n|move|p2a: Go to sleep...|Taunt|p1a: Kleavor\n|-start|p1a: Kleavor|move: Taunt\n|move|p1a: Kleavor|Stone Axe|p2a: Go to sleep...\n|-damage|p2a: Go to sleep...|0 fnt\n|-sidestart|p2: KarmaNightraide|move: Stealth Rock\n|faint|p2a: Go to sleep...\n|\n|upkeep\n|\n|t:|1700053028\n|switch|p2a: Avast ye shitters|Dhelmise|100\/100\n|-damage|p2a: Avast ye shitters|88\/100|[from] Stealth Rock\n|turn|2\n|\n|t:|1700053034\n|switch|p1a: Grafaiai|Grafaiai, F|100\/100\n|-zpower|p2a: Avast ye shitters\n|move|p2a: Avast ye shitters|Z-Switcheroo||[anim]Switcheroo|[still]\n|-boost|p2a: Avast ye shitters|spe|2|[zeffect]\n|-enditem|p1a: Grafaiai|Mirror Herb\n|-boost|p1a: Grafaiai|spe|2|[from] item: Mirror Herb\n|-fail|p2a: Avast ye shitters\n|\n|upkeep\n|turn|3\n|\n|t:|1700053057\n|move|p1a: Grafaiai|Acrobatics|p2a: Avast ye shitters\n|-supereffective|p2a: Avast ye shitters\n|-damage|p2a: Avast ye shitters|1\/100\n|move|p2a: Avast ye shitters|Earthquake|p1a: Grafaiai\n|-supereffective|p1a: Grafaiai\n|-damage|p1a: Grafaiai|0 fnt\n|faint|p1a: Grafaiai\n|\n|upkeep\n|\n|t:|1700053068\n|switch|p1a: Probopass|Probopass, F|100\/100\n|turn|4\n|\n|t:|1700053085\n|move|p2a: Avast ye shitters|Earthquake|p1a: Probopass\n|-supereffective|p1a: Probopass\n|-damage|p1a: Probopass|0 fnt\n|faint|p1a: Probopass\n|\n|upkeep\n|\n|t:|1700053086\n|switch|p1a: Kleavor|Kleavor, M, tera:Rock|100\/100\n|turn|5\n|\n|t:|1700053105\n|move|p1a: Kleavor|Stone Axe|p2a: Avast ye shitters\n|-damage|p2a: Avast ye shitters|0 fnt\n|faint|p2a: Avast ye shitters\n|\n|upkeep\n|inactive|KarmaNightraide has 120 seconds left.\n|\n|t:|1700053129\n|switch|p2a: Lady Fish|Basculegion-F, F|100\/100\n|-damage|p2a: Lady Fish|88\/100|[from] Stealth Rock\n|turn|6\n|inactive|KarmaNightraide has 120 seconds left.\n|\n|t:|1700053137\n|move|p1a: Kleavor|Stone Axe|p2a: Lady Fish\n|-damage|p2a: Lady Fish|0 fnt\n|faint|p2a: Lady Fish\n|\n|upkeep\n|inactive|KarmaNightraide has 120 seconds left.\n|\n|t:|1700053144\n|switch|p2a: Lil guy my man|Mimikyu, M|100\/100\n|-damage|p2a: Lil guy my man|88\/100|[from] Stealth Rock\n|turn|7\n|inactive|KarmaNightraide has 120 seconds left.\n|\n|t:|1700053177\n|-terastallize|p2a: Lil guy my man|Fighting\n|move|p1a: Kleavor|Stone Axe|p2a: Lil guy my man\n|-activate|p2a: Lil guy my man|ability: Disguise\n|-damage|p2a: Lil guy my man|88\/100\n|detailschange|p2a: Lil guy my man|Mimikyu-Busted, M, tera:Fighting\n|-damage|p2a: Lil guy my man|76\/100|[from] pokemon: Mimikyu-Busted\n|move|p2a: Lil guy my man|Drain Punch|p1a: Kleavor\n|-supereffective|p1a: Kleavor\n|-damage|p1a: Kleavor|3\/100\n|-heal|p2a: Lil guy my man|100\/100|[from] drain|[of] p1a: Kleavor\n|-damage|p2a: Lil guy my man|91\/100|[from] item: Life Orb\n|\n|upkeep\n|turn|8\n|\n|t:|1700053191\n|move|p2a: Lil guy my man|Shadow Sneak|p1a: Kleavor\n|-damage|p1a: Kleavor|0 fnt\n|faint|p1a: Kleavor\n|-damage|p2a: Lil guy my man|81\/100|[from] item: Life Orb\n|\n|win|KarmaNightraide\n|raw|Ju143's rating: 1046 &rarr; <strong>1031<\/strong><br \/>(-15 for losing)\n|raw|KarmaNightraide's rating: 1077 &rarr; <strong>1103<\/strong><br \/>(+26 for winning)\n|l|\u2606Ju143\n","uploadtime":1700053211,"views":11,"p1id":"ju143","p2id":"karmanightraide","formatid":"gen9nationaldex","rating":1031,"private":0,"password":""}