{"id":"gen9nationaldex-1988995439","p1":"Dark Umbreon 08","p2":"buihaidang","format":"[Gen 9] National Dex","log":"|j|\u2606Dark Umbreon 08\n|j|\u2606buihaidang\n|t:|1699799889\n|gametype|singles\n|player|p1|Dark Umbreon 08|lass-gen4dp|1040\n|player|p2|buihaidang|170|1050\n|teamsize|p1|6\n|teamsize|p2|6\n|gen|9\n|tier|[Gen 9] National Dex\n|rated|\n|rule|HP Percentage Mod: HP is shown in percentages\n|rule|Endless Battle Clause: Forcing endless battles is banned\n|rule|OHKO Clause: OHKO moves are banned\n|rule|Evasion Clause: Evasion abilities, items, and moves are banned\n|rule|Evasion Abilities Clause: Evasion abilities are banned\n|rule|Evasion Items Clause: Evasion items are banned\n|rule|Evasion Moves Clause: Evasion moves are banned\n|rule|Species Clause: Limit one of each Pok\u00e9mon\n|rule|Sleep Clause Mod: Limit one foe put to sleep\n|clearpoke\n|poke|p1|Xurkitree|\n|poke|p1|Blaziken, M|\n|poke|p1|Medicham, F|\n|poke|p1|Zamazenta-*|\n|poke|p1|Kartana|\n|poke|p1|Manaphy|\n|poke|p2|Kommo-o, M|\n|poke|p2|Ursaluna, F|\n|poke|p2|Corviknight, F|\n|poke|p2|Clodsire, M|\n|poke|p2|Urshifu-*, F|\n|poke|p2|Diancie|\n|teampreview\n|inactive|Battle timer is ON: inactive players will automatically lose when time's up. (requested by Dark Umbreon 08)\n|\n|t:|1699799914\n|start\n|switch|p1a: Blaziken|Blaziken, M|100\/100\n|switch|p2a: Clodsire|Clodsire, M|100\/100\n|turn|1\n|\n|t:|1699799920\n|-terastallize|p1a: Blaziken|Flying\n|move|p1a: Blaziken|Swagger|p2a: Clodsire\n|-boost|p2a: Clodsire|atk|2\n|-enditem|p1a: Blaziken|Mirror Herb\n|-boost|p1a: Blaziken|atk|2|[from] item: Mirror Herb\n|-start|p2a: Clodsire|confusion\n|-activate|p2a: Clodsire|confusion\n|move|p2a: Clodsire|Stealth Rock|p1a: Blaziken\n|-sidestart|p1: Dark Umbreon 08|move: Stealth Rock\n|\n|-ability|p1a: Blaziken|Speed Boost|boost\n|-boost|p1a: Blaziken|spe|1\n|upkeep\n|turn|2\n|\n|t:|1699799940\n|-terastallize|p2a: Clodsire|Poison\n|move|p1a: Blaziken|Focus Energy|p1a: Blaziken\n|-start|p1a: Blaziken|move: Focus Energy\n|-activate|p2a: Clodsire|confusion\n|move|p2a: Clodsire|Curse|p2a: Clodsire\n|-unboost|p2a: Clodsire|spe|1\n|-boost|p2a: Clodsire|atk|1\n|-boost|p2a: Clodsire|def|1\n|\n|-ability|p1a: Blaziken|Speed Boost|boost\n|-boost|p1a: Blaziken|spe|1\n|upkeep\n|turn|3\n|\n|t:|1699799952\n|move|p1a: Blaziken|Blaze Kick|p2a: Clodsire\n|-crit|p2a: Clodsire\n|-damage|p2a: Clodsire|33\/100\n|-status|p2a: Clodsire|brn\n|-end|p2a: Clodsire|confusion\n|move|p2a: Clodsire|Earthquake|p1a: Blaziken\n|-immune|p1a: Blaziken\n|\n|-heal|p2a: Clodsire|39\/100 brn|[from] item: Leftovers\n|-damage|p2a: Clodsire|33\/100 brn|[from] brn\n|-ability|p1a: Blaziken|Speed Boost|boost\n|-boost|p1a: Blaziken|spe|1\n|upkeep\n|turn|4\n|\n|t:|1699799967\n|switch|p2a: Urshifu|Urshifu-Rapid-Strike, F|100\/100\n|move|p1a: Blaziken|Blaze Kick|p2a: Urshifu|[miss]\n|-miss|p1a: Blaziken|p2a: Urshifu\n|\n|-ability|p1a: Blaziken|Speed Boost|boost\n|-boost|p1a: Blaziken|spe|1\n|upkeep\n|turn|5\n|\n|t:|1699799976\n|move|p1a: Blaziken|Close Combat|p2a: Urshifu\n|-crit|p2a: Urshifu\n|-damage|p2a: Urshifu|0 fnt\n|-unboost|p1a: Blaziken|def|1\n|-unboost|p1a: Blaziken|spd|1\n|faint|p2a: Urshifu\n|\n|-ability|p1a: Blaziken|Speed Boost|boost\n|-boost|p1a: Blaziken|spe|1\n|upkeep\n|\n|t:|1699799984\n|switch|p2a: Kommo-o|Kommo-o, M|100\/100\n|turn|6\n|\n|t:|1699799988\n|move|p1a: Blaziken|Close Combat|p2a: Kommo-o\n|-damage|p2a: Kommo-o|0 fnt\n|-unboost|p1a: Blaziken|def|1\n|-unboost|p1a: Blaziken|spd|1\n|faint|p2a: Kommo-o\n|\n|-ability|p1a: Blaziken|Speed Boost|boost\n|-boost|p1a: Blaziken|spe|1\n|upkeep\n|-message|buihaidang forfeited.\n|\n|win|Dark Umbreon 08\n|raw|Dark Umbreon 08's rating: 1040 &rarr; <strong>1075<\/strong><br \/>(+35 for winning)\n|raw|buihaidang's rating: 1050 &rarr; <strong>1032<\/strong><br \/>(-18 for losing)\n|l|\u2606buihaidang\n","uploadtime":1699800009,"views":4,"p1id":"darkumbreon08","p2id":"buihaidang","formatid":"gen9nationaldex","rating":1032,"private":0,"password":""}