{"id":"gen9nationaldex-1995499262","p1":"Taigle88","p2":"AceCoyoteNK","format":"[Gen 9] National Dex","log":"|html|<div class=\"broadcast-blue\"><strong>[Gen 9] National Dex is currently suspecting Sneasler! For information on how to participate check out the <a href=\"https:\/\/www.smogon.com\/forums\/threads\/sv-national-dex-suspect-8-just-dance.3731534\/\">suspect thread<\/a>.<\/strong><\/div>\n|j|\u2606Taigle88\n|j|\u2606AceCoyoteNK\n|t:|1700577374\n|gametype|singles\n|player|p1|Taigle88|colress|1056\n|player|p2|AceCoyoteNK|lady|1002\n|teamsize|p1|6\n|teamsize|p2|6\n|gen|9\n|tier|[Gen 9] National Dex\n|rated|\n|rule|HP Percentage Mod: HP is shown in percentages\n|rule|Endless Battle Clause: Forcing endless battles is banned\n|rule|OHKO Clause: OHKO moves are banned\n|rule|Evasion Clause: Evasion abilities, items, and moves are banned\n|rule|Evasion Abilities Clause: Evasion abilities are banned\n|rule|Evasion Items Clause: Evasion items are banned\n|rule|Evasion Moves Clause: Evasion moves are banned\n|rule|Species Clause: Limit one of each Pok\u00e9mon\n|rule|Sleep Clause Mod: Limit one foe put to sleep\n|clearpoke\n|poke|p1|Scrafty, F|\n|poke|p1|Goodra, F|\n|poke|p1|Skarmory, M|\n|poke|p1|Jolteon, M|\n|poke|p1|Alomomola, F|\n|poke|p1|Scream Tail|\n|poke|p2|Gliscor, M|\n|poke|p2|Corviknight, M|\n|poke|p2|Diancie|\n|poke|p2|Ting-Lu|\n|poke|p2|Urshifu-*, M|\n|poke|p2|Ogerpon, F|\n|teampreview\n|inactive|Battle timer is ON: inactive players will automatically lose when time's up. (requested by AceCoyoteNK)\n|\n|t:|1700577384\n|start\n|switch|p1a: Scream Tail|Scream Tail|100\/100\n|switch|p2a: Gliscor|Gliscor, M|100\/100\n|turn|1\n|\n|t:|1700577393\n|move|p2a: Gliscor|Protect|p2a: Gliscor\n|-singleturn|p2a: Gliscor|Protect\n|move|p1a: Scream Tail|Perish Song|p1a: Scream Tail\n|-start|p1a: Scream Tail|perish3|[silent]\n|-start|p2a: Gliscor|perish3|[silent]\n|-fieldactivate|move: Perish Song\n|\n|-start|p1a: Scream Tail|perish3\n|-start|p2a: Gliscor|perish3\n|-status|p2a: Gliscor|tox|[from] item: Toxic Orb\n|upkeep\n|turn|2\n|\n|t:|1700577409\n|switch|p2a: Corviknight|Corviknight, M|100\/100\n|move|p1a: Scream Tail|Stealth Rock|p2a: Corviknight\n|-sidestart|p2: AceCoyoteNK|move: Stealth Rock\n|\n|-start|p1a: Scream Tail|perish2\n|upkeep\n|turn|3\n|inactive|AceCoyoteNK has 120 seconds left.\n|\n|t:|1700577439\n|move|p1a: Scream Tail|Thunder Wave|p2a: Corviknight\n|-status|p2a: Corviknight|par\n|move|p2a: Corviknight|Bulk Up|p2a: Corviknight\n|-boost|p2a: Corviknight|atk|1\n|-boost|p2a: Corviknight|def|1\n|\n|-start|p1a: Scream Tail|perish1\n|upkeep\n|turn|4\n|inactive|AceCoyoteNK has 120 seconds left.\n|\n|t:|1700577450\n|-end|p1a: Scream Tail|Protosynthesis|[silent]\n|switch|p1a: Jolteon|Jolteon, M|100\/100\n|move|p2a: Corviknight|Defog|p1a: Jolteon\n|-unboost|p1a: Jolteon|evasion|1\n|-sideend|p2: AceCoyoteNK|Stealth Rock|[from] move: Defog|[of] p2a: Corviknight\n|\n|upkeep\n|turn|5\n|\n|t:|1700577458\n|move|p1a: Jolteon|Thunderbolt|p2a: Corviknight\n|-supereffective|p2a: Corviknight\n|-damage|p2a: Corviknight|10\/100 par\n|cant|p2a: Corviknight|par\n|\n|-heal|p2a: Corviknight|16\/100 par|[from] item: Leftovers\n|upkeep\n|turn|6\n|\n|t:|1700577468\n|move|p1a: Jolteon|Calm Mind|p1a: Jolteon\n|-boost|p1a: Jolteon|spa|1\n|-boost|p1a: Jolteon|spd|1\n|move|p2a: Corviknight|Brave Bird|p1a: Jolteon\n|-resisted|p1a: Jolteon\n|-damage|p1a: Jolteon|22\/100\n|-damage|p2a: Corviknight|0 fnt|[from] Recoil\n|faint|p2a: Corviknight\n|\n|upkeep\n|\n|t:|1700577476\n|switch|p2a: Urshifu|Urshifu-Rapid-Strike, M|100\/100\n|turn|7\n|\n|t:|1700577480\n|move|p2a: Urshifu|Aqua Jet|p1a: Jolteon\n|-damage|p1a: Jolteon|0 fnt\n|faint|p1a: Jolteon\n|-damage|p2a: Urshifu|91\/100|[from] item: Life Orb\n|\n|upkeep\n|\n|t:|1700577487\n|switch|p1a: Scream Tail|Scream Tail|100\/100\n|turn|8\n|\n|t:|1700577491\n|switch|p2a: Gliscor|Gliscor, M|100\/100 tox\n|move|p1a: Scream Tail|Thunder Wave|p2a: Gliscor\n|-immune|p2a: Gliscor\n|\n|upkeep\n|turn|9\n|\n|t:|1700577499\n|-end|p1a: Scream Tail|Protosynthesis|[silent]\n|switch|p1a: Alomomola|Alomomola, F|100\/100\n|move|p2a: Gliscor|Stealth Rock|p1a: Alomomola\n|-sidestart|p1: Taigle88|move: Stealth Rock\n|\n|upkeep\n|turn|10\n|\n|t:|1700577508\n|move|p2a: Gliscor|Protect|p2a: Gliscor\n|-singleturn|p2a: Gliscor|Protect\n|move|p1a: Alomomola|Flip Turn|p2a: Gliscor\n|-activate|p2a: Gliscor|move: Protect\n|\n|upkeep\n|turn|11\n|\n|t:|1700577523\n|switch|p2a: Diancie|Diancie, shiny|100\/100\n|move|p1a: Alomomola|Flip Turn|p2a: Diancie\n|-supereffective|p2a: Diancie\n|-damage|p2a: Diancie|70\/100\n|\n|t:|1700577528\n|switch|p1a: Skarmory|Skarmory, M|100\/100|[from] Flip Turn\n|-damage|p1a: Skarmory|88\/100|[from] Stealth Rock\n|\n|upkeep\n|turn|12\n|\n|t:|1700577540\n|switch|p2a: Ting-Lu|Ting-Lu|100\/100\n|-ability|p2a: Ting-Lu|Vessel of Ruin\n|move|p1a: Skarmory|Iron Defense|p1a: Skarmory\n|-boost|p1a: Skarmory|def|2\n|\n|upkeep\n|turn|13\n|\n|t:|1700577547\n|move|p1a: Skarmory|Iron Defense|p1a: Skarmory\n|-boost|p1a: Skarmory|def|2\n|move|p2a: Ting-Lu|Whirlwind|p1a: Skarmory\n|drag|p1a: Scream Tail|Scream Tail|100\/100\n|-damage|p1a: Scream Tail|88\/100|[from] Stealth Rock\n|\n|upkeep\n|turn|14\n|\n|t:|1700577564\n|move|p1a: Scream Tail|Stealth Rock|p2a: Ting-Lu\n|-sidestart|p2: AceCoyoteNK|move: Stealth Rock\n|move|p2a: Ting-Lu|Taunt|p1a: Scream Tail\n|-start|p1a: Scream Tail|move: Taunt\n|\n|upkeep\n|turn|15\n|inactive|AceCoyoteNK has 120 seconds left.\n|\n|t:|1700577613\n|switch|p2a: Diancie|Diancie, shiny|70\/100\n|-damage|p2a: Diancie|57\/100|[from] Stealth Rock\n|move|p1a: Scream Tail|Dazzling Gleam|p2a: Diancie\n|-damage|p2a: Diancie|38\/100\n|\n|upkeep\n|turn|16\n|inactive|AceCoyoteNK has 90 seconds left.\n|inactive|AceCoyoteNK has 60 seconds left.\n|\n|t:|1700577676\n|-end|p1a: Scream Tail|Protosynthesis|[silent]\n|switch|p1a: Skarmory|Skarmory, M|88\/100\n|-damage|p1a: Skarmory|76\/100|[from] Stealth Rock\n|detailschange|p2a: Diancie|Diancie-Mega, shiny\n|-mega|p2a: Diancie|Diancie|Diancite\n|move|p2a: Diancie|Diamond Storm|p1a: Skarmory\n|-damage|p1a: Skarmory|27\/100\n|-boost|p2a: Diancie|def|2\n|-ability|p1a: Skarmory|Weak Armor|boost\n|-unboost|p1a: Skarmory|def|1\n|-boost|p1a: Skarmory|spe|2\n|-enditem|p1a: Skarmory|Sitrus Berry|[eat]\n|-heal|p1a: Skarmory|51\/100|[from] item: Sitrus Berry\n|\n|upkeep\n|turn|17\n|\n|t:|1700577694\n|switch|p2a: Ting-Lu|Ting-Lu|100\/100\n|-damage|p2a: Ting-Lu|94\/100|[from] Stealth Rock\n|-ability|p2a: Ting-Lu|Vessel of Ruin\n|move|p1a: Skarmory|Iron Defense|p1a: Skarmory\n|-boost|p1a: Skarmory|def|2\n|\n|upkeep\n|turn|18\n|\n|t:|1700577705\n|move|p1a: Skarmory|Roost|p1a: Skarmory\n|-heal|p1a: Skarmory|100\/100\n|-singleturn|p1a: Skarmory|move: Roost\n|move|p2a: Ting-Lu|Whirlwind|p1a: Skarmory\n|drag|p1a: Alomomola|Alomomola, F|100\/100\n|-damage|p1a: Alomomola|88\/100|[from] Stealth Rock\n|\n|-heal|p1a: Alomomola|94\/100|[from] item: Leftovers\n|upkeep\n|turn|19\n|\n|t:|1700577715\n|move|p1a: Alomomola|Flip Turn|p2a: Ting-Lu\n|-supereffective|p2a: Ting-Lu\n|-damage|p2a: Ting-Lu|75\/100\n|\n|t:|1700577718\n|switch|p1a: Scrafty|Scrafty, F|100\/100|[from] Flip Turn\n|-damage|p1a: Scrafty|95\/100|[from] Stealth Rock\n|move|p2a: Ting-Lu|Whirlwind|p1a: Scrafty\n|drag|p1a: Alomomola|Alomomola, F|100\/100\n|-damage|p1a: Alomomola|88\/100|[from] Stealth Rock\n|\n|-heal|p1a: Alomomola|94\/100|[from] item: Leftovers\n|upkeep\n|turn|20\n|inactive|AceCoyoteNK has 60 seconds left.\n|\n|t:|1700577730\n|move|p1a: Alomomola|Flip Turn|p2a: Ting-Lu\n|-supereffective|p2a: Ting-Lu\n|-crit|p2a: Ting-Lu\n|-damage|p2a: Ting-Lu|48\/100\n|-enditem|p2a: Ting-Lu|Sitrus Berry|[eat]\n|-heal|p2a: Ting-Lu|73\/100|[from] item: Sitrus Berry\n|\n|t:|1700577733\n|switch|p1a: Scrafty|Scrafty, F|95\/100|[from] Flip Turn\n|-damage|p1a: Scrafty|89\/100|[from] Stealth Rock\n|move|p2a: Ting-Lu|Whirlwind|p1a: Scrafty\n|drag|p1a: Alomomola|Alomomola, F|100\/100\n|-damage|p1a: Alomomola|88\/100|[from] Stealth Rock\n|\n|-heal|p1a: Alomomola|94\/100|[from] item: Leftovers\n|upkeep\n|turn|21\n|inactive|AceCoyoteNK has 60 seconds left.\n|\n|t:|1700577751\n|move|p1a: Alomomola|Toxic|p2a: Ting-Lu\n|-status|p2a: Ting-Lu|tox\n|move|p2a: Ting-Lu|Earthquake|p1a: Alomomola\n|-damage|p1a: Alomomola|58\/100\n|\n|-heal|p1a: Alomomola|64\/100|[from] item: Leftovers\n|-damage|p2a: Ting-Lu|67\/100 tox|[from] psn\n|upkeep\n|turn|22\n|\n|t:|1700577760\n|switch|p2a: Gliscor|Gliscor, M|100\/100 tox\n|-damage|p2a: Gliscor|88\/100 tox|[from] Stealth Rock\n|move|p1a: Alomomola|Wish|p1a: Alomomola\n|\n|-heal|p1a: Alomomola|71\/100|[from] item: Leftovers\n|-heal|p2a: Gliscor|100\/100 tox|[from] ability: Poison Heal\n|upkeep\n|turn|23\n|\n|t:|1700577773\n|move|p2a: Gliscor|Earthquake|p1a: Alomomola\n|-damage|p1a: Alomomola|44\/100\n|move|p1a: Alomomola|Flip Turn|p2a: Gliscor\n|-supereffective|p2a: Gliscor\n|-damage|p2a: Gliscor|65\/100 tox\n|\n|t:|1700577782\n|switch|p1a: Skarmory|Skarmory, M|100\/100|[from] Flip Turn\n|-damage|p1a: Skarmory|88\/100|[from] Stealth Rock\n|\n|-heal|p1a: Skarmory|100\/100|[from] move: Wish|[wisher] Alomomola\n|-heal|p2a: Gliscor|78\/100 tox|[from] ability: Poison Heal\n|upkeep\n|turn|24\n|\n|t:|1700577795\n|switch|p2a: Ting-Lu|Ting-Lu|67\/100 tox\n|-damage|p2a: Ting-Lu|61\/100 tox|[from] Stealth Rock\n|-ability|p2a: Ting-Lu|Vessel of Ruin\n|move|p1a: Skarmory|Iron Defense|p1a: Skarmory\n|-boost|p1a: Skarmory|def|2\n|\n|-damage|p2a: Ting-Lu|55\/100 tox|[from] psn\n|upkeep\n|turn|25\n|\n|t:|1700577810\n|move|p1a: Skarmory|Body Press|p2a: Ting-Lu\n|-supereffective|p2a: Ting-Lu\n|-damage|p2a: Ting-Lu|0 fnt\n|faint|p2a: Ting-Lu\n|\n|upkeep\n|inactive|AceCoyoteNK has 60 seconds left.\n|\n|t:|1700577854\n|switch|p2a: Urshifu|Urshifu-Rapid-Strike, M|91\/100\n|-damage|p2a: Urshifu|84\/100|[from] Stealth Rock\n|turn|26\n|\n|t:|1700577860\n|move|p2a: Urshifu|Surging Strikes|p1a: Skarmory\n|-crit|p1a: Skarmory\n|-damage|p1a: Skarmory|80\/100\n|-ability|p1a: Skarmory|Weak Armor|boost\n|-unboost|p1a: Skarmory|def|1\n|-boost|p1a: Skarmory|spe|2\n|-crit|p1a: Skarmory\n|-damage|p1a: Skarmory|59\/100\n|-ability|p1a: Skarmory|Weak Armor|boost\n|-unboost|p1a: Skarmory|def|1\n|-boost|p1a: Skarmory|spe|2\n|-crit|p1a: Skarmory\n|-damage|p1a: Skarmory|38\/100\n|-ability|p1a: Skarmory|Weak Armor|boost\n|-unboost|p1a: Skarmory|def|1\n|-boost|p1a: Skarmory|spe|2\n|-hitcount|p1a: Skarmory|3\n|-damage|p2a: Urshifu|74\/100|[from] item: Life Orb\n|move|p1a: Skarmory|Roost|p1a: Skarmory\n|-heal|p1a: Skarmory|88\/100\n|-singleturn|p1a: Skarmory|move: Roost\n|\n|upkeep\n|turn|27\n|\n|t:|1700577878\n|move|p1a: Skarmory|Pluck|p2a: Urshifu\n|-supereffective|p2a: Urshifu\n|-damage|p2a: Urshifu|42\/100\n|move|p2a: Urshifu|Surging Strikes|p1a: Skarmory\n|-crit|p1a: Skarmory\n|-damage|p1a: Skarmory|58\/100\n|-ability|p1a: Skarmory|Weak Armor|boost\n|-unboost|p1a: Skarmory|def|1\n|-crit|p1a: Skarmory\n|-damage|p1a: Skarmory|19\/100\n|-ability|p1a: Skarmory|Weak Armor|boost\n|-unboost|p1a: Skarmory|def|1\n|-crit|p1a: Skarmory\n|-damage|p1a: Skarmory|0 fnt\n|faint|p1a: Skarmory\n|-hitcount|p1: Skarmory|3\n|-damage|p2a: Urshifu|32\/100|[from] item: Life Orb\n|\n|upkeep\n|\n|t:|1700577886\n|switch|p1a: Scrafty|Scrafty, F|89\/100\n|-damage|p1a: Scrafty|83\/100|[from] Stealth Rock\n|turn|28\n|\n|t:|1700577899\n|move|p2a: Urshifu|Surging Strikes|p1a: Scrafty\n|-crit|p1a: Scrafty\n|-damage|p1a: Scrafty|55\/100\n|-crit|p1a: Scrafty\n|-damage|p1a: Scrafty|27\/100\n|-crit|p1a: Scrafty\n|-damage|p1a: Scrafty|0 fnt\n|faint|p1a: Scrafty\n|-hitcount|p1: Scrafty|3\n|-damage|p2a: Urshifu|22\/100|[from] item: Life Orb\n|\n|upkeep\n|\n|t:|1700577905\n|switch|p1a: Goodra|Goodra, F|100\/100\n|-damage|p1a: Goodra|88\/100|[from] Stealth Rock\n|turn|29\n|\n|t:|1700577911\n|move|p2a: Urshifu|Close Combat|p1a: Goodra\n|-damage|p1a: Goodra|0 fnt\n|-unboost|p2a: Urshifu|def|1\n|-unboost|p2a: Urshifu|spd|1\n|-ability|p1a: Goodra|Gooey\n|-unboost|p2a: Urshifu|spe|1\n|faint|p1a: Goodra\n|-damage|p2a: Urshifu|12\/100|[from] item: Life Orb\n|\n|upkeep\n|\n|t:|1700577915\n|switch|p1a: Scream Tail|Scream Tail|88\/100\n|-damage|p1a: Scream Tail|76\/100|[from] Stealth Rock\n|turn|30\n|inactive|AceCoyoteNK has 60 seconds left.\n|\n|t:|1700577922\n|move|p2a: Urshifu|Aqua Jet|p1a: Scream Tail\n|-damage|p1a: Scream Tail|56\/100\n|-damage|p2a: Urshifu|2\/100|[from] item: Life Orb\n|move|p1a: Scream Tail|Dazzling Gleam|p2a: Urshifu\n|-supereffective|p2a: Urshifu\n|-damage|p2a: Urshifu|0 fnt\n|faint|p2a: Urshifu\n|\n|upkeep\n|inactive|AceCoyoteNK has 60 seconds left.\n|\n|t:|1700577930\n|switch|p2a: Ogerpon|Ogerpon, F|100\/100\n|-damage|p2a: Ogerpon|88\/100|[from] Stealth Rock\n|turn|31\n|\n|t:|1700577938\n|-terastallize|p2a: Ogerpon|Grass\n|detailschange|p2a: Ogerpon|Ogerpon-Teal-Tera, F, tera:Grass\n|-ability|p2a: Ogerpon|Embody Aspect (Teal)|boost\n|-boost|p2a: Ogerpon|spe|1\n|move|p2a: Ogerpon|Ivy Cudgel|p1a: Scream Tail\n|-crit|p1a: Scream Tail\n|-damage|p1a: Scream Tail|0 fnt\n|faint|p1a: Scream Tail\n|-end|p1a: Scream Tail|Protosynthesis|[silent]\n|\n|upkeep\n|\n|t:|1700577944\n|switch|p1a: Alomomola|Alomomola, F|77\/100\n|-damage|p1a: Alomomola|64\/100|[from] Stealth Rock\n|turn|32\n|-message|Taigle88 forfeited.\n|\n|win|AceCoyoteNK\n|raw|Taigle88's rating: 1056 &rarr; <strong>1035<\/strong><br \/>(-21 for losing)\n|raw|AceCoyoteNK's rating: 1002 &rarr; <strong>1048<\/strong><br \/>(+46 for winning)\n|l|\u2606Taigle88\n","uploadtime":1700577951,"views":0,"p1id":"taigle88","p2id":"acecoyotenk","formatid":"gen9nationaldex","rating":1035,"private":0,"password":""}