{"id":"gen9nationaldex-1994975818","p1":"MileHHH","p2":"RogoTjeFrog","format":"[Gen 9] National Dex","log":"|html|<div class=\"broadcast-blue\"><strong>[Gen 9] National Dex is currently suspecting Sneasler! For information on how to participate check out the <a href=\"https:\/\/www.smogon.com\/forums\/threads\/sv-national-dex-suspect-8-just-dance.3731534\/\">suspect thread<\/a>.<\/strong><\/div>\n|j|\u2606MileHHH\n|j|\u2606RogoTjeFrog\n|t:|1700509666\n|gametype|singles\n|player|p1|MileHHH|265|1287\n|player|p2|RogoTjeFrog|265|1381\n|teamsize|p1|6\n|teamsize|p2|6\n|gen|9\n|tier|[Gen 9] National Dex\n|rated|\n|rule|HP Percentage Mod: HP is shown in percentages\n|rule|Endless Battle Clause: Forcing endless battles is banned\n|rule|OHKO Clause: OHKO moves are banned\n|rule|Evasion Clause: Evasion abilities, items, and moves are banned\n|rule|Evasion Abilities Clause: Evasion abilities are banned\n|rule|Evasion Items Clause: Evasion items are banned\n|rule|Evasion Moves Clause: Evasion moves are banned\n|rule|Species Clause: Limit one of each Pok\u00e9mon\n|rule|Sleep Clause Mod: Limit one foe put to sleep\n|clearpoke\n|poke|p1|Landorus-Therian, M|\n|poke|p1|Ceruledge, M|\n|poke|p1|Charizard, F|\n|poke|p1|Kommo-o, M|\n|poke|p1|Heatran, F|\n|poke|p1|Sneasler, M|\n|poke|p2|Heatran, M|\n|poke|p2|Great Tusk|\n|poke|p2|Tapu Lele|\n|poke|p2|Sneasler, F|\n|poke|p2|Samurott-Hisui, F|\n|poke|p2|Urshifu-*, M|\n|teampreview\n|\n|t:|1700509679\n|start\n|switch|p1a: Charizard|Charizard, F|100\/100\n|switch|p2a: Urshifu|Urshifu-Rapid-Strike, M|100\/100\n|turn|1\n|\n|t:|1700509714\n|switch|p1a: Kommo-o|Kommo-o, M|100\/100\n|-terastallize|p2a: Urshifu|Water\n|move|p2a: Urshifu|Surging Strikes|p1a: Kommo-o\n|-resisted|p1a: Kommo-o\n|-crit|p1a: Kommo-o\n|-damage|p1a: Kommo-o|86\/100\n|-resisted|p1a: Kommo-o\n|-crit|p1a: Kommo-o\n|-damage|p1a: Kommo-o|69\/100\n|-resisted|p1a: Kommo-o\n|-crit|p1a: Kommo-o\n|-damage|p1a: Kommo-o|54\/100\n|-hitcount|p1a: Kommo-o|3\n|\n|upkeep\n|turn|2\n|\n|t:|1700509726\n|move|p2a: Urshifu|Surging Strikes|p1a: Kommo-o\n|-resisted|p1a: Kommo-o\n|-crit|p1a: Kommo-o\n|-damage|p1a: Kommo-o|39\/100\n|-resisted|p1a: Kommo-o\n|-crit|p1a: Kommo-o\n|-damage|p1a: Kommo-o|24\/100\n|-resisted|p1a: Kommo-o\n|-crit|p1a: Kommo-o\n|-damage|p1a: Kommo-o|10\/100\n|-hitcount|p1a: Kommo-o|3\n|-zpower|p1a: Kommo-o\n|move|p1a: Kommo-o|Clangorous Soulblaze|p2a: Urshifu|[zeffect]\n|-damage|p2a: Urshifu|0 fnt\n|faint|p2a: Urshifu\n|-boost|p1a: Kommo-o|atk|1\n|-boost|p1a: Kommo-o|def|1\n|-boost|p1a: Kommo-o|spa|1\n|-boost|p1a: Kommo-o|spd|1\n|-boost|p1a: Kommo-o|spe|1\n|\n|upkeep\n|\n|t:|1700509739\n|switch|p2a: Sneasler|Sneasler, F|100\/100\n|turn|3\n|\n|t:|1700509763\n|switch|p1a: Landorus|Landorus-Therian, M|100\/100\n|-ability|p1a: Landorus|Intimidate|boost\n|-unboost|p2a: Sneasler|atk|1\n|move|p2a: Sneasler|Fake Out|p1a: Landorus\n|-enditem|p2a: Sneasler|Normal Gem|[from] gem\n|-damage|p1a: Landorus|85\/100\n|-damage|p2a: Sneasler|84\/100|[from] item: Rocky Helmet|[of] p1a: Landorus\n|\n|upkeep\n|turn|4\n|\n|t:|1700509780\n|switch|p2a: Great Tusk|Great Tusk|100\/100\n|-enditem|p2a: Great Tusk|Booster Energy\n|-activate|p2a: Great Tusk|ability: Protosynthesis|[fromitem]\n|-start|p2a: Great Tusk|protosynthesisspe\n|move|p1a: Landorus|Earthquake|p2a: Great Tusk\n|-damage|p2a: Great Tusk|64\/100\n|\n|upkeep\n|turn|5\n|\n|t:|1700509828\n|switch|p1a: Heatran|Heatran, F|100\/100\n|move|p2a: Great Tusk|Bulk Up|p2a: Great Tusk\n|-boost|p2a: Great Tusk|atk|1\n|-boost|p2a: Great Tusk|def|1\n|\n|upkeep\n|turn|6\n|\n|t:|1700509840\n|switch|p1a: Charizard|Charizard, F|100\/100\n|move|p2a: Great Tusk|Headlong Rush|p1a: Charizard\n|-immune|p1a: Charizard\n|\n|upkeep\n|turn|7\n|\n|t:|1700509849\n|detailschange|p1a: Charizard|Charizard-Mega-Y, F\n|-mega|p1a: Charizard|Charizard|Charizardite Y\n|-weather|SunnyDay|[from] ability: Drought|[of] p1a: Charizard\n|move|p2a: Great Tusk|Close Combat|p1a: Charizard\n|-resisted|p1a: Charizard\n|-damage|p1a: Charizard|44\/100\n|-unboost|p2a: Great Tusk|def|1\n|-unboost|p2a: Great Tusk|spd|1\n|move|p1a: Charizard|Solar Beam||[still]\n|-prepare|p1a: Charizard|Solar Beam\n|-anim|p1a: Charizard|Solar Beam|p2a: Great Tusk\n|-supereffective|p2a: Great Tusk\n|-damage|p2a: Great Tusk|0 fnt\n|faint|p2a: Great Tusk\n|-end|p2a: Great Tusk|Protosynthesis|[silent]\n|\n|-weather|SunnyDay|[upkeep]\n|upkeep\n|\n|t:|1700509869\n|switch|p2a: Tapu Lele|Tapu Lele|100\/100\n|-fieldstart|move: Psychic Terrain|[from] ability: Psychic Surge|[of] p2a: Tapu Lele\n|turn|8\n|\n|t:|1700509901\n|switch|p1a: Heatran|Heatran, F|100\/100\n|move|p2a: Tapu Lele|Psyshock|p1a: Heatran\n|-resisted|p1a: Heatran\n|-damage|p1a: Heatran|76\/100\n|\n|-weather|SunnyDay|[upkeep]\n|-heal|p1a: Heatran|83\/100|[from] item: Leftovers\n|upkeep\n|turn|9\n|\n|t:|1700509933\n|switch|p2a: Samurott|Samurott-Hisui, F|100\/100\n|-terastallize|p1a: Heatran|Grass\n|move|p1a: Heatran|Flash Cannon|p2a: Samurott\n|-resisted|p2a: Samurott\n|-damage|p2a: Samurott|65\/100\n|-unboost|p2a: Samurott|spd|1\n|\n|-weather|SunnyDay|[upkeep]\n|-heal|p1a: Heatran|89\/100|[from] item: Leftovers\n|upkeep\n|turn|10\n|\n|t:|1700509961\n|move|p2a: Samurott|Ceaseless Edge|p1a: Heatran\n|-damage|p1a: Heatran|52\/100\n|-sidestart|p1: MileHHH|Spikes\n|move|p1a: Heatran|Flamethrower|p2a: Samurott\n|-resisted|p2a: Samurott\n|-damage|p2a: Samurott|0 fnt\n|faint|p2a: Samurott\n|\n|-weather|SunnyDay|[upkeep]\n|-heal|p1a: Heatran|58\/100|[from] item: Leftovers\n|upkeep\n|\n|t:|1700509976\n|switch|p2a: Sneasler|Sneasler, F|84\/100\n|turn|11\n|\n|t:|1700510004\n|switch|p1a: Ceruledge|Ceruledge, M|100\/100\n|-damage|p1a: Ceruledge|88\/100|[from] Spikes\n|move|p2a: Sneasler|Dire Claw|p1a: Ceruledge\n|-resisted|p1a: Ceruledge\n|-damage|p1a: Ceruledge|63\/100\n|-ability|p1a: Ceruledge|Weak Armor|boost\n|-unboost|p1a: Ceruledge|def|1\n|-boost|p1a: Ceruledge|spe|2\n|\n|-weather|none\n|upkeep\n|turn|12\n|\n|t:|1700510023\n|move|p1a: Ceruledge|Close Combat|p2a: Sneasler\n|-resisted|p2a: Sneasler\n|-damage|p2a: Sneasler|31\/100\n|-unboost|p1a: Ceruledge|def|1\n|-unboost|p1a: Ceruledge|spd|1\n|-damage|p1a: Ceruledge|53\/100|[from] item: Life Orb\n|move|p2a: Sneasler|Acrobatics|p1a: Ceruledge\n|-damage|p1a: Ceruledge|0 fnt\n|faint|p1a: Ceruledge\n|\n|-fieldend|move: Psychic Terrain\n|upkeep\n|\n|t:|1700510040\n|switch|p1a: Landorus|Landorus-Therian, M|85\/100\n|-ability|p1a: Landorus|Intimidate|boost\n|-unboost|p2a: Sneasler|atk|1\n|turn|13\n|\n|t:|1700510054\n|switch|p2a: Tapu Lele|Tapu Lele|100\/100\n|-fieldstart|move: Psychic Terrain|[from] ability: Psychic Surge|[of] p2a: Tapu Lele\n|move|p1a: Landorus|Earthquake|p2a: Tapu Lele\n|-damage|p2a: Tapu Lele|8\/100\n|\n|upkeep\n|turn|14\n|\n|t:|1700510071\n|move|p2a: Tapu Lele|Psychic|p1a: Landorus\n|-damage|p1a: Landorus|0 fnt\n|faint|p1a: Landorus\n|\n|upkeep\n|\n|t:|1700510083\n|switch|p1a: Charizard|Charizard-Mega-Y, F|44\/100\n|-weather|SunnyDay|[from] ability: Drought|[of] p1a: Charizard\n|turn|15\n|\n|t:|1700510093\n|move|p2a: Tapu Lele|Psychic|p1a: Charizard\n|-damage|p1a: Charizard|0 fnt\n|faint|p1a: Charizard\n|\n|-weather|SunnyDay|[upkeep]\n|upkeep\n|\n|t:|1700510111\n|switch|p1a: Heatran|Heatran, F, tera:Grass|58\/100\n|-damage|p1a: Heatran|45\/100|[from] Spikes\n|turn|16\n|\n|t:|1700510120\n|switch|p2a: Heatran|Heatran, M|100\/100\n|-item|p2a: Heatran|Air Balloon\n|move|p1a: Heatran|Flash Cannon|p2a: Heatran\n|-resisted|p2a: Heatran\n|-damage|p2a: Heatran|91\/100\n|-enditem|p2a: Heatran|Air Balloon\n|\n|-weather|SunnyDay|[upkeep]\n|-heal|p1a: Heatran|52\/100|[from] item: Leftovers\n|upkeep\n|turn|17\n|\n|t:|1700510134\n|move|p1a: Heatran|Earth Power|p2a: Heatran\n|-supereffective|p2a: Heatran\n|-damage|p2a: Heatran|0 fnt\n|faint|p2a: Heatran\n|\n|-weather|SunnyDay|[upkeep]\n|-heal|p1a: Heatran|58\/100|[from] item: Leftovers\n|-fieldend|move: Psychic Terrain\n|upkeep\n|\n|t:|1700510139\n|switch|p2a: Sneasler|Sneasler, F|31\/100\n|turn|18\n|\n|t:|1700510156\n|switch|p1a: Kommo-o|Kommo-o, M|10\/100\n|-damage|p1a: Kommo-o|0 fnt|[from] Spikes\n|faint|p1a: Kommo-o\n|move|p2a: Sneasler|Fake Out|p1: Kommo-o|[notarget]\n|-fail|p2a: Sneasler\n|\n|-weather|SunnyDay|[upkeep]\n|upkeep\n|\n|t:|1700510164\n|switch|p1a: Sneasler|Sneasler, M|100\/100\n|-damage|p1a: Sneasler|88\/100|[from] Spikes\n|turn|19\n|\n|t:|1700510171\n|move|p1a: Sneasler|Fake Out|p2a: Sneasler\n|-damage|p2a: Sneasler|7\/100\n|cant|p2a: Sneasler|flinch\n|\n|-weather|none\n|upkeep\n|turn|20\n|\n|t:|1700510179\n|move|p1a: Sneasler|Dire Claw|p2a: Sneasler\n|-resisted|p2a: Sneasler\n|-damage|p2a: Sneasler|0 fnt\n|faint|p2a: Sneasler\n|\n|upkeep\n|\n|t:|1700510183\n|switch|p2a: Tapu Lele|Tapu Lele|8\/100\n|-fieldstart|move: Psychic Terrain|[from] ability: Psychic Surge|[of] p2a: Tapu Lele\n|turn|21\n|c|\u2606RogoTjeFrog|gg\n|\n|t:|1700510195\n|switch|p1a: Heatran|Heatran, F, tera:Grass|58\/100\n|-damage|p1a: Heatran|45\/100|[from] Spikes\n|move|p2a: Tapu Lele|Psyshock|p1a: Heatran\n|-damage|p1a: Heatran|0 fnt\n|faint|p1a: Heatran\n|\n|upkeep\n|\n|t:|1700510201\n|switch|p1a: Sneasler|Sneasler, M|88\/100\n|-damage|p1a: Sneasler|76\/100|[from] Spikes\n|turn|22\n|\n|t:|1700510204\n|move|p1a: Sneasler|Fake Out|p2a: Tapu Lele\n|-activate|p2a: Tapu Lele|move: Psychic Terrain\n|move|p2a: Tapu Lele|Psyshock|p1a: Sneasler\n|-supereffective|p1a: Sneasler\n|-crit|p1a: Sneasler\n|-damage|p1a: Sneasler|0 fnt\n|faint|p1a: Sneasler\n|\n|win|RogoTjeFrog\n|raw|MileHHH's rating: 1287 &rarr; <strong>1269<\/strong><br \/>(-18 for losing)\n|raw|RogoTjeFrog's rating: 1381 &rarr; <strong>1396<\/strong><br \/>(+15 for winning)\n|c|\u2606RogoTjeFrog|XD\n|c|\u2606RogoTjeFrog|gg\n|c|\u2606RogoTjeFrog|ez\n|l|\u2606MileHHH\n|c|\u2606RogoTjeFrog|fake out btw\n","uploadtime":1700510232,"views":15,"p1id":"milehhh","p2id":"rogotjefrog","formatid":"gen9nationaldex","rating":1269,"private":0,"password":""}