{"id":"gen9nationaldex-2000615351","p1":"Water Hoe","p2":"Klawf Up A Lung","format":"[Gen 9] National Dex","log":"|html|<div class=\"broadcast-blue\"><strong>[Gen 9] National Dex is currently suspecting Sneasler! For information on how to participate check out the <a href=\"https:\/\/www.smogon.com\/forums\/threads\/sv-national-dex-suspect-8-just-dance.3731534\/\">suspect thread<\/a>.<\/strong><\/div>\n|j|\u2606Water Hoe\n|j|\u2606Klawf Up A Lung\n|inactive|Battle timer is ON: inactive players will automatically lose when time's up.\n|t:|1701210776\n|gametype|singles\n|player|p1|Water Hoe|nessa|\n|player|p2|Klawf Up A Lung|salvatore|\n|teamsize|p1|6\n|teamsize|p2|6\n|gen|9\n|tier|[Gen 9] National Dex\n|rated|Tournament battle\n|rule|HP Percentage Mod: HP is shown in percentages\n|rule|Endless Battle Clause: Forcing endless battles is banned\n|rule|OHKO Clause: OHKO moves are banned\n|rule|Evasion Clause: Evasion abilities, items, and moves are banned\n|rule|Evasion Abilities Clause: Evasion abilities are banned\n|rule|Evasion Items Clause: Evasion items are banned\n|rule|Evasion Moves Clause: Evasion moves are banned\n|rule|Species Clause: Limit one of each Pok\u00e9mon\n|rule|Sleep Clause Mod: Limit one foe put to sleep\n|clearpoke\n|poke|p1|Arboliva, M|\n|poke|p1|Sneasler, M|\n|poke|p1|Tapu Lele|\n|poke|p1|Blacephalon|\n|poke|p1|Great Tusk|\n|poke|p1|Zapdos|\n|poke|p2|Throh, M|\n|poke|p2|Aegislash, F|\n|poke|p2|Hydreigon, F|\n|poke|p2|Diancie|\n|poke|p2|Zapdos|\n|poke|p2|Crawdaunt, M|\n|teampreview\n|inactive|Klawf Up A Lung also wants the timer to be on.\n|inactive|Water Hoe also wants the timer to be on.\n|inactive|Klawf Up A Lung has 120 seconds left.\n|inactive|Klawf Up A Lung has 90 seconds left.\n|\n|t:|1701210842\n|start\n|switch|p1a: Zapdos|Zapdos|100\/100\n|switch|p2a: Oak|Aegislash, F|100\/100\n|turn|1\n|\n|t:|1701210850\n|move|p2a: Oak|King's Shield|p2a: Oak\n|-singleturn|p2a: Oak|Protect\n|move|p1a: Zapdos|Thunderbolt|p2a: Oak\n|-activate|p2a: Oak|move: Protect\n|\n|upkeep\n|turn|2\n|\n|t:|1701210867\n|move|p1a: Zapdos|Thunderbolt|p2a: Oak\n|-damage|p2a: Oak|60\/100\n|-status|p2a: Oak|par\n|move|p2a: Oak|Toxic|p1a: Zapdos\n|-status|p1a: Zapdos|tox\n|\n|-heal|p2a: Oak|67\/100 par|[from] item: Leftovers\n|-damage|p1a: Zapdos|94\/100 tox|[from] psn\n|upkeep\n|turn|3\n|inactive|Klawf Up A Lung has 120 seconds left.\n|\n|t:|1701210897\n|switch|p1a: Great Tusk|Great Tusk|100\/100\n|switch|p2a: Witch Hazel|Hydreigon, F|100\/100\n|\n|upkeep\n|turn|4\n|\n|t:|1701210909\n|switch|p2a: Honey Locust|Zapdos|100\/100\n|-end|p1a: Great Tusk|Protosynthesis|[silent]\n|switch|p1a: Tapu Lele|Tapu Lele|100\/100\n|-fieldstart|move: Psychic Terrain|[from] ability: Psychic Surge|[of] p1a: Tapu Lele\n|\n|upkeep\n|turn|5\n|\n|t:|1701210914\n|switch|p2a: Oak|Aegislash, F|67\/100 par\n|move|p1a: Tapu Lele|Moonblast|p2a: Oak\n|-resisted|p2a: Oak\n|-damage|p2a: Oak|46\/100 par\n|\n|-heal|p2a: Oak|52\/100 par|[from] item: Leftovers\n|upkeep\n|turn|6\n|\n|t:|1701210923\n|switch|p1a: Blacephalon|Blacephalon|100\/100\n|move|p2a: Oak|Toxic|p1a: Blacephalon\n|-status|p1a: Blacephalon|tox\n|\n|-heal|p2a: Oak|59\/100 par|[from] item: Leftovers\n|-damage|p1a: Blacephalon|94\/100 tox|[from] psn\n|upkeep\n|turn|7\n|\n|t:|1701210932\n|switch|p1a: Sneasler|Sneasler, M|100\/100\n|move|p2a: Oak|King's Shield||[still]\n|-fail|p2a: Oak\n|\n|-heal|p2a: Oak|65\/100 par|[from] item: Leftovers\n|upkeep\n|turn|8\n|\n|t:|1701210939\n|switch|p2a: Honey Locust|Zapdos|100\/100\n|move|p1a: Sneasler|Swords Dance|p1a: Sneasler\n|-boost|p1a: Sneasler|atk|2\n|\n|-fieldend|move: Psychic Terrain\n|upkeep\n|turn|9\n|\n|t:|1701210952\n|move|p1a: Sneasler|Gunk Shot|p2a: Honey Locust\n|-damage|p2a: Honey Locust|12\/100\n|move|p2a: Honey Locust|Discharge|p1a: Sneasler\n|-damage|p1a: Sneasler|58\/100\n|\n|upkeep\n|turn|10\n|\n|t:|1701210958\n|move|p1a: Sneasler|Gunk Shot|p2a: Honey Locust\n|-damage|p2a: Honey Locust|0 fnt\n|faint|p2a: Honey Locust\n|\n|upkeep\n|\n|t:|1701210964\n|switch|p2a: Sassafras|Crawdaunt, M|100\/100\n|turn|11\n|\n|t:|1701210970\n|switch|p1a: Tapu Lele|Tapu Lele|100\/100\n|-fieldstart|move: Psychic Terrain|[from] ability: Psychic Surge|[of] p1a: Tapu Lele\n|move|p2a: Sassafras|Aqua Jet|p1a: Tapu Lele\n|-activate|p1a: Tapu Lele|move: Psychic Terrain\n|\n|upkeep\n|turn|12\n|\n|t:|1701210974\n|switch|p2a: Oak|Aegislash, F|65\/100 par\n|move|p1a: Tapu Lele|Focus Blast|p2a: Oak\n|-immune|p2a: Oak\n|\n|-heal|p2a: Oak|71\/100 par|[from] item: Leftovers\n|upkeep\n|turn|13\n|\n|t:|1701210979\n|switch|p1a: Blacephalon|Blacephalon|94\/100 tox\n|-formechange|p2a: Oak|Aegislash-Blade||[from] ability: Stance Change\n|move|p2a: Oak|Shadow Ball|p1a: Blacephalon\n|-supereffective|p1a: Blacephalon\n|-damage|p1a: Blacephalon|0 fnt\n|faint|p1a: Blacephalon\n|\n|-heal|p2a: Oak|77\/100 par|[from] item: Leftovers\n|upkeep\n|\n|t:|1701210984\n|switch|p1a: Zapdos|Zapdos|94\/100 tox\n|turn|14\n|\n|t:|1701211000\n|switch|p2a: Witch Hazel|Hydreigon, F|100\/100\n|move|p1a: Zapdos|Volt Switch|p2a: Witch Hazel\n|-resisted|p2a: Witch Hazel\n|-damage|p2a: Witch Hazel|70\/100\n|\n|t:|1701211009\n|switch|p1a: Tapu Lele|Tapu Lele|100\/100|[from] Volt Switch\n|\n|upkeep\n|turn|15\n|\n|t:|1701211016\n|-zpower|p2a: Witch Hazel\n|move|p2a: Witch Hazel|Tectonic Rage|p1a: Tapu Lele|[zeffect]\n|-damage|p1a: Tapu Lele|41\/100\n|move|p1a: Tapu Lele|Psyshock|p2a: Witch Hazel\n|-immune|p2a: Witch Hazel\n|\n|-fieldend|move: Psychic Terrain\n|upkeep\n|turn|16\n|\n|t:|1701211023\n|switch|p1a: Arboliva|Arboliva, M|100\/100\n|move|p2a: Witch Hazel|Dark Pulse|p1a: Arboliva\n|-damage|p1a: Arboliva|76\/100\n|-fieldstart|move: Grassy Terrain|[from] ability: Seed Sower|[of] p1a: Arboliva\n|\n|-heal|p1a: Arboliva|82\/100|[from] Grassy Terrain\n|upkeep\n|turn|17\n|\n|t:|1701211030\n|switch|p2a: Hickory|Throh, M|100\/100\n|-ability|p2a: Hickory|Mold Breaker\n|move|p1a: Arboliva|Reflect|p1a: Arboliva\n|-sidestart|p1: Water Hoe|Reflect\n|\n|-heal|p1a: Arboliva|89\/100|[from] Grassy Terrain\n|upkeep\n|turn|18\n|\n|t:|1701211033\n|move|p2a: Hickory|Toxic|p1a: Arboliva\n|-status|p1a: Arboliva|tox\n|move|p1a: Arboliva|Memento|p2a: Hickory\n|-unboost|p2a: Hickory|atk|2\n|-unboost|p2a: Hickory|spa|2\n|faint|p1a: Arboliva\n|\n|upkeep\n|\n|t:|1701211036\n|switch|p1a: Sneasler|Sneasler, M|58\/100\n|-enditem|p1a: Sneasler|Grassy Seed\n|-boost|p1a: Sneasler|def|1|[from] item: Grassy Seed\n|turn|19\n|\n|t:|1701211040\n|-terastallize|p1a: Sneasler|Flying\n|move|p1a: Sneasler|Swords Dance|p1a: Sneasler\n|-boost|p1a: Sneasler|atk|2\n|move|p2a: Hickory|Taunt|p1a: Sneasler\n|-start|p1a: Sneasler|move: Taunt\n|\n|upkeep\n|turn|20\n|inactive|Klawf Up A Lung has 120 seconds left.\n|\n|t:|1701211077\n|move|p2a: Hickory|Protect|p2a: Hickory\n|-singleturn|p2a: Hickory|Protect\n|move|p1a: Sneasler|Close Combat|p2a: Hickory\n|-activate|p2a: Hickory|move: Protect\n|\n|upkeep\n|turn|21\n|inactive|Klawf Up A Lung has 120 seconds left.\n|\n|t:|1701211088\n|move|p1a: Sneasler|Close Combat|p2a: Hickory\n|-damage|p2a: Hickory|28\/100\n|-unboost|p1a: Sneasler|def|1\n|-unboost|p1a: Sneasler|spd|1\n|move|p2a: Hickory|Toxic|p1a: Sneasler\n|-status|p1a: Sneasler|tox\n|\n|-heal|p2a: Hickory|34\/100|[from] Grassy Terrain\n|-heal|p2a: Hickory|40\/100|[from] item: Leftovers\n|-damage|p1a: Sneasler|52\/100 tox|[from] psn\n|-sideend|p1: Water Hoe|Reflect\n|upkeep\n|turn|22\n|\n|t:|1701211092\n|move|p1a: Sneasler|Close Combat|p2a: Hickory\n|-damage|p2a: Hickory|0 fnt\n|-unboost|p1a: Sneasler|def|1\n|-unboost|p1a: Sneasler|spd|1\n|faint|p2a: Hickory\n|\n|-damage|p1a: Sneasler|40\/100 tox|[from] psn\n|-end|p1a: Sneasler|move: Taunt\n|upkeep\n|\n|t:|1701211096\n|switch|p2a: Sassafras|Crawdaunt, M|100\/100\n|turn|23\n|\n|t:|1701211104\n|switch|p1a: Tapu Lele|Tapu Lele|41\/100\n|-fieldstart|move: Psychic Terrain|[from] ability: Psychic Surge|[of] p1a: Tapu Lele\n|move|p2a: Sassafras|Aqua Jet|p1a: Tapu Lele\n|-activate|p1a: Tapu Lele|move: Psychic Terrain\n|\n|upkeep\n|turn|24\n|\n|t:|1701211109\n|switch|p2a: Oak|Aegislash, F|77\/100 par\n|move|p1a: Tapu Lele|Moonblast|p2a: Oak\n|-resisted|p2a: Oak\n|-damage|p2a: Oak|56\/100 par\n|\n|-heal|p2a: Oak|62\/100 par|[from] item: Leftovers\n|upkeep\n|turn|25\n|\n|t:|1701211117\n|switch|p1a: Great Tusk|Great Tusk|100\/100\n|-formechange|p2a: Oak|Aegislash-Blade||[from] ability: Stance Change\n|move|p2a: Oak|Shadow Ball|p1a: Great Tusk\n|-damage|p1a: Great Tusk|46\/100\n|-unboost|p1a: Great Tusk|spd|1\n|\n|-heal|p2a: Oak|68\/100 par|[from] item: Leftovers\n|upkeep\n|turn|26\n|\n|t:|1701211122\n|cant|p2a: Oak|par\n|move|p1a: Great Tusk|High Horsepower|p2a: Oak\n|-supereffective|p2a: Oak\n|-damage|p2a: Oak|0 fnt\n|faint|p2a: Oak\n|\n|upkeep\n|\n|t:|1701211126\n|switch|p2a: Magnolia|Diancie|100\/100\n|turn|27\n|\n|t:|1701211132\n|detailschange|p2a: Magnolia|Diancie-Mega\n|-mega|p2a: Magnolia|Diancie|Diancite\n|move|p2a: Magnolia|Moonblast|p1a: Great Tusk\n|-supereffective|p1a: Great Tusk\n|-damage|p1a: Great Tusk|0 fnt\n|faint|p1a: Great Tusk\n|-end|p1a: Great Tusk|Protosynthesis|[silent]\n|\n|-fieldend|move: Psychic Terrain\n|upkeep\n|\n|t:|1701211138\n|switch|p1a: Zapdos|Zapdos|94\/100 tox\n|turn|28\n|\n|t:|1701211141\n|move|p2a: Magnolia|Diamond Storm|p1a: Zapdos\n|-supereffective|p1a: Zapdos\n|-damage|p1a: Zapdos|0 fnt\n|-boost|p2a: Magnolia|def|2\n|faint|p1a: Zapdos\n|\n|upkeep\n|c|\u2606Water Hoe|gg\n|-message|Water Hoe forfeited.\n|\n|win|Klawf Up A Lung\n|n|\u2606Water Hoe|waterhoe\n|n|\u2606Klawf Up A Lung|klawfupalung\n","uploadtime":1701211156,"views":0,"p1id":"waterhoe","p2id":"klawfupalung","formatid":"gen9nationaldex","rating":0,"private":0,"password":""}