{"id":"gen9nationaldex-1998024594","p1":"Flimostur","p2":"Blesser23","format":"[Gen 9] National Dex","log":"|html|<div class=\"broadcast-blue\"><strong>[Gen 9] National Dex is currently suspecting Sneasler! For information on how to participate check out the <a href=\"https:\/\/www.smogon.com\/forums\/threads\/sv-national-dex-suspect-8-just-dance.3731534\/\">suspect thread<\/a>.<\/strong><\/div>\n|j|\u2606Flimostur\n|j|\u2606Blesser23\n|t:|1700880405\n|gametype|singles\n|player|p1|Flimostur|giovanni|\n|player|p2|Blesser23|hilbert|\n|teamsize|p1|6\n|teamsize|p2|6\n|gen|9\n|tier|[Gen 9] National Dex\n|rule|HP Percentage Mod: HP is shown in percentages\n|rule|Endless Battle Clause: Forcing endless battles is banned\n|rule|OHKO Clause: OHKO moves are banned\n|rule|Evasion Clause: Evasion abilities, items, and moves are banned\n|rule|Evasion Abilities Clause: Evasion abilities are banned\n|rule|Evasion Items Clause: Evasion items are banned\n|rule|Evasion Moves Clause: Evasion moves are banned\n|rule|Species Clause: Limit one of each Pok\u00e9mon\n|rule|Sleep Clause Mod: Limit one foe put to sleep\n|clearpoke\n|poke|p1|Blastoise, F|\n|poke|p1|Porygon|\n|poke|p1|Raichu, F|\n|poke|p1|Primeape, M|\n|poke|p1|Metagross|\n|poke|p1|Dragonite, F|\n|poke|p2|Alakazam, F|\n|poke|p2|Tyranitar, M|\n|poke|p2|Snorlax, M|\n|poke|p2|Crobat, M|\n|poke|p2|Scizor, F|\n|poke|p2|Gyarados, F|\n|teampreview\n|\n|t:|1700880431\n|start\n|switch|p1a: Blastoise|Blastoise, F|100\/100\n|switch|p2a: Scizor|Scizor, F|100\/100\n|turn|1\n|\n|t:|1700880448\n|move|p1a: Blastoise|Ice Beam|p2a: Scizor\n|-resisted|p2a: Scizor\n|-damage|p2a: Scizor|91\/100\n|move|p2a: Scizor|Swords Dance|p2a: Scizor\n|-boost|p2a: Scizor|atk|2\n|\n|-heal|p2a: Scizor|98\/100|[from] item: Leftovers\n|upkeep\n|turn|2\n|\n|t:|1700880460\n|switch|p1a: Raichu|Raichu, F|100\/100\n|move|p2a: Scizor|Swords Dance|p2a: Scizor\n|-boost|p2a: Scizor|atk|2\n|\n|-heal|p2a: Scizor|100\/100|[from] item: Leftovers\n|upkeep\n|turn|3\n|\n|t:|1700880470\n|move|p2a: Scizor|Bullet Punch|p1a: Raichu\n|-resisted|p1a: Raichu\n|-damage|p1a: Raichu|48\/100\n|move|p1a: Raichu|Thunderbolt|p2a: Scizor\n|-damage|p2a: Scizor|69\/100\n|\n|-heal|p2a: Scizor|75\/100|[from] item: Leftovers\n|upkeep\n|turn|4\n|\n|t:|1700880483\n|move|p2a: Scizor|Bullet Punch|p1a: Raichu\n|-resisted|p1a: Raichu\n|-damage|p1a: Raichu|0 fnt\n|faint|p1a: Raichu\n|\n|-heal|p2a: Scizor|81\/100|[from] item: Leftovers\n|upkeep\n|\n|t:|1700880492\n|switch|p1a: Dragonite|Dragonite, F|100\/100\n|turn|5\n|\n|t:|1700880509\n|move|p2a: Scizor|Bullet Punch|p1a: Dragonite\n|-damage|p1a: Dragonite|51\/100\n|move|p1a: Dragonite|Fire Punch|p2a: Scizor\n|-supereffective|p2a: Scizor\n|-damage|p2a: Scizor|0 fnt\n|faint|p2a: Scizor\n|\n|upkeep\n|\n|t:|1700880529\n|switch|p2a: Alakazam|Alakazam, F|100\/100\n|turn|6\n|\n|t:|1700880542\n|move|p2a: Alakazam|Psychic|p1a: Dragonite\n|-damage|p1a: Dragonite|0 fnt\n|faint|p1a: Dragonite\n|-damage|p2a: Alakazam|91\/100|[from] item: Life Orb\n|\n|upkeep\n|\n|t:|1700880549\n|switch|p1a: Metagross|Metagross|100\/100\n|turn|7\n|\n|t:|1700880556\n|move|p2a: Alakazam|Focus Blast|p1a: Metagross|[miss]\n|-miss|p2a: Alakazam|p1a: Metagross\n|move|p1a: Metagross|Shadow Ball|p2a: Alakazam\n|-supereffective|p2a: Alakazam\n|-damage|p2a: Alakazam|31\/100\n|\n|upkeep\n|turn|8\n|\n|t:|1700880573\n|switch|p2a: Snorlax|Snorlax, M, shiny|100\/100\n|move|p1a: Metagross|Shadow Ball|p2a: Snorlax\n|-immune|p2a: Snorlax\n|\n|upkeep\n|turn|9\n|\n|t:|1700880583\n|switch|p1a: Primeape|Primeape, M|100\/100\n|move|p2a: Snorlax|Curse|p2a: Snorlax\n|-unboost|p2a: Snorlax|spe|1\n|-boost|p2a: Snorlax|atk|1\n|-boost|p2a: Snorlax|def|1\n|\n|upkeep\n|turn|10\n|\n|t:|1700880604\n|-singleturn|p1a: Primeape|move: Focus Punch\n|move|p2a: Snorlax|Earthquake|p1a: Primeape\n|-damage|p1a: Primeape|32\/100\n|cant|p1a: Primeape|Focus Punch|Focus Punch\n|\n|-heal|p1a: Primeape|38\/100|[from] item: Leftovers\n|upkeep\n|turn|11\n|\n|t:|1700880614\n|move|p1a: Primeape|Low Kick|p2a: Snorlax\n|-supereffective|p2a: Snorlax\n|-damage|p2a: Snorlax|50\/100\n|move|p2a: Snorlax|Body Slam|p1a: Primeape\n|-damage|p1a: Primeape|0 fnt\n|faint|p1a: Primeape\n|\n|-heal|p2a: Snorlax|56\/100|[from] item: Leftovers\n|upkeep\n|\n|t:|1700880638\n|switch|p1a: Blastoise|Blastoise, F|100\/100\n|turn|12\n|\n|t:|1700880644\n|move|p1a: Blastoise|Ice Beam|p2a: Snorlax\n|-damage|p2a: Snorlax|51\/100\n|move|p2a: Snorlax|Rest|p2a: Snorlax\n|-status|p2a: Snorlax|slp|[from] move: Rest\n|-heal|p2a: Snorlax|100\/100 slp|[silent]\n|\n|upkeep\n|turn|13\n|\n|t:|1700880659\n|move|p1a: Blastoise|Surf|p2a: Snorlax\n|-damage|p2a: Snorlax|85\/100 slp\n|cant|p2a: Snorlax|slp\n|\n|-heal|p2a: Snorlax|91\/100 slp|[from] item: Leftovers\n|upkeep\n|turn|14\n|\n|t:|1700880667\n|switch|p1a: Porygon|Porygon|100\/100\n|-ability|p1a: Porygon|Thick Fat|[from] ability: Trace|[of] p2a: Snorlax\n|cant|p2a: Snorlax|slp\n|\n|-heal|p2a: Snorlax|97\/100 slp|[from] item: Leftovers\n|upkeep\n|turn|15\n|\n|t:|1700880677\n|move|p1a: Porygon|Toxic||[still]\n|-fail|p1a: Porygon\n|-curestatus|p2a: Snorlax|slp|[msg]\n|move|p2a: Snorlax|Body Slam|p1a: Porygon\n|-damage|p1a: Porygon|35\/100\n|-status|p1a: Porygon|par\n|\n|-heal|p2a: Snorlax|100\/100|[from] item: Leftovers\n|upkeep\n|turn|16\n|\n|t:|1700880689\n|move|p1a: Porygon|Recover|p1a: Porygon\n|-heal|p1a: Porygon|85\/100 par\n|move|p2a: Snorlax|Body Slam|p1a: Porygon\n|-damage|p1a: Porygon|22\/100 par\n|\n|upkeep\n|turn|17\n|\n|t:|1700880696\n|move|p1a: Porygon|Tri Attack|p2a: Snorlax\n|-damage|p2a: Snorlax|88\/100\n|move|p2a: Snorlax|Body Slam|p1a: Porygon\n|-damage|p1a: Porygon|0 fnt\n|faint|p1a: Porygon\n|\n|-heal|p2a: Snorlax|94\/100|[from] item: Leftovers\n|upkeep\n|\n|t:|1700880704\n|switch|p1a: Metagross|Metagross|100\/100\n|turn|18\n|\n|t:|1700880712\n|move|p1a: Metagross|Meteor Mash|p2a: Snorlax\n|-damage|p2a: Snorlax|74\/100\n|move|p2a: Snorlax|Earthquake|p1a: Metagross\n|-supereffective|p1a: Metagross\n|-damage|p1a: Metagross|39\/100\n|\n|-heal|p1a: Metagross|45\/100|[from] item: Leftovers\n|-heal|p2a: Snorlax|80\/100|[from] item: Leftovers\n|upkeep\n|turn|19\n|\n|t:|1700880725\n|move|p1a: Metagross|Shadow Ball|p2a: Snorlax\n|-immune|p2a: Snorlax\n|move|p2a: Snorlax|Earthquake|p1a: Metagross\n|-supereffective|p1a: Metagross\n|-damage|p1a: Metagross|0 fnt\n|faint|p1a: Metagross\n|\n|-heal|p2a: Snorlax|86\/100|[from] item: Leftovers\n|upkeep\n|\n|t:|1700880734\n|switch|p1a: Blastoise|Blastoise, F|100\/100\n|turn|20\n|\n|t:|1700880740\n|move|p1a: Blastoise|Bite|p2a: Snorlax\n|-damage|p2a: Snorlax|79\/100\n|move|p2a: Snorlax|Body Slam|p1a: Blastoise\n|-damage|p1a: Blastoise|51\/100\n|\n|-heal|p2a: Snorlax|86\/100|[from] item: Leftovers\n|upkeep\n|turn|21\n|\n|t:|1700880754\n|move|p1a: Blastoise|Waterfall|p2a: Snorlax\n|-damage|p2a: Snorlax|74\/100\n|move|p2a: Snorlax|Body Slam|p1a: Blastoise\n|-damage|p1a: Blastoise|8\/100\n|-status|p1a: Blastoise|par\n|-enditem|p1a: Blastoise|Lum Berry|[eat]\n|-curestatus|p1a: Blastoise|par|[msg]\n|\n|-heal|p2a: Snorlax|80\/100|[from] item: Leftovers\n|upkeep\n|turn|22\n|\n|t:|1700880767\n|move|p1a: Blastoise|Ice Beam|p2a: Snorlax\n|-damage|p2a: Snorlax|75\/100\n|move|p2a: Snorlax|Body Slam|p1a: Blastoise\n|-damage|p1a: Blastoise|0 fnt\n|faint|p1a: Blastoise\n|\n|win|Blesser23\n","uploadtime":1700881015,"views":10,"p1id":"flimostur","p2id":"blesser23","formatid":"gen9nationaldex","rating":0,"private":0,"password":""}