{"id":"gen9nationaldex-1989128782","p1":"Oxxo_ntsm","p2":"JesusPizzaCrusher","format":"[Gen 9] National Dex","log":"|j|\u2606Oxxo_ntsm\n|j|\u2606JesusPizzaCrusher\n|t:|1699815312\n|gametype|singles\n|player|p1|Oxxo_ntsm|hilbert-wonderlauncher|\n|player|p2|JesusPizzaCrusher|hugh|\n|teamsize|p1|6\n|teamsize|p2|6\n|gen|9\n|tier|[Gen 9] National Dex\n|rule|HP Percentage Mod: HP is shown in percentages\n|rule|Endless Battle Clause: Forcing endless battles is banned\n|rule|OHKO Clause: OHKO moves are banned\n|rule|Evasion Clause: Evasion abilities, items, and moves are banned\n|rule|Evasion Abilities Clause: Evasion abilities are banned\n|rule|Evasion Items Clause: Evasion items are banned\n|rule|Evasion Moves Clause: Evasion moves are banned\n|rule|Species Clause: Limit one of each Pok\u00e9mon\n|rule|Sleep Clause Mod: Limit one foe put to sleep\n|clearpoke\n|poke|p1|Galvantula, M|\n|poke|p1|Volcarona, F|\n|poke|p1|Forretress, M|\n|poke|p1|Slither Wing|\n|poke|p1|Heracross, M|\n|poke|p1|Scizor, M|\n|poke|p2|Scizor, F|\n|poke|p2|Volcarona, F|\n|poke|p2|Pinsir, F|\n|poke|p2|Lokix, F|\n|poke|p2|Galvantula, F|\n|poke|p2|Araquanid, F|\n|teampreview\n|inactive|Battle timer is ON: inactive players will automatically lose when time's up. (requested by Oxxo_ntsm)\n|\n|t:|1699815336\n|start\n|switch|p1a: Ranque|Forretress, M|100\/100\n|switch|p2a: Galvantula|Galvantula, F, shiny|100\/100\n|turn|1\n|c|\u2606Oxxo_ntsm|Burna suerte\n|c|\u2606JesusPizzaCrusher|Buena suerte\n|c|\u2606JesusPizzaCrusher|diviertete\n|\n|t:|1699815364\n|move|p2a: Galvantula|Sticky Web|p1a: Ranque\n|-sidestart|p1: Oxxo_ntsm|move: Sticky Web\n|move|p1a: Ranque|Stealth Rock|p2a: Galvantula\n|-sidestart|p2: JesusPizzaCrusher|move: Stealth Rock\n|\n|upkeep\n|turn|2\n|\n|t:|1699815372\n|move|p2a: Galvantula|Thunder Wave|p1a: Ranque\n|-status|p1a: Ranque|par\n|cant|p1a: Ranque|par\n|\n|upkeep\n|turn|3\n|\n|t:|1699815378\n|move|p2a: Galvantula|Discharge|p1a: Ranque\n|-damage|p1a: Ranque|47\/100 par\n|move|p1a: Ranque|Spikes|p2a: Galvantula\n|-sidestart|p2: JesusPizzaCrusher|Spikes\n|\n|upkeep\n|turn|4\n|\n|t:|1699815386\n|move|p2a: Galvantula|Discharge|p1a: Ranque\n|-damage|p1a: Ranque|0 fnt\n|faint|p1a: Ranque\n|\n|upkeep\n|\n|t:|1699815398\n|switch|p1a: Mothra|Volcarona, F, shiny|100\/100\n|turn|5\n|\n|t:|1699815404\n|move|p2a: Galvantula|Thunder Wave|p1a: Mothra\n|-status|p1a: Mothra|par\n|move|p1a: Mothra|Quiver Dance|p1a: Mothra\n|-boost|p1a: Mothra|spa|1\n|-boost|p1a: Mothra|spd|1\n|-boost|p1a: Mothra|spe|1\n|\n|upkeep\n|turn|6\n|\n|t:|1699815420\n|move|p2a: Galvantula|Discharge|p1a: Mothra\n|-crit|p1a: Mothra\n|-damage|p1a: Mothra|50\/100 par\n|cant|p1a: Mothra|par\n|\n|upkeep\n|turn|7\n|\n|t:|1699815429\n|move|p2a: Galvantula|Discharge|p1a: Mothra\n|-damage|p1a: Mothra|26\/100 par\n|move|p1a: Mothra|Fiery Dance|p2a: Galvantula\n|-supereffective|p2a: Galvantula\n|-enditem|p2a: Galvantula|Focus Sash\n|-damage|p2a: Galvantula|1\/100\n|-boost|p1a: Mothra|spa|1\n|\n|upkeep\n|turn|8\n|\n|t:|1699815445\n|-terastallize|p1a: Mothra|Ground\n|move|p2a: Galvantula|Discharge|p1a: Mothra\n|-immune|p1a: Mothra\n|move|p1a: Mothra|Quiver Dance|p1a: Mothra\n|-boost|p1a: Mothra|spa|1\n|-boost|p1a: Mothra|spd|1\n|-boost|p1a: Mothra|spe|1\n|\n|upkeep\n|turn|9\n|\n|t:|1699815456\n|move|p2a: Galvantula|Bug Buzz|p1a: Mothra\n|-damage|p1a: Mothra|6\/100 par\n|cant|p1a: Mothra|par\n|\n|upkeep\n|turn|10\n|\n|t:|1699815464\n|move|p2a: Galvantula|Bug Buzz|p1a: Mothra\n|-damage|p1a: Mothra|0 fnt\n|faint|p1a: Mothra\n|\n|upkeep\n|c|\u2606JesusPizzaCrusher|oof\n|c|\u2606JesusPizzaCrusher|rng moment\n|\n|t:|1699815478\n|switch|p1a: Little Mac|Scizor, M|100\/100\n|-activate|p1a: Little Mac|move: Sticky Web\n|-unboost|p1a: Little Mac|spe|1\n|turn|11\n|\n|t:|1699815487\n|move|p2a: Galvantula|Thunder Wave|p1a: Little Mac\n|-status|p1a: Little Mac|par\n|move|p1a: Little Mac|Knock Off|p2a: Galvantula\n|-damage|p2a: Galvantula|0 fnt\n|faint|p2a: Galvantula\n|\n|upkeep\n|\n|t:|1699815502\n|switch|p2a: Volcarona|Volcarona, F|100\/100\n|turn|12\n|\n|t:|1699815515\n|detailschange|p1a: Little Mac|Scizor-Mega, M\n|-mega|p1a: Little Mac|Scizor|Scizorite\n|-terastallize|p2a: Volcarona|Fire\n|move|p2a: Volcarona|Quiver Dance|p2a: Volcarona\n|-boost|p2a: Volcarona|spa|1\n|-boost|p2a: Volcarona|spd|1\n|-boost|p2a: Volcarona|spe|1\n|move|p1a: Little Mac|Knock Off|p2a: Volcarona\n|-damage|p2a: Volcarona|64\/100\n|-enditem|p2a: Volcarona|Heavy-Duty Boots|[from] move: Knock Off|[of] p1a: Little Mac\n|\n|upkeep\n|turn|13\n|\n|t:|1699815530\n|move|p1a: Little Mac|Bullet Punch|p2a: Volcarona\n|-resisted|p2a: Volcarona\n|-crit|p2a: Volcarona\n|-damage|p2a: Volcarona|37\/100\n|move|p2a: Volcarona|Fiery Dance|p1a: Little Mac\n|-supereffective|p1a: Little Mac\n|-damage|p1a: Little Mac|0 fnt\n|faint|p1a: Little Mac\n|\n|upkeep\n|\n|t:|1699815543\n|switch|p1a: Mothra Leo|Slither Wing|100\/100\n|-activate|p1a: Mothra Leo|move: Sticky Web\n|-unboost|p1a: Mothra Leo|spe|1\n|-enditem|p1a: Mothra Leo|Booster Energy\n|-activate|p1a: Mothra Leo|ability: Protosynthesis|[fromitem]\n|-start|p1a: Mothra Leo|protosynthesisatk\n|turn|14\n|\n|t:|1699815553\n|move|p2a: Volcarona|Fiery Dance|p1a: Mothra Leo\n|-supereffective|p1a: Mothra Leo\n|-damage|p1a: Mothra Leo|0 fnt\n|-boost|p2a: Volcarona|spa|1\n|faint|p1a: Mothra Leo\n|-end|p1a: Mothra Leo|Protosynthesis|[silent]\n|\n|upkeep\n|c|\u2606JesusPizzaCrusher|vroomvroom\n|\n|t:|1699815562\n|switch|p1a: Galvanni|Galvantula, M|100\/100\n|-activate|p1a: Galvanni|move: Sticky Web\n|-unboost|p1a: Galvanni|spe|1\n|turn|15\n|\n|t:|1699815570\n|move|p2a: Volcarona|Fiery Dance|p1a: Galvanni\n|-supereffective|p1a: Galvanni\n|-enditem|p1a: Galvanni|Focus Sash\n|-damage|p1a: Galvanni|1\/100\n|-boost|p2a: Volcarona|spa|1\n|move|p1a: Galvanni|Thunder|p2a: Volcarona\n|-damage|p2a: Volcarona|11\/100\n|-status|p2a: Volcarona|par\n|\n|upkeep\n|turn|16\n|\n|t:|1699815586\n|move|p1a: Galvanni|Thunder|p2a: Volcarona\n|-damage|p2a: Volcarona|0 fnt\n|faint|p2a: Volcarona\n|\n|upkeep\n|\n|t:|1699815593\n|switch|p2a: Kamen Rider|Lokix, F|100\/100\n|-damage|p2a: Kamen Rider|76\/100|[from] Stealth Rock\n|-damage|p2a: Kamen Rider|63\/100|[from] Spikes\n|turn|17\n|\n|t:|1699815601\n|move|p2a: Kamen Rider|First Impression|p1a: Galvanni\n|-damage|p1a: Galvanni|0 fnt\n|faint|p1a: Galvanni\n|-damage|p2a: Kamen Rider|54\/100|[from] item: Life Orb\n|\n|upkeep\n|\n|t:|1699815608\n|switch|p1a: Kabuterimon|Heracross, M|100\/100\n|-activate|p1a: Kabuterimon|move: Sticky Web\n|-unboost|p1a: Kabuterimon|spe|1\n|turn|18\n|\n|t:|1699815615\n|move|p2a: Kamen Rider|Aerial Ace|p1a: Kabuterimon\n|-supereffective|p1a: Kabuterimon\n|-crit|p1a: Kabuterimon\n|-damage|p1a: Kabuterimon|0 fnt\n|faint|p1a: Kabuterimon\n|-damage|p2a: Kamen Rider|44\/100|[from] item: Life Orb\n|\n|win|JesusPizzaCrusher\n|c|\u2606JesusPizzaCrusher|good game\n|l|\u2606Oxxo_ntsm\n","uploadtime":1699815680,"views":8,"p1id":"oxxontsm","p2id":"jesuspizzacrusher","formatid":"gen9nationaldex","rating":0,"private":0,"password":""}