{"id":"gen9nationaldex-1992082588","p1":"Blackbird_7306","p2":"Greytronius","format":"[Gen 9] National Dex","log":"|j|\u2606Blackbird_7306\n|j|\u2606Greytronius\n|t:|1700153601\n|gametype|singles\n|player|p1|Blackbird_7306|elio|1091\n|player|p2|Greytronius|lucas-gen4pt|1088\n|teamsize|p1|6\n|teamsize|p2|6\n|gen|9\n|tier|[Gen 9] National Dex\n|rated|\n|rule|HP Percentage Mod: HP is shown in percentages\n|rule|Endless Battle Clause: Forcing endless battles is banned\n|rule|OHKO Clause: OHKO moves are banned\n|rule|Evasion Clause: Evasion abilities, items, and moves are banned\n|rule|Evasion Abilities Clause: Evasion abilities are banned\n|rule|Evasion Items Clause: Evasion items are banned\n|rule|Evasion Moves Clause: Evasion moves are banned\n|rule|Species Clause: Limit one of each Pok\u00e9mon\n|rule|Sleep Clause Mod: Limit one foe put to sleep\n|clearpoke\n|poke|p1|Nidoking, M|\n|poke|p1|Serperior, F|\n|poke|p1|Corviknight, M|\n|poke|p1|Snorlax, M|\n|poke|p1|Jolteon, M|\n|poke|p1|Charizard, M|\n|poke|p2|Gallade, M|\n|poke|p2|Shuckle, M|\n|poke|p2|Quagsire, F|\n|poke|p2|Aegislash, M|\n|poke|p2|Skeledirge, M|\n|poke|p2|Bellibolt, M|\n|teampreview\n|\n|t:|1700153615\n|start\n|switch|p1a: Nidoking|Nidoking, M|100\/100\n|switch|p2a: Derp|Quagsire, F|100\/100\n|turn|1\n|\n|t:|1700153622\n|switch|p1a: Serperior|Serperior, F|100\/100\n|move|p2a: Derp|Aqua Tail|p1a: Serperior\n|-resisted|p1a: Serperior\n|-damage|p1a: Serperior|82\/100\n|\n|upkeep\n|turn|2\n|\n|t:|1700153629\n|-terastallize|p2a: Derp|Ice\n|move|p1a: Serperior|Glare|p2a: Derp\n|-status|p2a: Derp|par\n|move|p2a: Derp|Ice Punch|p1a: Serperior\n|-supereffective|p1a: Serperior\n|-damage|p1a: Serperior|21\/100\n|\n|upkeep\n|turn|3\n|\n|t:|1700153639\n|move|p1a: Serperior|Leaf Storm|p2a: Derp\n|-damage|p2a: Derp|29\/100 par\n|-boost|p1a: Serperior|spa|2\n|-damage|p1a: Serperior|11\/100|[from] item: Life Orb\n|move|p2a: Derp|Aqua Tail|p1a: Serperior\n|-resisted|p1a: Serperior\n|-damage|p1a: Serperior|0 fnt\n|faint|p1a: Serperior\n|\n|upkeep\n|\n|t:|1700153644\n|switch|p1a: Nidoking|Nidoking, M|100\/100\n|turn|4\n|\n|t:|1700153653\n|move|p1a: Nidoking|Earth Power|p2a: Derp\n|-damage|p2a: Derp|0 fnt\n|faint|p2a: Derp\n|\n|upkeep\n|\n|t:|1700153661\n|switch|p2a: Blade|Gallade, M|100\/100\n|turn|5\n|\n|t:|1700153672\n|move|p1a: Nidoking|Earth Power|p2a: Blade\n|-damage|p2a: Blade|31\/100\n|move|p2a: Blade|Psycho Cut|p1a: Nidoking\n|-supereffective|p1a: Nidoking\n|-damage|p1a: Nidoking|0 fnt\n|faint|p1a: Nidoking\n|\n|upkeep\n|\n|t:|1700153683\n|switch|p1a: Charizard|Charizard, M|100\/100\n|turn|6\n|\n|t:|1700153695\n|switch|p2a: Ion|Bellibolt, M|100\/100\n|detailschange|p1a: Charizard|Charizard-Mega-X, M\n|-mega|p1a: Charizard|Charizard|Charizardite X\n|move|p1a: Charizard|Dragon Dance|p1a: Charizard\n|-boost|p1a: Charizard|atk|1\n|-boost|p1a: Charizard|spe|1\n|\n|upkeep\n|turn|7\n|\n|t:|1700153706\n|move|p1a: Charizard|Earthquake|p2a: Ion\n|-supereffective|p2a: Ion\n|-damage|p2a: Ion|9\/100\n|-start|p2a: Ion|Charge|Earthquake|[from] ability: Electromorphosis\n|move|p2a: Ion|Parabolic Charge|p1a: Charizard\n|-resisted|p1a: Charizard\n|-damage|p1a: Charizard|70\/100\n|-heal|p2a: Ion|24\/100|[from] drain|[of] p1a: Charizard\n|-end|p2a: Ion|Charge|[silent]\n|\n|upkeep\n|turn|8\n|\n|t:|1700153717\n|move|p1a: Charizard|Dragon Dance|p1a: Charizard\n|-boost|p1a: Charizard|atk|1\n|-boost|p1a: Charizard|spe|1\n|move|p2a: Ion|Volt Switch|p1a: Charizard\n|-resisted|p1a: Charizard\n|-damage|p1a: Charizard|52\/100\n|\n|t:|1700153724\n|switch|p2a: Shuckie|Shuckle, M|100\/100|[from] Volt Switch\n|\n|upkeep\n|turn|9\n|\n|t:|1700153734\n|move|p1a: Charizard|Dragon Claw|p2a: Shuckie\n|-damage|p2a: Shuckie|9\/100\n|move|p2a: Shuckie|Power Split|p1a: Charizard\n|-activate|p2a: Shuckie|move: Power Split|[of] p1a: Charizard\n|\n|upkeep\n|turn|10\n|\n|t:|1700153743\n|move|p1a: Charizard|Dragon Claw|p2a: Shuckie\n|-damage|p2a: Shuckie|0 fnt\n|faint|p2a: Shuckie\n|\n|upkeep\n|\n|t:|1700153751\n|switch|p2a: Slash|Aegislash, M|100\/100\n|turn|11\n|\n|t:|1700153757\n|move|p1a: Charizard|Earthquake|p2a: Slash\n|-supereffective|p2a: Slash\n|-damage|p2a: Slash|32\/100\n|-formechange|p2a: Slash|Aegislash-Blade||[from] ability: Stance Change\n|move|p2a: Slash|Shadow Claw|p1a: Charizard\n|-damage|p1a: Charizard|16\/100\n|\n|-heal|p2a: Slash|38\/100|[from] item: Leftovers\n|upkeep\n|turn|12\n|\n|t:|1700153767\n|-formechange|p2a: Slash|Aegislash||[from] ability: Stance Change\n|move|p2a: Slash|King's Shield|p2a: Slash\n|-singleturn|p2a: Slash|Protect\n|move|p1a: Charizard|Earthquake|p2a: Slash\n|-activate|p2a: Slash|move: Protect\n|\n|-heal|p2a: Slash|44\/100|[from] item: Leftovers\n|upkeep\n|turn|13\n|\n|t:|1700153776\n|move|p1a: Charizard|Earthquake|p2a: Slash\n|-supereffective|p2a: Slash\n|-damage|p2a: Slash|0 fnt\n|faint|p2a: Slash\n|\n|upkeep\n|\n|t:|1700153782\n|switch|p2a: Applegator|Skeledirge, M|100\/100\n|turn|14\n|c|\u2606Blackbird_7306|no shadow sneak?\n|\n|t:|1700153789\n|move|p1a: Charizard|Earthquake|p2a: Applegator\n|-supereffective|p2a: Applegator\n|-damage|p2a: Applegator|69\/100\n|move|p2a: Applegator|Torch Song|p1a: Charizard\n|-resisted|p1a: Charizard\n|-damage|p1a: Charizard|2\/100\n|-boost|p2a: Applegator|spa|1\n|\n|upkeep\n|turn|15\n|c|\u2606Greytronius|nope\n|\n|t:|1700153798\n|move|p1a: Charizard|Earthquake|p2a: Applegator\n|-supereffective|p2a: Applegator\n|-damage|p2a: Applegator|37\/100\n|move|p2a: Applegator|Torch Song|p1a: Charizard\n|-resisted|p1a: Charizard\n|-damage|p1a: Charizard|0 fnt\n|-boost|p2a: Applegator|spa|1\n|faint|p1a: Charizard\n|\n|upkeep\n|\n|t:|1700153801\n|switch|p1a: Jolteon|Jolteon, M|100\/100\n|turn|16\n|\n|t:|1700153810\n|move|p1a: Jolteon|Shadow Ball|p2a: Applegator\n|-supereffective|p2a: Applegator\n|-damage|p2a: Applegator|0 fnt\n|faint|p2a: Applegator\n|-damage|p1a: Jolteon|91\/100|[from] item: Life Orb\n|\n|upkeep\n|\n|t:|1700153817\n|switch|p2a: Blade|Gallade, M|31\/100\n|turn|17\n|\n|t:|1700153821\n|move|p1a: Jolteon|Thunderbolt|p2a: Blade\n|-damage|p2a: Blade|0 fnt\n|faint|p2a: Blade\n|-damage|p1a: Jolteon|81\/100|[from] item: Life Orb\n|\n|upkeep\n|\n|t:|1700153826\n|switch|p2a: Ion|Bellibolt, M|24\/100\n|turn|18\n|\n|t:|1700153831\n|move|p1a: Jolteon|Shadow Ball|p2a: Ion\n|-damage|p2a: Ion|0 fnt\n|faint|p2a: Ion\n|-damage|p1a: Jolteon|71\/100|[from] item: Life Orb\n|\n|win|Blackbird_7306\n|raw|Blackbird_7306's rating: 1091 &rarr; <strong>1117<\/strong><br \/>(+26 for winning)\n|raw|Greytronius's rating: 1088 &rarr; <strong>1065<\/strong><br \/>(-23 for losing)\n|c|\u2606Greytronius|gg\n|c|\u2606Blackbird_7306|gg\n","uploadtime":1700153839,"views":9,"p1id":"blackbird7306","p2id":"greytronius","formatid":"gen9nationaldex","rating":1065,"private":0,"password":""}