{"id":"gen9nationaldex-1998817581","p1":"maker777","p2":"taowang","format":"[Gen 9] National Dex","log":"|html|<div class=\"broadcast-blue\"><strong>[Gen 9] National Dex is currently suspecting Sneasler! For information on how to participate check out the <a href=\"https:\/\/www.smogon.com\/forums\/threads\/sv-national-dex-suspect-8-just-dance.3731534\/\">suspect thread<\/a>.<\/strong><\/div>\n|j|\u2606maker777\n|j|\u2606taowang\n|t:|1700996965\n|gametype|singles\n|player|p1|maker777|102|1561\n|player|p2|taowang|102|1545\n|teamsize|p1|6\n|teamsize|p2|6\n|gen|9\n|tier|[Gen 9] National Dex\n|rated|\n|rule|HP Percentage Mod: HP is shown in percentages\n|rule|Endless Battle Clause: Forcing endless battles is banned\n|rule|OHKO Clause: OHKO moves are banned\n|rule|Evasion Clause: Evasion abilities, items, and moves are banned\n|rule|Evasion Abilities Clause: Evasion abilities are banned\n|rule|Evasion Items Clause: Evasion items are banned\n|rule|Evasion Moves Clause: Evasion moves are banned\n|rule|Species Clause: Limit one of each Pok\u00e9mon\n|rule|Sleep Clause Mod: Limit one foe put to sleep\n|clearpoke\n|poke|p1|Scizor, F|\n|poke|p1|Slowbro, M|\n|poke|p1|Gliscor, F|\n|poke|p1|Heatran, M|\n|poke|p1|Dragonite, M|\n|poke|p1|Iron Valiant|\n|poke|p2|Toxapex, F|\n|poke|p2|Dondozo, F|\n|poke|p2|Garganacl, F|\n|poke|p2|Sableye, F|\n|poke|p2|Corviknight, F|\n|poke|p2|Gliscor, F|\n|teampreview\n|inactive|Battle timer is ON: inactive players will automatically lose when time's up. (requested by taowang)\n|\n|t:|1700997016\n|start\n|switch|p1a: Gliscor|Gliscor, F|100\/100\n|switch|p2a: Sableye|Sableye, F, shiny|100\/100\n|turn|1\n|\n|t:|1700997021\n|detailschange|p2a: Sableye|Sableye-Mega, F, shiny\n|-mega|p2a: Sableye|Sableye|Sablenite\n|move|p1a: Gliscor|Protect|p1a: Gliscor\n|-singleturn|p1a: Gliscor|Protect\n|move|p2a: Sableye|Knock Off|p1a: Gliscor\n|-activate|p1a: Gliscor|move: Protect\n|\n|-status|p1a: Gliscor|tox|[from] item: Toxic Orb\n|upkeep\n|turn|2\n|\n|t:|1700997036\n|switch|p1a: Slowbro|Slowbro, M|100\/100\n|switch|p2a: Dondozo|Dondozo, F|100\/100\n|\n|upkeep\n|turn|3\n|\n|t:|1700997046\n|switch|p2a: Sableye|Sableye-Mega, F, shiny|100\/100\n|move|p1a: Slowbro|Future Sight|p2a: Sableye\n|-start|p1a: Slowbro|move: Future Sight\n|\n|upkeep\n|turn|4\n|\n|t:|1700997067\n|switch|p1a: Gliscor|Gliscor, F|100\/100 tox\n|move|p2a: Sableye|Knock Off|p1a: Gliscor\n|-damage|p1a: Gliscor|76\/100 tox\n|-enditem|p1a: Gliscor|Toxic Orb|[from] move: Knock Off|[of] p2a: Sableye\n|\n|-heal|p1a: Gliscor|88\/100 tox|[from] ability: Poison Heal\n|upkeep\n|turn|5\n|\n|t:|1700997077\n|move|p2a: Sableye|Protect|p2a: Sableye\n|-singleturn|p2a: Sableye|Protect\n|move|p1a: Gliscor|Earthquake|p2a: Sableye\n|-activate|p2a: Sableye|move: Protect\n|\n|-end|p2a: Sableye|move: Future Sight\n|-immune|p2a: Sableye\n|-heal|p1a: Gliscor|100\/100 tox|[from] ability: Poison Heal\n|upkeep\n|turn|6\n|\n|t:|1700997087\n|switch|p2a: Dondozo|Dondozo, F|100\/100\n|move|p1a: Gliscor|Toxic|p2a: Dondozo\n|-status|p2a: Dondozo|tox\n|\n|-damage|p2a: Dondozo|94\/100 tox|[from] psn\n|upkeep\n|turn|7\n|\n|t:|1700997095\n|switch|p1a: Dragonite|Dragonite, M|100\/100\n|move|p2a: Dondozo|Liquidation|p1a: Dragonite\n|-resisted|p1a: Dragonite\n|-crit|p1a: Dragonite\n|-damage|p1a: Dragonite|88\/100\n|\n|-heal|p2a: Dondozo|100\/100 tox|[from] item: Leftovers\n|-damage|p2a: Dondozo|88\/100 tox|[from] psn\n|upkeep\n|turn|8\n|\n|t:|1700997108\n|switch|p2a: Sableye|Sableye-Mega, F, shiny|100\/100\n|move|p1a: Dragonite|Fire Blast|p2a: Sableye\n|-damage|p2a: Sableye|77\/100\n|-status|p2a: Sableye|brn\n|\n|-damage|p2a: Sableye|71\/100 brn|[from] brn\n|upkeep\n|turn|9\n|\n|t:|1700997118\n|switch|p1a: Gliscor|Gliscor, F|100\/100 tox\n|move|p2a: Sableye|Knock Off|p1a: Gliscor\n|-damage|p1a: Gliscor|93\/100 tox\n|\n|-heal|p1a: Gliscor|100\/100 tox|[from] ability: Poison Heal\n|-damage|p2a: Sableye|65\/100 brn|[from] brn\n|upkeep\n|turn|10\n|\n|t:|1700997126\n|switch|p2a: Dondozo|Dondozo, F|88\/100 tox\n|move|p1a: Gliscor|Earthquake|p2a: Dondozo\n|-damage|p2a: Dondozo|73\/100 tox\n|\n|-heal|p2a: Dondozo|79\/100 tox|[from] item: Leftovers\n|-damage|p2a: Dondozo|73\/100 tox|[from] psn\n|upkeep\n|turn|11\n|\n|t:|1700997133\n|switch|p1a: Dragonite|Dragonite, M|88\/100\n|move|p2a: Dondozo|Liquidation|p1a: Dragonite\n|-resisted|p1a: Dragonite\n|-damage|p1a: Dragonite|70\/100\n|\n|-heal|p2a: Dondozo|79\/100 tox|[from] item: Leftovers\n|-damage|p2a: Dondozo|67\/100 tox|[from] psn\n|upkeep\n|turn|12\n|\n|t:|1700997140\n|switch|p2a: Garganacl|Garganacl, F|100\/100\n|move|p1a: Dragonite|Roost|p1a: Dragonite\n|-heal|p1a: Dragonite|100\/100\n|-singleturn|p1a: Dragonite|move: Roost\n|\n|upkeep\n|turn|13\n|\n|t:|1700997148\n|move|p1a: Dragonite|Earthquake|p2a: Garganacl\n|-supereffective|p2a: Garganacl\n|-damage|p2a: Garganacl|45\/100\n|move|p2a: Garganacl|Stealth Rock|p1a: Dragonite\n|-sidestart|p1: maker777|move: Stealth Rock\n|\n|-heal|p2a: Garganacl|51\/100|[from] item: Leftovers\n|upkeep\n|turn|14\n|\n|t:|1700997157\n|move|p2a: Garganacl|Protect|p2a: Garganacl\n|-singleturn|p2a: Garganacl|Protect\n|move|p1a: Dragonite|Encore|p2a: Garganacl\n|-activate|p2a: Garganacl|move: Protect\n|\n|-heal|p2a: Garganacl|58\/100|[from] item: Leftovers\n|upkeep\n|turn|15\n|\n|t:|1700997178\n|move|p1a: Dragonite|Earthquake|p2a: Garganacl\n|-supereffective|p2a: Garganacl\n|-damage|p2a: Garganacl|8\/100\n|move|p2a: Garganacl|Salt Cure|p1a: Dragonite\n|-supereffective|p1a: Dragonite\n|-damage|p1a: Dragonite|84\/100\n|-start|p1a: Dragonite|Salt Cure\n|\n|-heal|p2a: Garganacl|14\/100|[from] item: Leftovers\n|-damage|p1a: Dragonite|72\/100|[from] Salt Cure\n|upkeep\n|turn|16\n|\n|t:|1700997185\n|move|p2a: Garganacl|Protect|p2a: Garganacl\n|-singleturn|p2a: Garganacl|Protect\n|move|p1a: Dragonite|Roost|p1a: Dragonite\n|-heal|p1a: Dragonite|100\/100\n|-singleturn|p1a: Dragonite|move: Roost\n|\n|-heal|p2a: Garganacl|21\/100|[from] item: Leftovers\n|-damage|p1a: Dragonite|88\/100|[from] Salt Cure\n|upkeep\n|turn|17\n|\n|t:|1700997192\n|switch|p2a: Dondozo|Dondozo, F|67\/100 tox\n|move|p1a: Dragonite|Fire Blast|p2a: Dondozo\n|-resisted|p2a: Dondozo\n|-damage|p2a: Dondozo|56\/100 tox\n|\n|-heal|p2a: Dondozo|62\/100 tox|[from] item: Leftovers\n|-damage|p2a: Dondozo|56\/100 tox|[from] psn\n|-damage|p1a: Dragonite|76\/100|[from] Salt Cure\n|upkeep\n|turn|18\n|\n|t:|1700997200\n|move|p1a: Dragonite|Earthquake|p2a: Dondozo\n|-damage|p2a: Dondozo|39\/100 tox\n|move|p2a: Dondozo|Rest|p2a: Dondozo\n|-status|p2a: Dondozo|slp|[from] move: Rest\n|-heal|p2a: Dondozo|100\/100 slp|[silent]\n|\n|-damage|p1a: Dragonite|63\/100|[from] Salt Cure\n|upkeep\n|turn|19\n|\n|t:|1700997226\n|move|p1a: Dragonite|Roost|p1a: Dragonite\n|-heal|p1a: Dragonite|100\/100\n|-singleturn|p1a: Dragonite|move: Roost\n|cant|p2a: Dondozo|slp\n|move|p2a: Dondozo|Sleep Talk|p2a: Dondozo\n|move|p2a: Dondozo|Rest||[from]move: Sleep Talk|[still]\n|-fail|p2a: Dondozo\n|\n|-damage|p1a: Dragonite|88\/100|[from] Salt Cure\n|upkeep\n|turn|20\n|\n|t:|1700997237\n|move|p1a: Dragonite|Encore||[still]\n|-fail|p1a: Dragonite\n|cant|p2a: Dondozo|slp\n|move|p2a: Dondozo|Sleep Talk|p2a: Dondozo\n|move|p2a: Dondozo|Rest||[from]move: Sleep Talk|[still]\n|-fail|p2a: Dondozo\n|\n|-damage|p1a: Dragonite|76\/100|[from] Salt Cure\n|upkeep\n|turn|21\n|\n|t:|1700997254\n|switch|p2a: Gliscor|Gliscor, F, shiny|100\/100\n|move|p1a: Dragonite|Fire Blast|p2a: Gliscor|[miss]\n|-miss|p1a: Dragonite|p2a: Gliscor\n|\n|-damage|p1a: Dragonite|63\/100|[from] Salt Cure\n|-status|p2a: Gliscor|tox|[from] item: Toxic Orb\n|upkeep\n|turn|22\n|\n|t:|1700997265\n|switch|p1a: Gliscor|Gliscor, F|100\/100 tox\n|-damage|p1a: Gliscor|88\/100 tox|[from] Stealth Rock\n|move|p2a: Gliscor|Toxic|p1a: Gliscor\n|-fail|p1a: Gliscor|tox\n|\n|-heal|p1a: Gliscor|100\/100 tox|[from] ability: Poison Heal\n|upkeep\n|turn|23\n|\n|t:|1700997274\n|switch|p2a: Dondozo|Dondozo, F|100\/100 slp\n|move|p1a: Gliscor|Toxic||[still]\n|-fail|p1a: Gliscor\n|\n|upkeep\n|turn|24\n|\n|t:|1700997282\n|move|p1a: Gliscor|Toxic||[still]\n|-fail|p1a: Gliscor\n|-curestatus|p2a: Dondozo|slp|[msg]\n|move|p2a: Dondozo|Liquidation|p1a: Gliscor\n|-supereffective|p1a: Gliscor\n|-damage|p1a: Gliscor|51\/100 tox\n|-unboost|p1a: Gliscor|def|1\n|\n|-heal|p1a: Gliscor|64\/100 tox|[from] ability: Poison Heal\n|upkeep\n|turn|25\n|\n|t:|1700997289\n|switch|p1a: Dragonite|Dragonite, M|63\/100\n|move|p2a: Dondozo|Liquidation|p1a: Dragonite\n|-resisted|p1a: Dragonite\n|-damage|p1a: Dragonite|47\/100\n|\n|upkeep\n|turn|26\n|\n|t:|1700997297\n|move|p1a: Dragonite|Roost|p1a: Dragonite\n|-heal|p1a: Dragonite|97\/100\n|-singleturn|p1a: Dragonite|move: Roost\n|move|p2a: Dondozo|Liquidation|p1a: Dragonite\n|-resisted|p1a: Dragonite\n|-damage|p1a: Dragonite|81\/100\n|-unboost|p1a: Dragonite|def|1\n|\n|upkeep\n|turn|27\n|\n|t:|1700997305\n|switch|p1a: Slowbro|Slowbro, M|100\/100\n|move|p2a: Dondozo|Liquidation|p1a: Slowbro\n|-resisted|p1a: Slowbro\n|-damage|p1a: Slowbro|92\/100\n|\n|upkeep\n|turn|28\n|\n|t:|1700997313\n|switch|p2a: Sableye|Sableye-Mega, F, shiny|65\/100 brn\n|move|p1a: Slowbro|Scald|p2a: Sableye\n|-damage|p2a: Sableye|35\/100 brn\n|\n|-damage|p2a: Sableye|28\/100 brn|[from] brn\n|upkeep\n|turn|29\n|\n|t:|1700997319\n|switch|p1a: Gliscor|Gliscor, F|64\/100 tox\n|-damage|p1a: Gliscor|51\/100 tox|[from] Stealth Rock\n|move|p2a: Sableye|Recover|p2a: Sableye\n|-heal|p2a: Sableye|78\/100 brn\n|\n|-heal|p1a: Gliscor|64\/100 tox|[from] ability: Poison Heal\n|-damage|p2a: Sableye|72\/100 brn|[from] brn\n|upkeep\n|turn|30\n|j| naikui\n|\n|t:|1700997338\n|switch|p2a: Corviknight|Corviknight, F, shiny|100\/100\n|-ability|p2a: Corviknight|Pressure\n|move|p1a: Gliscor|Toxic|p2a: Corviknight\n|-immune|p2a: Corviknight\n|\n|-heal|p1a: Gliscor|76\/100 tox|[from] ability: Poison Heal\n|upkeep\n|turn|31\n|\n|t:|1700997345\n|move|p1a: Gliscor|Protect|p1a: Gliscor\n|-singleturn|p1a: Gliscor|Protect\n|move|p2a: Corviknight|U-turn|p1a: Gliscor\n|-activate|p1a: Gliscor|move: Protect\n|\n|-heal|p1a: Gliscor|89\/100 tox|[from] ability: Poison Heal\n|upkeep\n|turn|32\n|\n|t:|1700997353\n|move|p1a: Gliscor|Earthquake|p2a: Corviknight\n|-immune|p2a: Corviknight\n|move|p2a: Corviknight|U-turn|p1a: Gliscor\n|-resisted|p1a: Gliscor\n|-crit|p1a: Gliscor\n|-damage|p1a: Gliscor|80\/100 tox\n|\n|t:|1700997363\n|switch|p2a: Dondozo|Dondozo, F|100\/100|[from] U-turn\n|\n|-heal|p1a: Gliscor|92\/100 tox|[from] ability: Poison Heal\n|upkeep\n|turn|33\n|\n|t:|1700997370\n|switch|p2a: Corviknight|Corviknight, F, shiny|100\/100\n|-ability|p2a: Corviknight|Pressure\n|move|p1a: Gliscor|Protect||[still]\n|-fail|p1a: Gliscor\n|\n|-heal|p1a: Gliscor|100\/100 tox|[from] ability: Poison Heal\n|upkeep\n|turn|34\n|\n|t:|1700997377\n|switch|p1a: Dragonite|Dragonite, M|81\/100\n|move|p2a: Corviknight|U-turn|p1a: Dragonite\n|-resisted|p1a: Dragonite\n|-damage|p1a: Dragonite|74\/100\n|\n|t:|1700997384\n|switch|p2a: Garganacl|Garganacl, F|21\/100|[from] U-turn\n|\n|-heal|p2a: Garganacl|27\/100|[from] item: Leftovers\n|upkeep\n|turn|35\n|\n|t:|1700997388\n|move|p2a: Garganacl|Protect|p2a: Garganacl\n|-singleturn|p2a: Garganacl|Protect\n|move|p1a: Dragonite|Earthquake|p2a: Garganacl\n|-activate|p2a: Garganacl|move: Protect\n|\n|-heal|p2a: Garganacl|33\/100|[from] item: Leftovers\n|upkeep\n|turn|36\n|\n|t:|1700997397\n|switch|p2a: Dondozo|Dondozo, F|100\/100\n|move|p1a: Dragonite|Fire Blast|p2a: Dondozo\n|-resisted|p2a: Dondozo\n|-damage|p2a: Dondozo|89\/100\n|\n|-heal|p2a: Dondozo|95\/100|[from] item: Leftovers\n|upkeep\n|turn|37\n|\n|t:|1700997412\n|switch|p1a: Slowbro|Slowbro, M|100\/100\n|move|p2a: Dondozo|Liquidation|p1a: Slowbro\n|-resisted|p1a: Slowbro\n|-damage|p1a: Slowbro|92\/100\n|\n|-heal|p2a: Dondozo|100\/100|[from] item: Leftovers\n|upkeep\n|turn|38\n|\n|t:|1700997427\n|switch|p2a: Toxapex|Toxapex, F, shiny|100\/100\n|move|p1a: Slowbro|Future Sight|p2a: Toxapex\n|-start|p1a: Slowbro|move: Future Sight\n|\n|upkeep\n|turn|39\n|\n|t:|1700997439\n|switch|p2a: Sableye|Sableye-Mega, F, shiny|72\/100 brn\n|switch|p1a: Gliscor|Gliscor, F|100\/100 tox\n|-damage|p1a: Gliscor|88\/100 tox|[from] Stealth Rock\n|\n|-heal|p1a: Gliscor|100\/100 tox|[from] ability: Poison Heal\n|-damage|p2a: Sableye|66\/100 brn|[from] brn\n|upkeep\n|turn|40\n|\n|t:|1700997450\n|switch|p1a: Iron Valiant|Iron Valiant|100\/100\n|-damage|p1a: Iron Valiant|94\/100|[from] Stealth Rock\n|-enditem|p1a: Iron Valiant|Booster Energy\n|-activate|p1a: Iron Valiant|ability: Quark Drive|[fromitem]\n|-start|p1a: Iron Valiant|quarkdrivespe\n|switch|p2a: Corviknight|Corviknight, F, shiny|100\/100\n|-ability|p2a: Corviknight|Pressure\n|\n|-end|p2a: Corviknight|move: Future Sight\n|-resisted|p2a: Corviknight\n|-damage|p2a: Corviknight|87\/100\n|-heal|p2a: Corviknight|93\/100|[from] item: Leftovers\n|upkeep\n|turn|41\n|\n|t:|1700997459\n|move|p2a: Corviknight|Protect|p2a: Corviknight\n|-singleturn|p2a: Corviknight|Protect\n|move|p1a: Iron Valiant|Calm Mind|p1a: Iron Valiant\n|-boost|p1a: Iron Valiant|spa|1\n|-boost|p1a: Iron Valiant|spd|1\n|\n|-heal|p2a: Corviknight|99\/100|[from] item: Leftovers\n|upkeep\n|turn|42\n|\n|t:|1700997482\n|move|p1a: Iron Valiant|Calm Mind|p1a: Iron Valiant\n|-boost|p1a: Iron Valiant|spa|1\n|-boost|p1a: Iron Valiant|spd|1\n|move|p2a: Corviknight|U-turn|p1a: Iron Valiant\n|-resisted|p1a: Iron Valiant\n|-damage|p1a: Iron Valiant|90\/100\n|\n|t:|1700997485\n|switch|p2a: Toxapex|Toxapex, F, shiny|100\/100|[from] U-turn\n|\n|upkeep\n|turn|43\n|\n|t:|1700997495\n|-terastallize|p2a: Toxapex|Fairy\n|move|p1a: Iron Valiant|Thunderbolt|p2a: Toxapex\n|-damage|p2a: Toxapex|64\/100\n|move|p2a: Toxapex|Haze|p2a: Toxapex\n|-clearallboost\n|\n|upkeep\n|turn|44\n|\n|t:|1700997517\n|-end|p1a: Iron Valiant|Quark Drive|[silent]\n|switch|p1a: Scizor|Scizor, F|100\/100\n|-damage|p1a: Scizor|88\/100|[from] Stealth Rock\n|move|p2a: Toxapex|Scald|p1a: Scizor\n|-damage|p1a: Scizor|69\/100\n|\n|upkeep\n|turn|45\n|\n|t:|1700997525\n|switch|p2a: Dondozo|Dondozo, F|100\/100\n|detailschange|p1a: Scizor|Scizor-Mega, F\n|-mega|p1a: Scizor|Scizor|Scizorite\n|move|p1a: Scizor|Bullet Punch|p2a: Dondozo\n|-resisted|p2a: Dondozo\n|-damage|p2a: Dondozo|92\/100\n|\n|-heal|p2a: Dondozo|98\/100|[from] item: Leftovers\n|upkeep\n|turn|46\n|\n|t:|1700997546\n|switch|p2a: Corviknight|Corviknight, F, shiny|99\/100\n|-ability|p2a: Corviknight|Pressure\n|move|p1a: Scizor|U-turn|p2a: Corviknight\n|-resisted|p2a: Corviknight\n|-damage|p2a: Corviknight|90\/100\n|\n|t:|1700997556\n|switch|p1a: Heatran|Heatran, M|100\/100|[from] U-turn\n|-damage|p1a: Heatran|88\/100|[from] Stealth Rock\n|\n|-heal|p2a: Corviknight|96\/100|[from] item: Leftovers\n|upkeep\n|turn|47\n|\n|t:|1700997565\n|-terastallize|p1a: Heatran|Fire\n|move|p2a: Corviknight|Protect|p2a: Corviknight\n|-singleturn|p2a: Corviknight|Protect\n|move|p1a: Heatran|Eruption|p2a: Corviknight\n|-activate|p2a: Corviknight|move: Protect\n|\n|-heal|p2a: Corviknight|100\/100|[from] item: Leftovers\n|upkeep\n|turn|48\n|\n|t:|1700997574\n|switch|p2a: Toxapex|Toxapex, F, shiny, tera:Fairy|97\/100\n|move|p1a: Heatran|Eruption|p2a: Toxapex\n|-damage|p2a: Toxapex|43\/100\n|\n|upkeep\n|turn|49\n|\n|t:|1700997587\n|switch|p2a: Garganacl|Garganacl, F|33\/100\n|move|p1a: Heatran|Eruption|p2a: Garganacl\n|-resisted|p2a: Garganacl\n|-damage|p2a: Garganacl|4\/100\n|\n|-heal|p2a: Garganacl|10\/100|[from] item: Leftovers\n|upkeep\n|turn|50\n|\n|t:|1700997591\n|move|p2a: Garganacl|Protect|p2a: Garganacl\n|-singleturn|p2a: Garganacl|Protect\n|move|p1a: Heatran|Eruption|p2a: Garganacl\n|-activate|p2a: Garganacl|move: Protect\n|\n|-heal|p2a: Garganacl|16\/100|[from] item: Leftovers\n|upkeep\n|turn|51\n|\n|t:|1700997618\n|move|p2a: Garganacl|Protect|p2a: Garganacl\n|-singleturn|p2a: Garganacl|Protect\n|move|p1a: Heatran|Eruption|p2a: Garganacl\n|-activate|p2a: Garganacl|move: Protect\n|\n|-heal|p2a: Garganacl|23\/100|[from] item: Leftovers\n|upkeep\n|turn|52\n|\n|t:|1700997627\n|move|p1a: Heatran|Eruption|p2a: Garganacl\n|-resisted|p2a: Garganacl\n|-damage|p2a: Garganacl|0 fnt\n|faint|p2a: Garganacl\n|\n|upkeep\n|\n|t:|1700997634\n|switch|p2a: Toxapex|Toxapex, F, shiny, tera:Fairy|76\/100\n|turn|53\n|\n|t:|1700997640\n|move|p1a: Heatran|Eruption|p2a: Toxapex\n|-damage|p2a: Toxapex|22\/100\n|move|p2a: Toxapex|Toxic|p1a: Heatran|[miss]\n|-miss|p2a: Toxapex|p1a: Heatran\n|\n|upkeep\n|turn|54\n|-message|taowang forfeited.\n|\n|win|maker777\n|raw|maker777's rating: 1561 &rarr; <strong>1580<\/strong><br \/>(+19 for winning)\n|raw|taowang's rating: 1545 &rarr; <strong>1526<\/strong><br \/>(-19 for losing)\n|l|\u2606taowang\n","uploadtime":1700997668,"views":7,"p1id":"maker777","p2id":"taowang","formatid":"gen9nationaldex","rating":1526,"private":0,"password":""}