{"id":"gen9nationaldex-1994235223","p1":"TopHatSnekGG","p2":"Vvbttij","format":"[Gen 9] National Dex","log":"|j|\u2606TopHatSnekGG\n|j|\u2606Vvbttij\n|t:|1700421881\n|gametype|singles\n|player|p1|TopHatSnekGG|ethan|1102\n|player|p2|Vvbttij|red|1069\n|teamsize|p1|6\n|teamsize|p2|6\n|gen|9\n|tier|[Gen 9] National Dex\n|rated|\n|rule|HP Percentage Mod: HP is shown in percentages\n|rule|Endless Battle Clause: Forcing endless battles is banned\n|rule|OHKO Clause: OHKO moves are banned\n|rule|Evasion Clause: Evasion abilities, items, and moves are banned\n|rule|Evasion Abilities Clause: Evasion abilities are banned\n|rule|Evasion Items Clause: Evasion items are banned\n|rule|Evasion Moves Clause: Evasion moves are banned\n|rule|Species Clause: Limit one of each Pok\u00e9mon\n|rule|Sleep Clause Mod: Limit one foe put to sleep\n|clearpoke\n|poke|p1|Espeon, F|\n|poke|p1|Delcatty, F|\n|poke|p1|Meowscarada, F|\n|poke|p1|Raikou|\n|poke|p1|Incineroar, F|\n|poke|p1|Liepard, M|\n|poke|p2|Charizard, F|\n|poke|p2|Blastoise, M|\n|poke|p2|Venusaur, M|\n|poke|p2|Snorlax, F|\n|poke|p2|Lapras, M|\n|poke|p2|Pikachu, M|\n|teampreview\n|c|\u2606TopHatSnekGG|Glhf\ud83d\ude3a\n|inactive|Battle timer is ON: inactive players will automatically lose when time's up. (requested by TopHatSnekGG)\n|\n|t:|1700421906\n|start\n|switch|p1a: Meowscarada|Meowscarada, F|100\/100\n|switch|p2a: Charizard|Charizard, F|100\/100\n|turn|1\n|\n|t:|1700421917\n|-terastallize|p1a: Meowscarada|Dark\n|move|p1a: Meowscarada|Knock Off|p2a: Charizard\n|-damage|p2a: Charizard|0 fnt\n|-enditem|p2a: Charizard|Salac Berry|[from] move: Knock Off|[of] p1a: Meowscarada\n|faint|p2a: Charizard\n|-damage|p1a: Meowscarada|91\/100|[from] item: Life Orb\n|\n|upkeep\n|\n|t:|1700421924\n|switch|p2a: Pikachu|Pikachu, M|100\/100\n|turn|2\n|\n|t:|1700421931\n|move|p2a: Pikachu|Endure|p2a: Pikachu\n|-singleturn|p2a: Pikachu|move: Endure\n|move|p1a: Meowscarada|Knock Off|p2a: Pikachu\n|-activate|p2a: Pikachu|move: Endure\n|-damage|p2a: Pikachu|1\/100\n|-enditem|p2a: Pikachu|Salac Berry|[from] move: Knock Off|[of] p1a: Meowscarada\n|-damage|p1a: Meowscarada|81\/100|[from] item: Life Orb\n|\n|upkeep\n|turn|3\n|\n|t:|1700421944\n|move|p1a: Meowscarada|Flower Trick|p2a: Pikachu\n|-crit|p2a: Pikachu\n|-damage|p2a: Pikachu|0 fnt\n|faint|p2a: Pikachu\n|-damage|p1a: Meowscarada|71\/100|[from] item: Life Orb\n|\n|upkeep\n|\n|t:|1700421948\n|switch|p2a: Venusaur|Venusaur, M|100\/100\n|turn|4\n|\n|t:|1700421958\n|detailschange|p2a: Venusaur|Venusaur-Mega, M\n|-mega|p2a: Venusaur|Venusaur|Venusaurite\n|move|p1a: Meowscarada|U-turn|p2a: Venusaur\n|-damage|p2a: Venusaur|85\/100\n|-damage|p1a: Meowscarada|61\/100|[from] item: Life Orb\n|\n|t:|1700421964\n|switch|p1a: Espeon|Espeon, F|100\/100|[from] U-turn\n|move|p2a: Venusaur|Leech Seed|p1a: Espeon\n|move|p1a: Espeon|Leech Seed|p2a: Venusaur|[from]ability: Magic Bounce\n|-immune|p2a: Venusaur\n|\n|upkeep\n|turn|5\n|\n|t:|1700421977\n|switch|p2a: Snorlax|Snorlax, F, shiny|100\/100\n|move|p1a: Espeon|Calm Mind|p1a: Espeon\n|-boost|p1a: Espeon|spa|1\n|-boost|p1a: Espeon|spd|1\n|\n|upkeep\n|turn|6\n|\n|t:|1700421996\n|switch|p2a: Lapras|Lapras, M|100\/100\n|move|p1a: Espeon|Psychic|p2a: Lapras\n|-damage|p2a: Lapras|37\/100\n|\n|upkeep\n|turn|7\n|\n|t:|1700422003\n|move|p1a: Espeon|Psychic|p2a: Lapras\n|-damage|p2a: Lapras|0 fnt\n|faint|p2a: Lapras\n|\n|upkeep\n|\n|t:|1700422006\n|switch|p2a: Snorlax|Snorlax, F, shiny|100\/100\n|turn|8\n|\n|t:|1700422010\n|move|p1a: Espeon|Psychic|p2a: Snorlax\n|-damage|p2a: Snorlax|58\/100\n|move|p2a: Snorlax|Retaliate|p1a: Espeon\n|-damage|p1a: Espeon|0 fnt\n|faint|p1a: Espeon\n|\n|upkeep\n|\n|t:|1700422030\n|switch|p1a: Delcatty|Delcatty, F|100\/100\n|turn|9\n|\n|t:|1700422035\n|move|p1a: Delcatty|Fake Out|p2a: Snorlax\n|-damage|p2a: Snorlax|43\/100\n|-enditem|p2a: Snorlax|Aguav Berry|[eat]\n|-heal|p2a: Snorlax|76\/100|[from] item: Aguav Berry\n|cant|p2a: Snorlax|flinch\n|\n|upkeep\n|turn|10\n|\n|t:|1700422043\n|move|p1a: Delcatty|Thunder Wave|p2a: Snorlax\n|-status|p2a: Snorlax|par\n|move|p2a: Snorlax|Retaliate|p1a: Delcatty\n|-damage|p1a: Delcatty|36\/100\n|\n|upkeep\n|turn|11\n|\n|t:|1700422054\n|move|p1a: Delcatty|Return|p2a: Snorlax\n|-damage|p2a: Snorlax|33\/100 par\n|move|p2a: Snorlax|Retaliate|p1a: Delcatty\n|-damage|p1a: Delcatty|0 fnt\n|faint|p1a: Delcatty\n|\n|upkeep\n|\n|t:|1700422064\n|switch|p1a: Liepard|Liepard, M|100\/100\n|turn|12\n|\n|t:|1700422070\n|switch|p2a: Venusaur|Venusaur-Mega, M|85\/100\n|move|p1a: Liepard|Fake Out|p2a: Venusaur\n|-enditem|p1a: Liepard|Normal Gem|[from] gem\n|-damage|p2a: Venusaur|76\/100\n|\n|upkeep\n|turn|13\n|\n|t:|1700422078\n|move|p1a: Liepard|Thunder Wave|p2a: Venusaur\n|-status|p2a: Venusaur|par\n|move|p2a: Venusaur|Sleep Powder|p1a: Liepard\n|-status|p1a: Liepard|slp|[from] move: Sleep Powder\n|\n|upkeep\n|turn|14\n|\n|t:|1700422086\n|switch|p1a: Incineroar|Incineroar, F|100\/100\n|-ability|p1a: Incineroar|Intimidate|boost\n|-unboost|p2a: Venusaur|atk|1\n|switch|p2a: Blastoise|Blastoise, M|100\/100\n|\n|upkeep\n|turn|15\n|\n|t:|1700422097\n|move|p2a: Blastoise|Shell Smash|p2a: Blastoise\n|-unboost|p2a: Blastoise|def|1\n|-unboost|p2a: Blastoise|spd|1\n|-boost|p2a: Blastoise|atk|2\n|-boost|p2a: Blastoise|spa|2\n|-boost|p2a: Blastoise|spe|2\n|-zpower|p1a: Incineroar\n|move|p1a: Incineroar|Corkscrew Crash|p2a: Blastoise|[zeffect]\n|-resisted|p2a: Blastoise\n|-crit|p2a: Blastoise\n|-damage|p2a: Blastoise|24\/100\n|\n|upkeep\n|turn|16\n|\n|t:|1700422111\n|move|p2a: Blastoise|Scald|p1a: Incineroar\n|-supereffective|p1a: Incineroar\n|-damage|p1a: Incineroar|0 fnt\n|faint|p1a: Incineroar\n|\n|upkeep\n|\n|t:|1700422119\n|switch|p1a: Liepard|Liepard, M|100\/100 slp\n|turn|17\n|\n|t:|1700422123\n|cant|p1a: Liepard|slp\n|move|p2a: Blastoise|Scald|p1a: Liepard\n|-damage|p1a: Liepard|0 fnt\n|faint|p1a: Liepard\n|\n|upkeep\n|\n|t:|1700422134\n|switch|p1a: Raikou|Raikou|100\/100\n|turn|18\n|\n|t:|1700422139\n|-terastallize|p2a: Blastoise|Ground\n|move|p2a: Blastoise|Scald|p1a: Raikou\n|-damage|p1a: Raikou|27\/100\n|move|p1a: Raikou|Thunderbolt|p2a: Blastoise\n|-immune|p2a: Blastoise\n|\n|upkeep\n|turn|19\n|\n|t:|1700422149\n|move|p2a: Blastoise|Scald|p1a: Raikou\n|-damage|p1a: Raikou|0 fnt\n|faint|p1a: Raikou\n|\n|upkeep\n|\n|t:|1700422155\n|switch|p1a: Meowscarada|Meowscarada, F, tera:Dark|61\/100\n|turn|20\n|\n|t:|1700422161\n|move|p2a: Blastoise|Scald|p1a: Meowscarada\n|-damage|p1a: Meowscarada|0 fnt\n|faint|p1a: Meowscarada\n|\n|win|Vvbttij\n|raw|TopHatSnekGG's rating: 1102 &rarr; <strong>1075<\/strong><br \/>(-27 for losing)\n|raw|Vvbttij's rating: 1069 &rarr; <strong>1101<\/strong><br \/>(+32 for winning)\n|l|\u2606TopHatSnekGG\n|c|\u2606Vvbttij|Gg\n","uploadtime":1700422168,"views":4,"p1id":"tophatsnekgg","p2id":"vvbttij","formatid":"gen9nationaldex","rating":1075,"private":0,"password":""}