{"id":"gen9nationaldex-1993868739","p1":"kensei4k","p2":"XxLibritoxX","format":"[Gen 9] National Dex","log":"|j|\u2606kensei4k\n|j|\u2606XxLibritoxX\n|t:|1700367629\n|gametype|singles\n|player|p1|kensei4k|zinnia|1111\n|player|p2|XxLibritoxX|blue|1069\n|teamsize|p1|6\n|teamsize|p2|6\n|gen|9\n|tier|[Gen 9] National Dex\n|rated|\n|rule|HP Percentage Mod: HP is shown in percentages\n|rule|Endless Battle Clause: Forcing endless battles is banned\n|rule|OHKO Clause: OHKO moves are banned\n|rule|Evasion Clause: Evasion abilities, items, and moves are banned\n|rule|Evasion Abilities Clause: Evasion abilities are banned\n|rule|Evasion Items Clause: Evasion items are banned\n|rule|Evasion Moves Clause: Evasion moves are banned\n|rule|Species Clause: Limit one of each Pok\u00e9mon\n|rule|Sleep Clause Mod: Limit one foe put to sleep\n|clearpoke\n|poke|p1|Aggron, F|\n|poke|p1|Alomomola, M|\n|poke|p1|Rillaboom, M|\n|poke|p1|Heatran, F|\n|poke|p1|Garchomp, M|\n|poke|p1|Ogerpon-Wellspring, F|\n|poke|p2|Cinderace, M|\n|poke|p2|Garganacl, M|\n|poke|p2|Mimikyu, M|\n|poke|p2|Jolteon, M|\n|poke|p2|Gyarados, M|\n|poke|p2|Blissey, F|\n|teampreview\n|\n|t:|1700367646\n|start\n|switch|p1a: King Geedorah|Garchomp, M, shiny|100\/100\n|switch|p2a: Jolteon|Jolteon, M|100\/100\n|turn|1\n|\n|t:|1700367666\n|switch|p2a: Gyarados|Gyarados, M, shiny|100\/100\n|-ability|p2a: Gyarados|Intimidate|boost\n|-unboost|p1a: King Geedorah|atk|1\n|move|p1a: King Geedorah|Earthquake|p2a: Gyarados\n|-immune|p2a: Gyarados\n|\n|upkeep\n|turn|2\n|\n|t:|1700367690\n|move|p1a: King Geedorah|Stealth Rock|p2a: Gyarados\n|-sidestart|p2: XxLibritoxX|move: Stealth Rock\n|move|p2a: Gyarados|Avalanche|p1a: King Geedorah\n|-supereffective|p1a: King Geedorah\n|-damage|p1a: King Geedorah|37\/100\n|-damage|p2a: Gyarados|88\/100|[from] ability: Rough Skin|[of] p1a: King Geedorah\n|-damage|p2a: Gyarados|71\/100|[from] item: Rocky Helmet|[of] p1a: King Geedorah\n|\n|upkeep\n|turn|3\n|\n|t:|1700367710\n|switch|p1a: Metal Face|Aggron, F|100\/100\n|move|p2a: Gyarados|Avalanche|p1a: Metal Face\n|-resisted|p1a: Metal Face\n|-damage|p1a: Metal Face|94\/100\n|\n|upkeep\n|turn|4\n|\n|t:|1700367745\n|detailschange|p1a: Metal Face|Aggron-Mega, F\n|-mega|p1a: Metal Face|Aggron|Aggronite\n|move|p2a: Gyarados|Aqua Tail|p1a: Metal Face\n|-damage|p1a: Metal Face|70\/100\n|move|p1a: Metal Face|Curse|p1a: Metal Face\n|-unboost|p1a: Metal Face|spe|1\n|-boost|p1a: Metal Face|atk|1\n|-boost|p1a: Metal Face|def|1\n|\n|upkeep\n|turn|5\n|\n|t:|1700367763\n|switch|p2a: Cinderace|Cinderace, M|100\/100\n|-damage|p2a: Cinderace|76\/100|[from] Stealth Rock\n|move|p1a: Metal Face|Body Press|p2a: Cinderace\n|-damage|p2a: Cinderace|0 fnt\n|faint|p2a: Cinderace\n|\n|upkeep\n|\n|t:|1700367780\n|switch|p2a: Garganacl|Garganacl, M|100\/100\n|-damage|p2a: Garganacl|88\/100|[from] Stealth Rock\n|turn|6\n|\n|t:|1700367786\n|move|p2a: Garganacl|Iron Defense|p2a: Garganacl\n|-boost|p2a: Garganacl|def|2\n|move|p1a: Metal Face|Body Press|p2a: Garganacl\n|-supereffective|p2a: Garganacl\n|-damage|p2a: Garganacl|47\/100\n|\n|-heal|p2a: Garganacl|53\/100|[from] item: Leftovers\n|upkeep\n|turn|7\n|\n|t:|1700367801\n|switch|p1a: Villain|Rillaboom, M, shiny|100\/100\n|-fieldstart|move: Grassy Terrain|[from] ability: Grassy Surge|[of] p1a: Villain\n|move|p2a: Garganacl|Body Press|p1a: Villain\n|-damage|p1a: Villain|50\/100\n|\n|-heal|p1a: Villain|57\/100|[from] Grassy Terrain\n|-heal|p2a: Garganacl|59\/100|[from] Grassy Terrain\n|-heal|p2a: Garganacl|65\/100|[from] item: Leftovers\n|upkeep\n|turn|8\n|\n|t:|1700367825\n|switch|p2a: Gyarados|Gyarados, M, shiny|71\/100\n|-damage|p2a: Gyarados|47\/100|[from] Stealth Rock\n|-ability|p2a: Gyarados|Intimidate|boost\n|-unboost|p1a: Villain|atk|1\n|move|p1a: Villain|Knock Off|p2a: Gyarados\n|-damage|p2a: Gyarados|18\/100\n|\n|-heal|p1a: Villain|63\/100|[from] Grassy Terrain\n|upkeep\n|turn|9\n|\n|t:|1700367850\n|switch|p1a: Metal Face|Aggron-Mega, F|70\/100\n|detailschange|p2a: Gyarados|Gyarados-Mega, M, shiny\n|-mega|p2a: Gyarados|Gyarados|Gyaradosite\n|-ability|p2a: Gyarados|Mold Breaker\n|move|p2a: Gyarados|Crunch|p1a: Metal Face\n|-damage|p1a: Metal Face|45\/100\n|\n|-heal|p2a: Gyarados|24\/100|[from] Grassy Terrain\n|-heal|p1a: Metal Face|51\/100|[from] Grassy Terrain\n|upkeep\n|turn|10\n|\n|t:|1700367882\n|switch|p2a: Garganacl|Garganacl, M|65\/100\n|-damage|p2a: Garganacl|53\/100|[from] Stealth Rock\n|move|p1a: Metal Face|Body Press|p2a: Garganacl\n|-supereffective|p2a: Garganacl\n|-damage|p2a: Garganacl|3\/100\n|\n|-heal|p1a: Metal Face|57\/100|[from] Grassy Terrain\n|-heal|p2a: Garganacl|9\/100|[from] Grassy Terrain\n|-heal|p2a: Garganacl|15\/100|[from] item: Leftovers\n|upkeep\n|turn|11\n|\n|t:|1700367897\n|move|p1a: Metal Face|Body Press|p2a: Garganacl\n|-supereffective|p2a: Garganacl\n|-damage|p2a: Garganacl|0 fnt\n|faint|p2a: Garganacl\n|\n|-heal|p1a: Metal Face|63\/100|[from] Grassy Terrain\n|-fieldend|move: Grassy Terrain\n|upkeep\n|\n|t:|1700367915\n|switch|p2a: Mimikyu|Mimikyu, M|100\/100\n|-damage|p2a: Mimikyu|88\/100|[from] Stealth Rock\n|turn|12\n|\n|t:|1700367933\n|move|p2a: Mimikyu|Shadow Sneak|p1a: Metal Face\n|-damage|p1a: Metal Face|53\/100\n|-damage|p2a: Mimikyu|78\/100|[from] item: Life Orb\n|move|p1a: Metal Face|Heavy Slam|p2a: Mimikyu\n|-activate|p2a: Mimikyu|ability: Disguise\n|-damage|p2a: Mimikyu|78\/100\n|detailschange|p2a: Mimikyu|Mimikyu-Busted, M\n|-damage|p2a: Mimikyu|66\/100|[from] pokemon: Mimikyu-Busted\n|\n|upkeep\n|turn|13\n|\n|t:|1700367948\n|move|p2a: Mimikyu|Protect|p2a: Mimikyu\n|-singleturn|p2a: Mimikyu|Protect\n|move|p1a: Metal Face|Heavy Slam|p2a: Mimikyu\n|-activate|p2a: Mimikyu|move: Protect\n|\n|upkeep\n|turn|14\n|\n|t:|1700367962\n|switch|p2a: Jolteon|Jolteon, M|100\/100\n|-damage|p2a: Jolteon|88\/100|[from] Stealth Rock\n|move|p1a: Metal Face|Heavy Slam|p2a: Jolteon\n|-resisted|p2a: Jolteon\n|-damage|p2a: Jolteon|40\/100\n|\n|upkeep\n|turn|15\n|\n|t:|1700367977\n|move|p2a: Jolteon|Rain Dance|p2a: Jolteon\n|-weather|RainDance\n|move|p1a: Metal Face|Body Press|p2a: Jolteon\n|-damage|p2a: Jolteon|0 fnt\n|faint|p2a: Jolteon\n|\n|-weather|RainDance|[upkeep]\n|upkeep\n|c|\u2606kensei4k|?\n|\n|t:|1700367985\n|switch|p2a: Gyarados|Gyarados-Mega, M, shiny|24\/100\n|-damage|p2a: Gyarados|12\/100|[from] Stealth Rock\n|-ability|p2a: Gyarados|Mold Breaker\n|turn|16\n|\n|t:|1700367996\n|move|p2a: Gyarados|Aqua Tail|p1a: Metal Face|[miss]\n|-miss|p2a: Gyarados|p1a: Metal Face\n|move|p1a: Metal Face|Body Press|p2a: Gyarados\n|-supereffective|p2a: Gyarados\n|-damage|p2a: Gyarados|0 fnt\n|faint|p2a: Gyarados\n|\n|-weather|RainDance|[upkeep]\n|upkeep\n|c|\u2606kensei4k|gg\n|c|\u2606XxLibritoxX|Me rindo\n|c|\u2606XxLibritoxX|Eso me cosoto\n|c|\u2606XxLibritoxX|Esa acuacola\n|c|\u2606XxLibritoxX|Fallada\n|c|\u2606XxLibritoxX|Me rindo :(\n|-message|XxLibritoxX forfeited.\n|\n|win|kensei4k\n|raw|kensei4k's rating: 1111 &rarr; <strong>1133<\/strong><br \/>(+22 for winning)\n|raw|XxLibritoxX's rating: 1069 &rarr; <strong>1051<\/strong><br \/>(-18 for losing)\n|l|\u2606XxLibritoxX\n|c|\u2606kensei4k|es bueno\n","uploadtime":1700368056,"views":11,"p1id":"kensei4k","p2id":"xxlibritoxx","formatid":"gen9nationaldex","rating":1051,"private":0,"password":""}