{"id":"gen9nationaldex-1988675522","p1":"Poof_Jr.","p2":"female charizard","format":"[Gen 9] National Dex","log":"|j|\u2606Poof_Jr.\n|j|\u2606female charizard\n|t:|1699749244\n|gametype|singles\n|player|p1|Poof_Jr.|170|1216\n|player|p2|female charizard|170|1141\n|teamsize|p1|6\n|teamsize|p2|6\n|gen|9\n|tier|[Gen 9] National Dex\n|rated|\n|rule|HP Percentage Mod: HP is shown in percentages\n|rule|Endless Battle Clause: Forcing endless battles is banned\n|rule|OHKO Clause: OHKO moves are banned\n|rule|Evasion Clause: Evasion abilities, items, and moves are banned\n|rule|Evasion Abilities Clause: Evasion abilities are banned\n|rule|Evasion Items Clause: Evasion items are banned\n|rule|Evasion Moves Clause: Evasion moves are banned\n|rule|Species Clause: Limit one of each Pok\u00e9mon\n|rule|Sleep Clause Mod: Limit one foe put to sleep\n|clearpoke\n|poke|p1|Excadrill, F|\n|poke|p1|Dracozolt|\n|poke|p1|Tyranitar, M|\n|poke|p1|Aron, L1, F|\n|poke|p1|Toxapex, M|\n|poke|p1|Zamazenta-*|\n|poke|p2|Maushold|\n|poke|p2|Stakataka|\n|poke|p2|Enamorus, F|\n|poke|p2|Ditto|\n|poke|p2|Linoone, F|\n|poke|p2|Swalot, M|\n|teampreview\n|inactive|Battle timer is ON: inactive players will automatically lose when time's up. (requested by Poof_Jr.)\n|\n|t:|1699749253\n|start\n|switch|p1a: Aron|Aron, L1, F|100\/100\n|switch|p2a: i art thou|Ditto|100\/100\n|-transform|p2a: i art thou|p1a: Aron|[from] ability: Imposter\n|turn|1\n|\n|t:|1699749267\n|switch|p2a: eat the bugs|Swalot, M|100\/100\n|move|p1a: Aron|Endeavor|p2a: eat the bugs\n|-damage|p2a: eat the bugs|3\/100\n|\n|upkeep\n|turn|2\n|\n|t:|1699749275\n|move|p2a: eat the bugs|Infestation|p1a: Aron\n|-resisted|p1a: Aron\n|-ability|p1a: Aron|Sturdy\n|-damage|p1a: Aron|9\/100\n|-activate|p1a: Aron|move: Infestation|[of] p2a: eat the bugs\n|move|p1a: Aron|Sandstorm|p1a: Aron\n|-weather|Sandstorm\n|\n|-weather|Sandstorm|[upkeep]\n|-damage|p2a: eat the bugs|0 fnt|[from] Sandstorm\n|faint|p2a: eat the bugs\n|-end|p1a: Aron|Infestation|[partiallytrapped]|[silent]\n|upkeep\n|\n|t:|1699749290\n|switch|p2a: too anxious >.<|Stakataka|100\/100\n|turn|3\n|\n|t:|1699749296\n|move|p2a: too anxious >.<|Gyro Ball|p1a: Aron\n|-damage|p1a: Aron|0 fnt\n|faint|p1a: Aron\n|-ability|p2a: too anxious >.<|Beast Boost|boost\n|-boost|p2a: too anxious >.<|atk|1\n|-damage|p2a: too anxious >.<|91\/100|[from] item: Life Orb\n|\n|-weather|Sandstorm|[upkeep]\n|upkeep\n|\n|t:|1699749306\n|switch|p1a: Zamazenta|Zamazenta|100\/100\n|-ability|p1a: Zamazenta|Dauntless Shield|boost\n|-boost|p1a: Zamazenta|def|1\n|turn|4\n|\n|t:|1699749313\n|-terastallize|p2a: too anxious >.<|Flying\n|move|p1a: Zamazenta|Close Combat|p2a: too anxious >.<\n|-resisted|p2a: too anxious >.<\n|-damage|p2a: too anxious >.<|62\/100\n|-unboost|p1a: Zamazenta|def|1\n|-unboost|p1a: Zamazenta|spd|1\n|move|p2a: too anxious >.<|Trick Room|p2a: too anxious >.<\n|-fieldstart|move: Trick Room|[of] p2a: too anxious >.<\n|\n|-weather|Sandstorm|[upkeep]\n|-damage|p2a: too anxious >.<|56\/100|[from] Sandstorm\n|-damage|p1a: Zamazenta|94\/100|[from] Sandstorm\n|upkeep\n|turn|5\n|\n|t:|1699749328\n|switch|p1a: Toxapex|Toxapex, M|100\/100\n|move|p2a: too anxious >.<|Gyro Ball|p1a: Toxapex\n|-resisted|p1a: Toxapex\n|-damage|p1a: Toxapex|71\/100\n|-damage|p2a: too anxious >.<|46\/100|[from] item: Life Orb\n|\n|-weather|Sandstorm|[upkeep]\n|-damage|p2a: too anxious >.<|40\/100|[from] Sandstorm\n|-damage|p1a: Toxapex|64\/100|[from] Sandstorm\n|-heal|p1a: Toxapex|71\/100|[from] item: Black Sludge\n|upkeep\n|turn|6\n|\n|t:|1699749341\n|move|p1a: Toxapex|Baneful Bunker|p1a: Toxapex\n|-singleturn|p1a: Toxapex|move: Protect\n|move|p2a: too anxious >.<|Stone Edge|p1a: Toxapex\n|-activate|p1a: Toxapex|move: Protect\n|\n|-weather|none\n|-heal|p1a: Toxapex|77\/100|[from] item: Black Sludge\n|upkeep\n|turn|7\n|\n|t:|1699749353\n|move|p2a: too anxious >.<|Stone Edge|p1a: Toxapex\n|-damage|p1a: Toxapex|11\/100\n|-damage|p2a: too anxious >.<|30\/100|[from] item: Life Orb\n|move|p1a: Toxapex|Toxic|p2a: too anxious >.<\n|-status|p2a: too anxious >.<|tox\n|\n|-heal|p1a: Toxapex|18\/100|[from] item: Black Sludge\n|-damage|p2a: too anxious >.<|24\/100 tox|[from] psn\n|upkeep\n|turn|8\n|\n|t:|1699749374\n|switch|p2a: le skilled|Maushold|100\/100\n|switch|p1a: Tyranitar|Tyranitar, M|100\/100\n|-weather|Sandstorm|[from] ability: Sand Stream|[of] p1a: Tyranitar\n|\n|-weather|Sandstorm|[upkeep]\n|-damage|p2a: le skilled|94\/100|[from] Sandstorm\n|-fieldend|move: Trick Room\n|upkeep\n|turn|9\n|\n|t:|1699749387\n|detailschange|p1a: Tyranitar|Tyranitar-Mega, M\n|-mega|p1a: Tyranitar|Tyranitar|Tyranitarite\n|move|p2a: le skilled|Low Kick|p1a: Tyranitar\n|-supereffective|p1a: Tyranitar\n|-damage|p1a: Tyranitar|32\/100\n|move|p1a: Tyranitar|Stone Edge|p2a: le skilled\n|-damage|p2a: le skilled|0 fnt\n|faint|p2a: le skilled\n|\n|-weather|Sandstorm|[upkeep]\n|upkeep\n|\n|t:|1699749401\n|switch|p2a: never works|Linoone, F|100\/100\n|turn|10\n|\n|t:|1699749405\n|switch|p1a: Zamazenta|Zamazenta|94\/100\n|move|p2a: never works|Seed Bomb|p1a: Zamazenta\n|-damage|p1a: Zamazenta|73\/100\n|\n|-weather|Sandstorm|[upkeep]\n|-damage|p1a: Zamazenta|67\/100|[from] Sandstorm\n|-damage|p2a: never works|94\/100|[from] Sandstorm\n|upkeep\n|turn|11\n|\n|t:|1699749418\n|switch|p2a: so attractive....|Enamorus, F|100\/100\n|move|p1a: Zamazenta|Close Combat|p2a: so attractive....\n|-resisted|p2a: so attractive....\n|-damage|p2a: so attractive....|64\/100\n|-unboost|p1a: Zamazenta|def|1\n|-unboost|p1a: Zamazenta|spd|1\n|\n|-weather|Sandstorm|[upkeep]\n|-damage|p1a: Zamazenta|61\/100|[from] Sandstorm\n|-damage|p2a: so attractive....|58\/100|[from] Sandstorm\n|-heal|p2a: so attractive....|64\/100|[from] item: Leftovers\n|upkeep\n|turn|12\n|\n|t:|1699749430\n|switch|p1a: Dracozolt|Dracozolt|100\/100\n|move|p2a: so attractive....|Mystical Fire|p1a: Dracozolt\n|-resisted|p1a: Dracozolt\n|-damage|p1a: Dracozolt|82\/100\n|-unboost|p1a: Dracozolt|spa|1\n|\n|-weather|none\n|-heal|p2a: so attractive....|70\/100|[from] item: Leftovers\n|upkeep\n|turn|13\n|\n|t:|1699749452\n|switch|p2a: i art thou|Ditto|100\/100\n|-transform|p2a: i art thou|p1a: Dracozolt|[from] ability: Imposter\n|switch|p1a: Tyranitar|Tyranitar-Mega, M|32\/100\n|-weather|Sandstorm|[from] ability: Sand Stream|[of] p1a: Tyranitar\n|\n|-weather|Sandstorm|[upkeep]\n|upkeep\n|turn|14\n|j| kung fu pokechu\n|\n|t:|1699749471\n|move|p2a: i art thou|Earthquake|p1a: Tyranitar\n|-supereffective|p1a: Tyranitar\n|-damage|p1a: Tyranitar|0 fnt\n|faint|p1a: Tyranitar\n|\n|-weather|Sandstorm|[upkeep]\n|upkeep\n|\n|t:|1699749479\n|switch|p1a: Dracozolt|Dracozolt|82\/100\n|turn|15\n|\n|t:|1699749489\n|move|p2a: i art thou|Earthquake|p1a: Dracozolt\n|-supereffective|p1a: Dracozolt\n|-damage|p1a: Dracozolt|2\/100\n|move|p1a: Dracozolt|Earthquake|p2a: i art thou\n|-supereffective|p2a: i art thou\n|-damage|p2a: i art thou|2\/100\n|-damage|p1a: Dracozolt|0 fnt|[from] item: Life Orb\n|faint|p1a: Dracozolt\n|\n|-weather|Sandstorm|[upkeep]\n|upkeep\n|\n|t:|1699749502\n|switch|p1a: Excadrill|Excadrill, F|100\/100\n|turn|16\n|\n|t:|1699749512\n|switch|p2a: too anxious >.<|Stakataka, tera:Flying|24\/100 tox\n|-terastallize|p1a: Excadrill|Normal\n|move|p1a: Excadrill|Rapid Spin|p2a: too anxious >.<\n|-damage|p2a: too anxious >.<|3\/100 tox\n|-boost|p1a: Excadrill|spe|1\n|\n|-weather|Sandstorm|[upkeep]\n|-damage|p2a: too anxious >.<|0 fnt|[from] Sandstorm\n|faint|p2a: too anxious >.<\n|upkeep\n|\n|t:|1699749521\n|switch|p2a: i art thou|Ditto|2\/100\n|-transform|p2a: i art thou|p1a: Excadrill|[from] ability: Imposter\n|-start|p2a: i art thou|typechange|Ground\/Steel|[silent]\n|turn|17\n|j| male blastoise\n|\n|t:|1699749529\n|move|p2a: i art thou|Iron Head|p1a: Excadrill\n|-damage|p1a: Excadrill|41\/100\n|move|p1a: Excadrill|Rapid Spin|p2a: i art thou\n|-resisted|p2a: i art thou\n|-crit|p2a: i art thou\n|-damage|p2a: i art thou|0 fnt\n|-boost|p1a: Excadrill|spe|1\n|faint|p2a: i art thou\n|\n|-weather|none\n|upkeep\n|\n|t:|1699749550\n|switch|p2a: never works|Linoone, F|94\/100\n|turn|18\n|\n|t:|1699749555\n|move|p2a: never works|Extreme Speed|p1a: Excadrill\n|-damage|p1a: Excadrill|0 fnt\n|faint|p1a: Excadrill\n|\n|upkeep\n|\n|t:|1699749566\n|switch|p1a: Toxapex|Toxapex, M|51\/100\n|turn|19\n|\n|t:|1699749573\n|move|p2a: never works|Belly Drum|p2a: never works\n|-damage|p2a: never works|45\/100\n|-setboost|p2a: never works|atk|6|[from] move: Belly Drum\n|-enditem|p2a: never works|Salac Berry|[eat]\n|-boost|p2a: never works|spe|1|[from] item: Salac Berry\n|move|p1a: Toxapex|Toxic|p2a: never works\n|-status|p2a: never works|tox\n|\n|-heal|p1a: Toxapex|57\/100|[from] item: Black Sludge\n|-damage|p2a: never works|39\/100 tox|[from] psn\n|upkeep\n|turn|20\n|\n|t:|1699749586\n|move|p1a: Toxapex|Baneful Bunker|p1a: Toxapex\n|-singleturn|p1a: Toxapex|move: Protect\n|move|p2a: never works|Stomping Tantrum|p1a: Toxapex\n|-activate|p1a: Toxapex|move: Protect\n|\n|-heal|p1a: Toxapex|63\/100|[from] item: Black Sludge\n|-damage|p2a: never works|26\/100 tox|[from] psn\n|upkeep\n|turn|21\n|\n|t:|1699749596\n|switch|p1a: Zamazenta|Zamazenta|61\/100\n|move|p2a: never works|Stomping Tantrum|p1a: Zamazenta\n|-damage|p1a: Zamazenta|0 fnt\n|faint|p1a: Zamazenta\n|\n|-damage|p2a: never works|8\/100 tox|[from] psn\n|upkeep\n|\n|t:|1699749605\n|switch|p1a: Toxapex|Toxapex, M|97\/100\n|turn|22\n|\n|t:|1699749609\n|move|p1a: Toxapex|Baneful Bunker|p1a: Toxapex\n|-singleturn|p1a: Toxapex|move: Protect\n|move|p2a: never works|Stomping Tantrum|p1a: Toxapex\n|-activate|p1a: Toxapex|move: Protect\n|\n|-heal|p1a: Toxapex|100\/100|[from] item: Black Sludge\n|-damage|p2a: never works|0 fnt|[from] psn\n|faint|p2a: never works\n|upkeep\n|\n|t:|1699749611\n|switch|p2a: so attractive....|Enamorus, F|70\/100\n|turn|23\n|\n|t:|1699749621\n|move|p2a: so attractive....|Calm Mind|p2a: so attractive....\n|-boost|p2a: so attractive....|spa|1\n|-boost|p2a: so attractive....|spd|1\n|move|p1a: Toxapex|Toxic|p2a: so attractive....\n|-status|p2a: so attractive....|tox\n|\n|-heal|p2a: so attractive....|76\/100 tox|[from] item: Leftovers\n|-damage|p2a: so attractive....|70\/100 tox|[from] psn\n|upkeep\n|turn|24\n|\n|t:|1699749633\n|move|p2a: so attractive....|Moonblast|p1a: Toxapex\n|-resisted|p1a: Toxapex\n|-damage|p1a: Toxapex|67\/100\n|move|p1a: Toxapex|Scald|p2a: so attractive....\n|-damage|p2a: so attractive....|55\/100 tox\n|\n|-heal|p2a: so attractive....|61\/100 tox|[from] item: Leftovers\n|-heal|p1a: Toxapex|73\/100|[from] item: Black Sludge\n|-damage|p2a: so attractive....|49\/100 tox|[from] psn\n|upkeep\n|turn|25\n|\n|t:|1699749645\n|move|p2a: so attractive....|Earth Power|p1a: Toxapex\n|-supereffective|p1a: Toxapex\n|-damage|p1a: Toxapex|0 fnt\n|faint|p1a: Toxapex\n|\n|win|female charizard\n|raw|Poof_Jr.'s rating: 1216 &rarr; <strong>1186<\/strong><br \/>(-30 for losing)\n|raw|female charizard's rating: 1141 &rarr; <strong>1171<\/strong><br \/>(+30 for winning)\n|l|\u2606female charizard\n","uploadtime":1699749655,"views":4,"p1id":"poofjr","p2id":"femalecharizard","formatid":"gen9nationaldex","rating":1171,"private":0,"password":""}