{"id":"gen9nationaldex-1991720004","p1":"Samisito Marella","p2":"PERIKO0729","format":"[Gen 9] National Dex","log":"|j|\u2606Samisito Marella\n|j|\u2606PERIKO0729\n|t:|1700106700\n|gametype|singles\n|player|p1|Samisito Marella|lucas|\n|player|p2|PERIKO0729|lucas|\n|teamsize|p1|6\n|teamsize|p2|6\n|gen|9\n|tier|[Gen 9] National Dex\n|rule|HP Percentage Mod: HP is shown in percentages\n|rule|Endless Battle Clause: Forcing endless battles is banned\n|rule|OHKO Clause: OHKO moves are banned\n|rule|Evasion Clause: Evasion abilities, items, and moves are banned\n|rule|Evasion Abilities Clause: Evasion abilities are banned\n|rule|Evasion Items Clause: Evasion items are banned\n|rule|Evasion Moves Clause: Evasion moves are banned\n|rule|Species Clause: Limit one of each Pok\u00e9mon\n|rule|Sleep Clause Mod: Limit one foe put to sleep\n|clearpoke\n|poke|p1|Pikachu, M|\n|poke|p1|Quilava, F|\n|poke|p1|Servine, F|\n|poke|p1|Graveler, F|\n|poke|p1|Fraxure, M|\n|poke|p1|Frogadier, F|\n|poke|p2|Bisharp, M|\n|poke|p2|Naclstack, M|\n|poke|p2|Raboot, M|\n|poke|p2|Haunter, F|\n|poke|p2|Sliggoo-Hisui, F|\n|poke|p2|Magneton|\n|teampreview\n|inactive|Battle timer is ON: inactive players will automatically lose when time's up. (requested by PERIKO0729)\n|inactive|Samisito Marella has 270 seconds left.\n|\n|t:|1700106743\n|start\n|switch|p1a: Quilava|Quilava, F|100\/100\n|switch|p2a: Naclstack|Naclstack, M, shiny|100\/100\n|turn|1\n|\n|t:|1700106751\n|switch|p1a: Graveler|Graveler, F|100\/100\n|move|p2a: Naclstack|Salt Cure|p1a: Graveler\n|-resisted|p1a: Graveler\n|-damage|p1a: Graveler|96\/100\n|-start|p1a: Graveler|Salt Cure\n|\n|-damage|p1a: Graveler|84\/100|[from] Salt Cure\n|upkeep\n|turn|2\n|\n|t:|1700106761\n|move|p1a: Graveler|Stealth Rock|p2a: Naclstack\n|-sidestart|p2: PERIKO0729|move: Stealth Rock\n|move|p2a: Naclstack|Stealth Rock|p1a: Graveler\n|-sidestart|p1: Samisito Marella|move: Stealth Rock\n|\n|-damage|p1a: Graveler|71\/100|[from] Salt Cure\n|upkeep\n|turn|3\n|\n|t:|1700106772\n|move|p2a: Naclstack|Curse|p2a: Naclstack\n|-unboost|p2a: Naclstack|spe|1\n|-boost|p2a: Naclstack|atk|1\n|-boost|p2a: Naclstack|def|1\n|move|p1a: Graveler|Earthquake|p2a: Naclstack\n|-supereffective|p2a: Naclstack\n|-damage|p2a: Naclstack|48\/100\n|-damage|p1a: Graveler|61\/100|[from] item: Life Orb\n|\n|-damage|p1a: Graveler|49\/100|[from] Salt Cure\n|upkeep\n|turn|4\n|\n|t:|1700106794\n|switch|p2a: Haunter|Haunter, F, shiny|100\/100\n|-damage|p2a: Haunter|88\/100|[from] Stealth Rock\n|move|p1a: Graveler|Earthquake|p2a: Haunter\n|-immune|p2a: Haunter|[from] ability: Levitate\n|\n|-damage|p1a: Graveler|36\/100|[from] Salt Cure\n|upkeep\n|turn|5\n|\n|t:|1700106812\n|move|p2a: Haunter|Giga Drain|p1a: Graveler\n|-supereffective|p1a: Graveler\n|-damage|p1a: Graveler|0 fnt\n|-heal|p2a: Haunter|100\/100|[from] drain|[of] p1a: Graveler\n|faint|p1a: Graveler\n|-damage|p2a: Haunter|91\/100|[from] item: Life Orb\n|\n|upkeep\n|\n|t:|1700106830\n|switch|p1a: Frogadier|Frogadier, F|100\/100\n|-damage|p1a: Frogadier|88\/100|[from] Stealth Rock\n|turn|6\n|\n|t:|1700106845\n|move|p1a: Frogadier|Dark Pulse|p2a: Haunter\n|-start|p1a: Frogadier|typechange|Dark|[from] ability: Protean\n|-supereffective|p2a: Haunter\n|-damage|p2a: Haunter|0 fnt\n|faint|p2a: Haunter\n|\n|upkeep\n|\n|t:|1700106857\n|switch|p2a: Sliggoo|Sliggoo-Hisui, F, shiny|100\/100\n|-damage|p2a: Sliggoo|94\/100|[from] Stealth Rock\n|turn|7\n|\n|t:|1700106864\n|move|p1a: Frogadier|Dark Pulse|p2a: Sliggoo\n|-damage|p2a: Sliggoo|71\/100\n|move|p2a: Sliggoo|Acid Armor|p2a: Sliggoo\n|-boost|p2a: Sliggoo|def|2\n|\n|-heal|p2a: Sliggoo|77\/100|[from] item: Leftovers\n|upkeep\n|turn|8\n|\n|t:|1700106873\n|move|p1a: Frogadier|Dark Pulse|p2a: Sliggoo\n|-damage|p2a: Sliggoo|54\/100\n|move|p2a: Sliggoo|Sludge Bomb|p1a: Frogadier\n|-damage|p1a: Frogadier|47\/100\n|-status|p1a: Frogadier|psn\n|\n|-heal|p2a: Sliggoo|60\/100|[from] item: Leftovers\n|-damage|p1a: Frogadier|35\/100 psn|[from] psn\n|upkeep\n|turn|9\n|\n|t:|1700106885\n|move|p1a: Frogadier|Dark Pulse|p2a: Sliggoo\n|-damage|p2a: Sliggoo|35\/100\n|move|p2a: Sliggoo|Sludge Bomb|p1a: Frogadier\n|-damage|p1a: Frogadier|0 fnt\n|faint|p1a: Frogadier\n|\n|-heal|p2a: Sliggoo|41\/100|[from] item: Leftovers\n|upkeep\n|\n|t:|1700106889\n|switch|p1a: Pikachu|Pikachu, M|100\/100\n|-damage|p1a: Pikachu|88\/100|[from] Stealth Rock\n|turn|10\n|\n|t:|1700106900\n|move|p1a: Pikachu|Fake Out|p2a: Sliggoo\n|-resisted|p2a: Sliggoo\n|-damage|p2a: Sliggoo|36\/100\n|cant|p2a: Sliggoo|flinch\n|\n|-heal|p2a: Sliggoo|42\/100|[from] item: Leftovers\n|upkeep\n|turn|11\n|\n|t:|1700106909\n|move|p1a: Pikachu|Knock Off|p2a: Sliggoo\n|-damage|p2a: Sliggoo|18\/100\n|-enditem|p2a: Sliggoo|Leftovers|[from] move: Knock Off|[of] p1a: Pikachu\n|move|p2a: Sliggoo|Dragon Pulse|p1a: Pikachu\n|-damage|p1a: Pikachu|17\/100\n|\n|upkeep\n|turn|12\n|\n|t:|1700106918\n|move|p1a: Pikachu|Volt Tackle|p2a: Sliggoo\n|-resisted|p2a: Sliggoo\n|-damage|p2a: Sliggoo|0 fnt\n|faint|p2a: Sliggoo\n|-damage|p1a: Pikachu|9\/100|[from] Recoil\n|\n|upkeep\n|\n|t:|1700106930\n|switch|p2a: Naclstack|Naclstack, M, shiny|48\/100\n|-damage|p2a: Naclstack|36\/100|[from] Stealth Rock\n|turn|13\n|\n|t:|1700106935\n|move|p1a: Pikachu|Trailblaze|p2a: Naclstack\n|-supereffective|p2a: Naclstack\n|-damage|p2a: Naclstack|9\/100\n|-boost|p1a: Pikachu|spe|1\n|move|p2a: Naclstack|Recover|p2a: Naclstack\n|-heal|p2a: Naclstack|59\/100\n|\n|upkeep\n|turn|14\n|\n|t:|1700106944\n|move|p1a: Pikachu|Knock Off|p2a: Naclstack\n|-damage|p2a: Naclstack|30\/100\n|-enditem|p2a: Naclstack|Eviolite|[from] move: Knock Off|[of] p1a: Pikachu\n|move|p2a: Naclstack|Salt Cure|p1a: Pikachu\n|-damage|p1a: Pikachu|0 fnt\n|faint|p1a: Pikachu\n|\n|upkeep\n|\n|t:|1700106947\n|switch|p1a: Servine|Servine, F|100\/100\n|-damage|p1a: Servine|88\/100|[from] Stealth Rock\n|turn|15\n|\n|t:|1700106957\n|move|p1a: Servine|Leaf Storm|p2a: Naclstack|[miss]\n|-miss|p1a: Servine|p2a: Naclstack\n|move|p2a: Naclstack|Salt Cure|p1a: Servine\n|-damage|p1a: Servine|74\/100\n|-start|p1a: Servine|Salt Cure\n|\n|-damage|p1a: Servine|62\/100|[from] Salt Cure\n|upkeep\n|turn|16\n|\n|t:|1700106968\n|move|p1a: Servine|Leaf Storm|p2a: Naclstack\n|-supereffective|p2a: Naclstack\n|-damage|p2a: Naclstack|0 fnt\n|-boost|p1a: Servine|spa|2\n|faint|p2a: Naclstack\n|\n|-damage|p1a: Servine|50\/100|[from] Salt Cure\n|upkeep\n|\n|t:|1700106978\n|switch|p2a: Raboot|Raboot, M, shiny|100\/100\n|-damage|p2a: Raboot|75\/100|[from] Stealth Rock\n|turn|17\n|\n|t:|1700106998\n|move|p1a: Servine|Leaf Storm|p2a: Raboot\n|-resisted|p2a: Raboot\n|-damage|p2a: Raboot|0 fnt\n|-boost|p1a: Servine|spa|2\n|faint|p2a: Raboot\n|\n|-damage|p1a: Servine|37\/100|[from] Salt Cure\n|upkeep\n|inactive|PERIKO0729 has 270 seconds left.\n|\n|t:|1700107011\n|switch|p2a: Bisharp|Bisharp, M, shiny|100\/100\n|-damage|p2a: Bisharp|94\/100|[from] Stealth Rock\n|turn|18\n|\n|t:|1700107017\n|move|p2a: Bisharp|Sucker Punch|p1a: Servine\n|-crit|p1a: Servine\n|-damage|p1a: Servine|0 fnt\n|faint|p1a: Servine\n|\n|upkeep\n|\n|t:|1700107020\n|switch|p1a: Quilava|Quilava, F|100\/100\n|-damage|p1a: Quilava|76\/100|[from] Stealth Rock\n|turn|19\n|\n|t:|1700107032\n|-terastallize|p2a: Bisharp|Ghost\n|move|p1a: Quilava|Flamethrower|p2a: Bisharp\n|-damage|p2a: Bisharp|10\/100\n|move|p2a: Bisharp|Swords Dance|p2a: Bisharp\n|-boost|p2a: Bisharp|atk|2\n|\n|upkeep\n|turn|20\n|\n|t:|1700107040\n|move|p2a: Bisharp|Sucker Punch|p1a: Quilava\n|-damage|p1a: Quilava|0 fnt\n|faint|p1a: Quilava\n|\n|upkeep\n|\n|t:|1700107044\n|switch|p1a: Fraxure|Fraxure, M|100\/100\n|-ability|p1a: Fraxure|Mold Breaker\n|turn|21\n|\n|t:|1700107048\n|move|p2a: Bisharp|Sucker Punch||[still]\n|-fail|p2a: Bisharp\n|move|p1a: Fraxure|Substitute|p1a: Fraxure\n|-start|p1a: Fraxure|Substitute\n|-damage|p1a: Fraxure|76\/100\n|\n|upkeep\n|turn|22\n|\n|t:|1700107058\n|move|p2a: Bisharp|Poison Jab|p1a: Fraxure\n|-end|p1a: Fraxure|Substitute\n|move|p1a: Fraxure|Scale Shot|p2a: Bisharp\n|-damage|p2a: Bisharp|0 fnt\n|faint|p2a: Bisharp\n|-hitcount|p2: Bisharp|1\n|-unboost|p1a: Fraxure|def|1\n|-boost|p1a: Fraxure|spe|1\n|\n|upkeep\n|\n|t:|1700107068\n|switch|p2a: Magneton|Magneton, shiny|100\/100\n|-damage|p2a: Magneton|94\/100|[from] Stealth Rock\n|-item|p2a: Magneton|Air Balloon\n|turn|23\n|\n|t:|1700107091\n|-terastallize|p1a: Fraxure|Dragon\n|move|p1a: Fraxure|Substitute|p1a: Fraxure\n|-start|p1a: Fraxure|Substitute\n|-damage|p1a: Fraxure|51\/100\n|move|p2a: Magneton|Flash Cannon|p1a: Fraxure\n|-end|p1a: Fraxure|Substitute\n|\n|upkeep\n|turn|24\n|\n|t:|1700107100\n|move|p1a: Fraxure|Scale Shot|p2a: Magneton\n|-resisted|p2a: Magneton\n|-damage|p2a: Magneton|84\/100\n|-enditem|p2a: Magneton|Air Balloon\n|-resisted|p2a: Magneton\n|-damage|p2a: Magneton|74\/100\n|-resisted|p2a: Magneton\n|-damage|p2a: Magneton|64\/100\n|-hitcount|p2a: Magneton|3\n|-unboost|p1a: Fraxure|def|1\n|-boost|p1a: Fraxure|spe|1\n|move|p2a: Magneton|Flash Cannon|p1a: Fraxure\n|-damage|p1a: Fraxure|0 fnt\n|faint|p1a: Fraxure\n|\n|win|PERIKO0729\n|c|\u2606Samisito Marella|gg\n","uploadtime":1700107110,"views":14,"p1id":"samisitomarella","p2id":"periko0729","formatid":"gen9nationaldex","rating":0,"private":0,"password":""}