{"id":"gen9nationaldex-1997810025","p1":"Sheep Liver","p2":"The power of ROCK","format":"[Gen 9] National Dex","log":"|html|<div class=\"broadcast-blue\"><strong>[Gen 9] National Dex is currently suspecting Sneasler! For information on how to participate check out the <a href=\"https:\/\/www.smogon.com\/forums\/threads\/sv-national-dex-suspect-8-just-dance.3731534\/\">suspect thread<\/a>.<\/strong><\/div>\n|j|\u2606Sheep Liver\n|j|\u2606The power of ROCK\n|t:|1700855110\n|gametype|singles\n|player|p1|Sheep Liver|sonia-masters|\n|player|p2|The power of ROCK|roark|\n|teamsize|p1|6\n|teamsize|p2|6\n|gen|9\n|tier|[Gen 9] National Dex\n|rule|HP Percentage Mod: HP is shown in percentages\n|rule|Endless Battle Clause: Forcing endless battles is banned\n|rule|OHKO Clause: OHKO moves are banned\n|rule|Evasion Clause: Evasion abilities, items, and moves are banned\n|rule|Evasion Abilities Clause: Evasion abilities are banned\n|rule|Evasion Items Clause: Evasion items are banned\n|rule|Evasion Moves Clause: Evasion moves are banned\n|rule|Species Clause: Limit one of each Pok\u00e9mon\n|rule|Sleep Clause Mod: Limit one foe put to sleep\n|clearpoke\n|poke|p1|Diancie|\n|poke|p1|Greninja-*, M|\n|poke|p1|Serperior, F|\n|poke|p1|Ogerpon-Cornerstone, F|\n|poke|p1|Glimmora, M|\n|poke|p1|Iron Valiant|\n|poke|p2|Tyranitar, F|\n|poke|p2|Garganacl, F|\n|poke|p2|Aggron, F|\n|poke|p2|Glimmora, F|\n|poke|p2|Stakataka|\n|poke|p2|Rampardos, F|\n|teampreview\n|inactive|Battle timer is ON: inactive players will automatically lose when time's up. (requested by Sheep Liver)\n|c|\u2606The power of ROCK|Welcome to the ROCK gym\n|inactive|The power of ROCK has 270 seconds left.\n|c|\u2606Sheep Liver|I remember sweeping this with dt sheep once\n|\n|t:|1700855145\n|start\n|switch|p1a: !dt Sheep|Serperior, F|100\/100\n|switch|p2a: Stakataka|Stakataka|100\/100\n|turn|1\n|\n|t:|1700855150\n|move|p1a: !dt Sheep|Leaf Storm|p2a: Stakataka\n|-damage|p2a: Stakataka|37\/100\n|-boost|p1a: !dt Sheep|spa|2\n|move|p2a: Stakataka|Trick Room|p2a: Stakataka\n|-fieldstart|move: Trick Room|[of] p2a: Stakataka\n|\n|upkeep\n|turn|2\n|c|\u2606The power of ROCK|yeah\n|\n|t:|1700855157\n|move|p2a: Stakataka|Heat Crash|p1a: !dt Sheep\n|-supereffective|p1a: !dt Sheep\n|-damage|p1a: !dt Sheep|0 fnt\n|faint|p1a: !dt Sheep\n|-ability|p2a: Stakataka|Beast Boost|boost\n|-boost|p2a: Stakataka|atk|1\n|\n|upkeep\n|\n|t:|1700855184\n|switch|p1a: Glimmora|Glimmora, M|100\/100\n|turn|3\n|inactive|The power of ROCK has 270 seconds left.\n|\n|t:|1700855215\n|move|p2a: Stakataka|Gyro Ball|p1a: Glimmora\n|-supereffective|p1a: Glimmora\n|-enditem|p1a: Glimmora|Focus Sash\n|-damage|p1a: Glimmora|1\/100\n|-activate|p1a: Glimmora|ability: Toxic Debris\n|-sidestart|p2: The power of ROCK|move: Toxic Spikes\n|move|p1a: Glimmora|Earth Power|p2a: Stakataka\n|-supereffective|p2a: Stakataka\n|-damage|p2a: Stakataka|0 fnt\n|faint|p2a: Stakataka\n|\n|upkeep\n|inactive|The power of ROCK has 270 seconds left.\n|\n|t:|1700855227\n|switch|p2a: Garganacl|Garganacl, F|100\/100\n|turn|4\n|inactive|The power of ROCK has 270 seconds left.\n|\n|t:|1700855233\n|move|p2a: Garganacl|Iron Defense|p2a: Garganacl\n|-boost|p2a: Garganacl|def|2\n|move|p1a: Glimmora|Earth Power|p2a: Garganacl\n|-supereffective|p2a: Garganacl\n|-damage|p2a: Garganacl|65\/100\n|-enditem|p2a: Garganacl|Maranga Berry|[eat]\n|-boost|p2a: Garganacl|spd|1|[from] item: Maranga Berry\n|\n|upkeep\n|turn|5\n|\n|t:|1700855239\n|-terastallize|p2a: Garganacl|Ghost\n|move|p2a: Garganacl|Recover|p2a: Garganacl\n|-heal|p2a: Garganacl|100\/100\n|move|p1a: Glimmora|Earth Power|p2a: Garganacl\n|-damage|p2a: Garganacl|89\/100\n|\n|-fieldend|move: Trick Room\n|upkeep\n|turn|6\n|\n|t:|1700855255\n|move|p1a: Glimmora|Earth Power|p2a: Garganacl\n|-damage|p2a: Garganacl|78\/100\n|-unboost|p2a: Garganacl|spd|1\n|move|p2a: Garganacl|Iron Defense|p2a: Garganacl\n|-boost|p2a: Garganacl|def|2\n|\n|upkeep\n|turn|7\n|\n|t:|1700855260\n|move|p1a: Glimmora|Earth Power|p2a: Garganacl\n|-damage|p2a: Garganacl|61\/100\n|move|p2a: Garganacl|Recover|p2a: Garganacl\n|-heal|p2a: Garganacl|100\/100\n|\n|upkeep\n|turn|8\n|\n|t:|1700855264\n|move|p1a: Glimmora|Mortal Spin|p2a: Garganacl\n|-resisted|p2a: Garganacl\n|-damage|p2a: Garganacl|99\/100\n|move|p2a: Garganacl|Salt Cure|p1a: Glimmora\n|-damage|p1a: Glimmora|0 fnt\n|-activate|p1a: Glimmora|ability: Toxic Debris\n|-sidestart|p2: The power of ROCK|move: Toxic Spikes\n|faint|p1a: Glimmora\n|\n|upkeep\n|c|\u2606Sheep Liver|hm?\n|c|\u2606Sheep Liver|oh purifying salt\n|\n|t:|1700855282\n|switch|p1a: Greninja|Greninja, M|100\/100\n|turn|9\n|\n|t:|1700855285\n|switch|p2a: Glimmora|Glimmora, F|100\/100\n|-sideend|p2: The power of ROCK|move: Toxic Spikes|[of] p2a: Glimmora\n|move|p1a: Greninja|Dark Pulse|p2a: Glimmora\n|-damage|p2a: Glimmora|49\/100\n|\n|upkeep\n|turn|10\n|\n|t:|1700855289\n|switch|p2a: Tyranitar|Tyranitar, F|100\/100\n|-weather|Sandstorm|[from] ability: Sand Stream|[of] p2a: Tyranitar\n|move|p1a: Greninja|Work Up|p1a: Greninja\n|-boost|p1a: Greninja|atk|1\n|-boost|p1a: Greninja|spa|1\n|\n|-weather|Sandstorm|[upkeep]\n|-damage|p1a: Greninja|95\/100|[from] Sandstorm\n|upkeep\n|turn|11\n|\n|t:|1700855295\n|-terastallize|p1a: Greninja|Water\n|move|p1a: Greninja|Water Shuriken|p2a: Tyranitar\n|-supereffective|p2a: Tyranitar\n|-damage|p2a: Tyranitar|93\/100\n|-supereffective|p2a: Tyranitar\n|-damage|p2a: Tyranitar|84\/100\n|-supereffective|p2a: Tyranitar\n|-damage|p2a: Tyranitar|75\/100\n|-supereffective|p2a: Tyranitar\n|-damage|p2a: Tyranitar|66\/100\n|-hitcount|p2a: Tyranitar|4\n|move|p2a: Tyranitar|Rock Blast|p1a: Greninja\n|-damage|p1a: Greninja|76\/100\n|-damage|p1a: Greninja|57\/100\n|-hitcount|p1a: Greninja|2\n|\n|-weather|Sandstorm|[upkeep]\n|-damage|p1a: Greninja|51\/100|[from] Sandstorm\n|upkeep\n|turn|12\n|c|\u2606The power of ROCK|stop that tickles xD\n|\n|t:|1700855308\n|move|p1a: Greninja|Work Up|p1a: Greninja\n|-boost|p1a: Greninja|atk|1\n|-boost|p1a: Greninja|spa|1\n|move|p2a: Tyranitar|Rock Blast|p1a: Greninja\n|-damage|p1a: Greninja|32\/100\n|-damage|p1a: Greninja|14\/100\n|-hitcount|p1a: Greninja|2\n|\n|-weather|Sandstorm|[upkeep]\n|-damage|p1a: Greninja|8\/100|[from] Sandstorm\n|upkeep\n|turn|13\n|c|\u2606Sheep Liver|lel\n|inactive|The power of ROCK has 270 seconds left.\n|inactive|The power of ROCK has 240 seconds left.\n|\n|t:|1700855392\n|move|p1a: Greninja|Water Shuriken|p2a: Tyranitar\n|-supereffective|p2a: Tyranitar\n|-damage|p2a: Tyranitar|54\/100\n|-supereffective|p2a: Tyranitar\n|-damage|p2a: Tyranitar|43\/100\n|-supereffective|p2a: Tyranitar\n|-damage|p2a: Tyranitar|31\/100\n|-supereffective|p2a: Tyranitar\n|-damage|p2a: Tyranitar|19\/100\n|-supereffective|p2a: Tyranitar\n|-damage|p2a: Tyranitar|8\/100\n|-hitcount|p2a: Tyranitar|5\n|move|p2a: Tyranitar|Pursuit|p1a: Greninja\n|-damage|p1a: Greninja|0 fnt\n|faint|p1a: Greninja\n|\n|-weather|Sandstorm|[upkeep]\n|upkeep\n|\n|t:|1700855408\n|switch|p1a: Iron Valiant|Iron Valiant|100\/100\n|-enditem|p1a: Iron Valiant|Booster Energy\n|-activate|p1a: Iron Valiant|ability: Quark Drive|[fromitem]\n|-start|p1a: Iron Valiant|quarkdrivespe\n|turn|14\n|\n|t:|1700855422\n|switch|p2a: Glimmora|Glimmora, F|49\/100\n|move|p1a: Iron Valiant|Moonblast|p2a: Glimmora\n|-resisted|p2a: Glimmora\n|-damage|p2a: Glimmora|33\/100\n|\n|-weather|none\n|upkeep\n|turn|15\n|c|\u2606Sheep Liver|knew it\n|\n|t:|1700855439\n|move|p1a: Iron Valiant|Moonblast|p2a: Glimmora\n|-resisted|p2a: Glimmora\n|-damage|p2a: Glimmora|9\/100\n|move|p2a: Glimmora|Sludge Wave|p1a: Iron Valiant\n|-supereffective|p1a: Iron Valiant\n|-damage|p1a: Iron Valiant|0 fnt\n|faint|p1a: Iron Valiant\n|-end|p1a: Iron Valiant|Quark Drive|[silent]\n|\n|upkeep\n|c|\u2606Sheep Liver|oh\n|c|\u2606Sheep Liver|fuck\n|c|\u2606The power of ROCK|lol\n|\n|t:|1700855452\n|switch|p1a: Ogerpon|Ogerpon-Cornerstone, F|100\/100\n|turn|16\n|\n|t:|1700855458\n|move|p1a: Ogerpon|Spiky Shield|p1a: Ogerpon\n|-singleturn|p1a: Ogerpon|move: Protect\n|move|p2a: Glimmora|Sludge Wave|p1a: Ogerpon\n|-activate|p1a: Ogerpon|move: Protect\n|\n|upkeep\n|turn|17\n|\n|t:|1700855482\n|move|p2a: Glimmora|Sludge Wave|p1a: Ogerpon\n|-damage|p1a: Ogerpon|41\/100\n|move|p1a: Ogerpon|Swords Dance|p1a: Ogerpon\n|-boost|p1a: Ogerpon|atk|2\n|\n|upkeep\n|turn|18\n|c|\u2606Sheep Liver|wtf\n|c|\u2606The power of ROCK|im fast ; )\n|c|\u2606Sheep Liver|scarfed glimmora\n|c|\u2606The power of ROCK|yep xD\n|inactive|Sheep Liver has 270 seconds left.\n|\n|t:|1700855514\n|move|p2a: Glimmora|Sludge Wave|p1a: Ogerpon\n|-damage|p1a: Ogerpon|0 fnt\n|faint|p1a: Ogerpon\n|\n|upkeep\n|\n|t:|1700855516\n|switch|p1a: Diancie|Diancie|100\/100\n|turn|19\n|inactive|The power of ROCK has 270 seconds left.\n|\n|t:|1700855526\n|switch|p2a: Tyranitar|Tyranitar, F|8\/100\n|-weather|Sandstorm|[from] ability: Sand Stream|[of] p2a: Tyranitar\n|detailschange|p1a: Diancie|Diancie-Mega\n|-mega|p1a: Diancie|Diancie|Diancite\n|move|p1a: Diancie|Bulldoze|p2a: Tyranitar\n|-supereffective|p2a: Tyranitar\n|-damage|p2a: Tyranitar|0 fnt\n|faint|p2a: Tyranitar\n|\n|-weather|Sandstorm|[upkeep]\n|upkeep\n|\n|t:|1700855529\n|switch|p2a: Rampardos|Rampardos, F|100\/100\n|-ability|p2a: Rampardos|Mold Breaker\n|turn|20\n|c|\u2606The power of ROCK|if i live your hit\n|\n|t:|1700855537\n|move|p1a: Diancie|Play Rough|p2a: Rampardos\n|-damage|p2a: Rampardos|17\/100\n|-zpower|p2a: Rampardos\n|move|p2a: Rampardos|Continental Crush|p1a: Diancie|[zeffect]\n|-damage|p1a: Diancie|0 fnt\n|faint|p1a: Diancie\n|\n|win|The power of ROCK\n|c|\u2606The power of ROCK|u die\n|c|\u2606Sheep Liver|gg\n|c|\u2606The power of ROCK|gg : )\n","uploadtime":1700855550,"views":1,"p1id":"sheepliver","p2id":"thepowerofrock","formatid":"gen9nationaldex","rating":0,"private":0,"password":""}