{"id":"gen9nationaldex-1992280748","p1":"NikDaStik","p2":"TexanFarmersMarket","format":"[Gen 9] National Dex","log":"|j|\u2606NikDaStik\n|j|\u2606TexanFarmersMarket\n|t:|1700170499\n|gametype|singles\n|player|p1|NikDaStik|giovanni|1078\n|player|p2|TexanFarmersMarket|bellepa|1161\n|teamsize|p1|6\n|teamsize|p2|6\n|gen|9\n|tier|[Gen 9] National Dex\n|rated|\n|rule|HP Percentage Mod: HP is shown in percentages\n|rule|Endless Battle Clause: Forcing endless battles is banned\n|rule|OHKO Clause: OHKO moves are banned\n|rule|Evasion Clause: Evasion abilities, items, and moves are banned\n|rule|Evasion Abilities Clause: Evasion abilities are banned\n|rule|Evasion Items Clause: Evasion items are banned\n|rule|Evasion Moves Clause: Evasion moves are banned\n|rule|Species Clause: Limit one of each Pok\u00e9mon\n|rule|Sleep Clause Mod: Limit one foe put to sleep\n|clearpoke\n|poke|p1|Omanyte, F|\n|poke|p1|Throh, M|\n|poke|p1|Corvisquire, M|\n|poke|p1|Scizor, M|\n|poke|p1|Furfrou, F|\n|poke|p1|Froslass, F|\n|poke|p2|Typhlosion, M|\n|poke|p2|Pelipper, M|\n|poke|p2|Swampert, F|\n|poke|p2|Tornadus-Therian, M|\n|poke|p2|Weavile, F|\n|poke|p2|Sneasler, M|\n|teampreview\n|inactive|Battle timer is ON: inactive players will automatically lose when time's up. (requested by TexanFarmersMarket)\n|\n|t:|1700170505\n|start\n|switch|p1a: Omanyte|Omanyte, F|100\/100\n|switch|p2a: Sneasler|Sneasler, M|100\/100\n|-item|p2a: Sneasler|Air Balloon\n|turn|1\n|\n|t:|1700170512\n|move|p2a: Sneasler|Dire Claw|p1a: Omanyte\n|-resisted|p1a: Omanyte\n|-damage|p1a: Omanyte|81\/100\n|move|p1a: Omanyte|Toxic Spikes|p2a: Sneasler\n|-sidestart|p2: TexanFarmersMarket|move: Toxic Spikes\n|\n|upkeep\n|turn|2\n|\n|t:|1700170517\n|move|p2a: Sneasler|Swords Dance|p2a: Sneasler\n|-boost|p2a: Sneasler|atk|2\n|move|p1a: Omanyte|Toxic Spikes|p2a: Sneasler\n|-sidestart|p2: TexanFarmersMarket|move: Toxic Spikes\n|\n|upkeep\n|turn|3\n|\n|t:|1700170525\n|move|p2a: Sneasler|Close Combat|p1a: Omanyte\n|-supereffective|p1a: Omanyte\n|-damage|p1a: Omanyte|0 fnt\n|-unboost|p2a: Sneasler|def|1\n|-unboost|p2a: Sneasler|spd|1\n|faint|p1a: Omanyte\n|\n|upkeep\n|\n|t:|1700170539\n|switch|p1a: Scizor|Scizor, M|100\/100\n|turn|4\n|\n|t:|1700170547\n|detailschange|p1a: Scizor|Scizor-Mega, M\n|-mega|p1a: Scizor|Scizor|Scizorite\n|-terastallize|p2a: Sneasler|Fighting\n|move|p2a: Sneasler|Close Combat|p1a: Scizor\n|-damage|p1a: Scizor|0 fnt\n|-unboost|p2a: Sneasler|def|1\n|-unboost|p2a: Sneasler|spd|1\n|faint|p1a: Scizor\n|\n|upkeep\n|\n|t:|1700170554\n|switch|p1a: Froslass|Froslass, F|100\/100\n|turn|5\n|\n|t:|1700170560\n|move|p1a: Froslass|Hail|p1a: Froslass\n|-weather|Hail\n|move|p2a: Sneasler|Dire Claw|p1a: Froslass\n|-resisted|p1a: Froslass\n|-damage|p1a: Froslass|44\/100\n|-status|p1a: Froslass|slp\n|-start|p2a: Sneasler|Disable|Dire Claw|[from] ability: Cursed Body|[of] p1a: Froslass\n|\n|-weather|Hail|[upkeep]\n|-damage|p2a: Sneasler|95\/100|[from] Hail\n|-heal|p1a: Froslass|50\/100 slp|[from] item: Leftovers\n|upkeep\n|turn|6\n|\n|t:|1700170568\n|cant|p1a: Froslass|slp\n|move|p2a: Sneasler|Night Slash|p1a: Froslass\n|-supereffective|p1a: Froslass\n|-damage|p1a: Froslass|0 fnt\n|faint|p1a: Froslass\n|\n|-weather|Hail|[upkeep]\n|-damage|p2a: Sneasler|89\/100|[from] Hail\n|upkeep\n|\n|t:|1700170573\n|switch|p1a: Throh|Throh, M|100\/100\n|turn|7\n|\n|t:|1700170585\n|move|p2a: Sneasler|Close Combat|p1a: Throh\n|-damage|p1a: Throh|0 fnt\n|-unboost|p2a: Sneasler|def|1\n|-unboost|p2a: Sneasler|spd|1\n|faint|p1a: Throh\n|\n|-weather|Hail|[upkeep]\n|-damage|p2a: Sneasler|83\/100|[from] Hail\n|upkeep\n|\n|t:|1700170588\n|switch|p1a: Furfrou|Furfrou, F|100\/100\n|turn|8\n|\n|t:|1700170594\n|move|p2a: Sneasler|Close Combat|p1a: Furfrou\n|-supereffective|p1a: Furfrou\n|-damage|p1a: Furfrou|0 fnt\n|-unboost|p2a: Sneasler|def|1\n|-unboost|p2a: Sneasler|spd|1\n|faint|p1a: Furfrou\n|\n|-weather|Hail|[upkeep]\n|-damage|p2a: Sneasler|77\/100|[from] Hail\n|-end|p2a: Sneasler|Disable\n|upkeep\n|\n|t:|1700170597\n|switch|p1a: Corvisquire|Corvisquire, M|100\/100\n|turn|9\n|\n|t:|1700170607\n|move|p2a: Sneasler|Dire Claw|p1a: Corvisquire\n|-damage|p1a: Corvisquire|0 fnt\n|faint|p1a: Corvisquire\n|\n|win|TexanFarmersMarket\n|raw|NikDaStik's rating: 1078 &rarr; <strong>1061<\/strong><br \/>(-17 for losing)\n|raw|TexanFarmersMarket's rating: 1161 &rarr; <strong>1180<\/strong><br \/>(+19 for winning)\n","uploadtime":1700170612,"views":17,"p1id":"nikdastik","p2id":"texanfarmersmarket","formatid":"gen9nationaldex","rating":1061,"private":0,"password":""}