{"id":"gen9nationaldex-1989181160","p1":"85792195wwww","p2":"Warlock's Mask","format":"[Gen 9] National Dex","log":"|j|\u260685792195wwww\n|j|\u2606Warlock's Mask\n|t:|1699820764\n|gametype|singles\n|player|p1|85792195wwww|mira|1654\n|player|p2|Warlock's Mask|scientistf|1612\n|teamsize|p1|6\n|teamsize|p2|6\n|gen|9\n|tier|[Gen 9] National Dex\n|rated|\n|rule|HP Percentage Mod: HP is shown in percentages\n|rule|Endless Battle Clause: Forcing endless battles is banned\n|rule|OHKO Clause: OHKO moves are banned\n|rule|Evasion Clause: Evasion abilities, items, and moves are banned\n|rule|Evasion Abilities Clause: Evasion abilities are banned\n|rule|Evasion Items Clause: Evasion items are banned\n|rule|Evasion Moves Clause: Evasion moves are banned\n|rule|Species Clause: Limit one of each Pok\u00e9mon\n|rule|Sleep Clause Mod: Limit one foe put to sleep\n|clearpoke\n|poke|p1|Medicham, F|\n|poke|p1|Dragonite, F|\n|poke|p1|Garchomp, F|\n|poke|p1|Tapu Lele|\n|poke|p1|Iron Treads|\n|poke|p1|Ursaluna, M|\n|poke|p2|Ceruledge, F|\n|poke|p2|Grimmsnarl, M|\n|poke|p2|Tapu Fini|\n|poke|p2|Ferrothorn, M|\n|poke|p2|Excadrill, M|\n|poke|p2|Araquanid, F|\n|teampreview\n|inactive|Battle timer is ON: inactive players will automatically lose when time's up. (requested by Warlock's Mask)\n|\n|t:|1699820778\n|start\n|switch|p1a: Garchomp|Garchomp, F|100\/100\n|switch|p2a: Ghost|Ferrothorn, M, shiny|100\/100\n|turn|1\n|\n|t:|1699820788\n|move|p1a: Garchomp|Stealth Rock|p2a: Ghost\n|-sidestart|p2: Warlock's Mask|move: Stealth Rock\n|move|p2a: Ghost|Bulldoze|p1a: Garchomp\n|-damage|p1a: Garchomp|83\/100\n|-unboost|p1a: Garchomp|spe|1\n|\n|upkeep\n|turn|2\n|\n|t:|1699820801\n|switch|p1a: Medicham|Medicham, F|100\/100\n|switch|p2a: Offer Egg|Grimmsnarl, M|100\/100\n|-damage|p2a: Offer Egg|88\/100|[from] Stealth Rock\n|\n|upkeep\n|turn|3\n|\n|t:|1699820810\n|detailschange|p1a: Medicham|Medicham-Mega, F\n|-mega|p1a: Medicham|Medicham|Medichamite\n|move|p1a: Medicham|Fake Out|p2a: Offer Egg\n|-damage|p2a: Offer Egg|65\/100\n|cant|p2a: Offer Egg|flinch\n|\n|upkeep\n|turn|4\n|\n|t:|1699820819\n|switch|p1a: Tapu Lele|Tapu Lele|100\/100\n|-fieldstart|move: Psychic Terrain|[from] ability: Psychic Surge|[of] p1a: Tapu Lele\n|move|p2a: Offer Egg|Thunder Wave|p1a: Tapu Lele\n|-activate|p1a: Tapu Lele|move: Psychic Terrain\n|\n|upkeep\n|turn|5\n|\n|t:|1699820828\n|switch|p1a: Medicham|Medicham-Mega, F|100\/100\n|switch|p2a: Ghost|Ferrothorn, M, shiny|100\/100\n|-damage|p2a: Ghost|94\/100|[from] Stealth Rock\n|\n|upkeep\n|turn|6\n|\n|t:|1699820836\n|move|p1a: Medicham|Zen Headbutt|p2a: Ghost\n|-resisted|p2a: Ghost\n|-damage|p2a: Ghost|60\/100\n|-damage|p1a: Medicham|88\/100|[from] ability: Iron Barbs|[of] p2a: Ghost\n|cant|p2a: Ghost|flinch\n|\n|upkeep\n|turn|7\n|\n|t:|1699820845\n|switch|p2a: Her|Ceruledge, F, shiny|100\/100\n|-damage|p2a: Her|75\/100|[from] Stealth Rock\n|move|p1a: Medicham|Close Combat|p2a: Her\n|-immune|p2a: Her\n|\n|-heal|p2a: Her|82\/100|[from] item: Leftovers\n|upkeep\n|turn|8\n|\n|t:|1699820855\n|move|p1a: Medicham|Rock Slide|p2a: Her\n|-supereffective|p2a: Her\n|-damage|p2a: Her|0 fnt\n|faint|p2a: Her\n|\n|-fieldend|move: Psychic Terrain\n|upkeep\n|\n|t:|1699820884\n|switch|p2a: Sticky|Araquanid, F, shiny|100\/100\n|-damage|p2a: Sticky|76\/100|[from] Stealth Rock\n|turn|9\n|\n|t:|1699820894\n|move|p1a: Medicham|Rock Slide|p2a: Sticky\n|-supereffective|p2a: Sticky\n|-damage|p2a: Sticky|0 fnt\n|faint|p2a: Sticky\n|\n|upkeep\n|j| Mashimo\n|\n|t:|1699820905\n|switch|p2a: Offer Egg|Grimmsnarl, M|65\/100\n|-damage|p2a: Offer Egg|53\/100|[from] Stealth Rock\n|turn|10\n|\n|t:|1699820910\n|switch|p1a: Tapu Lele|Tapu Lele|100\/100\n|-fieldstart|move: Psychic Terrain|[from] ability: Psychic Surge|[of] p1a: Tapu Lele\n|move|p2a: Offer Egg|Play Rough|p1a: Tapu Lele\n|-damage|p1a: Tapu Lele|32\/100\n|\n|upkeep\n|turn|11\n|\n|t:|1699820922\n|switch|p1a: Ursaluna|Ursaluna, M|100\/100\n|switch|p2a: Ghost|Ferrothorn, M, shiny|60\/100\n|-damage|p2a: Ghost|54\/100|[from] Stealth Rock\n|\n|-status|p1a: Ursaluna|brn|[from] item: Flame Orb\n|upkeep\n|turn|12\n|\n|t:|1699820932\n|move|p1a: Ursaluna|Headlong Rush|p2a: Ghost\n|-damage|p2a: Ghost|0 fnt\n|-unboost|p1a: Ursaluna|def|1\n|-unboost|p1a: Ursaluna|spd|1\n|-damage|p1a: Ursaluna|88\/100 brn|[from] ability: Iron Barbs|[of] p2a: Ghost\n|faint|p2a: Ghost\n|\n|-damage|p1a: Ursaluna|82\/100 brn|[from] brn\n|upkeep\n|\n|t:|1699820954\n|switch|p2a: No|Excadrill, M|100\/100\n|-damage|p2a: No|97\/100|[from] Stealth Rock\n|-ability|p2a: No|Mold Breaker\n|turn|13\n|\n|t:|1699820963\n|switch|p1a: Garchomp|Garchomp, F|83\/100\n|move|p2a: No|Rapid Spin|p1a: Garchomp\n|-damage|p1a: Garchomp|67\/100\n|-boost|p2a: No|spe|1\n|-damage|p2a: No|85\/100|[from] ability: Rough Skin|[of] p1a: Garchomp\n|-sideend|p2: Warlock's Mask|Stealth Rock|[from] move: Rapid Spin|[of] p2a: No\n|\n|upkeep\n|turn|14\n|\n|t:|1699820973\n|move|p1a: Garchomp|Earthquake|p2a: No\n|-supereffective|p2a: No\n|-enditem|p2a: No|Shuca Berry|[eat]\n|-enditem|p2a: No|Shuca Berry|[weaken]\n|-damage|p2a: No|24\/100\n|move|p2a: No|Earthquake|p1a: Garchomp\n|-damage|p1a: Garchomp|11\/100\n|\n|-fieldend|move: Psychic Terrain\n|upkeep\n|turn|15\n|\n|t:|1699820984\n|move|p1a: Garchomp|Earthquake|p2a: No\n|-supereffective|p2a: No\n|-damage|p2a: No|0 fnt\n|faint|p2a: No\n|\n|upkeep\n|\n|t:|1699820993\n|switch|p2a: Offer Egg|Grimmsnarl, M|53\/100\n|turn|16\n|\n|t:|1699820997\n|move|p1a: Garchomp|Stealth Rock|p2a: Offer Egg\n|-sidestart|p2: Warlock's Mask|move: Stealth Rock\n|move|p2a: Offer Egg|Play Rough|p1a: Garchomp\n|-supereffective|p1a: Garchomp\n|-damage|p1a: Garchomp|0 fnt\n|-damage|p2a: Offer Egg|41\/100|[from] ability: Rough Skin|[of] p1a: Garchomp\n|faint|p1a: Garchomp\n|\n|upkeep\n|\n|t:|1699821007\n|switch|p1a: Tapu Lele|Tapu Lele|32\/100\n|-fieldstart|move: Psychic Terrain|[from] ability: Psychic Surge|[of] p1a: Tapu Lele\n|turn|17\n|\n|t:|1699821014\n|switch|p1a: Ursaluna|Ursaluna, M|82\/100 brn\n|move|p2a: Offer Egg|Play Rough|p1a: Ursaluna\n|-damage|p1a: Ursaluna|50\/100 brn\n|\n|-damage|p1a: Ursaluna|44\/100 brn|[from] brn\n|upkeep\n|turn|18\n|\n|t:|1699821023\n|move|p1a: Ursaluna|Facade|p2a: Offer Egg\n|-damage|p2a: Offer Egg|0 fnt\n|faint|p2a: Offer Egg\n|\n|-damage|p1a: Ursaluna|38\/100 brn|[from] brn\n|upkeep\n|\n|t:|1699821025\n|switch|p2a: Wall-of-Brazil|Tapu Fini, shiny|100\/100\n|-damage|p2a: Wall-of-Brazil|88\/100|[from] Stealth Rock\n|-fieldstart|move: Misty Terrain|[from] ability: Misty Surge|[of] p2a: Wall-of-Brazil\n|turn|19\n|\n|t:|1699821036\n|move|p2a: Wall-of-Brazil|Calm Mind|p2a: Wall-of-Brazil\n|-boost|p2a: Wall-of-Brazil|spa|1\n|-boost|p2a: Wall-of-Brazil|spd|1\n|move|p1a: Ursaluna|Headlong Rush|p2a: Wall-of-Brazil\n|-damage|p2a: Wall-of-Brazil|14\/100\n|-unboost|p1a: Ursaluna|def|1\n|-unboost|p1a: Ursaluna|spd|1\n|\n|-heal|p2a: Wall-of-Brazil|21\/100|[from] item: Leftovers\n|-damage|p1a: Ursaluna|32\/100 brn|[from] brn\n|upkeep\n|turn|20\n|\n|t:|1699821048\n|switch|p1a: Tapu Lele|Tapu Lele|32\/100\n|-fieldstart|move: Psychic Terrain|[from] ability: Psychic Surge|[of] p1a: Tapu Lele\n|move|p2a: Wall-of-Brazil|Draining Kiss|p1a: Tapu Lele\n|-damage|p1a: Tapu Lele|4\/100\n|-heal|p2a: Wall-of-Brazil|38\/100|[from] drain|[of] p1a: Tapu Lele\n|\n|-heal|p2a: Wall-of-Brazil|45\/100|[from] item: Leftovers\n|upkeep\n|turn|21\n|\n|t:|1699821060\n|move|p2a: Wall-of-Brazil|Protect|p2a: Wall-of-Brazil\n|-singleturn|p2a: Wall-of-Brazil|Protect\n|move|p1a: Tapu Lele|Psyshock|p2a: Wall-of-Brazil\n|-activate|p2a: Wall-of-Brazil|move: Protect\n|\n|-heal|p2a: Wall-of-Brazil|51\/100|[from] item: Leftovers\n|upkeep\n|turn|22\n|\n|t:|1699821069\n|move|p1a: Tapu Lele|Psyshock|p2a: Wall-of-Brazil\n|-damage|p2a: Wall-of-Brazil|9\/100\n|move|p2a: Wall-of-Brazil|Calm Mind|p2a: Wall-of-Brazil\n|-boost|p2a: Wall-of-Brazil|spa|1\n|-boost|p2a: Wall-of-Brazil|spd|1\n|\n|-heal|p2a: Wall-of-Brazil|15\/100|[from] item: Leftovers\n|upkeep\n|turn|23\n|-message|Warlock's Mask forfeited.\n|\n|win|85792195wwww\n|raw|85792195wwww's rating: 1654 &rarr; <strong>1672<\/strong><br \/>(+18 for winning)\n|raw|Warlock&apos;s Mask's rating: 1612 &rarr; <strong>1594<\/strong><br \/>(-18 for losing)\n|l|\u2606Warlock's Mask\n","uploadtime":1699821081,"views":4,"p1id":"85792195wwww","p2id":"warlocksmask","formatid":"gen9nationaldex","rating":1594,"private":0,"password":""}