{"id":"gen9nationaldex-1998941387","p1":"delicioustree","p2":"PNDIAYE12","format":"[Gen 9] National Dex","log":"|html|<div class=\"broadcast-blue\"><strong>[Gen 9] National Dex is currently suspecting Sneasler! For information on how to participate check out the <a href=\"https:\/\/www.smogon.com\/forums\/threads\/sv-national-dex-suspect-8-just-dance.3731534\/\">suspect thread<\/a>.<\/strong><\/div>\n|j|\u2606delicioustree\n|j|\u2606PNDIAYE12\n|t:|1701015767\n|gametype|singles\n|player|p1|delicioustree|cheren-gen5bw2|1111\n|player|p2|PNDIAYE12|jogger|1096\n|teamsize|p1|6\n|teamsize|p2|6\n|gen|9\n|tier|[Gen 9] National Dex\n|rated|\n|rule|HP Percentage Mod: HP is shown in percentages\n|rule|Endless Battle Clause: Forcing endless battles is banned\n|rule|OHKO Clause: OHKO moves are banned\n|rule|Evasion Clause: Evasion abilities, items, and moves are banned\n|rule|Evasion Abilities Clause: Evasion abilities are banned\n|rule|Evasion Items Clause: Evasion items are banned\n|rule|Evasion Moves Clause: Evasion moves are banned\n|rule|Species Clause: Limit one of each Pok\u00e9mon\n|rule|Sleep Clause Mod: Limit one foe put to sleep\n|clearpoke\n|poke|p1|Audino, F|\n|poke|p1|Scolipede, M|\n|poke|p1|Delphox, F|\n|poke|p1|Krookodile, M|\n|poke|p1|Aegislash, M|\n|poke|p1|Ditto|\n|poke|p2|Serperior, M|\n|poke|p2|Altaria, F|\n|poke|p2|Infernape, M|\n|poke|p2|Inteleon, M|\n|poke|p2|Raichu-Alola, F|\n|poke|p2|Mudsdale, F|\n|teampreview\n|\n|t:|1701015777\n|start\n|switch|p1a: Lemonade|Delphox, F|100\/100\n|switch|p2a: Mudsdale|Mudsdale, F|100\/100\n|turn|1\n|\n|t:|1701015790\n|-terastallize|p1a: Lemonade|Psychic\n|move|p1a: Lemonade|Trick|p2a: Mudsdale\n|-activate|p1a: Lemonade|move: Trick|[of] p2a: Mudsdale\n|-item|p2a: Mudsdale|Choice Scarf|[from] move: Trick\n|-item|p1a: Lemonade|Focus Sash|[from] move: Trick\n|move|p2a: Mudsdale|High Horsepower|p1a: Lemonade\n|-damage|p1a: Lemonade|18\/100\n|\n|upkeep\n|turn|2\n|\n|t:|1701015814\n|switch|p1a: Kroko|Krookodile, M|100\/100\n|-ability|p1a: Kroko|Intimidate|boost\n|-fail|p2a: Mudsdale|unboost|Attack|[from] ability: Inner Focus|[of] p2a: Mudsdale\n|move|p2a: Mudsdale|High Horsepower|p1a: Kroko\n|-damage|p1a: Kroko|54\/100\n|\n|-heal|p1a: Kroko|60\/100|[from] item: Leftovers\n|upkeep\n|turn|3\n|\n|t:|1701015836\n|move|p1a: Kroko|Earthquake|p2a: Mudsdale\n|-damage|p2a: Mudsdale|58\/100\n|move|p2a: Mudsdale|High Horsepower|p1a: Kroko\n|-damage|p1a: Kroko|10\/100\n|\n|-heal|p1a: Kroko|16\/100|[from] item: Leftovers\n|upkeep\n|turn|4\n|\n|t:|1701015850\n|switch|p1a: Courtesy Call|Audino, F|100\/100\n|move|p2a: Mudsdale|High Horsepower|p1a: Courtesy Call\n|-damage|p1a: Courtesy Call|49\/100\n|\n|-heal|p1a: Courtesy Call|55\/100|[from] item: Leftovers\n|upkeep\n|turn|5\n|\n|t:|1701015879\n|switch|p2a: Infernape|Infernape, M|100\/100\n|move|p1a: Courtesy Call|Yawn|p2a: Infernape\n|-start|p2a: Infernape|move: Yawn|[of] p1a: Courtesy Call\n|\n|-heal|p1a: Courtesy Call|61\/100|[from] item: Leftovers\n|upkeep\n|turn|6\n|\n|t:|1701015893\n|switch|p1a: Eye Sword|Aegislash, M|100\/100\n|move|p2a: Infernape|Close Combat|p1a: Eye Sword\n|-immune|p1a: Eye Sword\n|\n|-end|p2a: Infernape|move: Yawn|[silent]\n|-status|p2a: Infernape|slp\n|upkeep\n|turn|7\n|\n|t:|1701015903\n|switch|p1a: Lemonade|Delphox, F, tera:Psychic|18\/100\n|cant|p2a: Infernape|slp\n|\n|upkeep\n|turn|8\n|\n|t:|1701015913\n|switch|p2a: Serperior|Serperior, M|100\/100\n|move|p1a: Lemonade|Trick|p2a: Serperior\n|-activate|p1a: Lemonade|move: Trick|[of] p2a: Serperior\n|-item|p2a: Serperior|Focus Sash|[from] move: Trick\n|-item|p1a: Lemonade|Aguav Berry|[from] move: Trick\n|-enditem|p1a: Lemonade|Aguav Berry|[eat]\n|-heal|p1a: Lemonade|51\/100|[from] item: Aguav Berry\n|\n|upkeep\n|turn|9\n|\n|t:|1701015931\n|switch|p2a: Inteleon|Inteleon, M|100\/100\n|move|p1a: Lemonade|Skill Swap|p2a: Inteleon\n|-activate|p1a: Lemonade|move: Skill Swap|Sniper|Blaze|[of] p2a: Inteleon\n|\n|upkeep\n|turn|10\n|c|\u2606delicioustree|!data sniper\n|raw|<ul class=\"utilichart\"><li class=\"result\"><span class=\"col namecol\"><a href=\"https:\/\/dex.pokemonshowdown.com\/abilities\/sniper\">Sniper<\/a><\/span> <span class=\"col abilitydesccol\">If this Pokemon strikes with a critical hit, the damage is multiplied by 1.5.<\/span> <\/li><li style=\"clear:both\"><\/li><\/ul>\n\n|\n|t:|1701015956\n|switch|p1a: Courtesy Call|Audino, F|95\/100\n|move|p2a: Inteleon|Hydro Pump|p1a: Courtesy Call\n|-damage|p1a: Courtesy Call|60\/100\n|\n|-heal|p1a: Courtesy Call|66\/100|[from] item: Leftovers\n|upkeep\n|turn|11\n|\n|t:|1701015969\n|move|p2a: Inteleon|Liquidation|p1a: Courtesy Call\n|-damage|p1a: Courtesy Call|43\/100\n|-unboost|p1a: Courtesy Call|def|1\n|move|p1a: Courtesy Call|Yawn|p2a: Inteleon\n|-start|p2a: Inteleon|move: Yawn|[of] p1a: Courtesy Call\n|\n|-heal|p1a: Courtesy Call|50\/100|[from] item: Leftovers\n|upkeep\n|turn|12\n|\n|t:|1701015981\n|switch|p1a: This u?|Ditto|100\/100\n|-transform|p1a: This u?|p2a: Inteleon|[from] ability: Imposter\n|move|p2a: Inteleon|Liquidation|p1a: This u?\n|-resisted|p1a: This u?\n|-damage|p1a: This u?|78\/100\n|\n|-end|p2a: Inteleon|move: Yawn|[silent]\n|-message|Sleep Clause Mod activated.\n|-hint|Sleep Clause Mod prevents players from putting more than one of their opponent's Pok\u00e9mon to sleep at a time\n|upkeep\n|turn|13\n|\n|t:|1701016002\n|move|p1a: This u?|Snipe Shot|p2a: Inteleon\n|-resisted|p2a: Inteleon\n|-damage|p2a: Inteleon|77\/100\n|move|p2a: Inteleon|U-turn|p1a: This u?\n|-damage|p1a: This u?|52\/100\n|\n|t:|1701016012\n|switch|p2a: Serperior|Serperior, M|100\/100|[from] U-turn\n|\n|upkeep\n|turn|14\n|\n|t:|1701016031\n|switch|p1a: Lemonade|Delphox, F, tera:Psychic|51\/100\n|move|p2a: Serperior|Leaf Storm|p1a: Lemonade\n|-damage|p1a: Lemonade|12\/100\n|-boost|p2a: Serperior|spa|2\n|\n|upkeep\n|turn|15\n|\n|t:|1701016041\n|move|p2a: Serperior|Leaf Storm|p1a: Lemonade\n|-crit|p1a: Lemonade\n|-damage|p1a: Lemonade|0 fnt\n|-boost|p2a: Serperior|spa|2\n|faint|p1a: Lemonade\n|\n|upkeep\n|c|\u2606delicioustree|!data serperior\n|raw|<div class=\"message\"><ul class=\"utilichart\"><li class=\"result\"><span class=\"col numcol\">UU<\/span> <span class=\"col iconcol\"><psicon pokemon=\"serperior\"\/><\/span> <span class=\"col pokemonnamecol\" style=\"white-space:nowrap\"><a href=\"https:\/\/dex.pokemonshowdown.com\/pokemon\/serperior\" target=\"_blank\">Serperior<\/a><\/span> <span class=\"col typecol\"><img src=\"https:\/\/play.pokemonshowdown.com\/sprites\/types\/Grass.png\" alt=\"Grass\" height=\"14\" width=\"32\"><\/span> <span style=\"float:left;min-height:26px\"><span class=\"col abilitycol\">Overgrow<\/span><span class=\"col abilitycol\"><em>Contrary<\/em><\/span><\/span><span style=\"float:left;min-height:26px\"><span class=\"col statcol\"><em>HP<\/em><br \/>75<\/span> <span class=\"col statcol\"><em>Atk<\/em><br \/>75<\/span> <span class=\"col statcol\"><em>Def<\/em><br \/>95<\/span> <span class=\"col statcol\"><em>SpA<\/em><br \/>75<\/span> <span class=\"col statcol\"><em>SpD<\/em><br \/>95<\/span> <span class=\"col statcol\"><em>Spe<\/em><br \/>113<\/span> <span class=\"col bstcol\"><em>BST<br \/>528<\/em><\/span> <\/span><\/li><li style=\"clear:both\"><\/li><\/ul><\/div>\n\n|\n|t:|1701016048\n|switch|p1a: This u?|Ditto|52\/100\n|-transform|p1a: This u?|p2a: Serperior|[from] ability: Imposter\n|turn|16\n|\n|t:|1701016057\n|move|p1a: This u?|Leaf Storm|p2a: Serperior\n|-resisted|p2a: Serperior\n|-damage|p2a: Serperior|31\/100\n|-boost|p1a: This u?|spa|2\n|move|p2a: Serperior|Dragon Tail|p1a: This u?\n|-damage|p1a: This u?|34\/100\n|drag|p1a: Eye Sword|Aegislash, M|100\/100\n|\n|upkeep\n|turn|17\n|\n|t:|1701016077\n|move|p2a: Serperior|Giga Drain|p1a: Eye Sword\n|-resisted|p1a: Eye Sword\n|-damage|p1a: Eye Sword|69\/100\n|-heal|p2a: Serperior|45\/100|[from] drain|[of] p1a: Eye Sword\n|-formechange|p1a: Eye Sword|Aegislash-Blade||[from] ability: Stance Change\n|move|p1a: Eye Sword|Iron Head|p2a: Serperior\n|-damage|p2a: Serperior|0 fnt\n|faint|p2a: Serperior\n|\n|upkeep\n|\n|t:|1701016087\n|switch|p2a: Infernape|Infernape, M|100\/100 slp\n|turn|18\n|\n|t:|1701016098\n|-terastallize|p2a: Infernape|Fire\n|cant|p2a: Infernape|slp\n|move|p1a: Eye Sword|Sacred Sword|p2a: Infernape\n|-damage|p2a: Infernape|40\/100 slp\n|\n|upkeep\n|turn|19\n|\n|t:|1701016123\n|-curestatus|p2a: Infernape|slp|[msg]\n|move|p2a: Infernape|Raging Fury|p1a: Eye Sword\n|-supereffective|p1a: Eye Sword\n|-damage|p1a: Eye Sword|0 fnt\n|faint|p1a: Eye Sword\n|\n|upkeep\n|\n|t:|1701016130\n|switch|p1a: This u?|Ditto|34\/100\n|-transform|p1a: This u?|p2a: Infernape|[from] ability: Imposter\n|-start|p1a: This u?|typechange|Fire\/Fighting|[silent]\n|turn|20\n|\n|t:|1701016147\n|move|p1a: This u?|Close Combat|p2a: Infernape\n|-damage|p2a: Infernape|0 fnt\n|-unboost|p1a: This u?|def|1\n|-unboost|p1a: This u?|spd|1\n|faint|p2a: Infernape\n|\n|upkeep\n|\n|t:|1701016156\n|switch|p2a: Inteleon|Inteleon, M|77\/100\n|turn|21\n|\n|t:|1701016166\n|move|p1a: This u?|Close Combat|p2a: Inteleon\n|-damage|p2a: Inteleon|0 fnt\n|-unboost|p1a: This u?|def|1\n|-unboost|p1a: This u?|spd|1\n|faint|p2a: Inteleon\n|\n|upkeep\n|\n|t:|1701016178\n|switch|p2a: Altaria|Altaria, F|100\/100\n|turn|22\n|\n|t:|1701016190\n|switch|p1a: Acid Chloride|Scolipede, M|100\/100\n|detailschange|p2a: Altaria|Altaria-Mega, F\n|-mega|p2a: Altaria|Altaria|Altarianite\n|move|p2a: Altaria|Dual Wingbeat|p1a: Acid Chloride\n|-supereffective|p1a: Acid Chloride\n|-damage|p1a: Acid Chloride|71\/100\n|-supereffective|p1a: Acid Chloride\n|-damage|p1a: Acid Chloride|41\/100\n|-hitcount|p1a: Acid Chloride|2\n|\n|upkeep\n|turn|23\n|\n|t:|1701016213\n|move|p1a: Acid Chloride|Rock Slide|p2a: Altaria\n|-damage|p2a: Altaria|72\/100\n|move|p2a: Altaria|Dual Wingbeat|p1a: Acid Chloride\n|-supereffective|p1a: Acid Chloride\n|-damage|p1a: Acid Chloride|12\/100\n|-supereffective|p1a: Acid Chloride\n|-damage|p1a: Acid Chloride|0 fnt\n|faint|p1a: Acid Chloride\n|-hitcount|p1: Acid Chloride|2\n|\n|upkeep\n|\n|t:|1701016241\n|switch|p1a: This u?|Ditto|34\/100\n|-transform|p1a: This u?|p2a: Altaria|[from] ability: Imposter\n|turn|24\n|\n|t:|1701016253\n|move|p1a: This u?|Moonblast|p2a: Altaria\n|-supereffective|p2a: Altaria\n|-damage|p2a: Altaria|0 fnt\n|faint|p2a: Altaria\n|\n|upkeep\n|\n|t:|1701016260\n|switch|p2a: Raichu|Raichu-Alola, F|100\/100\n|turn|25\n|\n|t:|1701016268\n|switch|p1a: Courtesy Call|Audino, F|83\/100\n|-zpower|p2a: Raichu\n|move|p2a: Raichu|Stoked Sparksurfer|p1a: Courtesy Call|[zeffect]\n|-damage|p1a: Courtesy Call|26\/100\n|-status|p1a: Courtesy Call|par\n|\n|-heal|p1a: Courtesy Call|32\/100 par|[from] item: Leftovers\n|upkeep\n|turn|26\n|\n|t:|1701016319\n|switch|p1a: Kroko|Krookodile, M|16\/100\n|-ability|p1a: Kroko|Intimidate|boost\n|-unboost|p2a: Raichu|atk|1\n|move|p2a: Raichu|Iron Tail|p1a: Kroko|[miss]\n|-miss|p2a: Raichu|p1a: Kroko\n|\n|-heal|p1a: Kroko|22\/100|[from] item: Leftovers\n|upkeep\n|turn|27\n|\n|t:|1701016334\n|switch|p1a: Courtesy Call|Audino, F|65\/100 par\n|move|p2a: Raichu|Iron Tail|p1a: Courtesy Call|[miss]\n|-miss|p2a: Raichu|p1a: Courtesy Call\n|\n|-heal|p1a: Courtesy Call|71\/100 par|[from] item: Leftovers\n|upkeep\n|turn|28\n|inactive|Battle timer is ON: inactive players will automatically lose when time's up. (requested by delicioustree)\n|inactive|PNDIAYE12 has 120 seconds left.\n|inactive|PNDIAYE12 has 90 seconds left.\n|\n|t:|1701016447\n|move|p2a: Raichu|Calm Mind|p2a: Raichu\n|-boost|p2a: Raichu|spa|1\n|-boost|p2a: Raichu|spd|1\n|move|p1a: Courtesy Call|Yawn|p2a: Raichu\n|-start|p2a: Raichu|move: Yawn|[of] p1a: Courtesy Call\n|\n|-heal|p1a: Courtesy Call|77\/100 par|[from] item: Leftovers\n|upkeep\n|turn|29\n|\n|t:|1701016458\n|move|p2a: Raichu|Psychic|p1a: Courtesy Call\n|-damage|p1a: Courtesy Call|32\/100 par\n|-unboost|p1a: Courtesy Call|spd|1\n|move|p1a: Courtesy Call|Draining Kiss|p2a: Raichu\n|-damage|p2a: Raichu|93\/100\n|-heal|p1a: Courtesy Call|36\/100 par|[from] drain|[of] p2a: Raichu\n|\n|-heal|p1a: Courtesy Call|42\/100 par|[from] item: Leftovers\n|-end|p2a: Raichu|move: Yawn|[silent]\n|-status|p2a: Raichu|slp\n|upkeep\n|turn|30\n|inactive|delicioustree has 120 seconds left.\n|\n|t:|1701016491\n|switch|p1a: Kroko|Krookodile, M|22\/100\n|-ability|p1a: Kroko|Intimidate|boost\n|-unboost|p2a: Raichu|atk|1\n|cant|p2a: Raichu|slp\n|\n|-heal|p1a: Kroko|29\/100|[from] item: Leftovers\n|upkeep\n|turn|31\n|inactive|delicioustree has 120 seconds left.\n|\n|t:|1701016505\n|cant|p2a: Raichu|slp\n|move|p1a: Kroko|Earthquake|p2a: Raichu\n|-supereffective|p2a: Raichu\n|-damage|p2a: Raichu|0 fnt\n|faint|p2a: Raichu\n|\n|-heal|p1a: Kroko|35\/100|[from] item: Leftovers\n|upkeep\n|\n|t:|1701016514\n|switch|p2a: Mudsdale|Mudsdale, F|58\/100\n|turn|32\n|\n|t:|1701016519\n|switch|p1a: Courtesy Call|Audino, F|75\/100 par\n|move|p2a: Mudsdale|Superpower|p1a: Courtesy Call\n|-supereffective|p1a: Courtesy Call\n|-damage|p1a: Courtesy Call|0 fnt\n|-unboost|p2a: Mudsdale|atk|1\n|-unboost|p2a: Mudsdale|def|1\n|faint|p1a: Courtesy Call\n|\n|upkeep\n|\n|t:|1701016530\n|switch|p1a: Kroko|Krookodile, M|35\/100\n|-ability|p1a: Kroko|Intimidate|boost\n|-fail|p2a: Mudsdale|unboost|Attack|[from] ability: Inner Focus|[of] p2a: Mudsdale\n|turn|33\n|\n|t:|1701016542\n|move|p1a: Kroko|Earthquake|p2a: Mudsdale\n|-damage|p2a: Mudsdale|0 fnt\n|faint|p2a: Mudsdale\n|\n|win|delicioustree\n|raw|delicioustree's rating: 1111 &rarr; <strong>1135<\/strong><br \/>(+24 for winning)\n|raw|PNDIAYE12's rating: 1096 &rarr; <strong>1073<\/strong><br \/>(-23 for losing)\n|l|\u2606PNDIAYE12\n","uploadtime":1701016558,"views":7,"p1id":"delicioustree","p2id":"pndiaye12","formatid":"gen9nationaldex","rating":1073,"private":0,"password":""}