{"id":"gen9nationaldex-1992727294","p1":"siak678","p2":"Vekotj","format":"[Gen 9] National Dex","log":"|j|\u2606siak678\n|j|\u2606Vekotj\n|t:|1700229688\n|gametype|singles\n|player|p1|siak678|caitlin|1417\n|player|p2|Vekotj|ghetsis-gen5bw|1428\n|teamsize|p1|6\n|teamsize|p2|6\n|gen|9\n|tier|[Gen 9] National Dex\n|rated|\n|rule|HP Percentage Mod: HP is shown in percentages\n|rule|Endless Battle Clause: Forcing endless battles is banned\n|rule|OHKO Clause: OHKO moves are banned\n|rule|Evasion Clause: Evasion abilities, items, and moves are banned\n|rule|Evasion Abilities Clause: Evasion abilities are banned\n|rule|Evasion Items Clause: Evasion items are banned\n|rule|Evasion Moves Clause: Evasion moves are banned\n|rule|Species Clause: Limit one of each Pok\u00e9mon\n|rule|Sleep Clause Mod: Limit one foe put to sleep\n|clearpoke\n|poke|p1|Sceptile, M|\n|poke|p1|Arcanine, F|\n|poke|p1|Wigglytuff, M|\n|poke|p1|Hatterene, F|\n|poke|p1|Garchomp, F|\n|poke|p1|Gardevoir, F|\n|poke|p2|Urshifu-*, M|\n|poke|p2|Greninja-*, M|\n|poke|p2|Ditto|\n|poke|p2|Great Tusk|\n|poke|p2|Kommo-o, F|\n|poke|p2|Scizor, M|\n|teampreview\n|inactive|Battle timer is ON: inactive players will automatically lose when time's up. (requested by Vekotj)\n|\n|t:|1700229702\n|start\n|switch|p1a: Wigglytuff|Wigglytuff, M|100\/100\n|switch|p2a: Scizor|Scizor, M, shiny|100\/100\n|turn|1\n|\n|t:|1700229709\n|detailschange|p2a: Scizor|Scizor-Mega, M, shiny\n|-mega|p2a: Scizor|Scizor|Scizorite\n|move|p2a: Scizor|Swords Dance|p2a: Scizor\n|-boost|p2a: Scizor|atk|2\n|move|p1a: Wigglytuff|Skill Swap|p2a: Scizor\n|-activate|p1a: Wigglytuff|move: Skill Swap|Technician|Competitive|[of] p2a: Scizor\n|\n|upkeep\n|turn|2\n|\n|t:|1700229720\n|switch|p1a: Arcanine|Arcanine, F|100\/100\n|-ability|p1a: Arcanine|Intimidate|boost\n|-unboost|p2a: Scizor|atk|1\n|-ability|p2a: Scizor|Competitive|boost\n|-boost|p2a: Scizor|spa|2\n|-enditem|p1a: Arcanine|Mirror Herb\n|-boost|p1a: Arcanine|spa|2|[from] item: Mirror Herb\n|move|p2a: Scizor|Bullet Punch|p1a: Arcanine\n|-resisted|p1a: Arcanine\n|-damage|p1a: Arcanine|75\/100\n|\n|upkeep\n|turn|3\n|c|\u2606Vekotj|??!!\n|\n|t:|1700229741\n|move|p1a: Arcanine|Agility|p1a: Arcanine\n|-boost|p1a: Arcanine|spe|2\n|move|p2a: Scizor|Roost||[still]\n|-fail|p2a: Scizor|heal\n|\n|upkeep\n|turn|4\n|\n|t:|1700229748\n|move|p2a: Scizor|Bullet Punch|p1a: Arcanine\n|-resisted|p1a: Arcanine\n|-damage|p1a: Arcanine|51\/100\n|move|p1a: Arcanine|Fire Blast|p2a: Scizor|[miss]\n|-miss|p1a: Arcanine|p2a: Scizor\n|\n|upkeep\n|turn|5\n|\n|t:|1700229753\n|move|p2a: Scizor|Bullet Punch|p1a: Arcanine\n|-resisted|p1a: Arcanine\n|-damage|p1a: Arcanine|28\/100\n|move|p1a: Arcanine|Fire Blast|p2a: Scizor\n|-supereffective|p2a: Scizor\n|-damage|p2a: Scizor|0 fnt\n|faint|p2a: Scizor\n|\n|upkeep\n|\n|t:|1700229760\n|switch|p2a: Ditto|Ditto, shiny|100\/100\n|-transform|p2a: Ditto|p1a: Arcanine|[from] ability: Imposter\n|-ability|p2a: Ditto|Intimidate|boost\n|-unboost|p1a: Arcanine|atk|1\n|turn|6\n|c|\u2606Vekotj|thanks\n|\n|t:|1700229777\n|-terastallize|p1a: Arcanine|Water\n|move|p2a: Ditto|Fire Blast|p1a: Arcanine\n|-resisted|p1a: Arcanine\n|-damage|p1a: Arcanine|0 fnt\n|faint|p1a: Arcanine\n|\n|upkeep\n|\n|t:|1700229790\n|switch|p1a: Hatterene|Hatterene, F|100\/100\n|turn|7\n|\n|t:|1700229793\n|move|p2a: Ditto|Fire Blast|p1a: Hatterene\n|-damage|p1a: Hatterene|22\/100\n|move|p1a: Hatterene|Trick Room|p1a: Hatterene\n|-fieldstart|move: Trick Room|[of] p1a: Hatterene\n|\n|upkeep\n|turn|8\n|\n|t:|1700229803\n|move|p1a: Hatterene|Healing Wish|p1a: Hatterene\n|faint|p1a: Hatterene\n|move|p2a: Ditto|Fire Blast|p1: Hatterene|[notarget]\n|-fail|p2a: Ditto\n|\n|upkeep\n|\n|t:|1700229805\n|switch|p1a: Garchomp|Garchomp, F|100\/100\n|turn|9\n|\n|t:|1700229808\n|move|p1a: Garchomp|Earthquake|p2a: Ditto\n|-supereffective|p2a: Ditto\n|-damage|p2a: Ditto|0 fnt\n|faint|p2a: Ditto\n|\n|upkeep\n|\n|t:|1700229818\n|switch|p2a: Great Tusk|Great Tusk, shiny|100\/100\n|turn|10\n|\n|t:|1700229827\n|move|p2a: Great Tusk|Bulk Up|p2a: Great Tusk\n|-boost|p2a: Great Tusk|atk|1\n|-boost|p2a: Great Tusk|def|1\n|-zpower|p1a: Garchomp\n|move|p1a: Garchomp|Devastating Drake|p2a: Great Tusk|[zeffect]\n|-damage|p2a: Great Tusk|62\/100\n|\n|-heal|p2a: Great Tusk|69\/100|[from] item: Leftovers\n|upkeep\n|turn|11\n|\n|t:|1700229842\n|switch|p1a: Sceptile|Sceptile, M|100\/100\n|move|p2a: Great Tusk|Rapid Spin|p1a: Sceptile\n|-damage|p1a: Sceptile|52\/100\n|-boost|p2a: Great Tusk|spe|1\n|\n|-heal|p2a: Great Tusk|75\/100|[from] item: Leftovers\n|-fieldend|move: Trick Room\n|upkeep\n|turn|12\n|\n|t:|1700229852\n|detailschange|p1a: Sceptile|Sceptile-Mega, M\n|-mega|p1a: Sceptile|Sceptile|Sceptilite\n|move|p1a: Sceptile|Leaf Storm|p2a: Great Tusk\n|-supereffective|p2a: Great Tusk\n|-damage|p2a: Great Tusk|0 fnt\n|-unboost|p1a: Sceptile|spa|2\n|faint|p2a: Great Tusk\n|-end|p2a: Great Tusk|Protosynthesis|[silent]\n|\n|upkeep\n|\n|t:|1700229859\n|switch|p2a: Kommo-o|Kommo-o, F, shiny|100\/100\n|turn|13\n|\n|t:|1700229863\n|move|p1a: Sceptile|Dragon Pulse|p2a: Kommo-o\n|-supereffective|p2a: Kommo-o\n|-damage|p2a: Kommo-o|49\/100\n|move|p2a: Kommo-o|Aura Sphere|p1a: Sceptile\n|-damage|p1a: Sceptile|7\/100\n|\n|upkeep\n|turn|14\n|\n|t:|1700229869\n|move|p1a: Sceptile|Dragon Pulse|p2a: Kommo-o\n|-supereffective|p2a: Kommo-o\n|-damage|p2a: Kommo-o|0 fnt\n|faint|p2a: Kommo-o\n|\n|upkeep\n|\n|t:|1700229873\n|switch|p2a: Urshifu|Urshifu-Rapid-Strike, M|100\/100\n|turn|15\n|\n|t:|1700229878\n|move|p2a: Urshifu|Aqua Jet|p1a: Sceptile\n|-resisted|p1a: Sceptile\n|-damage|p1a: Sceptile|0 fnt\n|faint|p1a: Sceptile\n|\n|upkeep\n|\n|t:|1700229883\n|switch|p1a: Gardevoir|Gardevoir, F, shiny|100\/100\n|-ability|p1a: Gardevoir|Unseen Fist|[from] ability: Trace|[of] p2a: Urshifu\n|turn|16\n|\n|t:|1700229890\n|-terastallize|p2a: Urshifu|Water\n|move|p1a: Gardevoir|Moonblast|p2a: Urshifu\n|-damage|p2a: Urshifu|27\/100\n|move|p2a: Urshifu|Surging Strikes|p1a: Gardevoir\n|-crit|p1a: Gardevoir\n|-damage|p1a: Gardevoir|44\/100\n|-crit|p1a: Gardevoir\n|-damage|p1a: Gardevoir|0 fnt\n|faint|p1a: Gardevoir\n|-hitcount|p1: Gardevoir|2\n|\n|upkeep\n|\n|t:|1700229898\n|switch|p1a: Garchomp|Garchomp, F|100\/100\n|turn|17\n|\n|t:|1700229903\n|move|p2a: Urshifu|Aqua Jet|p1a: Garchomp\n|-damage|p1a: Garchomp|67\/100\n|-damage|p2a: Urshifu|15\/100|[from] ability: Rough Skin|[of] p1a: Garchomp\n|move|p1a: Garchomp|Earthquake|p2a: Urshifu\n|-damage|p2a: Urshifu|0 fnt\n|faint|p2a: Urshifu\n|\n|upkeep\n|\n|t:|1700229909\n|switch|p2a: Greninja|Greninja, M|100\/100\n|turn|18\n|\n|t:|1700229917\n|move|p2a: Greninja|Ice Beam|p1a: Garchomp\n|-start|p2a: Greninja|typechange|Ice|[from] ability: Protean\n|-supereffective|p1a: Garchomp\n|-damage|p1a: Garchomp|0 fnt\n|faint|p1a: Garchomp\n|\n|upkeep\n|\n|t:|1700229921\n|switch|p1a: Wigglytuff|Wigglytuff, M|100\/100\n|turn|19\n|\n|t:|1700229933\n|move|p2a: Greninja|Ice Beam|p1a: Wigglytuff\n|-damage|p1a: Wigglytuff|53\/100\n|-status|p1a: Wigglytuff|frz\n|cant|p1a: Wigglytuff|frz\n|\n|upkeep\n|turn|20\n|-message|siak678 forfeited.\n|\n|win|Vekotj\n|raw|siak678's rating: 1417 &rarr; <strong>1398<\/strong><br \/>(-19 for losing)\n|raw|Vekotj's rating: 1428 &rarr; <strong>1447<\/strong><br \/>(+19 for winning)\n|l|\u2606siak678\n","uploadtime":1700229948,"views":13,"p1id":"siak678","p2id":"vekotj","formatid":"gen9nationaldex","rating":1398,"private":0,"password":""}