{"id":"gen9nationaldex-1988555856","p1":"subnori","p2":"SylverOmega","format":"[Gen 9] National Dex","log":"|j|\u2606subnori\n|j|\u2606SylverOmega\n|t:|1699735678\n|gametype|singles\n|player|p1|subnori|169|\n|player|p2|SylverOmega|palmer|\n|teamsize|p1|6\n|teamsize|p2|6\n|gen|9\n|tier|[Gen 9] National Dex\n|rule|HP Percentage Mod: HP is shown in percentages\n|rule|Endless Battle Clause: Forcing endless battles is banned\n|rule|OHKO Clause: OHKO moves are banned\n|rule|Evasion Clause: Evasion abilities, items, and moves are banned\n|rule|Evasion Abilities Clause: Evasion abilities are banned\n|rule|Evasion Items Clause: Evasion items are banned\n|rule|Evasion Moves Clause: Evasion moves are banned\n|rule|Species Clause: Limit one of each Pok\u00e9mon\n|rule|Sleep Clause Mod: Limit one foe put to sleep\n|clearpoke\n|poke|p1|Clefable, M|\n|poke|p1|Landorus-Therian, M|\n|poke|p1|Reuniclus, M|\n|poke|p1|Heatran, F|\n|poke|p1|Lopunny, F|\n|poke|p1|Tornadus-Therian, M|\n|poke|p2|Tauros-Paldea-Blaze, M|\n|poke|p2|Cinderace, M|\n|poke|p2|Ogerpon-Wellspring, F|\n|poke|p2|Sharpedo, M|\n|poke|p2|Jolteon, M|\n|poke|p2|Lopunny, F|\n|teampreview\n|inactive|Battle timer is ON: inactive players will automatically lose when time's up. (requested by SylverOmega)\n|c|\u2606SylverOmega|Sab\u00eda que deber\u00eda haber cogido mi mono normal\n|\n|t:|1699735705\n|start\n|switch|p1a: Lopunny|Lopunny, F|100\/100\n|switch|p2a: Sharpedo|Sharpedo, M|100\/100\n|turn|1\n|\n|t:|1699735716\n|detailschange|p1a: Lopunny|Lopunny-Mega, F\n|-mega|p1a: Lopunny|Lopunny|Lopunnite\n|move|p2a: Sharpedo|Protect|p2a: Sharpedo\n|-singleturn|p2a: Sharpedo|Protect\n|move|p1a: Lopunny|U-turn|p2a: Sharpedo\n|-activate|p2a: Sharpedo|move: Protect\n|\n|-ability|p2a: Sharpedo|Speed Boost|boost\n|-boost|p2a: Sharpedo|spe|1\n|upkeep\n|turn|2\n|\n|t:|1699735741\n|switch|p2a: Tauros|Tauros-Paldea-Blaze, M|100\/100\n|-ability|p2a: Tauros|Intimidate|boost\n|-fail|p1a: Lopunny|unboost|Attack|[from] ability: Scrappy|[of] p1a: Lopunny\n|switch|p1a: Landorus|Landorus-Therian, M|100\/100\n|-ability|p1a: Landorus|Intimidate|boost\n|-unboost|p2a: Tauros|atk|1\n|\n|upkeep\n|turn|3\n|\n|t:|1699735752\n|switch|p2a: Ogerpon|Ogerpon-Wellspring, F|100\/100\n|move|p1a: Landorus|U-turn|p2a: Ogerpon\n|-supereffective|p2a: Ogerpon\n|-damage|p2a: Ogerpon|46\/100\n|\n|t:|1699735758\n|switch|p1a: Lopunny|Lopunny-Mega, F|100\/100|[from] U-turn\n|\n|upkeep\n|turn|4\n|\n|t:|1699735779\n|-terastallize|p2a: Ogerpon|Water\n|detailschange|p2a: Ogerpon|Ogerpon-Wellspring-Tera, F, tera:Water\n|-ability|p2a: Ogerpon|Embody Aspect (Wellspring)|boost\n|-boost|p2a: Ogerpon|spd|1\n|move|p1a: Lopunny|U-turn|p2a: Ogerpon\n|-crit|p2a: Ogerpon\n|-damage|p2a: Ogerpon|0 fnt\n|faint|p2a: Ogerpon\n|\n|t:|1699735784\n|switch|p1a: Heatran|Heatran, F|100\/100|[from] U-turn\n|\n|upkeep\n|c|\u2606SylverOmega|Bro el cr\u00edtico m\u00e1s injusto\n|\n|t:|1699735798\n|switch|p2a: Lopunny|Lopunny, F|100\/100\n|turn|5\n|\n|t:|1699735813\n|switch|p1a: Landorus|Landorus-Therian, M|100\/100\n|-ability|p1a: Landorus|Intimidate|boost\n|-unboost|p2a: Lopunny|atk|1\n|detailschange|p2a: Lopunny|Lopunny-Mega, F\n|-mega|p2a: Lopunny|Lopunny|Lopunnite\n|move|p2a: Lopunny|High Jump Kick|p1a: Landorus\n|-resisted|p1a: Landorus\n|-damage|p1a: Landorus|81\/100\n|\n|-heal|p1a: Landorus|87\/100|[from] item: Leftovers\n|upkeep\n|turn|6\n|\n|t:|1699735825\n|move|p2a: Lopunny|Return|p1a: Landorus\n|-damage|p1a: Landorus|56\/100\n|move|p1a: Landorus|Toxic|p2a: Lopunny\n|-status|p2a: Lopunny|tox\n|\n|-heal|p1a: Landorus|62\/100|[from] item: Leftovers\n|-damage|p2a: Lopunny|95\/100 tox|[from] psn\n|upkeep\n|turn|7\n|\n|t:|1699735835\n|move|p2a: Lopunny|Return|p1a: Landorus\n|-damage|p1a: Landorus|35\/100\n|move|p1a: Landorus|U-turn|p2a: Lopunny\n|-resisted|p2a: Lopunny\n|-damage|p2a: Lopunny|80\/100 tox\n|\n|t:|1699735838\n|switch|p1a: Heatran|Heatran, F|100\/100|[from] U-turn\n|\n|-damage|p2a: Lopunny|68\/100 tox|[from] psn\n|upkeep\n|turn|8\n|\n|t:|1699735847\n|move|p2a: Lopunny|U-turn|p1a: Heatran\n|-resisted|p1a: Heatran\n|-crit|p1a: Heatran\n|-damage|p1a: Heatran|92\/100\n|\n|t:|1699735856\n|switch|p2a: Sharpedo|Sharpedo, M|100\/100|[from] U-turn\n|move|p1a: Heatran|Stealth Rock|p2a: Sharpedo\n|-sidestart|p2: SylverOmega|move: Stealth Rock\n|\n|-heal|p1a: Heatran|98\/100|[from] item: Leftovers\n|upkeep\n|turn|9\n|\n|t:|1699735865\n|switch|p1a: Landorus|Landorus-Therian, M|35\/100\n|-ability|p1a: Landorus|Intimidate|boost\n|-unboost|p2a: Sharpedo|atk|1\n|move|p2a: Sharpedo|Waterfall|p1a: Landorus\n|-supereffective|p1a: Landorus\n|-damage|p1a: Landorus|0 fnt\n|faint|p1a: Landorus\n|\n|-ability|p2a: Sharpedo|Speed Boost|boost\n|-boost|p2a: Sharpedo|spe|1\n|upkeep\n|\n|t:|1699735885\n|switch|p1a: Lopunny|Lopunny-Mega, F|100\/100\n|turn|10\n|\n|t:|1699735892\n|switch|p2a: Tauros|Tauros-Paldea-Blaze, M|100\/100\n|-damage|p2a: Tauros|88\/100|[from] Stealth Rock\n|-ability|p2a: Tauros|Intimidate|boost\n|-fail|p1a: Lopunny|unboost|Attack|[from] ability: Scrappy|[of] p1a: Lopunny\n|move|p1a: Lopunny|U-turn|p2a: Tauros\n|-resisted|p2a: Tauros\n|-damage|p2a: Tauros|84\/100\n|\n|t:|1699735896\n|switch|p1a: Reuniclus|Reuniclus, M|100\/100|[from] U-turn\n|\n|-heal|p2a: Tauros|90\/100|[from] item: Leftovers\n|upkeep\n|turn|11\n|\n|t:|1699735907\n|switch|p2a: Sharpedo|Sharpedo, M|100\/100\n|-damage|p2a: Sharpedo|88\/100|[from] Stealth Rock\n|move|p1a: Reuniclus|Calm Mind|p1a: Reuniclus\n|-boost|p1a: Reuniclus|spa|1\n|-boost|p1a: Reuniclus|spd|1\n|\n|upkeep\n|turn|12\n|\n|t:|1699735917\n|-terastallize|p1a: Reuniclus|Fairy\n|move|p2a: Sharpedo|Crunch|p1a: Reuniclus\n|-resisted|p1a: Reuniclus\n|-damage|p1a: Reuniclus|85\/100\n|move|p1a: Reuniclus|Focus Blast|p2a: Sharpedo\n|-supereffective|p2a: Sharpedo\n|-damage|p2a: Sharpedo|0 fnt\n|faint|p2a: Sharpedo\n|\n|-heal|p1a: Reuniclus|91\/100|[from] item: Leftovers\n|upkeep\n|\n|t:|1699735938\n|switch|p2a: Cinderace|Cinderace, M, shiny|100\/100\n|turn|13\n|\n|t:|1699735942\n|move|p2a: Cinderace|Pyro Ball|p1a: Reuniclus\n|-damage|p1a: Reuniclus|48\/100\n|move|p1a: Reuniclus|Calm Mind|p1a: Reuniclus\n|-boost|p1a: Reuniclus|spa|1\n|-boost|p1a: Reuniclus|spd|1\n|\n|-heal|p1a: Reuniclus|54\/100|[from] item: Leftovers\n|upkeep\n|turn|14\n|\n|t:|1699735956\n|move|p2a: Cinderace|U-turn|p1a: Reuniclus\n|-start|p2a: Cinderace|typechange|Bug|[from] ability: Libero\n|-resisted|p1a: Reuniclus\n|-damage|p1a: Reuniclus|42\/100\n|\n|t:|1699735965\n|switch|p2a: Lopunny|Lopunny-Mega, F|68\/100 tox|[from] U-turn\n|-damage|p2a: Lopunny|62\/100 tox|[from] Stealth Rock\n|move|p1a: Reuniclus|Recover|p1a: Reuniclus\n|-heal|p1a: Reuniclus|92\/100\n|\n|-heal|p1a: Reuniclus|99\/100|[from] item: Leftovers\n|-damage|p2a: Lopunny|56\/100 tox|[from] psn\n|upkeep\n|turn|15\n|\n|t:|1699735978\n|move|p2a: Lopunny|Return|p1a: Reuniclus\n|-damage|p1a: Reuniclus|58\/100\n|move|p1a: Reuniclus|Stored Power|p2a: Lopunny\n|-supereffective|p2a: Lopunny\n|-damage|p2a: Lopunny|0 fnt\n|faint|p2a: Lopunny\n|\n|-heal|p1a: Reuniclus|64\/100|[from] item: Leftovers\n|upkeep\n|c|\u2606SylverOmega|Venga gg me rindo la cagu\u00e9 demasiado\n|inactive|SylverOmega has 270 seconds left.\n|c|\u2606subnori|Gg\n|c|\u2606SylverOmega|Y malas predicts\n|\n|t:|1699736006\n|switch|p2a: Tauros|Tauros-Paldea-Blaze, M|90\/100\n|-damage|p2a: Tauros|78\/100|[from] Stealth Rock\n|-ability|p2a: Tauros|Intimidate|boost\n|-unboost|p1a: Reuniclus|atk|1\n|turn|16\n|-message|SylverOmega forfeited.\n|\n|win|subnori\n","uploadtime":1699736014,"views":44,"p1id":"subnori","p2id":"sylveromega","formatid":"gen9nationaldex","rating":0,"private":0,"password":""}