{"id":"gen9nationaldex-1993031498","p1":"GamehunterZ3R0","p2":"tremendofettuccini","format":"[Gen 9] National Dex","log":"|j|\u2606GamehunterZ3R0\n|j|\u2606tremendofettuccini\n|t:|1700257288\n|gametype|singles\n|player|p1|GamehunterZ3R0|ingo|1223\n|player|p2|tremendofettuccini|roxie|1209\n|teamsize|p1|6\n|teamsize|p2|6\n|gen|9\n|tier|[Gen 9] National Dex\n|rated|\n|rule|HP Percentage Mod: HP is shown in percentages\n|rule|Endless Battle Clause: Forcing endless battles is banned\n|rule|OHKO Clause: OHKO moves are banned\n|rule|Evasion Clause: Evasion abilities, items, and moves are banned\n|rule|Evasion Abilities Clause: Evasion abilities are banned\n|rule|Evasion Items Clause: Evasion items are banned\n|rule|Evasion Moves Clause: Evasion moves are banned\n|rule|Species Clause: Limit one of each Pok\u00e9mon\n|rule|Sleep Clause Mod: Limit one foe put to sleep\n|clearpoke\n|poke|p1|Torkoal, M|\n|poke|p1|Venusaur, M|\n|poke|p1|Great Tusk|\n|poke|p1|Samurott-Hisui, M|\n|poke|p1|Corviknight, M|\n|poke|p1|Landorus-Therian, M|\n|poke|p2|Cresselia, F|\n|poke|p2|Skarmory, M|\n|poke|p2|Toxapex, F|\n|poke|p2|Garganacl, F|\n|poke|p2|Gliscor, M|\n|poke|p2|Lopunny, F|\n|teampreview\n|\n|t:|1700257297\n|start\n|switch|p1a: Torkoal|Torkoal, M|100\/100\n|switch|p2a: Cresselia|Cresselia, F|100\/100\n|-weather|SunnyDay|[from] ability: Drought|[of] p1a: Torkoal\n|turn|1\n|\n|t:|1700257332\n|move|p2a: Cresselia|Toxic|p1a: Torkoal\n|-status|p1a: Torkoal|tox\n|move|p1a: Torkoal|Stealth Rock|p2a: Cresselia\n|-sidestart|p2: tremendofettuccini|move: Stealth Rock\n|\n|-weather|SunnyDay|[upkeep]\n|-damage|p1a: Torkoal|94\/100 tox|[from] psn\n|upkeep\n|turn|2\n|\n|t:|1700257347\n|switch|p2a: Gliscor|Gliscor, M|100\/100\n|-damage|p2a: Gliscor|88\/100|[from] Stealth Rock\n|switch|p1a: Bird Up|Corviknight, M, shiny|100\/100\n|-ability|p1a: Bird Up|Pressure\n|\n|-weather|SunnyDay|[upkeep]\n|-status|p2a: Gliscor|tox|[from] item: Toxic Orb\n|upkeep\n|turn|3\n|\n|t:|1700257363\n|move|p2a: Gliscor|Stealth Rock|p1a: Bird Up\n|-sidestart|p1: GamehunterZ3R0|move: Stealth Rock\n|move|p1a: Bird Up|U-turn|p2a: Gliscor\n|-resisted|p2a: Gliscor\n|-damage|p2a: Gliscor|80\/100 tox\n|inactive|Battle timer is ON: inactive players will automatically lose when time's up. (requested by tremendofettuccini)\n|\n|t:|1700257369\n|switch|p1a: Great Tusk|Great Tusk|100\/100|[from] U-turn\n|-damage|p1a: Great Tusk|98\/100|[from] Stealth Rock\n|-activate|p1a: Great Tusk|ability: Protosynthesis\n|-start|p1a: Great Tusk|protosynthesisatk\n|\n|-weather|SunnyDay|[upkeep]\n|-heal|p2a: Gliscor|93\/100 tox|[from] ability: Poison Heal\n|upkeep\n|turn|4\n|inactive|tremendofettuccini has 120 seconds left.\n|\n|t:|1700257403\n|switch|p2a: Skarmory|Skarmory, M|100\/100\n|-damage|p2a: Skarmory|88\/100|[from] Stealth Rock\n|move|p1a: Great Tusk|Rapid Spin|p2a: Skarmory\n|-resisted|p2a: Skarmory\n|-damage|p2a: Skarmory|80\/100\n|-boost|p1a: Great Tusk|spe|1\n|-damage|p1a: Great Tusk|81\/100|[from] item: Rocky Helmet|[of] p2a: Skarmory\n|-sideend|p1: GamehunterZ3R0|Stealth Rock|[from] move: Rapid Spin|[of] p1a: Great Tusk\n|\n|-weather|SunnyDay|[upkeep]\n|upkeep\n|turn|5\n|inactive|GamehunterZ3R0 has 120 seconds left.\n|\n|t:|1700257441\n|move|p1a: Great Tusk|Close Combat|p2a: Skarmory\n|-damage|p2a: Skarmory|23\/100\n|-unboost|p1a: Great Tusk|def|1\n|-unboost|p1a: Great Tusk|spd|1\n|-damage|p1a: Great Tusk|64\/100|[from] item: Rocky Helmet|[of] p2a: Skarmory\n|move|p2a: Skarmory|Iron Defense|p2a: Skarmory\n|-boost|p2a: Skarmory|def|2\n|\n|-weather|SunnyDay|[upkeep]\n|upkeep\n|turn|6\n|inactive|GamehunterZ3R0 has 120 seconds left.\n|\n|t:|1700257452\n|switch|p2a: Cresselia|Cresselia, F|100\/100\n|-damage|p2a: Cresselia|88\/100|[from] Stealth Rock\n|move|p1a: Great Tusk|Close Combat|p2a: Cresselia\n|-resisted|p2a: Cresselia\n|-damage|p2a: Cresselia|57\/100\n|-unboost|p1a: Great Tusk|def|1\n|-unboost|p1a: Great Tusk|spd|1\n|\n|-weather|SunnyDay|[upkeep]\n|upkeep\n|turn|7\n|\n|t:|1700257461\n|-end|p1a: Great Tusk|Protosynthesis|[silent]\n|switch|p1a: Bird Up|Corviknight, M, shiny|100\/100\n|-ability|p1a: Bird Up|Pressure\n|move|p2a: Cresselia|Psychic|p1a: Bird Up\n|-resisted|p1a: Bird Up\n|-damage|p1a: Bird Up|87\/100\n|\n|-weather|SunnyDay|[upkeep]\n|-heal|p1a: Bird Up|94\/100|[from] item: Leftovers\n|upkeep\n|turn|8\n|-message|tremendofettuccini forfeited.\n|\n|win|GamehunterZ3R0\n|raw|GamehunterZ3R0's rating: 1223 &rarr; <strong>1247<\/strong><br \/>(+24 for winning)\n|raw|tremendofettuccini's rating: 1209 &rarr; <strong>1185<\/strong><br \/>(-24 for losing)\n|l|\u2606tremendofettuccini\n","uploadtime":1700257487,"views":6,"p1id":"gamehunterz3r0","p2id":"tremendofettuccini","formatid":"gen9nationaldex","rating":1185,"private":0,"password":""}