{"id":"gen9nationaldex-1991275525","p1":"xenoswagzilla","p2":"ShadowKnightXXD","format":"[Gen 9] National Dex","log":"|j|\u2606xenoswagzilla\n|j|\u2606ShadowKnightXXD\n|t:|1700063460\n|gametype|singles\n|player|p1|xenoswagzilla|marlon|1151\n|player|p2|ShadowKnightXXD|265|1181\n|teamsize|p1|6\n|teamsize|p2|6\n|gen|9\n|tier|[Gen 9] National Dex\n|rated|\n|rule|HP Percentage Mod: HP is shown in percentages\n|rule|Endless Battle Clause: Forcing endless battles is banned\n|rule|OHKO Clause: OHKO moves are banned\n|rule|Evasion Clause: Evasion abilities, items, and moves are banned\n|rule|Evasion Abilities Clause: Evasion abilities are banned\n|rule|Evasion Items Clause: Evasion items are banned\n|rule|Evasion Moves Clause: Evasion moves are banned\n|rule|Species Clause: Limit one of each Pok\u00e9mon\n|rule|Sleep Clause Mod: Limit one foe put to sleep\n|clearpoke\n|poke|p1|Aggron, M|\n|poke|p1|Victini|\n|poke|p1|Rotom-Wash|\n|poke|p1|Sinistcha|\n|poke|p1|Tyranitar, M|\n|poke|p1|Nidoking, M|\n|poke|p2|Aegislash, F|\n|poke|p2|Kommo-o, F|\n|poke|p2|Quagsire, M|\n|poke|p2|Kilowattrel, F|\n|poke|p2|Volcanion|\n|poke|p2|Gardevoir, M|\n|teampreview\n|\n|t:|1700063472\n|start\n|switch|p1a: Rotom|Rotom-Wash|100\/100\n|switch|p2a: Quagsire|Quagsire, M|100\/100\n|turn|1\n|\n|t:|1700063488\n|move|p1a: Rotom|Reflect|p1a: Rotom\n|-sidestart|p1: xenoswagzilla|Reflect\n|move|p2a: Quagsire|Toxic|p1a: Rotom\n|-status|p1a: Rotom|tox\n|\n|-damage|p1a: Rotom|94\/100 tox|[from] psn\n|upkeep\n|turn|2\n|inactive|Battle timer is ON: inactive players will automatically lose when time's up. (requested by xenoswagzilla)\n|\n|t:|1700063510\n|move|p1a: Rotom|Light Screen|p1a: Rotom\n|-sidestart|p1: xenoswagzilla|move: Light Screen\n|move|p2a: Quagsire|Tera Blast|p1a: Rotom\n|-damage|p1a: Rotom|86\/100 tox\n|\n|-damage|p1a: Rotom|74\/100 tox|[from] psn\n|upkeep\n|turn|3\n|\n|t:|1700063522\n|switch|p1a: Sinistcha|Sinistcha|100\/100\n|move|p2a: Quagsire|Scald|p1a: Sinistcha\n|-resisted|p1a: Sinistcha\n|-damage|p1a: Sinistcha|94\/100\n|-status|p1a: Sinistcha|brn\n|\n|-heal|p1a: Sinistcha|99\/100 brn|[from] item: Leftovers\n|-damage|p1a: Sinistcha|97\/100 brn|[from] brn\n|upkeep\n|turn|4\n|\n|t:|1700063536\n|switch|p2a: Aegislash|Aegislash, F|100\/100\n|move|p1a: Sinistcha|Trick Room|p1a: Sinistcha\n|-fieldstart|move: Trick Room|[of] p1a: Sinistcha\n|\n|-heal|p1a: Sinistcha|100\/100 brn|[from] item: Leftovers\n|-damage|p1a: Sinistcha|98\/100 brn|[from] brn\n|upkeep\n|turn|5\n|\n|t:|1700063551\n|-terastallize|p2a: Aegislash|Normal\n|move|p1a: Sinistcha|Shadow Ball|p2a: Aegislash\n|-immune|p2a: Aegislash\n|move|p2a: Aegislash|Swords Dance|p2a: Aegislash\n|-boost|p2a: Aegislash|atk|2\n|\n|-heal|p1a: Sinistcha|100\/100 brn|[from] item: Leftovers\n|-damage|p1a: Sinistcha|98\/100 brn|[from] brn\n|upkeep\n|turn|6\n|\n|t:|1700063560\n|move|p1a: Sinistcha|Strength Sap|p2a: Aegislash\n|-unboost|p2a: Aegislash|atk|1\n|-heal|p1a: Sinistcha|100\/100 brn\n|move|p2a: Aegislash|Swords Dance|p2a: Aegislash\n|-boost|p2a: Aegislash|atk|2\n|\n|-damage|p1a: Sinistcha|98\/100 brn|[from] brn\n|upkeep\n|turn|7\n|\n|t:|1700063573\n|move|p1a: Sinistcha|Strength Sap|p2a: Aegislash\n|-unboost|p2a: Aegislash|atk|1\n|-heal|p1a: Sinistcha|100\/100 brn\n|move|p2a: Aegislash|Swords Dance|p2a: Aegislash\n|-boost|p2a: Aegislash|atk|2\n|\n|-damage|p1a: Sinistcha|98\/100 brn|[from] brn\n|upkeep\n|turn|8\n|\n|t:|1700063582\n|move|p1a: Sinistcha|Matcha Gotcha|p2a: Aegislash\n|-damage|p2a: Aegislash|67\/100\n|-heal|p1a: Sinistcha|100\/100 brn|[from] drain|[of] p2a: Aegislash\n|-status|p2a: Aegislash|brn\n|move|p2a: Aegislash|Swords Dance|p2a: Aegislash\n|-boost|p2a: Aegislash|atk|2\n|\n|-heal|p2a: Aegislash|73\/100 brn|[from] item: Leftovers\n|-damage|p1a: Sinistcha|98\/100 brn|[from] brn\n|-damage|p2a: Aegislash|67\/100 brn|[from] brn\n|-sideend|p1: xenoswagzilla|Reflect\n|-fieldend|move: Trick Room\n|upkeep\n|turn|9\n|\n|t:|1700063596\n|-formechange|p2a: Aegislash|Aegislash-Blade||[from] ability: Stance Change\n|move|p2a: Aegislash|Shadow Sneak|p1a: Sinistcha\n|-supereffective|p1a: Sinistcha\n|-damage|p1a: Sinistcha|27\/100 brn\n|move|p1a: Sinistcha|Strength Sap|p2a: Aegislash\n|-unboost|p2a: Aegislash|atk|1\n|-heal|p1a: Sinistcha|100\/100 brn\n|\n|-heal|p2a: Aegislash|73\/100 brn|[from] item: Leftovers\n|-damage|p2a: Aegislash|67\/100 brn|[from] brn\n|-damage|p1a: Sinistcha|98\/100 brn|[from] brn\n|-sideend|p1: xenoswagzilla|move: Light Screen\n|upkeep\n|turn|10\n|\n|t:|1700063614\n|move|p2a: Aegislash|Shadow Sneak|p1a: Sinistcha\n|-supereffective|p1a: Sinistcha\n|-damage|p1a: Sinistcha|35\/100 brn\n|move|p1a: Sinistcha|Strength Sap|p2a: Aegislash\n|-unboost|p2a: Aegislash|atk|1\n|-heal|p1a: Sinistcha|100\/100 brn\n|\n|-heal|p2a: Aegislash|73\/100 brn|[from] item: Leftovers\n|-damage|p2a: Aegislash|67\/100 brn|[from] brn\n|-damage|p1a: Sinistcha|98\/100 brn|[from] brn\n|upkeep\n|turn|11\n|\n|t:|1700063627\n|move|p2a: Aegislash|Iron Head|p1a: Sinistcha\n|-damage|p1a: Sinistcha|43\/100 brn\n|cant|p1a: Sinistcha|flinch\n|\n|-heal|p2a: Aegislash|73\/100 brn|[from] item: Leftovers\n|-heal|p1a: Sinistcha|49\/100 brn|[from] item: Leftovers\n|-damage|p2a: Aegislash|67\/100 brn|[from] brn\n|-damage|p1a: Sinistcha|46\/100 brn|[from] brn\n|upkeep\n|turn|12\n|\n|t:|1700063646\n|switch|p1a: Rotom|Rotom-Wash|74\/100 tox\n|move|p2a: Aegislash|Shadow Sneak|p1a: Rotom\n|-damage|p1a: Rotom|41\/100 tox\n|\n|-heal|p2a: Aegislash|73\/100 brn|[from] item: Leftovers\n|-damage|p1a: Rotom|35\/100 tox|[from] psn\n|-damage|p2a: Aegislash|67\/100 brn|[from] brn\n|upkeep\n|turn|13\n|\n|t:|1700063658\n|-formechange|p2a: Aegislash|Aegislash||[from] ability: Stance Change\n|move|p2a: Aegislash|King's Shield|p2a: Aegislash\n|-singleturn|p2a: Aegislash|Protect\n|move|p1a: Rotom|Volt Switch|p2a: Aegislash\n|-activate|p2a: Aegislash|move: Protect\n|\n|-heal|p2a: Aegislash|73\/100 brn|[from] item: Leftovers\n|-damage|p1a: Rotom|22\/100 tox|[from] psn\n|-damage|p2a: Aegislash|67\/100 brn|[from] brn\n|upkeep\n|turn|14\n|\n|t:|1700063668\n|-formechange|p2a: Aegislash|Aegislash-Blade||[from] ability: Stance Change\n|move|p2a: Aegislash|Shadow Sneak|p1a: Rotom\n|-damage|p1a: Rotom|0 fnt\n|faint|p1a: Rotom\n|\n|-heal|p2a: Aegislash|73\/100 brn|[from] item: Leftovers\n|-damage|p2a: Aegislash|67\/100 brn|[from] brn\n|upkeep\n|\n|t:|1700063672\n|switch|p1a: Nidoking|Nidoking, M|100\/100\n|turn|15\n|\n|t:|1700063686\n|switch|p1a: Victini|Victini|100\/100\n|-formechange|p2a: Aegislash|Aegislash||[from] ability: Stance Change\n|move|p2a: Aegislash|King's Shield||[still]\n|-fail|p2a: Aegislash\n|\n|-heal|p2a: Aegislash|73\/100 brn|[from] item: Leftovers\n|-damage|p2a: Aegislash|67\/100 brn|[from] brn\n|upkeep\n|turn|16\n|\n|t:|1700063709\n|move|p2a: Aegislash|King's Shield|p2a: Aegislash\n|-singleturn|p2a: Aegislash|Protect\n|move|p1a: Victini|Power-Up Punch|p2a: Aegislash\n|-activate|p2a: Aegislash|move: Protect\n|-unboost|p1a: Victini|atk|1\n|\n|-heal|p2a: Aegislash|73\/100 brn|[from] item: Leftovers\n|-damage|p2a: Aegislash|67\/100 brn|[from] brn\n|upkeep\n|turn|17\n|\n|t:|1700063718\n|-formechange|p2a: Aegislash|Aegislash-Blade||[from] ability: Stance Change\n|move|p2a: Aegislash|Shadow Sneak|p1a: Victini\n|-supereffective|p1a: Victini\n|-damage|p1a: Victini|54\/100\n|move|p1a: Victini|Trick Room|p1a: Victini\n|-fieldstart|move: Trick Room|[of] p1a: Victini\n|\n|-heal|p2a: Aegislash|73\/100 brn|[from] item: Leftovers\n|-damage|p2a: Aegislash|67\/100 brn|[from] brn\n|upkeep\n|turn|18\n|\n|t:|1700063727\n|switch|p1a: Nidoking|Nidoking, M|100\/100\n|move|p2a: Aegislash|Shadow Sneak|p1a: Nidoking\n|-damage|p1a: Nidoking|69\/100\n|\n|-heal|p2a: Aegislash|73\/100 brn|[from] item: Leftovers\n|-damage|p2a: Aegislash|67\/100 brn|[from] brn\n|upkeep\n|turn|19\n|\n|t:|1700063745\n|move|p1a: Nidoking|Earthquake|p2a: Aegislash\n|-damage|p2a: Aegislash|0 fnt\n|faint|p2a: Aegislash\n|\n|upkeep\n|\n|t:|1700063757\n|switch|p2a: Quagsire|Quagsire, M|100\/100\n|turn|20\n|\n|t:|1700063768\n|switch|p1a: Sinistcha|Sinistcha|46\/100 brn\n|move|p2a: Quagsire|Scald|p1a: Sinistcha\n|-resisted|p1a: Sinistcha\n|-damage|p1a: Sinistcha|33\/100 brn\n|\n|-heal|p1a: Sinistcha|39\/100 brn|[from] item: Leftovers\n|-damage|p1a: Sinistcha|36\/100 brn|[from] brn\n|upkeep\n|turn|21\n|\n|t:|1700063786\n|move|p2a: Quagsire|Scald|p1a: Sinistcha\n|-resisted|p1a: Sinistcha\n|-damage|p1a: Sinistcha|22\/100 brn\n|move|p1a: Sinistcha|Strength Sap|p2a: Quagsire\n|-unboost|p2a: Quagsire|atk|1\n|-heal|p1a: Sinistcha|78\/100 brn\n|\n|-heal|p1a: Sinistcha|84\/100 brn|[from] item: Leftovers\n|-damage|p1a: Sinistcha|81\/100 brn|[from] brn\n|-fieldend|move: Trick Room\n|upkeep\n|turn|22\n|\n|t:|1700063800\n|move|p1a: Sinistcha|Matcha Gotcha|p2a: Quagsire\n|-supereffective|p2a: Quagsire\n|-damage|p2a: Quagsire|0 fnt\n|-heal|p1a: Sinistcha|100\/100 brn|[from] drain|[of] p2a: Quagsire\n|faint|p2a: Quagsire\n|\n|-damage|p1a: Sinistcha|98\/100 brn|[from] brn\n|upkeep\n|\n|t:|1700063813\n|switch|p2a: Kommo-o|Kommo-o, F|100\/100\n|turn|23\n|\n|t:|1700063824\n|-zpower|p2a: Kommo-o\n|move|p2a: Kommo-o|Clangorous Soulblaze|p1a: Sinistcha|[zeffect]\n|-damage|p1a: Sinistcha|23\/100 brn\n|-boost|p2a: Kommo-o|atk|1\n|-boost|p2a: Kommo-o|def|1\n|-boost|p2a: Kommo-o|spa|1\n|-boost|p2a: Kommo-o|spd|1\n|-boost|p2a: Kommo-o|spe|1\n|move|p1a: Sinistcha|Trick Room|p1a: Sinistcha\n|-fieldstart|move: Trick Room|[of] p1a: Sinistcha\n|\n|-heal|p1a: Sinistcha|29\/100 brn|[from] item: Leftovers\n|-damage|p1a: Sinistcha|27\/100 brn|[from] brn\n|upkeep\n|turn|24\n|\n|t:|1700063840\n|move|p1a: Sinistcha|Strength Sap|p2a: Kommo-o\n|-unboost|p2a: Kommo-o|atk|1\n|-heal|p1a: Sinistcha|100\/100 brn\n|move|p2a: Kommo-o|Fire Punch|p1a: Sinistcha\n|-supereffective|p1a: Sinistcha\n|-crit|p1a: Sinistcha\n|-damage|p1a: Sinistcha|64\/100 brn\n|\n|-heal|p1a: Sinistcha|70\/100 brn|[from] item: Leftovers\n|-damage|p1a: Sinistcha|67\/100 brn|[from] brn\n|upkeep\n|turn|25\n|-message|ShadowKnightXXD forfeited.\n|\n|win|xenoswagzilla\n|raw|xenoswagzilla's rating: 1151 &rarr; <strong>1178<\/strong><br \/>(+27 for winning)\n|raw|ShadowKnightXXD's rating: 1181 &rarr; <strong>1154<\/strong><br \/>(-27 for losing)\n|l|\u2606ShadowKnightXXD\n|c|\u2606xenoswagzilla|Lol\n","uploadtime":1700063859,"views":4,"p1id":"xenoswagzilla","p2id":"shadowknightxxd","formatid":"gen9nationaldex","rating":1154,"private":0,"password":""}