{"id":"gen9nationaldex-1992877227","p1":"Raseninnegan","p2":"Ace_58","format":"[Gen 9] National Dex","log":"|j|\u2606Raseninnegan\n|j|\u2606Ace_58\n|t:|1700243156\n|gametype|singles\n|player|p1|Raseninnegan|265|1161\n|player|p2|Ace_58|acetrainer-gen4dp|1179\n|teamsize|p1|6\n|teamsize|p2|6\n|gen|9\n|tier|[Gen 9] National Dex\n|rated|\n|rule|HP Percentage Mod: HP is shown in percentages\n|rule|Endless Battle Clause: Forcing endless battles is banned\n|rule|OHKO Clause: OHKO moves are banned\n|rule|Evasion Clause: Evasion abilities, items, and moves are banned\n|rule|Evasion Abilities Clause: Evasion abilities are banned\n|rule|Evasion Items Clause: Evasion items are banned\n|rule|Evasion Moves Clause: Evasion moves are banned\n|rule|Species Clause: Limit one of each Pok\u00e9mon\n|rule|Sleep Clause Mod: Limit one foe put to sleep\n|clearpoke\n|poke|p1|Hawlucha, F|\n|poke|p1|Corviknight, F|\n|poke|p1|Tapu Koko|\n|poke|p1|Electivire, F|\n|poke|p1|Pikachu-Sinnoh, M|\n|poke|p1|Masquerain, M|\n|poke|p2|Raichu, M|\n|poke|p2|Sceptile, M|\n|poke|p2|Krookodile, M|\n|poke|p2|Noivern, M|\n|poke|p2|Samurott-Hisui, M|\n|poke|p2|Armarouge, M|\n|teampreview\n|\n|t:|1700243165\n|start\n|switch|p1a: Masquerain|Masquerain, M|100\/100\n|switch|p2a: Krookodile|Krookodile, M|100\/100\n|-ability|p2a: Krookodile|Intimidate|boost\n|-unboost|p1a: Masquerain|atk|1\n|-ability|p1a: Masquerain|Intimidate|boost\n|-unboost|p2a: Krookodile|atk|1\n|turn|1\n|\n|t:|1700243173\n|move|p2a: Krookodile|Stealth Rock|p1a: Masquerain\n|-sidestart|p1: Raseninnegan|move: Stealth Rock\n|move|p1a: Masquerain|Sticky Web|p2a: Krookodile\n|-sidestart|p2: Ace_58|move: Sticky Web\n|\n|upkeep\n|turn|2\n|\n|t:|1700243177\n|move|p2a: Krookodile|Knock Off|p1a: Masquerain\n|-damage|p1a: Masquerain|42\/100\n|-enditem|p1a: Masquerain|Focus Sash|[from] move: Knock Off|[of] p2a: Krookodile\n|move|p1a: Masquerain|Bug Buzz|p2a: Krookodile\n|-supereffective|p2a: Krookodile\n|-damage|p2a: Krookodile|0 fnt\n|faint|p2a: Krookodile\n|\n|upkeep\n|\n|t:|1700243187\n|switch|p2a: Armarouge|Armarouge, M|100\/100\n|turn|3\n|\n|t:|1700243191\n|move|p1a: Masquerain|Hydro Pump|p2a: Armarouge|[miss]\n|-miss|p1a: Masquerain|p2a: Armarouge\n|move|p2a: Armarouge|Calm Mind|p2a: Armarouge\n|-boost|p2a: Armarouge|spa|1\n|-boost|p2a: Armarouge|spd|1\n|\n|upkeep\n|turn|4\n|\n|t:|1700243197\n|move|p1a: Masquerain|Hydro Pump|p2a: Armarouge\n|-supereffective|p2a: Armarouge\n|-damage|p2a: Armarouge|38\/100\n|move|p2a: Armarouge|Calm Mind|p2a: Armarouge\n|-boost|p2a: Armarouge|spa|1\n|-boost|p2a: Armarouge|spd|1\n|\n|upkeep\n|turn|5\n|\n|t:|1700243203\n|move|p1a: Masquerain|Hydro Pump|p2a: Armarouge\n|-supereffective|p2a: Armarouge\n|-damage|p2a: Armarouge|0 fnt\n|faint|p2a: Armarouge\n|\n|upkeep\n|\n|t:|1700243209\n|switch|p2a: Noivern|Noivern, M|100\/100\n|turn|6\n|\n|t:|1700243214\n|move|p2a: Noivern|Heat Wave|p1a: Masquerain\n|-supereffective|p1a: Masquerain\n|-damage|p1a: Masquerain|0 fnt\n|faint|p1a: Masquerain\n|\n|upkeep\n|\n|t:|1700243229\n|switch|p1a: Pikachu|Pikachu-Sinnoh, M|100\/100\n|-damage|p1a: Pikachu|88\/100|[from] Stealth Rock\n|turn|7\n|\n|t:|1700243234\n|move|p2a: Noivern|Heat Wave|p1a: Pikachu\n|-damage|p1a: Pikachu|0 fnt\n|faint|p1a: Pikachu\n|\n|upkeep\n|\n|t:|1700243240\n|switch|p1a: Tapu Koko|Tapu Koko, shiny|100\/100\n|-damage|p1a: Tapu Koko|88\/100|[from] Stealth Rock\n|-fieldstart|move: Electric Terrain|[from] ability: Electric Surge|[of] p1a: Tapu Koko\n|turn|8\n|\n|t:|1700243247\n|switch|p2a: Raichu|Raichu, M|100\/100\n|-activate|p2a: Raichu|move: Sticky Web\n|-unboost|p2a: Raichu|spe|1\n|-terastallize|p1a: Tapu Koko|Fairy\n|move|p1a: Tapu Koko|Dazzling Gleam|p2a: Raichu\n|-damage|p2a: Raichu|0 fnt\n|faint|p2a: Raichu\n|\n|upkeep\n|\n|t:|1700243255\n|switch|p2a: Noivern|Noivern, M|100\/100\n|turn|9\n|\n|t:|1700243260\n|-terastallize|p2a: Noivern|Normal\n|move|p1a: Tapu Koko|Dazzling Gleam|p2a: Noivern\n|-damage|p2a: Noivern|9\/100\n|move|p2a: Noivern|Boomburst|p1a: Tapu Koko\n|-damage|p1a: Tapu Koko|0 fnt\n|faint|p1a: Tapu Koko\n|\n|upkeep\n|\n|t:|1700243268\n|switch|p1a: Hawlucha|Hawlucha, F|100\/100\n|-damage|p1a: Hawlucha|88\/100|[from] Stealth Rock\n|-enditem|p1a: Hawlucha|Electric Seed\n|-boost|p1a: Hawlucha|def|1|[from] item: Electric Seed\n|turn|10\n|\n|t:|1700243273\n|move|p1a: Hawlucha|Acrobatics|p2a: Noivern\n|-damage|p2a: Noivern|0 fnt\n|faint|p2a: Noivern\n|\n|upkeep\n|\n|t:|1700243279\n|switch|p2a: Sceptile|Sceptile, M|100\/100\n|-activate|p2a: Sceptile|move: Sticky Web\n|-unboost|p2a: Sceptile|spe|1\n|turn|11\n|\n|t:|1700243284\n|move|p1a: Hawlucha|Acrobatics|p2a: Sceptile\n|-supereffective|p2a: Sceptile\n|-damage|p2a: Sceptile|0 fnt\n|faint|p2a: Sceptile\n|\n|upkeep\n|\n|t:|1700243288\n|switch|p2a: Samurott|Samurott-Hisui, M|100\/100\n|-activate|p2a: Samurott|move: Sticky Web\n|-unboost|p2a: Samurott|spe|1\n|turn|12\n|\n|t:|1700243292\n|move|p1a: Hawlucha|Close Combat|p2a: Samurott\n|-supereffective|p2a: Samurott\n|-damage|p2a: Samurott|0 fnt\n|-unboost|p1a: Hawlucha|def|1\n|-unboost|p1a: Hawlucha|spd|1\n|faint|p2a: Samurott\n|\n|win|Raseninnegan\n|raw|Raseninnegan's rating: 1161 &rarr; <strong>1187<\/strong><br \/>(+26 for winning)\n|raw|Ace_58's rating: 1179 &rarr; <strong>1153<\/strong><br \/>(-26 for losing)\n|c|\u2606Ace_58|gg\n|c|\u2606Raseninnegan|gg\n|l|\u2606Ace_58\n","uploadtime":1700243314,"views":7,"p1id":"raseninnegan","p2id":"ace58","formatid":"gen9nationaldex","rating":1153,"private":0,"password":""}