{"id":"gen9nationaldex-1999751506","p1":"shaggysoloo","p2":"huntixv","format":"[Gen 9] National Dex","log":"|html|<div class=\"broadcast-blue\"><strong>[Gen 9] National Dex is currently suspecting Sneasler! For information on how to participate check out the <a href=\"https:\/\/www.smogon.com\/forums\/threads\/sv-national-dex-suspect-8-just-dance.3731534\/\">suspect thread<\/a>.<\/strong><\/div>\n|j|\u2606shaggysoloo\n|j|\u2606huntixv\n|t:|1701113476\n|gametype|singles\n|player|p1|shaggysoloo|1|\n|player|p2|huntixv|benga|\n|teamsize|p1|6\n|teamsize|p2|6\n|gen|9\n|tier|[Gen 9] National Dex\n|rule|HP Percentage Mod: HP is shown in percentages\n|rule|Endless Battle Clause: Forcing endless battles is banned\n|rule|OHKO Clause: OHKO moves are banned\n|rule|Evasion Clause: Evasion abilities, items, and moves are banned\n|rule|Evasion Abilities Clause: Evasion abilities are banned\n|rule|Evasion Items Clause: Evasion items are banned\n|rule|Evasion Moves Clause: Evasion moves are banned\n|rule|Species Clause: Limit one of each Pok\u00e9mon\n|rule|Sleep Clause Mod: Limit one foe put to sleep\n|clearpoke\n|poke|p1|Tyranitar, F|\n|poke|p1|Politoed, F|\n|poke|p1|Sceptile, F|\n|poke|p1|Flygon, M|\n|poke|p1|Caterpie, F|\n|poke|p1|Breloom, F|\n|poke|p2|Charizard, M|\n|poke|p2|Corviknight, F|\n|poke|p2|Grimmsnarl, M|\n|poke|p2|Hydreigon, F|\n|poke|p2|Gigalith, M|\n|poke|p2|Marowak-Alola, M|\n|teampreview\n|\n|t:|1701113502\n|start\n|switch|p1a: Caterpie|Caterpie, F|100\/100\n|switch|p2a: Grimmsnarl|Grimmsnarl, M|100\/100\n|turn|1\n|\n|t:|1701113513\n|-terastallize|p1a: Caterpie|Bug\n|move|p2a: Grimmsnarl|Shadow Claw|p1a: Caterpie\n|-damage|p1a: Caterpie|54\/100\n|move|p1a: Caterpie|Electroweb|p2a: Grimmsnarl\n|-damage|p2a: Grimmsnarl|96\/100\n|-unboost|p2a: Grimmsnarl|spe|1\n|\n|-heal|p2a: Grimmsnarl|100\/100|[from] item: Leftovers\n|upkeep\n|turn|2\n|\n|t:|1701113525\n|move|p1a: Caterpie|Electroweb|p2a: Grimmsnarl\n|-damage|p2a: Grimmsnarl|96\/100\n|-unboost|p2a: Grimmsnarl|spe|1\n|move|p2a: Grimmsnarl|Shadow Claw|p1a: Caterpie\n|-damage|p1a: Caterpie|7\/100\n|\n|-heal|p2a: Grimmsnarl|100\/100|[from] item: Leftovers\n|upkeep\n|turn|3\n|\n|t:|1701113537\n|move|p1a: Caterpie|Electroweb|p2a: Grimmsnarl\n|-damage|p2a: Grimmsnarl|96\/100\n|-unboost|p2a: Grimmsnarl|spe|1\n|move|p2a: Grimmsnarl|Ice Punch|p1a: Caterpie\n|-damage|p1a: Caterpie|0 fnt\n|faint|p1a: Caterpie\n|\n|-heal|p2a: Grimmsnarl|100\/100|[from] item: Leftovers\n|upkeep\n|\n|t:|1701113555\n|switch|p1a: Sceptile|Sceptile, F|100\/100\n|turn|4\n|\n|t:|1701113561\n|move|p2a: Grimmsnarl|Thunder Wave|p1a: Sceptile\n|-status|p1a: Sceptile|par\n|cant|p1a: Sceptile|par\n|\n|upkeep\n|turn|5\n|\n|t:|1701113570\n|move|p1a: Sceptile|Rock Slide|p2a: Grimmsnarl\n|-damage|p2a: Grimmsnarl|77\/100\n|cant|p2a: Grimmsnarl|flinch\n|\n|-heal|p2a: Grimmsnarl|83\/100|[from] item: Leftovers\n|upkeep\n|turn|6\n|\n|t:|1701113580\n|move|p1a: Sceptile|Dragon Claw|p2a: Grimmsnarl\n|-immune|p2a: Grimmsnarl\n|move|p2a: Grimmsnarl|Ice Punch|p1a: Sceptile\n|-supereffective|p1a: Sceptile\n|-damage|p1a: Sceptile|24\/100 par\n|-enditem|p1a: Sceptile|Aguav Berry|[eat]\n|-heal|p1a: Sceptile|57\/100 par|[from] item: Aguav Berry\n|\n|-heal|p2a: Grimmsnarl|89\/100|[from] item: Leftovers\n|upkeep\n|turn|7\n|\n|t:|1701113595\n|move|p1a: Sceptile|Leaf Storm|p2a: Grimmsnarl\n|-damage|p2a: Grimmsnarl|35\/100\n|-unboost|p1a: Sceptile|spa|2\n|move|p2a: Grimmsnarl|Drain Punch|p1a: Sceptile\n|-damage|p1a: Sceptile|18\/100 par\n|-heal|p2a: Grimmsnarl|52\/100|[from] drain|[of] p1a: Sceptile\n|\n|-heal|p2a: Grimmsnarl|58\/100|[from] item: Leftovers\n|upkeep\n|turn|8\n|\n|t:|1701113612\n|move|p1a: Sceptile|Leaf Storm|p2a: Grimmsnarl\n|-damage|p2a: Grimmsnarl|16\/100\n|-unboost|p1a: Sceptile|spa|2\n|move|p2a: Grimmsnarl|Ice Punch|p1a: Sceptile\n|-supereffective|p1a: Sceptile\n|-damage|p1a: Sceptile|0 fnt\n|faint|p1a: Sceptile\n|\n|-heal|p2a: Grimmsnarl|22\/100|[from] item: Leftovers\n|upkeep\n|\n|t:|1701113624\n|switch|p1a: Politoed|Politoed, F|100\/100\n|turn|9\n|\n|t:|1701113633\n|move|p1a: Politoed|Endeavor|p2a: Grimmsnarl\n|-immune|p2a: Grimmsnarl\n|move|p2a: Grimmsnarl|Drain Punch|p1a: Politoed\n|-damage|p1a: Politoed|76\/100\n|-heal|p2a: Grimmsnarl|33\/100|[from] drain|[of] p1a: Politoed\n|\n|-heal|p2a: Grimmsnarl|39\/100|[from] item: Leftovers\n|upkeep\n|turn|10\n|\n|t:|1701113646\n|move|p1a: Politoed|Hydro Pump|p2a: Grimmsnarl\n|-damage|p2a: Grimmsnarl|1\/100\n|move|p2a: Grimmsnarl|Shadow Claw|p1a: Politoed\n|-damage|p1a: Politoed|49\/100\n|\n|-heal|p2a: Grimmsnarl|7\/100|[from] item: Leftovers\n|upkeep\n|turn|11\n|\n|t:|1701113667\n|switch|p2a: Hydreigon|Hydreigon, F|100\/100\n|move|p1a: Politoed|Hydro Pump|p2a: Hydreigon\n|-resisted|p2a: Hydreigon\n|-damage|p2a: Hydreigon|84\/100\n|\n|-heal|p2a: Hydreigon|90\/100|[from] item: Leftovers\n|upkeep\n|turn|12\n|\n|t:|1701113677\n|move|p2a: Hydreigon|Toxic|p1a: Politoed\n|-status|p1a: Politoed|tox\n|move|p1a: Politoed|Endeavor|p2a: Hydreigon\n|-damage|p2a: Hydreigon|46\/100\n|\n|-heal|p2a: Hydreigon|52\/100|[from] item: Leftovers\n|-damage|p1a: Politoed|42\/100 tox|[from] psn\n|upkeep\n|turn|13\n|\n|t:|1701113690\n|move|p2a: Hydreigon|Hydro Pump|p1a: Politoed\n|-heal|p1a: Politoed|67\/100 tox|[from] ability: Water Absorb|[of] p2a: Hydreigon\n|move|p1a: Politoed|Endeavor|p2a: Hydreigon\n|-immune|p2a: Hydreigon\n|\n|-heal|p2a: Hydreigon|58\/100|[from] item: Leftovers\n|-damage|p1a: Politoed|55\/100 tox|[from] psn\n|upkeep\n|turn|14\n|\n|t:|1701113704\n|move|p2a: Hydreigon|Fire Blast|p1a: Politoed\n|-resisted|p1a: Politoed\n|-damage|p1a: Politoed|40\/100 tox\n|move|p1a: Politoed|Hydro Pump|p2a: Hydreigon\n|-resisted|p2a: Hydreigon\n|-damage|p2a: Hydreigon|41\/100\n|\n|-heal|p2a: Hydreigon|47\/100|[from] item: Leftovers\n|-damage|p1a: Politoed|21\/100 tox|[from] psn\n|upkeep\n|turn|15\n|\n|t:|1701113717\n|switch|p2a: Corviknight|Corviknight, F|100\/100\n|-ability|p2a: Corviknight|Pressure\n|move|p1a: Politoed|Earthquake|p2a: Corviknight\n|-immune|p2a: Corviknight\n|\n|-damage|p1a: Politoed|0 fnt|[from] psn\n|faint|p1a: Politoed\n|upkeep\n|\n|t:|1701113731\n|switch|p1a: Tyranitar|Tyranitar, F|100\/100\n|-weather|Sandstorm|[from] ability: Sand Stream|[of] p1a: Tyranitar\n|turn|16\n|\n|t:|1701113741\n|detailschange|p1a: Tyranitar|Tyranitar-Mega, F\n|-mega|p1a: Tyranitar|Tyranitar|Tyranitarite\n|move|p2a: Corviknight|Iron Head|p1a: Tyranitar\n|-supereffective|p1a: Tyranitar\n|-damage|p1a: Tyranitar|69\/100\n|move|p1a: Tyranitar|Fire Blast|p2a: Corviknight\n|-supereffective|p2a: Corviknight\n|-damage|p2a: Corviknight|54\/100\n|\n|-weather|Sandstorm|[upkeep]\n|-heal|p2a: Corviknight|60\/100|[from] item: Leftovers\n|upkeep\n|turn|17\n|\n|t:|1701113754\n|move|p2a: Corviknight|Hyper Beam|p1a: Tyranitar\n|-resisted|p1a: Tyranitar\n|-damage|p1a: Tyranitar|64\/100\n|-mustrecharge|p2a: Corviknight\n|move|p1a: Tyranitar|Thunder|p2a: Corviknight|[miss]\n|-miss|p1a: Tyranitar|p2a: Corviknight\n|\n|-weather|Sandstorm|[upkeep]\n|-heal|p2a: Corviknight|66\/100|[from] item: Leftovers\n|upkeep\n|turn|18\n|\n|t:|1701113781\n|cant|p2a: Corviknight|recharge\n|move|p1a: Tyranitar|Thunder|p2a: Corviknight|[miss]\n|-miss|p1a: Tyranitar|p2a: Corviknight\n|\n|-weather|Sandstorm|[upkeep]\n|-heal|p2a: Corviknight|72\/100|[from] item: Leftovers\n|upkeep\n|turn|19\n|\n|t:|1701113793\n|move|p2a: Corviknight|Iron Head|p1a: Tyranitar\n|-supereffective|p1a: Tyranitar\n|-damage|p1a: Tyranitar|32\/100\n|move|p1a: Tyranitar|Fire Blast|p2a: Corviknight\n|-supereffective|p2a: Corviknight\n|-damage|p2a: Corviknight|25\/100\n|\n|-weather|Sandstorm|[upkeep]\n|-heal|p2a: Corviknight|31\/100|[from] item: Leftovers\n|upkeep\n|turn|20\n|\n|t:|1701113804\n|move|p2a: Corviknight|Iron Head|p1a: Tyranitar\n|-supereffective|p1a: Tyranitar\n|-damage|p1a: Tyranitar|2\/100\n|move|p1a: Tyranitar|Fire Blast|p2a: Corviknight\n|-supereffective|p2a: Corviknight\n|-damage|p2a: Corviknight|0 fnt\n|faint|p2a: Corviknight\n|\n|-weather|none\n|upkeep\n|\n|t:|1701113825\n|switch|p2a: Gigalith|Gigalith, M|100\/100\n|-weather|Sandstorm|[from] ability: Sand Stream|[of] p2a: Gigalith\n|turn|21\n|\n|t:|1701113837\n|move|p1a: Tyranitar|Fire Blast|p2a: Gigalith\n|-resisted|p2a: Gigalith\n|-damage|p2a: Gigalith|90\/100\n|move|p2a: Gigalith|Rock Slide|p1a: Tyranitar|[miss]\n|-miss|p2a: Gigalith|p1a: Tyranitar\n|\n|-weather|Sandstorm|[upkeep]\n|-heal|p2a: Gigalith|97\/100|[from] item: Leftovers\n|upkeep\n|turn|22\n|\n|t:|1701113852\n|switch|p2a: Hydreigon|Hydreigon, F|47\/100\n|move|p1a: Tyranitar|Dragon Pulse|p2a: Hydreigon\n|-supereffective|p2a: Hydreigon\n|-damage|p2a: Hydreigon|11\/100\n|\n|-weather|Sandstorm|[upkeep]\n|-damage|p2a: Hydreigon|5\/100|[from] Sandstorm\n|-heal|p2a: Hydreigon|11\/100|[from] item: Leftovers\n|upkeep\n|turn|23\n|\n|t:|1701113869\n|move|p2a: Hydreigon|Hydro Pump|p1a: Tyranitar\n|-supereffective|p1a: Tyranitar\n|-damage|p1a: Tyranitar|0 fnt\n|faint|p1a: Tyranitar\n|\n|-weather|Sandstorm|[upkeep]\n|-damage|p2a: Hydreigon|5\/100|[from] Sandstorm\n|-heal|p2a: Hydreigon|11\/100|[from] item: Leftovers\n|upkeep\n|\n|t:|1701113877\n|switch|p1a: Flygon|Flygon, M|100\/100\n|turn|24\n|\n|t:|1701113891\n|move|p1a: Flygon|Draco Meteor|p2a: Hydreigon\n|-supereffective|p2a: Hydreigon\n|-damage|p2a: Hydreigon|0 fnt\n|-unboost|p1a: Flygon|spa|2\n|faint|p2a: Hydreigon\n|\n|-weather|Sandstorm|[upkeep]\n|upkeep\n|\n|t:|1701113901\n|switch|p2a: Charizard|Charizard, M|100\/100\n|turn|25\n|\n|t:|1701113908\n|detailschange|p2a: Charizard|Charizard-Mega-X, M\n|-mega|p2a: Charizard|Charizard|Charizardite X\n|move|p1a: Flygon|Draco Meteor|p2a: Charizard\n|-supereffective|p2a: Charizard\n|-damage|p2a: Charizard|56\/100\n|-unboost|p1a: Flygon|spa|2\n|move|p2a: Charizard|Air Slash|p1a: Flygon\n|-damage|p1a: Flygon|76\/100\n|\n|-weather|none\n|upkeep\n|turn|26\n|\n|t:|1701113921\n|move|p1a: Flygon|Draco Meteor|p2a: Charizard\n|-supereffective|p2a: Charizard\n|-damage|p2a: Charizard|30\/100\n|-unboost|p1a: Flygon|spa|2\n|move|p2a: Charizard|Dual Wingbeat|p1a: Flygon\n|-damage|p1a: Flygon|59\/100\n|-damage|p1a: Flygon|42\/100\n|-hitcount|p1a: Flygon|2\n|\n|upkeep\n|turn|27\n|\n|t:|1701113938\n|switch|p2a: Marowak|Marowak-Alola, M|100\/100\n|move|p1a: Flygon|Draco Meteor|p2a: Marowak\n|-damage|p2a: Marowak|88\/100\n|-start|p1a: Flygon|Disable|Draco Meteor|[from] ability: Cursed Body|[of] p2a: Marowak\n|\n|-heal|p2a: Marowak|94\/100|[from] item: Leftovers\n|upkeep\n|turn|28\n|\n|t:|1701113959\n|switch|p1a: Breloom|Breloom, F|100\/100\n|-singleturn|p2a: Marowak|move: Focus Punch\n|move|p2a: Marowak|Focus Punch|p1a: Breloom\n|-damage|p1a: Breloom|51\/100\n|-status|p2a: Marowak|slp|[from] ability: Effect Spore|[of] p1a: Breloom\n|\n|-heal|p2a: Marowak|99\/100 slp|[from] item: Leftovers\n|upkeep\n|turn|29\n|\n|t:|1701113971\n|-singleturn|p2a: Marowak|move: Focus Punch\n|cant|p2a: Marowak|slp\n|move|p1a: Breloom|Counter||[still]\n|-fail|p1a: Breloom\n|\n|-heal|p2a: Marowak|100\/100 slp|[from] item: Leftovers\n|upkeep\n|turn|30\n|\n|t:|1701113985\n|switch|p2a: Gigalith|Gigalith, M|97\/100\n|-weather|Sandstorm|[from] ability: Sand Stream|[of] p2a: Gigalith\n|move|p1a: Breloom|Close Combat|p2a: Gigalith\n|-supereffective|p2a: Gigalith\n|-damage|p2a: Gigalith|16\/100\n|-unboost|p1a: Breloom|def|1\n|-unboost|p1a: Breloom|spd|1\n|\n|-weather|Sandstorm|[upkeep]\n|-damage|p1a: Breloom|45\/100|[from] Sandstorm\n|-heal|p2a: Gigalith|23\/100|[from] item: Leftovers\n|upkeep\n|turn|31\n|\n|t:|1701114001\n|move|p2a: Gigalith|Superpower|p1a: Breloom\n|-damage|p1a: Breloom|0 fnt\n|-unboost|p2a: Gigalith|atk|1\n|-unboost|p2a: Gigalith|def|1\n|faint|p1a: Breloom\n|\n|-weather|Sandstorm|[upkeep]\n|-heal|p2a: Gigalith|29\/100|[from] item: Leftovers\n|upkeep\n|\n|t:|1701114013\n|switch|p1a: Flygon|Flygon, M|42\/100\n|turn|32\n|\n|t:|1701114023\n|move|p1a: Flygon|Draco Meteor|p2a: Gigalith\n|-damage|p2a: Gigalith|0 fnt\n|-unboost|p1a: Flygon|spa|2\n|faint|p2a: Gigalith\n|\n|-weather|Sandstorm|[upkeep]\n|upkeep\n|\n|t:|1701114033\n|switch|p2a: Marowak|Marowak-Alola, M|100\/100 slp\n|turn|33\n|\n|t:|1701114038\n|move|p1a: Flygon|Draco Meteor|p2a: Marowak\n|-damage|p2a: Marowak|75\/100 slp\n|-unboost|p1a: Flygon|spa|2\n|cant|p2a: Marowak|slp\n|\n|-weather|Sandstorm|[upkeep]\n|-damage|p2a: Marowak|68\/100 slp|[from] Sandstorm\n|-heal|p2a: Marowak|75\/100 slp|[from] item: Leftovers\n|upkeep\n|turn|34\n|\n|t:|1701114068\n|switch|p2a: Grimmsnarl|Grimmsnarl, M|7\/100\n|move|p1a: Flygon|Draco Meteor|p2a: Grimmsnarl\n|-immune|p2a: Grimmsnarl\n|\n|-weather|none\n|-heal|p2a: Grimmsnarl|13\/100|[from] item: Leftovers\n|upkeep\n|turn|35\n|\n|t:|1701114083\n|move|p1a: Flygon|Draco Meteor|p2a: Grimmsnarl\n|-immune|p2a: Grimmsnarl\n|move|p2a: Grimmsnarl|Drain Punch|p1a: Flygon\n|-damage|p1a: Flygon|16\/100\n|-heal|p2a: Grimmsnarl|24\/100|[from] drain|[of] p1a: Flygon\n|\n|-heal|p2a: Grimmsnarl|30\/100|[from] item: Leftovers\n|upkeep\n|turn|36\n|\n|t:|1701114107\n|-activate|p1a: Flygon|move: Struggle\n|move|p1a: Flygon|Struggle|p2a: Grimmsnarl\n|-damage|p2a: Grimmsnarl|13\/100\n|-damage|p1a: Flygon|0 fnt|[from] recoil\n|faint|p1a: Flygon\n|\n|win|huntixv\n","uploadtime":1701114123,"views":5,"p1id":"shaggysoloo","p2id":"huntixv","formatid":"gen9nationaldex","rating":0,"private":0,"password":""}