{"id":"gen9nationaldex-1987324503","p1":"endmy","p2":"Jor99fran","format":"[Gen 9] National Dex","log":"|j|\u2606endmy\n|j|\u2606Jor99fran\n|t:|1699577605\n|gametype|singles\n|player|p1|endmy|unknown|\n|player|p2|Jor99fran|169|\n|teamsize|p1|6\n|teamsize|p2|6\n|gen|9\n|tier|[Gen 9] National Dex\n|rule|HP Percentage Mod: HP is shown in percentages\n|rule|Endless Battle Clause: Forcing endless battles is banned\n|rule|OHKO Clause: OHKO moves are banned\n|rule|Evasion Clause: Evasion abilities, items, and moves are banned\n|rule|Evasion Abilities Clause: Evasion abilities are banned\n|rule|Evasion Items Clause: Evasion items are banned\n|rule|Evasion Moves Clause: Evasion moves are banned\n|rule|Species Clause: Limit one of each Pok\u00e9mon\n|rule|Sleep Clause Mod: Limit one foe put to sleep\n|clearpoke\n|poke|p1|Whimsicott, F|\n|poke|p1|Gardevoir, F|\n|poke|p1|Iron Valiant|\n|poke|p1|Klefki, F|\n|poke|p1|Mawile, M|\n|poke|p1|Clefable, F|\n|poke|p2|Lucario, M|\n|poke|p2|Toxapex, F|\n|poke|p2|Aegislash, F|\n|poke|p2|Dragonite, F|\n|poke|p2|Aerodactyl, M|\n|poke|p2|Mimikyu, M|\n|teampreview\n|j| N3ROZ3RO\n|\n|t:|1699577629\n|start\n|switch|p1a: Klefki|Klefki, F, shiny|100\/100\n|switch|p2a: Toxapex|Toxapex, F|100\/100\n|turn|1\n|\n|t:|1699577644\n|move|p1a: Klefki|Light Screen|p1a: Klefki\n|-sidestart|p1: endmy|move: Light Screen\n|move|p2a: Toxapex|Toxic Spikes|p1a: Klefki\n|-sidestart|p1: endmy|move: Toxic Spikes\n|\n|upkeep\n|turn|2\n|\n|t:|1699577650\n|move|p1a: Klefki|Thunder Wave|p2a: Toxapex\n|-status|p2a: Toxapex|par\n|move|p2a: Toxapex|Scald|p1a: Klefki\n|-damage|p1a: Klefki|88\/100\n|\n|upkeep\n|turn|3\n|\n|t:|1699577656\n|move|p1a: Klefki|Spikes|p2a: Toxapex\n|-sidestart|p2: Jor99fran|Spikes\n|cant|p2a: Toxapex|par\n|\n|upkeep\n|turn|4\n|\n|t:|1699577663\n|move|p1a: Klefki|Spikes|p2a: Toxapex\n|-sidestart|p2: Jor99fran|Spikes\n|cant|p2a: Toxapex|par\n|\n|upkeep\n|turn|5\n|\n|t:|1699577668\n|move|p1a: Klefki|Spikes|p2a: Toxapex\n|-sidestart|p2: Jor99fran|Spikes\n|move|p2a: Toxapex|Toxic Spikes|p1a: Klefki\n|-sidestart|p1: endmy|move: Toxic Spikes\n|\n|upkeep\n|turn|6\n|\n|t:|1699577682\n|move|p1a: Klefki|Reflect|p1a: Klefki\n|-sidestart|p1: endmy|Reflect\n|cant|p2a: Toxapex|par\n|\n|upkeep\n|turn|7\n|l|\u2606endmy\n|player|p1|\n|j|\u2606endmy\n|player|p1|endmy|unknown\n|\n|t:|1699577793\n|switch|p1a: Clefable|Clefable, F|100\/100\n|-status|p1a: Clefable|tox\n|move|p2a: Toxapex|Scald|p1a: Clefable\n|-damage|p1a: Clefable|92\/100 tox\n|\n|upkeep\n|turn|8\n|\n|t:|1699577824\n|move|p1a: Clefable|Belly Drum|p1a: Clefable\n|-damage|p1a: Clefable|42\/100 tox\n|-setboost|p1a: Clefable|atk|6|[from] move: Belly Drum\n|cant|p2a: Toxapex|par\n|\n|-sideend|p1: endmy|move: Light Screen\n|upkeep\n|turn|9\n|l|\u2606endmy\n|player|p1|\n|j|\u2606endmy\n|player|p1|endmy|unknown\n|\n|t:|1699578034\n|move|p1a: Clefable|Double-Edge|p2a: Toxapex\n|-crit|p2a: Toxapex\n|-damage|p2a: Toxapex|0 fnt\n|faint|p2a: Toxapex\n|\n|upkeep\n|\n|t:|1699578045\n|switch|p2a: Dragonite|Dragonite, F|100\/100\n|turn|10\n|\n|t:|1699578062\n|-terastallize|p2a: Dragonite|Normal\n|move|p2a: Dragonite|Extreme Speed|p1a: Clefable\n|-damage|p1a: Clefable|11\/100 tox\n|move|p1a: Clefable|Double-Edge|p2a: Dragonite\n|-damage|p2a: Dragonite|14\/100\n|\n|upkeep\n|turn|11\n|\n|t:|1699578082\n|move|p2a: Dragonite|Extreme Speed|p1a: Clefable\n|-damage|p1a: Clefable|0 fnt\n|faint|p1a: Clefable\n|\n|upkeep\n|\n|t:|1699578109\n|switch|p1a: Whimsicott|Whimsicott, F|100\/100\n|-status|p1a: Whimsicott|tox\n|turn|12\n|\n|t:|1699578125\n|move|p2a: Dragonite|Extreme Speed|p1a: Whimsicott\n|-damage|p1a: Whimsicott|83\/100 tox\n|move|p1a: Whimsicott|U-turn|p2a: Dragonite\n|-crit|p2a: Dragonite\n|-damage|p2a: Dragonite|0 fnt\n|faint|p2a: Dragonite\n|\n|t:|1699578137\n|switch|p1a: Klefki|Klefki, F, shiny|88\/100|[from] U-turn\n|\n|upkeep\n|\n|t:|1699578153\n|switch|p2a: Lucario|Lucario, M|100\/100\n|-damage|p2a: Lucario|76\/100|[from] Spikes\n|turn|13\n|\n|t:|1699578183\n|move|p1a: Klefki|Reflect||[still]\n|-fail|p1a: Klefki\n|move|p2a: Lucario|Focus Blast|p1a: Klefki|[miss]\n|-miss|p2a: Lucario|p1a: Klefki\n|\n|-sideend|p1: endmy|Reflect\n|upkeep\n|turn|14\n|\n|t:|1699578198\n|move|p1a: Klefki|Thunder Wave|p2a: Lucario\n|-status|p2a: Lucario|par\n|move|p2a: Lucario|Focus Blast|p1a: Klefki\n|-damage|p1a: Klefki|0 fnt\n|faint|p1a: Klefki\n|-damage|p2a: Lucario|66\/100 par|[from] item: Life Orb\n|\n|upkeep\n|\n|t:|1699578213\n|switch|p1a: Iron Valiant|Iron Valiant|100\/100\n|-status|p1a: Iron Valiant|tox\n|-enditem|p1a: Iron Valiant|Booster Energy\n|-activate|p1a: Iron Valiant|ability: Quark Drive|[fromitem]\n|-start|p1a: Iron Valiant|quarkdrivespe\n|turn|15\n|\n|t:|1699578248\n|move|p1a: Iron Valiant|Thunderbolt|p2a: Lucario\n|-damage|p2a: Lucario|14\/100 par\n|move|p2a: Lucario|Flash Cannon|p1a: Iron Valiant\n|-supereffective|p1a: Iron Valiant\n|-damage|p1a: Iron Valiant|0 fnt\n|faint|p1a: Iron Valiant\n|-end|p1a: Iron Valiant|Quark Drive|[silent]\n|-damage|p2a: Lucario|4\/100 par|[from] item: Life Orb\n|\n|upkeep\n|\n|t:|1699578261\n|switch|p1a: Whimsicott|Whimsicott, F|83\/100 tox\n|turn|16\n|\n|t:|1699578267\n|move|p1a: Whimsicott|U-turn|p2a: Lucario\n|-resisted|p2a: Lucario\n|-damage|p2a: Lucario|0 fnt\n|faint|p2a: Lucario\n|\n|t:|1699578275\n|switch|p1a: Mawile|Mawile, M|100\/100|[from] U-turn\n|\n|upkeep\n|\n|t:|1699578280\n|switch|p2a: Aegislash|Aegislash, F|100\/100\n|-damage|p2a: Aegislash|75\/100|[from] Spikes\n|turn|17\n|\n|t:|1699578293\n|detailschange|p1a: Mawile|Mawile-Mega, M\n|-mega|p1a: Mawile|Mawile|Mawilite\n|move|p2a: Aegislash|King's Shield|p2a: Aegislash\n|-singleturn|p2a: Aegislash|Protect\n|move|p1a: Mawile|Swords Dance|p1a: Mawile\n|-boost|p1a: Mawile|atk|2\n|\n|upkeep\n|turn|18\n|\n|t:|1699578310\n|move|p1a: Mawile|Sucker Punch|p2a: Aegislash\n|-supereffective|p2a: Aegislash\n|-damage|p2a: Aegislash|0 fnt\n|faint|p2a: Aegislash\n|\n|upkeep\n|\n|t:|1699578317\n|switch|p2a: Aerodactyl|Aerodactyl, M|100\/100\n|turn|19\n|\n|t:|1699578327\n|detailschange|p2a: Aerodactyl|Aerodactyl-Mega, M\n|-mega|p2a: Aerodactyl|Aerodactyl|Aerodactylite\n|move|p2a: Aerodactyl|Earthquake|p1a: Mawile\n|-supereffective|p1a: Mawile\n|-damage|p1a: Mawile|29\/100\n|move|p1a: Mawile|Iron Head|p2a: Aerodactyl\n|-supereffective|p2a: Aerodactyl\n|-damage|p2a: Aerodactyl|0 fnt\n|faint|p2a: Aerodactyl\n|\n|upkeep\n|\n|t:|1699578336\n|switch|p2a: Mimikyu|Mimikyu, M|100\/100\n|-damage|p2a: Mimikyu|76\/100|[from] Spikes\n|turn|20\n|\n|t:|1699578352\n|switch|p1a: Whimsicott|Whimsicott, F|83\/100 tox\n|move|p2a: Mimikyu|Play Rough|p1a: Whimsicott\n|-crit|p1a: Whimsicott\n|-damage|p1a: Whimsicott|20\/100 tox\n|-damage|p2a: Mimikyu|66\/100|[from] item: Life Orb\n|\n|-heal|p1a: Whimsicott|26\/100 tox|[from] item: Leftovers\n|-damage|p1a: Whimsicott|20\/100 tox|[from] psn\n|upkeep\n|turn|21\n|\n|t:|1699578378\n|move|p2a: Mimikyu|Shadow Sneak|p1a: Whimsicott\n|-damage|p1a: Whimsicott|0 fnt\n|faint|p1a: Whimsicott\n|-damage|p2a: Mimikyu|56\/100|[from] item: Life Orb\n|\n|upkeep\n|\n|t:|1699578385\n|switch|p1a: Gardevoir|Gardevoir, F|100\/100\n|-status|p1a: Gardevoir|tox\n|turn|22\n|\n|t:|1699578401\n|move|p1a: Gardevoir|Psychic|p2a: Mimikyu\n|-activate|p2a: Mimikyu|ability: Disguise\n|-damage|p2a: Mimikyu|56\/100\n|detailschange|p2a: Mimikyu|Mimikyu-Busted, M\n|-damage|p2a: Mimikyu|44\/100|[from] pokemon: Mimikyu-Busted\n|move|p2a: Mimikyu|Swords Dance|p2a: Mimikyu\n|-boost|p2a: Mimikyu|atk|2\n|\n|-damage|p1a: Gardevoir|94\/100 tox|[from] psn\n|upkeep\n|turn|23\n|\n|t:|1699578426\n|move|p1a: Gardevoir|Psychic|p2a: Mimikyu\n|-damage|p2a: Mimikyu|0 fnt\n|faint|p2a: Mimikyu\n|\n|win|endmy\n","uploadtime":1699578434,"views":20,"p1id":"endmy","p2id":"jor99fran","formatid":"gen9nationaldex","rating":0,"private":0,"password":""}