{"id":"gen9nationaldex-1999487198","p1":"KodIdel","p2":"shaggysoloo","format":"[Gen 9] National Dex","log":"|html|<div class=\"broadcast-blue\"><strong>[Gen 9] National Dex is currently suspecting Sneasler! For information on how to participate check out the <a href=\"https:\/\/www.smogon.com\/forums\/threads\/sv-national-dex-suspect-8-just-dance.3731534\/\">suspect thread<\/a>.<\/strong><\/div>\n|j|\u2606KodIdel\n|j|\u2606shaggysoloo\n|t:|1701087871\n|gametype|singles\n|player|p1|KodIdel|wallace|\n|player|p2|shaggysoloo|101|\n|teamsize|p1|6\n|teamsize|p2|6\n|gen|9\n|tier|[Gen 9] National Dex\n|rule|HP Percentage Mod: HP is shown in percentages\n|rule|Endless Battle Clause: Forcing endless battles is banned\n|rule|OHKO Clause: OHKO moves are banned\n|rule|Evasion Clause: Evasion abilities, items, and moves are banned\n|rule|Evasion Abilities Clause: Evasion abilities are banned\n|rule|Evasion Items Clause: Evasion items are banned\n|rule|Evasion Moves Clause: Evasion moves are banned\n|rule|Species Clause: Limit one of each Pok\u00e9mon\n|rule|Sleep Clause Mod: Limit one foe put to sleep\n|clearpoke\n|poke|p1|Cinderace, M|\n|poke|p1|Orbeetle, F|\n|poke|p1|Drednaw, M|\n|poke|p1|Grimmsnarl, M|\n|poke|p1|Duraludon, F|\n|poke|p1|Toxtricity, F|\n|poke|p2|Kingdra, M|\n|poke|p2|Houndoom, F|\n|poke|p2|Granbull, F|\n|poke|p2|Feraligatr, M|\n|poke|p2|Scizor, M|\n|poke|p2|Ampharos, M|\n|teampreview\n|\n|t:|1701087880\n|start\n|switch|p1a: Toxtricity|Toxtricity, F, shiny|100\/100\n|switch|p2a: Granbull|Granbull, F|100\/100\n|-ability|p2a: Granbull|Intimidate|boost\n|-unboost|p1a: Toxtricity|atk|1\n|turn|1\n|\n|t:|1701087928\n|-terastallize|p2a: Granbull|Fairy\n|move|p1a: Toxtricity|Boomburst|p2a: Granbull\n|-damage|p2a: Granbull|0 fnt\n|faint|p2a: Granbull\n|\n|upkeep\n|\n|t:|1701087938\n|switch|p2a: Feraligatr|Feraligatr, M|100\/100\n|turn|2\n|\n|t:|1701087943\n|move|p1a: Toxtricity|Boomburst|p2a: Feraligatr\n|-damage|p2a: Feraligatr|0 fnt\n|faint|p2a: Feraligatr\n|\n|upkeep\n|\n|t:|1701087965\n|switch|p2a: Ampharos|Ampharos, M|100\/100\n|turn|3\n|\n|t:|1701087974\n|detailschange|p2a: Ampharos|Ampharos-Mega, M\n|-mega|p2a: Ampharos|Ampharos|Ampharosite\n|-ability|p2a: Ampharos|Mold Breaker\n|move|p1a: Toxtricity|Boomburst|p2a: Ampharos\n|-damage|p2a: Ampharos|17\/100\n|move|p2a: Ampharos|Dragon Pulse|p1a: Toxtricity\n|-damage|p1a: Toxtricity|25\/100\n|\n|upkeep\n|turn|4\n|\n|t:|1701087984\n|move|p1a: Toxtricity|Boomburst|p2a: Ampharos\n|-damage|p2a: Ampharos|0 fnt\n|faint|p2a: Ampharos\n|\n|upkeep\n|\n|t:|1701087989\n|switch|p2a: Kingdra|Kingdra, M, shiny|100\/100\n|turn|5\n|\n|t:|1701087996\n|move|p1a: Toxtricity|Boomburst|p2a: Kingdra\n|-damage|p2a: Kingdra|0 fnt\n|faint|p2a: Kingdra\n|\n|upkeep\n|\n|t:|1701088002\n|switch|p2a: Houndoom|Houndoom, F|100\/100\n|turn|6\n|\n|t:|1701088012\n|move|p1a: Toxtricity|Boomburst|p2a: Houndoom\n|-damage|p2a: Houndoom|24\/100\n|move|p2a: Houndoom|Crunch|p1a: Toxtricity\n|-damage|p1a: Toxtricity|0 fnt\n|faint|p1a: Toxtricity\n|\n|upkeep\n|\n|t:|1701088028\n|switch|p1a: Grimmsnarl|Grimmsnarl, M, shiny|100\/100\n|turn|7\n|\n|t:|1701088049\n|move|p2a: Houndoom|Iron Tail|p1a: Grimmsnarl\n|-supereffective|p1a: Grimmsnarl\n|-damage|p1a: Grimmsnarl|52\/100\n|move|p1a: Grimmsnarl|Play Rough|p2a: Houndoom\n|-damage|p2a: Houndoom|0 fnt\n|faint|p2a: Houndoom\n|\n|upkeep\n|\n|t:|1701088055\n|switch|p2a: Scizor|Scizor, M, shiny|100\/100\n|turn|8\n|\n|t:|1701088084\n|move|p2a: Scizor|Close Combat|p1a: Grimmsnarl\n|-damage|p1a: Grimmsnarl|15\/100\n|-unboost|p2a: Scizor|def|1\n|-unboost|p2a: Scizor|spd|1\n|move|p1a: Grimmsnarl|Darkest Lariat|p2a: Scizor\n|-damage|p2a: Scizor|59\/100\n|\n|upkeep\n|turn|9\n|\n|t:|1701088095\n|move|p1a: Grimmsnarl|Light Screen|p1a: Grimmsnarl\n|-sidestart|p1: KodIdel|move: Light Screen\n|move|p2a: Scizor|Bug Buzz|p1a: Grimmsnarl\n|-damage|p1a: Grimmsnarl|0 fnt\n|faint|p1a: Grimmsnarl\n|\n|upkeep\n|\n|t:|1701088106\n|switch|p1a: Cinderace|Cinderace, M, shiny|100\/100\n|turn|10\n|\n|t:|1701088115\n|-terastallize|p1a: Cinderace|Fire\n|move|p1a: Cinderace|Pyro Ball|p2a: Scizor\n|-supereffective|p2a: Scizor\n|-damage|p2a: Scizor|0 fnt\n|faint|p2a: Scizor\n|\n|win|KodIdel\n","uploadtime":1701088124,"views":11,"p1id":"kodidel","p2id":"shaggysoloo","formatid":"gen9nationaldex","rating":0,"private":0,"password":""}