{"id":"gen9nationaldex-1999041719","p1":"vheneko","p2":"the bugcatcher pr","format":"[Gen 9] National Dex","log":"|html|<div class=\"broadcast-blue\"><strong>[Gen 9] National Dex is currently suspecting Sneasler! For information on how to participate check out the <a href=\"https:\/\/www.smogon.com\/forums\/threads\/sv-national-dex-suspect-8-just-dance.3731534\/\">suspect thread<\/a>.<\/strong><\/div>\n|j|\u2606vheneko\n|j|\u2606the bugcatcher pr\n|t:|1701026911\n|gametype|singles\n|player|p1|vheneko|depotagent|1353\n|player|p2|the bugcatcher pr|sabrina|1323\n|teamsize|p1|6\n|teamsize|p2|6\n|gen|9\n|tier|[Gen 9] National Dex\n|rated|\n|rule|HP Percentage Mod: HP is shown in percentages\n|rule|Endless Battle Clause: Forcing endless battles is banned\n|rule|OHKO Clause: OHKO moves are banned\n|rule|Evasion Clause: Evasion abilities, items, and moves are banned\n|rule|Evasion Abilities Clause: Evasion abilities are banned\n|rule|Evasion Items Clause: Evasion items are banned\n|rule|Evasion Moves Clause: Evasion moves are banned\n|rule|Species Clause: Limit one of each Pok\u00e9mon\n|rule|Sleep Clause Mod: Limit one foe put to sleep\n|clearpoke\n|poke|p1|Minior|\n|poke|p1|Cinderace, F|\n|poke|p1|Great Tusk|\n|poke|p1|Pawmot, F|\n|poke|p1|Kyurem|\n|poke|p1|Hatterene, F|\n|poke|p2|Araquanid, M|\n|poke|p2|Vikavolt, F|\n|poke|p2|Centiskorch, M|\n|poke|p2|Forretress, M|\n|poke|p2|Scizor, F|\n|poke|p2|Buzzwole|\n|teampreview\n|j| SamFuraxy\n|\n|t:|1701026929\n|start\n|switch|p1a: Great Tusk|Great Tusk|100\/100\n|switch|p2a: Centiskorch|Centiskorch, M|100\/100\n|turn|1\n|\n|t:|1701026935\n|-terastallize|p2a: Centiskorch|Steel\n|move|p1a: Great Tusk|Stealth Rock|p2a: Centiskorch\n|-sidestart|p2: the bugcatcher pr|move: Stealth Rock\n|move|p2a: Centiskorch|Scorching Sands|p1a: Great Tusk\n|-damage|p1a: Great Tusk|81\/100\n|-status|p1a: Great Tusk|brn\n|\n|-damage|p1a: Great Tusk|75\/100 brn|[from] brn\n|upkeep\n|turn|2\n|\n|t:|1701026945\n|switch|p2a: Vikavolt|Vikavolt, F|100\/100\n|-damage|p2a: Vikavolt|76\/100|[from] Stealth Rock\n|move|p1a: Great Tusk|Knock Off|p2a: Vikavolt\n|-damage|p2a: Vikavolt|57\/100\n|-enditem|p2a: Vikavolt|Assault Vest|[from] move: Knock Off|[of] p1a: Great Tusk\n|\n|-damage|p1a: Great Tusk|69\/100 brn|[from] brn\n|upkeep\n|turn|3\n|\n|t:|1701026954\n|-end|p1a: Great Tusk|Protosynthesis|[silent]\n|switch|p1a: Hatterene|Hatterene, F|100\/100\n|move|p2a: Vikavolt|Energy Ball|p1a: Hatterene\n|-crit|p1a: Hatterene\n|-damage|p1a: Hatterene|40\/100\n|\n|-heal|p1a: Hatterene|46\/100|[from] item: Leftovers\n|upkeep\n|turn|4\n|\n|t:|1701026961\n|move|p2a: Vikavolt|Thunderbolt|p1a: Hatterene\n|-damage|p1a: Hatterene|0 fnt\n|faint|p1a: Hatterene\n|\n|upkeep\n|\n|t:|1701026966\n|switch|p1a: Pawmot|Pawmot, F|100\/100\n|turn|5\n|\n|t:|1701026972\n|move|p1a: Pawmot|Fake Out|p2a: Vikavolt\n|-damage|p2a: Vikavolt|43\/100\n|cant|p2a: Vikavolt|flinch\n|\n|upkeep\n|turn|6\n|\n|t:|1701026978\n|move|p1a: Pawmot|Double Shock|p2a: Vikavolt\n|-resisted|p2a: Vikavolt\n|-damage|p2a: Vikavolt|14\/100\n|-start|p1a: Pawmot|typechange|???\/Fighting|[from] move: Double Shock\n|move|p2a: Vikavolt|Mud Shot|p1a: Pawmot\n|-damage|p1a: Pawmot|61\/100\n|-unboost|p1a: Pawmot|spe|1\n|\n|upkeep\n|turn|7\n|\n|t:|1701026991\n|switch|p1a: Great Tusk|Great Tusk|69\/100 brn\n|move|p2a: Vikavolt|Energy Ball|p1a: Great Tusk\n|-supereffective|p1a: Great Tusk\n|-damage|p1a: Great Tusk|0 fnt\n|faint|p1a: Great Tusk\n|-end|p1a: Great Tusk|Protosynthesis|[silent]\n|\n|upkeep\n|\n|t:|1701026998\n|switch|p1a: Cinderace|Cinderace, F|100\/100\n|turn|8\n|\n|t:|1701027001\n|move|p1a: Cinderace|Pyro Ball|p2a: Vikavolt\n|-supereffective|p2a: Vikavolt\n|-damage|p2a: Vikavolt|0 fnt\n|faint|p2a: Vikavolt\n|\n|upkeep\n|\n|t:|1701027006\n|switch|p2a: Araquanid|Araquanid, M|100\/100\n|-damage|p2a: Araquanid|76\/100|[from] Stealth Rock\n|turn|9\n|\n|t:|1701027012\n|move|p1a: Cinderace|Pyro Ball|p2a: Araquanid\n|-damage|p2a: Araquanid|51\/100\n|move|p2a: Araquanid|Liquidation|p1a: Cinderace\n|-supereffective|p1a: Cinderace\n|-damage|p1a: Cinderace|0 fnt\n|faint|p1a: Cinderace\n|\n|upkeep\n|\n|t:|1701027019\n|switch|p1a: Minior|Minior, shiny|100\/100\n|-formechange|p1a: Minior|Minior-Meteor||[from] ability: Shields Down\n|turn|10\n|\n|t:|1701027025\n|-terastallize|p1a: Minior|Water\n|move|p1a: Minior|Shell Smash|p1a: Minior\n|-unboost|p1a: Minior|def|1\n|-unboost|p1a: Minior|spd|1\n|-boost|p1a: Minior|atk|2\n|-boost|p1a: Minior|spa|2\n|-boost|p1a: Minior|spe|2\n|-enditem|p1a: Minior|White Herb\n|-clearnegativeboost|p1a: Minior|[silent]\n|move|p2a: Araquanid|Scald|p1a: Minior\n|-resisted|p1a: Minior\n|-damage|p1a: Minior|80\/100\n|\n|upkeep\n|turn|11\n|\n|t:|1701027038\n|move|p1a: Minior|Acrobatics|p2a: Araquanid\n|-supereffective|p2a: Araquanid\n|-damage|p2a: Araquanid|0 fnt\n|faint|p2a: Araquanid\n|\n|upkeep\n|\n|t:|1701027045\n|switch|p2a: Forretress|Forretress, M|100\/100\n|turn|12\n|\n|t:|1701027049\n|move|p1a: Minior|Acrobatics|p2a: Forretress\n|-damage|p2a: Forretress|57\/100\n|move|p2a: Forretress|Counter|p1a: Minior\n|-damage|p1a: Minior|0 fnt\n|faint|p1a: Minior\n|\n|upkeep\n|\n|t:|1701027056\n|switch|p1a: Pawmot|Pawmot, F|61\/100\n|turn|13\n|\n|t:|1701027061\n|move|p1a: Pawmot|Revival Blessing|p1a: Pawmot\n|\n|t:|1701027063\n|-heal|p1: Cinderace|50\/100|[from] move: Revival Blessing\n|move|p2a: Forretress|Body Press|p1a: Pawmot\n|-damage|p1a: Pawmot|10\/100\n|\n|upkeep\n|turn|14\n|\n|t:|1701027072\n|move|p1a: Pawmot|Double Shock|p2a: Forretress\n|-damage|p2a: Forretress|23\/100\n|-start|p1a: Pawmot|typechange|???\/Fighting|[from] move: Double Shock\n|move|p2a: Forretress|Rock Blast|p1a: Pawmot|[miss]\n|-miss|p2a: Forretress|p1a: Pawmot\n|\n|upkeep\n|turn|15\n|\n|t:|1701027079\n|move|p1a: Pawmot|Close Combat|p2a: Forretress\n|-damage|p2a: Forretress|0 fnt\n|-unboost|p1a: Pawmot|def|1\n|-unboost|p1a: Pawmot|spd|1\n|faint|p2a: Forretress\n|\n|upkeep\n|\n|t:|1701027084\n|switch|p2a: Scizor|Scizor, F|100\/100\n|-damage|p2a: Scizor|88\/100|[from] Stealth Rock\n|turn|16\n|\n|t:|1701027089\n|detailschange|p2a: Scizor|Scizor-Mega, F\n|-mega|p2a: Scizor|Scizor|Scizorite\n|move|p1a: Pawmot|Close Combat|p2a: Scizor\n|-damage|p2a: Scizor|48\/100\n|-unboost|p1a: Pawmot|def|1\n|-unboost|p1a: Pawmot|spd|1\n|move|p2a: Scizor|Swords Dance|p2a: Scizor\n|-boost|p2a: Scizor|atk|2\n|\n|upkeep\n|turn|17\n|\n|t:|1701027098\n|move|p2a: Scizor|Bullet Punch|p1a: Pawmot\n|-damage|p1a: Pawmot|0 fnt\n|faint|p1a: Pawmot\n|\n|upkeep\n|\n|t:|1701027102\n|switch|p1a: Cinderace|Cinderace, F|50\/100\n|turn|18\n|\n|t:|1701027105\n|move|p2a: Scizor|Bullet Punch|p1a: Cinderace\n|-resisted|p1a: Cinderace\n|-crit|p1a: Cinderace\n|-damage|p1a: Cinderace|0 fnt\n|faint|p1a: Cinderace\n|\n|upkeep\n|\n|t:|1701027110\n|switch|p1a: Kyurem|Kyurem|100\/100\n|-ability|p1a: Kyurem|Pressure\n|turn|19\n|\n|t:|1701027116\n|move|p2a: Scizor|Bullet Punch|p1a: Kyurem\n|-supereffective|p1a: Kyurem\n|-damage|p1a: Kyurem|0 fnt\n|faint|p1a: Kyurem\n|\n|win|the bugcatcher pr\n|raw|vheneko's rating: 1353 &rarr; <strong>1331<\/strong><br \/>(-22 for losing)\n|raw|the bugcatcher pr's rating: 1323 &rarr; <strong>1345<\/strong><br \/>(+22 for winning)\n|l|\u2606vheneko\n","uploadtime":1701027121,"views":2,"p1id":"vheneko","p2id":"thebugcatcherpr","formatid":"gen9nationaldex","rating":1331,"private":0,"password":""}