{"id":"gen9nationaldex-1994452432","p1":"December guy","p2":"JoaKingDex(X)","format":"[Gen 9] National Dex","log":"|j|\u2606December guy\n|j|\u2606JoaKingDex(X)\n|t:|1700445549\n|gametype|singles\n|player|p1|December guy|silver|1301\n|player|p2|JoaKingDex(X)|red-masters|1346\n|teamsize|p1|6\n|teamsize|p2|6\n|gen|9\n|tier|[Gen 9] National Dex\n|rated|\n|rule|HP Percentage Mod: HP is shown in percentages\n|rule|Endless Battle Clause: Forcing endless battles is banned\n|rule|OHKO Clause: OHKO moves are banned\n|rule|Evasion Clause: Evasion abilities, items, and moves are banned\n|rule|Evasion Abilities Clause: Evasion abilities are banned\n|rule|Evasion Items Clause: Evasion items are banned\n|rule|Evasion Moves Clause: Evasion moves are banned\n|rule|Species Clause: Limit one of each Pok\u00e9mon\n|rule|Sleep Clause Mod: Limit one foe put to sleep\n|clearpoke\n|poke|p1|Swampert, F|\n|poke|p1|Pelipper, M|\n|poke|p1|Ferrothorn, M|\n|poke|p1|Alomomola, M|\n|poke|p1|Zapdos|\n|poke|p1|Sneasler, M|\n|poke|p2|Charizard, M|\n|poke|p2|Ninetales-Alola, F|\n|poke|p2|Gastrodon, M|\n|poke|p2|Nidoking, M|\n|poke|p2|Kartana|\n|poke|p2|Corviknight, M|\n|teampreview\n|inactive|Battle timer is ON: inactive players will automatically lose when time's up. (requested by December guy)\n|\n|t:|1700445568\n|start\n|switch|p1a: Pelipper|Pelipper, M|100\/100\n|switch|p2a: Ninetales|Ninetales-Alola, F|100\/100\n|-weather|Snow|[from] ability: Snow Warning|[of] p2a: Ninetales\n|-weather|RainDance|[from] ability: Drizzle|[of] p1a: Pelipper\n|turn|1\n|\n|t:|1700445579\n|move|p2a: Ninetales|Freeze-Dry|p1a: Pelipper\n|-supereffective|p1a: Pelipper\n|-damage|p1a: Pelipper|0 fnt\n|faint|p1a: Pelipper\n|\n|-weather|RainDance|[upkeep]\n|upkeep\n|\n|t:|1700445589\n|switch|p1a: Sneasler|Sneasler, M|100\/100\n|turn|2\n|\n|t:|1700445598\n|switch|p2a: Corviknight|Corviknight, M|100\/100\n|-ability|p2a: Corviknight|Pressure\n|move|p1a: Sneasler|Swords Dance|p1a: Sneasler\n|-boost|p1a: Sneasler|atk|2\n|\n|-weather|RainDance|[upkeep]\n|upkeep\n|turn|3\n|\n|t:|1700445608\n|move|p1a: Sneasler|Close Combat|p2a: Corviknight\n|-damage|p2a: Corviknight|25\/100\n|-unboost|p1a: Sneasler|def|1\n|-unboost|p1a: Sneasler|spd|1\n|-damage|p1a: Sneasler|84\/100|[from] item: Rocky Helmet|[of] p2a: Corviknight\n|move|p2a: Corviknight|Brave Bird|p1a: Sneasler\n|-supereffective|p1a: Sneasler\n|-damage|p1a: Sneasler|0 fnt\n|faint|p1a: Sneasler\n|-damage|p2a: Corviknight|5\/100|[from] Recoil\n|\n|-weather|RainDance|[upkeep]\n|upkeep\n|\n|t:|1700445621\n|switch|p1a: Ferrothorn|Ferrothorn, M|100\/100\n|turn|4\n|\n|t:|1700445625\n|move|p2a: Corviknight|Brave Bird|p1a: Ferrothorn\n|-damage|p1a: Ferrothorn|78\/100\n|-damage|p2a: Corviknight|0 fnt|[from] ability: Iron Barbs|[of] p1a: Ferrothorn\n|faint|p2a: Corviknight\n|move|p1a: Ferrothorn|Stealth Rock|p2: Corviknight\n|-sidestart|p2: JoaKingDex(X)|move: Stealth Rock\n|\n|-weather|RainDance|[upkeep]\n|upkeep\n|\n|t:|1700445633\n|switch|p2a: Nidoking|Nidoking, M|100\/100\n|-damage|p2a: Nidoking|94\/100|[from] Stealth Rock\n|turn|5\n|\n|t:|1700445639\n|move|p2a: Nidoking|Earth Power|p1a: Ferrothorn\n|-damage|p1a: Ferrothorn|22\/100\n|move|p1a: Ferrothorn|Leech Seed|p2a: Nidoking\n|-start|p2a: Nidoking|move: Leech Seed\n|\n|-weather|RainDance|[upkeep]\n|-damage|p2a: Nidoking|82\/100|[from] Leech Seed|[of] p1a: Ferrothorn\n|-heal|p1a: Ferrothorn|33\/100|[silent]\n|upkeep\n|turn|6\n|\n|t:|1700445649\n|switch|p1a: Swampert|Swampert, F|100\/100\n|move|p2a: Nidoking|Ice Beam|p1a: Swampert\n|-damage|p1a: Swampert|61\/100\n|\n|-weather|RainDance|[upkeep]\n|-damage|p2a: Nidoking|69\/100|[from] Leech Seed|[of] p1a: Swampert\n|-heal|p1a: Swampert|71\/100|[silent]\n|upkeep\n|turn|7\n|\n|t:|1700445661\n|switch|p2a: Gastrodon|Gastrodon, M|100\/100\n|-damage|p2a: Gastrodon|94\/100|[from] Stealth Rock\n|detailschange|p1a: Swampert|Swampert-Mega, F\n|-mega|p1a: Swampert|Swampert|Swampertite\n|move|p1a: Swampert|Earthquake|p2a: Gastrodon\n|-damage|p2a: Gastrodon|20\/100\n|\n|-weather|RainDance|[upkeep]\n|-heal|p2a: Gastrodon|27\/100|[from] item: Leftovers\n|upkeep\n|turn|8\n|\n|t:|1700445674\n|move|p1a: Swampert|Liquidation|p2a: Gastrodon\n|-ability|p2a: Gastrodon|Storm Drain|boost\n|-boost|p2a: Gastrodon|spa|1\n|move|p2a: Gastrodon|Scald|p1a: Swampert\n|-damage|p1a: Swampert|22\/100\n|\n|-weather|none\n|-heal|p2a: Gastrodon|33\/100|[from] item: Leftovers\n|upkeep\n|turn|9\n|\n|t:|1700445683\n|move|p1a: Swampert|Earthquake|p2a: Gastrodon\n|-damage|p2a: Gastrodon|0 fnt\n|faint|p2a: Gastrodon\n|\n|upkeep\n|\n|t:|1700445686\n|switch|p2a: Ninetales|Ninetales-Alola, F|100\/100\n|-damage|p2a: Ninetales|75\/100|[from] Stealth Rock\n|-weather|Snow|[from] ability: Snow Warning|[of] p2a: Ninetales\n|turn|10\n|\n|t:|1700445695\n|move|p2a: Ninetales|Aurora Veil|p2a: Ninetales\n|-sidestart|p2: JoaKingDex(X)|move: Aurora Veil\n|move|p1a: Swampert|Flip Turn|p2a: Ninetales\n|-damage|p2a: Ninetales|56\/100\n|\n|t:|1700445701\n|switch|p1a: Ferrothorn|Ferrothorn, M|33\/100|[from] Flip Turn\n|\n|-weather|Snow|[upkeep]\n|upkeep\n|turn|11\n|\n|t:|1700445707\n|switch|p2a: Kartana|Kartana|100\/100\n|-damage|p2a: Kartana|94\/100|[from] Stealth Rock\n|move|p1a: Ferrothorn|Leech Seed|p2a: Kartana\n|-immune|p2a: Kartana\n|\n|-weather|Snow|[upkeep]\n|upkeep\n|turn|12\n|\n|t:|1700445716\n|move|p2a: Kartana|Knock Off|p1a: Ferrothorn\n|-damage|p1a: Ferrothorn|7\/100\n|-damage|p2a: Kartana|82\/100|[from] ability: Iron Barbs|[of] p1a: Ferrothorn\n|-damage|p2a: Kartana|65\/100|[from] item: Rocky Helmet|[of] p1a: Ferrothorn\n|-enditem|p1a: Ferrothorn|Rocky Helmet|[from] move: Knock Off|[of] p2a: Kartana\n|move|p1a: Ferrothorn|Body Press|p2a: Kartana\n|-supereffective|p2a: Kartana\n|-damage|p2a: Kartana|34\/100\n|\n|-weather|Snow|[upkeep]\n|upkeep\n|turn|13\n|\n|t:|1700445727\n|move|p2a: Kartana|Knock Off|p1a: Ferrothorn\n|-damage|p1a: Ferrothorn|0 fnt\n|-damage|p2a: Kartana|22\/100|[from] ability: Iron Barbs|[of] p1a: Ferrothorn\n|faint|p1a: Ferrothorn\n|-ability|p2a: Kartana|Beast Boost|boost\n|-boost|p2a: Kartana|atk|1\n|\n|-weather|Snow|[upkeep]\n|upkeep\n|\n|t:|1700445736\n|switch|p1a: Zapdos|Zapdos|100\/100\n|turn|14\n|\n|t:|1700445744\n|move|p2a: Kartana|Knock Off|p1a: Zapdos\n|-damage|p1a: Zapdos|28\/100\n|-enditem|p1a: Zapdos|Leftovers|[from] move: Knock Off|[of] p2a: Kartana\n|move|p1a: Zapdos|Hurricane|p2a: Kartana\n|-damage|p2a: Kartana|0 fnt\n|faint|p2a: Kartana\n|\n|-weather|none\n|upkeep\n|\n|t:|1700445754\n|switch|p2a: Ninetales|Ninetales-Alola, F|56\/100\n|-damage|p2a: Ninetales|31\/100|[from] Stealth Rock\n|-weather|Snow|[from] ability: Snow Warning|[of] p2a: Ninetales\n|turn|15\n|\n|t:|1700445759\n|move|p2a: Ninetales|Freeze-Dry|p1a: Zapdos\n|-supereffective|p1a: Zapdos\n|-damage|p1a: Zapdos|0 fnt\n|faint|p1a: Zapdos\n|\n|-weather|Snow|[upkeep]\n|upkeep\n|\n|t:|1700445767\n|switch|p1a: Alomomola|Alomomola, M|100\/100\n|turn|16\n|\n|t:|1700445770\n|-terastallize|p2a: Ninetales|Ice\n|move|p2a: Ninetales|Freeze-Dry|p1a: Alomomola\n|-supereffective|p1a: Alomomola\n|-damage|p1a: Alomomola|16\/100\n|move|p1a: Alomomola|Toxic|p2a: Ninetales\n|-status|p2a: Ninetales|tox\n|\n|-weather|Snow|[upkeep]\n|-heal|p1a: Alomomola|22\/100|[from] item: Leftovers\n|-damage|p2a: Ninetales|24\/100 tox|[from] psn\n|upkeep\n|turn|17\n|\n|t:|1700445784\n|move|p2a: Ninetales|Freeze-Dry|p1a: Alomomola\n|-supereffective|p1a: Alomomola\n|-damage|p1a: Alomomola|0 fnt\n|faint|p1a: Alomomola\n|\n|-weather|Snow|[upkeep]\n|-damage|p2a: Ninetales|12\/100 tox|[from] psn\n|-sideend|p2: JoaKingDex(X)|move: Aurora Veil\n|upkeep\n|\n|t:|1700445792\n|switch|p1a: Swampert|Swampert-Mega, F|22\/100\n|turn|18\n|\n|t:|1700445796\n|move|p2a: Ninetales|Freeze-Dry|p1a: Swampert\n|-supereffective|p1a: Swampert\n|-damage|p1a: Swampert|0 fnt\n|faint|p1a: Swampert\n|\n|win|JoaKingDex(X)\n|raw|December guy's rating: 1301 &rarr; <strong>1284<\/strong><br \/>(-17 for losing)\n|raw|JoaKingDex(X)'s rating: 1346 &rarr; <strong>1363<\/strong><br \/>(+17 for winning)\n|l|\u2606December guy\n","uploadtime":1700445800,"views":17,"p1id":"decemberguy","p2id":"joakingdexx","formatid":"gen9nationaldex","rating":1284,"private":0,"password":""}