{"id":"gen9nationaldex-1998249133","p1":"gzp666","p2":"lingnabeier","format":"[Gen 9] National Dex","log":"|html|<div class=\"broadcast-blue\"><strong>[Gen 9] National Dex is currently suspecting Sneasler! For information on how to participate check out the <a href=\"https:\/\/www.smogon.com\/forums\/threads\/sv-national-dex-suspect-8-just-dance.3731534\/\">suspect thread<\/a>.<\/strong><\/div>\n|j|\u203dgzp666\n|j|\u2606lingnabeier\n|t:|1700919671\n|gametype|singles\n|player|p1|gzp666|ghetsis|1323\n|player|p2|lingnabeier|caitlin|1287\n|teamsize|p1|6\n|teamsize|p2|6\n|gen|9\n|tier|[Gen 9] National Dex\n|rated|\n|rule|HP Percentage Mod: HP is shown in percentages\n|rule|Endless Battle Clause: Forcing endless battles is banned\n|rule|OHKO Clause: OHKO moves are banned\n|rule|Evasion Clause: Evasion abilities, items, and moves are banned\n|rule|Evasion Abilities Clause: Evasion abilities are banned\n|rule|Evasion Items Clause: Evasion items are banned\n|rule|Evasion Moves Clause: Evasion moves are banned\n|rule|Species Clause: Limit one of each Pok\u00e9mon\n|rule|Sleep Clause Mod: Limit one foe put to sleep\n|clearpoke\n|poke|p1|Ribombee, F|\n|poke|p1|Garchomp, M|\n|poke|p1|Rillaboom, F|\n|poke|p1|Moltres|\n|poke|p1|Ogerpon-Wellspring, F|\n|poke|p1|Great Tusk|\n|poke|p2|Garganacl, M|\n|poke|p2|Sableye, F|\n|poke|p2|Slowbro, M|\n|poke|p2|Toxapex, F|\n|poke|p2|Chansey, F|\n|poke|p2|Gliscor, F|\n|teampreview\n|inactive|Battle timer is ON: inactive players will automatically lose when time's up. (requested by gzp666)\n|\n|t:|1700919684\n|start\n|switch|p1a: Ribombee|Ribombee, F|100\/100\n|switch|p2a: Sableye|Sableye, F|100\/100\n|turn|1\n|\n|t:|1700919693\n|detailschange|p2a: Sableye|Sableye-Mega, F\n|-mega|p2a: Sableye|Sableye|Sablenite\n|move|p1a: Ribombee|Moonblast|p2a: Sableye\n|-supereffective|p2a: Sableye\n|-damage|p2a: Sableye|21\/100\n|move|p2a: Sableye|Knock Off|p1a: Ribombee\n|-resisted|p1a: Ribombee\n|-damage|p1a: Ribombee|69\/100\n|-enditem|p1a: Ribombee|Focus Sash|[from] move: Knock Off|[of] p2a: Sableye\n|\n|upkeep\n|turn|2\n|\n|t:|1700919700\n|switch|p2a: Chansey|Chansey, F|100\/100\n|move|p1a: Ribombee|Moonblast|p2a: Chansey\n|-damage|p2a: Chansey|90\/100\n|-unboost|p2a: Chansey|spa|1\n|\n|upkeep\n|turn|3\n|\n|t:|1700919715\n|move|p1a: Ribombee|Sticky Web|p2a: Chansey\n|-sidestart|p2: lingnabeier|move: Sticky Web\n|move|p2a: Chansey|Stealth Rock|p1a: Ribombee\n|-sidestart|p1: gzp666|move: Stealth Rock\n|\n|upkeep\n|turn|4\n|\n|t:|1700919723\n|move|p1a: Ribombee|Moonblast|p2a: Chansey\n|-damage|p2a: Chansey|80\/100\n|-unboost|p2a: Chansey|spa|1\n|move|p2a: Chansey|Thunder Wave|p1a: Ribombee\n|-status|p1a: Ribombee|par\n|\n|upkeep\n|turn|5\n|\n|t:|1700919729\n|switch|p2a: Gliscor|Gliscor, F|100\/100\n|move|p1a: Ribombee|Moonblast|p2a: Gliscor\n|-damage|p2a: Gliscor|59\/100\n|-unboost|p2a: Gliscor|spa|1\n|\n|-status|p2a: Gliscor|tox|[from] item: Toxic Orb\n|upkeep\n|turn|6\n|\n|t:|1700919736\n|move|p2a: Gliscor|Toxic Spikes|p1a: Ribombee\n|-sidestart|p1: gzp666|move: Toxic Spikes\n|move|p1a: Ribombee|Moonblast|p2a: Gliscor\n|-damage|p2a: Gliscor|14\/100 tox\n|\n|-heal|p2a: Gliscor|27\/100 tox|[from] ability: Poison Heal\n|upkeep\n|turn|7\n|\n|t:|1700919758\n|move|p2a: Gliscor|U-turn|p1a: Ribombee\n|-resisted|p1a: Ribombee\n|-damage|p1a: Ribombee|54\/100 par\n|\n|t:|1700919762\n|switch|p2a: Chansey|Chansey, F|80\/100|[from] U-turn\n|-activate|p2a: Chansey|move: Sticky Web\n|-unboost|p2a: Chansey|spe|1\n|move|p1a: Ribombee|Moonblast|p2a: Chansey\n|-damage|p2a: Chansey|70\/100\n|\n|upkeep\n|turn|8\n|\n|t:|1700919788\n|move|p1a: Ribombee|Moonblast|p2a: Chansey\n|-damage|p2a: Chansey|61\/100\n|move|p2a: Chansey|Soft-Boiled|p2a: Chansey\n|-heal|p2a: Chansey|100\/100\n|\n|upkeep\n|turn|9\n|\n|t:|1700919807\n|switch|p1a: Moltres|Moltres|100\/100\n|switch|p2a: Slowbro|Slowbro, M|100\/100\n|-activate|p2a: Slowbro|move: Sticky Web\n|-unboost|p2a: Slowbro|spe|1\n|\n|upkeep\n|turn|10\n|\n|t:|1700919818\n|move|p1a: Moltres|Toxic|p2a: Slowbro\n|-status|p2a: Slowbro|tox\n|move|p2a: Slowbro|Future Sight|p1a: Moltres\n|-start|p2a: Slowbro|move: Future Sight\n|\n|-damage|p2a: Slowbro|94\/100 tox|[from] psn\n|upkeep\n|turn|11\n|\n|t:|1700919824\n|move|p1a: Moltres|U-turn|p2a: Slowbro\n|-supereffective|p2a: Slowbro\n|-damage|p2a: Slowbro|77\/100 tox\n|-damage|p1a: Moltres|84\/100|[from] item: Rocky Helmet|[of] p2a: Slowbro\n|\n|t:|1700919830\n|switch|p1a: Great Tusk|Great Tusk|100\/100|[from] U-turn\n|-damage|p1a: Great Tusk|97\/100|[from] Stealth Rock\n|-status|p1a: Great Tusk|psn\n|move|p2a: Slowbro|Yawn||[still]\n|-fail|p2a: Slowbro\n|\n|-heal|p1a: Great Tusk|100\/100 psn|[from] item: Leftovers\n|-damage|p1a: Great Tusk|88\/100 psn|[from] psn\n|-damage|p2a: Slowbro|65\/100 tox|[from] psn\n|upkeep\n|turn|12\n|\n|t:|1700919841\n|move|p1a: Great Tusk|Rapid Spin|p2a: Slowbro\n|-damage|p2a: Slowbro|57\/100 tox\n|-boost|p1a: Great Tusk|spe|1\n|-damage|p1a: Great Tusk|71\/100 psn|[from] item: Rocky Helmet|[of] p2a: Slowbro\n|-sideend|p1: gzp666|Toxic Spikes|[from] move: Rapid Spin|[of] p1a: Great Tusk\n|-sideend|p1: gzp666|Stealth Rock|[from] move: Rapid Spin|[of] p1a: Great Tusk\n|move|p2a: Slowbro|Future Sight||[still]\n|-fail|p2a: Slowbro\n|\n|-end|p1a: Great Tusk|move: Future Sight\n|-supereffective|p1a: Great Tusk\n|-damage|p1a: Great Tusk|0 fnt\n|faint|p1a: Great Tusk\n|-end|p1a: Great Tusk|Protosynthesis|[silent]\n|-damage|p2a: Slowbro|38\/100 tox|[from] psn\n|upkeep\n|\n|t:|1700919852\n|switch|p1a: Rillaboom|Rillaboom, F|100\/100\n|-fieldstart|move: Grassy Terrain|[from] ability: Grassy Surge|[of] p1a: Rillaboom\n|turn|13\n|\n|t:|1700919861\n|switch|p2a: Garganacl|Garganacl, M|100\/100\n|-activate|p2a: Garganacl|move: Sticky Web\n|-unboost|p2a: Garganacl|spe|1\n|move|p1a: Rillaboom|Wood Hammer|p2a: Garganacl\n|-supereffective|p2a: Garganacl\n|-damage|p2a: Garganacl|0 fnt\n|faint|p2a: Garganacl\n|-damage|p1a: Rillaboom|67\/100|[from] Recoil\n|\n|-heal|p1a: Rillaboom|73\/100|[from] Grassy Terrain\n|upkeep\n|\n|t:|1700919863\n|switch|p2a: Sableye|Sableye-Mega, F|21\/100\n|-activate|p2a: Sableye|move: Sticky Web\n|-unboost|p2a: Sableye|spe|1\n|turn|14\n|\n|t:|1700919870\n|switch|p1a: Ribombee|Ribombee, F|54\/100 par\n|move|p2a: Sableye|Recover|p2a: Sableye\n|-heal|p2a: Sableye|71\/100\n|\n|-heal|p1a: Ribombee|60\/100 par|[from] Grassy Terrain\n|-heal|p2a: Sableye|77\/100|[from] Grassy Terrain\n|upkeep\n|turn|15\n|\n|t:|1700919876\n|switch|p2a: Slowbro|Slowbro, M|72\/100 tox\n|-activate|p2a: Slowbro|move: Sticky Web\n|-unboost|p2a: Slowbro|spe|1\n|move|p1a: Ribombee|Moonblast|p2a: Slowbro\n|-damage|p2a: Slowbro|28\/100 tox\n|-unboost|p2a: Slowbro|spa|1\n|\n|-heal|p1a: Ribombee|66\/100 par|[from] Grassy Terrain\n|-heal|p2a: Slowbro|34\/100 tox|[from] Grassy Terrain\n|-damage|p2a: Slowbro|28\/100 tox|[from] psn\n|upkeep\n|turn|16\n|\n|t:|1700919888\n|switch|p2a: Chansey|Chansey, F|100\/100\n|-activate|p2a: Chansey|move: Sticky Web\n|-unboost|p2a: Chansey|spe|1\n|move|p1a: Ribombee|Moonblast|p2a: Chansey\n|-damage|p2a: Chansey|91\/100\n|\n|-heal|p1a: Ribombee|73\/100 par|[from] Grassy Terrain\n|-heal|p2a: Chansey|97\/100|[from] Grassy Terrain\n|upkeep\n|turn|17\n|\n|t:|1700919906\n|switch|p1a: Rillaboom|Rillaboom, F|73\/100\n|move|p2a: Chansey|Stealth Rock|p1a: Rillaboom\n|-sidestart|p1: gzp666|move: Stealth Rock\n|\n|-heal|p1a: Rillaboom|79\/100|[from] Grassy Terrain\n|-heal|p2a: Chansey|100\/100|[from] Grassy Terrain\n|-fieldend|move: Grassy Terrain\n|upkeep\n|turn|18\n|\n|t:|1700919913\n|switch|p2a: Sableye|Sableye-Mega, F|77\/100\n|-activate|p2a: Sableye|move: Sticky Web\n|-unboost|p2a: Sableye|spe|1\n|move|p1a: Rillaboom|U-turn|p2a: Sableye\n|-damage|p2a: Sableye|48\/100\n|\n|t:|1700919923\n|switch|p1a: Moltres|Moltres|84\/100|[from] U-turn\n|\n|upkeep\n|turn|19\n|\n|t:|1700919936\n|move|p1a: Moltres|U-turn|p2a: Sableye\n|-damage|p2a: Sableye|38\/100\n|\n|t:|1700919940\n|switch|p1a: Ribombee|Ribombee, F|73\/100 par|[from] U-turn\n|-damage|p1a: Ribombee|48\/100 par|[from] Stealth Rock\n|move|p2a: Sableye|Recover|p2a: Sableye\n|-heal|p2a: Sableye|88\/100\n|\n|upkeep\n|turn|20\n|\n|t:|1700919948\n|switch|p1a: Rillaboom|Rillaboom, F|79\/100\n|-damage|p1a: Rillaboom|66\/100|[from] Stealth Rock\n|-fieldstart|move: Grassy Terrain|[from] ability: Grassy Surge|[of] p1a: Rillaboom\n|switch|p2a: Toxapex|Toxapex, F|100\/100\n|-activate|p2a: Toxapex|move: Sticky Web\n|-unboost|p2a: Toxapex|spe|1\n|\n|-heal|p1a: Rillaboom|73\/100|[from] Grassy Terrain\n|upkeep\n|turn|21\n|\n|t:|1700919967\n|switch|p1a: Ribombee|Ribombee, F|48\/100 par\n|-damage|p1a: Ribombee|23\/100 par|[from] Stealth Rock\n|move|p2a: Toxapex|Baneful Bunker||[still]\n|-fail|p2a: Toxapex\n|\n|-heal|p1a: Ribombee|29\/100 par|[from] Grassy Terrain\n|upkeep\n|turn|22\n|l|\u2606lingnabeier\n|inactive|lingnabeier disconnected and has a minute to reconnect!\n|player|p2|\n|j|\u2606lingnabeier\n|inactive|lingnabeier reconnected and has 105 seconds left.\n|player|p2|lingnabeier|caitlin\n|inactive|lingnabeier has 90 seconds left.\n|\n|t:|1700920028\n|switch|p1a: Rillaboom|Rillaboom, F|73\/100\n|-damage|p1a: Rillaboom|60\/100|[from] Stealth Rock\n|switch|p2a: Chansey|Chansey, F|100\/100\n|-activate|p2a: Chansey|move: Sticky Web\n|-unboost|p2a: Chansey|spe|1\n|\n|-heal|p1a: Rillaboom|66\/100|[from] Grassy Terrain\n|upkeep\n|turn|23\n|\n|t:|1700920039\n|switch|p2a: Sableye|Sableye-Mega, F|88\/100\n|-activate|p2a: Sableye|move: Sticky Web\n|-unboost|p2a: Sableye|spe|1\n|-terastallize|p1a: Rillaboom|Grass\n|move|p1a: Rillaboom|Wood Hammer|p2a: Sableye\n|-damage|p2a: Sableye|0 fnt\n|faint|p2a: Sableye\n|-damage|p1a: Rillaboom|44\/100|[from] Recoil\n|\n|-heal|p1a: Rillaboom|50\/100|[from] Grassy Terrain\n|upkeep\n|l|\u2606lingnabeier\n|inactive|lingnabeier disconnected and has a minute to reconnect!\n|player|p2|\n|inactive|lingnabeier has 30 seconds to reconnect!\n|inactive|lingnabeier has 20 seconds to reconnect!\n|j|\u2606lingnabeier\n|inactive|lingnabeier reconnected and has 60 seconds left.\n|player|p2|lingnabeier|caitlin\n|\n|t:|1700920098\n|switch|p2a: Chansey|Chansey, F|100\/100\n|-activate|p2a: Chansey|move: Sticky Web\n|-unboost|p2a: Chansey|spe|1\n|turn|24\n|\n|t:|1700920106\n|move|p1a: Rillaboom|Wood Hammer|p2a: Chansey\n|-damage|p2a: Chansey|0 fnt\n|faint|p2a: Chansey\n|-damage|p1a: Rillaboom|0 fnt|[from] Recoil\n|faint|p1a: Rillaboom\n|\n|-fieldend|move: Grassy Terrain\n|upkeep\n|inactive|lingnabeier has 60 seconds left.\n|\n|t:|1700920112\n|switch|p1a: Ribombee|Ribombee, F|29\/100 par\n|switch|p2a: Slowbro|Slowbro, M|61\/100 tox\n|-damage|p1a: Ribombee|4\/100 par|[from] Stealth Rock\n|-activate|p2a: Slowbro|move: Sticky Web\n|-unboost|p2a: Slowbro|spe|1\n|turn|25\n|\n|t:|1700920125\n|switch|p2a: Toxapex|Toxapex, F|100\/100\n|-activate|p2a: Toxapex|move: Sticky Web\n|-unboost|p2a: Toxapex|spe|1\n|cant|p1a: Ribombee|par\n|\n|upkeep\n|turn|26\n|\n|t:|1700920132\n|move|p2a: Toxapex|Baneful Bunker|p2a: Toxapex\n|-singleturn|p2a: Toxapex|move: Protect\n|move|p1a: Ribombee|Psychic|p2a: Toxapex\n|-activate|p2a: Toxapex|move: Protect\n|\n|upkeep\n|turn|27\n|\n|t:|1700920138\n|move|p1a: Ribombee|Psychic|p2a: Toxapex\n|-supereffective|p2a: Toxapex\n|-damage|p2a: Toxapex|65\/100\n|move|p2a: Toxapex|Ice Beam|p1a: Ribombee\n|-damage|p1a: Ribombee|0 fnt\n|faint|p1a: Ribombee\n|\n|-heal|p2a: Toxapex|71\/100|[from] item: Black Sludge\n|upkeep\n|\n|t:|1700920154\n|switch|p1a: Garchomp|Garchomp, M|100\/100\n|-damage|p1a: Garchomp|94\/100|[from] Stealth Rock\n|turn|28\n|\n|t:|1700920161\n|detailschange|p1a: Garchomp|Garchomp-Mega, M\n|-mega|p1a: Garchomp|Garchomp|Garchompite\n|move|p1a: Garchomp|Swords Dance|p1a: Garchomp\n|-boost|p1a: Garchomp|atk|2\n|move|p2a: Toxapex|Ice Beam|p1a: Garchomp\n|-supereffective|p1a: Garchomp\n|-damage|p1a: Garchomp|44\/100\n|\n|-heal|p2a: Toxapex|77\/100|[from] item: Black Sludge\n|upkeep\n|turn|29\n|\n|t:|1700920171\n|move|p1a: Garchomp|Earthquake|p2a: Toxapex\n|-supereffective|p2a: Toxapex\n|-damage|p2a: Toxapex|0 fnt\n|faint|p2a: Toxapex\n|\n|upkeep\n|\n|t:|1700920179\n|switch|p2a: Gliscor|Gliscor, F|27\/100 tox\n|turn|30\n|\n|t:|1700920187\n|move|p1a: Garchomp|Scale Shot|p2a: Gliscor\n|-damage|p2a: Gliscor|4\/100 tox\n|-damage|p2a: Gliscor|0 fnt\n|faint|p2a: Gliscor\n|-hitcount|p2: Gliscor|2\n|-unboost|p1a: Garchomp|def|1\n|-boost|p1a: Garchomp|spe|1\n|\n|upkeep\n|\n|t:|1700920193\n|switch|p2a: Slowbro|Slowbro, M|95\/100 tox\n|-activate|p2a: Slowbro|move: Sticky Web\n|-unboost|p2a: Slowbro|spe|1\n|turn|31\n|\n|t:|1700920198\n|move|p1a: Garchomp|Earthquake|p2a: Slowbro\n|-damage|p2a: Slowbro|20\/100 tox\n|move|p2a: Slowbro|Slack Off|p2a: Slowbro\n|-heal|p2a: Slowbro|70\/100 tox\n|\n|-damage|p2a: Slowbro|64\/100 tox|[from] psn\n|upkeep\n|turn|32\n|\n|t:|1700920202\n|move|p1a: Garchomp|Earthquake|p2a: Slowbro\n|-damage|p2a: Slowbro|0 fnt\n|faint|p2a: Slowbro\n|\n|win|gzp666\n|raw|gzp666's rating: 1323 &rarr; <strong>1341<\/strong><br \/>(+18 for winning)\n|raw|lingnabeier's rating: 1287 &rarr; <strong>1265<\/strong><br \/>(-22 for losing)\n","uploadtime":1700920209,"views":2,"p1id":"gzp666","p2id":"lingnabeier","formatid":"gen9nationaldex","rating":1265,"private":0,"password":""}