{"id":"gen9nationaldex-1993447741","p1":"sparkyboii200","p2":"Cosmior","format":"[Gen 9] National Dex","log":"|j|\u2606sparkyboii200\n|j|\u2606Cosmior\n|t:|1700319118\n|gametype|singles\n|player|p1|sparkyboii200|volkner|\n|player|p2|Cosmior|ethan|\n|teamsize|p1|6\n|teamsize|p2|6\n|gen|9\n|tier|[Gen 9] National Dex\n|rule|HP Percentage Mod: HP is shown in percentages\n|rule|Endless Battle Clause: Forcing endless battles is banned\n|rule|OHKO Clause: OHKO moves are banned\n|rule|Evasion Clause: Evasion abilities, items, and moves are banned\n|rule|Evasion Abilities Clause: Evasion abilities are banned\n|rule|Evasion Items Clause: Evasion items are banned\n|rule|Evasion Moves Clause: Evasion moves are banned\n|rule|Species Clause: Limit one of each Pok\u00e9mon\n|rule|Sleep Clause Mod: Limit one foe put to sleep\n|clearpoke\n|poke|p1|Ninetales-Alola, F|\n|poke|p1|Jolteon, M|\n|poke|p1|Samurott-Hisui, M|\n|poke|p1|Kommo-o, M|\n|poke|p1|Braviary-Hisui, M|\n|poke|p1|Heatran, F|\n|poke|p2|Flareon, M|\n|poke|p2|Venusaur, F|\n|poke|p2|Mew|\n|poke|p2|Latias, F|\n|poke|p2|Rotom-Wash|\n|poke|p2|Porygon2|\n|teampreview\n|inactive|Battle timer is ON: inactive players will automatically lose when time's up. (requested by sparkyboii200)\n|\n|t:|1700319134\n|start\n|switch|p1a: Speachy|Samurott-Hisui, M, shiny|100\/100\n|switch|p2a: Venusaur|Venusaur, F|100\/100\n|turn|1\n|\n|t:|1700319141\n|switch|p1a: Vamp|Ninetales-Alola, F|100\/100\n|-weather|Snow|[from] ability: Snow Warning|[of] p1a: Vamp\n|move|p2a: Venusaur|Giga Drain|p1a: Vamp\n|-damage|p1a: Vamp|59\/100\n|\n|-weather|Snow|[upkeep]\n|upkeep\n|turn|2\n|\n|t:|1700319157\n|switch|p2a: Flareon|Flareon, M|100\/100\n|move|p1a: Vamp|Nasty Plot|p1a: Vamp\n|-boost|p1a: Vamp|spa|2\n|\n|-weather|Snow|[upkeep]\n|-status|p2a: Flareon|tox|[from] item: Toxic Orb\n|upkeep\n|turn|3\n|\n|t:|1700319167\n|-terastallize|p1a: Vamp|Fire\n|move|p1a: Vamp|Nasty Plot|p1a: Vamp\n|-boost|p1a: Vamp|spa|2\n|move|p2a: Flareon|Flamethrower|p1a: Vamp\n|-resisted|p1a: Vamp\n|-damage|p1a: Vamp|42\/100\n|\n|-weather|Snow|[upkeep]\n|-damage|p2a: Flareon|95\/100 tox|[from] psn\n|upkeep\n|turn|4\n|\n|t:|1700319181\n|move|p1a: Vamp|Moonblast|p2a: Flareon\n|-resisted|p2a: Flareon\n|-damage|p2a: Flareon|59\/100 tox\n|move|p2a: Flareon|Dig||[still]\n|-prepare|p2a: Flareon|Dig\n|\n|-weather|Snow|[upkeep]\n|-damage|p2a: Flareon|48\/100 tox|[from] psn\n|upkeep\n|turn|5\n|\n|t:|1700319189\n|switch|p1a: Avi|Braviary-Hisui, M, shiny|100\/100\n|move|p2a: Flareon|Dig|p1a: Avi|[from]lockedmove\n|-immune|p1a: Avi\n|\n|-weather|Snow|[upkeep]\n|-damage|p2a: Flareon|30\/100 tox|[from] psn\n|upkeep\n|turn|6\n|\n|t:|1700319199\n|switch|p2a: Rotom|Rotom-Wash|100\/100\n|move|p1a: Avi|Esper Wing|p2a: Rotom\n|-damage|p2a: Rotom|64\/100\n|-boost|p1a: Avi|spe|1\n|\n|-weather|Snow|[upkeep]\n|upkeep\n|turn|7\n|\n|t:|1700319211\n|switch|p1a: Sparky|Jolteon, M|100\/100\n|move|p2a: Rotom|Thunder|p1a: Sparky\n|-immune|p1a: Sparky|[from] ability: Volt Absorb\n|\n|-weather|Snow|[upkeep]\n|upkeep\n|turn|8\n|\n|t:|1700319223\n|switch|p2a: Porygon2|Porygon2|100\/100\n|move|p1a: Sparky|Volt Switch|p2a: Porygon2\n|-damage|p2a: Porygon2|72\/100\n|-damage|p1a: Sparky|91\/100|[from] item: Life Orb\n|\n|t:|1700319229\n|switch|p1a: Bacon|Kommo-o, M|100\/100|[from] Volt Switch\n|\n|-weather|none\n|upkeep\n|turn|9\n|\n|t:|1700319235\n|move|p1a: Bacon|Clangorous Soul|p1a: Bacon\n|-boost|p1a: Bacon|atk|1\n|-boost|p1a: Bacon|def|1\n|-boost|p1a: Bacon|spa|1\n|-boost|p1a: Bacon|spd|1\n|-boost|p1a: Bacon|spe|1\n|-damage|p1a: Bacon|68\/100\n|-enditem|p1a: Bacon|Throat Spray\n|-boost|p1a: Bacon|spa|1|[from] item: Throat Spray\n|move|p2a: Porygon2|Blizzard|p1a: Bacon\n|-supereffective|p1a: Bacon\n|-damage|p1a: Bacon|0 fnt\n|faint|p1a: Bacon\n|\n|upkeep\n|\n|t:|1700319248\n|switch|p1a: Speachy|Samurott-Hisui, M, shiny|100\/100\n|turn|10\n|\n|t:|1700319253\n|move|p1a: Speachy|Swords Dance|p1a: Speachy\n|-boost|p1a: Speachy|atk|2\n|move|p2a: Porygon2|Discharge|p1a: Speachy\n|-supereffective|p1a: Speachy\n|-enditem|p1a: Speachy|Focus Sash\n|-damage|p1a: Speachy|1\/100\n|\n|upkeep\n|turn|11\n|\n|t:|1700319261\n|move|p1a: Speachy|Sacred Sword|p2a: Porygon2\n|-supereffective|p2a: Porygon2\n|-damage|p2a: Porygon2|0 fnt\n|faint|p2a: Porygon2\n|\n|upkeep\n|\n|t:|1700319268\n|switch|p2a: Rotom|Rotom-Wash|64\/100\n|turn|12\n|\n|t:|1700319274\n|move|p1a: Speachy|Sucker Punch|p2a: Rotom\n|-damage|p2a: Rotom|0 fnt\n|faint|p2a: Rotom\n|\n|upkeep\n|\n|t:|1700319280\n|switch|p2a: Flareon|Flareon, M|30\/100 tox\n|turn|13\n|\n|t:|1700319282\n|move|p1a: Speachy|Sucker Punch|p2a: Flareon\n|-damage|p2a: Flareon|0 fnt\n|faint|p2a: Flareon\n|\n|upkeep\n|\n|t:|1700319287\n|switch|p2a: Mew|Mew, shiny|100\/100\n|turn|14\n|\n|t:|1700319293\n|move|p1a: Speachy|Sucker Punch||[still]\n|-fail|p1a: Speachy\n|move|p2a: Mew|Stealth Rock|p1a: Speachy\n|-sidestart|p1: sparkyboii200|move: Stealth Rock\n|\n|upkeep\n|turn|15\n|\n|t:|1700319299\n|move|p2a: Mew|Draining Kiss|p1a: Speachy\n|-supereffective|p1a: Speachy\n|-damage|p1a: Speachy|0 fnt\n|faint|p1a: Speachy\n|\n|upkeep\n|\n|t:|1700319305\n|switch|p1a: Avi|Braviary-Hisui, M, shiny|100\/100\n|turn|16\n|\n|t:|1700319310\n|move|p2a: Mew|Draco Meteor|p1a: Avi\n|-damage|p1a: Avi|59\/100\n|-unboost|p2a: Mew|spa|2\n|move|p1a: Avi|Defog|p2a: Mew\n|-unboost|p2a: Mew|evasion|1\n|-sideend|p1: sparkyboii200|Stealth Rock|[from] move: Defog|[of] p1a: Avi\n|\n|upkeep\n|turn|17\n|\n|t:|1700319318\n|switch|p2a: Latias|Latias, F, shiny|100\/100\n|move|p1a: Avi|Hurricane|p2a: Latias\n|-damage|p2a: Latias|61\/100\n|\n|upkeep\n|turn|18\n|\n|t:|1700319324\n|switch|p1a: Heatran|Heatran, F|100\/100\n|move|p2a: Latias|Mystical Fire|p1a: Heatran\n|-start|p1a: Heatran|ability: Flash Fire\n|\n|upkeep\n|turn|19\n|\n|t:|1700319333\n|detailschange|p2a: Latias|Latias-Mega, F, shiny\n|-mega|p2a: Latias|Latias|Latiasite\n|move|p2a: Latias|Surf|p1a: Heatran\n|-supereffective|p1a: Heatran\n|-damage|p1a: Heatran|50\/100\n|move|p1a: Heatran|Will-O-Wisp|p2a: Latias\n|-status|p2a: Latias|brn\n|\n|-heal|p1a: Heatran|56\/100|[from] item: Leftovers\n|-damage|p2a: Latias|55\/100 brn|[from] brn\n|upkeep\n|turn|20\n|\n|t:|1700319343\n|move|p1a: Heatran|Protect|p1a: Heatran\n|-singleturn|p1a: Heatran|Protect\n|move|p2a: Latias|Surf|p1a: Heatran\n|-activate|p1a: Heatran|move: Protect\n|\n|-heal|p1a: Heatran|63\/100|[from] item: Leftovers\n|-damage|p2a: Latias|49\/100 brn|[from] brn\n|upkeep\n|turn|21\n|\n|t:|1700319347\n|move|p2a: Latias|Surf|p1a: Heatran\n|-supereffective|p1a: Heatran\n|-damage|p1a: Heatran|15\/100\n|move|p1a: Heatran|Flamethrower|p2a: Latias\n|-resisted|p2a: Latias\n|-damage|p2a: Latias|24\/100 brn\n|\n|-heal|p1a: Heatran|21\/100|[from] item: Leftovers\n|-damage|p2a: Latias|18\/100 brn|[from] brn\n|upkeep\n|turn|22\n|\n|t:|1700319352\n|move|p1a: Heatran|Protect|p1a: Heatran\n|-singleturn|p1a: Heatran|Protect\n|move|p2a: Latias|Surf|p1a: Heatran\n|-activate|p1a: Heatran|move: Protect\n|\n|-heal|p1a: Heatran|27\/100|[from] item: Leftovers\n|-damage|p2a: Latias|12\/100 brn|[from] brn\n|upkeep\n|turn|23\n|\n|t:|1700319358\n|-end|p1a: Heatran|ability: Flash Fire|[silent]\n|switch|p1a: Sparky|Jolteon, M|91\/100\n|move|p2a: Latias|Surf|p1a: Sparky\n|-damage|p1a: Sparky|48\/100\n|\n|-damage|p2a: Latias|6\/100 brn|[from] brn\n|upkeep\n|turn|24\n|\n|t:|1700319364\n|switch|p2a: Mew|Mew, shiny|100\/100\n|move|p1a: Sparky|Volt Switch|p2a: Mew\n|-damage|p2a: Mew|61\/100\n|-damage|p1a: Sparky|38\/100|[from] item: Life Orb\n|\n|t:|1700319366\n|switch|p1a: Vamp|Ninetales-Alola, F, tera:Fire|42\/100|[from] Volt Switch\n|-weather|Snow|[from] ability: Snow Warning|[of] p1a: Vamp\n|\n|-weather|Snow|[upkeep]\n|upkeep\n|turn|25\n|\n|t:|1700319385\n|move|p1a: Vamp|Tera Blast|p2a: Mew|[anim] Tera Blast Fire\n|-damage|p2a: Mew|29\/100\n|move|p2a: Mew|Draining Kiss|p1a: Vamp\n|-resisted|p1a: Vamp\n|-damage|p1a: Vamp|34\/100\n|-heal|p2a: Mew|34\/100|[from] drain|[of] p1a: Vamp\n|\n|-weather|Snow|[upkeep]\n|upkeep\n|turn|26\n|\n|t:|1700319393\n|move|p1a: Vamp|Moonblast|p2a: Mew\n|-damage|p2a: Mew|0 fnt\n|faint|p2a: Mew\n|\n|-weather|Snow|[upkeep]\n|upkeep\n|\n|t:|1700319396\n|switch|p2a: Venusaur|Venusaur, F|100\/100\n|turn|27\n|\n|t:|1700319400\n|move|p1a: Vamp|Tera Blast|p2a: Venusaur|[anim] Tera Blast Fire\n|-supereffective|p2a: Venusaur\n|-damage|p2a: Venusaur|35\/100\n|move|p2a: Venusaur|Earthquake|p1a: Vamp\n|-supereffective|p1a: Vamp\n|-damage|p1a: Vamp|0 fnt\n|faint|p1a: Vamp\n|\n|-weather|Snow|[upkeep]\n|-heal|p2a: Venusaur|41\/100|[from] item: Leftovers\n|upkeep\n|\n|t:|1700319404\n|switch|p1a: Sparky|Jolteon, M|38\/100\n|turn|28\n|\n|t:|1700319408\n|move|p1a: Sparky|Weather Ball|p2a: Venusaur\n|-supereffective|p2a: Venusaur\n|-damage|p2a: Venusaur|0 fnt\n|faint|p2a: Venusaur\n|-damage|p1a: Sparky|28\/100|[from] item: Life Orb\n|\n|-weather|Snow|[upkeep]\n|upkeep\n|\n|t:|1700319414\n|switch|p2a: Latias|Latias-Mega, F, shiny|6\/100 brn\n|turn|29\n|\n|t:|1700319428\n|move|p1a: Sparky|Weather Ball|p2a: Latias\n|-supereffective|p2a: Latias\n|-damage|p2a: Latias|0 fnt\n|faint|p2a: Latias\n|-damage|p1a: Sparky|18\/100|[from] item: Life Orb\n|\n|win|sparkyboii200\n","uploadtime":1700319436,"views":7,"p1id":"sparkyboii200","p2id":"cosmior","formatid":"gen9nationaldex","rating":0,"private":0,"password":""}