{"id":"gen9nationaldex-1988375999","p1":"ZenKei","p2":"kuroko1314","format":"[Gen 9] National Dex","log":"|j|\u2606ZenKei\n|j|\u2606kuroko1314\n|t:|1699715830\n|gametype|singles\n|player|p1|ZenKei|elesa-masters2|1175\n|player|p2|kuroko1314|dawn|1287\n|teamsize|p1|6\n|teamsize|p2|6\n|gen|9\n|tier|[Gen 9] National Dex\n|rated|\n|rule|HP Percentage Mod: HP is shown in percentages\n|rule|Endless Battle Clause: Forcing endless battles is banned\n|rule|OHKO Clause: OHKO moves are banned\n|rule|Evasion Clause: Evasion abilities, items, and moves are banned\n|rule|Evasion Abilities Clause: Evasion abilities are banned\n|rule|Evasion Items Clause: Evasion items are banned\n|rule|Evasion Moves Clause: Evasion moves are banned\n|rule|Species Clause: Limit one of each Pok\u00e9mon\n|rule|Sleep Clause Mod: Limit one foe put to sleep\n|clearpoke\n|poke|p1|Froslass, F|\n|poke|p1|Toxapex, F|\n|poke|p1|Hydreigon, M|\n|poke|p1|Grapploct, M|\n|poke|p1|Golisopod, M|\n|poke|p1|Ferrothorn, M|\n|poke|p2|Zoroark-Hisui, F|\n|poke|p2|Heatran, M|\n|poke|p2|Kommo-o, M|\n|poke|p2|Blaziken, M|\n|poke|p2|Banette, M|\n|poke|p2|Garganacl, M|\n|teampreview\n|inactive|Battle timer is ON: inactive players will automatically lose when time's up. (requested by kuroko1314)\n|\n|t:|1699715841\n|start\n|switch|p1a: Grapploct|Grapploct, M|100\/100\n|switch|p2a: Blaziken|Blaziken, M|100\/100\n|turn|1\n|\n|t:|1699715848\n|move|p2a: Blaziken|Swords Dance|p2a: Blaziken\n|-boost|p2a: Blaziken|atk|2\n|move|p1a: Grapploct|Octolock|p2a: Blaziken\n|-start|p2a: Blaziken|move: Octolock|[of] p1a: Grapploct\n|\n|-unboost|p2a: Blaziken|def|1\n|-unboost|p2a: Blaziken|spd|1\n|-ability|p2a: Blaziken|Speed Boost|boost\n|-boost|p2a: Blaziken|spe|1\n|upkeep\n|turn|2\n|\n|t:|1699715857\n|move|p2a: Blaziken|Swords Dance|p2a: Blaziken\n|-boost|p2a: Blaziken|atk|2\n|move|p1a: Grapploct|Topsy-Turvy|p2a: Blaziken\n|-invertboost|p2a: Blaziken|[from] move: Topsy-Turvy\n|\n|-unboost|p2a: Blaziken|def|1\n|-unboost|p2a: Blaziken|spd|1\n|-ability|p2a: Blaziken|Speed Boost|boost\n|-boost|p2a: Blaziken|spe|1\n|upkeep\n|turn|3\n|\n|t:|1699715868\n|move|p2a: Blaziken|Swords Dance|p2a: Blaziken\n|-boost|p2a: Blaziken|atk|2\n|move|p1a: Grapploct|Soak|p2a: Blaziken\n|-start|p2a: Blaziken|typechange|Water\n|\n|-unboost|p2a: Blaziken|def|1\n|-unboost|p2a: Blaziken|spd|1\n|-ability|p2a: Blaziken|Speed Boost|boost\n|-boost|p2a: Blaziken|spe|1\n|upkeep\n|turn|4\n|\n|t:|1699715884\n|move|p2a: Blaziken|Shadow Claw|p1a: Grapploct\n|-damage|p1a: Grapploct|91\/100\n|move|p1a: Grapploct|Soak|p2a: Blaziken\n|-fail|p2a: Blaziken\n|\n|-heal|p1a: Grapploct|97\/100|[from] item: Leftovers\n|-unboost|p2a: Blaziken|def|1\n|-unboost|p2a: Blaziken|spd|1\n|-ability|p2a: Blaziken|Speed Boost|boost\n|-boost|p2a: Blaziken|spe|1\n|upkeep\n|turn|5\n|\n|t:|1699715895\n|move|p2a: Blaziken|Shadow Claw|p1a: Grapploct\n|-damage|p1a: Grapploct|87\/100\n|move|p1a: Grapploct|Soak|p2a: Blaziken\n|-fail|p2a: Blaziken\n|\n|-heal|p1a: Grapploct|93\/100|[from] item: Leftovers\n|-unboost|p2a: Blaziken|def|1\n|-unboost|p2a: Blaziken|spd|1\n|-ability|p2a: Blaziken|Speed Boost|boost\n|-boost|p2a: Blaziken|spe|1\n|upkeep\n|turn|6\n|\n|t:|1699715906\n|move|p2a: Blaziken|Swords Dance|p2a: Blaziken\n|-boost|p2a: Blaziken|atk|2\n|move|p1a: Grapploct|Soak|p2a: Blaziken\n|-fail|p2a: Blaziken\n|\n|-heal|p1a: Grapploct|99\/100|[from] item: Leftovers\n|-unboost|p2a: Blaziken|def|1\n|-unboost|p2a: Blaziken|spd|1\n|-ability|p2a: Blaziken|Speed Boost|boost\n|-boost|p2a: Blaziken|spe|1\n|upkeep\n|turn|7\n|\n|t:|1699715917\n|move|p2a: Blaziken|Shadow Claw|p1a: Grapploct\n|-damage|p1a: Grapploct|77\/100\n|move|p1a: Grapploct|Soak|p2a: Blaziken\n|-fail|p2a: Blaziken\n|\n|-heal|p1a: Grapploct|83\/100|[from] item: Leftovers\n|-unboost|p2a: Blaziken|def|1\n|-unboost|p2a: Blaziken|spd|1\n|-ability|p2a: Blaziken|Speed Boost|boost\n|-boost|p2a: Blaziken|spe|1\n|upkeep\n|turn|8\n|\n|t:|1699715927\n|move|p2a: Blaziken|Shadow Claw|p1a: Grapploct\n|-crit|p1a: Grapploct\n|-damage|p1a: Grapploct|54\/100\n|move|p1a: Grapploct|Topsy-Turvy|p2a: Blaziken\n|-invertboost|p2a: Blaziken|[from] move: Topsy-Turvy\n|\n|-heal|p1a: Grapploct|60\/100|[from] item: Leftovers\n|-unboost|p2a: Blaziken|def|1\n|-unboost|p2a: Blaziken|spd|1\n|-ability|p2a: Blaziken|Speed Boost|boost\n|-boost|p2a: Blaziken|spe|1\n|upkeep\n|turn|9\n|\n|t:|1699715940\n|switch|p1a: Golisopod|Golisopod, M|100\/100\n|move|p2a: Blaziken|Shadow Claw|p1a: Golisopod\n|-damage|p1a: Golisopod|85\/100\n|\n|-end|p2a: Blaziken|Octolock|[partiallytrapped]|[silent]\n|-ability|p2a: Blaziken|Speed Boost|boost\n|-boost|p2a: Blaziken|spe|1\n|upkeep\n|turn|10\n|\n|t:|1699715950\n|-terastallize|p1a: Golisopod|Poison\n|move|p1a: Golisopod|Psych Up|p2a: Blaziken\n|-copyboost|p1a: Golisopod|p2a: Blaziken|[from] move: Psych Up\n|move|p2a: Blaziken|Swords Dance|p2a: Blaziken\n|-boost|p2a: Blaziken|atk|2\n|\n|-ability|p2a: Blaziken|Speed Boost|boost\n|-boost|p2a: Blaziken|spe|1\n|upkeep\n|turn|11\n|\n|t:|1699715964\n|move|p2a: Blaziken|Swords Dance|p2a: Blaziken\n|-boost|p2a: Blaziken|atk|2\n|move|p1a: Golisopod|Drill Run|p2a: Blaziken\n|-damage|p2a: Blaziken|83\/100\n|\n|-ability|p2a: Blaziken|Speed Boost|boost\n|-boost|p2a: Blaziken|spe|1\n|upkeep\n|turn|12\n|\n|t:|1699715971\n|move|p2a: Blaziken|Swords Dance|p2a: Blaziken\n|-boost|p2a: Blaziken|atk|2\n|move|p1a: Golisopod|Drill Run|p2a: Blaziken\n|-damage|p2a: Blaziken|69\/100\n|\n|-ability|p2a: Blaziken|Speed Boost|boost\n|-boost|p2a: Blaziken|spe|1\n|upkeep\n|turn|13\n|\n|t:|1699715980\n|move|p2a: Blaziken|Shadow Claw|p1a: Golisopod\n|-damage|p1a: Golisopod|61\/100\n|move|p1a: Golisopod|Drill Run|p2a: Blaziken\n|-damage|p2a: Blaziken|53\/100\n|\n|-ability|p2a: Blaziken|Speed Boost|boost\n|-boost|p2a: Blaziken|spe|1\n|upkeep\n|turn|14\n|\n|t:|1699715988\n|move|p2a: Blaziken|Shadow Claw|p1a: Golisopod\n|-damage|p1a: Golisopod|40\/100\n|-activate|p1a: Golisopod|ability: Emergency Exit\n|\n|t:|1699715995\n|switch|p1a: Wive|Froslass, F|100\/100\n|\n|-ability|p2a: Blaziken|Speed Boost|boost\n|-boost|p2a: Blaziken|spe|1\n|upkeep\n|turn|15\n|\n|t:|1699716003\n|move|p2a: Blaziken|Endure|p2a: Blaziken\n|-singleturn|p2a: Blaziken|move: Endure\n|move|p1a: Wive|Psych Up|p2a: Blaziken\n|-copyboost|p1a: Wive|p2a: Blaziken|[from] move: Psych Up\n|\n|-ability|p2a: Blaziken|Speed Boost|boost\n|-boost|p2a: Blaziken|spe|1\n|upkeep\n|turn|16\n|\n|t:|1699716013\n|move|p2a: Blaziken|Shadow Claw|p1a: Wive\n|-supereffective|p1a: Wive\n|-damage|p1a: Wive|0 fnt\n|faint|p1a: Wive\n|\n|-ability|p2a: Blaziken|Speed Boost|boost\n|-boost|p2a: Blaziken|spe|1\n|upkeep\n|\n|t:|1699716025\n|switch|p1a: Golisopod|Golisopod, M, tera:Poison|40\/100\n|turn|17\n|\n|t:|1699716031\n|move|p2a: Blaziken|Shadow Claw|p1a: Golisopod\n|-damage|p1a: Golisopod|0 fnt\n|faint|p1a: Golisopod\n|\n|-ability|p2a: Blaziken|Speed Boost|boost\n|-boost|p2a: Blaziken|spe|1\n|upkeep\n|\n|t:|1699716037\n|switch|p1a: Grapploct|Grapploct, M|60\/100\n|turn|18\n|\n|t:|1699716042\n|move|p2a: Blaziken|Shadow Claw|p1a: Grapploct\n|-damage|p1a: Grapploct|0 fnt\n|faint|p1a: Grapploct\n|\n|-ability|p2a: Blaziken|Speed Boost|boost\n|-boost|p2a: Blaziken|spe|1\n|upkeep\n|c|\u2606kuroko1314|\uff1f\n|c|\u2606ZenKei|:(\n|\n|t:|1699716060\n|switch|p1a: Toxapex|Toxapex, F|100\/100\n|turn|19\n|\n|t:|1699716065\n|move|p2a: Blaziken|Shadow Claw|p1a: Toxapex\n|-damage|p1a: Toxapex|41\/100\n|move|p1a: Toxapex|Block|p2a: Blaziken\n|-activate|p2a: Blaziken|trapped\n|\n|-heal|p1a: Toxapex|48\/100|[from] item: Black Sludge\n|upkeep\n|turn|20\n|\n|t:|1699716071\n|move|p2a: Blaziken|Shadow Claw|p1a: Toxapex\n|-damage|p1a: Toxapex|0 fnt\n|faint|p1a: Toxapex\n|\n|upkeep\n|-message|ZenKei forfeited.\n|\n|win|kuroko1314\n|raw|ZenKei's rating: 1175 &rarr; <strong>1158<\/strong><br \/>(-17 for losing)\n|raw|kuroko1314's rating: 1287 &rarr; <strong>1304<\/strong><br \/>(+17 for winning)\n|l|\u2606ZenKei\n","uploadtime":1699716085,"views":6,"p1id":"zenkei","p2id":"kuroko1314","formatid":"gen9nationaldex","rating":1158,"private":0,"password":""}