{"id":"gen9nationaldex-1999127156","p1":"1iketheripper","p2":"fatlumpofpoop","format":"[Gen 9] National Dex","log":"|html|<div class=\"broadcast-blue\"><strong>[Gen 9] National Dex is currently suspecting Sneasler! For information on how to participate check out the <a href=\"https:\/\/www.smogon.com\/forums\/threads\/sv-national-dex-suspect-8-just-dance.3731534\/\">suspect thread<\/a>.<\/strong><\/div>\n|j|\u26061iketheripper\n|j|\u2606fatlumpofpoop\n|t:|1701036053\n|gametype|singles\n|player|p1|1iketheripper|silver|1142\n|player|p2|fatlumpofpoop|firebreather|1177\n|teamsize|p1|6\n|teamsize|p2|6\n|gen|9\n|tier|[Gen 9] National Dex\n|rated|\n|rule|HP Percentage Mod: HP is shown in percentages\n|rule|Endless Battle Clause: Forcing endless battles is banned\n|rule|OHKO Clause: OHKO moves are banned\n|rule|Evasion Clause: Evasion abilities, items, and moves are banned\n|rule|Evasion Abilities Clause: Evasion abilities are banned\n|rule|Evasion Items Clause: Evasion items are banned\n|rule|Evasion Moves Clause: Evasion moves are banned\n|rule|Species Clause: Limit one of each Pok\u00e9mon\n|rule|Sleep Clause Mod: Limit one foe put to sleep\n|clearpoke\n|poke|p1|Landorus-Therian, M|\n|poke|p1|Clodsire, F|\n|poke|p1|Dragonite, M|\n|poke|p1|Zapdos|\n|poke|p1|Latios, M|\n|poke|p1|Ferrothorn, F|\n|poke|p2|Scizor, M|\n|poke|p2|Heatran, F|\n|poke|p2|Gliscor, M|\n|poke|p2|Rotom-Wash|\n|poke|p2|Ambipom, F|\n|poke|p2|Goodra-Hisui, F|\n|teampreview\n|\n|t:|1701036092\n|start\n|switch|p1a: Ferrothorn|Ferrothorn, F|100\/100\n|switch|p2a: Vampire|Gliscor, M|100\/100\n|turn|1\n|\n|t:|1701036099\n|move|p2a: Vampire|Taunt|p1a: Ferrothorn\n|-start|p1a: Ferrothorn|move: Taunt\n|cant|p1a: Ferrothorn|move: Taunt|Leech Seed\n|\n|-status|p2a: Vampire|tox|[from] item: Toxic Orb\n|upkeep\n|turn|2\n|\n|t:|1701036107\n|switch|p1a: Dragonite|Dragonite, M|100\/100\n|move|p2a: Vampire|Stealth Rock|p1a: Dragonite\n|-sidestart|p1: 1iketheripper|move: Stealth Rock\n|\n|upkeep\n|turn|3\n|\n|t:|1701036115\n|move|p2a: Vampire|Knock Off|p1a: Dragonite\n|-damage|p1a: Dragonite|90\/100\n|-enditem|p1a: Dragonite|Silk Scarf|[from] move: Knock Off|[of] p2a: Vampire\n|move|p1a: Dragonite|Dragon Dance|p1a: Dragonite\n|-boost|p1a: Dragonite|atk|1\n|-boost|p1a: Dragonite|spe|1\n|\n|upkeep\n|turn|4\n|\n|t:|1701036131\n|switch|p2a: Toad|Heatran, F|100\/100\n|move|p1a: Dragonite|Dragon Dance|p1a: Dragonite\n|-boost|p1a: Dragonite|atk|1\n|-boost|p1a: Dragonite|spe|1\n|\n|upkeep\n|turn|5\n|\n|t:|1701036140\n|move|p1a: Dragonite|Earthquake|p2a: Toad\n|-supereffective|p2a: Toad\n|-damage|p2a: Toad|0 fnt\n|faint|p2a: Toad\n|\n|upkeep\n|\n|t:|1701036150\n|switch|p2a: Redbutt|Ambipom, F, shiny|100\/100\n|turn|6\n|\n|t:|1701036156\n|move|p2a: Redbutt|Fake Out|p1a: Dragonite\n|-damage|p1a: Dragonite|65\/100\n|cant|p1a: Dragonite|flinch\n|\n|upkeep\n|turn|7\n|inactive|Battle timer is ON: inactive players will automatically lose when time's up. (requested by fatlumpofpoop)\n|\n|t:|1701036235\n|move|p1a: Dragonite|Roost|p1a: Dragonite\n|-heal|p1a: Dragonite|100\/100\n|-singleturn|p1a: Dragonite|move: Roost\n|move|p2a: Redbutt|Last Resort|p1a: Dragonite\n|-damage|p1a: Dragonite|70\/100\n|\n|upkeep\n|turn|8\n|\n|t:|1701036242\n|move|p1a: Dragonite|Extreme Speed|p2a: Redbutt\n|-damage|p2a: Redbutt|4\/100\n|move|p2a: Redbutt|Last Resort|p1a: Dragonite\n|-damage|p1a: Dragonite|12\/100\n|\n|upkeep\n|turn|9\n|\n|t:|1701036257\n|move|p1a: Dragonite|Extreme Speed|p2a: Redbutt\n|-damage|p2a: Redbutt|0 fnt\n|faint|p2a: Redbutt\n|\n|upkeep\n|\n|t:|1701036266\n|switch|p2a: Rolex|Scizor, M|100\/100\n|turn|10\n|\n|t:|1701036276\n|switch|p1a: Ferrothorn|Ferrothorn, F|100\/100\n|-damage|p1a: Ferrothorn|94\/100|[from] Stealth Rock\n|detailschange|p2a: Rolex|Scizor-Mega, M\n|-mega|p2a: Rolex|Scizor|Scizorite\n|move|p2a: Rolex|Bullet Punch|p1a: Ferrothorn\n|-resisted|p1a: Ferrothorn\n|-damage|p1a: Ferrothorn|80\/100\n|-damage|p2a: Rolex|88\/100|[from] ability: Iron Barbs|[of] p1a: Ferrothorn\n|-damage|p2a: Rolex|71\/100|[from] item: Rocky Helmet|[of] p1a: Ferrothorn\n|\n|upkeep\n|turn|11\n|\n|t:|1701036296\n|move|p2a: Rolex|U-turn|p1a: Ferrothorn\n|-damage|p1a: Ferrothorn|52\/100\n|-damage|p2a: Rolex|59\/100|[from] ability: Iron Barbs|[of] p1a: Ferrothorn\n|-damage|p2a: Rolex|42\/100|[from] item: Rocky Helmet|[of] p1a: Ferrothorn\n|\n|t:|1701036301\n|switch|p2a: Antisocial Club|Goodra-Hisui, F|100\/100|[from] U-turn\n|move|p1a: Ferrothorn|Leech Seed|p2a: Antisocial Club\n|-ability|p2a: Antisocial Club|Sap Sipper|boost\n|-boost|p2a: Antisocial Club|atk|1\n|\n|upkeep\n|turn|12\n|l|\u26061iketheripper\n|inactive|1iketheripper disconnected and has a minute to reconnect!\n|player|p1|\n|j|\u26061iketheripper\n|inactive|1iketheripper reconnected and has 115 seconds left.\n|player|p1|1iketheripper|silver\n|\n|t:|1701036340\n|move|p2a: Antisocial Club|Knock Off|p1a: Ferrothorn\n|-damage|p1a: Ferrothorn|31\/100\n|-damage|p2a: Antisocial Club|88\/100|[from] ability: Iron Barbs|[of] p1a: Ferrothorn\n|-damage|p2a: Antisocial Club|72\/100|[from] item: Rocky Helmet|[of] p1a: Ferrothorn\n|-enditem|p1a: Ferrothorn|Rocky Helmet|[from] move: Knock Off|[of] p2a: Antisocial Club\n|move|p1a: Ferrothorn|Spikes|p2a: Antisocial Club\n|-sidestart|p2: fatlumpofpoop|Spikes\n|\n|upkeep\n|turn|13\n|inactive|1iketheripper has 120 seconds left.\n|\n|t:|1701036357\n|switch|p1a: Zapdos|Zapdos|100\/100\n|move|p2a: Antisocial Club|Dragon Tail|p1a: Zapdos\n|-damage|p1a: Zapdos|74\/100\n|-status|p2a: Antisocial Club|par|[from] ability: Static|[of] p1a: Zapdos\n|drag|p1a: Dragonite|Dragonite, M|12\/100\n|-damage|p1a: Dragonite|0 fnt|[from] Stealth Rock\n|faint|p1a: Dragonite\n|\n|upkeep\n|\n|t:|1701036368\n|switch|p1a: Zapdos|Zapdos|74\/100\n|turn|14\n|\n|t:|1701036376\n|move|p1a: Zapdos|Defog|p2a: Antisocial Club\n|-unboost|p2a: Antisocial Club|evasion|1\n|-sideend|p2: fatlumpofpoop|Spikes|[from] move: Defog|[of] p1a: Zapdos\n|-sideend|p1: 1iketheripper|Stealth Rock|[from] move: Defog|[of] p1a: Zapdos\n|move|p2a: Antisocial Club|Draco Meteor|p1a: Zapdos\n|-damage|p1a: Zapdos|30\/100\n|-unboost|p2a: Antisocial Club|spa|2\n|\n|upkeep\n|turn|15\n|inactive|1iketheripper has 120 seconds left.\n|\n|t:|1701036385\n|move|p1a: Zapdos|Roost|p1a: Zapdos\n|-heal|p1a: Zapdos|80\/100\n|-singleturn|p1a: Zapdos|move: Roost\n|move|p2a: Antisocial Club|Knock Off|p1a: Zapdos\n|-damage|p1a: Zapdos|52\/100\n|-enditem|p1a: Zapdos|Heavy-Duty Boots|[from] move: Knock Off|[of] p2a: Antisocial Club\n|\n|upkeep\n|turn|16\n|\n|t:|1701036396\n|switch|p2a: Vampire|Gliscor, M|100\/100 tox\n|move|p1a: Zapdos|Volt Switch|p2a: Vampire\n|-immune|p2a: Vampire\n|\n|upkeep\n|turn|17\n|\n|t:|1701036407\n|switch|p1a: Latios|Latios, M|100\/100\n|move|p2a: Vampire|Stealth Rock|p1a: Latios\n|-sidestart|p1: 1iketheripper|move: Stealth Rock\n|\n|upkeep\n|turn|18\n|\n|t:|1701036415\n|detailschange|p1a: Latios|Latios-Mega, M\n|-mega|p1a: Latios|Latios|Latiosite\n|move|p1a: Latios|Psychic|p2a: Vampire\n|-damage|p2a: Vampire|28\/100 tox\n|move|p2a: Vampire|Knock Off|p1a: Latios\n|-supereffective|p1a: Latios\n|-crit|p1a: Latios\n|-damage|p1a: Latios|55\/100\n|\n|-heal|p2a: Vampire|40\/100 tox|[from] ability: Poison Heal\n|upkeep\n|turn|19\n|\n|t:|1701036433\n|switch|p2a: Antisocial Club|Goodra-Hisui, F|72\/100 par\n|move|p1a: Latios|Roost|p1a: Latios\n|-heal|p1a: Latios|100\/100\n|-singleturn|p1a: Latios|move: Roost\n|\n|upkeep\n|turn|20\n|\n|t:|1701036440\n|move|p1a: Latios|Aura Sphere|p2a: Antisocial Club\n|-supereffective|p2a: Antisocial Club\n|-damage|p2a: Antisocial Club|51\/100 par\n|move|p2a: Antisocial Club|Draco Meteor|p1a: Latios\n|-supereffective|p1a: Latios\n|-damage|p1a: Latios|1\/100\n|-unboost|p2a: Antisocial Club|spa|2\n|\n|upkeep\n|turn|21\n|\n|t:|1701036451\n|move|p1a: Latios|Roost|p1a: Latios\n|-heal|p1a: Latios|51\/100\n|-singleturn|p1a: Latios|move: Roost\n|cant|p2a: Antisocial Club|par\n|\n|upkeep\n|turn|22\n|\n|t:|1701036459\n|move|p1a: Latios|Mystical Fire|p2a: Antisocial Club\n|-damage|p2a: Antisocial Club|41\/100 par\n|-unboost|p2a: Antisocial Club|spa|1\n|move|p2a: Antisocial Club|Dragon Tail|p1a: Latios\n|-supereffective|p1a: Latios\n|-damage|p1a: Latios|6\/100\n|drag|p1a: Landorus|Landorus-Therian, M|100\/100\n|-damage|p1a: Landorus|88\/100|[from] Stealth Rock\n|-ability|p1a: Landorus|Intimidate|boost\n|-unboost|p2a: Antisocial Club|atk|1\n|\n|upkeep\n|turn|23\n|\n|t:|1701036478\n|switch|p2a: Terminator|Rotom-Wash|100\/100\n|move|p1a: Landorus|Knock Off|p2a: Terminator\n|-damage|p2a: Terminator|50\/100\n|-enditem|p2a: Terminator|Choice Scarf|[from] move: Knock Off|[of] p1a: Landorus\n|\n|upkeep\n|turn|24\n|\n|t:|1701036489\n|move|p1a: Landorus|U-turn|p2a: Terminator\n|-damage|p2a: Terminator|13\/100\n|\n|t:|1701036495\n|switch|p1a: Zapdos|Zapdos|52\/100|[from] U-turn\n|-damage|p1a: Zapdos|28\/100|[from] Stealth Rock\n|move|p2a: Terminator|Hydro Pump|p1a: Zapdos\n|-damage|p1a: Zapdos|0 fnt\n|faint|p1a: Zapdos\n|\n|upkeep\n|\n|t:|1701036499\n|switch|p1a: Clodsire|Clodsire, F|100\/100\n|-damage|p1a: Clodsire|94\/100|[from] Stealth Rock\n|turn|25\n|\n|t:|1701036511\n|move|p2a: Terminator|Trick|p1a: Clodsire\n|-activate|p2a: Terminator|move: Trick|[of] p1a: Clodsire\n|-enditem|p1a: Clodsire|Leftovers|[silent]|[from] move: Trick\n|-item|p2a: Terminator|Leftovers|[from] move: Trick\n|move|p1a: Clodsire|Stealth Rock|p2a: Terminator\n|-sidestart|p2: fatlumpofpoop|move: Stealth Rock\n|\n|-heal|p2a: Terminator|20\/100|[from] item: Leftovers\n|upkeep\n|turn|26\n|\n|t:|1701036523\n|switch|p2a: Vampire|Gliscor, M|40\/100 tox\n|-damage|p2a: Vampire|28\/100 tox|[from] Stealth Rock\n|move|p1a: Clodsire|Toxic|p2a: Vampire\n|-fail|p2a: Vampire|tox\n|\n|-heal|p2a: Vampire|40\/100 tox|[from] ability: Poison Heal\n|upkeep\n|turn|27\n|\n|t:|1701036533\n|switch|p1a: Ferrothorn|Ferrothorn, F|31\/100\n|-damage|p1a: Ferrothorn|24\/100|[from] Stealth Rock\n|move|p2a: Vampire|Taunt|p1a: Ferrothorn\n|-start|p1a: Ferrothorn|move: Taunt\n|\n|-heal|p2a: Vampire|52\/100 tox|[from] ability: Poison Heal\n|upkeep\n|turn|28\n|\n|t:|1701036543\n|move|p2a: Vampire|Defog|p1a: Ferrothorn\n|-unboost|p1a: Ferrothorn|evasion|1\n|-sideend|p1: 1iketheripper|Stealth Rock|[from] move: Defog|[of] p2a: Vampire\n|-sideend|p2: fatlumpofpoop|Stealth Rock|[from] move: Defog|[of] p2a: Vampire\n|move|p1a: Ferrothorn|Power Whip|p2a: Vampire\n|-damage|p2a: Vampire|24\/100 tox\n|\n|-heal|p2a: Vampire|36\/100 tox|[from] ability: Poison Heal\n|upkeep\n|turn|29\n|\n|t:|1701036553\n|move|p2a: Vampire|Stealth Rock|p1a: Ferrothorn\n|-sidestart|p1: 1iketheripper|move: Stealth Rock\n|move|p1a: Ferrothorn|Power Whip|p2a: Vampire\n|-damage|p2a: Vampire|5\/100 tox\n|\n|-heal|p2a: Vampire|17\/100 tox|[from] ability: Poison Heal\n|-end|p1a: Ferrothorn|move: Taunt\n|upkeep\n|turn|30\n|\n|t:|1701036561\n|move|p2a: Vampire|Taunt|p1a: Ferrothorn\n|-start|p1a: Ferrothorn|move: Taunt\n|move|p1a: Ferrothorn|Power Whip|p2a: Vampire\n|-crit|p2a: Vampire\n|-damage|p2a: Vampire|0 fnt\n|faint|p2a: Vampire\n|\n|upkeep\n|\n|t:|1701036581\n|switch|p2a: Rolex|Scizor-Mega, M|42\/100\n|turn|31\n|\n|t:|1701036585\n|switch|p1a: Landorus|Landorus-Therian, M|88\/100\n|-damage|p1a: Landorus|76\/100|[from] Stealth Rock\n|-ability|p1a: Landorus|Intimidate|boost\n|-unboost|p2a: Rolex|atk|1\n|move|p2a: Rolex|Roost|p2a: Rolex\n|-heal|p2a: Rolex|92\/100\n|-singleturn|p2a: Rolex|move: Roost\n|\n|upkeep\n|turn|32\n|\n|t:|1701036595\n|move|p1a: Landorus|U-turn|p2a: Rolex\n|-resisted|p2a: Rolex\n|-damage|p2a: Rolex|82\/100\n|\n|t:|1701036599\n|switch|p1a: Ferrothorn|Ferrothorn, F|24\/100|[from] U-turn\n|-damage|p1a: Ferrothorn|18\/100|[from] Stealth Rock\n|move|p2a: Rolex|Swords Dance|p2a: Rolex\n|-boost|p2a: Rolex|atk|2\n|\n|upkeep\n|turn|33\n|\n|t:|1701036607\n|move|p2a: Rolex|Bullet Punch|p1a: Ferrothorn\n|-resisted|p1a: Ferrothorn\n|-damage|p1a: Ferrothorn|0 fnt\n|-damage|p2a: Rolex|70\/100|[from] ability: Iron Barbs|[of] p1a: Ferrothorn\n|faint|p1a: Ferrothorn\n|\n|upkeep\n|\n|t:|1701036610\n|switch|p1a: Landorus|Landorus-Therian, M|76\/100\n|-damage|p1a: Landorus|64\/100|[from] Stealth Rock\n|-ability|p1a: Landorus|Intimidate|boost\n|-unboost|p2a: Rolex|atk|1\n|turn|34\n|\n|t:|1701036618\n|move|p2a: Rolex|Bullet Punch|p1a: Landorus\n|-damage|p1a: Landorus|15\/100\n|move|p1a: Landorus|Earthquake|p2a: Rolex\n|-damage|p2a: Rolex|30\/100\n|\n|upkeep\n|turn|35\n|\n|t:|1701036624\n|switch|p1a: Clodsire|Clodsire, F|94\/100\n|-damage|p1a: Clodsire|88\/100|[from] Stealth Rock\n|move|p2a: Rolex|Bullet Punch|p1a: Clodsire\n|-damage|p1a: Clodsire|47\/100\n|\n|upkeep\n|turn|36\n|\n|t:|1701036635\n|move|p2a: Rolex|Roost|p2a: Rolex\n|-heal|p2a: Rolex|80\/100\n|-singleturn|p2a: Rolex|move: Roost\n|move|p1a: Clodsire|Recover|p1a: Clodsire\n|-heal|p1a: Clodsire|97\/100\n|\n|upkeep\n|turn|37\n|\n|t:|1701036641\n|move|p2a: Rolex|Swords Dance|p2a: Rolex\n|-boost|p2a: Rolex|atk|2\n|move|p1a: Clodsire|Stealth Rock|p2a: Rolex\n|-sidestart|p2: fatlumpofpoop|move: Stealth Rock\n|\n|upkeep\n|turn|38\n|\n|t:|1701036649\n|move|p2a: Rolex|Swords Dance|p2a: Rolex\n|-boost|p2a: Rolex|atk|2\n|move|p1a: Clodsire|Earthquake|p2a: Rolex\n|-damage|p2a: Rolex|59\/100\n|\n|upkeep\n|turn|39\n|\n|t:|1701036655\n|move|p2a: Rolex|Bullet Punch|p1a: Clodsire\n|-crit|p1a: Clodsire\n|-damage|p1a: Clodsire|32\/100\n|move|p1a: Clodsire|Earthquake|p2a: Rolex\n|-damage|p2a: Rolex|39\/100\n|\n|upkeep\n|turn|40\n|\n|t:|1701036662\n|move|p2a: Rolex|Bullet Punch|p1a: Clodsire\n|-damage|p1a: Clodsire|0 fnt\n|faint|p1a: Clodsire\n|\n|upkeep\n|\n|t:|1701036665\n|switch|p1a: Latios|Latios-Mega, M|6\/100\n|-damage|p1a: Latios|0 fnt|[from] Stealth Rock\n|faint|p1a: Latios\n|\n|t:|1701036666\n|switch|p1a: Landorus|Landorus-Therian, M|15\/100\n|-damage|p1a: Landorus|3\/100|[from] Stealth Rock\n|-ability|p1a: Landorus|Intimidate|boost\n|-unboost|p2a: Rolex|atk|1\n|turn|41\n|-message|1iketheripper forfeited.\n|\n|win|fatlumpofpoop\n|raw|1iketheripper's rating: 1142 &rarr; <strong>1120<\/strong><br \/>(-22 for losing)\n|raw|fatlumpofpoop's rating: 1177 &rarr; <strong>1199<\/strong><br \/>(+22 for winning)\n|l|\u26061iketheripper\n","uploadtime":1701036680,"views":2,"p1id":"1iketheripper","p2id":"fatlumpofpoop","formatid":"gen9nationaldex","rating":1120,"private":0,"password":""}