{"id":"gen9nationaldex-1999360689","p1":"misternp","p2":"sumperkenny","format":"[Gen 9] National Dex","log":"|html|<div class=\"broadcast-blue\"><strong>[Gen 9] National Dex is currently suspecting Sneasler! For information on how to participate check out the <a href=\"https:\/\/www.smogon.com\/forums\/threads\/sv-national-dex-suspect-8-just-dance.3731534\/\">suspect thread<\/a>.<\/strong><\/div>\n|j|\u2606misternp\n|j|\u2606sumperkenny\n|t:|1701066658\n|gametype|singles\n|player|p1|misternp|koga|1137\n|player|p2|sumperkenny|fisherman-gen4|1170\n|teamsize|p1|6\n|teamsize|p2|6\n|gen|9\n|tier|[Gen 9] National Dex\n|rated|\n|rule|HP Percentage Mod: HP is shown in percentages\n|rule|Endless Battle Clause: Forcing endless battles is banned\n|rule|OHKO Clause: OHKO moves are banned\n|rule|Evasion Clause: Evasion abilities, items, and moves are banned\n|rule|Evasion Abilities Clause: Evasion abilities are banned\n|rule|Evasion Items Clause: Evasion items are banned\n|rule|Evasion Moves Clause: Evasion moves are banned\n|rule|Species Clause: Limit one of each Pok\u00e9mon\n|rule|Sleep Clause Mod: Limit one foe put to sleep\n|clearpoke\n|poke|p1|Corviknight, M|\n|poke|p1|Feraligatr, M|\n|poke|p1|Alakazam, M|\n|poke|p1|Muk-Alola, M|\n|poke|p1|Golisopod, M|\n|poke|p1|Arbok, M|\n|poke|p2|Latias, F|\n|poke|p2|Skeledirge, F|\n|poke|p2|Clefable, F|\n|poke|p2|Ferrothorn, F|\n|poke|p2|Gliscor, F|\n|poke|p2|Tornadus-Therian, M|\n|teampreview\n|inactive|Battle timer is ON: inactive players will automatically lose when time's up. (requested by sumperkenny)\n|\n|t:|1701066666\n|start\n|switch|p1a: Jafar|Arbok, M|100\/100\n|switch|p2a: Ferrothorn|Ferrothorn, F|100\/100\n|-ability|p1a: Jafar|Intimidate|boost\n|-unboost|p2a: Ferrothorn|atk|1\n|turn|1\n|c|\u2606sumperkenny|Charbok!!!\n|\n|t:|1701066676\n|move|p1a: Jafar|Coil|p1a: Jafar\n|-boost|p1a: Jafar|atk|1\n|-boost|p1a: Jafar|def|1\n|-boost|p1a: Jafar|accuracy|1\n|move|p2a: Ferrothorn|Knock Off|p1a: Jafar\n|-damage|p1a: Jafar|82\/100\n|-enditem|p1a: Jafar|Loaded Dice|[from] move: Knock Off|[of] p2a: Ferrothorn\n|\n|upkeep\n|turn|2\n|c|\u2606misternp|char!\n|\n|t:|1701066689\n|move|p1a: Jafar|Coil|p1a: Jafar\n|-boost|p1a: Jafar|atk|1\n|-boost|p1a: Jafar|def|1\n|-boost|p1a: Jafar|accuracy|1\n|move|p2a: Ferrothorn|Stealth Rock|p1a: Jafar\n|-sidestart|p1: misternp|move: Stealth Rock\n|\n|upkeep\n|turn|3\n|\n|t:|1701066696\n|-terastallize|p1a: Jafar|Ground\n|move|p1a: Jafar|Earthquake|p2a: Ferrothorn\n|-damage|p2a: Ferrothorn|41\/100\n|move|p2a: Ferrothorn|Leech Seed|p1a: Jafar\n|-start|p1a: Jafar|move: Leech Seed\n|\n|-heal|p2a: Ferrothorn|47\/100|[from] item: Leftovers\n|-damage|p1a: Jafar|70\/100|[from] Leech Seed|[of] p2a: Ferrothorn\n|-heal|p2a: Ferrothorn|56\/100|[silent]\n|upkeep\n|turn|4\n|\n|t:|1701066719\n|switch|p2a: Latias|Latias, F|100\/100\n|move|p1a: Jafar|Coil|p1a: Jafar\n|-boost|p1a: Jafar|atk|1\n|-boost|p1a: Jafar|def|1\n|-boost|p1a: Jafar|accuracy|1\n|\n|-damage|p1a: Jafar|58\/100|[from] Leech Seed|[of] p2a: Latias\n|upkeep\n|turn|5\n|\n|t:|1701066733\n|detailschange|p2a: Latias|Latias-Mega, F\n|-mega|p2a: Latias|Latias|Latiasite\n|move|p2a: Latias|Calm Mind|p2a: Latias\n|-boost|p2a: Latias|spa|1\n|-boost|p2a: Latias|spd|1\n|move|p1a: Jafar|Scale Shot|p2a: Latias\n|-supereffective|p2a: Latias\n|-damage|p2a: Latias|72\/100\n|-supereffective|p2a: Latias\n|-damage|p2a: Latias|43\/100\n|-hitcount|p2a: Latias|2\n|-unboost|p1a: Jafar|def|1\n|-boost|p1a: Jafar|spe|1\n|\n|-damage|p1a: Jafar|45\/100|[from] Leech Seed|[of] p2a: Latias\n|-heal|p2a: Latias|52\/100|[silent]\n|upkeep\n|turn|6\n|\n|t:|1701066748\n|move|p1a: Jafar|Scale Shot|p2a: Latias\n|-supereffective|p2a: Latias\n|-damage|p2a: Latias|22\/100\n|-supereffective|p2a: Latias\n|-damage|p2a: Latias|0 fnt\n|faint|p2a: Latias\n|-hitcount|p2: Latias|2\n|-unboost|p1a: Jafar|def|1\n|-boost|p1a: Jafar|spe|1\n|\n|upkeep\n|\n|t:|1701066756\n|switch|p2a: Clefable|Clefable, F|100\/100\n|turn|7\n|\n|t:|1701066759\n|move|p1a: Jafar|Gunk Shot|p2a: Clefable\n|-supereffective|p2a: Clefable\n|-damage|p2a: Clefable|0 fnt\n|faint|p2a: Clefable\n|\n|upkeep\n|\n|t:|1701066771\n|switch|p2a: Tornadus|Tornadus-Therian, M|100\/100\n|turn|8\n|\n|t:|1701066777\n|move|p1a: Jafar|Gunk Shot|p2a: Tornadus\n|-damage|p2a: Tornadus|0 fnt\n|faint|p2a: Tornadus\n|\n|upkeep\n|c|\u2606sumperkenny|the arbok climax\n|c|\u2606sumperkenny|gg\n|\n|t:|1701066785\n|switch|p2a: Gliscor|Gliscor, F|100\/100\n|turn|9\n|c|\u2606misternp|gg\n|\n|t:|1701066790\n|-terastallize|p2a: Gliscor|Steel\n|move|p1a: Jafar|Scale Shot|p2a: Gliscor\n|-resisted|p2a: Gliscor\n|-damage|p2a: Gliscor|93\/100\n|-resisted|p2a: Gliscor\n|-damage|p2a: Gliscor|87\/100\n|-resisted|p2a: Gliscor\n|-damage|p2a: Gliscor|81\/100\n|-hitcount|p2a: Gliscor|3\n|-unboost|p1a: Jafar|def|1\n|-boost|p1a: Jafar|spe|1\n|move|p2a: Gliscor|Earthquake|p1a: Jafar\n|-damage|p1a: Jafar|0 fnt\n|faint|p1a: Jafar\n|\n|upkeep\n|c|\u2606misternp|rude\n|c|\u2606sumperkenny|:fearful:\n|\n|t:|1701066815\n|switch|p1a: Spoons|Alakazam, M|100\/100\n|turn|10\n|\n|t:|1701066820\n|move|p1a: Spoons|Focus Blast|p2a: Gliscor\n|-supereffective|p2a: Gliscor\n|-damage|p2a: Gliscor|0 fnt\n|faint|p2a: Gliscor\n|\n|upkeep\n|\n|t:|1701066823\n|switch|p2a: Skeledirge|Skeledirge, F|100\/100\n|turn|11\n|\n|t:|1701066830\n|switch|p1a: Yeast|Muk-Alola, M, shiny|100\/100\n|-damage|p1a: Yeast|88\/100|[from] Stealth Rock\n|move|p2a: Skeledirge|Torch Song|p1a: Yeast\n|-damage|p1a: Yeast|71\/100\n|-boost|p2a: Skeledirge|spa|1\n|\n|-heal|p1a: Yeast|77\/100|[from] item: Black Sludge\n|upkeep\n|turn|12\n|\n|t:|1701066835\n|move|p2a: Skeledirge|Will-O-Wisp|p1a: Yeast\n|-status|p1a: Yeast|brn\n|move|p1a: Yeast|Knock Off|p2a: Skeledirge\n|-supereffective|p2a: Skeledirge\n|-damage|p2a: Skeledirge|73\/100\n|-enditem|p2a: Skeledirge|Heavy-Duty Boots|[from] move: Knock Off|[of] p1a: Yeast\n|\n|-heal|p1a: Yeast|83\/100 brn|[from] item: Black Sludge\n|-damage|p1a: Yeast|77\/100 brn|[from] brn\n|upkeep\n|turn|13\n|\n|t:|1701066844\n|move|p2a: Skeledirge|Torch Song|p1a: Yeast\n|-damage|p1a: Yeast|51\/100 brn\n|-boost|p2a: Skeledirge|spa|1\n|move|p1a: Yeast|Poison Fang|p2a: Skeledirge\n|-resisted|p2a: Skeledirge\n|-damage|p2a: Skeledirge|69\/100\n|\n|-heal|p1a: Yeast|57\/100 brn|[from] item: Black Sludge\n|-damage|p1a: Yeast|51\/100 brn|[from] brn\n|upkeep\n|turn|14\n|\n|t:|1701066854\n|move|p2a: Skeledirge|Torch Song|p1a: Yeast\n|-damage|p1a: Yeast|13\/100 brn\n|-boost|p2a: Skeledirge|spa|1\n|move|p1a: Yeast|Poison Fang|p2a: Skeledirge\n|-resisted|p2a: Skeledirge\n|-damage|p2a: Skeledirge|66\/100\n|\n|-heal|p1a: Yeast|19\/100 brn|[from] item: Black Sludge\n|-damage|p1a: Yeast|13\/100 brn|[from] brn\n|upkeep\n|turn|15\n|\n|t:|1701066865\n|move|p2a: Skeledirge|Slack Off|p2a: Skeledirge\n|-heal|p2a: Skeledirge|100\/100\n|move|p1a: Yeast|Poison Fang|p2a: Skeledirge\n|-resisted|p2a: Skeledirge\n|-damage|p2a: Skeledirge|97\/100\n|-status|p2a: Skeledirge|psn|[from] ability: Poison Touch|[of] p1a: Yeast\n|\n|-heal|p1a: Yeast|19\/100 brn|[from] item: Black Sludge\n|-damage|p2a: Skeledirge|85\/100 psn|[from] psn\n|-damage|p1a: Yeast|13\/100 brn|[from] brn\n|upkeep\n|turn|16\n|\n|t:|1701066871\n|move|p1a: Yeast|Protect|p1a: Yeast\n|-singleturn|p1a: Yeast|Protect\n|move|p2a: Skeledirge|Torch Song|p1a: Yeast\n|-activate|p1a: Yeast|move: Protect\n|\n|-heal|p1a: Yeast|19\/100 brn|[from] item: Black Sludge\n|-damage|p2a: Skeledirge|73\/100 psn|[from] psn\n|-damage|p1a: Yeast|13\/100 brn|[from] brn\n|upkeep\n|turn|17\n|\n|t:|1701066882\n|move|p1a: Yeast|Protect||[still]\n|-fail|p1a: Yeast\n|move|p2a: Skeledirge|Torch Song|p1a: Yeast\n|-damage|p1a: Yeast|0 fnt\n|-boost|p2a: Skeledirge|spa|1\n|faint|p1a: Yeast\n|\n|-damage|p2a: Skeledirge|60\/100 psn|[from] psn\n|upkeep\n|\n|t:|1701066884\n|switch|p1a: Sobi|Feraligatr, M|100\/100\n|-damage|p1a: Sobi|88\/100|[from] Stealth Rock\n|turn|18\n|\n|t:|1701066888\n|move|p1a: Sobi|Liquidation|p2a: Skeledirge\n|-supereffective|p2a: Skeledirge\n|-damage|p2a: Skeledirge|0 fnt\n|faint|p2a: Skeledirge\n|\n|upkeep\n|\n|t:|1701066891\n|switch|p2a: Ferrothorn|Ferrothorn, F|56\/100\n|turn|19\n|\n|t:|1701066896\n|move|p1a: Sobi|Dragon Dance|p1a: Sobi\n|-boost|p1a: Sobi|atk|1\n|-boost|p1a: Sobi|spe|1\n|move|p2a: Ferrothorn|Leech Seed|p1a: Sobi\n|-start|p1a: Sobi|move: Leech Seed\n|\n|-heal|p2a: Ferrothorn|62\/100|[from] item: Leftovers\n|-damage|p1a: Sobi|76\/100|[from] Leech Seed|[of] p2a: Ferrothorn\n|-heal|p2a: Ferrothorn|73\/100|[silent]\n|upkeep\n|turn|20\n|\n|t:|1701066898\n|move|p1a: Sobi|Dragon Dance|p1a: Sobi\n|-boost|p1a: Sobi|atk|1\n|-boost|p1a: Sobi|spe|1\n|move|p2a: Ferrothorn|Power Whip|p1a: Sobi\n|-supereffective|p1a: Sobi\n|-damage|p1a: Sobi|0 fnt\n|faint|p1a: Sobi\n|\n|-heal|p2a: Ferrothorn|79\/100|[from] item: Leftovers\n|upkeep\n|\n|t:|1701066902\n|switch|p1a: Grievous|Golisopod, M|100\/100\n|turn|21\n|\n|t:|1701066910\n|move|p1a: Grievous|Knock Off|p2a: Ferrothorn\n|-damage|p2a: Ferrothorn|52\/100\n|-damage|p1a: Grievous|88\/100|[from] ability: Iron Barbs|[of] p2a: Ferrothorn\n|-enditem|p2a: Ferrothorn|Leftovers|[from] move: Knock Off|[of] p1a: Grievous\n|move|p2a: Ferrothorn|Leech Seed|p1a: Grievous\n|-start|p1a: Grievous|move: Leech Seed\n|\n|-damage|p1a: Grievous|76\/100|[from] Leech Seed|[of] p2a: Ferrothorn\n|-heal|p2a: Ferrothorn|64\/100|[silent]\n|upkeep\n|turn|22\n|\n|t:|1701066912\n|switch|p1a: Jericho|Corviknight, M|100\/100\n|-damage|p1a: Jericho|88\/100|[from] Stealth Rock\n|-ability|p1a: Jericho|Pressure\n|move|p2a: Ferrothorn|Power Whip|p1a: Jericho\n|-resisted|p1a: Jericho\n|-damage|p1a: Jericho|82\/100\n|\n|-heal|p1a: Jericho|88\/100|[from] item: Leftovers\n|upkeep\n|turn|23\n|\n|t:|1701066914\n|move|p1a: Jericho|Defog|p2a: Ferrothorn\n|-unboost|p2a: Ferrothorn|evasion|1\n|-sideend|p1: misternp|Stealth Rock|[from] move: Defog|[of] p1a: Jericho\n|move|p2a: Ferrothorn|Leech Seed|p1a: Jericho\n|-start|p1a: Jericho|move: Leech Seed\n|\n|-heal|p1a: Jericho|94\/100|[from] item: Leftovers\n|-damage|p1a: Jericho|82\/100|[from] Leech Seed|[of] p2a: Ferrothorn\n|-heal|p2a: Ferrothorn|78\/100|[silent]\n|upkeep\n|turn|24\n|\n|t:|1701066918\n|move|p1a: Jericho|U-turn|p2a: Ferrothorn\n|-damage|p2a: Ferrothorn|66\/100\n|-damage|p1a: Jericho|69\/100|[from] ability: Iron Barbs|[of] p2a: Ferrothorn\n|\n|t:|1701066920\n|switch|p1a: Grievous|Golisopod, M|76\/100|[from] U-turn\n|move|p2a: Ferrothorn|Knock Off|p1a: Grievous\n|-crit|p1a: Grievous\n|-damage|p1a: Grievous|53\/100\n|-enditem|p1a: Grievous|Heavy-Duty Boots|[from] move: Knock Off|[of] p2a: Ferrothorn\n|\n|upkeep\n|turn|25\n|\n|t:|1701066924\n|move|p1a: Grievous|First Impression|p2a: Ferrothorn\n|-damage|p2a: Ferrothorn|30\/100\n|-damage|p1a: Grievous|40\/100|[from] ability: Iron Barbs|[of] p2a: Ferrothorn\n|-activate|p1a: Grievous|ability: Emergency Exit\n|\n|t:|1701066930\n|switch|p1a: Spoons|Alakazam, M|100\/100\n|move|p2a: Ferrothorn|Power Whip|p1a: Spoons\n|-damage|p1a: Spoons|0 fnt\n|faint|p1a: Spoons\n|\n|upkeep\n|\n|t:|1701066934\n|switch|p1a: Grievous|Golisopod, M|40\/100\n|turn|26\n|\n|t:|1701066937\n|move|p1a: Grievous|First Impression|p2a: Ferrothorn\n|-damage|p2a: Ferrothorn|0 fnt\n|-damage|p1a: Grievous|28\/100|[from] ability: Iron Barbs|[of] p2a: Ferrothorn\n|faint|p2a: Ferrothorn\n|\n|win|misternp\n|raw|misternp's rating: 1137 &rarr; <strong>1164<\/strong><br \/>(+27 for winning)\n|raw|sumperkenny's rating: 1170 &rarr; <strong>1143<\/strong><br \/>(-27 for losing)\n|c|\u2606sumperkenny|gg\n|c|\u2606misternp|now gg\n","uploadtime":1701066944,"views":2,"p1id":"misternp","p2id":"sumperkenny","formatid":"gen9nationaldex","rating":1143,"private":0,"password":""}