{"id":"gen9nationaldex-1987399225","p1":"PyroGaleZX","p2":"HeirEhm","format":"[Gen 9] National Dex","log":"|j|\u2606PyroGaleZX\n|j|\u2606HeirEhm\n|t:|1699586315\n|gametype|singles\n|player|p1|PyroGaleZX|grusha|\n|player|p2|HeirEhm|cynthia-gen7|\n|teamsize|p1|6\n|teamsize|p2|6\n|gen|9\n|tier|[Gen 9] National Dex\n|rule|HP Percentage Mod: HP is shown in percentages\n|rule|Endless Battle Clause: Forcing endless battles is banned\n|rule|OHKO Clause: OHKO moves are banned\n|rule|Evasion Clause: Evasion abilities, items, and moves are banned\n|rule|Evasion Abilities Clause: Evasion abilities are banned\n|rule|Evasion Items Clause: Evasion items are banned\n|rule|Evasion Moves Clause: Evasion moves are banned\n|rule|Species Clause: Limit one of each Pok\u00e9mon\n|rule|Sleep Clause Mod: Limit one foe put to sleep\n|clearpoke\n|poke|p1|Samurott-Hisui, F|\n|poke|p1|Enamorus-Therian, F|\n|poke|p1|Arcanine, F|\n|poke|p1|Umbreon, F|\n|poke|p1|Spiritomb, F|\n|poke|p1|Pawmo, M|\n|poke|p2|Garganacl, F|\n|poke|p2|Ceruledge, F|\n|poke|p2|Klefki, F|\n|poke|p2|Electrode-Hisui|\n|poke|p2|Chansey, F|\n|poke|p2|Murkrow, F|\n|teampreview\n|j| lunchbox5536\n|\n|t:|1699586334\n|start\n|switch|p1a: Arcanine|Arcanine, F|100\/100\n|switch|p2a: Jingle Jingle|Klefki, F|100\/100\n|-ability|p1a: Arcanine|Intimidate|boost\n|-unboost|p2a: Jingle Jingle|atk|1\n|turn|1\n|\n|t:|1699586377\n|-terastallize|p2a: Jingle Jingle|Dark\n|move|p2a: Jingle Jingle|Reflect|p2a: Jingle Jingle\n|-sidestart|p2: HeirEhm|Reflect\n|move|p1a: Arcanine|Flare Blitz|p2a: Jingle Jingle\n|-damage|p2a: Jingle Jingle|83\/100\n|-damage|p1a: Arcanine|96\/100|[from] Recoil\n|\n|upkeep\n|turn|2\n|\n|t:|1699586415\n|switch|p1a: Enamorus|Enamorus-Therian, F|100\/100\n|move|p2a: Jingle Jingle|Foul Play|p1a: Enamorus\n|-resisted|p1a: Enamorus\n|-damage|p1a: Enamorus|87\/100\n|\n|upkeep\n|turn|3\n|\n|t:|1699586426\n|move|p2a: Jingle Jingle|Light Screen|p2a: Jingle Jingle\n|-sidestart|p2: HeirEhm|move: Light Screen\n|move|p1a: Enamorus|Calm Mind|p1a: Enamorus\n|-boost|p1a: Enamorus|spa|1\n|-boost|p1a: Enamorus|spd|1\n|\n|upkeep\n|turn|4\n|\n|t:|1699586445\n|switch|p2a: Murkrow|Murkrow, F|100\/100\n|move|p1a: Enamorus|Calm Mind|p1a: Enamorus\n|-boost|p1a: Enamorus|spa|1\n|-boost|p1a: Enamorus|spd|1\n|\n|upkeep\n|turn|5\n|\n|t:|1699586461\n|move|p2a: Murkrow|Haze|p2a: Murkrow\n|-clearallboost\n|move|p1a: Enamorus|Draining Kiss|p2a: Murkrow\n|-supereffective|p2a: Murkrow\n|-damage|p2a: Murkrow|67\/100\n|-heal|p1a: Enamorus|100\/100|[from] drain|[of] p2a: Murkrow\n|\n|upkeep\n|turn|6\n|\n|t:|1699586467\n|switch|p2a: Beyblade beyblade|Electrode-Hisui|100\/100\n|move|p1a: Enamorus|Calm Mind|p1a: Enamorus\n|-boost|p1a: Enamorus|spa|1\n|-boost|p1a: Enamorus|spd|1\n|\n|upkeep\n|turn|7\n|\n|t:|1699586471\n|switch|p1a: Pawmo|Pawmo, M|100\/100\n|move|p2a: Beyblade beyblade|Thunderbolt|p1a: Pawmo\n|-resisted|p1a: Pawmo\n|-damage|p1a: Pawmo|83\/100\n|-damage|p2a: Beyblade beyblade|91\/100|[from] item: Life Orb\n|\n|upkeep\n|turn|8\n|\n|t:|1699586483\n|move|p2a: Beyblade beyblade|Volt Switch|p1a: Pawmo\n|-resisted|p1a: Pawmo\n|-damage|p1a: Pawmo|68\/100\n|-damage|p2a: Beyblade beyblade|81\/100|[from] item: Life Orb\n|\n|t:|1699586498\n|switch|p2a: RegiSalt|Garganacl, F, shiny|100\/100|[from] Volt Switch\n|move|p1a: Pawmo|Wish|p1a: Pawmo\n|\n|-sideend|p2: HeirEhm|Reflect\n|upkeep\n|turn|9\n|\n|t:|1699586509\n|move|p1a: Pawmo|Rest|p1a: Pawmo\n|-status|p1a: Pawmo|slp|[from] move: Rest\n|-heal|p1a: Pawmo|100\/100 slp|[silent]\n|move|p2a: RegiSalt|Iron Defense|p2a: RegiSalt\n|-boost|p2a: RegiSalt|def|2\n|\n|upkeep\n|turn|10\n|\n|t:|1699586523\n|-curestatus|p1a: Pawmo|slp|[from] ability: Natural Cure\n|switch|p1a: Enamorus|Enamorus-Therian, F|100\/100\n|move|p2a: RegiSalt|Iron Defense|p2a: RegiSalt\n|-boost|p2a: RegiSalt|def|2\n|\n|-sideend|p2: HeirEhm|move: Light Screen\n|upkeep\n|turn|11\n|\n|t:|1699586533\n|move|p1a: Enamorus|Calm Mind|p1a: Enamorus\n|-boost|p1a: Enamorus|spa|1\n|-boost|p1a: Enamorus|spd|1\n|move|p2a: RegiSalt|Salt Cure|p1a: Enamorus\n|-supereffective|p1a: Enamorus\n|-damage|p1a: Enamorus|74\/100\n|-start|p1a: Enamorus|Salt Cure\n|\n|-damage|p1a: Enamorus|62\/100|[from] Salt Cure\n|upkeep\n|turn|12\n|\n|t:|1699586547\n|switch|p2a: SWORDSFORHANDS|Ceruledge, F|100\/100\n|move|p1a: Enamorus|Draining Kiss|p2a: SWORDSFORHANDS\n|-resisted|p2a: SWORDSFORHANDS\n|-damage|p2a: SWORDSFORHANDS|73\/100\n|-heal|p1a: Enamorus|85\/100|[from] drain|[of] p2a: SWORDSFORHANDS\n|\n|-damage|p1a: Enamorus|72\/100|[from] Salt Cure\n|upkeep\n|turn|13\n|j| w0909\n|\n|t:|1699586564\n|move|p2a: SWORDSFORHANDS|Bitter Blade|p1a: Enamorus\n|-damage|p1a: Enamorus|30\/100\n|-heal|p2a: SWORDSFORHANDS|98\/100|[from] drain|[of] p1a: Enamorus\n|move|p1a: Enamorus|Earth Power|p2a: SWORDSFORHANDS\n|-supereffective|p2a: SWORDSFORHANDS\n|-damage|p2a: SWORDSFORHANDS|0 fnt\n|faint|p2a: SWORDSFORHANDS\n|\n|-damage|p1a: Enamorus|17\/100|[from] Salt Cure\n|upkeep\n|\n|t:|1699586571\n|switch|p2a: Beyblade beyblade|Electrode-Hisui|81\/100\n|turn|14\n|\n|t:|1699586576\n|switch|p1a: Pawmo|Pawmo, M|100\/100\n|move|p2a: Beyblade beyblade|Thunderbolt|p1a: Pawmo\n|-resisted|p1a: Pawmo\n|-damage|p1a: Pawmo|83\/100\n|-damage|p2a: Beyblade beyblade|71\/100|[from] item: Life Orb\n|\n|upkeep\n|turn|15\n|\n|t:|1699586591\n|move|p1a: Pawmo|Fake Out|p2a: Beyblade beyblade\n|-damage|p2a: Beyblade beyblade|57\/100\n|cant|p2a: Beyblade beyblade|flinch\n|\n|upkeep\n|turn|16\n|\n|t:|1699586597\n|move|p2a: Beyblade beyblade|Thunderbolt|p1a: Pawmo\n|-resisted|p1a: Pawmo\n|-damage|p1a: Pawmo|65\/100\n|-damage|p2a: Beyblade beyblade|47\/100|[from] item: Life Orb\n|move|p1a: Pawmo|Wish|p1a: Pawmo\n|\n|upkeep\n|turn|17\n|\n|t:|1699586608\n|move|p2a: Beyblade beyblade|Volt Switch|p1a: Pawmo\n|-resisted|p1a: Pawmo\n|-damage|p1a: Pawmo|50\/100\n|-damage|p2a: Beyblade beyblade|37\/100|[from] item: Life Orb\n|\n|t:|1699586610\n|switch|p2a: Wambulance|Chansey, F|100\/100|[from] Volt Switch\n|move|p1a: Pawmo|Volt Switch|p2a: Wambulance\n|-damage|p2a: Wambulance|94\/100\n|\n|t:|1699586620\n|switch|p1a: Samurott|Samurott-Hisui, F|100\/100|[from] Volt Switch\n|\n|upkeep\n|turn|18\n|\n|t:|1699586632\n|move|p1a: Samurott|Knock Off|p2a: Wambulance\n|-damage|p2a: Wambulance|26\/100\n|-damage|p1a: Samurott|84\/100|[from] item: Rocky Helmet|[of] p2a: Wambulance\n|-enditem|p2a: Wambulance|Rocky Helmet|[from] move: Knock Off|[of] p1a: Samurott\n|move|p2a: Wambulance|Thunderbolt|p1a: Samurott\n|-supereffective|p1a: Samurott\n|-damage|p1a: Samurott|40\/100\n|-status|p1a: Samurott|par\n|\n|upkeep\n|turn|19\n|\n|t:|1699586658\n|switch|p1a: Pawmo|Pawmo, M|50\/100\n|switch|p2a: RegiSalt|Garganacl, F, shiny|100\/100\n|\n|upkeep\n|turn|20\n|\n|t:|1699586665\n|move|p1a: Pawmo|Wish|p1a: Pawmo\n|move|p2a: RegiSalt|Salt Cure|p1a: Pawmo\n|-resisted|p1a: Pawmo\n|-damage|p1a: Pawmo|39\/100\n|-start|p1a: Pawmo|Salt Cure\n|\n|-damage|p1a: Pawmo|27\/100|[from] Salt Cure\n|upkeep\n|turn|21\n|\n|t:|1699586696\n|switch|p1a: Enamorus|Enamorus-Therian, F|17\/100\n|move|p2a: RegiSalt|Iron Defense|p2a: RegiSalt\n|-boost|p2a: RegiSalt|def|2\n|\n|-heal|p1a: Enamorus|63\/100|[from] move: Wish|[wisher] Pawmo\n|upkeep\n|turn|22\n|\n|t:|1699586705\n|move|p1a: Enamorus|Calm Mind|p1a: Enamorus\n|-boost|p1a: Enamorus|spa|1\n|-boost|p1a: Enamorus|spd|1\n|move|p2a: RegiSalt|Salt Cure|p1a: Enamorus\n|-supereffective|p1a: Enamorus\n|-damage|p1a: Enamorus|37\/100\n|-start|p1a: Enamorus|Salt Cure\n|\n|-damage|p1a: Enamorus|25\/100|[from] Salt Cure\n|upkeep\n|turn|23\n|\n|t:|1699586717\n|move|p1a: Enamorus|Earth Power|p2a: RegiSalt\n|-supereffective|p2a: RegiSalt\n|-damage|p2a: RegiSalt|33\/100\n|-unboost|p2a: RegiSalt|spd|1\n|move|p2a: RegiSalt|Salt Cure|p1a: Enamorus\n|-supereffective|p1a: Enamorus\n|-damage|p1a: Enamorus|0 fnt\n|faint|p1a: Enamorus\n|\n|-heal|p2a: RegiSalt|39\/100|[from] item: Leftovers\n|upkeep\n|\n|t:|1699586740\n|switch|p1a: Pawmo|Pawmo, M|27\/100\n|turn|24\n|\n|t:|1699586750\n|move|p1a: Pawmo|Wish|p1a: Pawmo\n|move|p2a: RegiSalt|Recover|p2a: RegiSalt\n|-heal|p2a: RegiSalt|89\/100\n|\n|-heal|p2a: RegiSalt|95\/100|[from] item: Leftovers\n|upkeep\n|turn|25\n|\n|t:|1699586772\n|move|p1a: Pawmo|Volt Switch|p2a: RegiSalt\n|-damage|p2a: RegiSalt|83\/100\n|\n|t:|1699586778\n|switch|p1a: Spiritomb|Spiritomb, F, shiny|100\/100|[from] Volt Switch\n|move|p2a: RegiSalt|Salt Cure|p1a: Spiritomb\n|-damage|p1a: Spiritomb|85\/100\n|-start|p1a: Spiritomb|Salt Cure\n|\n|-heal|p1a: Spiritomb|100\/100|[from] move: Wish|[wisher] Pawmo\n|-heal|p2a: RegiSalt|89\/100|[from] item: Leftovers\n|-damage|p1a: Spiritomb|88\/100|[from] Salt Cure\n|upkeep\n|turn|26\n|\n|t:|1699586789\n|move|p2a: RegiSalt|Salt Cure|p1a: Spiritomb\n|-damage|p1a: Spiritomb|72\/100\n|move|p1a: Spiritomb|Calm Mind|p1a: Spiritomb\n|-boost|p1a: Spiritomb|spa|1\n|-boost|p1a: Spiritomb|spd|1\n|\n|-heal|p2a: RegiSalt|96\/100|[from] item: Leftovers\n|-damage|p1a: Spiritomb|60\/100|[from] Salt Cure\n|upkeep\n|turn|27\n|\n|t:|1699586816\n|switch|p2a: Wambulance|Chansey, F|26\/100\n|move|p1a: Spiritomb|Dark Pulse|p2a: Wambulance\n|-damage|p2a: Wambulance|0 fnt\n|faint|p2a: Wambulance\n|\n|-damage|p1a: Spiritomb|48\/100|[from] Salt Cure\n|upkeep\n|\n|t:|1699586829\n|switch|p2a: Jingle Jingle|Klefki, F, tera:Dark|83\/100\n|turn|28\n|\n|t:|1699586845\n|switch|p1a: Pawmo|Pawmo, M|27\/100\n|move|p2a: Jingle Jingle|Play Rough|p1a: Pawmo|[miss]\n|-miss|p2a: Jingle Jingle|p1a: Pawmo\n|\n|upkeep\n|turn|29\n|\n|t:|1699586852\n|move|p1a: Pawmo|Wish|p1a: Pawmo\n|move|p2a: Jingle Jingle|Play Rough|p1a: Pawmo\n|-supereffective|p1a: Pawmo\n|-damage|p1a: Pawmo|0 fnt\n|faint|p1a: Pawmo\n|\n|upkeep\n|c| w0909|L\n|c| w0909|L\n|c| w0909|L\n|c| w0909|L\n|c| w0909|L\n|c| w0909|You dropped somthin\n|c| w0909|L\n|\n|t:|1699586883\n|switch|p1a: Spiritomb|Spiritomb, F, shiny|48\/100\n|turn|30\n|c| w0909|L\n|\n|t:|1699586902\n|move|p2a: Jingle Jingle|Play Rough|p1a: Spiritomb\n|-supereffective|p1a: Spiritomb\n|-damage|p1a: Spiritomb|0 fnt\n|faint|p1a: Spiritomb\n|\n|upkeep\n|\n|t:|1699586905\n|switch|p1a: Arcanine|Arcanine, F|96\/100\n|-ability|p1a: Arcanine|Intimidate|boost\n|-unboost|p2a: Jingle Jingle|atk|1\n|turn|31\n|\n|t:|1699586919\n|switch|p1a: Samurott|Samurott-Hisui, F|40\/100 par\n|move|p2a: Jingle Jingle|Reflect|p2a: Jingle Jingle\n|-sidestart|p2: HeirEhm|Reflect\n|\n|upkeep\n|turn|32\n|\n|t:|1699586926\n|move|p2a: Jingle Jingle|Play Rough|p1a: Samurott\n|-supereffective|p1a: Samurott\n|-damage|p1a: Samurott|0 fnt\n|faint|p1a: Samurott\n|\n|upkeep\n|\n|t:|1699586931\n|switch|p1a: Arcanine|Arcanine, F|96\/100\n|-ability|p1a: Arcanine|Intimidate|boost\n|-unboost|p2a: Jingle Jingle|atk|1\n|turn|33\n|\n|t:|1699586934\n|move|p1a: Arcanine|Flare Blitz|p2a: Jingle Jingle\n|-damage|p2a: Jingle Jingle|64\/100\n|-damage|p1a: Arcanine|91\/100|[from] Recoil\n|move|p2a: Jingle Jingle|Foul Play|p1a: Arcanine\n|-damage|p1a: Arcanine|66\/100\n|\n|upkeep\n|turn|34\n|\n|t:|1699586955\n|switch|p2a: Murkrow|Murkrow, F|67\/100\n|move|p1a: Arcanine|Morning Sun|p1a: Arcanine\n|-heal|p1a: Arcanine|100\/100\n|\n|upkeep\n|turn|35\n|\n|t:|1699586965\n|switch|p1a: Umbreon|Umbreon, F|100\/100\n|move|p2a: Murkrow|Air Slash|p1a: Umbreon\n|-damage|p1a: Umbreon|84\/100\n|\n|-heal|p1a: Umbreon|90\/100|[from] item: Leftovers\n|upkeep\n|turn|36\n|\n|t:|1699586981\n|switch|p2a: RegiSalt|Garganacl, F, shiny|96\/100\n|-terastallize|p1a: Umbreon|Poison\n|move|p1a: Umbreon|Toxic|p2a: RegiSalt\n|-immune|p2a: RegiSalt|[from] ability: Purifying Salt\n|\n|-heal|p1a: Umbreon|96\/100|[from] item: Leftovers\n|-heal|p2a: RegiSalt|100\/100|[from] item: Leftovers\n|upkeep\n|turn|37\n|\n|t:|1699586989\n|move|p1a: Umbreon|Foul Play|p2a: RegiSalt\n|-damage|p2a: RegiSalt|89\/100\n|move|p2a: RegiSalt|Salt Cure|p1a: Umbreon\n|-damage|p1a: Umbreon|84\/100\n|-start|p1a: Umbreon|Salt Cure\n|\n|-heal|p1a: Umbreon|90\/100|[from] item: Leftovers\n|-heal|p2a: RegiSalt|96\/100|[from] item: Leftovers\n|-damage|p1a: Umbreon|77\/100|[from] Salt Cure\n|upkeep\n|turn|38\n|\n|t:|1699586995\n|switch|p1a: Arcanine|Arcanine, F|100\/100\n|-ability|p1a: Arcanine|Intimidate|boost\n|-unboost|p2a: RegiSalt|atk|1\n|move|p2a: RegiSalt|Iron Defense|p2a: RegiSalt\n|-boost|p2a: RegiSalt|def|2\n|\n|-heal|p2a: RegiSalt|100\/100|[from] item: Leftovers\n|-sideend|p2: HeirEhm|Reflect\n|upkeep\n|turn|39\n|\n|t:|1699587004\n|move|p1a: Arcanine|Flare Blitz|p2a: RegiSalt\n|-resisted|p2a: RegiSalt\n|-crit|p2a: RegiSalt\n|-damage|p2a: RegiSalt|77\/100\n|-damage|p1a: Arcanine|92\/100|[from] Recoil\n|move|p2a: RegiSalt|Body Press|p1a: Arcanine\n|-damage|p1a: Arcanine|58\/100\n|\n|-heal|p2a: RegiSalt|83\/100|[from] item: Leftovers\n|upkeep\n|turn|40\n|\n|t:|1699587016\n|move|p1a: Arcanine|Flare Blitz|p2a: RegiSalt\n|-resisted|p2a: RegiSalt\n|-damage|p2a: RegiSalt|76\/100\n|-damage|p1a: Arcanine|55\/100|[from] Recoil\n|move|p2a: RegiSalt|Body Press|p1a: Arcanine\n|-damage|p1a: Arcanine|22\/100\n|\n|-heal|p2a: RegiSalt|82\/100|[from] item: Leftovers\n|upkeep\n|turn|41\n|\n|t:|1699587028\n|move|p1a: Arcanine|Flare Blitz|p2a: RegiSalt\n|-resisted|p2a: RegiSalt\n|-damage|p2a: RegiSalt|75\/100\n|-damage|p1a: Arcanine|20\/100|[from] Recoil\n|move|p2a: RegiSalt|Salt Cure|p1a: Arcanine\n|-supereffective|p1a: Arcanine\n|-damage|p1a: Arcanine|5\/100\n|-start|p1a: Arcanine|Salt Cure\n|\n|-heal|p2a: RegiSalt|81\/100|[from] item: Leftovers\n|-damage|p1a: Arcanine|0 fnt|[from] Salt Cure\n|faint|p1a: Arcanine\n|upkeep\n|\n|t:|1699587038\n|switch|p1a: Umbreon|Umbreon, F, tera:Poison|77\/100\n|turn|42\n|\n|t:|1699587044\n|move|p1a: Umbreon|Foul Play|p2a: RegiSalt\n|-damage|p2a: RegiSalt|73\/100\n|move|p2a: RegiSalt|Salt Cure|p1a: Umbreon\n|-damage|p1a: Umbreon|71\/100\n|-start|p1a: Umbreon|Salt Cure\n|\n|-heal|p1a: Umbreon|77\/100|[from] item: Leftovers\n|-heal|p2a: RegiSalt|79\/100|[from] item: Leftovers\n|-damage|p1a: Umbreon|64\/100|[from] Salt Cure\n|upkeep\n|turn|43\n|\n|t:|1699587053\n|move|p1a: Umbreon|Wish|p1a: Umbreon\n|move|p2a: RegiSalt|Body Press|p1a: Umbreon\n|-resisted|p1a: Umbreon\n|-damage|p1a: Umbreon|45\/100\n|\n|-heal|p1a: Umbreon|51\/100|[from] item: Leftovers\n|-heal|p2a: RegiSalt|86\/100|[from] item: Leftovers\n|-damage|p1a: Umbreon|38\/100|[from] Salt Cure\n|upkeep\n|turn|44\n|\n|t:|1699587062\n|move|p1a: Umbreon|Foul Play|p2a: RegiSalt\n|-damage|p2a: RegiSalt|77\/100\n|move|p2a: RegiSalt|Body Press|p1a: Umbreon\n|-resisted|p1a: Umbreon\n|-damage|p1a: Umbreon|21\/100\n|\n|-heal|p1a: Umbreon|71\/100|[from] move: Wish|[wisher] Umbreon\n|-heal|p1a: Umbreon|77\/100|[from] item: Leftovers\n|-heal|p2a: RegiSalt|84\/100|[from] item: Leftovers\n|-damage|p1a: Umbreon|65\/100|[from] Salt Cure\n|upkeep\n|turn|45\n|\n|t:|1699587072\n|move|p1a: Umbreon|Foul Play|p2a: RegiSalt\n|-damage|p2a: RegiSalt|75\/100\n|move|p2a: RegiSalt|Body Press|p1a: Umbreon\n|-resisted|p1a: Umbreon\n|-damage|p1a: Umbreon|45\/100\n|\n|-heal|p1a: Umbreon|52\/100|[from] item: Leftovers\n|-heal|p2a: RegiSalt|81\/100|[from] item: Leftovers\n|-damage|p1a: Umbreon|39\/100|[from] Salt Cure\n|upkeep\n|turn|46\n|\n|t:|1699587083\n|move|p1a: Umbreon|Foul Play|p2a: RegiSalt\n|-damage|p2a: RegiSalt|74\/100\n|move|p2a: RegiSalt|Body Press|p1a: Umbreon\n|-resisted|p1a: Umbreon\n|-damage|p1a: Umbreon|20\/100\n|\n|-heal|p1a: Umbreon|26\/100|[from] item: Leftovers\n|-heal|p2a: RegiSalt|80\/100|[from] item: Leftovers\n|-damage|p1a: Umbreon|13\/100|[from] Salt Cure\n|upkeep\n|turn|47\n|\n|t:|1699587094\n|move|p1a: Umbreon|Foul Play|p2a: RegiSalt\n|-damage|p2a: RegiSalt|73\/100\n|move|p2a: RegiSalt|Body Press|p1a: Umbreon\n|-resisted|p1a: Umbreon\n|-damage|p1a: Umbreon|0 fnt\n|faint|p1a: Umbreon\n|\n|win|HeirEhm\n","uploadtime":1699587097,"views":4,"p1id":"pyrogalezx","p2id":"heirehm","formatid":"gen9nationaldex","rating":0,"private":0,"password":""}