{"id":"gen9nationaldex-1987633899","p1":"Mqwe","p2":"RandoTestAccount","format":"[Gen 9] National Dex","log":"|j|\u2606Mqwe\n|j|\u2606RandoTestAccount\n|t:|1699622156\n|gametype|singles\n|player|p1|Mqwe|cyclistf-gen4|1292\n|player|p2|RandoTestAccount|pokemonrangerf|1444\n|teamsize|p1|6\n|teamsize|p2|6\n|gen|9\n|tier|[Gen 9] National Dex\n|rated|\n|rule|HP Percentage Mod: HP is shown in percentages\n|rule|Endless Battle Clause: Forcing endless battles is banned\n|rule|OHKO Clause: OHKO moves are banned\n|rule|Evasion Clause: Evasion abilities, items, and moves are banned\n|rule|Evasion Abilities Clause: Evasion abilities are banned\n|rule|Evasion Items Clause: Evasion items are banned\n|rule|Evasion Moves Clause: Evasion moves are banned\n|rule|Species Clause: Limit one of each Pok\u00e9mon\n|rule|Sleep Clause Mod: Limit one foe put to sleep\n|clearpoke\n|poke|p1|Banette, F|\n|poke|p1|Alomomola, M|\n|poke|p1|Great Tusk|\n|poke|p1|Ting-Lu|\n|poke|p1|Heatran, M|\n|poke|p1|Corviknight, M|\n|poke|p2|Umbreon, F|\n|poke|p2|Excadrill, F|\n|poke|p2|Corviknight, F|\n|poke|p2|Tapu Fini|\n|poke|p2|Sableye, F|\n|poke|p2|Dragalge, F|\n|teampreview\n|inactive|Battle timer is ON: inactive players will automatically lose when time's up. (requested by RandoTestAccount)\n|inactive|RandoTestAccount has 120 seconds left.\n|\n|t:|1699622193\n|start\n|switch|p1a: Heatran|Heatran, M|100\/100\n|switch|p2a: The Lonesome One|Excadrill, F, shiny|100\/100\n|-ability|p2a: The Lonesome One|Mold Breaker\n|turn|1\n|\n|t:|1699622213\n|switch|p2a: The Droplet Tear|Tapu Fini, shiny|100\/100\n|-fieldstart|move: Misty Terrain|[from] ability: Misty Surge|[of] p2a: The Droplet Tear\n|switch|p1a: Great Tusk|Great Tusk|100\/100\n|\n|upkeep\n|turn|2\n|\n|t:|1699622224\n|-end|p1a: Great Tusk|Protosynthesis|[silent]\n|switch|p1a: Alomomola|Alomomola, M|100\/100\n|move|p2a: The Droplet Tear|Moonblast|p1a: Alomomola\n|-damage|p1a: Alomomola|78\/100\n|-unboost|p1a: Alomomola|spa|1\n|\n|-heal|p1a: Alomomola|84\/100|[from] item: Leftovers\n|upkeep\n|turn|3\n|\n|t:|1699622230\n|move|p2a: The Droplet Tear|Substitute|p2a: The Droplet Tear\n|-start|p2a: The Droplet Tear|Substitute\n|-damage|p2a: The Droplet Tear|76\/100\n|move|p1a: Alomomola|Knock Off|p2a: The Droplet Tear\n|-resisted|p2a: The Droplet Tear\n|-activate|p2a: The Droplet Tear|move: Substitute|[damage]\n|\n|-heal|p2a: The Droplet Tear|82\/100|[from] item: Leftovers\n|-heal|p1a: Alomomola|90\/100|[from] item: Leftovers\n|upkeep\n|turn|4\n|\n|t:|1699622236\n|switch|p1a: Banette|Banette, F|100\/100\n|move|p2a: The Droplet Tear|Calm Mind|p2a: The Droplet Tear\n|-boost|p2a: The Droplet Tear|spa|1\n|-boost|p2a: The Droplet Tear|spd|1\n|\n|-heal|p2a: The Droplet Tear|88\/100|[from] item: Leftovers\n|upkeep\n|turn|5\n|\n|t:|1699622246\n|switch|p2a: Spectre of Emerald|Sableye, F, shiny|100\/100\n|detailschange|p1a: Banette|Banette-Mega, F\n|-mega|p1a: Banette|Banette|Banettite\n|move|p1a: Banette|Shadow Sneak|p2a: Spectre of Emerald\n|-damage|p2a: Spectre of Emerald|77\/100\n|\n|-fieldend|Misty Terrain\n|upkeep\n|turn|6\n|\n|t:|1699622256\n|switch|p1a: Heatran|Heatran, M|100\/100\n|switch|p2a: The Lonesome One|Excadrill, F, shiny|100\/100\n|-ability|p2a: The Lonesome One|Mold Breaker\n|\n|upkeep\n|turn|7\n|\n|t:|1699622261\n|switch|p1a: Corviknight|Corviknight, M|100\/100\n|move|p2a: The Lonesome One|Earthquake|p1a: Corviknight\n|-immune|p1a: Corviknight\n|\n|upkeep\n|turn|8\n|\n|t:|1699622267\n|switch|p2a: Agony Steelheart|Dragalge, F, shiny|100\/100\n|move|p1a: Corviknight|U-turn|p2a: Agony Steelheart\n|-resisted|p2a: Agony Steelheart\n|-damage|p2a: Agony Steelheart|92\/100\n|\n|t:|1699622274\n|switch|p1a: Great Tusk|Great Tusk|100\/100|[from] U-turn\n|\n|-heal|p2a: Agony Steelheart|98\/100|[from] item: Black Sludge\n|upkeep\n|turn|9\n|\n|t:|1699622288\n|switch|p2a: Ephialtes Keeper|Corviknight, F, shiny|100\/100\n|-ability|p2a: Ephialtes Keeper|Pressure\n|move|p1a: Great Tusk|Headlong Rush|p2a: Ephialtes Keeper\n|-immune|p2a: Ephialtes Keeper\n|\n|upkeep\n|turn|10\n|\n|t:|1699622295\n|-zpower|p1a: Great Tusk\n|move|p1a: Great Tusk|Continental Crush|p2a: Ephialtes Keeper|[zeffect]\n|-damage|p2a: Ephialtes Keeper|45\/100\n|move|p2a: Ephialtes Keeper|U-turn|p1a: Great Tusk\n|-resisted|p1a: Great Tusk\n|-damage|p1a: Great Tusk|95\/100\n|\n|t:|1699622306\n|switch|p2a: The Droplet Tear|Tapu Fini, shiny|88\/100|[from] U-turn\n|-fieldstart|move: Misty Terrain|[from] ability: Misty Surge|[of] p2a: The Droplet Tear\n|\n|-heal|p2a: The Droplet Tear|94\/100|[from] item: Leftovers\n|upkeep\n|turn|11\n|\n|t:|1699622317\n|move|p1a: Great Tusk|Headlong Rush|p2a: The Droplet Tear\n|-damage|p2a: The Droplet Tear|47\/100\n|-unboost|p1a: Great Tusk|def|1\n|-unboost|p1a: Great Tusk|spd|1\n|move|p2a: The Droplet Tear|Moonblast|p1a: Great Tusk\n|-supereffective|p1a: Great Tusk\n|-damage|p1a: Great Tusk|0 fnt\n|faint|p1a: Great Tusk\n|-end|p1a: Great Tusk|Protosynthesis|[silent]\n|\n|-heal|p2a: The Droplet Tear|54\/100|[from] item: Leftovers\n|upkeep\n|\n|t:|1699622322\n|switch|p1a: Banette|Banette-Mega, F|100\/100\n|turn|12\n|\n|t:|1699622330\n|switch|p2a: Nika Reanukko|Umbreon, F, shiny|100\/100\n|move|p1a: Banette|Poltergeist|p2a: Nika Reanukko\n|-activate|p2a: Nika Reanukko|move: Poltergeist|Leftovers\n|-resisted|p2a: Nika Reanukko\n|-damage|p2a: Nika Reanukko|76\/100\n|\n|-heal|p2a: Nika Reanukko|82\/100|[from] item: Leftovers\n|upkeep\n|turn|13\n|\n|t:|1699622342\n|switch|p1a: Ting-Lu|Ting-Lu|100\/100\n|-ability|p1a: Ting-Lu|Vessel of Ruin\n|move|p2a: Nika Reanukko|Payback|p1a: Ting-Lu\n|-resisted|p1a: Ting-Lu\n|-damage|p1a: Ting-Lu|98\/100\n|\n|-heal|p2a: Nika Reanukko|88\/100|[from] item: Leftovers\n|-heal|p1a: Ting-Lu|100\/100|[from] item: Leftovers\n|upkeep\n|turn|14\n|l|\u2606RandoTestAccount\n|inactive|RandoTestAccount disconnected and has a minute to reconnect!\n|player|p2|\n|j|\u2606RandoTestAccount\n|inactive|RandoTestAccount reconnected and has 105 seconds left.\n|player|p2|RandoTestAccount|pokemonrangerf\n|inactive|RandoTestAccount has 90 seconds left.\n|\n|t:|1699622404\n|move|p2a: Nika Reanukko|Wish|p2a: Nika Reanukko\n|move|p1a: Ting-Lu|Stealth Rock|p2a: Nika Reanukko\n|-sidestart|p2: RandoTestAccount|move: Stealth Rock\n|\n|-heal|p2a: Nika Reanukko|94\/100|[from] item: Leftovers\n|-fieldend|Misty Terrain\n|upkeep\n|turn|15\n|\n|t:|1699622411\n|switch|p2a: Ephialtes Keeper|Corviknight, F, shiny|45\/100\n|-damage|p2a: Ephialtes Keeper|32\/100|[from] Stealth Rock\n|-ability|p2a: Ephialtes Keeper|Pressure\n|move|p1a: Ting-Lu|Ruination|p2a: Ephialtes Keeper\n|-damage|p2a: Ephialtes Keeper|16\/100\n|\n|-heal|p2a: Ephialtes Keeper|75\/100|[from] move: Wish|[wisher] Nika Reanukko\n|upkeep\n|turn|16\n|\n|t:|1699622420\n|move|p2a: Ephialtes Keeper|Defog|p1a: Ting-Lu\n|-unboost|p1a: Ting-Lu|evasion|1\n|-sideend|p2: RandoTestAccount|Stealth Rock|[from] move: Defog|[of] p2a: Ephialtes Keeper\n|move|p1a: Ting-Lu|Ruination|p2a: Ephialtes Keeper\n|-damage|p2a: Ephialtes Keeper|38\/100\n|\n|upkeep\n|turn|17\n|\n|t:|1699622428\n|switch|p2a: Spectre of Emerald|Sableye, F, shiny|77\/100\n|move|p1a: Ting-Lu|Stealth Rock|p2a: Spectre of Emerald\n|-sidestart|p2: RandoTestAccount|move: Stealth Rock\n|\n|upkeep\n|turn|18\n|inactive|RandoTestAccount has 120 seconds left.\n|\n|t:|1699622435\n|detailschange|p2a: Spectre of Emerald|Sableye-Mega, F, shiny\n|-mega|p2a: Spectre of Emerald|Sableye|Sablenite\n|move|p1a: Ting-Lu|Ruination|p2a: Spectre of Emerald\n|-damage|p2a: Spectre of Emerald|39\/100\n|move|p2a: Spectre of Emerald|Calm Mind|p2a: Spectre of Emerald\n|-boost|p2a: Spectre of Emerald|spa|1\n|-boost|p2a: Spectre of Emerald|spd|1\n|\n|upkeep\n|turn|19\n|\n|t:|1699622443\n|move|p1a: Ting-Lu|Earthquake|p2a: Spectre of Emerald\n|-damage|p2a: Spectre of Emerald|14\/100\n|move|p2a: Spectre of Emerald|Recover|p2a: Spectre of Emerald\n|-heal|p2a: Spectre of Emerald|64\/100\n|\n|upkeep\n|turn|20\n|\n|t:|1699622453\n|move|p2a: Spectre of Emerald|Will-O-Wisp|p1a: Ting-Lu\n|-status|p1a: Ting-Lu|brn\n|move|p1a: Ting-Lu|Whirlwind|p2a: Spectre of Emerald\n|move|p2a: Spectre of Emerald|Whirlwind|p1a: Ting-Lu|[from]ability: Magic Bounce\n|drag|p1a: Alomomola|Alomomola, M|100\/100\n|\n|upkeep\n|turn|21\n|\n|t:|1699622464\n|move|p1a: Alomomola|Flip Turn|p2a: Spectre of Emerald\n|-damage|p2a: Spectre of Emerald|52\/100\n|\n|t:|1699622467\n|switch|p1a: Heatran|Heatran, M|100\/100|[from] Flip Turn\n|move|p2a: Spectre of Emerald|Calm Mind|p2a: Spectre of Emerald\n|-boost|p2a: Spectre of Emerald|spa|1\n|-boost|p2a: Spectre of Emerald|spd|1\n|\n|upkeep\n|turn|22\n|\n|t:|1699622473\n|move|p1a: Heatran|Magma Storm|p2a: Spectre of Emerald\n|-damage|p2a: Spectre of Emerald|31\/100\n|-activate|p2a: Spectre of Emerald|move: Magma Storm|[of] p1a: Heatran\n|move|p2a: Spectre of Emerald|Recover|p2a: Spectre of Emerald\n|-heal|p2a: Spectre of Emerald|81\/100\n|\n|-damage|p2a: Spectre of Emerald|69\/100|[from] move: Magma Storm|[partiallytrapped]\n|upkeep\n|turn|23\n|\n|t:|1699622482\n|move|p1a: Heatran|Earth Power|p2a: Spectre of Emerald\n|-damage|p2a: Spectre of Emerald|54\/100\n|move|p2a: Spectre of Emerald|Recover|p2a: Spectre of Emerald\n|-heal|p2a: Spectre of Emerald|100\/100\n|\n|-damage|p2a: Spectre of Emerald|88\/100|[from] move: Magma Storm|[partiallytrapped]\n|upkeep\n|turn|24\n|\n|t:|1699622485\n|move|p1a: Heatran|Earth Power|p2a: Spectre of Emerald\n|-damage|p2a: Spectre of Emerald|75\/100\n|move|p2a: Spectre of Emerald|Calm Mind|p2a: Spectre of Emerald\n|-boost|p2a: Spectre of Emerald|spa|1\n|-boost|p2a: Spectre of Emerald|spd|1\n|\n|-damage|p2a: Spectre of Emerald|62\/100|[from] move: Magma Storm|[partiallytrapped]\n|upkeep\n|turn|25\n|\n|t:|1699622492\n|move|p1a: Heatran|Earth Power|p2a: Spectre of Emerald\n|-damage|p2a: Spectre of Emerald|51\/100\n|move|p2a: Spectre of Emerald|Recover|p2a: Spectre of Emerald\n|-heal|p2a: Spectre of Emerald|100\/100\n|\n|-damage|p2a: Spectre of Emerald|88\/100|[from] move: Magma Storm|[partiallytrapped]\n|upkeep\n|turn|26\n|\n|t:|1699622499\n|move|p1a: Heatran|Earth Power|p2a: Spectre of Emerald\n|-damage|p2a: Spectre of Emerald|77\/100\n|move|p2a: Spectre of Emerald|Dark Pulse|p1a: Heatran\n|-crit|p1a: Heatran\n|-damage|p1a: Heatran|47\/100\n|\n|-heal|p1a: Heatran|53\/100|[from] item: Leftovers\n|-damage|p2a: Spectre of Emerald|65\/100|[from] move: Magma Storm|[partiallytrapped]\n|upkeep\n|turn|27\n|\n|t:|1699622511\n|move|p1a: Heatran|Earth Power|p2a: Spectre of Emerald\n|-damage|p2a: Spectre of Emerald|53\/100\n|move|p2a: Spectre of Emerald|Calm Mind|p2a: Spectre of Emerald\n|-boost|p2a: Spectre of Emerald|spa|1\n|-boost|p2a: Spectre of Emerald|spd|1\n|\n|-heal|p1a: Heatran|59\/100|[from] item: Leftovers\n|-end|p2a: Spectre of Emerald|Magma Storm|[partiallytrapped]\n|upkeep\n|turn|28\n|\n|t:|1699622517\n|move|p1a: Heatran|Magma Storm|p2a: Spectre of Emerald|[miss]\n|-miss|p1a: Heatran|p2a: Spectre of Emerald\n|move|p2a: Spectre of Emerald|Recover|p2a: Spectre of Emerald\n|-heal|p2a: Spectre of Emerald|100\/100\n|\n|-heal|p1a: Heatran|66\/100|[from] item: Leftovers\n|upkeep\n|turn|29\n|\n|t:|1699622519\n|move|p1a: Heatran|Magma Storm|p2a: Spectre of Emerald\n|-damage|p2a: Spectre of Emerald|86\/100\n|-activate|p2a: Spectre of Emerald|move: Magma Storm|[of] p1a: Heatran\n|move|p2a: Spectre of Emerald|Dark Pulse|p1a: Heatran\n|-damage|p1a: Heatran|17\/100\n|\n|-heal|p1a: Heatran|24\/100|[from] item: Leftovers\n|-damage|p2a: Spectre of Emerald|73\/100|[from] move: Magma Storm|[partiallytrapped]\n|upkeep\n|turn|30\n|\n|t:|1699622525\n|move|p1a: Heatran|Magma Storm|p2a: Spectre of Emerald\n|-damage|p2a: Spectre of Emerald|58\/100\n|move|p2a: Spectre of Emerald|Dark Pulse|p1a: Heatran\n|-damage|p1a: Heatran|0 fnt\n|faint|p1a: Heatran\n|\n|-end|p2a: Spectre of Emerald|Magma Storm|[partiallytrapped]|[silent]\n|upkeep\n|\n|t:|1699622530\n|switch|p1a: Banette|Banette-Mega, F|100\/100\n|turn|31\n|\n|t:|1699622534\n|move|p1a: Banette|Poltergeist|p2a: Spectre of Emerald\n|-activate|p2a: Spectre of Emerald|move: Poltergeist|Sablenite\n|-damage|p2a: Spectre of Emerald|17\/100\n|move|p2a: Spectre of Emerald|Will-O-Wisp|p1a: Banette\n|-status|p1a: Banette|brn\n|\n|-damage|p1a: Banette|94\/100 brn|[from] brn\n|upkeep\n|turn|32\n|-message|Mqwe forfeited.\n|\n|win|RandoTestAccount\n|raw|Mqwe's rating: 1292 &rarr; <strong>1277<\/strong><br \/>(-15 for losing)\n|raw|RandoTestAccount's rating: 1444 &rarr; <strong>1456<\/strong><br \/>(+12 for winning)\n|l|\u2606Mqwe\n","uploadtime":1699622544,"views":4,"p1id":"mqwe","p2id":"randotestaccount","formatid":"gen9nationaldex","rating":1277,"private":0,"password":""}