{"id":"gen9nationaldex-1987400088","p1":"Autistic_Rabbit","p2":"Jmo525","format":"[Gen 9] National Dex","log":"|j|\u2606Autistic_Rabbit\n|j|\u2606Jmo525\n|t:|1699586420\n|gametype|singles\n|player|p1|Autistic_Rabbit|dawn|1380\n|player|p2|Jmo525|clown|1339\n|teamsize|p1|6\n|teamsize|p2|6\n|gen|9\n|tier|[Gen 9] National Dex\n|rated|\n|rule|HP Percentage Mod: HP is shown in percentages\n|rule|Endless Battle Clause: Forcing endless battles is banned\n|rule|OHKO Clause: OHKO moves are banned\n|rule|Evasion Clause: Evasion abilities, items, and moves are banned\n|rule|Evasion Abilities Clause: Evasion abilities are banned\n|rule|Evasion Items Clause: Evasion items are banned\n|rule|Evasion Moves Clause: Evasion moves are banned\n|rule|Species Clause: Limit one of each Pok\u00e9mon\n|rule|Sleep Clause Mod: Limit one foe put to sleep\n|clearpoke\n|poke|p1|Tapu Koko|\n|poke|p1|Barraskewda, F|\n|poke|p1|Pelipper, F|\n|poke|p1|Sneasler, M|\n|poke|p1|Gliscor, M|\n|poke|p1|Ferrothorn, M|\n|poke|p2|Hatterene, F|\n|poke|p2|Marowak-Alola, F|\n|poke|p2|Vikavolt, F|\n|poke|p2|Ursaluna, F|\n|poke|p2|Slowbro, F|\n|poke|p2|Stakataka|\n|teampreview\n|inactive|Battle timer is ON: inactive players will automatically lose when time's up. (requested by Jmo525)\n|\n|t:|1699586436\n|start\n|switch|p1a: Gliscor|Gliscor, M|100\/100\n|switch|p2a: Stakataka|Stakataka, shiny|100\/100\n|-item|p2a: Stakataka|Air Balloon\n|turn|1\n|\n|t:|1699586441\n|switch|p2a: Hatterene|Hatterene, F, shiny|100\/100\n|move|p1a: Gliscor|Stealth Rock|p2a: Hatterene\n|move|p2a: Hatterene|Stealth Rock|p1a: Gliscor|[from]ability: Magic Bounce\n|-sidestart|p1: Autistic_Rabbit|move: Stealth Rock\n|\n|-status|p1a: Gliscor|tox|[from] item: Toxic Orb\n|upkeep\n|turn|2\n|\n|t:|1699586447\n|move|p1a: Gliscor|Defog|p2a: Hatterene\n|move|p2a: Hatterene|Defog|p1a: Gliscor|[from]ability: Magic Bounce\n|-unboost|p1a: Gliscor|evasion|1\n|-sideend|p1: Autistic_Rabbit|Stealth Rock|[from] move: Defog|[of] p2a: Hatterene\n|move|p2a: Hatterene|Trick Room|p2a: Hatterene\n|-fieldstart|move: Trick Room|[of] p2a: Hatterene\n|\n|upkeep\n|turn|3\n|\n|t:|1699586454\n|move|p2a: Hatterene|Dazzling Gleam|p1a: Gliscor\n|-damage|p1a: Gliscor|49\/100 tox\n|move|p1a: Gliscor|U-turn|p2a: Hatterene\n|-damage|p2a: Hatterene|82\/100\n|\n|t:|1699586461\n|switch|p1a: Ferrothorn|Ferrothorn, M|100\/100|[from] U-turn\n|\n|upkeep\n|turn|4\n|\n|t:|1699586464\n|move|p1a: Ferrothorn|Gyro Ball|p2a: Hatterene\n|-supereffective|p2a: Hatterene\n|-damage|p2a: Hatterene|54\/100\n|move|p2a: Hatterene|Mystical Fire|p1a: Ferrothorn\n|-supereffective|p1a: Ferrothorn\n|-damage|p1a: Ferrothorn|5\/100\n|-unboost|p1a: Ferrothorn|spa|1\n|-enditem|p1a: Ferrothorn|Eject Button\n|\n|t:|1699586477\n|switch|p1a: Pelipper|Pelipper, F|100\/100\n|-weather|RainDance|[from] ability: Drizzle|[of] p1a: Pelipper\n|\n|-weather|RainDance|[upkeep]\n|upkeep\n|turn|5\n|\n|t:|1699586482\n|move|p2a: Hatterene|Healing Wish|p2a: Hatterene\n|faint|p2a: Hatterene\n|move|p1a: Pelipper|Hurricane|p2: Hatterene|[notarget]\n|-fail|p1a: Pelipper\n|\n|-weather|RainDance|[upkeep]\n|upkeep\n|\n|t:|1699586485\n|switch|p2a: Ursaluna|Ursaluna, F, shiny|100\/100\n|turn|6\n|\n|t:|1699586490\n|switch|p1a: Ferrothorn|Ferrothorn, M|5\/100\n|move|p2a: Ursaluna|Thunder Punch|p1a: Ferrothorn\n|-resisted|p1a: Ferrothorn\n|-damage|p1a: Ferrothorn|0 fnt\n|-damage|p2a: Ursaluna|88\/100|[from] ability: Iron Barbs|[of] p1a: Ferrothorn\n|faint|p1a: Ferrothorn\n|\n|-weather|RainDance|[upkeep]\n|-fieldend|move: Trick Room\n|-status|p2a: Ursaluna|brn|[from] item: Flame Orb\n|upkeep\n|\n|t:|1699586494\n|switch|p1a: Barraskewda|Barraskewda, F|100\/100\n|turn|7\n|\n|t:|1699586499\n|switch|p2a: Slowbro|Slowbro, F, shiny|100\/100\n|-terastallize|p1a: Barraskewda|Water\n|move|p1a: Barraskewda|Liquidation|p2a: Slowbro\n|-resisted|p2a: Slowbro\n|-damage|p2a: Slowbro|40\/100\n|\n|-weather|RainDance|[upkeep]\n|upkeep\n|turn|8\n|\n|t:|1699586503\n|detailschange|p2a: Slowbro|Slowbro-Mega, F, shiny\n|-mega|p2a: Slowbro|Slowbro|Slowbronite\n|move|p1a: Barraskewda|Liquidation|p2a: Slowbro\n|-resisted|p2a: Slowbro\n|-damage|p2a: Slowbro|5\/100\n|move|p2a: Slowbro|Trick Room|p2a: Slowbro\n|-fieldstart|move: Trick Room|[of] p2a: Slowbro\n|\n|-weather|RainDance|[upkeep]\n|upkeep\n|turn|9\n|\n|t:|1699586510\n|switch|p1a: Gliscor|Gliscor, M|49\/100 tox\n|move|p2a: Slowbro|Surf|p1a: Gliscor\n|-supereffective|p1a: Gliscor\n|-damage|p1a: Gliscor|0 fnt\n|faint|p1a: Gliscor\n|\n|-weather|RainDance|[upkeep]\n|upkeep\n|\n|t:|1699586520\n|switch|p1a: Pelipper|Pelipper, F|100\/100\n|turn|10\n|\n|t:|1699586523\n|move|p2a: Slowbro|Nasty Plot|p2a: Slowbro\n|-boost|p2a: Slowbro|spa|2\n|move|p1a: Pelipper|U-turn|p2a: Slowbro\n|-supereffective|p2a: Slowbro\n|-damage|p2a: Slowbro|0 fnt\n|faint|p2a: Slowbro\n|\n|t:|1699586530\n|switch|p1a: Barraskewda|Barraskewda, F, tera:Water|100\/100|[from] U-turn\n|\n|-weather|RainDance|[upkeep]\n|upkeep\n|\n|t:|1699586533\n|switch|p2a: Vikavolt|Vikavolt, F, shiny|100\/100\n|turn|11\n|\n|t:|1699586541\n|switch|p1a: Tapu Koko|Tapu Koko|100\/100\n|-fieldstart|move: Electric Terrain|[from] ability: Electric Surge|[of] p1a: Tapu Koko\n|move|p2a: Vikavolt|Thunderbolt|p1a: Tapu Koko\n|-resisted|p1a: Tapu Koko\n|-damage|p1a: Tapu Koko|60\/100\n|\n|-weather|none\n|upkeep\n|turn|12\n|\n|t:|1699586553\n|move|p2a: Vikavolt|Energy Ball|p1a: Tapu Koko\n|-damage|p1a: Tapu Koko|0 fnt\n|faint|p1a: Tapu Koko\n|\n|-fieldend|move: Trick Room\n|upkeep\n|\n|t:|1699586556\n|switch|p1a: Pelipper|Pelipper, F|100\/100\n|-weather|RainDance|[from] ability: Drizzle|[of] p1a: Pelipper\n|turn|13\n|\n|t:|1699586560\n|switch|p1a: Sneasler|Sneasler, M|100\/100\n|-enditem|p1a: Sneasler|Electric Seed\n|-boost|p1a: Sneasler|def|1|[from] item: Electric Seed\n|move|p2a: Vikavolt|Volt Switch|p1a: Sneasler\n|-damage|p1a: Sneasler|41\/100\n|\n|t:|1699586569\n|switch|p2a: Ursaluna|Ursaluna, F, shiny|88\/100 brn|[from] Volt Switch\n|-heal|p2a: Ursaluna|100\/100|[from] move: Healing Wish\n|\n|-weather|RainDance|[upkeep]\n|-status|p2a: Ursaluna|brn|[from] item: Flame Orb\n|upkeep\n|turn|14\n|\n|t:|1699586574\n|-terastallize|p2a: Ursaluna|Ghost\n|move|p1a: Sneasler|Close Combat|p2a: Ursaluna\n|-immune|p2a: Ursaluna\n|move|p2a: Ursaluna|Facade|p1a: Sneasler\n|-damage|p1a: Sneasler|0 fnt\n|faint|p1a: Sneasler\n|\n|-weather|RainDance|[upkeep]\n|-damage|p2a: Ursaluna|94\/100 brn|[from] brn\n|upkeep\n|\n|t:|1699586579\n|switch|p1a: Barraskewda|Barraskewda, F, tera:Water|100\/100\n|turn|15\n|\n|t:|1699586584\n|move|p1a: Barraskewda|Liquidation|p2a: Ursaluna\n|-damage|p2a: Ursaluna|0 fnt\n|faint|p2a: Ursaluna\n|\n|-weather|RainDance|[upkeep]\n|-fieldend|move: Electric Terrain\n|upkeep\n|\n|t:|1699586590\n|switch|p2a: Stakataka|Stakataka, shiny|100\/100\n|-item|p2a: Stakataka|Air Balloon\n|turn|16\n|\n|t:|1699586592\n|move|p1a: Barraskewda|Liquidation|p2a: Stakataka\n|-supereffective|p2a: Stakataka\n|-damage|p2a: Stakataka|0 fnt\n|-enditem|p2a: Stakataka|Air Balloon\n|faint|p2a: Stakataka\n|\n|-weather|RainDance|[upkeep]\n|upkeep\n|\n|t:|1699586596\n|switch|p2a: Vikavolt|Vikavolt, F, shiny|100\/100\n|turn|17\n|\n|t:|1699586598\n|move|p1a: Barraskewda|Liquidation|p2a: Vikavolt\n|-damage|p2a: Vikavolt|0 fnt\n|faint|p2a: Vikavolt\n|\n|-weather|RainDance|[upkeep]\n|upkeep\n|\n|t:|1699586601\n|switch|p2a: Marowak|Marowak-Alola, F, shiny|100\/100\n|turn|18\n|\n|t:|1699586603\n|move|p1a: Barraskewda|Liquidation|p2a: Marowak\n|-supereffective|p2a: Marowak\n|-damage|p2a: Marowak|0 fnt\n|faint|p2a: Marowak\n|\n|win|Autistic_Rabbit\n|raw|Autistic_Rabbit's rating: 1380 &rarr; <strong>1398<\/strong><br \/>(+18 for winning)\n|raw|Jmo525's rating: 1339 &rarr; <strong>1321<\/strong><br \/>(-18 for losing)\n|l|\u2606Jmo525\n","uploadtime":1699586610,"views":19,"p1id":"autisticrabbit","p2id":"jmo525","formatid":"gen9nationaldex","rating":1321,"private":0,"password":""}