{"id":"gen9nationaldex-1993304565","p1":"Loserest Testing","p2":"The power of ROCK","format":"[Gen 9] National Dex","log":"|j|\u2606Loserest Testing\n|j|\u2606The power of ROCK\n|t:|1700294279\n|gametype|singles\n|player|p1|Loserest Testing|bellelba|\n|player|p2|The power of ROCK|roark|\n|teamsize|p1|6\n|teamsize|p2|6\n|gen|9\n|tier|[Gen 9] National Dex\n|rule|HP Percentage Mod: HP is shown in percentages\n|rule|Endless Battle Clause: Forcing endless battles is banned\n|rule|OHKO Clause: OHKO moves are banned\n|rule|Evasion Clause: Evasion abilities, items, and moves are banned\n|rule|Evasion Abilities Clause: Evasion abilities are banned\n|rule|Evasion Items Clause: Evasion items are banned\n|rule|Evasion Moves Clause: Evasion moves are banned\n|rule|Species Clause: Limit one of each Pok\u00e9mon\n|rule|Sleep Clause Mod: Limit one foe put to sleep\n|clearpoke\n|poke|p1|Greninja-*, M|\n|poke|p1|Heatran, M|\n|poke|p1|Meowscarada, F|\n|poke|p1|Zapdos|\n|poke|p1|Iron Hands|\n|poke|p1|Crawdaunt, M|\n|poke|p2|Tyranitar, M|\n|poke|p2|Garganacl, F|\n|poke|p2|Aggron, F|\n|poke|p2|Cradily, F|\n|poke|p2|Glimmora, F|\n|poke|p2|Avalugg-Hisui, M|\n|teampreview\n|c|\u2606The power of ROCK|Welcome back to the ROCK gym\n|\n|t:|1700294294\n|start\n|switch|p1a: Meowscarada|Meowscarada, F|100\/100\n|switch|p2a: Aggron|Aggron, F|100\/100\n|turn|1\n|\n|t:|1700294300\n|detailschange|p2a: Aggron|Aggron-Mega, F\n|-mega|p2a: Aggron|Aggron|Aggronite\n|move|p1a: Meowscarada|U-turn|p2a: Aggron\n|-start|p1a: Meowscarada|typechange|Bug|[from] ability: Protean\n|-resisted|p2a: Aggron\n|-damage|p2a: Aggron|92\/100\n|\n|t:|1700294307\n|switch|p1a: Heatran|Heatran, M|100\/100|[from] U-turn\n|move|p2a: Aggron|Body Press|p1a: Heatran\n|-supereffective|p1a: Heatran\n|-crit|p1a: Heatran\n|-damage|p1a: Heatran|0 fnt\n|faint|p1a: Heatran\n|\n|upkeep\n|\n|t:|1700294314\n|switch|p1a: Iron Hands|Iron Hands|100\/100\n|turn|2\n|\n|t:|1700294317\n|move|p1a: Iron Hands|Swords Dance|p1a: Iron Hands\n|-boost|p1a: Iron Hands|atk|2\n|move|p2a: Aggron|Iron Defense|p2a: Aggron\n|-boost|p2a: Aggron|def|2\n|\n|upkeep\n|turn|3\n|\n|t:|1700294329\n|-terastallize|p1a: Iron Hands|Fairy\n|move|p1a: Iron Hands|Swords Dance|p1a: Iron Hands\n|-boost|p1a: Iron Hands|atk|2\n|move|p2a: Aggron|Iron Defense|p2a: Aggron\n|-boost|p2a: Aggron|def|2\n|\n|upkeep\n|turn|4\n|\n|t:|1700294336\n|move|p1a: Iron Hands|Thunder Punch|p2a: Aggron\n|-damage|p2a: Aggron|73\/100\n|move|p2a: Aggron|Iron Defense|p2a: Aggron\n|-boost|p2a: Aggron|def|2\n|\n|upkeep\n|turn|5\n|\n|t:|1700294343\n|move|p1a: Iron Hands|Drain Punch|p2a: Aggron\n|-supereffective|p2a: Aggron\n|-damage|p2a: Aggron|53\/100\n|move|p2a: Aggron|Body Press|p1a: Iron Hands\n|-resisted|p1a: Iron Hands\n|-damage|p1a: Iron Hands|41\/100\n|\n|upkeep\n|turn|6\n|\n|t:|1700294348\n|move|p1a: Iron Hands|Drain Punch|p2a: Aggron\n|-supereffective|p2a: Aggron\n|-damage|p2a: Aggron|32\/100\n|-heal|p1a: Iron Hands|48\/100|[from] drain|[of] p2a: Aggron\n|move|p2a: Aggron|Body Press|p1a: Iron Hands\n|-resisted|p1a: Iron Hands\n|-damage|p1a: Iron Hands|0 fnt\n|faint|p1a: Iron Hands\n|-end|p1a: Iron Hands|Quark Drive|[silent]\n|\n|upkeep\n|\n|t:|1700294358\n|switch|p1a: Greninja|Greninja, M|100\/100\n|turn|7\n|\n|t:|1700294420\n|switch|p2a: Cradily|Cradily, F|100\/100\n|move|p1a: Greninja|Dark Pulse|p2a: Cradily\n|-start|p1a: Greninja|typechange|Dark|[from] ability: Protean\n|-damage|p2a: Cradily|69\/100\n|\n|upkeep\n|turn|8\n|j| LucksmanDMormon\n|\n|t:|1700294427\n|switch|p1a: Zapdos|Zapdos|100\/100\n|switch|p2a: Tyranitar|Tyranitar, M|100\/100\n|-weather|Sandstorm|[from] ability: Sand Stream|[of] p2a: Tyranitar\n|\n|-weather|Sandstorm|[upkeep]\n|-damage|p1a: Zapdos|94\/100|[from] Sandstorm\n|upkeep\n|turn|9\n|\n|t:|1700294434\n|move|p1a: Zapdos|Hurricane|p2a: Tyranitar\n|-resisted|p2a: Tyranitar\n|-damage|p2a: Tyranitar|94\/100\n|move|p2a: Tyranitar|Rock Blast|p1a: Zapdos|[miss]\n|-miss|p2a: Tyranitar|p1a: Zapdos\n|\n|-weather|Sandstorm|[upkeep]\n|-damage|p1a: Zapdos|88\/100|[from] Sandstorm\n|upkeep\n|turn|10\n|\n|t:|1700294438\n|move|p1a: Zapdos|Hurricane|p2a: Tyranitar\n|-resisted|p2a: Tyranitar\n|-damage|p2a: Tyranitar|87\/100\n|move|p2a: Tyranitar|Rock Blast|p1a: Zapdos\n|-supereffective|p1a: Zapdos\n|-crit|p1a: Zapdos\n|-damage|p1a: Zapdos|65\/100\n|-supereffective|p1a: Zapdos\n|-damage|p1a: Zapdos|46\/100\n|-supereffective|p1a: Zapdos\n|-damage|p1a: Zapdos|29\/100\n|-supereffective|p1a: Zapdos\n|-crit|p1a: Zapdos\n|-damage|p1a: Zapdos|2\/100\n|-hitcount|p1a: Zapdos|4\n|\n|-weather|Sandstorm|[upkeep]\n|-damage|p1a: Zapdos|0 fnt|[from] Sandstorm\n|faint|p1a: Zapdos\n|upkeep\n|\n|t:|1700294442\n|switch|p1a: Meowscarada|Meowscarada, F|100\/100\n|turn|11\n|\n|t:|1700294454\n|switch|p2a: Glimmora|Glimmora, F|100\/100\n|move|p1a: Meowscarada|Flower Trick|p2a: Glimmora\n|-start|p1a: Meowscarada|typechange|Grass|[from] ability: Protean\n|-crit|p2a: Glimmora\n|-damage|p2a: Glimmora|15\/100\n|-activate|p2a: Glimmora|ability: Toxic Debris\n|-sidestart|p1: Loserest Testing|move: Toxic Spikes\n|\n|-weather|Sandstorm|[upkeep]\n|-damage|p1a: Meowscarada|94\/100|[from] Sandstorm\n|upkeep\n|turn|12\n|\n|t:|1700294460\n|switch|p1a: Greninja|Greninja, M|100\/100\n|-status|p1a: Greninja|psn\n|move|p2a: Glimmora|Sludge Wave|p1a: Greninja\n|-damage|p1a: Greninja|17\/100 psn\n|\n|-weather|none\n|-damage|p1a: Greninja|5\/100 psn|[from] psn\n|upkeep\n|turn|13\n|\n|t:|1700294465\n|switch|p2a: Cradily|Cradily, F|69\/100\n|move|p1a: Greninja|U-turn|p2a: Cradily\n|-start|p1a: Greninja|typechange|Bug|[from] ability: Protean\n|-supereffective|p2a: Cradily\n|-damage|p2a: Cradily|39\/100\n|\n|t:|1700294472\n|switch|p1a: Crawdaunt|Crawdaunt, M|100\/100|[from] U-turn\n|-status|p1a: Crawdaunt|psn\n|\n|-damage|p1a: Crawdaunt|88\/100 psn|[from] psn\n|upkeep\n|turn|14\n|\n|t:|1700294475\n|move|p1a: Crawdaunt|Knock Off|p2a: Cradily\n|-damage|p2a: Cradily|0 fnt\n|-enditem|p2a: Cradily|Binding Band|[from] move: Knock Off|[of] p1a: Crawdaunt\n|faint|p2a: Cradily\n|-damage|p1a: Crawdaunt|78\/100 psn|[from] item: Life Orb\n|\n|-damage|p1a: Crawdaunt|66\/100 psn|[from] psn\n|upkeep\n|\n|t:|1700294477\n|switch|p2a: Avalugg|Avalugg-Hisui, M|100\/100\n|turn|15\n|\n|t:|1700294480\n|move|p1a: Crawdaunt|Crabhammer|p2a: Avalugg|[miss]\n|-miss|p1a: Crawdaunt|p2a: Avalugg\n|move|p2a: Avalugg|Body Press|p1a: Crawdaunt\n|-supereffective|p1a: Crawdaunt\n|-damage|p1a: Crawdaunt|0 fnt\n|faint|p1a: Crawdaunt\n|\n|upkeep\n|\n|t:|1700294484\n|switch|p1a: Greninja|Greninja, M|5\/100 psn\n|turn|16\n|\n|t:|1700294494\n|move|p1a: Greninja|Dark Pulse|p2a: Avalugg\n|-start|p1a: Greninja|typechange|Dark|[from] ability: Protean\n|-damage|p2a: Avalugg|31\/100\n|move|p2a: Avalugg|Recover|p2a: Avalugg\n|-heal|p2a: Avalugg|81\/100\n|\n|-damage|p1a: Greninja|0 fnt|[from] psn\n|faint|p1a: Greninja\n|upkeep\n|-message|Loserest Testing forfeited.\n|\n|win|The power of ROCK\n|l|\u2606Loserest Testing\n|c|\u2606The power of ROCK|gg : )\n","uploadtime":1700294527,"views":15,"p1id":"loseresttesting","p2id":"thepowerofrock","formatid":"gen9nationaldex","rating":0,"private":0,"password":""}