{"id":"gen9nationaldex-2000017034","p1":"Zersturer23","p2":"Ethan Pokespark","format":"[Gen 9] National Dex","log":"|html|<div class=\"broadcast-blue\"><strong>[Gen 9] National Dex is currently suspecting Sneasler! For information on how to participate check out the <a href=\"https:\/\/www.smogon.com\/forums\/threads\/sv-national-dex-suspect-8-just-dance.3731534\/\">suspect thread<\/a>.<\/strong><\/div>\n|j|\u2606Zersturer23\n|j|\u2606Ethan Pokespark\n|t:|1701141644\n|gametype|singles\n|player|p1|Zersturer23|266|1095\n|player|p2|Ethan Pokespark|ethan|1132\n|teamsize|p1|6\n|teamsize|p2|6\n|gen|9\n|tier|[Gen 9] National Dex\n|rated|\n|rule|HP Percentage Mod: HP is shown in percentages\n|rule|Endless Battle Clause: Forcing endless battles is banned\n|rule|OHKO Clause: OHKO moves are banned\n|rule|Evasion Clause: Evasion abilities, items, and moves are banned\n|rule|Evasion Abilities Clause: Evasion abilities are banned\n|rule|Evasion Items Clause: Evasion items are banned\n|rule|Evasion Moves Clause: Evasion moves are banned\n|rule|Species Clause: Limit one of each Pok\u00e9mon\n|rule|Sleep Clause Mod: Limit one foe put to sleep\n|clearpoke\n|poke|p1|Centiskorch, F|\n|poke|p1|Ferrothorn, F|\n|poke|p1|Articuno|\n|poke|p1|Sharpedo, M|\n|poke|p1|Garchomp, M|\n|poke|p1|Ting-Lu|\n|poke|p2|Delphox, F|\n|poke|p2|Wigglytuff, F|\n|poke|p2|Butterfree, F|\n|poke|p2|Bellossom, F|\n|poke|p2|Lapras, F|\n|poke|p2|Clodsire, M|\n|teampreview\n|\n|t:|1701141652\n|start\n|switch|p1a: Sharpedo|Sharpedo, M|100\/100\n|switch|p2a: Boy|Clodsire, M|100\/100\n|turn|1\n|\n|t:|1701141661\n|move|p1a: Sharpedo|Psychic Fangs|p2a: Boy\n|-supereffective|p2a: Boy\n|-damage|p2a: Boy|34\/100\n|move|p2a: Boy|Stealth Rock|p1a: Sharpedo\n|-sidestart|p1: Zersturer23|move: Stealth Rock\n|\n|-heal|p2a: Boy|40\/100|[from] item: Black Sludge\n|-ability|p1a: Sharpedo|Speed Boost|boost\n|-boost|p1a: Sharpedo|spe|1\n|upkeep\n|turn|2\n|\n|t:|1701141668\n|detailschange|p1a: Sharpedo|Sharpedo-Mega, M\n|-mega|p1a: Sharpedo|Sharpedo|Sharpedonite\n|move|p1a: Sharpedo|Psychic Fangs|p2a: Boy\n|-supereffective|p2a: Boy\n|-damage|p2a: Boy|0 fnt\n|faint|p2a: Boy\n|\n|upkeep\n|inactive|Battle timer is ON: inactive players will automatically lose when time's up. (requested by Zersturer23)\n|\n|t:|1701141687\n|switch|p2a: Wonder|Lapras, F|100\/100\n|turn|3\n|\n|t:|1701141693\n|move|p1a: Sharpedo|Crunch|p2a: Wonder\n|-damage|p2a: Wonder|35\/100\n|-unboost|p2a: Wonder|def|1\n|move|p2a: Wonder|Thunderbolt|p1a: Sharpedo\n|-supereffective|p1a: Sharpedo\n|-damage|p1a: Sharpedo|14\/100\n|\n|upkeep\n|turn|4\n|\n|t:|1701141700\n|move|p1a: Sharpedo|Crunch|p2a: Wonder\n|-damage|p2a: Wonder|0 fnt\n|faint|p2a: Wonder\n|\n|upkeep\n|\n|t:|1701141707\n|switch|p2a: Opossu|Wigglytuff, F|100\/100\n|turn|5\n|\n|t:|1701141712\n|move|p1a: Sharpedo|Poison Fang|p2a: Opossu\n|-supereffective|p2a: Opossu\n|-damage|p2a: Opossu|18\/100\n|-status|p2a: Opossu|tox\n|move|p2a: Opossu|Dazzling Gleam|p1a: Sharpedo\n|-supereffective|p1a: Sharpedo\n|-damage|p1a: Sharpedo|0 fnt\n|faint|p1a: Sharpedo\n|\n|-heal|p2a: Opossu|24\/100 tox|[from] item: Leftovers\n|-damage|p2a: Opossu|18\/100 tox|[from] psn\n|upkeep\n|\n|t:|1701141719\n|switch|p1a: Articuno|Articuno|100\/100\n|-damage|p1a: Articuno|50\/100|[from] Stealth Rock\n|-ability|p1a: Articuno|Pressure\n|turn|6\n|\n|t:|1701141730\n|move|p1a: Articuno|Defog|p2a: Opossu\n|-unboost|p2a: Opossu|evasion|1\n|-ability|p2a: Opossu|Competitive|boost\n|-boost|p2a: Opossu|spa|2\n|-sideend|p1: Zersturer23|Stealth Rock|[from] move: Defog|[of] p1a: Articuno\n|move|p2a: Opossu|Wish|p2a: Opossu\n|\n|-heal|p1a: Articuno|57\/100|[from] item: Leftovers\n|-heal|p2a: Opossu|24\/100 tox|[from] item: Leftovers\n|-damage|p2a: Opossu|12\/100 tox|[from] psn\n|upkeep\n|turn|7\n|\n|t:|1701141742\n|move|p2a: Opossu|Protect|p2a: Opossu\n|-singleturn|p2a: Opossu|Protect\n|move|p1a: Articuno|Roost|p1a: Articuno\n|-heal|p1a: Articuno|100\/100\n|-singleturn|p1a: Articuno|move: Roost\n|\n|-heal|p2a: Opossu|62\/100 tox|[from] move: Wish|[wisher] Opossu\n|-heal|p2a: Opossu|68\/100 tox|[from] item: Leftovers\n|-damage|p2a: Opossu|50\/100 tox|[from] psn\n|upkeep\n|turn|8\n|\n|t:|1701141752\n|move|p1a: Articuno|Roost||[still]\n|-fail|p1a: Articuno|heal\n|move|p2a: Opossu|Wish|p2a: Opossu\n|\n|-heal|p2a: Opossu|56\/100 tox|[from] item: Leftovers\n|-damage|p2a: Opossu|31\/100 tox|[from] psn\n|upkeep\n|turn|9\n|\n|t:|1701141761\n|move|p2a: Opossu|Protect|p2a: Opossu\n|-singleturn|p2a: Opossu|Protect\n|move|p1a: Articuno|Roost||[still]\n|-fail|p1a: Articuno|heal\n|\n|-heal|p2a: Opossu|81\/100 tox|[from] move: Wish|[wisher] Opossu\n|-heal|p2a: Opossu|87\/100 tox|[from] item: Leftovers\n|-damage|p2a: Opossu|56\/100 tox|[from] psn\n|upkeep\n|turn|10\n|\n|t:|1701141773\n|move|p1a: Articuno|Roost||[still]\n|-fail|p1a: Articuno|heal\n|move|p2a: Opossu|Dazzling Gleam|p1a: Articuno\n|-damage|p1a: Articuno|75\/100\n|\n|-heal|p1a: Articuno|81\/100|[from] item: Leftovers\n|-heal|p2a: Opossu|62\/100 tox|[from] item: Leftovers\n|-damage|p2a: Opossu|25\/100 tox|[from] psn\n|upkeep\n|turn|11\n|\n|t:|1701141785\n|move|p1a: Articuno|Roost|p1a: Articuno\n|-heal|p1a: Articuno|100\/100\n|-singleturn|p1a: Articuno|move: Roost\n|move|p2a: Opossu|Toxic|p1a: Articuno\n|-status|p1a: Articuno|tox\n|\n|-heal|p2a: Opossu|31\/100 tox|[from] item: Leftovers\n|-damage|p1a: Articuno|94\/100 tox|[from] psn\n|-damage|p2a: Opossu|0 fnt|[from] psn\n|faint|p2a: Opossu\n|upkeep\n|\n|t:|1701141789\n|switch|p2a: Eva|Delphox, F|100\/100\n|turn|12\n|\n|t:|1701141805\n|move|p2a: Eva|Flamethrower|p1a: Articuno\n|-supereffective|p1a: Articuno\n|-damage|p1a: Articuno|43\/100 tox\n|-item|p2a: Eva|Leftovers|[from] ability: Magician|[of] p1a: Articuno\n|move|p1a: Articuno|Whirlwind|p2a: Eva\n|drag|p2a: Ula Ula|Bellossom, F|100\/100\n|\n|-damage|p1a: Articuno|30\/100 tox|[from] psn\n|upkeep\n|turn|13\n|\n|t:|1701141817\n|switch|p2a: Eva|Delphox, F|100\/100\n|move|p1a: Articuno|Whirlwind|p2a: Eva\n|drag|p2a: Sky|Butterfree, F|100\/100\n|\n|-damage|p1a: Articuno|11\/100 tox|[from] psn\n|upkeep\n|turn|14\n|\n|t:|1701141827\n|switch|p2a: Eva|Delphox, F|100\/100\n|move|p1a: Articuno|Whirlwind|p2a: Eva\n|drag|p2a: Ula Ula|Bellossom, F|100\/100\n|\n|-damage|p1a: Articuno|0 fnt|[from] psn\n|faint|p1a: Articuno\n|upkeep\n|\n|t:|1701141837\n|switch|p1a: Ferrothorn|Ferrothorn, F|100\/100\n|turn|15\n|\n|t:|1701141845\n|switch|p2a: Eva|Delphox, F|100\/100\n|move|p1a: Ferrothorn|Thunder Wave|p2a: Eva\n|-status|p2a: Eva|par\n|\n|upkeep\n|turn|16\n|\n|t:|1701141854\n|switch|p1a: Centiskorch|Centiskorch, F|100\/100\n|move|p2a: Eva|Flamethrower|p1a: Centiskorch\n|-start|p1a: Centiskorch|ability: Flash Fire\n|\n|upkeep\n|turn|17\n|\n|t:|1701141883\n|switch|p2a: Sky|Butterfree, F|100\/100\n|move|p1a: Centiskorch|Lunge|p2a: Sky\n|-resisted|p2a: Sky\n|-crit|p2a: Sky\n|-damage|p2a: Sky|38\/100\n|-unboost|p2a: Sky|atk|1\n|\n|upkeep\n|turn|18\n|\n|t:|1701141889\n|move|p1a: Centiskorch|Lunge|p2a: Sky\n|-resisted|p2a: Sky\n|-damage|p2a: Sky|0 fnt\n|faint|p2a: Sky\n|\n|upkeep\n|\n|t:|1701141893\n|switch|p2a: Eva|Delphox, F|100\/100 par\n|turn|19\n|\n|t:|1701141901\n|move|p1a: Centiskorch|Lunge|p2a: Eva\n|-damage|p2a: Eva|41\/100 par\n|-unboost|p2a: Eva|atk|1\n|cant|p2a: Eva|par\n|\n|-heal|p2a: Eva|48\/100 par|[from] item: Leftovers\n|upkeep\n|turn|20\n|\n|t:|1701141907\n|move|p1a: Centiskorch|Lunge|p2a: Eva\n|-damage|p2a: Eva|0 fnt\n|faint|p2a: Eva\n|\n|upkeep\n|\n|t:|1701141909\n|switch|p2a: Ula Ula|Bellossom, F|100\/100\n|turn|21\n|\n|t:|1701141923\n|-terastallize|p2a: Ula Ula|Fire\n|move|p1a: Centiskorch|Lunge|p2a: Ula Ula\n|-resisted|p2a: Ula Ula\n|-damage|p2a: Ula Ula|75\/100\n|-unboost|p2a: Ula Ula|atk|1\n|move|p2a: Ula Ula|Strength Sap|p1a: Centiskorch\n|-unboost|p1a: Centiskorch|atk|1\n|-heal|p2a: Ula Ula|100\/100\n|\n|upkeep\n|turn|22\n|\n|t:|1701141935\n|move|p1a: Centiskorch|Lunge|p2a: Ula Ula\n|-resisted|p2a: Ula Ula\n|-damage|p2a: Ula Ula|84\/100\n|-unboost|p2a: Ula Ula|atk|1\n|move|p2a: Ula Ula|Leech Seed|p1a: Centiskorch\n|-start|p1a: Centiskorch|move: Leech Seed\n|\n|-damage|p1a: Centiskorch|88\/100|[from] Leech Seed|[of] p2a: Ula Ula\n|-heal|p2a: Ula Ula|100\/100|[silent]\n|upkeep\n|turn|23\n|\n|t:|1701141939\n|move|p1a: Centiskorch|Lunge|p2a: Ula Ula\n|-resisted|p2a: Ula Ula\n|-damage|p2a: Ula Ula|85\/100\n|-unboost|p2a: Ula Ula|atk|1\n|move|p2a: Ula Ula|Quiver Dance|p2a: Ula Ula\n|-boost|p2a: Ula Ula|spa|1\n|-boost|p2a: Ula Ula|spd|1\n|-boost|p2a: Ula Ula|spe|1\n|\n|-damage|p1a: Centiskorch|76\/100|[from] Leech Seed|[of] p2a: Ula Ula\n|-heal|p2a: Ula Ula|100\/100|[silent]\n|upkeep\n|turn|24\n|\n|t:|1701141949\n|-end|p1a: Centiskorch|ability: Flash Fire|[silent]\n|switch|p1a: Ferrothorn|Ferrothorn, F|100\/100\n|move|p2a: Ula Ula|Quiver Dance|p2a: Ula Ula\n|-boost|p2a: Ula Ula|spa|1\n|-boost|p2a: Ula Ula|spd|1\n|-boost|p2a: Ula Ula|spe|1\n|\n|upkeep\n|turn|25\n|\n|t:|1701141954\n|move|p2a: Ula Ula|Giga Drain|p1a: Ferrothorn\n|-resisted|p1a: Ferrothorn\n|-damage|p1a: Ferrothorn|86\/100\n|move|p1a: Ferrothorn|Thunder Wave|p2a: Ula Ula\n|-status|p2a: Ula Ula|par\n|\n|-heal|p1a: Ferrothorn|92\/100|[from] item: Leftovers\n|upkeep\n|turn|26\n|\n|t:|1701141963\n|move|p2a: Ula Ula|Giga Drain|p1a: Ferrothorn\n|-resisted|p1a: Ferrothorn\n|-damage|p1a: Ferrothorn|78\/100\n|move|p1a: Ferrothorn|Leech Seed|p2a: Ula Ula|[miss]\n|-miss|p1a: Ferrothorn|p2a: Ula Ula\n|\n|-heal|p1a: Ferrothorn|85\/100|[from] item: Leftovers\n|upkeep\n|turn|27\n|\n|t:|1701141968\n|move|p2a: Ula Ula|Giga Drain|p1a: Ferrothorn\n|-resisted|p1a: Ferrothorn\n|-damage|p1a: Ferrothorn|71\/100\n|move|p1a: Ferrothorn|Leech Seed|p2a: Ula Ula\n|-start|p2a: Ula Ula|move: Leech Seed\n|\n|-heal|p1a: Ferrothorn|77\/100|[from] item: Leftovers\n|-damage|p2a: Ula Ula|88\/100 par|[from] Leech Seed|[of] p1a: Ferrothorn\n|-heal|p1a: Ferrothorn|88\/100|[silent]\n|upkeep\n|turn|28\n|\n|t:|1701141978\n|cant|p2a: Ula Ula|par\n|move|p1a: Ferrothorn|Stealth Rock|p2a: Ula Ula\n|-sidestart|p2: Ethan Pokespark|move: Stealth Rock\n|\n|-heal|p1a: Ferrothorn|94\/100|[from] item: Leftovers\n|-damage|p2a: Ula Ula|76\/100 par|[from] Leech Seed|[of] p1a: Ferrothorn\n|-heal|p1a: Ferrothorn|100\/100|[silent]\n|upkeep\n|turn|29\n|\n|t:|1701141983\n|move|p1a: Ferrothorn|Protect|p1a: Ferrothorn\n|-singleturn|p1a: Ferrothorn|Protect\n|move|p2a: Ula Ula|Giga Drain|p1a: Ferrothorn\n|-activate|p1a: Ferrothorn|move: Protect\n|\n|-damage|p2a: Ula Ula|63\/100 par|[from] Leech Seed|[of] p1a: Ferrothorn\n|upkeep\n|turn|30\n|\n|t:|1701141992\n|move|p1a: Ferrothorn|Protect||[still]\n|-fail|p1a: Ferrothorn\n|cant|p2a: Ula Ula|par\n|\n|-damage|p2a: Ula Ula|51\/100 par|[from] Leech Seed|[of] p1a: Ferrothorn\n|upkeep\n|turn|31\n|\n|t:|1701142000\n|move|p1a: Ferrothorn|Protect|p1a: Ferrothorn\n|-singleturn|p1a: Ferrothorn|Protect\n|move|p2a: Ula Ula|Quiver Dance|p2a: Ula Ula\n|-boost|p2a: Ula Ula|spa|1\n|-boost|p2a: Ula Ula|spd|1\n|-boost|p2a: Ula Ula|spe|1\n|\n|-damage|p2a: Ula Ula|39\/100 par|[from] Leech Seed|[of] p1a: Ferrothorn\n|upkeep\n|turn|32\n|\n|t:|1701142008\n|move|p1a: Ferrothorn|Protect||[still]\n|-fail|p1a: Ferrothorn\n|move|p2a: Ula Ula|Giga Drain|p1a: Ferrothorn\n|-resisted|p1a: Ferrothorn\n|-damage|p1a: Ferrothorn|81\/100\n|-heal|p2a: Ula Ula|54\/100 par|[from] drain|[of] p1a: Ferrothorn\n|\n|-heal|p1a: Ferrothorn|88\/100|[from] item: Leftovers\n|-damage|p2a: Ula Ula|41\/100 par|[from] Leech Seed|[of] p1a: Ferrothorn\n|-heal|p1a: Ferrothorn|98\/100|[silent]\n|upkeep\n|turn|33\n|\n|t:|1701142016\n|move|p1a: Ferrothorn|Protect|p1a: Ferrothorn\n|-singleturn|p1a: Ferrothorn|Protect\n|move|p2a: Ula Ula|Quiver Dance|p2a: Ula Ula\n|-boost|p2a: Ula Ula|spa|1\n|-boost|p2a: Ula Ula|spd|1\n|-boost|p2a: Ula Ula|spe|1\n|\n|-heal|p1a: Ferrothorn|100\/100|[from] item: Leftovers\n|-damage|p2a: Ula Ula|29\/100 par|[from] Leech Seed|[of] p1a: Ferrothorn\n|upkeep\n|turn|34\n|\n|t:|1701142023\n|move|p1a: Ferrothorn|Protect|p1a: Ferrothorn\n|-singleturn|p1a: Ferrothorn|Protect\n|move|p2a: Ula Ula|Giga Drain|p1a: Ferrothorn\n|-activate|p1a: Ferrothorn|move: Protect\n|\n|-damage|p2a: Ula Ula|17\/100 par|[from] Leech Seed|[of] p1a: Ferrothorn\n|upkeep\n|turn|35\n|\n|t:|1701142032\n|switch|p1a: Centiskorch|Centiskorch, F|76\/100\n|move|p2a: Ula Ula|Giga Drain|p1a: Centiskorch\n|-resisted|p1a: Centiskorch\n|-damage|p1a: Centiskorch|50\/100\n|-heal|p2a: Ula Ula|36\/100 par|[from] drain|[of] p1a: Centiskorch\n|\n|-damage|p2a: Ula Ula|24\/100 par|[from] Leech Seed|[of] p1a: Centiskorch\n|-heal|p1a: Centiskorch|61\/100|[silent]\n|upkeep\n|turn|36\n|\n|t:|1701142038\n|move|p1a: Centiskorch|Crunch|p2a: Ula Ula\n|-damage|p2a: Ula Ula|0 fnt\n|faint|p2a: Ula Ula\n|\n|win|Zersturer23\n|raw|Zersturer23's rating: 1095 &rarr; <strong>1123<\/strong><br \/>(+28 for winning)\n|raw|Ethan Pokespark's rating: 1132 &rarr; <strong>1104<\/strong><br \/>(-28 for losing)\n|l|\u2606Ethan Pokespark\n","uploadtime":1701142044,"views":7,"p1id":"zersturer23","p2id":"ethanpokespark","formatid":"gen9nationaldex","rating":1104,"private":0,"password":""}