{"id":"gen9nationaldex-1988462369","p1":"OminousNebulous","p2":"pheromosa's wig","format":"[Gen 9] National Dex","log":"|j|\u2606OminousNebulous\n|j|\u2606pheromosa's wig\n|t:|1699725526\n|gametype|singles\n|player|p1|OminousNebulous|hilbert|\n|player|p2|pheromosa's wig|tulip|\n|teamsize|p1|6\n|teamsize|p2|6\n|gen|9\n|tier|[Gen 9] National Dex\n|rule|HP Percentage Mod: HP is shown in percentages\n|rule|Endless Battle Clause: Forcing endless battles is banned\n|rule|OHKO Clause: OHKO moves are banned\n|rule|Evasion Clause: Evasion abilities, items, and moves are banned\n|rule|Evasion Abilities Clause: Evasion abilities are banned\n|rule|Evasion Items Clause: Evasion items are banned\n|rule|Evasion Moves Clause: Evasion moves are banned\n|rule|Species Clause: Limit one of each Pok\u00e9mon\n|rule|Sleep Clause Mod: Limit one foe put to sleep\n|clearpoke\n|poke|p1|Appletun, M|\n|poke|p1|Latios, M|\n|poke|p1|Heatran, M|\n|poke|p1|Pyukumuku, M|\n|poke|p1|Krookodile, F|\n|poke|p1|Corviknight, F|\n|poke|p2|Xatu, M|\n|poke|p2|Victini|\n|poke|p2|Skarmory, M|\n|poke|p2|Sinistcha|\n|poke|p2|Decidueye-Hisui, F|\n|poke|p2|Meloetta|\n|teampreview\n|c|\u2606OminousNebulous|holy smokes\n|c|\u2606OminousNebulous|is it over\n|c|\u2606pheromosa's wig|for me yeah\n|c|\u2606OminousNebulous|no im not that smart\n|\n|t:|1699725563\n|start\n|switch|p1a: CAN THE HEAT \ud83d\udde3|Heatran, M|100\/100\n|switch|p2a: zazatu|Xatu, M, shiny|100\/100\n|-item|p1a: CAN THE HEAT \ud83d\udde3|Air Balloon\n|turn|1\n|\n|t:|1699725577\n|move|p1a: CAN THE HEAT \ud83d\udde3|Protect|p1a: CAN THE HEAT \ud83d\udde3\n|-singleturn|p1a: CAN THE HEAT \ud83d\udde3|Protect\n|move|p2a: zazatu|Light Screen|p2a: zazatu\n|-sidestart|p2: pheromosa's wig|move: Light Screen\n|\n|upkeep\n|turn|2\n|c|\u2606OminousNebulous|i knew it......\n|\n|t:|1699725590\n|switch|p1a: davids mother|Appletun, M|100\/100\n|move|p2a: zazatu|Reflect|p2a: zazatu\n|-sidestart|p2: pheromosa's wig|Reflect\n|\n|upkeep\n|turn|3\n|\n|t:|1699725605\n|switch|p2a: thicktini \ud83d\ude0d|Victini|100\/100\n|switch|p1a: CAN THE HEAT \ud83d\udde3|Heatran, M|100\/100\n|-item|p1a: CAN THE HEAT \ud83d\udde3|Air Balloon\n|\n|upkeep\n|turn|4\n|\n|t:|1699725612\n|move|p2a: thicktini \ud83d\ude0d|Bolt Strike|p1a: CAN THE HEAT \ud83d\udde3\n|-damage|p1a: CAN THE HEAT \ud83d\udde3|53\/100\n|-enditem|p1a: CAN THE HEAT \ud83d\udde3|Air Balloon\n|move|p1a: CAN THE HEAT \ud83d\udde3|Magma Storm|p2a: thicktini \ud83d\ude0d\n|-resisted|p2a: thicktini \ud83d\ude0d\n|-damage|p2a: thicktini \ud83d\ude0d|89\/100\n|-activate|p2a: thicktini \ud83d\ude0d|move: Magma Storm|[of] p1a: CAN THE HEAT \ud83d\udde3\n|\n|-damage|p2a: thicktini \ud83d\ude0d|76\/100|[from] move: Magma Storm|[partiallytrapped]\n|upkeep\n|turn|5\n|\n|t:|1699725625\n|move|p1a: CAN THE HEAT \ud83d\udde3|Protect|p1a: CAN THE HEAT \ud83d\udde3\n|-singleturn|p1a: CAN THE HEAT \ud83d\udde3|Protect\n|move|p2a: thicktini \ud83d\ude0d|Bolt Strike|p1a: CAN THE HEAT \ud83d\udde3\n|-activate|p1a: CAN THE HEAT \ud83d\udde3|move: Protect\n|\n|-damage|p2a: thicktini \ud83d\ude0d|64\/100|[from] move: Magma Storm|[partiallytrapped]\n|upkeep\n|turn|6\n|\n|t:|1699725634\n|move|p2a: thicktini \ud83d\ude0d|Bolt Strike|p1a: CAN THE HEAT \ud83d\udde3\n|-damage|p1a: CAN THE HEAT \ud83d\udde3|6\/100\n|-status|p1a: CAN THE HEAT \ud83d\udde3|par\n|cant|p1a: CAN THE HEAT \ud83d\udde3|par\n|\n|-damage|p2a: thicktini \ud83d\ude0d|52\/100|[from] move: Magma Storm|[partiallytrapped]\n|upkeep\n|turn|7\n|c|\u2606OminousNebulous|NAH\n|c|\u2606OminousNebulous|RNG\n|c|\u2606pheromosa's wig|stall heatran ...\n|\n|t:|1699725650\n|move|p1a: CAN THE HEAT \ud83d\udde3|Protect|p1a: CAN THE HEAT \ud83d\udde3\n|-singleturn|p1a: CAN THE HEAT \ud83d\udde3|Protect\n|move|p2a: thicktini \ud83d\ude0d|Bolt Strike|p1a: CAN THE HEAT \ud83d\udde3\n|-activate|p1a: CAN THE HEAT \ud83d\udde3|move: Protect\n|\n|-damage|p2a: thicktini \ud83d\ude0d|40\/100|[from] move: Magma Storm|[partiallytrapped]\n|upkeep\n|turn|8\n|c|\u2606OminousNebulous|yes\n|c|\u2606OminousNebulous|fr\n|\n|t:|1699725658\n|move|p1a: CAN THE HEAT \ud83d\udde3|Protect||[still]\n|-fail|p1a: CAN THE HEAT \ud83d\udde3\n|move|p2a: thicktini \ud83d\ude0d|Bolt Strike|p1a: CAN THE HEAT \ud83d\udde3\n|-damage|p1a: CAN THE HEAT \ud83d\udde3|0 fnt\n|faint|p1a: CAN THE HEAT \ud83d\udde3\n|\n|-end|p2a: thicktini \ud83d\ude0d|Magma Storm|[partiallytrapped]\n|-sideend|p2: pheromosa's wig|move: Light Screen\n|upkeep\n|c|\u2606OminousNebulous|sob\n|c|\u2606OminousNebulous|sobble\n|\n|t:|1699725672\n|switch|p1a: random|Krookodile, F|100\/100\n|-ability|p1a: random|Intimidate|boost\n|-unboost|p2a: thicktini \ud83d\ude0d|atk|1\n|turn|9\n|\n|t:|1699725689\n|switch|p2a: toenail infection|Skarmory, M, shiny|100\/100\n|move|p1a: random|Knock Off|p2a: toenail infection\n|-damage|p2a: toenail infection|82\/100\n|-damage|p1a: random|84\/100|[from] item: Rocky Helmet|[of] p2a: toenail infection\n|-enditem|p2a: toenail infection|Rocky Helmet|[from] move: Knock Off|[of] p1a: random\n|\n|-sideend|p2: pheromosa's wig|Reflect\n|upkeep\n|turn|10\n|\n|t:|1699725710\n|switch|p1a: fodder|Pyukumuku, M|100\/100\n|move|p2a: toenail infection|Iron Defense|p2a: toenail infection\n|-boost|p2a: toenail infection|def|2\n|\n|upkeep\n|turn|11\n|\n|t:|1699725720\n|move|p1a: fodder|Protect|p1a: fodder\n|-singleturn|p1a: fodder|Protect\n|move|p2a: toenail infection|Body Press|p1a: fodder\n|-activate|p1a: fodder|move: Protect\n|\n|upkeep\n|turn|12\n|c|\u2606OminousNebulous|look at this goat\n|\n|t:|1699725730\n|move|p2a: toenail infection|Body Press|p1a: fodder\n|-damage|p1a: fodder|56\/100\n|move|p1a: fodder|Recover|p1a: fodder\n|-heal|p1a: fodder|100\/100\n|\n|upkeep\n|turn|13\n|\n|t:|1699725745\n|switch|p1a: Towers.|Latios, M|100\/100\n|move|p2a: toenail infection|Iron Defense|p2a: toenail infection\n|-boost|p2a: toenail infection|def|2\n|\n|upkeep\n|turn|14\n|c|\u2606pheromosa's wig|insane name\n|\n|t:|1699725754\n|detailschange|p1a: Towers.|Latios-Mega, M\n|-mega|p1a: Towers.|Latios|Latiosite\n|move|p1a: Towers.|Mystical Fire|p2a: toenail infection\n|-supereffective|p2a: toenail infection\n|-damage|p2a: toenail infection|23\/100\n|-unboost|p2a: toenail infection|spa|1\n|move|p2a: toenail infection|Body Press|p1a: Towers.\n|-resisted|p1a: Towers.\n|-damage|p1a: Towers.|61\/100\n|\n|upkeep\n|turn|15\n|c|\u2606OminousNebulous|live laugh love\n|c|\u2606OminousNebulous|Towers.\n|\n|t:|1699725777\n|switch|p2a: TAYLOR SWIFT \u2728|Meloetta|100\/100\n|move|p1a: Towers.|Mystical Fire|p2a: TAYLOR SWIFT \u2728\n|-damage|p2a: TAYLOR SWIFT \u2728|83\/100\n|-unboost|p2a: TAYLOR SWIFT \u2728|spa|1\n|\n|upkeep\n|turn|16\n|\n|t:|1699725802\n|switch|p1a: random|Krookodile, F|84\/100\n|-ability|p1a: random|Intimidate|boost\n|-unboost|p2a: TAYLOR SWIFT \u2728|atk|1\n|move|p2a: TAYLOR SWIFT \u2728|Dazzling Gleam|p1a: random\n|-supereffective|p1a: random\n|-damage|p1a: random|28\/100\n|\n|upkeep\n|turn|17\n|c|\u2606OminousNebulous|may be oevr\n|\n|t:|1699725830\n|move|p1a: random|Knock Off|p2a: TAYLOR SWIFT \u2728\n|-supereffective|p2a: TAYLOR SWIFT \u2728\n|-crit|p2a: TAYLOR SWIFT \u2728\n|-damage|p2a: TAYLOR SWIFT \u2728|0 fnt\n|-enditem|p2a: TAYLOR SWIFT \u2728|Assault Vest|[from] move: Knock Off|[of] p1a: random\n|faint|p2a: TAYLOR SWIFT \u2728\n|\n|upkeep\n|c|\u2606OminousNebulous|crit\n|c|\u2606OminousNebulous|mattered\n|\n|t:|1699725840\n|switch|p2a: ROSE TOY \ud83c\udf39|Decidueye-Hisui, F|100\/100\n|turn|18\n|j| devious fearvg\n|\n|t:|1699725854\n|move|p1a: random|Knock Off|p2a: ROSE TOY \ud83c\udf39\n|-resisted|p2a: ROSE TOY \ud83c\udf39\n|-damage|p2a: ROSE TOY \ud83c\udf39|72\/100\n|-enditem|p2a: ROSE TOY \ud83c\udf39|Expert Belt|[from] move: Knock Off|[of] p1a: random\n|move|p2a: ROSE TOY \ud83c\udf39|Bulk Up|p2a: ROSE TOY \ud83c\udf39\n|-boost|p2a: ROSE TOY \ud83c\udf39|atk|1\n|-boost|p2a: ROSE TOY \ud83c\udf39|def|1\n|\n|upkeep\n|turn|19\n|\n|t:|1699725869\n|switch|p1a: fodder|Pyukumuku, M|100\/100\n|move|p2a: ROSE TOY \ud83c\udf39|Bulk Up|p2a: ROSE TOY \ud83c\udf39\n|-boost|p2a: ROSE TOY \ud83c\udf39|atk|1\n|-boost|p2a: ROSE TOY \ud83c\udf39|def|1\n|\n|upkeep\n|turn|20\n|\n|t:|1699725874\n|move|p2a: ROSE TOY \ud83c\udf39|Leaf Blade|p1a: fodder\n|-supereffective|p1a: fodder\n|-damage|p1a: fodder|0 fnt\n|-damage|p2a: ROSE TOY \ud83c\udf39|0 fnt|[from] ability: Innards Out|[of] p1a: fodder\n|faint|p1a: fodder\n|faint|p2a: ROSE TOY \ud83c\udf39\n|\n|upkeep\n|c|\u2606OminousNebulous|cooked\n|c| devious fearvg|LMAO\n|j| hattorivt\n|\n|t:|1699725889\n|switch|p2a: zazatu|Xatu, M, shiny|100\/100\n|switch|p1a: sir yes sir|Corviknight, F|100\/100\n|turn|21\n|\n|t:|1699725913\n|move|p2a: zazatu|Reflect|p2a: zazatu\n|-sidestart|p2: pheromosa's wig|Reflect\n|move|p1a: sir yes sir|Brave Bird|p2a: zazatu\n|-damage|p2a: zazatu|77\/100\n|-damage|p1a: sir yes sir|95\/100|[from] Recoil\n|\n|-heal|p1a: sir yes sir|100\/100|[from] item: Leftovers\n|upkeep\n|turn|22\n|\n|t:|1699725922\n|move|p2a: zazatu|Light Screen|p2a: zazatu\n|-sidestart|p2: pheromosa's wig|move: Light Screen\n|move|p1a: sir yes sir|Body Press|p2a: zazatu\n|-resisted|p2a: zazatu\n|-damage|p2a: zazatu|73\/100\n|\n|upkeep\n|turn|23\n|c|\u2606OminousNebulous|let me cook\n|\n|t:|1699725932\n|switch|p2a: toenail infection|Skarmory, M, shiny|23\/100\n|move|p1a: sir yes sir|Tailwind|p1a: sir yes sir\n|-sidestart|p1: OminousNebulous|move: Tailwind\n|\n|upkeep\n|turn|24\n|\n|t:|1699725936\n|move|p1a: sir yes sir|Body Press|p2a: toenail infection\n|-damage|p2a: toenail infection|12\/100\n|move|p2a: toenail infection|Roost|p2a: toenail infection\n|-heal|p2a: toenail infection|62\/100\n|-singleturn|p2a: toenail infection|move: Roost\n|\n|upkeep\n|turn|25\n|c|\u2606OminousNebulous|call me a seller\n|\n|t:|1699725952\n|switch|p1a: random|Krookodile, F|28\/100\n|-ability|p1a: random|Intimidate|boost\n|-unboost|p2a: toenail infection|atk|1\n|move|p2a: toenail infection|Iron Defense|p2a: toenail infection\n|-boost|p2a: toenail infection|def|2\n|\n|upkeep\n|turn|26\n|\n|t:|1699725957\n|move|p1a: random|Stone Edge|p2a: toenail infection\n|-crit|p2a: toenail infection\n|-damage|p2a: toenail infection|26\/100\n|move|p2a: toenail infection|Body Press|p1a: random\n|-supereffective|p1a: random\n|-damage|p1a: random|0 fnt\n|faint|p1a: random\n|\n|-sideend|p1: OminousNebulous|move: Tailwind\n|upkeep\n|\n|t:|1699725963\n|switch|p1a: Towers.|Latios-Mega, M|61\/100\n|turn|27\n|\n|t:|1699725976\n|move|p1a: Towers.|Mystical Fire|p2a: toenail infection\n|-supereffective|p2a: toenail infection\n|-damage|p2a: toenail infection|0 fnt\n|faint|p2a: toenail infection\n|\n|upkeep\n|\n|t:|1699725994\n|switch|p2a: zazatu|Xatu, M, shiny|73\/100\n|turn|28\n|\n|t:|1699726004\n|move|p1a: Towers.|Shadow Ball|p2a: zazatu\n|-supereffective|p2a: zazatu\n|-damage|p2a: zazatu|33\/100\n|move|p2a: zazatu|Trick Room|p2a: zazatu\n|-fieldstart|move: Trick Room|[of] p2a: zazatu\n|\n|-sideend|p2: pheromosa's wig|Reflect\n|upkeep\n|turn|29\n|c| devious fearvg|let him cook\n|\n|t:|1699726036\n|move|p2a: zazatu|Reflect|p2a: zazatu\n|-sidestart|p2: pheromosa's wig|Reflect\n|move|p1a: Towers.|Shadow Ball|p2a: zazatu\n|-supereffective|p2a: zazatu\n|-damage|p2a: zazatu|0 fnt\n|faint|p2a: zazatu\n|\n|-sideend|p2: pheromosa's wig|move: Light Screen\n|upkeep\n|c| hattorivt|wassup guys\n|\n|t:|1699726043\n|switch|p2a: satanic ritual|Sinistcha, shiny|100\/100\n|turn|30\n|c| devious fearvg|hai haosers\n|c|\u2606OminousNebulous|ive never faught\n|c|\u2606OminousNebulous|sinistea\n|c|\u2606OminousNebulous|or whatever\n|c|\u2606OminousNebulous|so idk its moves\n|\n|t:|1699726068\n|switch|p1a: sir yes sir|Corviknight, F|100\/100\n|-terastallize|p2a: satanic ritual|Water\n|move|p2a: satanic ritual|Shadow Ball|p1a: sir yes sir\n|-damage|p1a: sir yes sir|63\/100\n|-ability|p1a: sir yes sir|Mirror Armor\n|-unboost|p2a: satanic ritual|spd|1\n|\n|-heal|p1a: sir yes sir|69\/100|[from] item: Leftovers\n|upkeep\n|turn|31\n|\n|t:|1699726092\n|move|p2a: satanic ritual|Calm Mind|p2a: satanic ritual\n|-boost|p2a: satanic ritual|spa|1\n|-boost|p2a: satanic ritual|spd|1\n|move|p1a: sir yes sir|Body Press|p2a: satanic ritual\n|-damage|p2a: satanic ritual|85\/100\n|\n|-heal|p2a: satanic ritual|91\/100|[from] item: Leftovers\n|-heal|p1a: sir yes sir|75\/100|[from] item: Leftovers\n|upkeep\n|turn|32\n|c|\u2606OminousNebulous|let me sell\n|c|\u2606OminousNebulous|:fire:\n|\n|t:|1699726106\n|move|p2a: satanic ritual|Calm Mind|p2a: satanic ritual\n|-boost|p2a: satanic ritual|spa|1\n|-boost|p2a: satanic ritual|spd|1\n|move|p1a: sir yes sir|Brave Bird|p2a: satanic ritual\n|-damage|p2a: satanic ritual|73\/100\n|-damage|p1a: sir yes sir|71\/100|[from] Recoil\n|\n|-heal|p2a: satanic ritual|79\/100|[from] item: Leftovers\n|-heal|p1a: sir yes sir|77\/100|[from] item: Leftovers\n|-fieldend|move: Trick Room\n|upkeep\n|turn|33\n|\n|t:|1699726122\n|switch|p1a: davids mother|Appletun, M|100\/100\n|move|p2a: satanic ritual|Shadow Ball|p1a: davids mother\n|-damage|p1a: davids mother|48\/100\n|\n|-heal|p2a: satanic ritual|85\/100|[from] item: Leftovers\n|-heal|p1a: davids mother|54\/100|[from] item: Leftovers\n|upkeep\n|turn|34\n|\n|t:|1699726133\n|move|p1a: davids mother|Protect|p1a: davids mother\n|-singleturn|p1a: davids mother|Protect\n|move|p2a: satanic ritual|Shadow Ball|p1a: davids mother\n|-activate|p1a: davids mother|move: Protect\n|\n|-heal|p2a: satanic ritual|91\/100|[from] item: Leftovers\n|-heal|p1a: davids mother|60\/100|[from] item: Leftovers\n|upkeep\n|turn|35\n|\n|t:|1699726137\n|move|p2a: satanic ritual|Calm Mind|p2a: satanic ritual\n|-boost|p2a: satanic ritual|spa|1\n|-boost|p2a: satanic ritual|spd|1\n|move|p1a: davids mother|Leech Seed|p2a: satanic ritual\n|-start|p2a: satanic ritual|move: Leech Seed\n|\n|-heal|p2a: satanic ritual|97\/100|[from] item: Leftovers\n|-heal|p1a: davids mother|66\/100|[from] item: Leftovers\n|-damage|p2a: satanic ritual|85\/100|[from] Leech Seed|[of] p1a: davids mother\n|-heal|p1a: davids mother|75\/100|[silent]\n|upkeep\n|turn|36\n|\n|t:|1699726148\n|move|p1a: davids mother|Protect|p1a: davids mother\n|-singleturn|p1a: davids mother|Protect\n|move|p2a: satanic ritual|Calm Mind|p2a: satanic ritual\n|-boost|p2a: satanic ritual|spa|1\n|-boost|p2a: satanic ritual|spd|1\n|\n|-heal|p2a: satanic ritual|91\/100|[from] item: Leftovers\n|-heal|p1a: davids mother|81\/100|[from] item: Leftovers\n|-damage|p2a: satanic ritual|79\/100|[from] Leech Seed|[of] p1a: davids mother\n|-heal|p1a: davids mother|90\/100|[silent]\n|-sideend|p2: pheromosa's wig|Reflect\n|upkeep\n|turn|37\n|\n|t:|1699726151\n|move|p2a: satanic ritual|Shadow Ball|p1a: davids mother\n|-damage|p1a: davids mother|5\/100\n|-unboost|p1a: davids mother|spd|1\n|move|p1a: davids mother|Apple Acid|p2a: satanic ritual\n|-supereffective|p2a: satanic ritual\n|-damage|p2a: satanic ritual|55\/100\n|-unboost|p2a: satanic ritual|spd|1\n|\n|-heal|p2a: satanic ritual|61\/100|[from] item: Leftovers\n|-heal|p1a: davids mother|11\/100|[from] item: Leftovers\n|-damage|p2a: satanic ritual|48\/100|[from] Leech Seed|[of] p1a: davids mother\n|-heal|p1a: davids mother|20\/100|[silent]\n|upkeep\n|turn|38\n|\n|t:|1699726161\n|move|p2a: satanic ritual|Shadow Ball|p1a: davids mother\n|-damage|p1a: davids mother|0 fnt\n|faint|p1a: davids mother\n|\n|-heal|p2a: satanic ritual|54\/100|[from] item: Leftovers\n|upkeep\n|c|\u2606OminousNebulous|holy smoke\n|c|\u2606OminousNebulous|s\n|\n|t:|1699726167\n|switch|p1a: Towers.|Latios-Mega, M|61\/100\n|turn|39\n|c| devious fearvg|david's mother is putting in the work\n|\n|t:|1699726192\n|move|p1a: Towers.|Psychic|p2a: satanic ritual\n|-damage|p2a: satanic ritual|23\/100\n|move|p2a: satanic ritual|Shadow Ball|p1a: Towers.\n|-supereffective|p1a: Towers.\n|-damage|p1a: Towers.|0 fnt\n|faint|p1a: Towers.\n|\n|-heal|p2a: satanic ritual|29\/100|[from] item: Leftovers\n|upkeep\n|c|\u2606OminousNebulous|i lied\n|\n|t:|1699726199\n|switch|p1a: sir yes sir|Corviknight, F|77\/100\n|turn|40\n|c| devious fearvg|crit\n|c| devious fearvg|watch\n|c| hattorivt|kills regarsless\n|\n|t:|1699726211\n|move|p1a: sir yes sir|Brave Bird|p2a: satanic ritual\n|-damage|p2a: satanic ritual|0 fnt\n|faint|p2a: satanic ritual\n|-damage|p1a: sir yes sir|70\/100|[from] Recoil\n|\n|-heal|p1a: sir yes sir|76\/100|[from] item: Leftovers\n|upkeep\n|\n|t:|1699726216\n|switch|p2a: thicktini \ud83d\ude0d|Victini|40\/100\n|turn|41\n|c|\u2606OminousNebulous|bolt strike\n|c|\u2606OminousNebulous|sob\n|c| devious fearvg|didn't even need it\n|c| devious fearvg|oh\n|\n|t:|1699726229\n|move|p2a: thicktini \ud83d\ude0d|V-create|p1a: sir yes sir\n|-supereffective|p1a: sir yes sir\n|-damage|p1a: sir yes sir|0 fnt\n|-unboost|p2a: thicktini \ud83d\ude0d|spe|1\n|-unboost|p2a: thicktini \ud83d\ude0d|def|1\n|-unboost|p2a: thicktini \ud83d\ude0d|spd|1\n|faint|p1a: sir yes sir\n|\n|win|pheromosa's wig\n|c|\u2606OminousNebulous|or that\n|c|\u2606OminousNebulous|so joever\n|c|\u2606pheromosa's wig|gg\n|l|\u2606OminousNebulous\n|c| devious fearvg|ggs\n|c| hattorivt|its bo3\n|l| devious fearvg\n|j| devious fearvg\n|l| devious fearvg\n","uploadtime":1699726307,"views":11,"p1id":"ominousnebulous","p2id":"pheromosaswig","formatid":"gen9nationaldex","rating":0,"private":0,"password":""}