{"id":"gen9nationaldex-1992381762","p1":"Jfayd2","p2":"Kuzwa","format":"[Gen 9] National Dex","log":"|j|\u2606Jfayd2\n|j|\u2606Kuzwa\n|t:|1700181063\n|gametype|singles\n|player|p1|Jfayd2|blue|1209\n|player|p2|Kuzwa|swimmer-gen7|1315\n|teamsize|p1|6\n|teamsize|p2|6\n|gen|9\n|tier|[Gen 9] National Dex\n|rated|\n|rule|HP Percentage Mod: HP is shown in percentages\n|rule|Endless Battle Clause: Forcing endless battles is banned\n|rule|OHKO Clause: OHKO moves are banned\n|rule|Evasion Clause: Evasion abilities, items, and moves are banned\n|rule|Evasion Abilities Clause: Evasion abilities are banned\n|rule|Evasion Items Clause: Evasion items are banned\n|rule|Evasion Moves Clause: Evasion moves are banned\n|rule|Species Clause: Limit one of each Pok\u00e9mon\n|rule|Sleep Clause Mod: Limit one foe put to sleep\n|clearpoke\n|poke|p1|Tangrowth, M|\n|poke|p1|Dragonite, M|\n|poke|p1|Quaquaval, M|\n|poke|p1|Serperior, M|\n|poke|p1|Glimmora, F|\n|poke|p1|Latias, F|\n|poke|p2|Kartana|\n|poke|p2|Weavile, M|\n|poke|p2|Ogerpon-Wellspring, F|\n|poke|p2|Zeraora|\n|poke|p2|Glimmora, M|\n|poke|p2|Blaziken, M|\n|teampreview\n|c|\u2606Jfayd2|nice team\n|inactive|Battle timer is ON: inactive players will automatically lose when time's up. (requested by Kuzwa)\n|\n|t:|1700181090\n|start\n|switch|p1a: Glimmora|Glimmora, F|100\/100\n|switch|p2a: thing|Glimmora, M|100\/100\n|-item|p2a: thing|Air Balloon\n|turn|1\n|\n|t:|1700181101\n|move|p1a: Glimmora|Spikes|p2a: thing\n|-sidestart|p2: Kuzwa|Spikes\n|move|p2a: thing|Earth Power|p1a: Glimmora\n|-supereffective|p1a: Glimmora\n|-damage|p1a: Glimmora|0 fnt\n|faint|p1a: Glimmora\n|\n|upkeep\n|\n|t:|1700181109\n|switch|p1a: Tangrowth|Tangrowth, M|100\/100\n|turn|2\n|\n|t:|1700181118\n|move|p2a: thing|Mortal Spin|p1a: Tangrowth\n|-supereffective|p1a: Tangrowth\n|-damage|p1a: Tangrowth|93\/100\n|-status|p1a: Tangrowth|psn\n|-sideend|p2: Kuzwa|Spikes|[from] move: Mortal Spin|[of] p2a: thing\n|move|p1a: Tangrowth|Knock Off|p2a: thing\n|-damage|p2a: thing|72\/100\n|-activate|p2a: thing|ability: Toxic Debris\n|-sidestart|p1: Jfayd2|move: Toxic Spikes\n|-enditem|p2a: thing|Air Balloon\n|\n|-damage|p1a: Tangrowth|80\/100 psn|[from] psn\n|upkeep\n|turn|3\n|\n|t:|1700181132\n|move|p2a: thing|Sludge Wave|p1a: Tangrowth\n|-supereffective|p1a: Tangrowth\n|-damage|p1a: Tangrowth|19\/100 psn\n|move|p1a: Tangrowth|Giga Drain|p2a: thing\n|-damage|p2a: thing|38\/100\n|-heal|p1a: Tangrowth|32\/100 psn|[from] drain|[of] p2a: thing\n|\n|-damage|p1a: Tangrowth|20\/100 psn|[from] psn\n|upkeep\n|turn|4\n|\n|t:|1700181143\n|move|p2a: thing|Power Gem|p1a: Tangrowth\n|-damage|p1a: Tangrowth|0 fnt\n|faint|p1a: Tangrowth\n|\n|upkeep\n|\n|t:|1700181151\n|switch|p1a: Latias|Latias, F|100\/100\n|turn|5\n|\n|t:|1700181167\n|detailschange|p1a: Latias|Latias-Mega, F\n|-mega|p1a: Latias|Latias|Latiasite\n|move|p1a: Latias|Psyshock|p2a: thing\n|-supereffective|p2a: thing\n|-damage|p2a: thing|0 fnt\n|faint|p2a: thing\n|\n|upkeep\n|\n|t:|1700181171\n|switch|p2a: Junpei Iori|Weavile, M, shiny|100\/100\n|turn|6\n|\n|t:|1700181177\n|move|p2a: Junpei Iori|Knock Off|p1a: Latias\n|-supereffective|p1a: Latias\n|-damage|p1a: Latias|44\/100\n|move|p1a: Latias|Calm Mind|p1a: Latias\n|-boost|p1a: Latias|spa|1\n|-boost|p1a: Latias|spd|1\n|\n|upkeep\n|turn|7\n|\n|t:|1700181183\n|move|p2a: Junpei Iori|Ice Spinner|p1a: Latias\n|-supereffective|p1a: Latias\n|-damage|p1a: Latias|0 fnt\n|faint|p1a: Latias\n|\n|upkeep\n|\n|t:|1700181192\n|switch|p1a: Dragonite|Dragonite, M, shiny|100\/100\n|turn|8\n|\n|t:|1700181197\n|-terastallize|p1a: Dragonite|Normal\n|move|p2a: Junpei Iori|Ice Spinner|p1a: Dragonite\n|-damage|p1a: Dragonite|77\/100\n|move|p1a: Dragonite|Dragon Dance|p1a: Dragonite\n|-boost|p1a: Dragonite|atk|1\n|-boost|p1a: Dragonite|spe|1\n|\n|upkeep\n|turn|9\n|\n|t:|1700181207\n|move|p1a: Dragonite|Extreme Speed|p2a: Junpei Iori\n|-crit|p2a: Junpei Iori\n|-enditem|p2a: Junpei Iori|Focus Sash\n|-damage|p2a: Junpei Iori|1\/100\n|-enditem|p1a: Dragonite|Heavy-Duty Boots|[silent]|[from] ability: Pickpocket|[of] p1a: Dragonite\n|-item|p2a: Junpei Iori|Heavy-Duty Boots|[from] ability: Pickpocket|[of] p1a: Dragonite\n|move|p2a: Junpei Iori|Knock Off|p1a: Dragonite\n|-damage|p1a: Dragonite|41\/100\n|\n|upkeep\n|turn|10\n|\n|t:|1700181216\n|move|p1a: Dragonite|Dragon Dance|p1a: Dragonite\n|-boost|p1a: Dragonite|atk|1\n|-boost|p1a: Dragonite|spe|1\n|move|p2a: Junpei Iori|Ice Spinner|p1a: Dragonite\n|-crit|p1a: Dragonite\n|-damage|p1a: Dragonite|0 fnt\n|faint|p1a: Dragonite\n|\n|upkeep\n|\n|t:|1700181223\n|switch|p1a: Quaquaval|Quaquaval, M|100\/100\n|-status|p1a: Quaquaval|psn\n|turn|11\n|\n|t:|1700181231\n|move|p2a: Junpei Iori|Knock Off|p1a: Quaquaval\n|-resisted|p1a: Quaquaval\n|-damage|p1a: Quaquaval|72\/100 psn\n|-enditem|p1a: Quaquaval|Leftovers|[from] move: Knock Off|[of] p2a: Junpei Iori\n|move|p1a: Quaquaval|Bulk Up|p1a: Quaquaval\n|-boost|p1a: Quaquaval|atk|1\n|-boost|p1a: Quaquaval|def|1\n|\n|-damage|p1a: Quaquaval|59\/100 psn|[from] psn\n|upkeep\n|turn|12\n|\n|t:|1700181239\n|move|p2a: Junpei Iori|Ice Spinner|p1a: Quaquaval\n|-resisted|p1a: Quaquaval\n|-damage|p1a: Quaquaval|45\/100 psn\n|move|p1a: Quaquaval|Aqua Step|p2a: Junpei Iori\n|-damage|p2a: Junpei Iori|0 fnt\n|-boost|p1a: Quaquaval|spe|1\n|faint|p2a: Junpei Iori\n|-ability|p1a: Quaquaval|Moxie|boost\n|-boost|p1a: Quaquaval|atk|1\n|\n|-damage|p1a: Quaquaval|33\/100 psn|[from] psn\n|upkeep\n|\n|t:|1700181246\n|switch|p2a: Ken Amada|Zeraora|100\/100\n|turn|13\n|\n|t:|1700181255\n|move|p2a: Ken Amada|Fake Out|p1a: Quaquaval\n|-damage|p1a: Quaquaval|22\/100 psn\n|cant|p1a: Quaquaval|flinch\n|\n|-damage|p1a: Quaquaval|9\/100 psn|[from] psn\n|upkeep\n|turn|14\n|\n|t:|1700181261\n|switch|p2a: Aigis|Ogerpon-Wellspring, F|100\/100\n|move|p1a: Quaquaval|Close Combat|p2a: Aigis\n|-damage|p2a: Aigis|0 fnt\n|-unboost|p1a: Quaquaval|def|1\n|-unboost|p1a: Quaquaval|spd|1\n|faint|p2a: Aigis\n|-ability|p1a: Quaquaval|Moxie|boost\n|-boost|p1a: Quaquaval|atk|1\n|\n|-damage|p1a: Quaquaval|0 fnt|[from] psn\n|faint|p1a: Quaquaval\n|upkeep\n|\n|t:|1700181279\n|switch|p2a: Akihiko Sanada|Blaziken, M, shiny|100\/100\n|switch|p1a: Serperior|Serperior, M|100\/100\n|-status|p1a: Serperior|psn\n|turn|15\n|\n|t:|1700181288\n|move|p1a: Serperior|Leaf Storm|p2a: Akihiko Sanada\n|-resisted|p2a: Akihiko Sanada\n|-damage|p2a: Akihiko Sanada|68\/100\n|-boost|p1a: Serperior|spa|2\n|move|p2a: Akihiko Sanada|Swords Dance|p2a: Akihiko Sanada\n|-boost|p2a: Akihiko Sanada|atk|2\n|\n|-damage|p1a: Serperior|88\/100 psn|[from] psn\n|-ability|p2a: Akihiko Sanada|Speed Boost|boost\n|-boost|p2a: Akihiko Sanada|spe|1\n|upkeep\n|turn|16\n|\n|t:|1700181312\n|move|p2a: Akihiko Sanada|Fire Punch|p1a: Serperior\n|-supereffective|p1a: Serperior\n|-damage|p1a: Serperior|0 fnt\n|faint|p1a: Serperior\n|\n|win|Kuzwa\n|raw|Jfayd2's rating: 1209 &rarr; <strong>1191<\/strong><br \/>(-18 for losing)\n|raw|Kuzwa's rating: 1315 &rarr; <strong>1329<\/strong><br \/>(+14 for winning)\n|l|\u2606Jfayd2\n","uploadtime":1700181321,"views":4,"p1id":"jfayd2","p2id":"kuzwa","formatid":"gen9nationaldex","rating":1191,"private":0,"password":""}