{"id":"gen9nationaldex-1999801748","p1":"GhtgvdeYghggyui","p2":"AfuroVictini","format":"[Gen 9] National Dex","log":"|html|<div class=\"broadcast-blue\"><strong>[Gen 9] National Dex is currently suspecting Sneasler! For information on how to participate check out the <a href=\"https:\/\/www.smogon.com\/forums\/threads\/sv-national-dex-suspect-8-just-dance.3731534\/\">suspect thread<\/a>.<\/strong><\/div>\n|j|\u2606GhtgvdeYghggyui\n|j|\u2606AfuroVictini\n|t:|1701117991\n|gametype|singles\n|player|p1|GhtgvdeYghggyui|unknown|\n|player|p2|AfuroVictini|kieran-festival|\n|teamsize|p1|6\n|teamsize|p2|6\n|gen|9\n|tier|[Gen 9] National Dex\n|rule|HP Percentage Mod: HP is shown in percentages\n|rule|Endless Battle Clause: Forcing endless battles is banned\n|rule|OHKO Clause: OHKO moves are banned\n|rule|Evasion Clause: Evasion abilities, items, and moves are banned\n|rule|Evasion Abilities Clause: Evasion abilities are banned\n|rule|Evasion Items Clause: Evasion items are banned\n|rule|Evasion Moves Clause: Evasion moves are banned\n|rule|Species Clause: Limit one of each Pok\u00e9mon\n|rule|Sleep Clause Mod: Limit one foe put to sleep\n|clearpoke\n|poke|p1|Ferrothorn, F|\n|poke|p1|Iron Hands|\n|poke|p1|Volcarona, M|\n|poke|p1|Dragonite, F|\n|poke|p1|Garganacl, F|\n|poke|p1|Urshifu-*, F|\n|poke|p2|Diancie|\n|poke|p2|Corviknight, F|\n|poke|p2|Iron Valiant|\n|poke|p2|Moltres|\n|poke|p2|Ogerpon-Wellspring, F|\n|poke|p2|Kommo-o, M|\n|teampreview\n|c|\u2606AfuroVictini|glhf\n|c|\u2606GhtgvdeYghggyui|Still in other game\n|c|\u2606AfuroVictini|Np\n|c|\u2606GhtgvdeYghggyui|But ill still play\n|\n|t:|1701118036\n|start\n|switch|p1a: Garganacl|Garganacl, F, shiny|100\/100\n|switch|p2a: Ogerpon|Ogerpon-Wellspring, F|100\/100\n|turn|1\n|\n|t:|1701118052\n|switch|p1a: Iron Hands|Iron Hands, shiny|100\/100\n|move|p2a: Ogerpon|Ivy Cudgel|p1a: Iron Hands|[anim] Ivy Cudgel Water\n|-damage|p1a: Iron Hands|64\/100\n|\n|upkeep\n|turn|2\n|\n|t:|1701118074\n|move|p2a: Ogerpon|Play Rough|p1a: Iron Hands\n|-supereffective|p1a: Iron Hands\n|-damage|p1a: Iron Hands|23\/100\n|move|p1a: Iron Hands|Drain Punch|p2a: Ogerpon\n|-damage|p2a: Ogerpon|52\/100\n|-heal|p1a: Iron Hands|38\/100|[from] drain|[of] p2a: Ogerpon\n|\n|upkeep\n|turn|3\n|\n|t:|1701118078\n|move|p2a: Ogerpon|Play Rough|p1a: Iron Hands\n|-supereffective|p1a: Iron Hands\n|-damage|p1a: Iron Hands|0 fnt\n|faint|p1a: Iron Hands\n|-end|p1a: Iron Hands|Quark Drive|[silent]\n|\n|upkeep\n|\n|t:|1701118082\n|switch|p1a: Volcarona|Volcarona, M, shiny|100\/100\n|turn|4\n|\n|t:|1701118094\n|switch|p2a: Diancie|Diancie|100\/100\n|move|p1a: Volcarona|Bug Buzz|p2a: Diancie\n|-resisted|p2a: Diancie\n|-damage|p2a: Diancie|74\/100\n|\n|upkeep\n|turn|5\n|\n|t:|1701118108\n|switch|p1a: Urshifu|Urshifu-Rapid-Strike, F|100\/100\n|detailschange|p2a: Diancie|Diancie-Mega\n|-mega|p2a: Diancie|Diancie|Diancite\n|move|p2a: Diancie|Stealth Rock|p1a: Urshifu\n|-sidestart|p1: GhtgvdeYghggyui|move: Stealth Rock\n|\n|upkeep\n|turn|6\n|\n|t:|1701118111\n|move|p2a: Diancie|Moonblast|p1a: Urshifu\n|-supereffective|p1a: Urshifu\n|-damage|p1a: Urshifu|0 fnt\n|faint|p1a: Urshifu\n|\n|upkeep\n|\n|t:|1701118118\n|switch|p1a: Garganacl|Garganacl, F, shiny|100\/100\n|-damage|p1a: Garganacl|88\/100|[from] Stealth Rock\n|turn|7\n|c|\u2606GhtgvdeYghggyui|gg most likely\n|\n|t:|1701118133\n|switch|p2a: Kommo-o|Kommo-o, M|100\/100\n|move|p1a: Garganacl|Salt Cure|p2a: Kommo-o\n|-resisted|p2a: Kommo-o\n|-damage|p2a: Kommo-o|92\/100\n|-start|p2a: Kommo-o|Salt Cure\n|\n|-heal|p1a: Garganacl|94\/100|[from] item: Leftovers\n|-damage|p2a: Kommo-o|80\/100|[from] Salt Cure\n|upkeep\n|turn|8\n|c|\u2606AfuroVictini|i'm not certain if that thing is alive\n|\n|t:|1701118153\n|switch|p1a: Ferrothorn|Ferrothorn, F, shiny|100\/100\n|-damage|p1a: Ferrothorn|95\/100|[from] Stealth Rock\n|-zpower|p2a: Kommo-o\n|move|p2a: Kommo-o|Clangorous Soulblaze|p1a: Ferrothorn|[zeffect]\n|-resisted|p1a: Ferrothorn\n|-damage|p1a: Ferrothorn|60\/100\n|-boost|p2a: Kommo-o|atk|1\n|-boost|p2a: Kommo-o|def|1\n|-boost|p2a: Kommo-o|spa|1\n|-boost|p2a: Kommo-o|spd|1\n|-boost|p2a: Kommo-o|spe|1\n|\n|-damage|p2a: Kommo-o|67\/100|[from] Salt Cure\n|upkeep\n|turn|9\n|\n|t:|1701118163\n|move|p2a: Kommo-o|Flamethrower|p1a: Ferrothorn\n|-supereffective|p1a: Ferrothorn\n|-damage|p1a: Ferrothorn|0 fnt\n|faint|p1a: Ferrothorn\n|\n|-damage|p2a: Kommo-o|55\/100|[from] Salt Cure\n|upkeep\n|\n|t:|1701118169\n|switch|p1a: Garganacl|Garganacl, F, shiny|94\/100\n|-damage|p1a: Garganacl|82\/100|[from] Stealth Rock\n|turn|10\n|\n|t:|1701118172\n|move|p2a: Kommo-o|Clanging Scales|p1a: Garganacl\n|-damage|p1a: Garganacl|23\/100\n|-unboost|p2a: Kommo-o|def|1\n|move|p1a: Garganacl|Ice Punch|p2a: Kommo-o\n|-supereffective|p2a: Kommo-o\n|-damage|p2a: Kommo-o|11\/100\n|\n|-heal|p1a: Garganacl|29\/100|[from] item: Leftovers\n|-damage|p2a: Kommo-o|0 fnt|[from] Salt Cure\n|faint|p2a: Kommo-o\n|upkeep\n|c|\u2606GhtgvdeYghggyui|ggs\n|\n|t:|1701118182\n|switch|p2a: Diancie|Diancie-Mega|74\/100\n|turn|11\n|c|\u2606AfuroVictini|ggs\n|\n|t:|1701118186\n|move|p2a: Diancie|Moonblast|p1a: Garganacl\n|-damage|p1a: Garganacl|0 fnt\n|faint|p1a: Garganacl\n|\n|upkeep\n|\n|t:|1701118193\n|switch|p1a: Dragonite|Dragonite, F, shiny|100\/100\n|-damage|p1a: Dragonite|75\/100|[from] Stealth Rock\n|turn|12\n|\n|t:|1701118200\n|move|p2a: Diancie|Moonblast|p1a: Dragonite\n|-supereffective|p1a: Dragonite\n|-damage|p1a: Dragonite|0 fnt\n|faint|p1a: Dragonite\n|\n|upkeep\n|c|\u2606GhtgvdeYghggyui|ggs\n|\n|t:|1701118207\n|switch|p1a: Volcarona|Volcarona, M, shiny|100\/100\n|turn|13\n|\n|t:|1701118210\n|move|p2a: Diancie|Diamond Storm|p1a: Volcarona\n|-supereffective|p1a: Volcarona\n|-damage|p1a: Volcarona|0 fnt\n|faint|p1a: Volcarona\n|\n|win|AfuroVictini\n","uploadtime":1701118237,"views":1,"p1id":"ghtgvdeyghggyui","p2id":"afurovictini","formatid":"gen9nationaldex","rating":0,"private":0,"password":""}