{"id":"gen9nationaldex-1997850044","p1":"Ci-Saber_Wolf","p2":"chrisamato7","format":"[Gen 9] National Dex","log":"|html|<div class=\"broadcast-blue\"><strong>[Gen 9] National Dex is currently suspecting Sneasler! For information on how to participate check out the <a href=\"https:\/\/www.smogon.com\/forums\/threads\/sv-national-dex-suspect-8-just-dance.3731534\/\">suspect thread<\/a>.<\/strong><\/div>\n|j|\u2606Ci-Saber_Wolf\n|j|\u2606chrisamato7\n|t:|1700859556\n|gametype|singles\n|player|p1|Ci-Saber_Wolf|twins-gen4|1130\n|player|p2|chrisamato7|ethan|1153\n|teamsize|p1|6\n|teamsize|p2|6\n|gen|9\n|tier|[Gen 9] National Dex\n|rated|\n|rule|HP Percentage Mod: HP is shown in percentages\n|rule|Endless Battle Clause: Forcing endless battles is banned\n|rule|OHKO Clause: OHKO moves are banned\n|rule|Evasion Clause: Evasion abilities, items, and moves are banned\n|rule|Evasion Abilities Clause: Evasion abilities are banned\n|rule|Evasion Items Clause: Evasion items are banned\n|rule|Evasion Moves Clause: Evasion moves are banned\n|rule|Species Clause: Limit one of each Pok\u00e9mon\n|rule|Sleep Clause Mod: Limit one foe put to sleep\n|clearpoke\n|poke|p1|Slowbro, M|\n|poke|p1|Magnezone|\n|poke|p1|Gliscor, M|\n|poke|p1|Tapu Fini|\n|poke|p1|Ferrothorn, F|\n|poke|p1|Blaziken, F|\n|poke|p2|Typhlosion, M|\n|poke|p2|Raikou|\n|poke|p2|Dragonite, M|\n|poke|p2|Gyarados, M|\n|poke|p2|Donphan, M|\n|poke|p2|Machamp, M|\n|teampreview\n|inactive|Battle timer is ON: inactive players will automatically lose when time's up. (requested by chrisamato7)\n|\n|t:|1700859589\n|start\n|switch|p1a: Blaziken|Blaziken, F|100\/100\n|switch|p2a: Donphan|Donphan, M, shiny|100\/100\n|turn|1\n|\n|t:|1700859596\n|switch|p1a: Ferrothorn|Ferrothorn, F|100\/100\n|move|p2a: Donphan|Earthquake|p1a: Ferrothorn\n|-damage|p1a: Ferrothorn|66\/100\n|\n|-heal|p1a: Ferrothorn|73\/100|[from] item: Leftovers\n|upkeep\n|turn|2\n|\n|t:|1700859603\n|switch|p2a: Typhlosion|Typhlosion, M, shiny|100\/100\n|move|p1a: Ferrothorn|Leech Seed|p2a: Typhlosion\n|-start|p2a: Typhlosion|move: Leech Seed\n|\n|-heal|p1a: Ferrothorn|79\/100|[from] item: Leftovers\n|-damage|p2a: Typhlosion|88\/100|[from] Leech Seed|[of] p1a: Ferrothorn\n|-heal|p1a: Ferrothorn|89\/100|[silent]\n|upkeep\n|turn|3\n|\n|t:|1700859607\n|move|p1a: Ferrothorn|Protect|p1a: Ferrothorn\n|-singleturn|p1a: Ferrothorn|Protect\n|move|p2a: Typhlosion|Eruption|p1a: Ferrothorn\n|-activate|p1a: Ferrothorn|move: Protect\n|\n|-heal|p1a: Ferrothorn|96\/100|[from] item: Leftovers\n|-damage|p2a: Typhlosion|76\/100|[from] Leech Seed|[of] p1a: Ferrothorn\n|-heal|p1a: Ferrothorn|100\/100|[silent]\n|upkeep\n|turn|4\n|\n|t:|1700859611\n|switch|p1a: Slowbro|Slowbro, M|100\/100\n|move|p2a: Typhlosion|Eruption|p1a: Slowbro\n|-resisted|p1a: Slowbro\n|-damage|p1a: Slowbro|83\/100\n|\n|-damage|p2a: Typhlosion|63\/100|[from] Leech Seed|[of] p1a: Slowbro\n|-heal|p1a: Slowbro|92\/100|[silent]\n|upkeep\n|turn|5\n|\n|t:|1700859626\n|switch|p2a: Raikou|Raikou, shiny|100\/100\n|switch|p1a: Gliscor|Gliscor, M|100\/100\n|\n|-status|p1a: Gliscor|tox|[from] item: Toxic Orb\n|upkeep\n|turn|6\n|c|\u2606chrisamato7|i can switch all day due\n|c|\u2606chrisamato7|dude\n|\n|t:|1700859636\n|switch|p2a: Gyarados|Gyarados, M, shiny|100\/100\n|-ability|p2a: Gyarados|Intimidate|boost\n|-unboost|p1a: Gliscor|atk|1\n|move|p1a: Gliscor|U-turn|p2a: Gyarados\n|-resisted|p2a: Gyarados\n|-damage|p2a: Gyarados|94\/100\n|\n|t:|1700859641\n|switch|p1a: Tapu Fini|Tapu Fini|100\/100|[from] U-turn\n|-fieldstart|move: Misty Terrain|[from] ability: Misty Surge|[of] p1a: Tapu Fini\n|\n|upkeep\n|turn|7\n|\n|t:|1700859662\n|switch|p2a: Machamp|Machamp, M|100\/100\n|move|p1a: Tapu Fini|Moonblast|p2a: Machamp\n|-supereffective|p2a: Machamp\n|-damage|p2a: Machamp|61\/100\n|\n|upkeep\n|turn|8\n|\n|t:|1700859671\n|switch|p1a: Slowbro|Slowbro, M|100\/100\n|-terastallize|p2a: Machamp|Fairy\n|move|p2a: Machamp|Poison Jab|p1a: Slowbro\n|-damage|p1a: Slowbro|75\/100\n|\n|upkeep\n|turn|9\n|\n|t:|1700859683\n|switch|p2a: Raikou|Raikou, shiny|100\/100\n|move|p1a: Slowbro|Calm Mind|p1a: Slowbro\n|-boost|p1a: Slowbro|spa|1\n|-boost|p1a: Slowbro|spd|1\n|\n|upkeep\n|turn|10\n|c|\u2606chrisamato7|keep switching\n|\n|t:|1700859706\n|move|p2a: Raikou|Thunderbolt|p1a: Slowbro\n|-supereffective|p1a: Slowbro\n|-damage|p1a: Slowbro|33\/100\n|move|p1a: Slowbro|Calm Mind|p1a: Slowbro\n|-boost|p1a: Slowbro|spa|1\n|-boost|p1a: Slowbro|spd|1\n|\n|upkeep\n|turn|11\n|\n|t:|1700859713\n|move|p2a: Raikou|Thunderbolt|p1a: Slowbro\n|-supereffective|p1a: Slowbro\n|-damage|p1a: Slowbro|1\/100\n|move|p1a: Slowbro|Slack Off|p1a: Slowbro\n|-heal|p1a: Slowbro|51\/100\n|\n|upkeep\n|turn|12\n|\n|t:|1700859717\n|move|p1a: Slowbro|Slack Off|p1a: Slowbro\n|-heal|p1a: Slowbro|100\/100\n|move|p2a: Raikou|Roar|p1a: Slowbro\n|drag|p1a: Magnezone|Magnezone|100\/100\n|\n|upkeep\n|turn|13\n|\n|t:|1700859730\n|switch|p1a: Gliscor|Gliscor, M|100\/100 tox\n|move|p2a: Raikou|Volt Switch|p1a: Gliscor\n|-immune|p1a: Gliscor\n|\n|-fieldend|Misty Terrain\n|upkeep\n|turn|14\n|\n|t:|1700859734\n|-zpower|p2a: Raikou\n|move|p2a: Raikou|Hydro Vortex|p1a: Gliscor|[zeffect]\n|-supereffective|p1a: Gliscor\n|-damage|p1a: Gliscor|0 fnt\n|faint|p1a: Gliscor\n|\n|upkeep\n|c|\u2606chrisamato7|..l...\n|\n|t:|1700859748\n|switch|p1a: Ferrothorn|Ferrothorn, F|100\/100\n|turn|15\n|\n|t:|1700859754\n|move|p2a: Raikou|Volt Switch|p1a: Ferrothorn\n|-resisted|p1a: Ferrothorn\n|-damage|p1a: Ferrothorn|88\/100\n|\n|t:|1700859762\n|switch|p2a: Typhlosion|Typhlosion, M, shiny|63\/100|[from] Volt Switch\n|move|p1a: Ferrothorn|Stealth Rock|p2a: Typhlosion\n|-sidestart|p2: chrisamato7|move: Stealth Rock\n|\n|-heal|p1a: Ferrothorn|94\/100|[from] item: Leftovers\n|upkeep\n|turn|16\n|\n|t:|1700859768\n|move|p1a: Ferrothorn|Protect|p1a: Ferrothorn\n|-singleturn|p1a: Ferrothorn|Protect\n|move|p2a: Typhlosion|Eruption|p1a: Ferrothorn\n|-activate|p1a: Ferrothorn|move: Protect\n|\n|-heal|p1a: Ferrothorn|99\/100|[from] item: Leftovers\n|upkeep\n|turn|17\n|\n|t:|1700859774\n|switch|p1a: Slowbro|Slowbro, M|100\/100\n|move|p2a: Typhlosion|Eruption|p1a: Slowbro\n|-resisted|p1a: Slowbro\n|-damage|p1a: Slowbro|85\/100\n|\n|upkeep\n|turn|18\n|\n|t:|1700859780\n|switch|p2a: Machamp|Machamp, M, tera:Fairy|61\/100\n|-damage|p2a: Machamp|49\/100|[from] Stealth Rock\n|move|p1a: Slowbro|Calm Mind|p1a: Slowbro\n|-boost|p1a: Slowbro|spa|1\n|-boost|p1a: Slowbro|spd|1\n|\n|upkeep\n|turn|19\n|\n|t:|1700859790\n|switch|p1a: Magnezone|Magnezone|100\/100\n|move|p2a: Machamp|Poison Jab|p1a: Magnezone\n|-immune|p1a: Magnezone\n|\n|upkeep\n|turn|20\n|\n|t:|1700859795\n|move|p1a: Magnezone|Flash Cannon|p2a: Machamp\n|-supereffective|p2a: Machamp\n|-damage|p2a: Machamp|0 fnt\n|faint|p2a: Machamp\n|\n|upkeep\n|\n|t:|1700859803\n|switch|p2a: Donphan|Donphan, M, shiny|100\/100\n|-damage|p2a: Donphan|94\/100|[from] Stealth Rock\n|turn|21\n|\n|t:|1700859808\n|switch|p1a: Ferrothorn|Ferrothorn, F|99\/100\n|move|p2a: Donphan|Rapid Spin|p1a: Ferrothorn\n|-resisted|p1a: Ferrothorn\n|-damage|p1a: Ferrothorn|94\/100\n|-boost|p2a: Donphan|spe|1\n|-damage|p2a: Donphan|82\/100|[from] ability: Iron Barbs|[of] p1a: Ferrothorn\n|-sideend|p2: chrisamato7|Stealth Rock|[from] move: Rapid Spin|[of] p2a: Donphan\n|\n|-heal|p1a: Ferrothorn|100\/100|[from] item: Leftovers\n|upkeep\n|turn|22\n|\n|t:|1700859813\n|switch|p2a: Dragonite|Dragonite, M|100\/100\n|move|p1a: Ferrothorn|Leech Seed|p2a: Dragonite\n|-start|p2a: Dragonite|move: Leech Seed\n|\n|-damage|p2a: Dragonite|88\/100|[from] Leech Seed|[of] p1a: Ferrothorn\n|upkeep\n|turn|23\n|\n|t:|1700859824\n|switch|p1a: Tapu Fini|Tapu Fini|100\/100\n|-fieldstart|move: Misty Terrain|[from] ability: Misty Surge|[of] p1a: Tapu Fini\n|move|p2a: Dragonite|Dragon Dance|p2a: Dragonite\n|-boost|p2a: Dragonite|atk|1\n|-boost|p2a: Dragonite|spe|1\n|\n|-damage|p2a: Dragonite|76\/100|[from] Leech Seed|[of] p1a: Tapu Fini\n|upkeep\n|turn|24\n|\n|t:|1700859831\n|move|p2a: Dragonite|Earthquake|p1a: Tapu Fini\n|-damage|p1a: Tapu Fini|47\/100\n|move|p1a: Tapu Fini|Moonblast|p2a: Dragonite\n|-supereffective|p2a: Dragonite\n|-damage|p2a: Dragonite|5\/100\n|\n|-damage|p2a: Dragonite|0 fnt|[from] Leech Seed|[of] p1a: Tapu Fini\n|-heal|p1a: Tapu Fini|51\/100|[silent]\n|faint|p2a: Dragonite\n|upkeep\n|\n|t:|1700859833\n|switch|p2a: Raikou|Raikou, shiny|100\/100\n|turn|25\n|\n|t:|1700859838\n|switch|p1a: Ferrothorn|Ferrothorn, F|100\/100\n|move|p2a: Raikou|Thunderbolt|p1a: Ferrothorn\n|-resisted|p1a: Ferrothorn\n|-damage|p1a: Ferrothorn|84\/100\n|\n|-heal|p1a: Ferrothorn|90\/100|[from] item: Leftovers\n|upkeep\n|turn|26\n|\n|t:|1700859843\n|move|p1a: Ferrothorn|Leech Seed|p2a: Raikou\n|-start|p2a: Raikou|move: Leech Seed\n|move|p2a: Raikou|Roar|p1a: Ferrothorn\n|drag|p1a: Slowbro|Slowbro, M|100\/100\n|\n|-damage|p2a: Raikou|88\/100|[from] Leech Seed|[of] p1a: Slowbro\n|upkeep\n|turn|27\n|\n|t:|1700859847\n|switch|p1a: Ferrothorn|Ferrothorn, F|90\/100\n|move|p2a: Raikou|Thunderbolt|p1a: Ferrothorn\n|-resisted|p1a: Ferrothorn\n|-damage|p1a: Ferrothorn|73\/100\n|\n|-heal|p1a: Ferrothorn|79\/100|[from] item: Leftovers\n|-damage|p2a: Raikou|76\/100|[from] Leech Seed|[of] p1a: Ferrothorn\n|-heal|p1a: Ferrothorn|91\/100|[silent]\n|upkeep\n|turn|28\n|\n|t:|1700859848\n|move|p2a: Raikou|Volt Switch|p1a: Ferrothorn\n|-resisted|p1a: Ferrothorn\n|-damage|p1a: Ferrothorn|80\/100\n|c|\u2606chrisamato7|you  suck\n|\n|t:|1700859861\n|switch|p2a: Typhlosion|Typhlosion, M, shiny|63\/100|[from] Volt Switch\n|move|p1a: Ferrothorn|Stealth Rock|p2a: Typhlosion\n|-sidestart|p2: chrisamato7|move: Stealth Rock\n|\n|-heal|p1a: Ferrothorn|86\/100|[from] item: Leftovers\n|upkeep\n|turn|29\n|\n|t:|1700859866\n|move|p1a: Ferrothorn|Protect|p1a: Ferrothorn\n|-singleturn|p1a: Ferrothorn|Protect\n|move|p2a: Typhlosion|Flamethrower|p1a: Ferrothorn\n|-activate|p1a: Ferrothorn|move: Protect\n|\n|-heal|p1a: Ferrothorn|92\/100|[from] item: Leftovers\n|upkeep\n|turn|30\n|\n|t:|1700859872\n|switch|p1a: Slowbro|Slowbro, M|100\/100\n|move|p2a: Typhlosion|Flamethrower|p1a: Slowbro\n|-resisted|p1a: Slowbro\n|-damage|p1a: Slowbro|85\/100\n|\n|-fieldend|Misty Terrain\n|upkeep\n|turn|31\n|\n|t:|1700859879\n|switch|p2a: Donphan|Donphan, M, shiny|82\/100\n|-damage|p2a: Donphan|76\/100|[from] Stealth Rock\n|move|p1a: Slowbro|Calm Mind|p1a: Slowbro\n|-boost|p1a: Slowbro|spa|1\n|-boost|p1a: Slowbro|spd|1\n|\n|upkeep\n|turn|32\n|\n|t:|1700859884\n|move|p2a: Donphan|Rapid Spin|p1a: Slowbro\n|-crit|p1a: Slowbro\n|-damage|p1a: Slowbro|62\/100\n|-boost|p2a: Donphan|spe|1\n|-sideend|p2: chrisamato7|Stealth Rock|[from] move: Rapid Spin|[of] p2a: Donphan\n|move|p1a: Slowbro|Calm Mind|p1a: Slowbro\n|-boost|p1a: Slowbro|spa|1\n|-boost|p1a: Slowbro|spd|1\n|\n|upkeep\n|turn|33\n|\n|t:|1700859888\n|move|p2a: Donphan|Seed Bomb|p1a: Slowbro\n|-supereffective|p1a: Slowbro\n|-damage|p1a: Slowbro|19\/100\n|move|p1a: Slowbro|Stored Power|p2a: Donphan\n|-damage|p2a: Donphan|19\/100\n|\n|upkeep\n|turn|34\n|\n|t:|1700859892\n|switch|p1a: Ferrothorn|Ferrothorn, F|92\/100\n|move|p2a: Donphan|Seed Bomb|p1a: Ferrothorn\n|-resisted|p1a: Ferrothorn\n|-damage|p1a: Ferrothorn|87\/100\n|\n|-heal|p1a: Ferrothorn|93\/100|[from] item: Leftovers\n|upkeep\n|turn|35\n|c|\u2606chrisamato7|bitch\n|\n|t:|1700859904\n|switch|p2a: Typhlosion|Typhlosion, M, shiny|63\/100\n|move|p1a: Ferrothorn|Stealth Rock|p2a: Typhlosion\n|-sidestart|p2: chrisamato7|move: Stealth Rock\n|\n|-heal|p1a: Ferrothorn|99\/100|[from] item: Leftovers\n|upkeep\n|turn|36\n|\n|t:|1700859912\n|move|p1a: Ferrothorn|Protect|p1a: Ferrothorn\n|-singleturn|p1a: Ferrothorn|Protect\n|move|p2a: Typhlosion|Focus Blast|p1a: Ferrothorn\n|-activate|p1a: Ferrothorn|move: Protect\n|\n|-heal|p1a: Ferrothorn|100\/100|[from] item: Leftovers\n|upkeep\n|turn|37\n|\n|t:|1700859918\n|switch|p1a: Slowbro|Slowbro, M|52\/100\n|move|p2a: Typhlosion|Eruption|p1a: Slowbro\n|-resisted|p1a: Slowbro\n|-damage|p1a: Slowbro|37\/100\n|\n|upkeep\n|turn|38\n|\n|t:|1700859928\n|switch|p2a: Gyarados|Gyarados, M, shiny|94\/100\n|-damage|p2a: Gyarados|69\/100|[from] Stealth Rock\n|-ability|p2a: Gyarados|Intimidate|boost\n|-unboost|p1a: Slowbro|atk|1\n|switch|p1a: Blaziken|Blaziken, F|100\/100\n|\n|upkeep\n|turn|39\n|\n|t:|1700859945\n|-zpower|p1a: Blaziken\n|move|p1a: Blaziken|All-Out Pummeling|p2a: Gyarados|[zeffect]\n|-resisted|p2a: Gyarados\n|-damage|p2a: Gyarados|16\/100\n|move|p2a: Gyarados|Dragon Dance|p2a: Gyarados\n|-boost|p2a: Gyarados|atk|1\n|-boost|p2a: Gyarados|spe|1\n|\n|-ability|p1a: Blaziken|Speed Boost|boost\n|-boost|p1a: Blaziken|spe|1\n|upkeep\n|turn|40\n|\n|t:|1700859955\n|detailschange|p2a: Gyarados|Gyarados-Mega, M, shiny\n|-mega|p2a: Gyarados|Gyarados|Gyaradosite\n|-ability|p2a: Gyarados|Mold Breaker\n|move|p1a: Blaziken|Protect|p1a: Blaziken\n|-singleturn|p1a: Blaziken|Protect\n|move|p2a: Gyarados|Waterfall|p1a: Blaziken\n|-activate|p1a: Blaziken|move: Protect\n|\n|-ability|p1a: Blaziken|Speed Boost|boost\n|-boost|p1a: Blaziken|spe|1\n|upkeep\n|turn|41\n|\n|t:|1700859959\n|move|p1a: Blaziken|Flare Blitz|p2a: Gyarados\n|-resisted|p2a: Gyarados\n|-damage|p2a: Gyarados|0 fnt\n|faint|p2a: Gyarados\n|-damage|p1a: Blaziken|95\/100|[from] Recoil\n|\n|-ability|p1a: Blaziken|Speed Boost|boost\n|-boost|p1a: Blaziken|spe|1\n|upkeep\n|\n|t:|1700859964\n|switch|p2a: Raikou|Raikou, shiny|76\/100\n|-damage|p2a: Raikou|63\/100|[from] Stealth Rock\n|turn|42\n|\n|t:|1700859967\n|move|p1a: Blaziken|Close Combat|p2a: Raikou\n|-damage|p2a: Raikou|0 fnt\n|-unboost|p1a: Blaziken|def|1\n|-unboost|p1a: Blaziken|spd|1\n|faint|p2a: Raikou\n|\n|-ability|p1a: Blaziken|Speed Boost|boost\n|-boost|p1a: Blaziken|spe|1\n|upkeep\n|\n|t:|1700859970\n|switch|p2a: Typhlosion|Typhlosion, M, shiny|63\/100\n|-damage|p2a: Typhlosion|38\/100|[from] Stealth Rock\n|turn|43\n|\n|t:|1700859972\n|move|p1a: Blaziken|Close Combat|p2a: Typhlosion\n|-damage|p2a: Typhlosion|0 fnt\n|-unboost|p1a: Blaziken|def|1\n|-unboost|p1a: Blaziken|spd|1\n|faint|p2a: Typhlosion\n|\n|-ability|p1a: Blaziken|Speed Boost|boost\n|-boost|p1a: Blaziken|spe|1\n|upkeep\n|inactive|chrisamato7 has 120 seconds left.\n|\n|t:|1700860005\n|switch|p2a: Donphan|Donphan, M, shiny|19\/100\n|-damage|p2a: Donphan|13\/100|[from] Stealth Rock\n|turn|44\n|inactive|chrisamato7 has 120 seconds left.\n|inactive|chrisamato7 has 90 seconds left.\n|inactive|chrisamato7 has 60 seconds left.\n|\n|t:|1700860091\n|move|p1a: Blaziken|Flare Blitz|p2a: Donphan\n|-damage|p2a: Donphan|0 fnt\n|faint|p2a: Donphan\n|-damage|p1a: Blaziken|90\/100|[from] Recoil\n|\n|win|Ci-Saber_Wolf\n|raw|Ci-Saber_Wolf's rating: 1130 &rarr; <strong>1157<\/strong><br \/>(+27 for winning)\n|raw|chrisamato7's rating: 1153 &rarr; <strong>1126<\/strong><br \/>(-27 for losing)\n","uploadtime":1700860086,"views":2,"p1id":"cisaberwolf","p2id":"chrisamato7","formatid":"gen9nationaldex","rating":1126,"private":0,"password":""}