{"id":"gen9nationaldex-1989753513","p1":"Dark Umbreon 08","p2":"CAAUG","format":"[Gen 9] National Dex","log":"|j|\u2606Dark Umbreon 08\n|j|\u2606CAAUG\n|t:|1699892838\n|gametype|singles\n|player|p1|Dark Umbreon 08|lass-gen4dp|1108\n|player|p2|CAAUG|richboy|1203\n|teamsize|p1|6\n|teamsize|p2|6\n|gen|9\n|tier|[Gen 9] National Dex\n|rated|\n|rule|HP Percentage Mod: HP is shown in percentages\n|rule|Endless Battle Clause: Forcing endless battles is banned\n|rule|OHKO Clause: OHKO moves are banned\n|rule|Evasion Clause: Evasion abilities, items, and moves are banned\n|rule|Evasion Abilities Clause: Evasion abilities are banned\n|rule|Evasion Items Clause: Evasion items are banned\n|rule|Evasion Moves Clause: Evasion moves are banned\n|rule|Species Clause: Limit one of each Pok\u00e9mon\n|rule|Sleep Clause Mod: Limit one foe put to sleep\n|clearpoke\n|poke|p1|Xurkitree|\n|poke|p1|Blaziken, F|\n|poke|p1|Medicham, F|\n|poke|p1|Zamazenta-*|\n|poke|p1|Kartana|\n|poke|p1|Manaphy|\n|poke|p2|Salamence, F|\n|poke|p2|Scizor, F|\n|poke|p2|Sableye, M|\n|poke|p2|Milotic, F|\n|poke|p2|Sceptile, F|\n|poke|p2|Flygon, F|\n|teampreview\n|inactive|Battle timer is ON: inactive players will automatically lose when time's up. (requested by CAAUG)\n|inactive|Dark Umbreon 08 also wants the timer to be on.\n|\n|t:|1699892859\n|start\n|switch|p1a: Kartana|Kartana|100\/100\n|switch|p2a: Sableye|Sableye, M|100\/100\n|turn|1\n|\n|t:|1699892865\n|switch|p1a: Blaziken|Blaziken, F|100\/100\n|detailschange|p2a: Sableye|Sableye-Mega, M\n|-mega|p2a: Sableye|Sableye|Sablenite\n|move|p2a: Sableye|Foul Play|p1a: Blaziken\n|-resisted|p1a: Blaziken\n|-damage|p1a: Blaziken|64\/100\n|\n|upkeep\n|turn|2\n|c|\u2606CAAUG|u cant win\n|c|\u2606CAAUG|im sorry\n|\n|t:|1699892875\n|switch|p2a: notyou|Milotic, F, shiny|100\/100\n|move|p1a: Blaziken|Blaze Kick|p2a: notyou\n|-resisted|p2a: notyou\n|-damage|p2a: notyou|76\/100\n|\n|-ability|p1a: Blaziken|Speed Boost|boost\n|-boost|p1a: Blaziken|spe|1\n|upkeep\n|turn|3\n|\n|t:|1699892883\n|switch|p1a: Kartana|Kartana|100\/100\n|move|p2a: notyou|Surf|p1a: Kartana\n|-resisted|p1a: Kartana\n|-damage|p1a: Kartana|35\/100\n|\n|upkeep\n|turn|4\n|\n|t:|1699892893\n|switch|p2a: ushouldfearme|Salamence, F, shiny|100\/100\n|move|p1a: Kartana|Leaf Blade|p2a: ushouldfearme\n|-resisted|p2a: ushouldfearme\n|-damage|p2a: ushouldfearme|86\/100\n|\n|-heal|p2a: ushouldfearme|92\/100|[from] item: Leftovers\n|upkeep\n|turn|5\n|\n|t:|1699892904\n|switch|p1a: Zamazenta|Zamazenta|100\/100\n|-ability|p1a: Zamazenta|Dauntless Shield|boost\n|-boost|p1a: Zamazenta|def|1\n|move|p2a: ushouldfearme|Dragon Dance|p2a: ushouldfearme\n|-boost|p2a: ushouldfearme|atk|1\n|-boost|p2a: ushouldfearme|spe|1\n|\n|-heal|p2a: ushouldfearme|98\/100|[from] item: Leftovers\n|upkeep\n|turn|6\n|c|\u2606CAAUG|my dragon will obliterate u\n|\n|t:|1699892913\n|-terastallize|p1a: Zamazenta|Fairy\n|-terastallize|p2a: ushouldfearme|Fairy\n|move|p1a: Zamazenta|Play Rough|p2a: ushouldfearme\n|-damage|p2a: ushouldfearme|25\/100\n|-unboost|p2a: ushouldfearme|atk|1\n|move|p2a: ushouldfearme|Dragon Dance|p2a: ushouldfearme\n|-boost|p2a: ushouldfearme|atk|1\n|-boost|p2a: ushouldfearme|spe|1\n|\n|-heal|p2a: ushouldfearme|31\/100|[from] item: Leftovers\n|upkeep\n|turn|7\n|\n|t:|1699892924\n|move|p2a: ushouldfearme|Dual Wingbeat|p1a: Zamazenta|[miss]\n|-miss|p2a: ushouldfearme|p1a: Zamazenta\n|move|p1a: Zamazenta|Play Rough|p2a: ushouldfearme\n|-damage|p2a: ushouldfearme|0 fnt\n|faint|p2a: ushouldfearme\n|\n|upkeep\n|c|\u2606CAAUG|just in this game\n|c|\u2606CAAUG|he miss the most important attack\n|c|\u2606CAAUG|of the match\n|\n|t:|1699892938\n|switch|p2a: tooslow|Sceptile, F|100\/100\n|turn|8\n|\n|t:|1699892941\n|move|p1a: Zamazenta|Play Rough|p2a: tooslow\n|-damage|p2a: tooslow|1\/100\n|move|p2a: tooslow|Counter|p1a: Zamazenta\n|-damage|p1a: Zamazenta|0 fnt\n|faint|p1a: Zamazenta\n|\n|upkeep\n|\n|t:|1699892946\n|switch|p1a: Medicham|Medicham, F|100\/100\n|turn|9\n|\n|t:|1699892953\n|detailschange|p1a: Medicham|Medicham-Mega, F\n|-mega|p1a: Medicham|Medicham|Medichamite\n|move|p1a: Medicham|Fake Out|p2a: tooslow\n|-damage|p2a: tooslow|0 fnt\n|faint|p2a: tooslow\n|\n|upkeep\n|\n|t:|1699892961\n|switch|p2a: ifearnoman|Scizor, F|100\/100\n|turn|10\n|\n|t:|1699892968\n|move|p1a: Medicham|High Jump Kick|p2a: ifearnoman\n|-damage|p2a: ifearnoman|0 fnt\n|faint|p2a: ifearnoman\n|\n|upkeep\n|\n|t:|1699892976\n|switch|p2a: notyou|Milotic, F, shiny|76\/100\n|turn|11\n|c|\u2606Dark Umbreon 08|Sorry for your dragon\n|-message|CAAUG forfeited.\n|\n|win|Dark Umbreon 08\n|raw|Dark Umbreon 08's rating: 1108 &rarr; <strong>1140<\/strong><br \/>(+32 for winning)\n|raw|CAAUG's rating: 1203 &rarr; <strong>1171<\/strong><br \/>(-32 for losing)\n|l|\u2606CAAUG\n","uploadtime":1699892997,"views":4,"p1id":"darkumbreon08","p2id":"caaug","formatid":"gen9nationaldex","rating":1140,"private":0,"password":""}