{"id":"gen9nationaldex-1991857614","p1":"T1555L","p2":"howbrokenislapras","format":"[Gen 9] National Dex","log":"|j|\u2606T1555L\n|j|\u2606howbrokenislapras\n|t:|1700129394\n|gametype|singles\n|player|p1|T1555L|volkner|1091\n|player|p2|howbrokenislapras|baker|1119\n|teamsize|p1|6\n|teamsize|p2|6\n|gen|9\n|tier|[Gen 9] National Dex\n|rated|\n|rule|HP Percentage Mod: HP is shown in percentages\n|rule|Endless Battle Clause: Forcing endless battles is banned\n|rule|OHKO Clause: OHKO moves are banned\n|rule|Evasion Clause: Evasion abilities, items, and moves are banned\n|rule|Evasion Abilities Clause: Evasion abilities are banned\n|rule|Evasion Items Clause: Evasion items are banned\n|rule|Evasion Moves Clause: Evasion moves are banned\n|rule|Species Clause: Limit one of each Pok\u00e9mon\n|rule|Sleep Clause Mod: Limit one foe put to sleep\n|clearpoke\n|poke|p1|Pidgeot, M|\n|poke|p1|Ceruledge, M|\n|poke|p1|Toxapex, M|\n|poke|p1|Excadrill, F|\n|poke|p1|Rotom-Wash|\n|poke|p1|Scream Tail|\n|poke|p2|Metagross|\n|poke|p2|Wigglytuff, M|\n|poke|p2|Lapras, M|\n|poke|p2|Iron Valiant|\n|poke|p2|Rillaboom, M|\n|poke|p2|Typhlosion-Hisui, M|\n|teampreview\n|inactive|Battle timer is ON: inactive players will automatically lose when time's up. (requested by T1555L)\n|\n|t:|1700129413\n|start\n|switch|p1a: Excadrill|Excadrill, F|100\/100\n|switch|p2a: Lapras|Lapras, M|100\/100\n|-ability|p1a: Excadrill|Mold Breaker\n|turn|1\n|\n|t:|1700129422\n|move|p1a: Excadrill|Stealth Rock|p2a: Lapras\n|-sidestart|p2: howbrokenislapras|move: Stealth Rock\n|move|p2a: Lapras|Dragon Dance|p2a: Lapras\n|-boost|p2a: Lapras|atk|1\n|-boost|p2a: Lapras|spe|1\n|\n|upkeep\n|turn|2\n|\n|t:|1700129425\n|move|p2a: Lapras|Dragon Dance|p2a: Lapras\n|-boost|p2a: Lapras|atk|1\n|-boost|p2a: Lapras|spe|1\n|move|p1a: Excadrill|Iron Head|p2a: Lapras\n|-damage|p2a: Lapras|44\/100\n|-damage|p1a: Excadrill|91\/100|[from] item: Life Orb\n|\n|upkeep\n|turn|3\n|\n|t:|1700129430\n|move|p2a: Lapras|Sparkling Aria|p1a: Excadrill\n|-supereffective|p1a: Excadrill\n|-damage|p1a: Excadrill|0 fnt\n|faint|p1a: Excadrill\n|-enditem|p2a: Lapras|Throat Spray\n|-boost|p2a: Lapras|spa|1|[from] item: Throat Spray\n|\n|upkeep\n|\n|t:|1700129439\n|switch|p1a: Rotom|Rotom-Wash|100\/100\n|turn|4\n|\n|t:|1700129442\n|-terastallize|p2a: Lapras|Electric\n|move|p2a: Lapras|Freeze-Dry|p1a: Rotom\n|-supereffective|p1a: Rotom\n|-damage|p1a: Rotom|25\/100\n|move|p1a: Rotom|Thunderbolt|p2a: Lapras\n|-resisted|p2a: Lapras\n|-damage|p2a: Lapras|30\/100\n|\n|-heal|p1a: Rotom|32\/100|[from] item: Leftovers\n|upkeep\n|turn|5\n|\n|t:|1700129452\n|move|p2a: Lapras|Freeze-Dry|p1a: Rotom\n|-supereffective|p1a: Rotom\n|-damage|p1a: Rotom|0 fnt\n|faint|p1a: Rotom\n|\n|upkeep\n|c|\u2606T1555L|wasnt sparkling aria special attack?\n|c|\u2606howbrokenislapras|:3\n|\n|t:|1700129478\n|switch|p1a: Toxapex|Toxapex, M|100\/100\n|turn|6\n|c|\u2606T1555L|dam\n|\n|t:|1700129483\n|move|p2a: Lapras|Thunderbolt|p1a: Toxapex\n|-supereffective|p1a: Toxapex\n|-damage|p1a: Toxapex|0 fnt\n|faint|p1a: Toxapex\n|\n|upkeep\n|\n|t:|1700129487\n|switch|p1a: Ceruledge|Ceruledge, M|100\/100\n|turn|7\n|\n|t:|1700129494\n|move|p2a: Lapras|Sparkling Aria|p1a: Ceruledge\n|-supereffective|p1a: Ceruledge\n|-damage|p1a: Ceruledge|0 fnt\n|faint|p1a: Ceruledge\n|\n|upkeep\n|\n|t:|1700129498\n|switch|p1a: Pidgeot|Pidgeot, M|100\/100\n|turn|8\n|\n|t:|1700129500\n|detailschange|p1a: Pidgeot|Pidgeot-Mega, M\n|-mega|p1a: Pidgeot|Pidgeot|Pidgeotite\n|move|p2a: Lapras|Thunderbolt|p1a: Pidgeot\n|-supereffective|p1a: Pidgeot\n|-damage|p1a: Pidgeot|0 fnt\n|faint|p1a: Pidgeot\n|\n|upkeep\n|\n|t:|1700129504\n|switch|p1a: Scream Tail|Scream Tail|100\/100\n|turn|9\n|c|\u2606T1555L|gg\n|\n|t:|1700129510\n|move|p2a: Lapras|Sparkling Aria|p1a: Scream Tail\n|-damage|p1a: Scream Tail|62\/100\n|move|p1a: Scream Tail|Psychic|p2a: Lapras\n|-damage|p2a: Lapras|8\/100\n|\n|-heal|p1a: Scream Tail|68\/100|[from] item: Leftovers\n|upkeep\n|turn|10\n|\n|t:|1700129514\n|move|p2a: Lapras|Sparkling Aria|p1a: Scream Tail\n|-damage|p1a: Scream Tail|29\/100\n|move|p1a: Scream Tail|Wish|p1a: Scream Tail\n|\n|-heal|p1a: Scream Tail|35\/100|[from] item: Leftovers\n|upkeep\n|turn|11\n|\n|t:|1700129519\n|move|p1a: Scream Tail|Protect|p1a: Scream Tail\n|-singleturn|p1a: Scream Tail|Protect\n|move|p2a: Lapras|Sparkling Aria|p1a: Scream Tail\n|-activate|p1a: Scream Tail|move: Protect\n|\n|-heal|p1a: Scream Tail|85\/100|[from] move: Wish|[wisher] Scream Tail\n|-heal|p1a: Scream Tail|92\/100|[from] item: Leftovers\n|upkeep\n|turn|12\n|\n|t:|1700129524\n|switch|p2a: Metagross|Metagross|100\/100\n|-damage|p2a: Metagross|94\/100|[from] Stealth Rock\n|move|p1a: Scream Tail|Wish|p1a: Scream Tail\n|\n|-heal|p1a: Scream Tail|98\/100|[from] item: Leftovers\n|upkeep\n|turn|13\n|\n|t:|1700129527\n|move|p1a: Scream Tail|Psychic|p2a: Metagross\n|-resisted|p2a: Metagross\n|-damage|p2a: Metagross|89\/100\n|move|p2a: Metagross|Meteor Mash|p1a: Scream Tail\n|-supereffective|p1a: Scream Tail\n|-damage|p1a: Scream Tail|9\/100\n|\n|-heal|p1a: Scream Tail|59\/100|[from] move: Wish|[wisher] Scream Tail\n|-heal|p1a: Scream Tail|65\/100|[from] item: Leftovers\n|upkeep\n|turn|14\n|c|\u2606T1555L|gg\n|\n|t:|1700129532\n|move|p1a: Scream Tail|Wish|p1a: Scream Tail\n|move|p2a: Metagross|Hone Claws|p2a: Metagross\n|-boost|p2a: Metagross|atk|1\n|-boost|p2a: Metagross|accuracy|1\n|\n|-heal|p1a: Scream Tail|71\/100|[from] item: Leftovers\n|upkeep\n|turn|15\n|\n|t:|1700129535\n|move|p1a: Scream Tail|Psychic|p2a: Metagross\n|-resisted|p2a: Metagross\n|-damage|p2a: Metagross|84\/100\n|move|p2a: Metagross|Meteor Mash|p1a: Scream Tail\n|-supereffective|p1a: Scream Tail\n|-damage|p1a: Scream Tail|0 fnt\n|faint|p1a: Scream Tail\n|-end|p1a: Scream Tail|Protosynthesis|[silent]\n|\n|win|howbrokenislapras\n|raw|T1555L's rating: 1091 &rarr; <strong>1069<\/strong><br \/>(-22 for losing)\n|raw|howbrokenislapras's rating: 1119 &rarr; <strong>1142<\/strong><br \/>(+23 for winning)\n|l|\u2606T1555L\n|c|\u2606howbrokenislapras|how broken is lapras\n","uploadtime":1700129545,"views":5,"p1id":"t1555l","p2id":"howbrokenislapras","formatid":"gen9nationaldex","rating":1069,"private":0,"password":""}