{"id":"gen9nationaldex-1992743624","p1":"godpartikle","p2":"RandoTestAccount","format":"[Gen 9] National Dex","log":"|j|\u2606godpartikle\n|j|\u2606RandoTestAccount\n|t:|1700231363\n|gametype|singles\n|player|p1|godpartikle|roark|1287\n|player|p2|RandoTestAccount|pokemonrangerf|1253\n|teamsize|p1|6\n|teamsize|p2|6\n|gen|9\n|tier|[Gen 9] National Dex\n|rated|\n|rule|HP Percentage Mod: HP is shown in percentages\n|rule|Endless Battle Clause: Forcing endless battles is banned\n|rule|OHKO Clause: OHKO moves are banned\n|rule|Evasion Clause: Evasion abilities, items, and moves are banned\n|rule|Evasion Abilities Clause: Evasion abilities are banned\n|rule|Evasion Items Clause: Evasion items are banned\n|rule|Evasion Moves Clause: Evasion moves are banned\n|rule|Species Clause: Limit one of each Pok\u00e9mon\n|rule|Sleep Clause Mod: Limit one foe put to sleep\n|clearpoke\n|poke|p1|Gliscor, F|\n|poke|p1|Ferrothorn, M|\n|poke|p1|Maushold|\n|poke|p1|Tapu Koko|\n|poke|p1|Heatran, M|\n|poke|p1|Tapu Lele|\n|poke|p2|Umbreon, F|\n|poke|p2|Excadrill, F|\n|poke|p2|Corviknight, F|\n|poke|p2|Sableye, F|\n|poke|p2|Tapu Fini|\n|poke|p2|Dragalge, F|\n|teampreview\n|inactive|Battle timer is ON: inactive players will automatically lose when time's up. (requested by RandoTestAccount)\n|\n|t:|1700231376\n|start\n|switch|p1a: Gliscor|Gliscor, F|100\/100\n|switch|p2a: The Droplet Tear|Tapu Fini, shiny|100\/100\n|-fieldstart|move: Misty Terrain|[from] ability: Misty Surge|[of] p2a: The Droplet Tear\n|turn|1\n|inactive|RandoTestAccount has 120 seconds left.\n|\n|t:|1700231411\n|move|p1a: Gliscor|Knock Off|p2a: The Droplet Tear\n|-resisted|p2a: The Droplet Tear\n|-damage|p2a: The Droplet Tear|93\/100\n|-enditem|p2a: The Droplet Tear|Leftovers|[from] move: Knock Off|[of] p1a: Gliscor\n|move|p2a: The Droplet Tear|Scald|p1a: Gliscor\n|-supereffective|p1a: Gliscor\n|-damage|p1a: Gliscor|52\/100\n|\n|-status|p1a: Gliscor|tox|[from] item: Toxic Orb\n|upkeep\n|turn|2\n|inactive|godpartikle has 120 seconds left.\n|\n|t:|1700231441\n|switch|p2a: Spectre of Emerald|Sableye, F, shiny|100\/100\n|move|p1a: Gliscor|Roost|p1a: Gliscor\n|-heal|p1a: Gliscor|100\/100 tox\n|-singleturn|p1a: Gliscor|move: Roost\n|\n|upkeep\n|turn|3\n|inactive|godpartikle has 120 seconds left.\n|inactive|RandoTestAccount has 120 seconds left.\n|\n|t:|1700231460\n|switch|p1a: Heatran|Heatran, M|100\/100\n|detailschange|p2a: Spectre of Emerald|Sableye-Mega, F, shiny\n|-mega|p2a: Spectre of Emerald|Sableye|Sablenite\n|move|p2a: Spectre of Emerald|Calm Mind|p2a: Spectre of Emerald\n|-boost|p2a: Spectre of Emerald|spa|1\n|-boost|p2a: Spectre of Emerald|spd|1\n|\n|upkeep\n|turn|4\n|\n|t:|1700231468\n|switch|p2a: The Droplet Tear|Tapu Fini, shiny|93\/100\n|move|p1a: Heatran|Magma Storm|p2a: The Droplet Tear|[miss]\n|-miss|p1a: Heatran|p2a: The Droplet Tear\n|\n|upkeep\n|turn|5\n|inactive|RandoTestAccount has 120 seconds left.\n|\n|t:|1700231492\n|switch|p1a: Ferrothorn|Ferrothorn, M|100\/100\n|move|p2a: The Droplet Tear|Substitute|p2a: The Droplet Tear\n|-start|p2a: The Droplet Tear|Substitute\n|-damage|p2a: The Droplet Tear|68\/100\n|\n|-fieldend|Misty Terrain\n|upkeep\n|turn|6\n|\n|t:|1700231500\n|move|p2a: The Droplet Tear|Scald|p1a: Ferrothorn\n|-resisted|p1a: Ferrothorn\n|-damage|p1a: Ferrothorn|90\/100\n|move|p1a: Ferrothorn|Power Whip|p2a: The Droplet Tear\n|-supereffective|p2a: The Droplet Tear\n|-end|p2a: The Droplet Tear|Substitute\n|\n|-heal|p1a: Ferrothorn|97\/100|[from] item: Leftovers\n|upkeep\n|turn|7\n|\n|t:|1700231512\n|switch|p2a: Spectre of Emerald|Sableye-Mega, F, shiny|100\/100\n|move|p1a: Ferrothorn|Knock Off|p2a: Spectre of Emerald\n|-crit|p2a: Spectre of Emerald\n|-damage|p2a: Spectre of Emerald|86\/100\n|\n|-heal|p1a: Ferrothorn|100\/100|[from] item: Leftovers\n|upkeep\n|turn|8\n|\n|t:|1700231520\n|switch|p1a: Gliscor|Gliscor, F|100\/100 tox\n|move|p2a: Spectre of Emerald|Will-O-Wisp||[still]\n|-fail|p2a: Spectre of Emerald\n|\n|upkeep\n|turn|9\n|\n|t:|1700231528\n|move|p1a: Gliscor|Knock Off|p2a: Spectre of Emerald\n|-crit|p2a: Spectre of Emerald\n|-damage|p2a: Spectre of Emerald|70\/100\n|move|p2a: Spectre of Emerald|Calm Mind|p2a: Spectre of Emerald\n|-boost|p2a: Spectre of Emerald|spa|1\n|-boost|p2a: Spectre of Emerald|spd|1\n|\n|upkeep\n|turn|10\n|\n|t:|1700231532\n|move|p1a: Gliscor|Earthquake|p2a: Spectre of Emerald\n|-damage|p2a: Spectre of Emerald|48\/100\n|move|p2a: Spectre of Emerald|Calm Mind|p2a: Spectre of Emerald\n|-boost|p2a: Spectre of Emerald|spa|1\n|-boost|p2a: Spectre of Emerald|spd|1\n|\n|upkeep\n|turn|11\n|\n|t:|1700231543\n|move|p1a: Gliscor|Earthquake|p2a: Spectre of Emerald\n|-damage|p2a: Spectre of Emerald|26\/100\n|move|p2a: Spectre of Emerald|Recover|p2a: Spectre of Emerald\n|-heal|p2a: Spectre of Emerald|76\/100\n|\n|upkeep\n|turn|12\n|\n|t:|1700231553\n|move|p1a: Gliscor|Earthquake|p2a: Spectre of Emerald\n|-damage|p2a: Spectre of Emerald|53\/100\n|move|p2a: Spectre of Emerald|Calm Mind|p2a: Spectre of Emerald\n|-boost|p2a: Spectre of Emerald|spa|1\n|-boost|p2a: Spectre of Emerald|spd|1\n|\n|upkeep\n|turn|13\n|\n|t:|1700231562\n|move|p1a: Gliscor|Earthquake|p2a: Spectre of Emerald\n|-damage|p2a: Spectre of Emerald|28\/100\n|move|p2a: Spectre of Emerald|Recover|p2a: Spectre of Emerald\n|-heal|p2a: Spectre of Emerald|78\/100\n|\n|upkeep\n|turn|14\n|\n|t:|1700231569\n|move|p1a: Gliscor|Earthquake|p2a: Spectre of Emerald\n|-damage|p2a: Spectre of Emerald|56\/100\n|move|p2a: Spectre of Emerald|Recover|p2a: Spectre of Emerald\n|-heal|p2a: Spectre of Emerald|100\/100\n|\n|upkeep\n|turn|15\n|\n|t:|1700231584\n|move|p1a: Gliscor|Earthquake|p2a: Spectre of Emerald\n|-damage|p2a: Spectre of Emerald|79\/100\n|move|p2a: Spectre of Emerald|Calm Mind|p2a: Spectre of Emerald\n|-boost|p2a: Spectre of Emerald|spa|1\n|-boost|p2a: Spectre of Emerald|spd|1\n|\n|upkeep\n|turn|16\n|\n|t:|1700231589\n|move|p1a: Gliscor|Earthquake|p2a: Spectre of Emerald\n|-damage|p2a: Spectre of Emerald|58\/100\n|move|p2a: Spectre of Emerald|Dark Pulse|p1a: Gliscor\n|-damage|p1a: Gliscor|38\/100 tox\n|\n|-heal|p1a: Gliscor|51\/100 tox|[from] ability: Poison Heal\n|upkeep\n|turn|17\n|\n|t:|1700231599\n|move|p1a: Gliscor|Roost|p1a: Gliscor\n|-heal|p1a: Gliscor|100\/100 tox\n|-singleturn|p1a: Gliscor|move: Roost\n|move|p2a: Spectre of Emerald|Recover|p2a: Spectre of Emerald\n|-heal|p2a: Spectre of Emerald|100\/100\n|\n|upkeep\n|turn|18\n|\n|t:|1700231603\n|move|p1a: Gliscor|Earthquake|p2a: Spectre of Emerald\n|-damage|p2a: Spectre of Emerald|78\/100\n|move|p2a: Spectre of Emerald|Calm Mind|p2a: Spectre of Emerald\n|-boost|p2a: Spectre of Emerald|spa|1\n|-boost|p2a: Spectre of Emerald|spd|1\n|\n|upkeep\n|turn|19\n|\n|t:|1700231611\n|move|p1a: Gliscor|Earthquake|p2a: Spectre of Emerald\n|-damage|p2a: Spectre of Emerald|57\/100\n|move|p2a: Spectre of Emerald|Calm Mind|p2a: Spectre of Emerald\n|-boost|p2a: Spectre of Emerald|spa|1\n|-boost|p2a: Spectre of Emerald|spd|1\n|\n|upkeep\n|turn|20\n|\n|t:|1700231618\n|move|p1a: Gliscor|Roost||[still]\n|-fail|p1a: Gliscor|heal\n|move|p2a: Spectre of Emerald|Recover|p2a: Spectre of Emerald\n|-heal|p2a: Spectre of Emerald|100\/100\n|\n|upkeep\n|turn|21\n|\n|t:|1700231624\n|move|p1a: Gliscor|Earthquake|p2a: Spectre of Emerald\n|-damage|p2a: Spectre of Emerald|77\/100\n|move|p2a: Spectre of Emerald|Dark Pulse|p1a: Gliscor\n|-damage|p1a: Gliscor|18\/100 tox\n|\n|-heal|p1a: Gliscor|30\/100 tox|[from] ability: Poison Heal\n|upkeep\n|turn|22\n|\n|t:|1700231631\n|move|p1a: Gliscor|Roost|p1a: Gliscor\n|-heal|p1a: Gliscor|80\/100 tox\n|-singleturn|p1a: Gliscor|move: Roost\n|move|p2a: Spectre of Emerald|Dark Pulse|p1a: Gliscor\n|-damage|p1a: Gliscor|0 fnt\n|faint|p1a: Gliscor\n|\n|upkeep\n|-message|godpartikle forfeited.\n|\n|win|RandoTestAccount\n|raw|godpartikle's rating: 1287 &rarr; <strong>1261<\/strong><br \/>(-26 for losing)\n|raw|RandoTestAccount's rating: 1273 &rarr; <strong>1299<\/strong><br \/>(+26 for winning)\n|l|\u2606godpartikle\n","uploadtime":1700231654,"views":5,"p1id":"godpartikle","p2id":"randotestaccount","formatid":"gen9nationaldex","rating":1261,"private":0,"password":""}