{"id":"gen9nationaldex-1999759793","p1":"Romancin15","p2":"Samgard\u3150\u3134\u3150\u315c\u315b\u3150\u3134","format":"[Gen 9] National Dex","log":"|html|<div class=\"broadcast-blue\"><strong>[Gen 9] National Dex is currently suspecting Sneasler! For information on how to participate check out the <a href=\"https:\/\/www.smogon.com\/forums\/threads\/sv-national-dex-suspect-8-just-dance.3731534\/\">suspect thread<\/a>.<\/strong><\/div>\n|j|\u2606Romancin15\n|j|\u203dSamgard\u3150\u3134\u3150\u315c\u315b\u3150\u3134\n|t:|1701114194\n|gametype|singles\n|player|p1|Romancin15|1|1130\n|player|p2|Samgard\u3150\u3134\u3150\u315c\u315b\u3150\u3134|bugcatcher-gen4dp|1079\n|teamsize|p1|6\n|teamsize|p2|6\n|gen|9\n|tier|[Gen 9] National Dex\n|rated|\n|rule|HP Percentage Mod: HP is shown in percentages\n|rule|Endless Battle Clause: Forcing endless battles is banned\n|rule|OHKO Clause: OHKO moves are banned\n|rule|Evasion Clause: Evasion abilities, items, and moves are banned\n|rule|Evasion Abilities Clause: Evasion abilities are banned\n|rule|Evasion Items Clause: Evasion items are banned\n|rule|Evasion Moves Clause: Evasion moves are banned\n|rule|Species Clause: Limit one of each Pok\u00e9mon\n|rule|Sleep Clause Mod: Limit one foe put to sleep\n|clearpoke\n|poke|p1|Cinderace, M|\n|poke|p1|Tyranitar, M|\n|poke|p1|Rotom-Wash|\n|poke|p1|Gardevoir, F|\n|poke|p1|Garchomp, F|\n|poke|p1|Grimmsnarl, M|\n|poke|p2|Electivire, F|\n|poke|p2|Conkeldurr, F|\n|poke|p2|Crobat, F|\n|poke|p2|Gallade, M|\n|poke|p2|Decidueye, M|\n|poke|p2|Druddigon, F|\n|teampreview\n|\n|t:|1701114202\n|start\n|switch|p1a: Garchomp|Garchomp, F|100\/100\n|switch|p2a: Electivire|Electivire, F|100\/100\n|turn|1\n|\n|t:|1701114218\n|switch|p2a: Crobat|Crobat, F|100\/100\n|move|p1a: Garchomp|Poison Jab|p2a: Crobat\n|-resisted|p2a: Crobat\n|-damage|p2a: Crobat|76\/100\n|-damage|p1a: Garchomp|91\/100|[from] item: Life Orb\n|\n|-heal|p2a: Crobat|83\/100|[from] item: Black Sludge\n|upkeep\n|turn|2\n|\n|t:|1701114226\n|move|p1a: Garchomp|Dragon Claw|p2a: Crobat\n|-damage|p2a: Crobat|21\/100\n|-damage|p1a: Garchomp|81\/100|[from] item: Life Orb\n|move|p2a: Crobat|Dual Wingbeat|p1a: Garchomp\n|-crit|p1a: Garchomp\n|-damage|p1a: Garchomp|54\/100\n|-damage|p2a: Crobat|9\/100|[from] ability: Rough Skin|[of] p1a: Garchomp\n|-damage|p1a: Garchomp|35\/100\n|-damage|p2a: Crobat|0 fnt|[from] ability: Rough Skin|[of] p1a: Garchomp\n|faint|p2a: Crobat\n|-hitcount|p1a: Garchomp|2\n|\n|upkeep\n|\n|t:|1701114238\n|switch|p2a: Gallade|Gallade, M|100\/100\n|turn|3\n|\n|t:|1701114248\n|switch|p1a: Yael|Grimmsnarl, M|100\/100\n|detailschange|p2a: Gallade|Gallade-Mega, M\n|-mega|p2a: Gallade|Gallade|Galladite\n|move|p2a: Gallade|Swords Dance|p2a: Gallade\n|-boost|p2a: Gallade|atk|2\n|\n|upkeep\n|turn|4\n|\n|t:|1701114256\n|move|p1a: Yael|Thunder Wave|p2a: Gallade|[miss]\n|-miss|p1a: Yael|p2a: Gallade\n|move|p2a: Gallade|Poison Jab|p1a: Yael\n|-supereffective|p1a: Yael\n|-damage|p1a: Yael|0 fnt\n|faint|p1a: Yael\n|\n|upkeep\n|\n|t:|1701114273\n|switch|p1a: Milly|Gardevoir, F|100\/100\n|turn|5\n|\n|t:|1701114277\n|detailschange|p1a: Milly|Gardevoir-Mega, F\n|-mega|p1a: Milly|Gardevoir|Gardevoirite\n|move|p2a: Gallade|Poison Jab|p1a: Milly\n|-supereffective|p1a: Milly\n|-damage|p1a: Milly|0 fnt\n|faint|p1a: Milly\n|\n|upkeep\n|\n|t:|1701114299\n|switch|p1a: Oliver|Cinderace, M|100\/100\n|turn|6\n|\n|t:|1701114305\n|move|p1a: Oliver|Sucker Punch|p2a: Gallade\n|-start|p1a: Oliver|typechange|Dark|[from] ability: Libero\n|-damage|p2a: Gallade|38\/100\n|move|p2a: Gallade|Sacred Sword|p1a: Oliver\n|-supereffective|p1a: Oliver\n|-damage|p1a: Oliver|0 fnt\n|faint|p1a: Oliver\n|\n|upkeep\n|\n|t:|1701114309\n|switch|p1a: Washawachin|Rotom-Wash|100\/100\n|turn|7\n|\n|t:|1701114317\n|-terastallize|p1a: Washawachin|Electric\n|move|p2a: Gallade|Sacred Sword|p1a: Washawachin\n|-damage|p1a: Washawachin|0 fnt\n|faint|p1a: Washawachin\n|\n|upkeep\n|\n|t:|1701114325\n|switch|p1a: Garchomp|Garchomp, F|35\/100\n|turn|8\n|\n|t:|1701114331\n|move|p2a: Gallade|Sacred Sword|p1a: Garchomp\n|-damage|p1a: Garchomp|0 fnt\n|-damage|p2a: Gallade|25\/100|[from] ability: Rough Skin|[of] p1a: Garchomp\n|faint|p1a: Garchomp\n|\n|upkeep\n|\n|t:|1701114335\n|switch|p1a: Godzilla|Tyranitar, M|100\/100\n|-weather|Sandstorm|[from] ability: Sand Stream|[of] p1a: Godzilla\n|turn|9\n|\n|t:|1701114339\n|move|p2a: Gallade|Sacred Sword|p1a: Godzilla\n|-supereffective|p1a: Godzilla\n|-damage|p1a: Godzilla|0 fnt\n|faint|p1a: Godzilla\n|\n|win|Samgard\u3150\u3134\u3150\u315c\u315b\u3150\u3134\n|raw|Romancin15's rating: 1130 &rarr; <strong>1101<\/strong><br \/>(-29 for losing)\n|raw|Samgard\u3150\u3134\u3150\u315c\u315b\u3150\u3134's rating: 1079 &rarr; <strong>1111<\/strong><br \/>(+32 for winning)\n|l|\u2606Romancin15\n","uploadtime":1701114348,"views":2,"p1id":"romancin15","p2id":"samgard","formatid":"gen9nationaldex","rating":1101,"private":0,"password":""}