{"id":"gen9nationaldex-2000619189","p1":"PLAYB0I R0BBIE B","p2":"Kawaiizaki","format":"[Gen 9] National Dex","log":"|html|<div class=\"broadcast-blue\"><strong>[Gen 9] National Dex is currently suspecting Sneasler! For information on how to participate check out the <a href=\"https:\/\/www.smogon.com\/forums\/threads\/sv-national-dex-suspect-8-just-dance.3731534\/\">suspect thread<\/a>.<\/strong><\/div>\n|j|\u2606PLAYB0I R0BBIE B\n|j|\u2606Kawaiizaki\n|t:|1701211177\n|gametype|singles\n|player|p1|PLAYB0I R0BBIE B|eusine|1281\n|player|p2|Kawaiizaki|clerkf|1149\n|teamsize|p1|6\n|teamsize|p2|6\n|gen|9\n|tier|[Gen 9] National Dex\n|rated|\n|rule|HP Percentage Mod: HP is shown in percentages\n|rule|Endless Battle Clause: Forcing endless battles is banned\n|rule|OHKO Clause: OHKO moves are banned\n|rule|Evasion Clause: Evasion abilities, items, and moves are banned\n|rule|Evasion Abilities Clause: Evasion abilities are banned\n|rule|Evasion Items Clause: Evasion items are banned\n|rule|Evasion Moves Clause: Evasion moves are banned\n|rule|Species Clause: Limit one of each Pok\u00e9mon\n|rule|Sleep Clause Mod: Limit one foe put to sleep\n|clearpoke\n|poke|p1|Tapu Koko|\n|poke|p1|Tyranitar, F|\n|poke|p1|Iron Valiant|\n|poke|p1|Gliscor, F|\n|poke|p1|Toxapex, F|\n|poke|p1|Heatran, F|\n|poke|p2|Lopunny, F|\n|poke|p2|Zangoose, F|\n|poke|p2|Gastrodon, F|\n|poke|p2|Hatterene, F|\n|poke|p2|Typhlosion, F|\n|poke|p2|Corviknight, F|\n|teampreview\n|\n|t:|1701211186\n|start\n|switch|p1a: Tapu Koko|Tapu Koko|100\/100\n|switch|p2a: Gastrodon|Gastrodon, F|100\/100\n|-fieldstart|move: Electric Terrain|[from] ability: Electric Surge|[of] p1a: Tapu Koko\n|turn|1\n|inactive|Battle timer is ON: inactive players will automatically lose when time's up. (requested by PLAYB0I R0BBIE B)\n|\n|t:|1701211198\n|move|p1a: Tapu Koko|U-turn|p2a: Gastrodon\n|-damage|p2a: Gastrodon|83\/100\n|\n|t:|1701211200\n|switch|p1a: Tyranitar|Tyranitar, F|100\/100|[from] U-turn\n|-weather|Sandstorm|[from] ability: Sand Stream|[of] p1a: Tyranitar\n|move|p2a: Gastrodon|Earth Power|p1a: Tyranitar\n|-supereffective|p1a: Tyranitar\n|-damage|p1a: Tyranitar|51\/100\n|\n|-weather|Sandstorm|[upkeep]\n|-heal|p2a: Gastrodon|90\/100|[from] item: Leftovers\n|upkeep\n|turn|2\n|\n|t:|1701211218\n|detailschange|p1a: Tyranitar|Tyranitar-Mega, F\n|-mega|p1a: Tyranitar|Tyranitar|Tyranitarite\n|move|p1a: Tyranitar|Knock Off|p2a: Gastrodon\n|-damage|p2a: Gastrodon|27\/100\n|-enditem|p2a: Gastrodon|Leftovers|[from] move: Knock Off|[of] p1a: Tyranitar\n|move|p2a: Gastrodon|Earth Power|p1a: Tyranitar\n|-supereffective|p1a: Tyranitar\n|-damage|p1a: Tyranitar|8\/100\n|\n|-weather|Sandstorm|[upkeep]\n|upkeep\n|turn|3\n|\n|t:|1701211230\n|move|p1a: Tyranitar|Knock Off|p2a: Gastrodon\n|-damage|p2a: Gastrodon|0 fnt\n|faint|p2a: Gastrodon\n|\n|-weather|Sandstorm|[upkeep]\n|upkeep\n|\n|t:|1701211237\n|switch|p2a: Corviknight|Corviknight, F, shiny|100\/100\n|turn|4\n|\n|t:|1701211246\n|switch|p1a: Tapu Koko|Tapu Koko|100\/100\n|move|p2a: Corviknight|Steel Wing|p1a: Tapu Koko\n|-damage|p1a: Tapu Koko|65\/100\n|\n|-weather|Sandstorm|[upkeep]\n|-damage|p1a: Tapu Koko|59\/100|[from] Sandstorm\n|upkeep\n|turn|5\n|\n|t:|1701211256\n|switch|p2a: Hatterene|Hatterene, F|100\/100\n|move|p1a: Tapu Koko|Thunderbolt|p2a: Hatterene\n|-damage|p2a: Hatterene|70\/100\n|\n|-weather|none\n|upkeep\n|turn|6\n|\n|t:|1701211267\n|move|p1a: Tapu Koko|U-turn|p2a: Hatterene\n|-damage|p2a: Hatterene|47\/100\n|\n|t:|1701211271\n|switch|p1a: Gliscor|Gliscor, F|100\/100|[from] U-turn\n|move|p2a: Hatterene|Psychic|p1a: Gliscor\n|-damage|p1a: Gliscor|59\/100\n|\n|-status|p1a: Gliscor|tox|[from] item: Toxic Orb\n|upkeep\n|turn|7\n|\n|t:|1701211285\n|move|p1a: Gliscor|Swords Dance|p1a: Gliscor\n|-boost|p1a: Gliscor|atk|2\n|move|p2a: Hatterene|Giga Drain|p1a: Gliscor\n|-damage|p1a: Gliscor|36\/100 tox\n|-heal|p2a: Hatterene|62\/100|[from] drain|[of] p1a: Gliscor\n|\n|-heal|p1a: Gliscor|48\/100 tox|[from] ability: Poison Heal\n|upkeep\n|turn|8\n|\n|t:|1701211298\n|switch|p2a: Corviknight|Corviknight, F, shiny|100\/100\n|move|p1a: Gliscor|Earthquake|p2a: Corviknight\n|-immune|p2a: Corviknight\n|\n|-heal|p1a: Gliscor|61\/100 tox|[from] ability: Poison Heal\n|-fieldend|move: Electric Terrain\n|upkeep\n|turn|9\n|\n|t:|1701211308\n|move|p1a: Gliscor|Roost|p1a: Gliscor\n|-heal|p1a: Gliscor|100\/100 tox\n|-singleturn|p1a: Gliscor|move: Roost\n|move|p2a: Corviknight|Bulk Up|p2a: Corviknight\n|-boost|p2a: Corviknight|atk|1\n|-boost|p2a: Corviknight|def|1\n|\n|upkeep\n|turn|10\n|\n|t:|1701211317\n|switch|p1a: Tapu Koko|Tapu Koko|59\/100\n|-fieldstart|move: Electric Terrain|[from] ability: Electric Surge|[of] p1a: Tapu Koko\n|move|p2a: Corviknight|Steel Wing|p1a: Tapu Koko\n|-damage|p1a: Tapu Koko|0 fnt\n|faint|p1a: Tapu Koko\n|\n|upkeep\n|\n|t:|1701211320\n|switch|p1a: Iron Valiant|Iron Valiant|100\/100\n|-activate|p1a: Iron Valiant|ability: Quark Drive\n|-start|p1a: Iron Valiant|quarkdrivespe\n|turn|11\n|\n|t:|1701211335\n|-zpower|p1a: Iron Valiant\n|move|p1a: Iron Valiant|Gigavolt Havoc|p2a: Corviknight|[zeffect]\n|-supereffective|p2a: Corviknight\n|-damage|p2a: Corviknight|0 fnt\n|faint|p2a: Corviknight\n|\n|upkeep\n|\n|t:|1701211353\n|switch|p2a: Lopunny|Lopunny, F|100\/100\n|turn|12\n|\n|t:|1701211359\n|-end|p1a: Iron Valiant|Quark Drive|[silent]\n|switch|p1a: Gliscor|Gliscor, F|100\/100 tox\n|detailschange|p2a: Lopunny|Lopunny-Mega, F\n|-mega|p2a: Lopunny|Lopunny|Lopunnite\n|move|p2a: Lopunny|Fake Out|p1a: Gliscor\n|-damage|p1a: Gliscor|84\/100 tox\n|\n|-heal|p1a: Gliscor|97\/100 tox|[from] ability: Poison Heal\n|upkeep\n|turn|13\n|\n|t:|1701211373\n|-terastallize|p1a: Gliscor|Water\n|move|p2a: Lopunny|Drain Punch|p1a: Gliscor\n|-damage|p1a: Gliscor|65\/100 tox\n|move|p1a: Gliscor|Swords Dance|p1a: Gliscor\n|-boost|p1a: Gliscor|atk|2\n|\n|-heal|p1a: Gliscor|78\/100 tox|[from] ability: Poison Heal\n|upkeep\n|turn|14\n|\n|t:|1701211385\n|move|p2a: Lopunny|U-turn|p1a: Gliscor\n|-damage|p1a: Gliscor|57\/100 tox\n|\n|t:|1701211392\n|switch|p2a: Zangoose|Zangoose, F|100\/100|[from] U-turn\n|move|p1a: Gliscor|Facade|p2a: Zangoose\n|-damage|p2a: Zangoose|0 fnt\n|faint|p2a: Zangoose\n|\n|-heal|p1a: Gliscor|69\/100 tox|[from] ability: Poison Heal\n|upkeep\n|\n|t:|1701211403\n|switch|p2a: Lopunny|Lopunny-Mega, F|100\/100\n|turn|15\n|\n|t:|1701211410\n|move|p2a: Lopunny|Fake Out|p1a: Gliscor\n|-damage|p1a: Gliscor|52\/100 tox\n|cant|p1a: Gliscor|flinch\n|\n|-heal|p1a: Gliscor|64\/100 tox|[from] ability: Poison Heal\n|upkeep\n|turn|16\n|\n|t:|1701211418\n|move|p2a: Lopunny|Retaliate|p1a: Gliscor\n|-damage|p1a: Gliscor|36\/100 tox\n|move|p1a: Gliscor|Earthquake|p2a: Lopunny\n|-damage|p2a: Lopunny|10\/100\n|\n|-heal|p1a: Gliscor|48\/100 tox|[from] ability: Poison Heal\n|upkeep\n|turn|17\n|\n|t:|1701211427\n|move|p2a: Lopunny|U-turn|p1a: Gliscor\n|-damage|p1a: Gliscor|29\/100 tox\n|\n|t:|1701211431\n|switch|p2a: Typhlosion|Typhlosion, F|100\/100|[from] U-turn\n|move|p1a: Gliscor|Roost|p1a: Gliscor\n|-heal|p1a: Gliscor|79\/100 tox\n|\n|-heal|p1a: Gliscor|91\/100 tox|[from] ability: Poison Heal\n|-fieldend|move: Electric Terrain\n|upkeep\n|turn|18\n|\n|t:|1701211459\n|move|p2a: Typhlosion|Burn Up|p1a: Gliscor\n|-resisted|p1a: Gliscor\n|-damage|p1a: Gliscor|62\/100 tox\n|-start|p2a: Typhlosion|typechange|???|[from] move: Burn Up\n|move|p1a: Gliscor|Earthquake|p2a: Typhlosion\n|-damage|p2a: Typhlosion|13\/100\n|\n|-heal|p1a: Gliscor|74\/100 tox|[from] ability: Poison Heal\n|upkeep\n|turn|19\n|\n|t:|1701211471\n|move|p2a: Typhlosion|Focus Blast|p1a: Gliscor\n|-damage|p1a: Gliscor|43\/100 tox\n|move|p1a: Gliscor|Swords Dance|p1a: Gliscor\n|-boost|p1a: Gliscor|atk|2\n|\n|-heal|p1a: Gliscor|56\/100 tox|[from] ability: Poison Heal\n|upkeep\n|turn|20\n|\n|t:|1701211480\n|move|p2a: Typhlosion|Focus Blast|p1a: Gliscor\n|-damage|p1a: Gliscor|24\/100 tox\n|move|p1a: Gliscor|Facade|p2a: Typhlosion\n|-damage|p2a: Typhlosion|0 fnt\n|faint|p2a: Typhlosion\n|\n|-heal|p1a: Gliscor|36\/100 tox|[from] ability: Poison Heal\n|upkeep\n|\n|t:|1701211491\n|switch|p2a: Lopunny|Lopunny-Mega, F|10\/100\n|turn|21\n|\n|t:|1701211495\n|move|p2a: Lopunny|Fake Out|p1a: Gliscor\n|-crit|p1a: Gliscor\n|-damage|p1a: Gliscor|10\/100 tox\n|cant|p1a: Gliscor|flinch\n|\n|-heal|p1a: Gliscor|22\/100 tox|[from] ability: Poison Heal\n|upkeep\n|turn|22\n|\n|t:|1701211505\n|move|p2a: Lopunny|Drain Punch|p1a: Gliscor\n|-damage|p1a: Gliscor|0 fnt\n|-heal|p2a: Lopunny|24\/100|[from] drain|[of] p1a: Gliscor\n|faint|p1a: Gliscor\n|\n|upkeep\n|\n|t:|1701211507\n|switch|p1a: Tyranitar|Tyranitar-Mega, F|8\/100\n|-weather|Sandstorm|[from] ability: Sand Stream|[of] p1a: Tyranitar\n|turn|23\n|\n|t:|1701211516\n|move|p2a: Lopunny|Drain Punch|p1a: Tyranitar\n|-supereffective|p1a: Tyranitar\n|-damage|p1a: Tyranitar|0 fnt\n|-heal|p2a: Lopunny|29\/100|[from] drain|[of] p1a: Tyranitar\n|faint|p1a: Tyranitar\n|\n|-weather|Sandstorm|[upkeep]\n|-damage|p2a: Lopunny|23\/100|[from] Sandstorm\n|upkeep\n|\n|t:|1701211522\n|switch|p1a: Toxapex|Toxapex, F|100\/100\n|turn|24\n|\n|t:|1701211531\n|move|p2a: Lopunny|U-turn|p1a: Toxapex\n|-resisted|p1a: Toxapex\n|-damage|p1a: Toxapex|93\/100\n|\n|t:|1701211534\n|switch|p2a: Hatterene|Hatterene, F|62\/100|[from] U-turn\n|move|p1a: Toxapex|Scald|p2a: Hatterene\n|-damage|p2a: Hatterene|50\/100\n|-status|p2a: Hatterene|brn\n|\n|-weather|Sandstorm|[upkeep]\n|-damage|p1a: Toxapex|87\/100|[from] Sandstorm\n|-damage|p2a: Hatterene|44\/100 brn|[from] Sandstorm\n|-heal|p1a: Toxapex|93\/100|[from] item: Leftovers\n|-damage|p2a: Hatterene|37\/100 brn|[from] brn\n|upkeep\n|turn|25\n|\n|t:|1701211550\n|move|p1a: Toxapex|Scald|p2a: Hatterene\n|-damage|p2a: Hatterene|25\/100 brn\n|move|p2a: Hatterene|Psychic|p1a: Toxapex\n|-supereffective|p1a: Toxapex\n|-crit|p1a: Toxapex\n|-damage|p1a: Toxapex|0 fnt\n|faint|p1a: Toxapex\n|\n|-weather|Sandstorm|[upkeep]\n|-damage|p2a: Hatterene|19\/100 brn|[from] Sandstorm\n|-damage|p2a: Hatterene|13\/100 brn|[from] brn\n|upkeep\n|\n|t:|1701211558\n|switch|p1a: Iron Valiant|Iron Valiant|100\/100\n|turn|26\n|\n|t:|1701211574\n|move|p1a: Iron Valiant|Thunderbolt|p2a: Hatterene\n|-damage|p2a: Hatterene|0 fnt\n|faint|p2a: Hatterene\n|\n|-weather|Sandstorm|[upkeep]\n|-damage|p1a: Iron Valiant|94\/100|[from] Sandstorm\n|upkeep\n|\n|t:|1701211582\n|switch|p2a: Lopunny|Lopunny-Mega, F|23\/100\n|turn|27\n|\n|t:|1701211592\n|move|p2a: Lopunny|Fake Out|p1a: Iron Valiant\n|-damage|p1a: Iron Valiant|66\/100\n|cant|p1a: Iron Valiant|flinch\n|\n|-weather|none\n|upkeep\n|turn|28\n|\n|t:|1701211609\n|move|p2a: Lopunny|Drain Punch|p1a: Iron Valiant\n|-resisted|p1a: Iron Valiant\n|-damage|p1a: Iron Valiant|42\/100\n|-heal|p2a: Lopunny|37\/100|[from] drain|[of] p1a: Iron Valiant\n|move|p1a: Iron Valiant|Moonblast|p2a: Lopunny\n|-supereffective|p2a: Lopunny\n|-damage|p2a: Lopunny|0 fnt\n|faint|p2a: Lopunny\n|\n|win|PLAYB0I R0BBIE B\n|raw|PLAYB0I R0BBIE B's rating: 1281 &rarr; <strong>1297<\/strong><br \/>(+16 for winning)\n|raw|Kawaiizaki's rating: 1149 &rarr; <strong>1133<\/strong><br \/>(-16 for losing)\n","uploadtime":1701211614,"views":0,"p1id":"playb0ir0bbieb","p2id":"kawaiizaki","formatid":"gen9nationaldex","rating":1133,"private":0,"password":""}