{"id":"gen9nationaldex-1993898180","p1":"shuaiboy","p2":"flysix","format":"[Gen 9] National Dex","log":"|j|\u2606shuaiboy\n|j|\u2606flysix\n|t:|1700371967\n|gametype|singles\n|player|p1|shuaiboy|101|\n|player|p2|flysix|rosa|\n|teamsize|p1|6\n|teamsize|p2|6\n|gen|9\n|tier|[Gen 9] National Dex\n|rule|HP Percentage Mod: HP is shown in percentages\n|rule|Endless Battle Clause: Forcing endless battles is banned\n|rule|OHKO Clause: OHKO moves are banned\n|rule|Evasion Clause: Evasion abilities, items, and moves are banned\n|rule|Evasion Abilities Clause: Evasion abilities are banned\n|rule|Evasion Items Clause: Evasion items are banned\n|rule|Evasion Moves Clause: Evasion moves are banned\n|rule|Species Clause: Limit one of each Pok\u00e9mon\n|rule|Sleep Clause Mod: Limit one foe put to sleep\n|clearpoke\n|poke|p1|Banette, F|\n|poke|p1|Blacephalon|\n|poke|p1|Ogerpon-Cornerstone, F|\n|poke|p1|Bisharp, F|\n|poke|p1|Urshifu-*, F|\n|poke|p1|Volcarona, M|\n|poke|p2|Torterra, F|\n|poke|p2|Ninetales-Alola, F|\n|poke|p2|Quaquaval, M|\n|poke|p2|Garchomp, F|\n|poke|p2|Victini|\n|poke|p2|Ogerpon-Cornerstone, F|\n|teampreview\n|\n|t:|1700371978\n|start\n|switch|p1a: \u5251\u821e\u90fd\u53ef\u4ee5\u5251\u821e|Ogerpon-Cornerstone, F|100\/100\n|switch|p2a: Ogerpon|Ogerpon-Cornerstone, F|100\/100\n|turn|1\n|\n|t:|1700371984\n|move|p1a: \u5251\u821e\u90fd\u53ef\u4ee5\u5251\u821e|Spikes|p2a: Ogerpon\n|-sidestart|p2: flysix|Spikes\n|move|p2a: Ogerpon|Brick Break|p1a: \u5251\u821e\u90fd\u53ef\u4ee5\u5251\u821e\n|-supereffective|p1a: \u5251\u821e\u90fd\u53ef\u4ee5\u5251\u821e\n|-damage|p1a: \u5251\u821e\u90fd\u53ef\u4ee5\u5251\u821e|23\/100\n|\n|upkeep\n|turn|2\n|\n|t:|1700371998\n|move|p2a: Ogerpon|Horn Leech|p1a: \u5251\u821e\u90fd\u53ef\u4ee5\u5251\u821e\n|-damage|p1a: \u5251\u821e\u90fd\u53ef\u4ee5\u5251\u821e|0 fnt\n|faint|p1a: \u5251\u821e\u90fd\u53ef\u4ee5\u5251\u821e\n|\n|upkeep\n|inactive|Battle timer is ON: inactive players will automatically lose when time's up. (requested by flysix)\n|\n|t:|1700372009\n|switch|p1a: \u540c\u547d\u4e0d\u540c\u547d\u540c\u547d|Banette, F|100\/100\n|turn|3\n|\n|t:|1700372013\n|detailschange|p1a: \u540c\u547d\u4e0d\u540c\u547d\u540c\u547d|Banette-Mega, F\n|-mega|p1a: \u540c\u547d\u4e0d\u540c\u547d\u540c\u547d|Banette|Banettite\n|move|p1a: \u540c\u547d\u4e0d\u540c\u547d\u540c\u547d|Will-O-Wisp|p2a: Ogerpon\n|-status|p2a: Ogerpon|brn\n|move|p2a: Ogerpon|Ivy Cudgel|p1a: \u540c\u547d\u4e0d\u540c\u547d\u540c\u547d|[anim] Ivy Cudgel Rock\n|-damage|p1a: \u540c\u547d\u4e0d\u540c\u547d\u540c\u547d|50\/100\n|\n|-damage|p2a: Ogerpon|95\/100 brn|[from] brn\n|upkeep\n|turn|4\n|\n|t:|1700372020\n|switch|p1a: \u56f4\u5dfe\u8fd8\u662f\u5934\u5e26|Urshifu-Rapid-Strike, F|100\/100\n|move|p2a: Ogerpon|Ivy Cudgel|p1a: \u56f4\u5dfe\u8fd8\u662f\u5934\u5e26|[anim] Ivy Cudgel Rock\n|-resisted|p1a: \u56f4\u5dfe\u8fd8\u662f\u5934\u5e26\n|-damage|p1a: \u56f4\u5dfe\u8fd8\u662f\u5934\u5e26|86\/100\n|\n|-damage|p2a: Ogerpon|89\/100 brn|[from] brn\n|upkeep\n|turn|5\n|\n|t:|1700372025\n|move|p1a: \u56f4\u5dfe\u8fd8\u662f\u5934\u5e26|Close Combat|p2a: Ogerpon\n|-supereffective|p2a: Ogerpon\n|-damage|p2a: Ogerpon|0 fnt\n|-unboost|p1a: \u56f4\u5dfe\u8fd8\u662f\u5934\u5e26|def|1\n|-unboost|p1a: \u56f4\u5dfe\u8fd8\u662f\u5934\u5e26|spd|1\n|faint|p2a: Ogerpon\n|\n|upkeep\n|\n|t:|1700372029\n|switch|p2a: Victini|Victini|100\/100\n|-damage|p2a: Victini|88\/100|[from] Spikes\n|turn|6\n|\n|t:|1700372034\n|switch|p1a: \u540c\u547d\u4e0d\u540c\u547d\u540c\u547d|Banette-Mega, F|50\/100\n|-zpower|p2a: Victini\n|move|p2a: Victini|Z-Celebrate|p2a: Victini|[anim]Celebrate\n|-boost|p2a: Victini|atk|1|[zeffect]\n|-boost|p2a: Victini|def|1|[zeffect]\n|-boost|p2a: Victini|spa|1|[zeffect]\n|-boost|p2a: Victini|spd|1|[zeffect]\n|-boost|p2a: Victini|spe|1|[zeffect]\n|-activate|p2a: Victini|move: Celebrate\n|\n|upkeep\n|turn|7\n|c|\u2606shuaiboy|\u540c\u547d\u563f\u563f\u563f\n|\n|t:|1700372048\n|move|p1a: \u540c\u547d\u4e0d\u540c\u547d\u540c\u547d|Destiny Bond|p1a: \u540c\u547d\u4e0d\u540c\u547d\u540c\u547d\n|-singlemove|p1a: \u540c\u547d\u4e0d\u540c\u547d\u540c\u547d|Destiny Bond\n|move|p2a: Victini|Stored Power|p1a: \u540c\u547d\u4e0d\u540c\u547d\u540c\u547d\n|-damage|p1a: \u540c\u547d\u4e0d\u540c\u547d\u540c\u547d|0 fnt\n|faint|p1a: \u540c\u547d\u4e0d\u540c\u547d\u540c\u547d\n|-activate|p1a: \u540c\u547d\u4e0d\u540c\u547d\u540c\u547d|move: Destiny Bond\n|faint|p2a: Victini\n|\n|upkeep\n|c|\u2606flysix|\u4f60\u5728\u90a3\u540c\u547d\u4e86\n|c|\u2606flysix|\u5509\n|\n|t:|1700372057\n|switch|p2a: Ninetales|Ninetales-Alola, F|100\/100\n|switch|p1a: \u56f4\u5dfe\u8fd8\u662f\u5934\u5e26|Urshifu-Rapid-Strike, F|86\/100\n|-damage|p2a: Ninetales|88\/100|[from] Spikes\n|-weather|Snow|[from] ability: Snow Warning|[of] p2a: Ninetales\n|turn|8\n|\n|t:|1700372074\n|move|p1a: \u56f4\u5dfe\u8fd8\u662f\u5934\u5e26|Close Combat|p2a: Ninetales\n|-damage|p2a: Ninetales|41\/100\n|-unboost|p1a: \u56f4\u5dfe\u8fd8\u662f\u5934\u5e26|def|1\n|-unboost|p1a: \u56f4\u5dfe\u8fd8\u662f\u5934\u5e26|spd|1\n|move|p2a: Ninetales|Aurora Veil|p2a: Ninetales\n|-sidestart|p2: flysix|move: Aurora Veil\n|\n|-weather|Snow|[upkeep]\n|upkeep\n|turn|9\n|c|\u2606flysix|\u4f60\u7684\u6c34\u718a\u5e94\u8be5\u4e0d\u662f\u56f4\u5dfe\u7684\uff0c\u6bd4\u6211\u7684\u78b0\u78b0\u5feb\n|\n|t:|1700372091\n|switch|p1a: \u955c\u82b1\u6c34\u6708|Bisharp, F|100\/100\n|move|p2a: Ninetales|Freeze-Dry|p1a: \u955c\u82b1\u6c34\u6708\n|-resisted|p1a: \u955c\u82b1\u6c34\u6708\n|-damage|p1a: \u955c\u82b1\u6c34\u6708|92\/100\n|\n|-weather|Snow|[upkeep]\n|upkeep\n|turn|10\n|\n|t:|1700372097\n|move|p2a: Ninetales|Freeze-Dry|p1a: \u955c\u82b1\u6c34\u6708\n|-resisted|p1a: \u955c\u82b1\u6c34\u6708\n|-damage|p1a: \u955c\u82b1\u6c34\u6708|83\/100\n|move|p1a: \u955c\u82b1\u6c34\u6708|Stealth Rock|p2a: Ninetales\n|-sidestart|p2: flysix|move: Stealth Rock\n|\n|-weather|Snow|[upkeep]\n|upkeep\n|turn|11\n|\n|t:|1700372105\n|switch|p1a: \u5c0f\u4e11\u771f\u7684\u5c0f\u4e11|Blacephalon|100\/100\n|move|p2a: Ninetales|Encore||[still]\n|-fail|p2a: Ninetales\n|\n|-weather|Snow|[upkeep]\n|upkeep\n|turn|12\n|\n|t:|1700372109\n|move|p2a: Ninetales|Freeze-Dry|p1a: \u5c0f\u4e11\u771f\u7684\u5c0f\u4e11\n|-resisted|p1a: \u5c0f\u4e11\u771f\u7684\u5c0f\u4e11\n|-damage|p1a: \u5c0f\u4e11\u771f\u7684\u5c0f\u4e11|83\/100\n|move|p1a: \u5c0f\u4e11\u771f\u7684\u5c0f\u4e11|Flamethrower|p2a: Ninetales\n|-supereffective|p2a: Ninetales\n|-damage|p2a: Ninetales|0 fnt\n|faint|p2a: Ninetales\n|-ability|p1a: \u5c0f\u4e11\u771f\u7684\u5c0f\u4e11|Beast Boost|boost\n|-boost|p1a: \u5c0f\u4e11\u771f\u7684\u5c0f\u4e11|spa|1\n|\n|-weather|none\n|upkeep\n|\n|t:|1700372115\n|switch|p2a: Garchomp|Garchomp, F|100\/100\n|-damage|p2a: Garchomp|88\/100|[from] Spikes\n|-damage|p2a: Garchomp|82\/100|[from] Stealth Rock\n|turn|13\n|c|\u2606flysix|\u80af\u5b9a\u56f4\u5dfe\u5c0f\u4e11\u554a\n|\n|t:|1700372126\n|move|p1a: \u5c0f\u4e11\u771f\u7684\u5c0f\u4e11|Taunt|p2a: Garchomp\n|-start|p2a: Garchomp|move: Taunt\n|move|p2a: Garchomp|Scale Shot|p1a: \u5c0f\u4e11\u771f\u7684\u5c0f\u4e11\n|-damage|p1a: \u5c0f\u4e11\u771f\u7684\u5c0f\u4e11|54\/100\n|-damage|p1a: \u5c0f\u4e11\u771f\u7684\u5c0f\u4e11|23\/100\n|-damage|p1a: \u5c0f\u4e11\u771f\u7684\u5c0f\u4e11|0 fnt\n|faint|p1a: \u5c0f\u4e11\u771f\u7684\u5c0f\u4e11\n|-hitcount|p1: \u5c0f\u4e11\u771f\u7684\u5c0f\u4e11|3\n|-unboost|p2a: Garchomp|def|1\n|-boost|p2a: Garchomp|spe|1\n|\n|upkeep\n|\n|t:|1700372131\n|switch|p1a: \u955c\u82b1\u6c34\u6708|Bisharp, F|83\/100\n|turn|14\n|\n|t:|1700372135\n|-terastallize|p1a: \u955c\u82b1\u6c34\u6708|Dark\n|move|p2a: Garchomp|Earthquake|p1a: \u955c\u82b1\u6c34\u6708\n|-damage|p1a: \u955c\u82b1\u6c34\u6708|47\/100\n|move|p1a: \u955c\u82b1\u6c34\u6708|Knock Off|p2a: Garchomp\n|-damage|p2a: Garchomp|25\/100\n|-damage|p1a: \u955c\u82b1\u6c34\u6708|35\/100|[from] ability: Rough Skin|[of] p2a: Garchomp\n|-enditem|p2a: Garchomp|Loaded Dice|[from] move: Knock Off|[of] p1a: \u955c\u82b1\u6c34\u6708\n|\n|upkeep\n|turn|15\n|\n|t:|1700372145\n|move|p1a: \u955c\u82b1\u6c34\u6708|Sucker Punch|p2a: Garchomp\n|-damage|p2a: Garchomp|0 fnt\n|-damage|p1a: \u955c\u82b1\u6c34\u6708|23\/100|[from] ability: Rough Skin|[of] p2a: Garchomp\n|faint|p2a: Garchomp\n|\n|-sideend|p2: flysix|move: Aurora Veil\n|upkeep\n|\n|t:|1700372147\n|switch|p2a: Quaquaval|Quaquaval, M|100\/100\n|turn|16\n|\n|t:|1700372168\n|move|p2a: Quaquaval|Aqua Step|p1a: \u955c\u82b1\u6c34\u6708\n|-damage|p1a: \u955c\u82b1\u6c34\u6708|0 fnt\n|-boost|p2a: Quaquaval|spe|1\n|faint|p1a: \u955c\u82b1\u6c34\u6708\n|-ability|p2a: Quaquaval|Moxie|boost\n|-boost|p2a: Quaquaval|atk|1\n|\n|upkeep\n|\n|t:|1700372170\n|switch|p1a: \u56f4\u5dfe\u8fd8\u662f\u5934\u5e26|Urshifu-Rapid-Strike, F|86\/100\n|turn|17\n|c|\u2606flysix|\u8fd9\u4e2a\u4e2d\u5c06\u59b9\u540d\u5b57\u6709\u70b9\u773c\u719f\u554a\n|\n|t:|1700372180\n|switch|p1a: \u706b\u7130\u4e4b\u8eaf \u6700\u559c\u6b22\u7684\u7279\u6027|Volcarona, M|100\/100\n|move|p2a: Quaquaval|Close Combat|p1a: \u706b\u7130\u4e4b\u8eaf \u6700\u559c\u6b22\u7684\u7279\u6027\n|-resisted|p1a: \u706b\u7130\u4e4b\u8eaf \u6700\u559c\u6b22\u7684\u7279\u6027\n|-damage|p1a: \u706b\u7130\u4e4b\u8eaf \u6700\u559c\u6b22\u7684\u7279\u6027|61\/100\n|-unboost|p2a: Quaquaval|def|1\n|-unboost|p2a: Quaquaval|spd|1\n|\n|upkeep\n|turn|18\n|\n|t:|1700372187\n|move|p2a: Quaquaval|Aqua Step|p1a: \u706b\u7130\u4e4b\u8eaf \u6700\u559c\u6b22\u7684\u7279\u6027\n|-supereffective|p1a: \u706b\u7130\u4e4b\u8eaf \u6700\u559c\u6b22\u7684\u7279\u6027\n|-damage|p1a: \u706b\u7130\u4e4b\u8eaf \u6700\u559c\u6b22\u7684\u7279\u6027|0 fnt\n|-boost|p2a: Quaquaval|spe|1\n|faint|p1a: \u706b\u7130\u4e4b\u8eaf \u6700\u559c\u6b22\u7684\u7279\u6027\n|-ability|p2a: Quaquaval|Moxie|boost\n|-boost|p2a: Quaquaval|atk|1\n|\n|upkeep\n|\n|t:|1700372189\n|switch|p1a: \u56f4\u5dfe\u8fd8\u662f\u5934\u5e26|Urshifu-Rapid-Strike, F|86\/100\n|turn|19\n|\n|t:|1700372192\n|move|p2a: Quaquaval|Close Combat|p1a: \u56f4\u5dfe\u8fd8\u662f\u5934\u5e26\n|-damage|p1a: \u56f4\u5dfe\u8fd8\u662f\u5934\u5e26|0 fnt\n|-unboost|p2a: Quaquaval|def|1\n|-unboost|p2a: Quaquaval|spd|1\n|faint|p1a: \u56f4\u5dfe\u8fd8\u662f\u5934\u5e26\n|\n|win|flysix\n|c|\u2606shuaiboy|\u54ce\u5440\u4e0d\u70e7\u4e00\u4e0b\n|l|\u2606shuaiboy\n|c|\u2606flysix|\u571f\u53f0\u9f9f\u5389\u5bb3\u5427\n","uploadtime":1700372206,"views":7,"p1id":"shuaiboy","p2id":"flysix","formatid":"gen9nationaldex","rating":0,"private":0,"password":""}