{"id":"gen9nationaldex-1996738533","p1":"YuleDaMacaxeira","p2":"LNewsom88","format":"[Gen 9] National Dex","log":"|html|<div class=\"broadcast-blue\"><strong>[Gen 9] National Dex is currently suspecting Sneasler! For information on how to participate check out the <a href=\"https:\/\/www.smogon.com\/forums\/threads\/sv-national-dex-suspect-8-just-dance.3731534\/\">suspect thread<\/a>.<\/strong><\/div>\n|j|\u2606YuleDaMacaxeira\n|j|\u2606LNewsom88\n|t:|1700716991\n|gametype|singles\n|player|p1|YuleDaMacaxeira|iris-gen5bw2|1196\n|player|p2|LNewsom88|266|1187\n|teamsize|p1|6\n|teamsize|p2|6\n|gen|9\n|tier|[Gen 9] National Dex\n|rated|\n|rule|HP Percentage Mod: HP is shown in percentages\n|rule|Endless Battle Clause: Forcing endless battles is banned\n|rule|OHKO Clause: OHKO moves are banned\n|rule|Evasion Clause: Evasion abilities, items, and moves are banned\n|rule|Evasion Abilities Clause: Evasion abilities are banned\n|rule|Evasion Items Clause: Evasion items are banned\n|rule|Evasion Moves Clause: Evasion moves are banned\n|rule|Species Clause: Limit one of each Pok\u00e9mon\n|rule|Sleep Clause Mod: Limit one foe put to sleep\n|clearpoke\n|poke|p1|Scizor, F|\n|poke|p1|Tornadus-Therian, M|\n|poke|p1|Cinderace, F|\n|poke|p1|Slowking-Galar, F|\n|poke|p1|Kommo-o, F|\n|poke|p1|Ting-Lu|\n|poke|p2|Ferrothorn, F|\n|poke|p2|Sharpedo, F|\n|poke|p2|Skeledirge, M|\n|poke|p2|Iron Hands|\n|poke|p2|Alakazam, M|\n|poke|p2|Salamence, M|\n|teampreview\n|\n|t:|1700717008\n|start\n|switch|p1a: Cinderace|Cinderace, F|100\/100\n|switch|p2a: Ferrothorn|Ferrothorn, F|100\/100\n|turn|1\n|\n|t:|1700717015\n|switch|p2a: Skeledirge|Skeledirge, M|100\/100\n|move|p1a: Cinderace|Will-O-Wisp|p2a: Skeledirge\n|-immune|p2a: Skeledirge\n|\n|upkeep\n|turn|2\n|\n|t:|1700717022\n|move|p1a: Cinderace|U-turn|p2a: Skeledirge\n|-resisted|p2a: Skeledirge\n|-damage|p2a: Skeledirge|97\/100\n|\n|t:|1700717030\n|switch|p1a: Ting-Lu|Ting-Lu|100\/100|[from] U-turn\n|-ability|p1a: Ting-Lu|Vessel of Ruin\n|move|p2a: Skeledirge|Torch Song|p1a: Ting-Lu\n|-damage|p1a: Ting-Lu|87\/100\n|-boost|p2a: Skeledirge|spa|1\n|\n|-heal|p1a: Ting-Lu|93\/100|[from] item: Leftovers\n|upkeep\n|turn|3\n|\n|t:|1700717043\n|move|p2a: Skeledirge|Hex|p1a: Ting-Lu\n|-resisted|p1a: Ting-Lu\n|-damage|p1a: Ting-Lu|84\/100\n|move|p1a: Ting-Lu|Whirlwind|p2a: Skeledirge\n|drag|p2a: Salamence|Salamence, M|100\/100\n|\n|-heal|p1a: Ting-Lu|90\/100|[from] item: Leftovers\n|upkeep\n|turn|4\n|\n|t:|1700717053\n|move|p2a: Salamence|Dragon Dance|p2a: Salamence\n|-boost|p2a: Salamence|atk|1\n|-boost|p2a: Salamence|spe|1\n|move|p1a: Ting-Lu|Stealth Rock|p2a: Salamence\n|-sidestart|p2: LNewsom88|move: Stealth Rock\n|\n|-heal|p1a: Ting-Lu|96\/100|[from] item: Leftovers\n|upkeep\n|turn|5\n|\n|t:|1700717062\n|move|p2a: Salamence|Defog|p1a: Ting-Lu\n|-unboost|p1a: Ting-Lu|evasion|1\n|-sideend|p2: LNewsom88|Stealth Rock|[from] move: Defog|[of] p2a: Salamence\n|move|p1a: Ting-Lu|Whirlwind|p2a: Salamence\n|drag|p2a: Iron Hands|Iron Hands, shiny|100\/100\n|\n|-heal|p1a: Ting-Lu|100\/100|[from] item: Leftovers\n|upkeep\n|turn|6\n|\n|t:|1700717072\n|switch|p1a: Tornadus|Tornadus-Therian, M|100\/100\n|move|p2a: Iron Hands|Belly Drum|p2a: Iron Hands\n|-damage|p2a: Iron Hands|51\/100\n|-setboost|p2a: Iron Hands|atk|6|[from] move: Belly Drum\n|\n|upkeep\n|turn|7\n|\n|t:|1700717080\n|-zpower|p1a: Tornadus\n|move|p1a: Tornadus|Supersonic Skystrike|p2a: Iron Hands|[zeffect]\n|-damage|p2a: Iron Hands|0 fnt\n|faint|p2a: Iron Hands\n|-end|p2a: Iron Hands|Quark Drive|[silent]\n|\n|upkeep\n|\n|t:|1700717090\n|switch|p2a: Ferrothorn|Ferrothorn, F|100\/100\n|turn|8\n|\n|t:|1700717094\n|switch|p1a: Cinderace|Cinderace, F|100\/100\n|move|p2a: Ferrothorn|Stealth Rock|p1a: Cinderace\n|-sidestart|p1: YuleDaMacaxeira|move: Stealth Rock\n|\n|upkeep\n|turn|9\n|\n|t:|1700717100\n|switch|p2a: Skeledirge|Skeledirge, M|97\/100\n|move|p1a: Cinderace|Court Change|p1a: Cinderace\n|-swapsideconditions\n|-activate|p1a: Cinderace|move: Court Change\n|\n|upkeep\n|turn|10\n|\n|t:|1700717111\n|switch|p1a: Ting-Lu|Ting-Lu|100\/100\n|-ability|p1a: Ting-Lu|Vessel of Ruin\n|move|p2a: Skeledirge|Hex|p1a: Ting-Lu\n|-resisted|p1a: Ting-Lu\n|-damage|p1a: Ting-Lu|94\/100\n|\n|-heal|p1a: Ting-Lu|100\/100|[from] item: Leftovers\n|upkeep\n|turn|11\n|\n|t:|1700717122\n|switch|p2a: Salamence|Salamence, M|100\/100\n|move|p1a: Ting-Lu|Earthquake|p2a: Salamence\n|-immune|p2a: Salamence\n|\n|upkeep\n|turn|12\n|\n|t:|1700717129\n|move|p2a: Salamence|Dragon Dance|p2a: Salamence\n|-boost|p2a: Salamence|atk|1\n|-boost|p2a: Salamence|spe|1\n|move|p1a: Ting-Lu|Ruination|p2a: Salamence\n|-damage|p2a: Salamence|51\/100\n|\n|upkeep\n|turn|13\n|\n|t:|1700717137\n|move|p2a: Salamence|Outrage|p1a: Ting-Lu\n|-damage|p1a: Ting-Lu|49\/100\n|move|p1a: Ting-Lu|Whirlwind|p2a: Salamence\n|drag|p2a: Alakazam|Alakazam, M|100\/100\n|\n|-heal|p1a: Ting-Lu|55\/100|[from] item: Leftovers\n|upkeep\n|turn|14\n|\n|t:|1700717146\n|switch|p1a: Scizor|Scizor, F, shiny|100\/100\n|move|p2a: Alakazam|Thunder Wave|p1a: Scizor\n|-status|p1a: Scizor|par\n|\n|upkeep\n|turn|15\n|\n|t:|1700717153\n|switch|p2a: Ferrothorn|Ferrothorn, F|100\/100\n|-damage|p2a: Ferrothorn|94\/100|[from] Stealth Rock\n|detailschange|p1a: Scizor|Scizor-Mega, F, shiny\n|-mega|p1a: Scizor|Scizor|Scizorite\n|move|p1a: Scizor|Swords Dance|p1a: Scizor\n|-boost|p1a: Scizor|atk|2\n|\n|-heal|p2a: Ferrothorn|100\/100|[from] item: Leftovers\n|upkeep\n|turn|16\n|\n|t:|1700717164\n|switch|p1a: Cinderace|Cinderace, F|100\/100\n|move|p2a: Ferrothorn|Stealth Rock|p1a: Cinderace\n|-sidestart|p1: YuleDaMacaxeira|move: Stealth Rock\n|\n|upkeep\n|turn|17\n|\n|t:|1700717171\n|move|p1a: Cinderace|U-turn|p2a: Ferrothorn\n|-damage|p2a: Ferrothorn|90\/100\n|-damage|p1a: Cinderace|88\/100|[from] ability: Iron Barbs|[of] p2a: Ferrothorn\n|\n|t:|1700717177\n|switch|p1a: Slowking|Slowking-Galar, F, shiny|100\/100|[from] U-turn\n|move|p2a: Ferrothorn|Gyro Ball|p1a: Slowking\n|-damage|p1a: Slowking|93\/100\n|\n|-heal|p2a: Ferrothorn|96\/100|[from] item: Leftovers\n|upkeep\n|turn|18\n|\n|t:|1700717190\n|move|p2a: Ferrothorn|Giga Drain|p1a: Slowking\n|-resisted|p1a: Slowking\n|-damage|p1a: Slowking|89\/100\n|-heal|p2a: Ferrothorn|99\/100|[from] drain|[of] p1a: Slowking\n|move|p1a: Slowking|Future Sight|p2a: Ferrothorn\n|-start|p1a: Slowking|move: Future Sight\n|\n|-heal|p2a: Ferrothorn|100\/100|[from] item: Leftovers\n|upkeep\n|turn|19\n|\n|t:|1700717213\n|switch|p2a: Skeledirge|Skeledirge, M|97\/100\n|move|p1a: Slowking|Chilly Reception|p1a: Slowking\n|-weather|Snow\n|\n|t:|1700717220\n|switch|p1a: Ting-Lu|Ting-Lu|55\/100|[from] Chilly Reception\n|-damage|p1a: Ting-Lu|49\/100|[from] Stealth Rock\n|-ability|p1a: Ting-Lu|Vessel of Ruin\n|\n|-weather|Snow|[upkeep]\n|-heal|p1a: Ting-Lu|55\/100|[from] item: Leftovers\n|upkeep\n|turn|20\n|\n|t:|1700717230\n|switch|p2a: Salamence|Salamence, M|51\/100\n|move|p1a: Ting-Lu|Whirlwind|p2a: Salamence\n|drag|p2a: Ferrothorn|Ferrothorn, F|100\/100\n|-damage|p2a: Ferrothorn|94\/100|[from] Stealth Rock\n|\n|-weather|Snow|[upkeep]\n|-end|p2a: Ferrothorn|move: Future Sight\n|-resisted|p2a: Ferrothorn\n|-damage|p2a: Ferrothorn|80\/100\n|-heal|p1a: Ting-Lu|61\/100|[from] item: Leftovers\n|-heal|p2a: Ferrothorn|86\/100|[from] item: Leftovers\n|upkeep\n|turn|21\n|\n|t:|1700717243\n|switch|p1a: Cinderace|Cinderace, F|88\/100\n|move|p2a: Ferrothorn|Gyro Ball|p1a: Cinderace\n|-resisted|p1a: Cinderace\n|-damage|p1a: Cinderace|59\/100\n|\n|-weather|Snow|[upkeep]\n|-heal|p2a: Ferrothorn|93\/100|[from] item: Leftovers\n|upkeep\n|turn|22\n|\n|t:|1700717254\n|move|p1a: Cinderace|U-turn|p2a: Ferrothorn\n|-damage|p2a: Ferrothorn|81\/100\n|-damage|p1a: Cinderace|47\/100|[from] ability: Iron Barbs|[of] p2a: Ferrothorn\n|\n|t:|1700717259\n|switch|p1a: Slowking|Slowking-Galar, F, shiny|100\/100|[from] U-turn\n|move|p2a: Ferrothorn|Toxic|p1a: Slowking\n|-immune|p1a: Slowking\n|\n|-weather|Snow|[upkeep]\n|-heal|p2a: Ferrothorn|87\/100|[from] item: Leftovers\n|upkeep\n|turn|23\n|\n|t:|1700717272\n|switch|p2a: Sharpedo|Sharpedo, F|100\/100\n|-damage|p2a: Sharpedo|88\/100|[from] Stealth Rock\n|move|p1a: Slowking|Future Sight|p2a: Sharpedo\n|-start|p1a: Slowking|move: Future Sight\n|\n|-weather|none\n|upkeep\n|turn|24\n|\n|t:|1700717281\n|-terastallize|p1a: Slowking|Steel\n|move|p2a: Sharpedo|Protect|p2a: Sharpedo\n|-singleturn|p2a: Sharpedo|Protect\n|move|p1a: Slowking|Thunder Wave|p2a: Sharpedo\n|-activate|p2a: Sharpedo|move: Protect\n|\n|-ability|p2a: Sharpedo|Speed Boost|boost\n|-boost|p2a: Sharpedo|spe|1\n|upkeep\n|turn|25\n|\n|t:|1700717301\n|detailschange|p2a: Sharpedo|Sharpedo-Mega, F\n|-mega|p2a: Sharpedo|Sharpedo|Sharpedonite\n|move|p2a: Sharpedo|Close Combat|p1a: Slowking\n|-supereffective|p1a: Slowking\n|-damage|p1a: Slowking|0 fnt\n|-unboost|p2a: Sharpedo|def|1\n|-unboost|p2a: Sharpedo|spd|1\n|faint|p1a: Slowking\n|\n|-end|p2a: Sharpedo|move: Future Sight\n|-immune|p2a: Sharpedo\n|upkeep\n|\n|t:|1700717307\n|switch|p1a: Scizor|Scizor-Mega, F, shiny|100\/100 par\n|-damage|p1a: Scizor|88\/100 par|[from] Stealth Rock\n|turn|26\n|\n|t:|1700717346\n|move|p1a: Scizor|Bullet Punch|p2a: Sharpedo\n|-resisted|p2a: Sharpedo\n|-damage|p2a: Sharpedo|53\/100\n|move|p2a: Sharpedo|Crunch|p1a: Scizor\n|-damage|p1a: Scizor|42\/100 par\n|\n|upkeep\n|turn|27\n|\n|t:|1700717386\n|switch|p1a: Cinderace|Cinderace, F|47\/100\n|move|p2a: Sharpedo|Crunch|p1a: Cinderace\n|-damage|p1a: Cinderace|0 fnt\n|faint|p1a: Cinderace\n|\n|upkeep\n|\n|t:|1700717391\n|switch|p1a: Tornadus|Tornadus-Therian, M|100\/100\n|-damage|p1a: Tornadus|76\/100|[from] Stealth Rock\n|turn|28\n|l|\u2606LNewsom88\n|player|p2|\n|j|\u2606LNewsom88\n|player|p2|LNewsom88|266\n|\n|t:|1700717426\n|move|p2a: Sharpedo|Protect|p2a: Sharpedo\n|-singleturn|p2a: Sharpedo|Protect\n|move|p1a: Tornadus|Hurricane|p2a: Sharpedo\n|-activate|p2a: Sharpedo|move: Protect\n|\n|upkeep\n|turn|29\n|\n|t:|1700717437\n|move|p2a: Sharpedo|Crunch|p1a: Tornadus\n|-damage|p1a: Tornadus|0 fnt\n|faint|p1a: Tornadus\n|\n|upkeep\n|\n|t:|1700717441\n|switch|p1a: Kommo-o|Kommo-o, F|100\/100\n|-damage|p1a: Kommo-o|94\/100|[from] Stealth Rock\n|turn|30\n|\n|t:|1700717466\n|move|p2a: Sharpedo|Protect|p2a: Sharpedo\n|-singleturn|p2a: Sharpedo|Protect\n|move|p1a: Kommo-o|Drain Punch|p2a: Sharpedo\n|-activate|p2a: Sharpedo|move: Protect\n|\n|upkeep\n|turn|31\n|inactive|Battle timer is ON: inactive players will automatically lose when time's up. (requested by YuleDaMacaxeira)\n|\n|t:|1700717511\n|move|p2a: Sharpedo|Crunch|p1a: Kommo-o\n|-resisted|p1a: Kommo-o\n|-damage|p1a: Kommo-o|58\/100\n|move|p1a: Kommo-o|Clangorous Soul|p1a: Kommo-o\n|-boost|p1a: Kommo-o|atk|1\n|-boost|p1a: Kommo-o|def|1\n|-boost|p1a: Kommo-o|spa|1\n|-boost|p1a: Kommo-o|spd|1\n|-boost|p1a: Kommo-o|spe|1\n|-damage|p1a: Kommo-o|25\/100\n|-enditem|p1a: Kommo-o|Throat Spray\n|-boost|p1a: Kommo-o|spa|1|[from] item: Throat Spray\n|\n|upkeep\n|turn|32\n|\n|t:|1700717524\n|move|p2a: Sharpedo|Close Combat|p1a: Kommo-o\n|-damage|p1a: Kommo-o|0 fnt\n|-unboost|p2a: Sharpedo|def|1\n|-unboost|p2a: Sharpedo|spd|1\n|faint|p1a: Kommo-o\n|\n|upkeep\n|-message|YuleDaMacaxeira forfeited.\n|\n|win|LNewsom88\n|raw|YuleDaMacaxeira's rating: 1196 &rarr; <strong>1170<\/strong><br \/>(-26 for losing)\n|raw|LNewsom88's rating: 1187 &rarr; <strong>1213<\/strong><br \/>(+26 for winning)\n|l|\u2606YuleDaMacaxeira\n","uploadtime":1700717543,"views":12,"p1id":"yuledamacaxeira","p2id":"lnewsom88","formatid":"gen9nationaldex","rating":1170,"private":0,"password":""}