{"id":"gen9nationaldex-1994168098","p1":"mimitox","p2":"IceBerryCoffee","format":"[Gen 9] National Dex","log":"|j|\u2606mimitox\n|j|\u2606IceBerryCoffee\n|t:|1700414727\n|gametype|singles\n|player|p1|mimitox|hilbert|1207\n|player|p2|IceBerryCoffee|2|1236\n|teamsize|p1|6\n|teamsize|p2|6\n|gen|9\n|tier|[Gen 9] National Dex\n|rated|\n|rule|HP Percentage Mod: HP is shown in percentages\n|rule|Endless Battle Clause: Forcing endless battles is banned\n|rule|OHKO Clause: OHKO moves are banned\n|rule|Evasion Clause: Evasion abilities, items, and moves are banned\n|rule|Evasion Abilities Clause: Evasion abilities are banned\n|rule|Evasion Items Clause: Evasion items are banned\n|rule|Evasion Moves Clause: Evasion moves are banned\n|rule|Species Clause: Limit one of each Pok\u00e9mon\n|rule|Sleep Clause Mod: Limit one foe put to sleep\n|clearpoke\n|poke|p1|Lurantis, M|\n|poke|p1|Inteleon, F|\n|poke|p1|Blaziken, F|\n|poke|p1|Landorus-Therian, M|\n|poke|p1|Tinkaton, F|\n|poke|p1|Morpeko, F|\n|poke|p2|Torkoal, F|\n|poke|p2|Buzzwole|\n|poke|p2|Kartana|\n|poke|p2|Blacephalon|\n|poke|p2|Lopunny, M|\n|poke|p2|Krookodile, M|\n|teampreview\n|inactive|Battle timer is ON: inactive players will automatically lose when time's up. (requested by IceBerryCoffee)\n|\n|t:|1700414741\n|start\n|switch|p1a: Landorus|Landorus-Therian, M|100\/100\n|switch|p2a: Torkoal|Torkoal, F|100\/100\n|-ability|p1a: Landorus|Intimidate|boost\n|-unboost|p2a: Torkoal|atk|1\n|-enditem|p2a: Torkoal|Eject Pack\n|\n|t:|1700414753\n|switch|p2a: Lopunny|Lopunny, M|100\/100\n|turn|1\n|\n|t:|1700414766\n|detailschange|p2a: Lopunny|Lopunny-Mega, M\n|-mega|p2a: Lopunny|Lopunny|Lopunnite\n|move|p2a: Lopunny|Triple Axel|p1a: Landorus\n|-supereffective|p1a: Landorus\n|-damage|p1a: Landorus|65\/100\n|-damage|p2a: Lopunny|84\/100|[from] item: Rocky Helmet|[of] p1a: Landorus\n|-supereffective|p1a: Landorus\n|-damage|p1a: Landorus|0 fnt\n|-damage|p2a: Lopunny|67\/100|[from] item: Rocky Helmet|[of] p1a: Landorus\n|faint|p1a: Landorus\n|-hitcount|p1: Landorus|2\n|\n|upkeep\n|\n|t:|1700414775\n|switch|p1a: Blaziken|Blaziken, F|100\/100\n|turn|2\n|\n|t:|1700414779\n|switch|p2a: Torkoal|Torkoal, F|100\/100\n|-weather|SunnyDay|[from] ability: Drought|[of] p2a: Torkoal\n|move|p1a: Blaziken|Close Combat|p2a: Torkoal\n|-damage|p2a: Torkoal|49\/100\n|-unboost|p1a: Blaziken|def|1\n|-unboost|p1a: Blaziken|spd|1\n|\n|-weather|SunnyDay|[upkeep]\n|-ability|p1a: Blaziken|Speed Boost|boost\n|-boost|p1a: Blaziken|spe|1\n|upkeep\n|turn|3\n|\n|t:|1700414791\n|move|p1a: Blaziken|Earthquake|p2a: Torkoal\n|-supereffective|p2a: Torkoal\n|-crit|p2a: Torkoal\n|-damage|p2a: Torkoal|0 fnt\n|faint|p2a: Torkoal\n|\n|-weather|SunnyDay|[upkeep]\n|-ability|p1a: Blaziken|Speed Boost|boost\n|-boost|p1a: Blaziken|spe|1\n|upkeep\n|\n|t:|1700414798\n|switch|p2a: Krookodile|Krookodile, M|100\/100\n|turn|4\n|\n|t:|1700414803\n|-terastallize|p2a: Krookodile|Ground\n|move|p1a: Blaziken|Close Combat|p2a: Krookodile\n|-damage|p2a: Krookodile|14\/100\n|-unboost|p1a: Blaziken|def|1\n|-unboost|p1a: Blaziken|spd|1\n|move|p2a: Krookodile|Earthquake|p1a: Blaziken\n|-supereffective|p1a: Blaziken\n|-crit|p1a: Blaziken\n|-damage|p1a: Blaziken|0 fnt\n|faint|p1a: Blaziken\n|-ability|p2a: Krookodile|Moxie|boost\n|-boost|p2a: Krookodile|atk|1\n|\n|-weather|SunnyDay|[upkeep]\n|upkeep\n|\n|t:|1700414809\n|switch|p1a: Inteleon|Inteleon, F|100\/100\n|turn|5\n|\n|t:|1700414817\n|move|p2a: Krookodile|Earthquake|p1a: Inteleon\n|-damage|p1a: Inteleon|0 fnt\n|faint|p1a: Inteleon\n|-ability|p2a: Krookodile|Moxie|boost\n|-boost|p2a: Krookodile|atk|1\n|\n|-weather|SunnyDay|[upkeep]\n|upkeep\n|\n|t:|1700414824\n|switch|p1a: Lurantis|Lurantis, M|100\/100\n|turn|6\n|\n|t:|1700414828\n|move|p2a: Krookodile|Earthquake|p1a: Lurantis\n|-resisted|p1a: Lurantis\n|-damage|p1a: Lurantis|17\/100\n|move|p1a: Lurantis|Superpower|p2a: Krookodile\n|-damage|p2a: Krookodile|0 fnt\n|-boost|p1a: Lurantis|atk|1\n|-boost|p1a: Lurantis|def|1\n|faint|p2a: Krookodile\n|-damage|p1a: Lurantis|7\/100|[from] item: Life Orb\n|\n|-weather|none\n|upkeep\n|\n|t:|1700414845\n|switch|p2a: Buzzwole|Buzzwole|100\/100\n|turn|7\n|\n|t:|1700414849\n|move|p2a: Buzzwole|Earthquake|p1a: Lurantis\n|-resisted|p1a: Lurantis\n|-damage|p1a: Lurantis|0 fnt\n|faint|p1a: Lurantis\n|-ability|p2a: Buzzwole|Beast Boost|boost\n|-boost|p2a: Buzzwole|atk|1\n|\n|upkeep\n|\n|t:|1700414857\n|switch|p1a: Morpeko|Morpeko, F|100\/100\n|turn|8\n|\n|t:|1700414860\n|move|p2a: Buzzwole|Earthquake|p1a: Morpeko\n|-supereffective|p1a: Morpeko\n|-damage|p1a: Morpeko|0 fnt\n|faint|p1a: Morpeko\n|-ability|p2a: Buzzwole|Beast Boost|boost\n|-boost|p2a: Buzzwole|atk|1\n|\n|upkeep\n|\n|t:|1700414863\n|switch|p1a: Tinkaton|Tinkaton, F|100\/100\n|-ability|p1a: Tinkaton|Mold Breaker\n|turn|9\n|\n|t:|1700414869\n|-terastallize|p1a: Tinkaton|Fairy\n|move|p2a: Buzzwole|Earthquake|p1a: Tinkaton\n|-damage|p1a: Tinkaton|0 fnt\n|faint|p1a: Tinkaton\n|\n|win|IceBerryCoffee\n|raw|mimitox's rating: 1187 &rarr; <strong>1166<\/strong><br \/>(-21 for losing)\n|raw|IceBerryCoffee's rating: 1236 &rarr; <strong>1257<\/strong><br \/>(+21 for winning)\n|l|\u2606mimitox\n","uploadtime":1700414876,"views":5,"p1id":"mimitox","p2id":"iceberrycoffee","formatid":"gen9nationaldex","rating":1166,"private":0,"password":""}