{"id":"gen9nationaldex-1988635922","p1":"larsonshark","p2":"IamTheNewBROKEN","format":"[Gen 9] National Dex","log":"|j|\u2606larsonshark\n|j|\u2606IamTheNewBROKEN\n|t:|1699744591\n|gametype|singles\n|player|p1|larsonshark|caitlin|1381\n|player|p2|IamTheNewBROKEN|clair|1311\n|teamsize|p1|6\n|teamsize|p2|6\n|gen|9\n|tier|[Gen 9] National Dex\n|rated|\n|rule|HP Percentage Mod: HP is shown in percentages\n|rule|Endless Battle Clause: Forcing endless battles is banned\n|rule|OHKO Clause: OHKO moves are banned\n|rule|Evasion Clause: Evasion abilities, items, and moves are banned\n|rule|Evasion Abilities Clause: Evasion abilities are banned\n|rule|Evasion Items Clause: Evasion items are banned\n|rule|Evasion Moves Clause: Evasion moves are banned\n|rule|Species Clause: Limit one of each Pok\u00e9mon\n|rule|Sleep Clause Mod: Limit one foe put to sleep\n|clearpoke\n|poke|p1|Typhlosion, F|\n|poke|p1|Corsola-Galar, M|\n|poke|p1|Samurott-Hisui, M|\n|poke|p1|Zamazenta-*|\n|poke|p1|Zapdos|\n|poke|p1|Mawile, F|\n|poke|p2|Latias, F|\n|poke|p2|Excadrill, M|\n|poke|p2|Mew|\n|poke|p2|Rotom-Wash|\n|poke|p2|Victini|\n|poke|p2|Rillaboom, F|\n|teampreview\n|inactive|Battle timer is ON: inactive players will automatically lose when time's up. (requested by larsonshark)\n|\n|t:|1699744619\n|start\n|switch|p1a: Hubris|Samurott-Hisui, M|100\/100\n|switch|p2a: Mew|Mew|100\/100\n|turn|1\n|\n|t:|1699744624\n|move|p2a: Mew|Aurora Veil||[still]\n|-fail|p2a: Mew\n|move|p1a: Hubris|Ceaseless Edge|p2a: Mew\n|-supereffective|p2a: Mew\n|-damage|p2a: Mew|35\/100\n|-sidestart|p2: IamTheNewBROKEN|Spikes\n|\n|-heal|p2a: Mew|41\/100|[from] item: Leftovers\n|upkeep\n|turn|2\n|\n|t:|1699744632\n|move|p2a: Mew|Stealth Rock|p1a: Hubris\n|-sidestart|p1: larsonshark|move: Stealth Rock\n|move|p1a: Hubris|Ceaseless Edge|p2a: Mew\n|-supereffective|p2a: Mew\n|-damage|p2a: Mew|0 fnt\n|-sidestart|p2: IamTheNewBROKEN|Spikes\n|faint|p2a: Mew\n|\n|upkeep\n|\n|t:|1699744647\n|switch|p2a: Excadrill|Excadrill, M|100\/100\n|-damage|p2a: Excadrill|84\/100|[from] Spikes\n|-ability|p2a: Excadrill|Mold Breaker\n|turn|3\n|\n|t:|1699744651\n|move|p2a: Excadrill|Rapid Spin|p1a: Hubris\n|-damage|p1a: Hubris|84\/100\n|-boost|p2a: Excadrill|spe|1\n|-sideend|p2: IamTheNewBROKEN|Spikes|[from] move: Rapid Spin|[of] p2a: Excadrill\n|move|p1a: Hubris|Razor Shell|p2a: Excadrill\n|-supereffective|p2a: Excadrill\n|-damage|p2a: Excadrill|0 fnt\n|faint|p2a: Excadrill\n|\n|upkeep\n|\n|t:|1699744660\n|switch|p2a: Rillaboom|Rillaboom, F|100\/100\n|-fieldstart|move: Grassy Terrain|[from] ability: Grassy Surge|[of] p2a: Rillaboom\n|turn|4\n|c|\u2606larsonshark|excessive pride or self-confidence\n|\n|t:|1699744676\n|switch|p1a: Greed|Zapdos|100\/100\n|move|p2a: Rillaboom|Fake Out|p1a: Greed\n|-damage|p1a: Greed|83\/100\n|\n|upkeep\n|turn|5\n|\n|t:|1699744686\n|switch|p2a: Victini|Victini|100\/100\n|move|p1a: Greed|Defog|p2a: Victini\n|-unboost|p2a: Victini|evasion|1\n|-sideend|p1: larsonshark|Stealth Rock|[from] move: Defog|[of] p1a: Greed\n|-fieldend|move: Grassy Terrain\n|\n|upkeep\n|turn|6\n|\n|t:|1699744699\n|switch|p1a: Anger|Typhlosion, F|100\/100\n|move|p2a: Victini|V-create|p1a: Anger\n|-start|p1a: Anger|ability: Flash Fire\n|\n|upkeep\n|turn|7\n|\n|t:|1699744712\n|switch|p2a: Rotom|Rotom-Wash|100\/100\n|-terastallize|p1a: Anger|Fire\n|move|p1a: Anger|Eruption|p2a: Rotom\n|-resisted|p2a: Rotom\n|-damage|p2a: Rotom|21\/100\n|\n|-heal|p2a: Rotom|27\/100|[from] item: Leftovers\n|upkeep\n|turn|8\n|\n|t:|1699744725\n|move|p1a: Anger|Eruption|p2a: Rotom\n|-resisted|p2a: Rotom\n|-damage|p2a: Rotom|0 fnt\n|faint|p2a: Rotom\n|\n|upkeep\n|\n|t:|1699744732\n|switch|p2a: Latias|Latias, F|100\/100\n|turn|9\n|\n|t:|1699744744\n|-end|p1a: Anger|ability: Flash Fire|[silent]\n|switch|p1a: Envy|Zamazenta|100\/100\n|-ability|p1a: Envy|Dauntless Shield|boost\n|-boost|p1a: Envy|def|1\n|detailschange|p2a: Latias|Latias-Mega, F\n|-mega|p2a: Latias|Latias|Latiasite\n|move|p2a: Latias|Calm Mind|p2a: Latias\n|-boost|p2a: Latias|spa|1\n|-boost|p2a: Latias|spd|1\n|\n|upkeep\n|turn|10\n|\n|t:|1699744762\n|move|p1a: Envy|Play Rough|p2a: Latias\n|-supereffective|p2a: Latias\n|-damage|p2a: Latias|52\/100\n|move|p2a: Latias|Psyshock|p1a: Envy\n|-supereffective|p1a: Envy\n|-damage|p1a: Envy|29\/100\n|\n|upkeep\n|turn|11\n|\n|t:|1699744771\n|move|p1a: Envy|Play Rough|p2a: Latias\n|-supereffective|p2a: Latias\n|-crit|p2a: Latias\n|-damage|p2a: Latias|0 fnt\n|faint|p2a: Latias\n|\n|upkeep\n|\n|t:|1699744775\n|switch|p2a: Victini|Victini|100\/100\n|turn|12\n|-message|IamTheNewBROKEN forfeited.\n|\n|win|larsonshark\n|raw|larsonshark's rating: 1381 &rarr; <strong>1397<\/strong><br \/>(+16 for winning)\n|raw|IamTheNewBROKEN's rating: 1311 &rarr; <strong>1295<\/strong><br \/>(-16 for losing)\n|l|\u2606IamTheNewBROKEN\n|c|\u2606larsonshark|crit mattered sry m8\n","uploadtime":1699744787,"views":13,"p1id":"larsonshark","p2id":"iamthenewbroken","formatid":"gen9nationaldex","rating":1295,"private":0,"password":""}