{"id":"gen9nationaldex-1995860361","p1":"JerimiahOrvin","p2":"mr Deuzp","format":"[Gen 9] National Dex","log":"|html|<div class=\"broadcast-blue\"><strong>[Gen 9] National Dex is currently suspecting Sneasler! For information on how to participate check out the <a href=\"https:\/\/www.smogon.com\/forums\/threads\/sv-national-dex-suspect-8-just-dance.3731534\/\">suspect thread<\/a>.<\/strong><\/div>\n|j|\u2606JerimiahOrvin\n|j|\u2606mr Deuzp\n|t:|1700610637\n|gametype|singles\n|player|p1|JerimiahOrvin|2|1089\n|player|p2|mr Deuzp|shadowtriad|1128\n|teamsize|p1|6\n|teamsize|p2|6\n|gen|9\n|tier|[Gen 9] National Dex\n|rated|\n|rule|HP Percentage Mod: HP is shown in percentages\n|rule|Endless Battle Clause: Forcing endless battles is banned\n|rule|OHKO Clause: OHKO moves are banned\n|rule|Evasion Clause: Evasion abilities, items, and moves are banned\n|rule|Evasion Abilities Clause: Evasion abilities are banned\n|rule|Evasion Items Clause: Evasion items are banned\n|rule|Evasion Moves Clause: Evasion moves are banned\n|rule|Species Clause: Limit one of each Pok\u00e9mon\n|rule|Sleep Clause Mod: Limit one foe put to sleep\n|clearpoke\n|poke|p1|Gengar, F|\n|poke|p1|Gardevoir, F|\n|poke|p1|Noivern, F|\n|poke|p1|Arcanine-Hisui, M|\n|poke|p1|Pelipper, F|\n|poke|p1|Lucario, F|\n|poke|p2|Beedrill, M|\n|poke|p2|Goodra-Hisui, F|\n|poke|p2|Glimmora, F|\n|poke|p2|Rillaboom, M|\n|poke|p2|Skeledirge, M|\n|poke|p2|Landorus-Therian, M|\n|teampreview\n|\n|t:|1700610643\n|start\n|switch|p1a: Noivern|Noivern, F|100\/100\n|switch|p2a: Glimmora|Glimmora, F, shiny|100\/100\n|turn|1\n|\n|t:|1700610647\n|move|p1a: Noivern|Switcheroo|p2a: Glimmora\n|-activate|p1a: Noivern|move: Trick|[of] p2a: Glimmora\n|-item|p2a: Glimmora|Choice Scarf|[from] move: Switcheroo\n|-item|p1a: Noivern|Leftovers|[from] move: Switcheroo\n|move|p2a: Glimmora|Stealth Rock|p1a: Noivern\n|-sidestart|p1: JerimiahOrvin|move: Stealth Rock\n|\n|upkeep\n|turn|2\n|\n|t:|1700610658\n|switch|p2a: Rillaboom|Rillaboom, M, shiny|100\/100\n|-fieldstart|move: Grassy Terrain|[from] ability: Grassy Surge|[of] p2a: Rillaboom\n|-enditem|p2a: Rillaboom|Grassy Seed\n|-boost|p2a: Rillaboom|def|1|[from] item: Grassy Seed\n|move|p1a: Noivern|Dragon Dance|p1a: Noivern\n|-boost|p1a: Noivern|atk|1\n|-boost|p1a: Noivern|spe|1\n|\n|upkeep\n|turn|3\n|\n|t:|1700610673\n|move|p2a: Rillaboom|Fake Out|p1a: Noivern\n|-damage|p1a: Noivern|80\/100\n|cant|p1a: Noivern|flinch\n|\n|-heal|p1a: Noivern|86\/100|[from] item: Leftovers\n|upkeep\n|turn|4\n|\n|t:|1700610678\n|move|p1a: Noivern|Leech Life|p2a: Rillaboom\n|-supereffective|p2a: Rillaboom\n|-damage|p2a: Rillaboom|69\/100\n|-heal|p1a: Noivern|100\/100|[from] drain|[of] p2a: Rillaboom\n|move|p2a: Rillaboom|Acrobatics|p1a: Noivern\n|-damage|p1a: Noivern|48\/100\n|\n|-heal|p1a: Noivern|55\/100|[from] item: Leftovers\n|-heal|p2a: Rillaboom|75\/100|[from] Grassy Terrain\n|upkeep\n|turn|5\n|\n|t:|1700610689\n|move|p2a: Rillaboom|Grassy Glide|p1a: Noivern\n|-resisted|p1a: Noivern\n|-damage|p1a: Noivern|40\/100\n|move|p1a: Noivern|Leech Life|p2a: Rillaboom\n|-supereffective|p2a: Rillaboom\n|-damage|p2a: Rillaboom|47\/100\n|-heal|p1a: Noivern|56\/100|[from] drain|[of] p2a: Rillaboom\n|\n|-heal|p1a: Noivern|62\/100|[from] item: Leftovers\n|-heal|p2a: Rillaboom|53\/100|[from] Grassy Terrain\n|upkeep\n|turn|6\n|\n|t:|1700610702\n|move|p1a: Noivern|Leech Life|p2a: Rillaboom\n|-supereffective|p2a: Rillaboom\n|-damage|p2a: Rillaboom|21\/100\n|-heal|p1a: Noivern|79\/100|[from] drain|[of] p2a: Rillaboom\n|move|p2a: Rillaboom|Acrobatics|p1a: Noivern\n|-damage|p1a: Noivern|20\/100\n|\n|-heal|p1a: Noivern|26\/100|[from] item: Leftovers\n|-heal|p2a: Rillaboom|27\/100|[from] Grassy Terrain\n|-fieldend|move: Grassy Terrain\n|upkeep\n|turn|7\n|\n|t:|1700610715\n|switch|p2a: Goodra|Goodra-Hisui, F, shiny|100\/100\n|move|p1a: Noivern|Draco Meteor|p2a: Goodra\n|-damage|p2a: Goodra|76\/100\n|-unboost|p1a: Noivern|spa|2\n|\n|-heal|p1a: Noivern|32\/100|[from] item: Leftovers\n|upkeep\n|turn|8\n|\n|t:|1700610723\n|switch|p1a: Gengar|Gengar, F|100\/100\n|-damage|p1a: Gengar|88\/100|[from] Stealth Rock\n|move|p2a: Goodra|Ice Beam|p1a: Gengar\n|-damage|p1a: Gengar|47\/100\n|\n|-heal|p1a: Gengar|53\/100|[from] item: Black Sludge\n|upkeep\n|turn|9\n|\n|t:|1700610730\n|move|p1a: Gengar|Curse|p2a: Goodra\n|-start|p2a: Goodra|Curse|[of] p1a: Gengar\n|-damage|p1a: Gengar|3\/100\n|move|p2a: Goodra|Draco Meteor|p1a: Gengar\n|-damage|p1a: Gengar|0 fnt\n|-unboost|p2a: Goodra|spa|2\n|-start|p2a: Goodra|Disable|Draco Meteor|[from] ability: Cursed Body|[of] p1a: Gengar\n|faint|p1a: Gengar\n|\n|-damage|p2a: Goodra|51\/100|[from] Curse\n|upkeep\n|\n|t:|1700610745\n|switch|p1a: Pelipper|Pelipper, F|100\/100\n|-damage|p1a: Pelipper|76\/100|[from] Stealth Rock\n|-weather|RainDance|[from] ability: Drizzle|[of] p1a: Pelipper\n|turn|10\n|\n|t:|1700610748\n|switch|p2a: Rillaboom|Rillaboom, M, shiny|27\/100\n|-fieldstart|move: Grassy Terrain|[from] ability: Grassy Surge|[of] p2a: Rillaboom\n|move|p1a: Pelipper|Defog|p2a: Rillaboom\n|-unboost|p2a: Rillaboom|evasion|1\n|-sideend|p1: JerimiahOrvin|Stealth Rock|[from] move: Defog|[of] p1a: Pelipper\n|-fieldend|move: Grassy Terrain\n|\n|-weather|RainDance|[upkeep]\n|upkeep\n|turn|11\n|\n|t:|1700610759\n|move|p2a: Rillaboom|Fake Out|p1a: Pelipper\n|-damage|p1a: Pelipper|65\/100\n|cant|p1a: Pelipper|flinch\n|\n|-weather|RainDance|[upkeep]\n|upkeep\n|turn|12\n|\n|t:|1700610767\n|switch|p2a: Goodra|Goodra-Hisui, F, shiny|51\/100\n|switch|p1a: Arcanine|Arcanine-Hisui, M|100\/100\n|\n|-weather|RainDance|[upkeep]\n|upkeep\n|turn|13\n|\n|t:|1700610778\n|-terastallize|p1a: Arcanine|Ghost\n|move|p1a: Arcanine|Tera Blast|p2a: Goodra|[anim] Tera Blast Ghost\n|-damage|p2a: Goodra|6\/100\n|move|p2a: Goodra|Flash Cannon|p1a: Arcanine\n|-damage|p1a: Arcanine|48\/100\n|\n|-weather|RainDance|[upkeep]\n|upkeep\n|turn|14\n|\n|t:|1700610789\n|switch|p2a: Glimmora|Glimmora, F, shiny|100\/100\n|move|p1a: Arcanine|Head Smash|p2a: Glimmora\n|-damage|p2a: Glimmora|53\/100\n|-activate|p2a: Glimmora|ability: Toxic Debris\n|-sidestart|p1: JerimiahOrvin|move: Toxic Spikes\n|\n|-weather|RainDance|[upkeep]\n|upkeep\n|turn|15\n|\n|t:|1700610795\n|move|p2a: Glimmora|Mortal Spin|p1a: Arcanine\n|-resisted|p1a: Arcanine\n|-damage|p1a: Arcanine|43\/100\n|-status|p1a: Arcanine|psn\n|move|p1a: Arcanine|Tera Blast|p2a: Glimmora|[anim] Tera Blast Ghost\n|-damage|p2a: Glimmora|18\/100\n|-activate|p2a: Glimmora|ability: Toxic Debris\n|-sidestart|p1: JerimiahOrvin|move: Toxic Spikes\n|\n|-weather|RainDance|[upkeep]\n|-damage|p1a: Arcanine|30\/100 psn|[from] psn\n|upkeep\n|turn|16\n|\n|t:|1700610813\n|move|p2a: Glimmora|Mortal Spin|p1a: Arcanine\n|-resisted|p1a: Arcanine\n|-damage|p1a: Arcanine|26\/100 psn\n|move|p1a: Arcanine|Head Smash|p2a: Glimmora\n|-damage|p2a: Glimmora|0 fnt\n|faint|p2a: Glimmora\n|\n|-weather|RainDance|[upkeep]\n|-damage|p1a: Arcanine|14\/100 psn|[from] psn\n|upkeep\n|\n|t:|1700610819\n|switch|p2a: Beedrill|Beedrill, M, shiny|100\/100\n|turn|17\n|\n|t:|1700610826\n|detailschange|p2a: Beedrill|Beedrill-Mega, M, shiny\n|-mega|p2a: Beedrill|Beedrill|Beedrillite\n|move|p2a: Beedrill|Fell Stinger|p1a: Arcanine\n|-resisted|p1a: Arcanine\n|-damage|p1a: Arcanine|0 fnt\n|faint|p1a: Arcanine\n|-boost|p2a: Beedrill|atk|3\n|\n|-weather|none\n|upkeep\n|\n|t:|1700610828\n|switch|p1a: Pelipper|Pelipper, F|65\/100\n|-weather|RainDance|[from] ability: Drizzle|[of] p1a: Pelipper\n|turn|18\n|\n|t:|1700610839\n|move|p2a: Beedrill|Poison Jab|p1a: Pelipper\n|-damage|p1a: Pelipper|0 fnt\n|faint|p1a: Pelipper\n|\n|-weather|RainDance|[upkeep]\n|upkeep\n|\n|t:|1700610844\n|switch|p1a: Noivern|Noivern, F|32\/100\n|turn|19\n|\n|t:|1700610848\n|move|p2a: Beedrill|Knock Off|p1a: Noivern\n|-damage|p1a: Noivern|0 fnt\n|-enditem|p1a: Noivern|Leftovers|[from] move: Knock Off|[of] p2a: Beedrill\n|faint|p1a: Noivern\n|\n|-weather|RainDance|[upkeep]\n|upkeep\n|\n|t:|1700610851\n|switch|p1a: Gardevoir|Gardevoir, F|100\/100\n|-status|p1a: Gardevoir|tox\n|-ability|p1a: Gardevoir|Adaptability|[from] ability: Trace|[of] p2a: Beedrill\n|turn|20\n|\n|t:|1700610856\n|detailschange|p1a: Gardevoir|Gardevoir-Mega, F\n|-mega|p1a: Gardevoir|Gardevoir|Gardevoirite\n|move|p2a: Beedrill|Poison Jab|p1a: Gardevoir\n|-supereffective|p1a: Gardevoir\n|-damage|p1a: Gardevoir|0 fnt\n|faint|p1a: Gardevoir\n|\n|-weather|RainDance|[upkeep]\n|upkeep\n|\n|t:|1700610858\n|switch|p1a: Lucario|Lucario, F|100\/100\n|turn|21\n|\n|t:|1700610867\n|move|p2a: Beedrill|Drill Run|p1a: Lucario\n|-supereffective|p1a: Lucario\n|-crit|p1a: Lucario\n|-damage|p1a: Lucario|0 fnt\n|faint|p1a: Lucario\n|\n|win|mr Deuzp\n|raw|JerimiahOrvin's rating: 1089 &rarr; <strong>1068<\/strong><br \/>(-21 for losing)\n|raw|mr Deuzp's rating: 1128 &rarr; <strong>1150<\/strong><br \/>(+22 for winning)\n|l|\u2606JerimiahOrvin\n","uploadtime":1700610874,"views":2,"p1id":"jerimiahorvin","p2id":"mrdeuzp","formatid":"gen9nationaldex","rating":1068,"private":0,"password":""}