{"id":"gen9nationaldex-1990269413","p1":"kitmash","p2":"shaoddong","format":"[Gen 9] National Dex","log":"|j|\u2606kitmash\n|j|\u2606shaoddong\n|t:|1699948040\n|gametype|singles\n|player|p1|kitmash|2|1619\n|player|p2|shaoddong|dawn|1658\n|teamsize|p1|6\n|teamsize|p2|6\n|gen|9\n|tier|[Gen 9] National Dex\n|rated|\n|rule|HP Percentage Mod: HP is shown in percentages\n|rule|Endless Battle Clause: Forcing endless battles is banned\n|rule|OHKO Clause: OHKO moves are banned\n|rule|Evasion Clause: Evasion abilities, items, and moves are banned\n|rule|Evasion Abilities Clause: Evasion abilities are banned\n|rule|Evasion Items Clause: Evasion items are banned\n|rule|Evasion Moves Clause: Evasion moves are banned\n|rule|Species Clause: Limit one of each Pok\u00e9mon\n|rule|Sleep Clause Mod: Limit one foe put to sleep\n|clearpoke\n|poke|p1|Wo-Chien|\n|poke|p1|Weezing-Galar, F|\n|poke|p1|Alomomola, F|\n|poke|p1|Bellibolt, F|\n|poke|p1|Kleavor, F|\n|poke|p1|Tapu Koko|\n|poke|p2|Venusaur, M|\n|poke|p2|Empoleon, F|\n|poke|p2|Garganacl, M|\n|poke|p2|Ogerpon-Wellspring, F|\n|poke|p2|Gliscor, F|\n|poke|p2|Great Tusk|\n|teampreview\n|inactive|Battle timer is ON: inactive players will automatically lose when time's up. (requested by shaoddong)\n|\n|t:|1699948062\n|start\n|switch|p1a: Kleavor|Kleavor, F|100\/100\n|switch|p2a: Venusaur|Venusaur, M, shiny|100\/100\n|turn|1\n|\n|t:|1699948079\n|switch|p2a: Garganacl|Garganacl, M|100\/100\n|move|p1a: Kleavor|Psycho Cut|p2a: Garganacl\n|-damage|p2a: Garganacl|69\/100\n|\n|-heal|p2a: Garganacl|75\/100|[from] item: Leftovers\n|upkeep\n|turn|2\n|\n|t:|1699948088\n|switch|p1a: Wo-Chien|Wo-Chien|100\/100\n|-ability|p1a: Wo-Chien|Tablets of Ruin\n|move|p2a: Garganacl|Stealth Rock|p1a: Wo-Chien\n|-sidestart|p1: kitmash|move: Stealth Rock\n|\n|-heal|p2a: Garganacl|81\/100|[from] item: Leftovers\n|upkeep\n|turn|3\n|\n|t:|1699948097\n|switch|p2a: Venusaur|Venusaur, M, shiny|100\/100\n|move|p1a: Wo-Chien|Ruination|p2a: Venusaur\n|-damage|p2a: Venusaur|50\/100\n|\n|upkeep\n|turn|4\n|\n|t:|1699948107\n|switch|p1a: Bellibolt|Bellibolt, F|100\/100\n|-damage|p1a: Bellibolt|88\/100|[from] Stealth Rock\n|detailschange|p2a: Venusaur|Venusaur-Mega, M, shiny\n|-mega|p2a: Venusaur|Venusaur|Venusaurite\n|move|p2a: Venusaur|Sludge Bomb|p1a: Bellibolt\n|-damage|p1a: Bellibolt|54\/100\n|-start|p1a: Bellibolt|Charge|Sludge Bomb|[from] ability: Electromorphosis\n|\n|upkeep\n|turn|5\n|inactive|shaoddong has 120 seconds left.\n|\n|t:|1699948142\n|move|p2a: Venusaur|Earth Power|p1a: Bellibolt\n|-supereffective|p1a: Bellibolt\n|-damage|p1a: Bellibolt|12\/100\n|-start|p1a: Bellibolt|Charge|Earth Power|[from] ability: Electromorphosis\n|move|p1a: Bellibolt|Slack Off|p1a: Bellibolt\n|-heal|p1a: Bellibolt|62\/100\n|\n|upkeep\n|turn|6\n|inactive|shaoddong has 120 seconds left.\n|j| xsk123\n|\n|t:|1699948158\n|move|p2a: Venusaur|Synthesis|p2a: Venusaur\n|-heal|p2a: Venusaur|100\/100\n|move|p1a: Bellibolt|Slack Off|p1a: Bellibolt\n|-heal|p1a: Bellibolt|100\/100\n|\n|upkeep\n|turn|7\n|inactive|shaoddong has 120 seconds left.\n|\n|t:|1699948169\n|move|p2a: Venusaur|Earth Power|p1a: Bellibolt\n|-supereffective|p1a: Bellibolt\n|-damage|p1a: Bellibolt|60\/100\n|-unboost|p1a: Bellibolt|spd|1\n|-start|p1a: Bellibolt|Charge|Earth Power|[from] ability: Electromorphosis\n|move|p1a: Bellibolt|Volt Switch|p2a: Venusaur\n|-resisted|p2a: Venusaur\n|-damage|p2a: Venusaur|80\/100\n|-end|p1a: Bellibolt|Charge|[silent]\n|\n|t:|1699948187\n|switch|p1a: Kleavor|Kleavor, F|100\/100|[from] Volt Switch\n|-damage|p1a: Kleavor|76\/100|[from] Stealth Rock\n|\n|upkeep\n|turn|8\n|\n|t:|1699948194\n|switch|p2a: Garganacl|Garganacl, M|81\/100\n|move|p1a: Kleavor|Stone Axe|p2a: Garganacl\n|-crit|p2a: Garganacl\n|-damage|p2a: Garganacl|18\/100\n|-sidestart|p2: shaoddong|move: Stealth Rock\n|\n|-heal|p2a: Garganacl|24\/100|[from] item: Leftovers\n|upkeep\n|turn|9\n|\n|t:|1699948201\n|move|p1a: Kleavor|Stone Axe|p2a: Garganacl|[miss]\n|-miss|p1a: Kleavor|p2a: Garganacl\n|move|p2a: Garganacl|Recover|p2a: Garganacl\n|-heal|p2a: Garganacl|74\/100\n|\n|-heal|p2a: Garganacl|80\/100|[from] item: Leftovers\n|upkeep\n|turn|10\n|\n|t:|1699948213\n|switch|p1a: Weezing|Weezing-Galar, F|100\/100\n|-damage|p1a: Weezing|88\/100|[from] Stealth Rock\n|move|p2a: Garganacl|Salt Cure|p1a: Weezing\n|-damage|p1a: Weezing|78\/100\n|-start|p1a: Weezing|Salt Cure\n|\n|-heal|p1a: Weezing|84\/100|[from] item: Leftovers\n|-heal|p2a: Garganacl|86\/100|[from] item: Leftovers\n|-damage|p1a: Weezing|72\/100|[from] Salt Cure\n|upkeep\n|turn|11\n|\n|t:|1699948228\n|switch|p2a: Venusaur|Venusaur-Mega, M, shiny|80\/100\n|-damage|p2a: Venusaur|68\/100|[from] Stealth Rock\n|move|p1a: Weezing|Defog|p2a: Venusaur\n|-unboost|p2a: Venusaur|evasion|1\n|-sideend|p2: shaoddong|Stealth Rock|[from] move: Defog|[of] p1a: Weezing\n|-sideend|p1: kitmash|Stealth Rock|[from] move: Defog|[of] p1a: Weezing\n|\n|-heal|p1a: Weezing|78\/100|[from] item: Leftovers\n|-damage|p1a: Weezing|66\/100|[from] Salt Cure\n|upkeep\n|turn|12\n|\n|t:|1699948249\n|switch|p1a: Bellibolt|Bellibolt, F|60\/100\n|move|p2a: Venusaur|Synthesis|p2a: Venusaur\n|-heal|p2a: Venusaur|100\/100\n|\n|upkeep\n|turn|13\n|\n|t:|1699948256\n|move|p2a: Venusaur|Earth Power|p1a: Bellibolt\n|-supereffective|p1a: Bellibolt\n|-damage|p1a: Bellibolt|14\/100\n|-start|p1a: Bellibolt|Charge|Earth Power|[from] ability: Electromorphosis\n|move|p1a: Bellibolt|Slack Off|p1a: Bellibolt\n|-heal|p1a: Bellibolt|64\/100\n|\n|upkeep\n|turn|14\n|\n|t:|1699948272\n|move|p2a: Venusaur|Earth Power|p1a: Bellibolt\n|-supereffective|p1a: Bellibolt\n|-damage|p1a: Bellibolt|23\/100\n|-start|p1a: Bellibolt|Charge|Earth Power|[from] ability: Electromorphosis\n|move|p1a: Bellibolt|Volt Switch|p2a: Venusaur\n|-resisted|p2a: Venusaur\n|-damage|p2a: Venusaur|79\/100\n|-end|p1a: Bellibolt|Charge|[silent]\n|\n|t:|1699948280\n|switch|p1a: Kleavor|Kleavor, F|76\/100|[from] Volt Switch\n|\n|upkeep\n|turn|15\n|\n|t:|1699948293\n|switch|p2a: Gliscor|Gliscor, F, shiny|100\/100\n|move|p1a: Kleavor|X-Scissor|p2a: Gliscor\n|-resisted|p2a: Gliscor\n|-damage|p2a: Gliscor|69\/100\n|\n|-status|p2a: Gliscor|tox|[from] item: Toxic Orb\n|upkeep\n|turn|16\n|\n|t:|1699948304\n|switch|p1a: Alomomola|Alomomola, F|100\/100\n|move|p2a: Gliscor|Toxic|p1a: Alomomola\n|-status|p1a: Alomomola|tox\n|\n|-heal|p2a: Gliscor|82\/100 tox|[from] ability: Poison Heal\n|-damage|p1a: Alomomola|94\/100 tox|[from] psn\n|upkeep\n|turn|17\n|\n|t:|1699948314\n|move|p2a: Gliscor|Spikes|p1a: Alomomola\n|-sidestart|p1: kitmash|Spikes\n|move|p1a: Alomomola|Flip Turn|p2a: Gliscor\n|-supereffective|p2a: Gliscor\n|-damage|p2a: Gliscor|61\/100 tox\n|\n|t:|1699948332\n|switch|p1a: Tapu Koko|Tapu Koko|100\/100|[from] Flip Turn\n|-damage|p1a: Tapu Koko|88\/100|[from] Spikes\n|-fieldstart|move: Electric Terrain|[from] ability: Electric Surge|[of] p1a: Tapu Koko\n|\n|-heal|p2a: Gliscor|73\/100 tox|[from] ability: Poison Heal\n|upkeep\n|turn|18\n|\n|t:|1699948340\n|-terastallize|p1a: Tapu Koko|Fairy\n|move|p2a: Gliscor|Protect|p2a: Gliscor\n|-singleturn|p2a: Gliscor|Protect\n|move|p1a: Tapu Koko|Dazzling Gleam|p2a: Gliscor\n|-activate|p2a: Gliscor|move: Protect\n|\n|-heal|p2a: Gliscor|86\/100 tox|[from] ability: Poison Heal\n|upkeep\n|turn|19\n|\n|t:|1699948351\n|switch|p2a: Empoleon|Empoleon, F, shiny|100\/100\n|move|p1a: Tapu Koko|Dazzling Gleam|p2a: Empoleon\n|-resisted|p2a: Empoleon\n|-damage|p2a: Empoleon|79\/100\n|\n|-heal|p2a: Empoleon|85\/100|[from] item: Leftovers\n|upkeep\n|turn|20\n|\n|t:|1699948360\n|switch|p1a: Alomomola|Alomomola, F|100\/100 tox\n|move|p2a: Empoleon|Knock Off|p1a: Alomomola\n|-damage|p1a: Alomomola|90\/100 tox\n|-enditem|p1a: Alomomola|Heavy-Duty Boots|[from] move: Knock Off|[of] p2a: Empoleon\n|\n|-heal|p2a: Empoleon|91\/100|[from] item: Leftovers\n|-damage|p1a: Alomomola|84\/100 tox|[from] psn\n|upkeep\n|turn|21\n|\n|t:|1699948375\n|switch|p2a: Ogerpon|Ogerpon-Wellspring, F|100\/100\n|move|p1a: Alomomola|Flip Turn|p2a: Ogerpon\n|-immune|p2a: Ogerpon|[from] ability: Water Absorb\n|\n|-damage|p1a: Alomomola|71\/100 tox|[from] psn\n|-fieldend|move: Electric Terrain\n|upkeep\n|turn|22\n|\n|t:|1699948382\n|switch|p1a: Wo-Chien|Wo-Chien|100\/100\n|-damage|p1a: Wo-Chien|88\/100|[from] Spikes\n|-ability|p1a: Wo-Chien|Tablets of Ruin\n|move|p2a: Ogerpon|Taunt|p1a: Wo-Chien\n|-start|p1a: Wo-Chien|move: Taunt\n|\n|-heal|p1a: Wo-Chien|94\/100|[from] item: Leftovers\n|upkeep\n|turn|23\n|\n|t:|1699948396\n|switch|p2a: Venusaur|Venusaur-Mega, M, shiny|79\/100\n|move|p1a: Wo-Chien|Ruination|p2a: Venusaur|[miss]\n|-miss|p1a: Wo-Chien|p2a: Venusaur\n|\n|-heal|p1a: Wo-Chien|100\/100|[from] item: Leftovers\n|upkeep\n|turn|24\n|-message|kitmash forfeited.\n|\n|win|shaoddong\n|raw|kitmash's rating: 1619 &rarr; <strong>1601<\/strong><br \/>(-18 for losing)\n|raw|shaoddong's rating: 1658 &rarr; <strong>1676<\/strong><br \/>(+18 for winning)\n|l|\u2606kitmash\n","uploadtime":1699948419,"views":9,"p1id":"kitmash","p2id":"shaoddong","formatid":"gen9nationaldex","rating":1601,"private":0,"password":""}