{"id":"gen9nationaldex-1991651068","p1":"Gamer00ooO","p2":"Zera & Lucy","format":"[Gen 9] National Dex","log":"|j|\u2606Gamer00ooO\n|j|\u2606Zera & Lucy\n|t:|1700098549\n|gametype|singles\n|player|p1|Gamer00ooO|hilbert|1145\n|player|p2|Zera & Lucy|cynthia|1094\n|teamsize|p1|6\n|teamsize|p2|6\n|gen|9\n|tier|[Gen 9] National Dex\n|rated|\n|rule|HP Percentage Mod: HP is shown in percentages\n|rule|Endless Battle Clause: Forcing endless battles is banned\n|rule|OHKO Clause: OHKO moves are banned\n|rule|Evasion Clause: Evasion abilities, items, and moves are banned\n|rule|Evasion Abilities Clause: Evasion abilities are banned\n|rule|Evasion Items Clause: Evasion items are banned\n|rule|Evasion Moves Clause: Evasion moves are banned\n|rule|Species Clause: Limit one of each Pok\u00e9mon\n|rule|Sleep Clause Mod: Limit one foe put to sleep\n|clearpoke\n|poke|p1|Sneasler, F|\n|poke|p1|Gliscor, M|\n|poke|p1|Klefki, M|\n|poke|p1|Tapu Fini|\n|poke|p1|Greninja-*, M|\n|poke|p1|Venusaur, F|\n|poke|p2|Ambipom, F|\n|poke|p2|Zoroark-Hisui, M|\n|poke|p2|Cinccino, F|\n|poke|p2|Indeedee, M|\n|poke|p2|Cyclizar, M|\n|poke|p2|Grafaiai, F|\n|teampreview\n|inactive|Battle timer is ON: inactive players will automatically lose when time's up. (requested by Zera & Lucy)\n|\n|t:|1700098565\n|start\n|switch|p1a: Tapu Fini|Tapu Fini|100\/100\n|switch|p2a: Ambipom|Ambipom, F|100\/100\n|turn|1\n|\n|t:|1700098573\n|-terastallize|p2a: Ambipom|Normal\n|move|p2a: Ambipom|Fake Out|p1a: Tapu Fini\n|-damage|p1a: Tapu Fini|70\/100\n|cant|p1a: Tapu Fini|flinch\n|\n|upkeep\n|turn|2\n|\n|t:|1700098584\n|move|p2a: Ambipom|U-turn|p1a: Tapu Fini\n|-resisted|p1a: Tapu Fini\n|-damage|p1a: Tapu Fini|63\/100\n|\n|t:|1700098589\n|switch|p2a: Cinccino|Cinccino, F|100\/100|[from] U-turn\n|move|p1a: Tapu Fini|Nature's Madness|p2a: Cinccino\n|-damage|p2a: Cinccino|51\/100\n|\n|upkeep\n|turn|3\n|\n|t:|1700098598\n|move|p2a: Cinccino|Bullet Seed|p1a: Tapu Fini\n|-supereffective|p1a: Tapu Fini\n|-damage|p1a: Tapu Fini|49\/100\n|-supereffective|p1a: Tapu Fini\n|-damage|p1a: Tapu Fini|33\/100\n|-supereffective|p1a: Tapu Fini\n|-damage|p1a: Tapu Fini|19\/100\n|-supereffective|p1a: Tapu Fini\n|-damage|p1a: Tapu Fini|2\/100\n|-supereffective|p1a: Tapu Fini\n|-damage|p1a: Tapu Fini|0 fnt\n|faint|p1a: Tapu Fini\n|-hitcount|p1: Tapu Fini|5\n|\n|upkeep\n|\n|t:|1700098612\n|switch|p1a: Sneasler|Sneasler, F|100\/100\n|turn|4\n|\n|t:|1700098614\n|switch|p2a: Cyclizar|Cyclizar, M|100\/100\n|move|p1a: Sneasler|Fake Out|p2a: Cyclizar\n|-immune|p2a: Cyclizar\n|\n|upkeep\n|turn|5\n|\n|t:|1700098625\n|move|p1a: Sneasler|U-turn|p2a: Cyclizar\n|-resisted|p2a: Cyclizar\n|-damage|p2a: Cyclizar|74\/100\n|replace|p2a: Zoroark|Zoroark-Hisui, M\n|-end|p2a: Zoroark|Illusion\n|\n|t:|1700098641\n|switch|p1a: Llaveros|Klefki, M|100\/100|[from] U-turn\n|move|p2a: Zoroark|Extrasensory|p1a: Llaveros\n|-resisted|p1a: Llaveros\n|-damage|p1a: Llaveros|81\/100\n|\n|upkeep\n|turn|6\n|\n|t:|1700098653\n|switch|p2a: Cyclizar|Cyclizar, M|100\/100\n|move|p1a: Llaveros|Thunder Wave|p2a: Cyclizar\n|-status|p2a: Cyclizar|par\n|\n|upkeep\n|turn|7\n|\n|t:|1700098664\n|move|p1a: Llaveros|Light Screen|p1a: Llaveros\n|-sidestart|p1: Gamer00ooO|move: Light Screen\n|move|p2a: Cyclizar|Shift Gear|p2a: Cyclizar\n|-boost|p2a: Cyclizar|spe|2\n|-boost|p2a: Cyclizar|atk|1\n|\n|upkeep\n|turn|8\n|\n|t:|1700098675\n|move|p1a: Llaveros|Reflect|p1a: Llaveros\n|-sidestart|p1: Gamer00ooO|Reflect\n|move|p2a: Cyclizar|Shift Gear|p2a: Cyclizar\n|-boost|p2a: Cyclizar|spe|2\n|-boost|p2a: Cyclizar|atk|1\n|\n|upkeep\n|turn|9\n|\n|t:|1700098683\n|switch|p2a: Ambipom|Ambipom, F, tera:Normal|100\/100\n|switch|p1a: Greninja|Greninja, M|100\/100\n|\n|upkeep\n|turn|10\n|\n|t:|1700098698\n|move|p2a: Ambipom|Fake Out|p1a: Greninja\n|-damage|p1a: Greninja|66\/100\n|cant|p1a: Greninja|flinch\n|\n|upkeep\n|turn|11\n|\n|t:|1700098703\n|move|p1a: Greninja|Water Shuriken|p2a: Ambipom\n|-start|p1a: Greninja|typechange|Water|[from] ability: Protean\n|-damage|p2a: Ambipom|87\/100\n|-damage|p2a: Ambipom|73\/100\n|-hitcount|p2a: Ambipom|2\n|move|p2a: Ambipom|Brick Break|p1a: Greninja\n|-sideend|p1: Gamer00ooO|Reflect\n|-sideend|p1: Gamer00ooO|move: Light Screen\n|-damage|p1a: Greninja|30\/100\n|\n|upkeep\n|turn|12\n|\n|t:|1700098719\n|switch|p2a: Cyclizar|Cyclizar, M|100\/100 par\n|move|p1a: Greninja|Ice Beam|p2a: Cyclizar\n|-supereffective|p2a: Cyclizar\n|-damage|p2a: Cyclizar|18\/100 par\n|\n|upkeep\n|turn|13\n|\n|t:|1700098724\n|move|p2a: Cyclizar|Quick Attack|p1a: Greninja\n|-damage|p1a: Greninja|7\/100\n|move|p1a: Greninja|Ice Beam|p2a: Cyclizar\n|-supereffective|p2a: Cyclizar\n|-damage|p2a: Cyclizar|0 fnt\n|faint|p2a: Cyclizar\n|\n|upkeep\n|\n|t:|1700098731\n|switch|p2a: Ambipom|Ambipom, F, tera:Normal|73\/100\n|turn|14\n|\n|t:|1700098758\n|move|p2a: Ambipom|Fake Out|p1a: Greninja\n|-damage|p1a: Greninja|0 fnt\n|faint|p1a: Greninja\n|\n|upkeep\n|\n|t:|1700098768\n|switch|p1a: Sneasler|Sneasler, F|100\/100\n|turn|15\n|\n|t:|1700098773\n|switch|p2a: Cinccino|Cinccino, F|51\/100\n|move|p1a: Sneasler|Fake Out|p2a: Cinccino\n|-damage|p2a: Cinccino|27\/100\n|\n|upkeep\n|turn|16\n|\n|t:|1700098784\n|switch|p2a: Cinccino|Cinccino, F|74\/100\n|move|p1a: Sneasler|Dire Claw|p2a: Cinccino\n|-resisted|p2a: Cinccino\n|-damage|p2a: Cinccino|34\/100\n|-status|p2a: Cinccino|slp\n|replace|p2a: Zoroark|Zoroark-Hisui, M\n|-end|p2a: Zoroark|Illusion\n|\n|upkeep\n|turn|17\n|\n|t:|1700098798\n|move|p1a: Sneasler|Dire Claw|p2a: Zoroark\n|-resisted|p2a: Zoroark\n|-damage|p2a: Zoroark|0 fnt\n|faint|p2a: Zoroark\n|\n|upkeep\n|\n|t:|1700098806\n|switch|p2a: Ambipom|Ambipom, F, tera:Normal|73\/100\n|turn|18\n|\n|t:|1700098810\n|move|p1a: Sneasler|Fake Out||[still]\n|-hint|Fake Out only works on your first turn out.\n|-fail|p1a: Sneasler\n|move|p2a: Ambipom|Fake Out|p1a: Sneasler\n|-crit|p1a: Sneasler\n|-damage|p1a: Sneasler|0 fnt\n|faint|p1a: Sneasler\n|\n|upkeep\n|\n|t:|1700098818\n|switch|p1a: Scorp corp|Gliscor, M|100\/100\n|turn|19\n|c|\u2606Gamer00ooO|Hola\n|\n|t:|1700098833\n|-terastallize|p1a: Scorp corp|Normal\n|move|p2a: Ambipom|Knock Off|p1a: Scorp corp\n|-damage|p1a: Scorp corp|73\/100\n|-enditem|p1a: Scorp corp|Toxic Orb|[from] move: Knock Off|[of] p2a: Ambipom\n|move|p1a: Scorp corp|Swords Dance|p1a: Scorp corp\n|-boost|p1a: Scorp corp|atk|2\n|\n|upkeep\n|turn|20\n|\n|t:|1700098844\n|move|p2a: Ambipom|Brick Break|p1a: Scorp corp\n|-supereffective|p1a: Scorp corp\n|-damage|p1a: Scorp corp|32\/100\n|move|p1a: Scorp corp|Earthquake|p2a: Ambipom\n|-damage|p2a: Ambipom|0 fnt\n|faint|p2a: Ambipom\n|\n|upkeep\n|\n|t:|1700098850\n|switch|p2a: Grafaiai|Grafaiai, F|100\/100\n|turn|21\n|\n|t:|1700098857\n|move|p2a: Grafaiai|Substitute|p2a: Grafaiai\n|-start|p2a: Grafaiai|Substitute\n|-damage|p2a: Grafaiai|76\/100\n|move|p1a: Scorp corp|Earthquake|p2a: Grafaiai\n|-supereffective|p2a: Grafaiai\n|-end|p2a: Grafaiai|Substitute\n|\n|upkeep\n|turn|22\n|\n|t:|1700098866\n|move|p2a: Grafaiai|Swords Dance|p2a: Grafaiai\n|-boost|p2a: Grafaiai|atk|2\n|move|p1a: Scorp corp|Earthquake|p2a: Grafaiai\n|-supereffective|p2a: Grafaiai\n|-damage|p2a: Grafaiai|0 fnt\n|faint|p2a: Grafaiai\n|\n|upkeep\n|\n|t:|1700098873\n|switch|p2a: Indeedee|Indeedee, M|100\/100\n|-fieldstart|move: Psychic Terrain|[from] ability: Psychic Surge|[of] p2a: Indeedee\n|turn|23\n|\n|t:|1700098879\n|move|p2a: Indeedee|Expanding Force|p1a: Scorp corp\n|-damage|p1a: Scorp corp|0 fnt\n|faint|p1a: Scorp corp\n|\n|upkeep\n|\n|t:|1700098882\n|switch|p1a: Llaveros|Klefki, M|81\/100\n|turn|24\n|\n|t:|1700098890\n|switch|p2a: Cinccino|Cinccino, F|27\/100\n|move|p1a: Llaveros|Light Screen|p1a: Llaveros\n|-sidestart|p1: Gamer00ooO|move: Light Screen\n|\n|upkeep\n|turn|25\n|\n|t:|1700098906\n|move|p1a: Llaveros|Reflect|p1a: Llaveros\n|-sidestart|p1: Gamer00ooO|Reflect\n|move|p2a: Cinccino|Tail Slap|p1a: Llaveros\n|-resisted|p1a: Llaveros\n|-damage|p1a: Llaveros|78\/100\n|-resisted|p1a: Llaveros\n|-damage|p1a: Llaveros|74\/100\n|-resisted|p1a: Llaveros\n|-damage|p1a: Llaveros|70\/100\n|-resisted|p1a: Llaveros\n|-damage|p1a: Llaveros|66\/100\n|-resisted|p1a: Llaveros\n|-damage|p1a: Llaveros|62\/100\n|-hitcount|p1a: Llaveros|5\n|\n|upkeep\n|turn|26\n|\n|t:|1700098919\n|switch|p1a: Venusaur|Venusaur, F|100\/100\n|move|p2a: Cinccino|Tail Slap|p1a: Venusaur\n|-damage|p1a: Venusaur|91\/100\n|-damage|p1a: Venusaur|83\/100\n|-damage|p1a: Venusaur|74\/100\n|-damage|p1a: Venusaur|66\/100\n|-damage|p1a: Venusaur|57\/100\n|-hitcount|p1a: Venusaur|5\n|\n|upkeep\n|turn|27\n|\n|t:|1700098930\n|detailschange|p1a: Venusaur|Venusaur-Mega, F\n|-mega|p1a: Venusaur|Venusaur|Venusaurite\n|move|p2a: Cinccino|Triple Axel|p1a: Venusaur\n|-supereffective|p1a: Venusaur\n|-damage|p1a: Venusaur|54\/100\n|-supereffective|p1a: Venusaur\n|-damage|p1a: Venusaur|47\/100\n|-supereffective|p1a: Venusaur\n|-damage|p1a: Venusaur|36\/100\n|-hitcount|p1a: Venusaur|3\n|move|p1a: Venusaur|Giga Drain|p2a: Cinccino\n|-damage|p2a: Cinccino|0 fnt\n|-heal|p1a: Venusaur|47\/100|[from] drain|[of] p2a: Cinccino\n|faint|p2a: Cinccino\n|\n|-fieldend|move: Psychic Terrain\n|upkeep\n|\n|t:|1700098938\n|switch|p2a: Indeedee|Indeedee, M|100\/100\n|-fieldstart|move: Psychic Terrain|[from] ability: Psychic Surge|[of] p2a: Indeedee\n|turn|28\n|\n|t:|1700098955\n|move|p2a: Indeedee|Expanding Force|p1a: Venusaur\n|-supereffective|p1a: Venusaur\n|-damage|p1a: Venusaur|0 fnt\n|faint|p1a: Venusaur\n|\n|upkeep\n|\n|t:|1700098958\n|switch|p1a: Llaveros|Klefki, M|62\/100\n|turn|29\n|\n|t:|1700098983\n|move|p1a: Llaveros|Reflect||[still]\n|-fail|p1a: Llaveros\n|move|p2a: Indeedee|Expanding Force|p1a: Llaveros\n|-resisted|p1a: Llaveros\n|-damage|p1a: Llaveros|44\/100\n|\n|upkeep\n|turn|30\n|\n|t:|1700098989\n|move|p1a: Llaveros|Defog|p2a: Indeedee\n|-activate|p2a: Indeedee|move: Psychic Terrain\n|move|p2a: Indeedee|Expanding Force|p1a: Llaveros\n|-resisted|p1a: Llaveros\n|-crit|p1a: Llaveros\n|-damage|p1a: Llaveros|0 fnt\n|faint|p1a: Llaveros\n|\n|win|Zera & Lucy\n|raw|Gamer00ooO's rating: 1145 &rarr; <strong>1116<\/strong><br \/>(-29 for losing)\n|raw|Zera &amp; Lucy's rating: 1094 &rarr; <strong>1124<\/strong><br \/>(+30 for winning)\n","uploadtime":1700099008,"views":12,"p1id":"gamer00ooo","p2id":"zeralucy","formatid":"gen9nationaldex","rating":1116,"private":0,"password":""}