{"id":"gen9nationaldex-1991555410","p1":"TPD Greedy Monarch","p2":"hackilla15","format":"[Gen 9] National Dex","log":"|j|\u2606TPD Greedy Monarch\n|j|\u2606hackilla15\n|t:|1700087932\n|gametype|singles\n|player|p1|TPD Greedy Monarch|swimmer-gen4|1242\n|player|p2|hackilla15|ethan|1178\n|teamsize|p1|6\n|teamsize|p2|6\n|gen|9\n|tier|[Gen 9] National Dex\n|rated|\n|rule|HP Percentage Mod: HP is shown in percentages\n|rule|Endless Battle Clause: Forcing endless battles is banned\n|rule|OHKO Clause: OHKO moves are banned\n|rule|Evasion Clause: Evasion abilities, items, and moves are banned\n|rule|Evasion Abilities Clause: Evasion abilities are banned\n|rule|Evasion Items Clause: Evasion items are banned\n|rule|Evasion Moves Clause: Evasion moves are banned\n|rule|Species Clause: Limit one of each Pok\u00e9mon\n|rule|Sleep Clause Mod: Limit one foe put to sleep\n|clearpoke\n|poke|p1|Scolipede, M|\n|poke|p1|Armaldo, F|\n|poke|p1|Volcarona, F|\n|poke|p1|Scizor, M|\n|poke|p1|Frosmoth, F|\n|poke|p1|Kleavor, M|\n|poke|p2|Clodsire, F|\n|poke|p2|Garganacl, M|\n|poke|p2|Volcarona, F|\n|poke|p2|Ribombee, F|\n|poke|p2|Venusaur, M|\n|poke|p2|Krookodile, M|\n|teampreview\n|inactive|Battle timer is ON: inactive players will automatically lose when time's up. (requested by hackilla15)\n|\n|t:|1700087950\n|start\n|switch|p1a: Scorn|Scolipede, M|100\/100\n|switch|p2a: Ribombee|Ribombee, F, shiny|100\/100\n|turn|1\n|\n|t:|1700087955\n|move|p2a: Ribombee|Stun Spore|p1a: Scorn\n|-status|p1a: Scorn|par\n|move|p1a: Scorn|Swords Dance|p1a: Scorn\n|-boost|p1a: Scorn|atk|2\n|\n|-ability|p1a: Scorn|Speed Boost|boost\n|-boost|p1a: Scorn|spe|1\n|upkeep\n|turn|2\n|\n|t:|1700087959\n|move|p2a: Ribombee|Sticky Web|p1a: Scorn\n|-sidestart|p1: TPD Greedy Monarch|move: Sticky Web\n|move|p1a: Scorn|Swords Dance|p1a: Scorn\n|-boost|p1a: Scorn|atk|2\n|\n|-ability|p1a: Scorn|Speed Boost|boost\n|-boost|p1a: Scorn|spe|1\n|upkeep\n|turn|3\n|\n|t:|1700087963\n|move|p2a: Ribombee|Quiver Dance|p2a: Ribombee\n|-boost|p2a: Ribombee|spa|1\n|-boost|p2a: Ribombee|spd|1\n|-boost|p2a: Ribombee|spe|1\n|move|p1a: Scorn|Swords Dance|p1a: Scorn\n|-boost|p1a: Scorn|atk|2\n|\n|-ability|p1a: Scorn|Speed Boost|boost\n|-boost|p1a: Scorn|spe|1\n|upkeep\n|turn|4\n|\n|t:|1700087968\n|move|p2a: Ribombee|Quiver Dance|p2a: Ribombee\n|-boost|p2a: Ribombee|spa|1\n|-boost|p2a: Ribombee|spd|1\n|-boost|p2a: Ribombee|spe|1\n|move|p1a: Scorn|Rock Slide|p2a: Ribombee\n|-supereffective|p2a: Ribombee\n|-enditem|p2a: Ribombee|Focus Sash\n|-damage|p2a: Ribombee|1\/100\n|\n|-ability|p1a: Scorn|Speed Boost|boost\n|-boost|p1a: Scorn|spe|1\n|upkeep\n|turn|5\n|\n|t:|1700087978\n|move|p1a: Scorn|Protect|p1a: Scorn\n|-singleturn|p1a: Scorn|Protect\n|move|p2a: Ribombee|Moonblast|p1a: Scorn\n|-activate|p1a: Scorn|move: Protect\n|\n|-ability|p1a: Scorn|Speed Boost|boost\n|-boost|p1a: Scorn|spe|1\n|upkeep\n|turn|6\n|\n|t:|1700087983\n|move|p2a: Ribombee|Moonblast|p1a: Scorn\n|-resisted|p1a: Scorn\n|-damage|p1a: Scorn|48\/100 par\n|move|p1a: Scorn|Earthquake|p2a: Ribombee\n|-resisted|p2a: Ribombee\n|-damage|p2a: Ribombee|0 fnt\n|faint|p2a: Ribombee\n|\n|-ability|p1a: Scorn|Speed Boost|boost\n|-boost|p1a: Scorn|spe|1\n|upkeep\n|\n|t:|1700088004\n|switch|p2a: Volcarona|Volcarona, F, shiny|100\/100\n|turn|7\n|\n|t:|1700088013\n|-terastallize|p2a: Volcarona|Grass\n|move|p1a: Scorn|Rock Slide|p2a: Volcarona\n|-damage|p2a: Volcarona|16\/100\n|move|p2a: Volcarona|Fiery Dance|p1a: Scorn\n|-supereffective|p1a: Scorn\n|-damage|p1a: Scorn|0 fnt\n|faint|p1a: Scorn\n|\n|upkeep\n|\n|t:|1700088020\n|switch|p1a: Destroya|Armaldo, F|100\/100\n|-activate|p1a: Destroya|move: Sticky Web\n|-unboost|p1a: Destroya|spe|1\n|turn|8\n|\n|t:|1700088025\n|move|p2a: Volcarona|Fiery Dance|p1a: Destroya\n|-damage|p1a: Destroya|70\/100\n|-boost|p2a: Volcarona|spa|1\n|move|p1a: Destroya|Rapid Spin|p2a: Volcarona\n|-damage|p2a: Volcarona|0 fnt\n|-boost|p1a: Destroya|spe|1\n|-sideend|p1: TPD Greedy Monarch|Sticky Web|[from] move: Rapid Spin|[of] p1a: Destroya\n|faint|p2a: Volcarona\n|\n|upkeep\n|\n|t:|1700088033\n|switch|p2a: Garganacl|Garganacl, M, shiny|100\/100\n|turn|9\n|\n|t:|1700088036\n|move|p1a: Destroya|Knock Off|p2a: Garganacl\n|-damage|p2a: Garganacl|86\/100\n|-enditem|p2a: Garganacl|Leftovers|[from] move: Knock Off|[of] p1a: Destroya\n|move|p2a: Garganacl|Curse|p2a: Garganacl\n|-unboost|p2a: Garganacl|spe|1\n|-boost|p2a: Garganacl|atk|1\n|-boost|p2a: Garganacl|def|1\n|\n|upkeep\n|turn|10\n|\n|t:|1700088045\n|switch|p1a: Sector|Scizor, M|100\/100\n|move|p2a: Garganacl|Salt Cure|p1a: Sector\n|-damage|p1a: Sector|74\/100\n|-start|p1a: Sector|Salt Cure\n|\n|-damage|p1a: Sector|49\/100|[from] Salt Cure\n|upkeep\n|turn|11\n|\n|t:|1700088050\n|detailschange|p1a: Sector|Scizor-Mega, M\n|-mega|p1a: Sector|Scizor|Scizorite\n|move|p1a: Sector|Bullet Punch|p2a: Garganacl\n|-supereffective|p2a: Garganacl\n|-damage|p2a: Garganacl|55\/100\n|move|p2a: Garganacl|Curse|p2a: Garganacl\n|-unboost|p2a: Garganacl|spe|1\n|-boost|p2a: Garganacl|atk|1\n|-boost|p2a: Garganacl|def|1\n|\n|-damage|p1a: Sector|24\/100|[from] Salt Cure\n|upkeep\n|turn|12\n|\n|t:|1700088054\n|move|p1a: Sector|Bullet Punch|p2a: Garganacl\n|-supereffective|p2a: Garganacl\n|-damage|p2a: Garganacl|34\/100\n|move|p2a: Garganacl|Recover|p2a: Garganacl\n|-heal|p2a: Garganacl|84\/100\n|\n|-damage|p1a: Sector|0 fnt|[from] Salt Cure\n|faint|p1a: Sector\n|upkeep\n|\n|t:|1700088075\n|switch|p1a: Little Lady|Frosmoth, F|100\/100\n|turn|13\n|\n|t:|1700088077\n|-terastallize|p1a: Little Lady|Ground\n|move|p1a: Little Lady|Quiver Dance|p1a: Little Lady\n|-boost|p1a: Little Lady|spa|1\n|-boost|p1a: Little Lady|spd|1\n|-boost|p1a: Little Lady|spe|1\n|move|p2a: Garganacl|Salt Cure|p1a: Little Lady\n|-resisted|p1a: Little Lady\n|-damage|p1a: Little Lady|76\/100\n|-start|p1a: Little Lady|Salt Cure\n|\n|-damage|p1a: Little Lady|63\/100|[from] Salt Cure\n|upkeep\n|turn|14\n|\n|t:|1700088086\n|switch|p2a: Venusaur|Venusaur, M, shiny|100\/100\n|move|p1a: Little Lady|Quiver Dance|p1a: Little Lady\n|-boost|p1a: Little Lady|spa|1\n|-boost|p1a: Little Lady|spd|1\n|-boost|p1a: Little Lady|spe|1\n|\n|-damage|p1a: Little Lady|51\/100|[from] Salt Cure\n|upkeep\n|turn|15\n|\n|t:|1700088091\n|detailschange|p2a: Venusaur|Venusaur-Mega, M, shiny\n|-mega|p2a: Venusaur|Venusaur|Venusaurite\n|move|p1a: Little Lady|Ice Beam|p2a: Venusaur\n|-supereffective|p2a: Venusaur\n|-damage|p2a: Venusaur|20\/100\n|-status|p2a: Venusaur|frz\n|cant|p2a: Venusaur|frz\n|\n|-damage|p1a: Little Lady|39\/100|[from] Salt Cure\n|upkeep\n|turn|16\n|\n|t:|1700088104\n|move|p1a: Little Lady|Quiver Dance|p1a: Little Lady\n|-boost|p1a: Little Lady|spa|1\n|-boost|p1a: Little Lady|spd|1\n|-boost|p1a: Little Lady|spe|1\n|cant|p2a: Venusaur|frz\n|\n|-damage|p1a: Little Lady|26\/100|[from] Salt Cure\n|upkeep\n|turn|17\n|\n|t:|1700088107\n|move|p1a: Little Lady|Giga Drain|p2a: Venusaur\n|-resisted|p2a: Venusaur\n|-damage|p2a: Venusaur|8\/100 frz\n|-heal|p1a: Little Lady|33\/100|[from] drain|[of] p2a: Venusaur\n|cant|p2a: Venusaur|frz\n|\n|-damage|p1a: Little Lady|21\/100|[from] Salt Cure\n|upkeep\n|-enditem|p1a: Little Lady|Aguav Berry|[eat]\n|-heal|p1a: Little Lady|54\/100|[from] item: Aguav Berry\n|turn|18\n|\n|t:|1700088111\n|move|p1a: Little Lady|Quiver Dance|p1a: Little Lady\n|-boost|p1a: Little Lady|spa|1\n|-boost|p1a: Little Lady|spd|1\n|-boost|p1a: Little Lady|spe|1\n|-curestatus|p2a: Venusaur|frz|[msg]\n|move|p2a: Venusaur|Giga Drain|p1a: Little Lady\n|-supereffective|p1a: Little Lady\n|-damage|p1a: Little Lady|40\/100\n|-heal|p2a: Venusaur|14\/100|[from] drain|[of] p1a: Little Lady\n|\n|-damage|p1a: Little Lady|28\/100|[from] Salt Cure\n|upkeep\n|turn|19\n|\n|t:|1700088114\n|move|p1a: Little Lady|Giga Drain|p2a: Venusaur\n|-resisted|p2a: Venusaur\n|-damage|p2a: Venusaur|0 fnt\n|-heal|p1a: Little Lady|35\/100|[from] drain|[of] p2a: Venusaur\n|faint|p2a: Venusaur\n|\n|-damage|p1a: Little Lady|23\/100|[from] Salt Cure\n|upkeep\n|\n|t:|1700088119\n|switch|p2a: Clodsire|Clodsire, F, shiny|100\/100\n|turn|20\n|\n|t:|1700088127\n|move|p1a: Little Lady|Ice Beam|p2a: Clodsire\n|-supereffective|p2a: Clodsire\n|-damage|p2a: Clodsire|0 fnt\n|faint|p2a: Clodsire\n|\n|-damage|p1a: Little Lady|10\/100|[from] Salt Cure\n|upkeep\n|\n|t:|1700088135\n|switch|p2a: Garganacl|Garganacl, M, shiny|84\/100\n|turn|21\n|\n|t:|1700088138\n|move|p1a: Little Lady|Giga Drain|p2a: Garganacl\n|-supereffective|p2a: Garganacl\n|-damage|p2a: Garganacl|0 fnt\n|-heal|p1a: Little Lady|68\/100|[from] drain|[of] p2a: Garganacl\n|faint|p2a: Garganacl\n|\n|-damage|p1a: Little Lady|56\/100|[from] Salt Cure\n|upkeep\n|-message|hackilla15 forfeited.\n|\n|win|TPD Greedy Monarch\n|raw|TPD Greedy Monarch's rating: 1242 &rarr; <strong>1262<\/strong><br \/>(+20 for winning)\n|raw|hackilla15's rating: 1178 &rarr; <strong>1158<\/strong><br \/>(-20 for losing)\n|l|\u2606hackilla15\n","uploadtime":1700088153,"views":11,"p1id":"tpdgreedymonarch","p2id":"hackilla15","formatid":"gen9nationaldex","rating":1158,"private":0,"password":""}