{"id":"gen9nationaldex-1996063788","p1":"Pipeso","p2":"Shinyxk","format":"[Gen 9] National Dex","log":"|html|<div class=\"broadcast-blue\"><strong>[Gen 9] National Dex is currently suspecting Sneasler! For information on how to participate check out the <a href=\"https:\/\/www.smogon.com\/forums\/threads\/sv-national-dex-suspect-8-just-dance.3731534\/\">suspect thread<\/a>.<\/strong><\/div>\n|j|\u2606Pipeso\n|j|\u2606Shinyxk\n|t:|1700637982\n|gametype|singles\n|player|p1|Pipeso|hilbert|1067\n|player|p2|Shinyxk|youngster-gen8|1000\n|teamsize|p1|6\n|teamsize|p2|2\n|gen|9\n|tier|[Gen 9] National Dex\n|rated|\n|rule|HP Percentage Mod: HP is shown in percentages\n|rule|Endless Battle Clause: Forcing endless battles is banned\n|rule|OHKO Clause: OHKO moves are banned\n|rule|Evasion Clause: Evasion abilities, items, and moves are banned\n|rule|Evasion Abilities Clause: Evasion abilities are banned\n|rule|Evasion Items Clause: Evasion items are banned\n|rule|Evasion Moves Clause: Evasion moves are banned\n|rule|Species Clause: Limit one of each Pok\u00e9mon\n|rule|Sleep Clause Mod: Limit one foe put to sleep\n|clearpoke\n|poke|p1|Runerigus, M|\n|poke|p1|Toucannon, M|\n|poke|p1|Lycanroc-Midnight, M|\n|poke|p1|Centiskorch, M|\n|poke|p1|Samurott-Hisui, M|\n|poke|p1|Gogoat, M|\n|poke|p2|Latios, M|\n|poke|p2|Lapras, M|\n|teampreview\n|inactive|Battle timer is ON: inactive players will automatically lose when time's up. (requested by Shinyxk)\n|j| nohzeamin\n|\n|t:|1700637990\n|start\n|switch|p1a: Lycanroc|Lycanroc-Midnight, M|100\/100\n|switch|p2a: Latios|Latios, M|100\/100\n|turn|1\n|l| nohzeamin\n|\n|t:|1700638002\n|move|p2a: Latios|Reflect|p2a: Latios\n|-sidestart|p2: Shinyxk|Reflect\n|move|p1a: Lycanroc|Play Rough|p2a: Latios\n|-supereffective|p2a: Latios\n|-damage|p2a: Latios|57\/100\n|-damage|p1a: Lycanroc|91\/100|[from] item: Life Orb\n|\n|upkeep\n|turn|2\n|\n|t:|1700638011\n|move|p2a: Latios|Rain Dance|p2a: Latios\n|-weather|RainDance\n|move|p1a: Lycanroc|Stone Edge|p2a: Latios\n|-damage|p2a: Latios|24\/100\n|-damage|p1a: Lycanroc|81\/100|[from] item: Life Orb\n|\n|-weather|RainDance|[upkeep]\n|upkeep\n|turn|3\n|\n|t:|1700638018\n|move|p2a: Latios|Memento|p1a: Lycanroc\n|-unboost|p1a: Lycanroc|atk|2\n|-unboost|p1a: Lycanroc|spa|2\n|faint|p2a: Latios\n|move|p1a: Lycanroc|Stone Edge|p2: Latios|[notarget]\n|-fail|p1a: Lycanroc\n|\n|-weather|RainDance|[upkeep]\n|upkeep\n|\n|t:|1700638021\n|switch|p2a: Lapras|Lapras, M|100\/100\n|turn|4\n|\n|t:|1700638027\n|move|p1a: Lycanroc|Stone Edge|p2a: Lapras\n|-supereffective|p2a: Lapras\n|-damage|p2a: Lapras|71\/100\n|-enditem|p2a: Lapras|Weakness Policy\n|-boost|p2a: Lapras|atk|2|[from] item: Weakness Policy\n|-boost|p2a: Lapras|spa|2|[from] item: Weakness Policy\n|-damage|p1a: Lycanroc|71\/100|[from] item: Life Orb\n|move|p2a: Lapras|Dragon Dance|p2a: Lapras\n|-boost|p2a: Lapras|atk|1\n|-boost|p2a: Lapras|spe|1\n|\n|-weather|RainDance|[upkeep]\n|upkeep\n|turn|5\n|\n|t:|1700638037\n|-terastallize|p2a: Lapras|Water\n|move|p2a: Lapras|Liquidation|p1a: Lycanroc\n|-supereffective|p1a: Lycanroc\n|-damage|p1a: Lycanroc|0 fnt\n|faint|p1a: Lycanroc\n|\n|-weather|RainDance|[upkeep]\n|-sideend|p2: Shinyxk|Reflect\n|upkeep\n|\n|t:|1700638044\n|switch|p1a: Samurott|Samurott-Hisui, M|100\/100\n|turn|6\n|\n|t:|1700638047\n|move|p2a: Lapras|Megahorn|p1a: Samurott\n|-supereffective|p1a: Samurott\n|-damage|p1a: Samurott|0 fnt\n|faint|p1a: Samurott\n|\n|-weather|RainDance|[upkeep]\n|upkeep\n|\n|t:|1700638056\n|switch|p1a: Gogoat|Gogoat, M|100\/100\n|turn|7\n|\n|t:|1700638060\n|move|p2a: Lapras|Liquidation|p1a: Gogoat\n|-resisted|p1a: Gogoat\n|-damage|p1a: Gogoat|0 fnt\n|faint|p1a: Gogoat\n|\n|-weather|RainDance|[upkeep]\n|upkeep\n|\n|t:|1700638067\n|switch|p1a: Toucannon|Toucannon, M|100\/100\n|turn|8\n|\n|t:|1700638072\n|-singleturn|p1a: Toucannon|move: Beak Blast\n|move|p2a: Lapras|Liquidation|p1a: Toucannon\n|-damage|p1a: Toucannon|0 fnt\n|-status|p2a: Lapras|brn\n|faint|p1a: Toucannon\n|\n|-weather|RainDance|[upkeep]\n|-activate|p2a: Lapras|ability: Hydration\n|-curestatus|p2a: Lapras|brn|[msg]\n|upkeep\n|\n|t:|1700638083\n|switch|p1a: Centiskorch|Centiskorch, M|100\/100\n|turn|9\n|\n|t:|1700638087\n|move|p2a: Lapras|Liquidation|p1a: Centiskorch\n|-supereffective|p1a: Centiskorch\n|-damage|p1a: Centiskorch|0 fnt\n|faint|p1a: Centiskorch\n|\n|-weather|none\n|upkeep\n|\n|t:|1700638093\n|switch|p1a: Runerigus|Runerigus, M|100\/100\n|turn|10\n|\n|t:|1700638100\n|-terastallize|p1a: Runerigus|Fighting\n|move|p2a: Lapras|Liquidation|p1a: Runerigus\n|-damage|p1a: Runerigus|5\/100\n|-activate|p1a: Runerigus|ability: Wandering Spirit|Hydration|Wandering Spirit|[of] p2a: Lapras\n|move|p1a: Runerigus|Poltergeist||[still]\n|-fail|p1a: Runerigus\n|\n|-heal|p1a: Runerigus|11\/100|[from] item: Leftovers\n|upkeep\n|turn|11\n|\n|t:|1700638114\n|move|p2a: Lapras|Liquidation|p1a: Runerigus\n|-damage|p1a: Runerigus|0 fnt\n|faint|p1a: Runerigus\n|\n|win|Shinyxk\n|raw|Pipeso's rating: 1067 &rarr; <strong>1043<\/strong><br \/>(-24 for losing)\n|raw|Shinyxk's rating: 1000 &rarr; <strong>1048<\/strong><br \/>(+48 for winning)\n","uploadtime":1700638117,"views":5,"p1id":"pipeso","p2id":"shinyxk","formatid":"gen9nationaldex","rating":1043,"private":0,"password":""}