{"id":"gen9nationaldex-1994267699","p1":"ErikGS31","p2":"Laughattack7339","format":"[Gen 9] National Dex","log":"|j|\u2606ErikGS31\n|j|\u2606Laughattack7339\n|t:|1700425260\n|gametype|singles\n|player|p1|ErikGS31|pokemonranger-gen4|1100\n|player|p2|Laughattack7339|rancher|1038\n|teamsize|p1|6\n|teamsize|p2|6\n|gen|9\n|tier|[Gen 9] National Dex\n|rated|\n|rule|HP Percentage Mod: HP is shown in percentages\n|rule|Endless Battle Clause: Forcing endless battles is banned\n|rule|OHKO Clause: OHKO moves are banned\n|rule|Evasion Clause: Evasion abilities, items, and moves are banned\n|rule|Evasion Abilities Clause: Evasion abilities are banned\n|rule|Evasion Items Clause: Evasion items are banned\n|rule|Evasion Moves Clause: Evasion moves are banned\n|rule|Species Clause: Limit one of each Pok\u00e9mon\n|rule|Sleep Clause Mod: Limit one foe put to sleep\n|clearpoke\n|poke|p1|Espeon, F|\n|poke|p1|Venusaur, F|\n|poke|p1|Golem, M|\n|poke|p1|Ampharos, F|\n|poke|p1|Arcanine, M|\n|poke|p1|Azumarill, M|\n|poke|p2|Ogerpon-Wellspring, F|\n|poke|p2|Moltres|\n|poke|p2|Gallade, M|\n|poke|p2|Corviknight, M|\n|poke|p2|Tapu Koko|\n|poke|p2|Urshifu-*, M|\n|teampreview\n|inactive|Battle timer is ON: inactive players will automatically lose when time's up. (requested by Laughattack7339)\n|\n|t:|1700425270\n|start\n|switch|p1a: Pietro|Golem, M|100\/100\n|switch|p2a: This is a legend!?|Urshifu-Rapid-Strike, M|100\/100\n|turn|1\n|\n|t:|1700425276\n|move|p2a: This is a legend!?|Surging Strikes|p1a: Pietro\n|-supereffective|p1a: Pietro\n|-crit|p1a: Pietro\n|-ability|p1a: Pietro|Sturdy\n|-damage|p1a: Pietro|1\/100\n|-enditem|p1a: Pietro|Weakness Policy\n|-boost|p1a: Pietro|atk|2|[from] item: Weakness Policy\n|-boost|p1a: Pietro|spa|2|[from] item: Weakness Policy\n|-supereffective|p1a: Pietro\n|-crit|p1a: Pietro\n|-damage|p1a: Pietro|0 fnt\n|faint|p1a: Pietro\n|-hitcount|p1: Pietro|2\n|\n|upkeep\n|\n|t:|1700425288\n|switch|p1a: Caspio|Azumarill, M|100\/100\n|turn|2\n|\n|t:|1700425291\n|move|p2a: This is a legend!?|Surging Strikes|p1a: Caspio\n|-resisted|p1a: Caspio\n|-crit|p1a: Caspio\n|-damage|p1a: Caspio|86\/100\n|-resisted|p1a: Caspio\n|-crit|p1a: Caspio\n|-damage|p1a: Caspio|73\/100\n|-resisted|p1a: Caspio\n|-crit|p1a: Caspio\n|-damage|p1a: Caspio|59\/100\n|-hitcount|p1a: Caspio|3\n|-zpower|p1a: Caspio\n|move|p1a: Caspio|Z-Belly Drum|p1a: Caspio|[anim]Belly Drum\n|-heal|p1a: Caspio|100\/100|[zeffect]\n|-damage|p1a: Caspio|50\/100\n|-setboost|p1a: Caspio|atk|6|[from] move: Belly Drum\n|\n|upkeep\n|turn|3\n|\n|t:|1700425309\n|switch|p2a: Tapu Best|Tapu Koko, shiny|100\/100\n|-fieldstart|move: Electric Terrain|[from] ability: Electric Surge|[of] p2a: Tapu Best\n|move|p1a: Caspio|Play Rough|p2a: Tapu Best\n|-damage|p2a: Tapu Best|0 fnt\n|faint|p2a: Tapu Best\n|\n|upkeep\n|\n|t:|1700425318\n|switch|p2a: sadness|Ogerpon-Wellspring, F|100\/100\n|turn|4\n|\n|t:|1700425322\n|move|p2a: sadness|Giga Drain|p1a: Caspio\n|-supereffective|p1a: Caspio\n|-damage|p1a: Caspio|16\/100\n|move|p1a: Caspio|Ice Spinner|p2a: sadness\n|-damage|p2a: sadness|0 fnt\n|-fieldend|move: Electric Terrain\n|faint|p2a: sadness\n|\n|upkeep\n|\n|t:|1700425328\n|switch|p2a: Tinkaton hammer|Corviknight, M, shiny|100\/100\n|-ability|p2a: Tinkaton hammer|Pressure\n|turn|5\n|\n|t:|1700425332\n|move|p1a: Caspio|Aqua Jet|p2a: Tinkaton hammer\n|-damage|p2a: Tinkaton hammer|56\/100\n|move|p2a: Tinkaton hammer|Hurricane|p1a: Caspio\n|-damage|p1a: Caspio|0 fnt\n|faint|p1a: Caspio\n|\n|-heal|p2a: Tinkaton hammer|62\/100|[from] item: Leftovers\n|upkeep\n|\n|t:|1700425342\n|switch|p1a: Centella|Ampharos, F|100\/100\n|turn|6\n|\n|t:|1700425346\n|move|p2a: Tinkaton hammer|U-turn|p1a: Centella\n|-damage|p1a: Centella|86\/100\n|\n|t:|1700425349\n|switch|p2a: Garda... Wha|Gallade, M, shiny|100\/100|[from] U-turn\n|move|p1a: Centella|Magnetic Flux|p1a: Centella\n|-boost|p1a: Centella|def|1\n|-boost|p1a: Centella|spd|1\n|\n|-heal|p1a: Centella|92\/100|[from] item: Leftovers\n|upkeep\n|turn|7\n|\n|t:|1700425357\n|move|p2a: Garda... Wha|Earthquake|p1a: Centella\n|-supereffective|p1a: Centella\n|-damage|p1a: Centella|52\/100\n|move|p1a: Centella|Toxic|p2a: Garda... Wha\n|-status|p2a: Garda... Wha|tox\n|\n|-heal|p1a: Centella|58\/100|[from] item: Leftovers\n|-damage|p2a: Garda... Wha|94\/100 tox|[from] psn\n|upkeep\n|turn|8\n|\n|t:|1700425365\n|-terastallize|p1a: Centella|Flying\n|move|p2a: Garda... Wha|Sacred Sword|p1a: Centella\n|-resisted|p1a: Centella\n|-damage|p1a: Centella|27\/100\n|move|p1a: Centella|Magnetic Flux|p1a: Centella\n|-boost|p1a: Centella|def|1\n|-boost|p1a: Centella|spd|1\n|\n|-heal|p2a: Garda... Wha|100\/100 tox|[from] item: Leftovers\n|-heal|p1a: Centella|33\/100|[from] item: Leftovers\n|-damage|p2a: Garda... Wha|88\/100 tox|[from] psn\n|upkeep\n|turn|9\n|\n|t:|1700425377\n|move|p2a: Garda... Wha|Psycho Cut|p1a: Centella\n|-damage|p1a: Centella|10\/100\n|move|p1a: Centella|Rest|p1a: Centella\n|-status|p1a: Centella|slp|[from] move: Rest\n|-heal|p1a: Centella|100\/100 slp|[silent]\n|\n|-heal|p2a: Garda... Wha|94\/100 tox|[from] item: Leftovers\n|-damage|p2a: Garda... Wha|76\/100 tox|[from] psn\n|upkeep\n|turn|10\n|\n|t:|1700425390\n|move|p2a: Garda... Wha|Sacred Sword|p1a: Centella\n|-resisted|p1a: Centella\n|-damage|p1a: Centella|71\/100 slp\n|cant|p1a: Centella|slp\n|\n|-heal|p2a: Garda... Wha|82\/100 tox|[from] item: Leftovers\n|-heal|p1a: Centella|77\/100 slp|[from] item: Leftovers\n|-damage|p2a: Garda... Wha|58\/100 tox|[from] psn\n|upkeep\n|turn|11\n|\n|t:|1700425401\n|move|p2a: Garda... Wha|Psycho Cut|p1a: Centella\n|-damage|p1a: Centella|52\/100 slp\n|cant|p1a: Centella|slp\n|\n|-heal|p2a: Garda... Wha|64\/100 tox|[from] item: Leftovers\n|-heal|p1a: Centella|58\/100 slp|[from] item: Leftovers\n|-damage|p2a: Garda... Wha|33\/100 tox|[from] psn\n|upkeep\n|turn|12\n|\n|t:|1700425419\n|move|p2a: Garda... Wha|Psycho Cut|p1a: Centella\n|-crit|p1a: Centella\n|-damage|p1a: Centella|0 fnt\n|faint|p1a: Centella\n|\n|-heal|p2a: Garda... Wha|39\/100 tox|[from] item: Leftovers\n|-damage|p2a: Garda... Wha|2\/100 tox|[from] psn\n|upkeep\n|\n|t:|1700425426\n|switch|p1a: Fogonazo|Arcanine, M|100\/100\n|-ability|p1a: Fogonazo|Intimidate|boost\n|-unboost|p2a: Garda... Wha|atk|1\n|turn|13\n|\n|t:|1700425432\n|move|p1a: Fogonazo|Extreme Speed|p2a: Garda... Wha\n|-damage|p2a: Garda... Wha|0 fnt\n|faint|p2a: Garda... Wha\n|\n|upkeep\n|\n|t:|1700425435\n|switch|p2a: This is a legend!?|Urshifu-Rapid-Strike, M|100\/100\n|turn|14\n|\n|t:|1700425444\n|switch|p1a: Passiflora|Venusaur, F|100\/100\n|move|p2a: This is a legend!?|Surging Strikes|p1a: Passiflora\n|-resisted|p1a: Passiflora\n|-crit|p1a: Passiflora\n|-damage|p1a: Passiflora|86\/100\n|-resisted|p1a: Passiflora\n|-crit|p1a: Passiflora\n|-damage|p1a: Passiflora|68\/100\n|-resisted|p1a: Passiflora\n|-crit|p1a: Passiflora\n|-damage|p1a: Passiflora|52\/100\n|-hitcount|p1a: Passiflora|3\n|\n|upkeep\n|turn|15\n|\n|t:|1700425454\n|switch|p2a: KFC|Moltres, shiny|100\/100\n|detailschange|p1a: Passiflora|Venusaur-Mega, F\n|-mega|p1a: Passiflora|Venusaur|Venusaurite\n|move|p1a: Passiflora|Leech Seed|p2a: KFC\n|-start|p2a: KFC|move: Leech Seed\n|\n|-damage|p2a: KFC|88\/100|[from] Leech Seed|[of] p1a: Passiflora\n|-heal|p1a: Passiflora|63\/100|[silent]\n|upkeep\n|turn|16\n|\n|t:|1700425462\n|switch|p1a: Fogonazo|Arcanine, M|100\/100\n|-ability|p1a: Fogonazo|Intimidate|boost\n|-unboost|p2a: KFC|atk|1\n|move|p2a: KFC|Flamethrower|p1a: Fogonazo\n|-resisted|p1a: Fogonazo\n|-damage|p1a: Fogonazo|83\/100\n|\n|-damage|p2a: KFC|76\/100|[from] Leech Seed|[of] p1a: Fogonazo\n|-heal|p1a: Fogonazo|93\/100|[silent]\n|upkeep\n|turn|17\n|\n|t:|1700425470\n|move|p2a: KFC|Hurricane|p1a: Fogonazo|[miss]\n|-miss|p2a: KFC|p1a: Fogonazo\n|move|p1a: Fogonazo|Wild Charge|p2a: KFC\n|-supereffective|p2a: KFC\n|-damage|p2a: KFC|10\/100\n|-damage|p1a: Fogonazo|79\/100|[from] Recoil\n|\n|-damage|p2a: KFC|0 fnt|[from] Leech Seed|[of] p1a: Fogonazo\n|-heal|p1a: Fogonazo|87\/100|[silent]\n|faint|p2a: KFC\n|upkeep\n|\n|t:|1700425478\n|switch|p2a: This is a legend!?|Urshifu-Rapid-Strike, M|100\/100\n|turn|18\n|\n|t:|1700425498\n|move|p2a: This is a legend!?|U-turn|p1a: Fogonazo\n|-resisted|p1a: Fogonazo\n|-damage|p1a: Fogonazo|68\/100\n|\n|t:|1700425503\n|switch|p2a: Tinkaton hammer|Corviknight, M, shiny|62\/100|[from] U-turn\n|-ability|p2a: Tinkaton hammer|Pressure\n|move|p1a: Fogonazo|Wild Charge|p2a: Tinkaton hammer\n|-supereffective|p2a: Tinkaton hammer\n|-damage|p2a: Tinkaton hammer|23\/100\n|-damage|p1a: Fogonazo|58\/100|[from] Recoil\n|\n|-heal|p2a: Tinkaton hammer|29\/100|[from] item: Leftovers\n|upkeep\n|turn|19\n|\n|t:|1700425513\n|move|p1a: Fogonazo|Wild Charge|p2a: Tinkaton hammer\n|-supereffective|p2a: Tinkaton hammer\n|-damage|p2a: Tinkaton hammer|0 fnt\n|faint|p2a: Tinkaton hammer\n|-damage|p1a: Fogonazo|50\/100|[from] Recoil\n|\n|upkeep\n|\n|t:|1700425515\n|switch|p2a: This is a legend!?|Urshifu-Rapid-Strike, M|100\/100\n|turn|20\n|\n|t:|1700425523\n|move|p2a: This is a legend!?|Poison Jab|p1a: Fogonazo\n|-damage|p1a: Fogonazo|2\/100\n|move|p1a: Fogonazo|Wild Charge|p2a: This is a legend!?\n|-supereffective|p2a: This is a legend!?\n|-damage|p2a: This is a legend!?|42\/100\n|-damage|p1a: Fogonazo|0 fnt|[from] Recoil\n|faint|p1a: Fogonazo\n|\n|upkeep\n|\n|t:|1700425532\n|switch|p1a: Alba|Espeon, F|100\/100\n|turn|21\n|\n|t:|1700425536\n|move|p1a: Alba|Psychic|p2a: This is a legend!?\n|-supereffective|p2a: This is a legend!?\n|-crit|p2a: This is a legend!?\n|-damage|p2a: This is a legend!?|0 fnt\n|faint|p2a: This is a legend!?\n|\n|win|ErikGS31\n|raw|ErikGS31's rating: 1100 &rarr; <strong>1121<\/strong><br \/>(+21 for winning)\n|raw|Laughattack7339's rating: 1038 &rarr; <strong>1025<\/strong><br \/>(-13 for losing)\n|l|\u2606Laughattack7339\n","uploadtime":1700425551,"views":4,"p1id":"erikgs31","p2id":"laughattack7339","formatid":"gen9nationaldex","rating":1025,"private":0,"password":""}