{"id":"gen9nationaldex-1999070785","p1":"wahrer","p2":"dianciexia\u8482\u5b89\u5e0c\u4fa0","format":"[Gen 9] National Dex","log":"|html|<div class=\"broadcast-blue\"><strong>[Gen 9] National Dex is currently suspecting Sneasler! For information on how to participate check out the <a href=\"https:\/\/www.smogon.com\/forums\/threads\/sv-national-dex-suspect-8-just-dance.3731534\/\">suspect thread<\/a>.<\/strong><\/div>\n|j|\u2606wahrer\n|j|\u2606dianciexia\u8482\u5b89\u5e0c\u4fa0\n|t:|1701030025\n|gametype|singles\n|player|p1|wahrer|burgh|1327\n|player|p2|dianciexia\u8482\u5b89\u5e0c\u4fa0|caitlin-masters|1435\n|teamsize|p1|6\n|teamsize|p2|6\n|gen|9\n|tier|[Gen 9] National Dex\n|rated|\n|rule|HP Percentage Mod: HP is shown in percentages\n|rule|Endless Battle Clause: Forcing endless battles is banned\n|rule|OHKO Clause: OHKO moves are banned\n|rule|Evasion Clause: Evasion abilities, items, and moves are banned\n|rule|Evasion Abilities Clause: Evasion abilities are banned\n|rule|Evasion Items Clause: Evasion items are banned\n|rule|Evasion Moves Clause: Evasion moves are banned\n|rule|Species Clause: Limit one of each Pok\u00e9mon\n|rule|Sleep Clause Mod: Limit one foe put to sleep\n|clearpoke\n|poke|p1|Togekiss, M|\n|poke|p1|Golisopod, F|\n|poke|p1|Scizor, F|\n|poke|p1|Volcarona, F|\n|poke|p1|Gliscor, M|\n|poke|p1|Sneasler, M|\n|poke|p2|Sableye, F|\n|poke|p2|Dondozo, F|\n|poke|p2|Garganacl, M|\n|poke|p2|Clodsire, M|\n|poke|p2|Toxapex, M|\n|poke|p2|Aegislash, F|\n|teampreview\n|\n|t:|1701030031\n|start\n|switch|p1a: Sneasler|Sneasler, M|100\/100\n|switch|p2a: Sableye|Sableye, F|100\/100\n|turn|1\n|\n|t:|1701030037\n|move|p1a: Sneasler|Fake Out|p2a: Sableye\n|-immune|p2a: Sableye\n|move|p2a: Sableye|Will-O-Wisp|p1a: Sneasler\n|-status|p1a: Sneasler|brn\n|\n|-damage|p1a: Sneasler|95\/100 brn|[from] brn\n|upkeep\n|turn|2\n|\n|t:|1701030048\n|detailschange|p2a: Sableye|Sableye-Mega, F\n|-mega|p2a: Sableye|Sableye|Sablenite\n|move|p2a: Sableye|Protect|p2a: Sableye\n|-singleturn|p2a: Sableye|Protect\n|move|p1a: Sneasler|Dire Claw|p2a: Sableye\n|-activate|p2a: Sableye|move: Protect\n|\n|-damage|p1a: Sneasler|89\/100 brn|[from] brn\n|upkeep\n|turn|3\n|\n|t:|1701030058\n|switch|p2a: Garganacl|Garganacl, M|100\/100\n|move|p1a: Sneasler|Dire Claw|p2a: Garganacl\n|-resisted|p2a: Garganacl\n|-damage|p2a: Garganacl|93\/100\n|\n|-heal|p2a: Garganacl|99\/100|[from] item: Leftovers\n|-damage|p1a: Sneasler|83\/100 brn|[from] brn\n|upkeep\n|turn|4\n|\n|t:|1701030068\n|switch|p2a: Sableye|Sableye-Mega, F|100\/100\n|move|p1a: Sneasler|U-turn|p2a: Sableye\n|-damage|p2a: Sableye|92\/100\n|\n|t:|1701030073\n|switch|p1a: Gliscor|Gliscor, M|100\/100|[from] U-turn\n|\n|-status|p1a: Gliscor|tox|[from] item: Toxic Orb\n|upkeep\n|turn|5\n|\n|t:|1701030085\n|move|p1a: Gliscor|Earthquake|p2a: Sableye\n|-damage|p2a: Sableye|61\/100\n|move|p2a: Sableye|Knock Off|p1a: Gliscor\n|-crit|p1a: Gliscor\n|-damage|p1a: Gliscor|57\/100 tox\n|-enditem|p1a: Gliscor|Toxic Orb|[from] move: Knock Off|[of] p2a: Sableye\n|\n|-heal|p1a: Gliscor|70\/100 tox|[from] ability: Poison Heal\n|upkeep\n|turn|6\n|\n|t:|1701030094\n|switch|p2a: Dondozo|Dondozo, F|100\/100\n|move|p1a: Gliscor|Earthquake|p2a: Dondozo\n|-damage|p2a: Dondozo|80\/100\n|\n|-heal|p1a: Gliscor|82\/100 tox|[from] ability: Poison Heal\n|upkeep\n|turn|7\n|\n|t:|1701030113\n|switch|p1a: Sneasler|Sneasler, M|83\/100 brn\n|move|p2a: Dondozo|Liquidation|p1a: Sneasler\n|-damage|p1a: Sneasler|35\/100 brn\n|-unboost|p1a: Sneasler|def|1\n|\n|-damage|p1a: Sneasler|29\/100 brn|[from] brn\n|upkeep\n|turn|8\n|\n|t:|1701030122\n|switch|p2a: Aegislash|Aegislash, F|100\/100\n|move|p1a: Sneasler|Fake Out|p2a: Aegislash\n|-immune|p2a: Aegislash\n|\n|-damage|p1a: Sneasler|23\/100 brn|[from] brn\n|upkeep\n|turn|9\n|\n|t:|1701030159\n|switch|p1a: Golisopod|Golisopod, F|100\/100\n|-formechange|p2a: Aegislash|Aegislash-Blade||[from] ability: Stance Change\n|move|p2a: Aegislash|Shadow Ball|p1a: Golisopod\n|-damage|p1a: Golisopod|63\/100\n|-unboost|p1a: Golisopod|spd|1\n|\n|upkeep\n|turn|10\n|\n|t:|1701030173\n|switch|p2a: Toxapex|Toxapex, M|100\/100\n|move|p1a: Golisopod|Knock Off|p2a: Toxapex\n|-damage|p2a: Toxapex|70\/100\n|-enditem|p2a: Toxapex|Leftovers|[from] move: Knock Off|[of] p1a: Golisopod\n|\n|upkeep\n|turn|11\n|\n|t:|1701030214\n|move|p1a: Golisopod|Leech Life|p2a: Toxapex\n|-resisted|p2a: Toxapex\n|-damage|p2a: Toxapex|52\/100\n|-heal|p1a: Golisopod|71\/100|[from] drain|[of] p2a: Toxapex\n|move|p2a: Toxapex|Knock Off|p1a: Golisopod\n|-damage|p1a: Golisopod|59\/100\n|-enditem|p1a: Golisopod|Sitrus Berry|[from] move: Knock Off|[of] p2a: Toxapex\n|\n|upkeep\n|turn|12\n|\n|t:|1701030224\n|switch|p1a: Togekiss|Togekiss, M|100\/100\n|move|p2a: Toxapex|Scald|p1a: Togekiss\n|-damage|p1a: Togekiss|92\/100\n|\n|-heal|p1a: Togekiss|98\/100|[from] item: Leftovers\n|upkeep\n|turn|13\n|\n|t:|1701030233\n|-terastallize|p1a: Togekiss|Steel\n|move|p1a: Togekiss|Air Slash|p2a: Toxapex\n|-damage|p2a: Toxapex|34\/100\n|cant|p2a: Toxapex|flinch\n|\n|-heal|p1a: Togekiss|100\/100|[from] item: Leftovers\n|upkeep\n|turn|14\n|\n|t:|1701030242\n|switch|p2a: Aegislash|Aegislash, F|100\/100\n|move|p1a: Togekiss|Air Slash|p2a: Aegislash\n|-resisted|p2a: Aegislash\n|-damage|p2a: Aegislash|91\/100\n|\n|-heal|p2a: Aegislash|97\/100|[from] item: Leftovers\n|upkeep\n|turn|15\n|\n|t:|1701030250\n|move|p1a: Togekiss|Flamethrower|p2a: Aegislash\n|-supereffective|p2a: Aegislash\n|-crit|p2a: Aegislash\n|-damage|p2a: Aegislash|54\/100\n|-formechange|p2a: Aegislash|Aegislash-Blade||[from] ability: Stance Change\n|move|p2a: Aegislash|Shadow Ball|p1a: Togekiss\n|-damage|p1a: Togekiss|77\/100\n|\n|-heal|p1a: Togekiss|83\/100|[from] item: Leftovers\n|-heal|p2a: Aegislash|60\/100|[from] item: Leftovers\n|upkeep\n|turn|16\n|\n|t:|1701030262\n|switch|p2a: Clodsire|Clodsire, M|100\/100\n|move|p1a: Togekiss|Flamethrower|p2a: Clodsire\n|-damage|p2a: Clodsire|87\/100\n|\n|-heal|p1a: Togekiss|89\/100|[from] item: Leftovers\n|-heal|p2a: Clodsire|94\/100|[from] item: Leftovers\n|upkeep\n|turn|17\n|\n|t:|1701030281\n|switch|p1a: Gliscor|Gliscor, M|82\/100 tox\n|move|p2a: Clodsire|Stealth Rock|p1a: Gliscor\n|-sidestart|p1: wahrer|move: Stealth Rock\n|\n|-heal|p2a: Clodsire|99\/100|[from] item: Leftovers\n|-heal|p1a: Gliscor|94\/100 tox|[from] ability: Poison Heal\n|upkeep\n|turn|18\n|\n|t:|1701030295\n|switch|p2a: Dondozo|Dondozo, F|80\/100\n|move|p1a: Gliscor|Stealth Rock|p2a: Dondozo\n|-sidestart|p2: dianciexia\u8482\u5b89\u5e0c\u4fa0|move: Stealth Rock\n|\n|-heal|p1a: Gliscor|100\/100 tox|[from] ability: Poison Heal\n|upkeep\n|turn|19\n|\n|t:|1701030306\n|switch|p1a: Scizor|Scizor, F, shiny|100\/100\n|-damage|p1a: Scizor|88\/100|[from] Stealth Rock\n|move|p2a: Dondozo|Liquidation|p1a: Scizor\n|-damage|p1a: Scizor|60\/100\n|\n|upkeep\n|turn|20\n|\n|t:|1701030313\n|move|p1a: Scizor|Superpower|p2a: Dondozo\n|-damage|p2a: Dondozo|58\/100\n|-unboost|p1a: Scizor|atk|1\n|-unboost|p1a: Scizor|def|1\n|-heal|p1a: Scizor|64\/100|[from] item: Shell Bell|[of] p2a: Dondozo\n|move|p2a: Dondozo|Liquidation|p1a: Scizor\n|-damage|p1a: Scizor|34\/100\n|\n|upkeep\n|turn|21\n|\n|t:|1701030324\n|move|p1a: Scizor|Roost|p1a: Scizor\n|-heal|p1a: Scizor|84\/100\n|-singleturn|p1a: Scizor|move: Roost\n|move|p2a: Dondozo|Liquidation|p1a: Scizor\n|-damage|p1a: Scizor|53\/100\n|\n|upkeep\n|turn|22\n|\n|t:|1701030340\n|switch|p1a: Togekiss|Togekiss, M, tera:Steel|89\/100\n|-damage|p1a: Togekiss|83\/100|[from] Stealth Rock\n|move|p2a: Dondozo|Rest|p2a: Dondozo\n|-status|p2a: Dondozo|slp|[from] move: Rest\n|-heal|p2a: Dondozo|100\/100 slp|[silent]\n|\n|-heal|p1a: Togekiss|89\/100|[from] item: Leftovers\n|upkeep\n|turn|23\n|\n|t:|1701030354\n|switch|p2a: Clodsire|Clodsire, M|99\/100\n|-damage|p2a: Clodsire|94\/100|[from] Stealth Rock\n|move|p1a: Togekiss|Air Slash|p2a: Clodsire\n|-damage|p2a: Clodsire|76\/100\n|\n|-heal|p1a: Togekiss|95\/100|[from] item: Leftovers\n|-heal|p2a: Clodsire|82\/100|[from] item: Leftovers\n|upkeep\n|turn|24\n|\n|t:|1701030365\n|switch|p2a: Dondozo|Dondozo, F|100\/100 slp\n|-damage|p2a: Dondozo|88\/100 slp|[from] Stealth Rock\n|move|p1a: Togekiss|Air Slash|p2a: Dondozo\n|-damage|p2a: Dondozo|58\/100 slp\n|\n|-heal|p1a: Togekiss|100\/100|[from] item: Leftovers\n|upkeep\n|turn|25\n|\n|t:|1701030373\n|switch|p2a: Clodsire|Clodsire, M|82\/100\n|-damage|p2a: Clodsire|76\/100|[from] Stealth Rock\n|move|p1a: Togekiss|Air Slash|p2a: Clodsire\n|-damage|p2a: Clodsire|60\/100\n|\n|-heal|p2a: Clodsire|67\/100|[from] item: Leftovers\n|upkeep\n|turn|26\n|\n|t:|1701030385\n|move|p1a: Togekiss|Air Slash|p2a: Clodsire\n|-damage|p2a: Clodsire|49\/100\n|move|p2a: Clodsire|Toxic Spikes|p1a: Togekiss\n|-sidestart|p1: wahrer|move: Toxic Spikes\n|\n|-heal|p2a: Clodsire|55\/100|[from] item: Leftovers\n|upkeep\n|turn|27\n|\n|t:|1701030392\n|move|p1a: Togekiss|Air Slash|p2a: Clodsire\n|-damage|p2a: Clodsire|39\/100\n|move|p2a: Clodsire|Recover|p2a: Clodsire\n|-heal|p2a: Clodsire|89\/100\n|\n|-heal|p2a: Clodsire|96\/100|[from] item: Leftovers\n|upkeep\n|turn|28\n|\n|t:|1701030402\n|move|p1a: Togekiss|Air Slash|p2a: Clodsire\n|-damage|p2a: Clodsire|79\/100\n|cant|p2a: Clodsire|flinch\n|\n|-heal|p2a: Clodsire|85\/100|[from] item: Leftovers\n|upkeep\n|turn|29\n|\n|t:|1701030412\n|move|p1a: Togekiss|Air Slash|p2a: Clodsire\n|-damage|p2a: Clodsire|69\/100\n|move|p2a: Clodsire|Earthquake|p1a: Togekiss\n|-supereffective|p1a: Togekiss\n|-damage|p1a: Togekiss|50\/100\n|\n|-heal|p1a: Togekiss|56\/100|[from] item: Leftovers\n|-heal|p2a: Clodsire|75\/100|[from] item: Leftovers\n|upkeep\n|turn|30\n|\n|t:|1701030426\n|switch|p1a: Gliscor|Gliscor, M|100\/100 tox\n|-damage|p1a: Gliscor|88\/100 tox|[from] Stealth Rock\n|move|p2a: Clodsire|Earthquake|p1a: Gliscor\n|-immune|p1a: Gliscor\n|\n|-heal|p2a: Clodsire|81\/100|[from] item: Leftovers\n|-heal|p1a: Gliscor|100\/100 tox|[from] ability: Poison Heal\n|upkeep\n|turn|31\n|\n|t:|1701030441\n|switch|p2a: Dondozo|Dondozo, F|58\/100 slp\n|-damage|p2a: Dondozo|45\/100 slp|[from] Stealth Rock\n|move|p1a: Gliscor|Earthquake|p2a: Dondozo\n|-damage|p2a: Dondozo|23\/100 slp\n|\n|upkeep\n|turn|32\n|\n|t:|1701030448\n|move|p1a: Gliscor|Earthquake|p2a: Dondozo\n|-damage|p2a: Dondozo|4\/100 slp\n|cant|p2a: Dondozo|slp\n|\n|upkeep\n|turn|33\n|\n|t:|1701030454\n|move|p1a: Gliscor|Earthquake|p2a: Dondozo\n|-damage|p2a: Dondozo|0 fnt\n|faint|p2a: Dondozo\n|\n|upkeep\n|\n|t:|1701030458\n|switch|p2a: Aegislash|Aegislash, F|60\/100\n|-damage|p2a: Aegislash|54\/100|[from] Stealth Rock\n|turn|34\n|\n|t:|1701030462\n|-terastallize|p2a: Aegislash|Water\n|move|p1a: Gliscor|Earthquake|p2a: Aegislash\n|-damage|p2a: Aegislash|19\/100\n|-formechange|p2a: Aegislash|Aegislash-Blade||[from] ability: Stance Change\n|move|p2a: Aegislash|Shadow Ball|p1a: Gliscor\n|-damage|p1a: Gliscor|50\/100 tox\n|\n|-heal|p2a: Aegislash|25\/100|[from] item: Leftovers\n|-heal|p1a: Gliscor|62\/100 tox|[from] ability: Poison Heal\n|upkeep\n|turn|35\n|\n|t:|1701030475\n|-formechange|p2a: Aegislash|Aegislash||[from] ability: Stance Change\n|move|p2a: Aegislash|King's Shield|p2a: Aegislash\n|-singleturn|p2a: Aegislash|Protect\n|move|p1a: Gliscor|Earthquake|p2a: Aegislash\n|-activate|p2a: Aegislash|move: Protect\n|\n|-heal|p2a: Aegislash|31\/100|[from] item: Leftovers\n|-heal|p1a: Gliscor|74\/100 tox|[from] ability: Poison Heal\n|upkeep\n|turn|36\n|-message|dianciexia\u8482\u5b89\u5e0c\u4fa0 forfeited.\n|\n|win|wahrer\n|raw|wahrer's rating: 1327 &rarr; <strong>1353<\/strong><br \/>(+26 for winning)\n|raw|dianciexia\u8482\u5b89\u5e0c\u4fa0's rating: 1435 &rarr; <strong>1409<\/strong><br \/>(-26 for losing)\n|l|\u2606dianciexia\u8482\u5b89\u5e0c\u4fa0\n","uploadtime":1701030492,"views":1,"p1id":"wahrer","p2id":"dianciexia","formatid":"gen9nationaldex","rating":1353,"private":0,"password":""}