{"id":"gen9nationaldex-1991037478","p1":"GABRIEL_HU","p2":"TMLester","format":"[Gen 9] National Dex","log":"|j|\u2606GABRIEL_HU\n|j|\u2606TMLester\n|t:|1700032367\n|gametype|singles\n|player|p1|GABRIEL_HU|guitarist|1461\n|player|p2|TMLester|265|1505\n|teamsize|p1|6\n|teamsize|p2|6\n|gen|9\n|tier|[Gen 9] National Dex\n|rated|\n|rule|HP Percentage Mod: HP is shown in percentages\n|rule|Endless Battle Clause: Forcing endless battles is banned\n|rule|OHKO Clause: OHKO moves are banned\n|rule|Evasion Clause: Evasion abilities, items, and moves are banned\n|rule|Evasion Abilities Clause: Evasion abilities are banned\n|rule|Evasion Items Clause: Evasion items are banned\n|rule|Evasion Moves Clause: Evasion moves are banned\n|rule|Species Clause: Limit one of each Pok\u00e9mon\n|rule|Sleep Clause Mod: Limit one foe put to sleep\n|clearpoke\n|poke|p1|Garganacl, M|\n|poke|p1|Greninja-*, M|\n|poke|p1|Zapdos|\n|poke|p1|Great Tusk|\n|poke|p1|Heatran, F|\n|poke|p1|Scizor, M|\n|poke|p2|Gliscor, F|\n|poke|p2|Dragonite, M|\n|poke|p2|Rotom-Wash|\n|poke|p2|Dondozo, M|\n|poke|p2|Volcarona, F|\n|poke|p2|Garganacl, F|\n|teampreview\n|inactive|Battle timer is ON: inactive players will automatically lose when time's up. (requested by GABRIEL_HU)\n|\n|t:|1700032377\n|start\n|switch|p1a: Great Tusk|Great Tusk|100\/100\n|switch|p2a: Rotom|Rotom-Wash|100\/100\n|turn|1\n|\n|t:|1700032385\n|-end|p1a: Great Tusk|Protosynthesis|[silent]\n|switch|p1a: Greninja|Greninja, M|100\/100\n|move|p2a: Rotom|Will-O-Wisp|p1a: Greninja\n|-status|p1a: Greninja|brn\n|\n|-damage|p1a: Greninja|95\/100 brn|[from] brn\n|upkeep\n|turn|2\n|\n|t:|1700032389\n|switch|p1a: Garganacl|Garganacl, M, shiny|100\/100\n|move|p2a: Rotom|Volt Switch|p1a: Garganacl\n|-damage|p1a: Garganacl|83\/100\n|\n|t:|1700032398\n|switch|p2a: Volcarona|Volcarona, F|100\/100|[from] Volt Switch\n|\n|-heal|p1a: Garganacl|89\/100|[from] item: Leftovers\n|upkeep\n|turn|3\n|\n|t:|1700032408\n|switch|p1a: Heatran|Heatran, F|100\/100\n|move|p2a: Volcarona|Giga Drain|p1a: Heatran\n|-resisted|p1a: Heatran\n|-damage|p1a: Heatran|96\/100\n|\n|upkeep\n|turn|4\n|\n|t:|1700032412\n|switch|p2a: Gliscor|Gliscor, F|100\/100\n|move|p1a: Heatran|Toxic|p2a: Gliscor\n|-status|p2a: Gliscor|tox\n|\n|upkeep\n|turn|5\n|\n|t:|1700032428\n|switch|p1a: Great Tusk|Great Tusk|100\/100\n|move|p2a: Gliscor|Spikes|p1a: Great Tusk\n|-sidestart|p1: GABRIEL_HU|Spikes\n|\n|upkeep\n|turn|6\n|\n|t:|1700032435\n|switch|p2a: Dondozo|Dondozo, M|100\/100\n|move|p1a: Great Tusk|Rapid Spin|p2a: Dondozo\n|-damage|p2a: Dondozo|90\/100\n|-boost|p1a: Great Tusk|spe|1\n|-sideend|p1: GABRIEL_HU|Spikes|[from] move: Rapid Spin|[of] p1a: Great Tusk\n|\n|-heal|p2a: Dondozo|96\/100|[from] item: Leftovers\n|upkeep\n|turn|7\n|\n|t:|1700032440\n|-end|p1a: Great Tusk|Protosynthesis|[silent]\n|switch|p1a: Zapdos|Zapdos|100\/100\n|move|p2a: Dondozo|Curse|p2a: Dondozo\n|-unboost|p2a: Dondozo|spe|1\n|-boost|p2a: Dondozo|atk|1\n|-boost|p2a: Dondozo|def|1\n|\n|-heal|p2a: Dondozo|100\/100|[from] item: Leftovers\n|upkeep\n|turn|8\n|\n|t:|1700032443\n|move|p1a: Zapdos|Discharge|p2a: Dondozo\n|-supereffective|p2a: Dondozo\n|-damage|p2a: Dondozo|37\/100\n|move|p2a: Dondozo|Wave Crash|p1a: Zapdos\n|-damage|p1a: Zapdos|39\/100\n|-status|p2a: Dondozo|par|[from] ability: Static|[of] p1a: Zapdos\n|-damage|p2a: Dondozo|22\/100 par|[from] Recoil\n|\n|-heal|p2a: Dondozo|28\/100 par|[from] item: Leftovers\n|upkeep\n|turn|9\n|\n|t:|1700032450\n|switch|p2a: Gliscor|Gliscor, F|100\/100 tox\n|move|p1a: Zapdos|Discharge|p2a: Gliscor\n|-immune|p2a: Gliscor\n|\n|upkeep\n|turn|10\n|\n|t:|1700032453\n|switch|p1a: Great Tusk|Great Tusk|100\/100\n|move|p2a: Gliscor|Toxic|p1a: Great Tusk\n|-status|p1a: Great Tusk|tox\n|\n|-damage|p1a: Great Tusk|94\/100 tox|[from] psn\n|upkeep\n|turn|11\n|\n|t:|1700032461\n|switch|p2a: Dondozo|Dondozo, M|28\/100 par\n|-zpower|p1a: Great Tusk\n|move|p1a: Great Tusk|Subzero Slammer|p2a: Dondozo|[zeffect]\n|-resisted|p2a: Dondozo\n|-damage|p2a: Dondozo|13\/100 par\n|\n|-heal|p2a: Dondozo|19\/100 par|[from] item: Leftovers\n|-damage|p1a: Great Tusk|82\/100 tox|[from] psn\n|upkeep\n|turn|12\n|\n|t:|1700032467\n|move|p1a: Great Tusk|Close Combat|p2a: Dondozo\n|-damage|p2a: Dondozo|0 fnt\n|-unboost|p1a: Great Tusk|def|1\n|-unboost|p1a: Great Tusk|spd|1\n|faint|p2a: Dondozo\n|\n|-damage|p1a: Great Tusk|63\/100 tox|[from] psn\n|upkeep\n|\n|t:|1700032474\n|switch|p2a: Dragonite|Dragonite, M|100\/100\n|turn|13\n|\n|t:|1700032487\n|move|p1a: Great Tusk|Ice Spinner|p2a: Dragonite\n|-supereffective|p2a: Dragonite\n|-damage|p2a: Dragonite|40\/100\n|move|p2a: Dragonite|Dual Wingbeat|p1a: Great Tusk\n|-supereffective|p1a: Great Tusk\n|-crit|p1a: Great Tusk\n|-damage|p1a: Great Tusk|0 fnt\n|faint|p1a: Great Tusk\n|-end|p1a: Great Tusk|Protosynthesis|[silent]\n|-hitcount|p1: Great Tusk|1\n|\n|upkeep\n|\n|t:|1700032490\n|switch|p1a: Greninja|Greninja, M|95\/100 brn\n|turn|14\n|\n|t:|1700032496\n|move|p2a: Dragonite|Extreme Speed|p1a: Greninja\n|-damage|p1a: Greninja|30\/100 brn\n|move|p1a: Greninja|Ice Beam|p2a: Dragonite\n|-supereffective|p2a: Dragonite\n|-crit|p2a: Dragonite\n|-damage|p2a: Dragonite|0 fnt\n|faint|p2a: Dragonite\n|-ability|p1a: Greninja|Battle Bond|boost\n|-boost|p1a: Greninja|atk|1\n|-boost|p1a: Greninja|spa|1\n|-boost|p1a: Greninja|spe|1\n|-activate|p1a: Greninja|ability: Battle Bond\n|-damage|p1a: Greninja|20\/100 brn|[from] item: Life Orb\n|\n|-damage|p1a: Greninja|15\/100 brn|[from] brn\n|upkeep\n|\n|t:|1700032501\n|switch|p2a: Rotom|Rotom-Wash|100\/100\n|turn|15\n|\n|t:|1700032511\n|switch|p1a: Garganacl|Garganacl, M, shiny|89\/100\n|move|p2a: Rotom|Volt Switch|p1a: Garganacl\n|-damage|p1a: Garganacl|73\/100\n|\n|t:|1700032516\n|switch|p2a: Garganacl|Garganacl, F|100\/100|[from] Volt Switch\n|\n|-heal|p1a: Garganacl|79\/100|[from] item: Leftovers\n|upkeep\n|turn|16\n|\n|t:|1700032524\n|move|p2a: Garganacl|Salt Cure|p1a: Garganacl\n|-damage|p1a: Garganacl|70\/100\n|-start|p1a: Garganacl|Salt Cure\n|move|p1a: Garganacl|Body Press|p2a: Garganacl\n|-supereffective|p2a: Garganacl\n|-damage|p2a: Garganacl|68\/100\n|\n|-heal|p1a: Garganacl|76\/100|[from] item: Leftovers\n|-heal|p2a: Garganacl|74\/100|[from] item: Leftovers\n|-damage|p1a: Garganacl|64\/100|[from] Salt Cure\n|upkeep\n|turn|17\n|\n|t:|1700032527\n|move|p1a: Garganacl|Iron Defense|p1a: Garganacl\n|-boost|p1a: Garganacl|def|2\n|move|p2a: Garganacl|Iron Defense|p2a: Garganacl\n|-boost|p2a: Garganacl|def|2\n|\n|-heal|p1a: Garganacl|70\/100|[from] item: Leftovers\n|-heal|p2a: Garganacl|80\/100|[from] item: Leftovers\n|-damage|p1a: Garganacl|58\/100|[from] Salt Cure\n|upkeep\n|turn|18\n|\n|t:|1700032532\n|switch|p1a: Greninja|Greninja, M|15\/100 brn\n|move|p2a: Garganacl|Iron Defense|p2a: Garganacl\n|-boost|p2a: Garganacl|def|2\n|\n|-heal|p2a: Garganacl|86\/100|[from] item: Leftovers\n|-damage|p1a: Greninja|9\/100 brn|[from] brn\n|upkeep\n|turn|19\n|\n|t:|1700032539\n|switch|p2a: Rotom|Rotom-Wash|100\/100\n|move|p1a: Greninja|Surf|p2a: Rotom\n|-resisted|p2a: Rotom\n|-damage|p2a: Rotom|79\/100\n|-damage|p1a: Greninja|0 fnt|[from] item: Life Orb\n|faint|p1a: Greninja\n|\n|-heal|p2a: Rotom|86\/100|[from] item: Leftovers\n|upkeep\n|\n|t:|1700032545\n|switch|p1a: Heatran|Heatran, F|96\/100\n|turn|20\n|\n|t:|1700032547\n|move|p2a: Rotom|Hydro Pump|p1a: Heatran\n|-supereffective|p1a: Heatran\n|-damage|p1a: Heatran|48\/100\n|move|p1a: Heatran|Toxic|p2a: Rotom\n|-status|p2a: Rotom|tox\n|\n|-heal|p2a: Rotom|92\/100 tox|[from] item: Leftovers\n|-damage|p2a: Rotom|86\/100 tox|[from] psn\n|upkeep\n|turn|21\n|\n|t:|1700032554\n|move|p1a: Heatran|Protect|p1a: Heatran\n|-singleturn|p1a: Heatran|Protect\n|move|p2a: Rotom|Volt Switch|p1a: Heatran\n|-activate|p1a: Heatran|move: Protect\n|\n|-heal|p2a: Rotom|92\/100 tox|[from] item: Leftovers\n|-damage|p2a: Rotom|79\/100 tox|[from] psn\n|upkeep\n|turn|22\n|\n|t:|1700032561\n|switch|p1a: Zapdos|Zapdos|39\/100\n|move|p2a: Rotom|Hydro Pump|p1a: Zapdos\n|-damage|p1a: Zapdos|4\/100\n|\n|-heal|p2a: Rotom|86\/100 tox|[from] item: Leftovers\n|-damage|p2a: Rotom|67\/100 tox|[from] psn\n|upkeep\n|turn|23\n|\n|t:|1700032564\n|move|p1a: Zapdos|Roost|p1a: Zapdos\n|-heal|p1a: Zapdos|54\/100\n|-singleturn|p1a: Zapdos|move: Roost\n|move|p2a: Rotom|Volt Switch|p1a: Zapdos\n|-resisted|p1a: Zapdos\n|-damage|p1a: Zapdos|42\/100\n|\n|t:|1700032573\n|switch|p2a: Volcarona|Volcarona, F|100\/100|[from] Volt Switch\n|\n|upkeep\n|turn|24\n|\n|t:|1700032577\n|move|p2a: Volcarona|Quiver Dance|p2a: Volcarona\n|-boost|p2a: Volcarona|spa|1\n|-boost|p2a: Volcarona|spd|1\n|-boost|p2a: Volcarona|spe|1\n|move|p1a: Zapdos|Roost|p1a: Zapdos\n|-heal|p1a: Zapdos|92\/100\n|-singleturn|p1a: Zapdos|move: Roost\n|\n|upkeep\n|turn|25\n|\n|t:|1700032579\n|move|p2a: Volcarona|Quiver Dance|p2a: Volcarona\n|-boost|p2a: Volcarona|spa|1\n|-boost|p2a: Volcarona|spd|1\n|-boost|p2a: Volcarona|spe|1\n|move|p1a: Zapdos|U-turn|p2a: Volcarona\n|-resisted|p2a: Volcarona\n|-damage|p2a: Volcarona|91\/100\n|-status|p1a: Zapdos|brn|[from] ability: Flame Body|[of] p2a: Volcarona\n|\n|t:|1700032584\n|switch|p1a: Heatran|Heatran, F|48\/100|[from] U-turn\n|\n|upkeep\n|turn|26\n|\n|t:|1700032589\n|-terastallize|p2a: Volcarona|Water\n|move|p2a: Volcarona|Tera Blast|p1a: Heatran|[anim] Tera Blast Water\n|-supereffective|p1a: Heatran\n|-damage|p1a: Heatran|0 fnt\n|faint|p1a: Heatran\n|\n|upkeep\n|\n|t:|1700032593\n|switch|p1a: Garganacl|Garganacl, M, shiny|58\/100\n|turn|27\n|\n|t:|1700032597\n|-terastallize|p1a: Garganacl|Water\n|move|p2a: Volcarona|Tera Blast|p1a: Garganacl|[anim] Tera Blast Water\n|-resisted|p1a: Garganacl\n|-damage|p1a: Garganacl|25\/100\n|move|p1a: Garganacl|Salt Cure|p2a: Volcarona\n|-damage|p2a: Volcarona|69\/100\n|-start|p2a: Volcarona|Salt Cure\n|\n|-heal|p1a: Garganacl|31\/100|[from] item: Leftovers\n|-damage|p2a: Volcarona|45\/100|[from] Salt Cure\n|upkeep\n|turn|28\n|\n|t:|1700032603\n|switch|p1a: Zapdos|Zapdos|92\/100 brn\n|move|p2a: Volcarona|Giga Drain|p1a: Zapdos\n|-resisted|p1a: Zapdos\n|-damage|p1a: Zapdos|61\/100 brn\n|-heal|p2a: Volcarona|64\/100|[from] drain|[of] p1a: Zapdos\n|\n|-damage|p1a: Zapdos|55\/100 brn|[from] brn\n|-damage|p2a: Volcarona|39\/100|[from] Salt Cure\n|upkeep\n|turn|29\n|\n|t:|1700032606\n|move|p2a: Volcarona|Fiery Dance|p1a: Zapdos\n|-damage|p1a: Zapdos|0 fnt\n|faint|p1a: Zapdos\n|\n|-damage|p2a: Volcarona|14\/100|[from] Salt Cure\n|upkeep\n|\n|t:|1700032610\n|switch|p1a: Scizor|Scizor, M|100\/100\n|turn|30\n|\n|t:|1700032615\n|detailschange|p1a: Scizor|Scizor-Mega, M\n|-mega|p1a: Scizor|Scizor|Scizorite\n|move|p1a: Scizor|Bullet Punch|p2a: Volcarona\n|-resisted|p2a: Volcarona\n|-damage|p2a: Volcarona|0 fnt\n|faint|p2a: Volcarona\n|\n|upkeep\n|\n|t:|1700032622\n|switch|p2a: Garganacl|Garganacl, F|86\/100\n|turn|31\n|\n|t:|1700032629\n|move|p1a: Scizor|Bullet Punch|p2a: Garganacl\n|-supereffective|p2a: Garganacl\n|-damage|p2a: Garganacl|49\/100\n|move|p2a: Garganacl|Salt Cure|p1a: Scizor\n|-damage|p1a: Scizor|91\/100\n|-start|p1a: Scizor|Salt Cure\n|\n|-heal|p2a: Garganacl|55\/100|[from] item: Leftovers\n|-damage|p1a: Scizor|67\/100|[from] Salt Cure\n|upkeep\n|turn|32\n|\n|t:|1700032634\n|move|p1a: Scizor|U-turn|p2a: Garganacl\n|-damage|p2a: Garganacl|30\/100\n|\n|t:|1700032636\n|switch|p1a: Garganacl|Garganacl, M, shiny, tera:Water|31\/100|[from] U-turn\n|move|p2a: Garganacl|Recover|p2a: Garganacl\n|-heal|p2a: Garganacl|80\/100\n|\n|-heal|p2a: Garganacl|87\/100|[from] item: Leftovers\n|-heal|p1a: Garganacl|37\/100|[from] item: Leftovers\n|upkeep\n|turn|33\n|\n|t:|1700032641\n|move|p1a: Garganacl|Body Press|p2a: Garganacl\n|-supereffective|p2a: Garganacl\n|-damage|p2a: Garganacl|54\/100\n|move|p2a: Garganacl|Salt Cure|p1a: Garganacl\n|-damage|p1a: Garganacl|28\/100\n|-start|p1a: Garganacl|Salt Cure\n|\n|-heal|p2a: Garganacl|60\/100|[from] item: Leftovers\n|-heal|p1a: Garganacl|34\/100|[from] item: Leftovers\n|-damage|p1a: Garganacl|9\/100|[from] Salt Cure\n|upkeep\n|turn|34\n|\n|t:|1700032644\n|move|p1a: Garganacl|Salt Cure|p2a: Garganacl\n|-crit|p2a: Garganacl\n|-damage|p2a: Garganacl|47\/100\n|-start|p2a: Garganacl|Salt Cure\n|move|p2a: Garganacl|Iron Defense|p2a: Garganacl\n|-boost|p2a: Garganacl|def|2\n|\n|-heal|p1a: Garganacl|15\/100|[from] item: Leftovers\n|-heal|p2a: Garganacl|53\/100|[from] item: Leftovers\n|-damage|p1a: Garganacl|0 fnt|[from] Salt Cure\n|faint|p1a: Garganacl\n|-damage|p2a: Garganacl|40\/100|[from] Salt Cure\n|upkeep\n|\n|t:|1700032646\n|switch|p1a: Scizor|Scizor-Mega, M|67\/100\n|turn|35\n|\n|t:|1700032654\n|move|p1a: Scizor|Bullet Punch|p2a: Garganacl\n|-supereffective|p2a: Garganacl\n|-damage|p2a: Garganacl|21\/100\n|move|p2a: Garganacl|Salt Cure|p1a: Scizor\n|-damage|p1a: Scizor|58\/100\n|-start|p1a: Scizor|Salt Cure\n|\n|-heal|p2a: Garganacl|27\/100|[from] item: Leftovers\n|-damage|p1a: Scizor|33\/100|[from] Salt Cure\n|-damage|p2a: Garganacl|14\/100|[from] Salt Cure\n|upkeep\n|turn|36\n|\n|t:|1700032657\n|move|p1a: Scizor|Bullet Punch|p2a: Garganacl\n|-supereffective|p2a: Garganacl\n|-damage|p2a: Garganacl|0 fnt\n|faint|p2a: Garganacl\n|\n|-damage|p1a: Scizor|8\/100|[from] Salt Cure\n|upkeep\n|\n|t:|1700032664\n|switch|p2a: Gliscor|Gliscor, F|100\/100 tox\n|turn|37\n|\n|t:|1700032666\n|move|p2a: Gliscor|Protect|p2a: Gliscor\n|-singleturn|p2a: Gliscor|Protect\n|move|p1a: Scizor|Roost|p1a: Scizor\n|-heal|p1a: Scizor|59\/100\n|-singleturn|p1a: Scizor|move: Roost\n|\n|-damage|p1a: Scizor|34\/100|[from] Salt Cure\n|upkeep\n|turn|38\n|\n|t:|1700032670\n|move|p2a: Gliscor|Earthquake|p1a: Scizor\n|-damage|p1a: Scizor|12\/100\n|move|p1a: Scizor|Roost|p1a: Scizor\n|-heal|p1a: Scizor|62\/100\n|-singleturn|p1a: Scizor|move: Roost\n|\n|-damage|p1a: Scizor|37\/100|[from] Salt Cure\n|upkeep\n|turn|39\n|\n|t:|1700032674\n|move|p1a: Scizor|Bullet Punch|p2a: Gliscor\n|-damage|p2a: Gliscor|81\/100 tox\n|move|p2a: Gliscor|Earthquake|p1a: Scizor\n|-damage|p1a: Scizor|14\/100\n|\n|-heal|p2a: Gliscor|93\/100 tox|[from] ability: Poison Heal\n|-damage|p1a: Scizor|0 fnt|[from] Salt Cure\n|faint|p1a: Scizor\n|\n|win|TMLester\n|upkeep\n|raw|GABRIEL_HU's rating: 1461 &rarr; <strong>1444<\/strong><br \/>(-17 for losing)\n|raw|TMLester's rating: 1505 &rarr; <strong>1522<\/strong><br \/>(+17 for winning)\n","uploadtime":1700032677,"views":5,"p1id":"gabrielhu","p2id":"tmlester","formatid":"gen9nationaldex","rating":1444,"private":0,"password":""}