{"id":"gen9nationaldex-1995715265","p1":"Carnelia Stones","p2":"The power of ROCK","format":"[Gen 9] National Dex","log":"|html|<div class=\"broadcast-blue\"><strong>[Gen 9] National Dex is currently suspecting Sneasler! For information on how to participate check out the <a href=\"https:\/\/www.smogon.com\/forums\/threads\/sv-national-dex-suspect-8-just-dance.3731534\/\">suspect thread<\/a>.<\/strong><\/div>\n|j|\u2606Carnelia Stones\n|j|\u2606The power of ROCK\n|t:|1700596442\n|gametype|singles\n|player|p1|Carnelia Stones|hexmaniac-gen3jp|\n|player|p2|The power of ROCK|roark|\n|teamsize|p1|6\n|teamsize|p2|6\n|gen|9\n|tier|[Gen 9] National Dex\n|rule|HP Percentage Mod: HP is shown in percentages\n|rule|Endless Battle Clause: Forcing endless battles is banned\n|rule|OHKO Clause: OHKO moves are banned\n|rule|Evasion Clause: Evasion abilities, items, and moves are banned\n|rule|Evasion Abilities Clause: Evasion abilities are banned\n|rule|Evasion Items Clause: Evasion items are banned\n|rule|Evasion Moves Clause: Evasion moves are banned\n|rule|Species Clause: Limit one of each Pok\u00e9mon\n|rule|Sleep Clause Mod: Limit one foe put to sleep\n|clearpoke\n|poke|p1|Dhelmise|\n|poke|p1|Steelix, M|\n|poke|p1|Dracozolt|\n|poke|p1|Slowbro, M|\n|poke|p1|Tyranitar, F|\n|poke|p1|Cresselia, F|\n|poke|p2|Tyranitar, F|\n|poke|p2|Garganacl, M|\n|poke|p2|Aggron, M|\n|poke|p2|Cradily, M|\n|poke|p2|Glimmora, M|\n|poke|p2|Aurorus, F|\n|teampreview\n|c|\u2606The power of ROCK|Welcome to the ROCK gym\n|inactive|Battle timer is ON: inactive players will automatically lose when time's up. (requested by The power of ROCK)\n|c|\u2606Carnelia Stones|welcome the stone gym enjoy your stay\n|\n|t:|1700596551\n|start\n|switch|p1a: Demon King|Tyranitar, F, shiny|100\/100\n|switch|p2a: Aurorus|Aurorus, F|100\/100\n|-weather|Snow|[from] ability: Snow Warning|[of] p2a: Aurorus\n|-weather|Sandstorm|[from] ability: Sand Stream|[of] p1a: Demon King\n|turn|1\n|\n|t:|1700596564\n|switch|p2a: Cradily|Cradily, M|100\/100\n|move|p1a: Demon King|Stealth Rock|p2a: Cradily\n|-sidestart|p2: The power of ROCK|move: Stealth Rock\n|\n|-weather|Sandstorm|[upkeep]\n|upkeep\n|turn|2\n|\n|t:|1700596575\n|switch|p1a: Ghost Tales|Dhelmise, shiny|100\/100\n|move|p2a: Cradily|Leech Seed|p1a: Ghost Tales\n|-immune|p1a: Ghost Tales\n|\n|-weather|Sandstorm|[upkeep]\n|-damage|p1a: Ghost Tales|94\/100|[from] Sandstorm\n|upkeep\n|turn|3\n|\n|t:|1700596580\n|switch|p2a: Glimmora|Glimmora, M|100\/100\n|-damage|p2a: Glimmora|88\/100|[from] Stealth Rock\n|move|p1a: Ghost Tales|Swords Dance|p1a: Ghost Tales\n|-boost|p1a: Ghost Tales|atk|2\n|\n|-weather|Sandstorm|[upkeep]\n|-damage|p1a: Ghost Tales|88\/100|[from] Sandstorm\n|upkeep\n|turn|4\n|\n|t:|1700596584\n|move|p2a: Glimmora|Mortal Spin|p1a: Ghost Tales\n|-damage|p1a: Ghost Tales|83\/100\n|-status|p1a: Ghost Tales|psn\n|-sideend|p2: The power of ROCK|Stealth Rock|[from] move: Mortal Spin|[of] p2a: Glimmora\n|move|p1a: Ghost Tales|Anchor Shot|p2a: Glimmora\n|-supereffective|p2a: Glimmora\n|-damage|p2a: Glimmora|0 fnt\n|-activate|p2a: Glimmora|ability: Toxic Debris\n|-sidestart|p1: Carnelia Stones|move: Toxic Spikes\n|faint|p2a: Glimmora\n|\n|-weather|Sandstorm|[upkeep]\n|-damage|p1a: Ghost Tales|77\/100 psn|[from] Sandstorm\n|-damage|p1a: Ghost Tales|65\/100 psn|[from] psn\n|upkeep\n|\n|t:|1700596597\n|switch|p2a: Tyranitar|Tyranitar, F|100\/100\n|turn|5\n|\n|t:|1700596601\n|move|p2a: Tyranitar|Knock Off|p1a: Ghost Tales\n|-supereffective|p1a: Ghost Tales\n|-damage|p1a: Ghost Tales|8\/100 psn\n|move|p1a: Ghost Tales|Anchor Shot|p2a: Tyranitar\n|-supereffective|p2a: Tyranitar\n|-damage|p2a: Tyranitar|0 fnt\n|faint|p2a: Tyranitar\n|\n|-weather|Sandstorm|[upkeep]\n|-damage|p1a: Ghost Tales|2\/100 psn|[from] Sandstorm\n|-damage|p1a: Ghost Tales|0 fnt|[from] psn\n|faint|p1a: Ghost Tales\n|upkeep\n|\n|t:|1700596610\n|switch|p2a: Aggron|Aggron, M|100\/100\n|switch|p1a: Earth Wyrm Gem|Steelix, M, shiny|100\/100\n|turn|6\n|\n|t:|1700596615\n|detailschange|p2a: Aggron|Aggron-Mega, M\n|-mega|p2a: Aggron|Aggron|Aggronite\n|detailschange|p1a: Earth Wyrm Gem|Steelix-Mega, M, shiny\n|-mega|p1a: Earth Wyrm Gem|Steelix|Steelixite\n|move|p2a: Aggron|Iron Defense|p2a: Aggron\n|-boost|p2a: Aggron|def|2\n|move|p1a: Earth Wyrm Gem|Earthquake|p2a: Aggron\n|-supereffective|p2a: Aggron\n|-damage|p2a: Aggron|80\/100\n|\n|-weather|Sandstorm|[upkeep]\n|upkeep\n|turn|7\n|\n|t:|1700596624\n|move|p2a: Aggron|Iron Defense|p2a: Aggron\n|-boost|p2a: Aggron|def|2\n|move|p1a: Earth Wyrm Gem|Curse|p1a: Earth Wyrm Gem\n|-unboost|p1a: Earth Wyrm Gem|spe|1\n|-boost|p1a: Earth Wyrm Gem|atk|1\n|-boost|p1a: Earth Wyrm Gem|def|1\n|\n|-weather|Sandstorm|[upkeep]\n|upkeep\n|turn|8\n|\n|t:|1700596626\n|move|p2a: Aggron|Iron Defense|p2a: Aggron\n|-boost|p2a: Aggron|def|2\n|move|p1a: Earth Wyrm Gem|Curse|p1a: Earth Wyrm Gem\n|-unboost|p1a: Earth Wyrm Gem|spe|1\n|-boost|p1a: Earth Wyrm Gem|atk|1\n|-boost|p1a: Earth Wyrm Gem|def|1\n|\n|-weather|none\n|upkeep\n|turn|9\n|\n|t:|1700596632\n|switch|p1a: Liquid Crystal|Slowbro, M, shiny|100\/100\n|-status|p1a: Liquid Crystal|psn\n|move|p2a: Aggron|Body Press|p1a: Liquid Crystal\n|-resisted|p1a: Liquid Crystal\n|-damage|p1a: Liquid Crystal|47\/100 psn\n|\n|-damage|p1a: Liquid Crystal|34\/100 psn|[from] psn\n|upkeep\n|turn|10\n|\n|t:|1700596639\n|move|p2a: Aggron|Body Press|p1a: Liquid Crystal\n|-resisted|p1a: Liquid Crystal\n|-damage|p1a: Liquid Crystal|0 fnt\n|faint|p1a: Liquid Crystal\n|\n|upkeep\n|\n|t:|1700596644\n|switch|p1a: Demon King|Tyranitar, F, shiny|100\/100\n|-status|p1a: Demon King|psn\n|-weather|Sandstorm|[from] ability: Sand Stream|[of] p1a: Demon King\n|turn|11\n|\n|t:|1700596652\n|move|p1a: Demon King|Ice Beam|p2a: Aggron\n|-resisted|p2a: Aggron\n|-damage|p2a: Aggron|65\/100\n|move|p2a: Aggron|Body Press|p1a: Demon King\n|-supereffective|p1a: Demon King\n|-damage|p1a: Demon King|0 fnt\n|faint|p1a: Demon King\n|\n|-weather|Sandstorm|[upkeep]\n|upkeep\n|\n|t:|1700596657\n|switch|p1a: Iron Storm|Dracozolt, shiny|100\/100\n|-status|p1a: Iron Storm|psn\n|turn|12\n|\n|t:|1700596661\n|move|p1a: Iron Storm|Fire Blast|p2a: Aggron\n|-supereffective|p2a: Aggron\n|-damage|p2a: Aggron|11\/100\n|-damage|p1a: Iron Storm|91\/100 psn|[from] item: Life Orb\n|move|p2a: Aggron|Body Press|p1a: Iron Storm\n|-damage|p1a: Iron Storm|0 fnt\n|faint|p1a: Iron Storm\n|\n|-weather|Sandstorm|[upkeep]\n|upkeep\n|\n|t:|1700596667\n|switch|p1a: Moonlight Sonata|Cresselia, F, shiny|100\/100\n|turn|13\n|\n|t:|1700596671\n|move|p2a: Aggron|Rest|p2a: Aggron\n|-status|p2a: Aggron|slp|[from] move: Rest\n|-heal|p2a: Aggron|100\/100 slp|[silent]\n|move|p1a: Moonlight Sonata|Trick Room|p1a: Moonlight Sonata\n|-fieldstart|move: Trick Room|[of] p1a: Moonlight Sonata\n|\n|-weather|Sandstorm|[upkeep]\n|-damage|p1a: Moonlight Sonata|94\/100|[from] Sandstorm\n|upkeep\n|turn|14\n|\n|t:|1700596675\n|switch|p1a: Earth Wyrm Gem|Steelix-Mega, M, shiny|100\/100\n|cant|p2a: Aggron|slp\n|move|p2a: Aggron|Sleep Talk|p2a: Aggron\n|move|p2a: Aggron|Rest||[from]move: Sleep Talk|[still]\n|-fail|p2a: Aggron\n|\n|-weather|Sandstorm|[upkeep]\n|upkeep\n|turn|15\n|\n|t:|1700596678\n|move|p1a: Earth Wyrm Gem|Curse|p1a: Earth Wyrm Gem\n|-unboost|p1a: Earth Wyrm Gem|spe|1\n|-boost|p1a: Earth Wyrm Gem|atk|1\n|-boost|p1a: Earth Wyrm Gem|def|1\n|cant|p2a: Aggron|slp\n|move|p2a: Aggron|Sleep Talk|p2a: Aggron\n|move|p2a: Aggron|Body Press|p1a: Earth Wyrm Gem|[from]move: Sleep Talk\n|-supereffective|p1a: Earth Wyrm Gem\n|-damage|p1a: Earth Wyrm Gem|0 fnt\n|faint|p1a: Earth Wyrm Gem\n|\n|-weather|Sandstorm|[upkeep]\n|upkeep\n|\n|t:|1700596682\n|switch|p1a: Moonlight Sonata|Cresselia, F, shiny|94\/100\n|turn|16\n|\n|t:|1700596686\n|-curestatus|p2a: Aggron|slp|[msg]\n|move|p2a: Aggron|Body Press|p1a: Moonlight Sonata\n|-resisted|p1a: Moonlight Sonata\n|-damage|p1a: Moonlight Sonata|25\/100\n|move|p1a: Moonlight Sonata|Moonlight|p1a: Moonlight Sonata\n|-heal|p1a: Moonlight Sonata|50\/100\n|\n|-weather|Sandstorm|[upkeep]\n|-damage|p1a: Moonlight Sonata|44\/100|[from] Sandstorm\n|upkeep\n|turn|17\n|\n|t:|1700596691\n|move|p2a: Aggron|Body Press|p1a: Moonlight Sonata\n|-resisted|p1a: Moonlight Sonata\n|-damage|p1a: Moonlight Sonata|0 fnt\n|faint|p1a: Moonlight Sonata\n|\n|win|The power of ROCK\n|c|\u2606The power of ROCK|gg : )\n|c|\u2606Carnelia Stones|gg fun match\n|c|\u2606Carnelia Stones|:)\n","uploadtime":1700596701,"views":0,"p1id":"carneliastones","p2id":"thepowerofrock","formatid":"gen9nationaldex","rating":0,"private":0,"password":""}