{"id":"gen9nationaldex-1996635187","p1":"IronFlashGaming","p2":"TheIllustriousYUBI","format":"[Gen 9] National Dex","log":"|html|<div class=\"broadcast-blue\"><strong>[Gen 9] National Dex is currently suspecting Sneasler! For information on how to participate check out the <a href=\"https:\/\/www.smogon.com\/forums\/threads\/sv-national-dex-suspect-8-just-dance.3731534\/\">suspect thread<\/a>.<\/strong><\/div>\n|j|\u2606IronFlashGaming\n|j|\u2606TheIllustriousYUBI\n|t:|1700703332\n|gametype|singles\n|player|p1|IronFlashGaming|ltsurge|1535\n|player|p2|TheIllustriousYUBI|brycenman|1499\n|teamsize|p1|6\n|teamsize|p2|6\n|gen|9\n|tier|[Gen 9] National Dex\n|rated|\n|rule|HP Percentage Mod: HP is shown in percentages\n|rule|Endless Battle Clause: Forcing endless battles is banned\n|rule|OHKO Clause: OHKO moves are banned\n|rule|Evasion Clause: Evasion abilities, items, and moves are banned\n|rule|Evasion Abilities Clause: Evasion abilities are banned\n|rule|Evasion Items Clause: Evasion items are banned\n|rule|Evasion Moves Clause: Evasion moves are banned\n|rule|Species Clause: Limit one of each Pok\u00e9mon\n|rule|Sleep Clause Mod: Limit one foe put to sleep\n|clearpoke\n|poke|p1|Togekiss, F|\n|poke|p1|Jirachi|\n|poke|p1|Serperior, F|\n|poke|p1|Greninja-*, M|\n|poke|p1|Garchomp, M|\n|poke|p1|Tapu Koko|\n|poke|p2|Weavile, F|\n|poke|p2|Corviknight, M|\n|poke|p2|Tapu Koko|\n|poke|p2|Iron Valiant|\n|poke|p2|Sneasler, F|\n|poke|p2|Gastrodon, M|\n|teampreview\n|inactive|Battle timer is ON: inactive players will automatically lose when time's up. (requested by TheIllustriousYUBI)\n|\n|t:|1700703343\n|start\n|switch|p1a: Tapu Koko|Tapu Koko|100\/100\n|switch|p2a: Weavile|Weavile, F|100\/100\n|-fieldstart|move: Electric Terrain|[from] ability: Electric Surge|[of] p1a: Tapu Koko\n|-ability|p2a: Weavile|Pressure\n|turn|1\n|inactive|TheIllustriousYUBI has 120 seconds left.\n|\n|t:|1700703379\n|switch|p1a: Greninja|Greninja, M|100\/100\n|move|p2a: Weavile|Triple Axel|p1a: Greninja|[miss]\n|-miss|p2a: Weavile|p1a: Greninja\n|\n|upkeep\n|turn|2\n|inactive|TheIllustriousYUBI has 120 seconds left.\n|\n|t:|1700703388\n|switch|p2a: Corviknight|Corviknight, M|100\/100\n|-ability|p2a: Corviknight|Pressure\n|move|p1a: Greninja|Spikes|p2a: Corviknight\n|-sidestart|p2: TheIllustriousYUBI|Spikes\n|\n|upkeep\n|turn|3\n|\n|t:|1700703391\n|move|p1a: Greninja|Surf|p2a: Corviknight\n|-damage|p2a: Corviknight|52\/100\n|-damage|p1a: Greninja|91\/100|[from] item: Life Orb\n|move|p2a: Corviknight|U-turn|p1a: Greninja\n|-supereffective|p1a: Greninja\n|-damage|p1a: Greninja|39\/100\n|\n|t:|1700703398\n|switch|p2a: Iron Valiant|Iron Valiant|100\/100|[from] U-turn\n|-damage|p2a: Iron Valiant|88\/100|[from] Spikes\n|-activate|p2a: Iron Valiant|ability: Quark Drive\n|-start|p2a: Iron Valiant|quarkdrivespe\n|\n|upkeep\n|turn|4\n|\n|t:|1700703413\n|move|p1a: Greninja|Water Shuriken|p2a: Iron Valiant\n|-damage|p2a: Iron Valiant|70\/100\n|-damage|p2a: Iron Valiant|54\/100\n|-damage|p2a: Iron Valiant|38\/100\n|-hitcount|p2a: Iron Valiant|3\n|-damage|p1a: Greninja|29\/100|[from] item: Life Orb\n|move|p2a: Iron Valiant|Moonblast|p1a: Greninja\n|-supereffective|p1a: Greninja\n|-damage|p1a: Greninja|0 fnt\n|faint|p1a: Greninja\n|\n|upkeep\n|\n|t:|1700703421\n|switch|p1a: Jirachi|Jirachi|100\/100\n|turn|5\n|\n|t:|1700703425\n|-end|p2a: Iron Valiant|Quark Drive|[silent]\n|switch|p2a: Corviknight|Corviknight, M|52\/100\n|-ability|p2a: Corviknight|Pressure\n|move|p1a: Jirachi|Iron Head|p2a: Corviknight\n|-resisted|p2a: Corviknight\n|-damage|p2a: Corviknight|42\/100\n|-damage|p1a: Jirachi|84\/100|[from] item: Rocky Helmet|[of] p2a: Corviknight\n|\n|-heal|p1a: Jirachi|90\/100|[from] item: Leftovers\n|-fieldend|move: Electric Terrain\n|upkeep\n|turn|6\n|\n|t:|1700703429\n|move|p1a: Jirachi|Fire Punch|p2a: Corviknight\n|-supereffective|p2a: Corviknight\n|-damage|p2a: Corviknight|20\/100\n|-damage|p1a: Jirachi|74\/100|[from] item: Rocky Helmet|[of] p2a: Corviknight\n|move|p2a: Corviknight|Roost|p2a: Corviknight\n|-heal|p2a: Corviknight|70\/100\n|-singleturn|p2a: Corviknight|move: Roost\n|\n|-heal|p1a: Jirachi|80\/100|[from] item: Leftovers\n|upkeep\n|turn|7\n|\n|t:|1700703437\n|move|p1a: Jirachi|Thunder Wave|p2a: Corviknight\n|-status|p2a: Corviknight|par\n|cant|p2a: Corviknight|par\n|\n|-heal|p1a: Jirachi|86\/100|[from] item: Leftovers\n|upkeep\n|turn|8\n|\n|t:|1700703442\n|move|p1a: Jirachi|Iron Head|p2a: Corviknight\n|-resisted|p2a: Corviknight\n|-damage|p2a: Corviknight|60\/100 par\n|-damage|p1a: Jirachi|70\/100|[from] item: Rocky Helmet|[of] p2a: Corviknight\n|cant|p2a: Corviknight|flinch\n|\n|-heal|p1a: Jirachi|76\/100|[from] item: Leftovers\n|upkeep\n|turn|9\n|\n|t:|1700703448\n|move|p1a: Jirachi|Iron Head|p2a: Corviknight\n|-resisted|p2a: Corviknight\n|-damage|p2a: Corviknight|52\/100 par\n|-damage|p1a: Jirachi|60\/100|[from] item: Rocky Helmet|[of] p2a: Corviknight\n|cant|p2a: Corviknight|flinch\n|\n|-heal|p1a: Jirachi|66\/100|[from] item: Leftovers\n|upkeep\n|turn|10\n|\n|t:|1700703453\n|move|p1a: Jirachi|Iron Head|p2a: Corviknight\n|-resisted|p2a: Corviknight\n|-crit|p2a: Corviknight\n|-damage|p2a: Corviknight|38\/100 par\n|-damage|p1a: Jirachi|49\/100|[from] item: Rocky Helmet|[of] p2a: Corviknight\n|cant|p2a: Corviknight|flinch\n|\n|-heal|p1a: Jirachi|56\/100|[from] item: Leftovers\n|upkeep\n|turn|11\n|\n|t:|1700703461\n|move|p1a: Jirachi|Iron Head|p2a: Corviknight\n|-resisted|p2a: Corviknight\n|-damage|p2a: Corviknight|29\/100 par\n|-damage|p1a: Jirachi|39\/100|[from] item: Rocky Helmet|[of] p2a: Corviknight\n|cant|p2a: Corviknight|flinch\n|\n|-heal|p1a: Jirachi|45\/100|[from] item: Leftovers\n|upkeep\n|turn|12\n|\n|t:|1700703467\n|move|p1a: Jirachi|Iron Head|p2a: Corviknight\n|-resisted|p2a: Corviknight\n|-damage|p2a: Corviknight|20\/100 par\n|-damage|p1a: Jirachi|29\/100|[from] item: Rocky Helmet|[of] p2a: Corviknight\n|move|p2a: Corviknight|Roost|p2a: Corviknight\n|-heal|p2a: Corviknight|70\/100 par\n|-singleturn|p2a: Corviknight|move: Roost\n|\n|-heal|p1a: Jirachi|35\/100|[from] item: Leftovers\n|upkeep\n|turn|13\n|\n|t:|1700703475\n|move|p1a: Jirachi|Iron Head|p2a: Corviknight\n|-resisted|p2a: Corviknight\n|-damage|p2a: Corviknight|60\/100 par\n|-damage|p1a: Jirachi|19\/100|[from] item: Rocky Helmet|[of] p2a: Corviknight\n|move|p2a: Corviknight|Roost|p2a: Corviknight\n|-heal|p2a: Corviknight|100\/100 par\n|-singleturn|p2a: Corviknight|move: Roost\n|\n|-heal|p1a: Jirachi|25\/100|[from] item: Leftovers\n|upkeep\n|turn|14\n|\n|t:|1700703483\n|move|p1a: Jirachi|Fire Punch|p2a: Corviknight\n|-supereffective|p2a: Corviknight\n|-damage|p2a: Corviknight|78\/100 par\n|-damage|p1a: Jirachi|8\/100|[from] item: Rocky Helmet|[of] p2a: Corviknight\n|cant|p2a: Corviknight|par\n|\n|-heal|p1a: Jirachi|15\/100|[from] item: Leftovers\n|upkeep\n|turn|15\n|\n|t:|1700703492\n|move|p1a: Jirachi|Fire Punch|p2a: Corviknight\n|-supereffective|p2a: Corviknight\n|-damage|p2a: Corviknight|56\/100 par\n|-damage|p1a: Jirachi|0 fnt|[from] item: Rocky Helmet|[of] p2a: Corviknight\n|faint|p1a: Jirachi\n|cant|p2a: Corviknight|par\n|\n|upkeep\n|\n|t:|1700703503\n|switch|p1a: Togekiss|Togekiss, F|100\/100\n|turn|16\n|\n|t:|1700703509\n|switch|p2a: Gastrodon|Gastrodon, M|100\/100\n|-damage|p2a: Gastrodon|88\/100|[from] Spikes\n|move|p1a: Togekiss|Air Slash|p2a: Gastrodon\n|-damage|p2a: Gastrodon|63\/100\n|\n|-heal|p2a: Gastrodon|69\/100|[from] item: Leftovers\n|upkeep\n|turn|17\n|\n|t:|1700703517\n|switch|p2a: Tapu Koko|Tapu Koko|100\/100\n|-fieldstart|move: Electric Terrain|[from] ability: Electric Surge|[of] p2a: Tapu Koko\n|-terastallize|p1a: Togekiss|Flying\n|move|p1a: Togekiss|Air Slash|p2a: Tapu Koko\n|-resisted|p2a: Tapu Koko\n|-crit|p2a: Tapu Koko\n|-damage|p2a: Tapu Koko|42\/100\n|\n|upkeep\n|turn|18\n|\n|t:|1700703521\n|move|p1a: Togekiss|Air Slash|p2a: Tapu Koko\n|-resisted|p2a: Tapu Koko\n|-damage|p2a: Tapu Koko|5\/100\n|move|p2a: Tapu Koko|Thunderbolt|p1a: Togekiss\n|-supereffective|p1a: Togekiss\n|-damage|p1a: Togekiss|12\/100\n|\n|upkeep\n|turn|19\n|\n|t:|1700703534\n|switch|p2a: Corviknight|Corviknight, M|56\/100 par\n|-ability|p2a: Corviknight|Pressure\n|move|p1a: Togekiss|Air Slash|p2a: Corviknight\n|-resisted|p2a: Corviknight\n|-damage|p2a: Corviknight|34\/100 par\n|\n|upkeep\n|turn|20\n|\n|t:|1700703538\n|move|p1a: Togekiss|Air Slash|p2a: Corviknight\n|-resisted|p2a: Corviknight\n|-damage|p2a: Corviknight|10\/100 par\n|cant|p2a: Corviknight|flinch\n|\n|upkeep\n|turn|21\n|\n|t:|1700703542\n|move|p1a: Togekiss|Air Slash|p2a: Corviknight\n|-resisted|p2a: Corviknight\n|-damage|p2a: Corviknight|0 fnt\n|faint|p2a: Corviknight\n|\n|-fieldend|move: Electric Terrain\n|upkeep\n|\n|t:|1700703548\n|switch|p2a: Weavile|Weavile, F|100\/100\n|-damage|p2a: Weavile|88\/100|[from] Spikes\n|-ability|p2a: Weavile|Pressure\n|turn|22\n|\n|t:|1700703567\n|switch|p1a: Garchomp|Garchomp, M|100\/100\n|move|p2a: Weavile|Ice Shard|p1a: Garchomp\n|-supereffective|p1a: Garchomp\n|-damage|p1a: Garchomp|0 fnt\n|faint|p1a: Garchomp\n|\n|upkeep\n|\n|t:|1700703571\n|switch|p1a: Tapu Koko|Tapu Koko|100\/100\n|-fieldstart|move: Electric Terrain|[from] ability: Electric Surge|[of] p1a: Tapu Koko\n|turn|23\n|\n|t:|1700703583\n|switch|p1a: Serperior|Serperior, F|100\/100\n|switch|p2a: Tapu Koko|Tapu Koko|5\/100\n|\n|upkeep\n|turn|24\n|\n|t:|1700703589\n|move|p2a: Tapu Koko|U-turn|p1a: Serperior\n|-supereffective|p1a: Serperior\n|-damage|p1a: Serperior|62\/100\n|\n|t:|1700703592\n|switch|p2a: Weavile|Weavile, F|88\/100|[from] U-turn\n|-damage|p2a: Weavile|76\/100|[from] Spikes\n|-ability|p2a: Weavile|Pressure\n|move|p1a: Serperior|Substitute|p1a: Serperior\n|-start|p1a: Serperior|Substitute\n|-damage|p1a: Serperior|37\/100\n|\n|-heal|p1a: Serperior|43\/100|[from] item: Leftovers\n|upkeep\n|turn|25\n|\n|t:|1700703598\n|move|p2a: Weavile|Triple Axel|p1a: Serperior\n|-supereffective|p1a: Serperior\n|-end|p1a: Serperior|Substitute\n|-supereffective|p1a: Serperior\n|-crit|p1a: Serperior\n|-damage|p1a: Serperior|0 fnt\n|faint|p1a: Serperior\n|-hitcount|p1: Serperior|2\n|\n|upkeep\n|\n|t:|1700703601\n|switch|p1a: Tapu Koko|Tapu Koko|100\/100\n|turn|26\n|\n|t:|1700703610\n|-terastallize|p2a: Weavile|Ice\n|move|p1a: Tapu Koko|Dazzling Gleam|p2a: Weavile\n|-crit|p2a: Weavile\n|-damage|p2a: Weavile|2\/100\n|move|p2a: Weavile|Triple Axel|p1a: Tapu Koko\n|-damage|p1a: Tapu Koko|74\/100\n|-damage|p1a: Tapu Koko|20\/100\n|-damage|p1a: Tapu Koko|0 fnt\n|faint|p1a: Tapu Koko\n|-hitcount|p1: Tapu Koko|3\n|\n|upkeep\n|\n|t:|1700703616\n|switch|p1a: Togekiss|Togekiss, F, tera:Flying|12\/100\n|turn|27\n|\n|t:|1700703623\n|move|p1a: Togekiss|Air Slash|p2a: Weavile|[miss]\n|-miss|p1a: Togekiss|p2a: Weavile\n|move|p2a: Weavile|Triple Axel|p1a: Togekiss\n|-supereffective|p1a: Togekiss\n|-damage|p1a: Togekiss|0 fnt\n|faint|p1a: Togekiss\n|-hitcount|p1: Togekiss|1\n|\n|win|TheIllustriousYUBI\n|raw|IronFlashGaming's rating: 1535 &rarr; <strong>1513<\/strong><br \/>(-22 for losing)\n|raw|TheIllustriousYUBI's rating: 1499 &rarr; <strong>1521<\/strong><br \/>(+22 for winning)\n","uploadtime":1700703628,"views":2,"p1id":"ironflashgaming","p2id":"theillustriousyubi","formatid":"gen9nationaldex","rating":1513,"private":0,"password":""}