{"id":"gen9nationaldex-1996691464","p1":"PEEN0R","p2":"finnawinbruh","format":"[Gen 9] National Dex","log":"|html|<div class=\"broadcast-blue\"><strong>[Gen 9] National Dex is currently suspecting Sneasler! For information on how to participate check out the <a href=\"https:\/\/www.smogon.com\/forums\/threads\/sv-national-dex-suspect-8-just-dance.3731534\/\">suspect thread<\/a>.<\/strong><\/div>\n|j|\u2606PEEN0R\n|j|\u2606finnawinbruh\n|t:|1700710306\n|gametype|singles\n|player|p1|PEEN0R|swimmer-gen4dp|1514\n|player|p2|finnawinbruh|volkner|1558\n|teamsize|p1|6\n|teamsize|p2|6\n|gen|9\n|tier|[Gen 9] National Dex\n|rated|\n|rule|HP Percentage Mod: HP is shown in percentages\n|rule|Endless Battle Clause: Forcing endless battles is banned\n|rule|OHKO Clause: OHKO moves are banned\n|rule|Evasion Clause: Evasion abilities, items, and moves are banned\n|rule|Evasion Abilities Clause: Evasion abilities are banned\n|rule|Evasion Items Clause: Evasion items are banned\n|rule|Evasion Moves Clause: Evasion moves are banned\n|rule|Species Clause: Limit one of each Pok\u00e9mon\n|rule|Sleep Clause Mod: Limit one foe put to sleep\n|clearpoke\n|poke|p1|Venusaur, F|\n|poke|p1|Great Tusk|\n|poke|p1|Alomomola, M|\n|poke|p1|Tapu Koko|\n|poke|p1|Corviknight, F|\n|poke|p1|Weavile, M|\n|poke|p2|Zamazenta-*|\n|poke|p2|Garganacl, M|\n|poke|p2|Hoopa-Unbound|\n|poke|p2|Dondozo, M|\n|poke|p2|Gigalith, M|\n|poke|p2|Kyurem|\n|teampreview\n|inactive|Battle timer is ON: inactive players will automatically lose when time's up. (requested by finnawinbruh)\n|\n|t:|1700710320\n|start\n|switch|p1a: Chael Sonnen|Great Tusk|100\/100\n|switch|p2a: Kyurem|Kyurem|100\/100\n|-ability|p2a: Kyurem|Pressure\n|turn|1\n|inactive|PEEN0R has 120 seconds left.\n|c|\u2606finnawinbruh|Dont calc mid battle\n|c|\u2606finnawinbruh|That shits gay\n|inactive|PEEN0R has 90 seconds left.\n|c|\u2606PEEN0R|bruh\n|c|\u2606PEEN0R|i was juust watching youtube\n|c|\u2606finnawinbruh|Oh\n|\n|t:|1700710397\n|-end|p1a: Chael Sonnen|Protosynthesis|[silent]\n|switch|p1a: Luvdisk|Alomomola, M|100\/100\n|move|p2a: Kyurem|Ice Beam|p1a: Luvdisk\n|-resisted|p1a: Luvdisk\n|-damage|p1a: Luvdisk|79\/100\n|\n|upkeep\n|turn|2\n|c|\u2606finnawinbruh|Lol\n|c|\u2606finnawinbruh|Ppl do that and its fucking annoying\n|\n|t:|1700710415\n|switch|p2a: Hoopa|Hoopa-Unbound|100\/100\n|move|p1a: Luvdisk|Flip Turn|p2a: Hoopa\n|-damage|p2a: Hoopa|73\/100\n|c|\u2606PEEN0R|just use showdex\n|\n|t:|1700710420\n|switch|p1a: Ye|Weavile, M|100\/100|[from] Flip Turn\n|-ability|p1a: Ye|Pressure\n|\n|upkeep\n|turn|3\n|\n|t:|1700710425\n|switch|p2a: Dondozo|Dondozo, M|100\/100\n|move|p1a: Ye|Knock Off|p2a: Dondozo\n|-damage|p2a: Dondozo|74\/100\n|-enditem|p2a: Dondozo|Assault Vest|[from] move: Knock Off|[of] p1a: Ye\n|\n|upkeep\n|turn|4\n|inactive|PEEN0R has 90 seconds left.\n|\n|t:|1700710443\n|switch|p1a: Mariguana|Venusaur, F|100\/100\n|switch|p2a: Hoopa|Hoopa-Unbound|73\/100\n|\n|upkeep\n|turn|5\n|inactive|finnawinbruh has 120 seconds left.\n|\n|t:|1700710478\n|switch|p1a: WE ARE SO BACK|Corviknight, F|100\/100\n|-ability|p1a: WE ARE SO BACK|Pressure\n|move|p2a: Hoopa|Dark Pulse|p1a: WE ARE SO BACK\n|-damage|p1a: WE ARE SO BACK|28\/100\n|\n|upkeep\n|turn|6\n|\n|t:|1700710492\n|move|p2a: Hoopa|Dark Pulse|p1a: WE ARE SO BACK\n|-damage|p1a: WE ARE SO BACK|0 fnt\n|faint|p1a: WE ARE SO BACK\n|\n|upkeep\n|\n|t:|1700710495\n|switch|p1a: Tapu Koko|Tapu Koko|100\/100\n|-fieldstart|move: Electric Terrain|[from] ability: Electric Surge|[of] p1a: Tapu Koko\n|turn|7\n|\n|t:|1700710505\n|switch|p2a: Gigalith|Gigalith, M|100\/100\n|-weather|Sandstorm|[from] ability: Sand Stream|[of] p2a: Gigalith\n|move|p1a: Tapu Koko|U-turn|p2a: Gigalith\n|-damage|p2a: Gigalith|87\/100\n|\n|t:|1700710530\n|switch|p1a: Chael Sonnen|Great Tusk|100\/100|[from] U-turn\n|\n|-weather|Sandstorm|[upkeep]\n|upkeep\n|turn|8\n|\n|t:|1700710536\n|switch|p2a: Dondozo|Dondozo, M|74\/100\n|move|p1a: Chael Sonnen|Close Combat|p2a: Dondozo\n|-damage|p2a: Dondozo|39\/100\n|-unboost|p1a: Chael Sonnen|def|1\n|-unboost|p1a: Chael Sonnen|spd|1\n|\n|-weather|Sandstorm|[upkeep]\n|-damage|p2a: Dondozo|33\/100|[from] Sandstorm\n|upkeep\n|turn|9\n|\n|t:|1700710544\n|move|p1a: Chael Sonnen|Close Combat|p2a: Dondozo\n|-damage|p2a: Dondozo|0 fnt\n|-unboost|p1a: Chael Sonnen|def|1\n|-unboost|p1a: Chael Sonnen|spd|1\n|faint|p2a: Dondozo\n|\n|-weather|Sandstorm|[upkeep]\n|upkeep\n|\n|t:|1700710553\n|switch|p2a: Kyurem|Kyurem|100\/100\n|-ability|p2a: Kyurem|Pressure\n|turn|10\n|\n|t:|1700710559\n|-end|p1a: Chael Sonnen|Protosynthesis|[silent]\n|switch|p1a: Luvdisk|Alomomola, M|100\/100\n|move|p2a: Kyurem|Freeze-Dry|p1a: Luvdisk\n|-supereffective|p1a: Luvdisk\n|-damage|p1a: Luvdisk|28\/100\n|\n|-weather|Sandstorm|[upkeep]\n|-damage|p2a: Kyurem|94\/100|[from] Sandstorm\n|-damage|p1a: Luvdisk|21\/100|[from] Sandstorm\n|upkeep\n|turn|11\n|\n|t:|1700710562\n|move|p1a: Luvdisk|Protect|p1a: Luvdisk\n|-singleturn|p1a: Luvdisk|Protect\n|move|p2a: Kyurem|Freeze-Dry|p1a: Luvdisk\n|-activate|p1a: Luvdisk|move: Protect\n|\n|-weather|none\n|-fieldend|move: Electric Terrain\n|upkeep\n|turn|12\n|\n|t:|1700710567\n|switch|p2a: Hoopa|Hoopa-Unbound|73\/100\n|switch|p1a: Tapu Koko|Tapu Koko|100\/100\n|-fieldstart|move: Electric Terrain|[from] ability: Electric Surge|[of] p1a: Tapu Koko\n|\n|upkeep\n|turn|13\n|\n|t:|1700710574\n|switch|p2a: Gigalith|Gigalith, M|87\/100\n|-weather|Sandstorm|[from] ability: Sand Stream|[of] p2a: Gigalith\n|move|p1a: Tapu Koko|U-turn|p2a: Gigalith\n|-damage|p2a: Gigalith|75\/100\n|\n|t:|1700710578\n|switch|p1a: Mariguana|Venusaur, F|100\/100|[from] U-turn\n|\n|-weather|Sandstorm|[upkeep]\n|-damage|p1a: Mariguana|94\/100|[from] Sandstorm\n|upkeep\n|turn|14\n|\n|t:|1700710583\n|switch|p2a: Hoopa|Hoopa-Unbound|73\/100\n|detailschange|p1a: Mariguana|Venusaur-Mega, F\n|-mega|p1a: Mariguana|Venusaur|Venusaurite\n|move|p1a: Mariguana|Leech Seed|p2a: Hoopa\n|-start|p2a: Hoopa|move: Leech Seed\n|\n|-weather|Sandstorm|[upkeep]\n|-damage|p2a: Hoopa|67\/100|[from] Sandstorm\n|-damage|p1a: Mariguana|88\/100|[from] Sandstorm\n|-damage|p2a: Hoopa|55\/100|[from] Leech Seed|[of] p1a: Mariguana\n|-heal|p1a: Mariguana|99\/100|[silent]\n|upkeep\n|turn|15\n|\n|t:|1700710588\n|switch|p1a: Luvdisk|Alomomola, M|55\/100\n|move|p2a: Hoopa|Thunderbolt|p1a: Luvdisk\n|-supereffective|p1a: Luvdisk\n|-damage|p1a: Luvdisk|0 fnt\n|faint|p1a: Luvdisk\n|\n|-weather|Sandstorm|[upkeep]\n|-damage|p2a: Hoopa|49\/100|[from] Sandstorm\n|upkeep\n|\n|t:|1700710592\n|switch|p1a: Tapu Koko|Tapu Koko|100\/100\n|turn|16\n|\n|t:|1700710602\n|move|p1a: Tapu Koko|U-turn|p2a: Hoopa\n|-supereffective|p2a: Hoopa\n|-damage|p2a: Hoopa|0 fnt\n|faint|p2a: Hoopa\n|\n|t:|1700710614\n|switch|p1a: Chael Sonnen|Great Tusk|100\/100|[from] U-turn\n|\n|-weather|Sandstorm|[upkeep]\n|-fieldend|move: Electric Terrain\n|upkeep\n|\n|t:|1700710633\n|switch|p2a: Kyurem|Kyurem|94\/100\n|-ability|p2a: Kyurem|Pressure\n|turn|17\n|\n|t:|1700710641\n|-terastallize|p1a: Chael Sonnen|Fighting\n|move|p2a: Kyurem|Ice Beam|p1a: Chael Sonnen\n|-damage|p1a: Chael Sonnen|19\/100\n|move|p1a: Chael Sonnen|Close Combat|p2a: Kyurem\n|-supereffective|p2a: Kyurem\n|-damage|p2a: Kyurem|0 fnt\n|-unboost|p1a: Chael Sonnen|def|1\n|-unboost|p1a: Chael Sonnen|spd|1\n|faint|p2a: Kyurem\n|\n|-weather|none\n|-heal|p1a: Chael Sonnen|25\/100|[from] item: Leftovers\n|upkeep\n|\n|t:|1700710650\n|switch|p2a: Zamazenta|Zamazenta|100\/100\n|-ability|p2a: Zamazenta|Dauntless Shield|boost\n|-boost|p2a: Zamazenta|def|1\n|turn|18\n|\n|t:|1700710657\n|-end|p1a: Chael Sonnen|Protosynthesis|[silent]\n|switch|p1a: Ye|Weavile, M|100\/100\n|-ability|p1a: Ye|Pressure\n|move|p2a: Zamazenta|Iron Defense|p2a: Zamazenta\n|-boost|p2a: Zamazenta|def|2\n|\n|upkeep\n|turn|19\n|\n|t:|1700710662\n|move|p1a: Ye|Ice Shard|p2a: Zamazenta\n|-damage|p2a: Zamazenta|94\/100\n|move|p2a: Zamazenta|Substitute|p2a: Zamazenta\n|-start|p2a: Zamazenta|Substitute\n|-damage|p2a: Zamazenta|69\/100\n|\n|-heal|p2a: Zamazenta|75\/100|[from] item: Leftovers\n|upkeep\n|turn|20\n|\n|t:|1700710666\n|move|p2a: Zamazenta|Iron Defense|p2a: Zamazenta\n|-boost|p2a: Zamazenta|def|2\n|move|p1a: Ye|Triple Axel|p2a: Zamazenta|[miss]\n|-miss|p1a: Ye|p2a: Zamazenta\n|\n|-heal|p2a: Zamazenta|81\/100|[from] item: Leftovers\n|upkeep\n|turn|21\n|\n|t:|1700710673\n|move|p2a: Zamazenta|Body Press|p1a: Ye\n|-supereffective|p1a: Ye\n|-damage|p1a: Ye|0 fnt\n|faint|p1a: Ye\n|\n|-heal|p2a: Zamazenta|87\/100|[from] item: Leftovers\n|upkeep\n|\n|t:|1700710678\n|switch|p1a: Mariguana|Venusaur-Mega, F|99\/100\n|turn|22\n|\n|t:|1700710682\n|-terastallize|p2a: Zamazenta|Fighting\n|move|p2a: Zamazenta|Body Press|p1a: Mariguana\n|-resisted|p1a: Mariguana\n|-damage|p1a: Mariguana|35\/100\n|move|p1a: Mariguana|Sludge Bomb|p2a: Zamazenta\n|-end|p2a: Zamazenta|Substitute\n|\n|-heal|p2a: Zamazenta|93\/100|[from] item: Leftovers\n|upkeep\n|turn|23\n|\n|t:|1700710707\n|move|p2a: Zamazenta|Body Press|p1a: Mariguana\n|-resisted|p1a: Mariguana\n|-damage|p1a: Mariguana|0 fnt\n|faint|p1a: Mariguana\n|\n|-heal|p2a: Zamazenta|99\/100|[from] item: Leftovers\n|upkeep\n|\n|t:|1700710710\n|switch|p1a: Tapu Koko|Tapu Koko|100\/100\n|-fieldstart|move: Electric Terrain|[from] ability: Electric Surge|[of] p1a: Tapu Koko\n|turn|24\n|\n|t:|1700710712\n|move|p2a: Zamazenta|Body Press|p1a: Tapu Koko\n|-resisted|p1a: Tapu Koko\n|-damage|p1a: Tapu Koko|0 fnt\n|faint|p1a: Tapu Koko\n|\n|-heal|p2a: Zamazenta|100\/100|[from] item: Leftovers\n|upkeep\n|inactive|PEEN0R has 120 seconds left.\n|\n|t:|1700710746\n|switch|p1a: Chael Sonnen|Great Tusk, tera:Fighting|25\/100\n|turn|25\n|inactive|PEEN0R has 120 seconds left.\n|\n|t:|1700710756\n|move|p2a: Zamazenta|Body Press|p1a: Chael Sonnen\n|-damage|p1a: Chael Sonnen|0 fnt\n|faint|p1a: Chael Sonnen\n|-end|p1a: Chael Sonnen|Protosynthesis|[silent]\n|\n|win|finnawinbruh\n|raw|PEEN0R's rating: 1514 &rarr; <strong>1497<\/strong><br \/>(-17 for losing)\n|raw|finnawinbruh's rating: 1558 &rarr; <strong>1575<\/strong><br \/>(+17 for winning)\n","uploadtime":1700710364,"views":1,"p1id":"peen0r","p2id":"finnawinbruh","formatid":"gen9nationaldex","rating":1497,"private":0,"password":""}