{"id":"gen9nationaldex-1989991918","p1":"Leviatan4","p2":"lolowtf09","format":"[Gen 9] National Dex","log":"|j|\u2606Leviatan4\n|j|\u2606lolowtf09\n|t:|1699913288\n|gametype|singles\n|player|p1|Leviatan4|scientist-gen4dp|\n|player|p2|lolowtf09|burgh|\n|teamsize|p1|6\n|teamsize|p2|6\n|gen|9\n|tier|[Gen 9] National Dex\n|rule|HP Percentage Mod: HP is shown in percentages\n|rule|Endless Battle Clause: Forcing endless battles is banned\n|rule|OHKO Clause: OHKO moves are banned\n|rule|Evasion Clause: Evasion abilities, items, and moves are banned\n|rule|Evasion Abilities Clause: Evasion abilities are banned\n|rule|Evasion Items Clause: Evasion items are banned\n|rule|Evasion Moves Clause: Evasion moves are banned\n|rule|Species Clause: Limit one of each Pok\u00e9mon\n|rule|Sleep Clause Mod: Limit one foe put to sleep\n|clearpoke\n|poke|p1|Scizor, F|\n|poke|p1|Lokix, M|\n|poke|p1|Volcarona, F|\n|poke|p1|Forretress, F|\n|poke|p1|Heracross, F|\n|poke|p1|Yanmega, M|\n|poke|p2|Dipplin, F|\n|poke|p2|Forretress, M|\n|poke|p2|Pinsir, F|\n|poke|p2|Heracross, M|\n|poke|p2|Rabsca, M|\n|poke|p2|Galvantula, F|\n|teampreview\n|\n|t:|1699913312\n|start\n|switch|p1a: Flash|Lokix, M|100\/100\n|switch|p2a: Galvantula|Galvantula, F, shiny|100\/100\n|turn|1\n|j| Gamer00ooO\n|c| Gamer00ooO|Hola\n|c|\u2606Leviatan4|Hola\n|c|\u2606lolowtf09|hoa\n|c|\u2606Leviatan4|Hmm\n|\n|t:|1699913333\n|move|p2a: Galvantula|Thunder|p1a: Flash\n|-damage|p1a: Flash|13\/100\n|move|p1a: Flash|U-turn|p2a: Galvantula\n|-damage|p2a: Galvantula|22\/100\n|-damage|p1a: Flash|3\/100|[from] item: Life Orb\n|c|\u2606Leviatan4|Uy\n|c|\u2606Leviatan4|Ya la embarr\u00e9 jsjsjs\n|\n|t:|1699913356\n|switch|p1a: Yanmega|Yanmega, M|100\/100|[from] U-turn\n|\n|upkeep\n|turn|2\n|\n|t:|1699913362\n|move|p2a: Galvantula|Thunder|p1a: Yanmega\n|-supereffective|p1a: Yanmega\n|-damage|p1a: Yanmega|0 fnt\n|faint|p1a: Yanmega\n|\n|upkeep\n|c|\u2606Leviatan4|A la...\n|\n|t:|1699913375\n|switch|p1a: Flash|Lokix, M|3\/100\n|turn|3\n|c|\u2606lolowtf09|scarf\n|\n|t:|1699913385\n|move|p1a: Flash|Sucker Punch|p2a: Galvantula\n|-damage|p2a: Galvantula|0 fnt\n|faint|p2a: Galvantula\n|-damage|p1a: Flash|0 fnt|[from] item: Life Orb\n|faint|p1a: Flash\n|\n|upkeep\n|c|\u2606Leviatan4|Weno, perd\u00ed a Yanmega innecesariamente\n|\n|t:|1699913419\n|switch|p2a: \u00d1ami|Pinsir, F|100\/100\n|switch|p1a: New One|Scizor, F|100\/100\n|turn|4\n|c|\u2606lolowtf09|si la verdad\n|\n|t:|1699913427\n|detailschange|p2a: \u00d1ami|Pinsir-Mega, F\n|-mega|p2a: \u00d1ami|Pinsir|Pinsirite\n|detailschange|p1a: New One|Scizor-Mega, F\n|-mega|p1a: New One|Scizor|Scizorite\n|move|p2a: \u00d1ami|Swords Dance|p2a: \u00d1ami\n|-boost|p2a: \u00d1ami|atk|2\n|move|p1a: New One|Swords Dance|p1a: New One\n|-boost|p1a: New One|atk|2\n|\n|upkeep\n|turn|5\n|\n|t:|1699913444\n|switch|p2a: Manzaneta|Dipplin, F, shiny|100\/100\n|move|p1a: New One|Bullet Punch|p2a: Manzaneta\n|-damage|p2a: Manzaneta|70\/100\n|\n|upkeep\n|turn|6\n|\n|t:|1699913449\n|move|p1a: New One|Bug Bite|p2a: Manzaneta\n|-supereffective|p2a: Manzaneta\n|-damage|p2a: Manzaneta|0 fnt\n|faint|p2a: Manzaneta\n|\n|upkeep\n|\n|t:|1699913457\n|switch|p2a: CHUPA BULBAS|Heracross, M|100\/100\n|turn|7\n|\n|t:|1699913463\n|move|p1a: New One|Bullet Punch|p2a: CHUPA BULBAS\n|-damage|p2a: CHUPA BULBAS|0 fnt\n|faint|p2a: CHUPA BULBAS\n|\n|upkeep\n|c|\u2606lolowtf09|no\n|c|\u2606lolowtf09|gg\n|\n|t:|1699913471\n|switch|p2a: \u00d1ami|Pinsir-Mega, F|100\/100\n|turn|8\n|c| Gamer00ooO|Gg\n|c|\u2606Leviatan4|No, no tengo counter para volador\n|c|\u2606Leviatan4|Mmm\n|c|\u2606lolowtf09|acero es neutro\n|c|\u2606lolowtf09|me lo mata\n|c|\u2606Leviatan4|a\n|\n|t:|1699913507\n|move|p1a: New One|Bullet Punch|p2a: \u00d1ami\n|-damage|p2a: \u00d1ami|20\/100\n|move|p2a: \u00d1ami|Frustration|p1a: New One\n|-damage|p1a: New One|51\/100\n|\n|upkeep\n|turn|9\n|\n|t:|1699913513\n|move|p2a: \u00d1ami|Quick Attack|p1a: New One\n|-crit|p1a: New One\n|-damage|p1a: New One|18\/100\n|move|p1a: New One|Bullet Punch|p2a: \u00d1ami\n|-damage|p2a: \u00d1ami|0 fnt\n|faint|p2a: \u00d1ami\n|\n|upkeep\n|\n|t:|1699913516\n|switch|p2a: Rasca|Rabsca, M|100\/100\n|turn|10\n|\n|t:|1699913522\n|move|p1a: New One|Bug Bite|p2a: Rasca\n|-supereffective|p2a: Rasca\n|-enditem|p2a: Rasca|Focus Sash\n|-damage|p2a: Rasca|1\/100\n|move|p2a: Rasca|Revival Blessing|p2a: Rasca\n|\n|t:|1699913527\n|-heal|p2: \u00d1ami|50\/100|[from] move: Revival Blessing\n|\n|upkeep\n|turn|11\n|\n|t:|1699913537\n|move|p1a: New One|Bullet Punch|p2a: Rasca\n|-damage|p2a: Rasca|0 fnt\n|faint|p2a: Rasca\n|\n|upkeep\n|\n|t:|1699913542\n|switch|p2a: \u00d1ami|Pinsir-Mega, F|50\/100\n|turn|12\n|\n|t:|1699913545\n|move|p2a: \u00d1ami|Quick Attack|p1a: New One\n|-damage|p1a: New One|0 fnt\n|faint|p1a: New One\n|\n|upkeep\n|\n|t:|1699913559\n|switch|p1a: Cannonball|Forretress, F|100\/100\n|turn|13\n|\n|t:|1699913564\n|move|p2a: \u00d1ami|Swords Dance|p2a: \u00d1ami\n|-boost|p2a: \u00d1ami|atk|2\n|move|p1a: Cannonball|Spikes|p2a: \u00d1ami\n|-sidestart|p2: lolowtf09|Spikes\n|\n|upkeep\n|turn|14\n|\n|t:|1699913573\n|move|p2a: \u00d1ami|Earthquake|p1a: Cannonball\n|-damage|p1a: Cannonball|52\/100\n|move|p1a: Cannonball|Explosion|p2a: \u00d1ami\n|-damage|p2a: \u00d1ami|0 fnt\n|faint|p1a: Cannonball\n|faint|p2a: \u00d1ami\n|\n|upkeep\n|c|\u2606lolowtf09|;0\n|\n|t:|1699913584\n|switch|p2a: ManoloPajitas|Forretress, M|100\/100\n|switch|p1a: Ra|Volcarona, F, shiny|100\/100\n|-damage|p2a: ManoloPajitas|88\/100|[from] Spikes\n|turn|15\n|\n|t:|1699913589\n|-terastallize|p2a: ManoloPajitas|Water\n|move|p1a: Ra|Fiery Dance|p2a: ManoloPajitas\n|-resisted|p2a: ManoloPajitas\n|-damage|p2a: ManoloPajitas|51\/100\n|move|p2a: ManoloPajitas|Gyro Ball|p1a: Ra\n|-resisted|p1a: Ra\n|-damage|p1a: Ra|73\/100\n|-status|p2a: ManoloPajitas|brn|[from] ability: Flame Body|[of] p1a: Ra\n|\n|-damage|p2a: ManoloPajitas|45\/100 brn|[from] brn\n|upkeep\n|turn|16\n|-message|lolowtf09 forfeited.\n|\n|win|Leviatan4\n|l|\u2606lolowtf09\n|c|\u2606Leviatan4|gg\n","uploadtime":1699913687,"views":9,"p1id":"leviatan4","p2id":"lolowtf09","formatid":"gen9nationaldex","rating":0,"private":0,"password":""}