{"id":"gen9nationaldex-1994748776","p1":"Urbudddy","p2":"kukou","format":"[Gen 9] National Dex","log":"|html|<div class=\"broadcast-blue\"><strong>[Gen 9] National Dex is currently suspecting Sneasler! For information on how to participate check out the <a href=\"https:\/\/www.smogon.com\/forums\/threads\/sv-national-dex-suspect-8-just-dance.3731534\/\">suspect thread<\/a>.<\/strong><\/div>\n|j|\u2606Urbudddy\n|j|\u2606kukou\n|t:|1700488795\n|gametype|singles\n|player|p1|Urbudddy|lillie-z|1192\n|player|p2|kukou|bruno|1217\n|teamsize|p1|6\n|teamsize|p2|6\n|gen|9\n|tier|[Gen 9] National Dex\n|rated|\n|rule|HP Percentage Mod: HP is shown in percentages\n|rule|Endless Battle Clause: Forcing endless battles is banned\n|rule|OHKO Clause: OHKO moves are banned\n|rule|Evasion Clause: Evasion abilities, items, and moves are banned\n|rule|Evasion Abilities Clause: Evasion abilities are banned\n|rule|Evasion Items Clause: Evasion items are banned\n|rule|Evasion Moves Clause: Evasion moves are banned\n|rule|Species Clause: Limit one of each Pok\u00e9mon\n|rule|Sleep Clause Mod: Limit one foe put to sleep\n|clearpoke\n|poke|p1|Lopunny, F|\n|poke|p1|Decidueye, F|\n|poke|p1|Doublade, F|\n|poke|p1|Araquanid, F|\n|poke|p1|Dewgong, F|\n|poke|p1|Meowstic-F, F|\n|poke|p2|Tyranitar, F|\n|poke|p2|Heatran, F|\n|poke|p2|Ting-Lu|\n|poke|p2|Manaphy|\n|poke|p2|Togekiss, M|\n|poke|p2|Excadrill, F|\n|teampreview\n|inactive|Battle timer is ON: inactive players will automatically lose when time's up. (requested by kukou)\n|\n|t:|1700488820\n|start\n|switch|p1a: Enju|Lopunny, F|100\/100\n|switch|p2a: Ting-Lu|Ting-Lu|100\/100\n|-ability|p2a: Ting-Lu|Vessel of Ruin\n|turn|1\n|\n|t:|1700488838\n|switch|p2a: Togekiss|Togekiss, M|100\/100\n|detailschange|p1a: Enju|Lopunny-Mega, F\n|-mega|p1a: Enju|Lopunny|Lopunnite\n|move|p1a: Enju|Power-Up Punch|p2a: Togekiss\n|-resisted|p2a: Togekiss\n|-damage|p2a: Togekiss|95\/100\n|-boost|p1a: Enju|atk|1\n|\n|upkeep\n|turn|2\n|\n|t:|1700488849\n|move|p2a: Togekiss|Air Slash|p1a: Enju\n|-supereffective|p1a: Enju\n|-crit|p1a: Enju\n|-damage|p1a: Enju|0 fnt\n|faint|p1a: Enju\n|\n|upkeep\n|\n|t:|1700488856\n|switch|p1a: Kayo|Dewgong, F|100\/100\n|turn|3\n|\n|t:|1700488876\n|move|p2a: Togekiss|Air Slash|p1a: Kayo\n|-damage|p1a: Kayo|80\/100\n|cant|p1a: Kayo|flinch\n|\n|upkeep\n|turn|4\n|\n|t:|1700488891\n|switch|p2a: Tyranitar|Tyranitar, F|100\/100\n|-weather|Sandstorm|[from] ability: Sand Stream|[of] p2a: Tyranitar\n|move|p1a: Kayo|Avalanche|p2a: Tyranitar\n|-damage|p2a: Tyranitar|82\/100\n|\n|-weather|Sandstorm|[upkeep]\n|-damage|p1a: Kayo|74\/100|[from] Sandstorm\n|upkeep\n|turn|5\n|inactive|kukou has 120 seconds left.\n|inactive|Urbudddy has 120 seconds left.\n|\n|t:|1700488924\n|detailschange|p2a: Tyranitar|Tyranitar-Mega, F\n|-mega|p2a: Tyranitar|Tyranitar|Tyranitarite\n|move|p2a: Tyranitar|Stone Edge|p1a: Kayo|[miss]\n|-miss|p2a: Tyranitar|p1a: Kayo\n|move|p1a: Kayo|Liquidation|p2a: Tyranitar\n|-supereffective|p2a: Tyranitar\n|-crit|p2a: Tyranitar\n|-damage|p2a: Tyranitar|24\/100\n|\n|-weather|Sandstorm|[upkeep]\n|-damage|p1a: Kayo|68\/100|[from] Sandstorm\n|upkeep\n|turn|6\n|inactive|Urbudddy has 120 seconds left.\n|\n|t:|1700488946\n|move|p2a: Tyranitar|Stone Edge|p1a: Kayo\n|-supereffective|p1a: Kayo\n|-damage|p1a: Kayo|0 fnt\n|faint|p1a: Kayo\n|\n|-weather|Sandstorm|[upkeep]\n|upkeep\n|\n|t:|1700488960\n|switch|p1a: Tina|Decidueye, F|100\/100\n|turn|7\n|\n|t:|1700488972\n|switch|p2a: Heatran|Heatran, F|100\/100\n|move|p1a: Tina|Leaf Blade|p2a: Heatran\n|-resisted|p2a: Heatran\n|-damage|p2a: Heatran|91\/100\n|\n|-weather|Sandstorm|[upkeep]\n|-damage|p1a: Tina|94\/100|[from] Sandstorm\n|upkeep\n|turn|8\n|inactive|Urbudddy has 120 seconds left.\n|\n|t:|1700488980\n|switch|p1a: Yuzuki|Araquanid, F|100\/100\n|move|p2a: Heatran|Magma Storm|p1a: Yuzuki\n|-damage|p1a: Yuzuki|82\/100\n|-activate|p1a: Yuzuki|move: Magma Storm|[of] p2a: Heatran\n|\n|-weather|none\n|-heal|p1a: Yuzuki|88\/100|[from] item: Leftovers\n|-damage|p1a: Yuzuki|75\/100|[from] move: Magma Storm|[partiallytrapped]\n|upkeep\n|turn|9\n|\n|t:|1700489003\n|switch|p2a: Togekiss|Togekiss, M|95\/100\n|move|p1a: Yuzuki|Liquidation|p2a: Togekiss\n|-damage|p2a: Togekiss|16\/100\n|-unboost|p2a: Togekiss|def|1\n|\n|-heal|p1a: Yuzuki|82\/100|[from] item: Leftovers\n|-end|p1a: Yuzuki|Magma Storm|[partiallytrapped]|[silent]\n|upkeep\n|turn|10\n|\n|t:|1700489016\n|switch|p1a: Kohina|Doublade, F, shiny|100\/100\n|move|p2a: Togekiss|Thunder Wave|p1a: Kohina\n|-status|p1a: Kohina|par\n|\n|upkeep\n|turn|11\n|\n|t:|1700489030\n|switch|p2a: Heatran|Heatran, F|91\/100\n|move|p1a: Kohina|Shadow Sneak|p2a: Heatran\n|-damage|p2a: Heatran|73\/100\n|\n|upkeep\n|turn|12\n|\n|t:|1700489037\n|move|p2a: Heatran|Magma Storm|p1a: Kohina\n|-supereffective|p1a: Kohina\n|-damage|p1a: Kohina|0 fnt\n|faint|p1a: Kohina\n|\n|upkeep\n|\n|t:|1700489043\n|switch|p1a: Yuzuki|Araquanid, F|82\/100\n|turn|13\n|\n|t:|1700489047\n|switch|p2a: Manaphy|Manaphy|100\/100\n|move|p1a: Yuzuki|Liquidation|p2a: Manaphy\n|-resisted|p2a: Manaphy\n|-damage|p2a: Manaphy|67\/100\n|\n|-heal|p2a: Manaphy|73\/100|[from] item: Leftovers\n|-heal|p1a: Yuzuki|88\/100|[from] item: Leftovers\n|upkeep\n|turn|14\n|\n|t:|1700489064\n|switch|p1a: Tina|Decidueye, F|94\/100\n|move|p2a: Manaphy|Tail Glow|p2a: Manaphy\n|-boost|p2a: Manaphy|spa|3\n|\n|-heal|p2a: Manaphy|79\/100|[from] item: Leftovers\n|upkeep\n|turn|15\n|\n|t:|1700489079\n|move|p2a: Manaphy|Ice Beam|p1a: Tina\n|-supereffective|p1a: Tina\n|-damage|p1a: Tina|0 fnt\n|faint|p1a: Tina\n|\n|-heal|p2a: Manaphy|86\/100|[from] item: Leftovers\n|upkeep\n|\n|t:|1700489086\n|switch|p1a: Yuzuki|Araquanid, F|88\/100\n|turn|16\n|\n|t:|1700489098\n|-terastallize|p1a: Yuzuki|Water\n|move|p2a: Manaphy|Ice Beam|p1a: Yuzuki\n|-resisted|p1a: Yuzuki\n|-damage|p1a: Yuzuki|62\/100\n|move|p1a: Yuzuki|Liquidation|p2a: Manaphy\n|-resisted|p2a: Manaphy\n|-damage|p2a: Manaphy|42\/100\n|-unboost|p2a: Manaphy|def|1\n|\n|-heal|p2a: Manaphy|48\/100|[from] item: Leftovers\n|-heal|p1a: Yuzuki|68\/100|[from] item: Leftovers\n|upkeep\n|turn|17\n|\n|t:|1700489117\n|switch|p2a: Tyranitar|Tyranitar-Mega, F|24\/100\n|-weather|Sandstorm|[from] ability: Sand Stream|[of] p2a: Tyranitar\n|move|p1a: Yuzuki|Liquidation|p2a: Tyranitar\n|-supereffective|p2a: Tyranitar\n|-damage|p2a: Tyranitar|0 fnt\n|faint|p2a: Tyranitar\n|\n|-weather|Sandstorm|[upkeep]\n|-damage|p1a: Yuzuki|62\/100|[from] Sandstorm\n|-heal|p1a: Yuzuki|68\/100|[from] item: Leftovers\n|upkeep\n|\n|t:|1700489133\n|switch|p2a: Excadrill|Excadrill, F|100\/100\n|turn|18\n|\n|t:|1700489138\n|move|p2a: Excadrill|Earthquake|p1a: Yuzuki\n|-damage|p1a: Yuzuki|0 fnt\n|faint|p1a: Yuzuki\n|-damage|p2a: Excadrill|91\/100|[from] item: Life Orb\n|\n|-weather|Sandstorm|[upkeep]\n|upkeep\n|\n|t:|1700489143\n|switch|p1a: Midori|Meowstic-F, F|100\/100\n|turn|19\n|\n|t:|1700489145\n|move|p2a: Excadrill|Earthquake|p1a: Midori\n|-damage|p1a: Midori|0 fnt\n|faint|p1a: Midori\n|-damage|p2a: Excadrill|81\/100|[from] item: Life Orb\n|\n|win|kukou\n|raw|Urbudddy's rating: 1192 &rarr; <strong>1169<\/strong><br \/>(-23 for losing)\n|raw|kukou's rating: 1217 &rarr; <strong>1240<\/strong><br \/>(+23 for winning)\n|l|\u2606Urbudddy\n","uploadtime":1700489154,"views":1,"p1id":"urbudddy","p2id":"kukou","formatid":"gen9nationaldex","rating":1169,"private":0,"password":""}