{"id":"gen9nationaldex-1999741784","p1":"Glados567","p2":"arsonlupinIII","format":"[Gen 9] National Dex","log":"|html|<div class=\"broadcast-blue\"><strong>[Gen 9] National Dex is currently suspecting Sneasler! For information on how to participate check out the <a href=\"https:\/\/www.smogon.com\/forums\/threads\/sv-national-dex-suspect-8-just-dance.3731534\/\">suspect thread<\/a>.<\/strong><\/div>\n|j|\u2606Glados567\n|j|\u2606arsonlupinIII\n|t:|1701112630\n|gametype|singles\n|player|p1|Glados567|cheren-gen5bw2|1057\n|player|p2|arsonlupinIII|medium|1167\n|teamsize|p1|6\n|teamsize|p2|4\n|gen|9\n|tier|[Gen 9] National Dex\n|rated|\n|rule|HP Percentage Mod: HP is shown in percentages\n|rule|Endless Battle Clause: Forcing endless battles is banned\n|rule|OHKO Clause: OHKO moves are banned\n|rule|Evasion Clause: Evasion abilities, items, and moves are banned\n|rule|Evasion Abilities Clause: Evasion abilities are banned\n|rule|Evasion Items Clause: Evasion items are banned\n|rule|Evasion Moves Clause: Evasion moves are banned\n|rule|Species Clause: Limit one of each Pok\u00e9mon\n|rule|Sleep Clause Mod: Limit one foe put to sleep\n|clearpoke\n|poke|p1|Indeedee, M|\n|poke|p1|Zoroark, M|\n|poke|p1|Toxicroak, M|\n|poke|p1|Ditto|\n|poke|p1|Whimsicott, F|\n|poke|p1|Jellicent, F|\n|poke|p2|Malamar, F|\n|poke|p2|Serperior, F|\n|poke|p2|Minior|\n|poke|p2|Incineroar, F|\n|teampreview\n|\n|t:|1701112649\n|start\n|switch|p1a: Raiden|Toxicroak, M|100\/100\n|switch|p2a: Damage|Minior, shiny|100\/100\n|-formechange|p2a: Damage|Minior-Meteor||[from] ability: Shields Down\n|turn|1\n|inactive|Battle timer is ON: inactive players will automatically lose when time's up. (requested by arsonlupinIII)\n|\n|t:|1701112657\n|move|p1a: Raiden|Trick|p2a: Damage\n|-activate|p1a: Raiden|move: Trick|[of] p2a: Damage\n|-item|p2a: Damage|Focus Sash|[from] move: Trick\n|-item|p1a: Raiden|White Herb|[from] move: Trick\n|move|p2a: Damage|Shell Smash|p2a: Damage\n|-unboost|p2a: Damage|def|1\n|-unboost|p2a: Damage|spd|1\n|-boost|p2a: Damage|atk|2\n|-boost|p2a: Damage|spa|2\n|-boost|p2a: Damage|spe|2\n|\n|upkeep\n|turn|2\n|\n|t:|1701112669\n|move|p2a: Damage|Earthquake|p1a: Raiden\n|-damage|p1a: Raiden|5\/100\n|replace|p1a: Dream - Mask|Zoroark, M\n|-end|p1a: Dream - Mask|Illusion\n|move|p1a: Dream - Mask|Toxic|p2a: Damage\n|-immune|p2a: Damage|[from] ability: Shields Down\n|\n|upkeep\n|turn|3\n|\n|t:|1701112683\n|switch|p2a: Serperior|Serperior, F, shiny|100\/100\n|switch|p1a: Freelancer|Ditto|100\/100\n|-transform|p1a: Freelancer|p2a: Serperior|[from] ability: Imposter\n|\n|upkeep\n|turn|4\n|\n|t:|1701112695\n|move|p1a: Freelancer|Taunt|p2a: Serperior\n|-start|p2a: Serperior|move: Taunt\n|cant|p2a: Serperior|move: Taunt|Glare\n|\n|upkeep\n|turn|5\n|\n|t:|1701112704\n|switch|p1a: Whimsicott|Whimsicott, F|100\/100\n|move|p2a: Serperior|Leaf Storm|p1a: Whimsicott\n|-resisted|p1a: Whimsicott\n|-damage|p1a: Whimsicott|64\/100\n|-boost|p2a: Serperior|spa|2\n|\n|upkeep\n|turn|6\n|\n|t:|1701112717\n|move|p1a: Whimsicott|Switcheroo|p2a: Serperior\n|-activate|p1a: Whimsicott|move: Trick|[of] p2a: Serperior\n|-item|p2a: Serperior|Choice Scarf|[from] move: Switcheroo\n|-item|p1a: Whimsicott|Leftovers|[from] move: Switcheroo\n|move|p2a: Serperior|Hidden Power|p1a: Whimsicott\n|-supereffective|p1a: Whimsicott\n|-damage|p1a: Whimsicott|0 fnt\n|faint|p1a: Whimsicott\n|\n|-end|p2a: Serperior|move: Taunt\n|upkeep\n|\n|t:|1701112728\n|switch|p1a: Freelancer|Ditto|100\/100\n|-transform|p1a: Freelancer|p2a: Serperior|[from] ability: Imposter\n|turn|7\n|\n|t:|1701112743\n|-terastallize|p2a: Serperior|Water\n|move|p1a: Freelancer|Leaf Storm|p2a: Serperior\n|-supereffective|p2a: Serperior\n|-damage|p2a: Serperior|0 fnt\n|-boost|p1a: Freelancer|spa|2\n|faint|p2a: Serperior\n|\n|upkeep\n|\n|t:|1701112750\n|switch|p2a: Sam Sulek|Incineroar, F, shiny|100\/100\n|-ability|p2a: Sam Sulek|Intimidate|boost\n|-boost|p1a: Freelancer|atk|1\n|turn|8\n|\n|t:|1701112756\n|-terastallize|p1a: Freelancer|Normal\n|move|p1a: Freelancer|Leaf Storm|p2a: Sam Sulek\n|-resisted|p2a: Sam Sulek\n|-damage|p2a: Sam Sulek|23\/100\n|-boost|p1a: Freelancer|spa|2\n|move|p2a: Sam Sulek|Flame Charge|p1a: Freelancer\n|-damage|p1a: Freelancer|72\/100\n|-boost|p2a: Sam Sulek|spe|1\n|\n|upkeep\n|turn|9\n|\n|t:|1701112767\n|move|p1a: Freelancer|Leaf Storm|p2a: Sam Sulek\n|-resisted|p2a: Sam Sulek\n|-damage|p2a: Sam Sulek|0 fnt\n|faint|p2a: Sam Sulek\n|\n|upkeep\n|inactive|arsonlupinIII has 120 seconds left.\n|\n|t:|1701112804\n|switch|p2a: Damage|Minior, shiny|100\/100\n|-formechange|p2a: Damage|Minior-Meteor||[from] ability: Shields Down\n|turn|10\n|\n|t:|1701112809\n|move|p1a: Freelancer|Leaf Storm|p2a: Damage\n|-enditem|p2a: Damage|Focus Sash\n|-damage|p2a: Damage|1\/100\n|move|p2a: Damage|Shell Smash|p2a: Damage\n|-unboost|p2a: Damage|def|1\n|-unboost|p2a: Damage|spd|1\n|-boost|p2a: Damage|atk|2\n|-boost|p2a: Damage|spa|2\n|-boost|p2a: Damage|spe|2\n|\n|-formechange|p2a: Damage|Minior||[from] ability: Shields Down\n|upkeep\n|turn|11\n|\n|t:|1701112823\n|move|p2a: Damage|Acrobatics|p1a: Freelancer\n|-crit|p1a: Freelancer\n|-damage|p1a: Freelancer|0 fnt\n|faint|p1a: Freelancer\n|\n|upkeep\n|\n|t:|1701112829\n|switch|p1a: Raiden|Toxicroak, M|100\/100\n|turn|12\n|\n|t:|1701112833\n|move|p1a: Raiden|Fake Out|p2a: Damage\n|-resisted|p2a: Damage\n|-damage|p2a: Damage|0 fnt\n|faint|p2a: Damage\n|\n|upkeep\n|\n|t:|1701112837\n|switch|p2a: Malamar|Malamar, F, shiny|100\/100\n|turn|13\n|\n|t:|1701112857\n|switch|p1a: Indeedee|Indeedee, M|5\/100\n|move|p2a: Malamar|Acupressure|p2a: Malamar\n|-boost|p2a: Malamar|spe|2\n|\n|upkeep\n|turn|14\n|\n|t:|1701112868\n|move|p2a: Malamar|Acupressure|p2a: Malamar\n|-boost|p2a: Malamar|spd|2\n|move|p1a: Indeedee|Trick|p2a: Malamar\n|-activate|p1a: Indeedee|move: Trick|[of] p2a: Malamar\n|-item|p2a: Malamar|White Herb|[from] move: Trick\n|-item|p1a: Indeedee|Leftovers|[from] move: Trick\n|\n|-heal|p1a: Indeedee|12\/100|[from] item: Leftovers\n|upkeep\n|turn|15\n|\n|t:|1701112881\n|move|p2a: Malamar|Hidden Power|p1a: Indeedee\n|-supereffective|p1a: Indeedee\n|-damage|p1a: Indeedee|0 fnt\n|replace|p1a: Dream - Mask|Zoroark, M\n|-end|p1a: Dream - Mask|Illusion\n|faint|p1a: Dream - Mask\n|\n|upkeep\n|\n|t:|1701112895\n|switch|p1a: Raiden|Toxicroak, M|100\/100\n|turn|16\n|\n|t:|1701112900\n|move|p1a: Raiden|Fake Out|p2a: Malamar\n|-damage|p2a: Malamar|88\/100\n|-status|p2a: Malamar|psn|[from] ability: Poison Touch|[of] p1a: Raiden\n|cant|p2a: Malamar|flinch\n|\n|-damage|p2a: Malamar|75\/100 psn|[from] psn\n|upkeep\n|turn|17\n|\n|t:|1701112912\n|switch|p1a: Jellicent|Jellicent, F|100\/100\n|move|p2a: Malamar|Stored Power|p1a: Jellicent\n|-damage|p1a: Jellicent|64\/100\n|-start|p2a: Malamar|Disable|Stored Power|[from] ability: Cursed Body|[of] p1a: Jellicent\n|\n|-heal|p1a: Jellicent|71\/100|[from] item: Leftovers\n|-damage|p2a: Malamar|63\/100 psn|[from] psn\n|upkeep\n|turn|18\n|\n|t:|1701112926\n|switch|p1a: Raiden|Toxicroak, M|100\/100\n|move|p2a: Malamar|Acupressure|p2a: Malamar\n|-boost|p2a: Malamar|spe|2\n|\n|-damage|p2a: Malamar|50\/100 psn|[from] psn\n|upkeep\n|turn|19\n|\n|t:|1701112934\n|move|p1a: Raiden|Fake Out|p2a: Malamar\n|-damage|p2a: Malamar|37\/100 psn\n|cant|p2a: Malamar|flinch\n|\n|-damage|p2a: Malamar|25\/100 psn|[from] psn\n|upkeep\n|turn|20\n|\n|t:|1701112945\n|move|p1a: Raiden|Sucker Punch||[still]\n|-fail|p1a: Raiden\n|move|p2a: Malamar|Acupressure|p2a: Malamar\n|-boost|p2a: Malamar|def|2\n|\n|-damage|p2a: Malamar|12\/100 psn|[from] psn\n|-end|p2a: Malamar|Disable\n|upkeep\n|turn|21\n|\n|t:|1701112953\n|move|p1a: Raiden|Sucker Punch|p2a: Malamar\n|-damage|p2a: Malamar|0 fnt\n|faint|p2a: Malamar\n|\n|win|Glados567\n|raw|Glados567's rating: 1057 &rarr; <strong>1098<\/strong><br \/>(+41 for winning)\n|raw|arsonlupinIII's rating: 1167 &rarr; <strong>1134<\/strong><br \/>(-33 for losing)\n|l|\u2606arsonlupinIII\n","uploadtime":1701112959,"views":7,"p1id":"glados567","p2id":"arsonlupiniii","formatid":"gen9nationaldex","rating":1098,"private":0,"password":""}