{"id":"gen9nationaldex-1992136568","p1":"CertifiedDumbass1","p2":"SleepinOnJay","format":"[Gen 9] National Dex","log":"|j|\u2606CertifiedDumbass1\n|j|\u2606SleepinOnJay\n|t:|1700158071\n|gametype|singles\n|player|p1|CertifiedDumbass1|1|1095\n|player|p2|SleepinOnJay|baker|1025\n|teamsize|p1|6\n|teamsize|p2|6\n|gen|9\n|tier|[Gen 9] National Dex\n|rated|\n|rule|HP Percentage Mod: HP is shown in percentages\n|rule|Endless Battle Clause: Forcing endless battles is banned\n|rule|OHKO Clause: OHKO moves are banned\n|rule|Evasion Clause: Evasion abilities, items, and moves are banned\n|rule|Evasion Abilities Clause: Evasion abilities are banned\n|rule|Evasion Items Clause: Evasion items are banned\n|rule|Evasion Moves Clause: Evasion moves are banned\n|rule|Species Clause: Limit one of each Pok\u00e9mon\n|rule|Sleep Clause Mod: Limit one foe put to sleep\n|clearpoke\n|poke|p1|Garganacl, M|\n|poke|p1|Ting-Lu|\n|poke|p1|Torterra, M|\n|poke|p1|Skeledirge, M|\n|poke|p1|Dubwool, F|\n|poke|p1|Oinkologne, M|\n|poke|p2|Jirachi|\n|poke|p2|Kommo-o, M|\n|poke|p2|Blissey, F|\n|poke|p2|Iron Moth|\n|poke|p2|Great Tusk|\n|poke|p2|Rotom-Wash|\n|teampreview\n|\n|t:|1700158097\n|start\n|switch|p1a: he's just salt|Garganacl, M|100\/100\n|switch|p2a: Jirachi|Jirachi, shiny|100\/100\n|turn|1\n|\n|t:|1700158103\n|move|p2a: Jirachi|Stealth Rock|p1a: he's just salt\n|-sidestart|p1: CertifiedDumbass1|move: Stealth Rock\n|move|p1a: he's just salt|Salt Cure|p2a: Jirachi\n|-resisted|p2a: Jirachi\n|-damage|p2a: Jirachi|94\/100\n|-start|p2a: Jirachi|Salt Cure\n|\n|-heal|p2a: Jirachi|99\/100|[from] item: Leftovers\n|-damage|p2a: Jirachi|75\/100|[from] Salt Cure\n|upkeep\n|turn|2\n|\n|t:|1700158115\n|move|p2a: Jirachi|Iron Head|p1a: he's just salt\n|-supereffective|p1a: he's just salt\n|-damage|p1a: he's just salt|63\/100\n|move|p1a: he's just salt|Curse|p1a: he's just salt\n|-unboost|p1a: he's just salt|spe|1\n|-boost|p1a: he's just salt|atk|1\n|-boost|p1a: he's just salt|def|1\n|\n|-heal|p2a: Jirachi|81\/100|[from] item: Leftovers\n|-heal|p1a: he's just salt|70\/100|[from] item: Leftovers\n|-damage|p2a: Jirachi|56\/100|[from] Salt Cure\n|upkeep\n|turn|3\n|\n|t:|1700158126\n|move|p2a: Jirachi|U-turn|p1a: he's just salt\n|-damage|p1a: he's just salt|62\/100\n|\n|t:|1700158133\n|switch|p2a: Blissey|Blissey, F, shiny|100\/100|[from] U-turn\n|move|p1a: he's just salt|Curse|p1a: he's just salt\n|-unboost|p1a: he's just salt|spe|1\n|-boost|p1a: he's just salt|atk|1\n|-boost|p1a: he's just salt|def|1\n|\n|-heal|p1a: he's just salt|68\/100|[from] item: Leftovers\n|upkeep\n|turn|4\n|\n|t:|1700158144\n|move|p2a: Blissey|Seismic Toss|p1a: he's just salt\n|-damage|p1a: he's just salt|43\/100\n|move|p1a: he's just salt|Body Press|p2a: Blissey\n|-supereffective|p2a: Blissey\n|-damage|p2a: Blissey|15\/100\n|\n|-heal|p2a: Blissey|22\/100|[from] item: Leftovers\n|-heal|p1a: he's just salt|49\/100|[from] item: Leftovers\n|upkeep\n|turn|5\n|\n|t:|1700158172\n|switch|p2a: Rotom|Rotom-Wash, shiny|100\/100\n|move|p1a: he's just salt|Curse|p1a: he's just salt\n|-unboost|p1a: he's just salt|spe|1\n|-boost|p1a: he's just salt|atk|1\n|-boost|p1a: he's just salt|def|1\n|\n|-heal|p1a: he's just salt|55\/100|[from] item: Leftovers\n|upkeep\n|turn|6\n|\n|t:|1700158187\n|move|p2a: Rotom|Hydro Pump|p1a: he's just salt\n|-supereffective|p1a: he's just salt\n|-damage|p1a: he's just salt|0 fnt\n|faint|p1a: he's just salt\n|\n|upkeep\n|\n|t:|1700158193\n|switch|p1a: MooseMeatIsEdible|Ting-Lu|100\/100\n|-damage|p1a: MooseMeatIsEdible|94\/100|[from] Stealth Rock\n|-ability|p1a: MooseMeatIsEdible|Vessel of Ruin\n|turn|7\n|\n|t:|1700158200\n|move|p2a: Rotom|Hydro Pump|p1a: MooseMeatIsEdible\n|-supereffective|p1a: MooseMeatIsEdible\n|-damage|p1a: MooseMeatIsEdible|52\/100\n|move|p1a: MooseMeatIsEdible|Stealth Rock|p2a: Rotom\n|-sidestart|p2: SleepinOnJay|move: Stealth Rock\n|\n|upkeep\n|turn|8\n|\n|t:|1700158206\n|move|p2a: Rotom|Hydro Pump|p1a: MooseMeatIsEdible|[miss]\n|-miss|p2a: Rotom|p1a: MooseMeatIsEdible\n|move|p1a: MooseMeatIsEdible|Spikes|p2a: Rotom\n|-sidestart|p2: SleepinOnJay|Spikes\n|\n|upkeep\n|turn|9\n|\n|t:|1700158211\n|move|p2a: Rotom|Hydro Pump|p1a: MooseMeatIsEdible\n|-supereffective|p1a: MooseMeatIsEdible\n|-damage|p1a: MooseMeatIsEdible|10\/100\n|-enditem|p1a: MooseMeatIsEdible|Aguav Berry|[eat]\n|-heal|p1a: MooseMeatIsEdible|43\/100|[from] item: Aguav Berry\n|move|p1a: MooseMeatIsEdible|Spikes|p2a: Rotom\n|-sidestart|p2: SleepinOnJay|Spikes\n|\n|upkeep\n|turn|10\n|\n|t:|1700158218\n|move|p2a: Rotom|Hydro Pump|p1a: MooseMeatIsEdible\n|-supereffective|p1a: MooseMeatIsEdible\n|-damage|p1a: MooseMeatIsEdible|0 fnt\n|faint|p1a: MooseMeatIsEdible\n|\n|upkeep\n|\n|t:|1700158227\n|switch|p1a: turtle soup :)|Torterra, M|100\/100\n|-damage|p1a: turtle soup :)|94\/100|[from] Stealth Rock\n|turn|11\n|\n|t:|1700158240\n|switch|p2a: Jirachi|Jirachi, shiny|56\/100\n|-damage|p2a: Jirachi|50\/100|[from] Stealth Rock\n|-damage|p2a: Jirachi|34\/100|[from] Spikes\n|move|p1a: turtle soup :)|Shell Smash|p1a: turtle soup :)\n|-unboost|p1a: turtle soup :)|def|1\n|-unboost|p1a: turtle soup :)|spd|1\n|-boost|p1a: turtle soup :)|atk|2\n|-boost|p1a: turtle soup :)|spa|2\n|-boost|p1a: turtle soup :)|spe|2\n|-enditem|p1a: turtle soup :)|White Herb\n|-clearnegativeboost|p1a: turtle soup :)|[silent]\n|\n|-heal|p2a: Jirachi|40\/100|[from] item: Leftovers\n|upkeep\n|turn|12\n|\n|t:|1700158253\n|move|p1a: turtle soup :)|Earth Power|p2a: Jirachi\n|-supereffective|p2a: Jirachi\n|-damage|p2a: Jirachi|0 fnt\n|faint|p2a: Jirachi\n|\n|upkeep\n|\n|t:|1700158265\n|switch|p2a: Iron Moth|Iron Moth, shiny|100\/100\n|-damage|p2a: Iron Moth|76\/100|[from] Stealth Rock\n|-damage|p2a: Iron Moth|59\/100|[from] Spikes\n|-enditem|p2a: Iron Moth|Booster Energy\n|-activate|p2a: Iron Moth|ability: Quark Drive|[fromitem]\n|-start|p2a: Iron Moth|quarkdrivespe\n|turn|13\n|\n|t:|1700158278\n|-terastallize|p1a: turtle soup :)|Water\n|move|p2a: Iron Moth|Sludge Wave|p1a: turtle soup :)\n|-damage|p1a: turtle soup :)|35\/100\n|move|p1a: turtle soup :)|Earth Power|p2a: Iron Moth\n|-supereffective|p2a: Iron Moth\n|-damage|p2a: Iron Moth|0 fnt\n|faint|p2a: Iron Moth\n|-end|p2a: Iron Moth|Quark Drive|[silent]\n|\n|upkeep\n|\n|t:|1700158287\n|switch|p2a: Rotom|Rotom-Wash, shiny|100\/100\n|-damage|p2a: Rotom|88\/100|[from] Stealth Rock\n|turn|14\n|\n|t:|1700158293\n|move|p2a: Rotom|Volt Switch|p1a: turtle soup :)\n|-supereffective|p1a: turtle soup :)\n|-damage|p1a: turtle soup :)|0 fnt\n|faint|p1a: turtle soup :)\n|\n|t:|1700158300\n|switch|p2a: Kommo-o|Kommo-o, M|100\/100|[from] Volt Switch\n|-damage|p2a: Kommo-o|94\/100|[from] Stealth Rock\n|-damage|p2a: Kommo-o|78\/100|[from] Spikes\n|\n|upkeep\n|\n|t:|1700158307\n|switch|p1a: alligator meat|Skeledirge, M|100\/100\n|turn|15\n|\n|t:|1700158311\n|move|p2a: Kommo-o|Clangorous Soul|p2a: Kommo-o\n|-boost|p2a: Kommo-o|atk|1\n|-boost|p2a: Kommo-o|def|1\n|-boost|p2a: Kommo-o|spa|1\n|-boost|p2a: Kommo-o|spd|1\n|-boost|p2a: Kommo-o|spe|1\n|-damage|p2a: Kommo-o|45\/100\n|-enditem|p2a: Kommo-o|Throat Spray\n|-boost|p2a: Kommo-o|spa|1|[from] item: Throat Spray\n|move|p1a: alligator meat|Will-O-Wisp|p2a: Kommo-o\n|-status|p2a: Kommo-o|brn\n|\n|-damage|p2a: Kommo-o|39\/100 brn|[from] brn\n|upkeep\n|turn|16\n|\n|t:|1700158327\n|move|p2a: Kommo-o|Clanging Scales|p1a: alligator meat\n|-damage|p1a: alligator meat|64\/100\n|-unboost|p2a: Kommo-o|def|1\n|move|p1a: alligator meat|Torch Song|p2a: Kommo-o\n|-immune|p2a: Kommo-o|[from] ability: Soundproof\n|\n|-damage|p2a: Kommo-o|32\/100 brn|[from] brn\n|upkeep\n|turn|17\n|c|\u2606SleepinOnJay|huh\n|\n|t:|1700158340\n|move|p2a: Kommo-o|Flamethrower|p1a: alligator meat\n|-resisted|p1a: alligator meat\n|-damage|p1a: alligator meat|54\/100\n|move|p1a: alligator meat|Shadow Ball|p2a: Kommo-o\n|-damage|p2a: Kommo-o|0 fnt\n|faint|p2a: Kommo-o\n|\n|upkeep\n|\n|t:|1700158348\n|switch|p2a: Rotom|Rotom-Wash, shiny|88\/100\n|-damage|p2a: Rotom|76\/100|[from] Stealth Rock\n|turn|18\n|\n|t:|1700158358\n|move|p2a: Rotom|Hydro Pump|p1a: alligator meat\n|-supereffective|p1a: alligator meat\n|-damage|p1a: alligator meat|0 fnt\n|faint|p1a: alligator meat\n|\n|upkeep\n|inactive|Battle timer is ON: inactive players will automatically lose when time's up. (requested by SleepinOnJay)\n|\n|t:|1700158393\n|switch|p1a: pork chops|Oinkologne, M|100\/100\n|-damage|p1a: pork chops|88\/100|[from] Stealth Rock\n|turn|19\n|\n|t:|1700158403\n|move|p2a: Rotom|Hydro Pump|p1a: pork chops\n|-damage|p1a: pork chops|35\/100\n|move|p1a: pork chops|Trailblaze|p2a: Rotom\n|-supereffective|p2a: Rotom\n|-damage|p2a: Rotom|29\/100\n|-boost|p1a: pork chops|spe|1\n|\n|upkeep\n|turn|20\n|\n|t:|1700158411\n|switch|p2a: Great Tusk|Great Tusk, shiny|100\/100\n|-damage|p2a: Great Tusk|98\/100|[from] Stealth Rock\n|-damage|p2a: Great Tusk|81\/100|[from] Spikes\n|-enditem|p2a: Great Tusk|Booster Energy\n|-activate|p2a: Great Tusk|ability: Protosynthesis|[fromitem]\n|-start|p2a: Great Tusk|protosynthesisatk\n|move|p1a: pork chops|Trailblaze|p2a: Great Tusk\n|-supereffective|p2a: Great Tusk\n|-damage|p2a: Great Tusk|59\/100\n|-boost|p1a: pork chops|spe|1\n|\n|upkeep\n|turn|21\n|inactive|CertifiedDumbass1 has 120 seconds left.\n|\n|t:|1700158457\n|move|p1a: pork chops|Body Slam|p2a: Great Tusk\n|-damage|p2a: Great Tusk|30\/100\n|move|p2a: Great Tusk|Rapid Spin|p1a: pork chops\n|-damage|p1a: pork chops|9\/100\n|-boost|p2a: Great Tusk|spe|1\n|-sideend|p2: SleepinOnJay|Spikes|[from] move: Rapid Spin|[of] p2a: Great Tusk\n|-sideend|p2: SleepinOnJay|Stealth Rock|[from] move: Rapid Spin|[of] p2a: Great Tusk\n|-enditem|p1a: pork chops|Liechi Berry|[eat]\n|-boost|p1a: pork chops|atk|1|[from] item: Liechi Berry\n|\n|upkeep\n|turn|22\n|\n|t:|1700158474\n|move|p1a: pork chops|Trailblaze|p2a: Great Tusk\n|-supereffective|p2a: Great Tusk\n|-damage|p2a: Great Tusk|0 fnt\n|-boost|p1a: pork chops|spe|1\n|faint|p2a: Great Tusk\n|-end|p2a: Great Tusk|Protosynthesis|[silent]\n|\n|upkeep\n|\n|t:|1700158481\n|switch|p2a: Blissey|Blissey, F, shiny|22\/100\n|turn|23\n|\n|t:|1700158494\n|move|p1a: pork chops|Body Press|p2a: Blissey\n|-supereffective|p2a: Blissey\n|-damage|p2a: Blissey|0 fnt\n|faint|p2a: Blissey\n|\n|upkeep\n|\n|t:|1700158499\n|switch|p2a: Rotom|Rotom-Wash, shiny|29\/100\n|turn|24\n|\n|t:|1700158507\n|-terastallize|p2a: Rotom|Electric\n|move|p1a: pork chops|Trailblaze|p2a: Rotom\n|-damage|p2a: Rotom|0 fnt\n|-boost|p1a: pork chops|spe|1\n|faint|p2a: Rotom\n|\n|win|CertifiedDumbass1\n|raw|CertifiedDumbass1's rating: 1095 &rarr; <strong>1116<\/strong><br \/>(+21 for winning)\n|raw|SleepinOnJay's rating: 1025 &rarr; <strong>1014<\/strong><br \/>(-11 for losing)\n","uploadtime":1700158513,"views":4,"p1id":"certifieddumbass1","p2id":"sleepinonjay","formatid":"gen9nationaldex","rating":1014,"private":0,"password":""}