{"id":"gen9nationaldex-1990249013","p1":"liam E1","p2":"mtyqjltz5","format":"[Gen 9] National Dex","log":"|j|\u2606liam E1\n|j|\u2606mtyqjltz5\n|t:|1699944352\n|gametype|singles\n|player|p1|liam E1|iris-gen5bw2|1326\n|player|p2|mtyqjltz5|elesa|1327\n|teamsize|p1|6\n|teamsize|p2|6\n|gen|9\n|tier|[Gen 9] National Dex\n|rated|\n|rule|HP Percentage Mod: HP is shown in percentages\n|rule|Endless Battle Clause: Forcing endless battles is banned\n|rule|OHKO Clause: OHKO moves are banned\n|rule|Evasion Clause: Evasion abilities, items, and moves are banned\n|rule|Evasion Abilities Clause: Evasion abilities are banned\n|rule|Evasion Items Clause: Evasion items are banned\n|rule|Evasion Moves Clause: Evasion moves are banned\n|rule|Species Clause: Limit one of each Pok\u00e9mon\n|rule|Sleep Clause Mod: Limit one foe put to sleep\n|clearpoke\n|poke|p1|Scizor, F|\n|poke|p1|Zapdos|\n|poke|p1|Heatran, F|\n|poke|p1|Gliscor, F|\n|poke|p1|Ferrothorn, M|\n|poke|p1|Greninja-*, M|\n|poke|p2|Pidgeot, F|\n|poke|p2|Excadrill, M|\n|poke|p2|Cinderace, M|\n|poke|p2|Sinistcha|\n|poke|p2|Samurott-Hisui, M|\n|poke|p2|Kommo-o, M|\n|teampreview\n|inactive|Battle timer is ON: inactive players will automatically lose when time's up. (requested by mtyqjltz5)\n|\n|t:|1699944371\n|start\n|switch|p1a: Zapdos|Zapdos|100\/100\n|switch|p2a: Pidgeot|Pidgeot, F, shiny|100\/100\n|turn|1\n|\n|t:|1699944385\n|switch|p2a: Excadrill|Excadrill, M|100\/100\n|-ability|p2a: Excadrill|Mold Breaker\n|move|p1a: Zapdos|Thunderbolt|p2a: Excadrill\n|-immune|p2a: Excadrill\n|\n|upkeep\n|turn|2\n|c|\u2606liam E1|good luck\n|inactive|mtyqjltz5 has 120 seconds left.\n|\n|t:|1699944422\n|switch|p1a: Ferrothorn|Ferrothorn, M|100\/100\n|move|p2a: Excadrill|Rapid Spin|p1a: Ferrothorn\n|-resisted|p1a: Ferrothorn\n|-damage|p1a: Ferrothorn|95\/100\n|-boost|p2a: Excadrill|spe|1\n|-damage|p2a: Excadrill|88\/100|[from] ability: Iron Barbs|[of] p1a: Ferrothorn\n|\n|-heal|p2a: Excadrill|94\/100|[from] item: Leftovers\n|-heal|p1a: Ferrothorn|100\/100|[from] item: Leftovers\n|upkeep\n|turn|3\n|inactive|mtyqjltz5 has 120 seconds left.\n|\n|t:|1699944438\n|switch|p2a: Cinderace|Cinderace, M|100\/100\n|move|p1a: Ferrothorn|Power Whip|p2a: Cinderace\n|-resisted|p2a: Cinderace\n|-damage|p2a: Cinderace|72\/100\n|\n|upkeep\n|turn|4\n|\n|t:|1699944448\n|switch|p1a: Zapdos|Zapdos|100\/100\n|move|p2a: Cinderace|Pyro Ball|p1a: Zapdos\n|-damage|p1a: Zapdos|36\/100\n|-status|p1a: Zapdos|brn\n|\n|-damage|p1a: Zapdos|30\/100 brn|[from] brn\n|upkeep\n|turn|5\n|\n|t:|1699944462\n|move|p2a: Cinderace|Pyro Ball|p1a: Zapdos\n|-damage|p1a: Zapdos|0 fnt\n|faint|p1a: Zapdos\n|\n|upkeep\n|\n|t:|1699944466\n|switch|p1a: Greninja|Greninja, M|100\/100\n|turn|6\n|\n|t:|1699944476\n|switch|p2a: Sinistcha|Sinistcha, shiny|100\/100\n|move|p1a: Greninja|Hydro Pump|p2a: Sinistcha\n|-resisted|p2a: Sinistcha\n|-damage|p2a: Sinistcha|58\/100\n|\n|-heal|p2a: Sinistcha|64\/100|[from] item: Leftovers\n|upkeep\n|turn|7\n|\n|t:|1699944489\n|switch|p1a: Heatran|Heatran, F|100\/100\n|-terastallize|p2a: Sinistcha|Poison\n|move|p2a: Sinistcha|Strength Sap|p1a: Heatran\n|-unboost|p1a: Heatran|atk|1\n|-heal|p2a: Sinistcha|100\/100\n|\n|upkeep\n|turn|8\n|\n|t:|1699944507\n|move|p1a: Heatran|Stealth Rock|p2a: Sinistcha\n|-sidestart|p2: mtyqjltz5|move: Stealth Rock\n|move|p2a: Sinistcha|Calm Mind|p2a: Sinistcha\n|-boost|p2a: Sinistcha|spa|1\n|-boost|p2a: Sinistcha|spd|1\n|\n|upkeep\n|turn|9\n|\n|t:|1699944513\n|move|p1a: Heatran|Taunt|p2a: Sinistcha\n|-start|p2a: Sinistcha|move: Taunt\n|cant|p2a: Sinistcha|move: Taunt|Calm Mind\n|\n|upkeep\n|turn|10\n|\n|t:|1699944519\n|move|p1a: Heatran|Earth Power|p2a: Sinistcha\n|-supereffective|p2a: Sinistcha\n|-damage|p2a: Sinistcha|48\/100\n|move|p2a: Sinistcha|Shadow Ball|p1a: Heatran\n|-crit|p1a: Heatran\n|-damage|p1a: Heatran|30\/100\n|\n|-heal|p1a: Heatran|36\/100|[from] item: Leftovers\n|-heal|p2a: Sinistcha|54\/100|[from] item: Leftovers\n|upkeep\n|turn|11\n|\n|t:|1699944547\n|move|p1a: Heatran|Earth Power|p2a: Sinistcha\n|-supereffective|p2a: Sinistcha\n|-damage|p2a: Sinistcha|7\/100\n|move|p2a: Sinistcha|Shadow Ball|p1a: Heatran\n|-damage|p1a: Heatran|0 fnt\n|faint|p1a: Heatran\n|\n|-heal|p2a: Sinistcha|13\/100|[from] item: Leftovers\n|-end|p2a: Sinistcha|move: Taunt\n|upkeep\n|\n|t:|1699944557\n|switch|p1a: Greninja|Greninja, M|100\/100\n|turn|12\n|\n|t:|1699944567\n|switch|p2a: Samurott|Samurott-Hisui, M, shiny|100\/100\n|-damage|p2a: Samurott|88\/100|[from] Stealth Rock\n|move|p1a: Greninja|Dark Pulse|p2a: Samurott\n|-resisted|p2a: Samurott\n|-damage|p2a: Samurott|51\/100\n|\n|upkeep\n|turn|13\n|\n|t:|1699944580\n|switch|p1a: Scizor|Scizor, F|100\/100\n|move|p2a: Samurott|Ceaseless Edge|p1a: Scizor|[miss]\n|-miss|p2a: Samurott|p1a: Scizor\n|\n|upkeep\n|turn|14\n|\n|t:|1699944591\n|switch|p2a: Sinistcha|Sinistcha, shiny, tera:Poison|13\/100\n|-damage|p2a: Sinistcha|0 fnt|[from] Stealth Rock\n|faint|p2a: Sinistcha\n|detailschange|p1a: Scizor|Scizor-Mega, F\n|-mega|p1a: Scizor|Scizor|Scizorite\n|move|p1a: Scizor|Swords Dance|p1a: Scizor\n|-boost|p1a: Scizor|atk|2\n|\n|upkeep\n|\n|t:|1699944607\n|switch|p2a: Cinderace|Cinderace, M|72\/100\n|turn|15\n|inactive|liam E1 has 120 seconds left.\n|\n|t:|1699944640\n|move|p1a: Scizor|Bullet Punch|p2a: Cinderace\n|-resisted|p2a: Cinderace\n|-damage|p2a: Cinderace|18\/100\n|move|p2a: Cinderace|Pyro Ball|p1a: Scizor\n|-supereffective|p1a: Scizor\n|-damage|p1a: Scizor|0 fnt\n|faint|p1a: Scizor\n|\n|upkeep\n|inactive|liam E1 has 120 seconds left.\n|\n|t:|1699944647\n|switch|p1a: Greninja|Greninja, M|100\/100\n|turn|16\n|inactive|liam E1 has 120 seconds left.\n|\n|t:|1699944664\n|switch|p2a: Kommo-o|Kommo-o, M, shiny|100\/100\n|-damage|p2a: Kommo-o|94\/100|[from] Stealth Rock\n|move|p1a: Greninja|Hydro Pump|p2a: Kommo-o\n|-resisted|p2a: Kommo-o\n|-damage|p2a: Kommo-o|53\/100\n|\n|upkeep\n|turn|17\n|inactive|liam E1 has 120 seconds left.\n|\n|t:|1699944678\n|switch|p1a: Gliscor|Gliscor, F|100\/100\n|-zpower|p2a: Kommo-o\n|move|p2a: Kommo-o|Clangorous Soulblaze|p1a: Gliscor|[zeffect]\n|-damage|p1a: Gliscor|12\/100\n|-boost|p2a: Kommo-o|atk|1\n|-boost|p2a: Kommo-o|def|1\n|-boost|p2a: Kommo-o|spa|1\n|-boost|p2a: Kommo-o|spd|1\n|-boost|p2a: Kommo-o|spe|1\n|\n|-status|p1a: Gliscor|tox|[from] item: Toxic Orb\n|upkeep\n|turn|18\n|inactive|liam E1 has 120 seconds left.\n|\n|t:|1699944694\n|move|p2a: Kommo-o|Boomburst|p1a: Gliscor\n|-damage|p1a: Gliscor|0 fnt\n|faint|p1a: Gliscor\n|\n|upkeep\n|\n|t:|1699944706\n|switch|p1a: Greninja|Greninja, M|100\/100\n|turn|19\n|\n|t:|1699944710\n|-terastallize|p1a: Greninja|Water\n|move|p2a: Kommo-o|Boomburst|p1a: Greninja\n|-damage|p1a: Greninja|5\/100\n|move|p1a: Greninja|Hydro Pump|p2a: Kommo-o\n|-resisted|p2a: Kommo-o\n|-damage|p2a: Kommo-o|16\/100\n|\n|upkeep\n|turn|20\n|-message|liam E1 forfeited.\n|\n|win|mtyqjltz5\n|raw|liam E1's rating: 1326 &rarr; <strong>1306<\/strong><br \/>(-20 for losing)\n|raw|mtyqjltz5's rating: 1327 &rarr; <strong>1347<\/strong><br \/>(+20 for winning)\n|l|\u2606liam E1\n","uploadtime":1699944727,"views":4,"p1id":"liame1","p2id":"mtyqjltz5","formatid":"gen9nationaldex","rating":1306,"private":0,"password":""}