{"id":"gen9nationaldex-1998214473","p1":"Asiloska","p2":"Zersturer23","format":"[Gen 9] National Dex","log":"|html|<div class=\"broadcast-blue\"><strong>[Gen 9] National Dex is currently suspecting Sneasler! For information on how to participate check out the <a href=\"https:\/\/www.smogon.com\/forums\/threads\/sv-national-dex-suspect-8-just-dance.3731534\/\">suspect thread<\/a>.<\/strong><\/div>\n|j|\u2606Asiloska\n|j|\u2606Zersturer23\n|t:|1700913974\n|gametype|singles\n|player|p1|Asiloska|alder|1112\n|player|p2|Zersturer23|1|1052\n|teamsize|p1|6\n|teamsize|p2|6\n|gen|9\n|tier|[Gen 9] National Dex\n|rated|\n|rule|HP Percentage Mod: HP is shown in percentages\n|rule|Endless Battle Clause: Forcing endless battles is banned\n|rule|OHKO Clause: OHKO moves are banned\n|rule|Evasion Clause: Evasion abilities, items, and moves are banned\n|rule|Evasion Abilities Clause: Evasion abilities are banned\n|rule|Evasion Items Clause: Evasion items are banned\n|rule|Evasion Moves Clause: Evasion moves are banned\n|rule|Species Clause: Limit one of each Pok\u00e9mon\n|rule|Sleep Clause Mod: Limit one foe put to sleep\n|clearpoke\n|poke|p1|Zeraora|\n|poke|p1|Rillaboom, M|\n|poke|p1|Kartana|\n|poke|p1|Toxapex, F|\n|poke|p1|Tyranitar, M|\n|poke|p1|Rotom-Wash|\n|poke|p2|Torterra, M|\n|poke|p2|Garchomp, M|\n|poke|p2|Charizard, M|\n|poke|p2|Great Tusk|\n|poke|p2|Toxapex, M|\n|poke|p2|Tyranitar, M|\n|teampreview\n|\n|t:|1700913980\n|start\n|switch|p1a: Rillaboom|Rillaboom, M|100\/100\n|switch|p2a: Tyranitar|Tyranitar, M|100\/100\n|-fieldstart|move: Grassy Terrain|[from] ability: Grassy Surge|[of] p1a: Rillaboom\n|-weather|Sandstorm|[from] ability: Sand Stream|[of] p2a: Tyranitar\n|turn|1\n|\n|t:|1700913994\n|move|p1a: Rillaboom|Drain Punch|p2a: Tyranitar\n|-supereffective|p2a: Tyranitar\n|-damage|p2a: Tyranitar|19\/100\n|move|p2a: Tyranitar|Pursuit|p1a: Rillaboom\n|-damage|p1a: Rillaboom|81\/100\n|\n|-weather|Sandstorm|[upkeep]\n|-damage|p1a: Rillaboom|75\/100|[from] Sandstorm\n|-heal|p1a: Rillaboom|81\/100|[from] Grassy Terrain\n|-heal|p1a: Rillaboom|87\/100|[from] item: Leftovers\n|-heal|p2a: Tyranitar|25\/100|[from] Grassy Terrain\n|upkeep\n|turn|2\n|\n|t:|1700914011\n|switch|p2a: Toxapex|Toxapex, M|100\/100\n|move|p1a: Rillaboom|Swords Dance|p1a: Rillaboom\n|-boost|p1a: Rillaboom|atk|2\n|\n|-weather|Sandstorm|[upkeep]\n|-damage|p1a: Rillaboom|81\/100|[from] Sandstorm\n|-damage|p2a: Toxapex|94\/100|[from] Sandstorm\n|-heal|p1a: Rillaboom|87\/100|[from] Grassy Terrain\n|-heal|p1a: Rillaboom|93\/100|[from] item: Leftovers\n|-heal|p2a: Toxapex|100\/100|[from] Grassy Terrain\n|upkeep\n|turn|3\n|\n|t:|1700914018\n|move|p1a: Rillaboom|Grassy Glide|p2a: Toxapex\n|-damage|p2a: Toxapex|39\/100\n|move|p2a: Toxapex|Haze|p2a: Toxapex\n|-clearallboost\n|\n|-weather|Sandstorm|[upkeep]\n|-damage|p1a: Rillaboom|87\/100|[from] Sandstorm\n|-damage|p2a: Toxapex|33\/100|[from] Sandstorm\n|-heal|p1a: Rillaboom|93\/100|[from] Grassy Terrain\n|-heal|p1a: Rillaboom|99\/100|[from] item: Leftovers\n|-heal|p2a: Toxapex|39\/100|[from] Grassy Terrain\n|-heal|p2a: Toxapex|45\/100|[from] item: Black Sludge\n|upkeep\n|turn|4\n|\n|t:|1700914024\n|switch|p1a: Zeraora|Zeraora|100\/100\n|move|p2a: Toxapex|Baneful Bunker||[still]\n|-fail|p2a: Toxapex\n|\n|-weather|Sandstorm|[upkeep]\n|-damage|p1a: Zeraora|95\/100|[from] Sandstorm\n|-damage|p2a: Toxapex|39\/100|[from] Sandstorm\n|-heal|p1a: Zeraora|100\/100|[from] Grassy Terrain\n|-heal|p2a: Toxapex|45\/100|[from] Grassy Terrain\n|-heal|p2a: Toxapex|51\/100|[from] item: Black Sludge\n|upkeep\n|turn|5\n|\n|t:|1700914043\n|switch|p2a: Torterra|Torterra, M|100\/100\n|move|p1a: Zeraora|Bulk Up|p1a: Zeraora\n|-boost|p1a: Zeraora|atk|1\n|-boost|p1a: Zeraora|def|1\n|\n|-weather|none\n|-fieldend|move: Grassy Terrain\n|upkeep\n|turn|6\n|\n|t:|1700914048\n|switch|p1a: Rotom|Rotom-Wash|100\/100\n|move|p2a: Torterra|Shell Smash|p2a: Torterra\n|-unboost|p2a: Torterra|def|1\n|-unboost|p2a: Torterra|spd|1\n|-boost|p2a: Torterra|atk|2\n|-boost|p2a: Torterra|spa|2\n|-boost|p2a: Torterra|spe|2\n|\n|upkeep\n|turn|7\n|\n|t:|1700914056\n|move|p2a: Torterra|Seed Bomb|p1a: Rotom\n|-supereffective|p1a: Rotom\n|-damage|p1a: Rotom|0 fnt\n|faint|p1a: Rotom\n|\n|upkeep\n|\n|t:|1700914061\n|switch|p1a: Toxapex|Toxapex, F|100\/100\n|turn|8\n|\n|t:|1700914064\n|move|p2a: Torterra|Earthquake|p1a: Toxapex\n|-supereffective|p1a: Toxapex\n|-damage|p1a: Toxapex|0 fnt\n|faint|p1a: Toxapex\n|\n|upkeep\n|\n|t:|1700914068\n|switch|p1a: Kartana|Kartana|100\/100\n|turn|9\n|\n|t:|1700914074\n|move|p2a: Torterra|Earthquake|p1a: Kartana\n|-damage|p1a: Kartana|12\/100\n|move|p1a: Kartana|Leaf Blade|p2a: Torterra\n|-damage|p2a: Torterra|0 fnt\n|faint|p2a: Torterra\n|-ability|p1a: Kartana|Beast Boost|boost\n|-boost|p1a: Kartana|atk|1\n|-damage|p1a: Kartana|2\/100|[from] item: Life Orb\n|\n|upkeep\n|\n|t:|1700914097\n|switch|p2a: Great Tusk|Great Tusk|100\/100\n|turn|10\n|\n|t:|1700914103\n|move|p1a: Kartana|Leaf Blade|p2a: Great Tusk\n|-supereffective|p2a: Great Tusk\n|-damage|p2a: Great Tusk|0 fnt\n|-damage|p1a: Kartana|0 fnt|[from] item: Rocky Helmet|[of] p2a: Great Tusk\n|faint|p2a: Great Tusk\n|-end|p2a: Great Tusk|Protosynthesis|[silent]\n|faint|p1a: Kartana\n|\n|upkeep\n|\n|t:|1700914113\n|switch|p1a: Rillaboom|Rillaboom, M|99\/100\n|switch|p2a: Tyranitar|Tyranitar, M|25\/100\n|-fieldstart|move: Grassy Terrain|[from] ability: Grassy Surge|[of] p1a: Rillaboom\n|-weather|Sandstorm|[from] ability: Sand Stream|[of] p2a: Tyranitar\n|turn|11\n|\n|t:|1700914119\n|-terastallize|p2a: Tyranitar|Fairy\n|move|p1a: Rillaboom|Swords Dance|p1a: Rillaboom\n|-boost|p1a: Rillaboom|atk|2\n|move|p2a: Tyranitar|Earthquake|p1a: Rillaboom\n|-resisted|p1a: Rillaboom\n|-damage|p1a: Rillaboom|91\/100\n|\n|-weather|Sandstorm|[upkeep]\n|-damage|p1a: Rillaboom|85\/100|[from] Sandstorm\n|-damage|p2a: Tyranitar|19\/100|[from] Sandstorm\n|-heal|p1a: Rillaboom|91\/100|[from] Grassy Terrain\n|-heal|p1a: Rillaboom|98\/100|[from] item: Leftovers\n|-heal|p2a: Tyranitar|25\/100|[from] Grassy Terrain\n|upkeep\n|turn|12\n|\n|t:|1700914129\n|move|p1a: Rillaboom|Swords Dance|p1a: Rillaboom\n|-boost|p1a: Rillaboom|atk|2\n|move|p2a: Tyranitar|Pursuit|p1a: Rillaboom\n|-damage|p1a: Rillaboom|76\/100\n|\n|-weather|Sandstorm|[upkeep]\n|-damage|p1a: Rillaboom|70\/100|[from] Sandstorm\n|-damage|p2a: Tyranitar|19\/100|[from] Sandstorm\n|-heal|p1a: Rillaboom|76\/100|[from] Grassy Terrain\n|-heal|p1a: Rillaboom|82\/100|[from] item: Leftovers\n|-heal|p2a: Tyranitar|25\/100|[from] Grassy Terrain\n|upkeep\n|turn|13\n|\n|t:|1700914134\n|switch|p2a: Toxapex|Toxapex, M|85\/100\n|move|p1a: Rillaboom|Grassy Glide|p2a: Toxapex\n|-damage|p2a: Toxapex|0 fnt\n|faint|p2a: Toxapex\n|\n|-weather|Sandstorm|[upkeep]\n|-damage|p1a: Rillaboom|76\/100|[from] Sandstorm\n|-heal|p1a: Rillaboom|82\/100|[from] Grassy Terrain\n|-heal|p1a: Rillaboom|88\/100|[from] item: Leftovers\n|upkeep\n|\n|t:|1700914138\n|switch|p2a: Charizard|Charizard, M|100\/100\n|turn|14\n|\n|t:|1700914143\n|detailschange|p2a: Charizard|Charizard-Mega-Y, M\n|-mega|p2a: Charizard|Charizard|Charizardite Y\n|-weather|SunnyDay|[from] ability: Drought|[of] p2a: Charizard\n|move|p2a: Charizard|Fire Blast|p1a: Rillaboom\n|-supereffective|p1a: Rillaboom\n|-damage|p1a: Rillaboom|0 fnt\n|faint|p1a: Rillaboom\n|\n|-weather|SunnyDay|[upkeep]\n|upkeep\n|\n|t:|1700914148\n|switch|p1a: Tyranitar|Tyranitar, M|100\/100\n|-weather|Sandstorm|[from] ability: Sand Stream|[of] p1a: Tyranitar\n|turn|15\n|\n|t:|1700914160\n|switch|p2a: Tyranitar|Tyranitar, M, tera:Fairy|25\/100\n|move|p1a: Tyranitar|Rock Blast|p2a: Tyranitar\n|-damage|p2a: Tyranitar|17\/100\n|-damage|p2a: Tyranitar|9\/100\n|-damage|p2a: Tyranitar|1\/100\n|-hitcount|p2a: Tyranitar|3\n|\n|-weather|Sandstorm|[upkeep]\n|-damage|p2a: Tyranitar|0 fnt|[from] Sandstorm\n|faint|p2a: Tyranitar\n|-fieldend|move: Grassy Terrain\n|upkeep\n|\n|t:|1700914177\n|switch|p2a: Garchomp|Garchomp, M|100\/100\n|turn|16\n|\n|t:|1700914183\n|move|p2a: Garchomp|Earthquake|p1a: Tyranitar\n|-supereffective|p1a: Tyranitar\n|-damage|p1a: Tyranitar|23\/100\n|move|p1a: Tyranitar|Foul Play|p2a: Garchomp\n|-damage|p2a: Garchomp|47\/100\n|-damage|p1a: Tyranitar|10\/100|[from] ability: Rough Skin|[of] p2a: Garchomp\n|\n|-weather|Sandstorm|[upkeep]\n|-heal|p1a: Tyranitar|17\/100|[from] item: Leftovers\n|upkeep\n|turn|17\n|\n|t:|1700914196\n|move|p2a: Garchomp|Earthquake|p1a: Tyranitar\n|-supereffective|p1a: Tyranitar\n|-damage|p1a: Tyranitar|0 fnt\n|faint|p1a: Tyranitar\n|\n|-weather|Sandstorm|[upkeep]\n|upkeep\n|\n|t:|1700914198\n|switch|p1a: Zeraora|Zeraora|100\/100\n|turn|18\n|\n|t:|1700914204\n|move|p1a: Zeraora|Close Combat|p2a: Garchomp\n|-damage|p2a: Garchomp|10\/100\n|-unboost|p1a: Zeraora|def|1\n|-unboost|p1a: Zeraora|spd|1\n|-damage|p1a: Zeraora|88\/100|[from] ability: Rough Skin|[of] p2a: Garchomp\n|-zpower|p2a: Garchomp\n|move|p2a: Garchomp|Continental Crush|p1a: Zeraora|[zeffect]\n|-damage|p1a: Zeraora|0 fnt\n|faint|p1a: Zeraora\n|\n|win|Zersturer23\n|raw|Asiloska's rating: 1112 &rarr; <strong>1083<\/strong><br \/>(-29 for losing)\n|raw|Zersturer23's rating: 1052 &rarr; <strong>1090<\/strong><br \/>(+38 for winning)\n|l|\u2606Asiloska\n","uploadtime":1700914208,"views":6,"p1id":"asiloska","p2id":"zersturer23","formatid":"gen9nationaldex","rating":1083,"private":0,"password":""}