{"id":"gen9nationaldex-1993626493","p1":"IChangeMyNameAlot","p2":"MosheahVOWS","format":"[Gen 9] National Dex","log":"|j|\u2606IChangeMyNameAlot\n|j|\u2606MosheahVOWS\n|t:|1700338970\n|gametype|singles\n|player|p1|IChangeMyNameAlot|rye|\n|player|p2|MosheahVOWS|burglar|\n|teamsize|p1|6\n|teamsize|p2|6\n|gen|9\n|tier|[Gen 9] National Dex\n|rule|HP Percentage Mod: HP is shown in percentages\n|rule|Endless Battle Clause: Forcing endless battles is banned\n|rule|OHKO Clause: OHKO moves are banned\n|rule|Evasion Clause: Evasion abilities, items, and moves are banned\n|rule|Evasion Abilities Clause: Evasion abilities are banned\n|rule|Evasion Items Clause: Evasion items are banned\n|rule|Evasion Moves Clause: Evasion moves are banned\n|rule|Species Clause: Limit one of each Pok\u00e9mon\n|rule|Sleep Clause Mod: Limit one foe put to sleep\n|clearpoke\n|poke|p1|Garchomp, M|\n|poke|p1|Kommo-o, F|\n|poke|p1|Dragonite, M|\n|poke|p1|Altaria, M|\n|poke|p1|Tyrantrum, M|\n|poke|p1|Latias, F|\n|poke|p2|Salamence, M|\n|poke|p2|Primeape, M|\n|poke|p2|Chansey, F|\n|poke|p2|Skarmory, F|\n|poke|p2|Tyranitar, F|\n|poke|p2|Umbreon, M|\n|teampreview\n|inactive|Battle timer is ON: inactive players will automatically lose when time's up. (requested by IChangeMyNameAlot)\n|c|\u2606IChangeMyNameAlot|Glhf!\n|inactiveoff|Battle timer is now OFF.\n|\n|t:|1700339007\n|start\n|switch|p1a: Garchomp|Garchomp, M|100\/100\n|switch|p2a: Primeape|Primeape, M|100\/100\n|turn|1\n|c|\u2606IChangeMyNameAlot|Wanted to give u one more shot before I was gone hehe\n|\n|t:|1700339024\n|switch|p2a: Skarmory|Skarmory, F|100\/100\n|move|p1a: Garchomp|Stealth Rock|p2a: Skarmory\n|-sidestart|p2: MosheahVOWS|move: Stealth Rock\n|\n|upkeep\n|turn|2\n|\n|t:|1700339030\n|move|p1a: Garchomp|Fire Blast|p2a: Skarmory\n|-supereffective|p2a: Skarmory\n|-damage|p2a: Skarmory|59\/100\n|move|p2a: Skarmory|Spikes|p1a: Garchomp\n|-sidestart|p1: IChangeMyNameAlot|Spikes\n|\n|upkeep\n|turn|3\n|c|\u2606MosheahVOWS|.... fire blast garchomp?\n|c|\u2606MosheahVOWS|A most BOLD decision\n|\n|t:|1700339065\n|switch|p2a: Umbreon|Umbreon, M|100\/100\n|-damage|p2a: Umbreon|88\/100|[from] Stealth Rock\n|move|p1a: Garchomp|Fire Blast|p2a: Umbreon\n|-damage|p2a: Umbreon|75\/100\n|\n|upkeep\n|turn|4\n|\n|t:|1700339075\n|move|p1a: Garchomp|Earthquake|p2a: Umbreon\n|-damage|p2a: Umbreon|38\/100\n|move|p2a: Umbreon|Foul Play|p1a: Garchomp\n|-damage|p1a: Garchomp|52\/100\n|-damage|p2a: Umbreon|26\/100|[from] ability: Rough Skin|[of] p1a: Garchomp\n|\n|upkeep\n|turn|5\n|\n|t:|1700339092\n|switch|p2a: Skarmory|Skarmory, F|59\/100\n|-damage|p2a: Skarmory|47\/100|[from] Stealth Rock\n|move|p1a: Garchomp|Rock Tomb|p2a: Skarmory\n|-damage|p2a: Skarmory|32\/100\n|-unboost|p2a: Skarmory|spe|1\n|\n|upkeep\n|turn|6\n|\n|t:|1700339101\n|move|p1a: Garchomp|Fire Blast|p2a: Skarmory|[miss]\n|-miss|p1a: Garchomp|p2a: Skarmory\n|move|p2a: Skarmory|Roost|p2a: Skarmory\n|-heal|p2a: Skarmory|82\/100\n|-singleturn|p2a: Skarmory|move: Roost\n|\n|upkeep\n|turn|7\n|c|\u2606MosheahVOWS|...... oh my god\n|c|\u2606IChangeMyNameAlot|Damn\n|c|\u2606IChangeMyNameAlot|XD\n|\n|t:|1700339120\n|move|p1a: Garchomp|Fire Blast|p2a: Skarmory\n|-supereffective|p2a: Skarmory\n|-damage|p2a: Skarmory|42\/100\n|move|p2a: Skarmory|Whirlwind|p1a: Garchomp\n|drag|p1a: Dragonite|Dragonite, M|100\/100\n|\n|upkeep\n|turn|8\n|\n|t:|1700339130\n|move|p1a: Dragonite|Fire Punch|p2a: Skarmory\n|-supereffective|p2a: Skarmory\n|-damage|p2a: Skarmory|0 fnt\n|-damage|p1a: Dragonite|84\/100|[from] item: Rocky Helmet|[of] p2a: Skarmory\n|faint|p2a: Skarmory\n|\n|upkeep\n|c|\u2606MosheahVOWS|AGHHHH\n|\n|t:|1700339139\n|switch|p2a: Salamence|Salamence, M|100\/100\n|-damage|p2a: Salamence|76\/100|[from] Stealth Rock\n|-ability|p2a: Salamence|Intimidate|boost\n|-unboost|p1a: Dragonite|atk|1\n|turn|9\n|\n|t:|1700339145\n|switch|p1a: Garchomp|Garchomp, M|52\/100\n|-damage|p1a: Garchomp|40\/100|[from] Spikes\n|move|p2a: Salamence|Dragon Dance|p2a: Salamence\n|-boost|p2a: Salamence|atk|1\n|-boost|p2a: Salamence|spe|1\n|\n|upkeep\n|turn|10\n|\n|t:|1700339155\n|move|p2a: Salamence|Dragon Claw|p1a: Garchomp\n|-supereffective|p1a: Garchomp\n|-damage|p1a: Garchomp|0 fnt\n|-damage|p2a: Salamence|63\/100|[from] ability: Rough Skin|[of] p1a: Garchomp\n|faint|p1a: Garchomp\n|\n|upkeep\n|\n|t:|1700339163\n|switch|p1a: Altaria|Altaria, M|100\/100\n|turn|11\n|\n|t:|1700339169\n|detailschange|p1a: Altaria|Altaria-Mega, M\n|-mega|p1a: Altaria|Altaria|Altarianite\n|move|p2a: Salamence|Dragon Claw|p1a: Altaria\n|-immune|p1a: Altaria\n|move|p1a: Altaria|Return|p2a: Salamence\n|-supereffective|p2a: Salamence\n|-damage|p2a: Salamence|0 fnt\n|faint|p2a: Salamence\n|\n|upkeep\n|c|\u2606MosheahVOWS|:O :O :O :O :O\n|c|\u2606IChangeMyNameAlot|Fluff Ball hehe\n|c|\u2606MosheahVOWS|I WAS ABOUT TO SWEEP YOU\n|\n|t:|1700339209\n|switch|p2a: Chansey|Chansey, F|100\/100\n|-damage|p2a: Chansey|88\/100|[from] Stealth Rock\n|turn|12\n|c|\u2606IChangeMyNameAlot|Mayhaps :3\n|\n|t:|1700339227\n|switch|p1a: Tyrantrum|Tyrantrum, M|100\/100\n|-damage|p1a: Tyrantrum|88\/100|[from] Spikes\n|move|p2a: Chansey|Toxic|p1a: Tyrantrum\n|-status|p1a: Tyrantrum|tox\n|\n|-damage|p1a: Tyrantrum|82\/100 tox|[from] psn\n|upkeep\n|turn|13\n|c|\u2606MosheahVOWS|.... this is bad\n|\n|t:|1700339260\n|move|p1a: Tyrantrum|Outrage|p2a: Chansey\n|-damage|p2a: Chansey|49\/100\n|move|p2a: Chansey|Stealth Rock|p1a: Tyrantrum\n|-sidestart|p1: IChangeMyNameAlot|move: Stealth Rock\n|\n|-damage|p1a: Tyrantrum|69\/100 tox|[from] psn\n|upkeep\n|turn|14\n|\n|t:|1700339274\n|move|p1a: Tyrantrum|Outrage|p2a: Chansey|[from]lockedmove\n|-damage|p2a: Chansey|9\/100\n|-start|p1a: Tyrantrum|confusion|[fatigue]\n|move|p2a: Chansey|Soft-Boiled|p2a: Chansey\n|-heal|p2a: Chansey|59\/100\n|\n|-damage|p1a: Tyrantrum|51\/100 tox|[from] psn\n|upkeep\n|turn|15\n|\n|t:|1700339282\n|switch|p1a: Dragonite|Dragonite, M|84\/100\n|-damage|p1a: Dragonite|59\/100|[from] Stealth Rock\n|move|p2a: Chansey|Soft-Boiled|p2a: Chansey\n|-heal|p2a: Chansey|100\/100\n|\n|upkeep\n|turn|16\n|c|\u2606IChangeMyNameAlot|Chansey thiccc\n|\n|t:|1700339292\n|move|p1a: Dragonite|Dual Wingbeat|p2a: Chansey\n|-damage|p2a: Chansey|82\/100\n|-damage|p2a: Chansey|60\/100\n|-hitcount|p2a: Chansey|2\n|move|p2a: Chansey|Toxic|p1a: Dragonite\n|-status|p1a: Dragonite|tox\n|\n|-damage|p1a: Dragonite|53\/100 tox|[from] psn\n|upkeep\n|turn|17\n|c|\u2606MosheahVOWS|very thicc\n|\n|t:|1700339312\n|switch|p1a: Kommo-o|Kommo-o, F|100\/100\n|-damage|p1a: Kommo-o|88\/100|[from] Spikes\n|-damage|p1a: Kommo-o|82\/100|[from] Stealth Rock\n|move|p2a: Chansey|Soft-Boiled|p2a: Chansey\n|-heal|p2a: Chansey|100\/100\n|\n|upkeep\n|turn|18\n|c|\u2606MosheahVOWS|bro no\n|c|\u2606MosheahVOWS|.... please no\n|c|\u2606MosheahVOWS|YOU DONT WANNA DO THIS\n|c|\u2606IChangeMyNameAlot|She changles and changles\n|\n|t:|1700339343\n|move|p1a: Kommo-o|Clangorous Soul|p1a: Kommo-o\n|-boost|p1a: Kommo-o|atk|1\n|-boost|p1a: Kommo-o|def|1\n|-boost|p1a: Kommo-o|spa|1\n|-boost|p1a: Kommo-o|spd|1\n|-boost|p1a: Kommo-o|spe|1\n|-damage|p1a: Kommo-o|49\/100\n|-enditem|p1a: Kommo-o|Throat Spray\n|-boost|p1a: Kommo-o|spa|1|[from] item: Throat Spray\n|move|p2a: Chansey|Toxic|p1a: Kommo-o\n|-status|p1a: Kommo-o|tox\n|\n|-damage|p1a: Kommo-o|43\/100 tox|[from] psn\n|upkeep\n|turn|19\n|c|\u2606MosheahVOWS|you leave me no choice....\n|\n|t:|1700339369\n|switch|p2a: Umbreon|Umbreon, M|26\/100\n|-damage|p2a: Umbreon|13\/100|[from] Stealth Rock\n|-enditem|p2a: Umbreon|Figy Berry|[eat]\n|-heal|p2a: Umbreon|47\/100|[from] item: Figy Berry\n|move|p1a: Kommo-o|Drain Punch|p2a: Umbreon\n|-supereffective|p2a: Umbreon\n|-damage|p2a: Umbreon|0 fnt\n|-heal|p1a: Kommo-o|74\/100 tox|[from] drain|[of] p2a: Umbreon\n|faint|p2a: Umbreon\n|\n|-damage|p1a: Kommo-o|62\/100 tox|[from] psn\n|upkeep\n|\n|t:|1700339398\n|switch|p2a: Primeape|Primeape, M|100\/100\n|-damage|p2a: Primeape|95\/100|[from] Stealth Rock\n|turn|20\n|\n|t:|1700339406\n|move|p1a: Kommo-o|Clanging Scales|p2a: Primeape\n|-damage|p2a: Primeape|0 fnt\n|faint|p2a: Primeape\n|-unboost|p1a: Kommo-o|def|1\n|\n|-damage|p1a: Kommo-o|43\/100 tox|[from] psn\n|upkeep\n|c|\u2606MosheahVOWS|No....\n|\n|t:|1700339419\n|switch|p2a: Chansey|Chansey, F|100\/100\n|-damage|p2a: Chansey|88\/100|[from] Stealth Rock\n|turn|21\n|c|\u2606IChangeMyNameAlot|Yes\n|c|\u2606MosheahVOWS|its over....\n|\n|t:|1700339448\n|move|p1a: Kommo-o|Drain Punch|p2a: Chansey\n|-supereffective|p2a: Chansey\n|-damage|p2a: Chansey|38\/100\n|-heal|p1a: Kommo-o|100\/100 tox|[from] drain|[of] p2a: Chansey\n|move|p2a: Chansey|Soft-Boiled|p2a: Chansey\n|-heal|p2a: Chansey|88\/100\n|\n|-damage|p1a: Kommo-o|76\/100 tox|[from] psn\n|upkeep\n|turn|22\n|\n|t:|1700339457\n|move|p1a: Kommo-o|Drain Punch|p2a: Chansey\n|-supereffective|p2a: Chansey\n|-damage|p2a: Chansey|31\/100\n|-heal|p1a: Kommo-o|100\/100 tox|[from] drain|[of] p2a: Chansey\n|move|p2a: Chansey|Soft-Boiled|p2a: Chansey\n|-heal|p2a: Chansey|81\/100\n|\n|-damage|p1a: Kommo-o|70\/100 tox|[from] psn\n|upkeep\n|turn|23\n|c|\u2606MosheahVOWS|STOP THIS\n|c|\u2606MosheahVOWS|Stop this thing!\n|\n|t:|1700339474\n|move|p1a: Kommo-o|Drain Punch|p2a: Chansey\n|-supereffective|p2a: Chansey\n|-damage|p2a: Chansey|25\/100\n|-heal|p1a: Kommo-o|100\/100 tox|[from] drain|[of] p2a: Chansey\n|move|p2a: Chansey|Soft-Boiled|p2a: Chansey\n|-heal|p2a: Chansey|75\/100\n|\n|-damage|p1a: Kommo-o|63\/100 tox|[from] psn\n|upkeep\n|turn|24\n|c|\u2606MosheahVOWS|Nooooooo.....\n|\n|t:|1700339490\n|move|p1a: Kommo-o|Drain Punch|p2a: Chansey\n|-supereffective|p2a: Chansey\n|-damage|p2a: Chansey|20\/100\n|-heal|p1a: Kommo-o|100\/100 tox|[from] drain|[of] p2a: Chansey\n|move|p2a: Chansey|Seismic Toss|p1a: Kommo-o\n|-damage|p1a: Kommo-o|66\/100 tox\n|\n|-damage|p1a: Kommo-o|23\/100 tox|[from] psn\n|upkeep\n|turn|25\n|c|\u2606MosheahVOWS|NOOOOOOO\n|\n|t:|1700339513\n|move|p1a: Kommo-o|Drain Punch|p2a: Chansey\n|-supereffective|p2a: Chansey\n|-damage|p2a: Chansey|0 fnt\n|-heal|p1a: Kommo-o|47\/100 tox|[from] drain|[of] p2a: Chansey\n|faint|p2a: Chansey\n|\n|-damage|p1a: Kommo-o|0 fnt|[from] psn\n|faint|p1a: Kommo-o\n|upkeep\n|\n|t:|1700339522\n|switch|p1a: Tyrantrum|Tyrantrum, M|51\/100 tox\n|switch|p2a: Tyranitar|Tyranitar, F|100\/100\n|-ability|p2a: Tyranitar|Unnerve\n|-damage|p1a: Tyrantrum|38\/100 tox|[from] Spikes\n|-damage|p1a: Tyrantrum|26\/100 tox|[from] Stealth Rock\n|-damage|p2a: Tyranitar|88\/100|[from] Stealth Rock\n|turn|26\n|c|\u2606IChangeMyNameAlot|ggs wp!\n|\n|t:|1700339535\n|move|p1a: Tyrantrum|Close Combat|p2a: Tyranitar\n|-supereffective|p2a: Tyranitar\n|-crit|p2a: Tyranitar\n|-damage|p2a: Tyranitar|0 fnt\n|-unboost|p1a: Tyrantrum|def|1\n|-unboost|p1a: Tyrantrum|spd|1\n|faint|p2a: Tyranitar\n|\n|win|IChangeMyNameAlot\n|c|\u2606IChangeMyNameAlot|That was very tough\n|l|\u2606IChangeMyNameAlot\n|j|\u2606IChangeMyNameAlot\n|player|p1|IChangeMyNameAlot|rye\n","uploadtime":1700339589,"views":30,"p1id":"ichangemynamealot","p2id":"mosheahvows","formatid":"gen9nationaldex","rating":0,"private":0,"password":""}