{"id":"gen9nationaldex-1996667901","p1":"BIDOOFMASTERBOI","p2":"Megakid20","format":"[Gen 9] National Dex","log":"|html|<div class=\"broadcast-blue\"><strong>[Gen 9] National Dex is currently suspecting Sneasler! For information on how to participate check out the <a href=\"https:\/\/www.smogon.com\/forums\/threads\/sv-national-dex-suspect-8-just-dance.3731534\/\">suspect thread<\/a>.<\/strong><\/div>\n|j|\u2606BIDOOFMASTERBOI\n|j|\u2606Megakid20\n|t:|1700707337\n|gametype|singles\n|player|p1|BIDOOFMASTERBOI|pokefanf-gen4|\n|player|p2|Megakid20|rika|\n|teamsize|p1|6\n|teamsize|p2|6\n|gen|9\n|tier|[Gen 9] National Dex\n|rule|HP Percentage Mod: HP is shown in percentages\n|rule|Endless Battle Clause: Forcing endless battles is banned\n|rule|OHKO Clause: OHKO moves are banned\n|rule|Evasion Clause: Evasion abilities, items, and moves are banned\n|rule|Evasion Abilities Clause: Evasion abilities are banned\n|rule|Evasion Items Clause: Evasion items are banned\n|rule|Evasion Moves Clause: Evasion moves are banned\n|rule|Species Clause: Limit one of each Pok\u00e9mon\n|rule|Sleep Clause Mod: Limit one foe put to sleep\n|clearpoke\n|poke|p1|Slurpuff, F|\n|poke|p1|Rotom-Wash|\n|poke|p1|Diancie|\n|poke|p1|Weavile, F|\n|poke|p1|Xurkitree|\n|poke|p1|Skeledirge, M|\n|poke|p2|Azelf|\n|poke|p2|Revavroom, F|\n|poke|p2|Ninetales-Alola, M|\n|poke|p2|Arctozolt|\n|poke|p2|Dragonite, M|\n|poke|p2|Kommo-o, F|\n|teampreview\n|j| jonglobobe\n|j| atraino3\n|j| Keykard\n|c|\u2606Megakid20|we gonna be alright\n|j| blossomgame\n|\n|t:|1700707399\n|start\n|switch|p1a: GW. Carver|Weavile, F|100\/100\n|switch|p2a: My main goal...|Azelf|100\/100\n|-ability|p1a: GW. Carver|Pressure\n|turn|1\n|\n|t:|1700707407\n|-terastallize|p1a: GW. Carver|Dark\n|move|p1a: GW. Carver|Knock Off|p2a: My main goal...\n|-supereffective|p2a: My main goal...\n|-damage|p2a: My main goal...|0 fnt\n|-enditem|p2a: My main goal...|Normal Gem|[from] move: Knock Off|[of] p1a: GW. Carver\n|faint|p2a: My main goal...\n|\n|upkeep\n|\n|t:|1700707417\n|switch|p2a: Honda Civic|Revavroom, F|100\/100\n|turn|2\n|c|\u2606BIDOOFMASTERBOI|i fw the normal gem\n|c| jonglobobe|Give me a run for my money, there is nobody nobody around me\n|\n|t:|1700707433\n|move|p2a: Honda Civic|Gunk Shot|p1a: GW. Carver|[miss]\n|-miss|p2a: Honda Civic|p1a: GW. Carver\n|move|p1a: GW. Carver|Knock Off|p2a: Honda Civic\n|-damage|p2a: Honda Civic|0 fnt\n|-enditem|p2a: Honda Civic|Choice Scarf|[from] move: Knock Off|[of] p1a: GW. Carver\n|faint|p2a: Honda Civic\n|\n|upkeep\n|c| jonglobobe|Sippin bubbly feeling lovely feeling lovely\n|c| atraino3|Never Lucky.\n|\n|t:|1700707444\n|switch|p2a: Crankenstein|Ninetales-Alola, M, shiny|100\/100\n|-weather|Snow|[from] ability: Snow Warning|[of] p2a: Crankenstein\n|turn|3\n|c| blossomgame|wow\n|c|\u2606Megakid20|niice\n|c| jonglobobe|yeah\n|c| blossomgame|i wanna be with you\n|\n|t:|1700707457\n|switch|p1a: Slurpuff|Slurpuff, F|100\/100\n|move|p2a: Crankenstein|Aurora Veil|p2a: Crankenstein\n|-sidestart|p2: Megakid20|move: Aurora Veil\n|\n|-weather|Snow|[upkeep]\n|upkeep\n|turn|4\n|c| blossomgame|yeah i wanna be with you\n|\n|t:|1700707465\n|switch|p2a: HUMBLE.|Arctozolt, shiny|100\/100\n|move|p1a: Slurpuff|Sticky Web|p2a: HUMBLE.\n|-sidestart|p2: Megakid20|move: Sticky Web\n|\n|-weather|Snow|[upkeep]\n|upkeep\n|turn|5\n|\n|t:|1700707472\n|move|p2a: HUMBLE.|Bolt Beak|p1a: Slurpuff\n|-damage|p1a: Slurpuff|24\/100\n|-damage|p2a: HUMBLE.|91\/100|[from] item: Life Orb\n|move|p1a: Slurpuff|Yawn|p2a: HUMBLE.\n|-start|p2a: HUMBLE.|move: Yawn|[of] p1a: Slurpuff\n|\n|-weather|Snow|[upkeep]\n|upkeep\n|turn|6\n|c| blossomgame|i rember syrup sandiwch\n|\n|t:|1700707490\n|move|p2a: HUMBLE.|Substitute|p2a: HUMBLE.\n|-start|p2a: HUMBLE.|Substitute\n|-damage|p2a: HUMBLE.|66\/100\n|move|p1a: Slurpuff|Yawn||[still]\n|-fail|p1a: Slurpuff\n|\n|-weather|Snow|[upkeep]\n|-end|p2a: HUMBLE.|move: Yawn|[silent]\n|-status|p2a: HUMBLE.|slp\n|upkeep\n|turn|7\n|c| jonglobobe|finesse a firend with conterfiets\n|\n|t:|1700707504\n|switch|p1a: Skeledirge|Skeledirge, M|100\/100\n|cant|p2a: HUMBLE.|slp\n|\n|-weather|none\n|upkeep\n|turn|8\n|c| blossomgame|now im counting this\n|\n|t:|1700707511\n|-curestatus|p2a: HUMBLE.|slp|[msg]\n|move|p2a: HUMBLE.|Bolt Beak|p1a: Skeledirge\n|-crit|p1a: Skeledirge\n|-damage|p1a: Skeledirge|0 fnt\n|faint|p1a: Skeledirge\n|-damage|p2a: HUMBLE.|56\/100|[from] item: Life Orb\n|\n|upkeep\n|c| jonglobobe|my left stroke just went viral\n|c|\u2606Megakid20|i dont feel bad at all\n|c| atraino3|when u lowkey gotta wake up\n|c|\u2606Megakid20|you deserved that\n|c|\u2606BIDOOFMASTERBOI|u mad at what\n|c|\u2606BIDOOFMASTERBOI|what did i do\n|c| jonglobobe|right stroke put a baby in a spiral\n|c|\u2606BIDOOFMASTERBOI|u not fightin jim\n|c|\u2606Megakid20|the gunk shot miss\n|c|\u2606Megakid20|?\n|c|\u2606BIDOOFMASTERBOI|i missed maybe 16 hydros\n|c|\u2606BIDOOFMASTERBOI|all league\n|c|\u2606BIDOOFMASTERBOI|its part of the game we love\n|c| atraino3|are the Hydro Pumps in the room with us Now\n|c|\u2606BIDOOFMASTERBOI|boutta be\n|c| Keykard|gunk miss does not equal crit\n|c|\u2606BIDOOFMASTERBOI|door unlocked\n|c|\u2606Megakid20|ok \ud83d\udc4c\n|c| jonglobobe|Soprano c we like to keep in on a high note\n|c| atraino3|(\u2299_\u2299;)\n|c| blossomgame|theres levels to it u and i know\n|c| jonglobobe|Bitch be HUMBLE.\n|c| blossomgame|sit down\n|c| jonglobobe|Be HUMBLE.\n|c| blossomgame|bitch sit down\n|\n|t:|1700707619\n|switch|p1a: Susan D. Anthony|Diancie|100\/100\n|turn|9\n|c| jonglobobe|Be HUMBLE.\n|\n|t:|1700707630\n|move|p2a: HUMBLE.|Hail|p2a: HUMBLE.\n|-weather|Hail\n|move|p1a: Susan D. Anthony|Diamond Storm|p2a: HUMBLE.\n|-supereffective|p2a: HUMBLE.\n|-end|p2a: HUMBLE.|Substitute\n|-boost|p1a: Susan D. Anthony|def|2\n|\n|-weather|Hail|[upkeep]\n|-damage|p1a: Susan D. Anthony|94\/100|[from] Hail\n|upkeep\n|turn|10\n|c| blossomgame|hail is crazy\n|c| Keykard|nah that wasnt even funny.\n|c| jonglobobe|What was\n|\n|t:|1700707676\n|move|p2a: HUMBLE.|Bolt Beak|p1a: Susan D. Anthony\n|-damage|p1a: Susan D. Anthony|38\/100\n|-damage|p2a: HUMBLE.|46\/100|[from] item: Life Orb\n|move|p1a: Susan D. Anthony|Diamond Storm|p2a: HUMBLE.|[miss]\n|-miss|p1a: Susan D. Anthony|p2a: HUMBLE.\n|\n|-weather|Hail|[upkeep]\n|-damage|p1a: Susan D. Anthony|32\/100|[from] Hail\n|-sideend|p2: Megakid20|move: Aurora Veil\n|upkeep\n|turn|11\n|c| Keykard|hail breh\n|c|\u2606BIDOOFMASTERBOI|door unlocked\n|c| jonglobobe|well\n|c|\u2606BIDOOFMASTERBOI|95%\n|c| atraino3|thats lowkey unlucky\n|c| atraino3|95\n|c| atraino3|ff bro\n|j| homixide poopoo\n|c| atraino3|god Hates You\n|\n|t:|1700707712\n|switch|p1a: Newton|Xurkitree|100\/100\n|move|p2a: HUMBLE.|Bolt Beak|p1a: Newton\n|-resisted|p1a: Newton\n|-damage|p1a: Newton|29\/100\n|-damage|p2a: HUMBLE.|36\/100|[from] item: Life Orb\n|\n|-weather|Hail|[upkeep]\n|-damage|p1a: Newton|23\/100|[from] Hail\n|upkeep\n|turn|12\n|c| jonglobobe|Its not over till the fat lady sings.\n|c| atraino3|dont worry conway i lost off 2 focus blast wiff today i get it.\n|c| jonglobobe|And i hear nothing. nothing at all.\n|c|\u2606BIDOOFMASTERBOI|real know real\n|c|\u2606Megakid20|ok i feel a little bad for that one\n|c|\u2606BIDOOFMASTERBOI|wait i trolled\n|\n|t:|1700707774\n|switch|p1a: Wash Howard Taft|Rotom-Wash|100\/100\n|move|p2a: HUMBLE.|Bolt Beak|p1a: Wash Howard Taft\n|-damage|p1a: Wash Howard Taft|2\/100\n|-damage|p2a: HUMBLE.|26\/100|[from] item: Life Orb\n|\n|-weather|Hail|[upkeep]\n|-damage|p1a: Wash Howard Taft|0 fnt|[from] Hail\n|faint|p1a: Wash Howard Taft\n|upkeep\n|\n|t:|1700707788\n|switch|p1a: Newton|Xurkitree|23\/100\n|turn|13\n|c| atraino3|mad brick outside\n|\n|t:|1700707792\n|move|p2a: HUMBLE.|Bolt Beak|p1a: Newton\n|-resisted|p1a: Newton\n|-damage|p1a: Newton|0 fnt\n|faint|p1a: Newton\n|-damage|p2a: HUMBLE.|16\/100|[from] item: Life Orb\n|\n|-weather|none\n|upkeep\n|c| Keykard|what is happening\n|c| Keykard|scarf weasler outspeeds no?\n|\n|t:|1700707821\n|switch|p1a: GW. Carver|Weavile, F, tera:Dark|100\/100\n|-ability|p1a: GW. Carver|Pressure\n|turn|14\n|c| jonglobobe|Yeah\n|c|\u2606BIDOOFMASTERBOI|wait\n|c|\u2606BIDOOFMASTERBOI|why did key say that\n|c|\u2606BIDOOFMASTERBOI|i wasnt even looking\n|c| Keykard|cuz its already too late.\n|c|\u2606Megakid20|weasler is funny af\n|\n|t:|1700707862\n|move|p1a: GW. Carver|Psycho Cut|p2a: HUMBLE.\n|-damage|p2a: HUMBLE.|0 fnt\n|faint|p2a: HUMBLE.\n|\n|upkeep\n|\n|t:|1700707866\n|switch|p2a: Crankenstein|Ninetales-Alola, M, shiny|100\/100\n|-activate|p2a: Crankenstein|move: Sticky Web\n|-unboost|p2a: Crankenstein|spe|1\n|-weather|Snow|[from] ability: Snow Warning|[of] p2a: Crankenstein\n|turn|15\n|\n|t:|1700707871\n|move|p1a: GW. Carver|Psycho Cut|p2a: Crankenstein\n|-damage|p2a: Crankenstein|64\/100\n|move|p2a: Crankenstein|Aurora Veil|p2a: Crankenstein\n|-sidestart|p2: Megakid20|move: Aurora Veil\n|\n|-weather|Snow|[upkeep]\n|upkeep\n|turn|16\n|c| jonglobobe|scarf weasler\n|\n|t:|1700707889\n|switch|p1a: Slurpuff|Slurpuff, F|24\/100\n|move|p2a: Crankenstein|Draining Kiss|p1a: Slurpuff\n|-damage|p1a: Slurpuff|6\/100\n|-heal|p2a: Crankenstein|80\/100|[from] drain|[of] p1a: Slurpuff\n|\n|-weather|Snow|[upkeep]\n|upkeep\n|turn|17\n|\n|t:|1700707903\n|move|p2a: Crankenstein|Draining Kiss|p1a: Slurpuff\n|-damage|p1a: Slurpuff|0 fnt\n|-heal|p2a: Crankenstein|86\/100|[from] drain|[of] p1a: Slurpuff\n|faint|p1a: Slurpuff\n|\n|-weather|Snow|[upkeep]\n|upkeep\n|\n|t:|1700707912\n|switch|p1a: Susan D. Anthony|Diancie|32\/100\n|turn|18\n|\n|t:|1700707922\n|detailschange|p1a: Susan D. Anthony|Diancie-Mega\n|-mega|p1a: Susan D. Anthony|Diancie|Diancite\n|move|p1a: Susan D. Anthony|Diamond Storm|p2a: Crankenstein\n|-supereffective|p2a: Crankenstein\n|-damage|p2a: Crankenstein|32\/100\n|move|p2a: Crankenstein|Freeze-Dry|p1a: Susan D. Anthony\n|-damage|p1a: Susan D. Anthony|7\/100\n|\n|-weather|Snow|[upkeep]\n|upkeep\n|turn|19\n|\n|t:|1700707931\n|move|p1a: Susan D. Anthony|Diamond Storm|p2a: Crankenstein\n|-supereffective|p2a: Crankenstein\n|-damage|p2a: Crankenstein|0 fnt\n|faint|p2a: Crankenstein\n|\n|-weather|none\n|upkeep\n|\n|t:|1700707935\n|switch|p2a: Billions must Die|Dragonite, M|100\/100\n|turn|20\n|c|\u2606Megakid20|gg\n|c| atraino3|RELEASE ME!\n|\n|t:|1700708010\n|switch|p1a: GW. Carver|Weavile, F, tera:Dark|100\/100\n|-ability|p1a: GW. Carver|Pressure\n|-terastallize|p2a: Billions must Die|Normal\n|move|p2a: Billions must Die|Dragon Dance|p2a: Billions must Die\n|-boost|p2a: Billions must Die|atk|1\n|-boost|p2a: Billions must Die|spe|1\n|\n|upkeep\n|turn|21\n|c| atraino3|he Misses the E speed.\n|c| atraino3|Lock in\n|c| jonglobobe|weasler ability makes moves have a 5% chance to miss\n|c| jonglobobe|Ball game\n|c| atraino3|weasler from 3!\n|\n|t:|1700708062\n|move|p2a: Billions must Die|Extreme Speed|p1a: GW. Carver\n|-damage|p1a: GW. Carver|0 fnt\n|faint|p1a: GW. Carver\n|\n|upkeep\n|c| atraino3|BANG!\n|\n|t:|1700708065\n|switch|p1a: Susan D. Anthony|Diancie-Mega|7\/100\n|turn|22\n|\n|t:|1700708074\n|move|p2a: Billions must Die|Dragon Dance|p2a: Billions must Die\n|-boost|p2a: Billions must Die|atk|1\n|-boost|p2a: Billions must Die|spe|1\n|move|p1a: Susan D. Anthony|Diamond Storm|p2a: Billions must Die\n|-damage|p2a: Billions must Die|85\/100\n|\n|-sideend|p2: Megakid20|move: Aurora Veil\n|upkeep\n|turn|23\n|\n|t:|1700708085\n|move|p2a: Billions must Die|Extreme Speed|p1a: Susan D. Anthony\n|-resisted|p1a: Susan D. Anthony\n|-damage|p1a: Susan D. Anthony|0 fnt\n|faint|p1a: Susan D. Anthony\n|\n|win|Megakid20\n|c|\u2606BIDOOFMASTERBOI|ggs good shi\n|c|\u2606Megakid20|ggs\n|l|\u2606BIDOOFMASTERBOI\n","uploadtime":1700708091,"views":16,"p1id":"bidoofmasterboi","p2id":"megakid20","formatid":"gen9nationaldex","rating":0,"private":0,"password":""}