{"id":"gen9nationaldex-1994917766","p1":"qaziizans","p2":"hithereyouperson1","format":"[Gen 9] National Dex","log":"|html|<div class=\"broadcast-blue\"><strong>[Gen 9] National Dex is currently suspecting Sneasler! For information on how to participate check out the <a href=\"https:\/\/www.smogon.com\/forums\/threads\/sv-national-dex-suspect-8-just-dance.3731534\/\">suspect thread<\/a>.<\/strong><\/div>\n|j|\u2606qaziizans\n|j|\u2606hithereyouperson1\n|t:|1700504542\n|gametype|singles\n|player|p1|qaziizans|lass-gen4dp|1072\n|player|p2|hithereyouperson1|170|1124\n|teamsize|p1|6\n|teamsize|p2|6\n|gen|9\n|tier|[Gen 9] National Dex\n|rated|\n|rule|HP Percentage Mod: HP is shown in percentages\n|rule|Endless Battle Clause: Forcing endless battles is banned\n|rule|OHKO Clause: OHKO moves are banned\n|rule|Evasion Clause: Evasion abilities, items, and moves are banned\n|rule|Evasion Abilities Clause: Evasion abilities are banned\n|rule|Evasion Items Clause: Evasion items are banned\n|rule|Evasion Moves Clause: Evasion moves are banned\n|rule|Species Clause: Limit one of each Pok\u00e9mon\n|rule|Sleep Clause Mod: Limit one foe put to sleep\n|clearpoke\n|poke|p1|Arbok, F|\n|poke|p1|Hydreigon, F|\n|poke|p1|Shiftry, F|\n|poke|p1|Lucario, F|\n|poke|p1|Skeledirge, M|\n|poke|p1|Drednaw, M|\n|poke|p2|Dragonite, F|\n|poke|p2|Kommo-o, F|\n|poke|p2|Charizard, F|\n|poke|p2|Garchomp, F|\n|poke|p2|Hydreigon, M|\n|poke|p2|Goodra-Hisui, F|\n|teampreview\n|\n|t:|1700504574\n|start\n|switch|p1a: Arbok|Arbok, F|100\/100\n|switch|p2a: Garchomp|Garchomp, F|100\/100\n|turn|1\n|\n|t:|1700504585\n|move|p1a: Arbok|Coil|p1a: Arbok\n|-boost|p1a: Arbok|atk|1\n|-boost|p1a: Arbok|def|1\n|-boost|p1a: Arbok|accuracy|1\n|move|p2a: Garchomp|Stealth Rock|p1a: Arbok\n|-sidestart|p1: qaziizans|move: Stealth Rock\n|\n|upkeep\n|turn|2\n|\n|t:|1700504598\n|move|p1a: Arbok|Gunk Shot|p2a: Garchomp\n|-resisted|p2a: Garchomp\n|-damage|p2a: Garchomp|74\/100\n|-status|p2a: Garchomp|psn\n|move|p2a: Garchomp|Spikes|p1a: Arbok\n|-sidestart|p1: qaziizans|Spikes\n|\n|-damage|p2a: Garchomp|61\/100 psn|[from] psn\n|upkeep\n|turn|3\n|\n|t:|1700504613\n|move|p1a: Arbok|Coil|p1a: Arbok\n|-boost|p1a: Arbok|atk|1\n|-boost|p1a: Arbok|def|1\n|-boost|p1a: Arbok|accuracy|1\n|move|p2a: Garchomp|Spikes|p1a: Arbok\n|-sidestart|p1: qaziizans|Spikes\n|\n|-damage|p2a: Garchomp|49\/100 psn|[from] psn\n|upkeep\n|turn|4\n|\n|t:|1700504626\n|move|p1a: Arbok|Earthquake|p2a: Garchomp\n|-damage|p2a: Garchomp|8\/100 psn\n|move|p2a: Garchomp|Spikes|p1a: Arbok\n|-sidestart|p1: qaziizans|Spikes\n|\n|-damage|p2a: Garchomp|0 fnt|[from] psn\n|faint|p2a: Garchomp\n|upkeep\n|\n|t:|1700504646\n|switch|p2a: Kommo-o|Kommo-o, F|100\/100\n|turn|5\n|\n|t:|1700504656\n|move|p1a: Arbok|Psychic Fangs|p2a: Kommo-o\n|-supereffective|p2a: Kommo-o\n|-damage|p2a: Kommo-o|4\/100\n|-zpower|p2a: Kommo-o\n|move|p2a: Kommo-o|Clangorous Soulblaze|p1a: Arbok|[zeffect]\n|-damage|p1a: Arbok|0 fnt\n|faint|p1a: Arbok\n|-boost|p2a: Kommo-o|atk|1\n|-boost|p2a: Kommo-o|def|1\n|-boost|p2a: Kommo-o|spa|1\n|-boost|p2a: Kommo-o|spd|1\n|-boost|p2a: Kommo-o|spe|1\n|\n|upkeep\n|\n|t:|1700504678\n|switch|p1a: Drednaw|Drednaw, M|100\/100\n|-damage|p1a: Drednaw|88\/100|[from] Stealth Rock\n|-damage|p1a: Drednaw|63\/100|[from] Spikes\n|turn|6\n|\n|t:|1700504697\n|move|p2a: Kommo-o|Aura Sphere|p1a: Drednaw\n|-supereffective|p1a: Drednaw\n|-damage|p1a: Drednaw|0 fnt\n|faint|p1a: Drednaw\n|\n|upkeep\n|\n|t:|1700504715\n|switch|p1a: Skeledirge|Skeledirge, M|100\/100\n|-damage|p1a: Skeledirge|76\/100|[from] Stealth Rock\n|-damage|p1a: Skeledirge|51\/100|[from] Spikes\n|turn|7\n|\n|t:|1700504734\n|move|p2a: Kommo-o|Flash Cannon|p1a: Skeledirge\n|-resisted|p1a: Skeledirge\n|-damage|p1a: Skeledirge|37\/100\n|move|p1a: Skeledirge|Shadow Ball|p2a: Kommo-o\n|-crit|p2a: Kommo-o\n|-damage|p2a: Kommo-o|0 fnt\n|faint|p2a: Kommo-o\n|\n|-heal|p1a: Skeledirge|44\/100|[from] item: Leftovers\n|upkeep\n|\n|t:|1700504755\n|switch|p2a: Dragonite|Dragonite, F|100\/100\n|turn|8\n|\n|t:|1700504784\n|move|p2a: Dragonite|Dragon Claw|p1a: Skeledirge\n|-damage|p1a: Skeledirge|5\/100\n|move|p1a: Skeledirge|Slack Off|p1a: Skeledirge\n|-heal|p1a: Skeledirge|55\/100\n|\n|-heal|p1a: Skeledirge|62\/100|[from] item: Leftovers\n|upkeep\n|turn|9\n|\n|t:|1700504812\n|switch|p2a: Goodra|Goodra-Hisui, F|100\/100\n|move|p1a: Skeledirge|Slack Off|p1a: Skeledirge\n|-heal|p1a: Skeledirge|100\/100\n|\n|upkeep\n|turn|10\n|\n|t:|1700504821\n|move|p1a: Skeledirge|Earth Power|p2a: Goodra\n|-supereffective|p2a: Goodra\n|-damage|p2a: Goodra|75\/100\n|move|p2a: Goodra|Sludge Bomb|p1a: Skeledirge\n|-resisted|p1a: Skeledirge\n|-damage|p1a: Skeledirge|90\/100\n|-status|p1a: Skeledirge|psn\n|\n|-heal|p1a: Skeledirge|96\/100 psn|[from] item: Leftovers\n|-damage|p1a: Skeledirge|83\/100 psn|[from] psn\n|upkeep\n|turn|11\n|\n|t:|1700504835\n|move|p1a: Skeledirge|Torch Song|p2a: Goodra\n|-damage|p2a: Goodra|56\/100\n|-boost|p1a: Skeledirge|spa|1\n|move|p2a: Goodra|Hydro Pump|p1a: Skeledirge\n|-supereffective|p1a: Skeledirge\n|-damage|p1a: Skeledirge|30\/100 psn\n|\n|-heal|p1a: Skeledirge|37\/100 psn|[from] item: Leftovers\n|-damage|p1a: Skeledirge|24\/100 psn|[from] psn\n|upkeep\n|turn|12\n|l|\u2606hithereyouperson1\n|player|p2|\n|inactive|Battle timer is ON: inactive players will automatically lose when time's up. (requested by qaziizans)\n|j|\u2606hithereyouperson1\n|inactive|hithereyouperson1 reconnected and has 130 seconds left.\n|player|p2|hithereyouperson1|170\n|inactive|hithereyouperson1 has 120 seconds left.\n|\n|t:|1700504927\n|move|p1a: Skeledirge|Torch Song|p2a: Goodra\n|-damage|p2a: Goodra|28\/100\n|-boost|p1a: Skeledirge|spa|1\n|move|p2a: Goodra|Hydro Pump|p1a: Skeledirge\n|-supereffective|p1a: Skeledirge\n|-damage|p1a: Skeledirge|0 fnt\n|faint|p1a: Skeledirge\n|\n|upkeep\n|\n|t:|1700504937\n|switch|p1a: Shiftry|Shiftry, F|100\/100\n|turn|13\n|\n|t:|1700504942\n|move|p1a: Shiftry|Defog|p2a: Goodra\n|-unboost|p2a: Goodra|evasion|1\n|-sideend|p1: qaziizans|Spikes|[from] move: Defog|[of] p1a: Shiftry\n|-sideend|p1: qaziizans|Stealth Rock|[from] move: Defog|[of] p1a: Shiftry\n|move|p2a: Goodra|Sludge Bomb|p1a: Shiftry\n|-supereffective|p1a: Shiftry\n|-damage|p1a: Shiftry|34\/100\n|-status|p1a: Shiftry|psn\n|\n|-damage|p1a: Shiftry|22\/100 psn|[from] psn\n|upkeep\n|turn|14\n|\n|t:|1700504963\n|move|p1a: Shiftry|Tailwind|p1a: Shiftry\n|-sidestart|p1: qaziizans|move: Tailwind\n|-ability|p1a: Shiftry|Wind Rider|boost\n|-boost|p1a: Shiftry|atk|1\n|move|p2a: Goodra|Dragon Pulse|p1a: Shiftry\n|-damage|p1a: Shiftry|0 fnt\n|faint|p1a: Shiftry\n|\n|upkeep\n|\n|t:|1700504966\n|switch|p1a: Lucario|Lucario, F|100\/100\n|turn|15\n|\n|t:|1700504982\n|move|p1a: Lucario|Aura Sphere|p2a: Goodra\n|-supereffective|p2a: Goodra\n|-damage|p2a: Goodra|0 fnt\n|faint|p2a: Goodra\n|\n|upkeep\n|inactive|hithereyouperson1 has 120 seconds left.\n|\n|t:|1700505004\n|switch|p2a: Charizard|Charizard, F|100\/100\n|turn|16\n|inactive|hithereyouperson1 has 120 seconds left.\n|\n|t:|1700505019\n|detailschange|p2a: Charizard|Charizard-Mega-X, F\n|-mega|p2a: Charizard|Charizard|Charizardite X\n|-terastallize|p1a: Lucario|Fighting\n|move|p1a: Lucario|Nasty Plot|p1a: Lucario\n|-boost|p1a: Lucario|spa|2\n|move|p2a: Charizard|Earthquake|p1a: Lucario\n|-damage|p1a: Lucario|34\/100\n|\n|upkeep\n|turn|17\n|inactive|hithereyouperson1 has 120 seconds left.\n|\n|t:|1700505031\n|move|p1a: Lucario|Aura Sphere|p2a: Charizard\n|-damage|p2a: Charizard|0 fnt\n|faint|p2a: Charizard\n|\n|-sideend|p1: qaziizans|move: Tailwind\n|upkeep\n|\n|t:|1700505036\n|switch|p2a: Dragonite|Dragonite, F|100\/100\n|turn|18\n|inactive|hithereyouperson1 has 120 seconds left.\n|inactive|hithereyouperson1 has 90 seconds left.\n|\n|t:|1700505087\n|-terastallize|p2a: Dragonite|Normal\n|move|p2a: Dragonite|Extreme Speed|p1a: Lucario\n|-damage|p1a: Lucario|0 fnt\n|faint|p1a: Lucario\n|\n|upkeep\n|\n|t:|1700505101\n|switch|p1a: Hydreigon|Hydreigon, F|100\/100\n|turn|19\n|\n|t:|1700505121\n|move|p1a: Hydreigon|Dark Pulse|p2a: Dragonite\n|-damage|p2a: Dragonite|82\/100\n|move|p2a: Dragonite|Dragon Claw|p1a: Hydreigon\n|-supereffective|p1a: Hydreigon\n|-damage|p1a: Hydreigon|0 fnt\n|faint|p1a: Hydreigon\n|\n|win|hithereyouperson1\n|raw|qaziizans's rating: 1072 &rarr; <strong>1054<\/strong><br \/>(-18 for losing)\n|raw|hithereyouperson1's rating: 1124 &rarr; <strong>1145<\/strong><br \/>(+21 for winning)\n|l|\u2606qaziizans\n","uploadtime":1700505160,"views":3,"p1id":"qaziizans","p2id":"hithereyouperson1","formatid":"gen9nationaldex","rating":1054,"private":0,"password":""}