{"id":"gen9nationaldex-1990861588","p1":"Maxer59","p2":"kikishuku","format":"[Gen 9] National Dex","log":"|j|\u2606Maxer59\n|j|\u2606kikishuku\n|t:|1700008697\n|gametype|singles\n|player|p1|Maxer59|lucas|1146\n|player|p2|kikishuku|swimmer|1228\n|teamsize|p1|6\n|teamsize|p2|6\n|gen|9\n|tier|[Gen 9] National Dex\n|rated|\n|rule|HP Percentage Mod: HP is shown in percentages\n|rule|Endless Battle Clause: Forcing endless battles is banned\n|rule|OHKO Clause: OHKO moves are banned\n|rule|Evasion Clause: Evasion abilities, items, and moves are banned\n|rule|Evasion Abilities Clause: Evasion abilities are banned\n|rule|Evasion Items Clause: Evasion items are banned\n|rule|Evasion Moves Clause: Evasion moves are banned\n|rule|Species Clause: Limit one of each Pok\u00e9mon\n|rule|Sleep Clause Mod: Limit one foe put to sleep\n|clearpoke\n|poke|p1|Pelipper, F|\n|poke|p1|Indeedee, M|\n|poke|p1|Floatzel, F|\n|poke|p1|Kleavor, F|\n|poke|p1|Gallade, M|\n|poke|p1|Ditto|\n|poke|p2|Charizard, M|\n|poke|p2|Tornadus-Therian, M|\n|poke|p2|Conkeldurr, M|\n|poke|p2|Quagsire, M|\n|poke|p2|Zapdos|\n|poke|p2|Crawdaunt, F|\n|teampreview\n|inactive|Battle timer is ON: inactive players will automatically lose when time's up. (requested by Maxer59)\n|\n|t:|1700008712\n|start\n|switch|p1a: Kleavor|Kleavor, F|100\/100\n|switch|p2a: Tornadus|Tornadus-Therian, M|100\/100\n|turn|1\n|\n|t:|1700008734\n|move|p1a: Kleavor|Stone Axe|p2a: Tornadus\n|-supereffective|p2a: Tornadus\n|-damage|p2a: Tornadus|0 fnt\n|-sidestart|p2: kikishuku|move: Stealth Rock\n|faint|p2a: Tornadus\n|\n|upkeep\n|\n|t:|1700008740\n|switch|p2a: Conkeldurr|Conkeldurr, M|100\/100\n|-damage|p2a: Conkeldurr|94\/100|[from] Stealth Rock\n|turn|2\n|\n|t:|1700008748\n|switch|p1a: Indeedee|Indeedee, M|100\/100\n|-fieldstart|move: Psychic Terrain|[from] ability: Psychic Surge|[of] p1a: Indeedee\n|move|p2a: Conkeldurr|Drain Punch|p1a: Indeedee\n|-damage|p1a: Indeedee|0 fnt\n|-heal|p2a: Conkeldurr|100\/100|[from] drain|[of] p1a: Indeedee\n|faint|p1a: Indeedee\n|\n|upkeep\n|\n|t:|1700008759\n|switch|p1a: Gallade|Gallade, M|100\/100\n|turn|3\n|\n|t:|1700008773\n|move|p1a: Gallade|Psycho Cut|p2a: Conkeldurr\n|-supereffective|p2a: Conkeldurr\n|-damage|p2a: Conkeldurr|0 fnt\n|faint|p2a: Conkeldurr\n|\n|upkeep\n|inactive|kikishuku has 120 seconds left.\n|\n|t:|1700008799\n|switch|p2a: Quagsire|Quagsire, M|100\/100\n|-damage|p2a: Quagsire|94\/100|[from] Stealth Rock\n|turn|4\n|\n|t:|1700008805\n|move|p1a: Gallade|Psycho Cut|p2a: Quagsire\n|-damage|p2a: Quagsire|39\/100\n|move|p2a: Quagsire|Toxic|p1a: Gallade\n|-status|p1a: Gallade|tox\n|\n|-heal|p2a: Quagsire|45\/100|[from] item: Leftovers\n|-damage|p1a: Gallade|94\/100 tox|[from] psn\n|upkeep\n|turn|5\n|inactive|kikishuku has 120 seconds left.\n|\n|t:|1700008843\n|move|p1a: Gallade|Psycho Cut|p2a: Quagsire\n|-crit|p2a: Quagsire\n|-damage|p2a: Quagsire|0 fnt\n|faint|p2a: Quagsire\n|\n|-damage|p1a: Gallade|82\/100 tox|[from] psn\n|upkeep\n|inactive|kikishuku has 90 seconds left.\n|\n|t:|1700008867\n|switch|p2a: Crawdaunt|Crawdaunt, F|100\/100\n|-damage|p2a: Crawdaunt|88\/100|[from] Stealth Rock\n|turn|6\n|\n|t:|1700008874\n|move|p1a: Gallade|Sacred Sword|p2a: Crawdaunt\n|-supereffective|p2a: Crawdaunt\n|-damage|p2a: Crawdaunt|0 fnt\n|faint|p2a: Crawdaunt\n|\n|-damage|p1a: Gallade|64\/100 tox|[from] psn\n|-fieldend|move: Psychic Terrain\n|upkeep\n|inactive|kikishuku has 90 seconds left.\n|\n|t:|1700008889\n|switch|p2a: Zapdos|Zapdos|100\/100\n|-damage|p2a: Zapdos|76\/100|[from] Stealth Rock\n|turn|7\n|\n|t:|1700008896\n|detailschange|p1a: Gallade|Gallade-Mega, M\n|-mega|p1a: Gallade|Gallade|Galladite\n|move|p2a: Zapdos|Volt Switch|p1a: Gallade\n|-damage|p1a: Gallade|20\/100 tox\n|\n|t:|1700008900\n|switch|p2a: Charizard|Charizard, M|100\/100|[from] Volt Switch\n|-damage|p2a: Charizard|51\/100|[from] Stealth Rock\n|move|p1a: Gallade|Psycho Cut|p2a: Charizard\n|-damage|p2a: Charizard|0 fnt\n|faint|p2a: Charizard\n|\n|-damage|p1a: Gallade|0 fnt|[from] psn\n|faint|p1a: Gallade\n|upkeep\n|\n|t:|1700008907\n|switch|p1a: Kleavor|Kleavor, F|100\/100\n|switch|p2a: Zapdos|Zapdos|76\/100\n|-damage|p2a: Zapdos|51\/100|[from] Stealth Rock\n|turn|8\n|\n|t:|1700008913\n|move|p2a: Zapdos|Thunderbolt|p1a: Kleavor\n|-damage|p1a: Kleavor|22\/100\n|move|p1a: Kleavor|Stone Axe|p2a: Zapdos\n|-supereffective|p2a: Zapdos\n|-damage|p2a: Zapdos|0 fnt\n|faint|p2a: Zapdos\n|\n|win|Maxer59\n|raw|Maxer59's rating: 1146 &rarr; <strong>1177<\/strong><br \/>(+31 for winning)\n|raw|kikishuku's rating: 1228 &rarr; <strong>1197<\/strong><br \/>(-31 for losing)\n|l|\u2606kikishuku\n","uploadtime":1700008920,"views":7,"p1id":"maxer59","p2id":"kikishuku","formatid":"gen9nationaldex","rating":1177,"private":0,"password":""}