{"id":"gen9nationaldex-1992666193","p1":"Jude Belligol","p2":"ManitKhurana","format":"[Gen 9] National Dex","log":"|j|\u2606Jude Belligol\n|j|\u2606ManitKhurana\n|t:|1700222596\n|gametype|singles\n|player|p1|Jude Belligol|psychicf-gen4|1143\n|player|p2|ManitKhurana|ethan|1060\n|teamsize|p1|6\n|teamsize|p2|6\n|gen|9\n|tier|[Gen 9] National Dex\n|rated|\n|rule|HP Percentage Mod: HP is shown in percentages\n|rule|Endless Battle Clause: Forcing endless battles is banned\n|rule|OHKO Clause: OHKO moves are banned\n|rule|Evasion Clause: Evasion abilities, items, and moves are banned\n|rule|Evasion Abilities Clause: Evasion abilities are banned\n|rule|Evasion Items Clause: Evasion items are banned\n|rule|Evasion Moves Clause: Evasion moves are banned\n|rule|Species Clause: Limit one of each Pok\u00e9mon\n|rule|Sleep Clause Mod: Limit one foe put to sleep\n|clearpoke\n|poke|p1|Gliscor, M|\n|poke|p1|Banette, M|\n|poke|p1|Tapu Koko|\n|poke|p1|Iron Valiant|\n|poke|p1|Iron Thorns|\n|poke|p1|Sneasler, F|\n|poke|p2|Charmeleon, M|\n|poke|p2|Sceptile, M|\n|poke|p2|Scizor, M|\n|poke|p2|Swellow, M|\n|poke|p2|Hydreigon, M|\n|poke|p2|Tyranitar, M|\n|teampreview\n|inactive|Battle timer is ON: inactive players will automatically lose when time's up. (requested by Jude Belligol)\n|inactive|ManitKhurana also wants the timer to be on.\n|\n|t:|1700222603\n|start\n|switch|p1a: Tapu Koko|Tapu Koko|100\/100\n|switch|p2a: Swellow|Swellow, M|100\/100\n|-fieldstart|move: Electric Terrain|[from] ability: Electric Surge|[of] p1a: Tapu Koko\n|turn|1\n|\n|t:|1700222613\n|-terastallize|p2a: Swellow|Grass\n|move|p1a: Tapu Koko|Volt Switch|p2a: Swellow\n|-resisted|p2a: Swellow\n|-damage|p2a: Swellow|59\/100\n|\n|t:|1700222620\n|switch|p1a: Gliscor|Gliscor, M|100\/100|[from] Volt Switch\n|move|p2a: Swellow|Boomburst|p1a: Gliscor\n|-damage|p1a: Gliscor|10\/100\n|\n|-status|p1a: Gliscor|tox|[from] item: Toxic Orb\n|upkeep\n|turn|2\n|\n|t:|1700222632\n|switch|p1a: Banette|Banette, M, shiny|100\/100\n|move|p2a: Swellow|Boomburst|p1a: Banette\n|-damage|p1a: Banette|0 fnt\n|faint|p1a: Banette\n|\n|upkeep\n|\n|t:|1700222642\n|switch|p1a: Sneasler|Sneasler, F|100\/100\n|-enditem|p1a: Sneasler|Electric Seed\n|-boost|p1a: Sneasler|def|1|[from] item: Electric Seed\n|turn|3\n|c|\u2606ManitKhurana|!dt scrappy\n|raw|<ul class=\"utilichart\"><li class=\"result\"><span class=\"col namecol\"><a href=\"https:\/\/dex.pokemonshowdown.com\/abilities\/scrappy\">Scrappy<\/a><\/span> <span class=\"col abilitydesccol\">Fighting, Normal moves hit Ghost. Immune to Intimidate.<\/span> <\/li><li style=\"clear:both\"><\/li><\/ul>\n|raw|<font size=\"1\"><font color=\"#686868\">Gen:<\/font> 4<\/font>\n\n|\n|t:|1700222662\n|move|p1a: Sneasler|Swords Dance|p1a: Sneasler\n|-boost|p1a: Sneasler|atk|2\n|move|p2a: Swellow|Boomburst|p1a: Sneasler\n|-damage|p1a: Sneasler|4\/100\n|\n|upkeep\n|turn|4\n|\n|t:|1700222669\n|move|p1a: Sneasler|Acrobatics|p2a: Swellow\n|-supereffective|p2a: Swellow\n|-damage|p2a: Swellow|0 fnt\n|faint|p2a: Swellow\n|\n|upkeep\n|\n|t:|1700222675\n|switch|p2a: Scizor|Scizor, M|100\/100\n|turn|5\n|\n|t:|1700222679\n|switch|p1a: Gliscor|Gliscor, M|10\/100 tox\n|move|p2a: Scizor|Bullet Punch|p1a: Gliscor\n|-damage|p1a: Gliscor|0 fnt\n|faint|p1a: Gliscor\n|\n|upkeep\n|\n|t:|1700222690\n|switch|p1a: Iron Valiant|Iron Valiant|100\/100\n|-activate|p1a: Iron Valiant|ability: Quark Drive\n|-start|p1a: Iron Valiant|quarkdrivespe\n|turn|6\n|\n|t:|1700222702\n|move|p2a: Scizor|Bullet Punch|p1a: Iron Valiant\n|-supereffective|p1a: Iron Valiant\n|-damage|p1a: Iron Valiant|15\/100\n|move|p1a: Iron Valiant|Thunderbolt|p2a: Scizor\n|-damage|p2a: Scizor|28\/100\n|\n|upkeep\n|turn|7\n|\n|t:|1700222708\n|move|p2a: Scizor|Bullet Punch|p1a: Iron Valiant\n|-supereffective|p1a: Iron Valiant\n|-damage|p1a: Iron Valiant|0 fnt\n|faint|p1a: Iron Valiant\n|-end|p1a: Iron Valiant|Quark Drive|[silent]\n|\n|upkeep\n|\n|t:|1700222715\n|switch|p1a: Sneasler|Sneasler, F|4\/100\n|turn|8\n|\n|t:|1700222718\n|move|p2a: Scizor|Bullet Punch|p1a: Sneasler\n|-crit|p1a: Sneasler\n|-damage|p1a: Sneasler|0 fnt\n|faint|p1a: Sneasler\n|\n|-fieldend|move: Electric Terrain\n|upkeep\n|\n|t:|1700222720\n|switch|p1a: Tapu Koko|Tapu Koko|100\/100\n|-fieldstart|move: Electric Terrain|[from] ability: Electric Surge|[of] p1a: Tapu Koko\n|turn|9\n|\n|t:|1700222730\n|move|p2a: Scizor|Bullet Punch|p1a: Tapu Koko\n|-damage|p1a: Tapu Koko|59\/100\n|move|p1a: Tapu Koko|Volt Switch|p2a: Scizor\n|-damage|p2a: Scizor|0 fnt\n|faint|p2a: Scizor\n|\n|t:|1700222733\n|switch|p1a: Iron Thorns|Iron Thorns|100\/100|[from] Volt Switch\n|-activate|p1a: Iron Thorns|ability: Quark Drive\n|-start|p1a: Iron Thorns|quarkdriveatk\n|\n|upkeep\n|\n|t:|1700222748\n|switch|p2a: Hydreigon|Hydreigon, M|100\/100\n|turn|10\n|\n|t:|1700222752\n|-terastallize|p1a: Iron Thorns|Flying\n|move|p2a: Hydreigon|Draco Meteor|p1a: Iron Thorns\n|-damage|p1a: Iron Thorns|10\/100\n|-unboost|p2a: Hydreigon|spa|2\n|move|p1a: Iron Thorns|Dragon Dance|p1a: Iron Thorns\n|-boost|p1a: Iron Thorns|atk|1\n|-boost|p1a: Iron Thorns|spe|1\n|\n|upkeep\n|turn|11\n|\n|t:|1700222766\n|move|p1a: Iron Thorns|Stone Edge|p2a: Hydreigon\n|-damage|p2a: Hydreigon|0 fnt\n|faint|p2a: Hydreigon\n|-damage|p1a: Iron Thorns|0 fnt|[from] item: Life Orb\n|faint|p1a: Iron Thorns\n|-end|p1a: Iron Thorns|Quark Drive|[silent]\n|\n|upkeep\n|\n|t:|1700222785\n|switch|p2a: Charmeleon|Charmeleon, M|100\/100\n|switch|p1a: Tapu Koko|Tapu Koko|59\/100\n|turn|12\n|\n|t:|1700222792\n|move|p1a: Tapu Koko|Roost|p1a: Tapu Koko\n|-heal|p1a: Tapu Koko|100\/100\n|-singleturn|p1a: Tapu Koko|move: Roost\n|move|p2a: Charmeleon|Fire Blast|p1a: Tapu Koko\n|-damage|p1a: Tapu Koko|30\/100\n|\n|upkeep\n|turn|13\n|\n|t:|1700222801\n|move|p1a: Tapu Koko|Roost|p1a: Tapu Koko\n|-heal|p1a: Tapu Koko|80\/100\n|-singleturn|p1a: Tapu Koko|move: Roost\n|move|p2a: Charmeleon|Power-Up Punch|p1a: Tapu Koko\n|-resisted|p1a: Tapu Koko\n|-damage|p1a: Tapu Koko|76\/100\n|-boost|p2a: Charmeleon|atk|1\n|\n|upkeep\n|turn|14\n|\n|t:|1700222809\n|move|p1a: Tapu Koko|Volt Switch|p2a: Charmeleon\n|-damage|p2a: Charmeleon|27\/100\n|move|p2a: Charmeleon|Fire Blast|p1a: Tapu Koko\n|-damage|p1a: Tapu Koko|0 fnt\n|faint|p1a: Tapu Koko\n|\n|win|ManitKhurana\n|raw|Jude Belligol's rating: 1143 &rarr; <strong>1112<\/strong><br \/>(-31 for losing)\n|raw|ManitKhurana's rating: 1060 &rarr; <strong>1098<\/strong><br \/>(+38 for winning)\n|l|\u2606Jude Belligol\n","uploadtime":1700222818,"views":5,"p1id":"judebelligol","p2id":"manitkhurana","formatid":"gen9nationaldex","rating":1098,"private":0,"password":""}