{"id":"gen9nationaldex-1993671349","p1":"Syph0n_78","p2":"sleepydiosama","format":"[Gen 9] National Dex","log":"|j|\u2606Syph0n_78\n|j|\u2606sleepydiosama\n|t:|1700343857\n|gametype|singles\n|player|p1|Syph0n_78|iris-gen5bw2|1350\n|player|p2|sleepydiosama|ghetsis|1448\n|teamsize|p1|6\n|teamsize|p2|6\n|gen|9\n|tier|[Gen 9] National Dex\n|rated|\n|rule|HP Percentage Mod: HP is shown in percentages\n|rule|Endless Battle Clause: Forcing endless battles is banned\n|rule|OHKO Clause: OHKO moves are banned\n|rule|Evasion Clause: Evasion abilities, items, and moves are banned\n|rule|Evasion Abilities Clause: Evasion abilities are banned\n|rule|Evasion Items Clause: Evasion items are banned\n|rule|Evasion Moves Clause: Evasion moves are banned\n|rule|Species Clause: Limit one of each Pok\u00e9mon\n|rule|Sleep Clause Mod: Limit one foe put to sleep\n|clearpoke\n|poke|p1|Pelipper, M|\n|poke|p1|Barraskewda, M|\n|poke|p1|Swampert, F|\n|poke|p1|Tapu Fini|\n|poke|p1|Gyarados, F|\n|poke|p1|Golisopod, F|\n|poke|p2|Pelipper, M|\n|poke|p2|Swampert, F|\n|poke|p2|Ferrothorn, F|\n|poke|p2|Zapdos|\n|poke|p2|Barraskewda, F|\n|poke|p2|Ogerpon-Wellspring, F|\n|teampreview\n|inactive|Battle timer is ON: inactive players will automatically lose when time's up. (requested by sleepydiosama)\n|\n|t:|1700343872\n|start\n|switch|p1a: Barraskewda|Barraskewda, M|100\/100\n|switch|p2a: \u6211\u7684\u539f\u5b50\u5f39\u56de\u6765\u8fa3|Barraskewda, F|100\/100\n|turn|1\n|\n|t:|1700343879\n|switch|p2a: Ogerpon|Ogerpon-Wellspring, F|100\/100\n|move|p1a: Barraskewda|Close Combat|p2a: Ogerpon\n|-damage|p2a: Ogerpon|20\/100\n|-unboost|p1a: Barraskewda|def|1\n|-unboost|p1a: Barraskewda|spd|1\n|\n|upkeep\n|turn|2\n|\n|t:|1700343887\n|move|p1a: Barraskewda|Close Combat|p2a: Ogerpon\n|-damage|p2a: Ogerpon|0 fnt\n|-unboost|p1a: Barraskewda|def|1\n|-unboost|p1a: Barraskewda|spd|1\n|faint|p2a: Ogerpon\n|\n|upkeep\n|\n|t:|1700343890\n|switch|p2a: \u76d6\u9e25\u5361|Pelipper, M|100\/100\n|-weather|RainDance|[from] ability: Drizzle|[of] p2a: \u76d6\u9e25\u5361\n|turn|3\n|\n|t:|1700343907\n|switch|p1a: Tapu Fini|Tapu Fini|100\/100\n|-fieldstart|move: Misty Terrain|[from] ability: Misty Surge|[of] p1a: Tapu Fini\n|move|p2a: \u76d6\u9e25\u5361|U-turn|p1a: Tapu Fini\n|-resisted|p1a: Tapu Fini\n|-damage|p1a: Tapu Fini|96\/100\n|\n|t:|1700343910\n|switch|p2a: \u554a\u554a|Ferrothorn, F, shiny|100\/100|[from] U-turn\n|\n|-weather|RainDance|[upkeep]\n|-heal|p1a: Tapu Fini|100\/100|[from] item: Leftovers\n|upkeep\n|turn|4\n|\n|t:|1700343923\n|switch|p1a: Pelipper|Pelipper, M|100\/100\n|move|p2a: \u554a\u554a|Leech Seed|p1a: Pelipper\n|-start|p1a: Pelipper|move: Leech Seed\n|\n|-weather|RainDance|[upkeep]\n|-damage|p1a: Pelipper|88\/100|[from] Leech Seed|[of] p2a: \u554a\u554a\n|upkeep\n|turn|5\n|\n|t:|1700343930\n|move|p1a: Pelipper|U-turn|p2a: \u554a\u554a\n|-damage|p2a: \u554a\u554a|95\/100\n|-damage|p1a: Pelipper|76\/100|[from] ability: Iron Barbs|[of] p2a: \u554a\u554a\n|\n|t:|1700343934\n|switch|p1a: Barraskewda|Barraskewda, M|100\/100|[from] U-turn\n|move|p2a: \u554a\u554a|Stealth Rock|p1a: Barraskewda\n|-sidestart|p1: Syph0n_78|move: Stealth Rock\n|\n|-weather|RainDance|[upkeep]\n|-heal|p2a: \u554a\u554a|100\/100|[from] item: Leftovers\n|upkeep\n|turn|6\n|\n|t:|1700343942\n|-terastallize|p2a: \u554a\u554a|Ghost\n|move|p1a: Barraskewda|Close Combat|p2a: \u554a\u554a\n|-immune|p2a: \u554a\u554a\n|move|p2a: \u554a\u554a|Leech Seed|p1a: Barraskewda\n|-start|p1a: Barraskewda|move: Leech Seed\n|\n|-weather|RainDance|[upkeep]\n|-damage|p1a: Barraskewda|88\/100|[from] Leech Seed|[of] p2a: \u554a\u554a\n|upkeep\n|turn|7\n|\n|t:|1700343964\n|switch|p1a: Gyarados|Gyarados, F|100\/100\n|-damage|p1a: Gyarados|76\/100|[from] Stealth Rock\n|-ability|p1a: Gyarados|Intimidate|boost\n|-unboost|p2a: \u554a\u554a|atk|1\n|move|p2a: \u554a\u554a|Gyro Ball|p1a: Gyarados\n|-resisted|p1a: Gyarados\n|-crit|p1a: Gyarados\n|-damage|p1a: Gyarados|28\/100\n|\n|-weather|RainDance|[upkeep]\n|-fieldend|Misty Terrain\n|upkeep\n|turn|8\n|\n|t:|1700343978\n|move|p1a: Gyarados|Crunch|p2a: \u554a\u554a\n|-supereffective|p2a: \u554a\u554a\n|-damage|p2a: \u554a\u554a|51\/100\n|-unboost|p2a: \u554a\u554a|def|1\n|-damage|p1a: Gyarados|16\/100|[from] ability: Iron Barbs|[of] p2a: \u554a\u554a\n|-damage|p1a: Gyarados|6\/100|[from] item: Life Orb\n|move|p2a: \u554a\u554a|Body Press|p1a: Gyarados\n|-resisted|p1a: Gyarados\n|-damage|p1a: Gyarados|0 fnt\n|faint|p1a: Gyarados\n|\n|-weather|RainDance|[upkeep]\n|-heal|p2a: \u554a\u554a|57\/100|[from] item: Leftovers\n|upkeep\n|\n|t:|1700343991\n|switch|p1a: Barraskewda|Barraskewda, M|88\/100\n|-damage|p1a: Barraskewda|76\/100|[from] Stealth Rock\n|turn|9\n|\n|t:|1700344000\n|move|p1a: Barraskewda|Liquidation|p2a: \u554a\u554a\n|-damage|p2a: \u554a\u554a|0 fnt\n|-damage|p1a: Barraskewda|64\/100|[from] ability: Iron Barbs|[of] p2a: \u554a\u554a\n|faint|p2a: \u554a\u554a\n|\n|-weather|RainDance|[upkeep]\n|upkeep\n|\n|t:|1700344005\n|switch|p2a: \u76d6\u9e25\u5361|Pelipper, M|100\/100\n|turn|10\n|\n|t:|1700344012\n|move|p1a: Barraskewda|Liquidation|p2a: \u76d6\u9e25\u5361\n|-resisted|p2a: \u76d6\u9e25\u5361\n|-damage|p2a: \u76d6\u9e25\u5361|60\/100\n|move|p2a: \u76d6\u9e25\u5361|U-turn|p1a: Barraskewda\n|-damage|p1a: Barraskewda|45\/100\n|\n|t:|1700344021\n|switch|p2a: \u6211\u7684\u539f\u5b50\u5f39\u56de\u6765\u8fa3|Barraskewda, F|100\/100|[from] U-turn\n|\n|-weather|none\n|upkeep\n|turn|11\n|\n|t:|1700344029\n|switch|p1a: Pelipper|Pelipper, M|76\/100\n|-damage|p1a: Pelipper|51\/100|[from] Stealth Rock\n|-weather|RainDance|[from] ability: Drizzle|[of] p1a: Pelipper\n|move|p2a: \u6211\u7684\u539f\u5b50\u5f39\u56de\u6765\u8fa3|Liquidation|p1a: Pelipper\n|-resisted|p1a: Pelipper\n|-damage|p1a: Pelipper|0 fnt\n|faint|p1a: Pelipper\n|\n|-weather|RainDance|[upkeep]\n|upkeep\n|\n|t:|1700344047\n|switch|p1a: Golisopod|Golisopod, F|100\/100\n|-damage|p1a: Golisopod|76\/100|[from] Stealth Rock\n|turn|12\n|\n|t:|1700344054\n|move|p1a: Golisopod|First Impression|p2a: \u6211\u7684\u539f\u5b50\u5f39\u56de\u6765\u8fa3\n|-crit|p2a: \u6211\u7684\u539f\u5b50\u5f39\u56de\u6765\u8fa3\n|-damage|p2a: \u6211\u7684\u539f\u5b50\u5f39\u56de\u6765\u8fa3|0 fnt\n|faint|p2a: \u6211\u7684\u539f\u5b50\u5f39\u56de\u6765\u8fa3\n|\n|-weather|RainDance|[upkeep]\n|upkeep\n|\n|t:|1700344058\n|switch|p2a: \u9e1f\u54e5|Zapdos|100\/100\n|turn|13\n|\n|t:|1700344061\n|move|p1a: Golisopod|Sucker Punch|p2a: \u9e1f\u54e5\n|-damage|p2a: \u9e1f\u54e5|68\/100\n|-status|p1a: Golisopod|par|[from] ability: Static|[of] p2a: \u9e1f\u54e5\n|move|p2a: \u9e1f\u54e5|Thunder|p1a: Golisopod\n|-supereffective|p1a: Golisopod\n|-damage|p1a: Golisopod|0 fnt\n|faint|p1a: Golisopod\n|\n|-weather|RainDance|[upkeep]\n|upkeep\n|\n|t:|1700344071\n|switch|p1a: Barraskewda|Barraskewda, M|45\/100\n|-damage|p1a: Barraskewda|33\/100|[from] Stealth Rock\n|turn|14\n|\n|t:|1700344075\n|switch|p2a: \u76d6\u9e25\u5361|Pelipper, M|60\/100\n|move|p1a: Barraskewda|Liquidation|p2a: \u76d6\u9e25\u5361\n|-resisted|p2a: \u76d6\u9e25\u5361\n|-damage|p2a: \u76d6\u9e25\u5361|18\/100\n|\n|-weather|RainDance|[upkeep]\n|upkeep\n|turn|15\n|\n|t:|1700344081\n|move|p1a: Barraskewda|Liquidation|p2a: \u76d6\u9e25\u5361\n|-resisted|p2a: \u76d6\u9e25\u5361\n|-damage|p2a: \u76d6\u9e25\u5361|0 fnt\n|faint|p2a: \u76d6\u9e25\u5361\n|\n|-weather|RainDance|[upkeep]\n|upkeep\n|\n|t:|1700344084\n|switch|p2a: \u6cbc\u738b|Swampert, F, shiny|100\/100\n|turn|16\n|\n|t:|1700344088\n|detailschange|p2a: \u6cbc\u738b|Swampert-Mega, F, shiny\n|-mega|p2a: \u6cbc\u738b|Swampert|Swampertite\n|move|p1a: Barraskewda|Liquidation|p2a: \u6cbc\u738b\n|-damage|p2a: \u6cbc\u738b|0 fnt\n|faint|p2a: \u6cbc\u738b\n|\n|-weather|RainDance|[upkeep]\n|upkeep\n|\n|t:|1700344090\n|switch|p2a: \u9e1f\u54e5|Zapdos|68\/100\n|turn|17\n|\n|t:|1700344095\n|move|p1a: Barraskewda|Liquidation|p2a: \u9e1f\u54e5\n|-damage|p2a: \u9e1f\u54e5|0 fnt\n|faint|p2a: \u9e1f\u54e5\n|\n|win|Syph0n_78\n|raw|Syph0n_78's rating: 1350 &rarr; <strong>1375<\/strong><br \/>(+25 for winning)\n|raw|sleepydiosama's rating: 1448 &rarr; <strong>1423<\/strong><br \/>(-25 for losing)\n|l|\u2606sleepydiosama\n","uploadtime":1700344106,"views":7,"p1id":"syph0n78","p2id":"sleepydiosama","formatid":"gen9nationaldex","rating":1375,"private":0,"password":""}