{"id":"gen9nationaldex-1987913076","p1":"Ricky555","p2":"bigtestsofbig","format":"[Gen 9] National Dex","log":"|j|\u2606Ricky555\n|j|\u2606bigtestsofbig\n|t:|1699648546\n|gametype|singles\n|player|p1|Ricky555|265|1552\n|player|p2|bigtestsofbig|265|1547\n|teamsize|p1|6\n|teamsize|p2|6\n|gen|9\n|tier|[Gen 9] National Dex\n|rated|\n|rule|HP Percentage Mod: HP is shown in percentages\n|rule|Endless Battle Clause: Forcing endless battles is banned\n|rule|OHKO Clause: OHKO moves are banned\n|rule|Evasion Clause: Evasion abilities, items, and moves are banned\n|rule|Evasion Abilities Clause: Evasion abilities are banned\n|rule|Evasion Items Clause: Evasion items are banned\n|rule|Evasion Moves Clause: Evasion moves are banned\n|rule|Species Clause: Limit one of each Pok\u00e9mon\n|rule|Sleep Clause Mod: Limit one foe put to sleep\n|clearpoke\n|poke|p1|Pelipper, F|\n|poke|p1|Basculegion-F, F|\n|poke|p1|Swampert, F|\n|poke|p1|Ferrothorn, F|\n|poke|p1|Zapdos|\n|poke|p1|Volcarona, F|\n|poke|p2|Crawdaunt, M|\n|poke|p2|Latios, M|\n|poke|p2|Tapu Koko|\n|poke|p2|Garchomp, F|\n|poke|p2|Scizor, F|\n|poke|p2|Rotom-Wash|\n|teampreview\n|\n|t:|1699648555\n|start\n|switch|p1a: Swampert|Swampert, F|100\/100\n|switch|p2a: Crawdaunt|Crawdaunt, M|100\/100\n|turn|1\n|\n|t:|1699648559\n|detailschange|p1a: Swampert|Swampert-Mega, F\n|-mega|p1a: Swampert|Swampert|Swampertite\n|move|p1a: Swampert|Flip Turn|p2a: Crawdaunt\n|-resisted|p2a: Crawdaunt\n|-damage|p2a: Crawdaunt|75\/100\n|inactive|Battle timer is ON: inactive players will automatically lose when time's up. (requested by Ricky555)\n|\n|t:|1699648564\n|switch|p1a: Pelipper|Pelipper, F|100\/100|[from] Flip Turn\n|-weather|RainDance|[from] ability: Drizzle|[of] p1a: Pelipper\n|move|p2a: Crawdaunt|Knock Off|p1a: Pelipper\n|-damage|p1a: Pelipper|26\/100\n|-enditem|p1a: Pelipper|Damp Rock|[from] move: Knock Off|[of] p2a: Crawdaunt\n|\n|-weather|RainDance|[upkeep]\n|upkeep\n|turn|2\n|\n|t:|1699648570\n|switch|p1a: Ferrothorn|Ferrothorn, F|100\/100\n|move|p2a: Crawdaunt|Knock Off|p1a: Ferrothorn\n|-damage|p1a: Ferrothorn|34\/100\n|-damage|p2a: Crawdaunt|63\/100|[from] ability: Iron Barbs|[of] p1a: Ferrothorn\n|-enditem|p1a: Ferrothorn|Eject Button|[from] move: Knock Off|[of] p2a: Crawdaunt\n|\n|-weather|RainDance|[upkeep]\n|upkeep\n|turn|3\n|\n|t:|1699648580\n|move|p2a: Crawdaunt|Knock Off|p1a: Ferrothorn\n|-damage|p1a: Ferrothorn|0 fnt\n|-damage|p2a: Crawdaunt|51\/100|[from] ability: Iron Barbs|[of] p1a: Ferrothorn\n|faint|p1a: Ferrothorn\n|\n|-weather|RainDance|[upkeep]\n|upkeep\n|\n|t:|1699648586\n|switch|p1a: Swampert|Swampert-Mega, F|100\/100\n|turn|4\n|\n|t:|1699648591\n|switch|p2a: Rotom|Rotom-Wash|100\/100\n|move|p1a: Swampert|Earthquake|p2a: Rotom\n|-immune|p2a: Rotom|[from] ability: Levitate\n|\n|-weather|RainDance|[upkeep]\n|upkeep\n|turn|5\n|\n|t:|1699648597\n|move|p1a: Swampert|Flip Turn|p2a: Rotom\n|-resisted|p2a: Rotom\n|-damage|p2a: Rotom|75\/100\n|\n|t:|1699648600\n|switch|p1a: Zapdos|Zapdos|100\/100|[from] Flip Turn\n|move|p2a: Rotom|Hydro Pump|p1a: Zapdos\n|-damage|p1a: Zapdos|37\/100\n|\n|-weather|RainDance|[upkeep]\n|upkeep\n|turn|6\n|\n|t:|1699648608\n|switch|p2a: Tapu Koko|Tapu Koko|100\/100\n|-fieldstart|move: Electric Terrain|[from] ability: Electric Surge|[of] p2a: Tapu Koko\n|move|p1a: Zapdos|Thunder|p2a: Tapu Koko\n|-resisted|p2a: Tapu Koko\n|-damage|p2a: Tapu Koko|57\/100\n|\n|-weather|RainDance|[upkeep]\n|upkeep\n|turn|7\n|\n|t:|1699648616\n|move|p2a: Tapu Koko|Dazzling Gleam|p1a: Zapdos\n|-damage|p1a: Zapdos|0 fnt\n|faint|p1a: Zapdos\n|\n|-weather|RainDance|[upkeep]\n|upkeep\n|\n|t:|1699648621\n|switch|p1a: Swampert|Swampert-Mega, F|100\/100\n|turn|8\n|\n|t:|1699648629\n|switch|p2a: Garchomp|Garchomp, F|100\/100\n|move|p1a: Swampert|Flip Turn|p2a: Garchomp\n|-damage|p2a: Garchomp|56\/100\n|-damage|p1a: Swampert|88\/100|[from] ability: Rough Skin|[of] p2a: Garchomp\n|\n|t:|1699648638\n|switch|p1a: Volcarona|Volcarona, F|100\/100|[from] Flip Turn\n|\n|-weather|none\n|-heal|p2a: Garchomp|62\/100|[from] item: Leftovers\n|upkeep\n|turn|9\n|\n|t:|1699648644\n|-terastallize|p1a: Volcarona|Grass\n|move|p2a: Garchomp|Stealth Rock|p1a: Volcarona\n|-sidestart|p1: Ricky555|move: Stealth Rock\n|move|p1a: Volcarona|Quiver Dance|p1a: Volcarona\n|-boost|p1a: Volcarona|spa|1\n|-boost|p1a: Volcarona|spd|1\n|-boost|p1a: Volcarona|spe|1\n|\n|-heal|p2a: Garchomp|68\/100|[from] item: Leftovers\n|upkeep\n|turn|10\n|\n|t:|1699648649\n|switch|p2a: Latios|Latios, M|100\/100\n|move|p1a: Volcarona|Quiver Dance|p1a: Volcarona\n|-boost|p1a: Volcarona|spa|1\n|-boost|p1a: Volcarona|spd|1\n|-boost|p1a: Volcarona|spe|1\n|\n|-fieldend|move: Electric Terrain\n|upkeep\n|turn|11\n|\n|t:|1699648654\n|-terastallize|p2a: Latios|Dragon\n|move|p1a: Volcarona|Bug Buzz|p2a: Latios\n|-damage|p2a: Latios|0 fnt\n|faint|p2a: Latios\n|\n|upkeep\n|\n|t:|1699648664\n|switch|p2a: Garchomp|Garchomp, F|68\/100\n|turn|12\n|\n|t:|1699648670\n|move|p1a: Volcarona|Bug Buzz|p2a: Garchomp\n|-crit|p2a: Garchomp\n|-damage|p2a: Garchomp|0 fnt\n|faint|p2a: Garchomp\n|\n|upkeep\n|\n|t:|1699648673\n|switch|p2a: Rotom|Rotom-Wash|75\/100\n|turn|13\n|\n|t:|1699648679\n|move|p1a: Volcarona|Bug Buzz|p2a: Rotom\n|-crit|p2a: Rotom\n|-damage|p2a: Rotom|0 fnt\n|faint|p2a: Rotom\n|\n|upkeep\n|\n|t:|1699648684\n|switch|p2a: Scizor|Scizor, F|100\/100\n|turn|14\n|\n|t:|1699648687\n|detailschange|p2a: Scizor|Scizor-Mega, F\n|-mega|p2a: Scizor|Scizor|Scizorite\n|move|p2a: Scizor|Bullet Punch|p1a: Volcarona\n|-damage|p1a: Volcarona|56\/100\n|-status|p2a: Scizor|brn|[from] ability: Flame Body|[of] p1a: Volcarona\n|move|p1a: Volcarona|Fiery Dance|p2a: Scizor\n|-supereffective|p2a: Scizor\n|-damage|p2a: Scizor|0 fnt\n|-boost|p1a: Volcarona|spa|1\n|faint|p2a: Scizor\n|\n|upkeep\n|\n|t:|1699648692\n|switch|p2a: Crawdaunt|Crawdaunt, M|51\/100\n|turn|15\n|\n|t:|1699648696\n|move|p2a: Crawdaunt|Aqua Jet|p1a: Volcarona\n|-resisted|p1a: Volcarona\n|-damage|p1a: Volcarona|25\/100\n|-status|p2a: Crawdaunt|brn|[from] ability: Flame Body|[of] p1a: Volcarona\n|move|p1a: Volcarona|Giga Drain|p2a: Crawdaunt\n|-supereffective|p2a: Crawdaunt\n|-damage|p2a: Crawdaunt|0 fnt\n|-heal|p1a: Volcarona|47\/100|[from] drain|[of] p2a: Crawdaunt\n|faint|p2a: Crawdaunt\n|\n|upkeep\n|\n|t:|1699648702\n|switch|p2a: Tapu Koko|Tapu Koko|57\/100\n|-fieldstart|move: Electric Terrain|[from] ability: Electric Surge|[of] p2a: Tapu Koko\n|turn|16\n|\n|t:|1699648706\n|move|p1a: Volcarona|Bug Buzz|p2a: Tapu Koko\n|-resisted|p2a: Tapu Koko\n|-damage|p2a: Tapu Koko|0 fnt\n|faint|p2a: Tapu Koko\n|\n|win|Ricky555\n|raw|Ricky555's rating: 1552 &rarr; <strong>1572<\/strong><br \/>(+20 for winning)\n|raw|bigtestsofbig's rating: 1547 &rarr; <strong>1527<\/strong><br \/>(-20 for losing)\n|l|\u2606bigtestsofbig\n","uploadtime":1699648711,"views":4,"p1id":"ricky555","p2id":"bigtestsofbig","formatid":"gen9nationaldex","rating":1527,"private":0,"password":""}