{"id":"gen9nationaldex-1990276366","p1":"playeraccount","p2":"kitmash","format":"[Gen 9] National Dex","log":"|j|\u2606playeraccount\n|j|\u2606kitmash\n|t:|1699949253\n|gametype|singles\n|player|p1|playeraccount|102|1664\n|player|p2|kitmash|2|1641\n|teamsize|p1|6\n|teamsize|p2|6\n|gen|9\n|tier|[Gen 9] National Dex\n|rated|\n|rule|HP Percentage Mod: HP is shown in percentages\n|rule|Endless Battle Clause: Forcing endless battles is banned\n|rule|OHKO Clause: OHKO moves are banned\n|rule|Evasion Clause: Evasion abilities, items, and moves are banned\n|rule|Evasion Abilities Clause: Evasion abilities are banned\n|rule|Evasion Items Clause: Evasion items are banned\n|rule|Evasion Moves Clause: Evasion moves are banned\n|rule|Species Clause: Limit one of each Pok\u00e9mon\n|rule|Sleep Clause Mod: Limit one foe put to sleep\n|clearpoke\n|poke|p1|Xurkitree|\n|poke|p1|Zapdos-Galar|\n|poke|p1|Landorus-Therian, M|\n|poke|p1|Alomomola, M|\n|poke|p1|Chansey, F|\n|poke|p1|Scizor, M|\n|poke|p2|Wo-Chien|\n|poke|p2|Weezing-Galar, F|\n|poke|p2|Alomomola, F|\n|poke|p2|Reuniclus, M|\n|poke|p2|Kleavor, F|\n|poke|p2|Tapu Koko|\n|teampreview\n|c|\u2606playeraccount|gl hf\n|inactive|Battle timer is ON: inactive players will automatically lose when time's up. (requested by playeraccount)\n|c|\u2606kitmash|yt\n|\n|t:|1699949271\n|start\n|switch|p1a: Scizor|Scizor, M, shiny|100\/100\n|switch|p2a: Weezing|Weezing-Galar, F|100\/100\n|turn|1\n|\n|t:|1699949283\n|detailschange|p1a: Scizor|Scizor-Mega, M, shiny\n|-mega|p1a: Scizor|Scizor|Scizorite\n|move|p1a: Scizor|U-turn|p2a: Weezing\n|-resisted|p2a: Weezing\n|-damage|p2a: Weezing|94\/100\n|\n|t:|1699949289\n|switch|p1a: Landorus|Landorus-Therian, M, shiny|100\/100|[from] U-turn\n|-ability|p1a: Landorus|Intimidate|boost\n|-unboost|p2a: Weezing|atk|1\n|move|p2a: Weezing|Will-O-Wisp|p1a: Landorus\n|-status|p1a: Landorus|brn\n|\n|-heal|p2a: Weezing|99\/100|[from] item: Leftovers\n|-damage|p1a: Landorus|94\/100 brn|[from] brn\n|upkeep\n|turn|2\n|\n|t:|1699949300\n|move|p1a: Landorus|Stealth Rock|p2a: Weezing\n|-sidestart|p2: kitmash|move: Stealth Rock\n|move|p2a: Weezing|Toxic Spikes|p1a: Landorus\n|-sidestart|p1: playeraccount|move: Toxic Spikes\n|\n|-heal|p2a: Weezing|100\/100|[from] item: Leftovers\n|-damage|p1a: Landorus|88\/100 brn|[from] brn\n|upkeep\n|turn|3\n|\n|t:|1699949308\n|move|p1a: Landorus|U-turn|p2a: Weezing\n|-resisted|p2a: Weezing\n|-damage|p2a: Weezing|98\/100\n|j| kun_power_\u9e21\u54e5\n|\n|t:|1699949320\n|switch|p1a: Scizor|Scizor-Mega, M, shiny|100\/100|[from] U-turn\n|move|p2a: Weezing|Strange Steam|p1a: Scizor\n|-resisted|p1a: Scizor\n|-damage|p1a: Scizor|90\/100\n|\n|-heal|p2a: Weezing|100\/100|[from] item: Leftovers\n|upkeep\n|turn|4\n|\n|t:|1699949327\n|move|p1a: Scizor|Bullet Punch|p2a: Weezing\n|-supereffective|p2a: Weezing\n|-damage|p2a: Weezing|59\/100\n|move|p2a: Weezing|Will-O-Wisp|p1a: Scizor\n|-status|p1a: Scizor|brn\n|\n|-heal|p2a: Weezing|65\/100|[from] item: Leftovers\n|-damage|p1a: Scizor|84\/100 brn|[from] brn\n|upkeep\n|turn|5\n|\n|t:|1699949336\n|move|p1a: Scizor|Bullet Punch|p2a: Weezing\n|-supereffective|p2a: Weezing\n|-damage|p2a: Weezing|45\/100\n|move|p2a: Weezing|Defog|p1a: Scizor\n|-unboost|p1a: Scizor|evasion|1\n|-sideend|p1: playeraccount|Toxic Spikes|[from] move: Defog|[of] p2a: Weezing\n|-sideend|p2: kitmash|Stealth Rock|[from] move: Defog|[of] p2a: Weezing\n|\n|-heal|p2a: Weezing|51\/100|[from] item: Leftovers\n|-damage|p1a: Scizor|78\/100 brn|[from] brn\n|upkeep\n|turn|6\n|\n|t:|1699949346\n|switch|p2a: Alomomola|Alomomola, F|100\/100\n|move|p1a: Scizor|Bullet Punch|p2a: Alomomola\n|-resisted|p2a: Alomomola\n|-damage|p2a: Alomomola|96\/100\n|\n|-damage|p1a: Scizor|72\/100 brn|[from] brn\n|upkeep\n|turn|7\n|\n|t:|1699949353\n|switch|p1a: Xurkitree|Xurkitree, shiny|100\/100\n|move|p2a: Alomomola|Flip Turn|p1a: Xurkitree\n|-damage|p1a: Xurkitree|77\/100\n|\n|t:|1699949365\n|switch|p2a: Tapu Koko|Tapu Koko|100\/100|[from] Flip Turn\n|-fieldstart|move: Electric Terrain|[from] ability: Electric Surge|[of] p2a: Tapu Koko\n|\n|upkeep\n|turn|8\n|\n|t:|1699949373\n|move|p2a: Tapu Koko|Nature's Madness|p1a: Xurkitree\n|-damage|p1a: Xurkitree|39\/100\n|move|p1a: Xurkitree|Zap Cannon|p2a: Tapu Koko\n|-resisted|p2a: Tapu Koko\n|-damage|p2a: Tapu Koko|25\/100\n|\n|upkeep\n|turn|9\n|\n|t:|1699949383\n|switch|p2a: Wo-Chien|Wo-Chien|100\/100\n|-ability|p2a: Wo-Chien|Tablets of Ruin\n|switch|p1a: Chansey|Chansey, F, shiny|100\/100\n|\n|upkeep\n|turn|10\n|\n|t:|1699949394\n|move|p2a: Wo-Chien|Leech Seed|p1a: Chansey|[miss]\n|-miss|p2a: Wo-Chien|p1a: Chansey\n|move|p1a: Chansey|Heal Bell|p1a: Chansey\n|-activate|p1a: Chansey|move: Heal Bell\n|-curestatus|p1: Landorus|brn|[msg]\n|-curestatus|p1: Scizor|brn|[msg]\n|\n|upkeep\n|turn|11\n|\n|t:|1699949402\n|switch|p1a: Scizor|Scizor-Mega, M, shiny|72\/100\n|move|p2a: Wo-Chien|Leech Seed|p1a: Scizor\n|-start|p1a: Scizor|move: Leech Seed\n|\n|-damage|p1a: Scizor|60\/100|[from] Leech Seed|[of] p2a: Wo-Chien\n|-fieldend|move: Electric Terrain\n|upkeep\n|turn|12\n|\n|t:|1699949412\n|switch|p2a: Alomomola|Alomomola, F|100\/100\n|move|p1a: Scizor|U-turn|p2a: Alomomola\n|-damage|p2a: Alomomola|80\/100\n|\n|t:|1699949416\n|switch|p1a: Alomomola|Alomomola, M, shiny|100\/100|[from] U-turn\n|\n|upkeep\n|turn|13\n|\n|t:|1699949420\n|move|p2a: Alomomola|Toxic|p1a: Alomomola\n|-status|p1a: Alomomola|tox\n|move|p1a: Alomomola|Wish|p1a: Alomomola\n|\n|-damage|p1a: Alomomola|94\/100 tox|[from] psn\n|upkeep\n|turn|14\n|\n|t:|1699949430\n|move|p2a: Alomomola|Flip Turn|p1a: Alomomola\n|-resisted|p1a: Alomomola\n|-damage|p1a: Alomomola|90\/100 tox\n|-damage|p2a: Alomomola|64\/100|[from] item: Rocky Helmet|[of] p1a: Alomomola\n|\n|t:|1699949438\n|switch|p2a: Wo-Chien|Wo-Chien|100\/100|[from] Flip Turn\n|-ability|p2a: Wo-Chien|Tablets of Ruin\n|move|p1a: Alomomola|Flip Turn|p2a: Wo-Chien\n|-resisted|p2a: Wo-Chien\n|-damage|p2a: Wo-Chien|96\/100\n|\n|t:|1699949449\n|switch|p1a: Xurkitree|Xurkitree, shiny|39\/100|[from] Flip Turn\n|\n|-heal|p1a: Xurkitree|100\/100|[from] move: Wish|[wisher] Alomomola\n|-heal|p2a: Wo-Chien|100\/100|[from] item: Leftovers\n|upkeep\n|turn|15\n|\n|t:|1699949458\n|switch|p1a: Scizor|Scizor-Mega, M, shiny|60\/100\n|switch|p2a: Reuniclus|Reuniclus, M|100\/100\n|\n|upkeep\n|turn|16\n|\n|t:|1699949469\n|switch|p2a: Alomomola|Alomomola, F|97\/100\n|move|p1a: Scizor|U-turn|p2a: Alomomola\n|-damage|p2a: Alomomola|75\/100\n|\n|t:|1699949474\n|switch|p1a: Xurkitree|Xurkitree, shiny|100\/100|[from] U-turn\n|\n|upkeep\n|turn|17\n|\n|t:|1699949478\n|switch|p2a: Reuniclus|Reuniclus, M|100\/100\n|move|p1a: Xurkitree|Thunderbolt|p2a: Reuniclus\n|-damage|p2a: Reuniclus|76\/100\n|\n|upkeep\n|turn|18\n|\n|t:|1699949499\n|move|p1a: Xurkitree|Zap Cannon|p2a: Reuniclus\n|-damage|p2a: Reuniclus|43\/100\n|-status|p2a: Reuniclus|par\n|move|p2a: Reuniclus|Night Shade|p1a: Xurkitree\n|-damage|p1a: Xurkitree|68\/100\n|\n|upkeep\n|turn|19\n|\n|t:|1699949506\n|switch|p1a: Alomomola|Alomomola, M, shiny|100\/100 tox\n|cant|p2a: Reuniclus|par\n|\n|-damage|p1a: Alomomola|94\/100 tox|[from] psn\n|upkeep\n|turn|20\n|\n|t:|1699949513\n|switch|p2a: Alomomola|Alomomola, F|100\/100\n|move|p1a: Alomomola|Flip Turn|p2a: Alomomola\n|-resisted|p2a: Alomomola\n|-damage|p2a: Alomomola|96\/100\n|\n|t:|1699949516\n|switch|p1a: Landorus|Landorus-Therian, M, shiny|88\/100|[from] Flip Turn\n|-ability|p1a: Landorus|Intimidate|boost\n|-unboost|p2a: Alomomola|atk|1\n|\n|upkeep\n|turn|21\n|\n|t:|1699949522\n|move|p1a: Landorus|Stealth Rock|p2a: Alomomola\n|-sidestart|p2: kitmash|move: Stealth Rock\n|move|p2a: Alomomola|Wish|p2a: Alomomola\n|\n|upkeep\n|turn|22\n|\n|t:|1699949528\n|move|p1a: Landorus|Earthquake|p2a: Alomomola\n|-damage|p2a: Alomomola|66\/100\n|move|p2a: Alomomola|Flip Turn|p1a: Landorus\n|-supereffective|p1a: Landorus\n|-damage|p1a: Landorus|70\/100\n|\n|t:|1699949534\n|switch|p2a: Tapu Koko|Tapu Koko|25\/100|[from] Flip Turn\n|-damage|p2a: Tapu Koko|12\/100|[from] Stealth Rock\n|-fieldstart|move: Electric Terrain|[from] ability: Electric Surge|[of] p2a: Tapu Koko\n|\n|-heal|p2a: Tapu Koko|100\/100|[from] move: Wish|[wisher] Alomomola\n|upkeep\n|turn|23\n|\n|t:|1699949543\n|-terastallize|p2a: Tapu Koko|Fairy\n|move|p2a: Tapu Koko|Dazzling Gleam|p1a: Landorus\n|-damage|p1a: Landorus|3\/100\n|move|p1a: Landorus|Earthquake|p2a: Tapu Koko\n|-damage|p2a: Tapu Koko|28\/100\n|\n|upkeep\n|turn|24\n|\n|t:|1699949553\n|switch|p1a: Chansey|Chansey, F, shiny|100\/100\n|move|p2a: Tapu Koko|Dazzling Gleam|p1a: Chansey\n|-damage|p1a: Chansey|79\/100\n|\n|upkeep\n|turn|25\n|\n|t:|1699949559\n|switch|p2a: Weezing|Weezing-Galar, F|51\/100\n|-damage|p2a: Weezing|39\/100|[from] Stealth Rock\n|move|p1a: Chansey|Teleport|p1a: Chansey\n|\n|t:|1699949563\n|switch|p1a: Scizor|Scizor-Mega, M, shiny|60\/100|[from] Teleport\n|\n|-heal|p2a: Weezing|45\/100|[from] item: Leftovers\n|upkeep\n|turn|26\n|\n|t:|1699949575\n|move|p1a: Scizor|Bullet Punch|p2a: Weezing\n|-supereffective|p2a: Weezing\n|-damage|p2a: Weezing|3\/100\n|move|p2a: Weezing|Defog|p1a: Scizor\n|-unboost|p1a: Scizor|evasion|1\n|-sideend|p2: kitmash|Stealth Rock|[from] move: Defog|[of] p2a: Weezing\n|-fieldend|move: Electric Terrain\n|\n|-heal|p2a: Weezing|9\/100|[from] item: Leftovers\n|upkeep\n|turn|27\n|\n|t:|1699949592\n|switch|p2a: Alomomola|Alomomola, F|99\/100\n|move|p1a: Scizor|U-turn|p2a: Alomomola\n|-damage|p2a: Alomomola|78\/100\n|\n|t:|1699949599\n|switch|p1a: Xurkitree|Xurkitree, shiny|68\/100|[from] U-turn\n|\n|upkeep\n|turn|28\n|\n|t:|1699949609\n|switch|p2a: Wo-Chien|Wo-Chien|100\/100\n|-ability|p2a: Wo-Chien|Tablets of Ruin\n|move|p1a: Xurkitree|Thunderbolt|p2a: Wo-Chien\n|-resisted|p2a: Wo-Chien\n|-damage|p2a: Wo-Chien|81\/100\n|\n|-heal|p2a: Wo-Chien|87\/100|[from] item: Leftovers\n|upkeep\n|turn|29\n|\n|t:|1699949620\n|move|p1a: Xurkitree|Hidden Power|p2a: Wo-Chien\n|-supereffective|p2a: Wo-Chien\n|-damage|p2a: Wo-Chien|47\/100\n|move|p2a: Wo-Chien|Foul Play|p1a: Xurkitree\n|-damage|p1a: Xurkitree|35\/100\n|\n|-heal|p2a: Wo-Chien|53\/100|[from] item: Leftovers\n|upkeep\n|turn|30\n|\n|t:|1699949630\n|switch|p2a: Reuniclus|Reuniclus, M|76\/100 par\n|move|p1a: Xurkitree|Hidden Power|p2a: Reuniclus\n|-damage|p2a: Reuniclus|65\/100 par\n|\n|upkeep\n|turn|31\n|\n|t:|1699949643\n|switch|p1a: Alomomola|Alomomola, M, shiny|100\/100 tox\n|switch|p2a: Alomomola|Alomomola, F|100\/100\n|\n|-damage|p1a: Alomomola|94\/100 tox|[from] psn\n|upkeep\n|turn|32\n|\n|t:|1699949650\n|move|p2a: Alomomola|Wish|p2a: Alomomola\n|move|p1a: Alomomola|Toxic|p2a: Alomomola|[miss]\n|-miss|p1a: Alomomola|p2a: Alomomola\n|\n|-damage|p1a: Alomomola|82\/100 tox|[from] psn\n|upkeep\n|turn|33\n|\n|t:|1699949656\n|move|p2a: Alomomola|Flip Turn|p1a: Alomomola\n|-resisted|p1a: Alomomola\n|-damage|p1a: Alomomola|78\/100 tox\n|-damage|p2a: Alomomola|84\/100|[from] item: Rocky Helmet|[of] p1a: Alomomola\n|\n|t:|1699949668\n|switch|p2a: Weezing|Weezing-Galar, F|9\/100|[from] Flip Turn\n|move|p1a: Alomomola|Flip Turn|p2a: Weezing\n|-damage|p2a: Weezing|0 fnt\n|faint|p2a: Weezing\n|\n|t:|1699949685\n|switch|p1a: Scizor|Scizor-Mega, M, shiny|60\/100|[from] Flip Turn\n|\n|upkeep\n|\n|t:|1699949702\n|switch|p2a: Alomomola|Alomomola, F|100\/100\n|turn|34\n|j| hainiumm\n|l| hainiumm\n|inactive|playeraccount has 120 seconds left.\n|j| spino6302\n|\n|t:|1699949737\n|move|p1a: Scizor|U-turn|p2a: Alomomola\n|-damage|p2a: Alomomola|79\/100\n|\n|t:|1699949739\n|switch|p1a: Alomomola|Alomomola, M, shiny|100\/100 tox|[from] U-turn\n|move|p2a: Alomomola|Wish|p2a: Alomomola\n|\n|-damage|p1a: Alomomola|94\/100 tox|[from] psn\n|upkeep\n|turn|35\n|\n|t:|1699949745\n|move|p2a: Alomomola|Flip Turn|p1a: Alomomola\n|-resisted|p1a: Alomomola\n|-damage|p1a: Alomomola|90\/100 tox\n|-damage|p2a: Alomomola|62\/100|[from] item: Rocky Helmet|[of] p1a: Alomomola\n|\n|t:|1699949751\n|switch|p2a: Tapu Koko|Tapu Koko, tera:Fairy|28\/100|[from] Flip Turn\n|-fieldstart|move: Electric Terrain|[from] ability: Electric Surge|[of] p2a: Tapu Koko\n|move|p1a: Alomomola|Toxic|p2a: Tapu Koko\n|-status|p2a: Tapu Koko|tox\n|\n|-heal|p2a: Tapu Koko|100\/100 tox|[from] move: Wish|[wisher] Alomomola\n|-damage|p2a: Tapu Koko|94\/100 tox|[from] psn\n|-damage|p1a: Alomomola|77\/100 tox|[from] psn\n|upkeep\n|turn|36\n|\n|t:|1699949763\n|switch|p2a: Kleavor|Kleavor, F|100\/100\n|switch|p1a: Chansey|Chansey, F, shiny|79\/100\n|\n|upkeep\n|turn|37\n|\n|t:|1699949774\n|switch|p1a: Scizor|Scizor-Mega, M, shiny|60\/100\n|move|p2a: Kleavor|Close Combat|p1a: Scizor\n|-damage|p1a: Scizor|10\/100\n|-unboost|p2a: Kleavor|def|1\n|-unboost|p2a: Kleavor|spd|1\n|\n|upkeep\n|turn|38\n|\n|t:|1699949785\n|switch|p2a: Alomomola|Alomomola, F|95\/100\n|move|p1a: Scizor|Bullet Punch|p2a: Alomomola\n|-resisted|p2a: Alomomola\n|-damage|p2a: Alomomola|86\/100\n|\n|upkeep\n|turn|39\n|\n|t:|1699949797\n|move|p1a: Scizor|Roost|p1a: Scizor\n|-heal|p1a: Scizor|60\/100\n|-singleturn|p1a: Scizor|move: Roost\n|move|p2a: Alomomola|Flip Turn|p1a: Scizor\n|-damage|p1a: Scizor|49\/100\n|\n|t:|1699949802\n|switch|p2a: Kleavor|Kleavor, F|100\/100|[from] Flip Turn\n|\n|-fieldend|move: Electric Terrain\n|upkeep\n|turn|40\n|\n|t:|1699949807\n|move|p1a: Scizor|Bullet Punch|p2a: Kleavor\n|-supereffective|p2a: Kleavor\n|-damage|p2a: Kleavor|10\/100\n|move|p2a: Kleavor|Stone Axe|p1a: Scizor\n|-damage|p1a: Scizor|0 fnt\n|-sidestart|p1: playeraccount|move: Stealth Rock\n|faint|p1a: Scizor\n|\n|upkeep\n|j| emsioab\n|\n|t:|1699949812\n|switch|p1a: Alomomola|Alomomola, M, shiny|100\/100 tox\n|-damage|p1a: Alomomola|88\/100 tox|[from] Stealth Rock\n|turn|41\n|\n|t:|1699949818\n|switch|p2a: Alomomola|Alomomola, F|100\/100\n|move|p1a: Alomomola|Flip Turn|p2a: Alomomola\n|-resisted|p2a: Alomomola\n|-damage|p2a: Alomomola|96\/100\n|\n|t:|1699949823\n|switch|p1a: Xurkitree|Xurkitree, shiny|35\/100|[from] Flip Turn\n|-damage|p1a: Xurkitree|22\/100|[from] Stealth Rock\n|\n|upkeep\n|turn|42\n|\n|t:|1699949829\n|switch|p2a: Reuniclus|Reuniclus, M|98\/100 par\n|move|p1a: Xurkitree|Thunderbolt|p2a: Reuniclus\n|-damage|p2a: Reuniclus|73\/100 par\n|\n|upkeep\n|turn|43\n|\n|t:|1699949834\n|switch|p1a: Alomomola|Alomomola, M, shiny|100\/100 tox\n|-damage|p1a: Alomomola|88\/100 tox|[from] Stealth Rock\n|move|p2a: Reuniclus|Psychic|p1a: Alomomola\n|-damage|p1a: Alomomola|46\/100 tox\n|\n|-damage|p1a: Alomomola|40\/100 tox|[from] psn\n|upkeep\n|turn|44\n|\n|t:|1699949843\n|move|p1a: Alomomola|Wish|p1a: Alomomola\n|cant|p2a: Reuniclus|par\n|\n|-damage|p1a: Alomomola|27\/100 tox|[from] psn\n|upkeep\n|turn|45\n|\n|t:|1699949853\n|move|p1a: Alomomola|Flip Turn|p2a: Reuniclus\n|-damage|p2a: Reuniclus|55\/100 par\n|\n|t:|1699949857\n|switch|p1a: Xurkitree|Xurkitree, shiny|22\/100|[from] Flip Turn\n|-damage|p1a: Xurkitree|10\/100|[from] Stealth Rock\n|move|p2a: Reuniclus|Psychic|p1a: Xurkitree\n|-damage|p1a: Xurkitree|0 fnt\n|faint|p1a: Xurkitree\n|\n|upkeep\n|\n|t:|1699949859\n|switch|p1a: Zapdos|Zapdos-Galar|100\/100\n|-damage|p1a: Zapdos|88\/100|[from] Stealth Rock\n|turn|46\n|\n|t:|1699949883\n|move|p1a: Zapdos|Knock Off|p2a: Reuniclus\n|-supereffective|p2a: Reuniclus\n|-crit|p2a: Reuniclus\n|-damage|p2a: Reuniclus|0 fnt\n|-enditem|p2a: Reuniclus|Assault Vest|[from] move: Knock Off|[of] p1a: Zapdos\n|faint|p2a: Reuniclus\n|\n|upkeep\n|\n|t:|1699949889\n|switch|p2a: Tapu Koko|Tapu Koko, tera:Fairy|94\/100 tox\n|-fieldstart|move: Electric Terrain|[from] ability: Electric Surge|[of] p2a: Tapu Koko\n|turn|47\n|\n|t:|1699949900\n|switch|p1a: Chansey|Chansey, F, shiny|79\/100\n|-damage|p1a: Chansey|67\/100|[from] Stealth Rock\n|move|p2a: Tapu Koko|U-turn|p1a: Chansey\n|-damage|p1a: Chansey|57\/100\n|\n|t:|1699949906\n|switch|p2a: Kleavor|Kleavor, F|10\/100|[from] U-turn\n|\n|upkeep\n|turn|48\n|\n|t:|1699949911\n|switch|p1a: Landorus|Landorus-Therian, M, shiny|3\/100\n|-damage|p1a: Landorus|0 fnt|[from] Stealth Rock\n|faint|p1a: Landorus\n|move|p2a: Kleavor|Close Combat|p1: Landorus|[notarget]\n|-fail|p2a: Kleavor\n|\n|upkeep\n|\n|t:|1699949913\n|switch|p1a: Zapdos|Zapdos-Galar|88\/100\n|-damage|p1a: Zapdos|76\/100|[from] Stealth Rock\n|turn|49\n|\n|t:|1699949925\n|switch|p2a: Alomomola|Alomomola, F|100\/100\n|move|p1a: Zapdos|Thunderous Kick|p2a: Alomomola\n|-damage|p2a: Alomomola|76\/100\n|-unboost|p2a: Alomomola|def|1\n|\n|upkeep\n|turn|50\n|\n|t:|1699949933\n|move|p1a: Zapdos|Thunderous Kick|p2a: Alomomola\n|-damage|p2a: Alomomola|37\/100\n|-unboost|p2a: Alomomola|def|1\n|move|p2a: Alomomola|Flip Turn|p1a: Zapdos\n|-damage|p1a: Zapdos|56\/100\n|\n|t:|1699949940\n|switch|p2a: Tapu Koko|Tapu Koko, tera:Fairy|94\/100 tox|[from] Flip Turn\n|\n|-damage|p2a: Tapu Koko|88\/100 tox|[from] psn\n|upkeep\n|turn|51\n|\n|t:|1699949950\n|switch|p1a: Chansey|Chansey, F, shiny|57\/100\n|-damage|p1a: Chansey|45\/100|[from] Stealth Rock\n|move|p2a: Tapu Koko|Thunderbolt|p1a: Chansey\n|-damage|p1a: Chansey|20\/100\n|\n|-damage|p2a: Tapu Koko|76\/100 tox|[from] psn\n|-fieldend|move: Electric Terrain\n|upkeep\n|turn|52\n|\n|t:|1699949961\n|switch|p2a: Alomomola|Alomomola, F|71\/100\n|move|p1a: Chansey|Soft-Boiled|p1a: Chansey\n|-heal|p1a: Chansey|70\/100\n|\n|upkeep\n|turn|53\n|\n|t:|1699949969\n|move|p2a: Alomomola|Wish|p2a: Alomomola\n|move|p1a: Chansey|Teleport|p1a: Chansey\n|\n|t:|1699949989\n|switch|p1a: Alomomola|Alomomola, M, shiny|61\/100 tox|[from] Teleport\n|-damage|p1a: Alomomola|48\/100 tox|[from] Stealth Rock\n|\n|-damage|p1a: Alomomola|42\/100 tox|[from] psn\n|upkeep\n|turn|54\n|\n|t:|1699949996\n|move|p2a: Alomomola|Flip Turn|p1a: Alomomola\n|-resisted|p1a: Alomomola\n|-crit|p1a: Alomomola\n|-damage|p1a: Alomomola|35\/100 tox\n|-damage|p2a: Alomomola|54\/100|[from] item: Rocky Helmet|[of] p1a: Alomomola\n|\n|t:|1699950001\n|switch|p2a: Wo-Chien|Wo-Chien|53\/100|[from] Flip Turn\n|-ability|p2a: Wo-Chien|Tablets of Ruin\n|move|p1a: Alomomola|Wish|p1a: Alomomola\n|\n|-heal|p2a: Wo-Chien|100\/100|[from] move: Wish|[wisher] Alomomola\n|-damage|p1a: Alomomola|23\/100 tox|[from] psn\n|upkeep\n|turn|55\n|\n|t:|1699950021\n|move|p2a: Wo-Chien|Leech Seed|p1a: Alomomola|[miss]\n|-miss|p2a: Wo-Chien|p1a: Alomomola\n|move|p1a: Alomomola|Flip Turn|p2a: Wo-Chien\n|-resisted|p2a: Wo-Chien\n|-damage|p2a: Wo-Chien|96\/100\n|\n|t:|1699950023\n|switch|p1a: Zapdos|Zapdos-Galar|56\/100|[from] Flip Turn\n|-damage|p1a: Zapdos|43\/100|[from] Stealth Rock\n|\n|-heal|p1a: Zapdos|100\/100|[from] move: Wish|[wisher] Alomomola\n|-heal|p2a: Wo-Chien|100\/100|[from] item: Leftovers\n|upkeep\n|turn|56\n|\n|t:|1699950041\n|-terastallize|p1a: Zapdos|Flying\n|move|p1a: Zapdos|Brave Bird|p2a: Wo-Chien\n|-supereffective|p2a: Wo-Chien\n|-crit|p2a: Wo-Chien\n|-damage|p2a: Wo-Chien|0 fnt\n|faint|p2a: Wo-Chien\n|-damage|p1a: Zapdos|62\/100|[from] Recoil\n|\n|upkeep\n|\n|t:|1699950049\n|switch|p2a: Tapu Koko|Tapu Koko, tera:Fairy|76\/100 tox\n|-fieldstart|move: Electric Terrain|[from] ability: Electric Surge|[of] p2a: Tapu Koko\n|turn|57\n|\n|t:|1699950062\n|move|p1a: Zapdos|Brave Bird|p2a: Tapu Koko\n|-damage|p2a: Tapu Koko|0 fnt\n|faint|p2a: Tapu Koko\n|-damage|p1a: Zapdos|40\/100|[from] Recoil\n|\n|upkeep\n|\n|t:|1699950067\n|switch|p2a: Alomomola|Alomomola, F|87\/100\n|turn|58\n|\n|t:|1699950074\n|switch|p1a: Alomomola|Alomomola, M, shiny|56\/100 tox\n|-damage|p1a: Alomomola|44\/100 tox|[from] Stealth Rock\n|move|p2a: Alomomola|Toxic|p1a: Alomomola\n|-fail|p1a: Alomomola|tox\n|\n|-damage|p1a: Alomomola|38\/100 tox|[from] psn\n|upkeep\n|turn|59\n|\n|t:|1699950102\n|move|p2a: Alomomola|Wish|p2a: Alomomola\n|move|p1a: Alomomola|Wish|p1a: Alomomola\n|\n|-damage|p1a: Alomomola|25\/100 tox|[from] psn\n|upkeep\n|turn|60\n|\n|t:|1699950111\n|move|p2a: Alomomola|Protect|p2a: Alomomola\n|-singleturn|p2a: Alomomola|Protect\n|move|p1a: Alomomola|Flip Turn|p2a: Alomomola\n|-activate|p2a: Alomomola|move: Protect\n|\n|-heal|p1a: Alomomola|75\/100 tox|[from] move: Wish|[wisher] Alomomola\n|-heal|p2a: Alomomola|100\/100|[from] move: Wish|[wisher] Alomomola\n|-damage|p1a: Alomomola|57\/100 tox|[from] psn\n|upkeep\n|turn|61\n|\n|t:|1699950124\n|move|p2a: Alomomola|Toxic|p1a: Alomomola\n|-fail|p1a: Alomomola|tox\n|move|p1a: Alomomola|Wish|p1a: Alomomola\n|\n|-damage|p1a: Alomomola|32\/100 tox|[from] psn\n|-fieldend|move: Electric Terrain\n|upkeep\n|turn|62\n|\n|t:|1699950139\n|switch|p1a: Zapdos|Zapdos-Galar, tera:Flying|40\/100\n|-damage|p1a: Zapdos|15\/100|[from] Stealth Rock\n|move|p2a: Alomomola|Toxic|p1a: Zapdos\n|-status|p1a: Zapdos|tox\n|\n|-heal|p1a: Zapdos|99\/100 tox|[from] move: Wish|[wisher] Alomomola\n|-damage|p1a: Zapdos|92\/100 tox|[from] psn\n|upkeep\n|turn|63\n|\n|t:|1699950148\n|switch|p1a: Chansey|Chansey, F, shiny|70\/100\n|-damage|p1a: Chansey|58\/100|[from] Stealth Rock\n|move|p2a: Alomomola|Protect||[still]\n|-fail|p2a: Alomomola\n|\n|upkeep\n|turn|64\n|\n|t:|1699950155\n|move|p2a: Alomomola|Wish|p2a: Alomomola\n|move|p1a: Chansey|Heal Bell|p1a: Chansey\n|-activate|p1a: Chansey|move: Heal Bell\n|-curestatus|p1: Zapdos|tox|[msg]\n|-curestatus|p1: Alomomola|tox|[msg]\n|\n|upkeep\n|turn|65\n|l| emsioab\n|\n|t:|1699950168\n|move|p2a: Alomomola|Flip Turn|p1a: Chansey\n|-damage|p1a: Chansey|48\/100\n|\n|t:|1699950171\n|switch|p2a: Kleavor|Kleavor, F|10\/100|[from] Flip Turn\n|move|p1a: Chansey|Soft-Boiled|p1a: Chansey\n|-heal|p1a: Chansey|98\/100\n|\n|-heal|p2a: Kleavor|100\/100|[from] move: Wish|[wisher] Alomomola\n|upkeep\n|turn|66\n|\n|t:|1699950181\n|switch|p1a: Alomomola|Alomomola, M, shiny|65\/100\n|-damage|p1a: Alomomola|53\/100|[from] Stealth Rock\n|move|p2a: Kleavor|Close Combat|p1a: Alomomola\n|-damage|p1a: Alomomola|14\/100\n|-unboost|p2a: Kleavor|def|1\n|-unboost|p2a: Kleavor|spd|1\n|-damage|p2a: Kleavor|84\/100|[from] item: Rocky Helmet|[of] p1a: Alomomola\n|\n|upkeep\n|turn|67\n|\n|t:|1699950190\n|move|p2a: Kleavor|Close Combat|p1a: Alomomola\n|-damage|p1a: Alomomola|0 fnt\n|-unboost|p2a: Kleavor|def|1\n|-unboost|p2a: Kleavor|spd|1\n|-damage|p2a: Kleavor|68\/100|[from] item: Rocky Helmet|[of] p1a: Alomomola\n|faint|p1a: Alomomola\n|\n|upkeep\n|\n|t:|1699950192\n|switch|p1a: Zapdos|Zapdos-Galar, tera:Flying|92\/100\n|-damage|p1a: Zapdos|67\/100|[from] Stealth Rock\n|turn|68\n|\n|t:|1699950205\n|switch|p2a: Alomomola|Alomomola, F|100\/100\n|move|p1a: Zapdos|Thunderous Kick|p2a: Alomomola\n|-damage|p2a: Alomomola|74\/100\n|-unboost|p2a: Alomomola|def|1\n|\n|upkeep\n|turn|69\n|\n|t:|1699950214\n|move|p1a: Zapdos|Thunderous Kick|p2a: Alomomola\n|-damage|p2a: Alomomola|35\/100\n|-unboost|p2a: Alomomola|def|1\n|move|p2a: Alomomola|Flip Turn|p1a: Zapdos\n|-damage|p1a: Zapdos|48\/100\n|\n|t:|1699950221\n|switch|p2a: Kleavor|Kleavor, F|68\/100|[from] Flip Turn\n|\n|upkeep\n|turn|70\n|\n|t:|1699950229\n|move|p1a: Zapdos|Thunderous Kick|p2a: Kleavor\n|-damage|p2a: Kleavor|10\/100\n|-unboost|p2a: Kleavor|def|1\n|move|p2a: Kleavor|Stone Axe|p1a: Zapdos|[miss]\n|-miss|p2a: Kleavor|p1a: Zapdos\n|\n|upkeep\n|turn|71\n|\n|t:|1699950241\n|move|p1a: Zapdos|Thunderous Kick|p2a: Kleavor\n|-damage|p2a: Kleavor|0 fnt\n|faint|p2a: Kleavor\n|\n|upkeep\n|\n|t:|1699950245\n|switch|p2a: Alomomola|Alomomola, F|69\/100\n|turn|72\n|\n|t:|1699950252\n|move|p1a: Zapdos|Thunderous Kick|p2a: Alomomola\n|-damage|p2a: Alomomola|45\/100\n|-unboost|p2a: Alomomola|def|1\n|move|p2a: Alomomola|Toxic|p1a: Zapdos\n|-status|p1a: Zapdos|tox\n|\n|-damage|p1a: Zapdos|42\/100 tox|[from] psn\n|upkeep\n|turn|73\n|\n|t:|1699950261\n|move|p2a: Alomomola|Protect|p2a: Alomomola\n|-singleturn|p2a: Alomomola|Protect\n|move|p1a: Zapdos|Thunderous Kick|p2a: Alomomola\n|-activate|p2a: Alomomola|move: Protect\n|\n|-damage|p1a: Zapdos|29\/100 tox|[from] psn\n|upkeep\n|turn|74\n|\n|t:|1699950269\n|move|p1a: Zapdos|Thunderous Kick|p2a: Alomomola\n|-damage|p2a: Alomomola|6\/100\n|-unboost|p2a: Alomomola|def|1\n|move|p2a: Alomomola|Wish|p2a: Alomomola\n|\n|-damage|p1a: Zapdos|10\/100 tox|[from] psn\n|upkeep\n|turn|75\n|\n|t:|1699950276\n|move|p2a: Alomomola|Protect|p2a: Alomomola\n|-singleturn|p2a: Alomomola|Protect\n|move|p1a: Zapdos|Thunderous Kick|p2a: Alomomola\n|-activate|p2a: Alomomola|move: Protect\n|\n|-heal|p2a: Alomomola|56\/100|[from] move: Wish|[wisher] Alomomola\n|-damage|p1a: Zapdos|0 fnt|[from] psn\n|faint|p1a: Zapdos\n|upkeep\n|\n|t:|1699950278\n|switch|p1a: Chansey|Chansey, F, shiny|98\/100\n|-damage|p1a: Chansey|86\/100|[from] Stealth Rock\n|turn|76\n|\n|t:|1699950290\n|move|p2a: Alomomola|Wish|p2a: Alomomola\n|move|p1a: Chansey|Seismic Toss|p2a: Alomomola\n|-damage|p2a: Alomomola|37\/100\n|\n|upkeep\n|turn|77\n|\n|t:|1699950294\n|move|p2a: Alomomola|Toxic|p1a: Chansey\n|-status|p1a: Chansey|tox\n|move|p1a: Chansey|Seismic Toss|p2a: Alomomola\n|-damage|p2a: Alomomola|19\/100\n|\n|-heal|p2a: Alomomola|69\/100|[from] move: Wish|[wisher] Alomomola\n|-damage|p1a: Chansey|80\/100 tox|[from] psn\n|upkeep\n|turn|78\n|\n|t:|1699950306\n|move|p2a: Alomomola|Flip Turn|p1a: Chansey\n|-damage|p1a: Chansey|68\/100 tox\n|move|p1a: Chansey|Seismic Toss|p2a: Alomomola\n|-damage|p2a: Alomomola|50\/100\n|\n|-damage|p1a: Chansey|56\/100 tox|[from] psn\n|upkeep\n|turn|79\n|\n|t:|1699950318\n|move|p2a: Alomomola|Flip Turn|p1a: Chansey\n|-damage|p1a: Chansey|44\/100 tox\n|move|p1a: Chansey|Seismic Toss|p2a: Alomomola\n|-damage|p2a: Alomomola|31\/100\n|\n|-damage|p1a: Chansey|26\/100 tox|[from] psn\n|upkeep\n|turn|80\n|\n|t:|1699950325\n|move|p2a: Alomomola|Wish|p2a: Alomomola\n|move|p1a: Chansey|Heal Bell|p1a: Chansey\n|-activate|p1a: Chansey|move: Heal Bell\n|-curestatus|p1a: Chansey|tox|[msg]\n|\n|upkeep\n|turn|81\n|\n|t:|1699950331\n|move|p2a: Alomomola|Toxic|p1a: Chansey\n|-status|p1a: Chansey|tox\n|move|p1a: Chansey|Soft-Boiled|p1a: Chansey\n|-heal|p1a: Chansey|76\/100 tox\n|\n|-heal|p2a: Alomomola|81\/100|[from] move: Wish|[wisher] Alomomola\n|-damage|p1a: Chansey|70\/100 tox|[from] psn\n|upkeep\n|turn|82\n|l| kun_power_\u9e21\u54e5\n|c|\u2606playeraccount|gg\n|-message|playeraccount forfeited.\n|\n|win|kitmash\n|raw|playeraccount's rating: 1664 &rarr; <strong>1643<\/strong><br \/>(-21 for losing)\n|raw|kitmash's rating: 1641 &rarr; <strong>1662<\/strong><br \/>(+21 for winning)\n|l|\u2606playeraccount\n|c|\u2606kitmash|gg\n","uploadtime":1699950373,"views":8,"p1id":"playeraccount","p2id":"kitmash","formatid":"gen9nationaldex","rating":1643,"private":0,"password":""}