{"id":"gen9nationaldex-1988941915","p1":"Jaspo","p2":"steals many wives","format":"[Gen 9] National Dex","log":"|j|\u2606Jaspo\n|j|\u2606steals many wives\n|t:|1699791865\n|gametype|singles\n|player|p1|Jaspo|clair|1211\n|player|p2|steals many wives|waitress|1125\n|teamsize|p1|6\n|teamsize|p2|6\n|gen|9\n|tier|[Gen 9] National Dex\n|rated|\n|rule|HP Percentage Mod: HP is shown in percentages\n|rule|Endless Battle Clause: Forcing endless battles is banned\n|rule|OHKO Clause: OHKO moves are banned\n|rule|Evasion Clause: Evasion abilities, items, and moves are banned\n|rule|Evasion Abilities Clause: Evasion abilities are banned\n|rule|Evasion Items Clause: Evasion items are banned\n|rule|Evasion Moves Clause: Evasion moves are banned\n|rule|Species Clause: Limit one of each Pok\u00e9mon\n|rule|Sleep Clause Mod: Limit one foe put to sleep\n|clearpoke\n|poke|p1|Kingdra, F|\n|poke|p1|Luxray, M|\n|poke|p1|Scolipede, M|\n|poke|p1|Typhlosion-Hisui, M|\n|poke|p1|Hydreigon, F|\n|poke|p1|Absol, F|\n|poke|p2|Aggron, M|\n|poke|p2|Ferrothorn, M|\n|poke|p2|Goodra-Hisui, F|\n|poke|p2|Celesteela|\n|poke|p2|Heatran, M|\n|poke|p2|Excadrill, M|\n|teampreview\n|inactive|Battle timer is ON: inactive players will automatically lose when time's up. (requested by Jaspo)\n|\n|t:|1699791881\n|start\n|switch|p1a: Scolipede|Scolipede, M, shiny|100\/100\n|switch|p2a: Lego|Ferrothorn, M|100\/100\n|turn|1\n|\n|t:|1699791891\n|switch|p1a: Typhlosion|Typhlosion-Hisui, M|100\/100\n|-item|p2a: Lego|Rocky Helmet|[from] ability: Frisk|[of] p1a: Typhlosion|[identify]\n|move|p2a: Lego|Stealth Rock|p1a: Typhlosion\n|-sidestart|p1: Jaspo|move: Stealth Rock\n|\n|upkeep\n|turn|2\n|\n|t:|1699791898\n|switch|p2a: Slag Heap|Heatran, M|100\/100\n|move|p1a: Typhlosion|Burn Up|p2a: Slag Heap\n|-start|p2a: Slag Heap|ability: Flash Fire\n|\n|upkeep\n|turn|3\n|\n|t:|1699791911\n|switch|p1a: Hydreigon|Hydreigon, F|100\/100\n|-damage|p1a: Hydreigon|88\/100|[from] Stealth Rock\n|move|p2a: Slag Heap|Earth Power|p1a: Hydreigon\n|-immune|p1a: Hydreigon|[from] ability: Levitate\n|\n|upkeep\n|turn|4\n|\n|t:|1699791920\n|-end|p2a: Slag Heap|ability: Flash Fire|[silent]\n|switch|p2a: Team Rocket|Celesteela|100\/100\n|move|p1a: Hydreigon|Earth Power|p2a: Team Rocket\n|-immune|p2a: Team Rocket\n|\n|upkeep\n|turn|5\n|\n|t:|1699791929\n|switch|p1a: Luxray|Luxray, M|100\/100\n|-ability|p1a: Luxray|Intimidate|boost\n|-unboost|p2a: Team Rocket|atk|1\n|move|p2a: Team Rocket|Leech Seed|p1a: Luxray\n|-start|p1a: Luxray|move: Leech Seed\n|\n|-damage|p1a: Luxray|88\/100|[from] Leech Seed|[of] p2a: Team Rocket\n|upkeep\n|turn|6\n|\n|t:|1699791937\n|switch|p1a: Absol|Absol, F|100\/100\n|-damage|p1a: Absol|88\/100|[from] Stealth Rock\n|switch|p2a: Lego|Ferrothorn, M|100\/100\n|\n|upkeep\n|turn|7\n|\n|t:|1699791945\n|detailschange|p1a: Absol|Absol-Mega, F\n|-mega|p1a: Absol|Absol|Absolite\n|move|p1a: Absol|Knock Off|p2a: Lego\n|-damage|p2a: Lego|66\/100\n|-damage|p1a: Absol|76\/100|[from] ability: Iron Barbs|[of] p2a: Lego\n|-damage|p1a: Absol|60\/100|[from] item: Rocky Helmet|[of] p2a: Lego\n|-enditem|p2a: Lego|Rocky Helmet|[from] move: Knock Off|[of] p1a: Absol\n|move|p2a: Lego|Gyro Ball|p1a: Absol\n|-damage|p1a: Absol|0 fnt\n|faint|p1a: Absol\n|\n|upkeep\n|\n|t:|1699791955\n|switch|p1a: Typhlosion|Typhlosion-Hisui, M|100\/100\n|-damage|p1a: Typhlosion|76\/100|[from] Stealth Rock\n|turn|8\n|\n|t:|1699791964\n|move|p1a: Typhlosion|Focus Blast|p2a: Lego\n|-supereffective|p2a: Lego\n|-damage|p2a: Lego|0 fnt\n|faint|p2a: Lego\n|\n|upkeep\n|\n|t:|1699791968\n|switch|p2a: Drilliam Wallace|Excadrill, M|100\/100\n|-ability|p2a: Drilliam Wallace|Mold Breaker\n|turn|9\n|\n|t:|1699791974\n|switch|p1a: Hydreigon|Hydreigon, F|88\/100\n|-damage|p1a: Hydreigon|76\/100|[from] Stealth Rock\n|move|p2a: Drilliam Wallace|Earthquake|p1a: Hydreigon\n|-damage|p1a: Hydreigon|32\/100\n|\n|upkeep\n|turn|10\n|\n|t:|1699791987\n|switch|p1a: Kingdra|Kingdra, F|100\/100\n|-damage|p1a: Kingdra|88\/100|[from] Stealth Rock\n|move|p2a: Drilliam Wallace|Brick Break|p1a: Kingdra\n|-damage|p1a: Kingdra|61\/100\n|\n|upkeep\n|turn|11\n|\n|t:|1699791996\n|switch|p2a: Slime Shady|Goodra-Hisui, F|100\/100\n|move|p1a: Kingdra|Liquidation|p2a: Slime Shady\n|-resisted|p2a: Slime Shady\n|-damage|p2a: Slime Shady|87\/100\n|-damage|p1a: Kingdra|45\/100|[from] item: Rocky Helmet|[of] p2a: Slime Shady\n|-ability|p2a: Slime Shady|Gooey\n|-unboost|p1a: Kingdra|spe|1\n|\n|upkeep\n|turn|12\n|\n|t:|1699792006\n|move|p2a: Slime Shady|Substitute|p2a: Slime Shady\n|-start|p2a: Slime Shady|Substitute\n|-damage|p2a: Slime Shady|62\/100\n|move|p1a: Kingdra|Scale Shot|p2a: Slime Shady\n|-activate|p2a: Slime Shady|move: Substitute|[damage]\n|-activate|p2a: Slime Shady|move: Substitute|[damage]\n|-activate|p2a: Slime Shady|move: Substitute|[damage]\n|-crit|p2a: Slime Shady\n|-end|p2a: Slime Shady|Substitute\n|-hitcount|p2a: Slime Shady|4\n|-unboost|p1a: Kingdra|def|1\n|-boost|p1a: Kingdra|spe|1\n|\n|upkeep\n|turn|13\n|\n|t:|1699792019\n|move|p1a: Kingdra|Scale Shot|p2a: Slime Shady\n|-damage|p2a: Slime Shady|54\/100\n|-damage|p2a: Slime Shady|46\/100\n|-crit|p2a: Slime Shady\n|-damage|p2a: Slime Shady|28\/100\n|-damage|p2a: Slime Shady|21\/100\n|-hitcount|p2a: Slime Shady|4\n|-unboost|p1a: Kingdra|def|1\n|-boost|p1a: Kingdra|spe|1\n|move|p2a: Slime Shady|Dragon Pulse|p1a: Kingdra\n|-supereffective|p1a: Kingdra\n|-damage|p1a: Kingdra|0 fnt\n|faint|p1a: Kingdra\n|\n|upkeep\n|\n|t:|1699792039\n|switch|p1a: Scolipede|Scolipede, M, shiny|100\/100\n|-damage|p1a: Scolipede|76\/100|[from] Stealth Rock\n|turn|14\n|\n|t:|1699792043\n|move|p1a: Scolipede|Protect|p1a: Scolipede\n|-singleturn|p1a: Scolipede|Protect\n|move|p2a: Slime Shady|Flamethrower|p1a: Scolipede\n|-activate|p1a: Scolipede|move: Protect\n|\n|-heal|p1a: Scolipede|82\/100|[from] item: Leftovers\n|-ability|p1a: Scolipede|Speed Boost|boost\n|-boost|p1a: Scolipede|spe|1\n|upkeep\n|turn|15\n|\n|t:|1699792052\n|move|p1a: Scolipede|Earthquake|p2a: Slime Shady\n|-supereffective|p2a: Slime Shady\n|-damage|p2a: Slime Shady|0 fnt\n|faint|p2a: Slime Shady\n|\n|-heal|p1a: Scolipede|88\/100|[from] item: Leftovers\n|-ability|p1a: Scolipede|Speed Boost|boost\n|-boost|p1a: Scolipede|spe|1\n|upkeep\n|\n|t:|1699792059\n|switch|p2a: Team Rocket|Celesteela|100\/100\n|turn|16\n|\n|t:|1699792068\n|move|p1a: Scolipede|Protect|p1a: Scolipede\n|-singleturn|p1a: Scolipede|Protect\n|move|p2a: Team Rocket|Leech Seed|p1a: Scolipede\n|-activate|p1a: Scolipede|move: Protect\n|\n|-heal|p1a: Scolipede|94\/100|[from] item: Leftovers\n|-ability|p1a: Scolipede|Speed Boost|boost\n|-boost|p1a: Scolipede|spe|1\n|upkeep\n|turn|17\n|\n|t:|1699792081\n|switch|p1a: Typhlosion|Typhlosion-Hisui, M|76\/100\n|-damage|p1a: Typhlosion|51\/100|[from] Stealth Rock\n|-item|p2a: Team Rocket|Leftovers|[from] ability: Frisk|[of] p1a: Typhlosion|[identify]\n|move|p2a: Team Rocket|Leech Seed|p1a: Typhlosion\n|-start|p1a: Typhlosion|move: Leech Seed\n|\n|-damage|p1a: Typhlosion|38\/100|[from] Leech Seed|[of] p2a: Team Rocket\n|upkeep\n|turn|18\n|\n|t:|1699792090\n|move|p2a: Team Rocket|Protect|p2a: Team Rocket\n|-singleturn|p2a: Team Rocket|Protect\n|move|p1a: Typhlosion|Burn Up|p2a: Team Rocket\n|-activate|p2a: Team Rocket|move: Protect\n|\n|-damage|p1a: Typhlosion|26\/100|[from] Leech Seed|[of] p2a: Team Rocket\n|upkeep\n|turn|19\n|\n|t:|1699792109\n|-zpower|p1a: Typhlosion\n|move|p1a: Typhlosion|All-Out Pummeling|p2a: Team Rocket|[zeffect]\n|-damage|p2a: Team Rocket|51\/100\n|move|p2a: Team Rocket|Fly||[still]\n|-prepare|p2a: Team Rocket|Fly\n|\n|-heal|p2a: Team Rocket|57\/100|[from] item: Leftovers\n|-damage|p1a: Typhlosion|14\/100|[from] Leech Seed|[of] p2a: Team Rocket\n|-heal|p2a: Team Rocket|68\/100|[silent]\n|upkeep\n|turn|20\n|\n|t:|1699792125\n|switch|p1a: Luxray|Luxray, M|88\/100\n|-ability|p1a: Luxray|Intimidate|boost\n|-unboost|p2a: Team Rocket|atk|1\n|move|p2a: Team Rocket|Fly|p1a: Luxray|[from]lockedmove\n|-resisted|p1a: Luxray\n|-damage|p1a: Luxray|78\/100\n|\n|-heal|p2a: Team Rocket|74\/100|[from] item: Leftovers\n|upkeep\n|turn|21\n|\n|t:|1699792135\n|move|p2a: Team Rocket|Protect|p2a: Team Rocket\n|-singleturn|p2a: Team Rocket|Protect\n|move|p1a: Luxray|Roar|p2a: Team Rocket\n|drag|p2a: The Wall|Aggron, M|100\/100\n|\n|upkeep\n|turn|22\n|\n|t:|1699792143\n|detailschange|p2a: The Wall|Aggron-Mega, M\n|-mega|p2a: The Wall|Aggron|Aggronite\n|move|p1a: Luxray|Wild Charge|p2a: The Wall\n|-damage|p2a: The Wall|83\/100\n|-damage|p1a: Luxray|74\/100|[from] Recoil\n|move|p2a: The Wall|Head Smash|p1a: Luxray|[miss]\n|-miss|p2a: The Wall|p1a: Luxray\n|\n|upkeep\n|turn|23\n|\n|t:|1699792156\n|move|p2a: The Wall|Head Smash|p1a: Luxray|[miss]\n|-miss|p2a: The Wall|p1a: Luxray\n|move|p1a: Luxray|Roar|p2a: The Wall\n|drag|p2a: Team Rocket|Celesteela|74\/100\n|\n|-heal|p2a: Team Rocket|81\/100|[from] item: Leftovers\n|upkeep\n|turn|24\n|\n|t:|1699792164\n|move|p2a: Team Rocket|Protect|p2a: Team Rocket\n|-singleturn|p2a: Team Rocket|Protect\n|move|p1a: Luxray|Wild Charge|p2a: Team Rocket\n|-activate|p2a: Team Rocket|move: Protect\n|\n|-heal|p2a: Team Rocket|87\/100|[from] item: Leftovers\n|upkeep\n|turn|25\n|\n|t:|1699792171\n|switch|p2a: The Wall|Aggron-Mega, M|83\/100\n|move|p1a: Luxray|Psychic Fangs|p2a: The Wall\n|-resisted|p2a: The Wall\n|-damage|p2a: The Wall|77\/100\n|\n|upkeep\n|turn|26\n|\n|t:|1699792179\n|move|p2a: The Wall|Head Smash|p1a: Luxray|[miss]\n|-miss|p2a: The Wall|p1a: Luxray\n|move|p1a: Luxray|Roar|p2a: The Wall\n|drag|p2a: Drilliam Wallace|Excadrill, M|100\/100\n|-ability|p2a: Drilliam Wallace|Mold Breaker\n|\n|upkeep\n|turn|27\n|c|\u2606steals many wives|are you kidding me game?\n|\n|t:|1699792189\n|switch|p1a: Hydreigon|Hydreigon, F|32\/100\n|-damage|p1a: Hydreigon|20\/100|[from] Stealth Rock\n|move|p2a: Drilliam Wallace|Earthquake|p1a: Hydreigon\n|-damage|p1a: Hydreigon|0 fnt\n|faint|p1a: Hydreigon\n|\n|upkeep\n|\n|t:|1699792203\n|switch|p1a: Typhlosion|Typhlosion-Hisui, M|14\/100\n|-damage|p1a: Typhlosion|0 fnt|[from] Stealth Rock\n|faint|p1a: Typhlosion\n|\n|t:|1699792207\n|switch|p1a: Luxray|Luxray, M|74\/100\n|-ability|p1a: Luxray|Intimidate|boost\n|-unboost|p2a: Drilliam Wallace|atk|1\n|turn|28\n|\n|t:|1699792217\n|-terastallize|p1a: Luxray|Flying\n|move|p2a: Drilliam Wallace|Earthquake|p1a: Luxray\n|-immune|p1a: Luxray\n|move|p1a: Luxray|Psychic Fangs|p2a: Drilliam Wallace\n|-resisted|p2a: Drilliam Wallace\n|-damage|p2a: Drilliam Wallace|81\/100\n|\n|upkeep\n|turn|29\n|\n|t:|1699792225\n|move|p2a: Drilliam Wallace|Iron Head|p1a: Luxray\n|-damage|p1a: Luxray|44\/100\n|move|p1a: Luxray|Psychic Fangs|p2a: Drilliam Wallace\n|-resisted|p2a: Drilliam Wallace\n|-crit|p2a: Drilliam Wallace\n|-damage|p2a: Drilliam Wallace|52\/100\n|\n|upkeep\n|turn|30\n|\n|t:|1699792232\n|move|p2a: Drilliam Wallace|Iron Head|p1a: Luxray\n|-damage|p1a: Luxray|16\/100\n|move|p1a: Luxray|Psychic Fangs|p2a: Drilliam Wallace\n|-resisted|p2a: Drilliam Wallace\n|-damage|p2a: Drilliam Wallace|32\/100\n|\n|upkeep\n|turn|31\n|\n|t:|1699792239\n|move|p2a: Drilliam Wallace|Iron Head|p1a: Luxray\n|-damage|p1a: Luxray|0 fnt\n|faint|p1a: Luxray\n|\n|upkeep\n|\n|t:|1699792243\n|switch|p1a: Scolipede|Scolipede, M, shiny|94\/100\n|-damage|p1a: Scolipede|69\/100|[from] Stealth Rock\n|turn|32\n|\n|t:|1699792247\n|move|p1a: Scolipede|Protect|p1a: Scolipede\n|-singleturn|p1a: Scolipede|Protect\n|move|p2a: Drilliam Wallace|Earthquake|p1a: Scolipede\n|-activate|p1a: Scolipede|move: Protect\n|\n|-heal|p1a: Scolipede|75\/100|[from] item: Leftovers\n|-ability|p1a: Scolipede|Speed Boost|boost\n|-boost|p1a: Scolipede|spe|1\n|upkeep\n|turn|33\n|\n|t:|1699792256\n|move|p1a: Scolipede|Earthquake|p2a: Drilliam Wallace\n|-supereffective|p2a: Drilliam Wallace\n|-damage|p2a: Drilliam Wallace|0 fnt\n|faint|p2a: Drilliam Wallace\n|\n|-heal|p1a: Scolipede|81\/100|[from] item: Leftovers\n|-ability|p1a: Scolipede|Speed Boost|boost\n|-boost|p1a: Scolipede|spe|1\n|upkeep\n|\n|t:|1699792263\n|switch|p2a: Slag Heap|Heatran, M|100\/100\n|turn|34\n|\n|t:|1699792269\n|switch|p2a: Team Rocket|Celesteela|87\/100\n|move|p1a: Scolipede|Earthquake|p2a: Team Rocket\n|-immune|p2a: Team Rocket\n|\n|-heal|p1a: Scolipede|87\/100|[from] item: Leftovers\n|-heal|p2a: Team Rocket|93\/100|[from] item: Leftovers\n|-ability|p1a: Scolipede|Speed Boost|boost\n|-boost|p1a: Scolipede|spe|1\n|upkeep\n|turn|35\n|\n|t:|1699792278\n|move|p1a: Scolipede|Iron Defense|p1a: Scolipede\n|-boost|p1a: Scolipede|def|2\n|move|p2a: Team Rocket|Iron Head|p1a: Scolipede\n|-damage|p1a: Scolipede|67\/100\n|\n|-heal|p1a: Scolipede|73\/100|[from] item: Leftovers\n|-heal|p2a: Team Rocket|99\/100|[from] item: Leftovers\n|-ability|p1a: Scolipede|Speed Boost|boost\n|-boost|p1a: Scolipede|spe|1\n|upkeep\n|turn|36\n|\n|t:|1699792287\n|move|p1a: Scolipede|Protect|p1a: Scolipede\n|-singleturn|p1a: Scolipede|Protect\n|move|p2a: Team Rocket|Leech Seed|p1a: Scolipede\n|-activate|p1a: Scolipede|move: Protect\n|\n|-heal|p1a: Scolipede|79\/100|[from] item: Leftovers\n|-heal|p2a: Team Rocket|100\/100|[from] item: Leftovers\n|-ability|p1a: Scolipede|Speed Boost|boost\n|-boost|p1a: Scolipede|spe|1\n|upkeep\n|turn|37\n|\n|t:|1699792296\n|move|p1a: Scolipede|Iron Defense|p1a: Scolipede\n|-boost|p1a: Scolipede|def|2\n|move|p2a: Team Rocket|Leech Seed|p1a: Scolipede\n|-start|p1a: Scolipede|move: Leech Seed\n|\n|-heal|p1a: Scolipede|85\/100|[from] item: Leftovers\n|-damage|p1a: Scolipede|72\/100|[from] Leech Seed|[of] p2a: Team Rocket\n|-ability|p1a: Scolipede|Speed Boost|boost\n|-boost|p1a: Scolipede|spe|1\n|upkeep\n|turn|38\n|\n|t:|1699792305\n|move|p1a: Scolipede|Protect|p1a: Scolipede\n|-singleturn|p1a: Scolipede|Protect\n|move|p2a: Team Rocket|Iron Head|p1a: Scolipede\n|-activate|p1a: Scolipede|move: Protect\n|\n|-heal|p1a: Scolipede|78\/100|[from] item: Leftovers\n|-damage|p1a: Scolipede|66\/100|[from] Leech Seed|[of] p2a: Team Rocket\n|upkeep\n|turn|39\n|\n|t:|1699792312\n|move|p1a: Scolipede|Iron Defense|p1a: Scolipede\n|-boost|p1a: Scolipede|def|2\n|move|p2a: Team Rocket|Iron Head|p1a: Scolipede\n|-damage|p1a: Scolipede|57\/100\n|\n|-heal|p1a: Scolipede|63\/100|[from] item: Leftovers\n|-damage|p1a: Scolipede|51\/100|[from] Leech Seed|[of] p2a: Team Rocket\n|upkeep\n|turn|40\n|\n|t:|1699792320\n|move|p1a: Scolipede|Protect|p1a: Scolipede\n|-singleturn|p1a: Scolipede|Protect\n|move|p2a: Team Rocket|Fly||[still]\n|-prepare|p2a: Team Rocket|Fly\n|\n|-heal|p1a: Scolipede|57\/100|[from] item: Leftovers\n|-damage|p1a: Scolipede|44\/100|[from] Leech Seed|[of] p2a: Team Rocket\n|upkeep\n|turn|41\n|\n|t:|1699792327\n|move|p1a: Scolipede|Protect||[still]\n|-fail|p1a: Scolipede\n|move|p2a: Team Rocket|Fly|p1a: Scolipede|[from]lockedmove\n|-supereffective|p1a: Scolipede\n|-damage|p1a: Scolipede|22\/100\n|\n|-heal|p1a: Scolipede|28\/100|[from] item: Leftovers\n|-damage|p1a: Scolipede|16\/100|[from] Leech Seed|[of] p2a: Team Rocket\n|upkeep\n|turn|42\n|\n|t:|1699792336\n|switch|p2a: The Wall|Aggron-Mega, M|77\/100\n|move|p1a: Scolipede|Protect||[still]\n|-fail|p1a: Scolipede\n|\n|-heal|p1a: Scolipede|22\/100|[from] item: Leftovers\n|-damage|p1a: Scolipede|9\/100|[from] Leech Seed|[of] p2a: The Wall\n|-heal|p2a: The Wall|89\/100|[silent]\n|upkeep\n|turn|43\n|\n|t:|1699792344\n|move|p1a: Scolipede|Earthquake|p2a: The Wall\n|-supereffective|p2a: The Wall\n|-damage|p2a: The Wall|72\/100\n|move|p2a: The Wall|Iron Head|p1a: Scolipede\n|-damage|p1a: Scolipede|0 fnt\n|faint|p1a: Scolipede\n|\n|win|steals many wives\n|raw|Jaspo's rating: 1211 &rarr; <strong>1180<\/strong><br \/>(-31 for losing)\n|raw|steals many wives's rating: 1125 &rarr; <strong>1156<\/strong><br \/>(+31 for winning)\n|l|\u2606Jaspo\n","uploadtime":1699792353,"views":4,"p1id":"jaspo","p2id":"stealsmanywives","formatid":"gen9nationaldex","rating":1156,"private":0,"password":""}