{"id":"gen9nationaldex-1990081597","p1":"Voice_of_Hungry","p2":"TypeChart (Austin)","format":"[Gen 9] National Dex","log":"|j|\u2606Voice_of_Hungry\n|j|\u2606TypeChart (Austin)\n|t:|1699922556\n|gametype|singles\n|player|p1|Voice_of_Hungry|steven|\n|player|p2|TypeChart (Austin)|265|\n|teamsize|p1|6\n|teamsize|p2|6\n|gen|9\n|tier|[Gen 9] National Dex\n|rule|HP Percentage Mod: HP is shown in percentages\n|rule|Endless Battle Clause: Forcing endless battles is banned\n|rule|OHKO Clause: OHKO moves are banned\n|rule|Evasion Clause: Evasion abilities, items, and moves are banned\n|rule|Evasion Abilities Clause: Evasion abilities are banned\n|rule|Evasion Items Clause: Evasion items are banned\n|rule|Evasion Moves Clause: Evasion moves are banned\n|rule|Species Clause: Limit one of each Pok\u00e9mon\n|rule|Sleep Clause Mod: Limit one foe put to sleep\n|clearpoke\n|poke|p1|Zeraora|\n|poke|p1|Primarina, F|\n|poke|p1|Great Tusk|\n|poke|p1|Tangrowth, F|\n|poke|p1|Togekiss, F|\n|poke|p1|Dragonite, M|\n|poke|p2|Ampharos, M|\n|poke|p2|Heatran, F|\n|poke|p2|Carracosta, F|\n|poke|p2|Gliscor, F|\n|poke|p2|Mawile, M|\n|poke|p2|Lanturn, M|\n|teampreview\n|\n|t:|1699922580\n|start\n|switch|p1a: 4th Hokage|Zeraora|100\/100\n|switch|p2a: Gliscor|Gliscor, F|100\/100\n|turn|1\n|\n|t:|1699922591\n|move|p1a: 4th Hokage|Fire Punch|p2a: Gliscor\n|-damage|p2a: Gliscor|78\/100\n|move|p2a: Gliscor|Earthquake|p1a: 4th Hokage\n|-supereffective|p1a: 4th Hokage\n|-damage|p1a: 4th Hokage|0 fnt\n|faint|p1a: 4th Hokage\n|\n|upkeep\n|\n|t:|1699922604\n|switch|p1a: Aurora|Primarina, F, shiny|100\/100\n|turn|2\n|\n|t:|1699922610\n|move|p2a: Gliscor|Hidden Power|p1a: Aurora\n|-supereffective|p1a: Aurora\n|-damage|p1a: Aurora|88\/100\n|move|p1a: Aurora|Hydro Pump|p2a: Gliscor\n|-supereffective|p2a: Gliscor\n|-damage|p2a: Gliscor|0 fnt\n|faint|p2a: Gliscor\n|\n|-heal|p1a: Aurora|94\/100|[from] item: Leftovers\n|upkeep\n|\n|t:|1699922637\n|switch|p2a: Mawile|Mawile, M|100\/100\n|turn|3\n|\n|t:|1699922647\n|switch|p1a: Sunny|Dragonite, M|100\/100\n|move|p2a: Mawile|Grass Knot|p1a: Sunny\n|-resisted|p1a: Sunny\n|-damage|p1a: Sunny|98\/100\n|\n|upkeep\n|turn|4\n|\n|t:|1699922717\n|move|p1a: Sunny|Earthquake|p2a: Mawile\n|-supereffective|p2a: Mawile\n|-damage|p2a: Mawile|0 fnt\n|faint|p2a: Mawile\n|\n|upkeep\n|\n|t:|1699922723\n|switch|p2a: Ampharos|Ampharos, M, shiny|100\/100\n|turn|5\n|\n|t:|1699922757\n|detailschange|p2a: Ampharos|Ampharos-Mega, M, shiny\n|-mega|p2a: Ampharos|Ampharos|Ampharosite\n|-ability|p2a: Ampharos|Mold Breaker\n|move|p1a: Sunny|Earthquake|p2a: Ampharos\n|-supereffective|p2a: Ampharos\n|-damage|p2a: Ampharos|35\/100\n|move|p2a: Ampharos|Focus Blast|p1a: Sunny|[miss]\n|-miss|p2a: Ampharos|p1a: Sunny\n|\n|upkeep\n|turn|6\n|\n|t:|1699922809\n|switch|p2a: Heatran|Heatran, F|100\/100\n|-item|p2a: Heatran|Air Balloon\n|move|p1a: Sunny|Earthquake|p2a: Heatran\n|-immune|p2a: Heatran\n|\n|upkeep\n|turn|7\n|\n|t:|1699922829\n|move|p1a: Sunny|Hydro Pump|p2a: Heatran\n|-supereffective|p2a: Heatran\n|-damage|p2a: Heatran|62\/100\n|-enditem|p2a: Heatran|Air Balloon\n|move|p2a: Heatran|Eruption|p1a: Sunny\n|-resisted|p1a: Sunny\n|-damage|p1a: Sunny|82\/100\n|\n|upkeep\n|turn|8\n|\n|t:|1699922875\n|move|p1a: Sunny|Earthquake|p2a: Heatran\n|-supereffective|p2a: Heatran\n|-damage|p2a: Heatran|0 fnt\n|faint|p2a: Heatran\n|\n|upkeep\n|\n|t:|1699922882\n|switch|p2a: Carracosta|Carracosta, F|100\/100\n|turn|9\n|\n|t:|1699922899\n|move|p1a: Sunny|Focus Blast|p2a: Carracosta\n|-supereffective|p2a: Carracosta\n|-crit|p2a: Carracosta\n|-damage|p2a: Carracosta|30\/100\n|move|p2a: Carracosta|Stone Edge|p1a: Sunny\n|-supereffective|p1a: Sunny\n|-damage|p1a: Sunny|0 fnt\n|faint|p1a: Sunny\n|\n|upkeep\n|\n|t:|1699922908\n|switch|p1a: Mossdeep|Tangrowth, F, shiny|100\/100\n|turn|10\n|\n|t:|1699922919\n|move|p1a: Mossdeep|Giga Drain|p2a: Carracosta\n|-supereffective|p2a: Carracosta\n|-damage|p2a: Carracosta|0 fnt\n|faint|p2a: Carracosta\n|\n|upkeep\n|\n|t:|1699922929\n|switch|p2a: Ampharos|Ampharos-Mega, M, shiny|35\/100\n|-ability|p2a: Ampharos|Mold Breaker\n|turn|11\n|\n|t:|1699922950\n|move|p1a: Mossdeep|Earthquake|p2a: Ampharos\n|-supereffective|p2a: Ampharos\n|-damage|p2a: Ampharos|0 fnt\n|faint|p2a: Ampharos\n|\n|upkeep\n|\n|t:|1699922955\n|switch|p2a: Lanturn|Lanturn, M|100\/100\n|turn|12\n|\n|t:|1699922959\n|move|p2a: Lanturn|Blizzard|p1a: Mossdeep\n|-supereffective|p1a: Mossdeep\n|-damage|p1a: Mossdeep|58\/100\n|move|p1a: Mossdeep|Giga Drain|p2a: Lanturn\n|-supereffective|p2a: Lanturn\n|-damage|p2a: Lanturn|71\/100\n|-heal|p1a: Mossdeep|75\/100|[from] drain|[of] p2a: Lanturn\n|\n|upkeep\n|turn|13\n|\n|t:|1699922966\n|move|p2a: Lanturn|Blizzard|p1a: Mossdeep|[miss]\n|-miss|p2a: Lanturn|p1a: Mossdeep\n|move|p1a: Mossdeep|Giga Drain|p2a: Lanturn\n|-supereffective|p2a: Lanturn\n|-damage|p2a: Lanturn|39\/100\n|-heal|p1a: Mossdeep|93\/100|[from] drain|[of] p2a: Lanturn\n|\n|upkeep\n|turn|14\n|\n|t:|1699922973\n|move|p2a: Lanturn|Blizzard|p1a: Mossdeep\n|-supereffective|p1a: Mossdeep\n|-damage|p1a: Mossdeep|53\/100\n|-status|p1a: Mossdeep|frz\n|cant|p1a: Mossdeep|frz\n|\n|upkeep\n|turn|15\n|\n|t:|1699922979\n|move|p2a: Lanturn|Blizzard|p1a: Mossdeep\n|-supereffective|p1a: Mossdeep\n|-damage|p1a: Mossdeep|10\/100 frz\n|cant|p1a: Mossdeep|frz\n|\n|upkeep\n|turn|16\n|\n|t:|1699922992\n|switch|p1a: Aurora|Primarina, F, shiny|94\/100\n|move|p2a: Lanturn|Blizzard|p1a: Aurora\n|-resisted|p1a: Aurora\n|-damage|p1a: Aurora|82\/100\n|\n|-heal|p1a: Aurora|88\/100|[from] item: Leftovers\n|upkeep\n|turn|17\n|\n|t:|1699923009\n|move|p2a: Lanturn|Hidden Power|p1a: Aurora\n|-supereffective|p1a: Aurora\n|-damage|p1a: Aurora|61\/100\n|move|p1a: Aurora|Hidden Power|p2a: Lanturn\n|-supereffective|p2a: Lanturn\n|-damage|p2a: Lanturn|9\/100\n|\n|-heal|p1a: Aurora|68\/100|[from] item: Leftovers\n|upkeep\n|turn|18\n|\n|t:|1699923019\n|move|p2a: Lanturn|Hidden Power|p1a: Aurora\n|-supereffective|p1a: Aurora\n|-damage|p1a: Aurora|39\/100\n|move|p1a: Aurora|Hidden Power|p2a: Lanturn\n|-supereffective|p2a: Lanturn\n|-damage|p2a: Lanturn|0 fnt\n|faint|p2a: Lanturn\n|\n|win|Voice_of_Hungry\n","uploadtime":1699923029,"views":18,"p1id":"voiceofhungry","p2id":"typechartaustin","formatid":"gen9nationaldex","rating":0,"private":0,"password":""}