{"id":"gen9nationaldex-1993033148","p1":"Thom.zip","p2":"Gigirules","format":"[Gen 9] National Dex","log":"|j|\u2606Thom.zip\n|j|\u2606Gigirules\n|t:|1700257457\n|gametype|singles\n|player|p1|Thom.zip|acetrainer-gen4|1086\n|player|p2|Gigirules|1|1053\n|teamsize|p1|6\n|teamsize|p2|6\n|gen|9\n|tier|[Gen 9] National Dex\n|rated|\n|rule|HP Percentage Mod: HP is shown in percentages\n|rule|Endless Battle Clause: Forcing endless battles is banned\n|rule|OHKO Clause: OHKO moves are banned\n|rule|Evasion Clause: Evasion abilities, items, and moves are banned\n|rule|Evasion Abilities Clause: Evasion abilities are banned\n|rule|Evasion Items Clause: Evasion items are banned\n|rule|Evasion Moves Clause: Evasion moves are banned\n|rule|Species Clause: Limit one of each Pok\u00e9mon\n|rule|Sleep Clause Mod: Limit one foe put to sleep\n|clearpoke\n|poke|p1|Typhlosion, M|\n|poke|p1|Ampharos, F|\n|poke|p1|Ursaring, M|\n|poke|p1|Jumpluff, F|\n|poke|p1|Umbreon, M|\n|poke|p1|Slowking, M|\n|poke|p2|Ribombee, M|\n|poke|p2|Altaria, M|\n|poke|p2|Lopunny, F|\n|poke|p2|Greninja-*, F|\n|poke|p2|Charizard, F|\n|poke|p2|Metagross|\n|teampreview\n|inactive|Battle timer is ON: inactive players will automatically lose when time's up. (requested by Thom.zip)\n|\n|t:|1700257461\n|start\n|switch|p1a: Typhlosion|Typhlosion, M|100\/100\n|switch|p2a: Ribombee|Ribombee, M, shiny|100\/100\n|turn|1\n|\n|t:|1700257466\n|move|p2a: Ribombee|Sticky Web|p1a: Typhlosion\n|-sidestart|p1: Thom.zip|move: Sticky Web\n|move|p1a: Typhlosion|Burn Up|p2a: Ribombee\n|-supereffective|p2a: Ribombee\n|-damage|p2a: Ribombee|0 fnt\n|-start|p1a: Typhlosion|typechange|???|[from] move: Burn Up\n|faint|p2a: Ribombee\n|\n|upkeep\n|\n|t:|1700257477\n|switch|p2a: Lopunny|Lopunny, F|100\/100\n|turn|2\n|\n|t:|1700257480\n|move|p2a: Lopunny|High Jump Kick|p1a: Typhlosion\n|-damage|p1a: Typhlosion|49\/100\n|-enditem|p1a: Typhlosion|Sitrus Berry|[eat]\n|-heal|p1a: Typhlosion|74\/100|[from] item: Sitrus Berry\n|move|p1a: Typhlosion|Sunny Day|p1a: Typhlosion\n|-weather|SunnyDay\n|\n|-weather|SunnyDay|[upkeep]\n|upkeep\n|turn|3\n|\n|t:|1700257488\n|move|p2a: Lopunny|Low Sweep|p1a: Typhlosion\n|-damage|p1a: Typhlosion|48\/100\n|-unboost|p1a: Typhlosion|spe|1\n|move|p1a: Typhlosion|Solar Beam||[still]\n|-prepare|p1a: Typhlosion|Solar Beam\n|-anim|p1a: Typhlosion|Solar Beam|p2a: Lopunny\n|-damage|p2a: Lopunny|51\/100\n|\n|-weather|SunnyDay|[upkeep]\n|upkeep\n|turn|4\n|\n|t:|1700257497\n|move|p2a: Lopunny|High Jump Kick|p1a: Typhlosion\n|-damage|p1a: Typhlosion|0 fnt\n|faint|p1a: Typhlosion\n|\n|-weather|SunnyDay|[upkeep]\n|upkeep\n|\n|t:|1700257505\n|switch|p1a: Jumpluff|Jumpluff, F|100\/100\n|turn|5\n|\n|t:|1700257508\n|move|p1a: Jumpluff|Strength Sap|p2a: Lopunny\n|-unboost|p2a: Lopunny|atk|1\n|move|p2a: Lopunny|Fire Punch|p1a: Jumpluff\n|-supereffective|p1a: Jumpluff\n|-damage|p1a: Jumpluff|50\/100\n|\n|-weather|SunnyDay|[upkeep]\n|-heal|p1a: Jumpluff|56\/100|[from] item: Leftovers\n|upkeep\n|turn|6\n|\n|t:|1700257516\n|move|p1a: Jumpluff|Leech Seed|p2a: Lopunny|[miss]\n|-miss|p1a: Jumpluff|p2a: Lopunny\n|move|p2a: Lopunny|Fire Punch|p1a: Jumpluff\n|-supereffective|p1a: Jumpluff\n|-damage|p1a: Jumpluff|10\/100\n|\n|-weather|none\n|-heal|p1a: Jumpluff|16\/100|[from] item: Leftovers\n|upkeep\n|turn|7\n|\n|t:|1700257523\n|move|p1a: Jumpluff|Strength Sap|p2a: Lopunny\n|-unboost|p2a: Lopunny|atk|1\n|-heal|p1a: Jumpluff|63\/100\n|move|p2a: Lopunny|Fire Punch|p1a: Jumpluff\n|-supereffective|p1a: Jumpluff\n|-damage|p1a: Jumpluff|40\/100\n|\n|-heal|p1a: Jumpluff|47\/100|[from] item: Leftovers\n|upkeep\n|turn|8\n|\n|t:|1700257533\n|move|p1a: Jumpluff|Cotton Guard|p1a: Jumpluff\n|-boost|p1a: Jumpluff|def|3\n|move|p2a: Lopunny|Fire Punch|p1a: Jumpluff\n|-supereffective|p1a: Jumpluff\n|-damage|p1a: Jumpluff|36\/100\n|\n|-heal|p1a: Jumpluff|43\/100|[from] item: Leftovers\n|upkeep\n|turn|9\n|\n|t:|1700257540\n|move|p1a: Jumpluff|Leech Seed|p2a: Lopunny\n|-start|p2a: Lopunny|move: Leech Seed\n|move|p2a: Lopunny|Dizzy Punch|p1a: Jumpluff\n|-damage|p1a: Jumpluff|36\/100\n|\n|-heal|p1a: Jumpluff|43\/100|[from] item: Leftovers\n|-damage|p2a: Lopunny|39\/100|[from] Leech Seed|[of] p1a: Jumpluff\n|-heal|p1a: Jumpluff|52\/100|[silent]\n|upkeep\n|turn|10\n|\n|t:|1700257548\n|move|p1a: Jumpluff|Strength Sap|p2a: Lopunny\n|-unboost|p2a: Lopunny|atk|1\n|-heal|p1a: Jumpluff|87\/100\n|move|p2a: Lopunny|Fire Punch|p1a: Jumpluff\n|-supereffective|p1a: Jumpluff\n|-damage|p1a: Jumpluff|79\/100\n|-status|p1a: Jumpluff|brn\n|\n|-heal|p1a: Jumpluff|85\/100 brn|[from] item: Leftovers\n|-damage|p2a: Lopunny|26\/100|[from] Leech Seed|[of] p1a: Jumpluff\n|-heal|p1a: Jumpluff|94\/100 brn|[silent]\n|-damage|p1a: Jumpluff|88\/100 brn|[from] brn\n|upkeep\n|turn|11\n|\n|t:|1700257561\n|move|p1a: Jumpluff|Strength Sap|p2a: Lopunny\n|-unboost|p2a: Lopunny|atk|1\n|-heal|p1a: Jumpluff|100\/100 brn\n|move|p2a: Lopunny|Low Sweep|p1a: Jumpluff\n|-resisted|p1a: Jumpluff\n|-damage|p1a: Jumpluff|99\/100 brn\n|-unboost|p1a: Jumpluff|spe|1\n|\n|-heal|p1a: Jumpluff|100\/100 brn|[from] item: Leftovers\n|-damage|p2a: Lopunny|14\/100|[from] Leech Seed|[of] p1a: Jumpluff\n|-damage|p1a: Jumpluff|94\/100 brn|[from] brn\n|upkeep\n|turn|12\n|\n|t:|1700257572\n|move|p2a: Lopunny|Low Sweep|p1a: Jumpluff\n|-resisted|p1a: Jumpluff\n|-damage|p1a: Jumpluff|93\/100 brn\n|-unboost|p1a: Jumpluff|spe|1\n|move|p1a: Jumpluff|Cotton Guard|p1a: Jumpluff\n|-boost|p1a: Jumpluff|def|3\n|\n|-heal|p1a: Jumpluff|99\/100 brn|[from] item: Leftovers\n|-damage|p2a: Lopunny|2\/100|[from] Leech Seed|[of] p1a: Jumpluff\n|-heal|p1a: Jumpluff|100\/100 brn|[silent]\n|-damage|p1a: Jumpluff|94\/100 brn|[from] brn\n|upkeep\n|turn|13\n|\n|t:|1700257584\n|move|p2a: Lopunny|Low Sweep|p1a: Jumpluff\n|-resisted|p1a: Jumpluff\n|-damage|p1a: Jumpluff|93\/100 brn\n|-unboost|p1a: Jumpluff|spe|1\n|move|p1a: Jumpluff|Strength Sap|p2a: Lopunny\n|-unboost|p2a: Lopunny|atk|1\n|-heal|p1a: Jumpluff|100\/100 brn\n|\n|-damage|p2a: Lopunny|0 fnt|[from] Leech Seed|[of] p1a: Jumpluff\n|faint|p2a: Lopunny\n|-damage|p1a: Jumpluff|94\/100 brn|[from] brn\n|upkeep\n|\n|t:|1700257596\n|switch|p2a: Altaria|Altaria, M, shiny|100\/100\n|-ability|p2a: Altaria|Cloud Nine\n|turn|14\n|\n|t:|1700257600\n|move|p2a: Altaria|Dragon Dance|p2a: Altaria\n|-boost|p2a: Altaria|atk|1\n|-boost|p2a: Altaria|spe|1\n|move|p1a: Jumpluff|Leech Seed|p2a: Altaria\n|-start|p2a: Altaria|move: Leech Seed\n|\n|-heal|p1a: Jumpluff|100\/100 brn|[from] item: Leftovers\n|-damage|p2a: Altaria|88\/100|[from] Leech Seed|[of] p1a: Jumpluff\n|-damage|p1a: Jumpluff|94\/100 brn|[from] brn\n|upkeep\n|turn|15\n|\n|t:|1700257608\n|move|p2a: Altaria|Dragon Dance|p2a: Altaria\n|-boost|p2a: Altaria|atk|1\n|-boost|p2a: Altaria|spe|1\n|move|p1a: Jumpluff|Strength Sap|p2a: Altaria\n|-unboost|p2a: Altaria|atk|1\n|-heal|p1a: Jumpluff|100\/100 brn\n|\n|-damage|p2a: Altaria|76\/100|[from] Leech Seed|[of] p1a: Jumpluff\n|-damage|p1a: Jumpluff|94\/100 brn|[from] brn\n|upkeep\n|turn|16\n|\n|t:|1700257618\n|move|p2a: Altaria|Acrobatics|p1a: Jumpluff\n|-supereffective|p1a: Jumpluff\n|-damage|p1a: Jumpluff|75\/100 brn\n|move|p1a: Jumpluff|Strength Sap|p2a: Altaria\n|-unboost|p2a: Altaria|atk|1\n|-heal|p1a: Jumpluff|100\/100 brn\n|\n|-damage|p2a: Altaria|63\/100|[from] Leech Seed|[of] p1a: Jumpluff\n|-damage|p1a: Jumpluff|94\/100 brn|[from] brn\n|upkeep\n|turn|17\n|\n|t:|1700257629\n|move|p2a: Altaria|Body Slam|p1a: Jumpluff\n|-damage|p1a: Jumpluff|87\/100 brn\n|move|p1a: Jumpluff|Strength Sap|p2a: Altaria\n|-unboost|p2a: Altaria|atk|1\n|-heal|p1a: Jumpluff|100\/100 brn\n|\n|-damage|p2a: Altaria|51\/100|[from] Leech Seed|[of] p1a: Jumpluff\n|-damage|p1a: Jumpluff|94\/100 brn|[from] brn\n|upkeep\n|turn|18\n|\n|t:|1700257640\n|move|p2a: Altaria|Dragon Dance|p2a: Altaria\n|-boost|p2a: Altaria|atk|1\n|-boost|p2a: Altaria|spe|1\n|move|p1a: Jumpluff|Strength Sap|p2a: Altaria\n|-unboost|p2a: Altaria|atk|1\n|-heal|p1a: Jumpluff|100\/100 brn\n|\n|-damage|p2a: Altaria|39\/100|[from] Leech Seed|[of] p1a: Jumpluff\n|-damage|p1a: Jumpluff|94\/100 brn|[from] brn\n|upkeep\n|turn|19\n|\n|t:|1700257652\n|move|p2a: Altaria|Acrobatics|p1a: Jumpluff\n|-supereffective|p1a: Jumpluff\n|-damage|p1a: Jumpluff|84\/100 brn\n|move|p1a: Jumpluff|Giga Drain|p2a: Altaria\n|-resisted|p2a: Altaria\n|-damage|p2a: Altaria|35\/100\n|-heal|p1a: Jumpluff|86\/100 brn|[from] drain|[of] p2a: Altaria\n|\n|-heal|p1a: Jumpluff|92\/100 brn|[from] item: Leftovers\n|-damage|p2a: Altaria|22\/100|[from] Leech Seed|[of] p1a: Jumpluff\n|-heal|p1a: Jumpluff|100\/100 brn|[silent]\n|-damage|p1a: Jumpluff|94\/100 brn|[from] brn\n|upkeep\n|turn|20\n|\n|t:|1700257664\n|move|p2a: Altaria|Dragon Pulse|p1a: Jumpluff\n|-damage|p1a: Jumpluff|73\/100 brn\n|move|p1a: Jumpluff|Strength Sap|p2a: Altaria\n|-unboost|p2a: Altaria|atk|1\n|-heal|p1a: Jumpluff|100\/100 brn\n|\n|-damage|p2a: Altaria|10\/100|[from] Leech Seed|[of] p1a: Jumpluff\n|-damage|p1a: Jumpluff|94\/100 brn|[from] brn\n|upkeep\n|turn|21\n|\n|t:|1700257674\n|move|p2a: Altaria|Dragon Pulse|p1a: Jumpluff\n|-damage|p1a: Jumpluff|73\/100 brn\n|move|p1a: Jumpluff|Giga Drain|p2a: Altaria\n|-resisted|p2a: Altaria\n|-damage|p2a: Altaria|5\/100\n|-heal|p1a: Jumpluff|75\/100 brn|[from] drain|[of] p2a: Altaria\n|\n|-heal|p1a: Jumpluff|81\/100 brn|[from] item: Leftovers\n|-damage|p2a: Altaria|0 fnt|[from] Leech Seed|[of] p1a: Jumpluff\n|-heal|p1a: Jumpluff|85\/100 brn|[silent]\n|faint|p2a: Altaria\n|-damage|p1a: Jumpluff|79\/100 brn|[from] brn\n|upkeep\n|\n|t:|1700257685\n|switch|p2a: Charizard|Charizard, F, shiny|100\/100\n|turn|22\n|\n|t:|1700257689\n|move|p2a: Charizard|Flamethrower|p1a: Jumpluff\n|-supereffective|p1a: Jumpluff\n|-damage|p1a: Jumpluff|0 fnt\n|faint|p1a: Jumpluff\n|\n|upkeep\n|\n|t:|1700257697\n|switch|p1a: Umbreon|Umbreon, M|100\/100\n|-activate|p1a: Umbreon|move: Sticky Web\n|-unboost|p1a: Umbreon|spe|1\n|turn|23\n|\n|t:|1700257702\n|move|p2a: Charizard|Blaze Kick|p1a: Umbreon\n|-damage|p1a: Umbreon|76\/100\n|move|p1a: Umbreon|Toxic|p2a: Charizard\n|-status|p2a: Charizard|tox\n|\n|-heal|p1a: Umbreon|82\/100|[from] item: Leftovers\n|-damage|p2a: Charizard|94\/100 tox|[from] psn\n|upkeep\n|turn|24\n|\n|t:|1700257716\n|move|p2a: Charizard|Flamethrower|p1a: Umbreon\n|-damage|p1a: Umbreon|54\/100\n|move|p1a: Umbreon|Foul Play|p2a: Charizard\n|-damage|p2a: Charizard|53\/100 tox\n|\n|-heal|p1a: Umbreon|60\/100|[from] item: Leftovers\n|-damage|p2a: Charizard|41\/100 tox|[from] psn\n|upkeep\n|turn|25\n|\n|t:|1700257726\n|move|p2a: Charizard|Blaze Kick|p1a: Umbreon\n|-damage|p1a: Umbreon|35\/100\n|move|p1a: Umbreon|Wish|p1a: Umbreon\n|\n|-heal|p1a: Umbreon|41\/100|[from] item: Leftovers\n|-damage|p2a: Charizard|22\/100 tox|[from] psn\n|upkeep\n|turn|26\n|\n|t:|1700257735\n|move|p1a: Umbreon|Protect|p1a: Umbreon\n|-singleturn|p1a: Umbreon|Protect\n|move|p2a: Charizard|Flamethrower|p1a: Umbreon\n|-activate|p1a: Umbreon|move: Protect\n|\n|-heal|p1a: Umbreon|91\/100|[from] move: Wish|[wisher] Umbreon\n|-heal|p1a: Umbreon|97\/100|[from] item: Leftovers\n|-damage|p2a: Charizard|0 fnt|[from] psn\n|faint|p2a: Charizard\n|upkeep\n|\n|t:|1700257745\n|switch|p2a: Metagross|Metagross, shiny|100\/100\n|turn|27\n|\n|t:|1700257750\n|move|p2a: Metagross|Hammer Arm|p1a: Umbreon|[miss]\n|-miss|p2a: Metagross|p1a: Umbreon\n|move|p1a: Umbreon|Foul Play|p2a: Metagross\n|-supereffective|p2a: Metagross\n|-damage|p2a: Metagross|16\/100\n|\n|-heal|p1a: Umbreon|100\/100|[from] item: Leftovers\n|upkeep\n|turn|28\n|\n|t:|1700257758\n|move|p1a: Umbreon|Protect|p1a: Umbreon\n|-singleturn|p1a: Umbreon|Protect\n|move|p2a: Metagross|Hammer Arm|p1a: Umbreon\n|-activate|p1a: Umbreon|move: Protect\n|\n|upkeep\n|turn|29\n|\n|t:|1700257763\n|move|p2a: Metagross|Hammer Arm|p1a: Umbreon\n|-supereffective|p1a: Umbreon\n|-damage|p1a: Umbreon|35\/100\n|-unboost|p2a: Metagross|spe|1\n|move|p1a: Umbreon|Foul Play|p2a: Metagross\n|-supereffective|p2a: Metagross\n|-damage|p2a: Metagross|0 fnt\n|faint|p2a: Metagross\n|\n|-heal|p1a: Umbreon|41\/100|[from] item: Leftovers\n|upkeep\n|\n|t:|1700257773\n|switch|p2a: Greninja|Greninja, F, shiny|100\/100\n|turn|30\n|\n|t:|1700257779\n|move|p2a: Greninja|Water Shuriken|p1a: Umbreon\n|-damage|p1a: Umbreon|37\/100\n|-damage|p1a: Umbreon|33\/100\n|-damage|p1a: Umbreon|30\/100\n|-damage|p1a: Umbreon|26\/100\n|-damage|p1a: Umbreon|23\/100\n|-hitcount|p1a: Umbreon|5\n|move|p1a: Umbreon|Toxic|p2a: Greninja\n|-status|p2a: Greninja|tox\n|\n|-heal|p1a: Umbreon|29\/100|[from] item: Leftovers\n|-damage|p2a: Greninja|95\/100 tox|[from] psn\n|upkeep\n|turn|31\n|\n|t:|1700257794\n|move|p2a: Greninja|Gunk Shot|p1a: Umbreon\n|-damage|p1a: Umbreon|1\/100\n|move|p1a: Umbreon|Wish|p1a: Umbreon\n|\n|-heal|p1a: Umbreon|7\/100|[from] item: Leftovers\n|-damage|p2a: Greninja|83\/100 tox|[from] psn\n|upkeep\n|turn|32\n|\n|t:|1700257801\n|move|p1a: Umbreon|Protect|p1a: Umbreon\n|-singleturn|p1a: Umbreon|Protect\n|move|p2a: Greninja|Water Shuriken|p1a: Umbreon\n|-activate|p1a: Umbreon|move: Protect\n|\n|-heal|p1a: Umbreon|57\/100|[from] move: Wish|[wisher] Umbreon\n|-heal|p1a: Umbreon|63\/100|[from] item: Leftovers\n|-damage|p2a: Greninja|65\/100 tox|[from] psn\n|upkeep\n|turn|33\n|\n|t:|1700257810\n|move|p2a: Greninja|Gunk Shot|p1a: Umbreon\n|-damage|p1a: Umbreon|37\/100\n|move|p1a: Umbreon|Wish|p1a: Umbreon\n|\n|-heal|p1a: Umbreon|43\/100|[from] item: Leftovers\n|-damage|p2a: Greninja|41\/100 tox|[from] psn\n|upkeep\n|turn|34\n|-message|Gigirules forfeited.\n|\n|win|Thom.zip\n|raw|Thom.zip's rating: 1086 &rarr; <strong>1111<\/strong><br \/>(+25 for winning)\n|raw|Gigirules's rating: 1053 &rarr; <strong>1037<\/strong><br \/>(-16 for losing)\n|l|\u2606Gigirules\n","uploadtime":1700257824,"views":14,"p1id":"thomzip","p2id":"gigirules","formatid":"gen9nationaldex","rating":1037,"private":0,"password":""}