{"id":"gen9nationaldex-1998391431","p1":"jkljlkh","p2":"ordja2","format":"[Gen 9] National Dex","log":"|html|<div class=\"broadcast-blue\"><strong>[Gen 9] National Dex is currently suspecting Sneasler! For information on how to participate check out the <a href=\"https:\/\/www.smogon.com\/forums\/threads\/sv-national-dex-suspect-8-just-dance.3731534\/\">suspect thread<\/a>.<\/strong><\/div>\n|j|\u2606jkljlkh\n|j|\u2606ordja2\n|t:|1700937078\n|gametype|singles\n|player|p1|jkljlkh|266|1852\n|player|p2|ordja2|102|1760\n|teamsize|p1|6\n|teamsize|p2|6\n|gen|9\n|tier|[Gen 9] National Dex\n|rated|\n|rule|HP Percentage Mod: HP is shown in percentages\n|rule|Endless Battle Clause: Forcing endless battles is banned\n|rule|OHKO Clause: OHKO moves are banned\n|rule|Evasion Clause: Evasion abilities, items, and moves are banned\n|rule|Evasion Abilities Clause: Evasion abilities are banned\n|rule|Evasion Items Clause: Evasion items are banned\n|rule|Evasion Moves Clause: Evasion moves are banned\n|rule|Species Clause: Limit one of each Pok\u00e9mon\n|rule|Sleep Clause Mod: Limit one foe put to sleep\n|clearpoke\n|poke|p1|Toxapex, F|\n|poke|p1|Dondozo, M|\n|poke|p1|Gliscor, M|\n|poke|p1|Blissey, F|\n|poke|p1|Corviknight, M|\n|poke|p1|Tyranitar, F|\n|poke|p2|Garchomp, F|\n|poke|p2|Ogerpon-Wellspring, F|\n|poke|p2|Dondozo, F|\n|poke|p2|Charizard, F|\n|poke|p2|Zapdos|\n|poke|p2|Chansey, F|\n|teampreview\n|\n|t:|1700937098\n|start\n|switch|p1a: Toxapex|Toxapex, F|100\/100\n|switch|p2a: Ogerpon|Ogerpon-Wellspring, F|100\/100\n|turn|1\n|\n|t:|1700937103\n|move|p2a: Ogerpon|Substitute|p2a: Ogerpon\n|-start|p2a: Ogerpon|Substitute\n|-damage|p2a: Ogerpon|76\/100\n|move|p1a: Toxapex|Knock Off|p2a: Ogerpon\n|-activate|p2a: Ogerpon|move: Substitute|[damage]\n|\n|upkeep\n|turn|2\n|\n|t:|1700937109\n|move|p2a: Ogerpon|Swords Dance|p2a: Ogerpon\n|-boost|p2a: Ogerpon|atk|2\n|move|p1a: Toxapex|Knock Off|p2a: Ogerpon\n|-end|p2a: Ogerpon|Substitute\n|\n|upkeep\n|turn|3\n|\n|t:|1700937114\n|move|p2a: Ogerpon|Substitute|p2a: Ogerpon\n|-start|p2a: Ogerpon|Substitute\n|-damage|p2a: Ogerpon|51\/100\n|move|p1a: Toxapex|Knock Off|p2a: Ogerpon\n|-activate|p2a: Ogerpon|move: Substitute|[damage]\n|\n|upkeep\n|turn|4\n|\n|t:|1700937120\n|move|p1a: Toxapex|Baneful Bunker|p1a: Toxapex\n|-singleturn|p1a: Toxapex|move: Protect\n|move|p2a: Ogerpon|Horn Leech|p1a: Toxapex\n|-activate|p1a: Toxapex|move: Protect\n|-status|p2a: Ogerpon|psn\n|\n|-damage|p2a: Ogerpon|38\/100 psn|[from] psn\n|upkeep\n|turn|5\n|\n|t:|1700937129\n|switch|p1a: Corviknight|Corviknight, M|100\/100\n|-ability|p1a: Corviknight|Pressure\n|move|p2a: Ogerpon|Horn Leech|p1a: Corviknight\n|-resisted|p1a: Corviknight\n|-damage|p1a: Corviknight|82\/100\n|-heal|p2a: Ogerpon|50\/100 psn|[from] drain|[of] p1a: Corviknight\n|\n|-heal|p1a: Corviknight|89\/100|[from] item: Leftovers\n|-damage|p2a: Ogerpon|38\/100 psn|[from] psn\n|upkeep\n|turn|6\n|\n|t:|1700937140\n|move|p1a: Corviknight|Protect|p1a: Corviknight\n|-singleturn|p1a: Corviknight|Protect\n|move|p2a: Ogerpon|Horn Leech|p1a: Corviknight\n|-activate|p1a: Corviknight|move: Protect\n|\n|-heal|p1a: Corviknight|95\/100|[from] item: Leftovers\n|-damage|p2a: Ogerpon|26\/100 psn|[from] psn\n|upkeep\n|turn|7\n|\n|t:|1700937148\n|switch|p1a: Dondozo|Dondozo, M|100\/100\n|move|p2a: Ogerpon|Ivy Cudgel|p1a: Dondozo|[anim] Ivy Cudgel Water\n|-resisted|p1a: Dondozo\n|-damage|p1a: Dondozo|87\/100\n|\n|-damage|p2a: Ogerpon|13\/100 psn|[from] psn\n|upkeep\n|turn|8\n|\n|t:|1700937158\n|switch|p2a: Chansey|Chansey, F|100\/100\n|move|p1a: Dondozo|Curse|p1a: Dondozo\n|-unboost|p1a: Dondozo|spe|1\n|-boost|p1a: Dondozo|atk|1\n|-boost|p1a: Dondozo|def|1\n|\n|upkeep\n|turn|9\n|\n|t:|1700937165\n|move|p2a: Chansey|Wish|p2a: Chansey\n|move|p1a: Dondozo|Body Press|p2a: Chansey\n|-supereffective|p2a: Chansey\n|-damage|p2a: Chansey|51\/100\n|\n|upkeep\n|turn|10\n|\n|t:|1700937178\n|move|p2a: Chansey|Toxic|p1a: Dondozo\n|-status|p1a: Dondozo|tox\n|move|p1a: Dondozo|Body Press|p2a: Chansey\n|-supereffective|p2a: Chansey\n|-damage|p2a: Chansey|0 fnt\n|faint|p2a: Chansey\n|\n|-damage|p1a: Dondozo|81\/100 tox|[from] psn\n|upkeep\n|\n|t:|1700937189\n|switch|p2a: Charizard|Charizard, F|100\/100\n|turn|11\n|inactive|Battle timer is ON: inactive players will automatically lose when time's up. (requested by ordja2)\n|\n|t:|1700937216\n|detailschange|p2a: Charizard|Charizard-Mega-X, F\n|-mega|p2a: Charizard|Charizard|Charizardite X\n|move|p2a: Charizard|Dragon Dance|p2a: Charizard\n|-boost|p2a: Charizard|atk|1\n|-boost|p2a: Charizard|spe|1\n|move|p1a: Dondozo|Rest|p1a: Dondozo\n|-status|p1a: Dondozo|slp|[from] move: Rest\n|-heal|p1a: Dondozo|100\/100 slp|[silent]\n|\n|upkeep\n|turn|12\n|\n|t:|1700937226\n|move|p2a: Charizard|Dragon Claw|p1a: Dondozo\n|-damage|p1a: Dondozo|82\/100 slp\n|cant|p1a: Dondozo|slp\n|move|p1a: Dondozo|Sleep Talk|p1a: Dondozo\n|move|p1a: Dondozo|Body Press|p2a: Charizard|[from]move: Sleep Talk\n|-crit|p2a: Charizard\n|-damage|p2a: Charizard|32\/100\n|\n|upkeep\n|turn|13\n|-message|ordja2 forfeited.\n|\n|win|jkljlkh\n|raw|jkljlkh's rating: 1852 &rarr; <strong>1867<\/strong><br \/>(+15 for winning)\n|raw|ordja2's rating: 1760 &rarr; <strong>1745<\/strong><br \/>(-15 for losing)\n|l|\u2606ordja2\n","uploadtime":1700937242,"views":3,"p1id":"jkljlkh","p2id":"ordja2","formatid":"gen9nationaldex","rating":1745,"private":0,"password":""}