{"id":"gen9nationaldex-1989936225","p1":"BenjaminDuddy","p2":"roxozzz","format":"[Gen 9] National Dex","log":"|j|\u2606BenjaminDuddy\n|j|\u2606roxozzz\n|t:|1699908201\n|gametype|singles\n|player|p1|BenjaminDuddy|acetrainer-gen4dp|1092\n|player|p2|roxozzz|backpacker|1056\n|teamsize|p1|6\n|teamsize|p2|6\n|gen|9\n|tier|[Gen 9] National Dex\n|rated|\n|rule|HP Percentage Mod: HP is shown in percentages\n|rule|Endless Battle Clause: Forcing endless battles is banned\n|rule|OHKO Clause: OHKO moves are banned\n|rule|Evasion Clause: Evasion abilities, items, and moves are banned\n|rule|Evasion Abilities Clause: Evasion abilities are banned\n|rule|Evasion Items Clause: Evasion items are banned\n|rule|Evasion Moves Clause: Evasion moves are banned\n|rule|Species Clause: Limit one of each Pok\u00e9mon\n|rule|Sleep Clause Mod: Limit one foe put to sleep\n|clearpoke\n|poke|p1|Eiscue, M|\n|poke|p1|Arbok, F|\n|poke|p1|Scizor, M|\n|poke|p1|Zoroark-Hisui, F|\n|poke|p1|Mantine, M|\n|poke|p1|Landorus-Therian, M|\n|poke|p2|Nidoking, M|\n|poke|p2|Honchkrow, M|\n|poke|p2|Volcarona, M|\n|poke|p2|Metagross|\n|poke|p2|Swampert, M|\n|poke|p2|Rotom-Mow|\n|teampreview\n|inactive|Battle timer is ON: inactive players will automatically lose when time's up. (requested by BenjaminDuddy)\n|\n|t:|1699908215\n|start\n|switch|p1a: Eiscue|Eiscue, M|100\/100\n|switch|p2a: Kobe|Swampert, M, shiny|100\/100\n|turn|1\n|\n|t:|1699908221\n|move|p1a: Eiscue|Nasty Plot|p1a: Eiscue\n|-boost|p1a: Eiscue|spa|2\n|move|p2a: Kobe|Waterfall|p1a: Eiscue\n|-damage|p1a: Eiscue|20\/100\n|replace|p1a: Zoroark|Zoroark-Hisui, F\n|-end|p1a: Zoroark|Illusion\n|\n|upkeep\n|turn|2\n|\n|t:|1699908229\n|move|p1a: Zoroark|Bitter Malice|p2a: Kobe\n|-damage|p2a: Kobe|29\/100\n|-unboost|p2a: Kobe|atk|1\n|move|p2a: Kobe|Waterfall|p1a: Zoroark\n|-damage|p1a: Zoroark|0 fnt\n|faint|p1a: Zoroark\n|\n|-heal|p2a: Kobe|36\/100|[from] item: Leftovers\n|upkeep\n|\n|t:|1699908239\n|switch|p1a: Eiscue|Eiscue, M|100\/100\n|turn|3\n|\n|t:|1699908243\n|move|p1a: Eiscue|Substitute|p1a: Eiscue\n|-start|p1a: Eiscue|Substitute\n|-damage|p1a: Eiscue|75\/100\n|move|p2a: Kobe|Waterfall|p1a: Eiscue\n|-end|p1a: Eiscue|Substitute\n|\n|-heal|p2a: Kobe|42\/100|[from] item: Leftovers\n|upkeep\n|turn|4\n|\n|t:|1699908249\n|move|p1a: Eiscue|Belly Drum|p1a: Eiscue\n|-damage|p1a: Eiscue|25\/100\n|-setboost|p1a: Eiscue|atk|6|[from] move: Belly Drum\n|-enditem|p1a: Eiscue|Salac Berry|[eat]\n|-boost|p1a: Eiscue|spe|1|[from] item: Salac Berry\n|move|p2a: Kobe|Waterfall|p1a: Eiscue\n|-activate|p1a: Eiscue|ability: Ice Face\n|-damage|p1a: Eiscue|25\/100\n|detailschange|p1a: Eiscue|Eiscue-Noice, M\n|\n|-heal|p2a: Kobe|48\/100|[from] item: Leftovers\n|upkeep\n|turn|5\n|\n|t:|1699908262\n|move|p1a: Eiscue|Ice Spinner|p2a: Kobe\n|-damage|p2a: Kobe|0 fnt\n|faint|p2a: Kobe\n|\n|upkeep\n|\n|t:|1699908267\n|switch|p2a: Metagross|Metagross, shiny|100\/100\n|turn|6\n|\n|t:|1699908271\n|-terastallize|p1a: Eiscue|Water\n|move|p2a: Metagross|Bullet Punch|p1a: Eiscue\n|-resisted|p1a: Eiscue\n|-damage|p1a: Eiscue|8\/100\n|move|p1a: Eiscue|Liquidation|p2a: Metagross\n|-damage|p2a: Metagross|0 fnt\n|faint|p2a: Metagross\n|\n|upkeep\n|\n|t:|1699908283\n|switch|p2a: Honchkrow|Honchkrow, M|100\/100\n|turn|7\n|\n|t:|1699908285\n|move|p2a: Honchkrow|Sucker Punch||[still]\n|-fail|p2a: Honchkrow\n|move|p1a: Eiscue|Substitute|p1a: Eiscue\n|-fail|p1a: Eiscue|move: Substitute|[weak]\n|\n|upkeep\n|turn|8\n|\n|t:|1699908291\n|move|p2a: Honchkrow|Sucker Punch||[still]\n|-fail|p2a: Honchkrow\n|move|p1a: Eiscue|Substitute|p1a: Eiscue\n|-fail|p1a: Eiscue|move: Substitute|[weak]\n|\n|upkeep\n|turn|9\n|\n|t:|1699908296\n|move|p1a: Eiscue|Liquidation|p2a: Honchkrow\n|-damage|p2a: Honchkrow|0 fnt\n|faint|p2a: Honchkrow\n|\n|upkeep\n|\n|t:|1699908301\n|switch|p2a: Ervinha|Volcarona, M|100\/100\n|turn|10\n|\n|t:|1699908304\n|move|p1a: Eiscue|Liquidation|p2a: Ervinha\n|-supereffective|p2a: Ervinha\n|-damage|p2a: Ervinha|0 fnt\n|faint|p2a: Ervinha\n|\n|upkeep\n|\n|t:|1699908309\n|switch|p2a: Rotom|Rotom-Mow|100\/100\n|turn|11\n|\n|t:|1699908314\n|move|p1a: Eiscue|Ice Spinner|p2a: Rotom\n|-supereffective|p2a: Rotom\n|-damage|p2a: Rotom|0 fnt\n|faint|p2a: Rotom\n|\n|upkeep\n|\n|t:|1699908318\n|switch|p2a: Nidoking|Nidoking, M|100\/100\n|turn|12\n|\n|t:|1699908322\n|move|p1a: Eiscue|Ice Spinner|p2a: Nidoking\n|-supereffective|p2a: Nidoking\n|-damage|p2a: Nidoking|0 fnt\n|faint|p2a: Nidoking\n|\n|win|BenjaminDuddy\n|raw|BenjaminDuddy's rating: 1092 &rarr; <strong>1115<\/strong><br \/>(+23 for winning)\n|raw|roxozzz's rating: 1056 &rarr; <strong>1039<\/strong><br \/>(-17 for losing)\n|l|\u2606roxozzz\n","uploadtime":1699908332,"views":15,"p1id":"benjaminduddy","p2id":"roxozzz","formatid":"gen9nationaldex","rating":1039,"private":0,"password":""}