{"id":"gen9nationaldex-1990887195","p1":"Kuzwa","p2":"KarmaNightraide","format":"[Gen 9] National Dex","log":"|j|\u2606Kuzwa\n|j|\u2606KarmaNightraide\n|t:|1700011526\n|gametype|singles\n|player|p1|Kuzwa|parasollady|1219\n|player|p2|KarmaNightraide|unknown|1178\n|teamsize|p1|6\n|teamsize|p2|6\n|gen|9\n|tier|[Gen 9] National Dex\n|rated|\n|rule|HP Percentage Mod: HP is shown in percentages\n|rule|Endless Battle Clause: Forcing endless battles is banned\n|rule|OHKO Clause: OHKO moves are banned\n|rule|Evasion Clause: Evasion abilities, items, and moves are banned\n|rule|Evasion Abilities Clause: Evasion abilities are banned\n|rule|Evasion Items Clause: Evasion items are banned\n|rule|Evasion Moves Clause: Evasion moves are banned\n|rule|Species Clause: Limit one of each Pok\u00e9mon\n|rule|Sleep Clause Mod: Limit one foe put to sleep\n|clearpoke\n|poke|p1|Kartana|\n|poke|p1|Weavile, M|\n|poke|p1|Ogerpon-Wellspring, F|\n|poke|p1|Zeraora|\n|poke|p1|Glimmora, M|\n|poke|p1|Blacephalon|\n|poke|p2|Drifblim, M|\n|poke|p2|Runerigus, M|\n|poke|p2|Chandelure, M|\n|poke|p2|Jellicent, M|\n|poke|p2|Mimikyu, M|\n|poke|p2|Froslass, F|\n|teampreview\n|l|\u2606KarmaNightraide\n|player|p2|\n|j|\u2606KarmaNightraide\n|player|p2|KarmaNightraide|unknown\n|\n|t:|1700011540\n|start\n|switch|p1a: Junpei Iori|Weavile, M, shiny|100\/100\n|switch|p2a: Ragnar\u00f6k|Runerigus, M|100\/100\n|turn|1\n|inactive|Battle timer is ON: inactive players will automatically lose when time's up. (requested by Kuzwa)\n|\n|t:|1700011563\n|-terastallize|p2a: Ragnar\u00f6k|Fighting\n|move|p1a: Junpei Iori|Knock Off|p2a: Ragnar\u00f6k\n|-resisted|p2a: Ragnar\u00f6k\n|-damage|p2a: Ragnar\u00f6k|76\/100\n|-activate|p2a: Ragnar\u00f6k|ability: Wandering Spirit|Pickpocket|Wandering Spirit|[of] p1a: Junpei Iori\n|-enditem|p2a: Ragnar\u00f6k|Assault Vest|[from] move: Knock Off|[of] p1a: Junpei Iori\n|-enditem|p1a: Junpei Iori|Focus Sash|[silent]|[from] ability: Pickpocket|[of] p1a: Junpei Iori\n|-item|p2a: Ragnar\u00f6k|Focus Sash|[from] ability: Pickpocket|[of] p1a: Junpei Iori\n|move|p2a: Ragnar\u00f6k|Body Press|p1a: Junpei Iori\n|-supereffective|p1a: Junpei Iori\n|-crit|p1a: Junpei Iori\n|-damage|p1a: Junpei Iori|0 fnt\n|-activate|p1a: Junpei Iori|ability: Wandering Spirit|Pickpocket|Wandering Spirit|[of] p2a: Ragnar\u00f6k\n|faint|p1a: Junpei Iori\n|\n|upkeep\n|\n|t:|1700011588\n|switch|p1a: Ken Amada|Zeraora|100\/100\n|turn|2\n|\n|t:|1700011617\n|move|p1a: Ken Amada|Fake Out|p2a: Ragnar\u00f6k\n|-damage|p2a: Ragnar\u00f6k|64\/100\n|-activate|p2a: Ragnar\u00f6k|ability: Wandering Spirit|Volt Absorb|Wandering Spirit|[of] p1a: Ken Amada\n|cant|p2a: Ragnar\u00f6k|flinch\n|\n|upkeep\n|turn|3\n|inactive|KarmaNightraide has 120 seconds left.\n|\n|t:|1700011636\n|switch|p1a: thing|Glimmora, M|100\/100\n|-item|p1a: thing|Air Balloon\n|move|p2a: Ragnar\u00f6k|Earthquake|p1a: thing\n|-immune|p1a: thing\n|\n|upkeep\n|turn|4\n|inactive|KarmaNightraide has 120 seconds left.\n|\n|t:|1700011657\n|move|p1a: thing|Sludge Wave|p2a: Ragnar\u00f6k\n|-damage|p2a: Ragnar\u00f6k|16\/100\n|move|p2a: Ragnar\u00f6k|Body Press|p1a: thing\n|-damage|p1a: thing|53\/100\n|-activate|p1a: thing|ability: Toxic Debris\n|-sidestart|p2: KarmaNightraide|move: Toxic Spikes\n|-enditem|p1a: thing|Air Balloon\n|\n|upkeep\n|turn|5\n|\n|t:|1700011671\n|move|p1a: thing|Sludge Wave|p2a: Ragnar\u00f6k\n|-damage|p2a: Ragnar\u00f6k|0 fnt\n|faint|p2a: Ragnar\u00f6k\n|\n|upkeep\n|\n|t:|1700011681\n|switch|p2a: 'Loon|Drifblim, M|100\/100\n|turn|6\n|\n|t:|1700011686\n|move|p2a: 'Loon|Protect|p2a: 'Loon\n|-singleturn|p2a: 'Loon|Protect\n|move|p1a: thing|Power Gem|p2a: 'Loon\n|-activate|p2a: 'Loon|move: Protect\n|\n|-status|p2a: 'Loon|brn|[from] item: Flame Orb\n|upkeep\n|turn|7\n|inactive|KarmaNightraide has 120 seconds left.\n|inactive|KarmaNightraide has 90 seconds left.\n|\n|t:|1700011730\n|switch|p2a: Nice 'Stache|Jellicent, M|100\/100\n|-status|p2a: Nice 'Stache|psn\n|move|p1a: thing|Power Gem|p2a: Nice 'Stache\n|-damage|p2a: Nice 'Stache|62\/100 psn\n|\n|-heal|p2a: Nice 'Stache|69\/100 psn|[from] item: Leftovers\n|-damage|p2a: Nice 'Stache|56\/100 psn|[from] psn\n|upkeep\n|turn|8\n|inactive|KarmaNightraide has 90 seconds left.\n|\n|t:|1700011743\n|switch|p1a: Makoto Yuki|Kartana, shiny|100\/100\n|move|p2a: Nice 'Stache|Scald|p1a: Makoto Yuki\n|-resisted|p1a: Makoto Yuki\n|-damage|p1a: Makoto Yuki|44\/100\n|\n|-heal|p2a: Nice 'Stache|62\/100 psn|[from] item: Leftovers\n|-damage|p2a: Nice 'Stache|50\/100 psn|[from] psn\n|upkeep\n|turn|9\n|inactive|KarmaNightraide has 90 seconds left.\n|\n|t:|1700011769\n|move|p1a: Makoto Yuki|Leaf Blade|p2a: Nice 'Stache\n|-supereffective|p2a: Nice 'Stache\n|-damage|p2a: Nice 'Stache|0 fnt\n|faint|p2a: Nice 'Stache\n|-ability|p1a: Makoto Yuki|Beast Boost|boost\n|-boost|p1a: Makoto Yuki|atk|1\n|\n|upkeep\n|\n|t:|1700011779\n|switch|p2a: 'Lil guy my man|Mimikyu, M|100\/100\n|-status|p2a: 'Lil guy my man|psn\n|turn|10\n|\n|t:|1700011784\n|move|p1a: Makoto Yuki|Smart Strike|p2a: 'Lil guy my man\n|-activate|p2a: 'Lil guy my man|ability: Disguise\n|-damage|p2a: 'Lil guy my man|100\/100 psn\n|detailschange|p2a: 'Lil guy my man|Mimikyu-Busted, M\n|-damage|p2a: 'Lil guy my man|88\/100 psn|[from] pokemon: Mimikyu-Busted\n|move|p2a: 'Lil guy my man|Swords Dance|p2a: 'Lil guy my man\n|-boost|p2a: 'Lil guy my man|atk|2\n|\n|-damage|p2a: 'Lil guy my man|76\/100 psn|[from] psn\n|upkeep\n|turn|11\n|\n|t:|1700011797\n|move|p2a: 'Lil guy my man|Shadow Sneak|p1a: Makoto Yuki\n|-damage|p1a: Makoto Yuki|9\/100\n|move|p1a: Makoto Yuki|Smart Strike|p2a: 'Lil guy my man\n|-supereffective|p2a: 'Lil guy my man\n|-damage|p2a: 'Lil guy my man|0 fnt\n|faint|p2a: 'Lil guy my man\n|-ability|p1a: Makoto Yuki|Beast Boost|boost\n|-boost|p1a: Makoto Yuki|atk|1\n|\n|upkeep\n|\n|t:|1700011807\n|switch|p2a: Icy Wifey|Froslass, F, shiny|100\/100\n|-status|p2a: Icy Wifey|psn\n|turn|12\n|\n|t:|1700011812\n|move|p2a: Icy Wifey|Sucker Punch|p1a: Makoto Yuki\n|-crit|p1a: Makoto Yuki\n|-damage|p1a: Makoto Yuki|0 fnt\n|faint|p1a: Makoto Yuki\n|\n|-damage|p2a: Icy Wifey|88\/100 psn|[from] psn\n|upkeep\n|\n|t:|1700011817\n|switch|p1a: thing|Glimmora, M|53\/100\n|turn|13\n|inactive|KarmaNightraide has 90 seconds left.\n|\n|t:|1700011830\n|move|p2a: Icy Wifey|Swagger|p1a: thing\n|-boost|p1a: thing|atk|2\n|-enditem|p2a: Icy Wifey|Mirror Herb\n|-boost|p2a: Icy Wifey|atk|2|[from] item: Mirror Herb\n|-start|p1a: thing|confusion\n|-activate|p1a: thing|confusion\n|move|p1a: thing|Power Gem|p2a: Icy Wifey\n|-supereffective|p2a: Icy Wifey\n|-damage|p2a: Icy Wifey|0 fnt\n|faint|p2a: Icy Wifey\n|\n|upkeep\n|\n|t:|1700011841\n|switch|p2a: LittleLightOfMine|Chandelure, M|100\/100\n|-status|p2a: LittleLightOfMine|psn\n|turn|14\n|\n|t:|1700011856\n|switch|p1a: Aigis|Ogerpon-Wellspring, F|100\/100\n|move|p2a: LittleLightOfMine|Shadow Ball|p1a: Aigis\n|-damage|p1a: Aigis|28\/100\n|-unboost|p1a: Aigis|spd|1\n|-damage|p2a: LittleLightOfMine|91\/100 psn|[from] item: Life Orb\n|\n|-damage|p2a: LittleLightOfMine|78\/100 psn|[from] psn\n|upkeep\n|turn|15\n|\n|t:|1700011867\n|move|p1a: Aigis|Ivy Cudgel|p2a: LittleLightOfMine|[anim] Ivy Cudgel Water\n|-supereffective|p2a: LittleLightOfMine\n|-damage|p2a: LittleLightOfMine|0 fnt\n|faint|p2a: LittleLightOfMine\n|\n|upkeep\n|\n|t:|1700011871\n|switch|p2a: 'Loon|Drifblim, M|100\/100 brn\n|turn|16\n|\n|t:|1700011875\n|move|p1a: Aigis|Ivy Cudgel|p2a: 'Loon|[anim] Ivy Cudgel Water\n|-damage|p2a: 'Loon|17\/100 brn\n|move|p2a: 'Loon|Thunderbolt|p1a: Aigis\n|-damage|p1a: Aigis|0 fnt\n|faint|p1a: Aigis\n|\n|-damage|p2a: 'Loon|11\/100 brn|[from] brn\n|upkeep\n|\n|t:|1700011879\n|switch|p1a: Bibo|Blacephalon, shiny|100\/100\n|turn|17\n|\n|t:|1700011891\n|move|p1a: Bibo|Mind Blown|p2a: 'Loon\n|-damage|p2a: 'Loon|0 fnt\n|-damage|p1a: Bibo|50\/100|[from] mindblown\n|faint|p2a: 'Loon\n|\n|win|Kuzwa\n|raw|Kuzwa's rating: 1219 &rarr; <strong>1241<\/strong><br \/>(+22 for winning)\n|raw|KarmaNightraide's rating: 1178 &rarr; <strong>1156<\/strong><br \/>(-22 for losing)\n|l|\u2606KarmaNightraide\n","uploadtime":1700011897,"views":4,"p1id":"kuzwa","p2id":"karmanightraide","formatid":"gen9nationaldex","rating":1156,"private":0,"password":""}