{"id":"gen9nationaldex-1998732685","p1":"ReptileMedias","p2":"Chilaway","format":"[Gen 9] National Dex","log":"|html|<div class=\"broadcast-blue\"><strong>[Gen 9] National Dex is currently suspecting Sneasler! For information on how to participate check out the <a href=\"https:\/\/www.smogon.com\/forums\/threads\/sv-national-dex-suspect-8-just-dance.3731534\/\">suspect thread<\/a>.<\/strong><\/div>\n|j|\u2606ReptileMedias\n|j|\u2606Chilaway\n|t:|1700979730\n|gametype|singles\n|player|p1|ReptileMedias|may|1117\n|player|p2|Chilaway|265|1163\n|teamsize|p1|6\n|teamsize|p2|6\n|gen|9\n|tier|[Gen 9] National Dex\n|rated|\n|rule|HP Percentage Mod: HP is shown in percentages\n|rule|Endless Battle Clause: Forcing endless battles is banned\n|rule|OHKO Clause: OHKO moves are banned\n|rule|Evasion Clause: Evasion abilities, items, and moves are banned\n|rule|Evasion Abilities Clause: Evasion abilities are banned\n|rule|Evasion Items Clause: Evasion items are banned\n|rule|Evasion Moves Clause: Evasion moves are banned\n|rule|Species Clause: Limit one of each Pok\u00e9mon\n|rule|Sleep Clause Mod: Limit one foe put to sleep\n|clearpoke\n|poke|p1|Delphox, M|\n|poke|p1|Absol, F|\n|poke|p1|Hariyama, M|\n|poke|p1|Floatzel, F|\n|poke|p1|Empoleon, M|\n|poke|p1|Tangrowth, F|\n|poke|p2|Aegislash, F|\n|poke|p2|Toxapex, M|\n|poke|p2|Kommo-o, F|\n|poke|p2|Mimikyu, F|\n|poke|p2|Grimmsnarl, M|\n|poke|p2|Tornadus-Therian, M|\n|teampreview\n|\n|t:|1700979753\n|start\n|switch|p1a: sonny john enward|Absol, F|100\/100\n|switch|p2a: Grimmsnarl|Grimmsnarl, M|100\/100\n|-ability|p1a: sonny john enward|Pressure\n|turn|1\n|\n|t:|1700979785\n|detailschange|p1a: sonny john enward|Absol-Mega, F\n|-mega|p1a: sonny john enward|Absol|Absolite\n|move|p2a: Grimmsnarl|Reflect|p2a: Grimmsnarl\n|-sidestart|p2: Chilaway|Reflect\n|move|p1a: sonny john enward|Play Rough|p2a: Grimmsnarl\n|-supereffective|p2a: Grimmsnarl\n|-damage|p2a: Grimmsnarl|67\/100\n|\n|upkeep\n|turn|2\n|\n|t:|1700979824\n|move|p2a: Grimmsnarl|Light Screen|p2a: Grimmsnarl\n|-sidestart|p2: Chilaway|move: Light Screen\n|move|p1a: sonny john enward|Play Rough|p2a: Grimmsnarl\n|-supereffective|p2a: Grimmsnarl\n|-damage|p2a: Grimmsnarl|33\/100\n|-unboost|p2a: Grimmsnarl|atk|1\n|\n|upkeep\n|turn|3\n|\n|t:|1700979834\n|switch|p2a: Kommo-o|Kommo-o, F|100\/100\n|move|p1a: sonny john enward|Play Rough|p2a: Kommo-o\n|-supereffective|p2a: Kommo-o\n|-damage|p2a: Kommo-o|31\/100\n|\n|upkeep\n|turn|4\n|\n|t:|1700979851\n|move|p1a: sonny john enward|Play Rough|p2a: Kommo-o\n|-supereffective|p2a: Kommo-o\n|-damage|p2a: Kommo-o|0 fnt\n|faint|p2a: Kommo-o\n|\n|upkeep\n|\n|t:|1700979863\n|switch|p2a: Mimikyu|Mimikyu, F|100\/100\n|turn|5\n|\n|t:|1700979872\n|move|p1a: sonny john enward|Shadow Claw|p2a: Mimikyu\n|-activate|p2a: Mimikyu|ability: Disguise\n|-damage|p2a: Mimikyu|100\/100\n|detailschange|p2a: Mimikyu|Mimikyu-Busted, F\n|-damage|p2a: Mimikyu|88\/100|[from] pokemon: Mimikyu-Busted\n|move|p2a: Mimikyu|Swords Dance|p2a: Mimikyu\n|-boost|p2a: Mimikyu|atk|2\n|\n|upkeep\n|turn|6\n|\n|t:|1700979897\n|switch|p1a: jamiroquai|Empoleon, M|100\/100\n|move|p2a: Mimikyu|Drain Punch|p1a: jamiroquai\n|-supereffective|p1a: jamiroquai\n|-damage|p1a: jamiroquai|0 fnt\n|-heal|p2a: Mimikyu|100\/100|[from] drain|[of] p1a: jamiroquai\n|faint|p1a: jamiroquai\n|-damage|p2a: Mimikyu|91\/100|[from] item: Life Orb\n|\n|upkeep\n|\n|t:|1700979909\n|switch|p1a: im FAT im FAT im F|Tangrowth, F|100\/100\n|turn|7\n|\n|t:|1700979914\n|move|p2a: Mimikyu|Swords Dance|p2a: Mimikyu\n|-boost|p2a: Mimikyu|atk|2\n|move|p1a: im FAT im FAT im F|Sleep Powder|p2a: Mimikyu\n|-status|p2a: Mimikyu|slp|[from] move: Sleep Powder\n|\n|upkeep\n|turn|8\n|\n|t:|1700979925\n|cant|p2a: Mimikyu|slp\n|move|p1a: im FAT im FAT im F|Toxic||[still]\n|-fail|p1a: im FAT im FAT im F\n|\n|-sideend|p2: Chilaway|Reflect\n|upkeep\n|turn|9\n|\n|t:|1700979932\n|-curestatus|p2a: Mimikyu|slp|[msg]\n|move|p2a: Mimikyu|Swords Dance|p2a: Mimikyu\n|-boost|p2a: Mimikyu|atk|2\n|move|p1a: im FAT im FAT im F|Leech Seed|p2a: Mimikyu\n|-start|p2a: Mimikyu|move: Leech Seed\n|\n|-damage|p2a: Mimikyu|78\/100|[from] Leech Seed|[of] p1a: im FAT im FAT im F\n|-sideend|p2: Chilaway|move: Light Screen\n|upkeep\n|turn|10\n|\n|t:|1700979943\n|move|p2a: Mimikyu|Drain Punch|p1a: im FAT im FAT im F\n|-damage|p1a: im FAT im FAT im F|44\/100\n|-heal|p2a: Mimikyu|100\/100|[from] drain|[of] p1a: im FAT im FAT im F\n|-damage|p2a: Mimikyu|91\/100|[from] item: Life Orb\n|move|p1a: im FAT im FAT im F|Sleep Powder|p2a: Mimikyu\n|-status|p2a: Mimikyu|slp|[from] move: Sleep Powder\n|\n|-damage|p2a: Mimikyu|78\/100 slp|[from] Leech Seed|[of] p1a: im FAT im FAT im F\n|-heal|p1a: im FAT im FAT im F|52\/100|[silent]\n|upkeep\n|turn|11\n|\n|t:|1700979970\n|switch|p2a: Grimmsnarl|Grimmsnarl, M|33\/100\n|switch|p1a: giggleboy09|Hariyama, M|100\/100\n|\n|-status|p1a: giggleboy09|brn|[from] item: Flame Orb\n|upkeep\n|turn|12\n|\n|t:|1700979980\n|move|p2a: Grimmsnarl|Reflect|p2a: Grimmsnarl\n|-sidestart|p2: Chilaway|Reflect\n|move|p1a: giggleboy09|Bullet Punch|p2a: Grimmsnarl\n|-supereffective|p2a: Grimmsnarl\n|-damage|p2a: Grimmsnarl|12\/100\n|\n|-damage|p1a: giggleboy09|94\/100 brn|[from] brn\n|upkeep\n|turn|13\n|\n|t:|1700979990\n|move|p2a: Grimmsnarl|Parting Shot|p1a: giggleboy09\n|-unboost|p1a: giggleboy09|atk|1\n|-unboost|p1a: giggleboy09|spa|1\n|\n|t:|1700979997\n|switch|p2a: Aegislash|Aegislash, F|100\/100|[from] Parting Shot\n|move|p1a: giggleboy09|Bullet Punch|p2a: Aegislash\n|-resisted|p2a: Aegislash\n|-damage|p2a: Aegislash|98\/100\n|\n|-damage|p1a: giggleboy09|88\/100 brn|[from] brn\n|upkeep\n|turn|14\n|\n|t:|1700980019\n|switch|p1a: EAR HAIR!! GROSS|Delphox, M|100\/100\n|move|p2a: Aegislash|Swords Dance|p2a: Aegislash\n|-boost|p2a: Aegislash|atk|2\n|\n|upkeep\n|turn|15\n|\n|t:|1700980037\n|-zpower|p1a: EAR HAIR!! GROSS\n|move|p1a: EAR HAIR!! GROSS|Inferno Overdrive|p2a: Aegislash|[zeffect]\n|-supereffective|p2a: Aegislash\n|-crit|p2a: Aegislash\n|-damage|p2a: Aegislash|0 fnt\n|faint|p2a: Aegislash\n|\n|upkeep\n|-message|Chilaway forfeited.\n|\n|win|ReptileMedias\n|raw|ReptileMedias's rating: 1117 &rarr; <strong>1145<\/strong><br \/>(+28 for winning)\n|raw|Chilaway's rating: 1163 &rarr; <strong>1135<\/strong><br \/>(-28 for losing)\n|l|\u2606Chilaway\n","uploadtime":1700980052,"views":1,"p1id":"reptilemedias","p2id":"chilaway","formatid":"gen9nationaldex","rating":1135,"private":0,"password":""}