{"id":"gen9nationaldex-1999998166","p1":"Sprocket0835","p2":"wastedogg","format":"[Gen 9] National Dex","log":"|html|<div class=\"broadcast-blue\"><strong>[Gen 9] National Dex is currently suspecting Sneasler! For information on how to participate check out the <a href=\"https:\/\/www.smogon.com\/forums\/threads\/sv-national-dex-suspect-8-just-dance.3731534\/\">suspect thread<\/a>.<\/strong><\/div>\n|j|\u2606Sprocket0835\n|j|\u2606wastedogg\n|t:|1701139320\n|gametype|singles\n|player|p1|Sprocket0835|lucas|1487\n|player|p2|wastedogg|blackbelt-gen4dp|1599\n|teamsize|p1|6\n|teamsize|p2|6\n|gen|9\n|tier|[Gen 9] National Dex\n|rated|\n|rule|HP Percentage Mod: HP is shown in percentages\n|rule|Endless Battle Clause: Forcing endless battles is banned\n|rule|OHKO Clause: OHKO moves are banned\n|rule|Evasion Clause: Evasion abilities, items, and moves are banned\n|rule|Evasion Abilities Clause: Evasion abilities are banned\n|rule|Evasion Items Clause: Evasion items are banned\n|rule|Evasion Moves Clause: Evasion moves are banned\n|rule|Species Clause: Limit one of each Pok\u00e9mon\n|rule|Sleep Clause Mod: Limit one foe put to sleep\n|clearpoke\n|poke|p1|Great Tusk|\n|poke|p1|Kyurem|\n|poke|p1|Ceruledge, M|\n|poke|p1|Tapu Lele|\n|poke|p1|Garganacl, F|\n|poke|p1|Ferrothorn, F|\n|poke|p2|Ogerpon-Wellspring, F|\n|poke|p2|Corviknight, M|\n|poke|p2|Garchomp, F|\n|poke|p2|Lokix, M|\n|poke|p2|Darmanitan, M|\n|poke|p2|Charizard, M|\n|teampreview\n|\n|t:|1701139349\n|start\n|switch|p1a: Kyurem|Kyurem|100\/100\n|switch|p2a: Charizard|Charizard, M|100\/100\n|-ability|p1a: Kyurem|Pressure\n|turn|1\n|\n|t:|1701139361\n|detailschange|p2a: Charizard|Charizard-Mega-Y, M\n|-mega|p2a: Charizard|Charizard|Charizardite Y\n|-weather|SunnyDay|[from] ability: Drought|[of] p2a: Charizard\n|move|p2a: Charizard|Solar Beam||[still]\n|-prepare|p2a: Charizard|Solar Beam\n|-anim|p2a: Charizard|Solar Beam|p1a: Kyurem\n|-resisted|p1a: Kyurem\n|-damage|p1a: Kyurem|78\/100\n|move|p1a: Kyurem|Freeze-Dry|p2a: Charizard\n|-damage|p2a: Charizard|63\/100\n|\n|-weather|SunnyDay|[upkeep]\n|upkeep\n|turn|2\n|inactive|Battle timer is ON: inactive players will automatically lose when time's up. (requested by wastedogg)\n|\n|t:|1701139417\n|switch|p1a: Tapu Lele|Tapu Lele|100\/100\n|-fieldstart|move: Psychic Terrain|[from] ability: Psychic Surge|[of] p1a: Tapu Lele\n|move|p2a: Charizard|Solar Beam||[still]\n|-prepare|p2a: Charizard|Solar Beam\n|-anim|p2a: Charizard|Solar Beam|p1a: Tapu Lele\n|-damage|p1a: Tapu Lele|51\/100\n|\n|-weather|SunnyDay|[upkeep]\n|upkeep\n|turn|3\n|\n|t:|1701139426\n|switch|p2a: Lokix|Lokix, M|100\/100\n|move|p1a: Tapu Lele|Moonblast|p2a: Lokix\n|-supereffective|p2a: Lokix\n|-damage|p2a: Lokix|0 fnt\n|faint|p2a: Lokix\n|\n|-weather|SunnyDay|[upkeep]\n|upkeep\n|\n|t:|1701139432\n|switch|p2a: Darmanitan|Darmanitan, M|100\/100\n|turn|4\n|\n|t:|1701139438\n|switch|p1a: Great Tusk|Great Tusk|100\/100\n|-activate|p1a: Great Tusk|ability: Protosynthesis\n|-start|p1a: Great Tusk|protosynthesisspe\n|move|p2a: Darmanitan|U-turn|p1a: Great Tusk\n|-resisted|p1a: Great Tusk\n|-damage|p1a: Great Tusk|92\/100\n|inactive|wastedogg has 120 seconds left.\n|\n|t:|1701139484\n|switch|p2a: Charizard|Charizard-Mega-Y, M|63\/100|[from] U-turn\n|\n|-weather|SunnyDay|[upkeep]\n|upkeep\n|turn|5\n|\n|t:|1701139491\n|-zpower|p1a: Great Tusk\n|move|p1a: Great Tusk|Subzero Slammer|p2a: Charizard|[zeffect]\n|-damage|p2a: Charizard|0 fnt\n|faint|p2a: Charizard\n|\n|-weather|none\n|-end|p1a: Great Tusk|Protosynthesis\n|upkeep\n|\n|t:|1701139503\n|switch|p2a: Ogerpon|Ogerpon-Wellspring, F|100\/100\n|turn|6\n|\n|t:|1701139511\n|switch|p2a: Darmanitan|Darmanitan, M|100\/100\n|move|p1a: Great Tusk|Close Combat|p2a: Darmanitan\n|-damage|p2a: Darmanitan|14\/100\n|-unboost|p1a: Great Tusk|def|1\n|-unboost|p1a: Great Tusk|spd|1\n|\n|-fieldend|move: Psychic Terrain\n|upkeep\n|turn|7\n|inactive|wastedogg has 120 seconds left.\n|\n|t:|1701139522\n|-end|p1a: Great Tusk|Protosynthesis|[silent]\n|switch|p1a: Ceruledge|Ceruledge, M|100\/100\n|move|p2a: Darmanitan|Flare Blitz|p1a: Ceruledge\n|-resisted|p1a: Ceruledge\n|-damage|p1a: Ceruledge|39\/100\n|-ability|p1a: Ceruledge|Weak Armor|boost\n|-unboost|p1a: Ceruledge|def|1\n|-boost|p1a: Ceruledge|spe|2\n|-damage|p2a: Darmanitan|0 fnt|[from] Recoil\n|faint|p2a: Darmanitan\n|\n|upkeep\n|inactive|wastedogg has 120 seconds left.\n|\n|t:|1701139530\n|switch|p2a: Garchomp|Garchomp, F|100\/100\n|turn|8\n|\n|t:|1701139543\n|move|p1a: Ceruledge|Poltergeist|p2a: Garchomp\n|-activate|p2a: Garchomp|move: Poltergeist|Leftovers\n|-damage|p2a: Garchomp|47\/100\n|move|p2a: Garchomp|Scale Shot|p1a: Ceruledge\n|-damage|p1a: Ceruledge|13\/100\n|-ability|p1a: Ceruledge|Weak Armor|boost\n|-unboost|p1a: Ceruledge|def|1\n|-boost|p1a: Ceruledge|spe|2\n|-damage|p1a: Ceruledge|0 fnt\n|faint|p1a: Ceruledge\n|-hitcount|p1: Ceruledge|2\n|-unboost|p2a: Garchomp|def|1\n|-boost|p2a: Garchomp|spe|1\n|\n|-heal|p2a: Garchomp|53\/100|[from] item: Leftovers\n|upkeep\n|\n|t:|1701139551\n|switch|p1a: Garganacl|Garganacl, F|100\/100\n|turn|9\n|\n|t:|1701139556\n|switch|p2a: Corviknight|Corviknight, M|100\/100\n|-ability|p2a: Corviknight|Pressure\n|-terastallize|p1a: Garganacl|Water\n|move|p1a: Garganacl|Iron Defense|p1a: Garganacl\n|-boost|p1a: Garganacl|def|2\n|\n|upkeep\n|turn|10\n|\n|t:|1701139570\n|move|p2a: Corviknight|Iron Defense|p2a: Corviknight\n|-boost|p2a: Corviknight|def|2\n|move|p1a: Garganacl|Salt Cure|p2a: Corviknight\n|-damage|p2a: Corviknight|94\/100\n|\n|upkeep\n|turn|11\n|\n|t:|1701139577\n|switch|p2a: Ogerpon|Ogerpon-Wellspring, F|100\/100\n|move|p1a: Garganacl|Body Press|p2a: Ogerpon\n|-damage|p2a: Ogerpon|38\/100\n|\n|upkeep\n|turn|12\n|\n|t:|1701139585\n|move|p2a: Ogerpon|Horn Leech|p1a: Garganacl\n|-supereffective|p1a: Garganacl\n|-damage|p1a: Garganacl|71\/100\n|-heal|p2a: Ogerpon|58\/100|[from] drain|[of] p1a: Garganacl\n|move|p1a: Garganacl|Body Press|p2a: Ogerpon\n|-damage|p2a: Ogerpon|0 fnt\n|faint|p2a: Ogerpon\n|\n|-heal|p1a: Garganacl|77\/100|[from] item: Leftovers\n|upkeep\n|-message|wastedogg forfeited.\n|\n|win|Sprocket0835\n|raw|Sprocket0835's rating: 1487 &rarr; <strong>1513<\/strong><br \/>(+26 for winning)\n|raw|wastedogg's rating: 1599 &rarr; <strong>1573<\/strong><br \/>(-26 for losing)\n|l|\u2606wastedogg\n","uploadtime":1701139602,"views":2,"p1id":"sprocket0835","p2id":"wastedogg","formatid":"gen9nationaldex","rating":1513,"private":0,"password":""}