{"id":"gen9nationaldex-1989599359","p1":"Sr.Mamas","p2":"R3-N4RD","format":"[Gen 9] National Dex","log":"|j|\u2606Sr.Mamas\n|j|\u2606R3-N4RD\n|t:|1699877051\n|gametype|singles\n|player|p1|Sr.Mamas|gentleman|1113\n|player|p2|R3-N4RD|ghetsis-gen5bw|1244\n|teamsize|p1|6\n|teamsize|p2|6\n|gen|9\n|tier|[Gen 9] National Dex\n|rated|\n|rule|HP Percentage Mod: HP is shown in percentages\n|rule|Endless Battle Clause: Forcing endless battles is banned\n|rule|OHKO Clause: OHKO moves are banned\n|rule|Evasion Clause: Evasion abilities, items, and moves are banned\n|rule|Evasion Abilities Clause: Evasion abilities are banned\n|rule|Evasion Items Clause: Evasion items are banned\n|rule|Evasion Moves Clause: Evasion moves are banned\n|rule|Species Clause: Limit one of each Pok\u00e9mon\n|rule|Sleep Clause Mod: Limit one foe put to sleep\n|clearpoke\n|poke|p1|Charizard, F|\n|poke|p1|Corviknight, F|\n|poke|p1|Toxapex, M|\n|poke|p1|Gardevoir, F|\n|poke|p1|Tyranitar, F|\n|poke|p1|Excadrill, F|\n|poke|p2|Sandy Shocks|\n|poke|p2|Sableye, F|\n|poke|p2|Donphan, M|\n|poke|p2|Arcanine, M|\n|poke|p2|Persian-Alola, F|\n|poke|p2|Slurpuff, F|\n|teampreview\n|inactive|Battle timer is ON: inactive players will automatically lose when time's up. (requested by Sr.Mamas)\n|inactive|R3-N4RD has 120 seconds left.\n|inactive|R3-N4RD has 90 seconds left.\n|\n|t:|1699877163\n|start\n|switch|p1a: Gardevoir|Gardevoir, F|100\/100\n|switch|p2a: Persian-obscur|Persian-Alola, F|100\/100\n|-ability|p1a: Gardevoir|Fur Coat|[from] ability: Trace|[of] p2a: Persian-obscur\n|turn|1\n|\n|t:|1699877177\n|move|p2a: Persian-obscur|Parting Shot|p1a: Gardevoir\n|-unboost|p1a: Gardevoir|atk|1\n|-unboost|p1a: Gardevoir|spa|1\n|\n|t:|1699877182\n|switch|p2a: 3 eyes|Sandy Shocks|100\/100|[from] Parting Shot\n|move|p1a: Gardevoir|Moonblast|p2a: 3 eyes\n|-damage|p2a: 3 eyes|66\/100\n|\n|upkeep\n|turn|2\n|\n|t:|1699877195\n|switch|p1a: Excadrill|Excadrill, F, shiny|100\/100\n|move|p2a: 3 eyes|Thunderbolt|p1a: Excadrill\n|-immune|p1a: Excadrill\n|\n|upkeep\n|turn|3\n|\n|t:|1699877203\n|-end|p2a: 3 eyes|Protosynthesis|[silent]\n|switch|p2a: legend|Arcanine, M|100\/100\n|-ability|p2a: legend|Intimidate|boost\n|-unboost|p1a: Excadrill|atk|1\n|switch|p1a: Tyranitar|Tyranitar, F|100\/100\n|-weather|Sandstorm|[from] ability: Sand Stream|[of] p1a: Tyranitar\n|\n|-weather|Sandstorm|[upkeep]\n|-damage|p2a: legend|94\/100|[from] Sandstorm\n|upkeep\n|turn|4\n|\n|t:|1699877214\n|move|p2a: legend|Will-O-Wisp|p1a: Tyranitar\n|-status|p1a: Tyranitar|brn\n|move|p1a: Tyranitar|Stealth Rock|p2a: legend\n|-sidestart|p2: R3-N4RD|move: Stealth Rock\n|\n|-weather|Sandstorm|[upkeep]\n|-damage|p2a: legend|88\/100|[from] Sandstorm\n|-damage|p1a: Tyranitar|94\/100 brn|[from] brn\n|upkeep\n|turn|5\n|\n|t:|1699877224\n|move|p1a: Tyranitar|Thunder Wave|p2a: legend\n|-status|p2a: legend|par\n|cant|p2a: legend|par\n|\n|-weather|Sandstorm|[upkeep]\n|-damage|p2a: legend|82\/100 par|[from] Sandstorm\n|-heal|p1a: Tyranitar|100\/100 brn|[from] item: Leftovers\n|-damage|p1a: Tyranitar|94\/100 brn|[from] brn\n|upkeep\n|turn|6\n|\n|t:|1699877230\n|switch|p1a: Excadrill|Excadrill, F, shiny|100\/100\n|cant|p2a: legend|par\n|\n|-weather|Sandstorm|[upkeep]\n|-damage|p2a: legend|75\/100 par|[from] Sandstorm\n|upkeep\n|turn|7\n|\n|t:|1699877237\n|move|p1a: Excadrill|Earthquake|p2a: legend\n|-supereffective|p2a: legend\n|-damage|p2a: legend|0 fnt\n|faint|p2a: legend\n|\n|-weather|none\n|upkeep\n|\n|t:|1699877249\n|switch|p2a: Donphan le sang|Donphan, M|100\/100\n|-damage|p2a: Donphan le sang|94\/100|[from] Stealth Rock\n|turn|8\n|\n|t:|1699877261\n|switch|p1a: Toxapex|Toxapex, M|100\/100\n|move|p2a: Donphan le sang|Rapid Spin|p1a: Toxapex\n|-damage|p1a: Toxapex|93\/100\n|-boost|p2a: Donphan le sang|spe|1\n|-sideend|p2: R3-N4RD|Stealth Rock|[from] move: Rapid Spin|[of] p2a: Donphan le sang\n|\n|-heal|p1a: Toxapex|99\/100|[from] item: Black Sludge\n|upkeep\n|turn|9\n|\n|t:|1699877268\n|move|p2a: Donphan le sang|Stealth Rock|p1a: Toxapex\n|-sidestart|p1: Sr.Mamas|move: Stealth Rock\n|move|p1a: Toxapex|Scald|p2a: Donphan le sang\n|-supereffective|p2a: Donphan le sang\n|-damage|p2a: Donphan le sang|53\/100\n|-enditem|p2a: Donphan le sang|Red Card|[of] p1a: Toxapex\n|drag|p1a: Charizard|Charizard, F|100\/100\n|-damage|p1a: Charizard|50\/100|[from] Stealth Rock\n|\n|upkeep\n|turn|10\n|\n|t:|1699877288\n|detailschange|p1a: Charizard|Charizard-Mega-X, F\n|-mega|p1a: Charizard|Charizard|Charizardite X\n|move|p1a: Charizard|Roost|p1a: Charizard\n|-heal|p1a: Charizard|100\/100\n|-singleturn|p1a: Charizard|move: Roost\n|move|p2a: Donphan le sang|Rapid Spin|p1a: Charizard\n|-damage|p1a: Charizard|87\/100\n|-boost|p2a: Donphan le sang|spe|1\n|\n|upkeep\n|turn|11\n|\n|t:|1699877306\n|move|p1a: Charizard|Dragon Dance|p1a: Charizard\n|-boost|p1a: Charizard|atk|1\n|-boost|p1a: Charizard|spe|1\n|move|p2a: Donphan le sang|Endeavor|p1a: Charizard\n|-damage|p1a: Charizard|68\/100\n|\n|upkeep\n|turn|12\n|\n|t:|1699877315\n|move|p1a: Charizard|Dragon Claw|p2a: Donphan le sang\n|-damage|p2a: Donphan le sang|10\/100\n|move|p2a: Donphan le sang|Endeavor|p1a: Charizard\n|-damage|p1a: Charizard|13\/100\n|\n|upkeep\n|turn|13\n|\n|t:|1699877322\n|move|p2a: Donphan le sang|Ice Shard|p1a: Charizard\n|-damage|p1a: Charizard|1\/100\n|move|p1a: Charizard|Roost|p1a: Charizard\n|-heal|p1a: Charizard|51\/100\n|-singleturn|p1a: Charizard|move: Roost\n|\n|upkeep\n|turn|14\n|\n|t:|1699877330\n|move|p1a: Charizard|Dragon Claw|p2a: Donphan le sang\n|-damage|p2a: Donphan le sang|0 fnt\n|faint|p2a: Donphan le sang\n|\n|upkeep\n|\n|t:|1699877338\n|switch|p2a: Persian-obscur|Persian-Alola, F|100\/100\n|turn|15\n|\n|t:|1699877343\n|move|p2a: Persian-obscur|Foul Play|p1a: Charizard\n|-damage|p1a: Charizard|0 fnt\n|faint|p1a: Charizard\n|\n|upkeep\n|\n|t:|1699877353\n|switch|p1a: Tyranitar|Tyranitar, F|94\/100 brn\n|-damage|p1a: Tyranitar|82\/100 brn|[from] Stealth Rock\n|-weather|Sandstorm|[from] ability: Sand Stream|[of] p1a: Tyranitar\n|turn|16\n|\n|t:|1699877370\n|switch|p2a: Sableye-shiny|Sableye, F, shiny|100\/100\n|move|p1a: Tyranitar|Thunder Wave|p2a: Sableye-shiny\n|-status|p2a: Sableye-shiny|par\n|\n|-weather|Sandstorm|[upkeep]\n|-damage|p2a: Sableye-shiny|95\/100 par|[from] Sandstorm\n|-heal|p1a: Tyranitar|88\/100 brn|[from] item: Leftovers\n|-heal|p2a: Sableye-shiny|100\/100 par|[from] item: Leftovers\n|-damage|p1a: Tyranitar|82\/100 brn|[from] brn\n|upkeep\n|turn|17\n|\n|t:|1699877381\n|move|p2a: Sableye-shiny|Encore|p1a: Tyranitar\n|-hint|Since gen 7, Dark is immune to Prankster moves.\n|-immune|p1a: Tyranitar\n|move|p1a: Tyranitar|Stealth Rock|p2a: Sableye-shiny\n|-sidestart|p2: R3-N4RD|move: Stealth Rock\n|\n|-weather|Sandstorm|[upkeep]\n|-damage|p2a: Sableye-shiny|95\/100 par|[from] Sandstorm\n|-heal|p1a: Tyranitar|88\/100 brn|[from] item: Leftovers\n|-heal|p2a: Sableye-shiny|100\/100 par|[from] item: Leftovers\n|-damage|p1a: Tyranitar|82\/100 brn|[from] brn\n|upkeep\n|turn|18\n|\n|t:|1699877388\n|move|p1a: Tyranitar|Rock Blast|p2a: Sableye-shiny\n|-damage|p2a: Sableye-shiny|93\/100 par\n|-damage|p2a: Sableye-shiny|85\/100 par\n|-damage|p2a: Sableye-shiny|77\/100 par\n|-crit|p2a: Sableye-shiny\n|-damage|p2a: Sableye-shiny|65\/100 par\n|-hitcount|p2a: Sableye-shiny|4\n|move|p2a: Sableye-shiny|Foul Play|p1a: Tyranitar\n|-resisted|p1a: Tyranitar\n|-damage|p1a: Tyranitar|66\/100 brn\n|\n|-weather|Sandstorm|[upkeep]\n|-damage|p2a: Sableye-shiny|59\/100 par|[from] Sandstorm\n|-heal|p1a: Tyranitar|73\/100 brn|[from] item: Leftovers\n|-heal|p2a: Sableye-shiny|65\/100 par|[from] item: Leftovers\n|-damage|p1a: Tyranitar|66\/100 brn|[from] brn\n|upkeep\n|turn|19\n|\n|t:|1699877397\n|move|p1a: Tyranitar|Rock Blast|p2a: Sableye-shiny\n|-damage|p2a: Sableye-shiny|56\/100 par\n|-damage|p2a: Sableye-shiny|49\/100 par\n|-damage|p2a: Sableye-shiny|41\/100 par\n|-damage|p2a: Sableye-shiny|34\/100 par\n|-damage|p2a: Sableye-shiny|26\/100 par\n|-hitcount|p2a: Sableye-shiny|5\n|move|p2a: Sableye-shiny|Foul Play|p1a: Tyranitar\n|-resisted|p1a: Tyranitar\n|-damage|p1a: Tyranitar|50\/100 brn\n|\n|-weather|Sandstorm|[upkeep]\n|-damage|p2a: Sableye-shiny|20\/100 par|[from] Sandstorm\n|-heal|p1a: Tyranitar|56\/100 brn|[from] item: Leftovers\n|-heal|p2a: Sableye-shiny|26\/100 par|[from] item: Leftovers\n|-damage|p1a: Tyranitar|50\/100 brn|[from] brn\n|upkeep\n|turn|20\n|\n|t:|1699877406\n|move|p2a: Sableye-shiny|Recover|p2a: Sableye-shiny\n|-heal|p2a: Sableye-shiny|76\/100 par\n|move|p1a: Tyranitar|Rock Blast|p2a: Sableye-shiny\n|-damage|p2a: Sableye-shiny|68\/100 par\n|-damage|p2a: Sableye-shiny|60\/100 par\n|-damage|p2a: Sableye-shiny|52\/100 par\n|-damage|p2a: Sableye-shiny|45\/100 par\n|-hitcount|p2a: Sableye-shiny|4\n|\n|-weather|none\n|-heal|p1a: Tyranitar|56\/100 brn|[from] item: Leftovers\n|-heal|p2a: Sableye-shiny|51\/100 par|[from] item: Leftovers\n|-damage|p1a: Tyranitar|50\/100 brn|[from] brn\n|upkeep\n|turn|21\n|\n|t:|1699877420\n|switch|p1a: Corviknight|Corviknight, F|100\/100\n|-damage|p1a: Corviknight|88\/100|[from] Stealth Rock\n|move|p2a: Sableye-shiny|Recover|p2a: Sableye-shiny\n|-heal|p2a: Sableye-shiny|100\/100 par\n|\n|-heal|p1a: Corviknight|94\/100|[from] item: Leftovers\n|upkeep\n|turn|22\n|\n|t:|1699877430\n|cant|p2a: Sableye-shiny|par\n|move|p1a: Corviknight|U-turn|p2a: Sableye-shiny\n|-damage|p2a: Sableye-shiny|80\/100 par\n|\n|t:|1699877435\n|switch|p1a: Tyranitar|Tyranitar, F|50\/100 brn|[from] U-turn\n|-damage|p1a: Tyranitar|38\/100 brn|[from] Stealth Rock\n|-weather|Sandstorm|[from] ability: Sand Stream|[of] p1a: Tyranitar\n|\n|-weather|Sandstorm|[upkeep]\n|-damage|p2a: Sableye-shiny|74\/100 par|[from] Sandstorm\n|-heal|p1a: Tyranitar|44\/100 brn|[from] item: Leftovers\n|-heal|p2a: Sableye-shiny|80\/100 par|[from] item: Leftovers\n|-damage|p1a: Tyranitar|38\/100 brn|[from] brn\n|upkeep\n|turn|23\n|\n|t:|1699877438\n|switch|p1a: Excadrill|Excadrill, F, shiny|100\/100\n|-damage|p1a: Excadrill|97\/100|[from] Stealth Rock\n|move|p2a: Sableye-shiny|Foul Play|p1a: Excadrill\n|-damage|p1a: Excadrill|23\/100\n|\n|-weather|Sandstorm|[upkeep]\n|-damage|p2a: Sableye-shiny|74\/100 par|[from] Sandstorm\n|-heal|p2a: Sableye-shiny|80\/100 par|[from] item: Leftovers\n|upkeep\n|turn|24\n|\n|t:|1699877447\n|move|p1a: Excadrill|Earthquake|p2a: Sableye-shiny\n|-damage|p2a: Sableye-shiny|0 fnt\n|faint|p2a: Sableye-shiny\n|\n|-weather|Sandstorm|[upkeep]\n|upkeep\n|\n|t:|1699877458\n|switch|p2a: Persian-obscur|Persian-Alola, F|100\/100\n|-damage|p2a: Persian-obscur|88\/100|[from] Stealth Rock\n|turn|25\n|\n|t:|1699877471\n|switch|p1a: Toxapex|Toxapex, M|100\/100\n|-damage|p1a: Toxapex|88\/100|[from] Stealth Rock\n|move|p2a: Persian-obscur|Foul Play|p1a: Toxapex\n|-damage|p1a: Toxapex|78\/100\n|\n|-weather|Sandstorm|[upkeep]\n|-damage|p2a: Persian-obscur|82\/100|[from] Sandstorm\n|-damage|p1a: Toxapex|72\/100|[from] Sandstorm\n|-heal|p1a: Toxapex|78\/100|[from] item: Black Sludge\n|upkeep\n|turn|26\n|\n|t:|1699877478\n|switch|p2a: Slurpuff 2|Slurpuff, F|100\/100\n|-damage|p2a: Slurpuff 2|88\/100|[from] Stealth Rock\n|move|p1a: Toxapex|Toxic Spikes|p2a: Slurpuff 2\n|-sidestart|p2: R3-N4RD|move: Toxic Spikes\n|\n|-weather|none\n|-heal|p1a: Toxapex|84\/100|[from] item: Black Sludge\n|upkeep\n|turn|27\n|\n|t:|1699877484\n|move|p2a: Slurpuff 2|Belly Drum|p2a: Slurpuff 2\n|-damage|p2a: Slurpuff 2|38\/100\n|-setboost|p2a: Slurpuff 2|atk|6|[from] move: Belly Drum\n|-enditem|p2a: Slurpuff 2|Sitrus Berry|[eat]\n|-heal|p2a: Slurpuff 2|63\/100|[from] item: Sitrus Berry\n|move|p1a: Toxapex|Haze|p1a: Toxapex\n|-clearallboost\n|\n|-heal|p1a: Toxapex|91\/100|[from] item: Black Sludge\n|upkeep\n|turn|28\n|\n|t:|1699877495\n|move|p2a: Slurpuff 2|Belly Drum|p2a: Slurpuff 2\n|-damage|p2a: Slurpuff 2|13\/100\n|-setboost|p2a: Slurpuff 2|atk|6|[from] move: Belly Drum\n|move|p1a: Toxapex|Haze|p1a: Toxapex\n|-clearallboost\n|\n|-heal|p1a: Toxapex|97\/100|[from] item: Black Sludge\n|upkeep\n|turn|29\n|\n|t:|1699877505\n|move|p2a: Slurpuff 2|Return|p1a: Toxapex\n|-damage|p1a: Toxapex|81\/100\n|move|p1a: Toxapex|Scald|p2a: Slurpuff 2\n|-damage|p2a: Slurpuff 2|0 fnt\n|faint|p2a: Slurpuff 2\n|\n|-heal|p1a: Toxapex|87\/100|[from] item: Black Sludge\n|upkeep\n|\n|t:|1699877508\n|switch|p2a: 3 eyes|Sandy Shocks|66\/100\n|-damage|p2a: 3 eyes|60\/100|[from] Stealth Rock\n|-status|p2a: 3 eyes|psn\n|turn|30\n|c|\u2606Sr.Mamas|xd\n|c|\u2606R3-N4RD|x)\n|\n|t:|1699877520\n|switch|p1a: Tyranitar|Tyranitar, F|38\/100 brn\n|-damage|p1a: Tyranitar|25\/100 brn|[from] Stealth Rock\n|-weather|Sandstorm|[from] ability: Sand Stream|[of] p1a: Tyranitar\n|move|p2a: 3 eyes|Thunderbolt|p1a: Tyranitar\n|-damage|p1a: Tyranitar|0 fnt\n|faint|p1a: Tyranitar\n|-damage|p2a: 3 eyes|50\/100 psn|[from] item: Life Orb\n|\n|-weather|Sandstorm|[upkeep]\n|-damage|p2a: 3 eyes|37\/100 psn|[from] psn\n|upkeep\n|\n|t:|1699877529\n|switch|p1a: Excadrill|Excadrill, F, shiny|23\/100\n|-damage|p1a: Excadrill|20\/100|[from] Stealth Rock\n|turn|31\n|\n|t:|1699877534\n|-end|p2a: 3 eyes|Protosynthesis|[silent]\n|switch|p2a: Persian-obscur|Persian-Alola, F|82\/100\n|-damage|p2a: Persian-obscur|70\/100|[from] Stealth Rock\n|-status|p2a: Persian-obscur|psn\n|move|p1a: Excadrill|Earthquake|p2a: Persian-obscur\n|-damage|p2a: Persian-obscur|35\/100 psn\n|\n|-weather|Sandstorm|[upkeep]\n|-damage|p2a: Persian-obscur|29\/100 psn|[from] Sandstorm\n|-damage|p2a: Persian-obscur|16\/100 psn|[from] psn\n|upkeep\n|turn|32\n|\n|t:|1699877544\n|switch|p1a: Toxapex|Toxapex, M|100\/100\n|-damage|p1a: Toxapex|88\/100|[from] Stealth Rock\n|move|p2a: Persian-obscur|Switcheroo|p1a: Toxapex\n|-activate|p2a: Persian-obscur|move: Trick|[of] p1a: Toxapex\n|-item|p1a: Toxapex|Choice Scarf|[from] move: Switcheroo\n|-item|p2a: Persian-obscur|Black Sludge|[from] move: Switcheroo\n|\n|-weather|Sandstorm|[upkeep]\n|-damage|p2a: Persian-obscur|10\/100 psn|[from] Sandstorm\n|-damage|p1a: Toxapex|82\/100|[from] Sandstorm\n|-damage|p2a: Persian-obscur|0 fnt|[from] item: Black Sludge\n|faint|p2a: Persian-obscur\n|upkeep\n|\n|t:|1699877552\n|switch|p2a: 3 eyes|Sandy Shocks|37\/100 psn\n|-damage|p2a: 3 eyes|31\/100 psn|[from] Stealth Rock\n|turn|33\n|\n|t:|1699877558\n|move|p2a: 3 eyes|Thunderbolt|p1a: Toxapex\n|-supereffective|p1a: Toxapex\n|-damage|p1a: Toxapex|0 fnt\n|faint|p1a: Toxapex\n|-damage|p2a: 3 eyes|21\/100 psn|[from] item: Life Orb\n|\n|-weather|Sandstorm|[upkeep]\n|-damage|p2a: 3 eyes|9\/100 psn|[from] psn\n|upkeep\n|\n|t:|1699877561\n|switch|p1a: Excadrill|Excadrill, F, shiny|20\/100\n|-damage|p1a: Excadrill|17\/100|[from] Stealth Rock\n|turn|34\n|c|\u2606Sr.Mamas|gg\n|\n|t:|1699877567\n|move|p1a: Excadrill|Earthquake|p2a: 3 eyes\n|-supereffective|p2a: 3 eyes\n|-damage|p2a: 3 eyes|0 fnt\n|faint|p2a: 3 eyes\n|-end|p2a: 3 eyes|Protosynthesis|[silent]\n|\n|win|Sr.Mamas\n|raw|Sr.Mamas's rating: 1113 &rarr; <strong>1147<\/strong><br \/>(+34 for winning)\n|raw|R3-N4RD's rating: 1244 &rarr; <strong>1210<\/strong><br \/>(-34 for losing)\n|c|\u2606R3-N4RD|gg\n|l|\u2606R3-N4RD\n|l|\u2606Sr.Mamas\n|j|\u2606Sr.Mamas\n|player|p1|Sr.Mamas|gentleman\n","uploadtime":1699878016,"views":5,"p1id":"srmamas","p2id":"r3n4rd","formatid":"gen9nationaldex","rating":1147,"private":0,"password":""}