{"id":"gen9nationaldex-1993951827","p1":"Vedasa","p2":"UMR43000","format":"[Gen 9] National Dex","log":"|j|\u2606Vedasa\n|j|\u2606UMR43000\n|t:|1700381573\n|gametype|singles\n|player|p1|Vedasa|blue|1323\n|player|p2|UMR43000|akari|1469\n|teamsize|p1|6\n|teamsize|p2|6\n|gen|9\n|tier|[Gen 9] National Dex\n|rated|\n|rule|HP Percentage Mod: HP is shown in percentages\n|rule|Endless Battle Clause: Forcing endless battles is banned\n|rule|OHKO Clause: OHKO moves are banned\n|rule|Evasion Clause: Evasion abilities, items, and moves are banned\n|rule|Evasion Abilities Clause: Evasion abilities are banned\n|rule|Evasion Items Clause: Evasion items are banned\n|rule|Evasion Moves Clause: Evasion moves are banned\n|rule|Species Clause: Limit one of each Pok\u00e9mon\n|rule|Sleep Clause Mod: Limit one foe put to sleep\n|clearpoke\n|poke|p1|Aerodactyl, M|\n|poke|p1|Machamp, M|\n|poke|p1|Alakazam, M|\n|poke|p1|Exeggutor, M|\n|poke|p1|Arcanine, M|\n|poke|p1|Gyarados, M|\n|poke|p2|Jirachi|\n|poke|p2|Victini|\n|poke|p2|Meloetta|\n|poke|p2|Mew|\n|poke|p2|Celebi|\n|poke|p2|Hoopa|\n|teampreview\n|\n|t:|1700381589\n|start\n|switch|p1a: Arcanine|Arcanine, M|100\/100\n|switch|p2a: \u521b\u9020\u80dc\u5229|Victini|100\/100\n|-ability|p1a: Arcanine|Intimidate|boost\n|-unboost|p2a: \u521b\u9020\u80dc\u5229|atk|1\n|turn|1\n|\n|t:|1700381596\n|switch|p1a: Gyarados|Gyarados, M|100\/100\n|-ability|p1a: Gyarados|Intimidate|boost\n|-unboost|p2a: \u521b\u9020\u80dc\u5229|atk|1\n|move|p2a: \u521b\u9020\u80dc\u5229|U-turn|p1a: Gyarados\n|-resisted|p1a: Gyarados\n|-damage|p1a: Gyarados|95\/100\n|\n|t:|1700381614\n|switch|p2a: \u65cb\u5f8b\u4e0e\u6f14\u594f|Meloetta|100\/100|[from] U-turn\n|\n|upkeep\n|turn|2\n|\n|t:|1700381620\n|detailschange|p1a: Gyarados|Gyarados-Mega, M\n|-mega|p1a: Gyarados|Gyarados|Gyaradosite\n|-ability|p1a: Gyarados|Mold Breaker\n|move|p1a: Gyarados|Dragon Dance|p1a: Gyarados\n|-boost|p1a: Gyarados|atk|1\n|-boost|p1a: Gyarados|spe|1\n|move|p2a: \u65cb\u5f8b\u4e0e\u6f14\u594f|Relic Song|p1a: Gyarados\n|-damage|p1a: Gyarados|66\/100\n|-formechange|p2a: \u65cb\u5f8b\u4e0e\u6f14\u594f|Meloetta-Pirouette|[msg]\n|\n|upkeep\n|turn|3\n|\n|t:|1700381632\n|move|p1a: Gyarados|Waterfall|p2a: \u65cb\u5f8b\u4e0e\u6f14\u594f\n|-damage|p2a: \u65cb\u5f8b\u4e0e\u6f14\u594f|11\/100\n|cant|p2a: \u65cb\u5f8b\u4e0e\u6f14\u594f|flinch\n|\n|-heal|p2a: \u65cb\u5f8b\u4e0e\u6f14\u594f|17\/100|[from] item: Leftovers\n|upkeep\n|turn|4\n|\n|t:|1700381642\n|move|p1a: Gyarados|Waterfall|p2a: \u65cb\u5f8b\u4e0e\u6f14\u594f\n|-damage|p2a: \u65cb\u5f8b\u4e0e\u6f14\u594f|0 fnt\n|faint|p2a: \u65cb\u5f8b\u4e0e\u6f14\u594f\n|\n|upkeep\n|\n|t:|1700381651\n|switch|p2a: \u521b\u9020\u80dc\u5229|Victini|100\/100\n|turn|5\n|\n|t:|1700381656\n|move|p2a: \u521b\u9020\u80dc\u5229|Bolt Strike|p1a: Gyarados|[miss]\n|-miss|p2a: \u521b\u9020\u80dc\u5229|p1a: Gyarados\n|move|p1a: Gyarados|Waterfall|p2a: \u521b\u9020\u80dc\u5229\n|-supereffective|p2a: \u521b\u9020\u80dc\u5229\n|-damage|p2a: \u521b\u9020\u80dc\u5229|0 fnt\n|faint|p2a: \u521b\u9020\u80dc\u5229\n|\n|upkeep\n|\n|t:|1700381668\n|switch|p2a: \u7a7f\u68ad\u65f6\u7a7a\u7684\u76f8\u9047|Celebi|100\/100\n|turn|6\n|\n|t:|1700381686\n|-terastallize|p2a: \u7a7f\u68ad\u65f6\u7a7a\u7684\u76f8\u9047|Ground\n|move|p1a: Gyarados|Ice Fang|p2a: \u7a7f\u68ad\u65f6\u7a7a\u7684\u76f8\u9047\n|-supereffective|p2a: \u7a7f\u68ad\u65f6\u7a7a\u7684\u76f8\u9047\n|-damage|p2a: \u7a7f\u68ad\u65f6\u7a7a\u7684\u76f8\u9047|39\/100\n|-status|p2a: \u7a7f\u68ad\u65f6\u7a7a\u7684\u76f8\u9047|frz\n|-curestatus|p2a: \u7a7f\u68ad\u65f6\u7a7a\u7684\u76f8\u9047|frz|[msg]\n|move|p2a: \u7a7f\u68ad\u65f6\u7a7a\u7684\u76f8\u9047|Giga Drain|p1a: Gyarados\n|-supereffective|p1a: Gyarados\n|-damage|p1a: Gyarados|2\/100\n|-heal|p2a: \u7a7f\u68ad\u65f6\u7a7a\u7684\u76f8\u9047|66\/100|[from] drain|[of] p1a: Gyarados\n|\n|upkeep\n|turn|7\n|\n|t:|1700381702\n|move|p1a: Gyarados|Waterfall|p2a: \u7a7f\u68ad\u65f6\u7a7a\u7684\u76f8\u9047\n|-supereffective|p2a: \u7a7f\u68ad\u65f6\u7a7a\u7684\u76f8\u9047\n|-damage|p2a: \u7a7f\u68ad\u65f6\u7a7a\u7684\u76f8\u9047|0 fnt\n|faint|p2a: \u7a7f\u68ad\u65f6\u7a7a\u7684\u76f8\u9047\n|\n|upkeep\n|\n|t:|1700381710\n|switch|p2a: \u8d85\u840c\u7684\u5c0f\u9006\u88ad|Mew, shiny|100\/100\n|turn|8\n|inactive|Battle timer is ON: inactive players will automatically lose when time's up. (requested by UMR43000)\n|\n|t:|1700381718\n|move|p1a: Gyarados|Waterfall|p2a: \u8d85\u840c\u7684\u5c0f\u9006\u88ad\n|-damage|p2a: \u8d85\u840c\u7684\u5c0f\u9006\u88ad|45\/100\n|move|p2a: \u8d85\u840c\u7684\u5c0f\u9006\u88ad|Earth Power|p1a: Gyarados\n|-damage|p1a: Gyarados|0 fnt\n|faint|p1a: Gyarados\n|\n|upkeep\n|\n|t:|1700381732\n|switch|p1a: Alakazam|Alakazam, M|100\/100\n|turn|9\n|\n|t:|1700381737\n|move|p1a: Alakazam|Nasty Plot|p1a: Alakazam\n|-boost|p1a: Alakazam|spa|2\n|move|p2a: \u8d85\u840c\u7684\u5c0f\u9006\u88ad|Earth Power|p1a: Alakazam\n|-damage|p1a: Alakazam|58\/100\n|\n|upkeep\n|turn|10\n|\n|t:|1700381748\n|move|p1a: Alakazam|Shadow Ball|p2a: \u8d85\u840c\u7684\u5c0f\u9006\u88ad\n|-supereffective|p2a: \u8d85\u840c\u7684\u5c0f\u9006\u88ad\n|-damage|p2a: \u8d85\u840c\u7684\u5c0f\u9006\u88ad|0 fnt\n|faint|p2a: \u8d85\u840c\u7684\u5c0f\u9006\u88ad\n|\n|upkeep\n|\n|t:|1700381753\n|switch|p2a: \u4e03\u591c\u7684\u5c0f\u8bb8\u613f\u661f|Jirachi, shiny|100\/100\n|turn|11\n|\n|t:|1700381755\n|move|p1a: Alakazam|Shadow Ball|p2a: \u4e03\u591c\u7684\u5c0f\u8bb8\u613f\u661f\n|-supereffective|p2a: \u4e03\u591c\u7684\u5c0f\u8bb8\u613f\u661f\n|-damage|p2a: \u4e03\u591c\u7684\u5c0f\u8bb8\u613f\u661f|0 fnt\n|faint|p2a: \u4e03\u591c\u7684\u5c0f\u8bb8\u613f\u661f\n|\n|upkeep\n|\n|t:|1700381757\n|switch|p2a: \u5149\u8f6e\u7684\u5c0f\u9b54\u795e|Hoopa|100\/100\n|turn|12\n|\n|t:|1700381762\n|move|p1a: Alakazam|Shadow Ball|p2a: \u5149\u8f6e\u7684\u5c0f\u9b54\u795e\n|-supereffective|p2a: \u5149\u8f6e\u7684\u5c0f\u9b54\u795e\n|-crit|p2a: \u5149\u8f6e\u7684\u5c0f\u9b54\u795e\n|-damage|p2a: \u5149\u8f6e\u7684\u5c0f\u9b54\u795e|0 fnt\n|faint|p2a: \u5149\u8f6e\u7684\u5c0f\u9b54\u795e\n|\n|win|Vedasa\n|raw|Vedasa's rating: 1323 &rarr; <strong>1351<\/strong><br \/>(+28 for winning)\n|raw|UMR43000's rating: 1469 &rarr; <strong>1441<\/strong><br \/>(-28 for losing)\n|l|\u2606Vedasa\n","uploadtime":1700381768,"views":7,"p1id":"vedasa","p2id":"umr43000","formatid":"gen9nationaldex","rating":1351,"private":0,"password":""}