{"id":"gen9nationaldex-1989796013","p1":"Masorad","p2":"Tdcjeh","format":"[Gen 9] National Dex","log":"|j|\u2606Masorad\n|j|\u2606Tdcjeh\n|t:|1699896448\n|gametype|singles\n|player|p1|Masorad|hugh|1200\n|player|p2|Tdcjeh|266|1171\n|teamsize|p1|6\n|teamsize|p2|6\n|gen|9\n|tier|[Gen 9] National Dex\n|rated|\n|rule|HP Percentage Mod: HP is shown in percentages\n|rule|Endless Battle Clause: Forcing endless battles is banned\n|rule|OHKO Clause: OHKO moves are banned\n|rule|Evasion Clause: Evasion abilities, items, and moves are banned\n|rule|Evasion Abilities Clause: Evasion abilities are banned\n|rule|Evasion Items Clause: Evasion items are banned\n|rule|Evasion Moves Clause: Evasion moves are banned\n|rule|Species Clause: Limit one of each Pok\u00e9mon\n|rule|Sleep Clause Mod: Limit one foe put to sleep\n|clearpoke\n|poke|p1|Salazzle, F|\n|poke|p1|Sableye, F|\n|poke|p1|Garchomp, M|\n|poke|p1|Swellow, M|\n|poke|p1|Volcarona, F|\n|poke|p1|Registeel|\n|poke|p2|Blissey, F|\n|poke|p2|Corviknight, F|\n|poke|p2|Toxapex, F|\n|poke|p2|Ferrothorn, M|\n|poke|p2|Slowking-Galar, M|\n|poke|p2|Sableye, M|\n|teampreview\n|\n|t:|1699896454\n|start\n|switch|p1a: Greta|Salazzle, F|100\/100\n|switch|p2a: Sableye|Sableye, M|100\/100\n|turn|1\n|\n|t:|1699896473\n|detailschange|p2a: Sableye|Sableye-Mega, M\n|-mega|p2a: Sableye|Sableye|Sablenite\n|move|p1a: Greta|Flamethrower|p2a: Sableye\n|-damage|p2a: Sableye|72\/100\n|move|p2a: Sableye|Encore|p1a: Greta\n|-start|p1a: Greta|Encore\n|\n|upkeep\n|turn|2\n|\n|t:|1699896485\n|switch|p2a: Toxapex|Toxapex, F|100\/100\n|move|p1a: Greta|Flamethrower|p2a: Toxapex\n|-resisted|p2a: Toxapex\n|-damage|p2a: Toxapex|86\/100\n|\n|-heal|p2a: Toxapex|92\/100|[from] item: Black Sludge\n|upkeep\n|turn|3\n|\n|t:|1699896493\n|switch|p1a: 5ushi|Registeel|100\/100\n|move|p2a: Toxapex|Liquidation|p1a: 5ushi\n|-damage|p1a: 5ushi|81\/100\n|\n|-heal|p2a: Toxapex|98\/100|[from] item: Black Sludge\n|-heal|p1a: 5ushi|87\/100|[from] item: Leftovers\n|upkeep\n|turn|4\n|\n|t:|1699896501\n|switch|p2a: Corviknight|Corviknight, F|100\/100\n|move|p1a: 5ushi|Curse|p1a: 5ushi\n|-unboost|p1a: 5ushi|spe|1\n|-boost|p1a: 5ushi|atk|1\n|-boost|p1a: 5ushi|def|1\n|\n|-heal|p1a: 5ushi|93\/100|[from] item: Leftovers\n|upkeep\n|turn|5\n|\n|t:|1699896524\n|switch|p1a: Greta|Salazzle, F|100\/100\n|move|p2a: Corviknight|Bulk Up|p2a: Corviknight\n|-boost|p2a: Corviknight|atk|1\n|-boost|p2a: Corviknight|def|1\n|\n|upkeep\n|turn|6\n|\n|t:|1699896539\n|switch|p2a: Toxapex|Toxapex, F|100\/100\n|move|p1a: Greta|Flamethrower|p2a: Toxapex\n|-resisted|p2a: Toxapex\n|-damage|p2a: Toxapex|86\/100\n|\n|-heal|p2a: Toxapex|92\/100|[from] item: Black Sludge\n|upkeep\n|turn|7\n|\n|t:|1699896547\n|move|p1a: Greta|Toxic|p2a: Toxapex\n|-status|p2a: Toxapex|tox\n|move|p2a: Toxapex|Liquidation|p1a: Greta\n|-supereffective|p1a: Greta\n|-damage|p1a: Greta|7\/100\n|\n|-heal|p1a: Greta|13\/100|[from] item: Black Sludge\n|-heal|p2a: Toxapex|98\/100 tox|[from] item: Black Sludge\n|-damage|p2a: Toxapex|92\/100 tox|[from] psn\n|upkeep\n|turn|8\n|\n|t:|1699896556\n|move|p1a: Greta|Protect|p1a: Greta\n|-singleturn|p1a: Greta|Protect\n|move|p2a: Toxapex|Liquidation|p1a: Greta\n|-activate|p1a: Greta|move: Protect\n|\n|-heal|p1a: Greta|19\/100|[from] item: Black Sludge\n|-heal|p2a: Toxapex|98\/100 tox|[from] item: Black Sludge\n|-damage|p2a: Toxapex|86\/100 tox|[from] psn\n|upkeep\n|turn|9\n|\n|t:|1699896574\n|switch|p1a: Crabby|Sableye, F|100\/100\n|move|p2a: Toxapex|Liquidation|p1a: Crabby\n|-damage|p1a: Crabby|60\/100\n|-unboost|p1a: Crabby|def|1\n|\n|-heal|p1a: Crabby|66\/100|[from] item: Leftovers\n|-heal|p2a: Toxapex|92\/100 tox|[from] item: Black Sludge\n|-damage|p2a: Toxapex|73\/100 tox|[from] psn\n|upkeep\n|turn|10\n|\n|t:|1699896587\n|switch|p2a: Blissey|Blissey, F|100\/100\n|move|p1a: Crabby|Disable||[still]\n|-fail|p1a: Crabby\n|\n|-heal|p1a: Crabby|72\/100|[from] item: Leftovers\n|upkeep\n|turn|11\n|\n|t:|1699896594\n|switch|p1a: Greta|Salazzle, F|19\/100\n|move|p2a: Blissey|Aromatherapy|p2a: Blissey\n|-activate|p2a: Blissey|move: Aromatherapy\n|-curestatus|p2: Toxapex|tox|[msg]\n|\n|-heal|p1a: Greta|25\/100|[from] item: Black Sludge\n|upkeep\n|turn|12\n|\n|t:|1699896602\n|move|p1a: Greta|Flamethrower|p2a: Blissey\n|-damage|p2a: Blissey|89\/100\n|move|p2a: Blissey|Seismic Toss|p1a: Greta\n|-damage|p1a: Greta|0 fnt\n|faint|p1a: Greta\n|\n|-heal|p2a: Blissey|95\/100|[from] item: Leftovers\n|upkeep\n|\n|t:|1699896606\n|switch|p1a: Helgo|Swellow, M|100\/100\n|turn|13\n|\n|t:|1699896613\n|move|p1a: Helgo|U-turn|p2a: Blissey\n|-crit|p2a: Blissey\n|-damage|p2a: Blissey|71\/100\n|\n|t:|1699896617\n|switch|p1a: 5ushi|Registeel|93\/100|[from] U-turn\n|move|p2a: Blissey|Stealth Rock|p1a: 5ushi\n|-sidestart|p1: Masorad|move: Stealth Rock\n|\n|-heal|p2a: Blissey|77\/100|[from] item: Leftovers\n|-heal|p1a: 5ushi|99\/100|[from] item: Leftovers\n|upkeep\n|turn|14\n|\n|t:|1699896632\n|switch|p2a: Sableye|Sableye-Mega, M|72\/100\n|move|p1a: 5ushi|Curse|p1a: 5ushi\n|-unboost|p1a: 5ushi|spe|1\n|-boost|p1a: 5ushi|atk|1\n|-boost|p1a: 5ushi|def|1\n|\n|-heal|p1a: 5ushi|100\/100|[from] item: Leftovers\n|upkeep\n|turn|15\n|\n|t:|1699896640\n|move|p2a: Sableye|Will-O-Wisp|p1a: 5ushi\n|-status|p1a: 5ushi|brn\n|move|p1a: 5ushi|Curse|p1a: 5ushi\n|-unboost|p1a: 5ushi|spe|1\n|-boost|p1a: 5ushi|atk|1\n|-boost|p1a: 5ushi|def|1\n|\n|-damage|p1a: 5ushi|94\/100 brn|[from] brn\n|upkeep\n|turn|16\n|\n|t:|1699896658\n|switch|p2a: Blissey|Blissey, F|77\/100\n|move|p1a: 5ushi|Rest|p1a: 5ushi\n|-status|p1a: 5ushi|slp|[from] move: Rest\n|-heal|p1a: 5ushi|100\/100 slp|[silent]\n|\n|-heal|p2a: Blissey|83\/100|[from] item: Leftovers\n|upkeep\n|turn|17\n|\n|t:|1699896666\n|move|p2a: Blissey|Seismic Toss|p1a: 5ushi\n|-damage|p1a: 5ushi|73\/100 slp\n|cant|p1a: 5ushi|slp\n|move|p1a: 5ushi|Sleep Talk|p1a: 5ushi\n|move|p1a: 5ushi|Iron Head|p2a: Blissey|[from]move: Sleep Talk\n|-damage|p2a: Blissey|43\/100\n|\n|-heal|p2a: Blissey|49\/100|[from] item: Leftovers\n|-heal|p1a: 5ushi|79\/100 slp|[from] item: Leftovers\n|upkeep\n|turn|18\n|\n|t:|1699896675\n|move|p2a: Blissey|Seismic Toss|p1a: 5ushi\n|-damage|p1a: 5ushi|52\/100 slp\n|cant|p1a: 5ushi|slp\n|move|p1a: 5ushi|Sleep Talk|p1a: 5ushi\n|move|p1a: 5ushi|Rest||[from]move: Sleep Talk|[still]\n|-fail|p1a: 5ushi\n|\n|-heal|p2a: Blissey|55\/100|[from] item: Leftovers\n|-heal|p1a: 5ushi|58\/100 slp|[from] item: Leftovers\n|upkeep\n|turn|19\n|\n|t:|1699896685\n|move|p2a: Blissey|Seismic Toss|p1a: 5ushi\n|-damage|p1a: 5ushi|30\/100 slp\n|-curestatus|p1a: 5ushi|slp|[msg]\n|move|p1a: 5ushi|Iron Head|p2a: Blissey\n|-damage|p2a: Blissey|16\/100\n|\n|-heal|p2a: Blissey|22\/100|[from] item: Leftovers\n|-heal|p1a: 5ushi|36\/100|[from] item: Leftovers\n|upkeep\n|turn|20\n|\n|t:|1699896695\n|move|p2a: Blissey|Soft-Boiled|p2a: Blissey\n|-heal|p2a: Blissey|72\/100\n|move|p1a: 5ushi|Rest|p1a: 5ushi\n|-status|p1a: 5ushi|slp|[from] move: Rest\n|-heal|p1a: 5ushi|100\/100 slp|[silent]\n|\n|-heal|p2a: Blissey|78\/100|[from] item: Leftovers\n|upkeep\n|turn|21\n|\n|t:|1699896704\n|move|p2a: Blissey|Seismic Toss|p1a: 5ushi\n|-damage|p1a: 5ushi|73\/100 slp\n|cant|p1a: 5ushi|slp\n|move|p1a: 5ushi|Sleep Talk|p1a: 5ushi\n|move|p1a: 5ushi|Rest||[from]move: Sleep Talk|[still]\n|-fail|p1a: 5ushi\n|\n|-heal|p2a: Blissey|84\/100|[from] item: Leftovers\n|-heal|p1a: 5ushi|79\/100 slp|[from] item: Leftovers\n|upkeep\n|turn|22\n|\n|t:|1699896713\n|move|p2a: Blissey|Seismic Toss|p1a: 5ushi\n|-damage|p1a: 5ushi|52\/100 slp\n|cant|p1a: 5ushi|slp\n|move|p1a: 5ushi|Sleep Talk|p1a: 5ushi\n|move|p1a: 5ushi|Iron Head|p2a: Blissey|[from]move: Sleep Talk\n|-damage|p2a: Blissey|48\/100\n|\n|-heal|p2a: Blissey|54\/100|[from] item: Leftovers\n|-heal|p1a: 5ushi|58\/100 slp|[from] item: Leftovers\n|upkeep\n|turn|23\n|\n|t:|1699896723\n|move|p2a: Blissey|Seismic Toss|p1a: 5ushi\n|-damage|p1a: 5ushi|30\/100 slp\n|-curestatus|p1a: 5ushi|slp|[msg]\n|move|p1a: 5ushi|Rest|p1a: 5ushi\n|-status|p1a: 5ushi|slp|[from] move: Rest\n|-heal|p1a: 5ushi|100\/100 slp|[silent]\n|\n|-heal|p2a: Blissey|60\/100|[from] item: Leftovers\n|upkeep\n|turn|24\n|\n|t:|1699896733\n|move|p2a: Blissey|Seismic Toss|p1a: 5ushi\n|-damage|p1a: 5ushi|73\/100 slp\n|cant|p1a: 5ushi|slp\n|move|p1a: 5ushi|Sleep Talk|p1a: 5ushi\n|move|p1a: 5ushi|Iron Head|p2a: Blissey|[from]move: Sleep Talk\n|-damage|p2a: Blissey|24\/100\n|\n|-heal|p2a: Blissey|30\/100|[from] item: Leftovers\n|-heal|p1a: 5ushi|79\/100 slp|[from] item: Leftovers\n|upkeep\n|turn|25\n|\n|t:|1699896743\n|move|p2a: Blissey|Soft-Boiled|p2a: Blissey\n|-heal|p2a: Blissey|80\/100\n|cant|p1a: 5ushi|slp\n|move|p1a: 5ushi|Sleep Talk|p1a: 5ushi\n|move|p1a: 5ushi|Iron Head|p2a: Blissey|[from]move: Sleep Talk\n|-damage|p2a: Blissey|42\/100\n|\n|-heal|p2a: Blissey|48\/100|[from] item: Leftovers\n|-heal|p1a: 5ushi|85\/100 slp|[from] item: Leftovers\n|upkeep\n|turn|26\n|\n|t:|1699896753\n|move|p2a: Blissey|Soft-Boiled|p2a: Blissey\n|-heal|p2a: Blissey|98\/100\n|-curestatus|p1a: 5ushi|slp|[msg]\n|move|p1a: 5ushi|Iron Head|p2a: Blissey\n|-damage|p2a: Blissey|61\/100\n|\n|-heal|p2a: Blissey|67\/100|[from] item: Leftovers\n|-heal|p1a: 5ushi|91\/100|[from] item: Leftovers\n|upkeep\n|turn|27\n|\n|t:|1699896761\n|move|p2a: Blissey|Seismic Toss|p1a: 5ushi\n|-damage|p1a: 5ushi|64\/100\n|move|p1a: 5ushi|Iron Head|p2a: Blissey\n|-damage|p2a: Blissey|32\/100\n|\n|-heal|p2a: Blissey|39\/100|[from] item: Leftovers\n|-heal|p1a: 5ushi|70\/100|[from] item: Leftovers\n|upkeep\n|turn|28\n|\n|t:|1699896770\n|move|p2a: Blissey|Seismic Toss|p1a: 5ushi\n|-damage|p1a: 5ushi|42\/100\n|move|p1a: 5ushi|Iron Head|p2a: Blissey\n|-damage|p2a: Blissey|0 fnt\n|faint|p2a: Blissey\n|\n|-heal|p1a: 5ushi|48\/100|[from] item: Leftovers\n|upkeep\n|\n|t:|1699896794\n|switch|p2a: Sableye|Sableye-Mega, M|72\/100\n|turn|29\n|\n|t:|1699896798\n|move|p2a: Sableye|Will-O-Wisp|p1a: 5ushi|[miss]\n|-miss|p2a: Sableye|p1a: 5ushi\n|move|p1a: 5ushi|Iron Head|p2a: Sableye\n|-damage|p2a: Sableye|32\/100\n|\n|-heal|p1a: 5ushi|54\/100|[from] item: Leftovers\n|upkeep\n|turn|30\n|\n|t:|1699896805\n|move|p2a: Sableye|Will-O-Wisp|p1a: 5ushi\n|-status|p1a: 5ushi|brn\n|move|p1a: 5ushi|Iron Head|p2a: Sableye\n|-damage|p2a: Sableye|13\/100\n|\n|-heal|p1a: 5ushi|60\/100 brn|[from] item: Leftovers\n|-damage|p1a: 5ushi|54\/100 brn|[from] brn\n|upkeep\n|turn|31\n|\n|t:|1699896814\n|switch|p2a: Corviknight|Corviknight, F|100\/100\n|move|p1a: 5ushi|Rest|p1a: 5ushi\n|-status|p1a: 5ushi|slp|[from] move: Rest\n|-heal|p1a: 5ushi|100\/100 slp|[silent]\n|\n|upkeep\n|turn|32\n|\n|t:|1699896826\n|move|p2a: Corviknight|Bulk Up|p2a: Corviknight\n|-boost|p2a: Corviknight|atk|1\n|-boost|p2a: Corviknight|def|1\n|cant|p1a: 5ushi|slp\n|move|p1a: 5ushi|Sleep Talk|p1a: 5ushi\n|move|p1a: 5ushi|Curse|p1a: 5ushi|[from]move: Sleep Talk\n|-unboost|p1a: 5ushi|spe|1\n|-boost|p1a: 5ushi|atk|1\n|-boost|p1a: 5ushi|def|1\n|\n|upkeep\n|turn|33\n|\n|t:|1699896835\n|switch|p1a: Crabby|Sableye, F|72\/100\n|-damage|p1a: Crabby|60\/100|[from] Stealth Rock\n|move|p2a: Corviknight|Bulk Up|p2a: Corviknight\n|-boost|p2a: Corviknight|atk|1\n|-boost|p2a: Corviknight|def|1\n|\n|-heal|p1a: Crabby|66\/100|[from] item: Leftovers\n|upkeep\n|turn|34\n|\n|t:|1699896843\n|move|p1a: Crabby|Encore|p2a: Corviknight\n|-start|p2a: Corviknight|Encore\n|move|p2a: Corviknight|Bulk Up|p2a: Corviknight\n|-boost|p2a: Corviknight|atk|1\n|-boost|p2a: Corviknight|def|1\n|\n|-heal|p1a: Crabby|72\/100|[from] item: Leftovers\n|upkeep\n|turn|35\n|\n|t:|1699896850\n|move|p2a: Corviknight|Bulk Up|p2a: Corviknight\n|-boost|p2a: Corviknight|atk|1\n|-boost|p2a: Corviknight|def|1\n|move|p1a: Crabby|Foul Play|p2a: Corviknight\n|-damage|p2a: Corviknight|61\/100\n|\n|-heal|p2a: Corviknight|67\/100|[from] item: Leftovers\n|-heal|p1a: Crabby|78\/100|[from] item: Leftovers\n|upkeep\n|turn|36\n|\n|t:|1699896858\n|move|p2a: Corviknight|Bulk Up|p2a: Corviknight\n|-boost|p2a: Corviknight|atk|1\n|-boost|p2a: Corviknight|def|1\n|move|p1a: Crabby|Foul Play|p2a: Corviknight\n|-damage|p2a: Corviknight|27\/100\n|\n|-heal|p2a: Corviknight|33\/100|[from] item: Leftovers\n|-heal|p1a: Crabby|85\/100|[from] item: Leftovers\n|-end|p2a: Corviknight|Encore\n|upkeep\n|turn|37\n|\n|t:|1699896869\n|move|p1a: Crabby|Encore|p2a: Corviknight\n|-start|p2a: Corviknight|Encore\n|move|p2a: Corviknight|Bulk Up|p2a: Corviknight\n|-boost|p2a: Corviknight|atk|1\n|-boost|p2a: Corviknight|def|1\n|\n|-heal|p2a: Corviknight|39\/100|[from] item: Leftovers\n|-heal|p1a: Crabby|91\/100|[from] item: Leftovers\n|upkeep\n|turn|38\n|\n|t:|1699896880\n|switch|p2a: Slowking|Slowking-Galar, M|100\/100\n|move|p1a: Crabby|Disable||[still]\n|-fail|p1a: Crabby\n|\n|-heal|p1a: Crabby|97\/100|[from] item: Leftovers\n|upkeep\n|turn|39\n|\n|t:|1699896887\n|move|p1a: Crabby|Foul Play|p2a: Slowking\n|-supereffective|p2a: Slowking\n|-damage|p2a: Slowking|66\/100\n|move|p2a: Slowking|Toxic|p1a: Crabby\n|-status|p1a: Crabby|tox\n|\n|-heal|p1a: Crabby|100\/100 tox|[from] item: Leftovers\n|-heal|p2a: Slowking|73\/100|[from] item: Black Sludge\n|-damage|p1a: Crabby|94\/100 tox|[from] psn\n|upkeep\n|turn|40\n|\n|t:|1699896899\n|move|p1a: Crabby|Foul Play|p2a: Slowking\n|-supereffective|p2a: Slowking\n|-damage|p2a: Slowking|42\/100\n|move|p2a: Slowking|Sludge Bomb|p1a: Crabby\n|-resisted|p1a: Crabby\n|-damage|p1a: Crabby|70\/100 tox\n|\n|-heal|p1a: Crabby|76\/100 tox|[from] item: Leftovers\n|-heal|p2a: Slowking|48\/100|[from] item: Black Sludge\n|-damage|p1a: Crabby|63\/100 tox|[from] psn\n|upkeep\n|turn|41\n|\n|t:|1699896909\n|move|p2a: Slowking|Protect|p2a: Slowking\n|-singleturn|p2a: Slowking|Protect\n|move|p1a: Crabby|Foul Play|p2a: Slowking\n|-activate|p2a: Slowking|move: Protect\n|\n|-heal|p1a: Crabby|70\/100 tox|[from] item: Leftovers\n|-heal|p2a: Slowking|54\/100|[from] item: Black Sludge\n|-damage|p1a: Crabby|51\/100 tox|[from] psn\n|upkeep\n|turn|42\n|\n|t:|1699896939\n|switch|p2a: Toxapex|Toxapex, F|100\/100\n|move|p1a: Crabby|Will-O-Wisp|p2a: Toxapex\n|-status|p2a: Toxapex|brn\n|\n|-heal|p1a: Crabby|57\/100 tox|[from] item: Leftovers\n|-damage|p1a: Crabby|32\/100 tox|[from] psn\n|-damage|p2a: Toxapex|94\/100 brn|[from] brn\n|upkeep\n|turn|43\n|\n|t:|1699896950\n|switch|p1a: 5ushi|Registeel|100\/100 slp\n|-damage|p1a: 5ushi|94\/100 slp|[from] Stealth Rock\n|move|p2a: Toxapex|Liquidation|p1a: 5ushi\n|-damage|p1a: 5ushi|85\/100 slp\n|\n|-heal|p2a: Toxapex|100\/100 brn|[from] item: Black Sludge\n|-heal|p1a: 5ushi|91\/100 slp|[from] item: Leftovers\n|-damage|p2a: Toxapex|94\/100 brn|[from] brn\n|upkeep\n|turn|44\n|\n|t:|1699896960\n|switch|p2a: Corviknight|Corviknight, F|39\/100\n|cant|p1a: 5ushi|slp\n|move|p1a: 5ushi|Sleep Talk|p1a: 5ushi\n|move|p1a: 5ushi|Curse|p1a: 5ushi|[from]move: Sleep Talk\n|-unboost|p1a: 5ushi|spe|1\n|-boost|p1a: 5ushi|atk|1\n|-boost|p1a: 5ushi|def|1\n|\n|-heal|p2a: Corviknight|45\/100|[from] item: Leftovers\n|-heal|p1a: 5ushi|97\/100 slp|[from] item: Leftovers\n|upkeep\n|turn|45\n|\n|t:|1699896972\n|switch|p1a: Beb|Volcarona, F|100\/100\n|move|p2a: Corviknight|Roost|p2a: Corviknight\n|-heal|p2a: Corviknight|95\/100\n|-singleturn|p2a: Corviknight|move: Roost\n|\n|-heal|p2a: Corviknight|100\/100|[from] item: Leftovers\n|upkeep\n|turn|46\n|\n|t:|1699896983\n|-terastallize|p1a: Beb|Electric\n|-terastallize|p2a: Corviknight|Flying\n|move|p1a: Beb|Quiver Dance|p1a: Beb\n|-boost|p1a: Beb|spa|1\n|-boost|p1a: Beb|spd|1\n|-boost|p1a: Beb|spe|1\n|move|p2a: Corviknight|Drill Peck|p1a: Beb\n|-resisted|p1a: Beb\n|-damage|p1a: Beb|62\/100\n|-status|p2a: Corviknight|brn|[from] ability: Flame Body|[of] p1a: Beb\n|\n|-damage|p2a: Corviknight|94\/100 brn|[from] brn\n|upkeep\n|turn|47\n|\n|t:|1699896995\n|move|p1a: Beb|Fiery Dance|p2a: Corviknight\n|-damage|p2a: Corviknight|20\/100 brn\n|-boost|p1a: Beb|spa|1\n|move|p2a: Corviknight|Steel Wing|p1a: Beb\n|-resisted|p1a: Beb\n|-damage|p1a: Beb|49\/100\n|\n|-heal|p2a: Corviknight|27\/100 brn|[from] item: Leftovers\n|-damage|p2a: Corviknight|20\/100 brn|[from] brn\n|upkeep\n|turn|48\n|\n|t:|1699897004\n|move|p1a: Beb|Fiery Dance|p2a: Corviknight\n|-damage|p2a: Corviknight|0 fnt\n|faint|p2a: Corviknight\n|\n|upkeep\n|\n|t:|1699897011\n|switch|p2a: Slowking|Slowking-Galar, M|88\/100\n|turn|49\n|\n|t:|1699897018\n|move|p1a: Beb|Bug Buzz|p2a: Slowking\n|-damage|p2a: Slowking|14\/100\n|move|p2a: Slowking|Psychic|p1a: Beb\n|-damage|p1a: Beb|21\/100\n|\n|-heal|p2a: Slowking|20\/100|[from] item: Black Sludge\n|upkeep\n|turn|50\n|-message|Tdcjeh forfeited.\n|\n|win|Masorad\n|raw|Masorad's rating: 1200 &rarr; <strong>1223<\/strong><br \/>(+23 for winning)\n|raw|Tdcjeh's rating: 1171 &rarr; <strong>1148<\/strong><br \/>(-23 for losing)\n|l|\u2606Tdcjeh\n","uploadtime":1699897045,"views":6,"p1id":"masorad","p2id":"tdcjeh","formatid":"gen9nationaldex","rating":1148,"private":0,"password":""}