{"id":"gen9nationaldex-1998003370","p1":"fwog_12","p2":"CheesiePants","format":"[Gen 9] National Dex","log":"|html|<div class=\"broadcast-blue\"><strong>[Gen 9] National Dex is currently suspecting Sneasler! For information on how to participate check out the <a href=\"https:\/\/www.smogon.com\/forums\/threads\/sv-national-dex-suspect-8-just-dance.3731534\/\">suspect thread<\/a>.<\/strong><\/div>\n|j|\u2606fwog_12\n|j|\u2606CheesiePants\n|t:|1700877719\n|gametype|singles\n|player|p1|fwog_12|harlequin|\n|player|p2|CheesiePants|hoopster|\n|teamsize|p1|6\n|teamsize|p2|6\n|gen|9\n|tier|[Gen 9] National Dex\n|rule|HP Percentage Mod: HP is shown in percentages\n|rule|Endless Battle Clause: Forcing endless battles is banned\n|rule|OHKO Clause: OHKO moves are banned\n|rule|Evasion Clause: Evasion abilities, items, and moves are banned\n|rule|Evasion Abilities Clause: Evasion abilities are banned\n|rule|Evasion Items Clause: Evasion items are banned\n|rule|Evasion Moves Clause: Evasion moves are banned\n|rule|Species Clause: Limit one of each Pok\u00e9mon\n|rule|Sleep Clause Mod: Limit one foe put to sleep\n|clearpoke\n|poke|p1|Sneasler, M|\n|poke|p1|Rillaboom, F|\n|poke|p1|Diancie|\n|poke|p1|Cloyster, M|\n|poke|p1|Cinderace, F|\n|poke|p1|Enamorus-Therian, F|\n|poke|p2|Dragonite, F|\n|poke|p2|Kleavor, M|\n|poke|p2|Ninetales-Alola, M|\n|poke|p2|Venusaur, M|\n|poke|p2|Arctovish|\n|poke|p2|Polteageist|\n|teampreview\n|j| dogswithgunz\n|c| dogswithgunz|r\n|\n|t:|1700877738\n|start\n|switch|p1a: Pinkskin Plague|Diancie|100\/100\n|switch|p2a: Butterman|Kleavor, M|100\/100\n|turn|1\n|\n|t:|1700877744\n|detailschange|p1a: Pinkskin Plague|Diancie-Mega\n|-mega|p1a: Pinkskin Plague|Diancie|Diancite\n|move|p2a: Butterman|Stone Axe|p1a: Pinkskin Plague\n|-damage|p1a: Pinkskin Plague|26\/100\n|-sidestart|p1: fwog_12|move: Stealth Rock\n|move|p1a: Pinkskin Plague|Diamond Storm|p2a: Butterman\n|-supereffective|p2a: Butterman\n|-damage|p2a: Butterman|0 fnt\n|faint|p2a: Butterman\n|\n|upkeep\n|\n|t:|1700877771\n|switch|p2a: Vegan Burger|Venusaur, M|100\/100\n|turn|2\n|j| The ShaqtusLOL\n|\n|t:|1700877813\n|detailschange|p2a: Vegan Burger|Venusaur-Mega, M\n|-mega|p2a: Vegan Burger|Venusaur|Venusaurite\n|move|p1a: Pinkskin Plague|Diamond Storm|p2a: Vegan Burger\n|-crit|p2a: Vegan Burger\n|-damage|p2a: Vegan Burger|47\/100\n|move|p2a: Vegan Burger|Earth Power|p1a: Pinkskin Plague\n|-supereffective|p1a: Pinkskin Plague\n|-damage|p1a: Pinkskin Plague|0 fnt\n|faint|p1a: Pinkskin Plague\n|\n|upkeep\n|c| dogswithgunz|Hi green\n|\n|t:|1700877867\n|switch|p1a: MESSI MESSI MESSI|Cinderace, F|100\/100\n|turn|3\n|\n|t:|1700877896\n|switch|p2a: CAMOMEAL|Polteageist, shiny|100\/100\n|move|p1a: MESSI MESSI MESSI|Pyro Ball|p2a: CAMOMEAL\n|-enditem|p2a: CAMOMEAL|Focus Sash\n|-damage|p2a: CAMOMEAL|1\/100\n|-ability|p2a: CAMOMEAL|Weak Armor|boost\n|-unboost|p2a: CAMOMEAL|def|1\n|-boost|p2a: CAMOMEAL|spe|2\n|\n|upkeep\n|turn|4\n|c| The ShaqtusLOL|Wtf......\n|\n|t:|1700877943\n|move|p2a: CAMOMEAL|Shadow Ball|p1a: MESSI MESSI MESSI\n|-crit|p1a: MESSI MESSI MESSI\n|-damage|p1a: MESSI MESSI MESSI|12\/100\n|move|p1a: MESSI MESSI MESSI|Pyro Ball|p2a: CAMOMEAL\n|-damage|p2a: CAMOMEAL|0 fnt\n|faint|p2a: CAMOMEAL\n|\n|upkeep\n|\n|t:|1700877950\n|switch|p2a: DancyPants|Dragonite, F|100\/100\n|turn|5\n|\n|t:|1700877961\n|move|p2a: DancyPants|Extreme Speed|p1a: MESSI MESSI MESSI\n|-damage|p1a: MESSI MESSI MESSI|0 fnt\n|faint|p1a: MESSI MESSI MESSI\n|\n|upkeep\n|\n|t:|1700877976\n|switch|p1a: Bulky Barry|Rillaboom, F, shiny|100\/100\n|-damage|p1a: Bulky Barry|88\/100|[from] Stealth Rock\n|-fieldstart|move: Grassy Terrain|[from] ability: Grassy Surge|[of] p1a: Bulky Barry\n|turn|6\n|c| The ShaqtusLOL|Interesting....\n|\n|t:|1700878018\n|move|p2a: DancyPants|Dragon Dance|p2a: DancyPants\n|-boost|p2a: DancyPants|atk|1\n|-boost|p2a: DancyPants|spe|1\n|move|p1a: Bulky Barry|Drain Punch|p2a: DancyPants\n|-resisted|p2a: DancyPants\n|-damage|p2a: DancyPants|93\/100\n|-heal|p1a: Bulky Barry|91\/100|[from] drain|[of] p2a: DancyPants\n|\n|-heal|p1a: Bulky Barry|97\/100|[from] Grassy Terrain\n|upkeep\n|turn|7\n|\n|t:|1700878032\n|-terastallize|p2a: DancyPants|Normal\n|move|p2a: DancyPants|Dragon Dance|p2a: DancyPants\n|-boost|p2a: DancyPants|atk|1\n|-boost|p2a: DancyPants|spe|1\n|move|p1a: Bulky Barry|U-turn|p2a: DancyPants\n|-damage|p2a: DancyPants|63\/100\n|\n|t:|1700878043\n|switch|p1a: Beesler|Sneasler, M, shiny|100\/100|[from] U-turn\n|-damage|p1a: Beesler|95\/100|[from] Stealth Rock\n|-enditem|p1a: Beesler|Grassy Seed\n|-boost|p1a: Beesler|def|1|[from] item: Grassy Seed\n|\n|-heal|p1a: Beesler|100\/100|[from] Grassy Terrain\n|-heal|p2a: DancyPants|69\/100|[from] Grassy Terrain\n|upkeep\n|turn|8\n|\n|t:|1700878057\n|move|p2a: DancyPants|Extreme Speed|p1a: Beesler\n|-damage|p1a: Beesler|0 fnt\n|faint|p1a: Beesler\n|\n|-heal|p2a: DancyPants|75\/100|[from] Grassy Terrain\n|upkeep\n|\n|t:|1700878076\n|switch|p1a: this mf luke fr|Enamorus-Therian, F|100\/100\n|-damage|p1a: this mf luke fr|75\/100|[from] Stealth Rock\n|turn|9\n|\n|t:|1700878093\n|move|p2a: DancyPants|Ice Spinner|p1a: this mf luke fr\n|-supereffective|p1a: this mf luke fr\n|-damage|p1a: this mf luke fr|0 fnt\n|-fieldend|move: Grassy Terrain\n|faint|p1a: this mf luke fr\n|\n|upkeep\n|\n|t:|1700878098\n|switch|p1a: Purpskin Punisher|Cloyster, M|100\/100\n|-damage|p1a: Purpskin Punisher|76\/100|[from] Stealth Rock\n|turn|10\n|\n|t:|1700878125\n|-terastallize|p1a: Purpskin Punisher|Ice\n|move|p2a: DancyPants|Extreme Speed|p1a: Purpskin Punisher\n|-damage|p1a: Purpskin Punisher|0 fnt\n|faint|p1a: Purpskin Punisher\n|\n|upkeep\n|\n|t:|1700878130\n|switch|p1a: Bulky Barry|Rillaboom, F, shiny|97\/100\n|-damage|p1a: Bulky Barry|85\/100|[from] Stealth Rock\n|-fieldstart|move: Grassy Terrain|[from] ability: Grassy Surge|[of] p1a: Bulky Barry\n|turn|11\n|\n|t:|1700878141\n|move|p2a: DancyPants|Ice Spinner|p1a: Bulky Barry\n|-supereffective|p1a: Bulky Barry\n|-damage|p1a: Bulky Barry|0 fnt\n|-fieldend|move: Grassy Terrain\n|faint|p1a: Bulky Barry\n|\n|win|CheesiePants\n","uploadtime":1700878150,"views":13,"p1id":"fwog12","p2id":"cheesiepants","formatid":"gen9nationaldex","rating":0,"private":0,"password":""}