{"id":"gen9nationaldex-1988758012","p1":"jiangzhi","p2":"one piece slander","format":"[Gen 9] National Dex","log":"|j|\u2606jiangzhi\n|j|\u2606one piece slander\n|t:|1699759322\n|gametype|singles\n|player|p1|jiangzhi|170|1473\n|player|p2|one piece slander|roxie|1407\n|teamsize|p1|6\n|teamsize|p2|6\n|gen|9\n|tier|[Gen 9] National Dex\n|rated|\n|rule|HP Percentage Mod: HP is shown in percentages\n|rule|Endless Battle Clause: Forcing endless battles is banned\n|rule|OHKO Clause: OHKO moves are banned\n|rule|Evasion Clause: Evasion abilities, items, and moves are banned\n|rule|Evasion Abilities Clause: Evasion abilities are banned\n|rule|Evasion Items Clause: Evasion items are banned\n|rule|Evasion Moves Clause: Evasion moves are banned\n|rule|Species Clause: Limit one of each Pok\u00e9mon\n|rule|Sleep Clause Mod: Limit one foe put to sleep\n|clearpoke\n|poke|p1|Mew|\n|poke|p1|Flamigo, M|\n|poke|p1|Enamorus, F|\n|poke|p1|Slowking, F|\n|poke|p1|Alomomola, F|\n|poke|p1|Diancie|\n|poke|p2|Ting-Lu|\n|poke|p2|Lilligant-Hisui, F|\n|poke|p2|Iron Moth|\n|poke|p2|Great Tusk|\n|poke|p2|Abomasnow, F|\n|poke|p2|Iron Valiant|\n|teampreview\n|\n|t:|1699759351\n|start\n|switch|p1a: Mew|Mew|100\/100\n|switch|p2a: Iron Moth|Iron Moth|100\/100\n|-enditem|p2a: Iron Moth|Booster Energy\n|-activate|p2a: Iron Moth|ability: Quark Drive|[fromitem]\n|-start|p2a: Iron Moth|quarkdrivespa\n|turn|1\n|\n|t:|1699759358\n|move|p2a: Iron Moth|Fiery Dance|p1a: Mew\n|-crit|p1a: Mew\n|-damage|p1a: Mew|19\/100\n|move|p1a: Mew|Stealth Rock|p2a: Iron Moth\n|-sidestart|p2: one piece slander|move: Stealth Rock\n|\n|upkeep\n|turn|2\n|\n|t:|1699759366\n|move|p2a: Iron Moth|Fiery Dance|p1a: Mew\n|-crit|p1a: Mew\n|-damage|p1a: Mew|0 fnt\n|faint|p1a: Mew\n|\n|upkeep\n|\n|t:|1699759370\n|switch|p1a: Slowking|Slowking, F|100\/100\n|turn|3\n|\n|t:|1699759374\n|move|p2a: Iron Moth|Energy Ball|p1a: Slowking\n|-supereffective|p1a: Slowking\n|-damage|p1a: Slowking|54\/100\n|move|p1a: Slowking|Thunder Wave|p2a: Iron Moth\n|-status|p2a: Iron Moth|par\n|\n|upkeep\n|turn|4\n|\n|t:|1699759381\n|move|p2a: Iron Moth|Discharge|p1a: Slowking\n|-supereffective|p1a: Slowking\n|-damage|p1a: Slowking|9\/100\n|move|p1a: Slowking|Future Sight|p2a: Iron Moth\n|-start|p1a: Slowking|move: Future Sight\n|\n|upkeep\n|turn|5\n|\n|t:|1699759388\n|move|p2a: Iron Moth|Fiery Dance|p1a: Slowking\n|-resisted|p1a: Slowking\n|-damage|p1a: Slowking|0 fnt\n|-boost|p2a: Iron Moth|spa|1\n|faint|p1a: Slowking\n|\n|upkeep\n|\n|t:|1699759394\n|switch|p1a: Enamorus|Enamorus, F|100\/100\n|turn|6\n|\n|t:|1699759397\n|move|p1a: Enamorus|Earth Power|p2a: Iron Moth\n|-supereffective|p2a: Iron Moth\n|-damage|p2a: Iron Moth|0 fnt\n|faint|p2a: Iron Moth\n|-end|p2a: Iron Moth|Quark Drive|[silent]\n|\n|-hint|Future Sight did not hit because the target is fainted.\n|upkeep\n|\n|t:|1699759408\n|switch|p2a: Abomasnow|Abomasnow, F|100\/100\n|-damage|p2a: Abomasnow|76\/100|[from] Stealth Rock\n|-weather|Snow|[from] ability: Snow Warning|[of] p2a: Abomasnow\n|turn|7\n|\n|t:|1699759411\n|detailschange|p2a: Abomasnow|Abomasnow-Mega, F\n|-mega|p2a: Abomasnow|Abomasnow|Abomasite\n|move|p1a: Enamorus|Mystical Fire|p2a: Abomasnow\n|-supereffective|p2a: Abomasnow\n|-damage|p2a: Abomasnow|0 fnt\n|faint|p2a: Abomasnow\n|\n|-weather|Snow|[upkeep]\n|upkeep\n|\n|t:|1699759424\n|switch|p2a: Ting-Lu|Ting-Lu|100\/100\n|-damage|p2a: Ting-Lu|94\/100|[from] Stealth Rock\n|-ability|p2a: Ting-Lu|Vessel of Ruin\n|turn|8\n|\n|t:|1699759432\n|move|p1a: Enamorus|Moonblast|p2a: Ting-Lu\n|-supereffective|p2a: Ting-Lu\n|-damage|p2a: Ting-Lu|53\/100\n|move|p2a: Ting-Lu|Stealth Rock|p1a: Enamorus\n|-sidestart|p1: jiangzhi|move: Stealth Rock\n|\n|-weather|Snow|[upkeep]\n|-heal|p2a: Ting-Lu|60\/100|[from] item: Leftovers\n|upkeep\n|turn|9\n|\n|t:|1699759439\n|move|p1a: Enamorus|Moonblast|p2a: Ting-Lu\n|-supereffective|p2a: Ting-Lu\n|-damage|p2a: Ting-Lu|14\/100\n|move|p2a: Ting-Lu|Spikes|p1a: Enamorus\n|-sidestart|p1: jiangzhi|Spikes\n|\n|-weather|Snow|[upkeep]\n|-heal|p2a: Ting-Lu|20\/100|[from] item: Leftovers\n|upkeep\n|turn|10\n|\n|t:|1699759445\n|move|p1a: Enamorus|Moonblast|p2a: Ting-Lu\n|-supereffective|p2a: Ting-Lu\n|-damage|p2a: Ting-Lu|0 fnt\n|faint|p2a: Ting-Lu\n|\n|-weather|Snow|[upkeep]\n|upkeep\n|\n|t:|1699759449\n|switch|p2a: Iron Valiant|Iron Valiant|100\/100\n|-damage|p2a: Iron Valiant|94\/100|[from] Stealth Rock\n|-enditem|p2a: Iron Valiant|Booster Energy\n|-activate|p2a: Iron Valiant|ability: Quark Drive|[fromitem]\n|-start|p2a: Iron Valiant|quarkdrivespe\n|turn|11\n|\n|t:|1699759459\n|-terastallize|p1a: Enamorus|Ground\n|move|p2a: Iron Valiant|Calm Mind|p2a: Iron Valiant\n|-boost|p2a: Iron Valiant|spa|1\n|-boost|p2a: Iron Valiant|spd|1\n|move|p1a: Enamorus|Earth Power|p2a: Iron Valiant\n|-damage|p2a: Iron Valiant|33\/100\n|\n|-weather|none\n|upkeep\n|turn|12\n|\n|t:|1699759465\n|move|p2a: Iron Valiant|Moonblast|p1a: Enamorus\n|-damage|p1a: Enamorus|8\/100\n|move|p1a: Enamorus|Moonblast|p2a: Iron Valiant\n|-supereffective|p2a: Iron Valiant\n|-damage|p2a: Iron Valiant|0 fnt\n|faint|p2a: Iron Valiant\n|-end|p2a: Iron Valiant|Quark Drive|[silent]\n|\n|upkeep\n|\n|t:|1699759475\n|switch|p2a: Lilligant|Lilligant-Hisui, F|100\/100\n|-damage|p2a: Lilligant|94\/100|[from] Stealth Rock\n|turn|13\n|\n|t:|1699759481\n|-terastallize|p2a: Lilligant|Rock\n|move|p1a: Enamorus|Moonblast|p2a: Lilligant\n|-damage|p2a: Lilligant|12\/100\n|-unboost|p2a: Lilligant|spa|1\n|move|p2a: Lilligant|Victory Dance|p2a: Lilligant\n|-boost|p2a: Lilligant|atk|1\n|-boost|p2a: Lilligant|def|1\n|-boost|p2a: Lilligant|spe|1\n|\n|upkeep\n|turn|14\n|\n|t:|1699759487\n|move|p2a: Lilligant|Ice Spinner|p1a: Enamorus\n|-supereffective|p1a: Enamorus\n|-damage|p1a: Enamorus|0 fnt\n|faint|p1a: Enamorus\n|\n|upkeep\n|\n|t:|1699759493\n|switch|p1a: Diancie|Diancie|100\/100\n|-damage|p1a: Diancie|88\/100|[from] Stealth Rock\n|-damage|p1a: Diancie|76\/100|[from] Spikes\n|turn|15\n|\n|t:|1699759494\n|move|p2a: Lilligant|Leaf Blade|p1a: Diancie\n|-supereffective|p1a: Diancie\n|-damage|p1a: Diancie|0 fnt\n|faint|p1a: Diancie\n|\n|upkeep\n|\n|t:|1699759497\n|switch|p1a: Alomomola|Alomomola, F|100\/100\n|-damage|p1a: Alomomola|88\/100|[from] Stealth Rock\n|-damage|p1a: Alomomola|76\/100|[from] Spikes\n|turn|16\n|\n|t:|1699759501\n|move|p2a: Lilligant|Leaf Blade|p1a: Alomomola\n|-supereffective|p1a: Alomomola\n|-crit|p1a: Alomomola\n|-damage|p1a: Alomomola|0 fnt\n|faint|p1a: Alomomola\n|\n|upkeep\n|-message|jiangzhi forfeited.\n|\n|win|one piece slander\n|raw|jiangzhi's rating: 1473 &rarr; <strong>1449<\/strong><br \/>(-24 for losing)\n|raw|one piece slander's rating: 1407 &rarr; <strong>1431<\/strong><br \/>(+24 for winning)\n|l|\u2606jiangzhi\n","uploadtime":1699759510,"views":14,"p1id":"jiangzhi","p2id":"onepieceslander","formatid":"gen9nationaldex","rating":1431,"private":0,"password":""}