{"id":"gen9nationaldex-1988456629","p1":"gui gang lai le","p2":"Night230906","format":"[Gen 9] National Dex","log":"|j|\u2606gui gang lai le\n|j|\u2606Night230906\n|t:|1699724919\n|gametype|singles\n|player|p1|gui gang lai le|dawn-masters3|1086\n|player|p2|Night230906|lucas-contest|1000\n|teamsize|p1|6\n|teamsize|p2|6\n|gen|9\n|tier|[Gen 9] National Dex\n|rated|\n|rule|HP Percentage Mod: HP is shown in percentages\n|rule|Endless Battle Clause: Forcing endless battles is banned\n|rule|OHKO Clause: OHKO moves are banned\n|rule|Evasion Clause: Evasion abilities, items, and moves are banned\n|rule|Evasion Abilities Clause: Evasion abilities are banned\n|rule|Evasion Items Clause: Evasion items are banned\n|rule|Evasion Moves Clause: Evasion moves are banned\n|rule|Species Clause: Limit one of each Pok\u00e9mon\n|rule|Sleep Clause Mod: Limit one foe put to sleep\n|clearpoke\n|poke|p1|Tapu Koko|\n|poke|p1|Mew|\n|poke|p1|Rotom-Wash|\n|poke|p1|Iron Valiant|\n|poke|p1|Hawlucha, M|\n|poke|p1|Mawile, F|\n|poke|p2|Slaking, M|\n|poke|p2|Machamp, M|\n|poke|p2|Togekiss, F|\n|poke|p2|Blastoise, M|\n|poke|p2|Feraligatr, M|\n|poke|p2|Breloom, F|\n|teampreview\n|inactive|Battle timer is ON: inactive players will automatically lose when time's up. (requested by Night230906)\n|\n|t:|1699724925\n|start\n|switch|p1a: Tapu Koko|Tapu Koko, shiny|100\/100\n|switch|p2a: Breloom|Breloom, F, shiny|100\/100\n|-fieldstart|move: Electric Terrain|[from] ability: Electric Surge|[of] p1a: Tapu Koko\n|turn|1\n|\n|t:|1699724929\n|move|p1a: Tapu Koko|Taunt|p2a: Breloom\n|-start|p2a: Breloom|move: Taunt\n|cant|p2a: Breloom|move: Taunt|Spore\n|\n|upkeep\n|turn|2\n|\n|t:|1699724935\n|move|p1a: Tapu Koko|Brave Bird|p2a: Breloom\n|-supereffective|p2a: Breloom\n|-enditem|p2a: Breloom|Focus Sash\n|-damage|p2a: Breloom|1\/100\n|-damage|p1a: Tapu Koko|70\/100|[from] Recoil\n|move|p2a: Breloom|Bullet Seed|p1a: Tapu Koko\n|-damage|p1a: Tapu Koko|39\/100\n|-damage|p1a: Tapu Koko|9\/100\n|-damage|p1a: Tapu Koko|0 fnt\n|faint|p1a: Tapu Koko\n|-hitcount|p1: Tapu Koko|3\n|\n|upkeep\n|\n|t:|1699724955\n|switch|p1a: Hawlucha|Hawlucha, M, shiny|100\/100\n|-enditem|p1a: Hawlucha|Electric Seed\n|-boost|p1a: Hawlucha|def|1|[from] item: Electric Seed\n|turn|3\n|\n|t:|1699724959\n|move|p2a: Breloom|Mach Punch|p1a: Hawlucha\n|-resisted|p1a: Hawlucha\n|-damage|p1a: Hawlucha|84\/100\n|move|p1a: Hawlucha|Acrobatics|p2a: Breloom\n|-supereffective|p2a: Breloom\n|-damage|p2a: Breloom|0 fnt\n|faint|p2a: Breloom\n|\n|upkeep\n|\n|t:|1699724963\n|switch|p2a: Feraligatr|Feraligatr, M|100\/100\n|turn|4\n|\n|t:|1699724969\n|move|p1a: Hawlucha|Swords Dance|p1a: Hawlucha\n|-boost|p1a: Hawlucha|atk|2\n|move|p2a: Feraligatr|Dragon Dance|p2a: Feraligatr\n|-boost|p2a: Feraligatr|atk|1\n|-boost|p2a: Feraligatr|spe|1\n|\n|upkeep\n|turn|5\n|\n|t:|1699724979\n|move|p1a: Hawlucha|Close Combat|p2a: Feraligatr\n|-damage|p2a: Feraligatr|0 fnt\n|-unboost|p1a: Hawlucha|def|1\n|-unboost|p1a: Hawlucha|spd|1\n|faint|p2a: Feraligatr\n|\n|-fieldend|move: Electric Terrain\n|upkeep\n|\n|t:|1699724983\n|switch|p2a: Blastoise|Blastoise, M|100\/100\n|turn|6\n|\n|t:|1699724990\n|move|p1a: Hawlucha|Close Combat|p2a: Blastoise\n|-damage|p2a: Blastoise|0 fnt\n|-unboost|p1a: Hawlucha|def|1\n|-unboost|p1a: Hawlucha|spd|1\n|faint|p2a: Blastoise\n|\n|upkeep\n|\n|t:|1699724993\n|switch|p2a: Togekiss|Togekiss, F|100\/100\n|turn|7\n|\n|t:|1699724997\n|move|p1a: Hawlucha|Stone Edge|p2a: Togekiss|[miss]\n|-miss|p1a: Hawlucha|p2a: Togekiss\n|move|p2a: Togekiss|Thunder Wave|p1a: Hawlucha\n|-status|p1a: Hawlucha|par\n|\n|upkeep\n|turn|8\n|\n|t:|1699725005\n|move|p1a: Hawlucha|Stone Edge|p2a: Togekiss\n|-supereffective|p2a: Togekiss\n|-damage|p2a: Togekiss|10\/100\n|move|p2a: Togekiss|Air Slash|p1a: Hawlucha\n|-supereffective|p1a: Hawlucha\n|-damage|p1a: Hawlucha|0 fnt\n|faint|p1a: Hawlucha\n|\n|upkeep\n|\n|t:|1699725017\n|switch|p1a: Rotom|Rotom-Wash, shiny|100\/100\n|turn|9\n|\n|t:|1699725020\n|move|p1a: Rotom|Volt Switch|p2a: Togekiss\n|-supereffective|p2a: Togekiss\n|-damage|p2a: Togekiss|0 fnt\n|faint|p2a: Togekiss\n|\n|t:|1699725025\n|switch|p1a: Mew|Mew, shiny|100\/100|[from] Volt Switch\n|\n|upkeep\n|\n|t:|1699725037\n|switch|p2a: Machamp|Machamp, M|100\/100\n|turn|10\n|\n|t:|1699725042\n|move|p1a: Mew|Cosmic Power|p1a: Mew\n|-boost|p1a: Mew|def|1\n|-boost|p1a: Mew|spd|1\n|move|p2a: Machamp|Knock Off|p1a: Mew\n|-supereffective|p1a: Mew\n|-damage|p1a: Mew|67\/100\n|-enditem|p1a: Mew|Leftovers|[from] move: Knock Off|[of] p2a: Machamp\n|\n|-status|p2a: Machamp|brn|[from] item: Flame Orb\n|upkeep\n|turn|11\n|\n|t:|1699725051\n|move|p1a: Mew|Cosmic Power|p1a: Mew\n|-boost|p1a: Mew|def|1\n|-boost|p1a: Mew|spd|1\n|move|p2a: Machamp|Facade|p1a: Mew\n|-damage|p1a: Mew|44\/100\n|\n|-damage|p2a: Machamp|94\/100 brn|[from] brn\n|upkeep\n|turn|12\n|\n|t:|1699725058\n|move|p1a: Mew|Roost|p1a: Mew\n|-heal|p1a: Mew|94\/100\n|-singleturn|p1a: Mew|move: Roost\n|move|p2a: Machamp|Facade|p1a: Mew\n|-damage|p1a: Mew|70\/100\n|\n|-damage|p2a: Machamp|88\/100 brn|[from] brn\n|upkeep\n|turn|13\n|\n|t:|1699725064\n|move|p1a: Mew|Stored Power|p2a: Machamp\n|-supereffective|p2a: Machamp\n|-damage|p2a: Machamp|0 fnt\n|faint|p2a: Machamp\n|\n|upkeep\n|\n|t:|1699725065\n|switch|p2a: Slaking|Slaking, M|100\/100\n|turn|14\n|\n|t:|1699725072\n|-terastallize|p2a: Slaking|Ground\n|move|p2a: Slaking|Earthquake|p1a: Mew\n|-damage|p1a: Mew|44\/100\n|move|p1a: Mew|Body Press|p2a: Slaking\n|-damage|p2a: Slaking|62\/100\n|\n|upkeep\n|turn|15\n|\n|t:|1699725081\n|cant|p2a: Slaking|ability: Truant\n|move|p1a: Mew|Roost|p1a: Mew\n|-heal|p1a: Mew|94\/100\n|-singleturn|p1a: Mew|move: Roost\n|\n|upkeep\n|turn|16\n|\n|t:|1699725086\n|move|p2a: Slaking|Earthquake|p1a: Mew\n|-damage|p1a: Mew|63\/100\n|move|p1a: Mew|Cosmic Power|p1a: Mew\n|-boost|p1a: Mew|def|1\n|-boost|p1a: Mew|spd|1\n|\n|upkeep\n|turn|17\n|\n|t:|1699725091\n|cant|p2a: Slaking|ability: Truant\n|move|p1a: Mew|Roost|p1a: Mew\n|-heal|p1a: Mew|100\/100\n|-singleturn|p1a: Mew|move: Roost\n|\n|upkeep\n|turn|18\n|\n|t:|1699725097\n|move|p2a: Slaking|Earthquake|p1a: Mew\n|-damage|p1a: Mew|77\/100\n|move|p1a: Mew|Cosmic Power|p1a: Mew\n|-boost|p1a: Mew|def|1\n|-boost|p1a: Mew|spd|1\n|\n|upkeep\n|turn|19\n|-message|Night230906 forfeited.\n|\n|win|gui gang lai le\n|raw|gui gang lai le's rating: 1086 &rarr; <strong>1107<\/strong><br \/>(+21 for winning)\n|raw|Night230906's rating: 1000 &rarr; <strong>1000<\/strong><br \/>(+0 for losing)\n|l|\u2606Night230906\n","uploadtime":1699725106,"views":12,"p1id":"guiganglaile","p2id":"night230906","formatid":"gen9nationaldex","rating":1000,"private":0,"password":""}