{"id":"gen9nationaldex-1990260782","p1":"Chonky_Fox","p2":"mike not dike","format":"[Gen 9] National Dex","log":"|j|\u2606Chonky_Fox\n|j|\u2606mike not dike\n|t:|1699946512\n|gametype|singles\n|player|p1|Chonky_Fox|gentleman-gen4|1080\n|player|p2|mike not dike|lucas|1007\n|teamsize|p1|6\n|teamsize|p2|6\n|gen|9\n|tier|[Gen 9] National Dex\n|rated|\n|rule|HP Percentage Mod: HP is shown in percentages\n|rule|Endless Battle Clause: Forcing endless battles is banned\n|rule|OHKO Clause: OHKO moves are banned\n|rule|Evasion Clause: Evasion abilities, items, and moves are banned\n|rule|Evasion Abilities Clause: Evasion abilities are banned\n|rule|Evasion Items Clause: Evasion items are banned\n|rule|Evasion Moves Clause: Evasion moves are banned\n|rule|Species Clause: Limit one of each Pok\u00e9mon\n|rule|Sleep Clause Mod: Limit one foe put to sleep\n|clearpoke\n|poke|p1|Alcremie, F|\n|poke|p1|Slowking, M|\n|poke|p1|Maushold|\n|poke|p1|Golurk|\n|poke|p1|Heliolisk, M|\n|poke|p1|Sirfetch\u2019d, M|\n|poke|p2|Swampert, M|\n|poke|p2|Serperior, M|\n|poke|p2|Incineroar, M|\n|poke|p2|Metagross|\n|poke|p2|Grimmsnarl, M|\n|poke|p2|Corviknight, M|\n|teampreview\n|\n|t:|1699946521\n|start\n|switch|p1a: Xiao Bao|Heliolisk, M|100\/100\n|switch|p2a: Grimmsnarl|Grimmsnarl, M, shiny|100\/100\n|turn|1\n|c|\u2606Chonky_Fox|.weak slowking\n|\n|t:|1699946548\n|move|p2a: Grimmsnarl|Light Screen|p2a: Grimmsnarl\n|-sidestart|p2: mike not dike|move: Light Screen\n|move|p1a: Xiao Bao|Volt Switch|p2a: Grimmsnarl\n|-damage|p2a: Grimmsnarl|79\/100\n|inactive|Battle timer is ON: inactive players will automatically lose when time's up. (requested by mike not dike)\n|c|\u2606mike not dike|disagree\n|\n|t:|1699946566\n|switch|p1a: Pudding|Alcremie, F|100\/100|[from] Volt Switch\n|\n|upkeep\n|turn|2\n|c|\u2606mike not dike|more versatile\n|\n|t:|1699946575\n|move|p2a: Grimmsnarl|Reflect|p2a: Grimmsnarl\n|-sidestart|p2: mike not dike|Reflect\n|move|p1a: Pudding|Acid Armor|p1a: Pudding\n|-boost|p1a: Pudding|def|2\n|\n|upkeep\n|turn|3\n|\n|t:|1699946582\n|move|p2a: Grimmsnarl|Parting Shot|p1a: Pudding\n|-unboost|p1a: Pudding|atk|1\n|-unboost|p1a: Pudding|spa|1\n|\n|t:|1699946586\n|switch|p2a: Metagross|Metagross, shiny|100\/100|[from] Parting Shot\n|move|p1a: Pudding|Calm Mind|p1a: Pudding\n|-boost|p1a: Pudding|spa|1\n|-boost|p1a: Pudding|spd|1\n|\n|upkeep\n|turn|4\n|\n|t:|1699946600\n|move|p2a: Metagross|Bullet Punch|p1a: Pudding\n|-supereffective|p1a: Pudding\n|-damage|p1a: Pudding|79\/100\n|move|p1a: Pudding|Calm Mind|p1a: Pudding\n|-boost|p1a: Pudding|spa|1\n|-boost|p1a: Pudding|spd|1\n|\n|-heal|p1a: Pudding|85\/100|[from] item: Leftovers\n|upkeep\n|turn|5\n|\n|t:|1699946614\n|move|p2a: Metagross|Meteor Mash|p1a: Pudding\n|-supereffective|p1a: Pudding\n|-damage|p1a: Pudding|36\/100\n|move|p1a: Pudding|Acid Armor|p1a: Pudding\n|-boost|p1a: Pudding|def|2\n|\n|-heal|p1a: Pudding|42\/100|[from] item: Leftovers\n|upkeep\n|turn|6\n|\n|t:|1699946623\n|move|p2a: Metagross|Meteor Mash|p1a: Pudding\n|-supereffective|p1a: Pudding\n|-damage|p1a: Pudding|12\/100\n|move|p1a: Pudding|Rest|p1a: Pudding\n|-status|p1a: Pudding|slp|[from] move: Rest\n|-heal|p1a: Pudding|100\/100 slp|[silent]\n|\n|upkeep\n|turn|7\n|c|\u2606mike not dike|stall mons are the worst\n|\n|t:|1699946631\n|move|p2a: Metagross|Meteor Mash|p1a: Pudding\n|-supereffective|p1a: Pudding\n|-damage|p1a: Pudding|68\/100 slp\n|cant|p1a: Pudding|slp\n|\n|-heal|p1a: Pudding|74\/100 slp|[from] item: Leftovers\n|upkeep\n|turn|8\n|\n|t:|1699946641\n|move|p2a: Metagross|Meteor Mash|p1a: Pudding\n|-supereffective|p1a: Pudding\n|-damage|p1a: Pudding|42\/100 slp\n|cant|p1a: Pudding|slp\n|\n|-heal|p1a: Pudding|48\/100 slp|[from] item: Leftovers\n|-sideend|p2: mike not dike|move: Light Screen\n|upkeep\n|turn|9\n|c|\u2606Chonky_Fox|honestly didnt mean to stall, but prankster is threatening\n|inactive|Chonky_Fox has 120 seconds left.\n|\n|t:|1699946677\n|move|p2a: Metagross|Meteor Mash|p1a: Pudding\n|-supereffective|p1a: Pudding\n|-damage|p1a: Pudding|17\/100 slp\n|-boost|p2a: Metagross|atk|1\n|-curestatus|p1a: Pudding|slp|[msg]\n|move|p1a: Pudding|Acid Armor|p1a: Pudding\n|-boost|p1a: Pudding|def|2\n|\n|-heal|p1a: Pudding|23\/100|[from] item: Leftovers\n|-sideend|p2: mike not dike|Reflect\n|upkeep\n|turn|10\n|inactive|Chonky_Fox has 120 seconds left.\n|\n|t:|1699946688\n|move|p2a: Metagross|Meteor Mash|p1a: Pudding\n|-supereffective|p1a: Pudding\n|-damage|p1a: Pudding|0 fnt\n|faint|p1a: Pudding\n|\n|upkeep\n|c|\u2606mike not dike|yea i havent used meta before\n|\n|t:|1699946715\n|switch|p1a: The Cheezel's|Maushold|100\/100\n|turn|11\n|c|\u2606mike not dike|big fan hinestly\n|\n|t:|1699946728\n|move|p1a: The Cheezel's|Tidy Up|p1a: The Cheezel's\n|-boost|p1a: The Cheezel's|atk|1\n|-boost|p1a: The Cheezel's|spe|1\n|move|p2a: Metagross|Meteor Mash|p1a: The Cheezel's\n|-damage|p1a: The Cheezel's|0 fnt\n|faint|p1a: The Cheezel's\n|\n|upkeep\n|c|\u2606Chonky_Fox|fair enough!\n|inactive|Chonky_Fox has 90 seconds left.\n|c|\u2606Chonky_Fox|i dont meta, but looks like i should\n|\n|t:|1699946753\n|switch|p1a: Mythical Jew|Golurk|100\/100\n|turn|12\n|\n|t:|1699946767\n|switch|p2a: Corviknight|Corviknight, M|100\/100\n|move|p1a: Mythical Jew|Poltergeist|p2a: Corviknight\n|-activate|p2a: Corviknight|move: Poltergeist|Rocky Helmet\n|-damage|p2a: Corviknight|59\/100\n|\n|upkeep\n|turn|13\n|inactive|Chonky_Fox has 90 seconds left.\n|n|!mike not dike|mikenotdike\n|\n|t:|1699946798\n|switch|p1a: Slowking|Slowking, M|100\/100\n|move|p2a: Corviknight|Iron Defense|p2a: Corviknight\n|-boost|p2a: Corviknight|def|2\n|\n|upkeep\n|turn|14\n|\n|t:|1699946809\n|move|p2a: Corviknight|Body Press|p1a: Slowking\n|-resisted|p1a: Slowking\n|-damage|p1a: Slowking|82\/100\n|move|p1a: Slowking|Yawn|p2a: Corviknight\n|-start|p2a: Corviknight|move: Yawn|[of] p1a: Slowking\n|\n|upkeep\n|turn|15\n|inactive|Chonky_Fox has 60 seconds left.\n|\n|t:|1699946830\n|switch|p2a: Serperior|Serperior, M, shiny|100\/100\n|switch|p1a: Mythical Jew|Golurk|100\/100\n|\n|upkeep\n|turn|16\n|inactive|Chonky_Fox has 60 seconds left.\n|\n|t:|1699946849\n|switch|p1a: Riposte|Sirfetch\u2019d, M|100\/100\n|move|p2a: Serperior|Leaf Storm|p1a: Riposte|[miss]\n|-miss|p2a: Serperior|p1a: Riposte\n|\n|upkeep\n|turn|17\n|inactive|Chonky_Fox has 60 seconds left.\n|\n|t:|1699946855\n|move|p1a: Riposte|First Impression|p2a: Serperior\n|-supereffective|p2a: Serperior\n|-crit|p2a: Serperior\n|-enditem|p2a: Serperior|Focus Sash\n|-damage|p2a: Serperior|1\/100\n|move|p2a: Serperior|Leaf Storm|p1a: Riposte\n|-damage|p1a: Riposte|45\/100\n|-boost|p2a: Serperior|spa|2\n|\n|upkeep\n|turn|18\n|inactive|Chonky_Fox has 60 seconds left.\n|\n|t:|1699946879\n|switch|p1a: Xiao Bao|Heliolisk, M|100\/100\n|move|p2a: Serperior|Leaf Storm|p1a: Xiao Bao\n|-damage|p1a: Xiao Bao|0 fnt\n|-boost|p2a: Serperior|spa|2\n|faint|p1a: Xiao Bao\n|\n|upkeep\n|\n|t:|1699946885\n|switch|p1a: Riposte|Sirfetch\u2019d, M|45\/100\n|turn|19\n|\n|t:|1699946897\n|switch|p2a: Corviknight|Corviknight, M|59\/100\n|move|p1a: Riposte|First Impression|p2a: Corviknight\n|-resisted|p2a: Corviknight\n|-damage|p2a: Corviknight|52\/100\n|-damage|p1a: Riposte|29\/100|[from] item: Rocky Helmet|[of] p2a: Corviknight\n|\n|upkeep\n|turn|20\n|-message|Chonky_Fox forfeited.\n|\n|win|mike not dike\n|raw|Chonky_Fox's rating: 1080 &rarr; <strong>1053<\/strong><br \/>(-27 for losing)\n|raw|mike not dike's rating: 1007 &rarr; <strong>1054<\/strong><br \/>(+47 for winning)\n|l|\u2606Chonky_Fox\n","uploadtime":1699946788,"views":4,"p1id":"chonkyfox","p2id":"mikenotdike","formatid":"gen9nationaldex","rating":1053,"private":0,"password":""}