{"id":"gen9nationaldex-1997452383","p1":"Jofer9950","p2":"steven45rosas","format":"[Gen 9] National Dex","log":"|html|<div class=\"broadcast-blue\"><strong>[Gen 9] National Dex is currently suspecting Sneasler! For information on how to participate check out the <a href=\"https:\/\/www.smogon.com\/forums\/threads\/sv-national-dex-suspect-8-just-dance.3731534\/\">suspect thread<\/a>.<\/strong><\/div>\n|j|\u2606Jofer9950\n|j|\u203dsteven45rosas\n|t:|1700807739\n|gametype|singles\n|player|p1|Jofer9950|magnolia|\n|player|p2|steven45rosas|266|\n|teamsize|p1|6\n|teamsize|p2|6\n|gen|9\n|tier|[Gen 9] National Dex\n|rule|HP Percentage Mod: HP is shown in percentages\n|rule|Endless Battle Clause: Forcing endless battles is banned\n|rule|OHKO Clause: OHKO moves are banned\n|rule|Evasion Clause: Evasion abilities, items, and moves are banned\n|rule|Evasion Abilities Clause: Evasion abilities are banned\n|rule|Evasion Items Clause: Evasion items are banned\n|rule|Evasion Moves Clause: Evasion moves are banned\n|rule|Species Clause: Limit one of each Pok\u00e9mon\n|rule|Sleep Clause Mod: Limit one foe put to sleep\n|clearpoke\n|poke|p1|Arbok, M|\n|poke|p1|Landorus-Therian, M|\n|poke|p1|Gliscor, F|\n|poke|p1|Alomomola, M|\n|poke|p1|Toxapex, F|\n|poke|p1|Clodsire, M|\n|poke|p2|Charizard, M|\n|poke|p2|Grimmsnarl, M|\n|poke|p2|Ogerpon-Wellspring, F|\n|poke|p2|Landorus-Therian, M|\n|poke|p2|Blissey, F|\n|poke|p2|Kartana|\n|teampreview\n|c|\u2606Jofer9950|lmao\n|c|\u2606Jofer9950|Chien pao aprende\n|c|\u2606Jofer9950|recuperacion\n|\n|t:|1700807757\n|start\n|switch|p1a: Gliscor|Gliscor, F|100\/100\n|switch|p2a: Grimmsnarl|Grimmsnarl, M|100\/100\n|turn|1\n|\n|t:|1700807760\n|move|p1a: Gliscor|Protect|p1a: Gliscor\n|-singleturn|p1a: Gliscor|Protect\n|move|p2a: Grimmsnarl|Taunt|p1a: Gliscor\n|-activate|p1a: Gliscor|move: Protect\n|\n|-status|p1a: Gliscor|tox|[from] item: Toxic Orb\n|upkeep\n|turn|2\n|\n|t:|1700807766\n|move|p2a: Grimmsnarl|Reflect|p2a: Grimmsnarl\n|-sidestart|p2: steven45rosas|Reflect\n|move|p1a: Gliscor|Toxic|p2a: Grimmsnarl\n|-status|p2a: Grimmsnarl|tox\n|\n|-damage|p2a: Grimmsnarl|94\/100 tox|[from] psn\n|upkeep\n|turn|3\n|\n|t:|1700807770\n|move|p2a: Grimmsnarl|Taunt|p1a: Gliscor\n|-start|p1a: Gliscor|move: Taunt\n|cant|p1a: Gliscor|move: Taunt|Defog\n|\n|-damage|p2a: Grimmsnarl|82\/100 tox|[from] psn\n|upkeep\n|turn|4\n|\n|t:|1700807779\n|move|p2a: Grimmsnarl|Parting Shot|p1a: Gliscor\n|-unboost|p1a: Gliscor|atk|1\n|-unboost|p1a: Gliscor|spa|1\n|\n|t:|1700807784\n|switch|p2a: Kartana|Kartana|100\/100|[from] Parting Shot\n|move|p1a: Gliscor|Earthquake|p2a: Kartana\n|-damage|p2a: Kartana|92\/100\n|\n|upkeep\n|turn|5\n|\n|t:|1700807788\n|switch|p1a: Arbok|Arbok, M|100\/100\n|-ability|p1a: Arbok|Intimidate|boost\n|-unboost|p2a: Kartana|atk|1\n|move|p2a: Kartana|Swords Dance|p2a: Kartana\n|-boost|p2a: Kartana|atk|2\n|\n|upkeep\n|turn|6\n|\n|t:|1700807791\n|move|p2a: Kartana|Knock Off|p1a: Arbok\n|-damage|p1a: Arbok|50\/100\n|-enditem|p1a: Arbok|Black Sludge|[from] move: Knock Off|[of] p2a: Kartana\n|move|p1a: Arbok|Switcheroo||[still]\n|-fail|p1a: Arbok\n|\n|upkeep\n|turn|7\n|\n|t:|1700807802\n|switch|p1a: Landorus|Landorus-Therian, M|100\/100\n|-ability|p1a: Landorus|Intimidate|boost\n|-unboost|p2a: Kartana|atk|1\n|move|p2a: Kartana|Swords Dance|p2a: Kartana\n|-boost|p2a: Kartana|atk|2\n|\n|upkeep\n|turn|8\n|\n|t:|1700807806\n|move|p1a: Landorus|U-turn|p2a: Kartana\n|-damage|p2a: Kartana|80\/100\n|\n|t:|1700807808\n|switch|p1a: Arbok|Arbok, M|50\/100|[from] U-turn\n|-ability|p1a: Arbok|Intimidate|boost\n|-unboost|p2a: Kartana|atk|1\n|move|p2a: Kartana|Swords Dance|p2a: Kartana\n|-boost|p2a: Kartana|atk|2\n|\n|upkeep\n|turn|9\n|\n|t:|1700807813\n|move|p2a: Kartana|Knock Off|p1a: Arbok\n|-damage|p1a: Arbok|0 fnt\n|faint|p1a: Arbok\n|-ability|p2a: Kartana|Beast Boost|boost\n|-boost|p2a: Kartana|spe|1\n|\n|-sideend|p2: steven45rosas|Reflect\n|upkeep\n|\n|t:|1700807814\n|switch|p1a: Clodsire|Clodsire, M|100\/100\n|turn|10\n|\n|t:|1700807822\n|-zpower|p2a: Kartana\n|move|p2a: Kartana|Bloom Doom|p1a: Clodsire|[zeffect]\n|-damage|p1a: Clodsire|13\/100\n|move|p1a: Clodsire|Earthquake|p2a: Kartana\n|-damage|p2a: Kartana|55\/100\n|\n|-heal|p1a: Clodsire|19\/100|[from] item: Leftovers\n|upkeep\n|turn|11\n|\n|t:|1700807831\n|move|p2a: Kartana|Leaf Blade|p1a: Clodsire\n|-damage|p1a: Clodsire|0 fnt\n|faint|p1a: Clodsire\n|-ability|p2a: Kartana|Beast Boost|boost\n|-boost|p2a: Kartana|spe|1\n|\n|upkeep\n|\n|t:|1700807834\n|switch|p1a: Landorus|Landorus-Therian, M|100\/100\n|-ability|p1a: Landorus|Intimidate|boost\n|-unboost|p2a: Kartana|atk|1\n|turn|12\n|\n|t:|1700807837\n|switch|p1a: Gliscor|Gliscor, F|100\/100 tox\n|move|p2a: Kartana|Leaf Blade|p1a: Gliscor\n|-damage|p1a: Gliscor|23\/100 tox\n|\n|-heal|p1a: Gliscor|36\/100 tox|[from] ability: Poison Heal\n|upkeep\n|turn|13\n|\n|t:|1700807845\n|switch|p1a: Landorus|Landorus-Therian, M|100\/100\n|-ability|p1a: Landorus|Intimidate|boost\n|-unboost|p2a: Kartana|atk|1\n|move|p2a: Kartana|Synthesis|p2a: Kartana\n|-heal|p2a: Kartana|100\/100\n|\n|upkeep\n|turn|14\n|\n|t:|1700807851\n|-terastallize|p1a: Landorus|Ground\n|move|p2a: Kartana|Leaf Blade|p1a: Landorus\n|-supereffective|p1a: Landorus\n|-crit|p1a: Landorus\n|-damage|p1a: Landorus|0 fnt\n|faint|p1a: Landorus\n|-ability|p2a: Kartana|Beast Boost|boost\n|-boost|p2a: Kartana|spe|1\n|\n|upkeep\n|c|\u2606Jofer9950|rip\n|c|\u2606Jofer9950|gg\n|-message|Jofer9950 forfeited.\n|\n|win|steven45rosas\n|l|\u2606Jofer9950\n","uploadtime":1700807859,"views":19,"p1id":"jofer9950","p2id":"steven45rosas","formatid":"gen9nationaldex","rating":0,"private":0,"password":""}