{"id":"gen9nationaldex-1998635444","p1":"Sir_chronicles","p2":"deathku","format":"[Gen 9] National Dex","log":"|html|<div class=\"broadcast-blue\"><strong>[Gen 9] National Dex is currently suspecting Sneasler! For information on how to participate check out the <a href=\"https:\/\/www.smogon.com\/forums\/threads\/sv-national-dex-suspect-8-just-dance.3731534\/\">suspect thread<\/a>.<\/strong><\/div>\n|j|\u2606Sir_chronicles\n|j|\u2606deathku\n|t:|1700965762\n|gametype|singles\n|player|p1|Sir_chronicles|gambler|1013\n|player|p2|deathku|nate|1042\n|teamsize|p1|6\n|teamsize|p2|6\n|gen|9\n|tier|[Gen 9] National Dex\n|rated|\n|rule|HP Percentage Mod: HP is shown in percentages\n|rule|Endless Battle Clause: Forcing endless battles is banned\n|rule|OHKO Clause: OHKO moves are banned\n|rule|Evasion Clause: Evasion abilities, items, and moves are banned\n|rule|Evasion Abilities Clause: Evasion abilities are banned\n|rule|Evasion Items Clause: Evasion items are banned\n|rule|Evasion Moves Clause: Evasion moves are banned\n|rule|Species Clause: Limit one of each Pok\u00e9mon\n|rule|Sleep Clause Mod: Limit one foe put to sleep\n|clearpoke\n|poke|p1|Inteleon, M|\n|poke|p1|Pelipper, F|\n|poke|p1|Ribombee, M|\n|poke|p1|Gliscor, M|\n|poke|p1|Grimmsnarl, M|\n|poke|p1|Chimecho, M|\n|poke|p2|Sceptile, F|\n|poke|p2|Swampert, F|\n|poke|p2|Ludicolo, M|\n|poke|p2|Torkoal, F|\n|poke|p2|Dusknoir, M|\n|poke|p2|Swellow, M|\n|teampreview\n|inactive|Battle timer is ON: inactive players will automatically lose when time's up. (requested by deathku)\n|inactive|Sir_chronicles also wants the timer to be on.\n|\n|t:|1700965777\n|start\n|switch|p1a: Ribombee|Ribombee, M|100\/100\n|switch|p2a: Ludicolo|Ludicolo, M|100\/100\n|turn|1\n|\n|t:|1700965783\n|move|p2a: Ludicolo|Fake Out|p1a: Ribombee\n|-damage|p1a: Ribombee|87\/100\n|move|p1a: Ribombee|Sticky Web|p2a: Ludicolo\n|-sidestart|p2: deathku|move: Sticky Web\n|\n|upkeep\n|turn|2\n|\n|t:|1700965791\n|move|p1a: Ribombee|Moonblast|p2a: Ludicolo\n|-damage|p2a: Ludicolo|68\/100\n|move|p2a: Ludicolo|Ice Beam|p1a: Ribombee\n|-damage|p1a: Ribombee|40\/100\n|\n|upkeep\n|turn|3\n|\n|t:|1700965795\n|move|p1a: Ribombee|Moonblast|p2a: Ludicolo\n|-damage|p2a: Ludicolo|35\/100\n|move|p2a: Ludicolo|Ice Beam|p1a: Ribombee\n|-damage|p1a: Ribombee|0 fnt\n|faint|p1a: Ribombee\n|\n|upkeep\n|\n|t:|1700965803\n|switch|p1a: Pelipper|Pelipper, F|100\/100\n|-weather|RainDance|[from] ability: Drizzle|[of] p1a: Pelipper\n|turn|4\n|\n|t:|1700965807\n|move|p2a: Ludicolo|Scald|p1a: Pelipper\n|-resisted|p1a: Pelipper\n|-damage|p1a: Pelipper|61\/100\n|-status|p1a: Pelipper|brn\n|move|p1a: Pelipper|Hurricane|p2a: Ludicolo\n|-supereffective|p2a: Ludicolo\n|-damage|p2a: Ludicolo|0 fnt\n|faint|p2a: Ludicolo\n|\n|-weather|RainDance|[upkeep]\n|-heal|p1a: Pelipper|67\/100 brn|[from] item: Leftovers\n|-damage|p1a: Pelipper|61\/100 brn|[from] brn\n|upkeep\n|\n|t:|1700965813\n|switch|p2a: Swellow|Swellow, M|100\/100\n|turn|5\n|\n|t:|1700965820\n|-terastallize|p2a: Swellow|Normal\n|move|p2a: Swellow|Boomburst|p1a: Pelipper\n|-damage|p1a: Pelipper|0 fnt\n|faint|p1a: Pelipper\n|\n|-weather|RainDance|[upkeep]\n|upkeep\n|\n|t:|1700965825\n|switch|p1a: Grimmsnarl|Grimmsnarl, M|100\/100\n|turn|6\n|\n|t:|1700965827\n|move|p1a: Grimmsnarl|Light Screen|p1a: Grimmsnarl\n|-sidestart|p1: Sir_chronicles|move: Light Screen\n|move|p2a: Swellow|Boomburst|p1a: Grimmsnarl\n|-damage|p1a: Grimmsnarl|51\/100\n|\n|-weather|RainDance|[upkeep]\n|upkeep\n|turn|7\n|\n|t:|1700965832\n|move|p1a: Grimmsnarl|Parting Shot|p2a: Swellow\n|-unboost|p2a: Swellow|atk|1\n|-unboost|p2a: Swellow|spa|1\n|\n|t:|1700965835\n|switch|p1a: Chimecho|Chimecho, M|100\/100|[from] Parting Shot\n|move|p2a: Swellow|Boomburst|p1a: Chimecho\n|-damage|p1a: Chimecho|67\/100\n|\n|-weather|RainDance|[upkeep]\n|-heal|p1a: Chimecho|73\/100|[from] item: Leftovers\n|upkeep\n|turn|8\n|\n|t:|1700965841\n|switch|p2a: Torkoal|Torkoal, F|100\/100\n|-activate|p2a: Torkoal|move: Sticky Web\n|-unboost|p2a: Torkoal|spe|1\n|-weather|SunnyDay|[from] ability: Drought|[of] p2a: Torkoal\n|move|p1a: Chimecho|Perish Song|p1a: Chimecho\n|-start|p1a: Chimecho|perish3|[silent]\n|-start|p2a: Torkoal|perish3|[silent]\n|-fieldactivate|move: Perish Song\n|\n|-weather|SunnyDay|[upkeep]\n|-heal|p1a: Chimecho|79\/100|[from] item: Leftovers\n|-start|p1a: Chimecho|perish3\n|-start|p2a: Torkoal|perish3\n|upkeep\n|turn|9\n|\n|t:|1700965844\n|move|p1a: Chimecho|Psywave|p2a: Torkoal\n|-damage|p2a: Torkoal|65\/100\n|move|p2a: Torkoal|Rapid Spin|p1a: Chimecho\n|-damage|p1a: Chimecho|70\/100\n|-boost|p2a: Torkoal|spe|1\n|-sideend|p2: deathku|Sticky Web|[from] move: Rapid Spin|[of] p2a: Torkoal\n|\n|-weather|SunnyDay|[upkeep]\n|-heal|p1a: Chimecho|76\/100|[from] item: Leftovers\n|-heal|p2a: Torkoal|71\/100|[from] item: Leftovers\n|-start|p1a: Chimecho|perish2\n|-start|p2a: Torkoal|perish2\n|upkeep\n|turn|10\n|\n|t:|1700965857\n|switch|p2a: Dusknoir|Dusknoir, M|100\/100\n|-item|p1a: Chimecho|Leftovers|[from] ability: Frisk|[of] p2a: Dusknoir|[identify]\n|move|p1a: Chimecho|Psywave|p2a: Dusknoir\n|-damage|p2a: Dusknoir|56\/100\n|\n|-weather|SunnyDay|[upkeep]\n|-heal|p1a: Chimecho|83\/100|[from] item: Leftovers\n|-start|p1a: Chimecho|perish1\n|upkeep\n|turn|11\n|\n|t:|1700965860\n|switch|p1a: Grimmsnarl|Grimmsnarl, M|51\/100\n|move|p2a: Dusknoir|Shadow Sneak|p1a: Grimmsnarl\n|-resisted|p1a: Grimmsnarl\n|-damage|p1a: Grimmsnarl|38\/100\n|-damage|p2a: Dusknoir|46\/100|[from] item: Life Orb\n|\n|-weather|SunnyDay|[upkeep]\n|upkeep\n|turn|12\n|\n|t:|1700965864\n|move|p1a: Grimmsnarl|Reflect|p1a: Grimmsnarl\n|-sidestart|p1: Sir_chronicles|Reflect\n|move|p2a: Dusknoir|Earthquake|p1a: Grimmsnarl\n|-damage|p1a: Grimmsnarl|18\/100\n|-damage|p2a: Dusknoir|36\/100|[from] item: Life Orb\n|\n|-weather|none\n|upkeep\n|turn|13\n|\n|t:|1700965868\n|move|p1a: Grimmsnarl|Parting Shot|p2a: Dusknoir\n|-unboost|p2a: Dusknoir|atk|1\n|-unboost|p2a: Dusknoir|spa|1\n|\n|t:|1700965870\n|switch|p1a: Gliscor|Gliscor, M|100\/100|[from] Parting Shot\n|move|p2a: Dusknoir|Earthquake|p1a: Gliscor\n|-immune|p1a: Gliscor\n|\n|-sideend|p1: Sir_chronicles|move: Light Screen\n|-status|p1a: Gliscor|tox|[from] item: Toxic Orb\n|upkeep\n|turn|14\n|\n|t:|1700965873\n|move|p1a: Gliscor|Earthquake|p2a: Dusknoir\n|-damage|p2a: Dusknoir|5\/100\n|move|p2a: Dusknoir|Ice Punch|p1a: Gliscor\n|-supereffective|p1a: Gliscor\n|-damage|p1a: Gliscor|75\/100 tox\n|-damage|p2a: Dusknoir|0 fnt|[from] item: Life Orb\n|faint|p2a: Dusknoir\n|\n|-heal|p1a: Gliscor|87\/100 tox|[from] ability: Poison Heal\n|upkeep\n|-message|deathku forfeited.\n|\n|win|Sir_chronicles\n|raw|Sir_chronicles's rating: 1013 &rarr; <strong>1054<\/strong><br \/>(+41 for winning)\n|raw|deathku's rating: 1042 &rarr; <strong>1024<\/strong><br \/>(-18 for losing)\n|l|\u2606deathku\n","uploadtime":1700965890,"views":6,"p1id":"sirchronicles","p2id":"deathku","formatid":"gen9nationaldex","rating":1024,"private":0,"password":""}