{"id":"gen9nationaldex-1996104767","p1":"Glass101","p2":"daybreak wave3","format":"[Gen 9] National Dex","log":"|html|<div class=\"broadcast-blue\"><strong>[Gen 9] National Dex is currently suspecting Sneasler! For information on how to participate check out the <a href=\"https:\/\/www.smogon.com\/forums\/threads\/sv-national-dex-suspect-8-just-dance.3731534\/\">suspect thread<\/a>.<\/strong><\/div>\n|j|\u2606Glass101\n|j|\u2606daybreak wave3\n|t:|1700644809\n|gametype|singles\n|player|p1|Glass101|1|1459\n|player|p2|daybreak wave3|lillie-masters2|1499\n|teamsize|p1|6\n|teamsize|p2|6\n|gen|9\n|tier|[Gen 9] National Dex\n|rated|\n|rule|HP Percentage Mod: HP is shown in percentages\n|rule|Endless Battle Clause: Forcing endless battles is banned\n|rule|OHKO Clause: OHKO moves are banned\n|rule|Evasion Clause: Evasion abilities, items, and moves are banned\n|rule|Evasion Abilities Clause: Evasion abilities are banned\n|rule|Evasion Items Clause: Evasion items are banned\n|rule|Evasion Moves Clause: Evasion moves are banned\n|rule|Species Clause: Limit one of each Pok\u00e9mon\n|rule|Sleep Clause Mod: Limit one foe put to sleep\n|clearpoke\n|poke|p1|Sinistcha|\n|poke|p1|Ceruledge, F|\n|poke|p1|Clodsire, M|\n|poke|p1|Haxorus, M|\n|poke|p1|Cresselia, F|\n|poke|p1|Crawdaunt, F|\n|poke|p2|Aegislash, F|\n|poke|p2|Ogerpon-Wellspring, F|\n|poke|p2|Moltres|\n|poke|p2|Clodsire, M|\n|poke|p2|Tapu Koko|\n|poke|p2|Garganacl, F|\n|teampreview\n|\n|t:|1700644820\n|start\n|switch|p1a: Crawdaunt|Crawdaunt, F|100\/100\n|switch|p2a: Garganacl|Garganacl, F|100\/100\n|turn|1\n|inactive|Battle timer is ON: inactive players will automatically lose when time's up. (requested by Glass101)\n|\n|t:|1700644836\n|move|p1a: Crawdaunt|Crabhammer|p2a: Garganacl\n|-supereffective|p2a: Garganacl\n|-damage|p2a: Garganacl|12\/100\n|move|p2a: Garganacl|Salt Cure|p1a: Crawdaunt\n|-damage|p1a: Crawdaunt|80\/100\n|\n|-heal|p2a: Garganacl|18\/100|[from] item: Leftovers\n|upkeep\n|turn|2\n|\n|t:|1700644846\n|move|p2a: Garganacl|Protect|p2a: Garganacl\n|-singleturn|p2a: Garganacl|Protect\n|move|p1a: Crawdaunt|Dragon Dance|p1a: Crawdaunt\n|-boost|p1a: Crawdaunt|atk|1\n|-boost|p1a: Crawdaunt|spe|1\n|\n|-heal|p2a: Garganacl|25\/100|[from] item: Leftovers\n|upkeep\n|turn|3\n|\n|t:|1700644860\n|switch|p2a: Ogerpon|Ogerpon-Wellspring, F|100\/100\n|move|p1a: Crawdaunt|Dragon Dance|p1a: Crawdaunt\n|-boost|p1a: Crawdaunt|atk|1\n|-boost|p1a: Crawdaunt|spe|1\n|\n|upkeep\n|turn|4\n|\n|t:|1700644864\n|move|p1a: Crawdaunt|Knock Off|p2a: Ogerpon\n|-damage|p2a: Ogerpon|0 fnt\n|faint|p2a: Ogerpon\n|\n|upkeep\n|\n|t:|1700644883\n|switch|p2a: \u70c8\u7bad\u9e70|Moltres|100\/100\n|turn|5\n|\n|t:|1700644886\n|-terastallize|p2a: \u70c8\u7bad\u9e70|Water\n|move|p1a: Crawdaunt|Crabhammer|p2a: \u70c8\u7bad\u9e70|[miss]\n|-miss|p1a: Crawdaunt|p2a: \u70c8\u7bad\u9e70\n|move|p2a: \u70c8\u7bad\u9e70|U-turn|p1a: Crawdaunt\n|-supereffective|p1a: Crawdaunt\n|-damage|p1a: Crawdaunt|41\/100\n|\n|t:|1700644899\n|switch|p2a: \u585e\u8c6a\u5bcc|Aegislash, F, shiny|100\/100|[from] U-turn\n|\n|upkeep\n|turn|6\n|\n|t:|1700644901\n|move|p2a: \u585e\u8c6a\u5bcc|King's Shield|p2a: \u585e\u8c6a\u5bcc\n|-singleturn|p2a: \u585e\u8c6a\u5bcc|Protect\n|move|p1a: Crawdaunt|Dragon Dance|p1a: Crawdaunt\n|-boost|p1a: Crawdaunt|atk|1\n|-boost|p1a: Crawdaunt|spe|1\n|\n|upkeep\n|turn|7\n|\n|t:|1700644913\n|-formechange|p2a: \u585e\u8c6a\u5bcc|Aegislash-Blade||[from] ability: Stance Change\n|move|p2a: \u585e\u8c6a\u5bcc|Shadow Sneak|p1a: Crawdaunt\n|-resisted|p1a: Crawdaunt\n|-damage|p1a: Crawdaunt|26\/100\n|move|p1a: Crawdaunt|Knock Off|p2a: \u585e\u8c6a\u5bcc\n|-supereffective|p2a: \u585e\u8c6a\u5bcc\n|-damage|p2a: \u585e\u8c6a\u5bcc|0 fnt\n|faint|p2a: \u585e\u8c6a\u5bcc\n|\n|upkeep\n|\n|t:|1700644915\n|switch|p2a: \u70c8\u7bad\u9e70|Moltres, tera:Water|100\/100\n|turn|8\n|\n|t:|1700644917\n|move|p1a: Crawdaunt|Knock Off|p2a: \u70c8\u7bad\u9e70\n|-damage|p2a: \u70c8\u7bad\u9e70|0 fnt\n|-enditem|p2a: \u70c8\u7bad\u9e70|Heavy-Duty Boots|[from] move: Knock Off|[of] p1a: Crawdaunt\n|faint|p2a: \u70c8\u7bad\u9e70\n|\n|upkeep\n|-message|daybreak wave3 forfeited.\n|\n|win|Glass101\n|raw|Glass101's rating: 1485 &rarr; <strong>1506<\/strong><br \/>(+21 for winning)\n|raw|daybreak wave3's rating: 1499 &rarr; <strong>1478<\/strong><br \/>(-21 for losing)\n|l|\u2606daybreak wave3\n","uploadtime":1700644925,"views":14,"p1id":"glass101","p2id":"daybreakwave3","formatid":"gen9nationaldex","rating":1478,"private":0,"password":""}