{"id":"gen9nationaldex-1995378838","p1":"kunkeinegeg","p2":"Viruskilleryt2","format":"[Gen 9] National Dex","log":"|html|<div class=\"broadcast-blue\"><strong>[Gen 9] National Dex is currently suspecting Sneasler! For information on how to participate check out the <a href=\"https:\/\/www.smogon.com\/forums\/threads\/sv-national-dex-suspect-8-just-dance.3731534\/\">suspect thread<\/a>.<\/strong><\/div>\n|j|\u2606kunkeinegeg\n|j|\u2606Viruskilleryt2\n|t:|1700562630\n|gametype|singles\n|player|p1|kunkeinegeg|ghetsis|1114\n|player|p2|Viruskilleryt2|102|1072\n|teamsize|p1|6\n|teamsize|p2|6\n|gen|9\n|tier|[Gen 9] National Dex\n|rated|\n|rule|HP Percentage Mod: HP is shown in percentages\n|rule|Endless Battle Clause: Forcing endless battles is banned\n|rule|OHKO Clause: OHKO moves are banned\n|rule|Evasion Clause: Evasion abilities, items, and moves are banned\n|rule|Evasion Abilities Clause: Evasion abilities are banned\n|rule|Evasion Items Clause: Evasion items are banned\n|rule|Evasion Moves Clause: Evasion moves are banned\n|rule|Species Clause: Limit one of each Pok\u00e9mon\n|rule|Sleep Clause Mod: Limit one foe put to sleep\n|clearpoke\n|poke|p1|Glastrier|\n|poke|p1|Banette, F|\n|poke|p1|Marowak-Alola, M|\n|poke|p1|Hatterene, F|\n|poke|p1|Sneasler, M|\n|poke|p1|Porygon2|\n|poke|p2|Krookodile, F|\n|poke|p2|Greninja-*, F|\n|poke|p2|Charizard, F|\n|poke|p2|Kleavor, F|\n|poke|p2|Sceptile, F|\n|poke|p2|Toxtricity, F|\n|teampreview\n|\n|t:|1700562641\n|start\n|switch|p1a: \u8857\u6e9c\u5b50|Sneasler, M, shiny|100\/100\n|switch|p2a: the rockler|Kleavor, F|100\/100\n|turn|1\n|\n|t:|1700562649\n|move|p1a: \u8857\u6e9c\u5b50|Fake Out|p2a: the rockler\n|-enditem|p1a: \u8857\u6e9c\u5b50|Normal Gem|[from] gem\n|-resisted|p2a: the rockler\n|-damage|p2a: the rockler|89\/100\n|cant|p2a: the rockler|flinch\n|\n|upkeep\n|turn|2\n|\n|t:|1700562655\n|move|p1a: \u8857\u6e9c\u5b50|U-turn|p2a: the rockler\n|-damage|p2a: the rockler|60\/100\n|\n|t:|1700562659\n|switch|p1a: \u4e0d\u8bb2\u6b66\u5fb7|Banette, F|100\/100|[from] U-turn\n|-item|p2a: the rockler|Aguav Berry|[from] ability: Frisk|[of] p1a: \u4e0d\u8bb2\u6b66\u5fb7|[identify]\n|move|p2a: the rockler|Psycho Cut|p1a: \u4e0d\u8bb2\u6b66\u5fb7\n|-crit|p1a: \u4e0d\u8bb2\u6b66\u5fb7\n|-damage|p1a: \u4e0d\u8bb2\u6b66\u5fb7|26\/100\n|\n|upkeep\n|turn|3\n|\n|t:|1700562669\n|detailschange|p1a: \u4e0d\u8bb2\u6b66\u5fb7|Banette-Mega, F\n|-mega|p1a: \u4e0d\u8bb2\u6b66\u5fb7|Banette|Banettite\n|move|p1a: \u4e0d\u8bb2\u6b66\u5fb7|Destiny Bond|p1a: \u4e0d\u8bb2\u6b66\u5fb7\n|-singlemove|p1a: \u4e0d\u8bb2\u6b66\u5fb7|Destiny Bond\n|move|p2a: the rockler|Stone Axe|p1a: \u4e0d\u8bb2\u6b66\u5fb7\n|-damage|p1a: \u4e0d\u8bb2\u6b66\u5fb7|0 fnt\n|-sidestart|p1: kunkeinegeg|move: Stealth Rock\n|faint|p1a: \u4e0d\u8bb2\u6b66\u5fb7\n|-activate|p1a: \u4e0d\u8bb2\u6b66\u5fb7|move: Destiny Bond\n|faint|p2a: the rockler\n|\n|upkeep\n|c|\u2606Viruskilleryt2|Ow\n|\n|t:|1700562681\n|switch|p2a: Toxtricity|Toxtricity, F, shiny|100\/100\n|switch|p1a: \u8857\u6e9c\u5b50|Sneasler, M, shiny|100\/100\n|-damage|p1a: \u8857\u6e9c\u5b50|95\/100|[from] Stealth Rock\n|turn|4\n|\n|t:|1700562690\n|move|p1a: \u8857\u6e9c\u5b50|Fake Out|p2a: Toxtricity\n|-damage|p2a: Toxtricity|81\/100\n|cant|p2a: Toxtricity|flinch\n|\n|upkeep\n|turn|5\n|\n|t:|1700562696\n|-terastallize|p1a: \u8857\u6e9c\u5b50|Psychic\n|move|p1a: \u8857\u6e9c\u5b50|Dire Claw|p2a: Toxtricity\n|-resisted|p2a: Toxtricity\n|-damage|p2a: Toxtricity|53\/100\n|move|p2a: Toxtricity|Shift Gear|p2a: Toxtricity\n|-boost|p2a: Toxtricity|spe|2\n|-boost|p2a: Toxtricity|atk|1\n|\n|upkeep\n|turn|6\n|\n|t:|1700562706\n|-terastallize|p2a: Toxtricity|Normal\n|move|p2a: Toxtricity|Boomburst|p1a: \u8857\u6e9c\u5b50\n|-damage|p1a: \u8857\u6e9c\u5b50|0 fnt\n|faint|p1a: \u8857\u6e9c\u5b50\n|-enditem|p2a: Toxtricity|Throat Spray\n|-boost|p2a: Toxtricity|spa|1|[from] item: Throat Spray\n|\n|upkeep\n|\n|t:|1700562715\n|switch|p1a: Porygon2|Porygon2, shiny|100\/100\n|-damage|p1a: Porygon2|88\/100|[from] Stealth Rock\n|-ability|p1a: Porygon2|Punk Rock|[from] ability: Trace|[of] p2a: Toxtricity\n|turn|7\n|\n|t:|1700562722\n|move|p2a: Toxtricity|Boomburst|p1a: Porygon2\n|-damage|p1a: Porygon2|50\/100\n|move|p1a: Porygon2|Trick Room|p1a: Porygon2\n|-fieldstart|move: Trick Room|[of] p1a: Porygon2\n|\n|upkeep\n|turn|8\n|\n|t:|1700562728\n|move|p1a: Porygon2|Ice Beam|p2a: Toxtricity\n|-damage|p2a: Toxtricity|25\/100\n|move|p2a: Toxtricity|Discharge|p1a: Porygon2\n|-damage|p1a: Porygon2|14\/100\n|-status|p1a: Porygon2|par\n|\n|upkeep\n|turn|9\n|\n|t:|1700562736\n|move|p1a: Porygon2|Ice Beam|p2a: Toxtricity\n|-damage|p2a: Toxtricity|0 fnt\n|faint|p2a: Toxtricity\n|\n|upkeep\n|\n|t:|1700562748\n|switch|p2a: slash|Sceptile, F|100\/100\n|turn|10\n|\n|t:|1700562752\n|move|p2a: slash|Endure|p2a: slash\n|-singleturn|p2a: slash|move: Endure\n|move|p1a: Porygon2|Recover|p1a: Porygon2\n|-heal|p1a: Porygon2|64\/100 par\n|\n|upkeep\n|turn|11\n|\n|t:|1700562758\n|move|p1a: Porygon2|Recover|p1a: Porygon2\n|-heal|p1a: Porygon2|100\/100 par\n|move|p2a: slash|Thunder Punch|p1a: Porygon2\n|-damage|p1a: Porygon2|91\/100 par\n|\n|-fieldend|move: Trick Room\n|upkeep\n|turn|12\n|\n|t:|1700562766\n|move|p2a: slash|Endure|p2a: slash\n|-singleturn|p2a: slash|move: Endure\n|move|p1a: Porygon2|Teleport|p1a: Porygon2\n|\n|t:|1700562771\n|switch|p1a: \u70ae\u7070\u4e00\u59d0|Hatterene, F|100\/100|[from] Teleport\n|-damage|p1a: \u70ae\u7070\u4e00\u59d0|88\/100|[from] Stealth Rock\n|\n|-heal|p1a: \u70ae\u7070\u4e00\u59d0|94\/100|[from] item: Leftovers\n|upkeep\n|turn|13\n|\n|t:|1700562779\n|move|p2a: slash|Leaf Blade|p1a: \u70ae\u7070\u4e00\u59d0\n|-damage|p1a: \u70ae\u7070\u4e00\u59d0|57\/100\n|move|p1a: \u70ae\u7070\u4e00\u59d0|Trick Room|p1a: \u70ae\u7070\u4e00\u59d0\n|-fieldstart|move: Trick Room|[of] p1a: \u70ae\u7070\u4e00\u59d0\n|\n|-heal|p1a: \u70ae\u7070\u4e00\u59d0|63\/100|[from] item: Leftovers\n|upkeep\n|turn|14\n|c|\u2606Viruskilleryt2|Not again lol\n|\n|t:|1700562787\n|move|p1a: \u70ae\u7070\u4e00\u59d0|Mystical Fire|p2a: slash\n|-supereffective|p2a: slash\n|-damage|p2a: slash|22\/100\n|-unboost|p2a: slash|spa|1\n|-enditem|p2a: slash|Weakness Policy\n|-boost|p2a: slash|atk|2|[from] item: Weakness Policy\n|-boost|p2a: slash|spa|2|[from] item: Weakness Policy\n|move|p2a: slash|Leaf Blade|p1a: \u70ae\u7070\u4e00\u59d0\n|-crit|p1a: \u70ae\u7070\u4e00\u59d0\n|-damage|p1a: \u70ae\u7070\u4e00\u59d0|0 fnt\n|faint|p1a: \u70ae\u7070\u4e00\u59d0\n|\n|upkeep\n|\n|t:|1700562799\n|switch|p1a: \u529b\u5ea6\u600e\u4e48\u6837|Marowak-Alola, M, shiny|100\/100\n|-damage|p1a: \u529b\u5ea6\u600e\u4e48\u6837|75\/100|[from] Stealth Rock\n|turn|15\n|\n|t:|1700562803\n|move|p1a: \u529b\u5ea6\u600e\u4e48\u6837|Flare Blitz|p2a: slash\n|-supereffective|p2a: slash\n|-damage|p2a: slash|0 fnt\n|faint|p2a: slash\n|\n|upkeep\n|\n|t:|1700562807\n|switch|p2a: raxter|Krookodile, F|100\/100\n|turn|16\n|\n|t:|1700562811\n|move|p1a: \u529b\u5ea6\u600e\u4e48\u6837|Flare Blitz|p2a: raxter\n|-damage|p2a: raxter|0 fnt\n|faint|p2a: raxter\n|\n|upkeep\n|\n|t:|1700562816\n|switch|p2a: storm|Greninja, F|100\/100\n|turn|17\n|\n|t:|1700562821\n|move|p1a: \u529b\u5ea6\u600e\u4e48\u6837|Earthquake|p2a: storm\n|-damage|p2a: storm|43\/100\n|move|p2a: storm|Surf|p1a: \u529b\u5ea6\u600e\u4e48\u6837\n|-start|p2a: storm|typechange|Water|[from] ability: Protean\n|-supereffective|p1a: \u529b\u5ea6\u600e\u4e48\u6837\n|-damage|p1a: \u529b\u5ea6\u600e\u4e48\u6837|0 fnt\n|faint|p1a: \u529b\u5ea6\u600e\u4e48\u6837\n|\n|-fieldend|move: Trick Room\n|upkeep\n|\n|t:|1700562833\n|switch|p1a: Porygon2|Porygon2, shiny|91\/100 par\n|-damage|p1a: Porygon2|79\/100 par|[from] Stealth Rock\n|-ability|p1a: Porygon2|Protean|[from] ability: Trace|[of] p2a: storm\n|turn|18\n|\n|t:|1700562840\n|move|p2a: storm|Ice Beam|p1a: Porygon2\n|-damage|p1a: Porygon2|66\/100 par\n|move|p1a: Porygon2|Trick Room|p1a: Porygon2\n|-start|p1a: Porygon2|typechange|Psychic|[from] ability: Protean\n|-fieldstart|move: Trick Room|[of] p1a: Porygon2\n|\n|upkeep\n|turn|19\n|\n|t:|1700562849\n|move|p1a: Porygon2|Ice Beam|p2a: storm\n|-resisted|p2a: storm\n|-damage|p2a: storm|34\/100\n|move|p2a: storm|Ice Beam|p1a: Porygon2\n|-damage|p1a: Porygon2|52\/100 par\n|\n|upkeep\n|turn|20\n|\n|t:|1700562856\n|cant|p1a: Porygon2|par\n|move|p2a: storm|Ice Beam|p1a: Porygon2\n|-damage|p1a: Porygon2|39\/100 par\n|\n|upkeep\n|turn|21\n|\n|t:|1700562863\n|move|p1a: Porygon2|Recover|p1a: Porygon2\n|-heal|p1a: Porygon2|89\/100 par\n|move|p2a: storm|Surf|p1a: Porygon2\n|-damage|p1a: Porygon2|70\/100 par\n|\n|upkeep\n|turn|22\n|\n|t:|1700562870\n|move|p1a: Porygon2|Ice Beam|p2a: storm\n|-resisted|p2a: storm\n|-damage|p2a: storm|25\/100\n|move|p2a: storm|Ice Beam|p1a: Porygon2\n|-damage|p1a: Porygon2|57\/100 par\n|\n|-fieldend|move: Trick Room\n|upkeep\n|turn|23\n|\n|t:|1700562878\n|move|p2a: storm|Ice Beam|p1a: Porygon2\n|-damage|p1a: Porygon2|44\/100 par\n|cant|p1a: Porygon2|par\n|\n|upkeep\n|turn|24\n|\n|t:|1700562884\n|move|p2a: storm|Ice Beam|p1a: Porygon2\n|-damage|p1a: Porygon2|30\/100 par\n|move|p1a: Porygon2|Trick Room|p1a: Porygon2\n|-fieldstart|move: Trick Room|[of] p1a: Porygon2\n|\n|upkeep\n|turn|25\n|\n|t:|1700562891\n|cant|p1a: Porygon2|par\n|move|p2a: storm|Ice Beam|p1a: Porygon2\n|-damage|p1a: Porygon2|16\/100 par\n|\n|upkeep\n|turn|26\n|\n|t:|1700562896\n|move|p1a: Porygon2|Recover|p1a: Porygon2\n|-heal|p1a: Porygon2|66\/100 par\n|move|p2a: storm|Surf|p1a: Porygon2\n|-damage|p1a: Porygon2|45\/100 par\n|\n|upkeep\n|turn|27\n|\n|t:|1700562903\n|move|p1a: Porygon2|Recover|p1a: Porygon2\n|-heal|p1a: Porygon2|95\/100 par\n|move|p2a: storm|Surf|p1a: Porygon2\n|-damage|p1a: Porygon2|74\/100 par\n|\n|upkeep\n|turn|28\n|\n|t:|1700562910\n|move|p1a: Porygon2|Ice Beam|p2a: storm\n|-resisted|p2a: storm\n|-damage|p2a: storm|16\/100\n|move|p2a: storm|Surf|p1a: Porygon2\n|-damage|p1a: Porygon2|53\/100 par\n|\n|-fieldend|move: Trick Room\n|upkeep\n|turn|29\n|\n|t:|1700562919\n|move|p2a: storm|Surf|p1a: Porygon2\n|-damage|p1a: Porygon2|30\/100 par\n|move|p1a: Porygon2|Trick Room|p1a: Porygon2\n|-fieldstart|move: Trick Room|[of] p1a: Porygon2\n|\n|upkeep\n|turn|30\n|\n|t:|1700562925\n|move|p1a: Porygon2|Recover|p1a: Porygon2\n|-heal|p1a: Porygon2|80\/100 par\n|move|p2a: storm|Surf|p1a: Porygon2\n|-damage|p1a: Porygon2|61\/100 par\n|\n|upkeep\n|turn|31\n|c|\u2606Viruskilleryt2|Bruhhh\n|\n|t:|1700562931\n|move|p1a: Porygon2|Ice Beam|p2a: storm\n|-resisted|p2a: storm\n|-damage|p2a: storm|7\/100\n|move|p2a: storm|Surf|p1a: Porygon2\n|-damage|p1a: Porygon2|42\/100 par\n|\n|upkeep\n|turn|32\n|c|\u2606Viruskilleryt2|lol\n|\n|t:|1700562938\n|move|p1a: Porygon2|Recover|p1a: Porygon2\n|-heal|p1a: Porygon2|92\/100 par\n|move|p2a: storm|Surf|p1a: Porygon2\n|-damage|p1a: Porygon2|69\/100 par\n|\n|upkeep\n|turn|33\n|\n|t:|1700562946\n|move|p1a: Porygon2|Ice Beam|p2a: storm\n|-resisted|p2a: storm\n|-damage|p2a: storm|0 fnt\n|faint|p2a: storm\n|\n|-fieldend|move: Trick Room\n|upkeep\n|\n|t:|1700562948\n|switch|p2a: Charcoal|Charizard, F|100\/100\n|turn|34\n|\n|t:|1700562954\n|detailschange|p2a: Charcoal|Charizard-Mega-Y, F\n|-mega|p2a: Charcoal|Charizard|Charizardite Y\n|-weather|SunnyDay|[from] ability: Drought|[of] p2a: Charcoal\n|move|p2a: Charcoal|Air Slash|p1a: Porygon2\n|-damage|p1a: Porygon2|46\/100 par\n|cant|p1a: Porygon2|flinch\n|\n|-weather|SunnyDay|[upkeep]\n|upkeep\n|turn|35\n|\n|t:|1700562964\n|move|p2a: Charcoal|Air Slash|p1a: Porygon2\n|-damage|p1a: Porygon2|18\/100 par\n|move|p1a: Porygon2|Trick Room|p1a: Porygon2\n|-fieldstart|move: Trick Room|[of] p1a: Porygon2\n|\n|-weather|SunnyDay|[upkeep]\n|upkeep\n|turn|36\n|\n|t:|1700562971\n|move|p1a: Porygon2|Ice Beam|p2a: Charcoal\n|-damage|p2a: Charcoal|82\/100\n|move|p2a: Charcoal|Air Slash|p1a: Porygon2\n|-damage|p1a: Porygon2|0 fnt\n|faint|p1a: Porygon2\n|\n|-weather|SunnyDay|[upkeep]\n|upkeep\n|\n|t:|1700562979\n|switch|p1a: \u6551\u573a\u4e00\u54e5|Glastrier|100\/100\n|-damage|p1a: \u6551\u573a\u4e00\u54e5|76\/100|[from] Stealth Rock\n|turn|37\n|\n|t:|1700562985\n|move|p1a: \u6551\u573a\u4e00\u54e5|Icicle Crash|p2a: Charcoal|[miss]\n|-miss|p1a: \u6551\u573a\u4e00\u54e5|p2a: Charcoal\n|move|p2a: Charcoal|Flamethrower|p1a: \u6551\u573a\u4e00\u54e5\n|-supereffective|p1a: \u6551\u573a\u4e00\u54e5\n|-damage|p1a: \u6551\u573a\u4e00\u54e5|0 fnt\n|faint|p1a: \u6551\u573a\u4e00\u54e5\n|\n|win|Viruskilleryt2\n|raw|kunkeinegeg's rating: 1114 &rarr; <strong>1086<\/strong><br \/>(-28 for losing)\n|raw|Viruskilleryt2's rating: 1072 &rarr; <strong>1105<\/strong><br \/>(+33 for winning)\n|c|\u2606Viruskilleryt2|Gg that was close\n","uploadtime":1700562994,"views":2,"p1id":"kunkeinegeg","p2id":"viruskilleryt2","formatid":"gen9nationaldex","rating":1086,"private":0,"password":""}