{"id":"gen9nationaldex-1989353675","p1":"lrida","p2":"pigeonmuffdiver","format":"[Gen 9] National Dex","log":"|j|\u2606lrida\n|j|\u2606pigeonmuffdiver\n|t:|1699839838\n|gametype|singles\n|player|p1|lrida|irida|1349\n|player|p2|pigeonmuffdiver|boarder|1309\n|teamsize|p1|6\n|teamsize|p2|6\n|gen|9\n|tier|[Gen 9] National Dex\n|rated|\n|rule|HP Percentage Mod: HP is shown in percentages\n|rule|Endless Battle Clause: Forcing endless battles is banned\n|rule|OHKO Clause: OHKO moves are banned\n|rule|Evasion Clause: Evasion abilities, items, and moves are banned\n|rule|Evasion Abilities Clause: Evasion abilities are banned\n|rule|Evasion Items Clause: Evasion items are banned\n|rule|Evasion Moves Clause: Evasion moves are banned\n|rule|Species Clause: Limit one of each Pok\u00e9mon\n|rule|Sleep Clause Mod: Limit one foe put to sleep\n|clearpoke\n|poke|p1|Mawile, F|\n|poke|p1|Urshifu-*, M|\n|poke|p1|Ursaluna, F|\n|poke|p1|Hatterene, F|\n|poke|p1|Tapu Koko|\n|poke|p1|Sinistcha-Masterpiece|\n|poke|p2|Ursaluna, M|\n|poke|p2|Overqwil, F|\n|poke|p2|Blastoise, F|\n|poke|p2|Typhlosion-Hisui, F|\n|poke|p2|Leafeon, F|\n|poke|p2|Heracross, F|\n|teampreview\n|\n|t:|1699839857\n|start\n|switch|p1a: Urshifu|Urshifu-Rapid-Strike, M|100\/100\n|switch|p2a: Overqwil|Overqwil, F|100\/100\n|-ability|p2a: Overqwil|Intimidate|boost\n|-unboost|p1a: Urshifu|atk|1\n|turn|1\n|\n|t:|1699839895\n|switch|p1a: Mawile|Mawile, F|100\/100\n|-ability|p1a: Mawile|Intimidate|boost\n|-unboost|p2a: Overqwil|atk|1\n|move|p2a: Overqwil|Toxic|p1a: Mawile\n|-immune|p1a: Mawile\n|\n|upkeep\n|turn|2\n|\n|t:|1699839914\n|detailschange|p1a: Mawile|Mawile-Mega, F\n|-mega|p1a: Mawile|Mawile|Mawilite\n|move|p2a: Overqwil|Toxic Spikes|p1a: Mawile\n|-sidestart|p1: lrida|move: Toxic Spikes\n|move|p1a: Mawile|Power-Up Punch|p2a: Overqwil\n|-damage|p2a: Overqwil|82\/100\n|-boost|p1a: Mawile|atk|1\n|\n|-heal|p2a: Overqwil|88\/100|[from] item: Leftovers\n|upkeep\n|turn|3\n|\n|t:|1699839922\n|move|p2a: Overqwil|Toxic Spikes|p1a: Mawile\n|-sidestart|p1: lrida|move: Toxic Spikes\n|move|p1a: Mawile|Power-Up Punch|p2a: Overqwil\n|-damage|p2a: Overqwil|62\/100\n|-boost|p1a: Mawile|atk|1\n|\n|-heal|p2a: Overqwil|68\/100|[from] item: Leftovers\n|upkeep\n|turn|4\n|\n|t:|1699839941\n|switch|p2a: Leafeon|Leafeon, F|100\/100\n|move|p1a: Mawile|Power-Up Punch|p2a: Leafeon\n|-damage|p2a: Leafeon|61\/100\n|-boost|p1a: Mawile|atk|1\n|\n|-heal|p2a: Leafeon|67\/100|[from] item: Leftovers\n|upkeep\n|turn|5\n|\n|t:|1699839953\n|move|p1a: Mawile|Sucker Punch||[still]\n|-fail|p1a: Mawile\n|move|p2a: Leafeon|Wish|p2a: Leafeon\n|\n|-heal|p2a: Leafeon|73\/100|[from] item: Leftovers\n|upkeep\n|turn|6\n|\n|t:|1699839964\n|switch|p2a: Blastoise|Blastoise, F|100\/100\n|move|p1a: Mawile|Iron Head|p2a: Blastoise\n|-resisted|p2a: Blastoise\n|-damage|p2a: Blastoise|15\/100\n|\n|-heal|p2a: Blastoise|61\/100|[from] move: Wish|[wisher] Leafeon\n|upkeep\n|turn|7\n|\n|t:|1699839974\n|move|p2a: Blastoise|Fake Out|p1a: Mawile\n|-resisted|p1a: Mawile\n|-damage|p1a: Mawile|97\/100\n|cant|p1a: Mawile|flinch\n|\n|upkeep\n|turn|8\n|\n|t:|1699839988\n|move|p1a: Mawile|Sucker Punch|p2a: Blastoise\n|-damage|p2a: Blastoise|0 fnt\n|faint|p2a: Blastoise\n|\n|upkeep\n|\n|t:|1699839996\n|switch|p2a: Heracross|Heracross, F|100\/100\n|turn|9\n|\n|t:|1699840025\n|detailschange|p2a: Heracross|Heracross-Mega, F\n|-mega|p2a: Heracross|Heracross|Heracronite\n|move|p2a: Heracross|Arm Thrust|p1a: Mawile\n|-damage|p1a: Mawile|86\/100\n|-damage|p1a: Mawile|75\/100\n|-damage|p1a: Mawile|65\/100\n|-damage|p1a: Mawile|55\/100\n|-damage|p1a: Mawile|45\/100\n|-hitcount|p1a: Mawile|5\n|move|p1a: Mawile|Iron Head|p2a: Heracross\n|-damage|p2a: Heracross|0 fnt\n|faint|p2a: Heracross\n|\n|upkeep\n|\n|t:|1699840038\n|switch|p2a: Typhlosion|Typhlosion-Hisui, F|100\/100\n|turn|10\n|\n|t:|1699840045\n|move|p1a: Mawile|Sucker Punch|p2a: Typhlosion\n|-supereffective|p2a: Typhlosion\n|-damage|p2a: Typhlosion|0 fnt\n|faint|p2a: Typhlosion\n|\n|upkeep\n|-message|pigeonmuffdiver forfeited.\n|\n|win|lrida\n|raw|lrida's rating: 1349 &rarr; <strong>1367<\/strong><br \/>(+18 for winning)\n|raw|pigeonmuffdiver's rating: 1309 &rarr; <strong>1291<\/strong><br \/>(-18 for losing)\n|l|\u2606pigeonmuffdiver\n","uploadtime":1699840056,"views":14,"p1id":"lrida","p2id":"pigeonmuffdiver","formatid":"gen9nationaldex","rating":1291,"private":0,"password":""}