{"id":"gen9nationaldex-1999218968","p1":"NeverGP","p2":"UrLordAndSavoir","format":"[Gen 9] National Dex","log":"|html|<div class=\"broadcast-blue\"><strong>[Gen 9] National Dex is currently suspecting Sneasler! For information on how to participate check out the <a href=\"https:\/\/www.smogon.com\/forums\/threads\/sv-national-dex-suspect-8-just-dance.3731534\/\">suspect thread<\/a>.<\/strong><\/div>\n|j|\u2606NeverGP\n|j|\u203dUrLordAndSavoir\n|t:|1701046907\n|gametype|singles\n|player|p1|NeverGP|169|1442\n|player|p2|UrLordAndSavoir|1|1460\n|teamsize|p1|6\n|teamsize|p2|6\n|gen|9\n|tier|[Gen 9] National Dex\n|rated|\n|rule|HP Percentage Mod: HP is shown in percentages\n|rule|Endless Battle Clause: Forcing endless battles is banned\n|rule|OHKO Clause: OHKO moves are banned\n|rule|Evasion Clause: Evasion abilities, items, and moves are banned\n|rule|Evasion Abilities Clause: Evasion abilities are banned\n|rule|Evasion Items Clause: Evasion items are banned\n|rule|Evasion Moves Clause: Evasion moves are banned\n|rule|Species Clause: Limit one of each Pok\u00e9mon\n|rule|Sleep Clause Mod: Limit one foe put to sleep\n|clearpoke\n|poke|p1|Banette, M|\n|poke|p1|Slowking-Galar, M|\n|poke|p1|Garganacl, M|\n|poke|p1|Great Tusk|\n|poke|p1|Tapu Bulu|\n|poke|p1|Corviknight, M|\n|poke|p2|Lopunny, F|\n|poke|p2|Ferrothorn, F|\n|poke|p2|Toxapex, F|\n|poke|p2|Landorus-Therian, M|\n|poke|p2|Zapdos|\n|poke|p2|Iron Valiant|\n|teampreview\n|\n|t:|1701046926\n|start\n|switch|p1a: Great Tusk|Great Tusk|100\/100\n|switch|p2a: Zapdos|Zapdos|100\/100\n|turn|1\n|inactive|Battle timer is ON: inactive players will automatically lose when time's up. (requested by NeverGP)\n|\n|t:|1701046933\n|move|p2a: Zapdos|Hurricane|p1a: Great Tusk\n|-supereffective|p1a: Great Tusk\n|-damage|p1a: Great Tusk|0 fnt\n|faint|p1a: Great Tusk\n|-end|p1a: Great Tusk|Protosynthesis|[silent]\n|\n|upkeep\n|\n|t:|1701046942\n|switch|p1a: Garganacl|Garganacl, M|100\/100\n|turn|2\n|\n|t:|1701046944\n|move|p2a: Zapdos|Volt Switch|p1a: Garganacl\n|-damage|p1a: Garganacl|80\/100\n|\n|t:|1701046952\n|switch|p2a: Lopunny|Lopunny, F|100\/100|[from] Volt Switch\n|move|p1a: Garganacl|Stealth Rock|p2a: Lopunny\n|-sidestart|p2: UrLordAndSavoir|move: Stealth Rock\n|\n|-heal|p1a: Garganacl|86\/100|[from] item: Leftovers\n|upkeep\n|turn|3\n|\n|t:|1701046963\n|switch|p1a: Corviknight|Corviknight, M|100\/100\n|-ability|p1a: Corviknight|Pressure\n|detailschange|p2a: Lopunny|Lopunny-Mega, F\n|-mega|p2a: Lopunny|Lopunny|Lopunnite\n|move|p2a: Lopunny|Fake Out|p1a: Corviknight\n|-resisted|p1a: Corviknight\n|-damage|p1a: Corviknight|94\/100\n|\n|upkeep\n|turn|4\n|\n|t:|1701046978\n|switch|p2a: Landorus|Landorus-Therian, M|100\/100\n|-damage|p2a: Landorus|88\/100|[from] Stealth Rock\n|-ability|p2a: Landorus|Intimidate|boost\n|-unboost|p1a: Corviknight|atk|1\n|move|p1a: Corviknight|U-turn|p2a: Landorus\n|-resisted|p2a: Landorus\n|-damage|p2a: Landorus|85\/100\n|\n|t:|1701046992\n|switch|p1a: Tapu Bulu|Tapu Bulu, shiny|100\/100|[from] U-turn\n|-fieldstart|move: Grassy Terrain|[from] ability: Grassy Surge|[of] p1a: Tapu Bulu\n|\n|-heal|p2a: Landorus|91\/100|[from] item: Leftovers\n|upkeep\n|turn|5\n|\n|t:|1701046997\n|move|p1a: Tapu Bulu|Swords Dance|p1a: Tapu Bulu\n|-boost|p1a: Tapu Bulu|atk|2\n|move|p2a: Landorus|Defog|p1a: Tapu Bulu\n|-unboost|p1a: Tapu Bulu|evasion|1\n|-sideend|p2: UrLordAndSavoir|Stealth Rock|[from] move: Defog|[of] p2a: Landorus\n|-fieldend|move: Grassy Terrain\n|\n|-heal|p2a: Landorus|97\/100|[from] item: Leftovers\n|upkeep\n|turn|6\n|\n|t:|1701047011\n|switch|p2a: Ferrothorn|Ferrothorn, F|100\/100\n|move|p1a: Tapu Bulu|Horn Leech|p2a: Ferrothorn\n|-resisted|p2a: Ferrothorn\n|-damage|p2a: Ferrothorn|89\/100\n|-damage|p1a: Tapu Bulu|88\/100|[from] ability: Iron Barbs|[of] p2a: Ferrothorn\n|-damage|p1a: Tapu Bulu|71\/100|[from] item: Rocky Helmet|[of] p2a: Ferrothorn\n|\n|-heal|p1a: Tapu Bulu|78\/100|[from] item: Leftovers\n|upkeep\n|turn|7\n|\n|t:|1701047021\n|move|p1a: Tapu Bulu|Close Combat|p2a: Ferrothorn\n|-supereffective|p2a: Ferrothorn\n|-damage|p2a: Ferrothorn|0 fnt\n|-unboost|p1a: Tapu Bulu|def|1\n|-unboost|p1a: Tapu Bulu|spd|1\n|-damage|p1a: Tapu Bulu|65\/100|[from] ability: Iron Barbs|[of] p2a: Ferrothorn\n|-damage|p1a: Tapu Bulu|49\/100|[from] item: Rocky Helmet|[of] p2a: Ferrothorn\n|faint|p2a: Ferrothorn\n|\n|-heal|p1a: Tapu Bulu|55\/100|[from] item: Leftovers\n|upkeep\n|\n|t:|1701047026\n|switch|p2a: Iron Valiant|Iron Valiant|100\/100\n|-enditem|p2a: Iron Valiant|Booster Energy\n|-activate|p2a: Iron Valiant|ability: Quark Drive|[fromitem]\n|-start|p2a: Iron Valiant|quarkdrivespe\n|turn|8\n|\n|t:|1701047036\n|switch|p1a: Slowking|Slowking-Galar, M|100\/100\n|move|p2a: Iron Valiant|Moonblast|p1a: Slowking\n|-resisted|p1a: Slowking\n|-damage|p1a: Slowking|87\/100\n|-unboost|p1a: Slowking|spa|1\n|\n|upkeep\n|turn|9\n|\n|t:|1701047048\n|-end|p2a: Iron Valiant|Quark Drive|[silent]\n|switch|p2a: Lopunny|Lopunny-Mega, F|100\/100\n|move|p1a: Slowking|Future Sight|p2a: Lopunny\n|-start|p1a: Slowking|move: Future Sight\n|\n|upkeep\n|turn|10\n|\n|t:|1701047057\n|switch|p1a: Corviknight|Corviknight, M|94\/100\n|-ability|p1a: Corviknight|Pressure\n|move|p2a: Lopunny|Return|p1a: Corviknight\n|-resisted|p1a: Corviknight\n|-damage|p1a: Corviknight|76\/100\n|\n|upkeep\n|turn|11\n|\n|t:|1701047064\n|switch|p2a: Zapdos|Zapdos|100\/100\n|move|p1a: Corviknight|U-turn|p2a: Zapdos\n|-resisted|p2a: Zapdos\n|-damage|p2a: Zapdos|93\/100\n|\n|t:|1701047068\n|switch|p1a: Garganacl|Garganacl, M|86\/100|[from] U-turn\n|\n|-end|p2a: Zapdos|move: Future Sight\n|-damage|p2a: Zapdos|52\/100\n|-heal|p1a: Garganacl|93\/100|[from] item: Leftovers\n|upkeep\n|turn|12\n|\n|t:|1701047074\n|move|p2a: Zapdos|Roost|p2a: Zapdos\n|-heal|p2a: Zapdos|100\/100\n|-singleturn|p2a: Zapdos|move: Roost\n|move|p1a: Garganacl|Salt Cure|p2a: Zapdos\n|-damage|p2a: Zapdos|86\/100\n|-start|p2a: Zapdos|Salt Cure\n|\n|-heal|p1a: Garganacl|99\/100|[from] item: Leftovers\n|-damage|p2a: Zapdos|73\/100|[from] Salt Cure\n|upkeep\n|turn|13\n|\n|t:|1701047081\n|move|p1a: Garganacl|Protect|p1a: Garganacl\n|-singleturn|p1a: Garganacl|Protect\n|move|p2a: Zapdos|Volt Switch|p1a: Garganacl\n|-activate|p1a: Garganacl|move: Protect\n|\n|-heal|p1a: Garganacl|100\/100|[from] item: Leftovers\n|-damage|p2a: Zapdos|61\/100|[from] Salt Cure\n|upkeep\n|turn|14\n|\n|t:|1701047088\n|move|p2a: Zapdos|Volt Switch|p1a: Garganacl\n|-damage|p1a: Garganacl|79\/100\n|\n|t:|1701047092\n|switch|p2a: Lopunny|Lopunny-Mega, F|100\/100|[from] Volt Switch\n|move|p1a: Garganacl|Stealth Rock|p2a: Lopunny\n|-sidestart|p2: UrLordAndSavoir|move: Stealth Rock\n|\n|-heal|p1a: Garganacl|86\/100|[from] item: Leftovers\n|upkeep\n|turn|15\n|\n|t:|1701047100\n|move|p1a: Garganacl|Protect|p1a: Garganacl\n|-singleturn|p1a: Garganacl|Protect\n|move|p2a: Lopunny|Fake Out|p1a: Garganacl\n|-activate|p1a: Garganacl|move: Protect\n|\n|-heal|p1a: Garganacl|92\/100|[from] item: Leftovers\n|upkeep\n|turn|16\n|\n|t:|1701047112\n|switch|p1a: Corviknight|Corviknight, M|76\/100\n|-ability|p1a: Corviknight|Pressure\n|move|p2a: Lopunny|Return|p1a: Corviknight\n|-resisted|p1a: Corviknight\n|-crit|p1a: Corviknight\n|-damage|p1a: Corviknight|54\/100\n|\n|upkeep\n|turn|17\n|\n|t:|1701047121\n|switch|p2a: Iron Valiant|Iron Valiant|100\/100\n|-damage|p2a: Iron Valiant|94\/100|[from] Stealth Rock\n|move|p1a: Corviknight|Roost|p1a: Corviknight\n|-heal|p1a: Corviknight|100\/100\n|-singleturn|p1a: Corviknight|move: Roost\n|\n|upkeep\n|turn|18\n|\n|t:|1701047131\n|switch|p1a: Slowking|Slowking-Galar, M|100\/100\n|-terastallize|p2a: Iron Valiant|Electric\n|move|p2a: Iron Valiant|Thunderbolt|p1a: Slowking\n|-damage|p1a: Slowking|73\/100\n|\n|upkeep\n|turn|19\n|\n|t:|1701047140\n|-end|p2a: Iron Valiant|Quark Drive|[silent]\n|switch|p2a: Landorus|Landorus-Therian, M|97\/100\n|-damage|p2a: Landorus|85\/100|[from] Stealth Rock\n|-ability|p2a: Landorus|Intimidate|boost\n|-unboost|p1a: Slowking|atk|1\n|move|p1a: Slowking|Future Sight|p2a: Landorus\n|-start|p1a: Slowking|move: Future Sight\n|\n|-heal|p2a: Landorus|91\/100|[from] item: Leftovers\n|upkeep\n|turn|20\n|\n|t:|1701047147\n|switch|p1a: Tapu Bulu|Tapu Bulu, shiny|55\/100\n|-fieldstart|move: Grassy Terrain|[from] ability: Grassy Surge|[of] p1a: Tapu Bulu\n|move|p2a: Landorus|U-turn|p1a: Tapu Bulu\n|-damage|p1a: Tapu Bulu|30\/100\n|\n|t:|1701047153\n|switch|p2a: Zapdos|Zapdos|61\/100|[from] U-turn\n|\n|-heal|p1a: Tapu Bulu|36\/100|[from] Grassy Terrain\n|-heal|p1a: Tapu Bulu|42\/100|[from] item: Leftovers\n|upkeep\n|turn|21\n|\n|t:|1701047173\n|switch|p1a: Garganacl|Garganacl, M|92\/100\n|move|p2a: Zapdos|Roost|p2a: Zapdos\n|-heal|p2a: Zapdos|100\/100\n|-singleturn|p2a: Zapdos|move: Roost\n|\n|-end|p2a: Zapdos|move: Future Sight\n|-damage|p2a: Zapdos|55\/100\n|-heal|p2a: Zapdos|61\/100|[from] Grassy Terrain\n|-heal|p1a: Garganacl|98\/100|[from] Grassy Terrain\n|-heal|p1a: Garganacl|100\/100|[from] item: Leftovers\n|upkeep\n|turn|22\n|\n|t:|1701047184\n|move|p2a: Zapdos|Volt Switch|p1a: Garganacl\n|-damage|p1a: Garganacl|80\/100\n|\n|t:|1701047191\n|switch|p2a: Landorus|Landorus-Therian, M|91\/100|[from] Volt Switch\n|-damage|p2a: Landorus|78\/100|[from] Stealth Rock\n|-ability|p2a: Landorus|Intimidate|boost\n|-unboost|p1a: Garganacl|atk|1\n|move|p1a: Garganacl|Salt Cure|p2a: Landorus\n|-damage|p2a: Landorus|72\/100\n|-start|p2a: Landorus|Salt Cure\n|\n|-heal|p2a: Landorus|78\/100|[from] item: Leftovers\n|-heal|p1a: Garganacl|86\/100|[from] Grassy Terrain\n|-heal|p1a: Garganacl|93\/100|[from] item: Leftovers\n|-damage|p2a: Landorus|65\/100|[from] Salt Cure\n|upkeep\n|turn|23\n|\n|t:|1701047204\n|move|p1a: Garganacl|Protect|p1a: Garganacl\n|-singleturn|p1a: Garganacl|Protect\n|move|p2a: Landorus|Defog|p1a: Garganacl\n|-activate|p1a: Garganacl|move: Protect\n|\n|-heal|p2a: Landorus|71\/100|[from] item: Leftovers\n|-heal|p1a: Garganacl|99\/100|[from] Grassy Terrain\n|-heal|p1a: Garganacl|100\/100|[from] item: Leftovers\n|-damage|p2a: Landorus|59\/100|[from] Salt Cure\n|upkeep\n|turn|24\n|\n|t:|1701047226\n|switch|p1a: Corviknight|Corviknight, M|100\/100\n|-ability|p1a: Corviknight|Pressure\n|move|p2a: Landorus|Defog|p1a: Corviknight\n|-unboost|p1a: Corviknight|evasion|1\n|-sideend|p2: UrLordAndSavoir|Stealth Rock|[from] move: Defog|[of] p2a: Landorus\n|-fieldend|move: Grassy Terrain\n|\n|-heal|p2a: Landorus|65\/100|[from] item: Leftovers\n|-damage|p2a: Landorus|53\/100|[from] Salt Cure\n|upkeep\n|turn|25\n|\n|t:|1701047237\n|move|p2a: Landorus|U-turn|p1a: Corviknight\n|-resisted|p1a: Corviknight\n|-damage|p1a: Corviknight|97\/100\n|\n|t:|1701047241\n|switch|p2a: Zapdos|Zapdos|61\/100|[from] U-turn\n|move|p1a: Corviknight|U-turn|p2a: Zapdos\n|-resisted|p2a: Zapdos\n|-damage|p2a: Zapdos|54\/100\n|\n|t:|1701047246\n|switch|p1a: Garganacl|Garganacl, M|100\/100|[from] U-turn\n|\n|upkeep\n|turn|26\n|\n|t:|1701047251\n|move|p2a: Zapdos|Roost|p2a: Zapdos\n|-heal|p2a: Zapdos|100\/100\n|-singleturn|p2a: Zapdos|move: Roost\n|move|p1a: Garganacl|Salt Cure|p2a: Zapdos\n|-crit|p2a: Zapdos\n|-damage|p2a: Zapdos|78\/100\n|-start|p2a: Zapdos|Salt Cure\n|\n|-damage|p2a: Zapdos|65\/100|[from] Salt Cure\n|upkeep\n|turn|27\n|\n|t:|1701047260\n|move|p2a: Zapdos|Roost|p2a: Zapdos\n|-heal|p2a: Zapdos|100\/100\n|-singleturn|p2a: Zapdos|move: Roost\n|move|p1a: Garganacl|Stealth Rock|p2a: Zapdos\n|-sidestart|p2: UrLordAndSavoir|move: Stealth Rock\n|\n|-damage|p2a: Zapdos|88\/100|[from] Salt Cure\n|upkeep\n|turn|28\n|\n|t:|1701047263\n|move|p2a: Zapdos|Volt Switch|p1a: Garganacl\n|-damage|p1a: Garganacl|79\/100\n|\n|t:|1701047269\n|switch|p2a: Iron Valiant|Iron Valiant, tera:Electric|94\/100|[from] Volt Switch\n|-damage|p2a: Iron Valiant|82\/100|[from] Stealth Rock\n|move|p1a: Garganacl|Salt Cure|p2a: Iron Valiant\n|-damage|p2a: Iron Valiant|64\/100\n|-start|p2a: Iron Valiant|Salt Cure\n|\n|-heal|p1a: Garganacl|85\/100|[from] item: Leftovers\n|-damage|p2a: Iron Valiant|52\/100|[from] Salt Cure\n|upkeep\n|turn|29\n|\n|t:|1701047278\n|move|p1a: Garganacl|Protect|p1a: Garganacl\n|-singleturn|p1a: Garganacl|Protect\n|move|p2a: Iron Valiant|Focus Blast|p1a: Garganacl\n|-activate|p1a: Garganacl|move: Protect\n|\n|-heal|p1a: Garganacl|91\/100|[from] item: Leftovers\n|-damage|p2a: Iron Valiant|39\/100|[from] Salt Cure\n|upkeep\n|turn|30\n|\n|t:|1701047288\n|-end|p2a: Iron Valiant|Quark Drive|[silent]\n|switch|p2a: Lopunny|Lopunny-Mega, F|100\/100\n|-damage|p2a: Lopunny|95\/100|[from] Stealth Rock\n|switch|p1a: Slowking|Slowking-Galar, M|100\/100\n|\n|upkeep\n|turn|31\n|\n|t:|1701047296\n|move|p2a: Lopunny|Return|p1a: Slowking\n|-damage|p1a: Slowking|42\/100\n|move|p1a: Slowking|Future Sight|p2a: Lopunny\n|-start|p1a: Slowking|move: Future Sight\n|\n|upkeep\n|turn|32\n|\n|t:|1701047302\n|switch|p1a: Corviknight|Corviknight, M|97\/100\n|-ability|p1a: Corviknight|Pressure\n|move|p2a: Lopunny|High Jump Kick|p1a: Corviknight\n|-damage|p1a: Corviknight|57\/100\n|\n|upkeep\n|turn|33\n|\n|t:|1701047325\n|switch|p2a: Landorus|Landorus-Therian, M|53\/100\n|-damage|p2a: Landorus|41\/100|[from] Stealth Rock\n|-ability|p2a: Landorus|Intimidate|boost\n|-unboost|p1a: Corviknight|atk|1\n|switch|p1a: Garganacl|Garganacl, M|91\/100\n|\n|-end|p2a: Landorus|move: Future Sight\n|-damage|p2a: Landorus|0 fnt\n|faint|p2a: Landorus\n|-heal|p1a: Garganacl|97\/100|[from] item: Leftovers\n|upkeep\n|\n|t:|1701047329\n|switch|p2a: Lopunny|Lopunny-Mega, F|95\/100\n|-damage|p2a: Lopunny|89\/100|[from] Stealth Rock\n|turn|34\n|\n|t:|1701047337\n|move|p1a: Garganacl|Protect|p1a: Garganacl\n|-singleturn|p1a: Garganacl|Protect\n|move|p2a: Lopunny|Fake Out|p1a: Garganacl\n|-activate|p1a: Garganacl|move: Protect\n|\n|-heal|p1a: Garganacl|100\/100|[from] item: Leftovers\n|upkeep\n|turn|35\n|\n|t:|1701047364\n|switch|p1a: Tapu Bulu|Tapu Bulu, shiny|42\/100\n|-fieldstart|move: Grassy Terrain|[from] ability: Grassy Surge|[of] p1a: Tapu Bulu\n|move|p2a: Lopunny|High Jump Kick|p1a: Tapu Bulu|[miss]\n|-miss|p2a: Lopunny|p1a: Tapu Bulu\n|-damage|p2a: Lopunny|39\/100|[from] highjumpkick\n|\n|-heal|p2a: Lopunny|45\/100|[from] Grassy Terrain\n|-heal|p1a: Tapu Bulu|48\/100|[from] Grassy Terrain\n|-heal|p1a: Tapu Bulu|54\/100|[from] item: Leftovers\n|upkeep\n|turn|36\n|\n|t:|1701047373\n|move|p2a: Lopunny|Triple Axel|p1a: Tapu Bulu\n|-supereffective|p1a: Tapu Bulu\n|-damage|p1a: Tapu Bulu|38\/100\n|-supereffective|p1a: Tapu Bulu\n|-damage|p1a: Tapu Bulu|7\/100\n|-supereffective|p1a: Tapu Bulu\n|-damage|p1a: Tapu Bulu|0 fnt\n|faint|p1a: Tapu Bulu\n|-hitcount|p1: Tapu Bulu|3\n|\n|-heal|p2a: Lopunny|51\/100|[from] Grassy Terrain\n|upkeep\n|\n|t:|1701047383\n|switch|p1a: Corviknight|Corviknight, M|57\/100\n|-ability|p1a: Corviknight|Pressure\n|turn|37\n|\n|t:|1701047403\n|move|p2a: Lopunny|High Jump Kick|p1a: Corviknight\n|-damage|p1a: Corviknight|15\/100\n|move|p1a: Corviknight|Roost|p1a: Corviknight\n|-heal|p1a: Corviknight|65\/100\n|-singleturn|p1a: Corviknight|move: Roost\n|\n|-heal|p2a: Lopunny|57\/100|[from] Grassy Terrain\n|-heal|p1a: Corviknight|71\/100|[from] Grassy Terrain\n|upkeep\n|turn|38\n|\n|t:|1701047417\n|switch|p2a: Toxapex|Toxapex, F|100\/100\n|-damage|p2a: Toxapex|88\/100|[from] Stealth Rock\n|move|p1a: Corviknight|Iron Defense|p1a: Corviknight\n|-boost|p1a: Corviknight|def|2\n|\n|-heal|p2a: Toxapex|94\/100|[from] Grassy Terrain\n|-heal|p2a: Toxapex|100\/100|[from] item: Leftovers\n|upkeep\n|turn|39\n|\n|t:|1701047424\n|switch|p1a: Slowking|Slowking-Galar, M|76\/100\n|move|p2a: Toxapex|Scald|p1a: Slowking\n|-damage|p1a: Slowking|66\/100\n|\n|-heal|p1a: Slowking|72\/100|[from] Grassy Terrain\n|-fieldend|move: Grassy Terrain\n|upkeep\n|turn|40\n|\n|t:|1701047431\n|move|p2a: Toxapex|Scald|p1a: Slowking\n|-damage|p1a: Slowking|62\/100\n|move|p1a: Slowking|Future Sight|p2a: Toxapex\n|-start|p1a: Slowking|move: Future Sight\n|\n|upkeep\n|turn|41\n|\n|t:|1701047438\n|move|p2a: Toxapex|Scald|p1a: Slowking\n|-damage|p1a: Slowking|53\/100\n|move|p1a: Slowking|Chilly Reception|p1a: Slowking\n|-weather|Snow\n|\n|t:|1701047444\n|switch|p1a: Banette|Banette, M|100\/100|[from] Chilly Reception\n|-item|p2a: Toxapex|Leftovers|[from] ability: Frisk|[of] p1a: Banette|[identify]\n|\n|-weather|Snow|[upkeep]\n|upkeep\n|turn|42\n|\n|t:|1701047451\n|detailschange|p1a: Banette|Banette-Mega, M\n|-mega|p1a: Banette|Banette|Banettite\n|move|p1a: Banette|Poltergeist|p2a: Toxapex\n|-activate|p2a: Toxapex|move: Poltergeist|Leftovers\n|-damage|p2a: Toxapex|37\/100\n|move|p2a: Toxapex|Toxic|p1a: Banette\n|-status|p1a: Banette|tox\n|\n|-weather|Snow|[upkeep]\n|-end|p2a: Toxapex|move: Future Sight\n|-supereffective|p2a: Toxapex\n|-damage|p2a: Toxapex|0 fnt\n|faint|p2a: Toxapex\n|-damage|p1a: Banette|95\/100 tox|[from] psn\n|upkeep\n|\n|t:|1701047467\n|switch|p2a: Iron Valiant|Iron Valiant, tera:Electric|39\/100\n|-damage|p2a: Iron Valiant|27\/100|[from] Stealth Rock\n|turn|43\n|\n|t:|1701047473\n|switch|p1a: Slowking|Slowking-Galar, M|87\/100\n|move|p2a: Iron Valiant|Moonblast|p1a: Slowking\n|-resisted|p1a: Slowking\n|-damage|p1a: Slowking|72\/100\n|\n|-weather|Snow|[upkeep]\n|upkeep\n|turn|44\n|\n|t:|1701047478\n|move|p2a: Iron Valiant|Thunderbolt|p1a: Slowking\n|-damage|p1a: Slowking|45\/100\n|move|p1a: Slowking|Future Sight|p2a: Iron Valiant\n|-start|p1a: Slowking|move: Future Sight\n|\n|-weather|Snow|[upkeep]\n|upkeep\n|turn|45\n|\n|t:|1701047489\n|switch|p1a: Garganacl|Garganacl, M|100\/100\n|move|p2a: Iron Valiant|Thunderbolt|p1a: Garganacl\n|-damage|p1a: Garganacl|70\/100\n|\n|-weather|none\n|-heal|p1a: Garganacl|76\/100|[from] item: Leftovers\n|upkeep\n|turn|46\n|\n|t:|1701047505\n|-end|p2a: Iron Valiant|Quark Drive|[silent]\n|switch|p2a: Zapdos|Zapdos|88\/100\n|move|p1a: Garganacl|Protect||[still]\n|-fail|p1a: Garganacl\n|\n|-end|p2a: Zapdos|move: Future Sight\n|-damage|p2a: Zapdos|47\/100\n|-heal|p1a: Garganacl|82\/100|[from] item: Leftovers\n|upkeep\n|turn|47\n|\n|t:|1701047512\n|move|p2a: Zapdos|Volt Switch|p1a: Garganacl\n|-damage|p1a: Garganacl|61\/100\n|\n|t:|1701047515\n|switch|p2a: Lopunny|Lopunny-Mega, F|57\/100|[from] Volt Switch\n|-damage|p2a: Lopunny|51\/100|[from] Stealth Rock\n|move|p1a: Garganacl|Salt Cure|p2a: Lopunny\n|-resisted|p2a: Lopunny\n|-damage|p2a: Lopunny|42\/100\n|-start|p2a: Lopunny|Salt Cure\n|\n|-heal|p1a: Garganacl|67\/100|[from] item: Leftovers\n|-damage|p2a: Lopunny|30\/100|[from] Salt Cure\n|upkeep\n|turn|48\n|\n|t:|1701047522\n|move|p1a: Garganacl|Protect|p1a: Garganacl\n|-singleturn|p1a: Garganacl|Protect\n|move|p2a: Lopunny|Return|p1a: Garganacl\n|-activate|p1a: Garganacl|move: Protect\n|\n|-heal|p1a: Garganacl|73\/100|[from] item: Leftovers\n|-damage|p2a: Lopunny|18\/100|[from] Salt Cure\n|upkeep\n|turn|49\n|\n|t:|1701047535\n|switch|p1a: Corviknight|Corviknight, M|71\/100\n|-ability|p1a: Corviknight|Pressure\n|move|p2a: Lopunny|High Jump Kick|p1a: Corviknight\n|-crit|p1a: Corviknight\n|-damage|p1a: Corviknight|6\/100\n|\n|-damage|p2a: Lopunny|6\/100|[from] Salt Cure\n|upkeep\n|turn|50\n|\n|t:|1701047554\n|move|p2a: Lopunny|Return|p1a: Corviknight\n|-resisted|p1a: Corviknight\n|-damage|p1a: Corviknight|0 fnt\n|faint|p1a: Corviknight\n|\n|-damage|p2a: Lopunny|0 fnt|[from] Salt Cure\n|faint|p2a: Lopunny\n|upkeep\n|\n|t:|1701047561\n|switch|p2a: Iron Valiant|Iron Valiant, tera:Electric|27\/100\n|switch|p1a: Slowking|Slowking-Galar, M|78\/100\n|-damage|p2a: Iron Valiant|15\/100|[from] Stealth Rock\n|turn|51\n|\n|t:|1701047566\n|move|p2a: Iron Valiant|Thunderbolt|p1a: Slowking\n|-damage|p1a: Slowking|50\/100\n|move|p1a: Slowking|Sludge Bomb|p2a: Iron Valiant\n|-damage|p2a: Iron Valiant|0 fnt\n|faint|p2a: Iron Valiant\n|-end|p2a: Iron Valiant|Quark Drive|[silent]\n|\n|upkeep\n|\n|t:|1701047583\n|switch|p2a: Zapdos|Zapdos|47\/100\n|turn|52\n|\n|t:|1701047590\n|move|p2a: Zapdos|Roost|p2a: Zapdos\n|-heal|p2a: Zapdos|97\/100\n|-singleturn|p2a: Zapdos|move: Roost\n|move|p1a: Slowking|Future Sight|p2a: Zapdos\n|-start|p1a: Slowking|move: Future Sight\n|\n|upkeep\n|turn|53\n|\n|t:|1701047597\n|move|p2a: Zapdos|Hurricane|p1a: Slowking\n|-damage|p1a: Slowking|20\/100\n|-start|p1a: Slowking|confusion\n|-activate|p1a: Slowking|confusion\n|move|p1a: Slowking|Sludge Bomb|p2a: Zapdos\n|-damage|p2a: Zapdos|64\/100\n|\n|upkeep\n|turn|54\n|\n|t:|1701047606\n|switch|p1a: Garganacl|Garganacl, M|73\/100\n|move|p2a: Zapdos|Volt Switch|p1a: Garganacl\n|-damage|p1a: Garganacl|51\/100\n|\n|-end|p2a: Zapdos|move: Future Sight\n|-damage|p2a: Zapdos|23\/100\n|-heal|p1a: Garganacl|57\/100|[from] item: Leftovers\n|upkeep\n|turn|55\n|\n|t:|1701047613\n|move|p2a: Zapdos|Roost|p2a: Zapdos\n|-heal|p2a: Zapdos|73\/100\n|-singleturn|p2a: Zapdos|move: Roost\n|move|p1a: Garganacl|Salt Cure|p2a: Zapdos\n|-damage|p2a: Zapdos|59\/100\n|-start|p2a: Zapdos|Salt Cure\n|\n|-heal|p1a: Garganacl|64\/100|[from] item: Leftovers\n|-damage|p2a: Zapdos|46\/100|[from] Salt Cure\n|upkeep\n|turn|56\n|-message|UrLordAndSavoir forfeited.\n|\n|win|NeverGP\n|raw|NeverGP's rating: 1442 &rarr; <strong>1463<\/strong><br \/>(+21 for winning)\n|raw|UrLordAndSavoir's rating: 1460 &rarr; <strong>1439<\/strong><br \/>(-21 for losing)\n|l|\u203dUrLordAndSavoir\n","uploadtime":1701047629,"views":13,"p1id":"nevergp","p2id":"urlordandsavoir","formatid":"gen9nationaldex","rating":1439,"private":0,"password":""}