{"id":"gen9nationaldex-1997220481","p1":"Hittite Jumpscare","p2":"Chili D Dewd","format":"[Gen 9] National Dex","log":"|html|<div class=\"broadcast-blue\"><strong>[Gen 9] National Dex is currently suspecting Sneasler! For information on how to participate check out the <a href=\"https:\/\/www.smogon.com\/forums\/threads\/sv-national-dex-suspect-8-just-dance.3731534\/\">suspect thread<\/a>.<\/strong><\/div>\n|j|\u2606Hittite Jumpscare\n|j|\u2606Chili D Dewd\n|t:|1700777038\n|gametype|singles\n|player|p1|Hittite Jumpscare|nate|1574\n|player|p2|Chili D Dewd|flint|1634\n|teamsize|p1|6\n|teamsize|p2|6\n|gen|9\n|tier|[Gen 9] National Dex\n|rated|\n|rule|HP Percentage Mod: HP is shown in percentages\n|rule|Endless Battle Clause: Forcing endless battles is banned\n|rule|OHKO Clause: OHKO moves are banned\n|rule|Evasion Clause: Evasion abilities, items, and moves are banned\n|rule|Evasion Abilities Clause: Evasion abilities are banned\n|rule|Evasion Items Clause: Evasion items are banned\n|rule|Evasion Moves Clause: Evasion moves are banned\n|rule|Species Clause: Limit one of each Pok\u00e9mon\n|rule|Sleep Clause Mod: Limit one foe put to sleep\n|clearpoke\n|poke|p1|Zapdos|\n|poke|p1|Ribombee, F|\n|poke|p1|Gyarados, F|\n|poke|p1|Gliscor, M|\n|poke|p1|Volcarona, F|\n|poke|p1|Xurkitree|\n|poke|p2|Scovillain, F|\n|poke|p2|Torkoal, M|\n|poke|p2|Great Tusk|\n|poke|p2|Houndoom, M|\n|poke|p2|Tapu Lele|\n|poke|p2|Rotom-Wash|\n|teampreview\n|inactive|Battle timer is ON: inactive players will automatically lose when time's up. (requested by Hittite Jumpscare)\n|\n|t:|1700777052\n|start\n|switch|p1a: Volcarona|Volcarona, F|100\/100\n|switch|p2a: Torkoal|Torkoal, M|100\/100\n|-weather|SunnyDay|[from] ability: Drought|[of] p2a: Torkoal\n|turn|1\n|\n|t:|1700777062\n|-terastallize|p1a: Volcarona|Ground\n|move|p1a: Volcarona|Tera Blast|p2a: Torkoal|[anim] Tera Blast Ground\n|-supereffective|p2a: Torkoal\n|-damage|p2a: Torkoal|0 fnt\n|faint|p2a: Torkoal\n|\n|-weather|SunnyDay|[upkeep]\n|upkeep\n|\n|t:|1700777072\n|switch|p2a: Houndoom|Houndoom, M|100\/100\n|turn|2\n|\n|t:|1700777078\n|switch|p1a: Ribombee|Ribombee, F|100\/100\n|detailschange|p2a: Houndoom|Houndoom-Mega, M\n|-mega|p2a: Houndoom|Houndoom|Houndoominite\n|move|p2a: Houndoom|Flamethrower|p1a: Ribombee\n|-supereffective|p1a: Ribombee\n|-enditem|p1a: Ribombee|Focus Sash\n|-damage|p1a: Ribombee|1\/100\n|\n|-weather|SunnyDay|[upkeep]\n|-damage|p2a: Houndoom|88\/100|[from] ability: Solar Power|[of] p2a: Houndoom\n|upkeep\n|turn|3\n|\n|t:|1700777089\n|move|p1a: Ribombee|Sticky Web|p2a: Houndoom\n|-sidestart|p2: Chili D Dewd|move: Sticky Web\n|move|p2a: Houndoom|Flame Charge|p1a: Ribombee\n|-supereffective|p1a: Ribombee\n|-damage|p1a: Ribombee|0 fnt\n|-boost|p2a: Houndoom|spe|1\n|faint|p1a: Ribombee\n|\n|-weather|SunnyDay|[upkeep]\n|-damage|p2a: Houndoom|76\/100|[from] ability: Solar Power|[of] p2a: Houndoom\n|upkeep\n|\n|t:|1700777100\n|switch|p1a: Gyarados|Gyarados, F|100\/100\n|-ability|p1a: Gyarados|Intimidate|boost\n|-unboost|p2a: Houndoom|atk|1\n|turn|4\n|\n|t:|1700777109\n|move|p2a: Houndoom|Flamethrower|p1a: Gyarados\n|-resisted|p1a: Gyarados\n|-damage|p1a: Gyarados|42\/100\n|move|p1a: Gyarados|Dragon Dance|p1a: Gyarados\n|-boost|p1a: Gyarados|atk|1\n|-boost|p1a: Gyarados|spe|1\n|\n|-weather|SunnyDay|[upkeep]\n|-damage|p2a: Houndoom|63\/100|[from] ability: Solar Power|[of] p2a: Houndoom\n|upkeep\n|turn|5\n|\n|t:|1700777121\n|move|p2a: Houndoom|Flamethrower|p1a: Gyarados\n|-resisted|p1a: Gyarados\n|-damage|p1a: Gyarados|0 fnt\n|faint|p1a: Gyarados\n|\n|-weather|SunnyDay|[upkeep]\n|-damage|p2a: Houndoom|51\/100|[from] ability: Solar Power|[of] p2a: Houndoom\n|upkeep\n|\n|t:|1700777129\n|switch|p1a: Volcarona|Volcarona, F, tera:Ground|100\/100\n|turn|6\n|\n|t:|1700777132\n|move|p2a: Houndoom|Flamethrower|p1a: Volcarona\n|-damage|p1a: Volcarona|0 fnt\n|faint|p1a: Volcarona\n|\n|-weather|SunnyDay|[upkeep]\n|-damage|p2a: Houndoom|39\/100|[from] ability: Solar Power|[of] p2a: Houndoom\n|upkeep\n|\n|t:|1700777140\n|switch|p1a: Gliscor|Gliscor, M|100\/100\n|turn|7\n|\n|t:|1700777143\n|move|p2a: Houndoom|Flamethrower|p1a: Gliscor\n|-damage|p1a: Gliscor|0 fnt\n|faint|p1a: Gliscor\n|\n|-weather|SunnyDay|[upkeep]\n|-damage|p2a: Houndoom|26\/100|[from] ability: Solar Power|[of] p2a: Houndoom\n|upkeep\n|\n|t:|1700777150\n|switch|p1a: Zapdos|Zapdos|100\/100\n|turn|8\n|\n|t:|1700777152\n|move|p2a: Houndoom|Flamethrower|p1a: Zapdos\n|-damage|p1a: Zapdos|0 fnt\n|faint|p1a: Zapdos\n|\n|-weather|none\n|upkeep\n|\n|t:|1700777157\n|switch|p1a: Xurkitree|Xurkitree|100\/100\n|turn|9\n|\n|t:|1700777161\n|move|p2a: Houndoom|Dark Pulse|p1a: Xurkitree\n|-damage|p1a: Xurkitree|36\/100\n|-zpower|p1a: Xurkitree\n|move|p1a: Xurkitree|Z-Hypnosis|p2a: Houndoom|[anim]Hypnosis|[miss]\n|-boost|p1a: Xurkitree|spe|1|[zeffect]\n|-miss|p1a: Xurkitree|p2a: Houndoom\n|\n|upkeep\n|turn|10\n|\n|t:|1700777169\n|move|p2a: Houndoom|Flamethrower|p1a: Xurkitree\n|-damage|p1a: Xurkitree|0 fnt\n|faint|p1a: Xurkitree\n|\n|win|Chili D Dewd\n|raw|Hittite Jumpscare's rating: 1574 &rarr; <strong>1557<\/strong><br \/>(-17 for losing)\n|raw|Chili D Dewd's rating: 1634 &rarr; <strong>1651<\/strong><br \/>(+17 for winning)\n|c|\u2606Hittite Jumpscare|gg\n|c|\u2606Chili D Dewd|I lose my setter\n|c|\u2606Chili D Dewd|U lose your team\n|c|\u2606Hittite Jumpscare|lol\n|c|\u2606Chili D Dewd|A fair trade\n|c|\u2606Hittite Jumpscare|shoudl've just attacked\n|c|\u2606Hittite Jumpscare|gg\n","uploadtime":1700777201,"views":7,"p1id":"hittitejumpscare","p2id":"chiliddewd","formatid":"gen9nationaldex","rating":1557,"private":0,"password":""}