{"id":"gen9nationaldex-1991676774","p1":"Scorpion257","p2":"DJRRRR","format":"[Gen 9] National Dex","log":"|j|\u2606Scorpion257\n|j|\u2606DJRRRR\n|t:|1700101483\n|gametype|singles\n|player|p1|Scorpion257|giovanni|1222\n|player|p2|DJRRRR|roxie|1342\n|teamsize|p1|6\n|teamsize|p2|6\n|gen|9\n|tier|[Gen 9] National Dex\n|rated|\n|rule|HP Percentage Mod: HP is shown in percentages\n|rule|Endless Battle Clause: Forcing endless battles is banned\n|rule|OHKO Clause: OHKO moves are banned\n|rule|Evasion Clause: Evasion abilities, items, and moves are banned\n|rule|Evasion Abilities Clause: Evasion abilities are banned\n|rule|Evasion Items Clause: Evasion items are banned\n|rule|Evasion Moves Clause: Evasion moves are banned\n|rule|Species Clause: Limit one of each Pok\u00e9mon\n|rule|Sleep Clause Mod: Limit one foe put to sleep\n|clearpoke\n|poke|p1|Ninetales-Alola, F|\n|poke|p1|Manaphy|\n|poke|p1|Volcarona, F|\n|poke|p1|Serperior, F|\n|poke|p1|Kommo-o, M|\n|poke|p1|Tapu Lele|\n|poke|p2|Banette, M|\n|poke|p2|Greninja-*, M|\n|poke|p2|Dragonite, F|\n|poke|p2|Iron Valiant|\n|poke|p2|Tapu Koko|\n|poke|p2|Rillaboom, F|\n|teampreview\n|inactive|Battle timer is ON: inactive players will automatically lose when time's up. (requested by Scorpion257)\n|\n|t:|1700101495\n|start\n|switch|p1a: Ninetales|Ninetales-Alola, F|100\/100\n|switch|p2a: Banette|Banette, M|100\/100\n|-weather|Snow|[from] ability: Snow Warning|[of] p1a: Ninetales\n|turn|1\n|\n|t:|1700101500\n|detailschange|p2a: Banette|Banette-Mega, M\n|-mega|p2a: Banette|Banette|Banettite\n|move|p2a: Banette|Taunt|p1a: Ninetales\n|-start|p1a: Ninetales|move: Taunt\n|cant|p1a: Ninetales|move: Taunt|Aurora Veil\n|\n|-weather|Snow|[upkeep]\n|upkeep\n|turn|2\n|\n|t:|1700101511\n|switch|p1a: Serperior|Serperior, F|100\/100\n|switch|p2a: Tapu Koko|Tapu Koko|100\/100\n|-fieldstart|move: Electric Terrain|[from] ability: Electric Surge|[of] p2a: Tapu Koko\n|\n|-weather|Snow|[upkeep]\n|upkeep\n|turn|3\n|\n|t:|1700101517\n|move|p2a: Tapu Koko|U-turn|p1a: Serperior\n|-supereffective|p1a: Serperior\n|-damage|p1a: Serperior|57\/100\n|\n|t:|1700101527\n|switch|p2a: Dragonite|Dragonite, F|100\/100|[from] U-turn\n|move|p1a: Serperior|Leaf Storm|p2a: Dragonite\n|-resisted|p2a: Dragonite\n|-damage|p2a: Dragonite|96\/100\n|-boost|p1a: Serperior|spa|2\n|\n|-weather|Snow|[upkeep]\n|-heal|p1a: Serperior|63\/100|[from] item: Leftovers\n|upkeep\n|turn|4\n|\n|t:|1700101533\n|switch|p2a: Tapu Koko|Tapu Koko|100\/100\n|move|p1a: Serperior|Glare|p2a: Tapu Koko\n|-immune|p2a: Tapu Koko\n|\n|-weather|Snow|[upkeep]\n|-heal|p1a: Serperior|70\/100|[from] item: Leftovers\n|upkeep\n|turn|5\n|\n|t:|1700101537\n|move|p2a: Tapu Koko|U-turn|p1a: Serperior\n|-supereffective|p1a: Serperior\n|-damage|p1a: Serperior|26\/100\n|\n|t:|1700101541\n|switch|p2a: Dragonite|Dragonite, F|96\/100|[from] U-turn\n|move|p1a: Serperior|Leaf Storm|p2a: Dragonite\n|-resisted|p2a: Dragonite\n|-damage|p2a: Dragonite|77\/100\n|-boost|p1a: Serperior|spa|2\n|\n|-weather|none\n|-heal|p1a: Serperior|32\/100|[from] item: Leftovers\n|upkeep\n|turn|6\n|\n|t:|1700101547\n|move|p2a: Dragonite|Extreme Speed|p1a: Serperior\n|-damage|p1a: Serperior|0 fnt\n|faint|p1a: Serperior\n|\n|-fieldend|move: Electric Terrain\n|upkeep\n|\n|t:|1700101552\n|switch|p1a: Ninetales|Ninetales-Alola, F|100\/100\n|-weather|Snow|[from] ability: Snow Warning|[of] p1a: Ninetales\n|turn|7\n|\n|t:|1700101560\n|switch|p2a: Iron Valiant|Iron Valiant|100\/100\n|move|p1a: Ninetales|Aurora Veil|p1a: Ninetales\n|-sidestart|p1: Scorpion257|move: Aurora Veil\n|\n|-weather|Snow|[upkeep]\n|upkeep\n|turn|8\n|\n|t:|1700101575\n|switch|p1a: Tapu Lele|Tapu Lele|100\/100\n|-fieldstart|move: Psychic Terrain|[from] ability: Psychic Surge|[of] p1a: Tapu Lele\n|move|p2a: Iron Valiant|Encore||[still]\n|-fail|p2a: Iron Valiant\n|\n|-weather|Snow|[upkeep]\n|upkeep\n|turn|9\n|inactive|DJRRRR has 120 seconds left.\n|\n|t:|1700101614\n|-end|p2a: Iron Valiant|Quark Drive|[silent]\n|switch|p2a: Tapu Koko|Tapu Koko|100\/100\n|-fieldstart|move: Electric Terrain|[from] ability: Electric Surge|[of] p2a: Tapu Koko\n|move|p1a: Tapu Lele|Draining Kiss|p2a: Tapu Koko\n|-damage|p2a: Tapu Koko|52\/100\n|\n|-weather|Snow|[upkeep]\n|upkeep\n|turn|10\n|inactive|DJRRRR has 120 seconds left.\n|\n|t:|1700101625\n|move|p2a: Tapu Koko|Volt Switch|p1a: Tapu Lele\n|-damage|p1a: Tapu Lele|67\/100\n|\n|t:|1700101628\n|switch|p2a: Banette|Banette-Mega, M|100\/100|[from] Volt Switch\n|move|p1a: Tapu Lele|Draining Kiss|p2a: Banette\n|-damage|p2a: Banette|60\/100\n|-heal|p1a: Tapu Lele|96\/100|[from] drain|[of] p2a: Banette\n|\n|-weather|Snow|[upkeep]\n|-heal|p1a: Tapu Lele|100\/100|[from] item: Leftovers\n|upkeep\n|turn|11\n|\n|t:|1700101635\n|move|p2a: Banette|Destiny Bond|p2a: Banette\n|-singlemove|p2a: Banette|Destiny Bond\n|move|p1a: Tapu Lele|Draining Kiss|p2a: Banette\n|-damage|p2a: Banette|21\/100\n|\n|-weather|none\n|upkeep\n|turn|12\n|\n|t:|1700101641\n|move|p1a: Tapu Lele|Calm Mind|p1a: Tapu Lele\n|-boost|p1a: Tapu Lele|spa|1\n|-boost|p1a: Tapu Lele|spd|1\n|move|p2a: Banette|Poltergeist|p1a: Tapu Lele\n|-activate|p1a: Tapu Lele|move: Poltergeist|Leftovers\n|-supereffective|p1a: Tapu Lele\n|-damage|p1a: Tapu Lele|0 fnt\n|faint|p1a: Tapu Lele\n|\n|upkeep\n|\n|t:|1700101655\n|switch|p1a: Manaphy|Manaphy|100\/100\n|turn|13\n|\n|t:|1700101662\n|move|p2a: Banette|Taunt|p1a: Manaphy\n|-start|p1a: Manaphy|move: Taunt\n|move|p1a: Manaphy|Scald|p2a: Banette\n|-damage|p2a: Banette|0 fnt\n|faint|p2a: Banette\n|\n|-fieldend|move: Electric Terrain\n|upkeep\n|\n|t:|1700101667\n|switch|p2a: Tapu Koko|Tapu Koko|52\/100\n|-fieldstart|move: Electric Terrain|[from] ability: Electric Surge|[of] p2a: Tapu Koko\n|turn|14\n|\n|t:|1700101675\n|switch|p1a: Kommo-o|Kommo-o, M|100\/100\n|-terastallize|p2a: Tapu Koko|Electric\n|move|p2a: Tapu Koko|Volt Switch|p1a: Kommo-o\n|-resisted|p1a: Kommo-o\n|-damage|p1a: Kommo-o|81\/100\n|\n|t:|1700101678\n|switch|p2a: Iron Valiant|Iron Valiant|100\/100|[from] Volt Switch\n|-activate|p2a: Iron Valiant|ability: Quark Drive\n|-start|p2a: Iron Valiant|quarkdrivespe\n|\n|-sideend|p1: Scorpion257|move: Aurora Veil\n|upkeep\n|turn|15\n|\n|t:|1700101686\n|switch|p1a: Volcarona|Volcarona, F|100\/100\n|move|p2a: Iron Valiant|Swords Dance|p2a: Iron Valiant\n|-boost|p2a: Iron Valiant|atk|2\n|\n|upkeep\n|turn|16\n|\n|t:|1700101694\n|move|p2a: Iron Valiant|Swords Dance|p2a: Iron Valiant\n|-boost|p2a: Iron Valiant|atk|2\n|move|p1a: Volcarona|Quiver Dance|p1a: Volcarona\n|-boost|p1a: Volcarona|spa|1\n|-boost|p1a: Volcarona|spd|1\n|-boost|p1a: Volcarona|spe|1\n|\n|upkeep\n|turn|17\n|\n|t:|1700101700\n|move|p2a: Iron Valiant|Encore|p1a: Volcarona\n|-start|p1a: Volcarona|Encore\n|move|p1a: Volcarona|Quiver Dance|p1a: Volcarona\n|-boost|p1a: Volcarona|spa|1\n|-boost|p1a: Volcarona|spd|1\n|-boost|p1a: Volcarona|spe|1\n|\n|upkeep\n|turn|18\n|-message|Scorpion257 forfeited.\n|\n|win|DJRRRR\n|raw|Scorpion257's rating: 1222 &rarr; <strong>1205<\/strong><br \/>(-17 for losing)\n|raw|DJRRRR's rating: 1342 &rarr; <strong>1355<\/strong><br \/>(+13 for winning)\n|l|\u2606Scorpion257\n","uploadtime":1700101711,"views":4,"p1id":"scorpion257","p2id":"djrrrr","formatid":"gen9nationaldex","rating":1205,"private":0,"password":""}