{"id":"gen9nationaldex-1991764288","p1":"Shelmett","p2":"MW_Zitie","format":"[Gen 9] National Dex","log":"|j|\u2606Shelmett\n|j|\u2606MW_Zitie\n|t:|1700113140\n|gametype|singles\n|player|p1|Shelmett|roxie|1130\n|player|p2|MW_Zitie|swimmerf|1096\n|teamsize|p1|6\n|teamsize|p2|6\n|gen|9\n|tier|[Gen 9] National Dex\n|rated|\n|rule|HP Percentage Mod: HP is shown in percentages\n|rule|Endless Battle Clause: Forcing endless battles is banned\n|rule|OHKO Clause: OHKO moves are banned\n|rule|Evasion Clause: Evasion abilities, items, and moves are banned\n|rule|Evasion Abilities Clause: Evasion abilities are banned\n|rule|Evasion Items Clause: Evasion items are banned\n|rule|Evasion Moves Clause: Evasion moves are banned\n|rule|Species Clause: Limit one of each Pok\u00e9mon\n|rule|Sleep Clause Mod: Limit one foe put to sleep\n|clearpoke\n|poke|p1|Great Tusk|\n|poke|p1|Kartana|\n|poke|p1|Skeledirge, M|\n|poke|p1|Pidgeot, M|\n|poke|p1|Rotom-Wash|\n|poke|p1|Alomomola, F|\n|poke|p2|Ursaluna, F|\n|poke|p2|Volcarona, M|\n|poke|p2|Slowbro, M|\n|poke|p2|Gliscor, M|\n|poke|p2|Garganacl, M|\n|poke|p2|Scizor, M|\n|teampreview\n|\n|t:|1700113149\n|start\n|switch|p1a: Alomomola|Alomomola, F|100\/100\n|switch|p2a: Ursaluna|Ursaluna, F|100\/100\n|turn|1\n|\n|t:|1700113157\n|move|p1a: Alomomola|Swagger|p2a: Ursaluna\n|-boost|p2a: Ursaluna|atk|2\n|-enditem|p1a: Alomomola|Mirror Herb\n|-boost|p1a: Alomomola|atk|2|[from] item: Mirror Herb\n|-start|p2a: Ursaluna|confusion\n|-activate|p2a: Ursaluna|confusion\n|-damage|p2a: Ursaluna|78\/100|[from] confusion\n|\n|-status|p2a: Ursaluna|brn|[from] item: Flame Orb\n|upkeep\n|turn|2\n|\n|t:|1700113166\n|move|p1a: Alomomola|Liquidation|p2a: Ursaluna\n|-supereffective|p2a: Ursaluna\n|-damage|p2a: Ursaluna|0 fnt\n|faint|p2a: Ursaluna\n|\n|upkeep\n|\n|t:|1700113177\n|switch|p2a: Garganacl|Garganacl, M|100\/100\n|turn|3\n|\n|t:|1700113181\n|move|p1a: Alomomola|Liquidation|p2a: Garganacl\n|-supereffective|p2a: Garganacl\n|-damage|p2a: Garganacl|5\/100\n|move|p2a: Garganacl|Salt Cure|p1a: Alomomola\n|-damage|p1a: Alomomola|90\/100\n|-start|p1a: Alomomola|Salt Cure\n|\n|-heal|p2a: Garganacl|11\/100|[from] item: Leftovers\n|-damage|p1a: Alomomola|65\/100|[from] Salt Cure\n|upkeep\n|turn|4\n|\n|t:|1700113187\n|switch|p2a: Slowbro|Slowbro, M|100\/100\n|move|p1a: Alomomola|Wish|p1a: Alomomola\n|\n|-damage|p1a: Alomomola|40\/100|[from] Salt Cure\n|upkeep\n|turn|5\n|\n|t:|1700113191\n|-terastallize|p1a: Alomomola|Flying\n|move|p1a: Alomomola|Acrobatics|p2a: Slowbro\n|-damage|p2a: Slowbro|51\/100\n|move|p2a: Slowbro|Future Sight|p1a: Alomomola\n|-start|p2a: Slowbro|move: Future Sight\n|\n|-heal|p1a: Alomomola|90\/100|[from] move: Wish|[wisher] Alomomola\n|-damage|p1a: Alomomola|78\/100|[from] Salt Cure\n|upkeep\n|turn|6\n|\n|t:|1700113198\n|move|p1a: Alomomola|Acrobatics|p2a: Slowbro\n|-damage|p2a: Slowbro|0 fnt\n|faint|p2a: Slowbro\n|\n|-damage|p1a: Alomomola|65\/100|[from] Salt Cure\n|upkeep\n|\n|t:|1700113206\n|switch|p2a: Scizor|Scizor, M|100\/100\n|turn|7\n|\n|t:|1700113212\n|move|p2a: Scizor|Bullet Punch|p1a: Alomomola\n|-damage|p1a: Alomomola|25\/100\n|move|p1a: Alomomola|Acrobatics|p2a: Scizor\n|-damage|p2a: Scizor|11\/100\n|\n|-end|p1a: Alomomola|move: Future Sight\n|-damage|p1a: Alomomola|0 fnt\n|faint|p1a: Alomomola\n|upkeep\n|\n|t:|1700113224\n|switch|p1a: Skeledirge|Skeledirge, M|100\/100\n|turn|8\n|\n|t:|1700113234\n|switch|p2a: Gliscor|Gliscor, M|100\/100\n|move|p1a: Skeledirge|Torch Song|p2a: Gliscor\n|-damage|p2a: Gliscor|54\/100\n|-boost|p1a: Skeledirge|spa|1\n|\n|-status|p2a: Gliscor|tox|[from] item: Toxic Orb\n|upkeep\n|turn|9\n|\n|t:|1700113239\n|move|p2a: Gliscor|Stone Edge|p1a: Skeledirge\n|-supereffective|p1a: Skeledirge\n|-damage|p1a: Skeledirge|65\/100\n|move|p1a: Skeledirge|Torch Song|p2a: Gliscor\n|-damage|p2a: Gliscor|0 fnt\n|-boost|p1a: Skeledirge|spa|1\n|faint|p2a: Gliscor\n|\n|-heal|p1a: Skeledirge|71\/100|[from] item: Leftovers\n|upkeep\n|\n|t:|1700113244\n|switch|p2a: Garganacl|Garganacl, M|11\/100\n|turn|10\n|\n|t:|1700113247\n|move|p1a: Skeledirge|Torch Song|p2a: Garganacl\n|-resisted|p2a: Garganacl\n|-damage|p2a: Garganacl|0 fnt\n|-boost|p1a: Skeledirge|spa|1\n|faint|p2a: Garganacl\n|\n|-heal|p1a: Skeledirge|77\/100|[from] item: Leftovers\n|upkeep\n|\n|t:|1700113250\n|switch|p2a: Scizor|Scizor, M|11\/100\n|turn|11\n|\n|t:|1700113253\n|move|p1a: Skeledirge|Torch Song|p2a: Scizor\n|-supereffective|p2a: Scizor\n|-damage|p2a: Scizor|0 fnt\n|-boost|p1a: Skeledirge|spa|1\n|faint|p2a: Scizor\n|\n|-heal|p1a: Skeledirge|83\/100|[from] item: Leftovers\n|upkeep\n|\n|t:|1700113256\n|switch|p2a: Volcarona|Volcarona, M, shiny|100\/100\n|turn|12\n|\n|t:|1700113265\n|move|p2a: Volcarona|Bug Buzz|p1a: Skeledirge\n|-resisted|p1a: Skeledirge\n|-damage|p1a: Skeledirge|70\/100\n|move|p1a: Skeledirge|Torch Song|p2a: Volcarona\n|-damage|p2a: Volcarona|0 fnt\n|-boost|p1a: Skeledirge|spa|1\n|faint|p2a: Volcarona\n|\n|win|Shelmett\n|raw|Shelmett's rating: 1130 &rarr; <strong>1153<\/strong><br \/>(+23 for winning)\n|raw|MW_Zitie's rating: 1096 &rarr; <strong>1074<\/strong><br \/>(-22 for losing)\n|c|\u2606Shelmett|gg\n|l|\u2606MW_Zitie\n","uploadtime":1700113275,"views":14,"p1id":"shelmett","p2id":"mwzitie","formatid":"gen9nationaldex","rating":1074,"private":0,"password":""}