{"id":"gen9nationaldex-1988288786","p1":"abandony","p2":"BaiyiS","format":"[Gen 9] National Dex","log":"|j|\u203dabandony\n|j|\u2606BaiyiS\n|t:|1699702360\n|gametype|singles\n|player|p1|abandony|caitlin|1457\n|player|p2|BaiyiS|cynthia|1478\n|teamsize|p1|6\n|teamsize|p2|6\n|gen|9\n|tier|[Gen 9] National Dex\n|rated|\n|rule|HP Percentage Mod: HP is shown in percentages\n|rule|Endless Battle Clause: Forcing endless battles is banned\n|rule|OHKO Clause: OHKO moves are banned\n|rule|Evasion Clause: Evasion abilities, items, and moves are banned\n|rule|Evasion Abilities Clause: Evasion abilities are banned\n|rule|Evasion Items Clause: Evasion items are banned\n|rule|Evasion Moves Clause: Evasion moves are banned\n|rule|Species Clause: Limit one of each Pok\u00e9mon\n|rule|Sleep Clause Mod: Limit one foe put to sleep\n|clearpoke\n|poke|p1|Tapu Lele|\n|poke|p1|Zamazenta-*|\n|poke|p1|Sneasler, M|\n|poke|p1|Moltres|\n|poke|p1|Ogerpon-Wellspring, F|\n|poke|p1|Ting-Lu|\n|poke|p2|Hoopa-Unbound|\n|poke|p2|Tapu Koko|\n|poke|p2|Urshifu-*, M|\n|poke|p2|Iron Valiant|\n|poke|p2|Moltres|\n|poke|p2|Medicham, M|\n|teampreview\n|inactive|Battle timer is ON: inactive players will automatically lose when time's up. (requested by BaiyiS)\n|\n|t:|1699702374\n|start\n|switch|p1a: Tapu Lele|Tapu Lele|100\/100\n|switch|p2a: Tapu Koko|Tapu Koko|100\/100\n|-fieldstart|move: Electric Terrain|[from] ability: Electric Surge|[of] p2a: Tapu Koko\n|-fieldstart|move: Psychic Terrain|[from] ability: Psychic Surge|[of] p1a: Tapu Lele\n|turn|1\n|\n|t:|1699702381\n|move|p2a: Tapu Koko|U-turn|p1a: Tapu Lele\n|-damage|p1a: Tapu Lele|68\/100\n|\n|t:|1699702388\n|switch|p2a: Moltres|Moltres|100\/100|[from] U-turn\n|move|p1a: Tapu Lele|Moonblast|p2a: Moltres\n|-resisted|p2a: Moltres\n|-damage|p2a: Moltres|66\/100\n|-unboost|p2a: Moltres|spa|1\n|\n|upkeep\n|turn|2\n|\n|t:|1699702404\n|move|p1a: Tapu Lele|Moonblast|p2a: Moltres\n|-resisted|p2a: Moltres\n|-damage|p2a: Moltres|31\/100\n|move|p2a: Moltres|U-turn|p1a: Tapu Lele\n|-damage|p1a: Tapu Lele|47\/100\n|\n|t:|1699702409\n|switch|p2a: Urshifu|Urshifu-Rapid-Strike, M|100\/100|[from] U-turn\n|\n|upkeep\n|turn|3\n|\n|t:|1699702419\n|switch|p1a: Ogerpon|Ogerpon-Wellspring, F|100\/100\n|move|p2a: Urshifu|Close Combat|p1a: Ogerpon\n|-damage|p1a: Ogerpon|13\/100\n|-unboost|p2a: Urshifu|def|1\n|-unboost|p2a: Urshifu|spd|1\n|\n|upkeep\n|turn|4\n|\n|t:|1699702425\n|switch|p2a: Moltres|Moltres|31\/100\n|move|p1a: Ogerpon|Horn Leech|p2a: Moltres\n|-resisted|p2a: Moltres\n|-damage|p2a: Moltres|23\/100\n|-heal|p1a: Ogerpon|17\/100|[from] drain|[of] p2a: Moltres\n|\n|upkeep\n|turn|5\n|\n|t:|1699702431\n|move|p1a: Ogerpon|Ivy Cudgel|p2a: Moltres\n|-supereffective|p2a: Moltres\n|-damage|p2a: Moltres|0 fnt\n|faint|p2a: Moltres\n|\n|-fieldend|move: Psychic Terrain\n|upkeep\n|\n|t:|1699702437\n|switch|p2a: Tapu Koko|Tapu Koko|100\/100\n|-fieldstart|move: Electric Terrain|[from] ability: Electric Surge|[of] p2a: Tapu Koko\n|turn|6\n|\n|t:|1699702440\n|switch|p1a: Ting-Lu|Ting-Lu|100\/100\n|-ability|p1a: Ting-Lu|Vessel of Ruin\n|move|p2a: Tapu Koko|U-turn|p1a: Ting-Lu\n|-supereffective|p1a: Ting-Lu\n|-damage|p1a: Ting-Lu|75\/100\n|\n|t:|1699702444\n|switch|p2a: Urshifu|Urshifu-Rapid-Strike, M|100\/100|[from] U-turn\n|\n|-heal|p1a: Ting-Lu|81\/100|[from] item: Leftovers\n|upkeep\n|turn|7\n|\n|t:|1699702453\n|switch|p1a: Moltres|Moltres|100\/100\n|move|p2a: Urshifu|Trailblaze|p1a: Moltres\n|-resisted|p1a: Moltres\n|-damage|p1a: Moltres|97\/100\n|-boost|p2a: Urshifu|spe|1\n|\n|upkeep\n|turn|8\n|\n|t:|1699702463\n|switch|p1a: Ogerpon|Ogerpon-Wellspring, F|17\/100\n|move|p2a: Urshifu|Swords Dance|p2a: Urshifu\n|-boost|p2a: Urshifu|atk|2\n|\n|upkeep\n|turn|9\n|\n|t:|1699702469\n|move|p2a: Urshifu|Trailblaze|p1a: Ogerpon\n|-damage|p1a: Ogerpon|0 fnt\n|-boost|p2a: Urshifu|spe|1\n|faint|p1a: Ogerpon\n|\n|upkeep\n|\n|t:|1699702477\n|switch|p1a: Tapu Lele|Tapu Lele|47\/100\n|-fieldstart|move: Psychic Terrain|[from] ability: Psychic Surge|[of] p1a: Tapu Lele\n|turn|10\n|\n|t:|1699702484\n|move|p2a: Urshifu|Trailblaze|p1a: Tapu Lele\n|-damage|p1a: Tapu Lele|0 fnt\n|-boost|p2a: Urshifu|spe|1\n|faint|p1a: Tapu Lele\n|\n|upkeep\n|\n|t:|1699702486\n|switch|p1a: Sneasler|Sneasler, M|100\/100\n|-enditem|p1a: Sneasler|Psychic Seed\n|-boost|p1a: Sneasler|spd|1|[from] item: Psychic Seed\n|turn|11\n|\n|t:|1699702491\n|-terastallize|p2a: Urshifu|Water\n|-terastallize|p1a: Sneasler|Flying\n|move|p2a: Urshifu|Surging Strikes|p1a: Sneasler\n|-crit|p1a: Sneasler\n|-damage|p1a: Sneasler|25\/100\n|-crit|p1a: Sneasler\n|-damage|p1a: Sneasler|0 fnt\n|faint|p1a: Sneasler\n|-hitcount|p1: Sneasler|2\n|\n|upkeep\n|\n|t:|1699702496\n|switch|p1a: Zamazenta|Zamazenta|100\/100\n|-ability|p1a: Zamazenta|Dauntless Shield|boost\n|-boost|p1a: Zamazenta|def|1\n|turn|12\n|\n|t:|1699702500\n|move|p2a: Urshifu|Surging Strikes|p1a: Zamazenta\n|-crit|p1a: Zamazenta\n|-damage|p1a: Zamazenta|54\/100\n|-crit|p1a: Zamazenta\n|-damage|p1a: Zamazenta|7\/100\n|-crit|p1a: Zamazenta\n|-damage|p1a: Zamazenta|0 fnt\n|faint|p1a: Zamazenta\n|-hitcount|p1: Zamazenta|3\n|\n|upkeep\n|-message|abandony forfeited.\n|\n|win|BaiyiS\n|raw|abandony's rating: 1480 &rarr; <strong>1460<\/strong><br \/>(-20 for losing)\n|raw|BaiyiS's rating: 1478 &rarr; <strong>1498<\/strong><br \/>(+20 for winning)\n|l|\u203dabandony\n","uploadtime":1699702564,"views":18,"p1id":"abandony","p2id":"baiyis","formatid":"gen9nationaldex","rating":1460,"private":0,"password":""}