{"id":"gen9nationaldex-1987303066","p1":"Connorpotatato","p2":"Bryan Ketchum 2008","format":"[Gen 9] National Dex","log":"|j|\u2606Connorpotatato\n|j|\u2606Bryan Ketchum 2008\n|t:|1699575178\n|gametype|singles\n|player|p1|Connorpotatato|2|1000\n|player|p2|Bryan Ketchum 2008|lance|1017\n|teamsize|p1|6\n|teamsize|p2|6\n|gen|9\n|tier|[Gen 9] National Dex\n|rated|\n|rule|HP Percentage Mod: HP is shown in percentages\n|rule|Endless Battle Clause: Forcing endless battles is banned\n|rule|OHKO Clause: OHKO moves are banned\n|rule|Evasion Clause: Evasion abilities, items, and moves are banned\n|rule|Evasion Abilities Clause: Evasion abilities are banned\n|rule|Evasion Items Clause: Evasion items are banned\n|rule|Evasion Moves Clause: Evasion moves are banned\n|rule|Species Clause: Limit one of each Pok\u00e9mon\n|rule|Sleep Clause Mod: Limit one foe put to sleep\n|clearpoke\n|poke|p1|Dragonite, M|\n|poke|p1|Absol, M|\n|poke|p1|Aerodactyl, F|\n|poke|p1|Polteageist-Antique|\n|poke|p1|Emboar, M|\n|poke|p1|Lopunny, M|\n|poke|p2|Sneasler, F|\n|poke|p2|Slowking-Galar, F|\n|poke|p2|Garchomp, F|\n|poke|p2|Zapdos|\n|poke|p2|Scizor, F|\n|poke|p2|Volcarona, F|\n|teampreview\n|inactive|Battle timer is ON: inactive players will automatically lose when time's up. (requested by Bryan Ketchum 2008)\n|\n|t:|1699575207\n|start\n|switch|p1a: Dragonite|Dragonite, M|100\/100\n|switch|p2a: Garchomp|Garchomp, F|100\/100\n|turn|1\n|\n|t:|1699575235\n|move|p2a: Garchomp|Toxic|p1a: Dragonite\n|-status|p1a: Dragonite|tox\n|move|p1a: Dragonite|Blizzard|p2a: Garchomp\n|-supereffective|p2a: Garchomp\n|-damage|p2a: Garchomp|2\/100\n|\n|-damage|p1a: Dragonite|94\/100 tox|[from] psn\n|upkeep\n|turn|2\n|inactive|Bryan Ketchum 2008 has 120 seconds left.\n|\n|t:|1699575279\n|switch|p2a: Volcarona|Volcarona, F|100\/100\n|switch|p1a: Emboar|Emboar, M|100\/100\n|\n|upkeep\n|turn|3\n|\n|t:|1699575300\n|switch|p2a: Zapdos|Zapdos|100\/100\n|move|p1a: Emboar|Fire Blast|p2a: Zapdos|[miss]\n|-miss|p1a: Emboar|p2a: Zapdos\n|\n|upkeep\n|turn|4\n|\n|t:|1699575311\n|move|p2a: Zapdos|Hurricane|p1a: Emboar|[miss]\n|-miss|p2a: Zapdos|p1a: Emboar\n|move|p1a: Emboar|Fire Blast|p2a: Zapdos\n|-damage|p2a: Zapdos|64\/100\n|-status|p2a: Zapdos|brn\n|\n|-damage|p2a: Zapdos|58\/100 brn|[from] brn\n|upkeep\n|turn|5\n|\n|t:|1699575324\n|move|p2a: Zapdos|Hurricane|p1a: Emboar\n|-supereffective|p1a: Emboar\n|-enditem|p1a: Emboar|Focus Sash\n|-damage|p1a: Emboar|1\/100\n|move|p1a: Emboar|Brick Break|p2a: Zapdos\n|-resisted|p2a: Zapdos\n|-damage|p2a: Zapdos|40\/100 brn\n|-status|p1a: Emboar|par|[from] ability: Static|[of] p2a: Zapdos\n|\n|-damage|p2a: Zapdos|34\/100 brn|[from] brn\n|upkeep\n|turn|6\n|l|\u2606Bryan Ketchum 2008\n|inactive|Bryan Ketchum 2008 disconnected and has a minute to reconnect!\n|player|p2|\n|j|\u2606Bryan Ketchum 2008\n|inactive|Bryan Ketchum 2008 reconnected and has 80 seconds left.\n|player|p2|Bryan Ketchum 2008|lance\n|\n|t:|1699575363\n|move|p2a: Zapdos|Thunderbolt|p1a: Emboar\n|-damage|p1a: Emboar|0 fnt\n|faint|p1a: Emboar\n|\n|-damage|p2a: Zapdos|28\/100 brn|[from] brn\n|upkeep\n|\n|t:|1699575371\n|switch|p1a: Aerodactyl|Aerodactyl, F|100\/100\n|turn|7\n|\n|t:|1699575383\n|move|p1a: Aerodactyl|Ancient Power|p2a: Zapdos\n|-supereffective|p2a: Zapdos\n|-damage|p2a: Zapdos|1\/100 brn\n|move|p2a: Zapdos|Thunderbolt|p1a: Aerodactyl\n|-supereffective|p1a: Aerodactyl\n|-damage|p1a: Aerodactyl|0 fnt\n|faint|p1a: Aerodactyl\n|\n|-damage|p2a: Zapdos|0 fnt|[from] brn\n|faint|p2a: Zapdos\n|upkeep\n|inactive|Connorpotatato has 120 seconds left.\n|\n|t:|1699575414\n|switch|p1a: Absol|Absol, M|100\/100\n|switch|p2a: Sneasler|Sneasler, F|100\/100\n|-ability|p1a: Absol|Pressure\n|turn|8\n|\n|t:|1699575424\n|move|p2a: Sneasler|Close Combat|p1a: Absol\n|-supereffective|p1a: Absol\n|-damage|p1a: Absol|0 fnt\n|-unboost|p2a: Sneasler|def|1\n|-unboost|p2a: Sneasler|spd|1\n|faint|p1a: Absol\n|\n|upkeep\n|\n|t:|1699575430\n|switch|p1a: Polteageist|Polteageist-Antique|100\/100\n|turn|9\n|\n|t:|1699575450\n|switch|p2a: Volcarona|Volcarona, F|100\/100\n|move|p1a: Polteageist|Foul Play|p2a: Volcarona\n|-damage|p2a: Volcarona|83\/100\n|\n|upkeep\n|turn|10\n|l|\u2606Bryan Ketchum 2008\n|inactive|Bryan Ketchum 2008 disconnected and has a minute to reconnect!\n|player|p2|\n|j|\u2606Bryan Ketchum 2008\n|inactive|Bryan Ketchum 2008 reconnected and has 55 seconds left.\n|player|p2|Bryan Ketchum 2008|lance\n|\n|t:|1699575490\n|move|p2a: Volcarona|Quiver Dance|p2a: Volcarona\n|-boost|p2a: Volcarona|spa|1\n|-boost|p2a: Volcarona|spd|1\n|-boost|p2a: Volcarona|spe|1\n|move|p1a: Polteageist|Dark Pulse|p2a: Volcarona\n|-damage|p2a: Volcarona|63\/100\n|\n|upkeep\n|turn|11\n|inactive|Connorpotatato has 120 seconds left.\n|\n|t:|1699575526\n|move|p2a: Volcarona|Fiery Dance|p1a: Polteageist\n|-damage|p1a: Polteageist|33\/100\n|move|p1a: Polteageist|Dark Pulse|p2a: Volcarona\n|-damage|p2a: Volcarona|38\/100\n|\n|upkeep\n|turn|12\n|inactive|Connorpotatato has 90 seconds left.\n|\n|t:|1699575573\n|move|p2a: Volcarona|Giga Drain|p1a: Polteageist\n|-damage|p1a: Polteageist|0 fnt\n|-heal|p2a: Volcarona|55\/100|[from] drain|[of] p1a: Polteageist\n|faint|p1a: Polteageist\n|\n|upkeep\n|\n|t:|1699575584\n|switch|p1a: Lopunny|Lopunny, M|100\/100\n|turn|13\n|\n|t:|1699575600\n|detailschange|p1a: Lopunny|Lopunny-Mega, M\n|-mega|p1a: Lopunny|Lopunny|Lopunnite\n|move|p2a: Volcarona|Fiery Dance|p1a: Lopunny\n|-damage|p1a: Lopunny|4\/100\n|-boost|p2a: Volcarona|spa|1\n|move|p1a: Lopunny|Blizzard|p2a: Volcarona\n|-resisted|p2a: Volcarona\n|-damage|p2a: Volcarona|50\/100\n|\n|upkeep\n|turn|14\n|-message|Connorpotatato forfeited.\n|\n|win|Bryan Ketchum 2008\n|raw|Connorpotatato's rating: 1000 &rarr; <strong>1000<\/strong><br \/>(+0 for losing)\n|raw|Bryan Ketchum 2008's rating: 1017 &rarr; <strong>1053<\/strong><br \/>(+36 for winning)\n|l|\u2606Connorpotatato\n","uploadtime":1699575632,"views":10,"p1id":"connorpotatato","p2id":"bryanketchum2008","formatid":"gen9nationaldex","rating":1000,"private":0,"password":""}