{"id":"gen9nationaldex-1994657597","p1":"shfeha","p2":"aryan3003","format":"[Gen 9] National Dex","log":"|html|<div class=\"broadcast-blue\"><strong>[Gen 9] National Dex is currently suspecting Sneasler! For information on how to participate check out the <a href=\"https:\/\/www.smogon.com\/forums\/threads\/sv-national-dex-suspect-8-just-dance.3731534\/\">suspect thread<\/a>.<\/strong><\/div>\n|j|\u2606shfeha\n|j|\u2606aryan3003\n|t:|1700476663\n|gametype|singles\n|player|p1|shfeha|cyclist|1269\n|player|p2|aryan3003|1|1235\n|teamsize|p1|6\n|teamsize|p2|6\n|gen|9\n|tier|[Gen 9] National Dex\n|rated|\n|rule|HP Percentage Mod: HP is shown in percentages\n|rule|Endless Battle Clause: Forcing endless battles is banned\n|rule|OHKO Clause: OHKO moves are banned\n|rule|Evasion Clause: Evasion abilities, items, and moves are banned\n|rule|Evasion Abilities Clause: Evasion abilities are banned\n|rule|Evasion Items Clause: Evasion items are banned\n|rule|Evasion Moves Clause: Evasion moves are banned\n|rule|Species Clause: Limit one of each Pok\u00e9mon\n|rule|Sleep Clause Mod: Limit one foe put to sleep\n|clearpoke\n|poke|p1|Gallade, M|\n|poke|p1|Tapu Lele|\n|poke|p1|Weavile, F|\n|poke|p1|Kleavor, M|\n|poke|p1|Tornadus, M|\n|poke|p1|Urshifu-*, F|\n|poke|p2|Urshifu-*, M|\n|poke|p2|Ninetales-Alola, M|\n|poke|p2|Heatran, M|\n|poke|p2|Rillaboom, F|\n|poke|p2|Glimmora, M|\n|poke|p2|Gardevoir, F|\n|teampreview\n|inactive|Battle timer is ON: inactive players will automatically lose when time's up. (requested by shfeha)\n|\n|t:|1700476672\n|start\n|switch|p1a: Urshifu|Urshifu-Rapid-Strike, F|100\/100\n|switch|p2a: Heatran|Heatran, M|100\/100\n|turn|1\n|\n|t:|1700476680\n|switch|p2a: Urshifu|Urshifu-Rapid-Strike, M|100\/100\n|move|p1a: Urshifu|U-turn|p2a: Urshifu\n|-resisted|p2a: Urshifu\n|-damage|p2a: Urshifu|83\/100\n|\n|t:|1700476690\n|switch|p1a: Weavile|Weavile, F|100\/100|[from] U-turn\n|\n|upkeep\n|turn|2\n|\n|t:|1700476695\n|move|p1a: Weavile|Beat Up|p2a: Urshifu\n|-resisted|p2a: Urshifu\n|-damage|p2a: Urshifu|79\/100\n|-resisted|p2a: Urshifu\n|-damage|p2a: Urshifu|75\/100\n|-resisted|p2a: Urshifu\n|-damage|p2a: Urshifu|71\/100\n|-resisted|p2a: Urshifu\n|-damage|p2a: Urshifu|66\/100\n|-resisted|p2a: Urshifu\n|-damage|p2a: Urshifu|63\/100\n|-resisted|p2a: Urshifu\n|-damage|p2a: Urshifu|58\/100\n|-hitcount|p2a: Urshifu|6\n|move|p2a: Urshifu|Surging Strikes|p1a: Weavile\n|-crit|p1a: Weavile\n|-damage|p1a: Weavile|65\/100\n|-crit|p1a: Weavile\n|-damage|p1a: Weavile|25\/100\n|-crit|p1a: Weavile\n|-damage|p1a: Weavile|0 fnt\n|faint|p1a: Weavile\n|-hitcount|p1: Weavile|3\n|\n|upkeep\n|\n|t:|1700476711\n|switch|p1a: Tornadus|Tornadus, M|100\/100\n|turn|3\n|\n|t:|1700476725\n|switch|p2a: Heatran|Heatran, M|100\/100\n|move|p1a: Tornadus|Tailwind|p1a: Tornadus\n|-sidestart|p1: shfeha|move: Tailwind\n|\n|upkeep\n|turn|4\n|\n|t:|1700476730\n|move|p1a: Tornadus|Taunt|p2a: Heatran\n|-start|p2a: Heatran|move: Taunt\n|move|p2a: Heatran|Magma Storm|p1a: Tornadus\n|-damage|p1a: Tornadus|40\/100\n|-activate|p1a: Tornadus|move: Magma Storm|[of] p2a: Heatran\n|-enditem|p1a: Tornadus|Eject Button\n|\n|t:|1700476738\n|switch|p1a: Gallade|Gallade, M, shiny|100\/100\n|\n|upkeep\n|turn|5\n|inactive|aryan3003 has 120 seconds left.\n|\n|t:|1700476770\n|switch|p2a: Urshifu|Urshifu-Rapid-Strike, M|58\/100\n|detailschange|p1a: Gallade|Gallade-Mega, M, shiny\n|-mega|p1a: Gallade|Gallade|Galladite\n|move|p1a: Gallade|Close Combat|p2a: Urshifu\n|-damage|p2a: Urshifu|0 fnt\n|-unboost|p1a: Gallade|def|1\n|-unboost|p1a: Gallade|spd|1\n|faint|p2a: Urshifu\n|\n|upkeep\n|inactive|aryan3003 has 120 seconds left.\n|\n|t:|1700476778\n|switch|p2a: Glimmora|Glimmora, M|100\/100\n|turn|6\n|inactive|aryan3003 has 120 seconds left.\n|\n|t:|1700476799\n|move|p1a: Gallade|Psycho Cut|p2a: Glimmora\n|-supereffective|p2a: Glimmora\n|-enditem|p2a: Glimmora|Focus Sash\n|-damage|p2a: Glimmora|1\/100\n|-activate|p2a: Glimmora|ability: Toxic Debris\n|-sidestart|p1: shfeha|move: Toxic Spikes\n|move|p2a: Glimmora|Sludge Wave|p1a: Gallade\n|-damage|p1a: Gallade|24\/100\n|\n|-sideend|p1: shfeha|move: Tailwind\n|upkeep\n|turn|7\n|\n|t:|1700476811\n|move|p1a: Gallade|Psycho Cut|p2a: Glimmora\n|-supereffective|p2a: Glimmora\n|-damage|p2a: Glimmora|0 fnt\n|-activate|p2a: Glimmora|ability: Toxic Debris\n|-sidestart|p1: shfeha|move: Toxic Spikes\n|faint|p2a: Glimmora\n|\n|upkeep\n|\n|t:|1700476837\n|switch|p2a: Rillaboom|Rillaboom, F|100\/100\n|-fieldstart|move: Grassy Terrain|[from] ability: Grassy Surge|[of] p2a: Rillaboom\n|-enditem|p2a: Rillaboom|Grassy Seed\n|-boost|p2a: Rillaboom|def|1|[from] item: Grassy Seed\n|turn|8\n|\n|t:|1700476845\n|switch|p1a: Tornadus|Tornadus, M|40\/100\n|move|p2a: Rillaboom|Swords Dance|p2a: Rillaboom\n|-boost|p2a: Rillaboom|atk|2\n|\n|upkeep\n|turn|9\n|\n|t:|1700476850\n|move|p1a: Tornadus|Defog|p2a: Rillaboom\n|-unboost|p2a: Rillaboom|evasion|1\n|-sideend|p1: shfeha|Toxic Spikes|[from] move: Defog|[of] p1a: Tornadus\n|-fieldend|move: Grassy Terrain\n|move|p2a: Rillaboom|Grassy Glide|p1a: Tornadus\n|-resisted|p1a: Tornadus\n|-damage|p1a: Tornadus|0 fnt\n|faint|p1a: Tornadus\n|\n|upkeep\n|\n|t:|1700476861\n|switch|p1a: Gallade|Gallade-Mega, M, shiny|24\/100\n|turn|10\n|inactive|aryan3003 has 120 seconds left.\n|\n|t:|1700476870\n|move|p1a: Gallade|Triple Axel|p2a: Rillaboom\n|-supereffective|p2a: Rillaboom\n|-damage|p2a: Rillaboom|87\/100\n|-supereffective|p2a: Rillaboom\n|-damage|p2a: Rillaboom|63\/100\n|-supereffective|p2a: Rillaboom\n|-damage|p2a: Rillaboom|27\/100\n|-hitcount|p2a: Rillaboom|3\n|move|p2a: Rillaboom|Acrobatics|p1a: Gallade\n|-supereffective|p1a: Gallade\n|-damage|p1a: Gallade|0 fnt\n|faint|p1a: Gallade\n|\n|upkeep\n|\n|t:|1700476884\n|switch|p1a: Urshifu|Urshifu-Rapid-Strike, F|100\/100\n|turn|11\n|\n|t:|1700476897\n|switch|p2a: Heatran|Heatran, M|100\/100\n|move|p1a: Urshifu|U-turn|p2a: Heatran\n|-resisted|p2a: Heatran\n|-damage|p2a: Heatran|93\/100\n|\n|t:|1700476900\n|switch|p1a: Kleavor|Kleavor, M|100\/100|[from] U-turn\n|\n|-heal|p2a: Heatran|99\/100|[from] item: Leftovers\n|upkeep\n|turn|12\n|\n|t:|1700476905\n|move|p1a: Kleavor|Stone Axe|p2a: Heatran\n|-damage|p2a: Heatran|56\/100\n|-sidestart|p2: aryan3003|move: Stealth Rock\n|move|p2a: Heatran|Will-O-Wisp|p1a: Kleavor|[miss]\n|-miss|p2a: Heatran|p1a: Kleavor\n|\n|-heal|p2a: Heatran|63\/100|[from] item: Leftovers\n|upkeep\n|turn|13\n|\n|t:|1700476917\n|move|p1a: Kleavor|Brick Break|p2a: Heatran\n|-supereffective|p2a: Heatran\n|-damage|p2a: Heatran|19\/100\n|move|p2a: Heatran|Will-O-Wisp|p1a: Kleavor\n|-status|p1a: Kleavor|brn\n|\n|-heal|p2a: Heatran|25\/100|[from] item: Leftovers\n|-damage|p1a: Kleavor|94\/100 brn|[from] brn\n|upkeep\n|turn|14\n|\n|t:|1700476923\n|switch|p2a: Ninetales|Ninetales-Alola, M|100\/100\n|-damage|p2a: Ninetales|76\/100|[from] Stealth Rock\n|-weather|Snow|[from] ability: Snow Warning|[of] p2a: Ninetales\n|move|p1a: Kleavor|Knock Off|p2a: Ninetales\n|-resisted|p2a: Ninetales\n|-damage|p2a: Ninetales|66\/100\n|-enditem|p2a: Ninetales|Light Clay|[from] move: Knock Off|[of] p1a: Kleavor\n|\n|-weather|Snow|[upkeep]\n|-damage|p1a: Kleavor|88\/100 brn|[from] brn\n|upkeep\n|turn|15\n|\n|t:|1700476927\n|move|p2a: Ninetales|Aurora Veil|p2a: Ninetales\n|-sidestart|p2: aryan3003|move: Aurora Veil\n|move|p1a: Kleavor|Stone Axe|p2a: Ninetales\n|-supereffective|p2a: Ninetales\n|-damage|p2a: Ninetales|39\/100\n|\n|-weather|Snow|[upkeep]\n|-damage|p1a: Kleavor|82\/100 brn|[from] brn\n|upkeep\n|turn|16\n|\n|t:|1700476932\n|move|p2a: Ninetales|Moonblast|p1a: Kleavor\n|-damage|p1a: Kleavor|43\/100 brn\n|-unboost|p1a: Kleavor|spa|1\n|move|p1a: Kleavor|Stone Axe|p2a: Ninetales\n|-supereffective|p2a: Ninetales\n|-damage|p2a: Ninetales|11\/100\n|\n|-weather|Snow|[upkeep]\n|-damage|p1a: Kleavor|37\/100 brn|[from] brn\n|upkeep\n|turn|17\n|\n|t:|1700476937\n|move|p2a: Ninetales|Blizzard|p1a: Kleavor\n|-damage|p1a: Kleavor|0 fnt\n|faint|p1a: Kleavor\n|\n|-weather|Snow|[upkeep]\n|upkeep\n|\n|t:|1700476944\n|switch|p1a: Tapu Lele|Tapu Lele, shiny|100\/100\n|-fieldstart|move: Psychic Terrain|[from] ability: Psychic Surge|[of] p1a: Tapu Lele\n|turn|18\n|\n|t:|1700476950\n|move|p2a: Ninetales|Moonblast|p1a: Tapu Lele\n|-damage|p1a: Tapu Lele|61\/100\n|move|p1a: Tapu Lele|Psychic|p2a: Ninetales\n|-damage|p2a: Ninetales|0 fnt\n|faint|p2a: Ninetales\n|\n|-weather|none\n|upkeep\n|\n|t:|1700476953\n|switch|p2a: Rillaboom|Rillaboom, F|27\/100\n|-damage|p2a: Rillaboom|15\/100|[from] Stealth Rock\n|-fieldstart|move: Grassy Terrain|[from] ability: Grassy Surge|[of] p2a: Rillaboom\n|turn|19\n|\n|t:|1700476958\n|move|p2a: Rillaboom|Grassy Glide|p1a: Tapu Lele\n|-damage|p1a: Tapu Lele|2\/100\n|move|p1a: Tapu Lele|Psychic|p2a: Rillaboom\n|-damage|p2a: Rillaboom|0 fnt\n|faint|p2a: Rillaboom\n|\n|-heal|p1a: Tapu Lele|8\/100|[from] Grassy Terrain\n|-sideend|p2: aryan3003|move: Aurora Veil\n|upkeep\n|\n|t:|1700476963\n|switch|p2a: Gardevoir|Gardevoir, F|100\/100\n|-damage|p2a: Gardevoir|88\/100|[from] Stealth Rock\n|-fieldstart|move: Psychic Terrain|[from] ability: Psychic Surge|[of] p2a: Gardevoir\n|-ability|p2a: Gardevoir|Psychic Surge|[from] ability: Trace|[of] p1a: Tapu Lele\n|turn|20\n|\n|t:|1700476968\n|detailschange|p2a: Gardevoir|Gardevoir-Mega, F\n|-mega|p2a: Gardevoir|Gardevoir|Gardevoirite\n|move|p2a: Gardevoir|Hyper Voice|p1a: Tapu Lele\n|-damage|p1a: Tapu Lele|0 fnt\n|faint|p1a: Tapu Lele\n|\n|upkeep\n|\n|t:|1700476973\n|switch|p1a: Urshifu|Urshifu-Rapid-Strike, F|100\/100\n|turn|21\n|\n|t:|1700476983\n|-terastallize|p1a: Urshifu|Water\n|move|p2a: Gardevoir|Hyper Voice|p1a: Urshifu\n|-damage|p1a: Urshifu|5\/100\n|move|p1a: Urshifu|Surging Strikes|p2a: Gardevoir\n|-crit|p2a: Gardevoir\n|-damage|p2a: Gardevoir|17\/100\n|-crit|p2a: Gardevoir\n|-damage|p2a: Gardevoir|0 fnt\n|faint|p2a: Gardevoir\n|-hitcount|p2: Gardevoir|2\n|\n|upkeep\n|\n|t:|1700476988\n|switch|p2a: Heatran|Heatran, M|25\/100\n|-damage|p2a: Heatran|13\/100|[from] Stealth Rock\n|turn|22\n|\n|t:|1700476991\n|move|p1a: Urshifu|Surging Strikes|p2a: Heatran\n|-supereffective|p2a: Heatran\n|-crit|p2a: Heatran\n|-damage|p2a: Heatran|0 fnt\n|faint|p2a: Heatran\n|-hitcount|p2: Heatran|1\n|\n|win|shfeha\n|raw|shfeha's rating: 1269 &rarr; <strong>1292<\/strong><br \/>(+23 for winning)\n|raw|aryan3003's rating: 1235 &rarr; <strong>1212<\/strong><br \/>(-23 for losing)\n|l|\u2606aryan3003\n","uploadtime":1700476999,"views":2,"p1id":"shfeha","p2id":"aryan3003","formatid":"gen9nationaldex","rating":1212,"private":0,"password":""}