{"id":"gen9nationaldex-1991795434","p1":"We wish theee","p2":"runeatest","format":"[Gen 9] National Dex","log":"|j|\u2606We wish theee\n|j|\u2606runeatest\n|t:|1700118820\n|gametype|singles\n|player|p1|We wish theee|lass-gen4dp|1000\n|player|p2|runeatest|fisherman-gen4|1099\n|teamsize|p1|6\n|teamsize|p2|6\n|gen|9\n|tier|[Gen 9] National Dex\n|rated|\n|rule|HP Percentage Mod: HP is shown in percentages\n|rule|Endless Battle Clause: Forcing endless battles is banned\n|rule|OHKO Clause: OHKO moves are banned\n|rule|Evasion Clause: Evasion abilities, items, and moves are banned\n|rule|Evasion Abilities Clause: Evasion abilities are banned\n|rule|Evasion Items Clause: Evasion items are banned\n|rule|Evasion Moves Clause: Evasion moves are banned\n|rule|Species Clause: Limit one of each Pok\u00e9mon\n|rule|Sleep Clause Mod: Limit one foe put to sleep\n|clearpoke\n|poke|p1|Lopunny, F|\n|poke|p1|Ribombee, F|\n|poke|p1|Azumarill, F|\n|poke|p1|Breloom, F|\n|poke|p1|Gengar, F|\n|poke|p1|Volcarona, M|\n|poke|p2|Vaporeon, M|\n|poke|p2|Salamence, M|\n|poke|p2|Hitmontop, M|\n|poke|p2|Electivire, M|\n|poke|p2|Togekiss, M|\n|poke|p2|Houndoom, M|\n|teampreview\n|inactive|Battle timer is ON: inactive players will automatically lose when time's up. (requested by We wish theee)\n|\n|t:|1700118831\n|start\n|switch|p1a: Ribombee|Ribombee, F|100\/100\n|switch|p2a: Salamence|Salamence, M|100\/100\n|-ability|p2a: Salamence|Intimidate|boost\n|-unboost|p1a: Ribombee|atk|1\n|turn|1\n|\n|t:|1700118841\n|move|p1a: Ribombee|Stun Spore|p2a: Salamence|[miss]\n|-miss|p1a: Ribombee|p2a: Salamence\n|move|p2a: Salamence|Air Slash|p1a: Ribombee\n|-supereffective|p1a: Ribombee\n|-enditem|p1a: Ribombee|Focus Sash\n|-damage|p1a: Ribombee|1\/100\n|\n|upkeep\n|turn|2\n|\n|t:|1700118848\n|move|p1a: Ribombee|Stun Spore|p2a: Salamence|[miss]\n|-miss|p1a: Ribombee|p2a: Salamence\n|move|p2a: Salamence|Air Slash|p1a: Ribombee\n|-supereffective|p1a: Ribombee\n|-damage|p1a: Ribombee|0 fnt\n|faint|p1a: Ribombee\n|\n|upkeep\n|\n|t:|1700118860\n|switch|p1a: Lopunny|Lopunny, F|100\/100\n|turn|3\n|\n|t:|1700118867\n|switch|p2a: Togekiss|Togekiss, M, shiny|100\/100\n|detailschange|p1a: Lopunny|Lopunny-Mega, F\n|-mega|p1a: Lopunny|Lopunny|Lopunnite\n|move|p1a: Lopunny|Fake Out|p2a: Togekiss\n|-damage|p2a: Togekiss|76\/100\n|\n|upkeep\n|turn|4\n|\n|t:|1700118891\n|switch|p1a: Gengar|Gengar, F|100\/100\n|move|p2a: Togekiss|Roost|p2a: Togekiss\n|-heal|p2a: Togekiss|100\/100\n|-singleturn|p2a: Togekiss|move: Roost\n|\n|upkeep\n|turn|5\n|inactive|runeatest has 120 seconds left.\n|\n|t:|1700118936\n|switch|p2a: Salamence|Salamence, M|100\/100\n|-ability|p2a: Salamence|Intimidate|boost\n|-unboost|p1a: Gengar|atk|1\n|move|p1a: Gengar|Substitute|p1a: Gengar\n|-start|p1a: Gengar|Substitute\n|-damage|p1a: Gengar|76\/100\n|\n|upkeep\n|turn|6\n|\n|t:|1700118949\n|move|p1a: Gengar|Nasty Plot|p1a: Gengar\n|-boost|p1a: Gengar|spa|2\n|move|p2a: Salamence|Flamethrower|p1a: Gengar\n|-end|p1a: Gengar|Substitute\n|\n|upkeep\n|turn|7\n|\n|t:|1700118955\n|-zpower|p1a: Gengar\n|move|p1a: Gengar|Never-Ending Nightmare|p2a: Salamence|[zeffect]\n|-damage|p2a: Salamence|0 fnt\n|faint|p2a: Salamence\n|\n|upkeep\n|\n|t:|1700118962\n|switch|p2a: Hitmontop|Hitmontop, M|100\/100\n|turn|8\n|\n|t:|1700118979\n|move|p2a: Hitmontop|Sucker Punch||[still]\n|-fail|p2a: Hitmontop\n|move|p1a: Gengar|Substitute|p1a: Gengar\n|-start|p1a: Gengar|Substitute\n|-damage|p1a: Gengar|51\/100\n|\n|upkeep\n|turn|9\n|\n|t:|1700118987\n|-terastallize|p2a: Hitmontop|Normal\n|move|p2a: Hitmontop|Sucker Punch||[still]\n|-fail|p2a: Hitmontop\n|move|p1a: Gengar|Nasty Plot|p1a: Gengar\n|-boost|p1a: Gengar|spa|2\n|\n|upkeep\n|turn|10\n|\n|t:|1700118995\n|move|p1a: Gengar|Focus Blast|p2a: Hitmontop\n|-supereffective|p2a: Hitmontop\n|-enditem|p2a: Hitmontop|Focus Sash\n|-damage|p2a: Hitmontop|1\/100\n|move|p2a: Hitmontop|Rapid Spin|p1a: Gengar\n|-immune|p1a: Gengar\n|\n|upkeep\n|turn|11\n|\n|t:|1700119002\n|move|p2a: Hitmontop|Sucker Punch|p1a: Gengar\n|-supereffective|p1a: Gengar\n|-end|p1a: Gengar|Substitute\n|move|p1a: Gengar|Focus Blast|p2a: Hitmontop|[miss]\n|-miss|p1a: Gengar|p2a: Hitmontop\n|\n|upkeep\n|turn|12\n|\n|t:|1700119009\n|switch|p2a: Houndoom|Houndoom, M|100\/100\n|move|p1a: Gengar|Substitute|p1a: Gengar\n|-start|p1a: Gengar|Substitute\n|-damage|p1a: Gengar|26\/100\n|\n|upkeep\n|turn|13\n|\n|t:|1700119016\n|move|p1a: Gengar|Focus Blast|p2a: Houndoom|[miss]\n|-miss|p1a: Gengar|p2a: Houndoom\n|move|p2a: Houndoom|Dark Pulse|p1a: Gengar\n|-supereffective|p1a: Gengar\n|-end|p1a: Gengar|Substitute\n|\n|upkeep\n|turn|14\n|\n|t:|1700119031\n|move|p1a: Gengar|Focus Blast|p2a: Houndoom|[miss]\n|-miss|p1a: Gengar|p2a: Houndoom\n|move|p2a: Houndoom|Dark Pulse|p1a: Gengar\n|-supereffective|p1a: Gengar\n|-damage|p1a: Gengar|0 fnt\n|-start|p2a: Houndoom|Disable|Dark Pulse|[from] ability: Cursed Body|[of] p1a: Gengar\n|faint|p1a: Gengar\n|\n|upkeep\n|\n|t:|1700119034\n|switch|p1a: Azumarill|Azumarill, F|100\/100\n|turn|15\n|\n|t:|1700119041\n|switch|p2a: Vaporeon|Vaporeon, M|100\/100\n|move|p1a: Azumarill|Belly Drum|p1a: Azumarill\n|-damage|p1a: Azumarill|50\/100\n|-setboost|p1a: Azumarill|atk|6|[from] move: Belly Drum\n|-enditem|p1a: Azumarill|Sitrus Berry|[eat]\n|-heal|p1a: Azumarill|75\/100|[from] item: Sitrus Berry\n|\n|upkeep\n|turn|16\n|\n|t:|1700119052\n|-terastallize|p1a: Azumarill|Steel\n|move|p2a: Vaporeon|Hidden Power|p1a: Azumarill\n|-damage|p1a: Azumarill|55\/100\n|move|p1a: Azumarill|Play Rough|p2a: Vaporeon\n|-damage|p2a: Vaporeon|0 fnt\n|faint|p2a: Vaporeon\n|\n|upkeep\n|\n|t:|1700119061\n|switch|p2a: Houndoom|Houndoom, M|100\/100\n|turn|17\n|\n|t:|1700119070\n|move|p1a: Azumarill|Aqua Jet|p2a: Houndoom\n|-supereffective|p2a: Houndoom\n|-enditem|p2a: Houndoom|Focus Sash\n|-damage|p2a: Houndoom|1\/100\n|move|p2a: Houndoom|Flamethrower|p1a: Azumarill\n|-supereffective|p1a: Azumarill\n|-damage|p1a: Azumarill|0 fnt\n|faint|p1a: Azumarill\n|\n|upkeep\n|\n|t:|1700119079\n|switch|p1a: Volcarona|Volcarona, M|100\/100\n|turn|18\n|\n|t:|1700119082\n|move|p1a: Volcarona|Quiver Dance|p1a: Volcarona\n|-boost|p1a: Volcarona|spa|1\n|-boost|p1a: Volcarona|spd|1\n|-boost|p1a: Volcarona|spe|1\n|move|p2a: Houndoom|Dark Pulse|p1a: Volcarona\n|-damage|p1a: Volcarona|77\/100\n|\n|upkeep\n|turn|19\n|\n|t:|1700119089\n|move|p1a: Volcarona|Quiver Dance|p1a: Volcarona\n|-boost|p1a: Volcarona|spa|1\n|-boost|p1a: Volcarona|spd|1\n|-boost|p1a: Volcarona|spe|1\n|move|p2a: Houndoom|Sludge Bomb|p1a: Volcarona\n|-damage|p1a: Volcarona|64\/100\n|-status|p1a: Volcarona|psn\n|\n|-damage|p1a: Volcarona|52\/100 psn|[from] psn\n|upkeep\n|turn|20\n|\n|t:|1700119098\n|move|p1a: Volcarona|Fiery Dance|p2a: Houndoom\n|-start|p2a: Houndoom|ability: Flash Fire\n|move|p2a: Houndoom|Sludge Bomb|p1a: Volcarona\n|-damage|p1a: Volcarona|40\/100 psn\n|\n|-damage|p1a: Volcarona|28\/100 psn|[from] psn\n|upkeep\n|turn|21\n|\n|t:|1700119105\n|move|p1a: Volcarona|Bug Buzz|p2a: Houndoom\n|-damage|p2a: Houndoom|0 fnt\n|faint|p2a: Houndoom\n|\n|-damage|p1a: Volcarona|15\/100 psn|[from] psn\n|upkeep\n|\n|t:|1700119111\n|switch|p2a: Hitmontop|Hitmontop, M, tera:Normal|1\/100\n|turn|22\n|\n|t:|1700119119\n|move|p2a: Hitmontop|Fake Out|p1a: Volcarona\n|-crit|p1a: Volcarona\n|-damage|p1a: Volcarona|0 fnt\n|faint|p1a: Volcarona\n|\n|upkeep\n|\n|t:|1700119125\n|switch|p1a: Breloom|Breloom, F|100\/100\n|turn|23\n|\n|t:|1700119129\n|move|p1a: Breloom|Mach Punch|p2a: Hitmontop\n|-supereffective|p2a: Hitmontop\n|-damage|p2a: Hitmontop|0 fnt\n|faint|p2a: Hitmontop\n|-damage|p1a: Breloom|91\/100|[from] item: Life Orb\n|\n|upkeep\n|\n|t:|1700119154\n|switch|p2a: Togekiss|Togekiss, M, shiny|100\/100\n|turn|24\n|\n|t:|1700119157\n|move|p2a: Togekiss|Thunder Wave|p1a: Breloom\n|-status|p1a: Breloom|par\n|move|p1a: Breloom|Spore|p2a: Togekiss\n|-status|p2a: Togekiss|slp|[from] move: Spore\n|-enditem|p2a: Togekiss|Lum Berry|[eat]\n|-curestatus|p2a: Togekiss|slp|[msg]\n|\n|upkeep\n|turn|25\n|\n|t:|1700119165\n|move|p2a: Togekiss|Air Slash|p1a: Breloom\n|-supereffective|p1a: Breloom\n|-damage|p1a: Breloom|0 fnt\n|faint|p1a: Breloom\n|\n|upkeep\n|c|\u2606We wish theee|bruh\n|\n|t:|1700119170\n|switch|p1a: Lopunny|Lopunny-Mega, F|100\/100\n|turn|26\n|\n|t:|1700119172\n|switch|p2a: Electivire|Electivire, M, shiny|100\/100\n|-item|p2a: Electivire|Air Balloon\n|move|p1a: Lopunny|Fake Out|p2a: Electivire\n|-damage|p2a: Electivire|67\/100\n|-enditem|p2a: Electivire|Air Balloon\n|\n|upkeep\n|turn|27\n|\n|t:|1700119180\n|move|p1a: Lopunny|Close Combat|p2a: Electivire\n|-damage|p2a: Electivire|0 fnt\n|-unboost|p1a: Lopunny|def|1\n|-unboost|p1a: Lopunny|spd|1\n|faint|p2a: Electivire\n|\n|upkeep\n|\n|t:|1700119185\n|switch|p2a: Togekiss|Togekiss, M, shiny|100\/100\n|turn|28\n|\n|t:|1700119196\n|move|p1a: Lopunny|Return|p2a: Togekiss\n|-damage|p2a: Togekiss|42\/100\n|move|p2a: Togekiss|Air Slash|p1a: Lopunny\n|-supereffective|p1a: Lopunny\n|-damage|p1a: Lopunny|0 fnt\n|faint|p1a: Lopunny\n|\n|win|runeatest\n|raw|We wish theee's rating: 1000 &rarr; <strong>1000<\/strong><br \/>(+0 for losing)\n|raw|runeatest's rating: 1099 &rarr; <strong>1117<\/strong><br \/>(+18 for winning)\n|l|\u2606We wish theee\n","uploadtime":1700119208,"views":6,"p1id":"wewishtheee","p2id":"runeatest","formatid":"gen9nationaldex","rating":1000,"private":0,"password":""}