{"id":"gen9nationaldex-1991429364","p1":"ykkhalil","p2":"Chyoo","format":"[Gen 9] National Dex","log":"|j|\u2606ykkhalil\n|j|\u2606Chyoo\n|t:|1700076380\n|gametype|singles\n|player|p1|ykkhalil|turo-ai|1516\n|player|p2|Chyoo|li|1506\n|teamsize|p1|6\n|teamsize|p2|6\n|gen|9\n|tier|[Gen 9] National Dex\n|rated|\n|rule|HP Percentage Mod: HP is shown in percentages\n|rule|Endless Battle Clause: Forcing endless battles is banned\n|rule|OHKO Clause: OHKO moves are banned\n|rule|Evasion Clause: Evasion abilities, items, and moves are banned\n|rule|Evasion Abilities Clause: Evasion abilities are banned\n|rule|Evasion Items Clause: Evasion items are banned\n|rule|Evasion Moves Clause: Evasion moves are banned\n|rule|Species Clause: Limit one of each Pok\u00e9mon\n|rule|Sleep Clause Mod: Limit one foe put to sleep\n|clearpoke\n|poke|p1|Okidogi, M|\n|poke|p1|Tyranitar, F|\n|poke|p1|Magnezone|\n|poke|p1|Kartana|\n|poke|p1|Sableye, M|\n|poke|p1|Tapu Fini|\n|poke|p2|Ribombee, F|\n|poke|p2|Whirlipede, M|\n|poke|p2|Perrserker, F|\n|poke|p2|Delibird, F|\n|poke|p2|Minun, F|\n|poke|p2|Durant, F|\n|teampreview\n|c|\u2606ykkhalil|glhf\n|\n|t:|1700076405\n|start\n|switch|p1a: Gem Finder|Sableye, M, shiny|100\/100\n|switch|p2a: Ribombee|Ribombee, F, shiny|100\/100\n|turn|1\n|\n|t:|1700076414\n|detailschange|p1a: Gem Finder|Sableye-Mega, M, shiny\n|-mega|p1a: Gem Finder|Sableye|Sablenite\n|move|p2a: Ribombee|Moonblast|p1a: Gem Finder\n|-supereffective|p1a: Gem Finder\n|-damage|p1a: Gem Finder|33\/100\n|move|p1a: Gem Finder|Knock Off|p2a: Ribombee\n|-resisted|p2a: Ribombee\n|-damage|p2a: Ribombee|71\/100\n|-enditem|p2a: Ribombee|Focus Band|[from] move: Knock Off|[of] p1a: Gem Finder\n|\n|upkeep\n|turn|2\n|\n|t:|1700076431\n|switch|p1a: SteriodClamperl|Tapu Fini|100\/100\n|-fieldstart|move: Misty Terrain|[from] ability: Misty Surge|[of] p1a: SteriodClamperl\n|move|p2a: Ribombee|Quiver Dance|p2a: Ribombee\n|-boost|p2a: Ribombee|spa|1\n|-boost|p2a: Ribombee|spd|1\n|-boost|p2a: Ribombee|spe|1\n|\n|upkeep\n|turn|3\n|\n|t:|1700076441\n|move|p2a: Ribombee|Sticky Web|p1a: SteriodClamperl\n|-sidestart|p1: ykkhalil|move: Sticky Web\n|move|p1a: SteriodClamperl|Scald|p2a: Ribombee\n|-damage|p2a: Ribombee|38\/100\n|\n|upkeep\n|turn|4\n|\n|t:|1700076447\n|move|p2a: Ribombee|Moonblast|p1a: SteriodClamperl\n|-damage|p1a: SteriodClamperl|48\/100\n|move|p1a: SteriodClamperl|Scald|p2a: Ribombee\n|-damage|p2a: Ribombee|3\/100\n|\n|-heal|p1a: SteriodClamperl|54\/100|[from] item: Leftovers\n|upkeep\n|turn|5\n|\n|t:|1700076458\n|move|p2a: Ribombee|Moonblast|p1a: SteriodClamperl\n|-damage|p1a: SteriodClamperl|0 fnt\n|faint|p1a: SteriodClamperl\n|\n|upkeep\n|\n|t:|1700076467\n|switch|p1a: In The Zone|Magnezone|100\/100\n|-activate|p1a: In The Zone|move: Sticky Web\n|-unboost|p1a: In The Zone|spe|1\n|turn|6\n|\n|t:|1700076474\n|move|p2a: Ribombee|Moonblast|p1a: In The Zone\n|-resisted|p1a: In The Zone\n|-damage|p1a: In The Zone|54\/100\n|-unboost|p1a: In The Zone|spa|1\n|move|p1a: In The Zone|Volt Switch|p2a: Ribombee\n|-damage|p2a: Ribombee|0 fnt\n|faint|p2a: Ribombee\n|\n|t:|1700076483\n|switch|p1a: Gem Finder|Sableye-Mega, M, shiny|33\/100|[from] Volt Switch\n|-activate|p1a: Gem Finder|move: Sticky Web\n|-unboost|p1a: Gem Finder|spe|1\n|\n|-fieldend|Misty Terrain\n|upkeep\n|c|\u2606ykkhalil|Is there a theme to this team btw?\n|\n|t:|1700076507\n|switch|p2a: Perrserker|Perrserker, F|100\/100\n|turn|7\n|\n|t:|1700076515\n|move|p2a: Perrserker|Iron Head|p1a: Gem Finder\n|-damage|p1a: Gem Finder|0 fnt\n|faint|p1a: Gem Finder\n|\n|upkeep\n|\n|t:|1700076529\n|switch|p1a: In The Zone|Magnezone|54\/100\n|-activate|p1a: In The Zone|move: Sticky Web\n|-unboost|p1a: In The Zone|spe|1\n|turn|8\n|\n|t:|1700076535\n|move|p1a: In The Zone|Volt Switch|p2a: Perrserker\n|-damage|p2a: Perrserker|43\/100\n|\n|t:|1700076539\n|switch|p1a: Spike Bulldog|Okidogi, M|100\/100|[from] Volt Switch\n|-activate|p1a: Spike Bulldog|move: Sticky Web\n|-unboost|p1a: Spike Bulldog|spe|1\n|move|p2a: Perrserker|Close Combat|p1a: Spike Bulldog\n|-resisted|p1a: Spike Bulldog\n|-damage|p1a: Spike Bulldog|83\/100\n|-unboost|p2a: Perrserker|def|1\n|-unboost|p2a: Perrserker|spd|1\n|\n|-heal|p1a: Spike Bulldog|89\/100|[from] item: Leftovers\n|-heal|p2a: Perrserker|49\/100|[from] item: Leftovers\n|upkeep\n|turn|9\n|\n|t:|1700076551\n|switch|p2a: Whirlipede|Whirlipede, M, shiny|100\/100\n|move|p1a: Spike Bulldog|Bulk Up|p1a: Spike Bulldog\n|-boost|p1a: Spike Bulldog|atk|1\n|-boost|p1a: Spike Bulldog|def|1\n|\n|-heal|p1a: Spike Bulldog|95\/100|[from] item: Leftovers\n|upkeep\n|turn|10\n|\n|t:|1700076560\n|move|p2a: Whirlipede|Spikes|p1a: Spike Bulldog\n|-sidestart|p1: ykkhalil|Spikes\n|move|p1a: Spike Bulldog|Bulk Up|p1a: Spike Bulldog\n|-boost|p1a: Spike Bulldog|atk|1\n|-boost|p1a: Spike Bulldog|def|1\n|\n|-heal|p1a: Spike Bulldog|100\/100|[from] item: Leftovers\n|-ability|p2a: Whirlipede|Speed Boost|boost\n|-boost|p2a: Whirlipede|spe|1\n|upkeep\n|turn|11\n|\n|t:|1700076569\n|move|p2a: Whirlipede|Spikes|p1a: Spike Bulldog\n|-sidestart|p1: ykkhalil|Spikes\n|move|p1a: Spike Bulldog|Bulk Up|p1a: Spike Bulldog\n|-boost|p1a: Spike Bulldog|atk|1\n|-boost|p1a: Spike Bulldog|def|1\n|\n|-ability|p2a: Whirlipede|Speed Boost|boost\n|-boost|p2a: Whirlipede|spe|1\n|upkeep\n|turn|12\n|\n|t:|1700076580\n|-terastallize|p1a: Spike Bulldog|Dark\n|move|p2a: Whirlipede|Spikes|p1a: Spike Bulldog\n|-sidestart|p1: ykkhalil|Spikes\n|move|p1a: Spike Bulldog|Knock Off|p2a: Whirlipede\n|-enditem|p2a: Whirlipede|Focus Sash\n|-damage|p2a: Whirlipede|1\/100\n|\n|-ability|p2a: Whirlipede|Speed Boost|boost\n|-boost|p2a: Whirlipede|spe|1\n|upkeep\n|turn|13\n|\n|t:|1700076589\n|move|p2a: Whirlipede|Endeavor|p1a: Spike Bulldog\n|-damage|p1a: Spike Bulldog|1\/100\n|move|p1a: Spike Bulldog|Drain Punch|p2a: Whirlipede\n|-resisted|p2a: Whirlipede\n|-damage|p2a: Whirlipede|0 fnt\n|-heal|p1a: Spike Bulldog|1\/100|[from] drain|[of] p2a: Whirlipede\n|faint|p2a: Whirlipede\n|\n|-heal|p1a: Spike Bulldog|7\/100|[from] item: Leftovers\n|upkeep\n|c|\u2606ykkhalil|daaang pretty darn good strat\n|\n|t:|1700076601\n|switch|p2a: Minun|Minun, F|100\/100\n|turn|14\n|\n|t:|1700076605\n|move|p2a: Minun|Thunderbolt|p1a: Spike Bulldog\n|-damage|p1a: Spike Bulldog|0 fnt\n|faint|p1a: Spike Bulldog\n|\n|upkeep\n|\n|t:|1700076611\n|switch|p1a: BetterGodzilla|Tyranitar, F|100\/100\n|-activate|p1a: BetterGodzilla|move: Sticky Web\n|-unboost|p1a: BetterGodzilla|spe|1\n|-damage|p1a: BetterGodzilla|75\/100|[from] Spikes\n|-weather|Sandstorm|[from] ability: Sand Stream|[of] p1a: BetterGodzilla\n|turn|15\n|\n|t:|1700076629\n|switch|p2a: Perrserker|Perrserker, F|49\/100\n|move|p1a: BetterGodzilla|Dark Pulse|p2a: Perrserker\n|-damage|p2a: Perrserker|0 fnt\n|faint|p2a: Perrserker\n|\n|-weather|Sandstorm|[upkeep]\n|upkeep\n|\n|t:|1700076641\n|switch|p2a: Delibird|Delibird, F, shiny|100\/100\n|turn|16\n|inactive|Battle timer is ON: inactive players will automatically lose when time's up. (requested by ykkhalil)\n|\n|t:|1700076645\n|move|p2a: Delibird|Power-Up Punch|p1a: BetterGodzilla\n|-supereffective|p1a: BetterGodzilla\n|-damage|p1a: BetterGodzilla|35\/100\n|-boost|p2a: Delibird|atk|1\n|move|p1a: BetterGodzilla|Dark Pulse|p2a: Delibird\n|-damage|p2a: Delibird|0 fnt\n|faint|p2a: Delibird\n|\n|-weather|Sandstorm|[upkeep]\n|upkeep\n|\n|t:|1700076651\n|switch|p2a: Durant|Durant, F|100\/100\n|turn|17\n|\n|t:|1700076658\n|switch|p1a: In The Zone|Magnezone|54\/100\n|-activate|p1a: In The Zone|move: Sticky Web\n|-unboost|p1a: In The Zone|spe|1\n|-damage|p1a: In The Zone|29\/100|[from] Spikes\n|move|p2a: Durant|First Impression|p1a: In The Zone\n|-resisted|p1a: In The Zone\n|-damage|p1a: In The Zone|0 fnt\n|faint|p1a: In The Zone\n|\n|-weather|Sandstorm|[upkeep]\n|upkeep\n|\n|t:|1700076671\n|switch|p1a: Paper Cutter|Kartana|100\/100\n|-activate|p1a: Paper Cutter|move: Sticky Web\n|-unboost|p1a: Paper Cutter|spe|1\n|-damage|p1a: Paper Cutter|76\/100|[from] Spikes\n|turn|18\n|\n|t:|1700076685\n|switch|p2a: Minun|Minun, F|100\/100\n|-zpower|p1a: Paper Cutter\n|move|p1a: Paper Cutter|Black Hole Eclipse|p2a: Minun|[zeffect]\n|-damage|p2a: Minun|0 fnt\n|faint|p2a: Minun\n|-ability|p1a: Paper Cutter|Beast Boost|boost\n|-boost|p1a: Paper Cutter|atk|1\n|\n|-weather|Sandstorm|[upkeep]\n|upkeep\n|\n|t:|1700076694\n|switch|p2a: Durant|Durant, F|100\/100\n|turn|19\n|\n|t:|1700076701\n|-terastallize|p2a: Durant|Bug\n|move|p2a: Durant|First Impression|p1a: Paper Cutter\n|-damage|p1a: Paper Cutter|0 fnt\n|faint|p1a: Paper Cutter\n|\n|-weather|none\n|upkeep\n|\n|t:|1700076708\n|switch|p1a: BetterGodzilla|Tyranitar, F|35\/100\n|-activate|p1a: BetterGodzilla|move: Sticky Web\n|-unboost|p1a: BetterGodzilla|spe|1\n|-damage|p1a: BetterGodzilla|10\/100|[from] Spikes\n|-weather|Sandstorm|[from] ability: Sand Stream|[of] p1a: BetterGodzilla\n|turn|20\n|c|\u2606ykkhalil|daang I lost gg\n|c|\u2606Chyoo|Gg\n|\n|t:|1700076719\n|move|p2a: Durant|Iron Head|p1a: BetterGodzilla\n|-supereffective|p1a: BetterGodzilla\n|-damage|p1a: BetterGodzilla|0 fnt\n|faint|p1a: BetterGodzilla\n|\n|win|Chyoo\n|raw|ykkhalil's rating: 1516 &rarr; <strong>1495<\/strong><br \/>(-21 for losing)\n|raw|Chyoo's rating: 1506 &rarr; <strong>1527<\/strong><br \/>(+21 for winning)\n|c|\u2606ykkhalil|is this a theme team\n|c|\u2606ykkhalil|its my fault I Wasnt serious\n|c|\u2606ykkhalil|sacked too many mons for no reason\n|c|\u2606ykkhalil|good game well played\n|l|\u2606ykkhalil\n","uploadtime":1700076745,"views":4,"p1id":"ykkhalil","p2id":"chyoo","formatid":"gen9nationaldex","rating":1495,"private":0,"password":""}