{"id":"gen9nationaldex-2000619790","p1":"PWA Wright","p2":"A Ira de Deus","format":"[Gen 9] National Dex","log":"|html|<div class=\"broadcast-blue\"><strong>[Gen 9] National Dex is currently suspecting Sneasler! For information on how to participate check out the <a href=\"https:\/\/www.smogon.com\/forums\/threads\/sv-national-dex-suspect-8-just-dance.3731534\/\">suspect thread<\/a>.<\/strong><\/div>\n|j|\u2606PWA Wright\n|j|\u2606A Ira de Deus\n|t:|1701211239\n|gametype|singles\n|player|p1|PWA Wright|cynthia|1715\n|player|p2|A Ira de Deus|unknown|1661\n|teamsize|p1|6\n|teamsize|p2|6\n|gen|9\n|tier|[Gen 9] National Dex\n|rated|\n|rule|HP Percentage Mod: HP is shown in percentages\n|rule|Endless Battle Clause: Forcing endless battles is banned\n|rule|OHKO Clause: OHKO moves are banned\n|rule|Evasion Clause: Evasion abilities, items, and moves are banned\n|rule|Evasion Abilities Clause: Evasion abilities are banned\n|rule|Evasion Items Clause: Evasion items are banned\n|rule|Evasion Moves Clause: Evasion moves are banned\n|rule|Species Clause: Limit one of each Pok\u00e9mon\n|rule|Sleep Clause Mod: Limit one foe put to sleep\n|clearpoke\n|poke|p1|Garchomp, M|\n|poke|p1|Dondozo, M|\n|poke|p1|Tyranitar, F|\n|poke|p1|Charizard, F|\n|poke|p1|Clodsire, F|\n|poke|p1|Corviknight, M|\n|poke|p2|Charizard, M|\n|poke|p2|Ursaluna, M|\n|poke|p2|Clefable, M|\n|poke|p2|Toxapex, M|\n|poke|p2|Chansey, F|\n|poke|p2|Gliscor, M|\n|teampreview\n|inactive|Battle timer is ON: inactive players will automatically lose when time's up. (requested by A Ira de Deus)\n|\n|t:|1701211254\n|start\n|switch|p1a: Garchomp|Garchomp, M|100\/100\n|switch|p2a: Forbidden Fruit|Clefable, M|100\/100\n|turn|1\n|\n|t:|1701211261\n|switch|p1a: Clodsire|Clodsire, F|100\/100\n|move|p2a: Forbidden Fruit|Toxic|p1a: Clodsire|[miss]\n|-miss|p2a: Forbidden Fruit|p1a: Clodsire\n|\n|upkeep\n|turn|2\n|\n|t:|1701211264\n|switch|p2a: Flat Earth|Gliscor, M, shiny|100\/100\n|move|p1a: Clodsire|Toxic|p2a: Flat Earth\n|-status|p2a: Flat Earth|tox\n|\n|upkeep\n|turn|3\n|\n|t:|1701211268\n|switch|p1a: Corviknight|Corviknight, M|100\/100\n|-ability|p1a: Corviknight|Pressure\n|move|p2a: Flat Earth|Knock Off|p1a: Corviknight\n|-damage|p1a: Corviknight|88\/100\n|-damage|p2a: Flat Earth|84\/100 tox|[from] item: Rocky Helmet|[of] p1a: Corviknight\n|-enditem|p1a: Corviknight|Rocky Helmet|[from] move: Knock Off|[of] p2a: Flat Earth\n|\n|-heal|p2a: Flat Earth|96\/100 tox|[from] ability: Poison Heal\n|upkeep\n|turn|4\n|\n|t:|1701211273\n|switch|p2a: Forbidden Fruit|Clefable, M|100\/100\n|move|p1a: Corviknight|Body Press|p2a: Forbidden Fruit\n|-resisted|p2a: Forbidden Fruit\n|-damage|p2a: Forbidden Fruit|91\/100\n|\n|-heal|p2a: Forbidden Fruit|97\/100|[from] item: Leftovers\n|upkeep\n|turn|5\n|\n|t:|1701211281\n|move|p2a: Forbidden Fruit|Moonblast|p1a: Corviknight\n|-resisted|p1a: Corviknight\n|-damage|p1a: Corviknight|72\/100\n|move|p1a: Corviknight|U-turn|p2a: Forbidden Fruit\n|-resisted|p2a: Forbidden Fruit\n|-damage|p2a: Forbidden Fruit|92\/100\n|\n|t:|1701211284\n|switch|p1a: Clodsire|Clodsire, F|100\/100|[from] U-turn\n|\n|-heal|p2a: Forbidden Fruit|98\/100|[from] item: Leftovers\n|upkeep\n|turn|6\n|\n|t:|1701211287\n|switch|p2a: Flat Earth|Gliscor, M, shiny|96\/100 tox\n|move|p1a: Clodsire|Stealth Rock|p2a: Flat Earth\n|-sidestart|p2: A Ira de Deus|move: Stealth Rock\n|\n|-heal|p2a: Flat Earth|100\/100 tox|[from] ability: Poison Heal\n|upkeep\n|turn|7\n|\n|t:|1701211289\n|switch|p1a: Corviknight|Corviknight, M|72\/100\n|-ability|p1a: Corviknight|Pressure\n|move|p2a: Flat Earth|Defog|p1a: Corviknight\n|-unboost|p1a: Corviknight|evasion|1\n|-sideend|p2: A Ira de Deus|Stealth Rock|[from] move: Defog|[of] p2a: Flat Earth\n|\n|upkeep\n|turn|8\n|\n|t:|1701211294\n|move|p2a: Flat Earth|Stealth Rock|p1a: Corviknight\n|-sidestart|p1: PWA Wright|move: Stealth Rock\n|move|p1a: Corviknight|U-turn|p2a: Flat Earth\n|-resisted|p2a: Flat Earth\n|-damage|p2a: Flat Earth|94\/100 tox\n|\n|t:|1701211297\n|switch|p1a: Garchomp|Garchomp, M|100\/100|[from] U-turn\n|-damage|p1a: Garchomp|94\/100|[from] Stealth Rock\n|\n|-heal|p2a: Flat Earth|100\/100 tox|[from] ability: Poison Heal\n|upkeep\n|turn|9\n|\n|t:|1701211305\n|switch|p1a: Corviknight|Corviknight, M|72\/100\n|-damage|p1a: Corviknight|60\/100|[from] Stealth Rock\n|-ability|p1a: Corviknight|Pressure\n|switch|p2a: Forbidden Fruit|Clefable, M|98\/100\n|\n|-heal|p2a: Forbidden Fruit|100\/100|[from] item: Leftovers\n|upkeep\n|turn|10\n|\n|t:|1701211312\n|switch|p2a: Hover on Water|Toxapex, M|100\/100\n|move|p1a: Corviknight|Defog|p2a: Hover on Water\n|-unboost|p2a: Hover on Water|evasion|1\n|-sideend|p1: PWA Wright|Stealth Rock|[from] move: Defog|[of] p1a: Corviknight\n|\n|upkeep\n|turn|11\n|\n|t:|1701211315\n|move|p1a: Corviknight|U-turn|p2a: Hover on Water\n|-resisted|p2a: Hover on Water\n|-damage|p2a: Hover on Water|97\/100\n|-damage|p1a: Corviknight|44\/100|[from] item: Rocky Helmet|[of] p2a: Hover on Water\n|\n|t:|1701211317\n|switch|p1a: Clodsire|Clodsire, F|100\/100|[from] U-turn\n|move|p2a: Hover on Water|Scald|p1a: Clodsire\n|-immune|p1a: Clodsire|[from] ability: Water Absorb\n|\n|upkeep\n|turn|12\n|\n|t:|1701211321\n|switch|p2a: Flat Earth|Gliscor, M, shiny|100\/100 tox\n|move|p1a: Clodsire|Stealth Rock|p2a: Flat Earth\n|-sidestart|p2: A Ira de Deus|move: Stealth Rock\n|\n|upkeep\n|turn|13\n|\n|t:|1701211324\n|switch|p1a: Corviknight|Corviknight, M|44\/100\n|-ability|p1a: Corviknight|Pressure\n|move|p2a: Flat Earth|Defog|p1a: Corviknight\n|-unboost|p1a: Corviknight|evasion|1\n|-sideend|p2: A Ira de Deus|Stealth Rock|[from] move: Defog|[of] p2a: Flat Earth\n|\n|upkeep\n|turn|14\n|\n|t:|1701211327\n|move|p2a: Flat Earth|Stealth Rock|p1a: Corviknight\n|-sidestart|p1: PWA Wright|move: Stealth Rock\n|move|p1a: Corviknight|Roost|p1a: Corviknight\n|-heal|p1a: Corviknight|94\/100\n|-singleturn|p1a: Corviknight|move: Roost\n|\n|upkeep\n|turn|15\n|\n|t:|1701211329\n|switch|p2a: Hover on Water|Toxapex, M|100\/100\n|move|p1a: Corviknight|Defog|p2a: Hover on Water\n|-unboost|p2a: Hover on Water|evasion|1\n|-sideend|p1: PWA Wright|Stealth Rock|[from] move: Defog|[of] p1a: Corviknight\n|\n|upkeep\n|turn|16\n|\n|t:|1701211339\n|move|p1a: Corviknight|U-turn|p2a: Hover on Water\n|-resisted|p2a: Hover on Water\n|-damage|p2a: Hover on Water|96\/100\n|-damage|p1a: Corviknight|77\/100|[from] item: Rocky Helmet|[of] p2a: Hover on Water\n|\n|t:|1701211341\n|switch|p1a: Clodsire|Clodsire, F|100\/100|[from] U-turn\n|move|p2a: Hover on Water|Toxic Spikes|p1a: Clodsire\n|-sidestart|p1: PWA Wright|move: Toxic Spikes\n|\n|upkeep\n|turn|17\n|\n|t:|1701211343\n|switch|p2a: Flat Earth|Gliscor, M, shiny|100\/100 tox\n|move|p1a: Clodsire|Stealth Rock|p2a: Flat Earth\n|-sidestart|p2: A Ira de Deus|move: Stealth Rock\n|\n|upkeep\n|turn|18\n|\n|t:|1701211350\n|switch|p1a: Corviknight|Corviknight, M|77\/100\n|-ability|p1a: Corviknight|Pressure\n|move|p2a: Flat Earth|Stealth Rock|p1a: Corviknight\n|-sidestart|p1: PWA Wright|move: Stealth Rock\n|\n|upkeep\n|turn|19\n|\n|t:|1701211357\n|switch|p2a: Hover on Water|Toxapex, M|100\/100\n|-damage|p2a: Hover on Water|88\/100|[from] Stealth Rock\n|move|p1a: Corviknight|Defog|p2a: Hover on Water\n|-unboost|p2a: Hover on Water|evasion|1\n|-sideend|p2: A Ira de Deus|Stealth Rock|[from] move: Defog|[of] p1a: Corviknight\n|-sideend|p1: PWA Wright|Toxic Spikes|[from] move: Defog|[of] p1a: Corviknight\n|-sideend|p1: PWA Wright|Stealth Rock|[from] move: Defog|[of] p1a: Corviknight\n|\n|upkeep\n|turn|20\n|\n|t:|1701211362\n|switch|p1a: Clodsire|Clodsire, F|100\/100\n|move|p2a: Hover on Water|Toxic Spikes|p1a: Clodsire\n|-sidestart|p1: PWA Wright|move: Toxic Spikes\n|\n|upkeep\n|turn|21\n|\n|t:|1701211365\n|switch|p2a: Flat Earth|Gliscor, M, shiny|100\/100 tox\n|move|p1a: Clodsire|Stealth Rock|p2a: Flat Earth\n|-sidestart|p2: A Ira de Deus|move: Stealth Rock\n|\n|upkeep\n|turn|22\n|\n|t:|1701211369\n|switch|p1a: Corviknight|Corviknight, M|77\/100\n|-ability|p1a: Corviknight|Pressure\n|move|p2a: Flat Earth|Stealth Rock|p1a: Corviknight\n|-sidestart|p1: PWA Wright|move: Stealth Rock\n|\n|upkeep\n|turn|23\n|\n|t:|1701211378\n|switch|p2a: Hover on Water|Toxapex, M|100\/100\n|-damage|p2a: Hover on Water|88\/100|[from] Stealth Rock\n|move|p1a: Corviknight|Defog|p2a: Hover on Water\n|-unboost|p2a: Hover on Water|evasion|1\n|-sideend|p2: A Ira de Deus|Stealth Rock|[from] move: Defog|[of] p1a: Corviknight\n|-sideend|p1: PWA Wright|Toxic Spikes|[from] move: Defog|[of] p1a: Corviknight\n|-sideend|p1: PWA Wright|Stealth Rock|[from] move: Defog|[of] p1a: Corviknight\n|\n|upkeep\n|turn|24\n|\n|t:|1701211391\n|switch|p1a: Clodsire|Clodsire, F|100\/100\n|move|p2a: Hover on Water|Toxic Spikes|p1a: Clodsire\n|-sidestart|p1: PWA Wright|move: Toxic Spikes\n|\n|upkeep\n|turn|25\n|\n|t:|1701211398\n|switch|p2a: Flat Earth|Gliscor, M, shiny|100\/100 tox\n|move|p1a: Clodsire|Stealth Rock|p2a: Flat Earth\n|-sidestart|p2: A Ira de Deus|move: Stealth Rock\n|\n|upkeep\n|turn|26\n|\n|t:|1701211401\n|switch|p1a: Corviknight|Corviknight, M|77\/100\n|-ability|p1a: Corviknight|Pressure\n|move|p2a: Flat Earth|Knock Off|p1a: Corviknight\n|-damage|p1a: Corviknight|69\/100\n|\n|upkeep\n|turn|27\n|\n|t:|1701211409\n|move|p2a: Flat Earth|Knock Off|p1a: Corviknight\n|-damage|p1a: Corviknight|61\/100\n|move|p1a: Corviknight|Body Press|p2a: Flat Earth\n|-resisted|p2a: Flat Earth\n|-damage|p2a: Flat Earth|90\/100 tox\n|\n|-heal|p2a: Flat Earth|100\/100 tox|[from] ability: Poison Heal\n|upkeep\n|turn|28\n|j| dawg doin\n|j| steelix my fav\n|\n|t:|1701211418\n|move|p2a: Flat Earth|Knock Off|p1a: Corviknight\n|-damage|p1a: Corviknight|52\/100\n|move|p1a: Corviknight|Roost|p1a: Corviknight\n|-heal|p1a: Corviknight|100\/100\n|-singleturn|p1a: Corviknight|move: Roost\n|\n|upkeep\n|turn|29\n|\n|t:|1701211425\n|move|p2a: Flat Earth|Knock Off|p1a: Corviknight\n|-damage|p1a: Corviknight|92\/100\n|move|p1a: Corviknight|U-turn|p2a: Flat Earth\n|-resisted|p2a: Flat Earth\n|-damage|p2a: Flat Earth|94\/100 tox\n|\n|t:|1701211427\n|switch|p1a: Clodsire|Clodsire, F|100\/100|[from] U-turn\n|-sideend|p1: PWA Wright|move: Toxic Spikes|[of] p1a: Clodsire\n|\n|-heal|p2a: Flat Earth|100\/100 tox|[from] ability: Poison Heal\n|upkeep\n|turn|30\n|\n|t:|1701211432\n|switch|p1a: Corviknight|Corviknight, M|92\/100\n|-ability|p1a: Corviknight|Pressure\n|move|p2a: Flat Earth|Knock Off|p1a: Corviknight\n|-damage|p1a: Corviknight|83\/100\n|\n|upkeep\n|turn|31\n|\n|t:|1701211438\n|switch|p2a: Hover on Water|Toxapex, M|100\/100\n|-damage|p2a: Hover on Water|88\/100|[from] Stealth Rock\n|move|p1a: Corviknight|U-turn|p2a: Hover on Water\n|-resisted|p2a: Hover on Water\n|-crit|p2a: Hover on Water\n|-damage|p2a: Hover on Water|82\/100\n|-damage|p1a: Corviknight|67\/100|[from] item: Rocky Helmet|[of] p2a: Hover on Water\n|\n|t:|1701211441\n|switch|p1a: Garchomp|Garchomp, M|94\/100|[from] U-turn\n|\n|upkeep\n|turn|32\n|\n|t:|1701211447\n|switch|p2a: Flat Earth|Gliscor, M, shiny|100\/100 tox\n|-damage|p2a: Flat Earth|88\/100 tox|[from] Stealth Rock\n|move|p1a: Garchomp|Earthquake|p2a: Flat Earth\n|-immune|p2a: Flat Earth\n|\n|-heal|p2a: Flat Earth|100\/100 tox|[from] ability: Poison Heal\n|upkeep\n|turn|33\n|\n|t:|1701211449\n|switch|p1a: Corviknight|Corviknight, M|67\/100\n|-ability|p1a: Corviknight|Pressure\n|switch|p2a: Forbidden Fruit|Clefable, M|100\/100\n|-damage|p2a: Forbidden Fruit|88\/100|[from] Stealth Rock\n|\n|-heal|p2a: Forbidden Fruit|94\/100|[from] item: Leftovers\n|upkeep\n|turn|34\n|\n|t:|1701211454\n|move|p2a: Forbidden Fruit|Wish|p2a: Forbidden Fruit\n|move|p1a: Corviknight|U-turn|p2a: Forbidden Fruit\n|-resisted|p2a: Forbidden Fruit\n|-damage|p2a: Forbidden Fruit|89\/100\n|\n|t:|1701211457\n|switch|p1a: Clodsire|Clodsire, F|100\/100|[from] U-turn\n|\n|-heal|p2a: Forbidden Fruit|95\/100|[from] item: Leftovers\n|upkeep\n|turn|35\n|\n|t:|1701211462\n|switch|p2a: Flat Earth|Gliscor, M, shiny|100\/100 tox\n|-damage|p2a: Flat Earth|88\/100 tox|[from] Stealth Rock\n|move|p1a: Clodsire|Toxic|p2a: Flat Earth\n|-fail|p2a: Flat Earth|tox\n|\n|-heal|p2a: Flat Earth|100\/100 tox|[from] move: Wish|[wisher] Forbidden Fruit\n|upkeep\n|turn|36\n|\n|t:|1701211469\n|switch|p2a: Hover on Water|Toxapex, M|100\/100\n|-damage|p2a: Hover on Water|88\/100|[from] Stealth Rock\n|switch|p1a: Corviknight|Corviknight, M|67\/100\n|-ability|p1a: Corviknight|Pressure\n|\n|upkeep\n|turn|37\n|\n|t:|1701211474\n|switch|p1a: Clodsire|Clodsire, F|100\/100\n|switch|p2a: Flat Earth|Gliscor, M, shiny|100\/100 tox\n|-damage|p2a: Flat Earth|88\/100 tox|[from] Stealth Rock\n|\n|-heal|p2a: Flat Earth|100\/100 tox|[from] ability: Poison Heal\n|upkeep\n|turn|38\n|\n|t:|1701211477\n|switch|p2a: Hover on Water|Toxapex, M|100\/100\n|-damage|p2a: Hover on Water|88\/100|[from] Stealth Rock\n|switch|p1a: Corviknight|Corviknight, M|67\/100\n|-ability|p1a: Corviknight|Pressure\n|\n|upkeep\n|turn|39\n|\n|t:|1701211481\n|switch|p1a: Clodsire|Clodsire, F|100\/100\n|switch|p2a: Flat Earth|Gliscor, M, shiny|100\/100 tox\n|-damage|p2a: Flat Earth|88\/100 tox|[from] Stealth Rock\n|\n|-heal|p2a: Flat Earth|100\/100 tox|[from] ability: Poison Heal\n|upkeep\n|turn|40\n|\n|t:|1701211483\n|switch|p2a: Hover on Water|Toxapex, M|100\/100\n|-damage|p2a: Hover on Water|88\/100|[from] Stealth Rock\n|switch|p1a: Corviknight|Corviknight, M|67\/100\n|-ability|p1a: Corviknight|Pressure\n|\n|upkeep\n|turn|41\n|\n|t:|1701211486\n|switch|p1a: Clodsire|Clodsire, F|100\/100\n|switch|p2a: Flat Earth|Gliscor, M, shiny|100\/100 tox\n|-damage|p2a: Flat Earth|88\/100 tox|[from] Stealth Rock\n|\n|-heal|p2a: Flat Earth|100\/100 tox|[from] ability: Poison Heal\n|upkeep\n|turn|42\n|\n|t:|1701211488\n|switch|p2a: Hover on Water|Toxapex, M|100\/100\n|-damage|p2a: Hover on Water|88\/100|[from] Stealth Rock\n|switch|p1a: Corviknight|Corviknight, M|67\/100\n|-ability|p1a: Corviknight|Pressure\n|\n|upkeep\n|turn|43\n|\n|t:|1701211490\n|switch|p1a: Clodsire|Clodsire, F|100\/100\n|switch|p2a: Flat Earth|Gliscor, M, shiny|100\/100 tox\n|-damage|p2a: Flat Earth|88\/100 tox|[from] Stealth Rock\n|\n|-heal|p2a: Flat Earth|100\/100 tox|[from] ability: Poison Heal\n|upkeep\n|turn|44\n|\n|t:|1701211492\n|switch|p2a: Hover on Water|Toxapex, M|100\/100\n|-damage|p2a: Hover on Water|88\/100|[from] Stealth Rock\n|switch|p1a: Corviknight|Corviknight, M|67\/100\n|-ability|p1a: Corviknight|Pressure\n|\n|upkeep\n|turn|45\n|\n|t:|1701211494\n|switch|p1a: Clodsire|Clodsire, F|100\/100\n|switch|p2a: Flat Earth|Gliscor, M, shiny|100\/100 tox\n|-damage|p2a: Flat Earth|88\/100 tox|[from] Stealth Rock\n|\n|-heal|p2a: Flat Earth|100\/100 tox|[from] ability: Poison Heal\n|upkeep\n|turn|46\n|\n|t:|1701211496\n|switch|p2a: Hover on Water|Toxapex, M|100\/100\n|-damage|p2a: Hover on Water|88\/100|[from] Stealth Rock\n|switch|p1a: Corviknight|Corviknight, M|67\/100\n|-ability|p1a: Corviknight|Pressure\n|\n|upkeep\n|turn|47\n|\n|t:|1701211498\n|switch|p1a: Clodsire|Clodsire, F|100\/100\n|switch|p2a: Flat Earth|Gliscor, M, shiny|100\/100 tox\n|-damage|p2a: Flat Earth|88\/100 tox|[from] Stealth Rock\n|\n|-heal|p2a: Flat Earth|100\/100 tox|[from] ability: Poison Heal\n|upkeep\n|turn|48\n|\n|t:|1701211500\n|switch|p2a: Hover on Water|Toxapex, M|100\/100\n|-damage|p2a: Hover on Water|88\/100|[from] Stealth Rock\n|switch|p1a: Garchomp|Garchomp, M|94\/100\n|\n|upkeep\n|turn|49\n|\n|t:|1701211504\n|move|p1a: Garchomp|Swords Dance|p1a: Garchomp\n|-boost|p1a: Garchomp|atk|2\n|move|p2a: Hover on Water|Scald|p1a: Garchomp\n|-crit|p1a: Garchomp\n|-damage|p1a: Garchomp|69\/100\n|\n|upkeep\n|turn|50\n|\n|t:|1701211511\n|move|p2a: Hover on Water|Baneful Bunker|p2a: Hover on Water\n|-singleturn|p2a: Hover on Water|move: Protect\n|move|p1a: Garchomp|Earthquake|p2a: Hover on Water\n|-activate|p2a: Hover on Water|move: Protect\n|\n|upkeep\n|turn|51\n|\n|t:|1701211517\n|switch|p2a: Forbidden Fruit|Clefable, M|95\/100\n|-damage|p2a: Forbidden Fruit|82\/100|[from] Stealth Rock\n|move|p1a: Garchomp|Scale Shot|p2a: Forbidden Fruit\n|-immune|p2a: Forbidden Fruit\n|\n|-heal|p2a: Forbidden Fruit|88\/100|[from] item: Leftovers\n|upkeep\n|turn|52\n|\n|t:|1701211531\n|switch|p1a: Clodsire|Clodsire, F|100\/100\n|move|p2a: Forbidden Fruit|Moonblast|p1a: Clodsire\n|-resisted|p1a: Clodsire\n|-damage|p1a: Clodsire|92\/100\n|-unboost|p1a: Clodsire|spa|1\n|\n|-heal|p2a: Forbidden Fruit|94\/100|[from] item: Leftovers\n|-heal|p1a: Clodsire|98\/100|[from] item: Leftovers\n|upkeep\n|turn|53\n|\n|t:|1701211537\n|switch|p2a: Flat Earth|Gliscor, M, shiny|100\/100 tox\n|-damage|p2a: Flat Earth|88\/100 tox|[from] Stealth Rock\n|switch|p1a: Corviknight|Corviknight, M|67\/100\n|-ability|p1a: Corviknight|Pressure\n|\n|-heal|p2a: Flat Earth|100\/100 tox|[from] ability: Poison Heal\n|upkeep\n|turn|54\n|\n|t:|1701211542\n|switch|p2a: Hover on Water|Toxapex, M|100\/100\n|-damage|p2a: Hover on Water|88\/100|[from] Stealth Rock\n|move|p1a: Corviknight|Body Press|p2a: Hover on Water\n|-resisted|p2a: Hover on Water\n|-damage|p2a: Hover on Water|79\/100\n|-damage|p1a: Corviknight|50\/100|[from] item: Rocky Helmet|[of] p2a: Hover on Water\n|\n|upkeep\n|turn|55\n|\n|t:|1701211546\n|switch|p1a: Clodsire|Clodsire, F|98\/100\n|move|p2a: Hover on Water|Scald|p1a: Clodsire\n|-heal|p1a: Clodsire|100\/100|[from] ability: Water Absorb|[of] p2a: Hover on Water\n|\n|upkeep\n|turn|56\n|\n|t:|1701211550\n|move|p2a: Hover on Water|Scald|p1a: Clodsire\n|-immune|p1a: Clodsire|[from] ability: Water Absorb\n|move|p1a: Clodsire|Earthquake|p2a: Hover on Water\n|-supereffective|p2a: Hover on Water\n|-damage|p2a: Hover on Water|44\/100\n|\n|upkeep\n|turn|57\n|\n|t:|1701211555\n|switch|p2a: Flat Earth|Gliscor, M, shiny|100\/100 tox\n|-damage|p2a: Flat Earth|88\/100 tox|[from] Stealth Rock\n|switch|p1a: Corviknight|Corviknight, M|50\/100\n|-ability|p1a: Corviknight|Pressure\n|\n|-heal|p2a: Flat Earth|100\/100 tox|[from] ability: Poison Heal\n|upkeep\n|turn|58\n|\n|t:|1701211558\n|switch|p2a: Hover on Water|Toxapex, M|77\/100\n|-damage|p2a: Hover on Water|65\/100|[from] Stealth Rock\n|move|p1a: Corviknight|Roost|p1a: Corviknight\n|-heal|p1a: Corviknight|100\/100\n|-singleturn|p1a: Corviknight|move: Roost\n|\n|upkeep\n|turn|59\n|\n|t:|1701211560\n|switch|p1a: Clodsire|Clodsire, F|100\/100\n|switch|p2a: Flat Earth|Gliscor, M, shiny|100\/100 tox\n|-damage|p2a: Flat Earth|88\/100 tox|[from] Stealth Rock\n|\n|-heal|p2a: Flat Earth|100\/100 tox|[from] ability: Poison Heal\n|upkeep\n|turn|60\n|\n|t:|1701211564\n|switch|p2a: Hover on Water|Toxapex, M|98\/100\n|-damage|p2a: Hover on Water|85\/100|[from] Stealth Rock\n|switch|p1a: Corviknight|Corviknight, M|100\/100\n|-ability|p1a: Corviknight|Pressure\n|\n|upkeep\n|turn|61\n|\n|t:|1701211572\n|switch|p1a: Clodsire|Clodsire, F|100\/100\n|switch|p2a: Flat Earth|Gliscor, M, shiny|100\/100 tox\n|-damage|p2a: Flat Earth|88\/100 tox|[from] Stealth Rock\n|\n|-heal|p2a: Flat Earth|100\/100 tox|[from] ability: Poison Heal\n|upkeep\n|turn|62\n|\n|t:|1701211574\n|switch|p2a: Hover on Water|Toxapex, M|100\/100\n|-damage|p2a: Hover on Water|88\/100|[from] Stealth Rock\n|switch|p1a: Corviknight|Corviknight, M|100\/100\n|-ability|p1a: Corviknight|Pressure\n|\n|upkeep\n|turn|63\n|\n|t:|1701211576\n|switch|p1a: Charizard|Charizard, F|100\/100\n|switch|p2a: Flat Earth|Gliscor, M, shiny|100\/100 tox\n|-damage|p2a: Flat Earth|88\/100 tox|[from] Stealth Rock\n|\n|-heal|p2a: Flat Earth|100\/100 tox|[from] ability: Poison Heal\n|upkeep\n|turn|64\n|\n|t:|1701211584\n|switch|p2a: Hover on Water|Toxapex, M|100\/100\n|-damage|p2a: Hover on Water|88\/100|[from] Stealth Rock\n|detailschange|p1a: Charizard|Charizard-Mega-Y, F\n|-mega|p1a: Charizard|Charizard|Charizardite Y\n|-weather|SunnyDay|[from] ability: Drought|[of] p1a: Charizard\n|move|p1a: Charizard|Scorching Sands|p2a: Hover on Water\n|-supereffective|p2a: Hover on Water\n|-damage|p2a: Hover on Water|42\/100\n|\n|-weather|SunnyDay|[upkeep]\n|upkeep\n|turn|65\n|\n|t:|1701211590\n|switch|p2a: Tree of Life|Chansey, F|100\/100\n|-damage|p2a: Tree of Life|88\/100|[from] Stealth Rock\n|move|p1a: Charizard|Weather Ball|p2a: Tree of Life\n|-damage|p2a: Tree of Life|61\/100\n|\n|-weather|SunnyDay|[upkeep]\n|upkeep\n|turn|66\n|\n|t:|1701211599\n|move|p1a: Charizard|Air Slash|p2a: Tree of Life\n|-crit|p2a: Tree of Life\n|-damage|p2a: Tree of Life|40\/100\n|cant|p2a: Tree of Life|flinch\n|\n|-weather|SunnyDay|[upkeep]\n|upkeep\n|turn|67\n|\n|t:|1701211604\n|move|p1a: Charizard|Air Slash|p2a: Tree of Life\n|-damage|p2a: Tree of Life|27\/100\n|cant|p2a: Tree of Life|flinch\n|\n|-weather|SunnyDay|[upkeep]\n|upkeep\n|turn|68\n|\n|t:|1701211608\n|move|p1a: Charizard|Weather Ball|p2a: Tree of Life\n|-damage|p2a: Tree of Life|0 fnt\n|faint|p2a: Tree of Life\n|\n|-weather|none\n|upkeep\n|-message|A Ira de Deus forfeited.\n|\n|win|PWA Wright\n|raw|PWA Wright's rating: 1715 &rarr; <strong>1732<\/strong><br \/>(+17 for winning)\n|raw|A Ira de Deus's rating: 1661 &rarr; <strong>1644<\/strong><br \/>(-17 for losing)\n|l|\u2606A Ira de Deus\n|c|\u2606PWA Wright|Happiness noise.\n","uploadtime":1701211618,"views":1,"p1id":"pwawright","p2id":"airadedeus","formatid":"gen9nationaldex","rating":1644,"private":0,"password":""}