{"id":"gen9nationaldex-1998793459","p1":"0d000721","p2":"liuyulol","format":"[Gen 9] National Dex","log":"|html|<div class=\"broadcast-blue\"><strong>[Gen 9] National Dex is currently suspecting Sneasler! For information on how to participate check out the <a href=\"https:\/\/www.smogon.com\/forums\/threads\/sv-national-dex-suspect-8-just-dance.3731534\/\">suspect thread<\/a>.<\/strong><\/div>\n|j|\u26060d000721\n|j|\u2606liuyulol\n|t:|1700992120\n|gametype|singles\n|player|p1|0d000721|serena-masters3|1533\n|player|p2|liuyulol|iono|1680\n|teamsize|p1|6\n|teamsize|p2|6\n|gen|9\n|tier|[Gen 9] National Dex\n|rated|\n|rule|HP Percentage Mod: HP is shown in percentages\n|rule|Endless Battle Clause: Forcing endless battles is banned\n|rule|OHKO Clause: OHKO moves are banned\n|rule|Evasion Clause: Evasion abilities, items, and moves are banned\n|rule|Evasion Abilities Clause: Evasion abilities are banned\n|rule|Evasion Items Clause: Evasion items are banned\n|rule|Evasion Moves Clause: Evasion moves are banned\n|rule|Species Clause: Limit one of each Pok\u00e9mon\n|rule|Sleep Clause Mod: Limit one foe put to sleep\n|clearpoke\n|poke|p1|Glimmora, F|\n|poke|p1|Greninja-*, M|\n|poke|p1|Dragonite, M|\n|poke|p1|Heatran, M|\n|poke|p1|Great Tusk|\n|poke|p1|Banette, M|\n|poke|p2|Zamazenta-*|\n|poke|p2|Samurott-Hisui, F|\n|poke|p2|Diancie|\n|poke|p2|Great Tusk|\n|poke|p2|Tapu Lele|\n|poke|p2|Greninja-*, M|\n|teampreview\n|inactive|Battle timer is ON: inactive players will automatically lose when time's up. (requested by liuyulol)\n|\n|t:|1700992136\n|start\n|switch|p1a: Glimmora|Glimmora, F|100\/100\n|switch|p2a: Samurott|Samurott-Hisui, F|100\/100\n|turn|1\n|\n|t:|1700992152\n|move|p1a: Glimmora|Energy Ball|p2a: Samurott\n|-supereffective|p2a: Samurott\n|-damage|p2a: Samurott|5\/100\n|move|p2a: Samurott|Ceaseless Edge|p1a: Glimmora\n|-damage|p1a: Glimmora|44\/100\n|-activate|p1a: Glimmora|ability: Toxic Debris\n|-sidestart|p2: liuyulol|move: Toxic Spikes\n|-sidestart|p1: 0d000721|Spikes\n|\n|upkeep\n|turn|2\n|\n|t:|1700992159\n|move|p2a: Samurott|Aqua Jet|p1a: Glimmora\n|-supereffective|p1a: Glimmora\n|-damage|p1a: Glimmora|0 fnt\n|-activate|p1a: Glimmora|ability: Toxic Debris\n|-sidestart|p2: liuyulol|move: Toxic Spikes\n|faint|p1a: Glimmora\n|\n|upkeep\n|\n|t:|1700992173\n|switch|p1a: Greninja|Greninja, M|100\/100\n|-damage|p1a: Greninja|88\/100|[from] Spikes\n|turn|3\n|\n|t:|1700992180\n|move|p1a: Greninja|Water Shuriken|p2a: Samurott\n|-resisted|p2a: Samurott\n|-damage|p2a: Samurott|0 fnt\n|faint|p2a: Samurott\n|-ability|p1a: Greninja|Battle Bond|boost\n|-boost|p1a: Greninja|atk|1\n|-boost|p1a: Greninja|spa|1\n|-boost|p1a: Greninja|spe|1\n|-activate|p1a: Greninja|ability: Battle Bond\n|-hitcount|p2: Samurott|1\n|-damage|p1a: Greninja|78\/100|[from] item: Life Orb\n|\n|upkeep\n|\n|t:|1700992193\n|switch|p2a: Zamazenta|Zamazenta|100\/100\n|-status|p2a: Zamazenta|tox\n|-ability|p2a: Zamazenta|Dauntless Shield|boost\n|-boost|p2a: Zamazenta|def|1\n|turn|4\n|\n|t:|1700992198\n|-terastallize|p1a: Greninja|Water\n|move|p1a: Greninja|Surf|p2a: Zamazenta\n|-damage|p2a: Zamazenta|5\/100 tox\n|-damage|p1a: Greninja|69\/100|[from] item: Life Orb\n|move|p2a: Zamazenta|Body Press|p1a: Greninja\n|-damage|p1a: Greninja|0 fnt\n|faint|p1a: Greninja\n|\n|-heal|p2a: Zamazenta|12\/100 tox|[from] item: Leftovers\n|-damage|p2a: Zamazenta|5\/100 tox|[from] psn\n|upkeep\n|\n|t:|1700992210\n|switch|p1a: Dragonite|Dragonite, M|100\/100\n|turn|5\n|\n|t:|1700992215\n|move|p2a: Zamazenta|Body Press|p1a: Dragonite\n|-resisted|p1a: Dragonite\n|-crit|p1a: Dragonite\n|-damage|p1a: Dragonite|77\/100\n|move|p1a: Dragonite|Dragon Dance|p1a: Dragonite\n|-boost|p1a: Dragonite|atk|1\n|-boost|p1a: Dragonite|spe|1\n|\n|-heal|p2a: Zamazenta|12\/100 tox|[from] item: Leftovers\n|-damage|p2a: Zamazenta|0 fnt|[from] psn\n|faint|p2a: Zamazenta\n|upkeep\n|\n|t:|1700992226\n|switch|p2a: Great Tusk|Great Tusk|100\/100\n|-status|p2a: Great Tusk|tox\n|-enditem|p2a: Great Tusk|Booster Energy\n|-activate|p2a: Great Tusk|ability: Protosynthesis|[fromitem]\n|-start|p2a: Great Tusk|protosynthesisatk\n|turn|6\n|\n|t:|1700992232\n|-zpower|p1a: Dragonite\n|move|p1a: Dragonite|Supersonic Skystrike|p2a: Great Tusk|[zeffect]\n|-supereffective|p2a: Great Tusk\n|-damage|p2a: Great Tusk|0 fnt\n|faint|p2a: Great Tusk\n|-end|p2a: Great Tusk|Protosynthesis|[silent]\n|\n|upkeep\n|\n|t:|1700992245\n|switch|p2a: Diancie|Diancie|100\/100\n|-status|p2a: Diancie|tox\n|turn|7\n|\n|t:|1700992250\n|move|p1a: Dragonite|Earthquake|p2a: Diancie\n|-supereffective|p2a: Diancie\n|-damage|p2a: Diancie|0 fnt\n|faint|p2a: Diancie\n|\n|upkeep\n|\n|t:|1700992257\n|switch|p2a: Tapu Lele|Tapu Lele|100\/100\n|-status|p2a: Tapu Lele|tox\n|-fieldstart|move: Psychic Terrain|[from] ability: Psychic Surge|[of] p2a: Tapu Lele\n|turn|8\n|\n|t:|1700992264\n|move|p1a: Dragonite|Fly||[still]\n|-prepare|p1a: Dragonite|Fly\n|move|p2a: Tapu Lele|Moonblast|p1a: Dragonite|[miss]\n|-miss|p2a: Tapu Lele|p1a: Dragonite\n|\n|-damage|p2a: Tapu Lele|94\/100 tox|[from] psn\n|upkeep\n|turn|9\n|\n|t:|1700992269\n|move|p1a: Dragonite|Fly|p2a: Tapu Lele|[from]lockedmove\n|-damage|p2a: Tapu Lele|0 fnt\n|faint|p2a: Tapu Lele\n|\n|upkeep\n|-message|liuyulol forfeited.\n|\n|win|0d000721\n|raw|0d000721's rating: 1533 &rarr; <strong>1561<\/strong><br \/>(+28 for winning)\n|raw|liuyulol's rating: 1680 &rarr; <strong>1652<\/strong><br \/>(-28 for losing)\n|l|\u2606liuyulol\n","uploadtime":1700992280,"views":4,"p1id":"0d000721","p2id":"liuyulol","formatid":"gen9nationaldex","rating":1561,"private":0,"password":""}