{"id":"gen9nationaldex-1988582767","p1":"HolyChomper","p2":"javierdragonlen","format":"[Gen 9] National Dex","log":"|j|\u2606HolyChomper\n|j|\u2606javierdragonlen\n|t:|1699738631\n|gametype|singles\n|player|p1|HolyChomper|crasherwake|1128\n|player|p2|javierdragonlen|101|1052\n|teamsize|p1|6\n|teamsize|p2|6\n|gen|9\n|tier|[Gen 9] National Dex\n|rated|\n|rule|HP Percentage Mod: HP is shown in percentages\n|rule|Endless Battle Clause: Forcing endless battles is banned\n|rule|OHKO Clause: OHKO moves are banned\n|rule|Evasion Clause: Evasion abilities, items, and moves are banned\n|rule|Evasion Abilities Clause: Evasion abilities are banned\n|rule|Evasion Items Clause: Evasion items are banned\n|rule|Evasion Moves Clause: Evasion moves are banned\n|rule|Species Clause: Limit one of each Pok\u00e9mon\n|rule|Sleep Clause Mod: Limit one foe put to sleep\n|clearpoke\n|poke|p1|Pelipper, M|\n|poke|p1|Swampert, M|\n|poke|p1|Rillaboom, M|\n|poke|p1|Goodra, F|\n|poke|p1|Kilowattrel, F|\n|poke|p1|Scizor, F|\n|poke|p2|Grimmsnarl, M|\n|poke|p2|Samurott-Hisui, F|\n|poke|p2|Pelipper, M|\n|poke|p2|Masquerain, F|\n|poke|p2|Cinderace, F|\n|poke|p2|Togekiss, M|\n|teampreview\n|c|\u2606HolyChomper|glhf\n|\n|t:|1699738641\n|start\n|switch|p1a: Goodra|Goodra, F|100\/100\n|switch|p2a: Masquerain|Masquerain, F|100\/100\n|-ability|p2a: Masquerain|Intimidate|boost\n|-unboost|p1a: Goodra|atk|1\n|turn|1\n|\n|t:|1699738650\n|move|p2a: Masquerain|Sticky Web|p1a: Goodra\n|-sidestart|p1: HolyChomper|move: Sticky Web\n|move|p1a: Goodra|Flamethrower|p2a: Masquerain\n|-supereffective|p2a: Masquerain\n|-enditem|p2a: Masquerain|Focus Sash\n|-damage|p2a: Masquerain|1\/100\n|\n|upkeep\n|turn|2\n|\n|t:|1699738659\n|move|p2a: Masquerain|Ice Beam|p1a: Goodra\n|-supereffective|p1a: Goodra\n|-damage|p1a: Goodra|70\/100\n|move|p1a: Goodra|Flamethrower|p2a: Masquerain\n|-supereffective|p2a: Masquerain\n|-damage|p2a: Masquerain|0 fnt\n|faint|p2a: Masquerain\n|\n|upkeep\n|\n|t:|1699738670\n|switch|p2a: Grimmsnarl|Grimmsnarl, M|100\/100\n|turn|3\n|\n|t:|1699738678\n|switch|p1a: Pelipper|Pelipper, M|100\/100\n|-weather|RainDance|[from] ability: Drizzle|[of] p1a: Pelipper\n|move|p2a: Grimmsnarl|Light Screen|p2a: Grimmsnarl\n|-sidestart|p2: javierdragonlen|move: Light Screen\n|\n|-weather|RainDance|[upkeep]\n|upkeep\n|turn|4\n|\n|t:|1699738686\n|move|p2a: Grimmsnarl|Parting Shot|p1a: Pelipper\n|-unboost|p1a: Pelipper|atk|1\n|-unboost|p1a: Pelipper|spa|1\n|\n|t:|1699738691\n|switch|p2a: Samurott|Samurott-Hisui, F|100\/100|[from] Parting Shot\n|move|p1a: Pelipper|Defog|p2a: Samurott\n|-unboost|p2a: Samurott|evasion|1\n|-sideend|p2: javierdragonlen|move: Light Screen\n|-sideend|p1: HolyChomper|Sticky Web|[from] move: Defog|[of] p1a: Pelipper\n|\n|-weather|RainDance|[upkeep]\n|upkeep\n|turn|5\n|\n|t:|1699738702\n|move|p2a: Samurott|Swords Dance|p2a: Samurott\n|-boost|p2a: Samurott|atk|2\n|move|p1a: Pelipper|U-turn|p2a: Samurott\n|-supereffective|p2a: Samurott\n|-damage|p2a: Samurott|86\/100\n|\n|t:|1699738714\n|switch|p1a: Kilowattrel|Kilowattrel, F|100\/100|[from] U-turn\n|\n|-weather|RainDance|[upkeep]\n|-heal|p2a: Samurott|92\/100|[from] item: Leftovers\n|upkeep\n|turn|6\n|\n|t:|1699738723\n|move|p1a: Kilowattrel|Thunder|p2a: Samurott\n|-supereffective|p2a: Samurott\n|-damage|p2a: Samurott|0 fnt\n|faint|p2a: Samurott\n|-damage|p1a: Kilowattrel|91\/100|[from] item: Life Orb\n|\n|-weather|RainDance|[upkeep]\n|upkeep\n|\n|t:|1699738733\n|switch|p2a: Grimmsnarl|Grimmsnarl, M|100\/100\n|turn|7\n|\n|t:|1699738737\n|move|p2a: Grimmsnarl|Light Screen|p2a: Grimmsnarl\n|-sidestart|p2: javierdragonlen|move: Light Screen\n|move|p1a: Kilowattrel|Volt Switch|p2a: Grimmsnarl\n|-damage|p2a: Grimmsnarl|84\/100\n|-damage|p1a: Kilowattrel|81\/100|[from] item: Life Orb\n|\n|t:|1699738752\n|switch|p1a: Pelipper|Pelipper, M|100\/100|[from] Volt Switch\n|\n|-weather|RainDance|[upkeep]\n|upkeep\n|turn|8\n|\n|t:|1699738763\n|move|p2a: Grimmsnarl|Parting Shot|p1a: Pelipper\n|-unboost|p1a: Pelipper|atk|1\n|-unboost|p1a: Pelipper|spa|1\n|\n|t:|1699738769\n|switch|p2a: Togekiss|Togekiss, M|100\/100|[from] Parting Shot\n|move|p1a: Pelipper|U-turn|p2a: Togekiss\n|-resisted|p2a: Togekiss\n|-damage|p2a: Togekiss|99\/100\n|\n|t:|1699738776\n|switch|p1a: Scizor|Scizor, F|100\/100|[from] U-turn\n|\n|-weather|RainDance|[upkeep]\n|-heal|p2a: Togekiss|100\/100|[from] item: Leftovers\n|upkeep\n|turn|9\n|\n|t:|1699738784\n|move|p1a: Scizor|Bullet Punch|p2a: Togekiss\n|-supereffective|p2a: Togekiss\n|-damage|p2a: Togekiss|15\/100\n|move|p2a: Togekiss|Ancient Power|p1a: Scizor\n|-damage|p1a: Scizor|75\/100\n|\n|-weather|RainDance|[upkeep]\n|-heal|p2a: Togekiss|21\/100|[from] item: Leftovers\n|-heal|p1a: Scizor|81\/100|[from] item: Leftovers\n|upkeep\n|turn|10\n|\n|t:|1699738795\n|move|p2a: Togekiss|Protect|p2a: Togekiss\n|-singleturn|p2a: Togekiss|Protect\n|move|p1a: Scizor|Bullet Punch|p2a: Togekiss\n|-activate|p2a: Togekiss|move: Protect\n|\n|-weather|none\n|-heal|p2a: Togekiss|27\/100|[from] item: Leftovers\n|-heal|p1a: Scizor|87\/100|[from] item: Leftovers\n|upkeep\n|turn|11\n|\n|t:|1699738806\n|switch|p2a: Pelipper|Pelipper, M|100\/100\n|-weather|RainDance|[from] ability: Drizzle|[of] p2a: Pelipper\n|move|p1a: Scizor|Bullet Punch|p2a: Pelipper\n|-resisted|p2a: Pelipper\n|-damage|p2a: Pelipper|85\/100\n|\n|-weather|RainDance|[upkeep]\n|-heal|p1a: Scizor|94\/100|[from] item: Leftovers\n|upkeep\n|turn|12\n|\n|t:|1699738819\n|move|p2a: Pelipper|Knock Off|p1a: Scizor\n|-damage|p1a: Scizor|82\/100\n|-enditem|p1a: Scizor|Leftovers|[from] move: Knock Off|[of] p2a: Pelipper\n|move|p1a: Scizor|U-turn|p2a: Pelipper\n|-resisted|p2a: Pelipper\n|-damage|p2a: Pelipper|69\/100\n|\n|t:|1699738826\n|switch|p1a: Kilowattrel|Kilowattrel, F|81\/100|[from] U-turn\n|\n|-weather|RainDance|[upkeep]\n|upkeep\n|turn|13\n|\n|t:|1699738833\n|move|p1a: Kilowattrel|Thunder|p2a: Pelipper\n|-supereffective|p2a: Pelipper\n|-damage|p2a: Pelipper|0 fnt\n|faint|p2a: Pelipper\n|-damage|p1a: Kilowattrel|71\/100|[from] item: Life Orb\n|\n|-weather|RainDance|[upkeep]\n|upkeep\n|\n|t:|1699738843\n|switch|p2a: Cinderace|Cinderace, F|100\/100\n|turn|14\n|\n|t:|1699738853\n|-terastallize|p1a: Kilowattrel|Water\n|move|p1a: Kilowattrel|Weather Ball|p2a: Cinderace\n|-supereffective|p2a: Cinderace\n|-damage|p2a: Cinderace|0 fnt\n|faint|p2a: Cinderace\n|-damage|p1a: Kilowattrel|61\/100|[from] item: Life Orb\n|\n|-weather|RainDance|[upkeep]\n|-sideend|p2: javierdragonlen|move: Light Screen\n|upkeep\n|-message|javierdragonlen forfeited.\n|\n|win|HolyChomper\n|raw|HolyChomper's rating: 1128 &rarr; <strong>1148<\/strong><br \/>(+20 for winning)\n|raw|javierdragonlen's rating: 1052 &rarr; <strong>1038<\/strong><br \/>(-14 for losing)\n|l|\u2606javierdragonlen\n|c|\u2606HolyChomper|the trell, baby!\n|c|\u2606HolyChomper|gg\n","uploadtime":1699738870,"views":5,"p1id":"holychomper","p2id":"javierdragonlen","formatid":"gen9nationaldex","rating":1038,"private":0,"password":""}