{"id":"gen9nationaldex-1989681001","p1":"FNIA","p2":"JohnnyBoyXYZ","format":"[Gen 9] National Dex","log":"|j|\u2606FNIA\n|j|\u2606JohnnyBoyXYZ\n|t:|1699886311\n|gametype|singles\n|player|p1|FNIA|1|1093\n|player|p2|JohnnyBoyXYZ|cynthia|1049\n|teamsize|p1|6\n|teamsize|p2|6\n|gen|9\n|tier|[Gen 9] National Dex\n|rated|\n|rule|HP Percentage Mod: HP is shown in percentages\n|rule|Endless Battle Clause: Forcing endless battles is banned\n|rule|OHKO Clause: OHKO moves are banned\n|rule|Evasion Clause: Evasion abilities, items, and moves are banned\n|rule|Evasion Abilities Clause: Evasion abilities are banned\n|rule|Evasion Items Clause: Evasion items are banned\n|rule|Evasion Moves Clause: Evasion moves are banned\n|rule|Species Clause: Limit one of each Pok\u00e9mon\n|rule|Sleep Clause Mod: Limit one foe put to sleep\n|clearpoke\n|poke|p1|Pelipper, F|\n|poke|p1|Rotom-Wash|\n|poke|p1|Manaphy|\n|poke|p1|Ferrothorn, F|\n|poke|p1|Zapdos|\n|poke|p1|Swampert, M|\n|poke|p2|Tyranitar, M|\n|poke|p2|Meowscarada, F|\n|poke|p2|Skeledirge, M|\n|poke|p2|Quaquaval, M|\n|poke|p2|Raichu, M|\n|poke|p2|Slowking-Galar, M|\n|teampreview\n|inactive|Battle timer is ON: inactive players will automatically lose when time's up. (requested by JohnnyBoyXYZ)\n|\n|t:|1699886326\n|start\n|switch|p1a: Pelipper|Pelipper, F|100\/100\n|switch|p2a: Slowking|Slowking-Galar, M|100\/100\n|-weather|RainDance|[from] ability: Drizzle|[of] p1a: Pelipper\n|turn|1\n|\n|t:|1699886333\n|move|p1a: Pelipper|U-turn|p2a: Slowking\n|-damage|p2a: Slowking|92\/100\n|\n|t:|1699886337\n|switch|p1a: Ferrothorn|Ferrothorn, F|100\/100|[from] U-turn\n|move|p2a: Slowking|Future Sight|p1a: Ferrothorn\n|-start|p2a: Slowking|move: Future Sight\n|\n|-weather|RainDance|[upkeep]\n|upkeep\n|turn|2\n|\n|t:|1699886346\n|move|p2a: Slowking|Scald|p1a: Ferrothorn\n|-resisted|p1a: Ferrothorn\n|-damage|p1a: Ferrothorn|84\/100\n|-status|p1a: Ferrothorn|brn\n|move|p1a: Ferrothorn|Stealth Rock|p2a: Slowking\n|-sidestart|p2: JohnnyBoyXYZ|move: Stealth Rock\n|\n|-weather|RainDance|[upkeep]\n|-heal|p1a: Ferrothorn|90\/100 brn|[from] item: Leftovers\n|-damage|p1a: Ferrothorn|84\/100 brn|[from] brn\n|upkeep\n|turn|3\n|\n|t:|1699886357\n|move|p2a: Slowking|Flamethrower|p1a: Ferrothorn\n|-supereffective|p1a: Ferrothorn\n|-damage|p1a: Ferrothorn|33\/100 brn\n|move|p1a: Ferrothorn|Knock Off|p2a: Slowking\n|-supereffective|p2a: Slowking\n|-damage|p2a: Slowking|68\/100\n|-enditem|p2a: Slowking|Assault Vest|[from] move: Knock Off|[of] p1a: Ferrothorn\n|\n|-weather|RainDance|[upkeep]\n|-end|p1a: Ferrothorn|move: Future Sight\n|-resisted|p1a: Ferrothorn\n|-damage|p1a: Ferrothorn|8\/100 brn\n|-heal|p1a: Ferrothorn|15\/100 brn|[from] item: Leftovers\n|-damage|p1a: Ferrothorn|8\/100 brn|[from] brn\n|upkeep\n|turn|4\n|\n|t:|1699886375\n|switch|p1a: Rotom|Rotom-Wash|100\/100\n|move|p2a: Slowking|Future Sight|p1a: Rotom\n|-start|p2a: Slowking|move: Future Sight\n|\n|-weather|RainDance|[upkeep]\n|upkeep\n|turn|5\n|\n|t:|1699886386\n|move|p1a: Rotom|Volt Switch|p2a: Slowking\n|-damage|p2a: Slowking|49\/100\n|\n|t:|1699886394\n|switch|p1a: Manaphy|Manaphy|100\/100|[from] Volt Switch\n|move|p2a: Slowking|Sludge Bomb|p1a: Manaphy\n|-crit|p1a: Manaphy\n|-damage|p1a: Manaphy|47\/100\n|-status|p1a: Manaphy|psn\n|\n|-weather|RainDance|[upkeep]\n|-activate|p1a: Manaphy|ability: Hydration\n|-curestatus|p1a: Manaphy|psn|[msg]\n|-heal|p1a: Manaphy|53\/100|[from] item: Leftovers\n|upkeep\n|turn|6\n|\n|t:|1699886410\n|switch|p1a: Ferrothorn|Ferrothorn, F|8\/100 brn\n|move|p2a: Slowking|Sludge Bomb|p1a: Ferrothorn\n|-immune|p1a: Ferrothorn\n|\n|-weather|RainDance|[upkeep]\n|-end|p1a: Ferrothorn|move: Future Sight\n|-resisted|p1a: Ferrothorn\n|-damage|p1a: Ferrothorn|0 fnt\n|faint|p1a: Ferrothorn\n|upkeep\n|\n|t:|1699886418\n|switch|p1a: Manaphy|Manaphy|53\/100\n|turn|7\n|\n|t:|1699886424\n|move|p1a: Manaphy|Calm Mind|p1a: Manaphy\n|-boost|p1a: Manaphy|spa|1\n|-boost|p1a: Manaphy|spd|1\n|move|p2a: Slowking|Future Sight|p1a: Manaphy\n|-start|p2a: Slowking|move: Future Sight\n|\n|-weather|RainDance|[upkeep]\n|-heal|p1a: Manaphy|59\/100|[from] item: Leftovers\n|upkeep\n|turn|8\n|\n|t:|1699886435\n|move|p1a: Manaphy|Calm Mind|p1a: Manaphy\n|-boost|p1a: Manaphy|spa|1\n|-boost|p1a: Manaphy|spd|1\n|move|p2a: Slowking|Sludge Bomb|p1a: Manaphy\n|-damage|p1a: Manaphy|39\/100\n|-status|p1a: Manaphy|psn\n|\n|-weather|none\n|-heal|p1a: Manaphy|45\/100 psn|[from] item: Leftovers\n|-damage|p1a: Manaphy|33\/100 psn|[from] psn\n|upkeep\n|turn|9\n|\n|t:|1699886448\n|move|p1a: Manaphy|Stored Power|p2a: Slowking\n|-damage|p2a: Slowking|0 fnt\n|faint|p2a: Slowking\n|\n|-end|p1a: Manaphy|move: Future Sight\n|-damage|p1a: Manaphy|8\/100 psn\n|-heal|p1a: Manaphy|14\/100 psn|[from] item: Leftovers\n|-damage|p1a: Manaphy|2\/100 psn|[from] psn\n|upkeep\n|\n|t:|1699886466\n|switch|p2a: Quaquaval|Quaquaval, M|100\/100\n|turn|10\n|\n|t:|1699886472\n|move|p1a: Manaphy|Stored Power|p2a: Quaquaval\n|-supereffective|p2a: Quaquaval\n|-damage|p2a: Quaquaval|2\/100\n|move|p2a: Quaquaval|Aqua Step|p1a: Manaphy\n|-resisted|p1a: Manaphy\n|-damage|p1a: Manaphy|0 fnt\n|-boost|p2a: Quaquaval|spe|1\n|faint|p1a: Manaphy\n|-ability|p2a: Quaquaval|Moxie|boost\n|-boost|p2a: Quaquaval|atk|1\n|\n|upkeep\n|\n|t:|1699886481\n|switch|p1a: Pelipper|Pelipper, F|100\/100\n|-weather|RainDance|[from] ability: Drizzle|[of] p1a: Pelipper\n|turn|11\n|\n|t:|1699886490\n|move|p2a: Quaquaval|Roost|p2a: Quaquaval\n|-heal|p2a: Quaquaval|52\/100\n|-singleturn|p2a: Quaquaval|move: Roost\n|move|p1a: Pelipper|U-turn|p2a: Quaquaval\n|-resisted|p2a: Quaquaval\n|-damage|p2a: Quaquaval|47\/100\n|\n|t:|1699886495\n|switch|p1a: Rotom|Rotom-Wash|100\/100|[from] U-turn\n|\n|-weather|RainDance|[upkeep]\n|upkeep\n|turn|12\n|\n|t:|1699886509\n|move|p2a: Quaquaval|Close Combat|p1a: Rotom\n|-damage|p1a: Rotom|25\/100\n|-unboost|p2a: Quaquaval|def|1\n|-unboost|p2a: Quaquaval|spd|1\n|move|p1a: Rotom|Volt Switch|p2a: Quaquaval\n|-supereffective|p2a: Quaquaval\n|-damage|p2a: Quaquaval|0 fnt\n|faint|p2a: Quaquaval\n|\n|t:|1699886519\n|switch|p1a: Zapdos|Zapdos|100\/100|[from] Volt Switch\n|\n|-weather|RainDance|[upkeep]\n|upkeep\n|\n|t:|1699886525\n|switch|p2a: Tyranitar|Tyranitar, M|100\/100\n|-damage|p2a: Tyranitar|88\/100|[from] Stealth Rock\n|-weather|Sandstorm|[from] ability: Sand Stream|[of] p2a: Tyranitar\n|turn|13\n|\n|t:|1699886535\n|switch|p1a: Rotom|Rotom-Wash|25\/100\n|detailschange|p2a: Tyranitar|Tyranitar-Mega, M\n|-mega|p2a: Tyranitar|Tyranitar|Tyranitarite\n|move|p2a: Tyranitar|Dragon Dance|p2a: Tyranitar\n|-boost|p2a: Tyranitar|atk|1\n|-boost|p2a: Tyranitar|spe|1\n|\n|-weather|Sandstorm|[upkeep]\n|-damage|p1a: Rotom|19\/100|[from] Sandstorm\n|-heal|p1a: Rotom|25\/100|[from] item: Leftovers\n|upkeep\n|turn|14\n|\n|t:|1699886556\n|move|p2a: Tyranitar|Knock Off|p1a: Rotom\n|-damage|p1a: Rotom|0 fnt\n|-enditem|p1a: Rotom|Leftovers|[from] move: Knock Off|[of] p2a: Tyranitar\n|faint|p1a: Rotom\n|\n|-weather|Sandstorm|[upkeep]\n|upkeep\n|\n|t:|1699886561\n|switch|p1a: Pelipper|Pelipper, F|100\/100\n|-weather|RainDance|[from] ability: Drizzle|[of] p1a: Pelipper\n|turn|15\n|\n|t:|1699886574\n|move|p2a: Tyranitar|Ice Punch|p1a: Pelipper\n|-damage|p1a: Pelipper|59\/100\n|move|p1a: Pelipper|Scald|p2a: Tyranitar\n|-supereffective|p2a: Tyranitar\n|-damage|p2a: Tyranitar|20\/100\n|-status|p2a: Tyranitar|brn\n|\n|-weather|RainDance|[upkeep]\n|-damage|p2a: Tyranitar|13\/100 brn|[from] brn\n|upkeep\n|turn|16\n|\n|t:|1699886584\n|move|p2a: Tyranitar|Knock Off|p1a: Pelipper\n|-damage|p1a: Pelipper|20\/100\n|-enditem|p1a: Pelipper|Damp Rock|[from] move: Knock Off|[of] p2a: Tyranitar\n|move|p1a: Pelipper|Roost|p1a: Pelipper\n|-heal|p1a: Pelipper|70\/100\n|-singleturn|p1a: Pelipper|move: Roost\n|\n|-weather|RainDance|[upkeep]\n|-damage|p2a: Tyranitar|7\/100 brn|[from] brn\n|upkeep\n|turn|17\n|\n|t:|1699886595\n|move|p2a: Tyranitar|Knock Off|p1a: Pelipper\n|-damage|p1a: Pelipper|44\/100\n|move|p1a: Pelipper|Roost|p1a: Pelipper\n|-heal|p1a: Pelipper|94\/100\n|-singleturn|p1a: Pelipper|move: Roost\n|\n|-weather|RainDance|[upkeep]\n|-damage|p2a: Tyranitar|1\/100 brn|[from] brn\n|upkeep\n|turn|18\n|\n|t:|1699886607\n|move|p2a: Tyranitar|Knock Off|p1a: Pelipper\n|-damage|p1a: Pelipper|70\/100\n|move|p1a: Pelipper|U-turn|p2a: Tyranitar\n|-supereffective|p2a: Tyranitar\n|-damage|p2a: Tyranitar|0 fnt\n|faint|p2a: Tyranitar\n|\n|t:|1699886617\n|switch|p1a: Zapdos|Zapdos|100\/100|[from] U-turn\n|\n|-weather|RainDance|[upkeep]\n|upkeep\n|\n|t:|1699886625\n|switch|p2a: Skeledirge|Skeledirge, M|100\/100\n|turn|19\n|\n|t:|1699886641\n|move|p1a: Zapdos|Weather Ball|p2a: Skeledirge\n|-supereffective|p2a: Skeledirge\n|-damage|p2a: Skeledirge|25\/100\n|move|p2a: Skeledirge|Torch Song|p1a: Zapdos\n|-damage|p1a: Zapdos|84\/100\n|-boost|p2a: Skeledirge|spa|1\n|\n|-weather|RainDance|[upkeep]\n|upkeep\n|turn|20\n|\n|t:|1699886653\n|-terastallize|p2a: Skeledirge|Fairy\n|move|p1a: Zapdos|Hurricane|p2a: Skeledirge\n|-damage|p2a: Skeledirge|0 fnt\n|faint|p2a: Skeledirge\n|\n|-weather|RainDance|[upkeep]\n|upkeep\n|\n|t:|1699886667\n|switch|p2a: Raichu|Raichu, M|100\/100\n|turn|21\n|\n|t:|1699886677\n|move|p2a: Raichu|Surf|p1a: Zapdos\n|-damage|p1a: Zapdos|42\/100\n|move|p1a: Zapdos|Weather Ball|p2a: Raichu\n|-damage|p2a: Raichu|19\/100\n|\n|-weather|RainDance|[upkeep]\n|upkeep\n|turn|22\n|\n|t:|1699886686\n|move|p2a: Raichu|Surf|p1a: Zapdos\n|-crit|p1a: Zapdos\n|-damage|p1a: Zapdos|0 fnt\n|faint|p1a: Zapdos\n|\n|-weather|none\n|upkeep\n|\n|t:|1699886703\n|switch|p1a: Pelipper|Pelipper, F|70\/100\n|-weather|RainDance|[from] ability: Drizzle|[of] p1a: Pelipper\n|turn|23\n|\n|t:|1699886711\n|move|p2a: Raichu|Volt Switch|p1a: Pelipper\n|-supereffective|p1a: Pelipper\n|-damage|p1a: Pelipper|0 fnt\n|faint|p1a: Pelipper\n|\n|t:|1699886716\n|switch|p2a: Meowscarada|Meowscarada, F|100\/100|[from] Volt Switch\n|\n|-weather|RainDance|[upkeep]\n|upkeep\n|\n|t:|1699886718\n|switch|p1a: Swampert|Swampert, M|100\/100\n|turn|24\n|\n|t:|1699886728\n|detailschange|p1a: Swampert|Swampert-Mega, M\n|-mega|p1a: Swampert|Swampert|Swampertite\n|move|p1a: Swampert|Ice Punch|p2a: Meowscarada\n|-supereffective|p2a: Meowscarada\n|-damage|p2a: Meowscarada|12\/100\n|move|p2a: Meowscarada|Flower Trick|p1a: Swampert\n|-start|p2a: Meowscarada|typechange|Grass|[from] ability: Protean\n|-supereffective|p1a: Swampert\n|-crit|p1a: Swampert\n|-damage|p1a: Swampert|0 fnt\n|faint|p1a: Swampert\n|\n|win|JohnnyBoyXYZ\n|raw|FNIA's rating: 1093 &rarr; <strong>1066<\/strong><br \/>(-27 for losing)\n|raw|JohnnyBoyXYZ's rating: 1049 &rarr; <strong>1086<\/strong><br \/>(+37 for winning)\n|l|\u2606FNIA\n","uploadtime":1699886746,"views":4,"p1id":"fnia","p2id":"johnnyboyxyz","formatid":"gen9nationaldex","rating":1066,"private":0,"password":""}