{"id":"gen9nationaldex-1996627230","p1":"saikamm","p2":"Garry97","format":"[Gen 9] National Dex","log":"|html|<div class=\"broadcast-blue\"><strong>[Gen 9] National Dex is currently suspecting Sneasler! For information on how to participate check out the <a href=\"https:\/\/www.smogon.com\/forums\/threads\/sv-national-dex-suspect-8-just-dance.3731534\/\">suspect thread<\/a>.<\/strong><\/div>\n|j|\u2606saikamm\n|j|\u2606Garry97\n|t:|1700702347\n|gametype|singles\n|player|p1|saikamm|guitarist|1430\n|player|p2|Garry97|eri|1393\n|teamsize|p1|6\n|teamsize|p2|6\n|gen|9\n|tier|[Gen 9] National Dex\n|rated|\n|rule|HP Percentage Mod: HP is shown in percentages\n|rule|Endless Battle Clause: Forcing endless battles is banned\n|rule|OHKO Clause: OHKO moves are banned\n|rule|Evasion Clause: Evasion abilities, items, and moves are banned\n|rule|Evasion Abilities Clause: Evasion abilities are banned\n|rule|Evasion Items Clause: Evasion items are banned\n|rule|Evasion Moves Clause: Evasion moves are banned\n|rule|Species Clause: Limit one of each Pok\u00e9mon\n|rule|Sleep Clause Mod: Limit one foe put to sleep\n|clearpoke\n|poke|p1|Sneasler, F|\n|poke|p1|Rillaboom, F|\n|poke|p1|Zapdos|\n|poke|p1|Heatran, F|\n|poke|p1|Landorus-Therian, M|\n|poke|p1|Lopunny, F|\n|poke|p2|Lucario, M|\n|poke|p2|Blaziken, M|\n|poke|p2|Aggron, M|\n|poke|p2|Gardevoir, F|\n|poke|p2|Milotic, F|\n|poke|p2|Salamence, M|\n|teampreview\n|inactive|Battle timer is ON: inactive players will automatically lose when time's up. (requested by saikamm)\n|\n|t:|1700702353\n|start\n|switch|p1a: Landorus|Landorus-Therian, M|100\/100\n|switch|p2a: Dracule Mihawk|Salamence, M|100\/100\n|-ability|p1a: Landorus|Intimidate|boost\n|-unboost|p2a: Dracule Mihawk|atk|1\n|-ability|p2a: Dracule Mihawk|Intimidate|boost\n|-unboost|p1a: Landorus|atk|1\n|turn|1\n|\n|t:|1700702365\n|move|p1a: Landorus|U-turn|p2a: Dracule Mihawk\n|-resisted|p2a: Dracule Mihawk\n|-damage|p2a: Dracule Mihawk|90\/100\n|\n|t:|1700702371\n|switch|p1a: Heatran|Heatran, F|100\/100|[from] U-turn\n|move|p2a: Dracule Mihawk|Hydro Pump|p1a: Heatran\n|-supereffective|p1a: Heatran\n|-damage|p1a: Heatran|51\/100\n|\n|-heal|p1a: Heatran|57\/100|[from] item: Leftovers\n|upkeep\n|turn|2\n|\n|t:|1700702381\n|move|p1a: Heatran|Protect|p1a: Heatran\n|-singleturn|p1a: Heatran|Protect\n|move|p2a: Dracule Mihawk|Hydro Pump|p1a: Heatran\n|-activate|p1a: Heatran|move: Protect\n|\n|-heal|p1a: Heatran|63\/100|[from] item: Leftovers\n|upkeep\n|turn|3\n|\n|t:|1700702389\n|switch|p2a: Elena FDEZ|Gardevoir, F|100\/100\n|-ability|p2a: Elena FDEZ|Flash Fire|[from] ability: Trace|[of] p1a: Heatran\n|switch|p1a: Zapdos|Zapdos|100\/100\n|\n|upkeep\n|turn|4\n|\n|t:|1700702403\n|move|p2a: Elena FDEZ|Psychic|p1a: Zapdos\n|-damage|p1a: Zapdos|53\/100\n|move|p1a: Zapdos|Volt Switch|p2a: Elena FDEZ\n|-damage|p2a: Elena FDEZ|73\/100\n|\n|t:|1700702409\n|switch|p1a: Heatran|Heatran, F|63\/100|[from] Volt Switch\n|\n|-heal|p1a: Heatran|69\/100|[from] item: Leftovers\n|upkeep\n|turn|5\n|\n|t:|1700702420\n|move|p2a: Elena FDEZ|Psychic|p1a: Heatran\n|-resisted|p1a: Heatran\n|-damage|p1a: Heatran|55\/100\n|-unboost|p1a: Heatran|spd|1\n|move|p1a: Heatran|Toxic|p2a: Elena FDEZ\n|-status|p2a: Elena FDEZ|tox\n|\n|-heal|p1a: Heatran|61\/100|[from] item: Leftovers\n|-damage|p2a: Elena FDEZ|67\/100 tox|[from] psn\n|upkeep\n|turn|6\n|\n|t:|1700702431\n|switch|p2a: Lord Beerus|Lucario, M|100\/100\n|move|p1a: Heatran|Protect||[still]\n|-fail|p1a: Heatran\n|\n|-heal|p1a: Heatran|67\/100|[from] item: Leftovers\n|upkeep\n|turn|7\n|\n|t:|1700702441\n|switch|p1a: Landorus|Landorus-Therian, M|100\/100\n|-ability|p1a: Landorus|Intimidate|boost\n|-fail|p2a: Lord Beerus|unboost|Attack|[from] ability: Inner Focus|[of] p2a: Lord Beerus\n|-terastallize|p2a: Lord Beerus|Normal\n|move|p2a: Lord Beerus|Swords Dance|p2a: Lord Beerus\n|-boost|p2a: Lord Beerus|atk|2\n|\n|upkeep\n|turn|8\n|\n|t:|1700702450\n|move|p2a: Lord Beerus|Extreme Speed|p1a: Landorus\n|-damage|p1a: Landorus|0 fnt\n|faint|p1a: Landorus\n|\n|upkeep\n|\n|t:|1700702467\n|switch|p1a: Rillaboom|Rillaboom, F|100\/100\n|-fieldstart|move: Grassy Terrain|[from] ability: Grassy Surge|[of] p1a: Rillaboom\n|turn|9\n|\n|t:|1700702471\n|move|p1a: Rillaboom|Fake Out|p2a: Lord Beerus\n|-damage|p2a: Lord Beerus|77\/100\n|move|p2a: Lord Beerus|Extreme Speed|p1a: Rillaboom\n|-damage|p1a: Rillaboom|0 fnt\n|faint|p1a: Rillaboom\n|\n|-heal|p2a: Lord Beerus|83\/100|[from] Grassy Terrain\n|upkeep\n|\n|t:|1700702477\n|switch|p1a: Sneasler|Sneasler, F|100\/100\n|-enditem|p1a: Sneasler|Grassy Seed\n|-boost|p1a: Sneasler|def|1|[from] item: Grassy Seed\n|turn|10\n|\n|t:|1700702485\n|move|p2a: Lord Beerus|Extreme Speed|p1a: Sneasler\n|-damage|p1a: Sneasler|0 fnt\n|faint|p1a: Sneasler\n|\n|-heal|p2a: Lord Beerus|89\/100|[from] Grassy Terrain\n|upkeep\n|\n|t:|1700702492\n|switch|p1a: Heatran|Heatran, F|67\/100\n|turn|11\n|\n|t:|1700702498\n|switch|p1a: Zapdos|Zapdos|53\/100\n|move|p2a: Lord Beerus|Close Combat|p1a: Zapdos\n|-resisted|p1a: Zapdos\n|-damage|p1a: Zapdos|8\/100\n|-unboost|p2a: Lord Beerus|def|1\n|-unboost|p2a: Lord Beerus|spd|1\n|-damage|p2a: Lord Beerus|73\/100|[from] item: Rocky Helmet|[of] p1a: Zapdos\n|\n|-heal|p2a: Lord Beerus|79\/100|[from] Grassy Terrain\n|upkeep\n|turn|12\n|-message|saikamm forfeited.\n|\n|win|Garry97\n|raw|saikamm's rating: 1430 &rarr; <strong>1408<\/strong><br \/>(-22 for losing)\n|raw|Garry97's rating: 1393 &rarr; <strong>1415<\/strong><br \/>(+22 for winning)\n|l|\u2606saikamm\n","uploadtime":1700702518,"views":20,"p1id":"saikamm","p2id":"garry97","formatid":"gen9nationaldex","rating":1408,"private":0,"password":""}