{"id":"gen9nationaldex-2000407351","p1":"KingHeLiiOS","p2":"rffjkbb","format":"[Gen 9] National Dex","log":"|html|<div class=\"broadcast-blue\"><strong>[Gen 9] National Dex is currently suspecting Sneasler! For information on how to participate check out the <a href=\"https:\/\/www.smogon.com\/forums\/threads\/sv-national-dex-suspect-8-just-dance.3731534\/\">suspect thread<\/a>.<\/strong><\/div>\n|j|\u2606KingHeLiiOS\n|j|\u2606rffjkbb\n|t:|1701192227\n|gametype|singles\n|player|p1|KingHeLiiOS|koga|1076\n|player|p2|rffjkbb|1|1128\n|teamsize|p1|6\n|teamsize|p2|6\n|gen|9\n|tier|[Gen 9] National Dex\n|rated|\n|rule|HP Percentage Mod: HP is shown in percentages\n|rule|Endless Battle Clause: Forcing endless battles is banned\n|rule|OHKO Clause: OHKO moves are banned\n|rule|Evasion Clause: Evasion abilities, items, and moves are banned\n|rule|Evasion Abilities Clause: Evasion abilities are banned\n|rule|Evasion Items Clause: Evasion items are banned\n|rule|Evasion Moves Clause: Evasion moves are banned\n|rule|Species Clause: Limit one of each Pok\u00e9mon\n|rule|Sleep Clause Mod: Limit one foe put to sleep\n|clearpoke\n|poke|p1|Swellow, F|\n|poke|p1|Garganacl, M|\n|poke|p1|Exeggutor, M|\n|poke|p1|Sneasler, F|\n|poke|p1|Araquanid, M|\n|poke|p1|Tinkaton, F|\n|poke|p2|Muk-Alola, M|\n|poke|p2|Alomomola, F|\n|poke|p2|Garchomp, M|\n|poke|p2|Gliscor, M|\n|poke|p2|Great Tusk|\n|poke|p2|Corviknight, F|\n|teampreview\n|inactive|Battle timer is ON: inactive players will automatically lose when time's up. (requested by KingHeLiiOS)\n|\n|t:|1701192252\n|start\n|switch|p1a: Garganacl|Garganacl, M|100\/100\n|switch|p2a: Muk|Muk-Alola, M|100\/100\n|turn|1\n|\n|t:|1701192259\n|move|p2a: Muk|Knock Off|p1a: Garganacl\n|-damage|p1a: Garganacl|68\/100\n|-enditem|p1a: Garganacl|Leftovers|[from] move: Knock Off|[of] p2a: Muk\n|move|p1a: Garganacl|Salt Cure|p2a: Muk\n|-damage|p2a: Muk|85\/100\n|-start|p2a: Muk|Salt Cure\n|\n|-damage|p2a: Muk|73\/100|[from] Salt Cure\n|upkeep\n|turn|2\n|\n|t:|1701192270\n|switch|p2a: Corviknight|Corviknight, F|100\/100\n|move|p1a: Garganacl|Iron Defense|p1a: Garganacl\n|-boost|p1a: Garganacl|def|2\n|\n|upkeep\n|turn|3\n|\n|t:|1701192274\n|move|p2a: Corviknight|Bulk Up|p2a: Corviknight\n|-boost|p2a: Corviknight|atk|1\n|-boost|p2a: Corviknight|def|1\n|move|p1a: Garganacl|Iron Defense|p1a: Garganacl\n|-boost|p1a: Garganacl|def|2\n|\n|upkeep\n|turn|4\n|\n|t:|1701192284\n|move|p2a: Corviknight|Bulk Up|p2a: Corviknight\n|-boost|p2a: Corviknight|atk|1\n|-boost|p2a: Corviknight|def|1\n|move|p1a: Garganacl|Salt Cure|p2a: Corviknight\n|-damage|p2a: Corviknight|94\/100\n|\n|upkeep\n|turn|5\n|\n|t:|1701192288\n|move|p2a: Corviknight|Bulk Up|p2a: Corviknight\n|-boost|p2a: Corviknight|atk|1\n|-boost|p2a: Corviknight|def|1\n|move|p1a: Garganacl|Salt Cure|p2a: Corviknight\n|-damage|p2a: Corviknight|90\/100\n|\n|upkeep\n|turn|6\n|\n|t:|1701192311\n|move|p2a: Corviknight|Agility|p2a: Corviknight\n|-boost|p2a: Corviknight|spe|2\n|move|p1a: Garganacl|Salt Cure|p2a: Corviknight\n|-damage|p2a: Corviknight|85\/100\n|\n|upkeep\n|turn|7\n|\n|t:|1701192316\n|move|p2a: Corviknight|Bulk Up|p2a: Corviknight\n|-boost|p2a: Corviknight|atk|1\n|-boost|p2a: Corviknight|def|1\n|move|p1a: Garganacl|Iron Defense|p1a: Garganacl\n|-boost|p1a: Garganacl|def|2\n|\n|upkeep\n|turn|8\n|\n|t:|1701192320\n|move|p2a: Corviknight|Bulk Up|p2a: Corviknight\n|-boost|p2a: Corviknight|atk|1\n|-boost|p2a: Corviknight|def|1\n|move|p1a: Garganacl|Recover|p1a: Garganacl\n|-heal|p1a: Garganacl|100\/100\n|\n|upkeep\n|turn|9\n|\n|t:|1701192325\n|move|p2a: Corviknight|Bulk Up|p2a: Corviknight\n|-boost|p2a: Corviknight|atk|1\n|-boost|p2a: Corviknight|def|1\n|move|p1a: Garganacl|Salt Cure|p2a: Corviknight\n|-damage|p2a: Corviknight|82\/100\n|\n|upkeep\n|turn|10\n|\n|t:|1701192332\n|move|p2a: Corviknight|Power Trip|p1a: Garganacl\n|-damage|p1a: Garganacl|49\/100\n|move|p1a: Garganacl|Body Press|p2a: Corviknight\n|-damage|p2a: Corviknight|61\/100\n|\n|upkeep\n|turn|11\n|\n|t:|1701192340\n|move|p2a: Corviknight|Power Trip|p1a: Garganacl\n|-damage|p1a: Garganacl|1\/100\n|move|p1a: Garganacl|Recover|p1a: Garganacl\n|-heal|p1a: Garganacl|51\/100\n|\n|upkeep\n|turn|12\n|\n|t:|1701192345\n|move|p2a: Corviknight|Agility|p2a: Corviknight\n|-boost|p2a: Corviknight|spe|2\n|move|p1a: Garganacl|Recover|p1a: Garganacl\n|-heal|p1a: Garganacl|100\/100\n|\n|upkeep\n|turn|13\n|\n|t:|1701192354\n|move|p2a: Corviknight|Power Trip|p1a: Garganacl\n|-damage|p1a: Garganacl|45\/100\n|move|p1a: Garganacl|Body Press|p2a: Corviknight\n|-damage|p2a: Corviknight|41\/100\n|\n|upkeep\n|turn|14\n|\n|t:|1701192362\n|move|p2a: Corviknight|Roost|p2a: Corviknight\n|-heal|p2a: Corviknight|91\/100\n|-singleturn|p2a: Corviknight|move: Roost\n|move|p1a: Garganacl|Recover|p1a: Garganacl\n|-heal|p1a: Garganacl|95\/100\n|\n|upkeep\n|turn|15\n|\n|t:|1701192368\n|move|p2a: Corviknight|Agility|p2a: Corviknight\n|-boost|p2a: Corviknight|spe|2\n|move|p1a: Garganacl|Salt Cure|p2a: Corviknight\n|-damage|p2a: Corviknight|87\/100\n|\n|upkeep\n|turn|16\n|-message|KingHeLiiOS forfeited.\n|\n|win|rffjkbb\n|raw|KingHeLiiOS's rating: 1076 &rarr; <strong>1058<\/strong><br \/>(-18 for losing)\n|raw|rffjkbb's rating: 1128 &rarr; <strong>1149<\/strong><br \/>(+21 for winning)\n|l|\u2606KingHeLiiOS\n","uploadtime":1701192385,"views":0,"p1id":"kingheliios","p2id":"rffjkbb","formatid":"gen9nationaldex","rating":1058,"private":0,"password":""}