{"id":"gen9nationaldex-1991270533","p1":"ninjatime678","p2":"cold FrostNova","format":"[Gen 9] National Dex","log":"|j|\u2606ninjatime678\n|j|\u2606cold FrostNova\n|t:|1700063034\n|gametype|singles\n|player|p1|ninjatime678|2|1033\n|player|p2|cold FrostNova|hilbert-wonderlauncher|1135\n|teamsize|p1|6\n|teamsize|p2|6\n|gen|9\n|tier|[Gen 9] National Dex\n|rated|\n|rule|HP Percentage Mod: HP is shown in percentages\n|rule|Endless Battle Clause: Forcing endless battles is banned\n|rule|OHKO Clause: OHKO moves are banned\n|rule|Evasion Clause: Evasion abilities, items, and moves are banned\n|rule|Evasion Abilities Clause: Evasion abilities are banned\n|rule|Evasion Items Clause: Evasion items are banned\n|rule|Evasion Moves Clause: Evasion moves are banned\n|rule|Species Clause: Limit one of each Pok\u00e9mon\n|rule|Sleep Clause Mod: Limit one foe put to sleep\n|clearpoke\n|poke|p1|Typhlosion, M|\n|poke|p1|Ampharos, F|\n|poke|p1|Crobat, M|\n|poke|p1|Heracross, M|\n|poke|p1|Kingdra, F|\n|poke|p1|Tyranitar, M|\n|poke|p2|Volcarona, M|\n|poke|p2|Serperior, F|\n|poke|p2|Garchomp, M|\n|poke|p2|Scizor, M|\n|poke|p2|Ogerpon-Wellspring, F|\n|poke|p2|Vikavolt, M|\n|teampreview\n|inactive|Battle timer is ON: inactive players will automatically lose when time's up. (requested by cold FrostNova)\n|\n|t:|1700063041\n|start\n|switch|p1a: Typhlosion|Typhlosion, M|100\/100\n|switch|p2a: Vikavolt|Vikavolt, M, shiny|100\/100\n|turn|1\n|\n|t:|1700063046\n|move|p1a: Typhlosion|Eruption|p2a: Vikavolt\n|-supereffective|p2a: Vikavolt\n|-damage|p2a: Vikavolt|0 fnt\n|faint|p2a: Vikavolt\n|\n|upkeep\n|\n|t:|1700063056\n|switch|p2a: \u963f\u54ac|Garchomp, M|100\/100\n|turn|2\n|\n|t:|1700063062\n|switch|p1a: Crobat|Crobat, M|100\/100\n|move|p2a: \u963f\u54ac|Earthquake|p1a: Crobat\n|-immune|p1a: Crobat\n|\n|upkeep\n|turn|3\n|\n|t:|1700063066\n|move|p1a: Crobat|Brave Bird|p2a: \u963f\u54ac\n|-damage|p2a: \u963f\u54ac|50\/100\n|-damage|p1a: Crobat|88\/100|[from] ability: Rough Skin|[of] p2a: \u963f\u54ac\n|-damage|p1a: Crobat|69\/100|[from] Recoil\n|-zpower|p2a: \u963f\u54ac\n|move|p2a: \u963f\u54ac|Devastating Drake|p1a: Crobat|[zeffect]\n|-damage|p1a: Crobat|0 fnt\n|faint|p1a: Crobat\n|\n|upkeep\n|\n|t:|1700063088\n|switch|p1a: Heracross|Heracross, M|100\/100\n|turn|4\n|\n|t:|1700063094\n|move|p2a: \u963f\u54ac|Stealth Rock|p1a: Heracross\n|-sidestart|p1: ninjatime678|move: Stealth Rock\n|move|p1a: Heracross|Close Combat|p2a: \u963f\u54ac\n|-damage|p2a: \u963f\u54ac|0 fnt\n|-unboost|p1a: Heracross|def|1\n|-unboost|p1a: Heracross|spd|1\n|-damage|p1a: Heracross|88\/100|[from] ability: Rough Skin|[of] p2a: \u963f\u54ac\n|faint|p2a: \u963f\u54ac\n|-ability|p1a: Heracross|Moxie|boost\n|-boost|p1a: Heracross|atk|1\n|\n|upkeep\n|\n|t:|1700063105\n|switch|p2a: \u5927\u6251\u68f1\u86fe\u5b50|Volcarona, M|100\/100\n|turn|5\n|\n|t:|1700063109\n|detailschange|p1a: Heracross|Heracross-Mega, M\n|-mega|p1a: Heracross|Heracross|Heracronite\n|move|p2a: \u5927\u6251\u68f1\u86fe\u5b50|Fire Blast|p1a: Heracross\n|-supereffective|p1a: Heracross\n|-damage|p1a: Heracross|0 fnt\n|faint|p1a: Heracross\n|\n|upkeep\n|\n|t:|1700063120\n|switch|p1a: Kingdra|Kingdra, F, shiny|100\/100\n|-damage|p1a: Kingdra|88\/100|[from] Stealth Rock\n|turn|6\n|\n|t:|1700063126\n|-terastallize|p2a: \u5927\u6251\u68f1\u86fe\u5b50|Water\n|move|p2a: \u5927\u6251\u68f1\u86fe\u5b50|Quiver Dance|p2a: \u5927\u6251\u68f1\u86fe\u5b50\n|-boost|p2a: \u5927\u6251\u68f1\u86fe\u5b50|spa|1\n|-boost|p2a: \u5927\u6251\u68f1\u86fe\u5b50|spd|1\n|-boost|p2a: \u5927\u6251\u68f1\u86fe\u5b50|spe|1\n|move|p1a: Kingdra|Focus Energy|p1a: Kingdra\n|-start|p1a: Kingdra|move: Focus Energy\n|\n|upkeep\n|turn|7\n|\n|t:|1700063133\n|move|p2a: \u5927\u6251\u68f1\u86fe\u5b50|Quiver Dance|p2a: \u5927\u6251\u68f1\u86fe\u5b50\n|-boost|p2a: \u5927\u6251\u68f1\u86fe\u5b50|spa|1\n|-boost|p2a: \u5927\u6251\u68f1\u86fe\u5b50|spd|1\n|-boost|p2a: \u5927\u6251\u68f1\u86fe\u5b50|spe|1\n|move|p1a: Kingdra|Draco Meteor|p2a: \u5927\u6251\u68f1\u86fe\u5b50\n|-crit|p2a: \u5927\u6251\u68f1\u86fe\u5b50\n|-damage|p2a: \u5927\u6251\u68f1\u86fe\u5b50|0 fnt\n|-unboost|p1a: Kingdra|spa|2\n|faint|p2a: \u5927\u6251\u68f1\u86fe\u5b50\n|\n|upkeep\n|\n|t:|1700063141\n|switch|p2a: Ogerpon|Ogerpon-Wellspring, F|100\/100\n|turn|8\n|\n|t:|1700063149\n|move|p2a: Ogerpon|Horn Leech|p1a: Kingdra\n|-damage|p1a: Kingdra|36\/100\n|move|p1a: Kingdra|Draco Meteor|p2a: Ogerpon\n|-crit|p2a: Ogerpon\n|-damage|p2a: Ogerpon|0 fnt\n|-unboost|p1a: Kingdra|spa|2\n|faint|p2a: Ogerpon\n|\n|upkeep\n|\n|t:|1700063154\n|switch|p2a: \u53e5\u8292|Serperior, F, shiny|100\/100\n|turn|9\n|\n|t:|1700063160\n|move|p2a: \u53e5\u8292|Leaf Storm|p1a: Kingdra\n|-crit|p1a: Kingdra\n|-damage|p1a: Kingdra|0 fnt\n|-boost|p2a: \u53e5\u8292|spa|2\n|faint|p1a: Kingdra\n|\n|upkeep\n|\n|t:|1700063164\n|switch|p1a: Typhlosion|Typhlosion, M|100\/100\n|-damage|p1a: Typhlosion|76\/100|[from] Stealth Rock\n|turn|10\n|\n|t:|1700063169\n|move|p1a: Typhlosion|Eruption|p2a: \u53e5\u8292\n|-supereffective|p2a: \u53e5\u8292\n|-damage|p2a: \u53e5\u8292|0 fnt\n|faint|p2a: \u53e5\u8292\n|\n|upkeep\n|\n|t:|1700063173\n|switch|p2a: Scizor|Scizor, M|100\/100\n|turn|11\n|\n|t:|1700063176\n|move|p2a: Scizor|Bullet Punch|p1a: Typhlosion\n|-resisted|p1a: Typhlosion\n|-damage|p1a: Typhlosion|49\/100\n|move|p1a: Typhlosion|Eruption|p2a: Scizor\n|-supereffective|p2a: Scizor\n|-damage|p2a: Scizor|0 fnt\n|faint|p2a: Scizor\n|\n|win|ninjatime678\n|raw|ninjatime678's rating: 1033 &rarr; <strong>1078<\/strong><br \/>(+45 for winning)\n|raw|cold FrostNova's rating: 1135 &rarr; <strong>1103<\/strong><br \/>(-32 for losing)\n|l|\u2606cold FrostNova\n","uploadtime":1700063356,"views":18,"p1id":"ninjatime678","p2id":"coldfrostnova","formatid":"gen9nationaldex","rating":1078,"private":0,"password":""}