{"id":"gen9nationaldex-1987854192","p1":"Arlo Ghost","p2":"ericmont","format":"[Gen 9] National Dex","log":"|j|\u2606Arlo Ghost\n|j|\u2606ericmont\n|t:|1699642949\n|gametype|singles\n|player|p1|Arlo Ghost|mars|\n|player|p2|ericmont|bertha|\n|teamsize|p1|6\n|teamsize|p2|6\n|gen|9\n|tier|[Gen 9] National Dex\n|rule|HP Percentage Mod: HP is shown in percentages\n|rule|Endless Battle Clause: Forcing endless battles is banned\n|rule|OHKO Clause: OHKO moves are banned\n|rule|Evasion Clause: Evasion abilities, items, and moves are banned\n|rule|Evasion Abilities Clause: Evasion abilities are banned\n|rule|Evasion Items Clause: Evasion items are banned\n|rule|Evasion Moves Clause: Evasion moves are banned\n|rule|Species Clause: Limit one of each Pok\u00e9mon\n|rule|Sleep Clause Mod: Limit one foe put to sleep\n|clearpoke\n|poke|p1|Mandibuzz, F|\n|poke|p1|Greninja-*, M|\n|poke|p1|Tyranitar, M|\n|poke|p1|Muk-Alola, M|\n|poke|p1|Grimmsnarl, M|\n|poke|p1|Hydreigon, M|\n|poke|p2|Hippowdon, M|\n|poke|p2|Gastrodon, M|\n|poke|p2|Iron Moth|\n|poke|p2|Sandy Shocks|\n|poke|p2|Great Tusk|\n|poke|p2|Garchomp, M|\n|teampreview\n|\n|t:|1699642959\n|start\n|switch|p1a: Hydrarlo|Hydreigon, M|100\/100\n|switch|p2a: Hippowdon|Hippowdon, M|100\/100\n|-weather|Sandstorm|[from] ability: Sand Stream|[of] p2a: Hippowdon\n|turn|1\n|\n|t:|1699642966\n|switch|p1a: Winona|Mandibuzz, F|100\/100\n|move|p2a: Hippowdon|Stealth Rock|p1a: Winona\n|-sidestart|p1: Arlo Ghost|move: Stealth Rock\n|\n|-weather|Sandstorm|[upkeep]\n|upkeep\n|turn|2\n|\n|t:|1699642973\n|move|p1a: Winona|Defog|p2a: Hippowdon\n|-unboost|p2a: Hippowdon|evasion|1\n|-sideend|p1: Arlo Ghost|Stealth Rock|[from] move: Defog|[of] p1a: Winona\n|move|p2a: Hippowdon|Whirlwind|p1a: Winona\n|drag|p1a: El Cumbia Ninja|Greninja, M|100\/100\n|\n|-weather|Sandstorm|[upkeep]\n|-damage|p1a: El Cumbia Ninja|95\/100|[from] Sandstorm\n|upkeep\n|turn|3\n|\n|t:|1699642985\n|switch|p2a: Iron Moth|Iron Moth|100\/100\n|move|p1a: El Cumbia Ninja|Hydro Pump|p2a: Iron Moth\n|-start|p1a: El Cumbia Ninja|typechange|Water|[from] ability: Protean\n|-supereffective|p2a: Iron Moth\n|-damage|p2a: Iron Moth|13\/100\n|\n|-weather|Sandstorm|[upkeep]\n|-damage|p1a: El Cumbia Ninja|89\/100|[from] Sandstorm\n|-damage|p2a: Iron Moth|7\/100|[from] Sandstorm\n|upkeep\n|turn|4\n|c|\u2606ericmont|Q\n|c|\u2606ericmont|en serio?\n|\n|t:|1699643002\n|switch|p1a: Marijuano|Muk-Alola, M|100\/100\n|-end|p2a: Iron Moth|Quark Drive|[silent]\n|switch|p2a: Gastrodon|Gastrodon, M|100\/100\n|\n|-weather|Sandstorm|[upkeep]\n|-damage|p1a: Marijuano|94\/100|[from] Sandstorm\n|upkeep\n|turn|5\n|c|\u2606Arlo Ghost|e\u00bf\n|c|\u2606ericmont|Esperaba algo para el gastrodon\n|c|\u2606ericmont|._.\n|\n|t:|1699643017\n|move|p1a: Marijuano|Knock Off|p2a: Gastrodon\n|-damage|p2a: Gastrodon|74\/100\n|-enditem|p2a: Gastrodon|Heavy-Duty Boots|[from] move: Knock Off|[of] p1a: Marijuano\n|move|p2a: Gastrodon|Spikes|p1a: Marijuano\n|-sidestart|p1: Arlo Ghost|Spikes\n|\n|-weather|none\n|upkeep\n|turn|6\n|\n|t:|1699643033\n|switch|p1a: Hydrarlo|Hydreigon, M|100\/100\n|move|p2a: Gastrodon|Toxic|p1a: Hydrarlo\n|-status|p1a: Hydrarlo|tox\n|\n|-damage|p1a: Hydrarlo|94\/100 tox|[from] psn\n|upkeep\n|turn|7\n|\n|t:|1699643049\n|switch|p2a: Iron Moth|Iron Moth|7\/100\n|move|p1a: Hydrarlo|Nasty Plot|p1a: Hydrarlo\n|-boost|p1a: Hydrarlo|spa|2\n|\n|-heal|p1a: Hydrarlo|100\/100 tox|[from] item: Leftovers\n|-damage|p1a: Hydrarlo|88\/100 tox|[from] psn\n|upkeep\n|turn|8\n|\n|t:|1699643066\n|move|p2a: Iron Moth|Sludge Wave|p1a: Hydrarlo\n|-damage|p1a: Hydrarlo|39\/100 tox\n|move|p1a: Hydrarlo|Dark Pulse|p2a: Iron Moth\n|-damage|p2a: Iron Moth|0 fnt\n|faint|p2a: Iron Moth\n|-end|p2a: Iron Moth|Quark Drive|[silent]\n|\n|-heal|p1a: Hydrarlo|45\/100 tox|[from] item: Leftovers\n|-damage|p1a: Hydrarlo|26\/100 tox|[from] psn\n|upkeep\n|\n|t:|1699643070\n|switch|p2a: Great Tusk|Great Tusk|100\/100\n|turn|9\n|\n|t:|1699643076\n|move|p2a: Great Tusk|Close Combat|p1a: Hydrarlo\n|-supereffective|p1a: Hydrarlo\n|-crit|p1a: Hydrarlo\n|-damage|p1a: Hydrarlo|0 fnt\n|-unboost|p2a: Great Tusk|def|1\n|-unboost|p2a: Great Tusk|spd|1\n|faint|p1a: Hydrarlo\n|\n|upkeep\n|\n|t:|1699643086\n|switch|p1a: El Cumbia Ninja|Greninja, M|89\/100\n|-damage|p1a: El Cumbia Ninja|76\/100|[from] Spikes\n|turn|10\n|\n|t:|1699643091\n|move|p1a: El Cumbia Ninja|Ice Beam|p2a: Great Tusk\n|-start|p1a: El Cumbia Ninja|typechange|Ice|[from] ability: Protean\n|-supereffective|p2a: Great Tusk\n|-damage|p2a: Great Tusk|0 fnt\n|faint|p2a: Great Tusk\n|-end|p2a: Great Tusk|Protosynthesis|[silent]\n|\n|upkeep\n|c|\u2606ericmont|Aiss es scarf\n|\n|t:|1699643104\n|switch|p2a: Gastrodon|Gastrodon, M|74\/100\n|turn|11\n|\n|t:|1699643116\n|switch|p1a: Marijuano|Muk-Alola, M|94\/100\n|-damage|p1a: Marijuano|82\/100|[from] Spikes\n|move|p2a: Gastrodon|Recover|p2a: Gastrodon\n|-heal|p2a: Gastrodon|100\/100\n|\n|upkeep\n|turn|12\n|\n|t:|1699643120\n|move|p1a: Marijuano|Poison Jab|p2a: Gastrodon\n|-resisted|p2a: Gastrodon\n|-damage|p2a: Gastrodon|89\/100\n|move|p2a: Gastrodon|Scald|p1a: Marijuano\n|-damage|p1a: Marijuano|71\/100\n|-status|p1a: Marijuano|brn\n|\n|-damage|p1a: Marijuano|65\/100 brn|[from] brn\n|upkeep\n|turn|13\n|\n|t:|1699643131\n|switch|p2a: Garchomp|Garchomp, M|100\/100\n|move|p1a: Marijuano|Poison Jab|p2a: Garchomp\n|-resisted|p2a: Garchomp\n|-damage|p2a: Garchomp|93\/100\n|-damage|p1a: Marijuano|52\/100 brn|[from] ability: Rough Skin|[of] p2a: Garchomp\n|\n|-damage|p1a: Marijuano|46\/100 brn|[from] brn\n|upkeep\n|turn|14\n|\n|t:|1699643146\n|switch|p1a: Winona|Mandibuzz, F|100\/100\n|detailschange|p2a: Garchomp|Garchomp-Mega, M\n|-mega|p2a: Garchomp|Garchomp|Garchompite\n|move|p2a: Garchomp|Scale Shot|p1a: Winona\n|-damage|p1a: Winona|91\/100\n|-damage|p1a: Winona|82\/100\n|-hitcount|p1a: Winona|2\n|-unboost|p2a: Garchomp|def|1\n|-boost|p2a: Garchomp|spe|1\n|\n|upkeep\n|turn|15\n|\n|t:|1699643156\n|switch|p2a: Hippowdon|Hippowdon, M|100\/100\n|-weather|Sandstorm|[from] ability: Sand Stream|[of] p2a: Hippowdon\n|move|p1a: Winona|Foul Play|p2a: Hippowdon\n|-damage|p2a: Hippowdon|80\/100\n|\n|-weather|Sandstorm|[upkeep]\n|-heal|p2a: Hippowdon|87\/100|[from] item: Leftovers\n|upkeep\n|turn|16\n|\n|t:|1699643169\n|switch|p1a: Sherkemo|Grimmsnarl, M|100\/100\n|-damage|p1a: Sherkemo|88\/100|[from] Spikes\n|move|p2a: Hippowdon|Whirlwind|p1a: Sherkemo\n|drag|p1a: El Cumbia Ninja|Greninja, M|76\/100\n|-damage|p1a: El Cumbia Ninja|64\/100|[from] Spikes\n|\n|-weather|Sandstorm|[upkeep]\n|-damage|p1a: El Cumbia Ninja|58\/100|[from] Sandstorm\n|-heal|p2a: Hippowdon|93\/100|[from] item: Leftovers\n|upkeep\n|turn|17\n|\n|t:|1699643174\n|switch|p2a: Gastrodon|Gastrodon, M|89\/100\n|move|p1a: El Cumbia Ninja|Ice Beam|p2a: Gastrodon\n|-start|p1a: El Cumbia Ninja|typechange|Ice|[from] ability: Protean\n|-damage|p2a: Gastrodon|58\/100\n|\n|-weather|Sandstorm|[upkeep]\n|-damage|p1a: El Cumbia Ninja|52\/100|[from] Sandstorm\n|upkeep\n|turn|18\n|\n|t:|1699643181\n|switch|p1a: Sherkemo|Grimmsnarl, M|88\/100\n|-damage|p1a: Sherkemo|76\/100|[from] Spikes\n|move|p2a: Gastrodon|Recover|p2a: Gastrodon\n|-heal|p2a: Gastrodon|100\/100\n|\n|-weather|Sandstorm|[upkeep]\n|-damage|p1a: Sherkemo|70\/100|[from] Sandstorm\n|upkeep\n|turn|19\n|\n|t:|1699643186\n|move|p1a: Sherkemo|Light Screen|p1a: Sherkemo\n|-sidestart|p1: Arlo Ghost|move: Light Screen\n|move|p2a: Gastrodon|Toxic|p1a: Sherkemo|[miss]\n|-miss|p2a: Gastrodon|p1a: Sherkemo\n|\n|-weather|none\n|upkeep\n|turn|20\n|\n|t:|1699643193\n|move|p1a: Sherkemo|Reflect|p1a: Sherkemo\n|-sidestart|p1: Arlo Ghost|Reflect\n|move|p2a: Gastrodon|Scald|p1a: Sherkemo\n|-damage|p1a: Sherkemo|58\/100\n|\n|upkeep\n|turn|21\n|\n|t:|1699643197\n|switch|p1a: Marijuano|Muk-Alola, M|46\/100 brn\n|-damage|p1a: Marijuano|34\/100 brn|[from] Spikes\n|move|p2a: Gastrodon|Toxic||[still]\n|-fail|p2a: Gastrodon\n|\n|-damage|p1a: Marijuano|28\/100 brn|[from] brn\n|upkeep\n|turn|22\n|\n|t:|1699643210\n|switch|p1a: Winona|Mandibuzz, F|82\/100\n|move|p2a: Gastrodon|Scald|p1a: Winona\n|-damage|p1a: Winona|71\/100\n|-status|p1a: Winona|brn\n|\n|-damage|p1a: Winona|65\/100 brn|[from] brn\n|upkeep\n|turn|23\n|\n|t:|1699643216\n|switch|p2a: Hippowdon|Hippowdon, M|93\/100\n|-weather|Sandstorm|[from] ability: Sand Stream|[of] p2a: Hippowdon\n|move|p1a: Winona|Toxic|p2a: Hippowdon\n|-status|p2a: Hippowdon|tox\n|\n|-weather|Sandstorm|[upkeep]\n|-heal|p2a: Hippowdon|99\/100 tox|[from] item: Leftovers\n|-damage|p2a: Hippowdon|93\/100 tox|[from] psn\n|-damage|p1a: Winona|59\/100 brn|[from] brn\n|upkeep\n|turn|24\n|\n|t:|1699643224\n|move|p1a: Winona|Roost|p1a: Winona\n|-heal|p1a: Winona|100\/100 brn\n|-singleturn|p1a: Winona|move: Roost\n|move|p2a: Hippowdon|Whirlwind|p1a: Winona\n|drag|p1a: Rockzilla|Tyranitar, M, shiny|100\/100\n|-damage|p1a: Rockzilla|88\/100|[from] Spikes\n|\n|-weather|Sandstorm|[upkeep]\n|-heal|p2a: Hippowdon|99\/100 tox|[from] item: Leftovers\n|-damage|p2a: Hippowdon|87\/100 tox|[from] psn\n|upkeep\n|turn|25\n|\n|t:|1699643231\n|detailschange|p1a: Rockzilla|Tyranitar-Mega, M, shiny\n|-mega|p1a: Rockzilla|Tyranitar|Tyranitarite\n|move|p1a: Rockzilla|Dragon Dance|p1a: Rockzilla\n|-boost|p1a: Rockzilla|atk|1\n|-boost|p1a: Rockzilla|spe|1\n|move|p2a: Hippowdon|Stealth Rock|p1a: Rockzilla\n|-sidestart|p1: Arlo Ghost|move: Stealth Rock\n|\n|-weather|Sandstorm|[upkeep]\n|-heal|p2a: Hippowdon|93\/100 tox|[from] item: Leftovers\n|-damage|p2a: Hippowdon|74\/100 tox|[from] psn\n|upkeep\n|turn|26\n|\n|t:|1699643240\n|move|p1a: Rockzilla|Earthquake|p2a: Hippowdon\n|-damage|p2a: Hippowdon|43\/100 tox\n|move|p2a: Hippowdon|Earthquake|p1a: Rockzilla\n|-supereffective|p1a: Rockzilla\n|-damage|p1a: Rockzilla|63\/100\n|\n|-weather|Sandstorm|[upkeep]\n|-heal|p2a: Hippowdon|50\/100 tox|[from] item: Leftovers\n|-damage|p2a: Hippowdon|25\/100 tox|[from] psn\n|-sideend|p1: Arlo Ghost|move: Light Screen\n|upkeep\n|turn|27\n|\n|t:|1699643254\n|move|p1a: Rockzilla|Earthquake|p2a: Hippowdon\n|-damage|p2a: Hippowdon|0 fnt\n|faint|p2a: Hippowdon\n|\n|-weather|none\n|-sideend|p1: Arlo Ghost|Reflect\n|upkeep\n|\n|t:|1699643257\n|switch|p2a: Gastrodon|Gastrodon, M|100\/100\n|turn|28\n|\n|t:|1699643287\n|move|p1a: Rockzilla|Earthquake|p2a: Gastrodon\n|-damage|p2a: Gastrodon|57\/100\n|move|p2a: Gastrodon|Scald|p1a: Rockzilla\n|-supereffective|p1a: Rockzilla\n|-damage|p1a: Rockzilla|27\/100\n|-status|p1a: Rockzilla|brn\n|\n|-damage|p1a: Rockzilla|21\/100 brn|[from] brn\n|upkeep\n|turn|29\n|\n|t:|1699643292\n|move|p1a: Rockzilla|Earthquake|p2a: Gastrodon\n|-damage|p2a: Gastrodon|35\/100\n|move|p2a: Gastrodon|Recover|p2a: Gastrodon\n|-heal|p2a: Gastrodon|85\/100\n|\n|-damage|p1a: Rockzilla|15\/100 brn|[from] brn\n|upkeep\n|turn|30\n|\n|t:|1699643301\n|move|p1a: Rockzilla|Earthquake|p2a: Gastrodon\n|-damage|p2a: Gastrodon|66\/100\n|move|p2a: Gastrodon|Scald|p1a: Rockzilla\n|-supereffective|p1a: Rockzilla\n|-damage|p1a: Rockzilla|0 fnt\n|faint|p1a: Rockzilla\n|\n|upkeep\n|\n|t:|1699643304\n|switch|p1a: Winona|Mandibuzz, F|100\/100 brn\n|-damage|p1a: Winona|76\/100 brn|[from] Stealth Rock\n|turn|31\n|\n|t:|1699643308\n|move|p1a: Winona|Defog|p2a: Gastrodon\n|-unboost|p2a: Gastrodon|evasion|1\n|-sideend|p1: Arlo Ghost|Spikes|[from] move: Defog|[of] p1a: Winona\n|-sideend|p1: Arlo Ghost|Stealth Rock|[from] move: Defog|[of] p1a: Winona\n|move|p2a: Gastrodon|Scald|p1a: Winona\n|-damage|p1a: Winona|54\/100 brn\n|\n|-damage|p1a: Winona|48\/100 brn|[from] brn\n|upkeep\n|turn|32\n|\n|t:|1699643319\n|move|p1a: Winona|Toxic|p2a: Gastrodon\n|-status|p2a: Gastrodon|tox\n|move|p2a: Gastrodon|Scald|p1a: Winona\n|-damage|p1a: Winona|26\/100 brn\n|\n|-damage|p2a: Gastrodon|59\/100 tox|[from] psn\n|-damage|p1a: Winona|20\/100 brn|[from] brn\n|upkeep\n|turn|33\n|\n|t:|1699643322\n|move|p1a: Winona|Roost|p1a: Winona\n|-heal|p1a: Winona|70\/100 brn\n|-singleturn|p1a: Winona|move: Roost\n|move|p2a: Gastrodon|Scald|p1a: Winona\n|-damage|p1a: Winona|50\/100 brn\n|\n|-damage|p2a: Gastrodon|47\/100 tox|[from] psn\n|-damage|p1a: Winona|44\/100 brn|[from] brn\n|upkeep\n|turn|34\n|\n|t:|1699643329\n|switch|p2a: Sandy Shocks|Sandy Shocks|100\/100\n|move|p1a: Winona|Roost|p1a: Winona\n|-heal|p1a: Winona|94\/100 brn\n|-singleturn|p1a: Winona|move: Roost\n|\n|-damage|p1a: Winona|87\/100 brn|[from] brn\n|upkeep\n|turn|35\n|\n|t:|1699643335\n|switch|p1a: Marijuano|Muk-Alola, M|28\/100 brn\n|move|p2a: Sandy Shocks|Volt Switch|p1a: Marijuano\n|-damage|p1a: Marijuano|14\/100 brn\n|\n|t:|1699643338\n|-end|p2a: Sandy Shocks|Protosynthesis|[silent]\n|switch|p2a: Garchomp|Garchomp-Mega, M|93\/100|[from] Volt Switch\n|\n|-damage|p1a: Marijuano|8\/100 brn|[from] brn\n|upkeep\n|turn|36\n|\n|t:|1699643342\n|switch|p1a: Sherkemo|Grimmsnarl, M|58\/100\n|move|p2a: Garchomp|Scale Shot|p1a: Sherkemo\n|-immune|p1a: Sherkemo\n|\n|upkeep\n|turn|37\n|\n|t:|1699643372\n|move|p1a: Sherkemo|Reflect|p1a: Sherkemo\n|-sidestart|p1: Arlo Ghost|Reflect\n|move|p2a: Garchomp|Earthquake|p1a: Sherkemo\n|-damage|p1a: Sherkemo|25\/100\n|\n|upkeep\n|turn|38\n|\n|t:|1699643387\n|move|p1a: Sherkemo|Light Screen|p1a: Sherkemo\n|-sidestart|p1: Arlo Ghost|move: Light Screen\n|move|p2a: Garchomp|Scale Shot|p1a: Sherkemo\n|-immune|p1a: Sherkemo\n|\n|upkeep\n|turn|39\n|\n|t:|1699643410\n|move|p2a: Garchomp|Earthquake|p1a: Sherkemo\n|-crit|p1a: Sherkemo\n|-damage|p1a: Sherkemo|0 fnt\n|faint|p1a: Sherkemo\n|\n|upkeep\n|\n|t:|1699643413\n|switch|p1a: El Cumbia Ninja|Greninja, M|52\/100\n|turn|40\n|c|\u2606ericmont|Gg\n|\n|t:|1699643431\n|move|p1a: El Cumbia Ninja|Ice Beam|p2a: Garchomp\n|-start|p1a: El Cumbia Ninja|typechange|Ice|[from] ability: Protean\n|-supereffective|p2a: Garchomp\n|-crit|p2a: Garchomp\n|-damage|p2a: Garchomp|0 fnt\n|faint|p2a: Garchomp\n|\n|upkeep\n|c|\u2606Arlo Ghost|gg\n|\n|t:|1699643440\n|switch|p2a: Sandy Shocks|Sandy Shocks|100\/100\n|turn|41\n|\n|t:|1699643447\n|-terastallize|p2a: Sandy Shocks|Ice\n|move|p1a: El Cumbia Ninja|Ice Beam|p2a: Sandy Shocks\n|-resisted|p2a: Sandy Shocks\n|-damage|p2a: Sandy Shocks|78\/100\n|move|p2a: Sandy Shocks|Thunderbolt|p1a: El Cumbia Ninja\n|-damage|p1a: El Cumbia Ninja|19\/100\n|-status|p1a: El Cumbia Ninja|par\n|\n|upkeep\n|turn|42\n|\n|t:|1699643458\n|move|p2a: Sandy Shocks|Thunderbolt|p1a: El Cumbia Ninja\n|-damage|p1a: El Cumbia Ninja|0 fnt\n|faint|p1a: El Cumbia Ninja\n|\n|upkeep\n|\n|t:|1699643460\n|switch|p1a: Marijuano|Muk-Alola, M|8\/100 brn\n|turn|43\n|\n|t:|1699643464\n|move|p1a: Marijuano|Shadow Sneak|p2a: Sandy Shocks\n|-damage|p2a: Sandy Shocks|73\/100\n|move|p2a: Sandy Shocks|Thunderbolt|p1a: Marijuano\n|-crit|p1a: Marijuano\n|-damage|p1a: Marijuano|0 fnt\n|faint|p1a: Marijuano\n|\n|upkeep\n|\n|t:|1699643467\n|switch|p1a: Winona|Mandibuzz, F|87\/100 brn\n|turn|44\n|\n|t:|1699643473\n|-terastallize|p1a: Winona|Steel\n|move|p2a: Sandy Shocks|Volt Switch|p1a: Winona\n|-damage|p1a: Winona|73\/100 brn\n|\n|t:|1699643476\n|-end|p2a: Sandy Shocks|Protosynthesis|[silent]\n|switch|p2a: Gastrodon|Gastrodon, M|47\/100 tox|[from] Volt Switch\n|move|p1a: Winona|Toxic|p2a: Gastrodon\n|-fail|p2a: Gastrodon|tox\n|\n|-damage|p2a: Gastrodon|41\/100 tox|[from] psn\n|-damage|p1a: Winona|67\/100 brn|[from] brn\n|-sideend|p1: Arlo Ghost|Reflect\n|upkeep\n|turn|45\n|\n|t:|1699643491\n|move|p1a: Winona|Foul Play|p2a: Gastrodon\n|-damage|p2a: Gastrodon|32\/100 tox\n|move|p2a: Gastrodon|Recover|p2a: Gastrodon\n|-heal|p2a: Gastrodon|82\/100 tox\n|\n|-damage|p2a: Gastrodon|70\/100 tox|[from] psn\n|-damage|p1a: Winona|61\/100 brn|[from] brn\n|-sideend|p1: Arlo Ghost|move: Light Screen\n|upkeep\n|turn|46\n|\n|t:|1699643496\n|move|p1a: Winona|Foul Play|p2a: Gastrodon\n|-damage|p2a: Gastrodon|61\/100 tox\n|move|p2a: Gastrodon|Scald|p1a: Winona\n|-damage|p1a: Winona|38\/100 brn\n|\n|-damage|p2a: Gastrodon|43\/100 tox|[from] psn\n|-damage|p1a: Winona|32\/100 brn|[from] brn\n|upkeep\n|turn|47\n|\n|t:|1699643502\n|move|p1a: Winona|Roost|p1a: Winona\n|-heal|p1a: Winona|82\/100 brn\n|move|p2a: Gastrodon|Recover|p2a: Gastrodon\n|-heal|p2a: Gastrodon|93\/100 tox\n|\n|-damage|p2a: Gastrodon|68\/100 tox|[from] psn\n|-damage|p1a: Winona|76\/100 brn|[from] brn\n|upkeep\n|turn|48\n|\n|t:|1699643507\n|move|p1a: Winona|Foul Play|p2a: Gastrodon\n|-damage|p2a: Gastrodon|60\/100 tox\n|move|p2a: Gastrodon|Scald|p1a: Winona\n|-damage|p1a: Winona|53\/100 brn\n|\n|-damage|p2a: Gastrodon|29\/100 tox|[from] psn\n|-damage|p1a: Winona|47\/100 brn|[from] brn\n|upkeep\n|turn|49\n|\n|t:|1699643511\n|move|p1a: Winona|Roost|p1a: Winona\n|-heal|p1a: Winona|97\/100 brn\n|move|p2a: Gastrodon|Recover|p2a: Gastrodon\n|-heal|p2a: Gastrodon|79\/100 tox\n|\n|-damage|p2a: Gastrodon|43\/100 tox|[from] psn\n|-damage|p1a: Winona|91\/100 brn|[from] brn\n|upkeep\n|turn|50\n|\n|t:|1699643518\n|move|p1a: Winona|Foul Play|p2a: Gastrodon\n|-damage|p2a: Gastrodon|33\/100 tox\n|move|p2a: Gastrodon|Scald|p1a: Winona\n|-damage|p1a: Winona|70\/100 brn\n|\n|-damage|p2a: Gastrodon|0 fnt|[from] psn\n|faint|p2a: Gastrodon\n|-damage|p1a: Winona|64\/100 brn|[from] brn\n|upkeep\n|\n|t:|1699643521\n|switch|p2a: Sandy Shocks|Sandy Shocks, tera:Ice|73\/100\n|turn|51\n|\n|t:|1699643523\n|move|p2a: Sandy Shocks|Earth Power|p1a: Winona\n|-supereffective|p1a: Winona\n|-damage|p1a: Winona|0 fnt\n|faint|p1a: Winona\n|\n|win|ericmont\n|c|\u2606Arlo Ghost|gg\n|c|\u2606ericmont|gg\n","uploadtime":1699643531,"views":9,"p1id":"arloghost","p2id":"ericmont","formatid":"gen9nationaldex","rating":0,"private":0,"password":""}