{"id":"gen9nationaldex-1994686603","p1":"bu wei chen chen","p2":"yukiatu","format":"[Gen 9] National Dex","log":"|html|<div class=\"broadcast-blue\"><strong>[Gen 9] National Dex is currently suspecting Sneasler! For information on how to participate check out the <a href=\"https:\/\/www.smogon.com\/forums\/threads\/sv-national-dex-suspect-8-just-dance.3731534\/\">suspect thread<\/a>.<\/strong><\/div>\n|j|\u2606bu wei chen chen\n|j|\u2606yukiatu\n|t:|1700480982\n|gametype|singles\n|player|p1|bu wei chen chen|dawn|1383\n|player|p2|yukiatu|170|1325\n|teamsize|p1|6\n|teamsize|p2|6\n|gen|9\n|tier|[Gen 9] National Dex\n|rated|\n|rule|HP Percentage Mod: HP is shown in percentages\n|rule|Endless Battle Clause: Forcing endless battles is banned\n|rule|OHKO Clause: OHKO moves are banned\n|rule|Evasion Clause: Evasion abilities, items, and moves are banned\n|rule|Evasion Abilities Clause: Evasion abilities are banned\n|rule|Evasion Items Clause: Evasion items are banned\n|rule|Evasion Moves Clause: Evasion moves are banned\n|rule|Species Clause: Limit one of each Pok\u00e9mon\n|rule|Sleep Clause Mod: Limit one foe put to sleep\n|clearpoke\n|poke|p1|Nihilego|\n|poke|p1|Mimikyu, F|\n|poke|p1|Charizard, F|\n|poke|p1|Dragonite, M|\n|poke|p1|Ting-Lu|\n|poke|p1|Moltres|\n|poke|p2|Tapu Fini|\n|poke|p2|Tornadus-Therian, M|\n|poke|p2|Garchomp, F|\n|poke|p2|Heatran, F|\n|poke|p2|Meowscarada, M|\n|poke|p2|Chansey, F|\n|teampreview\n|inactive|Battle timer is ON: inactive players will automatically lose when time's up. (requested by bu wei chen chen)\n|\n|t:|1700481003\n|start\n|switch|p1a: Ting-Lu|Ting-Lu|100\/100\n|switch|p2a: Garchomp|Garchomp, F|100\/100\n|-ability|p1a: Ting-Lu|Vessel of Ruin\n|turn|1\n|\n|t:|1700481014\n|detailschange|p2a: Garchomp|Garchomp-Mega, F\n|-mega|p2a: Garchomp|Garchomp|Garchompite\n|move|p2a: Garchomp|Earthquake|p1a: Ting-Lu\n|-damage|p1a: Ting-Lu|63\/100\n|move|p1a: Ting-Lu|Stealth Rock|p2a: Garchomp\n|-sidestart|p2: yukiatu|move: Stealth Rock\n|\n|-heal|p1a: Ting-Lu|69\/100|[from] item: Leftovers\n|upkeep\n|turn|2\n|\n|t:|1700481022\n|move|p2a: Garchomp|Earthquake|p1a: Ting-Lu\n|-damage|p1a: Ting-Lu|35\/100\n|move|p1a: Ting-Lu|Ruination|p2a: Garchomp\n|-damage|p2a: Garchomp|51\/100\n|\n|-heal|p1a: Ting-Lu|42\/100|[from] item: Leftovers\n|upkeep\n|turn|3\n|\n|t:|1700481038\n|switch|p1a: Dragonite|Dragonite, M|100\/100\n|move|p2a: Garchomp|Scale Shot|p1a: Dragonite\n|-supereffective|p1a: Dragonite\n|-damage|p1a: Dragonite|81\/100\n|-supereffective|p1a: Dragonite\n|-damage|p1a: Dragonite|48\/100\n|-supereffective|p1a: Dragonite\n|-damage|p1a: Dragonite|14\/100\n|-hitcount|p1a: Dragonite|3\n|-unboost|p2a: Garchomp|def|1\n|-boost|p2a: Garchomp|spe|1\n|\n|upkeep\n|turn|4\n|\n|t:|1700481049\n|move|p1a: Dragonite|Extreme Speed|p2a: Garchomp\n|-damage|p2a: Garchomp|12\/100\n|move|p2a: Garchomp|Scale Shot|p1a: Dragonite\n|-supereffective|p1a: Dragonite\n|-damage|p1a: Dragonite|0 fnt\n|faint|p1a: Dragonite\n|-hitcount|p1: Dragonite|1\n|-unboost|p2a: Garchomp|def|1\n|-boost|p2a: Garchomp|spe|1\n|\n|upkeep\n|\n|t:|1700481053\n|switch|p1a: Mimikyu|Mimikyu, F|100\/100\n|turn|5\n|\n|t:|1700481065\n|switch|p2a: Tornadus|Tornadus-Therian, M|100\/100\n|move|p1a: Mimikyu|Shadow Sneak|p2a: Tornadus\n|-damage|p2a: Tornadus|82\/100\n|-damage|p1a: Mimikyu|91\/100|[from] item: Life Orb\n|\n|upkeep\n|turn|6\n|\n|t:|1700481084\n|switch|p1a: Nihilego|Nihilego, shiny|100\/100\n|move|p2a: Tornadus|U-turn|p1a: Nihilego\n|-resisted|p1a: Nihilego\n|-damage|p1a: Nihilego|90\/100\n|\n|t:|1700481099\n|switch|p2a: Chansey|Chansey, F|100\/100|[from] U-turn\n|-damage|p2a: Chansey|88\/100|[from] Stealth Rock\n|\n|upkeep\n|turn|7\n|\n|t:|1700481108\n|switch|p1a: Ting-Lu|Ting-Lu|42\/100\n|-ability|p1a: Ting-Lu|Vessel of Ruin\n|move|p2a: Chansey|Wish|p2a: Chansey\n|\n|-heal|p1a: Ting-Lu|48\/100|[from] item: Leftovers\n|upkeep\n|turn|8\n|\n|t:|1700481117\n|move|p2a: Chansey|Toxic|p1a: Ting-Lu\n|-status|p1a: Ting-Lu|tox\n|move|p1a: Ting-Lu|Ruination|p2a: Chansey\n|-damage|p2a: Chansey|44\/100\n|\n|-heal|p2a: Chansey|94\/100|[from] move: Wish|[wisher] Chansey\n|-heal|p1a: Ting-Lu|54\/100 tox|[from] item: Leftovers\n|-damage|p1a: Ting-Lu|48\/100 tox|[from] psn\n|upkeep\n|turn|9\n|\n|t:|1700481130\n|move|p2a: Chansey|Wish|p2a: Chansey\n|move|p1a: Ting-Lu|Ruination|p2a: Chansey\n|-damage|p2a: Chansey|47\/100\n|\n|-heal|p1a: Ting-Lu|54\/100 tox|[from] item: Leftovers\n|-damage|p1a: Ting-Lu|42\/100 tox|[from] psn\n|upkeep\n|turn|10\n|\n|t:|1700481137\n|switch|p2a: Garchomp|Garchomp-Mega, F|12\/100\n|-damage|p2a: Garchomp|6\/100|[from] Stealth Rock\n|move|p1a: Ting-Lu|Whirlwind|p2a: Garchomp\n|drag|p2a: Tornadus|Tornadus-Therian, M|100\/100\n|\n|-heal|p1a: Ting-Lu|48\/100 tox|[from] item: Leftovers\n|-damage|p1a: Ting-Lu|29\/100 tox|[from] psn\n|upkeep\n|turn|11\n|\n|t:|1700481155\n|switch|p1a: Moltres|Moltres|100\/100\n|move|p2a: Tornadus|Defog|p1a: Moltres\n|-unboost|p1a: Moltres|evasion|1\n|-sideend|p2: yukiatu|Stealth Rock|[from] move: Defog|[of] p2a: Tornadus\n|\n|upkeep\n|turn|12\n|\n|t:|1700481168\n|switch|p2a: Chansey|Chansey, F|47\/100\n|move|p1a: Moltres|Toxic|p2a: Chansey\n|-status|p2a: Chansey|tox\n|\n|-damage|p2a: Chansey|41\/100 tox|[from] psn\n|upkeep\n|turn|13\n|\n|t:|1700481175\n|switch|p1a: Charizard|Charizard, F|100\/100\n|move|p2a: Chansey|Wish|p2a: Chansey\n|\n|-damage|p2a: Chansey|29\/100 tox|[from] psn\n|upkeep\n|turn|14\n|\n|t:|1700481192\n|-curestatus|p2a: Chansey|tox|[from] ability: Natural Cure\n|switch|p2a: Garchomp|Garchomp-Mega, F|6\/100\n|move|p1a: Charizard|Earthquake|p2a: Garchomp\n|-damage|p2a: Garchomp|0 fnt\n|faint|p2a: Garchomp\n|\n|upkeep\n|\n|t:|1700481206\n|switch|p2a: Tapu Fini|Tapu Fini|100\/100\n|-fieldstart|move: Misty Terrain|[from] ability: Misty Surge|[of] p2a: Tapu Fini\n|turn|15\n|\n|t:|1700481227\n|detailschange|p1a: Charizard|Charizard-Mega-X, F\n|-mega|p1a: Charizard|Charizard|Charizardite X\n|move|p1a: Charizard|Dragon Dance|p1a: Charizard\n|-boost|p1a: Charizard|atk|1\n|-boost|p1a: Charizard|spe|1\n|-zpower|p2a: Tapu Fini\n|move|p2a: Tapu Fini|Guardian of Alola|p1a: Charizard|[zeffect]\n|-damage|p1a: Charizard|26\/100\n|\n|upkeep\n|turn|16\n|\n|t:|1700481240\n|move|p1a: Charizard|Earthquake|p2a: Tapu Fini\n|-damage|p2a: Tapu Fini|69\/100\n|move|p2a: Tapu Fini|Moonblast|p1a: Charizard\n|-damage|p1a: Charizard|0 fnt\n|faint|p1a: Charizard\n|\n|upkeep\n|\n|t:|1700481246\n|switch|p1a: Nihilego|Nihilego, shiny|90\/100\n|turn|17\n|\n|t:|1700481251\n|move|p1a: Nihilego|Meteor Beam||[still]\n|-prepare|p1a: Nihilego|Meteor Beam\n|-boost|p1a: Nihilego|spa|1\n|-enditem|p1a: Nihilego|Power Herb\n|-anim|p1a: Nihilego|Meteor Beam|p2a: Tapu Fini\n|-damage|p2a: Tapu Fini|1\/100\n|move|p2a: Tapu Fini|Surf|p1a: Nihilego\n|-supereffective|p1a: Nihilego\n|-damage|p1a: Nihilego|48\/100\n|\n|upkeep\n|turn|18\n|\n|t:|1700481265\n|move|p1a: Nihilego|Hidden Power|p2a: Tapu Fini\n|-resisted|p2a: Tapu Fini\n|-damage|p2a: Tapu Fini|0 fnt\n|faint|p2a: Tapu Fini\n|-ability|p1a: Nihilego|Beast Boost|boost\n|-boost|p1a: Nihilego|spe|1\n|\n|upkeep\n|\n|t:|1700481270\n|switch|p2a: Meowscarada|Meowscarada, M|100\/100\n|turn|19\n|\n|t:|1700481284\n|move|p2a: Meowscarada|Flower Trick|p1a: Nihilego\n|-start|p2a: Meowscarada|typechange|Grass|[from] ability: Protean\n|-crit|p1a: Nihilego\n|-damage|p1a: Nihilego|0 fnt\n|faint|p1a: Nihilego\n|\n|-fieldend|Misty Terrain\n|upkeep\n|c|\u2606bu wei chen chen|*\n|\n|t:|1700481307\n|switch|p1a: Moltres|Moltres|100\/100\n|turn|20\n|\n|t:|1700481314\n|switch|p2a: Chansey|Chansey, F|29\/100\n|move|p1a: Moltres|Mystical Fire|p2a: Chansey\n|-damage|p2a: Chansey|21\/100\n|-unboost|p2a: Chansey|spa|1\n|\n|upkeep\n|turn|21\n|\n|t:|1700481328\n|move|p1a: Moltres|Toxic|p2a: Chansey\n|-status|p2a: Chansey|tox\n|move|p2a: Chansey|Wish|p2a: Chansey\n|\n|-damage|p2a: Chansey|15\/100 tox|[from] psn\n|upkeep\n|turn|22\n|\n|t:|1700481340\n|move|p1a: Moltres|Mystical Fire|p2a: Chansey\n|-damage|p2a: Chansey|8\/100 tox\n|-unboost|p2a: Chansey|spa|1\n|move|p2a: Chansey|Stealth Rock|p1a: Moltres\n|-sidestart|p1: bu wei chen chen|move: Stealth Rock\n|\n|-heal|p2a: Chansey|58\/100 tox|[from] move: Wish|[wisher] Chansey\n|-damage|p2a: Chansey|45\/100 tox|[from] psn\n|upkeep\n|turn|23\n|\n|t:|1700481353\n|-curestatus|p2a: Chansey|tox|[from] ability: Natural Cure\n|switch|p2a: Heatran|Heatran, F|100\/100\n|move|p1a: Moltres|Scorching Sands|p2a: Heatran\n|-supereffective|p2a: Heatran\n|-damage|p2a: Heatran|40\/100\n|\n|-heal|p2a: Heatran|47\/100|[from] item: Leftovers\n|upkeep\n|turn|24\n|\n|t:|1700481366\n|switch|p2a: Meowscarada|Meowscarada, M|100\/100\n|move|p1a: Moltres|Scorching Sands|p2a: Meowscarada\n|-resisted|p2a: Meowscarada\n|-damage|p2a: Meowscarada|86\/100\n|\n|upkeep\n|turn|25\n|\n|t:|1700481374\n|move|p2a: Meowscarada|Trick|p1a: Moltres\n|-start|p2a: Meowscarada|typechange|Psychic|[from] ability: Protean\n|-activate|p2a: Meowscarada|move: Trick|[of] p1a: Moltres\n|-item|p1a: Moltres|Choice Scarf|[from] move: Trick\n|-item|p2a: Meowscarada|Heavy-Duty Boots|[from] move: Trick\n|move|p1a: Moltres|Toxic|p2a: Meowscarada\n|-status|p2a: Meowscarada|tox\n|\n|-damage|p2a: Meowscarada|80\/100 tox|[from] psn\n|upkeep\n|turn|26\n|\n|t:|1700481387\n|switch|p1a: Ting-Lu|Ting-Lu|29\/100 tox\n|-damage|p1a: Ting-Lu|23\/100 tox|[from] Stealth Rock\n|-ability|p1a: Ting-Lu|Vessel of Ruin\n|move|p2a: Meowscarada|U-turn|p1a: Ting-Lu\n|-supereffective|p1a: Ting-Lu\n|-damage|p1a: Ting-Lu|0 fnt\n|faint|p1a: Ting-Lu\n|\n|t:|1700481397\n|switch|p2a: Tornadus|Tornadus-Therian, M|100\/100|[from] U-turn\n|\n|upkeep\n|\n|t:|1700481412\n|switch|p1a: Moltres|Moltres|100\/100\n|-damage|p1a: Moltres|50\/100|[from] Stealth Rock\n|turn|27\n|\n|t:|1700481418\n|move|p1a: Moltres|Toxic|p2a: Tornadus\n|-status|p2a: Tornadus|tox\n|move|p2a: Tornadus|U-turn|p1a: Moltres\n|-resisted|p1a: Moltres\n|-damage|p1a: Moltres|48\/100\n|\n|t:|1700481423\n|switch|p2a: Chansey|Chansey, F|45\/100|[from] U-turn\n|\n|upkeep\n|turn|28\n|\n|t:|1700481429\n|move|p1a: Moltres|Toxic|p2a: Chansey\n|-status|p2a: Chansey|tox\n|move|p2a: Chansey|Wish|p2a: Chansey\n|\n|-damage|p2a: Chansey|39\/100 tox|[from] psn\n|upkeep\n|turn|29\n|\n|t:|1700481435\n|switch|p1a: Mimikyu|Mimikyu, F|91\/100\n|-damage|p1a: Mimikyu|78\/100|[from] Stealth Rock\n|move|p2a: Chansey|Seismic Toss|p1a: Mimikyu\n|-immune|p1a: Mimikyu\n|\n|-heal|p2a: Chansey|89\/100 tox|[from] move: Wish|[wisher] Chansey\n|-damage|p2a: Chansey|76\/100 tox|[from] psn\n|upkeep\n|turn|30\n|\n|t:|1700481446\n|-curestatus|p2a: Chansey|tox|[from] ability: Natural Cure\n|switch|p2a: Tornadus|Tornadus-Therian, M|100\/100 tox\n|move|p1a: Mimikyu|Swords Dance|p1a: Mimikyu\n|-boost|p1a: Mimikyu|atk|2\n|\n|-damage|p2a: Tornadus|94\/100 tox|[from] psn\n|upkeep\n|turn|31\n|\n|t:|1700481458\n|move|p1a: Mimikyu|Play Rough|p2a: Tornadus\n|-damage|p2a: Tornadus|19\/100 tox\n|-damage|p1a: Mimikyu|68\/100|[from] item: Life Orb\n|move|p2a: Tornadus|U-turn|p1a: Mimikyu\n|-activate|p1a: Mimikyu|ability: Disguise\n|-damage|p1a: Mimikyu|68\/100\n|detailschange|p1a: Mimikyu|Mimikyu-Busted, F\n|-damage|p1a: Mimikyu|56\/100|[from] pokemon: Mimikyu-Busted\n|\n|t:|1700481468\n|switch|p2a: Meowscarada|Meowscarada, M|80\/100 tox|[from] U-turn\n|\n|-damage|p2a: Meowscarada|74\/100 tox|[from] psn\n|upkeep\n|turn|32\n|\n|t:|1700481476\n|-terastallize|p1a: Mimikyu|Ghost\n|move|p1a: Mimikyu|Shadow Sneak|p2a: Meowscarada\n|-resisted|p2a: Meowscarada\n|-damage|p2a: Meowscarada|28\/100 tox\n|-damage|p1a: Mimikyu|46\/100|[from] item: Life Orb\n|move|p2a: Meowscarada|Flower Trick|p1a: Mimikyu\n|-start|p2a: Meowscarada|typechange|Grass|[from] ability: Protean\n|-crit|p1a: Mimikyu\n|-damage|p1a: Mimikyu|0 fnt\n|faint|p1a: Mimikyu\n|\n|-damage|p2a: Meowscarada|16\/100 tox|[from] psn\n|upkeep\n|\n|t:|1700481486\n|switch|p1a: Moltres|Moltres|48\/100\n|-damage|p1a: Moltres|0 fnt|[from] Stealth Rock\n|faint|p1a: Moltres\n|\n|win|yukiatu\n|raw|bu wei chen chen's rating: 1383 &rarr; <strong>1360<\/strong><br \/>(-23 for losing)\n|raw|yukiatu's rating: 1325 &rarr; <strong>1348<\/strong><br \/>(+23 for winning)\n","uploadtime":1700481490,"views":4,"p1id":"buweichenchen","p2id":"yukiatu","formatid":"gen9nationaldex","rating":1348,"private":0,"password":""}