{"id":"gen9nationaldex-1996931024","p1":"steals many wives","p2":"lighteater24","format":"[Gen 9] National Dex","log":"|html|<div class=\"broadcast-blue\"><strong>[Gen 9] National Dex is currently suspecting Sneasler! For information on how to participate check out the <a href=\"https:\/\/www.smogon.com\/forums\/threads\/sv-national-dex-suspect-8-just-dance.3731534\/\">suspect thread<\/a>.<\/strong><\/div>\n|j|\u2606steals many wives\n|j|\u2606lighteater24\n|t:|1700746311\n|gametype|singles\n|player|p1|steals many wives|waitress|1042\n|player|p2|lighteater24|grimsley|1023\n|teamsize|p1|6\n|teamsize|p2|6\n|gen|9\n|tier|[Gen 9] National Dex\n|rated|\n|rule|HP Percentage Mod: HP is shown in percentages\n|rule|Endless Battle Clause: Forcing endless battles is banned\n|rule|OHKO Clause: OHKO moves are banned\n|rule|Evasion Clause: Evasion abilities, items, and moves are banned\n|rule|Evasion Abilities Clause: Evasion abilities are banned\n|rule|Evasion Items Clause: Evasion items are banned\n|rule|Evasion Moves Clause: Evasion moves are banned\n|rule|Species Clause: Limit one of each Pok\u00e9mon\n|rule|Sleep Clause Mod: Limit one foe put to sleep\n|clearpoke\n|poke|p1|Volcarona, M|\n|poke|p1|Chandelure, F|\n|poke|p1|Rotom-Heat|\n|poke|p1|Victini|\n|poke|p1|Volcanion|\n|poke|p1|Charizard, F|\n|poke|p2|Mimikyu, M|\n|poke|p2|Decidueye, M|\n|poke|p2|Ceruledge, F|\n|poke|p2|Aegislash, M|\n|poke|p2|Chandelure, M|\n|poke|p2|Froslass, F|\n|teampreview\n|inactive|Battle timer is ON: inactive players will automatically lose when time's up. (requested by lighteater24)\n|\n|t:|1700746326\n|start\n|switch|p1a: Violence|Victini|100\/100\n|switch|p2a: Decidueye|Decidueye, M|100\/100\n|turn|1\n|\n|t:|1700746338\n|move|p1a: Violence|V-create|p2a: Decidueye\n|-supereffective|p2a: Decidueye\n|-damage|p2a: Decidueye|0 fnt\n|-unboost|p1a: Violence|spe|1\n|-unboost|p1a: Violence|def|1\n|-unboost|p1a: Violence|spd|1\n|faint|p2a: Decidueye\n|\n|upkeep\n|\n|t:|1700746349\n|switch|p2a: Froslass|Froslass, F|100\/100\n|turn|2\n|\n|t:|1700746362\n|switch|p2a: Chandelure|Chandelure, M|100\/100\n|move|p1a: Violence|V-create|p2a: Chandelure\n|-start|p2a: Chandelure|ability: Flash Fire\n|\n|upkeep\n|turn|3\n|\n|t:|1700746375\n|switch|p1a: Living Onsen|Volcanion|100\/100\n|move|p2a: Chandelure|Flamethrower|p1a: Living Onsen\n|-resisted|p1a: Living Onsen\n|-damage|p1a: Living Onsen|86\/100\n|\n|upkeep\n|turn|4\n|\n|t:|1700746388\n|-end|p2a: Chandelure|ability: Flash Fire|[silent]\n|switch|p2a: Froslass|Froslass, F|100\/100\n|move|p1a: Living Onsen|Steam Eruption|p2a: Froslass\n|-damage|p2a: Froslass|2\/100\n|\n|upkeep\n|turn|5\n|\n|t:|1700746397\n|switch|p1a: Easy Bake|Rotom-Heat|100\/100\n|move|p2a: Froslass|Destiny Bond|p2a: Froslass\n|-singlemove|p2a: Froslass|Destiny Bond\n|\n|upkeep\n|turn|6\n|\n|t:|1700746404\n|move|p2a: Froslass|Ice Beam|p1a: Easy Bake\n|-resisted|p1a: Easy Bake\n|-damage|p1a: Easy Bake|78\/100\n|move|p1a: Easy Bake|Volt Switch|p2a: Froslass\n|-damage|p2a: Froslass|0 fnt\n|-start|p1a: Easy Bake|Disable|Volt Switch|[from] ability: Cursed Body|[of] p2a: Froslass\n|faint|p2a: Froslass\n|\n|t:|1700746421\n|switch|p1a: Dragon Ballin'|Charizard, F|100\/100|[from] Volt Switch\n|\n|upkeep\n|\n|t:|1700746427\n|switch|p2a: Chandelure|Chandelure, M|100\/100\n|turn|7\n|\n|t:|1700746432\n|detailschange|p1a: Dragon Ballin'|Charizard-Mega-X, F\n|-mega|p1a: Dragon Ballin'|Charizard|Charizardite X\n|move|p2a: Chandelure|Shadow Ball|p1a: Dragon Ballin'\n|-damage|p1a: Dragon Ballin'|38\/100\n|move|p1a: Dragon Ballin'|Dragon Dance|p1a: Dragon Ballin'\n|-boost|p1a: Dragon Ballin'|atk|1\n|-boost|p1a: Dragon Ballin'|spe|1\n|\n|upkeep\n|turn|8\n|\n|t:|1700746441\n|move|p1a: Dragon Ballin'|Dragon Claw|p2a: Chandelure\n|-damage|p2a: Chandelure|0 fnt\n|faint|p2a: Chandelure\n|\n|upkeep\n|\n|t:|1700746447\n|switch|p2a: Mimikyu|Mimikyu, M|100\/100\n|turn|9\n|\n|t:|1700746450\n|move|p1a: Dragon Ballin'|Dual Wingbeat|p2a: Mimikyu\n|-activate|p2a: Mimikyu|ability: Disguise\n|-damage|p2a: Mimikyu|100\/100\n|detailschange|p2a: Mimikyu|Mimikyu-Busted, M\n|-damage|p2a: Mimikyu|88\/100|[from] pokemon: Mimikyu-Busted\n|-damage|p2a: Mimikyu|46\/100\n|-hitcount|p2a: Mimikyu|2\n|move|p2a: Mimikyu|Swords Dance|p2a: Mimikyu\n|-boost|p2a: Mimikyu|atk|2\n|\n|upkeep\n|turn|10\n|\n|t:|1700746464\n|move|p2a: Mimikyu|Shadow Sneak|p1a: Dragon Ballin'\n|-damage|p1a: Dragon Ballin'|0 fnt\n|faint|p1a: Dragon Ballin'\n|-damage|p2a: Mimikyu|36\/100|[from] item: Life Orb\n|\n|upkeep\n|\n|t:|1700746473\n|switch|p1a: Easy Bake|Rotom-Heat|78\/100\n|turn|11\n|\n|t:|1700746477\n|move|p2a: Mimikyu|Shadow Sneak|p1a: Easy Bake\n|-damage|p1a: Easy Bake|25\/100\n|-damage|p2a: Mimikyu|26\/100|[from] item: Life Orb\n|move|p1a: Easy Bake|Volt Switch|p2a: Mimikyu\n|-damage|p2a: Mimikyu|0 fnt\n|faint|p2a: Mimikyu\n|\n|t:|1700746487\n|switch|p1a: I Love Lamp|Chandelure, F, shiny|100\/100|[from] Volt Switch\n|\n|upkeep\n|\n|t:|1700746492\n|switch|p2a: Ceruledge|Ceruledge, F|100\/100\n|turn|12\n|\n|t:|1700746501\n|move|p2a: Ceruledge|Shadow Sneak|p1a: I Love Lamp\n|-supereffective|p1a: I Love Lamp\n|-damage|p1a: I Love Lamp|52\/100\n|move|p1a: I Love Lamp|Curse|p2a: Ceruledge\n|-start|p2a: Ceruledge|Curse|[of] p1a: I Love Lamp\n|-damage|p1a: I Love Lamp|2\/100\n|\n|-heal|p1a: I Love Lamp|9\/100|[from] item: Leftovers\n|-damage|p2a: Ceruledge|76\/100|[from] Curse\n|upkeep\n|turn|13\n|\n|t:|1700746512\n|move|p2a: Ceruledge|Shadow Sneak|p1a: I Love Lamp\n|-supereffective|p1a: I Love Lamp\n|-damage|p1a: I Love Lamp|0 fnt\n|faint|p1a: I Love Lamp\n|\n|-damage|p2a: Ceruledge|51\/100|[from] Curse\n|upkeep\n|\n|t:|1700746522\n|switch|p1a: Easy Bake|Rotom-Heat|25\/100\n|turn|14\n|\n|t:|1700746526\n|move|p2a: Ceruledge|Shadow Sneak|p1a: Easy Bake\n|-damage|p1a: Easy Bake|1\/100\n|move|p1a: Easy Bake|Volt Switch|p2a: Ceruledge\n|-damage|p2a: Ceruledge|18\/100\n|-enditem|p2a: Ceruledge|Salac Berry|[eat]\n|-boost|p2a: Ceruledge|spe|1|[from] item: Salac Berry\n|\n|t:|1700746534\n|switch|p1a: Violence|Victini|100\/100|[from] Volt Switch\n|\n|-damage|p2a: Ceruledge|0 fnt|[from] Curse\n|faint|p2a: Ceruledge\n|upkeep\n|\n|t:|1700746542\n|switch|p2a: Aegislash|Aegislash, M|100\/100\n|turn|15\n|\n|t:|1700746546\n|move|p2a: Aegislash|King's Shield|p2a: Aegislash\n|-singleturn|p2a: Aegislash|Protect\n|-zpower|p1a: Violence\n|move|p1a: Violence|Inferno Overdrive|p2a: Aegislash|[zeffect]\n|-supereffective|p2a: Aegislash\n|-zbroken|p2a: Aegislash\n|-damage|p2a: Aegislash|61\/100\n|\n|-heal|p2a: Aegislash|67\/100|[from] item: Leftovers\n|upkeep\n|turn|16\n|\n|t:|1700746560\n|-formechange|p2a: Aegislash|Aegislash-Blade||[from] ability: Stance Change\n|move|p2a: Aegislash|Shadow Sneak|p1a: Violence\n|-supereffective|p1a: Violence\n|-damage|p1a: Violence|51\/100\n|move|p1a: Violence|V-create|p2a: Aegislash\n|-supereffective|p2a: Aegislash\n|-damage|p2a: Aegislash|0 fnt\n|-unboost|p1a: Violence|spe|1\n|-unboost|p1a: Violence|def|1\n|-unboost|p1a: Violence|spd|1\n|faint|p2a: Aegislash\n|\n|win|steals many wives\n|raw|steals many wives's rating: 1042 &rarr; <strong>1074<\/strong><br \/>(+32 for winning)\n|raw|lighteater24's rating: 1023 &rarr; <strong>1010<\/strong><br \/>(-13 for losing)\n|l|\u2606lighteater24\n","uploadtime":1700746572,"views":0,"p1id":"stealsmanywives","p2id":"lighteater24","formatid":"gen9nationaldex","rating":1010,"private":0,"password":""}