{"id":"gen9nationaldex-1993611653","p1":"asugamingpoke","p2":"Rookiedoce","format":"[Gen 9] National Dex","log":"|j|\u2606asugamingpoke\n|j|\u2606Rookiedoce\n|inactive|Battle timer is ON: inactive players will automatically lose when time's up.\n|t:|1700337366\n|gametype|singles\n|player|p1|asugamingpoke|morty-masters2|\n|player|p2|Rookiedoce|cheren|\n|teamsize|p1|6\n|teamsize|p2|6\n|gen|9\n|tier|[Gen 9] National Dex\n|rated|Tournament battle\n|rule|HP Percentage Mod: HP is shown in percentages\n|rule|Endless Battle Clause: Forcing endless battles is banned\n|rule|OHKO Clause: OHKO moves are banned\n|rule|Evasion Clause: Evasion abilities, items, and moves are banned\n|rule|Evasion Abilities Clause: Evasion abilities are banned\n|rule|Evasion Items Clause: Evasion items are banned\n|rule|Evasion Moves Clause: Evasion moves are banned\n|rule|Species Clause: Limit one of each Pok\u00e9mon\n|rule|Sleep Clause Mod: Limit one foe put to sleep\n|clearpoke\n|poke|p1|Torterra, M|\n|poke|p1|Ribombee, F|\n|poke|p1|Manaphy|\n|poke|p1|Meowscarada, M|\n|poke|p1|Great Tusk|\n|poke|p1|Dragonite, F|\n|poke|p2|Lopunny, F|\n|poke|p2|Scream Tail|\n|poke|p2|Dondozo, M|\n|poke|p2|Gliscor, M|\n|poke|p2|Victini|\n|poke|p2|Great Tusk|\n|teampreview\n|c|\u2606asugamingpoke|glhf\n|c|\u2606Rookiedoce|glhf\n|inactive|Rookiedoce has 120 seconds left.\n|\n|t:|1700337400\n|start\n|switch|p1a: Ribombee|Ribombee, F|100\/100\n|switch|p2a: Gliscor|Gliscor, M|100\/100\n|turn|1\n|\n|t:|1700337410\n|move|p1a: Ribombee|Sticky Web|p2a: Gliscor\n|-sidestart|p2: Rookiedoce|move: Sticky Web\n|move|p2a: Gliscor|Swords Dance|p2a: Gliscor\n|-boost|p2a: Gliscor|atk|2\n|\n|-status|p2a: Gliscor|tox|[from] item: Toxic Orb\n|upkeep\n|turn|2\n|\n|t:|1700337417\n|move|p1a: Ribombee|Moonblast|p2a: Gliscor\n|-damage|p2a: Gliscor|66\/100 tox\n|-unboost|p2a: Gliscor|spa|1\n|move|p2a: Gliscor|Facade|p1a: Ribombee\n|-enditem|p1a: Ribombee|Focus Sash\n|-damage|p1a: Ribombee|1\/100\n|\n|-heal|p2a: Gliscor|78\/100 tox|[from] ability: Poison Heal\n|upkeep\n|turn|3\n|\n|t:|1700337428\n|move|p1a: Ribombee|Moonblast|p2a: Gliscor\n|-damage|p2a: Gliscor|44\/100 tox\n|move|p2a: Gliscor|Facade|p1a: Ribombee\n|-damage|p1a: Ribombee|0 fnt\n|faint|p1a: Ribombee\n|\n|-heal|p2a: Gliscor|56\/100 tox|[from] ability: Poison Heal\n|upkeep\n|\n|t:|1700337438\n|switch|p1a: Manaphy|Manaphy|100\/100\n|turn|4\n|\n|t:|1700337447\n|move|p1a: Manaphy|Ice Beam|p2a: Gliscor\n|-supereffective|p2a: Gliscor\n|-damage|p2a: Gliscor|0 fnt\n|faint|p2a: Gliscor\n|\n|upkeep\n|\n|t:|1700337456\n|switch|p2a: Great Tusk|Great Tusk|100\/100\n|-activate|p2a: Great Tusk|move: Sticky Web\n|-unboost|p2a: Great Tusk|spe|1\n|turn|5\n|\n|t:|1700337464\n|move|p1a: Manaphy|Scald|p2a: Great Tusk\n|-supereffective|p2a: Great Tusk\n|-damage|p2a: Great Tusk|17\/100\n|-status|p2a: Great Tusk|brn\n|move|p2a: Great Tusk|Rapid Spin|p1a: Manaphy\n|-damage|p1a: Manaphy|93\/100\n|-boost|p2a: Great Tusk|spe|1\n|-sideend|p2: Rookiedoce|Sticky Web|[from] move: Rapid Spin|[of] p2a: Great Tusk\n|\n|-heal|p2a: Great Tusk|23\/100 brn|[from] item: Leftovers\n|-damage|p2a: Great Tusk|17\/100 brn|[from] brn\n|upkeep\n|turn|6\n|\n|t:|1700337482\n|move|p1a: Manaphy|Tail Glow|p1a: Manaphy\n|-boost|p1a: Manaphy|spa|3\n|move|p2a: Great Tusk|Knock Off|p1a: Manaphy\n|-damage|p1a: Manaphy|79\/100\n|-enditem|p1a: Manaphy|Chesto Berry|[from] move: Knock Off|[of] p2a: Great Tusk\n|\n|-heal|p2a: Great Tusk|23\/100 brn|[from] item: Leftovers\n|-damage|p2a: Great Tusk|17\/100 brn|[from] brn\n|upkeep\n|turn|7\n|\n|t:|1700337493\n|move|p1a: Manaphy|Scald|p2a: Great Tusk\n|-supereffective|p2a: Great Tusk\n|-damage|p2a: Great Tusk|0 fnt\n|faint|p2a: Great Tusk\n|-end|p2a: Great Tusk|Protosynthesis|[silent]\n|\n|upkeep\n|inactive|Rookiedoce has 120 seconds left.\n|\n|t:|1700337516\n|switch|p2a: Victini|Victini|100\/100\n|turn|8\n|\n|t:|1700337525\n|move|p2a: Victini|Bolt Strike|p1a: Manaphy\n|-supereffective|p1a: Manaphy\n|-damage|p1a: Manaphy|8\/100\n|move|p1a: Manaphy|Scald|p2a: Victini\n|-supereffective|p2a: Victini\n|-damage|p2a: Victini|0 fnt\n|faint|p2a: Victini\n|\n|upkeep\n|\n|t:|1700337533\n|switch|p2a: Lopunny|Lopunny, F|100\/100\n|turn|9\n|\n|t:|1700337538\n|detailschange|p2a: Lopunny|Lopunny-Mega, F\n|-mega|p2a: Lopunny|Lopunny|Lopunnite\n|move|p2a: Lopunny|Fake Out|p1a: Manaphy\n|-damage|p1a: Manaphy|0 fnt\n|faint|p1a: Manaphy\n|\n|upkeep\n|\n|t:|1700337544\n|switch|p1a: Great Tusk|Great Tusk|100\/100\n|-enditem|p1a: Great Tusk|Booster Energy\n|-activate|p1a: Great Tusk|ability: Protosynthesis|[fromitem]\n|-start|p1a: Great Tusk|protosynthesisatk\n|turn|10\n|\n|t:|1700337556\n|move|p2a: Lopunny|Return|p1a: Great Tusk\n|-damage|p1a: Great Tusk|63\/100\n|move|p1a: Great Tusk|Bulk Up|p1a: Great Tusk\n|-boost|p1a: Great Tusk|atk|1\n|-boost|p1a: Great Tusk|def|1\n|\n|upkeep\n|turn|11\n|\n|t:|1700337564\n|move|p2a: Lopunny|Close Combat|p1a: Great Tusk\n|-damage|p1a: Great Tusk|31\/100\n|-unboost|p2a: Lopunny|def|1\n|-unboost|p2a: Lopunny|spd|1\n|move|p1a: Great Tusk|Headlong Rush|p2a: Lopunny\n|-damage|p2a: Lopunny|0 fnt\n|-unboost|p1a: Great Tusk|def|1\n|-unboost|p1a: Great Tusk|spd|1\n|faint|p2a: Lopunny\n|\n|upkeep\n|\n|t:|1700337581\n|switch|p2a: Dondozo|Dondozo, M|100\/100\n|turn|12\n|\n|t:|1700337589\n|move|p1a: Great Tusk|Close Combat|p2a: Dondozo\n|-damage|p2a: Dondozo|53\/100\n|-unboost|p1a: Great Tusk|def|1\n|-unboost|p1a: Great Tusk|spd|1\n|move|p2a: Dondozo|Liquidation|p1a: Great Tusk\n|-supereffective|p1a: Great Tusk\n|-damage|p1a: Great Tusk|0 fnt\n|faint|p1a: Great Tusk\n|-end|p1a: Great Tusk|Protosynthesis|[silent]\n|\n|-heal|p2a: Dondozo|59\/100|[from] item: Leftovers\n|upkeep\n|\n|t:|1700337596\n|switch|p1a: Torterra|Torterra, M|100\/100\n|turn|13\n|\n|t:|1700337607\n|-terastallize|p2a: Dondozo|Dragon\n|move|p1a: Torterra|Shell Smash|p1a: Torterra\n|-unboost|p1a: Torterra|def|1\n|-unboost|p1a: Torterra|spd|1\n|-boost|p1a: Torterra|atk|2\n|-boost|p1a: Torterra|spa|2\n|-boost|p1a: Torterra|spe|2\n|move|p2a: Dondozo|Curse|p2a: Dondozo\n|-unboost|p2a: Dondozo|spe|1\n|-boost|p2a: Dondozo|atk|1\n|-boost|p2a: Dondozo|def|1\n|\n|-heal|p2a: Dondozo|66\/100|[from] item: Leftovers\n|upkeep\n|turn|14\n|\n|t:|1700337621\n|move|p1a: Torterra|Rock Blast|p2a: Dondozo\n|-damage|p2a: Dondozo|63\/100\n|-damage|p2a: Dondozo|59\/100\n|-damage|p2a: Dondozo|56\/100\n|-damage|p2a: Dondozo|53\/100\n|-hitcount|p2a: Dondozo|4\n|move|p2a: Dondozo|Rest|p2a: Dondozo\n|-status|p2a: Dondozo|slp|[from] move: Rest\n|-heal|p2a: Dondozo|100\/100 slp|[silent]\n|\n|upkeep\n|turn|15\n|j| nodogsaleystay\n|\n|t:|1700337636\n|switch|p1a: Meowscarada|Meowscarada, M|100\/100\n|cant|p2a: Dondozo|slp\n|\n|upkeep\n|turn|16\n|\n|t:|1700337650\n|move|p1a: Meowscarada|Knock Off|p2a: Dondozo\n|-start|p1a: Meowscarada|typechange|Dark|[from] ability: Protean\n|-damage|p2a: Dondozo|81\/100 slp\n|-enditem|p2a: Dondozo|Leftovers|[from] move: Knock Off|[of] p1a: Meowscarada\n|cant|p2a: Dondozo|slp\n|\n|upkeep\n|turn|17\n|\n|t:|1700337671\n|move|p1a: Meowscarada|U-turn|p2a: Dondozo\n|-damage|p2a: Dondozo|73\/100 slp\n|\n|t:|1700337677\n|switch|p1a: Dragonite|Dragonite, F|100\/100|[from] U-turn\n|-curestatus|p2a: Dondozo|slp|[msg]\n|move|p2a: Dondozo|Curse|p2a: Dondozo\n|-unboost|p2a: Dondozo|spe|1\n|-boost|p2a: Dondozo|atk|1\n|-boost|p2a: Dondozo|def|1\n|\n|upkeep\n|turn|18\n|\n|t:|1700337684\n|move|p1a: Dragonite|Dragon Dance|p1a: Dragonite\n|-boost|p1a: Dragonite|atk|1\n|-boost|p1a: Dragonite|spe|1\n|move|p2a: Dondozo|Liquidation|p1a: Dragonite\n|-resisted|p1a: Dragonite\n|-damage|p1a: Dragonite|86\/100\n|\n|upkeep\n|turn|19\n|\n|t:|1700337692\n|move|p1a: Dragonite|Dual Wingbeat|p2a: Dondozo|[miss]\n|-miss|p1a: Dragonite|p2a: Dondozo\n|move|p2a: Dondozo|Liquidation|p1a: Dragonite\n|-resisted|p1a: Dragonite\n|-damage|p1a: Dragonite|55\/100\n|-unboost|p1a: Dragonite|def|1\n|\n|upkeep\n|turn|20\n|\n|t:|1700337701\n|move|p1a: Dragonite|Dual Wingbeat|p2a: Dondozo\n|-damage|p2a: Dondozo|66\/100\n|-damage|p2a: Dondozo|58\/100\n|-hitcount|p2a: Dondozo|2\n|move|p2a: Dondozo|Liquidation|p1a: Dragonite\n|-resisted|p1a: Dragonite\n|-damage|p1a: Dragonite|24\/100\n|\n|upkeep\n|turn|21\n|\n|t:|1700337711\n|move|p1a: Dragonite|Dual Wingbeat|p2a: Dondozo|[miss]\n|-miss|p1a: Dragonite|p2a: Dondozo\n|move|p2a: Dondozo|Liquidation|p1a: Dragonite\n|-resisted|p1a: Dragonite\n|-crit|p1a: Dragonite\n|-damage|p1a: Dragonite|0 fnt\n|faint|p1a: Dragonite\n|\n|upkeep\n|\n|t:|1700337722\n|switch|p1a: Torterra|Torterra, M|100\/100\n|turn|22\n|\n|t:|1700337729\n|move|p1a: Torterra|Rock Blast|p2a: Dondozo\n|-damage|p2a: Dondozo|56\/100\n|-damage|p2a: Dondozo|53\/100\n|-damage|p2a: Dondozo|51\/100\n|-damage|p2a: Dondozo|48\/100\n|-hitcount|p2a: Dondozo|4\n|move|p2a: Dondozo|Curse|p2a: Dondozo\n|-unboost|p2a: Dondozo|spe|1\n|-boost|p2a: Dondozo|atk|1\n|-boost|p2a: Dondozo|def|1\n|\n|upkeep\n|turn|23\n|\n|t:|1700337740\n|move|p1a: Torterra|Rock Blast|p2a: Dondozo\n|-damage|p2a: Dondozo|46\/100\n|-damage|p2a: Dondozo|44\/100\n|-damage|p2a: Dondozo|41\/100\n|-damage|p2a: Dondozo|39\/100\n|-hitcount|p2a: Dondozo|4\n|move|p2a: Dondozo|Rest|p2a: Dondozo\n|-status|p2a: Dondozo|slp|[from] move: Rest\n|-heal|p2a: Dondozo|100\/100 slp|[silent]\n|\n|upkeep\n|turn|24\n|\n|t:|1700337757\n|switch|p1a: Meowscarada|Meowscarada, M|100\/100\n|cant|p2a: Dondozo|slp\n|\n|upkeep\n|turn|25\n|\n|t:|1700337763\n|move|p1a: Meowscarada|Flower Trick|p2a: Dondozo\n|-start|p1a: Meowscarada|typechange|Grass|[from] ability: Protean\n|-resisted|p2a: Dondozo\n|-crit|p2a: Dondozo\n|-damage|p2a: Dondozo|86\/100 slp\n|cant|p2a: Dondozo|slp\n|\n|upkeep\n|turn|26\n|\n|t:|1700337770\n|move|p1a: Meowscarada|Flower Trick|p2a: Dondozo\n|-resisted|p2a: Dondozo\n|-crit|p2a: Dondozo\n|-damage|p2a: Dondozo|73\/100 slp\n|-curestatus|p2a: Dondozo|slp|[msg]\n|move|p2a: Dondozo|Liquidation|p1a: Meowscarada\n|-resisted|p1a: Meowscarada\n|-damage|p1a: Meowscarada|40\/100\n|-unboost|p1a: Meowscarada|def|1\n|\n|upkeep\n|turn|27\n|\n|t:|1700337783\n|move|p1a: Meowscarada|Flower Trick|p2a: Dondozo\n|-resisted|p2a: Dondozo\n|-crit|p2a: Dondozo\n|-damage|p2a: Dondozo|59\/100\n|move|p2a: Dondozo|Liquidation|p1a: Meowscarada\n|-resisted|p1a: Meowscarada\n|-damage|p1a: Meowscarada|0 fnt\n|faint|p1a: Meowscarada\n|\n|upkeep\n|\n|t:|1700337787\n|switch|p1a: Torterra|Torterra, M|100\/100\n|turn|28\n|\n|t:|1700337794\n|move|p1a: Torterra|Shell Smash|p1a: Torterra\n|-unboost|p1a: Torterra|def|1\n|-unboost|p1a: Torterra|spd|1\n|-boost|p1a: Torterra|atk|2\n|-boost|p1a: Torterra|spa|2\n|-boost|p1a: Torterra|spe|2\n|move|p2a: Dondozo|Liquidation|p1a: Torterra\n|-damage|p1a: Torterra|23\/100\n|\n|upkeep\n|turn|29\n|\n|t:|1700337802\n|-terastallize|p1a: Torterra|Rock\n|move|p1a: Torterra|Rock Blast|p2a: Dondozo\n|-damage|p2a: Dondozo|56\/100\n|-damage|p2a: Dondozo|53\/100\n|-damage|p2a: Dondozo|50\/100\n|-damage|p2a: Dondozo|47\/100\n|-hitcount|p2a: Dondozo|4\n|move|p2a: Dondozo|Liquidation|p1a: Torterra\n|-supereffective|p1a: Torterra\n|-damage|p1a: Torterra|0 fnt\n|faint|p1a: Torterra\n|\n|win|Rookiedoce\n|n|\u2606asugamingpoke|asugamingpoke\n|n|\u2606Rookiedoce|rookiedoce\n|n| nodogsaleystay|nodogsaleystay\n","uploadtime":1700337805,"views":6,"p1id":"asugamingpoke","p2id":"rookiedoce","formatid":"gen9nationaldex","rating":0,"private":0,"password":""}