{"id":"gen9nationaldex-1994481538","p1":"Dumbgimmic.png","p2":"Abrazzzzzzzzy","format":"[Gen 9] National Dex","log":"|j|\u2606Dumbgimmic.png\n|j|\u2606Abrazzzzzzzzy\n|t:|1700448968\n|gametype|singles\n|player|p1|Dumbgimmic.png|lady-gen4|1102\n|player|p2|Abrazzzzzzzzy|cowgirl|1000\n|teamsize|p1|6\n|teamsize|p2|6\n|gen|9\n|tier|[Gen 9] National Dex\n|rated|\n|rule|HP Percentage Mod: HP is shown in percentages\n|rule|Endless Battle Clause: Forcing endless battles is banned\n|rule|OHKO Clause: OHKO moves are banned\n|rule|Evasion Clause: Evasion abilities, items, and moves are banned\n|rule|Evasion Abilities Clause: Evasion abilities are banned\n|rule|Evasion Items Clause: Evasion items are banned\n|rule|Evasion Moves Clause: Evasion moves are banned\n|rule|Species Clause: Limit one of each Pok\u00e9mon\n|rule|Sleep Clause Mod: Limit one foe put to sleep\n|clearpoke\n|poke|p1|Scizor, M|\n|poke|p1|Nihilego|\n|poke|p1|Moltres-Galar|\n|poke|p1|Iron Jugulis|\n|poke|p1|Cinderace, F|\n|poke|p1|Zoroark-Hisui, M|\n|poke|p2|Heatran, M|\n|poke|p2|Bruxish, M|\n|poke|p2|Munkidori, M|\n|poke|p2|Enamorus, F|\n|poke|p2|Spiritomb, M|\n|poke|p2|Cradily, M|\n|teampreview\n|\n|t:|1700448988\n|start\n|switch|p1a: Iron Jugulis|Iron Jugulis|100\/100\n|switch|p2a: Cradily|Cradily, M|100\/100\n|-enditem|p1a: Iron Jugulis|Booster Energy\n|-activate|p1a: Iron Jugulis|ability: Quark Drive|[fromitem]\n|-start|p1a: Iron Jugulis|quarkdrivespe\n|turn|1\n|\n|t:|1700448998\n|move|p1a: Iron Jugulis|Hurricane|p2a: Cradily\n|-crit|p2a: Cradily\n|-damage|p2a: Cradily|52\/100\n|move|p2a: Cradily|Leech Seed|p1a: Iron Jugulis\n|-start|p1a: Iron Jugulis|move: Leech Seed\n|\n|-heal|p2a: Cradily|58\/100|[from] item: Leftovers\n|-damage|p1a: Iron Jugulis|88\/100|[from] Leech Seed|[of] p2a: Cradily\n|-heal|p2a: Cradily|69\/100|[silent]\n|upkeep\n|turn|2\n|\n|t:|1700449012\n|move|p1a: Iron Jugulis|Hurricane|p2a: Cradily\n|-damage|p2a: Cradily|37\/100\n|-start|p2a: Cradily|confusion\n|-activate|p2a: Cradily|confusion\n|-damage|p2a: Cradily|31\/100|[from] confusion\n|\n|-heal|p2a: Cradily|37\/100|[from] item: Leftovers\n|-damage|p1a: Iron Jugulis|76\/100|[from] Leech Seed|[of] p2a: Cradily\n|-heal|p2a: Cradily|48\/100|[silent]\n|upkeep\n|turn|3\n|\n|t:|1700449022\n|move|p1a: Iron Jugulis|Hurricane|p2a: Cradily|[miss]\n|-miss|p1a: Iron Jugulis|p2a: Cradily\n|-end|p2a: Cradily|confusion\n|move|p2a: Cradily|Recover|p2a: Cradily\n|-heal|p2a: Cradily|98\/100\n|\n|-heal|p2a: Cradily|100\/100|[from] item: Leftovers\n|-damage|p1a: Iron Jugulis|63\/100|[from] Leech Seed|[of] p2a: Cradily\n|upkeep\n|turn|4\n|\n|t:|1700449043\n|-end|p1a: Iron Jugulis|Quark Drive|[silent]\n|switch|p1a: Nihilego|Nihilego|100\/100\n|move|p2a: Cradily|Ancient Power|p1a: Nihilego\n|-damage|p1a: Nihilego|87\/100\n|\n|upkeep\n|turn|5\n|\n|t:|1700449050\n|move|p1a: Nihilego|Sludge Wave|p2a: Cradily\n|-damage|p2a: Cradily|68\/100\n|move|p2a: Cradily|Leech Seed|p1a: Nihilego\n|-start|p1a: Nihilego|move: Leech Seed\n|\n|-heal|p2a: Cradily|74\/100|[from] item: Leftovers\n|-damage|p1a: Nihilego|75\/100|[from] Leech Seed|[of] p2a: Cradily\n|-heal|p2a: Cradily|86\/100|[silent]\n|upkeep\n|turn|6\n|-message|Dumbgimmic.png forfeited.\n|\n|win|Abrazzzzzzzzy\n|raw|Dumbgimmic.png's rating: 1102 &rarr; <strong>1070<\/strong><br \/>(-32 for losing)\n|raw|Abrazzzzzzzzy's rating: 1000 &rarr; <strong>1051<\/strong><br \/>(+51 for winning)\n|l|\u2606Dumbgimmic.png\n","uploadtime":1700449068,"views":5,"p1id":"dumbgimmicpng","p2id":"abrazzzzzzzzy","formatid":"gen9nationaldex","rating":1051,"private":0,"password":""}