{"id":"gen9nationaldex-1993765134","p1":"zdlzdlxs","p2":"NotAmazingYT","format":"[Gen 9] National Dex","log":"|j|\u2606zdlzdlxs\n|j|\u2606NotAmazingYT\n|t:|1700354578\n|gametype|singles\n|player|p1|zdlzdlxs|2|1213\n|player|p2|NotAmazingYT|cynthia-gen4|1224\n|teamsize|p1|6\n|teamsize|p2|6\n|gen|9\n|tier|[Gen 9] National Dex\n|rated|\n|rule|HP Percentage Mod: HP is shown in percentages\n|rule|Endless Battle Clause: Forcing endless battles is banned\n|rule|OHKO Clause: OHKO moves are banned\n|rule|Evasion Clause: Evasion abilities, items, and moves are banned\n|rule|Evasion Abilities Clause: Evasion abilities are banned\n|rule|Evasion Items Clause: Evasion items are banned\n|rule|Evasion Moves Clause: Evasion moves are banned\n|rule|Species Clause: Limit one of each Pok\u00e9mon\n|rule|Sleep Clause Mod: Limit one foe put to sleep\n|clearpoke\n|poke|p1|Shiftry, M|\n|poke|p1|Iron Moth|\n|poke|p1|Rillaboom, F|\n|poke|p1|Brambleghast, F|\n|poke|p1|Sneasler, F|\n|poke|p1|Iron Valiant|\n|poke|p2|Garchomp, F|\n|poke|p2|Gliscor, M|\n|poke|p2|Zoroark-Hisui, M|\n|poke|p2|Weavile, M|\n|poke|p2|Heatran, M|\n|poke|p2|Manaphy|\n|teampreview\n|inactive|Battle timer is ON: inactive players will automatically lose when time's up. (requested by zdlzdlxs)\n|\n|t:|1700354611\n|start\n|switch|p1a: Iron Valiant|Iron Valiant|100\/100\n|switch|p2a: Heatran|Heatran, M|100\/100\n|turn|1\n|\n|t:|1700354627\n|-terastallize|p2a: Heatran|Flying\n|move|p1a: Iron Valiant|Calm Mind|p1a: Iron Valiant\n|-boost|p1a: Iron Valiant|spa|1\n|-boost|p1a: Iron Valiant|spd|1\n|move|p2a: Heatran|Stealth Rock|p1a: Iron Valiant\n|-sidestart|p1: zdlzdlxs|move: Stealth Rock\n|\n|upkeep\n|turn|2\n|\n|t:|1700354636\n|move|p1a: Iron Valiant|Thunderbolt|p2a: Heatran\n|-supereffective|p2a: Heatran\n|-damage|p2a: Heatran|39\/100\n|move|p2a: Heatran|Taunt|p1a: Iron Valiant\n|-start|p1a: Iron Valiant|move: Taunt\n|\n|-heal|p2a: Heatran|45\/100|[from] item: Leftovers\n|upkeep\n|turn|3\n|\n|t:|1700354646\n|switch|p2a: Gliscor|Gliscor, M|100\/100\n|move|p1a: Iron Valiant|Thunderbolt|p2a: Gliscor\n|-immune|p2a: Gliscor\n|\n|-status|p2a: Gliscor|tox|[from] item: Toxic Orb\n|upkeep\n|turn|4\n|\n|t:|1700354658\n|move|p1a: Iron Valiant|Moonblast|p2a: Gliscor\n|-damage|p2a: Gliscor|10\/100 tox\n|move|p2a: Gliscor|Toxic|p1a: Iron Valiant\n|-status|p1a: Iron Valiant|tox\n|\n|-damage|p1a: Iron Valiant|94\/100 tox|[from] psn\n|-heal|p2a: Gliscor|22\/100 tox|[from] ability: Poison Heal\n|upkeep\n|turn|5\n|\n|t:|1700354678\n|-end|p1a: Iron Valiant|Quark Drive|[silent]\n|switch|p1a: Shiftry|Shiftry, M|100\/100\n|-damage|p1a: Shiftry|88\/100|[from] Stealth Rock\n|switch|p2a: Manaphy|Manaphy|100\/100\n|\n|upkeep\n|turn|6\n|\n|t:|1700354688\n|move|p2a: Manaphy|Tail Glow|p2a: Manaphy\n|-boost|p2a: Manaphy|spa|3\n|move|p1a: Shiftry|Tailwind|p1a: Shiftry\n|-sidestart|p1: zdlzdlxs|move: Tailwind\n|-ability|p1a: Shiftry|Wind Rider|boost\n|-boost|p1a: Shiftry|atk|1\n|\n|upkeep\n|turn|7\n|\n|t:|1700354695\n|move|p1a: Shiftry|Explosion|p2a: Manaphy\n|-damage|p2a: Manaphy|15\/100\n|-enditem|p2a: Manaphy|Salac Berry|[eat]\n|-boost|p2a: Manaphy|spe|1|[from] item: Salac Berry\n|faint|p1a: Shiftry\n|move|p2a: Manaphy|Dazzling Gleam|p1: Shiftry|[notarget]\n|-fail|p2a: Manaphy\n|\n|upkeep\n|\n|t:|1700354702\n|switch|p1a: Brambleghast|Brambleghast, F|100\/100\n|-damage|p1a: Brambleghast|88\/100|[from] Stealth Rock\n|-ability|p1a: Brambleghast|Wind Rider|boost\n|-boost|p1a: Brambleghast|atk|1\n|turn|8\n|\n|t:|1700354713\n|move|p1a: Brambleghast|Power Whip|p2a: Manaphy\n|-supereffective|p2a: Manaphy\n|-damage|p2a: Manaphy|0 fnt\n|faint|p2a: Manaphy\n|\n|upkeep\n|\n|t:|1700354727\n|switch|p2a: Weavile|Weavile, M|100\/100\n|turn|9\n|\n|t:|1700354737\n|move|p1a: Brambleghast|Power Whip|p2a: Weavile\n|-damage|p2a: Weavile|0 fnt\n|replace|p2a: Zoroark|Zoroark-Hisui, M\n|-end|p2a: Zoroark|Illusion\n|faint|p2a: Zoroark\n|\n|-sideend|p1: zdlzdlxs|move: Tailwind\n|upkeep\n|\n|t:|1700354751\n|switch|p2a: Weavile|Weavile, M|100\/100\n|-ability|p2a: Weavile|Pressure\n|turn|10\n|\n|t:|1700354764\n|switch|p1a: Iron Moth|Iron Moth|100\/100\n|-damage|p1a: Iron Moth|76\/100|[from] Stealth Rock\n|-enditem|p1a: Iron Moth|Booster Energy\n|-activate|p1a: Iron Moth|ability: Quark Drive|[fromitem]\n|-start|p1a: Iron Moth|quarkdrivespe\n|move|p2a: Weavile|Triple Axel|p1a: Iron Moth\n|-resisted|p1a: Iron Moth\n|-damage|p1a: Iron Moth|65\/100\n|-resisted|p1a: Iron Moth\n|-damage|p1a: Iron Moth|44\/100\n|-resisted|p1a: Iron Moth\n|-damage|p1a: Iron Moth|11\/100\n|-hitcount|p1a: Iron Moth|3\n|\n|upkeep\n|turn|11\n|inactive|NotAmazingYT has 120 seconds left.\n|\n|t:|1700354795\n|switch|p2a: Heatran|Heatran, M, tera:Flying|45\/100\n|move|p1a: Iron Moth|Fiery Dance|p2a: Heatran\n|-start|p2a: Heatran|ability: Flash Fire\n|\n|-heal|p2a: Heatran|52\/100|[from] item: Leftovers\n|upkeep\n|turn|12\n|inactive|NotAmazingYT has 120 seconds left.\n|\n|t:|1700354808\n|move|p1a: Iron Moth|Sludge Wave|p2a: Heatran\n|-damage|p2a: Heatran|20\/100\n|move|p2a: Heatran|Earth Power|p1a: Iron Moth\n|-supereffective|p1a: Iron Moth\n|-damage|p1a: Iron Moth|0 fnt\n|faint|p1a: Iron Moth\n|-end|p1a: Iron Moth|Quark Drive|[silent]\n|\n|-heal|p2a: Heatran|27\/100|[from] item: Leftovers\n|upkeep\n|\n|t:|1700354817\n|switch|p1a: Iron Valiant|Iron Valiant|94\/100 tox\n|-damage|p1a: Iron Valiant|88\/100 tox|[from] Stealth Rock\n|turn|13\n|\n|t:|1700354825\n|move|p1a: Iron Valiant|Moonblast|p2a: Heatran\n|-damage|p2a: Heatran|0 fnt\n|faint|p2a: Heatran\n|\n|-damage|p1a: Iron Valiant|82\/100 tox|[from] psn\n|upkeep\n|\n|t:|1700354833\n|switch|p2a: Weavile|Weavile, M|100\/100\n|-ability|p2a: Weavile|Pressure\n|turn|14\n|\n|t:|1700354841\n|move|p2a: Weavile|Triple Axel|p1a: Iron Valiant\n|-damage|p1a: Iron Valiant|63\/100 tox\n|-damage|p1a: Iron Valiant|25\/100 tox\n|-damage|p1a: Iron Valiant|0 fnt\n|faint|p1a: Iron Valiant\n|-end|p1a: Iron Valiant|Quark Drive|[silent]\n|-hitcount|p1: Iron Valiant|3\n|\n|upkeep\n|\n|t:|1700354845\n|switch|p1a: Rillaboom|Rillaboom, F|100\/100\n|-damage|p1a: Rillaboom|88\/100|[from] Stealth Rock\n|-fieldstart|move: Grassy Terrain|[from] ability: Grassy Surge|[of] p1a: Rillaboom\n|turn|15\n|\n|t:|1700354855\n|move|p1a: Rillaboom|Grassy Glide|p2a: Weavile\n|-damage|p2a: Weavile|26\/100\n|move|p2a: Weavile|Triple Axel|p1a: Rillaboom\n|-supereffective|p1a: Rillaboom\n|-damage|p1a: Rillaboom|61\/100\n|-supereffective|p1a: Rillaboom\n|-damage|p1a: Rillaboom|5\/100\n|-supereffective|p1a: Rillaboom\n|-damage|p1a: Rillaboom|0 fnt\n|faint|p1a: Rillaboom\n|-hitcount|p1: Rillaboom|3\n|\n|-heal|p2a: Weavile|33\/100|[from] Grassy Terrain\n|upkeep\n|\n|t:|1700354862\n|switch|p1a: Brambleghast|Brambleghast, F|88\/100\n|-damage|p1a: Brambleghast|76\/100|[from] Stealth Rock\n|turn|16\n|\n|t:|1700354876\n|move|p1a: Brambleghast|Grassy Glide|p2a: Weavile\n|-damage|p2a: Weavile|0 fnt\n|faint|p2a: Weavile\n|\n|-heal|p1a: Brambleghast|82\/100|[from] Grassy Terrain\n|upkeep\n|\n|t:|1700354884\n|switch|p2a: Gliscor|Gliscor, M|22\/100 tox\n|turn|17\n|\n|t:|1700354889\n|move|p1a: Brambleghast|Grassy Glide|p2a: Gliscor\n|-damage|p2a: Gliscor|0 fnt\n|faint|p2a: Gliscor\n|\n|-heal|p1a: Brambleghast|88\/100|[from] Grassy Terrain\n|upkeep\n|\n|t:|1700354894\n|switch|p2a: Garchomp|Garchomp, F|100\/100\n|turn|18\n|\n|t:|1700354903\n|detailschange|p2a: Garchomp|Garchomp-Mega, F\n|-mega|p2a: Garchomp|Garchomp|Garchompite\n|move|p1a: Brambleghast|Grassy Glide|p2a: Garchomp\n|-damage|p2a: Garchomp|57\/100\n|move|p2a: Garchomp|Scale Shot|p1a: Brambleghast\n|-crit|p1a: Brambleghast\n|-damage|p1a: Brambleghast|36\/100\n|-damage|p1a: Brambleghast|4\/100\n|-damage|p1a: Brambleghast|0 fnt\n|faint|p1a: Brambleghast\n|-hitcount|p1: Brambleghast|3\n|-unboost|p2a: Garchomp|def|1\n|-boost|p2a: Garchomp|spe|1\n|\n|-heal|p2a: Garchomp|63\/100|[from] Grassy Terrain\n|upkeep\n|\n|t:|1700354911\n|switch|p1a: Sneasler|Sneasler, F|100\/100\n|-damage|p1a: Sneasler|95\/100|[from] Stealth Rock\n|-enditem|p1a: Sneasler|Grassy Seed\n|-boost|p1a: Sneasler|def|1|[from] item: Grassy Seed\n|turn|19\n|\n|t:|1700354921\n|-terastallize|p1a: Sneasler|Flying\n|move|p1a: Sneasler|Acrobatics|p2a: Garchomp\n|-damage|p2a: Garchomp|0 fnt\n|faint|p2a: Garchomp\n|\n|win|zdlzdlxs\n|raw|zdlzdlxs's rating: 1213 &rarr; <strong>1239<\/strong><br \/>(+26 for winning)\n|raw|NotAmazingYT's rating: 1224 &rarr; <strong>1198<\/strong><br \/>(-26 for losing)\n|l|\u2606zdlzdlxs\n|c|\u2606NotAmazingYT|gg\n","uploadtime":1700354943,"views":7,"p1id":"zdlzdlxs","p2id":"notamazingyt","formatid":"gen9nationaldex","rating":1198,"private":0,"password":""}