{"id":"gen9nationaldex-1993593411","p1":"time tematico","p2":"grenczovolfi","format":"[Gen 9] National Dex","log":"|j|\u2606time tematico\n|j|\u2606grenczovolfi\n|t:|1700335399\n|gametype|singles\n|player|p1|time tematico|265|1007\n|player|p2|grenczovolfi|ash-hoenn|1015\n|teamsize|p1|6\n|teamsize|p2|6\n|gen|9\n|tier|[Gen 9] National Dex\n|rated|\n|rule|HP Percentage Mod: HP is shown in percentages\n|rule|Endless Battle Clause: Forcing endless battles is banned\n|rule|OHKO Clause: OHKO moves are banned\n|rule|Evasion Clause: Evasion abilities, items, and moves are banned\n|rule|Evasion Abilities Clause: Evasion abilities are banned\n|rule|Evasion Items Clause: Evasion items are banned\n|rule|Evasion Moves Clause: Evasion moves are banned\n|rule|Species Clause: Limit one of each Pok\u00e9mon\n|rule|Sleep Clause Mod: Limit one foe put to sleep\n|clearpoke\n|poke|p1|Amoonguss, M|\n|poke|p1|Ninetales-Alola, M|\n|poke|p1|Dragonite, F|\n|poke|p1|Rhyperior, M|\n|poke|p1|Eelektross, F|\n|poke|p1|Infernape, F|\n|poke|p2|Eevee, M|\n|poke|p2|Blaziken, M|\n|poke|p2|Tropius, F|\n|poke|p2|Glalie, F|\n|poke|p2|Salamence, M|\n|poke|p2|Gardevoir, F|\n|teampreview\n|\n|t:|1700335407\n|start\n|switch|p1a: R|Rhyperior, M|100\/100\n|switch|p2a: Salamence|Salamence, M|100\/100\n|-ability|p2a: Salamence|Intimidate|boost\n|-unboost|p1a: R|atk|1\n|turn|1\n|\n|t:|1700335420\n|-terastallize|p2a: Salamence|Dragon\n|move|p2a: Salamence|Earthquake|p1a: R\n|-supereffective|p1a: R\n|-damage|p1a: R|73\/100\n|move|p1a: R|Stealth Rock|p2a: Salamence\n|-sidestart|p2: grenczovolfi|move: Stealth Rock\n|\n|upkeep\n|turn|2\n|\n|t:|1700335428\n|move|p2a: Salamence|Earthquake|p1a: R\n|-supereffective|p1a: R\n|-damage|p1a: R|45\/100\n|move|p1a: R|Curse|p1a: R\n|-unboost|p1a: R|spe|1\n|-boost|p1a: R|atk|1\n|-boost|p1a: R|def|1\n|\n|upkeep\n|turn|3\n|\n|t:|1700335437\n|move|p2a: Salamence|Earthquake|p1a: R\n|-supereffective|p1a: R\n|-damage|p1a: R|28\/100\n|move|p1a: R|Stone Edge|p2a: Salamence|[miss]\n|-miss|p1a: R|p2a: Salamence\n|\n|upkeep\n|turn|4\n|\n|t:|1700335446\n|move|p2a: Salamence|Earthquake|p1a: R\n|-supereffective|p1a: R\n|-damage|p1a: R|10\/100\n|move|p1a: R|Stone Edge|p2a: Salamence|[miss]\n|-miss|p1a: R|p2a: Salamence\n|\n|upkeep\n|turn|5\n|-enditem|p1a: R|Custap Berry|[eat]\n|-activate|p1a: R|item: Custap Berry|[consumed]\n|\n|t:|1700335454\n|move|p1a: R|Stone Edge|p2a: Salamence\n|-damage|p2a: Salamence|36\/100\n|move|p2a: Salamence|Earthquake|p1a: R\n|-supereffective|p1a: R\n|-damage|p1a: R|0 fnt\n|faint|p1a: R\n|\n|upkeep\n|\n|t:|1700335465\n|switch|p1a: N|Ninetales-Alola, M|100\/100\n|-weather|Snow|[from] ability: Snow Warning|[of] p1a: N\n|turn|6\n|\n|t:|1700335469\n|move|p2a: Salamence|Flamethrower|p1a: N\n|-supereffective|p1a: N\n|-damage|p1a: N|52\/100\n|move|p1a: N|Aurora Veil|p1a: N\n|-sidestart|p1: time tematico|move: Aurora Veil\n|\n|-weather|Snow|[upkeep]\n|upkeep\n|turn|7\n|\n|t:|1700335481\n|move|p2a: Salamence|Flamethrower|p1a: N\n|-supereffective|p1a: N\n|-damage|p1a: N|24\/100\n|-status|p1a: N|brn\n|move|p1a: N|Blizzard|p2a: Salamence\n|-supereffective|p2a: Salamence\n|-damage|p2a: Salamence|0 fnt\n|faint|p2a: Salamence\n|\n|-weather|Snow|[upkeep]\n|-damage|p1a: N|18\/100 brn|[from] brn\n|upkeep\n|\n|t:|1700335485\n|switch|p2a: Blaziken|Blaziken, M|100\/100\n|turn|8\n|\n|t:|1700335498\n|switch|p1a: D|Dragonite, F|100\/100\n|move|p2a: Blaziken|Flamethrower|p1a: D\n|-resisted|p1a: D\n|-damage|p1a: D|96\/100\n|\n|-weather|Snow|[upkeep]\n|-ability|p2a: Blaziken|Speed Boost|boost\n|-boost|p2a: Blaziken|spe|1\n|upkeep\n|turn|9\n|\n|t:|1700335506\n|move|p2a: Blaziken|Knock Off|p1a: D\n|-damage|p1a: D|79\/100\n|-enditem|p1a: D|Weakness Policy|[from] move: Knock Off|[of] p2a: Blaziken\n|move|p1a: D|Dual Wingbeat|p2a: Blaziken\n|-supereffective|p2a: Blaziken\n|-damage|p2a: Blaziken|16\/100\n|-supereffective|p2a: Blaziken\n|-damage|p2a: Blaziken|0 fnt\n|faint|p2a: Blaziken\n|-hitcount|p2: Blaziken|2\n|\n|-weather|Snow|[upkeep]\n|upkeep\n|\n|t:|1700335510\n|switch|p2a: Glalie|Glalie, F|100\/100\n|-damage|p2a: Glalie|76\/100|[from] Stealth Rock\n|turn|10\n|\n|t:|1700335525\n|switch|p1a: N|Ninetales-Alola, M|18\/100 brn\n|detailschange|p2a: Glalie|Glalie-Mega, F\n|-mega|p2a: Glalie|Glalie|Glalitite\n|move|p2a: Glalie|Freeze-Dry|p1a: N\n|-resisted|p1a: N\n|-damage|p1a: N|8\/100 brn\n|\n|-weather|none\n|-damage|p1a: N|2\/100 brn|[from] brn\n|upkeep\n|turn|11\n|\n|t:|1700335535\n|move|p2a: Glalie|Shadow Ball|p1a: N\n|-damage|p1a: N|0 fnt\n|faint|p1a: N\n|\n|upkeep\n|\n|t:|1700335542\n|switch|p1a: I|Infernape, F|100\/100\n|turn|12\n|\n|t:|1700335545\n|switch|p2a: Eevee|Eevee, M|100\/100\n|-damage|p2a: Eevee|88\/100|[from] Stealth Rock\n|-ability|p2a: Eevee|Anticipation\n|move|p1a: I|Swords Dance|p1a: I\n|-boost|p1a: I|atk|2\n|\n|upkeep\n|turn|13\n|\n|t:|1700335553\n|move|p1a: I|Swords Dance|p1a: I\n|-boost|p1a: I|atk|2\n|move|p2a: Eevee|Shadow Ball|p1a: I\n|-damage|p1a: I|93\/100\n|\n|-sideend|p1: time tematico|move: Aurora Veil\n|upkeep\n|turn|14\n|\n|t:|1700335559\n|move|p2a: Eevee|Quick Attack|p1a: I\n|-damage|p1a: I|70\/100\n|move|p1a: I|Swords Dance|p1a: I\n|-boost|p1a: I|atk|2\n|\n|upkeep\n|turn|15\n|\n|t:|1700335565\n|move|p1a: I|Mach Punch|p2a: Eevee\n|-supereffective|p2a: Eevee\n|-damage|p2a: Eevee|0 fnt\n|faint|p2a: Eevee\n|\n|upkeep\n|\n|t:|1700335567\n|switch|p2a: Tropius|Tropius, F|100\/100\n|-damage|p2a: Tropius|76\/100|[from] Stealth Rock\n|turn|16\n|\n|t:|1700335573\n|move|p1a: I|Fire Punch|p2a: Tropius\n|-supereffective|p2a: Tropius\n|-damage|p2a: Tropius|0 fnt\n|faint|p2a: Tropius\n|\n|upkeep\n|\n|t:|1700335576\n|switch|p2a: Gardevoir|Gardevoir, F|100\/100\n|-damage|p2a: Gardevoir|88\/100|[from] Stealth Rock\n|turn|17\n|\n|t:|1700335581\n|move|p1a: I|Fire Punch|p2a: Gardevoir\n|-damage|p2a: Gardevoir|0 fnt\n|-damage|p1a: I|54\/100|[from] item: Rocky Helmet|[of] p2a: Gardevoir\n|faint|p2a: Gardevoir\n|\n|upkeep\n|-message|grenczovolfi forfeited.\n|\n|win|time tematico\n|raw|time tematico's rating: 1007 &rarr; <strong>1047<\/strong><br \/>(+40 for winning)\n|raw|grenczovolfi's rating: 1015 &rarr; <strong>1002<\/strong><br \/>(-13 for losing)\n|l|\u2606grenczovolfi\n","uploadtime":1700335591,"views":13,"p1id":"timetematico","p2id":"grenczovolfi","formatid":"gen9nationaldex","rating":1002,"private":0,"password":""}