{"id":"gen9nationaldex-1995576271","p1":"Frans4life06","p2":"Thebeefgamer","format":"[Gen 9] National Dex","log":"|html|<div class=\"broadcast-blue\"><strong>[Gen 9] National Dex is currently suspecting Sneasler! For information on how to participate check out the <a href=\"https:\/\/www.smogon.com\/forums\/threads\/sv-national-dex-suspect-8-just-dance.3731534\/\">suspect thread<\/a>.<\/strong><\/div>\n|j|\u2606Frans4life06\n|j|\u2606Thebeefgamer\n|t:|1700584315\n|gametype|singles\n|player|p1|Frans4life06|265|1159\n|player|p2|Thebeefgamer|2|1051\n|teamsize|p1|6\n|teamsize|p2|6\n|gen|9\n|tier|[Gen 9] National Dex\n|rated|\n|rule|HP Percentage Mod: HP is shown in percentages\n|rule|Endless Battle Clause: Forcing endless battles is banned\n|rule|OHKO Clause: OHKO moves are banned\n|rule|Evasion Clause: Evasion abilities, items, and moves are banned\n|rule|Evasion Abilities Clause: Evasion abilities are banned\n|rule|Evasion Items Clause: Evasion items are banned\n|rule|Evasion Moves Clause: Evasion moves are banned\n|rule|Species Clause: Limit one of each Pok\u00e9mon\n|rule|Sleep Clause Mod: Limit one foe put to sleep\n|clearpoke\n|poke|p1|Pinsir, F|\n|poke|p1|Tauros-Paldea-Aqua, M|\n|poke|p1|Walrein, F|\n|poke|p1|Perrserker, F|\n|poke|p1|Delphox, F|\n|poke|p1|Absol, M|\n|poke|p2|Beedrill, F|\n|poke|p2|Garganacl, M|\n|poke|p2|Sylveon, M|\n|poke|p2|Lokix, F|\n|poke|p2|Forretress, M|\n|poke|p2|Kleavor, M|\n|teampreview\n|inactive|Battle timer is ON: inactive players will automatically lose when time's up. (requested by Frans4life06)\n|c|\u2606Thebeefgamer|Glhf\n|c|\u2606Frans4life06|You too\n|\n|t:|1700584329\n|start\n|switch|p1a: Perrserker|Perrserker, F, shiny|100\/100\n|switch|p2a: sir bugsly III|Forretress, M|100\/100\n|turn|1\n|\n|t:|1700584339\n|move|p1a: Perrserker|Brick Break|p2a: sir bugsly III\n|-damage|p2a: sir bugsly III|85\/100\n|move|p2a: sir bugsly III|Toxic Spikes|p1a: Perrserker\n|-sidestart|p1: Frans4life06|move: Toxic Spikes\n|\n|-heal|p2a: sir bugsly III|91\/100|[from] item: Leftovers\n|upkeep\n|turn|2\n|\n|t:|1700584348\n|move|p1a: Perrserker|Brick Break|p2a: sir bugsly III\n|-damage|p2a: sir bugsly III|71\/100\n|move|p2a: sir bugsly III|Toxic Spikes|p1a: Perrserker\n|-sidestart|p1: Frans4life06|move: Toxic Spikes\n|\n|-heal|p2a: sir bugsly III|78\/100|[from] item: Leftovers\n|upkeep\n|turn|3\n|\n|t:|1700584354\n|move|p1a: Perrserker|Brick Break|p2a: sir bugsly III\n|-damage|p2a: sir bugsly III|53\/100\n|move|p2a: sir bugsly III|Stealth Rock|p1a: Perrserker\n|-sidestart|p1: Frans4life06|move: Stealth Rock\n|\n|-heal|p2a: sir bugsly III|59\/100|[from] item: Leftovers\n|upkeep\n|turn|4\n|\n|t:|1700584361\n|move|p1a: Perrserker|Brick Break|p2a: sir bugsly III\n|-damage|p2a: sir bugsly III|34\/100\n|move|p2a: sir bugsly III|Spikes|p1a: Perrserker\n|-sidestart|p1: Frans4life06|Spikes\n|\n|-heal|p2a: sir bugsly III|40\/100|[from] item: Leftovers\n|upkeep\n|turn|5\n|\n|t:|1700584367\n|move|p1a: Perrserker|Brick Break|p2a: sir bugsly III\n|-damage|p2a: sir bugsly III|8\/100\n|move|p2a: sir bugsly III|Spikes|p1a: Perrserker\n|-sidestart|p1: Frans4life06|Spikes\n|\n|-heal|p2a: sir bugsly III|15\/100|[from] item: Leftovers\n|upkeep\n|turn|6\n|\n|t:|1700584373\n|move|p1a: Perrserker|Brick Break|p2a: sir bugsly III\n|-damage|p2a: sir bugsly III|0 fnt\n|faint|p2a: sir bugsly III\n|\n|upkeep\n|\n|t:|1700584380\n|switch|p2a: sir bugsly IV|Kleavor, M|100\/100\n|turn|7\n|c|\u2606Frans4life06|This has become a difficult situation\n|\n|t:|1700584399\n|move|p2a: sir bugsly IV|Close Combat|p1a: Perrserker\n|-supereffective|p1a: Perrserker\n|-damage|p1a: Perrserker|4\/100\n|-unboost|p2a: sir bugsly IV|def|1\n|-unboost|p2a: sir bugsly IV|spd|1\n|move|p1a: Perrserker|Iron Head|p2a: sir bugsly IV\n|-supereffective|p2a: sir bugsly IV\n|-damage|p2a: sir bugsly IV|0 fnt\n|faint|p2a: sir bugsly IV\n|\n|upkeep\n|c|\u2606Thebeefgamer|I do believe you have gotten yourself into a pickle\n|\n|t:|1700584408\n|switch|p2a: sir bugsly II|Lokix, F, shiny|100\/100\n|turn|8\n|\n|t:|1700584412\n|move|p2a: sir bugsly II|First Impression|p1a: Perrserker\n|-resisted|p1a: Perrserker\n|-damage|p1a: Perrserker|0 fnt\n|faint|p1a: Perrserker\n|\n|upkeep\n|\n|t:|1700584419\n|switch|p1a: Absol|Absol, M, shiny|100\/100\n|-status|p1a: Absol|tox\n|-damage|p1a: Absol|88\/100 tox|[from] Stealth Rock\n|-damage|p1a: Absol|72\/100 tox|[from] Spikes\n|turn|9\n|\n|t:|1700584428\n|switch|p2a: pepper|Garganacl, M|100\/100\n|detailschange|p1a: Absol|Absol-Mega, M, shiny\n|-mega|p1a: Absol|Absol|Absolite\n|move|p1a: Absol|Play Rough|p2a: pepper\n|-damage|p2a: pepper|76\/100\n|-unboost|p2a: pepper|atk|1\n|\n|-heal|p2a: pepper|82\/100|[from] item: Leftovers\n|-damage|p1a: Absol|66\/100 tox|[from] psn\n|upkeep\n|turn|10\n|\n|t:|1700584439\n|move|p1a: Absol|Megahorn|p2a: pepper\n|-damage|p2a: pepper|51\/100\n|move|p2a: pepper|Iron Defense|p2a: pepper\n|-boost|p2a: pepper|def|2\n|\n|-heal|p2a: pepper|58\/100|[from] item: Leftovers\n|-damage|p1a: Absol|54\/100 tox|[from] psn\n|upkeep\n|turn|11\n|\n|t:|1700584449\n|move|p1a: Absol|Foul Play|p2a: pepper\n|-damage|p2a: pepper|50\/100\n|move|p2a: pepper|Recover|p2a: pepper\n|-heal|p2a: pepper|99\/100\n|\n|-heal|p2a: pepper|100\/100|[from] item: Leftovers\n|-damage|p1a: Absol|36\/100 tox|[from] psn\n|upkeep\n|turn|12\n|\n|t:|1700584457\n|switch|p1a: Walrein|Walrein, F, shiny|100\/100\n|-status|p1a: Walrein|tox\n|-damage|p1a: Walrein|76\/100 tox|[from] Stealth Rock\n|-damage|p1a: Walrein|59\/100 tox|[from] Spikes\n|move|p2a: pepper|Iron Defense|p2a: pepper\n|-boost|p2a: pepper|def|2\n|\n|-damage|p1a: Walrein|53\/100 tox|[from] psn\n|upkeep\n|turn|13\n|\n|t:|1700584476\n|move|p1a: Walrein|Earthquake|p2a: pepper\n|-supereffective|p2a: pepper\n|-damage|p2a: pepper|90\/100\n|move|p2a: pepper|Body Press|p1a: Walrein\n|-supereffective|p1a: Walrein\n|-damage|p1a: Walrein|0 fnt\n|faint|p1a: Walrein\n|\n|-heal|p2a: pepper|96\/100|[from] item: Leftovers\n|upkeep\n|c|\u2606Thebeefgamer|Oh dear\n|\n|t:|1700584485\n|switch|p1a: Delphox|Delphox, F, shiny|100\/100\n|-status|p1a: Delphox|tox\n|-damage|p1a: Delphox|76\/100 tox|[from] Stealth Rock\n|-damage|p1a: Delphox|59\/100 tox|[from] Spikes\n|turn|14\n|\n|t:|1700584496\n|move|p1a: Delphox|Psychic|p2a: pepper\n|-damage|p2a: pepper|65\/100\n|-item|p1a: Delphox|Leftovers|[from] ability: Magician|[of] p2a: pepper\n|move|p2a: pepper|Body Press|p1a: Delphox\n|-resisted|p1a: Delphox\n|-damage|p1a: Delphox|0 fnt\n|faint|p1a: Delphox\n|\n|upkeep\n|\n|t:|1700584505\n|switch|p1a: Tauros|Tauros-Paldea-Aqua, M|100\/100\n|-status|p1a: Tauros|tox\n|-damage|p1a: Tauros|94\/100 tox|[from] Stealth Rock\n|-damage|p1a: Tauros|78\/100 tox|[from] Spikes\n|turn|15\n|\n|t:|1700584520\n|move|p1a: Tauros|Raging Bull|p2a: pepper\n|-supereffective|p2a: pepper\n|-damage|p2a: pepper|49\/100\n|move|p2a: pepper|Recover|p2a: pepper\n|-heal|p2a: pepper|99\/100\n|\n|-damage|p1a: Tauros|72\/100 tox|[from] psn\n|upkeep\n|turn|16\n|c|\u2606Frans4life06|I know it's gg's but I shall lose with honor, in combat\n|\n|t:|1700584539\n|move|p1a: Tauros|Raging Bull|p2a: pepper\n|-supereffective|p2a: pepper\n|-crit|p2a: pepper\n|-damage|p2a: pepper|30\/100\n|move|p2a: pepper|Body Press|p1a: Tauros\n|-damage|p1a: Tauros|0 fnt\n|faint|p1a: Tauros\n|\n|upkeep\n|\n|t:|1700584547\n|switch|p1a: Pinsir|Pinsir, F, shiny|100\/100\n|-status|p1a: Pinsir|tox\n|-damage|p1a: Pinsir|76\/100 tox|[from] Stealth Rock\n|-damage|p1a: Pinsir|59\/100 tox|[from] Spikes\n|turn|17\n|\n|t:|1700584575\n|move|p1a: Pinsir|Brick Break|p2a: pepper\n|-supereffective|p2a: pepper\n|-damage|p2a: pepper|17\/100\n|move|p2a: pepper|Recover|p2a: pepper\n|-heal|p2a: pepper|67\/100\n|\n|-damage|p1a: Pinsir|53\/100 tox|[from] psn\n|upkeep\n|turn|18\n|\n|t:|1700584584\n|move|p1a: Pinsir|X-Scissor|p2a: pepper\n|-damage|p2a: pepper|56\/100\n|move|p2a: pepper|Salt Cure|p1a: Pinsir\n|-supereffective|p1a: Pinsir\n|-damage|p1a: Pinsir|29\/100 tox\n|-start|p1a: Pinsir|Salt Cure\n|\n|-damage|p1a: Pinsir|17\/100 tox|[from] psn\n|-damage|p1a: Pinsir|5\/100 tox|[from] Salt Cure\n|upkeep\n|turn|19\n|c|\u2606Thebeefgamer|I'm surprised you didn't use mega pinsir\n|c|\u2606Frans4life06|Eh, Magic Bounce is always useful\n|\n|t:|1700584607\n|move|p1a: Pinsir|Brick Break|p2a: pepper\n|-supereffective|p2a: pepper\n|-damage|p2a: pepper|45\/100\n|move|p2a: pepper|Recover|p2a: pepper\n|-heal|p2a: pepper|95\/100\n|\n|-damage|p1a: Pinsir|0 fnt|[from] psn\n|faint|p1a: Pinsir\n|upkeep\n|\n|t:|1700584615\n|switch|p1a: Absol|Absol-Mega, M, shiny|36\/100 tox\n|-damage|p1a: Absol|24\/100 tox|[from] Stealth Rock\n|-damage|p1a: Absol|8\/100 tox|[from] Spikes\n|turn|20\n|c|\u2606Frans4life06|gg\n|\n|t:|1700584637\n|switch|p2a: sir bugsly II|Lokix, F, shiny|100\/100\n|move|p1a: Absol|Night Slash|p2a: sir bugsly II\n|-resisted|p2a: sir bugsly II\n|-damage|p2a: sir bugsly II|68\/100\n|\n|-damage|p1a: Absol|2\/100 tox|[from] psn\n|upkeep\n|turn|21\n|c|\u2606Thebeefgamer|Ggwp\n|\n|t:|1700584648\n|move|p2a: sir bugsly II|First Impression|p1a: Absol\n|-supereffective|p1a: Absol\n|-damage|p1a: Absol|0 fnt\n|faint|p1a: Absol\n|\n|win|Thebeefgamer\n|raw|Frans4life06's rating: 1159 &rarr; <strong>1126<\/strong><br \/>(-33 for losing)\n|raw|Thebeefgamer's rating: 1051 &rarr; <strong>1093<\/strong><br \/>(+42 for winning)\n|c|\u2606Thebeefgamer|You did the best you could, given my BM team\n","uploadtime":1700584661,"views":1,"p1id":"frans4life06","p2id":"thebeefgamer","formatid":"gen9nationaldex","rating":1093,"private":0,"password":""}