{"id":"gen9nationaldex-1998758988","p1":"Andrews Finn2","p2":"FullForceNonStop","format":"[Gen 9] National Dex","log":"|html|<div class=\"broadcast-blue\"><strong>[Gen 9] National Dex is currently suspecting Sneasler! For information on how to participate check out the <a href=\"https:\/\/www.smogon.com\/forums\/threads\/sv-national-dex-suspect-8-just-dance.3731534\/\">suspect thread<\/a>.<\/strong><\/div>\n|j|\u2606Andrews Finn2\n|j|\u2606FullForceNonStop\n|t:|1700984848\n|gametype|singles\n|player|p1|Andrews Finn2|steven|1166\n|player|p2|FullForceNonStop|bugcatcher-gen4dp|1237\n|teamsize|p1|6\n|teamsize|p2|6\n|gen|9\n|tier|[Gen 9] National Dex\n|rated|\n|rule|HP Percentage Mod: HP is shown in percentages\n|rule|Endless Battle Clause: Forcing endless battles is banned\n|rule|OHKO Clause: OHKO moves are banned\n|rule|Evasion Clause: Evasion abilities, items, and moves are banned\n|rule|Evasion Abilities Clause: Evasion abilities are banned\n|rule|Evasion Items Clause: Evasion items are banned\n|rule|Evasion Moves Clause: Evasion moves are banned\n|rule|Species Clause: Limit one of each Pok\u00e9mon\n|rule|Sleep Clause Mod: Limit one foe put to sleep\n|clearpoke\n|poke|p1|Hydreigon, F|\n|poke|p1|Heracross, M|\n|poke|p1|Corviknight, M|\n|poke|p1|Glimmora, M|\n|poke|p1|Ceruledge, F|\n|poke|p1|Ferrothorn, M|\n|poke|p2|Beedrill, M|\n|poke|p2|Volcarona, M|\n|poke|p2|Ribombee, F|\n|poke|p2|Gallade, M|\n|poke|p2|Rotom-Wash|\n|poke|p2|Gliscor, M|\n|teampreview\n|\n|t:|1700984861\n|start\n|switch|p1a: Glimmora|Glimmora, M|100\/100\n|switch|p2a: Buck Bumble Jr|Ribombee, F|100\/100\n|turn|1\n|\n|t:|1700984874\n|move|p2a: Buck Bumble Jr|Sticky Web|p1a: Glimmora\n|-sidestart|p1: Andrews Finn2|move: Sticky Web\n|move|p1a: Glimmora|Stealth Rock|p2a: Buck Bumble Jr\n|-sidestart|p2: FullForceNonStop|move: Stealth Rock\n|\n|upkeep\n|turn|2\n|\n|t:|1700984883\n|switch|p2a: Oshawott's Brother|Volcarona, M|100\/100\n|move|p1a: Glimmora|Mortal Spin|p2a: Oshawott's Brother\n|-damage|p2a: Oshawott's Brother|90\/100\n|-status|p2a: Oshawott's Brother|psn\n|-sideend|p1: Andrews Finn2|Sticky Web|[from] move: Mortal Spin|[of] p1a: Glimmora\n|\n|-damage|p2a: Oshawott's Brother|77\/100 psn|[from] psn\n|upkeep\n|turn|3\n|\n|t:|1700984893\n|switch|p1a: Ceruledge|Ceruledge, F|100\/100\n|move|p2a: Oshawott's Brother|Quiver Dance|p2a: Oshawott's Brother\n|-boost|p2a: Oshawott's Brother|spa|1\n|-boost|p2a: Oshawott's Brother|spd|1\n|-boost|p2a: Oshawott's Brother|spe|1\n|\n|-damage|p2a: Oshawott's Brother|65\/100 psn|[from] psn\n|upkeep\n|turn|4\n|\n|t:|1700984900\n|move|p2a: Oshawott's Brother|Air Slash|p1a: Ceruledge|[miss]\n|-miss|p2a: Oshawott's Brother|p1a: Ceruledge\n|move|p1a: Ceruledge|Bitter Blade|p2a: Oshawott's Brother\n|-damage|p2a: Oshawott's Brother|0 fnt\n|faint|p2a: Oshawott's Brother\n|\n|upkeep\n|\n|t:|1700984906\n|switch|p2a: Cutter|Gallade, M|100\/100\n|-damage|p2a: Cutter|94\/100|[from] Stealth Rock\n|turn|5\n|\n|t:|1700984912\n|switch|p1a: Ferrothorn|Ferrothorn, M|100\/100\n|-zpower|p2a: Cutter\n|move|p2a: Cutter|Z-Hypnosis|p1a: Ferrothorn|[anim]Hypnosis\n|-boost|p2a: Cutter|spe|1|[zeffect]\n|-status|p1a: Ferrothorn|slp|[from] move: Hypnosis\n|\n|upkeep\n|turn|6\n|\n|t:|1700984923\n|move|p2a: Cutter|Swords Dance|p2a: Cutter\n|-boost|p2a: Cutter|atk|2\n|cant|p1a: Ferrothorn|slp\n|\n|upkeep\n|turn|7\n|\n|t:|1700984928\n|move|p2a: Cutter|Swords Dance|p2a: Cutter\n|-boost|p2a: Cutter|atk|2\n|-curestatus|p1a: Ferrothorn|slp|[msg]\n|move|p1a: Ferrothorn|Thunder Wave|p2a: Cutter\n|-status|p2a: Cutter|par\n|\n|upkeep\n|turn|8\n|\n|t:|1700984936\n|cant|p2a: Cutter|par\n|move|p1a: Ferrothorn|Knock Off|p2a: Cutter\n|-crit|p2a: Cutter\n|-damage|p2a: Cutter|59\/100 par\n|\n|upkeep\n|turn|9\n|\n|t:|1700984941\n|move|p2a: Cutter|Hypnosis|p1a: Ferrothorn\n|-status|p1a: Ferrothorn|slp|[from] move: Hypnosis\n|cant|p1a: Ferrothorn|slp\n|\n|upkeep\n|turn|10\n|\n|t:|1700984950\n|move|p2a: Cutter|Sacred Sword|p1a: Ferrothorn\n|-supereffective|p1a: Ferrothorn\n|-damage|p1a: Ferrothorn|0 fnt\n|-damage|p2a: Cutter|46\/100 par|[from] ability: Iron Barbs|[of] p1a: Ferrothorn\n|faint|p1a: Ferrothorn\n|\n|upkeep\n|\n|t:|1700984956\n|switch|p1a: Ceruledge|Ceruledge, F|100\/100\n|turn|11\n|\n|t:|1700984960\n|move|p1a: Ceruledge|Bitter Blade|p2a: Cutter\n|-damage|p2a: Cutter|0 fnt\n|faint|p2a: Cutter\n|\n|upkeep\n|\n|t:|1700984963\n|switch|p2a: Thing|Gliscor, M|100\/100\n|-damage|p2a: Thing|88\/100|[from] Stealth Rock\n|turn|12\n|\n|t:|1700984971\n|switch|p1a: Hydreigon|Hydreigon, F|100\/100\n|move|p2a: Thing|Protect||[still]\n|-fail|p2a: Thing\n|\n|-status|p2a: Thing|tox|[from] item: Toxic Orb\n|upkeep\n|turn|13\n|\n|t:|1700984978\n|move|p1a: Hydreigon|Dark Pulse|p2a: Thing\n|-damage|p2a: Thing|27\/100 tox\n|move|p2a: Thing|Stealth Rock|p1a: Hydreigon\n|-sidestart|p1: Andrews Finn2|move: Stealth Rock\n|\n|-heal|p2a: Thing|40\/100 tox|[from] ability: Poison Heal\n|upkeep\n|turn|14\n|\n|t:|1700984984\n|move|p1a: Hydreigon|Dark Pulse|p2a: Thing\n|-damage|p2a: Thing|0 fnt\n|faint|p2a: Thing\n|\n|upkeep\n|\n|t:|1700984990\n|switch|p2a: Buck Bumble Jr|Ribombee, F|100\/100\n|-damage|p2a: Buck Bumble Jr|76\/100|[from] Stealth Rock\n|turn|15\n|\n|t:|1700984999\n|switch|p1a: Glimmora|Glimmora, M|100\/100\n|-damage|p1a: Glimmora|88\/100|[from] Stealth Rock\n|move|p2a: Buck Bumble Jr|Defog|p1a: Glimmora\n|-unboost|p1a: Glimmora|evasion|1\n|-sideend|p1: Andrews Finn2|Stealth Rock|[from] move: Defog|[of] p2a: Buck Bumble Jr\n|-sideend|p2: FullForceNonStop|Stealth Rock|[from] move: Defog|[of] p2a: Buck Bumble Jr\n|\n|upkeep\n|turn|16\n|\n|t:|1700985009\n|move|p2a: Buck Bumble Jr|Moonblast|p1a: Glimmora\n|-resisted|p1a: Glimmora\n|-damage|p1a: Glimmora|58\/100\n|-unboost|p1a: Glimmora|spa|1\n|-enditem|p1a: Glimmora|Red Card|[of] p2a: Buck Bumble Jr\n|drag|p2a: Buck Bumble|Beedrill, M|100\/100\n|move|p1a: Glimmora|Stealth Rock|p2a: Buck Bumble\n|-sidestart|p2: FullForceNonStop|move: Stealth Rock\n|\n|upkeep\n|turn|17\n|\n|t:|1700985019\n|switch|p1a: Ceruledge|Ceruledge, F|100\/100\n|detailschange|p2a: Buck Bumble|Beedrill-Mega, M\n|-mega|p2a: Buck Bumble|Beedrill|Beedrillite\n|move|p2a: Buck Bumble|Knock Off|p1a: Ceruledge\n|-supereffective|p1a: Ceruledge\n|-enditem|p1a: Ceruledge|Focus Sash\n|-damage|p1a: Ceruledge|1\/100\n|\n|upkeep\n|turn|18\n|\n|t:|1700985029\n|move|p1a: Ceruledge|Shadow Sneak|p2a: Buck Bumble\n|-damage|p2a: Buck Bumble|47\/100\n|move|p2a: Buck Bumble|Fell Stinger|p1a: Ceruledge\n|-resisted|p1a: Ceruledge\n|-damage|p1a: Ceruledge|0 fnt\n|faint|p1a: Ceruledge\n|-boost|p2a: Buck Bumble|atk|3\n|\n|upkeep\n|\n|t:|1700985037\n|switch|p1a: Hydreigon|Hydreigon, F|100\/100\n|turn|19\n|\n|t:|1700985044\n|-terastallize|p1a: Hydreigon|Dark\n|move|p1a: Hydreigon|Dark Pulse|p2a: Buck Bumble\n|-damage|p2a: Buck Bumble|0 fnt\n|faint|p2a: Buck Bumble\n|\n|upkeep\n|\n|t:|1700985048\n|switch|p2a: Buck Bumble Jr|Ribombee, F|76\/100\n|-damage|p2a: Buck Bumble Jr|51\/100|[from] Stealth Rock\n|turn|20\n|\n|t:|1700985054\n|switch|p1a: Glimmora|Glimmora, M|58\/100\n|move|p2a: Buck Bumble Jr|Moonblast|p1a: Glimmora\n|-resisted|p1a: Glimmora\n|-crit|p1a: Glimmora\n|-damage|p1a: Glimmora|17\/100\n|-unboost|p1a: Glimmora|spa|1\n|\n|upkeep\n|turn|21\n|\n|t:|1700985061\n|move|p2a: Buck Bumble Jr|Moonblast|p1a: Glimmora\n|-resisted|p1a: Glimmora\n|-damage|p1a: Glimmora|0 fnt\n|faint|p1a: Glimmora\n|\n|upkeep\n|\n|t:|1700985063\n|switch|p1a: Corviknight|Corviknight, M|100\/100\n|-ability|p1a: Corviknight|Pressure\n|turn|22\n|\n|t:|1700985069\n|switch|p2a: happy:|Rotom-Wash|100\/100\n|-damage|p2a: happy:|88\/100|[from] Stealth Rock\n|move|p1a: Corviknight|Brave Bird|p2a: happy:\n|-resisted|p2a: happy:\n|-damage|p2a: happy:|70\/100\n|-damage|p1a: Corviknight|96\/100|[from] Recoil\n|\n|upkeep\n|turn|23\n|\n|t:|1700985077\n|move|p2a: happy:|Trick|p1a: Corviknight\n|-activate|p2a: happy:|move: Trick|[of] p1a: Corviknight\n|-item|p1a: Corviknight|Choice Scarf|[from] move: Trick\n|-item|p2a: happy:|Rocky Helmet|[from] move: Trick\n|move|p1a: Corviknight|Brave Bird|p2a: happy:\n|-resisted|p2a: happy:\n|-damage|p2a: happy:|50\/100\n|-damage|p1a: Corviknight|79\/100|[from] item: Rocky Helmet|[of] p2a: happy:\n|-damage|p1a: Corviknight|74\/100|[from] Recoil\n|\n|upkeep\n|turn|24\n|\n|t:|1700985083\n|move|p2a: happy:|Thunder Wave|p1a: Corviknight\n|-status|p1a: Corviknight|par\n|move|p1a: Corviknight|Brave Bird|p2a: happy:\n|-resisted|p2a: happy:\n|-damage|p2a: happy:|31\/100\n|-damage|p1a: Corviknight|58\/100 par|[from] item: Rocky Helmet|[of] p2a: happy:\n|-damage|p1a: Corviknight|53\/100 par|[from] Recoil\n|\n|upkeep\n|turn|25\n|\n|t:|1700985091\n|move|p2a: happy:|Hydro Pump|p1a: Corviknight\n|-damage|p1a: Corviknight|12\/100 par\n|move|p1a: Corviknight|Brave Bird|p2a: happy:\n|-resisted|p2a: happy:\n|-damage|p2a: happy:|10\/100\n|-damage|p1a: Corviknight|0 fnt|[from] item: Rocky Helmet|[of] p2a: happy:\n|faint|p1a: Corviknight\n|\n|upkeep\n|\n|t:|1700985095\n|switch|p1a: Hydreigon|Hydreigon, F, tera:Dark|100\/100\n|turn|26\n|\n|t:|1700985103\n|move|p1a: Hydreigon|Dark Pulse|p2a: happy:\n|-damage|p2a: happy:|0 fnt\n|faint|p2a: happy:\n|\n|upkeep\n|\n|t:|1700985106\n|switch|p2a: Buck Bumble Jr|Ribombee, F|51\/100\n|-damage|p2a: Buck Bumble Jr|26\/100|[from] Stealth Rock\n|turn|27\n|\n|t:|1700985109\n|move|p1a: Hydreigon|Dark Pulse|p2a: Buck Bumble Jr\n|-resisted|p2a: Buck Bumble Jr\n|-damage|p2a: Buck Bumble Jr|0 fnt\n|faint|p2a: Buck Bumble Jr\n|\n|win|Andrews Finn2\n|raw|Andrews Finn2's rating: 1166 &rarr; <strong>1196<\/strong><br \/>(+30 for winning)\n|raw|FullForceNonStop's rating: 1237 &rarr; <strong>1207<\/strong><br \/>(-30 for losing)\n|c|\u2606Andrews Finn2|gg\n","uploadtime":1700985120,"views":6,"p1id":"andrewsfinn2","p2id":"fullforcenonstop","formatid":"gen9nationaldex","rating":1196,"private":0,"password":""}