{"id":"gen9nationaldex-1990666241","p1":"Shelmuxe","p2":"Zveno1","format":"[Gen 9] National Dex","log":"|j|\u2606Shelmuxe\n|j|\u2606Zveno1\n|t:|1699990064\n|gametype|singles\n|player|p1|Shelmuxe|1|1271\n|player|p2|Zveno1|guzma|1316\n|teamsize|p1|6\n|teamsize|p2|6\n|gen|9\n|tier|[Gen 9] National Dex\n|rated|\n|rule|HP Percentage Mod: HP is shown in percentages\n|rule|Endless Battle Clause: Forcing endless battles is banned\n|rule|OHKO Clause: OHKO moves are banned\n|rule|Evasion Clause: Evasion abilities, items, and moves are banned\n|rule|Evasion Abilities Clause: Evasion abilities are banned\n|rule|Evasion Items Clause: Evasion items are banned\n|rule|Evasion Moves Clause: Evasion moves are banned\n|rule|Species Clause: Limit one of each Pok\u00e9mon\n|rule|Sleep Clause Mod: Limit one foe put to sleep\n|clearpoke\n|poke|p1|Iron Hands|\n|poke|p1|Alomomola, M|\n|poke|p1|Tapu Bulu|\n|poke|p1|Chansey, F|\n|poke|p1|Great Tusk|\n|poke|p1|Sceptile, F|\n|poke|p2|Greninja-*, M|\n|poke|p2|Clodsire, M|\n|poke|p2|Heatran, F|\n|poke|p2|Venusaur, M|\n|poke|p2|Tornadus-Therian, M|\n|poke|p2|Garganacl, M|\n|teampreview\n|inactive|Battle timer is ON: inactive players will automatically lose when time's up. (requested by Zveno1)\n|inactive|Shelmuxe has 120 seconds left.\n|inactive|Shelmuxe has 90 seconds left.\n|\n|t:|1699990144\n|start\n|switch|p1a: Sceptile|Sceptile, F|100\/100\n|switch|p2a: Garganacl|Garganacl, M, shiny|100\/100\n|turn|1\n|\n|t:|1699990163\n|detailschange|p1a: Sceptile|Sceptile-Mega, F\n|-mega|p1a: Sceptile|Sceptile|Sceptilite\n|move|p2a: Garganacl|Protect|p2a: Garganacl\n|-singleturn|p2a: Garganacl|Protect\n|move|p1a: Sceptile|Leaf Storm|p2a: Garganacl\n|-activate|p2a: Garganacl|move: Protect\n|\n|upkeep\n|turn|2\n|\n|t:|1699990175\n|switch|p2a: Venusaur|Venusaur, M, shiny|100\/100\n|move|p1a: Sceptile|Focus Blast|p2a: Venusaur\n|-resisted|p2a: Venusaur\n|-damage|p2a: Venusaur|81\/100\n|\n|upkeep\n|turn|3\n|\n|t:|1699990186\n|switch|p1a: Chansey|Chansey, F|100\/100\n|detailschange|p2a: Venusaur|Venusaur-Mega, M, shiny\n|-mega|p2a: Venusaur|Venusaur|Venusaurite\n|move|p2a: Venusaur|Sludge Bomb|p1a: Chansey\n|-damage|p1a: Chansey|85\/100\n|\n|upkeep\n|turn|4\n|\n|t:|1699990196\n|move|p2a: Venusaur|Sleep Powder|p1a: Chansey|[miss]\n|-miss|p2a: Venusaur|p1a: Chansey\n|move|p1a: Chansey|Thunder Wave|p2a: Venusaur\n|-status|p2a: Venusaur|par\n|\n|upkeep\n|turn|5\n|\n|t:|1699990217\n|switch|p2a: Garganacl|Garganacl, M, shiny|100\/100\n|move|p1a: Chansey|Seismic Toss|p2a: Garganacl\n|-damage|p2a: Garganacl|76\/100\n|\n|-heal|p2a: Garganacl|82\/100|[from] item: Leftovers\n|upkeep\n|turn|6\n|inactive|Shelmuxe has 120 seconds left.\n|\n|t:|1699990252\n|switch|p1a: Sceptile|Sceptile-Mega, F|100\/100\n|move|p2a: Garganacl|Salt Cure|p1a: Sceptile\n|-crit|p1a: Sceptile\n|-damage|p1a: Sceptile|68\/100\n|-start|p1a: Sceptile|Salt Cure\n|\n|-heal|p2a: Garganacl|88\/100|[from] item: Leftovers\n|-damage|p1a: Sceptile|56\/100|[from] Salt Cure\n|upkeep\n|turn|7\n|\n|t:|1699990256\n|move|p2a: Garganacl|Protect|p2a: Garganacl\n|-singleturn|p2a: Garganacl|Protect\n|move|p1a: Sceptile|Leaf Storm|p2a: Garganacl\n|-activate|p2a: Garganacl|move: Protect\n|\n|-heal|p2a: Garganacl|94\/100|[from] item: Leftovers\n|-damage|p1a: Sceptile|43\/100|[from] Salt Cure\n|upkeep\n|turn|8\n|inactive|Shelmuxe has 120 seconds left.\n|inactive|Shelmuxe has 90 seconds left.\n|\n|t:|1699990297\n|switch|p2a: Venusaur|Venusaur-Mega, M, shiny|81\/100 par\n|move|p1a: Sceptile|Leaf Storm|p2a: Venusaur\n|-resisted|p2a: Venusaur\n|-damage|p2a: Venusaur|66\/100 par\n|-unboost|p1a: Sceptile|spa|2\n|\n|-damage|p1a: Sceptile|31\/100|[from] Salt Cure\n|upkeep\n|turn|9\n|\n|t:|1699990316\n|switch|p1a: Alomomola|Alomomola, M|100\/100\n|move|p2a: Venusaur|Giga Drain|p1a: Alomomola\n|-supereffective|p1a: Alomomola\n|-crit|p1a: Alomomola\n|-damage|p1a: Alomomola|0 fnt\n|-heal|p2a: Venusaur|100\/100 par|[from] drain|[of] p1a: Alomomola\n|faint|p1a: Alomomola\n|\n|upkeep\n|inactive|Shelmuxe has 90 seconds left.\n|\n|t:|1699990337\n|switch|p1a: Great Tusk|Great Tusk|100\/100\n|turn|10\n|\n|t:|1699990341\n|move|p1a: Great Tusk|Stealth Rock|p2a: Venusaur\n|-sidestart|p2: Zveno1|move: Stealth Rock\n|cant|p2a: Venusaur|par\n|\n|upkeep\n|turn|11\n|\n|t:|1699990346\n|-end|p1a: Great Tusk|Protosynthesis|[silent]\n|switch|p1a: Chansey|Chansey, F|85\/100\n|move|p2a: Venusaur|Giga Drain|p1a: Chansey\n|-damage|p1a: Chansey|71\/100\n|\n|upkeep\n|turn|12\n|\n|t:|1699990351\n|switch|p2a: Tornadus|Tornadus-Therian, M, shiny|100\/100\n|move|p1a: Chansey|Seismic Toss|p2a: Tornadus\n|-damage|p2a: Tornadus|67\/100\n|\n|upkeep\n|turn|13\n|\n|t:|1699990356\n|move|p2a: Tornadus|Defog|p1a: Chansey\n|-unboost|p1a: Chansey|evasion|1\n|-sideend|p2: Zveno1|Stealth Rock|[from] move: Defog|[of] p2a: Tornadus\n|move|p1a: Chansey|Thunder Wave|p2a: Tornadus\n|-status|p2a: Tornadus|par\n|\n|upkeep\n|turn|14\n|\n|t:|1699990363\n|move|p2a: Tornadus|U-turn|p1a: Chansey\n|-damage|p1a: Chansey|62\/100\n|\n|t:|1699990367\n|switch|p2a: Garganacl|Garganacl, M, shiny|94\/100|[from] U-turn\n|move|p1a: Chansey|Seismic Toss|p2a: Garganacl\n|-damage|p2a: Garganacl|70\/100\n|\n|-heal|p2a: Garganacl|76\/100|[from] item: Leftovers\n|upkeep\n|turn|15\n|\n|t:|1699990375\n|move|p1a: Chansey|Seismic Toss|p2a: Garganacl\n|-damage|p2a: Garganacl|51\/100\n|move|p2a: Garganacl|Salt Cure|p1a: Chansey\n|-damage|p1a: Chansey|53\/100\n|-start|p1a: Chansey|Salt Cure\n|\n|-heal|p2a: Garganacl|57\/100|[from] item: Leftovers\n|-damage|p1a: Chansey|41\/100|[from] Salt Cure\n|upkeep\n|turn|16\n|\n|t:|1699990378\n|move|p2a: Garganacl|Protect|p2a: Garganacl\n|-singleturn|p2a: Garganacl|Protect\n|move|p1a: Chansey|Soft-Boiled|p1a: Chansey\n|-heal|p1a: Chansey|91\/100\n|\n|-heal|p2a: Garganacl|63\/100|[from] item: Leftovers\n|-damage|p1a: Chansey|78\/100|[from] Salt Cure\n|upkeep\n|turn|17\n|\n|t:|1699990383\n|switch|p1a: Great Tusk|Great Tusk|100\/100\n|move|p2a: Garganacl|Stealth Rock|p1a: Great Tusk\n|-sidestart|p1: Shelmuxe|move: Stealth Rock\n|\n|-heal|p2a: Garganacl|70\/100|[from] item: Leftovers\n|upkeep\n|turn|18\n|\n|t:|1699990389\n|-terastallize|p2a: Garganacl|Ghost\n|move|p1a: Great Tusk|Rapid Spin|p2a: Garganacl\n|-immune|p2a: Garganacl\n|move|p2a: Garganacl|Salt Cure|p1a: Great Tusk\n|-resisted|p1a: Great Tusk\n|-damage|p1a: Great Tusk|99\/100\n|-start|p1a: Great Tusk|Salt Cure\n|\n|-heal|p1a: Great Tusk|100\/100|[from] item: Leftovers\n|-heal|p2a: Garganacl|76\/100|[from] item: Leftovers\n|-damage|p1a: Great Tusk|88\/100|[from] Salt Cure\n|upkeep\n|turn|19\n|\n|t:|1699990398\n|switch|p2a: Tornadus|Tornadus-Therian, M, shiny|99\/100 par\n|move|p1a: Great Tusk|Earthquake|p2a: Tornadus\n|-immune|p2a: Tornadus\n|\n|-heal|p1a: Great Tusk|94\/100|[from] item: Leftovers\n|-damage|p1a: Great Tusk|82\/100|[from] Salt Cure\n|upkeep\n|turn|20\n|\n|t:|1699990408\n|move|p1a: Great Tusk|Ice Spinner|p2a: Tornadus\n|-supereffective|p2a: Tornadus\n|-damage|p2a: Tornadus|41\/100 par\n|cant|p2a: Tornadus|par\n|\n|-heal|p1a: Great Tusk|88\/100|[from] item: Leftovers\n|-damage|p1a: Great Tusk|76\/100|[from] Salt Cure\n|upkeep\n|turn|21\n|\n|t:|1699990417\n|move|p1a: Great Tusk|Rapid Spin|p2a: Tornadus\n|-damage|p2a: Tornadus|21\/100 par\n|-boost|p1a: Great Tusk|spe|1\n|-sideend|p1: Shelmuxe|Stealth Rock|[from] move: Rapid Spin|[of] p1a: Great Tusk\n|move|p2a: Tornadus|Bleakwind Storm|p1a: Great Tusk\n|-supereffective|p1a: Great Tusk\n|-damage|p1a: Great Tusk|0 fnt\n|faint|p1a: Great Tusk\n|-end|p1a: Great Tusk|Protosynthesis|[silent]\n|\n|upkeep\n|\n|t:|1699990426\n|switch|p1a: Iron Hands|Iron Hands|100\/100\n|turn|22\n|\n|t:|1699990432\n|move|p2a: Tornadus|U-turn|p1a: Iron Hands\n|-resisted|p1a: Iron Hands\n|-damage|p1a: Iron Hands|96\/100\n|\n|t:|1699990437\n|switch|p2a: Clodsire|Clodsire, M, shiny|100\/100|[from] U-turn\n|move|p1a: Iron Hands|Swords Dance|p1a: Iron Hands\n|-boost|p1a: Iron Hands|atk|2\n|\n|upkeep\n|turn|23\n|\n|t:|1699990445\n|move|p1a: Iron Hands|Ice Punch|p2a: Clodsire\n|-supereffective|p2a: Clodsire\n|-damage|p2a: Clodsire|38\/100\n|move|p2a: Clodsire|Toxic|p1a: Iron Hands\n|-status|p1a: Iron Hands|tox\n|\n|-heal|p2a: Clodsire|44\/100|[from] item: Leftovers\n|-damage|p1a: Iron Hands|90\/100 tox|[from] psn\n|upkeep\n|turn|24\n|\n|t:|1699990450\n|switch|p2a: Garganacl|Garganacl, M, shiny, tera:Ghost|76\/100\n|move|p1a: Iron Hands|Ice Punch|p2a: Garganacl\n|-damage|p2a: Garganacl|47\/100\n|\n|-heal|p2a: Garganacl|53\/100|[from] item: Leftovers\n|-damage|p1a: Iron Hands|77\/100 tox|[from] psn\n|upkeep\n|turn|25\n|\n|t:|1699990455\n|-end|p1a: Iron Hands|Quark Drive|[silent]\n|switch|p1a: Chansey|Chansey, F|78\/100\n|move|p2a: Garganacl|Protect||[still]\n|-fail|p2a: Garganacl\n|\n|-heal|p2a: Garganacl|60\/100|[from] item: Leftovers\n|upkeep\n|turn|26\n|\n|t:|1699990463\n|move|p1a: Chansey|Aromatherapy|p1a: Chansey\n|-activate|p1a: Chansey|move: Aromatherapy\n|-curestatus|p1: Iron Hands|tox|[msg]\n|move|p2a: Garganacl|Salt Cure|p1a: Chansey\n|-damage|p1a: Chansey|69\/100\n|-start|p1a: Chansey|Salt Cure\n|\n|-heal|p2a: Garganacl|66\/100|[from] item: Leftovers\n|-damage|p1a: Chansey|57\/100|[from] Salt Cure\n|upkeep\n|turn|27\n|\n|t:|1699990480\n|move|p1a: Chansey|Soft-Boiled|p1a: Chansey\n|-heal|p1a: Chansey|100\/100\n|move|p2a: Garganacl|Stealth Rock|p1a: Chansey\n|-sidestart|p1: Shelmuxe|move: Stealth Rock\n|\n|-heal|p2a: Garganacl|72\/100|[from] item: Leftovers\n|-damage|p1a: Chansey|88\/100|[from] Salt Cure\n|upkeep\n|turn|28\n|\n|t:|1699990490\n|switch|p1a: Iron Hands|Iron Hands|77\/100\n|-damage|p1a: Iron Hands|71\/100|[from] Stealth Rock\n|move|p2a: Garganacl|Salt Cure|p1a: Iron Hands\n|-resisted|p1a: Iron Hands\n|-damage|p1a: Iron Hands|67\/100\n|-start|p1a: Iron Hands|Salt Cure\n|\n|-heal|p2a: Garganacl|78\/100|[from] item: Leftovers\n|-damage|p1a: Iron Hands|54\/100|[from] Salt Cure\n|upkeep\n|turn|29\n|\n|t:|1699990514\n|-end|p1a: Iron Hands|Quark Drive|[silent]\n|switch|p1a: Tapu Bulu|Tapu Bulu, shiny|100\/100\n|-damage|p1a: Tapu Bulu|88\/100|[from] Stealth Rock\n|-fieldstart|move: Grassy Terrain|[from] ability: Grassy Surge|[of] p1a: Tapu Bulu\n|move|p2a: Garganacl|Protect||[still]\n|-fail|p2a: Garganacl\n|\n|-heal|p1a: Tapu Bulu|94\/100|[from] Grassy Terrain\n|-heal|p2a: Garganacl|84\/100|[from] Grassy Terrain\n|-heal|p2a: Garganacl|91\/100|[from] item: Leftovers\n|upkeep\n|turn|30\n|\n|t:|1699990531\n|move|p1a: Tapu Bulu|Swords Dance|p1a: Tapu Bulu\n|-boost|p1a: Tapu Bulu|atk|2\n|move|p2a: Garganacl|Salt Cure|p1a: Tapu Bulu\n|-damage|p1a: Tapu Bulu|82\/100\n|-start|p1a: Tapu Bulu|Salt Cure\n|\n|-heal|p1a: Tapu Bulu|88\/100|[from] Grassy Terrain\n|-heal|p2a: Garganacl|97\/100|[from] Grassy Terrain\n|-heal|p2a: Garganacl|100\/100|[from] item: Leftovers\n|-damage|p1a: Tapu Bulu|75\/100|[from] Salt Cure\n|upkeep\n|turn|31\n|\n|t:|1699990556\n|switch|p2a: Clodsire|Clodsire, M, shiny|44\/100\n|move|p1a: Tapu Bulu|Swords Dance|p1a: Tapu Bulu\n|-boost|p1a: Tapu Bulu|atk|2\n|\n|-heal|p1a: Tapu Bulu|82\/100|[from] Grassy Terrain\n|-heal|p2a: Clodsire|50\/100|[from] Grassy Terrain\n|-heal|p2a: Clodsire|57\/100|[from] item: Leftovers\n|-damage|p1a: Tapu Bulu|69\/100|[from] Salt Cure\n|upkeep\n|turn|32\n|\n|t:|1699990560\n|move|p1a: Tapu Bulu|Horn Leech|p2a: Clodsire\n|-damage|p2a: Clodsire|0 fnt\n|-heal|p1a: Tapu Bulu|100\/100|[from] drain|[of] p2a: Clodsire\n|faint|p2a: Clodsire\n|\n|-damage|p1a: Tapu Bulu|88\/100|[from] Salt Cure\n|upkeep\n|\n|t:|1699990565\n|switch|p2a: Venusaur|Venusaur-Mega, M, shiny|100\/100 par\n|turn|33\n|\n|t:|1699990569\n|-zpower|p1a: Tapu Bulu\n|move|p1a: Tapu Bulu|Continental Crush|p2a: Venusaur|[zeffect]\n|-damage|p2a: Venusaur|0 fnt\n|faint|p2a: Venusaur\n|\n|-heal|p1a: Tapu Bulu|94\/100|[from] Grassy Terrain\n|-damage|p1a: Tapu Bulu|82\/100|[from] Salt Cure\n|-fieldend|move: Grassy Terrain\n|upkeep\n|\n|t:|1699990575\n|switch|p2a: Heatran|Heatran, F|100\/100\n|-item|p2a: Heatran|Air Balloon\n|turn|34\n|\n|t:|1699990580\n|move|p1a: Tapu Bulu|Close Combat|p2a: Heatran\n|-supereffective|p2a: Heatran\n|-damage|p2a: Heatran|0 fnt\n|-unboost|p1a: Tapu Bulu|def|1\n|-unboost|p1a: Tapu Bulu|spd|1\n|-enditem|p2a: Heatran|Air Balloon\n|faint|p2a: Heatran\n|\n|-damage|p1a: Tapu Bulu|69\/100|[from] Salt Cure\n|upkeep\n|\n|t:|1699990585\n|switch|p2a: Greninja|Greninja, M, shiny|100\/100\n|turn|35\n|\n|t:|1699990590\n|switch|p1a: Chansey|Chansey, F|88\/100\n|-damage|p1a: Chansey|76\/100|[from] Stealth Rock\n|move|p2a: Greninja|Ice Beam|p1a: Chansey\n|-start|p2a: Greninja|typechange|Ice|[from] ability: Protean\n|-damage|p1a: Chansey|64\/100\n|\n|upkeep\n|turn|36\n|\n|t:|1699990598\n|move|p2a: Greninja|U-turn|p1a: Chansey\n|-damage|p1a: Chansey|54\/100\n|\n|t:|1699990601\n|switch|p2a: Garganacl|Garganacl, M, shiny, tera:Ghost|100\/100|[from] U-turn\n|move|p1a: Chansey|Seismic Toss|p2a: Garganacl\n|-immune|p2a: Garganacl\n|\n|upkeep\n|turn|37\n|\n|t:|1699990609\n|move|p1a: Chansey|Soft-Boiled|p1a: Chansey\n|-heal|p1a: Chansey|100\/100\n|move|p2a: Garganacl|Salt Cure|p1a: Chansey\n|-damage|p1a: Chansey|92\/100\n|-start|p1a: Chansey|Salt Cure\n|\n|-damage|p1a: Chansey|80\/100|[from] Salt Cure\n|upkeep\n|turn|38\n|\n|t:|1699990620\n|switch|p1a: Tapu Bulu|Tapu Bulu, shiny|69\/100\n|-damage|p1a: Tapu Bulu|57\/100|[from] Stealth Rock\n|-fieldstart|move: Grassy Terrain|[from] ability: Grassy Surge|[of] p1a: Tapu Bulu\n|move|p2a: Garganacl|Salt Cure|p1a: Tapu Bulu\n|-damage|p1a: Tapu Bulu|43\/100\n|-start|p1a: Tapu Bulu|Salt Cure\n|\n|-heal|p1a: Tapu Bulu|50\/100|[from] Grassy Terrain\n|-damage|p1a: Tapu Bulu|37\/100|[from] Salt Cure\n|upkeep\n|turn|39\n|\n|t:|1699990624\n|move|p1a: Tapu Bulu|Horn Leech|p2a: Garganacl\n|-damage|p2a: Garganacl|75\/100\n|-heal|p1a: Tapu Bulu|53\/100|[from] drain|[of] p2a: Garganacl\n|move|p2a: Garganacl|Salt Cure|p1a: Tapu Bulu\n|-damage|p1a: Tapu Bulu|40\/100\n|\n|-heal|p1a: Tapu Bulu|46\/100|[from] Grassy Terrain\n|-heal|p2a: Garganacl|81\/100|[from] Grassy Terrain\n|-heal|p2a: Garganacl|87\/100|[from] item: Leftovers\n|-damage|p1a: Tapu Bulu|34\/100|[from] Salt Cure\n|upkeep\n|turn|40\n|\n|t:|1699990638\n|move|p2a: Garganacl|Protect|p2a: Garganacl\n|-singleturn|p2a: Garganacl|Protect\n|move|p1a: Tapu Bulu|Swords Dance|p1a: Tapu Bulu\n|-boost|p1a: Tapu Bulu|atk|2\n|\n|-heal|p1a: Tapu Bulu|40\/100|[from] Grassy Terrain\n|-heal|p2a: Garganacl|93\/100|[from] Grassy Terrain\n|-heal|p2a: Garganacl|99\/100|[from] item: Leftovers\n|-damage|p1a: Tapu Bulu|28\/100|[from] Salt Cure\n|upkeep\n|turn|41\n|\n|t:|1699990645\n|move|p1a: Tapu Bulu|Horn Leech|p2a: Garganacl\n|-damage|p2a: Garganacl|48\/100\n|-heal|p1a: Tapu Bulu|59\/100|[from] drain|[of] p2a: Garganacl\n|move|p2a: Garganacl|Salt Cure|p1a: Tapu Bulu\n|-damage|p1a: Tapu Bulu|47\/100\n|\n|-heal|p1a: Tapu Bulu|53\/100|[from] Grassy Terrain\n|-heal|p2a: Garganacl|54\/100|[from] Grassy Terrain\n|-heal|p2a: Garganacl|60\/100|[from] item: Leftovers\n|-damage|p1a: Tapu Bulu|40\/100|[from] Salt Cure\n|upkeep\n|turn|42\n|\n|t:|1699990657\n|switch|p2a: Tornadus|Tornadus-Therian, M, shiny|54\/100 par\n|move|p1a: Tapu Bulu|Horn Leech|p2a: Tornadus\n|-resisted|p2a: Tornadus\n|-damage|p2a: Tornadus|0 fnt\n|-heal|p1a: Tapu Bulu|64\/100|[from] drain|[of] p2a: Tornadus\n|faint|p2a: Tornadus\n|\n|-heal|p1a: Tapu Bulu|71\/100|[from] Grassy Terrain\n|-damage|p1a: Tapu Bulu|58\/100|[from] Salt Cure\n|-fieldend|move: Grassy Terrain\n|upkeep\n|\n|t:|1699990661\n|switch|p2a: Greninja|Greninja, M, shiny|100\/100\n|turn|43\n|\n|t:|1699990670\n|switch|p1a: Chansey|Chansey, F|80\/100\n|-damage|p1a: Chansey|67\/100|[from] Stealth Rock\n|move|p2a: Greninja|Ice Beam|p1a: Chansey\n|-start|p2a: Greninja|typechange|Ice|[from] ability: Protean\n|-damage|p1a: Chansey|56\/100\n|\n|upkeep\n|turn|44\n|\n|t:|1699990675\n|move|p2a: Greninja|U-turn|p1a: Chansey\n|-damage|p1a: Chansey|47\/100\n|\n|t:|1699990677\n|switch|p2a: Garganacl|Garganacl, M, shiny, tera:Ghost|60\/100|[from] U-turn\n|move|p1a: Chansey|Thunder Wave|p2a: Garganacl\n|-immune|p2a: Garganacl|[from] ability: Purifying Salt\n|\n|-heal|p2a: Garganacl|67\/100|[from] item: Leftovers\n|upkeep\n|turn|45\n|\n|t:|1699990683\n|move|p1a: Chansey|Soft-Boiled|p1a: Chansey\n|-heal|p1a: Chansey|97\/100\n|move|p2a: Garganacl|Recover|p2a: Garganacl\n|-heal|p2a: Garganacl|100\/100\n|\n|upkeep\n|turn|46\n|\n|t:|1699990692\n|switch|p1a: Sceptile|Sceptile-Mega, F|31\/100\n|-damage|p1a: Sceptile|18\/100|[from] Stealth Rock\n|move|p2a: Garganacl|Salt Cure|p1a: Sceptile\n|-damage|p1a: Sceptile|0 fnt\n|faint|p1a: Sceptile\n|\n|upkeep\n|\n|t:|1699990696\n|switch|p1a: Tapu Bulu|Tapu Bulu, shiny|58\/100\n|-damage|p1a: Tapu Bulu|46\/100|[from] Stealth Rock\n|-fieldstart|move: Grassy Terrain|[from] ability: Grassy Surge|[of] p1a: Tapu Bulu\n|turn|47\n|\n|t:|1699990709\n|switch|p2a: Greninja|Greninja, M, shiny|100\/100\n|move|p1a: Tapu Bulu|Swords Dance|p1a: Tapu Bulu\n|-boost|p1a: Tapu Bulu|atk|2\n|\n|-heal|p1a: Tapu Bulu|52\/100|[from] Grassy Terrain\n|upkeep\n|turn|48\n|\n|t:|1699990715\n|switch|p1a: Chansey|Chansey, F|97\/100\n|-damage|p1a: Chansey|85\/100|[from] Stealth Rock\n|move|p2a: Greninja|Ice Beam|p1a: Chansey\n|-start|p2a: Greninja|typechange|Ice|[from] ability: Protean\n|-damage|p1a: Chansey|72\/100\n|\n|-heal|p1a: Chansey|78\/100|[from] Grassy Terrain\n|upkeep\n|turn|49\n|\n|t:|1699990718\n|switch|p1a: Tapu Bulu|Tapu Bulu, shiny|52\/100\n|-damage|p1a: Tapu Bulu|39\/100|[from] Stealth Rock\n|move|p2a: Greninja|U-turn|p1a: Tapu Bulu\n|-damage|p1a: Tapu Bulu|26\/100\n|\n|t:|1699990733\n|switch|p2a: Garganacl|Garganacl, M, shiny, tera:Ghost|100\/100|[from] U-turn\n|\n|-heal|p1a: Tapu Bulu|33\/100|[from] Grassy Terrain\n|upkeep\n|turn|50\n|\n|t:|1699990738\n|move|p1a: Tapu Bulu|Horn Leech|p2a: Garganacl\n|-damage|p2a: Garganacl|76\/100\n|-heal|p1a: Tapu Bulu|48\/100|[from] drain|[of] p2a: Garganacl\n|move|p2a: Garganacl|Salt Cure|p1a: Tapu Bulu\n|-damage|p1a: Tapu Bulu|35\/100\n|-start|p1a: Tapu Bulu|Salt Cure\n|\n|-heal|p1a: Tapu Bulu|41\/100|[from] Grassy Terrain\n|-heal|p2a: Garganacl|82\/100|[from] Grassy Terrain\n|-heal|p2a: Garganacl|88\/100|[from] item: Leftovers\n|-damage|p1a: Tapu Bulu|28\/100|[from] Salt Cure\n|upkeep\n|turn|51\n|\n|t:|1699990748\n|move|p1a: Tapu Bulu|Horn Leech|p2a: Garganacl\n|-damage|p2a: Garganacl|61\/100\n|-heal|p1a: Tapu Bulu|45\/100|[from] drain|[of] p2a: Garganacl\n|move|p2a: Garganacl|Salt Cure|p1a: Tapu Bulu\n|-damage|p1a: Tapu Bulu|32\/100\n|\n|-heal|p1a: Tapu Bulu|39\/100|[from] Grassy Terrain\n|-heal|p2a: Garganacl|67\/100|[from] Grassy Terrain\n|-heal|p2a: Garganacl|73\/100|[from] item: Leftovers\n|-damage|p1a: Tapu Bulu|26\/100|[from] Salt Cure\n|-fieldend|move: Grassy Terrain\n|upkeep\n|turn|52\n|\n|t:|1699990758\n|move|p1a: Tapu Bulu|Swords Dance|p1a: Tapu Bulu\n|-boost|p1a: Tapu Bulu|atk|2\n|move|p2a: Garganacl|Salt Cure|p1a: Tapu Bulu\n|-damage|p1a: Tapu Bulu|13\/100\n|\n|-heal|p2a: Garganacl|79\/100|[from] item: Leftovers\n|-damage|p1a: Tapu Bulu|1\/100|[from] Salt Cure\n|upkeep\n|turn|53\n|\n|t:|1699990763\n|move|p2a: Garganacl|Protect|p2a: Garganacl\n|-singleturn|p2a: Garganacl|Protect\n|move|p1a: Tapu Bulu|Horn Leech|p2a: Garganacl\n|-activate|p2a: Garganacl|move: Protect\n|\n|-heal|p2a: Garganacl|86\/100|[from] item: Leftovers\n|-damage|p1a: Tapu Bulu|0 fnt|[from] Salt Cure\n|faint|p1a: Tapu Bulu\n|upkeep\n|\n|t:|1699990770\n|switch|p1a: Iron Hands|Iron Hands|54\/100\n|-damage|p1a: Iron Hands|48\/100|[from] Stealth Rock\n|turn|54\n|\n|t:|1699990774\n|move|p1a: Iron Hands|Swords Dance|p1a: Iron Hands\n|-boost|p1a: Iron Hands|atk|2\n|move|p2a: Garganacl|Salt Cure|p1a: Iron Hands\n|-resisted|p1a: Iron Hands\n|-damage|p1a: Iron Hands|44\/100\n|-start|p1a: Iron Hands|Salt Cure\n|\n|-heal|p2a: Garganacl|92\/100|[from] item: Leftovers\n|-damage|p1a: Iron Hands|31\/100|[from] Salt Cure\n|upkeep\n|turn|55\n|\n|t:|1699990799\n|move|p1a: Iron Hands|Thunder Punch|p2a: Garganacl\n|-crit|p2a: Garganacl\n|-damage|p2a: Garganacl|36\/100\n|move|p2a: Garganacl|Salt Cure|p1a: Iron Hands\n|-resisted|p1a: Iron Hands\n|-damage|p1a: Iron Hands|27\/100\n|\n|-heal|p2a: Garganacl|42\/100|[from] item: Leftovers\n|-damage|p1a: Iron Hands|14\/100|[from] Salt Cure\n|upkeep\n|turn|56\n|\n|t:|1699990815\n|move|p2a: Garganacl|Protect|p2a: Garganacl\n|-singleturn|p2a: Garganacl|Protect\n|move|p1a: Iron Hands|Thunder Punch|p2a: Garganacl\n|-activate|p2a: Garganacl|move: Protect\n|\n|-heal|p2a: Garganacl|48\/100|[from] item: Leftovers\n|-damage|p1a: Iron Hands|2\/100|[from] Salt Cure\n|upkeep\n|turn|57\n|\n|t:|1699990822\n|switch|p2a: Greninja|Greninja, M, shiny|100\/100\n|move|p1a: Iron Hands|Drain Punch|p2a: Greninja\n|-supereffective|p2a: Greninja\n|-damage|p2a: Greninja|0 fnt\n|-heal|p1a: Iron Hands|30\/100|[from] drain|[of] p2a: Greninja\n|faint|p2a: Greninja\n|\n|-damage|p1a: Iron Hands|17\/100|[from] Salt Cure\n|upkeep\n|\n|t:|1699990825\n|switch|p2a: Garganacl|Garganacl, M, shiny, tera:Ghost|48\/100\n|turn|58\n|c|\u2606Shelmuxe|XD\n|\n|t:|1699990841\n|move|p1a: Iron Hands|Thunder Punch|p2a: Garganacl\n|-damage|p2a: Garganacl|8\/100\n|move|p2a: Garganacl|Recover|p2a: Garganacl\n|-heal|p2a: Garganacl|58\/100\n|\n|-heal|p2a: Garganacl|64\/100|[from] item: Leftovers\n|-damage|p1a: Iron Hands|5\/100|[from] Salt Cure\n|upkeep\n|turn|59\n|\n|t:|1699990845\n|move|p2a: Garganacl|Protect|p2a: Garganacl\n|-singleturn|p2a: Garganacl|Protect\n|move|p1a: Iron Hands|Thunder Punch|p2a: Garganacl\n|-activate|p2a: Garganacl|move: Protect\n|\n|-heal|p2a: Garganacl|70\/100|[from] item: Leftovers\n|-damage|p1a: Iron Hands|0 fnt|[from] Salt Cure\n|faint|p1a: Iron Hands\n|-end|p1a: Iron Hands|Quark Drive|[silent]\n|upkeep\n|\n|t:|1699990848\n|switch|p1a: Chansey|Chansey, F|78\/100\n|-damage|p1a: Chansey|66\/100|[from] Stealth Rock\n|turn|60\n|\n|t:|1699990852\n|move|p1a: Chansey|Seismic Toss|p2a: Garganacl\n|-immune|p2a: Garganacl\n|move|p2a: Garganacl|Salt Cure|p1a: Chansey\n|-damage|p1a: Chansey|58\/100\n|-start|p1a: Chansey|Salt Cure\n|\n|-heal|p2a: Garganacl|76\/100|[from] item: Leftovers\n|-damage|p1a: Chansey|45\/100|[from] Salt Cure\n|upkeep\n|turn|61\n|-message|Shelmuxe forfeited.\n|\n|win|Zveno1\n|raw|Shelmuxe's rating: 1271 &rarr; <strong>1249<\/strong><br \/>(-22 for losing)\n|raw|Zveno1's rating: 1316 &rarr; <strong>1333<\/strong><br \/>(+17 for winning)\n","uploadtime":1699990864,"views":3,"p1id":"shelmuxe","p2id":"zveno1","formatid":"gen9nationaldex","rating":1249,"private":0,"password":""}