{"id":"gen9nationaldex-1991637753","p1":"Stealth 25","p2":"MorthDaMooth","format":"[Gen 9] National Dex","log":"|j|\u2606Stealth 25\n|j|\u2606MorthDaMooth\n|t:|1700097036\n|gametype|singles\n|player|p1|Stealth 25|hilbert|\n|player|p2|MorthDaMooth|170|\n|teamsize|p1|6\n|teamsize|p2|6\n|gen|9\n|tier|[Gen 9] National Dex\n|rule|HP Percentage Mod: HP is shown in percentages\n|rule|Endless Battle Clause: Forcing endless battles is banned\n|rule|OHKO Clause: OHKO moves are banned\n|rule|Evasion Clause: Evasion abilities, items, and moves are banned\n|rule|Evasion Abilities Clause: Evasion abilities are banned\n|rule|Evasion Items Clause: Evasion items are banned\n|rule|Evasion Moves Clause: Evasion moves are banned\n|rule|Species Clause: Limit one of each Pok\u00e9mon\n|rule|Sleep Clause Mod: Limit one foe put to sleep\n|clearpoke\n|poke|p1|Greninja-*, M|\n|poke|p1|Shuckle, M|\n|poke|p1|Charizard, M|\n|poke|p1|Tapu Koko|\n|poke|p1|Iron Valiant|\n|poke|p1|Sceptile, M|\n|poke|p2|Serperior, M|\n|poke|p2|Noivern, M|\n|poke|p2|Tinkaton, F|\n|poke|p2|Slither Wing|\n|poke|p2|Milotic, F|\n|poke|p2|Clodsire, M|\n|teampreview\n|\n|t:|1700097043\n|start\n|switch|p1a: Dark Wing|Charizard, M, shiny|100\/100\n|switch|p2a: Marvel|Milotic, F|100\/100\n|turn|1\n|\n|t:|1700097053\n|detailschange|p1a: Dark Wing|Charizard-Mega-X, M, shiny\n|-mega|p1a: Dark Wing|Charizard|Charizardite X\n|-terastallize|p2a: Marvel|Electric\n|move|p1a: Dark Wing|Dragon Dance|p1a: Dark Wing\n|-boost|p1a: Dark Wing|atk|1\n|-boost|p1a: Dark Wing|spe|1\n|move|p2a: Marvel|Tera Blast|p1a: Dark Wing|[anim] Tera Blast Electric\n|-resisted|p1a: Dark Wing\n|-damage|p1a: Dark Wing|77\/100\n|\n|upkeep\n|turn|2\n|\n|t:|1700097063\n|move|p1a: Dark Wing|Dragon Claw|p2a: Marvel\n|-damage|p2a: Marvel|12\/100\n|move|p2a: Marvel|Hydro Pump|p1a: Dark Wing\n|-damage|p1a: Dark Wing|14\/100\n|\n|upkeep\n|turn|3\n|\n|t:|1700097069\n|move|p1a: Dark Wing|Dragon Claw|p2a: Marvel\n|-damage|p2a: Marvel|0 fnt\n|faint|p2a: Marvel\n|\n|upkeep\n|\n|t:|1700097073\n|switch|p2a: Floof Mooth|Slither Wing|100\/100\n|turn|4\n|\n|t:|1700097076\n|move|p2a: Floof Mooth|First Impression|p1a: Dark Wing\n|-resisted|p1a: Dark Wing\n|-damage|p1a: Dark Wing|0 fnt\n|faint|p1a: Dark Wing\n|\n|upkeep\n|\n|t:|1700097079\n|switch|p1a: Spartan|Iron Valiant, shiny|100\/100\n|-enditem|p1a: Spartan|Booster Energy\n|-activate|p1a: Spartan|ability: Quark Drive|[fromitem]\n|-start|p1a: Spartan|quarkdrivespe\n|turn|5\n|\n|t:|1700097084\n|move|p1a: Spartan|Encore|p2a: Floof Mooth\n|-start|p2a: Floof Mooth|Encore\n|move|p2a: Floof Mooth|First Impression||[still]\n|-hint|First Impression only works on your first turn out.\n|-fail|p2a: Floof Mooth\n|\n|upkeep\n|turn|6\n|\n|t:|1700097090\n|-end|p2a: Floof Mooth|Protosynthesis|[silent]\n|switch|p2a: Da Snoove!|Serperior, M|100\/100\n|move|p1a: Spartan|Swords Dance|p1a: Spartan\n|-boost|p1a: Spartan|atk|2\n|\n|upkeep\n|turn|7\n|\n|t:|1700097096\n|move|p1a: Spartan|Close Combat|p2a: Da Snoove!\n|-damage|p2a: Da Snoove!|0 fnt\n|-unboost|p1a: Spartan|def|1\n|-unboost|p1a: Spartan|spd|1\n|faint|p2a: Da Snoove!\n|\n|upkeep\n|\n|t:|1700097102\n|switch|p2a: The Lad!|Clodsire, M|100\/100\n|turn|8\n|\n|t:|1700097107\n|move|p1a: Spartan|Close Combat|p2a: The Lad!\n|-resisted|p2a: The Lad!\n|-damage|p2a: The Lad!|31\/100\n|-unboost|p1a: Spartan|def|1\n|-unboost|p1a: Spartan|spd|1\n|move|p2a: The Lad!|Earthquake|p1a: Spartan\n|-damage|p1a: Spartan|33\/100\n|\n|upkeep\n|turn|9\n|\n|t:|1700097114\n|move|p1a: Spartan|Close Combat|p2a: The Lad!\n|-resisted|p2a: The Lad!\n|-damage|p2a: The Lad!|0 fnt\n|-unboost|p1a: Spartan|def|1\n|-unboost|p1a: Spartan|spd|1\n|faint|p2a: The Lad!\n|\n|upkeep\n|\n|t:|1700097119\n|switch|p2a: Floof Mooth|Slither Wing|100\/100\n|turn|10\n|\n|t:|1700097135\n|move|p2a: Floof Mooth|First Impression|p1a: Spartan\n|-resisted|p1a: Spartan\n|-damage|p1a: Spartan|0 fnt\n|faint|p1a: Spartan\n|-end|p1a: Spartan|Quark Drive|[silent]\n|\n|upkeep\n|\n|t:|1700097140\n|switch|p1a: Hot Koko|Tapu Koko, shiny|100\/100\n|-fieldstart|move: Electric Terrain|[from] ability: Electric Surge|[of] p1a: Hot Koko\n|turn|11\n|\n|t:|1700097144\n|move|p1a: Hot Koko|Thunderbolt|p2a: Floof Mooth\n|-damage|p2a: Floof Mooth|50\/100\n|move|p2a: Floof Mooth|U-turn|p1a: Hot Koko\n|-resisted|p1a: Hot Koko\n|-damage|p1a: Hot Koko|74\/100\n|\n|t:|1700097150\n|-end|p2a: Floof Mooth|Protosynthesis|[silent]\n|switch|p2a: Whamma Slam!|Tinkaton, F|100\/100|[from] U-turn\n|-ability|p2a: Whamma Slam!|Mold Breaker\n|\n|upkeep\n|turn|12\n|\n|t:|1700097155\n|move|p1a: Hot Koko|Thunderbolt|p2a: Whamma Slam!\n|-damage|p2a: Whamma Slam!|46\/100\n|move|p2a: Whamma Slam!|Gigaton Hammer|p1a: Hot Koko\n|-damage|p1a: Hot Koko|0 fnt\n|faint|p1a: Hot Koko\n|\n|-heal|p2a: Whamma Slam!|52\/100|[from] item: Leftovers\n|upkeep\n|\n|t:|1700097166\n|switch|p1a: Stealth|Greninja, M|100\/100\n|turn|13\n|\n|t:|1700097168\n|move|p1a: Stealth|Surf|p2a: Whamma Slam!\n|-crit|p2a: Whamma Slam!\n|-damage|p2a: Whamma Slam!|0 fnt\n|faint|p2a: Whamma Slam!\n|-ability|p1a: Stealth|Battle Bond|boost\n|-boost|p1a: Stealth|atk|1\n|-boost|p1a: Stealth|spa|1\n|-boost|p1a: Stealth|spe|1\n|-activate|p1a: Stealth|ability: Battle Bond\n|\n|upkeep\n|\n|t:|1700097176\n|switch|p2a: Floof Mooth|Slither Wing|50\/100\n|turn|14\n|\n|t:|1700097182\n|-terastallize|p1a: Stealth|Electric\n|move|p2a: Floof Mooth|First Impression|p1a: Stealth\n|-damage|p1a: Stealth|16\/100\n|move|p1a: Stealth|Ice Beam|p2a: Floof Mooth\n|-damage|p2a: Floof Mooth|8\/100\n|\n|upkeep\n|turn|15\n|\n|t:|1700097189\n|move|p1a: Stealth|Surf|p2a: Floof Mooth\n|-damage|p2a: Floof Mooth|0 fnt\n|faint|p2a: Floof Mooth\n|-end|p2a: Floof Mooth|Protosynthesis|[silent]\n|\n|upkeep\n|\n|t:|1700097192\n|switch|p2a: Reverb|Noivern, M, shiny|100\/100\n|turn|16\n|\n|t:|1700097200\n|move|p1a: Stealth|Tera Blast|p2a: Reverb|[anim] Tera Blast Electric\n|-damage|p2a: Reverb|5\/100\n|move|p2a: Reverb|Dragon Pulse|p1a: Stealth\n|-damage|p1a: Stealth|0 fnt\n|faint|p1a: Stealth\n|\n|upkeep\n|\n|t:|1700097205\n|switch|p1a: Shuckster|Shuckle, M, shiny|100\/100\n|turn|17\n|\n|t:|1700097211\n|move|p2a: Reverb|Dragon Pulse|p1a: Shuckster\n|-damage|p1a: Shuckster|75\/100\n|move|p1a: Shuckster|Toxic|p2a: Reverb\n|-status|p2a: Reverb|tox\n|\n|-damage|p2a: Reverb|0 fnt|[from] psn\n|faint|p2a: Reverb\n|\n|win|Stealth 25\n|upkeep\n","uploadtime":1700097221,"views":6,"p1id":"stealth25","p2id":"morthdamooth","formatid":"gen9nationaldex","rating":0,"private":0,"password":""}