{"id":"gen9nationaldex-1994247223","p1":"PhatcatLover","p2":"Chikorita127","format":"[Gen 9] National Dex","log":"|j|\u2606PhatcatLover\n|j|\u2606Chikorita127\n|t:|1700423137\n|gametype|singles\n|player|p1|PhatcatLover|nate|1104\n|player|p2|Chikorita127|266|1077\n|teamsize|p1|6\n|teamsize|p2|6\n|gen|9\n|tier|[Gen 9] National Dex\n|rated|\n|rule|HP Percentage Mod: HP is shown in percentages\n|rule|Endless Battle Clause: Forcing endless battles is banned\n|rule|OHKO Clause: OHKO moves are banned\n|rule|Evasion Clause: Evasion abilities, items, and moves are banned\n|rule|Evasion Abilities Clause: Evasion abilities are banned\n|rule|Evasion Items Clause: Evasion items are banned\n|rule|Evasion Moves Clause: Evasion moves are banned\n|rule|Species Clause: Limit one of each Pok\u00e9mon\n|rule|Sleep Clause Mod: Limit one foe put to sleep\n|clearpoke\n|poke|p1|Pikachu-Kalos, M|\n|poke|p1|Greninja-*, M|\n|poke|p1|Talonflame, F|\n|poke|p1|Hawlucha, M|\n|poke|p1|Goodra, F|\n|poke|p1|Noivern, F|\n|poke|p2|Lopunny, F|\n|poke|p2|Gardevoir, F|\n|poke|p2|Meowscarada, F|\n|poke|p2|Tsareena, F|\n|poke|p2|Hatterene, F|\n|poke|p2|Milotic, F|\n|teampreview\n|\n|t:|1700423142\n|start\n|switch|p1a: Noivern|Noivern, F|100\/100\n|switch|p2a: Milotic|Milotic, F|100\/100\n|-item|p2a: Milotic|Assault Vest|[from] ability: Frisk|[of] p1a: Noivern|[identify]\n|turn|1\n|\n|t:|1700423161\n|move|p1a: Noivern|Boomburst|p2a: Milotic\n|-damage|p2a: Milotic|86\/100\n|move|p2a: Milotic|Ice Beam|p1a: Noivern\n|-supereffective|p1a: Noivern\n|-damage|p1a: Noivern|0 fnt\n|faint|p1a: Noivern\n|\n|upkeep\n|\n|t:|1700423176\n|switch|p1a: Pikachu|Pikachu-Kalos, M|100\/100\n|turn|2\n|\n|t:|1700423184\n|switch|p2a: Meowscarada|Meowscarada, F|100\/100\n|move|p1a: Pikachu|Thunderbolt|p2a: Meowscarada\n|-resisted|p2a: Meowscarada\n|-damage|p2a: Meowscarada|70\/100\n|\n|upkeep\n|turn|3\n|\n|t:|1700423196\n|switch|p1a: Talonflame|Talonflame, F|100\/100\n|move|p2a: Meowscarada|Brick Break|p1a: Talonflame\n|-start|p2a: Meowscarada|typechange|Fighting|[from] ability: Protean\n|-resisted|p1a: Talonflame\n|-damage|p1a: Talonflame|73\/100\n|\n|upkeep\n|turn|4\n|\n|t:|1700423208\n|switch|p2a: Milotic|Milotic, F|86\/100\n|move|p1a: Talonflame|Brave Bird|p2a: Milotic\n|-damage|p2a: Milotic|34\/100\n|-damage|p1a: Talonflame|50\/100|[from] Recoil\n|\n|upkeep\n|turn|5\n|\n|t:|1700423215\n|move|p1a: Talonflame|Brave Bird|p2a: Milotic\n|-damage|p2a: Milotic|0 fnt\n|faint|p2a: Milotic\n|-damage|p1a: Talonflame|36\/100|[from] Recoil\n|\n|upkeep\n|\n|t:|1700423228\n|switch|p2a: Lopunny|Lopunny, F|100\/100\n|turn|6\n|\n|t:|1700423235\n|move|p2a: Lopunny|Fake Out|p1a: Talonflame\n|-damage|p1a: Talonflame|11\/100\n|-status|p2a: Lopunny|brn|[from] ability: Flame Body|[of] p1a: Talonflame\n|cant|p1a: Talonflame|flinch\n|\n|-damage|p2a: Lopunny|95\/100 brn|[from] brn\n|upkeep\n|turn|7\n|\n|t:|1700423246\n|detailschange|p2a: Lopunny|Lopunny-Mega, F\n|-mega|p2a: Lopunny|Lopunny|Lopunnite\n|move|p2a: Lopunny|Ice Punch|p1a: Talonflame\n|-damage|p1a: Talonflame|0 fnt\n|faint|p1a: Talonflame\n|\n|-damage|p2a: Lopunny|89\/100 brn|[from] brn\n|upkeep\n|\n|t:|1700423259\n|switch|p1a: Hawlucha|Hawlucha, M|100\/100\n|turn|8\n|\n|t:|1700423275\n|switch|p2a: Hatterene|Hatterene, F|100\/100\n|move|p1a: Hawlucha|Flying Press|p2a: Hatterene\n|-resisted|p2a: Hatterene\n|-damage|p2a: Hatterene|88\/100\n|\n|-heal|p2a: Hatterene|94\/100|[from] item: Leftovers\n|upkeep\n|turn|9\n|\n|t:|1700423288\n|move|p1a: Hawlucha|X-Scissor|p2a: Hatterene\n|-damage|p2a: Hatterene|66\/100\n|move|p2a: Hatterene|Psychic|p1a: Hawlucha\n|-supereffective|p1a: Hawlucha\n|-damage|p1a: Hawlucha|0 fnt\n|faint|p1a: Hawlucha\n|\n|-heal|p2a: Hatterene|72\/100|[from] item: Leftovers\n|upkeep\n|\n|t:|1700423298\n|switch|p1a: Greninja|Greninja, M|100\/100\n|turn|10\n|\n|t:|1700423306\n|switch|p2a: Gardevoir|Gardevoir, F|100\/100\n|move|p1a: Greninja|Scald|p2a: Gardevoir\n|-damage|p2a: Gardevoir|63\/100\n|\n|upkeep\n|turn|11\n|\n|t:|1700423317\n|-terastallize|p1a: Greninja|Water\n|move|p1a: Greninja|Scald|p2a: Gardevoir\n|-crit|p2a: Gardevoir\n|-damage|p2a: Gardevoir|0 fnt\n|faint|p2a: Gardevoir\n|-ability|p1a: Greninja|Battle Bond|boost\n|-boost|p1a: Greninja|atk|1\n|-boost|p1a: Greninja|spa|1\n|-boost|p1a: Greninja|spe|1\n|-activate|p1a: Greninja|ability: Battle Bond\n|\n|upkeep\n|\n|t:|1700423327\n|switch|p2a: Meowscarada|Meowscarada, F|70\/100\n|turn|12\n|\n|t:|1700423332\n|-terastallize|p2a: Meowscarada|Grass\n|move|p1a: Greninja|Acrobatics|p2a: Meowscarada\n|-supereffective|p2a: Meowscarada\n|-damage|p2a: Meowscarada|0 fnt\n|faint|p2a: Meowscarada\n|\n|upkeep\n|\n|t:|1700423341\n|switch|p2a: Hatterene|Hatterene, F|72\/100\n|turn|13\n|\n|t:|1700423347\n|move|p1a: Greninja|Scald|p2a: Hatterene\n|-damage|p2a: Hatterene|3\/100\n|move|p2a: Hatterene|Psychic|p1a: Greninja\n|-damage|p1a: Greninja|16\/100\n|\n|-heal|p2a: Hatterene|9\/100|[from] item: Leftovers\n|upkeep\n|turn|14\n|\n|t:|1700423363\n|move|p1a: Greninja|Water Shuriken|p2a: Hatterene\n|-damage|p2a: Hatterene|0 fnt\n|faint|p2a: Hatterene\n|-hitcount|p2: Hatterene|1\n|\n|upkeep\n|\n|t:|1700423367\n|switch|p2a: Tsareena|Tsareena, F|100\/100\n|turn|15\n|\n|t:|1700423371\n|move|p1a: Greninja|Acrobatics|p2a: Tsareena\n|-supereffective|p2a: Tsareena\n|-damage|p2a: Tsareena|33\/100\n|move|p2a: Tsareena|Acrobatics|p1a: Greninja\n|-damage|p1a: Greninja|0 fnt\n|faint|p1a: Greninja\n|\n|upkeep\n|\n|t:|1700423380\n|switch|p1a: Goodra|Goodra, F|100\/100\n|turn|16\n|\n|t:|1700423385\n|move|p1a: Goodra|Ice Beam|p2a: Tsareena\n|-supereffective|p2a: Tsareena\n|-damage|p2a: Tsareena|0 fnt\n|faint|p2a: Tsareena\n|\n|upkeep\n|\n|t:|1700423389\n|switch|p2a: Lopunny|Lopunny-Mega, F|89\/100 brn\n|turn|17\n|\n|t:|1700423407\n|move|p2a: Lopunny|Fake Out|p1a: Goodra\n|-damage|p1a: Goodra|88\/100\n|cant|p1a: Goodra|flinch\n|\n|-damage|p2a: Lopunny|83\/100 brn|[from] brn\n|upkeep\n|turn|18\n|\n|t:|1700423413\n|move|p2a: Lopunny|Ice Punch|p1a: Goodra\n|-supereffective|p1a: Goodra\n|-damage|p1a: Goodra|57\/100\n|move|p1a: Goodra|Dragon Pulse|p2a: Lopunny\n|-damage|p2a: Lopunny|28\/100 brn\n|\n|-damage|p2a: Lopunny|22\/100 brn|[from] brn\n|upkeep\n|turn|19\n|\n|t:|1700423421\n|move|p2a: Lopunny|Ice Punch|p1a: Goodra\n|-supereffective|p1a: Goodra\n|-damage|p1a: Goodra|25\/100\n|move|p1a: Goodra|Dragon Pulse|p2a: Lopunny\n|-damage|p2a: Lopunny|0 fnt\n|faint|p2a: Lopunny\n|\n|win|PhatcatLover\n|raw|PhatcatLover's rating: 1104 &rarr; <strong>1127<\/strong><br \/>(+23 for winning)\n|raw|Chikorita127's rating: 1077 &rarr; <strong>1057<\/strong><br \/>(-20 for losing)\n|l|\u2606Chikorita127\n","uploadtime":1700423430,"views":4,"p1id":"phatcatlover","p2id":"chikorita127","formatid":"gen9nationaldex","rating":1057,"private":0,"password":""}