{"id":"gen9nationaldex-1988247605","p1":"Moonwolf118","p2":"Ayao_M","format":"[Gen 9] National Dex","log":"|j|\u2606Moonwolf118\n|j|\u2606Ayao_M\n|t:|1699693856\n|gametype|singles\n|player|p1|Moonwolf118|pokekid|1167\n|player|p2|Ayao_M|maid|1155\n|teamsize|p1|6\n|teamsize|p2|6\n|gen|9\n|tier|[Gen 9] National Dex\n|rated|\n|rule|HP Percentage Mod: HP is shown in percentages\n|rule|Endless Battle Clause: Forcing endless battles is banned\n|rule|OHKO Clause: OHKO moves are banned\n|rule|Evasion Clause: Evasion abilities, items, and moves are banned\n|rule|Evasion Abilities Clause: Evasion abilities are banned\n|rule|Evasion Items Clause: Evasion items are banned\n|rule|Evasion Moves Clause: Evasion moves are banned\n|rule|Species Clause: Limit one of each Pok\u00e9mon\n|rule|Sleep Clause Mod: Limit one foe put to sleep\n|clearpoke\n|poke|p1|Obstagoon, M|\n|poke|p1|Kommo-o, M|\n|poke|p1|Grimmsnarl, M|\n|poke|p1|Machamp, M|\n|poke|p1|Nidoking, M|\n|poke|p1|Incineroar, M|\n|poke|p2|Meowscarada, M|\n|poke|p2|Toxapex, M|\n|poke|p2|Corviknight, F|\n|poke|p2|Garchomp, F|\n|poke|p2|Diancie|\n|poke|p2|Indeedee, M|\n|teampreview\n|\n|t:|1699693875\n|start\n|switch|p1a: Nidoking|Nidoking, M|100\/100\n|switch|p2a: Indeedee|Indeedee, M|100\/100\n|-fieldstart|move: Psychic Terrain|[from] ability: Psychic Surge|[of] p2a: Indeedee\n|turn|1\n|\n|t:|1699693881\n|switch|p1a: Obstagoon|Obstagoon, M|100\/100\n|move|p2a: Indeedee|Expanding Force|p1a: Obstagoon\n|-immune|p1a: Obstagoon\n|\n|-status|p1a: Obstagoon|brn|[from] item: Flame Orb\n|upkeep\n|turn|2\n|\n|t:|1699693896\n|switch|p2a: Corviknight|Corviknight, F|100\/100\n|move|p1a: Obstagoon|Knock Off|p2a: Corviknight\n|-damage|p2a: Corviknight|66\/100\n|-enditem|p2a: Corviknight|Leftovers|[from] move: Knock Off|[of] p1a: Obstagoon\n|\n|-damage|p1a: Obstagoon|94\/100 brn|[from] brn\n|upkeep\n|turn|3\n|\n|t:|1699693913\n|move|p1a: Obstagoon|Parting Shot|p2a: Corviknight\n|-ability|p2a: Corviknight|Mirror Armor\n|-unboost|p1a: Obstagoon|atk|1\n|-ability|p2a: Corviknight|Mirror Armor\n|-unboost|p1a: Obstagoon|spa|1\n|\n|t:|1699693921\n|switch|p1a: Nidoking|Nidoking, M|100\/100|[from] Parting Shot\n|move|p2a: Corviknight|Roost|p2a: Corviknight\n|-heal|p2a: Corviknight|100\/100\n|-singleturn|p2a: Corviknight|move: Roost\n|\n|upkeep\n|turn|4\n|\n|t:|1699693930\n|move|p1a: Nidoking|Thunderbolt|p2a: Corviknight\n|-supereffective|p2a: Corviknight\n|-damage|p2a: Corviknight|21\/100\n|move|p2a: Corviknight|Bulk Up|p2a: Corviknight\n|-boost|p2a: Corviknight|atk|1\n|-boost|p2a: Corviknight|def|1\n|\n|upkeep\n|turn|5\n|\n|t:|1699693940\n|switch|p2a: Garchomp|Garchomp, F|100\/100\n|move|p1a: Nidoking|Ice Beam|p2a: Garchomp\n|-supereffective|p2a: Garchomp\n|-damage|p2a: Garchomp|0 fnt\n|faint|p2a: Garchomp\n|\n|-fieldend|move: Psychic Terrain\n|upkeep\n|\n|t:|1699693951\n|switch|p2a: Diancie|Diancie|100\/100\n|turn|6\n|\n|t:|1699693959\n|detailschange|p2a: Diancie|Diancie-Mega\n|-mega|p2a: Diancie|Diancie|Diancite\n|-terastallize|p1a: Nidoking|Water\n|move|p2a: Diancie|Earth Power|p1a: Nidoking\n|-damage|p1a: Nidoking|49\/100\n|-unboost|p1a: Nidoking|spd|1\n|move|p1a: Nidoking|Earth Power|p2a: Diancie\n|-supereffective|p2a: Diancie\n|-damage|p2a: Diancie|0 fnt\n|faint|p2a: Diancie\n|\n|upkeep\n|\n|t:|1699693969\n|switch|p2a: Meowscarada|Meowscarada, M|100\/100\n|turn|7\n|\n|t:|1699693973\n|switch|p1a: Incineroar|Incineroar, M|100\/100\n|-ability|p1a: Incineroar|Intimidate|boost\n|-unboost|p2a: Meowscarada|atk|1\n|move|p2a: Meowscarada|Flower Trick|p1a: Incineroar\n|-start|p2a: Meowscarada|typechange|Grass|[from] ability: Protean\n|-resisted|p1a: Incineroar\n|-crit|p1a: Incineroar\n|-damage|p1a: Incineroar|77\/100\n|\n|upkeep\n|turn|8\n|\n|t:|1699693992\n|-zpower|p2a: Meowscarada\n|move|p2a: Meowscarada|Gigavolt Havoc|p1a: Incineroar|[zeffect]\n|-damage|p1a: Incineroar|49\/100\n|move|p1a: Incineroar|Flare Blitz|p2a: Meowscarada\n|-supereffective|p2a: Meowscarada\n|-damage|p2a: Meowscarada|0 fnt\n|faint|p2a: Meowscarada\n|-damage|p1a: Incineroar|25\/100|[from] Recoil\n|\n|upkeep\n|-message|Ayao_M forfeited.\n|\n|win|Moonwolf118\n|raw|Moonwolf118's rating: 1167 &rarr; <strong>1191<\/strong><br \/>(+24 for winning)\n|raw|Ayao_M's rating: 1155 &rarr; <strong>1131<\/strong><br \/>(-24 for losing)\n|l|\u2606Ayao_M\n","uploadtime":1699694009,"views":8,"p1id":"moonwolf118","p2id":"ayaom","formatid":"gen9nationaldex","rating":1131,"private":0,"password":""}