{"id":"gen9nationaldex-1988529502","p1":"the great crusader","p2":"Cameron DeGrate","format":"[Gen 9] National Dex","log":"|j|\u2606the great crusader\n|j|\u2606Cameron DeGrate\n|t:|1699732748\n|gametype|singles\n|player|p1|the great crusader|169|1133\n|player|p2|Cameron DeGrate|cyrus|1207\n|teamsize|p1|6\n|teamsize|p2|6\n|gen|9\n|tier|[Gen 9] National Dex\n|rated|\n|rule|HP Percentage Mod: HP is shown in percentages\n|rule|Endless Battle Clause: Forcing endless battles is banned\n|rule|OHKO Clause: OHKO moves are banned\n|rule|Evasion Clause: Evasion abilities, items, and moves are banned\n|rule|Evasion Abilities Clause: Evasion abilities are banned\n|rule|Evasion Items Clause: Evasion items are banned\n|rule|Evasion Moves Clause: Evasion moves are banned\n|rule|Species Clause: Limit one of each Pok\u00e9mon\n|rule|Sleep Clause Mod: Limit one foe put to sleep\n|clearpoke\n|poke|p1|Greninja-*, M|\n|poke|p1|Ninetales, M|\n|poke|p1|Braviary-Hisui, M|\n|poke|p1|Aurorus, F|\n|poke|p1|Zangoose, M|\n|poke|p1|Scolipede, M|\n|poke|p2|Charizard, F|\n|poke|p2|Great Tusk|\n|poke|p2|Sneasler, M|\n|poke|p2|Iron Moth|\n|poke|p2|Iron Treads|\n|poke|p2|Tapu Koko|\n|teampreview\n|\n|t:|1699732764\n|start\n|switch|p1a: Braviary|Braviary-Hisui, M, shiny|100\/100\n|switch|p2a: Tapu Koko|Tapu Koko|100\/100\n|-fieldstart|move: Electric Terrain|[from] ability: Electric Surge|[of] p2a: Tapu Koko\n|turn|1\n|\n|t:|1699732782\n|-terastallize|p1a: Braviary|Fire\n|move|p2a: Tapu Koko|Thunder Wave|p1a: Braviary\n|-status|p1a: Braviary|par\n|move|p1a: Braviary|Psychic|p2a: Tapu Koko\n|-damage|p2a: Tapu Koko|0 fnt\n|faint|p2a: Tapu Koko\n|\n|upkeep\n|\n|t:|1699732797\n|switch|p2a: Iron Treads|Iron Treads|100\/100\n|-activate|p2a: Iron Treads|ability: Quark Drive\n|-start|p2a: Iron Treads|quarkdrivespe\n|turn|2\n|\n|t:|1699732802\n|move|p2a: Iron Treads|Earthquake|p1a: Braviary\n|-supereffective|p1a: Braviary\n|-damage|p1a: Braviary|0 fnt\n|faint|p1a: Braviary\n|\n|upkeep\n|\n|t:|1699732808\n|switch|p1a: Aurorus|Aurorus, F, shiny|100\/100\n|-weather|Snow|[from] ability: Snow Warning|[of] p1a: Aurorus\n|turn|3\n|\n|t:|1699732814\n|move|p2a: Iron Treads|Earthquake|p1a: Aurorus\n|-supereffective|p1a: Aurorus\n|-damage|p1a: Aurorus|0 fnt\n|faint|p1a: Aurorus\n|\n|-weather|Snow|[upkeep]\n|upkeep\n|\n|t:|1699732818\n|switch|p1a: Ninetales|Ninetales, M, shiny|100\/100\n|-weather|SunnyDay|[from] ability: Drought|[of] p1a: Ninetales\n|turn|4\n|inactive|Battle timer is ON: inactive players will automatically lose when time's up. (requested by the great crusader)\n|\n|t:|1699732836\n|-terastallize|p2a: Iron Treads|Flying\n|move|p2a: Iron Treads|Earthquake|p1a: Ninetales\n|-supereffective|p1a: Ninetales\n|-damage|p1a: Ninetales|0 fnt\n|faint|p1a: Ninetales\n|\n|-weather|SunnyDay|[upkeep]\n|upkeep\n|\n|t:|1699732842\n|switch|p1a: Scolipede|Scolipede, M|100\/100\n|turn|5\n|\n|t:|1699732844\n|move|p2a: Iron Treads|Earthquake|p1a: Scolipede\n|-damage|p1a: Scolipede|2\/100\n|move|p1a: Scolipede|Swords Dance|p1a: Scolipede\n|-boost|p1a: Scolipede|atk|2\n|\n|-weather|SunnyDay|[upkeep]\n|-ability|p1a: Scolipede|Speed Boost|boost\n|-boost|p1a: Scolipede|spe|1\n|upkeep\n|turn|6\n|\n|t:|1699732849\n|move|p2a: Iron Treads|Earthquake|p1a: Scolipede\n|-damage|p1a: Scolipede|0 fnt\n|faint|p1a: Scolipede\n|\n|-weather|SunnyDay|[upkeep]\n|upkeep\n|\n|t:|1699732852\n|switch|p1a: Greninja|Greninja, M, shiny|100\/100\n|turn|7\n|\n|t:|1699732857\n|move|p2a: Iron Treads|Earthquake|p1a: Greninja\n|-damage|p1a: Greninja|0 fnt\n|faint|p1a: Greninja\n|\n|-weather|SunnyDay|[upkeep]\n|upkeep\n|\n|t:|1699732859\n|switch|p1a: Zangoose|Zangoose, M, shiny|100\/100\n|turn|8\n|\n|t:|1699732864\n|move|p2a: Iron Treads|Earthquake|p1a: Zangoose\n|-damage|p1a: Zangoose|0 fnt\n|faint|p1a: Zangoose\n|\n|win|Cameron DeGrate\n|raw|the great crusader's rating: 1133 &rarr; <strong>1113<\/strong><br \/>(-20 for losing)\n|raw|Cameron DeGrate's rating: 1207 &rarr; <strong>1227<\/strong><br \/>(+20 for winning)\n|l|\u2606the great crusader\n","uploadtime":1699732875,"views":4,"p1id":"thegreatcrusader","p2id":"camerondegrate","formatid":"gen9nationaldex","rating":1113,"private":0,"password":""}