{"id":"gen9nationaldex-1987965442","p1":"SupremeKawaiiFiend","p2":"Shiftryfishyy3","format":"[Gen 9] National Dex","log":"|j|\u2606SupremeKawaiiFiend\n|j|\u2606Shiftryfishyy3\n|t:|1699653916\n|gametype|singles\n|player|p1|SupremeKawaiiFiend|whitney|1336\n|player|p2|Shiftryfishyy3|102|1361\n|teamsize|p1|6\n|teamsize|p2|6\n|gen|9\n|tier|[Gen 9] National Dex\n|rated|\n|rule|HP Percentage Mod: HP is shown in percentages\n|rule|Endless Battle Clause: Forcing endless battles is banned\n|rule|OHKO Clause: OHKO moves are banned\n|rule|Evasion Clause: Evasion abilities, items, and moves are banned\n|rule|Evasion Abilities Clause: Evasion abilities are banned\n|rule|Evasion Items Clause: Evasion items are banned\n|rule|Evasion Moves Clause: Evasion moves are banned\n|rule|Species Clause: Limit one of each Pok\u00e9mon\n|rule|Sleep Clause Mod: Limit one foe put to sleep\n|clearpoke\n|poke|p1|Corsola-Galar, M|\n|poke|p1|Clefable, F|\n|poke|p1|Weavile, F|\n|poke|p1|Clodsire, F|\n|poke|p1|Iron Hands|\n|poke|p1|Okidogi, M|\n|poke|p2|Gliscor, F|\n|poke|p2|Crawdaunt, M|\n|poke|p2|Iron Treads|\n|poke|p2|Volcarona, F|\n|poke|p2|Rotom-Mow|\n|poke|p2|Dragonite, M|\n|teampreview\n|\n|t:|1699653926\n|start\n|switch|p1a: Corsola|Corsola-Galar, M, shiny|100\/100\n|switch|p2a: Iron Treads|Iron Treads|100\/100\n|-enditem|p2a: Iron Treads|Booster Energy\n|-activate|p2a: Iron Treads|ability: Quark Drive|[fromitem]\n|-start|p2a: Iron Treads|quarkdrivespe\n|turn|1\n|\n|t:|1699653933\n|move|p2a: Iron Treads|Knock Off|p1a: Corsola\n|-supereffective|p1a: Corsola\n|-damage|p1a: Corsola|63\/100\n|-start|p2a: Iron Treads|Disable|Knock Off|[from] ability: Cursed Body|[of] p1a: Corsola\n|-enditem|p1a: Corsola|Eviolite|[from] move: Knock Off|[of] p2a: Iron Treads\n|move|p1a: Corsola|Will-O-Wisp|p2a: Iron Treads\n|-status|p2a: Iron Treads|brn\n|\n|-damage|p2a: Iron Treads|94\/100 brn|[from] brn\n|upkeep\n|turn|2\n|\n|t:|1699653946\n|move|p2a: Iron Treads|Stealth Rock|p1a: Corsola\n|-sidestart|p1: SupremeKawaiiFiend|move: Stealth Rock\n|move|p1a: Corsola|Strength Sap|p2a: Iron Treads\n|-unboost|p2a: Iron Treads|atk|1\n|-heal|p1a: Corsola|100\/100\n|\n|-damage|p2a: Iron Treads|88\/100 brn|[from] brn\n|upkeep\n|turn|3\n|\n|t:|1699653955\n|-end|p2a: Iron Treads|Quark Drive|[silent]\n|switch|p2a: Crawdaunt|Crawdaunt, M|100\/100\n|move|p1a: Corsola|Hex|p2a: Crawdaunt\n|-resisted|p2a: Crawdaunt\n|-damage|p2a: Crawdaunt|84\/100\n|\n|upkeep\n|turn|4\n|\n|t:|1699653963\n|move|p2a: Crawdaunt|Dragon Dance|p2a: Crawdaunt\n|-boost|p2a: Crawdaunt|atk|1\n|-boost|p2a: Crawdaunt|spe|1\n|move|p1a: Corsola|Will-O-Wisp|p2a: Crawdaunt\n|-status|p2a: Crawdaunt|brn\n|\n|-damage|p2a: Crawdaunt|77\/100 brn|[from] brn\n|upkeep\n|turn|5\n|\n|t:|1699653971\n|move|p2a: Crawdaunt|Dark Pulse|p1a: Corsola\n|-supereffective|p1a: Corsola\n|-damage|p1a: Corsola|0 fnt\n|faint|p1a: Corsola\n|-damage|p2a: Crawdaunt|68\/100 brn|[from] item: Life Orb\n|\n|-damage|p2a: Crawdaunt|62\/100 brn|[from] brn\n|upkeep\n|\n|t:|1699653982\n|switch|p1a: Iron Hands|Iron Hands|100\/100\n|-damage|p1a: Iron Hands|94\/100|[from] Stealth Rock\n|turn|6\n|\n|t:|1699653993\n|move|p2a: Crawdaunt|Surf|p1a: Iron Hands\n|-damage|p1a: Iron Hands|57\/100\n|-damage|p2a: Crawdaunt|52\/100 brn|[from] item: Life Orb\n|move|p1a: Iron Hands|Swords Dance|p1a: Iron Hands\n|-boost|p1a: Iron Hands|atk|2\n|\n|-heal|p1a: Iron Hands|63\/100|[from] item: Leftovers\n|-damage|p2a: Crawdaunt|46\/100 brn|[from] brn\n|upkeep\n|turn|7\n|\n|t:|1699654003\n|move|p2a: Crawdaunt|Surf|p1a: Iron Hands\n|-damage|p1a: Iron Hands|24\/100\n|-damage|p2a: Crawdaunt|36\/100 brn|[from] item: Life Orb\n|move|p1a: Iron Hands|Drain Punch|p2a: Crawdaunt\n|-supereffective|p2a: Crawdaunt\n|-damage|p2a: Crawdaunt|0 fnt\n|-heal|p1a: Iron Hands|34\/100|[from] drain|[of] p2a: Crawdaunt\n|faint|p2a: Crawdaunt\n|\n|-heal|p1a: Iron Hands|40\/100|[from] item: Leftovers\n|upkeep\n|\n|t:|1699654023\n|switch|p2a: Drattak|Dragonite, M|100\/100\n|turn|8\n|\n|t:|1699654032\n|move|p2a: Drattak|Earthquake|p1a: Iron Hands\n|-supereffective|p1a: Iron Hands\n|-damage|p1a: Iron Hands|0 fnt\n|faint|p1a: Iron Hands\n|-end|p1a: Iron Hands|Quark Drive|[silent]\n|\n|upkeep\n|\n|t:|1699654044\n|switch|p1a: Okidogi|Okidogi, M|100\/100\n|-damage|p1a: Okidogi|94\/100|[from] Stealth Rock\n|turn|9\n|\n|t:|1699654054\n|switch|p2a: Gliscor|Gliscor, F|100\/100\n|move|p1a: Okidogi|Bulk Up|p1a: Okidogi\n|-boost|p1a: Okidogi|atk|1\n|-boost|p1a: Okidogi|def|1\n|\n|-heal|p1a: Okidogi|100\/100|[from] item: Leftovers\n|-status|p2a: Gliscor|tox|[from] item: Toxic Orb\n|upkeep\n|turn|10\n|\n|t:|1699654064\n|move|p2a: Gliscor|Earthquake|p1a: Okidogi\n|-supereffective|p1a: Okidogi\n|-damage|p1a: Okidogi|64\/100\n|move|p1a: Okidogi|Ice Punch|p2a: Gliscor\n|-supereffective|p2a: Gliscor\n|-damage|p2a: Gliscor|4\/100 tox\n|\n|-heal|p1a: Okidogi|70\/100|[from] item: Leftovers\n|-heal|p2a: Gliscor|16\/100 tox|[from] ability: Poison Heal\n|upkeep\n|turn|11\n|\n|t:|1699654078\n|move|p2a: Gliscor|Earthquake|p1a: Okidogi\n|-supereffective|p1a: Okidogi\n|-crit|p1a: Okidogi\n|-damage|p1a: Okidogi|0 fnt\n|faint|p1a: Okidogi\n|\n|-heal|p2a: Gliscor|29\/100 tox|[from] ability: Poison Heal\n|upkeep\n|\n|t:|1699654087\n|switch|p1a: Clodsire|Clodsire, F|100\/100\n|-damage|p1a: Clodsire|94\/100|[from] Stealth Rock\n|turn|12\n|\n|t:|1699654094\n|move|p2a: Gliscor|Earthquake|p1a: Clodsire\n|-supereffective|p1a: Clodsire\n|-damage|p1a: Clodsire|44\/100\n|move|p1a: Clodsire|Curse|p1a: Clodsire\n|-unboost|p1a: Clodsire|spe|1\n|-boost|p1a: Clodsire|atk|1\n|-boost|p1a: Clodsire|def|1\n|\n|-heal|p1a: Clodsire|50\/100|[from] item: Leftovers\n|-heal|p2a: Gliscor|41\/100 tox|[from] ability: Poison Heal\n|upkeep\n|turn|13\n|\n|t:|1699654105\n|move|p2a: Gliscor|Earthquake|p1a: Clodsire\n|-supereffective|p1a: Clodsire\n|-damage|p1a: Clodsire|19\/100\n|move|p1a: Clodsire|Recover|p1a: Clodsire\n|-heal|p1a: Clodsire|69\/100\n|\n|-heal|p1a: Clodsire|75\/100|[from] item: Leftovers\n|-heal|p2a: Gliscor|54\/100 tox|[from] ability: Poison Heal\n|upkeep\n|turn|14\n|\n|t:|1699654116\n|switch|p2a: Rotom|Rotom-Mow|100\/100\n|move|p1a: Clodsire|Curse|p1a: Clodsire\n|-unboost|p1a: Clodsire|spe|1\n|-boost|p1a: Clodsire|atk|1\n|-boost|p1a: Clodsire|def|1\n|\n|-heal|p1a: Clodsire|82\/100|[from] item: Leftovers\n|upkeep\n|turn|15\n|\n|t:|1699654126\n|move|p2a: Rotom|Trick|p1a: Clodsire\n|-activate|p2a: Rotom|move: Trick|[of] p1a: Clodsire\n|-item|p1a: Clodsire|Choice Specs|[from] move: Trick\n|-item|p2a: Rotom|Leftovers|[from] move: Trick\n|move|p1a: Clodsire|Poison Jab|p2a: Rotom\n|-supereffective|p2a: Rotom\n|-damage|p2a: Rotom|3\/100\n|-status|p2a: Rotom|psn\n|\n|-heal|p2a: Rotom|9\/100 psn|[from] item: Leftovers\n|-damage|p2a: Rotom|0 fnt|[from] psn\n|faint|p2a: Rotom\n|upkeep\n|\n|t:|1699654137\n|switch|p2a: Gliscor|Gliscor, F|54\/100 tox\n|turn|16\n|\n|t:|1699654141\n|move|p2a: Gliscor|Swords Dance|p2a: Gliscor\n|-boost|p2a: Gliscor|atk|2\n|move|p1a: Clodsire|Poison Jab|p2a: Gliscor\n|-resisted|p2a: Gliscor\n|-damage|p2a: Gliscor|37\/100 tox\n|\n|-heal|p2a: Gliscor|50\/100 tox|[from] ability: Poison Heal\n|upkeep\n|turn|17\n|\n|t:|1699654156\n|move|p2a: Gliscor|Earthquake|p1a: Clodsire\n|-supereffective|p1a: Clodsire\n|-damage|p1a: Clodsire|56\/100\n|move|p1a: Clodsire|Poison Jab|p2a: Gliscor\n|-resisted|p2a: Gliscor\n|-damage|p2a: Gliscor|33\/100 tox\n|\n|-heal|p2a: Gliscor|45\/100 tox|[from] ability: Poison Heal\n|upkeep\n|turn|18\n|\n|t:|1699654164\n|move|p2a: Gliscor|Earthquake|p1a: Clodsire\n|-supereffective|p1a: Clodsire\n|-damage|p1a: Clodsire|30\/100\n|move|p1a: Clodsire|Poison Jab|p2a: Gliscor\n|-resisted|p2a: Gliscor\n|-damage|p2a: Gliscor|28\/100 tox\n|\n|-heal|p2a: Gliscor|41\/100 tox|[from] ability: Poison Heal\n|upkeep\n|turn|19\n|\n|t:|1699654172\n|move|p2a: Gliscor|Earthquake|p1a: Clodsire\n|-supereffective|p1a: Clodsire\n|-damage|p1a: Clodsire|7\/100\n|move|p1a: Clodsire|Poison Jab|p2a: Gliscor\n|-resisted|p2a: Gliscor\n|-damage|p2a: Gliscor|24\/100 tox\n|\n|-heal|p2a: Gliscor|37\/100 tox|[from] ability: Poison Heal\n|upkeep\n|turn|20\n|\n|t:|1699654179\n|move|p2a: Gliscor|Earthquake|p1a: Clodsire\n|-supereffective|p1a: Clodsire\n|-damage|p1a: Clodsire|0 fnt\n|faint|p1a: Clodsire\n|\n|-heal|p2a: Gliscor|49\/100 tox|[from] ability: Poison Heal\n|upkeep\n|\n|t:|1699654189\n|switch|p1a: Weavile|Weavile, F|100\/100\n|-damage|p1a: Weavile|76\/100|[from] Stealth Rock\n|-ability|p1a: Weavile|Pressure\n|turn|21\n|\n|t:|1699654216\n|move|p1a: Weavile|Icicle Crash|p2a: Gliscor\n|-supereffective|p2a: Gliscor\n|-damage|p2a: Gliscor|0 fnt\n|faint|p2a: Gliscor\n|\n|upkeep\n|\n|t:|1699654224\n|switch|p2a: Lugulabre|Volcarona, F|100\/100\n|turn|22\n|\n|t:|1699654233\n|move|p1a: Weavile|Knock Off|p2a: Lugulabre\n|-damage|p2a: Lugulabre|47\/100\n|-enditem|p2a: Lugulabre|Heavy-Duty Boots|[from] move: Knock Off|[of] p1a: Weavile\n|move|p2a: Lugulabre|Quiver Dance|p2a: Lugulabre\n|-boost|p2a: Lugulabre|spa|1\n|-boost|p2a: Lugulabre|spd|1\n|-boost|p2a: Lugulabre|spe|1\n|\n|upkeep\n|turn|23\n|inactive|Battle timer is ON: inactive players will automatically lose when time's up. (requested by Shiftryfishyy3)\n|\n|t:|1699654269\n|move|p2a: Lugulabre|Morning Sun|p2a: Lugulabre\n|-heal|p2a: Lugulabre|96\/100\n|move|p1a: Weavile|Icicle Crash|p2a: Lugulabre|[miss]\n|-miss|p1a: Weavile|p2a: Lugulabre\n|\n|upkeep\n|turn|24\n|c|\u2606Shiftryfishyy3|gg\n|\n|t:|1699654293\n|move|p2a: Lugulabre|Fiery Dance|p1a: Weavile\n|-supereffective|p1a: Weavile\n|-damage|p1a: Weavile|0 fnt\n|faint|p1a: Weavile\n|\n|upkeep\n|\n|t:|1699654300\n|switch|p1a: Clefable|Clefable, F, shiny|100\/100\n|-damage|p1a: Clefable|88\/100|[from] Stealth Rock\n|turn|25\n|\n|t:|1699654316\n|move|p2a: Lugulabre|Fiery Dance|p1a: Clefable\n|-damage|p1a: Clefable|60\/100\n|-boost|p2a: Lugulabre|spa|1\n|move|p1a: Clefable|Cosmic Power|p1a: Clefable\n|-boost|p1a: Clefable|def|1\n|-boost|p1a: Clefable|spd|1\n|\n|-heal|p1a: Clefable|66\/100|[from] item: Leftovers\n|upkeep\n|turn|26\n|\n|t:|1699654330\n|switch|p2a: Drattak|Dragonite, M|100\/100\n|move|p1a: Clefable|Cosmic Power|p1a: Clefable\n|-boost|p1a: Clefable|def|1\n|-boost|p1a: Clefable|spd|1\n|\n|-heal|p1a: Clefable|73\/100|[from] item: Leftovers\n|upkeep\n|turn|27\n|\n|t:|1699654347\n|-terastallize|p2a: Drattak|Normal\n|move|p2a: Drattak|Extreme Speed|p1a: Clefable\n|-damage|p1a: Clefable|52\/100\n|move|p1a: Clefable|Cosmic Power|p1a: Clefable\n|-boost|p1a: Clefable|def|1\n|-boost|p1a: Clefable|spd|1\n|\n|-heal|p1a: Clefable|58\/100|[from] item: Leftovers\n|upkeep\n|turn|28\n|\n|t:|1699654360\n|move|p2a: Drattak|Extreme Speed|p1a: Clefable\n|-damage|p1a: Clefable|41\/100\n|move|p1a: Clefable|Cosmic Power|p1a: Clefable\n|-boost|p1a: Clefable|def|1\n|-boost|p1a: Clefable|spd|1\n|\n|-heal|p1a: Clefable|47\/100|[from] item: Leftovers\n|upkeep\n|turn|29\n|\n|t:|1699654368\n|move|p2a: Drattak|Extreme Speed|p1a: Clefable\n|-damage|p1a: Clefable|33\/100\n|move|p1a: Clefable|Soft-Boiled|p1a: Clefable\n|-heal|p1a: Clefable|83\/100\n|\n|-heal|p1a: Clefable|89\/100|[from] item: Leftovers\n|upkeep\n|turn|30\n|\n|t:|1699654375\n|move|p2a: Drattak|Extreme Speed|p1a: Clefable\n|-damage|p1a: Clefable|75\/100\n|move|p1a: Clefable|Cosmic Power|p1a: Clefable\n|-boost|p1a: Clefable|def|1\n|-boost|p1a: Clefable|spd|1\n|\n|-heal|p1a: Clefable|81\/100|[from] item: Leftovers\n|upkeep\n|turn|31\n|\n|t:|1699654382\n|move|p2a: Drattak|Extreme Speed|p1a: Clefable\n|-damage|p1a: Clefable|70\/100\n|move|p1a: Clefable|Cosmic Power|p1a: Clefable\n|-boost|p1a: Clefable|def|1\n|-boost|p1a: Clefable|spd|1\n|\n|-heal|p1a: Clefable|76\/100|[from] item: Leftovers\n|upkeep\n|turn|32\n|\n|t:|1699654390\n|move|p2a: Drattak|Extreme Speed|p1a: Clefable\n|-damage|p1a: Clefable|66\/100\n|move|p1a: Clefable|Charge Beam|p2a: Drattak\n|-damage|p2a: Drattak|95\/100\n|\n|-heal|p1a: Clefable|72\/100|[from] item: Leftovers\n|upkeep\n|turn|33\n|\n|t:|1699654406\n|move|p2a: Drattak|Extreme Speed|p1a: Clefable\n|-damage|p1a: Clefable|62\/100\n|move|p1a: Clefable|Soft-Boiled|p1a: Clefable\n|-heal|p1a: Clefable|100\/100\n|\n|upkeep\n|turn|34\n|\n|t:|1699654412\n|move|p2a: Drattak|Extreme Speed|p1a: Clefable\n|-damage|p1a: Clefable|91\/100\n|move|p1a: Clefable|Charge Beam|p2a: Drattak\n|-crit|p2a: Drattak\n|-damage|p2a: Drattak|80\/100\n|\n|-heal|p1a: Clefable|97\/100|[from] item: Leftovers\n|upkeep\n|turn|35\n|\n|t:|1699654419\n|move|p2a: Drattak|Dragon Dance|p2a: Drattak\n|-boost|p2a: Drattak|atk|1\n|-boost|p2a: Drattak|spe|1\n|move|p1a: Clefable|Charge Beam|p2a: Drattak|[miss]\n|-miss|p1a: Clefable|p2a: Drattak\n|\n|-heal|p1a: Clefable|100\/100|[from] item: Leftovers\n|upkeep\n|turn|36\n|\n|t:|1699654431\n|move|p2a: Drattak|Roost|p2a: Drattak\n|-heal|p2a: Drattak|100\/100\n|move|p1a: Clefable|Charge Beam|p2a: Drattak\n|-damage|p2a: Drattak|96\/100\n|\n|upkeep\n|turn|37\n|\n|t:|1699654436\n|move|p2a: Drattak|Dragon Dance|p2a: Drattak\n|-boost|p2a: Drattak|atk|1\n|-boost|p2a: Drattak|spe|1\n|move|p1a: Clefable|Charge Beam|p2a: Drattak\n|-crit|p2a: Drattak\n|-damage|p2a: Drattak|80\/100\n|-boost|p1a: Clefable|spa|1\n|\n|upkeep\n|turn|38\n|\n|t:|1699654451\n|move|p2a: Drattak|Earthquake|p1a: Clefable\n|-damage|p1a: Clefable|92\/100\n|move|p1a: Clefable|Charge Beam|p2a: Drattak\n|-damage|p2a: Drattak|65\/100\n|-boost|p1a: Clefable|spa|1\n|\n|-heal|p1a: Clefable|98\/100|[from] item: Leftovers\n|upkeep\n|turn|39\n|\n|t:|1699654459\n|move|p2a: Drattak|Earthquake|p1a: Clefable\n|-damage|p1a: Clefable|89\/100\n|move|p1a: Clefable|Charge Beam|p2a: Drattak\n|-crit|p2a: Drattak\n|-damage|p2a: Drattak|32\/100\n|-boost|p1a: Clefable|spa|1\n|\n|-heal|p1a: Clefable|95\/100|[from] item: Leftovers\n|upkeep\n|turn|40\n|c|\u2606SupremeKawaiiFiend|GG?\n|\n|t:|1699654480\n|move|p2a: Drattak|Earthquake|p1a: Clefable\n|-crit|p1a: Clefable\n|-damage|p1a: Clefable|45\/100\n|move|p1a: Clefable|Stored Power|p2a: Drattak\n|-damage|p2a: Drattak|0 fnt\n|faint|p2a: Drattak\n|\n|-heal|p1a: Clefable|51\/100|[from] item: Leftovers\n|upkeep\n|\n|t:|1699654486\n|switch|p2a: Lugulabre|Volcarona, F|96\/100\n|turn|41\n|\n|t:|1699654492\n|move|p2a: Lugulabre|Fiery Dance|p1a: Clefable\n|-damage|p1a: Clefable|44\/100\n|-boost|p2a: Lugulabre|spa|1\n|move|p1a: Clefable|Stored Power|p2a: Lugulabre\n|-damage|p2a: Lugulabre|0 fnt\n|faint|p2a: Lugulabre\n|\n|-heal|p1a: Clefable|50\/100|[from] item: Leftovers\n|upkeep\n|\n|t:|1699654495\n|switch|p2a: Iron Treads|Iron Treads|88\/100 brn\n|turn|42\n|-message|Shiftryfishyy3 forfeited.\n|\n|win|SupremeKawaiiFiend\n|raw|SupremeKawaiiFiend's rating: 1336 &rarr; <strong>1359<\/strong><br \/>(+23 for winning)\n|raw|Shiftryfishyy3's rating: 1383 &rarr; <strong>1360<\/strong><br \/>(-23 for losing)\n|l|\u2606Shiftryfishyy3\n","uploadtime":1699654530,"views":13,"p1id":"supremekawaiifiend","p2id":"shiftryfishyy3","formatid":"gen9nationaldex","rating":1359,"private":0,"password":""}