{"id":"gen9nationaldex-1999033260","p1":"agent_shodow-007","p2":"xiaokeen","format":"[Gen 9] National Dex","log":"|html|<div class=\"broadcast-blue\"><strong>[Gen 9] National Dex is currently suspecting Sneasler! For information on how to participate check out the <a href=\"https:\/\/www.smogon.com\/forums\/threads\/sv-national-dex-suspect-8-just-dance.3731534\/\">suspect thread<\/a>.<\/strong><\/div>\n|j|\u2606agent_shodow-007\n|j|\u2606xiaokeen\n|t:|1701026007\n|gametype|singles\n|player|p1|agent_shodow-007|lusamine-nihilego|1215\n|player|p2|xiaokeen|artist|1215\n|teamsize|p1|6\n|teamsize|p2|6\n|gen|9\n|tier|[Gen 9] National Dex\n|rated|\n|rule|HP Percentage Mod: HP is shown in percentages\n|rule|Endless Battle Clause: Forcing endless battles is banned\n|rule|OHKO Clause: OHKO moves are banned\n|rule|Evasion Clause: Evasion abilities, items, and moves are banned\n|rule|Evasion Abilities Clause: Evasion abilities are banned\n|rule|Evasion Items Clause: Evasion items are banned\n|rule|Evasion Moves Clause: Evasion moves are banned\n|rule|Species Clause: Limit one of each Pok\u00e9mon\n|rule|Sleep Clause Mod: Limit one foe put to sleep\n|clearpoke\n|poke|p1|Rillaboom, F|\n|poke|p1|Tapu Lele|\n|poke|p1|Ribombee, F|\n|poke|p1|Aegislash, M|\n|poke|p1|Urshifu-*, M|\n|poke|p1|Volcarona, M|\n|poke|p2|Honchkrow, F|\n|poke|p2|Ninetales-Alola, M|\n|poke|p2|Tyranitar, F|\n|poke|p2|Meowscarada, F|\n|poke|p2|Armarouge, F|\n|poke|p2|Cetitan, F|\n|teampreview\n|inactive|Battle timer is ON: inactive players will automatically lose when time's up. (requested by agent_shodow-007)\n|\n|t:|1701026019\n|start\n|switch|p1a: Ribombee|Ribombee, F|100\/100\n|switch|p2a: Ninetales|Ninetales-Alola, M|100\/100\n|-weather|Snow|[from] ability: Snow Warning|[of] p2a: Ninetales\n|turn|1\n|\n|t:|1701026027\n|move|p1a: Ribombee|Sticky Web|p2a: Ninetales\n|-sidestart|p2: xiaokeen|move: Sticky Web\n|move|p2a: Ninetales|Aurora Veil|p2a: Ninetales\n|-sidestart|p2: xiaokeen|move: Aurora Veil\n|\n|-weather|Snow|[upkeep]\n|upkeep\n|turn|2\n|\n|t:|1701026033\n|move|p1a: Ribombee|Calm Mind|p1a: Ribombee\n|-boost|p1a: Ribombee|spa|1\n|-boost|p1a: Ribombee|spd|1\n|move|p2a: Ninetales|Freeze-Dry|p1a: Ribombee\n|-damage|p1a: Ribombee|75\/100\n|\n|-weather|Snow|[upkeep]\n|upkeep\n|turn|3\n|\n|t:|1701026040\n|switch|p2a: Cetitan|Cetitan, F|100\/100\n|-activate|p2a: Cetitan|move: Sticky Web\n|-unboost|p2a: Cetitan|spe|1\n|move|p1a: Ribombee|Calm Mind|p1a: Ribombee\n|-boost|p1a: Ribombee|spa|1\n|-boost|p1a: Ribombee|spd|1\n|\n|-weather|Snow|[upkeep]\n|upkeep\n|turn|4\n|\n|t:|1701026049\n|move|p1a: Ribombee|Moonblast|p2a: Cetitan\n|-damage|p2a: Cetitan|56\/100\n|move|p2a: Cetitan|Belly Drum|p2a: Cetitan\n|-damage|p2a: Cetitan|6\/100\n|-setboost|p2a: Cetitan|atk|6|[from] move: Belly Drum\n|-enditem|p2a: Cetitan|Sitrus Berry|[eat]\n|-heal|p2a: Cetitan|31\/100|[from] item: Sitrus Berry\n|\n|-weather|Snow|[upkeep]\n|upkeep\n|turn|5\n|\n|t:|1701026061\n|move|p2a: Cetitan|Ice Shard|p1a: Ribombee\n|-damage|p1a: Ribombee|0 fnt\n|faint|p1a: Ribombee\n|\n|-weather|none\n|upkeep\n|\n|t:|1701026071\n|switch|p1a: Rillaboom|Rillaboom, F|100\/100\n|-fieldstart|move: Grassy Terrain|[from] ability: Grassy Surge|[of] p1a: Rillaboom\n|turn|6\n|\n|t:|1701026084\n|move|p1a: Rillaboom|Grassy Glide|p2a: Cetitan\n|-damage|p2a: Cetitan|13\/100\n|move|p2a: Cetitan|Ice Shard|p1a: Rillaboom\n|-supereffective|p1a: Rillaboom\n|-damage|p1a: Rillaboom|0 fnt\n|faint|p1a: Rillaboom\n|\n|-heal|p2a: Cetitan|19\/100|[from] Grassy Terrain\n|upkeep\n|\n|t:|1701026100\n|switch|p1a: Regislash|Aegislash, M|100\/100\n|turn|7\n|\n|t:|1701026106\n|move|p1a: Regislash|King's Shield|p1a: Regislash\n|-singleturn|p1a: Regislash|Protect\n|move|p2a: Cetitan|Earthquake|p1a: Regislash\n|-activate|p1a: Regislash|move: Protect\n|\n|-heal|p2a: Cetitan|25\/100|[from] Grassy Terrain\n|upkeep\n|turn|8\n|\n|t:|1701026117\n|-terastallize|p1a: Regislash|Ghost\n|-formechange|p1a: Regislash|Aegislash-Blade||[from] ability: Stance Change\n|move|p1a: Regislash|Iron Head|p2a: Cetitan\n|-supereffective|p2a: Cetitan\n|-damage|p2a: Cetitan|0 fnt\n|faint|p2a: Cetitan\n|\n|-sideend|p2: xiaokeen|move: Aurora Veil\n|upkeep\n|\n|t:|1701026130\n|switch|p2a: Honchkrow|Honchkrow, F|100\/100\n|turn|9\n|\n|t:|1701026135\n|-formechange|p1a: Regislash|Aegislash||[from] ability: Stance Change\n|move|p1a: Regislash|King's Shield|p1a: Regislash\n|-singleturn|p1a: Regislash|Protect\n|move|p2a: Honchkrow|Nasty Plot|p2a: Honchkrow\n|-boost|p2a: Honchkrow|spa|2\n|\n|upkeep\n|turn|10\n|\n|t:|1701026143\n|move|p2a: Honchkrow|Dark Pulse|p1a: Regislash\n|-supereffective|p1a: Regislash\n|-damage|p1a: Regislash|0 fnt\n|faint|p1a: Regislash\n|\n|-fieldend|move: Grassy Terrain\n|upkeep\n|\n|t:|1701026147\n|switch|p1a: Tapu Lele|Tapu Lele|100\/100\n|-fieldstart|move: Psychic Terrain|[from] ability: Psychic Surge|[of] p1a: Tapu Lele\n|turn|11\n|\n|t:|1701026155\n|-terastallize|p2a: Honchkrow|Steel\n|move|p1a: Tapu Lele|Moonblast|p2a: Honchkrow\n|-resisted|p2a: Honchkrow\n|-damage|p2a: Honchkrow|55\/100\n|-unboost|p2a: Honchkrow|spa|1\n|move|p2a: Honchkrow|Dark Pulse|p1a: Tapu Lele\n|-damage|p1a: Tapu Lele|39\/100\n|\n|upkeep\n|turn|12\n|\n|t:|1701026163\n|move|p1a: Tapu Lele|Focus Blast|p2a: Honchkrow|[miss]\n|-miss|p1a: Tapu Lele|p2a: Honchkrow\n|move|p2a: Honchkrow|Dark Pulse|p1a: Tapu Lele\n|-damage|p1a: Tapu Lele|0 fnt\n|faint|p1a: Tapu Lele\n|\n|upkeep\n|c|\u2606agent_shodow-007|FU*K YOU MISSBLAST\n|\n|t:|1701026184\n|switch|p1a: Volcarona|Volcarona, M|100\/100\n|turn|13\n|c|\u2606xiaokeen|bro focus blast has like 70 accuracy lol\n|\n|t:|1701026204\n|move|p1a: Volcarona|Quiver Dance|p1a: Volcarona\n|-boost|p1a: Volcarona|spa|1\n|-boost|p1a: Volcarona|spd|1\n|-boost|p1a: Volcarona|spe|1\n|move|p2a: Honchkrow|Dark Pulse|p1a: Volcarona\n|-damage|p1a: Volcarona|64\/100\n|\n|upkeep\n|turn|14\n|c|\u2606agent_shodow-007|i know bot it's not 50\n|c|\u2606agent_shodow-007|i haven't hit a single 1 all day\n|inactive|agent_shodow-007 has 120 seconds left.\n|\n|t:|1701026240\n|move|p1a: Volcarona|Fiery Dance|p2a: Honchkrow\n|-supereffective|p2a: Honchkrow\n|-damage|p2a: Honchkrow|0 fnt\n|faint|p2a: Honchkrow\n|\n|upkeep\n|c|\u2606xiaokeen|it be like rhat though lol\n|c|\u2606xiaokeen|i never hit my focus blasts\n|\n|t:|1701026249\n|switch|p2a: Tyranitar|Tyranitar, F|100\/100\n|-activate|p2a: Tyranitar|move: Sticky Web\n|-unboost|p2a: Tyranitar|spe|1\n|-weather|Sandstorm|[from] ability: Sand Stream|[of] p2a: Tyranitar\n|turn|15\n|\n|t:|1701026256\n|detailschange|p2a: Tyranitar|Tyranitar-Mega, F\n|-mega|p2a: Tyranitar|Tyranitar|Tyranitarite\n|move|p1a: Volcarona|Giga Drain|p2a: Tyranitar\n|-supereffective|p2a: Tyranitar\n|-damage|p2a: Tyranitar|54\/100\n|-heal|p1a: Volcarona|89\/100|[from] drain|[of] p2a: Tyranitar\n|move|p2a: Tyranitar|Stone Edge|p1a: Volcarona\n|-supereffective|p1a: Volcarona\n|-damage|p1a: Volcarona|0 fnt\n|faint|p1a: Volcarona\n|\n|-weather|Sandstorm|[upkeep]\n|-fieldend|move: Psychic Terrain\n|upkeep\n|\n|t:|1701026265\n|switch|p1a: Urshifu|Urshifu-Rapid-Strike, M|100\/100\n|turn|16\n|\n|t:|1701026271\n|move|p1a: Urshifu|Surging Strikes|p2a: Tyranitar\n|-supereffective|p2a: Tyranitar\n|-crit|p2a: Tyranitar\n|-damage|p2a: Tyranitar|20\/100\n|-supereffective|p2a: Tyranitar\n|-crit|p2a: Tyranitar\n|-damage|p2a: Tyranitar|0 fnt\n|faint|p2a: Tyranitar\n|-hitcount|p2: Tyranitar|2\n|\n|-weather|Sandstorm|[upkeep]\n|-damage|p1a: Urshifu|94\/100|[from] Sandstorm\n|upkeep\n|c|\u2606agent_shodow-007|yeah\n|\n|t:|1701026285\n|switch|p2a: Armarouge|Armarouge, F|100\/100\n|-activate|p2a: Armarouge|move: Sticky Web\n|-unboost|p2a: Armarouge|spe|1\n|turn|17\n|\n|t:|1701026291\n|move|p1a: Urshifu|Surging Strikes|p2a: Armarouge\n|-supereffective|p2a: Armarouge\n|-crit|p2a: Armarouge\n|-damage|p2a: Armarouge|50\/100\n|-ability|p2a: Armarouge|Weak Armor|boost\n|-unboost|p2a: Armarouge|def|1\n|-boost|p2a: Armarouge|spe|2\n|-supereffective|p2a: Armarouge\n|-crit|p2a: Armarouge\n|-damage|p2a: Armarouge|0 fnt\n|faint|p2a: Armarouge\n|-hitcount|p2: Armarouge|2\n|\n|-weather|Sandstorm|[upkeep]\n|-damage|p1a: Urshifu|88\/100|[from] Sandstorm\n|upkeep\n|\n|t:|1701026303\n|switch|p2a: Ninetales|Ninetales-Alola, M|100\/100\n|-activate|p2a: Ninetales|move: Sticky Web\n|-unboost|p2a: Ninetales|spe|1\n|-weather|Snow|[from] ability: Snow Warning|[of] p2a: Ninetales\n|turn|18\n|\n|t:|1701026310\n|move|p1a: Urshifu|Swords Dance|p1a: Urshifu\n|-boost|p1a: Urshifu|atk|2\n|move|p2a: Ninetales|Moonblast|p1a: Urshifu\n|-supereffective|p1a: Urshifu\n|-damage|p1a: Urshifu|9\/100\n|\n|-weather|Snow|[upkeep]\n|upkeep\n|turn|19\n|\n|t:|1701026318\n|move|p1a: Urshifu|Surging Strikes|p2a: Ninetales\n|-crit|p2a: Ninetales\n|-damage|p2a: Ninetales|63\/100\n|-crit|p2a: Ninetales\n|-damage|p2a: Ninetales|25\/100\n|-crit|p2a: Ninetales\n|-damage|p2a: Ninetales|0 fnt\n|faint|p2a: Ninetales\n|-hitcount|p2: Ninetales|3\n|\n|-weather|Snow|[upkeep]\n|upkeep\n|\n|t:|1701026326\n|switch|p2a: Meowscarada|Meowscarada, F|100\/100\n|-activate|p2a: Meowscarada|move: Sticky Web\n|-unboost|p2a: Meowscarada|spe|1\n|turn|20\n|c|\u2606agent_shodow-007|if sucker punch then gg\n|\n|t:|1701026339\n|move|p2a: Meowscarada|Flower Trick|p1a: Urshifu\n|-start|p2a: Meowscarada|typechange|Grass|[from] ability: Protean\n|-supereffective|p1a: Urshifu\n|-crit|p1a: Urshifu\n|-damage|p1a: Urshifu|0 fnt\n|faint|p1a: Urshifu\n|\n|win|xiaokeen\n|raw|agent_shodow-007's rating: 1215 &rarr; <strong>1190<\/strong><br \/>(-25 for losing)\n|raw|xiaokeen's rating: 1215 &rarr; <strong>1240<\/strong><br \/>(+25 for winning)\n","uploadtime":1701026178,"views":1,"p1id":"agentshodow007","p2id":"xiaokeen","formatid":"gen9nationaldex","rating":1190,"private":0,"password":""}