{"id":"gen9nationaldex-1993927797","p1":"aquaman terrestre","p2":"Shovel Florentine","format":"[Gen 9] National Dex","log":"|j|\u2606aquaman terrestre\n|j|\u2606Shovel Florentine\n|t:|1700376949\n|gametype|singles\n|player|p1|aquaman terrestre|eusine|1117\n|player|p2|Shovel Florentine|acetrainerf|1232\n|teamsize|p1|6\n|teamsize|p2|6\n|gen|9\n|tier|[Gen 9] National Dex\n|rated|\n|rule|HP Percentage Mod: HP is shown in percentages\n|rule|Endless Battle Clause: Forcing endless battles is banned\n|rule|OHKO Clause: OHKO moves are banned\n|rule|Evasion Clause: Evasion abilities, items, and moves are banned\n|rule|Evasion Abilities Clause: Evasion abilities are banned\n|rule|Evasion Items Clause: Evasion items are banned\n|rule|Evasion Moves Clause: Evasion moves are banned\n|rule|Species Clause: Limit one of each Pok\u00e9mon\n|rule|Sleep Clause Mod: Limit one foe put to sleep\n|clearpoke\n|poke|p1|Typhlosion, M|\n|poke|p1|Froslass, F|\n|poke|p1|Krookodile, M|\n|poke|p1|Zangoose, M|\n|poke|p1|Heracross, M|\n|poke|p1|Salamence, M|\n|poke|p2|Scyther, M|\n|poke|p2|Ninetales, F|\n|poke|p2|Rapidash, F|\n|poke|p2|Ivysaur, M|\n|poke|p2|Machoke, M|\n|poke|p2|Articuno|\n|teampreview\n|inactive|Battle timer is ON: inactive players will automatically lose when time's up. (requested by aquaman terrestre)\n|\n|t:|1700376957\n|start\n|switch|p1a: Froslass|Froslass, F|100\/100\n|switch|p2a: Donatello|Machoke, M, shiny|100\/100\n|turn|1\n|\n|t:|1700376963\n|move|p1a: Froslass|Spikes|p2a: Donatello\n|-sidestart|p2: Shovel Florentine|Spikes\n|move|p2a: Donatello|Payback|p1a: Froslass\n|-supereffective|p1a: Froslass\n|-damage|p1a: Froslass|13\/100\n|-start|p2a: Donatello|Disable|Payback|[from] ability: Cursed Body|[of] p1a: Froslass\n|\n|upkeep\n|turn|2\n|\n|t:|1700376970\n|move|p2a: Donatello|Bullet Punch|p1a: Froslass\n|-supereffective|p1a: Froslass\n|-damage|p1a: Froslass|0 fnt\n|faint|p1a: Froslass\n|\n|upkeep\n|\n|t:|1700376979\n|switch|p1a: Typhlosion|Typhlosion, M|100\/100\n|turn|3\n|\n|t:|1700376982\n|move|p1a: Typhlosion|Eruption|p2a: Donatello\n|-damage|p2a: Donatello|0 fnt\n|faint|p2a: Donatello\n|\n|upkeep\n|\n|t:|1700376990\n|switch|p2a: Broody|Rapidash, F|100\/100\n|-damage|p2a: Broody|88\/100|[from] Spikes\n|turn|4\n|\n|t:|1700376996\n|switch|p1a: Krookodile|Krookodile, M|100\/100\n|-ability|p1a: Krookodile|Intimidate|boost\n|-unboost|p2a: Broody|atk|1\n|move|p2a: Broody|Flame Charge|p1a: Krookodile\n|-damage|p1a: Krookodile|84\/100\n|-boost|p2a: Broody|spe|1\n|\n|upkeep\n|turn|5\n|\n|t:|1700377009\n|switch|p2a: Knotch|Scyther, M, shiny|100\/100\n|move|p1a: Krookodile|Rock Slide|p2a: Knotch\n|-supereffective|p2a: Knotch\n|-damage|p2a: Knotch|11\/100\n|\n|upkeep\n|turn|6\n|\n|t:|1700377017\n|move|p1a: Krookodile|Rock Slide|p2a: Knotch\n|-supereffective|p2a: Knotch\n|-damage|p2a: Knotch|0 fnt\n|faint|p2a: Knotch\n|\n|upkeep\n|\n|t:|1700377020\n|switch|p2a: Pot Ash|Ninetales, F, shiny|100\/100\n|-damage|p2a: Pot Ash|88\/100|[from] Spikes\n|-weather|SunnyDay|[from] ability: Drought|[of] p2a: Pot Ash\n|turn|7\n|\n|t:|1700377038\n|switch|p2a: Spuds|Ivysaur, M|100\/100\n|-damage|p2a: Spuds|88\/100|[from] Spikes\n|move|p1a: Krookodile|Rock Slide|p2a: Spuds\n|-damage|p2a: Spuds|64\/100\n|\n|-weather|SunnyDay|[upkeep]\n|upkeep\n|turn|8\n|\n|t:|1700377056\n|switch|p1a: Heracross|Heracross, M|100\/100\n|move|p2a: Spuds|Growth|p2a: Spuds\n|-boost|p2a: Spuds|atk|2\n|-boost|p2a: Spuds|spa|2\n|\n|-weather|SunnyDay|[upkeep]\n|upkeep\n|turn|9\n|\n|t:|1700377066\n|detailschange|p1a: Heracross|Heracross-Mega, M\n|-mega|p1a: Heracross|Heracross|Heracronite\n|move|p2a: Spuds|Weather Ball|p1a: Heracross\n|-supereffective|p1a: Heracross\n|-damage|p1a: Heracross|0 fnt\n|faint|p1a: Heracross\n|\n|-weather|SunnyDay|[upkeep]\n|upkeep\n|\n|t:|1700377072\n|switch|p1a: Salamence|Salamence, M|100\/100\n|-ability|p1a: Salamence|Intimidate|boost\n|-unboost|p2a: Spuds|atk|1\n|turn|10\n|\n|t:|1700377077\n|-terastallize|p2a: Spuds|Dragon\n|move|p2a: Spuds|Outrage|p1a: Salamence\n|-supereffective|p1a: Salamence\n|-damage|p1a: Salamence|0 fnt\n|-damage|p2a: Spuds|48\/100|[from] item: Rocky Helmet|[of] p1a: Salamence\n|faint|p1a: Salamence\n|\n|-weather|SunnyDay|[upkeep]\n|upkeep\n|\n|t:|1700377086\n|switch|p1a: Typhlosion|Typhlosion, M|100\/100\n|turn|11\n|\n|t:|1700377090\n|move|p2a: Spuds|Outrage|p1a: Typhlosion|[from]lockedmove\n|-damage|p1a: Typhlosion|35\/100\n|-start|p2a: Spuds|confusion|[fatigue]\n|move|p1a: Typhlosion|Eruption|p2a: Spuds\n|-resisted|p2a: Spuds\n|-damage|p2a: Spuds|23\/100\n|\n|-weather|SunnyDay|[upkeep]\n|upkeep\n|turn|12\n|\n|t:|1700377099\n|-activate|p2a: Spuds|confusion\n|-damage|p2a: Spuds|8\/100|[from] confusion\n|move|p1a: Typhlosion|Eruption|p2a: Spuds\n|-resisted|p2a: Spuds\n|-damage|p2a: Spuds|0 fnt\n|faint|p2a: Spuds\n|\n|-weather|SunnyDay|[upkeep]\n|upkeep\n|\n|t:|1700377105\n|switch|p2a: Broody|Rapidash, F|88\/100\n|-damage|p2a: Broody|76\/100|[from] Spikes\n|turn|13\n|\n|t:|1700377109\n|move|p1a: Typhlosion|Eruption|p2a: Broody\n|-start|p2a: Broody|ability: Flash Fire\n|move|p2a: Broody|Flame Charge|p1a: Typhlosion\n|-start|p1a: Typhlosion|ability: Flash Fire\n|\n|-weather|SunnyDay|[upkeep]\n|upkeep\n|turn|14\n|\n|t:|1700377118\n|-end|p1a: Typhlosion|ability: Flash Fire|[silent]\n|switch|p1a: Krookodile|Krookodile, M|84\/100\n|-ability|p1a: Krookodile|Intimidate|boost\n|-unboost|p2a: Broody|atk|1\n|move|p2a: Broody|Drill Run|p1a: Krookodile\n|-damage|p1a: Krookodile|67\/100\n|\n|-weather|none\n|upkeep\n|turn|15\n|\n|t:|1700377126\n|-end|p2a: Broody|ability: Flash Fire|[silent]\n|switch|p2a: Arch One|Articuno|100\/100\n|-ability|p2a: Arch One|Pressure\n|move|p1a: Krookodile|Rock Slide|p2a: Arch One\n|-supereffective|p2a: Arch One\n|-damage|p2a: Arch One|20\/100\n|\n|upkeep\n|turn|16\n|\n|t:|1700377133\n|move|p1a: Krookodile|Rock Slide|p2a: Arch One\n|-supereffective|p2a: Arch One\n|-damage|p2a: Arch One|0 fnt\n|faint|p2a: Arch One\n|\n|upkeep\n|\n|t:|1700377148\n|switch|p2a: Pot Ash|Ninetales, F, shiny|88\/100\n|-damage|p2a: Pot Ash|76\/100|[from] Spikes\n|-weather|SunnyDay|[from] ability: Drought|[of] p2a: Pot Ash\n|turn|17\n|c|\u2606aquaman terrestre|come ooon\n|\n|t:|1700377153\n|move|p1a: Krookodile|Rock Slide|p2a: Pot Ash\n|-supereffective|p2a: Pot Ash\n|-damage|p2a: Pot Ash|13\/100\n|move|p2a: Pot Ash|Solar Beam||[still]\n|-prepare|p2a: Pot Ash|Solar Beam\n|-anim|p2a: Pot Ash|Solar Beam|p1a: Krookodile\n|-supereffective|p1a: Krookodile\n|-damage|p1a: Krookodile|0 fnt\n|faint|p1a: Krookodile\n|\n|-weather|SunnyDay|[upkeep]\n|upkeep\n|\n|t:|1700377163\n|switch|p1a: Typhlosion|Typhlosion, M|35\/100\n|turn|18\n|\n|t:|1700377170\n|move|p1a: Typhlosion|Focus Blast|p2a: Pot Ash\n|-damage|p2a: Pot Ash|0 fnt\n|faint|p2a: Pot Ash\n|\n|-weather|SunnyDay|[upkeep]\n|upkeep\n|\n|t:|1700377172\n|switch|p2a: Broody|Rapidash, F|76\/100\n|-damage|p2a: Broody|63\/100|[from] Spikes\n|turn|19\n|\n|t:|1700377179\n|move|p1a: Typhlosion|Focus Blast|p2a: Broody\n|-damage|p2a: Broody|0 fnt\n|faint|p2a: Broody\n|\n|win|aquaman terrestre\n|raw|aquaman terrestre's rating: 1117 &rarr; <strong>1150<\/strong><br \/>(+33 for winning)\n|raw|Shovel Florentine's rating: 1232 &rarr; <strong>1199<\/strong><br \/>(-33 for losing)\n|l|\u2606Shovel Florentine\n|c|\u2606aquaman terrestre|gg\n","uploadtime":1700377186,"views":14,"p1id":"aquamanterrestre","p2id":"shovelflorentine","formatid":"gen9nationaldex","rating":1150,"private":0,"password":""}