{"id":"gen9nationaldex-1988753346","p1":"tonyzs","p2":"Tactical31","format":"[Gen 9] National Dex","log":"|j|\u2606tonyzs\n|j|\u2606Tactical31\n|t:|1699758725\n|gametype|singles\n|player|p1|tonyzs|caitlin|1092\n|player|p2|Tactical31|iris|1124\n|teamsize|p1|6\n|teamsize|p2|6\n|gen|9\n|tier|[Gen 9] National Dex\n|rated|\n|rule|HP Percentage Mod: HP is shown in percentages\n|rule|Endless Battle Clause: Forcing endless battles is banned\n|rule|OHKO Clause: OHKO moves are banned\n|rule|Evasion Clause: Evasion abilities, items, and moves are banned\n|rule|Evasion Abilities Clause: Evasion abilities are banned\n|rule|Evasion Items Clause: Evasion items are banned\n|rule|Evasion Moves Clause: Evasion moves are banned\n|rule|Species Clause: Limit one of each Pok\u00e9mon\n|rule|Sleep Clause Mod: Limit one foe put to sleep\n|clearpoke\n|poke|p1|Zapdos|\n|poke|p1|Glimmora, M|\n|poke|p1|Clodsire, M|\n|poke|p1|Lopunny, F|\n|poke|p1|Hoopa-Unbound|\n|poke|p1|Heatran, M|\n|poke|p2|Banette, M|\n|poke|p2|Victini|\n|poke|p2|Necrozma|\n|poke|p2|Chandelure, M|\n|poke|p2|Deoxys-Defense|\n|poke|p2|Volcarona, M|\n|teampreview\n|inactive|Battle timer is ON: inactive players will automatically lose when time's up. (requested by tonyzs)\n|\n|t:|1699758732\n|start\n|switch|p1a: \u79d1\u6280\u306e\u4ea7\u7269|Glimmora, M|100\/100\n|switch|p2a: Deoxys|Deoxys-Defense|100\/100\n|-ability|p2a: Deoxys|Pressure\n|turn|1\n|\n|t:|1699758743\n|move|p1a: \u79d1\u6280\u306e\u4ea7\u7269|Mortal Spin|p2a: Deoxys\n|-damage|p2a: Deoxys|97\/100\n|-status|p2a: Deoxys|psn\n|move|p2a: Deoxys|Calm Mind|p2a: Deoxys\n|-boost|p2a: Deoxys|spa|1\n|-boost|p2a: Deoxys|spd|1\n|\n|-heal|p2a: Deoxys|100\/100 psn|[from] item: Leftovers\n|-damage|p2a: Deoxys|88\/100 psn|[from] psn\n|upkeep\n|turn|2\n|\n|t:|1699758756\n|switch|p1a: \u6b27\u62c9\u6b27\u62c9\u6b27\u62c9|Hoopa-Unbound|100\/100\n|move|p2a: Deoxys|Psycho Boost|p1a: \u6b27\u62c9\u6b27\u62c9\u6b27\u62c9\n|-immune|p1a: \u6b27\u62c9\u6b27\u62c9\u6b27\u62c9\n|\n|-heal|p2a: Deoxys|94\/100 psn|[from] item: Leftovers\n|-damage|p2a: Deoxys|82\/100 psn|[from] psn\n|upkeep\n|turn|3\n|\n|t:|1699758766\n|move|p1a: \u6b27\u62c9\u6b27\u62c9\u6b27\u62c9|Hyperspace Fury|p2a: Deoxys\n|-supereffective|p2a: Deoxys\n|-damage|p2a: Deoxys|0 fnt\n|-unboost|p1a: \u6b27\u62c9\u6b27\u62c9\u6b27\u62c9|def|1\n|faint|p2a: Deoxys\n|\n|upkeep\n|c|\u2606Tactical31|!data mortal_spin\n|raw|<ul class=\"utilichart\"><li class=\"result\"><span class=\"col movenamecol\"><a href=\"https:\/\/dex.pokemonshowdown.com\/moves\/mortalspin\">Mortal Spin<\/a><\/span> <span class=\"col typecol\"><img src=\"\/\/play.pokemonshowdown.com\/sprites\/types\/Poison.png\" alt=\"Poison\" width=\"32\" height=\"14\"><img src=\"\/\/play.pokemonshowdown.com\/sprites\/categories\/Physical.png\" alt=\"Physical\" width=\"32\" height=\"14\"><\/span> <span class=\"col labelcol\"><em>Power<\/em><br>30<\/span> <span class=\"col widelabelcol\"><em>Accuracy<\/em><br>100%<\/span> <span class=\"col pplabelcol\"><em>PP<\/em><br>24<\/span> <span class=\"col movedesccol\">Poisons foes, frees user from hazards\/bind\/leech.<\/span> <\/li><li style=\"clear:both\"><\/li><\/ul>\n\n|\n|t:|1699758792\n|switch|p2a: Necrozma|Necrozma|100\/100\n|turn|4\n|\n|t:|1699758802\n|move|p1a: \u6b27\u62c9\u6b27\u62c9\u6b27\u62c9|Hyperspace Fury|p2a: Necrozma\n|-supereffective|p2a: Necrozma\n|-crit|p2a: Necrozma\n|-damage|p2a: Necrozma|0 fnt\n|-unboost|p1a: \u6b27\u62c9\u6b27\u62c9\u6b27\u62c9|def|1\n|faint|p2a: Necrozma\n|\n|upkeep\n|\n|t:|1699758807\n|switch|p2a: Victini|Victini|100\/100\n|turn|5\n|\n|t:|1699758822\n|switch|p1a: \u6740\u9a6c\u7279|Zapdos|100\/100\n|move|p2a: Victini|U-turn|p1a: \u6740\u9a6c\u7279\n|-resisted|p1a: \u6740\u9a6c\u7279\n|-damage|p1a: \u6740\u9a6c\u7279|93\/100\n|\n|t:|1699758827\n|switch|p2a: Chandelure|Chandelure, M|100\/100|[from] U-turn\n|\n|upkeep\n|turn|6\n|\n|t:|1699758842\n|move|p1a: \u6740\u9a6c\u7279|Whirlwind|p2a: Chandelure\n|drag|p2a: Victini|Victini|100\/100\n|\n|upkeep\n|turn|7\n|\n|t:|1699758857\n|switch|p1a: \u6b27\u62c9\u6b27\u62c9\u6b27\u62c9|Hoopa-Unbound|100\/100\n|move|p2a: Victini|V-create|p1a: \u6b27\u62c9\u6b27\u62c9\u6b27\u62c9\n|-damage|p1a: \u6b27\u62c9\u6b27\u62c9\u6b27\u62c9|0 fnt\n|-unboost|p2a: Victini|spe|1\n|-unboost|p2a: Victini|def|1\n|-unboost|p2a: Victini|spd|1\n|faint|p1a: \u6b27\u62c9\u6b27\u62c9\u6b27\u62c9\n|\n|upkeep\n|\n|t:|1699758867\n|switch|p1a: \u77f3\u529b\u6208|Lopunny, F, shiny|100\/100\n|turn|8\n|\n|t:|1699758871\n|switch|p2a: Banette|Banette, M|100\/100\n|-item|p1a: \u77f3\u529b\u6208|Lopunnite|[from] ability: Frisk|[of] p2a: Banette|[identify]\n|move|p1a: \u77f3\u529b\u6208|Fake Out|p2a: Banette\n|-immune|p2a: Banette\n|\n|upkeep\n|turn|9\n|\n|t:|1699758887\n|detailschange|p1a: \u77f3\u529b\u6208|Lopunny-Mega, F, shiny\n|-mega|p1a: \u77f3\u529b\u6208|Lopunny|Lopunnite\n|detailschange|p2a: Banette|Banette-Mega, M\n|-mega|p2a: Banette|Banette|Banettite\n|move|p2a: Banette|Will-O-Wisp|p1a: \u77f3\u529b\u6208\n|-status|p1a: \u77f3\u529b\u6208|brn\n|move|p1a: \u77f3\u529b\u6208|Close Combat|p2a: Banette\n|-damage|p2a: Banette|54\/100\n|-unboost|p1a: \u77f3\u529b\u6208|def|1\n|-unboost|p1a: \u77f3\u529b\u6208|spd|1\n|\n|-damage|p1a: \u77f3\u529b\u6208|95\/100 brn|[from] brn\n|upkeep\n|turn|10\n|\n|t:|1699758914\n|switch|p1a: \u6740\u9a6c\u7279|Zapdos|93\/100\n|move|p2a: Banette|Gunk Shot|p1a: \u6740\u9a6c\u7279\n|-damage|p1a: \u6740\u9a6c\u7279|51\/100\n|\n|upkeep\n|turn|11\n|\n|t:|1699758924\n|move|p2a: Banette|Will-O-Wisp|p1a: \u6740\u9a6c\u7279\n|-status|p1a: \u6740\u9a6c\u7279|brn\n|move|p1a: \u6740\u9a6c\u7279|Roost|p1a: \u6740\u9a6c\u7279\n|-heal|p1a: \u6740\u9a6c\u7279|100\/100 brn\n|-singleturn|p1a: \u6740\u9a6c\u7279|move: Roost\n|\n|-damage|p1a: \u6740\u9a6c\u7279|94\/100 brn|[from] brn\n|upkeep\n|turn|12\n|\n|t:|1699758940\n|move|p2a: Banette|Shadow Claw|p1a: \u6740\u9a6c\u7279\n|-damage|p1a: \u6740\u9a6c\u7279|63\/100 brn\n|-status|p2a: Banette|par|[from] ability: Static|[of] p1a: \u6740\u9a6c\u7279\n|move|p1a: \u6740\u9a6c\u7279|Whirlwind|p2a: Banette\n|drag|p2a: Victini|Victini|100\/100\n|\n|-damage|p1a: \u6740\u9a6c\u7279|57\/100 brn|[from] brn\n|upkeep\n|turn|13\n|\n|t:|1699758954\n|move|p2a: Victini|Bolt Strike|p1a: \u6740\u9a6c\u7279\n|-damage|p1a: \u6740\u9a6c\u7279|26\/100 brn\n|move|p1a: \u6740\u9a6c\u7279|Volt Switch|p2a: Victini\n|-damage|p2a: Victini|70\/100\n|inactive|tonyzs has 120 seconds left.\n|\n|t:|1699758970\n|switch|p1a: \u77f3\u529b\u6208|Lopunny-Mega, F, shiny|95\/100 brn|[from] Volt Switch\n|\n|-damage|p1a: \u77f3\u529b\u6208|89\/100 brn|[from] brn\n|upkeep\n|turn|14\n|inactive|tonyzs has 120 seconds left.\n|\n|t:|1699758984\n|switch|p2a: Banette|Banette-Mega, M|54\/100 par\n|move|p1a: \u77f3\u529b\u6208|Close Combat|p2a: Banette\n|-damage|p2a: Banette|10\/100 par\n|-unboost|p1a: \u77f3\u529b\u6208|def|1\n|-unboost|p1a: \u77f3\u529b\u6208|spd|1\n|\n|-damage|p1a: \u77f3\u529b\u6208|83\/100 brn|[from] brn\n|upkeep\n|turn|15\n|inactive|tonyzs has 120 seconds left.\n|\n|t:|1699758996\n|move|p1a: \u77f3\u529b\u6208|Close Combat|p2a: Banette\n|-damage|p2a: Banette|0 fnt\n|-unboost|p1a: \u77f3\u529b\u6208|def|1\n|-unboost|p1a: \u77f3\u529b\u6208|spd|1\n|faint|p2a: Banette\n|\n|-damage|p1a: \u77f3\u529b\u6208|77\/100 brn|[from] brn\n|upkeep\n|\n|t:|1699759004\n|switch|p2a: Victini|Victini|70\/100\n|turn|16\n|\n|t:|1699759015\n|move|p2a: Victini|Bolt Strike|p1a: \u77f3\u529b\u6208\n|-damage|p1a: \u77f3\u529b\u6208|0 fnt\n|faint|p1a: \u77f3\u529b\u6208\n|\n|upkeep\n|\n|t:|1699759023\n|switch|p1a: \u79d1\u6280\u306e\u4ea7\u7269|Glimmora, M|100\/100\n|turn|17\n|\n|t:|1699759031\n|switch|p2a: Volcarona|Volcarona, M|100\/100\n|move|p1a: \u79d1\u6280\u306e\u4ea7\u7269|Mortal Spin|p2a: Volcarona\n|-damage|p2a: Volcarona|92\/100\n|-status|p2a: Volcarona|psn\n|\n|-damage|p2a: Volcarona|80\/100 psn|[from] psn\n|upkeep\n|turn|18\n|\n|t:|1699759043\n|move|p2a: Volcarona|Quiver Dance|p2a: Volcarona\n|-boost|p2a: Volcarona|spa|1\n|-boost|p2a: Volcarona|spd|1\n|-boost|p2a: Volcarona|spe|1\n|move|p1a: \u79d1\u6280\u306e\u4ea7\u7269|Earth Power|p2a: Volcarona\n|-damage|p2a: Volcarona|56\/100 psn\n|\n|-damage|p2a: Volcarona|44\/100 psn|[from] psn\n|upkeep\n|turn|19\n|\n|t:|1699759054\n|move|p2a: Volcarona|Fiery Dance|p1a: \u79d1\u6280\u306e\u4ea7\u7269\n|-resisted|p1a: \u79d1\u6280\u306e\u4ea7\u7269\n|-damage|p1a: \u79d1\u6280\u306e\u4ea7\u7269|43\/100\n|-boost|p2a: Volcarona|spa|1\n|-damage|p2a: Volcarona|34\/100 psn|[from] item: Life Orb\n|move|p1a: \u79d1\u6280\u306e\u4ea7\u7269|Sludge Wave|p2a: Volcarona\n|-damage|p2a: Volcarona|0 fnt\n|faint|p2a: Volcarona\n|\n|upkeep\n|\n|t:|1699759062\n|switch|p2a: Victini|Victini|70\/100\n|turn|20\n|\n|t:|1699759071\n|move|p2a: Victini|Zen Headbutt|p1a: \u79d1\u6280\u306e\u4ea7\u7269\n|-supereffective|p1a: \u79d1\u6280\u306e\u4ea7\u7269\n|-damage|p1a: \u79d1\u6280\u306e\u4ea7\u7269|0 fnt\n|-activate|p1a: \u79d1\u6280\u306e\u4ea7\u7269|ability: Toxic Debris\n|-sidestart|p2: Tactical31|move: Toxic Spikes\n|faint|p1a: \u79d1\u6280\u306e\u4ea7\u7269\n|\n|upkeep\n|\n|t:|1699759083\n|switch|p1a: \u6740\u9a6c\u7279|Zapdos|26\/100 brn\n|turn|21\n|\n|t:|1699759089\n|move|p2a: Victini|Zen Headbutt|p1a: \u6740\u9a6c\u7279\n|-damage|p1a: \u6740\u9a6c\u7279|1\/100 brn\n|move|p1a: \u6740\u9a6c\u7279|Whirlwind|p2a: Victini\n|drag|p2a: Chandelure|Chandelure, M|100\/100\n|\n|-damage|p1a: \u6740\u9a6c\u7279|0 fnt|[from] brn\n|faint|p1a: \u6740\u9a6c\u7279\n|upkeep\n|\n|t:|1699759102\n|switch|p1a: \u4ece\u4e0d\u4e22\u9489\u5b50|Clodsire, M|100\/100\n|turn|22\n|inactive|Tactical31 has 120 seconds left.\n|\n|t:|1699759137\n|-terastallize|p1a: \u4ece\u4e0d\u4e22\u9489\u5b50|Fairy\n|move|p2a: Chandelure|Overheat|p1a: \u4ece\u4e0d\u4e22\u9489\u5b50\n|-damage|p1a: \u4ece\u4e0d\u4e22\u9489\u5b50|59\/100\n|-unboost|p2a: Chandelure|spa|2\n|move|p1a: \u4ece\u4e0d\u4e22\u9489\u5b50|Earthquake|p2a: Chandelure\n|-supereffective|p2a: Chandelure\n|-damage|p2a: Chandelure|46\/100\n|\n|-heal|p1a: \u4ece\u4e0d\u4e22\u9489\u5b50|65\/100|[from] item: Leftovers\n|upkeep\n|turn|23\n|inactive|Tactical31 has 120 seconds left.\n|\n|t:|1699759150\n|move|p2a: Chandelure|Shadow Ball|p1a: \u4ece\u4e0d\u4e22\u9489\u5b50\n|-damage|p1a: \u4ece\u4e0d\u4e22\u9489\u5b50|52\/100\n|-unboost|p1a: \u4ece\u4e0d\u4e22\u9489\u5b50|spd|1\n|move|p1a: \u4ece\u4e0d\u4e22\u9489\u5b50|Earthquake|p2a: Chandelure\n|-supereffective|p2a: Chandelure\n|-damage|p2a: Chandelure|0 fnt\n|faint|p2a: Chandelure\n|\n|-heal|p1a: \u4ece\u4e0d\u4e22\u9489\u5b50|59\/100|[from] item: Leftovers\n|upkeep\n|\n|t:|1699759153\n|switch|p2a: Victini|Victini|70\/100\n|-status|p2a: Victini|psn\n|turn|24\n|\n|t:|1699759167\n|move|p2a: Victini|Bolt Strike|p1a: \u4ece\u4e0d\u4e22\u9489\u5b50\n|-damage|p1a: \u4ece\u4e0d\u4e22\u9489\u5b50|17\/100\n|move|p1a: \u4ece\u4e0d\u4e22\u9489\u5b50|Recover|p1a: \u4ece\u4e0d\u4e22\u9489\u5b50\n|-heal|p1a: \u4ece\u4e0d\u4e22\u9489\u5b50|67\/100\n|\n|-heal|p1a: \u4ece\u4e0d\u4e22\u9489\u5b50|73\/100|[from] item: Leftovers\n|-damage|p2a: Victini|57\/100 psn|[from] psn\n|upkeep\n|turn|25\n|\n|t:|1699759178\n|move|p2a: Victini|Bolt Strike|p1a: \u4ece\u4e0d\u4e22\u9489\u5b50\n|-damage|p1a: \u4ece\u4e0d\u4e22\u9489\u5b50|23\/100\n|move|p1a: \u4ece\u4e0d\u4e22\u9489\u5b50|Earthquake|p2a: Victini\n|-supereffective|p2a: Victini\n|-damage|p2a: Victini|6\/100 psn\n|\n|-heal|p1a: \u4ece\u4e0d\u4e22\u9489\u5b50|30\/100|[from] item: Leftovers\n|-damage|p2a: Victini|0 fnt|[from] psn\n|faint|p2a: Victini\n|\n|win|tonyzs\n|upkeep\n|raw|tonyzs's rating: 1092 &rarr; <strong>1121<\/strong><br \/>(+29 for winning)\n|raw|Tactical31's rating: 1124 &rarr; <strong>1097<\/strong><br \/>(-27 for losing)\n|l|\u2606Tactical31\n","uploadtime":1699759193,"views":4,"p1id":"tonyzs","p2id":"tactical31","formatid":"gen9nationaldex","rating":1097,"private":0,"password":""}