{"id":"gen9nationaldex-2000378523","p1":"GatosLover","p2":"couguagua","format":"[Gen 9] National Dex","log":"|html|<div class=\"broadcast-blue\"><strong>[Gen 9] National Dex is currently suspecting Sneasler! For information on how to participate check out the <a href=\"https:\/\/www.smogon.com\/forums\/threads\/sv-national-dex-suspect-8-just-dance.3731534\/\">suspect thread<\/a>.<\/strong><\/div>\n|j|\u2606GatosLover\n|j|\u2606couguagua\n|t:|1701189801\n|gametype|singles\n|player|p1|GatosLover|marnie|1399\n|player|p2|couguagua|erika|1524\n|teamsize|p1|6\n|teamsize|p2|6\n|gen|9\n|tier|[Gen 9] National Dex\n|rated|\n|rule|HP Percentage Mod: HP is shown in percentages\n|rule|Endless Battle Clause: Forcing endless battles is banned\n|rule|OHKO Clause: OHKO moves are banned\n|rule|Evasion Clause: Evasion abilities, items, and moves are banned\n|rule|Evasion Abilities Clause: Evasion abilities are banned\n|rule|Evasion Items Clause: Evasion items are banned\n|rule|Evasion Moves Clause: Evasion moves are banned\n|rule|Species Clause: Limit one of each Pok\u00e9mon\n|rule|Sleep Clause Mod: Limit one foe put to sleep\n|clearpoke\n|poke|p1|Ampharos, F|\n|poke|p1|Ursaluna, F|\n|poke|p1|Hatterene, F|\n|poke|p1|Mew|\n|poke|p1|Dusclops, M|\n|poke|p1|Marowak-Alola, M|\n|poke|p2|Landorus-Therian, M|\n|poke|p2|Ferrothorn, F|\n|poke|p2|Dragonite, F|\n|poke|p2|Clefable, F|\n|poke|p2|Tapu Koko|\n|poke|p2|Heatran, M|\n|teampreview\n|\n|t:|1701189814\n|start\n|switch|p1a: Terry|Hatterene, F|100\/100\n|switch|p2a: Tapu Koko|Tapu Koko|100\/100\n|-fieldstart|move: Electric Terrain|[from] ability: Electric Surge|[of] p2a: Tapu Koko\n|turn|1\n|\n|t:|1701189820\n|move|p2a: Tapu Koko|Taunt|p1a: Terry\n|move|p1a: Terry|Taunt|p2a: Tapu Koko|[from]ability: Magic Bounce\n|-start|p2a: Tapu Koko|move: Taunt\n|move|p1a: Terry|Trick Room|p1a: Terry\n|-fieldstart|move: Trick Room|[of] p1a: Terry\n|\n|upkeep\n|turn|2\n|\n|t:|1701189827\n|move|p1a: Terry|Healing Wish|p1a: Terry\n|faint|p1a: Terry\n|move|p2a: Tapu Koko|Wild Charge|p1: Terry|[notarget]\n|-fail|p2a: Tapu Koko\n|\n|upkeep\n|\n|t:|1701189834\n|switch|p1a: Yo soy luna|Ursaluna, F, shiny|100\/100\n|turn|3\n|\n|t:|1701189837\n|move|p1a: Yo soy luna|Swords Dance|p1a: Yo soy luna\n|-boost|p1a: Yo soy luna|atk|2\n|move|p2a: Tapu Koko|U-turn|p1a: Yo soy luna\n|-damage|p1a: Yo soy luna|83\/100\n|\n|t:|1701189843\n|switch|p2a: Landorus|Landorus-Therian, M|100\/100|[from] U-turn\n|-ability|p2a: Landorus|Intimidate|boost\n|-unboost|p1a: Yo soy luna|atk|1\n|\n|-status|p1a: Yo soy luna|brn|[from] item: Flame Orb\n|upkeep\n|turn|4\n|\n|t:|1701189858\n|-terastallize|p2a: Landorus|Steel\n|move|p1a: Yo soy luna|Ice Punch|p2a: Landorus\n|-resisted|p2a: Landorus\n|-damage|p2a: Landorus|67\/100\n|-damage|p1a: Yo soy luna|66\/100 brn|[from] item: Rocky Helmet|[of] p2a: Landorus\n|move|p2a: Landorus|Explosion|p1a: Yo soy luna\n|-damage|p1a: Yo soy luna|2\/100 brn\n|faint|p2a: Landorus\n|\n|-damage|p1a: Yo soy luna|0 fnt|[from] brn\n|faint|p1a: Yo soy luna\n|upkeep\n|\n|t:|1701189872\n|switch|p1a: calaka chida 2|Marowak-Alola, M|100\/100\n|switch|p2a: Ferrothorn|Ferrothorn, F, shiny|100\/100\n|turn|5\n|\n|t:|1701189877\n|switch|p2a: Heatran|Heatran, M|100\/100\n|move|p1a: calaka chida 2|Swords Dance|p1a: calaka chida 2\n|-boost|p1a: calaka chida 2|atk|2\n|\n|-fieldend|move: Trick Room\n|-fieldend|move: Electric Terrain\n|upkeep\n|turn|6\n|\n|t:|1701189885\n|move|p2a: Heatran|Earth Power|p1a: calaka chida 2\n|-supereffective|p1a: calaka chida 2\n|-damage|p1a: calaka chida 2|16\/100\n|move|p1a: calaka chida 2|Earthquake|p2a: Heatran\n|-supereffective|p2a: Heatran\n|-damage|p2a: Heatran|0 fnt\n|faint|p2a: Heatran\n|\n|upkeep\n|\n|t:|1701189899\n|switch|p2a: Clefable|Clefable, F, shiny|100\/100\n|turn|7\n|\n|t:|1701189903\n|switch|p1a: Calaka chida|Dusclops, M|100\/100\n|-item|p2a: Clefable|Leftovers|[from] ability: Frisk|[of] p1a: Calaka chida|[identify]\n|move|p2a: Clefable|Knock Off|p1a: Calaka chida\n|-supereffective|p1a: Calaka chida\n|-damage|p1a: Calaka chida|80\/100\n|-enditem|p1a: Calaka chida|Eviolite|[from] move: Knock Off|[of] p2a: Clefable\n|\n|upkeep\n|turn|8\n|\n|t:|1701189913\n|move|p2a: Clefable|Moonblast|p1a: Calaka chida\n|-damage|p1a: Calaka chida|50\/100\n|-unboost|p1a: Calaka chida|spa|1\n|move|p1a: Calaka chida|Trick Room|p1a: Calaka chida\n|-fieldstart|move: Trick Room|[of] p1a: Calaka chida\n|\n|upkeep\n|turn|9\n|\n|t:|1701189919\n|move|p1a: Calaka chida|Pain Split|p2a: Clefable\n|-sethp|p2a: Clefable|64\/100|[from] move: Pain Split|[silent]\n|-sethp|p1a: Calaka chida|100\/100|[from] move: Pain Split\n|move|p2a: Clefable|Moonblast|p1a: Calaka chida\n|-damage|p1a: Calaka chida|73\/100\n|\n|-heal|p2a: Clefable|71\/100|[from] item: Leftovers\n|upkeep\n|turn|10\n|\n|t:|1701189927\n|switch|p1a: calaka chida 2|Marowak-Alola, M|16\/100\n|-heal|p1a: calaka chida 2|100\/100|[from] move: Healing Wish\n|move|p2a: Clefable|Thunder Wave|p1a: calaka chida 2\n|-status|p1a: calaka chida 2|par\n|\n|-heal|p2a: Clefable|77\/100|[from] item: Leftovers\n|upkeep\n|turn|11\n|\n|t:|1701189936\n|move|p1a: calaka chida 2|Poltergeist|p2a: Clefable\n|-activate|p2a: Clefable|move: Poltergeist|Leftovers\n|-damage|p2a: Clefable|3\/100\n|move|p2a: Clefable|Knock Off|p1a: calaka chida 2\n|-supereffective|p1a: calaka chida 2\n|-damage|p1a: calaka chida 2|70\/100 par\n|-enditem|p1a: calaka chida 2|Thick Club|[from] move: Knock Off|[of] p2a: Clefable\n|\n|-heal|p2a: Clefable|9\/100|[from] item: Leftovers\n|upkeep\n|turn|12\n|\n|t:|1701189945\n|move|p1a: calaka chida 2|Flare Blitz|p2a: Clefable\n|-damage|p2a: Clefable|0 fnt\n|faint|p2a: Clefable\n|\n|-fieldend|move: Trick Room\n|upkeep\n|\n|t:|1701189951\n|switch|p2a: Tapu Koko|Tapu Koko|100\/100\n|-fieldstart|move: Electric Terrain|[from] ability: Electric Surge|[of] p2a: Tapu Koko\n|turn|13\n|\n|t:|1701189957\n|switch|p1a: Calaka chida|Dusclops, M|73\/100\n|-item|p2a: Tapu Koko|Heavy-Duty Boots|[from] ability: Frisk|[of] p1a: Calaka chida|[identify]\n|move|p2a: Tapu Koko|Wild Charge|p1a: Calaka chida\n|-damage|p1a: Calaka chida|12\/100\n|-damage|p2a: Tapu Koko|88\/100|[from] Recoil\n|\n|upkeep\n|turn|14\n|\n|t:|1701189967\n|move|p2a: Tapu Koko|U-turn|p1a: Calaka chida\n|-resisted|p1a: Calaka chida\n|-damage|p1a: Calaka chida|0 fnt\n|faint|p1a: Calaka chida\n|\n|t:|1701189972\n|switch|p2a: Ferrothorn|Ferrothorn, F, shiny|100\/100|[from] U-turn\n|\n|upkeep\n|\n|t:|1701189975\n|switch|p1a: feto|Mew|100\/100\n|turn|15\n|\n|t:|1701189980\n|move|p1a: feto|Defog|p2a: Ferrothorn\n|-unboost|p2a: Ferrothorn|evasion|1\n|-fieldend|move: Electric Terrain\n|move|p2a: Ferrothorn|Leech Seed|p1a: feto\n|-start|p1a: feto|move: Leech Seed\n|\n|-damage|p1a: feto|88\/100|[from] Leech Seed|[of] p2a: Ferrothorn\n|upkeep\n|turn|16\n|\n|t:|1701189987\n|move|p2a: Ferrothorn|Knock Off|p1a: feto\n|-supereffective|p1a: feto\n|-damage|p1a: feto|57\/100\n|-enditem|p1a: feto|Heavy-Duty Boots|[from] move: Knock Off|[of] p2a: Ferrothorn\n|move|p1a: feto|Trick Room|p1a: feto\n|-fieldstart|move: Trick Room|[of] p1a: feto\n|\n|-damage|p1a: feto|45\/100|[from] Leech Seed|[of] p2a: Ferrothorn\n|upkeep\n|turn|17\n|\n|t:|1701189993\n|move|p2a: Ferrothorn|Knock Off|p1a: feto\n|-supereffective|p1a: feto\n|-damage|p1a: feto|25\/100\n|move|p1a: feto|Endeavor|p2a: Ferrothorn\n|-damage|p2a: Ferrothorn|28\/100\n|-damage|p1a: feto|12\/100|[from] ability: Iron Barbs|[of] p2a: Ferrothorn\n|\n|-heal|p2a: Ferrothorn|34\/100|[from] item: Leftovers\n|-damage|p1a: feto|0 fnt|[from] Leech Seed|[of] p2a: Ferrothorn\n|-heal|p2a: Ferrothorn|48\/100|[silent]\n|faint|p1a: feto\n|upkeep\n|\n|t:|1701190000\n|switch|p1a: Ampphyr|Ampharos, F|100\/100\n|turn|18\n|\n|t:|1701190010\n|detailschange|p1a: Ampphyr|Ampharos-Mega, F\n|-mega|p1a: Ampphyr|Ampharos|Ampharosite\n|-ability|p1a: Ampphyr|Mold Breaker\n|move|p2a: Ferrothorn|Leech Seed|p1a: Ampphyr\n|-start|p1a: Ampphyr|move: Leech Seed\n|move|p1a: Ampphyr|Charge Beam|p2a: Ferrothorn\n|-resisted|p2a: Ferrothorn\n|-damage|p2a: Ferrothorn|34\/100\n|-boost|p1a: Ampphyr|spa|1\n|\n|-heal|p2a: Ferrothorn|40\/100|[from] item: Leftovers\n|-damage|p1a: Ampphyr|88\/100|[from] Leech Seed|[of] p2a: Ferrothorn\n|-heal|p2a: Ferrothorn|52\/100|[silent]\n|upkeep\n|turn|19\n|\n|t:|1701190021\n|move|p2a: Ferrothorn|Body Press|p1a: Ampphyr\n|-damage|p1a: Ampphyr|60\/100\n|move|p1a: Ampphyr|Focus Blast|p2a: Ferrothorn\n|-supereffective|p2a: Ferrothorn\n|-damage|p2a: Ferrothorn|0 fnt\n|faint|p2a: Ferrothorn\n|\n|upkeep\n|\n|t:|1701190030\n|switch|p2a: Dragonite|Dragonite, F|100\/100\n|turn|20\n|\n|t:|1701190038\n|move|p1a: Ampphyr|Hidden Power|p2a: Dragonite\n|-supereffective|p2a: Dragonite\n|-damage|p2a: Dragonite|0 fnt\n|faint|p2a: Dragonite\n|\n|-fieldend|move: Trick Room\n|upkeep\n|\n|t:|1701190043\n|switch|p2a: Tapu Koko|Tapu Koko|88\/100\n|-fieldstart|move: Electric Terrain|[from] ability: Electric Surge|[of] p2a: Tapu Koko\n|turn|21\n|\n|t:|1701190049\n|move|p2a: Tapu Koko|Wild Charge|p1a: Ampphyr\n|-resisted|p1a: Ampphyr\n|-damage|p1a: Ampphyr|48\/100\n|-damage|p2a: Tapu Koko|84\/100|[from] Recoil\n|move|p1a: Ampphyr|Thunderbolt|p2a: Tapu Koko\n|-resisted|p2a: Tapu Koko\n|-damage|p2a: Tapu Koko|0 fnt\n|faint|p2a: Tapu Koko\n|\n|win|GatosLover\n|raw|GatosLover's rating: 1399 &rarr; <strong>1426<\/strong><br \/>(+27 for winning)\n|raw|couguagua's rating: 1524 &rarr; <strong>1497<\/strong><br \/>(-27 for losing)\n|c|\u2606GatosLover|gg\n|l|\u2606couguagua\n","uploadtime":1701190141,"views":8,"p1id":"gatoslover","p2id":"couguagua","formatid":"gen9nationaldex","rating":1426,"private":0,"password":""}