{"id":"gen9nationaldex-1990896766","p1":"yunyunao","p2":"PWA Wright","format":"[Gen 9] National Dex","log":"|j|\u2606yunyunao\n|j|\u2606PWA Wright\n|t:|1700012597\n|gametype|singles\n|player|p1|yunyunao|101|1574\n|player|p2|PWA Wright|cynthia|1738\n|teamsize|p1|6\n|teamsize|p2|6\n|gen|9\n|tier|[Gen 9] National Dex\n|rated|\n|rule|HP Percentage Mod: HP is shown in percentages\n|rule|Endless Battle Clause: Forcing endless battles is banned\n|rule|OHKO Clause: OHKO moves are banned\n|rule|Evasion Clause: Evasion abilities, items, and moves are banned\n|rule|Evasion Abilities Clause: Evasion abilities are banned\n|rule|Evasion Items Clause: Evasion items are banned\n|rule|Evasion Moves Clause: Evasion moves are banned\n|rule|Species Clause: Limit one of each Pok\u00e9mon\n|rule|Sleep Clause Mod: Limit one foe put to sleep\n|clearpoke\n|poke|p1|Ninetales-Alola, F|\n|poke|p1|Moltres-Galar|\n|poke|p1|Kommo-o, M|\n|poke|p1|Ogerpon-Wellspring, F|\n|poke|p1|Zamazenta-*|\n|poke|p1|Glimmora, F|\n|poke|p2|Garchomp, M|\n|poke|p2|Dondozo, M|\n|poke|p2|Tyranitar, F|\n|poke|p2|Charizard, F|\n|poke|p2|Clodsire, F|\n|poke|p2|Corviknight, M|\n|teampreview\n|\n|t:|1700012607\n|start\n|switch|p1a: Glimmora|Glimmora, F|100\/100\n|switch|p2a: Garchomp|Garchomp, M|100\/100\n|turn|1\n|\n|t:|1700012653\n|switch|p1a: Ninetales|Ninetales-Alola, F|100\/100\n|-weather|Snow|[from] ability: Snow Warning|[of] p1a: Ninetales\n|move|p2a: Garchomp|Scale Shot|p1a: Ninetales\n|-immune|p1a: Ninetales\n|\n|-weather|Snow|[upkeep]\n|upkeep\n|turn|2\n|c|\u2606PWA Wright|good read\n|inactive|Battle timer is ON: inactive players will automatically lose when time's up. (requested by PWA Wright)\n|\n|t:|1700012692\n|switch|p2a: Tyranitar|Tyranitar, F|100\/100\n|-weather|Sandstorm|[from] ability: Sand Stream|[of] p2a: Tyranitar\n|move|p1a: Ninetales|Encore||[still]\n|-fail|p1a: Ninetales\n|\n|-weather|Sandstorm|[upkeep]\n|-damage|p1a: Ninetales|94\/100|[from] Sandstorm\n|upkeep\n|turn|3\n|inactive|yunyunao has 120 seconds left.\n|\n|t:|1700012731\n|switch|p1a: Kommo-o|Kommo-o, M|100\/100\n|switch|p2a: Clodsire|Clodsire, F|100\/100\n|\n|-weather|Sandstorm|[upkeep]\n|-damage|p1a: Kommo-o|94\/100|[from] Sandstorm\n|upkeep\n|turn|4\n|inactive|yunyunao has 120 seconds left.\n|\n|t:|1700012756\n|move|p1a: Kommo-o|Substitute|p1a: Kommo-o\n|-start|p1a: Kommo-o|Substitute\n|-damage|p1a: Kommo-o|69\/100\n|move|p2a: Clodsire|Toxic||[still]\n|-fail|p2a: Clodsire\n|\n|-weather|Sandstorm|[upkeep]\n|-damage|p1a: Kommo-o|63\/100|[from] Sandstorm\n|upkeep\n|turn|5\n|\n|t:|1700012773\n|move|p1a: Kommo-o|Belly Drum|p1a: Kommo-o\n|-damage|p1a: Kommo-o|13\/100\n|-setboost|p1a: Kommo-o|atk|6|[from] move: Belly Drum\n|-enditem|p1a: Kommo-o|Salac Berry|[eat]\n|-boost|p1a: Kommo-o|spe|1|[from] item: Salac Berry\n|move|p2a: Clodsire|Stealth Rock|p1a: Kommo-o\n|-sidestart|p1: yunyunao|move: Stealth Rock\n|\n|-weather|Sandstorm|[upkeep]\n|-damage|p1a: Kommo-o|7\/100|[from] Sandstorm\n|upkeep\n|turn|6\n|\n|t:|1700012784\n|switch|p2a: Dondozo|Dondozo, M|100\/100\n|move|p1a: Kommo-o|Drain Punch|p2a: Dondozo\n|-damage|p2a: Dondozo|84\/100\n|-heal|p1a: Kommo-o|22\/100|[from] drain|[of] p2a: Dondozo\n|-damage|p1a: Kommo-o|5\/100|[from] item: Rocky Helmet|[of] p2a: Dondozo\n|\n|-weather|none\n|upkeep\n|turn|7\n|\n|t:|1700012800\n|move|p1a: Kommo-o|Drain Punch|p2a: Dondozo\n|-damage|p2a: Dondozo|68\/100\n|-heal|p1a: Kommo-o|18\/100|[from] drain|[of] p2a: Dondozo\n|-damage|p1a: Kommo-o|2\/100|[from] item: Rocky Helmet|[of] p2a: Dondozo\n|move|p2a: Dondozo|Body Press|p1a: Kommo-o\n|-end|p1a: Kommo-o|Substitute\n|\n|upkeep\n|turn|8\n|\n|t:|1700012816\n|move|p1a: Kommo-o|Iron Head|p2a: Dondozo\n|-resisted|p2a: Dondozo\n|-damage|p2a: Dondozo|63\/100\n|-damage|p1a: Kommo-o|0 fnt|[from] item: Rocky Helmet|[of] p2a: Dondozo\n|faint|p1a: Kommo-o\n|move|p2a: Dondozo|Body Press|p1: Kommo-o|[notarget]\n|-fail|p2a: Dondozo\n|\n|upkeep\n|\n|t:|1700012829\n|switch|p1a: Glimmora|Glimmora, F|100\/100\n|-damage|p1a: Glimmora|88\/100|[from] Stealth Rock\n|turn|9\n|\n|t:|1700012837\n|switch|p2a: Corviknight|Corviknight, M|100\/100\n|-ability|p2a: Corviknight|Pressure\n|move|p1a: Glimmora|Mortal Spin|p2a: Corviknight\n|-immune|p2a: Corviknight\n|\n|upkeep\n|turn|10\n|\n|t:|1700012846\n|switch|p1a: Ninetales|Ninetales-Alola, F|94\/100\n|-damage|p1a: Ninetales|70\/100|[from] Stealth Rock\n|-weather|Snow|[from] ability: Snow Warning|[of] p1a: Ninetales\n|move|p2a: Corviknight|Body Press|p1a: Ninetales\n|-damage|p1a: Ninetales|48\/100\n|\n|-weather|Snow|[upkeep]\n|upkeep\n|turn|11\n|\n|t:|1700012856\n|switch|p2a: Tyranitar|Tyranitar, F|100\/100\n|-weather|Sandstorm|[from] ability: Sand Stream|[of] p2a: Tyranitar\n|move|p1a: Ninetales|Aurora Veil||[still]\n|-fail|p1a: Ninetales\n|\n|-weather|Sandstorm|[upkeep]\n|-damage|p1a: Ninetales|42\/100|[from] Sandstorm\n|upkeep\n|turn|12\n|\n|t:|1700012867\n|-activate|p1a: Ninetales|move: Pursuit\n|move|p2a: Tyranitar|Pursuit|p1a: Ninetales|[from]Pursuit\n|-resisted|p1a: Ninetales\n|-damage|p1a: Ninetales|19\/100\n|switch|p1a: Glimmora|Glimmora, F|88\/100\n|-damage|p1a: Glimmora|76\/100|[from] Stealth Rock\n|\n|-weather|Sandstorm|[upkeep]\n|upkeep\n|turn|13\n|\n|t:|1700012881\n|switch|p2a: Corviknight|Corviknight, M|100\/100\n|-ability|p2a: Corviknight|Pressure\n|move|p1a: Glimmora|Mortal Spin|p2a: Corviknight\n|-immune|p2a: Corviknight\n|\n|-weather|Sandstorm|[upkeep]\n|upkeep\n|turn|14\n|\n|t:|1700012892\n|switch|p1a: Zamazenta|Zamazenta|100\/100\n|-damage|p1a: Zamazenta|94\/100|[from] Stealth Rock\n|-ability|p1a: Zamazenta|Dauntless Shield|boost\n|-boost|p1a: Zamazenta|def|1\n|move|p2a: Corviknight|Body Press|p1a: Zamazenta\n|-damage|p1a: Zamazenta|80\/100\n|\n|-weather|Sandstorm|[upkeep]\n|-damage|p1a: Zamazenta|74\/100|[from] Sandstorm\n|-heal|p1a: Zamazenta|80\/100|[from] item: Leftovers\n|upkeep\n|turn|15\n|\n|t:|1700012907\n|switch|p2a: Clodsire|Clodsire, F|100\/100\n|move|p1a: Zamazenta|Iron Defense|p1a: Zamazenta\n|-boost|p1a: Zamazenta|def|2\n|\n|-weather|none\n|-heal|p1a: Zamazenta|86\/100|[from] item: Leftovers\n|upkeep\n|turn|16\n|\n|t:|1700012916\n|move|p1a: Zamazenta|Substitute|p1a: Zamazenta\n|-start|p1a: Zamazenta|Substitute\n|-damage|p1a: Zamazenta|62\/100\n|move|p2a: Clodsire|Toxic||[still]\n|-fail|p2a: Clodsire\n|\n|-heal|p1a: Zamazenta|68\/100|[from] item: Leftovers\n|upkeep\n|turn|17\n|\n|t:|1700012924\n|switch|p2a: Dondozo|Dondozo, M|63\/100\n|move|p1a: Zamazenta|Iron Defense|p1a: Zamazenta\n|-boost|p1a: Zamazenta|def|2\n|\n|-heal|p1a: Zamazenta|74\/100|[from] item: Leftovers\n|upkeep\n|turn|18\n|inactive|yunyunao has 120 seconds left.\n|\n|t:|1700012933\n|move|p1a: Zamazenta|Iron Defense|p1a: Zamazenta\n|-boost|p1a: Zamazenta|def|1\n|move|p2a: Dondozo|Curse|p2a: Dondozo\n|-unboost|p2a: Dondozo|spe|1\n|-boost|p2a: Dondozo|atk|1\n|-boost|p2a: Dondozo|def|1\n|\n|-heal|p1a: Zamazenta|80\/100|[from] item: Leftovers\n|upkeep\n|turn|19\n|inactive|yunyunao has 120 seconds left.\n|\n|t:|1700012945\n|-terastallize|p1a: Zamazenta|Electric\n|move|p1a: Zamazenta|Wild Charge|p2a: Dondozo\n|-supereffective|p2a: Dondozo\n|-damage|p2a: Dondozo|42\/100\n|-damage|p1a: Zamazenta|63\/100|[from] item: Rocky Helmet|[of] p2a: Dondozo\n|-damage|p1a: Zamazenta|55\/100|[from] Recoil\n|move|p2a: Dondozo|Curse|p2a: Dondozo\n|-unboost|p2a: Dondozo|spe|1\n|-boost|p2a: Dondozo|atk|1\n|-boost|p2a: Dondozo|def|1\n|\n|-heal|p1a: Zamazenta|62\/100|[from] item: Leftovers\n|upkeep\n|turn|20\n|-message|yunyunao forfeited.\n|\n|win|PWA Wright\n|raw|yunyunao's rating: 1561 &rarr; <strong>1550<\/strong><br \/>(-11 for losing)\n|raw|PWA Wright's rating: 1738 &rarr; <strong>1749<\/strong><br \/>(+11 for winning)\n|l|\u2606yunyunao\n","uploadtime":1700012956,"views":10,"p1id":"yunyunao","p2id":"pwawright","formatid":"gen9nationaldex","rating":1550,"private":0,"password":""}