{"id":"gen9nationaldex-1998591511","p1":"lemmybro87","p2":"MorthDaMooth","format":"[Gen 9] National Dex","log":"|html|<div class=\"broadcast-blue\"><strong>[Gen 9] National Dex is currently suspecting Sneasler! For information on how to participate check out the <a href=\"https:\/\/www.smogon.com\/forums\/threads\/sv-national-dex-suspect-8-just-dance.3731534\/\">suspect thread<\/a>.<\/strong><\/div>\n|j|\u2606lemmybro87\n|j|\u2606MorthDaMooth\n|t:|1700960288\n|gametype|singles\n|player|p1|lemmybro87|liza|\n|player|p2|MorthDaMooth|colress|\n|teamsize|p1|6\n|teamsize|p2|6\n|gen|9\n|tier|[Gen 9] National Dex\n|rule|HP Percentage Mod: HP is shown in percentages\n|rule|Endless Battle Clause: Forcing endless battles is banned\n|rule|OHKO Clause: OHKO moves are banned\n|rule|Evasion Clause: Evasion abilities, items, and moves are banned\n|rule|Evasion Abilities Clause: Evasion abilities are banned\n|rule|Evasion Items Clause: Evasion items are banned\n|rule|Evasion Moves Clause: Evasion moves are banned\n|rule|Species Clause: Limit one of each Pok\u00e9mon\n|rule|Sleep Clause Mod: Limit one foe put to sleep\n|clearpoke\n|poke|p1|Feraligatr, M|\n|poke|p1|Victini|\n|poke|p1|Excadrill, M|\n|poke|p1|Tsareena, F|\n|poke|p1|Rhyperior, F|\n|poke|p1|Dragonite, F|\n|poke|p2|Serperior, M|\n|poke|p2|Noivern, M|\n|poke|p2|Tinkaton, F|\n|poke|p2|Slither Wing|\n|poke|p2|Milotic, F|\n|poke|p2|Clodsire, M|\n|teampreview\n|\n|t:|1700960297\n|start\n|switch|p1a: drill runner|Excadrill, M, shiny|100\/100\n|switch|p2a: The Lad!|Clodsire, M|100\/100\n|-ability|p1a: drill runner|Mold Breaker\n|turn|1\n|\n|t:|1700960307\n|move|p1a: drill runner|Stealth Rock|p2a: The Lad!\n|-sidestart|p2: MorthDaMooth|move: Stealth Rock\n|move|p2a: The Lad!|Earthquake|p1a: drill runner\n|-supereffective|p1a: drill runner\n|-damage|p1a: drill runner|17\/100\n|\n|upkeep\n|turn|2\n|\n|t:|1700960311\n|move|p1a: drill runner|Earthquake|p2a: The Lad!\n|-supereffective|p2a: The Lad!\n|-damage|p2a: The Lad!|0 fnt\n|faint|p2a: The Lad!\n|\n|upkeep\n|\n|t:|1700960323\n|switch|p2a: Da Snoove!|Serperior, M|100\/100\n|-damage|p2a: Da Snoove!|88\/100|[from] Stealth Rock\n|turn|3\n|\n|t:|1700960326\n|move|p2a: Da Snoove!|Leaf Storm|p1a: drill runner\n|-damage|p1a: drill runner|0 fnt\n|-boost|p2a: Da Snoove!|spa|2\n|faint|p1a: drill runner\n|\n|-heal|p2a: Da Snoove!|94\/100|[from] item: Leftovers\n|upkeep\n|\n|t:|1700960329\n|switch|p1a: Victory|Victini|100\/100\n|turn|4\n|\n|t:|1700960339\n|-terastallize|p2a: Da Snoove!|Fire\n|move|p2a: Da Snoove!|Glare|p1a: Victory\n|-status|p1a: Victory|par\n|cant|p1a: Victory|par\n|\n|-heal|p2a: Da Snoove!|100\/100|[from] item: Leftovers\n|upkeep\n|turn|5\n|\n|t:|1700960349\n|move|p2a: Da Snoove!|Leaf Storm|p1a: Victory\n|-resisted|p1a: Victory\n|-damage|p1a: Victory|57\/100 par\n|-boost|p2a: Da Snoove!|spa|2\n|cant|p1a: Victory|par\n|\n|upkeep\n|turn|6\n|\n|t:|1700960355\n|move|p2a: Da Snoove!|Leaf Storm|p1a: Victory\n|-resisted|p1a: Victory\n|-damage|p1a: Victory|0 fnt\n|-boost|p2a: Da Snoove!|spa|2\n|faint|p1a: Victory\n|\n|upkeep\n|\n|t:|1700960357\n|switch|p1a: Dragonite|Dragonite, F|100\/100\n|turn|7\n|\n|t:|1700960364\n|move|p2a: Da Snoove!|Dragon Pulse|p1a: Dragonite\n|-supereffective|p1a: Dragonite\n|-damage|p1a: Dragonite|22\/100\n|move|p1a: Dragonite|Draco Meteor|p2a: Da Snoove!\n|-damage|p2a: Da Snoove!|26\/100\n|-unboost|p1a: Dragonite|spa|2\n|\n|-heal|p2a: Da Snoove!|32\/100|[from] item: Leftovers\n|upkeep\n|turn|8\n|\n|t:|1700960372\n|move|p2a: Da Snoove!|Dragon Pulse|p1a: Dragonite\n|-supereffective|p1a: Dragonite\n|-damage|p1a: Dragonite|0 fnt\n|faint|p1a: Dragonite\n|\n|-heal|p2a: Da Snoove!|39\/100|[from] item: Leftovers\n|upkeep\n|\n|t:|1700960374\n|switch|p1a: forest Queen|Tsareena, F, shiny|100\/100\n|turn|9\n|\n|t:|1700960381\n|-terastallize|p1a: forest Queen|Fire\n|move|p2a: Da Snoove!|Hidden Power|p1a: forest Queen\n|-resisted|p1a: forest Queen\n|-damage|p1a: forest Queen|46\/100\n|move|p1a: forest Queen|Trailblaze|p2a: Da Snoove!\n|-resisted|p2a: Da Snoove!\n|-damage|p2a: Da Snoove!|22\/100\n|-boost|p1a: forest Queen|spe|1\n|\n|-heal|p2a: Da Snoove!|28\/100|[from] item: Leftovers\n|upkeep\n|turn|10\n|\n|t:|1700960391\n|move|p2a: Da Snoove!|Dragon Pulse|p1a: forest Queen\n|-damage|p1a: forest Queen|0 fnt\n|faint|p1a: forest Queen\n|\n|-heal|p2a: Da Snoove!|34\/100|[from] item: Leftovers\n|upkeep\n|\n|t:|1700960395\n|switch|p1a: Bismarck|Rhyperior, F|100\/100\n|turn|11\n|\n|t:|1700960398\n|move|p2a: Da Snoove!|Leaf Storm|p1a: Bismarck\n|-supereffective|p1a: Bismarck\n|-damage|p1a: Bismarck|0 fnt\n|faint|p1a: Bismarck\n|\n|-heal|p2a: Da Snoove!|40\/100|[from] item: Leftovers\n|upkeep\n|\n|t:|1700960400\n|switch|p1a: Saber|Feraligatr, M|100\/100\n|turn|12\n|\n|t:|1700960405\n|move|p2a: Da Snoove!|Leaf Storm|p1a: Saber\n|-supereffective|p1a: Saber\n|-damage|p1a: Saber|0 fnt\n|faint|p1a: Saber\n|\n|win|MorthDaMooth\n|l|\u2606lemmybro87\n","uploadtime":1700960434,"views":2,"p1id":"lemmybro87","p2id":"morthdamooth","formatid":"gen9nationaldex","rating":0,"private":0,"password":""}