{"id":"gen9nationaldex-2000238957","p1":"Bkuzzz","p2":"ScaldToBurn","format":"[Gen 9] National Dex","log":"|html|<div class=\"broadcast-blue\"><strong>[Gen 9] National Dex is currently suspecting Sneasler! For information on how to participate check out the <a href=\"https:\/\/www.smogon.com\/forums\/threads\/sv-national-dex-suspect-8-just-dance.3731534\/\">suspect thread<\/a>.<\/strong><\/div>\n|j|\u2606Bkuzzz\n|j|\u2606ScaldToBurn\n|t:|1701176212\n|gametype|singles\n|player|p1|Bkuzzz|265|1065\n|player|p2|ScaldToBurn|266|1033\n|teamsize|p1|6\n|teamsize|p2|6\n|gen|9\n|tier|[Gen 9] National Dex\n|rated|\n|rule|HP Percentage Mod: HP is shown in percentages\n|rule|Endless Battle Clause: Forcing endless battles is banned\n|rule|OHKO Clause: OHKO moves are banned\n|rule|Evasion Clause: Evasion abilities, items, and moves are banned\n|rule|Evasion Abilities Clause: Evasion abilities are banned\n|rule|Evasion Items Clause: Evasion items are banned\n|rule|Evasion Moves Clause: Evasion moves are banned\n|rule|Species Clause: Limit one of each Pok\u00e9mon\n|rule|Sleep Clause Mod: Limit one foe put to sleep\n|clearpoke\n|poke|p1|Amoonguss, F|\n|poke|p1|Garchomp, F|\n|poke|p1|Sableye, F|\n|poke|p1|Tinkaton, F|\n|poke|p1|Skarmory, M|\n|poke|p1|Volcanion|\n|poke|p2|Meowscarada, M|\n|poke|p2|Garchomp, M|\n|poke|p2|Corviknight, F|\n|poke|p2|Skeledirge, M|\n|poke|p2|Greninja-*, M|\n|poke|p2|Tapu Koko|\n|teampreview\n|l|\u2606Bkuzzz\n|player|p1|\n|j|\u2606Bkuzzz\n|player|p1|Bkuzzz|265\n|\n|t:|1701176275\n|start\n|switch|p1a: Skarmory|Skarmory, M|100\/100\n|switch|p2a: Tapu Koko|Tapu Koko|100\/100\n|-fieldstart|move: Electric Terrain|[from] ability: Electric Surge|[of] p2a: Tapu Koko\n|turn|1\n|\n|t:|1701176283\n|switch|p1a: Garchomp|Garchomp, F|100\/100\n|move|p2a: Tapu Koko|Thunderbolt|p1a: Garchomp\n|-immune|p1a: Garchomp\n|\n|upkeep\n|turn|2\n|inactive|Battle timer is ON: inactive players will automatically lose when time's up. (requested by Bkuzzz)\n|\n|t:|1701176294\n|move|p1a: Garchomp|Earthquake|p2a: Tapu Koko\n|-supereffective|p2a: Tapu Koko\n|-damage|p2a: Tapu Koko|0 fnt\n|faint|p2a: Tapu Koko\n|\n|upkeep\n|\n|t:|1701176303\n|switch|p2a: Greninja|Greninja, M|100\/100\n|turn|3\n|\n|t:|1701176312\n|switch|p1a: Volcanion|Volcanion|100\/100\n|move|p2a: Greninja|Ice Beam|p1a: Volcanion\n|-start|p2a: Greninja|typechange|Ice|[from] ability: Protean\n|-resisted|p1a: Volcanion\n|-damage|p1a: Volcanion|79\/100\n|\n|upkeep\n|turn|4\n|\n|t:|1701176334\n|switch|p2a: Garchomp|Garchomp, M|100\/100\n|move|p1a: Volcanion|Fire Blast|p2a: Garchomp\n|-resisted|p2a: Garchomp\n|-damage|p2a: Garchomp|65\/100\n|-damage|p1a: Volcanion|69\/100|[from] item: Life Orb\n|\n|upkeep\n|turn|5\n|\n|t:|1701176345\n|switch|p1a: Tinkaton|Tinkaton, F|100\/100\n|-ability|p1a: Tinkaton|Mold Breaker\n|move|p2a: Garchomp|Stealth Rock|p1a: Tinkaton\n|-sidestart|p1: Bkuzzz|move: Stealth Rock\n|\n|-fieldend|move: Electric Terrain\n|upkeep\n|turn|6\n|\n|t:|1701176354\n|move|p2a: Garchomp|Earthquake|p1a: Tinkaton\n|-supereffective|p1a: Tinkaton\n|-damage|p1a: Tinkaton|0 fnt\n|faint|p1a: Tinkaton\n|\n|upkeep\n|\n|t:|1701176360\n|switch|p1a: Amoonguss|Amoonguss, F|100\/100\n|-damage|p1a: Amoonguss|88\/100|[from] Stealth Rock\n|turn|7\n|\n|t:|1701176370\n|move|p2a: Garchomp|Spikes|p1a: Amoonguss\n|-sidestart|p1: Bkuzzz|Spikes\n|move|p1a: Amoonguss|Spore|p2a: Garchomp\n|-status|p2a: Garchomp|slp|[from] move: Spore\n|\n|-heal|p1a: Amoonguss|94\/100|[from] item: Black Sludge\n|upkeep\n|turn|8\n|\n|t:|1701176378\n|switch|p1a: Skarmory|Skarmory, M|100\/100\n|-damage|p1a: Skarmory|88\/100|[from] Stealth Rock\n|cant|p2a: Garchomp|slp\n|\n|-heal|p1a: Skarmory|94\/100|[from] item: Leftovers\n|upkeep\n|turn|9\n|\n|t:|1701176385\n|move|p1a: Skarmory|Defog|p2a: Garchomp\n|-unboost|p2a: Garchomp|evasion|1\n|-sideend|p1: Bkuzzz|Spikes|[from] move: Defog|[of] p1a: Skarmory\n|-sideend|p1: Bkuzzz|Stealth Rock|[from] move: Defog|[of] p1a: Skarmory\n|-curestatus|p2a: Garchomp|slp|[msg]\n|move|p2a: Garchomp|Dragon Tail|p1a: Skarmory|[miss]\n|-miss|p2a: Garchomp|p1a: Skarmory\n|\n|-heal|p1a: Skarmory|99\/100|[from] item: Leftovers\n|upkeep\n|turn|10\n|\n|t:|1701176395\n|switch|p1a: Amoonguss|Amoonguss, F|100\/100\n|move|p2a: Garchomp|Dragon Tail|p1a: Amoonguss\n|-damage|p1a: Amoonguss|73\/100\n|drag|p1a: Volcanion|Volcanion|69\/100\n|\n|upkeep\n|turn|11\n|\n|t:|1701176403\n|move|p2a: Garchomp|Stealth Rock|p1a: Volcanion\n|-sidestart|p1: Bkuzzz|move: Stealth Rock\n|move|p1a: Volcanion|Fire Blast|p2a: Garchomp\n|-resisted|p2a: Garchomp\n|-damage|p2a: Garchomp|24\/100\n|-damage|p1a: Volcanion|59\/100|[from] item: Life Orb\n|\n|upkeep\n|turn|12\n|\n|t:|1701176411\n|move|p2a: Garchomp|Earthquake|p1a: Volcanion\n|-supereffective|p1a: Volcanion\n|-damage|p1a: Volcanion|0 fnt\n|faint|p1a: Volcanion\n|\n|upkeep\n|\n|t:|1701176415\n|switch|p1a: Skarmory|Skarmory, M|99\/100\n|-damage|p1a: Skarmory|88\/100|[from] Stealth Rock\n|turn|13\n|\n|t:|1701176421\n|move|p1a: Skarmory|Defog|p2a: Garchomp\n|-unboost|p2a: Garchomp|evasion|1\n|-sideend|p1: Bkuzzz|Stealth Rock|[from] move: Defog|[of] p1a: Skarmory\n|move|p2a: Garchomp|Dragon Tail|p1a: Skarmory\n|-resisted|p1a: Skarmory\n|-damage|p1a: Skarmory|80\/100\n|drag|p1a: Sableye|Sableye, F|100\/100\n|\n|upkeep\n|turn|14\n|\n|t:|1701176436\n|switch|p2a: Skeledirge|Skeledirge, M|100\/100\n|move|p1a: Sableye|Will-O-Wisp|p2a: Skeledirge|[miss]\n|-miss|p1a: Sableye|p2a: Skeledirge\n|\n|upkeep\n|turn|15\n|\n|t:|1701176449\n|switch|p1a: Garchomp|Garchomp, F|100\/100\n|move|p2a: Skeledirge|Substitute|p2a: Skeledirge\n|-start|p2a: Skeledirge|Substitute\n|-damage|p2a: Skeledirge|75\/100\n|\n|upkeep\n|turn|16\n|\n|t:|1701176462\n|move|p1a: Garchomp|Earthquake|p2a: Skeledirge\n|-supereffective|p2a: Skeledirge\n|-end|p2a: Skeledirge|Substitute\n|move|p2a: Skeledirge|Shadow Ball|p1a: Garchomp\n|-damage|p1a: Garchomp|65\/100\n|\n|upkeep\n|turn|17\n|\n|t:|1701176469\n|switch|p2a: Corviknight|Corviknight, F|100\/100\n|-ability|p2a: Corviknight|Pressure\n|move|p1a: Garchomp|Earthquake|p2a: Corviknight\n|-immune|p2a: Corviknight\n|\n|upkeep\n|turn|18\n|\n|t:|1701176478\n|switch|p1a: Amoonguss|Amoonguss, F|100\/100\n|move|p2a: Corviknight|U-turn|p1a: Amoonguss\n|-damage|p1a: Amoonguss|86\/100\n|\n|t:|1701176499\n|switch|p2a: Skeledirge|Skeledirge, M|75\/100|[from] U-turn\n|\n|-heal|p1a: Amoonguss|92\/100|[from] item: Black Sludge\n|upkeep\n|turn|19\n|\n|t:|1701176510\n|move|p2a: Skeledirge|Torch Song|p1a: Amoonguss\n|-supereffective|p1a: Amoonguss\n|-damage|p1a: Amoonguss|52\/100\n|-boost|p2a: Skeledirge|spa|1\n|move|p1a: Amoonguss|Toxic|p2a: Skeledirge\n|-status|p2a: Skeledirge|tox\n|\n|-heal|p1a: Amoonguss|58\/100|[from] item: Black Sludge\n|-damage|p2a: Skeledirge|69\/100 tox|[from] psn\n|upkeep\n|turn|20\n|\n|t:|1701176519\n|move|p2a: Skeledirge|Torch Song|p1a: Amoonguss\n|-supereffective|p1a: Amoonguss\n|-damage|p1a: Amoonguss|0 fnt\n|-boost|p2a: Skeledirge|spa|1\n|faint|p1a: Amoonguss\n|\n|-damage|p2a: Skeledirge|57\/100 tox|[from] psn\n|upkeep\n|\n|t:|1701176532\n|switch|p1a: Sableye|Sableye, F|100\/100\n|turn|21\n|\n|t:|1701176540\n|move|p1a: Sableye|Trick|p2a: Skeledirge\n|-activate|p1a: Sableye|move: Trick|[of] p2a: Skeledirge\n|-item|p2a: Skeledirge|Lagging Tail|[from] move: Trick\n|-item|p1a: Sableye|Heavy-Duty Boots|[from] move: Trick\n|move|p2a: Skeledirge|Torch Song|p1a: Sableye\n|-damage|p1a: Sableye|25\/100\n|-boost|p2a: Skeledirge|spa|1\n|\n|-damage|p2a: Skeledirge|39\/100 tox|[from] psn\n|upkeep\n|turn|22\n|\n|t:|1701176551\n|move|p1a: Sableye|Recover|p1a: Sableye\n|-heal|p1a: Sableye|75\/100\n|move|p2a: Skeledirge|Torch Song|p1a: Sableye\n|-damage|p1a: Sableye|0 fnt\n|-boost|p2a: Skeledirge|spa|1\n|faint|p1a: Sableye\n|\n|-damage|p2a: Skeledirge|15\/100 tox|[from] psn\n|upkeep\n|\n|t:|1701176561\n|switch|p1a: Skarmory|Skarmory, M|80\/100\n|turn|23\n|\n|t:|1701176568\n|move|p1a: Skarmory|Roost|p1a: Skarmory\n|-heal|p1a: Skarmory|100\/100\n|-singleturn|p1a: Skarmory|move: Roost\n|move|p2a: Skeledirge|Torch Song|p1a: Skarmory\n|-supereffective|p1a: Skarmory\n|-ability|p1a: Skarmory|Sturdy\n|-damage|p1a: Skarmory|1\/100\n|-boost|p2a: Skeledirge|spa|1\n|\n|-heal|p1a: Skarmory|7\/100|[from] item: Leftovers\n|-damage|p2a: Skeledirge|0 fnt|[from] psn\n|faint|p2a: Skeledirge\n|upkeep\n|\n|t:|1701176576\n|switch|p2a: Meowscarada|Meowscarada, M|100\/100\n|turn|24\n|\n|t:|1701176582\n|move|p2a: Meowscarada|Knock Off|p1a: Skarmory\n|-start|p2a: Meowscarada|typechange|Dark|[from] ability: Protean\n|-damage|p1a: Skarmory|0 fnt\n|-enditem|p1a: Skarmory|Leftovers|[from] move: Knock Off|[of] p2a: Meowscarada\n|faint|p1a: Skarmory\n|\n|upkeep\n|\n|t:|1701176590\n|switch|p1a: Garchomp|Garchomp, F|65\/100\n|turn|25\n|\n|t:|1701176597\n|switch|p2a: Corviknight|Corviknight, F|100\/100\n|-ability|p2a: Corviknight|Pressure\n|move|p1a: Garchomp|Outrage|p2a: Corviknight\n|-resisted|p2a: Corviknight\n|-damage|p2a: Corviknight|82\/100\n|\n|-heal|p2a: Corviknight|88\/100|[from] item: Leftovers\n|upkeep\n|turn|26\n|\n|t:|1701176608\n|move|p1a: Garchomp|Outrage|p2a: Corviknight|[from]lockedmove\n|-resisted|p2a: Corviknight\n|-damage|p2a: Corviknight|69\/100\n|move|p2a: Corviknight|Body Press|p1a: Garchomp\n|-damage|p1a: Garchomp|40\/100\n|-damage|p2a: Corviknight|57\/100|[from] ability: Rough Skin|[of] p1a: Garchomp\n|\n|-heal|p2a: Corviknight|63\/100|[from] item: Leftovers\n|upkeep\n|turn|27\n|-message|Bkuzzz forfeited.\n|\n|win|ScaldToBurn\n|raw|Bkuzzz's rating: 1065 &rarr; <strong>1043<\/strong><br \/>(-22 for losing)\n|raw|ScaldToBurn's rating: 1033 &rarr; <strong>1071<\/strong><br \/>(+38 for winning)\n|l|\u2606Bkuzzz\n","uploadtime":1701176623,"views":19,"p1id":"bkuzzz","p2id":"scaldtoburn","formatid":"gen9nationaldex","rating":1043,"private":0,"password":""}