{"id":"gen9nationaldex-1997066710","p1":"DiamondDiancie25","p2":"Patar136","format":"[Gen 9] National Dex","log":"|html|<div class=\"broadcast-blue\"><strong>[Gen 9] National Dex is currently suspecting Sneasler! For information on how to participate check out the <a href=\"https:\/\/www.smogon.com\/forums\/threads\/sv-national-dex-suspect-8-just-dance.3731534\/\">suspect thread<\/a>.<\/strong><\/div>\n|j|\u2606DiamondDiancie25\n|j|\u2606Patar136\n|t:|1700761139\n|gametype|singles\n|player|p1|DiamondDiancie25|psychic-gen4|1500\n|player|p2|Patar136|misty|1402\n|teamsize|p1|6\n|teamsize|p2|6\n|gen|9\n|tier|[Gen 9] National Dex\n|rated|\n|rule|HP Percentage Mod: HP is shown in percentages\n|rule|Endless Battle Clause: Forcing endless battles is banned\n|rule|OHKO Clause: OHKO moves are banned\n|rule|Evasion Clause: Evasion abilities, items, and moves are banned\n|rule|Evasion Abilities Clause: Evasion abilities are banned\n|rule|Evasion Items Clause: Evasion items are banned\n|rule|Evasion Moves Clause: Evasion moves are banned\n|rule|Species Clause: Limit one of each Pok\u00e9mon\n|rule|Sleep Clause Mod: Limit one foe put to sleep\n|clearpoke\n|poke|p1|Tyranitar, M|\n|poke|p1|Gliscor, F|\n|poke|p1|Iron Valiant|\n|poke|p1|Tapu Koko|\n|poke|p1|Heatran, F|\n|poke|p1|Alomomola, F|\n|poke|p2|Gliscor, F|\n|poke|p2|Buzzwole|\n|poke|p2|Alomomola, M|\n|poke|p2|Quagsire, M|\n|poke|p2|Garganacl, F|\n|poke|p2|Chansey, F|\n|teampreview\n|\n|t:|1700761151\n|start\n|switch|p1a: Heatran|Heatran, F|100\/100\n|switch|p2a: Gliscor|Gliscor, F|100\/100\n|turn|1\n|\n|t:|1700761158\n|switch|p1a: Alomomola|Alomomola, F|100\/100\n|move|p2a: Gliscor|Earthquake|p1a: Alomomola\n|-damage|p1a: Alomomola|81\/100\n|\n|-status|p2a: Gliscor|tox|[from] item: Toxic Orb\n|upkeep\n|turn|2\n|\n|t:|1700761167\n|move|p2a: Gliscor|Toxic|p1a: Alomomola\n|-status|p1a: Alomomola|tox\n|move|p1a: Alomomola|Wish|p1a: Alomomola\n|\n|-damage|p1a: Alomomola|75\/100 tox|[from] psn\n|upkeep\n|turn|3\n|\n|t:|1700761172\n|move|p2a: Gliscor|Taunt|p1a: Alomomola\n|-start|p1a: Alomomola|move: Taunt\n|move|p1a: Alomomola|Flip Turn|p2a: Gliscor\n|-supereffective|p2a: Gliscor\n|-damage|p2a: Gliscor|68\/100 tox\n|j| hypno#1\n|\n|t:|1700761182\n|switch|p1a: Tapu Koko|Tapu Koko|100\/100|[from] Flip Turn\n|-fieldstart|move: Electric Terrain|[from] ability: Electric Surge|[of] p1a: Tapu Koko\n|\n|-heal|p2a: Gliscor|80\/100 tox|[from] ability: Poison Heal\n|upkeep\n|turn|4\n|\n|t:|1700761188\n|switch|p2a: Chansey|Chansey, F|100\/100\n|move|p1a: Tapu Koko|Hidden Power|p2a: Chansey\n|-damage|p2a: Chansey|95\/100\n|\n|upkeep\n|turn|5\n|\n|t:|1700761195\n|move|p1a: Tapu Koko|U-turn|p2a: Chansey\n|-damage|p2a: Chansey|84\/100\n|\n|t:|1700761200\n|switch|p1a: Heatran|Heatran, F|100\/100|[from] U-turn\n|move|p2a: Chansey|Seismic Toss|p1a: Heatran\n|-damage|p1a: Heatran|75\/100\n|\n|upkeep\n|turn|6\n|\n|t:|1700761212\n|switch|p2a: Garganacl|Garganacl, F|100\/100\n|move|p1a: Heatran|Stealth Rock|p2a: Garganacl\n|-sidestart|p2: Patar136|move: Stealth Rock\n|\n|upkeep\n|turn|7\n|\n|t:|1700761218\n|move|p1a: Heatran|Earth Power|p2a: Garganacl\n|-supereffective|p2a: Garganacl\n|-damage|p2a: Garganacl|54\/100\n|move|p2a: Garganacl|Earthquake|p1a: Heatran\n|-supereffective|p1a: Heatran\n|-damage|p1a: Heatran|0 fnt\n|faint|p1a: Heatran\n|\n|-heal|p2a: Garganacl|60\/100|[from] item: Leftovers\n|-fieldend|move: Electric Terrain\n|upkeep\n|\n|t:|1700761234\n|switch|p1a: Alomomola|Alomomola, F|100\/100 tox\n|turn|8\n|\n|t:|1700761241\n|switch|p2a: Alomomola|Alomomola, M|100\/100\n|move|p1a: Alomomola|Knock Off|p2a: Alomomola\n|-damage|p2a: Alomomola|89\/100\n|-enditem|p2a: Alomomola|Heavy-Duty Boots|[from] move: Knock Off|[of] p1a: Alomomola\n|\n|-damage|p1a: Alomomola|94\/100 tox|[from] psn\n|upkeep\n|turn|9\n|\n|t:|1700761249\n|move|p1a: Alomomola|Flip Turn|p2a: Alomomola\n|-resisted|p2a: Alomomola\n|-damage|p2a: Alomomola|84\/100\n|\n|t:|1700761253\n|switch|p1a: Tyranitar|Tyranitar, M|100\/100|[from] Flip Turn\n|-weather|Sandstorm|[from] ability: Sand Stream|[of] p1a: Tyranitar\n|move|p2a: Alomomola|Wish|p2a: Alomomola\n|\n|-weather|Sandstorm|[upkeep]\n|-damage|p2a: Alomomola|78\/100|[from] Sandstorm\n|upkeep\n|turn|10\n|\n|t:|1700761262\n|detailschange|p1a: Tyranitar|Tyranitar-Mega, M\n|-mega|p1a: Tyranitar|Tyranitar|Tyranitarite\n|move|p1a: Tyranitar|Dragon Dance|p1a: Tyranitar\n|-boost|p1a: Tyranitar|atk|1\n|-boost|p1a: Tyranitar|spe|1\n|move|p2a: Alomomola|Flip Turn|p1a: Tyranitar\n|-supereffective|p1a: Tyranitar\n|-damage|p1a: Tyranitar|79\/100\n|\n|t:|1700761269\n|switch|p2a: Gliscor|Gliscor, F|80\/100 tox|[from] Flip Turn\n|-damage|p2a: Gliscor|68\/100 tox|[from] Stealth Rock\n|\n|-weather|Sandstorm|[upkeep]\n|-heal|p2a: Gliscor|100\/100 tox|[from] move: Wish|[wisher] Alomomola\n|upkeep\n|turn|11\n|\n|t:|1700761275\n|move|p1a: Tyranitar|Ice Punch|p2a: Gliscor\n|-supereffective|p2a: Gliscor\n|-damage|p2a: Gliscor|0 fnt\n|faint|p2a: Gliscor\n|\n|-weather|Sandstorm|[upkeep]\n|upkeep\n|\n|t:|1700761279\n|switch|p2a: Buzzwole|Buzzwole|100\/100\n|turn|12\n|\n|t:|1700761283\n|switch|p1a: Gliscor|Gliscor, F|100\/100\n|move|p2a: Buzzwole|Drain Punch|p1a: Gliscor\n|-resisted|p1a: Gliscor\n|-damage|p1a: Gliscor|90\/100\n|\n|-weather|Sandstorm|[upkeep]\n|-damage|p2a: Buzzwole|94\/100|[from] Sandstorm\n|-status|p1a: Gliscor|tox|[from] item: Toxic Orb\n|upkeep\n|turn|13\n|\n|t:|1700761293\n|move|p1a: Gliscor|Toxic|p2a: Buzzwole\n|-status|p2a: Buzzwole|tox\n|move|p2a: Buzzwole|Ice Punch|p1a: Gliscor\n|-supereffective|p1a: Gliscor\n|-damage|p1a: Gliscor|39\/100 tox\n|\n|-weather|none\n|-heal|p1a: Gliscor|51\/100 tox|[from] ability: Poison Heal\n|-damage|p2a: Buzzwole|88\/100 tox|[from] psn\n|upkeep\n|turn|14\n|\n|t:|1700761302\n|move|p1a: Gliscor|Protect|p1a: Gliscor\n|-singleturn|p1a: Gliscor|Protect\n|move|p2a: Buzzwole|Bulk Up|p2a: Buzzwole\n|-boost|p2a: Buzzwole|atk|1\n|-boost|p2a: Buzzwole|def|1\n|\n|-heal|p1a: Gliscor|64\/100 tox|[from] ability: Poison Heal\n|-damage|p2a: Buzzwole|76\/100 tox|[from] psn\n|upkeep\n|turn|15\n|\n|t:|1700761313\n|move|p1a: Gliscor|Spikes|p2a: Buzzwole\n|-sidestart|p2: Patar136|Spikes\n|move|p2a: Buzzwole|Ice Punch|p1a: Gliscor\n|-supereffective|p1a: Gliscor\n|-damage|p1a: Gliscor|0 fnt\n|faint|p1a: Gliscor\n|-ability|p2a: Buzzwole|Beast Boost|boost\n|-boost|p2a: Buzzwole|def|1\n|\n|-damage|p2a: Buzzwole|57\/100 tox|[from] psn\n|upkeep\n|\n|t:|1700761321\n|switch|p1a: Tapu Koko|Tapu Koko|100\/100\n|-fieldstart|move: Electric Terrain|[from] ability: Electric Surge|[of] p1a: Tapu Koko\n|turn|16\n|\n|t:|1700761328\n|switch|p2a: Chansey|Chansey, F|84\/100\n|-damage|p2a: Chansey|72\/100|[from] Stealth Rock\n|-damage|p2a: Chansey|59\/100|[from] Spikes\n|move|p1a: Tapu Koko|U-turn|p2a: Chansey\n|-damage|p2a: Chansey|49\/100\n|\n|t:|1700761335\n|switch|p1a: Tyranitar|Tyranitar-Mega, M|79\/100|[from] U-turn\n|-weather|Sandstorm|[from] ability: Sand Stream|[of] p1a: Tyranitar\n|\n|-weather|Sandstorm|[upkeep]\n|-damage|p2a: Chansey|42\/100|[from] Sandstorm\n|upkeep\n|turn|17\n|\n|t:|1700761341\n|move|p1a: Tyranitar|Knock Off|p2a: Chansey\n|-damage|p2a: Chansey|3\/100\n|-enditem|p2a: Chansey|Eviolite|[from] move: Knock Off|[of] p1a: Tyranitar\n|move|p2a: Chansey|Aromatherapy|p2a: Chansey\n|-activate|p2a: Chansey|move: Aromatherapy\n|-curestatus|p2: Buzzwole|tox|[msg]\n|\n|-weather|Sandstorm|[upkeep]\n|-damage|p2a: Chansey|0 fnt|[from] Sandstorm\n|faint|p2a: Chansey\n|upkeep\n|\n|t:|1700761350\n|switch|p2a: Buzzwole|Buzzwole|57\/100\n|turn|18\n|\n|t:|1700761355\n|switch|p1a: Tapu Koko|Tapu Koko|100\/100\n|move|p2a: Buzzwole|Roost|p2a: Buzzwole\n|-heal|p2a: Buzzwole|100\/100\n|-singleturn|p2a: Buzzwole|move: Roost\n|\n|-weather|Sandstorm|[upkeep]\n|-damage|p1a: Tapu Koko|94\/100|[from] Sandstorm\n|-damage|p2a: Buzzwole|94\/100|[from] Sandstorm\n|upkeep\n|turn|19\n|\n|t:|1700761365\n|switch|p2a: Quagsire|Quagsire, M|100\/100\n|-damage|p2a: Quagsire|94\/100|[from] Stealth Rock\n|-damage|p2a: Quagsire|82\/100|[from] Spikes\n|move|p1a: Tapu Koko|Dazzling Gleam|p2a: Quagsire\n|-damage|p2a: Quagsire|37\/100\n|\n|-weather|Sandstorm|[upkeep]\n|-damage|p1a: Tapu Koko|88\/100|[from] Sandstorm\n|-heal|p2a: Quagsire|43\/100|[from] item: Leftovers\n|upkeep\n|turn|20\n|\n|t:|1700761375\n|move|p1a: Tapu Koko|Dazzling Gleam|p2a: Quagsire\n|-damage|p2a: Quagsire|5\/100\n|move|p2a: Quagsire|Stealth Rock|p1a: Tapu Koko\n|-sidestart|p1: DiamondDiancie25|move: Stealth Rock\n|\n|-weather|none\n|-heal|p2a: Quagsire|11\/100|[from] item: Leftovers\n|-fieldend|move: Electric Terrain\n|upkeep\n|turn|21\n|\n|t:|1700761383\n|move|p1a: Tapu Koko|U-turn|p2a: Quagsire\n|-damage|p2a: Quagsire|0 fnt\n|faint|p2a: Quagsire\n|\n|t:|1700761392\n|switch|p1a: Iron Valiant|Iron Valiant|100\/100|[from] U-turn\n|-damage|p1a: Iron Valiant|94\/100|[from] Stealth Rock\n|-enditem|p1a: Iron Valiant|Booster Energy\n|-activate|p1a: Iron Valiant|ability: Quark Drive|[fromitem]\n|-start|p1a: Iron Valiant|quarkdrivespe\n|\n|upkeep\n|\n|t:|1700761398\n|switch|p2a: Alomomola|Alomomola, M|100\/100\n|-damage|p2a: Alomomola|88\/100|[from] Stealth Rock\n|-damage|p2a: Alomomola|75\/100|[from] Spikes\n|turn|22\n|\n|t:|1700761403\n|-terastallize|p1a: Iron Valiant|Electric\n|move|p1a: Iron Valiant|Thunderbolt|p2a: Alomomola\n|-supereffective|p2a: Alomomola\n|-damage|p2a: Alomomola|0 fnt\n|faint|p2a: Alomomola\n|\n|upkeep\n|\n|t:|1700761409\n|switch|p2a: Garganacl|Garganacl, F|60\/100\n|-damage|p2a: Garganacl|48\/100|[from] Stealth Rock\n|-damage|p2a: Garganacl|35\/100|[from] Spikes\n|turn|23\n|\n|t:|1700761414\n|move|p1a: Iron Valiant|Moonblast|p2a: Garganacl\n|-damage|p2a: Garganacl|4\/100\n|move|p2a: Garganacl|Recover|p2a: Garganacl\n|-heal|p2a: Garganacl|54\/100\n|\n|-heal|p2a: Garganacl|60\/100|[from] item: Leftovers\n|upkeep\n|turn|24\n|\n|t:|1700761420\n|move|p1a: Iron Valiant|Calm Mind|p1a: Iron Valiant\n|-boost|p1a: Iron Valiant|spa|1\n|-boost|p1a: Iron Valiant|spd|1\n|move|p2a: Garganacl|Recover|p2a: Garganacl\n|-heal|p2a: Garganacl|100\/100\n|\n|upkeep\n|turn|25\n|\n|t:|1700761427\n|move|p1a: Iron Valiant|Aura Sphere|p2a: Garganacl\n|-supereffective|p2a: Garganacl\n|-crit|p2a: Garganacl\n|-damage|p2a: Garganacl|0 fnt\n|faint|p2a: Garganacl\n|\n|upkeep\n|-message|Patar136 forfeited.\n|\n|win|DiamondDiancie25\n|raw|DiamondDiancie25's rating: 1500 &rarr; <strong>1515<\/strong><br \/>(+15 for winning)\n|raw|Patar136's rating: 1402 &rarr; <strong>1387<\/strong><br \/>(-15 for losing)\n|l|\u2606Patar136\n","uploadtime":1700761440,"views":13,"p1id":"diamonddiancie25","p2id":"patar136","formatid":"gen9nationaldex","rating":1387,"private":0,"password":""}