{"id":"gen9nationaldex-1996828790","p1":"red_texan","p2":"ghostbomb98","format":"[Gen 9] National Dex","log":"|html|<div class=\"broadcast-blue\"><strong>[Gen 9] National Dex is currently suspecting Sneasler! For information on how to participate check out the <a href=\"https:\/\/www.smogon.com\/forums\/threads\/sv-national-dex-suspect-8-just-dance.3731534\/\">suspect thread<\/a>.<\/strong><\/div>\n|j|\u2606red_texan\n|j|\u2606ghostbomb98\n|t:|1700731948\n|gametype|singles\n|player|p1|red_texan|hapu|1120\n|player|p2|ghostbomb98|parasollady|1204\n|teamsize|p1|6\n|teamsize|p2|6\n|gen|9\n|tier|[Gen 9] National Dex\n|rated|\n|rule|HP Percentage Mod: HP is shown in percentages\n|rule|Endless Battle Clause: Forcing endless battles is banned\n|rule|OHKO Clause: OHKO moves are banned\n|rule|Evasion Clause: Evasion abilities, items, and moves are banned\n|rule|Evasion Abilities Clause: Evasion abilities are banned\n|rule|Evasion Items Clause: Evasion items are banned\n|rule|Evasion Moves Clause: Evasion moves are banned\n|rule|Species Clause: Limit one of each Pok\u00e9mon\n|rule|Sleep Clause Mod: Limit one foe put to sleep\n|clearpoke\n|poke|p1|Braviary-Hisui, M|\n|poke|p1|Pidgeot, F|\n|poke|p1|Squawkabilly-White, M|\n|poke|p1|Flygon, M|\n|poke|p1|Flamigo, M|\n|poke|p1|Togekiss, M|\n|poke|p2|Kingdra, F|\n|poke|p2|Ferrothorn, M|\n|poke|p2|Zapdos|\n|poke|p2|Goodra, M|\n|poke|p2|Swampert, F|\n|poke|p2|Pelipper, F|\n|teampreview\n|inactive|Battle timer is ON: inactive players will automatically lose when time's up. (requested by ghostbomb98)\n|\n|t:|1700731956\n|start\n|switch|p1a: Flamigo|Flamigo, M|100\/100\n|switch|p2a: 1989|Pelipper, F|100\/100\n|-weather|RainDance|[from] ability: Drizzle|[of] p2a: 1989\n|turn|1\n|\n|t:|1700731959\n|move|p1a: Flamigo|Sky Attack||[still]\n|-prepare|p1a: Flamigo|Sky Attack\n|-enditem|p1a: Flamigo|Power Herb\n|-anim|p1a: Flamigo|Sky Attack|p2a: 1989\n|-crit|p2a: 1989\n|-damage|p2a: 1989|0 fnt\n|faint|p2a: 1989\n|\n|-weather|RainDance|[upkeep]\n|upkeep\n|\n|t:|1700731963\n|switch|p2a: Zapy fapy|Zapdos|100\/100\n|turn|2\n|\n|t:|1700731966\n|switch|p1a: Flygon|Flygon, M|100\/100\n|move|p2a: Zapy fapy|Thunder|p1a: Flygon\n|-immune|p1a: Flygon\n|\n|-weather|RainDance|[upkeep]\n|upkeep\n|turn|3\n|inactive|ghostbomb98 has 120 seconds left.\n|\n|t:|1700732006\n|switch|p2a: Spike boy|Ferrothorn, M|100\/100\n|move|p1a: Flygon|Dragon Dance|p1a: Flygon\n|-boost|p1a: Flygon|atk|1\n|-boost|p1a: Flygon|spe|1\n|\n|-weather|RainDance|[upkeep]\n|upkeep\n|turn|4\n|\n|t:|1700732017\n|move|p1a: Flygon|Earthquake|p2a: Spike boy\n|-crit|p2a: Spike boy\n|-damage|p2a: Spike boy|25\/100\n|move|p2a: Spike boy|Gyro Ball|p1a: Flygon\n|-damage|p1a: Flygon|43\/100\n|\n|-weather|RainDance|[upkeep]\n|-heal|p2a: Spike boy|31\/100|[from] item: Leftovers\n|upkeep\n|turn|5\n|\n|t:|1700732025\n|move|p2a: Spike boy|Protect|p2a: Spike boy\n|-singleturn|p2a: Spike boy|Protect\n|move|p1a: Flygon|Dragon Rush|p2a: Spike boy\n|-activate|p2a: Spike boy|move: Protect\n|\n|-weather|RainDance|[upkeep]\n|-heal|p2a: Spike boy|37\/100|[from] item: Leftovers\n|upkeep\n|turn|6\n|\n|t:|1700732033\n|move|p1a: Flygon|Dragon Rush|p2a: Spike boy\n|-resisted|p2a: Spike boy\n|-damage|p2a: Spike boy|12\/100\n|-damage|p1a: Flygon|30\/100|[from] ability: Iron Barbs|[of] p2a: Spike boy\n|move|p2a: Spike boy|Gyro Ball|p1a: Flygon\n|-damage|p1a: Flygon|0 fnt\n|faint|p1a: Flygon\n|\n|-weather|RainDance|[upkeep]\n|-heal|p2a: Spike boy|18\/100|[from] item: Leftovers\n|upkeep\n|\n|t:|1700732041\n|switch|p1a: Pidgeot|Pidgeot, F|100\/100\n|turn|7\n|\n|t:|1700732045\n|detailschange|p1a: Pidgeot|Pidgeot-Mega, F\n|-mega|p1a: Pidgeot|Pidgeot|Pidgeotite\n|move|p1a: Pidgeot|Heat Wave|p2a: Spike boy\n|-supereffective|p2a: Spike boy\n|-damage|p2a: Spike boy|0 fnt\n|faint|p2a: Spike boy\n|\n|-weather|RainDance|[upkeep]\n|upkeep\n|\n|t:|1700732051\n|switch|p2a: Smash|Swampert, F, shiny|100\/100\n|turn|8\n|\n|t:|1700732075\n|detailschange|p2a: Smash|Swampert-Mega, F, shiny\n|-mega|p2a: Smash|Swampert|Swampertite\n|move|p2a: Smash|Liquidation|p1a: Pidgeot\n|-damage|p1a: Pidgeot|0 fnt\n|faint|p1a: Pidgeot\n|\n|-weather|none\n|upkeep\n|\n|t:|1700732085\n|switch|p1a: Braviary|Braviary-Hisui, M|100\/100\n|turn|9\n|\n|t:|1700732091\n|switch|p2a: Goeeyyyyy|Goodra, M|100\/100\n|move|p1a: Braviary|Calm Mind|p1a: Braviary\n|-boost|p1a: Braviary|spa|1\n|-boost|p1a: Braviary|spd|1\n|\n|upkeep\n|turn|10\n|\n|t:|1700732094\n|move|p2a: Goeeyyyyy|Rain Dance|p2a: Goeeyyyyy\n|-weather|RainDance\n|move|p1a: Braviary|Dazzling Gleam|p2a: Goeeyyyyy\n|-supereffective|p2a: Goeeyyyyy\n|-damage|p2a: Goeeyyyyy|29\/100\n|-damage|p1a: Braviary|91\/100|[from] item: Life Orb\n|\n|-weather|RainDance|[upkeep]\n|-heal|p2a: Goeeyyyyy|35\/100|[from] item: Leftovers\n|upkeep\n|turn|11\n|\n|t:|1700732100\n|move|p2a: Goeeyyyyy|Weather Ball|p1a: Braviary\n|-damage|p1a: Braviary|64\/100\n|move|p1a: Braviary|Calm Mind|p1a: Braviary\n|-boost|p1a: Braviary|spa|1\n|-boost|p1a: Braviary|spd|1\n|\n|-weather|RainDance|[upkeep]\n|-heal|p2a: Goeeyyyyy|42\/100|[from] item: Leftovers\n|upkeep\n|turn|12\n|\n|t:|1700732105\n|move|p2a: Goeeyyyyy|Rest|p2a: Goeeyyyyy\n|-status|p2a: Goeeyyyyy|slp|[from] move: Rest\n|-heal|p2a: Goeeyyyyy|100\/100 slp|[silent]\n|move|p1a: Braviary|Esper Wing|p2a: Goeeyyyyy\n|-damage|p2a: Goeeyyyyy|28\/100 slp\n|-boost|p1a: Braviary|spe|1\n|-damage|p1a: Braviary|54\/100|[from] item: Life Orb\n|\n|-weather|RainDance|[upkeep]\n|-activate|p2a: Goeeyyyyy|ability: Hydration\n|-curestatus|p2a: Goeeyyyyy|slp|[msg]\n|-heal|p2a: Goeeyyyyy|34\/100|[from] item: Leftovers\n|upkeep\n|turn|13\n|\n|t:|1700732108\n|move|p1a: Braviary|Esper Wing|p2a: Goeeyyyyy\n|-damage|p2a: Goeeyyyyy|0 fnt\n|-boost|p1a: Braviary|spe|1\n|faint|p2a: Goeeyyyyy\n|-damage|p1a: Braviary|44\/100|[from] item: Life Orb\n|\n|-weather|RainDance|[upkeep]\n|upkeep\n|\n|t:|1700732117\n|switch|p2a: Kingbeam|Kingdra, F, shiny|100\/100\n|turn|14\n|\n|t:|1700732122\n|move|p2a: Kingbeam|Surf|p1a: Braviary\n|-damage|p1a: Braviary|0 fnt\n|faint|p1a: Braviary\n|\n|-weather|none\n|upkeep\n|\n|t:|1700732128\n|switch|p1a: Flamigo|Flamigo, M|100\/100\n|turn|15\n|\n|t:|1700732133\n|move|p1a: Flamigo|Brave Bird|p2a: Kingbeam\n|-damage|p2a: Kingbeam|33\/100\n|-damage|p1a: Flamigo|79\/100|[from] Recoil\n|move|p2a: Kingbeam|Surf|p1a: Flamigo\n|-damage|p1a: Flamigo|0 fnt\n|faint|p1a: Flamigo\n|\n|upkeep\n|\n|t:|1700732136\n|switch|p1a: Togekiss|Togekiss, M|100\/100\n|turn|16\n|\n|t:|1700732141\n|move|p2a: Kingbeam|Surf|p1a: Togekiss\n|-damage|p1a: Togekiss|70\/100\n|move|p1a: Togekiss|Ancient Power|p2a: Kingbeam\n|-damage|p2a: Kingbeam|9\/100\n|\n|upkeep\n|turn|17\n|\n|t:|1700732145\n|move|p2a: Kingbeam|Surf|p1a: Togekiss\n|-damage|p1a: Togekiss|39\/100\n|move|p1a: Togekiss|Ancient Power|p2a: Kingbeam\n|-damage|p2a: Kingbeam|0 fnt\n|faint|p2a: Kingbeam\n|\n|upkeep\n|\n|t:|1700732148\n|switch|p2a: Smash|Swampert-Mega, F, shiny|100\/100\n|turn|18\n|\n|t:|1700732155\n|move|p2a: Smash|Ice Punch|p1a: Togekiss\n|-supereffective|p1a: Togekiss\n|-damage|p1a: Togekiss|0 fnt\n|faint|p1a: Togekiss\n|\n|upkeep\n|\n|t:|1700732158\n|switch|p1a: Squawkabilly|Squawkabilly-White, M|100\/100\n|turn|19\n|\n|t:|1700732160\n|move|p1a: Squawkabilly|Double-Edge|p2a: Smash\n|-damage|p2a: Smash|32\/100\n|-damage|p1a: Squawkabilly|74\/100|[from] Recoil\n|move|p2a: Smash|Ice Punch|p1a: Squawkabilly\n|-supereffective|p1a: Squawkabilly\n|-crit|p1a: Squawkabilly\n|-damage|p1a: Squawkabilly|0 fnt\n|faint|p1a: Squawkabilly\n|\n|win|ghostbomb98\n|raw|red_texan's rating: 1120 &rarr; <strong>1101<\/strong><br \/>(-19 for losing)\n|raw|ghostbomb98's rating: 1204 &rarr; <strong>1223<\/strong><br \/>(+19 for winning)\n","uploadtime":1700732011,"views":3,"p1id":"redtexan","p2id":"ghostbomb98","formatid":"gen9nationaldex","rating":1101,"private":0,"password":""}