{"id":"gen9nationaldex-2000399096","p1":"Swagglord999","p2":"projectLimestone","format":"[Gen 9] National Dex","log":"|html|<div class=\"broadcast-blue\"><strong>[Gen 9] National Dex is currently suspecting Sneasler! For information on how to participate check out the <a href=\"https:\/\/www.smogon.com\/forums\/threads\/sv-national-dex-suspect-8-just-dance.3731534\/\">suspect thread<\/a>.<\/strong><\/div>\n|j|\u2606Swagglord999\n|j|\u203dprojectLimestone\n|t:|1701191539\n|gametype|singles\n|player|p1|Swagglord999|2|1534\n|player|p2|projectLimestone|2|1445\n|teamsize|p1|6\n|teamsize|p2|6\n|gen|9\n|tier|[Gen 9] National Dex\n|rated|\n|rule|HP Percentage Mod: HP is shown in percentages\n|rule|Endless Battle Clause: Forcing endless battles is banned\n|rule|OHKO Clause: OHKO moves are banned\n|rule|Evasion Clause: Evasion abilities, items, and moves are banned\n|rule|Evasion Abilities Clause: Evasion abilities are banned\n|rule|Evasion Items Clause: Evasion items are banned\n|rule|Evasion Moves Clause: Evasion moves are banned\n|rule|Species Clause: Limit one of each Pok\u00e9mon\n|rule|Sleep Clause Mod: Limit one foe put to sleep\n|clearpoke\n|poke|p1|Pelipper, M|\n|poke|p1|Basculegion, M|\n|poke|p1|Barraskewda, M|\n|poke|p1|Crawdaunt, F|\n|poke|p1|Ferrothorn, F|\n|poke|p1|Great Tusk|\n|poke|p2|Gliscor, F|\n|poke|p2|Buzzwole|\n|poke|p2|Alomomola, M|\n|poke|p2|Dondozo, M|\n|poke|p2|Garganacl, M|\n|poke|p2|Chansey, F|\n|teampreview\n|\n|t:|1701191579\n|start\n|switch|p1a: Ferrothorn|Ferrothorn, F|100\/100\n|switch|p2a: Garganacl|Garganacl, M|100\/100\n|turn|1\n|\n|t:|1701191585\n|move|p2a: Garganacl|Salt Cure|p1a: Ferrothorn\n|-resisted|p1a: Ferrothorn\n|-damage|p1a: Ferrothorn|95\/100\n|-start|p1a: Ferrothorn|Salt Cure\n|move|p1a: Ferrothorn|Power Whip|p2a: Garganacl\n|-supereffective|p2a: Garganacl\n|-damage|p2a: Garganacl|0 fnt\n|faint|p2a: Garganacl\n|\n|-damage|p1a: Ferrothorn|70\/100|[from] Salt Cure\n|upkeep\n|\n|t:|1701191601\n|switch|p2a: Buzzwole|Buzzwole|100\/100\n|turn|2\n|\n|t:|1701191604\n|switch|p1a: Pelipper|Pelipper, M|100\/100\n|-weather|RainDance|[from] ability: Drizzle|[of] p1a: Pelipper\n|move|p2a: Buzzwole|Bulk Up|p2a: Buzzwole\n|-boost|p2a: Buzzwole|atk|1\n|-boost|p2a: Buzzwole|def|1\n|\n|-weather|RainDance|[upkeep]\n|upkeep\n|turn|3\n|\n|t:|1701191610\n|switch|p2a: Chansey|Chansey, F|100\/100\n|move|p1a: Pelipper|Hurricane|p2a: Chansey\n|-damage|p2a: Chansey|89\/100\n|\n|-weather|RainDance|[upkeep]\n|upkeep\n|turn|4\n|\n|t:|1701191616\n|switch|p1a: Great Tusk|Great Tusk|100\/100\n|move|p2a: Chansey|Toxic|p1a: Great Tusk\n|-status|p1a: Great Tusk|tox\n|\n|-weather|RainDance|[upkeep]\n|-damage|p1a: Great Tusk|94\/100 tox|[from] psn\n|upkeep\n|turn|5\n|\n|t:|1701191627\n|switch|p2a: Alomomola|Alomomola, M|100\/100\n|move|p1a: Great Tusk|Knock Off|p2a: Alomomola\n|-damage|p2a: Alomomola|84\/100\n|-enditem|p2a: Alomomola|Heavy-Duty Boots|[from] move: Knock Off|[of] p1a: Great Tusk\n|\n|-weather|RainDance|[upkeep]\n|-heal|p1a: Great Tusk|100\/100 tox|[from] item: Leftovers\n|-damage|p1a: Great Tusk|88\/100 tox|[from] psn\n|upkeep\n|turn|6\n|\n|t:|1701191631\n|-end|p1a: Great Tusk|Protosynthesis|[silent]\n|switch|p1a: Ferrothorn|Ferrothorn, F|70\/100\n|move|p2a: Alomomola|Flip Turn|p1a: Ferrothorn\n|-resisted|p1a: Ferrothorn\n|-damage|p1a: Ferrothorn|62\/100\n|-damage|p2a: Alomomola|71\/100|[from] ability: Iron Barbs|[of] p1a: Ferrothorn\n|\n|t:|1701191668\n|switch|p2a: Gliscor|Gliscor, F|100\/100|[from] Flip Turn\n|\n|-weather|RainDance|[upkeep]\n|-status|p2a: Gliscor|tox|[from] item: Toxic Orb\n|upkeep\n|turn|7\n|\n|t:|1701191673\n|move|p2a: Gliscor|Earthquake|p1a: Ferrothorn\n|-damage|p1a: Ferrothorn|38\/100\n|move|p1a: Ferrothorn|Gyro Ball|p2a: Gliscor\n|-damage|p2a: Gliscor|23\/100 tox\n|\n|-weather|RainDance|[upkeep]\n|-heal|p2a: Gliscor|35\/100 tox|[from] ability: Poison Heal\n|upkeep\n|turn|8\n|\n|t:|1701191683\n|switch|p2a: Buzzwole|Buzzwole|100\/100\n|switch|p1a: Crawdaunt|Crawdaunt, F|100\/100\n|\n|-weather|RainDance|[upkeep]\n|upkeep\n|turn|9\n|\n|t:|1701191691\n|-terastallize|p1a: Crawdaunt|Water\n|move|p1a: Crawdaunt|Crabhammer|p2a: Buzzwole\n|-damage|p2a: Buzzwole|19\/100\n|move|p2a: Buzzwole|Drain Punch|p1a: Crawdaunt\n|-damage|p1a: Crawdaunt|50\/100\n|-heal|p2a: Buzzwole|35\/100|[from] drain|[of] p1a: Crawdaunt\n|\n|-weather|none\n|upkeep\n|turn|10\n|\n|t:|1701191697\n|switch|p2a: Dondozo|Dondozo, M|100\/100\n|move|p1a: Crawdaunt|Crabhammer|p2a: Dondozo\n|-resisted|p2a: Dondozo\n|-damage|p2a: Dondozo|71\/100\n|\n|-heal|p2a: Dondozo|77\/100|[from] item: Leftovers\n|upkeep\n|turn|11\n|\n|t:|1701191705\n|switch|p1a: Pelipper|Pelipper, M|100\/100\n|-weather|RainDance|[from] ability: Drizzle|[of] p1a: Pelipper\n|move|p2a: Dondozo|Body Press|p1a: Pelipper\n|-resisted|p1a: Pelipper\n|-damage|p1a: Pelipper|85\/100\n|\n|-weather|RainDance|[upkeep]\n|-heal|p2a: Dondozo|83\/100|[from] item: Leftovers\n|upkeep\n|turn|12\n|\n|t:|1701191707\n|switch|p2a: Chansey|Chansey, F|89\/100\n|move|p1a: Pelipper|Hurricane|p2a: Chansey\n|-damage|p2a: Chansey|78\/100\n|\n|-weather|RainDance|[upkeep]\n|upkeep\n|turn|13\n|\n|t:|1701191719\n|move|p1a: Pelipper|U-turn|p2a: Chansey\n|-damage|p2a: Chansey|72\/100\n|\n|t:|1701191723\n|switch|p1a: Barraskewda|Barraskewda, M|100\/100|[from] U-turn\n|move|p2a: Chansey|Seismic Toss|p1a: Barraskewda\n|-damage|p1a: Barraskewda|63\/100\n|\n|-weather|RainDance|[upkeep]\n|upkeep\n|turn|14\n|\n|t:|1701191729\n|switch|p2a: Alomomola|Alomomola, M|100\/100\n|move|p1a: Barraskewda|Liquidation|p2a: Alomomola\n|-resisted|p2a: Alomomola\n|-damage|p2a: Alomomola|71\/100\n|\n|-weather|RainDance|[upkeep]\n|upkeep\n|turn|15\n|\n|t:|1701191733\n|move|p1a: Barraskewda|Liquidation|p2a: Alomomola\n|-resisted|p2a: Alomomola\n|-damage|p2a: Alomomola|38\/100\n|-unboost|p2a: Alomomola|def|1\n|move|p2a: Alomomola|Wish|p2a: Alomomola\n|\n|-weather|RainDance|[upkeep]\n|upkeep\n|turn|16\n|\n|t:|1701191737\n|move|p2a: Alomomola|Protect|p2a: Alomomola\n|-singleturn|p2a: Alomomola|Protect\n|move|p1a: Barraskewda|Liquidation|p2a: Alomomola\n|-activate|p2a: Alomomola|move: Protect\n|\n|-weather|RainDance|[upkeep]\n|-heal|p2a: Alomomola|88\/100|[from] move: Wish|[wisher] Alomomola\n|upkeep\n|turn|17\n|\n|t:|1701191750\n|switch|p2a: Dondozo|Dondozo, M|83\/100\n|move|p1a: Barraskewda|Liquidation|p2a: Dondozo\n|-resisted|p2a: Dondozo\n|-damage|p2a: Dondozo|58\/100\n|\n|-weather|RainDance|[upkeep]\n|-heal|p2a: Dondozo|64\/100|[from] item: Leftovers\n|upkeep\n|turn|18\n|\n|t:|1701191757\n|move|p1a: Barraskewda|Liquidation|p2a: Dondozo\n|-resisted|p2a: Dondozo\n|-damage|p2a: Dondozo|39\/100\n|move|p2a: Dondozo|Body Press|p1a: Barraskewda\n|-damage|p1a: Barraskewda|5\/100\n|\n|-weather|none\n|-heal|p2a: Dondozo|45\/100|[from] item: Leftovers\n|upkeep\n|turn|19\n|\n|t:|1701191762\n|switch|p1a: Great Tusk|Great Tusk|88\/100 tox\n|move|p2a: Dondozo|Rest|p2a: Dondozo\n|-status|p2a: Dondozo|slp|[from] move: Rest\n|-heal|p2a: Dondozo|100\/100 slp|[silent]\n|\n|-heal|p1a: Great Tusk|94\/100 tox|[from] item: Leftovers\n|-damage|p1a: Great Tusk|88\/100 tox|[from] psn\n|upkeep\n|turn|20\n|\n|t:|1701191771\n|switch|p2a: Gliscor|Gliscor, F|35\/100 tox\n|move|p1a: Great Tusk|Knock Off|p2a: Gliscor\n|-damage|p2a: Gliscor|13\/100 tox\n|-enditem|p2a: Gliscor|Toxic Orb|[from] move: Knock Off|[of] p1a: Great Tusk\n|\n|-heal|p1a: Great Tusk|94\/100 tox|[from] item: Leftovers\n|-heal|p2a: Gliscor|25\/100 tox|[from] ability: Poison Heal\n|-damage|p1a: Great Tusk|82\/100 tox|[from] psn\n|upkeep\n|turn|21\n|\n|t:|1701191789\n|switch|p2a: Alomomola|Alomomola, M|100\/100\n|-end|p1a: Great Tusk|Protosynthesis|[silent]\n|switch|p1a: Pelipper|Pelipper, M|85\/100\n|-weather|RainDance|[from] ability: Drizzle|[of] p1a: Pelipper\n|\n|-weather|RainDance|[upkeep]\n|upkeep\n|turn|22\n|\n|t:|1701191797\n|switch|p1a: Ferrothorn|Ferrothorn, F|38\/100\n|move|p2a: Alomomola|Wish|p2a: Alomomola\n|\n|-weather|RainDance|[upkeep]\n|upkeep\n|turn|23\n|\n|t:|1701191806\n|switch|p2a: Buzzwole|Buzzwole|35\/100\n|move|p1a: Ferrothorn|Power Whip|p2a: Buzzwole\n|-resisted|p2a: Buzzwole\n|-damage|p2a: Buzzwole|17\/100\n|\n|-weather|RainDance|[upkeep]\n|-heal|p2a: Buzzwole|74\/100|[from] move: Wish|[wisher] Alomomola\n|upkeep\n|turn|24\n|\n|t:|1701191814\n|switch|p1a: Basculegion|Basculegion, M|100\/100\n|move|p2a: Buzzwole|Drain Punch|p1a: Basculegion\n|-immune|p1a: Basculegion\n|\n|-weather|RainDance|[upkeep]\n|upkeep\n|turn|25\n|\n|t:|1701191822\n|switch|p2a: Alomomola|Alomomola, M|100\/100\n|move|p1a: Basculegion|Wave Crash|p2a: Alomomola\n|-resisted|p2a: Alomomola\n|-damage|p2a: Alomomola|58\/100\n|-damage|p1a: Basculegion|83\/100|[from] Recoil\n|\n|-weather|RainDance|[upkeep]\n|upkeep\n|turn|26\n|\n|t:|1701191827\n|move|p1a: Basculegion|Wave Crash|p2a: Alomomola\n|-resisted|p2a: Alomomola\n|-damage|p2a: Alomomola|17\/100\n|-damage|p1a: Basculegion|67\/100|[from] Recoil\n|move|p2a: Alomomola|Wish|p2a: Alomomola\n|\n|-weather|RainDance|[upkeep]\n|upkeep\n|turn|27\n|\n|t:|1701191831\n|switch|p1a: Crawdaunt|Crawdaunt, F, tera:Water|50\/100\n|move|p2a: Alomomola|Protect||[still]\n|-fail|p2a: Alomomola\n|\n|-weather|RainDance|[upkeep]\n|-heal|p2a: Alomomola|67\/100|[from] move: Wish|[wisher] Alomomola\n|upkeep\n|turn|28\n|\n|t:|1701191838\n|switch|p2a: Dondozo|Dondozo, M|100\/100 slp\n|move|p1a: Crawdaunt|Knock Off|p2a: Dondozo\n|-damage|p2a: Dondozo|58\/100 slp\n|-enditem|p2a: Dondozo|Leftovers|[from] move: Knock Off|[of] p1a: Crawdaunt\n|\n|-weather|none\n|upkeep\n|turn|29\n|\n|t:|1701191842\n|move|p1a: Crawdaunt|Knock Off|p2a: Dondozo\n|-damage|p2a: Dondozo|32\/100 slp\n|cant|p2a: Dondozo|slp\n|move|p2a: Dondozo|Sleep Talk|p2a: Dondozo\n|move|p2a: Dondozo|Body Press|p1a: Crawdaunt|[from]move: Sleep Talk\n|-damage|p1a: Crawdaunt|12\/100\n|\n|upkeep\n|turn|30\n|\n|t:|1701191849\n|switch|p2a: Alomomola|Alomomola, M|100\/100\n|move|p1a: Crawdaunt|Knock Off|p2a: Alomomola\n|-damage|p2a: Alomomola|68\/100\n|\n|upkeep\n|turn|31\n|\n|t:|1701191857\n|switch|p1a: Ferrothorn|Ferrothorn, F|38\/100\n|move|p2a: Alomomola|Wish|p2a: Alomomola\n|\n|upkeep\n|turn|32\n|\n|t:|1701191887\n|switch|p2a: Buzzwole|Buzzwole|74\/100\n|move|p1a: Ferrothorn|Power Whip|p2a: Buzzwole\n|-resisted|p2a: Buzzwole\n|-damage|p2a: Buzzwole|54\/100\n|\n|-heal|p2a: Buzzwole|100\/100|[from] move: Wish|[wisher] Alomomola\n|upkeep\n|turn|33\n|\n|t:|1701191897\n|switch|p2a: Alomomola|Alomomola, M|100\/100\n|switch|p1a: Pelipper|Pelipper, M|85\/100\n|-weather|RainDance|[from] ability: Drizzle|[of] p1a: Pelipper\n|\n|-weather|RainDance|[upkeep]\n|upkeep\n|turn|34\n|\n|t:|1701191899\n|move|p1a: Pelipper|U-turn|p2a: Alomomola\n|-damage|p2a: Alomomola|95\/100\n|\n|t:|1701191905\n|switch|p1a: Ferrothorn|Ferrothorn, F|38\/100|[from] U-turn\n|move|p2a: Alomomola|Wish|p2a: Alomomola\n|\n|-weather|RainDance|[upkeep]\n|upkeep\n|turn|35\n|\n|t:|1701191921\n|switch|p2a: Buzzwole|Buzzwole|100\/100\n|move|p1a: Ferrothorn|Stealth Rock|p2a: Buzzwole\n|-sidestart|p2: projectLimestone|move: Stealth Rock\n|\n|-weather|RainDance|[upkeep]\n|upkeep\n|turn|36\n|\n|t:|1701191927\n|switch|p2a: Gliscor|Gliscor, F|25\/100 tox\n|-damage|p2a: Gliscor|13\/100 tox|[from] Stealth Rock\n|switch|p1a: Pelipper|Pelipper, M|85\/100\n|\n|-weather|RainDance|[upkeep]\n|-heal|p2a: Gliscor|25\/100 tox|[from] ability: Poison Heal\n|upkeep\n|turn|37\n|\n|t:|1701191940\n|switch|p2a: Alomomola|Alomomola, M|100\/100\n|-damage|p2a: Alomomola|88\/100|[from] Stealth Rock\n|move|p1a: Pelipper|Weather Ball|p2a: Alomomola\n|-resisted|p2a: Alomomola\n|-damage|p2a: Alomomola|65\/100\n|\n|-weather|RainDance|[upkeep]\n|upkeep\n|turn|38\n|\n|t:|1701191943\n|switch|p1a: Ferrothorn|Ferrothorn, F|38\/100\n|move|p2a: Alomomola|Wish|p2a: Alomomola\n|\n|-weather|RainDance|[upkeep]\n|upkeep\n|turn|39\n|\n|t:|1701191959\n|switch|p2a: Buzzwole|Buzzwole|100\/100\n|move|p1a: Ferrothorn|Gyro Ball|p2a: Buzzwole\n|-damage|p2a: Buzzwole|64\/100\n|\n|-weather|RainDance|[upkeep]\n|-heal|p2a: Buzzwole|100\/100|[from] move: Wish|[wisher] Alomomola\n|upkeep\n|turn|40\n|\n|t:|1701191967\n|switch|p1a: Great Tusk|Great Tusk|82\/100 tox\n|move|p2a: Buzzwole|Ice Punch|p1a: Great Tusk\n|-supereffective|p1a: Great Tusk\n|-damage|p1a: Great Tusk|61\/100 tox\n|\n|-weather|none\n|-heal|p1a: Great Tusk|67\/100 tox|[from] item: Leftovers\n|-damage|p1a: Great Tusk|61\/100 tox|[from] psn\n|upkeep\n|turn|41\n|\n|t:|1701191977\n|-end|p1a: Great Tusk|Protosynthesis|[silent]\n|switch|p1a: Barraskewda|Barraskewda, M|5\/100\n|move|p2a: Buzzwole|Bulk Up|p2a: Buzzwole\n|-boost|p2a: Buzzwole|atk|1\n|-boost|p2a: Buzzwole|def|1\n|\n|upkeep\n|turn|42\n|\n|t:|1701191980\n|move|p1a: Barraskewda|Flip Turn|p2a: Buzzwole\n|-damage|p2a: Buzzwole|85\/100\n|\n|t:|1701191981\n|switch|p1a: Pelipper|Pelipper, M|85\/100|[from] Flip Turn\n|-weather|RainDance|[from] ability: Drizzle|[of] p1a: Pelipper\n|move|p2a: Buzzwole|Drain Punch|p1a: Pelipper\n|-resisted|p1a: Pelipper\n|-damage|p1a: Pelipper|56\/100\n|-heal|p2a: Buzzwole|97\/100|[from] drain|[of] p1a: Pelipper\n|\n|-weather|RainDance|[upkeep]\n|upkeep\n|turn|43\n|\n|t:|1701191985\n|switch|p2a: Alomomola|Alomomola, M|98\/100\n|-damage|p2a: Alomomola|86\/100|[from] Stealth Rock\n|move|p1a: Pelipper|U-turn|p2a: Alomomola\n|-damage|p2a: Alomomola|81\/100\n|\n|t:|1701191989\n|switch|p1a: Crawdaunt|Crawdaunt, F, tera:Water|12\/100|[from] U-turn\n|\n|-weather|RainDance|[upkeep]\n|upkeep\n|turn|44\n|\n|t:|1701191994\n|move|p1a: Crawdaunt|Crunch|p2a: Alomomola\n|-damage|p2a: Alomomola|40\/100\n|move|p2a: Alomomola|Flip Turn|p1a: Crawdaunt\n|-resisted|p1a: Crawdaunt\n|-damage|p1a: Crawdaunt|0 fnt\n|faint|p1a: Crawdaunt\n|\n|t:|1701192003\n|switch|p2a: Gliscor|Gliscor, F|25\/100 tox|[from] Flip Turn\n|-damage|p2a: Gliscor|13\/100 tox|[from] Stealth Rock\n|\n|-weather|RainDance|[upkeep]\n|-heal|p2a: Gliscor|25\/100 tox|[from] ability: Poison Heal\n|upkeep\n|\n|t:|1701192006\n|switch|p1a: Basculegion|Basculegion, M|67\/100\n|turn|45\n|\n|t:|1701192013\n|switch|p2a: Alomomola|Alomomola, M|74\/100\n|-damage|p2a: Alomomola|61\/100|[from] Stealth Rock\n|move|p1a: Basculegion|Wave Crash|p2a: Alomomola\n|-resisted|p2a: Alomomola\n|-damage|p2a: Alomomola|19\/100\n|-damage|p1a: Basculegion|50\/100|[from] Recoil\n|\n|-weather|RainDance|[upkeep]\n|upkeep\n|turn|46\n|\n|t:|1701192016\n|move|p2a: Alomomola|Protect|p2a: Alomomola\n|-singleturn|p2a: Alomomola|Protect\n|move|p1a: Basculegion|Wave Crash|p2a: Alomomola\n|-activate|p2a: Alomomola|move: Protect\n|\n|-weather|RainDance|[upkeep]\n|upkeep\n|turn|47\n|\n|t:|1701192025\n|switch|p2a: Chansey|Chansey, F|72\/100\n|-damage|p2a: Chansey|60\/100|[from] Stealth Rock\n|move|p1a: Basculegion|Wave Crash|p2a: Chansey\n|-damage|p2a: Chansey|0 fnt\n|faint|p2a: Chansey\n|-damage|p1a: Basculegion|14\/100|[from] Recoil\n|\n|-weather|RainDance|[upkeep]\n|upkeep\n|\n|t:|1701192028\n|switch|p2a: Buzzwole|Buzzwole|97\/100\n|turn|48\n|\n|t:|1701192031\n|move|p1a: Basculegion|Wave Crash|p2a: Buzzwole\n|-damage|p2a: Buzzwole|27\/100\n|-damage|p1a: Basculegion|0 fnt|[from] Recoil\n|faint|p1a: Basculegion\n|move|p2a: Buzzwole|Ice Punch|p1: Basculegion|[notarget]\n|-fail|p2a: Buzzwole\n|\n|-weather|RainDance|[upkeep]\n|upkeep\n|\n|t:|1701192037\n|switch|p1a: Barraskewda|Barraskewda, M|5\/100\n|turn|49\n|\n|t:|1701192045\n|move|p1a: Barraskewda|Flip Turn|p2a: Buzzwole\n|-damage|p2a: Buzzwole|0 fnt\n|faint|p2a: Buzzwole\n|\n|t:|1701192048\n|switch|p1a: Ferrothorn|Ferrothorn, F|38\/100|[from] Flip Turn\n|\n|-weather|none\n|upkeep\n|\n|t:|1701192052\n|switch|p2a: Dondozo|Dondozo, M|32\/100 slp\n|-damage|p2a: Dondozo|19\/100 slp|[from] Stealth Rock\n|turn|50\n|\n|t:|1701192060\n|switch|p1a: Pelipper|Pelipper, M|56\/100\n|-weather|RainDance|[from] ability: Drizzle|[of] p1a: Pelipper\n|-terastallize|p2a: Dondozo|Dragon\n|cant|p2a: Dondozo|slp\n|move|p2a: Dondozo|Sleep Talk|p2a: Dondozo\n|move|p2a: Dondozo|Body Press|p1a: Pelipper|[from]move: Sleep Talk\n|-resisted|p1a: Pelipper\n|-damage|p1a: Pelipper|42\/100\n|\n|-weather|RainDance|[upkeep]\n|upkeep\n|turn|51\n|\n|t:|1701192066\n|move|p1a: Pelipper|Hurricane|p2a: Dondozo\n|-damage|p2a: Dondozo|0 fnt\n|faint|p2a: Dondozo\n|\n|-weather|RainDance|[upkeep]\n|upkeep\n|-message|projectLimestone forfeited.\n|\n|win|Swagglord999\n|raw|Swagglord999's rating: 1534 &rarr; <strong>1549<\/strong><br \/>(+15 for winning)\n|raw|projectLimestone's rating: 1445 &rarr; <strong>1430<\/strong><br \/>(-15 for losing)\n|l|\u203dprojectLimestone\n","uploadtime":1701192076,"views":11,"p1id":"swagglord999","p2id":"projectlimestone","formatid":"gen9nationaldex","rating":1430,"private":0,"password":""}