{"id":"gen9nationaldex-1995326420","p1":"AlphaOmega07","p2":"steals many wives","format":"[Gen 9] National Dex","log":"|html|<div class=\"broadcast-blue\"><strong>[Gen 9] National Dex is currently suspecting Sneasler! For information on how to participate check out the <a href=\"https:\/\/www.smogon.com\/forums\/threads\/sv-national-dex-suspect-8-just-dance.3731534\/\">suspect thread<\/a>.<\/strong><\/div>\n|j|\u2606AlphaOmega07\n|j|\u2606steals many wives\n|t:|1700554164\n|gametype|singles\n|player|p1|AlphaOmega07|2|1127\n|player|p2|steals many wives|waitress|1201\n|teamsize|p1|6\n|teamsize|p2|6\n|gen|9\n|tier|[Gen 9] National Dex\n|rated|\n|rule|HP Percentage Mod: HP is shown in percentages\n|rule|Endless Battle Clause: Forcing endless battles is banned\n|rule|OHKO Clause: OHKO moves are banned\n|rule|Evasion Clause: Evasion abilities, items, and moves are banned\n|rule|Evasion Abilities Clause: Evasion abilities are banned\n|rule|Evasion Items Clause: Evasion items are banned\n|rule|Evasion Moves Clause: Evasion moves are banned\n|rule|Species Clause: Limit one of each Pok\u00e9mon\n|rule|Sleep Clause Mod: Limit one foe put to sleep\n|clearpoke\n|poke|p1|Kommo-o, M|\n|poke|p1|Hawlucha, F|\n|poke|p1|Ceruledge, F|\n|poke|p1|Grimmsnarl, M|\n|poke|p1|Volcarona, M|\n|poke|p1|Gliscor, M|\n|poke|p2|Torterra, F|\n|poke|p2|Excadrill, M|\n|poke|p2|Clodsire, M|\n|poke|p2|Gastrodon, F|\n|poke|p2|Mudsdale, F|\n|poke|p2|Camerupt, M|\n|teampreview\n|inactive|Battle timer is ON: inactive players will automatically lose when time's up. (requested by AlphaOmega07)\n|\n|t:|1700554176\n|start\n|switch|p1a: Hawlucha|Hawlucha, F, shiny|100\/100\n|switch|p2a: Vesuvius|Camerupt, M|100\/100\n|turn|1\n|\n|t:|1700554182\n|detailschange|p2a: Vesuvius|Camerupt-Mega, M\n|-mega|p2a: Vesuvius|Camerupt|Cameruptite\n|move|p1a: Hawlucha|Sky Attack||[still]\n|-prepare|p1a: Hawlucha|Sky Attack\n|-enditem|p1a: Hawlucha|Power Herb\n|-anim|p1a: Hawlucha|Sky Attack|p2a: Vesuvius\n|-damage|p2a: Vesuvius|46\/100\n|move|p2a: Vesuvius|Yawn|p1a: Hawlucha\n|-start|p1a: Hawlucha|move: Yawn|[of] p2a: Vesuvius\n|\n|upkeep\n|turn|2\n|\n|t:|1700554192\n|switch|p1a: Gliscor|Gliscor, M|100\/100\n|move|p2a: Vesuvius|Flamethrower|p1a: Gliscor\n|-damage|p1a: Gliscor|6\/100\n|\n|-status|p1a: Gliscor|tox|[from] item: Toxic Orb\n|upkeep\n|turn|3\n|\n|t:|1700554199\n|move|p1a: Gliscor|Earthquake|p2a: Vesuvius\n|-supereffective|p2a: Vesuvius\n|-damage|p2a: Vesuvius|0 fnt\n|faint|p2a: Vesuvius\n|\n|-heal|p1a: Gliscor|18\/100 tox|[from] ability: Poison Heal\n|upkeep\n|\n|t:|1700554208\n|switch|p2a: Thicc|Mudsdale, F|100\/100\n|turn|4\n|\n|t:|1700554227\n|move|p1a: Gliscor|Ice Fang|p2a: Thicc\n|-supereffective|p2a: Thicc\n|-damage|p2a: Thicc|76\/100\n|-ability|p2a: Thicc|Stamina|boost\n|-boost|p2a: Thicc|def|1\n|move|p2a: Thicc|Iron Defense|p2a: Thicc\n|-boost|p2a: Thicc|def|2\n|\n|-heal|p2a: Thicc|82\/100|[from] item: Leftovers\n|-heal|p1a: Gliscor|30\/100 tox|[from] ability: Poison Heal\n|upkeep\n|turn|5\n|\n|t:|1700554236\n|move|p1a: Gliscor|Ice Fang|p2a: Thicc\n|-supereffective|p2a: Thicc\n|-damage|p2a: Thicc|73\/100\n|-ability|p2a: Thicc|Stamina|boost\n|-boost|p2a: Thicc|def|1\n|move|p2a: Thicc|Smack Down|p1a: Gliscor\n|-damage|p1a: Gliscor|17\/100 tox\n|-start|p1a: Gliscor|Smack Down\n|\n|-heal|p2a: Thicc|79\/100|[from] item: Leftovers\n|-heal|p1a: Gliscor|29\/100 tox|[from] ability: Poison Heal\n|upkeep\n|turn|6\n|\n|t:|1700554247\n|move|p1a: Gliscor|Ice Fang|p2a: Thicc\n|-supereffective|p2a: Thicc\n|-damage|p2a: Thicc|70\/100\n|-ability|p2a: Thicc|Stamina|boost\n|-boost|p2a: Thicc|def|1\n|cant|p2a: Thicc|flinch\n|\n|-heal|p2a: Thicc|76\/100|[from] item: Leftovers\n|-heal|p1a: Gliscor|42\/100 tox|[from] ability: Poison Heal\n|upkeep\n|turn|7\n|\n|t:|1700554256\n|move|p1a: Gliscor|Ice Fang|p2a: Thicc\n|-supereffective|p2a: Thicc\n|-damage|p2a: Thicc|70\/100\n|-ability|p2a: Thicc|Stamina|boost\n|-boost|p2a: Thicc|def|1\n|move|p2a: Thicc|Earthquake|p1a: Gliscor\n|-damage|p1a: Gliscor|2\/100 tox\n|\n|-heal|p2a: Thicc|76\/100|[from] item: Leftovers\n|-heal|p1a: Gliscor|15\/100 tox|[from] ability: Poison Heal\n|upkeep\n|turn|8\n|\n|t:|1700554266\n|move|p1a: Gliscor|Ice Fang|p2a: Thicc\n|-supereffective|p2a: Thicc\n|-damage|p2a: Thicc|70\/100\n|move|p2a: Thicc|Earthquake|p1a: Gliscor\n|-damage|p1a: Gliscor|0 fnt\n|faint|p1a: Gliscor\n|\n|-heal|p2a: Thicc|76\/100|[from] item: Leftovers\n|upkeep\n|\n|t:|1700554292\n|switch|p1a: Volcarona|Volcarona, M|100\/100\n|turn|9\n|\n|t:|1700554295\n|move|p1a: Volcarona|Air Slash|p2a: Thicc\n|-damage|p2a: Thicc|46\/100\n|move|p2a: Thicc|Smack Down|p1a: Volcarona\n|-supereffective|p1a: Volcarona\n|-damage|p1a: Volcarona|10\/100\n|\n|-heal|p2a: Thicc|52\/100|[from] item: Leftovers\n|upkeep\n|turn|10\n|\n|t:|1700554302\n|move|p1a: Volcarona|Air Slash|p2a: Thicc\n|-damage|p2a: Thicc|26\/100\n|move|p2a: Thicc|Smack Down|p1a: Volcarona\n|-supereffective|p1a: Volcarona\n|-damage|p1a: Volcarona|0 fnt\n|faint|p1a: Volcarona\n|\n|-heal|p2a: Thicc|32\/100|[from] item: Leftovers\n|upkeep\n|\n|t:|1700554306\n|switch|p1a: Kommo-o|Kommo-o, M|100\/100\n|turn|11\n|\n|t:|1700554313\n|move|p1a: Kommo-o|Clanging Scales|p2a: Thicc\n|-damage|p2a: Thicc|0 fnt\n|faint|p2a: Thicc\n|-unboost|p1a: Kommo-o|def|1\n|-enditem|p1a: Kommo-o|Throat Spray\n|-boost|p1a: Kommo-o|spa|1|[from] item: Throat Spray\n|\n|upkeep\n|\n|t:|1700554322\n|switch|p2a: Land Blimp|Clodsire, M|100\/100\n|turn|12\n|\n|t:|1700554325\n|move|p1a: Kommo-o|Clangorous Soul|p1a: Kommo-o\n|-boost|p1a: Kommo-o|atk|1\n|-boost|p1a: Kommo-o|def|1\n|-boost|p1a: Kommo-o|spa|1\n|-boost|p1a: Kommo-o|spd|1\n|-boost|p1a: Kommo-o|spe|1\n|-damage|p1a: Kommo-o|68\/100\n|move|p2a: Land Blimp|Earthquake|p1a: Kommo-o\n|-damage|p1a: Kommo-o|29\/100\n|\n|upkeep\n|turn|13\n|\n|t:|1700554333\n|move|p1a: Kommo-o|Clanging Scales|p2a: Land Blimp\n|-damage|p2a: Land Blimp|78\/100\n|-unboost|p1a: Kommo-o|def|1\n|move|p2a: Land Blimp|Earthquake|p1a: Kommo-o\n|-damage|p1a: Kommo-o|0 fnt\n|faint|p1a: Kommo-o\n|\n|upkeep\n|\n|t:|1700554341\n|switch|p1a: Hawlucha|Hawlucha, F, shiny|100\/100\n|turn|14\n|\n|t:|1700554344\n|move|p1a: Hawlucha|Acrobatics|p2a: Land Blimp\n|-damage|p2a: Land Blimp|21\/100\n|move|p2a: Land Blimp|Poison Jab|p1a: Hawlucha\n|-damage|p1a: Hawlucha|59\/100\n|-status|p1a: Hawlucha|psn\n|\n|-damage|p1a: Hawlucha|47\/100 psn|[from] psn\n|upkeep\n|turn|15\n|\n|t:|1700554357\n|switch|p2a: The Slimy One|Gastrodon, F|100\/100\n|move|p1a: Hawlucha|Acrobatics|p2a: The Slimy One\n|-damage|p2a: The Slimy One|60\/100\n|\n|-heal|p2a: The Slimy One|66\/100|[from] item: Leftovers\n|-damage|p1a: Hawlucha|34\/100 psn|[from] psn\n|upkeep\n|turn|16\n|\n|t:|1700554365\n|move|p1a: Hawlucha|Acrobatics|p2a: The Slimy One\n|-damage|p2a: The Slimy One|25\/100\n|move|p2a: The Slimy One|Recover|p2a: The Slimy One\n|-heal|p2a: The Slimy One|75\/100\n|\n|-heal|p2a: The Slimy One|81\/100|[from] item: Leftovers\n|-damage|p1a: Hawlucha|22\/100 psn|[from] psn\n|upkeep\n|turn|17\n|\n|t:|1700554375\n|move|p1a: Hawlucha|Sky Attack||[still]\n|-prepare|p1a: Hawlucha|Sky Attack\n|move|p2a: The Slimy One|Recover|p2a: The Slimy One\n|-heal|p2a: The Slimy One|100\/100\n|\n|-damage|p1a: Hawlucha|9\/100 psn|[from] psn\n|upkeep\n|turn|18\n|\n|t:|1700554386\n|switch|p2a: Land Blimp|Clodsire, M|21\/100\n|move|p1a: Hawlucha|Sky Attack|p2a: Land Blimp|[from]lockedmove\n|-damage|p2a: Land Blimp|0 fnt\n|faint|p2a: Land Blimp\n|\n|-damage|p1a: Hawlucha|0 fnt|[from] psn\n|faint|p1a: Hawlucha\n|upkeep\n|\n|t:|1700554398\n|switch|p1a: Grimmsnarl|Grimmsnarl, M|100\/100\n|switch|p2a: Tortellini|Torterra, F|100\/100\n|turn|19\n|\n|t:|1700554402\n|move|p1a: Grimmsnarl|Fake Out|p2a: Tortellini\n|-damage|p2a: Tortellini|85\/100\n|cant|p2a: Tortellini|flinch\n|\n|upkeep\n|turn|20\n|\n|t:|1700554407\n|move|p2a: Tortellini|Shell Smash|p2a: Tortellini\n|-unboost|p2a: Tortellini|def|1\n|-unboost|p2a: Tortellini|spd|1\n|-boost|p2a: Tortellini|atk|2\n|-boost|p2a: Tortellini|spa|2\n|-boost|p2a: Tortellini|spe|2\n|move|p1a: Grimmsnarl|Darkest Lariat|p2a: Tortellini\n|-damage|p2a: Tortellini|38\/100\n|\n|upkeep\n|turn|21\n|\n|t:|1700554416\n|move|p2a: Tortellini|Bullet Seed|p1a: Grimmsnarl\n|-damage|p1a: Grimmsnarl|74\/100\n|-damage|p1a: Grimmsnarl|48\/100\n|-damage|p1a: Grimmsnarl|20\/100\n|-damage|p1a: Grimmsnarl|0 fnt\n|faint|p1a: Grimmsnarl\n|-hitcount|p1: Grimmsnarl|4\n|\n|upkeep\n|\n|t:|1700554421\n|switch|p1a: Ceruledge|Ceruledge, F|100\/100\n|turn|22\n|\n|t:|1700554424\n|move|p2a: Tortellini|Rock Blast|p1a: Ceruledge\n|-supereffective|p1a: Ceruledge\n|-damage|p1a: Ceruledge|61\/100\n|-supereffective|p1a: Ceruledge\n|-damage|p1a: Ceruledge|15\/100\n|-supereffective|p1a: Ceruledge\n|-damage|p1a: Ceruledge|0 fnt\n|faint|p1a: Ceruledge\n|-hitcount|p1: Ceruledge|3\n|\n|win|steals many wives\n|raw|AlphaOmega07's rating: 1127 &rarr; <strong>1107<\/strong><br \/>(-20 for losing)\n|raw|steals many wives's rating: 1201 &rarr; <strong>1221<\/strong><br \/>(+20 for winning)\n|l|\u2606AlphaOmega07\n","uploadtime":1700554434,"views":2,"p1id":"alphaomega07","p2id":"stealsmanywives","formatid":"gen9nationaldex","rating":1107,"private":0,"password":""}