{"id":"gen9nationaldex-1987082737","p1":"MAttjr999au2","p2":"Ultramegabazz124","format":"[Gen 9] National Dex","log":"|j|\u2606MAttjr999au2\n|j|\u2606Ultramegabazz124\n|t:|1699554645\n|gametype|singles\n|player|p1|MAttjr999au2|169|1000\n|player|p2|Ultramegabazz124|flannery|1047\n|teamsize|p1|1\n|teamsize|p2|6\n|gen|9\n|tier|[Gen 9] National Dex\n|rated|\n|rule|HP Percentage Mod: HP is shown in percentages\n|rule|Endless Battle Clause: Forcing endless battles is banned\n|rule|OHKO Clause: OHKO moves are banned\n|rule|Evasion Clause: Evasion abilities, items, and moves are banned\n|rule|Evasion Abilities Clause: Evasion abilities are banned\n|rule|Evasion Items Clause: Evasion items are banned\n|rule|Evasion Moves Clause: Evasion moves are banned\n|rule|Species Clause: Limit one of each Pok\u00e9mon\n|rule|Sleep Clause Mod: Limit one foe put to sleep\n|clearpoke\n|poke|p1|Shuckle, M|\n|poke|p2|Mew|\n|poke|p2|Lopunny, M|\n|poke|p2|Toxapex, F|\n|poke|p2|Espeon, M|\n|poke|p2|Corviknight, M|\n|poke|p2|Hatterene, F|\n|teampreview\n|\n|t:|1699554649\n|start\n|switch|p1a: Snail dude|Shuckle, M|100\/100\n|switch|p2a: Mew|Mew|100\/100\n|turn|1\n|\n|t:|1699554659\n|-terastallize|p1a: Snail dude|Bug\n|move|p2a: Mew|Dragon Dance|p2a: Mew\n|-boost|p2a: Mew|atk|1\n|-boost|p2a: Mew|spe|1\n|move|p1a: Snail dude|Acupressure|p1a: Snail dude\n|-boost|p1a: Snail dude|evasion|2\n|\n|upkeep\n|turn|2\n|\n|t:|1699554669\n|move|p2a: Mew|Icicle Spear|p1a: Snail dude\n|-damage|p1a: Snail dude|94\/100\n|-crit|p1a: Snail dude\n|-damage|p1a: Snail dude|84\/100\n|-damage|p1a: Snail dude|78\/100\n|-damage|p1a: Snail dude|71\/100\n|-damage|p1a: Snail dude|64\/100\n|-hitcount|p1a: Snail dude|5\n|move|p1a: Snail dude|Acupressure|p1a: Snail dude\n|-boost|p1a: Snail dude|atk|2\n|\n|upkeep\n|turn|3\n|\n|t:|1699554680\n|move|p2a: Mew|Rock Blast|p1a: Snail dude\n|-supereffective|p1a: Snail dude\n|-damage|p1a: Snail dude|50\/100\n|-supereffective|p1a: Snail dude\n|-damage|p1a: Snail dude|37\/100\n|-supereffective|p1a: Snail dude\n|-damage|p1a: Snail dude|23\/100\n|-supereffective|p1a: Snail dude\n|-damage|p1a: Snail dude|9\/100\n|-hitcount|p1a: Snail dude|4\n|move|p1a: Snail dude|Acupressure|p1a: Snail dude\n|-boost|p1a: Snail dude|def|2\n|\n|upkeep\n|turn|4\n|\n|t:|1699554691\n|move|p2a: Mew|Rock Blast|p1a: Snail dude|[miss]\n|-miss|p2a: Mew|p1a: Snail dude\n|move|p1a: Snail dude|Rest|p1a: Snail dude\n|-status|p1a: Snail dude|slp|[from] move: Rest\n|-heal|p1a: Snail dude|100\/100 slp|[silent]\n|-enditem|p1a: Snail dude|Chesto Berry|[eat]\n|-curestatus|p1a: Snail dude|slp|[msg]\n|\n|upkeep\n|turn|5\n|\n|t:|1699554709\n|switch|p2a: Hatterene|Hatterene, F|100\/100\n|move|p1a: Snail dude|Acupressure|p1a: Snail dude\n|-boost|p1a: Snail dude|spa|2\n|\n|upkeep\n|turn|6\n|\n|t:|1699554723\n|move|p2a: Hatterene|Calm Mind|p2a: Hatterene\n|-boost|p2a: Hatterene|spa|1\n|-boost|p2a: Hatterene|spd|1\n|move|p1a: Snail dude|Acupressure|p1a: Snail dude\n|-boost|p1a: Snail dude|def|2\n|\n|upkeep\n|turn|7\n|\n|t:|1699554730\n|move|p2a: Hatterene|Calm Mind|p2a: Hatterene\n|-boost|p2a: Hatterene|spa|1\n|-boost|p2a: Hatterene|spd|1\n|move|p1a: Snail dude|Acupressure|p1a: Snail dude\n|-boost|p1a: Snail dude|atk|2\n|\n|upkeep\n|turn|8\n|\n|t:|1699554737\n|move|p2a: Hatterene|Calm Mind|p2a: Hatterene\n|-boost|p2a: Hatterene|spa|1\n|-boost|p2a: Hatterene|spd|1\n|move|p1a: Snail dude|Acupressure|p1a: Snail dude\n|-boost|p1a: Snail dude|atk|2\n|\n|upkeep\n|turn|9\n|\n|t:|1699554744\n|move|p2a: Hatterene|Calm Mind|p2a: Hatterene\n|-boost|p2a: Hatterene|spa|1\n|-boost|p2a: Hatterene|spd|1\n|move|p1a: Snail dude|Acupressure|p1a: Snail dude\n|-boost|p1a: Snail dude|evasion|2\n|\n|upkeep\n|turn|10\n|\n|t:|1699554751\n|move|p2a: Hatterene|Mystical Fire|p1a: Snail dude|[miss]\n|-miss|p2a: Hatterene|p1a: Snail dude\n|move|p1a: Snail dude|Acupressure|p1a: Snail dude\n|-boost|p1a: Snail dude|spe|2\n|\n|upkeep\n|turn|11\n|inactive|Battle timer is ON: inactive players will automatically lose when time's up. (requested by MAttjr999au2)\n|\n|t:|1699554760\n|move|p1a: Snail dude|Acupressure|p1a: Snail dude\n|-boost|p1a: Snail dude|accuracy|2\n|move|p2a: Hatterene|Mystical Fire|p1a: Snail dude|[miss]\n|-miss|p2a: Hatterene|p1a: Snail dude\n|\n|upkeep\n|turn|12\n|\n|t:|1699554768\n|move|p1a: Snail dude|Acupressure|p1a: Snail dude\n|-boost|p1a: Snail dude|spe|2\n|move|p2a: Hatterene|Trick Room|p2a: Hatterene\n|-fieldstart|move: Trick Room|[of] p2a: Hatterene\n|\n|upkeep\n|turn|13\n|\n|t:|1699554779\n|switch|p2a: Toxapex|Toxapex, F|100\/100\n|move|p1a: Snail dude|Stone Edge|p2a: Toxapex\n|-damage|p2a: Toxapex|71\/100\n|\n|-heal|p2a: Toxapex|78\/100|[from] item: Leftovers\n|upkeep\n|turn|14\n|\n|t:|1699554790\n|move|p2a: Toxapex|Haze|p2a: Toxapex\n|-clearallboost\n|move|p1a: Snail dude|Acupressure|p1a: Snail dude\n|-boost|p1a: Snail dude|spa|2\n|\n|-heal|p2a: Toxapex|84\/100|[from] item: Leftovers\n|upkeep\n|turn|15\n|\n|t:|1699554809\n|move|p1a: Snail dude|Acupressure|p1a: Snail dude\n|-boost|p1a: Snail dude|evasion|2\n|move|p2a: Toxapex|Knock Off|p1a: Snail dude|[miss]\n|-miss|p2a: Toxapex|p1a: Snail dude\n|\n|-heal|p2a: Toxapex|90\/100|[from] item: Leftovers\n|upkeep\n|turn|16\n|\n|t:|1699554832\n|move|p1a: Snail dude|Acupressure|p1a: Snail dude\n|-boost|p1a: Snail dude|def|2\n|move|p2a: Toxapex|Haze|p2a: Toxapex\n|-clearallboost\n|\n|-heal|p2a: Toxapex|96\/100|[from] item: Leftovers\n|-fieldend|move: Trick Room\n|upkeep\n|turn|17\n|\n|t:|1699554852\n|move|p2a: Toxapex|Knock Off|p1a: Snail dude\n|-damage|p1a: Snail dude|95\/100\n|move|p1a: Snail dude|Acupressure|p1a: Snail dude\n|-boost|p1a: Snail dude|accuracy|2\n|\n|-heal|p2a: Toxapex|100\/100|[from] item: Leftovers\n|upkeep\n|turn|18\n|inactive|Ultramegabazz124 has 120 seconds left.\n|\n|t:|1699554879\n|move|p2a: Toxapex|Scald|p1a: Snail dude\n|-damage|p1a: Snail dude|85\/100\n|move|p1a: Snail dude|Acupressure|p1a: Snail dude\n|-boost|p1a: Snail dude|def|2\n|\n|upkeep\n|turn|19\n|inactive|Ultramegabazz124 has 120 seconds left.\n|\n|t:|1699554888\n|move|p2a: Toxapex|Scald|p1a: Snail dude\n|-damage|p1a: Snail dude|75\/100\n|move|p1a: Snail dude|Stone Edge|p2a: Toxapex\n|-damage|p2a: Toxapex|93\/100\n|\n|-heal|p2a: Toxapex|99\/100|[from] item: Leftovers\n|upkeep\n|turn|20\n|-message|MAttjr999au2 forfeited.\n|\n|win|Ultramegabazz124\n|raw|MAttjr999au2's rating: 1000 &rarr; <strong>1000<\/strong><br \/>(+0 for losing)\n|raw|Ultramegabazz124's rating: 1047 &rarr; <strong>1076<\/strong><br \/>(+29 for winning)\n|l|\u2606MAttjr999au2\n","uploadtime":1699554911,"views":4,"p1id":"mattjr999au2","p2id":"ultramegabazz124","formatid":"gen9nationaldex","rating":1000,"private":0,"password":""}