{"id":"gen9nationaldex-1988056422","p1":"Kongsrunngov13","p2":"supersayinmekhi","format":"[Gen 9] National Dex","log":"|j|\u2606Kongsrunngov13\n|j|\u2606supersayinmekhi\n|t:|1699664198\n|gametype|singles\n|player|p1|Kongsrunngov13|102|\n|player|p2|supersayinmekhi|linebacker|\n|teamsize|p1|6\n|teamsize|p2|6\n|gen|9\n|tier|[Gen 9] National Dex\n|rule|HP Percentage Mod: HP is shown in percentages\n|rule|Endless Battle Clause: Forcing endless battles is banned\n|rule|OHKO Clause: OHKO moves are banned\n|rule|Evasion Clause: Evasion abilities, items, and moves are banned\n|rule|Evasion Abilities Clause: Evasion abilities are banned\n|rule|Evasion Items Clause: Evasion items are banned\n|rule|Evasion Moves Clause: Evasion moves are banned\n|rule|Species Clause: Limit one of each Pok\u00e9mon\n|rule|Sleep Clause Mod: Limit one foe put to sleep\n|clearpoke\n|poke|p1|Armaldo, F|\n|poke|p1|Haxorus, F|\n|poke|p1|Lilligant-Hisui, F|\n|poke|p1|Heracross, M|\n|poke|p1|Victini|\n|poke|p1|Mawile, F|\n|poke|p2|Tinkaton, F|\n|poke|p2|Fezandipiti, M|\n|poke|p2|Rillaboom, M|\n|poke|p2|Quaquaval, M|\n|poke|p2|Entei|\n|poke|p2|Lycanroc-Dusk, M|\n|teampreview\n|\n|t:|1699664203\n|start\n|switch|p1a: Nob|Armaldo, F|100\/100\n|switch|p2a: bark|Entei|100\/100\n|-ability|p2a: bark|Pressure\n|turn|1\n|\n|t:|1699664211\n|move|p2a: bark|Flamethrower|p1a: Nob\n|-damage|p1a: Nob|69\/100\n|move|p1a: Nob|Aqua Tail|p2a: bark\n|-supereffective|p2a: bark\n|-damage|p2a: bark|39\/100\n|\n|-heal|p2a: bark|45\/100|[from] item: Leftovers\n|upkeep\n|turn|2\n|\n|t:|1699664230\n|switch|p2a: dance|Quaquaval, M|100\/100\n|move|p1a: Nob|Aqua Tail|p2a: dance\n|-resisted|p2a: dance\n|-damage|p2a: dance|81\/100\n|\n|-heal|p2a: dance|87\/100|[from] item: Leftovers\n|upkeep\n|turn|3\n|\n|t:|1699664249\n|move|p2a: dance|Aqua Step|p1a: Nob\n|-supereffective|p1a: Nob\n|-damage|p1a: Nob|0 fnt\n|-boost|p2a: dance|spe|1\n|faint|p1a: Nob\n|-ability|p2a: dance|Moxie|boost\n|-boost|p2a: dance|atk|1\n|\n|-heal|p2a: dance|93\/100|[from] item: Leftovers\n|upkeep\n|\n|t:|1699664260\n|switch|p1a: Little Sister|Lilligant-Hisui, F|100\/100\n|turn|4\n|\n|t:|1699664267\n|move|p2a: dance|Brave Bird|p1a: Little Sister\n|-supereffective|p1a: Little Sister\n|-damage|p1a: Little Sister|0 fnt\n|faint|p1a: Little Sister\n|-ability|p2a: dance|Moxie|boost\n|-boost|p2a: dance|atk|1\n|-damage|p2a: dance|57\/100|[from] Recoil\n|\n|-heal|p2a: dance|64\/100|[from] item: Leftovers\n|upkeep\n|\n|t:|1699664274\n|switch|p1a: Young Grasshopper|Heracross, M|100\/100\n|turn|5\n|\n|t:|1699664278\n|move|p2a: dance|Brave Bird|p1a: Young Grasshopper\n|-supereffective|p1a: Young Grasshopper\n|-damage|p1a: Young Grasshopper|0 fnt\n|faint|p1a: Young Grasshopper\n|-ability|p2a: dance|Moxie|boost\n|-boost|p2a: dance|atk|1\n|-damage|p2a: dance|26\/100|[from] Recoil\n|\n|-heal|p2a: dance|32\/100|[from] item: Leftovers\n|upkeep\n|\n|t:|1699664282\n|switch|p1a: Hax|Haxorus, F|100\/100\n|-ability|p1a: Hax|Unnerve\n|turn|6\n|\n|t:|1699664290\n|move|p2a: dance|Close Combat|p1a: Hax\n|-damage|p1a: Hax|0 fnt\n|-unboost|p2a: dance|def|1\n|-unboost|p2a: dance|spd|1\n|faint|p1a: Hax\n|-ability|p2a: dance|Moxie|boost\n|-boost|p2a: dance|atk|1\n|\n|-heal|p2a: dance|38\/100|[from] item: Leftovers\n|upkeep\n|\n|t:|1699664295\n|switch|p1a: HEEE HEEE HAW|Victini|100\/100\n|turn|7\n|\n|t:|1699664300\n|move|p1a: HEEE HEEE HAW|Energy Ball|p2a: dance\n|-supereffective|p2a: dance\n|-damage|p2a: dance|0 fnt\n|faint|p2a: dance\n|\n|upkeep\n|\n|t:|1699664306\n|switch|p2a: bork|Lycanroc-Dusk, M|100\/100\n|turn|8\n|\n|t:|1699664309\n|move|p1a: HEEE HEEE HAW|Energy Ball|p2a: bork\n|-supereffective|p2a: bork\n|-damage|p2a: bork|41\/100\n|move|p2a: bork|Drill Run|p1a: HEEE HEEE HAW\n|-supereffective|p1a: HEEE HEEE HAW\n|-damage|p1a: HEEE HEEE HAW|37\/100\n|\n|-heal|p2a: bork|48\/100|[from] item: Leftovers\n|upkeep\n|turn|9\n|\n|t:|1699664317\n|move|p2a: bork|Accelerock|p1a: HEEE HEEE HAW\n|-supereffective|p1a: HEEE HEEE HAW\n|-damage|p1a: HEEE HEEE HAW|0 fnt\n|faint|p1a: HEEE HEEE HAW\n|\n|-heal|p2a: bork|54\/100|[from] item: Leftovers\n|upkeep\n|\n|t:|1699664319\n|switch|p1a: Help|Mawile, F|100\/100\n|turn|10\n|\n|t:|1699664324\n|detailschange|p1a: Help|Mawile-Mega, F\n|-mega|p1a: Help|Mawile|Mawilite\n|move|p2a: bork|Drill Run|p1a: Help\n|-supereffective|p1a: Help\n|-damage|p1a: Help|29\/100\n|move|p1a: Help|Play Rough|p2a: bork\n|-damage|p2a: bork|0 fnt\n|faint|p2a: bork\n|\n|upkeep\n|\n|t:|1699664332\n|switch|p2a: bark|Entei|45\/100\n|-ability|p2a: bark|Pressure\n|turn|11\n|\n|t:|1699664337\n|move|p2a: bark|Flamethrower|p1a: Help\n|-supereffective|p1a: Help\n|-damage|p1a: Help|0 fnt\n|faint|p1a: Help\n|\n|win|supersayinmekhi\n|c|\u2606supersayinmekhi|gg\n|c|\u2606Kongsrunngov13|gg\n","uploadtime":1699664348,"views":16,"p1id":"kongsrunngov13","p2id":"supersayinmekhi","formatid":"gen9nationaldex","rating":0,"private":0,"password":""}