{"id":"gen9nationaldex-1988250785","p1":"ReptileMedias","p2":"johim","format":"[Gen 9] National Dex","log":"|j|\u2606ReptileMedias\n|j|\u2606johim\n|t:|1699694571\n|gametype|singles\n|player|p1|ReptileMedias|may|1257\n|player|p2|johim|jogger|1275\n|teamsize|p1|6\n|teamsize|p2|6\n|gen|9\n|tier|[Gen 9] National Dex\n|rated|\n|rule|HP Percentage Mod: HP is shown in percentages\n|rule|Endless Battle Clause: Forcing endless battles is banned\n|rule|OHKO Clause: OHKO moves are banned\n|rule|Evasion Clause: Evasion abilities, items, and moves are banned\n|rule|Evasion Abilities Clause: Evasion abilities are banned\n|rule|Evasion Items Clause: Evasion items are banned\n|rule|Evasion Moves Clause: Evasion moves are banned\n|rule|Species Clause: Limit one of each Pok\u00e9mon\n|rule|Sleep Clause Mod: Limit one foe put to sleep\n|clearpoke\n|poke|p1|Scizor, M|\n|poke|p1|Venusaur, M|\n|poke|p1|Arcanine, F|\n|poke|p1|Crawdaunt, M|\n|poke|p1|Jolteon, M|\n|poke|p1|Crobat, M|\n|poke|p2|Charizard, M|\n|poke|p2|Crobat, M|\n|poke|p2|Rhydon, M|\n|poke|p2|Cloyster, M|\n|poke|p2|Magneton|\n|poke|p2|Hitmonlee, M|\n|teampreview\n|\n|t:|1699694584\n|start\n|switch|p1a: Lobstarno|Crawdaunt, M|100\/100\n|switch|p2a: Rhydon|Rhydon, M|100\/100\n|turn|1\n|inactive|Battle timer is ON: inactive players will automatically lose when time's up. (requested by johim)\n|\n|t:|1699694632\n|-terastallize|p2a: Rhydon|Water\n|move|p1a: Lobstarno|Aqua Jet|p2a: Rhydon\n|-resisted|p2a: Rhydon\n|-damage|p2a: Rhydon|88\/100\n|move|p2a: Rhydon|Earthquake|p1a: Lobstarno\n|-damage|p1a: Lobstarno|17\/100\n|\n|upkeep\n|turn|2\n|\n|t:|1699694645\n|switch|p1a: Penusaur|Venusaur, M|100\/100\n|move|p2a: Rhydon|Ice Punch|p1a: Penusaur\n|-supereffective|p1a: Penusaur\n|-damage|p1a: Penusaur|49\/100\n|\n|upkeep\n|turn|3\n|\n|t:|1699694655\n|detailschange|p1a: Penusaur|Venusaur-Mega, M\n|-mega|p1a: Penusaur|Venusaur|Venusaurite\n|move|p1a: Penusaur|Giga Drain|p2a: Rhydon\n|-supereffective|p2a: Rhydon\n|-damage|p2a: Rhydon|35\/100\n|-heal|p1a: Penusaur|74\/100|[from] drain|[of] p2a: Rhydon\n|move|p2a: Rhydon|Ice Punch|p1a: Penusaur\n|-supereffective|p1a: Penusaur\n|-damage|p1a: Penusaur|55\/100\n|\n|upkeep\n|turn|4\n|\n|t:|1699694666\n|switch|p2a: Crobat|Crobat, M|100\/100\n|move|p1a: Penusaur|Giga Drain|p2a: Crobat\n|-resisted|p2a: Crobat\n|-damage|p2a: Crobat|91\/100\n|-heal|p1a: Penusaur|59\/100|[from] drain|[of] p2a: Crobat\n|\n|upkeep\n|turn|5\n|inactive|ReptileMedias has 120 seconds left.\n|\n|t:|1699694704\n|switch|p1a: Bullet Ant|Scizor, M|100\/100\n|move|p2a: Crobat|Nasty Plot|p2a: Crobat\n|-boost|p2a: Crobat|spa|2\n|\n|upkeep\n|turn|6\n|\n|t:|1699694709\n|switch|p1a: Adult|Arcanine, F|100\/100\n|move|p2a: Crobat|Heat Wave|p1a: Adult\n|-start|p1a: Adult|ability: Flash Fire\n|\n|upkeep\n|turn|7\n|\n|t:|1699694713\n|move|p2a: Crobat|Air Slash|p1a: Adult\n|-damage|p1a: Adult|35\/100\n|cant|p1a: Adult|flinch\n|\n|-heal|p1a: Adult|41\/100|[from] item: Leftovers\n|upkeep\n|turn|8\n|\n|t:|1699694718\n|move|p1a: Adult|Extreme Speed|p2a: Crobat\n|-damage|p2a: Crobat|60\/100\n|move|p2a: Crobat|Air Slash|p1a: Adult\n|-damage|p1a: Adult|0 fnt\n|faint|p1a: Adult\n|\n|upkeep\n|\n|t:|1699694724\n|switch|p1a: Sharp David|Jolteon, M|100\/100\n|turn|9\n|\n|t:|1699694731\n|switch|p2a: Rhydon|Rhydon, M, tera:Water|35\/100\n|move|p1a: Sharp David|Hidden Power|p2a: Rhydon\n|-resisted|p2a: Rhydon\n|-damage|p2a: Rhydon|25\/100\n|\n|upkeep\n|turn|10\n|\n|t:|1699694739\n|switch|p1a: Penusaur|Venusaur-Mega, M|59\/100\n|move|p2a: Rhydon|Stone Edge|p1a: Penusaur\n|-damage|p1a: Penusaur|22\/100\n|\n|upkeep\n|turn|11\n|\n|t:|1699694748\n|switch|p2a: Crobat|Crobat, M|60\/100\n|move|p1a: Penusaur|Giga Drain|p2a: Crobat\n|-resisted|p2a: Crobat\n|-damage|p2a: Crobat|50\/100\n|-heal|p1a: Penusaur|27\/100|[from] drain|[of] p2a: Crobat\n|\n|upkeep\n|turn|12\n|\n|t:|1699694768\n|switch|p1a: Sharp David|Jolteon, M|100\/100\n|move|p2a: Crobat|Air Slash|p1a: Sharp David\n|-resisted|p1a: Sharp David\n|-damage|p1a: Sharp David|84\/100\n|\n|upkeep\n|turn|13\n|\n|t:|1699694776\n|switch|p2a: Magneton|Magneton|100\/100\n|-terastallize|p1a: Sharp David|Electric\n|move|p1a: Sharp David|Thunderbolt|p2a: Magneton\n|-resisted|p2a: Magneton\n|-damage|p2a: Magneton|59\/100\n|\n|upkeep\n|turn|14\n|\n|t:|1699694790\n|move|p1a: Sharp David|Thunderbolt|p2a: Magneton\n|-resisted|p2a: Magneton\n|-damage|p2a: Magneton|16\/100\n|move|p2a: Magneton|Confuse Ray|p1a: Sharp David\n|-start|p1a: Sharp David|confusion\n|\n|upkeep\n|turn|15\n|\n|t:|1699694802\n|switch|p1a: Penusaur|Venusaur-Mega, M|27\/100\n|move|p2a: Magneton|Flash Cannon|p1a: Penusaur\n|-damage|p1a: Penusaur|0 fnt\n|faint|p1a: Penusaur\n|\n|upkeep\n|\n|t:|1699694804\n|switch|p1a: Sharp David|Jolteon, M, tera:Electric|84\/100\n|turn|16\n|\n|t:|1699694809\n|move|p1a: Sharp David|Thunderbolt|p2a: Magneton\n|-resisted|p2a: Magneton\n|-damage|p2a: Magneton|0 fnt\n|faint|p2a: Magneton\n|\n|upkeep\n|\n|t:|1699694812\n|switch|p2a: Rhydon|Rhydon, M, tera:Water|25\/100\n|turn|17\n|\n|t:|1699694817\n|move|p1a: Sharp David|Thunderbolt|p2a: Rhydon\n|-ability|p2a: Rhydon|Lightning Rod|boost\n|-boost|p2a: Rhydon|spa|1\n|move|p2a: Rhydon|Earthquake|p1a: Sharp David\n|-supereffective|p1a: Sharp David\n|-damage|p1a: Sharp David|0 fnt\n|faint|p1a: Sharp David\n|\n|upkeep\n|\n|t:|1699694825\n|switch|p1a: Lobstarno|Crawdaunt, M|17\/100\n|turn|18\n|-message|ReptileMedias forfeited.\n|\n|win|johim\n|raw|ReptileMedias's rating: 1257 &rarr; <strong>1233<\/strong><br \/>(-24 for losing)\n|raw|johim's rating: 1275 &rarr; <strong>1299<\/strong><br \/>(+24 for winning)\n|l|\u2606ReptileMedias\n","uploadtime":1699694950,"views":4,"p1id":"reptilemedias","p2id":"johim","formatid":"gen9nationaldex","rating":1233,"private":0,"password":""}