{"id":"gen9nationaldex-1992237939","p1":"XDTNT","p2":"Akakska","format":"[Gen 9] National Dex","log":"|j|\u2606XDTNT\n|j|\u2606Akakska\n|t:|1700166576\n|gametype|singles\n|player|p1|XDTNT|101|1118\n|player|p2|Akakska|2|1093\n|teamsize|p1|6\n|teamsize|p2|6\n|gen|9\n|tier|[Gen 9] National Dex\n|rated|\n|rule|HP Percentage Mod: HP is shown in percentages\n|rule|Endless Battle Clause: Forcing endless battles is banned\n|rule|OHKO Clause: OHKO moves are banned\n|rule|Evasion Clause: Evasion abilities, items, and moves are banned\n|rule|Evasion Abilities Clause: Evasion abilities are banned\n|rule|Evasion Items Clause: Evasion items are banned\n|rule|Evasion Moves Clause: Evasion moves are banned\n|rule|Species Clause: Limit one of each Pok\u00e9mon\n|rule|Sleep Clause Mod: Limit one foe put to sleep\n|clearpoke\n|poke|p1|Ferrothorn, M|\n|poke|p1|Scizor, M|\n|poke|p1|Urshifu-*, F|\n|poke|p1|Ting-Lu|\n|poke|p1|Garchomp, F|\n|poke|p1|Pinsir, F|\n|poke|p2|Cresselia, F|\n|poke|p2|Skarmory, M|\n|poke|p2|Slowbro-Galar, M|\n|poke|p2|Garganacl, F|\n|poke|p2|Toxapex, F|\n|poke|p2|Sneasler, F|\n|teampreview\n|\n|t:|1700166588\n|start\n|switch|p1a: Ferrothorn|Ferrothorn, M|100\/100\n|switch|p2a: Birb|Skarmory, M|100\/100\n|turn|1\n|\n|t:|1700166597\n|move|p2a: Birb|Iron Defense|p2a: Birb\n|-boost|p2a: Birb|def|2\n|move|p1a: Ferrothorn|Spikes|p2a: Birb\n|-sidestart|p2: Akakska|Spikes\n|\n|upkeep\n|turn|2\n|\n|t:|1700166606\n|move|p2a: Birb|Body Press|p1a: Ferrothorn\n|-supereffective|p1a: Ferrothorn\n|-damage|p1a: Ferrothorn|8\/100\n|-damage|p2a: Birb|88\/100|[from] ability: Iron Barbs|[of] p1a: Ferrothorn\n|-damage|p2a: Birb|72\/100|[from] item: Rocky Helmet|[of] p1a: Ferrothorn\n|move|p1a: Ferrothorn|Spikes|p2a: Birb\n|-sidestart|p2: Akakska|Spikes\n|\n|upkeep\n|turn|3\n|\n|t:|1700166616\n|move|p2a: Birb|Body Press|p1a: Ferrothorn\n|-supereffective|p1a: Ferrothorn\n|-damage|p1a: Ferrothorn|0 fnt\n|-damage|p2a: Birb|59\/100|[from] ability: Iron Barbs|[of] p1a: Ferrothorn\n|-damage|p2a: Birb|43\/100|[from] item: Rocky Helmet|[of] p1a: Ferrothorn\n|faint|p1a: Ferrothorn\n|\n|upkeep\n|\n|t:|1700166650\n|switch|p1a: Urshifu|Urshifu-Rapid-Strike, F|100\/100\n|turn|4\n|\n|t:|1700166657\n|move|p1a: Urshifu|Aqua Jet|p2a: Birb\n|-damage|p2a: Birb|37\/100\n|-damage|p1a: Urshifu|84\/100|[from] item: Rocky Helmet|[of] p2a: Birb\n|move|p2a: Birb|Roost|p2a: Birb\n|-heal|p2a: Birb|87\/100\n|-singleturn|p2a: Birb|move: Roost\n|\n|upkeep\n|turn|5\n|\n|t:|1700166669\n|move|p1a: Urshifu|Aqua Jet|p2a: Birb\n|-damage|p2a: Birb|80\/100\n|-damage|p1a: Urshifu|68\/100|[from] item: Rocky Helmet|[of] p2a: Birb\n|move|p2a: Birb|Spikes|p1a: Urshifu\n|-sidestart|p1: XDTNT|Spikes\n|\n|upkeep\n|turn|6\n|\n|t:|1700166680\n|move|p1a: Urshifu|U-turn|p2a: Birb\n|-resisted|p2a: Birb\n|-damage|p2a: Birb|79\/100\n|-damage|p1a: Urshifu|51\/100|[from] item: Rocky Helmet|[of] p2a: Birb\n|\n|t:|1700166685\n|switch|p1a: Garchomp|Garchomp, F|100\/100|[from] U-turn\n|-damage|p1a: Garchomp|88\/100|[from] Spikes\n|move|p2a: Birb|Spikes|p1a: Garchomp\n|-sidestart|p1: XDTNT|Spikes\n|\n|upkeep\n|turn|7\n|\n|t:|1700166692\n|move|p1a: Garchomp|Draco Meteor|p2a: Birb\n|-resisted|p2a: Birb\n|-damage|p2a: Birb|53\/100\n|-unboost|p1a: Garchomp|spa|2\n|move|p2a: Birb|Body Press|p1a: Garchomp\n|-damage|p1a: Garchomp|23\/100\n|-damage|p2a: Birb|41\/100|[from] ability: Rough Skin|[of] p1a: Garchomp\n|\n|upkeep\n|turn|8\n|\n|t:|1700166705\n|move|p1a: Garchomp|Flamethrower|p2a: Birb\n|-supereffective|p2a: Birb\n|-damage|p2a: Birb|16\/100\n|-status|p2a: Birb|brn\n|move|p2a: Birb|Roost|p2a: Birb\n|-heal|p2a: Birb|66\/100 brn\n|-singleturn|p2a: Birb|move: Roost\n|\n|-damage|p2a: Birb|60\/100 brn|[from] brn\n|upkeep\n|turn|9\n|\n|t:|1700166714\n|move|p1a: Garchomp|Flamethrower|p2a: Birb\n|-supereffective|p2a: Birb\n|-damage|p2a: Birb|37\/100 brn\n|move|p2a: Birb|Spikes|p1a: Garchomp\n|-sidestart|p1: XDTNT|Spikes\n|\n|-damage|p2a: Birb|31\/100 brn|[from] brn\n|upkeep\n|turn|10\n|\n|t:|1700166721\n|move|p1a: Garchomp|Flamethrower|p2a: Birb\n|-supereffective|p2a: Birb\n|-damage|p2a: Birb|5\/100 brn\n|move|p2a: Birb|Roost|p2a: Birb\n|-heal|p2a: Birb|55\/100 brn\n|-singleturn|p2a: Birb|move: Roost\n|\n|-damage|p2a: Birb|49\/100 brn|[from] brn\n|upkeep\n|turn|11\n|\n|t:|1700166730\n|move|p1a: Garchomp|Flamethrower|p2a: Birb\n|-supereffective|p2a: Birb\n|-damage|p2a: Birb|25\/100 brn\n|move|p2a: Birb|Body Press|p1a: Garchomp\n|-damage|p1a: Garchomp|0 fnt\n|-damage|p2a: Birb|13\/100 brn|[from] ability: Rough Skin|[of] p1a: Garchomp\n|faint|p1a: Garchomp\n|\n|-damage|p2a: Birb|7\/100 brn|[from] brn\n|upkeep\n|\n|t:|1700166742\n|switch|p1a: Scizor|Scizor, M|100\/100\n|-damage|p1a: Scizor|76\/100|[from] Spikes\n|turn|12\n|\n|t:|1700166746\n|move|p1a: Scizor|Bullet Punch|p2a: Birb\n|-resisted|p2a: Birb\n|-damage|p2a: Birb|2\/100 brn\n|-damage|p1a: Scizor|59\/100|[from] item: Rocky Helmet|[of] p2a: Birb\n|move|p2a: Birb|Roost|p2a: Birb\n|-heal|p2a: Birb|52\/100 brn\n|-singleturn|p2a: Birb|move: Roost\n|\n|-damage|p2a: Birb|46\/100 brn|[from] brn\n|upkeep\n|turn|13\n|\n|t:|1700166757\n|move|p1a: Scizor|Swords Dance|p1a: Scizor\n|-boost|p1a: Scizor|atk|2\n|move|p2a: Birb|Roost|p2a: Birb\n|-heal|p2a: Birb|96\/100 brn\n|-singleturn|p2a: Birb|move: Roost\n|\n|-damage|p2a: Birb|90\/100 brn|[from] brn\n|upkeep\n|turn|14\n|\n|t:|1700166767\n|move|p1a: Scizor|Dual Wingbeat|p2a: Birb\n|-resisted|p2a: Birb\n|-damage|p2a: Birb|84\/100 brn\n|-damage|p1a: Scizor|43\/100|[from] item: Rocky Helmet|[of] p2a: Birb\n|-resisted|p2a: Birb\n|-damage|p2a: Birb|77\/100 brn\n|-damage|p1a: Scizor|26\/100|[from] item: Rocky Helmet|[of] p2a: Birb\n|-hitcount|p2a: Birb|2\n|move|p2a: Birb|Body Press|p1a: Scizor\n|-damage|p1a: Scizor|0 fnt\n|faint|p1a: Scizor\n|\n|-damage|p2a: Birb|71\/100 brn|[from] brn\n|upkeep\n|\n|t:|1700166785\n|switch|p1a: Ting-Lu|Ting-Lu|100\/100\n|-damage|p1a: Ting-Lu|76\/100|[from] Spikes\n|-ability|p1a: Ting-Lu|Vessel of Ruin\n|turn|15\n|\n|t:|1700166797\n|move|p2a: Birb|Body Press|p1a: Ting-Lu\n|-supereffective|p1a: Ting-Lu\n|-crit|p1a: Ting-Lu\n|-damage|p1a: Ting-Lu|22\/100\n|move|p1a: Ting-Lu|Dark Pulse|p2a: Birb\n|-damage|p2a: Birb|31\/100 brn\n|\n|-damage|p2a: Birb|25\/100 brn|[from] brn\n|upkeep\n|turn|16\n|\n|t:|1700166823\n|move|p2a: Birb|Body Press|p1a: Ting-Lu\n|-supereffective|p1a: Ting-Lu\n|-damage|p1a: Ting-Lu|0 fnt\n|faint|p1a: Ting-Lu\n|\n|-damage|p2a: Birb|19\/100 brn|[from] brn\n|upkeep\n|\n|t:|1700166830\n|switch|p1a: Urshifu|Urshifu-Rapid-Strike, F|51\/100\n|-damage|p1a: Urshifu|26\/100|[from] Spikes\n|turn|17\n|\n|t:|1700166834\n|move|p1a: Urshifu|Aqua Jet|p2a: Birb\n|-damage|p2a: Birb|13\/100 brn\n|-damage|p1a: Urshifu|10\/100|[from] item: Rocky Helmet|[of] p2a: Birb\n|move|p2a: Birb|Roost|p2a: Birb\n|-heal|p2a: Birb|63\/100 brn\n|-singleturn|p2a: Birb|move: Roost\n|\n|-damage|p2a: Birb|57\/100 brn|[from] brn\n|upkeep\n|turn|18\n|\n|t:|1700166846\n|move|p1a: Urshifu|Surging Strikes|p2a: Birb\n|-crit|p2a: Birb\n|-damage|p2a: Birb|44\/100 brn\n|-damage|p1a: Urshifu|0 fnt|[from] item: Rocky Helmet|[of] p2a: Birb\n|faint|p1a: Urshifu\n|-hitcount|p2a: Birb|1\n|move|p2a: Birb|Roost|p2a: Birb\n|-heal|p2a: Birb|94\/100 brn\n|-singleturn|p2a: Birb|move: Roost\n|\n|-damage|p2a: Birb|88\/100 brn|[from] brn\n|upkeep\n|\n|t:|1700166858\n|switch|p1a: Pinsir|Pinsir, F|100\/100\n|-damage|p1a: Pinsir|76\/100|[from] Spikes\n|turn|19\n|c|\u2606Akakska|6-0d by skarmory, ggwp my man\n|\n|t:|1700166878\n|detailschange|p1a: Pinsir|Pinsir-Mega, F\n|-mega|p1a: Pinsir|Pinsir|Pinsirite\n|move|p1a: Pinsir|Close Combat|p2a: Birb\n|-damage|p2a: Birb|72\/100 brn\n|-unboost|p1a: Pinsir|def|1\n|-unboost|p1a: Pinsir|spd|1\n|-damage|p1a: Pinsir|59\/100|[from] item: Rocky Helmet|[of] p2a: Birb\n|move|p2a: Birb|Body Press|p1a: Pinsir\n|-resisted|p1a: Pinsir\n|-damage|p1a: Pinsir|47\/100\n|\n|-damage|p2a: Birb|66\/100 brn|[from] brn\n|upkeep\n|turn|20\n|\n|t:|1700166892\n|move|p1a: Pinsir|Outrage|p2a: Birb\n|-resisted|p2a: Birb\n|-damage|p2a: Birb|57\/100 brn\n|-damage|p1a: Pinsir|30\/100|[from] item: Rocky Helmet|[of] p2a: Birb\n|move|p2a: Birb|Iron Defense|p2a: Birb\n|-boost|p2a: Birb|def|2\n|\n|-damage|p2a: Birb|51\/100 brn|[from] brn\n|upkeep\n|turn|21\n|\n|t:|1700166901\n|move|p1a: Pinsir|Outrage|p2a: Birb|[from]lockedmove\n|-resisted|p2a: Birb\n|-damage|p2a: Birb|46\/100 brn\n|-damage|p1a: Pinsir|14\/100|[from] item: Rocky Helmet|[of] p2a: Birb\n|move|p2a: Birb|Body Press|p1a: Pinsir\n|-resisted|p1a: Pinsir\n|-damage|p1a: Pinsir|0 fnt\n|faint|p1a: Pinsir\n|\n|win|Akakska\n|raw|XDTNT's rating: 1118 &rarr; <strong>1091<\/strong><br \/>(-27 for losing)\n|raw|Akakska's rating: 1093 &rarr; <strong>1121<\/strong><br \/>(+28 for winning)\n","uploadtime":1700166905,"views":4,"p1id":"xdtnt","p2id":"akakska","formatid":"gen9nationaldex","rating":1091,"private":0,"password":""}