{"id":"gen9nationaldex-1991189331","p1":"Liu11","p2":"Algi73thereal1lmao","format":"[Gen 9] National Dex","log":"|j|\u2606Liu11\n|j|\u2606Algi73thereal1lmao\n|t:|1700055252\n|gametype|singles\n|player|p1|Liu11|dragontamer|1051\n|player|p2|Algi73thereal1lmao|ingo|1150\n|teamsize|p1|6\n|teamsize|p2|6\n|gen|9\n|tier|[Gen 9] National Dex\n|rated|\n|rule|HP Percentage Mod: HP is shown in percentages\n|rule|Endless Battle Clause: Forcing endless battles is banned\n|rule|OHKO Clause: OHKO moves are banned\n|rule|Evasion Clause: Evasion abilities, items, and moves are banned\n|rule|Evasion Abilities Clause: Evasion abilities are banned\n|rule|Evasion Items Clause: Evasion items are banned\n|rule|Evasion Moves Clause: Evasion moves are banned\n|rule|Species Clause: Limit one of each Pok\u00e9mon\n|rule|Sleep Clause Mod: Limit one foe put to sleep\n|clearpoke\n|poke|p1|Gliscor, F|\n|poke|p1|Greninja-*, M|\n|poke|p1|Charizard, F|\n|poke|p1|Kartana|\n|poke|p1|Diancie|\n|poke|p1|Espeon, F|\n|poke|p2|Braviary-Hisui, M|\n|poke|p2|Ursaluna, F|\n|poke|p2|Decidueye-Hisui, M|\n|poke|p2|Typhlosion-Hisui, M|\n|poke|p2|Samurott-Hisui, F|\n|poke|p2|Kleavor, M|\n|teampreview\n|\n|t:|1700055265\n|start\n|switch|p1a: Kartana|Kartana|100\/100\n|switch|p2a: Ursaluna|Ursaluna, F|100\/100\n|turn|1\n|inactive|Battle timer is ON: inactive players will automatically lose when time's up. (requested by Algi73thereal1lmao)\n|\n|t:|1700055278\n|-terastallize|p2a: Ursaluna|Dragon\n|move|p1a: Kartana|Sacred Sword|p2a: Ursaluna\n|-damage|p2a: Ursaluna|72\/100\n|move|p2a: Ursaluna|Earthquake|p1a: Kartana\n|-damage|p1a: Kartana|50\/100\n|\n|-heal|p2a: Ursaluna|79\/100|[from] item: Leftovers\n|upkeep\n|turn|2\n|inactive|Liu11 has 120 seconds left.\n|\n|t:|1700055322\n|move|p1a: Kartana|Smart Strike|p2a: Ursaluna\n|-damage|p2a: Ursaluna|49\/100\n|move|p2a: Ursaluna|Earthquake|p1a: Kartana\n|-damage|p1a: Kartana|0 fnt\n|faint|p1a: Kartana\n|\n|-heal|p2a: Ursaluna|56\/100|[from] item: Leftovers\n|upkeep\n|\n|t:|1700055327\n|switch|p1a: Diancie|Diancie|100\/100\n|turn|3\n|\n|t:|1700055347\n|switch|p2a: Kleavor|Kleavor, M|100\/100\n|move|p1a: Diancie|Rock Polish|p1a: Diancie\n|-boost|p1a: Diancie|spe|2\n|\n|upkeep\n|turn|4\n|\n|t:|1700055356\n|move|p1a: Diancie|Power Gem|p2a: Kleavor\n|-supereffective|p2a: Kleavor\n|-damage|p2a: Kleavor|0 fnt\n|faint|p2a: Kleavor\n|\n|upkeep\n|\n|t:|1700055367\n|switch|p2a: Typhlosion|Typhlosion-Hisui, M|100\/100\n|turn|5\n|\n|t:|1700055376\n|-terastallize|p1a: Diancie|Rock\n|move|p1a: Diancie|Power Gem|p2a: Typhlosion\n|-supereffective|p2a: Typhlosion\n|-damage|p2a: Typhlosion|0 fnt\n|faint|p2a: Typhlosion\n|\n|upkeep\n|\n|t:|1700055382\n|switch|p2a: Decidueye|Decidueye-Hisui, M|100\/100\n|turn|6\n|\n|t:|1700055391\n|move|p1a: Diancie|Moonblast|p2a: Decidueye\n|-supereffective|p2a: Decidueye\n|-damage|p2a: Decidueye|10\/100\n|move|p2a: Decidueye|Leaf Blade|p1a: Diancie\n|-supereffective|p1a: Diancie\n|-damage|p1a: Diancie|11\/100\n|\n|-heal|p1a: Diancie|17\/100|[from] item: Leftovers\n|upkeep\n|turn|7\n|\n|t:|1700055401\n|move|p1a: Diancie|Moonblast|p2a: Decidueye\n|-supereffective|p2a: Decidueye\n|-damage|p2a: Decidueye|0 fnt\n|faint|p2a: Decidueye\n|\n|-heal|p1a: Diancie|23\/100|[from] item: Leftovers\n|upkeep\n|\n|t:|1700055408\n|switch|p2a: Ursaluna|Ursaluna, F, tera:Dragon|56\/100\n|turn|8\n|\n|t:|1700055418\n|switch|p2a: Braviary|Braviary-Hisui, M, shiny|100\/100\n|move|p1a: Diancie|Moonblast|p2a: Braviary\n|-damage|p2a: Braviary|50\/100\n|-unboost|p2a: Braviary|spa|1\n|\n|-heal|p1a: Diancie|30\/100|[from] item: Leftovers\n|upkeep\n|turn|9\n|\n|t:|1700055427\n|move|p1a: Diancie|Power Gem|p2a: Braviary\n|-supereffective|p2a: Braviary\n|-damage|p2a: Braviary|0 fnt\n|faint|p2a: Braviary\n|\n|-heal|p1a: Diancie|36\/100|[from] item: Leftovers\n|upkeep\n|\n|t:|1700055433\n|switch|p2a: Samurott|Samurott-Hisui, F|100\/100\n|turn|10\n|\n|t:|1700055437\n|move|p1a: Diancie|Moonblast|p2a: Samurott\n|-supereffective|p2a: Samurott\n|-damage|p2a: Samurott|0 fnt\n|faint|p2a: Samurott\n|\n|-heal|p1a: Diancie|42\/100|[from] item: Leftovers\n|upkeep\n|\n|t:|1700055444\n|switch|p2a: Ursaluna|Ursaluna, F, tera:Dragon|56\/100\n|turn|11\n|\n|t:|1700055447\n|move|p1a: Diancie|Moonblast|p2a: Ursaluna\n|-supereffective|p2a: Ursaluna\n|-damage|p2a: Ursaluna|0 fnt\n|faint|p2a: Ursaluna\n|\n|win|Liu11\n|raw|Liu11's rating: 1051 &rarr; <strong>1092<\/strong><br \/>(+41 for winning)\n|raw|Algi73thereal1lmao's rating: 1150 &rarr; <strong>1118<\/strong><br \/>(-32 for losing)\n|c|\u2606Liu11|gg\n","uploadtime":1700055458,"views":10,"p1id":"liu11","p2id":"algi73thereal1lmao","formatid":"gen9nationaldex","rating":1092,"private":0,"password":""}