{"id":"gen9nationaldex-1991204321","p1":"chenym114513","p2":"xuxiansheng","format":"[Gen 9] National Dex","log":"|j|\u2606chenym114513\n|j|\u2606xuxiansheng\n|t:|1700056863\n|gametype|singles\n|player|p1|chenym114513|wallace|1453\n|player|p2|xuxiansheng|candice|1381\n|teamsize|p1|6\n|teamsize|p2|6\n|gen|9\n|tier|[Gen 9] National Dex\n|rated|\n|rule|HP Percentage Mod: HP is shown in percentages\n|rule|Endless Battle Clause: Forcing endless battles is banned\n|rule|OHKO Clause: OHKO moves are banned\n|rule|Evasion Clause: Evasion abilities, items, and moves are banned\n|rule|Evasion Abilities Clause: Evasion abilities are banned\n|rule|Evasion Items Clause: Evasion items are banned\n|rule|Evasion Moves Clause: Evasion moves are banned\n|rule|Species Clause: Limit one of each Pok\u00e9mon\n|rule|Sleep Clause Mod: Limit one foe put to sleep\n|clearpoke\n|poke|p1|Toxapex, F|\n|poke|p1|Tapu Lele|\n|poke|p1|Gliscor, F|\n|poke|p1|Zamazenta-*|\n|poke|p1|Diancie|\n|poke|p1|Serperior, M|\n|poke|p2|Charizard, M|\n|poke|p2|Hoopa-Unbound|\n|poke|p2|Volcarona, F|\n|poke|p2|Nidoking, M|\n|poke|p2|Shuckle, M|\n|poke|p2|Great Tusk|\n|teampreview\n|inactive|Battle timer is ON: inactive players will automatically lose when time's up. (requested by xuxiansheng)\n|\n|t:|1700056890\n|start\n|switch|p1a: Serperior|Serperior, M|100\/100\n|switch|p2a: Shuckle|Shuckle, M|100\/100\n|turn|1\n|\n|t:|1700056901\n|move|p1a: Serperior|Substitute|p1a: Serperior\n|-start|p1a: Serperior|Substitute\n|-damage|p1a: Serperior|76\/100\n|move|p2a: Shuckle|Sticky Web|p1a: Serperior\n|-sidestart|p1: chenym114513|move: Sticky Web\n|\n|-heal|p1a: Serperior|82\/100|[from] item: Leftovers\n|upkeep\n|turn|2\n|\n|t:|1700056906\n|move|p1a: Serperior|Leaf Storm|p2a: Shuckle\n|-damage|p2a: Shuckle|72\/100\n|-boost|p1a: Serperior|spa|2\n|move|p2a: Shuckle|Stealth Rock|p1a: Serperior\n|-sidestart|p1: chenym114513|move: Stealth Rock\n|\n|-heal|p1a: Serperior|88\/100|[from] item: Leftovers\n|-heal|p2a: Shuckle|78\/100|[from] item: Leftovers\n|upkeep\n|turn|3\n|\n|t:|1700056918\n|move|p1a: Serperior|Leaf Storm|p2a: Shuckle\n|-damage|p2a: Shuckle|26\/100\n|-boost|p1a: Serperior|spa|2\n|move|p2a: Shuckle|Gyro Ball|p1a: Serperior\n|-activate|p1a: Serperior|move: Substitute|[damage]\n|\n|-heal|p1a: Serperior|94\/100|[from] item: Leftovers\n|-heal|p2a: Shuckle|32\/100|[from] item: Leftovers\n|upkeep\n|turn|4\n|\n|t:|1700056934\n|move|p1a: Serperior|Leaf Storm|p2a: Shuckle\n|-crit|p2a: Shuckle\n|-damage|p2a: Shuckle|0 fnt\n|-boost|p1a: Serperior|spa|2\n|faint|p2a: Shuckle\n|\n|-heal|p1a: Serperior|100\/100|[from] item: Leftovers\n|upkeep\n|\n|t:|1700056947\n|switch|p2a: Charizard|Charizard, M|100\/100\n|turn|5\n|\n|t:|1700056953\n|detailschange|p2a: Charizard|Charizard-Mega-Y, M\n|-mega|p2a: Charizard|Charizard|Charizardite Y\n|-weather|SunnyDay|[from] ability: Drought|[of] p2a: Charizard\n|move|p1a: Serperior|Glare|p2a: Charizard\n|-status|p2a: Charizard|par\n|move|p2a: Charizard|Weather Ball|p1a: Serperior\n|-supereffective|p1a: Serperior\n|-end|p1a: Serperior|Substitute\n|\n|-weather|SunnyDay|[upkeep]\n|upkeep\n|turn|6\n|\n|t:|1700056960\n|move|p1a: Serperior|Substitute|p1a: Serperior\n|-start|p1a: Serperior|Substitute\n|-damage|p1a: Serperior|76\/100\n|cant|p2a: Charizard|par\n|\n|-weather|SunnyDay|[upkeep]\n|-heal|p1a: Serperior|82\/100|[from] item: Leftovers\n|upkeep\n|turn|7\n|\n|t:|1700056966\n|move|p1a: Serperior|Hidden Power|p2a: Charizard\n|-resisted|p2a: Charizard\n|-damage|p2a: Charizard|56\/100 par\n|move|p2a: Charizard|Weather Ball|p1a: Serperior\n|-supereffective|p1a: Serperior\n|-end|p1a: Serperior|Substitute\n|\n|-weather|SunnyDay|[upkeep]\n|-heal|p1a: Serperior|88\/100|[from] item: Leftovers\n|upkeep\n|turn|8\n|\n|t:|1700056972\n|move|p1a: Serperior|Substitute|p1a: Serperior\n|-start|p1a: Serperior|Substitute\n|-damage|p1a: Serperior|63\/100\n|move|p2a: Charizard|Weather Ball|p1a: Serperior\n|-supereffective|p1a: Serperior\n|-end|p1a: Serperior|Substitute\n|\n|-weather|SunnyDay|[upkeep]\n|-heal|p1a: Serperior|69\/100|[from] item: Leftovers\n|upkeep\n|turn|9\n|\n|t:|1700056977\n|move|p1a: Serperior|Substitute|p1a: Serperior\n|-start|p1a: Serperior|Substitute\n|-damage|p1a: Serperior|44\/100\n|cant|p2a: Charizard|par\n|\n|-weather|none\n|-heal|p1a: Serperior|51\/100|[from] item: Leftovers\n|upkeep\n|turn|10\n|\n|t:|1700056984\n|-terastallize|p1a: Serperior|Grass\n|move|p1a: Serperior|Leaf Storm|p2a: Charizard\n|-resisted|p2a: Charizard\n|-damage|p2a: Charizard|0 fnt\n|faint|p2a: Charizard\n|\n|-heal|p1a: Serperior|57\/100|[from] item: Leftovers\n|upkeep\n|\n|t:|1700057005\n|switch|p2a: Volcarona|Volcarona, F|100\/100\n|turn|11\n|\n|t:|1700057010\n|move|p1a: Serperior|Hidden Power|p2a: Volcarona\n|-damage|p2a: Volcarona|46\/100\n|move|p2a: Volcarona|Substitute|p2a: Volcarona\n|-start|p2a: Volcarona|Substitute\n|-damage|p2a: Volcarona|21\/100\n|\n|-heal|p1a: Serperior|63\/100|[from] item: Leftovers\n|upkeep\n|turn|12\n|\n|t:|1700057016\n|move|p1a: Serperior|Hidden Power|p2a: Volcarona\n|-end|p2a: Volcarona|Substitute\n|move|p2a: Volcarona|Fiery Dance|p1a: Serperior\n|-supereffective|p1a: Serperior\n|-end|p1a: Serperior|Substitute\n|-boost|p2a: Volcarona|spa|1\n|\n|-heal|p1a: Serperior|69\/100|[from] item: Leftovers\n|upkeep\n|turn|13\n|\n|t:|1700057021\n|move|p1a: Serperior|Hidden Power|p2a: Volcarona\n|-damage|p2a: Volcarona|0 fnt\n|faint|p2a: Volcarona\n|\n|-heal|p1a: Serperior|76\/100|[from] item: Leftovers\n|upkeep\n|\n|t:|1700057028\n|switch|p2a: Hoopa|Hoopa-Unbound|100\/100\n|turn|14\n|\n|t:|1700057034\n|move|p1a: Serperior|Leaf Storm|p2a: Hoopa\n|-damage|p2a: Hoopa|0 fnt\n|faint|p2a: Hoopa\n|\n|-heal|p1a: Serperior|82\/100|[from] item: Leftovers\n|upkeep\n|\n|t:|1700057038\n|switch|p2a: Great Tusk|Great Tusk|100\/100\n|turn|15\n|\n|t:|1700057041\n|-terastallize|p2a: Great Tusk|Ice\n|move|p1a: Serperior|Leaf Storm|p2a: Great Tusk\n|-damage|p2a: Great Tusk|0 fnt\n|faint|p2a: Great Tusk\n|-end|p2a: Great Tusk|Protosynthesis|[silent]\n|\n|-heal|p1a: Serperior|88\/100|[from] item: Leftovers\n|upkeep\n|\n|t:|1700057045\n|switch|p2a: Nidoking|Nidoking, M|100\/100\n|turn|16\n|\n|t:|1700057047\n|move|p1a: Serperior|Leaf Storm|p2a: Nidoking\n|-crit|p2a: Nidoking\n|-damage|p2a: Nidoking|0 fnt\n|faint|p2a: Nidoking\n|\n|win|chenym114513\n|raw|chenym114513's rating: 1453 &rarr; <strong>1469<\/strong><br \/>(+16 for winning)\n|raw|xuxiansheng's rating: 1381 &rarr; <strong>1365<\/strong><br \/>(-16 for losing)\n|l|\u2606xuxiansheng\n","uploadtime":1700057053,"views":4,"p1id":"chenym114513","p2id":"xuxiansheng","formatid":"gen9nationaldex","rating":1365,"private":0,"password":""}