{"id":"gen9nationaldex-1996573905","p1":"alphabet_donke","p2":"buxet00","format":"[Gen 9] National Dex","log":"|html|<div class=\"broadcast-blue\"><strong>[Gen 9] National Dex is currently suspecting Sneasler! For information on how to participate check out the <a href=\"https:\/\/www.smogon.com\/forums\/threads\/sv-national-dex-suspect-8-just-dance.3731534\/\">suspect thread<\/a>.<\/strong><\/div>\n|j|\u2606alphabet_donke\n|j|\u2606buxet00\n|t:|1700695926\n|gametype|singles\n|player|p1|alphabet_donke|colress|\n|player|p2|buxet00|steven|\n|teamsize|p1|6\n|teamsize|p2|5\n|gen|9\n|tier|[Gen 9] National Dex\n|rule|HP Percentage Mod: HP is shown in percentages\n|rule|Endless Battle Clause: Forcing endless battles is banned\n|rule|OHKO Clause: OHKO moves are banned\n|rule|Evasion Clause: Evasion abilities, items, and moves are banned\n|rule|Evasion Abilities Clause: Evasion abilities are banned\n|rule|Evasion Items Clause: Evasion items are banned\n|rule|Evasion Moves Clause: Evasion moves are banned\n|rule|Species Clause: Limit one of each Pok\u00e9mon\n|rule|Sleep Clause Mod: Limit one foe put to sleep\n|clearpoke\n|poke|p1|Lycanroc-Midnight, M|\n|poke|p1|Iron Treads|\n|poke|p1|Galvantula, M|\n|poke|p1|Zangoose, M|\n|poke|p1|Skeledirge, M|\n|poke|p1|Dragonite, M|\n|poke|p2|Zeraora|\n|poke|p2|Maushold-Four|\n|poke|p2|Alakazam, M|\n|poke|p2|Shuckle, M|\n|poke|p2|Blissey, F|\n|teampreview\n|inactive|Battle timer is ON: inactive players will automatically lose when time's up. (requested by alphabet_donke)\n|\n|t:|1700695935\n|start\n|switch|p1a: Skeledirge|Skeledirge, M|100\/100\n|switch|p2a: Blissey|Blissey, F|100\/100\n|turn|1\n|\n|t:|1700695943\n|switch|p1a: Zangoose|Zangoose, M|100\/100\n|move|p2a: Blissey|Stealth Rock|p1a: Zangoose\n|-sidestart|p1: alphabet_donke|move: Stealth Rock\n|\n|-status|p1a: Zangoose|tox|[from] item: Toxic Orb\n|upkeep\n|turn|2\n|\n|t:|1700695957\n|move|p1a: Zangoose|Brick Break|p2a: Blissey\n|-supereffective|p2a: Blissey\n|-damage|p2a: Blissey|29\/100\n|move|p2a: Blissey|Metronome|p2a: Blissey\n|move|p2a: Blissey|Water Gun|p1a: Zangoose|[from]move: Metronome\n|-damage|p1a: Zangoose|88\/100 tox\n|\n|-heal|p2a: Blissey|35\/100|[from] item: Leftovers\n|-damage|p1a: Zangoose|82\/100 tox|[from] psn\n|upkeep\n|turn|3\n|\n|t:|1700695969\n|move|p1a: Zangoose|Knock Off|p2a: Blissey\n|-damage|p2a: Blissey|0 fnt\n|-enditem|p2a: Blissey|Leftovers|[from] move: Knock Off|[of] p1a: Zangoose\n|faint|p2a: Blissey\n|\n|-damage|p1a: Zangoose|71\/100 tox|[from] psn\n|upkeep\n|\n|t:|1700695974\n|switch|p2a: Shuckle|Shuckle, M|100\/100\n|turn|4\n|\n|t:|1700695978\n|move|p1a: Zangoose|Brick Break|p2a: Shuckle\n|-damage|p2a: Shuckle|75\/100\n|move|p2a: Shuckle|Toxic|p1a: Zangoose\n|-fail|p1a: Zangoose|tox\n|\n|-damage|p1a: Zangoose|53\/100 tox|[from] psn\n|upkeep\n|turn|5\n|\n|t:|1700695983\n|move|p1a: Zangoose|Brick Break|p2a: Shuckle\n|-damage|p2a: Shuckle|51\/100\n|move|p2a: Shuckle|Shell Smash|p2a: Shuckle\n|-boost|p2a: Shuckle|def|1\n|-boost|p2a: Shuckle|spd|1\n|-unboost|p2a: Shuckle|atk|2\n|-unboost|p2a: Shuckle|spa|2\n|-unboost|p2a: Shuckle|spe|2\n|\n|-damage|p1a: Zangoose|29\/100 tox|[from] psn\n|upkeep\n|turn|6\n|\n|t:|1700695988\n|move|p1a: Zangoose|Brick Break|p2a: Shuckle\n|-damage|p2a: Shuckle|35\/100\n|move|p2a: Shuckle|Rest|p2a: Shuckle\n|-status|p2a: Shuckle|slp|[from] move: Rest\n|-heal|p2a: Shuckle|100\/100 slp|[silent]\n|\n|-damage|p1a: Zangoose|0 fnt|[from] psn\n|faint|p1a: Zangoose\n|upkeep\n|\n|t:|1700695999\n|switch|p1a: Iron Treads|Iron Treads|100\/100\n|-damage|p1a: Iron Treads|97\/100|[from] Stealth Rock\n|turn|7\n|\n|t:|1700696006\n|move|p1a: Iron Treads|Iron Defense|p1a: Iron Treads\n|-boost|p1a: Iron Treads|def|2\n|cant|p2a: Shuckle|slp\n|move|p2a: Shuckle|Sleep Talk|p2a: Shuckle\n|move|p2a: Shuckle|Rest||[from]move: Sleep Talk|[still]\n|-fail|p2a: Shuckle\n|\n|upkeep\n|turn|8\n|\n|t:|1700696013\n|move|p1a: Iron Treads|Iron Defense|p1a: Iron Treads\n|-boost|p1a: Iron Treads|def|2\n|cant|p2a: Shuckle|slp\n|move|p2a: Shuckle|Sleep Talk|p2a: Shuckle\n|move|p2a: Shuckle|Rest||[from]move: Sleep Talk|[still]\n|-fail|p2a: Shuckle\n|\n|upkeep\n|turn|9\n|\n|t:|1700696020\n|move|p1a: Iron Treads|Iron Defense|p1a: Iron Treads\n|-boost|p1a: Iron Treads|def|2\n|-curestatus|p2a: Shuckle|slp|[msg]\n|move|p2a: Shuckle|Sleep Talk||[still]\n|-fail|p2a: Shuckle\n|\n|upkeep\n|turn|10\n|\n|t:|1700696027\n|move|p1a: Iron Treads|Rapid Spin|p2a: Shuckle\n|-resisted|p2a: Shuckle\n|-damage|p2a: Shuckle|97\/100\n|-boost|p1a: Iron Treads|spe|1\n|-sideend|p1: alphabet_donke|Stealth Rock|[from] move: Rapid Spin|[of] p1a: Iron Treads\n|move|p2a: Shuckle|Shell Smash|p2a: Shuckle\n|-boost|p2a: Shuckle|def|1\n|-boost|p2a: Shuckle|spd|1\n|-unboost|p2a: Shuckle|atk|2\n|-unboost|p2a: Shuckle|spa|2\n|-unboost|p2a: Shuckle|spe|2\n|\n|upkeep\n|turn|11\n|\n|t:|1700696036\n|move|p1a: Iron Treads|Rapid Spin|p2a: Shuckle\n|-resisted|p2a: Shuckle\n|-damage|p2a: Shuckle|94\/100\n|-boost|p1a: Iron Treads|spe|1\n|move|p2a: Shuckle|Toxic|p1a: Iron Treads\n|-immune|p1a: Iron Treads\n|\n|upkeep\n|turn|12\n|\n|t:|1700696045\n|move|p1a: Iron Treads|Rapid Spin|p2a: Shuckle\n|-resisted|p2a: Shuckle\n|-damage|p2a: Shuckle|92\/100\n|-boost|p1a: Iron Treads|spe|1\n|move|p2a: Shuckle|Shell Smash|p2a: Shuckle\n|-boost|p2a: Shuckle|def|1\n|-boost|p2a: Shuckle|spd|1\n|-unboost|p2a: Shuckle|atk|2\n|-unboost|p2a: Shuckle|spa|2\n|-unboost|p2a: Shuckle|spe|2\n|\n|upkeep\n|turn|13\n|\n|t:|1700696049\n|move|p1a: Iron Treads|Rapid Spin|p2a: Shuckle\n|-resisted|p2a: Shuckle\n|-damage|p2a: Shuckle|90\/100\n|-boost|p1a: Iron Treads|spe|1\n|move|p2a: Shuckle|Shell Smash|p2a: Shuckle\n|-boost|p2a: Shuckle|def|1\n|-boost|p2a: Shuckle|spd|1\n|-unboost|p2a: Shuckle|atk|0\n|-unboost|p2a: Shuckle|spa|0\n|-unboost|p2a: Shuckle|spe|0\n|\n|upkeep\n|turn|14\n|\n|t:|1700696058\n|move|p1a: Iron Treads|Rapid Spin|p2a: Shuckle\n|-resisted|p2a: Shuckle\n|-damage|p2a: Shuckle|87\/100\n|-boost|p1a: Iron Treads|spe|1\n|move|p2a: Shuckle|Shell Smash|p2a: Shuckle\n|-boost|p2a: Shuckle|def|1\n|-boost|p2a: Shuckle|spd|1\n|-unboost|p2a: Shuckle|atk|0\n|-unboost|p2a: Shuckle|spa|0\n|-unboost|p2a: Shuckle|spe|0\n|\n|upkeep\n|turn|15\n|inactive|buxet00 has 270 seconds left.\n|\n|t:|1700696092\n|move|p1a: Iron Treads|Rapid Spin|p2a: Shuckle\n|-resisted|p2a: Shuckle\n|-damage|p2a: Shuckle|86\/100\n|-boost|p1a: Iron Treads|spe|1\n|move|p2a: Shuckle|Toxic|p1a: Iron Treads\n|-immune|p1a: Iron Treads\n|\n|upkeep\n|turn|16\n|\n|t:|1700696098\n|move|p1a: Iron Treads|Body Press|p2a: Shuckle\n|-damage|p2a: Shuckle|64\/100\n|move|p2a: Shuckle|Shell Smash|p2a: Shuckle\n|-boost|p2a: Shuckle|def|1\n|-boost|p2a: Shuckle|spd|1\n|-unboost|p2a: Shuckle|atk|0\n|-unboost|p2a: Shuckle|spa|0\n|-unboost|p2a: Shuckle|spe|0\n|\n|upkeep\n|turn|17\n|\n|t:|1700696103\n|move|p1a: Iron Treads|Earthquake|p2a: Shuckle\n|-damage|p2a: Shuckle|56\/100\n|move|p2a: Shuckle|Rest|p2a: Shuckle\n|-status|p2a: Shuckle|slp|[from] move: Rest\n|-heal|p2a: Shuckle|100\/100 slp|[silent]\n|\n|upkeep\n|turn|18\n|\n|t:|1700696111\n|move|p1a: Iron Treads|Rapid Spin|p2a: Shuckle\n|-resisted|p2a: Shuckle\n|-crit|p2a: Shuckle\n|-damage|p2a: Shuckle|92\/100 slp\n|cant|p2a: Shuckle|slp\n|move|p2a: Shuckle|Sleep Talk|p2a: Shuckle\n|move|p2a: Shuckle|Toxic|p1a: Iron Treads|[from]move: Sleep Talk\n|-immune|p1a: Iron Treads\n|\n|upkeep\n|turn|19\n|\n|t:|1700696119\n|move|p1a: Iron Treads|Rapid Spin|p2a: Shuckle\n|-resisted|p2a: Shuckle\n|-damage|p2a: Shuckle|91\/100 slp\n|cant|p2a: Shuckle|slp\n|move|p2a: Shuckle|Sleep Talk|p2a: Shuckle\n|move|p2a: Shuckle|Toxic|p1a: Iron Treads|[from]move: Sleep Talk\n|-immune|p1a: Iron Treads\n|\n|upkeep\n|turn|20\n|\n|t:|1700696123\n|move|p1a: Iron Treads|Rapid Spin|p2a: Shuckle\n|-resisted|p2a: Shuckle\n|-damage|p2a: Shuckle|90\/100 slp\n|-curestatus|p2a: Shuckle|slp|[msg]\n|move|p2a: Shuckle|Sleep Talk||[still]\n|-fail|p2a: Shuckle\n|\n|upkeep\n|turn|21\n|\n|t:|1700696127\n|move|p1a: Iron Treads|Rapid Spin|p2a: Shuckle\n|-resisted|p2a: Shuckle\n|-damage|p2a: Shuckle|88\/100\n|move|p2a: Shuckle|Toxic|p1a: Iron Treads\n|-immune|p1a: Iron Treads\n|\n|upkeep\n|turn|22\n|\n|t:|1700696133\n|move|p1a: Iron Treads|Rapid Spin|p2a: Shuckle\n|-resisted|p2a: Shuckle\n|-damage|p2a: Shuckle|86\/100\n|move|p2a: Shuckle|Toxic|p1a: Iron Treads\n|-immune|p1a: Iron Treads\n|\n|upkeep\n|turn|23\n|\n|t:|1700696138\n|move|p1a: Iron Treads|Rapid Spin|p2a: Shuckle\n|-resisted|p2a: Shuckle\n|-damage|p2a: Shuckle|85\/100\n|move|p2a: Shuckle|Toxic|p1a: Iron Treads\n|-immune|p1a: Iron Treads\n|\n|upkeep\n|turn|24\n|\n|t:|1700696144\n|move|p1a: Iron Treads|Rapid Spin|p2a: Shuckle\n|-resisted|p2a: Shuckle\n|-damage|p2a: Shuckle|83\/100\n|move|p2a: Shuckle|Toxic|p1a: Iron Treads\n|-immune|p1a: Iron Treads\n|\n|upkeep\n|turn|25\n|\n|t:|1700696151\n|move|p1a: Iron Treads|Rapid Spin|p2a: Shuckle\n|-resisted|p2a: Shuckle\n|-damage|p2a: Shuckle|82\/100\n|move|p2a: Shuckle|Toxic|p1a: Iron Treads\n|-immune|p1a: Iron Treads\n|\n|upkeep\n|turn|26\n|\n|t:|1700696179\n|move|p1a: Iron Treads|Rapid Spin|p2a: Shuckle\n|-resisted|p2a: Shuckle\n|-crit|p2a: Shuckle\n|-damage|p2a: Shuckle|73\/100\n|move|p2a: Shuckle|Toxic|p1a: Iron Treads\n|-immune|p1a: Iron Treads\n|\n|upkeep\n|turn|27\n|\n|t:|1700696194\n|move|p1a: Iron Treads|Rapid Spin|p2a: Shuckle\n|-resisted|p2a: Shuckle\n|-crit|p2a: Shuckle\n|-damage|p2a: Shuckle|66\/100\n|move|p2a: Shuckle|Rest|p2a: Shuckle\n|-status|p2a: Shuckle|slp|[from] move: Rest\n|-heal|p2a: Shuckle|100\/100 slp|[silent]\n|\n|upkeep\n|turn|28\n|\n|t:|1700696197\n|move|p1a: Iron Treads|Rapid Spin|p2a: Shuckle\n|-resisted|p2a: Shuckle\n|-damage|p2a: Shuckle|99\/100 slp\n|cant|p2a: Shuckle|slp\n|\n|upkeep\n|turn|29\n|\n|t:|1700696201\n|move|p1a: Iron Treads|Rapid Spin|p2a: Shuckle\n|-resisted|p2a: Shuckle\n|-damage|p2a: Shuckle|97\/100 slp\n|cant|p2a: Shuckle|slp\n|\n|upkeep\n|turn|30\n|\n|t:|1700696218\n|move|p1a: Iron Treads|Rapid Spin|p2a: Shuckle\n|-resisted|p2a: Shuckle\n|-damage|p2a: Shuckle|96\/100 slp\n|-curestatus|p2a: Shuckle|slp|[msg]\n|move|p2a: Shuckle|Sleep Talk||[still]\n|-fail|p2a: Shuckle\n|\n|upkeep\n|turn|31\n|\n|t:|1700696227\n|move|p1a: Iron Treads|Rapid Spin|p2a: Shuckle\n|-resisted|p2a: Shuckle\n|-damage|p2a: Shuckle|94\/100\n|move|p2a: Shuckle|Sleep Talk||[still]\n|-fail|p2a: Shuckle\n|\n|upkeep\n|turn|32\n|\n|t:|1700696232\n|move|p1a: Iron Treads|Rapid Spin|p2a: Shuckle\n|-resisted|p2a: Shuckle\n|-damage|p2a: Shuckle|93\/100\n|move|p2a: Shuckle|Sleep Talk||[still]\n|-fail|p2a: Shuckle\n|\n|upkeep\n|turn|33\n|\n|t:|1700696238\n|move|p1a: Iron Treads|Rapid Spin|p2a: Shuckle\n|-resisted|p2a: Shuckle\n|-damage|p2a: Shuckle|91\/100\n|move|p2a: Shuckle|Toxic|p1a: Iron Treads\n|-immune|p1a: Iron Treads\n|\n|upkeep\n|turn|34\n|\n|t:|1700696245\n|move|p1a: Iron Treads|Rapid Spin|p2a: Shuckle\n|-resisted|p2a: Shuckle\n|-damage|p2a: Shuckle|90\/100\n|move|p2a: Shuckle|Sleep Talk||[still]\n|-fail|p2a: Shuckle\n|\n|upkeep\n|turn|35\n|\n|t:|1700696253\n|move|p1a: Iron Treads|Rapid Spin|p2a: Shuckle\n|-resisted|p2a: Shuckle\n|-damage|p2a: Shuckle|88\/100\n|move|p2a: Shuckle|Sleep Talk||[still]\n|-fail|p2a: Shuckle\n|\n|upkeep\n|turn|36\n|\n|t:|1700696257\n|move|p1a: Iron Treads|Rapid Spin|p2a: Shuckle\n|-resisted|p2a: Shuckle\n|-damage|p2a: Shuckle|86\/100\n|move|p2a: Shuckle|Shell Smash|p2a: Shuckle\n|-boost|p2a: Shuckle|def|0\n|-boost|p2a: Shuckle|spd|0\n|-unboost|p2a: Shuckle|atk|0\n|-unboost|p2a: Shuckle|spa|0\n|-unboost|p2a: Shuckle|spe|0\n|\n|upkeep\n|turn|37\n|\n|t:|1700696258\n|move|p1a: Iron Treads|Rapid Spin|p2a: Shuckle\n|-resisted|p2a: Shuckle\n|-damage|p2a: Shuckle|85\/100\n|move|p2a: Shuckle|Shell Smash|p2a: Shuckle\n|-boost|p2a: Shuckle|def|0\n|-boost|p2a: Shuckle|spd|0\n|-unboost|p2a: Shuckle|atk|0\n|-unboost|p2a: Shuckle|spa|0\n|-unboost|p2a: Shuckle|spe|0\n|\n|upkeep\n|turn|38\n|\n|t:|1700696261\n|move|p1a: Iron Treads|Rapid Spin|p2a: Shuckle\n|-resisted|p2a: Shuckle\n|-damage|p2a: Shuckle|83\/100\n|move|p2a: Shuckle|Shell Smash|p2a: Shuckle\n|-boost|p2a: Shuckle|def|0\n|-boost|p2a: Shuckle|spd|0\n|-unboost|p2a: Shuckle|atk|0\n|-unboost|p2a: Shuckle|spa|0\n|-unboost|p2a: Shuckle|spe|0\n|\n|upkeep\n|turn|39\n|\n|t:|1700696263\n|move|p1a: Iron Treads|Rapid Spin|p2a: Shuckle\n|-resisted|p2a: Shuckle\n|-damage|p2a: Shuckle|82\/100\n|move|p2a: Shuckle|Shell Smash|p2a: Shuckle\n|-boost|p2a: Shuckle|def|0\n|-boost|p2a: Shuckle|spd|0\n|-unboost|p2a: Shuckle|atk|0\n|-unboost|p2a: Shuckle|spa|0\n|-unboost|p2a: Shuckle|spe|0\n|\n|upkeep\n|turn|40\n|\n|t:|1700696264\n|move|p1a: Iron Treads|Rapid Spin|p2a: Shuckle\n|-resisted|p2a: Shuckle\n|-damage|p2a: Shuckle|80\/100\n|move|p2a: Shuckle|Shell Smash|p2a: Shuckle\n|-boost|p2a: Shuckle|def|0\n|-boost|p2a: Shuckle|spd|0\n|-unboost|p2a: Shuckle|atk|0\n|-unboost|p2a: Shuckle|spa|0\n|-unboost|p2a: Shuckle|spe|0\n|\n|upkeep\n|turn|41\n|\n|t:|1700696266\n|move|p1a: Iron Treads|Rapid Spin|p2a: Shuckle\n|-resisted|p2a: Shuckle\n|-damage|p2a: Shuckle|79\/100\n|move|p2a: Shuckle|Shell Smash|p2a: Shuckle\n|-boost|p2a: Shuckle|def|0\n|-boost|p2a: Shuckle|spd|0\n|-unboost|p2a: Shuckle|atk|0\n|-unboost|p2a: Shuckle|spa|0\n|-unboost|p2a: Shuckle|spe|0\n|\n|upkeep\n|turn|42\n|\n|t:|1700696267\n|move|p1a: Iron Treads|Rapid Spin|p2a: Shuckle\n|-resisted|p2a: Shuckle\n|-damage|p2a: Shuckle|77\/100\n|move|p2a: Shuckle|Shell Smash|p2a: Shuckle\n|-boost|p2a: Shuckle|def|0\n|-boost|p2a: Shuckle|spd|0\n|-unboost|p2a: Shuckle|atk|0\n|-unboost|p2a: Shuckle|spa|0\n|-unboost|p2a: Shuckle|spe|0\n|\n|upkeep\n|turn|43\n|\n|t:|1700696269\n|move|p1a: Iron Treads|Rapid Spin|p2a: Shuckle\n|-resisted|p2a: Shuckle\n|-damage|p2a: Shuckle|75\/100\n|move|p2a: Shuckle|Shell Smash|p2a: Shuckle\n|-boost|p2a: Shuckle|def|0\n|-boost|p2a: Shuckle|spd|0\n|-unboost|p2a: Shuckle|atk|0\n|-unboost|p2a: Shuckle|spa|0\n|-unboost|p2a: Shuckle|spe|0\n|\n|upkeep\n|turn|44\n|\n|t:|1700696270\n|move|p1a: Iron Treads|Rapid Spin|p2a: Shuckle\n|-resisted|p2a: Shuckle\n|-damage|p2a: Shuckle|74\/100\n|move|p2a: Shuckle|Shell Smash|p2a: Shuckle\n|-boost|p2a: Shuckle|def|0\n|-boost|p2a: Shuckle|spd|0\n|-unboost|p2a: Shuckle|atk|0\n|-unboost|p2a: Shuckle|spa|0\n|-unboost|p2a: Shuckle|spe|0\n|\n|upkeep\n|turn|45\n|\n|t:|1700696271\n|move|p1a: Iron Treads|Rapid Spin|p2a: Shuckle\n|-resisted|p2a: Shuckle\n|-damage|p2a: Shuckle|72\/100\n|move|p2a: Shuckle|Shell Smash|p2a: Shuckle\n|-boost|p2a: Shuckle|def|0\n|-boost|p2a: Shuckle|spd|0\n|-unboost|p2a: Shuckle|atk|0\n|-unboost|p2a: Shuckle|spa|0\n|-unboost|p2a: Shuckle|spe|0\n|\n|upkeep\n|turn|46\n|\n|t:|1700696274\n|move|p1a: Iron Treads|Rapid Spin|p2a: Shuckle\n|-resisted|p2a: Shuckle\n|-damage|p2a: Shuckle|71\/100\n|move|p2a: Shuckle|Shell Smash|p2a: Shuckle\n|-boost|p2a: Shuckle|def|0\n|-boost|p2a: Shuckle|spd|0\n|-unboost|p2a: Shuckle|atk|0\n|-unboost|p2a: Shuckle|spa|0\n|-unboost|p2a: Shuckle|spe|0\n|\n|upkeep\n|turn|47\n|\n|t:|1700696275\n|move|p1a: Iron Treads|Rapid Spin|p2a: Shuckle\n|-resisted|p2a: Shuckle\n|-damage|p2a: Shuckle|69\/100\n|move|p2a: Shuckle|Shell Smash|p2a: Shuckle\n|-boost|p2a: Shuckle|def|0\n|-boost|p2a: Shuckle|spd|0\n|-unboost|p2a: Shuckle|atk|0\n|-unboost|p2a: Shuckle|spa|0\n|-unboost|p2a: Shuckle|spe|0\n|\n|upkeep\n|turn|48\n|\n|t:|1700696276\n|move|p1a: Iron Treads|Rapid Spin|p2a: Shuckle\n|-resisted|p2a: Shuckle\n|-damage|p2a: Shuckle|68\/100\n|move|p2a: Shuckle|Toxic|p1a: Iron Treads\n|-immune|p1a: Iron Treads\n|\n|upkeep\n|turn|49\n|\n|t:|1700696278\n|move|p1a: Iron Treads|Rapid Spin|p2a: Shuckle\n|-resisted|p2a: Shuckle\n|-damage|p2a: Shuckle|66\/100\n|move|p2a: Shuckle|Shell Smash|p2a: Shuckle\n|-boost|p2a: Shuckle|def|0\n|-boost|p2a: Shuckle|spd|0\n|-unboost|p2a: Shuckle|atk|0\n|-unboost|p2a: Shuckle|spa|0\n|-unboost|p2a: Shuckle|spe|0\n|\n|upkeep\n|turn|50\n|\n|t:|1700696279\n|move|p1a: Iron Treads|Rapid Spin|p2a: Shuckle\n|-resisted|p2a: Shuckle\n|-damage|p2a: Shuckle|65\/100\n|move|p2a: Shuckle|Shell Smash|p2a: Shuckle\n|-boost|p2a: Shuckle|def|0\n|-boost|p2a: Shuckle|spd|0\n|-unboost|p2a: Shuckle|atk|0\n|-unboost|p2a: Shuckle|spa|0\n|-unboost|p2a: Shuckle|spe|0\n|\n|upkeep\n|turn|51\n|\n|t:|1700696281\n|move|p1a: Iron Treads|Rapid Spin|p2a: Shuckle\n|-resisted|p2a: Shuckle\n|-damage|p2a: Shuckle|63\/100\n|move|p2a: Shuckle|Toxic|p1a: Iron Treads\n|-immune|p1a: Iron Treads\n|\n|upkeep\n|turn|52\n|\n|t:|1700696282\n|move|p1a: Iron Treads|Rapid Spin|p2a: Shuckle\n|-resisted|p2a: Shuckle\n|-damage|p2a: Shuckle|62\/100\n|move|p2a: Shuckle|Toxic|p1a: Iron Treads|[miss]\n|-miss|p2a: Shuckle|p1a: Iron Treads\n|\n|upkeep\n|turn|53\n|\n|t:|1700696283\n|move|p1a: Iron Treads|Rapid Spin|p2a: Shuckle\n|-resisted|p2a: Shuckle\n|-damage|p2a: Shuckle|61\/100\n|move|p2a: Shuckle|Shell Smash|p2a: Shuckle\n|-boost|p2a: Shuckle|def|0\n|-boost|p2a: Shuckle|spd|0\n|-unboost|p2a: Shuckle|atk|0\n|-unboost|p2a: Shuckle|spa|0\n|-unboost|p2a: Shuckle|spe|0\n|\n|upkeep\n|turn|54\n|\n|t:|1700696285\n|move|p1a: Iron Treads|Rapid Spin|p2a: Shuckle\n|-resisted|p2a: Shuckle\n|-damage|p2a: Shuckle|59\/100\n|move|p2a: Shuckle|Sleep Talk||[still]\n|-fail|p2a: Shuckle\n|\n|upkeep\n|turn|55\n|\n|t:|1700696286\n|move|p1a: Iron Treads|Rapid Spin|p2a: Shuckle\n|-resisted|p2a: Shuckle\n|-damage|p2a: Shuckle|58\/100\n|move|p2a: Shuckle|Sleep Talk||[still]\n|-fail|p2a: Shuckle\n|\n|upkeep\n|turn|56\n|\n|t:|1700696287\n|move|p1a: Iron Treads|Rapid Spin|p2a: Shuckle\n|-resisted|p2a: Shuckle\n|-damage|p2a: Shuckle|56\/100\n|move|p2a: Shuckle|Shell Smash|p2a: Shuckle\n|-boost|p2a: Shuckle|def|0\n|-boost|p2a: Shuckle|spd|0\n|-unboost|p2a: Shuckle|atk|0\n|-unboost|p2a: Shuckle|spa|0\n|-unboost|p2a: Shuckle|spe|0\n|\n|upkeep\n|turn|57\n|\n|t:|1700696289\n|move|p1a: Iron Treads|Rapid Spin|p2a: Shuckle\n|-resisted|p2a: Shuckle\n|-damage|p2a: Shuckle|55\/100\n|move|p2a: Shuckle|Toxic|p1a: Iron Treads\n|-immune|p1a: Iron Treads\n|\n|upkeep\n|turn|58\n|\n|t:|1700696291\n|move|p1a: Iron Treads|Rapid Spin|p2a: Shuckle\n|-resisted|p2a: Shuckle\n|-crit|p2a: Shuckle\n|-damage|p2a: Shuckle|47\/100\n|move|p2a: Shuckle|Sleep Talk||[still]\n|-fail|p2a: Shuckle\n|\n|upkeep\n|turn|59\n|\n|t:|1700696297\n|move|p1a: Iron Treads|Rapid Spin|p2a: Shuckle\n|-resisted|p2a: Shuckle\n|-damage|p2a: Shuckle|45\/100\n|move|p2a: Shuckle|Rest|p2a: Shuckle\n|-status|p2a: Shuckle|slp|[from] move: Rest\n|-heal|p2a: Shuckle|100\/100 slp|[silent]\n|\n|upkeep\n|turn|60\n|\n|t:|1700696301\n|move|p1a: Iron Treads|Rapid Spin|p2a: Shuckle\n|-resisted|p2a: Shuckle\n|-damage|p2a: Shuckle|99\/100 slp\n|cant|p2a: Shuckle|slp\n|\n|upkeep\n|turn|61\n|\n|t:|1700696303\n|move|p1a: Iron Treads|Rapid Spin|p2a: Shuckle\n|-resisted|p2a: Shuckle\n|-damage|p2a: Shuckle|97\/100 slp\n|cant|p2a: Shuckle|slp\n|\n|upkeep\n|turn|62\n|\n|t:|1700696306\n|move|p1a: Iron Treads|Rapid Spin|p2a: Shuckle\n|-resisted|p2a: Shuckle\n|-damage|p2a: Shuckle|96\/100 slp\n|-curestatus|p2a: Shuckle|slp|[msg]\n|move|p2a: Shuckle|Sleep Talk||[still]\n|-fail|p2a: Shuckle\n|\n|upkeep\n|turn|63\n|\n|t:|1700696311\n|move|p1a: Iron Treads|Rapid Spin|p2a: Shuckle\n|-resisted|p2a: Shuckle\n|-damage|p2a: Shuckle|94\/100\n|move|p2a: Shuckle|Rest|p2a: Shuckle\n|-status|p2a: Shuckle|slp|[from] move: Rest\n|-heal|p2a: Shuckle|100\/100 slp|[silent]\n|\n|upkeep\n|turn|64\n|\n|t:|1700696315\n|move|p1a: Iron Treads|Rapid Spin|p2a: Shuckle\n|-resisted|p2a: Shuckle\n|-damage|p2a: Shuckle|99\/100 slp\n|cant|p2a: Shuckle|slp\n|\n|upkeep\n|turn|65\n|\n|t:|1700696319\n|move|p1a: Iron Treads|Rapid Spin|p2a: Shuckle\n|-resisted|p2a: Shuckle\n|-damage|p2a: Shuckle|97\/100 slp\n|cant|p2a: Shuckle|slp\n|\n|upkeep\n|turn|66\n|\n|t:|1700696324\n|move|p1a: Iron Treads|Rapid Spin|p2a: Shuckle\n|-resisted|p2a: Shuckle\n|-damage|p2a: Shuckle|96\/100 slp\n|-curestatus|p2a: Shuckle|slp|[msg]\n|move|p2a: Shuckle|Shell Smash|p2a: Shuckle\n|-boost|p2a: Shuckle|def|0\n|-boost|p2a: Shuckle|spd|0\n|-unboost|p2a: Shuckle|atk|0\n|-unboost|p2a: Shuckle|spa|0\n|-unboost|p2a: Shuckle|spe|0\n|\n|upkeep\n|turn|67\n|\n|t:|1700696332\n|move|p1a: Iron Treads|Rapid Spin|p2a: Shuckle\n|-resisted|p2a: Shuckle\n|-damage|p2a: Shuckle|95\/100\n|move|p2a: Shuckle|Shell Smash|p2a: Shuckle\n|-boost|p2a: Shuckle|def|0\n|-boost|p2a: Shuckle|spd|0\n|-unboost|p2a: Shuckle|atk|0\n|-unboost|p2a: Shuckle|spa|0\n|-unboost|p2a: Shuckle|spe|0\n|\n|upkeep\n|turn|68\n|\n|t:|1700696334\n|move|p1a: Iron Treads|Rapid Spin|p2a: Shuckle\n|-resisted|p2a: Shuckle\n|-damage|p2a: Shuckle|93\/100\n|move|p2a: Shuckle|Toxic|p1a: Iron Treads\n|-immune|p1a: Iron Treads\n|\n|upkeep\n|turn|69\n|\n|t:|1700696335\n|move|p1a: Iron Treads|Rapid Spin|p2a: Shuckle\n|-resisted|p2a: Shuckle\n|-damage|p2a: Shuckle|92\/100\n|move|p2a: Shuckle|Toxic|p1a: Iron Treads\n|-immune|p1a: Iron Treads\n|\n|upkeep\n|turn|70\n|\n|t:|1700696337\n|move|p1a: Iron Treads|Rapid Spin|p2a: Shuckle\n|-resisted|p2a: Shuckle\n|-damage|p2a: Shuckle|90\/100\n|move|p2a: Shuckle|Sleep Talk||[still]\n|-fail|p2a: Shuckle\n|\n|upkeep\n|turn|71\n|\n|t:|1700696339\n|move|p1a: Iron Treads|Rapid Spin|p2a: Shuckle\n|-resisted|p2a: Shuckle\n|-damage|p2a: Shuckle|89\/100\n|move|p2a: Shuckle|Rest|p2a: Shuckle\n|-status|p2a: Shuckle|slp|[from] move: Rest\n|-heal|p2a: Shuckle|100\/100 slp|[silent]\n|\n|upkeep\n|turn|72\n|\n|t:|1700696341\n|move|p1a: Iron Treads|Rapid Spin|p2a: Shuckle\n|-resisted|p2a: Shuckle\n|-damage|p2a: Shuckle|99\/100 slp\n|cant|p2a: Shuckle|slp\n|\n|upkeep\n|turn|73\n|\n|t:|1700696347\n|move|p1a: Iron Treads|Rapid Spin|p2a: Shuckle\n|-resisted|p2a: Shuckle\n|-damage|p2a: Shuckle|97\/100 slp\n|cant|p2a: Shuckle|slp\n|\n|upkeep\n|turn|74\n|\n|t:|1700696350\n|move|p1a: Iron Treads|Rapid Spin|p2a: Shuckle\n|-resisted|p2a: Shuckle\n|-damage|p2a: Shuckle|96\/100 slp\n|-curestatus|p2a: Shuckle|slp|[msg]\n|move|p2a: Shuckle|Rest|p2a: Shuckle\n|-status|p2a: Shuckle|slp|[from] move: Rest\n|-heal|p2a: Shuckle|100\/100 slp|[silent]\n|\n|upkeep\n|turn|75\n|\n|t:|1700696358\n|move|p1a: Iron Treads|Rapid Spin|p2a: Shuckle\n|-resisted|p2a: Shuckle\n|-damage|p2a: Shuckle|99\/100 slp\n|cant|p2a: Shuckle|slp\n|\n|upkeep\n|turn|76\n|\n|t:|1700696363\n|move|p1a: Iron Treads|Iron Defense|p1a: Iron Treads\n|-boost|p1a: Iron Treads|def|0\n|cant|p2a: Shuckle|slp\n|\n|upkeep\n|turn|77\n|\n|t:|1700696372\n|move|p1a: Iron Treads|Iron Defense|p1a: Iron Treads\n|-boost|p1a: Iron Treads|def|0\n|-curestatus|p2a: Shuckle|slp|[msg]\n|move|p2a: Shuckle|Rest|p2a: Shuckle\n|-status|p2a: Shuckle|slp|[from] move: Rest\n|-heal|p2a: Shuckle|100\/100 slp|[silent]\n|\n|upkeep\n|turn|78\n|c|\u2606buxet00|erhuisj\n|\n|t:|1700696393\n|move|p1a: Iron Treads|Iron Defense|p1a: Iron Treads\n|-boost|p1a: Iron Treads|def|0\n|cant|p2a: Shuckle|slp\n|\n|upkeep\n|turn|79\n|\n|t:|1700696397\n|move|p1a: Iron Treads|Iron Defense|p1a: Iron Treads\n|-boost|p1a: Iron Treads|def|0\n|cant|p2a: Shuckle|slp\n|\n|upkeep\n|turn|80\n|\n|t:|1700696401\n|move|p1a: Iron Treads|Iron Defense|p1a: Iron Treads\n|-boost|p1a: Iron Treads|def|0\n|-curestatus|p2a: Shuckle|slp|[msg]\n|-activate|p2a: Shuckle|move: Struggle\n|move|p2a: Shuckle|Struggle|p1a: Iron Treads\n|-damage|p1a: Iron Treads|97\/100\n|-damage|p2a: Shuckle|75\/100|[from] recoil\n|\n|upkeep\n|turn|81\n|\n|t:|1700696408\n|move|p1a: Iron Treads|Iron Defense|p1a: Iron Treads\n|-boost|p1a: Iron Treads|def|0\n|-activate|p2a: Shuckle|move: Struggle\n|move|p2a: Shuckle|Struggle|p1a: Iron Treads\n|-damage|p1a: Iron Treads|96\/100\n|-damage|p2a: Shuckle|50\/100|[from] recoil\n|\n|upkeep\n|turn|82\n|\n|t:|1700696416\n|move|p1a: Iron Treads|Iron Defense|p1a: Iron Treads\n|-boost|p1a: Iron Treads|def|0\n|-activate|p2a: Shuckle|move: Struggle\n|move|p2a: Shuckle|Struggle|p1a: Iron Treads\n|-damage|p1a: Iron Treads|96\/100\n|-damage|p2a: Shuckle|25\/100|[from] recoil\n|\n|upkeep\n|turn|83\n|\n|t:|1700696424\n|move|p1a: Iron Treads|Iron Defense|p1a: Iron Treads\n|-boost|p1a: Iron Treads|def|0\n|-activate|p2a: Shuckle|move: Struggle\n|move|p2a: Shuckle|Struggle|p1a: Iron Treads\n|-damage|p1a: Iron Treads|96\/100\n|-damage|p2a: Shuckle|0 fnt|[from] recoil\n|faint|p2a: Shuckle\n|\n|upkeep\n|\n|t:|1700696433\n|switch|p2a: Alakazam|Alakazam, M|100\/100\n|turn|84\n|\n|t:|1700696439\n|-terastallize|p1a: Iron Treads|Fighting\n|move|p1a: Iron Treads|Body Press|p2a: Alakazam\n|-resisted|p2a: Alakazam\n|-damage|p2a: Alakazam|0 fnt\n|faint|p2a: Alakazam\n|\n|upkeep\n|\n|t:|1700696446\n|switch|p2a: Zeraora|Zeraora|100\/100\n|turn|85\n|\n|t:|1700696449\n|move|p1a: Iron Treads|Body Press|p2a: Zeraora\n|-damage|p2a: Zeraora|0 fnt\n|faint|p2a: Zeraora\n|\n|upkeep\n|\n|t:|1700696451\n|switch|p2a: Maushold|Maushold-Four|100\/100\n|turn|86\n|\n|t:|1700696455\n|move|p1a: Iron Treads|Body Press|p2a: Maushold\n|-supereffective|p2a: Maushold\n|-damage|p2a: Maushold|0 fnt\n|faint|p2a: Maushold\n|\n|win|alphabet_donke\n|l|\u2606buxet00\n","uploadtime":1700696464,"views":12,"p1id":"alphabetdonke","p2id":"buxet00","formatid":"gen9nationaldex","rating":0,"private":0,"password":""}