{"id":"gen9nationaldex-1991408877","p1":"monkey masher","p2":"Xernos123","format":"[Gen 9] National Dex","log":"|j|\u2606monkey masher\n|j|\u2606Xernos123\n|t:|1700074645\n|gametype|singles\n|player|p1|monkey masher|ghetsis|1229\n|player|p2|Xernos123|cynthia-gen4|1325\n|teamsize|p1|6\n|teamsize|p2|6\n|gen|9\n|tier|[Gen 9] National Dex\n|rated|\n|rule|HP Percentage Mod: HP is shown in percentages\n|rule|Endless Battle Clause: Forcing endless battles is banned\n|rule|OHKO Clause: OHKO moves are banned\n|rule|Evasion Clause: Evasion abilities, items, and moves are banned\n|rule|Evasion Abilities Clause: Evasion abilities are banned\n|rule|Evasion Items Clause: Evasion items are banned\n|rule|Evasion Moves Clause: Evasion moves are banned\n|rule|Species Clause: Limit one of each Pok\u00e9mon\n|rule|Sleep Clause Mod: Limit one foe put to sleep\n|clearpoke\n|poke|p1|Lopunny, F|\n|poke|p1|Tapu Fini|\n|poke|p1|Landorus-Therian, M|\n|poke|p1|Victini|\n|poke|p1|Kyurem|\n|poke|p1|Registeel|\n|poke|p2|Noivern, M|\n|poke|p2|Archeops, M|\n|poke|p2|Braviary-Hisui, M|\n|poke|p2|Articuno-Galar|\n|poke|p2|Pidgeot, M|\n|poke|p2|Enamorus, F|\n|teampreview\n|inactive|Battle timer is ON: inactive players will automatically lose when time's up. (requested by Xernos123)\n|inactive|monkey masher also wants the timer to be on.\n|c|\u2606monkey masher|uh oh\n|\n|t:|1700074653\n|start\n|switch|p1a: Landorus|Landorus-Therian, M|100\/100\n|switch|p2a: Archeops|Archeops, M|100\/100\n|-ability|p1a: Landorus|Intimidate|boost\n|-unboost|p2a: Archeops|atk|1\n|turn|1\n|\n|t:|1700074674\n|switch|p2a: Noivern|Noivern, M|100\/100\n|move|p1a: Landorus|Stealth Rock|p2a: Noivern\n|-sidestart|p2: Xernos123|move: Stealth Rock\n|\n|upkeep\n|turn|2\n|\n|t:|1700074685\n|-terastallize|p2a: Noivern|Normal\n|move|p2a: Noivern|Boomburst|p1a: Landorus\n|-damage|p1a: Landorus|0 fnt\n|faint|p1a: Landorus\n|\n|upkeep\n|\n|t:|1700074691\n|switch|p1a: Registeel|Registeel|100\/100\n|turn|3\n|\n|t:|1700074701\n|switch|p2a: Pidgeot|Pidgeot, M|100\/100\n|-damage|p2a: Pidgeot|75\/100|[from] Stealth Rock\n|move|p1a: Registeel|Iron Defense|p1a: Registeel\n|-boost|p1a: Registeel|def|2\n|\n|upkeep\n|turn|4\n|\n|t:|1700074708\n|detailschange|p2a: Pidgeot|Pidgeot-Mega, M\n|-mega|p2a: Pidgeot|Pidgeot|Pidgeotite\n|move|p2a: Pidgeot|Defog|p1a: Registeel\n|-fail|p1a: Registeel|unboost|[from] ability: Clear Body|[of] p1a: Registeel\n|-sideend|p2: Xernos123|Stealth Rock|[from] move: Defog|[of] p2a: Pidgeot\n|move|p1a: Registeel|Iron Defense|p1a: Registeel\n|-boost|p1a: Registeel|def|2\n|\n|upkeep\n|turn|5\n|\n|t:|1700074715\n|move|p2a: Pidgeot|Heat Wave|p1a: Registeel\n|-supereffective|p1a: Registeel\n|-damage|p1a: Registeel|57\/100\n|move|p1a: Registeel|Iron Defense|p1a: Registeel\n|-boost|p1a: Registeel|def|2\n|\n|-heal|p1a: Registeel|63\/100|[from] item: Leftovers\n|upkeep\n|turn|6\n|\n|t:|1700074722\n|move|p2a: Pidgeot|Heat Wave|p1a: Registeel\n|-supereffective|p1a: Registeel\n|-damage|p1a: Registeel|16\/100\n|move|p1a: Registeel|Body Press|p2a: Pidgeot\n|-damage|p2a: Pidgeot|0 fnt\n|faint|p2a: Pidgeot\n|\n|-heal|p1a: Registeel|22\/100|[from] item: Leftovers\n|upkeep\n|\n|t:|1700074730\n|switch|p2a: Enamorus|Enamorus, F|100\/100\n|turn|7\n|\n|t:|1700074735\n|move|p2a: Enamorus|Superpower|p1a: Registeel\n|-supereffective|p1a: Registeel\n|-damage|p1a: Registeel|8\/100\n|-boost|p2a: Enamorus|atk|1\n|-boost|p2a: Enamorus|def|1\n|move|p1a: Registeel|Heavy Slam|p2a: Enamorus\n|-supereffective|p2a: Enamorus\n|-damage|p2a: Enamorus|38\/100\n|\n|-heal|p1a: Registeel|14\/100|[from] item: Leftovers\n|upkeep\n|turn|8\n|\n|t:|1700074752\n|move|p2a: Enamorus|Superpower|p1a: Registeel\n|-supereffective|p1a: Registeel\n|-crit|p1a: Registeel\n|-damage|p1a: Registeel|0 fnt\n|-boost|p2a: Enamorus|atk|1\n|-boost|p2a: Enamorus|def|1\n|faint|p1a: Registeel\n|\n|upkeep\n|c|\u2606monkey masher|crit mattered i swear\n|\n|t:|1700074761\n|switch|p1a: Lopunny|Lopunny, F|100\/100\n|turn|9\n|\n|t:|1700074764\n|detailschange|p1a: Lopunny|Lopunny-Mega, F\n|-mega|p1a: Lopunny|Lopunny|Lopunnite\n|move|p1a: Lopunny|Fake Out|p2a: Enamorus\n|-damage|p2a: Enamorus|20\/100\n|cant|p2a: Enamorus|flinch\n|\n|upkeep\n|turn|10\n|\n|t:|1700074769\n|move|p2a: Enamorus|Superpower|p1a: Lopunny\n|-supereffective|p1a: Lopunny\n|-damage|p1a: Lopunny|0 fnt\n|-boost|p2a: Enamorus|atk|1\n|-boost|p2a: Enamorus|def|1\n|faint|p1a: Lopunny\n|\n|upkeep\n|c|\u2606monkey masher|scarf?\n|\n|t:|1700074778\n|switch|p1a: Tapu Fini|Tapu Fini|100\/100\n|-fieldstart|move: Misty Terrain|[from] ability: Misty Surge|[of] p1a: Tapu Fini\n|turn|11\n|c|\u2606Xernos123|yea\n|\n|t:|1700074784\n|move|p2a: Enamorus|Superpower|p1a: Tapu Fini\n|-resisted|p1a: Tapu Fini\n|-damage|p1a: Tapu Fini|55\/100\n|-boost|p2a: Enamorus|atk|1\n|-boost|p2a: Enamorus|def|1\n|move|p1a: Tapu Fini|Moonblast|p2a: Enamorus\n|-damage|p2a: Enamorus|0 fnt\n|faint|p2a: Enamorus\n|\n|upkeep\n|c|\u2606monkey masher|ah\n|\n|t:|1700074792\n|switch|p2a: Noivern|Noivern, M, tera:Normal|100\/100\n|turn|12\n|c|\u2606monkey masher|wp\n|\n|t:|1700074799\n|move|p1a: Tapu Fini|Moonblast|p2a: Noivern\n|-damage|p2a: Noivern|63\/100\n|move|p2a: Noivern|Boomburst|p1a: Tapu Fini\n|-damage|p1a: Tapu Fini|0 fnt\n|faint|p1a: Tapu Fini\n|\n|upkeep\n|\n|t:|1700074807\n|switch|p1a: Kyurem|Kyurem, shiny|100\/100\n|-ability|p1a: Kyurem|Pressure\n|turn|13\n|\n|t:|1700074814\n|move|p2a: Noivern|Boomburst|p1a: Kyurem\n|-damage|p1a: Kyurem|2\/100\n|move|p1a: Kyurem|Freeze-Dry|p2a: Noivern\n|-damage|p2a: Noivern|10\/100\n|\n|upkeep\n|turn|14\n|\n|t:|1700074822\n|move|p2a: Noivern|Boomburst|p1a: Kyurem\n|-damage|p1a: Kyurem|0 fnt\n|faint|p1a: Kyurem\n|\n|upkeep\n|\n|t:|1700074826\n|switch|p1a: Victini|Victini|100\/100\n|turn|15\n|\n|t:|1700074833\n|move|p2a: Noivern|Boomburst|p1a: Victini\n|-damage|p1a: Victini|3\/100\n|move|p1a: Victini|U-turn|p2a: Noivern\n|-damage|p2a: Noivern|0 fnt\n|faint|p2a: Noivern\n|\n|-fieldend|Misty Terrain\n|upkeep\n|\n|t:|1700074839\n|switch|p2a: Archeops|Archeops, M|100\/100\n|turn|16\n|\n|t:|1700074843\n|move|p2a: Archeops|Quick Attack|p1a: Victini\n|-crit|p1a: Victini\n|-damage|p1a: Victini|0 fnt\n|faint|p1a: Victini\n|\n|win|Xernos123\n|raw|monkey masher's rating: 1229 &rarr; <strong>1211<\/strong><br \/>(-18 for losing)\n|raw|Xernos123's rating: 1325 &rarr; <strong>1340<\/strong><br \/>(+15 for winning)\n|c|\u2606Xernos123|gg\n","uploadtime":1700074849,"views":13,"p1id":"monkeymasher","p2id":"xernos123","formatid":"gen9nationaldex","rating":1211,"private":0,"password":""}