{"id":"gen9nationaldex-1991920360","p1":"Bulka4000","p2":"ttheus","format":"[Gen 9] National Dex","log":"|j|\u2606Bulka4000\n|j|\u2606ttheus\n|t:|1700138297\n|gametype|singles\n|player|p1|Bulka4000|1|\n|player|p2|ttheus|266|\n|teamsize|p1|6\n|teamsize|p2|6\n|gen|9\n|tier|[Gen 9] National Dex\n|rule|HP Percentage Mod: HP is shown in percentages\n|rule|Endless Battle Clause: Forcing endless battles is banned\n|rule|OHKO Clause: OHKO moves are banned\n|rule|Evasion Clause: Evasion abilities, items, and moves are banned\n|rule|Evasion Abilities Clause: Evasion abilities are banned\n|rule|Evasion Items Clause: Evasion items are banned\n|rule|Evasion Moves Clause: Evasion moves are banned\n|rule|Species Clause: Limit one of each Pok\u00e9mon\n|rule|Sleep Clause Mod: Limit one foe put to sleep\n|clearpoke\n|poke|p1|Gengar, M|\n|poke|p1|Zamazenta-*|\n|poke|p1|Garchomp, F|\n|poke|p1|Ting-Lu|\n|poke|p1|Skeledirge, F|\n|poke|p1|Rotom-Wash|\n|poke|p2|Charizard, M|\n|poke|p2|Lilligant-Hisui, F|\n|poke|p2|Morpeko, M|\n|poke|p2|Sneasler, F|\n|poke|p2|Toxapex, F|\n|poke|p2|Ninjask, M|\n|teampreview\n|j| AesirEcho\n|\n|t:|1700138304\n|start\n|switch|p1a: Garchomp|Garchomp, F|100\/100\n|switch|p2a: Charizard|Charizard, M, shiny|100\/100\n|turn|1\n|\n|t:|1700138317\n|detailschange|p2a: Charizard|Charizard-Mega-Y, M, shiny\n|-mega|p2a: Charizard|Charizard|Charizardite Y\n|-weather|SunnyDay|[from] ability: Drought|[of] p2a: Charizard\n|move|p1a: Garchomp|Swords Dance|p1a: Garchomp\n|-boost|p1a: Garchomp|atk|2\n|move|p2a: Charizard|Heat Wave|p1a: Garchomp\n|-resisted|p1a: Garchomp\n|-damage|p1a: Garchomp|52\/100\n|\n|-weather|SunnyDay|[upkeep]\n|upkeep\n|turn|2\n|\n|t:|1700138329\n|move|p1a: Garchomp|Dragon Claw|p2a: Charizard\n|-damage|p2a: Charizard|0 fnt\n|faint|p2a: Charizard\n|\n|-weather|SunnyDay|[upkeep]\n|upkeep\n|\n|t:|1700138334\n|switch|p2a: Lilligant|Lilligant-Hisui, F, shiny|100\/100\n|turn|3\n|\n|t:|1700138346\n|switch|p1a: Skeledirge|Skeledirge, F|100\/100\n|-terastallize|p2a: Lilligant|Ghost\n|move|p2a: Lilligant|Ice Spinner|p1a: Skeledirge\n|-resisted|p1a: Skeledirge\n|-damage|p1a: Skeledirge|94\/100\n|\n|-weather|SunnyDay|[upkeep]\n|upkeep\n|turn|4\n|\n|t:|1700138357\n|switch|p2a: Morpeko|Morpeko, M|100\/100\n|move|p1a: Skeledirge|Hex|p2a: Morpeko\n|-resisted|p2a: Morpeko\n|-damage|p2a: Morpeko|76\/100\n|\n|-weather|SunnyDay|[upkeep]\n|-formechange|p2a: Morpeko|Morpeko-Hangry||[from] ability: Hunger Switch\n|upkeep\n|turn|5\n|\n|t:|1700138368\n|switch|p1a: Garchomp|Garchomp, F|52\/100\n|move|p2a: Morpeko|Aura Wheel|p1a: Garchomp\n|-damage|p1a: Garchomp|3\/100\n|-boost|p2a: Morpeko|spe|1\n|\n|-weather|none\n|-formechange|p2a: Morpeko|Morpeko||[from] ability: Hunger Switch\n|upkeep\n|turn|6\n|\n|t:|1700138377\n|move|p2a: Morpeko|Crunch|p1a: Garchomp\n|-damage|p1a: Garchomp|0 fnt\n|-damage|p2a: Morpeko|64\/100|[from] ability: Rough Skin|[of] p1a: Garchomp\n|-damage|p2a: Morpeko|47\/100|[from] item: Rocky Helmet|[of] p1a: Garchomp\n|faint|p1a: Garchomp\n|\n|-formechange|p2a: Morpeko|Morpeko-Hangry||[from] ability: Hunger Switch\n|upkeep\n|\n|t:|1700138393\n|switch|p1a: Ting-Lu|Ting-Lu|100\/100\n|-ability|p1a: Ting-Lu|Vessel of Ruin\n|turn|7\n|\n|t:|1700138401\n|move|p2a: Morpeko|Seed Bomb|p1a: Ting-Lu\n|-supereffective|p1a: Ting-Lu\n|-damage|p1a: Ting-Lu|78\/100\n|move|p1a: Ting-Lu|Earthquake|p2a: Morpeko\n|-supereffective|p2a: Morpeko\n|-damage|p2a: Morpeko|0 fnt\n|faint|p2a: Morpeko\n|\n|-heal|p1a: Ting-Lu|84\/100|[from] item: Leftovers\n|upkeep\n|\n|t:|1700138406\n|switch|p2a: Ninjask|Ninjask, M, shiny|100\/100\n|turn|8\n|\n|t:|1700138422\n|switch|p1a: Skeledirge|Skeledirge, F|94\/100\n|move|p2a: Ninjask|Substitute|p2a: Ninjask\n|-start|p2a: Ninjask|Substitute\n|-damage|p2a: Ninjask|76\/100\n|\n|-heal|p2a: Ninjask|82\/100|[from] item: Leftovers\n|-ability|p2a: Ninjask|Speed Boost|boost\n|-boost|p2a: Ninjask|spe|1\n|upkeep\n|turn|9\n|\n|t:|1700138433\n|move|p2a: Ninjask|Swords Dance|p2a: Ninjask\n|-boost|p2a: Ninjask|atk|2\n|move|p1a: Skeledirge|Torch Song|p2a: Ninjask\n|-supereffective|p2a: Ninjask\n|-damage|p2a: Ninjask|0 fnt\n|-boost|p1a: Skeledirge|spa|1\n|faint|p2a: Ninjask\n|\n|upkeep\n|\n|t:|1700138437\n|switch|p2a: Sneasler|Sneasler, F|100\/100\n|turn|10\n|\n|t:|1700138443\n|move|p2a: Sneasler|Dire Claw|p1a: Skeledirge\n|-resisted|p1a: Skeledirge\n|-damage|p1a: Skeledirge|82\/100\n|move|p1a: Skeledirge|Will-O-Wisp|p2a: Sneasler\n|-status|p2a: Sneasler|brn\n|\n|-damage|p2a: Sneasler|95\/100 brn|[from] brn\n|upkeep\n|turn|11\n|j| Gazootitus\n|\n|t:|1700138454\n|move|p2a: Sneasler|Dire Claw|p1a: Skeledirge\n|-resisted|p1a: Skeledirge\n|-damage|p1a: Skeledirge|76\/100\n|-status|p1a: Skeledirge|psn\n|move|p1a: Skeledirge|Hex|p2a: Sneasler\n|-damage|p2a: Sneasler|4\/100 brn\n|\n|-damage|p1a: Skeledirge|64\/100 psn|[from] psn\n|-damage|p2a: Sneasler|0 fnt|[from] brn\n|faint|p2a: Sneasler\n|upkeep\n|\n|t:|1700138460\n|switch|p2a: Toxapex|Toxapex, F|100\/100\n|turn|12\n|\n|t:|1700138469\n|move|p1a: Skeledirge|Slack Off|p1a: Skeledirge\n|-heal|p1a: Skeledirge|100\/100 psn\n|move|p2a: Toxapex|Toxic Spikes|p1a: Skeledirge\n|-sidestart|p1: Bulka4000|move: Toxic Spikes\n|\n|-damage|p1a: Skeledirge|88\/100 psn|[from] psn\n|upkeep\n|turn|13\n|\n|t:|1700138479\n|switch|p1a: Rotom|Rotom-Wash|100\/100\n|move|p2a: Toxapex|Baneful Bunker||[still]\n|-fail|p2a: Toxapex\n|\n|upkeep\n|turn|14\n|\n|t:|1700138488\n|move|p1a: Rotom|Volt Switch|p2a: Toxapex\n|-supereffective|p2a: Toxapex\n|-damage|p2a: Toxapex|60\/100\n|\n|t:|1700138495\n|switch|p1a: Gengar|Gengar, M|100\/100|[from] Volt Switch\n|-sideend|p1: Bulka4000|move: Toxic Spikes|[of] p1a: Gengar\n|move|p2a: Toxapex|Ice Beam|p1a: Gengar\n|-crit|p1a: Gengar\n|-damage|p1a: Gengar|55\/100\n|\n|-heal|p2a: Toxapex|67\/100|[from] item: Leftovers\n|upkeep\n|turn|15\n|\n|t:|1700138504\n|move|p1a: Gengar|Nasty Plot|p1a: Gengar\n|-boost|p1a: Gengar|spa|2\n|move|p2a: Toxapex|Ice Beam|p1a: Gengar\n|-damage|p1a: Gengar|22\/100\n|\n|-heal|p2a: Toxapex|73\/100|[from] item: Leftovers\n|upkeep\n|turn|16\n|\n|t:|1700138515\n|switch|p1a: Rotom|Rotom-Wash|100\/100\n|move|p2a: Toxapex|Ice Beam|p1a: Rotom\n|-resisted|p1a: Rotom\n|-damage|p1a: Rotom|91\/100\n|\n|-heal|p1a: Rotom|97\/100|[from] item: Leftovers\n|-heal|p2a: Toxapex|79\/100|[from] item: Leftovers\n|upkeep\n|turn|17\n|\n|t:|1700138530\n|move|p1a: Rotom|Will-O-Wisp|p2a: Toxapex\n|-status|p2a: Toxapex|brn\n|move|p2a: Toxapex|Ice Beam|p1a: Rotom\n|-resisted|p1a: Rotom\n|-damage|p1a: Rotom|87\/100\n|\n|-heal|p1a: Rotom|93\/100|[from] item: Leftovers\n|-heal|p2a: Toxapex|85\/100 brn|[from] item: Leftovers\n|-damage|p2a: Toxapex|79\/100 brn|[from] brn\n|upkeep\n|turn|18\n|\n|t:|1700138552\n|move|p1a: Rotom|Volt Switch|p2a: Toxapex\n|-supereffective|p2a: Toxapex\n|-damage|p2a: Toxapex|33\/100 brn\n|\n|t:|1700138556\n|switch|p1a: Gengar|Gengar, M|22\/100|[from] Volt Switch\n|move|p2a: Toxapex|Ice Beam|p1a: Gengar\n|-damage|p1a: Gengar|0 fnt\n|faint|p1a: Gengar\n|\n|-heal|p2a: Toxapex|39\/100 brn|[from] item: Leftovers\n|-damage|p2a: Toxapex|33\/100 brn|[from] brn\n|upkeep\n|\n|t:|1700138579\n|switch|p1a: Zamazenta|Zamazenta|100\/100\n|-ability|p1a: Zamazenta|Dauntless Shield|boost\n|-boost|p1a: Zamazenta|def|1\n|turn|19\n|\n|t:|1700138589\n|move|p1a: Zamazenta|Wild Charge|p2a: Toxapex\n|-supereffective|p2a: Toxapex\n|-damage|p2a: Toxapex|0 fnt\n|faint|p2a: Toxapex\n|-damage|p1a: Zamazenta|93\/100|[from] Recoil\n|\n|upkeep\n|\n|t:|1700138592\n|switch|p2a: Lilligant|Lilligant-Hisui, F, shiny, tera:Ghost|100\/100\n|turn|20\n|\n|t:|1700138618\n|switch|p1a: Ting-Lu|Ting-Lu|84\/100\n|-ability|p1a: Ting-Lu|Vessel of Ruin\n|move|p2a: Lilligant|Victory Dance|p2a: Lilligant\n|-boost|p2a: Lilligant|atk|1\n|-boost|p2a: Lilligant|def|1\n|-boost|p2a: Lilligant|spe|1\n|\n|-heal|p1a: Ting-Lu|90\/100|[from] item: Leftovers\n|upkeep\n|turn|21\n|\n|t:|1700138635\n|move|p2a: Lilligant|Close Combat|p1a: Ting-Lu\n|-supereffective|p1a: Ting-Lu\n|-damage|p1a: Ting-Lu|6\/100\n|-unboost|p2a: Lilligant|def|1\n|-unboost|p2a: Lilligant|spd|1\n|move|p1a: Ting-Lu|Ruination|p2a: Lilligant\n|-damage|p2a: Lilligant|51\/100\n|\n|-heal|p2a: Lilligant|57\/100|[from] item: Leftovers\n|-heal|p1a: Ting-Lu|12\/100|[from] item: Leftovers\n|upkeep\n|turn|22\n|l| Gazootitus\n|\n|t:|1700138653\n|move|p2a: Lilligant|Ice Spinner|p1a: Ting-Lu\n|-supereffective|p1a: Ting-Lu\n|-damage|p1a: Ting-Lu|0 fnt\n|faint|p1a: Ting-Lu\n|\n|-heal|p2a: Lilligant|63\/100|[from] item: Leftovers\n|upkeep\n|\n|t:|1700138659\n|switch|p1a: Zamazenta|Zamazenta|93\/100\n|turn|23\n|\n|t:|1700138663\n|move|p2a: Lilligant|Close Combat|p1a: Zamazenta\n|-damage|p1a: Zamazenta|17\/100\n|-unboost|p2a: Lilligant|def|1\n|-unboost|p2a: Lilligant|spd|1\n|move|p1a: Zamazenta|Crunch|p2a: Lilligant\n|-supereffective|p2a: Lilligant\n|-damage|p2a: Lilligant|0 fnt\n|faint|p2a: Lilligant\n|\n|win|Bulka4000\n|l|\u2606ttheus\n","uploadtime":1700138691,"views":4,"p1id":"bulka4000","p2id":"ttheus","formatid":"gen9nationaldex","rating":0,"private":0,"password":""}