{"id":"gen9nationaldex-1992394042","p1":"zangoose affiliate","p2":"PearlHarbor1996","format":"[Gen 9] National Dex","log":"|j|\u2606zangoose affiliate\n|j|\u2606PearlHarbor1996\n|t:|1700182454\n|gametype|singles\n|player|p1|zangoose affiliate|brycenman|1155\n|player|p2|PearlHarbor1996|rocketgrunt|1238\n|teamsize|p1|6\n|teamsize|p2|6\n|gen|9\n|tier|[Gen 9] National Dex\n|rated|\n|rule|HP Percentage Mod: HP is shown in percentages\n|rule|Endless Battle Clause: Forcing endless battles is banned\n|rule|OHKO Clause: OHKO moves are banned\n|rule|Evasion Clause: Evasion abilities, items, and moves are banned\n|rule|Evasion Abilities Clause: Evasion abilities are banned\n|rule|Evasion Items Clause: Evasion items are banned\n|rule|Evasion Moves Clause: Evasion moves are banned\n|rule|Species Clause: Limit one of each Pok\u00e9mon\n|rule|Sleep Clause Mod: Limit one foe put to sleep\n|clearpoke\n|poke|p1|Ditto|\n|poke|p1|Honchkrow, F|\n|poke|p1|Landorus-Therian, M|\n|poke|p1|Weavile, M|\n|poke|p1|Drapion, M|\n|poke|p1|Porygon-Z|\n|poke|p2|Aegislash, F|\n|poke|p2|Hydreigon, F|\n|poke|p2|Gardevoir, F|\n|poke|p2|Roserade, M|\n|poke|p2|Gastrodon, F|\n|poke|p2|Gliscor, F|\n|teampreview\n|inactive|Battle timer is ON: inactive players will automatically lose when time's up. (requested by PearlHarbor1996)\n|j| Lonsol\n|\n|t:|1700182480\n|start\n|switch|p1a: debonaire|Landorus-Therian, M|100\/100\n|switch|p2a: Aegislash|Aegislash, F|100\/100\n|-ability|p1a: debonaire|Intimidate|boost\n|-unboost|p2a: Aegislash|atk|1\n|turn|1\n|\n|t:|1700182488\n|move|p1a: debonaire|Stealth Rock|p2a: Aegislash\n|-sidestart|p2: PearlHarbor1996|move: Stealth Rock\n|move|p2a: Aegislash|Substitute|p2a: Aegislash\n|-start|p2a: Aegislash|Substitute\n|-damage|p2a: Aegislash|75\/100\n|\n|-heal|p2a: Aegislash|82\/100|[from] item: Leftovers\n|upkeep\n|turn|2\n|\n|t:|1700182494\n|move|p1a: debonaire|Earthquake|p2a: Aegislash\n|-supereffective|p2a: Aegislash\n|-end|p2a: Aegislash|Substitute\n|move|p2a: Aegislash|Toxic|p1a: debonaire\n|-status|p1a: debonaire|tox\n|\n|-heal|p2a: Aegislash|88\/100|[from] item: Leftovers\n|-damage|p1a: debonaire|95\/100 tox|[from] psn\n|upkeep\n|turn|3\n|\n|t:|1700182502\n|switch|p1a: Citizen Crits|Drapion, M|100\/100\n|move|p2a: Aegislash|King's Shield||[still]\n|-fail|p2a: Aegislash\n|\n|-heal|p2a: Aegislash|94\/100|[from] item: Leftovers\n|upkeep\n|turn|4\n|\n|t:|1700182508\n|move|p2a: Aegislash|King's Shield|p2a: Aegislash\n|-singleturn|p2a: Aegislash|Protect\n|move|p1a: Citizen Crits|Night Slash|p2a: Aegislash\n|-activate|p2a: Aegislash|move: Protect\n|-unboost|p1a: Citizen Crits|atk|1\n|\n|-heal|p2a: Aegislash|99\/100|[from] item: Leftovers\n|upkeep\n|turn|5\n|\n|t:|1700182511\n|switch|p2a: Gliscor|Gliscor, F|100\/100\n|-damage|p2a: Gliscor|88\/100|[from] Stealth Rock\n|move|p1a: Citizen Crits|Night Slash|p2a: Gliscor\n|-damage|p2a: Gliscor|77\/100\n|\n|-status|p2a: Gliscor|tox|[from] item: Toxic Orb\n|upkeep\n|turn|6\n|\n|t:|1700182521\n|switch|p1a: Ribbit|Ditto, shiny|100\/100\n|-transform|p1a: Ribbit|p2a: Gliscor|[from] ability: Imposter\n|move|p2a: Gliscor|Defog|p1a: Ribbit\n|-unboost|p1a: Ribbit|evasion|1\n|-sideend|p2: PearlHarbor1996|Stealth Rock|[from] move: Defog|[of] p2a: Gliscor\n|\n|-heal|p2a: Gliscor|89\/100 tox|[from] ability: Poison Heal\n|upkeep\n|turn|7\n|j| mistahmerrikuu\n|c|\u2606zangoose affiliate|Defog\/Toxic\/EQ\/Roost\n|\n|t:|1700182539\n|switch|p1a: Harold|Honchkrow, F|100\/100\n|move|p2a: Gliscor|Toxic|p1a: Harold\n|-status|p1a: Harold|tox\n|\n|-heal|p2a: Gliscor|100\/100 tox|[from] ability: Poison Heal\n|-damage|p1a: Harold|94\/100 tox|[from] psn\n|upkeep\n|turn|8\n|\n|t:|1700182551\n|switch|p2a: Hydreigon|Hydreigon, F|100\/100\n|-zpower|p1a: Harold\n|move|p1a: Harold|Z-Tailwind|p1a: Harold|[anim]Tailwind\n|-start|p1a: Harold|move: Focus Energy|[zeffect]\n|-sidestart|p1: zangoose affiliate|move: Tailwind\n|\n|-damage|p1a: Harold|82\/100 tox|[from] psn\n|upkeep\n|turn|9\n|\n|t:|1700182561\n|switch|p2a: Aegislash|Aegislash, F|99\/100\n|move|p1a: Harold|Superpower|p2a: Aegislash\n|-immune|p2a: Aegislash\n|\n|-heal|p2a: Aegislash|100\/100|[from] item: Leftovers\n|-damage|p1a: Harold|64\/100 tox|[from] psn\n|upkeep\n|turn|10\n|c| mistahmerrikuu|Z\n|\n|t:|1700182569\n|move|p2a: Aegislash|King's Shield|p2a: Aegislash\n|-singleturn|p2a: Aegislash|Protect\n|move|p1a: Harold|Lash Out|p2a: Aegislash\n|-activate|p2a: Aegislash|move: Protect\n|-unboost|p1a: Harold|atk|1\n|\n|-damage|p1a: Harold|39\/100 tox|[from] psn\n|upkeep\n|turn|11\n|\n|t:|1700182579\n|switch|p2a: Gliscor|Gliscor, F|100\/100 tox\n|move|p1a: Harold|Lash Out|p2a: Gliscor\n|-crit|p2a: Gliscor\n|-damage|p2a: Gliscor|65\/100 tox\n|\n|-damage|p1a: Harold|8\/100 tox|[from] psn\n|-heal|p2a: Gliscor|78\/100 tox|[from] ability: Poison Heal\n|-sideend|p1: zangoose affiliate|move: Tailwind\n|upkeep\n|turn|12\n|\n|t:|1700182592\n|move|p2a: Gliscor|Roost|p2a: Gliscor\n|-heal|p2a: Gliscor|100\/100 tox\n|-singleturn|p2a: Gliscor|move: Roost\n|move|p1a: Harold|Tailwind|p1a: Harold\n|-sidestart|p1: zangoose affiliate|move: Tailwind\n|\n|-damage|p1a: Harold|0 fnt|[from] psn\n|faint|p1a: Harold\n|upkeep\n|\n|t:|1700182595\n|switch|p1a: grabba|Weavile, M|100\/100\n|turn|13\n|\n|t:|1700182611\n|-terastallize|p2a: Gliscor|Water\n|move|p1a: grabba|Triple Axel|p2a: Gliscor\n|-resisted|p2a: Gliscor\n|-damage|p2a: Gliscor|97\/100 tox\n|-resisted|p2a: Gliscor\n|-damage|p2a: Gliscor|91\/100 tox\n|-resisted|p2a: Gliscor\n|-damage|p2a: Gliscor|83\/100 tox\n|-hitcount|p2a: Gliscor|3\n|move|p2a: Gliscor|Toxic|p1a: grabba\n|-status|p1a: grabba|tox\n|\n|-damage|p1a: grabba|94\/100 tox|[from] psn\n|-heal|p2a: Gliscor|95\/100 tox|[from] ability: Poison Heal\n|upkeep\n|turn|14\n|\n|t:|1700182625\n|switch|p1a: debonaire|Landorus-Therian, M|95\/100 tox\n|-ability|p1a: debonaire|Intimidate|boost\n|-unboost|p2a: Gliscor|atk|1\n|move|p2a: Gliscor|Earthquake|p1a: debonaire\n|-immune|p1a: debonaire\n|\n|-damage|p1a: debonaire|89\/100 tox|[from] psn\n|-heal|p2a: Gliscor|100\/100 tox|[from] ability: Poison Heal\n|upkeep\n|turn|15\n|\n|t:|1700182637\n|switch|p2a: Gastrodon|Gastrodon, F|100\/100\n|move|p1a: debonaire|Earthquake|p2a: Gastrodon\n|-damage|p2a: Gastrodon|58\/100\n|\n|-heal|p2a: Gastrodon|64\/100|[from] item: Leftovers\n|-damage|p1a: debonaire|77\/100 tox|[from] psn\n|-sideend|p1: zangoose affiliate|move: Tailwind\n|upkeep\n|turn|16\n|\n|t:|1700182646\n|move|p1a: debonaire|Stealth Rock|p2a: Gastrodon\n|-sidestart|p2: PearlHarbor1996|move: Stealth Rock\n|move|p2a: Gastrodon|Recover|p2a: Gastrodon\n|-heal|p2a: Gastrodon|100\/100\n|\n|-damage|p1a: debonaire|59\/100 tox|[from] psn\n|upkeep\n|turn|17\n|\n|t:|1700182658\n|switch|p1a: Citizen Crits|Drapion, M|100\/100\n|move|p2a: Gastrodon|Earth Power|p1a: Citizen Crits\n|-supereffective|p1a: Citizen Crits\n|-damage|p1a: Citizen Crits|11\/100\n|\n|upkeep\n|turn|18\n|\n|t:|1700182665\n|move|p1a: Citizen Crits|Night Slash|p2a: Gastrodon\n|-damage|p2a: Gastrodon|78\/100\n|move|p2a: Gastrodon|Scald|p1a: Citizen Crits\n|-damage|p1a: Citizen Crits|0 fnt\n|faint|p1a: Citizen Crits\n|\n|-heal|p2a: Gastrodon|84\/100|[from] item: Leftovers\n|upkeep\n|\n|t:|1700182670\n|switch|p1a: debonaire|Landorus-Therian, M|59\/100 tox\n|-ability|p1a: debonaire|Intimidate|boost\n|-unboost|p2a: Gastrodon|atk|1\n|turn|19\n|\n|t:|1700182678\n|move|p1a: debonaire|Superpower|p2a: Gastrodon\n|-damage|p2a: Gastrodon|53\/100\n|-unboost|p1a: debonaire|atk|1\n|-unboost|p1a: debonaire|def|1\n|-enditem|p1a: debonaire|Eject Pack\n|\n|t:|1700182683\n|switch|p1a: word.exe|Porygon-Z|100\/100\n|move|p2a: Gastrodon|Scald|p1a: word.exe\n|-damage|p1a: word.exe|64\/100\n|\n|-heal|p2a: Gastrodon|59\/100|[from] item: Leftovers\n|upkeep\n|turn|20\n|\n|t:|1700182701\n|switch|p2a: Aegislash|Aegislash, F|100\/100\n|-damage|p2a: Aegislash|94\/100|[from] Stealth Rock\n|move|p1a: word.exe|Tri Attack|p2a: Aegislash\n|-immune|p2a: Aegislash\n|\n|-heal|p2a: Aegislash|100\/100|[from] item: Leftovers\n|upkeep\n|turn|21\n|c| mistahmerrikuu|It may be snover\n|\n|t:|1700182714\n|switch|p1a: debonaire|Landorus-Therian, M|59\/100 tox\n|-ability|p1a: debonaire|Intimidate|boost\n|-unboost|p2a: Aegislash|atk|1\n|move|p2a: Aegislash|Toxic|p1a: debonaire\n|-fail|p1a: debonaire|tox\n|\n|-damage|p1a: debonaire|53\/100 tox|[from] psn\n|upkeep\n|turn|22\n|\n|t:|1700182722\n|move|p2a: Aegislash|King's Shield|p2a: Aegislash\n|-singleturn|p2a: Aegislash|Protect\n|move|p1a: debonaire|Earthquake|p2a: Aegislash\n|-activate|p2a: Aegislash|move: Protect\n|\n|-damage|p1a: debonaire|41\/100 tox|[from] psn\n|upkeep\n|turn|23\n|\n|t:|1700182730\n|switch|p2a: Hydreigon|Hydreigon, F|100\/100\n|-damage|p2a: Hydreigon|88\/100|[from] Stealth Rock\n|move|p1a: debonaire|Earthquake|p2a: Hydreigon\n|-immune|p2a: Hydreigon|[from] ability: Levitate\n|\n|-damage|p1a: debonaire|23\/100 tox|[from] psn\n|upkeep\n|turn|24\n|\n|t:|1700182740\n|move|p2a: Hydreigon|Flamethrower|p1a: debonaire\n|-damage|p1a: debonaire|0 fnt\n|faint|p1a: debonaire\n|\n|upkeep\n|\n|t:|1700182743\n|switch|p1a: Ribbit|Ditto, shiny|100\/100\n|-transform|p1a: Ribbit|p2a: Hydreigon|[from] ability: Imposter\n|turn|25\n|c|\u2606zangoose affiliate|DP\/DM\/EP\/FT\n|\n|t:|1700182754\n|switch|p2a: Roserade|Roserade, M|100\/100\n|-damage|p2a: Roserade|88\/100|[from] Stealth Rock\n|move|p1a: Ribbit|Draco Meteor|p2a: Roserade\n|-damage|p2a: Roserade|35\/100\n|-unboost|p1a: Ribbit|spa|2\n|\n|-heal|p2a: Roserade|42\/100|[from] item: Leftovers\n|upkeep\n|turn|26\n|\n|t:|1700182767\n|switch|p1a: grabba|Weavile, M|94\/100 tox\n|move|p2a: Roserade|Sludge Bomb|p1a: grabba\n|-damage|p1a: grabba|43\/100 tox\n|\n|-heal|p2a: Roserade|48\/100|[from] item: Leftovers\n|-damage|p1a: grabba|37\/100 tox|[from] psn\n|upkeep\n|turn|27\n|\n|t:|1700182773\n|switch|p2a: Gliscor|Gliscor, F, tera:Water|100\/100 tox\n|-damage|p2a: Gliscor|88\/100 tox|[from] Stealth Rock\n|move|p1a: grabba|Thief|p2a: Gliscor\n|-damage|p2a: Gliscor|69\/100 tox\n|-enditem|p2a: Gliscor|Toxic Orb|[silent]|[from] move: Thief|[of] p1a: grabba\n|-item|p1a: grabba|Toxic Orb|[from] move: Thief|[of] p2a: Gliscor\n|\n|-damage|p1a: grabba|25\/100 tox|[from] psn\n|-heal|p2a: Gliscor|81\/100 tox|[from] ability: Poison Heal\n|upkeep\n|turn|28\n|\n|t:|1700182782\n|move|p1a: grabba|Poison Jab|p2a: Gliscor\n|-damage|p2a: Gliscor|65\/100 tox\n|move|p2a: Gliscor|Earthquake|p1a: grabba\n|-damage|p1a: grabba|0 fnt\n|faint|p1a: grabba\n|\n|-heal|p2a: Gliscor|77\/100 tox|[from] ability: Poison Heal\n|upkeep\n|\n|t:|1700182785\n|switch|p1a: Ribbit|Ditto, shiny|100\/100\n|-transform|p1a: Ribbit|p2a: Gliscor|[from] ability: Imposter\n|turn|29\n|inactive|zangoose affiliate has 120 seconds left.\n|\n|t:|1700182818\n|move|p1a: Ribbit|Earthquake|p2a: Gliscor\n|-damage|p2a: Gliscor|54\/100 tox\n|move|p2a: Gliscor|Roost|p2a: Gliscor\n|-heal|p2a: Gliscor|100\/100 tox\n|\n|upkeep\n|turn|30\n|\n|t:|1700182831\n|switch|p1a: word.exe|Porygon-Z|64\/100\n|switch|p2a: Hydreigon|Hydreigon, F|88\/100\n|-damage|p2a: Hydreigon|76\/100|[from] Stealth Rock\n|\n|upkeep\n|turn|31\n|\n|t:|1700182838\n|move|p2a: Hydreigon|Draco Meteor|p1a: word.exe\n|-damage|p1a: word.exe|0 fnt\n|-unboost|p2a: Hydreigon|spa|2\n|faint|p1a: word.exe\n|\n|upkeep\n|\n|t:|1700182841\n|switch|p1a: Ribbit|Ditto, shiny|100\/100\n|-transform|p1a: Ribbit|p2a: Hydreigon|[from] ability: Imposter\n|turn|32\n|\n|t:|1700182848\n|switch|p2a: Gardevoir|Gardevoir, F, shiny|100\/100\n|-damage|p2a: Gardevoir|88\/100|[from] Stealth Rock\n|-ability|p2a: Gardevoir|Levitate|[from] ability: Trace|[of] p1a: Ribbit\n|move|p1a: Ribbit|Draco Meteor|p2a: Gardevoir\n|-immune|p2a: Gardevoir\n|\n|upkeep\n|turn|33\n|c|\u2606PearlHarbor1996|gg\n|\n|t:|1700182860\n|detailschange|p2a: Gardevoir|Gardevoir-Mega, F, shiny\n|-mega|p2a: Gardevoir|Gardevoir|Gardevoirite\n|move|p1a: Ribbit|Draco Meteor|p2a: Gardevoir\n|-immune|p2a: Gardevoir\n|move|p2a: Gardevoir|Hyper Voice|p1a: Ribbit\n|-supereffective|p1a: Ribbit\n|-damage|p1a: Ribbit|0 fnt\n|faint|p1a: Ribbit\n|\n|win|PearlHarbor1996\n|raw|zangoose affiliate's rating: 1155 &rarr; <strong>1136<\/strong><br \/>(-19 for losing)\n|raw|PearlHarbor1996's rating: 1238 &rarr; <strong>1257<\/strong><br \/>(+19 for winning)\n|c|\u2606zangoose affiliate|new champ\n","uploadtime":1700182884,"views":13,"p1id":"zangooseaffiliate","p2id":"pearlharbor1996","formatid":"gen9nationaldex","rating":1136,"private":0,"password":""}