{"id":"gen9nationaldex-1993325039","p1":"zlsdpz","p2":"Lybl","format":"[Gen 9] National Dex","log":"|j|\u2606zlsdpz\n|j|\u2606Lybl\n|t:|1700298627\n|gametype|singles\n|player|p1|zlsdpz|acetrainersnowf|1061\n|player|p2|Lybl|102|1151\n|teamsize|p1|6\n|teamsize|p2|6\n|gen|9\n|tier|[Gen 9] National Dex\n|rated|\n|rule|HP Percentage Mod: HP is shown in percentages\n|rule|Endless Battle Clause: Forcing endless battles is banned\n|rule|OHKO Clause: OHKO moves are banned\n|rule|Evasion Clause: Evasion abilities, items, and moves are banned\n|rule|Evasion Abilities Clause: Evasion abilities are banned\n|rule|Evasion Items Clause: Evasion items are banned\n|rule|Evasion Moves Clause: Evasion moves are banned\n|rule|Species Clause: Limit one of each Pok\u00e9mon\n|rule|Sleep Clause Mod: Limit one foe put to sleep\n|clearpoke\n|poke|p1|Tornadus-Therian, M|\n|poke|p1|Nidoking, M|\n|poke|p1|Slowking, M|\n|poke|p1|Urshifu-*, M|\n|poke|p1|Ferrothorn, F|\n|poke|p1|Galvantula, F|\n|poke|p2|Thundurus-Therian, M|\n|poke|p2|Kommo-o, F|\n|poke|p2|Diancie|\n|poke|p2|Urshifu-*, M|\n|poke|p2|Toxapex, M|\n|poke|p2|Maushold|\n|teampreview\n|inactive|Battle timer is ON: inactive players will automatically lose when time's up. (requested by Lybl)\n|inactive|zlsdpz has 120 seconds left.\n|\n|t:|1700298662\n|start\n|switch|p1a: Urshifu|Urshifu-Rapid-Strike, M|100\/100\n|switch|p2a: Diancie|Diancie|100\/100\n|turn|1\n|\n|t:|1700298670\n|switch|p2a: Toxapex|Toxapex, M|100\/100\n|move|p1a: Urshifu|Close Combat|p2a: Toxapex\n|-resisted|p2a: Toxapex\n|-damage|p2a: Toxapex|79\/100\n|-unboost|p1a: Urshifu|def|1\n|-unboost|p1a: Urshifu|spd|1\n|-damage|p1a: Urshifu|84\/100|[from] item: Rocky Helmet|[of] p2a: Toxapex\n|\n|upkeep\n|turn|2\n|\n|t:|1700298685\n|switch|p1a: Ferrothorn|Ferrothorn, F|100\/100\n|move|p2a: Toxapex|Scald|p1a: Ferrothorn\n|-resisted|p1a: Ferrothorn\n|-damage|p1a: Ferrothorn|93\/100\n|-status|p1a: Ferrothorn|brn\n|\n|-damage|p1a: Ferrothorn|87\/100 brn|[from] brn\n|upkeep\n|turn|3\n|\n|t:|1700298708\n|switch|p2a: Thundurus|Thundurus-Therian, M|100\/100\n|move|p1a: Ferrothorn|Leech Seed|p2a: Thundurus\n|-start|p2a: Thundurus|move: Leech Seed\n|\n|-damage|p2a: Thundurus|88\/100|[from] Leech Seed|[of] p1a: Ferrothorn\n|-heal|p1a: Ferrothorn|97\/100 brn|[silent]\n|-damage|p1a: Ferrothorn|91\/100 brn|[from] brn\n|upkeep\n|turn|4\n|\n|t:|1700298735\n|move|p2a: Thundurus|Volt Switch|p1a: Ferrothorn\n|-resisted|p1a: Ferrothorn\n|-damage|p1a: Ferrothorn|65\/100 brn\n|\n|t:|1700298742\n|switch|p2a: Toxapex|Toxapex, M|100\/100|[from] Volt Switch\n|move|p1a: Ferrothorn|Spikes|p2a: Toxapex\n|-sidestart|p2: Lybl|Spikes\n|\n|-damage|p1a: Ferrothorn|58\/100 brn|[from] brn\n|upkeep\n|turn|5\n|inactive|Lybl has 120 seconds left.\n|\n|t:|1700298762\n|switch|p2a: Diancie|Diancie|100\/100\n|-damage|p2a: Diancie|88\/100|[from] Spikes\n|move|p1a: Ferrothorn|Knock Off|p2a: Diancie\n|-resisted|p2a: Diancie\n|-damage|p2a: Diancie|84\/100\n|\n|-damage|p1a: Ferrothorn|52\/100 brn|[from] brn\n|upkeep\n|turn|6\n|inactive|Lybl has 120 seconds left.\n|\n|t:|1700298775\n|switch|p1a: Slowking|Slowking, M, shiny|100\/100\n|detailschange|p2a: Diancie|Diancie-Mega\n|-mega|p2a: Diancie|Diancie|Diancite\n|move|p2a: Diancie|Mystical Fire|p1a: Slowking\n|-resisted|p1a: Slowking\n|-damage|p1a: Slowking|92\/100\n|-unboost|p1a: Slowking|spa|1\n|\n|upkeep\n|turn|7\n|inactive|Lybl has 120 seconds left.\n|\n|t:|1700298789\n|switch|p2a: Maushold|Maushold|100\/100\n|-damage|p2a: Maushold|88\/100|[from] Spikes\n|move|p1a: Slowking|Future Sight|p2a: Maushold\n|-start|p1a: Slowking|move: Future Sight\n|\n|upkeep\n|turn|8\n|inactive|Lybl has 120 seconds left.\n|\n|t:|1700298799\n|switch|p1a: Ferrothorn|Ferrothorn, F|52\/100 brn\n|move|p2a: Maushold|Tidy Up|p2a: Maushold\n|-sideend|p2: Lybl|Spikes\n|-activate|p2a: Maushold|move: Tidy Up\n|-boost|p2a: Maushold|atk|1\n|-boost|p2a: Maushold|spe|1\n|\n|-damage|p1a: Ferrothorn|46\/100 brn|[from] brn\n|upkeep\n|turn|9\n|inactive|Lybl has 120 seconds left.\n|\n|t:|1700298814\n|switch|p2a: Diancie|Diancie-Mega|84\/100\n|move|p1a: Ferrothorn|Gyro Ball|p2a: Diancie\n|-supereffective|p2a: Diancie\n|-damage|p2a: Diancie|0 fnt\n|faint|p2a: Diancie\n|\n|-hint|Future Sight did not hit because the target is fainted.\n|-damage|p1a: Ferrothorn|40\/100 brn|[from] brn\n|upkeep\n|inactive|Lybl has 120 seconds left.\n|\n|t:|1700298825\n|switch|p2a: Kommo-o|Kommo-o, F|100\/100\n|turn|10\n|\n|t:|1700298840\n|-zpower|p2a: Kommo-o\n|move|p2a: Kommo-o|Clangorous Soulblaze|p1a: Ferrothorn|[zeffect]\n|-resisted|p1a: Ferrothorn\n|-damage|p1a: Ferrothorn|2\/100 brn\n|-boost|p2a: Kommo-o|atk|1\n|-boost|p2a: Kommo-o|def|1\n|-boost|p2a: Kommo-o|spa|1\n|-boost|p2a: Kommo-o|spd|1\n|-boost|p2a: Kommo-o|spe|1\n|move|p1a: Ferrothorn|Leech Seed|p2a: Kommo-o\n|-start|p2a: Kommo-o|move: Leech Seed\n|\n|-damage|p2a: Kommo-o|88\/100|[from] Leech Seed|[of] p1a: Ferrothorn\n|-heal|p1a: Ferrothorn|13\/100 brn|[silent]\n|-damage|p1a: Ferrothorn|7\/100 brn|[from] brn\n|upkeep\n|turn|11\n|inactive|Lybl has 120 seconds left.\n|\n|t:|1700298858\n|move|p2a: Kommo-o|Flamethrower|p1a: Ferrothorn\n|-supereffective|p1a: Ferrothorn\n|-damage|p1a: Ferrothorn|0 fnt\n|faint|p1a: Ferrothorn\n|\n|upkeep\n|\n|t:|1700298870\n|switch|p1a: Urshifu|Urshifu-Rapid-Strike, M|84\/100\n|turn|12\n|\n|t:|1700298884\n|move|p1a: Urshifu|Close Combat|p2a: Kommo-o\n|-damage|p2a: Kommo-o|55\/100\n|-unboost|p1a: Urshifu|def|1\n|-unboost|p1a: Urshifu|spd|1\n|move|p2a: Kommo-o|Clanging Scales|p1a: Urshifu\n|-damage|p1a: Urshifu|0 fnt\n|faint|p1a: Urshifu\n|-unboost|p2a: Kommo-o|def|1\n|\n|upkeep\n|\n|t:|1700298890\n|switch|p1a: Slowking|Slowking, M, shiny|100\/100\n|turn|13\n|\n|t:|1700298898\n|move|p2a: Kommo-o|Clanging Scales|p1a: Slowking\n|-damage|p1a: Slowking|53\/100\n|-unboost|p2a: Kommo-o|def|1\n|move|p1a: Slowking|Future Sight|p2a: Kommo-o\n|-start|p1a: Slowking|move: Future Sight\n|\n|-damage|p2a: Kommo-o|42\/100|[from] Leech Seed|[of] p1a: Slowking\n|-heal|p1a: Slowking|64\/100|[silent]\n|upkeep\n|turn|14\n|\n|t:|1700298907\n|move|p2a: Kommo-o|Clanging Scales|p1a: Slowking\n|-damage|p1a: Slowking|16\/100\n|-unboost|p2a: Kommo-o|def|1\n|move|p1a: Slowking|Slack Off|p1a: Slowking\n|-heal|p1a: Slowking|66\/100\n|\n|-damage|p2a: Kommo-o|30\/100|[from] Leech Seed|[of] p1a: Slowking\n|-heal|p1a: Slowking|77\/100|[silent]\n|upkeep\n|turn|15\n|\n|t:|1700298919\n|switch|p2a: Maushold|Maushold|88\/100\n|move|p1a: Slowking|Slack Off|p1a: Slowking\n|-heal|p1a: Slowking|100\/100\n|\n|-end|p2a: Maushold|move: Future Sight\n|-damage|p2a: Maushold|28\/100\n|upkeep\n|turn|16\n|\n|t:|1700298946\n|move|p2a: Maushold|Encore|p1a: Slowking\n|-start|p1a: Slowking|Encore\n|move|p1a: Slowking|Slack Off||[still]\n|-fail|p1a: Slowking|heal\n|\n|upkeep\n|turn|17\n|l|\u2606Lybl\n|inactive|Lybl disconnected and has a minute to reconnect!\n|player|p2|\n|\n|t:|1700298958\n|switch|p1a: Tornadus|Tornadus-Therian, M, shiny|100\/100\n|move|p2a: Maushold|Tidy Up|p2a: Maushold\n|-boost|p2a: Maushold|atk|1\n|-boost|p2a: Maushold|spe|1\n|\n|upkeep\n|turn|18\n|inactive|Lybl has 30 seconds to reconnect!\n|inactive|Lybl has 20 seconds to reconnect!\n|inactive|Lybl has 15 seconds to reconnect!\n|inactive|Lybl has 10 seconds to reconnect!\n|inactive|Lybl has 5 seconds to reconnect!\n|-message|Lybl lost due to inactivity.\n|\n|win|zlsdpz\n|raw|zlsdpz's rating: 1061 &rarr; <strong>1100<\/strong><br \/>(+39 for winning)\n|raw|Lybl's rating: 1151 &rarr; <strong>1120<\/strong><br \/>(-31 for losing)\n","uploadtime":1700299024,"views":8,"p1id":"zlsdpz","p2id":"lybl","formatid":"gen9nationaldex","rating":1100,"private":0,"password":""}