{"id":"gen9nationaldex-1997344850","p1":"lebronlover","p2":"Warlock's Mask","format":"[Gen 9] National Dex","log":"|html|<div class=\"broadcast-blue\"><strong>[Gen 9] National Dex is currently suspecting Sneasler! For information on how to participate check out the <a href=\"https:\/\/www.smogon.com\/forums\/threads\/sv-national-dex-suspect-8-just-dance.3731534\/\">suspect thread<\/a>.<\/strong><\/div>\n|j|\u2606lebronlover\n|j|\u2606Warlock's Mask\n|t:|1700792082\n|gametype|singles\n|player|p1|lebronlover|cheryl|1489\n|player|p2|Warlock's Mask|scientistf|1542\n|teamsize|p1|6\n|teamsize|p2|6\n|gen|9\n|tier|[Gen 9] National Dex\n|rated|\n|rule|HP Percentage Mod: HP is shown in percentages\n|rule|Endless Battle Clause: Forcing endless battles is banned\n|rule|OHKO Clause: OHKO moves are banned\n|rule|Evasion Clause: Evasion abilities, items, and moves are banned\n|rule|Evasion Abilities Clause: Evasion abilities are banned\n|rule|Evasion Items Clause: Evasion items are banned\n|rule|Evasion Moves Clause: Evasion moves are banned\n|rule|Species Clause: Limit one of each Pok\u00e9mon\n|rule|Sleep Clause Mod: Limit one foe put to sleep\n|clearpoke\n|poke|p1|Gyarados, M|\n|poke|p1|Dragonite, M|\n|poke|p1|Volcarona, F|\n|poke|p1|Garganacl, M|\n|poke|p1|Sinistcha-Masterpiece|\n|poke|p1|Zapdos-Galar|\n|poke|p2|Ceruledge, F|\n|poke|p2|Grimmsnarl, M|\n|poke|p2|Tapu Fini|\n|poke|p2|Ferrothorn, M|\n|poke|p2|Excadrill, F|\n|poke|p2|Araquanid, F|\n|teampreview\n|inactive|Battle timer is ON: inactive players will automatically lose when time's up. (requested by Warlock's Mask)\n|inactive|lebronlover also wants the timer to be on.\n|\n|t:|1700792097\n|start\n|switch|p1a: Gyarados|Gyarados, M, shiny|100\/100\n|switch|p2a: Offer Egg|Grimmsnarl, M|100\/100\n|-ability|p1a: Gyarados|Intimidate|boost\n|-unboost|p2a: Offer Egg|atk|1\n|turn|1\n|\n|t:|1700792100\n|detailschange|p1a: Gyarados|Gyarados-Mega, M, shiny\n|-mega|p1a: Gyarados|Gyarados|Gyaradosite\n|-ability|p1a: Gyarados|Mold Breaker\n|move|p2a: Offer Egg|Thunder Wave|p1a: Gyarados\n|-hint|Since gen 7, Dark is immune to Prankster moves.\n|-immune|p1a: Gyarados\n|move|p1a: Gyarados|Substitute|p1a: Gyarados\n|-start|p1a: Gyarados|Substitute\n|-damage|p1a: Gyarados|76\/100\n|\n|upkeep\n|turn|2\n|\n|t:|1700792106\n|move|p1a: Gyarados|Dragon Dance|p1a: Gyarados\n|-boost|p1a: Gyarados|atk|1\n|-boost|p1a: Gyarados|spe|1\n|move|p2a: Offer Egg|Play Rough|p1a: Gyarados\n|-supereffective|p1a: Gyarados\n|-end|p1a: Gyarados|Substitute\n|\n|upkeep\n|turn|3\n|\n|t:|1700792116\n|move|p1a: Gyarados|Waterfall|p2a: Offer Egg\n|-damage|p2a: Offer Egg|10\/100\n|move|p2a: Offer Egg|Play Rough|p1a: Gyarados\n|-supereffective|p1a: Gyarados\n|-damage|p1a: Gyarados|14\/100\n|\n|upkeep\n|turn|4\n|\n|t:|1700792126\n|switch|p2a: Ghost|Ferrothorn, M, shiny|100\/100\n|move|p1a: Gyarados|Earthquake|p2a: Ghost\n|-damage|p2a: Ghost|50\/100\n|\n|upkeep\n|turn|5\n|\n|t:|1700792133\n|move|p1a: Gyarados|Earthquake|p2a: Ghost\n|-damage|p2a: Ghost|0 fnt\n|faint|p2a: Ghost\n|\n|upkeep\n|\n|t:|1700792136\n|switch|p2a: Wall-of-Brazil|Tapu Fini, shiny|100\/100\n|-fieldstart|move: Misty Terrain|[from] ability: Misty Surge|[of] p2a: Wall-of-Brazil\n|turn|6\n|\n|t:|1700792139\n|move|p1a: Gyarados|Earthquake|p2a: Wall-of-Brazil\n|-damage|p2a: Wall-of-Brazil|51\/100\n|move|p2a: Wall-of-Brazil|Draining Kiss|p1a: Gyarados\n|-supereffective|p1a: Gyarados\n|-damage|p1a: Gyarados|0 fnt\n|-heal|p2a: Wall-of-Brazil|61\/100|[from] drain|[of] p1a: Gyarados\n|faint|p1a: Gyarados\n|\n|-heal|p2a: Wall-of-Brazil|67\/100|[from] item: Leftovers\n|upkeep\n|\n|t:|1700792143\n|switch|p1a: Sinistcha|Sinistcha-Masterpiece, shiny|100\/100\n|turn|7\n|\n|t:|1700792146\n|switch|p2a: Sticky|Araquanid, F, shiny|100\/100\n|move|p1a: Sinistcha|Calm Mind|p1a: Sinistcha\n|-boost|p1a: Sinistcha|spa|1\n|-boost|p1a: Sinistcha|spd|1\n|\n|upkeep\n|turn|8\n|\n|t:|1700792158\n|move|p2a: Sticky|Entrainment|p1a: Sinistcha\n|-endability|p1a: Sinistcha|Heatproof|[from] move: Entrainment\n|-ability|p1a: Sinistcha|Water Absorb|[from] move: Entrainment\n|move|p1a: Sinistcha|Shadow Ball|p2a: Sticky\n|-crit|p2a: Sticky\n|-damage|p2a: Sticky|17\/100\n|\n|upkeep\n|turn|9\n|\n|t:|1700792165\n|move|p2a: Sticky|Rest||[still]\n|-fail|p2a: Sticky\n|move|p1a: Sinistcha|Matcha Gotcha|p2a: Sticky\n|-damage|p2a: Sticky|0 fnt\n|faint|p2a: Sticky\n|\n|upkeep\n|\n|t:|1700792171\n|switch|p2a: Offer Egg|Grimmsnarl, M|10\/100\n|turn|10\n|\n|t:|1700792175\n|move|p2a: Offer Egg|Parting Shot|p1a: Sinistcha\n|-unboost|p1a: Sinistcha|atk|1\n|-unboost|p1a: Sinistcha|spa|1\n|\n|t:|1700792178\n|switch|p2a: No|Excadrill, F|100\/100|[from] Parting Shot\n|-ability|p2a: No|Mold Breaker\n|move|p1a: Sinistcha|Matcha Gotcha|p2a: No\n|-damage|p2a: No|61\/100\n|\n|-fieldend|Misty Terrain\n|upkeep\n|turn|11\n|\n|t:|1700792181\n|move|p2a: No|Toxic|p1a: Sinistcha\n|-status|p1a: Sinistcha|tox\n|move|p1a: Sinistcha|Calm Mind|p1a: Sinistcha\n|-boost|p1a: Sinistcha|spa|1\n|-boost|p1a: Sinistcha|spd|1\n|\n|-damage|p1a: Sinistcha|94\/100 tox|[from] psn\n|upkeep\n|turn|12\n|\n|t:|1700792184\n|move|p2a: No|Iron Head|p1a: Sinistcha\n|-damage|p1a: Sinistcha|57\/100 tox\n|move|p1a: Sinistcha|Calm Mind|p1a: Sinistcha\n|-boost|p1a: Sinistcha|spa|1\n|-boost|p1a: Sinistcha|spd|1\n|\n|-heal|p1a: Sinistcha|63\/100 tox|[from] item: Leftovers\n|-damage|p1a: Sinistcha|51\/100 tox|[from] psn\n|upkeep\n|turn|13\n|\n|t:|1700792189\n|move|p2a: No|Iron Head|p1a: Sinistcha\n|-damage|p1a: Sinistcha|14\/100 tox\n|move|p1a: Sinistcha|Strength Sap|p2a: No\n|-unboost|p2a: No|atk|1\n|-heal|p1a: Sinistcha|100\/100 tox\n|\n|-damage|p1a: Sinistcha|82\/100 tox|[from] psn\n|upkeep\n|turn|14\n|\n|t:|1700792196\n|move|p2a: No|Iron Head|p1a: Sinistcha\n|-damage|p1a: Sinistcha|56\/100 tox\n|move|p1a: Sinistcha|Matcha Gotcha|p2a: No\n|-damage|p2a: No|0 fnt\n|-heal|p1a: Sinistcha|92\/100 tox|[from] drain|[of] p2a: No\n|faint|p2a: No\n|\n|-heal|p1a: Sinistcha|98\/100 tox|[from] item: Leftovers\n|-damage|p1a: Sinistcha|73\/100 tox|[from] psn\n|upkeep\n|\n|t:|1700792200\n|switch|p2a: Offer Egg|Grimmsnarl, M|10\/100\n|turn|15\n|\n|t:|1700792204\n|move|p2a: Offer Egg|Parting Shot|p1a: Sinistcha\n|-unboost|p1a: Sinistcha|atk|1\n|-unboost|p1a: Sinistcha|spa|1\n|\n|t:|1700792207\n|switch|p2a: Wall-of-Brazil|Tapu Fini, shiny|67\/100|[from] Parting Shot\n|-fieldstart|move: Misty Terrain|[from] ability: Misty Surge|[of] p2a: Wall-of-Brazil\n|move|p1a: Sinistcha|Strength Sap|p2a: Wall-of-Brazil\n|-unboost|p2a: Wall-of-Brazil|atk|1\n|-heal|p1a: Sinistcha|100\/100 tox\n|\n|-heal|p2a: Wall-of-Brazil|74\/100|[from] item: Leftovers\n|-damage|p1a: Sinistcha|70\/100 tox|[from] psn\n|upkeep\n|turn|16\n|\n|t:|1700792210\n|switch|p2a: Offer Egg|Grimmsnarl, M|10\/100\n|move|p1a: Sinistcha|Matcha Gotcha|p2a: Offer Egg\n|-damage|p2a: Offer Egg|0 fnt\n|-heal|p1a: Sinistcha|75\/100 tox|[from] drain|[of] p2a: Offer Egg\n|faint|p2a: Offer Egg\n|\n|-heal|p1a: Sinistcha|81\/100 tox|[from] item: Leftovers\n|-damage|p1a: Sinistcha|45\/100 tox|[from] psn\n|upkeep\n|\n|t:|1700792214\n|switch|p2a: Her|Ceruledge, F, shiny|100\/100\n|turn|17\n|\n|t:|1700792217\n|move|p2a: Her|Bulk Up|p2a: Her\n|-boost|p2a: Her|atk|1\n|-boost|p2a: Her|def|1\n|move|p1a: Sinistcha|Shadow Ball|p2a: Her\n|-supereffective|p2a: Her\n|-damage|p2a: Her|0 fnt\n|faint|p2a: Her\n|\n|-heal|p1a: Sinistcha|51\/100 tox|[from] item: Leftovers\n|-damage|p1a: Sinistcha|8\/100 tox|[from] psn\n|upkeep\n|-message|Warlock's Mask forfeited.\n|\n|win|lebronlover\n|raw|lebronlover's rating: 1489 &rarr; <strong>1512<\/strong><br \/>(+23 for winning)\n|raw|Warlock&apos;s Mask's rating: 1542 &rarr; <strong>1519<\/strong><br \/>(-23 for losing)\n|l|\u2606Warlock's Mask\n","uploadtime":1700792475,"views":7,"p1id":"lebronlover","p2id":"warlocksmask","formatid":"gen9nationaldex","rating":1512,"private":0,"password":""}