{"id":"gen9nationaldex-1999148193","p1":"Jaketr4","p2":"ImZento_","format":"[Gen 9] National Dex","log":"|html|<div class=\"broadcast-blue\"><strong>[Gen 9] National Dex is currently suspecting Sneasler! For information on how to participate check out the <a href=\"https:\/\/www.smogon.com\/forums\/threads\/sv-national-dex-suspect-8-just-dance.3731534\/\">suspect thread<\/a>.<\/strong><\/div>\n|j|\u2606Jaketr4\n|j|\u2606ImZento_\n|t:|1701038418\n|gametype|singles\n|player|p1|Jaketr4|hilbert|\n|player|p2|ImZento_|170|\n|teamsize|p1|4\n|teamsize|p2|4\n|gen|9\n|tier|[Gen 9] National Dex\n|rule|HP Percentage Mod: HP is shown in percentages\n|rule|Endless Battle Clause: Forcing endless battles is banned\n|rule|OHKO Clause: OHKO moves are banned\n|rule|Evasion Clause: Evasion abilities, items, and moves are banned\n|rule|Evasion Abilities Clause: Evasion abilities are banned\n|rule|Evasion Items Clause: Evasion items are banned\n|rule|Evasion Moves Clause: Evasion moves are banned\n|rule|Species Clause: Limit one of each Pok\u00e9mon\n|rule|Sleep Clause Mod: Limit one foe put to sleep\n|clearpoke\n|poke|p1|Torterra, F|\n|poke|p1|Gliscor, M|\n|poke|p1|Flygon, M|\n|poke|p1|Nidoking, M|\n|poke|p2|Stakataka|\n|poke|p2|Empoleon, F|\n|poke|p2|Tinkaton, F|\n|poke|p2|Metagross|\n|teampreview\n|c|\u2606ImZento_|are there leads in 2v2?\n|c|\u2606Jaketr4|they are just 1v1 rn but normally they would have to show 2 leads\n|c|\u2606Jaketr4|so it's singles 4v4 since there were some problems with doubles\n|c|\u2606Jaketr4|torterra lead\n|c|\u2606ImZento_|oh okay\n|\n|t:|1701038518\n|start\n|switch|p1a: Torterra|Torterra, F|100\/100\n|switch|p2a: Stakataka|Stakataka|100\/100\n|turn|1\n|\n|t:|1701038527\n|move|p1a: Torterra|Shell Smash|p1a: Torterra\n|-unboost|p1a: Torterra|def|1\n|-unboost|p1a: Torterra|spd|1\n|-boost|p1a: Torterra|atk|2\n|-boost|p1a: Torterra|spa|2\n|-boost|p1a: Torterra|spe|2\n|move|p2a: Stakataka|Trick Room|p2a: Stakataka\n|-fieldstart|move: Trick Room|[of] p2a: Stakataka\n|\n|upkeep\n|turn|2\n|\n|t:|1701038555\n|switch|p2a: Empoleon|Empoleon, F|100\/100\n|-item|p2a: Empoleon|Air Balloon\n|move|p1a: Torterra|Bullet Seed|p2a: Empoleon\n|-damage|p2a: Empoleon|79\/100\n|-enditem|p2a: Empoleon|Air Balloon\n|-damage|p2a: Empoleon|54\/100\n|-damage|p2a: Empoleon|28\/100\n|-damage|p2a: Empoleon|4\/100\n|-hitcount|p2a: Empoleon|4\n|\n|upkeep\n|turn|3\n|\n|t:|1701038579\n|switch|p1a: Nidoking|Nidoking, M|100\/100\n|move|p2a: Empoleon|Ice Beam|p1a: Nidoking\n|-supereffective|p1a: Nidoking\n|-damage|p1a: Nidoking|19\/100\n|\n|upkeep\n|turn|4\n|\n|t:|1701038588\n|move|p2a: Empoleon|Surf|p1a: Nidoking\n|-supereffective|p1a: Nidoking\n|-damage|p1a: Nidoking|0 fnt\n|faint|p1a: Nidoking\n|\n|upkeep\n|\n|t:|1701038591\n|switch|p1a: Gliscor|Gliscor, M|100\/100\n|turn|5\n|\n|t:|1701038599\n|move|p1a: Gliscor|Protect|p1a: Gliscor\n|-singleturn|p1a: Gliscor|Protect\n|move|p2a: Empoleon|Surf|p1a: Gliscor\n|-activate|p1a: Gliscor|move: Protect\n|\n|-fieldend|move: Trick Room\n|-status|p1a: Gliscor|tox|[from] item: Toxic Orb\n|upkeep\n|turn|6\n|\n|t:|1701038619\n|switch|p2a: Tinkaton|Tinkaton, F|100\/100\n|move|p1a: Gliscor|Earthquake|p2a: Tinkaton\n|-supereffective|p2a: Tinkaton\n|-crit|p2a: Tinkaton\n|-damage|p2a: Tinkaton|0 fnt\n|faint|p2a: Tinkaton\n|\n|upkeep\n|\n|t:|1701038626\n|switch|p2a: Stakataka|Stakataka|100\/100\n|turn|7\n|\n|t:|1701038632\n|move|p1a: Gliscor|Earthquake|p2a: Stakataka\n|-supereffective|p2a: Stakataka\n|-damage|p2a: Stakataka|18\/100\n|move|p2a: Stakataka|Trick Room|p2a: Stakataka\n|-fieldstart|move: Trick Room|[of] p2a: Stakataka\n|\n|upkeep\n|turn|8\n|\n|t:|1701038641\n|move|p2a: Stakataka|Rock Slide|p1a: Gliscor\n|-damage|p1a: Gliscor|61\/100 tox\n|move|p1a: Gliscor|Swords Dance|p1a: Gliscor\n|-boost|p1a: Gliscor|atk|2\n|\n|-heal|p1a: Gliscor|74\/100 tox|[from] ability: Poison Heal\n|upkeep\n|turn|9\n|\n|t:|1701038650\n|move|p2a: Stakataka|Rock Slide|p1a: Gliscor\n|-damage|p1a: Gliscor|35\/100 tox\n|cant|p1a: Gliscor|flinch\n|\n|-heal|p1a: Gliscor|48\/100 tox|[from] ability: Poison Heal\n|upkeep\n|turn|10\n|\n|t:|1701038711\n|move|p2a: Stakataka|Rock Slide|p1a: Gliscor\n|-damage|p1a: Gliscor|7\/100 tox\n|move|p1a: Gliscor|Earthquake|p2a: Stakataka\n|-supereffective|p2a: Stakataka\n|-damage|p2a: Stakataka|0 fnt\n|faint|p2a: Stakataka\n|\n|-heal|p1a: Gliscor|20\/100 tox|[from] ability: Poison Heal\n|upkeep\n|\n|t:|1701038726\n|switch|p2a: Empoleon|Empoleon, F|4\/100\n|turn|11\n|\n|t:|1701038734\n|move|p1a: Gliscor|Protect|p1a: Gliscor\n|-singleturn|p1a: Gliscor|Protect\n|move|p2a: Empoleon|Surf|p1a: Gliscor\n|-activate|p1a: Gliscor|move: Protect\n|\n|-heal|p1a: Gliscor|32\/100 tox|[from] ability: Poison Heal\n|-fieldend|move: Trick Room\n|upkeep\n|turn|12\n|\n|t:|1701038741\n|move|p1a: Gliscor|Earthquake|p2a: Empoleon\n|-supereffective|p2a: Empoleon\n|-damage|p2a: Empoleon|0 fnt\n|faint|p2a: Empoleon\n|\n|-heal|p1a: Gliscor|45\/100 tox|[from] ability: Poison Heal\n|upkeep\n|\n|t:|1701038749\n|switch|p2a: Metagross|Metagross|100\/100\n|turn|13\n|\n|t:|1701038755\n|move|p1a: Gliscor|Earthquake|p2a: Metagross\n|-supereffective|p2a: Metagross\n|-damage|p2a: Metagross|0 fnt\n|faint|p2a: Metagross\n|\n|win|Jaketr4\n|c|\u2606Jaketr4|gg\n|c|\u2606ImZento_|gg\n","uploadtime":1701038764,"views":1,"p1id":"jaketr4","p2id":"imzento","formatid":"gen9nationaldex","rating":0,"private":0,"password":""}