{"id":"gen9nationaldex-1995807434","p1":"TheStroker","p2":"Pyrophobia","format":"[Gen 9] National Dex","log":"|html|<div class=\"broadcast-blue\"><strong>[Gen 9] National Dex is currently suspecting Sneasler! For information on how to participate check out the <a href=\"https:\/\/www.smogon.com\/forums\/threads\/sv-national-dex-suspect-8-just-dance.3731534\/\">suspect thread<\/a>.<\/strong><\/div>\n|j|\u2606TheStroker\n|j|\u2606Pyrophobia\n|t:|1700605081\n|gametype|singles\n|player|p1|TheStroker|janitor|1616\n|player|p2|Pyrophobia|265|1591\n|teamsize|p1|6\n|teamsize|p2|6\n|gen|9\n|tier|[Gen 9] National Dex\n|rated|\n|rule|HP Percentage Mod: HP is shown in percentages\n|rule|Endless Battle Clause: Forcing endless battles is banned\n|rule|OHKO Clause: OHKO moves are banned\n|rule|Evasion Clause: Evasion abilities, items, and moves are banned\n|rule|Evasion Abilities Clause: Evasion abilities are banned\n|rule|Evasion Items Clause: Evasion items are banned\n|rule|Evasion Moves Clause: Evasion moves are banned\n|rule|Species Clause: Limit one of each Pok\u00e9mon\n|rule|Sleep Clause Mod: Limit one foe put to sleep\n|clearpoke\n|poke|p1|Skeledirge, F|\n|poke|p1|Ditto|\n|poke|p1|Zangoose, M|\n|poke|p1|Mightyena, F|\n|poke|p1|Landorus-Therian, M|\n|poke|p1|Sneasler, M|\n|poke|p2|Lopunny, F|\n|poke|p2|Moltres|\n|poke|p2|Alomomola, F|\n|poke|p2|Clodsire, F|\n|poke|p2|Ninetales-Alola, M|\n|poke|p2|Scizor, F|\n|teampreview\n|j| kung fu pokechu\n|\n|t:|1700605117\n|start\n|switch|p1a: Rather mighty|Mightyena, F|100\/100\n|switch|p2a: Ninetales|Ninetales-Alola, M|100\/100\n|-weather|Snow|[from] ability: Snow Warning|[of] p2a: Ninetales\n|-ability|p1a: Rather mighty|Intimidate|boost\n|-unboost|p2a: Ninetales|atk|1\n|turn|1\n|\n|t:|1700605125\n|switch|p1a: Not edited|Ditto|100\/100\n|-transform|p1a: Not edited|p2a: Ninetales|[from] ability: Imposter\n|move|p2a: Ninetales|Aurora Veil|p2a: Ninetales\n|-sidestart|p2: Pyrophobia|move: Aurora Veil\n|\n|-weather|Snow|[upkeep]\n|upkeep\n|turn|2\n|\n|t:|1700605148\n|switch|p2a: Scizor|Scizor, F|100\/100\n|move|p1a: Not edited|Aurora Veil|p1a: Not edited\n|-sidestart|p1: TheStroker|move: Aurora Veil\n|\n|-weather|Snow|[upkeep]\n|upkeep\n|turn|3\n|\n|t:|1700605156\n|switch|p1a: Not flamboyant|Skeledirge, F|100\/100\n|move|p2a: Scizor|Knock Off|p1a: Not flamboyant\n|-supereffective|p1a: Not flamboyant\n|-damage|p1a: Not flamboyant|78\/100\n|-enditem|p1a: Not flamboyant|Heavy-Duty Boots|[from] move: Knock Off|[of] p2a: Scizor\n|\n|-weather|Snow|[upkeep]\n|upkeep\n|turn|4\n|\n|t:|1700605166\n|switch|p2a: Moltres|Moltres|100\/100\n|move|p1a: Not flamboyant|Will-O-Wisp|p2a: Moltres\n|-immune|p2a: Moltres\n|\n|-weather|Snow|[upkeep]\n|upkeep\n|turn|5\n|\n|t:|1700605170\n|move|p2a: Moltres|U-turn|p1a: Not flamboyant\n|-resisted|p1a: Not flamboyant\n|-damage|p1a: Not flamboyant|77\/100\n|\n|t:|1700605174\n|switch|p2a: Lopunny|Lopunny, F|100\/100|[from] U-turn\n|move|p1a: Not flamboyant|Torch Song|p2a: Lopunny\n|-damage|p2a: Lopunny|81\/100\n|-boost|p1a: Not flamboyant|spa|1\n|\n|-weather|none\n|upkeep\n|turn|6\n|\n|t:|1700605183\n|detailschange|p2a: Lopunny|Lopunny-Mega, F\n|-mega|p2a: Lopunny|Lopunny|Lopunnite\n|move|p2a: Lopunny|Fake Out|p1a: Not flamboyant\n|-damage|p1a: Not flamboyant|70\/100\n|cant|p1a: Not flamboyant|flinch\n|\n|-sideend|p1: TheStroker|move: Aurora Veil\n|upkeep\n|turn|7\n|\n|t:|1700605191\n|switch|p2a: Moltres|Moltres|100\/100\n|move|p1a: Not flamboyant|Slack Off|p1a: Not flamboyant\n|-heal|p1a: Not flamboyant|100\/100\n|\n|upkeep\n|turn|8\n|\n|t:|1700605195\n|move|p2a: Moltres|U-turn|p1a: Not flamboyant\n|-resisted|p1a: Not flamboyant\n|-damage|p1a: Not flamboyant|98\/100\n|\n|t:|1700605196\n|switch|p2a: Alomomola|Alomomola, F|100\/100|[from] U-turn\n|move|p1a: Not flamboyant|Torch Song|p2a: Alomomola\n|-resisted|p2a: Alomomola\n|-damage|p2a: Alomomola|93\/100\n|-boost|p1a: Not flamboyant|spa|1\n|\n|-sideend|p2: Pyrophobia|move: Aurora Veil\n|upkeep\n|turn|9\n|\n|t:|1700605204\n|switch|p1a: Zangn\u00f3\u00f3b|Zangoose, M|100\/100\n|move|p2a: Alomomola|Wish|p2a: Alomomola\n|\n|-status|p1a: Zangn\u00f3\u00f3b|tox|[from] item: Toxic Orb\n|upkeep\n|turn|10\n|\n|t:|1700605218\n|switch|p2a: Scizor|Scizor, F|100\/100\n|move|p1a: Zangn\u00f3\u00f3b|Facade|p2a: Scizor\n|-resisted|p2a: Scizor\n|-damage|p2a: Scizor|55\/100\n|\n|-heal|p2a: Scizor|100\/100|[from] move: Wish|[wisher] Alomomola\n|-damage|p1a: Zangn\u00f3\u00f3b|95\/100 tox|[from] psn\n|upkeep\n|turn|11\n|\n|t:|1700605226\n|switch|p1a: Not flamboyant|Skeledirge, F|98\/100\n|move|p2a: Scizor|U-turn|p1a: Not flamboyant\n|-resisted|p1a: Not flamboyant\n|-damage|p1a: Not flamboyant|92\/100\n|\n|t:|1700605230\n|switch|p2a: Clodsire|Clodsire, F|100\/100|[from] U-turn\n|\n|upkeep\n|turn|12\n|\n|t:|1700605236\n|switch|p1a: Zangn\u00f3\u00f3b|Zangoose, M|95\/100 tox\n|move|p2a: Clodsire|Toxic|p1a: Zangn\u00f3\u00f3b\n|-fail|p1a: Zangn\u00f3\u00f3b|tox\n|\n|-damage|p1a: Zangn\u00f3\u00f3b|89\/100 tox|[from] psn\n|upkeep\n|turn|13\n|\n|t:|1700605247\n|move|p1a: Zangn\u00f3\u00f3b|Knock Off|p2a: Clodsire\n|-damage|p2a: Clodsire|66\/100\n|-enditem|p2a: Clodsire|Leftovers|[from] move: Knock Off|[of] p1a: Zangn\u00f3\u00f3b\n|move|p2a: Clodsire|Counter|p1a: Zangn\u00f3\u00f3b\n|-damage|p1a: Zangn\u00f3\u00f3b|0 fnt\n|faint|p1a: Zangn\u00f3\u00f3b\n|\n|upkeep\n|\n|t:|1700605258\n|switch|p1a: oooooooooooooo|Landorus-Therian, M|100\/100\n|-ability|p1a: oooooooooooooo|Intimidate|boost\n|-unboost|p2a: Clodsire|atk|1\n|turn|14\n|\n|t:|1700605263\n|switch|p2a: Moltres|Moltres|100\/100\n|move|p1a: oooooooooooooo|Substitute|p1a: oooooooooooooo\n|-start|p1a: oooooooooooooo|Substitute\n|-damage|p1a: oooooooooooooo|76\/100\n|\n|-heal|p1a: oooooooooooooo|82\/100|[from] item: Leftovers\n|upkeep\n|turn|15\n|\n|t:|1700605273\n|move|p1a: oooooooooooooo|Bulk Up|p1a: oooooooooooooo\n|-boost|p1a: oooooooooooooo|atk|1\n|-boost|p1a: oooooooooooooo|def|1\n|move|p2a: Moltres|U-turn|p1a: oooooooooooooo\n|-resisted|p1a: oooooooooooooo\n|-activate|p1a: oooooooooooooo|move: Substitute|[damage]\n|\n|t:|1700605277\n|switch|p2a: Ninetales|Ninetales-Alola, M|100\/100|[from] U-turn\n|-weather|Snow|[from] ability: Snow Warning|[of] p2a: Ninetales\n|\n|-weather|Snow|[upkeep]\n|-heal|p1a: oooooooooooooo|88\/100|[from] item: Leftovers\n|upkeep\n|turn|16\n|\n|t:|1700605283\n|move|p2a: Ninetales|Encore|p1a: oooooooooooooo\n|-start|p1a: oooooooooooooo|Encore\n|move|p1a: oooooooooooooo|Bulk Up|p1a: oooooooooooooo\n|-boost|p1a: oooooooooooooo|atk|1\n|-boost|p1a: oooooooooooooo|def|1\n|\n|-weather|Snow|[upkeep]\n|-heal|p1a: oooooooooooooo|94\/100|[from] item: Leftovers\n|upkeep\n|turn|17\n|\n|t:|1700605296\n|switch|p1a: Not flamboyant|Skeledirge, F|92\/100\n|move|p2a: Ninetales|Aurora Veil|p2a: Ninetales\n|-sidestart|p2: Pyrophobia|move: Aurora Veil\n|\n|-weather|Snow|[upkeep]\n|upkeep\n|turn|18\n|\n|t:|1700605301\n|switch|p2a: Clodsire|Clodsire, F|66\/100\n|move|p1a: Not flamboyant|Torch Song|p2a: Clodsire\n|-damage|p2a: Clodsire|56\/100\n|-boost|p1a: Not flamboyant|spa|1\n|\n|-weather|Snow|[upkeep]\n|upkeep\n|turn|19\n|\n|t:|1700605307\n|switch|p1a: Not edited|Ditto|100\/100\n|-transform|p1a: Not edited|p2a: Clodsire|[from] ability: Imposter\n|move|p2a: Clodsire|Recover|p2a: Clodsire\n|-heal|p2a: Clodsire|100\/100\n|\n|-weather|none\n|upkeep\n|turn|20\n|\n|t:|1700605319\n|switch|p1a: oooooooooooooo|Landorus-Therian, M|94\/100\n|-ability|p1a: oooooooooooooo|Intimidate|boost\n|-unboost|p2a: Clodsire|atk|1\n|move|p2a: Clodsire|Earthquake|p1a: oooooooooooooo\n|-immune|p1a: oooooooooooooo\n|\n|-heal|p1a: oooooooooooooo|99\/100|[from] item: Leftovers\n|upkeep\n|turn|21\n|\n|t:|1700605329\n|move|p1a: oooooooooooooo|Knock Off|p2a: Clodsire\n|-damage|p2a: Clodsire|94\/100\n|move|p2a: Clodsire|Toxic|p1a: oooooooooooooo\n|-status|p1a: oooooooooooooo|tox\n|\n|-heal|p1a: oooooooooooooo|100\/100 tox|[from] item: Leftovers\n|-damage|p1a: oooooooooooooo|94\/100 tox|[from] psn\n|upkeep\n|turn|22\n|\n|t:|1700605342\n|switch|p2a: Ninetales|Ninetales-Alola, M|100\/100\n|-weather|Snow|[from] ability: Snow Warning|[of] p2a: Ninetales\n|move|p1a: oooooooooooooo|Earthquake|p2a: Ninetales\n|-damage|p2a: Ninetales|76\/100\n|\n|-weather|Snow|[upkeep]\n|-heal|p1a: oooooooooooooo|100\/100 tox|[from] item: Leftovers\n|-damage|p1a: oooooooooooooo|88\/100 tox|[from] psn\n|upkeep\n|turn|23\n|\n|t:|1700605351\n|switch|p2a: Lopunny|Lopunny-Mega, F|81\/100\n|switch|p1a: Not flamboyant|Skeledirge, F|92\/100\n|\n|-weather|Snow|[upkeep]\n|upkeep\n|turn|24\n|\n|t:|1700605355\n|move|p2a: Lopunny|Fake Out|p1a: Not flamboyant\n|-damage|p1a: Not flamboyant|79\/100\n|cant|p1a: Not flamboyant|flinch\n|\n|-weather|Snow|[upkeep]\n|-sideend|p2: Pyrophobia|move: Aurora Veil\n|upkeep\n|turn|25\n|inactive|Battle timer is ON: inactive players will automatically lose when time's up. (requested by TheStroker)\n|\n|t:|1700605362\n|switch|p2a: Moltres|Moltres|100\/100\n|move|p1a: Not flamboyant|Will-O-Wisp|p2a: Moltres|[miss]\n|-miss|p1a: Not flamboyant|p2a: Moltres\n|\n|-weather|Snow|[upkeep]\n|upkeep\n|turn|26\n|\n|t:|1700605366\n|move|p2a: Moltres|U-turn|p1a: Not flamboyant\n|-resisted|p1a: Not flamboyant\n|-damage|p1a: Not flamboyant|77\/100\n|\n|t:|1700605369\n|switch|p2a: Clodsire|Clodsire, F|94\/100|[from] U-turn\n|move|p1a: Not flamboyant|Torch Song|p2a: Clodsire\n|-damage|p2a: Clodsire|70\/100\n|-boost|p1a: Not flamboyant|spa|1\n|\n|-weather|none\n|upkeep\n|turn|27\n|\n|t:|1700605376\n|move|p1a: Not flamboyant|Will-O-Wisp|p2a: Clodsire\n|-status|p2a: Clodsire|brn\n|move|p2a: Clodsire|Earthquake|p1a: Not flamboyant\n|-supereffective|p1a: Not flamboyant\n|-damage|p1a: Not flamboyant|61\/100\n|\n|-damage|p2a: Clodsire|64\/100 brn|[from] brn\n|upkeep\n|turn|28\n|\n|t:|1700605391\n|switch|p1a: oooooooooooooo|Landorus-Therian, M|88\/100 tox\n|-ability|p1a: oooooooooooooo|Intimidate|boost\n|-unboost|p2a: Clodsire|atk|1\n|move|p2a: Clodsire|Toxic|p1a: oooooooooooooo\n|-fail|p1a: oooooooooooooo|tox\n|\n|-heal|p1a: oooooooooooooo|94\/100 tox|[from] item: Leftovers\n|-damage|p1a: oooooooooooooo|88\/100 tox|[from] psn\n|-damage|p2a: Clodsire|58\/100 brn|[from] brn\n|upkeep\n|turn|29\n|\n|t:|1700605399\n|switch|p2a: Ninetales|Ninetales-Alola, M|76\/100\n|-weather|Snow|[from] ability: Snow Warning|[of] p2a: Ninetales\n|move|p1a: oooooooooooooo|Earthquake|p2a: Ninetales\n|-damage|p2a: Ninetales|26\/100\n|\n|-weather|Snow|[upkeep]\n|-heal|p1a: oooooooooooooo|94\/100 tox|[from] item: Leftovers\n|-damage|p1a: oooooooooooooo|82\/100 tox|[from] psn\n|upkeep\n|turn|30\n|\n|t:|1700605405\n|move|p2a: Ninetales|Aurora Veil|p2a: Ninetales\n|-sidestart|p2: Pyrophobia|move: Aurora Veil\n|move|p1a: oooooooooooooo|Earthquake|p2a: Ninetales\n|-damage|p2a: Ninetales|4\/100\n|\n|-weather|Snow|[upkeep]\n|-heal|p1a: oooooooooooooo|88\/100 tox|[from] item: Leftovers\n|-damage|p1a: oooooooooooooo|70\/100 tox|[from] psn\n|upkeep\n|turn|31\n|\n|t:|1700605409\n|switch|p1a: Not flamboyant|Skeledirge, F|61\/100\n|move|p2a: Ninetales|Blizzard|p1a: Not flamboyant\n|-resisted|p1a: Not flamboyant\n|-damage|p1a: Not flamboyant|38\/100\n|\n|-weather|Snow|[upkeep]\n|upkeep\n|turn|32\n|\n|t:|1700605417\n|switch|p2a: Clodsire|Clodsire, F|58\/100 brn\n|move|p1a: Not flamboyant|Slack Off|p1a: Not flamboyant\n|-heal|p1a: Not flamboyant|89\/100\n|\n|-weather|Snow|[upkeep]\n|-damage|p2a: Clodsire|52\/100 brn|[from] brn\n|upkeep\n|turn|33\n|\n|t:|1700605435\n|switch|p1a: oooooooooooooo|Landorus-Therian, M|70\/100 tox\n|-ability|p1a: oooooooooooooo|Intimidate|boost\n|-unboost|p2a: Clodsire|atk|1\n|switch|p2a: Lopunny|Lopunny-Mega, F|81\/100\n|\n|-weather|none\n|-heal|p1a: oooooooooooooo|76\/100 tox|[from] item: Leftovers\n|-damage|p1a: oooooooooooooo|70\/100 tox|[from] psn\n|upkeep\n|turn|34\n|\n|t:|1700605447\n|switch|p1a: Not flamboyant|Skeledirge, F|89\/100\n|move|p2a: Lopunny|Triple Axel|p1a: Not flamboyant\n|-resisted|p1a: Not flamboyant\n|-damage|p1a: Not flamboyant|86\/100\n|-resisted|p1a: Not flamboyant\n|-damage|p1a: Not flamboyant|82\/100\n|-resisted|p1a: Not flamboyant\n|-damage|p1a: Not flamboyant|75\/100\n|-hitcount|p1a: Not flamboyant|3\n|\n|upkeep\n|turn|35\n|\n|t:|1700605457\n|switch|p2a: Alomomola|Alomomola, F|100\/100\n|move|p1a: Not flamboyant|Torch Song|p2a: Alomomola\n|-resisted|p2a: Alomomola\n|-damage|p2a: Alomomola|95\/100\n|-boost|p1a: Not flamboyant|spa|1\n|\n|upkeep\n|turn|36\n|\n|t:|1700605461\n|move|p1a: Not flamboyant|Will-O-Wisp|p2a: Alomomola\n|-status|p2a: Alomomola|brn\n|move|p2a: Alomomola|Wish|p2a: Alomomola\n|\n|-damage|p2a: Alomomola|89\/100 brn|[from] brn\n|upkeep\n|turn|37\n|\n|t:|1700605469\n|move|p1a: Not flamboyant|Torch Song|p2a: Alomomola\n|-resisted|p2a: Alomomola\n|-damage|p2a: Alomomola|80\/100 brn\n|-boost|p1a: Not flamboyant|spa|1\n|move|p2a: Alomomola|Flip Turn|p1a: Not flamboyant\n|-supereffective|p1a: Not flamboyant\n|-damage|p1a: Not flamboyant|65\/100\n|\n|t:|1700605471\n|switch|p2a: Ninetales|Ninetales-Alola, M|4\/100|[from] Flip Turn\n|-weather|Snow|[from] ability: Snow Warning|[of] p2a: Ninetales\n|\n|-weather|Snow|[upkeep]\n|-heal|p2a: Ninetales|97\/100|[from] move: Wish|[wisher] Alomomola\n|-sideend|p2: Pyrophobia|move: Aurora Veil\n|upkeep\n|turn|38\n|\n|t:|1700605476\n|switch|p2a: Alomomola|Alomomola, F|100\/100 brn\n|move|p1a: Not flamboyant|Torch Song|p2a: Alomomola\n|-resisted|p2a: Alomomola\n|-damage|p2a: Alomomola|80\/100 brn\n|-boost|p1a: Not flamboyant|spa|1\n|\n|-weather|Snow|[upkeep]\n|-damage|p2a: Alomomola|74\/100 brn|[from] brn\n|upkeep\n|turn|39\n|\n|t:|1700605481\n|move|p1a: Not flamboyant|Slack Off|p1a: Not flamboyant\n|-heal|p1a: Not flamboyant|100\/100\n|move|p2a: Alomomola|Mirror Coat||[still]\n|-fail|p2a: Alomomola\n|\n|-weather|Snow|[upkeep]\n|-damage|p2a: Alomomola|68\/100 brn|[from] brn\n|upkeep\n|turn|40\n|\n|t:|1700605492\n|move|p1a: Not flamboyant|Torch Song|p2a: Alomomola\n|-resisted|p2a: Alomomola\n|-damage|p2a: Alomomola|43\/100 brn\n|-boost|p1a: Not flamboyant|spa|1\n|move|p2a: Alomomola|Wish|p2a: Alomomola\n|\n|-weather|Snow|[upkeep]\n|-damage|p2a: Alomomola|36\/100 brn|[from] brn\n|upkeep\n|turn|41\n|\n|t:|1700605501\n|switch|p2a: Clodsire|Clodsire, F|52\/100 brn\n|move|p1a: Not flamboyant|Shadow Ball|p2a: Clodsire\n|-damage|p2a: Clodsire|29\/100 brn\n|-unboost|p2a: Clodsire|spd|1\n|\n|-weather|none\n|-heal|p2a: Clodsire|87\/100 brn|[from] move: Wish|[wisher] Alomomola\n|-damage|p2a: Clodsire|81\/100 brn|[from] brn\n|upkeep\n|turn|42\n|\n|t:|1700605511\n|move|p1a: Not flamboyant|Torch Song|p2a: Clodsire\n|-damage|p2a: Clodsire|58\/100 brn\n|-boost|p1a: Not flamboyant|spa|1\n|move|p2a: Clodsire|Toxic|p1a: Not flamboyant\n|-status|p1a: Not flamboyant|tox\n|\n|-damage|p1a: Not flamboyant|94\/100 tox|[from] psn\n|-damage|p2a: Clodsire|52\/100 brn|[from] brn\n|upkeep\n|turn|43\n|inactive|TheStroker has 120 seconds left.\n|\n|t:|1700605543\n|switch|p1a: cancer noob luck|Sneasler, M|100\/100\n|-item|p1a: cancer noob luck|Air Balloon\n|move|p2a: Clodsire|Recover|p2a: Clodsire\n|-heal|p2a: Clodsire|100\/100 brn\n|\n|-damage|p2a: Clodsire|94\/100 brn|[from] brn\n|upkeep\n|turn|44\n|\n|t:|1700605549\n|switch|p2a: Moltres|Moltres|100\/100\n|move|p1a: cancer noob luck|Swords Dance|p1a: cancer noob luck\n|-boost|p1a: cancer noob luck|atk|2\n|\n|upkeep\n|turn|45\n|\n|t:|1700605554\n|move|p1a: cancer noob luck|Dire Claw|p2a: Moltres\n|-damage|p2a: Moltres|43\/100\n|-status|p1a: cancer noob luck|brn|[from] ability: Flame Body|[of] p2a: Moltres\n|move|p2a: Moltres|Will-O-Wisp|p1a: cancer noob luck\n|-fail|p1a: cancer noob luck|brn\n|\n|-damage|p1a: cancer noob luck|95\/100 brn|[from] brn\n|upkeep\n|turn|46\n|\n|t:|1700605566\n|move|p1a: cancer noob luck|Swords Dance|p1a: cancer noob luck\n|-boost|p1a: cancer noob luck|atk|2\n|move|p2a: Moltres|Roost|p2a: Moltres\n|-heal|p2a: Moltres|93\/100\n|-singleturn|p2a: Moltres|move: Roost\n|\n|-damage|p1a: cancer noob luck|89\/100 brn|[from] brn\n|upkeep\n|turn|47\n|\n|t:|1700605569\n|move|p1a: cancer noob luck|Dire Claw|p2a: Moltres\n|-damage|p2a: Moltres|47\/100\n|-status|p2a: Moltres|slp\n|cant|p2a: Moltres|slp\n|\n|-damage|p1a: cancer noob luck|83\/100 brn|[from] brn\n|upkeep\n|turn|48\n|\n|t:|1700605574\n|switch|p2a: Clodsire|Clodsire, F|94\/100 brn\n|move|p1a: cancer noob luck|Dire Claw|p2a: Clodsire\n|-resisted|p2a: Clodsire\n|-damage|p2a: Clodsire|91\/100 brn\n|\n|-damage|p1a: cancer noob luck|77\/100 brn|[from] brn\n|-damage|p2a: Clodsire|85\/100 brn|[from] brn\n|upkeep\n|turn|49\n|\n|t:|1700605581\n|move|p1a: cancer noob luck|Swords Dance|p1a: cancer noob luck\n|-boost|p1a: cancer noob luck|atk|2\n|move|p2a: Clodsire|Recover|p2a: Clodsire\n|-heal|p2a: Clodsire|100\/100 brn\n|\n|-damage|p1a: cancer noob luck|71\/100 brn|[from] brn\n|-damage|p2a: Clodsire|94\/100 brn|[from] brn\n|upkeep\n|turn|50\n|\n|t:|1700605589\n|move|p1a: cancer noob luck|Dire Claw|p2a: Clodsire\n|-resisted|p2a: Clodsire\n|-damage|p2a: Clodsire|91\/100 brn\n|move|p2a: Clodsire|Counter|p1a: cancer noob luck\n|-damage|p1a: cancer noob luck|60\/100 brn\n|-enditem|p1a: cancer noob luck|Air Balloon\n|\n|-damage|p1a: cancer noob luck|54\/100 brn|[from] brn\n|-damage|p2a: Clodsire|85\/100 brn|[from] brn\n|upkeep\n|turn|51\n|\n|t:|1700605597\n|move|p1a: cancer noob luck|Acrobatics|p2a: Clodsire\n|-damage|p2a: Clodsire|71\/100 brn\n|move|p2a: Clodsire|Earthquake|p1a: cancer noob luck\n|-supereffective|p1a: cancer noob luck\n|-damage|p1a: cancer noob luck|11\/100 brn\n|\n|-damage|p1a: cancer noob luck|5\/100 brn|[from] brn\n|-damage|p2a: Clodsire|65\/100 brn|[from] brn\n|upkeep\n|turn|52\n|\n|t:|1700605606\n|move|p1a: cancer noob luck|Acrobatics|p2a: Clodsire\n|-damage|p2a: Clodsire|51\/100 brn\n|move|p2a: Clodsire|Recover|p2a: Clodsire\n|-heal|p2a: Clodsire|100\/100 brn\n|\n|-damage|p1a: cancer noob luck|0 fnt|[from] brn\n|faint|p1a: cancer noob luck\n|-damage|p2a: Clodsire|94\/100 brn|[from] brn\n|upkeep\n|\n|t:|1700605609\n|switch|p1a: oooooooooooooo|Landorus-Therian, M|70\/100 tox\n|-ability|p1a: oooooooooooooo|Intimidate|boost\n|-unboost|p2a: Clodsire|atk|1\n|turn|53\n|\n|t:|1700605614\n|switch|p2a: Ninetales|Ninetales-Alola, M|97\/100\n|-weather|Snow|[from] ability: Snow Warning|[of] p2a: Ninetales\n|move|p1a: oooooooooooooo|Earthquake|p2a: Ninetales\n|-damage|p2a: Ninetales|44\/100\n|\n|-weather|Snow|[upkeep]\n|-heal|p1a: oooooooooooooo|76\/100 tox|[from] item: Leftovers\n|-damage|p1a: oooooooooooooo|70\/100 tox|[from] psn\n|upkeep\n|turn|54\n|\n|t:|1700605623\n|switch|p1a: Not flamboyant|Skeledirge, F|94\/100 tox\n|move|p2a: Ninetales|Aurora Veil|p2a: Ninetales\n|-sidestart|p2: Pyrophobia|move: Aurora Veil\n|\n|-weather|Snow|[upkeep]\n|-damage|p1a: Not flamboyant|88\/100 tox|[from] psn\n|upkeep\n|turn|55\n|\n|t:|1700605629\n|switch|p2a: Alomomola|Alomomola, F|70\/100 brn\n|move|p1a: Not flamboyant|Torch Song|p2a: Alomomola\n|-resisted|p2a: Alomomola\n|-damage|p2a: Alomomola|65\/100 brn\n|-boost|p1a: Not flamboyant|spa|1\n|\n|-weather|Snow|[upkeep]\n|-damage|p1a: Not flamboyant|76\/100 tox|[from] psn\n|-damage|p2a: Alomomola|58\/100 brn|[from] brn\n|upkeep\n|turn|56\n|\n|t:|1700605633\n|move|p1a: Not flamboyant|Torch Song|p2a: Alomomola\n|-resisted|p2a: Alomomola\n|-damage|p2a: Alomomola|50\/100 brn\n|-boost|p1a: Not flamboyant|spa|1\n|move|p2a: Alomomola|Wish|p2a: Alomomola\n|\n|-weather|Snow|[upkeep]\n|-damage|p1a: Not flamboyant|58\/100 tox|[from] psn\n|-damage|p2a: Alomomola|44\/100 brn|[from] brn\n|upkeep\n|turn|57\n|\n|t:|1700605645\n|move|p1a: Not flamboyant|Torch Song|p2a: Alomomola\n|-resisted|p2a: Alomomola\n|-damage|p2a: Alomomola|33\/100 brn\n|-boost|p1a: Not flamboyant|spa|1\n|move|p2a: Alomomola|Mirror Coat|p1a: Not flamboyant\n|-damage|p1a: Not flamboyant|29\/100 tox\n|\n|-weather|none\n|-heal|p2a: Alomomola|83\/100 brn|[from] move: Wish|[wisher] Alomomola\n|-damage|p1a: Not flamboyant|4\/100 tox|[from] psn\n|-damage|p2a: Alomomola|76\/100 brn|[from] brn\n|upkeep\n|turn|58\n|\n|t:|1700605650\n|move|p1a: Not flamboyant|Shadow Ball|p2a: Alomomola\n|-damage|p2a: Alomomola|47\/100 brn\n|move|p2a: Alomomola|Wish|p2a: Alomomola\n|\n|-damage|p1a: Not flamboyant|0 fnt|[from] psn\n|faint|p1a: Not flamboyant\n|-damage|p2a: Alomomola|41\/100 brn|[from] brn\n|upkeep\n|\n|t:|1700605656\n|switch|p1a: Rather mighty|Mightyena, F|100\/100\n|-ability|p1a: Rather mighty|Intimidate|boost\n|-unboost|p2a: Alomomola|atk|1\n|turn|59\n|\n|t:|1700605662\n|switch|p2a: Clodsire|Clodsire, F|94\/100 brn\n|move|p1a: Rather mighty|Crunch|p2a: Clodsire\n|-damage|p2a: Clodsire|81\/100 brn\n|\n|-heal|p2a: Clodsire|100\/100 brn|[from] move: Wish|[wisher] Alomomola\n|-damage|p2a: Clodsire|94\/100 brn|[from] brn\n|upkeep\n|turn|60\n|\n|t:|1700605666\n|move|p1a: Rather mighty|Crunch|p2a: Clodsire\n|-damage|p2a: Clodsire|81\/100 brn\n|-unboost|p2a: Clodsire|def|1\n|move|p2a: Clodsire|Toxic|p1a: Rather mighty\n|-status|p1a: Rather mighty|tox\n|\n|-damage|p1a: Rather mighty|94\/100 tox|[from] psn\n|-damage|p2a: Clodsire|75\/100 brn|[from] brn\n|upkeep\n|turn|61\n|\n|t:|1700605670\n|switch|p2a: Lopunny|Lopunny-Mega, F|81\/100\n|move|p1a: Rather mighty|Crunch|p2a: Lopunny\n|-resisted|p2a: Lopunny\n|-damage|p2a: Lopunny|70\/100\n|\n|-damage|p1a: Rather mighty|82\/100 tox|[from] psn\n|-sideend|p2: Pyrophobia|move: Aurora Veil\n|upkeep\n|turn|62\n|\n|t:|1700605676\n|move|p2a: Lopunny|Fake Out|p1a: Rather mighty\n|-damage|p1a: Rather mighty|45\/100 tox\n|cant|p1a: Rather mighty|flinch\n|\n|-damage|p1a: Rather mighty|26\/100 tox|[from] psn\n|upkeep\n|turn|63\n|\n|t:|1700605678\n|move|p2a: Lopunny|Return|p1a: Rather mighty\n|-damage|p1a: Rather mighty|0 fnt\n|faint|p1a: Rather mighty\n|\n|upkeep\n|\n|t:|1700605682\n|switch|p1a: Not edited|Ditto|100\/100\n|-transform|p1a: Not edited|p2a: Lopunny|[from] ability: Imposter\n|turn|64\n|\n|t:|1700605684\n|switch|p2a: Clodsire|Clodsire, F|75\/100 brn\n|move|p1a: Not edited|High Jump Kick|p2a: Clodsire\n|-resisted|p2a: Clodsire\n|-damage|p2a: Clodsire|52\/100 brn\n|\n|-damage|p2a: Clodsire|45\/100 brn|[from] brn\n|upkeep\n|turn|65\n|\n|t:|1700605689\n|move|p1a: Not edited|High Jump Kick|p2a: Clodsire\n|-resisted|p2a: Clodsire\n|-damage|p2a: Clodsire|20\/100 brn\n|move|p2a: Clodsire|Recover|p2a: Clodsire\n|-heal|p2a: Clodsire|70\/100 brn\n|\n|-damage|p2a: Clodsire|64\/100 brn|[from] brn\n|upkeep\n|turn|66\n|\n|t:|1700605692\n|move|p1a: Not edited|High Jump Kick|p2a: Clodsire\n|-resisted|p2a: Clodsire\n|-damage|p2a: Clodsire|36\/100 brn\n|move|p2a: Clodsire|Recover|p2a: Clodsire\n|-heal|p2a: Clodsire|86\/100 brn\n|\n|-damage|p2a: Clodsire|80\/100 brn|[from] brn\n|upkeep\n|turn|67\n|\n|t:|1700605694\n|move|p1a: Not edited|High Jump Kick|p2a: Clodsire\n|-resisted|p2a: Clodsire\n|-damage|p2a: Clodsire|56\/100 brn\n|move|p2a: Clodsire|Counter|p1a: Not edited\n|-damage|p1a: Not edited|27\/100\n|\n|-damage|p2a: Clodsire|50\/100 brn|[from] brn\n|upkeep\n|turn|68\n|\n|t:|1700605696\n|move|p1a: Not edited|High Jump Kick|p2a: Clodsire\n|-resisted|p2a: Clodsire\n|-damage|p2a: Clodsire|27\/100 brn\n|move|p2a: Clodsire|Recover|p2a: Clodsire\n|-heal|p2a: Clodsire|77\/100 brn\n|\n|-damage|p2a: Clodsire|70\/100 brn|[from] brn\n|upkeep\n|turn|69\n|\n|t:|1700605701\n|-activate|p1a: Not edited|move: Struggle\n|move|p1a: Not edited|Struggle|p2a: Clodsire\n|-damage|p2a: Clodsire|57\/100 brn\n|-damage|p1a: Not edited|2\/100|[from] recoil\n|move|p2a: Clodsire|Toxic|p1a: Not edited\n|-status|p1a: Not edited|tox\n|\n|-damage|p1a: Not edited|0 fnt|[from] psn\n|faint|p1a: Not edited\n|-damage|p2a: Clodsire|51\/100 brn|[from] brn\n|upkeep\n|\n|t:|1700605703\n|switch|p1a: oooooooooooooo|Landorus-Therian, M|70\/100 tox\n|-ability|p1a: oooooooooooooo|Intimidate|boost\n|-unboost|p2a: Clodsire|atk|1\n|turn|70\n|\n|t:|1700605708\n|switch|p2a: Alomomola|Alomomola, F|74\/100 brn\n|move|p1a: oooooooooooooo|Earthquake|p2a: Alomomola\n|-damage|p2a: Alomomola|36\/100 brn\n|\n|-heal|p1a: oooooooooooooo|76\/100 tox|[from] item: Leftovers\n|-damage|p1a: oooooooooooooo|70\/100 tox|[from] psn\n|-damage|p2a: Alomomola|29\/100 brn|[from] brn\n|upkeep\n|turn|71\n|\n|t:|1700605714\n|-terastallize|p2a: Alomomola|Grass\n|move|p1a: oooooooooooooo|Earthquake|p2a: Alomomola\n|-resisted|p2a: Alomomola\n|-damage|p2a: Alomomola|10\/100 brn\n|move|p2a: Alomomola|Wish|p2a: Alomomola\n|\n|-heal|p1a: oooooooooooooo|76\/100 tox|[from] item: Leftovers\n|-damage|p1a: oooooooooooooo|64\/100 tox|[from] psn\n|-damage|p2a: Alomomola|4\/100 brn|[from] brn\n|upkeep\n|turn|72\n|\n|t:|1700605719\n|switch|p2a: Scizor|Scizor, F|100\/100\n|move|p1a: oooooooooooooo|Knock Off|p2a: Scizor\n|-damage|p2a: Scizor|73\/100\n|-enditem|p2a: Scizor|Leftovers|[from] move: Knock Off|[of] p1a: oooooooooooooo\n|\n|-heal|p2a: Scizor|100\/100|[from] move: Wish|[wisher] Alomomola\n|-heal|p1a: oooooooooooooo|70\/100 tox|[from] item: Leftovers\n|-damage|p1a: oooooooooooooo|52\/100 tox|[from] psn\n|upkeep\n|turn|73\n|\n|t:|1700605723\n|move|p1a: oooooooooooooo|Earthquake|p2a: Scizor\n|-crit|p2a: Scizor\n|-damage|p2a: Scizor|26\/100\n|move|p2a: Scizor|Swords Dance|p2a: Scizor\n|-boost|p2a: Scizor|atk|2\n|\n|-heal|p1a: oooooooooooooo|58\/100 tox|[from] item: Leftovers\n|-damage|p1a: oooooooooooooo|34\/100 tox|[from] psn\n|upkeep\n|turn|74\n|\n|t:|1700605727\n|move|p2a: Scizor|Bullet Punch|p1a: oooooooooooooo\n|-damage|p1a: oooooooooooooo|0 fnt\n|faint|p1a: oooooooooooooo\n|\n|win|Pyrophobia\n|raw|TheStroker's rating: 1616 &rarr; <strong>1595<\/strong><br \/>(-21 for losing)\n|raw|Pyrophobia's rating: 1591 &rarr; <strong>1612<\/strong><br \/>(+21 for winning)\n","uploadtime":1700605730,"views":11,"p1id":"thestroker","p2id":"pyrophobia","formatid":"gen9nationaldex","rating":1595,"private":0,"password":""}