{"id":"gen9nationaldex-1996279692","p1":"h0t water","p2":"maple324504","format":"[Gen 9] National Dex","log":"|html|<div class=\"broadcast-blue\"><strong>[Gen 9] National Dex is currently suspecting Sneasler! For information on how to participate check out the <a href=\"https:\/\/www.smogon.com\/forums\/threads\/sv-national-dex-suspect-8-just-dance.3731534\/\">suspect thread<\/a>.<\/strong><\/div>\n|j|\u2606h0t water\n|j|\u2606maple324504\n|t:|1700666966\n|gametype|singles\n|player|p1|h0t water|170|1160\n|player|p2|maple324504|bugcatcher-gen4dp|1213\n|teamsize|p1|6\n|teamsize|p2|6\n|gen|9\n|tier|[Gen 9] National Dex\n|rated|\n|rule|HP Percentage Mod: HP is shown in percentages\n|rule|Endless Battle Clause: Forcing endless battles is banned\n|rule|OHKO Clause: OHKO moves are banned\n|rule|Evasion Clause: Evasion abilities, items, and moves are banned\n|rule|Evasion Abilities Clause: Evasion abilities are banned\n|rule|Evasion Items Clause: Evasion items are banned\n|rule|Evasion Moves Clause: Evasion moves are banned\n|rule|Species Clause: Limit one of each Pok\u00e9mon\n|rule|Sleep Clause Mod: Limit one foe put to sleep\n|clearpoke\n|poke|p1|Iron Valiant|\n|poke|p1|Ribombee, M|\n|poke|p1|Grimmsnarl, M|\n|poke|p1|Blaziken, M|\n|poke|p1|Espeon, F|\n|poke|p1|Haxorus, F|\n|poke|p2|Beedrill, M|\n|poke|p2|Scizor, M|\n|poke|p2|Volcarona, F|\n|poke|p2|Golisopod, M|\n|poke|p2|Frosmoth, F|\n|poke|p2|Scyther, F|\n|teampreview\n|inactive|Battle timer is ON: inactive players will automatically lose when time's up. (requested by h0t water)\n|\n|t:|1700666980\n|start\n|switch|p1a: Ribombee|Ribombee, M|100\/100\n|switch|p2a: Frosmoth|Frosmoth, F|100\/100\n|turn|1\n|\n|t:|1700666988\n|move|p1a: Ribombee|Stun Spore|p2a: Frosmoth|[miss]\n|-miss|p1a: Ribombee|p2a: Frosmoth\n|move|p2a: Frosmoth|Quiver Dance|p2a: Frosmoth\n|-boost|p2a: Frosmoth|spa|1\n|-boost|p2a: Frosmoth|spd|1\n|-boost|p2a: Frosmoth|spe|1\n|\n|upkeep\n|turn|2\n|\n|t:|1700667002\n|move|p1a: Ribombee|Stun Spore|p2a: Frosmoth|[miss]\n|-miss|p1a: Ribombee|p2a: Frosmoth\n|move|p2a: Frosmoth|Quiver Dance|p2a: Frosmoth\n|-boost|p2a: Frosmoth|spa|1\n|-boost|p2a: Frosmoth|spd|1\n|-boost|p2a: Frosmoth|spe|1\n|\n|upkeep\n|turn|3\n|\n|t:|1700667011\n|move|p1a: Ribombee|Stun Spore|p2a: Frosmoth\n|-status|p2a: Frosmoth|par\n|move|p2a: Frosmoth|Blizzard|p1a: Ribombee|[miss]\n|-miss|p2a: Frosmoth|p1a: Ribombee\n|\n|upkeep\n|turn|4\n|\n|t:|1700667018\n|move|p1a: Ribombee|Sticky Web|p2a: Frosmoth\n|-sidestart|p2: maple324504|move: Sticky Web\n|cant|p2a: Frosmoth|par\n|\n|upkeep\n|turn|5\n|\n|t:|1700667026\n|move|p1a: Ribombee|Moonblast|p2a: Frosmoth\n|-damage|p2a: Frosmoth|91\/100 par\n|-unboost|p2a: Frosmoth|spa|1\n|cant|p2a: Frosmoth|par\n|\n|upkeep\n|turn|6\n|\n|t:|1700667035\n|move|p1a: Ribombee|Moonblast|p2a: Frosmoth\n|-damage|p2a: Frosmoth|81\/100 par\n|move|p2a: Frosmoth|Blizzard|p1a: Ribombee\n|-enditem|p1a: Ribombee|Focus Sash\n|-damage|p1a: Ribombee|1\/100\n|\n|upkeep\n|turn|7\n|\n|t:|1700667044\n|move|p1a: Ribombee|Moonblast|p2a: Frosmoth\n|-damage|p2a: Frosmoth|71\/100 par\n|cant|p2a: Frosmoth|par\n|\n|upkeep\n|turn|8\n|\n|t:|1700667051\n|move|p1a: Ribombee|Moonblast|p2a: Frosmoth\n|-damage|p2a: Frosmoth|60\/100 par\n|-unboost|p2a: Frosmoth|spa|1\n|move|p2a: Frosmoth|Bug Buzz|p1a: Ribombee\n|-resisted|p1a: Ribombee\n|-crit|p1a: Ribombee\n|-damage|p1a: Ribombee|0 fnt\n|faint|p1a: Ribombee\n|\n|upkeep\n|\n|t:|1700667058\n|switch|p1a: Grimmsnarl|Grimmsnarl, M|100\/100\n|turn|9\n|\n|t:|1700667065\n|move|p1a: Grimmsnarl|Light Screen|p1a: Grimmsnarl\n|-sidestart|p1: h0t water|move: Light Screen\n|move|p2a: Frosmoth|Bug Buzz|p1a: Grimmsnarl\n|-damage|p1a: Grimmsnarl|82\/100\n|\n|upkeep\n|turn|10\n|\n|t:|1700667071\n|move|p1a: Grimmsnarl|Reflect|p1a: Grimmsnarl\n|-sidestart|p1: h0t water|Reflect\n|cant|p2a: Frosmoth|par\n|\n|upkeep\n|turn|11\n|\n|t:|1700667077\n|move|p1a: Grimmsnarl|Parting Shot|p2a: Frosmoth\n|-unboost|p2a: Frosmoth|atk|1\n|-unboost|p2a: Frosmoth|spa|1\n|\n|t:|1700667080\n|switch|p1a: Blaziken|Blaziken, M|100\/100|[from] Parting Shot\n|move|p2a: Frosmoth|Light Screen|p2a: Frosmoth\n|-sidestart|p2: maple324504|move: Light Screen\n|\n|upkeep\n|turn|12\n|\n|t:|1700667090\n|move|p1a: Blaziken|Swords Dance|p1a: Blaziken\n|-boost|p1a: Blaziken|atk|2\n|move|p2a: Frosmoth|Blizzard|p1a: Blaziken\n|-resisted|p1a: Blaziken\n|-damage|p1a: Blaziken|84\/100\n|-status|p1a: Blaziken|frz\n|\n|-ability|p1a: Blaziken|Speed Boost|boost\n|-boost|p1a: Blaziken|spe|1\n|upkeep\n|turn|13\n|\n|t:|1700667103\n|switch|p2a: Golisopod|Golisopod, M, shiny|100\/100\n|-activate|p2a: Golisopod|move: Sticky Web\n|-unboost|p2a: Golisopod|spe|1\n|-curestatus|p1a: Blaziken|frz|[msg]\n|move|p1a: Blaziken|Blaze Kick|p2a: Golisopod\n|-damage|p2a: Golisopod|34\/100\n|-status|p2a: Golisopod|brn\n|-activate|p2a: Golisopod|ability: Emergency Exit\n|-message|maple324504 forfeited.\n|\n|win|h0t water\n|raw|h0t water's rating: 1160 &rarr; <strong>1189<\/strong><br \/>(+29 for winning)\n|raw|maple324504's rating: 1213 &rarr; <strong>1184<\/strong><br \/>(-29 for losing)\n|l|\u2606maple324504\n","uploadtime":1700667120,"views":4,"p1id":"h0twater","p2id":"maple324504","formatid":"gen9nationaldex","rating":1184,"private":0,"password":""}