{"id":"gen9nationaldex-1996705199","p1":"bu wei chen chen","p2":"Patar136","format":"[Gen 9] National Dex","log":"|html|<div class=\"broadcast-blue\"><strong>[Gen 9] National Dex is currently suspecting Sneasler! For information on how to participate check out the <a href=\"https:\/\/www.smogon.com\/forums\/threads\/sv-national-dex-suspect-8-just-dance.3731534\/\">suspect thread<\/a>.<\/strong><\/div>\n|j|\u2606bu wei chen chen\n|j|\u2606Patar136\n|t:|1700712139\n|gametype|singles\n|player|p1|bu wei chen chen|dawn|1406\n|player|p2|Patar136|misty|1451\n|teamsize|p1|6\n|teamsize|p2|6\n|gen|9\n|tier|[Gen 9] National Dex\n|rated|\n|rule|HP Percentage Mod: HP is shown in percentages\n|rule|Endless Battle Clause: Forcing endless battles is banned\n|rule|OHKO Clause: OHKO moves are banned\n|rule|Evasion Clause: Evasion abilities, items, and moves are banned\n|rule|Evasion Abilities Clause: Evasion abilities are banned\n|rule|Evasion Items Clause: Evasion items are banned\n|rule|Evasion Moves Clause: Evasion moves are banned\n|rule|Species Clause: Limit one of each Pok\u00e9mon\n|rule|Sleep Clause Mod: Limit one foe put to sleep\n|clearpoke\n|poke|p1|Nihilego|\n|poke|p1|Mimikyu, M|\n|poke|p1|Greninja-*, M|\n|poke|p1|Dragonite, M|\n|poke|p1|Ting-Lu|\n|poke|p1|Moltres|\n|poke|p2|Charizard, M|\n|poke|p2|Pelipper, F|\n|poke|p2|Volcarona, M|\n|poke|p2|Urshifu-*, F|\n|poke|p2|Scizor, M|\n|poke|p2|Great Tusk|\n|teampreview\n|inactive|Battle timer is ON: inactive players will automatically lose when time's up. (requested by bu wei chen chen)\n|j| whitebeard solos\n|\n|t:|1700712157\n|start\n|switch|p1a: Nihilego|Nihilego, shiny|100\/100\n|switch|p2a: Scizor|Scizor, M|100\/100\n|turn|1\n|\n|t:|1700712166\n|-terastallize|p1a: Nihilego|Fire\n|move|p2a: Scizor|Bullet Punch|p1a: Nihilego\n|-resisted|p1a: Nihilego\n|-damage|p1a: Nihilego|60\/100\n|move|p1a: Nihilego|Meteor Beam||[still]\n|-prepare|p1a: Nihilego|Meteor Beam\n|-boost|p1a: Nihilego|spa|1\n|-enditem|p1a: Nihilego|Power Herb\n|-anim|p1a: Nihilego|Meteor Beam|p2a: Scizor\n|-damage|p2a: Scizor|6\/100\n|\n|upkeep\n|turn|2\n|\n|t:|1700712179\n|switch|p2a: Urshifu|Urshifu-Rapid-Strike, F|100\/100\n|move|p1a: Nihilego|Hidden Power|p2a: Urshifu\n|-resisted|p2a: Urshifu\n|-damage|p2a: Urshifu|71\/100\n|\n|upkeep\n|turn|3\n|\n|t:|1700712207\n|switch|p1a: Moltres|Moltres|100\/100\n|move|p2a: Urshifu|Surging Strikes|p1a: Moltres\n|-supereffective|p1a: Moltres\n|-crit|p1a: Moltres\n|-damage|p1a: Moltres|73\/100\n|-supereffective|p1a: Moltres\n|-crit|p1a: Moltres\n|-damage|p1a: Moltres|45\/100\n|-supereffective|p1a: Moltres\n|-crit|p1a: Moltres\n|-damage|p1a: Moltres|20\/100\n|-status|p2a: Urshifu|brn|[from] ability: Flame Body|[of] p1a: Moltres\n|-hitcount|p1a: Moltres|3\n|\n|-damage|p2a: Urshifu|64\/100 brn|[from] brn\n|upkeep\n|turn|4\n|l| whitebeard solos\n|c|\u2606bu wei chen chen|\uff1f\uff1f\uff1f\n|inactive|bu wei chen chen has 120 seconds left.\n|c|\u2606Patar136|what are you thinking\n|\n|t:|1700712233\n|move|p2a: Urshifu|Surging Strikes|p1a: Moltres\n|-supereffective|p1a: Moltres\n|-crit|p1a: Moltres\n|-damage|p1a: Moltres|7\/100\n|-supereffective|p1a: Moltres\n|-crit|p1a: Moltres\n|-damage|p1a: Moltres|0 fnt\n|faint|p1a: Moltres\n|-hitcount|p1: Moltres|2\n|\n|-damage|p2a: Urshifu|58\/100 brn|[from] brn\n|upkeep\n|\n|t:|1700712242\n|switch|p1a: Ting-Lu|Ting-Lu|100\/100\n|-ability|p1a: Ting-Lu|Vessel of Ruin\n|turn|5\n|\n|t:|1700712248\n|switch|p2a: Great Tusk|Great Tusk|100\/100\n|move|p1a: Ting-Lu|Stealth Rock|p2a: Great Tusk\n|-sidestart|p2: Patar136|move: Stealth Rock\n|\n|upkeep\n|turn|6\n|\n|t:|1700712254\n|move|p2a: Great Tusk|Stealth Rock|p1a: Ting-Lu\n|-sidestart|p1: bu wei chen chen|move: Stealth Rock\n|move|p1a: Ting-Lu|Whirlwind|p2a: Great Tusk\n|-end|p2a: Great Tusk|Protosynthesis|[silent]\n|drag|p2a: Volcarona|Volcarona, M|100\/100\n|\n|upkeep\n|turn|7\n|\n|t:|1700712264\n|move|p2a: Volcarona|Giga Drain|p1a: Ting-Lu\n|-supereffective|p1a: Ting-Lu\n|-damage|p1a: Ting-Lu|83\/100\n|move|p1a: Ting-Lu|Whirlwind|p2a: Volcarona\n|drag|p2a: Great Tusk|Great Tusk|100\/100\n|-damage|p2a: Great Tusk|98\/100|[from] Stealth Rock\n|\n|-heal|p2a: Great Tusk|100\/100|[from] item: Leftovers\n|-heal|p1a: Ting-Lu|89\/100|[from] item: Leftovers\n|upkeep\n|turn|8\n|j| whitebeard solos\n|\n|t:|1700712276\n|move|p2a: Great Tusk|Rapid Spin|p1a: Ting-Lu\n|-damage|p1a: Ting-Lu|81\/100\n|-boost|p2a: Great Tusk|spe|1\n|-sideend|p2: Patar136|Stealth Rock|[from] move: Rapid Spin|[of] p2a: Great Tusk\n|move|p1a: Ting-Lu|Ruination|p2a: Great Tusk\n|-damage|p2a: Great Tusk|50\/100\n|\n|-heal|p2a: Great Tusk|57\/100|[from] item: Leftovers\n|-heal|p1a: Ting-Lu|87\/100|[from] item: Leftovers\n|upkeep\n|turn|9\n|\n|t:|1700712282\n|move|p2a: Great Tusk|Ice Spinner|p1a: Ting-Lu\n|-supereffective|p1a: Ting-Lu\n|-damage|p1a: Ting-Lu|64\/100\n|move|p1a: Ting-Lu|Whirlwind|p2a: Great Tusk\n|-end|p2a: Great Tusk|Protosynthesis|[silent]\n|drag|p2a: Scizor|Scizor, M|6\/100\n|\n|-heal|p1a: Ting-Lu|70\/100|[from] item: Leftovers\n|upkeep\n|turn|10\n|\n|t:|1700712289\n|move|p2a: Scizor|U-turn|p1a: Ting-Lu\n|-supereffective|p1a: Ting-Lu\n|-damage|p1a: Ting-Lu|4\/100\n|l| whitebeard solos\n|\n|t:|1700712294\n|switch|p2a: Urshifu|Urshifu-Rapid-Strike, F|58\/100 brn|[from] U-turn\n|move|p1a: Ting-Lu|Earthquake|p2a: Urshifu\n|-damage|p2a: Urshifu|20\/100 brn\n|\n|-heal|p1a: Ting-Lu|11\/100|[from] item: Leftovers\n|-damage|p2a: Urshifu|14\/100 brn|[from] brn\n|upkeep\n|turn|11\n|\n|t:|1700712307\n|move|p2a: Urshifu|U-turn|p1a: Ting-Lu\n|-supereffective|p1a: Ting-Lu\n|-damage|p1a: Ting-Lu|0 fnt\n|faint|p1a: Ting-Lu\n|\n|t:|1700712316\n|switch|p2a: Great Tusk|Great Tusk|57\/100|[from] U-turn\n|\n|-heal|p2a: Great Tusk|63\/100|[from] item: Leftovers\n|upkeep\n|\n|t:|1700712334\n|switch|p1a: Greninja|Greninja, M|100\/100\n|turn|12\n|\n|t:|1700712341\n|-terastallize|p2a: Great Tusk|Water\n|move|p1a: Greninja|Ice Beam|p2a: Great Tusk\n|-resisted|p2a: Great Tusk\n|-damage|p2a: Great Tusk|45\/100\n|move|p2a: Great Tusk|Rapid Spin|p1a: Greninja\n|-damage|p1a: Greninja|77\/100\n|-boost|p2a: Great Tusk|spe|1\n|\n|-heal|p2a: Great Tusk|51\/100|[from] item: Leftovers\n|upkeep\n|turn|13\n|\n|t:|1700712355\n|move|p2a: Great Tusk|Rapid Spin|p1a: Greninja\n|-damage|p1a: Greninja|52\/100\n|-boost|p2a: Great Tusk|spe|1\n|move|p1a: Greninja|Dark Pulse|p2a: Great Tusk\n|-damage|p2a: Great Tusk|0 fnt\n|faint|p2a: Great Tusk\n|-end|p2a: Great Tusk|Protosynthesis|[silent]\n|-ability|p1a: Greninja|Battle Bond|boost\n|-boost|p1a: Greninja|atk|1\n|-boost|p1a: Greninja|spa|1\n|-boost|p1a: Greninja|spe|1\n|-activate|p1a: Greninja|ability: Battle Bond\n|\n|upkeep\n|\n|t:|1700712368\n|switch|p2a: Pelipper|Pelipper, F|100\/100\n|-weather|RainDance|[from] ability: Drizzle|[of] p2a: Pelipper\n|turn|14\n|\n|t:|1700712377\n|move|p1a: Greninja|Dark Pulse|p2a: Pelipper\n|-damage|p2a: Pelipper|23\/100\n|cant|p2a: Pelipper|flinch\n|\n|-weather|RainDance|[upkeep]\n|upkeep\n|turn|15\n|c|\u2606bu wei chen chen|sorry\n|\n|t:|1700712387\n|move|p1a: Greninja|Dark Pulse|p2a: Pelipper\n|-damage|p2a: Pelipper|0 fnt\n|faint|p2a: Pelipper\n|\n|-weather|RainDance|[upkeep]\n|upkeep\n|\n|t:|1700712391\n|switch|p2a: Urshifu|Urshifu-Rapid-Strike, F|14\/100 brn\n|turn|16\n|\n|t:|1700712397\n|move|p1a: Greninja|Water Shuriken|p2a: Urshifu\n|-resisted|p2a: Urshifu\n|-damage|p2a: Urshifu|2\/100 brn\n|-resisted|p2a: Urshifu\n|-damage|p2a: Urshifu|0 fnt\n|faint|p2a: Urshifu\n|-hitcount|p2: Urshifu|2\n|\n|-weather|RainDance|[upkeep]\n|upkeep\n|\n|t:|1700712403\n|switch|p2a: Charizard|Charizard, M|100\/100\n|turn|17\n|\n|t:|1700712419\n|detailschange|p2a: Charizard|Charizard-Mega-Y, M\n|-mega|p2a: Charizard|Charizard|Charizardite Y\n|-weather|SunnyDay|[from] ability: Drought|[of] p2a: Charizard\n|move|p1a: Greninja|Dark Pulse|p2a: Charizard\n|-damage|p2a: Charizard|45\/100\n|move|p2a: Charizard|Solar Beam||[still]\n|-prepare|p2a: Charizard|Solar Beam\n|-anim|p2a: Charizard|Solar Beam|p1a: Greninja\n|-supereffective|p1a: Greninja\n|-damage|p1a: Greninja|0 fnt\n|faint|p1a: Greninja\n|\n|-weather|SunnyDay|[upkeep]\n|upkeep\n|\n|t:|1700712433\n|switch|p1a: Nihilego|Nihilego, shiny, tera:Fire|60\/100\n|-damage|p1a: Nihilego|36\/100|[from] Stealth Rock\n|turn|18\n|\n|t:|1700712439\n|move|p1a: Nihilego|Sludge Wave|p2a: Charizard\n|-damage|p2a: Charizard|0 fnt\n|faint|p2a: Charizard\n|-ability|p1a: Nihilego|Beast Boost|boost\n|-boost|p1a: Nihilego|spe|1\n|\n|-weather|SunnyDay|[upkeep]\n|upkeep\n|\n|t:|1700712443\n|switch|p2a: Scizor|Scizor, M|6\/100\n|turn|19\n|\n|t:|1700712448\n|move|p2a: Scizor|Bullet Punch|p1a: Nihilego\n|-resisted|p1a: Nihilego\n|-damage|p1a: Nihilego|0 fnt\n|faint|p1a: Nihilego\n|\n|-weather|SunnyDay|[upkeep]\n|upkeep\n|\n|t:|1700712451\n|switch|p1a: Mimikyu|Mimikyu, M|100\/100\n|-damage|p1a: Mimikyu|88\/100|[from] Stealth Rock\n|turn|20\n|\n|t:|1700712455\n|move|p1a: Mimikyu|Shadow Sneak|p2a: Scizor\n|-damage|p2a: Scizor|0 fnt\n|faint|p2a: Scizor\n|-damage|p1a: Mimikyu|78\/100|[from] item: Life Orb\n|\n|-weather|SunnyDay|[upkeep]\n|upkeep\n|\n|t:|1700712456\n|switch|p2a: Volcarona|Volcarona, M|100\/100\n|turn|21\n|\n|t:|1700712466\n|move|p1a: Mimikyu|Shadow Claw|p2a: Volcarona\n|-damage|p2a: Volcarona|62\/100\n|-damage|p1a: Mimikyu|68\/100|[from] item: Life Orb\n|move|p2a: Volcarona|Quiver Dance|p2a: Volcarona\n|-boost|p2a: Volcarona|spa|1\n|-boost|p2a: Volcarona|spd|1\n|-boost|p2a: Volcarona|spe|1\n|\n|-weather|none\n|upkeep\n|turn|22\n|\n|t:|1700712476\n|move|p2a: Volcarona|Flamethrower|p1a: Mimikyu\n|-activate|p1a: Mimikyu|ability: Disguise\n|-damage|p1a: Mimikyu|68\/100\n|detailschange|p1a: Mimikyu|Mimikyu-Busted, M\n|-damage|p1a: Mimikyu|56\/100|[from] pokemon: Mimikyu-Busted\n|move|p1a: Mimikyu|Shadow Claw|p2a: Volcarona\n|-damage|p2a: Volcarona|26\/100\n|-damage|p1a: Mimikyu|46\/100|[from] item: Life Orb\n|\n|upkeep\n|turn|23\n|\n|t:|1700712487\n|move|p1a: Mimikyu|Shadow Sneak|p2a: Volcarona\n|-damage|p2a: Volcarona|5\/100\n|-damage|p1a: Mimikyu|36\/100|[from] item: Life Orb\n|move|p2a: Volcarona|Roost|p2a: Volcarona\n|-heal|p2a: Volcarona|55\/100\n|-singleturn|p2a: Volcarona|move: Roost\n|\n|upkeep\n|turn|24\n|\n|t:|1700712495\n|move|p2a: Volcarona|Roost|p2a: Volcarona\n|-heal|p2a: Volcarona|100\/100\n|-singleturn|p2a: Volcarona|move: Roost\n|move|p1a: Mimikyu|Shadow Claw|p2a: Volcarona\n|-crit|p2a: Volcarona\n|-damage|p2a: Volcarona|46\/100\n|-damage|p1a: Mimikyu|26\/100|[from] item: Life Orb\n|\n|upkeep\n|turn|25\n|\n|t:|1700712499\n|move|p2a: Volcarona|Roost|p2a: Volcarona\n|-heal|p2a: Volcarona|96\/100\n|-singleturn|p2a: Volcarona|move: Roost\n|move|p1a: Mimikyu|Shadow Claw|p2a: Volcarona\n|-damage|p2a: Volcarona|58\/100\n|-damage|p1a: Mimikyu|16\/100|[from] item: Life Orb\n|\n|upkeep\n|turn|26\n|\n|t:|1700712506\n|move|p2a: Volcarona|Giga Drain|p1a: Mimikyu\n|-damage|p1a: Mimikyu|0 fnt\n|-heal|p2a: Volcarona|64\/100|[from] drain|[of] p1a: Mimikyu\n|faint|p1a: Mimikyu\n|\n|upkeep\n|\n|t:|1700712509\n|switch|p1a: Dragonite|Dragonite, M|100\/100\n|-damage|p1a: Dragonite|76\/100|[from] Stealth Rock\n|turn|27\n|\n|t:|1700712513\n|move|p2a: Volcarona|Flamethrower|p1a: Dragonite\n|-resisted|p1a: Dragonite\n|-damage|p1a: Dragonite|42\/100\n|-status|p1a: Dragonite|brn\n|-zpower|p1a: Dragonite\n|move|p1a: Dragonite|Supersonic Skystrike|p2a: Volcarona|[zeffect]\n|-supereffective|p2a: Volcarona\n|-damage|p2a: Volcarona|0 fnt\n|faint|p2a: Volcarona\n|\n|win|bu wei chen chen\n|raw|bu wei chen chen's rating: 1406 &rarr; <strong>1429<\/strong><br \/>(+23 for winning)\n|raw|Patar136's rating: 1451 &rarr; <strong>1428<\/strong><br \/>(-23 for losing)\n|l|\u2606Patar136\n","uploadtime":1700712527,"views":6,"p1id":"buweichenchen","p2id":"patar136","formatid":"gen9nationaldex","rating":1428,"private":0,"password":""}