{"id":"gen9nationaldex-1996870915","p1":"crumplecrumpet","p2":"DANTAS-DARK","format":"[Gen 9] National Dex","log":"|html|<div class=\"broadcast-blue\"><strong>[Gen 9] National Dex is currently suspecting Sneasler! For information on how to participate check out the <a href=\"https:\/\/www.smogon.com\/forums\/threads\/sv-national-dex-suspect-8-just-dance.3731534\/\">suspect thread<\/a>.<\/strong><\/div>\n|j|\u2606crumplecrumpet\n|j|\u2606DANTAS-DARK\n|t:|1700738225\n|gametype|singles\n|player|p1|crumplecrumpet|1|1295\n|player|p2|DANTAS-DARK|silver|1216\n|teamsize|p1|6\n|teamsize|p2|6\n|gen|9\n|tier|[Gen 9] National Dex\n|rated|\n|rule|HP Percentage Mod: HP is shown in percentages\n|rule|Endless Battle Clause: Forcing endless battles is banned\n|rule|OHKO Clause: OHKO moves are banned\n|rule|Evasion Clause: Evasion abilities, items, and moves are banned\n|rule|Evasion Abilities Clause: Evasion abilities are banned\n|rule|Evasion Items Clause: Evasion items are banned\n|rule|Evasion Moves Clause: Evasion moves are banned\n|rule|Species Clause: Limit one of each Pok\u00e9mon\n|rule|Sleep Clause Mod: Limit one foe put to sleep\n|clearpoke\n|poke|p1|Slowking-Galar, M|\n|poke|p1|Slowbro, M|\n|poke|p1|Solosis, L1, F|\n|poke|p1|Tyranitar, M|\n|poke|p1|Marowak-Alola, M|\n|poke|p1|Appletun, F|\n|poke|p2|Tyranitar, F|\n|poke|p2|Grimmsnarl, M|\n|poke|p2|Moltres-Galar|\n|poke|p2|Greninja-*, M|\n|poke|p2|Hoopa-Unbound|\n|poke|p2|Meowscarada, F|\n|teampreview\n|inactive|Battle timer is ON: inactive players will automatically lose when time's up. (requested by DANTAS-DARK)\n|\n|t:|1700738240\n|start\n|switch|p1a: Tyranitar|Tyranitar, M|100\/100\n|switch|p2a: Grimmsnarl|Grimmsnarl, M|100\/100\n|-weather|Sandstorm|[from] ability: Sand Stream|[of] p1a: Tyranitar\n|turn|1\n|\n|t:|1700738250\n|move|p2a: Grimmsnarl|Reflect|p2a: Grimmsnarl\n|-sidestart|p2: DANTAS-DARK|Reflect\n|move|p1a: Tyranitar|Earthquake|p2a: Grimmsnarl\n|-damage|p2a: Grimmsnarl|80\/100\n|\n|-weather|Sandstorm|[upkeep]\n|-damage|p2a: Grimmsnarl|74\/100|[from] Sandstorm\n|upkeep\n|turn|2\n|\n|t:|1700738259\n|switch|p2a: Moltres|Moltres-Galar|100\/100\n|switch|p1a: Slowbro|Slowbro, M|100\/100\n|\n|-weather|Sandstorm|[upkeep]\n|-damage|p2a: Moltres|94\/100|[from] Sandstorm\n|-damage|p1a: Slowbro|94\/100|[from] Sandstorm\n|upkeep\n|turn|3\n|\n|t:|1700738267\n|detailschange|p1a: Slowbro|Slowbro-Mega, M\n|-mega|p1a: Slowbro|Slowbro|Slowbronite\n|move|p2a: Moltres|Agility|p2a: Moltres\n|-boost|p2a: Moltres|spe|2\n|move|p1a: Slowbro|Trick Room|p1a: Slowbro\n|-fieldstart|move: Trick Room|[of] p1a: Slowbro\n|\n|-weather|Sandstorm|[upkeep]\n|-damage|p1a: Slowbro|88\/100|[from] Sandstorm\n|-damage|p2a: Moltres|88\/100|[from] Sandstorm\n|upkeep\n|turn|4\n|\n|t:|1700738273\n|move|p1a: Slowbro|Scald|p2a: Moltres\n|-damage|p2a: Moltres|49\/100\n|-status|p2a: Moltres|brn\n|-ability|p2a: Moltres|Berserk|boost\n|-boost|p2a: Moltres|spa|1\n|-enditem|p2a: Moltres|Sitrus Berry|[eat]\n|-heal|p2a: Moltres|74\/100 brn|[from] item: Sitrus Berry\n|move|p2a: Moltres|Nasty Plot|p2a: Moltres\n|-boost|p2a: Moltres|spa|2\n|\n|-weather|Sandstorm|[upkeep]\n|-damage|p1a: Slowbro|82\/100|[from] Sandstorm\n|-damage|p2a: Moltres|67\/100 brn|[from] Sandstorm\n|-damage|p2a: Moltres|61\/100 brn|[from] brn\n|upkeep\n|turn|5\n|\n|t:|1700738276\n|switch|p1a: Tyranitar|Tyranitar, M|100\/100\n|-terastallize|p2a: Moltres|Steel\n|move|p2a: Moltres|Nasty Plot|p2a: Moltres\n|-boost|p2a: Moltres|spa|2\n|\n|-weather|none\n|-damage|p2a: Moltres|55\/100 brn|[from] brn\n|upkeep\n|turn|6\n|\n|t:|1700738298\n|move|p1a: Tyranitar|Earthquake|p2a: Moltres\n|-supereffective|p2a: Moltres\n|-damage|p2a: Moltres|12\/100 brn\n|-ability|p2a: Moltres|Berserk|boost\n|-boost|p2a: Moltres|spa|1\n|move|p2a: Moltres|Air Slash|p1a: Tyranitar\n|-resisted|p1a: Tyranitar\n|-damage|p1a: Tyranitar|65\/100\n|\n|-damage|p2a: Moltres|5\/100 brn|[from] brn\n|upkeep\n|turn|7\n|\n|t:|1700738303\n|move|p1a: Tyranitar|Pursuit|p2a: Moltres\n|-damage|p2a: Moltres|0 fnt\n|faint|p2a: Moltres\n|\n|-fieldend|move: Trick Room\n|upkeep\n|\n|t:|1700738312\n|switch|p2a: Meowscarada|Meowscarada, F|100\/100\n|turn|8\n|\n|t:|1700738325\n|switch|p1a: Slowking|Slowking-Galar, M|100\/100\n|move|p2a: Meowscarada|Flower Trick|p1a: Slowking\n|-start|p2a: Meowscarada|typechange|Grass|[from] ability: Protean\n|-resisted|p1a: Slowking\n|-crit|p1a: Slowking\n|-damage|p1a: Slowking|54\/100\n|-damage|p2a: Meowscarada|91\/100|[from] item: Life Orb\n|\n|-heal|p1a: Slowking|60\/100|[from] item: Leftovers\n|-sideend|p2: DANTAS-DARK|Reflect\n|upkeep\n|turn|9\n|\n|t:|1700738336\n|move|p2a: Meowscarada|Sucker Punch||[still]\n|-fail|p2a: Meowscarada\n|move|p1a: Slowking|Trick Room|p1a: Slowking\n|-fieldstart|move: Trick Room|[of] p1a: Slowking\n|\n|-heal|p1a: Slowking|66\/100|[from] item: Leftovers\n|upkeep\n|turn|10\n|\n|t:|1700738343\n|move|p2a: Meowscarada|Sucker Punch|p1a: Slowking\n|-supereffective|p1a: Slowking\n|-damage|p1a: Slowking|0 fnt\n|faint|p1a: Slowking\n|-damage|p2a: Meowscarada|81\/100|[from] item: Life Orb\n|\n|upkeep\n|\n|t:|1700738346\n|switch|p1a: Appletun|Appletun, F|100\/100\n|turn|11\n|inactive|DANTAS-DARK has 120 seconds left.\n|\n|t:|1700738392\n|-terastallize|p1a: Appletun|Fire\n|move|p1a: Appletun|Tera Blast|p2a: Meowscarada|[anim] Tera Blast Fire\n|-supereffective|p2a: Meowscarada\n|-damage|p2a: Meowscarada|0 fnt\n|faint|p2a: Meowscarada\n|\n|upkeep\n|\n|t:|1700738400\n|switch|p2a: Grimmsnarl|Grimmsnarl, M|74\/100\n|turn|12\n|\n|t:|1700738406\n|move|p2a: Grimmsnarl|Light Screen|p2a: Grimmsnarl\n|-sidestart|p2: DANTAS-DARK|move: Light Screen\n|move|p1a: Appletun|Tera Blast|p2a: Grimmsnarl|[anim] Tera Blast Fire\n|-damage|p2a: Grimmsnarl|59\/100\n|\n|upkeep\n|turn|13\n|inactive|DANTAS-DARK has 120 seconds left.\n|\n|t:|1700738416\n|move|p2a: Grimmsnarl|Parting Shot|p1a: Appletun\n|-unboost|p1a: Appletun|atk|1\n|-unboost|p1a: Appletun|spa|1\n|\n|t:|1700738418\n|switch|p2a: Tyranitar|Tyranitar, F|100\/100|[from] Parting Shot\n|-weather|Sandstorm|[from] ability: Sand Stream|[of] p2a: Tyranitar\n|move|p1a: Appletun|Gyro Ball|p2a: Tyranitar\n|-supereffective|p2a: Tyranitar\n|-damage|p2a: Tyranitar|76\/100\n|\n|-weather|Sandstorm|[upkeep]\n|-damage|p1a: Appletun|94\/100|[from] Sandstorm\n|-fieldend|move: Trick Room\n|upkeep\n|turn|14\n|\n|t:|1700738429\n|switch|p1a: Slowbro|Slowbro-Mega, M|82\/100\n|detailschange|p2a: Tyranitar|Tyranitar-Mega, F\n|-mega|p2a: Tyranitar|Tyranitar|Tyranitarite\n|move|p2a: Tyranitar|Dragon Dance|p2a: Tyranitar\n|-boost|p2a: Tyranitar|atk|1\n|-boost|p2a: Tyranitar|spe|1\n|\n|-weather|Sandstorm|[upkeep]\n|-damage|p1a: Slowbro|76\/100|[from] Sandstorm\n|upkeep\n|turn|15\n|\n|t:|1700738433\n|move|p2a: Tyranitar|Dragon Dance|p2a: Tyranitar\n|-boost|p2a: Tyranitar|atk|1\n|-boost|p2a: Tyranitar|spe|1\n|move|p1a: Slowbro|Trick Room|p1a: Slowbro\n|-fieldstart|move: Trick Room|[of] p1a: Slowbro\n|\n|-weather|Sandstorm|[upkeep]\n|-damage|p1a: Slowbro|70\/100|[from] Sandstorm\n|upkeep\n|turn|16\n|\n|t:|1700738438\n|move|p1a: Slowbro|Body Press|p2a: Tyranitar\n|-supereffective|p2a: Tyranitar\n|-damage|p2a: Tyranitar|0 fnt\n|faint|p2a: Tyranitar\n|\n|-weather|Sandstorm|[upkeep]\n|-damage|p1a: Slowbro|64\/100|[from] Sandstorm\n|upkeep\n|\n|t:|1700738443\n|switch|p2a: Hoopa|Hoopa-Unbound|100\/100\n|turn|17\n|\n|t:|1700738448\n|move|p1a: Slowbro|Body Press|p2a: Hoopa\n|-damage|p2a: Hoopa|34\/100\n|move|p2a: Hoopa|Hyperspace Fury|p1a: Slowbro\n|-supereffective|p1a: Slowbro\n|-damage|p1a: Slowbro|4\/100\n|-unboost|p2a: Hoopa|def|1\n|\n|-weather|none\n|upkeep\n|turn|18\n|\n|t:|1700738460\n|move|p1a: Slowbro|Body Press|p2a: Hoopa\n|-damage|p2a: Hoopa|0 fnt\n|faint|p2a: Hoopa\n|\n|upkeep\n|\n|t:|1700738462\n|switch|p2a: Grimmsnarl|Grimmsnarl, M|59\/100\n|turn|19\n|\n|t:|1700738466\n|move|p2a: Grimmsnarl|Taunt|p1a: Slowbro\n|-start|p1a: Slowbro|move: Taunt\n|move|p1a: Slowbro|Body Press|p2a: Grimmsnarl\n|-damage|p2a: Grimmsnarl|21\/100\n|\n|-sideend|p2: DANTAS-DARK|move: Light Screen\n|-fieldend|move: Trick Room\n|upkeep\n|turn|20\n|\n|t:|1700738473\n|move|p2a: Grimmsnarl|Reflect|p2a: Grimmsnarl\n|-sidestart|p2: DANTAS-DARK|Reflect\n|move|p1a: Slowbro|Body Press|p2a: Grimmsnarl\n|-damage|p2a: Grimmsnarl|1\/100\n|\n|upkeep\n|turn|21\n|\n|t:|1700738476\n|move|p2a: Grimmsnarl|Light Screen|p2a: Grimmsnarl\n|-sidestart|p2: DANTAS-DARK|move: Light Screen\n|move|p1a: Slowbro|Body Press|p2a: Grimmsnarl\n|-damage|p2a: Grimmsnarl|0 fnt\n|faint|p2a: Grimmsnarl\n|\n|-end|p1a: Slowbro|move: Taunt\n|upkeep\n|\n|t:|1700738478\n|switch|p2a: Greninja|Greninja, M|100\/100\n|turn|22\n|\n|t:|1700738481\n|move|p2a: Greninja|Dark Pulse|p1a: Slowbro\n|-supereffective|p1a: Slowbro\n|-damage|p1a: Slowbro|0 fnt\n|faint|p1a: Slowbro\n|-ability|p2a: Greninja|Battle Bond|boost\n|-boost|p2a: Greninja|atk|1\n|-boost|p2a: Greninja|spa|1\n|-boost|p2a: Greninja|spe|1\n|-activate|p2a: Greninja|ability: Battle Bond\n|\n|upkeep\n|\n|t:|1700738484\n|switch|p1a: Solosis|Solosis, L1, F|100\/100\n|turn|23\n|\n|t:|1700738487\n|move|p2a: Greninja|Dark Pulse|p1a: Solosis\n|-supereffective|p1a: Solosis\n|-enditem|p1a: Solosis|Focus Sash\n|-damage|p1a: Solosis|9\/100\n|move|p1a: Solosis|Trick Room|p1a: Solosis\n|-fieldstart|move: Trick Room|[of] p1a: Solosis\n|\n|upkeep\n|turn|24\n|\n|t:|1700738492\n|move|p1a: Solosis|Endeavor|p2a: Greninja\n|-damage|p2a: Greninja|1\/100\n|move|p2a: Greninja|Dark Pulse|p1a: Solosis\n|-supereffective|p1a: Solosis\n|-damage|p1a: Solosis|0 fnt\n|faint|p1a: Solosis\n|\n|upkeep\n|\n|t:|1700738497\n|switch|p1a: Tyranitar|Tyranitar, M|65\/100\n|-weather|Sandstorm|[from] ability: Sand Stream|[of] p1a: Tyranitar\n|turn|25\n|\n|t:|1700738503\n|move|p1a: Tyranitar|Pursuit|p2a: Greninja\n|-resisted|p2a: Greninja\n|-damage|p2a: Greninja|0 fnt\n|faint|p2a: Greninja\n|\n|win|crumplecrumpet\n|raw|crumplecrumpet's rating: 1295 &rarr; <strong>1314<\/strong><br \/>(+19 for winning)\n|raw|DANTAS-DARK's rating: 1216 &rarr; <strong>1197<\/strong><br \/>(-19 for losing)\n|l|\u2606DANTAS-DARK\n","uploadtime":1700738511,"views":1,"p1id":"crumplecrumpet","p2id":"dantasdark","formatid":"gen9nationaldex","rating":1197,"private":0,"password":""}