{"id":"gen9nationaldex-1999491106","p1":"Fantastic Mr Chef","p2":"pmJZS","format":"[Gen 9] National Dex","log":"|html|<div class=\"broadcast-blue\"><strong>[Gen 9] National Dex is currently suspecting Sneasler! For information on how to participate check out the <a href=\"https:\/\/www.smogon.com\/forums\/threads\/sv-national-dex-suspect-8-just-dance.3731534\/\">suspect thread<\/a>.<\/strong><\/div>\n|j|\u2606Fantastic Mr Chef\n|j|\u2606pmJZS\n|t:|1701088392\n|gametype|singles\n|player|p1|Fantastic Mr Chef|265|1350\n|player|p2|pmJZS|colress|1366\n|teamsize|p1|6\n|teamsize|p2|6\n|gen|9\n|tier|[Gen 9] National Dex\n|rated|\n|rule|HP Percentage Mod: HP is shown in percentages\n|rule|Endless Battle Clause: Forcing endless battles is banned\n|rule|OHKO Clause: OHKO moves are banned\n|rule|Evasion Clause: Evasion abilities, items, and moves are banned\n|rule|Evasion Abilities Clause: Evasion abilities are banned\n|rule|Evasion Items Clause: Evasion items are banned\n|rule|Evasion Moves Clause: Evasion moves are banned\n|rule|Species Clause: Limit one of each Pok\u00e9mon\n|rule|Sleep Clause Mod: Limit one foe put to sleep\n|clearpoke\n|poke|p1|Pelipper, F|\n|poke|p1|Kingdra, F|\n|poke|p1|Tapu Koko|\n|poke|p1|Slowking-Galar, F|\n|poke|p1|Tangrowth, M|\n|poke|p1|Gyarados, F|\n|poke|p2|Serperior, F|\n|poke|p2|Mawile, F|\n|poke|p2|Victini|\n|poke|p2|Sneasler, M|\n|poke|p2|Tapu Koko|\n|poke|p2|Landorus-Therian, M|\n|teampreview\n|inactive|Battle timer is ON: inactive players will automatically lose when time's up. (requested by pmJZS)\n|\n|t:|1701088428\n|start\n|switch|p1a: Pelipper|Pelipper, F|100\/100\n|switch|p2a: \u571f\u732b|Landorus-Therian, M|100\/100\n|-ability|p2a: \u571f\u732b|Intimidate|boost\n|-unboost|p1a: Pelipper|atk|1\n|-weather|RainDance|[from] ability: Drizzle|[of] p1a: Pelipper\n|turn|1\n|\n|t:|1701088435\n|move|p2a: \u571f\u732b|Stealth Rock|p1a: Pelipper\n|-sidestart|p1: Fantastic Mr Chef|move: Stealth Rock\n|move|p1a: Pelipper|U-turn|p2a: \u571f\u732b\n|-resisted|p2a: \u571f\u732b\n|-damage|p2a: \u571f\u732b|98\/100\n|-damage|p1a: Pelipper|84\/100|[from] item: Rocky Helmet|[of] p2a: \u571f\u732b\n|\n|t:|1701088440\n|switch|p1a: Kingdra|Kingdra, F|100\/100|[from] U-turn\n|-damage|p1a: Kingdra|88\/100|[from] Stealth Rock\n|\n|-weather|RainDance|[upkeep]\n|upkeep\n|turn|2\n|\n|t:|1701088459\n|switch|p2a: \u53cc\u9a6c\u5c3e|Mawile, F, shiny|100\/100\n|-ability|p2a: \u53cc\u9a6c\u5c3e|Intimidate|boost\n|-unboost|p1a: Kingdra|atk|1\n|-terastallize|p1a: Kingdra|Water\n|move|p1a: Kingdra|Surf|p2a: \u53cc\u9a6c\u5c3e\n|-damage|p2a: \u53cc\u9a6c\u5c3e|0 fnt\n|faint|p2a: \u53cc\u9a6c\u5c3e\n|\n|-weather|RainDance|[upkeep]\n|upkeep\n|c|\u2606Fantastic Mr Chef|kingdra is the goat\n|\n|t:|1701088473\n|switch|p2a: \u95ea\u7535\u9e1f|Tapu Koko|100\/100\n|-fieldstart|move: Electric Terrain|[from] ability: Electric Surge|[of] p2a: \u95ea\u7535\u9e1f\n|turn|3\n|\n|t:|1701088479\n|move|p1a: Kingdra|Surf|p2a: \u95ea\u7535\u9e1f\n|-damage|p2a: \u95ea\u7535\u9e1f|0 fnt\n|faint|p2a: \u95ea\u7535\u9e1f\n|\n|-weather|RainDance|[upkeep]\n|upkeep\n|\n|t:|1701088493\n|switch|p2a: \u5927\u732b\u54aa|Sneasler, M|100\/100\n|-enditem|p2a: \u5927\u732b\u54aa|Electric Seed\n|-boost|p2a: \u5927\u732b\u54aa|def|1|[from] item: Electric Seed\n|turn|4\n|\n|t:|1701088505\n|move|p2a: \u5927\u732b\u54aa|Close Combat|p1a: Kingdra\n|-damage|p1a: Kingdra|0 fnt\n|-unboost|p2a: \u5927\u732b\u54aa|def|1\n|-unboost|p2a: \u5927\u732b\u54aa|spd|1\n|faint|p1a: Kingdra\n|\n|-weather|RainDance|[upkeep]\n|upkeep\n|inactive|Fantastic Mr Chef has 120 seconds left.\n|\n|t:|1701088546\n|switch|p1a: Tangrowth|Tangrowth, M|100\/100\n|-damage|p1a: Tangrowth|88\/100|[from] Stealth Rock\n|turn|5\n|\n|t:|1701088554\n|move|p2a: \u5927\u732b\u54aa|Dire Claw|p1a: Tangrowth\n|-supereffective|p1a: Tangrowth\n|-damage|p1a: Tangrowth|38\/100\n|-damage|p2a: \u5927\u732b\u54aa|84\/100|[from] item: Rocky Helmet|[of] p1a: Tangrowth\n|move|p1a: Tangrowth|Toxic|p2a: \u5927\u732b\u54aa\n|-immune|p2a: \u5927\u732b\u54aa\n|\n|-weather|RainDance|[upkeep]\n|upkeep\n|turn|6\n|\n|t:|1701088567\n|switch|p1a: Gyarados|Gyarados, F|100\/100\n|-damage|p1a: Gyarados|76\/100|[from] Stealth Rock\n|-ability|p1a: Gyarados|Intimidate|boost\n|-unboost|p2a: \u5927\u732b\u54aa|atk|1\n|move|p2a: \u5927\u732b\u54aa|Dire Claw|p1a: Gyarados\n|-damage|p1a: Gyarados|40\/100\n|\n|-weather|RainDance|[upkeep]\n|upkeep\n|turn|7\n|\n|t:|1701088578\n|switch|p2a: \u571f\u732b|Landorus-Therian, M|98\/100\n|-ability|p2a: \u571f\u732b|Intimidate|boost\n|-unboost|p1a: Gyarados|atk|1\n|detailschange|p1a: Gyarados|Gyarados-Mega, F\n|-mega|p1a: Gyarados|Gyarados|Gyaradosite\n|-ability|p1a: Gyarados|Mold Breaker\n|move|p1a: Gyarados|Earthquake|p2a: \u571f\u732b\n|-immune|p2a: \u571f\u732b\n|\n|-weather|RainDance|[upkeep]\n|-fieldend|move: Electric Terrain\n|upkeep\n|turn|8\n|\n|t:|1701088593\n|move|p1a: Gyarados|Waterfall|p2a: \u571f\u732b\n|-supereffective|p2a: \u571f\u732b\n|-damage|p2a: \u571f\u732b|20\/100\n|-damage|p1a: Gyarados|23\/100|[from] item: Rocky Helmet|[of] p2a: \u571f\u732b\n|cant|p2a: \u571f\u732b|flinch\n|\n|-weather|none\n|upkeep\n|turn|9\n|\n|t:|1701088606\n|move|p1a: Gyarados|Dragon Dance|p1a: Gyarados\n|-boost|p1a: Gyarados|atk|1\n|-boost|p1a: Gyarados|spe|1\n|move|p2a: \u571f\u732b|U-turn|p1a: Gyarados\n|-supereffective|p1a: Gyarados\n|-damage|p1a: Gyarados|0 fnt\n|faint|p1a: Gyarados\n|\n|t:|1701088616\n|switch|p2a: \u86c7\u86c7|Serperior, F|100\/100|[from] U-turn\n|\n|upkeep\n|\n|t:|1701088620\n|switch|p1a: Slowking|Slowking-Galar, F|100\/100\n|-damage|p1a: Slowking|88\/100|[from] Stealth Rock\n|turn|10\n|inactive|Fantastic Mr Chef has 120 seconds left.\n|\n|t:|1701088625\n|move|p2a: \u86c7\u86c7|Glare|p1a: Slowking\n|-status|p1a: Slowking|par\n|move|p1a: Slowking|Flamethrower|p2a: \u86c7\u86c7\n|-supereffective|p2a: \u86c7\u86c7\n|-damage|p2a: \u86c7\u86c7|22\/100\n|\n|-heal|p2a: \u86c7\u86c7|29\/100|[from] item: Leftovers\n|upkeep\n|turn|11\n|\n|t:|1701088644\n|move|p2a: \u86c7\u86c7|Substitute|p2a: \u86c7\u86c7\n|-start|p2a: \u86c7\u86c7|Substitute\n|-damage|p2a: \u86c7\u86c7|4\/100\n|cant|p1a: Slowking|par\n|\n|-heal|p2a: \u86c7\u86c7|10\/100|[from] item: Leftovers\n|upkeep\n|turn|12\n|inactive|Fantastic Mr Chef has 120 seconds left.\n|\n|t:|1701088678\n|move|p2a: \u86c7\u86c7|Leaf Storm|p1a: Slowking\n|-resisted|p1a: Slowking\n|-damage|p1a: Slowking|76\/100 par\n|-boost|p2a: \u86c7\u86c7|spa|2\n|move|p1a: Slowking|Future Sight|p2a: \u86c7\u86c7\n|-start|p1a: Slowking|move: Future Sight\n|\n|-heal|p2a: \u86c7\u86c7|16\/100|[from] item: Leftovers\n|upkeep\n|turn|13\n|\n|t:|1701088694\n|move|p2a: \u86c7\u86c7|Leaf Storm|p1a: Slowking\n|-resisted|p1a: Slowking\n|-damage|p1a: Slowking|54\/100 par\n|-boost|p2a: \u86c7\u86c7|spa|2\n|move|p1a: Slowking|Sludge Bomb|p2a: \u86c7\u86c7\n|-supereffective|p2a: \u86c7\u86c7\n|-end|p2a: \u86c7\u86c7|Substitute\n|\n|-heal|p2a: \u86c7\u86c7|22\/100|[from] item: Leftovers\n|upkeep\n|turn|14\n|\n|t:|1701088711\n|move|p2a: \u86c7\u86c7|Hidden Power|p1a: Slowking\n|-damage|p1a: Slowking|32\/100 par\n|cant|p1a: Slowking|par\n|\n|-end|p2a: \u86c7\u86c7|move: Future Sight\n|-crit|p2a: \u86c7\u86c7\n|-damage|p2a: \u86c7\u86c7|0 fnt\n|faint|p2a: \u86c7\u86c7\n|upkeep\n|\n|t:|1701088723\n|switch|p2a: \u571f\u732b|Landorus-Therian, M|20\/100\n|-ability|p2a: \u571f\u732b|Intimidate|boost\n|-unboost|p1a: Slowking|atk|1\n|turn|15\n|inactive|Fantastic Mr Chef has 120 seconds left.\n|\n|t:|1701088729\n|switch|p1a: Pelipper|Pelipper, F|84\/100\n|-damage|p1a: Pelipper|59\/100|[from] Stealth Rock\n|-weather|RainDance|[from] ability: Drizzle|[of] p1a: Pelipper\n|move|p2a: \u571f\u732b|Earthquake|p1a: Pelipper\n|-immune|p1a: Pelipper\n|\n|-weather|RainDance|[upkeep]\n|upkeep\n|turn|16\n|\n|t:|1701088743\n|move|p2a: \u571f\u732b|Hidden Power|p1a: Pelipper\n|-damage|p1a: Pelipper|42\/100\n|move|p1a: Pelipper|Hurricane|p2a: \u571f\u732b\n|-damage|p2a: \u571f\u732b|0 fnt\n|faint|p2a: \u571f\u732b\n|\n|-weather|RainDance|[upkeep]\n|upkeep\n|\n|t:|1701088751\n|switch|p2a: \u80dc\u5229\u4e4b\u661f|Victini|100\/100\n|turn|17\n|\n|t:|1701088765\n|-zpower|p2a: \u80dc\u5229\u4e4b\u661f\n|move|p2a: \u80dc\u5229\u4e4b\u661f|Z-Celebrate|p2a: \u80dc\u5229\u4e4b\u661f|[anim]Celebrate\n|-boost|p2a: \u80dc\u5229\u4e4b\u661f|atk|1|[zeffect]\n|-boost|p2a: \u80dc\u5229\u4e4b\u661f|def|1|[zeffect]\n|-boost|p2a: \u80dc\u5229\u4e4b\u661f|spa|1|[zeffect]\n|-boost|p2a: \u80dc\u5229\u4e4b\u661f|spd|1|[zeffect]\n|-boost|p2a: \u80dc\u5229\u4e4b\u661f|spe|1|[zeffect]\n|-activate|p2a: \u80dc\u5229\u4e4b\u661f|move: Celebrate\n|move|p1a: Pelipper|Roost|p1a: Pelipper\n|-heal|p1a: Pelipper|92\/100\n|-singleturn|p1a: Pelipper|move: Roost\n|\n|-weather|RainDance|[upkeep]\n|upkeep\n|turn|18\n|\n|t:|1701088783\n|move|p2a: \u80dc\u5229\u4e4b\u661f|Stored Power|p1a: Pelipper\n|-damage|p1a: Pelipper|0 fnt\n|faint|p1a: Pelipper\n|\n|-weather|RainDance|[upkeep]\n|upkeep\n|\n|t:|1701088787\n|switch|p1a: Tapu Koko|Tapu Koko|100\/100\n|-damage|p1a: Tapu Koko|88\/100|[from] Stealth Rock\n|-fieldstart|move: Electric Terrain|[from] ability: Electric Surge|[of] p1a: Tapu Koko\n|turn|19\n|\n|t:|1701088803\n|move|p2a: \u80dc\u5229\u4e4b\u661f|Stored Power|p1a: Tapu Koko\n|-damage|p1a: Tapu Koko|0 fnt\n|faint|p1a: Tapu Koko\n|\n|-weather|RainDance|[upkeep]\n|upkeep\n|\n|t:|1701088809\n|switch|p1a: Slowking|Slowking-Galar, F|65\/100 par\n|-damage|p1a: Slowking|53\/100 par|[from] Stealth Rock\n|turn|20\n|\n|t:|1701088818\n|switch|p1a: Tangrowth|Tangrowth, M|71\/100\n|-damage|p1a: Tangrowth|58\/100|[from] Stealth Rock\n|move|p2a: \u80dc\u5229\u4e4b\u661f|Stored Power|p1a: Tangrowth\n|-damage|p1a: Tangrowth|0 fnt\n|faint|p1a: Tangrowth\n|\n|-weather|RainDance|[upkeep]\n|upkeep\n|\n|t:|1701088826\n|switch|p1a: Slowking|Slowking-Galar, F|86\/100 par\n|-damage|p1a: Slowking|73\/100 par|[from] Stealth Rock\n|turn|21\n|\n|t:|1701088831\n|move|p2a: \u80dc\u5229\u4e4b\u661f|Stored Power|p1a: Slowking\n|-damage|p1a: Slowking|29\/100 par\n|move|p1a: Slowking|Sludge Bomb|p2a: \u80dc\u5229\u4e4b\u661f\n|-damage|p2a: \u80dc\u5229\u4e4b\u661f|71\/100\n|\n|-weather|RainDance|[upkeep]\n|upkeep\n|turn|22\n|\n|t:|1701088838\n|move|p2a: \u80dc\u5229\u4e4b\u661f|Stored Power|p1a: Slowking\n|-damage|p1a: Slowking|0 fnt\n|faint|p1a: Slowking\n|\n|win|pmJZS\n|raw|Fantastic Mr Chef's rating: 1350 &rarr; <strong>1331<\/strong><br \/>(-19 for losing)\n|raw|pmJZS's rating: 1366 &rarr; <strong>1385<\/strong><br \/>(+19 for winning)\n|l|\u2606Fantastic Mr Chef\n","uploadtime":1701088850,"views":1,"p1id":"fantasticmrchef","p2id":"pmjzs","formatid":"gen9nationaldex","rating":1331,"private":0,"password":""}