{"id":"gen9nationaldex-1998442843","p1":"Th3K1ng123","p2":"CapNTyreezy","format":"[Gen 9] National Dex","log":"|html|<div class=\"broadcast-blue\"><strong>[Gen 9] National Dex is currently suspecting Sneasler! For information on how to participate check out the <a href=\"https:\/\/www.smogon.com\/forums\/threads\/sv-national-dex-suspect-8-just-dance.3731534\/\">suspect thread<\/a>.<\/strong><\/div>\n|j|\u2606Th3K1ng123\n|j|\u2606CapNTyreezy\n|t:|1700942842\n|gametype|singles\n|player|p1|Th3K1ng123|turo|1233\n|player|p2|CapNTyreezy|lucas|1214\n|teamsize|p1|6\n|teamsize|p2|6\n|gen|9\n|tier|[Gen 9] National Dex\n|rated|\n|rule|HP Percentage Mod: HP is shown in percentages\n|rule|Endless Battle Clause: Forcing endless battles is banned\n|rule|OHKO Clause: OHKO moves are banned\n|rule|Evasion Clause: Evasion abilities, items, and moves are banned\n|rule|Evasion Abilities Clause: Evasion abilities are banned\n|rule|Evasion Items Clause: Evasion items are banned\n|rule|Evasion Moves Clause: Evasion moves are banned\n|rule|Species Clause: Limit one of each Pok\u00e9mon\n|rule|Sleep Clause Mod: Limit one foe put to sleep\n|clearpoke\n|poke|p1|Lopunny, F|\n|poke|p1|Gardevoir, F|\n|poke|p1|Lilligant-Hisui, F|\n|poke|p1|Vaporeon, F|\n|poke|p1|Tsareena, F|\n|poke|p1|Iron Valiant|\n|poke|p2|Pelipper, M|\n|poke|p2|Politoed, F|\n|poke|p2|Kabutops, M|\n|poke|p2|Swampert, M|\n|poke|p2|Ludicolo, M|\n|poke|p2|Kingdra, M|\n|teampreview\n|inactive|Battle timer is ON: inactive players will automatically lose when time's up. (requested by Th3K1ng123)\n|c|\u2606Th3K1ng123|back to back rain team users lol\n|c|\u2606CapNTyreezy|Dude I'm sorry lol\n|\n|t:|1700942868\n|start\n|switch|p1a: Nesquik|Lopunny, F, shiny|100\/100\n|switch|p2a: Pelipper|Pelipper, M|100\/100\n|-weather|RainDance|[from] ability: Drizzle|[of] p2a: Pelipper\n|turn|1\n|\n|t:|1700942875\n|detailschange|p1a: Nesquik|Lopunny-Mega, F, shiny\n|-mega|p1a: Nesquik|Lopunny|Lopunnite\n|move|p1a: Nesquik|Fake Out|p2a: Pelipper\n|-damage|p2a: Pelipper|73\/100\n|cant|p2a: Pelipper|flinch\n|\n|-weather|RainDance|[upkeep]\n|upkeep\n|turn|2\n|c|\u2606Th3K1ng123|all g lol, they're popular nowadays\n|\n|t:|1700942893\n|switch|p2a: Ludicolo|Ludicolo, M|100\/100\n|move|p1a: Nesquik|Frustration|p2a: Ludicolo\n|-damage|p2a: Ludicolo|15\/100\n|\n|-weather|RainDance|[upkeep]\n|-heal|p2a: Ludicolo|21\/100|[from] item: Leftovers\n|upkeep\n|turn|3\n|\n|t:|1700942906\n|switch|p1a: Dem Legs Tho|Tsareena, F, shiny|100\/100\n|move|p2a: Ludicolo|Fake Out||[still]\n|cant|p1a: Dem Legs Tho|ability: Queenly Majesty|Fake Out|[of] p2a: Ludicolo\n|\n|-weather|RainDance|[upkeep]\n|-heal|p2a: Ludicolo|27\/100|[from] item: Leftovers\n|upkeep\n|turn|4\n|\n|t:|1700942915\n|move|p2a: Ludicolo|Ice Beam|p1a: Dem Legs Tho\n|-supereffective|p1a: Dem Legs Tho\n|-damage|p1a: Dem Legs Tho|31\/100\n|move|p1a: Dem Legs Tho|Rapid Spin|p2a: Ludicolo\n|-damage|p2a: Ludicolo|0 fnt\n|-boost|p1a: Dem Legs Tho|spe|1\n|faint|p2a: Ludicolo\n|\n|-weather|RainDance|[upkeep]\n|upkeep\n|\n|t:|1700942920\n|switch|p2a: Kingdra|Kingdra, M|100\/100\n|turn|5\n|\n|t:|1700942928\n|move|p2a: Kingdra|Ice Beam|p1a: Dem Legs Tho\n|-supereffective|p1a: Dem Legs Tho\n|-damage|p1a: Dem Legs Tho|0 fnt\n|faint|p1a: Dem Legs Tho\n|\n|-weather|RainDance|[upkeep]\n|upkeep\n|\n|t:|1700942936\n|switch|p1a: Serene|Gardevoir, F, shiny|100\/100\n|turn|6\n|\n|t:|1700942943\n|switch|p2a: Politoed|Politoed, F|100\/100\n|move|p1a: Serene|Calm Mind|p1a: Serene\n|-boost|p1a: Serene|spa|1\n|-boost|p1a: Serene|spd|1\n|\n|-weather|RainDance|[upkeep]\n|upkeep\n|turn|7\n|\n|t:|1700942950\n|move|p1a: Serene|Moonblast|p2a: Politoed\n|-damage|p2a: Politoed|52\/100\n|-unboost|p2a: Politoed|spa|1\n|move|p2a: Politoed|Haze|p2a: Politoed\n|-clearallboost\n|\n|-weather|RainDance|[upkeep]\n|upkeep\n|turn|8\n|\n|t:|1700942958\n|move|p1a: Serene|Moonblast|p2a: Politoed\n|-damage|p2a: Politoed|18\/100\n|move|p2a: Politoed|Toxic|p1a: Serene|[miss]\n|-miss|p2a: Politoed|p1a: Serene\n|\n|-weather|none\n|upkeep\n|turn|9\n|\n|t:|1700942965\n|switch|p2a: Pelipper|Pelipper, M|73\/100\n|-weather|RainDance|[from] ability: Drizzle|[of] p2a: Pelipper\n|move|p1a: Serene|Moonblast|p2a: Pelipper\n|-damage|p2a: Pelipper|6\/100\n|\n|-weather|RainDance|[upkeep]\n|upkeep\n|turn|10\n|\n|t:|1700942974\n|switch|p2a: Swampert|Swampert, M|100\/100\n|move|p1a: Serene|Moonblast|p2a: Swampert\n|-damage|p2a: Swampert|67\/100\n|-unboost|p2a: Swampert|spa|1\n|\n|-weather|RainDance|[upkeep]\n|upkeep\n|turn|11\n|\n|t:|1700942984\n|detailschange|p2a: Swampert|Swampert-Mega, M\n|-mega|p2a: Swampert|Swampert|Swampertite\n|move|p2a: Swampert|Aqua Tail|p1a: Serene\n|-damage|p1a: Serene|24\/100\n|-damage|p2a: Swampert|50\/100|[from] item: Rocky Helmet|[of] p1a: Serene\n|move|p1a: Serene|Wish|p1a: Serene\n|\n|-weather|RainDance|[upkeep]\n|upkeep\n|turn|12\n|\n|t:|1700942991\n|move|p1a: Serene|Protect|p1a: Serene\n|-singleturn|p1a: Serene|Protect\n|move|p2a: Swampert|Aqua Tail|p1a: Serene\n|-activate|p1a: Serene|move: Protect\n|\n|-weather|RainDance|[upkeep]\n|-heal|p1a: Serene|74\/100|[from] move: Wish|[wisher] Serene\n|upkeep\n|turn|13\n|\n|t:|1700942999\n|switch|p1a: If You Know|Vaporeon, F, shiny|100\/100\n|move|p2a: Swampert|Aqua Tail|p1a: If You Know\n|-immune|p1a: If You Know|[from] ability: Water Absorb\n|\n|-weather|RainDance|[upkeep]\n|upkeep\n|turn|14\n|\n|t:|1700943008\n|move|p2a: Swampert|Earthquake|p1a: If You Know\n|-damage|p1a: If You Know|50\/100\n|move|p1a: If You Know|Toxic|p2a: Swampert\n|-status|p2a: Swampert|tox\n|\n|-weather|RainDance|[upkeep]\n|-heal|p1a: If You Know|57\/100|[from] item: Leftovers\n|-damage|p2a: Swampert|44\/100 tox|[from] psn\n|upkeep\n|turn|15\n|\n|t:|1700943017\n|move|p1a: If You Know|Protect|p1a: If You Know\n|-singleturn|p1a: If You Know|Protect\n|move|p2a: Swampert|Earthquake|p1a: If You Know\n|-activate|p1a: If You Know|move: Protect\n|\n|-weather|RainDance|[upkeep]\n|-heal|p1a: If You Know|63\/100|[from] item: Leftovers\n|-damage|p2a: Swampert|32\/100 tox|[from] psn\n|upkeep\n|turn|16\n|\n|t:|1700943027\n|switch|p2a: Pelipper|Pelipper, M|6\/100\n|switch|p1a: Lilly|Lilligant-Hisui, F, shiny|100\/100\n|\n|-weather|none\n|upkeep\n|turn|17\n|\n|t:|1700943034\n|switch|p2a: Politoed|Politoed, F|18\/100\n|-weather|RainDance|[from] ability: Drizzle|[of] p2a: Politoed\n|move|p1a: Lilly|Leaf Blade|p2a: Politoed\n|-supereffective|p2a: Politoed\n|-damage|p2a: Politoed|0 fnt\n|faint|p2a: Politoed\n|\n|-weather|RainDance|[upkeep]\n|upkeep\n|\n|t:|1700943037\n|switch|p2a: Kabutops|Kabutops, M|100\/100\n|turn|18\n|\n|t:|1700943048\n|switch|p1a: Serene|Gardevoir, F, shiny|74\/100\n|move|p2a: Kabutops|Swords Dance|p2a: Kabutops\n|-boost|p2a: Kabutops|atk|2\n|\n|-weather|RainDance|[upkeep]\n|upkeep\n|turn|19\n|\n|t:|1700943056\n|move|p2a: Kabutops|Leech Life|p1a: Serene\n|-damage|p1a: Serene|18\/100\n|-damage|p2a: Kabutops|84\/100|[from] item: Rocky Helmet|[of] p1a: Serene\n|move|p1a: Serene|Moonblast|p2a: Kabutops\n|-damage|p2a: Kabutops|13\/100\n|\n|-weather|RainDance|[upkeep]\n|upkeep\n|turn|20\n|\n|t:|1700943065\n|move|p2a: Kabutops|Aqua Jet|p1a: Serene\n|-damage|p1a: Serene|0 fnt\n|-damage|p2a: Kabutops|0 fnt|[from] item: Rocky Helmet|[of] p1a: Serene\n|faint|p1a: Serene\n|faint|p2a: Kabutops\n|\n|-weather|RainDance|[upkeep]\n|upkeep\n|\n|t:|1700943077\n|switch|p2a: Kingdra|Kingdra, M|100\/100\n|switch|p1a: Nesquik|Lopunny-Mega, F, shiny|100\/100\n|turn|21\n|\n|t:|1700943087\n|move|p1a: Nesquik|Fake Out|p2a: Kingdra\n|-crit|p2a: Kingdra\n|-damage|p2a: Kingdra|58\/100\n|cant|p2a: Kingdra|flinch\n|\n|-weather|RainDance|[upkeep]\n|upkeep\n|turn|22\n|\n|t:|1700943101\n|switch|p1a: If You Know|Vaporeon, F, shiny|63\/100\n|move|p2a: Kingdra|Draco Meteor|p1a: If You Know\n|-damage|p1a: If You Know|0 fnt\n|-unboost|p2a: Kingdra|spa|2\n|faint|p1a: If You Know\n|\n|-weather|RainDance|[upkeep]\n|upkeep\n|\n|t:|1700943119\n|switch|p1a: Guardian|Iron Valiant, shiny|100\/100\n|-enditem|p1a: Guardian|Booster Energy\n|-activate|p1a: Guardian|ability: Quark Drive|[fromitem]\n|-start|p1a: Guardian|quarkdrivespe\n|turn|23\n|\n|t:|1700943129\n|switch|p2a: Swampert|Swampert-Mega, M|32\/100 tox\n|move|p1a: Guardian|Moonblast|p2a: Swampert\n|-damage|p2a: Swampert|0 fnt\n|faint|p2a: Swampert\n|\n|-weather|RainDance|[upkeep]\n|upkeep\n|\n|t:|1700943131\n|switch|p2a: Kingdra|Kingdra, M|58\/100\n|turn|24\n|\n|t:|1700943141\n|-terastallize|p1a: Guardian|Steel\n|move|p1a: Guardian|Moonblast|p2a: Kingdra\n|-supereffective|p2a: Kingdra\n|-damage|p2a: Kingdra|0 fnt\n|faint|p2a: Kingdra\n|\n|-weather|none\n|upkeep\n|c|\u2606CapNTyreezy|Gg bro\n|c|\u2606Th3K1ng123|ggs\n|-message|CapNTyreezy forfeited.\n|\n|win|Th3K1ng123\n|raw|Th3K1ng123's rating: 1233 &rarr; <strong>1257<\/strong><br \/>(+24 for winning)\n|raw|CapNTyreezy's rating: 1214 &rarr; <strong>1190<\/strong><br \/>(-24 for losing)\n|l|\u2606CapNTyreezy\n","uploadtime":1700943159,"views":2,"p1id":"th3k1ng123","p2id":"capntyreezy","formatid":"gen9nationaldex","rating":1190,"private":0,"password":""}