{"id":"gen9nationaldex-1991155368","p1":"not real bri'ish","p2":"runeatest","format":"[Gen 9] National Dex","log":"|j|\u2606not real bri'ish\n|j|\u2606runeatest\n|t:|1700051158\n|gametype|singles\n|player|p1|not real bri'ish|drayden|1044\n|player|p2|runeatest|fisherman-gen4|1151\n|teamsize|p1|6\n|teamsize|p2|6\n|gen|9\n|tier|[Gen 9] National Dex\n|rated|\n|rule|HP Percentage Mod: HP is shown in percentages\n|rule|Endless Battle Clause: Forcing endless battles is banned\n|rule|OHKO Clause: OHKO moves are banned\n|rule|Evasion Clause: Evasion abilities, items, and moves are banned\n|rule|Evasion Abilities Clause: Evasion abilities are banned\n|rule|Evasion Items Clause: Evasion items are banned\n|rule|Evasion Moves Clause: Evasion moves are banned\n|rule|Species Clause: Limit one of each Pok\u00e9mon\n|rule|Sleep Clause Mod: Limit one foe put to sleep\n|clearpoke\n|poke|p1|Sirfetch\u2019d, M|\n|poke|p1|Garganacl, M|\n|poke|p1|Buzzwole|\n|poke|p1|Xurkitree|\n|poke|p1|Tapu Koko|\n|poke|p1|Sceptile, F|\n|poke|p2|Glaceon, M|\n|poke|p2|Flygon, M|\n|poke|p2|Emolga, M|\n|poke|p2|Marowak-Alola, M|\n|poke|p2|Sirfetch\u2019d, M|\n|poke|p2|Lapras, M|\n|teampreview\n|c|\u2606not real bri'ish|glhf\n|inactive|Battle timer is ON: inactive players will automatically lose when time's up. (requested by not real bri'ish)\n|j| kradishes\n|\n|t:|1700051191\n|start\n|switch|p1a: bri'ish mosquito|Buzzwole|100\/100\n|switch|p2a: Marowak|Marowak-Alola, M|100\/100\n|turn|1\n|c| kradishes|not the bri\u2019ish mosquito\n|\n|t:|1700051209\n|move|p1a: bri'ish mosquito|Body Slam|p2a: Marowak\n|-immune|p2a: Marowak\n|move|p2a: Marowak|Flare Blitz|p1a: bri'ish mosquito\n|-supereffective|p1a: bri'ish mosquito\n|-damage|p1a: bri'ish mosquito|0 fnt\n|faint|p1a: bri'ish mosquito\n|\n|upkeep\n|c|\u2606not real bri'ish|im dumb\n|\n|t:|1700051222\n|switch|p1a: bri'ish bird|Tapu Koko|100\/100\n|-fieldstart|move: Electric Terrain|[from] ability: Electric Surge|[of] p1a: bri'ish bird\n|turn|2\n|c| kradishes|and then it clicks body slam into ghost\n|c| kradishes|such bri\u2019ish behavior\n|l| kradishes\n|inactive|not real bri'ish has 120 seconds left.\n|\n|t:|1700051258\n|move|p1a: bri'ish bird|Dazzling Gleam|p2a: Marowak\n|-resisted|p2a: Marowak\n|-damage|p2a: Marowak|79\/100\n|move|p2a: Marowak|Bonemerang|p1a: bri'ish bird\n|-supereffective|p1a: bri'ish bird\n|-damage|p1a: bri'ish bird|19\/100\n|-supereffective|p1a: bri'ish bird\n|-damage|p1a: bri'ish bird|0 fnt\n|faint|p1a: bri'ish bird\n|-hitcount|p1: bri'ish bird|2\n|\n|upkeep\n|inactive|not real bri'ish has 90 seconds left.\n|\n|t:|1700051292\n|switch|p1a: bri'ish plant|Sceptile, F|100\/100\n|turn|3\n|\n|t:|1700051299\n|detailschange|p1a: bri'ish plant|Sceptile-Mega, F\n|-mega|p1a: bri'ish plant|Sceptile|Sceptilite\n|move|p1a: bri'ish plant|Energy Ball|p2a: Marowak\n|-resisted|p2a: Marowak\n|-damage|p2a: Marowak|43\/100\n|move|p2a: Marowak|Flare Blitz|p1a: bri'ish plant\n|-damage|p1a: bri'ish plant|0 fnt\n|faint|p1a: bri'ish plant\n|\n|upkeep\n|inactive|not real bri'ish has 90 seconds left.\n|\n|t:|1700051316\n|switch|p1a: bri'ish salt|Garganacl, M|100\/100\n|turn|4\n|\n|t:|1700051329\n|move|p2a: Marowak|Bonemerang|p1a: bri'ish salt\n|-supereffective|p1a: bri'ish salt\n|-damage|p1a: bri'ish salt|64\/100\n|-supereffective|p1a: bri'ish salt\n|-damage|p1a: bri'ish salt|26\/100\n|-hitcount|p1a: bri'ish salt|2\n|move|p1a: bri'ish salt|Earthquake|p2a: Marowak\n|-supereffective|p2a: Marowak\n|-damage|p2a: Marowak|0 fnt\n|faint|p2a: Marowak\n|\n|upkeep\n|\n|t:|1700051340\n|switch|p2a: Lapras|Lapras, M|100\/100\n|turn|5\n|inactive|not real bri'ish has 90 seconds left.\n|\n|t:|1700051346\n|move|p2a: Lapras|Sparkling Aria|p1a: bri'ish salt\n|-supereffective|p1a: bri'ish salt\n|-damage|p1a: bri'ish salt|0 fnt\n|faint|p1a: bri'ish salt\n|\n|upkeep\n|inactive|not real bri'ish has 90 seconds left.\n|\n|t:|1700051351\n|switch|p1a: bri'ish wire|Xurkitree|100\/100\n|turn|6\n|\n|t:|1700051355\n|switch|p2a: Emolga|Emolga, M|100\/100\n|-terastallize|p1a: bri'ish wire|Electric\n|move|p1a: bri'ish wire|Discharge|p2a: Emolga\n|-ability|p2a: Emolga|Motor Drive|boost\n|-boost|p2a: Emolga|spe|1\n|\n|upkeep\n|turn|7\n|\n|t:|1700051363\n|switch|p1a: bri'ish duelist|Sirfetch\u2019d, M|100\/100\n|move|p2a: Emolga|Thunderbolt|p1a: bri'ish duelist\n|-damage|p1a: bri'ish duelist|58\/100\n|\n|upkeep\n|turn|8\n|\n|t:|1700051381\n|move|p2a: Emolga|Air Slash|p1a: bri'ish duelist\n|-supereffective|p1a: bri'ish duelist\n|-damage|p1a: bri'ish duelist|0 fnt\n|faint|p1a: bri'ish duelist\n|\n|upkeep\n|c|\u2606not real bri'ish|gg\n|\n|t:|1700051388\n|switch|p1a: bri'ish wire|Xurkitree, tera:Electric|100\/100\n|turn|9\n|\n|t:|1700051403\n|move|p2a: Emolga|Thunderbolt|p1a: bri'ish wire\n|-resisted|p1a: bri'ish wire\n|-damage|p1a: bri'ish wire|74\/100\n|move|p1a: bri'ish wire|Dazzling Gleam|p2a: Emolga\n|-damage|p2a: Emolga|3\/100\n|\n|-fieldend|move: Electric Terrain\n|upkeep\n|turn|10\n|c|\u2606not real bri'ish|or not?\n|\n|t:|1700051412\n|move|p2a: Emolga|Thunderbolt|p1a: bri'ish wire\n|-resisted|p1a: bri'ish wire\n|-damage|p1a: bri'ish wire|48\/100\n|move|p1a: bri'ish wire|Dazzling Gleam|p2a: Emolga\n|-damage|p2a: Emolga|0 fnt\n|faint|p2a: Emolga\n|-ability|p1a: bri'ish wire|Beast Boost|boost\n|-boost|p1a: bri'ish wire|spa|1\n|\n|upkeep\n|\n|t:|1700051421\n|switch|p2a: Flygon|Flygon, M|100\/100\n|turn|11\n|\n|t:|1700051425\n|move|p2a: Flygon|Earthquake|p1a: bri'ish wire\n|-supereffective|p1a: bri'ish wire\n|-damage|p1a: bri'ish wire|0 fnt\n|faint|p1a: bri'ish wire\n|\n|win|runeatest\n|raw|not real bri&apos;ish's rating: 1044 &rarr; <strong>1032<\/strong><br \/>(-12 for losing)\n|raw|runeatest's rating: 1151 &rarr; <strong>1169<\/strong><br \/>(+18 for winning)\n|c|\u2606not real bri'ish|gg\n|l|\u2606not real bri'ish\n","uploadtime":1700051434,"views":4,"p1id":"notrealbriish","p2id":"runeatest","formatid":"gen9nationaldex","rating":1032,"private":0,"password":""}