{"id":"gen9nationaldex-1995997005","p1":"Starwarier","p2":"vipfrfr","format":"[Gen 9] National Dex","log":"|html|<div class=\"broadcast-blue\"><strong>[Gen 9] National Dex is currently suspecting Sneasler! For information on how to participate check out the <a href=\"https:\/\/www.smogon.com\/forums\/threads\/sv-national-dex-suspect-8-just-dance.3731534\/\">suspect thread<\/a>.<\/strong><\/div>\n|j|\u2606Starwarier\n|j|\u2606vipfrfr\n|t:|1700627035\n|gametype|singles\n|player|p1|Starwarier|265|1178\n|player|p2|vipfrfr|pokekid|1100\n|teamsize|p1|6\n|teamsize|p2|6\n|gen|9\n|tier|[Gen 9] National Dex\n|rated|\n|rule|HP Percentage Mod: HP is shown in percentages\n|rule|Endless Battle Clause: Forcing endless battles is banned\n|rule|OHKO Clause: OHKO moves are banned\n|rule|Evasion Clause: Evasion abilities, items, and moves are banned\n|rule|Evasion Abilities Clause: Evasion abilities are banned\n|rule|Evasion Items Clause: Evasion items are banned\n|rule|Evasion Moves Clause: Evasion moves are banned\n|rule|Species Clause: Limit one of each Pok\u00e9mon\n|rule|Sleep Clause Mod: Limit one foe put to sleep\n|clearpoke\n|poke|p1|Ceruledge, F|\n|poke|p1|Serperior, M|\n|poke|p1|Greninja-*, M|\n|poke|p1|Espeon, F|\n|poke|p1|Scizor, F|\n|poke|p1|Gliscor, F|\n|poke|p2|Toxapex, M|\n|poke|p2|Charizard, M|\n|poke|p2|Scizor, F|\n|poke|p2|Gengar, M|\n|poke|p2|Gardevoir, M|\n|poke|p2|Greninja-*, M|\n|teampreview\n|inactive|Battle timer is ON: inactive players will automatically lose when time's up. (requested by Starwarier)\n|\n|t:|1700627058\n|start\n|switch|p1a: Espeon|Espeon, F|100\/100\n|switch|p2a: Greninja|Greninja, M|100\/100\n|turn|1\n|\n|t:|1700627066\n|move|p1a: Espeon|Light Screen|p1a: Espeon\n|-sidestart|p1: Starwarier|move: Light Screen\n|move|p2a: Greninja|Dark Pulse|p1a: Espeon\n|-supereffective|p1a: Espeon\n|-damage|p1a: Espeon|50\/100\n|\n|upkeep\n|turn|2\n|\n|t:|1700627073\n|move|p1a: Espeon|Reflect|p1a: Espeon\n|-sidestart|p1: Starwarier|Reflect\n|move|p2a: Greninja|Dark Pulse|p1a: Espeon\n|-supereffective|p1a: Espeon\n|-damage|p1a: Espeon|0 fnt\n|faint|p1a: Espeon\n|-ability|p2a: Greninja|Battle Bond|boost\n|-boost|p2a: Greninja|atk|1\n|-boost|p2a: Greninja|spa|1\n|-boost|p2a: Greninja|spe|1\n|-activate|p2a: Greninja|ability: Battle Bond\n|\n|upkeep\n|\n|t:|1700627088\n|switch|p1a: Serperior|Serperior, M|100\/100\n|turn|3\n|\n|t:|1700627092\n|-terastallize|p1a: Serperior|Grass\n|move|p2a: Greninja|Ice Beam|p1a: Serperior\n|-supereffective|p1a: Serperior\n|-damage|p1a: Serperior|43\/100\n|move|p1a: Serperior|Leaf Storm|p2a: Greninja\n|-supereffective|p2a: Greninja\n|-damage|p2a: Greninja|0 fnt\n|-boost|p1a: Serperior|spa|2\n|faint|p2a: Greninja\n|\n|upkeep\n|\n|t:|1700627098\n|switch|p2a: Charizard|Charizard, M|100\/100\n|turn|4\n|\n|t:|1700627105\n|detailschange|p2a: Charizard|Charizard-Mega-X, M\n|-mega|p2a: Charizard|Charizard|Charizardite X\n|move|p1a: Serperior|Hidden Power|p2a: Charizard\n|-supereffective|p2a: Charizard\n|-damage|p2a: Charizard|27\/100\n|move|p2a: Charizard|Dragon Dance|p2a: Charizard\n|-boost|p2a: Charizard|atk|1\n|-boost|p2a: Charizard|spe|1\n|\n|upkeep\n|turn|5\n|\n|t:|1700627114\n|move|p2a: Charizard|Fire Punch|p1a: Serperior\n|-supereffective|p1a: Serperior\n|-damage|p1a: Serperior|0 fnt\n|faint|p1a: Serperior\n|\n|upkeep\n|\n|t:|1700627119\n|switch|p1a: Greninja|Greninja, M|100\/100\n|turn|6\n|\n|t:|1700627124\n|move|p2a: Charizard|Thunder Punch|p1a: Greninja\n|-supereffective|p1a: Greninja\n|-damage|p1a: Greninja|0 fnt\n|faint|p1a: Greninja\n|\n|upkeep\n|\n|t:|1700627128\n|switch|p1a: Gliscor|Gliscor, F|100\/100\n|turn|7\n|\n|t:|1700627136\n|move|p2a: Charizard|Dragon Claw|p1a: Gliscor\n|-damage|p1a: Gliscor|67\/100\n|move|p1a: Gliscor|Earthquake|p2a: Charizard\n|-supereffective|p2a: Charizard\n|-damage|p2a: Charizard|0 fnt\n|faint|p2a: Charizard\n|\n|-status|p1a: Gliscor|tox|[from] item: Toxic Orb\n|upkeep\n|\n|t:|1700627148\n|switch|p2a: Toxapex|Toxapex, M|100\/100\n|turn|8\n|\n|t:|1700627152\n|move|p1a: Gliscor|Roost|p1a: Gliscor\n|-heal|p1a: Gliscor|100\/100 tox\n|-singleturn|p1a: Gliscor|move: Roost\n|move|p2a: Toxapex|Toxic Spikes|p1a: Gliscor\n|-sidestart|p1: Starwarier|move: Toxic Spikes\n|\n|-sideend|p1: Starwarier|move: Light Screen\n|upkeep\n|turn|9\n|\n|t:|1700627160\n|move|p1a: Gliscor|Swords Dance|p1a: Gliscor\n|-boost|p1a: Gliscor|atk|2\n|move|p2a: Toxapex|Toxic Spikes|p1a: Gliscor\n|-sidestart|p1: Starwarier|move: Toxic Spikes\n|\n|-sideend|p1: Starwarier|Reflect\n|upkeep\n|turn|10\n|\n|t:|1700627167\n|move|p1a: Gliscor|Swords Dance|p1a: Gliscor\n|-boost|p1a: Gliscor|atk|2\n|move|p2a: Toxapex|Ice Beam|p1a: Gliscor\n|-supereffective|p1a: Gliscor\n|-damage|p1a: Gliscor|56\/100 tox\n|\n|-heal|p1a: Gliscor|69\/100 tox|[from] ability: Poison Heal\n|upkeep\n|turn|11\n|\n|t:|1700627176\n|move|p1a: Gliscor|Earthquake|p2a: Toxapex\n|-supereffective|p2a: Toxapex\n|-damage|p2a: Toxapex|0 fnt\n|faint|p2a: Toxapex\n|\n|-heal|p1a: Gliscor|81\/100 tox|[from] ability: Poison Heal\n|upkeep\n|\n|t:|1700627192\n|switch|p2a: Gardevoir|Gardevoir, M|100\/100\n|turn|12\n|\n|t:|1700627204\n|-terastallize|p2a: Gardevoir|Psychic\n|move|p2a: Gardevoir|Psychic|p1a: Gliscor\n|-damage|p1a: Gliscor|5\/100 tox\n|-damage|p2a: Gardevoir|91\/100|[from] item: Life Orb\n|move|p1a: Gliscor|Facade|p2a: Gardevoir\n|-damage|p2a: Gardevoir|0 fnt\n|faint|p2a: Gardevoir\n|\n|-heal|p1a: Gliscor|18\/100 tox|[from] ability: Poison Heal\n|upkeep\n|\n|t:|1700627213\n|switch|p2a: Gengar|Gengar, M|100\/100\n|turn|13\n|\n|t:|1700627218\n|move|p2a: Gengar|Sludge Bomb|p1a: Gliscor\n|-resisted|p1a: Gliscor\n|-damage|p1a: Gliscor|0 fnt\n|faint|p1a: Gliscor\n|-damage|p2a: Gengar|91\/100|[from] item: Life Orb\n|\n|upkeep\n|\n|t:|1700627222\n|switch|p1a: Ceruledge|Ceruledge, F|100\/100\n|-status|p1a: Ceruledge|tox\n|turn|14\n|\n|t:|1700627230\n|move|p1a: Ceruledge|Endure|p1a: Ceruledge\n|-singleturn|p1a: Ceruledge|move: Endure\n|move|p2a: Gengar|Dark Pulse|p1a: Ceruledge\n|-supereffective|p1a: Ceruledge\n|-damage|p1a: Ceruledge|20\/100 tox\n|-enditem|p1a: Ceruledge|Weakness Policy\n|-boost|p1a: Ceruledge|atk|2|[from] item: Weakness Policy\n|-boost|p1a: Ceruledge|spa|2|[from] item: Weakness Policy\n|-damage|p2a: Gengar|81\/100|[from] item: Life Orb\n|\n|-damage|p1a: Ceruledge|14\/100 tox|[from] psn\n|upkeep\n|turn|15\n|\n|t:|1700627238\n|move|p2a: Gengar|Dark Pulse|p1a: Ceruledge\n|-supereffective|p1a: Ceruledge\n|-damage|p1a: Ceruledge|0 fnt\n|faint|p1a: Ceruledge\n|-damage|p2a: Gengar|71\/100|[from] item: Life Orb\n|\n|upkeep\n|\n|t:|1700627241\n|switch|p1a: Scizor|Scizor, F|100\/100\n|turn|16\n|\n|t:|1700627248\n|detailschange|p1a: Scizor|Scizor-Mega, F\n|-mega|p1a: Scizor|Scizor|Scizorite\n|move|p2a: Gengar|Shadow Ball|p1a: Scizor\n|-damage|p1a: Scizor|56\/100\n|-damage|p2a: Gengar|61\/100|[from] item: Life Orb\n|move|p1a: Scizor|Swords Dance|p1a: Scizor\n|-boost|p1a: Scizor|atk|2\n|\n|upkeep\n|turn|17\n|\n|t:|1700627264\n|move|p2a: Gengar|Shadow Ball|p1a: Scizor\n|-damage|p1a: Scizor|14\/100\n|-damage|p2a: Gengar|51\/100|[from] item: Life Orb\n|move|p1a: Scizor|Knock Off|p2a: Gengar\n|-supereffective|p2a: Gengar\n|-damage|p2a: Gengar|0 fnt\n|-start|p1a: Scizor|Disable|Knock Off|[from] ability: Cursed Body|[of] p2a: Gengar\n|-enditem|p2a: Gengar|Life Orb|[from] move: Knock Off|[of] p1a: Scizor\n|faint|p2a: Gengar\n|\n|upkeep\n|\n|t:|1700627268\n|switch|p2a: Scizor|Scizor, F|100\/100\n|turn|18\n|\n|t:|1700627275\n|move|p2a: Scizor|Bullet Punch|p1a: Scizor\n|-resisted|p1a: Scizor\n|-damage|p1a: Scizor|4\/100\n|move|p1a: Scizor|Roost|p1a: Scizor\n|-heal|p1a: Scizor|54\/100\n|-singleturn|p1a: Scizor|move: Roost\n|\n|upkeep\n|turn|19\n|\n|t:|1700627287\n|move|p2a: Scizor|Aerial Ace|p1a: Scizor\n|-damage|p1a: Scizor|32\/100\n|move|p1a: Scizor|Roost|p1a: Scizor\n|-heal|p1a: Scizor|82\/100\n|-singleturn|p1a: Scizor|move: Roost\n|\n|upkeep\n|turn|20\n|\n|t:|1700627294\n|move|p2a: Scizor|Aerial Ace|p1a: Scizor\n|-damage|p1a: Scizor|61\/100\n|move|p1a: Scizor|Swords Dance|p1a: Scizor\n|-boost|p1a: Scizor|atk|2\n|\n|-end|p1a: Scizor|Disable\n|upkeep\n|turn|21\n|\n|t:|1700627298\n|move|p2a: Scizor|Swords Dance|p2a: Scizor\n|-boost|p2a: Scizor|atk|2\n|move|p1a: Scizor|Roost|p1a: Scizor\n|-heal|p1a: Scizor|100\/100\n|-singleturn|p1a: Scizor|move: Roost\n|\n|upkeep\n|turn|22\n|\n|t:|1700627305\n|move|p2a: Scizor|Aerial Ace|p1a: Scizor\n|-damage|p1a: Scizor|54\/100\n|move|p1a: Scizor|Knock Off|p2a: Scizor\n|-damage|p2a: Scizor|0 fnt\n|-enditem|p2a: Scizor|Leftovers|[from] move: Knock Off|[of] p1a: Scizor\n|faint|p2a: Scizor\n|\n|win|Starwarier\n|raw|Starwarier's rating: 1178 &rarr; <strong>1197<\/strong><br \/>(+19 for winning)\n|raw|vipfrfr's rating: 1100 &rarr; <strong>1081<\/strong><br \/>(-19 for losing)\n|l|\u2606vipfrfr\n","uploadtime":1700627315,"views":1,"p1id":"starwarier","p2id":"vipfrfr","formatid":"gen9nationaldex","rating":1081,"private":0,"password":""}