{"id":"gen9nationaldex-1997639531","p1":"shfeha","p2":"crazyliy","format":"[Gen 9] National Dex","log":"|html|<div class=\"broadcast-blue\"><strong>[Gen 9] National Dex is currently suspecting Sneasler! For information on how to participate check out the <a href=\"https:\/\/www.smogon.com\/forums\/threads\/sv-national-dex-suspect-8-just-dance.3731534\/\">suspect thread<\/a>.<\/strong><\/div>\n|j|\u2606shfeha\n|j|\u2606crazyliy\n|t:|1700836267\n|gametype|singles\n|player|p1|shfeha|li|1172\n|player|p2|crazyliy|sage|1155\n|teamsize|p1|6\n|teamsize|p2|6\n|gen|9\n|tier|[Gen 9] National Dex\n|rated|\n|rule|HP Percentage Mod: HP is shown in percentages\n|rule|Endless Battle Clause: Forcing endless battles is banned\n|rule|OHKO Clause: OHKO moves are banned\n|rule|Evasion Clause: Evasion abilities, items, and moves are banned\n|rule|Evasion Abilities Clause: Evasion abilities are banned\n|rule|Evasion Items Clause: Evasion items are banned\n|rule|Evasion Moves Clause: Evasion moves are banned\n|rule|Species Clause: Limit one of each Pok\u00e9mon\n|rule|Sleep Clause Mod: Limit one foe put to sleep\n|clearpoke\n|poke|p1|Durant, M|\n|poke|p1|Absol, M|\n|poke|p1|Tapu Koko|\n|poke|p1|Hydreigon, M|\n|poke|p1|Relicanth, M|\n|poke|p1|Victini|\n|poke|p2|Volcarona, F|\n|poke|p2|Jirachi|\n|poke|p2|Grimmsnarl, M|\n|poke|p2|Great Tusk|\n|poke|p2|Ditto|\n|poke|p2|Charizard, F|\n|teampreview\n|inactive|Battle timer is ON: inactive players will automatically lose when time's up. (requested by shfeha)\n|\n|t:|1700836277\n|start\n|switch|p1a: Relicanth|Relicanth, M, shiny|100\/100\n|switch|p2a: Grimmsnarl|Grimmsnarl, M|100\/100\n|turn|1\n|\n|t:|1700836289\n|move|p2a: Grimmsnarl|Taunt|p1a: Relicanth\n|-start|p1a: Relicanth|move: Taunt\n|cant|p1a: Relicanth|move: Taunt|Stealth Rock\n|\n|upkeep\n|turn|2\n|\n|t:|1700836295\n|move|p2a: Grimmsnarl|Light Screen|p2a: Grimmsnarl\n|-sidestart|p2: crazyliy|move: Light Screen\n|move|p1a: Relicanth|Aqua Tail|p2a: Grimmsnarl\n|-crit|p2a: Grimmsnarl\n|-damage|p2a: Grimmsnarl|27\/100\n|\n|upkeep\n|turn|3\n|\n|t:|1700836301\n|move|p2a: Grimmsnarl|Reflect|p2a: Grimmsnarl\n|-sidestart|p2: crazyliy|Reflect\n|move|p1a: Relicanth|Aqua Tail|p2a: Grimmsnarl\n|-damage|p2a: Grimmsnarl|3\/100\n|\n|-end|p1a: Relicanth|move: Taunt\n|upkeep\n|turn|4\n|\n|t:|1700836311\n|move|p2a: Grimmsnarl|Parting Shot|p1a: Relicanth\n|-unboost|p1a: Relicanth|atk|1\n|-unboost|p1a: Relicanth|spa|1\n|\n|t:|1700836329\n|switch|p2a: Jirachi|Jirachi, shiny|100\/100|[from] Parting Shot\n|move|p1a: Relicanth|Aqua Tail|p2a: Jirachi\n|-damage|p2a: Jirachi|86\/100\n|\n|upkeep\n|turn|5\n|\n|t:|1700836355\n|switch|p1a: Victini|Victini|100\/100\n|-zpower|p2a: Jirachi\n|move|p2a: Jirachi|Z-Happy Hour|p2a: Jirachi|[anim]Happy Hour\n|-boost|p2a: Jirachi|atk|1|[zeffect]\n|-boost|p2a: Jirachi|def|1|[zeffect]\n|-boost|p2a: Jirachi|spa|1|[zeffect]\n|-boost|p2a: Jirachi|spd|1|[zeffect]\n|-boost|p2a: Jirachi|spe|1|[zeffect]\n|\n|upkeep\n|turn|6\n|\n|t:|1700836371\n|move|p2a: Jirachi|Thunderbolt|p1a: Victini\n|-damage|p1a: Victini|64\/100\n|-zpower|p1a: Victini\n|move|p1a: Victini|Z-Celebrate|p1a: Victini|[anim]Celebrate\n|-boost|p1a: Victini|atk|1|[zeffect]\n|-boost|p1a: Victini|def|1|[zeffect]\n|-boost|p1a: Victini|spa|1|[zeffect]\n|-boost|p1a: Victini|spd|1|[zeffect]\n|-boost|p1a: Victini|spe|1|[zeffect]\n|-activate|p1a: Victini|move: Celebrate\n|\n|upkeep\n|turn|7\n|\n|t:|1700836387\n|switch|p2a: Grimmsnarl|Grimmsnarl, M|3\/100\n|move|p1a: Victini|Searing Shot|p2a: Grimmsnarl\n|-damage|p2a: Grimmsnarl|0 fnt\n|faint|p2a: Grimmsnarl\n|\n|upkeep\n|\n|t:|1700836393\n|switch|p2a: Ditto|Ditto|100\/100\n|-transform|p2a: Ditto|p1a: Victini|[from] ability: Imposter\n|turn|8\n|inactive|crazyliy has 120 seconds left.\n|\n|t:|1700836415\n|move|p2a: Ditto|Focus Blast|p1a: Victini\n|-resisted|p1a: Victini\n|-damage|p1a: Victini|48\/100\n|move|p1a: Victini|Searing Shot|p2a: Ditto\n|-resisted|p2a: Ditto\n|-crit|p2a: Ditto\n|-damage|p2a: Ditto|42\/100\n|\n|upkeep\n|turn|9\n|inactive|crazyliy has 120 seconds left.\n|\n|t:|1700836428\n|switch|p2a: Great Tusk|Great Tusk|100\/100\n|move|p1a: Victini|Searing Shot|p2a: Great Tusk\n|-damage|p2a: Great Tusk|55\/100\n|-status|p2a: Great Tusk|brn\n|\n|-heal|p2a: Great Tusk|61\/100 brn|[from] item: Leftovers\n|-damage|p2a: Great Tusk|55\/100 brn|[from] brn\n|-sideend|p2: crazyliy|move: Light Screen\n|upkeep\n|turn|10\n|inactive|crazyliy has 120 seconds left.\n|\n|t:|1700836438\n|move|p1a: Victini|Psychic|p2a: Great Tusk\n|-supereffective|p2a: Great Tusk\n|-damage|p2a: Great Tusk|0 fnt\n|faint|p2a: Great Tusk\n|-end|p2a: Great Tusk|Protosynthesis|[silent]\n|\n|-sideend|p2: crazyliy|Reflect\n|upkeep\n|inactive|crazyliy has 120 seconds left.\n|\n|t:|1700836446\n|switch|p2a: Volcarona|Volcarona, F|100\/100\n|turn|11\n|\n|t:|1700836450\n|move|p1a: Victini|Searing Shot|p2a: Volcarona\n|-damage|p2a: Volcarona|35\/100\n|move|p2a: Volcarona|Quiver Dance|p2a: Volcarona\n|-boost|p2a: Volcarona|spa|1\n|-boost|p2a: Volcarona|spd|1\n|-boost|p2a: Volcarona|spe|1\n|\n|upkeep\n|turn|12\n|\n|t:|1700836459\n|move|p1a: Victini|Searing Shot|p2a: Volcarona\n|-damage|p2a: Volcarona|0 fnt\n|faint|p2a: Volcarona\n|\n|upkeep\n|-message|crazyliy forfeited.\n|\n|win|shfeha\n|raw|shfeha's rating: 1172 &rarr; <strong>1196<\/strong><br \/>(+24 for winning)\n|raw|crazyliy's rating: 1155 &rarr; <strong>1131<\/strong><br \/>(-24 for losing)\n|l|\u2606crazyliy\n","uploadtime":1700836471,"views":2,"p1id":"shfeha","p2id":"crazyliy","formatid":"gen9nationaldex","rating":1131,"private":0,"password":""}