{"id":"gen9nationaldex-1987417666","p1":"Square K","p2":"xuxiansheng","format":"[Gen 9] National Dex","log":"|j|\u2606Square K\n|j|\u2606xuxiansheng\n|t:|1699588682\n|gametype|singles\n|player|p1|Square K|chuck|1475\n|player|p2|xuxiansheng|candice|1393\n|teamsize|p1|6\n|teamsize|p2|6\n|gen|9\n|tier|[Gen 9] National Dex\n|rated|\n|rule|HP Percentage Mod: HP is shown in percentages\n|rule|Endless Battle Clause: Forcing endless battles is banned\n|rule|OHKO Clause: OHKO moves are banned\n|rule|Evasion Clause: Evasion abilities, items, and moves are banned\n|rule|Evasion Abilities Clause: Evasion abilities are banned\n|rule|Evasion Items Clause: Evasion items are banned\n|rule|Evasion Moves Clause: Evasion moves are banned\n|rule|Species Clause: Limit one of each Pok\u00e9mon\n|rule|Sleep Clause Mod: Limit one foe put to sleep\n|clearpoke\n|poke|p1|Landorus-Therian, M|\n|poke|p1|Heatran, F|\n|poke|p1|Clodsire, F|\n|poke|p1|Lopunny, F|\n|poke|p1|Urshifu-*, F|\n|poke|p1|Corviknight, F|\n|poke|p2|Ogerpon-Wellspring, F|\n|poke|p2|Lopunny, F|\n|poke|p2|Landorus-Therian, M|\n|poke|p2|Magnezone|\n|poke|p2|Tapu Lele|\n|poke|p2|Sneasler, M|\n|teampreview\n|inactive|Battle timer is ON: inactive players will automatically lose when time's up. (requested by xuxiansheng)\n|\n|t:|1699588700\n|start\n|switch|p1a: \u95ea\u5149\u7684\u5f17\u83b1\u4ec0|Lopunny, F, shiny|100\/100\n|switch|p2a: Tapu Lele|Tapu Lele|100\/100\n|-fieldstart|move: Psychic Terrain|[from] ability: Psychic Surge|[of] p2a: Tapu Lele\n|turn|1\n|\n|t:|1699588713\n|switch|p1a: \u91d1\u5c5e\u9a91\u58eb|Heatran, F|100\/100\n|move|p2a: Tapu Lele|Moonblast|p1a: \u91d1\u5c5e\u9a91\u58eb\n|-resisted|p1a: \u91d1\u5c5e\u9a91\u58eb\n|-damage|p1a: \u91d1\u5c5e\u9a91\u58eb|91\/100\n|\n|-heal|p1a: \u91d1\u5c5e\u9a91\u58eb|97\/100|[from] item: Leftovers\n|upkeep\n|turn|2\n|\n|t:|1699588727\n|switch|p2a: Landorus|Landorus-Therian, M|100\/100\n|-ability|p2a: Landorus|Intimidate|boost\n|-unboost|p1a: \u91d1\u5c5e\u9a91\u58eb|atk|1\n|move|p1a: \u91d1\u5c5e\u9a91\u58eb|Heat Wave|p2a: Landorus\n|-damage|p2a: Landorus|41\/100\n|\n|-heal|p1a: \u91d1\u5c5e\u9a91\u58eb|100\/100|[from] item: Leftovers\n|upkeep\n|turn|3\n|\n|t:|1699588735\n|-terastallize|p1a: \u91d1\u5c5e\u9a91\u58eb|Grass\n|move|p2a: Landorus|Earthquake|p1a: \u91d1\u5c5e\u9a91\u58eb\n|-resisted|p1a: \u91d1\u5c5e\u9a91\u58eb\n|-damage|p1a: \u91d1\u5c5e\u9a91\u58eb|80\/100\n|move|p1a: \u91d1\u5c5e\u9a91\u58eb|Heat Wave|p2a: Landorus\n|-damage|p2a: Landorus|0 fnt\n|faint|p2a: Landorus\n|\n|-heal|p1a: \u91d1\u5c5e\u9a91\u58eb|86\/100|[from] item: Leftovers\n|upkeep\n|\n|t:|1699588745\n|switch|p2a: Lopunny|Lopunny, F|100\/100\n|turn|4\n|\n|t:|1699588748\n|detailschange|p2a: Lopunny|Lopunny-Mega, F\n|-mega|p2a: Lopunny|Lopunny|Lopunnite\n|move|p1a: \u91d1\u5c5e\u9a91\u58eb|Protect|p1a: \u91d1\u5c5e\u9a91\u58eb\n|-singleturn|p1a: \u91d1\u5c5e\u9a91\u58eb|Protect\n|move|p2a: Lopunny|U-turn|p1a: \u91d1\u5c5e\u9a91\u58eb\n|-activate|p1a: \u91d1\u5c5e\u9a91\u58eb|move: Protect\n|\n|-heal|p1a: \u91d1\u5c5e\u9a91\u58eb|92\/100|[from] item: Leftovers\n|upkeep\n|turn|5\n|\n|t:|1699588761\n|move|p2a: Lopunny|U-turn|p1a: \u91d1\u5c5e\u9a91\u58eb\n|-supereffective|p1a: \u91d1\u5c5e\u9a91\u58eb\n|-damage|p1a: \u91d1\u5c5e\u9a91\u58eb|51\/100\n|\n|t:|1699588768\n|switch|p2a: Magnezone|Magnezone|100\/100|[from] U-turn\n|move|p1a: \u91d1\u5c5e\u9a91\u58eb|Tera Blast|p2a: Magnezone|[anim] Tera Blast Grass\n|-resisted|p2a: Magnezone\n|-damage|p2a: Magnezone|68\/100\n|\n|-heal|p1a: \u91d1\u5c5e\u9a91\u58eb|57\/100|[from] item: Leftovers\n|-fieldend|move: Psychic Terrain\n|upkeep\n|turn|6\n|\n|t:|1699588776\n|move|p1a: \u91d1\u5c5e\u9a91\u58eb|Protect|p1a: \u91d1\u5c5e\u9a91\u58eb\n|-singleturn|p1a: \u91d1\u5c5e\u9a91\u58eb|Protect\n|move|p2a: Magnezone|Flash Cannon|p1a: \u91d1\u5c5e\u9a91\u58eb\n|-activate|p1a: \u91d1\u5c5e\u9a91\u58eb|move: Protect\n|\n|-heal|p1a: \u91d1\u5c5e\u9a91\u58eb|63\/100|[from] item: Leftovers\n|upkeep\n|turn|7\n|\n|t:|1699588792\n|switch|p1a: \u6b7b\u4ea1\u6539\u9020\u4eba|Corviknight, F|100\/100\n|move|p2a: Magnezone|Flash Cannon|p1a: \u6b7b\u4ea1\u6539\u9020\u4eba\n|-resisted|p1a: \u6b7b\u4ea1\u6539\u9020\u4eba\n|-damage|p1a: \u6b7b\u4ea1\u6539\u9020\u4eba|80\/100\n|\n|upkeep\n|turn|8\n|\n|t:|1699588820\n|move|p2a: Magnezone|Flash Cannon|p1a: \u6b7b\u4ea1\u6539\u9020\u4eba\n|-resisted|p1a: \u6b7b\u4ea1\u6539\u9020\u4eba\n|-damage|p1a: \u6b7b\u4ea1\u6539\u9020\u4eba|61\/100\n|move|p1a: \u6b7b\u4ea1\u6539\u9020\u4eba|Body Press|p2a: Magnezone\n|-supereffective|p2a: Magnezone\n|-damage|p2a: Magnezone|10\/100\n|\n|upkeep\n|turn|9\n|\n|t:|1699588825\n|move|p2a: Magnezone|Flash Cannon|p1a: \u6b7b\u4ea1\u6539\u9020\u4eba\n|-resisted|p1a: \u6b7b\u4ea1\u6539\u9020\u4eba\n|-damage|p1a: \u6b7b\u4ea1\u6539\u9020\u4eba|42\/100\n|move|p1a: \u6b7b\u4ea1\u6539\u9020\u4eba|Body Press|p2a: Magnezone\n|-supereffective|p2a: Magnezone\n|-damage|p2a: Magnezone|0 fnt\n|faint|p2a: Magnezone\n|\n|upkeep\n|\n|t:|1699588829\n|switch|p2a: Tapu Lele|Tapu Lele|100\/100\n|-fieldstart|move: Psychic Terrain|[from] ability: Psychic Surge|[of] p2a: Tapu Lele\n|turn|10\n|\n|t:|1699588855\n|move|p2a: Tapu Lele|Psychic|p1a: \u6b7b\u4ea1\u6539\u9020\u4eba\n|-resisted|p1a: \u6b7b\u4ea1\u6539\u9020\u4eba\n|-damage|p1a: \u6b7b\u4ea1\u6539\u9020\u4eba|14\/100\n|move|p1a: \u6b7b\u4ea1\u6539\u9020\u4eba|Roost|p1a: \u6b7b\u4ea1\u6539\u9020\u4eba\n|-heal|p1a: \u6b7b\u4ea1\u6539\u9020\u4eba|64\/100\n|-singleturn|p1a: \u6b7b\u4ea1\u6539\u9020\u4eba|move: Roost\n|\n|upkeep\n|turn|11\n|\n|t:|1699588864\n|switch|p2a: Ogerpon|Ogerpon-Wellspring, F|100\/100\n|move|p1a: \u6b7b\u4ea1\u6539\u9020\u4eba|Roost|p1a: \u6b7b\u4ea1\u6539\u9020\u4eba\n|-heal|p1a: \u6b7b\u4ea1\u6539\u9020\u4eba|100\/100\n|-singleturn|p1a: \u6b7b\u4ea1\u6539\u9020\u4eba|move: Roost\n|\n|upkeep\n|turn|12\n|\n|t:|1699588870\n|move|p2a: Ogerpon|Encore|p1a: \u6b7b\u4ea1\u6539\u9020\u4eba\n|-start|p1a: \u6b7b\u4ea1\u6539\u9020\u4eba|Encore\n|move|p1a: \u6b7b\u4ea1\u6539\u9020\u4eba|Roost||[still]\n|-fail|p1a: \u6b7b\u4ea1\u6539\u9020\u4eba|heal\n|\n|upkeep\n|turn|13\n|\n|t:|1699588877\n|switch|p1a: \u732a\u795e|Clodsire, F|100\/100\n|move|p2a: Ogerpon|Swords Dance|p2a: Ogerpon\n|-boost|p2a: Ogerpon|atk|2\n|\n|upkeep\n|turn|14\n|\n|t:|1699588884\n|move|p2a: Ogerpon|Horn Leech|p1a: \u732a\u795e\n|-damage|p1a: \u732a\u795e|3\/100\n|move|p1a: \u732a\u795e|Yawn|p2a: Ogerpon\n|-start|p2a: Ogerpon|move: Yawn|[of] p1a: \u732a\u795e\n|\n|-heal|p1a: \u732a\u795e|9\/100|[from] item: Black Sludge\n|-fieldend|move: Psychic Terrain\n|upkeep\n|turn|15\n|\n|t:|1699588891\n|switch|p2a: Lopunny|Lopunny-Mega, F|100\/100\n|move|p1a: \u732a\u795e|Recover|p1a: \u732a\u795e\n|-heal|p1a: \u732a\u795e|59\/100\n|\n|-heal|p1a: \u732a\u795e|65\/100|[from] item: Black Sludge\n|upkeep\n|turn|16\n|\n|t:|1699588897\n|move|p1a: \u732a\u795e|Protect|p1a: \u732a\u795e\n|-singleturn|p1a: \u732a\u795e|Protect\n|move|p2a: Lopunny|Fake Out|p1a: \u732a\u795e\n|-activate|p1a: \u732a\u795e|move: Protect\n|\n|-heal|p1a: \u732a\u795e|71\/100|[from] item: Black Sludge\n|upkeep\n|turn|17\n|\n|t:|1699588905\n|move|p2a: Lopunny|U-turn|p1a: \u732a\u795e\n|-resisted|p1a: \u732a\u795e\n|-damage|p1a: \u732a\u795e|58\/100\n|\n|t:|1699588910\n|switch|p2a: Tapu Lele|Tapu Lele|100\/100|[from] U-turn\n|-fieldstart|move: Psychic Terrain|[from] ability: Psychic Surge|[of] p2a: Tapu Lele\n|move|p1a: \u732a\u795e|Yawn|p2a: Tapu Lele\n|-start|p2a: Tapu Lele|move: Yawn|[of] p1a: \u732a\u795e\n|\n|-heal|p1a: \u732a\u795e|64\/100|[from] item: Black Sludge\n|upkeep\n|turn|18\n|\n|t:|1699588921\n|switch|p2a: Ogerpon|Ogerpon-Wellspring, F|100\/100\n|switch|p1a: \u6b7b\u4ea1\u6539\u9020\u4eba|Corviknight, F|100\/100\n|\n|upkeep\n|turn|19\n|\n|t:|1699588927\n|move|p2a: Ogerpon|Swords Dance|p2a: Ogerpon\n|-boost|p2a: Ogerpon|atk|2\n|move|p1a: \u6b7b\u4ea1\u6539\u9020\u4eba|Brave Bird|p2a: Ogerpon\n|-supereffective|p2a: Ogerpon\n|-damage|p2a: Ogerpon|7\/100\n|-damage|p1a: \u6b7b\u4ea1\u6539\u9020\u4eba|77\/100|[from] Recoil\n|\n|upkeep\n|turn|20\n|\n|t:|1699588937\n|move|p2a: Ogerpon|Ivy Cudgel|p1a: \u6b7b\u4ea1\u6539\u9020\u4eba\n|-damage|p1a: \u6b7b\u4ea1\u6539\u9020\u4eba|10\/100\n|move|p1a: \u6b7b\u4ea1\u6539\u9020\u4eba|Roost|p1a: \u6b7b\u4ea1\u6539\u9020\u4eba\n|-heal|p1a: \u6b7b\u4ea1\u6539\u9020\u4eba|60\/100\n|-singleturn|p1a: \u6b7b\u4ea1\u6539\u9020\u4eba|move: Roost\n|\n|upkeep\n|turn|21\n|\n|t:|1699588955\n|move|p2a: Ogerpon|Ivy Cudgel|p1a: \u6b7b\u4ea1\u6539\u9020\u4eba\n|-damage|p1a: \u6b7b\u4ea1\u6539\u9020\u4eba|0 fnt\n|faint|p1a: \u6b7b\u4ea1\u6539\u9020\u4eba\n|\n|-fieldend|move: Psychic Terrain\n|upkeep\n|\n|t:|1699588960\n|switch|p1a: \u95ea\u5149\u7684\u5f17\u83b1\u4ec0|Lopunny, F, shiny|100\/100\n|turn|22\n|\n|t:|1699588963\n|switch|p2a: Tapu Lele|Tapu Lele|100\/100\n|-fieldstart|move: Psychic Terrain|[from] ability: Psychic Surge|[of] p2a: Tapu Lele\n|detailschange|p1a: \u95ea\u5149\u7684\u5f17\u83b1\u4ec0|Lopunny-Mega, F, shiny\n|-mega|p1a: \u95ea\u5149\u7684\u5f17\u83b1\u4ec0|Lopunny|Lopunnite\n|move|p1a: \u95ea\u5149\u7684\u5f17\u83b1\u4ec0|Close Combat|p2a: Tapu Lele\n|-resisted|p2a: Tapu Lele\n|-damage|p2a: Tapu Lele|72\/100\n|-unboost|p1a: \u95ea\u5149\u7684\u5f17\u83b1\u4ec0|def|1\n|-unboost|p1a: \u95ea\u5149\u7684\u5f17\u83b1\u4ec0|spd|1\n|\n|upkeep\n|turn|23\n|\n|t:|1699588977\n|switch|p1a: \u91d1\u5c5e\u9a91\u58eb|Heatran, F, tera:Grass|63\/100\n|move|p2a: Tapu Lele|Psyshock|p1a: \u91d1\u5c5e\u9a91\u58eb\n|-damage|p1a: \u91d1\u5c5e\u9a91\u58eb|17\/100\n|\n|-heal|p1a: \u91d1\u5c5e\u9a91\u58eb|23\/100|[from] item: Leftovers\n|upkeep\n|turn|24\n|\n|t:|1699588983\n|move|p1a: \u91d1\u5c5e\u9a91\u58eb|Protect|p1a: \u91d1\u5c5e\u9a91\u58eb\n|-singleturn|p1a: \u91d1\u5c5e\u9a91\u58eb|Protect\n|move|p2a: Tapu Lele|Psyshock|p1a: \u91d1\u5c5e\u9a91\u58eb\n|-activate|p1a: \u91d1\u5c5e\u9a91\u58eb|move: Protect\n|\n|-heal|p1a: \u91d1\u5c5e\u9a91\u58eb|29\/100|[from] item: Leftovers\n|upkeep\n|turn|25\n|\n|t:|1699588998\n|move|p2a: Tapu Lele|Psyshock|p1a: \u91d1\u5c5e\u9a91\u58eb\n|-damage|p1a: \u91d1\u5c5e\u9a91\u58eb|0 fnt\n|faint|p1a: \u91d1\u5c5e\u9a91\u58eb\n|\n|upkeep\n|\n|t:|1699589005\n|switch|p1a: \u94f6\u8272\u7360\u7259|Urshifu-Rapid-Strike, F|100\/100\n|turn|26\n|\n|t:|1699589011\n|switch|p2a: Ogerpon|Ogerpon-Wellspring, F|7\/100\n|move|p1a: \u94f6\u8272\u7360\u7259|U-turn|p2a: Ogerpon\n|-supereffective|p2a: Ogerpon\n|-damage|p2a: Ogerpon|0 fnt\n|faint|p2a: Ogerpon\n|\n|t:|1699589017\n|switch|p1a: king|Landorus-Therian, M|100\/100|[from] U-turn\n|\n|-fieldend|move: Psychic Terrain\n|upkeep\n|\n|t:|1699589023\n|switch|p2a: Lopunny|Lopunny-Mega, F|100\/100\n|turn|27\n|\n|t:|1699589039\n|switch|p1a: \u732a\u795e|Clodsire, F|64\/100\n|move|p2a: Lopunny|Fake Out|p1a: \u732a\u795e\n|-damage|p1a: \u732a\u795e|41\/100\n|\n|-heal|p1a: \u732a\u795e|48\/100|[from] item: Black Sludge\n|upkeep\n|turn|28\n|\n|t:|1699589048\n|move|p2a: Lopunny|Return|p1a: \u732a\u795e\n|-damage|p1a: \u732a\u795e|0 fnt\n|faint|p1a: \u732a\u795e\n|\n|upkeep\n|\n|t:|1699589053\n|switch|p1a: \u95ea\u5149\u7684\u5f17\u83b1\u4ec0|Lopunny-Mega, F, shiny|100\/100\n|turn|29\n|\n|t:|1699589056\n|switch|p2a: Tapu Lele|Tapu Lele|72\/100\n|-fieldstart|move: Psychic Terrain|[from] ability: Psychic Surge|[of] p2a: Tapu Lele\n|move|p1a: \u95ea\u5149\u7684\u5f17\u83b1\u4ec0|Close Combat|p2a: Tapu Lele\n|-resisted|p2a: Tapu Lele\n|-damage|p2a: Tapu Lele|47\/100\n|-unboost|p1a: \u95ea\u5149\u7684\u5f17\u83b1\u4ec0|def|1\n|-unboost|p1a: \u95ea\u5149\u7684\u5f17\u83b1\u4ec0|spd|1\n|\n|upkeep\n|turn|30\n|\n|t:|1699589064\n|move|p1a: \u95ea\u5149\u7684\u5f17\u83b1\u4ec0|Protect|p1a: \u95ea\u5149\u7684\u5f17\u83b1\u4ec0\n|-singleturn|p1a: \u95ea\u5149\u7684\u5f17\u83b1\u4ec0|Protect\n|move|p2a: Tapu Lele|Psychic|p1a: \u95ea\u5149\u7684\u5f17\u83b1\u4ec0\n|-activate|p1a: \u95ea\u5149\u7684\u5f17\u83b1\u4ec0|move: Protect\n|\n|upkeep\n|turn|31\n|\n|t:|1699589075\n|switch|p1a: king|Landorus-Therian, M|100\/100\n|-ability|p1a: king|Intimidate|boost\n|-unboost|p2a: Tapu Lele|atk|1\n|move|p2a: Tapu Lele|Psychic|p1a: king\n|-crit|p1a: king\n|-damage|p1a: king|0 fnt\n|faint|p1a: king\n|\n|upkeep\n|\n|t:|1699589080\n|switch|p1a: \u94f6\u8272\u7360\u7259|Urshifu-Rapid-Strike, F|100\/100\n|turn|32\n|\n|t:|1699589085\n|switch|p2a: Sneasler|Sneasler, M|100\/100\n|-enditem|p2a: Sneasler|Psychic Seed\n|-boost|p2a: Sneasler|spd|1|[from] item: Psychic Seed\n|move|p1a: \u94f6\u8272\u7360\u7259|Surging Strikes|p2a: Sneasler\n|-crit|p2a: Sneasler\n|-damage|p2a: Sneasler|65\/100\n|-crit|p2a: Sneasler\n|-damage|p2a: Sneasler|31\/100\n|-crit|p2a: Sneasler\n|-damage|p2a: Sneasler|0 fnt\n|faint|p2a: Sneasler\n|-hitcount|p2: Sneasler|3\n|\n|upkeep\n|\n|t:|1699589088\n|switch|p2a: Lopunny|Lopunny-Mega, F|100\/100\n|turn|33\n|\n|t:|1699589103\n|move|p1a: \u94f6\u8272\u7360\u7259|Surging Strikes|p2a: Lopunny\n|-crit|p2a: Lopunny\n|-damage|p2a: Lopunny|74\/100\n|-crit|p2a: Lopunny\n|-damage|p2a: Lopunny|47\/100\n|-crit|p2a: Lopunny\n|-damage|p2a: Lopunny|21\/100\n|-hitcount|p2a: Lopunny|3\n|move|p2a: Lopunny|Return|p1a: \u94f6\u8272\u7360\u7259\n|-damage|p1a: \u94f6\u8272\u7360\u7259|45\/100\n|\n|-fieldend|move: Psychic Terrain\n|upkeep\n|turn|34\n|\n|t:|1699589113\n|move|p1a: \u94f6\u8272\u7360\u7259|Surging Strikes|p2a: Lopunny\n|-crit|p2a: Lopunny\n|-damage|p2a: Lopunny|0 fnt\n|faint|p2a: Lopunny\n|-hitcount|p2: Lopunny|1\n|\n|upkeep\n|-message|xuxiansheng forfeited.\n|\n|win|Square K\n|raw|Square K's rating: 1475 &rarr; <strong>1490<\/strong><br \/>(+15 for winning)\n|raw|xuxiansheng's rating: 1393 &rarr; <strong>1378<\/strong><br \/>(-15 for losing)\n|l|\u2606xuxiansheng\n","uploadtime":1699589122,"views":4,"p1id":"squarek","p2id":"xuxiansheng","formatid":"gen9nationaldex","rating":1378,"private":0,"password":""}