{"id":"gen9nationaldex-1989530948","p1":"ssssour","p2":"Alucard1267","format":"[Gen 9] National Dex","log":"|j|\u2606ssssour\n|j|\u2606Alucard1267\n|t:|1699866606\n|gametype|singles\n|player|p1|ssssour|pokemaniac|1037\n|player|p2|Alucard1267|266|1000\n|teamsize|p1|6\n|teamsize|p2|6\n|gen|9\n|tier|[Gen 9] National Dex\n|rated|\n|rule|HP Percentage Mod: HP is shown in percentages\n|rule|Endless Battle Clause: Forcing endless battles is banned\n|rule|OHKO Clause: OHKO moves are banned\n|rule|Evasion Clause: Evasion abilities, items, and moves are banned\n|rule|Evasion Abilities Clause: Evasion abilities are banned\n|rule|Evasion Items Clause: Evasion items are banned\n|rule|Evasion Moves Clause: Evasion moves are banned\n|rule|Species Clause: Limit one of each Pok\u00e9mon\n|rule|Sleep Clause Mod: Limit one foe put to sleep\n|clearpoke\n|poke|p1|Furfrou-Star, M|\n|poke|p1|Iron Treads|\n|poke|p1|Skeledirge, F|\n|poke|p1|Emolga, F|\n|poke|p1|Muk, F|\n|poke|p1|Cradily, M|\n|poke|p2|Toxapex, M|\n|poke|p2|Ferrothorn, F|\n|poke|p2|Blissey, F|\n|poke|p2|Clefable, F|\n|poke|p2|Skarmory, F|\n|poke|p2|Garganacl, F|\n|teampreview\n|inactive|Battle timer is ON: inactive players will automatically lose when time's up. (requested by ssssour)\n|\n|t:|1699866617\n|start\n|switch|p1a: Skeledirge|Skeledirge, F, shiny|100\/100\n|switch|p2a: Ferrothorn|Ferrothorn, F|100\/100\n|turn|1\n|\n|t:|1699866622\n|switch|p2a: Toxapex|Toxapex, M|100\/100\n|move|p1a: Skeledirge|Torch Song|p2a: Toxapex\n|-resisted|p2a: Toxapex\n|-damage|p2a: Toxapex|87\/100\n|-boost|p1a: Skeledirge|spa|1\n|\n|-heal|p2a: Toxapex|94\/100|[from] item: Black Sludge\n|upkeep\n|turn|2\n|\n|t:|1699866630\n|move|p1a: Skeledirge|Sing|p2a: Toxapex\n|-status|p2a: Toxapex|slp|[from] move: Sing\n|cant|p2a: Toxapex|slp\n|\n|-heal|p2a: Toxapex|99\/100 slp|[from] item: Black Sludge\n|upkeep\n|turn|3\n|\n|t:|1699866637\n|switch|p1a: Iron Treads|Iron Treads|100\/100\n|-enditem|p1a: Iron Treads|Booster Energy\n|-activate|p1a: Iron Treads|ability: Quark Drive|[fromitem]\n|-start|p1a: Iron Treads|quarkdriveatk\n|switch|p2a: Blissey|Blissey, F|100\/100\n|\n|upkeep\n|turn|4\n|\n|t:|1699866645\n|switch|p2a: Ferrothorn|Ferrothorn, F|100\/100\n|move|p1a: Iron Treads|Earthquake|p2a: Ferrothorn\n|-damage|p2a: Ferrothorn|57\/100\n|\n|-heal|p2a: Ferrothorn|63\/100|[from] item: Leftovers\n|upkeep\n|turn|5\n|\n|t:|1699866651\n|move|p2a: Ferrothorn|Protect|p2a: Ferrothorn\n|-singleturn|p2a: Ferrothorn|Protect\n|move|p1a: Iron Treads|Earthquake|p2a: Ferrothorn\n|-activate|p2a: Ferrothorn|move: Protect\n|\n|-heal|p2a: Ferrothorn|69\/100|[from] item: Leftovers\n|upkeep\n|turn|6\n|\n|t:|1699866659\n|switch|p2a: Skarmory|Skarmory, F|100\/100\n|move|p1a: Iron Treads|Earthquake|p2a: Skarmory\n|-immune|p2a: Skarmory\n|\n|upkeep\n|turn|7\n|\n|t:|1699866666\n|-end|p1a: Iron Treads|Quark Drive|[silent]\n|switch|p1a: arsewipe|Cradily, M, shiny|100\/100\n|move|p2a: Skarmory|Whirlwind|p1a: arsewipe\n|drag|p1a: Iron Treads|Iron Treads|100\/100\n|\n|upkeep\n|turn|8\n|\n|t:|1699866677\n|-end|p1a: Iron Treads|Quark Drive|[silent]\n|switch|p1a: Skeledirge|Skeledirge, F, shiny|100\/100\n|move|p2a: Skarmory|Counter||[still]\n|-fail|p2a: Skarmory\n|\n|upkeep\n|turn|9\n|\n|t:|1699866684\n|switch|p2a: Blissey|Blissey, F|100\/100\n|move|p1a: Skeledirge|Will-O-Wisp|p2a: Blissey\n|-status|p2a: Blissey|brn\n|\n|-damage|p2a: Blissey|94\/100 brn|[from] brn\n|upkeep\n|turn|10\n|\n|t:|1699866691\n|switch|p1a: Muk|Muk, F|100\/100\n|move|p2a: Blissey|Heal Bell|p2a: Blissey\n|-activate|p2a: Blissey|move: Heal Bell\n|-curestatus|p2a: Blissey|brn|[msg]\n|-curestatus|p2: Toxapex|slp|[msg]\n|\n|-heal|p2a: Blissey|100\/100|[from] item: Leftovers\n|upkeep\n|turn|11\n|\n|t:|1699866701\n|switch|p2a: Toxapex|Toxapex, M|100\/100\n|move|p1a: Muk|Curse|p1a: Muk\n|-unboost|p1a: Muk|spe|1\n|-boost|p1a: Muk|atk|1\n|-boost|p1a: Muk|def|1\n|\n|upkeep\n|turn|12\n|\n|t:|1699866709\n|move|p2a: Toxapex|Haze|p2a: Toxapex\n|-clearallboost\n|move|p1a: Muk|Curse|p1a: Muk\n|-unboost|p1a: Muk|spe|1\n|-boost|p1a: Muk|atk|1\n|-boost|p1a: Muk|def|1\n|\n|upkeep\n|turn|13\n|\n|t:|1699866718\n|move|p2a: Toxapex|Scald|p1a: Muk\n|-damage|p1a: Muk|89\/100\n|move|p1a: Muk|Poison Jab|p2a: Toxapex\n|-resisted|p2a: Toxapex\n|-damage|p2a: Toxapex|89\/100\n|\n|-heal|p2a: Toxapex|95\/100|[from] item: Black Sludge\n|-heal|p1a: Muk|95\/100|[from] item: Leftovers\n|upkeep\n|turn|14\n|\n|t:|1699866729\n|switch|p1a: arsewipe|Cradily, M, shiny|100\/100\n|move|p2a: Toxapex|Haze|p2a: Toxapex\n|-clearallboost\n|\n|-heal|p2a: Toxapex|100\/100|[from] item: Black Sludge\n|upkeep\n|turn|15\n|\n|t:|1699866737\n|switch|p2a: Ferrothorn|Ferrothorn, F|69\/100\n|move|p1a: arsewipe|Leech Seed|p2a: Ferrothorn\n|-immune|p2a: Ferrothorn\n|\n|-heal|p2a: Ferrothorn|75\/100|[from] item: Leftovers\n|upkeep\n|turn|16\n|\n|t:|1699866745\n|switch|p1a: Emolga|Emolga, F|100\/100\n|move|p2a: Ferrothorn|Thunder Wave|p1a: Emolga\n|-ability|p1a: Emolga|Motor Drive|boost\n|-boost|p1a: Emolga|spe|1\n|\n|-heal|p2a: Ferrothorn|82\/100|[from] item: Leftovers\n|upkeep\n|turn|17\n|\n|t:|1699866753\n|move|p1a: Emolga|Encore|p2a: Ferrothorn\n|-start|p2a: Ferrothorn|Encore\n|move|p2a: Ferrothorn|Thunder Wave|p1a: Emolga\n|-ability|p1a: Emolga|Motor Drive|boost\n|-boost|p1a: Emolga|spe|1\n|\n|-heal|p2a: Ferrothorn|88\/100|[from] item: Leftovers\n|upkeep\n|turn|18\n|\n|t:|1699866762\n|switch|p2a: Blissey|Blissey, F|100\/100\n|move|p1a: Emolga|Air Slash|p2a: Blissey\n|-damage|p2a: Blissey|93\/100\n|\n|-heal|p2a: Blissey|99\/100|[from] item: Leftovers\n|upkeep\n|turn|19\n|\n|t:|1699866769\n|switch|p1a: Iron Treads|Iron Treads|100\/100\n|move|p2a: Blissey|Thunder Wave|p1a: Iron Treads\n|-immune|p1a: Iron Treads\n|\n|-heal|p2a: Blissey|100\/100|[from] item: Leftovers\n|upkeep\n|turn|20\n|c|\u2606ssssour|what\n|\n|t:|1699866781\n|switch|p2a: Toxapex|Toxapex, M|100\/100\n|move|p1a: Iron Treads|Rapid Spin|p2a: Toxapex\n|-damage|p2a: Toxapex|90\/100\n|-boost|p1a: Iron Treads|spe|1\n|\n|-heal|p2a: Toxapex|97\/100|[from] item: Black Sludge\n|upkeep\n|turn|21\n|\n|t:|1699866790\n|move|p1a: Iron Treads|Zen Headbutt|p2a: Toxapex\n|-supereffective|p2a: Toxapex\n|-damage|p2a: Toxapex|62\/100\n|cant|p2a: Toxapex|flinch\n|\n|-heal|p2a: Toxapex|69\/100|[from] item: Black Sludge\n|upkeep\n|turn|22\n|\n|t:|1699866802\n|switch|p2a: Ferrothorn|Ferrothorn, F|88\/100\n|move|p1a: Iron Treads|Earthquake|p2a: Ferrothorn\n|-damage|p2a: Ferrothorn|56\/100\n|\n|-heal|p2a: Ferrothorn|63\/100|[from] item: Leftovers\n|upkeep\n|turn|23\n|\n|t:|1699866808\n|move|p1a: Iron Treads|Earthquake|p2a: Ferrothorn\n|-damage|p2a: Ferrothorn|29\/100\n|move|p2a: Ferrothorn|Leech Seed|p1a: Iron Treads\n|-start|p1a: Iron Treads|move: Leech Seed\n|\n|-heal|p2a: Ferrothorn|35\/100|[from] item: Leftovers\n|-damage|p1a: Iron Treads|88\/100|[from] Leech Seed|[of] p2a: Ferrothorn\n|-heal|p2a: Ferrothorn|46\/100|[silent]\n|upkeep\n|turn|24\n|\n|t:|1699866816\n|-end|p1a: Iron Treads|Quark Drive|[silent]\n|switch|p1a: Skeledirge|Skeledirge, F, shiny|100\/100\n|move|p2a: Ferrothorn|Protect||[still]\n|-fail|p2a: Ferrothorn\n|\n|-heal|p2a: Ferrothorn|52\/100|[from] item: Leftovers\n|upkeep\n|turn|25\n|\n|t:|1699866823\n|switch|p2a: Blissey|Blissey, F|100\/100\n|move|p1a: Skeledirge|Will-O-Wisp|p2a: Blissey\n|-status|p2a: Blissey|brn\n|\n|-damage|p2a: Blissey|94\/100 brn|[from] brn\n|upkeep\n|turn|26\n|\n|t:|1699866831\n|switch|p1a: Iron Treads|Iron Treads|88\/100\n|move|p2a: Blissey|Thunder Wave|p1a: Iron Treads\n|-immune|p1a: Iron Treads\n|\n|-heal|p2a: Blissey|100\/100 brn|[from] item: Leftovers\n|-damage|p2a: Blissey|94\/100 brn|[from] brn\n|upkeep\n|turn|27\n|\n|t:|1699866839\n|-curestatus|p2a: Blissey|brn|[from] ability: Natural Cure\n|switch|p2a: Skarmory|Skarmory, F|100\/100\n|move|p1a: Iron Treads|Ice Spinner|p2a: Skarmory\n|-damage|p2a: Skarmory|86\/100\n|-damage|p1a: Iron Treads|72\/100|[from] item: Rocky Helmet|[of] p2a: Skarmory\n|\n|upkeep\n|turn|28\n|\n|t:|1699866851\n|-end|p1a: Iron Treads|Quark Drive|[silent]\n|switch|p1a: Skeledirge|Skeledirge, F, shiny|100\/100\n|move|p2a: Skarmory|Whirlwind|p1a: Skeledirge\n|drag|p1a: Iron Treads|Iron Treads|72\/100\n|\n|upkeep\n|turn|29\n|\n|t:|1699866858\n|-end|p1a: Iron Treads|Quark Drive|[silent]\n|switch|p1a: arsewipe|Cradily, M, shiny|100\/100\n|move|p2a: Skarmory|Counter||[still]\n|-fail|p2a: Skarmory\n|\n|upkeep\n|turn|30\n|\n|t:|1699866867\n|switch|p1a: Furfrou|Furfrou-Star, M, shiny|100\/100\n|move|p2a: Skarmory|Spikes|p1a: Furfrou\n|-sidestart|p1: ssssour|Spikes\n|\n|upkeep\n|turn|31\n|\n|t:|1699866876\n|switch|p2a: Toxapex|Toxapex, M|100\/100\n|move|p1a: Furfrou|Thunder Wave|p2a: Toxapex\n|-status|p2a: Toxapex|par\n|\n|upkeep\n|turn|32\n|\n|t:|1699866882\n|switch|p2a: Blissey|Blissey, F|94\/100\n|move|p1a: Furfrou|U-turn|p2a: Blissey\n|-damage|p2a: Blissey|51\/100\n|-damage|p1a: Furfrou|91\/100|[from] item: Life Orb\n|\n|t:|1699866890\n|switch|p1a: Iron Treads|Iron Treads|72\/100|[from] U-turn\n|-damage|p1a: Iron Treads|59\/100|[from] Spikes\n|\n|-heal|p2a: Blissey|58\/100|[from] item: Leftovers\n|upkeep\n|turn|33\n|\n|t:|1699866899\n|-end|p1a: Iron Treads|Quark Drive|[silent]\n|switch|p1a: Emolga|Emolga, F|100\/100\n|switch|p2a: Skarmory|Skarmory, F|86\/100\n|\n|upkeep\n|turn|34\n|\n|t:|1699866911\n|switch|p2a: Clefable|Clefable, F, shiny|100\/100\n|move|p1a: Emolga|Thunderbolt|p2a: Clefable\n|-damage|p2a: Clefable|72\/100\n|-status|p2a: Clefable|par\n|\n|-heal|p2a: Clefable|78\/100 par|[from] item: Leftovers\n|upkeep\n|turn|35\n|c|\u2606ssssour|FUCKS SAKE COME ON\n|c|\u2606ssssour|IVE NOT GOT ALL DAY\n|\n|t:|1699866921\n|switch|p2a: Blissey|Blissey, F|58\/100\n|move|p1a: Emolga|Air Slash|p2a: Blissey\n|-damage|p2a: Blissey|50\/100\n|\n|-heal|p2a: Blissey|56\/100|[from] item: Leftovers\n|upkeep\n|turn|36\n|\n|t:|1699866930\n|move|p1a: Emolga|Thunderbolt|p2a: Blissey\n|-damage|p2a: Blissey|47\/100\n|move|p2a: Blissey|Soft-Boiled|p2a: Blissey\n|-heal|p2a: Blissey|97\/100\n|\n|-heal|p2a: Blissey|100\/100|[from] item: Leftovers\n|upkeep\n|turn|37\n|c|\u2606ssssour|ROAAAAAAAAA\n|\n|t:|1699866937\n|switch|p1a: Furfrou|Furfrou-Star, M, shiny|91\/100\n|-damage|p1a: Furfrou|78\/100|[from] Spikes\n|move|p2a: Blissey|Heal Bell|p2a: Blissey\n|-activate|p2a: Blissey|move: Heal Bell\n|-curestatus|p2: Toxapex|par|[msg]\n|-curestatus|p2: Clefable|par|[msg]\n|\n|upkeep\n|turn|38\n|\n|t:|1699866946\n|switch|p2a: Ferrothorn|Ferrothorn, F|52\/100\n|move|p1a: Furfrou|Thunder Wave|p2a: Ferrothorn\n|-status|p2a: Ferrothorn|par\n|\n|-heal|p2a: Ferrothorn|59\/100 par|[from] item: Leftovers\n|upkeep\n|turn|39\n|\n|t:|1699866953\n|switch|p1a: arsewipe|Cradily, M, shiny|100\/100\n|-damage|p1a: arsewipe|88\/100|[from] Spikes\n|move|p2a: Ferrothorn|Leech Seed|p1a: arsewipe\n|-immune|p1a: arsewipe\n|\n|-heal|p1a: arsewipe|94\/100|[from] item: Leftovers\n|-heal|p2a: Ferrothorn|65\/100 par|[from] item: Leftovers\n|upkeep\n|turn|40\n|\n|t:|1699866966\n|switch|p2a: Skarmory|Skarmory, F|86\/100\n|move|p1a: arsewipe|Ancient Power|p2a: Skarmory\n|-damage|p2a: Skarmory|52\/100\n|\n|-heal|p1a: arsewipe|99\/100|[from] item: Leftovers\n|upkeep\n|turn|41\n|\n|t:|1699866973\n|move|p1a: arsewipe|Leech Seed|p2a: Skarmory|[miss]\n|-miss|p1a: arsewipe|p2a: Skarmory\n|move|p2a: Skarmory|Whirlwind|p1a: arsewipe\n|drag|p1a: Emolga|Emolga, F|100\/100\n|\n|upkeep\n|turn|42\n|c|\u2606ssssour|youre fucking me\n|\n|t:|1699866980\n|switch|p2a: Blissey|Blissey, F|100\/100\n|move|p1a: Emolga|Thunderbolt|p2a: Blissey\n|-damage|p2a: Blissey|91\/100\n|\n|-heal|p2a: Blissey|97\/100|[from] item: Leftovers\n|upkeep\n|turn|43\n|\n|t:|1699866990\n|switch|p1a: Muk|Muk, F|95\/100\n|-damage|p1a: Muk|83\/100|[from] Spikes\n|move|p2a: Blissey|Seismic Toss|p1a: Muk\n|-damage|p1a: Muk|59\/100\n|\n|-heal|p2a: Blissey|100\/100|[from] item: Leftovers\n|-heal|p1a: Muk|65\/100|[from] item: Leftovers\n|upkeep\n|turn|44\n|\n|t:|1699867000\n|switch|p2a: Toxapex|Toxapex, M|100\/100\n|move|p1a: Muk|Curse|p1a: Muk\n|-unboost|p1a: Muk|spe|1\n|-boost|p1a: Muk|atk|1\n|-boost|p1a: Muk|def|1\n|\n|-heal|p1a: Muk|71\/100|[from] item: Leftovers\n|upkeep\n|turn|45\n|\n|t:|1699867008\n|switch|p1a: Iron Treads|Iron Treads|59\/100\n|-damage|p1a: Iron Treads|47\/100|[from] Spikes\n|move|p2a: Toxapex|Haze|p2a: Toxapex\n|-clearallboost\n|\n|upkeep\n|turn|46\n|\n|t:|1699867016\n|switch|p2a: Skarmory|Skarmory, F|52\/100\n|move|p1a: Iron Treads|Zen Headbutt|p2a: Skarmory\n|-resisted|p2a: Skarmory\n|-damage|p2a: Skarmory|44\/100\n|-damage|p1a: Iron Treads|30\/100|[from] item: Rocky Helmet|[of] p2a: Skarmory\n|\n|upkeep\n|turn|47\n|\n|t:|1699867023\n|move|p1a: Iron Treads|Ice Spinner|p2a: Skarmory\n|-damage|p2a: Skarmory|27\/100\n|-damage|p1a: Iron Treads|14\/100|[from] item: Rocky Helmet|[of] p2a: Skarmory\n|move|p2a: Skarmory|Roost|p2a: Skarmory\n|-heal|p2a: Skarmory|77\/100\n|-singleturn|p2a: Skarmory|move: Roost\n|\n|upkeep\n|turn|48\n|\n|t:|1699867032\n|-end|p1a: Iron Treads|Quark Drive|[silent]\n|switch|p1a: Skeledirge|Skeledirge, F, shiny|100\/100\n|-damage|p1a: Skeledirge|88\/100|[from] Spikes\n|move|p2a: Skarmory|Whirlwind|p1a: Skeledirge\n|drag|p1a: Iron Treads|Iron Treads|14\/100\n|-damage|p1a: Iron Treads|1\/100|[from] Spikes\n|\n|upkeep\n|turn|49\n|\n|t:|1699867044\n|-end|p1a: Iron Treads|Quark Drive|[silent]\n|switch|p1a: Emolga|Emolga, F|100\/100\n|move|p2a: Skarmory|Whirlwind|p1a: Emolga\n|drag|p1a: Furfrou|Furfrou-Star, M, shiny|78\/100\n|-damage|p1a: Furfrou|66\/100|[from] Spikes\n|\n|upkeep\n|turn|50\n|c|\u2606ssssour|50 turns and weve gotten FUCK ALL\n|c|\u2606ssssour|GET A GRIP\n|c|\u2606ssssour|DO SOMETHING INTERESTING\n|\n|t:|1699867052\n|move|p1a: Furfrou|Thunder Wave|p2a: Skarmory\n|-status|p2a: Skarmory|par\n|move|p2a: Skarmory|Whirlwind|p1a: Furfrou\n|drag|p1a: arsewipe|Cradily, M, shiny|99\/100\n|-damage|p1a: arsewipe|88\/100|[from] Spikes\n|\n|-heal|p1a: arsewipe|94\/100|[from] item: Leftovers\n|upkeep\n|turn|51\n|\n|t:|1699867066\n|switch|p2a: Ferrothorn|Ferrothorn, F|65\/100 par\n|move|p1a: arsewipe|Ancient Power|p2a: Ferrothorn\n|-resisted|p2a: Ferrothorn\n|-damage|p2a: Ferrothorn|56\/100 par\n|\n|-heal|p1a: arsewipe|99\/100|[from] item: Leftovers\n|-heal|p2a: Ferrothorn|63\/100 par|[from] item: Leftovers\n|upkeep\n|turn|52\n|\n|t:|1699867076\n|switch|p1a: Emolga|Emolga, F|100\/100\n|cant|p2a: Ferrothorn|par\n|\n|-heal|p2a: Ferrothorn|69\/100 par|[from] item: Leftovers\n|upkeep\n|turn|53\n|\n|t:|1699867082\n|move|p1a: Emolga|Air Slash|p2a: Ferrothorn\n|-damage|p2a: Ferrothorn|47\/100 par\n|cant|p2a: Ferrothorn|flinch\n|\n|-heal|p2a: Ferrothorn|54\/100 par|[from] item: Leftovers\n|upkeep\n|turn|54\n|\n|t:|1699867088\n|move|p1a: Emolga|Thunderbolt|p2a: Ferrothorn\n|-resisted|p2a: Ferrothorn\n|-damage|p2a: Ferrothorn|42\/100 par\n|move|p2a: Ferrothorn|Leech Seed|p1a: Emolga\n|-start|p1a: Emolga|move: Leech Seed\n|\n|-heal|p2a: Ferrothorn|48\/100 par|[from] item: Leftovers\n|-damage|p1a: Emolga|88\/100|[from] Leech Seed|[of] p2a: Ferrothorn\n|-heal|p2a: Ferrothorn|57\/100 par|[silent]\n|upkeep\n|turn|55\n|\n|t:|1699867096\n|switch|p1a: arsewipe|Cradily, M, shiny|99\/100\n|-damage|p1a: arsewipe|87\/100|[from] Spikes\n|cant|p2a: Ferrothorn|par\n|\n|-heal|p1a: arsewipe|93\/100|[from] item: Leftovers\n|-heal|p2a: Ferrothorn|63\/100 par|[from] item: Leftovers\n|upkeep\n|turn|56\n|\n|t:|1699867104\n|move|p1a: arsewipe|Ancient Power|p2a: Ferrothorn\n|-resisted|p2a: Ferrothorn\n|-damage|p2a: Ferrothorn|54\/100 par\n|-boost|p1a: arsewipe|atk|1\n|-boost|p1a: arsewipe|def|1\n|-boost|p1a: arsewipe|spa|1\n|-boost|p1a: arsewipe|spd|1\n|-boost|p1a: arsewipe|spe|1\n|cant|p2a: Ferrothorn|par\n|\n|-heal|p1a: arsewipe|99\/100|[from] item: Leftovers\n|-heal|p2a: Ferrothorn|61\/100 par|[from] item: Leftovers\n|upkeep\n|turn|57\n|\n|t:|1699867115\n|move|p1a: arsewipe|Ancient Power|p2a: Ferrothorn\n|-resisted|p2a: Ferrothorn\n|-damage|p2a: Ferrothorn|47\/100 par\n|cant|p2a: Ferrothorn|par\n|\n|-heal|p1a: arsewipe|100\/100|[from] item: Leftovers\n|-heal|p2a: Ferrothorn|53\/100 par|[from] item: Leftovers\n|upkeep\n|turn|58\n|\n|t:|1699867123\n|switch|p2a: Skarmory|Skarmory, F|77\/100 par\n|move|p1a: arsewipe|Ancient Power|p2a: Skarmory\n|-damage|p2a: Skarmory|23\/100 par\n|-boost|p1a: arsewipe|atk|1\n|-boost|p1a: arsewipe|def|1\n|-boost|p1a: arsewipe|spa|1\n|-boost|p1a: arsewipe|spd|1\n|-boost|p1a: arsewipe|spe|1\n|\n|upkeep\n|turn|59\n|\n|t:|1699867131\n|move|p1a: arsewipe|Ancient Power|p2a: Skarmory\n|-damage|p2a: Skarmory|0 fnt\n|faint|p2a: Skarmory\n|\n|upkeep\n|c|\u2606ssssour|this is interesting\n|\n|t:|1699867135\n|switch|p2a: Clefable|Clefable, F, shiny|78\/100\n|turn|60\n|\n|t:|1699867139\n|-terastallize|p2a: Clefable|Steel\n|move|p1a: arsewipe|Ancient Power|p2a: Clefable\n|-resisted|p2a: Clefable\n|-damage|p2a: Clefable|68\/100\n|move|p2a: Clefable|Cosmic Power|p2a: Clefable\n|-boost|p2a: Clefable|def|1\n|-boost|p2a: Clefable|spd|1\n|\n|-heal|p2a: Clefable|74\/100|[from] item: Leftovers\n|upkeep\n|turn|61\n|\n|t:|1699867148\n|move|p1a: arsewipe|Leech Seed|p2a: Clefable\n|-start|p2a: Clefable|move: Leech Seed\n|move|p2a: Clefable|Cosmic Power|p2a: Clefable\n|-boost|p2a: Clefable|def|1\n|-boost|p2a: Clefable|spd|1\n|\n|-heal|p2a: Clefable|80\/100|[from] item: Leftovers\n|-damage|p2a: Clefable|68\/100|[from] Leech Seed|[of] p1a: arsewipe\n|upkeep\n|turn|62\n|\n|t:|1699867157\n|move|p1a: arsewipe|Giga Drain|p2a: Clefable\n|-resisted|p2a: Clefable\n|-damage|p2a: Clefable|61\/100\n|move|p2a: Clefable|Cosmic Power|p2a: Clefable\n|-boost|p2a: Clefable|def|1\n|-boost|p2a: Clefable|spd|1\n|\n|-heal|p2a: Clefable|67\/100|[from] item: Leftovers\n|-damage|p2a: Clefable|55\/100|[from] Leech Seed|[of] p1a: arsewipe\n|upkeep\n|turn|63\n|\n|t:|1699867166\n|move|p1a: arsewipe|Giga Drain|p2a: Clefable\n|-resisted|p2a: Clefable\n|-damage|p2a: Clefable|49\/100\n|move|p2a: Clefable|Moonlight|p2a: Clefable\n|-heal|p2a: Clefable|99\/100\n|\n|-heal|p2a: Clefable|100\/100|[from] item: Leftovers\n|-damage|p2a: Clefable|88\/100|[from] Leech Seed|[of] p1a: arsewipe\n|upkeep\n|turn|64\n|c|\u2606ssssour|tell me\n|c|\u2606ssssour|is it worth it\n|\n|t:|1699867177\n|move|p1a: arsewipe|Giga Drain|p2a: Clefable\n|-resisted|p2a: Clefable\n|-damage|p2a: Clefable|82\/100\n|move|p2a: Clefable|Cosmic Power|p2a: Clefable\n|-boost|p2a: Clefable|def|1\n|-boost|p2a: Clefable|spd|1\n|\n|-heal|p2a: Clefable|88\/100|[from] item: Leftovers\n|-damage|p2a: Clefable|76\/100|[from] Leech Seed|[of] p1a: arsewipe\n|upkeep\n|turn|65\n|c|\u2606ssssour|how long have we been here\n|c|\u2606ssssour|how long will we been here\n|\n|t:|1699867188\n|move|p1a: arsewipe|Giga Drain|p2a: Clefable\n|-resisted|p2a: Clefable\n|-damage|p2a: Clefable|71\/100\n|move|p2a: Clefable|Cosmic Power|p2a: Clefable\n|-boost|p2a: Clefable|def|1\n|-boost|p2a: Clefable|spd|1\n|\n|-heal|p2a: Clefable|77\/100|[from] item: Leftovers\n|-damage|p2a: Clefable|64\/100|[from] Leech Seed|[of] p1a: arsewipe\n|upkeep\n|turn|66\n|\n|t:|1699867198\n|move|p1a: arsewipe|Ancient Power|p2a: Clefable\n|-resisted|p2a: Clefable\n|-damage|p2a: Clefable|61\/100\n|move|p2a: Clefable|Cosmic Power|p2a: Clefable\n|-boost|p2a: Clefable|def|1\n|-boost|p2a: Clefable|spd|1\n|\n|-heal|p2a: Clefable|67\/100|[from] item: Leftovers\n|-damage|p2a: Clefable|55\/100|[from] Leech Seed|[of] p1a: arsewipe\n|upkeep\n|turn|67\n|c|\u2606ssssour|time is not infinite, my friend\n|\n|t:|1699867207\n|move|p1a: arsewipe|Giga Drain|p2a: Clefable\n|-resisted|p2a: Clefable\n|-damage|p2a: Clefable|51\/100\n|move|p2a: Clefable|Moonlight|p2a: Clefable\n|-heal|p2a: Clefable|100\/100\n|\n|-damage|p2a: Clefable|88\/100|[from] Leech Seed|[of] p1a: arsewipe\n|upkeep\n|turn|68\n|c|\u2606ssssour|its a precious thing\n|c|\u2606ssssour|a tool, and a lifeline\n|\n|t:|1699867217\n|move|p1a: arsewipe|Giga Drain|p2a: Clefable\n|-resisted|p2a: Clefable\n|-damage|p2a: Clefable|84\/100\n|move|p2a: Clefable|Charge Beam|p1a: arsewipe\n|-resisted|p1a: arsewipe\n|-damage|p1a: arsewipe|95\/100\n|-boost|p2a: Clefable|spa|1\n|\n|-heal|p1a: arsewipe|100\/100|[from] item: Leftovers\n|-heal|p2a: Clefable|90\/100|[from] item: Leftovers\n|-damage|p2a: Clefable|78\/100|[from] Leech Seed|[of] p1a: arsewipe\n|upkeep\n|turn|69\n|\n|t:|1699867227\n|switch|p1a: Emolga|Emolga, F|88\/100\n|move|p2a: Clefable|Stored Power|p1a: Emolga\n|-damage|p1a: Emolga|0 fnt\n|faint|p1a: Emolga\n|\n|-heal|p2a: Clefable|84\/100|[from] item: Leftovers\n|upkeep\n|\n|t:|1699867238\n|switch|p1a: arsewipe|Cradily, M, shiny|100\/100\n|-damage|p1a: arsewipe|88\/100|[from] Spikes\n|turn|70\n|\n|t:|1699867242\n|move|p2a: Clefable|Stored Power|p1a: arsewipe\n|-damage|p1a: arsewipe|0 fnt\n|faint|p1a: arsewipe\n|\n|-heal|p2a: Clefable|90\/100|[from] item: Leftovers\n|upkeep\n|\n|t:|1699867247\n|switch|p1a: Skeledirge|Skeledirge, F, shiny|88\/100\n|-damage|p1a: Skeledirge|76\/100|[from] Spikes\n|turn|71\n|\n|t:|1699867257\n|move|p1a: Skeledirge|Sing|p2a: Clefable\n|-status|p2a: Clefable|slp|[from] move: Sing\n|cant|p2a: Clefable|slp\n|\n|-heal|p2a: Clefable|96\/100 slp|[from] item: Leftovers\n|-damage|p2a: Clefable|84\/100 slp|[from] Leech Seed|[of] p1a: Skeledirge\n|-heal|p1a: Skeledirge|88\/100|[silent]\n|upkeep\n|turn|72\n|\n|t:|1699867265\n|move|p1a: Skeledirge|Torch Song|p2a: Clefable\n|-supereffective|p2a: Clefable\n|-damage|p2a: Clefable|27\/100 slp\n|-boost|p1a: Skeledirge|spa|1\n|cant|p2a: Clefable|slp\n|\n|-heal|p2a: Clefable|33\/100 slp|[from] item: Leftovers\n|-damage|p2a: Clefable|21\/100 slp|[from] Leech Seed|[of] p1a: Skeledirge\n|-heal|p1a: Skeledirge|99\/100|[silent]\n|upkeep\n|turn|73\n|\n|t:|1699867274\n|move|p1a: Skeledirge|Torch Song|p2a: Clefable\n|-supereffective|p2a: Clefable\n|-damage|p2a: Clefable|0 fnt\n|-boost|p1a: Skeledirge|spa|1\n|faint|p2a: Clefable\n|\n|upkeep\n|\n|t:|1699867280\n|switch|p2a: Toxapex|Toxapex, M|100\/100\n|turn|74\n|\n|t:|1699867284\n|move|p1a: Skeledirge|Sing|p2a: Toxapex\n|-status|p2a: Toxapex|slp|[from] move: Sing\n|cant|p2a: Toxapex|slp\n|\n|upkeep\n|turn|75\n|\n|t:|1699867290\n|switch|p2a: Blissey|Blissey, F|100\/100\n|move|p1a: Skeledirge|Torch Song|p2a: Blissey\n|-damage|p2a: Blissey|83\/100\n|-boost|p1a: Skeledirge|spa|1\n|\n|-heal|p2a: Blissey|89\/100|[from] item: Leftovers\n|upkeep\n|turn|76\n|\n|t:|1699867300\n|move|p1a: Skeledirge|Torch Song|p2a: Blissey\n|-damage|p2a: Blissey|70\/100\n|-boost|p1a: Skeledirge|spa|1\n|move|p2a: Blissey|Heal Bell|p2a: Blissey\n|-activate|p2a: Blissey|move: Heal Bell\n|-curestatus|p2: Toxapex|slp|[msg]\n|-curestatus|p2: Ferrothorn|par|[msg]\n|\n|-heal|p2a: Blissey|76\/100|[from] item: Leftovers\n|upkeep\n|turn|77\n|\n|t:|1699867310\n|move|p1a: Skeledirge|Torch Song|p2a: Blissey\n|-damage|p2a: Blissey|52\/100\n|-boost|p1a: Skeledirge|spa|1\n|move|p2a: Blissey|Thunder Wave|p1a: Skeledirge\n|-status|p1a: Skeledirge|par\n|\n|-heal|p2a: Blissey|58\/100|[from] item: Leftovers\n|upkeep\n|turn|78\n|\n|t:|1699867319\n|move|p2a: Blissey|Soft-Boiled|p2a: Blissey\n|-heal|p2a: Blissey|100\/100\n|move|p1a: Skeledirge|Torch Song|p2a: Blissey\n|-damage|p2a: Blissey|73\/100\n|-boost|p1a: Skeledirge|spa|1\n|\n|-heal|p2a: Blissey|79\/100|[from] item: Leftovers\n|upkeep\n|turn|79\n|\n|t:|1699867331\n|switch|p2a: Toxapex|Toxapex, M|100\/100\n|move|p1a: Skeledirge|Torch Song|p2a: Toxapex\n|-resisted|p2a: Toxapex\n|-damage|p2a: Toxapex|48\/100\n|\n|-heal|p2a: Toxapex|54\/100|[from] item: Black Sludge\n|upkeep\n|turn|80\n|\n|t:|1699867338\n|move|p2a: Toxapex|Haze|p2a: Toxapex\n|-clearallboost\n|move|p1a: Skeledirge|Torch Song|p2a: Toxapex\n|-resisted|p2a: Toxapex\n|-damage|p2a: Toxapex|41\/100\n|-boost|p1a: Skeledirge|spa|1\n|\n|-heal|p2a: Toxapex|47\/100|[from] item: Black Sludge\n|upkeep\n|turn|81\n|\n|t:|1699867349\n|move|p2a: Toxapex|Scald|p1a: Skeledirge\n|-supereffective|p1a: Skeledirge\n|-damage|p1a: Skeledirge|73\/100 par\n|move|p1a: Skeledirge|Sing|p2a: Toxapex|[miss]\n|-miss|p1a: Skeledirge|p2a: Toxapex\n|-enditem|p1a: Skeledirge|Blunder Policy\n|-boost|p1a: Skeledirge|spe|2\n|\n|-heal|p2a: Toxapex|53\/100|[from] item: Black Sludge\n|upkeep\n|turn|82\n|\n|t:|1699867359\n|move|p1a: Skeledirge|Sing|p2a: Toxapex|[miss]\n|-miss|p1a: Skeledirge|p2a: Toxapex\n|move|p2a: Toxapex|Scald|p1a: Skeledirge\n|-supereffective|p1a: Skeledirge\n|-damage|p1a: Skeledirge|51\/100 par\n|\n|-heal|p2a: Toxapex|60\/100|[from] item: Black Sludge\n|upkeep\n|turn|83\n|\n|t:|1699867367\n|cant|p1a: Skeledirge|par\n|move|p2a: Toxapex|Toxic||[still]\n|-fail|p2a: Toxapex\n|\n|-heal|p2a: Toxapex|66\/100|[from] item: Black Sludge\n|upkeep\n|turn|84\n|\n|t:|1699867373\n|move|p1a: Skeledirge|Slack Off|p1a: Skeledirge\n|-heal|p1a: Skeledirge|100\/100 par\n|move|p2a: Toxapex|Scald|p1a: Skeledirge\n|-supereffective|p1a: Skeledirge\n|-damage|p1a: Skeledirge|79\/100 par\n|\n|-heal|p2a: Toxapex|72\/100|[from] item: Black Sludge\n|upkeep\n|turn|85\n|-message|Alucard1267 forfeited.\n|\n|win|ssssour\n|raw|ssssour's rating: 1037 &rarr; <strong>1068<\/strong><br \/>(+31 for winning)\n|raw|Alucard1267's rating: 1000 &rarr; <strong>1000<\/strong><br \/>(+0 for losing)\n|l|\u2606Alucard1267\n|c|\u2606ssssour|oblivion catches up to us all eventually\n","uploadtime":1699867391,"views":14,"p1id":"ssssour","p2id":"alucard1267","formatid":"gen9nationaldex","rating":1000,"private":0,"password":""}