{"id":"gen9nationaldex-1993182462","p1":"Caden_B_Fadin","p2":"angzilovefansher","format":"[Gen 9] National Dex","log":"|j|\u2606Caden_B_Fadin\n|j|\u2606angzilovefansher\n|t:|1700274894\n|gametype|singles\n|player|p1|Caden_B_Fadin|roughneck-gen4|1422\n|player|p2|angzilovefansher|norman|1346\n|teamsize|p1|6\n|teamsize|p2|6\n|gen|9\n|tier|[Gen 9] National Dex\n|rated|\n|rule|HP Percentage Mod: HP is shown in percentages\n|rule|Endless Battle Clause: Forcing endless battles is banned\n|rule|OHKO Clause: OHKO moves are banned\n|rule|Evasion Clause: Evasion abilities, items, and moves are banned\n|rule|Evasion Abilities Clause: Evasion abilities are banned\n|rule|Evasion Items Clause: Evasion items are banned\n|rule|Evasion Moves Clause: Evasion moves are banned\n|rule|Species Clause: Limit one of each Pok\u00e9mon\n|rule|Sleep Clause Mod: Limit one foe put to sleep\n|clearpoke\n|poke|p1|Zapdos|\n|poke|p1|Diancie|\n|poke|p1|Great Tusk|\n|poke|p1|Toxapex, M|\n|poke|p1|Heatran, F|\n|poke|p1|Weavile, F|\n|poke|p2|Ursaluna, F|\n|poke|p2|Porygon2|\n|poke|p2|Exploud, F|\n|poke|p2|Ditto|\n|poke|p2|Audino, F|\n|poke|p2|Cinccino, M|\n|teampreview\n|inactive|Battle timer is ON: inactive players will automatically lose when time's up. (requested by Caden_B_Fadin)\n|c|\u2606Caden_B_Fadin|glhd\n|\n|t:|1700274913\n|start\n|switch|p1a: Zapdos|Zapdos|100\/100\n|switch|p2a: Ursaluna|Ursaluna, F|100\/100\n|turn|1\n|\n|t:|1700274919\n|switch|p2a: Audino|Audino, F|100\/100\n|-zpower|p1a: Zapdos\n|move|p1a: Zapdos|Supersonic Skystrike|p2a: Audino|[zeffect]\n|-damage|p2a: Audino|36\/100\n|\n|upkeep\n|turn|2\n|\n|t:|1700274924\n|detailschange|p2a: Audino|Audino-Mega, F\n|-mega|p2a: Audino|Audino|Audinite\n|move|p1a: Zapdos|Thunderbolt|p2a: Audino\n|-damage|p2a: Audino|9\/100\n|move|p2a: Audino|Trick Room|p2a: Audino\n|-fieldstart|move: Trick Room|[of] p2a: Audino\n|\n|upkeep\n|turn|3\n|\n|t:|1700274929\n|move|p2a: Audino|Healing Wish|p2a: Audino\n|faint|p2a: Audino\n|move|p1a: Zapdos|Volt Switch|p2: Audino|[notarget]\n|-fail|p1a: Zapdos\n|\n|upkeep\n|\n|t:|1700274932\n|switch|p2a: Exploud|Exploud, F|100\/100\n|turn|4\n|\n|t:|1700274934\n|-terastallize|p2a: Exploud|Normal\n|move|p2a: Exploud|Boomburst|p1a: Zapdos\n|-damage|p1a: Zapdos|0 fnt\n|faint|p1a: Zapdos\n|\n|upkeep\n|\n|t:|1700274937\n|switch|p1a: Heatran|Heatran, F|100\/100\n|turn|5\n|\n|t:|1700274940\n|move|p2a: Exploud|Boomburst|p1a: Heatran\n|-resisted|p1a: Heatran\n|-damage|p1a: Heatran|58\/100\n|move|p1a: Heatran|Stealth Rock|p2a: Exploud\n|-sidestart|p2: angzilovefansher|move: Stealth Rock\n|\n|-heal|p1a: Heatran|64\/100|[from] item: Leftovers\n|upkeep\n|turn|6\n|\n|t:|1700274950\n|switch|p2a: Ursaluna|Ursaluna, F|100\/100\n|-damage|p2a: Ursaluna|94\/100|[from] Stealth Rock\n|move|p1a: Heatran|Magma Storm|p2a: Ursaluna|[miss]\n|-miss|p1a: Heatran|p2a: Ursaluna\n|\n|-heal|p1a: Heatran|70\/100|[from] item: Leftovers\n|-fieldend|move: Trick Room\n|-status|p2a: Ursaluna|brn|[from] item: Flame Orb\n|upkeep\n|turn|7\n|\n|t:|1700274955\n|switch|p2a: Porygon2|Porygon2|100\/100\n|-damage|p2a: Porygon2|88\/100|[from] Stealth Rock\n|-ability|p2a: Porygon2|Flash Fire|[from] ability: Trace|[of] p1a: Heatran\n|move|p1a: Heatran|Magma Storm|p2a: Porygon2\n|-start|p2a: Porygon2|ability: Flash Fire\n|\n|-heal|p1a: Heatran|76\/100|[from] item: Leftovers\n|upkeep\n|turn|8\n|\n|t:|1700274958\n|move|p1a: Heatran|Toxic|p2a: Porygon2|[miss]\n|-miss|p1a: Heatran|p2a: Porygon2\n|move|p2a: Porygon2|Trick Room|p2a: Porygon2\n|-fieldstart|move: Trick Room|[of] p2a: Porygon2\n|\n|-heal|p1a: Heatran|83\/100|[from] item: Leftovers\n|upkeep\n|turn|9\n|\n|t:|1700274964\n|move|p1a: Heatran|Toxic|p2a: Porygon2\n|-status|p2a: Porygon2|tox\n|move|p2a: Porygon2|Teleport|p2a: Porygon2\n|\n|t:|1700274966\n|-end|p2a: Porygon2|ability: Flash Fire|[silent]\n|switch|p2a: Ursaluna|Ursaluna, F|94\/100 brn|[from] Teleport\n|-heal|p2a: Ursaluna|100\/100|[from] move: Healing Wish\n|-damage|p2a: Ursaluna|94\/100|[from] Stealth Rock\n|\n|-heal|p1a: Heatran|89\/100|[from] item: Leftovers\n|-status|p2a: Ursaluna|brn|[from] item: Flame Orb\n|upkeep\n|turn|10\n|\n|t:|1700274971\n|-terastallize|p1a: Heatran|Grass\n|move|p2a: Ursaluna|Headlong Rush|p1a: Heatran\n|-resisted|p1a: Heatran\n|-damage|p1a: Heatran|45\/100\n|-unboost|p2a: Ursaluna|def|1\n|-unboost|p2a: Ursaluna|spd|1\n|move|p1a: Heatran|Magma Storm|p2a: Ursaluna\n|-damage|p2a: Ursaluna|37\/100 brn\n|-activate|p2a: Ursaluna|move: Magma Storm|[of] p1a: Heatran\n|\n|-heal|p1a: Heatran|51\/100|[from] item: Leftovers\n|-damage|p2a: Ursaluna|31\/100 brn|[from] brn\n|-damage|p2a: Ursaluna|18\/100 brn|[from] move: Magma Storm|[partiallytrapped]\n|upkeep\n|turn|11\n|\n|t:|1700274979\n|move|p2a: Ursaluna|Facade|p1a: Heatran\n|-damage|p1a: Heatran|0 fnt\n|faint|p1a: Heatran\n|\n|-damage|p2a: Ursaluna|12\/100 brn|[from] brn\n|-end|p2a: Ursaluna|Magma Storm|[partiallytrapped]|[silent]\n|upkeep\n|\n|t:|1700274983\n|switch|p1a: Weavile|Weavile, F|100\/100\n|-ability|p1a: Weavile|Pressure\n|turn|12\n|\n|t:|1700274988\n|move|p1a: Weavile|Ice Shard|p2a: Ursaluna\n|-supereffective|p2a: Ursaluna\n|-damage|p2a: Ursaluna|0 fnt\n|faint|p2a: Ursaluna\n|\n|-fieldend|move: Trick Room\n|upkeep\n|\n|t:|1700274993\n|switch|p2a: Ditto|Ditto|100\/100\n|-damage|p2a: Ditto|88\/100|[from] Stealth Rock\n|-transform|p2a: Ditto|p1a: Weavile|[from] ability: Imposter\n|-ability|p2a: Ditto|Pressure\n|turn|13\n|\n|t:|1700274998\n|switch|p1a: Toxapex|Toxapex, M|100\/100\n|move|p2a: Ditto|Knock Off|p1a: Toxapex\n|-damage|p1a: Toxapex|72\/100\n|-enditem|p1a: Toxapex|Eject Button|[from] move: Knock Off|[of] p2a: Ditto\n|\n|upkeep\n|turn|14\n|\n|t:|1700275005\n|switch|p2a: Porygon2|Porygon2|88\/100 tox\n|-damage|p2a: Porygon2|76\/100 tox|[from] Stealth Rock\n|-ability|p2a: Porygon2|Regenerator|[from] ability: Trace|[of] p1a: Toxapex\n|move|p1a: Toxapex|Scald|p2a: Porygon2\n|-damage|p2a: Porygon2|66\/100 tox\n|\n|-damage|p2a: Porygon2|60\/100 tox|[from] psn\n|upkeep\n|turn|15\n|\n|t:|1700275010\n|move|p2a: Porygon2|Recover|p2a: Porygon2\n|-heal|p2a: Porygon2|100\/100 tox\n|move|p1a: Toxapex|Recover|p1a: Toxapex\n|-heal|p1a: Toxapex|100\/100\n|\n|-damage|p2a: Porygon2|88\/100 tox|[from] psn\n|upkeep\n|turn|16\n|\n|t:|1700275013\n|move|p1a: Toxapex|Scald|p2a: Porygon2\n|-damage|p2a: Porygon2|78\/100 tox\n|move|p2a: Porygon2|Teleport|p2a: Porygon2\n|\n|t:|1700275015\n|switch|p2a: Exploud|Exploud, F, tera:Normal|100\/100|[from] Teleport\n|-damage|p2a: Exploud|88\/100|[from] Stealth Rock\n|\n|upkeep\n|turn|17\n|\n|t:|1700275022\n|move|p2a: Exploud|Boomburst|p1a: Toxapex\n|-damage|p1a: Toxapex|3\/100\n|move|p1a: Toxapex|Toxic|p2a: Exploud\n|-status|p2a: Exploud|tox\n|\n|-damage|p2a: Exploud|82\/100 tox|[from] psn\n|upkeep\n|turn|18\n|\n|t:|1700275026\n|switch|p1a: Diancie|Diancie|100\/100\n|move|p2a: Exploud|Boomburst|p1a: Diancie\n|-resisted|p1a: Diancie\n|-damage|p1a: Diancie|32\/100\n|\n|-damage|p2a: Exploud|70\/100 tox|[from] psn\n|upkeep\n|turn|19\n|\n|t:|1700275031\n|switch|p2a: Porygon2|Porygon2|100\/100 tox\n|-damage|p2a: Porygon2|88\/100 tox|[from] Stealth Rock\n|-ability|p2a: Porygon2|Clear Body|[from] ability: Trace|[of] p1a: Diancie\n|detailschange|p1a: Diancie|Diancie-Mega\n|-mega|p1a: Diancie|Diancie|Diancite\n|move|p1a: Diancie|Moonblast|p2a: Porygon2\n|-damage|p2a: Porygon2|50\/100 tox\n|\n|-damage|p2a: Porygon2|44\/100 tox|[from] psn\n|upkeep\n|turn|20\n|\n|t:|1700275040\n|move|p1a: Diancie|Diamond Storm|p2a: Porygon2\n|-damage|p2a: Porygon2|17\/100 tox\n|-boost|p1a: Diancie|def|2\n|move|p2a: Porygon2|Trick Room|p2a: Porygon2\n|-fieldstart|move: Trick Room|[of] p2a: Porygon2\n|\n|-damage|p2a: Porygon2|5\/100 tox|[from] psn\n|upkeep\n|turn|21\n|\n|t:|1700275045\n|move|p1a: Diancie|Diamond Storm|p2a: Porygon2\n|-damage|p2a: Porygon2|0 fnt\n|faint|p2a: Porygon2\n|\n|upkeep\n|\n|t:|1700275047\n|switch|p2a: Exploud|Exploud, F, tera:Normal|70\/100 tox\n|-damage|p2a: Exploud|58\/100 tox|[from] Stealth Rock\n|turn|22\n|\n|t:|1700275049\n|move|p2a: Exploud|Boomburst|p1a: Diancie\n|-resisted|p1a: Diancie\n|-damage|p1a: Diancie|0 fnt\n|faint|p1a: Diancie\n|\n|-damage|p2a: Exploud|51\/100 tox|[from] psn\n|upkeep\n|\n|t:|1700275053\n|switch|p1a: Weavile|Weavile, F|100\/100\n|-ability|p1a: Weavile|Pressure\n|turn|23\n|\n|t:|1700275055\n|move|p1a: Weavile|Ice Shard|p2a: Exploud\n|-damage|p2a: Exploud|14\/100 tox\n|move|p2a: Exploud|Boomburst|p1a: Weavile\n|-damage|p1a: Weavile|0 fnt\n|faint|p1a: Weavile\n|\n|-damage|p2a: Exploud|2\/100 tox|[from] psn\n|upkeep\n|\n|t:|1700275061\n|switch|p1a: Toxapex|Toxapex, M|37\/100\n|turn|24\n|\n|t:|1700275063\n|move|p1a: Toxapex|Recover|p1a: Toxapex\n|-heal|p1a: Toxapex|87\/100\n|move|p2a: Exploud|Boomburst|p1a: Toxapex\n|-damage|p1a: Toxapex|0 fnt\n|faint|p1a: Toxapex\n|\n|-damage|p2a: Exploud|0 fnt|[from] psn\n|faint|p2a: Exploud\n|-fieldend|move: Trick Room\n|upkeep\n|\n|t:|1700275066\n|switch|p2a: Cinccino|Cinccino, M|100\/100\n|switch|p1a: Great Tusk|Great Tusk|100\/100\n|-damage|p2a: Cinccino|88\/100|[from] Stealth Rock\n|turn|25\n|\n|t:|1700275069\n|move|p2a: Cinccino|Bullet Seed|p1a: Great Tusk\n|-supereffective|p1a: Great Tusk\n|-crit|p1a: Great Tusk\n|-damage|p1a: Great Tusk|77\/100\n|-supereffective|p1a: Great Tusk\n|-damage|p1a: Great Tusk|61\/100\n|-supereffective|p1a: Great Tusk\n|-damage|p1a: Great Tusk|44\/100\n|-supereffective|p1a: Great Tusk\n|-damage|p1a: Great Tusk|29\/100\n|-hitcount|p1a: Great Tusk|4\n|move|p1a: Great Tusk|Rapid Spin|p2a: Cinccino\n|-damage|p2a: Cinccino|59\/100\n|-boost|p1a: Great Tusk|spe|1\n|\n|upkeep\n|turn|26\n|\n|t:|1700275078\n|move|p1a: Great Tusk|Earthquake|p2a: Cinccino\n|-damage|p2a: Cinccino|0 fnt\n|faint|p2a: Cinccino\n|\n|upkeep\n|\n|t:|1700275080\n|switch|p2a: Ditto|Ditto|88\/100\n|-damage|p2a: Ditto|76\/100|[from] Stealth Rock\n|-transform|p2a: Ditto|p1a: Great Tusk|[from] ability: Imposter\n|turn|27\n|\n|t:|1700275083\n|move|p1a: Great Tusk|Close Combat|p2a: Ditto\n|-damage|p2a: Ditto|17\/100\n|-unboost|p1a: Great Tusk|def|1\n|-unboost|p1a: Great Tusk|spd|1\n|move|p2a: Ditto|Ice Spinner|p1a: Great Tusk\n|-supereffective|p1a: Great Tusk\n|-damage|p1a: Great Tusk|0 fnt\n|faint|p1a: Great Tusk\n|-end|p1a: Great Tusk|Protosynthesis|[silent]\n|\n|win|angzilovefansher\n|raw|Caden_B_Fadin's rating: 1422 &rarr; <strong>1398<\/strong><br \/>(-24 for losing)\n|raw|angzilovefansher's rating: 1346 &rarr; <strong>1370<\/strong><br \/>(+24 for winning)\n|l|\u2606Caden_B_Fadin\n","uploadtime":1700275091,"views":9,"p1id":"cadenbfadin","p2id":"angzilovefansher","formatid":"gen9nationaldex","rating":1370,"private":0,"password":""}