{"id":"gen9nationaldex-1995875836","p1":"sampl_txt","p2":"lg love lp","format":"[Gen 9] National Dex","log":"|html|<div class=\"broadcast-blue\"><strong>[Gen 9] National Dex is currently suspecting Sneasler! For information on how to participate check out the <a href=\"https:\/\/www.smogon.com\/forums\/threads\/sv-national-dex-suspect-8-just-dance.3731534\/\">suspect thread<\/a>.<\/strong><\/div>\n|j|\u2606sampl_txt\n|j|\u2606lg love lp\n|t:|1700612420\n|gametype|singles\n|player|p1|sampl_txt|fisherman-gen3|1508\n|player|p2|lg love lp|cynthia-masters|1575\n|teamsize|p1|6\n|teamsize|p2|6\n|gen|9\n|tier|[Gen 9] National Dex\n|rated|\n|rule|HP Percentage Mod: HP is shown in percentages\n|rule|Endless Battle Clause: Forcing endless battles is banned\n|rule|OHKO Clause: OHKO moves are banned\n|rule|Evasion Clause: Evasion abilities, items, and moves are banned\n|rule|Evasion Abilities Clause: Evasion abilities are banned\n|rule|Evasion Items Clause: Evasion items are banned\n|rule|Evasion Moves Clause: Evasion moves are banned\n|rule|Species Clause: Limit one of each Pok\u00e9mon\n|rule|Sleep Clause Mod: Limit one foe put to sleep\n|clearpoke\n|poke|p1|Infernape, M|\n|poke|p1|Tapu Lele|\n|poke|p1|Great Tusk|\n|poke|p1|Ferrothorn, M|\n|poke|p1|Sneasler, F|\n|poke|p1|Beedrill, F|\n|poke|p2|Greninja-*, M|\n|poke|p2|Slowking-Galar, F|\n|poke|p2|Heatran, M|\n|poke|p2|Rillaboom, M|\n|poke|p2|Medicham, F|\n|poke|p2|Gliscor, M|\n|teampreview\n|\n|t:|1700612428\n|start\n|switch|p1a: Beedrill|Beedrill, F|100\/100\n|switch|p2a: Medicham|Medicham, F|100\/100\n|turn|1\n|\n|t:|1700612431\n|detailschange|p2a: Medicham|Medicham-Mega, F\n|-mega|p2a: Medicham|Medicham|Medichamite\n|detailschange|p1a: Beedrill|Beedrill-Mega, F\n|-mega|p1a: Beedrill|Beedrill|Beedrillite\n|move|p2a: Medicham|Fake Out|p1a: Beedrill\n|-damage|p1a: Beedrill|37\/100\n|cant|p1a: Beedrill|flinch\n|\n|upkeep\n|turn|2\n|\n|t:|1700612446\n|switch|p2a: Heatran|Heatran, M|100\/100\n|move|p1a: Beedrill|U-turn|p2a: Heatran\n|-resisted|p2a: Heatran\n|-damage|p2a: Heatran|90\/100\n|\n|t:|1700612454\n|switch|p1a: Great Tusk|Great Tusk|100\/100|[from] U-turn\n|\n|-heal|p2a: Heatran|96\/100|[from] item: Leftovers\n|upkeep\n|turn|3\n|\n|t:|1700612463\n|switch|p2a: Rillaboom|Rillaboom, M|100\/100\n|-fieldstart|move: Grassy Terrain|[from] ability: Grassy Surge|[of] p2a: Rillaboom\n|move|p1a: Great Tusk|Stealth Rock|p2a: Rillaboom\n|-sidestart|p2: lg love lp|move: Stealth Rock\n|\n|upkeep\n|turn|4\n|\n|t:|1700612469\n|move|p2a: Rillaboom|U-turn|p1a: Great Tusk\n|-resisted|p1a: Great Tusk\n|-damage|p1a: Great Tusk|91\/100\n|\n|t:|1700612477\n|switch|p2a: Slowking|Slowking-Galar, F|100\/100|[from] U-turn\n|move|p1a: Great Tusk|Ice Spinner|p2a: Slowking\n|-damage|p2a: Slowking|82\/100\n|-fieldend|move: Grassy Terrain\n|\n|-heal|p1a: Great Tusk|97\/100|[from] item: Leftovers\n|upkeep\n|turn|5\n|\n|t:|1700612492\n|switch|p2a: Gliscor|Gliscor, M|100\/100\n|-damage|p2a: Gliscor|88\/100|[from] Stealth Rock\n|move|p1a: Great Tusk|Earthquake|p2a: Gliscor\n|-immune|p2a: Gliscor\n|\n|-heal|p1a: Great Tusk|100\/100|[from] item: Leftovers\n|-status|p2a: Gliscor|tox|[from] item: Toxic Orb\n|upkeep\n|turn|6\n|\n|t:|1700612501\n|-end|p1a: Great Tusk|Protosynthesis|[silent]\n|switch|p1a: Ferrothorn|Ferrothorn, M|100\/100\n|move|p2a: Gliscor|Protect||[still]\n|-fail|p2a: Gliscor\n|\n|-heal|p2a: Gliscor|100\/100 tox|[from] ability: Poison Heal\n|upkeep\n|turn|7\n|\n|t:|1700612506\n|move|p2a: Gliscor|Defog|p1a: Ferrothorn\n|-unboost|p1a: Ferrothorn|evasion|1\n|-sideend|p2: lg love lp|Stealth Rock|[from] move: Defog|[of] p2a: Gliscor\n|move|p1a: Ferrothorn|Spikes|p2a: Gliscor\n|-sidestart|p2: lg love lp|Spikes\n|\n|upkeep\n|turn|8\n|\n|t:|1700612514\n|switch|p1a: Tapu Lele|Tapu Lele|100\/100\n|-fieldstart|move: Psychic Terrain|[from] ability: Psychic Surge|[of] p1a: Tapu Lele\n|move|p2a: Gliscor|Defog|p1a: Tapu Lele\n|-unboost|p1a: Tapu Lele|evasion|1\n|-sideend|p2: lg love lp|Spikes|[from] move: Defog|[of] p2a: Gliscor\n|-fieldend|move: Psychic Terrain\n|\n|upkeep\n|turn|9\n|\n|t:|1700612521\n|move|p1a: Tapu Lele|Focus Blast|p2a: Gliscor|[miss]\n|-miss|p1a: Tapu Lele|p2a: Gliscor\n|move|p2a: Gliscor|Toxic|p1a: Tapu Lele\n|-status|p1a: Tapu Lele|tox\n|\n|-damage|p1a: Tapu Lele|94\/100 tox|[from] psn\n|upkeep\n|turn|10\n|\n|t:|1700612530\n|switch|p1a: Ferrothorn|Ferrothorn, M|100\/100\n|move|p2a: Gliscor|Toxic|p1a: Ferrothorn\n|-immune|p1a: Ferrothorn\n|\n|upkeep\n|turn|11\n|\n|t:|1700612532\n|switch|p2a: Heatran|Heatran, M|96\/100\n|move|p1a: Ferrothorn|Stealth Rock|p2a: Heatran\n|-sidestart|p2: lg love lp|move: Stealth Rock\n|\n|-heal|p2a: Heatran|100\/100|[from] item: Leftovers\n|upkeep\n|turn|12\n|\n|t:|1700612537\n|switch|p1a: Infernape|Infernape, M|100\/100\n|move|p2a: Heatran|Magma Storm|p1a: Infernape|[miss]\n|-miss|p2a: Heatran|p1a: Infernape\n|\n|upkeep\n|turn|13\n|\n|t:|1700612552\n|switch|p2a: Slowking|Slowking-Galar, F|100\/100\n|move|p1a: Infernape|U-turn|p2a: Slowking\n|-damage|p2a: Slowking|77\/100\n|\n|t:|1700612554\n|switch|p1a: Beedrill|Beedrill-Mega, F|37\/100|[from] U-turn\n|\n|upkeep\n|turn|14\n|\n|t:|1700612560\n|switch|p2a: Gliscor|Gliscor, M|100\/100 tox\n|-damage|p2a: Gliscor|88\/100 tox|[from] Stealth Rock\n|move|p1a: Beedrill|Knock Off|p2a: Gliscor\n|-damage|p2a: Gliscor|60\/100 tox\n|-enditem|p2a: Gliscor|Toxic Orb|[from] move: Knock Off|[of] p1a: Beedrill\n|\n|-heal|p2a: Gliscor|72\/100 tox|[from] ability: Poison Heal\n|upkeep\n|turn|15\n|\n|t:|1700612569\n|move|p1a: Beedrill|U-turn|p2a: Gliscor\n|-resisted|p2a: Gliscor\n|-damage|p2a: Gliscor|52\/100 tox\n|\n|t:|1700612577\n|switch|p1a: Ferrothorn|Ferrothorn, M|100\/100|[from] U-turn\n|move|p2a: Gliscor|Defog|p1a: Ferrothorn\n|-unboost|p1a: Ferrothorn|evasion|1\n|-sideend|p2: lg love lp|Stealth Rock|[from] move: Defog|[of] p2a: Gliscor\n|\n|-heal|p2a: Gliscor|65\/100 tox|[from] ability: Poison Heal\n|upkeep\n|turn|16\n|\n|t:|1700612581\n|switch|p2a: Heatran|Heatran, M|100\/100\n|move|p1a: Ferrothorn|Stealth Rock|p2a: Heatran\n|-sidestart|p2: lg love lp|move: Stealth Rock\n|\n|upkeep\n|turn|17\n|\n|t:|1700612587\n|switch|p1a: Infernape|Infernape, M|100\/100\n|move|p2a: Heatran|Earth Power|p1a: Infernape\n|-supereffective|p1a: Infernape\n|-damage|p1a: Infernape|19\/100\n|-unboost|p1a: Infernape|spd|1\n|\n|upkeep\n|turn|18\n|\n|t:|1700612597\n|switch|p2a: Slowking|Slowking-Galar, F|100\/100\n|move|p1a: Infernape|Raging Fury|p2a: Slowking\n|-damage|p2a: Slowking|6\/100\n|\n|upkeep\n|turn|19\n|\n|t:|1700612609\n|move|p1a: Infernape|Raging Fury|p2a: Slowking|[from]lockedmove\n|-damage|p2a: Slowking|0 fnt\n|faint|p2a: Slowking\n|\n|upkeep\n|\n|t:|1700612625\n|switch|p2a: Medicham|Medicham-Mega, F|100\/100\n|-damage|p2a: Medicham|94\/100|[from] Stealth Rock\n|turn|20\n|\n|t:|1700612630\n|move|p2a: Medicham|Fake Out|p1a: Infernape\n|-damage|p1a: Infernape|0 fnt\n|faint|p1a: Infernape\n|\n|upkeep\n|\n|t:|1700612633\n|switch|p1a: Beedrill|Beedrill-Mega, F|37\/100\n|turn|21\n|\n|t:|1700612639\n|switch|p2a: Gliscor|Gliscor, M|65\/100 tox\n|-damage|p2a: Gliscor|52\/100 tox|[from] Stealth Rock\n|move|p1a: Beedrill|U-turn|p2a: Gliscor\n|-resisted|p2a: Gliscor\n|-damage|p2a: Gliscor|31\/100 tox\n|\n|t:|1700612647\n|switch|p1a: Great Tusk|Great Tusk|100\/100|[from] U-turn\n|\n|-heal|p2a: Gliscor|43\/100 tox|[from] ability: Poison Heal\n|upkeep\n|turn|22\n|\n|t:|1700612650\n|-end|p1a: Great Tusk|Protosynthesis|[silent]\n|switch|p1a: Tapu Lele|Tapu Lele|94\/100 tox\n|-fieldstart|move: Psychic Terrain|[from] ability: Psychic Surge|[of] p1a: Tapu Lele\n|move|p2a: Gliscor|Protect||[still]\n|-fail|p2a: Gliscor\n|\n|-damage|p1a: Tapu Lele|88\/100 tox|[from] psn\n|-heal|p2a: Gliscor|56\/100 tox|[from] ability: Poison Heal\n|upkeep\n|turn|23\n|\n|t:|1700612652\n|move|p2a: Gliscor|Protect|p2a: Gliscor\n|-singleturn|p2a: Gliscor|Protect\n|move|p1a: Tapu Lele|Focus Blast|p2a: Gliscor\n|-activate|p2a: Gliscor|move: Protect\n|\n|-damage|p1a: Tapu Lele|76\/100 tox|[from] psn\n|-heal|p2a: Gliscor|68\/100 tox|[from] ability: Poison Heal\n|upkeep\n|turn|24\n|\n|t:|1700612661\n|switch|p1a: Ferrothorn|Ferrothorn, M|100\/100\n|move|p2a: Gliscor|Earthquake|p1a: Ferrothorn\n|-damage|p1a: Ferrothorn|82\/100\n|\n|-heal|p2a: Gliscor|81\/100 tox|[from] ability: Poison Heal\n|upkeep\n|turn|25\n|\n|t:|1700612684\n|switch|p1a: Sneasler|Sneasler, F|100\/100\n|-enditem|p1a: Sneasler|Psychic Seed\n|-boost|p1a: Sneasler|spd|1|[from] item: Psychic Seed\n|move|p2a: Gliscor|Defog|p1a: Sneasler\n|-unboost|p1a: Sneasler|evasion|1\n|-sideend|p2: lg love lp|Stealth Rock|[from] move: Defog|[of] p2a: Gliscor\n|-fieldend|move: Psychic Terrain\n|\n|-heal|p2a: Gliscor|93\/100 tox|[from] ability: Poison Heal\n|upkeep\n|turn|26\n|\n|t:|1700612697\n|-terastallize|p1a: Sneasler|Flying\n|move|p1a: Sneasler|Swords Dance|p1a: Sneasler\n|-boost|p1a: Sneasler|atk|2\n|move|p2a: Gliscor|Earthquake|p1a: Sneasler\n|-immune|p1a: Sneasler\n|\n|-heal|p2a: Gliscor|100\/100 tox|[from] ability: Poison Heal\n|upkeep\n|turn|27\n|\n|t:|1700612706\n|move|p1a: Sneasler|Acrobatics|p2a: Gliscor\n|-damage|p2a: Gliscor|9\/100 tox\n|move|p2a: Gliscor|Toxic|p1a: Sneasler\n|-status|p1a: Sneasler|tox\n|\n|-damage|p1a: Sneasler|95\/100 tox|[from] psn\n|-heal|p2a: Gliscor|22\/100 tox|[from] ability: Poison Heal\n|upkeep\n|turn|28\n|\n|t:|1700612711\n|move|p2a: Gliscor|Protect|p2a: Gliscor\n|-singleturn|p2a: Gliscor|Protect\n|move|p1a: Sneasler|Swords Dance|p1a: Sneasler\n|-boost|p1a: Sneasler|atk|2\n|\n|-damage|p1a: Sneasler|83\/100 tox|[from] psn\n|-heal|p2a: Gliscor|34\/100 tox|[from] ability: Poison Heal\n|upkeep\n|turn|29\n|\n|t:|1700612728\n|switch|p2a: Greninja|Greninja, M|100\/100\n|move|p1a: Sneasler|Acrobatics|p2a: Greninja\n|-damage|p2a: Greninja|0 fnt\n|faint|p2a: Greninja\n|\n|-damage|p1a: Sneasler|65\/100 tox|[from] psn\n|upkeep\n|\n|t:|1700612734\n|switch|p2a: Medicham|Medicham-Mega, F|94\/100\n|turn|30\n|\n|t:|1700612737\n|move|p2a: Medicham|Fake Out|p1a: Sneasler\n|-damage|p1a: Sneasler|26\/100 tox\n|cant|p1a: Sneasler|flinch\n|\n|-damage|p1a: Sneasler|2\/100 tox|[from] psn\n|upkeep\n|turn|31\n|\n|t:|1700612754\n|switch|p2a: Gliscor|Gliscor, M|34\/100 tox\n|move|p1a: Sneasler|Close Combat|p2a: Gliscor\n|-resisted|p2a: Gliscor\n|-damage|p2a: Gliscor|0 fnt\n|-unboost|p1a: Sneasler|def|1\n|-unboost|p1a: Sneasler|spd|1\n|faint|p2a: Gliscor\n|\n|-damage|p1a: Sneasler|0 fnt|[from] psn\n|faint|p1a: Sneasler\n|upkeep\n|\n|t:|1700612762\n|switch|p1a: Tapu Lele|Tapu Lele|76\/100 tox\n|switch|p2a: Rillaboom|Rillaboom, M|100\/100\n|-fieldstart|move: Psychic Terrain|[from] ability: Psychic Surge|[of] p1a: Tapu Lele\n|-fieldstart|move: Grassy Terrain|[from] ability: Grassy Surge|[of] p2a: Rillaboom\n|turn|32\n|\n|t:|1700612770\n|switch|p1a: Ferrothorn|Ferrothorn, M|82\/100\n|move|p2a: Rillaboom|U-turn|p1a: Ferrothorn\n|-damage|p1a: Ferrothorn|60\/100\n|-damage|p2a: Rillaboom|88\/100|[from] ability: Iron Barbs|[of] p1a: Ferrothorn\n|-damage|p2a: Rillaboom|72\/100|[from] item: Rocky Helmet|[of] p1a: Ferrothorn\n|\n|t:|1700612772\n|switch|p2a: Heatran|Heatran, M|100\/100|[from] U-turn\n|\n|-heal|p1a: Ferrothorn|66\/100|[from] Grassy Terrain\n|upkeep\n|turn|33\n|\n|t:|1700612780\n|move|p2a: Heatran|Magma Storm|p1a: Ferrothorn\n|-supereffective|p1a: Ferrothorn\n|-damage|p1a: Ferrothorn|0 fnt\n|faint|p1a: Ferrothorn\n|\n|upkeep\n|\n|t:|1700612784\n|switch|p1a: Great Tusk|Great Tusk|100\/100\n|turn|34\n|\n|t:|1700612795\n|move|p1a: Great Tusk|Earthquake|p2a: Heatran\n|-supereffective|p2a: Heatran\n|-damage|p2a: Heatran|28\/100\n|move|p2a: Heatran|Earth Power|p1a: Great Tusk\n|-damage|p1a: Great Tusk|64\/100\n|\n|-heal|p1a: Great Tusk|70\/100|[from] Grassy Terrain\n|-heal|p1a: Great Tusk|77\/100|[from] item: Leftovers\n|-heal|p2a: Heatran|34\/100|[from] Grassy Terrain\n|-heal|p2a: Heatran|40\/100|[from] item: Leftovers\n|upkeep\n|turn|35\n|\n|t:|1700612800\n|move|p1a: Great Tusk|Earthquake|p2a: Heatran\n|-supereffective|p2a: Heatran\n|-damage|p2a: Heatran|0 fnt\n|faint|p2a: Heatran\n|\n|-heal|p1a: Great Tusk|83\/100|[from] Grassy Terrain\n|-heal|p1a: Great Tusk|89\/100|[from] item: Leftovers\n|upkeep\n|\n|t:|1700612803\n|switch|p2a: Rillaboom|Rillaboom, M|72\/100\n|turn|36\n|\n|t:|1700612812\n|-terastallize|p2a: Rillaboom|Grass\n|move|p2a: Rillaboom|Grassy Glide|p1a: Great Tusk\n|-supereffective|p1a: Great Tusk\n|-damage|p1a: Great Tusk|7\/100\n|move|p1a: Great Tusk|Ice Spinner|p2a: Rillaboom\n|-supereffective|p2a: Rillaboom\n|-damage|p2a: Rillaboom|17\/100\n|-fieldend|move: Grassy Terrain\n|\n|-heal|p1a: Great Tusk|13\/100|[from] item: Leftovers\n|upkeep\n|turn|37\n|\n|t:|1700612822\n|switch|p2a: Medicham|Medicham-Mega, F|94\/100\n|move|p1a: Great Tusk|Earthquake|p2a: Medicham\n|-damage|p2a: Medicham|24\/100\n|\n|-heal|p1a: Great Tusk|19\/100|[from] item: Leftovers\n|upkeep\n|turn|38\n|\n|t:|1700612839\n|move|p2a: Medicham|Ice Punch|p1a: Great Tusk\n|-supereffective|p1a: Great Tusk\n|-damage|p1a: Great Tusk|0 fnt\n|faint|p1a: Great Tusk\n|-end|p1a: Great Tusk|Protosynthesis|[silent]\n|\n|upkeep\n|\n|t:|1700612845\n|switch|p1a: Beedrill|Beedrill-Mega, F|37\/100\n|turn|39\n|\n|t:|1700612856\n|move|p1a: Beedrill|Poison Jab|p2a: Medicham\n|-damage|p2a: Medicham|0 fnt\n|faint|p2a: Medicham\n|\n|upkeep\n|\n|t:|1700612858\n|switch|p2a: Rillaboom|Rillaboom, M, tera:Grass|17\/100\n|-fieldstart|move: Grassy Terrain|[from] ability: Grassy Surge|[of] p2a: Rillaboom\n|turn|40\n|\n|t:|1700612860\n|move|p2a: Rillaboom|Grassy Glide|p1a: Beedrill\n|-resisted|p1a: Beedrill\n|-damage|p1a: Beedrill|0 fnt\n|faint|p1a: Beedrill\n|\n|-heal|p2a: Rillaboom|23\/100|[from] Grassy Terrain\n|upkeep\n|\n|t:|1700612863\n|switch|p1a: Tapu Lele|Tapu Lele|76\/100 tox\n|-fieldstart|move: Psychic Terrain|[from] ability: Psychic Surge|[of] p1a: Tapu Lele\n|turn|41\n|\n|t:|1700612864\n|move|p1a: Tapu Lele|Psychic|p2a: Rillaboom\n|-damage|p2a: Rillaboom|0 fnt\n|faint|p2a: Rillaboom\n|\n|win|sampl_txt\n|raw|sampl_txt's rating: 1508 &rarr; <strong>1532<\/strong><br \/>(+24 for winning)\n|raw|lg love lp's rating: 1575 &rarr; <strong>1551<\/strong><br \/>(-24 for losing)\n|l|\u2606lg love lp\n|c|\u2606sampl_txt|gg\n","uploadtime":1700612870,"views":0,"p1id":"sampltxt","p2id":"lglovelp","formatid":"gen9nationaldex","rating":1532,"private":0,"password":""}