{"id":"gen9nationaldex-1989747947","p1":"Jayson Sky","p2":"Lufano5","format":"[Gen 9] National Dex","log":"|j|\u2606Jayson Sky\n|j|\u2606Lufano5\n|t:|1699892367\n|gametype|singles\n|player|p1|Jayson Sky|1|1060\n|player|p2|Lufano5|1|1019\n|teamsize|p1|6\n|teamsize|p2|6\n|gen|9\n|tier|[Gen 9] National Dex\n|rated|\n|rule|HP Percentage Mod: HP is shown in percentages\n|rule|Endless Battle Clause: Forcing endless battles is banned\n|rule|OHKO Clause: OHKO moves are banned\n|rule|Evasion Clause: Evasion abilities, items, and moves are banned\n|rule|Evasion Abilities Clause: Evasion abilities are banned\n|rule|Evasion Items Clause: Evasion items are banned\n|rule|Evasion Moves Clause: Evasion moves are banned\n|rule|Species Clause: Limit one of each Pok\u00e9mon\n|rule|Sleep Clause Mod: Limit one foe put to sleep\n|clearpoke\n|poke|p1|Gardevoir, F|\n|poke|p1|Venusaur, F|\n|poke|p1|Manectric, F|\n|poke|p1|Greninja-*, M|\n|poke|p1|Sableye, F|\n|poke|p1|Pinsir, M|\n|poke|p2|Lopunny, M|\n|poke|p2|Corviknight, F|\n|poke|p2|Orbeetle, F|\n|poke|p2|Volcarona, F|\n|poke|p2|Urshifu-*, F|\n|poke|p2|Tapu Lele|\n|teampreview\n|c|\u2606Jayson Sky|Ight then-.\n|c|\u2606Jayson Sky|Glhf sir!-.\n|\n|t:|1699892396\n|start\n|switch|p1a: Manectric|Manectric, F|100\/100\n|switch|p2a: Orbeetle|Orbeetle, F|100\/100\n|-item|p1a: Manectric|Manectite|[from] ability: Frisk|[of] p2a: Orbeetle|[identify]\n|turn|1\n|\n|t:|1699892417\n|move|p1a: Manectric|Flamethrower|p2a: Orbeetle\n|-supereffective|p2a: Orbeetle\n|-damage|p2a: Orbeetle|48\/100\n|move|p2a: Orbeetle|Sticky Web|p1a: Manectric\n|-sidestart|p1: Jayson Sky|move: Sticky Web\n|\n|upkeep\n|turn|2\n|\n|t:|1699892431\n|switch|p2a: Volcarona|Volcarona, F|100\/100\n|move|p1a: Manectric|Flamethrower|p2a: Volcarona\n|-damage|p2a: Volcarona|78\/100\n|\n|upkeep\n|turn|3\n|\n|t:|1699892455\n|move|p1a: Manectric|Thunderbolt|p2a: Volcarona\n|-damage|p2a: Volcarona|46\/100\n|move|p2a: Volcarona|Quiver Dance|p2a: Volcarona\n|-boost|p2a: Volcarona|spa|1\n|-boost|p2a: Volcarona|spd|1\n|-boost|p2a: Volcarona|spe|1\n|\n|upkeep\n|turn|4\n|\n|t:|1699892467\n|move|p2a: Volcarona|Roost|p2a: Volcarona\n|-heal|p2a: Volcarona|96\/100\n|-singleturn|p2a: Volcarona|move: Roost\n|move|p1a: Manectric|Thunderbolt|p2a: Volcarona\n|-damage|p2a: Volcarona|72\/100\n|-status|p2a: Volcarona|par\n|\n|upkeep\n|turn|5\n|\n|t:|1699892474\n|move|p1a: Manectric|Volt Switch|p2a: Volcarona\n|-damage|p2a: Volcarona|53\/100 par\n|\n|t:|1699892502\n|switch|p1a: Gardevoir|Gardevoir, F, shiny|100\/100|[from] Volt Switch\n|-activate|p1a: Gardevoir|move: Sticky Web\n|-unboost|p1a: Gardevoir|spe|1\n|-ability|p1a: Gardevoir|Flame Body|[from] ability: Trace|[of] p2a: Volcarona\n|move|p2a: Volcarona|Quiver Dance|p2a: Volcarona\n|-boost|p2a: Volcarona|spa|1\n|-boost|p2a: Volcarona|spd|1\n|-boost|p2a: Volcarona|spe|1\n|\n|upkeep\n|turn|6\n|c|\u2606Lufano5|Gi\n|c|\u2606Lufano5|Gi\n|c|\u2606Lufano5|Hi\n|c|\u2606Lufano5|Ghlf\n|\n|t:|1699892523\n|move|p2a: Volcarona|Fiery Dance|p1a: Gardevoir\n|-damage|p1a: Gardevoir|8\/100\n|-boost|p2a: Volcarona|spa|1\n|move|p1a: Gardevoir|Mystical Fire|p2a: Volcarona\n|-damage|p2a: Volcarona|42\/100 par\n|-unboost|p2a: Volcarona|spa|1\n|\n|upkeep\n|turn|7\n|\n|t:|1699892534\n|move|p2a: Volcarona|Roost|p2a: Volcarona\n|-heal|p2a: Volcarona|92\/100 par\n|-singleturn|p2a: Volcarona|move: Roost\n|move|p1a: Gardevoir|Mystical Fire|p2a: Volcarona\n|-damage|p2a: Volcarona|81\/100 par\n|-unboost|p2a: Volcarona|spa|1\n|\n|upkeep\n|turn|8\n|\n|t:|1699892542\n|move|p2a: Volcarona|Fiery Dance|p1a: Gardevoir\n|-damage|p1a: Gardevoir|0 fnt\n|-boost|p2a: Volcarona|spa|1\n|faint|p1a: Gardevoir\n|\n|upkeep\n|\n|t:|1699892555\n|switch|p1a: Pinsir|Pinsir, M|100\/100\n|-activate|p1a: Pinsir|move: Sticky Web\n|-unboost|p1a: Pinsir|spe|1\n|turn|9\n|\n|t:|1699892561\n|detailschange|p1a: Pinsir|Pinsir-Mega, M\n|-mega|p1a: Pinsir|Pinsir|Pinsirite\n|move|p1a: Pinsir|Quick Attack|p2a: Volcarona\n|-supereffective|p2a: Volcarona\n|-damage|p2a: Volcarona|0 fnt\n|faint|p2a: Volcarona\n|\n|upkeep\n|\n|t:|1699892570\n|switch|p2a: Corviknight|Corviknight, F|100\/100\n|-ability|p2a: Corviknight|Pressure\n|turn|10\n|\n|t:|1699892579\n|switch|p1a: Manectric|Manectric, F|100\/100\n|-activate|p1a: Manectric|move: Sticky Web\n|-unboost|p1a: Manectric|spe|1\n|move|p2a: Corviknight|Drill Peck|p1a: Manectric\n|-resisted|p1a: Manectric\n|-damage|p1a: Manectric|74\/100\n|\n|upkeep\n|turn|11\n|\n|t:|1699892593\n|move|p1a: Manectric|Thunderbolt|p2a: Corviknight\n|-supereffective|p2a: Corviknight\n|-damage|p2a: Corviknight|16\/100\n|move|p2a: Corviknight|U-turn|p1a: Manectric\n|-damage|p1a: Manectric|43\/100\n|\n|t:|1699892606\n|switch|p2a: Tapu Lele|Tapu Lele|100\/100|[from] U-turn\n|-fieldstart|move: Psychic Terrain|[from] ability: Psychic Surge|[of] p2a: Tapu Lele\n|\n|upkeep\n|turn|12\n|\n|t:|1699892624\n|move|p2a: Tapu Lele|Moonblast|p1a: Manectric\n|-damage|p1a: Manectric|0 fnt\n|faint|p1a: Manectric\n|\n|upkeep\n|\n|t:|1699892650\n|switch|p1a: Pinsir|Pinsir-Mega, M|100\/100\n|turn|13\n|\n|t:|1699892658\n|switch|p2a: Corviknight|Corviknight, F|16\/100\n|-ability|p2a: Corviknight|Pressure\n|move|p1a: Pinsir|X-Scissor|p2a: Corviknight\n|-resisted|p2a: Corviknight\n|-damage|p2a: Corviknight|8\/100\n|-damage|p1a: Pinsir|84\/100|[from] item: Rocky Helmet|[of] p2a: Corviknight\n|\n|upkeep\n|turn|14\n|\n|t:|1699892673\n|move|p1a: Pinsir|X-Scissor|p2a: Corviknight\n|-resisted|p2a: Corviknight\n|-damage|p2a: Corviknight|1\/100\n|-damage|p1a: Pinsir|67\/100|[from] item: Rocky Helmet|[of] p2a: Corviknight\n|move|p2a: Corviknight|Roost|p2a: Corviknight\n|-heal|p2a: Corviknight|51\/100\n|-singleturn|p2a: Corviknight|move: Roost\n|\n|upkeep\n|turn|15\n|\n|t:|1699892691\n|switch|p1a: Sableye|Sableye, F|100\/100\n|-activate|p1a: Sableye|move: Sticky Web\n|-unboost|p1a: Sableye|spe|1\n|move|p2a: Corviknight|Roost|p2a: Corviknight\n|-heal|p2a: Corviknight|100\/100\n|-singleturn|p2a: Corviknight|move: Roost\n|\n|upkeep\n|turn|16\n|\n|t:|1699892703\n|move|p1a: Sableye|Will-O-Wisp|p2a: Corviknight\n|-status|p2a: Corviknight|brn\n|move|p2a: Corviknight|Drill Peck|p1a: Sableye\n|-damage|p1a: Sableye|85\/100\n|\n|-damage|p2a: Corviknight|94\/100 brn|[from] brn\n|upkeep\n|turn|17\n|\n|t:|1699892714\n|move|p2a: Corviknight|Bulk Up|p2a: Corviknight\n|-boost|p2a: Corviknight|atk|1\n|-boost|p2a: Corviknight|def|1\n|move|p1a: Sableye|Shadow Claw|p2a: Corviknight\n|-damage|p2a: Corviknight|86\/100 brn\n|-damage|p1a: Sableye|68\/100|[from] item: Rocky Helmet|[of] p2a: Corviknight\n|\n|-damage|p2a: Corviknight|80\/100 brn|[from] brn\n|upkeep\n|turn|18\n|\n|t:|1699892726\n|switch|p1a: Greninja|Greninja, M|100\/100\n|-activate|p1a: Greninja|move: Sticky Web\n|-unboost|p1a: Greninja|spe|1\n|move|p2a: Corviknight|Bulk Up|p2a: Corviknight\n|-boost|p2a: Corviknight|atk|1\n|-boost|p2a: Corviknight|def|1\n|\n|-damage|p2a: Corviknight|74\/100 brn|[from] brn\n|-fieldend|move: Psychic Terrain\n|upkeep\n|turn|19\n|\n|t:|1699892743\n|move|p1a: Greninja|Hydro Pump|p2a: Corviknight|[miss]\n|-miss|p1a: Greninja|p2a: Corviknight\n|move|p2a: Corviknight|U-turn|p1a: Greninja\n|-supereffective|p1a: Greninja\n|-crit|p1a: Greninja\n|-damage|p1a: Greninja|16\/100\n|\n|t:|1699892750\n|switch|p2a: Tapu Lele|Tapu Lele|100\/100|[from] U-turn\n|-fieldstart|move: Psychic Terrain|[from] ability: Psychic Surge|[of] p2a: Tapu Lele\n|\n|upkeep\n|turn|20\n|\n|t:|1699892758\n|move|p1a: Greninja|Dark Pulse|p2a: Tapu Lele\n|-damage|p2a: Tapu Lele|65\/100\n|cant|p2a: Tapu Lele|flinch\n|\n|upkeep\n|turn|21\n|\n|t:|1699892774\n|switch|p2a: Lopunny|Lopunny, M|100\/100\n|move|p1a: Greninja|Dark Pulse|p2a: Lopunny\n|-damage|p2a: Lopunny|47\/100\n|\n|upkeep\n|turn|22\n|\n|t:|1699892786\n|switch|p1a: Venusaur|Venusaur, F|100\/100\n|-activate|p1a: Venusaur|move: Sticky Web\n|-unboost|p1a: Venusaur|spe|1\n|detailschange|p2a: Lopunny|Lopunny-Mega, M\n|-mega|p2a: Lopunny|Lopunny|Lopunnite\n|move|p2a: Lopunny|Power-Up Punch|p1a: Venusaur\n|-resisted|p1a: Venusaur\n|-damage|p1a: Venusaur|84\/100\n|-boost|p2a: Lopunny|atk|1\n|\n|upkeep\n|turn|23\n|\n|t:|1699892798\n|move|p2a: Lopunny|Ice Punch|p1a: Venusaur\n|-supereffective|p1a: Venusaur\n|-damage|p1a: Venusaur|0 fnt\n|faint|p1a: Venusaur\n|\n|upkeep\n|\n|t:|1699892805\n|switch|p1a: Pinsir|Pinsir-Mega, M|67\/100\n|turn|24\n|\n|t:|1699892813\n|move|p1a: Pinsir|Quick Attack|p2a: Lopunny\n|-activate|p2a: Lopunny|move: Psychic Terrain\n|move|p2a: Lopunny|Return|p1a: Pinsir\n|-damage|p1a: Pinsir|0 fnt\n|faint|p1a: Pinsir\n|\n|upkeep\n|\n|t:|1699892829\n|switch|p1a: Sableye|Sableye, F|68\/100\n|-activate|p1a: Sableye|move: Sticky Web\n|-unboost|p1a: Sableye|spe|1\n|turn|25\n|\n|t:|1699892836\n|move|p1a: Sableye|Will-O-Wisp|p2a: Lopunny\n|-activate|p2a: Lopunny|move: Psychic Terrain\n|move|p2a: Lopunny|Drain Punch|p1a: Sableye\n|-supereffective|p1a: Sableye\n|-damage|p1a: Sableye|0 fnt\n|-heal|p2a: Lopunny|85\/100|[from] drain|[of] p1a: Sableye\n|faint|p1a: Sableye\n|\n|upkeep\n|\n|t:|1699892841\n|switch|p1a: Greninja|Greninja, M|16\/100\n|-activate|p1a: Greninja|move: Sticky Web\n|-unboost|p1a: Greninja|spe|1\n|turn|26\n|\n|t:|1699892850\n|move|p1a: Greninja|Water Shuriken|p2a: Lopunny\n|-activate|p2a: Lopunny|move: Psychic Terrain\n|move|p2a: Lopunny|Drain Punch|p1a: Greninja\n|-supereffective|p1a: Greninja\n|-damage|p1a: Greninja|0 fnt\n|-heal|p2a: Lopunny|93\/100|[from] drain|[of] p1a: Greninja\n|faint|p1a: Greninja\n|\n|win|Lufano5\n|raw|Jayson Sky's rating: 1060 &rarr; <strong>1039<\/strong><br \/>(-21 for losing)\n|raw|Lufano5's rating: 1019 &rarr; <strong>1061<\/strong><br \/>(+42 for winning)\n|l|\u2606Jayson Sky\n|c|\u2606Lufano5|GG\n","uploadtime":1699892878,"views":5,"p1id":"jaysonsky","p2id":"lufano5","formatid":"gen9nationaldex","rating":1039,"private":0,"password":""}