{"id":"gen9nationaldex-1995879978","p1":"Lundiatta","p2":"meganull","format":"[Gen 9] National Dex","log":"|html|<div class=\"broadcast-blue\"><strong>[Gen 9] National Dex is currently suspecting Sneasler! For information on how to participate check out the <a href=\"https:\/\/www.smogon.com\/forums\/threads\/sv-national-dex-suspect-8-just-dance.3731534\/\">suspect thread<\/a>.<\/strong><\/div>\n|j|\u2606Lundiatta\n|j|\u2606meganull\n|t:|1700612887\n|gametype|singles\n|player|p1|Lundiatta|266|1124\n|player|p2|meganull|102|1219\n|teamsize|p1|6\n|teamsize|p2|6\n|gen|9\n|tier|[Gen 9] National Dex\n|rated|\n|rule|HP Percentage Mod: HP is shown in percentages\n|rule|Endless Battle Clause: Forcing endless battles is banned\n|rule|OHKO Clause: OHKO moves are banned\n|rule|Evasion Clause: Evasion abilities, items, and moves are banned\n|rule|Evasion Abilities Clause: Evasion abilities are banned\n|rule|Evasion Items Clause: Evasion items are banned\n|rule|Evasion Moves Clause: Evasion moves are banned\n|rule|Species Clause: Limit one of each Pok\u00e9mon\n|rule|Sleep Clause Mod: Limit one foe put to sleep\n|clearpoke\n|poke|p1|Rattata, L1, F|\n|poke|p1|Azumarill, M|\n|poke|p1|Ferrothorn, M|\n|poke|p1|Ogerpon-Wellspring, F|\n|poke|p1|Grimmsnarl, M|\n|poke|p1|Skeledirge, F|\n|poke|p2|Rillaboom, F|\n|poke|p2|Great Tusk|\n|poke|p2|Dragonite, M|\n|poke|p2|Heatran, F|\n|poke|p2|Scizor, F|\n|poke|p2|Moltres|\n|teampreview\n|inactive|Battle timer is ON: inactive players will automatically lose when time's up. (requested by Lundiatta)\n|\n|t:|1700612902\n|start\n|switch|p1a: Azumarill|Azumarill, M|100\/100\n|switch|p2a: \u6df1\u60c5\u5c11\u5987\u5983\u8718\u86db|Heatran, F|100\/100\n|turn|1\n|inactive|Lundiatta has 120 seconds left.\n|\n|t:|1700612949\n|switch|p2a: \u5730\u52a8\u5c71\u6447\u94a2\u7f20\u517d|Rillaboom, F|100\/100\n|-fieldstart|move: Grassy Terrain|[from] ability: Grassy Surge|[of] p2a: \u5730\u52a8\u5c71\u6447\u94a2\u7f20\u517d\n|move|p1a: Azumarill|Belly Drum|p1a: Azumarill\n|-damage|p1a: Azumarill|50\/100\n|-setboost|p1a: Azumarill|atk|6|[from] move: Belly Drum\n|\n|-heal|p1a: Azumarill|57\/100|[from] Grassy Terrain\n|-heal|p1a: Azumarill|63\/100|[from] item: Leftovers\n|upkeep\n|turn|2\n|\n|t:|1700612966\n|switch|p1a: Grimmsnarl|Grimmsnarl, M|100\/100\n|move|p2a: \u5730\u52a8\u5c71\u6447\u94a2\u7f20\u517d|Grassy Glide|p1a: Grimmsnarl\n|-damage|p1a: Grimmsnarl|54\/100\n|\n|-heal|p1a: Grimmsnarl|60\/100|[from] Grassy Terrain\n|-heal|p1a: Grimmsnarl|66\/100|[from] item: Leftovers\n|upkeep\n|turn|3\n|\n|t:|1700612985\n|move|p2a: \u5730\u52a8\u5c71\u6447\u94a2\u7f20\u517d|Grassy Glide|p1a: Grimmsnarl\n|-damage|p1a: Grimmsnarl|16\/100\n|move|p1a: Grimmsnarl|Reflect|p1a: Grimmsnarl\n|-sidestart|p1: Lundiatta|Reflect\n|\n|-heal|p1a: Grimmsnarl|22\/100|[from] Grassy Terrain\n|-heal|p1a: Grimmsnarl|28\/100|[from] item: Leftovers\n|upkeep\n|turn|4\n|\n|t:|1700613007\n|move|p2a: \u5730\u52a8\u5c71\u6447\u94a2\u7f20\u517d|Grassy Glide|p1a: Grimmsnarl\n|-crit|p1a: Grimmsnarl\n|-damage|p1a: Grimmsnarl|0 fnt\n|faint|p1a: Grimmsnarl\n|\n|upkeep\n|\n|t:|1700613010\n|switch|p1a: Ferrothorn|Ferrothorn, M|100\/100\n|turn|5\n|\n|t:|1700613027\n|switch|p2a: \u6df1\u60c5\u5c11\u5987\u5983\u8718\u86db|Heatran, F|100\/100\n|move|p1a: Ferrothorn|Spikes|p2a: \u6df1\u60c5\u5c11\u5987\u5983\u8718\u86db\n|-sidestart|p2: meganull|Spikes\n|\n|-fieldend|move: Grassy Terrain\n|upkeep\n|turn|6\n|\n|t:|1700613033\n|switch|p1a: Skeledirge|Skeledirge, F|100\/100\n|move|p2a: \u6df1\u60c5\u5c11\u5987\u5983\u8718\u86db|Stealth Rock|p1a: Skeledirge\n|-sidestart|p1: Lundiatta|move: Stealth Rock\n|\n|upkeep\n|turn|7\n|\n|t:|1700613042\n|move|p1a: Skeledirge|Earth Power|p2a: \u6df1\u60c5\u5c11\u5987\u5983\u8718\u86db\n|-supereffective|p2a: \u6df1\u60c5\u5c11\u5987\u5983\u8718\u86db\n|-damage|p2a: \u6df1\u60c5\u5c11\u5987\u5983\u8718\u86db|30\/100\n|move|p2a: \u6df1\u60c5\u5c11\u5987\u5983\u8718\u86db|Taunt|p1a: Skeledirge\n|-start|p1a: Skeledirge|move: Taunt\n|\n|-heal|p2a: \u6df1\u60c5\u5c11\u5987\u5983\u8718\u86db|36\/100|[from] item: Leftovers\n|-sideend|p1: Lundiatta|Reflect\n|upkeep\n|turn|8\n|\n|t:|1700613060\n|move|p1a: Skeledirge|Earth Power|p2a: \u6df1\u60c5\u5c11\u5987\u5983\u8718\u86db\n|-supereffective|p2a: \u6df1\u60c5\u5c11\u5987\u5983\u8718\u86db\n|-damage|p2a: \u6df1\u60c5\u5c11\u5987\u5983\u8718\u86db|0 fnt\n|faint|p2a: \u6df1\u60c5\u5c11\u5987\u5983\u8718\u86db\n|\n|upkeep\n|\n|t:|1700613062\n|switch|p2a: \u5730\u52a8\u5c71\u6447\u94a2\u7f20\u517d|Rillaboom, F|100\/100\n|-damage|p2a: \u5730\u52a8\u5c71\u6447\u94a2\u7f20\u517d|88\/100|[from] Spikes\n|-fieldstart|move: Grassy Terrain|[from] ability: Grassy Surge|[of] p2a: \u5730\u52a8\u5c71\u6447\u94a2\u7f20\u517d\n|turn|9\n|\n|t:|1700613084\n|switch|p1a: Ferrothorn|Ferrothorn, M|100\/100\n|-damage|p1a: Ferrothorn|95\/100|[from] Stealth Rock\n|move|p2a: \u5730\u52a8\u5c71\u6447\u94a2\u7f20\u517d|Knock Off|p1a: Ferrothorn\n|-damage|p1a: Ferrothorn|73\/100\n|-damage|p2a: \u5730\u52a8\u5c71\u6447\u94a2\u7f20\u517d|76\/100|[from] ability: Iron Barbs|[of] p1a: Ferrothorn\n|-damage|p2a: \u5730\u52a8\u5c71\u6447\u94a2\u7f20\u517d|59\/100|[from] item: Rocky Helmet|[of] p1a: Ferrothorn\n|-enditem|p1a: Ferrothorn|Rocky Helmet|[from] move: Knock Off|[of] p2a: \u5730\u52a8\u5c71\u6447\u94a2\u7f20\u517d\n|\n|-heal|p2a: \u5730\u52a8\u5c71\u6447\u94a2\u7f20\u517d|65\/100|[from] Grassy Terrain\n|-heal|p2a: \u5730\u52a8\u5c71\u6447\u94a2\u7f20\u517d|72\/100|[from] item: Leftovers\n|-heal|p1a: Ferrothorn|79\/100|[from] Grassy Terrain\n|upkeep\n|turn|10\n|\n|t:|1700613094\n|switch|p2a: \u5730\u9762\u5de8\u517d\u6ce2\u6ce2\u738b|Great Tusk|100\/100\n|-damage|p2a: \u5730\u9762\u5de8\u517d\u6ce2\u6ce2\u738b|88\/100|[from] Spikes\n|move|p1a: Ferrothorn|Gyro Ball|p2a: \u5730\u9762\u5de8\u517d\u6ce2\u6ce2\u738b\n|-damage|p2a: \u5730\u9762\u5de8\u517d\u6ce2\u6ce2\u738b|56\/100\n|\n|-heal|p2a: \u5730\u9762\u5de8\u517d\u6ce2\u6ce2\u738b|62\/100|[from] Grassy Terrain\n|-heal|p1a: Ferrothorn|85\/100|[from] Grassy Terrain\n|upkeep\n|turn|11\n|\n|t:|1700613113\n|move|p2a: \u5730\u9762\u5de8\u517d\u6ce2\u6ce2\u738b|Bulk Up|p2a: \u5730\u9762\u5de8\u517d\u6ce2\u6ce2\u738b\n|-boost|p2a: \u5730\u9762\u5de8\u517d\u6ce2\u6ce2\u738b|atk|1\n|-boost|p2a: \u5730\u9762\u5de8\u517d\u6ce2\u6ce2\u738b|def|1\n|move|p1a: Ferrothorn|Leech Seed|p2a: \u5730\u9762\u5de8\u517d\u6ce2\u6ce2\u738b|[miss]\n|-miss|p1a: Ferrothorn|p2a: \u5730\u9762\u5de8\u517d\u6ce2\u6ce2\u738b\n|\n|-heal|p2a: \u5730\u9762\u5de8\u517d\u6ce2\u6ce2\u738b|68\/100|[from] Grassy Terrain\n|-heal|p1a: Ferrothorn|91\/100|[from] Grassy Terrain\n|upkeep\n|turn|12\n|\n|t:|1700613138\n|move|p2a: \u5730\u9762\u5de8\u517d\u6ce2\u6ce2\u738b|Bulk Up|p2a: \u5730\u9762\u5de8\u517d\u6ce2\u6ce2\u738b\n|-boost|p2a: \u5730\u9762\u5de8\u517d\u6ce2\u6ce2\u738b|atk|1\n|-boost|p2a: \u5730\u9762\u5de8\u517d\u6ce2\u6ce2\u738b|def|1\n|move|p1a: Ferrothorn|Leech Seed|p2a: \u5730\u9762\u5de8\u517d\u6ce2\u6ce2\u738b\n|-start|p2a: \u5730\u9762\u5de8\u517d\u6ce2\u6ce2\u738b|move: Leech Seed\n|\n|-heal|p2a: \u5730\u9762\u5de8\u517d\u6ce2\u6ce2\u738b|74\/100|[from] Grassy Terrain\n|-heal|p1a: Ferrothorn|97\/100|[from] Grassy Terrain\n|-damage|p2a: \u5730\u9762\u5de8\u517d\u6ce2\u6ce2\u738b|62\/100|[from] Leech Seed|[of] p1a: Ferrothorn\n|-heal|p1a: Ferrothorn|100\/100|[silent]\n|upkeep\n|turn|13\n|\n|t:|1700613151\n|move|p2a: \u5730\u9762\u5de8\u517d\u6ce2\u6ce2\u738b|Close Combat|p1a: Ferrothorn\n|-supereffective|p1a: Ferrothorn\n|-damage|p1a: Ferrothorn|0 fnt\n|-unboost|p2a: \u5730\u9762\u5de8\u517d\u6ce2\u6ce2\u738b|def|1\n|-unboost|p2a: \u5730\u9762\u5de8\u517d\u6ce2\u6ce2\u738b|spd|1\n|-damage|p2a: \u5730\u9762\u5de8\u517d\u6ce2\u6ce2\u738b|49\/100|[from] ability: Iron Barbs|[of] p1a: Ferrothorn\n|faint|p1a: Ferrothorn\n|\n|-heal|p2a: \u5730\u9762\u5de8\u517d\u6ce2\u6ce2\u738b|56\/100|[from] Grassy Terrain\n|-fieldend|move: Grassy Terrain\n|upkeep\n|\n|t:|1700613160\n|switch|p1a: Skeledirge|Skeledirge, F|100\/100\n|-damage|p1a: Skeledirge|76\/100|[from] Stealth Rock\n|turn|14\n|\n|t:|1700613166\n|move|p2a: \u5730\u9762\u5de8\u517d\u6ce2\u6ce2\u738b|Headlong Rush|p1a: Skeledirge\n|-supereffective|p1a: Skeledirge\n|-crit|p1a: Skeledirge\n|-damage|p1a: Skeledirge|0 fnt\n|-unboost|p2a: \u5730\u9762\u5de8\u517d\u6ce2\u6ce2\u738b|def|1\n|-unboost|p2a: \u5730\u9762\u5de8\u517d\u6ce2\u6ce2\u738b|spd|1\n|faint|p1a: Skeledirge\n|\n|upkeep\n|\n|t:|1700613169\n|switch|p1a: Ogerpon|Ogerpon-Wellspring, F|100\/100\n|-damage|p1a: Ogerpon|88\/100|[from] Stealth Rock\n|turn|15\n|\n|t:|1700613187\n|-end|p2a: \u5730\u9762\u5de8\u517d\u6ce2\u6ce2\u738b|Protosynthesis|[silent]\n|switch|p2a: \u5730\u52a8\u5c71\u6447\u94a2\u7f20\u517d|Rillaboom, F|72\/100\n|-damage|p2a: \u5730\u52a8\u5c71\u6447\u94a2\u7f20\u517d|59\/100|[from] Spikes\n|-fieldstart|move: Grassy Terrain|[from] ability: Grassy Surge|[of] p2a: \u5730\u52a8\u5c71\u6447\u94a2\u7f20\u517d\n|-terastallize|p1a: Ogerpon|Water\n|detailschange|p1a: Ogerpon|Ogerpon-Wellspring-Tera, F, tera:Water\n|-ability|p1a: Ogerpon|Embody Aspect (Wellspring)|boost\n|-boost|p1a: Ogerpon|spd|1\n|move|p1a: Ogerpon|Ivy Cudgel|p2a: \u5730\u52a8\u5c71\u6447\u94a2\u7f20\u517d|[anim] Ivy Cudgel Water\n|-resisted|p2a: \u5730\u52a8\u5c71\u6447\u94a2\u7f20\u517d\n|-damage|p2a: \u5730\u52a8\u5c71\u6447\u94a2\u7f20\u517d|20\/100\n|\n|-heal|p1a: Ogerpon|94\/100|[from] Grassy Terrain\n|-heal|p2a: \u5730\u52a8\u5c71\u6447\u94a2\u7f20\u517d|26\/100|[from] Grassy Terrain\n|-heal|p2a: \u5730\u52a8\u5c71\u6447\u94a2\u7f20\u517d|33\/100|[from] item: Leftovers\n|upkeep\n|turn|16\n|inactive|meganull has 120 seconds left.\n|\n|t:|1700613243\n|move|p2a: \u5730\u52a8\u5c71\u6447\u94a2\u7f20\u517d|Grassy Glide|p1a: Ogerpon\n|-supereffective|p1a: Ogerpon\n|-damage|p1a: Ogerpon|0 fnt\n|faint|p1a: Ogerpon\n|\n|-heal|p2a: \u5730\u52a8\u5c71\u6447\u94a2\u7f20\u517d|39\/100|[from] Grassy Terrain\n|-heal|p2a: \u5730\u52a8\u5c71\u6447\u94a2\u7f20\u517d|45\/100|[from] item: Leftovers\n|upkeep\n|\n|t:|1700613246\n|switch|p1a: Azumarill|Azumarill, M|63\/100\n|-damage|p1a: Azumarill|50\/100|[from] Stealth Rock\n|turn|17\n|c|\u2606Lundiatta|\u4f60\u5988\u5988\n|-message|Lundiatta forfeited.\n|\n|win|meganull\n|raw|Lundiatta's rating: 1124 &rarr; <strong>1106<\/strong><br \/>(-18 for losing)\n|raw|meganull's rating: 1219 &rarr; <strong>1237<\/strong><br \/>(+18 for winning)\n|l|\u2606Lundiatta\n|l|\u2606meganull\n|j|\u2606meganull\n|player|p2|meganull|102\n","uploadtime":1700613632,"views":0,"p1id":"lundiatta","p2id":"meganull","formatid":"gen9nationaldex","rating":1106,"private":0,"password":""}