{"id":"gen9nationaldex-1990118702","p1":"loch2009","p2":"d9ryan","format":"[Gen 9] National Dex","log":"|j|\u2606loch2009\n|j|\u2606d9ryan\n|t:|1699926538\n|gametype|singles\n|player|p1|loch2009|lance|1212\n|player|p2|d9ryan|roughneck|1142\n|teamsize|p1|6\n|teamsize|p2|6\n|gen|9\n|tier|[Gen 9] National Dex\n|rated|\n|rule|HP Percentage Mod: HP is shown in percentages\n|rule|Endless Battle Clause: Forcing endless battles is banned\n|rule|OHKO Clause: OHKO moves are banned\n|rule|Evasion Clause: Evasion abilities, items, and moves are banned\n|rule|Evasion Abilities Clause: Evasion abilities are banned\n|rule|Evasion Items Clause: Evasion items are banned\n|rule|Evasion Moves Clause: Evasion moves are banned\n|rule|Species Clause: Limit one of each Pok\u00e9mon\n|rule|Sleep Clause Mod: Limit one foe put to sleep\n|clearpoke\n|poke|p1|Dragonite, M|\n|poke|p1|Garchomp, F|\n|poke|p1|Kommo-o, F|\n|poke|p1|Hydreigon, F|\n|poke|p1|Goodra-Hisui, F|\n|poke|p1|Druddigon, F|\n|poke|p2|Venusaur, M|\n|poke|p2|Tapu Bulu|\n|poke|p2|Heatran, M|\n|poke|p2|Mienshao, F|\n|poke|p2|Zapdos|\n|poke|p2|Slowking-Galar, M|\n|teampreview\n|inactive|Battle timer is ON: inactive players will automatically lose when time's up. (requested by d9ryan)\n|c|\u2606loch2009|i see\n|\n|t:|1699926553\n|start\n|switch|p1a: Druddigon|Druddigon, F|100\/100\n|switch|p2a: Mienshao|Mienshao, F, shiny|100\/100\n|turn|1\n|\n|t:|1699926566\n|move|p2a: Mienshao|U-turn|p1a: Druddigon\n|-damage|p1a: Druddigon|80\/100\n|-damage|p2a: Mienshao|88\/100|[from] ability: Rough Skin|[of] p1a: Druddigon\n|\n|t:|1699926569\n|switch|p2a: Zapdos|Zapdos|100\/100|[from] U-turn\n|move|p1a: Druddigon|Glare|p2a: Zapdos\n|-immune|p2a: Zapdos\n|\n|upkeep\n|turn|2\n|\n|t:|1699926580\n|move|p2a: Zapdos|Discharge|p1a: Druddigon\n|-resisted|p1a: Druddigon\n|-damage|p1a: Druddigon|61\/100\n|move|p1a: Druddigon|Stealth Rock|p2a: Zapdos\n|-sidestart|p2: d9ryan|move: Stealth Rock\n|\n|upkeep\n|turn|3\n|\n|t:|1699926585\n|move|p2a: Zapdos|Defog|p1a: Druddigon\n|-unboost|p1a: Druddigon|evasion|1\n|-sideend|p2: d9ryan|Stealth Rock|[from] move: Defog|[of] p2a: Zapdos\n|move|p1a: Druddigon|Dragon Claw|p2a: Zapdos\n|-damage|p2a: Zapdos|67\/100\n|\n|upkeep\n|turn|4\n|\n|t:|1699926590\n|move|p2a: Zapdos|Discharge|p1a: Druddigon\n|-resisted|p1a: Druddigon\n|-damage|p1a: Druddigon|45\/100\n|move|p1a: Druddigon|Stealth Rock|p2a: Zapdos\n|-sidestart|p2: d9ryan|move: Stealth Rock\n|\n|upkeep\n|turn|5\n|\n|t:|1699926596\n|switch|p1a: Hydreigon|Hydreigon, F|100\/100\n|move|p2a: Zapdos|Defog|p1a: Hydreigon\n|-unboost|p1a: Hydreigon|evasion|1\n|-sideend|p2: d9ryan|Stealth Rock|[from] move: Defog|[of] p2a: Zapdos\n|\n|upkeep\n|turn|6\n|\n|t:|1699926609\n|switch|p2a: Tapu Bulu|Tapu Bulu, shiny|100\/100\n|-fieldstart|move: Grassy Terrain|[from] ability: Grassy Surge|[of] p2a: Tapu Bulu\n|move|p1a: Hydreigon|Draco Meteor|p2a: Tapu Bulu\n|-immune|p2a: Tapu Bulu\n|\n|upkeep\n|turn|7\n|\n|t:|1699926616\n|switch|p1a: Goodra|Goodra-Hisui, F|100\/100\n|move|p2a: Tapu Bulu|Substitute|p2a: Tapu Bulu\n|-start|p2a: Tapu Bulu|Substitute\n|-damage|p2a: Tapu Bulu|75\/100\n|\n|-heal|p2a: Tapu Bulu|82\/100|[from] Grassy Terrain\n|-heal|p2a: Tapu Bulu|88\/100|[from] item: Leftovers\n|upkeep\n|turn|8\n|\n|t:|1699926623\n|move|p2a: Tapu Bulu|Bulk Up|p2a: Tapu Bulu\n|-boost|p2a: Tapu Bulu|atk|1\n|-boost|p2a: Tapu Bulu|def|1\n|move|p1a: Goodra|Acid Armor|p1a: Goodra\n|-boost|p1a: Goodra|def|2\n|\n|-heal|p2a: Tapu Bulu|94\/100|[from] Grassy Terrain\n|-heal|p2a: Tapu Bulu|99\/100|[from] item: Leftovers\n|upkeep\n|turn|9\n|\n|t:|1699926634\n|switch|p2a: Venusaur|Venusaur, M|100\/100\n|move|p1a: Goodra|Acid Armor|p1a: Goodra\n|-boost|p1a: Goodra|def|2\n|\n|upkeep\n|turn|10\n|c|\u2606loch2009|good luck breaking this wall\n|\n|t:|1699926642\n|detailschange|p2a: Venusaur|Venusaur-Mega, M\n|-mega|p2a: Venusaur|Venusaur|Venusaurite\n|move|p2a: Venusaur|Leech Seed|p1a: Goodra\n|-start|p1a: Goodra|move: Leech Seed\n|move|p1a: Goodra|Flamethrower|p2a: Venusaur\n|-supereffective|p2a: Venusaur\n|-damage|p2a: Venusaur|79\/100\n|\n|-heal|p2a: Venusaur|85\/100|[from] Grassy Terrain\n|-damage|p1a: Goodra|88\/100|[from] Leech Seed|[of] p2a: Venusaur\n|-heal|p2a: Venusaur|97\/100|[silent]\n|-fieldend|move: Grassy Terrain\n|upkeep\n|turn|11\n|\n|t:|1699926665\n|move|p2a: Venusaur|Ingrain|p2a: Venusaur\n|-start|p2a: Venusaur|move: Ingrain\n|move|p1a: Goodra|Flash Cannon|p2a: Venusaur\n|-damage|p2a: Venusaur|70\/100\n|\n|-heal|p1a: Goodra|94\/100|[from] item: Leftovers\n|-heal|p2a: Venusaur|76\/100|[from] Ingrain\n|-damage|p1a: Goodra|82\/100|[from] Leech Seed|[of] p2a: Venusaur\n|-heal|p2a: Venusaur|89\/100|[silent]\n|upkeep\n|turn|12\n|\n|t:|1699926680\n|switch|p1a: Druddigon|Druddigon, F|45\/100\n|move|p2a: Venusaur|Earth Power|p1a: Druddigon\n|-damage|p1a: Druddigon|22\/100\n|\n|-heal|p2a: Venusaur|95\/100|[from] Ingrain\n|upkeep\n|turn|13\n|\n|t:|1699926695\n|move|p2a: Venusaur|Leech Seed|p1a: Druddigon\n|-start|p1a: Druddigon|move: Leech Seed\n|move|p1a: Druddigon|Glare|p2a: Venusaur\n|-status|p2a: Venusaur|par\n|\n|-heal|p2a: Venusaur|100\/100 par|[from] Ingrain\n|-damage|p1a: Druddigon|10\/100|[from] Leech Seed|[of] p2a: Venusaur\n|upkeep\n|turn|14\n|\n|t:|1699926702\n|move|p1a: Druddigon|Stealth Rock|p2a: Venusaur\n|-sidestart|p2: d9ryan|move: Stealth Rock\n|move|p2a: Venusaur|Earth Power|p1a: Druddigon\n|-damage|p1a: Druddigon|0 fnt\n|faint|p1a: Druddigon\n|\n|upkeep\n|\n|t:|1699926708\n|switch|p1a: Garchomp|Garchomp, F|100\/100\n|turn|15\n|\n|t:|1699926711\n|detailschange|p1a: Garchomp|Garchomp-Mega, F\n|-mega|p1a: Garchomp|Garchomp|Garchompite\n|move|p1a: Garchomp|Swords Dance|p1a: Garchomp\n|-boost|p1a: Garchomp|atk|2\n|move|p2a: Venusaur|Leech Seed|p1a: Garchomp\n|-start|p1a: Garchomp|move: Leech Seed\n|\n|-damage|p1a: Garchomp|88\/100|[from] Leech Seed|[of] p2a: Venusaur\n|upkeep\n|turn|16\n|\n|t:|1699926715\n|move|p1a: Garchomp|Scale Shot|p2a: Venusaur\n|-damage|p2a: Venusaur|83\/100 par\n|-damage|p2a: Venusaur|64\/100 par\n|-damage|p2a: Venusaur|45\/100 par\n|-hitcount|p2a: Venusaur|3\n|-unboost|p1a: Garchomp|def|1\n|-boost|p1a: Garchomp|spe|1\n|move|p2a: Venusaur|Giga Drain|p1a: Garchomp\n|-damage|p1a: Garchomp|56\/100\n|-heal|p2a: Venusaur|61\/100 par|[from] drain|[of] p1a: Garchomp\n|\n|-heal|p2a: Venusaur|67\/100 par|[from] Ingrain\n|-damage|p1a: Garchomp|44\/100|[from] Leech Seed|[of] p2a: Venusaur\n|-heal|p2a: Venusaur|79\/100 par|[silent]\n|upkeep\n|turn|17\n|\n|t:|1699926721\n|move|p1a: Garchomp|Earthquake|p2a: Venusaur\n|-damage|p2a: Venusaur|8\/100 par\n|move|p2a: Venusaur|Giga Drain|p1a: Garchomp\n|-damage|p1a: Garchomp|12\/100\n|-heal|p2a: Venusaur|24\/100 par|[from] drain|[of] p1a: Garchomp\n|\n|-heal|p2a: Venusaur|30\/100 par|[from] Ingrain\n|-damage|p1a: Garchomp|0 fnt|[from] Leech Seed|[of] p2a: Venusaur\n|-heal|p2a: Venusaur|41\/100 par|[silent]\n|faint|p1a: Garchomp\n|upkeep\n|\n|t:|1699926728\n|switch|p1a: Kommo-o|Kommo-o, F|100\/100\n|turn|18\n|\n|t:|1699926732\n|-zpower|p1a: Kommo-o\n|move|p1a: Kommo-o|Clangorous Soulblaze|p2a: Venusaur|[zeffect]\n|-damage|p2a: Venusaur|0 fnt\n|faint|p2a: Venusaur\n|-boost|p1a: Kommo-o|atk|1\n|-boost|p1a: Kommo-o|def|1\n|-boost|p1a: Kommo-o|spa|1\n|-boost|p1a: Kommo-o|spd|1\n|-boost|p1a: Kommo-o|spe|1\n|\n|upkeep\n|\n|t:|1699926741\n|switch|p2a: Tapu Bulu|Tapu Bulu, shiny|99\/100\n|-damage|p2a: Tapu Bulu|87\/100|[from] Stealth Rock\n|-fieldstart|move: Grassy Terrain|[from] ability: Grassy Surge|[of] p2a: Tapu Bulu\n|turn|19\n|c|\u2606loch2009|quite a powerfull pokemon\n|\n|t:|1699926759\n|switch|p2a: Zapdos|Zapdos|67\/100\n|move|p1a: Kommo-o|Flamethrower|p2a: Zapdos\n|-damage|p2a: Zapdos|28\/100\n|\n|upkeep\n|turn|20\n|\n|t:|1699926765\n|move|p1a: Kommo-o|Flamethrower|p2a: Zapdos\n|-damage|p2a: Zapdos|0 fnt\n|faint|p2a: Zapdos\n|\n|upkeep\n|\n|t:|1699926772\n|switch|p2a: Mienshao|Mienshao, F, shiny|100\/100\n|-damage|p2a: Mienshao|95\/100|[from] Stealth Rock\n|turn|21\n|\n|t:|1699926778\n|-terastallize|p2a: Mienshao|Ice\n|move|p1a: Kommo-o|Aura Sphere|p2a: Mienshao\n|-supereffective|p2a: Mienshao\n|-damage|p2a: Mienshao|0 fnt\n|faint|p2a: Mienshao\n|\n|upkeep\n|-message|d9ryan forfeited.\n|\n|win|loch2009\n|raw|loch2009's rating: 1212 &rarr; <strong>1232<\/strong><br \/>(+20 for winning)\n|raw|d9ryan's rating: 1142 &rarr; <strong>1122<\/strong><br \/>(-20 for losing)\n|l|\u2606d9ryan\n|c|\u2606loch2009|gg\n|j| Ineros\n|l| Ineros\n|j| Potatofromsinnoh\n|j| CuriousStraightGuy\n|c| Potatofromsinnoh|now imagine if you will'\n|c| Potatofromsinnoh|lance with a team that worked\n|j| prince5\n|c| CuriousStraightGuy|What am i looking at\n|c| CuriousStraightGuy|because im yawning\n|l| prince5\n|j| coolmanbestguy123\n|l| coolmanbestguy123\n|j| Ineros\n|l| Ineros\n|l| Potatofromsinnoh\n","uploadtime":1699926800,"views":5,"p1id":"loch2009","p2id":"d9ryan","formatid":"gen9nationaldex","rating":1122,"private":0,"password":""}