{"id":"gen9nationaldex-1989405767","p1":"Wettiyan 666","p2":"KJLorenzo","format":"[Gen 9] National Dex","log":"|j|\u2606Wettiyan 666\n|j|\u2606KJLorenzo\n|t:|1699846093\n|gametype|singles\n|player|p1|Wettiyan 666|102|1087\n|player|p2|KJLorenzo|1|1170\n|teamsize|p1|6\n|teamsize|p2|6\n|gen|9\n|tier|[Gen 9] National Dex\n|rated|\n|rule|HP Percentage Mod: HP is shown in percentages\n|rule|Endless Battle Clause: Forcing endless battles is banned\n|rule|OHKO Clause: OHKO moves are banned\n|rule|Evasion Clause: Evasion abilities, items, and moves are banned\n|rule|Evasion Abilities Clause: Evasion abilities are banned\n|rule|Evasion Items Clause: Evasion items are banned\n|rule|Evasion Moves Clause: Evasion moves are banned\n|rule|Species Clause: Limit one of each Pok\u00e9mon\n|rule|Sleep Clause Mod: Limit one foe put to sleep\n|clearpoke\n|poke|p1|Blaziken, M|\n|poke|p1|Greninja-*, M|\n|poke|p1|Staraptor, F|\n|poke|p1|Metagross|\n|poke|p1|Sceptile, F|\n|poke|p1|Garchomp, M|\n|poke|p2|Ribombee, F|\n|poke|p2|Clamperl, F|\n|poke|p2|Banette, M|\n|poke|p2|Ninetales-Alola, M|\n|poke|p2|Excadrill, F|\n|poke|p2|Pikachu-World, M|\n|teampreview\n|inactive|Battle timer is ON: inactive players will automatically lose when time's up. (requested by KJLorenzo)\n|\n|t:|1699846098\n|start\n|switch|p1a: Staraptor|Staraptor, F|100\/100\n|switch|p2a: Banette|Banette, M|100\/100\n|turn|1\n|\n|t:|1699846105\n|detailschange|p2a: Banette|Banette-Mega, M\n|-mega|p2a: Banette|Banette|Banettite\n|move|p2a: Banette|Will-O-Wisp|p1a: Staraptor\n|-status|p1a: Staraptor|brn\n|move|p1a: Staraptor|U-turn|p2a: Banette\n|-resisted|p2a: Banette\n|-damage|p2a: Banette|94\/100\n|\n|t:|1699846129\n|switch|p1a: Greninja|Greninja, M|100\/100|[from] U-turn\n|\n|upkeep\n|turn|2\n|\n|t:|1699846143\n|switch|p2a: Ribombee|Ribombee, F|100\/100\n|move|p1a: Greninja|Water Shuriken|p2a: Ribombee\n|-damage|p2a: Ribombee|91\/100\n|-crit|p2a: Ribombee\n|-damage|p2a: Ribombee|78\/100\n|-damage|p2a: Ribombee|67\/100\n|-damage|p2a: Ribombee|58\/100\n|-damage|p2a: Ribombee|48\/100\n|-hitcount|p2a: Ribombee|5\n|\n|upkeep\n|turn|3\n|\n|t:|1699846157\n|move|p1a: Greninja|Water Shuriken|p2a: Ribombee\n|-damage|p2a: Ribombee|38\/100\n|-damage|p2a: Ribombee|28\/100\n|-damage|p2a: Ribombee|18\/100\n|-damage|p2a: Ribombee|8\/100\n|-hitcount|p2a: Ribombee|4\n|move|p2a: Ribombee|Sticky Web|p1a: Greninja\n|-sidestart|p1: Wettiyan 666|move: Sticky Web\n|\n|upkeep\n|turn|4\n|\n|t:|1699846180\n|switch|p2a: Ninetales|Ninetales-Alola, M|100\/100\n|-weather|Snow|[from] ability: Snow Warning|[of] p2a: Ninetales\n|move|p1a: Greninja|Water Shuriken|p2a: Ninetales\n|-crit|p2a: Ninetales\n|-damage|p2a: Ninetales|90\/100\n|-damage|p2a: Ninetales|83\/100\n|-damage|p2a: Ninetales|76\/100\n|-damage|p2a: Ninetales|69\/100\n|-hitcount|p2a: Ninetales|4\n|\n|-weather|Snow|[upkeep]\n|upkeep\n|turn|5\n|inactive|Wettiyan 666 has 120 seconds left.\n|\n|t:|1699846219\n|-terastallize|p1a: Greninja|Ice\n|move|p1a: Greninja|Extrasensory|p2a: Ninetales\n|-damage|p2a: Ninetales|46\/100\n|move|p2a: Ninetales|Aurora Veil|p2a: Ninetales\n|-sidestart|p2: KJLorenzo|move: Aurora Veil\n|\n|-weather|Snow|[upkeep]\n|upkeep\n|turn|6\n|inactive|Wettiyan 666 has 120 seconds left.\n|\n|t:|1699846228\n|switch|p2a: Excadrill|Excadrill, F|100\/100\n|-ability|p2a: Excadrill|Mold Breaker\n|move|p1a: Greninja|Water Shuriken|p2a: Excadrill\n|-supereffective|p2a: Excadrill\n|-damage|p2a: Excadrill|91\/100\n|-supereffective|p2a: Excadrill\n|-damage|p2a: Excadrill|81\/100\n|-supereffective|p2a: Excadrill\n|-damage|p2a: Excadrill|73\/100\n|-supereffective|p2a: Excadrill\n|-damage|p2a: Excadrill|64\/100\n|-hitcount|p2a: Excadrill|4\n|\n|-weather|Snow|[upkeep]\n|upkeep\n|turn|7\n|inactive|Wettiyan 666 has 120 seconds left.\n|\n|t:|1699846253\n|move|p1a: Greninja|Water Shuriken|p2a: Excadrill\n|-supereffective|p2a: Excadrill\n|-damage|p2a: Excadrill|55\/100\n|-supereffective|p2a: Excadrill\n|-damage|p2a: Excadrill|45\/100\n|-supereffective|p2a: Excadrill\n|-damage|p2a: Excadrill|36\/100\n|-supereffective|p2a: Excadrill\n|-damage|p2a: Excadrill|26\/100\n|-hitcount|p2a: Excadrill|4\n|move|p2a: Excadrill|Stealth Rock|p1a: Greninja\n|-sidestart|p1: Wettiyan 666|move: Stealth Rock\n|\n|-weather|Snow|[upkeep]\n|upkeep\n|turn|8\n|\n|t:|1699846265\n|move|p1a: Greninja|Water Shuriken|p2a: Excadrill\n|-supereffective|p2a: Excadrill\n|-damage|p2a: Excadrill|17\/100\n|-supereffective|p2a: Excadrill\n|-crit|p2a: Excadrill\n|-damage|p2a: Excadrill|0 fnt\n|faint|p2a: Excadrill\n|-ability|p1a: Greninja|Battle Bond|boost\n|-boost|p1a: Greninja|atk|1\n|-boost|p1a: Greninja|spa|1\n|-boost|p1a: Greninja|spe|1\n|-activate|p1a: Greninja|ability: Battle Bond\n|-hitcount|p2: Excadrill|2\n|\n|-weather|none\n|upkeep\n|\n|t:|1699846277\n|switch|p2a: Clamperl|Clamperl, F|100\/100\n|turn|9\n|inactive|Wettiyan 666 has 120 seconds left.\n|\n|t:|1699846304\n|move|p1a: Greninja|Ice Beam|p2a: Clamperl\n|-resisted|p2a: Clamperl\n|-damage|p2a: Clamperl|62\/100\n|move|p2a: Clamperl|Shell Smash|p2a: Clamperl\n|-unboost|p2a: Clamperl|def|1\n|-unboost|p2a: Clamperl|spd|1\n|-boost|p2a: Clamperl|atk|2\n|-boost|p2a: Clamperl|spa|2\n|-boost|p2a: Clamperl|spe|2\n|\n|upkeep\n|turn|10\n|\n|t:|1699846315\n|move|p1a: Greninja|Dark Pulse|p2a: Clamperl\n|-damage|p2a: Clamperl|0 fnt\n|faint|p2a: Clamperl\n|\n|upkeep\n|-message|KJLorenzo forfeited.\n|\n|win|Wettiyan 666\n|raw|Wettiyan 666's rating: 1087 &rarr; <strong>1120<\/strong><br \/>(+33 for winning)\n|raw|KJLorenzo's rating: 1170 &rarr; <strong>1139<\/strong><br \/>(-31 for losing)\n|l|\u2606KJLorenzo\n|c|\u2606Wettiyan 666|Gg\n","uploadtime":1699846335,"views":4,"p1id":"wettiyan666","p2id":"kjlorenzo","formatid":"gen9nationaldex","rating":1120,"private":0,"password":""}