{"id":"gen9nationaldex-1992521929","p1":"Omar_ZX","p2":"AlphaOmega07","format":"[Gen 9] National Dex","log":"|j|\u2606Omar_ZX\n|j|\u2606AlphaOmega07\n|t:|1700198973\n|gametype|singles\n|player|p1|Omar_ZX|swimmerf-gen4|1139\n|player|p2|AlphaOmega07|veteran|1119\n|teamsize|p1|6\n|teamsize|p2|6\n|gen|9\n|tier|[Gen 9] National Dex\n|rated|\n|rule|HP Percentage Mod: HP is shown in percentages\n|rule|Endless Battle Clause: Forcing endless battles is banned\n|rule|OHKO Clause: OHKO moves are banned\n|rule|Evasion Clause: Evasion abilities, items, and moves are banned\n|rule|Evasion Abilities Clause: Evasion abilities are banned\n|rule|Evasion Items Clause: Evasion items are banned\n|rule|Evasion Moves Clause: Evasion moves are banned\n|rule|Species Clause: Limit one of each Pok\u00e9mon\n|rule|Sleep Clause Mod: Limit one foe put to sleep\n|clearpoke\n|poke|p1|Sneasler, M|\n|poke|p1|Garchomp, F|\n|poke|p1|Blaziken, M|\n|poke|p1|Great Tusk|\n|poke|p1|Clodsire, F|\n|poke|p1|Deoxys-Defense|\n|poke|p2|Kommo-o, F|\n|poke|p2|Hawlucha, F|\n|poke|p2|Ceruledge, F|\n|poke|p2|Grimmsnarl, M|\n|poke|p2|Volcarona, F|\n|poke|p2|Gliscor, F|\n|teampreview\n|inactive|Battle timer is ON: inactive players will automatically lose when time's up. (requested by AlphaOmega07)\n|\n|t:|1700199001\n|start\n|switch|p1a: Blaziken|Blaziken, M|100\/100\n|switch|p2a: Life|Hawlucha, F, shiny|100\/100\n|turn|1\n|\n|t:|1700199007\n|move|p2a: Life|Sky Attack||[still]\n|-prepare|p2a: Life|Sky Attack\n|-enditem|p2a: Life|Power Herb\n|-anim|p2a: Life|Sky Attack|p1a: Blaziken\n|-supereffective|p1a: Blaziken\n|-crit|p1a: Blaziken\n|-enditem|p1a: Blaziken|Focus Sash\n|-damage|p1a: Blaziken|1\/100\n|move|p1a: Blaziken|Swords Dance|p1a: Blaziken\n|-boost|p1a: Blaziken|atk|2\n|\n|-ability|p1a: Blaziken|Speed Boost|boost\n|-boost|p1a: Blaziken|spe|1\n|upkeep\n|turn|2\n|\n|t:|1700199014\n|move|p1a: Blaziken|Protect|p1a: Blaziken\n|-singleturn|p1a: Blaziken|Protect\n|move|p2a: Life|Acrobatics|p1a: Blaziken\n|-activate|p1a: Blaziken|move: Protect\n|\n|-ability|p1a: Blaziken|Speed Boost|boost\n|-boost|p1a: Blaziken|spe|1\n|upkeep\n|turn|3\n|\n|t:|1700199024\n|-terastallize|p1a: Blaziken|Fire\n|move|p2a: Life|Acrobatics|p1a: Blaziken\n|-damage|p1a: Blaziken|0 fnt\n|faint|p1a: Blaziken\n|\n|upkeep\n|\n|t:|1700199044\n|switch|p1a: Deoxys|Deoxys-Defense|100\/100\n|-ability|p1a: Deoxys|Pressure\n|turn|4\n|\n|t:|1700199051\n|move|p2a: Life|Acrobatics|p1a: Deoxys\n|-damage|p1a: Deoxys|56\/100\n|move|p1a: Deoxys|Calm Mind|p1a: Deoxys\n|-boost|p1a: Deoxys|spa|1\n|-boost|p1a: Deoxys|spd|1\n|\n|-heal|p1a: Deoxys|62\/100|[from] item: Leftovers\n|upkeep\n|turn|5\n|\n|t:|1700199061\n|move|p2a: Life|Sky Attack||[still]\n|-prepare|p2a: Life|Sky Attack\n|move|p1a: Deoxys|Psycho Boost|p2a: Life\n|-supereffective|p2a: Life\n|-damage|p2a: Life|0 fnt\n|-unboost|p1a: Deoxys|spa|2\n|faint|p2a: Life\n|\n|-heal|p1a: Deoxys|68\/100|[from] item: Leftovers\n|upkeep\n|\n|t:|1700199068\n|switch|p2a: Ceruledge|Ceruledge, F|100\/100\n|turn|6\n|\n|t:|1700199081\n|move|p1a: Deoxys|Calm Mind|p1a: Deoxys\n|-boost|p1a: Deoxys|spa|1\n|-boost|p1a: Deoxys|spd|1\n|move|p2a: Ceruledge|Shadow Claw|p1a: Deoxys\n|-supereffective|p1a: Deoxys\n|-damage|p1a: Deoxys|0 fnt\n|faint|p1a: Deoxys\n|\n|upkeep\n|\n|t:|1700199090\n|switch|p1a: Garchomp|Garchomp, F|100\/100\n|turn|7\n|\n|t:|1700199099\n|move|p1a: Garchomp|Substitute|p1a: Garchomp\n|-start|p1a: Garchomp|Substitute\n|-damage|p1a: Garchomp|76\/100\n|move|p2a: Ceruledge|Dragon Claw|p1a: Garchomp\n|-supereffective|p1a: Garchomp\n|-end|p1a: Garchomp|Substitute\n|\n|upkeep\n|turn|8\n|\n|t:|1700199111\n|move|p1a: Garchomp|Substitute|p1a: Garchomp\n|-start|p1a: Garchomp|Substitute\n|-damage|p1a: Garchomp|51\/100\n|move|p2a: Ceruledge|Dragon Claw|p1a: Garchomp\n|-supereffective|p1a: Garchomp\n|-end|p1a: Garchomp|Substitute\n|\n|upkeep\n|turn|9\n|\n|t:|1700199119\n|move|p1a: Garchomp|Substitute|p1a: Garchomp\n|-start|p1a: Garchomp|Substitute\n|-damage|p1a: Garchomp|26\/100\n|move|p2a: Ceruledge|Dragon Claw|p1a: Garchomp\n|-supereffective|p1a: Garchomp\n|-end|p1a: Garchomp|Substitute\n|\n|upkeep\n|turn|10\n|\n|t:|1700199126\n|move|p1a: Garchomp|Substitute|p1a: Garchomp\n|-start|p1a: Garchomp|Substitute\n|-damage|p1a: Garchomp|1\/100\n|-enditem|p1a: Garchomp|Salac Berry|[eat]\n|-boost|p1a: Garchomp|spe|1|[from] item: Salac Berry\n|move|p2a: Ceruledge|Dragon Claw|p1a: Garchomp\n|-supereffective|p1a: Garchomp\n|-end|p1a: Garchomp|Substitute\n|\n|upkeep\n|turn|11\n|\n|t:|1700199135\n|move|p2a: Ceruledge|Shadow Sneak|p1a: Garchomp\n|-damage|p1a: Garchomp|0 fnt\n|-damage|p2a: Ceruledge|88\/100|[from] ability: Rough Skin|[of] p1a: Garchomp\n|faint|p1a: Garchomp\n|\n|upkeep\n|-message|Omar_ZX forfeited.\n|\n|win|AlphaOmega07\n|raw|Omar_ZX's rating: 1139 &rarr; <strong>1113<\/strong><br \/>(-26 for losing)\n|raw|AlphaOmega07's rating: 1119 &rarr; <strong>1145<\/strong><br \/>(+26 for winning)\n|l|\u2606Omar_ZX\n","uploadtime":1700199150,"views":18,"p1id":"omarzx","p2id":"alphaomega07","formatid":"gen9nationaldex","rating":1113,"private":0,"password":""}