{"id":"gen9nationaldex-1991482185","p1":"Naniroma","p2":"JogadorCaro","format":"[Gen 9] National Dex","log":"|j|\u2606Naniroma\n|j|\u2606JogadorCaro\n|t:|1700080977\n|gametype|singles\n|player|p1|Naniroma|drayden|1592\n|player|p2|JogadorCaro|tate|1754\n|teamsize|p1|6\n|teamsize|p2|6\n|gen|9\n|tier|[Gen 9] National Dex\n|rated|\n|rule|HP Percentage Mod: HP is shown in percentages\n|rule|Endless Battle Clause: Forcing endless battles is banned\n|rule|OHKO Clause: OHKO moves are banned\n|rule|Evasion Clause: Evasion abilities, items, and moves are banned\n|rule|Evasion Abilities Clause: Evasion abilities are banned\n|rule|Evasion Items Clause: Evasion items are banned\n|rule|Evasion Moves Clause: Evasion moves are banned\n|rule|Species Clause: Limit one of each Pok\u00e9mon\n|rule|Sleep Clause Mod: Limit one foe put to sleep\n|clearpoke\n|poke|p1|Ferrothorn, F|\n|poke|p1|Tapu Lele|\n|poke|p1|Corviknight, M|\n|poke|p1|Grimmsnarl, M|\n|poke|p1|Rotom-Wash|\n|poke|p1|Heatran, F|\n|poke|p2|Garganacl, F|\n|poke|p2|Zamazenta-*|\n|poke|p2|Volcarona, M|\n|poke|p2|Hoopa-Unbound|\n|poke|p2|Dondozo, F|\n|poke|p2|Rotom-Wash|\n|teampreview\n|inactive|Battle timer is ON: inactive players will automatically lose when time's up. (requested by Naniroma)\n|\n|t:|1700080996\n|start\n|switch|p1a: Rotom|Rotom-Wash, shiny|100\/100\n|switch|p2a: mulher|Rotom-Wash|100\/100\n|turn|1\n|\n|t:|1700081006\n|move|p1a: Rotom|Volt Switch|p2a: mulher\n|-damage|p2a: mulher|75\/100\n|\n|t:|1700081022\n|switch|p1a: Grimmsnarl|Grimmsnarl, M, shiny|100\/100|[from] Volt Switch\n|move|p2a: mulher|Volt Switch|p1a: Grimmsnarl\n|-damage|p1a: Grimmsnarl|77\/100\n|\n|t:|1700081039\n|switch|p2a: Agito|Hoopa-Unbound|100\/100|[from] Volt Switch\n|\n|upkeep\n|turn|2\n|\n|t:|1700081044\n|move|p1a: Grimmsnarl|Reflect|p1a: Grimmsnarl\n|-sidestart|p1: Naniroma|Reflect\n|move|p2a: Agito|Trick|p1a: Grimmsnarl\n|-activate|p2a: Agito|move: Trick|[of] p1a: Grimmsnarl\n|-item|p1a: Grimmsnarl|Choice Specs|[from] move: Trick\n|-item|p2a: Agito|Light Clay|[from] move: Trick\n|\n|upkeep\n|turn|3\n|\n|t:|1700081055\n|switch|p2a: mulher|Rotom-Wash|75\/100\n|move|p1a: Grimmsnarl|Spirit Break|p2a: mulher\n|-damage|p2a: mulher|43\/100\n|-unboost|p2a: mulher|spa|1\n|\n|-heal|p2a: mulher|49\/100|[from] item: Leftovers\n|upkeep\n|turn|4\n|\n|t:|1700081061\n|move|p2a: mulher|Pain Split|p1a: Grimmsnarl\n|-sethp|p1a: Grimmsnarl|57\/100|[from] move: Pain Split|[silent]\n|-sethp|p2a: mulher|74\/100|[from] move: Pain Split\n|move|p1a: Grimmsnarl|Spirit Break|p2a: mulher\n|-damage|p2a: mulher|41\/100\n|-unboost|p2a: mulher|spa|1\n|\n|-heal|p2a: mulher|47\/100|[from] item: Leftovers\n|upkeep\n|turn|5\n|\n|t:|1700081064\n|move|p2a: mulher|Defog|p1a: Grimmsnarl\n|-unboost|p1a: Grimmsnarl|evasion|1\n|-sideend|p1: Naniroma|Reflect\n|move|p1a: Grimmsnarl|Spirit Break|p2a: mulher\n|-damage|p2a: mulher|13\/100\n|-unboost|p2a: mulher|spa|1\n|\n|-heal|p2a: mulher|20\/100|[from] item: Leftovers\n|upkeep\n|turn|6\n|\n|t:|1700081077\n|move|p2a: mulher|Volt Switch|p1a: Grimmsnarl\n|-damage|p1a: Grimmsnarl|48\/100\n|\n|t:|1700081082\n|switch|p2a: Mahoraga|Garganacl, F|100\/100|[from] Volt Switch\n|move|p1a: Grimmsnarl|Spirit Break|p2a: Mahoraga\n|-damage|p2a: Mahoraga|85\/100\n|-unboost|p2a: Mahoraga|spa|1\n|\n|-heal|p2a: Mahoraga|91\/100|[from] item: Leftovers\n|upkeep\n|turn|7\n|\n|t:|1700081086\n|move|p1a: Grimmsnarl|Spirit Break|p2a: Mahoraga\n|-damage|p2a: Mahoraga|75\/100\n|-unboost|p2a: Mahoraga|spa|1\n|move|p2a: Mahoraga|Salt Cure|p1a: Grimmsnarl\n|-damage|p1a: Grimmsnarl|35\/100\n|-start|p1a: Grimmsnarl|Salt Cure\n|\n|-heal|p2a: Mahoraga|81\/100|[from] item: Leftovers\n|-damage|p1a: Grimmsnarl|23\/100|[from] Salt Cure\n|upkeep\n|turn|8\n|\n|t:|1700081090\n|move|p1a: Grimmsnarl|Spirit Break|p2a: Mahoraga\n|-damage|p2a: Mahoraga|64\/100\n|-unboost|p2a: Mahoraga|spa|1\n|move|p2a: Mahoraga|Salt Cure|p1a: Grimmsnarl\n|-damage|p1a: Grimmsnarl|10\/100\n|\n|-heal|p2a: Mahoraga|70\/100|[from] item: Leftovers\n|-damage|p1a: Grimmsnarl|0 fnt|[from] Salt Cure\n|faint|p1a: Grimmsnarl\n|upkeep\n|\n|t:|1700081096\n|switch|p1a: Ferrothorn|Ferrothorn, F|100\/100\n|turn|9\n|\n|t:|1700081101\n|move|p2a: Mahoraga|Salt Cure|p1a: Ferrothorn\n|-resisted|p1a: Ferrothorn\n|-damage|p1a: Ferrothorn|96\/100\n|-start|p1a: Ferrothorn|Salt Cure\n|move|p1a: Ferrothorn|Leech Seed|p2a: Mahoraga|[miss]\n|-miss|p1a: Ferrothorn|p2a: Mahoraga\n|\n|-heal|p2a: Mahoraga|76\/100|[from] item: Leftovers\n|-damage|p1a: Ferrothorn|71\/100|[from] Salt Cure\n|upkeep\n|turn|10\n|\n|t:|1700081112\n|switch|p1a: Rotom|Rotom-Wash, shiny|100\/100\n|move|p2a: Mahoraga|Body Press|p1a: Rotom\n|-damage|p1a: Rotom|68\/100\n|\n|-heal|p1a: Rotom|74\/100|[from] item: Leftovers\n|-heal|p2a: Mahoraga|82\/100|[from] item: Leftovers\n|upkeep\n|turn|11\n|\n|t:|1700081120\n|switch|p2a: mulher|Rotom-Wash|20\/100\n|move|p1a: Rotom|Hydro Pump|p2a: mulher\n|-resisted|p2a: mulher\n|-damage|p2a: mulher|2\/100\n|\n|-heal|p1a: Rotom|80\/100|[from] item: Leftovers\n|-heal|p2a: mulher|8\/100|[from] item: Leftovers\n|upkeep\n|turn|12\n|\n|t:|1700081129\n|move|p2a: mulher|Pain Split|p1a: Rotom\n|-sethp|p1a: Rotom|44\/100|[from] move: Pain Split|[silent]\n|-sethp|p2a: mulher|39\/100|[from] move: Pain Split\n|move|p1a: Rotom|Volt Switch|p2a: mulher\n|-damage|p2a: mulher|15\/100\n|\n|t:|1700081136\n|switch|p1a: Tapu Lele|Tapu Lele, shiny|100\/100|[from] Volt Switch\n|-fieldstart|move: Psychic Terrain|[from] ability: Psychic Surge|[of] p1a: Tapu Lele\n|\n|-heal|p2a: mulher|21\/100|[from] item: Leftovers\n|upkeep\n|turn|13\n|\n|t:|1700081138\n|move|p1a: Tapu Lele|Moonblast|p2a: mulher\n|-damage|p2a: mulher|0 fnt\n|faint|p2a: mulher\n|\n|upkeep\n|\n|t:|1700081141\n|switch|p2a: Endeavor|Volcarona, M|100\/100\n|turn|14\n|\n|t:|1700081144\n|switch|p1a: Rotom|Rotom-Wash, shiny|44\/100\n|switch|p2a: Agito|Hoopa-Unbound|100\/100\n|\n|-heal|p1a: Rotom|50\/100|[from] item: Leftovers\n|upkeep\n|turn|15\n|\n|t:|1700081153\n|move|p2a: Agito|Psychic|p1a: Rotom\n|-damage|p1a: Rotom|0 fnt\n|faint|p1a: Rotom\n|\n|upkeep\n|\n|t:|1700081161\n|switch|p1a: Heatran|Heatran, F, shiny|100\/100\n|turn|16\n|\n|t:|1700081168\n|move|p2a: Agito|Trick|p1a: Heatran\n|-activate|p2a: Agito|move: Trick|[of] p1a: Heatran\n|-item|p1a: Heatran|Light Clay|[from] move: Trick\n|-item|p2a: Agito|Leftovers|[from] move: Trick\n|move|p1a: Heatran|Magma Storm|p2a: Agito\n|-damage|p2a: Agito|65\/100\n|-activate|p2a: Agito|move: Magma Storm|[of] p1a: Heatran\n|\n|-heal|p2a: Agito|71\/100|[from] item: Leftovers\n|-damage|p2a: Agito|58\/100|[from] move: Magma Storm|[partiallytrapped]\n|-fieldend|move: Psychic Terrain\n|upkeep\n|turn|17\n|\n|t:|1700081179\n|move|p2a: Agito|Focus Blast|p1a: Heatran\n|-supereffective|p1a: Heatran\n|-damage|p1a: Heatran|38\/100\n|move|p1a: Heatran|Stealth Rock|p2a: Agito\n|-sidestart|p2: JogadorCaro|move: Stealth Rock\n|\n|-heal|p2a: Agito|64\/100|[from] item: Leftovers\n|-damage|p2a: Agito|52\/100|[from] move: Magma Storm|[partiallytrapped]\n|upkeep\n|turn|18\n|\n|t:|1700081183\n|move|p2a: Agito|Focus Blast|p1a: Heatran\n|-supereffective|p1a: Heatran\n|-damage|p1a: Heatran|0 fnt\n|faint|p1a: Heatran\n|\n|-heal|p2a: Agito|58\/100|[from] item: Leftovers\n|-end|p2a: Agito|Magma Storm|[partiallytrapped]|[silent]\n|upkeep\n|\n|t:|1700081190\n|switch|p1a: Corviknight|Corviknight, M, shiny|100\/100\n|turn|19\n|\n|t:|1700081196\n|switch|p2a: Endeavor|Volcarona, M|100\/100\n|move|p1a: Corviknight|Agility|p1a: Corviknight\n|-boost|p1a: Corviknight|spe|2\n|\n|upkeep\n|turn|20\n|\n|t:|1700081203\n|move|p1a: Corviknight|Bulk Up|p1a: Corviknight\n|-boost|p1a: Corviknight|atk|1\n|-boost|p1a: Corviknight|def|1\n|move|p2a: Endeavor|Fiery Dance|p1a: Corviknight\n|-supereffective|p1a: Corviknight\n|-damage|p1a: Corviknight|36\/100\n|-boost|p2a: Endeavor|spa|1\n|-enditem|p1a: Corviknight|Weakness Policy\n|-boost|p1a: Corviknight|atk|2|[from] item: Weakness Policy\n|-boost|p1a: Corviknight|spa|2|[from] item: Weakness Policy\n|\n|upkeep\n|turn|21\n|\n|t:|1700081213\n|switch|p2a: Bale\u00e3o|Dondozo, F|100\/100\n|-damage|p2a: Bale\u00e3o|88\/100|[from] Stealth Rock\n|-terastallize|p1a: Corviknight|Dragon\n|move|p1a: Corviknight|Roost|p1a: Corviknight\n|-heal|p1a: Corviknight|86\/100\n|\n|-heal|p2a: Bale\u00e3o|94\/100|[from] item: Leftovers\n|upkeep\n|turn|22\n|\n|t:|1700081217\n|move|p1a: Corviknight|Bulk Up|p1a: Corviknight\n|-boost|p1a: Corviknight|atk|1\n|-boost|p1a: Corviknight|def|1\n|move|p2a: Bale\u00e3o|Curse|p2a: Bale\u00e3o\n|-unboost|p2a: Bale\u00e3o|spe|1\n|-boost|p2a: Bale\u00e3o|atk|1\n|-boost|p2a: Bale\u00e3o|def|1\n|\n|-heal|p2a: Bale\u00e3o|99\/100|[from] item: Leftovers\n|upkeep\n|turn|23\n|\n|t:|1700081223\n|move|p1a: Corviknight|Power Trip|p2a: Bale\u00e3o\n|-damage|p2a: Bale\u00e3o|82\/100\n|move|p2a: Bale\u00e3o|Curse|p2a: Bale\u00e3o\n|-unboost|p2a: Bale\u00e3o|spe|1\n|-boost|p2a: Bale\u00e3o|atk|1\n|-boost|p2a: Bale\u00e3o|def|1\n|\n|-heal|p2a: Bale\u00e3o|89\/100|[from] item: Leftovers\n|upkeep\n|turn|24\n|\n|t:|1700081226\n|move|p1a: Corviknight|Power Trip|p2a: Bale\u00e3o\n|-damage|p2a: Bale\u00e3o|74\/100\n|move|p2a: Bale\u00e3o|Curse|p2a: Bale\u00e3o\n|-unboost|p2a: Bale\u00e3o|spe|1\n|-boost|p2a: Bale\u00e3o|atk|1\n|-boost|p2a: Bale\u00e3o|def|1\n|\n|-heal|p2a: Bale\u00e3o|80\/100|[from] item: Leftovers\n|upkeep\n|turn|25\n|\n|t:|1700081228\n|move|p1a: Corviknight|Power Trip|p2a: Bale\u00e3o\n|-damage|p2a: Bale\u00e3o|69\/100\n|move|p2a: Bale\u00e3o|Curse|p2a: Bale\u00e3o\n|-unboost|p2a: Bale\u00e3o|spe|1\n|-boost|p2a: Bale\u00e3o|atk|1\n|-boost|p2a: Bale\u00e3o|def|1\n|\n|-heal|p2a: Bale\u00e3o|75\/100|[from] item: Leftovers\n|upkeep\n|turn|26\n|\n|t:|1700081231\n|move|p1a: Corviknight|Power Trip|p2a: Bale\u00e3o\n|-damage|p2a: Bale\u00e3o|67\/100\n|move|p2a: Bale\u00e3o|Wave Crash|p1a: Corviknight\n|-resisted|p1a: Corviknight\n|-damage|p1a: Corviknight|34\/100\n|-damage|p2a: Bale\u00e3o|53\/100|[from] Recoil\n|\n|-heal|p2a: Bale\u00e3o|59\/100|[from] item: Leftovers\n|upkeep\n|turn|27\n|\n|t:|1700081237\n|move|p1a: Corviknight|Power Trip|p2a: Bale\u00e3o\n|-damage|p2a: Bale\u00e3o|49\/100\n|move|p2a: Bale\u00e3o|Wave Crash|p1a: Corviknight\n|-resisted|p1a: Corviknight\n|-damage|p1a: Corviknight|0 fnt\n|faint|p1a: Corviknight\n|-damage|p2a: Bale\u00e3o|40\/100|[from] Recoil\n|\n|-heal|p2a: Bale\u00e3o|47\/100|[from] item: Leftovers\n|upkeep\n|\n|t:|1700081241\n|switch|p1a: Ferrothorn|Ferrothorn, F|71\/100\n|turn|28\n|\n|t:|1700081266\n|move|p1a: Ferrothorn|Leech Seed|p2a: Bale\u00e3o\n|-start|p2a: Bale\u00e3o|move: Leech Seed\n|move|p2a: Bale\u00e3o|Wave Crash|p1a: Ferrothorn\n|-resisted|p1a: Ferrothorn\n|-damage|p1a: Ferrothorn|31\/100\n|-damage|p2a: Bale\u00e3o|34\/100|[from] ability: Iron Barbs|[of] p1a: Ferrothorn\n|-damage|p2a: Bale\u00e3o|17\/100|[from] item: Rocky Helmet|[of] p1a: Ferrothorn\n|-damage|p2a: Bale\u00e3o|8\/100|[from] Recoil\n|\n|-heal|p2a: Bale\u00e3o|14\/100|[from] item: Leftovers\n|-damage|p2a: Bale\u00e3o|2\/100|[from] Leech Seed|[of] p1a: Ferrothorn\n|-heal|p1a: Ferrothorn|49\/100|[silent]\n|upkeep\n|turn|29\n|\n|t:|1700081277\n|move|p1a: Ferrothorn|Protect|p1a: Ferrothorn\n|-singleturn|p1a: Ferrothorn|Protect\n|move|p2a: Bale\u00e3o|Wave Crash|p1a: Ferrothorn\n|-activate|p1a: Ferrothorn|move: Protect\n|\n|-heal|p2a: Bale\u00e3o|8\/100|[from] item: Leftovers\n|-damage|p2a: Bale\u00e3o|0 fnt|[from] Leech Seed|[of] p1a: Ferrothorn\n|-heal|p1a: Ferrothorn|59\/100|[silent]\n|faint|p2a: Bale\u00e3o\n|upkeep\n|\n|t:|1700081281\n|switch|p2a: Endeavor|Volcarona, M|100\/100\n|turn|30\n|\n|t:|1700081286\n|move|p2a: Endeavor|Quiver Dance|p2a: Endeavor\n|-boost|p2a: Endeavor|spa|1\n|-boost|p2a: Endeavor|spd|1\n|-boost|p2a: Endeavor|spe|1\n|move|p1a: Ferrothorn|Leech Seed|p2a: Endeavor|[miss]\n|-miss|p1a: Ferrothorn|p2a: Endeavor\n|\n|upkeep\n|turn|31\n|\n|t:|1700081291\n|move|p2a: Endeavor|Fiery Dance|p1a: Ferrothorn\n|-supereffective|p1a: Ferrothorn\n|-damage|p1a: Ferrothorn|0 fnt\n|faint|p1a: Ferrothorn\n|\n|upkeep\n|\n|t:|1700081293\n|switch|p1a: Tapu Lele|Tapu Lele, shiny|100\/100\n|-fieldstart|move: Psychic Terrain|[from] ability: Psychic Surge|[of] p1a: Tapu Lele\n|turn|32\n|\n|t:|1700081296\n|move|p2a: Endeavor|Fiery Dance|p1a: Tapu Lele\n|-damage|p1a: Tapu Lele|25\/100\n|move|p1a: Tapu Lele|Psyshock|p2a: Endeavor\n|-damage|p2a: Endeavor|12\/100\n|\n|upkeep\n|turn|33\n|\n|t:|1700081301\n|move|p2a: Endeavor|Fiery Dance|p1a: Tapu Lele\n|-damage|p1a: Tapu Lele|0 fnt\n|faint|p1a: Tapu Lele\n|\n|win|JogadorCaro\n|raw|Naniroma's rating: 1592 &rarr; <strong>1581<\/strong><br \/>(-11 for losing)\n|raw|JogadorCaro's rating: 1754 &rarr; <strong>1765<\/strong><br \/>(+11 for winning)\n|l|\u2606Naniroma\n","uploadtime":1700081324,"views":15,"p1id":"naniroma","p2id":"jogadorcaro","formatid":"gen9nationaldex","rating":1581,"private":0,"password":""}