{"id":"gen9nationaldex-1990857874","p1":"Miku Nakano ily","p2":"looking 4 horizons","format":"[Gen 9] National Dex","log":"|j|\u2606Miku Nakano ily\n|j|\u2606looking 4 horizons\n|inactive|Battle timer is ON: inactive players will automatically lose when time's up.\n|t:|1700008281\n|gametype|singles\n|player|p1|Miku Nakano ily|red|\n|player|p2|looking 4 horizons|silver-masters|\n|teamsize|p1|6\n|teamsize|p2|6\n|gen|9\n|tier|[Gen 9] National Dex\n|rated|Tournament battle\n|rule|HP Percentage Mod: HP is shown in percentages\n|rule|Endless Battle Clause: Forcing endless battles is banned\n|rule|OHKO Clause: OHKO moves are banned\n|rule|Evasion Clause: Evasion abilities, items, and moves are banned\n|rule|Evasion Abilities Clause: Evasion abilities are banned\n|rule|Evasion Items Clause: Evasion items are banned\n|rule|Evasion Moves Clause: Evasion moves are banned\n|rule|Species Clause: Limit one of each Pok\u00e9mon\n|rule|Sleep Clause Mod: Limit one foe put to sleep\n|clearpoke\n|poke|p1|Charizard, M|\n|poke|p1|Alomomola, M|\n|poke|p1|Slowking-Galar, M|\n|poke|p1|Iron Valiant|\n|poke|p1|Landorus-Therian, M|\n|poke|p1|Cinderace, M|\n|poke|p2|Gliscor, F|\n|poke|p2|Dondozo, F|\n|poke|p2|Aegislash, F|\n|poke|p2|Ampharos, M|\n|poke|p2|Chansey, F|\n|poke|p2|Tornadus-Therian, M|\n|teampreview\n|inactive|Miku Nakano ily also wants the timer to be on.\n|c|\u2606looking 4 horizons|hf\n|c|\u2606Miku Nakano ily|Hf\n|inactive|looking 4 horizons has 120 seconds left.\n|\n|t:|1700008315\n|start\n|switch|p1a: Landorus|Landorus-Therian, M|100\/100\n|switch|p2a: Gliscor|Gliscor, F|100\/100\n|-ability|p1a: Landorus|Intimidate|boost\n|-unboost|p2a: Gliscor|atk|1\n|turn|1\n|j| Kill mmc\n|inactive|looking 4 horizons has 120 seconds left.\n|\n|t:|1700008357\n|switch|p2a: Tornadus|Tornadus-Therian, M|100\/100\n|move|p1a: Landorus|Knock Off|p2a: Tornadus\n|-damage|p2a: Tornadus|69\/100\n|-enditem|p2a: Tornadus|Heavy-Duty Boots|[from] move: Knock Off|[of] p1a: Landorus\n|\n|upkeep\n|turn|2\n|\n|t:|1700008373\n|move|p2a: Tornadus|Toxic|p1a: Landorus\n|-status|p1a: Landorus|tox\n|move|p1a: Landorus|Knock Off|p2a: Tornadus\n|-damage|p2a: Tornadus|46\/100\n|\n|-damage|p1a: Landorus|94\/100 tox|[from] psn\n|upkeep\n|turn|3\n|inactive|looking 4 horizons has 120 seconds left.\n|\n|t:|1700008382\n|switch|p1a: Cinderace|Cinderace, M|100\/100\n|move|p2a: Tornadus|Hurricane|p1a: Cinderace\n|-damage|p1a: Cinderace|40\/100\n|\n|upkeep\n|turn|4\n|\n|t:|1700008388\n|switch|p1a: Slowking|Slowking-Galar, M|100\/100\n|move|p2a: Tornadus|U-turn|p1a: Slowking\n|-damage|p1a: Slowking|85\/100\n|\n|t:|1700008393\n|switch|p2a: Gliscor|Gliscor, F|100\/100|[from] U-turn\n|\n|-heal|p1a: Slowking|91\/100|[from] item: Leftovers\n|-status|p2a: Gliscor|tox|[from] item: Toxic Orb\n|upkeep\n|turn|5\n|\n|t:|1700008402\n|switch|p2a: Aegislash|Aegislash, F|100\/100\n|move|p1a: Slowking|Ice Beam|p2a: Aegislash\n|-resisted|p2a: Aegislash\n|-damage|p2a: Aegislash|92\/100\n|-status|p2a: Aegislash|frz\n|\n|-heal|p2a: Aegislash|98\/100 frz|[from] item: Leftovers\n|-heal|p1a: Slowking|97\/100|[from] item: Leftovers\n|upkeep\n|turn|6\n|j| XXMurdrXX\n|c|\u2606Miku Nakano ily|F\n|inactive|looking 4 horizons has 120 seconds left.\n|c|\u2606looking 4 horizons|did this answer anything anyways\n|\n|t:|1700008438\n|switch|p2a: Dondozo|Dondozo, F|100\/100\n|move|p1a: Slowking|Chilly Reception|p1a: Slowking\n|-weather|Snow\n|\n|t:|1700008444\n|switch|p1a: Charizard|Charizard, M|100\/100|[from] Chilly Reception\n|\n|-weather|Snow|[upkeep]\n|upkeep\n|turn|7\n|inactive|looking 4 horizons has 120 seconds left.\n|\n|t:|1700008453\n|switch|p2a: Chansey|Chansey, F|100\/100\n|detailschange|p1a: Charizard|Charizard-Mega-Y, M\n|-mega|p1a: Charizard|Charizard|Charizardite Y\n|-weather|SunnyDay|[from] ability: Drought|[of] p1a: Charizard\n|move|p1a: Charizard|Solar Beam||[still]\n|-prepare|p1a: Charizard|Solar Beam\n|-anim|p1a: Charizard|Solar Beam|p2a: Chansey\n|-damage|p2a: Chansey|86\/100\n|\n|-weather|SunnyDay|[upkeep]\n|upkeep\n|turn|8\n|inactive|looking 4 horizons has 120 seconds left.\n|\n|t:|1700008479\n|switch|p1a: Slowking|Slowking-Galar, M|100\/100\n|switch|p2a: Tornadus|Tornadus-Therian, M|79\/100\n|\n|-weather|SunnyDay|[upkeep]\n|upkeep\n|turn|9\n|\n|t:|1700008484\n|move|p2a: Tornadus|Knock Off|p1a: Slowking\n|-supereffective|p1a: Slowking\n|-damage|p1a: Slowking|61\/100\n|-enditem|p1a: Slowking|Leftovers|[from] move: Knock Off|[of] p2a: Tornadus\n|move|p1a: Slowking|Chilly Reception|p1a: Slowking\n|-weather|Snow\n|\n|t:|1700008491\n|switch|p1a: Charizard|Charizard-Mega-Y, M|100\/100|[from] Chilly Reception\n|-weather|SunnyDay|[from] ability: Drought|[of] p1a: Charizard\n|\n|-weather|SunnyDay|[upkeep]\n|upkeep\n|turn|10\n|\n|t:|1700008499\n|move|p2a: Tornadus|U-turn|p1a: Charizard\n|-resisted|p1a: Charizard\n|-damage|p1a: Charizard|95\/100\n|\n|t:|1700008501\n|switch|p2a: Chansey|Chansey, F|86\/100|[from] U-turn\n|move|p1a: Charizard|Weather Ball|p2a: Chansey\n|-damage|p2a: Chansey|57\/100\n|\n|-weather|SunnyDay|[upkeep]\n|upkeep\n|turn|11\n|\n|t:|1700008508\n|switch|p1a: Slowking|Slowking-Galar, M|95\/100\n|move|p2a: Chansey|Soft-Boiled|p2a: Chansey\n|-heal|p2a: Chansey|100\/100\n|\n|-weather|SunnyDay|[upkeep]\n|upkeep\n|turn|12\n|inactive|looking 4 horizons has 120 seconds left.\n|\n|t:|1700008551\n|move|p2a: Chansey|Toxic|p1a: Slowking\n|-immune|p1a: Slowking\n|move|p1a: Slowking|Chilly Reception|p1a: Slowking\n|-weather|Snow\n|\n|t:|1700008556\n|switch|p1a: Cinderace|Cinderace, M|40\/100|[from] Chilly Reception\n|\n|-weather|Snow|[upkeep]\n|upkeep\n|turn|13\n|\n|t:|1700008569\n|move|p1a: Cinderace|U-turn|p2a: Chansey\n|-start|p1a: Cinderace|typechange|Bug|[from] ability: Libero\n|-damage|p2a: Chansey|78\/100\n|\n|t:|1700008573\n|switch|p1a: Slowking|Slowking-Galar, M|100\/100|[from] U-turn\n|move|p2a: Chansey|Seismic Toss|p1a: Slowking\n|-damage|p1a: Slowking|75\/100\n|\n|-weather|Snow|[upkeep]\n|upkeep\n|turn|14\n|j| asoespresso\n|inactive|looking 4 horizons has 120 seconds left.\n|\n|t:|1700008592\n|move|p2a: Chansey|Wish|p2a: Chansey\n|move|p1a: Slowking|Chilly Reception|p1a: Slowking\n|\n|t:|1700008608\n|switch|p1a: Cinderace|Cinderace, M|40\/100|[from] Chilly Reception\n|\n|-weather|Snow|[upkeep]\n|upkeep\n|turn|15\n|inactive|looking 4 horizons has 120 seconds left.\n|\n|t:|1700008628\n|move|p1a: Cinderace|U-turn|p2a: Chansey\n|-start|p1a: Cinderace|typechange|Bug|[from] ability: Libero\n|-damage|p2a: Chansey|57\/100\n|\n|t:|1700008631\n|switch|p1a: Charizard|Charizard-Mega-Y, M|95\/100|[from] U-turn\n|-weather|SunnyDay|[from] ability: Drought|[of] p1a: Charizard\n|move|p2a: Chansey|Toxic|p1a: Charizard\n|-status|p1a: Charizard|tox\n|\n|-weather|SunnyDay|[upkeep]\n|-heal|p2a: Chansey|100\/100|[from] move: Wish|[wisher] Chansey\n|-damage|p1a: Charizard|89\/100 tox|[from] psn\n|upkeep\n|turn|16\n|inactive|looking 4 horizons has 120 seconds left.\n|\n|t:|1700008641\n|switch|p1a: Slowking|Slowking-Galar, M|100\/100\n|move|p2a: Chansey|Seismic Toss|p1a: Slowking\n|-damage|p1a: Slowking|75\/100\n|\n|-weather|SunnyDay|[upkeep]\n|upkeep\n|turn|17\n|\n|t:|1700008650\n|switch|p2a: Tornadus|Tornadus-Therian, M|100\/100\n|move|p1a: Slowking|Chilly Reception|p1a: Slowking\n|-weather|Snow\n|\n|t:|1700008660\n|switch|p1a: Alomomola|Alomomola, M|100\/100|[from] Chilly Reception\n|\n|-weather|Snow|[upkeep]\n|upkeep\n|turn|18\n|l| Kill mmc\n|\n|t:|1700008667\n|move|p2a: Tornadus|Toxic|p1a: Alomomola|[miss]\n|-miss|p2a: Tornadus|p1a: Alomomola\n|move|p1a: Alomomola|Wish|p1a: Alomomola\n|\n|-weather|Snow|[upkeep]\n|upkeep\n|turn|19\n|\n|t:|1700008673\n|move|p2a: Tornadus|Knock Off|p1a: Alomomola\n|-damage|p1a: Alomomola|90\/100\n|-enditem|p1a: Alomomola|Iron Ball|[from] move: Knock Off|[of] p2a: Tornadus\n|move|p1a: Alomomola|Flip Turn|p2a: Tornadus\n|-damage|p2a: Tornadus|83\/100\n|\n|t:|1700008679\n|switch|p1a: Cinderace|Cinderace, M|40\/100|[from] Flip Turn\n|\n|-weather|Snow|[upkeep]\n|-heal|p1a: Cinderace|100\/100|[from] move: Wish|[wisher] Alomomola\n|upkeep\n|turn|20\n|\n|t:|1700008695\n|move|p1a: Cinderace|Pyro Ball|p2a: Tornadus\n|-damage|p2a: Tornadus|25\/100\n|move|p2a: Tornadus|Toxic|p1a: Cinderace\n|-status|p1a: Cinderace|tox\n|\n|-weather|Snow|[upkeep]\n|-damage|p1a: Cinderace|95\/100 tox|[from] psn\n|upkeep\n|turn|21\n|\n|t:|1700008703\n|switch|p2a: Dondozo|Dondozo, F|100\/100\n|move|p1a: Cinderace|Pyro Ball|p2a: Dondozo\n|-resisted|p2a: Dondozo\n|-damage|p2a: Dondozo|87\/100\n|\n|-weather|none\n|-heal|p2a: Dondozo|94\/100|[from] item: Leftovers\n|-damage|p1a: Cinderace|83\/100 tox|[from] psn\n|upkeep\n|turn|22\n|\n|t:|1700008727\n|switch|p2a: Tornadus|Tornadus-Therian, M|58\/100\n|move|p1a: Cinderace|U-turn|p2a: Tornadus\n|-start|p1a: Cinderace|typechange|Bug|[from] ability: Libero\n|-resisted|p2a: Tornadus\n|-damage|p2a: Tornadus|40\/100\n|\n|t:|1700008739\n|switch|p1a: Slowking|Slowking-Galar, M|100\/100|[from] U-turn\n|\n|upkeep\n|turn|23\n|\n|t:|1700008748\n|move|p2a: Tornadus|U-turn|p1a: Slowking\n|-damage|p1a: Slowking|84\/100\n|\n|t:|1700008751\n|switch|p2a: Chansey|Chansey, F|100\/100|[from] U-turn\n|move|p1a: Slowking|Ice Beam|p2a: Chansey\n|-damage|p2a: Chansey|94\/100\n|-status|p2a: Chansey|frz\n|\n|upkeep\n|turn|24\n|c|\u2606Miku Nakano ily|Epic\n|c|\u2606looking 4 horizons|...\n|\n|t:|1700008763\n|-curestatus|p2a: Chansey|frz|[from] ability: Natural Cure\n|switch|p2a: Aegislash|Aegislash, F|98\/100 frz\n|move|p1a: Slowking|Chilly Reception|p1a: Slowking\n|-weather|Snow\n|\n|t:|1700008767\n|switch|p1a: Charizard|Charizard-Mega-Y, M|89\/100 tox|[from] Chilly Reception\n|-weather|SunnyDay|[from] ability: Drought|[of] p1a: Charizard\n|\n|-weather|SunnyDay|[upkeep]\n|-heal|p2a: Aegislash|100\/100 frz|[from] item: Leftovers\n|-damage|p1a: Charizard|83\/100 tox|[from] psn\n|upkeep\n|turn|25\n|\n|t:|1700008781\n|switch|p1a: Cinderace|Cinderace, M|83\/100 tox\n|switch|p2a: Chansey|Chansey, F|94\/100\n|\n|-weather|SunnyDay|[upkeep]\n|-damage|p1a: Cinderace|77\/100 tox|[from] psn\n|upkeep\n|turn|26\n|\n|t:|1700008790\n|switch|p2a: Dondozo|Dondozo, F|94\/100\n|move|p1a: Cinderace|High Jump Kick|p2a: Dondozo|[miss]\n|-start|p1a: Cinderace|typechange|Fighting|[from] ability: Libero\n|-miss|p1a: Cinderace|p2a: Dondozo\n|-damage|p1a: Cinderace|27\/100 tox|[from] highjumpkick\n|\n|-weather|SunnyDay|[upkeep]\n|-heal|p2a: Dondozo|99\/100|[from] item: Leftovers\n|-damage|p1a: Cinderace|15\/100 tox|[from] psn\n|upkeep\n|turn|27\n|c|\u2606looking 4 horizons|karmic justice\n|c|\u2606Miku Nakano ily|Man\n|inactive|looking 4 horizons has 120 seconds left.\n|c|\u2606looking 4 horizons|to be fair\n|c|\u2606looking 4 horizons|you got 2 freezes on 2 ice beams\n|c|\u2606Miku Nakano ily|Yeah but freeze doesn't matter to chansey anw\n|\n|t:|1700008849\n|move|p1a: Cinderace|U-turn|p2a: Dondozo\n|-damage|p2a: Dondozo|89\/100\n|\n|t:|1700008852\n|switch|p1a: Alomomola|Alomomola, M|100\/100|[from] U-turn\n|move|p2a: Dondozo|Liquidation|p1a: Alomomola\n|-resisted|p1a: Alomomola\n|-damage|p1a: Alomomola|97\/100\n|\n|-weather|SunnyDay|[upkeep]\n|-heal|p2a: Dondozo|96\/100|[from] item: Leftovers\n|upkeep\n|turn|28\n|\n|t:|1700008870\n|switch|p2a: Ampharos|Ampharos, M|100\/100\n|move|p1a: Alomomola|Toxic|p2a: Ampharos\n|-status|p2a: Ampharos|tox\n|\n|-weather|none\n|-damage|p2a: Ampharos|94\/100 tox|[from] psn\n|upkeep\n|turn|29\n|\n|t:|1700008875\n|switch|p1a: Landorus|Landorus-Therian, M|94\/100 tox\n|-ability|p1a: Landorus|Intimidate|boost\n|-unboost|p2a: Ampharos|atk|1\n|detailschange|p2a: Ampharos|Ampharos-Mega, M\n|-mega|p2a: Ampharos|Ampharos|Ampharosite\n|-ability|p2a: Ampharos|Mold Breaker\n|move|p2a: Ampharos|Dragon Pulse|p1a: Landorus\n|-damage|p1a: Landorus|44\/100 tox\n|\n|-heal|p1a: Landorus|50\/100 tox|[from] item: Leftovers\n|-damage|p1a: Landorus|44\/100 tox|[from] psn\n|-damage|p2a: Ampharos|82\/100 tox|[from] psn\n|upkeep\n|turn|30\n|\n|t:|1700008884\n|switch|p1a: Slowking|Slowking-Galar, M|100\/100\n|switch|p2a: Tornadus|Tornadus-Therian, M|73\/100\n|\n|upkeep\n|turn|31\n|\n|t:|1700008890\n|move|p2a: Tornadus|Hurricane|p1a: Slowking|[miss]\n|-miss|p2a: Tornadus|p1a: Slowking\n|move|p1a: Slowking|Chilly Reception|p1a: Slowking\n|-weather|Snow\n|\n|t:|1700008894\n|switch|p1a: Charizard|Charizard-Mega-Y, M|83\/100 tox|[from] Chilly Reception\n|-weather|SunnyDay|[from] ability: Drought|[of] p1a: Charizard\n|\n|-weather|SunnyDay|[upkeep]\n|-damage|p1a: Charizard|77\/100 tox|[from] psn\n|upkeep\n|turn|32\n|inactive|looking 4 horizons has 120 seconds left.\n|\n|t:|1700008913\n|move|p2a: Tornadus|U-turn|p1a: Charizard\n|-resisted|p1a: Charizard\n|-damage|p1a: Charizard|73\/100 tox\n|\n|t:|1700008915\n|switch|p2a: Chansey|Chansey, F|94\/100|[from] U-turn\n|move|p1a: Charizard|Weather Ball|p2a: Chansey\n|-damage|p2a: Chansey|68\/100\n|\n|-weather|SunnyDay|[upkeep]\n|-damage|p1a: Charizard|60\/100 tox|[from] psn\n|upkeep\n|turn|33\n|\n|t:|1700008930\n|switch|p1a: Slowking|Slowking-Galar, M|100\/100\n|switch|p2a: Aegislash|Aegislash, F|100\/100 frz\n|\n|-weather|SunnyDay|[upkeep]\n|upkeep\n|turn|34\n|\n|t:|1700008935\n|cant|p2a: Aegislash|frz\n|move|p1a: Slowking|Chilly Reception|p1a: Slowking\n|-weather|Snow\n|\n|t:|1700008941\n|switch|p1a: Alomomola|Alomomola, M|100\/100|[from] Chilly Reception\n|\n|-weather|Snow|[upkeep]\n|upkeep\n|turn|35\n|\n|t:|1700008958\n|switch|p2a: Ampharos|Ampharos-Mega, M|82\/100 tox\n|-ability|p2a: Ampharos|Mold Breaker\n|move|p1a: Alomomola|Wish|p1a: Alomomola\n|\n|-weather|Snow|[upkeep]\n|-damage|p2a: Ampharos|76\/100 tox|[from] psn\n|upkeep\n|turn|36\n|\n|t:|1700008964\n|switch|p1a: Slowking|Slowking-Galar, M|100\/100\n|move|p2a: Ampharos|Dragon Pulse|p1a: Slowking\n|-damage|p1a: Slowking|65\/100\n|\n|-weather|Snow|[upkeep]\n|-heal|p1a: Slowking|100\/100|[from] move: Wish|[wisher] Alomomola\n|-damage|p2a: Ampharos|64\/100 tox|[from] psn\n|upkeep\n|turn|37\n|\n|t:|1700008969\n|move|p2a: Ampharos|Volt Switch|p1a: Slowking\n|-damage|p1a: Slowking|73\/100\n|\n|t:|1700008973\n|switch|p2a: Aegislash|Aegislash, F|100\/100 frz|[from] Volt Switch\n|move|p1a: Slowking|Ice Beam|p2a: Aegislash\n|-resisted|p2a: Aegislash\n|-damage|p2a: Aegislash|93\/100 frz\n|\n|-weather|Snow|[upkeep]\n|-heal|p2a: Aegislash|99\/100 frz|[from] item: Leftovers\n|upkeep\n|turn|38\n|\n|t:|1700008976\n|cant|p2a: Aegislash|frz\n|move|p1a: Slowking|Chilly Reception|p1a: Slowking\n|\n|t:|1700008980\n|switch|p1a: Charizard|Charizard-Mega-Y, M|60\/100 tox|[from] Chilly Reception\n|-weather|SunnyDay|[from] ability: Drought|[of] p1a: Charizard\n|\n|-weather|SunnyDay|[upkeep]\n|-heal|p2a: Aegislash|100\/100 frz|[from] item: Leftovers\n|-damage|p1a: Charizard|54\/100 tox|[from] psn\n|upkeep\n|turn|39\n|\n|t:|1700008991\n|switch|p2a: Chansey|Chansey, F|68\/100\n|move|p1a: Charizard|Weather Ball|p2a: Chansey\n|-damage|p2a: Chansey|41\/100\n|\n|-weather|SunnyDay|[upkeep]\n|-damage|p1a: Charizard|42\/100 tox|[from] psn\n|upkeep\n|turn|40\n|\n|t:|1700008995\n|move|p1a: Charizard|Air Slash|p2a: Chansey\n|-damage|p2a: Chansey|29\/100\n|move|p2a: Chansey|Soft-Boiled|p2a: Chansey\n|-heal|p2a: Chansey|79\/100\n|\n|-weather|SunnyDay|[upkeep]\n|-damage|p1a: Charizard|24\/100 tox|[from] psn\n|upkeep\n|turn|41\n|\n|t:|1700009007\n|switch|p1a: Alomomola|Alomomola, M|100\/100\n|move|p2a: Chansey|Seismic Toss|p1a: Alomomola\n|-damage|p1a: Alomomola|82\/100\n|\n|-weather|SunnyDay|[upkeep]\n|upkeep\n|turn|42\n|\n|t:|1700009012\n|switch|p2a: Ampharos|Ampharos-Mega, M|64\/100 tox\n|-ability|p2a: Ampharos|Mold Breaker\n|move|p1a: Alomomola|Flip Turn|p2a: Ampharos\n|-resisted|p2a: Ampharos\n|-damage|p2a: Ampharos|61\/100 tox\n|\n|t:|1700009015\n|switch|p1a: Slowking|Slowking-Galar, M|100\/100|[from] Flip Turn\n|\n|-weather|none\n|-damage|p2a: Ampharos|55\/100 tox|[from] psn\n|upkeep\n|turn|43\n|\n|t:|1700009019\n|move|p2a: Ampharos|Volt Switch|p1a: Slowking\n|-damage|p1a: Slowking|74\/100\n|\n|t:|1700009020\n|switch|p2a: Aegislash|Aegislash, F|100\/100 frz|[from] Volt Switch\n|move|p1a: Slowking|Future Sight|p2a: Aegislash\n|-start|p1a: Slowking|move: Future Sight\n|\n|upkeep\n|turn|44\n|\n|t:|1700009033\n|cant|p2a: Aegislash|frz\n|move|p1a: Slowking|Chilly Reception|p1a: Slowking\n|-weather|Snow\n|\n|t:|1700009036\n|switch|p1a: Alomomola|Alomomola, M|100\/100|[from] Chilly Reception\n|\n|-weather|Snow|[upkeep]\n|upkeep\n|turn|45\n|c|\u2606looking 4 horizons|can I unfreeze or not\n|\n|t:|1700009052\n|cant|p2a: Aegislash|frz\n|move|p1a: Alomomola|Wish|p1a: Alomomola\n|\n|-weather|Snow|[upkeep]\n|-end|p2a: Aegislash|move: Future Sight\n|-resisted|p2a: Aegislash\n|-damage|p2a: Aegislash|83\/100 frz\n|-heal|p2a: Aegislash|89\/100 frz|[from] item: Leftovers\n|upkeep\n|turn|46\n|\n|t:|1700009059\n|cant|p2a: Aegislash|frz\n|move|p1a: Alomomola|Flip Turn|p2a: Aegislash\n|-damage|p2a: Aegislash|74\/100 frz\n|\n|t:|1700009061\n|switch|p1a: Charizard|Charizard-Mega-Y, M|24\/100 tox|[from] Flip Turn\n|-weather|SunnyDay|[from] ability: Drought|[of] p1a: Charizard\n|\n|-weather|SunnyDay|[upkeep]\n|-heal|p1a: Charizard|100\/100 tox|[from] move: Wish|[wisher] Alomomola\n|-heal|p2a: Aegislash|80\/100 frz|[from] item: Leftovers\n|-damage|p1a: Charizard|94\/100 tox|[from] psn\n|upkeep\n|turn|47\n|c|\u2606looking 4 horizons|of course.\n|\n|t:|1700009073\n|switch|p2a: Dondozo|Dondozo, F|96\/100\n|move|p1a: Charizard|Weather Ball|p2a: Dondozo\n|-resisted|p2a: Dondozo\n|-damage|p2a: Dondozo|55\/100\n|\n|-weather|SunnyDay|[upkeep]\n|-heal|p2a: Dondozo|61\/100|[from] item: Leftovers\n|-damage|p1a: Charizard|82\/100 tox|[from] psn\n|upkeep\n|turn|48\n|\n|t:|1700009081\n|switch|p2a: Chansey|Chansey, F|79\/100\n|move|p1a: Charizard|Weather Ball|p2a: Chansey\n|-damage|p2a: Chansey|48\/100\n|\n|-weather|SunnyDay|[upkeep]\n|-damage|p1a: Charizard|64\/100 tox|[from] psn\n|upkeep\n|turn|49\n|\n|t:|1700009091\n|move|p1a: Charizard|Air Slash|p2a: Chansey\n|-damage|p2a: Chansey|33\/100\n|cant|p2a: Chansey|flinch\n|\n|-weather|SunnyDay|[upkeep]\n|-damage|p1a: Charizard|40\/100 tox|[from] psn\n|upkeep\n|turn|50\n|\n|t:|1700009095\n|move|p1a: Charizard|Air Slash|p2a: Chansey\n|-damage|p2a: Chansey|19\/100\n|move|p2a: Chansey|Soft-Boiled|p2a: Chansey\n|-heal|p2a: Chansey|69\/100\n|\n|-weather|none\n|-damage|p1a: Charizard|10\/100 tox|[from] psn\n|upkeep\n|turn|51\n|\n|t:|1700009101\n|switch|p1a: Alomomola|Alomomola, M|100\/100\n|move|p2a: Chansey|Toxic|p1a: Alomomola\n|-status|p1a: Alomomola|tox\n|\n|-damage|p1a: Alomomola|94\/100 tox|[from] psn\n|upkeep\n|turn|52\n|\n|t:|1700009105\n|move|p2a: Chansey|Wish|p2a: Chansey\n|move|p1a: Alomomola|Wish|p1a: Alomomola\n|\n|-damage|p1a: Alomomola|82\/100 tox|[from] psn\n|upkeep\n|turn|53\n|\n|t:|1700009116\n|move|p2a: Chansey|Seismic Toss|p1a: Alomomola\n|-damage|p1a: Alomomola|63\/100 tox\n|move|p1a: Alomomola|Flip Turn|p2a: Chansey\n|-damage|p2a: Chansey|58\/100\n|\n|t:|1700009122\n|switch|p1a: Charizard|Charizard-Mega-Y, M|10\/100 tox|[from] Flip Turn\n|-weather|SunnyDay|[from] ability: Drought|[of] p1a: Charizard\n|\n|-weather|SunnyDay|[upkeep]\n|-heal|p2a: Chansey|100\/100|[from] move: Wish|[wisher] Chansey\n|-heal|p1a: Charizard|99\/100 tox|[from] move: Wish|[wisher] Alomomola\n|-damage|p1a: Charizard|93\/100 tox|[from] psn\n|upkeep\n|turn|54\n|\n|t:|1700009131\n|switch|p1a: Alomomola|Alomomola, M|97\/100 tox\n|move|p2a: Chansey|Seismic Toss|p1a: Alomomola\n|-damage|p1a: Alomomola|78\/100 tox\n|\n|-weather|SunnyDay|[upkeep]\n|-damage|p1a: Alomomola|72\/100 tox|[from] psn\n|upkeep\n|turn|55\n|\n|t:|1700009136\n|switch|p2a: Ampharos|Ampharos-Mega, M|55\/100 tox\n|-ability|p2a: Ampharos|Mold Breaker\n|move|p1a: Alomomola|Wish|p1a: Alomomola\n|\n|-weather|SunnyDay|[upkeep]\n|-damage|p2a: Ampharos|49\/100 tox|[from] psn\n|-damage|p1a: Alomomola|59\/100 tox|[from] psn\n|upkeep\n|turn|56\n|\n|t:|1700009145\n|move|p1a: Alomomola|Protect|p1a: Alomomola\n|-singleturn|p1a: Alomomola|Protect\n|move|p2a: Ampharos|Dragon Pulse|p1a: Alomomola\n|-activate|p1a: Alomomola|move: Protect\n|\n|-weather|SunnyDay|[upkeep]\n|-heal|p1a: Alomomola|100\/100 tox|[from] move: Wish|[wisher] Alomomola\n|-damage|p2a: Ampharos|37\/100 tox|[from] psn\n|-damage|p1a: Alomomola|82\/100 tox|[from] psn\n|upkeep\n|turn|57\n|\n|t:|1700009152\n|switch|p1a: Slowking|Slowking-Galar, M|100\/100\n|move|p2a: Ampharos|Volt Switch|p1a: Slowking\n|-damage|p1a: Slowking|71\/100\n|\n|t:|1700009156\n|switch|p2a: Aegislash|Aegislash, F|80\/100 frz|[from] Volt Switch\n|\n|-weather|none\n|-heal|p2a: Aegislash|86\/100 frz|[from] item: Leftovers\n|upkeep\n|turn|58\n|\n|t:|1700009160\n|cant|p2a: Aegislash|frz\n|move|p1a: Slowking|Chilly Reception|p1a: Slowking\n|-weather|Snow\n|\n|t:|1700009164\n|switch|p1a: Charizard|Charizard-Mega-Y, M|93\/100 tox|[from] Chilly Reception\n|-weather|SunnyDay|[from] ability: Drought|[of] p1a: Charizard\n|\n|-weather|SunnyDay|[upkeep]\n|-heal|p2a: Aegislash|92\/100 frz|[from] item: Leftovers\n|-damage|p1a: Charizard|87\/100 tox|[from] psn\n|upkeep\n|turn|59\n|\n|t:|1700009185\n|switch|p2a: Chansey|Chansey, F|100\/100\n|move|p1a: Charizard|Weather Ball|p2a: Chansey\n|-damage|p2a: Chansey|73\/100\n|\n|-weather|SunnyDay|[upkeep]\n|-damage|p1a: Charizard|75\/100 tox|[from] psn\n|upkeep\n|turn|60\n|\n|t:|1700009195\n|switch|p1a: Alomomola|Alomomola, M|100\/100 tox\n|move|p2a: Chansey|Toxic|p1a: Alomomola\n|-fail|p1a: Alomomola|tox\n|\n|-weather|SunnyDay|[upkeep]\n|-damage|p1a: Alomomola|94\/100 tox|[from] psn\n|upkeep\n|turn|61\n|\n|t:|1700009201\n|switch|p2a: Ampharos|Ampharos-Mega, M|37\/100 tox\n|-ability|p2a: Ampharos|Mold Breaker\n|move|p1a: Alomomola|Wish|p1a: Alomomola\n|\n|-weather|SunnyDay|[upkeep]\n|-damage|p2a: Ampharos|31\/100 tox|[from] psn\n|-damage|p1a: Alomomola|82\/100 tox|[from] psn\n|upkeep\n|turn|62\n|\n|t:|1700009224\n|switch|p1a: Slowking|Slowking-Galar, M|100\/100\n|move|p2a: Ampharos|Dragon Pulse|p1a: Slowking\n|-damage|p1a: Slowking|65\/100\n|\n|-weather|none\n|-heal|p1a: Slowking|100\/100|[from] move: Wish|[wisher] Alomomola\n|-damage|p2a: Ampharos|19\/100 tox|[from] psn\n|upkeep\n|turn|63\n|\n|t:|1700009230\n|move|p2a: Ampharos|Volt Switch|p1a: Slowking\n|-damage|p1a: Slowking|71\/100\n|\n|t:|1700009232\n|switch|p2a: Chansey|Chansey, F|73\/100|[from] Volt Switch\n|move|p1a: Slowking|Chilly Reception|p1a: Slowking\n|-weather|Snow\n|\n|t:|1700009239\n|switch|p1a: Alomomola|Alomomola, M|100\/100 tox|[from] Chilly Reception\n|\n|-weather|Snow|[upkeep]\n|-damage|p1a: Alomomola|94\/100 tox|[from] psn\n|upkeep\n|turn|64\n|\n|t:|1700009242\n|move|p2a: Chansey|Wish|p2a: Chansey\n|move|p1a: Alomomola|Wish|p1a: Alomomola\n|\n|-weather|Snow|[upkeep]\n|-damage|p1a: Alomomola|82\/100 tox|[from] psn\n|upkeep\n|turn|65\n|\n|t:|1700009248\n|switch|p2a: Aegislash|Aegislash, F|92\/100 frz\n|move|p1a: Alomomola|Flip Turn|p2a: Aegislash\n|-damage|p2a: Aegislash|78\/100 frz\n|\n|t:|1700009253\n|switch|p1a: Cinderace|Cinderace, M|15\/100 tox|[from] Flip Turn\n|\n|-weather|Snow|[upkeep]\n|-heal|p2a: Aegislash|100\/100 frz|[from] move: Wish|[wisher] Chansey\n|-heal|p1a: Cinderace|100\/100 tox|[from] move: Wish|[wisher] Alomomola\n|-damage|p1a: Cinderace|95\/100 tox|[from] psn\n|upkeep\n|turn|66\n|\n|t:|1700009266\n|move|p1a: Cinderace|U-turn|p2a: Aegislash\n|-start|p1a: Cinderace|typechange|Bug|[from] ability: Libero\n|-resisted|p2a: Aegislash\n|-damage|p2a: Aegislash|93\/100 frz\n|\n|t:|1700009270\n|switch|p1a: Alomomola|Alomomola, M|100\/100 tox|[from] U-turn\n|cant|p2a: Aegislash|frz\n|\n|-weather|Snow|[upkeep]\n|-heal|p2a: Aegislash|99\/100 frz|[from] item: Leftovers\n|-damage|p1a: Alomomola|94\/100 tox|[from] psn\n|upkeep\n|turn|67\n|\n|t:|1700009275\n|cant|p2a: Aegislash|frz\n|move|p1a: Alomomola|Wish|p1a: Alomomola\n|\n|-weather|none\n|-heal|p2a: Aegislash|100\/100 frz|[from] item: Leftovers\n|-damage|p1a: Alomomola|82\/100 tox|[from] psn\n|upkeep\n|turn|68\n|c|\u2606looking 4 horizons|what the actual fuck is this\n|\n|t:|1700009282\n|cant|p2a: Aegislash|frz\n|move|p1a: Alomomola|Flip Turn|p2a: Aegislash\n|-damage|p2a: Aegislash|87\/100 frz\n|\n|t:|1700009284\n|switch|p1a: Landorus|Landorus-Therian, M|44\/100 tox|[from] Flip Turn\n|-ability|p1a: Landorus|Intimidate|boost\n|-unboost|p2a: Aegislash|atk|1\n|\n|-heal|p1a: Landorus|100\/100 tox|[from] move: Wish|[wisher] Alomomola\n|-heal|p2a: Aegislash|93\/100 frz|[from] item: Leftovers\n|-damage|p1a: Landorus|94\/100 tox|[from] psn\n|upkeep\n|turn|69\n|\n|t:|1700009290\n|switch|p2a: Tornadus|Tornadus-Therian, M|100\/100\n|move|p1a: Landorus|Earthquake|p2a: Tornadus\n|-immune|p2a: Tornadus\n|\n|-heal|p1a: Landorus|100\/100 tox|[from] item: Leftovers\n|-damage|p1a: Landorus|88\/100 tox|[from] psn\n|upkeep\n|turn|70\n|\n|t:|1700009296\n|switch|p1a: Slowking|Slowking-Galar, M|100\/100\n|move|p2a: Tornadus|U-turn|p1a: Slowking\n|-damage|p1a: Slowking|85\/100\n|\n|t:|1700009297\n|switch|p2a: Chansey|Chansey, F|73\/100|[from] U-turn\n|\n|upkeep\n|turn|71\n|\n|t:|1700009304\n|move|p2a: Chansey|Wish|p2a: Chansey\n|move|p1a: Slowking|Future Sight|p2a: Chansey\n|-start|p1a: Slowking|move: Future Sight\n|\n|upkeep\n|turn|72\n|\n|t:|1700009307\n|switch|p2a: Ampharos|Ampharos-Mega, M|19\/100 tox\n|-ability|p2a: Ampharos|Mold Breaker\n|move|p1a: Slowking|Chilly Reception|p1a: Slowking\n|-weather|Snow\n|\n|t:|1700009311\n|switch|p1a: Landorus|Landorus-Therian, M|88\/100 tox|[from] Chilly Reception\n|-ability|p1a: Landorus|Intimidate|boost\n|-unboost|p2a: Ampharos|atk|1\n|\n|-weather|Snow|[upkeep]\n|-heal|p2a: Ampharos|100\/100 tox|[from] move: Wish|[wisher] Chansey\n|-heal|p1a: Landorus|94\/100 tox|[from] item: Leftovers\n|-damage|p1a: Landorus|88\/100 tox|[from] psn\n|-damage|p2a: Ampharos|94\/100 tox|[from] psn\n|upkeep\n|turn|73\n|\n|t:|1700009321\n|switch|p1a: Alomomola|Alomomola, M|100\/100 tox\n|switch|p2a: Gliscor|Gliscor, F|100\/100 tox\n|\n|-weather|Snow|[upkeep]\n|-end|p2a: Gliscor|move: Future Sight\n|-damage|p2a: Gliscor|65\/100 tox\n|-heal|p2a: Gliscor|78\/100 tox|[from] ability: Poison Heal\n|-damage|p1a: Alomomola|94\/100 tox|[from] psn\n|upkeep\n|turn|74\n|\n|t:|1700009335\n|switch|p2a: Aegislash|Aegislash, F|93\/100 frz\n|move|p1a: Alomomola|Flip Turn|p2a: Aegislash\n|-damage|p2a: Aegislash|80\/100 frz\n|\n|t:|1700009342\n|switch|p1a: Charizard|Charizard-Mega-Y, M|75\/100 tox|[from] Flip Turn\n|-weather|SunnyDay|[from] ability: Drought|[of] p1a: Charizard\n|\n|-weather|SunnyDay|[upkeep]\n|-heal|p2a: Aegislash|86\/100 frz|[from] item: Leftovers\n|-damage|p1a: Charizard|69\/100 tox|[from] psn\n|upkeep\n|turn|75\n|\n|t:|1700009352\n|switch|p2a: Chansey|Chansey, F|73\/100\n|move|p1a: Charizard|Weather Ball|p2a: Chansey\n|-crit|p2a: Chansey\n|-damage|p2a: Chansey|29\/100\n|\n|-weather|SunnyDay|[upkeep]\n|-damage|p1a: Charizard|57\/100 tox|[from] psn\n|upkeep\n|turn|76\n|\n|t:|1700009363\n|move|p1a: Charizard|Weather Ball|p2a: Chansey\n|-damage|p2a: Chansey|1\/100\n|move|p2a: Chansey|Soft-Boiled|p2a: Chansey\n|-heal|p2a: Chansey|52\/100\n|\n|-weather|SunnyDay|[upkeep]\n|-damage|p1a: Charizard|39\/100 tox|[from] psn\n|upkeep\n|turn|77\n|c|\u2606Miku Nakano ily|Omg\n|c|\u2606Miku Nakano ily|Karmic luck is real\n|\n|t:|1700009382\n|switch|p1a: Landorus|Landorus-Therian, M|88\/100 tox\n|-ability|p1a: Landorus|Intimidate|boost\n|-unboost|p2a: Chansey|atk|1\n|switch|p2a: Ampharos|Ampharos-Mega, M|94\/100 tox\n|-ability|p2a: Ampharos|Mold Breaker\n|\n|-weather|SunnyDay|[upkeep]\n|-heal|p1a: Landorus|94\/100 tox|[from] item: Leftovers\n|-damage|p1a: Landorus|88\/100 tox|[from] psn\n|-damage|p2a: Ampharos|88\/100 tox|[from] psn\n|upkeep\n|turn|78\n|\n|t:|1700009391\n|switch|p2a: Gliscor|Gliscor, F|78\/100 tox\n|move|p1a: Landorus|Earthquake|p2a: Gliscor\n|-immune|p2a: Gliscor\n|\n|-weather|none\n|-heal|p1a: Landorus|94\/100 tox|[from] item: Leftovers\n|-heal|p2a: Gliscor|90\/100 tox|[from] ability: Poison Heal\n|-damage|p1a: Landorus|82\/100 tox|[from] psn\n|upkeep\n|turn|79\n|inactive|looking 4 horizons has 120 seconds left.\n|\n|t:|1700009402\n|switch|p2a: Ampharos|Ampharos-Mega, M|88\/100 tox\n|-ability|p2a: Ampharos|Mold Breaker\n|switch|p1a: Alomomola|Alomomola, M|100\/100 tox\n|\n|-damage|p2a: Ampharos|82\/100 tox|[from] psn\n|-damage|p1a: Alomomola|94\/100 tox|[from] psn\n|upkeep\n|turn|80\n|inactive|looking 4 horizons has 120 seconds left.\n|\n|t:|1700009409\n|move|p1a: Alomomola|Protect|p1a: Alomomola\n|-singleturn|p1a: Alomomola|Protect\n|move|p2a: Ampharos|Volt Switch|p1a: Alomomola\n|-activate|p1a: Alomomola|move: Protect\n|\n|-damage|p2a: Ampharos|70\/100 tox|[from] psn\n|-damage|p1a: Alomomola|82\/100 tox|[from] psn\n|upkeep\n|turn|81\n|\n|t:|1700009413\n|switch|p1a: Slowking|Slowking-Galar, M|100\/100\n|move|p2a: Ampharos|Dragon Pulse|p1a: Slowking\n|-damage|p1a: Slowking|67\/100\n|\n|-damage|p2a: Ampharos|52\/100 tox|[from] psn\n|upkeep\n|turn|82\n|\n|t:|1700009424\n|move|p2a: Ampharos|Dragon Pulse|p1a: Slowking\n|-damage|p1a: Slowking|33\/100\n|move|p1a: Slowking|Chilly Reception|p1a: Slowking\n|-weather|Snow\n|\n|t:|1700009427\n|switch|p1a: Alomomola|Alomomola, M|100\/100 tox|[from] Chilly Reception\n|\n|-weather|Snow|[upkeep]\n|-damage|p2a: Ampharos|28\/100 tox|[from] psn\n|-damage|p1a: Alomomola|94\/100 tox|[from] psn\n|upkeep\n|turn|83\n|\n|t:|1700009431\n|switch|p2a: Chansey|Chansey, F|52\/100\n|move|p1a: Alomomola|Protect||[still]\n|-fail|p1a: Alomomola\n|\n|-weather|Snow|[upkeep]\n|-damage|p1a: Alomomola|82\/100 tox|[from] psn\n|upkeep\n|turn|84\n|\n|t:|1700009442\n|move|p2a: Chansey|Wish|p2a: Chansey\n|move|p1a: Alomomola|Wish|p1a: Alomomola\n|\n|-weather|Snow|[upkeep]\n|-damage|p1a: Alomomola|63\/100 tox|[from] psn\n|upkeep\n|turn|85\n|\n|t:|1700009446\n|switch|p2a: Ampharos|Ampharos-Mega, M|28\/100 tox\n|-ability|p2a: Ampharos|Mold Breaker\n|move|p1a: Alomomola|Flip Turn|p2a: Ampharos\n|-resisted|p2a: Ampharos\n|-damage|p2a: Ampharos|21\/100 tox\n|\n|t:|1700009451\n|switch|p1a: Charizard|Charizard-Mega-Y, M|39\/100 tox|[from] Flip Turn\n|-weather|SunnyDay|[from] ability: Drought|[of] p1a: Charizard\n|\n|-weather|SunnyDay|[upkeep]\n|-heal|p1a: Charizard|100\/100 tox|[from] move: Wish|[wisher] Alomomola\n|-heal|p2a: Ampharos|100\/100 tox|[from] move: Wish|[wisher] Chansey\n|-damage|p1a: Charizard|94\/100 tox|[from] psn\n|-damage|p2a: Ampharos|94\/100 tox|[from] psn\n|upkeep\n|turn|86\n|\n|t:|1700009460\n|switch|p1a: Landorus|Landorus-Therian, M|82\/100 tox\n|-ability|p1a: Landorus|Intimidate|boost\n|-unboost|p2a: Ampharos|atk|1\n|move|p2a: Ampharos|Volt Switch|p1a: Landorus\n|-immune|p1a: Landorus\n|\n|-weather|SunnyDay|[upkeep]\n|-heal|p1a: Landorus|88\/100 tox|[from] item: Leftovers\n|-damage|p1a: Landorus|82\/100 tox|[from] psn\n|-damage|p2a: Ampharos|82\/100 tox|[from] psn\n|upkeep\n|turn|87\n|\n|t:|1700009468\n|switch|p1a: Charizard|Charizard-Mega-Y, M|94\/100 tox\n|switch|p2a: Tornadus|Tornadus-Therian, M|100\/100\n|\n|-weather|SunnyDay|[upkeep]\n|-damage|p1a: Charizard|88\/100 tox|[from] psn\n|upkeep\n|turn|88\n|\n|t:|1700009474\n|move|p2a: Tornadus|U-turn|p1a: Charizard\n|-resisted|p1a: Charizard\n|-damage|p1a: Charizard|84\/100 tox\n|inactive|looking 4 horizons has 120 seconds left.\n|\n|t:|1700009506\n|switch|p2a: Ampharos|Ampharos-Mega, M|82\/100 tox|[from] U-turn\n|-ability|p2a: Ampharos|Mold Breaker\n|move|p1a: Charizard|Weather Ball|p2a: Ampharos\n|-resisted|p2a: Ampharos\n|-damage|p2a: Ampharos|45\/100 tox\n|\n|-weather|SunnyDay|[upkeep]\n|-damage|p1a: Charizard|72\/100 tox|[from] psn\n|-damage|p2a: Ampharos|39\/100 tox|[from] psn\n|upkeep\n|turn|89\n|\n|t:|1700009510\n|move|p1a: Charizard|Scorching Sands|p2a: Ampharos\n|-supereffective|p2a: Ampharos\n|-damage|p2a: Ampharos|0 fnt\n|faint|p2a: Ampharos\n|\n|-weather|none\n|-damage|p1a: Charizard|53\/100 tox|[from] psn\n|upkeep\n|\n|t:|1700009514\n|switch|p2a: Chansey|Chansey, F|52\/100\n|turn|90\n|\n|t:|1700009518\n|switch|p1a: Alomomola|Alomomola, M|97\/100 tox\n|move|p2a: Chansey|Wish|p2a: Chansey\n|\n|-damage|p1a: Alomomola|91\/100 tox|[from] psn\n|upkeep\n|turn|91\n|\n|t:|1700009525\n|switch|p2a: Aegislash|Aegislash, F|86\/100 frz\n|move|p1a: Alomomola|Wish|p1a: Alomomola\n|\n|-heal|p2a: Aegislash|100\/100 frz|[from] move: Wish|[wisher] Chansey\n|-damage|p1a: Alomomola|78\/100 tox|[from] psn\n|upkeep\n|turn|92\n|\n|t:|1700009533\n|cant|p2a: Aegislash|frz\n|move|p1a: Alomomola|Flip Turn|p2a: Aegislash\n|-damage|p2a: Aegislash|86\/100 frz\n|\n|t:|1700009538\n|switch|p1a: Charizard|Charizard-Mega-Y, M|53\/100 tox|[from] Flip Turn\n|-weather|SunnyDay|[from] ability: Drought|[of] p1a: Charizard\n|\n|-weather|SunnyDay|[upkeep]\n|-heal|p1a: Charizard|100\/100 tox|[from] move: Wish|[wisher] Alomomola\n|-heal|p2a: Aegislash|92\/100 frz|[from] item: Leftovers\n|-damage|p1a: Charizard|94\/100 tox|[from] psn\n|upkeep\n|turn|93\n|\n|t:|1700009546\n|switch|p2a: Dondozo|Dondozo, F|61\/100\n|move|p1a: Charizard|Weather Ball|p2a: Dondozo\n|-resisted|p2a: Dondozo\n|-damage|p2a: Dondozo|21\/100\n|\n|-weather|SunnyDay|[upkeep]\n|-heal|p2a: Dondozo|27\/100|[from] item: Leftovers\n|-damage|p1a: Charizard|82\/100 tox|[from] psn\n|upkeep\n|turn|94\n|\n|t:|1700009553\n|switch|p2a: Tornadus|Tornadus-Therian, M|100\/100\n|move|p1a: Charizard|Weather Ball|p2a: Tornadus\n|-damage|p2a: Tornadus|0 fnt\n|faint|p2a: Tornadus\n|\n|-weather|SunnyDay|[upkeep]\n|-damage|p1a: Charizard|64\/100 tox|[from] psn\n|upkeep\n|\n|t:|1700009557\n|switch|p2a: Chansey|Chansey, F|52\/100\n|turn|95\n|\n|t:|1700009572\n|switch|p1a: Landorus|Landorus-Therian, M|82\/100 tox\n|-ability|p1a: Landorus|Intimidate|boost\n|-unboost|p2a: Chansey|atk|1\n|move|p2a: Chansey|Wish|p2a: Chansey\n|\n|-weather|SunnyDay|[upkeep]\n|-heal|p1a: Landorus|88\/100 tox|[from] item: Leftovers\n|-damage|p1a: Landorus|82\/100 tox|[from] psn\n|upkeep\n|turn|96\n|\n|t:|1700009578\n|switch|p2a: Dondozo|Dondozo, F|27\/100\n|move|p1a: Landorus|Knock Off|p2a: Dondozo\n|-damage|p2a: Dondozo|13\/100\n|-enditem|p2a: Dondozo|Leftovers|[from] move: Knock Off|[of] p1a: Landorus\n|\n|-weather|none\n|-heal|p2a: Dondozo|82\/100|[from] move: Wish|[wisher] Chansey\n|-heal|p1a: Landorus|88\/100 tox|[from] item: Leftovers\n|-damage|p1a: Landorus|76\/100 tox|[from] psn\n|upkeep\n|turn|97\n|\n|t:|1700009588\n|move|p1a: Landorus|Taunt|p2a: Dondozo\n|-start|p2a: Dondozo|move: Taunt\n|cant|p2a: Dondozo|move: Taunt|Curse\n|\n|-heal|p1a: Landorus|82\/100 tox|[from] item: Leftovers\n|-damage|p1a: Landorus|64\/100 tox|[from] psn\n|upkeep\n|turn|98\n|c|\u2606looking 4 horizons|yeah, that's...\n|c|\u2606looking 4 horizons|well.\n|-message|looking 4 horizons forfeited.\n|\n|win|Miku Nakano ily\n|n|\u2606Miku Nakano ily|mikunakanoily\n|n|\u2606looking 4 horizons|looking4horizons\n|n| XXMurdrXX|xxmurdrxx\n|n| asoespresso|asoespresso\n|l| XXMurdrXX\n","uploadtime":1700009608,"views":22,"p1id":"mikunakanoily","p2id":"looking4horizons","formatid":"gen9nationaldex","rating":0,"private":0,"password":""}