{"id":"gen9nationaldex-1992964519","p1":"Leviatan4","p2":"xCookieBallx","format":"[Gen 9] National Dex","log":"|j|\u2606Leviatan4\n|j|\u2606xCookieBallx\n|t:|1700250861\n|gametype|singles\n|player|p1|Leviatan4|scientist-gen4dp|\n|player|p2|xCookieBallx|marnie-league|\n|teamsize|p1|6\n|teamsize|p2|6\n|gen|9\n|tier|[Gen 9] National Dex\n|rule|HP Percentage Mod: HP is shown in percentages\n|rule|Endless Battle Clause: Forcing endless battles is banned\n|rule|OHKO Clause: OHKO moves are banned\n|rule|Evasion Clause: Evasion abilities, items, and moves are banned\n|rule|Evasion Abilities Clause: Evasion abilities are banned\n|rule|Evasion Items Clause: Evasion items are banned\n|rule|Evasion Moves Clause: Evasion moves are banned\n|rule|Species Clause: Limit one of each Pok\u00e9mon\n|rule|Sleep Clause Mod: Limit one foe put to sleep\n|clearpoke\n|poke|p1|Volcarona, M|\n|poke|p1|Amoonguss, M|\n|poke|p1|Conkeldurr, M|\n|poke|p1|Thundurus, M|\n|poke|p1|Ferrothorn, F|\n|poke|p1|Landorus-Therian, M|\n|poke|p2|Frosmoth, F|\n|poke|p2|Mamoswine, M|\n|poke|p2|Eiscue, M|\n|poke|p2|Vanilluxe, M|\n|poke|p2|Arctozolt|\n|poke|p2|Cloyster, F|\n|teampreview\n|\n|t:|1700250885\n|start\n|switch|p1a: Ferrothorn|Ferrothorn, F|100\/100\n|switch|p2a: King|Eiscue, M, shiny|100\/100\n|turn|1\n|\n|t:|1700250892\n|-terastallize|p2a: King|Fire\n|move|p2a: King|Tera Blast|p1a: Ferrothorn|[anim] Tera Blast Fire\n|-supereffective|p1a: Ferrothorn\n|-damage|p1a: Ferrothorn|36\/100\n|move|p1a: Ferrothorn|Leech Seed|p2a: King\n|-start|p2a: King|move: Leech Seed\n|\n|-damage|p2a: King|88\/100|[from] Leech Seed|[of] p1a: Ferrothorn\n|-heal|p1a: Ferrothorn|46\/100|[silent]\n|upkeep\n|turn|2\n|\n|t:|1700250923\n|switch|p2a: Oreo|Vanilluxe, M|100\/100\n|-weather|Snow|[from] ability: Snow Warning|[of] p2a: Oreo\n|move|p1a: Ferrothorn|Spikes|p2a: Oreo\n|-sidestart|p2: xCookieBallx|Spikes\n|\n|-weather|Snow|[upkeep]\n|upkeep\n|turn|3\n|\n|t:|1700250933\n|move|p2a: Oreo|Aurora Veil|p2a: Oreo\n|-sidestart|p2: xCookieBallx|move: Aurora Veil\n|move|p1a: Ferrothorn|Body Press|p2a: Oreo\n|-supereffective|p2a: Oreo\n|-damage|p2a: Oreo|77\/100\n|\n|-weather|Snow|[upkeep]\n|upkeep\n|turn|4\n|\n|t:|1700250947\n|switch|p2a: King|Eiscue, M, shiny, tera:Fire|88\/100\n|-damage|p2a: King|76\/100|[from] Spikes\n|move|p1a: Ferrothorn|Leech Seed|p2a: King\n|-start|p2a: King|move: Leech Seed\n|\n|-weather|Snow|[upkeep]\n|-damage|p2a: King|64\/100|[from] Leech Seed|[of] p1a: Ferrothorn\n|-heal|p1a: Ferrothorn|56\/100|[silent]\n|upkeep\n|turn|5\n|\n|t:|1700250958\n|move|p2a: King|Tera Blast|p1a: Ferrothorn|[anim] Tera Blast Fire\n|-supereffective|p1a: Ferrothorn\n|-damage|p1a: Ferrothorn|0 fnt\n|faint|p1a: Ferrothorn\n|\n|-weather|Snow|[upkeep]\n|upkeep\n|\n|t:|1700250975\n|switch|p1a: Volcarona|Volcarona, M|100\/100\n|turn|6\n|\n|t:|1700250982\n|switch|p2a: Eva|Frosmoth, F|100\/100\n|move|p1a: Volcarona|Quiver Dance|p1a: Volcarona\n|-boost|p1a: Volcarona|spa|1\n|-boost|p1a: Volcarona|spd|1\n|-boost|p1a: Volcarona|spe|1\n|\n|-weather|Snow|[upkeep]\n|upkeep\n|turn|7\n|\n|t:|1700251000\n|move|p1a: Volcarona|Fiery Dance|p2a: Eva\n|-supereffective|p2a: Eva\n|-damage|p2a: Eva|30\/100\n|-boost|p1a: Volcarona|spa|1\n|move|p2a: Eva|Defog|p1a: Volcarona\n|-unboost|p1a: Volcarona|evasion|1\n|-sideend|p2: xCookieBallx|Spikes|[from] move: Defog|[of] p2a: Eva\n|\n|-weather|Snow|[upkeep]\n|-sideend|p2: xCookieBallx|move: Aurora Veil\n|upkeep\n|turn|8\n|\n|t:|1700251010\n|move|p1a: Volcarona|Fiery Dance|p2a: Eva\n|-supereffective|p2a: Eva\n|-damage|p2a: Eva|0 fnt\n|-boost|p1a: Volcarona|spa|1\n|faint|p2a: Eva\n|\n|-weather|Snow|[upkeep]\n|upkeep\n|\n|t:|1700251021\n|switch|p2a: Conchita|Cloyster, F|100\/100\n|turn|9\n|\n|t:|1700251042\n|move|p1a: Volcarona|Giga Drain|p2a: Conchita\n|-supereffective|p2a: Conchita\n|-enditem|p2a: Conchita|Focus Sash\n|-damage|p2a: Conchita|1\/100\n|move|p2a: Conchita|Shell Smash|p2a: Conchita\n|-unboost|p2a: Conchita|def|1\n|-unboost|p2a: Conchita|spd|1\n|-boost|p2a: Conchita|atk|2\n|-boost|p2a: Conchita|spa|2\n|-boost|p2a: Conchita|spe|2\n|\n|-weather|none\n|upkeep\n|turn|10\n|\n|t:|1700251057\n|move|p2a: Conchita|Rock Blast|p1a: Volcarona\n|-supereffective|p1a: Volcarona\n|-damage|p1a: Volcarona|3\/100\n|-supereffective|p1a: Volcarona\n|-damage|p1a: Volcarona|0 fnt\n|faint|p1a: Volcarona\n|-hitcount|p1: Volcarona|2\n|\n|upkeep\n|c|\u2606Leviatan4|XD\n|\n|t:|1700251081\n|switch|p1a: Conkeldurr|Conkeldurr, M|100\/100\n|turn|11\n|\n|t:|1700251088\n|move|p2a: Conchita|Explosion|p1a: Conkeldurr\n|-damage|p1a: Conkeldurr|0 fnt\n|faint|p2a: Conchita\n|faint|p1a: Conkeldurr\n|\n|upkeep\n|\n|t:|1700251108\n|switch|p2a: Oreo|Vanilluxe, M|77\/100\n|switch|p1a: Landorus|Landorus-Therian, M|100\/100\n|-ability|p1a: Landorus|Intimidate|boost\n|-unboost|p2a: Oreo|atk|1\n|-weather|Snow|[from] ability: Snow Warning|[of] p2a: Oreo\n|turn|12\n|\n|t:|1700251127\n|-zpower|p1a: Landorus\n|move|p1a: Landorus|Supersonic Skystrike|p2a: Oreo|[zeffect]\n|-damage|p2a: Oreo|2\/100\n|move|p2a: Oreo|Aurora Veil|p2a: Oreo\n|-sidestart|p2: xCookieBallx|move: Aurora Veil\n|\n|-weather|Snow|[upkeep]\n|upkeep\n|turn|13\n|\n|t:|1700251135\n|move|p1a: Landorus|U-turn|p2a: Oreo\n|-damage|p2a: Oreo|0 fnt\n|faint|p2a: Oreo\n|\n|t:|1700251140\n|switch|p1a: Amoonguss|Amoonguss, M|100\/100|[from] U-turn\n|\n|-weather|Snow|[upkeep]\n|upkeep\n|\n|t:|1700251144\n|switch|p2a: Mebo|Arctozolt, shiny|100\/100\n|turn|14\n|j| Gamer00ooO\n|\n|t:|1700251151\n|move|p2a: Mebo|Icicle Crash|p1a: Amoonguss\n|-supereffective|p1a: Amoonguss\n|-damage|p1a: Amoonguss|7\/100\n|-damage|p2a: Mebo|91\/100|[from] item: Life Orb\n|move|p1a: Amoonguss|Spore|p2a: Mebo\n|-status|p2a: Mebo|slp|[from] move: Spore\n|\n|-weather|Snow|[upkeep]\n|-heal|p1a: Amoonguss|13\/100|[from] item: Leftovers\n|upkeep\n|turn|15\n|\n|t:|1700251166\n|cant|p2a: Mebo|slp\n|move|p1a: Amoonguss|Hidden Power|p2a: Mebo\n|-supereffective|p2a: Mebo\n|-damage|p2a: Mebo|69\/100 slp\n|\n|-weather|Snow|[upkeep]\n|-heal|p1a: Amoonguss|19\/100|[from] item: Leftovers\n|upkeep\n|turn|16\n|c| Gamer00ooO|Hola\n|c|\u2606xCookieBallx|hi\n|\n|t:|1700251177\n|-curestatus|p2a: Mebo|slp|[msg]\n|move|p2a: Mebo|Bolt Beak|p1a: Amoonguss\n|-resisted|p1a: Amoonguss\n|-damage|p1a: Amoonguss|0 fnt\n|-status|p2a: Mebo|slp|[from] ability: Effect Spore|[of] p1a: Amoonguss\n|faint|p1a: Amoonguss\n|-damage|p2a: Mebo|59\/100 slp|[from] item: Life Orb\n|\n|-weather|Snow|[upkeep]\n|-sideend|p2: xCookieBallx|move: Aurora Veil\n|upkeep\n|\n|t:|1700251198\n|switch|p1a: Landorus|Landorus-Therian, M|100\/100\n|-ability|p1a: Landorus|Intimidate|boost\n|-unboost|p2a: Mebo|atk|1\n|turn|17\n|\n|t:|1700251209\n|cant|p2a: Mebo|slp\n|move|p1a: Landorus|Earthquake|p2a: Mebo\n|-supereffective|p2a: Mebo\n|-damage|p2a: Mebo|0 fnt\n|faint|p2a: Mebo\n|\n|-weather|Snow|[upkeep]\n|upkeep\n|\n|t:|1700251212\n|switch|p2a: King|Eiscue, M, shiny, tera:Fire|64\/100\n|turn|18\n|\n|t:|1700251231\n|move|p1a: Landorus|Earthquake|p2a: King\n|-activate|p2a: King|ability: Ice Face\n|-damage|p2a: King|64\/100\n|detailschange|p2a: King|Eiscue-Noice, M, shiny, tera:Fire\n|move|p2a: King|Belly Drum|p2a: King\n|-damage|p2a: King|14\/100\n|-setboost|p2a: King|atk|6|[from] move: Belly Drum\n|-enditem|p2a: King|Sitrus Berry|[eat]\n|-heal|p2a: King|39\/100|[from] item: Sitrus Berry\n|\n|-weather|Snow|[upkeep]\n|upkeep\n|turn|19\n|\n|t:|1700251243\n|move|p2a: King|Ice Spinner|p1a: Landorus\n|-supereffective|p1a: Landorus\n|-damage|p1a: Landorus|0 fnt\n|faint|p1a: Landorus\n|\n|-weather|none\n|upkeep\n|\n|t:|1700251248\n|switch|p1a: Thundurus|Thundurus, M|100\/100\n|turn|20\n|\n|t:|1700251251\n|move|p2a: King|Ice Spinner|p1a: Thundurus\n|-supereffective|p1a: Thundurus\n|-damage|p1a: Thundurus|0 fnt\n|faint|p1a: Thundurus\n|\n|win|xCookieBallx\n|c|\u2606xCookieBallx|gg\n|c|\u2606Leviatan4|gg\n|c| Gamer00ooO|Gg\n|c|\u2606Leviatan4|:(\n|c|\u2606Leviatan4|XD\n|l|\u2606xCookieBallx\n|l| Gamer00ooO\n","uploadtime":1700251571,"views":7,"p1id":"leviatan4","p2id":"xcookieballx","formatid":"gen9nationaldex","rating":0,"private":0,"password":""}