{"id":"gen9nationaldex-1993755989","p1":"leafeon_ale","p2":"famus123","format":"[Gen 9] National Dex","log":"|j|\u2606leafeon_ale\n|j|\u2606famus123\n|t:|1700353492\n|gametype|singles\n|player|p1|leafeon_ale|265|\n|player|p2|famus123|kukui|\n|teamsize|p1|6\n|teamsize|p2|6\n|gen|9\n|tier|[Gen 9] National Dex\n|rule|HP Percentage Mod: HP is shown in percentages\n|rule|Endless Battle Clause: Forcing endless battles is banned\n|rule|OHKO Clause: OHKO moves are banned\n|rule|Evasion Clause: Evasion abilities, items, and moves are banned\n|rule|Evasion Abilities Clause: Evasion abilities are banned\n|rule|Evasion Items Clause: Evasion items are banned\n|rule|Evasion Moves Clause: Evasion moves are banned\n|rule|Species Clause: Limit one of each Pok\u00e9mon\n|rule|Sleep Clause Mod: Limit one foe put to sleep\n|clearpoke\n|poke|p1|Maushold-Four|\n|poke|p1|Tinkaton, F|\n|poke|p1|Ting-Lu|\n|poke|p1|Garganacl, M|\n|poke|p1|Ogerpon-Wellspring, F|\n|poke|p1|Pawmo, F|\n|poke|p2|Cutiefly, M|\n|poke|p2|Kommo-o, M|\n|poke|p2|Tapu Lele|\n|poke|p2|Kartana|\n|poke|p2|Dhelmise|\n|poke|p2|Blacephalon|\n|teampreview\n|\n|t:|1700353531\n|start\n|switch|p1a: Pawmo|Pawmo, F|100\/100\n|switch|p2a: Cutiefly|Cutiefly, M|100\/100\n|turn|1\n|\n|t:|1700353537\n|switch|p2a: Dhelmise|Dhelmise|100\/100\n|move|p1a: Pawmo|Fake Out|p2a: Dhelmise\n|-immune|p2a: Dhelmise\n|\n|upkeep\n|turn|2\n|\n|t:|1700353545\n|move|p1a: Pawmo|Volt Switch|p2a: Dhelmise\n|-resisted|p2a: Dhelmise\n|-damage|p2a: Dhelmise|94\/100\n|\n|t:|1700353556\n|switch|p1a: Tinkaton|Tinkaton, F|100\/100|[from] Volt Switch\n|-ability|p1a: Tinkaton|Mold Breaker\n|move|p2a: Dhelmise|Knock Off|p1a: Tinkaton\n|-resisted|p1a: Tinkaton\n|-damage|p1a: Tinkaton|81\/100\n|-enditem|p1a: Tinkaton|Assault Vest|[from] move: Knock Off|[of] p2a: Dhelmise\n|\n|upkeep\n|turn|3\n|\n|t:|1700353574\n|switch|p2a: Cutiefly|Cutiefly, M|100\/100\n|move|p1a: Tinkaton|Ice Hammer|p2a: Cutiefly\n|-damage|p2a: Cutiefly|23\/100\n|-unboost|p1a: Tinkaton|spe|1\n|\n|upkeep\n|turn|4\n|\n|t:|1700353582\n|move|p2a: Cutiefly|Sticky Web|p1a: Tinkaton\n|-sidestart|p1: leafeon_ale|move: Sticky Web\n|move|p1a: Tinkaton|Play Rough|p2a: Cutiefly\n|-damage|p2a: Cutiefly|0 fnt\n|faint|p2a: Cutiefly\n|\n|upkeep\n|\n|t:|1700353585\n|switch|p2a: Blacephalon|Blacephalon|100\/100\n|turn|5\n|\n|t:|1700353590\n|move|p2a: Blacephalon|Substitute|p2a: Blacephalon\n|-start|p2a: Blacephalon|Substitute\n|-damage|p2a: Blacephalon|75\/100\n|move|p1a: Tinkaton|Play Rough|p2a: Blacephalon\n|-resisted|p2a: Blacephalon\n|-end|p2a: Blacephalon|Substitute\n|\n|upkeep\n|turn|6\n|\n|t:|1700353597\n|move|p2a: Blacephalon|Flamethrower|p1a: Tinkaton\n|-supereffective|p1a: Tinkaton\n|-damage|p1a: Tinkaton|0 fnt\n|faint|p1a: Tinkaton\n|-ability|p2a: Blacephalon|Beast Boost|boost\n|-boost|p2a: Blacephalon|spa|1\n|\n|upkeep\n|\n|t:|1700353603\n|switch|p1a: Maushold|Maushold-Four|100\/100\n|-activate|p1a: Maushold|move: Sticky Web\n|-unboost|p1a: Maushold|spe|1\n|turn|7\n|\n|t:|1700353608\n|move|p2a: Blacephalon|Flamethrower|p1a: Maushold\n|-damage|p1a: Maushold|0 fnt\n|faint|p1a: Maushold\n|-ability|p2a: Blacephalon|Beast Boost|boost\n|-boost|p2a: Blacephalon|spa|1\n|\n|upkeep\n|\n|t:|1700353615\n|switch|p1a: Ting-Lu|Ting-Lu|100\/100\n|-activate|p1a: Ting-Lu|move: Sticky Web\n|-unboost|p1a: Ting-Lu|spe|1\n|-ability|p1a: Ting-Lu|Vessel of Ruin\n|turn|8\n|\n|t:|1700353630\n|switch|p2a: Kartana|Kartana|100\/100\n|move|p1a: Ting-Lu|Earthquake|p2a: Kartana\n|-damage|p2a: Kartana|47\/100\n|\n|upkeep\n|turn|9\n|\n|t:|1700353636\n|move|p2a: Kartana|Leaf Blade|p1a: Ting-Lu\n|-supereffective|p1a: Ting-Lu\n|-damage|p1a: Ting-Lu|14\/100\n|-damage|p2a: Kartana|30\/100|[from] item: Rocky Helmet|[of] p1a: Ting-Lu\n|-damage|p2a: Kartana|21\/100|[from] item: Life Orb\n|move|p1a: Ting-Lu|Earthquake|p2a: Kartana\n|-damage|p2a: Kartana|0 fnt\n|faint|p2a: Kartana\n|\n|upkeep\n|\n|t:|1700353641\n|switch|p2a: Blacephalon|Blacephalon|75\/100\n|turn|10\n|\n|t:|1700353647\n|move|p2a: Blacephalon|Flamethrower|p1a: Ting-Lu\n|-damage|p1a: Ting-Lu|0 fnt\n|faint|p1a: Ting-Lu\n|-ability|p2a: Blacephalon|Beast Boost|boost\n|-boost|p2a: Blacephalon|spa|1\n|\n|upkeep\n|\n|t:|1700353655\n|switch|p1a: Ogerpon|Ogerpon-Wellspring, F|100\/100\n|-activate|p1a: Ogerpon|move: Sticky Web\n|-unboost|p1a: Ogerpon|spe|1\n|turn|11\n|\n|t:|1700353661\n|-zpower|p2a: Blacephalon\n|move|p2a: Blacephalon|Never-Ending Nightmare|p1a: Ogerpon|[zeffect]\n|-damage|p1a: Ogerpon|0 fnt\n|faint|p1a: Ogerpon\n|-ability|p2a: Blacephalon|Beast Boost|boost\n|-boost|p2a: Blacephalon|spa|1\n|\n|upkeep\n|\n|t:|1700353671\n|switch|p1a: Garganacl|Garganacl, M|100\/100\n|-item|p1a: Garganacl|Air Balloon\n|turn|12\n|\n|t:|1700353676\n|move|p2a: Blacephalon|Shadow Ball|p1a: Garganacl\n|-damage|p1a: Garganacl|54\/100\n|-enditem|p1a: Garganacl|Air Balloon\n|move|p1a: Garganacl|Salt Cure|p2a: Blacephalon\n|-supereffective|p2a: Blacephalon\n|-damage|p2a: Blacephalon|14\/100\n|-start|p2a: Blacephalon|Salt Cure\n|\n|-damage|p2a: Blacephalon|2\/100|[from] Salt Cure\n|upkeep\n|turn|13\n|\n|t:|1700353686\n|move|p2a: Blacephalon|Shadow Ball|p1a: Garganacl\n|-damage|p1a: Garganacl|9\/100\n|move|p1a: Garganacl|Iron Defense|p1a: Garganacl\n|-boost|p1a: Garganacl|def|2\n|\n|-damage|p2a: Blacephalon|0 fnt|[from] Salt Cure\n|faint|p2a: Blacephalon\n|upkeep\n|\n|t:|1700353693\n|switch|p2a: Tapu Lele|Tapu Lele|100\/100\n|-fieldstart|move: Psychic Terrain|[from] ability: Psychic Surge|[of] p2a: Tapu Lele\n|turn|14\n|\n|t:|1700353702\n|move|p2a: Tapu Lele|Psychic|p1a: Garganacl\n|-damage|p1a: Garganacl|0 fnt\n|faint|p1a: Garganacl\n|\n|upkeep\n|\n|t:|1700353707\n|switch|p1a: Pawmo|Pawmo, F|100\/100\n|-activate|p1a: Pawmo|move: Sticky Web\n|-unboost|p1a: Pawmo|spe|1\n|turn|15\n|\n|t:|1700353724\n|-terastallize|p1a: Pawmo|Electric\n|move|p2a: Tapu Lele|Psychic|p1a: Pawmo\n|-damage|p1a: Pawmo|0 fnt\n|faint|p1a: Pawmo\n|\n|win|famus123\n|c|\u2606famus123|gg\n","uploadtime":1700353730,"views":33,"p1id":"leafeonale","p2id":"famus123","formatid":"gen9nationaldex","rating":0,"private":0,"password":""}