{"id":"gen9nationaldex-2000214518","p1":"starlitbox","p2":"kingsy12","format":"[Gen 9] National Dex","log":"|html|<div class=\"broadcast-blue\"><strong>[Gen 9] National Dex is currently suspecting Sneasler! For information on how to participate check out the <a href=\"https:\/\/www.smogon.com\/forums\/threads\/sv-national-dex-suspect-8-just-dance.3731534\/\">suspect thread<\/a>.<\/strong><\/div>\n|j|\u2606starlitbox\n|j|\u2606kingsy12\n|t:|1701173115\n|gametype|singles\n|player|p1|starlitbox|silver|1283\n|player|p2|kingsy12|bugsy|1197\n|teamsize|p1|6\n|teamsize|p2|6\n|gen|9\n|tier|[Gen 9] National Dex\n|rated|\n|rule|HP Percentage Mod: HP is shown in percentages\n|rule|Endless Battle Clause: Forcing endless battles is banned\n|rule|OHKO Clause: OHKO moves are banned\n|rule|Evasion Clause: Evasion abilities, items, and moves are banned\n|rule|Evasion Abilities Clause: Evasion abilities are banned\n|rule|Evasion Items Clause: Evasion items are banned\n|rule|Evasion Moves Clause: Evasion moves are banned\n|rule|Species Clause: Limit one of each Pok\u00e9mon\n|rule|Sleep Clause Mod: Limit one foe put to sleep\n|clearpoke\n|poke|p1|Landorus-Therian, M|\n|poke|p1|Greninja-*, M|\n|poke|p1|Volcarona, F|\n|poke|p1|Iron Valiant|\n|poke|p1|Ogerpon-Wellspring, F|\n|poke|p1|Tapu Koko|\n|poke|p2|Toxapex, F|\n|poke|p2|Sableye, F|\n|poke|p2|Chansey, F|\n|poke|p2|Corviknight, F|\n|poke|p2|Heatran, M|\n|poke|p2|Weavile, M|\n|teampreview\n|\n|t:|1701173127\n|start\n|switch|p1a: Tapu Koko|Tapu Koko|100\/100\n|switch|p2a: Sableye|Sableye, F|100\/100\n|-fieldstart|move: Electric Terrain|[from] ability: Electric Surge|[of] p1a: Tapu Koko\n|turn|1\n|\n|t:|1701173136\n|detailschange|p2a: Sableye|Sableye-Mega, F\n|-mega|p2a: Sableye|Sableye|Sablenite\n|move|p2a: Sableye|Protect|p2a: Sableye\n|-singleturn|p2a: Sableye|Protect\n|move|p1a: Tapu Koko|Volt Switch|p2a: Sableye\n|-activate|p2a: Sableye|move: Protect\n|\n|upkeep\n|turn|2\n|\n|t:|1701173146\n|move|p1a: Tapu Koko|Dazzling Gleam|p2a: Sableye\n|-supereffective|p2a: Sableye\n|-damage|p2a: Sableye|43\/100\n|move|p2a: Sableye|Knock Off|p1a: Tapu Koko\n|-resisted|p1a: Tapu Koko\n|-damage|p1a: Tapu Koko|79\/100\n|-enditem|p1a: Tapu Koko|Light Clay|[from] move: Knock Off|[of] p2a: Sableye\n|\n|upkeep\n|turn|3\n|\n|t:|1701173155\n|move|p2a: Sableye|Protect|p2a: Sableye\n|-singleturn|p2a: Sableye|Protect\n|move|p1a: Tapu Koko|Volt Switch|p2a: Sableye\n|-activate|p2a: Sableye|move: Protect\n|\n|upkeep\n|turn|4\n|\n|t:|1701173163\n|switch|p2a: Chansey|Chansey, F|100\/100\n|move|p1a: Tapu Koko|Volt Switch|p2a: Chansey\n|-damage|p2a: Chansey|91\/100\n|\n|t:|1701173169\n|switch|p1a: Ogerpon|Ogerpon-Wellspring, F|100\/100|[from] Volt Switch\n|\n|upkeep\n|turn|5\n|\n|t:|1701173179\n|switch|p2a: Toxapex|Toxapex, F|100\/100\n|move|p1a: Ogerpon|Ivy Cudgel|p2a: Toxapex|[anim] Ivy Cudgel Water\n|-resisted|p2a: Toxapex\n|-damage|p2a: Toxapex|78\/100\n|\n|-heal|p2a: Toxapex|85\/100|[from] item: Leftovers\n|-fieldend|move: Electric Terrain\n|upkeep\n|turn|6\n|\n|t:|1701173190\n|move|p1a: Ogerpon|U-turn|p2a: Toxapex\n|-resisted|p2a: Toxapex\n|-damage|p2a: Toxapex|76\/100\n|\n|t:|1701173200\n|switch|p1a: Tapu Koko|Tapu Koko|79\/100|[from] U-turn\n|-fieldstart|move: Electric Terrain|[from] ability: Electric Surge|[of] p1a: Tapu Koko\n|move|p2a: Toxapex|Toxic Spikes|p1a: Tapu Koko\n|-sidestart|p1: starlitbox|move: Toxic Spikes\n|\n|-heal|p2a: Toxapex|82\/100|[from] item: Leftovers\n|upkeep\n|turn|7\n|\n|t:|1701173211\n|switch|p2a: Heatran|Heatran, M|100\/100\n|move|p1a: Tapu Koko|Volt Switch|p2a: Heatran\n|-damage|p2a: Heatran|78\/100\n|\n|t:|1701173218\n|switch|p1a: Landorus|Landorus-Therian, M|100\/100|[from] Volt Switch\n|-ability|p1a: Landorus|Intimidate|boost\n|-unboost|p2a: Heatran|atk|1\n|\n|-heal|p2a: Heatran|85\/100|[from] item: Leftovers\n|upkeep\n|turn|8\n|\n|t:|1701173230\n|move|p2a: Heatran|Protect|p2a: Heatran\n|-singleturn|p2a: Heatran|Protect\n|move|p1a: Landorus|Defog|p2a: Heatran\n|-activate|p2a: Heatran|move: Protect\n|\n|-heal|p2a: Heatran|91\/100|[from] item: Leftovers\n|upkeep\n|turn|9\n|\n|t:|1701173239\n|switch|p2a: Weavile|Weavile, M|100\/100\n|-ability|p2a: Weavile|Pressure\n|move|p1a: Landorus|Earthquake|p2a: Weavile\n|-damage|p2a: Weavile|0 fnt\n|faint|p2a: Weavile\n|\n|upkeep\n|-message|kingsy12 forfeited.\n|\n|win|starlitbox\n|raw|starlitbox's rating: 1283 &rarr; <strong>1302<\/strong><br \/>(+19 for winning)\n|raw|kingsy12's rating: 1197 &rarr; <strong>1178<\/strong><br \/>(-19 for losing)\n|l|\u2606kingsy12\n","uploadtime":1701173253,"views":9,"p1id":"starlitbox","p2id":"kingsy12","formatid":"gen9nationaldex","rating":1178,"private":0,"password":""}