{"id":"gen9nationaldex-1998392454","p1":"EscapedOrangutan","p2":"Oskarkoks","format":"[Gen 9] National Dex","log":"|html|<div class=\"broadcast-blue\"><strong>[Gen 9] National Dex is currently suspecting Sneasler! For information on how to participate check out the <a href=\"https:\/\/www.smogon.com\/forums\/threads\/sv-national-dex-suspect-8-just-dance.3731534\/\">suspect thread<\/a>.<\/strong><\/div>\n|j|\u2606EscapedOrangutan\n|j|\u2606Oskarkoks\n|t:|1700937196\n|gametype|singles\n|player|p1|EscapedOrangutan|rancher|1177\n|player|p2|Oskarkoks|flannery|1051\n|teamsize|p1|6\n|teamsize|p2|6\n|gen|9\n|tier|[Gen 9] National Dex\n|rated|\n|rule|HP Percentage Mod: HP is shown in percentages\n|rule|Endless Battle Clause: Forcing endless battles is banned\n|rule|OHKO Clause: OHKO moves are banned\n|rule|Evasion Clause: Evasion abilities, items, and moves are banned\n|rule|Evasion Abilities Clause: Evasion abilities are banned\n|rule|Evasion Items Clause: Evasion items are banned\n|rule|Evasion Moves Clause: Evasion moves are banned\n|rule|Species Clause: Limit one of each Pok\u00e9mon\n|rule|Sleep Clause Mod: Limit one foe put to sleep\n|clearpoke\n|poke|p1|Shiinotic, F|\n|poke|p1|Banette, M|\n|poke|p1|Toxapex, M|\n|poke|p1|Gliscor, M|\n|poke|p1|Ting-Lu|\n|poke|p1|Moltres-Galar|\n|poke|p2|Lopunny, F|\n|poke|p2|Quagsire, F|\n|poke|p2|Zangoose, M|\n|poke|p2|Lucario, M|\n|poke|p2|Emolga, F|\n|poke|p2|Ribombee, F|\n|teampreview\n|inactive|Battle timer is ON: inactive players will automatically lose when time's up. (requested by EscapedOrangutan)\n|c|\u2606EscapedOrangutan|glhf\n|\n|t:|1700937204\n|start\n|switch|p1a: Moltres|Moltres-Galar|100\/100\n|switch|p2a: Ribombee|Ribombee, F|100\/100\n|turn|1\n|\n|t:|1700937215\n|move|p1a: Moltres|Air Slash|p2a: Ribombee\n|-supereffective|p2a: Ribombee\n|-enditem|p2a: Ribombee|Focus Sash\n|-damage|p2a: Ribombee|1\/100\n|move|p2a: Ribombee|Sticky Web|p1a: Moltres\n|-sidestart|p1: EscapedOrangutan|move: Sticky Web\n|\n|upkeep\n|turn|2\n|\n|t:|1700937231\n|switch|p2a: Emolga|Emolga, F|100\/100\n|move|p1a: Moltres|Air Slash|p2a: Emolga\n|-resisted|p2a: Emolga\n|-damage|p2a: Emolga|68\/100\n|\n|upkeep\n|turn|3\n|\n|t:|1700937242\n|switch|p1a: Gliscor|Gliscor, M|100\/100\n|move|p2a: Emolga|Hidden Power|p1a: Gliscor\n|-supereffective|p1a: Gliscor\n|-damage|p1a: Gliscor|0 fnt\n|faint|p1a: Gliscor\n|\n|upkeep\n|\n|t:|1700937252\n|switch|p1a: Moltres|Moltres-Galar|100\/100\n|turn|4\n|\n|t:|1700937257\n|move|p1a: Moltres|Fiery Wrath|p2a: Emolga\n|-damage|p2a: Emolga|0 fnt\n|faint|p2a: Emolga\n|\n|upkeep\n|\n|t:|1700937271\n|switch|p2a: Lucario|Lucario, M|100\/100\n|turn|5\n|\n|t:|1700937277\n|switch|p1a: Banette|Banette, M|100\/100\n|-activate|p1a: Banette|move: Sticky Web\n|-unboost|p1a: Banette|spe|1\n|-item|p2a: Lucario|Life Orb|[from] ability: Frisk|[of] p1a: Banette|[identify]\n|move|p2a: Lucario|Swords Dance|p2a: Lucario\n|-boost|p2a: Lucario|atk|2\n|\n|upkeep\n|turn|6\n|\n|t:|1700937285\n|detailschange|p1a: Banette|Banette-Mega, M\n|-mega|p1a: Banette|Banette|Banettite\n|move|p1a: Banette|Destiny Bond|p1a: Banette\n|-singlemove|p1a: Banette|Destiny Bond\n|move|p2a: Lucario|Meteor Mash|p1a: Banette|[miss]\n|-miss|p2a: Lucario|p1a: Banette\n|\n|upkeep\n|turn|7\n|\n|t:|1700937297\n|switch|p1a: Shiinotic|Shiinotic, F|100\/100\n|-activate|p1a: Shiinotic|move: Sticky Web\n|-unboost|p1a: Shiinotic|spe|1\n|move|p2a: Lucario|Swords Dance|p2a: Lucario\n|-boost|p2a: Lucario|atk|2\n|\n|upkeep\n|turn|8\n|\n|t:|1700937305\n|move|p2a: Lucario|Bullet Punch|p1a: Shiinotic\n|-supereffective|p1a: Shiinotic\n|-enditem|p1a: Shiinotic|Focus Sash\n|-damage|p1a: Shiinotic|1\/100\n|-damage|p2a: Lucario|91\/100|[from] item: Life Orb\n|move|p1a: Shiinotic|Spore|p2a: Lucario\n|-status|p2a: Lucario|slp|[from] move: Spore\n|\n|upkeep\n|turn|9\n|\n|t:|1700937313\n|cant|p2a: Lucario|slp\n|move|p1a: Shiinotic|Leech Seed|p2a: Lucario\n|-start|p2a: Lucario|move: Leech Seed\n|\n|-damage|p2a: Lucario|78\/100 slp|[from] Leech Seed|[of] p1a: Shiinotic\n|-heal|p1a: Shiinotic|12\/100|[silent]\n|upkeep\n|turn|10\n|\n|t:|1700937317\n|cant|p2a: Lucario|slp\n|move|p1a: Shiinotic|Strength Sap|p2a: Lucario\n|-unboost|p2a: Lucario|atk|1\n|-heal|p1a: Shiinotic|100\/100\n|\n|-damage|p2a: Lucario|66\/100 slp|[from] Leech Seed|[of] p1a: Shiinotic\n|upkeep\n|turn|11\n|\n|t:|1700937323\n|cant|p2a: Lucario|slp\n|move|p1a: Shiinotic|Giga Drain|p2a: Lucario\n|-resisted|p2a: Lucario\n|-damage|p2a: Lucario|47\/100 slp\n|\n|-damage|p2a: Lucario|34\/100 slp|[from] Leech Seed|[of] p1a: Shiinotic\n|upkeep\n|turn|12\n|\n|t:|1700937335\n|-curestatus|p2a: Lucario|slp|[msg]\n|move|p2a: Lucario|Bullet Punch|p1a: Shiinotic\n|-supereffective|p1a: Shiinotic\n|-damage|p1a: Shiinotic|0 fnt\n|faint|p1a: Shiinotic\n|-damage|p2a: Lucario|24\/100|[from] item: Life Orb\n|\n|upkeep\n|\n|t:|1700937341\n|switch|p1a: Banette|Banette-Mega, M|100\/100\n|-activate|p1a: Banette|move: Sticky Web\n|-unboost|p1a: Banette|spe|1\n|turn|13\n|\n|t:|1700937349\n|move|p1a: Banette|Shadow Sneak|p2a: Lucario\n|-damage|p2a: Lucario|0 fnt\n|faint|p2a: Lucario\n|\n|upkeep\n|\n|t:|1700937357\n|switch|p2a: Lopunny|Lopunny, F|100\/100\n|turn|14\n|\n|t:|1700937367\n|detailschange|p2a: Lopunny|Lopunny-Mega, F\n|-mega|p2a: Lopunny|Lopunny|Lopunnite\n|move|p2a: Lopunny|Fake Out|p1a: Banette\n|-damage|p1a: Banette|69\/100\n|cant|p1a: Banette|flinch\n|\n|upkeep\n|turn|15\n|\n|t:|1700937373\n|move|p1a: Banette|Destiny Bond|p1a: Banette\n|-singlemove|p1a: Banette|Destiny Bond\n|move|p2a: Lopunny|Brutal Swing|p1a: Banette\n|-supereffective|p1a: Banette\n|-damage|p1a: Banette|12\/100\n|\n|upkeep\n|turn|16\n|\n|t:|1700937388\n|switch|p1a: Toxapex|Toxapex, M|100\/100\n|-activate|p1a: Toxapex|move: Sticky Web\n|-unboost|p1a: Toxapex|spe|1\n|move|p2a: Lopunny|Fake Out||[still]\n|-hint|Fake Out only works on your first turn out.\n|-fail|p2a: Lopunny\n|\n|upkeep\n|turn|17\n|\n|t:|1700937397\n|move|p1a: Toxapex|Baneful Bunker|p1a: Toxapex\n|-singleturn|p1a: Toxapex|move: Protect\n|move|p2a: Lopunny|Last Resort|p1a: Toxapex\n|-activate|p1a: Toxapex|move: Protect\n|-status|p2a: Lopunny|psn\n|\n|-damage|p2a: Lopunny|88\/100 psn|[from] psn\n|upkeep\n|turn|18\n|\n|t:|1700937411\n|switch|p1a: Moltres|Moltres-Galar|100\/100\n|move|p2a: Lopunny|Last Resort|p1a: Moltres\n|-damage|p1a: Moltres|11\/100\n|-ability|p1a: Moltres|Berserk|boost\n|-boost|p1a: Moltres|spa|1\n|\n|-damage|p2a: Lopunny|75\/100 psn|[from] psn\n|upkeep\n|turn|19\n|\n|t:|1700937417\n|move|p1a: Moltres|Air Slash|p2a: Lopunny\n|-supereffective|p2a: Lopunny\n|-damage|p2a: Lopunny|0 fnt\n|faint|p2a: Lopunny\n|\n|upkeep\n|\n|t:|1700937424\n|switch|p2a: Quagsire|Quagsire, F|100\/100\n|turn|20\n|\n|t:|1700937428\n|move|p1a: Moltres|Air Slash|p2a: Quagsire\n|-damage|p2a: Quagsire|44\/100\n|move|p2a: Quagsire|Scald|p1a: Moltres\n|-damage|p1a: Moltres|0 fnt\n|faint|p1a: Moltres\n|\n|upkeep\n|\n|t:|1700937435\n|switch|p1a: Banette|Banette-Mega, M|12\/100\n|-activate|p1a: Banette|move: Sticky Web\n|-unboost|p1a: Banette|spe|1\n|turn|21\n|\n|t:|1700937440\n|move|p1a: Banette|Destiny Bond|p1a: Banette\n|-singlemove|p1a: Banette|Destiny Bond\n|move|p2a: Quagsire|Recover|p2a: Quagsire\n|-heal|p2a: Quagsire|94\/100\n|\n|upkeep\n|turn|22\n|\n|t:|1700937445\n|move|p1a: Banette|Knock Off|p2a: Quagsire\n|-damage|p2a: Quagsire|64\/100\n|move|p2a: Quagsire|Yawn|p1a: Banette\n|-start|p1a: Banette|move: Yawn|[of] p2a: Quagsire\n|\n|upkeep\n|turn|23\n|\n|t:|1700937456\n|switch|p1a: Ting-Lu|Ting-Lu|100\/100\n|-activate|p1a: Ting-Lu|move: Sticky Web\n|-unboost|p1a: Ting-Lu|spe|1\n|-ability|p1a: Ting-Lu|Vessel of Ruin\n|move|p2a: Quagsire|Recover|p2a: Quagsire\n|-heal|p2a: Quagsire|100\/100\n|\n|upkeep\n|turn|24\n|\n|t:|1700937465\n|-zpower|p2a: Quagsire\n|move|p2a: Quagsire|Hydro Vortex|p1a: Ting-Lu|[zeffect]\n|-supereffective|p1a: Ting-Lu\n|-damage|p1a: Ting-Lu|36\/100\n|move|p1a: Ting-Lu|Whirlwind|p2a: Quagsire\n|drag|p2a: Ribombee|Ribombee, F|1\/100\n|\n|-heal|p1a: Ting-Lu|42\/100|[from] item: Leftovers\n|upkeep\n|turn|25\n|\n|t:|1700937480\n|switch|p1a: Toxapex|Toxapex, M|100\/100\n|-activate|p1a: Toxapex|move: Sticky Web\n|-unboost|p1a: Toxapex|spe|1\n|move|p2a: Ribombee|Bug Buzz|p1a: Toxapex\n|-resisted|p1a: Toxapex\n|-damage|p1a: Toxapex|85\/100\n|\n|upkeep\n|turn|26\n|\n|t:|1700937491\n|switch|p2a: Zangoose|Zangoose, M|100\/100\n|move|p1a: Toxapex|Scald|p2a: Zangoose\n|-damage|p2a: Zangoose|69\/100\n|-status|p2a: Zangoose|brn\n|\n|-damage|p2a: Zangoose|63\/100 brn|[from] brn\n|upkeep\n|turn|27\n|\n|t:|1700937510\n|move|p2a: Zangoose|Swords Dance|p2a: Zangoose\n|-boost|p2a: Zangoose|atk|2\n|move|p1a: Toxapex|Scald|p2a: Zangoose\n|-damage|p2a: Zangoose|33\/100 brn\n|\n|-damage|p2a: Zangoose|27\/100 brn|[from] brn\n|upkeep\n|turn|28\n|\n|t:|1700937516\n|move|p1a: Toxapex|Baneful Bunker|p1a: Toxapex\n|-singleturn|p1a: Toxapex|move: Protect\n|move|p2a: Zangoose|Facade|p1a: Toxapex\n|-activate|p1a: Toxapex|move: Protect\n|\n|-damage|p2a: Zangoose|20\/100 brn|[from] brn\n|upkeep\n|turn|29\n|\n|t:|1700937531\n|switch|p1a: Banette|Banette-Mega, M|12\/100\n|-activate|p1a: Banette|move: Sticky Web\n|-unboost|p1a: Banette|spe|1\n|move|p2a: Zangoose|Night Slash|p1a: Banette\n|-supereffective|p1a: Banette\n|-damage|p1a: Banette|0 fnt\n|faint|p1a: Banette\n|\n|-damage|p2a: Zangoose|14\/100 brn|[from] brn\n|upkeep\n|\n|t:|1700937539\n|switch|p1a: Toxapex|Toxapex, M|100\/100\n|-activate|p1a: Toxapex|move: Sticky Web\n|-unboost|p1a: Toxapex|spe|1\n|turn|30\n|\n|t:|1700937547\n|-terastallize|p2a: Zangoose|Normal\n|move|p2a: Zangoose|Facade|p1a: Toxapex\n|-damage|p1a: Toxapex|0 fnt\n|-damage|p2a: Zangoose|0 fnt|[from] item: Rocky Helmet|[of] p1a: Toxapex\n|faint|p1a: Toxapex\n|faint|p2a: Zangoose\n|\n|upkeep\n|\n|t:|1700937554\n|switch|p2a: Ribombee|Ribombee, F|1\/100\n|switch|p1a: Ting-Lu|Ting-Lu|42\/100\n|-activate|p1a: Ting-Lu|move: Sticky Web\n|-unboost|p1a: Ting-Lu|spe|1\n|-ability|p1a: Ting-Lu|Vessel of Ruin\n|turn|31\n|\n|t:|1700937560\n|-terastallize|p1a: Ting-Lu|Ghost\n|move|p2a: Ribombee|Bug Buzz|p1a: Ting-Lu\n|-resisted|p1a: Ting-Lu\n|-damage|p1a: Ting-Lu|31\/100\n|move|p1a: Ting-Lu|Throat Chop|p2a: Ribombee\n|-resisted|p2a: Ribombee\n|-damage|p2a: Ribombee|0 fnt\n|faint|p2a: Ribombee\n|\n|-heal|p1a: Ting-Lu|37\/100|[from] item: Leftovers\n|upkeep\n|\n|t:|1700937570\n|switch|p2a: Quagsire|Quagsire, F|100\/100\n|turn|32\n|\n|t:|1700937574\n|move|p2a: Quagsire|Scald|p1a: Ting-Lu\n|-damage|p1a: Ting-Lu|18\/100\n|-status|p1a: Ting-Lu|brn\n|move|p1a: Ting-Lu|Body Slam|p2a: Quagsire\n|-damage|p2a: Quagsire|85\/100\n|-status|p2a: Quagsire|par\n|\n|-heal|p1a: Ting-Lu|24\/100 brn|[from] item: Leftovers\n|-damage|p1a: Ting-Lu|18\/100 brn|[from] brn\n|upkeep\n|turn|33\n|\n|t:|1700937584\n|move|p1a: Ting-Lu|Earthquake|p2a: Quagsire\n|-damage|p2a: Quagsire|58\/100 par\n|move|p2a: Quagsire|Earth Power|p1a: Ting-Lu\n|-damage|p1a: Ting-Lu|0 fnt\n|faint|p1a: Ting-Lu\n|\n|win|Oskarkoks\n|raw|EscapedOrangutan's rating: 1177 &rarr; <strong>1143<\/strong><br \/>(-34 for losing)\n|raw|Oskarkoks's rating: 1051 &rarr; <strong>1095<\/strong><br \/>(+44 for winning)\n|c|\u2606EscapedOrangutan|gg\n|l|\u2606EscapedOrangutan\n","uploadtime":1700937899,"views":7,"p1id":"escapedorangutan","p2id":"oskarkoks","formatid":"gen9nationaldex","rating":1095,"private":0,"password":""}