{"id":"gen9nationaldex-1996131670","p1":"KAILI071222","p2":"Plobistinator","format":"[Gen 9] National Dex","log":"|html|<div class=\"broadcast-blue\"><strong>[Gen 9] National Dex is currently suspecting Sneasler! For information on how to participate check out the <a href=\"https:\/\/www.smogon.com\/forums\/threads\/sv-national-dex-suspect-8-just-dance.3731534\/\">suspect thread<\/a>.<\/strong><\/div>\n|j|\u2606KAILI071222\n|j|\u2606Plobistinator\n|t:|1700648955\n|gametype|singles\n|player|p1|KAILI071222|az|1310\n|player|p2|Plobistinator|baker|1215\n|teamsize|p1|6\n|teamsize|p2|6\n|gen|9\n|tier|[Gen 9] National Dex\n|rated|\n|rule|HP Percentage Mod: HP is shown in percentages\n|rule|Endless Battle Clause: Forcing endless battles is banned\n|rule|OHKO Clause: OHKO moves are banned\n|rule|Evasion Clause: Evasion abilities, items, and moves are banned\n|rule|Evasion Abilities Clause: Evasion abilities are banned\n|rule|Evasion Items Clause: Evasion items are banned\n|rule|Evasion Moves Clause: Evasion moves are banned\n|rule|Species Clause: Limit one of each Pok\u00e9mon\n|rule|Sleep Clause Mod: Limit one foe put to sleep\n|clearpoke\n|poke|p1|Charizard, M|\n|poke|p1|Quaquaval, F|\n|poke|p1|Venusaur, F|\n|poke|p1|Kommo-o, M|\n|poke|p1|Garganacl, F|\n|poke|p1|Gliscor, M|\n|poke|p2|Slurpuff, M|\n|poke|p2|Aegislash, F|\n|poke|p2|Charizard, M|\n|poke|p2|Flygon, M|\n|poke|p2|Nidoking, M|\n|poke|p2|Milotic, M|\n|teampreview\n|\n|t:|1700648970\n|start\n|switch|p1a: Charizard|Charizard, M|100\/100\n|switch|p2a: Slurpuff|Slurpuff, M|100\/100\n|turn|1\n|\n|t:|1700649007\n|detailschange|p1a: Charizard|Charizard-Mega-Y, M\n|-mega|p1a: Charizard|Charizard|Charizardite Y\n|-weather|SunnyDay|[from] ability: Drought|[of] p1a: Charizard\n|move|p1a: Charizard|Solar Beam||[still]\n|-prepare|p1a: Charizard|Solar Beam\n|-anim|p1a: Charizard|Solar Beam|p2a: Slurpuff\n|-damage|p2a: Slurpuff|38\/100\n|move|p2a: Slurpuff|Sticky Web|p1a: Charizard\n|-sidestart|p1: KAILI071222|move: Sticky Web\n|\n|-weather|SunnyDay|[upkeep]\n|upkeep\n|turn|2\n|\n|t:|1700649021\n|move|p1a: Charizard|Solar Beam||[still]\n|-prepare|p1a: Charizard|Solar Beam\n|-anim|p1a: Charizard|Solar Beam|p2a: Slurpuff\n|-damage|p2a: Slurpuff|0 fnt\n|faint|p2a: Slurpuff\n|\n|-weather|SunnyDay|[upkeep]\n|upkeep\n|\n|t:|1700649023\n|switch|p2a: Charizard|Charizard, M|100\/100\n|turn|3\n|\n|t:|1700649029\n|detailschange|p2a: Charizard|Charizard-Mega-Y, M\n|-mega|p2a: Charizard|Charizard|Charizardite Y\n|move|p1a: Charizard|Air Slash|p2a: Charizard\n|-damage|p2a: Charizard|56\/100\n|move|p2a: Charizard|Ancient Power|p1a: Charizard\n|-supereffective|p1a: Charizard\n|-damage|p1a: Charizard|9\/100\n|\n|-weather|SunnyDay|[upkeep]\n|upkeep\n|turn|4\n|\n|t:|1700649038\n|move|p2a: Charizard|Ancient Power|p1a: Charizard\n|-supereffective|p1a: Charizard\n|-damage|p1a: Charizard|0 fnt\n|faint|p1a: Charizard\n|\n|-weather|SunnyDay|[upkeep]\n|upkeep\n|\n|t:|1700649046\n|switch|p1a: Quaquaval|Quaquaval, F|100\/100\n|-activate|p1a: Quaquaval|move: Sticky Web\n|-unboost|p1a: Quaquaval|spe|1\n|turn|5\n|inactive|Battle timer is ON: inactive players will automatically lose when time's up. (requested by KAILI071222)\n|\n|t:|1700649067\n|move|p2a: Charizard|Air Slash|p1a: Quaquaval\n|-supereffective|p1a: Quaquaval\n|-damage|p1a: Quaquaval|0 fnt\n|faint|p1a: Quaquaval\n|\n|-weather|none\n|upkeep\n|\n|t:|1700649088\n|switch|p1a: Kommo-o|Kommo-o, M|100\/100\n|-activate|p1a: Kommo-o|move: Sticky Web\n|-unboost|p1a: Kommo-o|spe|1\n|turn|6\n|\n|t:|1700649095\n|move|p2a: Charizard|Air Slash|p1a: Kommo-o\n|-supereffective|p1a: Kommo-o\n|-damage|p1a: Kommo-o|0 fnt\n|faint|p1a: Kommo-o\n|\n|upkeep\n|\n|t:|1700649100\n|switch|p1a: Garganacl|Garganacl, F|100\/100\n|-activate|p1a: Garganacl|move: Sticky Web\n|-unboost|p1a: Garganacl|spe|1\n|turn|7\n|\n|t:|1700649104\n|switch|p2a: Nidoking|Nidoking, M|100\/100\n|move|p1a: Garganacl|Salt Cure|p2a: Nidoking\n|-resisted|p2a: Nidoking\n|-damage|p2a: Nidoking|91\/100\n|-start|p2a: Nidoking|Salt Cure\n|\n|-damage|p2a: Nidoking|79\/100|[from] Salt Cure\n|upkeep\n|turn|8\n|\n|t:|1700649122\n|-terastallize|p1a: Garganacl|Flying\n|move|p2a: Nidoking|Earth Power|p1a: Garganacl\n|-immune|p1a: Garganacl\n|move|p1a: Garganacl|Iron Defense|p1a: Garganacl\n|-boost|p1a: Garganacl|def|2\n|\n|-damage|p2a: Nidoking|67\/100|[from] Salt Cure\n|upkeep\n|turn|9\n|\n|t:|1700649132\n|move|p2a: Nidoking|Ice Beam|p1a: Garganacl\n|-supereffective|p1a: Garganacl\n|-damage|p1a: Garganacl|44\/100\n|move|p1a: Garganacl|Body Press|p2a: Nidoking\n|-resisted|p2a: Nidoking\n|-damage|p2a: Nidoking|33\/100\n|\n|-heal|p1a: Garganacl|50\/100|[from] item: Leftovers\n|-damage|p2a: Nidoking|20\/100|[from] Salt Cure\n|upkeep\n|turn|10\n|\n|t:|1700649137\n|move|p2a: Nidoking|Ice Beam|p1a: Garganacl\n|-supereffective|p1a: Garganacl\n|-damage|p1a: Garganacl|0 fnt\n|faint|p1a: Garganacl\n|\n|-damage|p2a: Nidoking|8\/100|[from] Salt Cure\n|upkeep\n|\n|t:|1700649140\n|switch|p1a: Gliscor|Gliscor, M|100\/100\n|turn|11\n|\n|t:|1700649145\n|move|p1a: Gliscor|Protect|p1a: Gliscor\n|-singleturn|p1a: Gliscor|Protect\n|move|p2a: Nidoking|Ice Beam|p1a: Gliscor\n|-activate|p1a: Gliscor|move: Protect\n|\n|-damage|p2a: Nidoking|0 fnt|[from] Salt Cure\n|faint|p2a: Nidoking\n|-status|p1a: Gliscor|tox|[from] item: Toxic Orb\n|upkeep\n|\n|t:|1700649149\n|switch|p2a: Milotic|Milotic, M|100\/100\n|turn|12\n|\n|t:|1700649154\n|move|p1a: Gliscor|Toxic|p2a: Milotic\n|-status|p2a: Milotic|tox\n|move|p2a: Milotic|Ice Beam|p1a: Gliscor\n|-supereffective|p1a: Gliscor\n|-damage|p1a: Gliscor|0 fnt\n|faint|p1a: Gliscor\n|\n|-damage|p2a: Milotic|94\/100 tox|[from] psn\n|upkeep\n|\n|t:|1700649157\n|switch|p1a: Venusaur|Venusaur, F|100\/100\n|-activate|p1a: Venusaur|move: Sticky Web\n|-unboost|p1a: Venusaur|spe|1\n|turn|13\n|\n|t:|1700649163\n|switch|p2a: Aegislash|Aegislash, F|100\/100\n|move|p1a: Venusaur|Energy Ball|p2a: Aegislash\n|-resisted|p2a: Aegislash\n|-damage|p2a: Aegislash|84\/100\n|\n|-heal|p2a: Aegislash|91\/100|[from] item: Leftovers\n|upkeep\n|turn|14\n|\n|t:|1700649170\n|move|p2a: Aegislash|King's Shield|p2a: Aegislash\n|-singleturn|p2a: Aegislash|Protect\n|move|p1a: Venusaur|Earth Power|p2a: Aegislash\n|-activate|p2a: Aegislash|move: Protect\n|\n|-heal|p2a: Aegislash|97\/100|[from] item: Leftovers\n|upkeep\n|turn|15\n|\n|t:|1700649175\n|switch|p2a: Flygon|Flygon, M|100\/100\n|move|p1a: Venusaur|Earth Power|p2a: Flygon\n|-immune|p2a: Flygon|[from] ability: Levitate\n|\n|upkeep\n|turn|16\n|\n|t:|1700649181\n|-terastallize|p2a: Flygon|Steel\n|move|p2a: Flygon|Dual Wingbeat|p1a: Venusaur\n|-supereffective|p1a: Venusaur\n|-damage|p1a: Venusaur|71\/100\n|-supereffective|p1a: Venusaur\n|-damage|p1a: Venusaur|40\/100\n|-hitcount|p1a: Venusaur|2\n|move|p1a: Venusaur|Energy Ball|p2a: Flygon\n|-resisted|p2a: Flygon\n|-damage|p2a: Flygon|73\/100\n|-unboost|p2a: Flygon|spd|1\n|\n|upkeep\n|turn|17\n|\n|t:|1700649186\n|move|p2a: Flygon|Dual Wingbeat|p1a: Venusaur\n|-supereffective|p1a: Venusaur\n|-damage|p1a: Venusaur|6\/100\n|-supereffective|p1a: Venusaur\n|-damage|p1a: Venusaur|0 fnt\n|faint|p1a: Venusaur\n|-hitcount|p1: Venusaur|2\n|\n|win|Plobistinator\n|raw|KAILI071222's rating: 1310 &rarr; <strong>1285<\/strong><br \/>(-25 for losing)\n|raw|Plobistinator's rating: 1215 &rarr; <strong>1247<\/strong><br \/>(+32 for winning)\n|l|\u2606KAILI071222\n","uploadtime":1700649197,"views":0,"p1id":"kaili071222","p2id":"plobistinator","formatid":"gen9nationaldex","rating":1247,"private":0,"password":""}