{"id":"gen9nationaldex-1993908652","p1":"cozu","p2":"cb der","format":"[Gen 9] National Dex","log":"|j|\u2606cozu\n|j|\u2606cb der\n|t:|1700373636\n|gametype|singles\n|player|p1|cozu|1|1278\n|player|p2|cb der|iono|1202\n|teamsize|p1|6\n|teamsize|p2|6\n|gen|9\n|tier|[Gen 9] National Dex\n|rated|\n|rule|HP Percentage Mod: HP is shown in percentages\n|rule|Endless Battle Clause: Forcing endless battles is banned\n|rule|OHKO Clause: OHKO moves are banned\n|rule|Evasion Clause: Evasion abilities, items, and moves are banned\n|rule|Evasion Abilities Clause: Evasion abilities are banned\n|rule|Evasion Items Clause: Evasion items are banned\n|rule|Evasion Moves Clause: Evasion moves are banned\n|rule|Species Clause: Limit one of each Pok\u00e9mon\n|rule|Sleep Clause Mod: Limit one foe put to sleep\n|clearpoke\n|poke|p1|Tyranitar, F|\n|poke|p1|Excadrill, M|\n|poke|p1|Hippowdon, M|\n|poke|p1|Toxapex, M|\n|poke|p1|Gastrodon, F|\n|poke|p1|Zapdos|\n|poke|p2|Hatterene, F|\n|poke|p2|Butterfree, F|\n|poke|p2|Heatran, M|\n|poke|p2|Hawlucha, F|\n|poke|p2|Farfetch\u2019d, F|\n|poke|p2|Leafeon, F|\n|teampreview\n|inactive|Battle timer is ON: inactive players will automatically lose when time's up. (requested by cozu)\n|\n|t:|1700373645\n|start\n|switch|p1a: Hippowdon|Hippowdon, M|100\/100\n|switch|p2a: Butterfree|Butterfree, F|100\/100\n|-weather|Sandstorm|[from] ability: Sand Stream|[of] p1a: Hippowdon\n|turn|1\n|\n|t:|1700373652\n|move|p2a: Butterfree|Sleep Powder|p1a: Hippowdon\n|-status|p1a: Hippowdon|slp|[from] move: Sleep Powder\n|cant|p1a: Hippowdon|slp\n|\n|-weather|Sandstorm|[upkeep]\n|-damage|p2a: Butterfree|94\/100|[from] Sandstorm\n|-heal|p2a: Butterfree|100\/100|[from] item: Leftovers\n|upkeep\n|turn|2\n|\n|t:|1700373656\n|move|p2a: Butterfree|Substitute|p2a: Butterfree\n|-start|p2a: Butterfree|Substitute\n|-damage|p2a: Butterfree|76\/100\n|-curestatus|p1a: Hippowdon|slp|[msg]\n|move|p1a: Hippowdon|Stealth Rock|p2a: Butterfree\n|-sidestart|p2: cb der|move: Stealth Rock\n|\n|-weather|Sandstorm|[upkeep]\n|-damage|p2a: Butterfree|70\/100|[from] Sandstorm\n|-heal|p2a: Butterfree|76\/100|[from] item: Leftovers\n|upkeep\n|turn|3\n|\n|t:|1700373673\n|switch|p1a: Tyranitar|Tyranitar, F|100\/100\n|move|p2a: Butterfree|Sleep Powder|p1a: Tyranitar\n|-status|p1a: Tyranitar|slp|[from] move: Sleep Powder\n|\n|-weather|Sandstorm|[upkeep]\n|-damage|p2a: Butterfree|70\/100|[from] Sandstorm\n|-heal|p2a: Butterfree|76\/100|[from] item: Leftovers\n|upkeep\n|turn|4\n|\n|t:|1700373677\n|detailschange|p1a: Tyranitar|Tyranitar-Mega, F\n|-mega|p1a: Tyranitar|Tyranitar|Tyranitarite\n|cant|p1a: Tyranitar|slp\n|move|p2a: Butterfree|Quiver Dance|p2a: Butterfree\n|-boost|p2a: Butterfree|spa|1\n|-boost|p2a: Butterfree|spd|1\n|-boost|p2a: Butterfree|spe|1\n|\n|-weather|Sandstorm|[upkeep]\n|-damage|p2a: Butterfree|70\/100|[from] Sandstorm\n|-heal|p2a: Butterfree|76\/100|[from] item: Leftovers\n|upkeep\n|turn|5\n|\n|t:|1700373681\n|move|p2a: Butterfree|Quiver Dance|p2a: Butterfree\n|-boost|p2a: Butterfree|spa|1\n|-boost|p2a: Butterfree|spd|1\n|-boost|p2a: Butterfree|spe|1\n|cant|p1a: Tyranitar|slp\n|\n|-weather|none\n|-heal|p2a: Butterfree|82\/100|[from] item: Leftovers\n|upkeep\n|turn|6\n|\n|t:|1700373687\n|move|p2a: Butterfree|Quiver Dance|p2a: Butterfree\n|-boost|p2a: Butterfree|spa|1\n|-boost|p2a: Butterfree|spd|1\n|-boost|p2a: Butterfree|spe|1\n|-curestatus|p1a: Tyranitar|slp|[msg]\n|move|p1a: Tyranitar|Dragon Dance|p1a: Tyranitar\n|-boost|p1a: Tyranitar|atk|1\n|-boost|p1a: Tyranitar|spe|1\n|\n|-heal|p2a: Butterfree|88\/100|[from] item: Leftovers\n|upkeep\n|turn|7\n|\n|t:|1700373696\n|move|p2a: Butterfree|Quiver Dance|p2a: Butterfree\n|-boost|p2a: Butterfree|spa|1\n|-boost|p2a: Butterfree|spd|1\n|-boost|p2a: Butterfree|spe|1\n|move|p1a: Tyranitar|Stone Edge|p2a: Butterfree\n|-supereffective|p2a: Butterfree\n|-end|p2a: Butterfree|Substitute\n|\n|-heal|p2a: Butterfree|94\/100|[from] item: Leftovers\n|upkeep\n|turn|8\n|\n|t:|1700373704\n|move|p2a: Butterfree|Sleep Powder|p1a: Tyranitar\n|-status|p1a: Tyranitar|slp|[from] move: Sleep Powder\n|cant|p1a: Tyranitar|slp\n|\n|-heal|p2a: Butterfree|99\/100|[from] item: Leftovers\n|upkeep\n|turn|9\n|\n|t:|1700373707\n|move|p2a: Butterfree|Substitute|p2a: Butterfree\n|-start|p2a: Butterfree|Substitute\n|-damage|p2a: Butterfree|75\/100\n|cant|p1a: Tyranitar|slp\n|\n|-heal|p2a: Butterfree|81\/100|[from] item: Leftovers\n|upkeep\n|turn|10\n|\n|t:|1700373710\n|move|p2a: Butterfree|Quiver Dance|p2a: Butterfree\n|-boost|p2a: Butterfree|spa|1\n|-boost|p2a: Butterfree|spd|1\n|-boost|p2a: Butterfree|spe|1\n|cant|p1a: Tyranitar|slp\n|\n|-heal|p2a: Butterfree|88\/100|[from] item: Leftovers\n|upkeep\n|turn|11\n|\n|t:|1700373714\n|move|p2a: Butterfree|Quiver Dance|p2a: Butterfree\n|-boost|p2a: Butterfree|spa|1\n|-boost|p2a: Butterfree|spd|1\n|-boost|p2a: Butterfree|spe|1\n|-curestatus|p1a: Tyranitar|slp|[msg]\n|move|p1a: Tyranitar|Stone Edge|p2a: Butterfree\n|-supereffective|p2a: Butterfree\n|-end|p2a: Butterfree|Substitute\n|\n|-heal|p2a: Butterfree|94\/100|[from] item: Leftovers\n|upkeep\n|turn|12\n|\n|t:|1700373719\n|move|p2a: Butterfree|Sleep Powder|p1a: Tyranitar\n|-status|p1a: Tyranitar|slp|[from] move: Sleep Powder\n|cant|p1a: Tyranitar|slp\n|\n|-heal|p2a: Butterfree|99\/100|[from] item: Leftovers\n|upkeep\n|turn|13\n|\n|t:|1700373722\n|move|p2a: Butterfree|Substitute|p2a: Butterfree\n|-start|p2a: Butterfree|Substitute\n|-damage|p2a: Butterfree|75\/100\n|-curestatus|p1a: Tyranitar|slp|[msg]\n|move|p1a: Tyranitar|Stone Edge|p2a: Butterfree\n|-supereffective|p2a: Butterfree\n|-end|p2a: Butterfree|Substitute\n|\n|-heal|p2a: Butterfree|81\/100|[from] item: Leftovers\n|upkeep\n|turn|14\n|\n|t:|1700373726\n|move|p2a: Butterfree|Sleep Powder|p1a: Tyranitar\n|-status|p1a: Tyranitar|slp|[from] move: Sleep Powder\n|cant|p1a: Tyranitar|slp\n|\n|-heal|p2a: Butterfree|87\/100|[from] item: Leftovers\n|upkeep\n|turn|15\n|\n|t:|1700373728\n|move|p2a: Butterfree|Substitute|p2a: Butterfree\n|-start|p2a: Butterfree|Substitute\n|-damage|p2a: Butterfree|62\/100\n|cant|p1a: Tyranitar|slp\n|\n|-heal|p2a: Butterfree|68\/100|[from] item: Leftovers\n|upkeep\n|turn|16\n|\n|t:|1700373731\n|move|p2a: Butterfree|Hurricane|p1a: Tyranitar\n|-resisted|p1a: Tyranitar\n|-damage|p1a: Tyranitar|27\/100 slp\n|-start|p1a: Tyranitar|confusion\n|cant|p1a: Tyranitar|slp\n|\n|-heal|p2a: Butterfree|75\/100|[from] item: Leftovers\n|upkeep\n|turn|17\n|\n|t:|1700373736\n|move|p2a: Butterfree|Hurricane|p1a: Tyranitar\n|-resisted|p1a: Tyranitar\n|-damage|p1a: Tyranitar|0 fnt\n|faint|p1a: Tyranitar\n|\n|-heal|p2a: Butterfree|81\/100|[from] item: Leftovers\n|upkeep\n|\n|t:|1700373743\n|switch|p1a: Zapdos|Zapdos|100\/100\n|turn|18\n|\n|t:|1700373751\n|move|p2a: Butterfree|Sleep Powder|p1a: Zapdos\n|-status|p1a: Zapdos|slp|[from] move: Sleep Powder\n|cant|p1a: Zapdos|slp\n|\n|-heal|p2a: Butterfree|87\/100|[from] item: Leftovers\n|upkeep\n|turn|19\n|\n|t:|1700373754\n|move|p2a: Butterfree|Hurricane|p1a: Zapdos\n|-resisted|p1a: Zapdos\n|-damage|p1a: Zapdos|0 fnt\n|faint|p1a: Zapdos\n|\n|-heal|p2a: Butterfree|93\/100|[from] item: Leftovers\n|upkeep\n|\n|t:|1700373758\n|switch|p1a: Excadrill|Excadrill, M|100\/100\n|turn|20\n|\n|t:|1700373781\n|-terastallize|p1a: Excadrill|Ground\n|move|p2a: Butterfree|Sleep Powder|p1a: Excadrill\n|-status|p1a: Excadrill|slp|[from] move: Sleep Powder\n|cant|p1a: Excadrill|slp\n|\n|-heal|p2a: Butterfree|99\/100|[from] item: Leftovers\n|upkeep\n|turn|21\n|\n|t:|1700373786\n|move|p2a: Butterfree|Hurricane|p1a: Excadrill\n|-damage|p1a: Excadrill|0 fnt\n|faint|p1a: Excadrill\n|\n|-heal|p2a: Butterfree|100\/100|[from] item: Leftovers\n|upkeep\n|\n|t:|1700373793\n|switch|p1a: Hippowdon|Hippowdon, M|100\/100\n|-weather|Sandstorm|[from] ability: Sand Stream|[of] p1a: Hippowdon\n|turn|22\n|\n|t:|1700373797\n|move|p2a: Butterfree|Hurricane|p1a: Hippowdon\n|-damage|p1a: Hippowdon|0 fnt\n|faint|p1a: Hippowdon\n|\n|-weather|Sandstorm|[upkeep]\n|-damage|p2a: Butterfree|94\/100|[from] Sandstorm\n|-heal|p2a: Butterfree|100\/100|[from] item: Leftovers\n|upkeep\n|\n|t:|1700373800\n|switch|p1a: Toxapex|Toxapex, M|100\/100\n|turn|23\n|\n|t:|1700373803\n|move|p2a: Butterfree|Hurricane|p1a: Toxapex\n|-damage|p1a: Toxapex|0 fnt\n|faint|p1a: Toxapex\n|\n|-weather|Sandstorm|[upkeep]\n|-damage|p2a: Butterfree|94\/100|[from] Sandstorm\n|-heal|p2a: Butterfree|100\/100|[from] item: Leftovers\n|upkeep\n|-message|cozu forfeited.\n|\n|win|cb der\n|raw|cozu's rating: 1278 &rarr; <strong>1248<\/strong><br \/>(-30 for losing)\n|raw|cb der's rating: 1202 &rarr; <strong>1232<\/strong><br \/>(+30 for winning)\n|l|\u2606cozu\n","uploadtime":1700373809,"views":12,"p1id":"cozu","p2id":"cbder","formatid":"gen9nationaldex","rating":1232,"private":0,"password":""}