{"id":"gen9nationaldex-1991932540","p1":"Yuanshen61\u6211\u8981\u73a9\u539f\u795e","p2":"llampis98","format":"[Gen 9] National Dex","log":"|j|\u2606Yuanshen61\u6211\u8981\u73a9\u539f\u795e\n|j|\u2606llampis98\n|t:|1700139747\n|gametype|singles\n|player|p1|Yuanshen61\u6211\u8981\u73a9\u539f\u795e|dawn-contest|1516\n|player|p2|llampis98|aromalady|1608\n|teamsize|p1|6\n|teamsize|p2|6\n|gen|9\n|tier|[Gen 9] National Dex\n|rated|\n|rule|HP Percentage Mod: HP is shown in percentages\n|rule|Endless Battle Clause: Forcing endless battles is banned\n|rule|OHKO Clause: OHKO moves are banned\n|rule|Evasion Clause: Evasion abilities, items, and moves are banned\n|rule|Evasion Abilities Clause: Evasion abilities are banned\n|rule|Evasion Items Clause: Evasion items are banned\n|rule|Evasion Moves Clause: Evasion moves are banned\n|rule|Species Clause: Limit one of each Pok\u00e9mon\n|rule|Sleep Clause Mod: Limit one foe put to sleep\n|clearpoke\n|poke|p1|Blacephalon|\n|poke|p1|Lopunny, M|\n|poke|p1|Ting-Lu|\n|poke|p1|Zapdos|\n|poke|p1|Hatterene, F|\n|poke|p1|Greninja-*, M|\n|poke|p2|Pelipper, F|\n|poke|p2|Basculegion-F, F|\n|poke|p2|Urshifu-*, F|\n|poke|p2|Kilowattrel, M|\n|poke|p2|Ferrothorn, F|\n|poke|p2|Swampert, F|\n|teampreview\n|inactive|Battle timer is ON: inactive players will automatically lose when time's up. (requested by Yuanshen61\u6211\u8981\u73a9\u539f\u795e)\n|\n|t:|1700139757\n|start\n|switch|p1a: Ting-Lu|Ting-Lu|100\/100\n|switch|p2a: Pelipper|Pelipper, F|100\/100\n|-weather|RainDance|[from] ability: Drizzle|[of] p2a: Pelipper\n|-ability|p1a: Ting-Lu|Vessel of Ruin\n|turn|1\n|\n|t:|1700139763\n|move|p2a: Pelipper|Scald|p1a: Ting-Lu\n|-supereffective|p1a: Ting-Lu\n|-damage|p1a: Ting-Lu|55\/100\n|move|p1a: Ting-Lu|Stealth Rock|p2a: Pelipper\n|-sidestart|p2: llampis98|move: Stealth Rock\n|\n|-weather|RainDance|[upkeep]\n|-heal|p1a: Ting-Lu|61\/100|[from] item: Leftovers\n|upkeep\n|turn|2\n|\n|t:|1700139769\n|switch|p1a: Zapdos|Zapdos|100\/100\n|move|p2a: Pelipper|Scald|p1a: Zapdos\n|-damage|p1a: Zapdos|61\/100\n|\n|-weather|RainDance|[upkeep]\n|upkeep\n|turn|3\n|\n|t:|1700139777\n|switch|p2a: Kilowattrel|Kilowattrel, M|100\/100\n|-damage|p2a: Kilowattrel|76\/100|[from] Stealth Rock\n|move|p1a: Zapdos|Hurricane|p2a: Kilowattrel\n|-resisted|p2a: Kilowattrel\n|-damage|p2a: Kilowattrel|23\/100\n|-start|p2a: Kilowattrel|confusion\n|\n|-weather|RainDance|[upkeep]\n|upkeep\n|turn|4\n|\n|t:|1700139785\n|-activate|p2a: Kilowattrel|confusion\n|-damage|p2a: Kilowattrel|14\/100|[from] confusion\n|move|p1a: Zapdos|Roost|p1a: Zapdos\n|-heal|p1a: Zapdos|100\/100\n|-singleturn|p1a: Zapdos|move: Roost\n|\n|-weather|RainDance|[upkeep]\n|upkeep\n|turn|5\n|\n|t:|1700139788\n|-end|p2a: Kilowattrel|confusion\n|move|p2a: Kilowattrel|Volt Switch|p1a: Zapdos\n|-damage|p1a: Zapdos|66\/100\n|\n|t:|1700139793\n|switch|p2a: Ferrothorn|Ferrothorn, F|100\/100|[from] Volt Switch\n|-damage|p2a: Ferrothorn|94\/100|[from] Stealth Rock\n|move|p1a: Zapdos|Hurricane|p2a: Ferrothorn\n|-damage|p2a: Ferrothorn|53\/100\n|\n|-weather|RainDance|[upkeep]\n|-heal|p2a: Ferrothorn|59\/100|[from] item: Leftovers\n|upkeep\n|turn|6\n|\n|t:|1700139796\n|move|p1a: Zapdos|Volt Switch|p2a: Ferrothorn\n|-resisted|p2a: Ferrothorn\n|-crit|p2a: Ferrothorn\n|-damage|p2a: Ferrothorn|40\/100\n|\n|t:|1700139798\n|switch|p1a: Hatterene|Hatterene, F|100\/100|[from] Volt Switch\n|move|p2a: Ferrothorn|Leech Seed|p1a: Hatterene\n|move|p1a: Hatterene|Leech Seed|p2a: Ferrothorn|[from]ability: Magic Bounce\n|-immune|p2a: Ferrothorn\n|\n|-weather|RainDance|[upkeep]\n|-heal|p2a: Ferrothorn|46\/100|[from] item: Leftovers\n|upkeep\n|turn|7\n|\n|t:|1700139804\n|move|p2a: Ferrothorn|Protect|p2a: Ferrothorn\n|-singleturn|p2a: Ferrothorn|Protect\n|move|p1a: Hatterene|Nuzzle|p2a: Ferrothorn\n|-activate|p2a: Ferrothorn|move: Protect\n|\n|-weather|RainDance|[upkeep]\n|-heal|p2a: Ferrothorn|52\/100|[from] item: Leftovers\n|upkeep\n|turn|8\n|\n|t:|1700139812\n|switch|p2a: Swampert|Swampert, F|100\/100\n|-damage|p2a: Swampert|94\/100|[from] Stealth Rock\n|move|p1a: Hatterene|Mystical Fire|p2a: Swampert\n|-resisted|p2a: Swampert\n|-damage|p2a: Swampert|87\/100\n|-unboost|p2a: Swampert|spa|1\n|\n|-weather|none\n|upkeep\n|turn|9\n|\n|t:|1700139817\n|switch|p1a: Zapdos|Zapdos|66\/100\n|detailschange|p2a: Swampert|Swampert-Mega, F\n|-mega|p2a: Swampert|Swampert|Swampertite\n|move|p2a: Swampert|Liquidation|p1a: Zapdos\n|-damage|p1a: Zapdos|7\/100\n|\n|upkeep\n|turn|10\n|\n|t:|1700139832\n|switch|p2a: Ferrothorn|Ferrothorn, F|52\/100\n|-damage|p2a: Ferrothorn|46\/100|[from] Stealth Rock\n|move|p1a: Zapdos|Roost|p1a: Zapdos\n|-heal|p1a: Zapdos|57\/100\n|-singleturn|p1a: Zapdos|move: Roost\n|\n|-heal|p2a: Ferrothorn|52\/100|[from] item: Leftovers\n|upkeep\n|turn|11\n|\n|t:|1700139837\n|move|p1a: Zapdos|Volt Switch|p2a: Ferrothorn\n|-resisted|p2a: Ferrothorn\n|-damage|p2a: Ferrothorn|40\/100\n|\n|t:|1700139839\n|switch|p1a: Hatterene|Hatterene, F|100\/100|[from] Volt Switch\n|move|p2a: Ferrothorn|Gyro Ball|p1a: Hatterene\n|-supereffective|p1a: Hatterene\n|-damage|p1a: Hatterene|63\/100\n|\n|-heal|p1a: Hatterene|69\/100|[from] item: Leftovers\n|-heal|p2a: Ferrothorn|46\/100|[from] item: Leftovers\n|upkeep\n|turn|12\n|\n|t:|1700139849\n|move|p2a: Ferrothorn|Protect|p2a: Ferrothorn\n|-singleturn|p2a: Ferrothorn|Protect\n|move|p1a: Hatterene|Mystical Fire|p2a: Ferrothorn\n|-activate|p2a: Ferrothorn|move: Protect\n|\n|-heal|p1a: Hatterene|75\/100|[from] item: Leftovers\n|-heal|p2a: Ferrothorn|52\/100|[from] item: Leftovers\n|upkeep\n|turn|13\n|\n|t:|1700139856\n|switch|p2a: Pelipper|Pelipper, F|100\/100\n|-damage|p2a: Pelipper|76\/100|[from] Stealth Rock\n|-weather|RainDance|[from] ability: Drizzle|[of] p2a: Pelipper\n|move|p1a: Hatterene|Mystical Fire|p2a: Pelipper\n|-resisted|p2a: Pelipper\n|-damage|p2a: Pelipper|66\/100\n|-unboost|p2a: Pelipper|spa|1\n|\n|-weather|RainDance|[upkeep]\n|-heal|p1a: Hatterene|81\/100|[from] item: Leftovers\n|upkeep\n|turn|14\n|\n|t:|1700139859\n|move|p2a: Pelipper|Defog|p1a: Hatterene\n|move|p1a: Hatterene|Defog|p2a: Pelipper|[from]ability: Magic Bounce\n|-unboost|p2a: Pelipper|evasion|1\n|-sideend|p2: llampis98|Stealth Rock|[from] move: Defog|[of] p1a: Hatterene\n|move|p1a: Hatterene|Draining Kiss|p2a: Pelipper\n|-damage|p2a: Pelipper|24\/100\n|-heal|p1a: Hatterene|100\/100|[from] drain|[of] p2a: Pelipper\n|\n|-weather|RainDance|[upkeep]\n|upkeep\n|turn|15\n|\n|t:|1700139864\n|move|p2a: Pelipper|U-turn|p1a: Hatterene\n|-damage|p1a: Hatterene|92\/100\n|\n|t:|1700139870\n|switch|p2a: Ferrothorn|Ferrothorn, F|52\/100|[from] U-turn\n|move|p1a: Hatterene|Nuzzle|p2a: Ferrothorn\n|-resisted|p2a: Ferrothorn\n|-damage|p2a: Ferrothorn|51\/100\n|-status|p2a: Ferrothorn|par\n|-damage|p1a: Hatterene|80\/100|[from] ability: Iron Barbs|[of] p2a: Ferrothorn\n|\n|-weather|RainDance|[upkeep]\n|-heal|p1a: Hatterene|86\/100|[from] item: Leftovers\n|-heal|p2a: Ferrothorn|57\/100 par|[from] item: Leftovers\n|upkeep\n|turn|16\n|\n|t:|1700139874\n|move|p1a: Hatterene|Mystical Fire|p2a: Ferrothorn\n|-supereffective|p2a: Ferrothorn\n|-damage|p2a: Ferrothorn|20\/100 par\n|-unboost|p2a: Ferrothorn|spa|1\n|cant|p2a: Ferrothorn|par\n|\n|-weather|RainDance|[upkeep]\n|-heal|p1a: Hatterene|92\/100|[from] item: Leftovers\n|-heal|p2a: Ferrothorn|26\/100 par|[from] item: Leftovers\n|upkeep\n|turn|17\n|\n|t:|1700139883\n|-terastallize|p2a: Ferrothorn|Fire\n|move|p1a: Hatterene|Draining Kiss|p2a: Ferrothorn\n|-resisted|p2a: Ferrothorn\n|-damage|p2a: Ferrothorn|15\/100 par\n|-heal|p1a: Hatterene|100\/100|[from] drain|[of] p2a: Ferrothorn\n|-damage|p1a: Hatterene|88\/100|[from] ability: Iron Barbs|[of] p2a: Ferrothorn\n|move|p2a: Ferrothorn|Gyro Ball|p1a: Hatterene\n|-supereffective|p1a: Hatterene\n|-damage|p1a: Hatterene|10\/100\n|\n|-weather|RainDance|[upkeep]\n|-heal|p1a: Hatterene|16\/100|[from] item: Leftovers\n|-heal|p2a: Ferrothorn|21\/100 par|[from] item: Leftovers\n|upkeep\n|turn|18\n|\n|t:|1700139897\n|switch|p1a: Ting-Lu|Ting-Lu|61\/100\n|-ability|p1a: Ting-Lu|Vessel of Ruin\n|move|p2a: Ferrothorn|Stealth Rock|p1a: Ting-Lu\n|-sidestart|p1: Yuanshen61\u6211\u8981\u73a9\u539f\u795e|move: Stealth Rock\n|\n|-weather|RainDance|[upkeep]\n|-heal|p1a: Ting-Lu|67\/100|[from] item: Leftovers\n|-heal|p2a: Ferrothorn|27\/100 par|[from] item: Leftovers\n|upkeep\n|turn|19\n|\n|t:|1700139901\n|move|p1a: Ting-Lu|Spikes|p2a: Ferrothorn\n|-sidestart|p2: llampis98|Spikes\n|cant|p2a: Ferrothorn|par\n|\n|-weather|RainDance|[upkeep]\n|-heal|p1a: Ting-Lu|73\/100|[from] item: Leftovers\n|-heal|p2a: Ferrothorn|34\/100 par|[from] item: Leftovers\n|upkeep\n|turn|20\n|\n|t:|1700139904\n|move|p1a: Ting-Lu|Stealth Rock|p2a: Ferrothorn\n|-sidestart|p2: llampis98|move: Stealth Rock\n|cant|p2a: Ferrothorn|par\n|\n|-weather|none\n|-heal|p1a: Ting-Lu|79\/100|[from] item: Leftovers\n|-heal|p2a: Ferrothorn|40\/100 par|[from] item: Leftovers\n|upkeep\n|turn|21\n|\n|t:|1700139909\n|move|p1a: Ting-Lu|Spikes|p2a: Ferrothorn\n|-sidestart|p2: llampis98|Spikes\n|move|p2a: Ferrothorn|Leech Seed|p1a: Ting-Lu\n|-start|p1a: Ting-Lu|move: Leech Seed\n|\n|-heal|p1a: Ting-Lu|86\/100|[from] item: Leftovers\n|-heal|p2a: Ferrothorn|46\/100 par|[from] item: Leftovers\n|-damage|p1a: Ting-Lu|73\/100|[from] Leech Seed|[of] p2a: Ferrothorn\n|-heal|p2a: Ferrothorn|64\/100 par|[silent]\n|upkeep\n|turn|22\n|\n|t:|1700139917\n|switch|p1a: Greninja|Greninja, M|100\/100\n|-damage|p1a: Greninja|88\/100|[from] Stealth Rock\n|switch|p2a: Pelipper|Pelipper, F|24\/100\n|-damage|p2a: Pelipper|0 fnt|[from] Stealth Rock\n|faint|p2a: Pelipper\n|\n|upkeep\n|j| oldhotpot\n|c|\u2606llampis98|...\n|\n|t:|1700139938\n|switch|p2a: Basculegion|Basculegion-F, F|100\/100\n|-damage|p2a: Basculegion|84\/100|[from] Spikes\n|-damage|p2a: Basculegion|72\/100|[from] Stealth Rock\n|turn|23\n|\n|t:|1700139945\n|move|p1a: Greninja|Dark Pulse|p2a: Basculegion\n|-supereffective|p2a: Basculegion\n|-damage|p2a: Basculegion|0 fnt\n|faint|p2a: Basculegion\n|-ability|p1a: Greninja|Battle Bond|boost\n|-boost|p1a: Greninja|atk|1\n|-boost|p1a: Greninja|spa|1\n|-boost|p1a: Greninja|spe|1\n|-activate|p1a: Greninja|ability: Battle Bond\n|-damage|p1a: Greninja|78\/100|[from] item: Life Orb\n|\n|upkeep\n|\n|t:|1700139949\n|switch|p2a: Kilowattrel|Kilowattrel, M|14\/100\n|-damage|p2a: Kilowattrel|0 fnt|[from] Stealth Rock\n|faint|p2a: Kilowattrel\n|\n|t:|1700139952\n|switch|p2a: Urshifu|Urshifu-Rapid-Strike, F|100\/100\n|-damage|p2a: Urshifu|84\/100|[from] Spikes\n|-damage|p2a: Urshifu|78\/100|[from] Stealth Rock\n|turn|24\n|\n|t:|1700139957\n|-terastallize|p1a: Greninja|Water\n|move|p1a: Greninja|Surf|p2a: Urshifu\n|-resisted|p2a: Urshifu\n|-crit|p2a: Urshifu\n|-damage|p2a: Urshifu|0 fnt\n|faint|p2a: Urshifu\n|-damage|p1a: Greninja|69\/100|[from] item: Life Orb\n|\n|upkeep\n|\n|t:|1700139961\n|switch|p2a: Swampert|Swampert-Mega, F|87\/100\n|-damage|p2a: Swampert|71\/100|[from] Spikes\n|-damage|p2a: Swampert|65\/100|[from] Stealth Rock\n|turn|25\n|\n|t:|1700139964\n|move|p1a: Greninja|Surf|p2a: Swampert\n|-damage|p2a: Swampert|0 fnt\n|faint|p2a: Swampert\n|-damage|p1a: Greninja|59\/100|[from] item: Life Orb\n|\n|upkeep\n|\n|t:|1700139966\n|switch|p2a: Ferrothorn|Ferrothorn, F, tera:Fire|64\/100 par\n|-damage|p2a: Ferrothorn|48\/100 par|[from] Spikes\n|-damage|p2a: Ferrothorn|23\/100 par|[from] Stealth Rock\n|turn|26\n|\n|t:|1700139969\n|move|p1a: Greninja|Surf|p2a: Ferrothorn\n|-supereffective|p2a: Ferrothorn\n|-damage|p2a: Ferrothorn|0 fnt\n|faint|p2a: Ferrothorn\n|-damage|p1a: Greninja|49\/100|[from] item: Life Orb\n|\n|win|Yuanshen61\u6211\u8981\u73a9\u539f\u795e\n|raw|Yuanshen61\u6211\u8981\u73a9\u539f\u795e's rating: 1516 &rarr; <strong>1541<\/strong><br \/>(+25 for winning)\n|raw|llampis98's rating: 1608 &rarr; <strong>1583<\/strong><br \/>(-25 for losing)\n","uploadtime":1700139972,"views":4,"p1id":"yuanshen61","p2id":"llampis98","formatid":"gen9nationaldex","rating":1541,"private":0,"password":""}