{"id":"gen9nationaldex-1987254878","p1":"The Critical God","p2":"DTHEYDONTLIKEUiMS","format":"[Gen 9] National Dex","log":"|j|\u2606The Critical God\n|j|\u2606DTHEYDONTLIKEUiMS\n|t:|1699569919\n|gametype|singles\n|player|p1|The Critical God|102|1109\n|player|p2|DTHEYDONTLIKEUiMS|ghetsis|1105\n|teamsize|p1|6\n|teamsize|p2|6\n|gen|9\n|tier|[Gen 9] National Dex\n|rated|\n|rule|HP Percentage Mod: HP is shown in percentages\n|rule|Endless Battle Clause: Forcing endless battles is banned\n|rule|OHKO Clause: OHKO moves are banned\n|rule|Evasion Clause: Evasion abilities, items, and moves are banned\n|rule|Evasion Abilities Clause: Evasion abilities are banned\n|rule|Evasion Items Clause: Evasion items are banned\n|rule|Evasion Moves Clause: Evasion moves are banned\n|rule|Species Clause: Limit one of each Pok\u00e9mon\n|rule|Sleep Clause Mod: Limit one foe put to sleep\n|clearpoke\n|poke|p1|Grimmsnarl, M|\n|poke|p1|Gliscor, F|\n|poke|p1|Volcarona, M|\n|poke|p1|Feraligatr, F|\n|poke|p1|Breloom, F|\n|poke|p1|Conkeldurr, F|\n|poke|p2|Salazzle, F|\n|poke|p2|Magnemite, L1|\n|poke|p2|Probopass, L2, F|\n|poke|p2|Mandibuzz, F|\n|poke|p2|Nosepass, L1, F|\n|poke|p2|Tentacruel, F|\n|teampreview\n|\n|t:|1699569926\n|start\n|switch|p1a: Conkeldurr|Conkeldurr, F|100\/100\n|switch|p2a: Sh\ud83d\udca9tsquid|Tentacruel, F|100\/100\n|turn|1\n|\n|t:|1699569938\n|switch|p1a: Gliscor|Gliscor, F|100\/100\n|move|p2a: Sh\ud83d\udca9tsquid|Toxic|p1a: Gliscor\n|-status|p1a: Gliscor|tox\n|\n|upkeep\n|turn|2\n|\n|t:|1699569943\n|move|p2a: Sh\ud83d\udca9tsquid|Scald|p1a: Gliscor\n|-supereffective|p1a: Gliscor\n|-damage|p1a: Gliscor|26\/100 tox\n|move|p1a: Gliscor|Earthquake|p2a: Sh\ud83d\udca9tsquid\n|-supereffective|p2a: Sh\ud83d\udca9tsquid\n|-damage|p2a: Sh\ud83d\udca9tsquid|0 fnt\n|faint|p2a: Sh\ud83d\udca9tsquid\n|\n|-heal|p1a: Gliscor|39\/100 tox|[from] ability: Poison Heal\n|upkeep\n|\n|t:|1699569948\n|switch|p2a: No Fun Allowed|Salazzle, F|100\/100\n|turn|3\n|inactive|Battle timer is ON: inactive players will automatically lose when time's up. (requested by DTHEYDONTLIKEUiMS)\n|\n|t:|1699569970\n|move|p2a: No Fun Allowed|Flamethrower|p1a: Gliscor\n|-damage|p1a: Gliscor|0 fnt\n|faint|p1a: Gliscor\n|\n|upkeep\n|\n|t:|1699569976\n|switch|p1a: Conkeldurr|Conkeldurr, F|100\/100\n|turn|4\n|\n|t:|1699569982\n|move|p2a: No Fun Allowed|Substitute|p2a: No Fun Allowed\n|-start|p2a: No Fun Allowed|Substitute\n|-damage|p2a: No Fun Allowed|76\/100\n|move|p1a: Conkeldurr|Knock Off|p2a: No Fun Allowed\n|-end|p2a: No Fun Allowed|Substitute\n|\n|-heal|p2a: No Fun Allowed|82\/100|[from] item: Leftovers\n|upkeep\n|turn|5\n|\n|t:|1699569987\n|move|p2a: No Fun Allowed|Protect|p2a: No Fun Allowed\n|-singleturn|p2a: No Fun Allowed|Protect\n|move|p1a: Conkeldurr|Knock Off|p2a: No Fun Allowed\n|-activate|p2a: No Fun Allowed|move: Protect\n|\n|-heal|p2a: No Fun Allowed|88\/100|[from] item: Leftovers\n|upkeep\n|turn|6\n|\n|t:|1699569993\n|switch|p2a: Sh\ud83d\udca9tbird|Mandibuzz, F|100\/100\n|move|p1a: Conkeldurr|Knock Off|p2a: Sh\ud83d\udca9tbird\n|-resisted|p2a: Sh\ud83d\udca9tbird\n|-crit|p2a: Sh\ud83d\udca9tbird\n|-damage|p2a: Sh\ud83d\udca9tbird|85\/100\n|-enditem|p2a: Sh\ud83d\udca9tbird|Heavy-Duty Boots|[from] move: Knock Off|[of] p1a: Conkeldurr\n|\n|upkeep\n|turn|7\n|\n|t:|1699570005\n|switch|p1a: Breloom|Breloom, F|100\/100\n|move|p2a: Sh\ud83d\udca9tbird|Toxic|p1a: Breloom\n|-status|p1a: Breloom|tox\n|\n|upkeep\n|turn|8\n|\n|t:|1699570010\n|-terastallize|p1a: Breloom|Rock\n|move|p2a: Sh\ud83d\udca9tbird|Foul Play|p1a: Breloom\n|-damage|p1a: Breloom|34\/100 tox\n|move|p1a: Breloom|Spore|p2a: Sh\ud83d\udca9tbird\n|-immune|p2a: Sh\ud83d\udca9tbird|[from] ability: Overcoat\n|\n|-heal|p1a: Breloom|46\/100 tox|[from] ability: Poison Heal\n|upkeep\n|turn|9\n|c|\u2606DTHEYDONTLIKEUiMS|lol\n|c|\u2606DTHEYDONTLIKEUiMS|Click the X bro\n|c|\u2606The Critical God|Damn\n|c|\u2606The Critical God|I'm dumb\n|\n|t:|1699570035\n|switch|p1a: Volcarona|Volcarona, M|100\/100\n|move|p2a: Sh\ud83d\udca9tbird|Foul Play|p1a: Volcarona\n|-damage|p1a: Volcarona|75\/100\n|\n|upkeep\n|turn|10\n|\n|t:|1699570041\n|move|p1a: Volcarona|Quiver Dance|p1a: Volcarona\n|-boost|p1a: Volcarona|spa|1\n|-boost|p1a: Volcarona|spd|1\n|-boost|p1a: Volcarona|spe|1\n|move|p2a: Sh\ud83d\udca9tbird|Toxic|p1a: Volcarona\n|-status|p1a: Volcarona|tox\n|\n|-damage|p1a: Volcarona|69\/100 tox|[from] psn\n|upkeep\n|turn|11\n|\n|t:|1699570046\n|switch|p2a: Literally Level 1|Magnemite, L1|100\/100\n|move|p1a: Volcarona|Bug Buzz|p2a: Literally Level 1\n|-resisted|p2a: Literally Level 1\n|-ability|p2a: Literally Level 1|Sturdy\n|-damage|p2a: Literally Level 1|10\/100\n|-enditem|p2a: Literally Level 1|Berry Juice\n|-heal|p2a: Literally Level 1|100\/100|[from] item: Berry Juice\n|\n|-damage|p1a: Volcarona|57\/100 tox|[from] psn\n|upkeep\n|turn|12\n|\n|t:|1699570055\n|switch|p1a: Conkeldurr|Conkeldurr, F|100\/100\n|move|p2a: Literally Level 1|Recycle|p2a: Literally Level 1\n|-item|p2a: Literally Level 1|Berry Juice|[from] move: Recycle\n|\n|upkeep\n|turn|13\n|\n|t:|1699570060\n|switch|p2a: Sh\ud83d\udca9tbird|Mandibuzz, F|85\/100\n|move|p1a: Conkeldurr|Knock Off|p2a: Sh\ud83d\udca9tbird\n|-resisted|p2a: Sh\ud83d\udca9tbird\n|-damage|p2a: Sh\ud83d\udca9tbird|77\/100\n|\n|upkeep\n|turn|14\n|\n|t:|1699570070\n|switch|p1a: Volcarona|Volcarona, M|57\/100 tox\n|move|p2a: Sh\ud83d\udca9tbird|Toxic|p1a: Volcarona\n|-fail|p1a: Volcarona|tox\n|\n|-damage|p1a: Volcarona|51\/100 tox|[from] psn\n|upkeep\n|turn|15\n|\n|t:|1699570073\n|move|p1a: Volcarona|Fiery Dance|p2a: Sh\ud83d\udca9tbird\n|-damage|p2a: Sh\ud83d\udca9tbird|38\/100\n|move|p2a: Sh\ud83d\udca9tbird|Roost|p2a: Sh\ud83d\udca9tbird\n|-heal|p2a: Sh\ud83d\udca9tbird|88\/100\n|-singleturn|p2a: Sh\ud83d\udca9tbird|move: Roost\n|\n|-damage|p1a: Volcarona|38\/100 tox|[from] psn\n|upkeep\n|turn|16\n|\n|t:|1699570078\n|switch|p2a: Literally Level 1|Magnemite, L1|100\/100\n|move|p1a: Volcarona|Quiver Dance|p1a: Volcarona\n|-boost|p1a: Volcarona|spa|1\n|-boost|p1a: Volcarona|spd|1\n|-boost|p1a: Volcarona|spe|1\n|\n|-damage|p1a: Volcarona|20\/100 tox|[from] psn\n|upkeep\n|turn|17\n|\n|t:|1699570099\n|switch|p1a: Feraligatr|Feraligatr, F|100\/100\n|move|p2a: Literally Level 1|Recycle||[still]\n|-fail|p2a: Literally Level 1\n|\n|upkeep\n|turn|18\n|\n|t:|1699570108\n|move|p1a: Feraligatr|Ice Punch|p2a: Literally Level 1\n|-resisted|p2a: Literally Level 1\n|-ability|p2a: Literally Level 1|Sturdy\n|-damage|p2a: Literally Level 1|10\/100\n|-enditem|p2a: Literally Level 1|Berry Juice\n|-heal|p2a: Literally Level 1|100\/100|[from] item: Berry Juice\n|move|p2a: Literally Level 1|Toxic|p1a: Feraligatr\n|-status|p1a: Feraligatr|tox\n|\n|-damage|p1a: Feraligatr|94\/100 tox|[from] psn\n|upkeep\n|turn|19\n|\n|t:|1699570118\n|switch|p1a: Conkeldurr|Conkeldurr, F|100\/100\n|move|p2a: Literally Level 1|Recycle|p2a: Literally Level 1\n|-item|p2a: Literally Level 1|Berry Juice|[from] move: Recycle\n|\n|upkeep\n|turn|20\n|\n|t:|1699570122\n|switch|p2a: Sh\ud83d\udca9tbird|Mandibuzz, F|88\/100\n|move|p1a: Conkeldurr|Mach Punch|p2a: Sh\ud83d\udca9tbird\n|-damage|p2a: Sh\ud83d\udca9tbird|68\/100\n|\n|upkeep\n|turn|21\n|\n|t:|1699570129\n|move|p1a: Conkeldurr|Mach Punch|p2a: Sh\ud83d\udca9tbird\n|-damage|p2a: Sh\ud83d\udca9tbird|49\/100\n|move|p2a: Sh\ud83d\udca9tbird|Toxic|p1a: Conkeldurr\n|-status|p1a: Conkeldurr|tox\n|\n|-damage|p1a: Conkeldurr|94\/100 tox|[from] psn\n|upkeep\n|turn|22\n|\n|t:|1699570132\n|move|p2a: Sh\ud83d\udca9tbird|Roost|p2a: Sh\ud83d\udca9tbird\n|-heal|p2a: Sh\ud83d\udca9tbird|99\/100\n|-singleturn|p2a: Sh\ud83d\udca9tbird|move: Roost\n|move|p1a: Conkeldurr|Bulk Up|p1a: Conkeldurr\n|-boost|p1a: Conkeldurr|atk|1\n|-boost|p1a: Conkeldurr|def|1\n|\n|-damage|p1a: Conkeldurr|82\/100 tox|[from] psn\n|upkeep\n|turn|23\n|\n|t:|1699570142\n|switch|p2a: Click the \u274c|Nosepass, L1, F, shiny|100\/100\n|move|p1a: Conkeldurr|Drain Punch|p2a: Click the \u274c\n|-supereffective|p2a: Click the \u274c\n|-ability|p2a: Click the \u274c|Sturdy\n|-damage|p2a: Click the \u274c|10\/100\n|-heal|p1a: Conkeldurr|84\/100 tox|[from] drain|[of] p2a: Click the \u274c\n|-enditem|p2a: Click the \u274c|Berry Juice\n|-heal|p2a: Click the \u274c|100\/100|[from] item: Berry Juice\n|\n|-damage|p1a: Conkeldurr|65\/100 tox|[from] psn\n|upkeep\n|turn|24\n|\n|t:|1699570151\n|switch|p1a: Breloom|Breloom, F, tera:Rock|46\/100 tox\n|move|p2a: Click the \u274c|Pain Split|p1a: Breloom\n|-sethp|p1a: Breloom|25\/100 tox|[from] move: Pain Split|[silent]\n|-sethp|p2a: Click the \u274c|100\/100|[from] move: Pain Split\n|\n|-heal|p1a: Breloom|37\/100 tox|[from] ability: Poison Heal\n|upkeep\n|turn|25\n|\n|t:|1699570156\n|switch|p2a: Sh\ud83d\udca9tbird|Mandibuzz, F|99\/100\n|move|p1a: Breloom|Spore|p2a: Sh\ud83d\udca9tbird\n|-immune|p2a: Sh\ud83d\udca9tbird|[from] ability: Overcoat\n|\n|-heal|p1a: Breloom|50\/100 tox|[from] ability: Poison Heal\n|upkeep\n|turn|26\n|\n|t:|1699570170\n|switch|p1a: Conkeldurr|Conkeldurr, F|65\/100 tox\n|move|p2a: Sh\ud83d\udca9tbird|Foul Play|p1a: Conkeldurr\n|-resisted|p1a: Conkeldurr\n|-damage|p1a: Conkeldurr|43\/100 tox\n|\n|-damage|p1a: Conkeldurr|37\/100 tox|[from] psn\n|upkeep\n|turn|27\n|\n|t:|1699570176\n|move|p2a: Sh\ud83d\udca9tbird|Foul Play|p1a: Conkeldurr\n|-resisted|p1a: Conkeldurr\n|-damage|p1a: Conkeldurr|14\/100 tox\n|move|p1a: Conkeldurr|Drain Punch|p2a: Sh\ud83d\udca9tbird\n|-damage|p2a: Sh\ud83d\udca9tbird|64\/100\n|-heal|p1a: Conkeldurr|32\/100 tox|[from] drain|[of] p2a: Sh\ud83d\udca9tbird\n|\n|-damage|p1a: Conkeldurr|20\/100 tox|[from] psn\n|upkeep\n|turn|28\n|\n|t:|1699570184\n|move|p2a: Sh\ud83d\udca9tbird|Roost|p2a: Sh\ud83d\udca9tbird\n|-heal|p2a: Sh\ud83d\udca9tbird|100\/100\n|-singleturn|p2a: Sh\ud83d\udca9tbird|move: Roost\n|move|p1a: Conkeldurr|Bulk Up|p1a: Conkeldurr\n|-boost|p1a: Conkeldurr|atk|1\n|-boost|p1a: Conkeldurr|def|1\n|\n|-damage|p1a: Conkeldurr|2\/100 tox|[from] psn\n|upkeep\n|turn|29\n|-message|The Critical God forfeited.\n|\n|win|DTHEYDONTLIKEUiMS\n|raw|The Critical God's rating: 1109 &rarr; <strong>1085<\/strong><br \/>(-24 for losing)\n|raw|DTHEYDONTLIKEUiMS's rating: 1123 &rarr; <strong>1147<\/strong><br \/>(+24 for winning)\n|c|\u2606DTHEYDONTLIKEUiMS|lol\n|c|\u2606DTHEYDONTLIKEUiMS|wow\n|c|\u2606DTHEYDONTLIKEUiMS|that was a horrible play\n|l|\u2606The Critical God\n|c|\u2606DTHEYDONTLIKEUiMS|imagine clicking BU on my roost\n","uploadtime":1699570210,"views":5,"p1id":"thecriticalgod","p2id":"dtheydontlikeuims","formatid":"gen9nationaldex","rating":1085,"private":0,"password":""}