{"id":"gen9nationaldex-1998419816","p1":"heinousactszx","p2":"Annie Key","format":"[Gen 9] National Dex","log":"|html|<div class=\"broadcast-blue\"><strong>[Gen 9] National Dex is currently suspecting Sneasler! For information on how to participate check out the <a href=\"https:\/\/www.smogon.com\/forums\/threads\/sv-national-dex-suspect-8-just-dance.3731534\/\">suspect thread<\/a>.<\/strong><\/div>\n|j|\u2606heinousactszx\n|j|\u2606Annie Key\n|t:|1700940274\n|gametype|singles\n|player|p1|heinousactszx|265|\n|player|p2|Annie Key|hilda-wonderlauncher|\n|teamsize|p1|6\n|teamsize|p2|6\n|gen|9\n|tier|[Gen 9] National Dex\n|rule|HP Percentage Mod: HP is shown in percentages\n|rule|Endless Battle Clause: Forcing endless battles is banned\n|rule|OHKO Clause: OHKO moves are banned\n|rule|Evasion Clause: Evasion abilities, items, and moves are banned\n|rule|Evasion Abilities Clause: Evasion abilities are banned\n|rule|Evasion Items Clause: Evasion items are banned\n|rule|Evasion Moves Clause: Evasion moves are banned\n|rule|Species Clause: Limit one of each Pok\u00e9mon\n|rule|Sleep Clause Mod: Limit one foe put to sleep\n|clearpoke\n|poke|p1|Torkoal, M|\n|poke|p1|Shiftry, M|\n|poke|p1|Kleavor, F|\n|poke|p1|Garganacl, F|\n|poke|p1|Volcanion|\n|poke|p1|Hitmontop, M|\n|poke|p2|Oricorio-Sensu, F|\n|poke|p2|Marowak-Alola, F|\n|poke|p2|Tsareena, F|\n|poke|p2|Mr. Rime, M|\n|poke|p2|Great Tusk|\n|poke|p2|Toxtricity, F|\n|teampreview\n|c|\u2606heinousactszx|i got the replay\n|\n|t:|1700940289\n|start\n|switch|p1a: Edelgard|Kleavor, F|100\/100\n|switch|p2a: Burn it Down|Marowak-Alola, F, shiny|100\/100\n|turn|1\n|\n|t:|1700940317\n|switch|p2a: Elefant Elefant|Great Tusk|100\/100\n|move|p1a: Edelgard|Stone Axe|p2a: Elefant Elefant\n|-resisted|p2a: Elefant Elefant\n|-damage|p2a: Elefant Elefant|95\/100\n|-sidestart|p2: Annie Key|move: Stealth Rock\n|\n|-heal|p2a: Elefant Elefant|100\/100|[from] item: Leftovers\n|upkeep\n|turn|2\n|\n|t:|1700940334\n|switch|p1a: Carlton|Hitmontop, M|100\/100\n|move|p2a: Elefant Elefant|Body Press|p1a: Carlton\n|-damage|p1a: Carlton|44\/100\n|\n|upkeep\n|turn|3\n|\n|t:|1700940348\n|move|p2a: Elefant Elefant|Ice Spinner|p1a: Carlton\n|-damage|p1a: Carlton|19\/100\n|move|p1a: Carlton|Close Combat|p2a: Elefant Elefant\n|-damage|p2a: Elefant Elefant|73\/100\n|-unboost|p1a: Carlton|def|1\n|-unboost|p1a: Carlton|spd|1\n|\n|-heal|p2a: Elefant Elefant|79\/100|[from] item: Leftovers\n|upkeep\n|turn|4\n|\n|t:|1700940362\n|move|p1a: Carlton|Mach Punch|p2a: Elefant Elefant\n|-damage|p2a: Elefant Elefant|66\/100\n|move|p2a: Elefant Elefant|Body Press|p1a: Carlton\n|-damage|p1a: Carlton|0 fnt\n|faint|p1a: Carlton\n|\n|-heal|p2a: Elefant Elefant|73\/100|[from] item: Leftovers\n|upkeep\n|\n|t:|1700940374\n|switch|p1a: Turtle Power|Torkoal, M|100\/100\n|-weather|SunnyDay|[from] ability: Drought|[of] p1a: Turtle Power\n|-activate|p2a: Elefant Elefant|ability: Protosynthesis\n|-start|p2a: Elefant Elefant|protosynthesisdef\n|turn|5\n|\n|t:|1700940384\n|-terastallize|p1a: Turtle Power|Flying\n|move|p2a: Elefant Elefant|Earthquake|p1a: Turtle Power\n|-immune|p1a: Turtle Power\n|move|p1a: Turtle Power|Will-O-Wisp|p2a: Elefant Elefant\n|-status|p2a: Elefant Elefant|brn\n|\n|-weather|SunnyDay|[upkeep]\n|-heal|p2a: Elefant Elefant|79\/100 brn|[from] item: Leftovers\n|-damage|p2a: Elefant Elefant|73\/100 brn|[from] brn\n|upkeep\n|turn|6\n|\n|t:|1700940412\n|move|p2a: Elefant Elefant|Ice Spinner|p1a: Turtle Power\n|-supereffective|p1a: Turtle Power\n|-damage|p1a: Turtle Power|84\/100\n|move|p1a: Turtle Power|Lava Plume|p2a: Elefant Elefant\n|-damage|p2a: Elefant Elefant|25\/100 brn\n|\n|-weather|SunnyDay|[upkeep]\n|-heal|p2a: Elefant Elefant|32\/100 brn|[from] item: Leftovers\n|-damage|p2a: Elefant Elefant|25\/100 brn|[from] brn\n|upkeep\n|turn|7\n|\n|t:|1700940428\n|-end|p2a: Elefant Elefant|Protosynthesis|[silent]\n|switch|p2a: Burn it Down|Marowak-Alola, F, shiny|100\/100\n|-damage|p2a: Burn it Down|76\/100|[from] Stealth Rock\n|move|p1a: Turtle Power|Lava Plume|p2a: Burn it Down\n|-resisted|p2a: Burn it Down\n|-damage|p2a: Burn it Down|53\/100\n|\n|-weather|SunnyDay|[upkeep]\n|upkeep\n|turn|8\n|\n|t:|1700940455\n|switch|p1a: Treebeard|Shiftry, M|100\/100\n|move|p2a: Burn it Down|Flare Blitz|p1a: Treebeard\n|-supereffective|p1a: Treebeard\n|-damage|p1a: Treebeard|0 fnt\n|faint|p1a: Treebeard\n|\n|-weather|SunnyDay|[upkeep]\n|upkeep\n|\n|t:|1700940464\n|switch|p1a: Edelgard|Kleavor, F|100\/100\n|turn|9\n|\n|t:|1700940473\n|move|p1a: Edelgard|Stone Axe|p2a: Burn it Down\n|-supereffective|p2a: Burn it Down\n|-damage|p2a: Burn it Down|0 fnt\n|faint|p2a: Burn it Down\n|\n|-weather|SunnyDay|[upkeep]\n|upkeep\n|\n|t:|1700940492\n|switch|p2a: Splatter|Tsareena, F, shiny|100\/100\n|-damage|p2a: Splatter|88\/100|[from] Stealth Rock\n|turn|10\n|\n|t:|1700940505\n|move|p1a: Edelgard|Stone Axe|p2a: Splatter\n|-damage|p2a: Splatter|40\/100\n|move|p2a: Splatter|Teeter Dance|p1a: Edelgard\n|-start|p1a: Edelgard|confusion\n|\n|-weather|SunnyDay|[upkeep]\n|upkeep\n|turn|11\n|\n|t:|1700940521\n|-activate|p1a: Edelgard|confusion\n|move|p1a: Edelgard|Stone Axe|p2a: Splatter\n|-damage|p2a: Splatter|0 fnt\n|faint|p2a: Splatter\n|\n|-weather|SunnyDay|[upkeep]\n|upkeep\n|\n|t:|1700940546\n|switch|p2a: Something Wicked|Mr. Rime, M|100\/100\n|turn|12\n|\n|t:|1700940549\n|-activate|p1a: Edelgard|confusion\n|move|p1a: Edelgard|Stone Axe|p2a: Something Wicked\n|-supereffective|p2a: Something Wicked\n|-crit|p2a: Something Wicked\n|-damage|p2a: Something Wicked|0 fnt\n|faint|p2a: Something Wicked\n|\n|-weather|none\n|upkeep\n|\n|t:|1700940594\n|switch|p2a: Overdrive|Toxtricity, F|100\/100\n|-damage|p2a: Overdrive|88\/100|[from] Stealth Rock\n|-item|p2a: Overdrive|Air Balloon\n|turn|13\n|\n|t:|1700940599\n|switch|p1a: Turtle Power|Torkoal, M, tera:Flying|84\/100\n|-weather|SunnyDay|[from] ability: Drought|[of] p1a: Turtle Power\n|move|p2a: Overdrive|Overdrive|p1a: Turtle Power\n|-supereffective|p1a: Turtle Power\n|-damage|p1a: Turtle Power|0 fnt\n|faint|p1a: Turtle Power\n|\n|-weather|SunnyDay|[upkeep]\n|upkeep\n|\n|t:|1700940620\n|switch|p1a: Nack|Garganacl, F|100\/100\n|turn|14\n|\n|t:|1700940627\n|move|p2a: Overdrive|Overdrive|p1a: Nack\n|-damage|p1a: Nack|64\/100\n|move|p1a: Nack|Salt Cure|p2a: Overdrive\n|-damage|p2a: Overdrive|66\/100\n|-start|p2a: Overdrive|Salt Cure\n|-enditem|p2a: Overdrive|Air Balloon\n|\n|-weather|SunnyDay|[upkeep]\n|-heal|p1a: Nack|70\/100|[from] item: Leftovers\n|-damage|p2a: Overdrive|54\/100|[from] Salt Cure\n|upkeep\n|turn|15\n|\n|t:|1700940643\n|move|p2a: Overdrive|Overdrive|p1a: Nack\n|-damage|p1a: Nack|38\/100\n|move|p1a: Nack|Recover|p1a: Nack\n|-heal|p1a: Nack|88\/100\n|\n|-weather|SunnyDay|[upkeep]\n|-heal|p1a: Nack|94\/100|[from] item: Leftovers\n|-damage|p2a: Overdrive|41\/100|[from] Salt Cure\n|upkeep\n|turn|16\n|\n|t:|1700940671\n|switch|p2a: Elefant Elefant|Great Tusk|25\/100 brn\n|-damage|p2a: Elefant Elefant|22\/100 brn|[from] Stealth Rock\n|-activate|p2a: Elefant Elefant|ability: Protosynthesis\n|-start|p2a: Elefant Elefant|protosynthesisdef\n|move|p1a: Nack|Salt Cure|p2a: Elefant Elefant\n|-resisted|p2a: Elefant Elefant\n|-damage|p2a: Elefant Elefant|21\/100 brn\n|-start|p2a: Elefant Elefant|Salt Cure\n|\n|-weather|SunnyDay|[upkeep]\n|-heal|p2a: Elefant Elefant|27\/100 brn|[from] item: Leftovers\n|-heal|p1a: Nack|99\/100|[from] item: Leftovers\n|-damage|p2a: Elefant Elefant|21\/100 brn|[from] brn\n|-damage|p2a: Elefant Elefant|9\/100 brn|[from] Salt Cure\n|upkeep\n|turn|17\n|\n|t:|1700940687\n|switch|p1a: Vile|Volcanion|100\/100\n|move|p2a: Elefant Elefant|Body Press|p1a: Vile\n|-damage|p1a: Vile|83\/100\n|\n|-weather|SunnyDay|[upkeep]\n|-heal|p2a: Elefant Elefant|15\/100 brn|[from] item: Leftovers\n|-damage|p2a: Elefant Elefant|9\/100 brn|[from] brn\n|-damage|p2a: Elefant Elefant|0 fnt|[from] Salt Cure\n|faint|p2a: Elefant Elefant\n|-end|p2a: Elefant Elefant|Protosynthesis|[silent]\n|upkeep\n|\n|t:|1700940698\n|switch|p2a: Overdrive|Toxtricity, F|41\/100\n|-damage|p2a: Overdrive|29\/100|[from] Stealth Rock\n|turn|18\n|\n|t:|1700940703\n|move|p2a: Overdrive|Overdrive|p1a: Vile\n|-supereffective|p1a: Vile\n|-damage|p1a: Vile|0 fnt\n|faint|p1a: Vile\n|\n|-weather|SunnyDay|[upkeep]\n|upkeep\n|\n|t:|1700940709\n|switch|p1a: Edelgard|Kleavor, F|100\/100\n|turn|19\n|\n|t:|1700940717\n|move|p1a: Edelgard|Stone Axe|p2a: Overdrive\n|-damage|p2a: Overdrive|0 fnt\n|faint|p2a: Overdrive\n|\n|-weather|SunnyDay|[upkeep]\n|upkeep\n|\n|t:|1700940722\n|switch|p2a: Crow's Feet|Oricorio-Sensu, F|100\/100\n|-damage|p2a: Crow's Feet|76\/100|[from] Stealth Rock\n|turn|20\n|\n|t:|1700940733\n|-terastallize|p2a: Crow's Feet|Flying\n|move|p1a: Edelgard|Stone Axe|p2a: Crow's Feet\n|-supereffective|p2a: Crow's Feet\n|-damage|p2a: Crow's Feet|0 fnt\n|faint|p2a: Crow's Feet\n|\n|win|heinousactszx\n","uploadtime":1700940746,"views":23,"p1id":"heinousactszx","p2id":"anniekey","formatid":"gen9nationaldex","rating":0,"private":0,"password":""}