{"id":"gen9nationaldex-1996971731","p1":"aryan3003","p2":"Jayruws","format":"[Gen 9] National Dex","log":"|html|<div class=\"broadcast-blue\"><strong>[Gen 9] National Dex is currently suspecting Sneasler! For information on how to participate check out the <a href=\"https:\/\/www.smogon.com\/forums\/threads\/sv-national-dex-suspect-8-just-dance.3731534\/\">suspect thread<\/a>.<\/strong><\/div>\n|j|\u2606aryan3003\n|j|\u2606Jayruws\n|t:|1700751157\n|gametype|singles\n|player|p1|aryan3003|169|\n|player|p2|Jayruws|elesa|\n|teamsize|p1|6\n|teamsize|p2|6\n|gen|9\n|tier|[Gen 9] National Dex\n|rule|HP Percentage Mod: HP is shown in percentages\n|rule|Endless Battle Clause: Forcing endless battles is banned\n|rule|OHKO Clause: OHKO moves are banned\n|rule|Evasion Clause: Evasion abilities, items, and moves are banned\n|rule|Evasion Abilities Clause: Evasion abilities are banned\n|rule|Evasion Items Clause: Evasion items are banned\n|rule|Evasion Moves Clause: Evasion moves are banned\n|rule|Species Clause: Limit one of each Pok\u00e9mon\n|rule|Sleep Clause Mod: Limit one foe put to sleep\n|clearpoke\n|poke|p1|Scizor, M|\n|poke|p1|Iron Valiant|\n|poke|p1|Landorus-Therian, M|\n|poke|p1|Volcarona, M|\n|poke|p1|Dondozo, M|\n|poke|p1|Chansey, F|\n|poke|p2|Slaking, M|\n|poke|p2|Ribombee, F|\n|poke|p2|Garchomp, M|\n|poke|p2|Charizard, F|\n|poke|p2|Ferrothorn, F|\n|poke|p2|Tapu Fini|\n|teampreview\n|\n|t:|1700751178\n|start\n|switch|p1a: Scizor|Scizor, M|100\/100\n|switch|p2a: Ribombee|Ribombee, F|100\/100\n|turn|1\n|\n|t:|1700751181\n|move|p2a: Ribombee|Sticky Web|p1a: Scizor\n|-sidestart|p1: aryan3003|move: Sticky Web\n|move|p1a: Scizor|Swords Dance|p1a: Scizor\n|-boost|p1a: Scizor|atk|2\n|\n|upkeep\n|turn|2\n|\n|t:|1700751204\n|move|p2a: Ribombee|Stun Spore|p1a: Scizor|[miss]\n|-miss|p2a: Ribombee|p1a: Scizor\n|move|p1a: Scizor|Swords Dance|p1a: Scizor\n|-boost|p1a: Scizor|atk|2\n|\n|upkeep\n|turn|3\n|\n|t:|1700751210\n|move|p2a: Ribombee|Stun Spore|p1a: Scizor|[miss]\n|-miss|p2a: Ribombee|p1a: Scizor\n|move|p1a: Scizor|Swords Dance|p1a: Scizor\n|-boost|p1a: Scizor|atk|2\n|\n|upkeep\n|turn|4\n|\n|t:|1700751239\n|detailschange|p1a: Scizor|Scizor-Mega, M\n|-mega|p1a: Scizor|Scizor|Scizorite\n|move|p1a: Scizor|Bullet Punch|p2a: Ribombee\n|-supereffective|p2a: Ribombee\n|-enditem|p2a: Ribombee|Focus Sash\n|-damage|p2a: Ribombee|1\/100\n|move|p2a: Ribombee|Stun Spore|p1a: Scizor\n|-status|p1a: Scizor|par\n|\n|upkeep\n|turn|5\n|\n|t:|1700751247\n|cant|p1a: Scizor|par\n|move|p2a: Ribombee|Dazzling Gleam|p1a: Scizor\n|-resisted|p1a: Scizor\n|-damage|p1a: Scizor|83\/100 par\n|\n|upkeep\n|turn|6\n|\n|t:|1700751249\n|move|p1a: Scizor|Bullet Punch|p2a: Ribombee\n|-supereffective|p2a: Ribombee\n|-damage|p2a: Ribombee|0 fnt\n|faint|p2a: Ribombee\n|\n|upkeep\n|\n|t:|1700751252\n|switch|p2a: Charizard|Charizard, F|100\/100\n|turn|7\n|\n|t:|1700751256\n|detailschange|p2a: Charizard|Charizard-Mega-Y, F\n|-mega|p2a: Charizard|Charizard|Charizardite Y\n|-weather|SunnyDay|[from] ability: Drought|[of] p2a: Charizard\n|cant|p1a: Scizor|par\n|move|p2a: Charizard|Blaze Kick|p1a: Scizor\n|-supereffective|p1a: Scizor\n|-damage|p1a: Scizor|0 fnt\n|faint|p1a: Scizor\n|\n|-weather|SunnyDay|[upkeep]\n|upkeep\n|c|\u2606aryan3003|i hate para tbh\n|\n|t:|1700751271\n|switch|p1a: Chansey|Chansey, F|100\/100\n|-activate|p1a: Chansey|move: Sticky Web\n|-unboost|p1a: Chansey|spe|1\n|turn|8\n|c|\u2606Jayruws|i mean\n|c|\u2606Jayruws|did it matter\n|c|\u2606Jayruws|cuz\n|c|\u2606aryan3003|ye\n|c|\u2606Jayruws|i dont think bullet punch killed fr\n|c|\u2606aryan3003|were you def invs?\n|c|\u2606Jayruws|nah\n|c|\u2606Jayruws|I did have tera fire garchomp tho\n|c|\u2606aryan3003|then 93.8 to 1hko\n|c|\u2606Jayruws|incase you somehow killed\n|\n|t:|1700751312\n|move|p2a: Charizard|Dragon Dance|p2a: Charizard\n|-boost|p2a: Charizard|atk|1\n|-boost|p2a: Charizard|spe|1\n|move|p1a: Chansey|Toxic|p2a: Charizard\n|-status|p2a: Charizard|tox\n|\n|-weather|SunnyDay|[upkeep]\n|-damage|p2a: Charizard|94\/100 tox|[from] psn\n|upkeep\n|turn|9\n|\n|t:|1700751320\n|move|p2a: Charizard|Blaze Kick|p1a: Chansey\n|-crit|p1a: Chansey\n|-damage|p1a: Chansey|15\/100\n|move|p1a: Chansey|Seismic Toss|p2a: Charizard\n|-damage|p2a: Charizard|61\/100 tox\n|\n|-weather|SunnyDay|[upkeep]\n|-damage|p2a: Charizard|49\/100 tox|[from] psn\n|upkeep\n|turn|10\n|\n|t:|1700751328\n|move|p1a: Chansey|Protect|p1a: Chansey\n|-singleturn|p1a: Chansey|Protect\n|move|p2a: Charizard|Thunder Punch|p1a: Chansey\n|-activate|p1a: Chansey|move: Protect\n|\n|-weather|SunnyDay|[upkeep]\n|-damage|p2a: Charizard|30\/100 tox|[from] psn\n|upkeep\n|turn|11\n|\n|t:|1700751337\n|switch|p1a: Landorus|Landorus-Therian, M|100\/100\n|-ability|p1a: Landorus|Intimidate|boost\n|-unboost|p2a: Charizard|atk|1\n|move|p2a: Charizard|Blaze Kick|p1a: Landorus\n|-damage|p1a: Landorus|36\/100\n|-damage|p2a: Charizard|14\/100 tox|[from] item: Rocky Helmet|[of] p1a: Landorus\n|\n|-weather|none\n|-damage|p2a: Charizard|0 fnt|[from] psn\n|faint|p2a: Charizard\n|upkeep\n|\n|t:|1700751343\n|switch|p2a: Garchomp|Garchomp, M|100\/100\n|turn|12\n|\n|t:|1700751352\n|move|p2a: Garchomp|Scale Shot|p1a: Landorus\n|-damage|p1a: Landorus|22\/100\n|-damage|p1a: Landorus|8\/100\n|-damage|p1a: Landorus|0 fnt\n|faint|p1a: Landorus\n|-hitcount|p1: Landorus|3\n|-unboost|p2a: Garchomp|def|1\n|-boost|p2a: Garchomp|spe|1\n|\n|upkeep\n|\n|t:|1700751354\n|switch|p1a: Dondozo|Dondozo, M|100\/100\n|-activate|p1a: Dondozo|move: Sticky Web\n|-unboost|p1a: Dondozo|spe|1\n|turn|13\n|\n|t:|1700751357\n|move|p2a: Garchomp|Swords Dance|p2a: Garchomp\n|-boost|p2a: Garchomp|atk|2\n|move|p1a: Dondozo|Curse|p1a: Dondozo\n|-unboost|p1a: Dondozo|spe|1\n|-boost|p1a: Dondozo|atk|1\n|-boost|p1a: Dondozo|def|1\n|\n|upkeep\n|turn|14\n|\n|t:|1700751362\n|switch|p2a: Ferrothorn|Ferrothorn, F|100\/100\n|move|p1a: Dondozo|Curse|p1a: Dondozo\n|-unboost|p1a: Dondozo|spe|1\n|-boost|p1a: Dondozo|atk|1\n|-boost|p1a: Dondozo|def|1\n|\n|upkeep\n|turn|15\n|\n|t:|1700751370\n|move|p2a: Ferrothorn|Leech Seed|p1a: Dondozo\n|-start|p1a: Dondozo|move: Leech Seed\n|move|p1a: Dondozo|Curse|p1a: Dondozo\n|-unboost|p1a: Dondozo|spe|1\n|-boost|p1a: Dondozo|atk|1\n|-boost|p1a: Dondozo|def|1\n|\n|-damage|p1a: Dondozo|88\/100|[from] Leech Seed|[of] p2a: Ferrothorn\n|upkeep\n|turn|16\n|\n|t:|1700751374\n|move|p2a: Ferrothorn|Knock Off|p1a: Dondozo\n|-damage|p1a: Dondozo|84\/100\n|-enditem|p1a: Dondozo|Covert Cloak|[from] move: Knock Off|[of] p2a: Ferrothorn\n|move|p1a: Dondozo|Curse|p1a: Dondozo\n|-unboost|p1a: Dondozo|spe|1\n|-boost|p1a: Dondozo|atk|1\n|-boost|p1a: Dondozo|def|1\n|\n|-damage|p1a: Dondozo|71\/100|[from] Leech Seed|[of] p2a: Ferrothorn\n|upkeep\n|turn|17\n|\n|t:|1700751385\n|move|p2a: Ferrothorn|Stealth Rock|p1a: Dondozo\n|-sidestart|p1: aryan3003|move: Stealth Rock\n|move|p1a: Dondozo|Curse|p1a: Dondozo\n|-unboost|p1a: Dondozo|spe|1\n|-boost|p1a: Dondozo|atk|1\n|-boost|p1a: Dondozo|def|1\n|\n|-damage|p1a: Dondozo|59\/100|[from] Leech Seed|[of] p2a: Ferrothorn\n|upkeep\n|turn|18\n|\n|t:|1700751389\n|move|p2a: Ferrothorn|Toxic|p1a: Dondozo\n|-status|p1a: Dondozo|tox\n|move|p1a: Dondozo|Curse|p1a: Dondozo\n|-boost|p1a: Dondozo|atk|1\n|-boost|p1a: Dondozo|def|1\n|\n|-damage|p1a: Dondozo|46\/100 tox|[from] Leech Seed|[of] p2a: Ferrothorn\n|-damage|p1a: Dondozo|40\/100 tox|[from] psn\n|upkeep\n|turn|19\n|\n|t:|1700751395\n|move|p2a: Ferrothorn|Knock Off|p1a: Dondozo\n|-damage|p1a: Dondozo|38\/100 tox\n|move|p1a: Dondozo|Rest|p1a: Dondozo\n|-status|p1a: Dondozo|slp|[from] move: Rest\n|-heal|p1a: Dondozo|100\/100 slp|[silent]\n|\n|-damage|p1a: Dondozo|88\/100 slp|[from] Leech Seed|[of] p2a: Ferrothorn\n|upkeep\n|turn|20\n|\n|t:|1700751401\n|switch|p2a: Tapu Fini|Tapu Fini|100\/100\n|-fieldstart|move: Misty Terrain|[from] ability: Misty Surge|[of] p2a: Tapu Fini\n|cant|p1a: Dondozo|slp\n|move|p1a: Dondozo|Sleep Talk|p1a: Dondozo\n|move|p1a: Dondozo|Curse|p1a: Dondozo|[from]move: Sleep Talk\n|\n|-damage|p1a: Dondozo|75\/100 slp|[from] Leech Seed|[of] p2a: Tapu Fini\n|upkeep\n|turn|21\n|\n|t:|1700751412\n|move|p2a: Tapu Fini|Calm Mind|p2a: Tapu Fini\n|-boost|p2a: Tapu Fini|spa|1\n|-boost|p2a: Tapu Fini|spd|1\n|cant|p1a: Dondozo|slp\n|move|p1a: Dondozo|Sleep Talk|p1a: Dondozo\n|move|p1a: Dondozo|Rest||[from]move: Sleep Talk|[still]\n|-fail|p1a: Dondozo\n|\n|-damage|p1a: Dondozo|63\/100 slp|[from] Leech Seed|[of] p2a: Tapu Fini\n|upkeep\n|turn|22\n|\n|t:|1700751419\n|move|p2a: Tapu Fini|Iron Defense|p2a: Tapu Fini\n|-boost|p2a: Tapu Fini|def|2\n|-curestatus|p1a: Dondozo|slp|[msg]\n|move|p1a: Dondozo|Wave Crash|p2a: Tapu Fini\n|-resisted|p2a: Tapu Fini\n|-damage|p2a: Tapu Fini|29\/100\n|-damage|p1a: Dondozo|48\/100|[from] Recoil\n|\n|-heal|p2a: Tapu Fini|36\/100|[from] item: Leftovers\n|-damage|p1a: Dondozo|35\/100|[from] Leech Seed|[of] p2a: Tapu Fini\n|-heal|p2a: Tapu Fini|55\/100|[silent]\n|upkeep\n|turn|23\n|\n|t:|1700751430\n|move|p2a: Tapu Fini|Draining Kiss|p1a: Dondozo\n|-damage|p1a: Dondozo|20\/100\n|-heal|p2a: Tapu Fini|73\/100|[from] drain|[of] p1a: Dondozo\n|move|p1a: Dondozo|Wave Crash|p2a: Tapu Fini\n|-resisted|p2a: Tapu Fini\n|-crit|p2a: Tapu Fini\n|-damage|p2a: Tapu Fini|0 fnt\n|faint|p2a: Tapu Fini\n|-damage|p1a: Dondozo|4\/100|[from] Recoil\n|\n|upkeep\n|\n|t:|1700751441\n|switch|p2a: Garchomp|Garchomp, M|100\/100\n|turn|24\n|\n|t:|1700751444\n|move|p2a: Garchomp|Scale Shot|p1a: Dondozo\n|-damage|p1a: Dondozo|3\/100\n|-damage|p1a: Dondozo|2\/100\n|-damage|p1a: Dondozo|2\/100\n|-damage|p1a: Dondozo|1\/100\n|-hitcount|p1a: Dondozo|4\n|-unboost|p2a: Garchomp|def|1\n|-boost|p2a: Garchomp|spe|1\n|move|p1a: Dondozo|Wave Crash|p2a: Garchomp\n|-damage|p2a: Garchomp|0 fnt\n|-damage|p1a: Dondozo|0 fnt|[from] ability: Rough Skin|[of] p2a: Garchomp\n|faint|p2a: Garchomp\n|faint|p1a: Dondozo\n|\n|-fieldend|Misty Terrain\n|upkeep\n|c|\u2606aryan3003|nahhhhh\n|c|\u2606aryan3003|what\n|c|\u2606Jayruws|thats wild\n|c|\u2606aryan3003|the doz\n|c|\u2606aryan3003|les goo\n|\n|t:|1700751468\n|switch|p2a: Slaking|Slaking, M|100\/100\n|switch|p1a: Iron Valiant|Iron Valiant|100\/100\n|-activate|p1a: Iron Valiant|move: Sticky Web\n|-unboost|p1a: Iron Valiant|spe|1\n|-damage|p1a: Iron Valiant|94\/100|[from] Stealth Rock\n|-enditem|p1a: Iron Valiant|Booster Energy\n|-activate|p1a: Iron Valiant|ability: Quark Drive|[fromitem]\n|-start|p1a: Iron Valiant|quarkdrivespa\n|turn|25\n|\n|t:|1700751476\n|move|p2a: Slaking|Double-Edge|p1a: Iron Valiant\n|-damage|p1a: Iron Valiant|0 fnt\n|faint|p1a: Iron Valiant\n|-end|p1a: Iron Valiant|Quark Drive|[silent]\n|-damage|p2a: Slaking|80\/100|[from] Recoil\n|\n|upkeep\n|\n|t:|1700751482\n|switch|p1a: Volcarona|Volcarona, M|100\/100\n|turn|26\n|\n|t:|1700751487\n|cant|p2a: Slaking|ability: Truant\n|move|p1a: Volcarona|Quiver Dance|p1a: Volcarona\n|-boost|p1a: Volcarona|spa|1\n|-boost|p1a: Volcarona|spd|1\n|-boost|p1a: Volcarona|spe|1\n|\n|upkeep\n|turn|27\n|\n|t:|1700751496\n|move|p1a: Volcarona|Flamethrower|p2a: Slaking\n|-damage|p2a: Slaking|9\/100\n|move|p2a: Slaking|Double-Edge|p1a: Volcarona\n|-damage|p1a: Volcarona|0 fnt\n|faint|p1a: Volcarona\n|-damage|p2a: Slaking|0 fnt|[from] Recoil\n|faint|p2a: Slaking\n|\n|upkeep\n|\n|t:|1700751500\n|switch|p2a: Ferrothorn|Ferrothorn, F|100\/100\n|switch|p1a: Chansey|Chansey, F|15\/100\n|-activate|p1a: Chansey|move: Sticky Web\n|-unboost|p1a: Chansey|spe|1\n|-damage|p1a: Chansey|3\/100|[from] Stealth Rock\n|turn|28\n|c|\u2606Jayruws|Ggs\n|\n|t:|1700751508\n|move|p1a: Chansey|Soft-Boiled|p1a: Chansey\n|-heal|p1a: Chansey|53\/100\n|move|p2a: Ferrothorn|Knock Off|p1a: Chansey\n|-crit|p1a: Chansey\n|-damage|p1a: Chansey|33\/100\n|-enditem|p1a: Chansey|Eviolite|[from] move: Knock Off|[of] p2a: Ferrothorn\n|\n|upkeep\n|turn|29\n|\n|t:|1700751512\n|move|p1a: Chansey|Soft-Boiled|p1a: Chansey\n|-heal|p1a: Chansey|83\/100\n|move|p2a: Ferrothorn|Leech Seed|p1a: Chansey\n|-start|p1a: Chansey|move: Leech Seed\n|\n|-damage|p1a: Chansey|71\/100|[from] Leech Seed|[of] p2a: Ferrothorn\n|upkeep\n|turn|30\n|\n|t:|1700751515\n|move|p1a: Chansey|Seismic Toss|p2a: Ferrothorn\n|-damage|p2a: Ferrothorn|72\/100\n|-damage|p1a: Chansey|58\/100|[from] ability: Iron Barbs|[of] p2a: Ferrothorn\n|-damage|p1a: Chansey|42\/100|[from] item: Rocky Helmet|[of] p2a: Ferrothorn\n|move|p2a: Ferrothorn|Toxic|p1a: Chansey\n|-status|p1a: Chansey|tox\n|\n|-damage|p1a: Chansey|29\/100 tox|[from] Leech Seed|[of] p2a: Ferrothorn\n|-heal|p2a: Ferrothorn|97\/100|[silent]\n|-damage|p1a: Chansey|23\/100 tox|[from] psn\n|upkeep\n|turn|31\n|c|\u2606aryan3003|ggs\n|\n|t:|1700751524\n|move|p1a: Chansey|Seismic Toss|p2a: Ferrothorn\n|-damage|p2a: Ferrothorn|68\/100\n|-damage|p1a: Chansey|11\/100 tox|[from] ability: Iron Barbs|[of] p2a: Ferrothorn\n|-damage|p1a: Chansey|0 fnt|[from] item: Rocky Helmet|[of] p2a: Ferrothorn\n|faint|p1a: Chansey\n|\n|win|Jayruws\n|c|\u2606Jayruws|Gg\n","uploadtime":1700751536,"views":7,"p1id":"aryan3003","p2id":"jayruws","formatid":"gen9nationaldex","rating":0,"private":0,"password":""}