{"id":"gen9nationaldex-1992173015","p1":"elvisma","p2":"Samurott500","format":"[Gen 9] National Dex","log":"|j|\u2606elvisma\n|j|\u2606Samurott500\n|t:|1700161057\n|gametype|singles\n|player|p1|elvisma|red-masters|1741\n|player|p2|Samurott500|grimsley-gen7|1824\n|teamsize|p1|6\n|teamsize|p2|6\n|gen|9\n|tier|[Gen 9] National Dex\n|rated|\n|rule|HP Percentage Mod: HP is shown in percentages\n|rule|Endless Battle Clause: Forcing endless battles is banned\n|rule|OHKO Clause: OHKO moves are banned\n|rule|Evasion Clause: Evasion abilities, items, and moves are banned\n|rule|Evasion Abilities Clause: Evasion abilities are banned\n|rule|Evasion Items Clause: Evasion items are banned\n|rule|Evasion Moves Clause: Evasion moves are banned\n|rule|Species Clause: Limit one of each Pok\u00e9mon\n|rule|Sleep Clause Mod: Limit one foe put to sleep\n|clearpoke\n|poke|p1|Azelf|\n|poke|p1|Charizard, F|\n|poke|p1|Ribombee, F|\n|poke|p1|Great Tusk|\n|poke|p1|Ogerpon-Wellspring, F|\n|poke|p1|Victini|\n|poke|p2|Serperior, M|\n|poke|p2|Blaziken, M|\n|poke|p2|Hatterene, F|\n|poke|p2|Swampert, F|\n|poke|p2|Hydreigon, M|\n|poke|p2|Aegislash, M|\n|teampreview\n|\n|t:|1700161071\n|start\n|switch|p1a: ampheros|Charizard, F|100\/100\n|switch|p2a: Hatterene|Hatterene, F|100\/100\n|turn|1\n|\n|t:|1700161076\n|move|p1a: ampheros|Dragon Dance|p1a: ampheros\n|-boost|p1a: ampheros|atk|1\n|-boost|p1a: ampheros|spe|1\n|move|p2a: Hatterene|Psyshock|p1a: ampheros\n|-damage|p1a: ampheros|31\/100\n|\n|upkeep\n|turn|2\n|\n|t:|1700161085\n|switch|p2a: Hydreigon|Hydreigon, M|100\/100\n|detailschange|p1a: ampheros|Charizard-Mega-X, F\n|-mega|p1a: ampheros|Charizard|Charizardite X\n|move|p1a: ampheros|Fire Punch|p2a: Hydreigon\n|-resisted|p2a: Hydreigon\n|-damage|p2a: Hydreigon|57\/100\n|-status|p2a: Hydreigon|brn\n|\n|-damage|p2a: Hydreigon|51\/100 brn|[from] brn\n|upkeep\n|turn|3\n|\n|t:|1700161092\n|switch|p2a: Aegislash|Aegislash, M|100\/100\n|move|p1a: ampheros|Dragon Dance|p1a: ampheros\n|-boost|p1a: ampheros|atk|1\n|-boost|p1a: ampheros|spe|1\n|\n|upkeep\n|turn|4\n|\n|t:|1700161099\n|-formechange|p2a: Aegislash|Aegislash-Blade||[from] ability: Stance Change\n|move|p2a: Aegislash|Shadow Sneak|p1a: ampheros\n|-damage|p1a: ampheros|4\/100\n|move|p1a: ampheros|Earthquake|p2a: Aegislash\n|-supereffective|p2a: Aegislash\n|-damage|p2a: Aegislash|0 fnt\n|faint|p2a: Aegislash\n|\n|upkeep\n|\n|t:|1700161102\n|switch|p2a: Swampert|Swampert, F|100\/100\n|turn|5\n|\n|t:|1700161106\n|detailschange|p2a: Swampert|Swampert-Mega, F\n|-mega|p2a: Swampert|Swampert|Swampertite\n|move|p1a: ampheros|Dragon Claw|p2a: Swampert\n|-damage|p2a: Swampert|14\/100\n|move|p2a: Swampert|Flip Turn|p1a: ampheros\n|-damage|p1a: ampheros|0 fnt\n|faint|p1a: ampheros\n|\n|t:|1700161113\n|switch|p2a: Serperior|Serperior, M|100\/100|[from] Flip Turn\n|\n|upkeep\n|\n|t:|1700161116\n|switch|p1a: V create spam|Victini|100\/100\n|turn|6\n|\n|t:|1700161121\n|move|p2a: Serperior|Glare|p1a: V create spam\n|-status|p1a: V create spam|par\n|-zpower|p1a: V create spam\n|move|p1a: V create spam|Z-Celebrate|p1a: V create spam|[anim]Celebrate\n|-boost|p1a: V create spam|atk|1|[zeffect]\n|-boost|p1a: V create spam|def|1|[zeffect]\n|-boost|p1a: V create spam|spa|1|[zeffect]\n|-boost|p1a: V create spam|spd|1|[zeffect]\n|-boost|p1a: V create spam|spe|1|[zeffect]\n|-activate|p1a: V create spam|move: Celebrate\n|\n|upkeep\n|turn|7\n|\n|t:|1700161125\n|switch|p2a: Swampert|Swampert-Mega, F|14\/100\n|cant|p1a: V create spam|par\n|\n|upkeep\n|turn|8\n|c|\u2606elvisma|BRO\n|\n|t:|1700161129\n|move|p1a: V create spam|Stored Power|p2a: Swampert\n|-damage|p2a: Swampert|0 fnt\n|faint|p2a: Swampert\n|\n|upkeep\n|\n|t:|1700161131\n|switch|p2a: Hydreigon|Hydreigon, M|51\/100 brn\n|turn|9\n|\n|t:|1700161134\n|move|p2a: Hydreigon|Dark Pulse|p1a: V create spam\n|-supereffective|p1a: V create spam\n|-damage|p1a: V create spam|25\/100 par\n|-damage|p2a: Hydreigon|41\/100 brn|[from] item: Life Orb\n|cant|p1a: V create spam|par\n|\n|-damage|p2a: Hydreigon|35\/100 brn|[from] brn\n|upkeep\n|turn|10\n|\n|t:|1700161137\n|move|p2a: Hydreigon|Dark Pulse|p1a: V create spam\n|-supereffective|p1a: V create spam\n|-damage|p1a: V create spam|0 fnt\n|faint|p1a: V create spam\n|-damage|p2a: Hydreigon|25\/100 brn|[from] item: Life Orb\n|\n|-damage|p2a: Hydreigon|19\/100 brn|[from] brn\n|upkeep\n|\n|t:|1700161142\n|switch|p1a: ZA BEE|Ribombee, F|100\/100\n|turn|11\n|\n|t:|1700161147\n|switch|p2a: Hatterene|Hatterene, F|100\/100\n|move|p1a: ZA BEE|Quiver Dance|p1a: ZA BEE\n|-boost|p1a: ZA BEE|spa|1\n|-boost|p1a: ZA BEE|spd|1\n|-boost|p1a: ZA BEE|spe|1\n|\n|upkeep\n|turn|12\n|\n|t:|1700161151\n|move|p1a: ZA BEE|Moonblast|p2a: Hatterene\n|-damage|p2a: Hatterene|34\/100\n|move|p2a: Hatterene|Mystical Fire|p1a: ZA BEE\n|-supereffective|p1a: ZA BEE\n|-damage|p1a: ZA BEE|26\/100\n|-heal|p2a: Hatterene|42\/100|[from] item: Shell Bell|[of] p1a: ZA BEE\n|\n|upkeep\n|turn|13\n|\n|t:|1700161154\n|move|p1a: ZA BEE|Moonblast|p2a: Hatterene\n|-damage|p2a: Hatterene|0 fnt\n|faint|p2a: Hatterene\n|\n|upkeep\n|\n|t:|1700161156\n|switch|p2a: Blaziken|Blaziken, M|100\/100\n|turn|14\n|\n|t:|1700161160\n|move|p1a: ZA BEE|Moonblast|p2a: Blaziken\n|-damage|p2a: Blaziken|0 fnt\n|faint|p2a: Blaziken\n|\n|upkeep\n|c|\u2606elvisma|za bee\n|\n|t:|1700161165\n|switch|p2a: Serperior|Serperior, M|100\/100\n|turn|15\n|\n|t:|1700161171\n|move|p1a: ZA BEE|Bug Buzz|p2a: Serperior\n|-supereffective|p2a: Serperior\n|-damage|p2a: Serperior|0 fnt\n|faint|p2a: Serperior\n|\n|upkeep\n|-message|Samurott500 forfeited.\n|\n|win|elvisma\n|raw|elvisma's rating: 1741 &rarr; <strong>1766<\/strong><br \/>(+25 for winning)\n|raw|Samurott500's rating: 1824 &rarr; <strong>1799<\/strong><br \/>(-25 for losing)\n|l|\u2606Samurott500\n|c|\u2606elvisma|gg\n","uploadtime":1700161178,"views":4,"p1id":"elvisma","p2id":"samurott500","formatid":"gen9nationaldex","rating":1766,"private":0,"password":""}