{"id":"gen9nationaldex-1987375179","p1":"xCookieBallx","p2":"WSoldat","format":"[Gen 9] National Dex","log":"|j|\u2606xCookieBallx\n|j|\u2606WSoldat\n|t:|1699583413\n|gametype|singles\n|player|p1|xCookieBallx|marnie-masters3|\n|player|p2|WSoldat|n|\n|teamsize|p1|6\n|teamsize|p2|6\n|gen|9\n|tier|[Gen 9] National Dex\n|rule|HP Percentage Mod: HP is shown in percentages\n|rule|Endless Battle Clause: Forcing endless battles is banned\n|rule|OHKO Clause: OHKO moves are banned\n|rule|Evasion Clause: Evasion abilities, items, and moves are banned\n|rule|Evasion Abilities Clause: Evasion abilities are banned\n|rule|Evasion Items Clause: Evasion items are banned\n|rule|Evasion Moves Clause: Evasion moves are banned\n|rule|Species Clause: Limit one of each Pok\u00e9mon\n|rule|Sleep Clause Mod: Limit one foe put to sleep\n|clearpoke\n|poke|p1|Frosmoth, F|\n|poke|p1|Mamoswine, M|\n|poke|p1|Eiscue, M|\n|poke|p1|Vanilluxe, M|\n|poke|p1|Arctozolt|\n|poke|p1|Cloyster, F|\n|poke|p2|Corviknight, M|\n|poke|p2|Clodsire, M|\n|poke|p2|Goodra-Hisui, M|\n|poke|p2|Kommo-o, M|\n|poke|p2|Zapdos-Galar|\n|poke|p2|Scizor, F|\n|teampreview\n|inactive|Battle timer is ON: inactive players will automatically lose when time's up. (requested by WSoldat)\n|j| Sylveon(404)\n|j| Dios Typhlosion\n|inactive|xCookieBallx has 270 seconds left.\n|inactive|WSoldat has 270 seconds left.\n|j| Danwine\n|c| Dios Typhlosion|Vamos Soldat\n|\n|t:|1699583463\n|start\n|switch|p1a: Oreo|Vanilluxe, M|100\/100\n|switch|p2a: Babo SA .Inc|Goodra-Hisui, M|100\/100\n|-weather|Snow|[from] ability: Snow Warning|[of] p1a: Oreo\n|turn|1\n|\n|t:|1699583477\n|move|p1a: Oreo|Aurora Veil|p1a: Oreo\n|-sidestart|p1: xCookieBallx|move: Aurora Veil\n|move|p2a: Babo SA .Inc|Knock Off|p1a: Oreo\n|-damage|p1a: Oreo|92\/100\n|-enditem|p1a: Oreo|Icy Rock|[from] move: Knock Off|[of] p2a: Babo SA .Inc\n|\n|-weather|Snow|[upkeep]\n|upkeep\n|turn|2\n|inactiveoff|Battle timer is now OFF.\n|\n|t:|1699583498\n|switch|p1a: Mebo|Arctozolt, shiny|100\/100\n|move|p2a: Babo SA .Inc|Flash Cannon|p1a: Mebo\n|-damage|p1a: Mebo|80\/100\n|\n|-weather|Snow|[upkeep]\n|upkeep\n|turn|3\n|\n|t:|1699583507\n|move|p1a: Mebo|Stomping Tantrum|p2a: Babo SA .Inc\n|-supereffective|p2a: Babo SA .Inc\n|-damage|p2a: Babo SA .Inc|49\/100\n|-damage|p1a: Mebo|70\/100|[from] item: Life Orb\n|move|p2a: Babo SA .Inc|Knock Off|p1a: Mebo\n|-damage|p1a: Mebo|61\/100\n|-enditem|p1a: Mebo|Life Orb|[from] move: Knock Off|[of] p2a: Babo SA .Inc\n|\n|-weather|Snow|[upkeep]\n|upkeep\n|turn|4\n|\n|t:|1699583520\n|move|p1a: Mebo|Bolt Beak|p2a: Babo SA .Inc\n|-resisted|p2a: Babo SA .Inc\n|-damage|p2a: Babo SA .Inc|15\/100\n|move|p2a: Babo SA .Inc|Flash Cannon|p1a: Mebo\n|-damage|p1a: Mebo|42\/100\n|\n|-weather|Snow|[upkeep]\n|upkeep\n|turn|5\n|\n|t:|1699583533\n|move|p1a: Mebo|Bolt Beak|p2a: Babo SA .Inc\n|-resisted|p2a: Babo SA .Inc\n|-damage|p2a: Babo SA .Inc|0 fnt\n|faint|p2a: Babo SA .Inc\n|\n|-weather|Snow|[upkeep]\n|-sideend|p1: xCookieBallx|move: Aurora Veil\n|upkeep\n|\n|t:|1699583549\n|switch|p2a: Koomodo|Kommo-o, M|100\/100\n|turn|6\n|\n|t:|1699583554\n|move|p1a: Mebo|Icicle Crash|p2a: Koomodo|[miss]\n|-miss|p1a: Mebo|p2a: Koomodo\n|-zpower|p2a: Koomodo\n|move|p2a: Koomodo|Clangorous Soulblaze|p1a: Mebo|[zeffect]\n|-damage|p1a: Mebo|0 fnt\n|faint|p1a: Mebo\n|-boost|p2a: Koomodo|atk|1\n|-boost|p2a: Koomodo|def|1\n|-boost|p2a: Koomodo|spa|1\n|-boost|p2a: Koomodo|spd|1\n|-boost|p2a: Koomodo|spe|1\n|\n|-weather|Snow|[upkeep]\n|upkeep\n|\n|t:|1699583565\n|switch|p1a: Conchita|Cloyster, F|100\/100\n|turn|7\n|\n|t:|1699583578\n|move|p2a: Koomodo|Boomburst|p1a: Conchita\n|-enditem|p1a: Conchita|Focus Sash\n|-damage|p1a: Conchita|1\/100\n|move|p1a: Conchita|Shell Smash|p1a: Conchita\n|-unboost|p1a: Conchita|def|1\n|-unboost|p1a: Conchita|spd|1\n|-boost|p1a: Conchita|atk|2\n|-boost|p1a: Conchita|spa|2\n|-boost|p1a: Conchita|spe|2\n|\n|-weather|Snow|[upkeep]\n|upkeep\n|turn|8\n|c| Danwine|Por qu\u00e9 no banean a ese wey pero si a baxcalibur\n|\n|t:|1699583590\n|move|p1a: Conchita|Icicle Spear|p2a: Koomodo\n|-supereffective|p2a: Koomodo\n|-damage|p2a: Koomodo|71\/100\n|-supereffective|p2a: Koomodo\n|-damage|p2a: Koomodo|38\/100\n|-supereffective|p2a: Koomodo\n|-damage|p2a: Koomodo|6\/100\n|-supereffective|p2a: Koomodo\n|-damage|p2a: Koomodo|0 fnt\n|faint|p2a: Koomodo\n|-hitcount|p2: Koomodo|4\n|\n|-weather|none\n|upkeep\n|\n|t:|1699583604\n|switch|p2a: Ernesto Tijeras|Scizor, F|100\/100\n|turn|9\n|\n|t:|1699583610\n|switch|p1a: Oreo|Vanilluxe, M|92\/100\n|-weather|Snow|[from] ability: Snow Warning|[of] p1a: Oreo\n|detailschange|p2a: Ernesto Tijeras|Scizor-Mega, F\n|-mega|p2a: Ernesto Tijeras|Scizor|Scizorite\n|move|p2a: Ernesto Tijeras|Bullet Punch|p1a: Oreo\n|-supereffective|p1a: Oreo\n|-damage|p1a: Oreo|31\/100\n|\n|-weather|Snow|[upkeep]\n|upkeep\n|turn|10\n|c| Dios Typhlosion|Por que se muere de un Ascuas\n|c| Dios Typhlosion|Porque*\n|\n|t:|1699583623\n|move|p2a: Ernesto Tijeras|Bullet Punch|p1a: Oreo\n|-supereffective|p1a: Oreo\n|-damage|p1a: Oreo|0 fnt\n|faint|p1a: Oreo\n|\n|-weather|Snow|[upkeep]\n|upkeep\n|\n|t:|1699583627\n|switch|p1a: King|Eiscue, M, shiny|100\/100\n|turn|11\n|\n|t:|1699583635\n|move|p1a: King|Belly Drum|p1a: King\n|-damage|p1a: King|50\/100\n|-setboost|p1a: King|atk|6|[from] move: Belly Drum\n|-enditem|p1a: King|Sitrus Berry|[eat]\n|-heal|p1a: King|75\/100|[from] item: Sitrus Berry\n|move|p2a: Ernesto Tijeras|Swords Dance|p2a: Ernesto Tijeras\n|-boost|p2a: Ernesto Tijeras|atk|2\n|\n|-weather|Snow|[upkeep]\n|upkeep\n|turn|12\n|c| Sylveon(404)|ernesto\n|c| Sylveon(404)|carry\n|\n|t:|1699583658\n|-terastallize|p1a: King|Fire\n|move|p2a: Ernesto Tijeras|Bullet Punch|p1a: King\n|-activate|p1a: King|ability: Ice Face\n|-damage|p1a: King|75\/100\n|detailschange|p1a: King|Eiscue-Noice, M, shiny, tera:Fire\n|move|p1a: King|Tera Blast|p2a: Ernesto Tijeras|[anim] Tera Blast Fire\n|-supereffective|p2a: Ernesto Tijeras\n|-damage|p2a: Ernesto Tijeras|0 fnt\n|faint|p2a: Ernesto Tijeras\n|\n|-weather|Snow|[upkeep]\n|upkeep\n|c| Sylveon(404)|te dije q eiscue servia\n|c| Sylveon(404)|:V\n|\n|t:|1699583703\n|switch|p2a: Ricardo|Clodsire, M|100\/100\n|turn|13\n|\n|t:|1699583708\n|move|p1a: King|Ice Spinner|p2a: Ricardo\n|-supereffective|p2a: Ricardo\n|-damage|p2a: Ricardo|33\/100\n|move|p2a: Ricardo|Stealth Rock|p1a: King\n|-sidestart|p1: xCookieBallx|move: Stealth Rock\n|\n|-weather|none\n|-heal|p2a: Ricardo|39\/100|[from] item: Leftovers\n|upkeep\n|turn|14\n|\n|t:|1699583719\n|move|p1a: King|Ice Spinner|p2a: Ricardo\n|-supereffective|p2a: Ricardo\n|-damage|p2a: Ricardo|0 fnt\n|faint|p2a: Ricardo\n|\n|upkeep\n|\n|t:|1699583729\n|switch|p2a: Elver Galarga|Zapdos-Galar|100\/100\n|turn|15\n|\n|t:|1699583734\n|-terastallize|p2a: Elver Galarga|Fighting\n|move|p2a: Elver Galarga|Thunderous Kick|p1a: King\n|-damage|p1a: King|0 fnt\n|faint|p1a: King\n|\n|upkeep\n|\n|t:|1699583738\n|switch|p1a: Conchita|Cloyster, F|1\/100\n|-damage|p1a: Conchita|0 fnt|[from] Stealth Rock\n|faint|p1a: Conchita\n|\n|t:|1699583748\n|switch|p1a: Eva|Frosmoth, F|100\/100\n|turn|16\n|\n|t:|1699583755\n|move|p2a: Elver Galarga|Thunderous Kick|p1a: Eva\n|-damage|p1a: Eva|0 fnt\n|faint|p1a: Eva\n|\n|upkeep\n|\n|t:|1699583759\n|switch|p1a: Online|Mamoswine, M|100\/100\n|-damage|p1a: Online|88\/100|[from] Stealth Rock\n|turn|17\n|c| Dios Typhlosion|Let's go!!!!\n|c| Sylveon(404)|ggs\n|\n|t:|1699583764\n|move|p2a: Elver Galarga|Thunderous Kick|p1a: Online\n|-supereffective|p1a: Online\n|-damage|p1a: Online|0 fnt\n|faint|p1a: Online\n|\n|win|WSoldat\n|c|\u2606xCookieBallx|gg\n|c|\u2606WSoldat|Elver Carreando\n|l| Danwine\n","uploadtime":1699583797,"views":7,"p1id":"xcookieballx","p2id":"wsoldat","formatid":"gen9nationaldex","rating":0,"private":0,"password":""}