{"id":"gen9nationaldex-1991935572","p1":"LoveKurumi","p2":"Slender235","format":"[Gen 9] National Dex","log":"|j|\u2606LoveKurumi\n|j|\u2606Slender235\n|t:|1700140094\n|gametype|singles\n|player|p1|LoveKurumi|cynthia|1337\n|player|p2|Slender235|steven-gen6|1399\n|teamsize|p1|6\n|teamsize|p2|6\n|gen|9\n|tier|[Gen 9] National Dex\n|rated|\n|rule|HP Percentage Mod: HP is shown in percentages\n|rule|Endless Battle Clause: Forcing endless battles is banned\n|rule|OHKO Clause: OHKO moves are banned\n|rule|Evasion Clause: Evasion abilities, items, and moves are banned\n|rule|Evasion Abilities Clause: Evasion abilities are banned\n|rule|Evasion Items Clause: Evasion items are banned\n|rule|Evasion Moves Clause: Evasion moves are banned\n|rule|Species Clause: Limit one of each Pok\u00e9mon\n|rule|Sleep Clause Mod: Limit one foe put to sleep\n|clearpoke\n|poke|p1|Toxapex, F|\n|poke|p1|Dondozo, F|\n|poke|p1|Garganacl, F|\n|poke|p1|Sableye, F|\n|poke|p1|Clodsire, F|\n|poke|p1|Gliscor, M|\n|poke|p2|Ting-Lu|\n|poke|p2|Scizor, M|\n|poke|p2|Regice|\n|poke|p2|Aerodactyl, F|\n|poke|p2|Alomomola, M|\n|poke|p2|Greninja-*, M|\n|teampreview\n|inactive|Battle timer is ON: inactive players will automatically lose when time's up. (requested by Slender235)\n|\n|t:|1700140101\n|start\n|switch|p1a: Sableye|Sableye, F|100\/100\n|switch|p2a: Regice|Regice, shiny|100\/100\n|turn|1\n|\n|t:|1700140112\n|detailschange|p1a: Sableye|Sableye-Mega, F\n|-mega|p1a: Sableye|Sableye|Sablenite\n|move|p2a: Regice|Ice Beam|p1a: Sableye\n|-damage|p1a: Sableye|61\/100\n|move|p1a: Sableye|Will-O-Wisp|p2a: Regice\n|-status|p2a: Regice|brn\n|\n|-damage|p2a: Regice|94\/100 brn|[from] brn\n|upkeep\n|turn|2\n|\n|t:|1700140119\n|move|p2a: Regice|Ice Beam|p1a: Sableye\n|-damage|p1a: Sableye|17\/100\n|move|p1a: Sableye|Recover|p1a: Sableye\n|-heal|p1a: Sableye|67\/100\n|\n|-heal|p2a: Regice|100\/100 brn|[from] item: Leftovers\n|-damage|p2a: Regice|94\/100 brn|[from] brn\n|upkeep\n|turn|3\n|\n|t:|1700140128\n|move|p2a: Regice|Block|p1a: Sableye\n|move|p1a: Sableye|Block|p2a: Regice|[from]ability: Magic Bounce\n|-activate|p2a: Regice|trapped\n|move|p1a: Sableye|Recover|p1a: Sableye\n|-heal|p1a: Sableye|100\/100\n|\n|-heal|p2a: Regice|100\/100 brn|[from] item: Leftovers\n|-damage|p2a: Regice|94\/100 brn|[from] brn\n|upkeep\n|turn|4\n|\n|t:|1700140133\n|move|p2a: Regice|Ice Beam|p1a: Sableye\n|-damage|p1a: Sableye|56\/100\n|move|p1a: Sableye|Knock Off|p2a: Regice\n|-damage|p2a: Regice|67\/100 brn\n|-enditem|p2a: Regice|Leftovers|[from] move: Knock Off|[of] p1a: Sableye\n|\n|-damage|p2a: Regice|61\/100 brn|[from] brn\n|upkeep\n|turn|5\n|\n|t:|1700140138\n|move|p2a: Regice|Ice Beam|p1a: Sableye\n|-damage|p1a: Sableye|10\/100\n|move|p1a: Sableye|Recover|p1a: Sableye\n|-heal|p1a: Sableye|60\/100\n|\n|-damage|p2a: Regice|55\/100 brn|[from] brn\n|upkeep\n|turn|6\n|\n|t:|1700140143\n|move|p1a: Sableye|Protect|p1a: Sableye\n|-singleturn|p1a: Sableye|Protect\n|move|p2a: Regice|Ice Beam|p1a: Sableye\n|-activate|p1a: Sableye|move: Protect\n|\n|-damage|p2a: Regice|49\/100 brn|[from] brn\n|upkeep\n|turn|7\n|\n|t:|1700140147\n|move|p2a: Regice|Ice Beam|p1a: Sableye\n|-damage|p1a: Sableye|19\/100\n|move|p1a: Sableye|Recover|p1a: Sableye\n|-heal|p1a: Sableye|69\/100\n|\n|-damage|p2a: Regice|43\/100 brn|[from] brn\n|upkeep\n|turn|8\n|\n|t:|1700140151\n|move|p1a: Sableye|Protect|p1a: Sableye\n|-singleturn|p1a: Sableye|Protect\n|move|p2a: Regice|Ice Beam|p1a: Sableye\n|-activate|p1a: Sableye|move: Protect\n|\n|-damage|p2a: Regice|37\/100 brn|[from] brn\n|upkeep\n|turn|9\n|\n|t:|1700140159\n|move|p2a: Regice|Ice Beam|p1a: Sableye\n|-damage|p1a: Sableye|22\/100\n|move|p1a: Sableye|Recover|p1a: Sableye\n|-heal|p1a: Sableye|72\/100\n|\n|-damage|p2a: Regice|31\/100 brn|[from] brn\n|upkeep\n|turn|10\n|\n|t:|1700140164\n|move|p1a: Sableye|Protect|p1a: Sableye\n|-singleturn|p1a: Sableye|Protect\n|move|p2a: Regice|Ice Beam|p1a: Sableye\n|-activate|p1a: Sableye|move: Protect\n|\n|-damage|p2a: Regice|24\/100 brn|[from] brn\n|upkeep\n|turn|11\n|\n|t:|1700140168\n|move|p2a: Regice|Ice Beam|p1a: Sableye\n|-crit|p1a: Sableye\n|-damage|p1a: Sableye|8\/100\n|move|p1a: Sableye|Recover|p1a: Sableye\n|-heal|p1a: Sableye|58\/100\n|\n|-damage|p2a: Regice|18\/100 brn|[from] brn\n|upkeep\n|turn|12\n|\n|t:|1700140174\n|move|p1a: Sableye|Protect|p1a: Sableye\n|-singleturn|p1a: Sableye|Protect\n|move|p2a: Regice|Ice Beam|p1a: Sableye\n|-activate|p1a: Sableye|move: Protect\n|\n|-damage|p2a: Regice|12\/100 brn|[from] brn\n|upkeep\n|turn|13\n|\n|t:|1700140176\n|move|p2a: Regice|Ice Beam|p1a: Sableye\n|-damage|p1a: Sableye|13\/100\n|move|p1a: Sableye|Recover|p1a: Sableye\n|-heal|p1a: Sableye|63\/100\n|\n|-damage|p2a: Regice|6\/100 brn|[from] brn\n|upkeep\n|turn|14\n|\n|t:|1700140181\n|move|p1a: Sableye|Protect|p1a: Sableye\n|-singleturn|p1a: Sableye|Protect\n|move|p2a: Regice|Ice Beam|p1a: Sableye\n|-activate|p1a: Sableye|move: Protect\n|\n|-damage|p2a: Regice|0 fnt|[from] brn\n|faint|p2a: Regice\n|upkeep\n|\n|t:|1700140186\n|switch|p2a: Greninja|Greninja, M|100\/100\n|turn|15\n|\n|t:|1700140193\n|switch|p1a: Toxapex|Toxapex, F|100\/100\n|move|p2a: Greninja|Surf|p1a: Toxapex\n|-resisted|p1a: Toxapex\n|-damage|p1a: Toxapex|82\/100\n|\n|upkeep\n|turn|16\n|\n|t:|1700140200\n|switch|p2a: Ting-Lu|Ting-Lu|100\/100\n|-ability|p2a: Ting-Lu|Vessel of Ruin\n|move|p1a: Toxapex|Toxic|p2a: Ting-Lu\n|-status|p2a: Ting-Lu|tox\n|\n|-damage|p2a: Ting-Lu|94\/100 tox|[from] psn\n|upkeep\n|turn|17\n|\n|t:|1700140205\n|switch|p1a: Gliscor|Gliscor, M|100\/100\n|move|p2a: Ting-Lu|Stealth Rock|p1a: Gliscor\n|-sidestart|p1: LoveKurumi|move: Stealth Rock\n|\n|-heal|p2a: Ting-Lu|100\/100 tox|[from] item: Leftovers\n|-damage|p2a: Ting-Lu|88\/100 tox|[from] psn\n|-status|p1a: Gliscor|tox|[from] item: Toxic Orb\n|upkeep\n|turn|18\n|\n|t:|1700140209\n|switch|p2a: Greninja|Greninja, M|100\/100\n|move|p1a: Gliscor|Defog|p2a: Greninja\n|-unboost|p2a: Greninja|evasion|1\n|-sideend|p1: LoveKurumi|Stealth Rock|[from] move: Defog|[of] p1a: Gliscor\n|\n|upkeep\n|turn|19\n|\n|t:|1700140215\n|switch|p1a: Toxapex|Toxapex, F|100\/100\n|move|p2a: Greninja|Surf|p1a: Toxapex\n|-resisted|p1a: Toxapex\n|-damage|p1a: Toxapex|82\/100\n|\n|upkeep\n|turn|20\n|\n|t:|1700140223\n|switch|p2a: Alomomola|Alomomola, M|100\/100\n|move|p1a: Toxapex|Toxic|p2a: Alomomola\n|-status|p2a: Alomomola|tox\n|\n|-damage|p2a: Alomomola|94\/100 tox|[from] psn\n|upkeep\n|turn|21\n|\n|t:|1700140231\n|move|p2a: Alomomola|Flip Turn|p1a: Toxapex\n|-resisted|p1a: Toxapex\n|-damage|p1a: Toxapex|76\/100\n|\n|t:|1700140236\n|switch|p2a: Ting-Lu|Ting-Lu|88\/100 tox|[from] Flip Turn\n|-ability|p2a: Ting-Lu|Vessel of Ruin\n|move|p1a: Toxapex|Recover|p1a: Toxapex\n|-heal|p1a: Toxapex|100\/100\n|\n|-heal|p2a: Ting-Lu|94\/100 tox|[from] item: Leftovers\n|-damage|p2a: Ting-Lu|88\/100 tox|[from] psn\n|upkeep\n|turn|22\n|\n|t:|1700140243\n|move|p1a: Toxapex|Scald|p2a: Ting-Lu\n|-supereffective|p2a: Ting-Lu\n|-damage|p2a: Ting-Lu|71\/100 tox\n|move|p2a: Ting-Lu|Whirlwind|p1a: Toxapex\n|drag|p1a: Clodsire|Clodsire, F|100\/100\n|\n|-heal|p2a: Ting-Lu|78\/100 tox|[from] item: Leftovers\n|-damage|p2a: Ting-Lu|65\/100 tox|[from] psn\n|upkeep\n|turn|23\n|\n|t:|1700140251\n|switch|p2a: Aerodactyl|Aerodactyl, F|100\/100\n|-ability|p2a: Aerodactyl|Unnerve\n|move|p1a: Clodsire|Earthquake|p2a: Aerodactyl\n|-immune|p2a: Aerodactyl\n|\n|upkeep\n|turn|24\n|\n|t:|1700140258\n|switch|p1a: Dondozo|Dondozo, F|100\/100\n|detailschange|p2a: Aerodactyl|Aerodactyl-Mega, F\n|-mega|p2a: Aerodactyl|Aerodactyl|Aerodactylite\n|move|p2a: Aerodactyl|Hone Claws|p2a: Aerodactyl\n|-boost|p2a: Aerodactyl|atk|1\n|-boost|p2a: Aerodactyl|accuracy|1\n|\n|upkeep\n|turn|25\n|\n|t:|1700140263\n|move|p2a: Aerodactyl|Stone Edge|p1a: Dondozo\n|-damage|p1a: Dondozo|78\/100\n|move|p1a: Dondozo|Curse|p1a: Dondozo\n|-unboost|p1a: Dondozo|spe|1\n|-boost|p1a: Dondozo|atk|1\n|-boost|p1a: Dondozo|def|1\n|\n|-heal|p1a: Dondozo|84\/100|[from] item: Leftovers\n|upkeep\n|turn|26\n|\n|t:|1700140270\n|switch|p2a: Greninja|Greninja, M|100\/100\n|move|p1a: Dondozo|Curse|p1a: Dondozo\n|-unboost|p1a: Dondozo|spe|1\n|-boost|p1a: Dondozo|atk|1\n|-boost|p1a: Dondozo|def|1\n|\n|-heal|p1a: Dondozo|90\/100|[from] item: Leftovers\n|upkeep\n|turn|27\n|\n|t:|1700140279\n|move|p2a: Greninja|Grass Knot|p1a: Dondozo\n|-supereffective|p1a: Dondozo\n|-damage|p1a: Dondozo|0 fnt\n|faint|p1a: Dondozo\n|-ability|p2a: Greninja|Battle Bond|boost\n|-boost|p2a: Greninja|atk|1\n|-boost|p2a: Greninja|spa|1\n|-boost|p2a: Greninja|spe|1\n|-activate|p2a: Greninja|ability: Battle Bond\n|\n|upkeep\n|\n|t:|1700140286\n|switch|p1a: Toxapex|Toxapex, F|100\/100\n|turn|28\n|\n|t:|1700140288\n|move|p2a: Greninja|Grass Knot|p1a: Toxapex\n|-damage|p1a: Toxapex|84\/100\n|move|p1a: Toxapex|Haze|p1a: Toxapex\n|-clearallboost\n|\n|upkeep\n|turn|29\n|\n|t:|1700140296\n|switch|p2a: Scizor|Scizor, M|100\/100\n|move|p1a: Toxapex|Toxic|p2a: Scizor\n|-immune|p2a: Scizor\n|\n|upkeep\n|turn|30\n|\n|t:|1700140309\n|switch|p1a: Sableye|Sableye-Mega, F|63\/100\n|move|p2a: Scizor|Bug Bite|p1a: Sableye\n|-damage|p1a: Sableye|29\/100\n|\n|upkeep\n|turn|31\n|\n|t:|1700140318\n|move|p1a: Sableye|Protect|p1a: Sableye\n|-singleturn|p1a: Sableye|Protect\n|move|p2a: Scizor|Bug Bite|p1a: Sableye\n|-activate|p1a: Sableye|move: Protect\n|\n|upkeep\n|turn|32\n|\n|t:|1700140323\n|switch|p1a: Garganacl|Garganacl, F|100\/100\n|move|p2a: Scizor|Swords Dance|p2a: Scizor\n|-boost|p2a: Scizor|atk|2\n|\n|upkeep\n|turn|33\n|l|\u2606LoveKurumi\n|inactive|LoveKurumi disconnected and has a minute to reconnect!\n|player|p1|\n|j|\u2606LoveKurumi\n|inactive|LoveKurumi reconnected and has 125 seconds left.\n|player|p1|LoveKurumi|cynthia\n|inactive|LoveKurumi has 120 seconds left.\n|\n|t:|1700140355\n|move|p2a: Scizor|Bullet Punch|p1a: Garganacl\n|-supereffective|p1a: Garganacl\n|-damage|p1a: Garganacl|13\/100\n|move|p1a: Garganacl|Salt Cure|p2a: Scizor\n|-damage|p2a: Scizor|87\/100\n|-start|p2a: Scizor|Salt Cure\n|\n|-heal|p2a: Scizor|93\/100|[from] item: Leftovers\n|-heal|p1a: Garganacl|19\/100|[from] item: Leftovers\n|-damage|p2a: Scizor|68\/100|[from] Salt Cure\n|upkeep\n|turn|34\n|\n|t:|1700140362\n|move|p1a: Garganacl|Protect|p1a: Garganacl\n|-singleturn|p1a: Garganacl|Protect\n|move|p2a: Scizor|Roost|p2a: Scizor\n|-heal|p2a: Scizor|100\/100\n|-singleturn|p2a: Scizor|move: Roost\n|\n|-heal|p1a: Garganacl|26\/100|[from] item: Leftovers\n|-damage|p2a: Scizor|75\/100|[from] Salt Cure\n|upkeep\n|turn|35\n|\n|t:|1700140368\n|switch|p1a: Clodsire|Clodsire, F|100\/100\n|move|p2a: Scizor|Bug Bite|p1a: Clodsire\n|-resisted|p1a: Clodsire\n|-damage|p1a: Clodsire|74\/100\n|\n|-heal|p2a: Scizor|82\/100|[from] item: Leftovers\n|-damage|p2a: Scizor|57\/100|[from] Salt Cure\n|upkeep\n|turn|36\n|\n|t:|1700140374\n|move|p2a: Scizor|Roost|p2a: Scizor\n|-heal|p2a: Scizor|100\/100\n|-singleturn|p2a: Scizor|move: Roost\n|move|p1a: Clodsire|Poison Jab|p2a: Scizor\n|-immune|p2a: Scizor\n|\n|-damage|p2a: Scizor|75\/100|[from] Salt Cure\n|upkeep\n|turn|37\n|\n|t:|1700140384\n|move|p2a: Scizor|Bullet Punch|p1a: Clodsire\n|-damage|p1a: Clodsire|39\/100\n|move|p1a: Clodsire|Spikes|p2a: Scizor\n|-sidestart|p2: Slender235|Spikes\n|\n|-heal|p2a: Scizor|82\/100|[from] item: Leftovers\n|-damage|p2a: Scizor|57\/100|[from] Salt Cure\n|upkeep\n|turn|38\n|\n|t:|1700140390\n|move|p2a: Scizor|Roost|p2a: Scizor\n|-heal|p2a: Scizor|100\/100\n|-singleturn|p2a: Scizor|move: Roost\n|move|p1a: Clodsire|Recover|p1a: Clodsire\n|-heal|p1a: Clodsire|89\/100\n|\n|-damage|p2a: Scizor|75\/100|[from] Salt Cure\n|upkeep\n|turn|39\n|\n|t:|1700140399\n|switch|p2a: Alomomola|Alomomola, M|100\/100 tox\n|move|p1a: Clodsire|Spikes|p2a: Alomomola\n|-sidestart|p2: Slender235|Spikes\n|\n|-damage|p2a: Alomomola|94\/100 tox|[from] psn\n|upkeep\n|turn|40\n|\n|t:|1700140408\n|move|p2a: Alomomola|Wish|p2a: Alomomola\n|move|p1a: Clodsire|Spikes|p2a: Alomomola\n|-sidestart|p2: Slender235|Spikes\n|\n|-damage|p2a: Alomomola|82\/100 tox|[from] psn\n|upkeep\n|turn|41\n|\n|t:|1700140414\n|move|p2a: Alomomola|Flip Turn|p1a: Clodsire\n|-supereffective|p1a: Clodsire\n|-damage|p1a: Clodsire|53\/100\n|\n|t:|1700140417\n|switch|p2a: Scizor|Scizor, M|75\/100|[from] Flip Turn\n|-damage|p2a: Scizor|50\/100|[from] Spikes\n|move|p1a: Clodsire|Earthquake|p2a: Scizor\n|-damage|p2a: Scizor|21\/100\n|\n|-heal|p2a: Scizor|90\/100|[from] move: Wish|[wisher] Alomomola\n|-heal|p2a: Scizor|96\/100|[from] item: Leftovers\n|upkeep\n|turn|42\n|\n|t:|1700140425\n|move|p2a: Scizor|Bullet Punch|p1a: Clodsire\n|-damage|p1a: Clodsire|15\/100\n|move|p1a: Clodsire|Recover|p1a: Clodsire\n|-heal|p1a: Clodsire|65\/100\n|\n|-heal|p2a: Scizor|100\/100|[from] item: Leftovers\n|upkeep\n|turn|43\n|\n|t:|1700140434\n|move|p2a: Scizor|Bullet Punch|p1a: Clodsire\n|-damage|p1a: Clodsire|32\/100\n|move|p1a: Clodsire|Recover|p1a: Clodsire\n|-heal|p1a: Clodsire|82\/100\n|\n|upkeep\n|turn|44\n|\n|t:|1700140441\n|move|p2a: Scizor|Bullet Punch|p1a: Clodsire\n|-damage|p1a: Clodsire|49\/100\n|move|p1a: Clodsire|Earthquake|p2a: Scizor\n|-damage|p2a: Scizor|73\/100\n|\n|-heal|p2a: Scizor|79\/100|[from] item: Leftovers\n|upkeep\n|turn|45\n|\n|t:|1700140445\n|move|p2a: Scizor|Bullet Punch|p1a: Clodsire\n|-damage|p1a: Clodsire|13\/100\n|move|p1a: Clodsire|Recover|p1a: Clodsire\n|-heal|p1a: Clodsire|63\/100\n|\n|-heal|p2a: Scizor|85\/100|[from] item: Leftovers\n|upkeep\n|turn|46\n|\n|t:|1700140449\n|move|p2a: Scizor|Bullet Punch|p1a: Clodsire\n|-damage|p1a: Clodsire|28\/100\n|move|p1a: Clodsire|Recover|p1a: Clodsire\n|-heal|p1a: Clodsire|78\/100\n|\n|-heal|p2a: Scizor|91\/100|[from] item: Leftovers\n|upkeep\n|turn|47\n|\n|t:|1700140453\n|switch|p1a: Gliscor|Gliscor, M|100\/100 tox\n|move|p2a: Scizor|Bullet Punch|p1a: Gliscor\n|-damage|p1a: Gliscor|81\/100 tox\n|\n|-heal|p2a: Scizor|98\/100|[from] item: Leftovers\n|-heal|p1a: Gliscor|93\/100 tox|[from] ability: Poison Heal\n|upkeep\n|turn|48\n|\n|t:|1700140460\n|switch|p2a: Greninja|Greninja, M|100\/100\n|-damage|p2a: Greninja|76\/100|[from] Spikes\n|move|p1a: Gliscor|Earthquake|p2a: Greninja\n|-damage|p2a: Greninja|23\/100\n|\n|-heal|p1a: Gliscor|100\/100 tox|[from] ability: Poison Heal\n|upkeep\n|turn|49\n|\n|t:|1700140468\n|switch|p1a: Toxapex|Toxapex, F|100\/100\n|move|p2a: Greninja|Ice Beam|p1a: Toxapex\n|-resisted|p1a: Toxapex\n|-damage|p1a: Toxapex|88\/100\n|\n|upkeep\n|turn|50\n|\n|t:|1700140473\n|switch|p2a: Alomomola|Alomomola, M|100\/100 tox\n|move|p1a: Toxapex|Scald|p2a: Alomomola\n|-resisted|p2a: Alomomola\n|-damage|p2a: Alomomola|93\/100 tox\n|\n|-damage|p2a: Alomomola|87\/100 tox|[from] psn\n|upkeep\n|turn|51\n|\n|t:|1700140490\n|switch|p1a: Sableye|Sableye-Mega, F|29\/100\n|move|p2a: Alomomola|Wish|p2a: Alomomola\n|\n|-damage|p2a: Alomomola|74\/100 tox|[from] psn\n|upkeep\n|turn|52\n|\n|t:|1700140493\n|move|p2a: Alomomola|Flip Turn|p1a: Sableye\n|-damage|p1a: Sableye|16\/100\n|\n|t:|1700140496\n|switch|p2a: Greninja|Greninja, M|23\/100|[from] Flip Turn\n|-damage|p2a: Greninja|0 fnt|[from] Spikes\n|faint|p2a: Greninja\n|move|p1a: Sableye|Recover|p1a: Sableye\n|-heal|p1a: Sableye|66\/100\n|\n|upkeep\n|\n|t:|1700140516\n|switch|p2a: Alomomola|Alomomola, M|100\/100 tox\n|turn|53\n|\n|t:|1700140522\n|move|p2a: Alomomola|Wish|p2a: Alomomola\n|move|p1a: Sableye|Knock Off|p2a: Alomomola\n|-damage|p2a: Alomomola|81\/100 tox\n|-enditem|p2a: Alomomola|Heavy-Duty Boots|[from] move: Knock Off|[of] p1a: Sableye\n|\n|-damage|p2a: Alomomola|75\/100 tox|[from] psn\n|upkeep\n|turn|54\n|\n|t:|1700140528\n|move|p2a: Alomomola|Flip Turn|p1a: Sableye\n|-damage|p1a: Sableye|54\/100\n|\n|t:|1700140531\n|switch|p2a: Ting-Lu|Ting-Lu|65\/100 tox|[from] Flip Turn\n|-damage|p2a: Ting-Lu|40\/100 tox|[from] Spikes\n|-ability|p2a: Ting-Lu|Vessel of Ruin\n|move|p1a: Sableye|Will-O-Wisp||[still]\n|-fail|p1a: Sableye\n|\n|-heal|p2a: Ting-Lu|86\/100 tox|[from] move: Wish|[wisher] Alomomola\n|-heal|p2a: Ting-Lu|92\/100 tox|[from] item: Leftovers\n|-damage|p2a: Ting-Lu|86\/100 tox|[from] psn\n|upkeep\n|turn|55\n|\n|t:|1700140537\n|move|p1a: Sableye|Protect|p1a: Sableye\n|-singleturn|p1a: Sableye|Protect\n|move|p2a: Ting-Lu|Stealth Rock|p1a: Sableye\n|move|p1a: Sableye|Stealth Rock|p2a: Ting-Lu|[from]ability: Magic Bounce\n|-sidestart|p2: Slender235|move: Stealth Rock\n|\n|-heal|p2a: Ting-Lu|92\/100 tox|[from] item: Leftovers\n|-damage|p2a: Ting-Lu|80\/100 tox|[from] psn\n|upkeep\n|turn|56\n|\n|t:|1700140548\n|move|p1a: Sableye|Knock Off|p2a: Ting-Lu\n|-resisted|p2a: Ting-Lu\n|-damage|p2a: Ting-Lu|72\/100 tox\n|-enditem|p2a: Ting-Lu|Leftovers|[from] move: Knock Off|[of] p1a: Sableye\n|move|p2a: Ting-Lu|Whirlwind|p1a: Sableye\n|move|p1a: Sableye|Whirlwind|p2a: Ting-Lu|[from]ability: Magic Bounce\n|drag|p2a: Alomomola|Alomomola, M|100\/100 tox\n|-damage|p2a: Alomomola|75\/100 tox|[from] Spikes\n|-damage|p2a: Alomomola|63\/100 tox|[from] Stealth Rock\n|\n|-damage|p2a: Alomomola|57\/100 tox|[from] psn\n|upkeep\n|turn|57\n|\n|t:|1700140559\n|move|p2a: Alomomola|Wish|p2a: Alomomola\n|move|p1a: Sableye|Knock Off|p2a: Alomomola\n|-damage|p2a: Alomomola|45\/100 tox\n|\n|-damage|p2a: Alomomola|32\/100 tox|[from] psn\n|upkeep\n|turn|58\n|\n|t:|1700140567\n|move|p2a: Alomomola|Protect|p2a: Alomomola\n|-singleturn|p2a: Alomomola|Protect\n|move|p1a: Sableye|Knock Off|p2a: Alomomola\n|-activate|p2a: Alomomola|move: Protect\n|\n|-heal|p2a: Alomomola|82\/100 tox|[from] move: Wish|[wisher] Alomomola\n|-damage|p2a: Alomomola|64\/100 tox|[from] psn\n|upkeep\n|turn|59\n|\n|t:|1700140571\n|move|p2a: Alomomola|Wish|p2a: Alomomola\n|move|p1a: Sableye|Knock Off|p2a: Alomomola\n|-damage|p2a: Alomomola|52\/100 tox\n|\n|-damage|p2a: Alomomola|28\/100 tox|[from] psn\n|upkeep\n|turn|60\n|\n|t:|1700140576\n|move|p2a: Alomomola|Protect|p2a: Alomomola\n|-singleturn|p2a: Alomomola|Protect\n|move|p1a: Sableye|Will-O-Wisp|p2a: Alomomola\n|-activate|p2a: Alomomola|move: Protect\n|\n|-heal|p2a: Alomomola|78\/100 tox|[from] move: Wish|[wisher] Alomomola\n|-damage|p2a: Alomomola|47\/100 tox|[from] psn\n|upkeep\n|turn|61\n|\n|t:|1700140581\n|move|p2a: Alomomola|Flip Turn|p1a: Sableye\n|-damage|p1a: Sableye|42\/100\n|\n|t:|1700140584\n|switch|p2a: Ting-Lu|Ting-Lu|72\/100 tox|[from] Flip Turn\n|-damage|p2a: Ting-Lu|47\/100 tox|[from] Spikes\n|-damage|p2a: Ting-Lu|41\/100 tox|[from] Stealth Rock\n|-ability|p2a: Ting-Lu|Vessel of Ruin\n|move|p1a: Sableye|Knock Off|p2a: Ting-Lu\n|-resisted|p2a: Ting-Lu\n|-damage|p2a: Ting-Lu|36\/100 tox\n|\n|-damage|p2a: Ting-Lu|30\/100 tox|[from] psn\n|upkeep\n|turn|62\n|\n|t:|1700140594\n|move|p1a: Sableye|Protect|p1a: Sableye\n|-singleturn|p1a: Sableye|Protect\n|move|p2a: Ting-Lu|Earthquake|p1a: Sableye\n|-activate|p1a: Sableye|move: Protect\n|\n|-damage|p2a: Ting-Lu|17\/100 tox|[from] psn\n|upkeep\n|turn|63\n|\n|t:|1700140597\n|switch|p1a: Gliscor|Gliscor, M|100\/100 tox\n|move|p2a: Ting-Lu|Whirlwind|p1a: Gliscor\n|drag|p1a: Sableye|Sableye-Mega, F|42\/100\n|\n|-damage|p2a: Ting-Lu|0 fnt|[from] psn\n|faint|p2a: Ting-Lu\n|upkeep\n|\n|t:|1700140602\n|switch|p2a: Aerodactyl|Aerodactyl-Mega, F|100\/100\n|-damage|p2a: Aerodactyl|76\/100|[from] Stealth Rock\n|turn|64\n|\n|t:|1700140606\n|switch|p1a: Garganacl|Garganacl, F|26\/100\n|move|p2a: Aerodactyl|Stone Edge|p1a: Garganacl\n|-crit|p1a: Garganacl\n|-damage|p1a: Garganacl|0 fnt\n|faint|p1a: Garganacl\n|\n|upkeep\n|\n|t:|1700140618\n|switch|p1a: Toxapex|Toxapex, F|100\/100\n|turn|65\n|\n|t:|1700140621\n|move|p2a: Aerodactyl|Earthquake|p1a: Toxapex\n|-supereffective|p1a: Toxapex\n|-damage|p1a: Toxapex|47\/100\n|move|p1a: Toxapex|Toxic|p2a: Aerodactyl\n|-status|p2a: Aerodactyl|tox\n|\n|-damage|p2a: Aerodactyl|70\/100 tox|[from] psn\n|upkeep\n|turn|66\n|\n|t:|1700140630\n|-terastallize|p1a: Toxapex|Fairy\n|move|p2a: Aerodactyl|Hone Claws|p2a: Aerodactyl\n|-boost|p2a: Aerodactyl|atk|1\n|-boost|p2a: Aerodactyl|accuracy|1\n|move|p1a: Toxapex|Recover|p1a: Toxapex\n|-heal|p1a: Toxapex|97\/100\n|\n|-damage|p2a: Aerodactyl|58\/100 tox|[from] psn\n|upkeep\n|turn|67\n|\n|t:|1700140637\n|move|p2a: Aerodactyl|Stone Edge|p1a: Toxapex\n|-damage|p1a: Toxapex|33\/100\n|move|p1a: Toxapex|Haze|p1a: Toxapex\n|-clearallboost\n|\n|-damage|p2a: Aerodactyl|40\/100 tox|[from] psn\n|upkeep\n|turn|68\n|\n|t:|1700140647\n|switch|p1a: Clodsire|Clodsire, F|78\/100\n|move|p2a: Aerodactyl|Stone Edge|p1a: Clodsire\n|-resisted|p1a: Clodsire\n|-damage|p1a: Clodsire|49\/100\n|\n|-damage|p2a: Aerodactyl|16\/100 tox|[from] psn\n|upkeep\n|turn|69\n|\n|t:|1700140653\n|switch|p1a: Gliscor|Gliscor, M|100\/100 tox\n|move|p2a: Aerodactyl|Earthquake|p1a: Gliscor\n|-immune|p1a: Gliscor\n|\n|-damage|p2a: Aerodactyl|0 fnt|[from] psn\n|faint|p2a: Aerodactyl\n|upkeep\n|\n|t:|1700140657\n|switch|p2a: Scizor|Scizor, M|98\/100\n|-damage|p2a: Scizor|73\/100|[from] Spikes\n|-damage|p2a: Scizor|60\/100|[from] Stealth Rock\n|turn|70\n|\n|t:|1700140671\n|switch|p1a: Clodsire|Clodsire, F|49\/100\n|move|p2a: Scizor|Bullet Punch|p1a: Clodsire\n|-damage|p1a: Clodsire|17\/100\n|\n|-heal|p2a: Scizor|66\/100|[from] item: Leftovers\n|upkeep\n|turn|71\n|\n|t:|1700140684\n|move|p2a: Scizor|Bug Bite|p1a: Clodsire\n|-resisted|p1a: Clodsire\n|-damage|p1a: Clodsire|0 fnt\n|faint|p1a: Clodsire\n|\n|-heal|p2a: Scizor|72\/100|[from] item: Leftovers\n|upkeep\n|\n|t:|1700140686\n|switch|p1a: Sableye|Sableye-Mega, F|42\/100\n|turn|72\n|\n|t:|1700140692\n|move|p2a: Scizor|Bullet Punch|p1a: Sableye\n|-damage|p1a: Sableye|20\/100\n|move|p1a: Sableye|Will-O-Wisp|p2a: Scizor|[miss]\n|-miss|p1a: Sableye|p2a: Scizor\n|\n|-heal|p2a: Scizor|78\/100|[from] item: Leftovers\n|upkeep\n|turn|73\n|\n|t:|1700140699\n|move|p2a: Scizor|Bullet Punch|p1a: Sableye\n|-damage|p1a: Sableye|0 fnt\n|faint|p1a: Sableye\n|\n|-heal|p2a: Scizor|85\/100|[from] item: Leftovers\n|upkeep\n|\n|t:|1700140704\n|switch|p1a: Toxapex|Toxapex, F, tera:Fairy|66\/100\n|turn|74\n|\n|t:|1700140709\n|move|p2a: Scizor|Bullet Punch|p1a: Toxapex\n|-supereffective|p1a: Toxapex\n|-damage|p1a: Toxapex|17\/100\n|move|p1a: Toxapex|Scald|p2a: Scizor\n|-damage|p2a: Scizor|68\/100\n|\n|-heal|p2a: Scizor|74\/100|[from] item: Leftovers\n|upkeep\n|turn|75\n|\n|t:|1700140715\n|switch|p1a: Gliscor|Gliscor, M|100\/100 tox\n|move|p2a: Scizor|Bullet Punch|p1a: Gliscor\n|-damage|p1a: Gliscor|81\/100 tox\n|\n|-heal|p2a: Scizor|80\/100|[from] item: Leftovers\n|-heal|p1a: Gliscor|93\/100 tox|[from] ability: Poison Heal\n|upkeep\n|turn|76\n|\n|t:|1700140721\n|move|p1a: Gliscor|Earthquake|p2a: Scizor\n|-damage|p2a: Scizor|48\/100\n|move|p2a: Scizor|Swords Dance|p2a: Scizor\n|-boost|p2a: Scizor|atk|2\n|\n|-heal|p2a: Scizor|54\/100|[from] item: Leftovers\n|-heal|p1a: Gliscor|100\/100 tox|[from] ability: Poison Heal\n|upkeep\n|turn|77\n|\n|t:|1700140724\n|move|p1a: Gliscor|Earthquake|p2a: Scizor\n|-damage|p2a: Scizor|24\/100\n|move|p2a: Scizor|Roost|p2a: Scizor\n|-heal|p2a: Scizor|74\/100\n|-singleturn|p2a: Scizor|move: Roost\n|\n|-heal|p2a: Scizor|80\/100|[from] item: Leftovers\n|upkeep\n|turn|78\n|\n|t:|1700140729\n|move|p1a: Gliscor|Earthquake|p2a: Scizor\n|-damage|p2a: Scizor|47\/100\n|move|p2a: Scizor|Roost|p2a: Scizor\n|-heal|p2a: Scizor|97\/100\n|-singleturn|p2a: Scizor|move: Roost\n|\n|-heal|p2a: Scizor|100\/100|[from] item: Leftovers\n|upkeep\n|turn|79\n|\n|t:|1700140737\n|move|p1a: Gliscor|Earthquake|p2a: Scizor\n|-damage|p2a: Scizor|67\/100\n|move|p2a: Scizor|Swords Dance|p2a: Scizor\n|-boost|p2a: Scizor|atk|2\n|\n|-heal|p2a: Scizor|73\/100|[from] item: Leftovers\n|upkeep\n|turn|80\n|-message|LoveKurumi forfeited.\n|\n|win|Slender235\n|raw|LoveKurumi's rating: 1337 &rarr; <strong>1321<\/strong><br \/>(-16 for losing)\n|raw|Slender235's rating: 1399 &rarr; <strong>1415<\/strong><br \/>(+16 for winning)\n|l|\u2606LoveKurumi\n|c|\u2606Slender235|Stall: eradicated\n","uploadtime":1700140749,"views":10,"p1id":"lovekurumi","p2id":"slender235","formatid":"gen9nationaldex","rating":1321,"private":0,"password":""}