{"id":"gen9nationaldex-1988852756","p1":"Powerbo","p2":"Cslug","format":"[Gen 9] National Dex","log":"|j|\u2606Powerbo\n|j|\u2606Cslug\n|t:|1699774082\n|gametype|singles\n|player|p1|Powerbo|ninjaboy|1245\n|player|p2|Cslug|iris|1133\n|teamsize|p1|6\n|teamsize|p2|6\n|gen|9\n|tier|[Gen 9] National Dex\n|rated|\n|rule|HP Percentage Mod: HP is shown in percentages\n|rule|Endless Battle Clause: Forcing endless battles is banned\n|rule|OHKO Clause: OHKO moves are banned\n|rule|Evasion Clause: Evasion abilities, items, and moves are banned\n|rule|Evasion Abilities Clause: Evasion abilities are banned\n|rule|Evasion Items Clause: Evasion items are banned\n|rule|Evasion Moves Clause: Evasion moves are banned\n|rule|Species Clause: Limit one of each Pok\u00e9mon\n|rule|Sleep Clause Mod: Limit one foe put to sleep\n|clearpoke\n|poke|p1|Weavile, M|\n|poke|p1|Tornadus-Therian, M|\n|poke|p1|Iron Treads|\n|poke|p1|Garganacl, F|\n|poke|p1|Sinistcha|\n|poke|p1|Lopunny, M|\n|poke|p2|Sirfetch\u2019d, F|\n|poke|p2|Marowak-Alola, F|\n|poke|p2|Pinsir, M|\n|poke|p2|Obstagoon, M|\n|poke|p2|Lilligant-Hisui, F|\n|poke|p2|Clodsire, F|\n|teampreview\n|inactive|Battle timer is ON: inactive players will automatically lose when time's up. (requested by Cslug)\n|\n|t:|1699774092\n|start\n|switch|p1a: Lopunny|Lopunny, M|100\/100\n|switch|p2a: Sirfetch\u2019d|Sirfetch\u2019d, F|100\/100\n|turn|1\n|\n|t:|1699774095\n|detailschange|p1a: Lopunny|Lopunny-Mega, M\n|-mega|p1a: Lopunny|Lopunny|Lopunnite\n|move|p1a: Lopunny|Fake Out|p2a: Sirfetch\u2019d\n|-damage|p2a: Sirfetch\u2019d|75\/100\n|cant|p2a: Sirfetch\u2019d|flinch\n|\n|upkeep\n|turn|2\n|\n|t:|1699774116\n|move|p1a: Lopunny|U-turn|p2a: Sirfetch\u2019d\n|-resisted|p2a: Sirfetch\u2019d\n|-damage|p2a: Sirfetch\u2019d|63\/100\n|\n|t:|1699774120\n|switch|p1a: Tornadus|Tornadus-Therian, M|100\/100|[from] U-turn\n|move|p2a: Sirfetch\u2019d|Close Combat|p1a: Tornadus\n|-resisted|p1a: Tornadus\n|-damage|p1a: Tornadus|60\/100\n|-unboost|p2a: Sirfetch\u2019d|def|1\n|-unboost|p2a: Sirfetch\u2019d|spd|1\n|\n|upkeep\n|turn|3\n|\n|t:|1699774137\n|switch|p2a: Clodsire|Clodsire, F|100\/100\n|move|p1a: Tornadus|Bleakwind Storm|p2a: Clodsire|[miss]\n|-miss|p1a: Tornadus|p2a: Clodsire\n|\n|upkeep\n|turn|4\n|inactive|Powerbo has 120 seconds left.\n|\n|t:|1699774160\n|move|p1a: Tornadus|U-turn|p2a: Clodsire\n|-resisted|p2a: Clodsire\n|-damage|p2a: Clodsire|92\/100\n|inactive|Powerbo has 120 seconds left.\n|\n|t:|1699774167\n|switch|p1a: Garganacl|Garganacl, F|100\/100|[from] U-turn\n|move|p2a: Clodsire|Stealth Rock|p1a: Garganacl\n|-sidestart|p1: Powerbo|move: Stealth Rock\n|\n|-heal|p2a: Clodsire|99\/100|[from] item: Black Sludge\n|upkeep\n|turn|5\n|\n|t:|1699774176\n|switch|p2a: Lilligant|Lilligant-Hisui, F|100\/100\n|move|p1a: Garganacl|Salt Cure|p2a: Lilligant\n|-resisted|p2a: Lilligant\n|-damage|p2a: Lilligant|92\/100\n|-start|p2a: Lilligant|Salt Cure\n|\n|-damage|p2a: Lilligant|80\/100|[from] Salt Cure\n|upkeep\n|turn|6\n|\n|t:|1699774191\n|switch|p1a: Lopunny|Lopunny-Mega, M|100\/100\n|-damage|p1a: Lopunny|94\/100|[from] Stealth Rock\n|move|p2a: Lilligant|Leaf Blade|p1a: Lopunny\n|-damage|p1a: Lopunny|34\/100\n|\n|-damage|p2a: Lilligant|67\/100|[from] Salt Cure\n|upkeep\n|turn|7\n|\n|t:|1699774195\n|switch|p2a: Marowak|Marowak-Alola, F|100\/100\n|move|p1a: Lopunny|Fake Out|p2a: Marowak\n|-damage|p2a: Marowak|79\/100\n|\n|upkeep\n|turn|8\n|\n|t:|1699774214\n|move|p1a: Lopunny|Return|p2a: Marowak\n|-damage|p2a: Marowak|28\/100\n|move|p2a: Marowak|Double-Edge|p1a: Lopunny\n|-damage|p1a: Lopunny|0 fnt\n|faint|p1a: Lopunny\n|\n|upkeep\n|\n|t:|1699774219\n|switch|p1a: Iron Treads|Iron Treads|100\/100\n|-damage|p1a: Iron Treads|98\/100|[from] Stealth Rock\n|turn|9\n|\n|t:|1699774222\n|move|p1a: Iron Treads|Earthquake|p2a: Marowak\n|-supereffective|p2a: Marowak\n|-damage|p2a: Marowak|0 fnt\n|faint|p2a: Marowak\n|\n|-heal|p1a: Iron Treads|100\/100|[from] item: Leftovers\n|upkeep\n|\n|t:|1699774227\n|switch|p2a: Sirfetch\u2019d|Sirfetch\u2019d, F|63\/100\n|turn|10\n|\n|t:|1699774231\n|-end|p1a: Iron Treads|Quark Drive|[silent]\n|switch|p1a: Sinistcha|Sinistcha|100\/100\n|-damage|p1a: Sinistcha|88\/100|[from] Stealth Rock\n|move|p2a: Sirfetch\u2019d|Close Combat|p1a: Sinistcha\n|-damage|p1a: Sinistcha|35\/100\n|-unboost|p2a: Sirfetch\u2019d|def|1\n|-unboost|p2a: Sirfetch\u2019d|spd|1\n|\n|-heal|p1a: Sinistcha|41\/100|[from] item: Leftovers\n|upkeep\n|turn|11\n|\n|t:|1699774251\n|-terastallize|p1a: Sinistcha|Poison\n|move|p1a: Sinistcha|Strength Sap|p2a: Sirfetch\u2019d\n|-unboost|p2a: Sirfetch\u2019d|atk|1\n|-heal|p1a: Sinistcha|100\/100\n|move|p2a: Sirfetch\u2019d|Poison Jab|p1a: Sinistcha\n|-resisted|p1a: Sinistcha\n|-crit|p1a: Sinistcha\n|-damage|p1a: Sinistcha|82\/100\n|\n|-heal|p1a: Sinistcha|88\/100|[from] item: Leftovers\n|upkeep\n|turn|12\n|\n|t:|1699774259\n|switch|p2a: Clodsire|Clodsire, F|99\/100\n|move|p1a: Sinistcha|Calm Mind|p1a: Sinistcha\n|-boost|p1a: Sinistcha|spa|1\n|-boost|p1a: Sinistcha|spd|1\n|\n|-heal|p1a: Sinistcha|94\/100|[from] item: Leftovers\n|-heal|p2a: Clodsire|100\/100|[from] item: Black Sludge\n|upkeep\n|turn|13\n|\n|t:|1699774265\n|move|p1a: Sinistcha|Calm Mind|p1a: Sinistcha\n|-boost|p1a: Sinistcha|spa|1\n|-boost|p1a: Sinistcha|spd|1\n|move|p2a: Clodsire|Earthquake|p1a: Sinistcha\n|-supereffective|p1a: Sinistcha\n|-damage|p1a: Sinistcha|55\/100\n|\n|-heal|p1a: Sinistcha|61\/100|[from] item: Leftovers\n|upkeep\n|turn|14\n|\n|t:|1699774272\n|move|p1a: Sinistcha|Calm Mind|p1a: Sinistcha\n|-boost|p1a: Sinistcha|spa|1\n|-boost|p1a: Sinistcha|spd|1\n|move|p2a: Clodsire|Earthquake|p1a: Sinistcha\n|-supereffective|p1a: Sinistcha\n|-damage|p1a: Sinistcha|16\/100\n|\n|-heal|p1a: Sinistcha|22\/100|[from] item: Leftovers\n|upkeep\n|turn|15\n|\n|t:|1699774279\n|move|p1a: Sinistcha|Strength Sap|p2a: Clodsire\n|-unboost|p2a: Clodsire|atk|1\n|-heal|p1a: Sinistcha|76\/100\n|move|p2a: Clodsire|Earthquake|p1a: Sinistcha\n|-supereffective|p1a: Sinistcha\n|-damage|p1a: Sinistcha|48\/100\n|\n|-heal|p1a: Sinistcha|54\/100|[from] item: Leftovers\n|upkeep\n|turn|16\n|\n|t:|1699774283\n|move|p1a: Sinistcha|Strength Sap|p2a: Clodsire\n|-unboost|p2a: Clodsire|atk|1\n|-heal|p1a: Sinistcha|90\/100\n|move|p2a: Clodsire|Earthquake|p1a: Sinistcha\n|-supereffective|p1a: Sinistcha\n|-damage|p1a: Sinistcha|69\/100\n|\n|-heal|p1a: Sinistcha|75\/100|[from] item: Leftovers\n|upkeep\n|turn|17\n|\n|t:|1699774298\n|switch|p2a: Pinsir|Pinsir, M|100\/100\n|move|p1a: Sinistcha|Calm Mind|p1a: Sinistcha\n|-boost|p1a: Sinistcha|spa|1\n|-boost|p1a: Sinistcha|spd|1\n|\n|-heal|p1a: Sinistcha|81\/100|[from] item: Leftovers\n|upkeep\n|turn|18\n|\n|t:|1699774303\n|detailschange|p2a: Pinsir|Pinsir-Mega, M\n|-mega|p2a: Pinsir|Pinsir|Pinsirite\n|move|p2a: Pinsir|Return|p1a: Sinistcha\n|-damage|p1a: Sinistcha|24\/100\n|move|p1a: Sinistcha|Shadow Ball|p2a: Pinsir\n|-damage|p2a: Pinsir|0 fnt\n|faint|p2a: Pinsir\n|\n|-heal|p1a: Sinistcha|31\/100|[from] item: Leftovers\n|upkeep\n|\n|t:|1699774306\n|switch|p2a: Obstagoon|Obstagoon, M|100\/100\n|turn|19\n|\n|t:|1699774314\n|move|p2a: Obstagoon|Obstruct|p2a: Obstagoon\n|-singleturn|p2a: Obstagoon|Protect\n|move|p1a: Sinistcha|Strength Sap|p2a: Obstagoon\n|-unboost|p2a: Obstagoon|atk|1\n|-ability|p2a: Obstagoon|Defiant|boost\n|-boost|p2a: Obstagoon|atk|2\n|-heal|p1a: Sinistcha|100\/100\n|\n|upkeep\n|turn|20\n|\n|t:|1699774321\n|move|p2a: Obstagoon|Throat Chop|p1a: Sinistcha\n|-damage|p1a: Sinistcha|53\/100\n|-start|p1a: Sinistcha|Throat Chop|[silent]\n|-damage|p2a: Obstagoon|91\/100|[from] item: Life Orb\n|move|p1a: Sinistcha|Matcha Gotcha|p2a: Obstagoon\n|-damage|p2a: Obstagoon|0 fnt\n|-heal|p1a: Sinistcha|96\/100|[from] drain|[of] p2a: Obstagoon\n|faint|p2a: Obstagoon\n|\n|-heal|p1a: Sinistcha|100\/100|[from] item: Leftovers\n|upkeep\n|\n|t:|1699774332\n|switch|p2a: Lilligant|Lilligant-Hisui, F|67\/100\n|turn|21\n|\n|t:|1699774335\n|move|p2a: Lilligant|Sleep Powder|p1a: Sinistcha\n|-status|p1a: Sinistcha|slp|[from] move: Sleep Powder\n|cant|p1a: Sinistcha|slp\n|\n|-end|p1a: Sinistcha|Throat Chop|[silent]\n|upkeep\n|turn|22\n|\n|t:|1699774339\n|switch|p2a: Sirfetch\u2019d|Sirfetch\u2019d, F|63\/100\n|cant|p1a: Sinistcha|slp\n|\n|upkeep\n|turn|23\n|\n|t:|1699774350\n|cant|p1a: Sinistcha|slp\n|move|p2a: Sirfetch\u2019d|Knock Off|p1a: Sinistcha\n|-crit|p1a: Sinistcha\n|-damage|p1a: Sinistcha|57\/100 slp\n|-enditem|p1a: Sinistcha|Leftovers|[from] move: Knock Off|[of] p2a: Sirfetch\u2019d\n|\n|upkeep\n|turn|24\n|\n|t:|1699774356\n|-curestatus|p1a: Sinistcha|slp|[msg]\n|move|p1a: Sinistcha|Strength Sap|p2a: Sirfetch\u2019d\n|-unboost|p2a: Sirfetch\u2019d|atk|1\n|-heal|p1a: Sinistcha|100\/100\n|move|p2a: Sirfetch\u2019d|Knock Off|p1a: Sinistcha\n|-damage|p1a: Sinistcha|87\/100\n|\n|upkeep\n|turn|25\n|\n|t:|1699774362\n|switch|p2a: Clodsire|Clodsire, F|100\/100\n|move|p1a: Sinistcha|Matcha Gotcha|p2a: Clodsire\n|-damage|p2a: Clodsire|83\/100\n|-heal|p1a: Sinistcha|99\/100|[from] drain|[of] p2a: Clodsire\n|\n|-heal|p2a: Clodsire|89\/100|[from] item: Black Sludge\n|upkeep\n|turn|26\n|\n|t:|1699774371\n|move|p1a: Sinistcha|Calm Mind|p1a: Sinistcha\n|-boost|p1a: Sinistcha|spa|1\n|-boost|p1a: Sinistcha|spd|1\n|move|p2a: Clodsire|Earthquake|p1a: Sinistcha\n|-supereffective|p1a: Sinistcha\n|-damage|p1a: Sinistcha|54\/100\n|\n|-heal|p2a: Clodsire|96\/100|[from] item: Black Sludge\n|upkeep\n|turn|27\n|\n|t:|1699774375\n|move|p1a: Sinistcha|Strength Sap|p2a: Clodsire\n|-unboost|p2a: Clodsire|atk|1\n|-heal|p1a: Sinistcha|100\/100\n|move|p2a: Clodsire|Earthquake|p1a: Sinistcha\n|-supereffective|p1a: Sinistcha\n|-damage|p1a: Sinistcha|74\/100\n|\n|-heal|p2a: Clodsire|100\/100|[from] item: Black Sludge\n|upkeep\n|turn|28\n|\n|t:|1699774380\n|switch|p2a: Lilligant|Lilligant-Hisui, F|67\/100\n|move|p1a: Sinistcha|Strength Sap|p2a: Lilligant\n|-unboost|p2a: Lilligant|atk|1\n|-heal|p1a: Sinistcha|100\/100\n|\n|upkeep\n|turn|29\n|\n|t:|1699774388\n|move|p2a: Lilligant|Sleep Powder|p1a: Sinistcha\n|-status|p1a: Sinistcha|slp|[from] move: Sleep Powder\n|cant|p1a: Sinistcha|slp\n|\n|upkeep\n|turn|30\n|\n|t:|1699774391\n|switch|p2a: Clodsire|Clodsire, F|100\/100\n|-curestatus|p1a: Sinistcha|slp|[msg]\n|move|p1a: Sinistcha|Calm Mind|p1a: Sinistcha\n|-boost|p1a: Sinistcha|spa|1\n|-boost|p1a: Sinistcha|spd|1\n|\n|upkeep\n|turn|31\n|\n|t:|1699774394\n|move|p1a: Sinistcha|Shadow Ball|p2a: Clodsire\n|-damage|p2a: Clodsire|85\/100\n|move|p2a: Clodsire|Earthquake|p1a: Sinistcha\n|-supereffective|p1a: Sinistcha\n|-damage|p1a: Sinistcha|58\/100\n|\n|-heal|p2a: Clodsire|91\/100|[from] item: Black Sludge\n|upkeep\n|turn|32\n|\n|t:|1699774399\n|move|p1a: Sinistcha|Strength Sap|p2a: Clodsire\n|-unboost|p2a: Clodsire|atk|1\n|-heal|p1a: Sinistcha|100\/100\n|move|p2a: Clodsire|Earthquake|p1a: Sinistcha\n|-supereffective|p1a: Sinistcha\n|-damage|p1a: Sinistcha|71\/100\n|\n|-heal|p2a: Clodsire|97\/100|[from] item: Black Sludge\n|upkeep\n|turn|33\n|\n|t:|1699774404\n|move|p1a: Sinistcha|Matcha Gotcha|p2a: Clodsire\n|-damage|p2a: Clodsire|80\/100\n|-heal|p1a: Sinistcha|83\/100|[from] drain|[of] p2a: Clodsire\n|move|p2a: Clodsire|Earthquake|p1a: Sinistcha\n|-supereffective|p1a: Sinistcha\n|-damage|p1a: Sinistcha|58\/100\n|\n|-heal|p2a: Clodsire|86\/100|[from] item: Black Sludge\n|upkeep\n|turn|34\n|\n|t:|1699774408\n|move|p1a: Sinistcha|Strength Sap|p2a: Clodsire\n|-unboost|p2a: Clodsire|atk|1\n|-heal|p1a: Sinistcha|94\/100\n|move|p2a: Clodsire|Earthquake|p1a: Sinistcha\n|-supereffective|p1a: Sinistcha\n|-damage|p1a: Sinistcha|71\/100\n|\n|-heal|p2a: Clodsire|92\/100|[from] item: Black Sludge\n|upkeep\n|turn|35\n|\n|t:|1699774411\n|move|p1a: Sinistcha|Shadow Ball|p2a: Clodsire\n|-damage|p2a: Clodsire|74\/100\n|move|p2a: Clodsire|Earthquake|p1a: Sinistcha\n|-supereffective|p1a: Sinistcha\n|-damage|p1a: Sinistcha|48\/100\n|\n|-heal|p2a: Clodsire|80\/100|[from] item: Black Sludge\n|upkeep\n|turn|36\n|\n|t:|1699774418\n|switch|p1a: Weavile|Weavile, M|100\/100\n|-damage|p1a: Weavile|76\/100|[from] Stealth Rock\n|move|p2a: Clodsire|Earthquake|p1a: Weavile\n|-damage|p1a: Weavile|54\/100\n|\n|-heal|p2a: Clodsire|87\/100|[from] item: Black Sludge\n|upkeep\n|turn|37\n|\n|t:|1699774421\n|switch|p2a: Sirfetch\u2019d|Sirfetch\u2019d, F|63\/100\n|move|p1a: Weavile|Triple Axel|p2a: Sirfetch\u2019d\n|-crit|p2a: Sirfetch\u2019d\n|-damage|p2a: Sirfetch\u2019d|37\/100\n|-damage|p2a: Sirfetch\u2019d|4\/100\n|-damage|p2a: Sirfetch\u2019d|0 fnt\n|faint|p2a: Sirfetch\u2019d\n|-hitcount|p2: Sirfetch\u2019d|3\n|\n|upkeep\n|\n|t:|1699774425\n|switch|p2a: Clodsire|Clodsire, F|87\/100\n|turn|38\n|\n|t:|1699774432\n|move|p1a: Weavile|Triple Axel|p2a: Clodsire\n|-supereffective|p2a: Clodsire\n|-damage|p2a: Clodsire|49\/100\n|-supereffective|p2a: Clodsire\n|-damage|p2a: Clodsire|0 fnt\n|faint|p2a: Clodsire\n|-hitcount|p2: Clodsire|2\n|\n|upkeep\n|\n|t:|1699774433\n|switch|p2a: Lilligant|Lilligant-Hisui, F|67\/100\n|turn|39\n|\n|t:|1699774445\n|move|p1a: Weavile|Triple Axel|p2a: Lilligant|[miss]\n|-miss|p1a: Weavile|p2a: Lilligant\n|move|p2a: Lilligant|Leaf Blade|p1a: Weavile|[miss]\n|-miss|p2a: Lilligant|p1a: Weavile\n|-enditem|p2a: Lilligant|Blunder Policy\n|-boost|p2a: Lilligant|spe|2\n|\n|upkeep\n|turn|40\n|\n|t:|1699774456\n|move|p2a: Lilligant|Leaf Blade|p1a: Weavile|[miss]\n|-miss|p2a: Lilligant|p1a: Weavile\n|move|p1a: Weavile|Triple Axel|p2a: Lilligant\n|-supereffective|p2a: Lilligant\n|-damage|p2a: Lilligant|26\/100\n|-supereffective|p2a: Lilligant\n|-damage|p2a: Lilligant|0 fnt\n|faint|p2a: Lilligant\n|-hitcount|p2: Lilligant|2\n|\n|win|Powerbo\n|raw|Powerbo's rating: 1274 &rarr; <strong>1289<\/strong><br \/>(+15 for winning)\n|raw|Cslug's rating: 1133 &rarr; <strong>1118<\/strong><br \/>(-15 for losing)\n|c|\u2606Powerbo|gg\n|l|\u2606Cslug\n","uploadtime":1699774465,"views":4,"p1id":"powerbo","p2id":"cslug","formatid":"gen9nationaldex","rating":1118,"private":0,"password":""}