{"id":"gen9nationaldex-1996120568","p1":"AlastorTheOverlord","p2":"GT382749","format":"[Gen 9] National Dex","log":"|html|<div class=\"broadcast-blue\"><strong>[Gen 9] National Dex is currently suspecting Sneasler! For information on how to participate check out the <a href=\"https:\/\/www.smogon.com\/forums\/threads\/sv-national-dex-suspect-8-just-dance.3731534\/\">suspect thread<\/a>.<\/strong><\/div>\n|j|\u2606AlastorTheOverlord\n|j|\u2606GT382749\n|t:|1700647261\n|gametype|singles\n|player|p1|AlastorTheOverlord|n|1201\n|player|p2|GT382749|pokemonranger-gen4|1336\n|teamsize|p1|6\n|teamsize|p2|6\n|gen|9\n|tier|[Gen 9] National Dex\n|rated|\n|rule|HP Percentage Mod: HP is shown in percentages\n|rule|Endless Battle Clause: Forcing endless battles is banned\n|rule|OHKO Clause: OHKO moves are banned\n|rule|Evasion Clause: Evasion abilities, items, and moves are banned\n|rule|Evasion Abilities Clause: Evasion abilities are banned\n|rule|Evasion Items Clause: Evasion items are banned\n|rule|Evasion Moves Clause: Evasion moves are banned\n|rule|Species Clause: Limit one of each Pok\u00e9mon\n|rule|Sleep Clause Mod: Limit one foe put to sleep\n|clearpoke\n|poke|p1|Greninja-*, M|\n|poke|p1|Garchomp, M|\n|poke|p1|Chandelure, M|\n|poke|p1|Azumarill, M|\n|poke|p1|Aegislash, M|\n|poke|p1|Talonflame, F|\n|poke|p2|Mawile, F|\n|poke|p2|Rotom-Wash|\n|poke|p2|Heatran, M|\n|poke|p2|Samurott-Hisui, F|\n|poke|p2|Clodsire, M|\n|poke|p2|Iron Valiant|\n|teampreview\n|inactive|Battle timer is ON: inactive players will automatically lose when time's up. (requested by AlastorTheOverlord)\n|\n|t:|1700647270\n|start\n|switch|p1a: Talonflame|Talonflame, F|100\/100\n|switch|p2a: Samurott|Samurott-Hisui, F|100\/100\n|turn|1\n|\n|t:|1700647274\n|move|p1a: Talonflame|U-turn|p2a: Samurott\n|-supereffective|p2a: Samurott\n|-crit|p2a: Samurott\n|-damage|p2a: Samurott|31\/100\n|\n|t:|1700647280\n|switch|p1a: Greninja|Greninja, M|100\/100|[from] U-turn\n|move|p2a: Samurott|Ceaseless Edge|p1a: Greninja\n|-resisted|p1a: Greninja\n|-damage|p1a: Greninja|63\/100\n|-sidestart|p1: AlastorTheOverlord|Spikes\n|\n|-heal|p2a: Samurott|38\/100|[from] item: Leftovers\n|upkeep\n|turn|2\n|\n|t:|1700647290\n|move|p1a: Greninja|Grass Knot|p2a: Samurott\n|-start|p1a: Greninja|typechange|Grass|[from] ability: Protean\n|-supereffective|p2a: Samurott\n|-damage|p2a: Samurott|0 fnt\n|faint|p2a: Samurott\n|-damage|p1a: Greninja|53\/100|[from] item: Life Orb\n|\n|upkeep\n|\n|t:|1700647311\n|switch|p2a: Mawile|Mawile, F|100\/100\n|-ability|p2a: Mawile|Intimidate|boost\n|-unboost|p1a: Greninja|atk|1\n|turn|3\n|\n|t:|1700647318\n|detailschange|p2a: Mawile|Mawile-Mega, F\n|-mega|p2a: Mawile|Mawile|Mawilite\n|move|p1a: Greninja|Water Shuriken|p2a: Mawile\n|-damage|p2a: Mawile|94\/100\n|-damage|p2a: Mawile|87\/100\n|-damage|p2a: Mawile|79\/100\n|-damage|p2a: Mawile|72\/100\n|-hitcount|p2a: Mawile|4\n|-damage|p1a: Greninja|43\/100|[from] item: Life Orb\n|move|p2a: Mawile|Swords Dance|p2a: Mawile\n|-boost|p2a: Mawile|atk|2\n|\n|upkeep\n|turn|4\n|\n|t:|1700647327\n|move|p2a: Mawile|Sucker Punch|p1a: Greninja\n|-damage|p1a: Greninja|0 fnt\n|faint|p1a: Greninja\n|\n|upkeep\n|\n|t:|1700647330\n|switch|p1a: Talonflame|Talonflame, F|100\/100\n|turn|5\n|\n|t:|1700647334\n|move|p1a: Talonflame|Defog|p2a: Mawile\n|-unboost|p2a: Mawile|evasion|1\n|-sideend|p1: AlastorTheOverlord|Spikes|[from] move: Defog|[of] p1a: Talonflame\n|move|p2a: Mawile|Sucker Punch||[still]\n|-fail|p2a: Mawile\n|\n|upkeep\n|turn|6\n|\n|t:|1700647344\n|switch|p2a: Rotom|Rotom-Wash|100\/100\n|move|p1a: Talonflame|Flare Blitz|p2a: Rotom\n|-resisted|p2a: Rotom\n|-damage|p2a: Rotom|71\/100\n|-damage|p1a: Talonflame|92\/100|[from] Recoil\n|\n|upkeep\n|turn|7\n|\n|t:|1700647359\n|move|p2a: Rotom|Volt Switch|p1a: Talonflame\n|-supereffective|p1a: Talonflame\n|-damage|p1a: Talonflame|0 fnt\n|faint|p1a: Talonflame\n|inactive|GT382749 has 120 seconds left.\n|\n|t:|1700647390\n|switch|p2a: Mawile|Mawile-Mega, F|72\/100|[from] Volt Switch\n|\n|upkeep\n|\n|t:|1700647404\n|switch|p1a: Chandelure|Chandelure, M|100\/100\n|turn|8\n|\n|t:|1700647421\n|move|p2a: Mawile|Sucker Punch|p1a: Chandelure\n|-supereffective|p1a: Chandelure\n|-damage|p1a: Chandelure|0 fnt\n|faint|p1a: Chandelure\n|\n|upkeep\n|\n|t:|1700647424\n|switch|p1a: Azumarill|Azumarill, M|100\/100\n|turn|9\n|\n|t:|1700647437\n|switch|p2a: Rotom|Rotom-Wash|71\/100\n|move|p1a: Azumarill|Belly Drum|p1a: Azumarill\n|-damage|p1a: Azumarill|51\/100\n|-setboost|p1a: Azumarill|atk|6|[from] move: Belly Drum\n|\n|upkeep\n|turn|10\n|\n|t:|1700647444\n|move|p1a: Azumarill|Aqua Jet|p2a: Rotom\n|-resisted|p2a: Rotom\n|-damage|p2a: Rotom|6\/100\n|move|p2a: Rotom|Defog|p1a: Azumarill\n|-unboost|p1a: Azumarill|evasion|1\n|\n|upkeep\n|turn|11\n|\n|t:|1700647467\n|switch|p2a: Mawile|Mawile-Mega, F|72\/100\n|move|p1a: Azumarill|Aqua Jet|p2a: Mawile\n|-damage|p2a: Mawile|0 fnt\n|faint|p2a: Mawile\n|\n|upkeep\n|\n|t:|1700647471\n|switch|p2a: Heatran|Heatran, M|100\/100\n|turn|12\n|\n|t:|1700647480\n|-terastallize|p2a: Heatran|Grass\n|move|p1a: Azumarill|Aqua Jet|p2a: Heatran\n|-resisted|p2a: Heatran\n|-damage|p2a: Heatran|55\/100\n|move|p2a: Heatran|Tera Blast|p1a: Azumarill|[anim] Tera Blast Grass\n|-supereffective|p1a: Azumarill\n|-damage|p1a: Azumarill|0 fnt\n|faint|p1a: Azumarill\n|\n|upkeep\n|\n|t:|1700647487\n|switch|p1a: Garchomp|Garchomp, M|100\/100\n|turn|13\n|\n|t:|1700647495\n|switch|p2a: Rotom|Rotom-Wash|6\/100\n|detailschange|p1a: Garchomp|Garchomp-Mega, M\n|-mega|p1a: Garchomp|Garchomp|Garchompite\n|move|p1a: Garchomp|Swords Dance|p1a: Garchomp\n|-boost|p1a: Garchomp|atk|2\n|\n|upkeep\n|turn|14\n|\n|t:|1700647501\n|move|p2a: Rotom|Trick||[still]\n|-fail|p2a: Rotom\n|move|p1a: Garchomp|Rock Slide|p2a: Rotom\n|-damage|p2a: Rotom|0 fnt\n|faint|p2a: Rotom\n|\n|upkeep\n|\n|t:|1700647518\n|switch|p2a: Iron Valiant|Iron Valiant|100\/100\n|turn|15\n|\n|t:|1700647524\n|move|p2a: Iron Valiant|Moonblast|p1a: Garchomp\n|-supereffective|p1a: Garchomp\n|-damage|p1a: Garchomp|0 fnt\n|faint|p1a: Garchomp\n|-damage|p2a: Iron Valiant|91\/100|[from] item: Life Orb\n|\n|upkeep\n|\n|t:|1700647527\n|switch|p1a: Aegislash|Aegislash, M|100\/100\n|turn|16\n|\n|t:|1700647533\n|move|p2a: Iron Valiant|Thunderbolt|p1a: Aegislash\n|-damage|p1a: Aegislash|70\/100\n|-damage|p2a: Iron Valiant|81\/100|[from] item: Life Orb\n|move|p1a: Aegislash|Swords Dance|p1a: Aegislash\n|-boost|p1a: Aegislash|atk|2\n|\n|-heal|p1a: Aegislash|76\/100|[from] item: Leftovers\n|upkeep\n|turn|17\n|\n|t:|1700647544\n|move|p2a: Iron Valiant|Thunderbolt|p1a: Aegislash\n|-damage|p1a: Aegislash|46\/100\n|-damage|p2a: Iron Valiant|71\/100|[from] item: Life Orb\n|move|p1a: Aegislash|Swords Dance|p1a: Aegislash\n|-boost|p1a: Aegislash|atk|2\n|\n|-heal|p1a: Aegislash|52\/100|[from] item: Leftovers\n|upkeep\n|turn|18\n|\n|t:|1700647550\n|-end|p2a: Iron Valiant|Quark Drive|[silent]\n|switch|p2a: Heatran|Heatran, M, tera:Grass|55\/100\n|-formechange|p1a: Aegislash|Aegislash-Blade||[from] ability: Stance Change\n|move|p1a: Aegislash|Shadow Sneak|p2a: Heatran\n|-damage|p2a: Heatran|0 fnt\n|faint|p2a: Heatran\n|\n|-heal|p1a: Aegislash|58\/100|[from] item: Leftovers\n|upkeep\n|\n|t:|1700647554\n|switch|p2a: Clodsire|Clodsire, M|100\/100\n|turn|19\n|\n|t:|1700647561\n|move|p1a: Aegislash|Iron Head|p2a: Clodsire\n|-damage|p2a: Clodsire|48\/100\n|move|p2a: Clodsire|Haze|p2a: Clodsire\n|-clearallboost\n|\n|-heal|p1a: Aegislash|65\/100|[from] item: Leftovers\n|upkeep\n|turn|20\n|\n|t:|1700647566\n|switch|p2a: Iron Valiant|Iron Valiant|71\/100\n|move|p1a: Aegislash|Iron Head|p2a: Iron Valiant\n|-supereffective|p2a: Iron Valiant\n|-damage|p2a: Iron Valiant|0 fnt\n|faint|p2a: Iron Valiant\n|-end|p2a: Iron Valiant|Quark Drive|[silent]\n|\n|-heal|p1a: Aegislash|71\/100|[from] item: Leftovers\n|upkeep\n|\n|t:|1700647569\n|switch|p2a: Clodsire|Clodsire, M|48\/100\n|turn|21\n|\n|t:|1700647578\n|move|p1a: Aegislash|Iron Head|p2a: Clodsire\n|-damage|p2a: Clodsire|0 fnt\n|faint|p2a: Clodsire\n|\n|win|AlastorTheOverlord\n|raw|AlastorTheOverlord's rating: 1201 &rarr; <strong>1235<\/strong><br \/>(+34 for winning)\n|raw|GT382749's rating: 1336 &rarr; <strong>1309<\/strong><br \/>(-27 for losing)\n","uploadtime":1700647582,"views":9,"p1id":"alastortheoverlord","p2id":"gt382749","formatid":"gen9nationaldex","rating":1235,"private":0,"password":""}