{"id":"gen9nationaldex-1999416330","p1":"excadrillinpaldea","p2":"0-6 or 6-0","format":"[Gen 9] National Dex","log":"|html|<div class=\"broadcast-blue\"><strong>[Gen 9] National Dex is currently suspecting Sneasler! For information on how to participate check out the <a href=\"https:\/\/www.smogon.com\/forums\/threads\/sv-national-dex-suspect-8-just-dance.3731534\/\">suspect thread<\/a>.<\/strong><\/div>\n|j|\u2606excadrillinpaldea\n|j|\u26060-6 or 6-0\n|inactive|Battle timer is ON: inactive players will automatically lose when time's up.\n|t:|1701076894\n|gametype|singles\n|player|p1|excadrillinpaldea|winona|\n|player|p2|0-6 or 6-0|xerosic|\n|teamsize|p1|6\n|teamsize|p2|6\n|gen|9\n|tier|[Gen 9] National Dex\n|rated|Tournament battle\n|rule|HP Percentage Mod: HP is shown in percentages\n|rule|Endless Battle Clause: Forcing endless battles is banned\n|rule|OHKO Clause: OHKO moves are banned\n|rule|Evasion Clause: Evasion abilities, items, and moves are banned\n|rule|Evasion Abilities Clause: Evasion abilities are banned\n|rule|Evasion Items Clause: Evasion items are banned\n|rule|Evasion Moves Clause: Evasion moves are banned\n|rule|Species Clause: Limit one of each Pok\u00e9mon\n|rule|Sleep Clause Mod: Limit one foe put to sleep\n|clearpoke\n|poke|p1|Shuckle, L1, F|\n|poke|p1|Charizard, M|\n|poke|p1|Meowscarada, M|\n|poke|p1|Volcarona, F|\n|poke|p1|Great Tusk|\n|poke|p1|Tapu Lele|\n|poke|p2|Volcarona, F|\n|poke|p2|Tapu Lele|\n|poke|p2|Gyarados, M|\n|poke|p2|Iron Valiant|\n|poke|p2|Iron Treads|\n|poke|p2|Sneasler, F|\n|teampreview\n|inactive|excadrillinpaldea also wants the timer to be on.\n|inactive|0-6 or 6-0 also wants the timer to be on.\n|\n|t:|1701076902\n|start\n|switch|p1a: shuck|Shuckle, L1, F|100\/100\n|switch|p2a: Iron Treads|Iron Treads|100\/100\n|turn|1\n|c|\u26060-6 or 6-0|oh god\n|\n|t:|1701076918\n|switch|p1a: big lizard|Charizard, M|100\/100\n|move|p2a: Iron Treads|Iron Head|p1a: big lizard\n|-resisted|p1a: big lizard\n|-damage|p1a: big lizard|72\/100\n|\n|upkeep\n|turn|2\n|\n|t:|1701076921\n|-end|p2a: Iron Treads|Quark Drive|[silent]\n|switch|p2a: Gyarados|Gyarados, M|100\/100\n|-ability|p2a: Gyarados|Intimidate|boost\n|-unboost|p1a: big lizard|atk|1\n|detailschange|p1a: big lizard|Charizard-Mega-Y, M\n|-mega|p1a: big lizard|Charizard|Charizardite Y\n|-weather|SunnyDay|[from] ability: Drought|[of] p1a: big lizard\n|move|p1a: big lizard|Weather Ball|p2a: Gyarados\n|-resisted|p2a: Gyarados\n|-damage|p2a: Gyarados|54\/100\n|\n|-weather|SunnyDay|[upkeep]\n|upkeep\n|turn|3\n|\n|t:|1701076927\n|move|p1a: big lizard|Air Slash|p2a: Gyarados\n|-damage|p2a: Gyarados|5\/100\n|move|p2a: Gyarados|Substitute|p2a: Gyarados\n|-fail|p2a: Gyarados|move: Substitute|[weak]\n|\n|-weather|SunnyDay|[upkeep]\n|upkeep\n|turn|4\n|\n|t:|1701076940\n|switch|p2a: Tapu Lele|Tapu Lele|100\/100\n|-fieldstart|move: Psychic Terrain|[from] ability: Psychic Surge|[of] p2a: Tapu Lele\n|move|p1a: big lizard|Air Slash|p2a: Tapu Lele\n|-damage|p2a: Tapu Lele|48\/100\n|\n|-weather|SunnyDay|[upkeep]\n|upkeep\n|turn|5\n|\n|t:|1701076948\n|move|p2a: Tapu Lele|Psychic|p1a: big lizard\n|-damage|p1a: big lizard|10\/100\n|move|p1a: big lizard|Weather Ball|p2a: Tapu Lele\n|-damage|p2a: Tapu Lele|0 fnt\n|faint|p2a: Tapu Lele\n|\n|-weather|SunnyDay|[upkeep]\n|upkeep\n|\n|t:|1701076955\n|switch|p2a: Iron Valiant|Iron Valiant|100\/100\n|turn|6\n|\n|t:|1701076958\n|move|p2a: Iron Valiant|Moonblast|p1a: big lizard\n|-resisted|p1a: big lizard\n|-damage|p1a: big lizard|0 fnt\n|faint|p1a: big lizard\n|\n|-weather|none\n|upkeep\n|\n|t:|1701076964\n|switch|p1a: shuck|Shuckle, L1, F|100\/100\n|turn|7\n|\n|t:|1701076967\n|-end|p2a: Iron Valiant|Quark Drive|[silent]\n|switch|p2a: Iron Treads|Iron Treads|100\/100\n|move|p1a: shuck|Sticky Web|p2a: Iron Treads\n|-sidestart|p2: 0-6 or 6-0|move: Sticky Web\n|\n|upkeep\n|turn|8\n|\n|t:|1701076969\n|move|p2a: Iron Treads|Rapid Spin|p1a: shuck\n|-resisted|p1a: shuck\n|-ability|p1a: shuck|Sturdy\n|-damage|p1a: shuck|10\/100\n|-boost|p2a: Iron Treads|spe|1\n|-sideend|p2: 0-6 or 6-0|Sticky Web|[from] move: Rapid Spin|[of] p2a: Iron Treads\n|-enditem|p1a: shuck|Oran Berry|[eat]\n|-heal|p1a: shuck|100\/100|[from] item: Oran Berry\n|move|p1a: shuck|Knock Off|p2a: Iron Treads\n|-damage|p2a: Iron Treads|99\/100\n|-enditem|p2a: Iron Treads|Leftovers|[from] move: Knock Off|[of] p1a: shuck\n|\n|-fieldend|move: Psychic Terrain\n|upkeep\n|turn|9\n|\n|t:|1701076986\n|-end|p2a: Iron Treads|Quark Drive|[silent]\n|switch|p2a: Gyarados|Gyarados, M|5\/100\n|-ability|p2a: Gyarados|Intimidate|boost\n|-unboost|p1a: shuck|atk|1\n|switch|p1a: onlyphans|Great Tusk|100\/100\n|\n|upkeep\n|turn|10\n|\n|t:|1701076993\n|switch|p2a: Iron Valiant|Iron Valiant|100\/100\n|move|p1a: onlyphans|Rapid Spin|p2a: Iron Valiant\n|-damage|p2a: Iron Valiant|77\/100\n|-boost|p1a: onlyphans|spe|1\n|\n|upkeep\n|turn|11\n|\n|t:|1701076996\n|move|p1a: onlyphans|Headlong Rush|p2a: Iron Valiant\n|-damage|p2a: Iron Valiant|0 fnt\n|-unboost|p1a: onlyphans|def|1\n|-unboost|p1a: onlyphans|spd|1\n|faint|p2a: Iron Valiant\n|-end|p2a: Iron Valiant|Quark Drive|[silent]\n|\n|upkeep\n|\n|t:|1701077003\n|switch|p2a: Volcarona|Volcarona, F|100\/100\n|turn|12\n|\n|t:|1701077013\n|-terastallize|p2a: Volcarona|Grass\n|move|p1a: onlyphans|Headlong Rush|p2a: Volcarona\n|-resisted|p2a: Volcarona\n|-damage|p2a: Volcarona|68\/100\n|-unboost|p1a: onlyphans|def|1\n|-unboost|p1a: onlyphans|spd|1\n|move|p2a: Volcarona|Quiver Dance|p2a: Volcarona\n|-boost|p2a: Volcarona|spa|1\n|-boost|p2a: Volcarona|spd|1\n|-boost|p2a: Volcarona|spe|1\n|\n|upkeep\n|turn|13\n|\n|t:|1701077022\n|move|p1a: onlyphans|Close Combat|p2a: Volcarona\n|-damage|p2a: Volcarona|6\/100\n|-unboost|p1a: onlyphans|def|1\n|-unboost|p1a: onlyphans|spd|1\n|move|p2a: Volcarona|Flamethrower|p1a: onlyphans\n|-damage|p1a: onlyphans|0 fnt\n|faint|p1a: onlyphans\n|-end|p1a: onlyphans|Protosynthesis|[silent]\n|\n|upkeep\n|\n|t:|1701077026\n|switch|p1a: furry bait|Meowscarada, M|100\/100\n|turn|14\n|\n|t:|1701077029\n|move|p1a: furry bait|Sucker Punch||[still]\n|-fail|p1a: furry bait\n|move|p2a: Volcarona|Roost|p2a: Volcarona\n|-heal|p2a: Volcarona|56\/100\n|\n|upkeep\n|turn|15\n|\n|t:|1701077035\n|move|p2a: Volcarona|Bug Buzz|p1a: furry bait\n|-supereffective|p1a: furry bait\n|-damage|p1a: furry bait|0 fnt\n|faint|p1a: furry bait\n|\n|upkeep\n|\n|t:|1701077041\n|switch|p1a: daybreak|Volcarona, F|100\/100\n|turn|16\n|\n|t:|1701077047\n|move|p2a: Volcarona|Flamethrower|p1a: daybreak\n|-crit|p1a: daybreak\n|-enditem|p1a: daybreak|Focus Sash\n|-damage|p1a: daybreak|1\/100\n|move|p1a: daybreak|Flamethrower|p2a: Volcarona\n|-supereffective|p2a: Volcarona\n|-damage|p2a: Volcarona|0 fnt\n|faint|p2a: Volcarona\n|\n|upkeep\n|\n|t:|1701077060\n|switch|p2a: Iron Treads|Iron Treads|99\/100\n|turn|17\n|\n|t:|1701077062\n|move|p2a: Iron Treads|Rapid Spin|p1a: daybreak\n|-damage|p1a: daybreak|0 fnt\n|-boost|p2a: Iron Treads|spe|1\n|-status|p2a: Iron Treads|brn|[from] ability: Flame Body|[of] p1a: daybreak\n|faint|p1a: daybreak\n|\n|-damage|p2a: Iron Treads|94\/100 brn|[from] brn\n|upkeep\n|c|\u26060-6 or 6-0|ofc\n|c|\u2606excadrillinpaldea|it always burns why is this a shock to you\n|c|\u26060-6 or 6-0|it doesnt\n|\n|t:|1701077086\n|switch|p1a: mug thing|Tapu Lele|100\/100\n|-fieldstart|move: Psychic Terrain|[from] ability: Psychic Surge|[of] p1a: mug thing\n|turn|18\n|\n|t:|1701077088\n|-terastallize|p1a: mug thing|Psychic\n|move|p2a: Iron Treads|Iron Head|p1a: mug thing\n|-damage|p1a: mug thing|71\/100\n|move|p1a: mug thing|Psychic|p2a: Iron Treads\n|-resisted|p2a: Iron Treads\n|-damage|p2a: Iron Treads|14\/100 brn\n|\n|-damage|p2a: Iron Treads|7\/100 brn|[from] brn\n|upkeep\n|turn|19\n|\n|t:|1701077093\n|move|p2a: Iron Treads|Earthquake|p1a: mug thing\n|-damage|p1a: mug thing|34\/100\n|move|p1a: mug thing|Psychic|p2a: Iron Treads\n|-resisted|p2a: Iron Treads\n|-damage|p2a: Iron Treads|0 fnt\n|faint|p2a: Iron Treads\n|-end|p2a: Iron Treads|Quark Drive|[silent]\n|\n|upkeep\n|\n|t:|1701077098\n|switch|p2a: Sneasler|Sneasler, F|100\/100\n|-enditem|p2a: Sneasler|Psychic Seed\n|-boost|p2a: Sneasler|spd|1|[from] item: Psychic Seed\n|turn|20\n|j| Penter\n|\n|t:|1701077110\n|move|p2a: Sneasler|Dire Claw|p1a: mug thing\n|-damage|p1a: mug thing|0 fnt\n|faint|p1a: mug thing\n|\n|upkeep\n|\n|t:|1701077113\n|switch|p1a: shuck|Shuckle, L1, F|100\/100\n|turn|21\n|c|\u26060-6 or 6-0|gg\n|c|\u2606excadrillinpaldea|shuck\n|\n|t:|1701077121\n|move|p2a: Sneasler|Dire Claw|p1a: shuck\n|-resisted|p1a: shuck\n|-ability|p1a: shuck|Sturdy\n|-damage|p1a: shuck|10\/100\n|-status|p1a: shuck|psn\n|move|p1a: shuck|Infestation|p2a: Sneasler\n|-resisted|p2a: Sneasler\n|-damage|p2a: Sneasler|99\/100\n|-activate|p2a: Sneasler|move: Infestation|[of] p1a: shuck\n|\n|-damage|p1a: shuck|0 fnt|[from] psn\n|faint|p1a: shuck\n|\n|win|0-6 or 6-0\n|upkeep\n|n|\u2606excadrillinpaldea|excadrillinpaldea\n|n|\u26060-6 or 6-0|06or60\n|n| Penter|penter\n","uploadtime":1701077122,"views":4,"p1id":"excadrillinpaldea","p2id":"06or60","formatid":"gen9nationaldex","rating":0,"private":0,"password":""}