{"id":"gen9nationaldex-1993330158","p1":"espino15234125","p2":"RunningPoet","format":"[Gen 9] National Dex","log":"|j|\u2606espino15234125\n|j|\u2606RunningPoet\n|t:|1700299686\n|gametype|singles\n|player|p1|espino15234125|170|1216\n|player|p2|RunningPoet|266|1160\n|teamsize|p1|6\n|teamsize|p2|6\n|gen|9\n|tier|[Gen 9] National Dex\n|rated|\n|rule|HP Percentage Mod: HP is shown in percentages\n|rule|Endless Battle Clause: Forcing endless battles is banned\n|rule|OHKO Clause: OHKO moves are banned\n|rule|Evasion Clause: Evasion abilities, items, and moves are banned\n|rule|Evasion Abilities Clause: Evasion abilities are banned\n|rule|Evasion Items Clause: Evasion items are banned\n|rule|Evasion Moves Clause: Evasion moves are banned\n|rule|Species Clause: Limit one of each Pok\u00e9mon\n|rule|Sleep Clause Mod: Limit one foe put to sleep\n|clearpoke\n|poke|p1|Slowking, M|\n|poke|p1|Sandslash-Alola, F|\n|poke|p1|Ninetales-Alola, M|\n|poke|p1|Mew|\n|poke|p1|Volcarona, F|\n|poke|p1|Banette, F|\n|poke|p2|Ribombee, F|\n|poke|p2|Absol, F|\n|poke|p2|Aegislash, M|\n|poke|p2|Garchomp, F|\n|poke|p2|Hawlucha, F|\n|poke|p2|Rillaboom, F|\n|teampreview\n|inactive|Battle timer is ON: inactive players will automatically lose when time's up. (requested by RunningPoet)\n|\n|t:|1700299707\n|start\n|switch|p1a: Ninetales|Ninetales-Alola, M|100\/100\n|switch|p2a: Ribombee|Ribombee, F|100\/100\n|-weather|Snow|[from] ability: Snow Warning|[of] p1a: Ninetales\n|turn|1\n|\n|t:|1700299714\n|move|p2a: Ribombee|Sticky Web|p1a: Ninetales\n|-sidestart|p1: espino15234125|move: Sticky Web\n|move|p1a: Ninetales|Hypnosis|p2a: Ribombee\n|-status|p2a: Ribombee|slp|[from] move: Hypnosis\n|\n|-weather|Snow|[upkeep]\n|upkeep\n|turn|2\n|\n|t:|1700299730\n|cant|p2a: Ribombee|slp\n|move|p1a: Ninetales|Aurora Veil|p1a: Ninetales\n|-sidestart|p1: espino15234125|move: Aurora Veil\n|\n|-weather|Snow|[upkeep]\n|upkeep\n|turn|3\n|\n|t:|1700299741\n|switch|p1a: Volcarona|Volcarona, F|100\/100\n|cant|p2a: Ribombee|slp\n|\n|-weather|Snow|[upkeep]\n|upkeep\n|turn|4\n|\n|t:|1700299765\n|switch|p2a: Hawlucha|Hawlucha, F|100\/100\n|move|p1a: Volcarona|Quiver Dance|p1a: Volcarona\n|-boost|p1a: Volcarona|spa|1\n|-boost|p1a: Volcarona|spd|1\n|-boost|p1a: Volcarona|spe|1\n|\n|-weather|Snow|[upkeep]\n|upkeep\n|turn|5\n|\n|t:|1700299786\n|switch|p1a: Sandslash|Sandslash-Alola, F|100\/100\n|-activate|p1a: Sandslash|move: Sticky Web\n|-unboost|p1a: Sandslash|spe|1\n|move|p2a: Hawlucha|Sky Attack||[still]\n|-prepare|p2a: Hawlucha|Sky Attack\n|-enditem|p2a: Hawlucha|Power Herb\n|-anim|p2a: Hawlucha|Sky Attack|p1a: Sandslash\n|-resisted|p1a: Sandslash\n|-damage|p1a: Sandslash|90\/100\n|\n|-weather|none\n|upkeep\n|turn|6\n|\n|t:|1700299803\n|switch|p1a: Slowking|Slowking, M|100\/100\n|-activate|p1a: Slowking|move: Sticky Web\n|-unboost|p1a: Slowking|spe|1\n|-terastallize|p2a: Hawlucha|Fighting\n|move|p2a: Hawlucha|Drain Punch|p1a: Slowking\n|-resisted|p1a: Slowking\n|-damage|p1a: Slowking|88\/100\n|\n|upkeep\n|turn|7\n|\n|t:|1700299819\n|switch|p2a: Ribombee|Ribombee, F|100\/100 slp\n|move|p1a: Slowking|Future Sight|p2a: Ribombee\n|-start|p1a: Slowking|move: Future Sight\n|\n|upkeep\n|turn|8\n|\n|t:|1700299826\n|cant|p2a: Ribombee|slp\n|move|p1a: Slowking|Chilly Reception|p1a: Slowking\n|-weather|Snow\n|\n|t:|1700299830\n|switch|p1a: Sandslash|Sandslash-Alola, F|90\/100|[from] Chilly Reception\n|-activate|p1a: Sandslash|move: Sticky Web\n|-unboost|p1a: Sandslash|spe|1\n|\n|-weather|Snow|[upkeep]\n|upkeep\n|turn|9\n|\n|t:|1700299836\n|-curestatus|p2a: Ribombee|slp|[msg]\n|move|p2a: Ribombee|Bug Buzz|p1a: Sandslash\n|-resisted|p1a: Sandslash\n|-damage|p1a: Sandslash|74\/100\n|move|p1a: Sandslash|Triple Axel|p2a: Ribombee\n|-damage|p2a: Ribombee|77\/100\n|-damage|p2a: Ribombee|27\/100\n|-damage|p2a: Ribombee|0 fnt\n|faint|p2a: Ribombee\n|-hitcount|p2: Ribombee|3\n|-damage|p1a: Sandslash|64\/100|[from] item: Life Orb\n|\n|-weather|Snow|[upkeep]\n|-hint|Future Sight did not hit because the target is fainted.\n|-sideend|p1: espino15234125|move: Aurora Veil\n|upkeep\n|\n|t:|1700299850\n|switch|p2a: Absol|Absol, F|100\/100\n|turn|10\n|\n|t:|1700299863\n|move|p1a: Sandslash|Knock Off|p2a: Absol\n|-resisted|p2a: Absol\n|-damage|p2a: Absol|75\/100\n|-damage|p1a: Sandslash|54\/100|[from] item: Life Orb\n|move|p2a: Absol|Swords Dance|p2a: Absol\n|-boost|p2a: Absol|atk|2\n|\n|-weather|Snow|[upkeep]\n|upkeep\n|turn|11\n|\n|t:|1700299873\n|move|p2a: Absol|Sucker Punch|p1a: Sandslash\n|-crit|p1a: Sandslash\n|-damage|p1a: Sandslash|0 fnt\n|faint|p1a: Sandslash\n|\n|-weather|Snow|[upkeep]\n|upkeep\n|\n|t:|1700299880\n|switch|p1a: Ninetales|Ninetales-Alola, M|100\/100\n|-activate|p1a: Ninetales|move: Sticky Web\n|-unboost|p1a: Ninetales|spe|1\n|turn|12\n|\n|t:|1700299889\n|detailschange|p2a: Absol|Absol-Mega, F\n|-mega|p2a: Absol|Absol|Absolite\n|move|p2a: Absol|Close Combat|p1a: Ninetales\n|-damage|p1a: Ninetales|25\/100\n|-unboost|p2a: Absol|def|1\n|-unboost|p2a: Absol|spd|1\n|move|p1a: Ninetales|Encore|p2a: Absol\n|move|p2a: Absol|Encore||[from]ability: Magic Bounce|[still]\n|-fail|p2a: Absol\n|\n|-weather|Snow|[upkeep]\n|upkeep\n|turn|13\n|\n|t:|1700299902\n|switch|p1a: Banette|Banette, F|100\/100\n|-activate|p1a: Banette|move: Sticky Web\n|-unboost|p1a: Banette|spe|1\n|move|p2a: Absol|Play Rough|p1a: Banette\n|-crit|p1a: Banette\n|-damage|p1a: Banette|0 fnt\n|faint|p1a: Banette\n|\n|-weather|Snow|[upkeep]\n|upkeep\n|\n|t:|1700299922\n|switch|p1a: Mew|Mew|100\/100\n|-activate|p1a: Mew|move: Sticky Web\n|-unboost|p1a: Mew|spe|1\n|turn|14\n|\n|t:|1700299931\n|-terastallize|p1a: Mew|Poison\n|move|p2a: Absol|Sucker Punch||[still]\n|-fail|p2a: Absol\n|move|p1a: Mew|Cosmic Power|p1a: Mew\n|-boost|p1a: Mew|def|1\n|-boost|p1a: Mew|spd|1\n|\n|-weather|Snow|[upkeep]\n|upkeep\n|turn|15\n|\n|t:|1700299939\n|switch|p2a: Garchomp|Garchomp, F|100\/100\n|move|p1a: Mew|Cosmic Power|p1a: Mew\n|-boost|p1a: Mew|def|1\n|-boost|p1a: Mew|spd|1\n|\n|-weather|none\n|upkeep\n|turn|16\n|\n|t:|1700299949\n|move|p2a: Garchomp|Earthquake|p1a: Mew\n|-supereffective|p1a: Mew\n|-damage|p1a: Mew|60\/100\n|move|p1a: Mew|Cosmic Power|p1a: Mew\n|-boost|p1a: Mew|def|1\n|-boost|p1a: Mew|spd|1\n|\n|upkeep\n|turn|17\n|\n|t:|1700299958\n|move|p2a: Garchomp|Earthquake|p1a: Mew\n|-supereffective|p1a: Mew\n|-damage|p1a: Mew|27\/100\n|move|p1a: Mew|Roost|p1a: Mew\n|-heal|p1a: Mew|77\/100\n|\n|upkeep\n|turn|18\n|\n|t:|1700299966\n|move|p2a: Garchomp|Swords Dance|p2a: Garchomp\n|-boost|p2a: Garchomp|atk|2\n|move|p1a: Mew|Cosmic Power|p1a: Mew\n|-boost|p1a: Mew|def|1\n|-boost|p1a: Mew|spd|1\n|\n|upkeep\n|turn|19\n|\n|t:|1700299974\n|move|p2a: Garchomp|Earthquake|p1a: Mew\n|-supereffective|p1a: Mew\n|-crit|p1a: Mew\n|-damage|p1a: Mew|0 fnt\n|faint|p1a: Mew\n|\n|upkeep\n|-message|espino15234125 forfeited.\n|\n|win|RunningPoet\n|raw|espino15234125's rating: 1216 &rarr; <strong>1187<\/strong><br \/>(-29 for losing)\n|raw|RunningPoet's rating: 1160 &rarr; <strong>1189<\/strong><br \/>(+29 for winning)\n|l|\u2606espino15234125\n|c|\u2606RunningPoet|gg\n","uploadtime":1700299994,"views":9,"p1id":"espino15234125","p2id":"runningpoet","formatid":"gen9nationaldex","rating":1187,"private":0,"password":""}