{"id":"gen9nationaldex-1997435742","p1":"jiangxiuxiu1218","p2":"MagikGRR","format":"[Gen 9] National Dex","log":"|html|<div class=\"broadcast-blue\"><strong>[Gen 9] National Dex is currently suspecting Sneasler! For information on how to participate check out the <a href=\"https:\/\/www.smogon.com\/forums\/threads\/sv-national-dex-suspect-8-just-dance.3731534\/\">suspect thread<\/a>.<\/strong><\/div>\n|j|\u2606jiangxiuxiu1218\n|j|\u2606MagikGRR\n|t:|1700804786\n|gametype|singles\n|player|p1|jiangxiuxiu1218|riley|1304\n|player|p2|MagikGRR|colress-gen7|1271\n|teamsize|p1|6\n|teamsize|p2|6\n|gen|9\n|tier|[Gen 9] National Dex\n|rated|\n|rule|HP Percentage Mod: HP is shown in percentages\n|rule|Endless Battle Clause: Forcing endless battles is banned\n|rule|OHKO Clause: OHKO moves are banned\n|rule|Evasion Clause: Evasion abilities, items, and moves are banned\n|rule|Evasion Abilities Clause: Evasion abilities are banned\n|rule|Evasion Items Clause: Evasion items are banned\n|rule|Evasion Moves Clause: Evasion moves are banned\n|rule|Species Clause: Limit one of each Pok\u00e9mon\n|rule|Sleep Clause Mod: Limit one foe put to sleep\n|clearpoke\n|poke|p1|Hypno, M|\n|poke|p1|Steelix, M|\n|poke|p1|Blastoise, M|\n|poke|p1|Hitmonlee, M|\n|poke|p1|Lapras, F|\n|poke|p1|Clefable, F|\n|poke|p2|Blacephalon|\n|poke|p2|Sceptile, M|\n|poke|p2|Tornadus-Therian, M|\n|poke|p2|Goodra-Hisui, M|\n|poke|p2|Beedrill, M|\n|poke|p2|Gliscor, M|\n|teampreview\n|\n|t:|1700804798\n|start\n|switch|p1a: Hypno|Hypno, M|100\/100\n|switch|p2a: Big D Bee|Beedrill, M, shiny|100\/100\n|turn|1\n|inactive|Battle timer is ON: inactive players will automatically lose when time's up. (requested by jiangxiuxiu1218)\n|\n|t:|1700804806\n|detailschange|p2a: Big D Bee|Beedrill-Mega, M, shiny\n|-mega|p2a: Big D Bee|Beedrill|Beedrillite\n|move|p2a: Big D Bee|U-turn|p1a: Hypno\n|-supereffective|p1a: Hypno\n|-enditem|p1a: Hypno|Focus Sash\n|-damage|p1a: Hypno|1\/100\n|\n|t:|1700804813\n|switch|p2a: Gumi|Goodra-Hisui, M|100\/100|[from] U-turn\n|move|p1a: Hypno|Counter|p2a: Gumi\n|-damage|p2a: Gumi|0 fnt\n|-ability|p2a: Gumi|Gooey\n|-unboost|p1a: Hypno|spe|1\n|faint|p2a: Gumi\n|\n|upkeep\n|\n|t:|1700804826\n|switch|p2a: Big D Bee|Beedrill-Mega, M, shiny|100\/100\n|turn|2\n|\n|t:|1700804838\n|move|p2a: Big D Bee|Fell Stinger|p1a: Hypno\n|-supereffective|p1a: Hypno\n|-damage|p1a: Hypno|0 fnt\n|faint|p1a: Hypno\n|-boost|p2a: Big D Bee|atk|3\n|\n|upkeep\n|\n|t:|1700804863\n|switch|p1a: Clefable|Clefable, F|100\/100\n|turn|3\n|\n|t:|1700804870\n|-terastallize|p1a: Clefable|Steel\n|move|p2a: Big D Bee|Poison Jab|p1a: Clefable\n|-immune|p1a: Clefable\n|move|p1a: Clefable|Moonblast|p2a: Big D Bee\n|-resisted|p2a: Big D Bee\n|-damage|p2a: Big D Bee|76\/100\n|\n|upkeep\n|turn|4\n|\n|t:|1700804879\n|move|p1a: Clefable|Protect|p1a: Clefable\n|-singleturn|p1a: Clefable|Protect\n|move|p2a: Big D Bee|Drill Run|p1a: Clefable\n|-activate|p1a: Clefable|move: Protect\n|\n|upkeep\n|turn|5\n|\n|t:|1700804897\n|move|p2a: Big D Bee|Drill Run|p1a: Clefable\n|-supereffective|p1a: Clefable\n|-crit|p1a: Clefable\n|-damage|p1a: Clefable|27\/100\n|move|p1a: Clefable|Wish|p1a: Clefable\n|\n|-heal|p1a: Clefable|33\/100|[from] item: Leftovers\n|upkeep\n|turn|6\n|\n|t:|1700804905\n|move|p1a: Clefable|Protect|p1a: Clefable\n|-singleturn|p1a: Clefable|Protect\n|move|p2a: Big D Bee|U-turn|p1a: Clefable\n|-activate|p1a: Clefable|move: Protect\n|\n|-heal|p1a: Clefable|83\/100|[from] move: Wish|[wisher] Clefable\n|-heal|p1a: Clefable|90\/100|[from] item: Leftovers\n|upkeep\n|turn|7\n|\n|t:|1700804914\n|move|p2a: Big D Bee|Drill Run|p1a: Clefable\n|-supereffective|p1a: Clefable\n|-damage|p1a: Clefable|44\/100\n|move|p1a: Clefable|Wish|p1a: Clefable\n|\n|-heal|p1a: Clefable|50\/100|[from] item: Leftovers\n|upkeep\n|turn|8\n|\n|t:|1700804922\n|move|p1a: Clefable|Protect|p1a: Clefable\n|-singleturn|p1a: Clefable|Protect\n|move|p2a: Big D Bee|Drill Run|p1a: Clefable\n|-activate|p1a: Clefable|move: Protect\n|\n|-heal|p1a: Clefable|99\/100|[from] move: Wish|[wisher] Clefable\n|-heal|p1a: Clefable|100\/100|[from] item: Leftovers\n|upkeep\n|turn|9\n|\n|t:|1700804932\n|switch|p2a: Quarterwise|Blacephalon, shiny|100\/100\n|move|p1a: Clefable|Wish|p1a: Clefable\n|\n|upkeep\n|turn|10\n|\n|t:|1700804944\n|switch|p1a: Blastoise|Blastoise, M|100\/100\n|move|p2a: Quarterwise|Fire Blast|p1a: Blastoise\n|-resisted|p1a: Blastoise\n|-damage|p1a: Blastoise|64\/100\n|\n|-heal|p1a: Blastoise|100\/100|[from] move: Wish|[wisher] Clefable\n|upkeep\n|turn|11\n|\n|t:|1700804954\n|switch|p2a: Scrooge|Tornadus-Therian, M, shiny|100\/100\n|move|p1a: Blastoise|Shell Smash|p1a: Blastoise\n|-unboost|p1a: Blastoise|def|1\n|-unboost|p1a: Blastoise|spd|1\n|-boost|p1a: Blastoise|atk|2\n|-boost|p1a: Blastoise|spa|2\n|-boost|p1a: Blastoise|spe|2\n|\n|upkeep\n|turn|12\n|\n|t:|1700804964\n|move|p1a: Blastoise|Ice Beam|p2a: Scrooge\n|-supereffective|p2a: Scrooge\n|-damage|p2a: Scrooge|0 fnt\n|faint|p2a: Scrooge\n|\n|upkeep\n|\n|t:|1700804976\n|switch|p2a: Quarterwise|Blacephalon, shiny|100\/100\n|turn|13\n|\n|t:|1700804985\n|move|p2a: Quarterwise|Shadow Ball|p1a: Blastoise\n|-damage|p1a: Blastoise|29\/100\n|move|p1a: Blastoise|Hydro Pump|p2a: Quarterwise\n|-supereffective|p2a: Quarterwise\n|-damage|p2a: Quarterwise|0 fnt\n|faint|p2a: Quarterwise\n|\n|upkeep\n|\n|t:|1700804995\n|switch|p2a: Dracumula|Gliscor, M, shiny|100\/100\n|turn|14\n|\n|t:|1700805004\n|-terastallize|p2a: Dracumula|Water\n|-zpower|p1a: Blastoise\n|move|p1a: Blastoise|Breakneck Blitz|p2a: Dracumula|[zeffect]\n|-damage|p2a: Dracumula|0 fnt\n|faint|p2a: Dracumula\n|\n|upkeep\n|-message|MagikGRR forfeited.\n|\n|win|jiangxiuxiu1218\n|raw|jiangxiuxiu1218's rating: 1304 &rarr; <strong>1322<\/strong><br \/>(+18 for winning)\n|raw|MagikGRR's rating: 1271 &rarr; <strong>1248<\/strong><br \/>(-23 for losing)\n|l|\u2606MagikGRR\n","uploadtime":1700805022,"views":4,"p1id":"jiangxiuxiu1218","p2id":"magikgrr","formatid":"gen9nationaldex","rating":1248,"private":0,"password":""}