{"id":"gen9nationaldex-1990303946","p1":"Yuanshen61\u6211\u8981\u73a9\u539f\u795e","p2":"Miku Nakano ily","format":"[Gen 9] National Dex","log":"|j|\u2606Yuanshen61\u6211\u8981\u73a9\u539f\u795e\n|j|\u2606Miku Nakano ily\n|inactive|Battle timer is ON: inactive players will automatically lose when time's up.\n|t:|1699953752\n|gametype|singles\n|player|p1|Yuanshen61\u6211\u8981\u73a9\u539f\u795e|dawn-contest|\n|player|p2|Miku Nakano ily|red|\n|teamsize|p1|6\n|teamsize|p2|6\n|gen|9\n|tier|[Gen 9] National Dex\n|rated|Tournament battle\n|rule|HP Percentage Mod: HP is shown in percentages\n|rule|Endless Battle Clause: Forcing endless battles is banned\n|rule|OHKO Clause: OHKO moves are banned\n|rule|Evasion Clause: Evasion abilities, items, and moves are banned\n|rule|Evasion Abilities Clause: Evasion abilities are banned\n|rule|Evasion Items Clause: Evasion items are banned\n|rule|Evasion Moves Clause: Evasion moves are banned\n|rule|Species Clause: Limit one of each Pok\u00e9mon\n|rule|Sleep Clause Mod: Limit one foe put to sleep\n|clearpoke\n|poke|p1|Blacephalon|\n|poke|p1|Lopunny, M|\n|poke|p1|Ting-Lu|\n|poke|p1|Zapdos|\n|poke|p1|Hatterene, F|\n|poke|p1|Greninja-*, M|\n|poke|p2|Charizard, F|\n|poke|p2|Alomomola, M|\n|poke|p2|Slowking-Galar, F|\n|poke|p2|Iron Valiant|\n|poke|p2|Landorus-Therian, M|\n|poke|p2|Cinderace, M|\n|teampreview\n|inactive|Miku Nakano ily also wants the timer to be on.\n|inactive|Yuanshen61\u6211\u8981\u73a9\u539f\u795e also wants the timer to be on.\n|c|\u2606Miku Nakano ily|hf\n|\n|t:|1699953763\n|start\n|switch|p1a: Lopunny|Lopunny, M|100\/100\n|switch|p2a: Cinderace|Cinderace, M|100\/100\n|turn|1\n|\n|t:|1699953767\n|switch|p2a: Landorus|Landorus-Therian, M|100\/100\n|-ability|p2a: Landorus|Intimidate|boost\n|-unboost|p1a: Lopunny|atk|1\n|detailschange|p1a: Lopunny|Lopunny-Mega, M\n|-mega|p1a: Lopunny|Lopunny|Lopunnite\n|move|p1a: Lopunny|Fake Out|p2a: Landorus\n|-damage|p2a: Landorus|88\/100\n|\n|-heal|p2a: Landorus|94\/100|[from] item: Leftovers\n|upkeep\n|turn|2\n|\n|t:|1699953774\n|switch|p2a: Alomomola|Alomomola, M|100\/100\n|move|p1a: Lopunny|U-turn|p2a: Alomomola\n|-damage|p2a: Alomomola|91\/100\n|\n|t:|1699953783\n|switch|p1a: Hatterene|Hatterene, F|100\/100|[from] U-turn\n|\n|upkeep\n|turn|3\n|\n|t:|1699953786\n|move|p1a: Hatterene|Nuzzle|p2a: Alomomola\n|-supereffective|p2a: Alomomola\n|-damage|p2a: Alomomola|86\/100\n|-status|p2a: Alomomola|par\n|move|p2a: Alomomola|Flip Turn|p1a: Hatterene\n|-damage|p1a: Hatterene|84\/100\n|\n|t:|1699953793\n|switch|p2a: Cinderace|Cinderace, M|100\/100|[from] Flip Turn\n|\n|-heal|p1a: Hatterene|90\/100|[from] item: Leftovers\n|upkeep\n|turn|4\n|\n|t:|1699953799\n|move|p2a: Cinderace|Pyro Ball|p1a: Hatterene|[miss]\n|-miss|p2a: Cinderace|p1a: Hatterene\n|move|p1a: Hatterene|Nuzzle|p2a: Cinderace\n|-damage|p2a: Cinderace|94\/100\n|-status|p2a: Cinderace|par\n|\n|-heal|p1a: Hatterene|96\/100|[from] item: Leftovers\n|upkeep\n|turn|5\n|\n|t:|1699953809\n|switch|p1a: Greninja|Greninja, M|100\/100\n|move|p2a: Cinderace|Pyro Ball|p1a: Greninja\n|-resisted|p1a: Greninja\n|-damage|p1a: Greninja|52\/100\n|\n|upkeep\n|turn|6\n|\n|t:|1699953815\n|switch|p2a: Alomomola|Alomomola, M|100\/100 par\n|move|p1a: Greninja|Dark Pulse|p2a: Alomomola\n|-damage|p2a: Alomomola|45\/100 par\n|-damage|p1a: Greninja|42\/100|[from] item: Life Orb\n|\n|upkeep\n|turn|7\n|inactive|Miku Nakano ily has 120 seconds left.\n|\n|t:|1699953846\n|move|p2a: Alomomola|Protect|p2a: Alomomola\n|-singleturn|p2a: Alomomola|Protect\n|move|p1a: Greninja|Dark Pulse|p2a: Alomomola\n|-activate|p2a: Alomomola|move: Protect\n|\n|upkeep\n|turn|8\n|inactive|Miku Nakano ily has 120 seconds left.\n|\n|t:|1699953858\n|switch|p2a: Landorus|Landorus-Therian, M|94\/100\n|-ability|p2a: Landorus|Intimidate|boost\n|-unboost|p1a: Greninja|atk|1\n|move|p1a: Greninja|Surf|p2a: Landorus\n|-supereffective|p2a: Landorus\n|-damage|p2a: Landorus|1\/100\n|-damage|p1a: Greninja|32\/100|[from] item: Life Orb\n|\n|-heal|p2a: Landorus|7\/100|[from] item: Leftovers\n|upkeep\n|turn|9\n|\n|t:|1699953865\n|move|p1a: Greninja|Dark Pulse|p2a: Landorus\n|-damage|p2a: Landorus|0 fnt\n|faint|p2a: Landorus\n|-ability|p1a: Greninja|Battle Bond|boost\n|-boost|p1a: Greninja|atk|1\n|-boost|p1a: Greninja|spa|1\n|-boost|p1a: Greninja|spe|1\n|-activate|p1a: Greninja|ability: Battle Bond\n|-damage|p1a: Greninja|23\/100|[from] item: Life Orb\n|\n|upkeep\n|\n|t:|1699953869\n|switch|p2a: Iron Valiant|Iron Valiant, shiny|100\/100\n|-enditem|p2a: Iron Valiant|Booster Energy\n|-activate|p2a: Iron Valiant|ability: Quark Drive|[fromitem]\n|-start|p2a: Iron Valiant|quarkdrivespe\n|turn|10\n|\n|t:|1699953872\n|move|p1a: Greninja|Surf|p2a: Iron Valiant\n|-damage|p2a: Iron Valiant|0 fnt\n|faint|p2a: Iron Valiant\n|-end|p2a: Iron Valiant|Quark Drive|[silent]\n|-damage|p1a: Greninja|13\/100|[from] item: Life Orb\n|\n|upkeep\n|\n|t:|1699953882\n|switch|p2a: Charizard|Charizard, F|100\/100\n|turn|11\n|\n|t:|1699953885\n|detailschange|p2a: Charizard|Charizard-Mega-Y, F\n|-mega|p2a: Charizard|Charizard|Charizardite Y\n|-weather|SunnyDay|[from] ability: Drought|[of] p2a: Charizard\n|move|p1a: Greninja|Surf|p2a: Charizard\n|-supereffective|p2a: Charizard\n|-damage|p2a: Charizard|21\/100\n|-damage|p1a: Greninja|3\/100|[from] item: Life Orb\n|move|p2a: Charizard|Weather Ball|p1a: Greninja\n|-resisted|p1a: Greninja\n|-damage|p1a: Greninja|0 fnt\n|faint|p1a: Greninja\n|\n|-weather|SunnyDay|[upkeep]\n|upkeep\n|\n|t:|1699953893\n|switch|p1a: Blacephalon|Blacephalon|100\/100\n|turn|12\n|\n|t:|1699953905\n|switch|p2a: Slowking|Slowking-Galar, F|100\/100\n|move|p1a: Blacephalon|Shadow Ball|p2a: Slowking\n|-supereffective|p2a: Slowking\n|-damage|p2a: Slowking|44\/100\n|\n|-weather|SunnyDay|[upkeep]\n|-heal|p2a: Slowking|50\/100|[from] item: Leftovers\n|upkeep\n|turn|13\n|\n|t:|1699953915\n|switch|p2a: Cinderace|Cinderace, M|94\/100 par\n|-terastallize|p1a: Blacephalon|Ghost\n|move|p1a: Blacephalon|Shadow Ball|p2a: Cinderace\n|-damage|p2a: Cinderace|1\/100 par\n|\n|-weather|SunnyDay|[upkeep]\n|upkeep\n|turn|14\n|-message|Miku Nakano ily forfeited.\n|\n|win|Yuanshen61\u6211\u8981\u73a9\u539f\u795e\n|n|\u2606Yuanshen61\u6211\u8981\u73a9\u539f\u795e|yuanshen61\n|n|\u2606Miku Nakano ily|mikunakanoily\n|l|\u2606Miku Nakano ily\n","uploadtime":1699953923,"views":6,"p1id":"yuanshen61","p2id":"mikunakanoily","formatid":"gen9nationaldex","rating":0,"private":0,"password":""}