{"id":"gen9nationaldex-1999248572","p1":"RoboDriveisthebest","p2":"fabianxop","format":"[Gen 9] National Dex","log":"|html|<div class=\"broadcast-blue\"><strong>[Gen 9] National Dex is currently suspecting Sneasler! For information on how to participate check out the <a href=\"https:\/\/www.smogon.com\/forums\/threads\/sv-national-dex-suspect-8-just-dance.3731534\/\">suspect thread<\/a>.<\/strong><\/div>\n|j|\u2606RoboDriveisthebest\n|j|\u2606fabianxop\n|t:|1701050517\n|gametype|singles\n|player|p1|RoboDriveisthebest|cilan|1350\n|player|p2|fabianxop|265|1356\n|teamsize|p1|6\n|teamsize|p2|6\n|gen|9\n|tier|[Gen 9] National Dex\n|rated|\n|rule|HP Percentage Mod: HP is shown in percentages\n|rule|Endless Battle Clause: Forcing endless battles is banned\n|rule|OHKO Clause: OHKO moves are banned\n|rule|Evasion Clause: Evasion abilities, items, and moves are banned\n|rule|Evasion Abilities Clause: Evasion abilities are banned\n|rule|Evasion Items Clause: Evasion items are banned\n|rule|Evasion Moves Clause: Evasion moves are banned\n|rule|Species Clause: Limit one of each Pok\u00e9mon\n|rule|Sleep Clause Mod: Limit one foe put to sleep\n|clearpoke\n|poke|p1|Tapu Koko|\n|poke|p1|Iron Leaves|\n|poke|p1|Iron Hands|\n|poke|p1|Iron Moth|\n|poke|p1|Pincurchin, F|\n|poke|p1|Iron Valiant|\n|poke|p2|Togekiss, M|\n|poke|p2|Zapdos|\n|poke|p2|Great Tusk|\n|poke|p2|Bisharp, M|\n|poke|p2|Hatterene, F|\n|poke|p2|Garchomp, M|\n|teampreview\n|inactive|Battle timer is ON: inactive players will automatically lose when time's up. (requested by fabianxop)\n|inactive|RoboDriveisthebest has 120 seconds left.\n|inactive|RoboDriveisthebest has 90 seconds left.\n|\n|t:|1701050589\n|start\n|switch|p1a: Tapu Koko|Tapu Koko|100\/100\n|switch|p2a: Togekiss|Togekiss, M, shiny|100\/100\n|-fieldstart|move: Electric Terrain|[from] ability: Electric Surge|[of] p1a: Tapu Koko\n|turn|1\n|\n|t:|1701050597\n|move|p2a: Togekiss|Air Slash|p1a: Tapu Koko\n|-resisted|p1a: Tapu Koko\n|-damage|p1a: Tapu Koko|72\/100\n|cant|p1a: Tapu Koko|flinch\n|\n|upkeep\n|turn|2\n|\n|t:|1701050621\n|move|p2a: Togekiss|Air Slash|p1a: Tapu Koko|[miss]\n|-miss|p2a: Togekiss|p1a: Tapu Koko\n|move|p1a: Tapu Koko|U-turn|p2a: Togekiss\n|-resisted|p2a: Togekiss\n|-damage|p2a: Togekiss|94\/100\n|inactive|RoboDriveisthebest has 120 seconds left.\n|\n|t:|1701050666\n|switch|p1a: Iron Moth|Iron Moth|100\/100|[from] U-turn\n|-activate|p1a: Iron Moth|ability: Quark Drive\n|-start|p1a: Iron Moth|quarkdrivespe\n|\n|upkeep\n|turn|3\n|\n|t:|1701050687\n|switch|p2a: Garchomp|Garchomp, M, shiny|100\/100\n|move|p1a: Iron Moth|Sludge Wave|p2a: Garchomp\n|-resisted|p2a: Garchomp\n|-damage|p2a: Garchomp|76\/100\n|-status|p2a: Garchomp|psn\n|\n|-damage|p2a: Garchomp|64\/100 psn|[from] psn\n|upkeep\n|turn|4\n|inactive|RoboDriveisthebest has 90 seconds left.\n|\n|t:|1701050712\n|detailschange|p2a: Garchomp|Garchomp-Mega, M, shiny\n|-mega|p2a: Garchomp|Garchomp|Garchompite\n|-terastallize|p1a: Iron Moth|Fighting\n|move|p1a: Iron Moth|Fiery Dance|p2a: Garchomp\n|-resisted|p2a: Garchomp\n|-damage|p2a: Garchomp|43\/100 psn\n|move|p2a: Garchomp|Earthquake|p1a: Iron Moth\n|-damage|p1a: Iron Moth|0 fnt\n|faint|p1a: Iron Moth\n|-end|p1a: Iron Moth|Quark Drive|[silent]\n|\n|-damage|p2a: Garchomp|30\/100 psn|[from] psn\n|upkeep\n|\n|t:|1701050722\n|switch|p1a: Iron Leaves|Iron Leaves|100\/100\n|-activate|p1a: Iron Leaves|ability: Quark Drive\n|-start|p1a: Iron Leaves|quarkdrivespe\n|turn|5\n|\n|t:|1701050728\n|switch|p2a: Zapdos|Zapdos|100\/100\n|move|p1a: Iron Leaves|Leaf Blade|p2a: Zapdos\n|-resisted|p2a: Zapdos\n|-damage|p2a: Zapdos|83\/100\n|\n|-fieldend|move: Electric Terrain\n|-end|p1a: Iron Leaves|Quark Drive\n|upkeep\n|-enditem|p1a: Iron Leaves|Booster Energy\n|-activate|p1a: Iron Leaves|ability: Quark Drive|[fromitem]\n|-start|p1a: Iron Leaves|quarkdrivespe\n|turn|6\n|\n|t:|1701050738\n|-end|p1a: Iron Leaves|Quark Drive|[silent]\n|switch|p1a: Tapu Koko|Tapu Koko|72\/100\n|-fieldstart|move: Electric Terrain|[from] ability: Electric Surge|[of] p1a: Tapu Koko\n|move|p2a: Zapdos|Hurricane|p1a: Tapu Koko|[miss]\n|-miss|p2a: Zapdos|p1a: Tapu Koko\n|\n|upkeep\n|turn|7\n|\n|t:|1701050745\n|move|p1a: Tapu Koko|Wild Charge|p2a: Zapdos\n|-damage|p2a: Zapdos|40\/100\n|-damage|p1a: Tapu Koko|57\/100|[from] Recoil\n|move|p2a: Zapdos|Volt Switch|p1a: Tapu Koko\n|-resisted|p1a: Tapu Koko\n|-damage|p1a: Tapu Koko|36\/100\n|\n|t:|1701050754\n|switch|p2a: Togekiss|Togekiss, M, shiny|94\/100|[from] Volt Switch\n|\n|upkeep\n|turn|8\n|\n|t:|1701050764\n|move|p2a: Togekiss|Air Slash|p1a: Tapu Koko\n|-resisted|p1a: Tapu Koko\n|-damage|p1a: Tapu Koko|10\/100\n|-zpower|p1a: Tapu Koko\n|move|p1a: Tapu Koko|Gigavolt Havoc|p2a: Togekiss|[zeffect]\n|-supereffective|p2a: Togekiss\n|-damage|p2a: Togekiss|0 fnt\n|faint|p2a: Togekiss\n|\n|upkeep\n|inactive|fabianxop has 120 seconds left.\n|\n|t:|1701050795\n|switch|p2a: Zapdos|Zapdos|40\/100\n|turn|9\n|\n|t:|1701050824\n|move|p1a: Tapu Koko|Wild Charge|p2a: Zapdos\n|-damage|p2a: Zapdos|0 fnt\n|faint|p2a: Zapdos\n|-damage|p1a: Tapu Koko|0 fnt|[from] Recoil\n|faint|p1a: Tapu Koko\n|\n|upkeep\n|inactive|RoboDriveisthebest has 90 seconds left.\n|\n|t:|1701050843\n|switch|p1a: Iron Leaves|Iron Leaves|100\/100\n|switch|p2a: Hatterene|Hatterene, F, shiny|100\/100\n|-activate|p1a: Iron Leaves|ability: Quark Drive\n|-start|p1a: Iron Leaves|quarkdrivespe\n|turn|10\n|inactive|RoboDriveisthebest has 90 seconds left.\n|\n|t:|1701050856\n|move|p1a: Iron Leaves|Leaf Blade|p2a: Hatterene\n|-damage|p2a: Hatterene|62\/100\n|-enditem|p2a: Hatterene|Eject Button\n|\n|t:|1701050868\n|switch|p2a: Bisharp|Bisharp, M, shiny|100\/100\n|\n|-fieldend|move: Electric Terrain\n|-end|p1a: Iron Leaves|Quark Drive\n|upkeep\n|turn|11\n|inactive|RoboDriveisthebest has 90 seconds left.\n|\n|t:|1701050904\n|-end|p1a: Iron Leaves|Quark Drive|[silent]\n|switch|p1a: Pincurchin|Pincurchin, F|100\/100\n|-fieldstart|move: Electric Terrain|[from] ability: Electric Surge|[of] p1a: Pincurchin\n|-terastallize|p2a: Bisharp|Ghost\n|move|p2a: Bisharp|Swords Dance|p2a: Bisharp\n|-boost|p2a: Bisharp|atk|2\n|\n|upkeep\n|turn|12\n|\n|t:|1701050912\n|move|p2a: Bisharp|Knock Off|p1a: Pincurchin\n|-damage|p1a: Pincurchin|0 fnt\n|-enditem|p1a: Pincurchin|Terrain Extender|[from] move: Knock Off|[of] p2a: Bisharp\n|faint|p1a: Pincurchin\n|\n|upkeep\n|\n|t:|1701050917\n|switch|p1a: Iron Hands|Iron Hands|100\/100\n|-activate|p1a: Iron Hands|ability: Quark Drive\n|-start|p1a: Iron Hands|quarkdriveatk\n|turn|13\n|\n|t:|1701050926\n|move|p2a: Bisharp|Knock Off|p1a: Iron Hands\n|-resisted|p1a: Iron Hands\n|-damage|p1a: Iron Hands|70\/100\n|-enditem|p1a: Iron Hands|Lum Berry|[from] move: Knock Off|[of] p2a: Bisharp\n|move|p1a: Iron Hands|Thunder Punch|p2a: Bisharp\n|-crit|p2a: Bisharp\n|-damage|p2a: Bisharp|24\/100\n|-status|p2a: Bisharp|par\n|\n|upkeep\n|turn|14\n|inactive|RoboDriveisthebest has 90 seconds left.\n|\n|t:|1701050968\n|switch|p2a: Great Tusk|Great Tusk, shiny|100\/100\n|move|p1a: Iron Hands|Thunder Punch|p2a: Great Tusk\n|-immune|p2a: Great Tusk\n|\n|upkeep\n|turn|15\n|\n|t:|1701050980\n|move|p2a: Great Tusk|Rapid Spin|p1a: Iron Hands\n|-damage|p1a: Iron Hands|61\/100\n|-boost|p2a: Great Tusk|spe|1\n|move|p1a: Iron Hands|Ice Punch|p2a: Great Tusk\n|-supereffective|p2a: Great Tusk\n|-damage|p2a: Great Tusk|67\/100\n|\n|-heal|p2a: Great Tusk|74\/100|[from] item: Leftovers\n|upkeep\n|turn|16\n|\n|t:|1701050988\n|move|p2a: Great Tusk|Earthquake|p1a: Iron Hands\n|-supereffective|p1a: Iron Hands\n|-damage|p1a: Iron Hands|6\/100\n|move|p1a: Iron Hands|Ice Punch|p2a: Great Tusk\n|-supereffective|p2a: Great Tusk\n|-damage|p2a: Great Tusk|45\/100\n|-status|p2a: Great Tusk|frz\n|\n|-heal|p2a: Great Tusk|51\/100 frz|[from] item: Leftovers\n|upkeep\n|turn|17\n|\n|t:|1701051001\n|-end|p1a: Iron Hands|Quark Drive|[silent]\n|switch|p1a: Iron Leaves|Iron Leaves|100\/100\n|-activate|p1a: Iron Leaves|ability: Quark Drive\n|-start|p1a: Iron Leaves|quarkdrivespe\n|cant|p2a: Great Tusk|frz\n|\n|-heal|p2a: Great Tusk|57\/100 frz|[from] item: Leftovers\n|upkeep\n|turn|18\n|\n|t:|1701051012\n|move|p1a: Iron Leaves|Leaf Blade|p2a: Great Tusk\n|-supereffective|p2a: Great Tusk\n|-damage|p2a: Great Tusk|11\/100 frz\n|cant|p2a: Great Tusk|frz\n|\n|-heal|p2a: Great Tusk|17\/100 frz|[from] item: Leftovers\n|-fieldend|move: Electric Terrain\n|-end|p1a: Iron Leaves|Quark Drive\n|upkeep\n|turn|19\n|\n|t:|1701051019\n|cant|p2a: Great Tusk|frz\n|move|p1a: Iron Leaves|Leaf Blade|p2a: Great Tusk\n|-supereffective|p2a: Great Tusk\n|-damage|p2a: Great Tusk|0 fnt\n|faint|p2a: Great Tusk\n|-end|p2a: Great Tusk|Protosynthesis|[silent]\n|\n|upkeep\n|\n|t:|1701051027\n|switch|p2a: Hatterene|Hatterene, F, shiny|62\/100\n|turn|20\n|inactive|RoboDriveisthebest has 90 seconds left.\n|\n|t:|1701051060\n|move|p1a: Iron Leaves|Leaf Blade|p2a: Hatterene\n|-damage|p2a: Hatterene|26\/100\n|move|p2a: Hatterene|Healing Wish|p2a: Hatterene\n|faint|p2a: Hatterene\n|\n|upkeep\n|\n|t:|1701051067\n|switch|p2a: Bisharp|Bisharp, M, shiny, tera:Ghost|24\/100 par\n|-heal|p2a: Bisharp|100\/100|[from] move: Healing Wish\n|turn|21\n|\n|t:|1701051076\n|-end|p1a: Iron Leaves|Quark Drive|[silent]\n|switch|p1a: Iron Valiant|Iron Valiant|100\/100\n|-enditem|p1a: Iron Valiant|Booster Energy\n|-activate|p1a: Iron Valiant|ability: Quark Drive|[fromitem]\n|-start|p1a: Iron Valiant|quarkdrivespe\n|move|p2a: Bisharp|Swords Dance|p2a: Bisharp\n|-boost|p2a: Bisharp|atk|2\n|\n|upkeep\n|turn|22\n|inactive|RoboDriveisthebest has 90 seconds left.\n|\n|t:|1701051085\n|move|p1a: Iron Valiant|Moonblast|p2a: Bisharp\n|-damage|p2a: Bisharp|43\/100\n|move|p2a: Bisharp|Iron Head|p1a: Iron Valiant\n|-supereffective|p1a: Iron Valiant\n|-damage|p1a: Iron Valiant|0 fnt\n|faint|p1a: Iron Valiant\n|-end|p1a: Iron Valiant|Quark Drive|[silent]\n|\n|upkeep\n|inactive|RoboDriveisthebest has 90 seconds left.\n|\n|t:|1701051091\n|switch|p1a: Iron Hands|Iron Hands|6\/100\n|turn|23\n|\n|t:|1701051096\n|move|p2a: Bisharp|Knock Off|p1a: Iron Hands\n|-resisted|p1a: Iron Hands\n|-damage|p1a: Iron Hands|0 fnt\n|faint|p1a: Iron Hands\n|-end|p1a: Iron Hands|Quark Drive|[silent]\n|\n|upkeep\n|\n|t:|1701051099\n|switch|p1a: Iron Leaves|Iron Leaves|100\/100\n|turn|24\n|\n|t:|1701051103\n|move|p2a: Bisharp|Sucker Punch|p1a: Iron Leaves\n|-supereffective|p1a: Iron Leaves\n|-damage|p1a: Iron Leaves|0 fnt\n|faint|p1a: Iron Leaves\n|-end|p1a: Iron Leaves|Quark Drive|[silent]\n|\n|win|fabianxop\n|raw|RoboDriveisthebest's rating: 1350 &rarr; <strong>1330<\/strong><br \/>(-20 for losing)\n|raw|fabianxop's rating: 1356 &rarr; <strong>1376<\/strong><br \/>(+20 for winning)\n|l|\u2606RoboDriveisthebest\n|l|\u2606fabianxop\n","uploadtime":1701051249,"views":2,"p1id":"robodriveisthebest","p2id":"fabianxop","formatid":"gen9nationaldex","rating":1330,"private":0,"password":""}