{"id":"gen9nationaldex-1987631787","p1":"yejunkang","p2":"pikaplayer1001000","format":"[Gen 9] National Dex","log":"|j|\u2606yejunkang\n|j|\u2606pikaplayer1001000\n|t:|1699621909\n|gametype|singles\n|player|p1|yejunkang|1|1282\n|player|p2|pikaplayer1001000|red-gen2|1233\n|teamsize|p1|6\n|teamsize|p2|6\n|gen|9\n|tier|[Gen 9] National Dex\n|rated|\n|rule|HP Percentage Mod: HP is shown in percentages\n|rule|Endless Battle Clause: Forcing endless battles is banned\n|rule|OHKO Clause: OHKO moves are banned\n|rule|Evasion Clause: Evasion abilities, items, and moves are banned\n|rule|Evasion Abilities Clause: Evasion abilities are banned\n|rule|Evasion Items Clause: Evasion items are banned\n|rule|Evasion Moves Clause: Evasion moves are banned\n|rule|Species Clause: Limit one of each Pok\u00e9mon\n|rule|Sleep Clause Mod: Limit one foe put to sleep\n|clearpoke\n|poke|p1|Hatterene, F|\n|poke|p1|Cresselia, F|\n|poke|p1|Crawdaunt, M|\n|poke|p1|Ampharos, F|\n|poke|p1|Arboliva, F|\n|poke|p1|Skeledirge, F|\n|poke|p2|Kricketune, F|\n|poke|p2|Clamperl, F|\n|poke|p2|Ninetales-Alola, F|\n|poke|p2|Ribombee, F|\n|poke|p2|Pawmot, M|\n|poke|p2|Tsareena, F|\n|teampreview\n|inactive|Battle timer is ON: inactive players will automatically lose when time's up. (requested by yejunkang)\n|j| youcanplayliketas\n|\n|t:|1699621932\n|start\n|switch|p1a: \u5e3d\u5b50\u662f\u672c\u4f53|Hatterene, F|100\/100\n|switch|p2a: Ribombee|Ribombee, F|100\/100\n|turn|1\n|\n|t:|1699621943\n|move|p2a: Ribombee|Moonblast|p1a: \u5e3d\u5b50\u662f\u672c\u4f53\n|-damage|p1a: \u5e3d\u5b50\u662f\u672c\u4f53|70\/100\n|-unboost|p1a: \u5e3d\u5b50\u662f\u672c\u4f53|spa|1\n|move|p1a: \u5e3d\u5b50\u662f\u672c\u4f53|Trick Room|p1a: \u5e3d\u5b50\u662f\u672c\u4f53\n|-fieldstart|move: Trick Room|[of] p1a: \u5e3d\u5b50\u662f\u672c\u4f53\n|\n|upkeep\n|turn|2\n|\n|t:|1699621954\n|-terastallize|p1a: \u5e3d\u5b50\u662f\u672c\u4f53|Fire\n|move|p1a: \u5e3d\u5b50\u662f\u672c\u4f53|Mystical Fire|p2a: Ribombee\n|-supereffective|p2a: Ribombee\n|-damage|p2a: Ribombee|22\/100\n|move|p2a: Ribombee|U-turn|p1a: \u5e3d\u5b50\u662f\u672c\u4f53\n|-resisted|p1a: \u5e3d\u5b50\u662f\u672c\u4f53\n|-damage|p1a: \u5e3d\u5b50\u662f\u672c\u4f53|62\/100\n|\n|t:|1699621971\n|switch|p2a: Ninetales|Ninetales-Alola, F|100\/100|[from] U-turn\n|-weather|Snow|[from] ability: Snow Warning|[of] p2a: Ninetales\n|\n|-weather|Snow|[upkeep]\n|upkeep\n|turn|3\n|\n|t:|1699621982\n|switch|p1a: Skeledirge|Skeledirge, F|100\/100\n|move|p2a: Ninetales|Aurora Veil|p2a: Ninetales\n|-sidestart|p2: pikaplayer1001000|move: Aurora Veil\n|\n|-weather|Snow|[upkeep]\n|upkeep\n|turn|4\n|\n|t:|1699621987\n|switch|p2a: Ribombee|Ribombee, F|22\/100\n|move|p1a: Skeledirge|Will-O-Wisp|p2a: Ribombee\n|-status|p2a: Ribombee|brn\n|\n|-weather|Snow|[upkeep]\n|-damage|p2a: Ribombee|16\/100 brn|[from] brn\n|upkeep\n|turn|5\n|\n|t:|1699621993\n|move|p1a: Skeledirge|Torch Song|p2a: Ribombee\n|-supereffective|p2a: Ribombee\n|-damage|p2a: Ribombee|0 fnt\n|-boost|p1a: Skeledirge|spa|1\n|faint|p2a: Ribombee\n|\n|-weather|Snow|[upkeep]\n|-fieldend|move: Trick Room\n|upkeep\n|\n|t:|1699621996\n|switch|p2a: Clamperl|Clamperl, F|100\/100\n|turn|6\n|\n|t:|1699622010\n|move|p2a: Clamperl|Shell Smash|p2a: Clamperl\n|-unboost|p2a: Clamperl|def|1\n|-unboost|p2a: Clamperl|spd|1\n|-boost|p2a: Clamperl|atk|2\n|-boost|p2a: Clamperl|spa|2\n|-boost|p2a: Clamperl|spe|2\n|move|p1a: Skeledirge|Hex|p2a: Clamperl\n|-damage|p2a: Clamperl|55\/100\n|-ability|p2a: Clamperl|Rattled|boost\n|-boost|p2a: Clamperl|spe|1\n|\n|-weather|none\n|upkeep\n|turn|7\n|\n|t:|1699622019\n|move|p2a: Clamperl|Surf|p1a: Skeledirge\n|-supereffective|p1a: Skeledirge\n|-damage|p1a: Skeledirge|0 fnt\n|faint|p1a: Skeledirge\n|\n|upkeep\n|\n|t:|1699622025\n|switch|p1a: Cresselia|Cresselia, F|100\/100\n|turn|8\n|\n|t:|1699622029\n|-terastallize|p2a: Clamperl|Water\n|move|p2a: Clamperl|Surf|p1a: Cresselia\n|-damage|p1a: Cresselia|12\/100\n|move|p1a: Cresselia|Trick Room|p1a: Cresselia\n|-fieldstart|move: Trick Room|[of] p1a: Cresselia\n|\n|upkeep\n|turn|9\n|\n|t:|1699622034\n|move|p1a: Cresselia|Toxic|p2a: Clamperl\n|-status|p2a: Clamperl|tox\n|move|p2a: Clamperl|Surf|p1a: Cresselia\n|-damage|p1a: Cresselia|0 fnt\n|faint|p1a: Cresselia\n|\n|-damage|p2a: Clamperl|49\/100 tox|[from] psn\n|upkeep\n|\n|t:|1699622037\n|switch|p1a: Ampharos|Ampharos, F|100\/100\n|turn|10\n|j| emmha\n|\n|t:|1699622044\n|switch|p2a: Ninetales|Ninetales-Alola, F|100\/100\n|-weather|Snow|[from] ability: Snow Warning|[of] p2a: Ninetales\n|detailschange|p1a: Ampharos|Ampharos-Mega, F\n|-mega|p1a: Ampharos|Ampharos|Ampharosite\n|-ability|p1a: Ampharos|Mold Breaker\n|move|p1a: Ampharos|Thunderbolt|p2a: Ninetales\n|-damage|p2a: Ninetales|66\/100\n|\n|-weather|Snow|[upkeep]\n|-sideend|p2: pikaplayer1001000|move: Aurora Veil\n|upkeep\n|turn|11\n|\n|t:|1699622049\n|switch|p2a: Tsareena|Tsareena, F|100\/100\n|move|p1a: Ampharos|Thunderbolt|p2a: Tsareena\n|-resisted|p2a: Tsareena\n|-damage|p2a: Tsareena|65\/100\n|\n|-weather|Snow|[upkeep]\n|upkeep\n|turn|12\n|\n|t:|1699622059\n|move|p1a: Ampharos|Hidden Power|p2a: Tsareena\n|-supereffective|p2a: Tsareena\n|-damage|p2a: Tsareena|1\/100\n|-zpower|p2a: Tsareena\n|move|p2a: Tsareena|Z-Splash|p2a: Tsareena|[anim]Splash\n|-boost|p2a: Tsareena|atk|3|[zeffect]\n|-nothing\n|\n|-weather|Snow|[upkeep]\n|-fieldend|move: Trick Room\n|upkeep\n|turn|13\n|\n|t:|1699622071\n|move|p2a: Tsareena|Triple Axel|p1a: Ampharos|[miss]\n|-miss|p2a: Tsareena|p1a: Ampharos\n|move|p1a: Ampharos|Thunderbolt|p2a: Tsareena\n|-resisted|p2a: Tsareena\n|-damage|p2a: Tsareena|0 fnt\n|faint|p2a: Tsareena\n|\n|-weather|Snow|[upkeep]\n|upkeep\n|\n|t:|1699622086\n|switch|p2a: Ninetales|Ninetales-Alola, F|66\/100\n|turn|14\n|\n|t:|1699622089\n|move|p2a: Ninetales|Aurora Veil|p2a: Ninetales\n|-sidestart|p2: pikaplayer1001000|move: Aurora Veil\n|move|p1a: Ampharos|Thunderbolt|p2a: Ninetales\n|-damage|p2a: Ninetales|31\/100\n|\n|-weather|none\n|upkeep\n|turn|15\n|inactive|pikaplayer1001000 has 120 seconds left.\n|inactive|pikaplayer1001000 has 90 seconds left.\n|inactive|pikaplayer1001000 has 60 seconds left.\n|\n|t:|1699622193\n|move|p2a: Ninetales|Blizzard|p1a: Ampharos|[miss]\n|-miss|p2a: Ninetales|p1a: Ampharos\n|move|p1a: Ampharos|Thunderbolt|p2a: Ninetales\n|-damage|p2a: Ninetales|0 fnt\n|faint|p2a: Ninetales\n|\n|upkeep\n|\n|t:|1699622197\n|switch|p2a: Pawmot|Pawmot, M|100\/100\n|turn|16\n|\n|t:|1699622205\n|switch|p1a: \u5e3d\u5b50\u662f\u672c\u4f53|Hatterene, F, tera:Fire|62\/100\n|move|p2a: Pawmot|Close Combat|p1a: \u5e3d\u5b50\u662f\u672c\u4f53\n|-damage|p1a: \u5e3d\u5b50\u662f\u672c\u4f53|0 fnt\n|-unboost|p2a: Pawmot|def|1\n|-unboost|p2a: Pawmot|spd|1\n|faint|p1a: \u5e3d\u5b50\u662f\u672c\u4f53\n|\n|upkeep\n|l| emmha\n|\n|t:|1699622222\n|switch|p1a: Arboliva|Arboliva, F|100\/100\n|turn|17\n|inactive|pikaplayer1001000 has 60 seconds left.\n|\n|t:|1699622249\n|move|p2a: Pawmot|Close Combat|p1a: Arboliva\n|-supereffective|p1a: Arboliva\n|-damage|p1a: Arboliva|10\/100\n|-unboost|p2a: Pawmot|def|1\n|-unboost|p2a: Pawmot|spd|1\n|-fieldstart|move: Grassy Terrain|[from] ability: Seed Sower|[of] p1a: Arboliva\n|move|p1a: Arboliva|Strength Sap|p2a: Pawmot\n|-unboost|p2a: Pawmot|atk|1\n|-heal|p1a: Arboliva|100\/100\n|\n|upkeep\n|turn|18\n|inactive|pikaplayer1001000 has 60 seconds left.\n|\n|t:|1699622260\n|switch|p2a: Kricketune|Kricketune, F|100\/100\n|move|p1a: Arboliva|Strength Sap|p2a: Kricketune\n|-unboost|p2a: Kricketune|atk|1\n|\n|upkeep\n|turn|19\n|\n|t:|1699622264\n|move|p2a: Kricketune|Knock Off|p1a: Arboliva\n|-damage|p1a: Arboliva|87\/100\n|-enditem|p1a: Arboliva|Leftovers|[from] move: Knock Off|[of] p2a: Kricketune\n|move|p1a: Arboliva|Giga Drain|p2a: Kricketune\n|-resisted|p2a: Kricketune\n|-damage|p2a: Kricketune|78\/100\n|-heal|p1a: Arboliva|97\/100|[from] drain|[of] p2a: Kricketune\n|\n|-heal|p2a: Kricketune|85\/100|[from] Grassy Terrain\n|-heal|p1a: Arboliva|100\/100|[from] Grassy Terrain\n|upkeep\n|turn|20\n|\n|t:|1699622274\n|switch|p2a: Pawmot|Pawmot, M|100\/100\n|move|p1a: Arboliva|Giga Drain|p2a: Pawmot\n|-damage|p2a: Pawmot|61\/100\n|\n|-heal|p2a: Pawmot|67\/100|[from] Grassy Terrain\n|upkeep\n|turn|21\n|l| youcanplayliketas\n|inactive|pikaplayer1001000 has 60 seconds left.\n|\n|t:|1699622301\n|move|p2a: Pawmot|Close Combat|p1a: Arboliva\n|-supereffective|p1a: Arboliva\n|-damage|p1a: Arboliva|2\/100\n|-unboost|p2a: Pawmot|def|1\n|-unboost|p2a: Pawmot|spd|1\n|move|p1a: Arboliva|Strength Sap|p2a: Pawmot\n|-unboost|p2a: Pawmot|atk|1\n|-heal|p1a: Arboliva|94\/100\n|\n|-heal|p2a: Pawmot|73\/100|[from] Grassy Terrain\n|-heal|p1a: Arboliva|99\/100|[from] Grassy Terrain\n|-sideend|p2: pikaplayer1001000|move: Aurora Veil\n|-fieldend|move: Grassy Terrain\n|upkeep\n|turn|22\n|\n|t:|1699622307\n|move|p2a: Pawmot|Revival Blessing|p2a: Pawmot\n|-enditem|p2a: Pawmot|Leppa Berry|[eat]\n|-activate|p2a: Pawmot|item: Leppa Berry|Revival Blessing|[consumed]\n|\n|t:|1699622310\n|-heal|p2: Ninetales|50\/100|[from] move: Revival Blessing\n|move|p1a: Arboliva|Giga Drain|p2a: Pawmot\n|-damage|p2a: Pawmot|0 fnt\n|-heal|p1a: Arboliva|100\/100|[from] drain|[of] p2a: Pawmot\n|faint|p2a: Pawmot\n|\n|upkeep\n|\n|t:|1699622314\n|switch|p2a: Ninetales|Ninetales-Alola, F|50\/100\n|-weather|Snow|[from] ability: Snow Warning|[of] p2a: Ninetales\n|turn|23\n|\n|t:|1699622330\n|move|p2a: Ninetales|Aurora Veil|p2a: Ninetales\n|-sidestart|p2: pikaplayer1001000|move: Aurora Veil\n|move|p1a: Arboliva|Giga Drain|p2a: Ninetales\n|-crit|p2a: Ninetales\n|-damage|p2a: Ninetales|0 fnt\n|faint|p2a: Ninetales\n|\n|-weather|Snow|[upkeep]\n|upkeep\n|\n|t:|1699622338\n|switch|p2a: Clamperl|Clamperl, F, tera:Water|49\/100 tox\n|turn|24\n|\n|t:|1699622343\n|move|p2a: Clamperl|Ice Beam|p1a: Arboliva\n|-supereffective|p1a: Arboliva\n|-damage|p1a: Arboliva|23\/100\n|-fieldstart|move: Grassy Terrain|[from] ability: Seed Sower|[of] p1a: Arboliva\n|move|p1a: Arboliva|Giga Drain|p2a: Clamperl\n|-supereffective|p2a: Clamperl\n|-damage|p2a: Clamperl|0 fnt\n|-heal|p1a: Arboliva|37\/100|[from] drain|[of] p2a: Clamperl\n|faint|p2a: Clamperl\n|\n|-weather|Snow|[upkeep]\n|-heal|p1a: Arboliva|44\/100|[from] Grassy Terrain\n|upkeep\n|\n|t:|1699622348\n|switch|p2a: Kricketune|Kricketune, F|85\/100\n|turn|25\n|\n|t:|1699622358\n|move|p2a: Kricketune|Fell Stinger|p1a: Arboliva\n|-supereffective|p1a: Arboliva\n|-damage|p1a: Arboliva|0 fnt\n|faint|p1a: Arboliva\n|-boost|p2a: Kricketune|atk|3\n|\n|-weather|Snow|[upkeep]\n|-heal|p2a: Kricketune|91\/100|[from] Grassy Terrain\n|upkeep\n|\n|t:|1699622364\n|switch|p1a: Ampharos|Ampharos-Mega, F|100\/100\n|-ability|p1a: Ampharos|Mold Breaker\n|turn|26\n|inactive|pikaplayer1001000 has 120 seconds left.\n|\n|t:|1699622383\n|move|p2a: Kricketune|Leech Life|p1a: Ampharos\n|-damage|p1a: Ampharos|37\/100\n|-heal|p2a: Kricketune|100\/100|[from] drain|[of] p1a: Ampharos\n|move|p1a: Ampharos|Thunderbolt|p2a: Kricketune\n|-damage|p2a: Kricketune|44\/100\n|\n|-weather|Snow|[upkeep]\n|-heal|p2a: Kricketune|50\/100|[from] Grassy Terrain\n|-heal|p1a: Ampharos|43\/100|[from] Grassy Terrain\n|upkeep\n|turn|27\n|\n|t:|1699622394\n|move|p2a: Kricketune|Leech Life|p1a: Ampharos\n|-damage|p1a: Ampharos|0 fnt\n|-heal|p2a: Kricketune|77\/100|[from] drain|[of] p1a: Ampharos\n|faint|p1a: Ampharos\n|\n|-weather|none\n|-heal|p2a: Kricketune|84\/100|[from] Grassy Terrain\n|upkeep\n|\n|t:|1699622397\n|switch|p1a: Crawdaunt|Crawdaunt, M|100\/100\n|turn|28\n|inactive|pikaplayer1001000 has 120 seconds left.\n|\n|t:|1699622405\n|move|p2a: Kricketune|Leech Life|p1a: Crawdaunt\n|-supereffective|p1a: Crawdaunt\n|-damage|p1a: Crawdaunt|0 fnt\n|-heal|p2a: Kricketune|100\/100|[from] drain|[of] p1a: Crawdaunt\n|faint|p1a: Crawdaunt\n|\n|win|pikaplayer1001000\n|raw|yejunkang's rating: 1282 &rarr; <strong>1255<\/strong><br \/>(-27 for losing)\n|raw|pikaplayer1001000's rating: 1249 &rarr; <strong>1276<\/strong><br \/>(+27 for winning)\n","uploadtime":1699622412,"views":5,"p1id":"yejunkang","p2id":"pikaplayer1001000","formatid":"gen9nationaldex","rating":1255,"private":0,"password":""}