{"id":"gen9nationaldex-1993842036","p1":"Poyo90","p2":"IWantMyPhoneCall","format":"[Gen 9] National Dex","log":"|j|\u2606Poyo90\n|j|\u2606IWantMyPhoneCall\n|t:|1700364049\n|gametype|singles\n|player|p1|Poyo90|hau|1083\n|player|p2|IWantMyPhoneCall|benga|1035\n|teamsize|p1|6\n|teamsize|p2|6\n|gen|9\n|tier|[Gen 9] National Dex\n|rated|\n|rule|HP Percentage Mod: HP is shown in percentages\n|rule|Endless Battle Clause: Forcing endless battles is banned\n|rule|OHKO Clause: OHKO moves are banned\n|rule|Evasion Clause: Evasion abilities, items, and moves are banned\n|rule|Evasion Abilities Clause: Evasion abilities are banned\n|rule|Evasion Items Clause: Evasion items are banned\n|rule|Evasion Moves Clause: Evasion moves are banned\n|rule|Species Clause: Limit one of each Pok\u00e9mon\n|rule|Sleep Clause Mod: Limit one foe put to sleep\n|clearpoke\n|poke|p1|Toucannon, F|\n|poke|p1|Stakataka|\n|poke|p1|Chesnaught, F|\n|poke|p1|Goodra, F|\n|poke|p1|Hatterene, F|\n|poke|p1|Lopunny, F|\n|poke|p2|Buzzwole|\n|poke|p2|Pyukumuku, M|\n|poke|p2|Corviknight, F|\n|poke|p2|Chansey, F|\n|poke|p2|Gliscor, M|\n|poke|p2|Sableye, F|\n|teampreview\n|inactive|Battle timer is ON: inactive players will automatically lose when time's up. (requested by IWantMyPhoneCall)\n|\n|t:|1700364056\n|start\n|switch|p1a: Lopunny|Lopunny, F|100\/100\n|switch|p2a: Sableye|Sableye, F|100\/100\n|turn|1\n|\n|t:|1700364064\n|detailschange|p1a: Lopunny|Lopunny-Mega, F\n|-mega|p1a: Lopunny|Lopunny|Lopunnite\n|detailschange|p2a: Sableye|Sableye-Mega, F\n|-mega|p2a: Sableye|Sableye|Sablenite\n|move|p1a: Lopunny|Fake Out|p2a: Sableye\n|-damage|p2a: Sableye|83\/100\n|cant|p2a: Sableye|flinch\n|\n|upkeep\n|turn|2\n|\n|t:|1700364072\n|move|p1a: Lopunny|Close Combat|p2a: Sableye\n|-supereffective|p2a: Sableye\n|-damage|p2a: Sableye|0 fnt\n|-unboost|p1a: Lopunny|def|1\n|-unboost|p1a: Lopunny|spd|1\n|faint|p2a: Sableye\n|\n|upkeep\n|\n|t:|1700364078\n|switch|p2a: Buzzwole|Buzzwole|100\/100\n|turn|3\n|\n|t:|1700364087\n|switch|p1a: Toucannon|Toucannon, F|100\/100\n|switch|p2a: Chansey|Chansey, F|100\/100\n|\n|upkeep\n|turn|4\n|\n|t:|1700364092\n|move|p1a: Toucannon|Swords Dance|p1a: Toucannon\n|-boost|p1a: Toucannon|atk|2\n|move|p2a: Chansey|Stealth Rock|p1a: Toucannon\n|-sidestart|p1: Poyo90|move: Stealth Rock\n|\n|upkeep\n|turn|5\n|\n|t:|1700364097\n|switch|p2a: Pyukumuku|Pyukumuku, M|100\/100\n|move|p1a: Toucannon|Return|p2a: Pyukumuku\n|-damage|p2a: Pyukumuku|66\/100\n|\n|-heal|p2a: Pyukumuku|72\/100|[from] item: Leftovers\n|upkeep\n|turn|6\n|\n|t:|1700364106\n|move|p1a: Toucannon|Bullet Seed|p2a: Pyukumuku\n|-supereffective|p2a: Pyukumuku\n|-damage|p2a: Pyukumuku|59\/100\n|-supereffective|p2a: Pyukumuku\n|-damage|p2a: Pyukumuku|47\/100\n|-supereffective|p2a: Pyukumuku\n|-crit|p2a: Pyukumuku\n|-damage|p2a: Pyukumuku|29\/100\n|-supereffective|p2a: Pyukumuku\n|-damage|p2a: Pyukumuku|16\/100\n|-supereffective|p2a: Pyukumuku\n|-damage|p2a: Pyukumuku|4\/100\n|-hitcount|p2a: Pyukumuku|5\n|move|p2a: Pyukumuku|Block|p1a: Toucannon\n|-activate|p1a: Toucannon|trapped\n|\n|-heal|p2a: Pyukumuku|10\/100|[from] item: Leftovers\n|upkeep\n|turn|7\n|\n|t:|1700364123\n|switch|p2a: Buzzwole|Buzzwole|100\/100\n|move|p1a: Toucannon|Bullet Seed|p2a: Buzzwole\n|-resisted|p2a: Buzzwole\n|-damage|p2a: Buzzwole|96\/100\n|-resisted|p2a: Buzzwole\n|-damage|p2a: Buzzwole|92\/100\n|-resisted|p2a: Buzzwole\n|-damage|p2a: Buzzwole|88\/100\n|-resisted|p2a: Buzzwole\n|-damage|p2a: Buzzwole|84\/100\n|-resisted|p2a: Buzzwole\n|-damage|p2a: Buzzwole|80\/100\n|-hitcount|p2a: Buzzwole|5\n|\n|upkeep\n|turn|8\n|\n|t:|1700364135\n|-singleturn|p1a: Toucannon|move: Beak Blast\n|move|p2a: Buzzwole|Toxic|p1a: Toucannon\n|-status|p1a: Toucannon|tox\n|move|p1a: Toucannon|Beak Blast|p2a: Buzzwole\n|-supereffective|p2a: Buzzwole\n|-damage|p2a: Buzzwole|0 fnt\n|faint|p2a: Buzzwole\n|\n|-damage|p1a: Toucannon|94\/100 tox|[from] psn\n|upkeep\n|\n|t:|1700364144\n|switch|p2a: Corviknight|Corviknight, F|100\/100\n|-ability|p2a: Corviknight|Pressure\n|turn|9\n|\n|t:|1700364151\n|switch|p2a: Gliscor|Gliscor, M|100\/100\n|-singleturn|p1a: Toucannon|move: Beak Blast\n|move|p1a: Toucannon|Beak Blast|p2a: Gliscor\n|-damage|p2a: Gliscor|31\/100\n|\n|-damage|p1a: Toucannon|82\/100 tox|[from] psn\n|-status|p2a: Gliscor|tox|[from] item: Toxic Orb\n|upkeep\n|turn|10\n|\n|t:|1700364160\n|move|p2a: Gliscor|Roost|p2a: Gliscor\n|-heal|p2a: Gliscor|81\/100 tox\n|-singleturn|p2a: Gliscor|move: Roost\n|move|p1a: Toucannon|Bullet Seed|p2a: Gliscor\n|-supereffective|p2a: Gliscor\n|-damage|p2a: Gliscor|57\/100 tox\n|-supereffective|p2a: Gliscor\n|-damage|p2a: Gliscor|35\/100 tox\n|-supereffective|p2a: Gliscor\n|-damage|p2a: Gliscor|12\/100 tox\n|-supereffective|p2a: Gliscor\n|-damage|p2a: Gliscor|0 fnt\n|faint|p2a: Gliscor\n|-hitcount|p2: Gliscor|4\n|\n|-damage|p1a: Toucannon|64\/100 tox|[from] psn\n|upkeep\n|-message|IWantMyPhoneCall forfeited.\n|\n|win|Poyo90\n|raw|Poyo90's rating: 1083 &rarr; <strong>1107<\/strong><br \/>(+24 for winning)\n|raw|IWantMyPhoneCall's rating: 1035 &rarr; <strong>1022<\/strong><br \/>(-13 for losing)\n|l|\u2606IWantMyPhoneCall\n","uploadtime":1700364179,"views":7,"p1id":"poyo90","p2id":"iwantmyphonecall","formatid":"gen9nationaldex","rating":1022,"private":0,"password":""}