{"id":"gen9nationaldex-1998121365","p1":"BronteBean","p2":"Maribar","format":"[Gen 9] National Dex","log":"|html|<div class=\"broadcast-blue\"><strong>[Gen 9] National Dex is currently suspecting Sneasler! For information on how to participate check out the <a href=\"https:\/\/www.smogon.com\/forums\/threads\/sv-national-dex-suspect-8-just-dance.3731534\/\">suspect thread<\/a>.<\/strong><\/div>\n|j|\u2606BronteBean\n|j|\u2606Maribar\n|t:|1700895168\n|gametype|singles\n|player|p1|BronteBean|parasollady-gen4|\n|player|p2|Maribar|medium|\n|teamsize|p1|6\n|teamsize|p2|6\n|gen|9\n|tier|[Gen 9] National Dex\n|rule|HP Percentage Mod: HP is shown in percentages\n|rule|Endless Battle Clause: Forcing endless battles is banned\n|rule|OHKO Clause: OHKO moves are banned\n|rule|Evasion Clause: Evasion abilities, items, and moves are banned\n|rule|Evasion Abilities Clause: Evasion abilities are banned\n|rule|Evasion Items Clause: Evasion items are banned\n|rule|Evasion Moves Clause: Evasion moves are banned\n|rule|Species Clause: Limit one of each Pok\u00e9mon\n|rule|Sleep Clause Mod: Limit one foe put to sleep\n|clearpoke\n|poke|p1|Ceruledge, M|\n|poke|p1|Suicune|\n|poke|p1|Manaphy|\n|poke|p1|Chansey, F|\n|poke|p1|Ribombee, F|\n|poke|p1|Diancie|\n|poke|p2|Charizard, M|\n|poke|p2|Vivillon-Fancy, F|\n|poke|p2|Gliscor, M|\n|poke|p2|Clefable, F|\n|poke|p2|Cyclizar, M|\n|poke|p2|Gengar, M|\n|teampreview\n|\n|t:|1700895177\n|start\n|switch|p1a: Ribombee|Ribombee, F|100\/100\n|switch|p2a: Gay Agenda|Vivillon-Fancy, F, shiny|100\/100\n|turn|1\n|j| SkywardSD\n|\n|t:|1700895199\n|move|p1a: Ribombee|Sticky Web|p2a: Gay Agenda\n|-sidestart|p2: Maribar|move: Sticky Web\n|move|p2a: Gay Agenda|Sleep Powder|p1a: Ribombee\n|-status|p1a: Ribombee|slp|[from] move: Sleep Powder\n|\n|upkeep\n|turn|2\n|\n|t:|1700895243\n|switch|p1a: Ceruledge|Ceruledge, M|100\/100\n|move|p2a: Gay Agenda|Quiver Dance|p2a: Gay Agenda\n|-boost|p2a: Gay Agenda|spa|1\n|-boost|p2a: Gay Agenda|spd|1\n|-boost|p2a: Gay Agenda|spe|1\n|\n|upkeep\n|turn|3\n|\n|t:|1700895284\n|-terastallize|p2a: Gay Agenda|Water\n|-terastallize|p1a: Ceruledge|Steel\n|move|p2a: Gay Agenda|Hurricane|p1a: Ceruledge\n|-resisted|p1a: Ceruledge\n|-damage|p1a: Ceruledge|72\/100\n|move|p1a: Ceruledge|Iron Head|p2a: Gay Agenda\n|-resisted|p2a: Gay Agenda\n|-damage|p2a: Gay Agenda|62\/100\n|\n|-heal|p2a: Gay Agenda|68\/100|[from] item: Leftovers\n|upkeep\n|turn|4\n|\n|t:|1700895306\n|move|p2a: Gay Agenda|Quiver Dance|p2a: Gay Agenda\n|-boost|p2a: Gay Agenda|spa|1\n|-boost|p2a: Gay Agenda|spd|1\n|-boost|p2a: Gay Agenda|spe|1\n|move|p1a: Ceruledge|Clear Smog|p2a: Gay Agenda\n|-damage|p2a: Gay Agenda|59\/100\n|-clearboost|p2a: Gay Agenda\n|\n|-heal|p2a: Gay Agenda|65\/100|[from] item: Leftovers\n|upkeep\n|turn|5\n|\n|t:|1700895340\n|switch|p1a: Chansey|Chansey, F|100\/100\n|switch|p2a: : )|Clefable, F|100\/100\n|-activate|p2a: : )|move: Sticky Web\n|-unboost|p2a: : )|spe|1\n|\n|upkeep\n|turn|6\n|\n|t:|1700895369\n|move|p1a: Chansey|Toxic|p2a: : )\n|-status|p2a: : )|tox\n|move|p2a: : )|Toxic|p1a: Chansey\n|-status|p1a: Chansey|tox\n|\n|-damage|p1a: Chansey|94\/100 tox|[from] psn\n|-damage|p2a: : )|94\/100 tox|[from] psn\n|upkeep\n|turn|7\n|\n|t:|1700895379\n|move|p1a: Chansey|Stealth Rock|p2a: : )\n|-sidestart|p2: Maribar|move: Stealth Rock\n|move|p2a: : )|Wish|p2a: : )\n|\n|-heal|p2a: : )|100\/100 tox|[from] item: Leftovers\n|-damage|p1a: Chansey|82\/100 tox|[from] psn\n|-damage|p2a: : )|88\/100 tox|[from] psn\n|upkeep\n|turn|8\n|\n|t:|1700895386\n|-curestatus|p1a: Chansey|tox|[from] ability: Natural Cure\n|switch|p1a: Ceruledge|Ceruledge, M, tera:Steel|72\/100\n|switch|p2a: In me mums car|Cyclizar, M, shiny|100\/100\n|\n|upkeep\n|turn|9\n|\n|t:|1700895416\n|switch|p1a: Diancie|Diancie|100\/100\n|move|p2a: In me mums car|Rapid Spin|p1a: Diancie\n|-resisted|p1a: Diancie\n|-damage|p1a: Diancie|89\/100\n|-boost|p2a: In me mums car|spe|1\n|-sideend|p2: Maribar|Stealth Rock|[from] move: Rapid Spin|[of] p2a: In me mums car\n|-sideend|p2: Maribar|Sticky Web|[from] move: Rapid Spin|[of] p2a: In me mums car\n|\n|upkeep\n|turn|10\n|\n|t:|1700895439\n|detailschange|p1a: Diancie|Diancie-Mega\n|-mega|p1a: Diancie|Diancie|Diancite\n|move|p2a: In me mums car|Iron Head|p1a: Diancie\n|-supereffective|p1a: Diancie\n|-damage|p1a: Diancie|0 fnt\n|faint|p1a: Diancie\n|\n|upkeep\n|\n|t:|1700895446\n|switch|p1a: Chansey|Chansey, F|82\/100\n|turn|11\n|\n|t:|1700895452\n|move|p2a: In me mums car|Knock Off|p1a: Chansey\n|-damage|p1a: Chansey|63\/100\n|-enditem|p1a: Chansey|Eviolite|[from] move: Knock Off|[of] p2a: In me mums car\n|move|p1a: Chansey|Stealth Rock|p2a: In me mums car\n|-sidestart|p2: Maribar|move: Stealth Rock\n|\n|upkeep\n|turn|12\n|\n|t:|1700895475\n|move|p2a: In me mums car|Rapid Spin|p1a: Chansey\n|-damage|p1a: Chansey|43\/100\n|-boost|p2a: In me mums car|spe|1\n|-sideend|p2: Maribar|Stealth Rock|[from] move: Rapid Spin|[of] p2a: In me mums car\n|move|p1a: Chansey|Toxic|p2a: In me mums car\n|-status|p2a: In me mums car|tox\n|\n|-damage|p2a: In me mums car|94\/100 tox|[from] psn\n|upkeep\n|turn|13\n|\n|t:|1700895484\n|move|p2a: In me mums car|Iron Head|p1a: Chansey\n|-damage|p1a: Chansey|22\/100\n|cant|p1a: Chansey|flinch\n|\n|-damage|p2a: In me mums car|82\/100 tox|[from] psn\n|upkeep\n|turn|14\n|\n|t:|1700895494\n|move|p2a: In me mums car|U-turn|p1a: Chansey\n|-damage|p1a: Chansey|4\/100\n|\n|t:|1700895497\n|switch|p2a: >: )|Gengar, M|100\/100|[from] U-turn\n|move|p1a: Chansey|Soft-Boiled|p1a: Chansey\n|-heal|p1a: Chansey|54\/100\n|\n|upkeep\n|turn|15\n|\n|t:|1700895536\n|switch|p1a: Manaphy|Manaphy|100\/100\n|move|p2a: >: )|Toxic Spikes|p1a: Manaphy\n|-sidestart|p1: BronteBean|move: Toxic Spikes\n|\n|upkeep\n|turn|16\n|\n|t:|1700895562\n|move|p2a: >: )|Thief|p1a: Manaphy\n|-damage|p1a: Manaphy|92\/100\n|-enditem|p1a: Manaphy|Life Orb|[silent]|[from] move: Thief|[of] p2a: >: )\n|-item|p2a: >: )|Life Orb|[from] move: Thief|[of] p1a: Manaphy\n|-damage|p2a: >: )|91\/100|[from] item: Life Orb\n|move|p1a: Manaphy|Tail Glow|p1a: Manaphy\n|-boost|p1a: Manaphy|spa|3\n|\n|upkeep\n|turn|17\n|\n|t:|1700895574\n|move|p2a: >: )|Destiny Bond|p2a: >: )\n|-singlemove|p2a: >: )|Destiny Bond\n|move|p1a: Manaphy|Scald|p2a: >: )\n|-damage|p2a: >: )|0 fnt\n|faint|p2a: >: )\n|-activate|p2a: >: )|move: Destiny Bond\n|faint|p1a: Manaphy\n|\n|upkeep\n|\n|t:|1700895596\n|switch|p2a: Gay Agenda|Vivillon-Fancy, F, shiny, tera:Water|65\/100\n|switch|p1a: Ceruledge|Ceruledge, M, tera:Steel|72\/100\n|turn|18\n|\n|t:|1700895610\n|switch|p2a: Spicy Count|Gliscor, M|100\/100\n|move|p1a: Ceruledge|Iron Head|p2a: Spicy Count\n|-damage|p2a: Spicy Count|63\/100\n|\n|-status|p2a: Spicy Count|tox|[from] item: Toxic Orb\n|upkeep\n|turn|19\n|\n|t:|1700895624\n|switch|p1a: Chansey|Chansey, F|54\/100\n|-status|p1a: Chansey|psn\n|move|p2a: Spicy Count|Substitute|p2a: Spicy Count\n|-start|p2a: Spicy Count|Substitute\n|-damage|p2a: Spicy Count|39\/100 tox\n|\n|-heal|p2a: Spicy Count|51\/100 tox|[from] ability: Poison Heal\n|-damage|p1a: Chansey|41\/100 psn|[from] psn\n|upkeep\n|turn|20\n|\n|t:|1700895635\n|move|p2a: Spicy Count|Swords Dance|p2a: Spicy Count\n|-boost|p2a: Spicy Count|atk|2\n|move|p1a: Chansey|Soft-Boiled|p1a: Chansey\n|-heal|p1a: Chansey|91\/100 psn\n|\n|-heal|p2a: Spicy Count|63\/100 tox|[from] ability: Poison Heal\n|-damage|p1a: Chansey|79\/100 psn|[from] psn\n|upkeep\n|turn|21\n|\n|t:|1700895648\n|move|p2a: Spicy Count|Swords Dance|p2a: Spicy Count\n|-boost|p2a: Spicy Count|atk|2\n|move|p1a: Chansey|Stealth Rock|p2a: Spicy Count\n|-sidestart|p2: Maribar|move: Stealth Rock\n|\n|-heal|p2a: Spicy Count|76\/100 tox|[from] ability: Poison Heal\n|-damage|p1a: Chansey|67\/100 psn|[from] psn\n|upkeep\n|turn|22\n|\n|t:|1700895659\n|-curestatus|p1a: Chansey|psn|[from] ability: Natural Cure\n|switch|p1a: Ceruledge|Ceruledge, M, tera:Steel|72\/100\n|move|p2a: Spicy Count|Swords Dance|p2a: Spicy Count\n|-boost|p2a: Spicy Count|atk|2\n|\n|-heal|p2a: Spicy Count|88\/100 tox|[from] ability: Poison Heal\n|upkeep\n|turn|23\n|\n|t:|1700895669\n|move|p2a: Spicy Count|Earthquake|p1a: Ceruledge\n|-supereffective|p1a: Ceruledge\n|-damage|p1a: Ceruledge|0 fnt\n|faint|p1a: Ceruledge\n|\n|-heal|p2a: Spicy Count|100\/100 tox|[from] ability: Poison Heal\n|upkeep\n|\n|t:|1700895676\n|switch|p1a: Suicune|Suicune|100\/100\n|-status|p1a: Suicune|psn\n|-ability|p1a: Suicune|Pressure\n|turn|24\n|\n|t:|1700895687\n|move|p2a: Spicy Count|Earthquake|p1a: Suicune\n|-crit|p1a: Suicune\n|-damage|p1a: Suicune|0 fnt\n|faint|p1a: Suicune\n|\n|upkeep\n|\n|t:|1700895693\n|switch|p1a: Ribombee|Ribombee, F|100\/100 slp\n|turn|25\n|\n|t:|1700895697\n|cant|p1a: Ribombee|slp\n|move|p2a: Spicy Count|Earthquake|p1a: Ribombee\n|-resisted|p1a: Ribombee\n|-damage|p1a: Ribombee|0 fnt\n|faint|p1a: Ribombee\n|\n|upkeep\n|\n|t:|1700895704\n|switch|p1a: Chansey|Chansey, F|67\/100\n|-status|p1a: Chansey|psn\n|turn|26\n|\n|t:|1700895708\n|move|p2a: Spicy Count|Earthquake|p1a: Chansey\n|-damage|p1a: Chansey|0 fnt\n|faint|p1a: Chansey\n|\n|win|Maribar\n|l| SkywardSD\n","uploadtime":1700895716,"views":8,"p1id":"brontebean","p2id":"maribar","formatid":"gen9nationaldex","rating":0,"private":0,"password":""}