{"id":"gen9nationaldex-1987597946","p1":"Victory Brewing","p2":"shenghua\u597d\u96be","format":"[Gen 9] National Dex","log":"|j|\u2606Victory Brewing\n|j|\u2606shenghua\u597d\u96be\n|t:|1699617580\n|gametype|singles\n|player|p1|Victory Brewing|punkguy-gen7|1461\n|player|p2|shenghua\u597d\u96be|1|1462\n|teamsize|p1|6\n|teamsize|p2|6\n|gen|9\n|tier|[Gen 9] National Dex\n|rated|\n|rule|HP Percentage Mod: HP is shown in percentages\n|rule|Endless Battle Clause: Forcing endless battles is banned\n|rule|OHKO Clause: OHKO moves are banned\n|rule|Evasion Clause: Evasion abilities, items, and moves are banned\n|rule|Evasion Abilities Clause: Evasion abilities are banned\n|rule|Evasion Items Clause: Evasion items are banned\n|rule|Evasion Moves Clause: Evasion moves are banned\n|rule|Species Clause: Limit one of each Pok\u00e9mon\n|rule|Sleep Clause Mod: Limit one foe put to sleep\n|clearpoke\n|poke|p1|Alomomola, M|\n|poke|p1|Kyurem|\n|poke|p1|Corviknight, F|\n|poke|p1|Tyranitar, F|\n|poke|p1|Great Tusk|\n|poke|p1|Tapu Lele|\n|poke|p2|Iron Valiant|\n|poke|p2|Sneasler, F|\n|poke|p2|Medicham, M|\n|poke|p2|Gliscor, F|\n|poke|p2|Chansey, F|\n|poke|p2|Tapu Koko|\n|teampreview\n|inactive|Battle timer is ON: inactive players will automatically lose when time's up. (requested by shenghua\u597d\u96be)\n|\n|t:|1699617598\n|start\n|switch|p1a: Tyranitar|Tyranitar, F|100\/100\n|switch|p2a: Tapu Koko|Tapu Koko|100\/100\n|-fieldstart|move: Electric Terrain|[from] ability: Electric Surge|[of] p2a: Tapu Koko\n|-weather|Sandstorm|[from] ability: Sand Stream|[of] p1a: Tyranitar\n|turn|1\n|\n|t:|1699617603\n|detailschange|p1a: Tyranitar|Tyranitar-Mega, F\n|-mega|p1a: Tyranitar|Tyranitar|Tyranitarite\n|move|p2a: Tapu Koko|U-turn|p1a: Tyranitar\n|-supereffective|p1a: Tyranitar\n|-damage|p1a: Tyranitar|81\/100\n|\n|t:|1699617610\n|switch|p2a: Gliscor|Gliscor, F|100\/100|[from] U-turn\n|move|p1a: Tyranitar|Stealth Rock|p2a: Gliscor\n|-sidestart|p2: shenghua\u597d\u96be|move: Stealth Rock\n|\n|-weather|Sandstorm|[upkeep]\n|-status|p2a: Gliscor|tox|[from] item: Toxic Orb\n|upkeep\n|turn|2\n|\n|t:|1699617615\n|switch|p1a: Snoopy|Corviknight, F|100\/100\n|-ability|p1a: Snoopy|Pressure\n|move|p2a: Gliscor|Defog|p1a: Snoopy\n|-unboost|p1a: Snoopy|evasion|1\n|-sideend|p2: shenghua\u597d\u96be|Stealth Rock|[from] move: Defog|[of] p2a: Gliscor\n|-fieldend|move: Electric Terrain\n|\n|-weather|Sandstorm|[upkeep]\n|upkeep\n|turn|3\n|\n|t:|1699617624\n|move|p2a: Gliscor|Toxic|p1a: Snoopy\n|-immune|p1a: Snoopy\n|move|p1a: Snoopy|Substitute|p1a: Snoopy\n|-start|p1a: Snoopy|Substitute\n|-damage|p1a: Snoopy|75\/100\n|\n|-weather|Sandstorm|[upkeep]\n|-heal|p1a: Snoopy|82\/100|[from] item: Leftovers\n|upkeep\n|turn|4\n|\n|t:|1699617631\n|switch|p2a: Tapu Koko|Tapu Koko|100\/100\n|-fieldstart|move: Electric Terrain|[from] ability: Electric Surge|[of] p2a: Tapu Koko\n|move|p1a: Snoopy|Bulk Up|p1a: Snoopy\n|-boost|p1a: Snoopy|atk|1\n|-boost|p1a: Snoopy|def|1\n|\n|-weather|Sandstorm|[upkeep]\n|-damage|p2a: Tapu Koko|94\/100|[from] Sandstorm\n|-heal|p1a: Snoopy|88\/100|[from] item: Leftovers\n|upkeep\n|turn|5\n|\n|t:|1699617637\n|move|p2a: Tapu Koko|Thunderbolt|p1a: Snoopy\n|-supereffective|p1a: Snoopy\n|-end|p1a: Snoopy|Substitute\n|move|p1a: Snoopy|Substitute|p1a: Snoopy\n|-start|p1a: Snoopy|Substitute\n|-damage|p1a: Snoopy|63\/100\n|\n|-weather|none\n|-heal|p1a: Snoopy|69\/100|[from] item: Leftovers\n|upkeep\n|turn|6\n|\n|t:|1699617640\n|move|p2a: Tapu Koko|Thunderbolt|p1a: Snoopy\n|-supereffective|p1a: Snoopy\n|-end|p1a: Snoopy|Substitute\n|move|p1a: Snoopy|Substitute|p1a: Snoopy\n|-start|p1a: Snoopy|Substitute\n|-damage|p1a: Snoopy|44\/100\n|\n|-heal|p1a: Snoopy|50\/100|[from] item: Leftovers\n|upkeep\n|turn|7\n|\n|t:|1699617643\n|move|p2a: Tapu Koko|Thunderbolt|p1a: Snoopy\n|-supereffective|p1a: Snoopy\n|-end|p1a: Snoopy|Substitute\n|move|p1a: Snoopy|Substitute|p1a: Snoopy\n|-start|p1a: Snoopy|Substitute\n|-damage|p1a: Snoopy|25\/100\n|\n|-heal|p1a: Snoopy|31\/100|[from] item: Leftovers\n|upkeep\n|turn|8\n|\n|t:|1699617646\n|move|p2a: Tapu Koko|Thunderbolt|p1a: Snoopy\n|-supereffective|p1a: Snoopy\n|-end|p1a: Snoopy|Substitute\n|move|p1a: Snoopy|Roost|p1a: Snoopy\n|-heal|p1a: Snoopy|81\/100\n|-singleturn|p1a: Snoopy|move: Roost\n|\n|-heal|p1a: Snoopy|87\/100|[from] item: Leftovers\n|-fieldend|move: Electric Terrain\n|upkeep\n|turn|9\n|l|\u2606shenghua\u597d\u96be\n|inactive|shenghua\u597d\u96be disconnected and has a minute to reconnect!\n|player|p2|\n|j|\u2606shenghua\u597d\u96be\n|inactive|shenghua\u597d\u96be reconnected and has 145 seconds left.\n|player|p2|shenghua\u597d\u96be|1\n|\n|t:|1699617658\n|switch|p1a: Tyranitar|Tyranitar-Mega, F|81\/100\n|-weather|Sandstorm|[from] ability: Sand Stream|[of] p1a: Tyranitar\n|move|p2a: Tapu Koko|Thunderbolt|p1a: Tyranitar\n|-damage|p1a: Tyranitar|62\/100\n|\n|-weather|Sandstorm|[upkeep]\n|-damage|p2a: Tapu Koko|88\/100|[from] Sandstorm\n|upkeep\n|turn|10\n|\n|t:|1699617663\n|move|p2a: Tapu Koko|U-turn|p1a: Tyranitar\n|-supereffective|p1a: Tyranitar\n|-damage|p1a: Tyranitar|43\/100\n|\n|t:|1699617667\n|switch|p2a: Medicham|Medicham, M|100\/100|[from] U-turn\n|move|p1a: Tyranitar|Stealth Rock|p2a: Medicham\n|-sidestart|p2: shenghua\u597d\u96be|move: Stealth Rock\n|\n|-weather|Sandstorm|[upkeep]\n|-damage|p2a: Medicham|94\/100|[from] Sandstorm\n|upkeep\n|turn|11\n|\n|t:|1699617686\n|switch|p1a: Alomomola|Alomomola, M|100\/100\n|detailschange|p2a: Medicham|Medicham-Mega, M\n|-mega|p2a: Medicham|Medicham|Medichamite\n|move|p2a: Medicham|Zen Headbutt|p1a: Alomomola\n|-damage|p1a: Alomomola|61\/100\n|-enditem|p1a: Alomomola|Red Card|[of] p2a: Medicham\n|drag|p2a: Tapu Koko|Tapu Koko|88\/100\n|-fieldstart|move: Electric Terrain|[from] ability: Electric Surge|[of] p2a: Tapu Koko\n|\n|-weather|Sandstorm|[upkeep]\n|-damage|p2a: Tapu Koko|82\/100|[from] Sandstorm\n|-damage|p1a: Alomomola|55\/100|[from] Sandstorm\n|upkeep\n|turn|12\n|\n|t:|1699617711\n|switch|p1a: Great Tusk|Great Tusk|100\/100\n|move|p2a: Tapu Koko|Thunderbolt|p1a: Great Tusk\n|-immune|p1a: Great Tusk\n|\n|-weather|Sandstorm|[upkeep]\n|-damage|p2a: Tapu Koko|76\/100|[from] Sandstorm\n|upkeep\n|turn|13\n|\n|t:|1699617715\n|-terastallize|p2a: Tapu Koko|Grass\n|move|p2a: Tapu Koko|Grass Knot|p1a: Great Tusk\n|-supereffective|p1a: Great Tusk\n|-damage|p1a: Great Tusk|0 fnt\n|faint|p1a: Great Tusk\n|-end|p1a: Great Tusk|Protosynthesis|[silent]\n|\n|-weather|none\n|upkeep\n|\n|t:|1699617721\n|switch|p1a: Tapu Lele|Tapu Lele|100\/100\n|-fieldstart|move: Psychic Terrain|[from] ability: Psychic Surge|[of] p1a: Tapu Lele\n|turn|14\n|\n|t:|1699617724\n|switch|p2a: Chansey|Chansey, F|100\/100\n|-damage|p2a: Chansey|88\/100|[from] Stealth Rock\n|move|p1a: Tapu Lele|Psyshock|p2a: Chansey\n|-damage|p2a: Chansey|55\/100\n|\n|upkeep\n|turn|15\n|\n|t:|1699617729\n|move|p1a: Tapu Lele|Psyshock|p2a: Chansey\n|-damage|p2a: Chansey|19\/100\n|move|p2a: Chansey|Soft-Boiled|p2a: Chansey\n|-heal|p2a: Chansey|69\/100\n|\n|upkeep\n|turn|16\n|\n|t:|1699617733\n|switch|p1a: Snoopy|Corviknight, F|87\/100\n|-ability|p1a: Snoopy|Pressure\n|move|p2a: Chansey|Soft-Boiled|p2a: Chansey\n|-heal|p2a: Chansey|100\/100\n|\n|-heal|p1a: Snoopy|93\/100|[from] item: Leftovers\n|upkeep\n|turn|17\n|\n|t:|1699617737\n|switch|p2a: Tapu Koko|Tapu Koko, tera:Grass|76\/100\n|-fieldstart|move: Electric Terrain|[from] ability: Electric Surge|[of] p2a: Tapu Koko\n|move|p1a: Snoopy|Substitute|p1a: Snoopy\n|-start|p1a: Snoopy|Substitute\n|-damage|p1a: Snoopy|68\/100\n|\n|-heal|p1a: Snoopy|74\/100|[from] item: Leftovers\n|upkeep\n|turn|18\n|\n|t:|1699617739\n|move|p2a: Tapu Koko|Thunderbolt|p1a: Snoopy\n|-supereffective|p1a: Snoopy\n|-end|p1a: Snoopy|Substitute\n|move|p1a: Snoopy|Brave Bird|p2a: Tapu Koko\n|-supereffective|p2a: Tapu Koko\n|-damage|p2a: Tapu Koko|0 fnt\n|faint|p2a: Tapu Koko\n|-damage|p1a: Snoopy|56\/100|[from] Recoil\n|\n|-heal|p1a: Snoopy|62\/100|[from] item: Leftovers\n|upkeep\n|\n|t:|1699617746\n|switch|p2a: Iron Valiant|Iron Valiant|100\/100\n|-damage|p2a: Iron Valiant|94\/100|[from] Stealth Rock\n|-activate|p2a: Iron Valiant|ability: Quark Drive\n|-start|p2a: Iron Valiant|quarkdrivespe\n|turn|19\n|\n|t:|1699617753\n|switch|p1a: Tyranitar|Tyranitar-Mega, F|43\/100\n|-weather|Sandstorm|[from] ability: Sand Stream|[of] p1a: Tyranitar\n|move|p2a: Iron Valiant|Thunderbolt|p1a: Tyranitar\n|-damage|p1a: Tyranitar|10\/100\n|\n|-weather|Sandstorm|[upkeep]\n|-damage|p2a: Iron Valiant|88\/100|[from] Sandstorm\n|upkeep\n|turn|20\n|\n|t:|1699617758\n|-end|p2a: Iron Valiant|Quark Drive|[silent]\n|switch|p2a: Sneasler|Sneasler, F|100\/100\n|-damage|p2a: Sneasler|95\/100|[from] Stealth Rock\n|-enditem|p2a: Sneasler|Electric Seed\n|-boost|p2a: Sneasler|def|1|[from] item: Electric Seed\n|switch|p1a: BLANKET|Kyurem|100\/100\n|-ability|p1a: BLANKET|Pressure\n|\n|-weather|Sandstorm|[upkeep]\n|-damage|p2a: Sneasler|89\/100|[from] Sandstorm\n|-damage|p1a: BLANKET|94\/100|[from] Sandstorm\n|-heal|p1a: BLANKET|100\/100|[from] item: Leftovers\n|upkeep\n|turn|21\n|\n|t:|1699617771\n|move|p2a: Sneasler|Close Combat|p1a: BLANKET\n|-supereffective|p1a: BLANKET\n|-damage|p1a: BLANKET|0 fnt\n|-unboost|p2a: Sneasler|def|1\n|-unboost|p2a: Sneasler|spd|1\n|faint|p1a: BLANKET\n|\n|-weather|Sandstorm|[upkeep]\n|-damage|p2a: Sneasler|83\/100|[from] Sandstorm\n|-fieldend|move: Electric Terrain\n|upkeep\n|\n|t:|1699617780\n|switch|p1a: Alomomola|Alomomola, M|88\/100\n|turn|22\n|\n|t:|1699617793\n|move|p2a: Sneasler|Swords Dance|p2a: Sneasler\n|-boost|p2a: Sneasler|atk|2\n|move|p1a: Alomomola|Acrobatics|p2a: Sneasler\n|-supereffective|p2a: Sneasler\n|-damage|p2a: Sneasler|12\/100\n|\n|-weather|Sandstorm|[upkeep]\n|-damage|p2a: Sneasler|6\/100|[from] Sandstorm\n|-damage|p1a: Alomomola|82\/100|[from] Sandstorm\n|upkeep\n|turn|23\n|\n|t:|1699617802\n|move|p2a: Sneasler|Close Combat|p1a: Alomomola\n|-damage|p1a: Alomomola|10\/100\n|-unboost|p2a: Sneasler|def|1\n|-unboost|p2a: Sneasler|spd|1\n|move|p1a: Alomomola|Flip Turn|p2a: Sneasler\n|-damage|p2a: Sneasler|0 fnt\n|faint|p2a: Sneasler\n|\n|t:|1699617811\n|switch|p1a: Tapu Lele|Tapu Lele|100\/100|[from] Flip Turn\n|-fieldstart|move: Psychic Terrain|[from] ability: Psychic Surge|[of] p1a: Tapu Lele\n|\n|-weather|none\n|upkeep\n|\n|t:|1699617814\n|switch|p2a: Chansey|Chansey, F|100\/100\n|-damage|p2a: Chansey|88\/100|[from] Stealth Rock\n|turn|24\n|\n|t:|1699617818\n|switch|p1a: Alomomola|Alomomola, M|43\/100\n|move|p2a: Chansey|Toxic|p1a: Alomomola\n|-status|p1a: Alomomola|tox\n|\n|-damage|p1a: Alomomola|37\/100 tox|[from] psn\n|upkeep\n|turn|25\n|\n|t:|1699617822\n|move|p1a: Alomomola|Wish|p1a: Alomomola\n|move|p2a: Chansey|Teleport|p2a: Chansey\n|\n|t:|1699617831\n|switch|p2a: Iron Valiant|Iron Valiant|88\/100|[from] Teleport\n|-damage|p2a: Iron Valiant|82\/100|[from] Stealth Rock\n|\n|-damage|p1a: Alomomola|24\/100 tox|[from] psn\n|upkeep\n|turn|26\n|\n|t:|1699617838\n|switch|p1a: Snoopy|Corviknight, F|62\/100\n|-ability|p1a: Snoopy|Pressure\n|move|p2a: Iron Valiant|Moonblast|p1a: Snoopy\n|-resisted|p1a: Snoopy\n|-damage|p1a: Snoopy|35\/100\n|\n|-heal|p1a: Snoopy|100\/100|[from] move: Wish|[wisher] Alomomola\n|upkeep\n|turn|27\n|\n|t:|1699617843\n|-end|p2a: Iron Valiant|Quark Drive|[silent]\n|switch|p2a: Chansey|Chansey, F|88\/100\n|-damage|p2a: Chansey|76\/100|[from] Stealth Rock\n|move|p1a: Snoopy|Substitute|p1a: Snoopy\n|-start|p1a: Snoopy|Substitute\n|-damage|p1a: Snoopy|75\/100\n|\n|-heal|p1a: Snoopy|82\/100|[from] item: Leftovers\n|-fieldend|move: Psychic Terrain\n|upkeep\n|turn|28\n|\n|t:|1699617848\n|move|p1a: Snoopy|Bulk Up|p1a: Snoopy\n|-boost|p1a: Snoopy|atk|1\n|-boost|p1a: Snoopy|def|1\n|move|p2a: Chansey|Teleport|p2a: Chansey\n|\n|t:|1699617850\n|switch|p2a: Iron Valiant|Iron Valiant|82\/100|[from] Teleport\n|-damage|p2a: Iron Valiant|76\/100|[from] Stealth Rock\n|\n|-heal|p1a: Snoopy|88\/100|[from] item: Leftovers\n|upkeep\n|turn|29\n|\n|t:|1699617856\n|move|p2a: Iron Valiant|Thunderbolt|p1a: Snoopy\n|-supereffective|p1a: Snoopy\n|-end|p1a: Snoopy|Substitute\n|move|p1a: Snoopy|Brave Bird|p2a: Iron Valiant\n|-supereffective|p2a: Iron Valiant\n|-damage|p2a: Iron Valiant|0 fnt\n|faint|p2a: Iron Valiant\n|-end|p2a: Iron Valiant|Quark Drive|[silent]\n|-damage|p1a: Snoopy|69\/100|[from] Recoil\n|\n|-heal|p1a: Snoopy|75\/100|[from] item: Leftovers\n|upkeep\n|\n|t:|1699617859\n|switch|p2a: Medicham|Medicham-Mega, M|94\/100\n|-damage|p2a: Medicham|88\/100|[from] Stealth Rock\n|turn|30\n|\n|t:|1699617861\n|-terastallize|p1a: Snoopy|Fairy\n|move|p2a: Medicham|Close Combat|p1a: Snoopy\n|-resisted|p1a: Snoopy\n|-damage|p1a: Snoopy|52\/100\n|-unboost|p2a: Medicham|def|1\n|-unboost|p2a: Medicham|spd|1\n|move|p1a: Snoopy|Brave Bird|p2a: Medicham\n|-supereffective|p2a: Medicham\n|-damage|p2a: Medicham|0 fnt\n|faint|p2a: Medicham\n|-damage|p1a: Snoopy|33\/100|[from] Recoil\n|\n|-heal|p1a: Snoopy|39\/100|[from] item: Leftovers\n|upkeep\n|-message|shenghua\u597d\u96be forfeited.\n|\n|win|Victory Brewing\n|raw|Victory Brewing's rating: 1461 &rarr; <strong>1481<\/strong><br \/>(+20 for winning)\n|raw|shenghua\u597d\u96be's rating: 1462 &rarr; <strong>1442<\/strong><br \/>(-20 for losing)\n|l|\u2606shenghua\u597d\u96be\n","uploadtime":1699617880,"views":4,"p1id":"victorybrewing","p2id":"shenghua","formatid":"gen9nationaldex","rating":1442,"private":0,"password":""}