{"id":"gen9nationaldex-1996141746","p1":"meganium THE mega","p2":"jujibalaoshi001","format":"[Gen 9] National Dex","log":"|html|<div class=\"broadcast-blue\"><strong>[Gen 9] National Dex is currently suspecting Sneasler! For information on how to participate check out the <a href=\"https:\/\/www.smogon.com\/forums\/threads\/sv-national-dex-suspect-8-just-dance.3731534\/\">suspect thread<\/a>.<\/strong><\/div>\n|j|\u2606meganium THE mega\n|j|\u2606jujibalaoshi001\n|t:|1700650415\n|gametype|singles\n|player|p1|meganium THE mega|170|1466\n|player|p2|jujibalaoshi001|hexmaniac-gen6|1563\n|teamsize|p1|6\n|teamsize|p2|6\n|gen|9\n|tier|[Gen 9] National Dex\n|rated|\n|rule|HP Percentage Mod: HP is shown in percentages\n|rule|Endless Battle Clause: Forcing endless battles is banned\n|rule|OHKO Clause: OHKO moves are banned\n|rule|Evasion Clause: Evasion abilities, items, and moves are banned\n|rule|Evasion Abilities Clause: Evasion abilities are banned\n|rule|Evasion Items Clause: Evasion items are banned\n|rule|Evasion Moves Clause: Evasion moves are banned\n|rule|Species Clause: Limit one of each Pok\u00e9mon\n|rule|Sleep Clause Mod: Limit one foe put to sleep\n|clearpoke\n|poke|p1|Sneasler, M|\n|poke|p1|Ferrothorn, M|\n|poke|p1|Nidoking, M|\n|poke|p1|Ribombee, F|\n|poke|p1|Alomomola, F|\n|poke|p1|Iron Treads|\n|poke|p2|Hoopa-Unbound|\n|poke|p2|Marowak-Alola, M|\n|poke|p2|Hatterene, F|\n|poke|p2|Cresselia, F|\n|poke|p2|Porygon2|\n|poke|p2|Ursaluna, F|\n|teampreview\n|inactive|Battle timer is ON: inactive players will automatically lose when time's up. (requested by meganium THE mega)\n|\n|t:|1700650435\n|start\n|switch|p1a: Nidoking|Nidoking, M|100\/100\n|switch|p2a: Hatterene|Hatterene, F|100\/100\n|turn|1\n|\n|t:|1700650446\n|move|p1a: Nidoking|Sludge Wave|p2a: Hatterene\n|-supereffective|p2a: Hatterene\n|-enditem|p2a: Hatterene|Focus Sash\n|-damage|p2a: Hatterene|1\/100\n|move|p2a: Hatterene|Trick Room|p2a: Hatterene\n|-fieldstart|move: Trick Room|[of] p2a: Hatterene\n|\n|upkeep\n|turn|2\n|\n|t:|1700650454\n|switch|p1a: Sneasler|Sneasler, M|100\/100\n|move|p2a: Hatterene|Misty Explosion|p1a: Sneasler\n|-damage|p1a: Sneasler|25\/100\n|faint|p2a: Hatterene\n|\n|upkeep\n|\n|t:|1700650463\n|switch|p2a: Marowak|Marowak-Alola, M|100\/100\n|turn|3\n|\n|t:|1700650471\n|switch|p1a: Alomomola|Alomomola, F|100\/100\n|move|p2a: Marowak|Swords Dance|p2a: Marowak\n|-boost|p2a: Marowak|atk|2\n|\n|upkeep\n|turn|4\n|\n|t:|1700650483\n|move|p1a: Alomomola|Protect|p1a: Alomomola\n|-singleturn|p1a: Alomomola|Protect\n|move|p2a: Marowak|Poltergeist|p1a: Alomomola\n|-activate|p1a: Alomomola|move: Protect\n|\n|upkeep\n|turn|5\n|\n|t:|1700650490\n|move|p2a: Marowak|Poltergeist|p1a: Alomomola\n|-activate|p1a: Alomomola|move: Poltergeist|Heavy-Duty Boots\n|-damage|p1a: Alomomola|0 fnt\n|faint|p1a: Alomomola\n|\n|-fieldend|move: Trick Room\n|upkeep\n|\n|t:|1700650505\n|switch|p1a: Nidoking|Nidoking, M|100\/100\n|turn|6\n|\n|t:|1700650530\n|-terastallize|p2a: Marowak|Ghost\n|move|p1a: Nidoking|Earth Power|p2a: Marowak\n|-damage|p2a: Marowak|31\/100\n|move|p2a: Marowak|Poltergeist|p1a: Nidoking\n|-activate|p1a: Nidoking|move: Poltergeist|Life Orb\n|-damage|p1a: Nidoking|0 fnt\n|faint|p1a: Nidoking\n|\n|upkeep\n|\n|t:|1700650543\n|switch|p1a: Ribombee|Ribombee, F|100\/100\n|turn|7\n|\n|t:|1700650549\n|switch|p2a: Cresselia|Cresselia, F|100\/100\n|-zpower|p1a: Ribombee\n|move|p1a: Ribombee|Twinkle Tackle|p2a: Cresselia|[zeffect]\n|-damage|p2a: Cresselia|79\/100\n|\n|upkeep\n|turn|8\n|\n|t:|1700650561\n|move|p1a: Ribombee|Quiver Dance|p1a: Ribombee\n|-boost|p1a: Ribombee|spa|1\n|-boost|p1a: Ribombee|spd|1\n|-boost|p1a: Ribombee|spe|1\n|move|p2a: Cresselia|Trick Room|p2a: Cresselia\n|-fieldstart|move: Trick Room|[of] p2a: Cresselia\n|\n|upkeep\n|turn|9\n|\n|t:|1700650572\n|move|p2a: Cresselia|Lunar Dance|p2a: Cresselia\n|faint|p2a: Cresselia\n|move|p1a: Ribombee|Reflect|p1a: Ribombee\n|-sidestart|p1: meganium THE mega|Reflect\n|\n|upkeep\n|\n|t:|1700650586\n|switch|p2a: Hoopa|Hoopa-Unbound|100\/100\n|turn|10\n|\n|t:|1700650596\n|move|p2a: Hoopa|Nasty Plot|p2a: Hoopa\n|-boost|p2a: Hoopa|spa|2\n|move|p1a: Ribombee|Draining Kiss|p2a: Hoopa\n|-supereffective|p2a: Hoopa\n|-damage|p2a: Hoopa|64\/100\n|\n|upkeep\n|turn|11\n|\n|t:|1700650606\n|move|p2a: Hoopa|Psychic|p1a: Ribombee\n|-damage|p1a: Ribombee|0 fnt\n|faint|p1a: Ribombee\n|\n|upkeep\n|\n|t:|1700650611\n|switch|p1a: Sneasler|Sneasler, M|25\/100\n|turn|12\n|\n|t:|1700650616\n|switch|p2a: Porygon2|Porygon2|100\/100\n|-ability|p2a: Porygon2|Poison Touch|[from] ability: Trace|[of] p1a: Sneasler\n|move|p1a: Sneasler|Fake Out|p2a: Porygon2\n|-damage|p2a: Porygon2|93\/100\n|\n|-fieldend|move: Trick Room\n|upkeep\n|turn|13\n|\n|t:|1700650626\n|move|p1a: Sneasler|Close Combat|p2a: Porygon2\n|-supereffective|p2a: Porygon2\n|-damage|p2a: Porygon2|29\/100\n|-unboost|p1a: Sneasler|def|1\n|-unboost|p1a: Sneasler|spd|1\n|-status|p2a: Porygon2|psn|[from] ability: Poison Touch|[of] p1a: Sneasler\n|move|p2a: Porygon2|Trick Room|p2a: Porygon2\n|-fieldstart|move: Trick Room|[of] p2a: Porygon2\n|\n|-damage|p2a: Porygon2|16\/100 psn|[from] psn\n|-sideend|p1: meganium THE mega|Reflect\n|upkeep\n|turn|14\n|\n|t:|1700650637\n|switch|p1a: Ferrothorn|Ferrothorn, M|100\/100\n|move|p2a: Porygon2|Teleport|p2a: Porygon2\n|\n|t:|1700650643\n|switch|p2a: Marowak|Marowak-Alola, M, tera:Ghost|31\/100|[from] Teleport\n|-heal|p2a: Marowak|100\/100|[from] move: Lunar Dance\n|\n|upkeep\n|turn|15\n|\n|t:|1700650659\n|-terastallize|p1a: Ferrothorn|Ghost\n|move|p1a: Ferrothorn|Knock Off|p2a: Marowak\n|-supereffective|p2a: Marowak\n|-damage|p2a: Marowak|60\/100\n|-enditem|p2a: Marowak|Thick Club|[from] move: Knock Off|[of] p1a: Ferrothorn\n|move|p2a: Marowak|Swords Dance|p2a: Marowak\n|-boost|p2a: Marowak|atk|2\n|\n|upkeep\n|turn|16\n|\n|t:|1700650672\n|move|p1a: Ferrothorn|Knock Off|p2a: Marowak\n|-supereffective|p2a: Marowak\n|-damage|p2a: Marowak|33\/100\n|move|p2a: Marowak|Poltergeist|p1a: Ferrothorn\n|-activate|p1a: Ferrothorn|move: Poltergeist|Rocky Helmet\n|-supereffective|p1a: Ferrothorn\n|-damage|p1a: Ferrothorn|0 fnt\n|faint|p1a: Ferrothorn\n|\n|upkeep\n|\n|t:|1700650681\n|switch|p1a: Iron Treads|Iron Treads|100\/100\n|turn|17\n|\n|t:|1700650687\n|move|p2a: Marowak|Flare Blitz|p1a: Iron Treads\n|-supereffective|p1a: Iron Treads\n|-damage|p1a: Iron Treads|0 fnt\n|faint|p1a: Iron Treads\n|-end|p1a: Iron Treads|Quark Drive|[silent]\n|\n|-fieldend|move: Trick Room\n|upkeep\n|\n|t:|1700650694\n|switch|p1a: Sneasler|Sneasler, M|25\/100\n|turn|18\n|\n|t:|1700650702\n|move|p1a: Sneasler|Dire Claw|p2a: Marowak\n|-resisted|p2a: Marowak\n|-damage|p2a: Marowak|13\/100\n|-status|p2a: Marowak|psn|[from] ability: Poison Touch|[of] p1a: Sneasler\n|move|p2a: Marowak|Flare Blitz|p1a: Sneasler\n|-damage|p1a: Sneasler|0 fnt\n|faint|p1a: Sneasler\n|\n|win|jujibalaoshi001\n|raw|meganium THE mega's rating: 1466 &rarr; <strong>1451<\/strong><br \/>(-15 for losing)\n|raw|jujibalaoshi001's rating: 1563 &rarr; <strong>1578<\/strong><br \/>(+15 for winning)\n|l|\u2606meganium THE mega\n","uploadtime":1700650718,"views":0,"p1id":"meganiumthemega","p2id":"jujibalaoshi001","formatid":"gen9nationaldex","rating":1451,"private":0,"password":""}