{"id":"gen9nationaldex-1993940966","p1":"yq02","p2":"alcatel999","format":"[Gen 9] National Dex","log":"|j|\u2606yq02\n|j|\u2606alcatel999\n|t:|1700379414\n|gametype|singles\n|player|p1|yq02|caitlin|1370\n|player|p2|alcatel999|rocketgrunt|1302\n|teamsize|p1|6\n|teamsize|p2|6\n|gen|9\n|tier|[Gen 9] National Dex\n|rated|\n|rule|HP Percentage Mod: HP is shown in percentages\n|rule|Endless Battle Clause: Forcing endless battles is banned\n|rule|OHKO Clause: OHKO moves are banned\n|rule|Evasion Clause: Evasion abilities, items, and moves are banned\n|rule|Evasion Abilities Clause: Evasion abilities are banned\n|rule|Evasion Items Clause: Evasion items are banned\n|rule|Evasion Moves Clause: Evasion moves are banned\n|rule|Species Clause: Limit one of each Pok\u00e9mon\n|rule|Sleep Clause Mod: Limit one foe put to sleep\n|clearpoke\n|poke|p1|Crustle, M|\n|poke|p1|Kingler, F|\n|poke|p1|Klawf, M|\n|poke|p1|Metagross|\n|poke|p1|Crabominable, M|\n|poke|p1|Parasect, F|\n|poke|p2|Gastrodon, F|\n|poke|p2|Ferrothorn, F|\n|poke|p2|Zoroark-Hisui, F|\n|poke|p2|Hydreigon, F|\n|poke|p2|Sneasler, F|\n|poke|p2|Cinderace, M|\n|teampreview\n|inactive|Battle timer is ON: inactive players will automatically lose when time's up. (requested by yq02)\n|\n|t:|1700379431\n|start\n|switch|p1a: Kingler|Kingler, F, shiny|100\/100\n|switch|p2a: Sneasler|Sneasler, F|100\/100\n|turn|1\n|\n|t:|1700379440\n|move|p2a: Sneasler|Dire Claw|p1a: Kingler\n|-damage|p1a: Kingler|58\/100\n|-status|p1a: Kingler|slp\n|cant|p1a: Kingler|slp\n|\n|-heal|p1a: Kingler|64\/100 slp|[from] item: Leftovers\n|upkeep\n|turn|2\n|\n|t:|1700379447\n|switch|p1a: Metagross|Metagross, shiny|100\/100\n|move|p2a: Sneasler|Swords Dance|p2a: Sneasler\n|-boost|p2a: Sneasler|atk|2\n|\n|upkeep\n|turn|3\n|\n|t:|1700379459\n|move|p2a: Sneasler|Fake Out||[still]\n|-hint|Fake Out only works on your first turn out.\n|-fail|p2a: Sneasler\n|move|p1a: Metagross|Zen Headbutt|p2a: Sneasler\n|-supereffective|p2a: Sneasler\n|-damage|p2a: Sneasler|0 fnt\n|faint|p2a: Sneasler\n|\n|upkeep\n|\n|t:|1700379468\n|switch|p2a: Cinderace|Cinderace, M|100\/100\n|turn|4\n|\n|t:|1700379475\n|switch|p1a: Kingler|Kingler, F, shiny|64\/100 slp\n|move|p2a: Cinderace|Pyro Ball|p1a: Kingler\n|-resisted|p1a: Kingler\n|-damage|p1a: Kingler|36\/100 slp\n|\n|-heal|p1a: Kingler|43\/100 slp|[from] item: Leftovers\n|upkeep\n|turn|5\n|\n|t:|1700379484\n|move|p2a: Cinderace|U-turn|p1a: Kingler\n|-start|p2a: Cinderace|typechange|Bug|[from] ability: Libero\n|-damage|p1a: Kingler|12\/100 slp\n|\n|t:|1700379491\n|switch|p2a: Hydreigon|Hydreigon, F|100\/100|[from] U-turn\n|cant|p1a: Kingler|slp\n|\n|-heal|p1a: Kingler|18\/100 slp|[from] item: Leftovers\n|upkeep\n|turn|6\n|\n|t:|1700379496\n|move|p2a: Hydreigon|Nasty Plot|p2a: Hydreigon\n|-boost|p2a: Hydreigon|spa|2\n|-curestatus|p1a: Kingler|slp|[msg]\n|move|p1a: Kingler|Crabhammer|p2a: Hydreigon\n|-damage|p2a: Hydreigon|18\/100\n|replace|p2a: Amongus|Zoroark-Hisui, F\n|-end|p2a: Amongus|Illusion\n|\n|-heal|p1a: Kingler|24\/100|[from] item: Leftovers\n|upkeep\n|turn|7\n|\n|t:|1700379502\n|move|p2a: Amongus|Bitter Malice|p1a: Kingler\n|-damage|p1a: Kingler|0 fnt\n|faint|p1a: Kingler\n|\n|upkeep\n|\n|t:|1700379510\n|switch|p1a: Metagross|Metagross, shiny|100\/100\n|turn|8\n|\n|t:|1700379514\n|move|p1a: Metagross|Bullet Punch|p2a: Amongus\n|-damage|p2a: Amongus|0 fnt\n|faint|p2a: Amongus\n|\n|upkeep\n|\n|t:|1700379520\n|switch|p2a: Cinderace|Cinderace, M|100\/100\n|turn|9\n|\n|t:|1700379529\n|switch|p1a: Klawf|Klawf, M, shiny|100\/100\n|move|p2a: Cinderace|Pyro Ball|p1a: Klawf\n|-resisted|p1a: Klawf\n|-damage|p1a: Klawf|65\/100\n|\n|upkeep\n|turn|10\n|\n|t:|1700379548\n|move|p2a: Cinderace|U-turn|p1a: Klawf\n|-start|p2a: Cinderace|typechange|Bug|[from] ability: Libero\n|-damage|p1a: Klawf|26\/100\n|-ability|p1a: Klawf|Anger Shell|boost\n|-boost|p1a: Klawf|atk|1\n|-boost|p1a: Klawf|spa|1\n|-boost|p1a: Klawf|spe|1\n|-unboost|p1a: Klawf|def|1\n|-unboost|p1a: Klawf|spd|1\n|\n|t:|1700379563\n|switch|p2a: Ferrothorn|Ferrothorn, F|100\/100|[from] U-turn\n|move|p1a: Klawf|Trailblaze|p2a: Ferrothorn\n|-resisted|p2a: Ferrothorn\n|-damage|p2a: Ferrothorn|97\/100\n|-boost|p1a: Klawf|spe|1\n|-damage|p1a: Klawf|14\/100|[from] ability: Iron Barbs|[of] p2a: Ferrothorn\n|\n|-heal|p2a: Ferrothorn|100\/100|[from] item: Leftovers\n|upkeep\n|turn|11\n|\n|t:|1700379570\n|move|p1a: Klawf|High Horsepower|p2a: Ferrothorn\n|-damage|p2a: Ferrothorn|76\/100\n|-damage|p1a: Klawf|2\/100|[from] ability: Iron Barbs|[of] p2a: Ferrothorn\n|move|p2a: Ferrothorn|Leech Seed|p1a: Klawf\n|-start|p1a: Klawf|move: Leech Seed\n|\n|-heal|p2a: Ferrothorn|82\/100|[from] item: Leftovers\n|-damage|p1a: Klawf|0 fnt|[from] Leech Seed|[of] p2a: Ferrothorn\n|-heal|p2a: Ferrothorn|83\/100|[silent]\n|faint|p1a: Klawf\n|upkeep\n|\n|t:|1700379579\n|switch|p1a: Metagross|Metagross, shiny|100\/100\n|turn|12\n|\n|t:|1700379585\n|move|p1a: Metagross|Trick|p2a: Ferrothorn\n|-activate|p1a: Metagross|move: Trick|[of] p2a: Ferrothorn\n|-item|p2a: Ferrothorn|Choice Band|[from] move: Trick\n|-item|p1a: Metagross|Leftovers|[from] move: Trick\n|move|p2a: Ferrothorn|Leech Seed|p1a: Metagross|[miss]\n|-miss|p2a: Ferrothorn|p1a: Metagross\n|\n|upkeep\n|turn|13\n|\n|t:|1700379595\n|switch|p1a: Parasect|Parasect, F, shiny|100\/100\n|move|p2a: Ferrothorn|Leech Seed|p1a: Parasect\n|-immune|p1a: Parasect\n|\n|upkeep\n|turn|14\n|\n|t:|1700379605\n|switch|p2a: Gastrodon|Gastrodon, F|100\/100\n|move|p1a: Parasect|Reflect|p1a: Parasect\n|-sidestart|p1: yq02|Reflect\n|\n|upkeep\n|turn|15\n|\n|t:|1700379612\n|move|p2a: Gastrodon|Toxic|p1a: Parasect\n|-status|p1a: Parasect|tox\n|move|p1a: Parasect|Spore|p2a: Gastrodon\n|-status|p2a: Gastrodon|slp|[from] move: Spore\n|\n|-damage|p1a: Parasect|94\/100 tox|[from] psn\n|upkeep\n|turn|16\n|\n|t:|1700379617\n|switch|p2a: Cinderace|Cinderace, M|100\/100\n|move|p1a: Parasect|Knock Off|p2a: Cinderace\n|-damage|p2a: Cinderace|67\/100\n|-enditem|p2a: Cinderace|Heavy-Duty Boots|[from] move: Knock Off|[of] p1a: Parasect\n|\n|-damage|p1a: Parasect|82\/100 tox|[from] psn\n|upkeep\n|turn|17\n|\n|t:|1700379632\n|move|p2a: Cinderace|Pyro Ball|p1a: Parasect\n|-supereffective|p1a: Parasect\n|-damage|p1a: Parasect|0 fnt\n|faint|p1a: Parasect\n|\n|upkeep\n|\n|t:|1700379652\n|switch|p1a: Metagross|Metagross, shiny|100\/100\n|turn|18\n|\n|t:|1700379659\n|-terastallize|p2a: Cinderace|Fire\n|-terastallize|p1a: Metagross|Flying\n|move|p2a: Cinderace|Pyro Ball|p1a: Metagross\n|-damage|p1a: Metagross|67\/100\n|move|p1a: Metagross|Zen Headbutt|p2a: Cinderace\n|-damage|p2a: Cinderace|0 fnt\n|faint|p2a: Cinderace\n|\n|-heal|p1a: Metagross|73\/100|[from] item: Leftovers\n|upkeep\n|\n|t:|1700379669\n|switch|p2a: Hydreigon|Hydreigon, F|100\/100\n|turn|19\n|\n|t:|1700379674\n|move|p2a: Hydreigon|Draco Meteor|p1a: Metagross\n|-damage|p1a: Metagross|0 fnt\n|-unboost|p2a: Hydreigon|spa|2\n|faint|p1a: Metagross\n|\n|upkeep\n|\n|t:|1700379683\n|switch|p1a: Crabominable|Crabominable, M, shiny|100\/100\n|turn|20\n|\n|t:|1700379688\n|switch|p2a: Ferrothorn|Ferrothorn, F|83\/100\n|move|p1a: Crabominable|Drain Punch|p2a: Ferrothorn\n|-supereffective|p2a: Ferrothorn\n|-damage|p2a: Ferrothorn|29\/100\n|-damage|p1a: Crabominable|88\/100|[from] ability: Iron Barbs|[of] p2a: Ferrothorn\n|\n|upkeep\n|turn|21\n|\n|t:|1700379696\n|move|p2a: Ferrothorn|Protect|p2a: Ferrothorn\n|-singleturn|p2a: Ferrothorn|Protect\n|move|p1a: Crabominable|Drain Punch|p2a: Ferrothorn\n|-activate|p2a: Ferrothorn|move: Protect\n|\n|-sideend|p1: yq02|Reflect\n|upkeep\n|turn|22\n|\n|t:|1700379704\n|switch|p2a: Gastrodon|Gastrodon, F|100\/100 slp\n|move|p1a: Crabominable|Drain Punch|p2a: Gastrodon\n|-damage|p2a: Gastrodon|52\/100 slp\n|-heal|p1a: Crabominable|100\/100|[from] drain|[of] p2a: Gastrodon\n|\n|-heal|p2a: Gastrodon|58\/100 slp|[from] item: Leftovers\n|upkeep\n|turn|23\n|\n|t:|1700379713\n|move|p1a: Crabominable|Drain Punch|p2a: Gastrodon\n|-damage|p2a: Gastrodon|6\/100 slp\n|cant|p2a: Gastrodon|slp\n|\n|-heal|p2a: Gastrodon|12\/100 slp|[from] item: Leftovers\n|upkeep\n|turn|24\n|\n|t:|1700379717\n|move|p1a: Crabominable|Drain Punch|p2a: Gastrodon\n|-damage|p2a: Gastrodon|0 fnt\n|faint|p2a: Gastrodon\n|\n|upkeep\n|\n|t:|1700379719\n|switch|p2a: Hydreigon|Hydreigon, F|100\/100\n|turn|25\n|\n|t:|1700379726\n|move|p2a: Hydreigon|Draco Meteor|p1a: Crabominable\n|-damage|p1a: Crabominable|10\/100\n|-unboost|p2a: Hydreigon|spa|2\n|move|p1a: Crabominable|Drain Punch|p2a: Hydreigon\n|-supereffective|p2a: Hydreigon\n|-damage|p2a: Hydreigon|0 fnt\n|-heal|p1a: Crabominable|59\/100|[from] drain|[of] p2a: Hydreigon\n|faint|p2a: Hydreigon\n|\n|upkeep\n|-message|alcatel999 forfeited.\n|\n|win|yq02\n|raw|yq02's rating: 1370 &rarr; <strong>1386<\/strong><br \/>(+16 for winning)\n|raw|alcatel999's rating: 1302 &rarr; <strong>1286<\/strong><br \/>(-16 for losing)\n|l|\u2606alcatel999\n","uploadtime":1700379740,"views":7,"p1id":"yq02","p2id":"alcatel999","formatid":"gen9nationaldex","rating":1286,"private":0,"password":""}