{"id":"gen9nationaldex-1990451236","p1":"timthetim","p2":"steals many wives","format":"[Gen 9] National Dex","log":"|j|\u2606timthetim\n|j|\u2606steals many wives\n|t:|1699972219\n|gametype|singles\n|player|p1|timthetim|2|1107\n|player|p2|steals many wives|waitress|1193\n|teamsize|p1|6\n|teamsize|p2|6\n|gen|9\n|tier|[Gen 9] National Dex\n|rated|\n|rule|HP Percentage Mod: HP is shown in percentages\n|rule|Endless Battle Clause: Forcing endless battles is banned\n|rule|OHKO Clause: OHKO moves are banned\n|rule|Evasion Clause: Evasion abilities, items, and moves are banned\n|rule|Evasion Abilities Clause: Evasion abilities are banned\n|rule|Evasion Items Clause: Evasion items are banned\n|rule|Evasion Moves Clause: Evasion moves are banned\n|rule|Species Clause: Limit one of each Pok\u00e9mon\n|rule|Sleep Clause Mod: Limit one foe put to sleep\n|clearpoke\n|poke|p1|Heracross, M|\n|poke|p1|Charizard, F|\n|poke|p1|Kartana|\n|poke|p1|Gliscor, F|\n|poke|p1|Ferrothorn, M|\n|poke|p1|Rotom-Wash|\n|poke|p2|Aggron, M|\n|poke|p2|Ferrothorn, M|\n|poke|p2|Goodra-Hisui, F|\n|poke|p2|Celesteela|\n|poke|p2|Heatran, M|\n|poke|p2|Excadrill, M|\n|teampreview\n|\n|t:|1699972241\n|start\n|switch|p1a: Gliscor|Gliscor, F|100\/100\n|switch|p2a: Lego|Ferrothorn, M|100\/100\n|turn|1\n|\n|t:|1699972246\n|move|p1a: Gliscor|Stealth Rock|p2a: Lego\n|-sidestart|p2: steals many wives|move: Stealth Rock\n|move|p2a: Lego|Stealth Rock|p1a: Gliscor\n|-sidestart|p1: timthetim|move: Stealth Rock\n|\n|-status|p1a: Gliscor|tox|[from] item: Toxic Orb\n|upkeep\n|turn|2\n|\n|t:|1699972252\n|move|p1a: Gliscor|Toxic Spikes|p2a: Lego\n|-sidestart|p2: steals many wives|move: Toxic Spikes\n|move|p2a: Lego|Seed Bomb|p1a: Gliscor\n|-damage|p1a: Gliscor|82\/100 tox\n|\n|-heal|p1a: Gliscor|94\/100 tox|[from] ability: Poison Heal\n|upkeep\n|turn|3\n|c|\u2606steals many wives|really?\n|c|\u2606timthetim|really?\n|c|\u2606steals many wives|Toxic spikes?\n|c|\u2606timthetim|oh\n|c|\u2606steals many wives|why?\n|c|\u2606timthetim|LOL\n|\n|t:|1699972279\n|move|p1a: Gliscor|Toxic Spikes|p2a: Lego\n|-sidestart|p2: steals many wives|move: Toxic Spikes\n|move|p2a: Lego|Seed Bomb|p1a: Gliscor\n|-damage|p1a: Gliscor|76\/100 tox\n|\n|-heal|p1a: Gliscor|88\/100 tox|[from] ability: Poison Heal\n|upkeep\n|turn|4\n|c|\u2606timthetim|i didn't look at your team\n|\n|t:|1699972291\n|switch|p1a: Ferrothorn|Ferrothorn, M|100\/100\n|-damage|p1a: Ferrothorn|95\/100|[from] Stealth Rock\n|move|p2a: Lego|Leech Seed|p1a: Ferrothorn\n|-immune|p1a: Ferrothorn\n|\n|-heal|p1a: Ferrothorn|100\/100|[from] item: Leftovers\n|upkeep\n|turn|5\n|\n|t:|1699972300\n|switch|p2a: Slime Shady|Goodra-Hisui, F|100\/100\n|-damage|p2a: Slime Shady|94\/100|[from] Stealth Rock\n|move|p1a: Ferrothorn|Substitute|p1a: Ferrothorn\n|-start|p1a: Ferrothorn|Substitute\n|-damage|p1a: Ferrothorn|76\/100\n|\n|-heal|p1a: Ferrothorn|82\/100|[from] item: Leftovers\n|upkeep\n|turn|6\n|\n|t:|1699972308\n|-terastallize|p1a: Ferrothorn|Ghost\n|move|p2a: Slime Shady|Substitute|p2a: Slime Shady\n|-start|p2a: Slime Shady|Substitute\n|-damage|p2a: Slime Shady|69\/100\n|move|p1a: Ferrothorn|Curse|p2a: Slime Shady\n|-start|p2a: Slime Shady|Curse|[of] p1a: Ferrothorn\n|-damage|p1a: Ferrothorn|32\/100\n|\n|-heal|p1a: Ferrothorn|38\/100|[from] item: Leftovers\n|-damage|p2a: Slime Shady|44\/100|[from] Curse\n|upkeep\n|turn|7\n|c|\u2606steals many wives|oh, that is good\n|\n|t:|1699972324\n|move|p1a: Ferrothorn|Protect|p1a: Ferrothorn\n|-singleturn|p1a: Ferrothorn|Protect\n|move|p2a: Slime Shady|Dragon Pulse|p1a: Ferrothorn\n|-activate|p1a: Ferrothorn|move: Protect\n|\n|-heal|p1a: Ferrothorn|44\/100|[from] item: Leftovers\n|-damage|p2a: Slime Shady|19\/100|[from] Curse\n|upkeep\n|turn|8\n|c|\u2606timthetim|i call him ferrophantom\n|c|\u2606timthetim|but i can't cause it would spoil the reveal\n|c|\u2606steals many wives|ngl though, tera might be worse than Dynamax for the meta\n|\n|t:|1699972359\n|switch|p2a: Team Rocket|Celesteela|100\/100\n|-damage|p2a: Team Rocket|88\/100|[from] Stealth Rock\n|move|p1a: Ferrothorn|Substitute|p1a: Ferrothorn\n|-fail|p1a: Ferrothorn|move: Substitute\n|\n|-heal|p2a: Team Rocket|94\/100|[from] item: Leftovers\n|-heal|p1a: Ferrothorn|50\/100|[from] item: Leftovers\n|upkeep\n|turn|9\n|c|\u2606timthetim|you can dynamax?\n|c|\u2606steals many wives|No\n|\n|t:|1699972372\n|move|p2a: Team Rocket|Iron Head|p1a: Ferrothorn\n|-activate|p1a: Ferrothorn|move: Substitute|[damage]\n|move|p1a: Ferrothorn|Leech Seed|p2a: Team Rocket\n|-start|p2a: Team Rocket|move: Leech Seed\n|\n|-heal|p2a: Team Rocket|100\/100|[from] item: Leftovers\n|-heal|p1a: Ferrothorn|56\/100|[from] item: Leftovers\n|-damage|p2a: Team Rocket|88\/100|[from] Leech Seed|[of] p1a: Ferrothorn\n|-heal|p1a: Ferrothorn|69\/100|[silent]\n|upkeep\n|turn|10\n|c|\u2606timthetim|was gonna say\n|\n|t:|1699972384\n|switch|p2a: Lego|Ferrothorn, M|100\/100\n|-damage|p2a: Lego|94\/100|[from] Stealth Rock\n|move|p1a: Ferrothorn|Protect||[still]\n|-fail|p1a: Ferrothorn\n|\n|-heal|p1a: Ferrothorn|75\/100|[from] item: Leftovers\n|upkeep\n|turn|11\n|c|\u2606timthetim|oh\n|c|\u2606timthetim|i get you\n|c|\u2606timthetim|like from a balance perspective\n|c|\u2606steals many wives|yeah\n|c|\u2606timthetim|yeah tera fucks everything up but i wanna be doing the fucking rather than fucked\n|\n|t:|1699972414\n|move|p1a: Ferrothorn|Curse|p2a: Lego\n|-start|p2a: Lego|Curse|[of] p1a: Ferrothorn\n|-damage|p1a: Ferrothorn|26\/100\n|move|p2a: Lego|Seed Bomb|p1a: Ferrothorn\n|-end|p1a: Ferrothorn|Substitute\n|\n|-heal|p1a: Ferrothorn|32\/100|[from] item: Leftovers\n|-damage|p2a: Lego|69\/100|[from] Curse\n|upkeep\n|turn|12\n|c|\u2606steals many wives|They should have made Tera require an item, like mega's and Z-moves\n|\n|t:|1699972428\n|move|p1a: Ferrothorn|Protect|p1a: Ferrothorn\n|-singleturn|p1a: Ferrothorn|Protect\n|move|p2a: Lego|Gyro Ball|p1a: Ferrothorn\n|-activate|p1a: Ferrothorn|move: Protect\n|\n|-heal|p1a: Ferrothorn|38\/100|[from] item: Leftovers\n|-damage|p2a: Lego|44\/100|[from] Curse\n|upkeep\n|turn|13\n|c|\u2606timthetim|yeah like tera-rock ice\n|c|\u2606timthetim|etc\n|\n|t:|1699972449\n|switch|p1a: Gliscor|Gliscor, F|88\/100 tox\n|-damage|p1a: Gliscor|76\/100 tox|[from] Stealth Rock\n|move|p2a: Lego|Leech Seed|p1a: Gliscor\n|-start|p1a: Gliscor|move: Leech Seed\n|\n|-damage|p1a: Gliscor|63\/100 tox|[from] Leech Seed|[of] p2a: Lego\n|-heal|p2a: Lego|57\/100|[silent]\n|-heal|p1a: Gliscor|76\/100 tox|[from] ability: Poison Heal\n|-damage|p2a: Lego|32\/100|[from] Curse\n|upkeep\n|turn|14\n|\n|t:|1699972459\n|switch|p2a: Team Rocket|Celesteela|88\/100\n|-damage|p2a: Team Rocket|75\/100|[from] Stealth Rock\n|move|p1a: Gliscor|Protect||[still]\n|-fail|p1a: Gliscor\n|\n|-heal|p2a: Team Rocket|82\/100|[from] item: Leftovers\n|-damage|p1a: Gliscor|63\/100 tox|[from] Leech Seed|[of] p2a: Team Rocket\n|-heal|p2a: Team Rocket|93\/100|[silent]\n|-heal|p1a: Gliscor|76\/100 tox|[from] ability: Poison Heal\n|upkeep\n|turn|15\n|\n|t:|1699972474\n|switch|p1a: Rotom|Rotom-Wash|100\/100\n|move|p2a: Team Rocket|Fly||[still]\n|-prepare|p2a: Team Rocket|Fly\n|\n|-heal|p2a: Team Rocket|99\/100|[from] item: Leftovers\n|upkeep\n|turn|16\n|\n|t:|1699972485\n|move|p1a: Rotom|Defog|p2a: Team Rocket|[miss]\n|-miss|p1a: Rotom|p2a: Team Rocket\n|move|p2a: Team Rocket|Fly|p1a: Rotom|[from]lockedmove\n|-resisted|p1a: Rotom\n|-damage|p1a: Rotom|79\/100\n|\n|-heal|p2a: Team Rocket|100\/100|[from] item: Leftovers\n|upkeep\n|turn|17\n|\n|t:|1699972492\n|move|p1a: Rotom|Defog|p2a: Team Rocket\n|-unboost|p2a: Team Rocket|evasion|1\n|-sideend|p2: steals many wives|Toxic Spikes|[from] move: Defog|[of] p1a: Rotom\n|-sideend|p2: steals many wives|Stealth Rock|[from] move: Defog|[of] p1a: Rotom\n|-sideend|p1: timthetim|Stealth Rock|[from] move: Defog|[of] p1a: Rotom\n|move|p2a: Team Rocket|Leech Seed|p1a: Rotom\n|-start|p1a: Rotom|move: Leech Seed\n|\n|-damage|p1a: Rotom|66\/100|[from] Leech Seed|[of] p2a: Team Rocket\n|upkeep\n|turn|18\n|c|\u2606timthetim|so weird that defog doesnt work during fly\n|\n|t:|1699972506\n|switch|p2a: Drilliam Wallace|Excadrill, M|100\/100\n|-ability|p2a: Drilliam Wallace|Mold Breaker\n|move|p1a: Rotom|Thunderbolt|p2a: Drilliam Wallace\n|-immune|p2a: Drilliam Wallace\n|\n|-damage|p1a: Rotom|54\/100|[from] Leech Seed|[of] p2a: Drilliam Wallace\n|upkeep\n|turn|19\n|\n|t:|1699972516\n|move|p2a: Drilliam Wallace|Earthquake|p1a: Rotom\n|-supereffective|p1a: Rotom\n|-damage|p1a: Rotom|0 fnt\n|faint|p1a: Rotom\n|\n|upkeep\n|\n|t:|1699972521\n|switch|p1a: Charizard|Charizard, F|100\/100\n|turn|20\n|\n|t:|1699972530\n|switch|p2a: Slime Shady|Goodra-Hisui, F|19\/100\n|detailschange|p1a: Charizard|Charizard-Mega-Y, F\n|-mega|p1a: Charizard|Charizard|Charizardite Y\n|-weather|SunnyDay|[from] ability: Drought|[of] p1a: Charizard\n|move|p1a: Charizard|Weather Ball|p2a: Slime Shady\n|-damage|p2a: Slime Shady|0 fnt\n|faint|p2a: Slime Shady\n|\n|-weather|SunnyDay|[upkeep]\n|upkeep\n|\n|t:|1699972550\n|switch|p2a: Slag Heap|Heatran, M|100\/100\n|turn|21\n|\n|t:|1699972554\n|move|p2a: Slag Heap|Eruption|p1a: Charizard\n|-resisted|p1a: Charizard\n|-damage|p1a: Charizard|39\/100\n|move|p1a: Charizard|Scorching Sands|p2a: Slag Heap\n|-supereffective|p2a: Slag Heap\n|-damage|p2a: Slag Heap|0 fnt\n|faint|p2a: Slag Heap\n|\n|-weather|SunnyDay|[upkeep]\n|upkeep\n|c|\u2606steals many wives|Ah\n|c|\u2606timthetim|4x\n|c|\u2606timthetim|tera grass counters funny enough\n|c|\u2606steals many wives|ok, i literally cannot win now, gg\n|-message|steals many wives forfeited.\n|\n|win|timthetim\n|raw|timthetim's rating: 1107 &rarr; <strong>1138<\/strong><br \/>(+31 for winning)\n|raw|steals many wives's rating: 1193 &rarr; <strong>1162<\/strong><br \/>(-31 for losing)\n|l|\u2606steals many wives\n","uploadtime":1699972420,"views":4,"p1id":"timthetim","p2id":"stealsmanywives","formatid":"gen9nationaldex","rating":1138,"private":0,"password":""}