{"id":"gen9nationaldex-1988839556","p1":"TeaAndSandwiches","p2":"har0tt","format":"[Gen 9] National Dex","log":"|j|\u2606TeaAndSandwiches\n|j|\u2606har0tt\n|t:|1699771332\n|gametype|singles\n|player|p1|TeaAndSandwiches|waitress|1395\n|player|p2|har0tt|ghetsis-gen5bw|1444\n|teamsize|p1|6\n|teamsize|p2|6\n|gen|9\n|tier|[Gen 9] National Dex\n|rated|\n|rule|HP Percentage Mod: HP is shown in percentages\n|rule|Endless Battle Clause: Forcing endless battles is banned\n|rule|OHKO Clause: OHKO moves are banned\n|rule|Evasion Clause: Evasion abilities, items, and moves are banned\n|rule|Evasion Abilities Clause: Evasion abilities are banned\n|rule|Evasion Items Clause: Evasion items are banned\n|rule|Evasion Moves Clause: Evasion moves are banned\n|rule|Species Clause: Limit one of each Pok\u00e9mon\n|rule|Sleep Clause Mod: Limit one foe put to sleep\n|clearpoke\n|poke|p1|Sinistcha-Masterpiece|\n|poke|p1|Alcremie, F|\n|poke|p1|Miltank, F|\n|poke|p1|Rotom-Heat|\n|poke|p1|Vanilluxe, M|\n|poke|p1|Tatsugiri, F|\n|poke|p2|Pelipper, M|\n|poke|p2|Volcanion|\n|poke|p2|Barraskewda, M|\n|poke|p2|Zapdos|\n|poke|p2|Corviknight, M|\n|poke|p2|Tornadus-Therian, M|\n|teampreview\n|inactive|Battle timer is ON: inactive players will automatically lose when time's up. (requested by har0tt)\n|\n|t:|1699771349\n|start\n|switch|p1a: Rotom|Rotom-Heat|100\/100\n|switch|p2a: my besto friendo|Tornadus-Therian, M|100\/100\n|turn|1\n|\n|t:|1699771357\n|move|p1a: Rotom|Volt Switch|p2a: my besto friendo\n|-supereffective|p2a: my besto friendo\n|-crit|p2a: my besto friendo\n|-damage|p2a: my besto friendo|50\/100\n|\n|t:|1699771371\n|switch|p1a: Alcremie|Alcremie, F|100\/100|[from] Volt Switch\n|move|p2a: my besto friendo|Knock Off|p1a: Alcremie\n|-resisted|p1a: Alcremie\n|-damage|p1a: Alcremie|92\/100\n|-enditem|p1a: Alcremie|Leftovers|[from] move: Knock Off|[of] p2a: my besto friendo\n|\n|upkeep\n|turn|2\n|inactive|har0tt has 120 seconds left.\n|\n|t:|1699771411\n|move|p2a: my besto friendo|U-turn|p1a: Alcremie\n|-resisted|p1a: Alcremie\n|-damage|p1a: Alcremie|85\/100\n|\n|t:|1699771413\n|switch|p2a: bi-curious|Pelipper, M, shiny|100\/100|[from] U-turn\n|-weather|RainDance|[from] ability: Drizzle|[of] p2a: bi-curious\n|move|p1a: Alcremie|Calm Mind|p1a: Alcremie\n|-boost|p1a: Alcremie|spa|1\n|-boost|p1a: Alcremie|spd|1\n|\n|-weather|RainDance|[upkeep]\n|upkeep\n|turn|3\n|\n|t:|1699771423\n|move|p2a: bi-curious|U-turn|p1a: Alcremie\n|-resisted|p1a: Alcremie\n|-damage|p1a: Alcremie|82\/100\n|\n|t:|1699771433\n|switch|p2a: UBLAHAHGJAAH|Volcanion|100\/100|[from] U-turn\n|move|p1a: Alcremie|Draining Kiss|p2a: UBLAHAHGJAAH\n|-resisted|p2a: UBLAHAHGJAAH\n|-damage|p2a: UBLAHAHGJAAH|82\/100\n|-heal|p1a: Alcremie|95\/100|[from] drain|[of] p2a: UBLAHAHGJAAH\n|\n|-weather|RainDance|[upkeep]\n|upkeep\n|turn|4\n|\n|t:|1699771443\n|move|p2a: UBLAHAHGJAAH|Steam Eruption|p1a: Alcremie|[miss]\n|-miss|p2a: UBLAHAHGJAAH|p1a: Alcremie\n|move|p1a: Alcremie|Calm Mind|p1a: Alcremie\n|-boost|p1a: Alcremie|spa|1\n|-boost|p1a: Alcremie|spd|1\n|\n|-weather|RainDance|[upkeep]\n|upkeep\n|turn|5\n|\n|t:|1699771451\n|move|p2a: UBLAHAHGJAAH|Steam Eruption|p1a: Alcremie\n|-damage|p1a: Alcremie|32\/100\n|-status|p1a: Alcremie|brn\n|move|p1a: Alcremie|Calm Mind|p1a: Alcremie\n|-boost|p1a: Alcremie|spa|1\n|-boost|p1a: Alcremie|spd|1\n|\n|-weather|RainDance|[upkeep]\n|-damage|p1a: Alcremie|26\/100 brn|[from] brn\n|upkeep\n|turn|6\n|\n|t:|1699771463\n|switch|p1a: Tatsugiri|Tatsugiri, F|100\/100\n|move|p2a: UBLAHAHGJAAH|Steam Eruption|p1a: Tatsugiri\n|-ability|p1a: Tatsugiri|Storm Drain|boost\n|-boost|p1a: Tatsugiri|spa|1\n|\n|-weather|RainDance|[upkeep]\n|upkeep\n|turn|7\n|\n|t:|1699771473\n|switch|p2a: my besto friendo|Tornadus-Therian, M|83\/100\n|move|p1a: Tatsugiri|Draco Meteor|p2a: my besto friendo\n|-damage|p2a: my besto friendo|38\/100\n|-unboost|p1a: Tatsugiri|spa|2\n|\n|-weather|RainDance|[upkeep]\n|upkeep\n|turn|8\n|\n|t:|1699771498\n|move|p1a: Tatsugiri|Nasty Plot|p1a: Tatsugiri\n|-boost|p1a: Tatsugiri|spa|2\n|move|p2a: my besto friendo|Knock Off|p1a: Tatsugiri\n|-damage|p1a: Tatsugiri|63\/100\n|-enditem|p1a: Tatsugiri|Leftovers|[from] move: Knock Off|[of] p2a: my besto friendo\n|\n|-weather|RainDance|[upkeep]\n|upkeep\n|turn|9\n|l|\u2606har0tt\n|inactive|har0tt disconnected and has a minute to reconnect!\n|player|p2|\n|j|\u2606har0tt\n|inactive|har0tt reconnected and has 115 seconds left.\n|player|p2|har0tt|ghetsis-gen5bw\n|inactive|har0tt has 90 seconds left.\n|\n|t:|1699771550\n|move|p1a: Tatsugiri|Surf|p2a: my besto friendo\n|-damage|p2a: my besto friendo|0 fnt\n|faint|p2a: my besto friendo\n|\n|-weather|none\n|upkeep\n|\n|t:|1699771554\n|switch|p2a: taser|Zapdos|100\/100\n|turn|10\n|\n|t:|1699771563\n|-terastallize|p2a: taser|Flying\n|move|p2a: taser|Hurricane|p1a: Tatsugiri\n|-damage|p1a: Tatsugiri|0 fnt\n|faint|p1a: Tatsugiri\n|\n|upkeep\n|\n|t:|1699771571\n|switch|p1a: Rotom|Rotom-Heat|100\/100\n|turn|11\n|\n|t:|1699771594\n|switch|p2a: bi-curious|Pelipper, M, shiny|100\/100\n|-weather|RainDance|[from] ability: Drizzle|[of] p2a: bi-curious\n|move|p1a: Rotom|Volt Switch|p2a: bi-curious\n|-supereffective|p2a: bi-curious\n|-damage|p2a: bi-curious|0 fnt\n|faint|p2a: bi-curious\n|\n|t:|1699771606\n|switch|p1a: Sinistcha|Sinistcha-Masterpiece|100\/100|[from] Volt Switch\n|\n|-weather|RainDance|[upkeep]\n|upkeep\n|inactive|har0tt has 90 seconds left.\n|inactive|har0tt has 60 seconds left.\n|\n|t:|1699771662\n|switch|p2a: taser|Zapdos, tera:Flying|100\/100\n|turn|12\n|\n|t:|1699771667\n|switch|p1a: Vanilluxe|Vanilluxe, M|100\/100\n|-weather|Snow|[from] ability: Snow Warning|[of] p1a: Vanilluxe\n|move|p2a: taser|Hurricane|p1a: Vanilluxe\n|-damage|p1a: Vanilluxe|43\/100\n|\n|-weather|Snow|[upkeep]\n|upkeep\n|turn|13\n|\n|t:|1699771677\n|move|p2a: taser|Hurricane|p1a: Vanilluxe\n|-damage|p1a: Vanilluxe|0 fnt\n|faint|p1a: Vanilluxe\n|\n|-weather|Snow|[upkeep]\n|upkeep\n|\n|t:|1699771684\n|switch|p1a: Rotom|Rotom-Heat|100\/100\n|turn|14\n|\n|t:|1699771698\n|switch|p2a: UBLAHAHGJAAH|Volcanion|82\/100\n|move|p1a: Rotom|Volt Switch|p2a: UBLAHAHGJAAH\n|-supereffective|p2a: UBLAHAHGJAAH\n|-damage|p2a: UBLAHAHGJAAH|0 fnt\n|faint|p2a: UBLAHAHGJAAH\n|\n|t:|1699771706\n|switch|p1a: Miltank|Miltank, F|100\/100|[from] Volt Switch\n|\n|-weather|Snow|[upkeep]\n|upkeep\n|\n|t:|1699771715\n|switch|p2a: dont mute me mods|Barraskewda, M, shiny|100\/100\n|turn|15\n|\n|t:|1699771720\n|-terastallize|p1a: Miltank|Poison\n|move|p2a: dont mute me mods|Flip Turn|p1a: Miltank\n|-damage|p1a: Miltank|69\/100\n|\n|t:|1699771723\n|switch|p2a: rodrigo de paul|Corviknight, M|100\/100|[from] Flip Turn\n|-ability|p2a: rodrigo de paul|Pressure\n|move|p1a: Miltank|Curse|p1a: Miltank\n|-unboost|p1a: Miltank|spe|1\n|-boost|p1a: Miltank|atk|1\n|-boost|p1a: Miltank|def|1\n|\n|-weather|Snow|[upkeep]\n|-heal|p1a: Miltank|75\/100|[from] item: Leftovers\n|upkeep\n|turn|16\n|\n|t:|1699771737\n|move|p2a: rodrigo de paul|U-turn|p1a: Miltank\n|-resisted|p1a: Miltank\n|-damage|p1a: Miltank|73\/100\n|inactive|har0tt has 90 seconds left.\n|\n|t:|1699771753\n|switch|p2a: taser|Zapdos, tera:Flying|100\/100|[from] U-turn\n|move|p1a: Miltank|Body Slam|p2a: taser\n|-damage|p2a: taser|59\/100\n|-status|p1a: Miltank|par|[from] ability: Static|[of] p2a: taser\n|\n|-weather|none\n|-heal|p1a: Miltank|79\/100 par|[from] item: Leftovers\n|upkeep\n|turn|17\n|\n|t:|1699771765\n|move|p2a: taser|Hurricane|p1a: Miltank|[miss]\n|-miss|p2a: taser|p1a: Miltank\n|move|p1a: Miltank|Body Slam|p2a: taser\n|-damage|p2a: taser|10\/100\n|-status|p2a: taser|par\n|\n|-heal|p1a: Miltank|85\/100 par|[from] item: Leftovers\n|upkeep\n|turn|18\n|\n|t:|1699771781\n|move|p2a: taser|Hurricane|p1a: Miltank\n|-damage|p1a: Miltank|0 fnt\n|faint|p1a: Miltank\n|\n|upkeep\n|\n|t:|1699771788\n|switch|p1a: Rotom|Rotom-Heat|100\/100\n|turn|19\n|\n|t:|1699771793\n|move|p1a: Rotom|Volt Switch|p2a: taser\n|-supereffective|p2a: taser\n|-damage|p2a: taser|0 fnt\n|faint|p2a: taser\n|\n|t:|1699771797\n|switch|p1a: Sinistcha|Sinistcha-Masterpiece|100\/100|[from] Volt Switch\n|\n|upkeep\n|\n|t:|1699771803\n|switch|p2a: dont mute me mods|Barraskewda, M, shiny|100\/100\n|turn|20\n|\n|t:|1699771806\n|move|p2a: dont mute me mods|Flip Turn|p1a: Sinistcha\n|-resisted|p1a: Sinistcha\n|-damage|p1a: Sinistcha|75\/100\n|\n|t:|1699771816\n|switch|p2a: rodrigo de paul|Corviknight, M|100\/100|[from] Flip Turn\n|-ability|p2a: rodrigo de paul|Pressure\n|move|p1a: Sinistcha|Matcha Gotcha|p2a: rodrigo de paul\n|-resisted|p2a: rodrigo de paul\n|-damage|p2a: rodrigo de paul|90\/100\n|-heal|p1a: Sinistcha|82\/100|[from] drain|[of] p2a: rodrigo de paul\n|-status|p2a: rodrigo de paul|brn\n|\n|-heal|p1a: Sinistcha|88\/100|[from] item: Leftovers\n|-damage|p2a: rodrigo de paul|83\/100 brn|[from] brn\n|upkeep\n|turn|21\n|\n|t:|1699771831\n|move|p1a: Sinistcha|Hex|p2a: rodrigo de paul\n|-damage|p2a: rodrigo de paul|11\/100 brn\n|move|p2a: rodrigo de paul|U-turn|p1a: Sinistcha\n|-damage|p1a: Sinistcha|81\/100\n|\n|t:|1699771837\n|switch|p2a: dont mute me mods|Barraskewda, M, shiny|100\/100|[from] U-turn\n|\n|-heal|p1a: Sinistcha|87\/100|[from] item: Leftovers\n|upkeep\n|turn|22\n|\n|t:|1699771844\n|move|p2a: dont mute me mods|Psychic Fangs|p1a: Sinistcha\n|-damage|p1a: Sinistcha|43\/100\n|move|p1a: Sinistcha|Strength Sap|p2a: dont mute me mods\n|-unboost|p2a: dont mute me mods|atk|1\n|-heal|p1a: Sinistcha|100\/100\n|\n|upkeep\n|turn|23\n|-message|har0tt forfeited.\n|\n|win|TeaAndSandwiches\n|raw|TeaAndSandwiches's rating: 1395 &rarr; <strong>1418<\/strong><br \/>(+23 for winning)\n|raw|har0tt's rating: 1439 &rarr; <strong>1416<\/strong><br \/>(-23 for losing)\n|l|\u2606har0tt\n|j|\u2606har0tt\n|player|p2|har0tt|ghetsis-gen5bw\n|l|\u2606har0tt\n|player|p2|\n","uploadtime":1699771862,"views":24,"p1id":"teaandsandwiches","p2id":"har0tt","formatid":"gen9nationaldex","rating":1416,"private":0,"password":""}