{"id":"gen9nationaldex-1992320153","p1":"santysas","p2":"tusmuelas","format":"[Gen 9] National Dex","log":"|j|\u2606santysas\n|j|\u2606tusmuelas\n|t:|1700174344\n|gametype|singles\n|player|p1|santysas|raihan|\n|player|p2|tusmuelas|misty|\n|teamsize|p1|6\n|teamsize|p2|6\n|gen|9\n|tier|[Gen 9] National Dex\n|rule|HP Percentage Mod: HP is shown in percentages\n|rule|Endless Battle Clause: Forcing endless battles is banned\n|rule|OHKO Clause: OHKO moves are banned\n|rule|Evasion Clause: Evasion abilities, items, and moves are banned\n|rule|Evasion Abilities Clause: Evasion abilities are banned\n|rule|Evasion Items Clause: Evasion items are banned\n|rule|Evasion Moves Clause: Evasion moves are banned\n|rule|Species Clause: Limit one of each Pok\u00e9mon\n|rule|Sleep Clause Mod: Limit one foe put to sleep\n|clearpoke\n|poke|p1|Iron Treads|\n|poke|p1|Thwackey, M|\n|poke|p1|Thievul, M|\n|poke|p1|Toxtricity, M|\n|poke|p1|Azumarill, M|\n|poke|p1|Corsola-Galar, M|\n|poke|p2|Zapdos-Galar|\n|poke|p2|Porygon2|\n|poke|p2|Slowbro-Galar, M|\n|poke|p2|Mr. Mime-Galar, F|\n|poke|p2|Miltank, F|\n|poke|p2|Celebi|\n|teampreview\n|c|\u2606tusmuelas|owo\n|j| Sppregaladog01\n|j| Juanjomaster\n|c|\u2606santysas|Nopuedeser pobre Duraludon :(\n|c| Juanjomaster|Wenas\n|c|\u2606santysas|wenas\n|c|\u2606tusmuelas|cocina mr mime(?)\n|l| Sppregaladog01\n|c| Juanjomaster|Mr mime wallea a todo el equipo de Santy\n|l| Juanjomaster\n|j| Juanjomaster\n|j| Mr Graecus\n|j| Sppregaladog01\n|c|\u2606tusmuelas|mr mime es una mierda\n|c|\u2606tusmuelas|jajaja\n|c|\u2606tusmuelas|pero bue\n|c|\u2606santysas|JAJAAJA\n|c|\u2606santysas|No mufes a tus propios pokes\n|c|\u2606santysas|con amor\n|c|\u2606tusmuelas|pf q co\u00f1azo el corsola galar q pereza\n|c|\u2606santysas|Y 43 le damos\n|c|\u2606tusmuelas|ok\n|c|\u2606santysas|3 minutos de espera para espectadores, suficientes\n|c|\u2606santysas|El corsola no hace nada\n|c|\u2606santysas|Esta chikito\n|\n|t:|1700174591\n|start\n|switch|p1a: SKULL THRONE|Corsola-Galar, M|100\/100\n|switch|p2a: Mr. Mime|Mr. Mime-Galar, F|100\/100\n|turn|1\n|c|\u2606santysas|Batalla epica ni bien empieza\n|\n|t:|1700174620\n|switch|p1a: DIME TERNURITA|Azumarill, M|100\/100\n|move|p2a: Mr. Mime|Light Screen|p2a: Mr. Mime\n|-sidestart|p2: tusmuelas|move: Light Screen\n|\n|upkeep\n|turn|2\n|j| Pelotudinhos Clown\n|\n|t:|1700174638\n|move|p2a: Mr. Mime|Thunder Wave|p1a: DIME TERNURITA\n|-status|p1a: DIME TERNURITA|par\n|cant|p1a: DIME TERNURITA|par\n|\n|upkeep\n|turn|3\n|c|\u2606santysas|Nopuedeser\n|\n|t:|1700174648\n|move|p2a: Mr. Mime|Reflect|p2a: Mr. Mime\n|-sidestart|p2: tusmuelas|Reflect\n|cant|p1a: DIME TERNURITA|par\n|\n|upkeep\n|turn|4\n|c| Juanjomaster|Buenaza\n|c|\u2606santysas|Nimodo\n|c|\u2606santysas|No quiere pelear\n|\n|t:|1700174671\n|switch|p2a: Ceboll\u00edn|Celebi|100\/100\n|move|p1a: DIME TERNURITA|Knock Off|p2a: Ceboll\u00edn\n|-supereffective|p2a: Ceboll\u00edn\n|-damage|p2a: Ceboll\u00edn|60\/100\n|-enditem|p2a: Ceboll\u00edn|Life Orb|[from] move: Knock Off|[of] p1a: DIME TERNURITA\n|\n|upkeep\n|turn|5\n|c| Juanjomaster|Uy, celebi ofensivo\n|\n|t:|1700174691\n|switch|p1a: EL ANTICRISTO|Thwackey, M|100\/100\n|move|p2a: Ceboll\u00edn|Shadow Ball|p1a: EL ANTICRISTO\n|-damage|p1a: EL ANTICRISTO|66\/100\n|\n|upkeep\n|turn|6\n|c|\u2606santysas|JAJAJAJAJA\n|c|\u2606santysas|Odio a este mono\n|\n|t:|1700174712\n|move|p1a: EL ANTICRISTO|U-turn|p2a: Ceboll\u00edn\n|-supereffective|p2a: Ceboll\u00edn\n|-crit|p2a: Ceboll\u00edn\n|-damage|p2a: Ceboll\u00edn|0 fnt\n|faint|p2a: Ceboll\u00edn\n|c|\u2606tusmuelas|mineral evo fijo vaya aguante\n|c|\u2606tusmuelas|el putoh\n|c| Juanjomaster|Aja baraja, sin campo de planta\n|c|\u2606tusmuelas|noo\n|c|\u2606tusmuelas|f\n|c|\u2606santysas|Le puse mal la hab\n|\n|t:|1700174741\n|switch|p1a: SKULL THRONE|Corsola-Galar, M|100\/100|[from] U-turn\n|\n|upkeep\n|c|\u2606santysas|Dios mio\n|\n|t:|1700174766\n|switch|p2a: Windows 10|Porygon2|100\/100\n|-ability|p2a: Windows 10|Cursed Body|[from] ability: Trace|[of] p1a: SKULL THRONE\n|turn|7\n|\n|t:|1700174787\n|move|p2a: Windows 10|Toxic|p1a: SKULL THRONE\n|-status|p1a: SKULL THRONE|tox\n|move|p1a: SKULL THRONE|Stealth Rock|p2a: Windows 10\n|-sidestart|p2: tusmuelas|move: Stealth Rock\n|\n|-damage|p1a: SKULL THRONE|94\/100 tox|[from] psn\n|upkeep\n|turn|8\n|\n|t:|1700174793\n|switch|p1a: DIME TERNURITA|Azumarill, M|100\/100 par\n|move|p2a: Windows 10|Discharge|p1a: DIME TERNURITA\n|-supereffective|p1a: DIME TERNURITA\n|-damage|p1a: DIME TERNURITA|77\/100 par\n|\n|-sideend|p2: tusmuelas|move: Light Screen\n|upkeep\n|turn|9\n|\n|t:|1700174804\n|move|p2a: Windows 10|Tri Attack|p1a: DIME TERNURITA\n|-damage|p1a: DIME TERNURITA|59\/100 par\n|move|p1a: DIME TERNURITA|Knock Off|p2a: Windows 10\n|-damage|p2a: Windows 10|88\/100\n|-enditem|p2a: Windows 10|Eviolite|[from] move: Knock Off|[of] p1a: DIME TERNURITA\n|\n|upkeep\n|turn|10\n|\n|t:|1700174842\n|switch|p2a: Whitney|Miltank, F|100\/100\n|-damage|p2a: Whitney|88\/100|[from] Stealth Rock\n|switch|p1a: Punchi Punchi|Toxtricity, M|100\/100\n|\n|-sideend|p2: tusmuelas|Reflect\n|upkeep\n|turn|11\n|c| Pelotudinhos Clown|DALE KAKI TEAM CHACHORRAO\n|\n|t:|1700174881\n|switch|p1a: DIME TERNURITA|Azumarill, M|59\/100 par\n|-terastallize|p2a: Whitney|Ground\n|move|p2a: Whitney|Thunder Wave|p1a: DIME TERNURITA\n|-fail|p1a: DIME TERNURITA|par\n|\n|upkeep\n|turn|12\n|c|\u2606tusmuelas|f\n|c| Pelotudinhos Clown|wa eso fue predict?\n|c|\u2606santysas|La paralisis para countear la paralisis\n|c|\u2606santysas|God\n|\n|t:|1700174941\n|switch|p2a: Ahora con pistola|Slowbro-Galar, M|100\/100\n|-damage|p2a: Ahora con pistola|88\/100|[from] Stealth Rock\n|move|p1a: DIME TERNURITA|Knock Off|p2a: Ahora con pistola\n|-supereffective|p2a: Ahora con pistola\n|-damage|p2a: Ahora con pistola|24\/100\n|-enditem|p2a: Ahora con pistola|Leftovers|[from] move: Knock Off|[of] p1a: DIME TERNURITA\n|\n|upkeep\n|turn|13\n|c|\u2606tusmuelas|q hijo de puta\n|\n|t:|1700174978\n|switch|p1a: #ProveRicWrong|Iron Treads|100\/100\n|-enditem|p1a: #ProveRicWrong|Booster Energy\n|-activate|p1a: #ProveRicWrong|ability: Quark Drive|[fromitem]\n|-start|p1a: #ProveRicWrong|quarkdriveatk\n|move|p2a: Ahora con pistola|Slack Off|p2a: Ahora con pistola\n|-heal|p2a: Ahora con pistola|74\/100\n|\n|upkeep\n|turn|14\n|\n|t:|1700175001\n|move|p1a: #ProveRicWrong|Rapid Spin|p2a: Ahora con pistola\n|-damage|p2a: Ahora con pistola|52\/100\n|-boost|p1a: #ProveRicWrong|spe|1\n|move|p2a: Ahora con pistola|Drain Punch|p1a: #ProveRicWrong\n|-supereffective|p1a: #ProveRicWrong\n|-damage|p1a: #ProveRicWrong|60\/100\n|-heal|p2a: Ahora con pistola|69\/100|[from] drain|[of] p1a: #ProveRicWrong\n|\n|upkeep\n|turn|15\n|\n|t:|1700175013\n|move|p1a: #ProveRicWrong|Earthquake|p2a: Ahora con pistola\n|-supereffective|p2a: Ahora con pistola\n|-damage|p2a: Ahora con pistola|0 fnt\n|faint|p2a: Ahora con pistola\n|\n|upkeep\n|\n|t:|1700175027\n|switch|p2a: El retorno del rey|Zapdos-Galar|100\/100\n|-damage|p2a: El retorno del rey|88\/100|[from] Stealth Rock\n|turn|16\n|\n|t:|1700175044\n|move|p1a: #ProveRicWrong|Ice Spinner|p2a: El retorno del rey\n|-supereffective|p2a: El retorno del rey\n|-damage|p2a: El retorno del rey|5\/100\n|move|p2a: El retorno del rey|Thunderous Kick|p1a: #ProveRicWrong\n|-supereffective|p1a: #ProveRicWrong\n|-damage|p1a: #ProveRicWrong|0 fnt\n|faint|p1a: #ProveRicWrong\n|-end|p1a: #ProveRicWrong|Quark Drive|[silent]\n|\n|upkeep\n|c|\u2606santysas|nopuedeseer\n|c|\u2606santysas|Que es esa pecheada\n|c|\u2606tusmuelas|estoy mas q perdido q mas da jajaja\n|c|\u2606tusmuelas|putos knocs offs\n|\n|t:|1700175085\n|switch|p1a: EL ANTICRISTO|Thwackey, M|66\/100\n|turn|17\n|c| Juanjomaster|Te acompa\u00f1o en el sentimiento\n|c| Juanjomaster|Fue el move que m\u00e1s odi\u00e9 el torneo pasado xd\n|\n|t:|1700175105\n|switch|p2a: Mr. Mime|Mr. Mime-Galar, F|100\/100\n|-damage|p2a: Mr. Mime|76\/100|[from] Stealth Rock\n|move|p1a: EL ANTICRISTO|Knock Off|p2a: Mr. Mime\n|-supereffective|p2a: Mr. Mime\n|-crit|p2a: Mr. Mime\n|-damage|p2a: Mr. Mime|0 fnt\n|-enditem|p2a: Mr. Mime|Light Clay|[from] move: Knock Off|[of] p1a: EL ANTICRISTO\n|faint|p2a: Mr. Mime\n|\n|upkeep\n|c|\u2606tusmuelas|f mimo de mierda\n|j| zereffu\n|c|\u2606tusmuelas|queria quitar las piedras, ya zapdos nada\n|c|\u2606santysas|F\n|c|\u2606santysas|Dios\n|c| zereffu|Que masacre\n|\n|t:|1700175130\n|switch|p2a: Windows 10|Porygon2|88\/100\n|-damage|p2a: Windows 10|76\/100|[from] Stealth Rock\n|-ability|p2a: Windows 10|Overgrow|[from] ability: Trace|[of] p1a: EL ANTICRISTO\n|turn|18\n|c|\u2606santysas|Que mal me pone no tener el campo snif\n|l| Mr Graecus\n|\n|t:|1700175160\n|switch|p1a: Punchi Punchi|Toxtricity, M|100\/100\n|move|p2a: Windows 10|Tri Attack|p1a: Punchi Punchi\n|-damage|p1a: Punchi Punchi|58\/100\n|\n|upkeep\n|turn|19\n|\n|t:|1700175170\n|move|p1a: Punchi Punchi|Boomburst|p2a: Windows 10\n|-damage|p2a: Windows 10|25\/100\n|-enditem|p1a: Punchi Punchi|Throat Spray\n|-boost|p1a: Punchi Punchi|spa|1|[from] item: Throat Spray\n|move|p2a: Windows 10|Tri Attack|p1a: Punchi Punchi\n|-damage|p1a: Punchi Punchi|13\/100\n|\n|upkeep\n|turn|20\n|c| zereffu|Gg\n|\n|t:|1700175182\n|move|p1a: Punchi Punchi|Boomburst|p2a: Windows 10\n|-damage|p2a: Windows 10|0 fnt\n|faint|p2a: Windows 10\n|\n|upkeep\n|\n|t:|1700175186\n|switch|p2a: Whitney|Miltank, F, tera:Ground|88\/100\n|-damage|p2a: Whitney|82\/100|[from] Stealth Rock\n|turn|21\n|j| Ric94\n|\n|t:|1700175196\n|move|p1a: Punchi Punchi|Boomburst|p2a: Whitney\n|-damage|p2a: Whitney|0 fnt\n|faint|p2a: Whitney\n|\n|upkeep\n|c| Pelotudinhos Clown|Windows crashed\n|\n|t:|1700175201\n|switch|p2a: El retorno del rey|Zapdos-Galar|5\/100\n|-damage|p2a: El retorno del rey|0 fnt|[from] Stealth Rock\n|faint|p2a: El retorno del rey\n|\n|win|santysas\n|c|\u2606santysas|gg\n|c| Ric94|Gg\n|c|\u2606tusmuelas|gg\n|c| zereffu|Santy no tuvo piedad\n|c|\u2606santysas|Pens\u00e9 que iba a perder culpa del mono otra vez\n|c| zereffu|Toxtricity roto (?\n|c|\u2606tusmuelas|q mal jugada\n|l| Ric94\n|c|\u2606santysas|Asi como mini spoiler, el Thievul tiene Grassy seed\n|c|\u2606santysas|Su set dependia que este el campo\n|c|\u2606tusmuelas|se cargo a celebi de una\n|c|\u2606tusmuelas|fue clave\n|c| zereffu|Donwload > grave\n|c|\u2606santysas|Seh, el Uturn con el mono clave\n|c| zereffu|Trace*\n|c|\u2606tusmuelas|aclarense pelotudos\n|c|\u2606santysas|Era scarf pa pivotar facil el campo\n|c|\u2606tusmuelas|me dijo lucas q le quitara download\n|c|\u2606tusmuelas|y q pusiera trace\n|c|\u2606santysas|PERO NO TENIA EL CAMPO\n","uploadtime":1700175294,"views":16,"p1id":"santysas","p2id":"tusmuelas","formatid":"gen9nationaldex","rating":0,"private":0,"password":""}