{"id":"gen9nationaldex-1992742585","p1":"steals many wives","p2":"h8for3vr","format":"[Gen 9] National Dex","log":"|j|\u2606steals many wives\n|j|\u203dh8for3vr\n|t:|1700231260\n|gametype|singles\n|player|p1|steals many wives|waitress|1190\n|player|p2|h8for3vr|alec-anime|1120\n|teamsize|p1|6\n|teamsize|p2|6\n|gen|9\n|tier|[Gen 9] National Dex\n|rated|\n|rule|HP Percentage Mod: HP is shown in percentages\n|rule|Endless Battle Clause: Forcing endless battles is banned\n|rule|OHKO Clause: OHKO moves are banned\n|rule|Evasion Clause: Evasion abilities, items, and moves are banned\n|rule|Evasion Abilities Clause: Evasion abilities are banned\n|rule|Evasion Items Clause: Evasion items are banned\n|rule|Evasion Moves Clause: Evasion moves are banned\n|rule|Species Clause: Limit one of each Pok\u00e9mon\n|rule|Sleep Clause Mod: Limit one foe put to sleep\n|clearpoke\n|poke|p1|Aggron, M|\n|poke|p1|Ferrothorn, M|\n|poke|p1|Goodra-Hisui, F|\n|poke|p1|Celesteela|\n|poke|p1|Heatran, M|\n|poke|p1|Excadrill, M|\n|poke|p2|Dragonite, M|\n|poke|p2|Meowscarada, M|\n|poke|p2|Registeel|\n|poke|p2|Charizard, M|\n|poke|p2|Drifblim, M|\n|poke|p2|Cloyster, M|\n|teampreview\n|inactive|Battle timer is ON: inactive players will automatically lose when time's up. (requested by h8for3vr)\n|\n|t:|1700231277\n|start\n|switch|p1a: Lego|Ferrothorn, M|100\/100\n|switch|p2a: Registeel|Registeel|100\/100\n|turn|1\n|\n|t:|1700231286\n|move|p2a: Registeel|Body Press|p1a: Lego\n|-supereffective|p1a: Lego\n|-damage|p1a: Lego|59\/100\n|-damage|p2a: Registeel|88\/100|[from] ability: Iron Barbs|[of] p1a: Lego\n|-damage|p2a: Registeel|72\/100|[from] item: Rocky Helmet|[of] p1a: Lego\n|move|p1a: Lego|Stealth Rock|p2a: Registeel\n|-sidestart|p2: h8for3vr|move: Stealth Rock\n|\n|-heal|p2a: Registeel|78\/100|[from] item: Leftovers\n|upkeep\n|turn|2\n|\n|t:|1700231295\n|move|p2a: Registeel|Stealth Rock|p1a: Lego\n|-sidestart|p1: steals many wives|move: Stealth Rock\n|move|p1a: Lego|Leech Seed|p2a: Registeel\n|-start|p2a: Registeel|move: Leech Seed\n|\n|-heal|p2a: Registeel|84\/100|[from] item: Leftovers\n|-damage|p2a: Registeel|71\/100|[from] Leech Seed|[of] p1a: Lego\n|-heal|p1a: Lego|70\/100|[silent]\n|upkeep\n|turn|3\n|\n|t:|1700231307\n|switch|p2a: Charizard|Charizard, M|100\/100\n|-damage|p2a: Charizard|51\/100|[from] Stealth Rock\n|switch|p1a: Team Rocket|Celesteela|100\/100\n|-damage|p1a: Team Rocket|88\/100|[from] Stealth Rock\n|\n|-heal|p1a: Team Rocket|94\/100|[from] item: Leftovers\n|upkeep\n|turn|4\n|\n|t:|1700231322\n|move|p1a: Team Rocket|Protect|p1a: Team Rocket\n|-singleturn|p1a: Team Rocket|Protect\n|move|p2a: Charizard|Flame Charge|p1a: Team Rocket\n|-activate|p1a: Team Rocket|move: Protect\n|\n|-heal|p1a: Team Rocket|100\/100|[from] item: Leftovers\n|upkeep\n|turn|5\n|\n|t:|1700231331\n|switch|p1a: Slag Heap|Heatran, M|100\/100\n|-damage|p1a: Slag Heap|88\/100|[from] Stealth Rock\n|detailschange|p2a: Charizard|Charizard-Mega-X, M\n|-mega|p2a: Charizard|Charizard|Charizardite X\n|move|p2a: Charizard|Flame Charge|p1a: Slag Heap\n|-start|p1a: Slag Heap|ability: Flash Fire\n|\n|upkeep\n|turn|6\n|c|\u2606steals many wives|thank you\n|\n|t:|1700231341\n|move|p1a: Slag Heap|Earth Power|p2a: Charizard\n|-supereffective|p2a: Charizard\n|-damage|p2a: Charizard|0 fnt\n|faint|p2a: Charizard\n|\n|upkeep\n|\n|t:|1700231347\n|switch|p2a: Dragonite|Dragonite, M|100\/100\n|turn|7\n|\n|t:|1700231352\n|-end|p1a: Slag Heap|ability: Flash Fire|[silent]\n|switch|p1a: Team Rocket|Celesteela|100\/100\n|-damage|p1a: Team Rocket|88\/100|[from] Stealth Rock\n|move|p2a: Dragonite|Dragon Dance|p2a: Dragonite\n|-boost|p2a: Dragonite|atk|1\n|-boost|p2a: Dragonite|spe|1\n|\n|-heal|p1a: Team Rocket|94\/100|[from] item: Leftovers\n|upkeep\n|turn|8\n|\n|t:|1700231361\n|move|p2a: Dragonite|Dragon Dance|p2a: Dragonite\n|-boost|p2a: Dragonite|atk|1\n|-boost|p2a: Dragonite|spe|1\n|move|p1a: Team Rocket|Leech Seed|p2a: Dragonite\n|-start|p2a: Dragonite|move: Leech Seed\n|\n|-heal|p1a: Team Rocket|100\/100|[from] item: Leftovers\n|-damage|p2a: Dragonite|88\/100|[from] Leech Seed|[of] p1a: Team Rocket\n|upkeep\n|turn|9\n|\n|t:|1700231371\n|move|p2a: Dragonite|Dragon Dance|p2a: Dragonite\n|-boost|p2a: Dragonite|atk|1\n|-boost|p2a: Dragonite|spe|1\n|move|p1a: Team Rocket|Iron Head|p2a: Dragonite\n|-damage|p2a: Dragonite|57\/100\n|\n|-damage|p2a: Dragonite|45\/100|[from] Leech Seed|[of] p1a: Team Rocket\n|upkeep\n|turn|10\n|\n|t:|1700231381\n|move|p2a: Dragonite|Ice Spinner|p1a: Team Rocket\n|-damage|p1a: Team Rocket|44\/100\n|move|p1a: Team Rocket|Fly||[still]\n|-prepare|p1a: Team Rocket|Fly\n|\n|-heal|p1a: Team Rocket|50\/100|[from] item: Leftovers\n|-damage|p2a: Dragonite|32\/100|[from] Leech Seed|[of] p1a: Team Rocket\n|-heal|p1a: Team Rocket|61\/100|[silent]\n|upkeep\n|turn|11\n|\n|t:|1700231388\n|move|p2a: Dragonite|Ice Spinner|p1a: Team Rocket|[miss]\n|-miss|p2a: Dragonite|p1a: Team Rocket\n|move|p1a: Team Rocket|Fly|p2a: Dragonite|[from]lockedmove\n|-damage|p2a: Dragonite|0 fnt\n|faint|p2a: Dragonite\n|-ability|p1a: Team Rocket|Beast Boost|boost\n|-boost|p1a: Team Rocket|def|1\n|\n|-heal|p1a: Team Rocket|67\/100|[from] item: Leftovers\n|upkeep\n|-message|h8for3vr forfeited.\n|\n|win|steals many wives\n|raw|steals many wives's rating: 1190 &rarr; <strong>1210<\/strong><br \/>(+20 for winning)\n|raw|h8for3vr's rating: 1120 &rarr; <strong>1100<\/strong><br \/>(-20 for losing)\n|l|\u203dh8for3vr\n","uploadtime":1700231404,"views":5,"p1id":"stealsmanywives","p2id":"h8for3vr","formatid":"gen9nationaldex","rating":1100,"private":0,"password":""}