{"id":"gen9nationaldex-1994116077","p1":"dadi03","p2":"thefirstsereth","format":"[Gen 9] National Dex","log":"|j|\u2606dadi03\n|j|\u2606thefirstsereth\n|t:|1700408769\n|gametype|singles\n|player|p1|dadi03|guitarist|1161\n|player|p2|thefirstsereth|170|1236\n|teamsize|p1|6\n|teamsize|p2|6\n|gen|9\n|tier|[Gen 9] National Dex\n|rated|\n|rule|HP Percentage Mod: HP is shown in percentages\n|rule|Endless Battle Clause: Forcing endless battles is banned\n|rule|OHKO Clause: OHKO moves are banned\n|rule|Evasion Clause: Evasion abilities, items, and moves are banned\n|rule|Evasion Abilities Clause: Evasion abilities are banned\n|rule|Evasion Items Clause: Evasion items are banned\n|rule|Evasion Moves Clause: Evasion moves are banned\n|rule|Species Clause: Limit one of each Pok\u00e9mon\n|rule|Sleep Clause Mod: Limit one foe put to sleep\n|clearpoke\n|poke|p1|Enamorus-Therian, F|\n|poke|p1|Porygon2|\n|poke|p1|Hatterene, F|\n|poke|p1|Cresselia, F|\n|poke|p1|Ursaluna, F|\n|poke|p1|Hoopa-Unbound|\n|poke|p2|Serperior, F|\n|poke|p2|Kommo-o, M|\n|poke|p2|Rotom-Heat|\n|poke|p2|Diancie|\n|poke|p2|Samurott-Hisui, M|\n|poke|p2|Ribombee, F|\n|teampreview\n|inactive|Battle timer is ON: inactive players will automatically lose when time's up. (requested by dadi03)\n|\n|t:|1700408794\n|start\n|switch|p1a: Hatterene|Hatterene, F|100\/100\n|switch|p2a: Diancie|Diancie|100\/100\n|turn|1\n|\n|t:|1700408810\n|detailschange|p2a: Diancie|Diancie-Mega\n|-mega|p2a: Diancie|Diancie|Diancite\n|move|p2a: Diancie|Diamond Storm|p1a: Hatterene\n|-damage|p1a: Hatterene|50\/100\n|move|p1a: Hatterene|Trick Room|p1a: Hatterene\n|-fieldstart|move: Trick Room|[of] p1a: Hatterene\n|\n|upkeep\n|turn|2\n|\n|t:|1700408816\n|move|p1a: Hatterene|Misty Explosion|p2a: Diancie\n|-damage|p2a: Diancie|18\/100\n|faint|p1a: Hatterene\n|move|p2a: Diancie|Diamond Storm|p1: Hatterene|[notarget]\n|-fail|p2a: Diancie\n|\n|upkeep\n|\n|t:|1700408822\n|switch|p1a: Ursaluna|Ursaluna, F|100\/100\n|turn|3\n|\n|t:|1700408831\n|switch|p2a: Ribombee|Ribombee, F|100\/100\n|-terastallize|p1a: Ursaluna|Normal\n|move|p1a: Ursaluna|Facade|p2a: Ribombee\n|-damage|p2a: Ribombee|11\/100\n|\n|-status|p1a: Ursaluna|brn|[from] item: Flame Orb\n|upkeep\n|turn|4\n|\n|t:|1700408846\n|move|p1a: Ursaluna|Facade|p2a: Ribombee\n|-damage|p2a: Ribombee|0 fnt\n|faint|p2a: Ribombee\n|\n|-damage|p1a: Ursaluna|94\/100 brn|[from] brn\n|upkeep\n|\n|t:|1700408856\n|switch|p2a: Kommo-o|Kommo-o, M|100\/100\n|turn|5\n|\n|t:|1700408862\n|-terastallize|p2a: Kommo-o|Ghost\n|move|p1a: Ursaluna|Facade|p2a: Kommo-o\n|-immune|p2a: Kommo-o\n|move|p2a: Kommo-o|Clangorous Soul|p2a: Kommo-o\n|-boost|p2a: Kommo-o|atk|1\n|-boost|p2a: Kommo-o|def|1\n|-boost|p2a: Kommo-o|spa|1\n|-boost|p2a: Kommo-o|spd|1\n|-boost|p2a: Kommo-o|spe|1\n|-damage|p2a: Kommo-o|68\/100\n|\n|-damage|p1a: Ursaluna|88\/100 brn|[from] brn\n|-fieldend|move: Trick Room\n|upkeep\n|turn|6\n|\n|t:|1700408879\n|move|p2a: Kommo-o|Drain Punch|p1a: Ursaluna\n|-supereffective|p1a: Ursaluna\n|-damage|p1a: Ursaluna|14\/100 brn\n|-heal|p2a: Kommo-o|100\/100|[from] drain|[of] p1a: Ursaluna\n|move|p1a: Ursaluna|Headlong Rush|p2a: Kommo-o\n|-damage|p2a: Kommo-o|36\/100\n|-unboost|p1a: Ursaluna|def|1\n|-unboost|p1a: Ursaluna|spd|1\n|-enditem|p2a: Kommo-o|Sitrus Berry|[eat]\n|-heal|p2a: Kommo-o|61\/100|[from] item: Sitrus Berry\n|\n|-damage|p1a: Ursaluna|8\/100 brn|[from] brn\n|upkeep\n|turn|7\n|\n|t:|1700408892\n|move|p2a: Kommo-o|Drain Punch|p1a: Ursaluna\n|-supereffective|p1a: Ursaluna\n|-damage|p1a: Ursaluna|0 fnt\n|-heal|p2a: Kommo-o|67\/100|[from] drain|[of] p1a: Ursaluna\n|faint|p1a: Ursaluna\n|\n|upkeep\n|\n|t:|1700408900\n|switch|p1a: Cresselia|Cresselia, F|100\/100\n|turn|8\n|\n|t:|1700408904\n|move|p2a: Kommo-o|Shadow Claw|p1a: Cresselia\n|-supereffective|p1a: Cresselia\n|-damage|p1a: Cresselia|52\/100\n|move|p1a: Cresselia|Trick Room|p1a: Cresselia\n|-fieldstart|move: Trick Room|[of] p1a: Cresselia\n|\n|upkeep\n|turn|9\n|\n|t:|1700408913\n|move|p1a: Cresselia|Moonblast|p2a: Kommo-o\n|-damage|p2a: Kommo-o|55\/100\n|move|p2a: Kommo-o|Drain Punch|p1a: Cresselia\n|-resisted|p1a: Cresselia\n|-damage|p1a: Cresselia|38\/100\n|-heal|p2a: Kommo-o|64\/100|[from] drain|[of] p1a: Cresselia\n|\n|upkeep\n|turn|10\n|\n|t:|1700408921\n|move|p1a: Cresselia|Lunar Dance|p1a: Cresselia\n|faint|p1a: Cresselia\n|move|p2a: Kommo-o|Shadow Claw|p1: Cresselia|[notarget]\n|-fail|p2a: Kommo-o\n|\n|upkeep\n|\n|t:|1700408947\n|switch|p1a: Hoopa|Hoopa-Unbound|100\/100\n|turn|11\n|\n|t:|1700408960\n|-zpower|p1a: Hoopa\n|move|p1a: Hoopa|Shattered Psyche|p2a: Kommo-o|[zeffect]\n|-damage|p2a: Kommo-o|0 fnt\n|faint|p2a: Kommo-o\n|\n|upkeep\n|inactive|thefirstsereth has 120 seconds left.\n|\n|t:|1700408992\n|switch|p2a: Serperior|Serperior, F|100\/100\n|turn|12\n|inactive|thefirstsereth has 120 seconds left.\n|\n|t:|1700409006\n|move|p1a: Hoopa|Ice Punch|p2a: Serperior\n|-supereffective|p2a: Serperior\n|-damage|p2a: Serperior|17\/100\n|move|p2a: Serperior|Leech Seed|p1a: Hoopa\n|-start|p1a: Hoopa|move: Leech Seed\n|\n|-heal|p2a: Serperior|23\/100|[from] item: Leftovers\n|-damage|p1a: Hoopa|88\/100|[from] Leech Seed|[of] p2a: Serperior\n|-heal|p2a: Serperior|35\/100|[silent]\n|-fieldend|move: Trick Room\n|upkeep\n|turn|13\n|inactive|thefirstsereth has 120 seconds left.\n|\n|t:|1700409021\n|move|p2a: Serperior|Substitute|p2a: Serperior\n|-start|p2a: Serperior|Substitute\n|-damage|p2a: Serperior|10\/100\n|move|p1a: Hoopa|Ice Punch|p2a: Serperior\n|-supereffective|p2a: Serperior\n|-end|p2a: Serperior|Substitute\n|\n|-heal|p2a: Serperior|16\/100|[from] item: Leftovers\n|-damage|p1a: Hoopa|76\/100|[from] Leech Seed|[of] p2a: Serperior\n|-heal|p2a: Serperior|28\/100|[silent]\n|upkeep\n|turn|14\n|inactive|thefirstsereth has 120 seconds left.\n|\n|t:|1700409033\n|switch|p2a: Rotom|Rotom-Heat|100\/100\n|move|p1a: Hoopa|Hyperspace Fury|p2a: Rotom\n|-damage|p2a: Rotom|15\/100\n|-unboost|p1a: Hoopa|def|1\n|\n|-damage|p1a: Hoopa|64\/100|[from] Leech Seed|[of] p2a: Rotom\n|-heal|p2a: Rotom|30\/100|[silent]\n|upkeep\n|turn|15\n|inactive|thefirstsereth has 120 seconds left.\n|\n|t:|1700409045\n|-zpower|p2a: Rotom\n|move|p2a: Rotom|Inferno Overdrive|p1a: Hoopa|[zeffect]\n|-damage|p1a: Hoopa|0 fnt\n|faint|p1a: Hoopa\n|\n|upkeep\n|\n|t:|1700409052\n|switch|p1a: Porygon2|Porygon2|100\/100\n|-ability|p1a: Porygon2|Download|boost\n|-boost|p1a: Porygon2|spa|1\n|turn|16\n|\n|t:|1700409063\n|switch|p2a: Diancie|Diancie-Mega|18\/100\n|move|p1a: Porygon2|Trick Room|p1a: Porygon2\n|-fieldstart|move: Trick Room|[of] p1a: Porygon2\n|\n|upkeep\n|turn|17\n|inactive|thefirstsereth has 120 seconds left.\n|\n|t:|1700409081\n|move|p2a: Diancie|Moonblast|p1a: Porygon2\n|-damage|p1a: Porygon2|66\/100\n|move|p1a: Porygon2|Teleport|p1a: Porygon2\n|\n|t:|1700409088\n|switch|p1a: Pink Wife|Enamorus-Therian, F, shiny|100\/100|[from] Teleport\n|\n|upkeep\n|turn|18\n|\n|t:|1700409095\n|move|p1a: Pink Wife|Moonblast|p2a: Diancie\n|-damage|p2a: Diancie|0 fnt\n|faint|p2a: Diancie\n|\n|upkeep\n|\n|t:|1700409111\n|switch|p2a: Serperior|Serperior, F|28\/100\n|turn|19\n|\n|t:|1700409118\n|move|p1a: Pink Wife|Moonblast|p2a: Serperior\n|-damage|p2a: Serperior|0 fnt\n|faint|p2a: Serperior\n|\n|upkeep\n|inactive|thefirstsereth has 120 seconds left.\n|\n|t:|1700409133\n|switch|p2a: Samurott|Samurott-Hisui, M|100\/100\n|turn|20\n|\n|t:|1700409140\n|move|p1a: Pink Wife|Moonblast|p2a: Samurott\n|-supereffective|p2a: Samurott\n|-damage|p2a: Samurott|0 fnt\n|faint|p2a: Samurott\n|\n|-fieldend|move: Trick Room\n|upkeep\n|\n|t:|1700409145\n|switch|p2a: Rotom|Rotom-Heat|30\/100\n|turn|21\n|\n|t:|1700409149\n|switch|p1a: Porygon2|Porygon2|66\/100\n|-heal|p1a: Porygon2|100\/100|[from] move: Lunar Dance\n|-ability|p1a: Porygon2|Download|boost\n|-boost|p1a: Porygon2|spa|1\n|move|p2a: Rotom|Overheat|p1a: Porygon2\n|-damage|p1a: Porygon2|66\/100\n|-unboost|p2a: Rotom|spa|2\n|\n|upkeep\n|turn|22\n|c|\u2606thefirstsereth|hu gg\n|\n|t:|1700409166\n|move|p2a: Rotom|Volt Switch|p1a: Porygon2\n|-damage|p1a: Porygon2|56\/100\n|move|p1a: Porygon2|Trick Room|p1a: Porygon2\n|-fieldstart|move: Trick Room|[of] p1a: Porygon2\n|\n|upkeep\n|turn|23\n|\n|t:|1700409172\n|move|p2a: Rotom|Volt Switch|p1a: Porygon2\n|-damage|p1a: Porygon2|47\/100\n|move|p1a: Porygon2|Teleport|p1a: Porygon2\n|\n|t:|1700409176\n|switch|p1a: Pink Wife|Enamorus-Therian, F, shiny|100\/100|[from] Teleport\n|\n|upkeep\n|turn|24\n|\n|t:|1700409181\n|move|p1a: Pink Wife|Moonblast|p2a: Rotom\n|-resisted|p2a: Rotom\n|-damage|p2a: Rotom|0 fnt\n|faint|p2a: Rotom\n|\n|win|dadi03\n|raw|dadi03's rating: 1161 &rarr; <strong>1191<\/strong><br \/>(+30 for winning)\n|raw|thefirstsereth's rating: 1236 &rarr; <strong>1206<\/strong><br \/>(-30 for losing)\n|l|\u2606thefirstsereth\n","uploadtime":1700409193,"views":22,"p1id":"dadi03","p2id":"thefirstsereth","formatid":"gen9nationaldex","rating":1191,"private":0,"password":""}