{"id":"gen9nationaldex-1993535981","p1":"akyraaiko","p2":"Ekkogandr","format":"[Gen 9] National Dex","log":"|j|\u2606akyraaiko\n|j|\u2606Ekkogandr\n|t:|1700329165\n|gametype|singles\n|player|p1|akyraaiko|265|\n|player|p2|Ekkogandr|turo-ai|\n|teamsize|p1|6\n|teamsize|p2|6\n|gen|9\n|tier|[Gen 9] National Dex\n|rule|HP Percentage Mod: HP is shown in percentages\n|rule|Endless Battle Clause: Forcing endless battles is banned\n|rule|OHKO Clause: OHKO moves are banned\n|rule|Evasion Clause: Evasion abilities, items, and moves are banned\n|rule|Evasion Abilities Clause: Evasion abilities are banned\n|rule|Evasion Items Clause: Evasion items are banned\n|rule|Evasion Moves Clause: Evasion moves are banned\n|rule|Species Clause: Limit one of each Pok\u00e9mon\n|rule|Sleep Clause Mod: Limit one foe put to sleep\n|clearpoke\n|poke|p1|Zoroark-Hisui, F|\n|poke|p1|Sneasler, M|\n|poke|p1|Aerodactyl, M|\n|poke|p1|Lycanroc-Dusk, F|\n|poke|p1|Urshifu-*, M|\n|poke|p1|Rillaboom, F|\n|poke|p2|Zamazenta-*|\n|poke|p2|Scizor, F|\n|poke|p2|Iron Valiant|\n|poke|p2|Heatran, M|\n|poke|p2|Rotom-Wash|\n|poke|p2|Ting-Lu|\n|teampreview\n|\n|t:|1700329177\n|start\n|switch|p1a: OKOSAAAA|Rillaboom, F|100\/100\n|switch|p2a: Ting-Lu|Ting-Lu|100\/100\n|-fieldstart|move: Grassy Terrain|[from] ability: Grassy Surge|[of] p1a: OKOSAAAA\n|-ability|p2a: Ting-Lu|Vessel of Ruin\n|turn|1\n|\n|t:|1700329189\n|move|p1a: OKOSAAAA|Grassy Glide|p2a: Ting-Lu\n|-supereffective|p2a: Ting-Lu\n|-damage|p2a: Ting-Lu|60\/100\n|move|p2a: Ting-Lu|Stealth Rock|p1a: OKOSAAAA\n|-sidestart|p1: akyraaiko|move: Stealth Rock\n|\n|-heal|p2a: Ting-Lu|66\/100|[from] Grassy Terrain\n|-heal|p2a: Ting-Lu|72\/100|[from] item: Leftovers\n|upkeep\n|turn|2\n|\n|t:|1700329199\n|switch|p2a: Heatran|Heatran, M|100\/100\n|move|p1a: OKOSAAAA|Drum Beating|p2a: Heatran\n|-resisted|p2a: Heatran\n|-damage|p2a: Heatran|90\/100\n|-unboost|p2a: Heatran|spe|1\n|\n|-heal|p2a: Heatran|96\/100|[from] Grassy Terrain\n|-heal|p2a: Heatran|100\/100|[from] item: Leftovers\n|upkeep\n|turn|3\n|\n|t:|1700329204\n|move|p1a: OKOSAAAA|Earthquake|p2a: Heatran\n|-supereffective|p2a: Heatran\n|-damage|p2a: Heatran|39\/100\n|move|p2a: Heatran|Magma Storm|p1a: OKOSAAAA|[miss]\n|-miss|p2a: Heatran|p1a: OKOSAAAA\n|\n|-heal|p2a: Heatran|46\/100|[from] Grassy Terrain\n|-heal|p2a: Heatran|52\/100|[from] item: Leftovers\n|upkeep\n|turn|4\n|c|\u2606Ekkogandr|ai \u00e9 foda\n|\n|t:|1700329216\n|switch|p2a: Scizor|Scizor, F|100\/100\n|move|p1a: OKOSAAAA|Earthquake|p2a: Scizor\n|-damage|p2a: Scizor|87\/100\n|\n|-heal|p2a: Scizor|94\/100|[from] Grassy Terrain\n|upkeep\n|turn|5\n|c|\u2606akyraaiko|vey\n|c|\u2606akyraaiko|eu esqueci de mudar esse rillabom\n|c|\u2606akyraaiko|ele ta mt ruim\n|c|\u2606akyraaiko|juro\n|c|\u2606akyraaiko|KKKKKKKKK\n|c|\u2606akyraaiko|foi o time q esqueci de colocar certo\n|c|\u2606Ekkogandr|boa\n|\n|t:|1700329276\n|detailschange|p2a: Scizor|Scizor-Mega, F\n|-mega|p2a: Scizor|Scizor|Scizorite\n|-singleturn|p1a: OKOSAAAA|move: Focus Punch\n|move|p2a: Scizor|Swords Dance|p2a: Scizor\n|-boost|p2a: Scizor|atk|2\n|move|p1a: OKOSAAAA|Focus Punch|p2a: Scizor\n|-damage|p2a: Scizor|60\/100\n|\n|-heal|p2a: Scizor|66\/100|[from] Grassy Terrain\n|-fieldend|move: Grassy Terrain\n|upkeep\n|turn|6\n|\n|t:|1700329282\n|switch|p1a: Garras|Sneasler, M, shiny|100\/100\n|-damage|p1a: Garras|88\/100|[from] Stealth Rock\n|move|p2a: Scizor|Bullet Punch|p1a: Garras\n|-damage|p1a: Garras|0 fnt\n|replace|p1a: Who? cares|Zoroark-Hisui, F, shiny\n|-end|p1a: Who? cares|Illusion\n|faint|p1a: Who? cares\n|\n|upkeep\n|\n|t:|1700329285\n|switch|p1a: Passaro a pika|Aerodactyl, M|100\/100\n|-damage|p1a: Passaro a pika|76\/100|[from] Stealth Rock\n|turn|7\n|\n|t:|1700329289\n|detailschange|p1a: Passaro a pika|Aerodactyl-Mega, M\n|-mega|p1a: Passaro a pika|Aerodactyl|Aerodactylite\n|move|p2a: Scizor|Bullet Punch|p1a: Passaro a pika\n|-supereffective|p1a: Passaro a pika\n|-damage|p1a: Passaro a pika|0 fnt\n|faint|p1a: Passaro a pika\n|\n|upkeep\n|\n|t:|1700329294\n|switch|p1a: Toma safada|Urshifu-Rapid-Strike, M|100\/100\n|-damage|p1a: Toma safada|94\/100|[from] Stealth Rock\n|turn|8\n|\n|t:|1700329299\n|move|p1a: Toma safada|Close Combat|p2a: Scizor\n|-damage|p2a: Scizor|4\/100\n|-unboost|p1a: Toma safada|def|1\n|-unboost|p1a: Toma safada|spd|1\n|move|p2a: Scizor|U-turn|p1a: Toma safada\n|-resisted|p1a: Toma safada\n|-damage|p1a: Toma safada|43\/100\n|c|\u2606akyraaiko|caralho\n|\n|t:|1700329304\n|switch|p2a: Iron Valiant|Iron Valiant|100\/100|[from] U-turn\n|\n|upkeep\n|turn|9\n|c|\u2606akyraaiko|ele tanka\n|\n|t:|1700329315\n|move|p2a: Iron Valiant|Moonblast|p1a: Toma safada\n|-supereffective|p1a: Toma safada\n|-damage|p1a: Toma safada|0 fnt\n|faint|p1a: Toma safada\n|\n|upkeep\n|\n|t:|1700329318\n|switch|p1a: Garras|Sneasler, M, shiny|100\/100\n|-damage|p1a: Garras|95\/100|[from] Stealth Rock\n|turn|10\n|\n|t:|1700329336\n|-end|p2a: Iron Valiant|Quark Drive|[silent]\n|switch|p2a: Ting-Lu|Ting-Lu|72\/100\n|-ability|p2a: Ting-Lu|Vessel of Ruin\n|move|p1a: Garras|Dire Claw|p2a: Ting-Lu\n|-resisted|p2a: Ting-Lu\n|-damage|p2a: Ting-Lu|55\/100\n|-status|p2a: Ting-Lu|psn\n|-damage|p1a: Garras|85\/100|[from] item: Life Orb\n|\n|-heal|p2a: Ting-Lu|61\/100 psn|[from] item: Leftovers\n|-damage|p2a: Ting-Lu|49\/100 psn|[from] psn\n|upkeep\n|turn|11\n|\n|t:|1700329349\n|move|p1a: Garras|X-Scissor|p2a: Ting-Lu\n|-supereffective|p2a: Ting-Lu\n|-damage|p2a: Ting-Lu|3\/100 psn\n|-damage|p1a: Garras|75\/100|[from] item: Life Orb\n|move|p2a: Ting-Lu|Earthquake|p1a: Garras\n|-supereffective|p1a: Garras\n|-damage|p1a: Garras|0 fnt\n|faint|p1a: Garras\n|\n|-heal|p2a: Ting-Lu|9\/100 psn|[from] item: Leftovers\n|-damage|p2a: Ting-Lu|0 fnt|[from] psn\n|faint|p2a: Ting-Lu\n|upkeep\n|c|\u2606akyraaiko|vai se fuder\n|\n|t:|1700329372\n|switch|p1a: cruzeiro|Lycanroc-Dusk, F, shiny|100\/100\n|switch|p2a: Zamazenta|Zamazenta|100\/100\n|-ability|p2a: Zamazenta|Dauntless Shield|boost\n|-boost|p2a: Zamazenta|def|1\n|-damage|p1a: cruzeiro|88\/100|[from] Stealth Rock\n|turn|12\n|\n|t:|1700329386\n|-terastallize|p1a: cruzeiro|Flying\n|move|p2a: Zamazenta|Close Combat|p1a: cruzeiro\n|-resisted|p1a: cruzeiro\n|-damage|p1a: cruzeiro|15\/100\n|-unboost|p2a: Zamazenta|def|1\n|-unboost|p2a: Zamazenta|spd|1\n|move|p1a: cruzeiro|Close Combat|p2a: Zamazenta\n|-damage|p2a: Zamazenta|28\/100\n|-unboost|p1a: cruzeiro|def|1\n|-unboost|p1a: cruzeiro|spd|1\n|-damage|p1a: cruzeiro|5\/100|[from] item: Life Orb\n|\n|upkeep\n|turn|13\n|\n|t:|1700329391\n|move|p2a: Zamazenta|Close Combat|p1a: cruzeiro\n|-resisted|p1a: cruzeiro\n|-damage|p1a: cruzeiro|0 fnt\n|-unboost|p2a: Zamazenta|def|1\n|-unboost|p2a: Zamazenta|spd|1\n|faint|p1a: cruzeiro\n|\n|upkeep\n|\n|t:|1700329394\n|switch|p1a: OKOSAAAA|Rillaboom, F|100\/100\n|-damage|p1a: OKOSAAAA|88\/100|[from] Stealth Rock\n|-fieldstart|move: Grassy Terrain|[from] ability: Grassy Surge|[of] p1a: OKOSAAAA\n|turn|14\n|c|\u2606Ekkogandr|adiantou nd\n|\n|t:|1700329406\n|move|p1a: OKOSAAAA|Grassy Glide|p2a: Zamazenta\n|-damage|p2a: Zamazenta|0 fnt\n|faint|p2a: Zamazenta\n|\n|-heal|p1a: OKOSAAAA|94\/100|[from] Grassy Terrain\n|upkeep\n|c|\u2606Ekkogandr|ou n\n|\n|t:|1700329431\n|switch|p2a: Iron Valiant|Iron Valiant|100\/100\n|turn|15\n|\n|t:|1700329441\n|-terastallize|p2a: Iron Valiant|Fairy\n|move|p2a: Iron Valiant|Moonblast|p1a: OKOSAAAA\n|-damage|p1a: OKOSAAAA|24\/100\n|move|p1a: OKOSAAAA|Drum Beating|p2a: Iron Valiant\n|-damage|p2a: Iron Valiant|33\/100\n|-unboost|p2a: Iron Valiant|spe|1\n|\n|-heal|p2a: Iron Valiant|39\/100|[from] Grassy Terrain\n|-heal|p1a: OKOSAAAA|30\/100|[from] Grassy Terrain\n|upkeep\n|turn|16\n|\n|t:|1700329445\n|move|p1a: OKOSAAAA|Grassy Glide|p2a: Iron Valiant\n|-damage|p2a: Iron Valiant|0 fnt\n|faint|p2a: Iron Valiant\n|-end|p2a: Iron Valiant|Quark Drive|[silent]\n|\n|-heal|p1a: OKOSAAAA|36\/100|[from] Grassy Terrain\n|upkeep\n|\n|t:|1700329448\n|switch|p2a: Scizor|Scizor-Mega, F|4\/100\n|turn|17\n|c|\u2606akyraaiko|gg\n|c|\u2606Ekkogandr|mamei\n|c|\u2606akyraaiko|mamou nd\n|c|\u2606akyraaiko|heatram mata\n|c|\u2606Ekkogandr|claro\n|\n|t:|1700329483\n|move|p1a: OKOSAAAA|Grassy Glide|p2a: Scizor\n|-resisted|p2a: Scizor\n|-damage|p2a: Scizor|0 fnt\n|faint|p2a: Scizor\n|\n|-heal|p1a: OKOSAAAA|43\/100|[from] Grassy Terrain\n|upkeep\n|\n|t:|1700329487\n|switch|p2a: Heatran|Heatran, M|52\/100\n|turn|18\n|\n|t:|1700329497\n|move|p1a: OKOSAAAA|Earthquake|p2a: Heatran\n|-supereffective|p2a: Heatran\n|-damage|p2a: Heatran|0 fnt\n|faint|p2a: Heatran\n|\n|-heal|p1a: OKOSAAAA|49\/100|[from] Grassy Terrain\n|-fieldend|move: Grassy Terrain\n|upkeep\n|\n|t:|1700329500\n|switch|p2a: Rotom|Rotom-Wash|100\/100\n|turn|19\n|c|\u2606Ekkogandr|falei\n|c|\u2606akyraaiko|o earthquake tava dando metade ainda\n|\n|t:|1700329509\n|move|p2a: Rotom|Will-O-Wisp|p1a: OKOSAAAA\n|-status|p1a: OKOSAAAA|brn\n|move|p1a: OKOSAAAA|Drum Beating|p2a: Rotom\n|-supereffective|p2a: Rotom\n|-damage|p2a: Rotom|68\/100\n|-unboost|p2a: Rotom|spe|1\n|\n|-heal|p2a: Rotom|74\/100|[from] item: Leftovers\n|-damage|p1a: OKOSAAAA|43\/100 brn|[from] brn\n|upkeep\n|turn|20\n|\n|t:|1700329514\n|move|p1a: OKOSAAAA|Drum Beating|p2a: Rotom\n|-supereffective|p2a: Rotom\n|-damage|p2a: Rotom|41\/100\n|-unboost|p2a: Rotom|spe|1\n|move|p2a: Rotom|Hydro Pump|p1a: OKOSAAAA\n|-resisted|p1a: OKOSAAAA\n|-damage|p1a: OKOSAAAA|21\/100 brn\n|\n|-heal|p2a: Rotom|47\/100|[from] item: Leftovers\n|-damage|p1a: OKOSAAAA|14\/100 brn|[from] brn\n|upkeep\n|turn|21\n|c|\u2606akyraaiko|gg\n|\n|t:|1700329519\n|move|p1a: OKOSAAAA|Drum Beating|p2a: Rotom\n|-supereffective|p2a: Rotom\n|-crit|p2a: Rotom\n|-damage|p2a: Rotom|2\/100\n|-unboost|p2a: Rotom|spe|1\n|move|p2a: Rotom|Hydro Pump|p1a: OKOSAAAA|[miss]\n|-miss|p2a: Rotom|p1a: OKOSAAAA\n|\n|-heal|p2a: Rotom|9\/100|[from] item: Leftovers\n|-damage|p1a: OKOSAAAA|8\/100 brn|[from] brn\n|upkeep\n|turn|22\n|c|\u2606akyraaiko|IH\n|c|\u2606akyraaiko|AKAKKAKAKAKA\n|c|\u2606Ekkogandr|mas ai \u00e9 foda msm\n|c|\u2606Ekkogandr|vc \u00e9 um cag\u00e3o\n|c|\u2606akyraaiko|KKKKKKKKKKKKKKKKKKKKKKKKKKKKKKKK\n|c|\u2606akyraaiko|NF\n|c|\u2606Ekkogandr|deu a bunda pra smogon\n|\n|t:|1700329555\n|move|p1a: OKOSAAAA|Drum Beating|p2a: Rotom\n|-supereffective|p2a: Rotom\n|-damage|p2a: Rotom|0 fnt\n|faint|p2a: Rotom\n|\n|win|akyraaiko\n|l|\u2606Ekkogandr\n|c|\u2606akyraaiko|GG AKL\u00c7DJASKLJDKLSAJLKDSAJK\n","uploadtime":1700329565,"views":7,"p1id":"akyraaiko","p2id":"ekkogandr","formatid":"gen9nationaldex","rating":0,"private":0,"password":""}