{"id":"gen9nationaldex-1992178895","p1":"Flamer blaze","p2":"Siddharth42c","format":"[Gen 9] National Dex","log":"|j|\u2606Flamer blaze\n|j|\u2606Siddharth42c\n|inactive|Battle timer is ON: inactive players will automatically lose when time's up.\n|t:|1700161539\n|gametype|singles\n|player|p1|Flamer blaze|steven-masters2|\n|player|p2|Siddharth42c|red-gen1main|\n|teamsize|p1|6\n|teamsize|p2|6\n|gen|9\n|tier|[Gen 9] National Dex\n|rated|Tournament battle\n|rule|HP Percentage Mod: HP is shown in percentages\n|rule|Endless Battle Clause: Forcing endless battles is banned\n|rule|OHKO Clause: OHKO moves are banned\n|rule|Evasion Clause: Evasion abilities, items, and moves are banned\n|rule|Evasion Abilities Clause: Evasion abilities are banned\n|rule|Evasion Items Clause: Evasion items are banned\n|rule|Evasion Moves Clause: Evasion moves are banned\n|rule|Species Clause: Limit one of each Pok\u00e9mon\n|rule|Sleep Clause Mod: Limit one foe put to sleep\n|clearpoke\n|poke|p1|Gliscor, M|\n|poke|p1|Rotom-Wash|\n|poke|p1|Beedrill, M|\n|poke|p1|Blacephalon|\n|poke|p1|Great Tusk|\n|poke|p1|Greninja-*, M|\n|poke|p2|Slowbro, M|\n|poke|p2|Moltres|\n|poke|p2|Ursaluna, M|\n|poke|p2|Garchomp, M|\n|poke|p2|Ferrothorn, F|\n|poke|p2|Greninja-*, M|\n|teampreview\n|inactive|Siddharth42c also wants the timer to be on.\n|\n|t:|1700161558\n|start\n|switch|p1a: Rotom|Rotom-Wash, shiny|100\/100\n|switch|p2a: Garchomp|Garchomp, M|100\/100\n|turn|1\n|\n|t:|1700161565\n|detailschange|p2a: Garchomp|Garchomp-Mega, M\n|-mega|p2a: Garchomp|Garchomp|Garchompite\n|move|p1a: Rotom|Will-O-Wisp|p2a: Garchomp\n|-status|p2a: Garchomp|brn\n|move|p2a: Garchomp|Stealth Rock|p1a: Rotom\n|-sidestart|p1: Flamer blaze|move: Stealth Rock\n|\n|-damage|p2a: Garchomp|94\/100 brn|[from] brn\n|upkeep\n|turn|2\n|\n|t:|1700161580\n|switch|p1a: Great Tusk|Great Tusk|100\/100\n|-damage|p1a: Great Tusk|98\/100|[from] Stealth Rock\n|move|p2a: Garchomp|Draco Meteor|p1a: Great Tusk\n|-damage|p1a: Great Tusk|24\/100\n|-unboost|p2a: Garchomp|spa|2\n|\n|-damage|p2a: Garchomp|88\/100 brn|[from] brn\n|upkeep\n|turn|3\n|\n|t:|1700161586\n|switch|p2a: Ferrothorn|Ferrothorn, F|100\/100\n|move|p1a: Great Tusk|Rapid Spin|p2a: Ferrothorn\n|-resisted|p2a: Ferrothorn\n|-damage|p2a: Ferrothorn|94\/100\n|-boost|p1a: Great Tusk|spe|1\n|-damage|p1a: Great Tusk|12\/100|[from] ability: Iron Barbs|[of] p2a: Ferrothorn\n|-damage|p1a: Great Tusk|0 fnt|[from] item: Rocky Helmet|[of] p2a: Ferrothorn\n|faint|p1a: Great Tusk\n|-end|p1a: Great Tusk|Protosynthesis|[silent]\n|\n|upkeep\n|\n|t:|1700161590\n|switch|p1a: Blacephalon|Blacephalon, shiny|100\/100\n|-damage|p1a: Blacephalon|76\/100|[from] Stealth Rock\n|turn|4\n|\n|t:|1700161595\n|switch|p2a: Moltres|Moltres|100\/100\n|-ability|p2a: Moltres|Pressure\n|move|p1a: Blacephalon|Substitute|p1a: Blacephalon\n|-start|p1a: Blacephalon|Substitute\n|-damage|p1a: Blacephalon|51\/100\n|\n|upkeep\n|turn|5\n|\n|t:|1700161606\n|move|p1a: Blacephalon|Shadow Ball|p2a: Moltres\n|-damage|p2a: Moltres|65\/100\n|-unboost|p2a: Moltres|spd|1\n|move|p2a: Moltres|Hurricane|p1a: Blacephalon\n|-end|p1a: Blacephalon|Substitute\n|\n|upkeep\n|turn|6\n|\n|t:|1700161615\n|switch|p2a: Ferrothorn|Ferrothorn, F|94\/100\n|-zpower|p1a: Blacephalon\n|move|p1a: Blacephalon|Shattered Psyche|p2a: Ferrothorn|[zeffect]\n|-resisted|p2a: Ferrothorn\n|-damage|p2a: Ferrothorn|69\/100\n|\n|upkeep\n|turn|7\n|\n|t:|1700161619\n|move|p1a: Blacephalon|Fire Blast|p2a: Ferrothorn|[miss]\n|-miss|p1a: Blacephalon|p2a: Ferrothorn\n|move|p2a: Ferrothorn|Leech Seed|p1a: Blacephalon\n|-start|p1a: Blacephalon|move: Leech Seed\n|\n|-damage|p1a: Blacephalon|39\/100|[from] Leech Seed|[of] p2a: Ferrothorn\n|-heal|p2a: Ferrothorn|78\/100|[silent]\n|upkeep\n|turn|8\n|\n|t:|1700161623\n|switch|p2a: Moltres|Moltres|65\/100\n|-ability|p2a: Moltres|Pressure\n|move|p1a: Blacephalon|Fire Blast|p2a: Moltres|[miss]\n|-miss|p1a: Blacephalon|p2a: Moltres\n|\n|-damage|p1a: Blacephalon|27\/100|[from] Leech Seed|[of] p2a: Moltres\n|-heal|p2a: Moltres|73\/100|[silent]\n|upkeep\n|turn|9\n|\n|t:|1700161630\n|move|p1a: Blacephalon|Shadow Ball|p2a: Moltres\n|-damage|p2a: Moltres|37\/100\n|-unboost|p2a: Moltres|spd|1\n|move|p2a: Moltres|Hurricane|p1a: Blacephalon|[miss]\n|-miss|p2a: Moltres|p1a: Blacephalon\n|\n|-damage|p1a: Blacephalon|15\/100|[from] Leech Seed|[of] p2a: Moltres\n|-heal|p2a: Moltres|45\/100|[silent]\n|upkeep\n|turn|10\n|\n|t:|1700161638\n|switch|p2a: Ferrothorn|Ferrothorn, F|78\/100\n|move|p1a: Blacephalon|Fire Blast|p2a: Ferrothorn\n|-supereffective|p2a: Ferrothorn\n|-damage|p2a: Ferrothorn|0 fnt\n|faint|p2a: Ferrothorn\n|-ability|p1a: Blacephalon|Beast Boost|boost\n|-boost|p1a: Blacephalon|spa|1\n|\n|upkeep\n|\n|t:|1700161645\n|switch|p2a: Moltres|Moltres|45\/100\n|-ability|p2a: Moltres|Pressure\n|turn|11\n|\n|t:|1700161647\n|move|p1a: Blacephalon|Shadow Ball|p2a: Moltres\n|-damage|p2a: Moltres|0 fnt\n|faint|p2a: Moltres\n|-ability|p1a: Blacephalon|Beast Boost|boost\n|-boost|p1a: Blacephalon|spa|1\n|\n|upkeep\n|\n|t:|1700161652\n|switch|p2a: Greninja|Greninja, M|100\/100\n|turn|12\n|\n|t:|1700161658\n|move|p2a: Greninja|Waterfall|p1a: Blacephalon\n|-start|p2a: Greninja|typechange|Water|[from] ability: Protean\n|-supereffective|p1a: Blacephalon\n|-damage|p1a: Blacephalon|0 fnt\n|faint|p1a: Blacephalon\n|\n|upkeep\n|\n|t:|1700161662\n|switch|p1a: Rotom|Rotom-Wash, shiny|100\/100\n|-damage|p1a: Rotom|88\/100|[from] Stealth Rock\n|turn|13\n|\n|t:|1700161671\n|switch|p2a: Garchomp|Garchomp-Mega, M|88\/100 brn\n|move|p1a: Rotom|Volt Switch|p2a: Garchomp\n|-immune|p2a: Garchomp\n|\n|-heal|p1a: Rotom|94\/100|[from] item: Leftovers\n|-damage|p2a: Garchomp|82\/100 brn|[from] brn\n|upkeep\n|turn|14\n|\n|t:|1700161681\n|move|p1a: Rotom|Hydro Pump|p2a: Garchomp\n|-damage|p2a: Garchomp|41\/100 brn\n|move|p2a: Garchomp|Draco Meteor|p1a: Rotom\n|-damage|p1a: Rotom|44\/100\n|-unboost|p2a: Garchomp|spa|2\n|\n|-heal|p1a: Rotom|50\/100|[from] item: Leftovers\n|-damage|p2a: Garchomp|34\/100 brn|[from] brn\n|upkeep\n|turn|15\n|\n|t:|1700161690\n|switch|p2a: Slowbro|Slowbro, M|100\/100\n|move|p1a: Rotom|Volt Switch|p2a: Slowbro\n|-supereffective|p2a: Slowbro\n|-damage|p2a: Slowbro|44\/100\n|\n|t:|1700161695\n|switch|p1a: Greninja|Greninja, M, shiny|100\/100|[from] Volt Switch\n|-damage|p1a: Greninja|88\/100|[from] Stealth Rock\n|\n|upkeep\n|turn|16\n|\n|t:|1700161699\n|switch|p2a: Garchomp|Garchomp-Mega, M|34\/100 brn\n|move|p1a: Greninja|U-turn|p2a: Garchomp\n|-start|p1a: Greninja|typechange|Bug|[from] ability: Protean\n|-damage|p2a: Garchomp|18\/100 brn\n|\n|t:|1700161703\n|switch|p1a: Beedrill|Beedrill, M, shiny|100\/100|[from] U-turn\n|-damage|p1a: Beedrill|76\/100|[from] Stealth Rock\n|\n|-damage|p2a: Garchomp|12\/100 brn|[from] brn\n|upkeep\n|turn|17\n|\n|t:|1700161706\n|detailschange|p1a: Beedrill|Beedrill-Mega, M, shiny\n|-mega|p1a: Beedrill|Beedrill|Beedrillite\n|move|p1a: Beedrill|U-turn|p2a: Garchomp\n|-damage|p2a: Garchomp|0 fnt\n|faint|p2a: Garchomp\n|\n|t:|1700161710\n|switch|p1a: Rotom|Rotom-Wash, shiny|50\/100|[from] U-turn\n|-damage|p1a: Rotom|38\/100|[from] Stealth Rock\n|\n|-heal|p1a: Rotom|44\/100|[from] item: Leftovers\n|upkeep\n|\n|t:|1700161729\n|switch|p2a: Slowbro|Slowbro, M|77\/100\n|turn|18\n|\n|t:|1700161734\n|move|p1a: Rotom|Volt Switch|p2a: Slowbro\n|-supereffective|p2a: Slowbro\n|-damage|p2a: Slowbro|24\/100\n|inactive|Flamer blaze has 120 seconds left.\n|\n|t:|1700161772\n|switch|p1a: Greninja|Greninja, M, shiny|88\/100|[from] Volt Switch\n|-damage|p1a: Greninja|76\/100|[from] Stealth Rock\n|move|p2a: Slowbro|Trick Room|p2a: Slowbro\n|-fieldstart|move: Trick Room|[of] p2a: Slowbro\n|\n|upkeep\n|turn|19\n|\n|t:|1700161788\n|move|p2a: Slowbro|Future Sight|p1a: Greninja\n|-start|p2a: Slowbro|move: Future Sight\n|move|p1a: Greninja|U-turn|p2a: Slowbro\n|-start|p1a: Greninja|typechange|Bug|[from] ability: Protean\n|-supereffective|p2a: Slowbro\n|-damage|p2a: Slowbro|0 fnt\n|-damage|p1a: Greninja|59\/100|[from] item: Rocky Helmet|[of] p2a: Slowbro\n|faint|p2a: Slowbro\n|inactive|Flamer blaze has 120 seconds left.\n|\n|t:|1700161802\n|switch|p1a: Rotom|Rotom-Wash, shiny|44\/100|[from] U-turn\n|-damage|p1a: Rotom|31\/100|[from] Stealth Rock\n|\n|-heal|p1a: Rotom|38\/100|[from] item: Leftovers\n|upkeep\n|\n|t:|1700161805\n|switch|p2a: Ursaluna|Ursaluna, M|100\/100\n|turn|20\n|\n|t:|1700161810\n|-terastallize|p2a: Ursaluna|Normal\n|move|p1a: Rotom|Protect|p1a: Rotom\n|-singleturn|p1a: Rotom|Protect\n|move|p2a: Ursaluna|Facade|p1a: Rotom\n|-activate|p1a: Rotom|move: Protect\n|\n|-heal|p1a: Rotom|44\/100|[from] item: Leftovers\n|-status|p2a: Ursaluna|brn|[from] item: Flame Orb\n|upkeep\n|turn|21\n|\n|t:|1700161815\n|move|p2a: Ursaluna|Facade|p1a: Rotom\n|-damage|p1a: Rotom|0 fnt\n|faint|p1a: Rotom\n|\n|-hint|Future Sight did not hit because the target is fainted.\n|-damage|p2a: Ursaluna|94\/100 brn|[from] brn\n|upkeep\n|\n|t:|1700161817\n|switch|p1a: Gliscor|Gliscor, M, shiny|100\/100\n|-damage|p1a: Gliscor|88\/100|[from] Stealth Rock\n|turn|22\n|\n|t:|1700161820\n|move|p1a: Gliscor|Protect|p1a: Gliscor\n|-singleturn|p1a: Gliscor|Protect\n|move|p2a: Ursaluna|Facade|p1a: Gliscor\n|-activate|p1a: Gliscor|move: Protect\n|\n|-damage|p2a: Ursaluna|88\/100 brn|[from] brn\n|-fieldend|move: Trick Room\n|-status|p1a: Gliscor|tox|[from] item: Toxic Orb\n|upkeep\n|turn|23\n|inactive|Flamer blaze has 120 seconds left.\n|inactive|Flamer blaze has 90 seconds left.\n|inactive|Flamer blaze has 60 seconds left.\n|\n|t:|1700161917\n|move|p1a: Gliscor|Defog|p2a: Ursaluna\n|-unboost|p2a: Ursaluna|evasion|1\n|-sideend|p1: Flamer blaze|Stealth Rock|[from] move: Defog|[of] p1a: Gliscor\n|move|p2a: Ursaluna|Facade|p1a: Gliscor\n|-damage|p1a: Gliscor|0 fnt\n|faint|p1a: Gliscor\n|\n|-damage|p2a: Ursaluna|82\/100 brn|[from] brn\n|upkeep\n|\n|t:|1700161923\n|switch|p1a: Beedrill|Beedrill-Mega, M, shiny|76\/100\n|turn|24\n|\n|t:|1700161927\n|move|p1a: Beedrill|U-turn|p2a: Ursaluna\n|-damage|p2a: Ursaluna|47\/100 brn\n|\n|t:|1700161929\n|switch|p1a: Greninja|Greninja, M, shiny|59\/100|[from] U-turn\n|move|p2a: Ursaluna|Fire Punch|p1a: Greninja\n|-resisted|p1a: Greninja\n|-damage|p1a: Greninja|22\/100\n|\n|-damage|p2a: Ursaluna|40\/100 brn|[from] brn\n|upkeep\n|turn|25\n|\n|t:|1700161934\n|move|p1a: Greninja|Hydro Pump|p2a: Ursaluna\n|-start|p1a: Greninja|typechange|Water|[from] ability: Protean\n|-damage|p2a: Ursaluna|0 fnt\n|faint|p2a: Ursaluna\n|\n|upkeep\n|\n|t:|1700161947\n|switch|p2a: Greninja|Greninja, M|100\/100\n|turn|26\n|inactive|Flamer blaze has 90 seconds left.\n|\n|t:|1700161960\n|move|p2a: Greninja|Rock Slide|p1a: Greninja\n|-start|p2a: Greninja|typechange|Rock|[from] ability: Protean\n|-damage|p1a: Greninja|0 fnt\n|faint|p1a: Greninja\n|\n|upkeep\n|\n|t:|1700161964\n|switch|p1a: Beedrill|Beedrill-Mega, M, shiny|76\/100\n|turn|27\n|\n|t:|1700161967\n|move|p2a: Greninja|Rock Slide|p1a: Beedrill\n|-supereffective|p1a: Beedrill\n|-damage|p1a: Beedrill|0 fnt\n|faint|p1a: Beedrill\n|\n|win|Siddharth42c\n|n|\u2606Flamer blaze|flamerblaze\n|n|\u2606Siddharth42c|siddharth42c\n|l|\u2606Flamer blaze\n","uploadtime":1700161974,"views":4,"p1id":"flamerblaze","p2id":"siddharth42c","formatid":"gen9nationaldex","rating":0,"private":0,"password":""}