{"id":"gen9nationaldex-1992753724","p1":"The_Matouflamme","p2":"cjbd","format":"[Gen 9] National Dex","log":"|j|\u2606The_Matouflamme\n|j|\u2606cjbd\n|t:|1700232363\n|gametype|singles\n|player|p1|The_Matouflamme|richboy|1132\n|player|p2|cjbd|lusamine-nihilego|1202\n|teamsize|p1|6\n|teamsize|p2|6\n|gen|9\n|tier|[Gen 9] National Dex\n|rated|\n|rule|HP Percentage Mod: HP is shown in percentages\n|rule|Endless Battle Clause: Forcing endless battles is banned\n|rule|OHKO Clause: OHKO moves are banned\n|rule|Evasion Clause: Evasion abilities, items, and moves are banned\n|rule|Evasion Abilities Clause: Evasion abilities are banned\n|rule|Evasion Items Clause: Evasion items are banned\n|rule|Evasion Moves Clause: Evasion moves are banned\n|rule|Species Clause: Limit one of each Pok\u00e9mon\n|rule|Sleep Clause Mod: Limit one foe put to sleep\n|clearpoke\n|poke|p1|Gliscor, M|\n|poke|p1|Slither Wing|\n|poke|p1|Great Tusk|\n|poke|p1|Heatran, M|\n|poke|p1|Volcarona, M|\n|poke|p1|Charizard, F|\n|poke|p2|Charizard, M|\n|poke|p2|Great Tusk|\n|poke|p2|Garchomp, F|\n|poke|p2|Rillaboom, M|\n|poke|p2|Gliscor, F|\n|poke|p2|Ninetales-Alola, M|\n|teampreview\n|inactive|Battle timer is ON: inactive players will automatically lose when time's up. (requested by The_Matouflamme)\n|inactive|cjbd also wants the timer to be on.\n|\n|t:|1700232376\n|start\n|switch|p1a: Great Tusk|Great Tusk|100\/100\n|switch|p2a: Ninetales|Ninetales-Alola, M|100\/100\n|-weather|Snow|[from] ability: Snow Warning|[of] p2a: Ninetales\n|turn|1\n|\n|t:|1700232385\n|move|p1a: Great Tusk|Stealth Rock|p2a: Ninetales\n|-sidestart|p2: cjbd|move: Stealth Rock\n|move|p2a: Ninetales|Aurora Veil|p2a: Ninetales\n|-sidestart|p2: cjbd|move: Aurora Veil\n|\n|-weather|Snow|[upkeep]\n|upkeep\n|turn|2\n|\n|t:|1700232393\n|-end|p1a: Great Tusk|Protosynthesis|[silent]\n|switch|p1a: Charizard|Charizard, F|100\/100\n|move|p2a: Ninetales|Encore||[still]\n|-fail|p2a: Ninetales\n|\n|-weather|Snow|[upkeep]\n|upkeep\n|turn|3\n|\n|t:|1700232400\n|switch|p2a: Gliscor|Gliscor, F, shiny|100\/100\n|-damage|p2a: Gliscor|88\/100|[from] Stealth Rock\n|detailschange|p1a: Charizard|Charizard-Mega-Y, F\n|-mega|p1a: Charizard|Charizard|Charizardite Y\n|-weather|SunnyDay|[from] ability: Drought|[of] p1a: Charizard\n|move|p1a: Charizard|Flamethrower|p2a: Gliscor\n|-damage|p2a: Gliscor|41\/100\n|\n|-weather|SunnyDay|[upkeep]\n|-status|p2a: Gliscor|tox|[from] item: Toxic Orb\n|upkeep\n|turn|4\n|\n|t:|1700232411\n|move|p2a: Gliscor|Protect|p2a: Gliscor\n|-singleturn|p2a: Gliscor|Protect\n|move|p1a: Charizard|Flamethrower|p2a: Gliscor\n|-activate|p2a: Gliscor|move: Protect\n|\n|-weather|SunnyDay|[upkeep]\n|-heal|p2a: Gliscor|54\/100 tox|[from] ability: Poison Heal\n|upkeep\n|turn|5\n|l|\u2606cjbd\n|inactive|cjbd disconnected and has a minute to reconnect!\n|player|p2|\n|j|\u2606cjbd\n|inactive|cjbd reconnected and has 140 seconds left.\n|player|p2|cjbd|lusamine-nihilego\n|\n|t:|1700232431\n|move|p1a: Charizard|Flamethrower|p2a: Gliscor\n|-damage|p2a: Gliscor|6\/100 tox\n|move|p2a: Gliscor|Defog|p1a: Charizard\n|-unboost|p1a: Charizard|evasion|1\n|-sideend|p2: cjbd|Stealth Rock|[from] move: Defog|[of] p2a: Gliscor\n|\n|-weather|SunnyDay|[upkeep]\n|-heal|p2a: Gliscor|19\/100 tox|[from] ability: Poison Heal\n|upkeep\n|turn|6\n|\n|t:|1700232442\n|switch|p2a: Ninetales|Ninetales-Alola, M|100\/100\n|-weather|Snow|[from] ability: Snow Warning|[of] p2a: Ninetales\n|move|p1a: Charizard|Flamethrower|p2a: Ninetales\n|-supereffective|p2a: Ninetales\n|-damage|p2a: Ninetales|51\/100\n|\n|-weather|Snow|[upkeep]\n|upkeep\n|turn|7\n|\n|t:|1700232452\n|move|p1a: Charizard|Flamethrower|p2a: Ninetales\n|-supereffective|p2a: Ninetales\n|-damage|p2a: Ninetales|0 fnt\n|faint|p2a: Ninetales\n|\n|-weather|Snow|[upkeep]\n|upkeep\n|\n|t:|1700232455\n|switch|p2a: Gliscor|Gliscor, F, shiny|19\/100 tox\n|turn|8\n|\n|t:|1700232461\n|move|p2a: Gliscor|Protect|p2a: Gliscor\n|-singleturn|p2a: Gliscor|Protect\n|move|p1a: Charizard|Flamethrower|p2a: Gliscor\n|-activate|p2a: Gliscor|move: Protect\n|\n|-weather|Snow|[upkeep]\n|-heal|p2a: Gliscor|31\/100 tox|[from] ability: Poison Heal\n|-sideend|p2: cjbd|move: Aurora Veil\n|upkeep\n|turn|9\n|\n|t:|1700232474\n|switch|p2a: \u5c04\u6b7b\u4f60|Garchomp, F|100\/100\n|move|p1a: Charizard|Flamethrower|p2a: \u5c04\u6b7b\u4f60\n|-resisted|p2a: \u5c04\u6b7b\u4f60\n|-damage|p2a: \u5c04\u6b7b\u4f60|70\/100\n|\n|-weather|Snow|[upkeep]\n|upkeep\n|turn|10\n|\n|t:|1700232488\n|switch|p1a: Gliscor|Gliscor, M|100\/100\n|move|p2a: \u5c04\u6b7b\u4f60|Swords Dance|p2a: \u5c04\u6b7b\u4f60\n|-boost|p2a: \u5c04\u6b7b\u4f60|atk|2\n|\n|-weather|none\n|-status|p1a: Gliscor|tox|[from] item: Toxic Orb\n|upkeep\n|turn|11\n|\n|t:|1700232501\n|switch|p2a: Gliscor|Gliscor, F, shiny|31\/100 tox\n|move|p1a: Gliscor|Tailwind|p1a: Gliscor\n|-sidestart|p1: The_Matouflamme|move: Tailwind\n|\n|-heal|p2a: Gliscor|43\/100 tox|[from] ability: Poison Heal\n|upkeep\n|turn|12\n|\n|t:|1700232510\n|move|p1a: Gliscor|U-turn|p2a: Gliscor\n|-resisted|p2a: Gliscor\n|-damage|p2a: Gliscor|36\/100 tox\n|\n|t:|1700232514\n|switch|p1a: Charizard|Charizard-Mega-Y, F|100\/100|[from] U-turn\n|-weather|SunnyDay|[from] ability: Drought|[of] p1a: Charizard\n|move|p2a: Gliscor|Defog|p1a: Charizard\n|-unboost|p1a: Charizard|evasion|1\n|\n|-weather|SunnyDay|[upkeep]\n|-heal|p2a: Gliscor|49\/100 tox|[from] ability: Poison Heal\n|upkeep\n|turn|13\n|\n|t:|1700232525\n|move|p2a: Gliscor|Protect|p2a: Gliscor\n|-singleturn|p2a: Gliscor|Protect\n|move|p1a: Charizard|Flamethrower|p2a: Gliscor\n|-activate|p2a: Gliscor|move: Protect\n|\n|-weather|SunnyDay|[upkeep]\n|-heal|p2a: Gliscor|61\/100 tox|[from] ability: Poison Heal\n|upkeep\n|turn|14\n|\n|t:|1700232539\n|switch|p2a: \u5c04\u6b7b\u4f60|Garchomp, F|70\/100\n|move|p1a: Charizard|Flamethrower|p2a: \u5c04\u6b7b\u4f60\n|-resisted|p2a: \u5c04\u6b7b\u4f60\n|-damage|p2a: \u5c04\u6b7b\u4f60|22\/100\n|\n|-weather|SunnyDay|[upkeep]\n|-sideend|p1: The_Matouflamme|move: Tailwind\n|upkeep\n|turn|15\n|\n|t:|1700232545\n|move|p1a: Charizard|Flamethrower|p2a: \u5c04\u6b7b\u4f60\n|-resisted|p2a: \u5c04\u6b7b\u4f60\n|-damage|p2a: \u5c04\u6b7b\u4f60|0 fnt\n|faint|p2a: \u5c04\u6b7b\u4f60\n|\n|-weather|SunnyDay|[upkeep]\n|upkeep\n|\n|t:|1700232549\n|switch|p2a: Gliscor|Gliscor, F, shiny|61\/100 tox\n|turn|16\n|\n|t:|1700232553\n|move|p2a: Gliscor|Protect|p2a: Gliscor\n|-singleturn|p2a: Gliscor|Protect\n|move|p1a: Charizard|Flamethrower|p2a: Gliscor\n|-activate|p2a: Gliscor|move: Protect\n|\n|-weather|none\n|-heal|p2a: Gliscor|73\/100 tox|[from] ability: Poison Heal\n|upkeep\n|turn|17\n|\n|t:|1700232563\n|switch|p1a: Volcarona|Volcarona, M|100\/100\n|move|p2a: Gliscor|Stone Edge|p1a: Volcarona\n|-supereffective|p1a: Volcarona\n|-damage|p1a: Volcarona|0 fnt\n|faint|p1a: Volcarona\n|\n|-heal|p2a: Gliscor|86\/100 tox|[from] ability: Poison Heal\n|upkeep\n|\n|t:|1700232570\n|switch|p1a: Charizard|Charizard-Mega-Y, F|100\/100\n|-weather|SunnyDay|[from] ability: Drought|[of] p1a: Charizard\n|turn|18\n|\n|t:|1700232580\n|move|p2a: Gliscor|Protect|p2a: Gliscor\n|-singleturn|p2a: Gliscor|Protect\n|move|p1a: Charizard|Solar Beam||[still]\n|-prepare|p1a: Charizard|Solar Beam\n|-anim|p1a: Charizard|Solar Beam|p2a: Gliscor\n|-activate|p2a: Gliscor|move: Protect\n|\n|-weather|SunnyDay|[upkeep]\n|-heal|p2a: Gliscor|98\/100 tox|[from] ability: Poison Heal\n|upkeep\n|turn|19\n|\n|t:|1700232590\n|move|p1a: Charizard|Solar Beam||[still]\n|-prepare|p1a: Charizard|Solar Beam\n|-anim|p1a: Charizard|Solar Beam|p2a: Gliscor\n|-damage|p2a: Gliscor|40\/100 tox\n|move|p2a: Gliscor|Stone Edge|p1a: Charizard\n|-supereffective|p1a: Charizard\n|-damage|p1a: Charizard|0 fnt\n|faint|p1a: Charizard\n|\n|-weather|SunnyDay|[upkeep]\n|-heal|p2a: Gliscor|52\/100 tox|[from] ability: Poison Heal\n|upkeep\n|\n|t:|1700232601\n|switch|p1a: Slither Wing|Slither Wing|100\/100\n|-activate|p1a: Slither Wing|ability: Protosynthesis\n|-start|p1a: Slither Wing|protosynthesisatk\n|turn|20\n|\n|t:|1700232609\n|move|p2a: Gliscor|Protect|p2a: Gliscor\n|-singleturn|p2a: Gliscor|Protect\n|move|p1a: Slither Wing|Flare Blitz|p2a: Gliscor\n|-activate|p2a: Gliscor|move: Protect\n|\n|-weather|SunnyDay|[upkeep]\n|-heal|p2a: Gliscor|64\/100 tox|[from] ability: Poison Heal\n|upkeep\n|turn|21\n|\n|t:|1700232618\n|-terastallize|p1a: Slither Wing|Fire\n|move|p1a: Slither Wing|Flare Blitz|p2a: Gliscor\n|-damage|p2a: Gliscor|0 fnt\n|faint|p2a: Gliscor\n|-damage|p1a: Slither Wing|81\/100|[from] Recoil\n|\n|-weather|SunnyDay|[upkeep]\n|upkeep\n|\n|t:|1700232636\n|switch|p2a: \u589e\u706b\u9f99|Charizard, M, shiny|100\/100\n|turn|22\n|\n|t:|1700232648\n|-end|p1a: Slither Wing|Protosynthesis|[silent]\n|switch|p1a: Gliscor|Gliscor, M|100\/100 tox\n|detailschange|p2a: \u589e\u706b\u9f99|Charizard-Mega-Y, M, shiny\n|-mega|p2a: \u589e\u706b\u9f99|Charizard|Charizardite Y\n|move|p2a: \u589e\u706b\u9f99|Weather Ball|p1a: Gliscor\n|-damage|p1a: Gliscor|0 fnt\n|faint|p1a: Gliscor\n|\n|-weather|none\n|upkeep\n|l|\u2606cjbd\n|inactive|cjbd disconnected and has a minute to reconnect!\n|player|p2|\n|\n|t:|1700232665\n|switch|p1a: Slither Wing|Slither Wing, tera:Fire|81\/100\n|turn|23\n|j|\u2606cjbd\n|inactive|cjbd reconnected and has 140 seconds left.\n|player|p2|cjbd|lusamine-nihilego\n|\n|t:|1700232679\n|switch|p2a: Rillaboom|Rillaboom, M|100\/100\n|-fieldstart|move: Grassy Terrain|[from] ability: Grassy Surge|[of] p2a: Rillaboom\n|move|p1a: Slither Wing|Flare Blitz|p2a: Rillaboom\n|-supereffective|p2a: Rillaboom\n|-damage|p2a: Rillaboom|0 fnt\n|faint|p2a: Rillaboom\n|-damage|p1a: Slither Wing|45\/100|[from] Recoil\n|\n|-heal|p1a: Slither Wing|51\/100|[from] Grassy Terrain\n|upkeep\n|\n|t:|1700232687\n|switch|p2a: \u589e\u706b\u9f99|Charizard-Mega-Y, M, shiny|100\/100\n|-weather|SunnyDay|[from] ability: Drought|[of] p2a: \u589e\u706b\u9f99\n|-activate|p1a: Slither Wing|ability: Protosynthesis\n|-start|p1a: Slither Wing|protosynthesisatk\n|turn|24\n|\n|t:|1700232696\n|move|p1a: Slither Wing|Flare Blitz|p2a: \u589e\u706b\u9f99\n|-resisted|p2a: \u589e\u706b\u9f99\n|-damage|p2a: \u589e\u706b\u9f99|13\/100\n|-damage|p1a: Slither Wing|23\/100|[from] Recoil\n|move|p2a: \u589e\u706b\u9f99|Air Slash|p1a: Slither Wing\n|-damage|p1a: Slither Wing|0 fnt\n|faint|p1a: Slither Wing\n|-end|p1a: Slither Wing|Protosynthesis|[silent]\n|\n|-weather|SunnyDay|[upkeep]\n|upkeep\n|\n|t:|1700232706\n|switch|p1a: Great Tusk|Great Tusk|100\/100\n|-activate|p1a: Great Tusk|ability: Protosynthesis\n|-start|p1a: Great Tusk|protosynthesisatk\n|turn|25\n|\n|t:|1700232721\n|move|p2a: \u589e\u706b\u9f99|Roost|p2a: \u589e\u706b\u9f99\n|-heal|p2a: \u589e\u706b\u9f99|63\/100\n|-singleturn|p2a: \u589e\u706b\u9f99|move: Roost\n|move|p1a: Great Tusk|Ice Spinner|p2a: \u589e\u706b\u9f99\n|-resisted|p2a: \u589e\u706b\u9f99\n|-damage|p2a: \u589e\u706b\u9f99|37\/100\n|-fieldend|move: Grassy Terrain\n|\n|-weather|SunnyDay|[upkeep]\n|upkeep\n|turn|26\n|\n|t:|1700232731\n|move|p2a: \u589e\u706b\u9f99|Air Slash|p1a: Great Tusk\n|-supereffective|p1a: Great Tusk\n|-damage|p1a: Great Tusk|0 fnt\n|faint|p1a: Great Tusk\n|-end|p1a: Great Tusk|Protosynthesis|[silent]\n|\n|-weather|SunnyDay|[upkeep]\n|upkeep\n|c|\u2606The_Matouflamme|gg\n|\n|t:|1700232736\n|switch|p1a: Heatran|Heatran, M|100\/100\n|turn|27\n|\n|t:|1700232742\n|move|p2a: \u589e\u706b\u9f99|Air Slash|p1a: Heatran\n|-resisted|p1a: Heatran\n|-damage|p1a: Heatran|87\/100\n|move|p1a: Heatran|Eruption|p2a: \u589e\u706b\u9f99\n|-resisted|p2a: \u589e\u706b\u9f99\n|-damage|p2a: \u589e\u706b\u9f99|0 fnt\n|faint|p2a: \u589e\u706b\u9f99\n|\n|-weather|SunnyDay|[upkeep]\n|-heal|p1a: Heatran|93\/100|[from] item: Leftovers\n|upkeep\n|\n|t:|1700232753\n|switch|p2a: \u6ce5\u5934\u8f66|Great Tusk, shiny|100\/100\n|-activate|p2a: \u6ce5\u5934\u8f66|ability: Protosynthesis\n|-start|p2a: \u6ce5\u5934\u8f66|protosynthesisatk\n|turn|28\n|\n|t:|1700232761\n|move|p2a: \u6ce5\u5934\u8f66|Headlong Rush|p1a: Heatran\n|-supereffective|p1a: Heatran\n|-damage|p1a: Heatran|0 fnt\n|-unboost|p2a: \u6ce5\u5934\u8f66|def|1\n|-unboost|p2a: \u6ce5\u5934\u8f66|spd|1\n|faint|p1a: Heatran\n|\n|win|cjbd\n|raw|The_Matouflamme's rating: 1132 &rarr; <strong>1112<\/strong><br \/>(-20 for losing)\n|raw|cjbd's rating: 1202 &rarr; <strong>1222<\/strong><br \/>(+20 for winning)\n","uploadtime":1700232768,"views":6,"p1id":"thematouflamme","p2id":"cjbd","formatid":"gen9nationaldex","rating":1112,"private":0,"password":""}