{"id":"gen9nationaldex-1991810081","p1":"ClemAndMs","p2":"Tank Tests","format":"[Gen 9] National Dex","log":"|j|\u2606ClemAndMs\n|j|\u2606Tank Tests\n|t:|1700121480\n|gametype|singles\n|player|p1|ClemAndMs|psychicf-gen4|1499\n|player|p2|Tank Tests|2|1470\n|teamsize|p1|6\n|teamsize|p2|6\n|gen|9\n|tier|[Gen 9] National Dex\n|rated|\n|rule|HP Percentage Mod: HP is shown in percentages\n|rule|Endless Battle Clause: Forcing endless battles is banned\n|rule|OHKO Clause: OHKO moves are banned\n|rule|Evasion Clause: Evasion abilities, items, and moves are banned\n|rule|Evasion Abilities Clause: Evasion abilities are banned\n|rule|Evasion Items Clause: Evasion items are banned\n|rule|Evasion Moves Clause: Evasion moves are banned\n|rule|Species Clause: Limit one of each Pok\u00e9mon\n|rule|Sleep Clause Mod: Limit one foe put to sleep\n|clearpoke\n|poke|p1|Greninja-*, M|\n|poke|p1|Charizard, M|\n|poke|p1|Gallade, M|\n|poke|p1|Magnezone|\n|poke|p1|Garchomp, M|\n|poke|p1|Blissey, F|\n|poke|p2|Pawmot, F|\n|poke|p2|Rabsca, F|\n|poke|p2|Banette, F|\n|poke|p2|Victini|\n|poke|p2|Dragonite, M|\n|poke|p2|Forretress, F|\n|teampreview\n|inactive|Battle timer is ON: inactive players will automatically lose when time's up. (requested by ClemAndMs)\n|\n|t:|1700121488\n|start\n|switch|p1a: Garchomp|Garchomp, M|100\/100\n|switch|p2a: Forretress|Forretress, F|100\/100\n|turn|1\n|\n|t:|1700121496\n|move|p2a: Forretress|Stealth Rock|p1a: Garchomp\n|-sidestart|p1: ClemAndMs|move: Stealth Rock\n|move|p1a: Garchomp|Dragon Tail|p2a: Forretress\n|-resisted|p2a: Forretress\n|-damage|p2a: Forretress|92\/100\n|drag|p2a: Pawmot|Pawmot, F|100\/100\n|\n|upkeep\n|turn|2\n|\n|t:|1700121502\n|switch|p2a: Forretress|Forretress, F|92\/100\n|move|p1a: Garchomp|Stealth Rock|p2a: Forretress\n|-sidestart|p2: Tank Tests|move: Stealth Rock\n|\n|upkeep\n|turn|3\n|\n|t:|1700121506\n|move|p1a: Garchomp|Earthquake|p2a: Forretress\n|-damage|p2a: Forretress|58\/100\n|move|p2a: Forretress|Rapid Spin|p1a: Garchomp\n|-damage|p1a: Garchomp|91\/100\n|-boost|p2a: Forretress|spe|1\n|-damage|p2a: Forretress|45\/100|[from] ability: Rough Skin|[of] p1a: Garchomp\n|-damage|p2a: Forretress|29\/100|[from] item: Rocky Helmet|[of] p1a: Garchomp\n|-sideend|p2: Tank Tests|Stealth Rock|[from] move: Rapid Spin|[of] p2a: Forretress\n|\n|upkeep\n|turn|4\n|\n|t:|1700121512\n|move|p1a: Garchomp|Stealth Rock|p2a: Forretress\n|-sidestart|p2: Tank Tests|move: Stealth Rock\n|move|p2a: Forretress|Explosion|p1a: Garchomp\n|-damage|p1a: Garchomp|48\/100\n|faint|p2a: Forretress\n|\n|upkeep\n|\n|t:|1700121528\n|switch|p2a: Pawmot|Pawmot, F|100\/100\n|-damage|p2a: Pawmot|94\/100|[from] Stealth Rock\n|turn|5\n|\n|t:|1700121531\n|move|p2a: Pawmot|Close Combat|p1a: Garchomp\n|-damage|p1a: Garchomp|0 fnt\n|-unboost|p2a: Pawmot|def|1\n|-unboost|p2a: Pawmot|spd|1\n|-damage|p2a: Pawmot|82\/100|[from] ability: Rough Skin|[of] p1a: Garchomp\n|-damage|p2a: Pawmot|66\/100|[from] item: Rocky Helmet|[of] p1a: Garchomp\n|faint|p1a: Garchomp\n|\n|upkeep\n|\n|t:|1700121552\n|switch|p1a: Greninja|Greninja, M|100\/100\n|-damage|p1a: Greninja|88\/100|[from] Stealth Rock\n|turn|6\n|\n|t:|1700121571\n|switch|p2a: Dragonite|Dragonite, M|100\/100\n|-damage|p2a: Dragonite|76\/100|[from] Stealth Rock\n|move|p1a: Greninja|Dark Pulse|p2a: Dragonite\n|-damage|p2a: Dragonite|22\/100\n|\n|upkeep\n|turn|7\n|inactive|ClemAndMs has 120 seconds left.\n|\n|t:|1700121591\n|switch|p1a: Magnezone|Magnezone|100\/100\n|-damage|p1a: Magnezone|94\/100|[from] Stealth Rock\n|-terastallize|p2a: Dragonite|Normal\n|move|p2a: Dragonite|Extreme Speed|p1a: Magnezone\n|-resisted|p1a: Magnezone\n|-damage|p1a: Magnezone|73\/100\n|\n|upkeep\n|turn|8\n|\n|t:|1700121594\n|move|p2a: Dragonite|Earthquake|p1a: Magnezone\n|-supereffective|p1a: Magnezone\n|-damage|p1a: Magnezone|0 fnt\n|faint|p1a: Magnezone\n|\n|upkeep\n|\n|t:|1700121597\n|switch|p1a: Blissey|Blissey, F|100\/100\n|-damage|p1a: Blissey|88\/100|[from] Stealth Rock\n|turn|9\n|\n|t:|1700121602\n|switch|p2a: Banette|Banette, F|100\/100\n|-damage|p2a: Banette|88\/100|[from] Stealth Rock\n|move|p1a: Blissey|Seismic Toss|p2a: Banette\n|-immune|p2a: Banette\n|\n|-heal|p1a: Blissey|94\/100|[from] item: Leftovers\n|upkeep\n|turn|10\n|\n|t:|1700121609\n|detailschange|p2a: Banette|Banette-Mega, F\n|-mega|p2a: Banette|Banette|Banettite\n|move|p2a: Banette|Encore|p1a: Blissey\n|-start|p1a: Blissey|Encore\n|move|p1a: Blissey|Seismic Toss|p2a: Banette\n|-immune|p2a: Banette\n|\n|-heal|p1a: Blissey|99\/100|[from] item: Leftovers\n|upkeep\n|turn|11\n|\n|t:|1700121616\n|switch|p1a: Greninja|Greninja, M|88\/100\n|-damage|p1a: Greninja|76\/100|[from] Stealth Rock\n|move|p2a: Banette|Taunt|p1a: Greninja\n|-hint|Since gen 7, Dark is immune to Prankster moves.\n|-immune|p1a: Greninja\n|\n|upkeep\n|turn|12\n|\n|t:|1700121622\n|switch|p1a: Blissey|Blissey, F|99\/100\n|-damage|p1a: Blissey|88\/100|[from] Stealth Rock\n|move|p2a: Banette|Destiny Bond|p2a: Banette\n|-singlemove|p2a: Banette|Destiny Bond\n|\n|-heal|p1a: Blissey|94\/100|[from] item: Leftovers\n|upkeep\n|turn|13\n|\n|t:|1700121625\n|move|p2a: Banette|Taunt|p1a: Blissey\n|-start|p1a: Blissey|move: Taunt\n|cant|p1a: Blissey|move: Taunt|Toxic\n|\n|-heal|p1a: Blissey|99\/100|[from] item: Leftovers\n|upkeep\n|turn|14\n|\n|t:|1700121636\n|switch|p1a: Gallade|Gallade, M|100\/100\n|-damage|p1a: Gallade|94\/100|[from] Stealth Rock\n|move|p2a: Banette|Poltergeist|p1a: Gallade\n|-activate|p1a: Gallade|move: Poltergeist|Life Orb\n|-supereffective|p1a: Gallade\n|-damage|p1a: Gallade|0 fnt\n|faint|p1a: Gallade\n|\n|upkeep\n|\n|t:|1700121639\n|switch|p1a: Charizard|Charizard, M|100\/100\n|-damage|p1a: Charizard|51\/100|[from] Stealth Rock\n|turn|15\n|\n|t:|1700121648\n|move|p2a: Banette|Destiny Bond|p2a: Banette\n|-singlemove|p2a: Banette|Destiny Bond\n|move|p1a: Charizard|Air Slash|p2a: Banette\n|-damage|p2a: Banette|14\/100\n|\n|upkeep\n|turn|16\n|\n|t:|1700121667\n|move|p2a: Banette|Taunt|p1a: Charizard\n|-start|p1a: Charizard|move: Taunt\n|move|p1a: Charizard|Air Slash|p2a: Banette\n|-damage|p2a: Banette|0 fnt\n|faint|p2a: Banette\n|\n|upkeep\n|\n|t:|1700121670\n|switch|p2a: Dragonite|Dragonite, M, tera:Normal|22\/100\n|-damage|p2a: Dragonite|9\/100|[from] Stealth Rock\n|turn|17\n|\n|t:|1700121673\n|move|p2a: Dragonite|Extreme Speed|p1a: Charizard\n|-damage|p1a: Charizard|0 fnt\n|faint|p1a: Charizard\n|\n|upkeep\n|\n|t:|1700121677\n|switch|p1a: Blissey|Blissey, F|99\/100\n|-damage|p1a: Blissey|88\/100|[from] Stealth Rock\n|turn|18\n|\n|t:|1700121684\n|-terastallize|p1a: Blissey|Ghost\n|move|p2a: Dragonite|Extreme Speed|p1a: Blissey\n|-immune|p1a: Blissey\n|move|p1a: Blissey|Seismic Toss|p2a: Dragonite\n|-damage|p2a: Dragonite|0 fnt\n|faint|p2a: Dragonite\n|\n|-heal|p1a: Blissey|94\/100|[from] item: Leftovers\n|upkeep\n|\n|t:|1700121689\n|switch|p2a: Pawmot|Pawmot, F|66\/100\n|-damage|p2a: Pawmot|60\/100|[from] Stealth Rock\n|turn|19\n|\n|t:|1700121693\n|move|p2a: Pawmot|Revival Blessing|p2a: Pawmot\n|-enditem|p2a: Pawmot|Leppa Berry|[eat]\n|-activate|p2a: Pawmot|item: Leppa Berry|Revival Blessing|[consumed]\n|\n|t:|1700121697\n|-heal|p2: Dragonite|50\/100|[from] move: Revival Blessing\n|move|p1a: Blissey|Toxic|p2a: Pawmot\n|-status|p2a: Pawmot|tox\n|\n|-heal|p1a: Blissey|99\/100|[from] item: Leftovers\n|-damage|p2a: Pawmot|54\/100 tox|[from] psn\n|upkeep\n|turn|20\n|\n|t:|1700121702\n|move|p2a: Pawmot|Revival Blessing|p2a: Pawmot\n|\n|t:|1700121704\n|-heal|p2: Banette|50\/100|[from] move: Revival Blessing\n|move|p1a: Blissey|Seismic Toss|p2a: Pawmot\n|-damage|p2a: Pawmot|18\/100 tox\n|\n|-heal|p1a: Blissey|100\/100|[from] item: Leftovers\n|-damage|p2a: Pawmot|6\/100 tox|[from] psn\n|upkeep\n|turn|21\n|\n|t:|1700121711\n|move|p2a: Pawmot|Thunder Wave|p1a: Blissey\n|-status|p1a: Blissey|par\n|move|p1a: Blissey|Seismic Toss|p2a: Pawmot\n|-damage|p2a: Pawmot|0 fnt\n|faint|p2a: Pawmot\n|\n|upkeep\n|\n|t:|1700121718\n|switch|p2a: Banette|Banette-Mega, F|50\/100\n|-damage|p2a: Banette|38\/100|[from] Stealth Rock\n|turn|22\n|\n|t:|1700121721\n|-curestatus|p1a: Blissey|par|[from] ability: Natural Cure\n|switch|p1a: Greninja|Greninja, M|76\/100\n|-damage|p1a: Greninja|64\/100|[from] Stealth Rock\n|move|p2a: Banette|Poltergeist|p1a: Greninja\n|-activate|p1a: Greninja|move: Poltergeist|Choice Specs\n|-resisted|p1a: Greninja\n|-damage|p1a: Greninja|2\/100\n|\n|upkeep\n|turn|23\n|\n|t:|1700121731\n|move|p2a: Banette|Destiny Bond|p2a: Banette\n|-singlemove|p2a: Banette|Destiny Bond\n|move|p1a: Greninja|Dark Pulse|p2a: Banette\n|-supereffective|p2a: Banette\n|-damage|p2a: Banette|0 fnt\n|faint|p2a: Banette\n|-activate|p2a: Banette|move: Destiny Bond\n|faint|p1a: Greninja\n|\n|upkeep\n|\n|t:|1700121736\n|switch|p1a: Blissey|Blissey, F, tera:Ghost|100\/100\n|switch|p2a: Rabsca|Rabsca, F|100\/100\n|-damage|p1a: Blissey|88\/100|[from] Stealth Rock\n|-damage|p2a: Rabsca|76\/100|[from] Stealth Rock\n|turn|24\n|\n|t:|1700121739\n|move|p1a: Blissey|Toxic|p2a: Rabsca\n|-status|p2a: Rabsca|tox\n|-activate|p2a: Rabsca|ability: Synchronize\n|-status|p1a: Blissey|tox\n|move|p2a: Rabsca|Revival Blessing|p2a: Rabsca\n|-enditem|p2a: Rabsca|Leppa Berry|[eat]\n|-activate|p2a: Rabsca|item: Leppa Berry|Revival Blessing|[consumed]\n|\n|t:|1700121743\n|-heal|p2: Banette|50\/100|[from] move: Revival Blessing\n|\n|-heal|p1a: Blissey|94\/100 tox|[from] item: Leftovers\n|-damage|p1a: Blissey|88\/100 tox|[from] psn\n|-damage|p2a: Rabsca|69\/100 tox|[from] psn\n|upkeep\n|turn|25\n|\n|t:|1700121746\n|move|p1a: Blissey|Heal Bell|p1a: Blissey\n|-activate|p1a: Blissey|move: Heal Bell\n|-curestatus|p1a: Blissey|tox|[msg]\n|move|p2a: Rabsca|Revival Blessing|p2a: Rabsca\n|\n|t:|1700121751\n|-heal|p2: Forretress|50\/100|[from] move: Revival Blessing\n|\n|-heal|p1a: Blissey|94\/100|[from] item: Leftovers\n|-damage|p2a: Rabsca|57\/100 tox|[from] psn\n|upkeep\n|turn|26\n|\n|t:|1700121756\n|move|p1a: Blissey|Seismic Toss|p2a: Rabsca\n|-damage|p2a: Rabsca|29\/100 tox\n|move|p2a: Rabsca|Memento|p1a: Blissey\n|-unboost|p1a: Blissey|atk|2\n|-unboost|p1a: Blissey|spa|2\n|faint|p2a: Rabsca\n|\n|-heal|p1a: Blissey|99\/100|[from] item: Leftovers\n|upkeep\n|\n|t:|1700121761\n|switch|p2a: Victini|Victini|100\/100\n|-damage|p2a: Victini|76\/100|[from] Stealth Rock\n|turn|27\n|\n|t:|1700121764\n|move|p2a: Victini|V-create|p1a: Blissey\n|-damage|p1a: Blissey|27\/100\n|-unboost|p2a: Victini|spe|1\n|-unboost|p2a: Victini|def|1\n|-unboost|p2a: Victini|spd|1\n|move|p1a: Blissey|Toxic|p2a: Victini\n|-status|p2a: Victini|tox\n|\n|-heal|p1a: Blissey|33\/100|[from] item: Leftovers\n|-damage|p2a: Victini|69\/100 tox|[from] psn\n|upkeep\n|turn|28\n|\n|t:|1700121767\n|move|p2a: Victini|V-create|p1a: Blissey\n|-damage|p1a: Blissey|0 fnt\n|-unboost|p2a: Victini|spe|1\n|-unboost|p2a: Victini|def|1\n|-unboost|p2a: Victini|spd|1\n|faint|p1a: Blissey\n|\n|win|Tank Tests\n|raw|ClemAndMs's rating: 1499 &rarr; <strong>1477<\/strong><br \/>(-22 for losing)\n|raw|Tank Tests's rating: 1470 &rarr; <strong>1492<\/strong><br \/>(+22 for winning)\n|c|\u2606Tank Tests|gg\n|l|\u2606ClemAndMs\n","uploadtime":1700121786,"views":17,"p1id":"clemandms","p2id":"tanktests","formatid":"gen9nationaldex","rating":1477,"private":0,"password":""}