{"id":"gen9nationaldex-1999152442","p1":"RanInATrainShoe","p2":"RaywowWW","format":"[Gen 9] National Dex","log":"|html|<div class=\"broadcast-blue\"><strong>[Gen 9] National Dex is currently suspecting Sneasler! For information on how to participate check out the <a href=\"https:\/\/www.smogon.com\/forums\/threads\/sv-national-dex-suspect-8-just-dance.3731534\/\">suspect thread<\/a>.<\/strong><\/div>\n|j|\u2606RanInATrainShoe\n|j|\u2606RaywowWW\n|t:|1701038903\n|gametype|singles\n|player|p1|RanInATrainShoe|265|\n|player|p2|RaywowWW|2|\n|teamsize|p1|6\n|teamsize|p2|6\n|gen|9\n|tier|[Gen 9] National Dex\n|rule|HP Percentage Mod: HP is shown in percentages\n|rule|Endless Battle Clause: Forcing endless battles is banned\n|rule|OHKO Clause: OHKO moves are banned\n|rule|Evasion Clause: Evasion abilities, items, and moves are banned\n|rule|Evasion Abilities Clause: Evasion abilities are banned\n|rule|Evasion Items Clause: Evasion items are banned\n|rule|Evasion Moves Clause: Evasion moves are banned\n|rule|Species Clause: Limit one of each Pok\u00e9mon\n|rule|Sleep Clause Mod: Limit one foe put to sleep\n|clearpoke\n|poke|p1|Alomomola, M|\n|poke|p1|Heatran, M|\n|poke|p1|Ferrothorn, F|\n|poke|p1|Gliscor, M|\n|poke|p1|Kommo-o, M|\n|poke|p1|Charizard, F|\n|poke|p2|Garganacl, F|\n|poke|p2|Rotom-Wash|\n|poke|p2|Volcarona, M|\n|poke|p2|Lopunny, F|\n|poke|p2|Mew|\n|poke|p2|Garchomp, M|\n|teampreview\n|c|\u2606RanInATrainShoe|koay good\n|\n|t:|1701038916\n|start\n|switch|p1a: Gliscor|Gliscor, M|100\/100\n|switch|p2a: Garganacl|Garganacl, F|100\/100\n|turn|1\n|c|\u2606RanInATrainShoe|uhhhhhhhhhhhhhh\n|c|\u2606RaywowWW|poison\n|c|\u2606RanInATrainShoe|er\n|c|\u2606RaywowWW|predict\n|c|\u2606RanInATrainShoe|i didn't account for this\n|c|\u2606RaywowWW|TOXIC\n|\n|t:|1701038936\n|move|p1a: Gliscor|Earthquake|p2a: Garganacl\n|-supereffective|p2a: Garganacl\n|-damage|p2a: Garganacl|63\/100\n|move|p2a: Garganacl|Salt Cure|p1a: Gliscor\n|-damage|p1a: Gliscor|89\/100\n|-start|p1a: Gliscor|Salt Cure\n|\n|-heal|p2a: Garganacl|70\/100|[from] item: Leftovers\n|-damage|p1a: Gliscor|76\/100|[from] Salt Cure\n|-status|p1a: Gliscor|tox|[from] item: Toxic Orb\n|upkeep\n|turn|2\n|c|\u2606RaywowWW|PLS\n|\n|t:|1701038946\n|move|p2a: Garganacl|Protect|p2a: Garganacl\n|-singleturn|p2a: Garganacl|Protect\n|move|p1a: Gliscor|Earthquake|p2a: Garganacl\n|-activate|p2a: Garganacl|move: Protect\n|\n|-heal|p2a: Garganacl|76\/100|[from] item: Leftovers\n|-heal|p1a: Gliscor|89\/100 tox|[from] ability: Poison Heal\n|-damage|p1a: Gliscor|76\/100 tox|[from] Salt Cure\n|upkeep\n|turn|3\n|c|\u2606RanInATrainShoe|oh hey it's my se t\n|\n|t:|1701038958\n|move|p1a: Gliscor|Earthquake|p2a: Garganacl\n|-supereffective|p2a: Garganacl\n|-damage|p2a: Garganacl|40\/100\n|move|p2a: Garganacl|Recover|p2a: Garganacl\n|-heal|p2a: Garganacl|90\/100\n|\n|-heal|p2a: Garganacl|96\/100|[from] item: Leftovers\n|-heal|p1a: Gliscor|89\/100 tox|[from] ability: Poison Heal\n|-damage|p1a: Gliscor|76\/100 tox|[from] Salt Cure\n|upkeep\n|turn|4\n|c|\u2606RanInATrainShoe|if it's good you should be packing rocks\n|c|\u2606RaywowWW|nope\n|\n|t:|1701038974\n|move|p1a: Gliscor|Earthquake|p2a: Garganacl\n|-supereffective|p2a: Garganacl\n|-damage|p2a: Garganacl|59\/100\n|move|p2a: Garganacl|Recover|p2a: Garganacl\n|-heal|p2a: Garganacl|100\/100\n|\n|-heal|p1a: Gliscor|89\/100 tox|[from] ability: Poison Heal\n|-damage|p1a: Gliscor|76\/100 tox|[from] Salt Cure\n|upkeep\n|turn|5\n|\n|t:|1701038983\n|move|p1a: Gliscor|Earthquake|p2a: Garganacl\n|-supereffective|p2a: Garganacl\n|-damage|p2a: Garganacl|63\/100\n|move|p2a: Garganacl|Body Press|p1a: Gliscor\n|-resisted|p1a: Gliscor\n|-damage|p1a: Gliscor|65\/100 tox\n|\n|-heal|p2a: Garganacl|70\/100|[from] item: Leftovers\n|-heal|p1a: Gliscor|78\/100 tox|[from] ability: Poison Heal\n|-damage|p1a: Gliscor|65\/100 tox|[from] Salt Cure\n|upkeep\n|turn|6\n|c|\u2606RaywowWW|if i was u\n|c|\u2606RaywowWW|id switch\n|c|\u2606RaywowWW|cause\n|c|\u2606RaywowWW|im here\n|c|\u2606RaywowWW|all day\n|c|\u2606RanInATrainShoe|okay\n|\n|t:|1701039004\n|switch|p1a: Kommo-o|Kommo-o, M|100\/100\n|switch|p2a: Mew|Mew|100\/100\n|\n|upkeep\n|turn|7\n|c|\u2606RanInATrainShoe|I'll switch\n|c|\u2606RaywowWW|same\n|\n|t:|1701039016\n|switch|p1a: Gliscor|Gliscor, M|65\/100 tox\n|move|p2a: Mew|Toxic Spikes|p1a: Gliscor\n|-sidestart|p1: RanInATrainShoe|move: Toxic Spikes\n|\n|-heal|p1a: Gliscor|78\/100 tox|[from] ability: Poison Heal\n|upkeep\n|turn|8\n|c|\u2606RanInATrainShoe|this is pretty scary\n|\n|t:|1701039023\n|move|p2a: Mew|Toxic Spikes|p1a: Gliscor\n|-sidestart|p1: RanInATrainShoe|move: Toxic Spikes\n|move|p1a: Gliscor|Defog|p2a: Mew\n|-unboost|p2a: Mew|evasion|1\n|-sideend|p1: RanInATrainShoe|Toxic Spikes|[from] move: Defog|[of] p1a: Gliscor\n|\n|-heal|p1a: Gliscor|90\/100 tox|[from] ability: Poison Heal\n|upkeep\n|turn|9\n|\n|t:|1701039032\n|move|p2a: Mew|Psychic|p1a: Gliscor\n|-crit|p1a: Gliscor\n|-damage|p1a: Gliscor|44\/100 tox\n|move|p1a: Gliscor|Toxic|p2a: Mew\n|-status|p2a: Mew|tox\n|-activate|p2a: Mew|ability: Synchronize\n|-fail|p1a: Gliscor|tox\n|\n|-damage|p2a: Mew|94\/100 tox|[from] psn\n|-heal|p1a: Gliscor|56\/100 tox|[from] ability: Poison Heal\n|upkeep\n|turn|10\n|\n|t:|1701039047\n|switch|p1a: Heatran|Heatran, M|100\/100\n|move|p2a: Mew|Psychic|p1a: Heatran\n|-resisted|p1a: Heatran\n|-crit|p1a: Heatran\n|-damage|p1a: Heatran|84\/100\n|-unboost|p1a: Heatran|spd|1\n|\n|-heal|p2a: Mew|100\/100 tox|[from] item: Leftovers\n|-heal|p1a: Heatran|90\/100|[from] item: Leftovers\n|-damage|p2a: Mew|88\/100 tox|[from] psn\n|upkeep\n|turn|11\n|c|\u2606RanInATrainShoe|thank god\n|c|\u2606RanInATrainShoe|i did not stay in\n|\n|t:|1701039058\n|move|p2a: Mew|Stealth Rock|p1a: Heatran\n|-sidestart|p1: RanInATrainShoe|move: Stealth Rock\n|move|p1a: Heatran|Magma Storm|p2a: Mew\n|-crit|p2a: Mew\n|-damage|p2a: Mew|32\/100 tox\n|-activate|p2a: Mew|move: Magma Storm|[of] p1a: Heatran\n|\n|-heal|p2a: Mew|39\/100 tox|[from] item: Leftovers\n|-heal|p1a: Heatran|97\/100|[from] item: Leftovers\n|-damage|p2a: Mew|20\/100 tox|[from] psn\n|-damage|p2a: Mew|8\/100 tox|[from] move: Magma Storm|[partiallytrapped]\n|upkeep\n|turn|12\n|c|\u2606RanInATrainShoe|uh\n|\n|t:|1701039071\n|move|p2a: Mew|Toxic Spikes|p1a: Heatran\n|-sidestart|p1: RanInATrainShoe|move: Toxic Spikes\n|move|p1a: Heatran|Stealth Rock|p2a: Mew\n|-sidestart|p2: RaywowWW|move: Stealth Rock\n|\n|-heal|p2a: Mew|14\/100 tox|[from] item: Leftovers\n|-heal|p1a: Heatran|100\/100|[from] item: Leftovers\n|-damage|p2a: Mew|0 fnt|[from] psn\n|faint|p2a: Mew\n|upkeep\n|c|\u2606RanInATrainShoe|this is what i call\n|c|\u2606RanInATrainShoe|a seriously\n|c|\u2606RanInATrainShoe|bad\n|c|\u2606RanInATrainShoe|cook\n|c|\u2606RanInATrainShoe|on my part\n|\n|t:|1701039083\n|switch|p2a: Garganacl|Garganacl, F|70\/100\n|-damage|p2a: Garganacl|57\/100|[from] Stealth Rock\n|turn|13\n|\n|t:|1701039094\n|move|p1a: Heatran|Earth Power|p2a: Garganacl\n|-supereffective|p2a: Garganacl\n|-damage|p2a: Garganacl|15\/100\n|move|p2a: Garganacl|Recover|p2a: Garganacl\n|-heal|p2a: Garganacl|65\/100\n|\n|-heal|p2a: Garganacl|71\/100|[from] item: Leftovers\n|upkeep\n|turn|14\n|\n|t:|1701039104\n|move|p1a: Heatran|Taunt|p2a: Garganacl\n|-start|p2a: Garganacl|move: Taunt\n|move|p2a: Garganacl|Salt Cure|p1a: Heatran\n|-crit|p1a: Heatran\n|-damage|p1a: Heatran|84\/100\n|-start|p1a: Heatran|Salt Cure\n|\n|-heal|p1a: Heatran|90\/100|[from] item: Leftovers\n|-heal|p2a: Garganacl|77\/100|[from] item: Leftovers\n|-damage|p1a: Heatran|66\/100|[from] Salt Cure\n|upkeep\n|turn|15\n|c|\u2606RaywowWW|i got u bro\n|c|\u2606RaywowWW|i will attack\n|\n|t:|1701039118\n|switch|p1a: Gliscor|Gliscor, M|56\/100 tox\n|-damage|p1a: Gliscor|44\/100 tox|[from] Stealth Rock\n|move|p2a: Garganacl|Body Press|p1a: Gliscor\n|-resisted|p1a: Gliscor\n|-damage|p1a: Gliscor|33\/100 tox\n|\n|-heal|p2a: Garganacl|84\/100|[from] item: Leftovers\n|-heal|p1a: Gliscor|45\/100 tox|[from] ability: Poison Heal\n|upkeep\n|turn|16\n|c|\u2606RanInATrainShoe|i'm good with taht\n|\n|t:|1701039129\n|move|p1a: Gliscor|Roost|p1a: Gliscor\n|-heal|p1a: Gliscor|95\/100 tox\n|-singleturn|p1a: Gliscor|move: Roost\n|move|p2a: Garganacl|Salt Cure|p1a: Gliscor\n|-resisted|p1a: Gliscor\n|-damage|p1a: Gliscor|90\/100 tox\n|-start|p1a: Gliscor|Salt Cure\n|\n|-heal|p2a: Garganacl|90\/100|[from] item: Leftovers\n|-heal|p1a: Gliscor|100\/100 tox|[from] ability: Poison Heal\n|-damage|p1a: Gliscor|88\/100 tox|[from] Salt Cure\n|-end|p2a: Garganacl|move: Taunt\n|upkeep\n|turn|17\n|c|\u2606RaywowWW|watch this\n|c|\u2606RaywowWW|hit me\n|\n|t:|1701039147\n|switch|p2a: Lopunny|Lopunny, F|100\/100\n|-damage|p2a: Lopunny|88\/100|[from] Stealth Rock\n|move|p1a: Gliscor|Defog|p2a: Lopunny\n|-unboost|p2a: Lopunny|evasion|1\n|-sideend|p2: RaywowWW|Stealth Rock|[from] move: Defog|[of] p1a: Gliscor\n|-sideend|p1: RanInATrainShoe|Toxic Spikes|[from] move: Defog|[of] p1a: Gliscor\n|-sideend|p1: RanInATrainShoe|Stealth Rock|[from] move: Defog|[of] p1a: Gliscor\n|\n|-heal|p1a: Gliscor|100\/100 tox|[from] ability: Poison Heal\n|-damage|p1a: Gliscor|88\/100 tox|[from] Salt Cure\n|upkeep\n|turn|18\n|c|\u2606RaywowWW|ty bro\n|\n|t:|1701039161\n|switch|p1a: Alomomola|Alomomola, M|100\/100\n|move|p2a: Lopunny|Triple Axel|p1a: Alomomola|[miss]\n|-miss|p2a: Lopunny|p1a: Alomomola\n|\n|upkeep\n|turn|19\n|c|\u2606RanInATrainShoe|nah ty\n|\n|t:|1701039174\n|switch|p2a: Rotom|Rotom-Wash|100\/100\n|move|p1a: Alomomola|Flip Turn|p2a: Rotom\n|-resisted|p2a: Rotom\n|-damage|p2a: Rotom|94\/100\n|c|\u2606RaywowWW|np\n|c|\u2606RaywowWW|meet ur worst nightmare\n|inactive|Battle timer is ON: inactive players will automatically lose when time's up. (requested by RaywowWW)\n|c|\u2606RanInATrainShoe|let me\n|c|\u2606RanInATrainShoe|calc\n|c|\u2606RaywowWW|no\n|c|\u2606RaywowWW|fight\n|\n|t:|1701039230\n|switch|p1a: Ferrothorn|Ferrothorn, F|100\/100|[from] Flip Turn\n|\n|-heal|p2a: Rotom|99\/100|[from] item: Leftovers\n|upkeep\n|turn|20\n|c|\u2606RaywowWW|water\n|c|\u2606RaywowWW|with water\n|\n|t:|1701039238\n|move|p2a: Rotom|Will-O-Wisp|p1a: Ferrothorn\n|-status|p1a: Ferrothorn|brn\n|move|p1a: Ferrothorn|Leech Seed|p2a: Rotom\n|-start|p2a: Rotom|move: Leech Seed\n|\n|-heal|p2a: Rotom|100\/100|[from] item: Leftovers\n|-damage|p2a: Rotom|88\/100|[from] Leech Seed|[of] p1a: Ferrothorn\n|-damage|p1a: Ferrothorn|95\/100 brn|[from] brn\n|upkeep\n|turn|21\n|\n|t:|1701039251\n|move|p2a: Rotom|Volt Switch|p1a: Ferrothorn\n|-resisted|p1a: Ferrothorn\n|-damage|p1a: Ferrothorn|83\/100 brn\n|\n|t:|1701039256\n|switch|p2a: Volcarona|Volcarona, M|100\/100|[from] Volt Switch\n|move|p1a: Ferrothorn|Spikes|p2a: Volcarona\n|-sidestart|p2: RaywowWW|Spikes\n|\n|-damage|p1a: Ferrothorn|77\/100 brn|[from] brn\n|upkeep\n|turn|22\n|\n|t:|1701039267\n|switch|p1a: Gliscor|Gliscor, M|88\/100 tox\n|move|p2a: Volcarona|Quiver Dance|p2a: Volcarona\n|-boost|p2a: Volcarona|spa|1\n|-boost|p2a: Volcarona|spd|1\n|-boost|p2a: Volcarona|spe|1\n|\n|-heal|p1a: Gliscor|100\/100 tox|[from] ability: Poison Heal\n|upkeep\n|turn|23\n|c|\u2606RanInATrainShoe|okay I can handle this\n|c|\u2606RanInATrainShoe|trust\n|\n|t:|1701039281\n|move|p2a: Volcarona|Fiery Dance|p1a: Gliscor\n|-damage|p1a: Gliscor|45\/100 tox\n|move|p1a: Gliscor|Toxic|p2a: Volcarona|[miss]\n|-miss|p1a: Gliscor|p2a: Volcarona\n|\n|-heal|p1a: Gliscor|57\/100 tox|[from] ability: Poison Heal\n|upkeep\n|turn|24\n|c|\u2606RaywowWW|LOLLLLLLLL\n|\n|t:|1701039291\n|move|p2a: Volcarona|Fiery Dance|p1a: Gliscor\n|-damage|p1a: Gliscor|2\/100 tox\n|move|p1a: Gliscor|Toxic|p2a: Volcarona\n|-status|p2a: Volcarona|tox\n|\n|-damage|p2a: Volcarona|94\/100 tox|[from] psn\n|-heal|p1a: Gliscor|15\/100 tox|[from] ability: Poison Heal\n|upkeep\n|turn|25\n|c|\u2606RanInATrainShoe|trust trust\n|\n|t:|1701039302\n|switch|p1a: Heatran|Heatran, M|66\/100\n|move|p2a: Volcarona|Fiery Dance|p1a: Heatran\n|-start|p1a: Heatran|ability: Flash Fire\n|\n|-heal|p1a: Heatran|72\/100|[from] item: Leftovers\n|-damage|p2a: Volcarona|82\/100 tox|[from] psn\n|upkeep\n|turn|26\n|\n|t:|1701039314\n|move|p2a: Volcarona|Bug Buzz|p1a: Heatran\n|-resisted|p1a: Heatran\n|-damage|p1a: Heatran|59\/100\n|move|p1a: Heatran|Taunt|p2a: Volcarona\n|-start|p2a: Volcarona|move: Taunt\n|\n|-heal|p1a: Heatran|65\/100|[from] item: Leftovers\n|-damage|p2a: Volcarona|64\/100 tox|[from] psn\n|upkeep\n|turn|27\n|\n|t:|1701039330\n|switch|p2a: Lopunny|Lopunny, F|88\/100\n|-damage|p2a: Lopunny|76\/100|[from] Spikes\n|move|p1a: Heatran|Magma Storm|p2a: Lopunny\n|-damage|p2a: Lopunny|0 fnt\n|faint|p2a: Lopunny\n|\n|-heal|p1a: Heatran|71\/100|[from] item: Leftovers\n|upkeep\n|\n|t:|1701039341\n|switch|p2a: Garchomp|Garchomp, M|100\/100\n|-damage|p2a: Garchomp|88\/100|[from] Spikes\n|turn|28\n|c|\u2606RanInATrainShoe|yikes\n|c|\u2606RanInATrainShoe|bro\n|c|\u2606RaywowWW|hey ryanio\n|c|\u2606RanInATrainShoe|let my kommo-o put in some work\n|c|\u2606RaywowWW|wanna know sum\n|c|\u2606RanInATrainShoe|please\n|c|\u2606RanInATrainShoe|sure\n|c|\u2606RaywowWW|im racist\n|c|\u2606RaywowWW|:sunglasses:\n|inactive|RanInATrainShoe has 270 seconds left.\n|c|\u2606RanInATrainShoe|towards which group\n|\n|t:|1701039373\n|-end|p1a: Heatran|ability: Flash Fire|[silent]\n|switch|p1a: Alomomola|Alomomola, M|100\/100\n|move|p2a: Garchomp|Swords Dance|p2a: Garchomp\n|-boost|p2a: Garchomp|atk|2\n|\n|upkeep\n|turn|29\n|inactive|RaywowWW has 270 seconds left.\n|\n|t:|1701039414\n|move|p2a: Garchomp|Dragon Claw|p1a: Alomomola\n|-crit|p1a: Alomomola\n|-damage|p1a: Alomomola|30\/100\n|move|p1a: Alomomola|Toxic|p2a: Garchomp|[miss]\n|-miss|p1a: Alomomola|p2a: Garchomp\n|\n|upkeep\n|turn|30\n|c|\u2606RanInATrainShoe|god damn\n|\n|t:|1701039424\n|switch|p1a: Ferrothorn|Ferrothorn, F|77\/100 brn\n|move|p2a: Garchomp|Dragon Claw|p1a: Ferrothorn\n|-resisted|p1a: Ferrothorn\n|-damage|p1a: Ferrothorn|52\/100 brn\n|-damage|p2a: Garchomp|76\/100|[from] ability: Iron Barbs|[of] p1a: Ferrothorn\n|-damage|p2a: Garchomp|59\/100|[from] item: Rocky Helmet|[of] p1a: Ferrothorn\n|\n|-damage|p1a: Ferrothorn|46\/100 brn|[from] brn\n|upkeep\n|turn|31\n|c|\u2606RaywowWW|u goof\n|\n|t:|1701039437\n|move|p2a: Garchomp|Earthquake|p1a: Ferrothorn\n|-damage|p1a: Ferrothorn|0 fnt\n|faint|p1a: Ferrothorn\n|\n|upkeep\n|c|\u2606RaywowWW|RYANIO\n|c|\u2606RaywowWW|A CHAD\n|c|\u2606RaywowWW|WILL FORFIET RN\n|c|\u2606RaywowWW|ACCEPTING DEFEAT\n|inactive|RanInATrainShoe has 270 seconds left.\n|\n|t:|1701039463\n|switch|p1a: Alomomola|Alomomola, M|63\/100\n|turn|32\n|c|\u2606RanInATrainShoe|in your dreams\n|inactive|RaywowWW has 270 seconds left.\n|\n|t:|1701039475\n|move|p2a: Garchomp|Dragon Claw|p1a: Alomomola\n|-damage|p1a: Alomomola|15\/100\n|move|p1a: Alomomola|Toxic|p2a: Garchomp\n|-status|p2a: Garchomp|tox\n|\n|-damage|p2a: Garchomp|53\/100 tox|[from] psn\n|upkeep\n|turn|33\n|inactive|RaywowWW has 270 seconds left.\n|c|\u2606RanInATrainShoe|i missed the pred\n|c|\u2606RanInATrainShoe|but i got the toxic\n|c|\u2606RanInATrainShoe|that works for me\n|inactive|RanInATrainShoe has 270 seconds left.\n|\n|t:|1701039494\n|move|p1a: Alomomola|Protect|p1a: Alomomola\n|-singleturn|p1a: Alomomola|Protect\n|move|p2a: Garchomp|Swords Dance|p2a: Garchomp\n|-boost|p2a: Garchomp|atk|2\n|\n|-damage|p2a: Garchomp|41\/100 tox|[from] psn\n|upkeep\n|turn|34\n|\n|t:|1701039502\n|switch|p1a: Gliscor|Gliscor, M|15\/100 tox\n|move|p2a: Garchomp|Iron Head|p1a: Gliscor\n|-damage|p1a: Gliscor|0 fnt\n|faint|p1a: Gliscor\n|\n|-damage|p2a: Garchomp|22\/100 tox|[from] psn\n|upkeep\n|\n|t:|1701039509\n|switch|p1a: Alomomola|Alomomola, M|48\/100\n|turn|35\n|c|\u2606RaywowWW|IM NOT AUTISTIC\n|\n|t:|1701039514\n|move|p1a: Alomomola|Protect|p1a: Alomomola\n|-singleturn|p1a: Alomomola|Protect\n|move|p2a: Garchomp|Swords Dance|p2a: Garchomp\n|-boost|p2a: Garchomp|atk|2\n|\n|-damage|p2a: Garchomp|0 fnt|[from] psn\n|faint|p2a: Garchomp\n|upkeep\n|\n|t:|1701039523\n|switch|p2a: Rotom|Rotom-Wash|88\/100\n|turn|36\n|\n|t:|1701039529\n|move|p2a: Rotom|Discharge|p1a: Alomomola\n|-supereffective|p1a: Alomomola\n|-damage|p1a: Alomomola|0 fnt\n|faint|p1a: Alomomola\n|\n|-heal|p2a: Rotom|94\/100|[from] item: Leftovers\n|upkeep\n|c|\u2606RaywowWW|BRING IN\n|c|\u2606RaywowWW|THE\n|c|\u2606RaywowWW|LIZARD\n|\n|t:|1701039542\n|switch|p1a: Kommo-o|Kommo-o, M|100\/100\n|turn|37\n|c|\u2606RaywowWW|NO\n|c|\u2606RaywowWW|NOT HIM\n|c|\u2606RanInATrainShoe|i got you\n|\n|t:|1701039550\n|move|p1a: Kommo-o|Taunt|p2a: Rotom\n|-start|p2a: Rotom|move: Taunt\n|move|p2a: Rotom|Hydro Pump|p1a: Kommo-o\n|-resisted|p1a: Kommo-o\n|-damage|p1a: Kommo-o|82\/100\n|\n|-heal|p1a: Kommo-o|88\/100|[from] item: Leftovers\n|-heal|p2a: Rotom|100\/100|[from] item: Leftovers\n|upkeep\n|turn|38\n|c|\u2606RanInATrainShoe|i just gotta\n|\n|t:|1701039570\n|switch|p2a: Garganacl|Garganacl, F|90\/100\n|-damage|p2a: Garganacl|77\/100|[from] Spikes\n|move|p1a: Kommo-o|Clangorous Soul|p1a: Kommo-o\n|-boost|p1a: Kommo-o|atk|1\n|-boost|p1a: Kommo-o|def|1\n|-boost|p1a: Kommo-o|spa|1\n|-boost|p1a: Kommo-o|spd|1\n|-boost|p1a: Kommo-o|spe|1\n|-damage|p1a: Kommo-o|55\/100\n|\n|-heal|p1a: Kommo-o|62\/100|[from] item: Leftovers\n|-heal|p2a: Garganacl|84\/100|[from] item: Leftovers\n|upkeep\n|turn|39\n|c|\u2606RanInATrainShoe|let's get clanging\n|\n|t:|1701039584\n|move|p1a: Kommo-o|Drain Punch|p2a: Garganacl\n|-supereffective|p2a: Garganacl\n|-damage|p2a: Garganacl|44\/100\n|-heal|p1a: Kommo-o|84\/100|[from] drain|[of] p2a: Garganacl\n|move|p2a: Garganacl|Salt Cure|p1a: Kommo-o\n|-resisted|p1a: Kommo-o\n|-damage|p1a: Kommo-o|80\/100\n|-start|p1a: Kommo-o|Salt Cure\n|\n|-heal|p1a: Kommo-o|87\/100|[from] item: Leftovers\n|-heal|p2a: Garganacl|50\/100|[from] item: Leftovers\n|-damage|p1a: Kommo-o|74\/100|[from] Salt Cure\n|upkeep\n|turn|40\n|\n|t:|1701039603\n|move|p1a: Kommo-o|Clangorous Soul|p1a: Kommo-o\n|-boost|p1a: Kommo-o|atk|1\n|-boost|p1a: Kommo-o|def|1\n|-boost|p1a: Kommo-o|spa|1\n|-boost|p1a: Kommo-o|spd|1\n|-boost|p1a: Kommo-o|spe|1\n|-damage|p1a: Kommo-o|41\/100\n|move|p2a: Garganacl|Recover|p2a: Garganacl\n|-heal|p2a: Garganacl|99\/100\n|\n|-heal|p1a: Kommo-o|48\/100|[from] item: Leftovers\n|-heal|p2a: Garganacl|100\/100|[from] item: Leftovers\n|-damage|p1a: Kommo-o|35\/100|[from] Salt Cure\n|upkeep\n|turn|41\n|\n|t:|1701039621\n|move|p2a: Garganacl|Protect|p2a: Garganacl\n|-singleturn|p2a: Garganacl|Protect\n|move|p1a: Kommo-o|Drain Punch|p2a: Garganacl\n|-activate|p2a: Garganacl|move: Protect\n|\n|-heal|p1a: Kommo-o|41\/100|[from] item: Leftovers\n|-damage|p1a: Kommo-o|29\/100|[from] Salt Cure\n|upkeep\n|turn|42\n|inactive|RaywowWW has 270 seconds left.\n|\n|t:|1701039643\n|switch|p2a: Rotom|Rotom-Wash|100\/100\n|move|p1a: Kommo-o|Drain Punch|p2a: Rotom\n|-damage|p2a: Rotom|60\/100\n|-heal|p1a: Kommo-o|47\/100|[from] drain|[of] p2a: Rotom\n|\n|-heal|p1a: Kommo-o|53\/100|[from] item: Leftovers\n|-heal|p2a: Rotom|66\/100|[from] item: Leftovers\n|-damage|p1a: Kommo-o|40\/100|[from] Salt Cure\n|upkeep\n|turn|43\n|inactive|RaywowWW has 270 seconds left.\n|\n|t:|1701039658\n|move|p1a: Kommo-o|Clanging Scales|p2a: Rotom\n|-damage|p2a: Rotom|0 fnt\n|faint|p2a: Rotom\n|-unboost|p1a: Kommo-o|def|1\n|\n|-heal|p1a: Kommo-o|47\/100|[from] item: Leftovers\n|-damage|p1a: Kommo-o|34\/100|[from] Salt Cure\n|upkeep\n|\n|t:|1701039667\n|switch|p2a: Volcarona|Volcarona, M|64\/100 tox\n|turn|44\n|\n|t:|1701039678\n|move|p1a: Kommo-o|Clanging Scales|p2a: Volcarona\n|-damage|p2a: Volcarona|6\/100 tox\n|-unboost|p1a: Kommo-o|def|1\n|move|p2a: Volcarona|Fiery Dance|p1a: Kommo-o\n|-resisted|p1a: Kommo-o\n|-damage|p1a: Kommo-o|23\/100\n|\n|-heal|p1a: Kommo-o|29\/100|[from] item: Leftovers\n|-damage|p2a: Volcarona|0 fnt|[from] psn\n|faint|p2a: Volcarona\n|-damage|p1a: Kommo-o|17\/100|[from] Salt Cure\n|upkeep\n|\n|t:|1701039689\n|switch|p2a: Garganacl|Garganacl, F|100\/100\n|-damage|p2a: Garganacl|88\/100|[from] Spikes\n|turn|45\n|\n|t:|1701039696\n|move|p2a: Garganacl|Protect|p2a: Garganacl\n|-singleturn|p2a: Garganacl|Protect\n|move|p1a: Kommo-o|Drain Punch|p2a: Garganacl\n|-activate|p2a: Garganacl|move: Protect\n|\n|-heal|p1a: Kommo-o|23\/100|[from] item: Leftovers\n|-heal|p2a: Garganacl|94\/100|[from] item: Leftovers\n|-damage|p1a: Kommo-o|11\/100|[from] Salt Cure\n|upkeep\n|turn|46\n|inactive|RaywowWW has 270 seconds left.\n|\n|t:|1701039710\n|move|p1a: Kommo-o|Drain Punch|p2a: Garganacl\n|-supereffective|p2a: Garganacl\n|-damage|p2a: Garganacl|37\/100\n|-heal|p1a: Kommo-o|43\/100|[from] drain|[of] p2a: Garganacl\n|move|p2a: Garganacl|Recover|p2a: Garganacl\n|-heal|p2a: Garganacl|87\/100\n|\n|-heal|p1a: Kommo-o|49\/100|[from] item: Leftovers\n|-heal|p2a: Garganacl|94\/100|[from] item: Leftovers\n|-damage|p1a: Kommo-o|37\/100|[from] Salt Cure\n|upkeep\n|turn|47\n|inactive|RaywowWW has 270 seconds left.\n|\n|t:|1701039724\n|move|p2a: Garganacl|Protect|p2a: Garganacl\n|-singleturn|p2a: Garganacl|Protect\n|move|p1a: Kommo-o|Taunt|p2a: Garganacl\n|-activate|p2a: Garganacl|move: Protect\n|\n|-heal|p1a: Kommo-o|43\/100|[from] item: Leftovers\n|-heal|p2a: Garganacl|99\/100|[from] item: Leftovers\n|-damage|p1a: Kommo-o|31\/100|[from] Salt Cure\n|upkeep\n|turn|48\n|inactive|RaywowWW has 270 seconds left.\n|c|\u2606RaywowWW|WOMP WOMP\n|\n|t:|1701039741\n|move|p1a: Kommo-o|Taunt|p2a: Garganacl\n|-start|p2a: Garganacl|move: Taunt\n|move|p2a: Garganacl|Body Press|p1a: Kommo-o\n|-damage|p1a: Kommo-o|8\/100\n|\n|-heal|p1a: Kommo-o|15\/100|[from] item: Leftovers\n|-heal|p2a: Garganacl|100\/100|[from] item: Leftovers\n|-damage|p1a: Kommo-o|2\/100|[from] Salt Cure\n|upkeep\n|turn|49\n|\n|t:|1701039753\n|move|p1a: Kommo-o|Drain Punch|p2a: Garganacl\n|-supereffective|p2a: Garganacl\n|-damage|p2a: Garganacl|40\/100\n|-heal|p1a: Kommo-o|37\/100|[from] drain|[of] p2a: Garganacl\n|move|p2a: Garganacl|Salt Cure|p1a: Kommo-o\n|-resisted|p1a: Kommo-o\n|-damage|p1a: Kommo-o|31\/100\n|\n|-heal|p1a: Kommo-o|38\/100|[from] item: Leftovers\n|-heal|p2a: Garganacl|46\/100|[from] item: Leftovers\n|-damage|p1a: Kommo-o|25\/100|[from] Salt Cure\n|upkeep\n|turn|50\n|c|\u2606RaywowWW|yo\n|c|\u2606RaywowWW|pls\n|c|\u2606RanInATrainShoe|gg\n|c|\u2606RaywowWW|lemme\n|c|\u2606RaywowWW|get\n|c|\u2606RaywowWW|komm-o\n|c|\u2606RaywowWW|and ill give u shuckle\n|c|\u2606RaywowWW|pls\n|c|\u2606RanInATrainShoe|i don't have this\n|c|\u2606RanInATrainShoe|this is an imaginary team\n|inactive|RaywowWW has 240 seconds left.\n|c|\u2606RanInATrainShoe|plus\n|c|\u2606RanInATrainShoe|idk if alolamola get's flip turn\n|\n|t:|1701039805\n|move|p1a: Kommo-o|Drain Punch|p2a: Garganacl\n|-supereffective|p2a: Garganacl\n|-damage|p2a: Garganacl|0 fnt\n|-heal|p1a: Kommo-o|51\/100|[from] drain|[of] p2a: Garganacl\n|faint|p2a: Garganacl\n|\n|win|RanInATrainShoe\n|c|\u2606RaywowWW|I HATE U\n|l|\u2606RaywowWW\n|c|\u2606RanInATrainShoe|uh\n","uploadtime":1701039857,"views":4,"p1id":"raninatrainshoe","p2id":"raywowww","formatid":"gen9nationaldex","rating":0,"private":0,"password":""}