{"id":"gen9nationaldex-1994108497","p1":"decolcrak","p2":"topang567","format":"[Gen 9] National Dex","log":"|j|\u2606decolcrak\n|j|\u2606topang567\n|t:|1700407854\n|gametype|singles\n|player|p1|decolcrak|102|\n|player|p2|topang567|dancer|\n|teamsize|p1|6\n|teamsize|p2|6\n|gen|9\n|tier|[Gen 9] National Dex\n|rule|HP Percentage Mod: HP is shown in percentages\n|rule|Endless Battle Clause: Forcing endless battles is banned\n|rule|OHKO Clause: OHKO moves are banned\n|rule|Evasion Clause: Evasion abilities, items, and moves are banned\n|rule|Evasion Abilities Clause: Evasion abilities are banned\n|rule|Evasion Items Clause: Evasion items are banned\n|rule|Evasion Moves Clause: Evasion moves are banned\n|rule|Species Clause: Limit one of each Pok\u00e9mon\n|rule|Sleep Clause Mod: Limit one foe put to sleep\n|clearpoke\n|poke|p1|Klinklang|\n|poke|p1|Cryogonal|\n|poke|p1|Stunfisk, M|\n|poke|p1|Victini|\n|poke|p1|Basculin, M|\n|poke|p1|Sigilyph, F|\n|poke|p2|Sceptile, M|\n|poke|p2|Vigoroth, F|\n|poke|p2|Latias, F|\n|poke|p2|Blaziken, F|\n|poke|p2|Swellow, F|\n|poke|p2|Sableye, F|\n|teampreview\n|\n|t:|1700407858\n|start\n|switch|p1a: Klinklang|Klinklang|100\/100\n|switch|p2a: Sableye|Sableye, F|100\/100\n|turn|1\n|l|\u2606topang567\n|player|p2|\n|\n|t:|1700407871\n|move|p2a: Sableye|Reflect|p2a: Sableye\n|-sidestart|p2: topang567|Reflect\n|move|p1a: Klinklang|Shift Gear|p1a: Klinklang\n|-boost|p1a: Klinklang|spe|2\n|-boost|p1a: Klinklang|atk|1\n|\n|upkeep\n|turn|2\n|j|\u2606topang567\n|player|p2|topang567|dancer\n|\n|t:|1700407889\n|move|p2a: Sableye|Light Screen|p2a: Sableye\n|-sidestart|p2: topang567|move: Light Screen\n|move|p1a: Klinklang|Shift Gear|p1a: Klinklang\n|-boost|p1a: Klinklang|spe|2\n|-boost|p1a: Klinklang|atk|1\n|\n|upkeep\n|turn|3\n|\n|t:|1700407920\n|switch|p2a: Vigoroth|Vigoroth, F|100\/100\n|move|p1a: Klinklang|Shift Gear|p1a: Klinklang\n|-boost|p1a: Klinklang|spe|2\n|-boost|p1a: Klinklang|atk|1\n|\n|upkeep\n|turn|4\n|\n|t:|1700407934\n|move|p1a: Klinklang|Gear Grind|p2a: Vigoroth\n|-damage|p2a: Vigoroth|84\/100\n|-crit|p2a: Vigoroth\n|-damage|p2a: Vigoroth|36\/100\n|-hitcount|p2a: Vigoroth|2\n|move|p2a: Vigoroth|Bulk Up|p2a: Vigoroth\n|-boost|p2a: Vigoroth|atk|1\n|-boost|p2a: Vigoroth|def|1\n|\n|upkeep\n|turn|5\n|\n|t:|1700407941\n|move|p1a: Klinklang|Gear Grind|p2a: Vigoroth\n|-damage|p2a: Vigoroth|25\/100\n|-damage|p2a: Vigoroth|14\/100\n|-hitcount|p2a: Vigoroth|2\n|move|p2a: Vigoroth|Fire Punch|p1a: Klinklang\n|-supereffective|p1a: Klinklang\n|-damage|p1a: Klinklang|70\/100\n|-enditem|p1a: Klinklang|Weakness Policy\n|-boost|p1a: Klinklang|atk|2|[from] item: Weakness Policy\n|-boost|p1a: Klinklang|spa|2|[from] item: Weakness Policy\n|\n|upkeep\n|turn|6\n|c|\u2606topang567|cage\n|\n|t:|1700407957\n|move|p1a: Klinklang|Return|p2a: Vigoroth\n|-damage|p2a: Vigoroth|0 fnt\n|faint|p2a: Vigoroth\n|\n|upkeep\n|\n|t:|1700407961\n|switch|p2a: Blaziken|Blaziken, F|100\/100\n|turn|7\n|\n|t:|1700407971\n|-terastallize|p1a: Klinklang|Water\n|move|p1a: Klinklang|Return|p2a: Blaziken\n|-damage|p2a: Blaziken|34\/100\n|-zpower|p2a: Blaziken\n|move|p2a: Blaziken|Inferno Overdrive|p1a: Klinklang|[zeffect]\n|-resisted|p1a: Klinklang\n|-damage|p1a: Klinklang|34\/100\n|\n|-ability|p2a: Blaziken|Speed Boost|boost\n|-boost|p2a: Blaziken|spe|1\n|upkeep\n|turn|8\n|\n|t:|1700407990\n|move|p2a: Blaziken|Protect|p2a: Blaziken\n|-singleturn|p2a: Blaziken|Protect\n|move|p1a: Klinklang|Return|p2a: Blaziken\n|-activate|p2a: Blaziken|move: Protect\n|\n|-sideend|p2: topang567|Reflect\n|-ability|p2a: Blaziken|Speed Boost|boost\n|-boost|p2a: Blaziken|spe|1\n|upkeep\n|turn|9\n|\n|t:|1700407997\n|move|p1a: Klinklang|Return|p2a: Blaziken\n|-damage|p2a: Blaziken|0 fnt\n|faint|p2a: Blaziken\n|\n|-sideend|p2: topang567|move: Light Screen\n|upkeep\n|\n|t:|1700408001\n|switch|p2a: Sceptile|Sceptile, M|100\/100\n|turn|10\n|\n|t:|1700408010\n|detailschange|p2a: Sceptile|Sceptile-Mega, M\n|-mega|p2a: Sceptile|Sceptile|Sceptilite\n|move|p1a: Klinklang|Return|p2a: Sceptile\n|-damage|p2a: Sceptile|0 fnt\n|faint|p2a: Sceptile\n|\n|upkeep\n|\n|t:|1700408016\n|switch|p2a: Sableye|Sableye, F|100\/100\n|turn|11\n|\n|t:|1700408020\n|move|p2a: Sableye|Reflect|p2a: Sableye\n|-sidestart|p2: topang567|Reflect\n|move|p1a: Klinklang|Gear Grind|p2a: Sableye\n|-damage|p2a: Sableye|71\/100\n|-damage|p2a: Sableye|40\/100\n|-hitcount|p2a: Sableye|2\n|\n|upkeep\n|turn|12\n|\n|t:|1700408028\n|move|p2a: Sableye|Light Screen|p2a: Sableye\n|-sidestart|p2: topang567|move: Light Screen\n|move|p1a: Klinklang|Shift Gear|p1a: Klinklang\n|-boost|p1a: Klinklang|spe|0\n|-boost|p1a: Klinklang|atk|1\n|\n|upkeep\n|turn|13\n|\n|t:|1700408033\n|move|p2a: Sableye|Recover|p2a: Sableye\n|-heal|p2a: Sableye|90\/100\n|move|p1a: Klinklang|Gear Grind|p2a: Sableye\n|-damage|p2a: Sableye|58\/100\n|-damage|p2a: Sableye|23\/100\n|-hitcount|p2a: Sableye|2\n|\n|upkeep\n|turn|14\n|\n|t:|1700408041\n|move|p2a: Sableye|Recover|p2a: Sableye\n|-heal|p2a: Sableye|73\/100\n|move|p1a: Klinklang|Gear Grind|p2a: Sableye\n|-damage|p2a: Sableye|39\/100\n|-damage|p2a: Sableye|6\/100\n|-hitcount|p2a: Sableye|2\n|\n|upkeep\n|turn|15\n|\n|t:|1700408048\n|move|p2a: Sableye|Recover|p2a: Sableye\n|-heal|p2a: Sableye|56\/100\n|move|p1a: Klinklang|Gear Grind|p2a: Sableye\n|-damage|p2a: Sableye|22\/100\n|-damage|p2a: Sableye|0 fnt\n|faint|p2a: Sableye\n|-hitcount|p2: Sableye|2\n|\n|upkeep\n|\n|t:|1700408067\n|switch|p2a: Latias|Latias, F|100\/100\n|turn|16\n|\n|t:|1700408072\n|move|p1a: Klinklang|Gear Grind|p2a: Latias\n|-crit|p2a: Latias\n|-damage|p2a: Latias|0 fnt\n|faint|p2a: Latias\n|-hitcount|p2: Latias|1\n|\n|upkeep\n|c|\u2606topang567|GG\n|\n|t:|1700408078\n|switch|p2a: Swellow|Swellow, F|100\/100\n|turn|17\n|c|\u2606decolcrak|gg\n|\n|t:|1700408086\n|move|p2a: Swellow|Protect|p2a: Swellow\n|-singleturn|p2a: Swellow|Protect\n|move|p1a: Klinklang|Wild Charge|p2a: Swellow\n|-activate|p2a: Swellow|move: Protect\n|\n|-status|p2a: Swellow|brn|[from] item: Flame Orb\n|upkeep\n|turn|18\n|\n|t:|1700408093\n|move|p2a: Swellow|Quick Attack|p1a: Klinklang\n|-damage|p1a: Klinklang|17\/100\n|move|p1a: Klinklang|Wild Charge|p2a: Swellow\n|-supereffective|p2a: Swellow\n|-damage|p2a: Swellow|0 fnt\n|faint|p2a: Swellow\n|-damage|p1a: Klinklang|0 fnt|[from] Recoil\n|faint|p1a: Klinklang\n|\n|win|decolcrak\n|c|\u2606decolcrak|klinklang es una bestia infravalorada\n","uploadtime":1700408107,"views":31,"p1id":"decolcrak","p2id":"topang567","formatid":"gen9nationaldex","rating":0,"private":0,"password":""}