{"id":"gen9nationaldex-1999959551","p1":"sumperkenny","p2":"Mareoo","format":"[Gen 9] National Dex","log":"|html|<div class=\"broadcast-blue\"><strong>[Gen 9] National Dex is currently suspecting Sneasler! For information on how to participate check out the <a href=\"https:\/\/www.smogon.com\/forums\/threads\/sv-national-dex-suspect-8-just-dance.3731534\/\">suspect thread<\/a>.<\/strong><\/div>\n|j|\u2606sumperkenny\n|j|\u2606Mareoo\n|t:|1701134738\n|gametype|singles\n|player|p1|sumperkenny|fisherman-gen4|1174\n|player|p2|Mareoo|gambler|1282\n|teamsize|p1|6\n|teamsize|p2|6\n|gen|9\n|tier|[Gen 9] National Dex\n|rated|\n|rule|HP Percentage Mod: HP is shown in percentages\n|rule|Endless Battle Clause: Forcing endless battles is banned\n|rule|OHKO Clause: OHKO moves are banned\n|rule|Evasion Clause: Evasion abilities, items, and moves are banned\n|rule|Evasion Abilities Clause: Evasion abilities are banned\n|rule|Evasion Items Clause: Evasion items are banned\n|rule|Evasion Moves Clause: Evasion moves are banned\n|rule|Species Clause: Limit one of each Pok\u00e9mon\n|rule|Sleep Clause Mod: Limit one foe put to sleep\n|clearpoke\n|poke|p1|Latias, F|\n|poke|p1|Skeledirge, F|\n|poke|p1|Clefable, M|\n|poke|p1|Ferrothorn, F|\n|poke|p1|Gliscor, M|\n|poke|p1|Tornadus-Therian, M|\n|poke|p2|Torterra, M|\n|poke|p2|Staraptor, F|\n|poke|p2|Kricketune, M|\n|poke|p2|Luxray, F|\n|poke|p2|Roserade, F|\n|poke|p2|Rampardos, M|\n|teampreview\n|\n|t:|1701134746\n|start\n|switch|p1a: Ferrothorn|Ferrothorn, F|100\/100\n|switch|p2a: Kricketune|Kricketune, M|100\/100\n|turn|1\n|inactive|Battle timer is ON: inactive players will automatically lose when time's up. (requested by sumperkenny)\n|\n|t:|1701134756\n|move|p2a: Kricketune|Sticky Web|p1a: Ferrothorn\n|-sidestart|p1: sumperkenny|move: Sticky Web\n|move|p1a: Ferrothorn|Stealth Rock|p2a: Kricketune\n|-sidestart|p2: Mareoo|move: Stealth Rock\n|\n|upkeep\n|turn|2\n|\n|t:|1701134763\n|move|p2a: Kricketune|Knock Off|p1a: Ferrothorn\n|-damage|p1a: Ferrothorn|80\/100\n|-damage|p2a: Kricketune|88\/100|[from] ability: Iron Barbs|[of] p1a: Ferrothorn\n|-enditem|p1a: Ferrothorn|Leftovers|[from] move: Knock Off|[of] p2a: Kricketune\n|move|p1a: Ferrothorn|Knock Off|p2a: Kricketune\n|-damage|p2a: Kricketune|54\/100\n|-enditem|p2a: Kricketune|Focus Sash|[from] move: Knock Off|[of] p1a: Ferrothorn\n|\n|upkeep\n|turn|3\n|\n|t:|1701134777\n|move|p2a: Kricketune|Knock Off|p1a: Ferrothorn\n|-damage|p1a: Ferrothorn|65\/100\n|-damage|p2a: Kricketune|42\/100|[from] ability: Iron Barbs|[of] p1a: Ferrothorn\n|move|p1a: Ferrothorn|Leech Seed|p2a: Kricketune\n|-start|p2a: Kricketune|move: Leech Seed\n|\n|-damage|p2a: Kricketune|30\/100|[from] Leech Seed|[of] p1a: Ferrothorn\n|-heal|p1a: Ferrothorn|78\/100|[silent]\n|upkeep\n|turn|4\n|\n|t:|1701134788\n|move|p2a: Kricketune|Fell Stinger|p1a: Ferrothorn\n|-damage|p1a: Ferrothorn|54\/100\n|-damage|p2a: Kricketune|18\/100|[from] ability: Iron Barbs|[of] p1a: Ferrothorn\n|move|p1a: Ferrothorn|Knock Off|p2a: Kricketune\n|-damage|p2a: Kricketune|0 fnt\n|faint|p2a: Kricketune\n|\n|upkeep\n|\n|t:|1701134812\n|switch|p2a: Staraptor|Staraptor, F|100\/100\n|-damage|p2a: Staraptor|76\/100|[from] Stealth Rock\n|turn|5\n|\n|t:|1701134822\n|switch|p1a: Skeledirge|Skeledirge, F|100\/100\n|move|p2a: Staraptor|Brave Bird|p1a: Skeledirge\n|-damage|p1a: Skeledirge|27\/100\n|-damage|p2a: Staraptor|44\/100|[from] Recoil\n|\n|upkeep\n|turn|6\n|\n|t:|1701134839\n|switch|p1a: Clefable|Clefable, M|100\/100\n|-activate|p1a: Clefable|move: Sticky Web\n|-unboost|p1a: Clefable|spe|1\n|move|p2a: Staraptor|Brave Bird|p1a: Clefable\n|-damage|p1a: Clefable|18\/100\n|-damage|p2a: Staraptor|27\/100|[from] item: Rocky Helmet|[of] p1a: Clefable\n|-damage|p2a: Staraptor|0 fnt|[from] Recoil\n|faint|p2a: Staraptor\n|\n|upkeep\n|\n|t:|1701134848\n|switch|p2a: Roserade|Roserade, F|100\/100\n|-damage|p2a: Roserade|88\/100|[from] Stealth Rock\n|turn|7\n|\n|t:|1701134856\n|move|p2a: Roserade|Giga Drain|p1a: Clefable\n|-damage|p1a: Clefable|0 fnt\n|-heal|p2a: Roserade|100\/100|[from] drain|[of] p1a: Clefable\n|faint|p1a: Clefable\n|\n|upkeep\n|\n|t:|1701134862\n|switch|p1a: Latias|Latias, F|100\/100\n|turn|8\n|\n|t:|1701134866\n|detailschange|p1a: Latias|Latias-Mega, F\n|-mega|p1a: Latias|Latias|Latiasite\n|move|p1a: Latias|Calm Mind|p1a: Latias\n|-boost|p1a: Latias|spa|1\n|-boost|p1a: Latias|spd|1\n|move|p2a: Roserade|Stun Spore|p1a: Latias|[miss]\n|-miss|p2a: Roserade|p1a: Latias\n|\n|upkeep\n|turn|9\n|\n|t:|1701134874\n|move|p1a: Latias|Stored Power|p2a: Roserade\n|-supereffective|p2a: Roserade\n|-damage|p2a: Roserade|0 fnt\n|faint|p2a: Roserade\n|\n|upkeep\n|\n|t:|1701134882\n|switch|p2a: Torterra|Torterra, M|100\/100\n|-damage|p2a: Torterra|94\/100|[from] Stealth Rock\n|turn|10\n|\n|t:|1701134885\n|-terastallize|p2a: Torterra|Rock\n|move|p1a: Latias|Calm Mind|p1a: Latias\n|-boost|p1a: Latias|spa|1\n|-boost|p1a: Latias|spd|1\n|move|p2a: Torterra|Shell Smash|p2a: Torterra\n|-unboost|p2a: Torterra|def|1\n|-unboost|p2a: Torterra|spd|1\n|-boost|p2a: Torterra|atk|2\n|-boost|p2a: Torterra|spa|2\n|-boost|p2a: Torterra|spe|2\n|\n|upkeep\n|turn|11\n|\n|t:|1701134893\n|move|p2a: Torterra|Rock Blast|p1a: Latias\n|-damage|p1a: Latias|81\/100\n|-damage|p1a: Latias|61\/100\n|-damage|p1a: Latias|40\/100\n|-damage|p1a: Latias|21\/100\n|-damage|p1a: Latias|2\/100\n|-hitcount|p1a: Latias|5\n|move|p1a: Latias|Aura Sphere|p2a: Torterra\n|-supereffective|p2a: Torterra\n|-damage|p2a: Torterra|0 fnt\n|faint|p2a: Torterra\n|\n|upkeep\n|\n|t:|1701134907\n|switch|p2a: Luxray|Luxray, F|100\/100\n|-damage|p2a: Luxray|88\/100|[from] Stealth Rock\n|-ability|p2a: Luxray|Intimidate|boost\n|-unboost|p1a: Latias|atk|1\n|turn|12\n|\n|t:|1701134912\n|move|p1a: Latias|Stored Power|p2a: Luxray\n|-damage|p2a: Luxray|0 fnt\n|faint|p2a: Luxray\n|\n|upkeep\n|\n|t:|1701134914\n|switch|p2a: Rampardos|Rampardos, M|100\/100\n|-damage|p2a: Rampardos|88\/100|[from] Stealth Rock\n|-ability|p2a: Rampardos|Mold Breaker\n|turn|13\n|\n|t:|1701134918\n|move|p1a: Latias|Aura Sphere|p2a: Rampardos\n|-supereffective|p2a: Rampardos\n|-damage|p2a: Rampardos|0 fnt\n|faint|p2a: Rampardos\n|\n|win|sumperkenny\n|raw|sumperkenny's rating: 1174 &rarr; <strong>1207<\/strong><br \/>(+33 for winning)\n|raw|Mareoo's rating: 1282 &rarr; <strong>1249<\/strong><br \/>(-33 for losing)\n|l|\u2606Mareoo\n","uploadtime":1701134921,"views":1,"p1id":"sumperkenny","p2id":"mareoo","formatid":"gen9nationaldex","rating":1207,"private":0,"password":""}