{"id":"gen9nationaldex-1989462451","p1":"johim","p2":"helpwhatttt","format":"[Gen 9] National Dex","log":"|j|\u2606johim\n|j|\u2606helpwhatttt\n|t:|1699854279\n|gametype|singles\n|player|p1|johim|riley|1236\n|player|p2|helpwhatttt|lusamine|1304\n|teamsize|p1|6\n|teamsize|p2|6\n|gen|9\n|tier|[Gen 9] National Dex\n|rated|\n|rule|HP Percentage Mod: HP is shown in percentages\n|rule|Endless Battle Clause: Forcing endless battles is banned\n|rule|OHKO Clause: OHKO moves are banned\n|rule|Evasion Clause: Evasion abilities, items, and moves are banned\n|rule|Evasion Abilities Clause: Evasion abilities are banned\n|rule|Evasion Items Clause: Evasion items are banned\n|rule|Evasion Moves Clause: Evasion moves are banned\n|rule|Species Clause: Limit one of each Pok\u00e9mon\n|rule|Sleep Clause Mod: Limit one foe put to sleep\n|clearpoke\n|poke|p1|Charizard, M|\n|poke|p1|Rhydon, M|\n|poke|p1|Cloyster, M|\n|poke|p1|Crobat, M|\n|poke|p1|Magneton|\n|poke|p1|Hitmonlee, M|\n|poke|p2|Lopunny, F|\n|poke|p2|Corviknight, F|\n|poke|p2|Enamorus, F|\n|poke|p2|Clodsire, F|\n|poke|p2|Kartana|\n|poke|p2|Zapdos|\n|teampreview\n|\n|t:|1699854291\n|start\n|switch|p1a: Crobat|Crobat, M|100\/100\n|switch|p2a: Lopunny|Lopunny, F|100\/100\n|turn|1\n|\n|t:|1699854313\n|detailschange|p2a: Lopunny|Lopunny-Mega, F\n|-mega|p2a: Lopunny|Lopunny|Lopunnite\n|move|p2a: Lopunny|Fake Out|p1a: Crobat\n|-damage|p1a: Crobat|70\/100\n|move|p1a: Crobat|Nasty Plot|p1a: Crobat\n|-boost|p1a: Crobat|spa|2\n|\n|upkeep\n|turn|2\n|\n|t:|1699854330\n|move|p2a: Lopunny|Frustration|p1a: Crobat\n|-damage|p1a: Crobat|0 fnt\n|faint|p1a: Crobat\n|\n|upkeep\n|\n|t:|1699854348\n|switch|p1a: Hitmonlee|Hitmonlee, M|100\/100\n|turn|3\n|\n|t:|1699854353\n|move|p2a: Lopunny|U-turn|p1a: Hitmonlee\n|-resisted|p1a: Hitmonlee\n|-damage|p1a: Hitmonlee|69\/100\n|\n|t:|1699854356\n|switch|p2a: Enamorus|Enamorus, F|100\/100|[from] U-turn\n|move|p1a: Hitmonlee|Rapid Spin|p2a: Enamorus\n|-damage|p2a: Enamorus|71\/100\n|-boost|p1a: Hitmonlee|spe|1\n|\n|upkeep\n|turn|4\n|\n|t:|1699854360\n|move|p1a: Hitmonlee|Stone Edge|p2a: Enamorus\n|-supereffective|p2a: Enamorus\n|-damage|p2a: Enamorus|0 fnt\n|faint|p2a: Enamorus\n|\n|upkeep\n|\n|t:|1699854365\n|switch|p2a: Lopunny|Lopunny-Mega, F|100\/100\n|turn|5\n|\n|t:|1699854368\n|move|p2a: Lopunny|Fake Out|p1a: Hitmonlee\n|-damage|p1a: Hitmonlee|20\/100\n|cant|p1a: Hitmonlee|flinch\n|\n|upkeep\n|turn|6\n|\n|t:|1699854371\n|switch|p2a: Clodsire|Clodsire, F|100\/100\n|move|p1a: Hitmonlee|Close Combat|p2a: Clodsire\n|-resisted|p2a: Clodsire\n|-damage|p2a: Clodsire|62\/100\n|-unboost|p1a: Hitmonlee|def|1\n|-unboost|p1a: Hitmonlee|spd|1\n|\n|-heal|p2a: Clodsire|69\/100|[from] item: Leftovers\n|upkeep\n|turn|7\n|\n|t:|1699854377\n|switch|p2a: Corviknight|Corviknight, F|100\/100\n|-ability|p2a: Corviknight|Pressure\n|move|p1a: Hitmonlee|Rapid Spin|p2a: Corviknight\n|-resisted|p2a: Corviknight\n|-damage|p2a: Corviknight|95\/100\n|-boost|p1a: Hitmonlee|spe|1\n|-damage|p1a: Hitmonlee|3\/100|[from] item: Rocky Helmet|[of] p2a: Corviknight\n|\n|upkeep\n|turn|8\n|\n|t:|1699854385\n|move|p1a: Hitmonlee|Stone Edge|p2a: Corviknight\n|-damage|p2a: Corviknight|75\/100\n|move|p2a: Corviknight|Roost|p2a: Corviknight\n|-heal|p2a: Corviknight|100\/100\n|-singleturn|p2a: Corviknight|move: Roost\n|\n|upkeep\n|turn|9\n|\n|t:|1699854389\n|move|p1a: Hitmonlee|Bulk Up|p1a: Hitmonlee\n|-boost|p1a: Hitmonlee|atk|1\n|-boost|p1a: Hitmonlee|def|1\n|move|p2a: Corviknight|U-turn|p1a: Hitmonlee\n|-resisted|p1a: Hitmonlee\n|-damage|p1a: Hitmonlee|0 fnt\n|faint|p1a: Hitmonlee\n|\n|t:|1699854397\n|switch|p2a: Lopunny|Lopunny-Mega, F|100\/100|[from] U-turn\n|\n|upkeep\n|\n|t:|1699854404\n|switch|p1a: Rhydon|Rhydon, M|100\/100\n|turn|10\n|\n|t:|1699854407\n|move|p2a: Lopunny|Fake Out|p1a: Rhydon\n|-resisted|p1a: Rhydon\n|-damage|p1a: Rhydon|95\/100\n|cant|p1a: Rhydon|flinch\n|\n|upkeep\n|turn|11\n|\n|t:|1699854410\n|-terastallize|p1a: Rhydon|Water\n|move|p2a: Lopunny|Close Combat|p1a: Rhydon\n|-damage|p1a: Rhydon|66\/100\n|-unboost|p2a: Lopunny|def|1\n|-unboost|p2a: Lopunny|spd|1\n|move|p1a: Rhydon|Swords Dance|p1a: Rhydon\n|-boost|p1a: Rhydon|atk|2\n|\n|upkeep\n|turn|12\n|\n|t:|1699854414\n|move|p2a: Lopunny|U-turn|p1a: Rhydon\n|-damage|p1a: Rhydon|54\/100\n|\n|t:|1699854416\n|switch|p2a: Corviknight|Corviknight, F|100\/100|[from] U-turn\n|-ability|p2a: Corviknight|Pressure\n|move|p1a: Rhydon|Earthquake|p2a: Corviknight\n|-immune|p2a: Corviknight\n|\n|upkeep\n|turn|13\n|\n|t:|1699854423\n|move|p2a: Corviknight|U-turn|p1a: Rhydon\n|-damage|p1a: Rhydon|47\/100\n|\n|t:|1699854427\n|switch|p2a: Zapdos|Zapdos|100\/100|[from] U-turn\n|move|p1a: Rhydon|Stone Edge|p2a: Zapdos\n|-supereffective|p2a: Zapdos\n|-damage|p2a: Zapdos|0 fnt\n|faint|p2a: Zapdos\n|\n|upkeep\n|\n|t:|1699854438\n|switch|p2a: Kartana|Kartana|100\/100\n|turn|14\n|\n|t:|1699854443\n|switch|p1a: Magneton|Magneton|100\/100\n|move|p2a: Kartana|Leaf Blade|p1a: Magneton\n|-resisted|p1a: Magneton\n|-damage|p1a: Magneton|71\/100\n|\n|upkeep\n|turn|15\n|\n|t:|1699854452\n|move|p2a: Kartana|Leaf Blade|p1a: Magneton\n|-resisted|p1a: Magneton\n|-damage|p1a: Magneton|44\/100\n|move|p1a: Magneton|Thunder Wave|p2a: Kartana\n|-status|p2a: Kartana|par\n|\n|upkeep\n|turn|16\n|\n|t:|1699854462\n|switch|p1a: Charizard|Charizard, M|100\/100\n|move|p2a: Kartana|Leaf Blade|p1a: Charizard\n|-resisted|p1a: Charizard\n|-damage|p1a: Charizard|81\/100\n|\n|upkeep\n|turn|17\n|\n|t:|1699854468\n|switch|p2a: Clodsire|Clodsire, F|69\/100\n|detailschange|p1a: Charizard|Charizard-Mega-Y, M\n|-mega|p1a: Charizard|Charizard|Charizardite Y\n|-weather|SunnyDay|[from] ability: Drought|[of] p1a: Charizard\n|move|p1a: Charizard|Fire Blast|p2a: Clodsire\n|-damage|p2a: Clodsire|18\/100\n|-status|p2a: Clodsire|brn\n|\n|-weather|SunnyDay|[upkeep]\n|-heal|p2a: Clodsire|24\/100 brn|[from] item: Leftovers\n|-damage|p2a: Clodsire|18\/100 brn|[from] brn\n|upkeep\n|turn|18\n|\n|t:|1699854479\n|move|p1a: Charizard|Air Slash|p2a: Clodsire\n|-damage|p2a: Clodsire|0 fnt\n|faint|p2a: Clodsire\n|\n|-weather|SunnyDay|[upkeep]\n|upkeep\n|\n|t:|1699854480\n|switch|p2a: Lopunny|Lopunny-Mega, F|100\/100\n|turn|19\n|\n|t:|1699854487\n|switch|p1a: Magneton|Magneton|44\/100\n|move|p2a: Lopunny|Fake Out|p1a: Magneton\n|-resisted|p1a: Magneton\n|-damage|p1a: Magneton|33\/100\n|\n|-weather|SunnyDay|[upkeep]\n|upkeep\n|turn|20\n|\n|t:|1699854493\n|move|p2a: Lopunny|Close Combat|p1a: Magneton\n|-supereffective|p1a: Magneton\n|-damage|p1a: Magneton|0 fnt\n|-unboost|p2a: Lopunny|def|1\n|-unboost|p2a: Lopunny|spd|1\n|faint|p1a: Magneton\n|\n|-weather|SunnyDay|[upkeep]\n|upkeep\n|\n|t:|1699854500\n|switch|p1a: Cloyster|Cloyster, M|100\/100\n|turn|21\n|\n|t:|1699854505\n|move|p2a: Lopunny|Close Combat|p1a: Cloyster\n|-supereffective|p1a: Cloyster\n|-enditem|p1a: Cloyster|Focus Sash\n|-damage|p1a: Cloyster|1\/100\n|-unboost|p2a: Lopunny|def|1\n|-unboost|p2a: Lopunny|spd|1\n|move|p1a: Cloyster|Shell Smash|p1a: Cloyster\n|-unboost|p1a: Cloyster|def|1\n|-unboost|p1a: Cloyster|spd|1\n|-boost|p1a: Cloyster|atk|2\n|-boost|p1a: Cloyster|spa|2\n|-boost|p1a: Cloyster|spe|2\n|\n|-weather|none\n|upkeep\n|turn|22\n|\n|t:|1699854508\n|switch|p2a: Corviknight|Corviknight, F|100\/100\n|-ability|p2a: Corviknight|Pressure\n|move|p1a: Cloyster|Icicle Spear|p2a: Corviknight\n|-damage|p2a: Corviknight|88\/100\n|-damage|p2a: Corviknight|75\/100\n|-damage|p2a: Corviknight|62\/100\n|-damage|p2a: Corviknight|50\/100\n|-damage|p2a: Corviknight|38\/100\n|-hitcount|p2a: Corviknight|5\n|\n|upkeep\n|turn|23\n|\n|t:|1699854519\n|move|p1a: Cloyster|Icicle Spear|p2a: Corviknight\n|-damage|p2a: Corviknight|26\/100\n|-damage|p2a: Corviknight|13\/100\n|-damage|p2a: Corviknight|1\/100\n|-damage|p2a: Corviknight|0 fnt\n|faint|p2a: Corviknight\n|-hitcount|p2: Corviknight|4\n|\n|upkeep\n|\n|t:|1699854522\n|switch|p2a: Lopunny|Lopunny-Mega, F|100\/100\n|turn|24\n|\n|t:|1699854525\n|move|p2a: Lopunny|Fake Out|p1a: Cloyster\n|-damage|p1a: Cloyster|0 fnt\n|faint|p1a: Cloyster\n|\n|upkeep\n|\n|t:|1699854527\n|switch|p1a: Charizard|Charizard-Mega-Y, M|81\/100\n|-weather|SunnyDay|[from] ability: Drought|[of] p1a: Charizard\n|turn|25\n|\n|t:|1699854531\n|move|p2a: Lopunny|Frustration|p1a: Charizard\n|-damage|p1a: Charizard|5\/100\n|move|p1a: Charizard|Air Slash|p2a: Lopunny\n|-supereffective|p2a: Lopunny\n|-damage|p2a: Lopunny|0 fnt\n|faint|p2a: Lopunny\n|\n|-weather|SunnyDay|[upkeep]\n|upkeep\n|\n|t:|1699854533\n|switch|p2a: Kartana|Kartana|100\/100 par\n|turn|26\n|\n|t:|1699854537\n|move|p1a: Charizard|Fire Blast|p2a: Kartana\n|-supereffective|p2a: Kartana\n|-damage|p2a: Kartana|0 fnt\n|faint|p2a: Kartana\n|\n|win|johim\n|raw|johim's rating: 1236 &rarr; <strong>1266<\/strong><br \/>(+30 for winning)\n|raw|helpwhatttt's rating: 1304 &rarr; <strong>1280<\/strong><br \/>(-24 for losing)\n|l|\u2606helpwhatttt\n","uploadtime":1699854546,"views":5,"p1id":"johim","p2id":"helpwhatttt","formatid":"gen9nationaldex","rating":1266,"private":0,"password":""}