{"id":"gen9nationaldex-1989438285","p1":"ItsPookinTime","p2":"ChallengerSeb","format":"[Gen 9] National Dex","log":"|j|\u2606ItsPookinTime\n|j|\u2606ChallengerSeb\n|t:|1699850483\n|gametype|singles\n|player|p1|ItsPookinTime|169|\n|player|p2|ChallengerSeb|170|\n|teamsize|p1|6\n|teamsize|p2|6\n|gen|9\n|tier|[Gen 9] National Dex\n|rule|HP Percentage Mod: HP is shown in percentages\n|rule|Endless Battle Clause: Forcing endless battles is banned\n|rule|OHKO Clause: OHKO moves are banned\n|rule|Evasion Clause: Evasion abilities, items, and moves are banned\n|rule|Evasion Abilities Clause: Evasion abilities are banned\n|rule|Evasion Items Clause: Evasion items are banned\n|rule|Evasion Moves Clause: Evasion moves are banned\n|rule|Species Clause: Limit one of each Pok\u00e9mon\n|rule|Sleep Clause Mod: Limit one foe put to sleep\n|clearpoke\n|poke|p1|Serperior, M|\n|poke|p1|Braviary-Hisui, M|\n|poke|p1|Kingdra, F|\n|poke|p1|Obstagoon, M|\n|poke|p1|Copperajah, M|\n|poke|p1|Electrode-Hisui|\n|poke|p2|Gengar, F|\n|poke|p2|Breloom, M|\n|poke|p2|Empoleon, F|\n|poke|p2|Bellibolt, M|\n|poke|p2|Hitmontop, M|\n|poke|p2|Leavanny, F|\n|teampreview\n|\n|t:|1699850491\n|start\n|switch|p1a: Serperior|Serperior, M|100\/100\n|switch|p2a: Breloom|Breloom, M|100\/100\n|turn|1\n|\n|t:|1699850498\n|move|p1a: Serperior|Glare|p2a: Breloom\n|-status|p2a: Breloom|par\n|move|p2a: Breloom|Swords Dance|p2a: Breloom\n|-boost|p2a: Breloom|atk|2\n|\n|upkeep\n|turn|2\n|\n|t:|1699850514\n|move|p2a: Breloom|Mach Punch|p1a: Serperior\n|-damage|p1a: Serperior|21\/100\n|move|p1a: Serperior|Substitute|p1a: Serperior\n|-fail|p1a: Serperior|move: Substitute|[weak]\n|\n|upkeep\n|turn|3\n|\n|t:|1699850521\n|move|p2a: Breloom|Mach Punch|p1a: Serperior\n|-damage|p1a: Serperior|0 fnt\n|faint|p1a: Serperior\n|\n|upkeep\n|\n|t:|1699850525\n|switch|p1a: Braviary|Braviary-Hisui, M|100\/100\n|turn|4\n|\n|t:|1699850534\n|switch|p2a: Empoleon|Empoleon, F|100\/100\n|move|p1a: Braviary|Calm Mind|p1a: Braviary\n|-boost|p1a: Braviary|spa|1\n|-boost|p1a: Braviary|spd|1\n|\n|upkeep\n|turn|5\n|\n|t:|1699850541\n|move|p1a: Braviary|Esper Wing|p2a: Empoleon\n|-resisted|p2a: Empoleon\n|-damage|p2a: Empoleon|81\/100\n|-boost|p1a: Braviary|spe|1\n|move|p2a: Empoleon|Stealth Rock|p1a: Braviary\n|-sidestart|p1: ItsPookinTime|move: Stealth Rock\n|\n|-heal|p2a: Empoleon|87\/100|[from] item: Leftovers\n|upkeep\n|turn|6\n|\n|t:|1699850549\n|move|p2a: Empoleon|Ice Beam|p1a: Braviary\n|-supereffective|p1a: Braviary\n|-damage|p1a: Braviary|66\/100\n|move|p1a: Braviary|Whirlwind|p2a: Empoleon\n|drag|p2a: Breloom|Breloom, M|100\/100 par\n|\n|upkeep\n|turn|7\n|\n|t:|1699850559\n|switch|p2a: Empoleon|Empoleon, F|87\/100\n|move|p1a: Braviary|Esper Wing|p2a: Empoleon\n|-resisted|p2a: Empoleon\n|-damage|p2a: Empoleon|68\/100\n|-boost|p1a: Braviary|spe|1\n|\n|-heal|p2a: Empoleon|74\/100|[from] item: Leftovers\n|upkeep\n|turn|8\n|\n|t:|1699850567\n|move|p2a: Empoleon|Ice Beam|p1a: Braviary\n|-supereffective|p1a: Braviary\n|-damage|p1a: Braviary|35\/100\n|move|p1a: Braviary|Whirlwind|p2a: Empoleon\n|drag|p2a: Breloom|Breloom, M|100\/100 par\n|\n|upkeep\n|turn|9\n|\n|t:|1699850576\n|switch|p2a: Empoleon|Empoleon, F|74\/100\n|move|p1a: Braviary|Calm Mind|p1a: Braviary\n|-boost|p1a: Braviary|spa|1\n|-boost|p1a: Braviary|spd|1\n|\n|-heal|p2a: Empoleon|80\/100|[from] item: Leftovers\n|upkeep\n|turn|10\n|\n|t:|1699850584\n|move|p1a: Braviary|Esper Wing|p2a: Empoleon\n|-resisted|p2a: Empoleon\n|-damage|p2a: Empoleon|55\/100\n|-boost|p1a: Braviary|spe|1\n|move|p2a: Empoleon|Ice Beam|p1a: Braviary\n|-supereffective|p1a: Braviary\n|-damage|p1a: Braviary|12\/100\n|\n|-heal|p2a: Empoleon|62\/100|[from] item: Leftovers\n|upkeep\n|turn|11\n|\n|t:|1699850596\n|move|p1a: Braviary|Esper Wing|p2a: Empoleon\n|-resisted|p2a: Empoleon\n|-damage|p2a: Empoleon|36\/100\n|-boost|p1a: Braviary|spe|1\n|move|p2a: Empoleon|Ice Beam|p1a: Braviary\n|-supereffective|p1a: Braviary\n|-damage|p1a: Braviary|0 fnt\n|faint|p1a: Braviary\n|\n|-heal|p2a: Empoleon|42\/100|[from] item: Leftovers\n|upkeep\n|\n|t:|1699850612\n|switch|p1a: Copperajah|Copperajah, M|100\/100\n|-damage|p1a: Copperajah|94\/100|[from] Stealth Rock\n|turn|12\n|\n|t:|1699850624\n|switch|p2a: Hitmontop|Hitmontop, M|100\/100\n|-ability|p2a: Hitmontop|Intimidate|boost\n|-unboost|p1a: Copperajah|atk|1\n|move|p1a: Copperajah|Knock Off|p2a: Hitmontop\n|-resisted|p2a: Hitmontop\n|-damage|p2a: Hitmontop|83\/100\n|-enditem|p2a: Hitmontop|Assault Vest|[from] move: Knock Off|[of] p1a: Copperajah\n|\n|upkeep\n|turn|13\n|\n|t:|1699850634\n|switch|p1a: Electrode|Electrode-Hisui|100\/100\n|-damage|p1a: Electrode|88\/100|[from] Stealth Rock\n|move|p2a: Hitmontop|Fake Out|p1a: Electrode\n|-damage|p1a: Electrode|73\/100\n|\n|upkeep\n|turn|14\n|\n|t:|1699850651\n|switch|p2a: Leavanny|Leavanny, F|100\/100\n|move|p1a: Electrode|Volt Switch|p2a: Leavanny\n|-resisted|p2a: Leavanny\n|-damage|p2a: Leavanny|87\/100\n|\n|t:|1699850657\n|switch|p1a: Copperajah|Copperajah, M|94\/100|[from] Volt Switch\n|-damage|p1a: Copperajah|88\/100|[from] Stealth Rock\n|\n|upkeep\n|turn|15\n|\n|t:|1699850669\n|move|p2a: Leavanny|Knock Off|p1a: Copperajah\n|-damage|p1a: Copperajah|43\/100\n|-enditem|p1a: Copperajah|Assault Vest|[from] move: Knock Off|[of] p2a: Leavanny\n|move|p1a: Copperajah|Heat Crash|p2a: Leavanny\n|-supereffective|p2a: Leavanny\n|-damage|p2a: Leavanny|0 fnt\n|faint|p2a: Leavanny\n|\n|upkeep\n|\n|t:|1699850671\n|switch|p2a: Hitmontop|Hitmontop, M|83\/100\n|-ability|p2a: Hitmontop|Intimidate|boost\n|-unboost|p1a: Copperajah|atk|1\n|turn|16\n|\n|t:|1699850680\n|switch|p1a: Kingdra|Kingdra, F|100\/100\n|-damage|p1a: Kingdra|88\/100|[from] Stealth Rock\n|move|p2a: Hitmontop|Fake Out|p1a: Kingdra\n|-damage|p1a: Kingdra|76\/100\n|\n|-heal|p1a: Kingdra|82\/100|[from] item: Leftovers\n|upkeep\n|turn|17\n|\n|t:|1699850694\n|switch|p2a: Empoleon|Empoleon, F|42\/100\n|move|p1a: Kingdra|Toxic|p2a: Empoleon\n|-immune|p2a: Empoleon\n|\n|-heal|p1a: Kingdra|89\/100|[from] item: Leftovers\n|-heal|p2a: Empoleon|48\/100|[from] item: Leftovers\n|upkeep\n|turn|18\n|\n|t:|1699850704\n|move|p1a: Kingdra|Flip Turn|p2a: Empoleon\n|-resisted|p2a: Empoleon\n|-damage|p2a: Empoleon|39\/100\n|\n|t:|1699850710\n|switch|p1a: Electrode|Electrode-Hisui|73\/100|[from] Flip Turn\n|-damage|p1a: Electrode|60\/100|[from] Stealth Rock\n|move|p2a: Empoleon|Ice Beam|p1a: Electrode\n|-supereffective|p1a: Electrode\n|-damage|p1a: Electrode|5\/100\n|\n|-heal|p2a: Empoleon|45\/100|[from] item: Leftovers\n|upkeep\n|turn|19\n|\n|t:|1699850718\n|switch|p2a: Bellibolt|Bellibolt, M|100\/100\n|move|p1a: Electrode|Volt Switch|p2a: Bellibolt\n|-resisted|p2a: Bellibolt\n|-damage|p2a: Bellibolt|91\/100\n|-start|p2a: Bellibolt|Charge|Volt Switch|[from] ability: Electromorphosis\n|\n|t:|1699850725\n|switch|p1a: Obstagoon|Obstagoon, M|100\/100|[from] Volt Switch\n|-damage|p1a: Obstagoon|88\/100|[from] Stealth Rock\n|\n|-heal|p2a: Bellibolt|97\/100|[from] item: Leftovers\n|-status|p1a: Obstagoon|brn|[from] item: Flame Orb\n|upkeep\n|turn|20\n|\n|t:|1699850738\n|move|p1a: Obstagoon|Facade|p2a: Bellibolt\n|-crit|p2a: Bellibolt\n|-damage|p2a: Bellibolt|21\/100\n|-start|p2a: Bellibolt|Charge|Facade|[from] ability: Electromorphosis\n|move|p2a: Bellibolt|Volt Switch|p1a: Obstagoon\n|-damage|p1a: Obstagoon|29\/100 brn\n|-end|p2a: Bellibolt|Charge|[silent]\n|\n|t:|1699850746\n|switch|p2a: Hitmontop|Hitmontop, M|83\/100|[from] Volt Switch\n|-ability|p2a: Hitmontop|Intimidate|boost\n|-unboost|p1a: Obstagoon|atk|1\n|\n|-damage|p1a: Obstagoon|23\/100 brn|[from] brn\n|upkeep\n|turn|21\n|\n|t:|1699850756\n|switch|p1a: Copperajah|Copperajah, M|43\/100\n|-damage|p1a: Copperajah|37\/100|[from] Stealth Rock\n|move|p2a: Hitmontop|Close Combat|p1a: Copperajah\n|-supereffective|p1a: Copperajah\n|-damage|p1a: Copperajah|0 fnt\n|-unboost|p2a: Hitmontop|def|1\n|-unboost|p2a: Hitmontop|spd|1\n|faint|p1a: Copperajah\n|\n|upkeep\n|\n|t:|1699850765\n|switch|p1a: Electrode|Electrode-Hisui|5\/100\n|-damage|p1a: Electrode|0 fnt|[from] Stealth Rock\n|faint|p1a: Electrode\n|j| Bronzong\n|\n|t:|1699850772\n|switch|p1a: Obstagoon|Obstagoon, M|23\/100 brn\n|-damage|p1a: Obstagoon|11\/100 brn|[from] Stealth Rock\n|turn|22\n|\n|t:|1699850779\n|move|p2a: Hitmontop|Sucker Punch|p1a: Obstagoon\n|-resisted|p1a: Obstagoon\n|-damage|p1a: Obstagoon|0 fnt\n|faint|p1a: Obstagoon\n|\n|upkeep\n|c| Bronzong|GO SEB YOU WIN THESE\n|\n|t:|1699850783\n|switch|p1a: Kingdra|Kingdra, F|89\/100\n|-damage|p1a: Kingdra|76\/100|[from] Stealth Rock\n|turn|23\n|\n|t:|1699850786\n|switch|p2a: Bellibolt|Bellibolt, M|21\/100\n|move|p1a: Kingdra|Draco Meteor|p2a: Bellibolt\n|-damage|p2a: Bellibolt|0 fnt\n|-unboost|p1a: Kingdra|spa|2\n|faint|p2a: Bellibolt\n|\n|-heal|p1a: Kingdra|82\/100|[from] item: Leftovers\n|upkeep\n|\n|t:|1699850790\n|switch|p2a: Hitmontop|Hitmontop, M|83\/100\n|-ability|p2a: Hitmontop|Intimidate|boost\n|-unboost|p1a: Kingdra|atk|1\n|turn|24\n|\n|t:|1699850799\n|move|p2a: Hitmontop|Fake Out|p1a: Kingdra\n|-damage|p1a: Kingdra|71\/100\n|cant|p1a: Kingdra|flinch\n|\n|-heal|p1a: Kingdra|77\/100|[from] item: Leftovers\n|upkeep\n|turn|25\n|\n|t:|1699850814\n|move|p1a: Kingdra|Flip Turn|p2a: Hitmontop\n|-damage|p2a: Hitmontop|67\/100\n|move|p2a: Hitmontop|Close Combat|p1a: Kingdra\n|-damage|p1a: Kingdra|29\/100\n|-unboost|p2a: Hitmontop|def|1\n|-unboost|p2a: Hitmontop|spd|1\n|\n|-heal|p1a: Kingdra|35\/100|[from] item: Leftovers\n|upkeep\n|turn|26\n|\n|t:|1699850823\n|move|p1a: Kingdra|Draco Meteor|p2a: Hitmontop|[miss]\n|-miss|p1a: Kingdra|p2a: Hitmontop\n|move|p2a: Hitmontop|Close Combat|p1a: Kingdra\n|-damage|p1a: Kingdra|0 fnt\n|-unboost|p2a: Hitmontop|def|1\n|-unboost|p2a: Hitmontop|spd|1\n|faint|p1a: Kingdra\n|\n|win|ChallengerSeb\n","uploadtime":1699850828,"views":26,"p1id":"itspookintime","p2id":"challengerseb","formatid":"gen9nationaldex","rating":0,"private":0,"password":""}