{"id":"gen9nationaldex-1988782062","p1":"Frostburg","p2":"KyosukeKamijou","format":"[Gen 9] National Dex","log":"|j|\u2606Frostburg\n|j|\u2606KyosukeKamijou\n|t:|1699762431\n|gametype|singles\n|player|p1|Frostburg|drayden|1025\n|player|p2|KyosukeKamijou|ghetsis|1112\n|teamsize|p1|6\n|teamsize|p2|6\n|gen|9\n|tier|[Gen 9] National Dex\n|rated|\n|rule|HP Percentage Mod: HP is shown in percentages\n|rule|Endless Battle Clause: Forcing endless battles is banned\n|rule|OHKO Clause: OHKO moves are banned\n|rule|Evasion Clause: Evasion abilities, items, and moves are banned\n|rule|Evasion Abilities Clause: Evasion abilities are banned\n|rule|Evasion Items Clause: Evasion items are banned\n|rule|Evasion Moves Clause: Evasion moves are banned\n|rule|Species Clause: Limit one of each Pok\u00e9mon\n|rule|Sleep Clause Mod: Limit one foe put to sleep\n|clearpoke\n|poke|p1|Hippowdon, M|\n|poke|p1|Ting-Lu|\n|poke|p1|Gastrodon-East, F|\n|poke|p1|Excadrill, M|\n|poke|p1|Mamoswine, M|\n|poke|p1|Garchomp, F|\n|poke|p2|Tapu Koko|\n|poke|p2|Great Tusk|\n|poke|p2|Ogerpon-Cornerstone, F|\n|poke|p2|Charizard, M|\n|poke|p2|Greninja-*, M|\n|poke|p2|Volcarona, F|\n|teampreview\n|inactive|Battle timer is ON: inactive players will automatically lose when time's up. (requested by Frostburg)\n|\n|t:|1699762451\n|start\n|switch|p1a: HiPo|Hippowdon, M|100\/100\n|switch|p2a: Onisister|Ogerpon-Cornerstone, F|100\/100\n|-weather|Sandstorm|[from] ability: Sand Stream|[of] p1a: HiPo\n|turn|1\n|\n|t:|1699762461\n|move|p2a: Onisister|Leech Seed|p1a: HiPo\n|-start|p1a: HiPo|move: Leech Seed\n|move|p1a: HiPo|Stealth Rock|p2a: Onisister\n|-sidestart|p2: KyosukeKamijou|move: Stealth Rock\n|\n|-weather|Sandstorm|[upkeep]\n|-damage|p1a: HiPo|88\/100|[from] Leech Seed|[of] p2a: Onisister\n|upkeep\n|turn|2\n|\n|t:|1699762471\n|move|p2a: Onisister|Spiky Shield|p2a: Onisister\n|-singleturn|p2a: Onisister|move: Protect\n|move|p1a: HiPo|Whirlwind|p2a: Onisister\n|drag|p2a: PapillonOhger|Volcarona, F, shiny|100\/100\n|\n|-weather|Sandstorm|[upkeep]\n|-damage|p2a: PapillonOhger|94\/100|[from] Sandstorm\n|-damage|p1a: HiPo|76\/100|[from] Leech Seed|[of] p2a: PapillonOhger\n|-heal|p2a: PapillonOhger|100\/100|[silent]\n|upkeep\n|turn|3\n|\n|t:|1699762483\n|switch|p1a: Mamoswine|Mamoswine, M|100\/100\n|move|p2a: PapillonOhger|Giga Drain|p1a: Mamoswine\n|-supereffective|p1a: Mamoswine\n|-damage|p1a: Mamoswine|15\/100\n|\n|-weather|Sandstorm|[upkeep]\n|-damage|p2a: PapillonOhger|94\/100|[from] Sandstorm\n|upkeep\n|turn|4\n|\n|t:|1699762493\n|move|p2a: PapillonOhger|Giga Drain|p1a: Mamoswine\n|-supereffective|p1a: Mamoswine\n|-damage|p1a: Mamoswine|0 fnt\n|-heal|p2a: PapillonOhger|100\/100|[from] drain|[of] p1a: Mamoswine\n|faint|p1a: Mamoswine\n|\n|-weather|Sandstorm|[upkeep]\n|-damage|p2a: PapillonOhger|94\/100|[from] Sandstorm\n|upkeep\n|\n|t:|1699762502\n|switch|p1a: Excadrill|Excadrill, M|100\/100\n|turn|5\n|\n|t:|1699762506\n|move|p1a: Excadrill|Earthquake|p2a: PapillonOhger\n|-damage|p2a: PapillonOhger|4\/100\n|move|p2a: PapillonOhger|Quiver Dance|p2a: PapillonOhger\n|-boost|p2a: PapillonOhger|spa|1\n|-boost|p2a: PapillonOhger|spd|1\n|-boost|p2a: PapillonOhger|spe|1\n|\n|-weather|none\n|upkeep\n|turn|6\n|\n|t:|1699762517\n|switch|p1a: HiPo|Hippowdon, M|76\/100\n|-weather|Sandstorm|[from] ability: Sand Stream|[of] p1a: HiPo\n|move|p2a: PapillonOhger|Giga Drain|p1a: HiPo\n|-supereffective|p1a: HiPo\n|-damage|p1a: HiPo|0 fnt\n|-heal|p2a: PapillonOhger|55\/100|[from] drain|[of] p1a: HiPo\n|faint|p1a: HiPo\n|\n|-weather|Sandstorm|[upkeep]\n|-damage|p2a: PapillonOhger|48\/100|[from] Sandstorm\n|upkeep\n|\n|t:|1699762531\n|switch|p1a: Excadrill|Excadrill, M|100\/100\n|turn|7\n|\n|t:|1699762536\n|move|p1a: Excadrill|Earthquake|p2a: PapillonOhger\n|-damage|p2a: PapillonOhger|0 fnt\n|faint|p2a: PapillonOhger\n|\n|-weather|Sandstorm|[upkeep]\n|upkeep\n|\n|t:|1699762542\n|switch|p2a: Magi Yellow|Tapu Koko|100\/100\n|-fieldstart|move: Electric Terrain|[from] ability: Electric Surge|[of] p2a: Magi Yellow\n|turn|8\n|\n|t:|1699762548\n|move|p1a: Excadrill|Earthquake|p2a: Magi Yellow\n|-supereffective|p2a: Magi Yellow\n|-damage|p2a: Magi Yellow|0 fnt\n|faint|p2a: Magi Yellow\n|\n|-weather|Sandstorm|[upkeep]\n|upkeep\n|\n|t:|1699762555\n|switch|p2a: Change Dragon|Charizard, M|100\/100\n|-damage|p2a: Change Dragon|51\/100|[from] Stealth Rock\n|turn|9\n|\n|t:|1699762561\n|detailschange|p2a: Change Dragon|Charizard-Mega-Y, M\n|-mega|p2a: Change Dragon|Charizard|Charizardite Y\n|-weather|SunnyDay|[from] ability: Drought|[of] p2a: Change Dragon\n|move|p2a: Change Dragon|Solar Beam||[still]\n|-prepare|p2a: Change Dragon|Solar Beam\n|-anim|p2a: Change Dragon|Solar Beam|p1a: Excadrill\n|-damage|p1a: Excadrill|35\/100\n|-zpower|p1a: Excadrill\n|move|p1a: Excadrill|Corkscrew Crash|p2a: Change Dragon|[zeffect]\n|-resisted|p2a: Change Dragon\n|-damage|p2a: Change Dragon|0 fnt\n|faint|p2a: Change Dragon\n|\n|-weather|SunnyDay|[upkeep]\n|upkeep\n|\n|t:|1699762574\n|switch|p2a: Mammothranger|Great Tusk|100\/100\n|-damage|p2a: Mammothranger|98\/100|[from] Stealth Rock\n|-activate|p2a: Mammothranger|ability: Protosynthesis\n|-start|p2a: Mammothranger|protosynthesisatk\n|turn|10\n|\n|t:|1699762587\n|switch|p1a: Blue = Better|Gastrodon-East, F|100\/100\n|move|p2a: Mammothranger|Ice Spinner|p1a: Blue = Better\n|-damage|p1a: Blue = Better|74\/100\n|-fieldend|move: Electric Terrain\n|\n|-weather|SunnyDay|[upkeep]\n|-heal|p1a: Blue = Better|80\/100|[from] item: Leftovers\n|upkeep\n|turn|11\n|\n|t:|1699762598\n|-end|p2a: Mammothranger|Protosynthesis|[silent]\n|switch|p2a: Ninja Black|Greninja, M, shiny|100\/100\n|-damage|p2a: Ninja Black|88\/100|[from] Stealth Rock\n|move|p1a: Blue = Better|Toxic|p2a: Ninja Black\n|-status|p2a: Ninja Black|tox\n|\n|-weather|SunnyDay|[upkeep]\n|-heal|p1a: Blue = Better|86\/100|[from] item: Leftovers\n|-damage|p2a: Ninja Black|82\/100 tox|[from] psn\n|upkeep\n|turn|12\n|\n|t:|1699762611\n|move|p2a: Ninja Black|Grass Knot|p1a: Blue = Better\n|-start|p2a: Ninja Black|typechange|Grass|[from] ability: Protean\n|-supereffective|p1a: Blue = Better\n|-damage|p1a: Blue = Better|0 fnt\n|faint|p1a: Blue = Better\n|\n|-weather|SunnyDay|[upkeep]\n|-damage|p2a: Ninja Black|70\/100 tox|[from] psn\n|upkeep\n|\n|t:|1699762621\n|switch|p1a: Garchomp|Garchomp, F|100\/100\n|turn|13\n|\n|t:|1699762630\n|switch|p2a: Mammothranger|Great Tusk|98\/100\n|-damage|p2a: Mammothranger|95\/100|[from] Stealth Rock\n|-activate|p2a: Mammothranger|ability: Protosynthesis\n|-start|p2a: Mammothranger|protosynthesisatk\n|detailschange|p1a: Garchomp|Garchomp-Mega, F\n|-mega|p1a: Garchomp|Garchomp|Garchompite\n|move|p1a: Garchomp|Fire Fang|p2a: Mammothranger\n|-damage|p2a: Mammothranger|65\/100\n|\n|-weather|none\n|-end|p2a: Mammothranger|Protosynthesis\n|upkeep\n|turn|14\n|\n|t:|1699762645\n|move|p2a: Mammothranger|Ice Spinner|p1a: Garchomp\n|-supereffective|p1a: Garchomp\n|-damage|p1a: Garchomp|3\/100\n|move|p1a: Garchomp|Swords Dance|p1a: Garchomp\n|-boost|p1a: Garchomp|atk|2\n|\n|upkeep\n|turn|15\n|\n|t:|1699762656\n|move|p2a: Mammothranger|Ice Spinner|p1a: Garchomp\n|-supereffective|p1a: Garchomp\n|-damage|p1a: Garchomp|0 fnt\n|faint|p1a: Garchomp\n|\n|upkeep\n|\n|t:|1699762665\n|switch|p1a: Kung Fu|Ting-Lu|100\/100\n|-ability|p1a: Kung Fu|Vessel of Ruin\n|turn|16\n|\n|t:|1699762677\n|-terastallize|p1a: Kung Fu|Dark\n|move|p2a: Mammothranger|Ice Spinner|p1a: Kung Fu\n|-damage|p1a: Kung Fu|84\/100\n|move|p1a: Kung Fu|Whirlwind|p2a: Mammothranger\n|-end|p2a: Mammothranger|Protosynthesis|[silent]\n|drag|p2a: Ninja Black|Greninja, M, shiny|70\/100 tox\n|-damage|p2a: Ninja Black|58\/100 tox|[from] Stealth Rock\n|\n|-heal|p1a: Kung Fu|90\/100|[from] item: Leftovers\n|-damage|p2a: Ninja Black|52\/100 tox|[from] psn\n|upkeep\n|turn|17\n|\n|t:|1699762693\n|move|p2a: Ninja Black|Water Shuriken|p1a: Kung Fu\n|-start|p2a: Ninja Black|typechange|Water|[from] ability: Protean\n|-damage|p1a: Kung Fu|87\/100\n|-damage|p1a: Kung Fu|84\/100\n|-damage|p1a: Kung Fu|81\/100\n|-hitcount|p1a: Kung Fu|3\n|move|p1a: Kung Fu|Whirlwind|p2a: Ninja Black\n|drag|p2a: Onisister|Ogerpon-Cornerstone, F|100\/100\n|-damage|p2a: Onisister|88\/100|[from] Stealth Rock\n|\n|-heal|p1a: Kung Fu|87\/100|[from] item: Leftovers\n|upkeep\n|turn|18\n|\n|t:|1699762708\n|move|p2a: Onisister|Leech Seed|p1a: Kung Fu\n|-start|p1a: Kung Fu|move: Leech Seed\n|move|p1a: Kung Fu|Ruination|p2a: Onisister\n|-damage|p2a: Onisister|44\/100\n|\n|-heal|p1a: Kung Fu|93\/100|[from] item: Leftovers\n|-damage|p1a: Kung Fu|81\/100|[from] Leech Seed|[of] p2a: Onisister\n|-heal|p2a: Onisister|62\/100|[silent]\n|upkeep\n|turn|19\n|\n|t:|1699762717\n|move|p2a: Onisister|Spiky Shield|p2a: Onisister\n|-singleturn|p2a: Onisister|move: Protect\n|move|p1a: Kung Fu|Whirlwind|p2a: Onisister\n|drag|p2a: Ninja Black|Greninja, M, shiny|52\/100 tox\n|-damage|p2a: Ninja Black|40\/100 tox|[from] Stealth Rock\n|\n|-heal|p1a: Kung Fu|87\/100|[from] item: Leftovers\n|-damage|p1a: Kung Fu|74\/100|[from] Leech Seed|[of] p2a: Ninja Black\n|-heal|p2a: Ninja Black|62\/100 tox|[silent]\n|-damage|p2a: Ninja Black|56\/100 tox|[from] psn\n|upkeep\n|turn|20\n|\n|t:|1699762731\n|move|p2a: Ninja Black|Ice Beam|p1a: Kung Fu\n|-start|p2a: Ninja Black|typechange|Ice|[from] ability: Protean\n|-damage|p1a: Kung Fu|59\/100\n|move|p1a: Kung Fu|Ruination|p2a: Ninja Black\n|-damage|p2a: Ninja Black|29\/100 tox\n|\n|-heal|p1a: Kung Fu|65\/100|[from] item: Leftovers\n|-damage|p1a: Kung Fu|53\/100|[from] Leech Seed|[of] p2a: Ninja Black\n|-heal|p2a: Ninja Black|51\/100 tox|[silent]\n|-damage|p2a: Ninja Black|39\/100 tox|[from] psn\n|upkeep\n|turn|21\n|\n|t:|1699762743\n|move|p2a: Ninja Black|Ice Beam|p1a: Kung Fu\n|-damage|p1a: Kung Fu|36\/100\n|move|p1a: Kung Fu|Ruination|p2a: Ninja Black\n|-damage|p2a: Ninja Black|20\/100 tox\n|\n|-heal|p1a: Kung Fu|42\/100|[from] item: Leftovers\n|-damage|p1a: Kung Fu|30\/100|[from] Leech Seed|[of] p2a: Ninja Black\n|-heal|p2a: Ninja Black|42\/100 tox|[silent]\n|-damage|p2a: Ninja Black|24\/100 tox|[from] psn\n|upkeep\n|turn|22\n|\n|t:|1699762754\n|switch|p1a: Excadrill|Excadrill, M|35\/100\n|move|p2a: Ninja Black|Ice Beam|p1a: Excadrill\n|-damage|p1a: Excadrill|0 fnt\n|faint|p1a: Excadrill\n|\n|-damage|p2a: Ninja Black|0 fnt|[from] psn\n|faint|p2a: Ninja Black\n|upkeep\n|\n|t:|1699762765\n|switch|p2a: Mammothranger|Great Tusk|65\/100\n|switch|p1a: Kung Fu|Ting-Lu, tera:Dark|30\/100\n|-damage|p2a: Mammothranger|62\/100|[from] Stealth Rock\n|-ability|p1a: Kung Fu|Vessel of Ruin\n|turn|23\n|\n|t:|1699762773\n|move|p2a: Mammothranger|Body Press|p1a: Kung Fu\n|-supereffective|p1a: Kung Fu\n|-damage|p1a: Kung Fu|0 fnt\n|faint|p1a: Kung Fu\n|\n|win|KyosukeKamijou\n|raw|Frostburg's rating: 1025 &rarr; <strong>1015<\/strong><br \/>(-10 for losing)\n|raw|KyosukeKamijou's rating: 1112 &rarr; <strong>1131<\/strong><br \/>(+19 for winning)\n","uploadtime":1699762779,"views":6,"p1id":"frostburg","p2id":"kyosukekamijou","formatid":"gen9nationaldex","rating":1015,"private":0,"password":""}