{"id":"gen9nationaldex-1997640940","p1":"matheusbrr","p2":"Amber-acid","format":"[Gen 9] National Dex","log":"|html|<div class=\"broadcast-blue\"><strong>[Gen 9] National Dex is currently suspecting Sneasler! For information on how to participate check out the <a href=\"https:\/\/www.smogon.com\/forums\/threads\/sv-national-dex-suspect-8-just-dance.3731534\/\">suspect thread<\/a>.<\/strong><\/div>\n|j|\u2606matheusbrr\n|j|\u2606Amber-acid\n|t:|1700836437\n|gametype|singles\n|player|p1|matheusbrr|266|1473\n|player|p2|Amber-acid|169|1499\n|teamsize|p1|6\n|teamsize|p2|6\n|gen|9\n|tier|[Gen 9] National Dex\n|rated|\n|rule|HP Percentage Mod: HP is shown in percentages\n|rule|Endless Battle Clause: Forcing endless battles is banned\n|rule|OHKO Clause: OHKO moves are banned\n|rule|Evasion Clause: Evasion abilities, items, and moves are banned\n|rule|Evasion Abilities Clause: Evasion abilities are banned\n|rule|Evasion Items Clause: Evasion items are banned\n|rule|Evasion Moves Clause: Evasion moves are banned\n|rule|Species Clause: Limit one of each Pok\u00e9mon\n|rule|Sleep Clause Mod: Limit one foe put to sleep\n|clearpoke\n|poke|p1|Dracozolt|\n|poke|p1|Hippowdon, F|\n|poke|p1|Tyranitar, M|\n|poke|p1|Moltres|\n|poke|p1|Tornadus-Therian, M|\n|poke|p1|Clefable, M|\n|poke|p2|Pelipper, M|\n|poke|p2|Barraskewda, M|\n|poke|p2|Swampert, F|\n|poke|p2|Kingdra, M|\n|poke|p2|Zapdos|\n|poke|p2|Ferrothorn, F|\n|teampreview\n|inactive|Battle timer is ON: inactive players will automatically lose when time's up. (requested by matheusbrr)\n|inactive|Amber-acid also wants the timer to be on.\n|\n|t:|1700836447\n|start\n|switch|p1a: Tornadus|Tornadus-Therian, M|100\/100\n|switch|p2a: Ferrothorn|Ferrothorn, F|100\/100\n|turn|1\n|c|\u2606Amber-acid|glhf\n|\n|t:|1700836455\n|move|p1a: Tornadus|Taunt|p2a: Ferrothorn\n|-start|p2a: Ferrothorn|move: Taunt\n|cant|p2a: Ferrothorn|move: Taunt|Stealth Rock\n|\n|upkeep\n|turn|2\n|\n|t:|1700836460\n|move|p1a: Tornadus|Nasty Plot|p1a: Tornadus\n|-boost|p1a: Tornadus|spa|2\n|move|p2a: Ferrothorn|Gyro Ball|p1a: Tornadus\n|-damage|p1a: Tornadus|32\/100\n|\n|upkeep\n|turn|3\n|\n|t:|1700836467\n|move|p1a: Tornadus|Focus Blast|p2a: Ferrothorn\n|-supereffective|p2a: Ferrothorn\n|-damage|p2a: Ferrothorn|0 fnt\n|faint|p2a: Ferrothorn\n|\n|upkeep\n|\n|t:|1700836472\n|switch|p2a: Pelipper|Pelipper, M|100\/100\n|-weather|RainDance|[from] ability: Drizzle|[of] p2a: Pelipper\n|turn|4\n|\n|t:|1700836485\n|switch|p2a: Zapdos|Zapdos|100\/100\n|move|p1a: Tornadus|Hurricane|p2a: Zapdos\n|-resisted|p2a: Zapdos\n|-damage|p2a: Zapdos|48\/100\n|-start|p2a: Zapdos|confusion\n|\n|-weather|RainDance|[upkeep]\n|upkeep\n|turn|5\n|\n|t:|1700836494\n|move|p1a: Tornadus|Hurricane|p2a: Zapdos\n|-resisted|p2a: Zapdos\n|-damage|p2a: Zapdos|0 fnt\n|faint|p2a: Zapdos\n|\n|-weather|RainDance|[upkeep]\n|upkeep\n|\n|t:|1700836500\n|switch|p2a: Barraskewda|Barraskewda, M, shiny|100\/100\n|turn|6\n|\n|t:|1700836506\n|switch|p1a: Moltres|Moltres|100\/100\n|-terastallize|p2a: Barraskewda|Water\n|move|p2a: Barraskewda|Liquidation|p1a: Moltres\n|-supereffective|p1a: Moltres\n|-damage|p1a: Moltres|0 fnt\n|faint|p1a: Moltres\n|\n|-weather|RainDance|[upkeep]\n|upkeep\n|\n|t:|1700836517\n|switch|p1a: Hippowdon|Hippowdon, F|100\/100\n|-weather|Sandstorm|[from] ability: Sand Stream|[of] p1a: Hippowdon\n|turn|7\n|\n|t:|1700836528\n|switch|p1a: Tornadus|Tornadus-Therian, M|65\/100\n|move|p2a: Barraskewda|Liquidation|p1a: Tornadus\n|-damage|p1a: Tornadus|0 fnt\n|faint|p1a: Tornadus\n|\n|-weather|Sandstorm|[upkeep]\n|-damage|p2a: Barraskewda|94\/100|[from] Sandstorm\n|upkeep\n|\n|t:|1700836550\n|switch|p1a: Dracozolt|Dracozolt, shiny|100\/100\n|turn|8\n|\n|t:|1700836554\n|switch|p2a: Swampert|Swampert, F|100\/100\n|move|p1a: Dracozolt|Earthquake|p2a: Swampert\n|-damage|p2a: Swampert|51\/100\n|\n|-weather|Sandstorm|[upkeep]\n|upkeep\n|turn|9\n|\n|t:|1700836563\n|switch|p1a: Clefable|Clefable, M|100\/100\n|detailschange|p2a: Swampert|Swampert-Mega, F\n|-mega|p2a: Swampert|Swampert|Swampertite\n|move|p2a: Swampert|Earthquake|p1a: Clefable\n|-damage|p1a: Clefable|46\/100\n|\n|-weather|Sandstorm|[upkeep]\n|-damage|p1a: Clefable|40\/100|[from] Sandstorm\n|-heal|p1a: Clefable|46\/100|[from] item: Leftovers\n|upkeep\n|turn|10\n|\n|t:|1700836573\n|move|p2a: Swampert|Earthquake|p1a: Clefable\n|-damage|p1a: Clefable|0 fnt\n|faint|p1a: Clefable\n|\n|-weather|Sandstorm|[upkeep]\n|upkeep\n|\n|t:|1700836579\n|switch|p1a: Hippowdon|Hippowdon, F|100\/100\n|turn|11\n|\n|t:|1700836583\n|switch|p2a: Pelipper|Pelipper, M|100\/100\n|-weather|RainDance|[from] ability: Drizzle|[of] p2a: Pelipper\n|move|p1a: Hippowdon|Stealth Rock|p2a: Pelipper\n|-sidestart|p2: Amber-acid|move: Stealth Rock\n|\n|-weather|RainDance|[upkeep]\n|upkeep\n|turn|12\n|\n|t:|1700836592\n|switch|p1a: Tyranitar|Tyranitar, M, shiny|100\/100\n|-weather|Sandstorm|[from] ability: Sand Stream|[of] p1a: Tyranitar\n|move|p2a: Pelipper|U-turn|p1a: Tyranitar\n|-supereffective|p1a: Tyranitar\n|-damage|p1a: Tyranitar|84\/100\n|\n|t:|1700836609\n|switch|p2a: Barraskewda|Barraskewda, M, shiny, tera:Water|94\/100|[from] U-turn\n|-damage|p2a: Barraskewda|82\/100|[from] Stealth Rock\n|\n|-weather|Sandstorm|[upkeep]\n|-damage|p2a: Barraskewda|76\/100|[from] Sandstorm\n|upkeep\n|turn|13\n|\n|t:|1700836619\n|detailschange|p1a: Tyranitar|Tyranitar-Mega, M, shiny\n|-mega|p1a: Tyranitar|Tyranitar|Tyranitarite\n|move|p2a: Barraskewda|Liquidation|p1a: Tyranitar\n|-supereffective|p1a: Tyranitar\n|-damage|p1a: Tyranitar|0 fnt\n|faint|p1a: Tyranitar\n|\n|-weather|Sandstorm|[upkeep]\n|-damage|p2a: Barraskewda|69\/100|[from] Sandstorm\n|upkeep\n|\n|t:|1700836624\n|switch|p1a: Dracozolt|Dracozolt, shiny|100\/100\n|turn|14\n|\n|t:|1700836641\n|switch|p2a: Pelipper|Pelipper, M|100\/100\n|-damage|p2a: Pelipper|76\/100|[from] Stealth Rock\n|-weather|RainDance|[from] ability: Drizzle|[of] p2a: Pelipper\n|move|p1a: Dracozolt|Earthquake|p2a: Pelipper\n|-immune|p2a: Pelipper\n|\n|-weather|RainDance|[upkeep]\n|upkeep\n|turn|15\n|-message|matheusbrr forfeited.\n|\n|win|Amber-acid\n|raw|matheusbrr's rating: 1473 &rarr; <strong>1454<\/strong><br \/>(-19 for losing)\n|raw|Amber-acid's rating: 1499 &rarr; <strong>1518<\/strong><br \/>(+19 for winning)\n|l|\u2606matheusbrr\n","uploadtime":1700836653,"views":0,"p1id":"matheusbrr","p2id":"amberacid","formatid":"gen9nationaldex","rating":1454,"private":0,"password":""}