{"id":"gen9nationaldex-1993958848","p1":"huoshenenb","p2":"Cra3k","format":"[Gen 9] National Dex","log":"|j|\u2606huoshenenb\n|j|\u2606Cra3k\n|inactive|Battle timer is ON: inactive players will automatically lose when time's up.\n|t:|1700382936\n|gametype|singles\n|player|p1|huoshenenb|may-contest|\n|player|p2|Cra3k|depotagent|\n|teamsize|p1|6\n|teamsize|p2|6\n|gen|9\n|tier|[Gen 9] National Dex\n|rated|Tournament battle\n|rule|HP Percentage Mod: HP is shown in percentages\n|rule|Endless Battle Clause: Forcing endless battles is banned\n|rule|OHKO Clause: OHKO moves are banned\n|rule|Evasion Clause: Evasion abilities, items, and moves are banned\n|rule|Evasion Abilities Clause: Evasion abilities are banned\n|rule|Evasion Items Clause: Evasion items are banned\n|rule|Evasion Moves Clause: Evasion moves are banned\n|rule|Species Clause: Limit one of each Pok\u00e9mon\n|rule|Sleep Clause Mod: Limit one foe put to sleep\n|clearpoke\n|poke|p1|Diancie|\n|poke|p1|Garganacl, M|\n|poke|p1|Arcanine-Hisui, M|\n|poke|p1|Nihilego|\n|poke|p1|Glimmora, M|\n|poke|p1|Kleavor, F|\n|poke|p2|Steelix, F|\n|poke|p2|Tyranitar, M|\n|poke|p2|Clefable, M|\n|poke|p2|Gliscor, M|\n|poke|p2|Aegislash, F|\n|poke|p2|Urshifu-*, M|\n|teampreview\n|j| LucksmanDMormon\n|j| prince5\n|j| Marinaa<3\n|c| prince5|you got this\n|c|\u2606Cra3k|hf\n|inactive|Cra3k has 120 seconds left.\n|\n|t:|1700382967\n|start\n|switch|p1a: Glimmora|Glimmora, M|100\/100\n|switch|p2a: Gliscor|Gliscor, M|100\/100\n|turn|1\n|l| Marinaa<3\n|\n|t:|1700382995\n|move|p2a: Gliscor|Earthquake|p1a: Glimmora\n|-supereffective|p1a: Glimmora\n|-enditem|p1a: Glimmora|Focus Sash\n|-damage|p1a: Glimmora|1\/100\n|-activate|p1a: Glimmora|ability: Toxic Debris\n|-sidestart|p2: Cra3k|move: Toxic Spikes\n|move|p1a: Glimmora|Stealth Rock|p2a: Gliscor\n|-sidestart|p2: Cra3k|move: Stealth Rock\n|\n|-status|p2a: Gliscor|tox|[from] item: Toxic Orb\n|upkeep\n|turn|2\n|\n|t:|1700383002\n|move|p2a: Gliscor|Earthquake|p1a: Glimmora\n|-supereffective|p1a: Glimmora\n|-damage|p1a: Glimmora|0 fnt\n|-activate|p1a: Glimmora|ability: Toxic Debris\n|-sidestart|p2: Cra3k|move: Toxic Spikes\n|faint|p1a: Glimmora\n|\n|upkeep\n|\n|t:|1700383008\n|switch|p1a: Nihilego|Nihilego|100\/100\n|turn|3\n|\n|t:|1700383016\n|move|p2a: Gliscor|Protect|p2a: Gliscor\n|-singleturn|p2a: Gliscor|Protect\n|move|p1a: Nihilego|Meteor Beam||[still]\n|-prepare|p1a: Nihilego|Meteor Beam\n|-boost|p1a: Nihilego|spa|1\n|-enditem|p1a: Nihilego|Power Herb\n|-anim|p1a: Nihilego|Meteor Beam|p2a: Gliscor\n|-activate|p2a: Gliscor|move: Protect\n|\n|upkeep\n|turn|4\n|c| LucksmanDMormon|Wait is this another monorock team?\n|\n|t:|1700383038\n|move|p1a: Nihilego|Grass Knot|p2a: Gliscor\n|-damage|p2a: Gliscor|66\/100 tox\n|move|p2a: Gliscor|Earthquake|p1a: Nihilego\n|-supereffective|p1a: Nihilego\n|-damage|p1a: Nihilego|0 fnt\n|faint|p1a: Nihilego\n|\n|-heal|p2a: Gliscor|78\/100 tox|[from] ability: Poison Heal\n|upkeep\n|\n|t:|1700383042\n|switch|p1a: Arcanine|Arcanine-Hisui, M|100\/100\n|turn|5\n|\n|t:|1700383050\n|move|p2a: Gliscor|Protect|p2a: Gliscor\n|-singleturn|p2a: Gliscor|Protect\n|move|p1a: Arcanine|Head Smash|p2a: Gliscor\n|-activate|p2a: Gliscor|move: Protect\n|\n|-heal|p2a: Gliscor|91\/100 tox|[from] ability: Poison Heal\n|upkeep\n|turn|6\n|\n|t:|1700383056\n|move|p2a: Gliscor|Spikes|p1a: Arcanine\n|-sidestart|p1: huoshenenb|Spikes\n|move|p1a: Arcanine|Head Smash|p2a: Gliscor|[miss]\n|-miss|p1a: Arcanine|p2a: Gliscor\n|\n|-heal|p2a: Gliscor|100\/100 tox|[from] ability: Poison Heal\n|upkeep\n|turn|7\n|-message|huoshenenb forfeited.\n|\n|win|Cra3k\n|n|\u2606huoshenenb|huoshenenb\n|n|\u2606Cra3k|cra3k\n|n| LucksmanDMormon|lucksmandmormon\n|n| prince5|prince5\n","uploadtime":1700383062,"views":11,"p1id":"huoshenenb","p2id":"cra3k","formatid":"gen9nationaldex","rating":0,"private":0,"password":""}