{"id":"gen9nationaldex-1997601456","p1":"JW007","p2":"wqdong","format":"[Gen 9] National Dex","log":"|html|<div class=\"broadcast-blue\"><strong>[Gen 9] National Dex is currently suspecting Sneasler! For information on how to participate check out the <a href=\"https:\/\/www.smogon.com\/forums\/threads\/sv-national-dex-suspect-8-just-dance.3731534\/\">suspect thread<\/a>.<\/strong><\/div>\n|j|\u2606JW007\n|j|\u2606wqdong\n|t:|1700831476\n|gametype|singles\n|player|p1|JW007|pokekid|1558\n|player|p2|wqdong|rosa|1684\n|teamsize|p1|6\n|teamsize|p2|6\n|gen|9\n|tier|[Gen 9] National Dex\n|rated|\n|rule|HP Percentage Mod: HP is shown in percentages\n|rule|Endless Battle Clause: Forcing endless battles is banned\n|rule|OHKO Clause: OHKO moves are banned\n|rule|Evasion Clause: Evasion abilities, items, and moves are banned\n|rule|Evasion Abilities Clause: Evasion abilities are banned\n|rule|Evasion Items Clause: Evasion items are banned\n|rule|Evasion Moves Clause: Evasion moves are banned\n|rule|Species Clause: Limit one of each Pok\u00e9mon\n|rule|Sleep Clause Mod: Limit one foe put to sleep\n|clearpoke\n|poke|p1|Volcarona, M|\n|poke|p1|Banette, F|\n|poke|p1|Grimmsnarl, M|\n|poke|p1|Tapu Lele|\n|poke|p1|Victini|\n|poke|p1|Garganacl, F|\n|poke|p2|Alomomola, M|\n|poke|p2|Ogerpon-Wellspring, F|\n|poke|p2|Tapu Lele|\n|poke|p2|Bisharp, M|\n|poke|p2|Landorus-Therian, M|\n|poke|p2|Sneasler, F|\n|teampreview\n|inactive|Battle timer is ON: inactive players will automatically lose when time's up. (requested by JW007)\n|\n|t:|1700831486\n|start\n|switch|p1a: Victini|Victini|100\/100\n|switch|p2a: Tapu Lele|Tapu Lele|100\/100\n|-fieldstart|move: Psychic Terrain|[from] ability: Psychic Surge|[of] p2a: Tapu Lele\n|turn|1\n|\n|t:|1700831498\n|switch|p2a: Alomomola|Alomomola, M|100\/100\n|move|p1a: Victini|Final Gambit|p2a: Alomomola\n|-damage|p2a: Alomomola|15\/100\n|faint|p1a: Victini\n|\n|upkeep\n|\n|t:|1700831511\n|switch|p1a: Volcarona|Volcarona, M, shiny|100\/100\n|turn|2\n|\n|t:|1700831515\n|move|p1a: Volcarona|Quiver Dance|p1a: Volcarona\n|-boost|p1a: Volcarona|spa|1\n|-boost|p1a: Volcarona|spd|1\n|-boost|p1a: Volcarona|spe|1\n|move|p2a: Alomomola|Flip Turn|p1a: Volcarona\n|-supereffective|p1a: Volcarona\n|-damage|p1a: Volcarona|48\/100\n|\n|t:|1700831524\n|switch|p2a: Sneasler|Sneasler, F|100\/100|[from] Flip Turn\n|-enditem|p2a: Sneasler|Psychic Seed\n|-boost|p2a: Sneasler|spd|1|[from] item: Psychic Seed\n|\n|upkeep\n|turn|3\n|\n|t:|1700831550\n|move|p2a: Sneasler|Acrobatics|p1a: Volcarona\n|-supereffective|p1a: Volcarona\n|-crit|p1a: Volcarona\n|-damage|p1a: Volcarona|0 fnt\n|faint|p1a: Volcarona\n|\n|upkeep\n|\n|t:|1700831555\n|switch|p1a: Garganacl|Garganacl, F|100\/100\n|turn|4\n|\n|t:|1700831561\n|-terastallize|p1a: Garganacl|Ghost\n|move|p2a: Sneasler|Swords Dance|p2a: Sneasler\n|-boost|p2a: Sneasler|atk|2\n|move|p1a: Garganacl|Iron Defense|p1a: Garganacl\n|-boost|p1a: Garganacl|def|2\n|\n|upkeep\n|turn|5\n|\n|t:|1700831572\n|switch|p2a: Alomomola|Alomomola, M|48\/100\n|move|p1a: Garganacl|Iron Defense|p1a: Garganacl\n|-boost|p1a: Garganacl|def|2\n|\n|-fieldend|move: Psychic Terrain\n|upkeep\n|turn|6\n|\n|t:|1700831580\n|move|p2a: Alomomola|Flip Turn|p1a: Garganacl\n|-crit|p1a: Garganacl\n|-damage|p1a: Garganacl|85\/100\n|\n|t:|1700831585\n|switch|p2a: Landorus|Landorus-Therian, M|100\/100|[from] Flip Turn\n|-ability|p2a: Landorus|Intimidate|boost\n|-unboost|p1a: Garganacl|atk|1\n|move|p1a: Garganacl|Salt Cure|p2a: Landorus\n|-damage|p2a: Landorus|90\/100\n|-start|p2a: Landorus|Salt Cure\n|\n|-heal|p1a: Garganacl|91\/100|[from] item: Leftovers\n|-damage|p2a: Landorus|78\/100|[from] Salt Cure\n|upkeep\n|turn|7\n|\n|t:|1700831595\n|move|p2a: Landorus|U-turn|p1a: Garganacl\n|-resisted|p1a: Garganacl\n|-damage|p1a: Garganacl|88\/100\n|\n|t:|1700831598\n|switch|p2a: Tapu Lele|Tapu Lele|100\/100|[from] U-turn\n|-fieldstart|move: Psychic Terrain|[from] ability: Psychic Surge|[of] p2a: Tapu Lele\n|move|p1a: Garganacl|Iron Defense|p1a: Garganacl\n|-boost|p1a: Garganacl|def|2\n|\n|-heal|p1a: Garganacl|94\/100|[from] item: Leftovers\n|upkeep\n|turn|8\n|\n|t:|1700831612\n|-terastallize|p2a: Tapu Lele|Psychic\n|move|p2a: Tapu Lele|Psychic|p1a: Garganacl\n|-damage|p1a: Garganacl|20\/100\n|move|p1a: Garganacl|Salt Cure|p2a: Tapu Lele\n|-damage|p2a: Tapu Lele|85\/100\n|-start|p2a: Tapu Lele|Salt Cure\n|\n|-heal|p1a: Garganacl|26\/100|[from] item: Leftovers\n|-damage|p2a: Tapu Lele|73\/100|[from] Salt Cure\n|upkeep\n|turn|9\n|\n|t:|1700831622\n|switch|p1a: Grimmsnarl|Grimmsnarl, M, shiny|100\/100\n|move|p2a: Tapu Lele|Psychic|p1a: Grimmsnarl\n|-immune|p1a: Grimmsnarl\n|\n|-damage|p2a: Tapu Lele|60\/100|[from] Salt Cure\n|upkeep\n|turn|10\n|inactive|JW007 has 120 seconds left.\n|\n|t:|1700831656\n|switch|p2a: Alomomola|Alomomola, M|81\/100\n|move|p1a: Grimmsnarl|Spirit Break|p2a: Alomomola\n|-damage|p2a: Alomomola|64\/100\n|-unboost|p2a: Alomomola|spa|1\n|-damage|p1a: Grimmsnarl|84\/100|[from] item: Rocky Helmet|[of] p2a: Alomomola\n|\n|upkeep\n|turn|11\n|\n|t:|1700831665\n|move|p1a: Grimmsnarl|Reflect|p1a: Grimmsnarl\n|-sidestart|p1: JW007|Reflect\n|move|p2a: Alomomola|Flip Turn|p1a: Grimmsnarl\n|-crit|p1a: Grimmsnarl\n|-damage|p1a: Grimmsnarl|65\/100\n|\n|t:|1700831669\n|switch|p2a: Tapu Lele|Tapu Lele, tera:Psychic|60\/100|[from] Flip Turn\n|\n|-fieldend|move: Psychic Terrain\n|upkeep\n|turn|12\n|\n|t:|1700831685\n|move|p1a: Grimmsnarl|Light Screen|p1a: Grimmsnarl\n|-sidestart|p1: JW007|move: Light Screen\n|move|p2a: Tapu Lele|Moonblast|p1a: Grimmsnarl\n|-supereffective|p1a: Grimmsnarl\n|-damage|p1a: Grimmsnarl|0 fnt\n|faint|p1a: Grimmsnarl\n|\n|upkeep\n|\n|t:|1700831690\n|switch|p1a: Banette|Banette, F|100\/100\n|-item|p2a: Tapu Lele|Choice Specs|[from] ability: Frisk|[of] p1a: Banette|[identify]\n|turn|13\n|\n|t:|1700831695\n|switch|p2a: Landorus|Landorus-Therian, M|78\/100\n|-ability|p2a: Landorus|Intimidate|boost\n|-unboost|p1a: Banette|atk|1\n|detailschange|p1a: Banette|Banette-Mega, F\n|-mega|p1a: Banette|Banette|Banettite\n|move|p1a: Banette|Destiny Bond|p1a: Banette\n|-singlemove|p1a: Banette|Destiny Bond\n|\n|upkeep\n|turn|14\n|\n|t:|1700831703\n|move|p1a: Banette|Swords Dance|p1a: Banette\n|-boost|p1a: Banette|atk|2\n|move|p2a: Landorus|U-turn|p1a: Banette\n|-resisted|p1a: Banette\n|-damage|p1a: Banette|91\/100\n|\n|t:|1700831709\n|switch|p2a: Alomomola|Alomomola, M|98\/100|[from] U-turn\n|\n|upkeep\n|turn|15\n|\n|t:|1700831713\n|move|p1a: Banette|Poltergeist|p2a: Alomomola\n|-activate|p2a: Alomomola|move: Poltergeist|Rocky Helmet\n|-damage|p2a: Alomomola|39\/100\n|move|p2a: Alomomola|Toxic|p1a: Banette\n|-status|p1a: Banette|tox\n|\n|-damage|p1a: Banette|85\/100 tox|[from] psn\n|upkeep\n|turn|16\n|\n|t:|1700831723\n|switch|p2a: Landorus|Landorus-Therian, M|78\/100\n|-ability|p2a: Landorus|Intimidate|boost\n|-unboost|p1a: Banette|atk|1\n|move|p1a: Banette|Swords Dance|p1a: Banette\n|-boost|p1a: Banette|atk|2\n|\n|-damage|p1a: Banette|73\/100 tox|[from] psn\n|upkeep\n|turn|17\n|\n|t:|1700831732\n|move|p2a: Landorus|U-turn|p1a: Banette\n|-resisted|p1a: Banette\n|-damage|p1a: Banette|62\/100 tox\n|\n|t:|1700831735\n|switch|p2a: Bisharp|Bisharp, M|100\/100|[from] U-turn\n|move|p1a: Banette|Poltergeist|p2a: Bisharp\n|-activate|p2a: Bisharp|move: Poltergeist|Eviolite\n|-resisted|p2a: Bisharp\n|-damage|p2a: Bisharp|48\/100\n|\n|-damage|p1a: Banette|44\/100 tox|[from] psn\n|upkeep\n|turn|18\n|\n|t:|1700831744\n|move|p1a: Banette|Poltergeist|p2a: Bisharp\n|-activate|p2a: Bisharp|move: Poltergeist|Eviolite\n|-resisted|p2a: Bisharp\n|-damage|p2a: Bisharp|0 fnt\n|faint|p2a: Bisharp\n|\n|-damage|p1a: Banette|21\/100 tox|[from] psn\n|-sideend|p1: JW007|Reflect\n|upkeep\n|\n|t:|1700831754\n|switch|p2a: Alomomola|Alomomola, M|73\/100\n|turn|19\n|\n|t:|1700831765\n|move|p2a: Alomomola|Protect|p2a: Alomomola\n|-singleturn|p2a: Alomomola|Protect\n|move|p1a: Banette|Poltergeist|p2a: Alomomola\n|-activate|p2a: Alomomola|move: Protect\n|\n|-damage|p1a: Banette|0 fnt|[from] psn\n|faint|p1a: Banette\n|-sideend|p1: JW007|move: Light Screen\n|upkeep\n|\n|t:|1700831777\n|switch|p1a: Garganacl|Garganacl, F, tera:Ghost|26\/100\n|turn|20\n|\n|t:|1700831780\n|move|p2a: Alomomola|Flip Turn|p1a: Garganacl\n|-damage|p1a: Garganacl|15\/100\n|\n|t:|1700831783\n|switch|p2a: Tapu Lele|Tapu Lele, tera:Psychic|60\/100|[from] Flip Turn\n|-fieldstart|move: Psychic Terrain|[from] ability: Psychic Surge|[of] p2a: Tapu Lele\n|move|p1a: Garganacl|Recover|p1a: Garganacl\n|-heal|p1a: Garganacl|65\/100\n|\n|-heal|p1a: Garganacl|71\/100|[from] item: Leftovers\n|upkeep\n|turn|21\n|\n|t:|1700831791\n|switch|p1a: Tapu Lele|Tapu Lele|100\/100\n|move|p2a: Tapu Lele|Psychic|p1a: Tapu Lele\n|-resisted|p1a: Tapu Lele\n|-crit|p1a: Tapu Lele\n|-damage|p1a: Tapu Lele|9\/100\n|\n|upkeep\n|turn|22\n|\n|t:|1700831800\n|switch|p2a: Ogerpon|Ogerpon-Wellspring, F|100\/100\n|move|p1a: Tapu Lele|Moonblast|p2a: Ogerpon\n|-damage|p2a: Ogerpon|39\/100\n|\n|upkeep\n|turn|23\n|\n|t:|1700831806\n|move|p1a: Tapu Lele|Moonblast|p2a: Ogerpon\n|-damage|p2a: Ogerpon|0 fnt\n|faint|p2a: Ogerpon\n|\n|upkeep\n|\n|t:|1700831810\n|switch|p2a: Sneasler|Sneasler, F|100\/100\n|turn|24\n|\n|t:|1700831816\n|switch|p1a: Garganacl|Garganacl, F, tera:Ghost|71\/100\n|move|p2a: Sneasler|Acrobatics|p1a: Garganacl\n|-damage|p1a: Garganacl|43\/100\n|\n|-heal|p1a: Garganacl|49\/100|[from] item: Leftovers\n|-fieldend|move: Psychic Terrain\n|upkeep\n|turn|25\n|\n|t:|1700831823\n|switch|p2a: Tapu Lele|Tapu Lele, tera:Psychic|60\/100\n|-fieldstart|move: Psychic Terrain|[from] ability: Psychic Surge|[of] p2a: Tapu Lele\n|move|p1a: Garganacl|Recover|p1a: Garganacl\n|-heal|p1a: Garganacl|99\/100\n|\n|-heal|p1a: Garganacl|100\/100|[from] item: Leftovers\n|upkeep\n|turn|26\n|\n|t:|1700831843\n|move|p2a: Tapu Lele|Psychic|p1a: Garganacl\n|-damage|p1a: Garganacl|28\/100\n|move|p1a: Garganacl|Salt Cure|p2a: Tapu Lele\n|-damage|p2a: Tapu Lele|37\/100\n|-start|p2a: Tapu Lele|Salt Cure\n|\n|-heal|p1a: Garganacl|34\/100|[from] item: Leftovers\n|-damage|p2a: Tapu Lele|24\/100|[from] Salt Cure\n|upkeep\n|turn|27\n|\n|t:|1700831858\n|switch|p2a: Alomomola|Alomomola, M|100\/100\n|move|p1a: Garganacl|Recover|p1a: Garganacl\n|-heal|p1a: Garganacl|84\/100\n|\n|-heal|p1a: Garganacl|90\/100|[from] item: Leftovers\n|upkeep\n|turn|28\n|\n|t:|1700831869\n|move|p2a: Alomomola|Wish|p2a: Alomomola\n|move|p1a: Garganacl|Iron Defense|p1a: Garganacl\n|-boost|p1a: Garganacl|def|2\n|\n|-heal|p1a: Garganacl|96\/100|[from] item: Leftovers\n|upkeep\n|turn|29\n|\n|t:|1700831885\n|switch|p2a: Landorus|Landorus-Therian, M|78\/100\n|-ability|p2a: Landorus|Intimidate|boost\n|-unboost|p1a: Garganacl|atk|1\n|move|p1a: Garganacl|Body Press|p2a: Landorus\n|-resisted|p2a: Landorus\n|-damage|p2a: Landorus|50\/100\n|\n|-heal|p2a: Landorus|100\/100|[from] move: Wish|[wisher] Alomomola\n|-heal|p1a: Garganacl|100\/100|[from] item: Leftovers\n|-fieldend|move: Psychic Terrain\n|upkeep\n|turn|30\n|\n|t:|1700831897\n|switch|p2a: Alomomola|Alomomola, M|100\/100\n|move|p1a: Garganacl|Iron Defense|p1a: Garganacl\n|-boost|p1a: Garganacl|def|2\n|\n|upkeep\n|turn|31\n|\n|t:|1700831903\n|move|p2a: Alomomola|Wish|p2a: Alomomola\n|move|p1a: Garganacl|Iron Defense|p1a: Garganacl\n|-boost|p1a: Garganacl|def|2\n|\n|upkeep\n|turn|32\n|\n|t:|1700831908\n|move|p2a: Alomomola|Flip Turn|p1a: Garganacl\n|-crit|p1a: Garganacl\n|-damage|p1a: Garganacl|85\/100\n|\n|t:|1700831912\n|switch|p2a: Landorus|Landorus-Therian, M|100\/100|[from] Flip Turn\n|-ability|p2a: Landorus|Intimidate|boost\n|-unboost|p1a: Garganacl|atk|1\n|move|p1a: Garganacl|Body Press|p2a: Landorus\n|-resisted|p2a: Landorus\n|-damage|p2a: Landorus|45\/100\n|\n|-heal|p2a: Landorus|100\/100|[from] move: Wish|[wisher] Alomomola\n|-heal|p1a: Garganacl|91\/100|[from] item: Leftovers\n|upkeep\n|turn|33\n|\n|t:|1700831923\n|switch|p2a: Alomomola|Alomomola, M|100\/100\n|move|p1a: Garganacl|Salt Cure|p2a: Alomomola\n|-damage|p2a: Alomomola|96\/100\n|-start|p2a: Alomomola|Salt Cure\n|\n|-heal|p1a: Garganacl|97\/100|[from] item: Leftovers\n|-damage|p2a: Alomomola|71\/100|[from] Salt Cure\n|upkeep\n|turn|34\n|\n|t:|1700831943\n|move|p2a: Alomomola|Wish|p2a: Alomomola\n|move|p1a: Garganacl|Body Press|p2a: Alomomola\n|-damage|p2a: Alomomola|13\/100\n|-damage|p1a: Garganacl|81\/100|[from] item: Rocky Helmet|[of] p2a: Alomomola\n|\n|-heal|p1a: Garganacl|87\/100|[from] item: Leftovers\n|-damage|p2a: Alomomola|0 fnt|[from] Salt Cure\n|faint|p2a: Alomomola\n|upkeep\n|\n|t:|1700831951\n|switch|p2a: Tapu Lele|Tapu Lele, tera:Psychic|24\/100\n|-fieldstart|move: Psychic Terrain|[from] ability: Psychic Surge|[of] p2a: Tapu Lele\n|turn|35\n|\n|t:|1700831959\n|move|p2a: Tapu Lele|Psychic|p1a: Garganacl\n|-damage|p1a: Garganacl|1\/100\n|move|p1a: Garganacl|Body Press|p2a: Tapu Lele\n|-resisted|p2a: Tapu Lele\n|-damage|p2a: Tapu Lele|0 fnt\n|faint|p2a: Tapu Lele\n|\n|-heal|p1a: Garganacl|7\/100|[from] item: Leftovers\n|upkeep\n|\n|t:|1700831969\n|switch|p2a: Landorus|Landorus-Therian, M|100\/100\n|-ability|p2a: Landorus|Intimidate|boost\n|-unboost|p1a: Garganacl|atk|1\n|turn|36\n|\n|t:|1700831974\n|move|p2a: Landorus|Earthquake|p1a: Garganacl\n|-damage|p1a: Garganacl|0 fnt\n|faint|p1a: Garganacl\n|\n|upkeep\n|\n|t:|1700831982\n|switch|p1a: Tapu Lele|Tapu Lele|9\/100\n|turn|37\n|\n|t:|1700831986\n|move|p1a: Tapu Lele|Psychic|p2a: Landorus\n|-damage|p2a: Landorus|16\/100\n|move|p2a: Landorus|Earthquake|p1a: Tapu Lele\n|-damage|p1a: Tapu Lele|0 fnt\n|faint|p1a: Tapu Lele\n|\n|win|wqdong\n|raw|JW007's rating: 1558 &rarr; <strong>1545<\/strong><br \/>(-13 for losing)\n|raw|wqdong's rating: 1684 &rarr; <strong>1697<\/strong><br \/>(+13 for winning)\n|l|\u2606wqdong\n","uploadtime":1700832007,"views":0,"p1id":"jw007","p2id":"wqdong","formatid":"gen9nationaldex","rating":1545,"private":0,"password":""}