{"id":"gen9nationaldex-1987905135","p1":"ELGRANCRAC","p2":"PanaMomos","format":"[Gen 9] National Dex","log":"|j|\u2606ELGRANCRAC\n|j|\u2606PanaMomos\n|t:|1699647767\n|gametype|singles\n|player|p1|ELGRANCRAC|red|\n|player|p2|PanaMomos|alder|\n|teamsize|p1|6\n|teamsize|p2|6\n|gen|9\n|tier|[Gen 9] National Dex\n|rule|HP Percentage Mod: HP is shown in percentages\n|rule|Endless Battle Clause: Forcing endless battles is banned\n|rule|OHKO Clause: OHKO moves are banned\n|rule|Evasion Clause: Evasion abilities, items, and moves are banned\n|rule|Evasion Abilities Clause: Evasion abilities are banned\n|rule|Evasion Items Clause: Evasion items are banned\n|rule|Evasion Moves Clause: Evasion moves are banned\n|rule|Species Clause: Limit one of each Pok\u00e9mon\n|rule|Sleep Clause Mod: Limit one foe put to sleep\n|clearpoke\n|poke|p1|Armaldo, F|\n|poke|p1|Metagross|\n|poke|p1|Aggron, F|\n|poke|p1|Skarmory, F|\n|poke|p1|Cradily, F|\n|poke|p1|Aerodactyl, M|\n|poke|p2|Volcarona, F|\n|poke|p2|Conkeldurr, M|\n|poke|p2|Krookodile, F|\n|poke|p2|Bouffalant, M|\n|poke|p2|Chandelure, M|\n|poke|p2|Druddigon, F|\n|teampreview\n|inactive|Battle timer is ON: inactive players will automatically lose when time's up. (requested by PanaMomos)\n|c|\u2606ELGRANCRAC|Suerte\n|c|\u2606PanaMomos|igualmente pa\n|c|\u2606ELGRANCRAC|Besitos\n|c|\u2606ELGRANCRAC|\ud83d\udee9\ufe0f\ud83c\udfec\ud83d\udee9\ufe0f\ud83c\udfec\n|inactive|PanaMomos has 270 seconds left.\n|\n|t:|1699647809\n|start\n|switch|p1a: Armaldo|Armaldo, F|100\/100\n|switch|p2a: Chandelure|Chandelure, M|100\/100\n|turn|1\n|\n|t:|1699647812\n|move|p2a: Chandelure|Trick|p1a: Armaldo\n|-activate|p2a: Chandelure|move: Trick|[of] p1a: Armaldo\n|-item|p1a: Armaldo|Choice Scarf|[from] move: Trick\n|-item|p2a: Chandelure|Heavy-Duty Boots|[from] move: Trick\n|move|p1a: Armaldo|Stealth Rock|p2a: Chandelure\n|-sidestart|p2: PanaMomos|move: Stealth Rock\n|\n|upkeep\n|turn|2\n|\n|t:|1699647823\n|switch|p1a: Aerodactyl|Aerodactyl, M|100\/100\n|move|p2a: Chandelure|Flamethrower|p1a: Aerodactyl\n|-resisted|p1a: Aerodactyl\n|-damage|p1a: Aerodactyl|63\/100\n|\n|upkeep\n|turn|3\n|inactive|PanaMomos has 270 seconds left.\n|\n|t:|1699647867\n|switch|p2a: Krookodile|Krookodile, F|100\/100\n|-damage|p2a: Krookodile|94\/100|[from] Stealth Rock\n|detailschange|p1a: Aerodactyl|Aerodactyl-Mega, M\n|-mega|p1a: Aerodactyl|Aerodactyl|Aerodactylite\n|move|p1a: Aerodactyl|Earthquake|p2a: Krookodile\n|-damage|p2a: Krookodile|52\/100\n|\n|upkeep\n|turn|4\n|j| carlotaRC\n|\n|t:|1699647878\n|move|p2a: Krookodile|Rock Slide|p1a: Aerodactyl\n|-supereffective|p1a: Aerodactyl\n|-damage|p1a: Aerodactyl|0 fnt\n|faint|p1a: Aerodactyl\n|-ability|p2a: Krookodile|Moxie|boost\n|-boost|p2a: Krookodile|atk|1\n|\n|upkeep\n|c|\u2606ELGRANCRAC|Koko scarf?\n|c| carlotaRC|Vamos Santi\n|\n|t:|1699647894\n|switch|p1a: Cradily|Cradily, F|100\/100\n|turn|5\n|c|\u2606PanaMomos|krooko scarf me dio mas alegrias que mi ex\n|c|\u2606ELGRANCRAC|XD\n|inactive|PanaMomos has 270 seconds left.\n|c|\u2606ELGRANCRAC|El Luka\n|\n|t:|1699647909\n|switch|p2a: Druddigon|Druddigon, F|100\/100\n|-damage|p2a: Druddigon|88\/100|[from] Stealth Rock\n|move|p1a: Cradily|Leech Seed|p2a: Druddigon\n|-start|p2a: Druddigon|move: Leech Seed\n|\n|-damage|p2a: Druddigon|76\/100|[from] Leech Seed|[of] p1a: Cradily\n|upkeep\n|turn|6\n|c|\u2606ELGRANCRAC|Cre\u00ed que lo llevar\u00edas life\n|\n|t:|1699647917\n|move|p2a: Druddigon|Glare|p1a: Cradily\n|-status|p1a: Cradily|par\n|move|p1a: Cradily|Toxic|p2a: Druddigon\n|-status|p2a: Druddigon|tox\n|\n|-damage|p2a: Druddigon|63\/100 tox|[from] Leech Seed|[of] p1a: Cradily\n|-damage|p2a: Druddigon|57\/100 tox|[from] psn\n|upkeep\n|turn|7\n|c|\u2606PanaMomos|nun\n|\n|t:|1699647920\n|move|p2a: Druddigon|Stealth Rock|p1a: Cradily\n|-sidestart|p1: ELGRANCRAC|move: Stealth Rock\n|move|p1a: Cradily|Rock Blast|p2a: Druddigon\n|-damage|p2a: Druddigon|51\/100 tox\n|-damage|p2a: Druddigon|45\/100 tox\n|-hitcount|p2a: Druddigon|2\n|\n|-damage|p2a: Druddigon|33\/100 tox|[from] Leech Seed|[of] p1a: Cradily\n|-damage|p2a: Druddigon|21\/100 tox|[from] psn\n|upkeep\n|turn|8\n|l| carlotaRC\n|\n|t:|1699647928\n|cant|p1a: Cradily|par\n|move|p2a: Druddigon|Dragon Tail|p1a: Cradily\n|-damage|p1a: Cradily|79\/100 par\n|drag|p1a: Skarmory|Skarmory, F|100\/100\n|-damage|p1a: Skarmory|88\/100|[from] Stealth Rock\n|\n|-damage|p2a: Druddigon|8\/100 tox|[from] Leech Seed|[of] p1a: Skarmory\n|-heal|p1a: Skarmory|100\/100|[silent]\n|-damage|p2a: Druddigon|0 fnt|[from] psn\n|faint|p2a: Druddigon\n|upkeep\n|\n|t:|1699647945\n|switch|p2a: Volcarona|Volcarona, F|100\/100\n|turn|9\n|j| carlotaRC\n|\n|t:|1699647951\n|-terastallize|p1a: Skarmory|Dragon\n|move|p2a: Volcarona|Quiver Dance|p2a: Volcarona\n|-boost|p2a: Volcarona|spa|1\n|-boost|p2a: Volcarona|spd|1\n|-boost|p2a: Volcarona|spe|1\n|move|p1a: Skarmory|Iron Defense|p1a: Skarmory\n|-boost|p1a: Skarmory|def|2\n|\n|upkeep\n|turn|10\n|\n|t:|1699647956\n|-terastallize|p2a: Volcarona|Fairy\n|move|p2a: Volcarona|Tera Blast|p1a: Skarmory|[anim] Tera Blast Fairy\n|-supereffective|p1a: Skarmory\n|-ability|p1a: Skarmory|Sturdy\n|-damage|p1a: Skarmory|1\/100\n|move|p1a: Skarmory|Body Press|p2a: Volcarona\n|-resisted|p2a: Volcarona\n|-damage|p2a: Volcarona|54\/100\n|-status|p1a: Skarmory|brn|[from] ability: Flame Body|[of] p2a: Volcarona\n|\n|-damage|p1a: Skarmory|0 fnt|[from] brn\n|faint|p1a: Skarmory\n|upkeep\n|\n|t:|1699647969\n|switch|p1a: Metagross|Metagross|100\/100\n|-damage|p1a: Metagross|95\/100|[from] Stealth Rock\n|turn|11\n|\n|t:|1699647972\n|move|p1a: Metagross|Bullet Punch|p2a: Volcarona\n|-supereffective|p2a: Volcarona\n|-damage|p2a: Volcarona|0 fnt\n|faint|p2a: Volcarona\n|\n|upkeep\n|\n|t:|1699647986\n|switch|p2a: Conkeldurr|Conkeldurr, M|100\/100\n|-damage|p2a: Conkeldurr|94\/100|[from] Stealth Rock\n|turn|12\n|\n|t:|1699647991\n|switch|p1a: Cradily|Cradily, F|79\/100 par\n|-damage|p1a: Cradily|67\/100 par|[from] Stealth Rock\n|move|p2a: Conkeldurr|Drain Punch|p1a: Cradily\n|-supereffective|p1a: Cradily\n|-damage|p1a: Cradily|0 fnt\n|-heal|p2a: Conkeldurr|100\/100|[from] drain|[of] p1a: Cradily\n|faint|p1a: Cradily\n|\n|upkeep\n|\n|t:|1699647999\n|switch|p1a: Armaldo|Armaldo, F|100\/100\n|-damage|p1a: Armaldo|76\/100|[from] Stealth Rock\n|turn|13\n|\n|t:|1699648003\n|move|p1a: Armaldo|Rapid Spin|p2a: Conkeldurr\n|-damage|p2a: Conkeldurr|83\/100\n|-boost|p1a: Armaldo|spe|1\n|-sideend|p1: ELGRANCRAC|Stealth Rock|[from] move: Rapid Spin|[of] p1a: Armaldo\n|move|p2a: Conkeldurr|Drain Punch|p1a: Armaldo\n|-damage|p1a: Armaldo|8\/100\n|-heal|p2a: Conkeldurr|100\/100|[from] drain|[of] p1a: Armaldo\n|\n|upkeep\n|turn|14\n|\n|t:|1699648011\n|move|p2a: Conkeldurr|Mach Punch|p1a: Armaldo\n|-damage|p1a: Armaldo|0 fnt\n|faint|p1a: Armaldo\n|\n|upkeep\n|\n|t:|1699648013\n|switch|p1a: Aggron|Aggron, F|100\/100\n|turn|15\n|\n|t:|1699648016\n|move|p1a: Aggron|Toxic|p2a: Conkeldurr\n|-status|p2a: Conkeldurr|tox\n|move|p2a: Conkeldurr|Drain Punch|p1a: Aggron\n|-supereffective|p1a: Aggron\n|-ability|p1a: Aggron|Sturdy\n|-damage|p1a: Aggron|1\/100\n|\n|-heal|p1a: Aggron|7\/100|[from] item: Leftovers\n|-damage|p2a: Conkeldurr|94\/100 tox|[from] psn\n|upkeep\n|turn|16\n|\n|t:|1699648025\n|move|p2a: Conkeldurr|Mach Punch|p1a: Aggron\n|-supereffective|p1a: Aggron\n|-damage|p1a: Aggron|0 fnt\n|faint|p1a: Aggron\n|\n|-damage|p2a: Conkeldurr|82\/100 tox|[from] psn\n|upkeep\n|\n|t:|1699648026\n|switch|p1a: Metagross|Metagross|95\/100\n|turn|17\n|\n|t:|1699648045\n|move|p1a: Metagross|Meteor Mash|p2a: Conkeldurr\n|-damage|p2a: Conkeldurr|14\/100 tox\n|move|p2a: Conkeldurr|Drain Punch|p1a: Metagross\n|-damage|p1a: Metagross|46\/100\n|-heal|p2a: Conkeldurr|32\/100 tox|[from] drain|[of] p1a: Metagross\n|\n|-damage|p2a: Conkeldurr|14\/100 tox|[from] psn\n|upkeep\n|turn|18\n|\n|t:|1699648050\n|move|p2a: Conkeldurr|Mach Punch|p1a: Metagross\n|-damage|p1a: Metagross|18\/100\n|move|p1a: Metagross|Meteor Mash|p2a: Conkeldurr\n|-damage|p2a: Conkeldurr|0 fnt\n|faint|p2a: Conkeldurr\n|\n|upkeep\n|\n|t:|1699648053\n|switch|p2a: Chandelure|Chandelure, M|100\/100\n|turn|19\n|\n|t:|1699648055\n|move|p2a: Chandelure|Flamethrower|p1a: Metagross\n|-supereffective|p1a: Metagross\n|-damage|p1a: Metagross|0 fnt\n|faint|p1a: Metagross\n|\n|win|PanaMomos\n","uploadtime":1699648058,"views":7,"p1id":"elgrancrac","p2id":"panamomos","formatid":"gen9nationaldex","rating":0,"private":0,"password":""}