{"id":"gen9nationaldex-1992047317","p1":"time tematico","p2":"Fenix_TXS9","format":"[Gen 9] National Dex","log":"|j|\u2606time tematico\n|j|\u2606Fenix_TXS9\n|t:|1700150651\n|gametype|singles\n|player|p1|time tematico|266|1085\n|player|p2|Fenix_TXS9|riley|1119\n|teamsize|p1|6\n|teamsize|p2|6\n|gen|9\n|tier|[Gen 9] National Dex\n|rated|\n|rule|HP Percentage Mod: HP is shown in percentages\n|rule|Endless Battle Clause: Forcing endless battles is banned\n|rule|OHKO Clause: OHKO moves are banned\n|rule|Evasion Clause: Evasion abilities, items, and moves are banned\n|rule|Evasion Abilities Clause: Evasion abilities are banned\n|rule|Evasion Items Clause: Evasion items are banned\n|rule|Evasion Moves Clause: Evasion moves are banned\n|rule|Species Clause: Limit one of each Pok\u00e9mon\n|rule|Sleep Clause Mod: Limit one foe put to sleep\n|clearpoke\n|poke|p1|Greninja-*, M|\n|poke|p1|Seviper, F|\n|poke|p1|Goodra, M|\n|poke|p1|Boltund, F|\n|poke|p1|Trevenant, F|\n|poke|p1|Smeargle, F|\n|poke|p2|Empoleon, M|\n|poke|p2|Gliscor, F|\n|poke|p2|Blaziken, F|\n|poke|p2|Dragonite, M|\n|poke|p2|Iron Hands|\n|poke|p2|Rillaboom, F|\n|teampreview\n|\n|t:|1700150658\n|start\n|switch|p1a: Sai|Smeargle, F|100\/100\n|switch|p2a: Iron Hands|Iron Hands|100\/100\n|turn|1\n|\n|t:|1700150666\n|move|p2a: Iron Hands|Fake Out|p1a: Sai\n|-damage|p1a: Sai|49\/100\n|-damage|p2a: Iron Hands|91\/100|[from] item: Life Orb\n|cant|p1a: Sai|flinch\n|\n|upkeep\n|turn|2\n|\n|t:|1700150673\n|move|p1a: Sai|Spore|p2a: Iron Hands\n|-status|p2a: Iron Hands|slp|[from] move: Spore\n|cant|p2a: Iron Hands|slp\n|\n|upkeep\n|turn|3\n|\n|t:|1700150678\n|move|p1a: Sai|Sticky Web|p2a: Iron Hands\n|-sidestart|p2: Fenix_TXS9|move: Sticky Web\n|cant|p2a: Iron Hands|slp\n|\n|upkeep\n|turn|4\n|\n|t:|1700150683\n|move|p1a: Sai|Stealth Rock|p2a: Iron Hands\n|-sidestart|p2: Fenix_TXS9|move: Stealth Rock\n|-curestatus|p2a: Iron Hands|slp|[msg]\n|move|p2a: Iron Hands|Drain Punch|p1a: Sai\n|-supereffective|p1a: Sai\n|-damage|p1a: Sai|0 fnt\n|-heal|p2a: Iron Hands|100\/100|[from] drain|[of] p1a: Sai\n|faint|p1a: Sai\n|-damage|p2a: Iron Hands|91\/100|[from] item: Life Orb\n|\n|upkeep\n|\n|t:|1700150697\n|switch|p1a: Sasuke|Seviper, F|100\/100\n|turn|5\n|\n|t:|1700150706\n|move|p1a: Sasuke|Earthquake|p2a: Iron Hands\n|-supereffective|p2a: Iron Hands\n|-damage|p2a: Iron Hands|43\/100\n|move|p2a: Iron Hands|Thunder Punch|p1a: Sasuke\n|-damage|p1a: Sasuke|18\/100\n|-damage|p2a: Iron Hands|33\/100|[from] item: Life Orb\n|\n|upkeep\n|turn|6\n|\n|t:|1700150718\n|move|p1a: Sasuke|Earthquake|p2a: Iron Hands\n|-supereffective|p2a: Iron Hands\n|-damage|p2a: Iron Hands|0 fnt\n|faint|p2a: Iron Hands\n|-end|p2a: Iron Hands|Quark Drive|[silent]\n|\n|upkeep\n|\n|t:|1700150721\n|switch|p2a: Gliscor|Gliscor, F|100\/100\n|-damage|p2a: Gliscor|88\/100|[from] Stealth Rock\n|turn|7\n|\n|t:|1700150735\n|move|p2a: Gliscor|Defog|p1a: Sasuke\n|-unboost|p1a: Sasuke|evasion|1\n|-sideend|p2: Fenix_TXS9|Stealth Rock|[from] move: Defog|[of] p2a: Gliscor\n|-sideend|p2: Fenix_TXS9|Sticky Web|[from] move: Defog|[of] p2a: Gliscor\n|move|p1a: Sasuke|Crunch|p2a: Gliscor\n|-damage|p2a: Gliscor|69\/100\n|-unboost|p2a: Gliscor|def|1\n|\n|-status|p2a: Gliscor|tox|[from] item: Toxic Orb\n|upkeep\n|turn|8\n|\n|t:|1700150753\n|move|p2a: Gliscor|Facade|p1a: Sasuke\n|-crit|p1a: Sasuke\n|-damage|p1a: Sasuke|0 fnt\n|faint|p1a: Sasuke\n|\n|-heal|p2a: Gliscor|81\/100 tox|[from] ability: Poison Heal\n|upkeep\n|\n|t:|1700150762\n|switch|p1a: Naruto|Greninja, M|100\/100\n|turn|9\n|\n|t:|1700150771\n|switch|p2a: Empoleon|Empoleon, M|100\/100\n|move|p1a: Naruto|Ice Beam|p2a: Empoleon\n|-resisted|p2a: Empoleon\n|-damage|p2a: Empoleon|94\/100\n|\n|upkeep\n|turn|10\n|\n|t:|1700150780\n|move|p1a: Naruto|Dark Pulse|p2a: Empoleon\n|-damage|p2a: Empoleon|59\/100\n|move|p2a: Empoleon|Yawn|p1a: Naruto\n|-start|p1a: Naruto|move: Yawn|[of] p2a: Empoleon\n|\n|upkeep\n|turn|11\n|\n|t:|1700150791\n|switch|p1a: Kakashi|Boltund, F|100\/100\n|-item|p1a: Kakashi|Air Balloon\n|move|p2a: Empoleon|Waterfall|p1a: Kakashi\n|-damage|p1a: Kakashi|47\/100\n|-enditem|p1a: Kakashi|Air Balloon\n|\n|upkeep\n|turn|12\n|\n|t:|1700150800\n|switch|p2a: Gliscor|Gliscor, F|81\/100 tox\n|move|p1a: Kakashi|Wild Charge|p2a: Gliscor\n|-immune|p2a: Gliscor\n|\n|-heal|p2a: Gliscor|94\/100 tox|[from] ability: Poison Heal\n|upkeep\n|turn|13\n|\n|t:|1700150817\n|move|p1a: Kakashi|Psychic Fangs|p2a: Gliscor\n|-damage|p2a: Gliscor|66\/100 tox\n|move|p2a: Gliscor|Earthquake|p1a: Kakashi\n|-supereffective|p1a: Kakashi\n|-damage|p1a: Kakashi|0 fnt\n|faint|p1a: Kakashi\n|\n|-heal|p2a: Gliscor|78\/100 tox|[from] ability: Poison Heal\n|upkeep\n|\n|t:|1700150826\n|switch|p1a: Naruto|Greninja, M|100\/100\n|turn|14\n|\n|t:|1700150832\n|switch|p2a: Empoleon|Empoleon, M|59\/100\n|move|p1a: Naruto|Dark Pulse|p2a: Empoleon\n|-damage|p2a: Empoleon|26\/100\n|\n|upkeep\n|turn|15\n|\n|t:|1700150839\n|move|p1a: Naruto|Dark Pulse|p2a: Empoleon\n|-damage|p2a: Empoleon|0 fnt\n|faint|p2a: Empoleon\n|-ability|p1a: Naruto|Battle Bond|boost\n|-boost|p1a: Naruto|atk|1\n|-boost|p1a: Naruto|spa|1\n|-boost|p1a: Naruto|spe|1\n|-activate|p1a: Naruto|ability: Battle Bond\n|\n|upkeep\n|\n|t:|1700150844\n|switch|p2a: Dragonite|Dragonite, M|100\/100\n|turn|16\n|\n|t:|1700150852\n|-terastallize|p2a: Dragonite|Fairy\n|move|p1a: Naruto|Ice Beam|p2a: Dragonite\n|-damage|p2a: Dragonite|79\/100\n|-status|p2a: Dragonite|frz\n|cant|p2a: Dragonite|frz\n|\n|upkeep\n|turn|17\n|\n|t:|1700150867\n|move|p1a: Naruto|Surf|p2a: Dragonite\n|-damage|p2a: Dragonite|8\/100 frz\n|cant|p2a: Dragonite|frz\n|\n|upkeep\n|turn|18\n|\n|t:|1700150872\n|switch|p2a: Rillaboom|Rillaboom, F|100\/100\n|-fieldstart|move: Grassy Terrain|[from] ability: Grassy Surge|[of] p2a: Rillaboom\n|move|p1a: Naruto|Surf|p2a: Rillaboom\n|-resisted|p2a: Rillaboom\n|-damage|p2a: Rillaboom|63\/100\n|\n|-heal|p2a: Rillaboom|69\/100|[from] Grassy Terrain\n|upkeep\n|turn|19\n|\n|t:|1700150882\n|move|p2a: Rillaboom|Fake Out|p1a: Naruto\n|-damage|p1a: Naruto|80\/100\n|cant|p1a: Naruto|flinch\n|\n|-heal|p1a: Naruto|85\/100|[from] Grassy Terrain\n|-heal|p2a: Rillaboom|75\/100|[from] Grassy Terrain\n|upkeep\n|turn|20\n|\n|t:|1700150893\n|-zpower|p1a: Naruto\n|move|p1a: Naruto|Subzero Slammer|p2a: Rillaboom|[zeffect]\n|-supereffective|p2a: Rillaboom\n|-damage|p2a: Rillaboom|0 fnt\n|faint|p2a: Rillaboom\n|\n|-heal|p1a: Naruto|91\/100|[from] Grassy Terrain\n|upkeep\n|\n|t:|1700150905\n|switch|p2a: Gliscor|Gliscor, F|78\/100 tox\n|turn|21\n|\n|t:|1700150911\n|move|p1a: Naruto|Surf|p2a: Gliscor\n|-supereffective|p2a: Gliscor\n|-damage|p2a: Gliscor|0 fnt\n|faint|p2a: Gliscor\n|\n|-heal|p1a: Naruto|97\/100|[from] Grassy Terrain\n|upkeep\n|\n|t:|1700150916\n|switch|p2a: Blaziken|Blaziken, F|100\/100\n|turn|22\n|\n|t:|1700150924\n|move|p1a: Naruto|Surf|p2a: Blaziken\n|-supereffective|p2a: Blaziken\n|-damage|p2a: Blaziken|0 fnt\n|faint|p2a: Blaziken\n|\n|-heal|p1a: Naruto|100\/100|[from] Grassy Terrain\n|-fieldend|move: Grassy Terrain\n|upkeep\n|\n|t:|1700150927\n|switch|p2a: Dragonite|Dragonite, M, tera:Fairy|8\/100 frz\n|turn|23\n|\n|t:|1700150934\n|move|p1a: Naruto|Surf|p2a: Dragonite\n|-damage|p2a: Dragonite|0 fnt\n|faint|p2a: Dragonite\n|\n|win|time tematico\n|raw|time tematico's rating: 1085 &rarr; <strong>1115<\/strong><br \/>(+30 for winning)\n|raw|Fenix_TXS9's rating: 1119 &rarr; <strong>1092<\/strong><br \/>(-27 for losing)\n|l|\u2606Fenix_TXS9\n","uploadtime":1700151000,"views":31,"p1id":"timetematico","p2id":"fenixtxs9","formatid":"gen9nationaldex","rating":1092,"private":0,"password":""}