{"id":"gen9nationaldex-1998469229","p1":"RafaOverlord","p2":"Keanmon","format":"[Gen 9] National Dex","log":"|html|<div class=\"broadcast-blue\"><strong>[Gen 9] National Dex is currently suspecting Sneasler! For information on how to participate check out the <a href=\"https:\/\/www.smogon.com\/forums\/threads\/sv-national-dex-suspect-8-just-dance.3731534\/\">suspect thread<\/a>.<\/strong><\/div>\n|j|\u2606RafaOverlord\n|j|\u2606Keanmon\n|t:|1700945807\n|gametype|singles\n|player|p1|RafaOverlord|juan|1143\n|player|p2|Keanmon|rood|1081\n|teamsize|p1|6\n|teamsize|p2|6\n|gen|9\n|tier|[Gen 9] National Dex\n|rated|\n|rule|HP Percentage Mod: HP is shown in percentages\n|rule|Endless Battle Clause: Forcing endless battles is banned\n|rule|OHKO Clause: OHKO moves are banned\n|rule|Evasion Clause: Evasion abilities, items, and moves are banned\n|rule|Evasion Abilities Clause: Evasion abilities are banned\n|rule|Evasion Items Clause: Evasion items are banned\n|rule|Evasion Moves Clause: Evasion moves are banned\n|rule|Species Clause: Limit one of each Pok\u00e9mon\n|rule|Sleep Clause Mod: Limit one foe put to sleep\n|clearpoke\n|poke|p1|Empoleon, M|\n|poke|p1|Staraptor, M|\n|poke|p1|Aggron, M|\n|poke|p1|Gengar, M|\n|poke|p1|Gliscor, M|\n|poke|p1|Ninetales-Alola, F|\n|poke|p2|Cloyster, M|\n|poke|p2|Forretress, M|\n|poke|p2|Solrock|\n|poke|p2|Glalie, M|\n|poke|p2|Ferrothorn, M|\n|poke|p2|Carbink|\n|teampreview\n|\n|t:|1700945816\n|start\n|switch|p1a: Tittan|Aggron, M|100\/100\n|switch|p2a: Cryosion|Glalie, M|100\/100\n|turn|1\n|\n|t:|1700945824\n|switch|p2a: Ironut|Forretress, M|100\/100\n|detailschange|p1a: Tittan|Aggron-Mega, M\n|-mega|p1a: Tittan|Aggron|Aggronite\n|move|p1a: Tittan|Thunder Wave|p2a: Ironut\n|-status|p2a: Ironut|par\n|\n|upkeep\n|turn|2\n|\n|t:|1700945835\n|move|p1a: Tittan|Rock Tomb|p2a: Ironut\n|-damage|p2a: Ironut|86\/100 par\n|-unboost|p2a: Ironut|spe|1\n|move|p2a: Ironut|Zap Cannon|p1a: Tittan\n|-damage|p1a: Tittan|79\/100\n|-status|p1a: Tittan|par\n|\n|-heal|p2a: Ironut|92\/100 par|[from] item: Leftovers\n|upkeep\n|turn|3\n|\n|t:|1700945851\n|cant|p1a: Tittan|par\n|move|p2a: Ironut|Stealth Rock|p1a: Tittan\n|-sidestart|p1: RafaOverlord|move: Stealth Rock\n|\n|-heal|p2a: Ironut|99\/100 par|[from] item: Leftovers\n|upkeep\n|turn|4\n|\n|t:|1700945855\n|move|p1a: Tittan|Earthquake|p2a: Ironut\n|-damage|p2a: Ironut|73\/100 par\n|move|p2a: Ironut|Toxic Spikes|p1a: Tittan\n|-sidestart|p1: RafaOverlord|move: Toxic Spikes\n|\n|-heal|p2a: Ironut|79\/100 par|[from] item: Leftovers\n|upkeep\n|turn|5\n|\n|t:|1700945861\n|move|p1a: Tittan|Iron Head|p2a: Ironut\n|-resisted|p2a: Ironut\n|-damage|p2a: Ironut|64\/100 par\n|cant|p2a: Ironut|flinch\n|\n|-heal|p2a: Ironut|70\/100 par|[from] item: Leftovers\n|upkeep\n|turn|6\n|\n|t:|1700945866\n|cant|p1a: Tittan|par\n|move|p2a: Ironut|Toxic Spikes|p1a: Tittan\n|-sidestart|p1: RafaOverlord|move: Toxic Spikes\n|\n|-heal|p2a: Ironut|76\/100 par|[from] item: Leftovers\n|upkeep\n|turn|7\n|\n|t:|1700945871\n|move|p1a: Tittan|Iron Head|p2a: Ironut\n|-resisted|p2a: Ironut\n|-damage|p2a: Ironut|62\/100 par\n|move|p2a: Ironut|Zap Cannon|p1a: Tittan|[miss]\n|-miss|p2a: Ironut|p1a: Tittan\n|\n|-heal|p2a: Ironut|68\/100 par|[from] item: Leftovers\n|upkeep\n|turn|8\n|\n|t:|1700945877\n|cant|p1a: Tittan|par\n|move|p2a: Ironut|Zap Cannon|p1a: Tittan|[miss]\n|-miss|p2a: Ironut|p1a: Tittan\n|\n|-heal|p2a: Ironut|74\/100 par|[from] item: Leftovers\n|upkeep\n|turn|9\n|\n|t:|1700945883\n|switch|p2a: Whiplash|Ferrothorn, M|100\/100\n|move|p1a: Tittan|Iron Head|p2a: Whiplash\n|-resisted|p2a: Whiplash\n|-damage|p2a: Whiplash|81\/100\n|-damage|p1a: Tittan|66\/100 par|[from] ability: Iron Barbs|[of] p2a: Whiplash\n|-damage|p1a: Tittan|50\/100 par|[from] item: Rocky Helmet|[of] p2a: Whiplash\n|\n|upkeep\n|turn|10\n|\n|t:|1700945893\n|move|p2a: Whiplash|Leech Seed|p1a: Tittan\n|-start|p1a: Tittan|move: Leech Seed\n|move|p1a: Tittan|Thunder Wave|p2a: Whiplash\n|-status|p2a: Whiplash|par\n|\n|-damage|p1a: Tittan|38\/100 par|[from] Leech Seed|[of] p2a: Whiplash\n|-heal|p2a: Whiplash|96\/100 par|[silent]\n|upkeep\n|turn|11\n|\n|t:|1700945898\n|move|p2a: Whiplash|Protect|p2a: Whiplash\n|-singleturn|p2a: Whiplash|Protect\n|cant|p1a: Tittan|par\n|\n|-damage|p1a: Tittan|25\/100 par|[from] Leech Seed|[of] p2a: Whiplash\n|-heal|p2a: Whiplash|100\/100 par|[silent]\n|upkeep\n|turn|12\n|\n|t:|1700945903\n|move|p1a: Tittan|Rock Tomb|p2a: Whiplash\n|-resisted|p2a: Whiplash\n|-damage|p2a: Whiplash|91\/100 par\n|-unboost|p2a: Whiplash|spe|1\n|move|p2a: Whiplash|Power Whip|p1a: Tittan\n|-resisted|p1a: Tittan\n|-damage|p1a: Tittan|15\/100 par\n|\n|-damage|p1a: Tittan|3\/100 par|[from] Leech Seed|[of] p2a: Whiplash\n|-heal|p2a: Whiplash|100\/100 par|[silent]\n|upkeep\n|turn|13\n|\n|t:|1700945908\n|move|p2a: Whiplash|Protect|p2a: Whiplash\n|-singleturn|p2a: Whiplash|Protect\n|cant|p1a: Tittan|par\n|\n|-damage|p1a: Tittan|0 fnt|[from] Leech Seed|[of] p2a: Whiplash\n|faint|p1a: Tittan\n|upkeep\n|\n|t:|1700945911\n|switch|p1a: Vlad|Gliscor, M|100\/100\n|-damage|p1a: Vlad|88\/100|[from] Stealth Rock\n|turn|14\n|\n|t:|1700945921\n|switch|p2a: Cryosion|Glalie, M|100\/100\n|move|p1a: Vlad|Swords Dance|p1a: Vlad\n|-boost|p1a: Vlad|atk|2\n|\n|-status|p1a: Vlad|tox|[from] item: Toxic Orb\n|upkeep\n|turn|15\n|\n|t:|1700945928\n|detailschange|p2a: Cryosion|Glalie-Mega, M\n|-mega|p2a: Cryosion|Glalie|Glalitite\n|-terastallize|p1a: Vlad|Normal\n|move|p1a: Vlad|Poison Jab|p2a: Cryosion\n|-damage|p2a: Cryosion|41\/100\n|-status|p2a: Cryosion|psn\n|move|p2a: Cryosion|Return|p1a: Vlad\n|-damage|p1a: Vlad|29\/100 tox\n|\n|-heal|p1a: Vlad|42\/100 tox|[from] ability: Poison Heal\n|-damage|p2a: Cryosion|29\/100 psn|[from] psn\n|upkeep\n|turn|16\n|\n|t:|1700945938\n|switch|p2a: Ironut|Forretress, M|74\/100 par\n|move|p1a: Vlad|Poison Jab|p2a: Ironut\n|-immune|p2a: Ironut\n|\n|-heal|p2a: Ironut|80\/100 par|[from] item: Leftovers\n|-heal|p1a: Vlad|54\/100 tox|[from] ability: Poison Heal\n|upkeep\n|turn|17\n|\n|t:|1700945943\n|move|p1a: Vlad|Earthquake|p2a: Ironut\n|-damage|p2a: Ironut|32\/100 par\n|move|p2a: Ironut|Rapid Spin|p1a: Vlad\n|-damage|p1a: Vlad|44\/100 tox\n|-boost|p2a: Ironut|spe|1\n|\n|-heal|p2a: Ironut|38\/100 par|[from] item: Leftovers\n|-heal|p1a: Vlad|56\/100 tox|[from] ability: Poison Heal\n|upkeep\n|turn|18\n|\n|t:|1700945950\n|move|p1a: Vlad|Earthquake|p2a: Ironut\n|-damage|p2a: Ironut|0 fnt\n|faint|p2a: Ironut\n|\n|-heal|p1a: Vlad|69\/100 tox|[from] ability: Poison Heal\n|upkeep\n|inactive|Battle timer is ON: inactive players will automatically lose when time's up. (requested by RafaOverlord)\n|\n|t:|1700945965\n|switch|p2a: Cryosion|Glalie-Mega, M|29\/100 psn\n|turn|19\n|\n|t:|1700945968\n|move|p2a: Cryosion|Ice Shard|p1a: Vlad\n|-damage|p1a: Vlad|46\/100 tox\n|move|p1a: Vlad|Poison Jab|p2a: Cryosion\n|-damage|p2a: Cryosion|0 fnt\n|faint|p2a: Cryosion\n|\n|-heal|p1a: Vlad|58\/100 tox|[from] ability: Poison Heal\n|upkeep\n|\n|t:|1700945972\n|switch|p2a: Shellshocker|Cloyster, M|100\/100\n|turn|20\n|\n|t:|1700945981\n|move|p1a: Vlad|Poison Jab|p2a: Shellshocker\n|-damage|p2a: Shellshocker|60\/100\n|move|p2a: Shellshocker|Shell Smash|p2a: Shellshocker\n|-unboost|p2a: Shellshocker|def|1\n|-unboost|p2a: Shellshocker|spd|1\n|-boost|p2a: Shellshocker|atk|2\n|-boost|p2a: Shellshocker|spa|2\n|-boost|p2a: Shellshocker|spe|2\n|\n|-heal|p1a: Vlad|71\/100 tox|[from] ability: Poison Heal\n|upkeep\n|turn|21\n|\n|t:|1700945990\n|move|p2a: Shellshocker|Icicle Spear|p1a: Vlad\n|-damage|p1a: Vlad|50\/100 tox\n|-damage|p1a: Vlad|31\/100 tox\n|-damage|p1a: Vlad|9\/100 tox\n|-damage|p1a: Vlad|0 fnt\n|faint|p1a: Vlad\n|-hitcount|p1: Vlad|4\n|\n|upkeep\n|\n|t:|1700945997\n|switch|p1a: Oswald|Empoleon, M|100\/100\n|-damage|p1a: Oswald|94\/100|[from] Stealth Rock\n|turn|22\n|\n|t:|1700946004\n|switch|p2a: Whiplash|Ferrothorn, M|100\/100 par\n|move|p1a: Oswald|Scald|p2a: Whiplash\n|-resisted|p2a: Whiplash\n|-damage|p2a: Whiplash|84\/100 par\n|\n|upkeep\n|turn|23\n|\n|t:|1700946013\n|move|p1a: Oswald|Ice Beam|p2a: Whiplash\n|-damage|p2a: Whiplash|61\/100 par\n|move|p2a: Whiplash|Leech Seed|p1a: Oswald\n|-start|p1a: Oswald|move: Leech Seed\n|\n|-damage|p1a: Oswald|82\/100|[from] Leech Seed|[of] p2a: Whiplash\n|-heal|p2a: Whiplash|74\/100 par|[silent]\n|upkeep\n|turn|24\n|\n|t:|1700946022\n|move|p1a: Oswald|Ice Beam|p2a: Whiplash\n|-damage|p2a: Whiplash|48\/100 par\n|cant|p2a: Whiplash|par\n|\n|-damage|p1a: Oswald|70\/100|[from] Leech Seed|[of] p2a: Whiplash\n|-heal|p2a: Whiplash|61\/100 par|[silent]\n|upkeep\n|turn|25\n|\n|t:|1700946026\n|move|p1a: Oswald|Ice Beam|p2a: Whiplash\n|-damage|p2a: Whiplash|39\/100 par\n|move|p2a: Whiplash|Power Whip|p1a: Oswald\n|-damage|p1a: Oswald|12\/100\n|-enditem|p1a: Oswald|Petaya Berry|[eat]\n|-boost|p1a: Oswald|spa|1|[from] item: Petaya Berry\n|\n|-damage|p1a: Oswald|0 fnt|[from] Leech Seed|[of] p2a: Whiplash\n|-heal|p2a: Whiplash|52\/100 par|[silent]\n|faint|p1a: Oswald\n|upkeep\n|\n|t:|1700946033\n|switch|p1a: Casper|Gengar, M, shiny|100\/100\n|-damage|p1a: Casper|88\/100|[from] Stealth Rock\n|-sideend|p1: RafaOverlord|move: Toxic Spikes|[of] p1a: Casper\n|turn|26\n|\n|t:|1700946043\n|move|p1a: Casper|Focus Blast|p2a: Whiplash\n|-supereffective|p2a: Whiplash\n|-damage|p2a: Whiplash|0 fnt\n|faint|p2a: Whiplash\n|\n|-heal|p1a: Casper|94\/100|[from] item: Black Sludge\n|upkeep\n|\n|t:|1700946046\n|switch|p2a: Geoshine|Solrock|100\/100\n|turn|27\n|\n|t:|1700946055\n|move|p2a: Geoshine|Zen Headbutt|p1a: Casper\n|-supereffective|p1a: Casper\n|-damage|p1a: Casper|0 fnt\n|faint|p1a: Casper\n|\n|upkeep\n|\n|t:|1700946060\n|switch|p1a: Edgy|Staraptor, M|100\/100\n|-damage|p1a: Edgy|76\/100|[from] Stealth Rock\n|turn|28\n|\n|t:|1700946068\n|switch|p2a: Comastone|Carbink|100\/100\n|move|p1a: Edgy|Close Combat|p2a: Comastone\n|-damage|p2a: Comastone|69\/100\n|-unboost|p1a: Edgy|def|1\n|-unboost|p1a: Edgy|spd|1\n|\n|upkeep\n|turn|29\n|\n|t:|1700946074\n|move|p1a: Edgy|Close Combat|p2a: Comastone\n|-damage|p2a: Comastone|36\/100\n|-unboost|p1a: Edgy|def|1\n|-unboost|p1a: Edgy|spd|1\n|-enditem|p2a: Comastone|Sitrus Berry|[eat]\n|-heal|p2a: Comastone|61\/100|[from] item: Sitrus Berry\n|move|p2a: Comastone|Moonblast|p1a: Edgy\n|-damage|p1a: Edgy|9\/100\n|-unboost|p1a: Edgy|spa|1\n|\n|upkeep\n|turn|30\n|\n|t:|1700946077\n|move|p1a: Edgy|Close Combat|p2a: Comastone\n|-damage|p2a: Comastone|29\/100\n|-unboost|p1a: Edgy|def|1\n|-unboost|p1a: Edgy|spd|1\n|move|p2a: Comastone|Moonblast|p1a: Edgy\n|-damage|p1a: Edgy|0 fnt\n|faint|p1a: Edgy\n|\n|upkeep\n|\n|t:|1700946080\n|switch|p1a: Loona|Ninetales-Alola, F, shiny|100\/100\n|-damage|p1a: Loona|76\/100|[from] Stealth Rock\n|-weather|Snow|[from] ability: Snow Warning|[of] p1a: Loona\n|turn|31\n|\n|t:|1700946086\n|move|p1a: Loona|Moonblast|p2a: Comastone\n|-damage|p2a: Comastone|0 fnt\n|faint|p2a: Comastone\n|\n|-weather|Snow|[upkeep]\n|upkeep\n|\n|t:|1700946089\n|switch|p2a: Geoshine|Solrock|100\/100\n|turn|32\n|\n|t:|1700946097\n|move|p2a: Geoshine|Iron Head|p1a: Loona\n|-supereffective|p1a: Loona\n|-damage|p1a: Loona|0 fnt\n|faint|p1a: Loona\n|\n|win|Keanmon\n|raw|RafaOverlord's rating: 1143 &rarr; <strong>1114<\/strong><br \/>(-29 for losing)\n|raw|Keanmon's rating: 1081 &rarr; <strong>1114<\/strong><br \/>(+33 for winning)\n|l|\u2606RafaOverlord\n","uploadtime":1700946101,"views":1,"p1id":"rafaoverlord","p2id":"keanmon","formatid":"gen9nationaldex","rating":1114,"private":0,"password":""}