{"id":"gen9nationaldex-1988313542","p1":"chl158981215","p2":"MMQZA6","format":"[Gen 9] National Dex","log":"|j|\u2606chl158981215\n|j|\u2606MMQZA6\n|t:|1699706852\n|gametype|singles\n|player|p1|chl158981215|brycen|1439\n|player|p2|MMQZA6|101|1502\n|teamsize|p1|6\n|teamsize|p2|6\n|gen|9\n|tier|[Gen 9] National Dex\n|rated|\n|rule|HP Percentage Mod: HP is shown in percentages\n|rule|Endless Battle Clause: Forcing endless battles is banned\n|rule|OHKO Clause: OHKO moves are banned\n|rule|Evasion Clause: Evasion abilities, items, and moves are banned\n|rule|Evasion Abilities Clause: Evasion abilities are banned\n|rule|Evasion Items Clause: Evasion items are banned\n|rule|Evasion Moves Clause: Evasion moves are banned\n|rule|Species Clause: Limit one of each Pok\u00e9mon\n|rule|Sleep Clause Mod: Limit one foe put to sleep\n|clearpoke\n|poke|p1|Landorus-Therian, M|\n|poke|p1|Tapu Koko|\n|poke|p1|Moltres|\n|poke|p1|Tapu Lele|\n|poke|p1|Heracross, M|\n|poke|p1|Urshifu-*, M|\n|poke|p2|Ting-Lu|\n|poke|p2|Greninja-*, M|\n|poke|p2|Hoopa-Unbound|\n|poke|p2|Gyarados, M|\n|poke|p2|Sableye, F|\n|poke|p2|Hydreigon, F|\n|teampreview\n|\n|t:|1699706868\n|start\n|switch|p1a: Urshifu|Urshifu-Rapid-Strike, M|100\/100\n|switch|p2a: Hydreigon|Hydreigon, F|100\/100\n|turn|1\n|\n|t:|1699706876\n|move|p2a: Hydreigon|Draco Meteor|p1a: Urshifu\n|-damage|p1a: Urshifu|5\/100\n|-unboost|p2a: Hydreigon|spa|2\n|move|p1a: Urshifu|Ice Spinner|p2a: Hydreigon\n|-supereffective|p2a: Hydreigon\n|-damage|p2a: Hydreigon|35\/100\n|\n|upkeep\n|turn|2\n|\n|t:|1699706896\n|switch|p2a: Ting-Lu|Ting-Lu|100\/100\n|-ability|p2a: Ting-Lu|Vessel of Ruin\n|switch|p1a: Tapu Lele|Tapu Lele|100\/100\n|-fieldstart|move: Psychic Terrain|[from] ability: Psychic Surge|[of] p1a: Tapu Lele\n|\n|upkeep\n|turn|3\n|\n|t:|1699706905\n|move|p1a: Tapu Lele|Moonblast|p2a: Ting-Lu\n|-supereffective|p2a: Ting-Lu\n|-damage|p2a: Ting-Lu|32\/100\n|move|p2a: Ting-Lu|Earthquake|p1a: Tapu Lele\n|-crit|p1a: Tapu Lele\n|-damage|p1a: Tapu Lele|14\/100\n|\n|-heal|p2a: Ting-Lu|39\/100|[from] item: Leftovers\n|upkeep\n|turn|4\n|\n|t:|1699706924\n|-terastallize|p2a: Ting-Lu|Poison\n|move|p1a: Tapu Lele|Moonblast|p2a: Ting-Lu\n|-resisted|p2a: Ting-Lu\n|-damage|p2a: Ting-Lu|22\/100\n|move|p2a: Ting-Lu|Earthquake|p1a: Tapu Lele\n|-damage|p1a: Tapu Lele|0 fnt\n|faint|p1a: Tapu Lele\n|\n|-heal|p2a: Ting-Lu|28\/100|[from] item: Leftovers\n|upkeep\n|\n|t:|1699706937\n|switch|p1a: Urshifu|Urshifu-Rapid-Strike, M|5\/100\n|turn|5\n|\n|t:|1699706950\n|move|p1a: Urshifu|Surging Strikes|p2a: Ting-Lu\n|-crit|p2a: Ting-Lu\n|-damage|p2a: Ting-Lu|16\/100\n|-crit|p2a: Ting-Lu\n|-damage|p2a: Ting-Lu|5\/100\n|-crit|p2a: Ting-Lu\n|-damage|p2a: Ting-Lu|0 fnt\n|faint|p2a: Ting-Lu\n|-hitcount|p2: Ting-Lu|3\n|\n|upkeep\n|\n|t:|1699706967\n|switch|p2a: Gyarados|Gyarados, M|100\/100\n|-ability|p2a: Gyarados|Intimidate|boost\n|-unboost|p1a: Urshifu|atk|1\n|turn|6\n|\n|t:|1699706976\n|switch|p1a: Tapu Koko|Tapu Koko, shiny|100\/100\n|-fieldstart|move: Electric Terrain|[from] ability: Electric Surge|[of] p1a: Tapu Koko\n|move|p2a: Gyarados|Dragon Dance|p2a: Gyarados\n|-boost|p2a: Gyarados|atk|1\n|-boost|p2a: Gyarados|spe|1\n|\n|upkeep\n|turn|7\n|\n|t:|1699707004\n|switch|p1a: Landorus|Landorus-Therian, M|100\/100\n|-ability|p1a: Landorus|Intimidate|boost\n|-unboost|p2a: Gyarados|atk|1\n|move|p2a: Gyarados|Earthquake|p1a: Landorus\n|-immune|p1a: Landorus\n|\n|upkeep\n|turn|8\n|\n|t:|1699707018\n|move|p2a: Gyarados|Dragon Dance|p2a: Gyarados\n|-boost|p2a: Gyarados|atk|1\n|-boost|p2a: Gyarados|spe|1\n|move|p1a: Landorus|U-turn|p2a: Gyarados\n|-resisted|p2a: Gyarados\n|-damage|p2a: Gyarados|86\/100\n|\n|t:|1699707027\n|switch|p1a: Heracross|Heracross, M|100\/100|[from] U-turn\n|\n|upkeep\n|turn|9\n|\n|t:|1699707037\n|detailschange|p1a: Heracross|Heracross-Mega, M\n|-mega|p1a: Heracross|Heracross|Heracronite\n|move|p2a: Gyarados|Waterfall|p1a: Heracross\n|-damage|p1a: Heracross|34\/100\n|move|p1a: Heracross|Rock Blast|p2a: Gyarados\n|-supereffective|p2a: Gyarados\n|-damage|p2a: Gyarados|57\/100\n|-supereffective|p2a: Gyarados\n|-damage|p2a: Gyarados|29\/100\n|-supereffective|p2a: Gyarados\n|-damage|p2a: Gyarados|0 fnt\n|faint|p2a: Gyarados\n|-hitcount|p2: Gyarados|3\n|\n|upkeep\n|\n|t:|1699707048\n|switch|p2a: Greninja|Greninja, M|100\/100\n|turn|10\n|\n|t:|1699707058\n|switch|p1a: Tapu Koko|Tapu Koko, shiny|100\/100\n|move|p2a: Greninja|Surf|p1a: Tapu Koko\n|-damage|p1a: Tapu Koko|16\/100\n|-damage|p2a: Greninja|91\/100|[from] item: Life Orb\n|\n|-fieldend|move: Electric Terrain\n|upkeep\n|turn|11\n|\n|t:|1699707066\n|move|p2a: Greninja|Water Shuriken|p1a: Tapu Koko\n|-damage|p1a: Tapu Koko|3\/100\n|-damage|p1a: Tapu Koko|0 fnt\n|faint|p1a: Tapu Koko\n|-ability|p2a: Greninja|Battle Bond|boost\n|-boost|p2a: Greninja|atk|1\n|-boost|p2a: Greninja|spa|1\n|-boost|p2a: Greninja|spe|1\n|-activate|p2a: Greninja|ability: Battle Bond\n|-hitcount|p1: Tapu Koko|2\n|-damage|p2a: Greninja|81\/100|[from] item: Life Orb\n|\n|upkeep\n|\n|t:|1699707081\n|switch|p1a: Heracross|Heracross-Mega, M|34\/100\n|turn|12\n|\n|t:|1699707093\n|move|p2a: Greninja|Ice Beam|p1a: Heracross\n|-damage|p1a: Heracross|0 fnt\n|faint|p1a: Heracross\n|-damage|p2a: Greninja|71\/100|[from] item: Life Orb\n|\n|upkeep\n|-message|chl158981215 forfeited.\n|\n|win|MMQZA6\n|raw|chl158981215's rating: 1439 &rarr; <strong>1423<\/strong><br \/>(-16 for losing)\n|raw|MMQZA6's rating: 1502 &rarr; <strong>1518<\/strong><br \/>(+16 for winning)\n|l|\u2606chl158981215\n","uploadtime":1699707101,"views":21,"p1id":"chl158981215","p2id":"mmqza6","formatid":"gen9nationaldex","rating":1423,"private":0,"password":""}