{"id":"gen9nationaldex-1989139652","p1":"mitob1","p2":"monsterapper","format":"[Gen 9] National Dex","log":"|j|\u2606mitob1\n|j|\u2606monsterapper\n|t:|1699816467\n|gametype|singles\n|player|p1|mitob1|169|1303\n|player|p2|monsterapper|veteran|1417\n|teamsize|p1|6\n|teamsize|p2|6\n|gen|9\n|tier|[Gen 9] National Dex\n|rated|\n|rule|HP Percentage Mod: HP is shown in percentages\n|rule|Endless Battle Clause: Forcing endless battles is banned\n|rule|OHKO Clause: OHKO moves are banned\n|rule|Evasion Clause: Evasion abilities, items, and moves are banned\n|rule|Evasion Abilities Clause: Evasion abilities are banned\n|rule|Evasion Items Clause: Evasion items are banned\n|rule|Evasion Moves Clause: Evasion moves are banned\n|rule|Species Clause: Limit one of each Pok\u00e9mon\n|rule|Sleep Clause Mod: Limit one foe put to sleep\n|clearpoke\n|poke|p1|Ribombee, M|\n|poke|p1|Gliscor, F|\n|poke|p1|Medicham, F|\n|poke|p1|Heatran, M|\n|poke|p1|Garganacl, F|\n|poke|p1|Greninja-*, M|\n|poke|p2|Lopunny, F|\n|poke|p2|Zoroark-Hisui, F|\n|poke|p2|Blissey, F|\n|poke|p2|Ditto|\n|poke|p2|Staraptor, F|\n|poke|p2|Ursaluna, F|\n|teampreview\n|\n|t:|1699816492\n|start\n|switch|p1a: Ribombee|Ribombee, M, shiny|100\/100\n|switch|p2a: Miruko|Lopunny, F|100\/100\n|turn|1\n|\n|t:|1699816500\n|detailschange|p2a: Miruko|Lopunny-Mega, F\n|-mega|p2a: Miruko|Lopunny|Lopunnite\n|move|p2a: Miruko|Fake Out|p1a: Ribombee\n|-damage|p1a: Ribombee|57\/100\n|move|p1a: Ribombee|Moonblast|p2a: Miruko\n|-supereffective|p2a: Miruko\n|-damage|p2a: Miruko|0 fnt\n|faint|p2a: Miruko\n|\n|upkeep\n|\n|t:|1699816519\n|switch|p2a: Shang Tsung|Ditto|100\/100\n|-transform|p2a: Shang Tsung|p1a: Ribombee|[from] ability: Imposter\n|turn|2\n|\n|t:|1699816534\n|move|p2a: Shang Tsung|Sticky Web|p1a: Ribombee\n|-sidestart|p1: mitob1|move: Sticky Web\n|move|p1a: Ribombee|Sticky Web|p2a: Shang Tsung\n|-sidestart|p2: monsterapper|move: Sticky Web\n|\n|upkeep\n|turn|3\n|\n|t:|1699816542\n|switch|p2a: Tamago|Blissey, F|100\/100\n|move|p1a: Ribombee|Stun Spore|p2a: Tamago\n|-status|p2a: Tamago|par\n|\n|upkeep\n|turn|4\n|\n|t:|1699816550\n|move|p1a: Ribombee|Moonblast|p2a: Tamago\n|-damage|p2a: Tamago|86\/100 par\n|move|p2a: Tamago|Teleport|p2a: Tamago\n|\n|t:|1699816559\n|-curestatus|p2a: Tamago|par|[from] ability: Natural Cure\n|switch|p2a: Shang Tsung|Ditto|100\/100|[from] Teleport\n|-activate|p2a: Shang Tsung|move: Sticky Web\n|-unboost|p2a: Shang Tsung|spe|1\n|-transform|p2a: Shang Tsung|p1a: Ribombee|[from] ability: Imposter\n|\n|upkeep\n|turn|5\n|\n|t:|1699816572\n|move|p2a: Shang Tsung|Moonblast|p1a: Ribombee\n|-damage|p1a: Ribombee|0 fnt\n|faint|p1a: Ribombee\n|\n|upkeep\n|\n|t:|1699816577\n|switch|p1a: Medicham|Medicham, F, shiny|100\/100\n|-activate|p1a: Medicham|move: Sticky Web\n|-unboost|p1a: Medicham|spe|1\n|turn|6\n|\n|t:|1699816581\n|detailschange|p1a: Medicham|Medicham-Mega, F, shiny\n|-mega|p1a: Medicham|Medicham|Medichamite\n|move|p1a: Medicham|Fake Out|p2a: Shang Tsung\n|-damage|p2a: Shang Tsung|63\/100\n|move|p2a: Shang Tsung|Moonblast|p1a: Medicham\n|-supereffective|p1a: Medicham\n|-damage|p1a: Medicham|0 fnt\n|faint|p1a: Medicham\n|\n|upkeep\n|\n|t:|1699816594\n|switch|p1a: Heatran|Heatran, M|100\/100\n|-item|p1a: Heatran|Air Balloon\n|turn|7\n|\n|t:|1699816607\n|switch|p2a: Tamago|Blissey, F|86\/100\n|move|p1a: Heatran|Flash Cannon|p2a: Tamago\n|-damage|p2a: Tamago|68\/100\n|\n|upkeep\n|turn|8\n|\n|t:|1699816613\n|move|p1a: Heatran|Toxic|p2a: Tamago\n|-status|p2a: Tamago|tox\n|move|p2a: Tamago|Seismic Toss|p1a: Heatran\n|-damage|p1a: Heatran|75\/100\n|-enditem|p1a: Heatran|Air Balloon\n|\n|-damage|p2a: Tamago|62\/100 tox|[from] psn\n|upkeep\n|turn|9\n|\n|t:|1699816622\n|move|p1a: Heatran|Magma Storm|p2a: Tamago\n|-damage|p2a: Tamago|40\/100 tox\n|-activate|p2a: Tamago|move: Magma Storm|[of] p1a: Heatran\n|move|p2a: Tamago|Soft-Boiled|p2a: Tamago\n|-heal|p2a: Tamago|90\/100 tox\n|\n|-damage|p2a: Tamago|78\/100 tox|[from] psn\n|-damage|p2a: Tamago|65\/100 tox|[from] move: Magma Storm|[partiallytrapped]\n|upkeep\n|turn|10\n|\n|t:|1699816640\n|move|p1a: Heatran|Magma Storm|p2a: Tamago\n|-damage|p2a: Tamago|46\/100 tox\n|move|p2a: Tamago|Teleport|p2a: Tamago\n|\n|t:|1699816656\n|-curestatus|p2a: Tamago|tox|[from] ability: Natural Cure\n|switch|p2a: Oliver|Ursaluna, F|100\/100|[from] Teleport\n|-activate|p2a: Oliver|move: Sticky Web\n|-unboost|p2a: Oliver|spe|1\n|\n|-status|p2a: Oliver|brn|[from] item: Flame Orb\n|upkeep\n|turn|11\n|\n|t:|1699816671\n|move|p1a: Heatran|Magma Storm|p2a: Oliver\n|-damage|p2a: Oliver|47\/100 brn\n|-activate|p2a: Oliver|move: Magma Storm|[of] p1a: Heatran\n|move|p2a: Oliver|Earthquake|p1a: Heatran\n|-supereffective|p1a: Heatran\n|-damage|p1a: Heatran|0 fnt\n|faint|p1a: Heatran\n|\n|-damage|p2a: Oliver|41\/100 brn|[from] brn\n|-end|p2a: Oliver|Magma Storm|[partiallytrapped]|[silent]\n|upkeep\n|\n|t:|1699816680\n|switch|p1a: Greninja|Greninja, M|100\/100\n|-activate|p1a: Greninja|move: Sticky Web\n|-unboost|p1a: Greninja|spe|1\n|turn|12\n|\n|t:|1699816687\n|switch|p2a: Tamago|Blissey, F|46\/100\n|move|p1a: Greninja|Water Shuriken|p2a: Tamago\n|-damage|p2a: Tamago|42\/100\n|-damage|p2a: Tamago|39\/100\n|-damage|p2a: Tamago|35\/100\n|-damage|p2a: Tamago|32\/100\n|-hitcount|p2a: Tamago|4\n|-damage|p1a: Greninja|91\/100|[from] item: Life Orb\n|\n|upkeep\n|turn|13\n|\n|t:|1699816705\n|move|p1a: Greninja|Dark Pulse|p2a: Tamago\n|-damage|p2a: Tamago|13\/100\n|-damage|p1a: Greninja|81\/100|[from] item: Life Orb\n|move|p2a: Tamago|Soft-Boiled|p2a: Tamago\n|-heal|p2a: Tamago|63\/100\n|\n|upkeep\n|turn|14\n|\n|t:|1699816712\n|switch|p1a: Gliscor|Gliscor, F|100\/100\n|move|p2a: Tamago|Soft-Boiled|p2a: Tamago\n|-heal|p2a: Tamago|100\/100\n|\n|-status|p1a: Gliscor|tox|[from] item: Toxic Orb\n|upkeep\n|turn|15\n|\n|t:|1699816725\n|switch|p2a: Shang Tsung|Ditto|63\/100\n|-activate|p2a: Shang Tsung|move: Sticky Web\n|-unboost|p2a: Shang Tsung|spe|1\n|-transform|p2a: Shang Tsung|p1a: Gliscor|[from] ability: Imposter\n|move|p1a: Gliscor|Swords Dance|p1a: Gliscor\n|-boost|p1a: Gliscor|atk|2\n|\n|upkeep\n|turn|16\n|\n|t:|1699816761\n|switch|p2a: DemonDice|Staraptor, F|100\/100\n|-ability|p2a: DemonDice|Intimidate|boost\n|-unboost|p1a: Gliscor|atk|1\n|move|p1a: Gliscor|Knock Off|p2a: DemonDice\n|-damage|p2a: DemonDice|66\/100\n|-enditem|p2a: DemonDice|Heavy-Duty Boots|[from] move: Knock Off|[of] p1a: Gliscor\n|\n|upkeep\n|turn|17\n|\n|t:|1699816775\n|move|p2a: DemonDice|Roost|p2a: DemonDice\n|-heal|p2a: DemonDice|100\/100\n|-singleturn|p2a: DemonDice|move: Roost\n|move|p1a: Gliscor|Swords Dance|p1a: Gliscor\n|-boost|p1a: Gliscor|atk|2\n|\n|upkeep\n|turn|18\n|\n|t:|1699816783\n|move|p2a: DemonDice|Brave Bird|p1a: Gliscor\n|-damage|p1a: Gliscor|61\/100 tox\n|-damage|p2a: DemonDice|90\/100|[from] Recoil\n|move|p1a: Gliscor|Knock Off|p2a: DemonDice\n|-damage|p2a: DemonDice|51\/100\n|\n|-heal|p1a: Gliscor|73\/100 tox|[from] ability: Poison Heal\n|upkeep\n|turn|19\n|\n|t:|1699816792\n|move|p2a: DemonDice|Brave Bird|p1a: Gliscor\n|-damage|p1a: Gliscor|32\/100 tox\n|-damage|p2a: DemonDice|40\/100|[from] Recoil\n|move|p1a: Gliscor|Knock Off|p2a: DemonDice\n|-damage|p2a: DemonDice|0 fnt\n|faint|p2a: DemonDice\n|\n|-heal|p1a: Gliscor|44\/100 tox|[from] ability: Poison Heal\n|upkeep\n|\n|t:|1699816806\n|switch|p2a: Shang Tsung|Ditto|63\/100\n|-activate|p2a: Shang Tsung|move: Sticky Web\n|-unboost|p2a: Shang Tsung|spe|1\n|-transform|p2a: Shang Tsung|p1a: Gliscor|[from] ability: Imposter\n|turn|20\n|\n|t:|1699816813\n|move|p2a: Shang Tsung|Knock Off|p1a: Gliscor\n|-damage|p1a: Gliscor|0 fnt\n|-enditem|p1a: Gliscor|Toxic Orb|[from] move: Knock Off|[of] p2a: Shang Tsung\n|faint|p1a: Gliscor\n|\n|upkeep\n|\n|t:|1699816822\n|switch|p1a: Greninja|Greninja, M|81\/100\n|-activate|p1a: Greninja|move: Sticky Web\n|-unboost|p1a: Greninja|spe|1\n|turn|21\n|\n|t:|1699816836\n|switch|p2a: Tamago|Blissey, F|100\/100\n|move|p1a: Greninja|Ice Beam|p2a: Tamago\n|-crit|p2a: Tamago\n|-damage|p2a: Tamago|79\/100\n|-damage|p1a: Greninja|71\/100|[from] item: Life Orb\n|\n|upkeep\n|turn|22\n|\n|t:|1699816845\n|switch|p1a: Garganacl|Garganacl, F, shiny|100\/100\n|-activate|p1a: Garganacl|move: Sticky Web\n|-unboost|p1a: Garganacl|spe|1\n|move|p2a: Tamago|Teleport|p2a: Tamago\n|\n|t:|1699816850\n|switch|p2a: Oliver|Ursaluna, F|41\/100 brn|[from] Teleport\n|-activate|p2a: Oliver|move: Sticky Web\n|-unboost|p2a: Oliver|spe|1\n|\n|-damage|p2a: Oliver|35\/100 brn|[from] brn\n|upkeep\n|turn|23\n|\n|t:|1699816859\n|move|p2a: Oliver|Earthquake|p1a: Garganacl\n|-supereffective|p1a: Garganacl\n|-damage|p1a: Garganacl|0 fnt\n|faint|p1a: Garganacl\n|\n|-damage|p2a: Oliver|29\/100 brn|[from] brn\n|upkeep\n|\n|t:|1699816865\n|switch|p1a: Greninja|Greninja, M|71\/100\n|-activate|p1a: Greninja|move: Sticky Web\n|-unboost|p1a: Greninja|spe|1\n|turn|24\n|\n|t:|1699816872\n|switch|p2a: Tamago|Blissey, F|79\/100\n|move|p1a: Greninja|Scald|p2a: Tamago\n|-damage|p2a: Tamago|60\/100\n|-damage|p1a: Greninja|61\/100|[from] item: Life Orb\n|\n|upkeep\n|turn|25\n|\n|t:|1699816879\n|move|p1a: Greninja|Dark Pulse|p2a: Tamago\n|-damage|p2a: Tamago|41\/100\n|-damage|p1a: Greninja|51\/100|[from] item: Life Orb\n|move|p2a: Tamago|Soft-Boiled|p2a: Tamago\n|-heal|p2a: Tamago|91\/100\n|\n|upkeep\n|turn|26\n|-message|mitob1 forfeited.\n|\n|win|monsterapper\n|raw|mitob1's rating: 1303 &rarr; <strong>1289<\/strong><br \/>(-14 for losing)\n|raw|monsterapper's rating: 1417 &rarr; <strong>1431<\/strong><br \/>(+14 for winning)\n|l|\u2606mitob1\n","uploadtime":1699816896,"views":5,"p1id":"mitob1","p2id":"monsterapper","formatid":"gen9nationaldex","rating":1289,"private":0,"password":""}