{"id":"gen9nationaldex-1995096568","p1":"POLGUSTA","p2":"Violet and blue","format":"[Gen 9] National Dex","log":"|html|<div class=\"broadcast-blue\"><strong>[Gen 9] National Dex is currently suspecting Sneasler! For information on how to participate check out the <a href=\"https:\/\/www.smogon.com\/forums\/threads\/sv-national-dex-suspect-8-just-dance.3731534\/\">suspect thread<\/a>.<\/strong><\/div>\n|j|\u2606POLGUSTA\n|j|\u2606Violet and blue\n|t:|1700522144\n|gametype|singles\n|player|p1|POLGUSTA|wattson|1000\n|player|p2|Violet and blue|alder|1024\n|teamsize|p1|6\n|teamsize|p2|6\n|gen|9\n|tier|[Gen 9] National Dex\n|rated|\n|rule|HP Percentage Mod: HP is shown in percentages\n|rule|Endless Battle Clause: Forcing endless battles is banned\n|rule|OHKO Clause: OHKO moves are banned\n|rule|Evasion Clause: Evasion abilities, items, and moves are banned\n|rule|Evasion Abilities Clause: Evasion abilities are banned\n|rule|Evasion Items Clause: Evasion items are banned\n|rule|Evasion Moves Clause: Evasion moves are banned\n|rule|Species Clause: Limit one of each Pok\u00e9mon\n|rule|Sleep Clause Mod: Limit one foe put to sleep\n|clearpoke\n|poke|p1|Swampert, F|\n|poke|p1|Gliscor, M|\n|poke|p1|Pelipper, M|\n|poke|p1|Garganacl, M|\n|poke|p1|Urshifu-*, F|\n|poke|p1|Zapdos|\n|poke|p2|Tapu Koko|\n|poke|p2|Tapu Lele|\n|poke|p2|Kartana|\n|poke|p2|Tapu Fini|\n|poke|p2|Celesteela|\n|poke|p2|Buzzwole|\n|teampreview\n|c|\u2606Violet and blue|Hi\n|\n|t:|1700522161\n|start\n|switch|p1a: Pelipper|Pelipper, M|100\/100\n|switch|p2a: Berserker|Buzzwole|100\/100\n|-weather|RainDance|[from] ability: Drizzle|[of] p1a: Pelipper\n|turn|1\n|\n|t:|1700522172\n|move|p2a: Berserker|Drain Punch|p1a: Pelipper\n|-resisted|p1a: Pelipper\n|-damage|p1a: Pelipper|87\/100\n|move|p1a: Pelipper|Hurricane|p2a: Berserker\n|-supereffective|p2a: Berserker\n|-damage|p2a: Berserker|0 fnt\n|faint|p2a: Berserker\n|\n|-weather|RainDance|[upkeep]\n|upkeep\n|\n|t:|1700522184\n|switch|p2a: Archer|Tapu Koko|100\/100\n|-fieldstart|move: Electric Terrain|[from] ability: Electric Surge|[of] p2a: Archer\n|turn|2\n|\n|t:|1700522197\n|switch|p1a: Swampert|Swampert, F|100\/100\n|move|p2a: Archer|Thunder|p1a: Swampert\n|-immune|p1a: Swampert\n|\n|-weather|RainDance|[upkeep]\n|upkeep\n|turn|3\n|\n|t:|1700522222\n|detailschange|p1a: Swampert|Swampert-Mega, F\n|-mega|p1a: Swampert|Swampert|Swampertite\n|move|p1a: Swampert|Flip Turn|p2a: Archer\n|-damage|p2a: Archer|24\/100\n|\n|t:|1700522231\n|switch|p1a: Garganacl|Garganacl, M|100\/100|[from] Flip Turn\n|move|p2a: Archer|Grass Knot|p1a: Garganacl\n|-supereffective|p1a: Garganacl\n|-damage|p1a: Garganacl|60\/100\n|\n|-weather|RainDance|[upkeep]\n|-heal|p1a: Garganacl|67\/100|[from] item: Leftovers\n|upkeep\n|turn|4\n|\n|t:|1700522257\n|move|p2a: Archer|Grass Knot|p1a: Garganacl\n|-supereffective|p1a: Garganacl\n|-damage|p1a: Garganacl|29\/100\n|move|p1a: Garganacl|Stealth Rock|p2a: Archer\n|-sidestart|p2: Violet and blue|move: Stealth Rock\n|\n|-weather|RainDance|[upkeep]\n|-heal|p1a: Garganacl|35\/100|[from] item: Leftovers\n|upkeep\n|turn|5\n|c|\u2606POLGUSTA|Hi\n|\n|t:|1700522276\n|move|p1a: Garganacl|Protect|p1a: Garganacl\n|-singleturn|p1a: Garganacl|Protect\n|move|p2a: Archer|Grass Knot|p1a: Garganacl\n|-activate|p1a: Garganacl|move: Protect\n|\n|-weather|RainDance|[upkeep]\n|-heal|p1a: Garganacl|41\/100|[from] item: Leftovers\n|upkeep\n|turn|6\n|\n|t:|1700522285\n|move|p2a: Archer|Grass Knot|p1a: Garganacl\n|-supereffective|p1a: Garganacl\n|-damage|p1a: Garganacl|3\/100\n|move|p1a: Garganacl|Recover|p1a: Garganacl\n|-heal|p1a: Garganacl|53\/100\n|\n|-weather|RainDance|[upkeep]\n|-heal|p1a: Garganacl|59\/100|[from] item: Leftovers\n|-fieldend|move: Electric Terrain\n|upkeep\n|turn|7\n|\n|t:|1700522297\n|move|p2a: Archer|Grass Knot|p1a: Garganacl\n|-supereffective|p1a: Garganacl\n|-damage|p1a: Garganacl|21\/100\n|move|p1a: Garganacl|Recover|p1a: Garganacl\n|-heal|p1a: Garganacl|71\/100\n|\n|-weather|RainDance|[upkeep]\n|-heal|p1a: Garganacl|77\/100|[from] item: Leftovers\n|upkeep\n|turn|8\n|\n|t:|1700522309\n|move|p2a: Archer|Grass Knot|p1a: Garganacl\n|-supereffective|p1a: Garganacl\n|-damage|p1a: Garganacl|40\/100\n|move|p1a: Garganacl|Salt Cure|p2a: Archer\n|-damage|p2a: Archer|6\/100\n|-start|p2a: Archer|Salt Cure\n|\n|-weather|none\n|-heal|p1a: Garganacl|46\/100|[from] item: Leftovers\n|-damage|p2a: Archer|0 fnt|[from] Salt Cure\n|faint|p2a: Archer\n|upkeep\n|\n|t:|1700522320\n|switch|p2a: Saber|Kartana|100\/100\n|-damage|p2a: Saber|94\/100|[from] Stealth Rock\n|turn|9\n|\n|t:|1700522326\n|move|p1a: Garganacl|Protect|p1a: Garganacl\n|-singleturn|p1a: Garganacl|Protect\n|move|p2a: Saber|Sacred Sword|p1a: Garganacl\n|-activate|p1a: Garganacl|move: Protect\n|\n|-heal|p1a: Garganacl|52\/100|[from] item: Leftovers\n|upkeep\n|turn|10\n|\n|t:|1700522338\n|switch|p1a: Pelipper|Pelipper, M|87\/100\n|-weather|RainDance|[from] ability: Drizzle|[of] p1a: Pelipper\n|move|p2a: Saber|Sacred Sword|p1a: Pelipper\n|-resisted|p1a: Pelipper\n|-damage|p1a: Pelipper|72\/100\n|\n|-weather|RainDance|[upkeep]\n|upkeep\n|turn|11\n|\n|t:|1700522355\n|move|p2a: Saber|Swords Dance|p2a: Saber\n|-boost|p2a: Saber|atk|2\n|move|p1a: Pelipper|U-turn|p2a: Saber\n|-damage|p2a: Saber|87\/100\n|\n|t:|1700522369\n|switch|p1a: Swampert|Swampert-Mega, F|100\/100|[from] U-turn\n|\n|-weather|RainDance|[upkeep]\n|upkeep\n|turn|12\n|\n|t:|1700522386\n|switch|p1a: Gliscor|Gliscor, M|100\/100\n|-terastallize|p2a: Saber|Grass\n|move|p2a: Saber|Sacred Sword|p1a: Gliscor\n|-resisted|p1a: Gliscor\n|-damage|p1a: Gliscor|72\/100\n|\n|-weather|RainDance|[upkeep]\n|-status|p1a: Gliscor|tox|[from] item: Toxic Orb\n|upkeep\n|turn|13\n|\n|t:|1700522410\n|move|p2a: Saber|Frustration|p1a: Gliscor\n|-damage|p1a: Gliscor|8\/100 tox\n|move|p1a: Gliscor|Spikes|p2a: Saber\n|-sidestart|p2: Violet and blue|Spikes\n|\n|-weather|RainDance|[upkeep]\n|-heal|p1a: Gliscor|20\/100 tox|[from] ability: Poison Heal\n|upkeep\n|turn|14\n|\n|t:|1700522424\n|move|p2a: Saber|Frustration|p1a: Gliscor\n|-damage|p1a: Gliscor|0 fnt\n|faint|p1a: Gliscor\n|-ability|p2a: Saber|Beast Boost|boost\n|-boost|p2a: Saber|atk|1\n|\n|-weather|RainDance|[upkeep]\n|upkeep\n|\n|t:|1700522429\n|switch|p1a: Swampert|Swampert-Mega, F|100\/100\n|turn|15\n|c|\u2606POLGUSTA|Scared of my swampy boy?\n|c|\u2606Violet and blue|I like your team and no\n|\n|t:|1700522458\n|move|p1a: Swampert|Ice Punch|p2a: Saber\n|-supereffective|p2a: Saber\n|-damage|p2a: Saber|34\/100\n|move|p2a: Saber|Sacred Sword|p1a: Swampert\n|-damage|p1a: Swampert|16\/100\n|\n|-weather|RainDance|[upkeep]\n|upkeep\n|turn|16\n|\n|t:|1700522477\n|switch|p2a: Lancer|Tapu Fini|100\/100\n|-damage|p2a: Lancer|88\/100|[from] Stealth Rock\n|-damage|p2a: Lancer|76\/100|[from] Spikes\n|-fieldstart|move: Misty Terrain|[from] ability: Misty Surge|[of] p2a: Lancer\n|move|p1a: Swampert|Ice Punch|p2a: Lancer\n|-resisted|p2a: Lancer\n|-damage|p2a: Lancer|59\/100\n|\n|-weather|RainDance|[upkeep]\n|upkeep\n|turn|17\n|\n|t:|1700522491\n|move|p1a: Swampert|Flip Turn|p2a: Lancer\n|-resisted|p2a: Lancer\n|-damage|p2a: Lancer|30\/100\n|c|\u2606POLGUSTA|You shal perish perish to my swampy\n|\n|t:|1700522510\n|switch|p1a: Garganacl|Garganacl, M|52\/100|[from] Flip Turn\n|move|p2a: Lancer|Grass Knot|p1a: Garganacl\n|-supereffective|p1a: Garganacl\n|-crit|p1a: Garganacl\n|-damage|p1a: Garganacl|0 fnt\n|faint|p1a: Garganacl\n|\n|-weather|none\n|upkeep\n|c|\u2606Violet and blue|I believe you\n|\n|t:|1700522520\n|switch|p1a: Pelipper|Pelipper, M|72\/100\n|-weather|RainDance|[from] ability: Drizzle|[of] p1a: Pelipper\n|turn|18\n|\n|t:|1700522527\n|move|p2a: Lancer|Dazzling Gleam|p1a: Pelipper\n|-damage|p1a: Pelipper|29\/100\n|move|p1a: Pelipper|Hurricane|p2a: Lancer\n|-damage|p2a: Lancer|0 fnt\n|faint|p2a: Lancer\n|\n|-weather|RainDance|[upkeep]\n|upkeep\n|\n|t:|1700522536\n|switch|p2a: Rider|Celesteela|100\/100\n|-damage|p2a: Rider|88\/100|[from] Stealth Rock\n|turn|19\n|c|\u2606Violet and blue|I suck at this game\n|\n|t:|1700522554\n|switch|p1a: Zapdos|Zapdos|100\/100\n|move|p2a: Rider|Hidden Power|p1a: Zapdos\n|-supereffective|p1a: Zapdos\n|-damage|p1a: Zapdos|67\/100\n|\n|-weather|RainDance|[upkeep]\n|upkeep\n|turn|20\n|c|\u2606POLGUSTA|Don't worry\n|\n|t:|1700522583\n|move|p1a: Zapdos|Volt Switch|p2a: Rider\n|-supereffective|p2a: Rider\n|-damage|p2a: Rider|31\/100\n|\n|t:|1700522594\n|switch|p1a: Pelipper|Pelipper, M|29\/100|[from] Volt Switch\n|move|p2a: Rider|Hidden Power|p1a: Pelipper\n|-damage|p1a: Pelipper|8\/100\n|\n|-weather|RainDance|[upkeep]\n|-fieldend|Misty Terrain\n|upkeep\n|turn|21\n|\n|t:|1700522612\n|switch|p1a: Zapdos|Zapdos|67\/100\n|move|p2a: Rider|Hidden Power|p1a: Zapdos\n|-supereffective|p1a: Zapdos\n|-damage|p1a: Zapdos|34\/100\n|\n|-weather|RainDance|[upkeep]\n|upkeep\n|turn|22\n|c|\u2606Violet and blue|Ok\n|\n|t:|1700522626\n|move|p1a: Zapdos|Volt Switch|p2a: Rider\n|-supereffective|p2a: Rider\n|-damage|p2a: Rider|0 fnt\n|faint|p2a: Rider\n|c|\u2606POLGUSTA|Mudkip or snom?\n|\n|t:|1700522647\n|switch|p1a: Swampert|Swampert-Mega, F|16\/100|[from] Volt Switch\n|\n|-weather|RainDance|[upkeep]\n|upkeep\n|c|\u2606Violet and blue|Hard but mudkip\n|\n|t:|1700522671\n|switch|p2a: Caster|Tapu Lele|100\/100\n|-damage|p2a: Caster|88\/100|[from] Stealth Rock\n|-damage|p2a: Caster|76\/100|[from] Spikes\n|-fieldstart|move: Psychic Terrain|[from] ability: Psychic Surge|[of] p2a: Caster\n|turn|23\n|\n|t:|1700522690\n|move|p1a: Swampert|Waterfall|p2a: Caster\n|-damage|p2a: Caster|0 fnt\n|faint|p2a: Caster\n|\n|-weather|RainDance|[upkeep]\n|upkeep\n|\n|t:|1700522697\n|switch|p2a: Saber|Kartana, tera:Grass|34\/100\n|-damage|p2a: Saber|22\/100|[from] Stealth Rock\n|-damage|p2a: Saber|9\/100|[from] Spikes\n|-enditem|p2a: Saber|Aguav Berry|[eat]\n|-heal|p2a: Saber|42\/100|[from] item: Aguav Berry\n|turn|24\n|c|\u2606Violet and blue|Gg\n|c|\u2606POLGUSTA|Gg to you man\n|c|\u2606POLGUSTA|Try giving vgc a chans\n|\n|t:|1700522730\n|move|p1a: Swampert|Ice Punch|p2a: Saber\n|-supereffective|p2a: Saber\n|-damage|p2a: Saber|0 fnt\n|faint|p2a: Saber\n|\n|win|POLGUSTA\n|raw|POLGUSTA's rating: 1000 &rarr; <strong>1043<\/strong><br \/>(+43 for winning)\n|raw|Violet and blue's rating: 1024 &rarr; <strong>1009<\/strong><br \/>(-15 for losing)\n","uploadtime":1700522504,"views":1,"p1id":"polgusta","p2id":"violetandblue","formatid":"gen9nationaldex","rating":1009,"private":0,"password":""}