{"id":"gen9nationaldex-1993575085","p1":"JesusPizzaCrusher","p2":"SebasTrainer2461","format":"[Gen 9] National Dex","log":"|j|\u2606JesusPizzaCrusher\n|j|\u2606SebasTrainer2461\n|t:|1700333416\n|gametype|singles\n|player|p1|JesusPizzaCrusher|hugh|\n|player|p2|SebasTrainer2461|ethan|\n|teamsize|p1|6\n|teamsize|p2|6\n|gen|9\n|tier|[Gen 9] National Dex\n|rule|HP Percentage Mod: HP is shown in percentages\n|rule|Endless Battle Clause: Forcing endless battles is banned\n|rule|OHKO Clause: OHKO moves are banned\n|rule|Evasion Clause: Evasion abilities, items, and moves are banned\n|rule|Evasion Abilities Clause: Evasion abilities are banned\n|rule|Evasion Items Clause: Evasion items are banned\n|rule|Evasion Moves Clause: Evasion moves are banned\n|rule|Species Clause: Limit one of each Pok\u00e9mon\n|rule|Sleep Clause Mod: Limit one foe put to sleep\n|clearpoke\n|poke|p1|Galvantula, F|\n|poke|p1|Volcarona, F|\n|poke|p1|Heracross, F|\n|poke|p1|Centiskorch, F|\n|poke|p1|Buzzwole|\n|poke|p1|Forretress, F|\n|poke|p2|Metagross|\n|poke|p2|Lucario, M|\n|poke|p2|Heatran, M|\n|poke|p2|Kartana|\n|poke|p2|Aegislash, M|\n|poke|p2|Aggron, M|\n|teampreview\n|\n|t:|1700333436\n|start\n|switch|p1a: Centiskorch|Centiskorch, F|100\/100\n|switch|p2a: Lucario|Lucario, M|100\/100\n|turn|1\n|\n|t:|1700333448\n|move|p2a: Lucario|Close Combat|p1a: Centiskorch\n|-resisted|p1a: Centiskorch\n|-damage|p1a: Centiskorch|70\/100\n|-unboost|p2a: Lucario|def|1\n|-unboost|p2a: Lucario|spd|1\n|move|p1a: Centiskorch|Fire Lash|p2a: Lucario\n|-supereffective|p2a: Lucario\n|-damage|p2a: Lucario|0 fnt\n|faint|p2a: Lucario\n|\n|upkeep\n|\n|t:|1700333466\n|switch|p2a: Aggron|Aggron, M|100\/100\n|turn|2\n|\n|t:|1700333473\n|move|p1a: Centiskorch|Fire Lash|p2a: Aggron\n|-damage|p2a: Aggron|72\/100\n|-unboost|p2a: Aggron|def|1\n|move|p2a: Aggron|Surf|p1a: Centiskorch\n|-supereffective|p1a: Centiskorch\n|-damage|p1a: Centiskorch|43\/100\n|\n|upkeep\n|turn|3\n|\n|t:|1700333486\n|detailschange|p2a: Aggron|Aggron-Mega, M\n|-mega|p2a: Aggron|Aggron|Aggronite\n|move|p1a: Centiskorch|Fire Lash|p2a: Aggron\n|-supereffective|p2a: Aggron\n|-damage|p2a: Aggron|22\/100\n|-unboost|p2a: Aggron|def|1\n|move|p2a: Aggron|Surf|p1a: Centiskorch\n|-supereffective|p1a: Centiskorch\n|-damage|p1a: Centiskorch|14\/100\n|\n|upkeep\n|turn|4\n|\n|t:|1700333499\n|move|p1a: Centiskorch|Fire Lash|p2a: Aggron\n|-supereffective|p2a: Aggron\n|-damage|p2a: Aggron|0 fnt\n|faint|p2a: Aggron\n|\n|upkeep\n|\n|t:|1700333507\n|switch|p2a: Heatran|Heatran, M|100\/100\n|turn|5\n|c|\u2606JesusPizzaCrusher|recomendacion\n|c|\u2606JesusPizzaCrusher|salia mejor atacarme con movimiento tipo roca\n|c|\u2606JesusPizzaCrusher|este es x4 debil a roca\n|\n|t:|1700333528\n|move|p2a: Heatran|Flamethrower|p1a: Centiskorch\n|-start|p1a: Centiskorch|ability: Flash Fire\n|move|p1a: Centiskorch|Lunge|p2a: Heatran\n|-resisted|p2a: Heatran\n|-crit|p2a: Heatran\n|-damage|p2a: Heatran|88\/100\n|-unboost|p2a: Heatran|atk|1\n|\n|upkeep\n|turn|6\n|\n|t:|1700333544\n|move|p2a: Heatran|Earthquake|p1a: Centiskorch\n|-damage|p1a: Centiskorch|0 fnt\n|faint|p1a: Centiskorch\n|\n|upkeep\n|\n|t:|1700333554\n|switch|p1a: WALLCRUSHER|Heracross, F|100\/100\n|turn|7\n|\n|t:|1700333566\n|switch|p2a: Aegislash|Aegislash, M|100\/100\n|detailschange|p1a: WALLCRUSHER|Heracross-Mega, F\n|-mega|p1a: WALLCRUSHER|Heracross|Heracronite\n|move|p1a: WALLCRUSHER|Close Combat|p2a: Aegislash\n|-immune|p2a: Aegislash\n|\n|upkeep\n|turn|8\n|c|\u2606JesusPizzaCrusher|oof esa estuvo buena\n|\n|t:|1700333584\n|switch|p1a: Shield|Forretress, F|100\/100\n|-formechange|p2a: Aegislash|Aegislash-Blade||[from] ability: Stance Change\n|move|p2a: Aegislash|Close Combat|p1a: Shield\n|-damage|p1a: Shield|76\/100\n|-unboost|p2a: Aegislash|def|1\n|-unboost|p2a: Aegislash|spd|1\n|-damage|p2a: Aegislash|84\/100|[from] item: Rocky Helmet|[of] p1a: Shield\n|\n|upkeep\n|turn|9\n|\n|t:|1700333601\n|switch|p2a: Metagross|Metagross|100\/100\n|move|p1a: Shield|Stealth Rock|p2a: Metagross\n|-sidestart|p2: SebasTrainer2461|move: Stealth Rock\n|\n|upkeep\n|turn|10\n|\n|t:|1700333610\n|move|p2a: Metagross|Psychic|p1a: Shield\n|-resisted|p1a: Shield\n|-damage|p1a: Shield|55\/100\n|move|p1a: Shield|Spikes|p2a: Metagross\n|-sidestart|p2: SebasTrainer2461|Spikes\n|\n|upkeep\n|turn|11\n|\n|t:|1700333622\n|move|p2a: Metagross|Meteor Mash|p1a: Shield\n|-resisted|p1a: Shield\n|-damage|p1a: Shield|42\/100\n|-damage|p2a: Metagross|84\/100|[from] item: Rocky Helmet|[of] p1a: Shield\n|move|p1a: Shield|Spikes|p2a: Metagross\n|-sidestart|p2: SebasTrainer2461|Spikes\n|\n|upkeep\n|turn|12\n|\n|t:|1700333642\n|move|p2a: Metagross|Psychic|p1a: Shield\n|-resisted|p1a: Shield\n|-damage|p1a: Shield|19\/100\n|move|p1a: Shield|Spikes|p2a: Metagross\n|-sidestart|p2: SebasTrainer2461|Spikes\n|\n|upkeep\n|turn|13\n|\n|t:|1700333650\n|move|p2a: Metagross|Psychic|p1a: Shield\n|-resisted|p1a: Shield\n|-crit|p1a: Shield\n|-damage|p1a: Shield|0 fnt\n|faint|p1a: Shield\n|\n|upkeep\n|\n|t:|1700333657\n|switch|p1a: Battra|Volcarona, F|100\/100\n|turn|14\n|\n|t:|1700333673\n|move|p1a: Battra|Quiver Dance|p1a: Battra\n|-boost|p1a: Battra|spa|1\n|-boost|p1a: Battra|spd|1\n|-boost|p1a: Battra|spe|1\n|move|p2a: Metagross|Meteor Mash|p1a: Battra|[miss]\n|-miss|p2a: Metagross|p1a: Battra\n|\n|upkeep\n|turn|15\n|\n|t:|1700333686\n|move|p1a: Battra|Quiver Dance|p1a: Battra\n|-boost|p1a: Battra|spa|1\n|-boost|p1a: Battra|spd|1\n|-boost|p1a: Battra|spe|1\n|move|p2a: Metagross|Meteor Mash|p1a: Battra\n|-resisted|p1a: Battra\n|-damage|p1a: Battra|76\/100\n|-boost|p2a: Metagross|atk|1\n|\n|upkeep\n|turn|16\n|j| Jor99fran\n|c|\u2606JesusPizzaCrusher|consejo\n|c| Jor99fran|hola\n|c|\u2606JesusPizzaCrusher|helou fran\n|c| Jor99fran|le va a papear con volcabrona\n|c| Jor99fran|nuevo team pizza?\n|c|\u2606JesusPizzaCrusher|es que battra es battra\n|\n|t:|1700333721\n|move|p1a: Battra|Fiery Dance|p2a: Metagross\n|-supereffective|p2a: Metagross\n|-damage|p2a: Metagross|0 fnt\n|-boost|p1a: Battra|spa|1\n|faint|p2a: Metagross\n|\n|upkeep\n|c|\u2606JesusPizzaCrusher|ta mamadisima\n|\n|t:|1700333735\n|switch|p2a: Heatran|Heatran, M|88\/100\n|-damage|p2a: Heatran|75\/100|[from] Stealth Rock\n|-damage|p2a: Heatran|50\/100|[from] Spikes\n|turn|17\n|c|\u2606JesusPizzaCrusher|consejo sebas, cuando armas un moveset, recomiendo enfocarte en usar un solo fisico o especial. usar ambos en un mismo pokemon no sale tambien porque cuesta mas evs y no pegas tan fuerte\n|\n|t:|1700333791\n|switch|p1a: Bardock|Buzzwole|100\/100\n|move|p2a: Heatran|Iron Head|p1a: Bardock\n|-damage|p1a: Bardock|83\/100\n|-damage|p2a: Heatran|34\/100|[from] item: Rocky Helmet|[of] p1a: Bardock\n|\n|upkeep\n|turn|18\n|c|\u2606JesusPizzaCrusher|por cierto creo que con terremoto oneshotteabas a battra, por eso cambie xd\n|\n|t:|1700333818\n|move|p2a: Heatran|Earthquake|p1a: Bardock\n|-resisted|p1a: Bardock\n|-damage|p1a: Bardock|75\/100\n|move|p1a: Bardock|Drain Punch|p2a: Heatran\n|-supereffective|p2a: Heatran\n|-damage|p2a: Heatran|0 fnt\n|-heal|p1a: Bardock|89\/100|[from] drain|[of] p2a: Heatran\n|faint|p2a: Heatran\n|-ability|p1a: Bardock|Beast Boost|boost\n|-boost|p1a: Bardock|atk|1\n|\n|upkeep\n|c|\u2606JesusPizzaCrusher|a battra no a este xd\n|\n|t:|1700333843\n|switch|p2a: Kartana|Kartana|100\/100\n|-damage|p2a: Kartana|94\/100|[from] Stealth Rock\n|-damage|p2a: Kartana|69\/100|[from] Spikes\n|turn|19\n|\n|t:|1700333866\n|move|p2a: Kartana|Giga Drain|p1a: Bardock\n|-resisted|p1a: Bardock\n|-damage|p1a: Bardock|80\/100\n|-heal|p2a: Kartana|76\/100|[from] drain|[of] p1a: Bardock\n|move|p1a: Bardock|Drain Punch|p2a: Kartana\n|-supereffective|p2a: Kartana\n|-damage|p2a: Kartana|0 fnt\n|-heal|p1a: Bardock|100\/100|[from] drain|[of] p2a: Kartana\n|faint|p2a: Kartana\n|-ability|p1a: Bardock|Beast Boost|boost\n|-boost|p1a: Bardock|atk|1\n|\n|upkeep\n|c|\u2606JesusPizzaCrusher|kartana no tiene mucho ataque especial\n|\n|t:|1700333884\n|switch|p2a: Aegislash|Aegislash, M|84\/100\n|-damage|p2a: Aegislash|78\/100|[from] Stealth Rock\n|-damage|p2a: Aegislash|53\/100|[from] Spikes\n|turn|20\n|c|\u2606JesusPizzaCrusher|es mas atacante fisico\n|c| Jor99fran|kartana es rapido y de ataque fisico\n|c| Jor99fran|es como un ca\u00f1on de cristal\n|\n|t:|1700333906\n|switch|p1a: Galvantula|Galvantula, F, shiny|100\/100\n|-formechange|p2a: Aegislash|Aegislash-Blade||[from] ability: Stance Change\n|move|p2a: Aegislash|Shadow Ball|p1a: Galvantula\n|-damage|p1a: Galvantula|31\/100\n|\n|upkeep\n|turn|21\n|c| Jor99fran|recomiendo banda focus\n|c| Jor99fran|para 1 shotear\n|\n|t:|1700333925\n|move|p1a: Galvantula|Thunder|p2a: Aegislash\n|-damage|p2a: Aegislash|0 fnt\n|faint|p2a: Aegislash\n|\n|win|JesusPizzaCrusher\n|c|\u2606JesusPizzaCrusher|o choice\n|c| Jor99fran|si\n|c|\u2606JesusPizzaCrusher|gg tuvo bueno\n|l| Jor99fran\n","uploadtime":1700333933,"views":22,"p1id":"jesuspizzacrusher","p2id":"sebastrainer2461","formatid":"gen9nationaldex","rating":0,"private":0,"password":""}