{"id":"gen9nationaldex-1998519533","p1":"imbwc","p2":"December guy","format":"[Gen 9] National Dex","log":"|html|<div class=\"broadcast-blue\"><strong>[Gen 9] National Dex is currently suspecting Sneasler! For information on how to participate check out the <a href=\"https:\/\/www.smogon.com\/forums\/threads\/sv-national-dex-suspect-8-just-dance.3731534\/\">suspect thread<\/a>.<\/strong><\/div>\n|j|\u2606imbwc\n|j|\u2606December guy\n|t:|1700951570\n|gametype|singles\n|player|p1|imbwc|poppy|1185\n|player|p2|December guy|silver|1184\n|teamsize|p1|6\n|teamsize|p2|6\n|gen|9\n|tier|[Gen 9] National Dex\n|rated|\n|rule|HP Percentage Mod: HP is shown in percentages\n|rule|Endless Battle Clause: Forcing endless battles is banned\n|rule|OHKO Clause: OHKO moves are banned\n|rule|Evasion Clause: Evasion abilities, items, and moves are banned\n|rule|Evasion Abilities Clause: Evasion abilities are banned\n|rule|Evasion Items Clause: Evasion items are banned\n|rule|Evasion Moves Clause: Evasion moves are banned\n|rule|Species Clause: Limit one of each Pok\u00e9mon\n|rule|Sleep Clause Mod: Limit one foe put to sleep\n|clearpoke\n|poke|p1|Moltres|\n|poke|p1|Necrozma|\n|poke|p1|Zamazenta-*|\n|poke|p1|Zangoose, F|\n|poke|p1|Ribombee, F|\n|poke|p1|Zoroark-Hisui, M|\n|poke|p2|Alomomola, M|\n|poke|p2|Banette, M|\n|poke|p2|Toxapex, F|\n|poke|p2|Hoopa-Unbound|\n|poke|p2|Ferrothorn, M|\n|poke|p2|Tapu Koko|\n|teampreview\n|inactive|Battle timer is ON: inactive players will automatically lose when time's up. (requested by December guy)\n|j| kung fu pokechu\n|j| TheStroker\n|inactive|imbwc has 120 seconds left.\n|\n|t:|1700951617\n|start\n|switch|p1a: no bee|Ribombee, F|100\/100\n|switch|p2a: Ferrothorn|Ferrothorn, M|100\/100\n|turn|1\n|\n|t:|1700951626\n|move|p1a: no bee|Sticky Web|p2a: Ferrothorn\n|-sidestart|p2: December guy|move: Sticky Web\n|move|p2a: Ferrothorn|Leech Seed|p1a: no bee\n|-start|p1a: no bee|move: Leech Seed\n|\n|-damage|p1a: no bee|88\/100|[from] Leech Seed|[of] p2a: Ferrothorn\n|upkeep\n|turn|2\n|j| Lonsol\n|\n|t:|1700951634\n|move|p1a: no bee|Stun Spore|p2a: Ferrothorn\n|-immune|p2a: Ferrothorn\n|move|p2a: Ferrothorn|Stealth Rock|p1a: no bee\n|-sidestart|p1: imbwc|move: Stealth Rock\n|\n|-damage|p1a: no bee|76\/100|[from] Leech Seed|[of] p2a: Ferrothorn\n|upkeep\n|turn|3\n|\n|t:|1700951647\n|switch|p1a: Miss|Zamazenta|100\/100\n|-damage|p1a: Miss|94\/100|[from] Stealth Rock\n|-ability|p1a: Miss|Dauntless Shield|boost\n|-boost|p1a: Miss|def|1\n|move|p2a: Ferrothorn|Knock Off|p1a: Miss\n|-resisted|p1a: Miss\n|-damage|p1a: Miss|89\/100\n|-enditem|p1a: Miss|Leftovers|[from] move: Knock Off|[of] p2a: Ferrothorn\n|\n|upkeep\n|turn|4\n|\n|t:|1700951660\n|switch|p2a: Banette|Banette, M|100\/100\n|-activate|p2a: Banette|move: Sticky Web\n|-unboost|p2a: Banette|spe|1\n|move|p1a: Miss|Substitute|p1a: Miss\n|-start|p1a: Miss|Substitute\n|-damage|p1a: Miss|64\/100\n|\n|upkeep\n|turn|5\n|\n|t:|1700951681\n|switch|p1a: champ|Zangoose, F|100\/100\n|-damage|p1a: champ|88\/100|[from] Stealth Rock\n|switch|p2a: Toxapex|Toxapex, F|100\/100\n|-activate|p2a: Toxapex|move: Sticky Web\n|-unboost|p2a: Toxapex|spe|1\n|\n|upkeep\n|turn|6\n|\n|t:|1700951692\n|move|p1a: champ|Nasty Plot|p1a: champ\n|-boost|p1a: champ|spa|2\n|move|p2a: Toxapex|Toxic|p1a: champ\n|-status|p1a: champ|tox\n|\n|-damage|p1a: champ|82\/100 tox|[from] psn\n|upkeep\n|turn|7\n|j| mistahmerrikuu\n|\n|t:|1700951706\n|move|p1a: champ|Shadow Ball|p2a: Toxapex\n|-damage|p2a: Toxapex|35\/100\n|move|p2a: Toxapex|Liquidation|p1a: champ\n|-damage|p1a: champ|40\/100 tox\n|replace|p1a: Mangriff at home|Zoroark-Hisui, M\n|-end|p1a: Mangriff at home|Illusion\n|\n|-heal|p2a: Toxapex|41\/100|[from] item: Black Sludge\n|-damage|p1a: Mangriff at home|28\/100 tox|[from] psn\n|upkeep\n|turn|8\n|\n|t:|1700951717\n|move|p2a: Toxapex|Baneful Bunker|p2a: Toxapex\n|-singleturn|p2a: Toxapex|move: Protect\n|move|p1a: Mangriff at home|Shadow Ball|p2a: Toxapex\n|-activate|p2a: Toxapex|move: Protect\n|\n|-heal|p2a: Toxapex|48\/100|[from] item: Black Sludge\n|-damage|p1a: Mangriff at home|10\/100 tox|[from] psn\n|upkeep\n|turn|9\n|\n|t:|1700951729\n|switch|p2a: Alomomola|Alomomola, M|100\/100\n|-activate|p2a: Alomomola|move: Sticky Web\n|-unboost|p2a: Alomomola|spe|1\n|move|p1a: Mangriff at home|Shadow Ball|p2a: Alomomola\n|-damage|p2a: Alomomola|7\/100\n|\n|-heal|p2a: Alomomola|13\/100|[from] item: Leftovers\n|-damage|p1a: Mangriff at home|0 fnt|[from] psn\n|faint|p1a: Mangriff at home\n|upkeep\n|\n|t:|1700951741\n|switch|p1a: champ|Zangoose, F|100\/100\n|-damage|p1a: champ|88\/100|[from] Stealth Rock\n|turn|10\n|\n|t:|1700951748\n|move|p2a: Alomomola|Protect|p2a: Alomomola\n|-singleturn|p2a: Alomomola|Protect\n|move|p1a: champ|Knock Off|p2a: Alomomola\n|-activate|p2a: Alomomola|move: Protect\n|\n|-heal|p2a: Alomomola|19\/100|[from] item: Leftovers\n|-status|p1a: champ|tox|[from] item: Toxic Orb\n|upkeep\n|turn|11\n|\n|t:|1700951759\n|switch|p2a: Ferrothorn|Ferrothorn, M|100\/100\n|-activate|p2a: Ferrothorn|move: Sticky Web\n|-unboost|p2a: Ferrothorn|spe|1\n|move|p1a: champ|Knock Off|p2a: Ferrothorn\n|-damage|p2a: Ferrothorn|72\/100\n|-damage|p1a: champ|76\/100 tox|[from] ability: Iron Barbs|[of] p2a: Ferrothorn\n|-damage|p1a: champ|60\/100 tox|[from] item: Rocky Helmet|[of] p2a: Ferrothorn\n|-enditem|p2a: Ferrothorn|Rocky Helmet|[from] move: Knock Off|[of] p1a: champ\n|\n|-damage|p1a: champ|54\/100 tox|[from] psn\n|upkeep\n|turn|12\n|\n|t:|1700951775\n|switch|p1a: lucker|Moltres|100\/100\n|move|p2a: Ferrothorn|Leech Seed|p1a: lucker\n|-start|p1a: lucker|move: Leech Seed\n|\n|-damage|p1a: lucker|88\/100|[from] Leech Seed|[of] p2a: Ferrothorn\n|-heal|p2a: Ferrothorn|86\/100|[silent]\n|upkeep\n|turn|13\n|\n|t:|1700951785\n|switch|p2a: Toxapex|Toxapex, F|81\/100\n|-activate|p2a: Toxapex|move: Sticky Web\n|-unboost|p2a: Toxapex|spe|1\n|-terastallize|p1a: lucker|Fire\n|move|p1a: lucker|Burn Up|p2a: Toxapex\n|-resisted|p2a: Toxapex\n|-damage|p2a: Toxapex|38\/100\n|-start|p1a: lucker|typechange|Fire|[from] move: Burn Up\n|\n|-heal|p2a: Toxapex|45\/100|[from] item: Black Sludge\n|-damage|p1a: lucker|76\/100|[from] Leech Seed|[of] p2a: Toxapex\n|-heal|p2a: Toxapex|60\/100|[silent]\n|upkeep\n|turn|14\n|\n|t:|1700951804\n|switch|p1a: champ|Zangoose, F|54\/100 tox\n|-damage|p1a: champ|42\/100 tox|[from] Stealth Rock\n|move|p2a: Toxapex|Toxic|p1a: champ\n|-fail|p1a: champ|tox\n|\n|-heal|p2a: Toxapex|66\/100|[from] item: Black Sludge\n|-damage|p1a: champ|36\/100 tox|[from] psn\n|upkeep\n|turn|15\n|\n|t:|1700951815\n|move|p1a: champ|Facade|p2a: Toxapex\n|-damage|p2a: Toxapex|4\/100\n|move|p2a: Toxapex|Recover|p2a: Toxapex\n|-heal|p2a: Toxapex|54\/100\n|\n|-heal|p2a: Toxapex|60\/100|[from] item: Black Sludge\n|-damage|p1a: champ|24\/100 tox|[from] psn\n|upkeep\n|turn|16\n|\n|t:|1700951826\n|move|p2a: Toxapex|Baneful Bunker|p2a: Toxapex\n|-singleturn|p2a: Toxapex|move: Protect\n|move|p1a: champ|Knock Off|p2a: Toxapex\n|-activate|p2a: Toxapex|move: Protect\n|\n|-heal|p2a: Toxapex|66\/100|[from] item: Black Sludge\n|-damage|p1a: champ|6\/100 tox|[from] psn\n|upkeep\n|turn|17\n|\n|t:|1700951842\n|move|p1a: champ|Facade|p2a: Toxapex\n|-damage|p2a: Toxapex|2\/100\n|move|p2a: Toxapex|Recover|p2a: Toxapex\n|-heal|p2a: Toxapex|52\/100\n|\n|-heal|p2a: Toxapex|58\/100|[from] item: Black Sludge\n|-damage|p1a: champ|0 fnt|[from] psn\n|faint|p1a: champ\n|upkeep\n|\n|t:|1700951848\n|switch|p1a: Miss|Zamazenta|64\/100\n|-damage|p1a: Miss|57\/100|[from] Stealth Rock\n|turn|18\n|\n|t:|1700951857\n|move|p1a: Miss|Substitute|p1a: Miss\n|-start|p1a: Miss|Substitute\n|-damage|p1a: Miss|32\/100\n|move|p2a: Toxapex|Toxic||[still]\n|-fail|p2a: Toxapex\n|\n|-heal|p2a: Toxapex|65\/100|[from] item: Black Sludge\n|upkeep\n|turn|19\n|\n|t:|1700951865\n|move|p1a: Miss|Crunch|p2a: Toxapex\n|-damage|p2a: Toxapex|51\/100\n|move|p2a: Toxapex|Liquidation|p1a: Miss\n|-activate|p1a: Miss|move: Substitute|[damage]\n|\n|-heal|p2a: Toxapex|58\/100|[from] item: Black Sludge\n|upkeep\n|turn|20\n|\n|t:|1700951875\n|move|p2a: Toxapex|Baneful Bunker|p2a: Toxapex\n|-singleturn|p2a: Toxapex|move: Protect\n|move|p1a: Miss|Iron Defense|p1a: Miss\n|-boost|p1a: Miss|def|2\n|\n|-heal|p2a: Toxapex|64\/100|[from] item: Black Sludge\n|upkeep\n|turn|21\n|\n|t:|1700951885\n|move|p1a: Miss|Body Press|p2a: Toxapex\n|-resisted|p2a: Toxapex\n|-damage|p2a: Toxapex|46\/100\n|move|p2a: Toxapex|Liquidation|p1a: Miss\n|-activate|p1a: Miss|move: Substitute|[damage]\n|\n|-heal|p2a: Toxapex|52\/100|[from] item: Black Sludge\n|upkeep\n|turn|22\n|\n|t:|1700951894\n|move|p1a: Miss|Iron Defense|p1a: Miss\n|-boost|p1a: Miss|def|2\n|move|p2a: Toxapex|Recover|p2a: Toxapex\n|-heal|p2a: Toxapex|100\/100\n|\n|upkeep\n|turn|23\n|\n|t:|1700951902\n|move|p2a: Toxapex|Baneful Bunker|p2a: Toxapex\n|-singleturn|p2a: Toxapex|move: Protect\n|move|p1a: Miss|Iron Defense|p1a: Miss\n|-boost|p1a: Miss|def|2\n|\n|upkeep\n|turn|24\n|\n|t:|1700951910\n|move|p1a: Miss|Body Press|p2a: Toxapex\n|-resisted|p2a: Toxapex\n|-damage|p2a: Toxapex|66\/100\n|move|p2a: Toxapex|Liquidation|p1a: Miss\n|-end|p1a: Miss|Substitute\n|\n|-heal|p2a: Toxapex|72\/100|[from] item: Black Sludge\n|upkeep\n|turn|25\n|\n|t:|1700951922\n|move|p1a: Miss|Substitute|p1a: Miss\n|-start|p1a: Miss|Substitute\n|-damage|p1a: Miss|7\/100\n|move|p2a: Toxapex|Liquidation|p1a: Miss\n|-activate|p1a: Miss|move: Substitute|[damage]\n|\n|-heal|p2a: Toxapex|78\/100|[from] item: Black Sludge\n|upkeep\n|turn|26\n|\n|t:|1700951932\n|move|p2a: Toxapex|Baneful Bunker|p2a: Toxapex\n|-singleturn|p2a: Toxapex|move: Protect\n|move|p1a: Miss|Iron Defense|p1a: Miss\n|-boost|p1a: Miss|def|0\n|\n|-heal|p2a: Toxapex|84\/100|[from] item: Black Sludge\n|upkeep\n|turn|27\n|\n|t:|1700951942\n|move|p1a: Miss|Body Press|p2a: Toxapex\n|-resisted|p2a: Toxapex\n|-damage|p2a: Toxapex|45\/100\n|move|p2a: Toxapex|Liquidation|p1a: Miss\n|-activate|p1a: Miss|move: Substitute|[damage]\n|\n|-heal|p2a: Toxapex|51\/100|[from] item: Black Sludge\n|upkeep\n|turn|28\n|\n|t:|1700951951\n|move|p1a: Miss|Body Press|p2a: Toxapex\n|-resisted|p2a: Toxapex\n|-damage|p2a: Toxapex|15\/100\n|move|p2a: Toxapex|Recover|p2a: Toxapex\n|-heal|p2a: Toxapex|65\/100\n|\n|-heal|p2a: Toxapex|72\/100|[from] item: Black Sludge\n|upkeep\n|turn|29\n|\n|t:|1700951961\n|move|p2a: Toxapex|Baneful Bunker|p2a: Toxapex\n|-singleturn|p2a: Toxapex|move: Protect\n|move|p1a: Miss|Iron Defense|p1a: Miss\n|-boost|p1a: Miss|def|0\n|\n|-heal|p2a: Toxapex|78\/100|[from] item: Black Sludge\n|upkeep\n|turn|30\n|\n|t:|1700951978\n|move|p2a: Toxapex|Baneful Bunker|p2a: Toxapex\n|-singleturn|p2a: Toxapex|move: Protect\n|move|p1a: Miss|Body Press|p2a: Toxapex\n|-activate|p2a: Toxapex|move: Protect\n|-status|p1a: Miss|psn\n|\n|-heal|p2a: Toxapex|84\/100|[from] item: Black Sludge\n|-damage|p1a: Miss|0 fnt|[from] psn\n|faint|p1a: Miss\n|upkeep\n|\n|t:|1700951997\n|switch|p1a: PRISMED|Necrozma|100\/100\n|-damage|p1a: PRISMED|88\/100|[from] Stealth Rock\n|turn|31\n|\n|t:|1700952005\n|switch|p2a: Ferrothorn|Ferrothorn, M|86\/100\n|-activate|p2a: Ferrothorn|move: Sticky Web\n|-unboost|p2a: Ferrothorn|spe|1\n|move|p1a: PRISMED|Dragon Dance|p1a: PRISMED\n|-boost|p1a: PRISMED|atk|1\n|-boost|p1a: PRISMED|spe|1\n|\n|upkeep\n|turn|32\n|\n|t:|1700952015\n|move|p1a: PRISMED|Brick Break|p2a: Ferrothorn\n|-supereffective|p2a: Ferrothorn\n|-damage|p2a: Ferrothorn|42\/100\n|-damage|p1a: PRISMED|76\/100|[from] ability: Iron Barbs|[of] p2a: Ferrothorn\n|move|p2a: Ferrothorn|Leech Seed|p1a: PRISMED\n|-start|p1a: PRISMED|move: Leech Seed\n|\n|-damage|p1a: PRISMED|64\/100|[from] Leech Seed|[of] p2a: Ferrothorn\n|-heal|p2a: Ferrothorn|53\/100|[silent]\n|upkeep\n|turn|33\n|\n|t:|1700952026\n|switch|p1a: lucker|Moltres, tera:Fire|76\/100\n|move|p2a: Ferrothorn|Knock Off|p1a: lucker\n|-damage|p1a: lucker|54\/100\n|-enditem|p1a: lucker|Heavy-Duty Boots|[from] move: Knock Off|[of] p2a: Ferrothorn\n|\n|upkeep\n|turn|34\n|\n|t:|1700952046\n|switch|p2a: Alomomola|Alomomola, M|53\/100\n|-activate|p2a: Alomomola|move: Sticky Web\n|-unboost|p2a: Alomomola|spe|1\n|move|p1a: lucker|Burn Up|p2a: Alomomola\n|-resisted|p2a: Alomomola\n|-damage|p2a: Alomomola|0 fnt\n|-start|p1a: lucker|typechange|Fire|[from] move: Burn Up\n|faint|p2a: Alomomola\n|\n|upkeep\n|\n|t:|1700952059\n|switch|p2a: Banette|Banette, M|100\/100\n|-activate|p2a: Banette|move: Sticky Web\n|-unboost|p2a: Banette|spe|1\n|turn|35\n|\n|t:|1700952070\n|detailschange|p2a: Banette|Banette-Mega, M\n|-mega|p2a: Banette|Banette|Banettite\n|move|p2a: Banette|Destiny Bond|p2a: Banette\n|-singlemove|p2a: Banette|Destiny Bond\n|move|p1a: lucker|Roost|p1a: lucker\n|-heal|p1a: lucker|100\/100\n|\n|upkeep\n|turn|36\n|\n|t:|1700952089\n|switch|p1a: no bee|Ribombee, F|76\/100\n|-damage|p1a: no bee|51\/100|[from] Stealth Rock\n|move|p2a: Banette|Shadow Sneak|p1a: no bee\n|-damage|p1a: no bee|9\/100\n|\n|upkeep\n|turn|37\n|\n|t:|1700952096\n|move|p2a: Banette|Shadow Sneak|p1a: no bee\n|-damage|p1a: no bee|0 fnt\n|faint|p1a: no bee\n|\n|upkeep\n|\n|t:|1700952100\n|switch|p1a: PRISMED|Necrozma|64\/100\n|-damage|p1a: PRISMED|52\/100|[from] Stealth Rock\n|turn|38\n|\n|t:|1700952106\n|move|p1a: PRISMED|Photon Geyser|p2a: Banette\n|-damage|p2a: Banette|41\/100\n|move|p2a: Banette|Poltergeist|p1a: PRISMED\n|-activate|p1a: PRISMED|move: Poltergeist|Weakness Policy\n|-supereffective|p1a: PRISMED\n|-damage|p1a: PRISMED|0 fnt\n|faint|p1a: PRISMED\n|\n|upkeep\n|\n|t:|1700952113\n|switch|p1a: lucker|Moltres, tera:Fire|100\/100\n|-damage|p1a: lucker|76\/100|[from] Stealth Rock\n|turn|39\n|\n|t:|1700952121\n|move|p2a: Banette|Destiny Bond|p2a: Banette\n|-singlemove|p2a: Banette|Destiny Bond\n|move|p1a: lucker|Scorching Sands|p2a: Banette\n|-damage|p2a: Banette|17\/100\n|\n|upkeep\n|turn|40\n|\n|t:|1700952128\n|move|p1a: lucker|Roost|p1a: lucker\n|-heal|p1a: lucker|100\/100\n|move|p2a: Banette|Poltergeist||[still]\n|-fail|p2a: Banette\n|\n|upkeep\n|turn|41\n|\n|t:|1700952136\n|move|p2a: Banette|Destiny Bond|p2a: Banette\n|-singlemove|p2a: Banette|Destiny Bond\n|move|p1a: lucker|Roost||[still]\n|-fail|p1a: lucker|heal\n|\n|upkeep\n|turn|42\n|\n|t:|1700952142\n|move|p1a: lucker|Roost||[still]\n|-fail|p1a: lucker|heal\n|move|p2a: Banette|Poltergeist||[still]\n|-fail|p2a: Banette\n|\n|upkeep\n|turn|43\n|\n|t:|1700952148\n|move|p2a: Banette|Destiny Bond|p2a: Banette\n|-singlemove|p2a: Banette|Destiny Bond\n|move|p1a: lucker|Roost||[still]\n|-fail|p1a: lucker|heal\n|\n|upkeep\n|turn|44\n|\n|t:|1700952156\n|move|p1a: lucker|Roost||[still]\n|-fail|p1a: lucker|heal\n|move|p2a: Banette|Poltergeist||[still]\n|-fail|p2a: Banette\n|\n|upkeep\n|turn|45\n|j| less might be more\n|\n|t:|1700952166\n|move|p1a: lucker|Roost||[still]\n|-fail|p1a: lucker|heal\n|move|p2a: Banette|Poltergeist||[still]\n|-fail|p2a: Banette\n|\n|upkeep\n|turn|46\n|\n|t:|1700952172\n|move|p2a: Banette|Destiny Bond|p2a: Banette\n|-singlemove|p2a: Banette|Destiny Bond\n|move|p1a: lucker|Roost||[still]\n|-fail|p1a: lucker|heal\n|\n|upkeep\n|turn|47\n|\n|t:|1700952178\n|move|p1a: lucker|Hurricane|p2a: Banette\n|-damage|p2a: Banette|0 fnt\n|faint|p2a: Banette\n|-activate|p2a: Banette|move: Destiny Bond\n|faint|p1a: lucker\n|\n|win|December guy\n|raw|imbwc's rating: 1185 &rarr; <strong>1160<\/strong><br \/>(-25 for losing)\n|raw|December guy's rating: 1184 &rarr; <strong>1209<\/strong><br \/>(+25 for winning)\n|l|\u2606December guy\n|l| less might be more\n|l|\u2606imbwc\n|l| TheStroker\n","uploadtime":1700952279,"views":1,"p1id":"imbwc","p2id":"decemberguy","formatid":"gen9nationaldex","rating":1160,"private":0,"password":""}