{"id":"gen9nationaldex-1995845437","p1":"pickapup","p2":"JerimiahOrvin","format":"[Gen 9] National Dex","log":"|html|<div class=\"broadcast-blue\"><strong>[Gen 9] National Dex is currently suspecting Sneasler! For information on how to participate check out the <a href=\"https:\/\/www.smogon.com\/forums\/threads\/sv-national-dex-suspect-8-just-dance.3731534\/\">suspect thread<\/a>.<\/strong><\/div>\n|j|\u2606pickapup\n|j|\u2606JerimiahOrvin\n|t:|1700608988\n|gametype|singles\n|player|p1|pickapup|cynthia|1000\n|player|p2|JerimiahOrvin|2|1102\n|teamsize|p1|2\n|teamsize|p2|6\n|gen|9\n|tier|[Gen 9] National Dex\n|rated|\n|rule|HP Percentage Mod: HP is shown in percentages\n|rule|Endless Battle Clause: Forcing endless battles is banned\n|rule|OHKO Clause: OHKO moves are banned\n|rule|Evasion Clause: Evasion abilities, items, and moves are banned\n|rule|Evasion Abilities Clause: Evasion abilities are banned\n|rule|Evasion Items Clause: Evasion items are banned\n|rule|Evasion Moves Clause: Evasion moves are banned\n|rule|Species Clause: Limit one of each Pok\u00e9mon\n|rule|Sleep Clause Mod: Limit one foe put to sleep\n|clearpoke\n|poke|p1|Charizard, F|\n|poke|p1|Aegislash, F|\n|poke|p2|Gengar, M|\n|poke|p2|Gardevoir, F|\n|poke|p2|Noivern, F|\n|poke|p2|Lucario, F|\n|poke|p2|Arcanine-Hisui, M|\n|poke|p2|Pelipper, F|\n|teampreview\n|\n|t:|1700608991\n|start\n|switch|p1a: Aegislash|Aegislash, F, shiny|100\/100\n|switch|p2a: Noivern|Noivern, F|100\/100\n|turn|1\n|\n|t:|1700609002\n|-formechange|p1a: Aegislash|Aegislash-Blade||[from] ability: Stance Change\n|move|p1a: Aegislash|Shadow Sneak|p2a: Noivern\n|-damage|p2a: Noivern|70\/100\n|move|p2a: Noivern|Switcheroo|p1a: Aegislash\n|-activate|p2a: Noivern|move: Trick|[of] p1a: Aegislash\n|-item|p1a: Aegislash|Choice Scarf|[from] move: Switcheroo\n|-item|p2a: Noivern|Assault Vest|[from] move: Switcheroo\n|\n|upkeep\n|turn|2\n|\n|t:|1700609012\n|move|p2a: Noivern|Leech Life|p1a: Aegislash\n|-resisted|p1a: Aegislash\n|-damage|p1a: Aegislash|94\/100\n|-heal|p2a: Noivern|73\/100|[from] drain|[of] p1a: Aegislash\n|move|p1a: Aegislash|Gyro Ball|p2a: Noivern\n|-damage|p2a: Noivern|43\/100\n|\n|upkeep\n|turn|3\n|\n|t:|1700609022\n|switch|p2a: Arcanine|Arcanine-Hisui, M|100\/100\n|move|p1a: Aegislash|Gyro Ball|p2a: Arcanine\n|-damage|p2a: Arcanine|78\/100\n|\n|upkeep\n|turn|4\n|\n|t:|1700609027\n|move|p2a: Arcanine|Flare Blitz|p1a: Aegislash\n|-supereffective|p1a: Aegislash\n|-damage|p1a: Aegislash|0 fnt\n|faint|p1a: Aegislash\n|\n|upkeep\n|\n|t:|1700609030\n|switch|p1a: Shiny killer|Charizard, F, shiny|100\/100\n|turn|5\n|\n|t:|1700609035\n|detailschange|p1a: Shiny killer|Charizard-Mega-Y, F, shiny\n|-mega|p1a: Shiny killer|Charizard|Charizardite Y\n|-weather|SunnyDay|[from] ability: Drought|[of] p1a: Shiny killer\n|-zpower|p2a: Arcanine\n|move|p2a: Arcanine|Inferno Overdrive|p1a: Shiny killer|[zeffect]\n|-resisted|p1a: Shiny killer\n|-damage|p1a: Shiny killer|24\/100\n|move|p1a: Shiny killer|Ancient Power|p2a: Arcanine\n|-supereffective|p2a: Arcanine\n|-damage|p2a: Arcanine|24\/100\n|-boost|p1a: Shiny killer|atk|1\n|-boost|p1a: Shiny killer|def|1\n|-boost|p1a: Shiny killer|spa|1\n|-boost|p1a: Shiny killer|spd|1\n|-boost|p1a: Shiny killer|spe|1\n|\n|-weather|SunnyDay|[upkeep]\n|upkeep\n|turn|6\n|inactive|Battle timer is ON: inactive players will automatically lose when time's up. (requested by pickapup)\n|\n|t:|1700609047\n|move|p1a: Shiny killer|Ancient Power|p2a: Arcanine\n|-supereffective|p2a: Arcanine\n|-damage|p2a: Arcanine|0 fnt\n|faint|p2a: Arcanine\n|\n|-weather|SunnyDay|[upkeep]\n|upkeep\n|\n|t:|1700609056\n|switch|p2a: Gardevoir|Gardevoir, F|100\/100\n|-ability|p2a: Gardevoir|Drought|[from] ability: Trace|[of] p1a: Shiny killer\n|turn|7\n|\n|t:|1700609063\n|detailschange|p2a: Gardevoir|Gardevoir-Mega, F\n|-mega|p2a: Gardevoir|Gardevoir|Gardevoirite\n|move|p1a: Shiny killer|Overheat|p2a: Gardevoir\n|-damage|p2a: Gardevoir|0 fnt\n|-unboost|p1a: Shiny killer|spa|2\n|faint|p2a: Gardevoir\n|\n|-weather|SunnyDay|[upkeep]\n|upkeep\n|\n|t:|1700609082\n|switch|p2a: Noivern|Noivern, F|43\/100\n|turn|8\n|\n|t:|1700609084\n|move|p1a: Shiny killer|Dragon Claw|p2a: Noivern\n|-supereffective|p2a: Noivern\n|-damage|p2a: Noivern|0 fnt\n|faint|p2a: Noivern\n|\n|-weather|SunnyDay|[upkeep]\n|upkeep\n|\n|t:|1700609087\n|switch|p2a: Gengar|Gengar, M|100\/100\n|turn|9\n|\n|t:|1700609096\n|move|p1a: Shiny killer|Overheat|p2a: Gengar\n|-damage|p2a: Gengar|7\/100\n|-unboost|p1a: Shiny killer|spa|2\n|move|p2a: Gengar|Curse|p1a: Shiny killer\n|-start|p1a: Shiny killer|Curse|[of] p2a: Gengar\n|-damage|p2a: Gengar|0 fnt\n|faint|p2a: Gengar\n|\n|-weather|none\n|-damage|p1a: Shiny killer|0 fnt|[from] Curse\n|faint|p1a: Shiny killer\n|\n|win|JerimiahOrvin\n|upkeep\n|raw|pickapup's rating: 1000 &rarr; <strong>1000<\/strong><br \/>(+0 for losing)\n|raw|JerimiahOrvin's rating: 1102 &rarr; <strong>1120<\/strong><br \/>(+18 for winning)\n|l|\u2606JerimiahOrvin\n","uploadtime":1700609136,"views":5,"p1id":"pickapup","p2id":"jerimiahorvin","formatid":"gen9nationaldex","rating":1000,"private":0,"password":""}