{"id":"gen9nationaldex-1998545189","p1":"Mob Boss Joey","p2":"imbwc","format":"[Gen 9] National Dex","log":"|html|<div class=\"broadcast-blue\"><strong>[Gen 9] National Dex is currently suspecting Sneasler! For information on how to participate check out the <a href=\"https:\/\/www.smogon.com\/forums\/threads\/sv-national-dex-suspect-8-just-dance.3731534\/\">suspect thread<\/a>.<\/strong><\/div>\n|j|\u2606Mob Boss Joey\n|j|\u2606imbwc\n|t:|1700954577\n|gametype|singles\n|player|p1|Mob Boss Joey|169|1189\n|player|p2|imbwc|poppy|1207\n|teamsize|p1|6\n|teamsize|p2|6\n|gen|9\n|tier|[Gen 9] National Dex\n|rated|\n|rule|HP Percentage Mod: HP is shown in percentages\n|rule|Endless Battle Clause: Forcing endless battles is banned\n|rule|OHKO Clause: OHKO moves are banned\n|rule|Evasion Clause: Evasion abilities, items, and moves are banned\n|rule|Evasion Abilities Clause: Evasion abilities are banned\n|rule|Evasion Items Clause: Evasion items are banned\n|rule|Evasion Moves Clause: Evasion moves are banned\n|rule|Species Clause: Limit one of each Pok\u00e9mon\n|rule|Sleep Clause Mod: Limit one foe put to sleep\n|clearpoke\n|poke|p1|Munkidori, M|\n|poke|p1|Quagsire, M|\n|poke|p1|Wormadam-Trash, F|\n|poke|p1|Iron Valiant|\n|poke|p1|Banette, F|\n|poke|p1|Pawmot, F|\n|poke|p2|Moltres|\n|poke|p2|Necrozma|\n|poke|p2|Zamazenta-*|\n|poke|p2|Zangoose, F|\n|poke|p2|Ribombee, M|\n|poke|p2|Zoroark-Hisui, F|\n|teampreview\n|j| NewPlsShowMercy\n|j| Alpha Arceus\n|j| TheStroker\n|inactive|Battle timer is ON: inactive players will automatically lose when time's up. (requested by Mob Boss Joey)\n|c|\u2606Mob Boss Joey|You know I'm thinking\n|j| kung fu pokechu\n|j| less might be more\n|inactive|imbwc has 120 seconds left.\n|\n|t:|1700954629\n|start\n|switch|p1a: Basura|Wormadam-Trash, F|100\/100\n|switch|p2a: no bee|Ribombee, M|100\/100\n|turn|1\n|c|\u2606Mob Boss Joey|like uhh\n|c| TheStroker|Let's Go, Mob Boss Joey!!! Show this noob how it's done\n|\n|t:|1700954637\n|move|p2a: no bee|Sticky Web|p1a: Basura\n|-sidestart|p1: Mob Boss Joey|move: Sticky Web\n|move|p1a: Basura|Quiver Dance|p1a: Basura\n|-boost|p1a: Basura|spa|1\n|-boost|p1a: Basura|spd|1\n|-boost|p1a: Basura|spe|1\n|\n|upkeep\n|turn|2\n|c| less might be more|imagine thinking\n|\n|t:|1700954645\n|switch|p2a: lucker|Moltres|100\/100\n|move|p1a: Basura|Quiver Dance|p1a: Basura\n|-boost|p1a: Basura|spa|1\n|-boost|p1a: Basura|spd|1\n|-boost|p1a: Basura|spe|1\n|\n|upkeep\n|turn|3\n|inactive|Mob Boss Joey has 120 seconds left.\n|\n|t:|1700954685\n|move|p1a: Basura|Flash Cannon|p2a: lucker\n|-resisted|p2a: lucker\n|-damage|p2a: lucker|72\/100\n|move|p2a: lucker|Burn Up|p1a: Basura\n|-supereffective|p1a: Basura\n|-enditem|p1a: Basura|Focus Sash\n|-damage|p1a: Basura|1\/100\n|-start|p2a: lucker|typechange|???\/Flying|[from] move: Burn Up\n|\n|upkeep\n|turn|4\n|\n|t:|1700954701\n|move|p1a: Basura|Flash Cannon|p2a: lucker\n|-damage|p2a: lucker|6\/100\n|move|p2a: lucker|Scorching Sands|p1a: Basura\n|-damage|p1a: Basura|0 fnt\n|faint|p1a: Basura\n|\n|upkeep\n|\n|t:|1700954713\n|switch|p1a: Master of Puppets|Banette, F|100\/100\n|-activate|p1a: Master of Puppets|move: Sticky Web\n|-unboost|p1a: Master of Puppets|spe|1\n|turn|5\n|\n|t:|1700954721\n|switch|p2a: champ|Zangoose, F|100\/100\n|detailschange|p1a: Master of Puppets|Banette-Mega, F\n|-mega|p1a: Master of Puppets|Banette|Banettite\n|move|p1a: Master of Puppets|Sucker Punch||[still]\n|-fail|p1a: Master of Puppets\n|\n|-status|p2a: champ|tox|[from] item: Toxic Orb\n|upkeep\n|turn|6\n|inactive|Mob Boss Joey has 120 seconds left.\n|\n|t:|1700954729\n|move|p1a: Master of Puppets|Destiny Bond|p1a: Master of Puppets\n|-singlemove|p1a: Master of Puppets|Destiny Bond\n|move|p2a: champ|Knock Off|p1a: Master of Puppets\n|-supereffective|p1a: Master of Puppets\n|-damage|p1a: Master of Puppets|26\/100\n|\n|-damage|p2a: champ|95\/100 tox|[from] psn\n|upkeep\n|turn|7\n|inactive|Mob Boss Joey has 120 seconds left.\n|\n|t:|1700954747\n|move|p2a: champ|Knock Off|p1a: Master of Puppets\n|-supereffective|p1a: Master of Puppets\n|-damage|p1a: Master of Puppets|0 fnt\n|faint|p1a: Master of Puppets\n|-activate|p1a: Master of Puppets|move: Destiny Bond\n|faint|p2a: champ\n|\n|upkeep\n|inactive|Mob Boss Joey has 120 seconds left.\n|\n|t:|1700954767\n|switch|p2a: no bee|Ribombee, M|100\/100\n|switch|p1a: Pawmot|Pawmot, F|100\/100\n|-activate|p1a: Pawmot|move: Sticky Web\n|-unboost|p1a: Pawmot|spe|1\n|turn|8\n|\n|t:|1700954790\n|switch|p1a: DVD Player|Munkidori, M|100\/100\n|-activate|p1a: DVD Player|move: Sticky Web\n|-unboost|p1a: DVD Player|spe|1\n|move|p2a: no bee|Moonblast|p1a: DVD Player\n|-resisted|p1a: DVD Player\n|-damage|p1a: DVD Player|77\/100\n|-unboost|p1a: DVD Player|spa|1\n|\n|upkeep\n|turn|9\n|\n|t:|1700954809\n|move|p2a: no bee|Stun Spore|p1a: DVD Player|[miss]\n|-miss|p2a: no bee|p1a: DVD Player\n|move|p1a: DVD Player|Sludge Wave|p2a: no bee\n|-supereffective|p2a: no bee\n|-crit|p2a: no bee\n|-enditem|p2a: no bee|Focus Sash\n|-damage|p2a: no bee|1\/100\n|-damage|p1a: DVD Player|67\/100|[from] item: Life Orb\n|\n|upkeep\n|turn|10\n|\n|t:|1700954819\n|move|p2a: no bee|Stun Spore|p1a: DVD Player|[miss]\n|-miss|p2a: no bee|p1a: DVD Player\n|move|p1a: DVD Player|Sludge Wave|p2a: no bee\n|-supereffective|p2a: no bee\n|-damage|p2a: no bee|0 fnt\n|faint|p2a: no bee\n|-damage|p1a: DVD Player|57\/100|[from] item: Life Orb\n|\n|upkeep\n|\n|t:|1700954828\n|switch|p2a: PRISMED|Necrozma|100\/100\n|turn|11\n|\n|t:|1700954834\n|move|p2a: PRISMED|Photon Geyser|p1a: DVD Player\n|-damage|p1a: DVD Player|0 fnt\n|faint|p1a: DVD Player\n|\n|upkeep\n|\n|t:|1700954847\n|switch|p1a: Eddy Valiant|Iron Valiant|100\/100\n|-activate|p1a: Eddy Valiant|move: Sticky Web\n|-unboost|p1a: Eddy Valiant|spe|1\n|-enditem|p1a: Eddy Valiant|Booster Energy\n|-activate|p1a: Eddy Valiant|ability: Quark Drive|[fromitem]\n|-start|p1a: Eddy Valiant|quarkdriveatk\n|turn|12\n|\n|t:|1700954855\n|move|p2a: PRISMED|Photon Geyser|p1a: Eddy Valiant\n|-supereffective|p1a: Eddy Valiant\n|-damage|p1a: Eddy Valiant|0 fnt\n|faint|p1a: Eddy Valiant\n|-end|p1a: Eddy Valiant|Quark Drive|[silent]\n|\n|upkeep\n|\n|t:|1700954866\n|switch|p1a: No b8 m8|Quagsire, M, shiny|100\/100\n|-activate|p1a: No b8 m8|move: Sticky Web\n|-unboost|p1a: No b8 m8|spe|1\n|turn|13\n|\n|t:|1700954874\n|move|p2a: PRISMED|Photon Geyser|p1a: No b8 m8\n|-damage|p1a: No b8 m8|67\/100\n|move|p1a: No b8 m8|Scald|p2a: PRISMED\n|-damage|p2a: PRISMED|77\/100\n|\n|-heal|p1a: No b8 m8|73\/100|[from] item: Leftovers\n|upkeep\n|turn|14\n|inactive|Mob Boss Joey has 120 seconds left.\n|\n|t:|1700954887\n|switch|p2a: lucker|Moltres|100\/100\n|move|p1a: No b8 m8|Scald|p2a: lucker\n|-damage|p2a: lucker|62\/100\n|-status|p2a: lucker|brn\n|replace|p2a: Mangriff at home|Zoroark-Hisui, F\n|-end|p2a: Mangriff at home|Illusion\n|\n|-heal|p1a: No b8 m8|79\/100|[from] item: Leftovers\n|-damage|p2a: Mangriff at home|56\/100 brn|[from] brn\n|upkeep\n|turn|15\n|inactive|Mob Boss Joey has 120 seconds left.\n|\n|t:|1700954897\n|move|p2a: Mangriff at home|Shadow Ball|p1a: No b8 m8\n|-damage|p1a: No b8 m8|10\/100\n|move|p1a: No b8 m8|Recover|p1a: No b8 m8\n|-heal|p1a: No b8 m8|60\/100\n|\n|-heal|p1a: No b8 m8|66\/100|[from] item: Leftovers\n|-damage|p2a: Mangriff at home|50\/100 brn|[from] brn\n|upkeep\n|turn|16\n|inactive|Mob Boss Joey has 120 seconds left.\n|\n|t:|1700954930\n|switch|p1a: Pawmot|Pawmot, F|100\/100\n|-activate|p1a: Pawmot|move: Sticky Web\n|-unboost|p1a: Pawmot|spe|1\n|move|p2a: Mangriff at home|Shadow Ball|p1a: Pawmot\n|-damage|p1a: Pawmot|0 fnt\n|faint|p1a: Pawmot\n|\n|-damage|p2a: Mangriff at home|44\/100 brn|[from] brn\n|upkeep\n|\n|t:|1700954939\n|switch|p1a: No b8 m8|Quagsire, M, shiny|66\/100\n|-activate|p1a: No b8 m8|move: Sticky Web\n|-unboost|p1a: No b8 m8|spe|1\n|turn|17\n|\n|t:|1700954951\n|-terastallize|p1a: No b8 m8|Water\n|move|p2a: Mangriff at home|Shadow Ball|p1a: No b8 m8\n|-damage|p1a: No b8 m8|0 fnt\n|faint|p1a: No b8 m8\n|\n|win|imbwc\n|raw|Mob Boss Joey's rating: 1189 &rarr; <strong>1165<\/strong><br \/>(-24 for losing)\n|raw|imbwc's rating: 1207 &rarr; <strong>1231<\/strong><br \/>(+24 for winning)\n|l|\u2606imbwc\n","uploadtime":1700954958,"views":11,"p1id":"mobbossjoey","p2id":"imbwc","formatid":"gen9nationaldex","rating":1165,"private":0,"password":""}