{"id":"gen9nationaldex-1998319959","p1":"gglao2","p2":"d-ddkb\u771f\u65b0\u4eba","format":"[Gen 9] National Dex","log":"|html|<div class=\"broadcast-blue\"><strong>[Gen 9] National Dex is currently suspecting Sneasler! For information on how to participate check out the <a href=\"https:\/\/www.smogon.com\/forums\/threads\/sv-national-dex-suspect-8-just-dance.3731534\/\">suspect thread<\/a>.<\/strong><\/div>\n|j|\u2606gglao2\n|j|\u2606d-ddkb\u771f\u65b0\u4eba\n|t:|1700929014\n|gametype|singles\n|player|p1|gglao2|fisherman-gen4|1511\n|player|p2|d-ddkb\u771f\u65b0\u4eba|furisodegirl-black|1758\n|teamsize|p1|6\n|teamsize|p2|6\n|gen|9\n|tier|[Gen 9] National Dex\n|rated|\n|rule|HP Percentage Mod: HP is shown in percentages\n|rule|Endless Battle Clause: Forcing endless battles is banned\n|rule|OHKO Clause: OHKO moves are banned\n|rule|Evasion Clause: Evasion abilities, items, and moves are banned\n|rule|Evasion Abilities Clause: Evasion abilities are banned\n|rule|Evasion Items Clause: Evasion items are banned\n|rule|Evasion Moves Clause: Evasion moves are banned\n|rule|Species Clause: Limit one of each Pok\u00e9mon\n|rule|Sleep Clause Mod: Limit one foe put to sleep\n|clearpoke\n|poke|p1|Alomomola, M|\n|poke|p1|Ditto|\n|poke|p1|Zamazenta-*|\n|poke|p1|Gliscor, F|\n|poke|p1|Victini|\n|poke|p1|Goodra-Hisui, M|\n|poke|p2|Rillaboom, M|\n|poke|p2|Scizor, F|\n|poke|p2|Ursaluna, M|\n|poke|p2|Tapu Lele|\n|poke|p2|Urshifu-*, M|\n|poke|p2|Samurott-Hisui, M|\n|teampreview\n|inactive|Battle timer is ON: inactive players will automatically lose when time's up. (requested by gglao2)\n|\n|t:|1700929025\n|start\n|switch|p1a: Victini|Victini|100\/100\n|switch|p2a: Tapu Bulu-Mega|Rillaboom, M|100\/100\n|-fieldstart|move: Grassy Terrain|[from] ability: Grassy Surge|[of] p2a: Tapu Bulu-Mega\n|turn|1\n|\n|t:|1700929037\n|switch|p2a: Urshifu|Urshifu-Rapid-Strike, M|100\/100\n|move|p1a: Victini|U-turn|p2a: Urshifu\n|-resisted|p2a: Urshifu\n|-damage|p2a: Urshifu|91\/100\n|\n|t:|1700929043\n|switch|p1a: Alomomola|Alomomola, M|100\/100|[from] U-turn\n|\n|-heal|p2a: Urshifu|97\/100|[from] Grassy Terrain\n|upkeep\n|turn|2\n|\n|t:|1700929047\n|move|p2a: Urshifu|U-turn|p1a: Alomomola\n|-damage|p1a: Alomomola|87\/100\n|-damage|p2a: Urshifu|80\/100|[from] item: Rocky Helmet|[of] p1a: Alomomola\n|\n|t:|1700929053\n|switch|p2a: \u5148\u5236\u90fd\u53ef\u4ee5\u5148\u5236|Tapu Lele|100\/100|[from] U-turn\n|-fieldstart|move: Psychic Terrain|[from] ability: Psychic Surge|[of] p2a: \u5148\u5236\u90fd\u53ef\u4ee5\u5148\u5236\n|move|p1a: Alomomola|Flip Turn|p2a: \u5148\u5236\u90fd\u53ef\u4ee5\u5148\u5236\n|-damage|p2a: \u5148\u5236\u90fd\u53ef\u4ee5\u5148\u5236|76\/100\n|\n|t:|1700929061\n|switch|p1a: Victini|Victini|100\/100|[from] Flip Turn\n|\n|upkeep\n|turn|3\n|\n|t:|1700929068\n|move|p1a: Victini|U-turn|p2a: \u5148\u5236\u90fd\u53ef\u4ee5\u5148\u5236\n|-damage|p2a: \u5148\u5236\u90fd\u53ef\u4ee5\u5148\u5236|49\/100\n|\n|t:|1700929071\n|switch|p1a: Goodra|Goodra-Hisui, M|100\/100|[from] U-turn\n|move|p2a: \u5148\u5236\u90fd\u53ef\u4ee5\u5148\u5236|Future Sight|p1a: Goodra\n|-start|p2a: \u5148\u5236\u90fd\u53ef\u4ee5\u5148\u5236|move: Future Sight\n|\n|upkeep\n|turn|4\n|\n|t:|1700929085\n|switch|p2a: Ursaluna|Ursaluna, M|100\/100\n|move|p1a: Goodra|Thunderbolt|p2a: Ursaluna\n|-immune|p2a: Ursaluna\n|\n|-status|p2a: Ursaluna|brn|[from] item: Flame Orb\n|upkeep\n|turn|5\n|j| xsk123\n|\n|t:|1700929101\n|-terastallize|p1a: Goodra|Flying\n|move|p2a: Ursaluna|Substitute|p2a: Ursaluna\n|-start|p2a: Ursaluna|Substitute\n|-damage|p2a: Ursaluna|76\/100 brn\n|move|p1a: Goodra|Ice Beam|p2a: Ursaluna\n|-supereffective|p2a: Ursaluna\n|-end|p2a: Ursaluna|Substitute\n|\n|-end|p1a: Goodra|move: Future Sight\n|-damage|p1a: Goodra|64\/100\n|-damage|p2a: Ursaluna|69\/100 brn|[from] brn\n|upkeep\n|turn|6\n|\n|t:|1700929115\n|switch|p1a: Alomomola|Alomomola, M|100\/100\n|move|p2a: Ursaluna|Facade|p1a: Alomomola\n|-damage|p1a: Alomomola|38\/100\n|-damage|p2a: Ursaluna|53\/100 brn|[from] item: Rocky Helmet|[of] p1a: Alomomola\n|\n|-damage|p2a: Ursaluna|47\/100 brn|[from] brn\n|-fieldend|move: Psychic Terrain\n|upkeep\n|turn|7\n|\n|t:|1700929123\n|move|p2a: Ursaluna|Facade|p1a: Alomomola\n|-damage|p1a: Alomomola|0 fnt\n|-damage|p2a: Ursaluna|30\/100 brn|[from] item: Rocky Helmet|[of] p1a: Alomomola\n|faint|p1a: Alomomola\n|\n|-damage|p2a: Ursaluna|24\/100 brn|[from] brn\n|upkeep\n|l| xsk123\n|\n|t:|1700929132\n|switch|p1a: Victini|Victini|100\/100\n|turn|8\n|\n|t:|1700929141\n|switch|p2a: Samurott|Samurott-Hisui, M|100\/100\n|move|p1a: Victini|V-create|p2a: Samurott\n|-resisted|p2a: Samurott\n|-damage|p2a: Samurott|56\/100\n|-unboost|p1a: Victini|spe|1\n|-unboost|p1a: Victini|def|1\n|-unboost|p1a: Victini|spd|1\n|\n|upkeep\n|turn|9\n|\n|t:|1700929149\n|switch|p1a: Zamazenta|Zamazenta|100\/100\n|-ability|p1a: Zamazenta|Dauntless Shield|boost\n|-boost|p1a: Zamazenta|def|1\n|move|p2a: Samurott|Ceaseless Edge|p1a: Zamazenta\n|-resisted|p1a: Zamazenta\n|-damage|p1a: Zamazenta|86\/100\n|-sidestart|p1: gglao2|Spikes\n|\n|upkeep\n|turn|10\n|\n|t:|1700929155\n|switch|p2a: \u8106\u7684\u4e00\u6279|Scizor, F|100\/100\n|move|p1a: Zamazenta|Close Combat|p2a: \u8106\u7684\u4e00\u6279\n|-damage|p2a: \u8106\u7684\u4e00\u6279|32\/100\n|-unboost|p1a: Zamazenta|def|1\n|-unboost|p1a: Zamazenta|spd|1\n|\n|upkeep\n|turn|11\n|\n|t:|1700929166\n|detailschange|p2a: \u8106\u7684\u4e00\u6279|Scizor-Mega, F\n|-mega|p2a: \u8106\u7684\u4e00\u6279|Scizor|Scizorite\n|move|p1a: Zamazenta|Close Combat|p2a: \u8106\u7684\u4e00\u6279\n|-damage|p2a: \u8106\u7684\u4e00\u6279|0 fnt\n|-unboost|p1a: Zamazenta|def|1\n|-unboost|p1a: Zamazenta|spd|1\n|faint|p2a: \u8106\u7684\u4e00\u6279\n|\n|upkeep\n|\n|t:|1700929174\n|switch|p2a: \u5148\u5236\u90fd\u53ef\u4ee5\u5148\u5236|Tapu Lele|49\/100\n|-fieldstart|move: Psychic Terrain|[from] ability: Psychic Surge|[of] p2a: \u5148\u5236\u90fd\u53ef\u4ee5\u5148\u5236\n|turn|12\n|\n|t:|1700929180\n|switch|p1a: Goodra|Goodra-Hisui, M, tera:Flying|64\/100\n|move|p2a: \u5148\u5236\u90fd\u53ef\u4ee5\u5148\u5236|Psychic|p1a: Goodra\n|-damage|p1a: Goodra|35\/100\n|\n|upkeep\n|turn|13\n|\n|t:|1700929191\n|move|p2a: \u5148\u5236\u90fd\u53ef\u4ee5\u5148\u5236|Future Sight|p1a: Goodra\n|-start|p2a: \u5148\u5236\u90fd\u53ef\u4ee5\u5148\u5236|move: Future Sight\n|move|p1a: Goodra|Thunderbolt|p2a: \u5148\u5236\u90fd\u53ef\u4ee5\u5148\u5236\n|-damage|p2a: \u5148\u5236\u90fd\u53ef\u4ee5\u5148\u5236|18\/100\n|\n|upkeep\n|turn|14\n|\n|t:|1700929203\n|-zpower|p2a: \u5148\u5236\u90fd\u53ef\u4ee5\u5148\u5236\n|move|p2a: \u5148\u5236\u90fd\u53ef\u4ee5\u5148\u5236|Shattered Psyche|p1a: Goodra|[zeffect]\n|-damage|p1a: Goodra|0 fnt\n|faint|p1a: Goodra\n|\n|upkeep\n|\n|t:|1700929209\n|switch|p1a: Victini|Victini|100\/100\n|-damage|p1a: Victini|88\/100|[from] Spikes\n|turn|15\n|\n|t:|1700929215\n|move|p1a: Victini|U-turn|p2a: \u5148\u5236\u90fd\u53ef\u4ee5\u5148\u5236\n|-damage|p2a: \u5148\u5236\u90fd\u53ef\u4ee5\u5148\u5236|0 fnt\n|faint|p2a: \u5148\u5236\u90fd\u53ef\u4ee5\u5148\u5236\n|\n|t:|1700929219\n|switch|p1a: Gliscor|Gliscor, F|100\/100|[from] U-turn\n|\n|-end|p1a: Gliscor|move: Future Sight\n|-damage|p1a: Gliscor|24\/100\n|-status|p1a: Gliscor|tox|[from] item: Toxic Orb\n|upkeep\n|\n|t:|1700929225\n|switch|p2a: Samurott|Samurott-Hisui, M|56\/100\n|turn|16\n|\n|t:|1700929230\n|move|p1a: Gliscor|U-turn|p2a: Samurott\n|-supereffective|p2a: Samurott\n|-damage|p2a: Samurott|21\/100\n|\n|t:|1700929238\n|switch|p1a: Zamazenta|Zamazenta|86\/100|[from] U-turn\n|-damage|p1a: Zamazenta|74\/100|[from] Spikes\n|move|p2a: Samurott|Ceaseless Edge|p1a: Zamazenta\n|-resisted|p1a: Zamazenta\n|-damage|p1a: Zamazenta|51\/100\n|-sidestart|p1: gglao2|Spikes\n|\n|-fieldend|move: Psychic Terrain\n|upkeep\n|turn|17\n|\n|t:|1700929249\n|switch|p2a: Ursaluna|Ursaluna, M|24\/100 brn\n|move|p1a: Zamazenta|Close Combat|p2a: Ursaluna\n|-supereffective|p2a: Ursaluna\n|-damage|p2a: Ursaluna|0 fnt\n|-unboost|p1a: Zamazenta|def|1\n|-unboost|p1a: Zamazenta|spd|1\n|faint|p2a: Ursaluna\n|\n|upkeep\n|\n|t:|1700929252\n|switch|p2a: Urshifu|Urshifu-Rapid-Strike, M|80\/100\n|turn|18\n|\n|t:|1700929257\n|switch|p1a: Gliscor|Gliscor, F|24\/100 tox\n|move|p2a: Urshifu|U-turn|p1a: Gliscor\n|-resisted|p1a: Gliscor\n|-damage|p1a: Gliscor|15\/100 tox\n|\n|t:|1700929261\n|switch|p2a: Samurott|Samurott-Hisui, M|21\/100|[from] U-turn\n|\n|-heal|p1a: Gliscor|27\/100 tox|[from] ability: Poison Heal\n|upkeep\n|turn|19\n|\n|t:|1700929270\n|move|p2a: Samurott|Sucker Punch|p1a: Gliscor\n|-damage|p1a: Gliscor|0 fnt\n|faint|p1a: Gliscor\n|\n|upkeep\n|\n|t:|1700929274\n|switch|p1a: Zamazenta|Zamazenta|51\/100\n|-damage|p1a: Zamazenta|34\/100|[from] Spikes\n|turn|20\n|j| xsk123\n|\n|t:|1700929283\n|switch|p2a: Tapu Bulu-Mega|Rillaboom, M|100\/100\n|-fieldstart|move: Grassy Terrain|[from] ability: Grassy Surge|[of] p2a: Tapu Bulu-Mega\n|move|p1a: Zamazenta|Close Combat|p2a: Tapu Bulu-Mega\n|-damage|p2a: Tapu Bulu-Mega|10\/100\n|-unboost|p1a: Zamazenta|def|1\n|-unboost|p1a: Zamazenta|spd|1\n|\n|-heal|p1a: Zamazenta|40\/100|[from] Grassy Terrain\n|-heal|p2a: Tapu Bulu-Mega|16\/100|[from] Grassy Terrain\n|upkeep\n|turn|21\n|l| xsk123\n|\n|t:|1700929311\n|move|p2a: Tapu Bulu-Mega|Grassy Glide|p1a: Zamazenta\n|-damage|p1a: Zamazenta|0 fnt\n|faint|p1a: Zamazenta\n|-damage|p2a: Tapu Bulu-Mega|6\/100|[from] item: Life Orb\n|\n|-heal|p2a: Tapu Bulu-Mega|12\/100|[from] Grassy Terrain\n|upkeep\n|\n|t:|1700929316\n|switch|p1a: Ditto|Ditto|100\/100\n|-damage|p1a: Ditto|84\/100|[from] Spikes\n|-transform|p1a: Ditto|p2a: Tapu Bulu-Mega|[from] ability: Imposter\n|turn|22\n|\n|t:|1700929330\n|move|p1a: Ditto|Grassy Glide|p2a: Tapu Bulu-Mega\n|-resisted|p2a: Tapu Bulu-Mega\n|-crit|p2a: Tapu Bulu-Mega\n|-damage|p2a: Tapu Bulu-Mega|0 fnt\n|faint|p2a: Tapu Bulu-Mega\n|\n|-heal|p1a: Ditto|90\/100|[from] Grassy Terrain\n|upkeep\n|\n|t:|1700929333\n|switch|p2a: Samurott|Samurott-Hisui, M|21\/100\n|turn|23\n|\n|t:|1700929340\n|-terastallize|p2a: Samurott|Poison\n|move|p1a: Ditto|Grassy Glide|p2a: Samurott\n|-resisted|p2a: Samurott\n|-damage|p2a: Samurott|0 fnt\n|faint|p2a: Samurott\n|\n|-heal|p1a: Ditto|96\/100|[from] Grassy Terrain\n|upkeep\n|\n|t:|1700929346\n|switch|p2a: Urshifu|Urshifu-Rapid-Strike, M|80\/100\n|turn|24\n|\n|t:|1700929351\n|move|p1a: Ditto|Grassy Glide|p2a: Urshifu\n|-supereffective|p2a: Urshifu\n|-damage|p2a: Urshifu|0 fnt\n|faint|p2a: Urshifu\n|\n|win|gglao2\n|raw|gglao2's rating: 1511 &rarr; <strong>1543<\/strong><br \/>(+32 for winning)\n|raw|d-ddkb\u771f\u65b0\u4eba's rating: 1758 &rarr; <strong>1726<\/strong><br \/>(-32 for losing)\n|l|\u2606d-ddkb\u771f\u65b0\u4eba\n","uploadtime":1700929362,"views":0,"p1id":"gglao2","p2id":"dddkb","formatid":"gen9nationaldex","rating":1543,"private":0,"password":""}