{"id":"gen9nationaldex-1990497681","p1":"KyosukeKamijou","p2":"ElAlvaroNFT","format":"[Gen 9] National Dex","log":"|j|\u2606KyosukeKamijou\n|j|\u2606ElAlvaroNFT\n|t:|1699976313\n|gametype|singles\n|player|p1|KyosukeKamijou|ghetsis|1234\n|player|p2|ElAlvaroNFT|ghetsis|1336\n|teamsize|p1|6\n|teamsize|p2|6\n|gen|9\n|tier|[Gen 9] National Dex\n|rated|\n|rule|HP Percentage Mod: HP is shown in percentages\n|rule|Endless Battle Clause: Forcing endless battles is banned\n|rule|OHKO Clause: OHKO moves are banned\n|rule|Evasion Clause: Evasion abilities, items, and moves are banned\n|rule|Evasion Abilities Clause: Evasion abilities are banned\n|rule|Evasion Items Clause: Evasion items are banned\n|rule|Evasion Moves Clause: Evasion moves are banned\n|rule|Species Clause: Limit one of each Pok\u00e9mon\n|rule|Sleep Clause Mod: Limit one foe put to sleep\n|clearpoke\n|poke|p1|Kommo-o, M|\n|poke|p1|Great Tusk|\n|poke|p1|Ogerpon-Cornerstone, F|\n|poke|p1|Charizard, M|\n|poke|p1|Greninja-*, M|\n|poke|p1|Volcarona, F|\n|poke|p2|Samurott-Hisui, M|\n|poke|p2|Meowscarada, F|\n|poke|p2|Sableye, M|\n|poke|p2|Krookodile, M|\n|poke|p2|Hydreigon, M|\n|poke|p2|Greninja-*, M|\n|teampreview\n|\n|t:|1699976322\n|start\n|switch|p1a: Change Dragon|Charizard, M|100\/100\n|switch|p2a: Samurott|Samurott-Hisui, M|100\/100\n|turn|1\n|inactive|Battle timer is ON: inactive players will automatically lose when time's up. (requested by ElAlvaroNFT)\n|\n|t:|1699976328\n|detailschange|p1a: Change Dragon|Charizard-Mega-Y, M\n|-mega|p1a: Change Dragon|Charizard|Charizardite Y\n|-weather|SunnyDay|[from] ability: Drought|[of] p1a: Change Dragon\n|move|p1a: Change Dragon|Solar Beam||[still]\n|-prepare|p1a: Change Dragon|Solar Beam\n|-anim|p1a: Change Dragon|Solar Beam|p2a: Samurott\n|-supereffective|p2a: Samurott\n|-enditem|p2a: Samurott|Focus Sash\n|-damage|p2a: Samurott|1\/100\n|move|p2a: Samurott|Swords Dance|p2a: Samurott\n|-boost|p2a: Samurott|atk|2\n|\n|-weather|SunnyDay|[upkeep]\n|upkeep\n|turn|2\n|\n|t:|1699976339\n|move|p2a: Samurott|Aqua Jet|p1a: Change Dragon\n|-supereffective|p1a: Change Dragon\n|-damage|p1a: Change Dragon|45\/100\n|move|p1a: Change Dragon|Air Slash|p2a: Samurott\n|-damage|p2a: Samurott|0 fnt\n|faint|p2a: Samurott\n|\n|-weather|SunnyDay|[upkeep]\n|upkeep\n|\n|t:|1699976346\n|switch|p2a: Krookodile|Krookodile, M|100\/100\n|turn|3\n|\n|t:|1699976358\n|move|p2a: Krookodile|Knock Off|p1a: Change Dragon\n|-damage|p1a: Change Dragon|3\/100\n|move|p1a: Change Dragon|Solar Beam||[still]\n|-prepare|p1a: Change Dragon|Solar Beam\n|-anim|p1a: Change Dragon|Solar Beam|p2a: Krookodile\n|-supereffective|p2a: Krookodile\n|-damage|p2a: Krookodile|0 fnt\n|faint|p2a: Krookodile\n|\n|-weather|SunnyDay|[upkeep]\n|upkeep\n|\n|t:|1699976365\n|switch|p2a: Greninja|Greninja, M|100\/100\n|turn|4\n|\n|t:|1699976370\n|move|p2a: Greninja|Surf|p1a: Change Dragon\n|-supereffective|p1a: Change Dragon\n|-damage|p1a: Change Dragon|0 fnt\n|faint|p1a: Change Dragon\n|-ability|p2a: Greninja|Battle Bond|boost\n|-boost|p2a: Greninja|atk|1\n|-boost|p2a: Greninja|spa|1\n|-boost|p2a: Greninja|spe|1\n|-activate|p2a: Greninja|ability: Battle Bond\n|-damage|p2a: Greninja|91\/100|[from] item: Life Orb\n|\n|-weather|SunnyDay|[upkeep]\n|upkeep\n|\n|t:|1699976380\n|switch|p1a: PapillonOhger|Volcarona, F, shiny|100\/100\n|turn|5\n|\n|t:|1699976383\n|-terastallize|p1a: PapillonOhger|Grass\n|move|p2a: Greninja|Surf|p1a: PapillonOhger\n|-resisted|p1a: PapillonOhger\n|-damage|p1a: PapillonOhger|80\/100\n|-damage|p2a: Greninja|81\/100|[from] item: Life Orb\n|move|p1a: PapillonOhger|Giga Drain|p2a: Greninja\n|-supereffective|p2a: Greninja\n|-damage|p2a: Greninja|0 fnt\n|-heal|p1a: PapillonOhger|100\/100|[from] drain|[of] p2a: Greninja\n|faint|p2a: Greninja\n|\n|-weather|none\n|upkeep\n|\n|t:|1699976394\n|switch|p2a: Meowscarada|Meowscarada, F|100\/100\n|turn|6\n|\n|t:|1699976397\n|move|p2a: Meowscarada|Knock Off|p1a: PapillonOhger\n|-start|p2a: Meowscarada|typechange|Dark|[from] ability: Protean\n|-damage|p1a: PapillonOhger|31\/100\n|-status|p2a: Meowscarada|brn|[from] ability: Flame Body|[of] p1a: PapillonOhger\n|-enditem|p1a: PapillonOhger|Heavy-Duty Boots|[from] move: Knock Off|[of] p2a: Meowscarada\n|move|p1a: PapillonOhger|Bug Buzz|p2a: Meowscarada\n|-supereffective|p2a: Meowscarada\n|-damage|p2a: Meowscarada|0 fnt\n|faint|p2a: Meowscarada\n|\n|upkeep\n|\n|t:|1699976407\n|switch|p2a: Sableye|Sableye, M|100\/100\n|turn|7\n|\n|t:|1699976413\n|detailschange|p2a: Sableye|Sableye-Mega, M\n|-mega|p2a: Sableye|Sableye|Sablenite\n|move|p1a: PapillonOhger|Giga Drain|p2a: Sableye\n|-damage|p2a: Sableye|67\/100\n|-heal|p1a: PapillonOhger|47\/100|[from] drain|[of] p2a: Sableye\n|move|p2a: Sableye|Will-O-Wisp|p1a: PapillonOhger\n|-status|p1a: PapillonOhger|brn\n|\n|-damage|p1a: PapillonOhger|41\/100 brn|[from] brn\n|upkeep\n|turn|8\n|\n|t:|1699976422\n|move|p1a: PapillonOhger|Giga Drain|p2a: Sableye\n|-damage|p2a: Sableye|37\/100\n|-heal|p1a: PapillonOhger|56\/100 brn|[from] drain|[of] p2a: Sableye\n|move|p2a: Sableye|Recover|p2a: Sableye\n|-heal|p2a: Sableye|87\/100\n|\n|-damage|p1a: PapillonOhger|50\/100 brn|[from] brn\n|upkeep\n|turn|9\n|-message|ElAlvaroNFT forfeited.\n|\n|win|KyosukeKamijou\n|raw|KyosukeKamijou's rating: 1234 &rarr; <strong>1266<\/strong><br \/>(+32 for winning)\n|raw|ElAlvaroNFT's rating: 1336 &rarr; <strong>1310<\/strong><br \/>(-26 for losing)\n|l|\u2606ElAlvaroNFT\n","uploadtime":1699976439,"views":4,"p1id":"kyosukekamijou","p2id":"elalvaronft","formatid":"gen9nationaldex","rating":1266,"private":0,"password":""}