{"id":"gen9nationaldex-1988145610","p1":"Naissanlolz","p2":"233qz","format":"[Gen 9] National Dex","log":"|j|\u2606Naissanlolz\n|j|\u2606233qz\n|t:|1699675358\n|gametype|singles\n|player|p1|Naissanlolz|169|1301\n|player|p2|233qz|phorus-unite|1294\n|teamsize|p1|6\n|teamsize|p2|6\n|gen|9\n|tier|[Gen 9] National Dex\n|rated|\n|rule|HP Percentage Mod: HP is shown in percentages\n|rule|Endless Battle Clause: Forcing endless battles is banned\n|rule|OHKO Clause: OHKO moves are banned\n|rule|Evasion Clause: Evasion abilities, items, and moves are banned\n|rule|Evasion Abilities Clause: Evasion abilities are banned\n|rule|Evasion Items Clause: Evasion items are banned\n|rule|Evasion Moves Clause: Evasion moves are banned\n|rule|Species Clause: Limit one of each Pok\u00e9mon\n|rule|Sleep Clause Mod: Limit one foe put to sleep\n|clearpoke\n|poke|p1|Sableye, M|\n|poke|p1|Ferrothorn, M|\n|poke|p1|Goodra-Hisui, F|\n|poke|p1|Gliscor, M|\n|poke|p1|Alakazam, M|\n|poke|p1|Rillaboom, F|\n|poke|p2|Urshifu-*, F|\n|poke|p2|Manaphy|\n|poke|p2|Swampert, F|\n|poke|p2|Barraskewda, M|\n|poke|p2|Pelipper, F|\n|poke|p2|Zapdos|\n|teampreview\n|inactive|Battle timer is ON: inactive players will automatically lose when time's up. (requested by Naissanlolz)\n|\n|t:|1699675363\n|start\n|switch|p1a: Sableye|Sableye, M|100\/100\n|switch|p2a: Pelipper|Pelipper, F|100\/100\n|-weather|RainDance|[from] ability: Drizzle|[of] p2a: Pelipper\n|turn|1\n|\n|t:|1699675369\n|detailschange|p1a: Sableye|Sableye-Mega, M\n|-mega|p1a: Sableye|Sableye|Sablenite\n|move|p2a: Pelipper|U-turn|p1a: Sableye\n|-damage|p1a: Sableye|95\/100\n|\n|t:|1699675377\n|switch|p2a: Swampert|Swampert, F|100\/100|[from] U-turn\n|move|p1a: Sableye|Knock Off|p2a: Swampert\n|-damage|p2a: Swampert|80\/100\n|\n|-weather|RainDance|[upkeep]\n|upkeep\n|turn|2\n|\n|t:|1699675382\n|detailschange|p2a: Swampert|Swampert-Mega, F\n|-mega|p2a: Swampert|Swampert|Swampertite\n|move|p2a: Swampert|Flip Turn|p1a: Sableye\n|-damage|p1a: Sableye|51\/100\n|\n|t:|1699675388\n|switch|p2a: Zapdos|Zapdos|100\/100|[from] Flip Turn\n|move|p1a: Sableye|Will-O-Wisp|p2a: Zapdos\n|-status|p2a: Zapdos|brn\n|\n|-weather|RainDance|[upkeep]\n|-damage|p2a: Zapdos|94\/100 brn|[from] brn\n|upkeep\n|turn|3\n|\n|t:|1699675394\n|switch|p1a: Goodra|Goodra-Hisui, F|100\/100\n|move|p2a: Zapdos|Thunder|p1a: Goodra\n|-resisted|p1a: Goodra\n|-damage|p1a: Goodra|87\/100\n|\n|-weather|RainDance|[upkeep]\n|-damage|p2a: Zapdos|88\/100 brn|[from] brn\n|upkeep\n|turn|4\n|\n|t:|1699675405\n|switch|p2a: Swampert|Swampert-Mega, F|80\/100\n|move|p1a: Goodra|Thunderbolt|p2a: Swampert\n|-immune|p2a: Swampert\n|\n|-weather|RainDance|[upkeep]\n|upkeep\n|turn|5\n|\n|t:|1699675411\n|switch|p1a: Ferrothorn|Ferrothorn, M|100\/100\n|move|p2a: Swampert|Earthquake|p1a: Ferrothorn\n|-damage|p1a: Ferrothorn|61\/100\n|\n|-weather|RainDance|[upkeep]\n|-heal|p1a: Ferrothorn|68\/100|[from] item: Leftovers\n|upkeep\n|turn|6\n|\n|t:|1699675419\n|switch|p2a: Zapdos|Zapdos|88\/100 brn\n|move|p1a: Ferrothorn|Power Whip|p2a: Zapdos\n|-resisted|p2a: Zapdos\n|-damage|p2a: Zapdos|66\/100 brn\n|-status|p1a: Ferrothorn|par|[from] ability: Static|[of] p2a: Zapdos\n|\n|-weather|RainDance|[upkeep]\n|-heal|p1a: Ferrothorn|74\/100 par|[from] item: Leftovers\n|-damage|p2a: Zapdos|60\/100 brn|[from] brn\n|upkeep\n|turn|7\n|\n|t:|1699675424\n|move|p2a: Zapdos|Roost|p2a: Zapdos\n|-heal|p2a: Zapdos|100\/100 brn\n|-singleturn|p2a: Zapdos|move: Roost\n|move|p1a: Ferrothorn|Stealth Rock|p2a: Zapdos\n|-sidestart|p2: 233qz|move: Stealth Rock\n|\n|-weather|RainDance|[upkeep]\n|-heal|p1a: Ferrothorn|80\/100 par|[from] item: Leftovers\n|-damage|p2a: Zapdos|94\/100 brn|[from] brn\n|upkeep\n|turn|8\n|\n|t:|1699675427\n|move|p2a: Zapdos|Hurricane|p1a: Ferrothorn\n|-damage|p1a: Ferrothorn|39\/100 par\n|move|p1a: Ferrothorn|Spikes|p2a: Zapdos\n|-sidestart|p2: 233qz|Spikes\n|\n|-weather|none\n|-heal|p1a: Ferrothorn|45\/100 par|[from] item: Leftovers\n|-damage|p2a: Zapdos|88\/100 brn|[from] brn\n|upkeep\n|turn|9\n|\n|t:|1699675433\n|switch|p1a: Goodra|Goodra-Hisui, F|87\/100\n|move|p2a: Zapdos|Hurricane|p1a: Goodra|[miss]\n|-miss|p2a: Zapdos|p1a: Goodra\n|\n|-damage|p2a: Zapdos|82\/100 brn|[from] brn\n|upkeep\n|turn|10\n|\n|t:|1699675438\n|switch|p2a: Pelipper|Pelipper, F|100\/100\n|-damage|p2a: Pelipper|76\/100|[from] Stealth Rock\n|-weather|RainDance|[from] ability: Drizzle|[of] p2a: Pelipper\n|move|p1a: Goodra|Flamethrower|p2a: Pelipper\n|-resisted|p2a: Pelipper\n|-damage|p2a: Pelipper|66\/100\n|-status|p2a: Pelipper|brn\n|\n|-weather|RainDance|[upkeep]\n|-damage|p2a: Pelipper|59\/100 brn|[from] brn\n|upkeep\n|turn|11\n|\n|t:|1699675445\n|move|p2a: Pelipper|U-turn|p1a: Goodra\n|-resisted|p1a: Goodra\n|-damage|p1a: Goodra|85\/100\n|\n|t:|1699675456\n|switch|p2a: Zapdos|Zapdos|82\/100 brn|[from] U-turn\n|move|p1a: Goodra|Thunderbolt|p2a: Zapdos\n|-damage|p2a: Zapdos|49\/100 brn\n|\n|-weather|RainDance|[upkeep]\n|-damage|p2a: Zapdos|43\/100 brn|[from] brn\n|upkeep\n|turn|12\n|\n|t:|1699675462\n|move|p2a: Zapdos|Roost|p2a: Zapdos\n|-heal|p2a: Zapdos|93\/100 brn\n|-singleturn|p2a: Zapdos|move: Roost\n|move|p1a: Goodra|Thunderbolt|p2a: Zapdos\n|-resisted|p2a: Zapdos\n|-damage|p2a: Zapdos|77\/100 brn\n|\n|-weather|RainDance|[upkeep]\n|-damage|p2a: Zapdos|71\/100 brn|[from] brn\n|upkeep\n|turn|13\n|\n|t:|1699675472\n|switch|p1a: Alakazam|Alakazam, M|100\/100\n|move|p2a: Zapdos|Thunder|p1a: Alakazam\n|-damage|p1a: Alakazam|16\/100\n|\n|-weather|RainDance|[upkeep]\n|-damage|p2a: Zapdos|65\/100 brn|[from] brn\n|upkeep\n|turn|14\n|\n|t:|1699675484\n|move|p1a: Alakazam|Psychic|p2a: Zapdos\n|-damage|p2a: Zapdos|0 fnt\n|faint|p2a: Zapdos\n|-damage|p1a: Alakazam|6\/100|[from] item: Life Orb\n|\n|-weather|RainDance|[upkeep]\n|upkeep\n|\n|t:|1699675492\n|switch|p2a: Urshifu|Urshifu-Rapid-Strike, F|100\/100\n|-damage|p2a: Urshifu|94\/100|[from] Stealth Rock\n|-damage|p2a: Urshifu|82\/100|[from] Spikes\n|turn|15\n|\n|t:|1699675499\n|switch|p1a: Ferrothorn|Ferrothorn, M|45\/100 par\n|-terastallize|p2a: Urshifu|Water\n|move|p2a: Urshifu|Surging Strikes|p1a: Ferrothorn\n|-resisted|p1a: Ferrothorn\n|-crit|p1a: Ferrothorn\n|-damage|p1a: Ferrothorn|33\/100 par\n|-damage|p2a: Urshifu|70\/100|[from] ability: Iron Barbs|[of] p1a: Ferrothorn\n|-resisted|p1a: Ferrothorn\n|-crit|p1a: Ferrothorn\n|-damage|p1a: Ferrothorn|20\/100 par\n|-damage|p2a: Urshifu|57\/100|[from] ability: Iron Barbs|[of] p1a: Ferrothorn\n|-resisted|p1a: Ferrothorn\n|-crit|p1a: Ferrothorn\n|-damage|p1a: Ferrothorn|8\/100 par\n|-damage|p2a: Urshifu|45\/100|[from] ability: Iron Barbs|[of] p1a: Ferrothorn\n|-hitcount|p1a: Ferrothorn|3\n|\n|-weather|RainDance|[upkeep]\n|-heal|p1a: Ferrothorn|14\/100 par|[from] item: Leftovers\n|upkeep\n|turn|16\n|\n|t:|1699675516\n|move|p2a: Urshifu|Surging Strikes|p1a: Ferrothorn\n|-resisted|p1a: Ferrothorn\n|-crit|p1a: Ferrothorn\n|-damage|p1a: Ferrothorn|1\/100 par\n|-damage|p2a: Urshifu|33\/100|[from] ability: Iron Barbs|[of] p1a: Ferrothorn\n|-resisted|p1a: Ferrothorn\n|-crit|p1a: Ferrothorn\n|-damage|p1a: Ferrothorn|0 fnt\n|-damage|p2a: Urshifu|20\/100|[from] ability: Iron Barbs|[of] p1a: Ferrothorn\n|faint|p1a: Ferrothorn\n|-hitcount|p1: Ferrothorn|2\n|\n|-weather|RainDance|[upkeep]\n|upkeep\n|\n|t:|1699675523\n|switch|p1a: Rillaboom|Rillaboom, F|100\/100\n|-fieldstart|move: Grassy Terrain|[from] ability: Grassy Surge|[of] p1a: Rillaboom\n|turn|17\n|\n|t:|1699675528\n|-terastallize|p1a: Rillaboom|Grass\n|move|p1a: Rillaboom|Grassy Glide|p2a: Urshifu\n|-supereffective|p2a: Urshifu\n|-damage|p2a: Urshifu|0 fnt\n|faint|p2a: Urshifu\n|\n|-weather|none\n|upkeep\n|\n|t:|1699675534\n|switch|p2a: Pelipper|Pelipper, F|59\/100 brn\n|-damage|p2a: Pelipper|35\/100 brn|[from] Stealth Rock\n|-weather|RainDance|[from] ability: Drizzle|[of] p2a: Pelipper\n|turn|18\n|c|\u2606Naissanlolz|I think I call gg here\n|\n|t:|1699675543\n|move|p1a: Rillaboom|Grassy Glide|p2a: Pelipper\n|-damage|p2a: Pelipper|0 fnt\n|faint|p2a: Pelipper\n|\n|-weather|RainDance|[upkeep]\n|upkeep\n|\n|t:|1699675550\n|switch|p2a: Manaphy|Manaphy|100\/100\n|-damage|p2a: Manaphy|88\/100|[from] Stealth Rock\n|-damage|p2a: Manaphy|76\/100|[from] Spikes\n|turn|19\n|\n|t:|1699675554\n|move|p1a: Rillaboom|Grassy Glide|p2a: Manaphy\n|-supereffective|p2a: Manaphy\n|-damage|p2a: Manaphy|0 fnt\n|faint|p2a: Manaphy\n|\n|-weather|RainDance|[upkeep]\n|upkeep\n|-message|233qz forfeited.\n|\n|win|Naissanlolz\n|raw|Naissanlolz's rating: 1301 &rarr; <strong>1321<\/strong><br \/>(+20 for winning)\n|raw|233qz's rating: 1294 &rarr; <strong>1270<\/strong><br \/>(-24 for losing)\n|l|\u2606233qz\n","uploadtime":1699675570,"views":13,"p1id":"naissanlolz","p2id":"233qz","formatid":"gen9nationaldex","rating":1270,"private":0,"password":""}