{"id":"gen9nationaldex-1988565025","p1":"Cooltrainer Shin","p2":"Azu_CriticalXD","format":"[Gen 9] National Dex","log":"|j|\u2606Cooltrainer Shin\n|j|\u2606Azu_CriticalXD\n|t:|1699736690\n|gametype|singles\n|player|p1|Cooltrainer Shin|swimmerf-gen4|\n|player|p2|Azu_CriticalXD|ltsurge|\n|teamsize|p1|6\n|teamsize|p2|6\n|gen|9\n|tier|[Gen 9] National Dex\n|rule|HP Percentage Mod: HP is shown in percentages\n|rule|Endless Battle Clause: Forcing endless battles is banned\n|rule|OHKO Clause: OHKO moves are banned\n|rule|Evasion Clause: Evasion abilities, items, and moves are banned\n|rule|Evasion Abilities Clause: Evasion abilities are banned\n|rule|Evasion Items Clause: Evasion items are banned\n|rule|Evasion Moves Clause: Evasion moves are banned\n|rule|Species Clause: Limit one of each Pok\u00e9mon\n|rule|Sleep Clause Mod: Limit one foe put to sleep\n|clearpoke\n|poke|p1|Ninetales-Alola, F|\n|poke|p1|Cloyster, F|\n|poke|p1|Cetitan, M|\n|poke|p1|Eiscue, M|\n|poke|p1|Mamoswine, F|\n|poke|p1|Weavile, F|\n|poke|p2|Regigigas|\n|poke|p2|Zoroark-Hisui, M|\n|poke|p2|Komala, F|\n|poke|p2|Ursaluna, F|\n|poke|p2|Pidgeot, F|\n|poke|p2|Porygon-Z|\n|teampreview\n|\n|t:|1699736706\n|start\n|switch|p1a: Sloth|Mamoswine, F|100\/100\n|switch|p2a: Fancie|Ursaluna, F, shiny|100\/100\n|turn|1\n|\n|t:|1699736730\n|switch|p2a: Mecha|Regigigas, shiny|100\/100\n|-start|p2a: Mecha|ability: Slow Start\n|move|p1a: Sloth|Icicle Crash|p2a: Mecha\n|-damage|p2a: Mecha|47\/100\n|\n|-heal|p2a: Mecha|54\/100|[from] item: Leftovers\n|upkeep\n|turn|2\n|\n|t:|1699736744\n|move|p2a: Mecha|Protect|p2a: Mecha\n|-singleturn|p2a: Mecha|Protect\n|move|p1a: Sloth|Icicle Crash|p2a: Mecha\n|-activate|p2a: Mecha|move: Protect\n|\n|-heal|p2a: Mecha|60\/100|[from] item: Leftovers\n|upkeep\n|turn|3\n|\n|t:|1699736752\n|move|p1a: Sloth|Icicle Crash|p2a: Mecha\n|-crit|p2a: Mecha\n|-damage|p2a: Mecha|0 fnt\n|faint|p2a: Mecha\n|-end|p2a: Mecha|Slow Start|[silent]\n|\n|upkeep\n|\n|t:|1699736773\n|switch|p2a: Dashy|Pidgeot, F, shiny|100\/100\n|turn|4\n|j| N3ROZ3RO\n|\n|t:|1699736781\n|switch|p1a: Gluttony|Cetitan, M|100\/100\n|detailschange|p2a: Dashy|Pidgeot-Mega, F, shiny\n|-mega|p2a: Dashy|Pidgeot|Pidgeotite\n|move|p2a: Dashy|Heat Wave|p1a: Gluttony\n|-supereffective|p1a: Gluttony\n|-damage|p1a: Gluttony|37\/100\n|\n|upkeep\n|turn|5\n|\n|t:|1699736790\n|move|p1a: Gluttony|Ice Shard|p2a: Dashy\n|-supereffective|p2a: Dashy\n|-damage|p2a: Dashy|29\/100\n|-damage|p1a: Gluttony|27\/100|[from] item: Life Orb\n|move|p2a: Dashy|Heat Wave|p1a: Gluttony\n|-supereffective|p1a: Gluttony\n|-damage|p1a: Gluttony|0 fnt\n|faint|p1a: Gluttony\n|\n|upkeep\n|\n|t:|1699736807\n|switch|p1a: Sloth|Mamoswine, F|100\/100\n|turn|6\n|\n|t:|1699736817\n|move|p1a: Sloth|Ice Shard|p2a: Dashy\n|-supereffective|p2a: Dashy\n|-damage|p2a: Dashy|0 fnt\n|faint|p2a: Dashy\n|\n|upkeep\n|\n|t:|1699736833\n|switch|p2a: Fancie|Ursaluna, F, shiny|100\/100\n|turn|7\n|\n|t:|1699736841\n|switch|p1a: Greed|Cloyster, F|100\/100\n|move|p2a: Fancie|Earthquake|p1a: Greed\n|-damage|p1a: Greed|71\/100\n|\n|-status|p2a: Fancie|brn|[from] item: Flame Orb\n|upkeep\n|turn|8\n|\n|t:|1699736857\n|-terastallize|p2a: Fancie|Ghost\n|move|p1a: Greed|Surf|p2a: Fancie\n|-damage|p2a: Fancie|73\/100 brn\n|move|p2a: Fancie|Shadow Claw|p1a: Greed\n|-crit|p1a: Greed\n|-damage|p1a: Greed|20\/100\n|-damage|p2a: Fancie|57\/100 brn|[from] item: Rocky Helmet|[of] p1a: Greed\n|\n|-damage|p2a: Fancie|51\/100 brn|[from] brn\n|upkeep\n|turn|9\n|\n|t:|1699736871\n|move|p1a: Greed|Surf|p2a: Fancie\n|-damage|p2a: Fancie|25\/100 brn\n|move|p2a: Fancie|Facade|p1a: Greed\n|-damage|p1a: Greed|0 fnt\n|-damage|p2a: Fancie|8\/100 brn|[from] item: Rocky Helmet|[of] p1a: Greed\n|faint|p1a: Greed\n|\n|-damage|p2a: Fancie|2\/100 brn|[from] brn\n|upkeep\n|\n|t:|1699736882\n|switch|p1a: Pride|Eiscue, M|100\/100\n|turn|10\n|\n|t:|1699736893\n|switch|p2a: Zigzag|Komala, F, shiny|100\/100\n|-ability|p2a: Zigzag|Comatose\n|move|p1a: Pride|Belly Drum|p1a: Pride\n|-damage|p1a: Pride|50\/100\n|-setboost|p1a: Pride|atk|6|[from] move: Belly Drum\n|\n|upkeep\n|turn|11\n|\n|t:|1699736905\n|move|p2a: Zigzag|Sucker Punch||[still]\n|-fail|p2a: Zigzag\n|move|p1a: Pride|Substitute|p1a: Pride\n|-start|p1a: Pride|Substitute\n|-damage|p1a: Pride|25\/100\n|-enditem|p1a: Pride|Salac Berry|[eat]\n|-boost|p1a: Pride|spe|1|[from] item: Salac Berry\n|\n|upkeep\n|turn|12\n|\n|t:|1699736918\n|move|p1a: Pride|Reversal|p2a: Zigzag\n|-supereffective|p2a: Zigzag\n|-damage|p2a: Zigzag|0 fnt\n|faint|p2a: Zigzag\n|\n|upkeep\n|\n|t:|1699736933\n|switch|p2a: Glitchy.exe|Porygon-Z, shiny|100\/100\n|-ability|p2a: Glitchy.exe|Download|boost\n|-boost|p2a: Glitchy.exe|spa|1\n|turn|13\n|\n|t:|1699736942\n|move|p2a: Glitchy.exe|Thunderbolt|p1a: Pride\n|-end|p1a: Pride|Substitute\n|move|p1a: Pride|Reversal|p2a: Glitchy.exe\n|-supereffective|p2a: Glitchy.exe\n|-damage|p2a: Glitchy.exe|0 fnt\n|faint|p2a: Glitchy.exe\n|\n|upkeep\n|\n|t:|1699736949\n|switch|p2a: Fancie|Ursaluna, F, shiny|100\/100\n|-start|p2a: Fancie|typechange|Ghost|[silent]\n|turn|14\n|\n|t:|1699736956\n|move|p2a: Fancie|Flamethrower|p1a: Pride\n|-supereffective|p1a: Pride\n|-damage|p1a: Pride|0 fnt\n|faint|p1a: Pride\n|\n|upkeep\n|\n|t:|1699736976\n|switch|p1a: Wrath|Weavile, F|100\/100\n|turn|15\n|\n|t:|1699736983\n|move|p1a: Wrath|Knock Off|p2a: Fancie\n|-supereffective|p2a: Fancie\n|-enditem|p2a: Fancie|Focus Sash\n|-damage|p2a: Fancie|1\/100\n|replace|p2a: Zero|Zoroark-Hisui, M, shiny\n|-end|p2a: Zero|Illusion\n|move|p2a: Zero|Flamethrower|p1a: Wrath\n|-supereffective|p1a: Wrath\n|-damage|p1a: Wrath|9\/100\n|-status|p1a: Wrath|brn\n|\n|-damage|p1a: Wrath|3\/100 brn|[from] brn\n|upkeep\n|turn|16\n|\n|t:|1699737003\n|switch|p2a: Fancie|Ursaluna, F, shiny, tera:Ghost|2\/100 brn\n|move|p1a: Wrath|Ice Spinner|p2a: Fancie\n|-damage|p2a: Fancie|0 fnt\n|faint|p2a: Fancie\n|\n|-damage|p1a: Wrath|0 fnt|[from] brn\n|faint|p1a: Wrath\n|upkeep\n|\n|t:|1699737014\n|switch|p1a: Sloth|Mamoswine, F|100\/100\n|switch|p2a: Zero|Zoroark-Hisui, M, shiny|1\/100\n|turn|17\n|\n|t:|1699737023\n|move|p1a: Sloth|Ice Shard|p2a: Zero\n|-damage|p2a: Zero|0 fnt\n|faint|p2a: Zero\n|\n|win|Cooltrainer Shin\n|c|\u2606Cooltrainer Shin|GG\n|c|\u2606Azu_CriticalXD|gg\n|c|\u2606Azu_CriticalXD|xd\n","uploadtime":1699737041,"views":6,"p1id":"cooltrainershin","p2id":"azucriticalxd","formatid":"gen9nationaldex","rating":0,"private":0,"password":""}