{"id":"gen9nationaldex-1994678949","p1":"littleht6666","p2":"csb1123","format":"[Gen 9] National Dex","log":"|html|<div class=\"broadcast-blue\"><strong>[Gen 9] National Dex is currently suspecting Sneasler! For information on how to participate check out the <a href=\"https:\/\/www.smogon.com\/forums\/threads\/sv-national-dex-suspect-8-just-dance.3731534\/\">suspect thread<\/a>.<\/strong><\/div>\n|j|\u2606littleht6666\n|j|\u2606csb1123\n|t:|1700479879\n|gametype|singles\n|player|p1|littleht6666|elesa|1649\n|player|p2|csb1123|101|1716\n|teamsize|p1|6\n|teamsize|p2|6\n|gen|9\n|tier|[Gen 9] National Dex\n|rated|\n|rule|HP Percentage Mod: HP is shown in percentages\n|rule|Endless Battle Clause: Forcing endless battles is banned\n|rule|OHKO Clause: OHKO moves are banned\n|rule|Evasion Clause: Evasion abilities, items, and moves are banned\n|rule|Evasion Abilities Clause: Evasion abilities are banned\n|rule|Evasion Items Clause: Evasion items are banned\n|rule|Evasion Moves Clause: Evasion moves are banned\n|rule|Species Clause: Limit one of each Pok\u00e9mon\n|rule|Sleep Clause Mod: Limit one foe put to sleep\n|clearpoke\n|poke|p1|Weavile, M|\n|poke|p1|Landorus-Therian, M|\n|poke|p1|Zapdos|\n|poke|p1|Volcanion|\n|poke|p1|Ursaluna, M|\n|poke|p1|Kartana|\n|poke|p2|Ogerpon, F|\n|poke|p2|Corviknight, F|\n|poke|p2|Clodsire, M|\n|poke|p2|Tyranitar, M|\n|poke|p2|Tapu Fini|\n|poke|p2|Banette, M|\n|teampreview\n|inactive|Battle timer is ON: inactive players will automatically lose when time's up. (requested by csb1123)\n|inactive|littleht6666 has 120 seconds left.\n|\n|t:|1700479925\n|start\n|switch|p1a: Weavile|Weavile, M|100\/100\n|switch|p2a: Ogerpon|Ogerpon, F|100\/100\n|-ability|p1a: Weavile|Pressure\n|turn|1\n|\n|t:|1700479940\n|switch|p1a: Landorus|Landorus-Therian, M|100\/100\n|-ability|p1a: Landorus|Intimidate|boost\n|-unboost|p2a: Ogerpon|atk|1\n|-ability|p2a: Ogerpon|Defiant|boost\n|-boost|p2a: Ogerpon|atk|2\n|-terastallize|p2a: Ogerpon|Grass\n|detailschange|p2a: Ogerpon|Ogerpon-Teal-Tera, F, tera:Grass\n|-ability|p2a: Ogerpon|Embody Aspect (Teal)|boost\n|-boost|p2a: Ogerpon|spe|1\n|move|p2a: Ogerpon|Ivy Cudgel|p1a: Landorus\n|-damage|p1a: Landorus|2\/100\n|\n|-heal|p1a: Landorus|8\/100|[from] item: Leftovers\n|upkeep\n|turn|2\n|\n|t:|1700479955\n|move|p2a: Ogerpon|Rock Tomb|p1a: Landorus\n|-damage|p1a: Landorus|0 fnt\n|faint|p1a: Landorus\n|\n|upkeep\n|\n|t:|1700479958\n|switch|p1a: Zapdos|Zapdos|100\/100\n|turn|3\n|\n|t:|1700479963\n|move|p2a: Ogerpon|Rock Tomb|p1a: Zapdos\n|-supereffective|p1a: Zapdos\n|-damage|p1a: Zapdos|59\/100\n|-unboost|p1a: Zapdos|spe|1\n|move|p1a: Zapdos|Hurricane|p2a: Ogerpon\n|-supereffective|p2a: Ogerpon\n|-damage|p2a: Ogerpon|0 fnt\n|faint|p2a: Ogerpon\n|\n|upkeep\n|\n|t:|1700479977\n|switch|p2a: Tyranitar|Tyranitar, M|100\/100\n|-weather|Sandstorm|[from] ability: Sand Stream|[of] p2a: Tyranitar\n|turn|4\n|\n|t:|1700479981\n|move|p2a: Tyranitar|Ice Beam|p1a: Zapdos\n|-supereffective|p1a: Zapdos\n|-damage|p1a: Zapdos|7\/100\n|move|p1a: Zapdos|U-turn|p2a: Tyranitar\n|-supereffective|p2a: Tyranitar\n|-damage|p2a: Tyranitar|71\/100\n|\n|t:|1700479997\n|switch|p1a: Volcanion|Volcanion|100\/100|[from] U-turn\n|\n|-weather|Sandstorm|[upkeep]\n|-damage|p1a: Volcanion|94\/100|[from] Sandstorm\n|upkeep\n|turn|5\n|\n|t:|1700480010\n|switch|p1a: Ursaluna|Ursaluna, M|100\/100\n|move|p2a: Tyranitar|Earthquake|p1a: Ursaluna\n|-damage|p1a: Ursaluna|75\/100\n|\n|-weather|Sandstorm|[upkeep]\n|-status|p1a: Ursaluna|brn|[from] item: Flame Orb\n|upkeep\n|turn|6\n|\n|t:|1700480018\n|move|p2a: Tyranitar|Ice Beam|p1a: Ursaluna\n|-supereffective|p1a: Ursaluna\n|-damage|p1a: Ursaluna|27\/100 brn\n|move|p1a: Ursaluna|Facade|p2a: Tyranitar\n|-resisted|p2a: Tyranitar\n|-damage|p2a: Tyranitar|5\/100\n|\n|-weather|Sandstorm|[upkeep]\n|-damage|p1a: Ursaluna|20\/100 brn|[from] brn\n|upkeep\n|turn|7\n|\n|t:|1700480025\n|move|p2a: Tyranitar|Pursuit|p1a: Ursaluna\n|-damage|p1a: Ursaluna|5\/100 brn\n|move|p1a: Ursaluna|Facade|p2a: Tyranitar\n|-resisted|p2a: Tyranitar\n|-damage|p2a: Tyranitar|0 fnt\n|faint|p2a: Tyranitar\n|\n|-weather|Sandstorm|[upkeep]\n|-damage|p1a: Ursaluna|0 fnt|[from] brn\n|faint|p1a: Ursaluna\n|upkeep\n|\n|t:|1700480040\n|switch|p2a: Corviknight|Corviknight, F|100\/100\n|switch|p1a: Weavile|Weavile, M|100\/100\n|-ability|p1a: Weavile|Pressure\n|-ability|p2a: Corviknight|Pressure\n|turn|8\n|\n|t:|1700480044\n|switch|p1a: Volcanion|Volcanion|94\/100\n|move|p2a: Corviknight|Body Press|p1a: Volcanion\n|-damage|p1a: Volcanion|78\/100\n|\n|-weather|none\n|upkeep\n|turn|9\n|\n|t:|1700480052\n|switch|p2a: Clodsire|Clodsire, M|100\/100\n|move|p1a: Volcanion|Flamethrower|p2a: Clodsire\n|-damage|p2a: Clodsire|80\/100\n|\n|-heal|p2a: Clodsire|86\/100|[from] item: Leftovers\n|upkeep\n|turn|10\n|\n|t:|1700480060\n|switch|p1a: Zapdos|Zapdos|7\/100\n|move|p2a: Clodsire|Toxic|p1a: Zapdos\n|-status|p1a: Zapdos|tox\n|\n|-heal|p2a: Clodsire|93\/100|[from] item: Leftovers\n|-damage|p1a: Zapdos|0 fnt|[from] psn\n|faint|p1a: Zapdos\n|upkeep\n|\n|t:|1700480063\n|switch|p1a: Weavile|Weavile, M|100\/100\n|-ability|p1a: Weavile|Pressure\n|turn|11\n|\n|t:|1700480071\n|switch|p2a: Tapu Fini|Tapu Fini|100\/100\n|-fieldstart|move: Misty Terrain|[from] ability: Misty Surge|[of] p2a: Tapu Fini\n|move|p1a: Weavile|Knock Off|p2a: Tapu Fini\n|-resisted|p2a: Tapu Fini\n|-damage|p2a: Tapu Fini|76\/100\n|-enditem|p2a: Tapu Fini|Leftovers|[from] move: Knock Off|[of] p1a: Weavile\n|\n|upkeep\n|turn|12\n|\n|t:|1700480088\n|switch|p1a: Volcanion|Volcanion|78\/100\n|move|p2a: Tapu Fini|Calm Mind|p2a: Tapu Fini\n|-boost|p2a: Tapu Fini|spa|1\n|-boost|p2a: Tapu Fini|spd|1\n|\n|upkeep\n|turn|13\n|\n|t:|1700480093\n|move|p2a: Tapu Fini|Calm Mind|p2a: Tapu Fini\n|-boost|p2a: Tapu Fini|spa|1\n|-boost|p2a: Tapu Fini|spd|1\n|move|p1a: Volcanion|Steam Eruption|p2a: Tapu Fini\n|-resisted|p2a: Tapu Fini\n|-damage|p2a: Tapu Fini|68\/100\n|\n|upkeep\n|turn|14\n|\n|t:|1700480104\n|move|p2a: Tapu Fini|Draining Kiss|p1a: Volcanion\n|-resisted|p1a: Volcanion\n|-damage|p1a: Volcanion|62\/100\n|-heal|p2a: Tapu Fini|80\/100|[from] drain|[of] p1a: Volcanion\n|move|p1a: Volcanion|Body Press|p2a: Tapu Fini\n|-resisted|p2a: Tapu Fini\n|-damage|p2a: Tapu Fini|71\/100\n|\n|upkeep\n|turn|15\n|\n|t:|1700480111\n|move|p2a: Tapu Fini|Calm Mind|p2a: Tapu Fini\n|-boost|p2a: Tapu Fini|spa|1\n|-boost|p2a: Tapu Fini|spd|1\n|move|p1a: Volcanion|Body Press|p2a: Tapu Fini\n|-resisted|p2a: Tapu Fini\n|-damage|p2a: Tapu Fini|62\/100\n|\n|-fieldend|Misty Terrain\n|upkeep\n|turn|16\n|\n|t:|1700480115\n|move|p2a: Tapu Fini|Taunt|p1a: Volcanion\n|-start|p1a: Volcanion|move: Taunt\n|cant|p1a: Volcanion|move: Taunt|Toxic\n|\n|upkeep\n|turn|17\n|-message|littleht6666 forfeited.\n|\n|win|csb1123\n|raw|littleht6666's rating: 1649 &rarr; <strong>1633<\/strong><br \/>(-16 for losing)\n|raw|csb1123's rating: 1716 &rarr; <strong>1732<\/strong><br \/>(+16 for winning)\n|l|\u2606littleht6666\n|l|\u2606csb1123\n|j|\u2606csb1123\n|player|p2|csb1123|101\n","uploadtime":1700480164,"views":9,"p1id":"littleht6666","p2id":"csb1123","formatid":"gen9nationaldex","rating":1633,"private":0,"password":""}