{"id":"gen9nationaldex-1991663379","p1":"AquaWaves","p2":"Spectro Latios8","format":"[Gen 9] National Dex","log":"|j|\u2606AquaWaves\n|j|\u2606Spectro Latios8\n|t:|1700099940\n|gametype|singles\n|player|p1|AquaWaves|nessa-masters|\n|player|p2|Spectro Latios8|unknown|\n|teamsize|p1|6\n|teamsize|p2|6\n|gen|9\n|tier|[Gen 9] National Dex\n|rule|HP Percentage Mod: HP is shown in percentages\n|rule|Endless Battle Clause: Forcing endless battles is banned\n|rule|OHKO Clause: OHKO moves are banned\n|rule|Evasion Clause: Evasion abilities, items, and moves are banned\n|rule|Evasion Abilities Clause: Evasion abilities are banned\n|rule|Evasion Items Clause: Evasion items are banned\n|rule|Evasion Moves Clause: Evasion moves are banned\n|rule|Species Clause: Limit one of each Pok\u00e9mon\n|rule|Sleep Clause Mod: Limit one foe put to sleep\n|clearpoke\n|poke|p1|Corviknight, F|\n|poke|p1|Ribombee, F|\n|poke|p1|Ceruledge, F|\n|poke|p1|Great Tusk|\n|poke|p1|Tapu Lele|\n|poke|p1|Moltres|\n|poke|p2|Galvantula, F|\n|poke|p2|Kleavor, M|\n|poke|p2|Araquanid, M|\n|poke|p2|Volcarona, M|\n|poke|p2|Pinsir, M|\n|poke|p2|Heracross, F|\n|teampreview\n|inactive|Battle timer is ON: inactive players will automatically lose when time's up. (requested by AquaWaves)\n|\n|t:|1700099962\n|start\n|switch|p1a: Keep Me Movin'|Corviknight, F, shiny|100\/100\n|switch|p2a: Galvantula|Galvantula, F|100\/100\n|turn|1\n|c|\u2606Spectro Latios8|glhf this is my signature team\n|\n|t:|1700099969\n|-terastallize|p1a: Keep Me Movin'|Ground\n|move|p2a: Galvantula|Sticky Web|p1a: Keep Me Movin'\n|-sidestart|p1: AquaWaves|move: Sticky Web\n|move|p1a: Keep Me Movin'|Brave Bird|p2a: Galvantula\n|-enditem|p2a: Galvantula|Focus Sash\n|-damage|p2a: Galvantula|1\/100\n|-damage|p1a: Keep Me Movin'|73\/100|[from] Recoil\n|\n|upkeep\n|turn|2\n|\n|t:|1700099981\n|switch|p1a: Honeymoon|Ribombee, F, shiny|100\/100\n|move|p2a: Galvantula|Bug Buzz|p1a: Honeymoon\n|-resisted|p1a: Honeymoon\n|-crit|p1a: Honeymoon\n|-damage|p1a: Honeymoon|55\/100\n|\n|upkeep\n|turn|3\n|\n|t:|1700099987\n|move|p1a: Honeymoon|Sticky Web|p2a: Galvantula\n|-sidestart|p2: Spectro Latios8|move: Sticky Web\n|move|p2a: Galvantula|Thunder|p1a: Honeymoon\n|-damage|p1a: Honeymoon|0 fnt\n|faint|p1a: Honeymoon\n|\n|upkeep\n|\n|t:|1700100003\n|switch|p1a: Keep Me Movin'|Corviknight, F, shiny, tera:Ground|73\/100\n|-activate|p1a: Keep Me Movin'|move: Sticky Web\n|-ability|p1a: Keep Me Movin'|Mirror Armor\n|-unboost|p2a: Galvantula|spe|1\n|turn|4\n|\n|t:|1700100008\n|move|p1a: Keep Me Movin'|U-turn|p2a: Galvantula\n|-damage|p2a: Galvantula|0 fnt\n|faint|p2a: Galvantula\n|\n|t:|1700100020\n|switch|p1a: Reverb|Tapu Lele, shiny|100\/100|[from] U-turn\n|-activate|p1a: Reverb|move: Sticky Web\n|-unboost|p1a: Reverb|spe|1\n|-fieldstart|move: Psychic Terrain|[from] ability: Psychic Surge|[of] p1a: Reverb\n|\n|upkeep\n|\n|t:|1700100032\n|switch|p2a: Kleavor|Kleavor, M|100\/100\n|-activate|p2a: Kleavor|move: Sticky Web\n|-unboost|p2a: Kleavor|spe|1\n|turn|5\n|inactive|AquaWaves has 270 seconds left.\n|\n|t:|1700100065\n|move|p2a: Kleavor|Stone Axe|p1a: Reverb\n|-damage|p1a: Reverb|20\/100\n|-sidestart|p1: AquaWaves|move: Stealth Rock\n|move|p1a: Reverb|Moonblast|p2a: Kleavor\n|-damage|p2a: Kleavor|0 fnt\n|faint|p2a: Kleavor\n|\n|upkeep\n|c|\u2606AquaWaves|scarfed\n|j| des121\n|\n|t:|1700100074\n|switch|p2a: Araquanid|Araquanid, M|100\/100\n|-activate|p2a: Araquanid|move: Sticky Web\n|-unboost|p2a: Araquanid|spe|1\n|turn|6\n|c|\u2606AquaWaves|god damn it\n|c| des121|go waves\n|c|\u2606Spectro Latios8|to ensure full use yep\n|inactive|AquaWaves has 270 seconds left.\n|c| des121|can i face winner\n|\n|t:|1700100098\n|switch|p1a: Keep Me Movin'|Corviknight, F, shiny, tera:Ground|73\/100\n|-activate|p1a: Keep Me Movin'|move: Sticky Web\n|-damage|p1a: Keep Me Movin'|67\/100|[from] Stealth Rock\n|move|p2a: Araquanid|Liquidation|p1a: Keep Me Movin'\n|-supereffective|p1a: Keep Me Movin'\n|-damage|p1a: Keep Me Movin'|0 fnt\n|faint|p1a: Keep Me Movin'\n|\n|upkeep\n|c|\u2606Spectro Latios8|this battle can be a \"how to properly use bug types\" vid\n|\n|t:|1700100110\n|switch|p1a: Gomorrah.FLA|Ceruledge, F|100\/100\n|-activate|p1a: Gomorrah.FLA|move: Sticky Web\n|-unboost|p1a: Gomorrah.FLA|spe|1\n|-damage|p1a: Gomorrah.FLA|76\/100|[from] Stealth Rock\n|turn|7\n|c| des121|nice\n|c| des121|guys can i face winner\n|\n|t:|1700100123\n|move|p1a: Gomorrah.FLA|Bitter Blade|p2a: Araquanid\n|-damage|p2a: Araquanid|72\/100\n|-heal|p1a: Gomorrah.FLA|91\/100|[from] drain|[of] p2a: Araquanid\n|move|p2a: Araquanid|Liquidation|p1a: Gomorrah.FLA\n|-supereffective|p1a: Gomorrah.FLA\n|-damage|p1a: Gomorrah.FLA|0 fnt\n|faint|p1a: Gomorrah.FLA\n|\n|upkeep\n|c|\u2606Spectro Latios8|xure\n|c|\u2606AquaWaves|shiit\n|\n|t:|1700100130\n|switch|p1a: Funkytown!|Moltres, shiny|100\/100\n|turn|8\n|c| des121|if waves says i can i can\n|c|\u2606Spectro Latios8|you like that idea i mentioned btw aqua?\n|\n|t:|1700100140\n|move|p1a: Funkytown!|Hurricane|p2a: Araquanid\n|-supereffective|p2a: Araquanid\n|-crit|p2a: Araquanid\n|-damage|p2a: Araquanid|0 fnt\n|faint|p2a: Araquanid\n|\n|-fieldend|move: Psychic Terrain\n|upkeep\n|\n|t:|1700100144\n|switch|p2a: Heracross|Heracross, F|100\/100\n|-activate|p2a: Heracross|move: Sticky Web\n|-unboost|p2a: Heracross|spe|1\n|turn|9\n|c|\u2606AquaWaves|ill see\n|\n|t:|1700100149\n|move|p2a: Heracross|Stone Edge|p1a: Funkytown!\n|-supereffective|p1a: Funkytown!\n|-damage|p1a: Funkytown!|0 fnt\n|faint|p1a: Funkytown!\n|-ability|p2a: Heracross|Moxie|boost\n|-boost|p2a: Heracross|atk|1\n|\n|upkeep\n|c|\u2606Spectro Latios8|kk\n|\n|t:|1700100155\n|switch|p1a: Urban Risks|Great Tusk|100\/100\n|-activate|p1a: Urban Risks|move: Sticky Web\n|-unboost|p1a: Urban Risks|spe|1\n|-damage|p1a: Urban Risks|98\/100|[from] Stealth Rock\n|-enditem|p1a: Urban Risks|Booster Energy\n|-activate|p1a: Urban Risks|ability: Protosynthesis|[fromitem]\n|-start|p1a: Urban Risks|protosynthesisatk\n|turn|10\n|\n|t:|1700100158\n|switch|p2a: Pinsir|Pinsir, M|100\/100\n|-activate|p2a: Pinsir|move: Sticky Web\n|-unboost|p2a: Pinsir|spe|1\n|move|p1a: Urban Risks|Rapid Spin|p2a: Pinsir\n|-damage|p2a: Pinsir|72\/100\n|-boost|p1a: Urban Risks|spe|1\n|-sideend|p1: AquaWaves|Stealth Rock|[from] move: Rapid Spin|[of] p1a: Urban Risks\n|-sideend|p1: AquaWaves|Sticky Web|[from] move: Rapid Spin|[of] p1a: Urban Risks\n|\n|upkeep\n|turn|11\n|l|\u2606Spectro Latios8\n|inactive|Spectro Latios8 disconnected and has 300 seconds to reconnect!\n|player|p2|\n|inactive|Spectro Latios8 has 270 seconds to reconnect!\n|c|\u2606AquaWaves|this is already an ongoing video\n|c|\u2606AquaWaves|also ill assume it is his wifi\n|inactive|Spectro Latios8 has 240 seconds to reconnect!\n|c| des121|yup\n|c| des121|ben has the issue\n|c| des121|i have a new natdex team he didnt see\n|inactive|Spectro Latios8 has 210 seconds to reconnect!\n|c| des121|waves i have seen some of your videos\n|c| des121|i like em\n|c|\u2606AquaWaves|i just started uploading again\n|c| des121|nice\n|c|\u2606AquaWaves|so you should watch them ;)\n|c| des121|i do\n|inactive|Spectro Latios8 has 180 seconds to reconnect!\n|c| des121|ben is subscribed to my channel\n|c|\u2606AquaWaves|very cool\n|c| des121|plus porter him and i do rps\n|inactive|Spectro Latios8 has 150 seconds to reconnect!\n|c| des121|i love your team\n|c| des121|bc moltres is my partner\n|j| MimikRose\n|inactive|Spectro Latios8 has 120 seconds to reconnect!\n|c| MimikRose|Hello :)\n|j|\u2606Spectro Latios8\n|inactive|Spectro Latios8 reconnected and has 290 seconds left.\n|player|p2|Spectro Latios8|unknown\n|c| des121|there he is\n|\n|t:|1700100383\n|detailschange|p2a: Pinsir|Pinsir-Mega, M\n|-mega|p2a: Pinsir|Pinsir|Pinsirite\n|move|p1a: Urban Risks|Stone Edge|p2a: Pinsir\n|-supereffective|p2a: Pinsir\n|-damage|p2a: Pinsir|0 fnt\n|faint|p2a: Pinsir\n|\n|upkeep\n|c|\u2606AquaWaves|oh hes back\n|c|\u2606Spectro Latios8|Computer discontented me\n|\n|t:|1700100402\n|switch|p2a: Volcarona|Volcarona, M|100\/100\n|turn|12\n|\n|t:|1700100411\n|move|p2a: Volcarona|Quiver Dance|p2a: Volcarona\n|-boost|p2a: Volcarona|spa|1\n|-boost|p2a: Volcarona|spd|1\n|-boost|p2a: Volcarona|spe|1\n|move|p1a: Urban Risks|Headlong Rush|p2a: Volcarona\n|-damage|p2a: Volcarona|0 fnt\n|-unboost|p1a: Urban Risks|def|1\n|-unboost|p1a: Urban Risks|spd|1\n|faint|p2a: Volcarona\n|\n|upkeep\n|\n|t:|1700100420\n|switch|p2a: Heracross|Heracross, F|100\/100\n|-activate|p2a: Heracross|move: Sticky Web\n|-unboost|p2a: Heracross|spe|1\n|turn|13\n|\n|t:|1700100427\n|-terastallize|p2a: Heracross|Bug\n|move|p1a: Urban Risks|Stone Edge|p2a: Heracross\n|-supereffective|p2a: Heracross\n|-damage|p2a: Heracross|0 fnt\n|faint|p2a: Heracross\n|\n|win|AquaWaves\n|c|\u2606Spectro Latios8|Gg\n","uploadtime":1700100434,"views":5,"p1id":"aquawaves","p2id":"spectrolatios8","formatid":"gen9nationaldex","rating":0,"private":0,"password":""}