{"id":"gen9nationaldex-1988942323","p1":"Escanor_cruel","p2":"CapnTophat","format":"[Gen 9] National Dex","log":"|j|\u2606Escanor_cruel\n|j|\u2606CapnTophat\n|t:|1699791935\n|gametype|singles\n|player|p1|Escanor_cruel|dawn|1641\n|player|p2|CapnTophat|wallace|1671\n|teamsize|p1|6\n|teamsize|p2|6\n|gen|9\n|tier|[Gen 9] National Dex\n|rated|\n|rule|HP Percentage Mod: HP is shown in percentages\n|rule|Endless Battle Clause: Forcing endless battles is banned\n|rule|OHKO Clause: OHKO moves are banned\n|rule|Evasion Clause: Evasion abilities, items, and moves are banned\n|rule|Evasion Abilities Clause: Evasion abilities are banned\n|rule|Evasion Items Clause: Evasion items are banned\n|rule|Evasion Moves Clause: Evasion moves are banned\n|rule|Species Clause: Limit one of each Pok\u00e9mon\n|rule|Sleep Clause Mod: Limit one foe put to sleep\n|clearpoke\n|poke|p1|Tapu Koko|\n|poke|p1|Toxapex, M|\n|poke|p1|Heatran, F|\n|poke|p1|Garchomp, M|\n|poke|p1|Urshifu-*, F|\n|poke|p1|Great Tusk|\n|poke|p2|Ninetales-Alola, M|\n|poke|p2|Arctozolt|\n|poke|p2|Kommo-o, F|\n|poke|p2|Volcarona, F|\n|poke|p2|Landorus-Therian, M|\n|poke|p2|Altaria, F|\n|teampreview\n|inactive|Battle timer is ON: inactive players will automatically lose when time's up. (requested by CapnTophat)\n|inactive|Escanor_cruel also wants the timer to be on.\n|inactive|CapnTophat has 120 seconds left.\n|\n|t:|1699791974\n|start\n|switch|p1a: Tapu Koko|Tapu Koko|100\/100\n|switch|p2a: Ninetales|Ninetales-Alola, M|100\/100\n|-fieldstart|move: Electric Terrain|[from] ability: Electric Surge|[of] p1a: Tapu Koko\n|-weather|Snow|[from] ability: Snow Warning|[of] p2a: Ninetales\n|turn|1\n|\n|t:|1699791977\n|move|p1a: Tapu Koko|Volt Switch|p2a: Ninetales\n|-damage|p2a: Ninetales|49\/100\n|\n|t:|1699791981\n|switch|p1a: Heatran|Heatran, F|100\/100|[from] Volt Switch\n|move|p2a: Ninetales|Aurora Veil|p2a: Ninetales\n|-sidestart|p2: CapnTophat|move: Aurora Veil\n|\n|-weather|Snow|[upkeep]\n|upkeep\n|turn|2\n|\n|t:|1699791988\n|switch|p2a: Landorus|Landorus-Therian, M|100\/100\n|-ability|p2a: Landorus|Intimidate|boost\n|-unboost|p1a: Heatran|atk|1\n|move|p1a: Heatran|Magma Storm|p2a: Landorus\n|-crit|p2a: Landorus\n|-damage|p2a: Landorus|34\/100\n|-activate|p2a: Landorus|move: Magma Storm|[of] p1a: Heatran\n|\n|-weather|Snow|[upkeep]\n|-heal|p2a: Landorus|40\/100|[from] item: Leftovers\n|-damage|p2a: Landorus|27\/100|[from] move: Magma Storm|[partiallytrapped]\n|upkeep\n|turn|3\n|\n|t:|1699791999\n|switch|p1a: Great Tusk|Great Tusk|100\/100\n|move|p2a: Landorus|U-turn|p1a: Great Tusk\n|-resisted|p1a: Great Tusk\n|-damage|p1a: Great Tusk|95\/100\n|\n|t:|1699792002\n|switch|p2a: Arctozolt|Arctozolt|100\/100|[from] U-turn\n|\n|-weather|Snow|[upkeep]\n|-heal|p1a: Great Tusk|100\/100|[from] item: Leftovers\n|upkeep\n|turn|4\n|j| hainiumm\n|\n|t:|1699792014\n|-end|p1a: Great Tusk|Protosynthesis|[silent]\n|switch|p1a: Heatran|Heatran, F|100\/100\n|move|p2a: Arctozolt|Substitute|p2a: Arctozolt\n|-start|p2a: Arctozolt|Substitute\n|-damage|p2a: Arctozolt|76\/100\n|\n|-weather|Snow|[upkeep]\n|upkeep\n|turn|5\n|\n|t:|1699792030\n|switch|p1a: Great Tusk|Great Tusk|100\/100\n|move|p2a: Arctozolt|Bolt Beak|p1a: Great Tusk\n|-immune|p1a: Great Tusk\n|\n|-weather|none\n|-fieldend|move: Electric Terrain\n|upkeep\n|turn|6\n|\n|t:|1699792047\n|-end|p1a: Great Tusk|Protosynthesis|[silent]\n|switch|p1a: Heatran|Heatran, F|100\/100\n|move|p2a: Arctozolt|Icicle Crash|p1a: Heatran\n|-resisted|p1a: Heatran\n|-damage|p1a: Heatran|94\/100\n|\n|-heal|p1a: Heatran|99\/100|[from] item: Leftovers\n|upkeep\n|turn|7\n|\n|t:|1699792051\n|move|p2a: Arctozolt|Bolt Beak|p1a: Heatran\n|-damage|p1a: Heatran|38\/100\n|move|p1a: Heatran|Earth Power|p2a: Arctozolt\n|-supereffective|p2a: Arctozolt\n|-end|p2a: Arctozolt|Substitute\n|\n|-heal|p1a: Heatran|44\/100|[from] item: Leftovers\n|upkeep\n|turn|8\n|\n|t:|1699792064\n|switch|p1a: Garchomp|Garchomp, M|100\/100\n|move|p2a: Arctozolt|Icicle Crash|p1a: Garchomp\n|-supereffective|p1a: Garchomp\n|-damage|p1a: Garchomp|0 fnt\n|faint|p1a: Garchomp\n|\n|-sideend|p2: CapnTophat|move: Aurora Veil\n|upkeep\n|\n|t:|1699792070\n|switch|p1a: Urshifu|Urshifu-Rapid-Strike, F|100\/100\n|turn|9\n|\n|t:|1699792077\n|switch|p2a: Ninetales|Ninetales-Alola, M|49\/100\n|-weather|Snow|[from] ability: Snow Warning|[of] p2a: Ninetales\n|move|p1a: Urshifu|Close Combat|p2a: Ninetales\n|-damage|p2a: Ninetales|0 fnt\n|-unboost|p1a: Urshifu|def|1\n|-unboost|p1a: Urshifu|spd|1\n|faint|p2a: Ninetales\n|\n|-weather|Snow|[upkeep]\n|upkeep\n|\n|t:|1699792089\n|switch|p2a: Altaria|Altaria, F|100\/100\n|turn|10\n|\n|t:|1699792097\n|switch|p1a: Great Tusk|Great Tusk|100\/100\n|detailschange|p2a: Altaria|Altaria-Mega, F\n|-mega|p2a: Altaria|Altaria|Altarianite\n|move|p2a: Altaria|Dragon Dance|p2a: Altaria\n|-boost|p2a: Altaria|atk|1\n|-boost|p2a: Altaria|spe|1\n|\n|-weather|Snow|[upkeep]\n|upkeep\n|turn|11\n|\n|t:|1699792100\n|move|p2a: Altaria|Dragon Dance|p2a: Altaria\n|-boost|p2a: Altaria|atk|1\n|-boost|p2a: Altaria|spe|1\n|move|p1a: Great Tusk|Ice Spinner|p2a: Altaria\n|-supereffective|p2a: Altaria\n|-damage|p2a: Altaria|51\/100\n|\n|-weather|Snow|[upkeep]\n|upkeep\n|turn|12\n|\n|t:|1699792103\n|move|p2a: Altaria|Earthquake|p1a: Great Tusk\n|-damage|p1a: Great Tusk|67\/100\n|move|p1a: Great Tusk|Ice Spinner|p2a: Altaria\n|-supereffective|p2a: Altaria\n|-damage|p2a: Altaria|0 fnt\n|faint|p2a: Altaria\n|\n|-weather|Snow|[upkeep]\n|-heal|p1a: Great Tusk|73\/100|[from] item: Leftovers\n|upkeep\n|\n|t:|1699792110\n|switch|p2a: Arctozolt|Arctozolt|76\/100\n|turn|13\n|\n|t:|1699792116\n|move|p2a: Arctozolt|Icicle Crash|p1a: Great Tusk\n|-supereffective|p1a: Great Tusk\n|-damage|p1a: Great Tusk|34\/100\n|move|p1a: Great Tusk|Earthquake|p2a: Arctozolt\n|-supereffective|p2a: Arctozolt\n|-damage|p2a: Arctozolt|8\/100\n|\n|-weather|none\n|-heal|p1a: Great Tusk|40\/100|[from] item: Leftovers\n|upkeep\n|turn|14\n|\n|t:|1699792125\n|move|p1a: Great Tusk|Ice Spinner|p2a: Arctozolt\n|-resisted|p2a: Arctozolt\n|-damage|p2a: Arctozolt|0 fnt\n|faint|p2a: Arctozolt\n|\n|-heal|p1a: Great Tusk|47\/100|[from] item: Leftovers\n|upkeep\n|\n|t:|1699792126\n|switch|p2a: Kommo-o|Kommo-o, F|100\/100\n|turn|15\n|\n|t:|1699792141\n|move|p2a: Kommo-o|Clangorous Soul|p2a: Kommo-o\n|-boost|p2a: Kommo-o|atk|1\n|-boost|p2a: Kommo-o|def|1\n|-boost|p2a: Kommo-o|spa|1\n|-boost|p2a: Kommo-o|spd|1\n|-boost|p2a: Kommo-o|spe|1\n|-damage|p2a: Kommo-o|68\/100\n|move|p1a: Great Tusk|Earthquake|p2a: Kommo-o\n|-damage|p2a: Kommo-o|37\/100\n|\n|-heal|p1a: Great Tusk|53\/100|[from] item: Leftovers\n|upkeep\n|turn|16\n|l| hainiumm\n|\n|t:|1699792151\n|-zpower|p2a: Kommo-o\n|move|p2a: Kommo-o|Clangorous Soulblaze|p1a: Great Tusk|[zeffect]\n|-damage|p1a: Great Tusk|0 fnt\n|faint|p1a: Great Tusk\n|-end|p1a: Great Tusk|Protosynthesis|[silent]\n|-boost|p2a: Kommo-o|atk|1\n|-boost|p2a: Kommo-o|def|1\n|-boost|p2a: Kommo-o|spa|1\n|-boost|p2a: Kommo-o|spd|1\n|-boost|p2a: Kommo-o|spe|1\n|\n|upkeep\n|\n|t:|1699792159\n|switch|p1a: Toxapex|Toxapex, M|100\/100\n|turn|17\n|\n|t:|1699792169\n|move|p2a: Kommo-o|Clanging Scales|p1a: Toxapex\n|-damage|p1a: Toxapex|28\/100\n|-unboost|p2a: Kommo-o|def|1\n|move|p1a: Toxapex|Haze|p1a: Toxapex\n|-clearallboost\n|\n|upkeep\n|turn|18\n|\n|t:|1699792182\n|move|p2a: Kommo-o|Clanging Scales|p1a: Toxapex\n|-damage|p1a: Toxapex|0 fnt\n|faint|p1a: Toxapex\n|-unboost|p2a: Kommo-o|def|1\n|\n|upkeep\n|\n|t:|1699792205\n|switch|p1a: Urshifu|Urshifu-Rapid-Strike, F|100\/100\n|turn|19\n|\n|t:|1699792207\n|move|p1a: Urshifu|Surging Strikes|p2a: Kommo-o\n|-resisted|p2a: Kommo-o\n|-crit|p2a: Kommo-o\n|-damage|p2a: Kommo-o|22\/100\n|-resisted|p2a: Kommo-o\n|-crit|p2a: Kommo-o\n|-damage|p2a: Kommo-o|8\/100\n|-resisted|p2a: Kommo-o\n|-crit|p2a: Kommo-o\n|-damage|p2a: Kommo-o|0 fnt\n|faint|p2a: Kommo-o\n|-hitcount|p2: Kommo-o|3\n|\n|upkeep\n|\n|t:|1699792216\n|switch|p2a: Volcarona|Volcarona, F|100\/100\n|turn|20\n|\n|t:|1699792222\n|-terastallize|p2a: Volcarona|Psychic\n|move|p1a: Urshifu|Surging Strikes|p2a: Volcarona\n|-crit|p2a: Volcarona\n|-damage|p2a: Volcarona|72\/100\n|-status|p1a: Urshifu|brn|[from] ability: Flame Body|[of] p2a: Volcarona\n|-crit|p2a: Volcarona\n|-damage|p2a: Volcarona|57\/100\n|-crit|p2a: Volcarona\n|-damage|p2a: Volcarona|41\/100\n|-hitcount|p2a: Volcarona|3\n|move|p2a: Volcarona|Quiver Dance|p2a: Volcarona\n|-boost|p2a: Volcarona|spa|1\n|-boost|p2a: Volcarona|spd|1\n|-boost|p2a: Volcarona|spe|1\n|\n|-damage|p1a: Urshifu|94\/100 brn|[from] brn\n|upkeep\n|turn|21\n|\n|t:|1699792238\n|-terastallize|p1a: Urshifu|Water\n|move|p2a: Volcarona|Psychic|p1a: Urshifu\n|-damage|p1a: Urshifu|0 fnt\n|faint|p1a: Urshifu\n|\n|upkeep\n|\n|t:|1699792246\n|switch|p1a: Heatran|Heatran, F|44\/100\n|turn|22\n|\n|t:|1699792248\n|move|p2a: Volcarona|Roost|p2a: Volcarona\n|-heal|p2a: Volcarona|91\/100\n|move|p1a: Heatran|Magma Storm|p2a: Volcarona\n|-damage|p2a: Volcarona|62\/100\n|-activate|p2a: Volcarona|move: Magma Storm|[of] p1a: Heatran\n|\n|-heal|p1a: Heatran|50\/100|[from] item: Leftovers\n|-damage|p2a: Volcarona|49\/100|[from] move: Magma Storm|[partiallytrapped]\n|upkeep\n|turn|23\n|\n|t:|1699792257\n|move|p2a: Volcarona|Psychic|p1a: Heatran\n|-resisted|p1a: Heatran\n|-damage|p1a: Heatran|25\/100\n|-unboost|p1a: Heatran|spd|1\n|move|p1a: Heatran|Taunt|p2a: Volcarona\n|-start|p2a: Volcarona|move: Taunt\n|\n|-heal|p1a: Heatran|31\/100|[from] item: Leftovers\n|-damage|p2a: Volcarona|37\/100|[from] move: Magma Storm|[partiallytrapped]\n|upkeep\n|turn|24\n|\n|t:|1699792263\n|move|p2a: Volcarona|Psychic|p1a: Heatran\n|-resisted|p1a: Heatran\n|-damage|p1a: Heatran|0 fnt\n|faint|p1a: Heatran\n|\n|-end|p2a: Volcarona|Magma Storm|[partiallytrapped]|[silent]\n|upkeep\n|-message|Escanor_cruel forfeited.\n|\n|win|CapnTophat\n|raw|Escanor_cruel's rating: 1641 &rarr; <strong>1623<\/strong><br \/>(-18 for losing)\n|raw|CapnTophat's rating: 1671 &rarr; <strong>1689<\/strong><br \/>(+18 for winning)\n|l|\u2606Escanor_cruel\n|c|\u2606CapnTophat|This is not a fair non\n","uploadtime":1699792288,"views":4,"p1id":"escanorcruel","p2id":"capntophat","formatid":"gen9nationaldex","rating":1623,"private":0,"password":""}