{"id":"gen9nationaldex-1990454749","p1":"ashzzz","p2":"Revan228","format":"[Gen 9] National Dex","log":"|j|\u2606ashzzz\n|j|\u2606Revan228\n|t:|1699972549\n|gametype|singles\n|player|p1|ashzzz|2|1313\n|player|p2|Revan228|calem-masters|1276\n|teamsize|p1|6\n|teamsize|p2|6\n|gen|9\n|tier|[Gen 9] National Dex\n|rated|\n|rule|HP Percentage Mod: HP is shown in percentages\n|rule|Endless Battle Clause: Forcing endless battles is banned\n|rule|OHKO Clause: OHKO moves are banned\n|rule|Evasion Clause: Evasion abilities, items, and moves are banned\n|rule|Evasion Abilities Clause: Evasion abilities are banned\n|rule|Evasion Items Clause: Evasion items are banned\n|rule|Evasion Moves Clause: Evasion moves are banned\n|rule|Species Clause: Limit one of each Pok\u00e9mon\n|rule|Sleep Clause Mod: Limit one foe put to sleep\n|clearpoke\n|poke|p1|Clodsire, F|\n|poke|p1|Corviknight, M|\n|poke|p1|Skeledirge, M|\n|poke|p1|Medicham, F|\n|poke|p1|Bisharp, F|\n|poke|p1|Dragonite, F|\n|poke|p2|Gardevoir, F|\n|poke|p2|Samurott-Hisui, M|\n|poke|p2|Volcarona, M|\n|poke|p2|Aegislash, M|\n|poke|p2|Blaziken, M|\n|poke|p2|Meowscarada, F|\n|teampreview\n|inactive|Battle timer is ON: inactive players will automatically lose when time's up. (requested by Revan228)\n|\n|t:|1699972565\n|start\n|switch|p1a: Clodsire|Clodsire, F|100\/100\n|switch|p2a: Kusheen|Meowscarada, F, shiny|100\/100\n|turn|1\n|\n|t:|1699972575\n|switch|p1a: Corviknight|Corviknight, M|100\/100\n|-ability|p1a: Corviknight|Pressure\n|move|p2a: Kusheen|U-turn|p1a: Corviknight\n|-start|p2a: Kusheen|typechange|Bug|[from] ability: Protean\n|-resisted|p1a: Corviknight\n|-damage|p1a: Corviknight|92\/100\n|\n|t:|1699972596\n|switch|p2a: Fry|Blaziken, M|100\/100|[from] U-turn\n|\n|-heal|p1a: Corviknight|98\/100|[from] item: Leftovers\n|upkeep\n|turn|2\n|\n|t:|1699972618\n|switch|p1a: Dragonite|Dragonite, F|100\/100\n|move|p2a: Fry|Protect||[still]\n|-fail|p2a: Fry\n|\n|-ability|p2a: Fry|Speed Boost|boost\n|-boost|p2a: Fry|spe|1\n|upkeep\n|turn|3\n|\n|t:|1699972624\n|switch|p2a: Kusheen|Meowscarada, F, shiny|100\/100\n|move|p1a: Dragonite|Curse|p1a: Dragonite\n|-unboost|p1a: Dragonite|spe|1\n|-boost|p1a: Dragonite|atk|1\n|-boost|p1a: Dragonite|def|1\n|\n|upkeep\n|turn|4\n|\n|t:|1699972638\n|move|p1a: Dragonite|Extreme Speed|p2a: Kusheen\n|-damage|p2a: Kusheen|38\/100\n|move|p2a: Kusheen|Play Rough|p1a: Dragonite\n|-start|p2a: Kusheen|typechange|Fairy|[from] ability: Protean\n|-supereffective|p1a: Dragonite\n|-damage|p1a: Dragonite|70\/100\n|\n|upkeep\n|turn|5\n|\n|t:|1699972646\n|move|p1a: Dragonite|Extreme Speed|p2a: Kusheen\n|-damage|p2a: Kusheen|0 fnt\n|faint|p2a: Kusheen\n|\n|upkeep\n|\n|t:|1699972652\n|switch|p2a: Sparda|Aegislash, M, shiny|100\/100\n|turn|6\n|\n|t:|1699972658\n|-zpower|p2a: Sparda\n|-formechange|p2a: Sparda|Aegislash-Blade||[from] ability: Stance Change\n|move|p2a: Sparda|Never-Ending Nightmare|p1a: Dragonite|[zeffect]\n|-damage|p1a: Dragonite|24\/100\n|move|p1a: Dragonite|Roost|p1a: Dragonite\n|-heal|p1a: Dragonite|74\/100\n|-singleturn|p1a: Dragonite|move: Roost\n|\n|upkeep\n|turn|7\n|\n|t:|1699972671\n|switch|p2a: Rem|Gardevoir, F, shiny|100\/100\n|-ability|p2a: Rem|Multiscale|[from] ability: Trace|[of] p1a: Dragonite\n|move|p1a: Dragonite|Roost|p1a: Dragonite\n|-heal|p1a: Dragonite|100\/100\n|-singleturn|p1a: Dragonite|move: Roost\n|\n|upkeep\n|turn|8\n|\n|t:|1699972678\n|detailschange|p2a: Rem|Gardevoir-Mega, F, shiny\n|-mega|p2a: Rem|Gardevoir|Gardevoirite\n|move|p1a: Dragonite|Extreme Speed|p2a: Rem\n|-damage|p2a: Rem|28\/100\n|move|p2a: Rem|Hyper Voice|p1a: Dragonite\n|-supereffective|p1a: Dragonite\n|-damage|p1a: Dragonite|36\/100\n|\n|upkeep\n|turn|9\n|\n|t:|1699972684\n|move|p1a: Dragonite|Extreme Speed|p2a: Rem\n|-damage|p2a: Rem|0 fnt\n|faint|p2a: Rem\n|\n|upkeep\n|\n|t:|1699972692\n|switch|p2a: Vergil|Samurott-Hisui, M, shiny|100\/100\n|turn|10\n|\n|t:|1699972698\n|move|p2a: Vergil|Ceaseless Edge|p1a: Dragonite\n|-damage|p1a: Dragonite|12\/100\n|-sidestart|p1: ashzzz|Spikes\n|move|p1a: Dragonite|Roost|p1a: Dragonite\n|-heal|p1a: Dragonite|62\/100\n|-singleturn|p1a: Dragonite|move: Roost\n|\n|upkeep\n|turn|11\n|\n|t:|1699972702\n|move|p2a: Vergil|Ceaseless Edge|p1a: Dragonite\n|-damage|p1a: Dragonite|37\/100\n|-sidestart|p1: ashzzz|Spikes\n|move|p1a: Dragonite|Roost|p1a: Dragonite\n|-heal|p1a: Dragonite|87\/100\n|-singleturn|p1a: Dragonite|move: Roost\n|\n|upkeep\n|turn|12\n|\n|t:|1699972706\n|move|p2a: Vergil|Ceaseless Edge|p1a: Dragonite\n|-damage|p1a: Dragonite|63\/100\n|-sidestart|p1: ashzzz|Spikes\n|move|p1a: Dragonite|Curse|p1a: Dragonite\n|-unboost|p1a: Dragonite|spe|1\n|-boost|p1a: Dragonite|atk|1\n|-boost|p1a: Dragonite|def|1\n|\n|upkeep\n|turn|13\n|\n|t:|1699972712\n|switch|p2a: Azathoth|Volcarona, M, shiny|100\/100\n|move|p1a: Dragonite|Roost|p1a: Dragonite\n|-heal|p1a: Dragonite|100\/100\n|-singleturn|p1a: Dragonite|move: Roost\n|\n|upkeep\n|turn|14\n|\n|t:|1699972720\n|move|p1a: Dragonite|Extreme Speed|p2a: Azathoth\n|-damage|p2a: Azathoth|11\/100\n|move|p2a: Azathoth|Fiery Dance|p1a: Dragonite\n|-resisted|p1a: Dragonite\n|-damage|p1a: Dragonite|90\/100\n|\n|upkeep\n|turn|15\n|\n|t:|1699972727\n|move|p1a: Dragonite|Extreme Speed|p2a: Azathoth\n|-damage|p2a: Azathoth|0 fnt\n|faint|p2a: Azathoth\n|\n|upkeep\n|\n|t:|1699972732\n|switch|p2a: Sparda|Aegislash, M, shiny|100\/100\n|turn|16\n|\n|t:|1699972737\n|move|p2a: Sparda|Autotomize|p2a: Sparda\n|-boost|p2a: Sparda|spe|2\n|-start|p2a: Sparda|Autotomize\n|move|p1a: Dragonite|Earthquake|p2a: Sparda\n|-supereffective|p2a: Sparda\n|-damage|p2a: Sparda|0 fnt\n|faint|p2a: Sparda\n|\n|upkeep\n|-message|Revan228 forfeited.\n|\n|win|ashzzz\n|raw|ashzzz's rating: 1313 &rarr; <strong>1331<\/strong><br \/>(+18 for winning)\n|raw|Revan228's rating: 1276 &rarr; <strong>1254<\/strong><br \/>(-22 for losing)\n|l|\u2606Revan228\n","uploadtime":1699972747,"views":4,"p1id":"ashzzz","p2id":"revan228","formatid":"gen9nationaldex","rating":1254,"private":0,"password":""}