{"id":"gen9nationaldex-1993037484","p1":"iamformwandler","p2":"ShowdownSaga","format":"[Gen 9] National Dex","log":"|j|\u2606iamformwandler\n|j|\u2606ShowdownSaga\n|t:|1700257903\n|gametype|singles\n|player|p1|iamformwandler|collector|1365\n|player|p2|ShowdownSaga|volo|1291\n|teamsize|p1|6\n|teamsize|p2|6\n|gen|9\n|tier|[Gen 9] National Dex\n|rated|\n|rule|HP Percentage Mod: HP is shown in percentages\n|rule|Endless Battle Clause: Forcing endless battles is banned\n|rule|OHKO Clause: OHKO moves are banned\n|rule|Evasion Clause: Evasion abilities, items, and moves are banned\n|rule|Evasion Abilities Clause: Evasion abilities are banned\n|rule|Evasion Items Clause: Evasion items are banned\n|rule|Evasion Moves Clause: Evasion moves are banned\n|rule|Species Clause: Limit one of each Pok\u00e9mon\n|rule|Sleep Clause Mod: Limit one foe put to sleep\n|clearpoke\n|poke|p1|Minior-Indigo|\n|poke|p1|Eiscue, F|\n|poke|p1|Wishiwashi, F|\n|poke|p1|Mimikyu, M|\n|poke|p1|Zoroark-Hisui, M|\n|poke|p1|Morpeko, M|\n|poke|p2|Swampert, M|\n|poke|p2|Zapdos|\n|poke|p2|Urshifu-*, F|\n|poke|p2|Tapu Koko|\n|poke|p2|Pelipper, F|\n|poke|p2|Ribombee, M|\n|teampreview\n|inactive|Battle timer is ON: inactive players will automatically lose when time's up. (requested by ShowdownSaga)\n|\n|t:|1700257915\n|start\n|switch|p1a: Minior|Minior-Indigo|100\/100\n|switch|p2a: Bee|Ribombee, M, shiny|100\/100\n|-formechange|p1a: Minior|Minior-Meteor||[from] ability: Shields Down\n|turn|1\n|\n|t:|1700257923\n|move|p2a: Bee|Sticky Web|p1a: Minior\n|-sidestart|p1: iamformwandler|move: Sticky Web\n|move|p1a: Minior|Shell Smash|p1a: Minior\n|-unboost|p1a: Minior|def|1\n|-unboost|p1a: Minior|spd|1\n|-boost|p1a: Minior|atk|2\n|-boost|p1a: Minior|spa|2\n|-boost|p1a: Minior|spe|2\n|-enditem|p1a: Minior|White Herb\n|-clearnegativeboost|p1a: Minior|[silent]\n|\n|upkeep\n|turn|2\n|\n|t:|1700257931\n|move|p1a: Minior|Acrobatics|p2a: Bee\n|-supereffective|p2a: Bee\n|-enditem|p2a: Bee|Focus Sash\n|-damage|p2a: Bee|1\/100\n|move|p2a: Bee|Tailwind|p2a: Bee\n|-sidestart|p2: ShowdownSaga|move: Tailwind\n|\n|upkeep\n|turn|3\n|\n|t:|1700257940\n|move|p2a: Bee|Dazzling Gleam|p1a: Minior\n|-damage|p1a: Minior|55\/100\n|move|p1a: Minior|Acrobatics|p2a: Bee\n|-supereffective|p2a: Bee\n|-damage|p2a: Bee|0 fnt\n|faint|p2a: Bee\n|\n|upkeep\n|\n|t:|1700257944\n|switch|p2a: Peri|Pelipper, F, shiny|100\/100\n|-weather|RainDance|[from] ability: Drizzle|[of] p2a: Peri\n|turn|4\n|\n|t:|1700257948\n|move|p1a: Minior|Stone Edge|p2a: Peri|[miss]\n|-miss|p1a: Minior|p2a: Peri\n|move|p2a: Peri|U-turn|p1a: Minior\n|-resisted|p1a: Minior\n|-damage|p1a: Minior|48\/100\n|\n|t:|1700257954\n|switch|p2a: U Like Mudkip?|Swampert, M, shiny|100\/100|[from] U-turn\n|\n|-weather|RainDance|[upkeep]\n|-formechange|p1a: Minior|Minior-Indigo||[from] ability: Shields Down\n|upkeep\n|turn|5\n|\n|t:|1700257962\n|detailschange|p2a: U Like Mudkip?|Swampert-Mega, M, shiny\n|-mega|p2a: U Like Mudkip?|Swampert|Swampertite\n|move|p2a: U Like Mudkip?|Flip Turn|p1a: Minior\n|-supereffective|p1a: Minior\n|-damage|p1a: Minior|0 fnt\n|faint|p1a: Minior\n|\n|t:|1700257968\n|switch|p2a: KokeKo|Tapu Koko, shiny|100\/100|[from] Flip Turn\n|-fieldstart|move: Electric Terrain|[from] ability: Electric Surge|[of] p2a: KokeKo\n|\n|-weather|RainDance|[upkeep]\n|-sideend|p2: ShowdownSaga|move: Tailwind\n|upkeep\n|\n|t:|1700257982\n|switch|p1a: Wishiwashi|Wishiwashi, F|100\/100\n|-activate|p1a: Wishiwashi|move: Sticky Web\n|-unboost|p1a: Wishiwashi|spe|1\n|-formechange|p1a: Wishiwashi|Wishiwashi-School||[from] ability: Schooling\n|turn|6\n|\n|t:|1700257989\n|-terastallize|p1a: Wishiwashi|Ground\n|move|p2a: KokeKo|Volt Switch|p1a: Wishiwashi\n|-immune|p1a: Wishiwashi\n|move|p1a: Wishiwashi|Earthquake|p2a: KokeKo\n|-supereffective|p2a: KokeKo\n|-damage|p2a: KokeKo|0 fnt\n|faint|p2a: KokeKo\n|\n|-weather|RainDance|[upkeep]\n|upkeep\n|\n|t:|1700257997\n|switch|p2a: Bird|Zapdos, shiny|100\/100\n|turn|7\n|\n|t:|1700258002\n|move|p2a: Bird|Weather Ball|p1a: Wishiwashi\n|-supereffective|p1a: Wishiwashi\n|-damage|p1a: Wishiwashi|12\/100\n|-enditem|p1a: Wishiwashi|Aguav Berry|[eat]\n|-heal|p1a: Wishiwashi|45\/100|[from] item: Aguav Berry\n|move|p1a: Wishiwashi|Flip Turn|p2a: Bird\n|-damage|p2a: Bird|32\/100\n|-damage|p1a: Wishiwashi|29\/100|[from] item: Rocky Helmet|[of] p2a: Bird\n|\n|t:|1700258031\n|switch|p1a: Morpeko|Morpeko, M|100\/100|[from] Flip Turn\n|-activate|p1a: Morpeko|move: Sticky Web\n|-unboost|p1a: Morpeko|spe|1\n|\n|-weather|RainDance|[upkeep]\n|-formechange|p1a: Morpeko|Morpeko-Hangry||[from] ability: Hunger Switch\n|upkeep\n|turn|8\n|\n|t:|1700258054\n|switch|p2a: U Like Mudkip?|Swampert-Mega, M, shiny|100\/100\n|move|p1a: Morpeko|Aura Wheel|p2a: U Like Mudkip?\n|-damage|p2a: U Like Mudkip?|36\/100\n|-boost|p1a: Morpeko|spe|1\n|\n|-weather|RainDance|[upkeep]\n|-formechange|p1a: Morpeko|Morpeko||[from] ability: Hunger Switch\n|upkeep\n|turn|9\n|\n|t:|1700258073\n|switch|p1a: Wishiwashi|Wishiwashi, F, tera:Ground|29\/100\n|-activate|p1a: Wishiwashi|move: Sticky Web\n|-unboost|p1a: Wishiwashi|spe|1\n|-formechange|p1a: Wishiwashi|Wishiwashi-School||[from] ability: Schooling\n|move|p2a: U Like Mudkip?|Earthquake|p1a: Wishiwashi\n|-damage|p1a: Wishiwashi|0 fnt\n|faint|p1a: Wishiwashi\n|\n|-weather|RainDance|[upkeep]\n|-fieldend|move: Electric Terrain\n|upkeep\n|inactive|iamformwandler has 120 seconds left.\n|\n|t:|1700258089\n|switch|p1a: Eiscue|Eiscue, F|100\/100\n|-activate|p1a: Eiscue|move: Sticky Web\n|-unboost|p1a: Eiscue|spe|1\n|turn|10\n|\n|t:|1700258097\n|move|p2a: U Like Mudkip?|Flip Turn|p1a: Eiscue\n|-activate|p1a: Eiscue|ability: Ice Face\n|-damage|p1a: Eiscue|100\/100\n|detailschange|p1a: Eiscue|Eiscue-Noice, F\n|\n|t:|1700258105\n|switch|p2a: Uberfu|Urshifu-Rapid-Strike, F|100\/100|[from] Flip Turn\n|move|p1a: Eiscue|Liquidation|p2a: Uberfu\n|-resisted|p2a: Uberfu\n|-damage|p2a: Uberfu|84\/100\n|\n|-weather|RainDance|[upkeep]\n|upkeep\n|turn|11\n|\n|t:|1700258111\n|-terastallize|p2a: Uberfu|Water\n|move|p2a: Uberfu|Surging Strikes|p1a: Eiscue\n|-crit|p1a: Eiscue\n|-damage|p1a: Eiscue|30\/100\n|-crit|p1a: Eiscue\n|-damage|p1a: Eiscue|0 fnt\n|faint|p1a: Eiscue\n|-hitcount|p1: Eiscue|2\n|\n|-weather|none\n|upkeep\n|\n|t:|1700258119\n|switch|p1a: Mimikyu|Mimikyu, M|100\/100\n|-activate|p1a: Mimikyu|move: Sticky Web\n|-unboost|p1a: Mimikyu|spe|1\n|turn|12\n|\n|t:|1700258123\n|switch|p2a: Peri|Pelipper, F, shiny|100\/100\n|-weather|RainDance|[from] ability: Drizzle|[of] p2a: Peri\n|-zpower|p1a: Mimikyu\n|move|p1a: Mimikyu|Let's Snuggle Forever|p2a: Peri|[zeffect]\n|-damage|p2a: Peri|38\/100\n|\n|-weather|RainDance|[upkeep]\n|upkeep\n|turn|13\n|\n|t:|1700258137\n|switch|p1a: Morpeko|Morpeko, M|100\/100\n|-activate|p1a: Morpeko|move: Sticky Web\n|-unboost|p1a: Morpeko|spe|1\n|move|p2a: Peri|U-turn|p1a: Morpeko\n|-resisted|p1a: Morpeko\n|-damage|p1a: Morpeko|91\/100\n|replace|p1a: Zoroark|Zoroark-Hisui, M\n|-end|p1a: Zoroark|Illusion\n|\n|t:|1700258157\n|switch|p2a: U Like Mudkip?|Swampert-Mega, M, shiny|36\/100|[from] U-turn\n|\n|-weather|RainDance|[upkeep]\n|upkeep\n|turn|14\n|\n|t:|1700258168\n|move|p2a: U Like Mudkip?|Flip Turn|p1a: Zoroark\n|-damage|p1a: Zoroark|0 fnt\n|faint|p1a: Zoroark\n|\n|t:|1700258177\n|switch|p2a: Uberfu|Urshifu-Rapid-Strike, F, tera:Water|84\/100|[from] Flip Turn\n|\n|-weather|RainDance|[upkeep]\n|upkeep\n|\n|t:|1700258179\n|switch|p1a: Mimikyu|Mimikyu, M|100\/100\n|-activate|p1a: Mimikyu|move: Sticky Web\n|-unboost|p1a: Mimikyu|spe|1\n|turn|15\n|\n|t:|1700258189\n|move|p2a: Uberfu|Surging Strikes|p1a: Mimikyu\n|-activate|p1a: Mimikyu|ability: Disguise\n|-damage|p1a: Mimikyu|100\/100\n|detailschange|p1a: Mimikyu|Mimikyu-Busted, M\n|-damage|p1a: Mimikyu|88\/100|[from] pokemon: Mimikyu-Busted\n|-crit|p1a: Mimikyu\n|-damage|p1a: Mimikyu|20\/100\n|-crit|p1a: Mimikyu\n|-damage|p1a: Mimikyu|0 fnt\n|faint|p1a: Mimikyu\n|-hitcount|p1: Mimikyu|3\n|\n|-weather|RainDance|[upkeep]\n|upkeep\n|-message|iamformwandler forfeited.\n|\n|win|ShowdownSaga\n|raw|iamformwandler's rating: 1365 &rarr; <strong>1341<\/strong><br \/>(-24 for losing)\n|raw|ShowdownSaga's rating: 1291 &rarr; <strong>1321<\/strong><br \/>(+30 for winning)\n|l|\u2606iamformwandler\n","uploadtime":1700258201,"views":7,"p1id":"iamformwandler","p2id":"showdownsaga","formatid":"gen9nationaldex","rating":1321,"private":0,"password":""}