{"id":"gen9nationaldex-1997846755","p1":"RadicalKoala","p2":"acctotestdumdum","format":"[Gen 9] National Dex","log":"|html|<div class=\"broadcast-blue\"><strong>[Gen 9] National Dex is currently suspecting Sneasler! For information on how to participate check out the <a href=\"https:\/\/www.smogon.com\/forums\/threads\/sv-national-dex-suspect-8-just-dance.3731534\/\">suspect thread<\/a>.<\/strong><\/div>\n|j|\u2606RadicalKoala\n|j|\u2606acctotestdumdum\n|t:|1700859178\n|gametype|singles\n|player|p1|RadicalKoala|pokemaniac|1325\n|player|p2|acctotestdumdum|madame-gen4|1316\n|teamsize|p1|6\n|teamsize|p2|6\n|gen|9\n|tier|[Gen 9] National Dex\n|rated|\n|rule|HP Percentage Mod: HP is shown in percentages\n|rule|Endless Battle Clause: Forcing endless battles is banned\n|rule|OHKO Clause: OHKO moves are banned\n|rule|Evasion Clause: Evasion abilities, items, and moves are banned\n|rule|Evasion Abilities Clause: Evasion abilities are banned\n|rule|Evasion Items Clause: Evasion items are banned\n|rule|Evasion Moves Clause: Evasion moves are banned\n|rule|Species Clause: Limit one of each Pok\u00e9mon\n|rule|Sleep Clause Mod: Limit one foe put to sleep\n|clearpoke\n|poke|p1|Ogerpon-Wellspring, F|\n|poke|p1|Great Tusk|\n|poke|p1|Pidgeot, M|\n|poke|p1|Volcarona, M|\n|poke|p1|Hatterene, F|\n|poke|p1|Dragonite, M|\n|poke|p2|Diancie|\n|poke|p2|Tyranitar, F|\n|poke|p2|Excadrill, F|\n|poke|p2|Weezing-Galar, M|\n|poke|p2|Archeops, M|\n|poke|p2|Kommo-o, M|\n|teampreview\n|inactive|Battle timer is ON: inactive players will automatically lose when time's up. (requested by acctotestdumdum)\n|\n|t:|1700859202\n|start\n|switch|p1a: Ogerpon|Ogerpon-Wellspring, F|100\/100\n|switch|p2a: Archeops|Archeops, M|100\/100\n|turn|1\n|\n|t:|1700859210\n|switch|p1a: Dragonite|Dragonite, M|100\/100\n|move|p2a: Archeops|Dual Wingbeat|p1a: Dragonite\n|-damage|p1a: Dragonite|88\/100\n|-damage|p1a: Dragonite|65\/100\n|-hitcount|p1a: Dragonite|2\n|\n|upkeep\n|turn|2\n|\n|t:|1700859218\n|move|p1a: Dragonite|Extreme Speed|p2a: Archeops\n|-resisted|p2a: Archeops\n|-damage|p2a: Archeops|73\/100\n|move|p2a: Archeops|Stealth Rock|p1a: Dragonite\n|-sidestart|p1: RadicalKoala|move: Stealth Rock\n|\n|upkeep\n|turn|3\n|\n|t:|1700859222\n|move|p1a: Dragonite|Extreme Speed|p2a: Archeops\n|-resisted|p2a: Archeops\n|-damage|p2a: Archeops|47\/100\n|move|p2a: Archeops|Head Smash|p1a: Dragonite\n|-supereffective|p1a: Dragonite\n|-damage|p1a: Dragonite|0 fnt\n|faint|p1a: Dragonite\n|-damage|p2a: Archeops|11\/100|[from] Recoil\n|\n|upkeep\n|\n|t:|1700859236\n|switch|p1a: Great Tusk|Great Tusk|100\/100\n|-damage|p1a: Great Tusk|98\/100|[from] Stealth Rock\n|turn|4\n|\n|t:|1700859239\n|move|p2a: Archeops|Head Smash|p1a: Great Tusk\n|-resisted|p1a: Great Tusk\n|-damage|p1a: Great Tusk|93\/100\n|-damage|p2a: Archeops|0 fnt|[from] item: Rocky Helmet|[of] p1a: Great Tusk\n|faint|p2a: Archeops\n|move|p1a: Great Tusk|Rapid Spin|p2: Archeops|[notarget]\n|-fail|p1a: Great Tusk\n|\n|upkeep\n|\n|t:|1700859242\n|switch|p2a: Diancie|Diancie|100\/100\n|turn|5\n|inactive|RadicalKoala has 120 seconds left.\n|inactive|RadicalKoala has 90 seconds left.\n|\n|t:|1700859306\n|-end|p1a: Great Tusk|Protosynthesis|[silent]\n|switch|p1a: Hatterene|Hatterene, F|100\/100\n|-damage|p1a: Hatterene|88\/100|[from] Stealth Rock\n|detailschange|p2a: Diancie|Diancie-Mega\n|-mega|p2a: Diancie|Diancie|Diancite\n|move|p2a: Diancie|Moonblast|p1a: Hatterene\n|-damage|p1a: Hatterene|32\/100\n|\n|-heal|p1a: Hatterene|38\/100|[from] item: Leftovers\n|upkeep\n|turn|6\n|inactive|RadicalKoala has 90 seconds left.\n|\n|t:|1700859320\n|move|p2a: Diancie|Moonblast|p1a: Hatterene\n|-damage|p1a: Hatterene|0 fnt\n|faint|p1a: Hatterene\n|\n|upkeep\n|\n|t:|1700859322\n|switch|p1a: Ogerpon|Ogerpon-Wellspring, F|100\/100\n|-damage|p1a: Ogerpon|88\/100|[from] Stealth Rock\n|turn|7\n|\n|t:|1700859326\n|-terastallize|p1a: Ogerpon|Water\n|detailschange|p1a: Ogerpon|Ogerpon-Wellspring-Tera, F, tera:Water\n|-ability|p1a: Ogerpon|Embody Aspect (Wellspring)|boost\n|-boost|p1a: Ogerpon|spd|1\n|move|p2a: Diancie|Moonblast|p1a: Ogerpon\n|-damage|p1a: Ogerpon|46\/100\n|-unboost|p1a: Ogerpon|spa|1\n|move|p1a: Ogerpon|Trailblaze|p2a: Diancie\n|-supereffective|p2a: Diancie\n|-damage|p2a: Diancie|30\/100\n|-boost|p1a: Ogerpon|spe|1\n|\n|upkeep\n|turn|8\n|\n|t:|1700859335\n|switch|p2a: UU|Tyranitar, F|100\/100\n|-weather|Sandstorm|[from] ability: Sand Stream|[of] p2a: UU\n|move|p1a: Ogerpon|Ivy Cudgel|p2a: UU|[anim] Ivy Cudgel Water\n|-supereffective|p2a: UU\n|-damage|p2a: UU|0 fnt\n|faint|p2a: UU\n|\n|-weather|Sandstorm|[upkeep]\n|-damage|p1a: Ogerpon|40\/100|[from] Sandstorm\n|upkeep\n|\n|t:|1700859337\n|switch|p2a: Excadrill|Excadrill, F|100\/100\n|turn|9\n|inactive|RadicalKoala has 120 seconds left.\n|\n|t:|1700859349\n|move|p2a: Excadrill|Earthquake|p1a: Ogerpon\n|-damage|p1a: Ogerpon|0 fnt\n|faint|p1a: Ogerpon\n|-damage|p2a: Excadrill|91\/100|[from] item: Life Orb\n|\n|-weather|Sandstorm|[upkeep]\n|upkeep\n|\n|t:|1700859354\n|switch|p1a: Great Tusk|Great Tusk|93\/100\n|-damage|p1a: Great Tusk|90\/100|[from] Stealth Rock\n|turn|10\n|\n|t:|1700859356\n|-terastallize|p2a: Excadrill|Ghost\n|move|p2a: Excadrill|Swords Dance|p2a: Excadrill\n|-boost|p2a: Excadrill|atk|2\n|move|p1a: Great Tusk|Rapid Spin|p2a: Excadrill\n|-immune|p2a: Excadrill\n|\n|-weather|Sandstorm|[upkeep]\n|upkeep\n|turn|11\n|\n|t:|1700859361\n|move|p2a: Excadrill|Earthquake|p1a: Great Tusk\n|-damage|p1a: Great Tusk|26\/100\n|-damage|p2a: Excadrill|81\/100|[from] item: Life Orb\n|move|p1a: Great Tusk|Knock Off|p2a: Excadrill\n|-supereffective|p2a: Excadrill\n|-damage|p2a: Excadrill|5\/100\n|-enditem|p2a: Excadrill|Life Orb|[from] move: Knock Off|[of] p1a: Great Tusk\n|\n|-weather|Sandstorm|[upkeep]\n|upkeep\n|turn|12\n|\n|t:|1700859369\n|move|p2a: Excadrill|Iron Head|p1a: Great Tusk\n|-damage|p1a: Great Tusk|0 fnt\n|-damage|p2a: Excadrill|0 fnt|[from] item: Rocky Helmet|[of] p1a: Great Tusk\n|faint|p1a: Great Tusk\n|-end|p1a: Great Tusk|Protosynthesis|[silent]\n|faint|p2a: Excadrill\n|\n|-weather|Sandstorm|[upkeep]\n|upkeep\n|\n|t:|1700859373\n|switch|p2a: Kommo-o|Kommo-o, M|100\/100\n|switch|p1a: Pidgeot|Pidgeot, M|100\/100\n|-damage|p1a: Pidgeot|75\/100|[from] Stealth Rock\n|turn|13\n|\n|t:|1700859376\n|detailschange|p1a: Pidgeot|Pidgeot-Mega, M\n|-mega|p1a: Pidgeot|Pidgeot|Pidgeotite\n|move|p1a: Pidgeot|Hurricane|p2a: Kommo-o\n|-supereffective|p2a: Kommo-o\n|-damage|p2a: Kommo-o|0 fnt\n|faint|p2a: Kommo-o\n|\n|-weather|Sandstorm|[upkeep]\n|-damage|p1a: Pidgeot|69\/100|[from] Sandstorm\n|upkeep\n|\n|t:|1700859381\n|switch|p2a: Weezing|Weezing-Galar, M|100\/100\n|turn|14\n|\n|t:|1700859386\n|move|p1a: Pidgeot|Hurricane|p2a: Weezing\n|-damage|p2a: Weezing|13\/100\n|move|p2a: Weezing|Strange Steam|p1a: Pidgeot\n|-damage|p1a: Pidgeot|32\/100\n|-start|p1a: Pidgeot|confusion\n|\n|-weather|Sandstorm|[upkeep]\n|-damage|p1a: Pidgeot|26\/100|[from] Sandstorm\n|-damage|p2a: Weezing|7\/100|[from] Sandstorm\n|-heal|p2a: Weezing|13\/100|[from] item: Black Sludge\n|upkeep\n|turn|15\n|\n|t:|1700859390\n|switch|p1a: Volcarona|Volcarona, M|100\/100\n|move|p2a: Weezing|Strange Steam|p1a: Volcarona\n|-resisted|p1a: Volcarona\n|-damage|p1a: Volcarona|87\/100\n|\n|-weather|none\n|-heal|p2a: Weezing|19\/100|[from] item: Black Sludge\n|upkeep\n|turn|16\n|\n|t:|1700859394\n|move|p1a: Volcarona|Quiver Dance|p1a: Volcarona\n|-boost|p1a: Volcarona|spa|1\n|-boost|p1a: Volcarona|spd|1\n|-boost|p1a: Volcarona|spe|1\n|move|p2a: Weezing|Haze|p2a: Weezing\n|-clearallboost\n|\n|-heal|p2a: Weezing|25\/100|[from] item: Black Sludge\n|upkeep\n|turn|17\n|\n|t:|1700859398\n|move|p1a: Volcarona|Quiver Dance|p1a: Volcarona\n|-boost|p1a: Volcarona|spa|1\n|-boost|p1a: Volcarona|spd|1\n|-boost|p1a: Volcarona|spe|1\n|move|p2a: Weezing|Toxic|p1a: Volcarona\n|-status|p1a: Volcarona|tox\n|\n|-heal|p2a: Weezing|31\/100|[from] item: Black Sludge\n|-damage|p1a: Volcarona|81\/100 tox|[from] psn\n|upkeep\n|turn|18\n|\n|t:|1700859400\n|move|p1a: Volcarona|Fiery Dance|p2a: Weezing\n|-damage|p2a: Weezing|0 fnt\n|-boost|p1a: Volcarona|spa|1\n|faint|p2a: Weezing\n|\n|-damage|p1a: Volcarona|69\/100 tox|[from] psn\n|upkeep\n|\n|t:|1700859402\n|switch|p2a: Diancie|Diancie-Mega|30\/100\n|turn|19\n|\n|t:|1700859404\n|move|p1a: Volcarona|Giga Drain|p2a: Diancie\n|-supereffective|p2a: Diancie\n|-damage|p2a: Diancie|0 fnt\n|-heal|p1a: Volcarona|80\/100 tox|[from] drain|[of] p2a: Diancie\n|faint|p2a: Diancie\n|\n|win|RadicalKoala\n|raw|RadicalKoala's rating: 1325 &rarr; <strong>1344<\/strong><br \/>(+19 for winning)\n|raw|acctotestdumdum's rating: 1316 &rarr; <strong>1297<\/strong><br \/>(-19 for losing)\n|l|\u2606acctotestdumdum\n","uploadtime":1700859410,"views":4,"p1id":"radicalkoala","p2id":"acctotestdumdum","formatid":"gen9nationaldex","rating":1297,"private":0,"password":""}