{"id":"gen9nationaldex-1988735855","p1":"chensheng25800","p2":"Trail Beats Rock","format":"[Gen 9] National Dex","log":"|j|\u2606chensheng25800\n|j|\u2606Trail Beats Rock\n|t:|1699756550\n|gametype|singles\n|player|p1|chensheng25800|preschooler|1000\n|player|p2|Trail Beats Rock|red|1000\n|teamsize|p1|6\n|teamsize|p2|6\n|gen|9\n|tier|[Gen 9] National Dex\n|rated|\n|rule|HP Percentage Mod: HP is shown in percentages\n|rule|Endless Battle Clause: Forcing endless battles is banned\n|rule|OHKO Clause: OHKO moves are banned\n|rule|Evasion Clause: Evasion abilities, items, and moves are banned\n|rule|Evasion Abilities Clause: Evasion abilities are banned\n|rule|Evasion Items Clause: Evasion items are banned\n|rule|Evasion Moves Clause: Evasion moves are banned\n|rule|Species Clause: Limit one of each Pok\u00e9mon\n|rule|Sleep Clause Mod: Limit one foe put to sleep\n|clearpoke\n|poke|p1|Salazzle, F|\n|poke|p1|Grafaiai, M|\n|poke|p1|Toxtricity, F|\n|poke|p1|Silvally-*|\n|poke|p1|Skuntank, F|\n|poke|p1|Sneasel-Hisui, M|\n|poke|p2|Infernape, F|\n|poke|p2|Greninja-*, F|\n|poke|p2|Latias, F|\n|poke|p2|Clefable, F|\n|poke|p2|Corviknight, F|\n|poke|p2|Clodsire, F|\n|teampreview\n|inactive|Battle timer is ON: inactive players will automatically lose when time's up. (requested by Trail Beats Rock)\n|inactive|chensheng25800 also wants the timer to be on.\n|\n|t:|1699756567\n|start\n|switch|p1a: Sneasel|Sneasel-Hisui, M|100\/100\n|switch|p2a: Greninja|Greninja, F|100\/100\n|turn|1\n|\n|t:|1699756579\n|switch|p2a: Corviknight|Corviknight, F|100\/100\n|-ability|p2a: Corviknight|Pressure\n|move|p1a: Sneasel|Fake Out|p2a: Corviknight\n|-resisted|p2a: Corviknight\n|-damage|p2a: Corviknight|97\/100\n|-damage|p1a: Sneasel|84\/100|[from] item: Rocky Helmet|[of] p2a: Corviknight\n|\n|upkeep\n|turn|2\n|\n|t:|1699756583\n|move|p1a: Sneasel|Swords Dance|p1a: Sneasel\n|-boost|p1a: Sneasel|atk|2\n|move|p2a: Corviknight|U-turn|p1a: Sneasel\n|-resisted|p1a: Sneasel\n|-damage|p1a: Sneasel|79\/100\n|\n|t:|1699756597\n|switch|p2a: Infernape|Infernape, F|100\/100|[from] U-turn\n|\n|upkeep\n|turn|3\n|\n|t:|1699756604\n|move|p2a: Infernape|Flare Blitz|p1a: Sneasel\n|-damage|p1a: Sneasel|0 fnt\n|faint|p1a: Sneasel\n|-damage|p2a: Infernape|78\/100|[from] Recoil\n|\n|upkeep\n|\n|t:|1699756619\n|switch|p1a: Skuntank|Skuntank, F|100\/100\n|turn|4\n|\n|t:|1699756627\n|switch|p2a: Clodsire|Clodsire, F|100\/100\n|move|p1a: Skuntank|Foul Play|p2a: Clodsire\n|-damage|p2a: Clodsire|69\/100\n|\n|upkeep\n|turn|5\n|\n|t:|1699756636\n|move|p1a: Skuntank|Foul Play|p2a: Clodsire\n|-damage|p2a: Clodsire|38\/100\n|move|p2a: Clodsire|Stealth Rock|p1a: Skuntank\n|-sidestart|p1: chensheng25800|move: Stealth Rock\n|\n|upkeep\n|turn|6\n|\n|t:|1699756640\n|move|p1a: Skuntank|Defog|p2a: Clodsire\n|-unboost|p2a: Clodsire|evasion|1\n|-sideend|p1: chensheng25800|Stealth Rock|[from] move: Defog|[of] p1a: Skuntank\n|move|p2a: Clodsire|Recover|p2a: Clodsire\n|-heal|p2a: Clodsire|88\/100\n|\n|upkeep\n|turn|7\n|\n|t:|1699756646\n|move|p1a: Skuntank|Foul Play|p2a: Clodsire\n|-damage|p2a: Clodsire|58\/100\n|move|p2a: Clodsire|Stealth Rock|p1a: Skuntank\n|-sidestart|p1: chensheng25800|move: Stealth Rock\n|\n|upkeep\n|turn|8\n|\n|t:|1699756658\n|move|p1a: Skuntank|Defog|p2a: Clodsire\n|-unboost|p2a: Clodsire|evasion|1\n|-sideend|p1: chensheng25800|Stealth Rock|[from] move: Defog|[of] p1a: Skuntank\n|move|p2a: Clodsire|Earthquake|p1a: Skuntank\n|-supereffective|p1a: Skuntank\n|-damage|p1a: Skuntank|41\/100\n|\n|upkeep\n|turn|9\n|\n|t:|1699756663\n|move|p1a: Skuntank|Foul Play|p2a: Clodsire\n|-crit|p2a: Clodsire\n|-damage|p2a: Clodsire|15\/100\n|move|p2a: Clodsire|Stealth Rock|p1a: Skuntank\n|-sidestart|p1: chensheng25800|move: Stealth Rock\n|\n|upkeep\n|turn|10\n|\n|t:|1699756667\n|switch|p2a: Corviknight|Corviknight, F|97\/100\n|-ability|p2a: Corviknight|Pressure\n|move|p1a: Skuntank|Foul Play|p2a: Corviknight\n|-damage|p2a: Corviknight|77\/100\n|-damage|p1a: Skuntank|25\/100|[from] item: Rocky Helmet|[of] p2a: Corviknight\n|\n|upkeep\n|turn|11\n|\n|t:|1699756671\n|move|p1a: Skuntank|Defog|p2a: Corviknight\n|-unboost|p2a: Corviknight|evasion|1\n|-sideend|p1: chensheng25800|Stealth Rock|[from] move: Defog|[of] p1a: Skuntank\n|move|p2a: Corviknight|U-turn|p1a: Skuntank\n|-damage|p1a: Skuntank|8\/100\n|-damage|p2a: Corviknight|60\/100|[from] item: Rocky Helmet|[of] p1a: Skuntank\n|\n|t:|1699756678\n|switch|p2a: Latias|Latias, F|100\/100|[from] U-turn\n|\n|upkeep\n|turn|12\n|\n|t:|1699756683\n|detailschange|p2a: Latias|Latias-Mega, F\n|-mega|p2a: Latias|Latias|Latiasite\n|move|p1a: Skuntank|Sucker Punch||[still]\n|-fail|p1a: Skuntank\n|move|p2a: Latias|Calm Mind|p2a: Latias\n|-boost|p2a: Latias|spa|1\n|-boost|p2a: Latias|spd|1\n|\n|upkeep\n|turn|13\n|\n|t:|1699756689\n|move|p1a: Skuntank|Sucker Punch|p2a: Latias\n|-supereffective|p2a: Latias\n|-damage|p2a: Latias|61\/100\n|move|p2a: Latias|Energy Ball|p1a: Skuntank\n|-resisted|p1a: Skuntank\n|-damage|p1a: Skuntank|0 fnt\n|faint|p1a: Skuntank\n|\n|upkeep\n|\n|t:|1699756694\n|switch|p1a: Grafaiai|Grafaiai, M|100\/100\n|turn|14\n|\n|t:|1699756701\n|move|p1a: Grafaiai|Swagger|p2a: Latias\n|-boost|p2a: Latias|atk|2\n|-enditem|p1a: Grafaiai|Mirror Herb\n|-boost|p1a: Grafaiai|atk|2|[from] item: Mirror Herb\n|-start|p2a: Latias|confusion\n|-activate|p2a: Latias|confusion\n|move|p2a: Latias|Psyshock|p1a: Grafaiai\n|-supereffective|p1a: Grafaiai\n|-damage|p1a: Grafaiai|0 fnt\n|faint|p1a: Grafaiai\n|\n|upkeep\n|\n|t:|1699756710\n|switch|p1a: Salazzle|Salazzle, F|100\/100\n|turn|15\n|\n|t:|1699756715\n|-terastallize|p1a: Salazzle|Ground\n|move|p1a: Salazzle|Nasty Plot|p1a: Salazzle\n|-boost|p1a: Salazzle|spa|2\n|-end|p2a: Latias|confusion\n|move|p2a: Latias|Psyshock|p1a: Salazzle\n|-damage|p1a: Salazzle|0 fnt\n|faint|p1a: Salazzle\n|\n|upkeep\n|-message|chensheng25800 forfeited.\n|\n|win|Trail Beats Rock\n|raw|chensheng25800's rating: 1000 &rarr; <strong>1000<\/strong><br \/>(+0 for losing)\n|raw|Trail Beats Rock's rating: 1000 &rarr; <strong>1040<\/strong><br \/>(+40 for winning)\n|l|\u2606chensheng25800\n","uploadtime":1699756725,"views":4,"p1id":"chensheng25800","p2id":"trailbeatsrock","formatid":"gen9nationaldex","rating":1000,"private":0,"password":""}