{"id":"gen9nationaldex-1993838125","p1":"Carrotfromkanto","p2":"Ultrasadhere","format":"[Gen 9] National Dex","log":"|j|\u2606Carrotfromkanto\n|j|\u2606Ultrasadhere\n|t:|1700363550\n|gametype|singles\n|player|p1|Carrotfromkanto|may|\n|player|p2|Ultrasadhere|barry|\n|teamsize|p1|6\n|teamsize|p2|6\n|gen|9\n|tier|[Gen 9] National Dex\n|rule|HP Percentage Mod: HP is shown in percentages\n|rule|Endless Battle Clause: Forcing endless battles is banned\n|rule|OHKO Clause: OHKO moves are banned\n|rule|Evasion Clause: Evasion abilities, items, and moves are banned\n|rule|Evasion Abilities Clause: Evasion abilities are banned\n|rule|Evasion Items Clause: Evasion items are banned\n|rule|Evasion Moves Clause: Evasion moves are banned\n|rule|Species Clause: Limit one of each Pok\u00e9mon\n|rule|Sleep Clause Mod: Limit one foe put to sleep\n|clearpoke\n|poke|p1|Swampert, F|\n|poke|p1|Pelipper, F|\n|poke|p1|Magcargo, M|\n|poke|p1|Swellow, M|\n|poke|p1|Claydol|\n|poke|p1|Breloom, F|\n|poke|p2|Glimmora, M|\n|poke|p2|Sceptile, M|\n|poke|p2|Passimian, F|\n|poke|p2|Duraludon, M|\n|poke|p2|Metagross|\n|poke|p2|Articuno|\n|teampreview\n|\n|t:|1700363565\n|start\n|switch|p1a: Claydol|Claydol|100\/100\n|switch|p2a: Glimmora|Glimmora, M, shiny|100\/100\n|turn|1\n|\n|t:|1700363581\n|move|p2a: Glimmora|Stealth Rock|p1a: Claydol\n|-sidestart|p1: Carrotfromkanto|move: Stealth Rock\n|move|p1a: Claydol|Earth Power|p2a: Glimmora\n|-supereffective|p2a: Glimmora\n|-damage|p2a: Glimmora|3\/100\n|\n|-heal|p2a: Glimmora|9\/100|[from] item: Leftovers\n|upkeep\n|turn|2\n|\n|t:|1700363596\n|move|p2a: Glimmora|Spikes|p1a: Claydol\n|-sidestart|p1: Carrotfromkanto|Spikes\n|move|p1a: Claydol|Stealth Rock|p2a: Glimmora\n|-sidestart|p2: Ultrasadhere|move: Stealth Rock\n|\n|-heal|p2a: Glimmora|16\/100|[from] item: Leftovers\n|upkeep\n|turn|3\n|\n|t:|1700363610\n|move|p2a: Glimmora|Spikes|p1a: Claydol\n|-sidestart|p1: Carrotfromkanto|Spikes\n|move|p1a: Claydol|Rapid Spin|p2a: Glimmora\n|-resisted|p2a: Glimmora\n|-damage|p2a: Glimmora|12\/100\n|-boost|p1a: Claydol|spe|1\n|-activate|p2a: Glimmora|ability: Toxic Debris\n|-sidestart|p1: Carrotfromkanto|move: Toxic Spikes\n|-sideend|p1: Carrotfromkanto|Spikes|[from] move: Rapid Spin|[of] p1a: Claydol\n|-sideend|p1: Carrotfromkanto|Toxic Spikes|[from] move: Rapid Spin|[of] p1a: Claydol\n|-sideend|p1: Carrotfromkanto|Stealth Rock|[from] move: Rapid Spin|[of] p1a: Claydol\n|\n|-heal|p2a: Glimmora|18\/100|[from] item: Leftovers\n|upkeep\n|turn|4\n|\n|t:|1700363620\n|move|p2a: Glimmora|Mortal Spin|p1a: Claydol\n|-resisted|p1a: Claydol\n|-damage|p1a: Claydol|98\/100\n|-status|p1a: Claydol|psn\n|-sideend|p2: Ultrasadhere|Stealth Rock|[from] move: Mortal Spin|[of] p2a: Glimmora\n|move|p1a: Claydol|Earth Power|p2a: Glimmora\n|-supereffective|p2a: Glimmora\n|-damage|p2a: Glimmora|0 fnt\n|faint|p2a: Glimmora\n|\n|-heal|p1a: Claydol|100\/100 psn|[from] item: Leftovers\n|-damage|p1a: Claydol|88\/100 psn|[from] psn\n|upkeep\n|\n|t:|1700363632\n|switch|p2a: Sceptile|Sceptile, M, shiny|100\/100\n|turn|5\n|\n|t:|1700363648\n|detailschange|p2a: Sceptile|Sceptile-Mega, M, shiny\n|-mega|p2a: Sceptile|Sceptile|Sceptilite\n|move|p2a: Sceptile|Dragon Dance|p2a: Sceptile\n|-boost|p2a: Sceptile|atk|1\n|-boost|p2a: Sceptile|spe|1\n|move|p1a: Claydol|Stealth Rock|p2a: Sceptile\n|-sidestart|p2: Ultrasadhere|move: Stealth Rock\n|\n|-heal|p1a: Claydol|94\/100 psn|[from] item: Leftovers\n|-damage|p1a: Claydol|82\/100 psn|[from] psn\n|upkeep\n|turn|6\n|j| DarmanitanDDragon\n|\n|t:|1700363670\n|move|p2a: Sceptile|Leaf Blade|p1a: Claydol\n|-supereffective|p1a: Claydol\n|-crit|p1a: Claydol\n|-damage|p1a: Claydol|0 fnt\n|faint|p1a: Claydol\n|\n|upkeep\n|\n|t:|1700363674\n|switch|p1a: Pelipper|Pelipper, F|100\/100\n|-weather|RainDance|[from] ability: Drizzle|[of] p1a: Pelipper\n|turn|7\n|\n|t:|1700363685\n|move|p2a: Sceptile|Outrage|p1a: Pelipper\n|-damage|p1a: Pelipper|37\/100\n|move|p1a: Pelipper|Hurricane|p2a: Sceptile\n|-supereffective|p2a: Sceptile\n|-damage|p2a: Sceptile|8\/100\n|\n|-weather|RainDance|[upkeep]\n|upkeep\n|turn|8\n|\n|t:|1700363703\n|switch|p1a: Breloom|Breloom, F|100\/100\n|move|p2a: Sceptile|Outrage|p1a: Breloom|[from]lockedmove\n|-enditem|p1a: Breloom|Focus Sash\n|-damage|p1a: Breloom|1\/100\n|-start|p2a: Sceptile|confusion|[fatigue]\n|\n|-weather|RainDance|[upkeep]\n|upkeep\n|turn|9\n|\n|t:|1700363721\n|move|p1a: Breloom|Mach Punch|p2a: Sceptile\n|-damage|p2a: Sceptile|0 fnt\n|faint|p2a: Sceptile\n|\n|-weather|RainDance|[upkeep]\n|upkeep\n|\n|t:|1700363753\n|switch|p2a: Articuno|Articuno|100\/100\n|-ability|p2a: Articuno|Pressure\n|turn|10\n|\n|t:|1700363770\n|move|p1a: Breloom|Close Combat|p2a: Articuno\n|-damage|p2a: Articuno|43\/100\n|-unboost|p1a: Breloom|def|1\n|-unboost|p1a: Breloom|spd|1\n|move|p2a: Articuno|Ancient Power|p1a: Breloom\n|-resisted|p1a: Breloom\n|-damage|p1a: Breloom|0 fnt\n|faint|p1a: Breloom\n|\n|-weather|RainDance|[upkeep]\n|upkeep\n|\n|t:|1700363774\n|switch|p1a: Swampert|Swampert, F|100\/100\n|turn|11\n|c|\u2606Carrotfromkanto|I like Articuno on sun\n|\n|t:|1700363790\n|detailschange|p1a: Swampert|Swampert-Mega, F\n|-mega|p1a: Swampert|Swampert|Swampertite\n|move|p1a: Swampert|Waterfall|p2a: Articuno\n|-damage|p2a: Articuno|0 fnt\n|faint|p2a: Articuno\n|\n|-weather|RainDance|[upkeep]\n|upkeep\n|c|\u2606Carrotfromkanto|with weather ball\n|\n|t:|1700363804\n|switch|p2a: Duraludon|Duraludon, M|100\/100\n|-damage|p2a: Duraludon|94\/100|[from] Stealth Rock\n|turn|12\n|c|\u2606Carrotfromkanto|!dt stalwart\n|raw|<ul class=\"utilichart\"><li class=\"result\"><span class=\"col namecol\"><a href=\"https:\/\/dex.pokemonshowdown.com\/abilities\/stalwart\">Stalwart<\/a><\/span> <span class=\"col abilitydesccol\">This Pokemon's moves cannot be redirected to a different target by any effect.<\/span> <\/li><li style=\"clear:both\"><\/li><\/ul>\n|raw|<font size=\"1\"><font color=\"#686868\">Gen:<\/font> 8<\/font>\n\n|\n|t:|1700363823\n|move|p1a: Swampert|Earthquake|p2a: Duraludon\n|-supereffective|p2a: Duraludon\n|-damage|p2a: Duraludon|0 fnt\n|faint|p2a: Duraludon\n|\n|-weather|RainDance|[upkeep]\n|upkeep\n|c|\u2606Carrotfromkanto|dt heavy metal\n|c|\u2606Carrotfromkanto|!dt heavy metal\n|raw|<ul class=\"utilichart\"><li class=\"result\"><span class=\"col namecol\"><a href=\"https:\/\/dex.pokemonshowdown.com\/abilities\/heavymetal\">Heavy Metal<\/a><\/span> <span class=\"col abilitydesccol\">This Pokemon's weight is doubled.<\/span> <\/li><li style=\"clear:both\"><\/li><\/ul>\n|raw|<font size=\"1\"><font color=\"#686868\">Gen:<\/font> 5&nbsp;|&ThickSpace;&#10003; Ignored by Mold Breaker<\/font>\n\n|c|\u2606Carrotfromkanto|!dt light metal\n|raw|<ul class=\"utilichart\"><li class=\"result\"><span class=\"col namecol\"><a href=\"https:\/\/dex.pokemonshowdown.com\/abilities\/lightmetal\">Light Metal<\/a><\/span> <span class=\"col abilitydesccol\">This Pokemon's weight is halved.<\/span> <\/li><li style=\"clear:both\"><\/li><\/ul>\n|raw|<font size=\"1\"><font color=\"#686868\">Gen:<\/font> 5&nbsp;|&ThickSpace;&#10003; Ignored by Mold Breaker<\/font>\n\n|c|\u2606Carrotfromkanto|wow\n|c|\u2606Carrotfromkanto|bad abilities\n|\n|t:|1700363853\n|switch|p2a: Passimian|Passimian, F|100\/100\n|-damage|p2a: Passimian|94\/100|[from] Stealth Rock\n|turn|13\n|\n|t:|1700363881\n|-terastallize|p2a: Passimian|Fighting\n|move|p1a: Swampert|Waterfall|p2a: Passimian\n|-damage|p2a: Passimian|20\/100\n|move|p2a: Passimian|Close Combat|p1a: Swampert\n|-crit|p1a: Swampert\n|-damage|p1a: Swampert|0 fnt\n|-unboost|p2a: Passimian|def|1\n|-unboost|p2a: Passimian|spd|1\n|faint|p1a: Swampert\n|\n|-weather|RainDance|[upkeep]\n|upkeep\n|\n|t:|1700363893\n|switch|p1a: Swellow|Swellow, M|100\/100\n|turn|14\n|\n|t:|1700363896\n|move|p2a: Passimian|Close Combat|p1a: Swellow\n|-damage|p1a: Swellow|0 fnt\n|-unboost|p2a: Passimian|def|1\n|-unboost|p2a: Passimian|spd|1\n|faint|p1a: Swellow\n|\n|-weather|none\n|upkeep\n|\n|t:|1700363901\n|switch|p1a: Magcargo|Magcargo, M|100\/100\n|turn|15\n|\n|t:|1700363905\n|-terastallize|p1a: Magcargo|Grass\n|move|p2a: Passimian|Close Combat|p1a: Magcargo\n|-damage|p1a: Magcargo|11\/100\n|-unboost|p2a: Passimian|def|1\n|-unboost|p2a: Passimian|spd|1\n|-ability|p1a: Magcargo|Weak Armor|boost\n|-unboost|p1a: Magcargo|def|1\n|-boost|p1a: Magcargo|spe|2\n|-enditem|p1a: Magcargo|White Herb\n|-clearnegativeboost|p1a: Magcargo|[silent]\n|move|p1a: Magcargo|Shell Smash|p1a: Magcargo\n|-unboost|p1a: Magcargo|def|1\n|-unboost|p1a: Magcargo|spd|1\n|-boost|p1a: Magcargo|atk|2\n|-boost|p1a: Magcargo|spa|2\n|-boost|p1a: Magcargo|spe|2\n|\n|upkeep\n|turn|16\n|\n|t:|1700363919\n|move|p1a: Magcargo|Power Gem|p2a: Passimian\n|-resisted|p2a: Passimian\n|-damage|p2a: Passimian|0 fnt\n|faint|p2a: Passimian\n|\n|upkeep\n|\n|t:|1700363923\n|switch|p2a: Metagross|Metagross|100\/100\n|-damage|p2a: Metagross|95\/100|[from] Stealth Rock\n|turn|17\n|c|\u2606Ultrasadhere|Gg\n|c|\u2606Ultrasadhere|Gen 3 ou is pog\n|\n|t:|1700363935\n|move|p2a: Metagross|Bullet Punch|p1a: Magcargo\n|-damage|p1a: Magcargo|0 fnt\n|faint|p1a: Magcargo\n|-damage|p2a: Metagross|85\/100|[from] item: Life Orb\n|\n|upkeep\n|c|\u2606Carrotfromkanto|bullet punch no\n|\n|t:|1700363940\n|switch|p1a: Pelipper|Pelipper, F|37\/100\n|-weather|RainDance|[from] ability: Drizzle|[of] p1a: Pelipper\n|turn|18\n|\n|t:|1700363945\n|move|p2a: Metagross|Psycho Cut|p1a: Pelipper\n|-damage|p1a: Pelipper|2\/100\n|-damage|p2a: Metagross|75\/100|[from] item: Life Orb\n|move|p1a: Pelipper|Roost|p1a: Pelipper\n|-heal|p1a: Pelipper|52\/100\n|-singleturn|p1a: Pelipper|move: Roost\n|\n|-weather|RainDance|[upkeep]\n|upkeep\n|turn|19\n|\n|t:|1700363953\n|move|p2a: Metagross|Psycho Cut|p1a: Pelipper\n|-damage|p1a: Pelipper|11\/100\n|-damage|p2a: Metagross|65\/100|[from] item: Life Orb\n|move|p1a: Pelipper|Roost|p1a: Pelipper\n|-heal|p1a: Pelipper|61\/100\n|-singleturn|p1a: Pelipper|move: Roost\n|\n|-weather|RainDance|[upkeep]\n|upkeep\n|turn|20\n|\n|t:|1700363961\n|move|p2a: Metagross|Psycho Cut|p1a: Pelipper\n|-damage|p1a: Pelipper|26\/100\n|-damage|p2a: Metagross|55\/100|[from] item: Life Orb\n|move|p1a: Pelipper|Roost|p1a: Pelipper\n|-heal|p1a: Pelipper|76\/100\n|-singleturn|p1a: Pelipper|move: Roost\n|\n|-weather|RainDance|[upkeep]\n|upkeep\n|turn|21\n|\n|t:|1700363969\n|move|p2a: Metagross|Psycho Cut|p1a: Pelipper\n|-damage|p1a: Pelipper|35\/100\n|-damage|p2a: Metagross|45\/100|[from] item: Life Orb\n|move|p1a: Pelipper|Roost|p1a: Pelipper\n|-heal|p1a: Pelipper|85\/100\n|-singleturn|p1a: Pelipper|move: Roost\n|\n|-weather|RainDance|[upkeep]\n|upkeep\n|turn|22\n|\n|t:|1700363977\n|move|p2a: Metagross|Psycho Cut|p1a: Pelipper\n|-damage|p1a: Pelipper|48\/100\n|-damage|p2a: Metagross|35\/100|[from] item: Life Orb\n|move|p1a: Pelipper|Surf|p2a: Metagross\n|-damage|p2a: Metagross|0 fnt\n|faint|p2a: Metagross\n|\n|win|Carrotfromkanto\n|c|\u2606Carrotfromkanto|Yeah!\n|c|\u2606Ultrasadhere|Why lol\n|c|\u2606Ultrasadhere|Gg\n","uploadtime":1700363986,"views":11,"p1id":"carrotfromkanto","p2id":"ultrasadhere","formatid":"gen9nationaldex","rating":0,"private":0,"password":""}