{"id":"gen9nationaldex-1999667064","p1":"Z-Bean","p2":"IDF86","format":"[Gen 9] National Dex","log":"|html|<div class=\"broadcast-blue\"><strong>[Gen 9] National Dex is currently suspecting Sneasler! For information on how to participate check out the <a href=\"https:\/\/www.smogon.com\/forums\/threads\/sv-national-dex-suspect-8-just-dance.3731534\/\">suspect thread<\/a>.<\/strong><\/div>\n|j|\u2606Z-Bean\n|j|\u2606IDF86\n|t:|1701106073\n|gametype|singles\n|player|p1|Z-Bean|crasherwake|1108\n|player|p2|IDF86|unknown|1199\n|teamsize|p1|6\n|teamsize|p2|6\n|gen|9\n|tier|[Gen 9] National Dex\n|rated|\n|rule|HP Percentage Mod: HP is shown in percentages\n|rule|Endless Battle Clause: Forcing endless battles is banned\n|rule|OHKO Clause: OHKO moves are banned\n|rule|Evasion Clause: Evasion abilities, items, and moves are banned\n|rule|Evasion Abilities Clause: Evasion abilities are banned\n|rule|Evasion Items Clause: Evasion items are banned\n|rule|Evasion Moves Clause: Evasion moves are banned\n|rule|Species Clause: Limit one of each Pok\u00e9mon\n|rule|Sleep Clause Mod: Limit one foe put to sleep\n|clearpoke\n|poke|p1|Samurott-Hisui, M|\n|poke|p1|Ogerpon-Wellspring, F|\n|poke|p1|Golisopod, M|\n|poke|p1|Ribombee, M|\n|poke|p1|Slowking-Galar, F|\n|poke|p1|Gliscor, M|\n|poke|p2|Mew|\n|poke|p2|Celebi|\n|poke|p2|Jirachi|\n|poke|p2|Manaphy|\n|poke|p2|Victini|\n|poke|p2|Shaymin|\n|teampreview\n|inactive|Battle timer is ON: inactive players will automatically lose when time's up. (requested by IDF86)\n|\n|t:|1701106096\n|start\n|switch|p1a: Quartz|Ribombee, M|100\/100\n|switch|p2a: Jirachi|Jirachi|100\/100\n|turn|1\n|\n|t:|1701106109\n|move|p1a: Quartz|Skill Swap|p2a: Jirachi\n|-activate|p1a: Quartz|move: Skill Swap|Serene Grace|Sweet Veil|[of] p2a: Jirachi\n|move|p2a: Jirachi|Ancient Power|p1a: Quartz\n|-supereffective|p1a: Quartz\n|-damage|p1a: Quartz|64\/100\n|\n|upkeep\n|turn|2\n|\n|t:|1701106122\n|switch|p2a: Mew|Mew|100\/100\n|move|p1a: Quartz|Sticky Web|p2a: Mew\n|-sidestart|p2: IDF86|move: Sticky Web\n|\n|upkeep\n|turn|3\n|\n|t:|1701106127\n|switch|p1a: Oil Slick|Gliscor, M|100\/100\n|move|p2a: Mew|Cosmic Power|p2a: Mew\n|-boost|p2a: Mew|def|1\n|-boost|p2a: Mew|spd|1\n|\n|-status|p1a: Oil Slick|tox|[from] item: Toxic Orb\n|upkeep\n|turn|4\n|\n|t:|1701106133\n|-terastallize|p2a: Mew|Poison\n|move|p2a: Mew|Cosmic Power|p2a: Mew\n|-boost|p2a: Mew|def|1\n|-boost|p2a: Mew|spd|1\n|move|p1a: Oil Slick|U-turn|p2a: Mew\n|-resisted|p2a: Mew\n|-damage|p2a: Mew|97\/100\n|\n|t:|1701106137\n|switch|p1a: Mizuma|Samurott-Hisui, M|100\/100|[from] U-turn\n|\n|upkeep\n|turn|5\n|\n|t:|1701106144\n|move|p2a: Mew|Cosmic Power|p2a: Mew\n|-boost|p2a: Mew|def|1\n|-boost|p2a: Mew|spd|1\n|move|p1a: Mizuma|Encore|p2a: Mew\n|-start|p2a: Mew|Encore\n|\n|upkeep\n|turn|6\n|\n|t:|1701106149\n|move|p2a: Mew|Cosmic Power|p2a: Mew\n|-boost|p2a: Mew|def|1\n|-boost|p2a: Mew|spd|1\n|move|p1a: Mizuma|Flip Turn|p2a: Mew\n|-damage|p2a: Mew|90\/100\n|\n|t:|1701106163\n|switch|p1a: Ogerpon!|Ogerpon-Wellspring, F|100\/100|[from] Flip Turn\n|\n|upkeep\n|turn|7\n|\n|t:|1701106168\n|move|p1a: Ogerpon!|Swords Dance|p1a: Ogerpon!\n|-boost|p1a: Ogerpon!|atk|2\n|move|p2a: Mew|Cosmic Power|p2a: Mew\n|-boost|p2a: Mew|def|1\n|-boost|p2a: Mew|spd|1\n|\n|upkeep\n|turn|8\n|\n|t:|1701106172\n|move|p1a: Ogerpon!|Swords Dance|p1a: Ogerpon!\n|-boost|p1a: Ogerpon!|atk|2\n|move|p2a: Mew|Cosmic Power|p2a: Mew\n|-boost|p2a: Mew|def|1\n|-boost|p2a: Mew|spd|1\n|\n|-end|p2a: Mew|Encore\n|upkeep\n|turn|9\n|\n|t:|1701106177\n|-terastallize|p1a: Ogerpon!|Water\n|detailschange|p1a: Ogerpon!|Ogerpon-Wellspring-Tera, F, tera:Water\n|-ability|p1a: Ogerpon!|Embody Aspect (Wellspring)|boost\n|-boost|p1a: Ogerpon!|spd|1\n|move|p1a: Ogerpon!|Swords Dance|p1a: Ogerpon!\n|-boost|p1a: Ogerpon!|atk|2\n|move|p2a: Mew|Stored Power|p1a: Ogerpon!\n|-damage|p1a: Ogerpon!|26\/100\n|\n|upkeep\n|turn|10\n|\n|t:|1701106188\n|move|p1a: Ogerpon!|Ivy Cudgel|p2a: Mew|[anim] Ivy Cudgel Water\n|-damage|p2a: Mew|21\/100\n|move|p2a: Mew|Stored Power|p1a: Ogerpon!\n|-damage|p1a: Ogerpon!|0 fnt\n|faint|p1a: Ogerpon!\n|\n|upkeep\n|\n|t:|1701106192\n|switch|p1a: Oil Slick|Gliscor, M|100\/100 tox\n|turn|11\n|\n|t:|1701106195\n|move|p2a: Mew|Roost|p2a: Mew\n|-heal|p2a: Mew|71\/100\n|move|p1a: Oil Slick|Earthquake|p2a: Mew\n|-supereffective|p2a: Mew\n|-damage|p2a: Mew|57\/100\n|\n|upkeep\n|turn|12\n|\n|t:|1701106200\n|move|p2a: Mew|Roost|p2a: Mew\n|-heal|p2a: Mew|100\/100\n|move|p1a: Oil Slick|U-turn|p2a: Mew\n|-resisted|p2a: Mew\n|-damage|p2a: Mew|99\/100\n|\n|t:|1701106204\n|switch|p1a: Mizuma|Samurott-Hisui, M|100\/100|[from] U-turn\n|\n|upkeep\n|turn|13\n|\n|t:|1701106207\n|move|p2a: Mew|Body Press|p1a: Mizuma\n|-supereffective|p1a: Mizuma\n|-damage|p1a: Mizuma|0 fnt\n|faint|p1a: Mizuma\n|\n|upkeep\n|\n|t:|1701106213\n|switch|p1a: Oil Slick|Gliscor, M|100\/100 tox\n|turn|14\n|\n|t:|1701106216\n|move|p2a: Mew|Stored Power|p1a: Oil Slick\n|-damage|p1a: Oil Slick|0 fnt\n|faint|p1a: Oil Slick\n|\n|upkeep\n|c|\u2606Z-Bean|You\u2019re shit at the game lmao\n|l|\u2606Z-Bean\n|inactive|Z-Bean disconnected and has a minute to reconnect!\n|player|p1|\n|c|\u2606IDF86|\ud83d\udc80\n|inactive|Z-Bean has 30 seconds to reconnect!\n|inactive|Z-Bean has 20 seconds to reconnect!\n|inactive|Z-Bean has 15 seconds to reconnect!\n|inactive|Z-Bean has 10 seconds to reconnect!\n|inactive|Z-Bean has 5 seconds to reconnect!\n|-message|Z-Bean lost due to inactivity.\n|\n|win|IDF86\n|raw|Z-Bean's rating: 1108 &rarr; <strong>1089<\/strong><br \/>(-19 for losing)\n|raw|IDF86's rating: 1199 &rarr; <strong>1218<\/strong><br \/>(+19 for winning)\n","uploadtime":1701106299,"views":5,"p1id":"zbean","p2id":"idf86","formatid":"gen9nationaldex","rating":1089,"private":0,"password":""}