{"id":"gen9nationaldex-1992367646","p1":"Void280","p2":"Arlo Ghost","format":"[Gen 9] National Dex","log":"|j|\u2606Void280\n|j|\u2606Arlo Ghost\n|t:|1700179442\n|gametype|singles\n|player|p1|Void280|cynthia-masters|\n|player|p2|Arlo Ghost|mars|\n|teamsize|p1|6\n|teamsize|p2|6\n|gen|9\n|tier|[Gen 9] National Dex\n|rule|HP Percentage Mod: HP is shown in percentages\n|rule|Endless Battle Clause: Forcing endless battles is banned\n|rule|OHKO Clause: OHKO moves are banned\n|rule|Evasion Clause: Evasion abilities, items, and moves are banned\n|rule|Evasion Abilities Clause: Evasion abilities are banned\n|rule|Evasion Items Clause: Evasion items are banned\n|rule|Evasion Moves Clause: Evasion moves are banned\n|rule|Species Clause: Limit one of each Pok\u00e9mon\n|rule|Sleep Clause Mod: Limit one foe put to sleep\n|clearpoke\n|poke|p1|Great Tusk|\n|poke|p1|Ogerpon-Wellspring, F|\n|poke|p1|Lopunny, M|\n|poke|p1|Hydreigon, M|\n|poke|p1|Togekiss, F|\n|poke|p1|Goodra-Hisui, F|\n|poke|p2|Mandibuzz, F|\n|poke|p2|Greninja-*, M|\n|poke|p2|Tyranitar, M|\n|poke|p2|Muk-Alola, M|\n|poke|p2|Grimmsnarl, M|\n|poke|p2|Hydreigon, M|\n|teampreview\n|c|\u2606Arlo Ghost|https:\/\/www.youtube.com\/watch?v=hcV6xVukj60\n|c|\u2606Arlo Ghost|suerte\n|j| Dios Typhlosion\n|j| WSoldat\n|c|\u2606Void280|igualmente\n|j| Sylveon(404)\n|j| PeppsiAsiEs\n|c| PeppsiAsiEs|suerte a ambos\n|\n|t:|1700179493\n|start\n|switch|p1a: Sui|Goodra-Hisui, F|100\/100\n|switch|p2a: El Cumbia Ninja|Greninja, M|100\/100\n|turn|1\n|\n|t:|1700179504\n|move|p2a: El Cumbia Ninja|U-turn|p1a: Sui\n|-start|p2a: El Cumbia Ninja|typechange|Bug|[from] ability: Protean\n|-resisted|p1a: Sui\n|-damage|p1a: Sui|88\/100\n|-ability|p1a: Sui|Gooey\n|-unboost|p2a: El Cumbia Ninja|spe|1\n|c| PeppsiAsiEs|No hay que temerlo miedo a la oscuridad, hay que temerle a lo que hay dentro de ella\n|\n|t:|1700179512\n|switch|p2a: Marijuano|Muk-Alola, M|100\/100|[from] U-turn\n|move|p1a: Sui|Acid Armor|p1a: Sui\n|-boost|p1a: Sui|def|2\n|\n|-heal|p1a: Sui|94\/100|[from] item: Leftovers\n|upkeep\n|turn|2\n|\n|t:|1700179520\n|move|p1a: Sui|Body Press|p2a: Marijuano\n|-damage|p2a: Marijuano|65\/100\n|move|p2a: Marijuano|Knock Off|p1a: Sui\n|-damage|p1a: Sui|79\/100\n|-ability|p1a: Sui|Gooey\n|-unboost|p2a: Marijuano|spe|1\n|-enditem|p1a: Sui|Leftovers|[from] move: Knock Off|[of] p2a: Marijuano\n|\n|upkeep\n|turn|3\n|\n|t:|1700179532\n|switch|p2a: Sherkemo|Grimmsnarl, M|100\/100\n|move|p1a: Sui|Acid Armor|p1a: Sui\n|-boost|p1a: Sui|def|2\n|\n|upkeep\n|turn|4\n|\n|t:|1700179538\n|move|p2a: Sherkemo|Reflect|p2a: Sherkemo\n|-sidestart|p2: Arlo Ghost|Reflect\n|move|p1a: Sui|Body Press|p2a: Sherkemo\n|-damage|p2a: Sherkemo|70\/100\n|\n|upkeep\n|turn|5\n|c| PeppsiAsiEs|Incre\u00edble lo que tanquea\n|\n|t:|1700179553\n|move|p1a: Sui|Acid Armor|p1a: Sui\n|-boost|p1a: Sui|def|2\n|move|p2a: Sherkemo|Spirit Break|p1a: Sui\n|-damage|p1a: Sui|72\/100\n|-unboost|p1a: Sui|spa|1\n|-ability|p1a: Sui|Gooey\n|-unboost|p2a: Sherkemo|spe|1\n|\n|upkeep\n|turn|6\n|\n|t:|1700179563\n|move|p2a: Sherkemo|Light Screen|p2a: Sherkemo\n|-sidestart|p2: Arlo Ghost|move: Light Screen\n|move|p1a: Sui|Body Press|p2a: Sherkemo\n|-damage|p2a: Sherkemo|33\/100\n|\n|upkeep\n|turn|7\n|\n|t:|1700179568\n|move|p1a: Sui|Body Press|p2a: Sherkemo\n|-damage|p2a: Sherkemo|0 fnt\n|faint|p2a: Sherkemo\n|\n|upkeep\n|\n|t:|1700179570\n|switch|p2a: El Cumbia Ninja|Greninja, M|100\/100\n|turn|8\n|\n|t:|1700179579\n|move|p2a: El Cumbia Ninja|Hydro Pump|p1a: Sui\n|-start|p2a: El Cumbia Ninja|typechange|Water|[from] ability: Protean\n|-resisted|p1a: Sui\n|-damage|p1a: Sui|57\/100\n|move|p1a: Sui|Body Press|p2a: El Cumbia Ninja\n|-damage|p2a: El Cumbia Ninja|27\/100\n|\n|upkeep\n|turn|9\n|c| PeppsiAsiEs|wow\n|\n|t:|1700179587\n|move|p2a: El Cumbia Ninja|Hydro Pump|p1a: Sui\n|-resisted|p1a: Sui\n|-damage|p1a: Sui|44\/100\n|move|p1a: Sui|Body Press|p2a: El Cumbia Ninja\n|-damage|p2a: El Cumbia Ninja|0 fnt\n|faint|p2a: El Cumbia Ninja\n|\n|upkeep\n|j| Gamer00ooO\n|c| PeppsiAsiEs|Incre\u00edblemente funciona la estrategia\n|\n|t:|1700179592\n|switch|p2a: Hydrarlo|Hydreigon, M|100\/100\n|turn|10\n|\n|t:|1700179598\n|move|p2a: Hydrarlo|Dark Pulse|p1a: Sui\n|-damage|p1a: Sui|20\/100\n|move|p1a: Sui|Body Press|p2a: Hydrarlo\n|-supereffective|p2a: Hydrarlo\n|-damage|p2a: Hydrarlo|20\/100\n|\n|-heal|p2a: Hydrarlo|26\/100|[from] item: Leftovers\n|upkeep\n|turn|11\n|c| PeppsiAsiEs|Me sorprendes maxi\n|c| Sylveon(404)|no tio\n|\n|t:|1700179612\n|move|p2a: Hydrarlo|Dark Pulse|p1a: Sui\n|-damage|p1a: Sui|0 fnt\n|faint|p1a: Sui\n|\n|-heal|p2a: Hydrarlo|32\/100|[from] item: Leftovers\n|-sideend|p2: Arlo Ghost|Reflect\n|upkeep\n|c| Sylveon(404)|quiere venganza contra mi\n|c| Sylveon(404)|:v\n|c| Sylveon(404)|anda en su prime\n|c| PeppsiAsiEs|la liga revivi\u00f3 de golpe\n|\n|t:|1700179635\n|switch|p1a: Yuna|Ogerpon-Wellspring, F|100\/100\n|turn|12\n|c| PeppsiAsiEs|cuando martu spawneo\n|\n|t:|1700179649\n|move|p1a: Yuna|Ivy Cudgel|p2a: Hydrarlo|[anim] Ivy Cudgel Water\n|-resisted|p2a: Hydrarlo\n|-damage|p2a: Hydrarlo|0 fnt\n|faint|p2a: Hydrarlo\n|\n|upkeep\n|\n|t:|1700179652\n|switch|p2a: Winona|Mandibuzz, F|100\/100\n|turn|13\n|\n|t:|1700179658\n|move|p1a: Yuna|U-turn|p2a: Winona\n|-damage|p2a: Winona|85\/100\n|-damage|p1a: Yuna|84\/100|[from] item: Rocky Helmet|[of] p2a: Winona\n|\n|t:|1700179662\n|switch|p1a: Hydra|Hydreigon, M|100\/100|[from] U-turn\n|move|p2a: Winona|Foul Play|p1a: Hydra\n|-resisted|p1a: Hydra\n|-damage|p1a: Hydra|85\/100\n|\n|-sideend|p2: Arlo Ghost|move: Light Screen\n|upkeep\n|turn|14\n|\n|t:|1700179673\n|-terastallize|p1a: Hydra|Electric\n|move|p1a: Hydra|Tera Blast|p2a: Winona|[anim] Tera Blast Electric\n|-supereffective|p2a: Winona\n|-damage|p2a: Winona|0 fnt\n|faint|p2a: Winona\n|\n|upkeep\n|c| Sylveon(404)|OJO\n|\n|t:|1700179680\n|switch|p2a: Rockzilla|Tyranitar, M, shiny|100\/100\n|-weather|Sandstorm|[from] ability: Sand Stream|[of] p2a: Rockzilla\n|turn|15\n|\n|t:|1700179690\n|switch|p1a: Kilo|Great Tusk|100\/100\n|detailschange|p2a: Rockzilla|Tyranitar-Mega, M, shiny\n|-mega|p2a: Rockzilla|Tyranitar|Tyranitarite\n|move|p2a: Rockzilla|Dragon Dance|p2a: Rockzilla\n|-boost|p2a: Rockzilla|atk|1\n|-boost|p2a: Rockzilla|spe|1\n|\n|-weather|Sandstorm|[upkeep]\n|upkeep\n|turn|16\n|\n|t:|1700179698\n|move|p1a: Kilo|Close Combat|p2a: Rockzilla\n|-supereffective|p2a: Rockzilla\n|-damage|p2a: Rockzilla|0 fnt\n|-unboost|p1a: Kilo|def|1\n|-unboost|p1a: Kilo|spd|1\n|faint|p2a: Rockzilla\n|\n|-weather|Sandstorm|[upkeep]\n|upkeep\n|\n|t:|1700179701\n|switch|p2a: Marijuano|Muk-Alola, M|65\/100\n|turn|17\n|c| PeppsiAsiEs|sylveon ve preparando ese culo\n|c| Sylveon(404)|oh no hermano\n|\n|t:|1700179716\n|-end|p1a: Kilo|Protosynthesis|[silent]\n|switch|p1a: Yuna|Ogerpon-Wellspring, F|84\/100\n|-terastallize|p2a: Marijuano|Water\n|move|p2a: Marijuano|Knock Off|p1a: Yuna\n|-damage|p1a: Yuna|53\/100\n|\n|-weather|Sandstorm|[upkeep]\n|-damage|p1a: Yuna|47\/100|[from] Sandstorm\n|-damage|p2a: Marijuano|58\/100|[from] Sandstorm\n|upkeep\n|turn|18\n|c| Sylveon(404)|deje el puesto de alto mando sisisi\n|c| Sylveon(404)|es der\n|c| Sylveon(404)|ahora\n|\n|t:|1700179725\n|move|p1a: Yuna|Spiky Shield|p1a: Yuna\n|-singleturn|p1a: Yuna|move: Protect\n|move|p2a: Marijuano|Poison Jab|p1a: Yuna\n|-activate|p1a: Yuna|move: Protect\n|-damage|p2a: Marijuano|46\/100|[from] Spiky Shield|[of] p1a: Yuna\n|\n|-weather|Sandstorm|[upkeep]\n|-damage|p1a: Yuna|41\/100|[from] Sandstorm\n|-damage|p2a: Marijuano|40\/100|[from] Sandstorm\n|upkeep\n|turn|19\n|c| Sylveon(404)|el primero\n|\n|t:|1700179733\n|move|p1a: Yuna|Horn Leech|p2a: Marijuano\n|-supereffective|p2a: Marijuano\n|-damage|p2a: Marijuano|0 fnt\n|-heal|p1a: Yuna|68\/100|[from] drain|[of] p2a: Marijuano\n|faint|p2a: Marijuano\n|\n|win|Void280\n|c|\u2606Arlo Ghost|nada mal\n|c|\u2606Void280|ggs\n|c| PeppsiAsiEs|gg\n|c|\u2606Arlo Ghost|gg\n|c| Sylveon(404)|shit\n|l|\u2606Arlo Ghost\n|c| Sylveon(404)|gg\n|l| Sylveon(404)\n|c| PeppsiAsiEs|Venci\u00f3 al rey de la oscuridad\n|l| Dios Typhlosion\n|c| PeppsiAsiEs|incre\u00edble\n|l|\u2606Void280\n|c| WSoldat|Combate epico\n","uploadtime":1700179743,"views":5,"p1id":"void280","p2id":"arloghost","formatid":"gen9nationaldex","rating":0,"private":0,"password":""}