{"id":"gen9nationaldex-1988983020","p1":"ShowdownSaga","p2":"TheBattleBard","format":"[Gen 9] National Dex","log":"|j|\u2606ShowdownSaga\n|j|\u2606TheBattleBard\n|t:|1699798194\n|gametype|singles\n|player|p1|ShowdownSaga|volo|1193\n|player|p2|TheBattleBard|petrel|1189\n|teamsize|p1|6\n|teamsize|p2|6\n|gen|9\n|tier|[Gen 9] National Dex\n|rated|\n|rule|HP Percentage Mod: HP is shown in percentages\n|rule|Endless Battle Clause: Forcing endless battles is banned\n|rule|OHKO Clause: OHKO moves are banned\n|rule|Evasion Clause: Evasion abilities, items, and moves are banned\n|rule|Evasion Abilities Clause: Evasion abilities are banned\n|rule|Evasion Items Clause: Evasion items are banned\n|rule|Evasion Moves Clause: Evasion moves are banned\n|rule|Species Clause: Limit one of each Pok\u00e9mon\n|rule|Sleep Clause Mod: Limit one foe put to sleep\n|clearpoke\n|poke|p1|Swampert, M|\n|poke|p1|Zapdos|\n|poke|p1|Urshifu-*, F|\n|poke|p1|Tapu Koko|\n|poke|p1|Pelipper, F|\n|poke|p1|Ribombee, F|\n|poke|p2|Chatot, M|\n|poke|p2|Kricketune, M|\n|poke|p2|Simisear, M|\n|poke|p2|Vanilluxe, M|\n|poke|p2|Rampardos, M|\n|poke|p2|Bastiodon, M|\n|teampreview\n|inactive|Battle timer is ON: inactive players will automatically lose when time's up. (requested by ShowdownSaga)\n|\n|t:|1699798208\n|start\n|switch|p1a: Bee|Ribombee, F, shiny|100\/100\n|switch|p2a: Isaac|Vanilluxe, M|100\/100\n|-weather|Snow|[from] ability: Snow Warning|[of] p2a: Isaac\n|turn|1\n|\n|t:|1699798223\n|move|p1a: Bee|Sticky Web|p2a: Isaac\n|-sidestart|p2: TheBattleBard|move: Sticky Web\n|move|p2a: Isaac|Blizzard|p1a: Bee\n|-damage|p1a: Bee|21\/100\n|\n|-weather|Snow|[upkeep]\n|upkeep\n|turn|2\n|\n|t:|1699798230\n|move|p2a: Isaac|Ice Shard|p1a: Bee\n|-damage|p1a: Bee|0 fnt\n|faint|p1a: Bee\n|\n|-weather|Snow|[upkeep]\n|upkeep\n|\n|t:|1699798244\n|switch|p1a: Uberfu|Urshifu-Rapid-Strike, F|100\/100\n|turn|3\n|\n|t:|1699798249\n|move|p1a: Uberfu|Drain Punch|p2a: Isaac\n|-supereffective|p2a: Isaac\n|-damage|p2a: Isaac|30\/100\n|move|p2a: Isaac|Freeze-Dry|p1a: Uberfu\n|-supereffective|p1a: Uberfu\n|-damage|p1a: Uberfu|10\/100\n|\n|-weather|Snow|[upkeep]\n|upkeep\n|turn|4\n|\n|t:|1699798263\n|switch|p1a: Peri|Pelipper, F, shiny|100\/100\n|-weather|RainDance|[from] ability: Drizzle|[of] p1a: Peri\n|switch|p2a: Brook|Kricketune, M|100\/100\n|-activate|p2a: Brook|move: Sticky Web\n|-unboost|p2a: Brook|spe|1\n|\n|-weather|RainDance|[upkeep]\n|upkeep\n|turn|5\n|\n|t:|1699798271\n|move|p2a: Brook|Sticky Web|p1a: Peri\n|-sidestart|p1: ShowdownSaga|move: Sticky Web\n|move|p1a: Peri|U-turn|p2a: Brook\n|-damage|p2a: Brook|83\/100\n|\n|t:|1699798279\n|switch|p1a: U Like Mudkip?|Swampert, M, shiny|100\/100|[from] U-turn\n|-activate|p1a: U Like Mudkip?|move: Sticky Web\n|-unboost|p1a: U Like Mudkip?|spe|1\n|\n|-weather|RainDance|[upkeep]\n|upkeep\n|turn|6\n|\n|t:|1699798285\n|detailschange|p1a: U Like Mudkip?|Swampert-Mega, M, shiny\n|-mega|p1a: U Like Mudkip?|Swampert|Swampertite\n|move|p1a: U Like Mudkip?|Flip Turn|p2a: Brook\n|-damage|p2a: Brook|0 fnt\n|faint|p2a: Brook\n|\n|t:|1699798295\n|switch|p1a: Bird|Zapdos, shiny|100\/100|[from] Flip Turn\n|\n|-weather|RainDance|[upkeep]\n|upkeep\n|\n|t:|1699798299\n|switch|p2a: Headstrong|Rampardos, M|100\/100\n|-activate|p2a: Headstrong|move: Sticky Web\n|-unboost|p2a: Headstrong|spe|1\n|-ability|p2a: Headstrong|Mold Breaker\n|turn|7\n|\n|t:|1699798309\n|move|p1a: Bird|Weather Ball|p2a: Headstrong\n|-supereffective|p2a: Headstrong\n|-damage|p2a: Headstrong|0 fnt\n|faint|p2a: Headstrong\n|\n|-weather|RainDance|[upkeep]\n|upkeep\n|\n|t:|1699798314\n|switch|p2a: Old iron face|Bastiodon, M|100\/100\n|-activate|p2a: Old iron face|move: Sticky Web\n|-unboost|p2a: Old iron face|spe|1\n|turn|8\n|\n|t:|1699798320\n|move|p1a: Bird|Weather Ball|p2a: Old iron face\n|-supereffective|p2a: Old iron face\n|-damage|p2a: Old iron face|25\/100\n|move|p2a: Old iron face|Metal Burst|p1a: Bird\n|-damage|p1a: Bird|0 fnt\n|faint|p1a: Bird\n|\n|-weather|RainDance|[upkeep]\n|upkeep\n|\n|t:|1699798325\n|switch|p1a: U Like Mudkip?|Swampert-Mega, M, shiny|100\/100\n|-activate|p1a: U Like Mudkip?|move: Sticky Web\n|-unboost|p1a: U Like Mudkip?|spe|1\n|turn|9\n|inactive|TheBattleBard has 120 seconds left.\n|-enditem|p2a: Old iron face|Custap Berry|[eat]\n|-activate|p2a: Old iron face|item: Custap Berry|[consumed]\n|\n|t:|1699798366\n|move|p2a: Old iron face|Stealth Rock|p1a: U Like Mudkip?\n|-sidestart|p1: ShowdownSaga|move: Stealth Rock\n|move|p1a: U Like Mudkip?|Flip Turn|p2a: Old iron face\n|-supereffective|p2a: Old iron face\n|-damage|p2a: Old iron face|0 fnt\n|faint|p2a: Old iron face\n|\n|t:|1699798377\n|switch|p1a: KokeKo|Tapu Koko, shiny|100\/100|[from] Flip Turn\n|-activate|p1a: KokeKo|move: Sticky Web\n|-unboost|p1a: KokeKo|spe|1\n|-damage|p1a: KokeKo|88\/100|[from] Stealth Rock\n|-fieldstart|move: Electric Terrain|[from] ability: Electric Surge|[of] p1a: KokeKo\n|\n|-weather|RainDance|[upkeep]\n|upkeep\n|\n|t:|1699798381\n|switch|p2a: Present mic|Chatot, M|100\/100\n|turn|10\n|\n|t:|1699798386\n|-terastallize|p2a: Present mic|Normal\n|move|p2a: Present mic|Boomburst|p1a: KokeKo\n|-damage|p1a: KokeKo|0 fnt\n|faint|p1a: KokeKo\n|-enditem|p2a: Present mic|Throat Spray\n|-boost|p2a: Present mic|spa|1|[from] item: Throat Spray\n|\n|-weather|RainDance|[upkeep]\n|upkeep\n|\n|t:|1699798404\n|switch|p1a: U Like Mudkip?|Swampert-Mega, M, shiny|100\/100\n|-activate|p1a: U Like Mudkip?|move: Sticky Web\n|-unboost|p1a: U Like Mudkip?|spe|1\n|-damage|p1a: U Like Mudkip?|94\/100|[from] Stealth Rock\n|turn|11\n|\n|t:|1699798412\n|switch|p2a: Rengoku|Simisear, M|100\/100\n|-activate|p2a: Rengoku|move: Sticky Web\n|-unboost|p2a: Rengoku|spe|1\n|move|p1a: U Like Mudkip?|Earthquake|p2a: Rengoku\n|-supereffective|p2a: Rengoku\n|-damage|p2a: Rengoku|0 fnt\n|faint|p2a: Rengoku\n|\n|-weather|none\n|upkeep\n|\n|t:|1699798419\n|switch|p2a: Present mic|Chatot, M, tera:Normal|100\/100\n|-activate|p2a: Present mic|move: Sticky Web\n|-unboost|p2a: Present mic|spe|1\n|turn|12\n|\n|t:|1699798426\n|switch|p1a: Peri|Pelipper, F, shiny|100\/100\n|-damage|p1a: Peri|76\/100|[from] Stealth Rock\n|-weather|RainDance|[from] ability: Drizzle|[of] p1a: Peri\n|move|p2a: Present mic|Boomburst|p1a: Peri\n|-damage|p1a: Peri|0 fnt\n|faint|p1a: Peri\n|\n|-weather|RainDance|[upkeep]\n|upkeep\n|\n|t:|1699798437\n|switch|p1a: Uberfu|Urshifu-Rapid-Strike, F|10\/100\n|-activate|p1a: Uberfu|move: Sticky Web\n|-unboost|p1a: Uberfu|spe|1\n|-damage|p1a: Uberfu|4\/100|[from] Stealth Rock\n|turn|13\n|\n|t:|1699798441\n|move|p1a: Uberfu|Drain Punch|p2a: Present mic\n|-supereffective|p2a: Present mic\n|-crit|p2a: Present mic\n|-damage|p2a: Present mic|0 fnt\n|-heal|p1a: Uberfu|47\/100|[from] drain|[of] p2a: Present mic\n|faint|p2a: Present mic\n|\n|-weather|RainDance|[upkeep]\n|-fieldend|move: Electric Terrain\n|upkeep\n|\n|t:|1699798442\n|switch|p2a: Isaac|Vanilluxe, M|30\/100\n|-activate|p2a: Isaac|move: Sticky Web\n|-unboost|p2a: Isaac|spe|1\n|-weather|Snow|[from] ability: Snow Warning|[of] p2a: Isaac\n|turn|14\n|\n|t:|1699798447\n|move|p1a: Uberfu|Drain Punch|p2a: Isaac\n|-supereffective|p2a: Isaac\n|-damage|p2a: Isaac|0 fnt\n|-heal|p1a: Uberfu|62\/100|[from] drain|[of] p2a: Isaac\n|faint|p2a: Isaac\n|\n|win|ShowdownSaga\n|raw|ShowdownSaga's rating: 1193 &rarr; <strong>1218<\/strong><br \/>(+25 for winning)\n|raw|TheBattleBard's rating: 1189 &rarr; <strong>1164<\/strong><br \/>(-25 for losing)\n|l|\u2606TheBattleBard\n|c|\u2606ShowdownSaga|Ggs\n","uploadtime":1699798454,"views":23,"p1id":"showdownsaga","p2id":"thebattlebard","formatid":"gen9nationaldex","rating":1164,"private":0,"password":""}