{"id":"gen9nationaldex-1997184902","p1":"ou money","p2":"Prtbl_Trash","format":"[Gen 9] National Dex","log":"|html|<div class=\"broadcast-blue\"><strong>[Gen 9] National Dex is currently suspecting Sneasler! For information on how to participate check out the <a href=\"https:\/\/www.smogon.com\/forums\/threads\/sv-national-dex-suspect-8-just-dance.3731534\/\">suspect thread<\/a>.<\/strong><\/div>\n|j|\u2606ou money\n|j|\u2606Prtbl_Trash\n|t:|1700773232\n|gametype|singles\n|player|p1|ou money|dancer|1352\n|player|p2|Prtbl_Trash|rosa|1393\n|teamsize|p1|6\n|teamsize|p2|6\n|gen|9\n|tier|[Gen 9] National Dex\n|rated|\n|rule|HP Percentage Mod: HP is shown in percentages\n|rule|Endless Battle Clause: Forcing endless battles is banned\n|rule|OHKO Clause: OHKO moves are banned\n|rule|Evasion Clause: Evasion abilities, items, and moves are banned\n|rule|Evasion Abilities Clause: Evasion abilities are banned\n|rule|Evasion Items Clause: Evasion items are banned\n|rule|Evasion Moves Clause: Evasion moves are banned\n|rule|Species Clause: Limit one of each Pok\u00e9mon\n|rule|Sleep Clause Mod: Limit one foe put to sleep\n|clearpoke\n|poke|p1|Aerodactyl, M|\n|poke|p1|Enamorus-Therian, F|\n|poke|p1|Muk-Alola, M|\n|poke|p1|Victini|\n|poke|p1|Quaquaval, M|\n|poke|p1|Zapdos|\n|poke|p2|Toxtricity, F|\n|poke|p2|Great Tusk|\n|poke|p2|Aegislash, F|\n|poke|p2|Hatterene, F|\n|poke|p2|Samurott-Hisui, F|\n|poke|p2|Moltres|\n|teampreview\n|inactive|Battle timer is ON: inactive players will automatically lose when time's up. (requested by Prtbl_Trash)\n|\n|t:|1700773246\n|start\n|switch|p1a: DJ|Quaquaval, M|100\/100\n|switch|p2a: Toxtricity|Toxtricity, F|100\/100\n|turn|1\n|\n|t:|1700773261\n|switch|p1a: Muk|Muk-Alola, M|100\/100\n|move|p2a: Toxtricity|Volt Switch|p1a: Muk\n|-damage|p1a: Muk|83\/100\n|\n|t:|1700773266\n|switch|p2a: Great Tusk|Great Tusk|100\/100|[from] Volt Switch\n|\n|upkeep\n|turn|2\n|\n|t:|1700773271\n|switch|p1a: Zaptwo|Zapdos|100\/100\n|move|p2a: Great Tusk|Ice Spinner|p1a: Zaptwo\n|-supereffective|p1a: Zaptwo\n|-damage|p1a: Zaptwo|53\/100\n|\n|upkeep\n|turn|3\n|\n|t:|1700773279\n|-end|p2a: Great Tusk|Protosynthesis|[silent]\n|switch|p2a: Toxtricity|Toxtricity, F|100\/100\n|move|p1a: Zaptwo|Roost|p1a: Zaptwo\n|-heal|p1a: Zaptwo|100\/100\n|-singleturn|p1a: Zaptwo|move: Roost\n|\n|upkeep\n|turn|4\n|\n|t:|1700773282\n|move|p2a: Toxtricity|Volt Switch|p1a: Zaptwo\n|-damage|p1a: Zaptwo|69\/100\n|\n|t:|1700773287\n|switch|p2a: Aegislash|Aegislash, F|100\/100|[from] Volt Switch\n|move|p1a: Zaptwo|Volt Switch|p2a: Aegislash\n|-damage|p2a: Aegislash|83\/100\n|\n|t:|1700773301\n|switch|p1a: Muk|Muk-Alola, M|83\/100|[from] Volt Switch\n|\n|-heal|p2a: Aegislash|89\/100|[from] item: Leftovers\n|upkeep\n|turn|5\n|\n|t:|1700773304\n|move|p2a: Aegislash|King's Shield|p2a: Aegislash\n|-singleturn|p2a: Aegislash|Protect\n|move|p1a: Muk|Knock Off|p2a: Aegislash\n|-activate|p2a: Aegislash|move: Protect\n|-unboost|p1a: Muk|atk|1\n|\n|-heal|p2a: Aegislash|95\/100|[from] item: Leftovers\n|upkeep\n|turn|6\n|\n|t:|1700773311\n|switch|p2a: Hatterene|Hatterene, F|100\/100\n|move|p1a: Muk|Knock Off|p2a: Hatterene\n|-damage|p2a: Hatterene|75\/100\n|-status|p2a: Hatterene|psn|[from] ability: Poison Touch|[of] p1a: Muk\n|-enditem|p2a: Hatterene|Eject Button|[from] move: Knock Off|[of] p1a: Muk\n|\n|-damage|p2a: Hatterene|62\/100 psn|[from] psn\n|upkeep\n|turn|7\n|\n|t:|1700773315\n|move|p1a: Muk|Gunk Shot|p2a: Hatterene\n|-supereffective|p2a: Hatterene\n|-damage|p2a: Hatterene|2\/100 psn\n|move|p2a: Hatterene|Nuzzle|p1a: Muk\n|-damage|p1a: Muk|79\/100\n|-status|p1a: Muk|par\n|\n|-damage|p2a: Hatterene|0 fnt|[from] psn\n|faint|p2a: Hatterene\n|upkeep\n|\n|t:|1700773319\n|switch|p2a: Moltres|Moltres|100\/100\n|-ability|p2a: Moltres|Pressure\n|turn|8\n|\n|t:|1700773322\n|move|p2a: Moltres|Hurricane|p1a: Muk\n|-damage|p1a: Muk|57\/100 par\n|move|p1a: Muk|Gunk Shot|p2a: Moltres\n|-damage|p2a: Moltres|61\/100\n|\n|upkeep\n|turn|9\n|\n|t:|1700773331\n|switch|p1a: Zaptwo|Zapdos|69\/100\n|move|p2a: Moltres|U-turn|p1a: Zaptwo\n|-resisted|p1a: Zaptwo\n|-damage|p1a: Zaptwo|63\/100\n|\n|t:|1700773337\n|switch|p2a: Toxtricity|Toxtricity, F|100\/100|[from] U-turn\n|\n|upkeep\n|turn|10\n|\n|t:|1700773349\n|-terastallize|p2a: Toxtricity|Normal\n|-terastallize|p1a: Zaptwo|Dragon\n|move|p2a: Toxtricity|Boomburst|p1a: Zaptwo\n|-damage|p1a: Zaptwo|0 fnt\n|faint|p1a: Zaptwo\n|\n|upkeep\n|\n|t:|1700773358\n|switch|p1a: Enamorus|Enamorus-Therian, F|100\/100\n|turn|11\n|\n|t:|1700773363\n|switch|p2a: Aegislash|Aegislash, F|95\/100\n|move|p1a: Enamorus|Mystical Fire|p2a: Aegislash\n|-supereffective|p2a: Aegislash\n|-damage|p2a: Aegislash|58\/100\n|-unboost|p2a: Aegislash|spa|1\n|\n|-heal|p2a: Aegislash|64\/100|[from] item: Leftovers\n|upkeep\n|turn|12\n|\n|t:|1700773374\n|move|p2a: Aegislash|Toxic|p1a: Enamorus\n|-status|p1a: Enamorus|tox\n|move|p1a: Enamorus|Earth Power|p2a: Aegislash\n|-supereffective|p2a: Aegislash\n|-damage|p2a: Aegislash|21\/100\n|\n|-heal|p2a: Aegislash|27\/100|[from] item: Leftovers\n|-damage|p1a: Enamorus|95\/100 tox|[from] psn\n|upkeep\n|turn|13\n|\n|t:|1700773378\n|move|p2a: Aegislash|King's Shield|p2a: Aegislash\n|-singleturn|p2a: Aegislash|Protect\n|move|p1a: Enamorus|Mystical Fire|p2a: Aegislash\n|-activate|p2a: Aegislash|move: Protect\n|\n|-heal|p2a: Aegislash|33\/100|[from] item: Leftovers\n|-damage|p1a: Enamorus|83\/100 tox|[from] psn\n|upkeep\n|turn|14\n|\n|t:|1700773380\n|switch|p2a: Moltres|Moltres|61\/100\n|-ability|p2a: Moltres|Pressure\n|move|p1a: Enamorus|Earth Power|p2a: Moltres\n|-immune|p2a: Moltres\n|\n|-damage|p1a: Enamorus|65\/100 tox|[from] psn\n|upkeep\n|turn|15\n|\n|t:|1700773388\n|move|p2a: Moltres|U-turn|p1a: Enamorus\n|-resisted|p1a: Enamorus\n|-damage|p1a: Enamorus|61\/100 tox\n|\n|t:|1700773392\n|switch|p2a: Aegislash|Aegislash, F|33\/100|[from] U-turn\n|move|p1a: Enamorus|Healing Wish|p1a: Enamorus\n|faint|p1a: Enamorus\n|\n|-heal|p2a: Aegislash|39\/100|[from] item: Leftovers\n|upkeep\n|\n|t:|1700773395\n|switch|p1a: DJ|Quaquaval, M|100\/100\n|turn|16\n|\n|t:|1700773398\n|move|p1a: DJ|Close Combat|p2a: Aegislash\n|-immune|p2a: Aegislash\n|move|p2a: Aegislash|Toxic|p1a: DJ\n|-status|p1a: DJ|tox\n|\n|-heal|p2a: Aegislash|45\/100|[from] item: Leftovers\n|-damage|p1a: DJ|94\/100 tox|[from] psn\n|upkeep\n|turn|17\n|\n|t:|1700773407\n|move|p2a: Aegislash|King's Shield|p2a: Aegislash\n|-singleturn|p2a: Aegislash|Protect\n|move|p1a: DJ|Close Combat|p2a: Aegislash\n|-activate|p2a: Aegislash|move: Protect\n|\n|-heal|p2a: Aegislash|51\/100|[from] item: Leftovers\n|-damage|p1a: DJ|82\/100 tox|[from] psn\n|upkeep\n|turn|18\n|\n|t:|1700773415\n|move|p1a: DJ|Aqua Step|p2a: Aegislash\n|-damage|p2a: Aegislash|17\/100\n|-boost|p1a: DJ|spe|1\n|-formechange|p2a: Aegislash|Aegislash-Blade||[from] ability: Stance Change\n|move|p2a: Aegislash|Shadow Ball|p1a: DJ\n|-damage|p1a: DJ|29\/100 tox\n|\n|-heal|p2a: Aegislash|23\/100|[from] item: Leftovers\n|-damage|p1a: DJ|11\/100 tox|[from] psn\n|upkeep\n|turn|19\n|\n|t:|1700773425\n|-formechange|p2a: Aegislash|Aegislash||[from] ability: Stance Change\n|move|p2a: Aegislash|King's Shield|p2a: Aegislash\n|-singleturn|p2a: Aegislash|Protect\n|move|p1a: DJ|Aqua Step|p2a: Aegislash\n|-activate|p2a: Aegislash|move: Protect\n|\n|-heal|p2a: Aegislash|29\/100|[from] item: Leftovers\n|-damage|p1a: DJ|0 fnt|[from] psn\n|faint|p1a: DJ\n|upkeep\n|\n|t:|1700773427\n|switch|p1a: Victini|Victini|100\/100\n|turn|20\n|\n|t:|1700773431\n|-zpower|p1a: Victini\n|move|p1a: Victini|Z-Celebrate|p1a: Victini|[anim]Celebrate\n|-boost|p1a: Victini|atk|1|[zeffect]\n|-boost|p1a: Victini|def|1|[zeffect]\n|-boost|p1a: Victini|spa|1|[zeffect]\n|-boost|p1a: Victini|spd|1|[zeffect]\n|-boost|p1a: Victini|spe|1|[zeffect]\n|-activate|p1a: Victini|move: Celebrate\n|move|p2a: Aegislash|Toxic|p1a: Victini\n|-status|p1a: Victini|tox\n|\n|-heal|p2a: Aegislash|35\/100|[from] item: Leftovers\n|-damage|p1a: Victini|94\/100 tox|[from] psn\n|upkeep\n|turn|21\n|\n|t:|1700773436\n|move|p2a: Aegislash|King's Shield|p2a: Aegislash\n|-singleturn|p2a: Aegislash|Protect\n|move|p1a: Victini|Scorching Sands|p2a: Aegislash\n|-activate|p2a: Aegislash|move: Protect\n|\n|-heal|p2a: Aegislash|42\/100|[from] item: Leftovers\n|-damage|p1a: Victini|82\/100 tox|[from] psn\n|upkeep\n|turn|22\n|\n|t:|1700773445\n|switch|p2a: Moltres|Moltres|61\/100\n|-ability|p2a: Moltres|Pressure\n|move|p1a: Victini|Searing Shot|p2a: Moltres\n|-resisted|p2a: Moltres\n|-damage|p2a: Moltres|40\/100\n|\n|-damage|p1a: Victini|64\/100 tox|[from] psn\n|upkeep\n|turn|23\n|\n|t:|1700773457\n|move|p1a: Victini|Stored Power|p2a: Moltres\n|-damage|p2a: Moltres|0 fnt\n|faint|p2a: Moltres\n|\n|-damage|p1a: Victini|39\/100 tox|[from] psn\n|upkeep\n|\n|t:|1700773464\n|switch|p2a: Aegislash|Aegislash, F|42\/100\n|turn|24\n|\n|t:|1700773467\n|move|p2a: Aegislash|King's Shield|p2a: Aegislash\n|-singleturn|p2a: Aegislash|Protect\n|move|p1a: Victini|Searing Shot|p2a: Aegislash\n|-activate|p2a: Aegislash|move: Protect\n|\n|-heal|p2a: Aegislash|48\/100|[from] item: Leftovers\n|-damage|p1a: Victini|8\/100 tox|[from] psn\n|upkeep\n|turn|25\n|\n|t:|1700773475\n|switch|p2a: Samurott|Samurott-Hisui, F|100\/100\n|move|p1a: Victini|Searing Shot|p2a: Samurott\n|-resisted|p2a: Samurott\n|-damage|p2a: Samurott|72\/100\n|\n|-damage|p1a: Victini|0 fnt|[from] psn\n|faint|p1a: Victini\n|upkeep\n|\n|t:|1700773478\n|switch|p1a: King|Aerodactyl, M, shiny|100\/100\n|-ability|p1a: King|Unnerve\n|turn|26\n|\n|t:|1700773482\n|detailschange|p1a: King|Aerodactyl-Mega, M, shiny\n|-mega|p1a: King|Aerodactyl|Aerodactylite\n|move|p1a: King|Dual Wingbeat|p2a: Samurott\n|-damage|p2a: Samurott|36\/100\n|-damage|p2a: Samurott|3\/100\n|-hitcount|p2a: Samurott|2\n|move|p2a: Samurott|Razor Shell|p1a: King\n|-supereffective|p1a: King\n|-damage|p1a: King|0 fnt\n|faint|p1a: King\n|\n|upkeep\n|-message|ou money forfeited.\n|\n|win|Prtbl_Trash\n|raw|ou money's rating: 1352 &rarr; <strong>1334<\/strong><br \/>(-18 for losing)\n|raw|Prtbl_Trash's rating: 1393 &rarr; <strong>1411<\/strong><br \/>(+18 for winning)\n|l|\u2606ou money\n","uploadtime":1700773654,"views":4,"p1id":"oumoney","p2id":"prtbltrash","formatid":"gen9nationaldex","rating":1334,"private":0,"password":""}