{"id":"gen9nationaldex-1987849754","p1":"forgetiergrass","p2":"dvdpoola","format":"[Gen 9] National Dex","log":"|j|\u2606forgetiergrass\n|j|\u2606dvdpoola\n|t:|1699642538\n|gametype|singles\n|player|p1|forgetiergrass|169|1027\n|player|p2|dvdpoola|clown|1164\n|teamsize|p1|6\n|teamsize|p2|6\n|gen|9\n|tier|[Gen 9] National Dex\n|rated|\n|rule|HP Percentage Mod: HP is shown in percentages\n|rule|Endless Battle Clause: Forcing endless battles is banned\n|rule|OHKO Clause: OHKO moves are banned\n|rule|Evasion Clause: Evasion abilities, items, and moves are banned\n|rule|Evasion Abilities Clause: Evasion abilities are banned\n|rule|Evasion Items Clause: Evasion items are banned\n|rule|Evasion Moves Clause: Evasion moves are banned\n|rule|Species Clause: Limit one of each Pok\u00e9mon\n|rule|Sleep Clause Mod: Limit one foe put to sleep\n|clearpoke\n|poke|p1|Perrserker, M|\n|poke|p1|Dugtrio-Alola, M|\n|poke|p1|Zeraora|\n|poke|p1|Venusaur, M|\n|poke|p1|Hitmonchan, M|\n|poke|p1|Pachirisu, F|\n|poke|p2|Hatterene, F|\n|poke|p2|Rabsca, F|\n|poke|p2|Seismitoad, M|\n|poke|p2|Bisharp, F|\n|poke|p2|Salamence, M|\n|poke|p2|Dudunsparce-*, F|\n|teampreview\n|inactive|Battle timer is ON: inactive players will automatically lose when time's up. (requested by forgetiergrass)\n|\n|t:|1699642545\n|start\n|switch|p1a: Perrserker|Perrserker, M|100\/100\n|switch|p2a: Hatterene|Hatterene, F|100\/100\n|turn|1\n|\n|t:|1699642551\n|move|p1a: Perrserker|Stealth Rock|p2a: Hatterene\n|move|p2a: Hatterene|Stealth Rock|p1a: Perrserker|[from]ability: Magic Bounce\n|-sidestart|p1: forgetiergrass|move: Stealth Rock\n|move|p2a: Hatterene|Trick Room|p2a: Hatterene\n|-fieldstart|move: Trick Room|[of] p2a: Hatterene\n|\n|upkeep\n|turn|2\n|\n|t:|1699642559\n|move|p2a: Hatterene|Mystical Fire|p1a: Perrserker\n|-supereffective|p1a: Perrserker\n|-damage|p1a: Perrserker|28\/100\n|-unboost|p1a: Perrserker|spa|1\n|move|p1a: Perrserker|U-turn|p2a: Hatterene\n|-damage|p2a: Hatterene|79\/100\n|\n|t:|1699642567\n|switch|p1a: Pachirisu|Pachirisu, F|100\/100|[from] U-turn\n|-damage|p1a: Pachirisu|88\/100|[from] Stealth Rock\n|\n|upkeep\n|turn|3\n|\n|t:|1699642575\n|move|p2a: Hatterene|Mystical Fire|p1a: Pachirisu\n|-damage|p1a: Pachirisu|66\/100\n|-unboost|p1a: Pachirisu|spa|1\n|move|p1a: Pachirisu|Nuzzle|p2a: Hatterene\n|-damage|p2a: Hatterene|75\/100\n|-status|p2a: Hatterene|par\n|\n|upkeep\n|turn|4\n|\n|t:|1699642587\n|move|p2a: Hatterene|Psychic|p1a: Pachirisu\n|-damage|p1a: Pachirisu|26\/100\n|move|p1a: Pachirisu|Super Fang|p2a: Hatterene\n|-damage|p2a: Hatterene|38\/100 par\n|\n|upkeep\n|turn|5\n|\n|t:|1699642600\n|cant|p2a: Hatterene|par\n|move|p1a: Pachirisu|Super Fang|p2a: Hatterene\n|-damage|p2a: Hatterene|19\/100 par\n|\n|-fieldend|move: Trick Room\n|upkeep\n|turn|6\n|\n|t:|1699642613\n|move|p1a: Pachirisu|Nuzzle|p2a: Hatterene\n|-damage|p2a: Hatterene|16\/100 par\n|move|p2a: Hatterene|Trick Room|p2a: Hatterene\n|-fieldstart|move: Trick Room|[of] p2a: Hatterene\n|\n|upkeep\n|turn|7\n|\n|t:|1699642618\n|move|p2a: Hatterene|Psychic|p1a: Pachirisu\n|-damage|p1a: Pachirisu|0 fnt\n|faint|p1a: Pachirisu\n|\n|upkeep\n|\n|t:|1699642624\n|switch|p1a: Hitmonchan|Hitmonchan, M|100\/100\n|-damage|p1a: Hitmonchan|94\/100|[from] Stealth Rock\n|turn|8\n|\n|t:|1699642631\n|move|p1a: Hitmonchan|Bullet Punch|p2a: Hatterene\n|-supereffective|p2a: Hatterene\n|-damage|p2a: Hatterene|0 fnt\n|faint|p2a: Hatterene\n|\n|upkeep\n|\n|t:|1699642641\n|switch|p2a: Dudunsparce|Dudunsparce, F|100\/100\n|turn|9\n|\n|t:|1699642646\n|switch|p1a: Perrserker|Perrserker, M|28\/100\n|-damage|p1a: Perrserker|22\/100|[from] Stealth Rock\n|-terastallize|p2a: Dudunsparce|Poison\n|move|p2a: Dudunsparce|Ancient Power|p1a: Perrserker\n|-resisted|p1a: Perrserker\n|-damage|p1a: Perrserker|13\/100\n|-boost|p2a: Dudunsparce|atk|1\n|-boost|p2a: Dudunsparce|def|1\n|-boost|p2a: Dudunsparce|spa|1\n|-boost|p2a: Dudunsparce|spd|1\n|-boost|p2a: Dudunsparce|spe|1\n|\n|-heal|p1a: Perrserker|19\/100|[from] item: Leftovers\n|upkeep\n|turn|10\n|\n|t:|1699642663\n|move|p1a: Perrserker|Stealth Rock|p2a: Dudunsparce\n|-sidestart|p2: dvdpoola|move: Stealth Rock\n|move|p2a: Dudunsparce|Ancient Power|p1a: Perrserker\n|-resisted|p1a: Perrserker\n|-damage|p1a: Perrserker|4\/100\n|\n|-heal|p1a: Perrserker|10\/100|[from] item: Leftovers\n|-fieldend|move: Trick Room\n|upkeep\n|turn|11\n|\n|t:|1699642672\n|move|p2a: Dudunsparce|Earth Power|p1a: Perrserker\n|-supereffective|p1a: Perrserker\n|-damage|p1a: Perrserker|0 fnt\n|faint|p1a: Perrserker\n|\n|upkeep\n|\n|t:|1699642700\n|switch|p1a: Dugtrio|Dugtrio-Alola, M|100\/100\n|turn|12\n|\n|t:|1699642709\n|-terastallize|p1a: Dugtrio|Ground\n|move|p1a: Dugtrio|Earthquake|p2a: Dudunsparce\n|-supereffective|p2a: Dudunsparce\n|-damage|p2a: Dudunsparce|44\/100\n|move|p2a: Dudunsparce|Earth Power|p1a: Dugtrio\n|-damage|p1a: Dugtrio|38\/100\n|\n|upkeep\n|turn|13\n|\n|t:|1699642720\n|switch|p2a: Salamence|Salamence, M|100\/100\n|-ability|p2a: Salamence|Intimidate|boost\n|-unboost|p1a: Dugtrio|atk|1\n|move|p1a: Dugtrio|Earthquake|p2a: Salamence\n|-immune|p2a: Salamence\n|\n|upkeep\n|turn|14\n|\n|t:|1699642728\n|switch|p1a: Hitmonchan|Hitmonchan, M|94\/100\n|-damage|p1a: Hitmonchan|88\/100|[from] Stealth Rock\n|move|p2a: Salamence|Dragon Dance|p2a: Salamence\n|-boost|p2a: Salamence|atk|1\n|-boost|p2a: Salamence|spe|1\n|\n|upkeep\n|turn|15\n|\n|t:|1699642735\n|move|p2a: Salamence|Dual Wingbeat|p1a: Hitmonchan\n|-supereffective|p1a: Hitmonchan\n|-damage|p1a: Hitmonchan|0 fnt\n|faint|p1a: Hitmonchan\n|-hitcount|p1: Hitmonchan|1\n|\n|upkeep\n|\n|t:|1699642741\n|switch|p1a: Dugtrio|Dugtrio-Alola, M, tera:Ground|38\/100\n|turn|16\n|\n|t:|1699642747\n|move|p1a: Dugtrio|Sucker Punch|p2a: Salamence\n|-damage|p2a: Salamence|74\/100\n|move|p2a: Salamence|Dragon Claw|p1a: Dugtrio\n|-damage|p1a: Dugtrio|0 fnt\n|-ability|p1a: Dugtrio|Tangling Hair\n|-unboost|p2a: Salamence|spe|1\n|faint|p1a: Dugtrio\n|\n|upkeep\n|\n|t:|1699642757\n|switch|p1a: Zeraora|Zeraora|100\/100\n|turn|17\n|\n|t:|1699642764\n|move|p1a: Zeraora|Bulk Up|p1a: Zeraora\n|-boost|p1a: Zeraora|atk|1\n|-boost|p1a: Zeraora|def|1\n|move|p2a: Salamence|Earthquake|p1a: Zeraora\n|-supereffective|p1a: Zeraora\n|-damage|p1a: Zeraora|16\/100\n|\n|upkeep\n|turn|18\n|\n|t:|1699642781\n|move|p1a: Zeraora|Plasma Fists|p2a: Salamence\n|-damage|p2a: Salamence|0 fnt\n|-fieldactivate|move: Ion Deluge\n|-hint|Normal-type moves become Electric-type after using Plasma Fists.\n|faint|p2a: Salamence\n|\n|upkeep\n|\n|t:|1699642788\n|switch|p2a: Seismitoad|Seismitoad, M|100\/100\n|-damage|p2a: Seismitoad|94\/100|[from] Stealth Rock\n|turn|19\n|\n|t:|1699642797\n|move|p1a: Zeraora|Close Combat|p2a: Seismitoad\n|-damage|p2a: Seismitoad|57\/100\n|-unboost|p1a: Zeraora|def|1\n|-unboost|p1a: Zeraora|spd|1\n|move|p2a: Seismitoad|Earthquake|p1a: Zeraora\n|-supereffective|p1a: Zeraora\n|-damage|p1a: Zeraora|0 fnt\n|faint|p1a: Zeraora\n|\n|-heal|p2a: Seismitoad|63\/100|[from] item: Leftovers\n|upkeep\n|\n|t:|1699642806\n|switch|p1a: Venusaur|Venusaur, M|100\/100\n|-damage|p1a: Venusaur|88\/100|[from] Stealth Rock\n|turn|20\n|\n|t:|1699642813\n|switch|p2a: Dudunsparce|Dudunsparce, F, tera:Poison|44\/100\n|-damage|p2a: Dudunsparce|32\/100|[from] Stealth Rock\n|detailschange|p1a: Venusaur|Venusaur-Mega, M\n|-mega|p1a: Venusaur|Venusaur|Venusaurite\n|move|p1a: Venusaur|Giga Drain|p2a: Dudunsparce\n|-resisted|p2a: Dudunsparce\n|-damage|p2a: Dudunsparce|21\/100\n|-heal|p1a: Venusaur|95\/100|[from] drain|[of] p2a: Dudunsparce\n|\n|upkeep\n|turn|21\n|\n|t:|1699642826\n|move|p1a: Venusaur|Earth Power|p2a: Dudunsparce\n|-supereffective|p2a: Dudunsparce\n|-damage|p2a: Dudunsparce|0 fnt\n|faint|p2a: Dudunsparce\n|\n|upkeep\n|\n|t:|1699642832\n|switch|p2a: Rabsca|Rabsca, F|100\/100\n|-damage|p2a: Rabsca|76\/100|[from] Stealth Rock\n|turn|22\n|\n|t:|1699642837\n|move|p1a: Venusaur|Sludge Bomb|p2a: Rabsca\n|-damage|p2a: Rabsca|31\/100\n|move|p2a: Rabsca|Trick Room|p2a: Rabsca\n|-fieldstart|move: Trick Room|[of] p2a: Rabsca\n|\n|upkeep\n|turn|23\n|\n|t:|1699642843\n|move|p2a: Rabsca|Psychic|p1a: Venusaur\n|-supereffective|p1a: Venusaur\n|-damage|p1a: Venusaur|0 fnt\n|faint|p1a: Venusaur\n|-damage|p2a: Rabsca|21\/100|[from] item: Life Orb\n|\n|win|dvdpoola\n|raw|forgetiergrass's rating: 1027 &rarr; <strong>1018<\/strong><br \/>(-9 for losing)\n|raw|dvdpoola's rating: 1164 &rarr; <strong>1180<\/strong><br \/>(+16 for winning)\n","uploadtime":1699642848,"views":4,"p1id":"forgetiergrass","p2id":"dvdpoola","formatid":"gen9nationaldex","rating":1018,"private":0,"password":""}