{"id":"gen9nationaldex-1996070204","p1":"Tokiwakano","p2":"wind233","format":"[Gen 9] National Dex","log":"|html|<div class=\"broadcast-blue\"><strong>[Gen 9] National Dex is currently suspecting Sneasler! For information on how to participate check out the <a href=\"https:\/\/www.smogon.com\/forums\/threads\/sv-national-dex-suspect-8-just-dance.3731534\/\">suspect thread<\/a>.<\/strong><\/div>\n|j|\u2606Tokiwakano\n|j|\u2606wind233\n|t:|1700639116\n|gametype|singles\n|player|p1|Tokiwakano|caitlin|1710\n|player|p2|wind233|dawn|1656\n|teamsize|p1|6\n|teamsize|p2|6\n|gen|9\n|tier|[Gen 9] National Dex\n|rated|\n|rule|HP Percentage Mod: HP is shown in percentages\n|rule|Endless Battle Clause: Forcing endless battles is banned\n|rule|OHKO Clause: OHKO moves are banned\n|rule|Evasion Clause: Evasion abilities, items, and moves are banned\n|rule|Evasion Abilities Clause: Evasion abilities are banned\n|rule|Evasion Items Clause: Evasion items are banned\n|rule|Evasion Moves Clause: Evasion moves are banned\n|rule|Species Clause: Limit one of each Pok\u00e9mon\n|rule|Sleep Clause Mod: Limit one foe put to sleep\n|clearpoke\n|poke|p1|Tapu Koko|\n|poke|p1|Iron Valiant|\n|poke|p1|Garchomp, F|\n|poke|p1|Ferrothorn, F|\n|poke|p1|Scizor, F|\n|poke|p1|Landorus-Therian, M|\n|poke|p2|Diancie|\n|poke|p2|Goodra-Hisui, F|\n|poke|p2|Buzzwole|\n|poke|p2|Hoopa-Unbound|\n|poke|p2|Alomomola, F|\n|poke|p2|Slowking-Galar, M|\n|teampreview\n|inactive|Battle timer is ON: inactive players will automatically lose when time's up. (requested by Tokiwakano)\n|\n|t:|1700639125\n|start\n|switch|p1a: Scizor|Scizor, F|100\/100\n|switch|p2a: \u767d\u7ed9\u516c\u4e3b|Diancie|100\/100\n|turn|1\n|\n|t:|1700639129\n|switch|p2a: \u5b89\u5fc3\u7684\u80cc\u5f71|Buzzwole|100\/100\n|detailschange|p1a: Scizor|Scizor-Mega, F\n|-mega|p1a: Scizor|Scizor|Scizorite\n|move|p1a: Scizor|Bullet Punch|p2a: \u5b89\u5fc3\u7684\u80cc\u5f71\n|-damage|p2a: \u5b89\u5fc3\u7684\u80cc\u5f71|85\/100\n|-damage|p1a: Scizor|84\/100|[from] item: Rocky Helmet|[of] p2a: \u5b89\u5fc3\u7684\u80cc\u5f71\n|\n|upkeep\n|turn|2\n|\n|t:|1700639135\n|move|p2a: \u5b89\u5fc3\u7684\u80cc\u5f71|Ice Punch|p1a: Scizor\n|-resisted|p1a: Scizor\n|-damage|p1a: Scizor|74\/100\n|move|p1a: Scizor|Knock Off|p2a: \u5b89\u5fc3\u7684\u80cc\u5f71\n|-resisted|p2a: \u5b89\u5fc3\u7684\u80cc\u5f71\n|-damage|p2a: \u5b89\u5fc3\u7684\u80cc\u5f71|78\/100\n|-damage|p1a: Scizor|58\/100|[from] item: Rocky Helmet|[of] p2a: \u5b89\u5fc3\u7684\u80cc\u5f71\n|-enditem|p2a: \u5b89\u5fc3\u7684\u80cc\u5f71|Rocky Helmet|[from] move: Knock Off|[of] p1a: Scizor\n|\n|upkeep\n|turn|3\n|\n|t:|1700639142\n|move|p2a: \u5b89\u5fc3\u7684\u80cc\u5f71|Earthquake|p1a: Scizor\n|-damage|p1a: Scizor|35\/100\n|move|p1a: Scizor|Roost|p1a: Scizor\n|-heal|p1a: Scizor|85\/100\n|-singleturn|p1a: Scizor|move: Roost\n|\n|upkeep\n|turn|4\n|\n|t:|1700639147\n|move|p2a: \u5b89\u5fc3\u7684\u80cc\u5f71|Bulk Up|p2a: \u5b89\u5fc3\u7684\u80cc\u5f71\n|-boost|p2a: \u5b89\u5fc3\u7684\u80cc\u5f71|atk|1\n|-boost|p2a: \u5b89\u5fc3\u7684\u80cc\u5f71|def|1\n|move|p1a: Scizor|U-turn|p2a: \u5b89\u5fc3\u7684\u80cc\u5f71\n|-resisted|p2a: \u5b89\u5fc3\u7684\u80cc\u5f71\n|-damage|p2a: \u5b89\u5fc3\u7684\u80cc\u5f71|72\/100\n|\n|t:|1700639151\n|switch|p1a: Iron Valiant|Iron Valiant|100\/100|[from] U-turn\n|\n|upkeep\n|turn|5\n|\n|t:|1700639156\n|switch|p2a: Slowking|Slowking-Galar, M|100\/100\n|move|p1a: Iron Valiant|Moonblast|p2a: Slowking\n|-resisted|p2a: Slowking\n|-damage|p2a: Slowking|81\/100\n|\n|upkeep\n|turn|6\n|\n|t:|1700639164\n|-end|p1a: Iron Valiant|Quark Drive|[silent]\n|switch|p1a: Landorus|Landorus-Therian, M|100\/100\n|-ability|p1a: Landorus|Intimidate|boost\n|-unboost|p2a: Slowking|atk|1\n|move|p2a: Slowking|Future Sight|p1a: Landorus\n|-start|p2a: Slowking|move: Future Sight\n|\n|upkeep\n|turn|7\n|\n|t:|1700639174\n|switch|p2a: Alomomola|Alomomola, F|100\/100\n|move|p1a: Landorus|Earthquake|p2a: Alomomola\n|-damage|p2a: Alomomola|75\/100\n|\n|upkeep\n|turn|8\n|\n|t:|1700639183\n|move|p1a: Landorus|Toxic|p2a: Alomomola\n|-status|p2a: Alomomola|tox\n|move|p2a: Alomomola|Flip Turn|p1a: Landorus\n|-supereffective|p1a: Landorus\n|-damage|p1a: Landorus|70\/100\n|\n|t:|1700639196\n|switch|p2a: \u5b89\u5fc3\u7684\u80cc\u5f71|Buzzwole|72\/100|[from] Flip Turn\n|\n|-end|p1a: Landorus|move: Future Sight\n|-damage|p1a: Landorus|37\/100\n|-heal|p1a: Landorus|43\/100|[from] item: Leftovers\n|upkeep\n|turn|9\n|\n|t:|1700639202\n|move|p1a: Landorus|U-turn|p2a: \u5b89\u5fc3\u7684\u80cc\u5f71\n|-resisted|p2a: \u5b89\u5fc3\u7684\u80cc\u5f71\n|-damage|p2a: \u5b89\u5fc3\u7684\u80cc\u5f71|67\/100\n|\n|t:|1700639210\n|switch|p1a: Iron Valiant|Iron Valiant|100\/100|[from] U-turn\n|move|p2a: \u5b89\u5fc3\u7684\u80cc\u5f71|Ice Punch|p1a: Iron Valiant\n|-damage|p1a: Iron Valiant|68\/100\n|\n|upkeep\n|turn|10\n|inactive|wind233 has 120 seconds left.\n|\n|t:|1700639248\n|switch|p2a: Slowking|Slowking-Galar, M|100\/100\n|move|p1a: Iron Valiant|Trick|p2a: Slowking\n|-activate|p1a: Iron Valiant|move: Trick|[of] p2a: Slowking\n|-item|p2a: Slowking|Choice Specs|[from] move: Trick\n|-item|p1a: Iron Valiant|Power Herb|[from] move: Trick\n|\n|upkeep\n|turn|11\n|inactive|wind233 has 120 seconds left.\n|\n|t:|1700639263\n|-end|p1a: Iron Valiant|Quark Drive|[silent]\n|switch|p1a: Ferrothorn|Ferrothorn, F|100\/100\n|move|p2a: Slowking|Sludge Bomb|p1a: Ferrothorn\n|-immune|p1a: Ferrothorn\n|\n|upkeep\n|turn|12\n|\n|t:|1700639268\n|switch|p2a: \u5b89\u5fc3\u7684\u80cc\u5f71|Buzzwole|67\/100\n|move|p1a: Ferrothorn|Stealth Rock|p2a: \u5b89\u5fc3\u7684\u80cc\u5f71\n|-sidestart|p2: wind233|move: Stealth Rock\n|\n|upkeep\n|turn|13\n|inactive|wind233 has 120 seconds left.\n|\n|t:|1700639293\n|switch|p1a: Landorus|Landorus-Therian, M|43\/100\n|-ability|p1a: Landorus|Intimidate|boost\n|-unboost|p2a: \u5b89\u5fc3\u7684\u80cc\u5f71|atk|1\n|move|p2a: \u5b89\u5fc3\u7684\u80cc\u5f71|Earthquake|p1a: Landorus\n|-immune|p1a: Landorus\n|\n|-heal|p1a: Landorus|49\/100|[from] item: Leftovers\n|upkeep\n|turn|14\n|\n|t:|1700639302\n|move|p1a: Landorus|U-turn|p2a: \u5b89\u5fc3\u7684\u80cc\u5f71\n|-resisted|p2a: \u5b89\u5fc3\u7684\u80cc\u5f71\n|-damage|p2a: \u5b89\u5fc3\u7684\u80cc\u5f71|62\/100\n|\n|t:|1700639305\n|switch|p1a: Tapu Koko|Tapu Koko|100\/100|[from] U-turn\n|-fieldstart|move: Electric Terrain|[from] ability: Electric Surge|[of] p1a: Tapu Koko\n|move|p2a: \u5b89\u5fc3\u7684\u80cc\u5f71|Ice Punch|p1a: Tapu Koko\n|-damage|p1a: Tapu Koko|76\/100\n|\n|upkeep\n|turn|15\n|\n|t:|1700639314\n|switch|p2a: Slowking|Slowking-Galar, M|100\/100\n|-damage|p2a: Slowking|88\/100|[from] Stealth Rock\n|move|p1a: Tapu Koko|Dazzling Gleam|p2a: Slowking\n|-resisted|p2a: Slowking\n|-damage|p2a: Slowking|79\/100\n|\n|upkeep\n|turn|16\n|\n|t:|1700639319\n|move|p1a: Tapu Koko|Volt Switch|p2a: Slowking\n|-damage|p2a: Slowking|55\/100\n|\n|t:|1700639322\n|switch|p1a: Landorus|Landorus-Therian, M|49\/100|[from] Volt Switch\n|-ability|p1a: Landorus|Intimidate|boost\n|-unboost|p2a: Slowking|atk|1\n|move|p2a: Slowking|Fire Blast|p1a: Landorus\n|-damage|p1a: Landorus|14\/100\n|\n|-heal|p1a: Landorus|20\/100|[from] item: Leftovers\n|upkeep\n|turn|17\n|\n|t:|1700639332\n|switch|p2a: Alomomola|Alomomola, F|100\/100 tox\n|-damage|p2a: Alomomola|88\/100 tox|[from] Stealth Rock\n|move|p1a: Landorus|Earthquake|p2a: Alomomola\n|-damage|p2a: Alomomola|62\/100 tox\n|\n|-heal|p1a: Landorus|26\/100|[from] item: Leftovers\n|-damage|p2a: Alomomola|56\/100 tox|[from] psn\n|upkeep\n|turn|18\n|\n|t:|1700639341\n|move|p1a: Landorus|U-turn|p2a: Alomomola\n|-damage|p2a: Alomomola|44\/100 tox\n|-damage|p1a: Landorus|9\/100|[from] item: Rocky Helmet|[of] p2a: Alomomola\n|\n|t:|1700639345\n|switch|p1a: Ferrothorn|Ferrothorn, F|100\/100|[from] U-turn\n|move|p2a: Alomomola|Wish|p2a: Alomomola\n|\n|-damage|p2a: Alomomola|32\/100 tox|[from] psn\n|-fieldend|move: Electric Terrain\n|upkeep\n|turn|19\n|\n|t:|1700639363\n|move|p2a: Alomomola|Flip Turn|p1a: Ferrothorn\n|-resisted|p1a: Ferrothorn\n|-damage|p1a: Ferrothorn|96\/100\n|-damage|p2a: Alomomola|19\/100 tox|[from] ability: Iron Barbs|[of] p1a: Ferrothorn\n|\n|t:|1700639374\n|switch|p2a: Slowking|Slowking-Galar, M|88\/100|[from] Flip Turn\n|-damage|p2a: Slowking|76\/100|[from] Stealth Rock\n|move|p1a: Ferrothorn|Leech Seed|p2a: Slowking\n|-start|p2a: Slowking|move: Leech Seed\n|\n|-heal|p2a: Slowking|100\/100|[from] move: Wish|[wisher] Alomomola\n|-heal|p1a: Ferrothorn|100\/100|[from] item: Leftovers\n|-damage|p2a: Slowking|88\/100|[from] Leech Seed|[of] p1a: Ferrothorn\n|upkeep\n|turn|20\n|\n|t:|1700639381\n|switch|p1a: Garchomp|Garchomp, F|100\/100\n|move|p2a: Slowking|Chilly Reception|p2a: Slowking\n|-weather|Snow\n|\n|t:|1700639384\n|switch|p2a: \u767d\u7ed9\u516c\u4e3b|Diancie|100\/100|[from] Chilly Reception\n|-damage|p2a: \u767d\u7ed9\u516c\u4e3b|88\/100|[from] Stealth Rock\n|\n|-weather|Snow|[upkeep]\n|upkeep\n|turn|21\n|\n|t:|1700639388\n|switch|p1a: Scizor|Scizor-Mega, F|85\/100\n|detailschange|p2a: \u767d\u7ed9\u516c\u4e3b|Diancie-Mega\n|-mega|p2a: \u767d\u7ed9\u516c\u4e3b|Diancie|Diancite\n|move|p2a: \u767d\u7ed9\u516c\u4e3b|Moonblast|p1a: Scizor\n|-resisted|p1a: Scizor\n|-damage|p1a: Scizor|65\/100\n|\n|-weather|Snow|[upkeep]\n|upkeep\n|turn|22\n|\n|t:|1700639396\n|switch|p2a: \u5b89\u5fc3\u7684\u80cc\u5f71|Buzzwole|62\/100\n|-damage|p2a: \u5b89\u5fc3\u7684\u80cc\u5f71|49\/100|[from] Stealth Rock\n|move|p1a: Scizor|Bullet Punch|p2a: \u5b89\u5fc3\u7684\u80cc\u5f71\n|-damage|p2a: \u5b89\u5fc3\u7684\u80cc\u5f71|34\/100\n|\n|-weather|Snow|[upkeep]\n|upkeep\n|turn|23\n|\n|t:|1700639399\n|move|p2a: \u5b89\u5fc3\u7684\u80cc\u5f71|Roost|p2a: \u5b89\u5fc3\u7684\u80cc\u5f71\n|-heal|p2a: \u5b89\u5fc3\u7684\u80cc\u5f71|84\/100\n|-singleturn|p2a: \u5b89\u5fc3\u7684\u80cc\u5f71|move: Roost\n|move|p1a: Scizor|Roost|p1a: Scizor\n|-heal|p1a: Scizor|100\/100\n|-singleturn|p1a: Scizor|move: Roost\n|\n|-weather|Snow|[upkeep]\n|upkeep\n|turn|24\n|\n|t:|1700639404\n|move|p2a: \u5b89\u5fc3\u7684\u80cc\u5f71|Ice Punch|p1a: Scizor\n|-resisted|p1a: Scizor\n|-damage|p1a: Scizor|92\/100\n|move|p1a: Scizor|U-turn|p2a: \u5b89\u5fc3\u7684\u80cc\u5f71\n|-resisted|p2a: \u5b89\u5fc3\u7684\u80cc\u5f71\n|-damage|p2a: \u5b89\u5fc3\u7684\u80cc\u5f71|76\/100\n|\n|t:|1700639408\n|switch|p1a: Tapu Koko|Tapu Koko|76\/100|[from] U-turn\n|-fieldstart|move: Electric Terrain|[from] ability: Electric Surge|[of] p1a: Tapu Koko\n|\n|-weather|none\n|upkeep\n|turn|25\n|\n|t:|1700639422\n|switch|p2a: Slowking|Slowking-Galar, M|100\/100\n|-damage|p2a: Slowking|88\/100|[from] Stealth Rock\n|move|p1a: Tapu Koko|Volt Switch|p2a: Slowking\n|-damage|p2a: Slowking|67\/100\n|\n|t:|1700639431\n|switch|p1a: Garchomp|Garchomp, F|100\/100|[from] Volt Switch\n|\n|upkeep\n|turn|26\n|\n|t:|1700639435\n|switch|p2a: \u5b89\u5fc3\u7684\u80cc\u5f71|Buzzwole|76\/100\n|-damage|p2a: \u5b89\u5fc3\u7684\u80cc\u5f71|64\/100|[from] Stealth Rock\n|move|p1a: Garchomp|Earthquake|p2a: \u5b89\u5fc3\u7684\u80cc\u5f71\n|-resisted|p2a: \u5b89\u5fc3\u7684\u80cc\u5f71\n|-damage|p2a: \u5b89\u5fc3\u7684\u80cc\u5f71|50\/100\n|\n|upkeep\n|turn|27\n|\n|t:|1700639441\n|switch|p1a: Scizor|Scizor-Mega, F|92\/100\n|move|p2a: \u5b89\u5fc3\u7684\u80cc\u5f71|Roost|p2a: \u5b89\u5fc3\u7684\u80cc\u5f71\n|-heal|p2a: \u5b89\u5fc3\u7684\u80cc\u5f71|99\/100\n|-singleturn|p2a: \u5b89\u5fc3\u7684\u80cc\u5f71|move: Roost\n|\n|upkeep\n|turn|28\n|\n|t:|1700639445\n|switch|p2a: Alomomola|Alomomola, F|53\/100 tox\n|-damage|p2a: Alomomola|40\/100 tox|[from] Stealth Rock\n|move|p1a: Scizor|U-turn|p2a: Alomomola\n|-damage|p2a: Alomomola|22\/100 tox\n|-damage|p1a: Scizor|75\/100|[from] item: Rocky Helmet|[of] p2a: Alomomola\n|\n|t:|1700639452\n|switch|p1a: Garchomp|Garchomp, F|100\/100|[from] U-turn\n|\n|-damage|p2a: Alomomola|16\/100 tox|[from] psn\n|-fieldend|move: Electric Terrain\n|upkeep\n|turn|29\n|\n|t:|1700639457\n|move|p1a: Garchomp|Swords Dance|p1a: Garchomp\n|-boost|p1a: Garchomp|atk|2\n|move|p2a: Alomomola|Wish|p2a: Alomomola\n|\n|-damage|p2a: Alomomola|4\/100 tox|[from] psn\n|upkeep\n|turn|30\n|\n|t:|1700639463\n|move|p1a: Garchomp|Swords Dance|p1a: Garchomp\n|-boost|p1a: Garchomp|atk|2\n|move|p2a: Alomomola|Flip Turn|p1a: Garchomp\n|-damage|p1a: Garchomp|84\/100\n|-damage|p2a: Alomomola|0 fnt|[from] ability: Rough Skin|[of] p1a: Garchomp\n|faint|p2a: Alomomola\n|\n|upkeep\n|\n|t:|1700639475\n|switch|p2a: \u767d\u7ed9\u516c\u4e3b|Diancie-Mega|88\/100\n|-damage|p2a: \u767d\u7ed9\u516c\u4e3b|76\/100|[from] Stealth Rock\n|turn|31\n|\n|t:|1700639479\n|switch|p1a: Landorus|Landorus-Therian, M|9\/100\n|-ability|p1a: Landorus|Intimidate|boost\n|-unboost|p2a: \u767d\u7ed9\u516c\u4e3b|atk|1\n|move|p2a: \u767d\u7ed9\u516c\u4e3b|Moonblast|p1a: Landorus\n|-crit|p1a: Landorus\n|-damage|p1a: Landorus|0 fnt\n|faint|p1a: Landorus\n|\n|upkeep\n|\n|t:|1700639490\n|switch|p1a: Scizor|Scizor-Mega, F|75\/100\n|turn|32\n|\n|t:|1700639496\n|switch|p2a: \u5b89\u5fc3\u7684\u80cc\u5f71|Buzzwole|99\/100\n|-damage|p2a: \u5b89\u5fc3\u7684\u80cc\u5f71|87\/100|[from] Stealth Rock\n|move|p1a: Scizor|Bullet Punch|p2a: \u5b89\u5fc3\u7684\u80cc\u5f71\n|-damage|p2a: \u5b89\u5fc3\u7684\u80cc\u5f71|73\/100\n|\n|upkeep\n|turn|33\n|\n|t:|1700639503\n|move|p2a: \u5b89\u5fc3\u7684\u80cc\u5f71|Earthquake|p1a: Scizor\n|-damage|p1a: Scizor|51\/100\n|move|p1a: Scizor|Roost|p1a: Scizor\n|-heal|p1a: Scizor|100\/100\n|-singleturn|p1a: Scizor|move: Roost\n|\n|upkeep\n|turn|34\n|\n|t:|1700639507\n|move|p2a: \u5b89\u5fc3\u7684\u80cc\u5f71|Earthquake|p1a: Scizor\n|-damage|p1a: Scizor|77\/100\n|move|p1a: Scizor|U-turn|p2a: \u5b89\u5fc3\u7684\u80cc\u5f71\n|-resisted|p2a: \u5b89\u5fc3\u7684\u80cc\u5f71\n|-damage|p2a: \u5b89\u5fc3\u7684\u80cc\u5f71|64\/100\n|\n|t:|1700639510\n|switch|p1a: Tapu Koko|Tapu Koko|76\/100|[from] U-turn\n|-fieldstart|move: Electric Terrain|[from] ability: Electric Surge|[of] p1a: Tapu Koko\n|\n|upkeep\n|turn|35\n|\n|t:|1700639515\n|switch|p2a: Slowking|Slowking-Galar, M|99\/100\n|-damage|p2a: Slowking|88\/100|[from] Stealth Rock\n|move|p1a: Tapu Koko|Volt Switch|p2a: Slowking\n|-damage|p2a: Slowking|64\/100\n|\n|t:|1700639519\n|switch|p1a: Garchomp|Garchomp, F|84\/100|[from] Volt Switch\n|\n|upkeep\n|turn|36\n|\n|t:|1700639523\n|switch|p2a: \u5b89\u5fc3\u7684\u80cc\u5f71|Buzzwole|64\/100\n|-damage|p2a: \u5b89\u5fc3\u7684\u80cc\u5f71|52\/100|[from] Stealth Rock\n|move|p1a: Garchomp|Earthquake|p2a: \u5b89\u5fc3\u7684\u80cc\u5f71\n|-resisted|p2a: \u5b89\u5fc3\u7684\u80cc\u5f71\n|-damage|p2a: \u5b89\u5fc3\u7684\u80cc\u5f71|38\/100\n|\n|upkeep\n|turn|37\n|\n|t:|1700639529\n|-zpower|p1a: Garchomp\n|move|p1a: Garchomp|Devastating Drake|p2a: \u5b89\u5fc3\u7684\u80cc\u5f71|[zeffect]\n|-damage|p2a: \u5b89\u5fc3\u7684\u80cc\u5f71|0 fnt\n|faint|p2a: \u5b89\u5fc3\u7684\u80cc\u5f71\n|\n|upkeep\n|\n|t:|1700639533\n|switch|p2a: \u767d\u7ed9\u516c\u4e3b|Diancie-Mega|76\/100\n|-damage|p2a: \u767d\u7ed9\u516c\u4e3b|63\/100|[from] Stealth Rock\n|turn|38\n|\n|t:|1700639541\n|switch|p1a: Scizor|Scizor-Mega, F|77\/100\n|move|p2a: \u767d\u7ed9\u516c\u4e3b|Stealth Rock|p1a: Scizor\n|-sidestart|p1: Tokiwakano|move: Stealth Rock\n|\n|-fieldend|move: Electric Terrain\n|upkeep\n|turn|39\n|\n|t:|1700639548\n|switch|p2a: Slowking|Slowking-Galar, M|97\/100\n|-damage|p2a: Slowking|84\/100|[from] Stealth Rock\n|move|p1a: Scizor|U-turn|p2a: Slowking\n|-damage|p2a: Slowking|48\/100\n|\n|t:|1700639554\n|switch|p1a: Garchomp|Garchomp, F|84\/100|[from] U-turn\n|-damage|p1a: Garchomp|78\/100|[from] Stealth Rock\n|\n|upkeep\n|turn|40\n|\n|t:|1700639562\n|move|p1a: Garchomp|Earthquake|p2a: Slowking\n|-supereffective|p2a: Slowking\n|-damage|p2a: Slowking|0 fnt\n|faint|p2a: Slowking\n|\n|upkeep\n|\n|t:|1700639564\n|switch|p2a: \u767d\u7ed9\u516c\u4e3b|Diancie-Mega|63\/100\n|-damage|p2a: \u767d\u7ed9\u516c\u4e3b|51\/100|[from] Stealth Rock\n|turn|41\n|\n|t:|1700639569\n|switch|p2a: Hoopa|Hoopa-Unbound|100\/100\n|-damage|p2a: Hoopa|88\/100|[from] Stealth Rock\n|switch|p1a: Scizor|Scizor-Mega, F|77\/100\n|-damage|p1a: Scizor|65\/100|[from] Stealth Rock\n|\n|upkeep\n|turn|42\n|\n|t:|1700639574\n|switch|p1a: Iron Valiant|Iron Valiant|68\/100\n|-damage|p1a: Iron Valiant|62\/100|[from] Stealth Rock\n|-terastallize|p2a: Hoopa|Dark\n|move|p2a: Hoopa|Hyperspace Fury|p1a: Iron Valiant\n|-resisted|p1a: Iron Valiant\n|-damage|p1a: Iron Valiant|20\/100\n|-unboost|p2a: Hoopa|def|1\n|\n|upkeep\n|turn|43\n|\n|t:|1700639583\n|switch|p2a: \u6709\u6ca1\u6709\u7f81\u7eca\u554a|Goodra-Hisui, F|100\/100\n|-damage|p2a: \u6709\u6ca1\u6709\u7f81\u7eca\u554a|94\/100|[from] Stealth Rock\n|move|p1a: Iron Valiant|Moonblast|p2a: \u6709\u6ca1\u6709\u7f81\u7eca\u554a\n|-damage|p2a: \u6709\u6ca1\u6709\u7f81\u7eca\u554a|74\/100\n|\n|upkeep\n|turn|44\n|\n|t:|1700639587\n|move|p1a: Iron Valiant|Trick|p2a: \u6709\u6ca1\u6709\u7f81\u7eca\u554a\n|-activate|p1a: Iron Valiant|move: Trick|[of] p2a: \u6709\u6ca1\u6709\u7f81\u7eca\u554a\n|-item|p2a: \u6709\u6ca1\u6709\u7f81\u7eca\u554a|Power Herb|[from] move: Trick\n|-item|p1a: Iron Valiant|Assault Vest|[from] move: Trick\n|move|p2a: \u6709\u6ca1\u6709\u7f81\u7eca\u554a|Ice Beam|p1a: Iron Valiant\n|-damage|p1a: Iron Valiant|0 fnt\n|faint|p1a: Iron Valiant\n|-end|p1a: Iron Valiant|Quark Drive|[silent]\n|\n|upkeep\n|\n|t:|1700639598\n|switch|p1a: Garchomp|Garchomp, F|78\/100\n|-damage|p1a: Garchomp|72\/100|[from] Stealth Rock\n|turn|45\n|j| kingambit player\n|\n|t:|1700639606\n|move|p1a: Garchomp|Earthquake|p2a: \u6709\u6ca1\u6709\u7f81\u7eca\u554a\n|-supereffective|p2a: \u6709\u6ca1\u6709\u7f81\u7eca\u554a\n|-damage|p2a: \u6709\u6ca1\u6709\u7f81\u7eca\u554a|0 fnt\n|faint|p2a: \u6709\u6ca1\u6709\u7f81\u7eca\u554a\n|\n|upkeep\n|l| kingambit player\n|\n|t:|1700639610\n|switch|p2a: \u767d\u7ed9\u516c\u4e3b|Diancie-Mega|51\/100\n|-damage|p2a: \u767d\u7ed9\u516c\u4e3b|38\/100|[from] Stealth Rock\n|turn|46\n|\n|t:|1700639613\n|switch|p1a: Ferrothorn|Ferrothorn, F|100\/100\n|-damage|p1a: Ferrothorn|94\/100|[from] Stealth Rock\n|move|p2a: \u767d\u7ed9\u516c\u4e3b|Moonblast|p1a: Ferrothorn\n|-resisted|p1a: Ferrothorn\n|-damage|p1a: Ferrothorn|72\/100\n|-unboost|p1a: Ferrothorn|spa|1\n|\n|-heal|p1a: Ferrothorn|78\/100|[from] item: Leftovers\n|upkeep\n|turn|47\n|\n|t:|1700639618\n|switch|p2a: Hoopa|Hoopa-Unbound, tera:Dark|88\/100\n|-damage|p2a: Hoopa|76\/100|[from] Stealth Rock\n|move|p1a: Ferrothorn|Gyro Ball|p2a: Hoopa\n|-damage|p2a: Hoopa|0 fnt\n|faint|p2a: Hoopa\n|\n|-heal|p1a: Ferrothorn|84\/100|[from] item: Leftovers\n|upkeep\n|-message|wind233 forfeited.\n|\n|win|Tokiwakano\n|raw|Tokiwakano's rating: 1710 &rarr; <strong>1727<\/strong><br \/>(+17 for winning)\n|raw|wind233's rating: 1656 &rarr; <strong>1639<\/strong><br \/>(-17 for losing)\n|l|\u2606wind233\n","uploadtime":1700639625,"views":0,"p1id":"tokiwakano","p2id":"wind233","formatid":"gen9nationaldex","rating":1639,"private":0,"password":""}