{"id":"gen9nationaldex-1987203846","p1":"TrivagoGuy","p2":"goober 3000","format":"[Gen 9] National Dex","log":"|j|\u2606TrivagoGuy\n|j|\u2606goober 3000\n|t:|1699564969\n|gametype|singles\n|player|p1|TrivagoGuy|ruinmaniac|1384\n|player|p2|goober 3000|theroyal|1275\n|teamsize|p1|6\n|teamsize|p2|6\n|gen|9\n|tier|[Gen 9] National Dex\n|rated|\n|rule|HP Percentage Mod: HP is shown in percentages\n|rule|Endless Battle Clause: Forcing endless battles is banned\n|rule|OHKO Clause: OHKO moves are banned\n|rule|Evasion Clause: Evasion abilities, items, and moves are banned\n|rule|Evasion Abilities Clause: Evasion abilities are banned\n|rule|Evasion Items Clause: Evasion items are banned\n|rule|Evasion Moves Clause: Evasion moves are banned\n|rule|Species Clause: Limit one of each Pok\u00e9mon\n|rule|Sleep Clause Mod: Limit one foe put to sleep\n|clearpoke\n|poke|p1|Golisopod, M|\n|poke|p1|Skarmory, M|\n|poke|p1|Seismitoad, F|\n|poke|p1|Pelipper, M|\n|poke|p1|Volcanion|\n|poke|p1|Diancie|\n|poke|p2|Gliscor, F|\n|poke|p2|Banette, M|\n|poke|p2|Garganacl, M|\n|poke|p2|Thundurus, M|\n|poke|p2|Slowbro, M|\n|poke|p2|Chansey, F|\n|teampreview\n|inactive|Battle timer is ON: inactive players will automatically lose when time's up. (requested by goober 3000)\n|\n|t:|1699564991\n|start\n|switch|p1a: Skarmory|Skarmory, M|100\/100\n|switch|p2a: Thundurus|Thundurus, M|100\/100\n|turn|1\n|\n|t:|1699565004\n|switch|p1a: Seismitoad|Seismitoad, F|100\/100\n|move|p2a: Thundurus|Taunt|p1a: Seismitoad\n|-start|p1a: Seismitoad|move: Taunt\n|\n|upkeep\n|turn|2\n|\n|t:|1699565012\n|switch|p2a: Slowbro|Slowbro, M|100\/100\n|move|p1a: Seismitoad|Scald|p2a: Slowbro\n|-resisted|p2a: Slowbro\n|-damage|p2a: Slowbro|87\/100\n|\n|upkeep\n|turn|3\n|\n|t:|1699565017\n|switch|p1a: Golisopod|Golisopod, M|100\/100\n|move|p2a: Slowbro|Future Sight|p1a: Golisopod\n|-start|p2a: Slowbro|move: Future Sight\n|\n|upkeep\n|turn|4\n|\n|t:|1699565036\n|move|p1a: Golisopod|Liquidation|p2a: Slowbro\n|-resisted|p2a: Slowbro\n|-damage|p2a: Slowbro|72\/100\n|-unboost|p2a: Slowbro|def|1\n|-damage|p1a: Golisopod|84\/100|[from] item: Rocky Helmet|[of] p2a: Slowbro\n|move|p2a: Slowbro|Teleport|p2a: Slowbro\n|\n|t:|1699565039\n|switch|p2a: Thundurus|Thundurus, M|100\/100|[from] Teleport\n|\n|upkeep\n|turn|5\n|\n|t:|1699565045\n|switch|p1a: Seismitoad|Seismitoad, F|100\/100\n|move|p2a: Thundurus|Volt Switch|p1a: Seismitoad\n|-immune|p1a: Seismitoad\n|\n|-end|p1a: Seismitoad|move: Future Sight\n|-damage|p1a: Seismitoad|54\/100\n|-heal|p1a: Seismitoad|60\/100|[from] item: Leftovers\n|upkeep\n|turn|6\n|\n|t:|1699565054\n|switch|p2a: Slowbro|Slowbro, M|100\/100\n|move|p1a: Seismitoad|Substitute|p1a: Seismitoad\n|-start|p1a: Seismitoad|Substitute\n|-damage|p1a: Seismitoad|35\/100\n|\n|-heal|p1a: Seismitoad|41\/100|[from] item: Leftovers\n|upkeep\n|turn|7\n|\n|t:|1699565056\n|move|p1a: Seismitoad|Toxic|p2a: Slowbro\n|-status|p2a: Slowbro|tox\n|move|p2a: Slowbro|Future Sight|p1a: Seismitoad\n|-start|p2a: Slowbro|move: Future Sight\n|\n|-heal|p1a: Seismitoad|47\/100|[from] item: Leftovers\n|-damage|p2a: Slowbro|94\/100 tox|[from] psn\n|upkeep\n|turn|8\n|\n|t:|1699565060\n|move|p1a: Seismitoad|Earth Power|p2a: Slowbro\n|-damage|p2a: Slowbro|64\/100 tox\n|move|p2a: Slowbro|Teleport|p2a: Slowbro\n|\n|t:|1699565062\n|switch|p2a: Chansey|Chansey, F|100\/100|[from] Teleport\n|\n|-heal|p1a: Seismitoad|53\/100|[from] item: Leftovers\n|upkeep\n|turn|9\n|\n|t:|1699565065\n|move|p1a: Seismitoad|Toxic|p2a: Chansey\n|-status|p2a: Chansey|tox\n|move|p2a: Chansey|Seismic Toss|p1a: Seismitoad\n|-activate|p1a: Seismitoad|move: Substitute|[damage]\n|\n|-end|p1a: Seismitoad|move: Future Sight\n|-end|p1a: Seismitoad|Substitute\n|-heal|p1a: Seismitoad|59\/100|[from] item: Leftovers\n|-damage|p2a: Chansey|94\/100 tox|[from] psn\n|upkeep\n|turn|10\n|\n|t:|1699565068\n|move|p1a: Seismitoad|Substitute|p1a: Seismitoad\n|-start|p1a: Seismitoad|Substitute\n|-damage|p1a: Seismitoad|34\/100\n|move|p2a: Chansey|Aromatherapy|p2a: Chansey\n|-activate|p2a: Chansey|move: Aromatherapy\n|-curestatus|p2a: Chansey|tox|[msg]\n|-curestatus|p2: Slowbro|tox|[msg]\n|\n|-heal|p1a: Seismitoad|40\/100|[from] item: Leftovers\n|upkeep\n|turn|11\n|\n|t:|1699565075\n|switch|p1a: Golisopod|Golisopod, M|84\/100\n|move|p2a: Chansey|Seismic Toss|p1a: Golisopod\n|-damage|p1a: Golisopod|56\/100\n|\n|upkeep\n|turn|12\n|\n|t:|1699565081\n|switch|p2a: Slowbro|Slowbro, M|98\/100\n|move|p1a: Golisopod|First Impression|p2a: Slowbro\n|-supereffective|p2a: Slowbro\n|-damage|p2a: Slowbro|40\/100\n|-damage|p1a: Golisopod|39\/100|[from] item: Rocky Helmet|[of] p2a: Slowbro\n|-activate|p1a: Golisopod|ability: Emergency Exit\n|\n|t:|1699565088\n|switch|p1a: Seismitoad|Seismitoad, F|40\/100\n|\n|-heal|p1a: Seismitoad|46\/100|[from] item: Leftovers\n|upkeep\n|turn|13\n|\n|t:|1699565090\n|move|p1a: Seismitoad|Substitute|p1a: Seismitoad\n|-start|p1a: Seismitoad|Substitute\n|-damage|p1a: Seismitoad|22\/100\n|move|p2a: Slowbro|Future Sight|p1a: Seismitoad\n|-start|p2a: Slowbro|move: Future Sight\n|\n|-heal|p1a: Seismitoad|28\/100|[from] item: Leftovers\n|upkeep\n|turn|14\n|\n|t:|1699565099\n|move|p1a: Seismitoad|Toxic|p2a: Slowbro\n|-status|p2a: Slowbro|tox\n|move|p2a: Slowbro|Teleport|p2a: Slowbro\n|\n|t:|1699565107\n|switch|p2a: Gliscor|Gliscor, F|100\/100|[from] Teleport\n|\n|-heal|p1a: Seismitoad|34\/100|[from] item: Leftovers\n|-status|p2a: Gliscor|tox|[from] item: Toxic Orb\n|upkeep\n|turn|15\n|\n|t:|1699565111\n|-terastallize|p2a: Gliscor|Water\n|move|p2a: Gliscor|Earthquake|p1a: Seismitoad\n|-activate|p1a: Seismitoad|move: Substitute|[damage]\n|move|p1a: Seismitoad|Scald|p2a: Gliscor\n|-resisted|p2a: Gliscor\n|-damage|p2a: Gliscor|88\/100 tox\n|\n|-end|p1a: Seismitoad|move: Future Sight\n|-end|p1a: Seismitoad|Substitute\n|-heal|p1a: Seismitoad|40\/100|[from] item: Leftovers\n|-heal|p2a: Gliscor|99\/100 tox|[from] ability: Poison Heal\n|upkeep\n|turn|16\n|\n|t:|1699565117\n|move|p2a: Gliscor|Earthquake|p1a: Seismitoad\n|-damage|p1a: Seismitoad|15\/100\n|move|p1a: Seismitoad|Earth Power|p2a: Gliscor\n|-damage|p2a: Gliscor|72\/100 tox\n|\n|-heal|p1a: Seismitoad|21\/100|[from] item: Leftovers\n|-heal|p2a: Gliscor|84\/100 tox|[from] ability: Poison Heal\n|upkeep\n|turn|17\n|\n|t:|1699565123\n|switch|p2a: Chansey|Chansey, F|94\/100\n|switch|p1a: Skarmory|Skarmory, M|100\/100\n|\n|upkeep\n|turn|18\n|\n|t:|1699565128\n|move|p1a: Skarmory|Swords Dance|p1a: Skarmory\n|-boost|p1a: Skarmory|atk|2\n|move|p2a: Chansey|Aromatherapy|p2a: Chansey\n|-activate|p2a: Chansey|move: Aromatherapy\n|-curestatus|p2: Slowbro|tox|[msg]\n|-curestatus|p2: Gliscor|tox|[msg]\n|\n|upkeep\n|turn|19\n|\n|t:|1699565137\n|switch|p2a: Thundurus|Thundurus, M|100\/100\n|move|p1a: Skarmory|Rock Slide|p2a: Thundurus\n|-supereffective|p2a: Thundurus\n|-damage|p2a: Thundurus|0 fnt\n|faint|p2a: Thundurus\n|\n|upkeep\n|\n|t:|1699565144\n|switch|p2a: Garganacl|Garganacl, M|100\/100\n|turn|20\n|\n|t:|1699565146\n|move|p1a: Skarmory|Iron Head|p2a: Garganacl\n|-supereffective|p2a: Garganacl\n|-damage|p2a: Garganacl|15\/100\n|move|p2a: Garganacl|Salt Cure|p1a: Skarmory\n|-damage|p1a: Skarmory|89\/100\n|-start|p1a: Skarmory|Salt Cure\n|-ability|p1a: Skarmory|Weak Armor|boost\n|-unboost|p1a: Skarmory|def|1\n|-boost|p1a: Skarmory|spe|2\n|\n|-heal|p2a: Garganacl|21\/100|[from] item: Leftovers\n|-damage|p1a: Skarmory|64\/100|[from] Salt Cure\n|upkeep\n|turn|21\n|\n|t:|1699565152\n|switch|p2a: Slowbro|Slowbro, M|74\/100\n|move|p1a: Skarmory|Iron Head|p2a: Slowbro\n|-resisted|p2a: Slowbro\n|-damage|p2a: Slowbro|54\/100\n|-damage|p1a: Skarmory|48\/100|[from] item: Rocky Helmet|[of] p2a: Slowbro\n|\n|-damage|p1a: Skarmory|23\/100|[from] Salt Cure\n|upkeep\n|turn|22\n|\n|t:|1699565156\n|switch|p1a: Golisopod|Golisopod, M|39\/100\n|move|p2a: Slowbro|Slack Off|p2a: Slowbro\n|-heal|p2a: Slowbro|100\/100\n|\n|upkeep\n|turn|23\n|\n|t:|1699565164\n|move|p1a: Golisopod|First Impression|p2a: Slowbro\n|-supereffective|p2a: Slowbro\n|-damage|p2a: Slowbro|36\/100\n|-damage|p1a: Golisopod|22\/100|[from] item: Rocky Helmet|[of] p2a: Slowbro\n|move|p2a: Slowbro|Future Sight|p1a: Golisopod\n|-start|p2a: Slowbro|move: Future Sight\n|\n|upkeep\n|turn|24\n|\n|t:|1699565174\n|switch|p2a: Gliscor|Gliscor, F, tera:Water|84\/100\n|move|p1a: Golisopod|Liquidation|p2a: Gliscor\n|-resisted|p2a: Gliscor\n|-damage|p2a: Gliscor|70\/100\n|-unboost|p2a: Gliscor|def|1\n|\n|-status|p2a: Gliscor|tox|[from] item: Toxic Orb\n|upkeep\n|turn|25\n|\n|t:|1699565182\n|move|p2a: Gliscor|Toxic|p1a: Golisopod\n|-status|p1a: Golisopod|tox\n|move|p1a: Golisopod|Close Combat|p2a: Gliscor\n|-damage|p2a: Gliscor|28\/100 tox\n|-unboost|p1a: Golisopod|def|1\n|-unboost|p1a: Golisopod|spd|1\n|\n|-end|p1a: Golisopod|move: Future Sight\n|-damage|p1a: Golisopod|0 fnt\n|faint|p1a: Golisopod\n|-heal|p2a: Gliscor|41\/100 tox|[from] ability: Poison Heal\n|upkeep\n|\n|t:|1699565193\n|switch|p1a: Skarmory|Skarmory, M|23\/100\n|turn|26\n|\n|t:|1699565199\n|move|p2a: Gliscor|Roost|p2a: Gliscor\n|-heal|p2a: Gliscor|91\/100 tox\n|move|p1a: Skarmory|Swords Dance|p1a: Skarmory\n|-boost|p1a: Skarmory|atk|2\n|\n|-heal|p2a: Gliscor|100\/100 tox|[from] ability: Poison Heal\n|upkeep\n|turn|27\n|\n|t:|1699565202\n|switch|p2a: Slowbro|Slowbro, M|69\/100\n|move|p1a: Skarmory|Drill Peck|p2a: Slowbro\n|-damage|p2a: Slowbro|30\/100\n|-damage|p1a: Skarmory|7\/100|[from] item: Rocky Helmet|[of] p2a: Slowbro\n|\n|upkeep\n|turn|28\n|\n|t:|1699565205\n|move|p1a: Skarmory|Drill Peck|p2a: Slowbro\n|-damage|p2a: Slowbro|0 fnt\n|-damage|p1a: Skarmory|0 fnt|[from] item: Rocky Helmet|[of] p2a: Slowbro\n|faint|p2a: Slowbro\n|faint|p1a: Skarmory\n|\n|upkeep\n|\n|t:|1699565215\n|switch|p1a: Seismitoad|Seismitoad, F|21\/100\n|switch|p2a: Garganacl|Garganacl, M|21\/100\n|turn|29\n|\n|t:|1699565221\n|move|p1a: Seismitoad|Earth Power|p2a: Garganacl\n|-supereffective|p2a: Garganacl\n|-damage|p2a: Garganacl|0 fnt\n|faint|p2a: Garganacl\n|\n|-heal|p1a: Seismitoad|27\/100|[from] item: Leftovers\n|upkeep\n|\n|t:|1699565223\n|switch|p2a: Banette|Banette, M|100\/100\n|-item|p1a: Seismitoad|Leftovers|[from] ability: Frisk|[of] p2a: Banette|[identify]\n|turn|30\n|\n|t:|1699565228\n|detailschange|p2a: Banette|Banette-Mega, M\n|-mega|p2a: Banette|Banette|Banettite\n|move|p2a: Banette|Knock Off|p1a: Seismitoad\n|-damage|p1a: Seismitoad|4\/100\n|-enditem|p1a: Seismitoad|Leftovers|[from] move: Knock Off|[of] p2a: Banette\n|move|p1a: Seismitoad|Toxic|p2a: Banette\n|-status|p2a: Banette|tox\n|\n|-damage|p2a: Banette|94\/100 tox|[from] psn\n|upkeep\n|turn|31\n|\n|t:|1699565234\n|move|p2a: Banette|Knock Off|p1a: Seismitoad\n|-damage|p1a: Seismitoad|0 fnt\n|faint|p1a: Seismitoad\n|\n|-damage|p2a: Banette|82\/100 tox|[from] psn\n|upkeep\n|\n|t:|1699565245\n|switch|p1a: Diancie|Diancie|100\/100\n|turn|32\n|\n|t:|1699565248\n|move|p2a: Banette|Destiny Bond|p2a: Banette\n|-singlemove|p2a: Banette|Destiny Bond\n|move|p1a: Diancie|Diamond Storm|p2a: Banette\n|-damage|p2a: Banette|8\/100 tox\n|-damage|p1a: Diancie|91\/100|[from] item: Life Orb\n|\n|-damage|p2a: Banette|0 fnt|[from] psn\n|faint|p2a: Banette\n|upkeep\n|\n|t:|1699565252\n|switch|p2a: Gliscor|Gliscor, F, tera:Water|100\/100 tox\n|turn|33\n|\n|t:|1699565260\n|-terastallize|p1a: Diancie|Dragon\n|move|p2a: Gliscor|Toxic|p1a: Diancie\n|-status|p1a: Diancie|tox\n|move|p1a: Diancie|Diamond Storm|p2a: Gliscor\n|-crit|p2a: Gliscor\n|-damage|p2a: Gliscor|45\/100 tox\n|-boost|p1a: Diancie|def|2\n|-damage|p1a: Diancie|81\/100 tox|[from] item: Life Orb\n|\n|-heal|p2a: Gliscor|58\/100 tox|[from] ability: Poison Heal\n|-damage|p1a: Diancie|75\/100 tox|[from] psn\n|upkeep\n|turn|34\n|\n|t:|1699565265\n|move|p2a: Gliscor|Roost|p2a: Gliscor\n|-heal|p2a: Gliscor|100\/100 tox\n|move|p1a: Diancie|Trick Room|p1a: Diancie\n|-fieldstart|move: Trick Room|[of] p1a: Diancie\n|\n|-damage|p1a: Diancie|63\/100 tox|[from] psn\n|upkeep\n|turn|35\n|\n|t:|1699565267\n|move|p1a: Diancie|Diamond Storm|p2a: Gliscor\n|-damage|p2a: Gliscor|58\/100 tox\n|-damage|p1a: Diancie|53\/100 tox|[from] item: Life Orb\n|move|p2a: Gliscor|Earthquake|p1a: Diancie\n|-damage|p1a: Diancie|39\/100 tox\n|\n|-damage|p1a: Diancie|21\/100 tox|[from] psn\n|-heal|p2a: Gliscor|71\/100 tox|[from] ability: Poison Heal\n|upkeep\n|turn|36\n|\n|t:|1699565271\n|move|p2a: Gliscor|Protect|p2a: Gliscor\n|-singleturn|p2a: Gliscor|Protect\n|move|p1a: Diancie|Explosion|p2a: Gliscor\n|-activate|p2a: Gliscor|move: Protect\n|faint|p1a: Diancie\n|\n|-heal|p2a: Gliscor|83\/100 tox|[from] ability: Poison Heal\n|upkeep\n|\n|t:|1699565275\n|switch|p1a: Volcanion|Volcanion|100\/100\n|turn|37\n|\n|t:|1699565282\n|move|p1a: Volcanion|Sludge Wave|p2a: Gliscor\n|-crit|p2a: Gliscor\n|-damage|p2a: Gliscor|0 fnt\n|faint|p2a: Gliscor\n|\n|upkeep\n|\n|t:|1699565284\n|switch|p2a: Chansey|Chansey, F|94\/100\n|turn|38\n|\n|t:|1699565287\n|switch|p1a: Pelipper|Pelipper, M|100\/100\n|-weather|RainDance|[from] ability: Drizzle|[of] p1a: Pelipper\n|move|p2a: Chansey|Seismic Toss|p1a: Pelipper\n|-damage|p1a: Pelipper|70\/100\n|\n|-weather|RainDance|[upkeep]\n|-fieldend|move: Trick Room\n|upkeep\n|turn|39\n|\n|t:|1699565291\n|switch|p1a: Volcanion|Volcanion|100\/100\n|move|p2a: Chansey|Seismic Toss|p1a: Volcanion\n|-damage|p1a: Volcanion|73\/100\n|\n|-weather|RainDance|[upkeep]\n|upkeep\n|turn|40\n|\n|t:|1699565293\n|move|p1a: Volcanion|Steam Eruption|p2a: Chansey\n|-damage|p2a: Chansey|50\/100\n|move|p2a: Chansey|Seismic Toss|p1a: Volcanion\n|-damage|p1a: Volcanion|45\/100\n|\n|-weather|RainDance|[upkeep]\n|upkeep\n|turn|41\n|\n|t:|1699565299\n|move|p1a: Volcanion|Steam Eruption|p2a: Chansey\n|-damage|p2a: Chansey|6\/100\n|move|p2a: Chansey|Soft-Boiled|p2a: Chansey\n|-heal|p2a: Chansey|56\/100\n|\n|-weather|RainDance|[upkeep]\n|upkeep\n|turn|42\n|\n|t:|1699565304\n|move|p1a: Volcanion|Steam Eruption|p2a: Chansey\n|-damage|p2a: Chansey|14\/100\n|-status|p2a: Chansey|brn\n|move|p2a: Chansey|Soft-Boiled|p2a: Chansey\n|-heal|p2a: Chansey|64\/100 brn\n|\n|-weather|none\n|-damage|p2a: Chansey|58\/100 brn|[from] brn\n|upkeep\n|turn|43\n|\n|t:|1699565308\n|move|p1a: Volcanion|Steam Eruption|p2a: Chansey\n|-damage|p2a: Chansey|27\/100 brn\n|move|p2a: Chansey|Seismic Toss|p1a: Volcanion\n|-damage|p1a: Volcanion|18\/100\n|\n|-damage|p2a: Chansey|21\/100 brn|[from] brn\n|upkeep\n|turn|44\n|\n|t:|1699565311\n|move|p1a: Volcanion|Steam Eruption|p2a: Chansey\n|-damage|p2a: Chansey|0 fnt\n|faint|p2a: Chansey\n|\n|win|TrivagoGuy\n|raw|TrivagoGuy's rating: 1384 &rarr; <strong>1398<\/strong><br \/>(+14 for winning)\n|raw|goober 3000's rating: 1275 &rarr; <strong>1258<\/strong><br \/>(-17 for losing)\n|l|\u2606goober 3000\n","uploadtime":1699565321,"views":10,"p1id":"trivagoguy","p2id":"goober3000","formatid":"gen9nationaldex","rating":1258,"private":0,"password":""}