{"id":"gen9nationaldex-1991932853","p1":"redimas","p2":"KujimT.L","format":"[Gen 9] National Dex","log":"|j|\u2606redimas\n|j|\u2606KujimT.L\n|t:|1700139783\n|gametype|singles\n|player|p1|redimas|n|1073\n|player|p2|KujimT.L|swimmerf|1102\n|teamsize|p1|6\n|teamsize|p2|6\n|gen|9\n|tier|[Gen 9] National Dex\n|rated|\n|rule|HP Percentage Mod: HP is shown in percentages\n|rule|Endless Battle Clause: Forcing endless battles is banned\n|rule|OHKO Clause: OHKO moves are banned\n|rule|Evasion Clause: Evasion abilities, items, and moves are banned\n|rule|Evasion Abilities Clause: Evasion abilities are banned\n|rule|Evasion Items Clause: Evasion items are banned\n|rule|Evasion Moves Clause: Evasion moves are banned\n|rule|Species Clause: Limit one of each Pok\u00e9mon\n|rule|Sleep Clause Mod: Limit one foe put to sleep\n|clearpoke\n|poke|p1|Eelektross, F|\n|poke|p1|Swampert, F|\n|poke|p1|Ceruledge, F|\n|poke|p1|Ferrothorn, M|\n|poke|p1|Gliscor, M|\n|poke|p1|Alakazam, M|\n|poke|p2|Aggron, F|\n|poke|p2|Blastoise, F|\n|poke|p2|Serperior, M|\n|poke|p2|Glimmora, F|\n|poke|p2|Alakazam, F|\n|poke|p2|Hitmonlee, M|\n|teampreview\n|\n|t:|1700139797\n|start\n|switch|p1a: bengala|Alakazam, M|100\/100\n|switch|p2a: Aggron|Aggron, F|100\/100\n|turn|1\n|\n|t:|1700139803\n|move|p1a: bengala|Psychic Terrain|p1a: bengala\n|-fieldstart|move: Psychic Terrain\n|move|p2a: Aggron|Rock Polish|p2a: Aggron\n|-boost|p2a: Aggron|spe|2\n|\n|upkeep\n|turn|2\n|\n|t:|1700139818\n|detailschange|p2a: Aggron|Aggron-Mega, F\n|-mega|p2a: Aggron|Aggron|Aggronite\n|move|p2a: Aggron|Earthquake|p1a: bengala\n|-damage|p1a: bengala|4\/100\n|move|p1a: bengala|Calm Mind|p1a: bengala\n|-boost|p1a: bengala|spa|1\n|-boost|p1a: bengala|spd|1\n|\n|upkeep\n|turn|3\n|\n|t:|1700139830\n|move|p2a: Aggron|Heavy Slam|p1a: bengala\n|-damage|p1a: bengala|0 fnt\n|faint|p1a: bengala\n|\n|upkeep\n|\n|t:|1700139849\n|switch|p1a: Eelektross|Eelektross, F|100\/100\n|turn|4\n|\n|t:|1700139863\n|move|p2a: Aggron|Earthquake|p1a: Eelektross\n|-immune|p1a: Eelektross|[from] ability: Levitate\n|move|p1a: Eelektross|Coil|p1a: Eelektross\n|-boost|p1a: Eelektross|atk|1\n|-boost|p1a: Eelektross|def|1\n|-boost|p1a: Eelektross|accuracy|1\n|\n|upkeep\n|turn|5\n|\n|t:|1700139874\n|move|p2a: Aggron|Heavy Slam|p1a: Eelektross\n|-resisted|p1a: Eelektross\n|-damage|p1a: Eelektross|79\/100\n|move|p1a: Eelektross|Coil|p1a: Eelektross\n|-boost|p1a: Eelektross|atk|1\n|-boost|p1a: Eelektross|def|1\n|-boost|p1a: Eelektross|accuracy|1\n|\n|-heal|p1a: Eelektross|85\/100|[from] item: Leftovers\n|-fieldend|move: Psychic Terrain\n|upkeep\n|turn|6\n|\n|t:|1700139886\n|move|p2a: Aggron|Body Press|p1a: Eelektross\n|-damage|p1a: Eelektross|63\/100\n|move|p1a: Eelektross|Coil|p1a: Eelektross\n|-boost|p1a: Eelektross|atk|1\n|-boost|p1a: Eelektross|def|1\n|-boost|p1a: Eelektross|accuracy|1\n|\n|-heal|p1a: Eelektross|69\/100|[from] item: Leftovers\n|upkeep\n|turn|7\n|\n|t:|1700139919\n|move|p2a: Aggron|Body Press|p1a: Eelektross\n|-damage|p1a: Eelektross|53\/100\n|move|p1a: Eelektross|Coil|p1a: Eelektross\n|-boost|p1a: Eelektross|atk|1\n|-boost|p1a: Eelektross|def|1\n|-boost|p1a: Eelektross|accuracy|1\n|\n|-heal|p1a: Eelektross|59\/100|[from] item: Leftovers\n|upkeep\n|turn|8\n|\n|t:|1700139945\n|move|p2a: Aggron|Body Press|p1a: Eelektross\n|-damage|p1a: Eelektross|45\/100\n|move|p1a: Eelektross|Drain Punch|p2a: Aggron\n|-supereffective|p2a: Aggron\n|-damage|p2a: Aggron|49\/100\n|-heal|p1a: Eelektross|65\/100|[from] drain|[of] p2a: Aggron\n|\n|-heal|p1a: Eelektross|71\/100|[from] item: Leftovers\n|upkeep\n|turn|9\n|\n|t:|1700139960\n|switch|p2a: Alakazam|Alakazam, F|100\/100\n|move|p1a: Eelektross|Drain Punch|p2a: Alakazam\n|-resisted|p2a: Alakazam\n|-damage|p2a: Alakazam|27\/100\n|-heal|p1a: Eelektross|96\/100|[from] drain|[of] p2a: Alakazam\n|\n|-heal|p1a: Eelektross|100\/100|[from] item: Leftovers\n|upkeep\n|turn|10\n|\n|t:|1700139992\n|move|p2a: Alakazam|Tri Attack|p1a: Eelektross\n|-damage|p1a: Eelektross|76\/100\n|move|p1a: Eelektross|Knock Off|p2a: Alakazam\n|-supereffective|p2a: Alakazam\n|-damage|p2a: Alakazam|0 fnt\n|-enditem|p2a: Alakazam|Psychic Seed|[from] move: Knock Off|[of] p1a: Eelektross\n|faint|p2a: Alakazam\n|\n|-heal|p1a: Eelektross|82\/100|[from] item: Leftovers\n|upkeep\n|\n|t:|1700140001\n|switch|p2a: Serperior|Serperior, M|100\/100\n|turn|11\n|\n|t:|1700140010\n|move|p2a: Serperior|Leaf Storm|p1a: Eelektross\n|-damage|p1a: Eelektross|42\/100\n|-unboost|p2a: Serperior|spa|2\n|move|p1a: Eelektross|Coil|p1a: Eelektross\n|-boost|p1a: Eelektross|atk|1\n|-boost|p1a: Eelektross|def|1\n|-boost|p1a: Eelektross|accuracy|1\n|\n|-heal|p1a: Eelektross|48\/100|[from] item: Leftovers\n|upkeep\n|turn|12\n|\n|t:|1700140022\n|move|p2a: Serperior|Leaf Storm|p1a: Eelektross\n|-damage|p1a: Eelektross|28\/100\n|-unboost|p2a: Serperior|spa|2\n|move|p1a: Eelektross|Knock Off|p2a: Serperior\n|-damage|p2a: Serperior|0 fnt\n|-enditem|p2a: Serperior|Dragon Fang|[from] move: Knock Off|[of] p1a: Eelektross\n|faint|p2a: Serperior\n|\n|-heal|p1a: Eelektross|34\/100|[from] item: Leftovers\n|upkeep\n|\n|t:|1700140026\n|switch|p2a: Hitmonlee|Hitmonlee, M|100\/100\n|turn|13\n|\n|t:|1700140043\n|move|p2a: Hitmonlee|High Jump Kick|p1a: Eelektross\n|-damage|p1a: Eelektross|11\/100\n|move|p1a: Eelektross|Thunder|p2a: Hitmonlee\n|-damage|p2a: Hitmonlee|50\/100\n|-status|p2a: Hitmonlee|par\n|\n|-heal|p1a: Eelektross|17\/100|[from] item: Leftovers\n|upkeep\n|turn|14\n|\n|t:|1700140058\n|move|p2a: Hitmonlee|High Jump Kick|p1a: Eelektross\n|-crit|p1a: Eelektross\n|-damage|p1a: Eelektross|0 fnt\n|faint|p1a: Eelektross\n|\n|upkeep\n|\n|t:|1700140070\n|switch|p1a: vampir\u00e3o|Gliscor, M|100\/100\n|turn|15\n|\n|t:|1700140076\n|switch|p2a: Aggron|Aggron-Mega, F|49\/100\n|move|p1a: vampir\u00e3o|Toxic Spikes|p2a: Aggron\n|-sidestart|p2: KujimT.L|move: Toxic Spikes\n|\n|-status|p1a: vampir\u00e3o|tox|[from] item: Toxic Orb\n|upkeep\n|turn|16\n|\n|t:|1700140087\n|move|p1a: vampir\u00e3o|Curse|p1a: vampir\u00e3o\n|-unboost|p1a: vampir\u00e3o|spe|1\n|-boost|p1a: vampir\u00e3o|atk|1\n|-boost|p1a: vampir\u00e3o|def|1\n|move|p2a: Aggron|Rock Polish|p2a: Aggron\n|-boost|p2a: Aggron|spe|2\n|\n|-damage|p1a: vampir\u00e3o|94\/100 tox|[from] psn\n|upkeep\n|turn|17\n|\n|t:|1700140106\n|move|p2a: Aggron|Heavy Slam|p1a: vampir\u00e3o\n|-damage|p1a: vampir\u00e3o|64\/100 tox\n|move|p1a: vampir\u00e3o|Curse|p1a: vampir\u00e3o\n|-unboost|p1a: vampir\u00e3o|spe|1\n|-boost|p1a: vampir\u00e3o|atk|1\n|-boost|p1a: vampir\u00e3o|def|1\n|\n|-damage|p1a: vampir\u00e3o|52\/100 tox|[from] psn\n|upkeep\n|turn|18\n|\n|t:|1700140118\n|switch|p2a: Blastoise|Blastoise, F|100\/100\n|-status|p2a: Blastoise|psn\n|move|p1a: vampir\u00e3o|Earthquake|p2a: Blastoise\n|-damage|p2a: Blastoise|31\/100 psn\n|\n|-heal|p2a: Blastoise|37\/100 psn|[from] item: Leftovers\n|-damage|p2a: Blastoise|25\/100 psn|[from] psn\n|-damage|p1a: vampir\u00e3o|33\/100 tox|[from] psn\n|upkeep\n|turn|19\n|\n|t:|1700140137\n|move|p2a: Blastoise|Hydro Cannon|p1a: vampir\u00e3o\n|-supereffective|p1a: vampir\u00e3o\n|-damage|p1a: vampir\u00e3o|0 fnt\n|-mustrecharge|p2a: Blastoise\n|faint|p1a: vampir\u00e3o\n|\n|-heal|p2a: Blastoise|31\/100 psn|[from] item: Leftovers\n|-damage|p2a: Blastoise|19\/100 psn|[from] psn\n|upkeep\n|\n|t:|1700140148\n|switch|p1a: barros|Ferrothorn, M, shiny|100\/100\n|turn|20\n|\n|t:|1700140157\n|cant|p2a: Blastoise|recharge\n|move|p1a: barros|Spikes|p2a: Blastoise\n|-sidestart|p2: KujimT.L|Spikes\n|\n|-heal|p2a: Blastoise|25\/100 psn|[from] item: Leftovers\n|-damage|p2a: Blastoise|12\/100 psn|[from] psn\n|upkeep\n|turn|21\n|\n|t:|1700140169\n|move|p2a: Blastoise|Rapid Spin|p1a: barros\n|-resisted|p1a: barros\n|-damage|p1a: barros|98\/100\n|-boost|p2a: Blastoise|spe|1\n|-damage|p2a: Blastoise|0 fnt|[from] ability: Iron Barbs|[of] p1a: barros\n|faint|p2a: Blastoise\n|move|p1a: barros|Stealth Rock|p2: Blastoise\n|-sidestart|p2: KujimT.L|move: Stealth Rock\n|\n|-heal|p1a: barros|100\/100|[from] item: Leftovers\n|upkeep\n|\n|t:|1700140183\n|switch|p2a: Glimmora|Glimmora, F|100\/100\n|-damage|p2a: Glimmora|88\/100|[from] Stealth Rock\n|-item|p2a: Glimmora|Air Balloon\n|turn|22\n|\n|t:|1700140193\n|move|p2a: Glimmora|Ancient Power|p1a: barros\n|-resisted|p1a: barros\n|-damage|p1a: barros|87\/100\n|move|p1a: barros|Leech Seed|p2a: Glimmora\n|-start|p2a: Glimmora|move: Leech Seed\n|\n|-heal|p1a: barros|93\/100|[from] item: Leftovers\n|-damage|p2a: Glimmora|76\/100|[from] Leech Seed|[of] p1a: barros\n|-heal|p1a: barros|100\/100|[silent]\n|upkeep\n|turn|23\n|\n|t:|1700140203\n|move|p2a: Glimmora|Ancient Power|p1a: barros\n|-resisted|p1a: barros\n|-damage|p1a: barros|88\/100\n|move|p1a: barros|Curse|p1a: barros\n|-unboost|p1a: barros|spe|1\n|-boost|p1a: barros|atk|1\n|-boost|p1a: barros|def|1\n|\n|-heal|p1a: barros|94\/100|[from] item: Leftovers\n|-damage|p2a: Glimmora|63\/100|[from] Leech Seed|[of] p1a: barros\n|-heal|p1a: barros|100\/100|[silent]\n|upkeep\n|turn|24\n|\n|t:|1700140215\n|move|p2a: Glimmora|Ancient Power|p1a: barros\n|-resisted|p1a: barros\n|-damage|p1a: barros|87\/100\n|move|p1a: barros|Curse|p1a: barros\n|-unboost|p1a: barros|spe|1\n|-boost|p1a: barros|atk|1\n|-boost|p1a: barros|def|1\n|\n|-heal|p1a: barros|93\/100|[from] item: Leftovers\n|-damage|p2a: Glimmora|51\/100|[from] Leech Seed|[of] p1a: barros\n|-heal|p1a: barros|100\/100|[silent]\n|upkeep\n|turn|25\n|\n|t:|1700140229\n|move|p2a: Glimmora|Ancient Power|p1a: barros\n|-resisted|p1a: barros\n|-damage|p1a: barros|87\/100\n|move|p1a: barros|Curse|p1a: barros\n|-unboost|p1a: barros|spe|1\n|-boost|p1a: barros|atk|1\n|-boost|p1a: barros|def|1\n|\n|-heal|p1a: barros|94\/100|[from] item: Leftovers\n|-damage|p2a: Glimmora|39\/100|[from] Leech Seed|[of] p1a: barros\n|-heal|p1a: barros|100\/100|[silent]\n|upkeep\n|turn|26\n|\n|t:|1700140241\n|move|p2a: Glimmora|Ancient Power|p1a: barros\n|-resisted|p1a: barros\n|-damage|p1a: barros|86\/100\n|move|p1a: barros|Curse|p1a: barros\n|-unboost|p1a: barros|spe|1\n|-boost|p1a: barros|atk|1\n|-boost|p1a: barros|def|1\n|\n|-heal|p1a: barros|92\/100|[from] item: Leftovers\n|-damage|p2a: Glimmora|26\/100|[from] Leech Seed|[of] p1a: barros\n|-heal|p1a: barros|100\/100|[silent]\n|upkeep\n|turn|27\n|\n|t:|1700140258\n|move|p2a: Glimmora|Ancient Power|p1a: barros\n|-resisted|p1a: barros\n|-damage|p1a: barros|88\/100\n|move|p1a: barros|Curse|p1a: barros\n|-unboost|p1a: barros|spe|1\n|-boost|p1a: barros|atk|1\n|-boost|p1a: barros|def|1\n|\n|-heal|p1a: barros|94\/100|[from] item: Leftovers\n|-damage|p2a: Glimmora|14\/100|[from] Leech Seed|[of] p1a: barros\n|-heal|p1a: barros|100\/100|[silent]\n|upkeep\n|turn|28\n|\n|t:|1700140269\n|move|p2a: Glimmora|Ancient Power|p1a: barros\n|-resisted|p1a: barros\n|-damage|p1a: barros|88\/100\n|move|p1a: barros|Leech Seed||[still]\n|-fail|p1a: barros\n|\n|-heal|p1a: barros|95\/100|[from] item: Leftovers\n|-damage|p2a: Glimmora|1\/100|[from] Leech Seed|[of] p1a: barros\n|-heal|p1a: barros|100\/100|[silent]\n|upkeep\n|turn|29\n|\n|t:|1700140285\n|move|p2a: Glimmora|Ancient Power|p1a: barros\n|-resisted|p1a: barros\n|-damage|p1a: barros|88\/100\n|move|p1a: barros|Curse|p1a: barros\n|-unboost|p1a: barros|spe|1\n|-boost|p1a: barros|atk|1\n|-boost|p1a: barros|def|1\n|\n|-heal|p1a: barros|94\/100|[from] item: Leftovers\n|-damage|p2a: Glimmora|0 fnt|[from] Leech Seed|[of] p1a: barros\n|-heal|p1a: barros|95\/100|[silent]\n|faint|p2a: Glimmora\n|upkeep\n|\n|t:|1700140297\n|switch|p2a: Aggron|Aggron-Mega, F|49\/100\n|-damage|p2a: Aggron|36\/100|[from] Spikes\n|-damage|p2a: Aggron|30\/100|[from] Stealth Rock\n|turn|30\n|\n|t:|1700140303\n|move|p2a: Aggron|Body Press|p1a: barros\n|-supereffective|p1a: barros\n|-damage|p1a: barros|83\/100\n|-damage|p2a: Aggron|18\/100|[from] ability: Iron Barbs|[of] p1a: barros\n|move|p1a: barros|Leech Seed|p2a: Aggron\n|-start|p2a: Aggron|move: Leech Seed\n|\n|-heal|p1a: barros|90\/100|[from] item: Leftovers\n|-damage|p2a: Aggron|5\/100|[from] Leech Seed|[of] p1a: barros\n|-heal|p1a: barros|99\/100|[silent]\n|upkeep\n|turn|31\n|\n|t:|1700140316\n|move|p2a: Aggron|Body Press|p1a: barros\n|-supereffective|p1a: barros\n|-damage|p1a: barros|89\/100\n|-damage|p2a: Aggron|0 fnt|[from] ability: Iron Barbs|[of] p1a: barros\n|faint|p2a: Aggron\n|move|p1a: barros|Curse|p1a: barros\n|\n|-heal|p1a: barros|95\/100|[from] item: Leftovers\n|upkeep\n|-message|KujimT.L forfeited.\n|\n|win|redimas\n|raw|redimas's rating: 1073 &rarr; <strong>1104<\/strong><br \/>(+31 for winning)\n|raw|KujimT.L's rating: 1102 &rarr; <strong>1075<\/strong><br \/>(-27 for losing)\n|l|\u2606KujimT.L\n","uploadtime":1700140360,"views":4,"p1id":"redimas","p2id":"kujimtl","formatid":"gen9nationaldex","rating":1075,"private":0,"password":""}