{"id":"gen9nationaldex-1987244172","p1":"Sinful Ky","p2":"delemon","format":"[Gen 9] National Dex","log":"|j|\u2606Sinful Ky\n|j|\u2606delemon\n|inactive|Battle timer is ON: inactive players will automatically lose when time's up.\n|t:|1699568847\n|gametype|singles\n|player|p1|Sinful Ky|may-masters|\n|player|p2|delemon|#delemon|\n|teamsize|p1|6\n|teamsize|p2|6\n|gen|9\n|tier|[Gen 9] National Dex\n|rated|Tournament battle\n|rule|HP Percentage Mod: HP is shown in percentages\n|rule|Endless Battle Clause: Forcing endless battles is banned\n|rule|OHKO Clause: OHKO moves are banned\n|rule|Evasion Clause: Evasion abilities, items, and moves are banned\n|rule|Evasion Abilities Clause: Evasion abilities are banned\n|rule|Evasion Items Clause: Evasion items are banned\n|rule|Evasion Moves Clause: Evasion moves are banned\n|rule|Species Clause: Limit one of each Pok\u00e9mon\n|rule|Sleep Clause Mod: Limit one foe put to sleep\n|clearpoke\n|poke|p1|Clodsire, M|\n|poke|p1|Ogerpon, F|\n|poke|p1|Magnezone|\n|poke|p1|Dondozo, F|\n|poke|p1|Gliscor, M|\n|poke|p1|Slowking, M|\n|poke|p2|Victini|\n|poke|p2|Garchomp, F|\n|poke|p2|Kyurem|\n|poke|p2|Lopunny, F|\n|poke|p2|Tangrowth, F|\n|poke|p2|Zapdos|\n|teampreview\n|inactive|delemon also wants the timer to be on.\n|c|\u2606delemon|hf\n|j| ForeverWing\n|c| ForeverWing|u2\n|inactive|Sinful Ky has 120 seconds left.\n|inactive|delemon has 120 seconds left.\n|c|\u2606Sinful Ky|hm\n|c|\u2606Sinful Ky|this is\n|c|\u2606Sinful Ky|a spectacle\n|c| ForeverWing|yap master\n|\n|t:|1699568906\n|start\n|switch|p1a: new tech!|Gliscor, M, shiny|100\/100\n|switch|p2a: Kyurem|Kyurem|100\/100\n|-ability|p2a: Kyurem|Pressure\n|turn|1\n|c|\u2606Sinful Ky|girl...\n|\n|t:|1699568927\n|move|p1a: new tech!|Protect|p1a: new tech!\n|-singleturn|p1a: new tech!|Protect\n|move|p2a: Kyurem|Substitute|p2a: Kyurem\n|-start|p2a: Kyurem|Substitute\n|-damage|p2a: Kyurem|76\/100\n|\n|-status|p1a: new tech!|tox|[from] item: Toxic Orb\n|upkeep\n|turn|2\n|c|\u2606Sinful Ky|watcha sub\n|c|\u2606Sinful Ky|what i say\n|c|\u2606Sinful Ky|;P;\n|\n|t:|1699568934\n|switch|p1a: Bulldozer|Dondozo, F|100\/100\n|move|p2a: Kyurem|Freeze-Dry|p1a: Bulldozer\n|-supereffective|p1a: Bulldozer\n|-damage|p1a: Bulldozer|31\/100\n|\n|upkeep\n|turn|3\n|c|\u2606delemon|yeah\n|\n|t:|1699568938\n|move|p2a: Kyurem|Freeze-Dry|p1a: Bulldozer\n|-supereffective|p1a: Bulldozer\n|-damage|p1a: Bulldozer|0 fnt\n|faint|p1a: Bulldozer\n|\n|upkeep\n|\n|t:|1699568941\n|switch|p1a: Slide for KAY|Magnezone|100\/100\n|turn|4\n|\n|t:|1699568950\n|-terastallize|p1a: Slide for KAY|Fighting\n|move|p2a: Kyurem|Earth Power|p1a: Slide for KAY\n|-damage|p1a: Slide for KAY|60\/100\n|move|p1a: Slide for KAY|Flash Cannon|p2a: Kyurem\n|-supereffective|p2a: Kyurem\n|-end|p2a: Kyurem|Substitute\n|\n|upkeep\n|turn|5\n|\n|t:|1699568959\n|switch|p2a: Tangrowth|Tangrowth, F|100\/100\n|switch|p1a: new tech!|Gliscor, M, shiny|100\/100 tox\n|\n|upkeep\n|turn|6\n|\n|t:|1699568968\n|move|p1a: new tech!|Toxic|p2a: Tangrowth\n|-status|p2a: Tangrowth|tox\n|move|p2a: Tangrowth|Giga Drain|p1a: new tech!\n|-damage|p1a: new tech!|65\/100 tox\n|\n|-heal|p1a: new tech!|77\/100 tox|[from] ability: Poison Heal\n|-damage|p2a: Tangrowth|94\/100 tox|[from] psn\n|upkeep\n|turn|7\n|c|\u2606Sinful Ky|knew it was comin tbh\n|\n|t:|1699568974\n|move|p1a: new tech!|Stealth Rock|p2a: Tangrowth\n|-sidestart|p2: delemon|move: Stealth Rock\n|move|p2a: Tangrowth|Giga Drain|p1a: new tech!\n|-damage|p1a: new tech!|41\/100 tox\n|-heal|p2a: Tangrowth|100\/100 tox|[from] drain|[of] p1a: new tech!\n|\n|-heal|p1a: new tech!|54\/100 tox|[from] ability: Poison Heal\n|-damage|p2a: Tangrowth|88\/100 tox|[from] psn\n|upkeep\n|turn|8\n|\n|t:|1699568977\n|move|p1a: new tech!|Earthquake|p2a: Tangrowth\n|-resisted|p2a: Tangrowth\n|-damage|p2a: Tangrowth|77\/100 tox\n|move|p2a: Tangrowth|Giga Drain|p1a: new tech!\n|-damage|p1a: new tech!|17\/100 tox\n|-heal|p2a: Tangrowth|93\/100 tox|[from] drain|[of] p1a: new tech!\n|\n|-heal|p1a: new tech!|30\/100 tox|[from] ability: Poison Heal\n|-damage|p2a: Tangrowth|74\/100 tox|[from] psn\n|upkeep\n|turn|9\n|\n|t:|1699568983\n|move|p1a: new tech!|Protect|p1a: new tech!\n|-singleturn|p1a: new tech!|Protect\n|move|p2a: Tangrowth|Giga Drain|p1a: new tech!\n|-activate|p1a: new tech!|move: Protect\n|\n|-heal|p1a: new tech!|42\/100 tox|[from] ability: Poison Heal\n|-damage|p2a: Tangrowth|50\/100 tox|[from] psn\n|upkeep\n|turn|10\n|\n|t:|1699568986\n|switch|p1a: Imperial Circus|Ogerpon, F|100\/100\n|switch|p2a: Kyurem|Kyurem|76\/100\n|-ability|p2a: Kyurem|Pressure\n|\n|upkeep\n|turn|11\n|\n|t:|1699568996\n|switch|p2a: Zapdos|Zapdos|100\/100\n|move|p1a: Imperial Circus|Rock Tomb|p2a: Zapdos\n|-supereffective|p2a: Zapdos\n|-damage|p2a: Zapdos|73\/100\n|-unboost|p2a: Zapdos|spe|1\n|\n|upkeep\n|turn|12\n|\n|t:|1699569014\n|move|p1a: Imperial Circus|Swords Dance|p1a: Imperial Circus\n|-boost|p1a: Imperial Circus|atk|2\n|move|p2a: Zapdos|Defog|p1a: Imperial Circus\n|-unboost|p1a: Imperial Circus|evasion|1\n|-ability|p1a: Imperial Circus|Defiant|boost\n|-boost|p1a: Imperial Circus|atk|2\n|-sideend|p2: delemon|Stealth Rock|[from] move: Defog|[of] p2a: Zapdos\n|\n|upkeep\n|turn|13\n|c|\u2606Sinful Ky|uh oh\n|\n|t:|1699569036\n|move|p1a: Imperial Circus|Rock Tomb|p2a: Zapdos\n|-supereffective|p2a: Zapdos\n|-damage|p2a: Zapdos|0 fnt\n|faint|p2a: Zapdos\n|\n|upkeep\n|\n|t:|1699569044\n|switch|p2a: Victini|Victini|100\/100\n|turn|14\n|\n|t:|1699569047\n|switch|p1a: uh..|Slowking, M|100\/100\n|move|p2a: Victini|V-create|p1a: uh..\n|-resisted|p1a: uh..\n|-damage|p1a: uh..|57\/100\n|-unboost|p2a: Victini|spe|1\n|-unboost|p2a: Victini|def|1\n|-unboost|p2a: Victini|spd|1\n|\n|upkeep\n|turn|15\n|\n|t:|1699569052\n|switch|p2a: Kyurem|Kyurem|76\/100\n|-ability|p2a: Kyurem|Pressure\n|move|p1a: uh..|Chilly Reception|p1a: uh..\n|-weather|Snow\n|c|\u2606Sinful Ky|i fear no evil\n|\n|t:|1699569057\n|switch|p1a: Slide for KAY|Magnezone, tera:Fighting|60\/100|[from] Chilly Reception\n|\n|-weather|Snow|[upkeep]\n|upkeep\n|turn|16\n|\n|t:|1699569063\n|switch|p2a: Tangrowth|Tangrowth, F|83\/100 tox\n|move|p1a: Slide for KAY|Volt Switch|p2a: Tangrowth\n|-resisted|p2a: Tangrowth\n|-damage|p2a: Tangrowth|67\/100 tox\n|\n|t:|1699569072\n|switch|p1a: uh..|Slowking, M|90\/100|[from] Volt Switch\n|\n|-weather|Snow|[upkeep]\n|-damage|p2a: Tangrowth|61\/100 tox|[from] psn\n|upkeep\n|turn|17\n|\n|t:|1699569079\n|move|p2a: Tangrowth|Giga Drain|p1a: uh..\n|-supereffective|p1a: uh..\n|-damage|p1a: uh..|60\/100\n|-heal|p2a: Tangrowth|75\/100 tox|[from] drain|[of] p1a: uh..\n|move|p1a: uh..|Future Sight|p2a: Tangrowth\n|-start|p1a: uh..|move: Future Sight\n|\n|-weather|Snow|[upkeep]\n|-damage|p2a: Tangrowth|63\/100 tox|[from] psn\n|upkeep\n|turn|18\n|\n|t:|1699569081\n|move|p2a: Tangrowth|Knock Off|p1a: uh..\n|-supereffective|p1a: uh..\n|-damage|p1a: uh..|21\/100\n|-enditem|p1a: uh..|Heavy-Duty Boots|[from] move: Knock Off|[of] p2a: Tangrowth\n|move|p1a: uh..|Chilly Reception|p1a: uh..\n|c|\u2606Sinful Ky|ouch\n|\n|t:|1699569087\n|switch|p1a: Imperial Circus|Ogerpon, F|100\/100|[from] Chilly Reception\n|\n|-weather|Snow|[upkeep]\n|-damage|p2a: Tangrowth|44\/100 tox|[from] psn\n|upkeep\n|turn|19\n|\n|t:|1699569093\n|switch|p2a: Garchomp|Garchomp, F|100\/100\n|move|p1a: Imperial Circus|U-turn|p2a: Garchomp\n|-damage|p2a: Garchomp|88\/100\n|-damage|p1a: Imperial Circus|88\/100|[from] ability: Rough Skin|[of] p2a: Garchomp\n|-damage|p1a: Imperial Circus|72\/100|[from] item: Rocky Helmet|[of] p2a: Garchomp\n|\n|t:|1699569109\n|switch|p1a: uh..|Slowking, M|54\/100|[from] U-turn\n|\n|-weather|none\n|-end|p2a: Garchomp|move: Future Sight\n|-damage|p2a: Garchomp|52\/100\n|upkeep\n|turn|20\n|\n|t:|1699569119\n|switch|p1a: new tech!|Gliscor, M, shiny|42\/100 tox\n|move|p2a: Garchomp|Spikes|p1a: new tech!\n|-sidestart|p1: Sinful Ky|Spikes\n|\n|-heal|p1a: new tech!|55\/100 tox|[from] ability: Poison Heal\n|upkeep\n|turn|21\n|\n|t:|1699569125\n|switch|p2a: Tangrowth|Tangrowth, F|78\/100 tox\n|move|p1a: new tech!|Stealth Rock|p2a: Tangrowth\n|-sidestart|p2: delemon|move: Stealth Rock\n|\n|-heal|p1a: new tech!|67\/100 tox|[from] ability: Poison Heal\n|-damage|p2a: Tangrowth|71\/100 tox|[from] psn\n|upkeep\n|turn|22\n|\n|t:|1699569129\n|move|p1a: new tech!|Protect|p1a: new tech!\n|-singleturn|p1a: new tech!|Protect\n|move|p2a: Tangrowth|Giga Drain|p1a: new tech!\n|-activate|p1a: new tech!|move: Protect\n|\n|-heal|p1a: new tech!|80\/100 tox|[from] ability: Poison Heal\n|-damage|p2a: Tangrowth|59\/100 tox|[from] psn\n|upkeep\n|turn|23\n|\n|t:|1699569153\n|switch|p1a: desire|Clodsire, M|100\/100\n|move|p2a: Tangrowth|Giga Drain|p1a: desire\n|-damage|p1a: desire|85\/100\n|-heal|p2a: Tangrowth|68\/100 tox|[from] drain|[of] p1a: desire\n|\n|-damage|p2a: Tangrowth|50\/100 tox|[from] psn\n|upkeep\n|turn|24\n|\n|t:|1699569168\n|switch|p1a: new tech!|Gliscor, M, shiny|80\/100 tox\n|move|p2a: Tangrowth|Knock Off|p1a: new tech!\n|-damage|p1a: new tech!|69\/100 tox\n|-enditem|p1a: new tech!|Toxic Orb|[from] move: Knock Off|[of] p2a: Tangrowth\n|\n|-heal|p1a: new tech!|81\/100 tox|[from] ability: Poison Heal\n|-damage|p2a: Tangrowth|25\/100 tox|[from] psn\n|upkeep\n|turn|25\n|\n|t:|1699569173\n|switch|p2a: Kyurem|Kyurem|76\/100\n|-ability|p2a: Kyurem|Pressure\n|move|p1a: new tech!|Earthquake|p2a: Kyurem\n|-damage|p2a: Kyurem|45\/100\n|\n|-heal|p1a: new tech!|93\/100 tox|[from] ability: Poison Heal\n|upkeep\n|turn|26\n|\n|t:|1699569183\n|move|p1a: new tech!|Protect|p1a: new tech!\n|-singleturn|p1a: new tech!|Protect\n|move|p2a: Kyurem|Roost|p2a: Kyurem\n|-heal|p2a: Kyurem|95\/100\n|-singleturn|p2a: Kyurem|move: Roost\n|\n|-heal|p1a: new tech!|100\/100 tox|[from] ability: Poison Heal\n|upkeep\n|turn|27\n|c|\u2606Sinful Ky|damn\n|\n|t:|1699569192\n|switch|p1a: desire|Clodsire, M|85\/100\n|move|p2a: Kyurem|Substitute|p2a: Kyurem\n|-start|p2a: Kyurem|Substitute\n|-damage|p2a: Kyurem|70\/100\n|\n|upkeep\n|turn|28\n|\n|t:|1699569203\n|move|p2a: Kyurem|Freeze-Dry|p1a: desire\n|-supereffective|p1a: desire\n|-damage|p1a: desire|48\/100\n|move|p1a: desire|Earthquake|p2a: Kyurem\n|-end|p2a: Kyurem|Substitute\n|\n|upkeep\n|turn|29\n|\n|t:|1699569214\n|move|p2a: Kyurem|Freeze-Dry|p1a: desire\n|-supereffective|p1a: desire\n|-damage|p1a: desire|6\/100\n|-status|p1a: desire|frz\n|cant|p1a: desire|frz\n|\n|upkeep\n|turn|30\n|c|\u2606Sinful Ky|wow\n|\n|t:|1699569223\n|move|p2a: Kyurem|Freeze-Dry|p1a: desire\n|-supereffective|p1a: desire\n|-damage|p1a: desire|0 fnt\n|faint|p1a: desire\n|\n|upkeep\n|\n|t:|1699569225\n|switch|p1a: Slide for KAY|Magnezone, tera:Fighting|60\/100\n|-damage|p1a: Slide for KAY|48\/100|[from] Spikes\n|turn|31\n|\n|t:|1699569231\n|switch|p2a: Tangrowth|Tangrowth, F|58\/100 tox\n|-damage|p2a: Tangrowth|46\/100 tox|[from] Stealth Rock\n|move|p1a: Slide for KAY|Hidden Power|p2a: Tangrowth\n|-supereffective|p2a: Tangrowth\n|-damage|p2a: Tangrowth|5\/100 tox\n|\n|-damage|p2a: Tangrowth|0 fnt|[from] psn\n|faint|p2a: Tangrowth\n|upkeep\n|\n|t:|1699569235\n|switch|p2a: Lopunny|Lopunny, F|100\/100\n|-damage|p2a: Lopunny|88\/100|[from] Stealth Rock\n|turn|32\n|\n|t:|1699569238\n|switch|p1a: new tech!|Gliscor, M, shiny|100\/100 tox\n|detailschange|p2a: Lopunny|Lopunny-Mega, F\n|-mega|p2a: Lopunny|Lopunny|Lopunnite\n|move|p2a: Lopunny|Frustration|p1a: new tech!\n|-crit|p1a: new tech!\n|-damage|p1a: new tech!|52\/100 tox\n|\n|-heal|p1a: new tech!|64\/100 tox|[from] ability: Poison Heal\n|upkeep\n|turn|33\n|\n|t:|1699569245\n|switch|p2a: Garchomp|Garchomp, F|52\/100\n|-damage|p2a: Garchomp|46\/100|[from] Stealth Rock\n|move|p1a: new tech!|Toxic|p2a: Garchomp\n|-status|p2a: Garchomp|tox\n|\n|-damage|p2a: Garchomp|39\/100 tox|[from] psn\n|-heal|p1a: new tech!|77\/100 tox|[from] ability: Poison Heal\n|upkeep\n|turn|34\n|\n|t:|1699569255\n|move|p1a: new tech!|Protect|p1a: new tech!\n|-singleturn|p1a: new tech!|Protect\n|move|p2a: Garchomp|Stealth Rock|p1a: new tech!\n|-sidestart|p1: Sinful Ky|move: Stealth Rock\n|\n|-damage|p2a: Garchomp|27\/100 tox|[from] psn\n|-heal|p1a: new tech!|89\/100 tox|[from] ability: Poison Heal\n|upkeep\n|turn|35\n|\n|t:|1699569263\n|switch|p1a: uh..|Slowking, M|87\/100\n|-damage|p1a: uh..|75\/100|[from] Spikes\n|-damage|p1a: uh..|62\/100|[from] Stealth Rock\n|move|p2a: Garchomp|Spikes|p1a: uh..\n|-sidestart|p1: Sinful Ky|Spikes\n|\n|-damage|p2a: Garchomp|8\/100 tox|[from] psn\n|upkeep\n|turn|36\n|\n|t:|1699569273\n|move|p2a: Garchomp|Earthquake|p1a: uh..\n|-damage|p1a: uh..|15\/100\n|move|p1a: uh..|Future Sight|p2a: Garchomp\n|-start|p1a: uh..|move: Future Sight\n|\n|-damage|p2a: Garchomp|0 fnt|[from] psn\n|faint|p2a: Garchomp\n|upkeep\n|\n|t:|1699569277\n|switch|p2a: Lopunny|Lopunny-Mega, F|88\/100\n|-damage|p2a: Lopunny|82\/100|[from] Stealth Rock\n|turn|37\n|\n|t:|1699569281\n|switch|p1a: new tech!|Gliscor, M, shiny|89\/100 tox\n|-damage|p1a: new tech!|77\/100 tox|[from] Stealth Rock\n|move|p2a: Lopunny|Frustration|p1a: new tech!\n|-damage|p1a: new tech!|44\/100 tox\n|\n|-heal|p1a: new tech!|57\/100 tox|[from] ability: Poison Heal\n|upkeep\n|turn|38\n|\n|t:|1699569297\n|move|p2a: Lopunny|Frustration|p1a: new tech!\n|-damage|p1a: new tech!|26\/100 tox\n|move|p1a: new tech!|Earthquake|p2a: Lopunny\n|-damage|p2a: Lopunny|36\/100\n|\n|-end|p2a: Lopunny|move: Future Sight\n|-supereffective|p2a: Lopunny\n|-damage|p2a: Lopunny|0 fnt\n|faint|p2a: Lopunny\n|-heal|p1a: new tech!|38\/100 tox|[from] ability: Poison Heal\n|upkeep\n|c|\u2606Sinful Ky|yeah kyrum just\n|c|\u2606Sinful Ky|wins\n|\n|t:|1699569311\n|switch|p2a: Kyurem|Kyurem|70\/100\n|-ability|p2a: Kyurem|Pressure\n|turn|39\n|c|\u2606delemon|yes\n|c|\u2606Sinful Ky|that freeze fucked me up\n|\n|t:|1699569316\n|move|p2a: Kyurem|Freeze-Dry|p1a: new tech!\n|-supereffective|p1a: new tech!\n|-damage|p1a: new tech!|0 fnt\n|faint|p1a: new tech!\n|\n|upkeep\n|\n|t:|1699569320\n|switch|p1a: Slide for KAY|Magnezone, tera:Fighting|48\/100\n|-damage|p1a: Slide for KAY|31\/100|[from] Spikes\n|-damage|p1a: Slide for KAY|25\/100|[from] Stealth Rock\n|turn|40\n|c|\u2606delemon|I froze at some point\n|c|\u2606Sinful Ky|huh\n|\n|t:|1699569338\n|switch|p2a: Victini|Victini|100\/100\n|-damage|p2a: Victini|76\/100|[from] Stealth Rock\n|move|p1a: Slide for KAY|Flash Cannon|p2a: Victini\n|-resisted|p2a: Victini\n|-damage|p2a: Victini|44\/100\n|\n|upkeep\n|turn|41\n|\n|t:|1699569343\n|move|p2a: Victini|V-create|p1a: Slide for KAY\n|-damage|p1a: Slide for KAY|0 fnt\n|-unboost|p2a: Victini|spe|1\n|-unboost|p2a: Victini|def|1\n|-unboost|p2a: Victini|spd|1\n|faint|p1a: Slide for KAY\n|\n|upkeep\n|\n|t:|1699569349\n|switch|p1a: uh..|Slowking, M|48\/100\n|-damage|p1a: uh..|32\/100|[from] Spikes\n|-damage|p1a: uh..|19\/100|[from] Stealth Rock\n|turn|42\n|\n|t:|1699569352\n|switch|p2a: Kyurem|Kyurem|70\/100\n|-ability|p2a: Kyurem|Pressure\n|move|p1a: uh..|Future Sight|p2a: Kyurem\n|-start|p1a: uh..|move: Future Sight\n|\n|upkeep\n|turn|43\n|\n|t:|1699569356\n|move|p2a: Kyurem|Substitute|p2a: Kyurem\n|-start|p2a: Kyurem|Substitute\n|-damage|p2a: Kyurem|45\/100\n|move|p1a: uh..|Slack Off|p1a: uh..\n|-heal|p1a: uh..|69\/100\n|\n|upkeep\n|turn|44\n|\n|t:|1699569358\n|move|p2a: Kyurem|Roost|p2a: Kyurem\n|-heal|p2a: Kyurem|95\/100\n|-singleturn|p2a: Kyurem|move: Roost\n|move|p1a: uh..|Scald|p2a: Kyurem\n|-resisted|p2a: Kyurem\n|-activate|p2a: Kyurem|move: Substitute|[damage]\n|\n|-end|p2a: Kyurem|move: Future Sight\n|-end|p2a: Kyurem|Substitute\n|upkeep\n|turn|45\n|\n|t:|1699569361\n|move|p2a: Kyurem|Substitute|p2a: Kyurem\n|-start|p2a: Kyurem|Substitute\n|-damage|p2a: Kyurem|71\/100\n|move|p1a: uh..|Scald|p2a: Kyurem\n|-resisted|p2a: Kyurem\n|-activate|p2a: Kyurem|move: Substitute|[damage]\n|\n|upkeep\n|turn|46\n|\n|t:|1699569363\n|move|p2a: Kyurem|Freeze-Dry|p1a: uh..\n|-supereffective|p1a: uh..\n|-damage|p1a: uh..|28\/100\n|move|p1a: uh..|Scald|p2a: Kyurem\n|-resisted|p2a: Kyurem\n|-end|p2a: Kyurem|Substitute\n|\n|upkeep\n|turn|47\n|\n|t:|1699569368\n|move|p2a: Kyurem|Freeze-Dry|p1a: uh..\n|-supereffective|p1a: uh..\n|-damage|p1a: uh..|0 fnt\n|faint|p1a: uh..\n|\n|upkeep\n|\n|t:|1699569370\n|switch|p1a: Imperial Circus|Ogerpon, F|72\/100\n|turn|48\n|\n|t:|1699569379\n|move|p1a: Imperial Circus|Swords Dance|p1a: Imperial Circus\n|-boost|p1a: Imperial Circus|atk|2\n|move|p2a: Kyurem|Freeze-Dry|p1a: Imperial Circus\n|-supereffective|p1a: Imperial Circus\n|-damage|p1a: Imperial Circus|0 fnt\n|faint|p1a: Imperial Circus\n|\n|win|delemon\n|n|\u2606Sinful Ky|sinfulky\n|n|\u2606delemon|delemon\n|n| ForeverWing|foreverwing\n|c|\u2606delemon|gg\n|c|\u2606Sinful Ky|gg\n|l|\u2606Sinful Ky\n|l| ForeverWing\n|l|\u2606delemon\n","uploadtime":1699569412,"views":49,"p1id":"sinfulky","p2id":"delemon","formatid":"gen9nationaldex","rating":0,"private":0,"password":""}