{"id":"gen9nationaldex-1988371721","p1":"guess19","p2":"Danwithnoplan","format":"[Gen 9] National Dex","log":"|j|\u2606guess19\n|j|\u2606Danwithnoplan\n|t:|1699715284\n|gametype|singles\n|player|p1|guess19|volkner|1552\n|player|p2|Danwithnoplan|psychic-lgpe|1533\n|teamsize|p1|6\n|teamsize|p2|6\n|gen|9\n|tier|[Gen 9] National Dex\n|rated|\n|rule|HP Percentage Mod: HP is shown in percentages\n|rule|Endless Battle Clause: Forcing endless battles is banned\n|rule|OHKO Clause: OHKO moves are banned\n|rule|Evasion Clause: Evasion abilities, items, and moves are banned\n|rule|Evasion Abilities Clause: Evasion abilities are banned\n|rule|Evasion Items Clause: Evasion items are banned\n|rule|Evasion Moves Clause: Evasion moves are banned\n|rule|Species Clause: Limit one of each Pok\u00e9mon\n|rule|Sleep Clause Mod: Limit one foe put to sleep\n|clearpoke\n|poke|p1|Cloyster, M|\n|poke|p1|Umbreon, F|\n|poke|p1|Gardevoir, F|\n|poke|p1|Forretress, M|\n|poke|p1|Thundurus-Therian, M|\n|poke|p1|Ambipom, M|\n|poke|p2|Tornadus-Therian, M|\n|poke|p2|Gliscor, M|\n|poke|p2|Samurott-Hisui, F|\n|poke|p2|Heatran, M|\n|poke|p2|Diancie|\n|poke|p2|Rillaboom, F|\n|teampreview\n|inactive|Battle timer is ON: inactive players will automatically lose when time's up. (requested by Danwithnoplan)\n|\n|t:|1699715296\n|start\n|switch|p1a: Forretress|Forretress, M|100\/100\n|switch|p2a: Samurott|Samurott-Hisui, F|100\/100\n|turn|1\n|\n|t:|1699715306\n|move|p2a: Samurott|Flip Turn|p1a: Forretress\n|-damage|p1a: Forretress|82\/100\n|-damage|p2a: Samurott|84\/100|[from] item: Rocky Helmet|[of] p1a: Forretress\n|\n|t:|1699715324\n|switch|p2a: Gliscor|Gliscor, M|100\/100|[from] Flip Turn\n|move|p1a: Forretress|Stealth Rock|p2a: Gliscor\n|-sidestart|p2: Danwithnoplan|move: Stealth Rock\n|\n|-status|p2a: Gliscor|tox|[from] item: Toxic Orb\n|upkeep\n|turn|2\n|\n|t:|1699715345\n|switch|p1a: Thundurus|Thundurus-Therian, M|100\/100\n|move|p2a: Gliscor|Swords Dance|p2a: Gliscor\n|-boost|p2a: Gliscor|atk|2\n|\n|upkeep\n|turn|3\n|\n|t:|1699715362\n|move|p1a: Thundurus|Nasty Plot|p1a: Thundurus\n|-boost|p1a: Thundurus|spa|2\n|move|p2a: Gliscor|Facade|p1a: Thundurus\n|-damage|p1a: Thundurus|4\/100\n|\n|upkeep\n|turn|4\n|\n|t:|1699715377\n|-terastallize|p2a: Gliscor|Fairy\n|move|p1a: Thundurus|Grass Knot|p2a: Gliscor\n|-damage|p2a: Gliscor|57\/100 tox\n|move|p2a: Gliscor|Facade|p1a: Thundurus\n|-damage|p1a: Thundurus|0 fnt\n|faint|p1a: Thundurus\n|\n|-heal|p2a: Gliscor|69\/100 tox|[from] ability: Poison Heal\n|upkeep\n|inactive|guess19 has 120 seconds left.\n|\n|t:|1699715392\n|switch|p1a: Forretress|Forretress, M|82\/100\n|turn|5\n|inactive|guess19 has 120 seconds left.\n|\n|t:|1699715398\n|move|p2a: Gliscor|Swords Dance|p2a: Gliscor\n|-boost|p2a: Gliscor|atk|2\n|move|p1a: Forretress|Gyro Ball|p2a: Gliscor\n|-supereffective|p2a: Gliscor\n|-damage|p2a: Gliscor|35\/100 tox\n|\n|-heal|p2a: Gliscor|48\/100 tox|[from] ability: Poison Heal\n|upkeep\n|turn|6\n|inactive|guess19 has 120 seconds left.\n|\n|t:|1699715415\n|move|p2a: Gliscor|Earthquake|p1a: Forretress\n|-damage|p1a: Forretress|12\/100\n|move|p1a: Forretress|Gyro Ball|p2a: Gliscor\n|-supereffective|p2a: Gliscor\n|-damage|p2a: Gliscor|15\/100 tox\n|\n|-heal|p2a: Gliscor|28\/100 tox|[from] ability: Poison Heal\n|upkeep\n|turn|7\n|inactive|guess19 has 120 seconds left.\n|\n|t:|1699715427\n|move|p2a: Gliscor|Roost|p2a: Gliscor\n|-heal|p2a: Gliscor|78\/100 tox\n|move|p1a: Forretress|Gyro Ball|p2a: Gliscor\n|-supereffective|p2a: Gliscor\n|-damage|p2a: Gliscor|41\/100 tox\n|\n|-heal|p2a: Gliscor|54\/100 tox|[from] ability: Poison Heal\n|upkeep\n|turn|8\n|inactive|guess19 has 120 seconds left.\n|\n|t:|1699715442\n|move|p2a: Gliscor|Roost|p2a: Gliscor\n|-heal|p2a: Gliscor|100\/100 tox\n|move|p1a: Forretress|Volt Switch|p2a: Gliscor\n|-damage|p2a: Gliscor|92\/100 tox\n|\n|t:|1699715449\n|switch|p1a: \u9b3c\u65af|Cloyster, M|100\/100|[from] Volt Switch\n|\n|-heal|p2a: Gliscor|100\/100 tox|[from] ability: Poison Heal\n|upkeep\n|turn|9\n|inactive|guess19 has 120 seconds left.\n|\n|t:|1699715469\n|move|p1a: \u9b3c\u65af|Shell Smash|p1a: \u9b3c\u65af\n|-unboost|p1a: \u9b3c\u65af|def|1\n|-unboost|p1a: \u9b3c\u65af|spd|1\n|-boost|p1a: \u9b3c\u65af|atk|2\n|-boost|p1a: \u9b3c\u65af|spa|2\n|-boost|p1a: \u9b3c\u65af|spe|2\n|move|p2a: Gliscor|Earthquake|p1a: \u9b3c\u65af\n|-enditem|p1a: \u9b3c\u65af|Focus Sash\n|-damage|p1a: \u9b3c\u65af|1\/100\n|\n|upkeep\n|turn|10\n|\n|t:|1699715493\n|-terastallize|p1a: \u9b3c\u65af|Ice\n|move|p1a: \u9b3c\u65af|Icicle Spear|p2a: Gliscor\n|-damage|p2a: Gliscor|75\/100 tox\n|-damage|p2a: Gliscor|49\/100 tox\n|-crit|p2a: Gliscor\n|-damage|p2a: Gliscor|12\/100 tox\n|-damage|p2a: Gliscor|0 fnt\n|faint|p2a: Gliscor\n|-hitcount|p2: Gliscor|4\n|\n|upkeep\n|\n|t:|1699715507\n|switch|p2a: Rillaboom|Rillaboom, F|100\/100\n|-damage|p2a: Rillaboom|88\/100|[from] Stealth Rock\n|-fieldstart|move: Grassy Terrain|[from] ability: Grassy Surge|[of] p2a: Rillaboom\n|turn|11\n|\n|t:|1699715514\n|move|p1a: \u9b3c\u65af|Ice Shard|p2a: Rillaboom\n|-supereffective|p2a: Rillaboom\n|-damage|p2a: Rillaboom|0 fnt\n|faint|p2a: Rillaboom\n|\n|-heal|p1a: \u9b3c\u65af|7\/100|[from] Grassy Terrain\n|upkeep\n|inactive|Danwithnoplan has 120 seconds left.\n|\n|t:|1699715542\n|switch|p2a: Heatran|Heatran, M|100\/100\n|-damage|p2a: Heatran|88\/100|[from] Stealth Rock\n|turn|12\n|\n|t:|1699715551\n|move|p1a: \u9b3c\u65af|Waterfall|p2a: Heatran\n|-supereffective|p2a: Heatran\n|-damage|p2a: Heatran|0 fnt\n|faint|p2a: Heatran\n|\n|-heal|p1a: \u9b3c\u65af|13\/100|[from] Grassy Terrain\n|upkeep\n|\n|t:|1699715560\n|switch|p2a: Samurott|Samurott-Hisui, F|84\/100\n|-damage|p2a: Samurott|72\/100|[from] Stealth Rock\n|turn|13\n|\n|t:|1699715569\n|move|p1a: \u9b3c\u65af|Icicle Spear|p2a: Samurott\n|-resisted|p2a: Samurott\n|-damage|p2a: Samurott|51\/100\n|-resisted|p2a: Samurott\n|-damage|p2a: Samurott|29\/100\n|-resisted|p2a: Samurott\n|-damage|p2a: Samurott|10\/100\n|-resisted|p2a: Samurott\n|-damage|p2a: Samurott|0 fnt\n|faint|p2a: Samurott\n|-hitcount|p2: Samurott|4\n|\n|-heal|p1a: \u9b3c\u65af|20\/100|[from] Grassy Terrain\n|upkeep\n|-message|Danwithnoplan forfeited.\n|\n|win|guess19\n|raw|guess19's rating: 1552 &rarr; <strong>1571<\/strong><br \/>(+19 for winning)\n|raw|Danwithnoplan's rating: 1533 &rarr; <strong>1514<\/strong><br \/>(-19 for losing)\n|l|\u2606Danwithnoplan\n","uploadtime":1699715593,"views":13,"p1id":"guess19","p2id":"danwithnoplan","formatid":"gen9nationaldex","rating":1514,"private":0,"password":""}