{"id":"gen9nationaldex-1996251464","p1":"lighteater24","p2":"runeatest","format":"[Gen 9] National Dex","log":"|html|<div class=\"broadcast-blue\"><strong>[Gen 9] National Dex is currently suspecting Sneasler! For information on how to participate check out the <a href=\"https:\/\/www.smogon.com\/forums\/threads\/sv-national-dex-suspect-8-just-dance.3731534\/\">suspect thread<\/a>.<\/strong><\/div>\n|j|\u2606lighteater24\n|j|\u2606runeatest\n|t:|1700664101\n|gametype|singles\n|player|p1|lighteater24|grimsley|1123\n|player|p2|runeatest|fisherman-gen4|1188\n|teamsize|p1|6\n|teamsize|p2|6\n|gen|9\n|tier|[Gen 9] National Dex\n|rated|\n|rule|HP Percentage Mod: HP is shown in percentages\n|rule|Endless Battle Clause: Forcing endless battles is banned\n|rule|OHKO Clause: OHKO moves are banned\n|rule|Evasion Clause: Evasion abilities, items, and moves are banned\n|rule|Evasion Abilities Clause: Evasion abilities are banned\n|rule|Evasion Items Clause: Evasion items are banned\n|rule|Evasion Moves Clause: Evasion moves are banned\n|rule|Species Clause: Limit one of each Pok\u00e9mon\n|rule|Sleep Clause Mod: Limit one foe put to sleep\n|clearpoke\n|poke|p1|Weavile, F|\n|poke|p1|Glaceon, F|\n|poke|p1|Ceruledge, F|\n|poke|p1|Aegislash, M|\n|poke|p1|Chandelure, M|\n|poke|p1|Froslass, F|\n|poke|p2|Vaporeon, M|\n|poke|p2|Salamence, M|\n|poke|p2|Hitmontop, M|\n|poke|p2|Electivire, M|\n|poke|p2|Togekiss, M|\n|poke|p2|Houndoom, M|\n|teampreview\n|inactive|Battle timer is ON: inactive players will automatically lose when time's up. (requested by lighteater24)\n|\n|t:|1700664126\n|start\n|switch|p1a: Weavile|Weavile, F|100\/100\n|switch|p2a: Salamence|Salamence, M|100\/100\n|-ability|p1a: Weavile|Pressure\n|-ability|p2a: Salamence|Intimidate|boost\n|-unboost|p1a: Weavile|atk|1\n|turn|1\n|\n|t:|1700664136\n|switch|p2a: Vaporeon|Vaporeon, M|100\/100\n|move|p1a: Weavile|Triple Axel|p2a: Vaporeon\n|-resisted|p2a: Vaporeon\n|-damage|p2a: Vaporeon|97\/100\n|-resisted|p2a: Vaporeon\n|-damage|p2a: Vaporeon|91\/100\n|-resisted|p2a: Vaporeon\n|-damage|p2a: Vaporeon|83\/100\n|-hitcount|p2a: Vaporeon|3\n|\n|-heal|p2a: Vaporeon|89\/100|[from] item: Leftovers\n|upkeep\n|turn|2\n|\n|t:|1700664149\n|switch|p1a: Glaceon|Glaceon, F|100\/100\n|move|p2a: Vaporeon|Hydro Pump|p1a: Glaceon\n|-damage|p1a: Glaceon|31\/100\n|\n|-heal|p2a: Vaporeon|95\/100|[from] item: Leftovers\n|upkeep\n|turn|3\n|\n|t:|1700664161\n|move|p1a: Glaceon|Freeze-Dry|p2a: Vaporeon\n|-supereffective|p2a: Vaporeon\n|-damage|p2a: Vaporeon|28\/100\n|move|p2a: Vaporeon|Hydro Pump|p1a: Glaceon|[miss]\n|-miss|p2a: Vaporeon|p1a: Glaceon\n|\n|-heal|p2a: Vaporeon|34\/100|[from] item: Leftovers\n|upkeep\n|turn|4\n|\n|t:|1700664170\n|switch|p2a: Houndoom|Houndoom, M|100\/100\n|move|p1a: Glaceon|Freeze-Dry|p2a: Houndoom\n|-resisted|p2a: Houndoom\n|-damage|p2a: Houndoom|77\/100\n|\n|upkeep\n|turn|5\n|\n|t:|1700664179\n|switch|p1a: Ceruledge|Ceruledge, F|100\/100\n|move|p2a: Houndoom|Dark Pulse|p1a: Ceruledge\n|-supereffective|p1a: Ceruledge\n|-damage|p1a: Ceruledge|15\/100\n|-enditem|p1a: Ceruledge|Salac Berry|[eat]\n|-boost|p1a: Ceruledge|spe|1|[from] item: Salac Berry\n|\n|upkeep\n|turn|6\n|\n|t:|1700664193\n|move|p1a: Ceruledge|Bitter Blade|p2a: Houndoom\n|-start|p2a: Houndoom|ability: Flash Fire\n|move|p2a: Houndoom|Dark Pulse|p1a: Ceruledge\n|-supereffective|p1a: Ceruledge\n|-damage|p1a: Ceruledge|0 fnt\n|faint|p1a: Ceruledge\n|\n|upkeep\n|\n|t:|1700664205\n|switch|p1a: Weavile|Weavile, F|100\/100\n|-ability|p1a: Weavile|Pressure\n|turn|7\n|\n|t:|1700664209\n|move|p1a: Weavile|Fake Out|p2a: Houndoom\n|-damage|p2a: Houndoom|49\/100\n|cant|p2a: Houndoom|flinch\n|\n|upkeep\n|turn|8\n|\n|t:|1700664215\n|move|p1a: Weavile|Night Slash|p2a: Houndoom\n|-resisted|p2a: Houndoom\n|-damage|p2a: Houndoom|14\/100\n|move|p2a: Houndoom|Flamethrower|p1a: Weavile\n|-supereffective|p1a: Weavile\n|-damage|p1a: Weavile|0 fnt\n|faint|p1a: Weavile\n|\n|upkeep\n|\n|t:|1700664225\n|switch|p1a: Froslass|Froslass, F|100\/100\n|turn|9\n|\n|t:|1700664230\n|move|p1a: Froslass|Ice Beam|p2a: Houndoom\n|-resisted|p2a: Houndoom\n|-damage|p2a: Houndoom|0 fnt\n|faint|p2a: Houndoom\n|\n|upkeep\n|\n|t:|1700664248\n|switch|p2a: Hitmontop|Hitmontop, M|100\/100\n|turn|10\n|\n|t:|1700664253\n|move|p2a: Hitmontop|Sucker Punch|p1a: Froslass\n|-supereffective|p1a: Froslass\n|-damage|p1a: Froslass|33\/100\n|move|p1a: Froslass|Psychic|p2a: Hitmontop\n|-supereffective|p2a: Hitmontop\n|-damage|p2a: Hitmontop|44\/100\n|\n|upkeep\n|turn|11\n|\n|t:|1700664261\n|switch|p1a: Aegislash|Aegislash, M|100\/100\n|switch|p2a: Vaporeon|Vaporeon, M|34\/100\n|\n|-heal|p2a: Vaporeon|40\/100|[from] item: Leftovers\n|upkeep\n|turn|12\n|\n|t:|1700664273\n|move|p2a: Vaporeon|Hydro Pump|p1a: Aegislash\n|-crit|p1a: Aegislash\n|-damage|p1a: Aegislash|36\/100\n|move|p1a: Aegislash|Swords Dance|p1a: Aegislash\n|-boost|p1a: Aegislash|atk|2\n|\n|-heal|p2a: Vaporeon|46\/100|[from] item: Leftovers\n|-heal|p1a: Aegislash|42\/100|[from] item: Leftovers\n|upkeep\n|turn|13\n|\n|t:|1700664288\n|-formechange|p1a: Aegislash|Aegislash-Blade||[from] ability: Stance Change\n|move|p1a: Aegislash|Shadow Sneak|p2a: Vaporeon\n|-damage|p2a: Vaporeon|3\/100\n|move|p2a: Vaporeon|Hydro Pump|p1a: Aegislash\n|-damage|p1a: Aegislash|0 fnt\n|faint|p1a: Aegislash\n|\n|-heal|p2a: Vaporeon|9\/100|[from] item: Leftovers\n|upkeep\n|\n|t:|1700664300\n|switch|p1a: Froslass|Froslass, F|33\/100\n|turn|14\n|\n|t:|1700664305\n|move|p1a: Froslass|Psychic|p2a: Vaporeon\n|-damage|p2a: Vaporeon|0 fnt\n|faint|p2a: Vaporeon\n|\n|upkeep\n|\n|t:|1700664309\n|switch|p2a: Salamence|Salamence, M|100\/100\n|-ability|p2a: Salamence|Intimidate|boost\n|-unboost|p1a: Froslass|atk|1\n|turn|15\n|\n|t:|1700664314\n|move|p1a: Froslass|Ice Beam|p2a: Salamence\n|-supereffective|p2a: Salamence\n|-damage|p2a: Salamence|0 fnt\n|faint|p2a: Salamence\n|\n|upkeep\n|\n|t:|1700664320\n|switch|p2a: Togekiss|Togekiss, M, shiny|100\/100\n|turn|16\n|\n|t:|1700664330\n|-terastallize|p2a: Togekiss|Fairy\n|move|p1a: Froslass|Ice Beam|p2a: Togekiss\n|-damage|p2a: Togekiss|63\/100\n|move|p2a: Togekiss|Dazzling Gleam|p1a: Froslass\n|-damage|p1a: Froslass|0 fnt\n|faint|p1a: Froslass\n|\n|upkeep\n|\n|t:|1700664341\n|switch|p1a: Chandelure|Chandelure, M|100\/100\n|turn|17\n|\n|t:|1700664349\n|move|p1a: Chandelure|Flamethrower|p2a: Togekiss\n|-damage|p2a: Togekiss|13\/100\n|move|p2a: Togekiss|Thunder Wave|p1a: Chandelure\n|-status|p1a: Chandelure|par\n|\n|upkeep\n|turn|18\n|\n|t:|1700664356\n|move|p2a: Togekiss|Air Slash|p1a: Chandelure\n|-damage|p1a: Chandelure|52\/100 par\n|move|p1a: Chandelure|Flamethrower|p2a: Togekiss\n|-damage|p2a: Togekiss|0 fnt\n|faint|p2a: Togekiss\n|\n|upkeep\n|\n|t:|1700664363\n|switch|p2a: Electivire|Electivire, M, shiny|100\/100\n|-item|p2a: Electivire|Air Balloon\n|turn|19\n|\n|t:|1700664367\n|move|p2a: Electivire|Earthquake|p1a: Chandelure\n|-supereffective|p1a: Chandelure\n|-damage|p1a: Chandelure|0 fnt\n|faint|p1a: Chandelure\n|\n|upkeep\n|\n|t:|1700664372\n|switch|p1a: Glaceon|Glaceon, F|31\/100\n|turn|20\n|\n|t:|1700664376\n|-terastallize|p1a: Glaceon|Ice\n|move|p1a: Glaceon|Ice Beam|p2a: Electivire\n|-damage|p2a: Electivire|12\/100\n|-enditem|p2a: Electivire|Air Balloon\n|move|p2a: Electivire|Fire Punch|p1a: Glaceon\n|-supereffective|p1a: Glaceon\n|-damage|p1a: Glaceon|0 fnt\n|faint|p1a: Glaceon\n|\n|win|runeatest\n|raw|lighteater24's rating: 1123 &rarr; <strong>1103<\/strong><br \/>(-20 for losing)\n|raw|runeatest's rating: 1188 &rarr; <strong>1208<\/strong><br \/>(+20 for winning)\n|l|\u2606lighteater24\n","uploadtime":1700664392,"views":1,"p1id":"lighteater24","p2id":"runeatest","formatid":"gen9nationaldex","rating":1103,"private":0,"password":""}