{"id":"gen9nationaldex-1990982551","p1":"spylent6","p2":"Thehonored1","format":"[Gen 9] National Dex","log":"|j|\u2606spylent6\n|j|\u2606Thehonored1\n|t:|1700023087\n|gametype|singles\n|player|p1|spylent6|palmer|1271\n|player|p2|Thehonored1|lance|1147\n|teamsize|p1|6\n|teamsize|p2|6\n|gen|9\n|tier|[Gen 9] National Dex\n|rated|\n|rule|HP Percentage Mod: HP is shown in percentages\n|rule|Endless Battle Clause: Forcing endless battles is banned\n|rule|OHKO Clause: OHKO moves are banned\n|rule|Evasion Clause: Evasion abilities, items, and moves are banned\n|rule|Evasion Abilities Clause: Evasion abilities are banned\n|rule|Evasion Items Clause: Evasion items are banned\n|rule|Evasion Moves Clause: Evasion moves are banned\n|rule|Species Clause: Limit one of each Pok\u00e9mon\n|rule|Sleep Clause Mod: Limit one foe put to sleep\n|clearpoke\n|poke|p1|Hatterene, F|\n|poke|p1|Porygon2|\n|poke|p1|Mawile, M|\n|poke|p1|Crawdaunt, M|\n|poke|p1|Cresselia, F|\n|poke|p1|Drampa, M|\n|poke|p2|Arcanine, M|\n|poke|p2|Volcanion|\n|poke|p2|Manectric, F|\n|poke|p2|Lilligant-Hisui, F|\n|poke|p2|Goodra-Hisui, F|\n|poke|p2|Dragonite, F|\n|teampreview\n|inactive|Battle timer is ON: inactive players will automatically lose when time's up. (requested by Thehonored1)\n|inactive|spylent6 also wants the timer to be on.\n|inactive|Thehonored1 has 120 seconds left.\n|\n|t:|1700023119\n|start\n|switch|p1a: Porygon2|Porygon2|100\/100\n|switch|p2a: Dragonite|Dragonite, F|100\/100\n|-ability|p1a: Porygon2|Multiscale|[from] ability: Trace|[of] p2a: Dragonite\n|turn|1\n|\n|t:|1700023132\n|move|p2a: Dragonite|Earthquake|p1a: Porygon2\n|-damage|p1a: Porygon2|93\/100\n|move|p1a: Porygon2|Ice Beam|p2a: Dragonite\n|-supereffective|p2a: Dragonite\n|-damage|p2a: Dragonite|61\/100\n|\n|upkeep\n|turn|2\n|\n|t:|1700023139\n|move|p2a: Dragonite|Extreme Speed|p1a: Porygon2\n|-enditem|p2a: Dragonite|Normal Gem|[from] gem\n|-damage|p1a: Porygon2|78\/100\n|move|p1a: Porygon2|Trick Room|p1a: Porygon2\n|-fieldstart|move: Trick Room|[of] p1a: Porygon2\n|\n|upkeep\n|turn|3\n|\n|t:|1700023146\n|move|p1a: Porygon2|Ice Beam|p2a: Dragonite\n|-supereffective|p2a: Dragonite\n|-damage|p2a: Dragonite|0 fnt\n|faint|p2a: Dragonite\n|\n|upkeep\n|\n|t:|1700023149\n|switch|p2a: Goodra|Goodra-Hisui, F|100\/100\n|turn|4\n|\n|t:|1700023152\n|move|p2a: Goodra|Thunderbolt|p1a: Porygon2\n|-damage|p1a: Porygon2|63\/100\n|move|p1a: Porygon2|Teleport|p1a: Porygon2\n|\n|t:|1700023158\n|switch|p1a: Drampa|Drampa, M|100\/100|[from] Teleport\n|\n|upkeep\n|turn|5\n|\n|t:|1700023169\n|-zpower|p1a: Drampa\n|move|p1a: Drampa|All-Out Pummeling|p2a: Goodra|[zeffect]\n|-supereffective|p2a: Goodra\n|-damage|p2a: Goodra|0 fnt\n|faint|p2a: Goodra\n|\n|upkeep\n|\n|t:|1700023177\n|switch|p2a: Volcanion|Volcanion|100\/100\n|turn|6\n|\n|t:|1700023182\n|move|p1a: Drampa|Focus Blast|p2a: Volcanion\n|-damage|p2a: Volcanion|58\/100\n|move|p2a: Volcanion|Steam Eruption|p1a: Drampa\n|-resisted|p1a: Drampa\n|-damage|p1a: Drampa|75\/100\n|-status|p1a: Drampa|brn\n|\n|-damage|p1a: Drampa|69\/100 brn|[from] brn\n|-fieldend|move: Trick Room\n|upkeep\n|turn|7\n|\n|t:|1700023211\n|move|p2a: Volcanion|Sunny Day|p2a: Volcanion\n|-weather|SunnyDay\n|move|p1a: Drampa|Focus Blast|p2a: Volcanion\n|-damage|p2a: Volcanion|15\/100\n|\n|-weather|SunnyDay|[upkeep]\n|-damage|p1a: Drampa|63\/100 brn|[from] brn\n|upkeep\n|turn|8\n|\n|t:|1700023216\n|move|p2a: Volcanion|Overheat|p1a: Drampa\n|-resisted|p1a: Drampa\n|-damage|p1a: Drampa|20\/100 brn\n|-unboost|p2a: Volcanion|spa|2\n|-ability|p1a: Drampa|Berserk|boost\n|-boost|p1a: Drampa|spa|1\n|move|p1a: Drampa|Focus Blast|p2a: Volcanion\n|-damage|p2a: Volcanion|0 fnt\n|faint|p2a: Volcanion\n|\n|-weather|SunnyDay|[upkeep]\n|-damage|p1a: Drampa|14\/100 brn|[from] brn\n|upkeep\n|\n|t:|1700023227\n|switch|p2a: Lilligant|Lilligant-Hisui, F|100\/100\n|turn|9\n|\n|t:|1700023235\n|switch|p1a: Mawile|Mawile, M|100\/100\n|-ability|p1a: Mawile|Intimidate|boost\n|-unboost|p2a: Lilligant|atk|1\n|move|p2a: Lilligant|Victory Dance|p2a: Lilligant\n|-boost|p2a: Lilligant|atk|1\n|-boost|p2a: Lilligant|def|1\n|-boost|p2a: Lilligant|spe|1\n|\n|-weather|SunnyDay|[upkeep]\n|upkeep\n|turn|10\n|\n|t:|1700023242\n|detailschange|p1a: Mawile|Mawile-Mega, M\n|-mega|p1a: Mawile|Mawile|Mawilite\n|move|p2a: Lilligant|Axe Kick|p1a: Mawile\n|-damage|p1a: Mawile|55\/100\n|move|p1a: Mawile|Play Rough|p2a: Lilligant\n|-supereffective|p2a: Lilligant\n|-damage|p2a: Lilligant|0 fnt\n|faint|p2a: Lilligant\n|\n|-weather|SunnyDay|[upkeep]\n|upkeep\n|\n|t:|1700023250\n|switch|p2a: Arcanine|Arcanine, M|100\/100\n|turn|11\n|\n|t:|1700023260\n|switch|p1a: Cresselia|Cresselia, F|100\/100\n|move|p2a: Arcanine|Burn Up|p1a: Cresselia\n|-damage|p1a: Cresselia|54\/100\n|-start|p2a: Arcanine|typechange|???|[from] move: Burn Up\n|\n|-weather|none\n|upkeep\n|turn|12\n|\n|t:|1700023275\n|move|p2a: Arcanine|Skull Bash||[still]\n|-prepare|p2a: Arcanine|Skull Bash\n|-boost|p2a: Arcanine|def|1\n|-enditem|p2a: Arcanine|Power Herb\n|-anim|p2a: Arcanine|Skull Bash|p1a: Cresselia\n|-damage|p1a: Cresselia|36\/100\n|move|p1a: Cresselia|Trick Room|p1a: Cresselia\n|-fieldstart|move: Trick Room|[of] p1a: Cresselia\n|\n|upkeep\n|turn|13\n|\n|t:|1700023283\n|move|p1a: Cresselia|Lunar Dance|p1a: Cresselia\n|faint|p1a: Cresselia\n|move|p2a: Arcanine|Will-O-Wisp|p1: Cresselia|[notarget]\n|-fail|p2a: Arcanine\n|\n|upkeep\n|\n|t:|1700023289\n|switch|p1a: Drampa|Drampa, M|14\/100 brn\n|-heal|p1a: Drampa|100\/100|[from] move: Lunar Dance\n|turn|14\n|\n|t:|1700023296\n|move|p1a: Drampa|Focus Blast|p2a: Arcanine\n|-damage|p2a: Arcanine|46\/100\n|move|p2a: Arcanine|Will-O-Wisp|p1a: Drampa\n|-status|p1a: Drampa|brn\n|\n|-damage|p1a: Drampa|94\/100 brn|[from] brn\n|upkeep\n|turn|15\n|\n|t:|1700023307\n|move|p1a: Drampa|Focus Blast|p2a: Arcanine\n|-damage|p2a: Arcanine|0 fnt\n|faint|p2a: Arcanine\n|\n|-damage|p1a: Drampa|88\/100 brn|[from] brn\n|upkeep\n|\n|t:|1700023310\n|switch|p2a: Manectric|Manectric, F|100\/100\n|turn|16\n|\n|t:|1700023313\n|detailschange|p2a: Manectric|Manectric-Mega, F\n|-mega|p2a: Manectric|Manectric|Manectite\n|-ability|p2a: Manectric|Intimidate|boost\n|-unboost|p1a: Drampa|atk|1\n|move|p1a: Drampa|Focus Blast|p2a: Manectric\n|-damage|p2a: Manectric|36\/100\n|move|p2a: Manectric|Flamethrower|p1a: Drampa\n|-resisted|p1a: Drampa\n|-damage|p1a: Drampa|72\/100 brn\n|\n|-damage|p1a: Drampa|66\/100 brn|[from] brn\n|-fieldend|move: Trick Room\n|upkeep\n|turn|17\n|inactive|Thehonored1 has 120 seconds left.\n|c|\u2606spylent6|\u522b\u73a9\u8fd9\u79cd\n|c|\u2606spylent6|man?\n|\n|t:|1700023357\n|move|p2a: Manectric|Discharge|p1a: Drampa\n|-resisted|p1a: Drampa\n|-damage|p1a: Drampa|46\/100 brn\n|-ability|p1a: Drampa|Berserk|boost\n|-boost|p1a: Drampa|spa|1\n|move|p1a: Drampa|Focus Blast|p2a: Manectric|[miss]\n|-miss|p1a: Drampa|p2a: Manectric\n|\n|-damage|p1a: Drampa|40\/100 brn|[from] brn\n|upkeep\n|turn|18\n|inactive|Thehonored1 has 90 seconds left.\n|c|\u2606spylent6|what are youdoing?\n|c|\u2606spylent6|7\u5934\n|inactive|Thehonored1 has 60 seconds left.\n|inactive|Thehonored1 has 30 seconds left.\n|inactive|Thehonored1 has 20 seconds left.\n|inactive|Thehonored1 has 15 seconds left.\n|inactive|Thehonored1 has 10 seconds left.\n|inactive|Thehonored1 has 5 seconds left.\n|-message|Thehonored1 lost due to inactivity.\n|\n|win|spylent6\n|raw|spylent6's rating: 1271 &rarr; <strong>1287<\/strong><br \/>(+16 for winning)\n|raw|Thehonored1's rating: 1147 &rarr; <strong>1131<\/strong><br \/>(-16 for losing)\n","uploadtime":1700023485,"views":7,"p1id":"spylent6","p2id":"thehonored1","formatid":"gen9nationaldex","rating":1131,"private":0,"password":""}