{"id":"gen9nationaldex-1997327547","p1":"DudunsparceBoi","p2":"RunningPoet","format":"[Gen 9] National Dex","log":"|html|<div class=\"broadcast-blue\"><strong>[Gen 9] National Dex is currently suspecting Sneasler! For information on how to participate check out the <a href=\"https:\/\/www.smogon.com\/forums\/threads\/sv-national-dex-suspect-8-just-dance.3731534\/\">suspect thread<\/a>.<\/strong><\/div>\n|j|\u2606DudunsparceBoi\n|j|\u2606RunningPoet\n|t:|1700789900\n|gametype|singles\n|player|p1|DudunsparceBoi|gardenia|1099\n|player|p2|RunningPoet|265|1072\n|teamsize|p1|6\n|teamsize|p2|6\n|gen|9\n|tier|[Gen 9] National Dex\n|rated|\n|rule|HP Percentage Mod: HP is shown in percentages\n|rule|Endless Battle Clause: Forcing endless battles is banned\n|rule|OHKO Clause: OHKO moves are banned\n|rule|Evasion Clause: Evasion abilities, items, and moves are banned\n|rule|Evasion Abilities Clause: Evasion abilities are banned\n|rule|Evasion Items Clause: Evasion items are banned\n|rule|Evasion Moves Clause: Evasion moves are banned\n|rule|Species Clause: Limit one of each Pok\u00e9mon\n|rule|Sleep Clause Mod: Limit one foe put to sleep\n|clearpoke\n|poke|p1|Meowscarada, F|\n|poke|p1|Dudunsparce-*, M|\n|poke|p1|Centiskorch, M|\n|poke|p1|Emolga, F|\n|poke|p1|Bastiodon, M|\n|poke|p1|Cursola, F|\n|poke|p2|Ribombee, F|\n|poke|p2|Absol, F|\n|poke|p2|Aegislash, F|\n|poke|p2|Garchomp, M|\n|poke|p2|Hawlucha, M|\n|poke|p2|Rillaboom, F|\n|teampreview\n|inactive|Battle timer is ON: inactive players will automatically lose when time's up. (requested by RunningPoet)\n|\n|t:|1700789910\n|start\n|switch|p1a: Bastiodon|Bastiodon, M|100\/100\n|switch|p2a: Absol|Absol, F|100\/100\n|turn|1\n|\n|t:|1700789924\n|detailschange|p2a: Absol|Absol-Mega, F\n|-mega|p2a: Absol|Absol|Absolite\n|move|p2a: Absol|Swords Dance|p2a: Absol\n|-boost|p2a: Absol|atk|2\n|move|p1a: Bastiodon|Stealth Rock|p2a: Absol\n|move|p2a: Absol|Stealth Rock|p1a: Bastiodon|[from]ability: Magic Bounce\n|-sidestart|p1: DudunsparceBoi|move: Stealth Rock\n|\n|upkeep\n|turn|2\n|\n|t:|1700789939\n|move|p2a: Absol|Close Combat|p1a: Bastiodon\n|-supereffective|p1a: Bastiodon\n|-ability|p1a: Bastiodon|Sturdy\n|-damage|p1a: Bastiodon|1\/100\n|-unboost|p2a: Absol|def|1\n|-unboost|p2a: Absol|spd|1\n|-damage|p2a: Absol|84\/100|[from] item: Rocky Helmet|[of] p1a: Bastiodon\n|move|p1a: Bastiodon|Heavy Slam|p2a: Absol\n|-damage|p2a: Absol|34\/100\n|\n|upkeep\n|turn|3\n|\n|t:|1700789956\n|move|p2a: Absol|Sucker Punch|p1a: Bastiodon\n|-damage|p1a: Bastiodon|0 fnt\n|-damage|p2a: Absol|17\/100|[from] item: Rocky Helmet|[of] p1a: Bastiodon\n|faint|p1a: Bastiodon\n|\n|upkeep\n|inactive|DudunsparceBoi has 120 seconds left.\n|\n|t:|1700789976\n|switch|p1a: Dudunsparce|Dudunsparce, M|100\/100\n|-damage|p1a: Dudunsparce|88\/100|[from] Stealth Rock\n|turn|4\n|\n|t:|1700789983\n|move|p2a: Absol|Close Combat|p1a: Dudunsparce\n|-supereffective|p1a: Dudunsparce\n|-damage|p1a: Dudunsparce|0 fnt\n|-unboost|p2a: Absol|def|1\n|-unboost|p2a: Absol|spd|1\n|faint|p1a: Dudunsparce\n|\n|upkeep\n|inactive|DudunsparceBoi has 120 seconds left.\n|\n|t:|1700789997\n|switch|p1a: Cursola|Cursola, F|100\/100\n|-damage|p1a: Cursola|88\/100|[from] Stealth Rock\n|turn|5\n|\n|t:|1700790001\n|move|p2a: Absol|Sucker Punch||[still]\n|-fail|p2a: Absol\n|move|p1a: Cursola|Reflect|p1a: Cursola\n|-sidestart|p1: DudunsparceBoi|Reflect\n|\n|-heal|p1a: Cursola|94\/100|[from] item: Leftovers\n|upkeep\n|turn|6\n|\n|t:|1700790008\n|move|p2a: Absol|Play Rough|p1a: Cursola\n|-damage|p1a: Cursola|48\/100\n|-ability|p1a: Cursola|Perish Body\n|move|p1a: Cursola|Iron Defense|p1a: Cursola\n|-boost|p1a: Cursola|def|2\n|\n|-heal|p1a: Cursola|54\/100|[from] item: Leftovers\n|-start|p2a: Absol|perish3\n|-start|p1a: Cursola|perish3\n|upkeep\n|turn|7\n|\n|t:|1700790026\n|move|p2a: Absol|Play Rough|p1a: Cursola\n|-damage|p1a: Cursola|27\/100\n|move|p1a: Cursola|Night Shade|p2a: Absol\n|-damage|p2a: Absol|0 fnt\n|faint|p2a: Absol\n|\n|-heal|p1a: Cursola|33\/100|[from] item: Leftovers\n|-start|p1a: Cursola|perish2\n|upkeep\n|\n|t:|1700790035\n|switch|p2a: Aegislash|Aegislash, F|100\/100\n|turn|8\n|\n|t:|1700790048\n|move|p2a: Aegislash|Swords Dance|p2a: Aegislash\n|-boost|p2a: Aegislash|atk|2\n|move|p1a: Cursola|Night Shade|p2a: Aegislash\n|-damage|p2a: Aegislash|70\/100\n|\n|-heal|p2a: Aegislash|76\/100|[from] item: Leftovers\n|-heal|p1a: Cursola|39\/100|[from] item: Leftovers\n|-start|p1a: Cursola|perish1\n|upkeep\n|turn|9\n|\n|t:|1700790061\n|switch|p2a: Ribombee|Ribombee, F|100\/100\n|switch|p1a: Emolga|Emolga, F|100\/100\n|-damage|p1a: Emolga|76\/100|[from] Stealth Rock\n|\n|-sideend|p1: DudunsparceBoi|Reflect\n|upkeep\n|turn|10\n|\n|t:|1700790086\n|move|p2a: Ribombee|Moonblast|p1a: Emolga\n|-damage|p1a: Emolga|5\/100\n|move|p1a: Emolga|Nuzzle|p2a: Ribombee\n|-damage|p2a: Ribombee|88\/100\n|\n|upkeep\n|turn|11\n|\n|t:|1700790101\n|move|p2a: Ribombee|Moonblast|p1a: Emolga\n|-crit|p1a: Emolga\n|-damage|p1a: Emolga|0 fnt\n|faint|p1a: Emolga\n|\n|upkeep\n|\n|t:|1700790111\n|switch|p1a: Cursola|Cursola, F|39\/100\n|-damage|p1a: Cursola|27\/100|[from] Stealth Rock\n|turn|12\n|\n|t:|1700790115\n|move|p2a: Ribombee|Moonblast|p1a: Cursola\n|-damage|p1a: Cursola|0 fnt\n|faint|p1a: Cursola\n|\n|upkeep\n|\n|t:|1700790120\n|switch|p1a: Centiskorch|Centiskorch, M|100\/100\n|-damage|p1a: Centiskorch|51\/100|[from] Stealth Rock\n|turn|13\n|\n|t:|1700790132\n|move|p2a: Ribombee|Moonblast|p1a: Centiskorch\n|-resisted|p1a: Centiskorch\n|-damage|p1a: Centiskorch|30\/100\n|move|p1a: Centiskorch|Fire Lash|p2a: Ribombee\n|-supereffective|p2a: Ribombee\n|-damage|p2a: Ribombee|0 fnt\n|faint|p2a: Ribombee\n|\n|upkeep\n|\n|t:|1700790140\n|switch|p2a: Garchomp|Garchomp, M|100\/100\n|turn|14\n|\n|t:|1700790145\n|move|p2a: Garchomp|Scale Shot|p1a: Centiskorch\n|-crit|p1a: Centiskorch\n|-damage|p1a: Centiskorch|1\/100\n|-crit|p1a: Centiskorch\n|-damage|p1a: Centiskorch|0 fnt\n|faint|p1a: Centiskorch\n|-hitcount|p1: Centiskorch|2\n|-unboost|p2a: Garchomp|def|1\n|-boost|p2a: Garchomp|spe|1\n|\n|upkeep\n|\n|t:|1700790154\n|switch|p1a: Meowscarada|Meowscarada, F|100\/100\n|-damage|p1a: Meowscarada|88\/100|[from] Stealth Rock\n|turn|15\n|\n|t:|1700790168\n|move|p2a: Garchomp|Iron Head|p1a: Meowscarada\n|-damage|p1a: Meowscarada|46\/100\n|cant|p1a: Meowscarada|flinch\n|\n|upkeep\n|turn|16\n|\n|t:|1700790174\n|move|p2a: Garchomp|Iron Head|p1a: Meowscarada\n|-damage|p1a: Meowscarada|1\/100\n|cant|p1a: Meowscarada|flinch\n|\n|upkeep\n|turn|17\n|\n|t:|1700790178\n|move|p2a: Garchomp|Iron Head|p1a: Meowscarada\n|-damage|p1a: Meowscarada|0 fnt\n|faint|p1a: Meowscarada\n|\n|win|RunningPoet\n|raw|DudunsparceBoi's rating: 1099 &rarr; <strong>1072<\/strong><br \/>(-27 for losing)\n|raw|RunningPoet's rating: 1072 &rarr; <strong>1103<\/strong><br \/>(+31 for winning)\n|c|\u2606DudunsparceBoi|gg\n|l|\u2606DudunsparceBoi\n|c|\u2606RunningPoet|gg\n","uploadtime":1700790188,"views":3,"p1id":"dudunsparceboi","p2id":"runningpoet","formatid":"gen9nationaldex","rating":1072,"private":0,"password":""}