{"id":"gen9nationaldex-1994598294","p1":"hanwujiwandou","p2":"mtyqjltz6","format":"[Gen 9] National Dex","log":"|html|<div class=\"broadcast-blue\"><strong>[Gen 9] National Dex is currently suspecting Sneasler! For information on how to participate check out the <a href=\"https:\/\/www.smogon.com\/forums\/threads\/sv-national-dex-suspect-8-just-dance.3731534\/\">suspect thread<\/a>.<\/strong><\/div>\n|j|\u203dhanwujiwandou\n|j|\u2606mtyqjltz6\n|t:|1700466878\n|gametype|singles\n|player|p1|hanwujiwandou|lillie-z|1429\n|player|p2|mtyqjltz6|elesa|1415\n|teamsize|p1|6\n|teamsize|p2|6\n|gen|9\n|tier|[Gen 9] National Dex\n|rated|\n|rule|HP Percentage Mod: HP is shown in percentages\n|rule|Endless Battle Clause: Forcing endless battles is banned\n|rule|OHKO Clause: OHKO moves are banned\n|rule|Evasion Clause: Evasion abilities, items, and moves are banned\n|rule|Evasion Abilities Clause: Evasion abilities are banned\n|rule|Evasion Items Clause: Evasion items are banned\n|rule|Evasion Moves Clause: Evasion moves are banned\n|rule|Species Clause: Limit one of each Pok\u00e9mon\n|rule|Sleep Clause Mod: Limit one foe put to sleep\n|clearpoke\n|poke|p1|Heatran, M|\n|poke|p1|Gliscor, F|\n|poke|p1|Moltres|\n|poke|p1|Ferrothorn, F|\n|poke|p1|Ogerpon-Cornerstone, F|\n|poke|p1|Pinsir, M|\n|poke|p2|Raticate, M|\n|poke|p2|Ribombee, F|\n|poke|p2|Nidoking, M|\n|poke|p2|Bisharp, M|\n|poke|p2|Medicham, F|\n|poke|p2|Thundurus-Therian, M|\n|teampreview\n|inactive|Battle timer is ON: inactive players will automatically lose when time's up. (requested by mtyqjltz6)\n|\n|t:|1700466886\n|start\n|switch|p1a: Ferrothorn|Ferrothorn, F|100\/100\n|switch|p2a: Ribombee|Ribombee, F, shiny|100\/100\n|turn|1\n|\n|t:|1700466890\n|move|p2a: Ribombee|Sticky Web|p1a: Ferrothorn\n|-sidestart|p1: hanwujiwandou|move: Sticky Web\n|move|p1a: Ferrothorn|Gyro Ball|p2a: Ribombee\n|-supereffective|p2a: Ribombee\n|-enditem|p2a: Ribombee|Focus Sash\n|-damage|p2a: Ribombee|1\/100\n|\n|upkeep\n|turn|2\n|\n|t:|1700466897\n|move|p2a: Ribombee|Moonblast|p1a: Ferrothorn\n|-resisted|p1a: Ferrothorn\n|-damage|p1a: Ferrothorn|89\/100\n|move|p1a: Ferrothorn|Gyro Ball|p2a: Ribombee\n|-supereffective|p2a: Ribombee\n|-damage|p2a: Ribombee|0 fnt\n|faint|p2a: Ribombee\n|\n|-heal|p1a: Ferrothorn|95\/100|[from] item: Leftovers\n|upkeep\n|\n|t:|1700466904\n|switch|p2a: Nidoking|Nidoking, M|100\/100\n|turn|3\n|\n|t:|1700466911\n|switch|p1a: Heatran|Heatran, M|100\/100\n|-activate|p1a: Heatran|move: Sticky Web\n|-unboost|p1a: Heatran|spe|1\n|move|p2a: Nidoking|Flamethrower|p1a: Heatran\n|-start|p1a: Heatran|ability: Flash Fire\n|\n|upkeep\n|turn|4\n|\n|t:|1700466920\n|-end|p1a: Heatran|ability: Flash Fire|[silent]\n|switch|p1a: Moltres|Moltres|100\/100\n|move|p2a: Nidoking|Earth Power|p1a: Moltres\n|-immune|p1a: Moltres\n|\n|upkeep\n|turn|5\n|\n|t:|1700466933\n|switch|p2a: Bisharp|Bisharp, M, shiny|100\/100\n|move|p1a: Moltres|Flamethrower|p2a: Bisharp\n|-supereffective|p2a: Bisharp\n|-damage|p2a: Bisharp|21\/100\n|\n|upkeep\n|turn|6\n|\n|t:|1700466943\n|move|p2a: Bisharp|Knock Off|p1a: Moltres\n|-damage|p1a: Moltres|60\/100\n|-enditem|p1a: Moltres|Heavy-Duty Boots|[from] move: Knock Off|[of] p2a: Bisharp\n|move|p1a: Moltres|Flamethrower|p2a: Bisharp\n|-supereffective|p2a: Bisharp\n|-damage|p2a: Bisharp|0 fnt\n|faint|p2a: Bisharp\n|\n|upkeep\n|\n|t:|1700466952\n|switch|p2a: Nidoking|Nidoking, M|100\/100\n|turn|7\n|\n|t:|1700466958\n|move|p2a: Nidoking|Sludge Wave|p1a: Moltres\n|-damage|p1a: Moltres|0 fnt\n|faint|p1a: Moltres\n|\n|upkeep\n|\n|t:|1700466965\n|switch|p1a: Gliscor|Gliscor, F|100\/100\n|turn|8\n|\n|t:|1700466987\n|-terastallize|p2a: Nidoking|Ground\n|move|p1a: Gliscor|Protect|p1a: Gliscor\n|-singleturn|p1a: Gliscor|Protect\n|move|p2a: Nidoking|Ice Beam|p1a: Gliscor\n|-activate|p1a: Gliscor|move: Protect\n|\n|-status|p1a: Gliscor|tox|[from] item: Toxic Orb\n|upkeep\n|turn|9\n|\n|t:|1700466999\n|-terastallize|p1a: Gliscor|Water\n|move|p2a: Nidoking|Earth Power|p1a: Gliscor\n|-damage|p1a: Gliscor|19\/100 tox\n|move|p1a: Gliscor|Earthquake|p2a: Nidoking\n|-damage|p2a: Nidoking|52\/100\n|\n|-heal|p1a: Gliscor|31\/100 tox|[from] ability: Poison Heal\n|upkeep\n|turn|10\n|\n|t:|1700467011\n|move|p1a: Gliscor|Protect|p1a: Gliscor\n|-singleturn|p1a: Gliscor|Protect\n|move|p2a: Nidoking|Earth Power|p1a: Gliscor\n|-activate|p1a: Gliscor|move: Protect\n|\n|-heal|p1a: Gliscor|44\/100 tox|[from] ability: Poison Heal\n|upkeep\n|turn|11\n|\n|t:|1700467032\n|move|p2a: Nidoking|Sludge Wave|p1a: Gliscor\n|-damage|p1a: Gliscor|0 fnt\n|faint|p1a: Gliscor\n|\n|upkeep\n|\n|t:|1700467035\n|switch|p1a: Pinsir|Pinsir, M|100\/100\n|-activate|p1a: Pinsir|move: Sticky Web\n|-unboost|p1a: Pinsir|spe|1\n|turn|12\n|\n|t:|1700467044\n|detailschange|p1a: Pinsir|Pinsir-Mega, M\n|-mega|p1a: Pinsir|Pinsir|Pinsirite\n|move|p1a: Pinsir|Quick Attack|p2a: Nidoking\n|-damage|p2a: Nidoking|12\/100\n|move|p2a: Nidoking|Flamethrower|p1a: Pinsir\n|-supereffective|p1a: Pinsir\n|-damage|p1a: Pinsir|0 fnt\n|faint|p1a: Pinsir\n|\n|upkeep\n|\n|t:|1700467060\n|switch|p1a: Ogerpon|Ogerpon-Cornerstone, F|100\/100\n|-activate|p1a: Ogerpon|move: Sticky Web\n|-unboost|p1a: Ogerpon|spe|1\n|turn|13\n|inactive|mtyqjltz6 has 120 seconds left.\n|\n|t:|1700467090\n|move|p2a: Nidoking|Sludge Wave|p1a: Ogerpon\n|-damage|p1a: Ogerpon|33\/100\n|move|p1a: Ogerpon|Trailblaze|p2a: Nidoking\n|-supereffective|p2a: Nidoking\n|-damage|p2a: Nidoking|0 fnt\n|-boost|p1a: Ogerpon|spe|1\n|faint|p2a: Nidoking\n|\n|upkeep\n|inactive|mtyqjltz6 has 120 seconds left.\n|\n|t:|1700467098\n|switch|p2a: Medicham|Medicham, F|100\/100\n|turn|14\n|\n|t:|1700467104\n|detailschange|p2a: Medicham|Medicham-Mega, F\n|-mega|p2a: Medicham|Medicham|Medichamite\n|move|p2a: Medicham|Fake Out|p1a: Ogerpon\n|-resisted|p1a: Ogerpon\n|-damage|p1a: Ogerpon|17\/100\n|cant|p1a: Ogerpon|flinch\n|\n|upkeep\n|turn|15\n|\n|t:|1700467112\n|move|p2a: Medicham|Bullet Punch|p1a: Ogerpon\n|-supereffective|p1a: Ogerpon\n|-damage|p1a: Ogerpon|0 fnt\n|faint|p1a: Ogerpon\n|\n|upkeep\n|\n|t:|1700467116\n|switch|p1a: Ferrothorn|Ferrothorn, F|95\/100\n|-activate|p1a: Ferrothorn|move: Sticky Web\n|-unboost|p1a: Ferrothorn|spe|1\n|turn|16\n|\n|t:|1700467119\n|move|p2a: Medicham|Close Combat|p1a: Ferrothorn\n|-supereffective|p1a: Ferrothorn\n|-damage|p1a: Ferrothorn|0 fnt\n|-unboost|p2a: Medicham|def|1\n|-unboost|p2a: Medicham|spd|1\n|-damage|p2a: Medicham|88\/100|[from] ability: Iron Barbs|[of] p1a: Ferrothorn\n|faint|p1a: Ferrothorn\n|\n|upkeep\n|\n|t:|1700467122\n|switch|p1a: Heatran|Heatran, M|100\/100\n|-activate|p1a: Heatran|move: Sticky Web\n|-unboost|p1a: Heatran|spe|1\n|turn|17\n|\n|t:|1700467124\n|move|p2a: Medicham|Close Combat|p1a: Heatran\n|-supereffective|p1a: Heatran\n|-damage|p1a: Heatran|0 fnt\n|-unboost|p2a: Medicham|def|1\n|-unboost|p2a: Medicham|spd|1\n|faint|p1a: Heatran\n|\n|win|mtyqjltz6\n|raw|hanwujiwandou's rating: 1429 &rarr; <strong>1408<\/strong><br \/>(-21 for losing)\n|raw|mtyqjltz6's rating: 1415 &rarr; <strong>1436<\/strong><br \/>(+21 for winning)\n","uploadtime":1700467128,"views":3,"p1id":"hanwujiwandou","p2id":"mtyqjltz6","formatid":"gen9nationaldex","rating":1408,"private":0,"password":""}