{"id":"gen9nationaldex-1996747849","p1":"FlyingSudowoodo","p2":"Glacier48","format":"[Gen 9] National Dex","log":"|html|<div class=\"broadcast-blue\"><strong>[Gen 9] National Dex is currently suspecting Sneasler! For information on how to participate check out the <a href=\"https:\/\/www.smogon.com\/forums\/threads\/sv-national-dex-suspect-8-just-dance.3731534\/\">suspect thread<\/a>.<\/strong><\/div>\n|j|\u2606FlyingSudowoodo\n|j|\u2606Glacier48\n|t:|1700718483\n|gametype|singles\n|player|p1|FlyingSudowoodo|brock|1312\n|player|p2|Glacier48|steven-masters4|1419\n|teamsize|p1|6\n|teamsize|p2|6\n|gen|9\n|tier|[Gen 9] National Dex\n|rated|\n|rule|HP Percentage Mod: HP is shown in percentages\n|rule|Endless Battle Clause: Forcing endless battles is banned\n|rule|OHKO Clause: OHKO moves are banned\n|rule|Evasion Clause: Evasion abilities, items, and moves are banned\n|rule|Evasion Abilities Clause: Evasion abilities are banned\n|rule|Evasion Items Clause: Evasion items are banned\n|rule|Evasion Moves Clause: Evasion moves are banned\n|rule|Species Clause: Limit one of each Pok\u00e9mon\n|rule|Sleep Clause Mod: Limit one foe put to sleep\n|clearpoke\n|poke|p1|Volcarona, M|\n|poke|p1|Cobalion|\n|poke|p1|Gliscor, M|\n|poke|p1|Ninetales-Alola, F|\n|poke|p1|Tapu Lele|\n|poke|p1|Ogerpon-Wellspring, F|\n|poke|p2|Tapu Lele|\n|poke|p2|Sneasler, F|\n|poke|p2|Alomomola, F|\n|poke|p2|Ting-Lu|\n|poke|p2|Moltres|\n|poke|p2|Ogerpon-Wellspring, F|\n|teampreview\n|c|\u2606Glacier48|heat team\n|inactive|Battle timer is ON: inactive players will automatically lose when time's up. (requested by FlyingSudowoodo)\n|\n|t:|1700718516\n|start\n|switch|p1a: Ninetales|Ninetales-Alola, F|100\/100\n|switch|p2a: Ogerpon|Ogerpon-Wellspring, F|100\/100\n|-weather|Snow|[from] ability: Snow Warning|[of] p1a: Ninetales\n|turn|1\n|\n|t:|1700718529\n|move|p2a: Ogerpon|Power Whip|p1a: Ninetales\n|-damage|p1a: Ninetales|39\/100\n|move|p1a: Ninetales|Aurora Veil|p1a: Ninetales\n|-sidestart|p1: FlyingSudowoodo|move: Aurora Veil\n|\n|-weather|Snow|[upkeep]\n|upkeep\n|turn|2\n|\n|t:|1700718536\n|move|p2a: Ogerpon|Power Whip|p1a: Ninetales\n|-damage|p1a: Ninetales|13\/100\n|move|p1a: Ninetales|Freeze-Dry|p2a: Ogerpon\n|-supereffective|p2a: Ogerpon\n|-damage|p2a: Ogerpon|1\/100\n|\n|-weather|Snow|[upkeep]\n|upkeep\n|turn|3\n|\n|t:|1700718545\n|switch|p1a: Cobalion|Cobalion|100\/100\n|move|p2a: Ogerpon|Ivy Cudgel|p1a: Cobalion|[anim] Ivy Cudgel Water\n|-crit|p1a: Cobalion\n|-damage|p1a: Cobalion|55\/100\n|\n|-weather|Snow|[upkeep]\n|-heal|p1a: Cobalion|61\/100|[from] item: Leftovers\n|upkeep\n|turn|4\n|\n|t:|1700718561\n|switch|p2a: Moltres|Moltres|100\/100\n|move|p1a: Cobalion|Volt Switch|p2a: Moltres\n|-supereffective|p2a: Moltres\n|-damage|p2a: Moltres|72\/100\n|\n|t:|1700718570\n|switch|p1a: Tapu Lele|Tapu Lele, shiny|100\/100|[from] Volt Switch\n|-fieldstart|move: Psychic Terrain|[from] ability: Psychic Surge|[of] p1a: Tapu Lele\n|\n|-weather|Snow|[upkeep]\n|upkeep\n|turn|5\n|\n|t:|1700718598\n|move|p1a: Tapu Lele|Psychic|p2a: Moltres\n|-crit|p2a: Moltres\n|-damage|p2a: Moltres|0 fnt\n|faint|p2a: Moltres\n|\n|-weather|none\n|upkeep\n|\n|t:|1700718601\n|switch|p2a: Ting-Lu|Ting-Lu|100\/100\n|-ability|p2a: Ting-Lu|Vessel of Ruin\n|turn|6\n|\n|t:|1700718611\n|switch|p1a: Gliscor|Gliscor, M, shiny|100\/100\n|move|p2a: Ting-Lu|Spikes|p1a: Gliscor\n|-sidestart|p1: FlyingSudowoodo|Spikes\n|\n|-status|p1a: Gliscor|tox|[from] item: Toxic Orb\n|upkeep\n|turn|7\n|\n|t:|1700718619\n|move|p1a: Gliscor|Defog|p2a: Ting-Lu\n|-unboost|p2a: Ting-Lu|evasion|1\n|-sideend|p1: FlyingSudowoodo|Spikes|[from] move: Defog|[of] p1a: Gliscor\n|-fieldend|move: Psychic Terrain\n|move|p2a: Ting-Lu|Taunt|p1a: Gliscor\n|-start|p1a: Gliscor|move: Taunt\n|\n|upkeep\n|turn|8\n|\n|t:|1700718632\n|switch|p1a: Ninetales|Ninetales-Alola, F|13\/100\n|-weather|Snow|[from] ability: Snow Warning|[of] p1a: Ninetales\n|switch|p2a: Alomomola|Alomomola, F|100\/100\n|\n|-weather|Snow|[upkeep]\n|-sideend|p1: FlyingSudowoodo|move: Aurora Veil\n|upkeep\n|turn|9\n|\n|t:|1700718641\n|move|p1a: Ninetales|Pain Split|p2a: Alomomola\n|-sethp|p2a: Alomomola|54\/100|[from] move: Pain Split|[silent]\n|-sethp|p1a: Ninetales|83\/100|[from] move: Pain Split\n|move|p2a: Alomomola|Wish|p2a: Alomomola\n|\n|-weather|Snow|[upkeep]\n|upkeep\n|turn|10\n|\n|t:|1700718655\n|move|p1a: Ninetales|Encore|p2a: Alomomola\n|-start|p2a: Alomomola|Encore\n|move|p2a: Alomomola|Wish||[still]\n|-fail|p2a: Alomomola\n|\n|-weather|Snow|[upkeep]\n|-heal|p2a: Alomomola|100\/100|[from] move: Wish|[wisher] Alomomola\n|upkeep\n|turn|11\n|\n|t:|1700718666\n|switch|p2a: Ting-Lu|Ting-Lu|100\/100\n|-ability|p2a: Ting-Lu|Vessel of Ruin\n|move|p1a: Ninetales|Aurora Veil|p1a: Ninetales\n|-sidestart|p1: FlyingSudowoodo|move: Aurora Veil\n|\n|-weather|Snow|[upkeep]\n|upkeep\n|turn|12\n|inactive|FlyingSudowoodo has 120 seconds left.\n|\n|t:|1700718708\n|switch|p1a: Tapu Lele|Tapu Lele, shiny|100\/100\n|-fieldstart|move: Psychic Terrain|[from] ability: Psychic Surge|[of] p1a: Tapu Lele\n|move|p2a: Ting-Lu|Spikes|p1a: Tapu Lele\n|-sidestart|p1: FlyingSudowoodo|Spikes\n|\n|-weather|none\n|upkeep\n|turn|13\n|\n|t:|1700718721\n|-terastallize|p2a: Ting-Lu|Poison\n|move|p1a: Tapu Lele|Moonblast|p2a: Ting-Lu\n|-resisted|p2a: Ting-Lu\n|-damage|p2a: Ting-Lu|90\/100\n|-unboost|p2a: Ting-Lu|spa|1\n|move|p2a: Ting-Lu|Whirlwind|p1a: Tapu Lele\n|drag|p1a: Ninetales|Ninetales-Alola, F|83\/100\n|-damage|p1a: Ninetales|70\/100|[from] Spikes\n|-weather|Snow|[from] ability: Snow Warning|[of] p1a: Ninetales\n|\n|-weather|Snow|[upkeep]\n|-heal|p2a: Ting-Lu|96\/100|[from] item: Leftovers\n|upkeep\n|turn|14\n|inactive|FlyingSudowoodo has 120 seconds left.\n|\n|t:|1700718756\n|switch|p1a: Gliscor|Gliscor, M, shiny|100\/100 tox\n|move|p2a: Ting-Lu|Whirlwind|p1a: Gliscor\n|drag|p1a: Ninetales|Ninetales-Alola, F|70\/100\n|-damage|p1a: Ninetales|58\/100|[from] Spikes\n|\n|-weather|Snow|[upkeep]\n|-heal|p2a: Ting-Lu|100\/100|[from] item: Leftovers\n|upkeep\n|turn|15\n|\n|t:|1700718765\n|move|p1a: Ninetales|Pain Split|p2a: Ting-Lu\n|-sethp|p2a: Ting-Lu|70\/100|[from] move: Pain Split|[silent]\n|-sethp|p1a: Ninetales|100\/100|[from] move: Pain Split\n|move|p2a: Ting-Lu|Taunt|p1a: Ninetales\n|-start|p1a: Ninetales|move: Taunt\n|\n|-weather|Snow|[upkeep]\n|-heal|p2a: Ting-Lu|76\/100|[from] item: Leftovers\n|upkeep\n|turn|16\n|\n|t:|1700718779\n|switch|p1a: Cobalion|Cobalion|61\/100\n|-damage|p1a: Cobalion|48\/100|[from] Spikes\n|move|p2a: Ting-Lu|Taunt|p1a: Cobalion\n|-start|p1a: Cobalion|move: Taunt\n|\n|-weather|Snow|[upkeep]\n|-heal|p1a: Cobalion|55\/100|[from] item: Leftovers\n|-heal|p2a: Ting-Lu|83\/100|[from] item: Leftovers\n|-fieldend|move: Psychic Terrain\n|upkeep\n|turn|17\n|\n|t:|1700718789\n|move|p1a: Cobalion|Volt Switch|p2a: Ting-Lu\n|-damage|p2a: Ting-Lu|77\/100\n|\n|t:|1700718792\n|switch|p1a: Gliscor|Gliscor, M, shiny|100\/100 tox|[from] Volt Switch\n|move|p2a: Ting-Lu|Whirlwind|p1a: Gliscor\n|drag|p1a: Ninetales|Ninetales-Alola, F|100\/100\n|-damage|p1a: Ninetales|88\/100|[from] Spikes\n|\n|-weather|none\n|-heal|p2a: Ting-Lu|83\/100|[from] item: Leftovers\n|upkeep\n|turn|18\n|\n|t:|1700718804\n|move|p1a: Ninetales|Encore|p2a: Ting-Lu\n|-start|p2a: Ting-Lu|Encore\n|move|p2a: Ting-Lu|Whirlwind|p1a: Ninetales\n|drag|p1a: Volcarona|Volcarona, M|100\/100\n|\n|-heal|p2a: Ting-Lu|90\/100|[from] item: Leftovers\n|-sideend|p1: FlyingSudowoodo|move: Aurora Veil\n|upkeep\n|turn|19\n|\n|t:|1700718812\n|move|p1a: Volcarona|Psychic|p2a: Ting-Lu\n|-supereffective|p2a: Ting-Lu\n|-damage|p2a: Ting-Lu|68\/100\n|-unboost|p2a: Ting-Lu|spd|1\n|move|p2a: Ting-Lu|Whirlwind|p1a: Volcarona\n|drag|p1a: Ogerpon|Ogerpon-Wellspring, F|100\/100\n|-damage|p1a: Ogerpon|88\/100|[from] Spikes\n|\n|-heal|p2a: Ting-Lu|74\/100|[from] item: Leftovers\n|upkeep\n|turn|20\n|\n|t:|1700718823\n|switch|p2a: Ogerpon|Ogerpon-Wellspring, F|1\/100\n|move|p1a: Ogerpon|Ivy Cudgel|p2a: Ogerpon|[anim] Ivy Cudgel Water\n|-heal|p2a: Ogerpon|26\/100|[from] ability: Water Absorb|[of] p1a: Ogerpon\n|\n|upkeep\n|turn|21\n|\n|t:|1700718840\n|switch|p2a: Ting-Lu|Ting-Lu, tera:Poison|74\/100\n|-ability|p2a: Ting-Lu|Vessel of Ruin\n|move|p1a: Ogerpon|Trailblaze|p2a: Ting-Lu\n|-resisted|p2a: Ting-Lu\n|-damage|p2a: Ting-Lu|66\/100\n|-boost|p1a: Ogerpon|spe|1\n|\n|-heal|p2a: Ting-Lu|72\/100|[from] item: Leftovers\n|upkeep\n|turn|22\n|inactive|FlyingSudowoodo has 120 seconds left.\n|\n|t:|1700718853\n|move|p1a: Ogerpon|Horn Leech|p2a: Ting-Lu\n|-resisted|p2a: Ting-Lu\n|-damage|p2a: Ting-Lu|61\/100\n|-heal|p1a: Ogerpon|98\/100|[from] drain|[of] p2a: Ting-Lu\n|move|p2a: Ting-Lu|Whirlwind|p1a: Ogerpon\n|drag|p1a: Gliscor|Gliscor, M, shiny|100\/100 tox\n|\n|-heal|p2a: Ting-Lu|67\/100|[from] item: Leftovers\n|upkeep\n|turn|23\n|inactive|FlyingSudowoodo has 120 seconds left.\n|\n|t:|1700718864\n|move|p1a: Gliscor|Defog|p2a: Ting-Lu\n|-unboost|p2a: Ting-Lu|evasion|1\n|-sideend|p1: FlyingSudowoodo|Spikes|[from] move: Defog|[of] p1a: Gliscor\n|move|p2a: Ting-Lu|Taunt|p1a: Gliscor\n|-start|p1a: Gliscor|move: Taunt\n|\n|-heal|p2a: Ting-Lu|73\/100|[from] item: Leftovers\n|upkeep\n|turn|24\n|inactive|FlyingSudowoodo has 120 seconds left.\n|inactive|FlyingSudowoodo has 90 seconds left.\n|\n|t:|1700718914\n|move|p1a: Gliscor|Earthquake|p2a: Ting-Lu\n|-supereffective|p2a: Ting-Lu\n|-damage|p2a: Ting-Lu|35\/100\n|move|p2a: Ting-Lu|Whirlwind|p1a: Gliscor\n|drag|p1a: Ogerpon|Ogerpon-Wellspring, F|98\/100\n|\n|-heal|p2a: Ting-Lu|41\/100|[from] item: Leftovers\n|upkeep\n|turn|25\n|\n|t:|1700718929\n|switch|p2a: Alomomola|Alomomola, F|100\/100\n|move|p1a: Ogerpon|Horn Leech|p2a: Alomomola\n|-supereffective|p2a: Alomomola\n|-damage|p2a: Alomomola|54\/100\n|-heal|p1a: Ogerpon|100\/100|[from] drain|[of] p2a: Alomomola\n|-damage|p1a: Ogerpon|84\/100|[from] item: Rocky Helmet|[of] p2a: Alomomola\n|\n|upkeep\n|turn|26\n|\n|t:|1700718950\n|switch|p2a: Ogerpon|Ogerpon-Wellspring, F|26\/100\n|move|p1a: Ogerpon|Horn Leech|p2a: Ogerpon\n|-damage|p2a: Ogerpon|0 fnt\n|-heal|p1a: Ogerpon|97\/100|[from] drain|[of] p2a: Ogerpon\n|faint|p2a: Ogerpon\n|\n|upkeep\n|\n|t:|1700718958\n|switch|p2a: Tapu Lele|Tapu Lele|100\/100\n|-fieldstart|move: Psychic Terrain|[from] ability: Psychic Surge|[of] p2a: Tapu Lele\n|turn|27\n|\n|t:|1700718965\n|switch|p1a: Cobalion|Cobalion|55\/100\n|move|p2a: Tapu Lele|Psychic|p1a: Cobalion\n|-damage|p1a: Cobalion|0 fnt\n|faint|p1a: Cobalion\n|\n|upkeep\n|\n|t:|1700718972\n|switch|p1a: Ninetales|Ninetales-Alola, F|88\/100\n|-weather|Snow|[from] ability: Snow Warning|[of] p1a: Ninetales\n|turn|28\n|\n|t:|1700718986\n|move|p2a: Tapu Lele|Psychic|p1a: Ninetales\n|-damage|p1a: Ninetales|26\/100\n|move|p1a: Ninetales|Aurora Veil|p1a: Ninetales\n|-sidestart|p1: FlyingSudowoodo|move: Aurora Veil\n|\n|-weather|Snow|[upkeep]\n|upkeep\n|turn|29\n|inactive|FlyingSudowoodo has 90 seconds left.\n|\n|t:|1700718996\n|switch|p2a: Sneasler|Sneasler, F|100\/100\n|-enditem|p2a: Sneasler|Psychic Seed\n|-boost|p2a: Sneasler|spd|1|[from] item: Psychic Seed\n|move|p1a: Ninetales|Freeze-Dry|p2a: Sneasler\n|-damage|p2a: Sneasler|83\/100\n|\n|-weather|Snow|[upkeep]\n|upkeep\n|turn|30\n|\n|t:|1700719017\n|move|p2a: Sneasler|Swords Dance|p2a: Sneasler\n|-boost|p2a: Sneasler|atk|2\n|move|p1a: Ninetales|Encore|p2a: Sneasler\n|-start|p2a: Sneasler|Encore\n|\n|-weather|Snow|[upkeep]\n|upkeep\n|turn|31\n|-message|Glacier48 forfeited.\n|\n|win|FlyingSudowoodo\n|raw|FlyingSudowoodo's rating: 1312 &rarr; <strong>1338<\/strong><br \/>(+26 for winning)\n|raw|Glacier48's rating: 1419 &rarr; <strong>1393<\/strong><br \/>(-26 for losing)\n|l|\u2606Glacier48\n","uploadtime":1700719025,"views":1,"p1id":"flyingsudowoodo","p2id":"glacier48","formatid":"gen9nationaldex","rating":1338,"private":0,"password":""}