{"id":"gen9nationaldex-1995982003","p1":"Ant_Kid-06","p2":"Zefands","format":"[Gen 9] National Dex","log":"|html|<div class=\"broadcast-blue\"><strong>[Gen 9] National Dex is currently suspecting Sneasler! For information on how to participate check out the <a href=\"https:\/\/www.smogon.com\/forums\/threads\/sv-national-dex-suspect-8-just-dance.3731534\/\">suspect thread<\/a>.<\/strong><\/div>\n|j|\u2606Ant_Kid-06\n|j|\u2606Zefands\n|t:|1700625019\n|gametype|singles\n|player|p1|Ant_Kid-06|265|1112\n|player|p2|Zefands|psychic-gen4|1080\n|teamsize|p1|6\n|teamsize|p2|6\n|gen|9\n|tier|[Gen 9] National Dex\n|rated|\n|rule|HP Percentage Mod: HP is shown in percentages\n|rule|Endless Battle Clause: Forcing endless battles is banned\n|rule|OHKO Clause: OHKO moves are banned\n|rule|Evasion Clause: Evasion abilities, items, and moves are banned\n|rule|Evasion Abilities Clause: Evasion abilities are banned\n|rule|Evasion Items Clause: Evasion items are banned\n|rule|Evasion Moves Clause: Evasion moves are banned\n|rule|Species Clause: Limit one of each Pok\u00e9mon\n|rule|Sleep Clause Mod: Limit one foe put to sleep\n|clearpoke\n|poke|p1|Greninja-*, M|\n|poke|p1|Sneasler, F|\n|poke|p1|Ogerpon-Wellspring, F|\n|poke|p1|Aerodactyl, F|\n|poke|p1|Glimmora, F|\n|poke|p1|Xurkitree|\n|poke|p2|Garchomp, M|\n|poke|p2|Wailord, M|\n|poke|p2|Rapidash, F|\n|poke|p2|Mismagius, F|\n|poke|p2|Oricorio-Pom-Pom, F|\n|poke|p2|Decidueye-Hisui, M|\n|teampreview\n|inactive|Battle timer is ON: inactive players will automatically lose when time's up. (requested by Ant_Kid-06)\n|\n|t:|1700625025\n|start\n|switch|p1a: Glimmora|Glimmora, F|100\/100\n|switch|p2a: Impundulu|Oricorio-Pom-Pom, F|100\/100\n|-item|p1a: Glimmora|Air Balloon\n|turn|1\n|\n|t:|1700625033\n|move|p2a: Impundulu|Hurricane|p1a: Glimmora\n|-resisted|p1a: Glimmora\n|-damage|p1a: Glimmora|87\/100\n|-enditem|p1a: Glimmora|Air Balloon\n|move|p1a: Glimmora|Stealth Rock|p2a: Impundulu\n|-sidestart|p2: Zefands|move: Stealth Rock\n|\n|upkeep\n|turn|2\n|\n|t:|1700625042\n|-terastallize|p2a: Impundulu|Fighting\n|move|p2a: Impundulu|Revelation Dance|p1a: Glimmora\n|-damage|p1a: Glimmora|65\/100\n|move|p1a: Glimmora|Toxic|p2a: Impundulu\n|-status|p2a: Impundulu|tox\n|\n|-damage|p2a: Impundulu|94\/100 tox|[from] psn\n|upkeep\n|turn|3\n|\n|t:|1700625060\n|move|p2a: Impundulu|Quiver Dance|p2a: Impundulu\n|-boost|p2a: Impundulu|spa|1\n|-boost|p2a: Impundulu|spd|1\n|-boost|p2a: Impundulu|spe|1\n|move|p1a: Glimmora|Spikes|p2a: Impundulu\n|-sidestart|p2: Zefands|Spikes\n|\n|-damage|p2a: Impundulu|82\/100 tox|[from] psn\n|upkeep\n|turn|4\n|\n|t:|1700625068\n|move|p2a: Impundulu|Quiver Dance|p2a: Impundulu\n|-boost|p2a: Impundulu|spa|1\n|-boost|p2a: Impundulu|spd|1\n|-boost|p2a: Impundulu|spe|1\n|move|p1a: Glimmora|Spikes|p2a: Impundulu\n|-sidestart|p2: Zefands|Spikes\n|\n|-damage|p2a: Impundulu|63\/100 tox|[from] psn\n|upkeep\n|turn|5\n|\n|t:|1700625077\n|move|p2a: Impundulu|Revelation Dance|p1a: Glimmora\n|-damage|p1a: Glimmora|22\/100\n|move|p1a: Glimmora|Spikes|p2a: Impundulu\n|-sidestart|p2: Zefands|Spikes\n|\n|-damage|p2a: Impundulu|38\/100 tox|[from] psn\n|upkeep\n|turn|6\n|\n|t:|1700625086\n|move|p1a: Glimmora|Protect|p1a: Glimmora\n|-singleturn|p1a: Glimmora|Protect\n|move|p2a: Impundulu|Revelation Dance|p1a: Glimmora\n|-activate|p1a: Glimmora|move: Protect\n|\n|-damage|p2a: Impundulu|7\/100 tox|[from] psn\n|upkeep\n|turn|7\n|\n|t:|1700625095\n|move|p1a: Glimmora|Protect|p1a: Glimmora\n|-singleturn|p1a: Glimmora|Protect\n|move|p2a: Impundulu|Revelation Dance|p1a: Glimmora\n|-activate|p1a: Glimmora|move: Protect\n|\n|-damage|p2a: Impundulu|0 fnt|[from] psn\n|faint|p2a: Impundulu\n|upkeep\n|c|\u2606Zefands|How!?\n|\n|t:|1700625106\n|switch|p2a: Yokai|Mismagius, F|100\/100\n|-damage|p2a: Yokai|88\/100|[from] Stealth Rock\n|turn|8\n|c|\u2606Ant_Kid-06|luck\n|\n|t:|1700625115\n|move|p2a: Yokai|Thunderbolt|p1a: Glimmora\n|-damage|p1a: Glimmora|3\/100\n|-status|p1a: Glimmora|par\n|cant|p1a: Glimmora|par\n|\n|upkeep\n|turn|9\n|c|\u2606Ant_Kid-06|thats all\n|\n|t:|1700625126\n|move|p2a: Yokai|Thunderbolt|p1a: Glimmora\n|-damage|p1a: Glimmora|0 fnt\n|faint|p1a: Glimmora\n|\n|upkeep\n|\n|t:|1700625133\n|switch|p1a: Sneasler|Sneasler, F|100\/100\n|turn|10\n|\n|t:|1700625138\n|move|p1a: Sneasler|Dire Claw|p2a: Yokai\n|-resisted|p2a: Yokai\n|-damage|p2a: Yokai|45\/100\n|move|p2a: Yokai|Will-O-Wisp|p1a: Sneasler\n|-status|p1a: Sneasler|brn\n|\n|-damage|p1a: Sneasler|95\/100 brn|[from] brn\n|upkeep\n|turn|11\n|\n|t:|1700625148\n|move|p1a: Sneasler|Dire Claw|p2a: Yokai\n|-resisted|p2a: Yokai\n|-damage|p2a: Yokai|24\/100\n|-status|p2a: Yokai|slp\n|cant|p2a: Yokai|slp\n|\n|-damage|p1a: Sneasler|89\/100 brn|[from] brn\n|upkeep\n|turn|12\n|-message|Zefands forfeited.\n|\n|win|Ant_Kid-06\n|raw|Ant_Kid-06's rating: 1112 &rarr; <strong>1135<\/strong><br \/>(+23 for winning)\n|raw|Zefands's rating: 1080 &rarr; <strong>1060<\/strong><br \/>(-20 for losing)\n|l|\u2606Zefands\n","uploadtime":1700625162,"views":0,"p1id":"antkid06","p2id":"zefands","formatid":"gen9nationaldex","rating":1060,"private":0,"password":""}