{"id":"gen9nationaldex-1988281644","p1":"Liushenwuzhu_Xyt","p2":"Ayami77","format":"[Gen 9] National Dex","log":"|j|\u2606Liushenwuzhu_Xyt\n|j|\u2606Ayami77\n|t:|1699700988\n|gametype|singles\n|player|p1|Liushenwuzhu_Xyt|169|1443\n|player|p2|Ayami77|lillie|1475\n|teamsize|p1|6\n|teamsize|p2|6\n|gen|9\n|tier|[Gen 9] National Dex\n|rated|\n|rule|HP Percentage Mod: HP is shown in percentages\n|rule|Endless Battle Clause: Forcing endless battles is banned\n|rule|OHKO Clause: OHKO moves are banned\n|rule|Evasion Clause: Evasion abilities, items, and moves are banned\n|rule|Evasion Abilities Clause: Evasion abilities are banned\n|rule|Evasion Items Clause: Evasion items are banned\n|rule|Evasion Moves Clause: Evasion moves are banned\n|rule|Species Clause: Limit one of each Pok\u00e9mon\n|rule|Sleep Clause Mod: Limit one foe put to sleep\n|clearpoke\n|poke|p1|Tyranitar, F|\n|poke|p1|Iron Valiant|\n|poke|p1|Moltres|\n|poke|p1|Glimmora, F|\n|poke|p1|Volcanion|\n|poke|p1|Dragonite, F|\n|poke|p2|Kyurem|\n|poke|p2|Ninetales-Alola, M|\n|poke|p2|Rillaboom, F|\n|poke|p2|Sneasler, M|\n|poke|p2|Great Tusk|\n|poke|p2|Moltres|\n|teampreview\n|inactive|Battle timer is ON: inactive players will automatically lose when time's up. (requested by Ayami77)\n|\n|t:|1699701003\n|start\n|switch|p1a: Volcanion|Volcanion|100\/100\n|switch|p2a: Great Tusk|Great Tusk|100\/100\n|turn|1\n|\n|t:|1699701020\n|-zpower|p2a: Great Tusk\n|move|p2a: Great Tusk|Continental Crush|p1a: Volcanion|[zeffect]\n|-supereffective|p1a: Volcanion\n|-damage|p1a: Volcanion|0 fnt\n|faint|p1a: Volcanion\n|\n|upkeep\n|\n|t:|1699701036\n|switch|p1a: Dragonite|Dragonite, F|100\/100\n|turn|2\n|\n|t:|1699701044\n|move|p2a: Great Tusk|Rapid Spin|p1a: Dragonite\n|-damage|p1a: Dragonite|92\/100\n|-boost|p2a: Great Tusk|spe|1\n|move|p1a: Dragonite|Ice Spinner|p2a: Great Tusk\n|-supereffective|p2a: Great Tusk\n|-damage|p2a: Great Tusk|33\/100\n|\n|upkeep\n|turn|3\n|\n|t:|1699701053\n|move|p2a: Great Tusk|Head Smash|p1a: Dragonite\n|-supereffective|p1a: Dragonite\n|-damage|p1a: Dragonite|0 fnt\n|faint|p1a: Dragonite\n|-damage|p2a: Great Tusk|0 fnt|[from] Recoil\n|faint|p2a: Great Tusk\n|-end|p2a: Great Tusk|Protosynthesis|[silent]\n|\n|upkeep\n|\n|t:|1699701068\n|switch|p2a: Ninetales|Ninetales-Alola, M|100\/100\n|switch|p1a: Psychedelic|Glimmora, F, shiny|100\/100\n|-weather|Snow|[from] ability: Snow Warning|[of] p2a: Ninetales\n|turn|4\n|\n|t:|1699701080\n|move|p2a: Ninetales|Aurora Veil|p2a: Ninetales\n|-sidestart|p2: Ayami77|move: Aurora Veil\n|move|p1a: Psychedelic|Power Gem|p2a: Ninetales\n|-supereffective|p2a: Ninetales\n|-damage|p2a: Ninetales|62\/100\n|\n|-weather|Snow|[upkeep]\n|upkeep\n|turn|5\n|\n|t:|1699701090\n|move|p2a: Ninetales|Encore|p1a: Psychedelic\n|-start|p1a: Psychedelic|Encore\n|move|p1a: Psychedelic|Power Gem|p2a: Ninetales\n|-supereffective|p2a: Ninetales\n|-damage|p2a: Ninetales|19\/100\n|\n|-weather|Snow|[upkeep]\n|upkeep\n|turn|6\n|\n|t:|1699701097\n|move|p2a: Ninetales|Blizzard|p1a: Psychedelic\n|-damage|p1a: Psychedelic|60\/100\n|move|p1a: Psychedelic|Power Gem|p2a: Ninetales\n|-supereffective|p2a: Ninetales\n|-damage|p2a: Ninetales|0 fnt\n|faint|p2a: Ninetales\n|\n|-weather|Snow|[upkeep]\n|upkeep\n|\n|t:|1699701110\n|switch|p2a: Kyurem|Kyurem|100\/100\n|-ability|p2a: Kyurem|Pressure\n|turn|7\n|\n|t:|1699701119\n|move|p2a: Kyurem|Dragon Dance|p2a: Kyurem\n|-boost|p2a: Kyurem|atk|1\n|-boost|p2a: Kyurem|spe|1\n|move|p1a: Psychedelic|Power Gem|p2a: Kyurem\n|-supereffective|p2a: Kyurem\n|-damage|p2a: Kyurem|59\/100\n|\n|-weather|Snow|[upkeep]\n|-end|p1a: Psychedelic|Encore\n|upkeep\n|turn|8\n|\n|t:|1699701126\n|move|p2a: Kyurem|Scale Shot|p1a: Psychedelic\n|-damage|p1a: Psychedelic|39\/100\n|-activate|p1a: Psychedelic|ability: Toxic Debris\n|-sidestart|p2: Ayami77|move: Toxic Spikes\n|-damage|p1a: Psychedelic|14\/100\n|-activate|p1a: Psychedelic|ability: Toxic Debris\n|-sidestart|p2: Ayami77|move: Toxic Spikes\n|-damage|p1a: Psychedelic|0 fnt\n|faint|p1a: Psychedelic\n|-hitcount|p1: Psychedelic|3\n|-unboost|p2a: Kyurem|def|1\n|-boost|p2a: Kyurem|spe|1\n|\n|-weather|none\n|upkeep\n|\n|t:|1699701139\n|switch|p1a: Moltres|Moltres|100\/100\n|turn|9\n|\n|t:|1699701156\n|-terastallize|p2a: Kyurem|Fire\n|move|p2a: Kyurem|Dragon Dance|p2a: Kyurem\n|-boost|p2a: Kyurem|atk|1\n|-boost|p2a: Kyurem|spe|1\n|move|p1a: Moltres|Will-O-Wisp|p2a: Kyurem\n|-immune|p2a: Kyurem\n|\n|upkeep\n|turn|10\n|-message|Liushenwuzhu_Xyt forfeited.\n|\n|win|Ayami77\n|raw|Liushenwuzhu_Xyt's rating: 1443 &rarr; <strong>1425<\/strong><br \/>(-18 for losing)\n|raw|Ayami77's rating: 1475 &rarr; <strong>1493<\/strong><br \/>(+18 for winning)\n|l|\u2606Liushenwuzhu_Xyt\n","uploadtime":1699701179,"views":4,"p1id":"liushenwuzhuxyt","p2id":"ayami77","formatid":"gen9nationaldex","rating":1425,"private":0,"password":""}