{"id":"gen9nationaldex-1990147116","p1":"v587","p2":"bobobopig","format":"[Gen 9] National Dex","log":"|j|\u2606v587\n|j|\u2606bobobopig\n|t:|1699929704\n|gametype|singles\n|player|p1|v587|dawn|1340\n|player|p2|bobobopig|youngcouple-gen4dp|1393\n|teamsize|p1|6\n|teamsize|p2|6\n|gen|9\n|tier|[Gen 9] National Dex\n|rated|\n|rule|HP Percentage Mod: HP is shown in percentages\n|rule|Endless Battle Clause: Forcing endless battles is banned\n|rule|OHKO Clause: OHKO moves are banned\n|rule|Evasion Clause: Evasion abilities, items, and moves are banned\n|rule|Evasion Abilities Clause: Evasion abilities are banned\n|rule|Evasion Items Clause: Evasion items are banned\n|rule|Evasion Moves Clause: Evasion moves are banned\n|rule|Species Clause: Limit one of each Pok\u00e9mon\n|rule|Sleep Clause Mod: Limit one foe put to sleep\n|clearpoke\n|poke|p1|Swellow, F|\n|poke|p1|Lopunny, M|\n|poke|p1|Zoroark-Hisui, F|\n|poke|p1|Komala, F|\n|poke|p1|Grafaiai, M|\n|poke|p1|Miltank, F|\n|poke|p2|Ninetales-Alola, F|\n|poke|p2|Toxapex, F|\n|poke|p2|Altaria, M|\n|poke|p2|Corviknight, M|\n|poke|p2|Garganacl, M|\n|poke|p2|Glimmora, F|\n|teampreview\n|\n|t:|1699929728\n|start\n|switch|p1a: Grafaiai|Grafaiai, M|100\/100\n|switch|p2a: Glimmora|Glimmora, F, shiny|100\/100\n|turn|1\n|inactive|Battle timer is ON: inactive players will automatically lose when time's up. (requested by v587)\n|\n|t:|1699929736\n|move|p2a: Glimmora|Stealth Rock|p1a: Grafaiai\n|-sidestart|p1: v587|move: Stealth Rock\n|move|p1a: Grafaiai|Super Fang|p2a: Glimmora\n|-damage|p2a: Glimmora|50\/100\n|-activate|p2a: Glimmora|ability: Toxic Debris\n|-sidestart|p1: v587|move: Toxic Spikes\n|\n|upkeep\n|turn|2\n|\n|t:|1699929746\n|move|p1a: Grafaiai|Encore|p2a: Glimmora\n|-start|p2a: Glimmora|Encore\n|move|p2a: Glimmora|Stealth Rock||[still]\n|-fail|p2a: Glimmora\n|\n|upkeep\n|turn|3\n|\n|t:|1699929760\n|switch|p2a: Ninetales|Ninetales-Alola, F, shiny|100\/100\n|-weather|Snow|[from] ability: Snow Warning|[of] p2a: Ninetales\n|move|p1a: Grafaiai|Parting Shot|p2a: Ninetales\n|-unboost|p2a: Ninetales|atk|1\n|-unboost|p2a: Ninetales|spa|1\n|\n|t:|1699929765\n|switch|p1a: Komala|Komala, F|100\/100|[from] Parting Shot\n|-damage|p1a: Komala|88\/100|[from] Stealth Rock\n|-ability|p1a: Komala|Comatose\n|\n|-weather|Snow|[upkeep]\n|upkeep\n|turn|4\n|\n|t:|1699929775\n|move|p2a: Ninetales|Aurora Veil|p2a: Ninetales\n|-sidestart|p2: bobobopig|move: Aurora Veil\n|move|p1a: Komala|Rapid Spin|p2a: Ninetales\n|-damage|p2a: Ninetales|89\/100\n|-boost|p1a: Komala|spe|1\n|-sideend|p1: v587|Toxic Spikes|[from] move: Rapid Spin|[of] p1a: Komala\n|-sideend|p1: v587|Stealth Rock|[from] move: Rapid Spin|[of] p1a: Komala\n|\n|-weather|Snow|[upkeep]\n|upkeep\n|turn|5\n|\n|t:|1699929784\n|move|p2a: Ninetales|Encore|p1a: Komala\n|-start|p1a: Komala|Encore\n|move|p1a: Komala|Rapid Spin|p2a: Ninetales\n|-damage|p2a: Ninetales|78\/100\n|-boost|p1a: Komala|spe|1\n|\n|-weather|Snow|[upkeep]\n|upkeep\n|turn|6\n|\n|t:|1699929795\n|switch|p2a: Altaria|Altaria, M, shiny|100\/100\n|switch|p1a: Grafaiai|Grafaiai, M|100\/100\n|\n|-weather|Snow|[upkeep]\n|upkeep\n|turn|7\n|\n|t:|1699929809\n|move|p1a: Grafaiai|Super Fang|p2a: Altaria\n|-damage|p2a: Altaria|50\/100\n|move|p2a: Altaria|Dragon Dance|p2a: Altaria\n|-boost|p2a: Altaria|atk|1\n|-boost|p2a: Altaria|spe|1\n|\n|-weather|none\n|upkeep\n|turn|8\n|\n|t:|1699929817\n|detailschange|p2a: Altaria|Altaria-Mega, M, shiny\n|-mega|p2a: Altaria|Altaria|Altarianite\n|move|p1a: Grafaiai|Encore|p2a: Altaria\n|-start|p2a: Altaria|Encore\n|move|p2a: Altaria|Dragon Dance|p2a: Altaria\n|-boost|p2a: Altaria|atk|1\n|-boost|p2a: Altaria|spe|1\n|\n|upkeep\n|turn|9\n|\n|t:|1699929825\n|move|p1a: Grafaiai|Parting Shot|p2a: Altaria\n|-unboost|p2a: Altaria|atk|1\n|-unboost|p2a: Altaria|spa|1\n|\n|t:|1699929838\n|switch|p1a: Swellow|Swellow, F|100\/100|[from] Parting Shot\n|move|p2a: Altaria|Dragon Dance|p2a: Altaria\n|-boost|p2a: Altaria|atk|1\n|-boost|p2a: Altaria|spe|1\n|\n|upkeep\n|turn|10\n|\n|t:|1699929846\n|-terastallize|p1a: Swellow|Normal\n|move|p2a: Altaria|Dragon Dance|p2a: Altaria\n|-boost|p2a: Altaria|atk|1\n|-boost|p2a: Altaria|spe|1\n|move|p1a: Swellow|Boomburst|p2a: Altaria\n|-damage|p2a: Altaria|1\/100\n|\n|-end|p2a: Altaria|Encore\n|upkeep\n|turn|11\n|\n|t:|1699929859\n|switch|p1a: Miltank|Miltank, F|100\/100\n|move|p2a: Altaria|Return|p1a: Miltank\n|-damage|p1a: Miltank|8\/100\n|\n|-heal|p1a: Miltank|14\/100|[from] item: Leftovers\n|-sideend|p2: bobobopig|move: Aurora Veil\n|upkeep\n|turn|12\n|\n|t:|1699929869\n|move|p2a: Altaria|Return|p1a: Miltank\n|-damage|p1a: Miltank|0 fnt\n|faint|p1a: Miltank\n|\n|upkeep\n|\n|t:|1699929873\n|switch|p1a: Lopunny|Lopunny, M|100\/100\n|turn|13\n|\n|t:|1699929879\n|switch|p2a: Glimmora|Glimmora, F, shiny|50\/100\n|detailschange|p1a: Lopunny|Lopunny-Mega, M\n|-mega|p1a: Lopunny|Lopunny|Lopunnite\n|move|p1a: Lopunny|Fake Out|p2a: Glimmora\n|-resisted|p2a: Glimmora\n|-damage|p2a: Glimmora|38\/100\n|-activate|p2a: Glimmora|ability: Toxic Debris\n|-sidestart|p1: v587|move: Toxic Spikes\n|\n|upkeep\n|turn|14\n|\n|t:|1699929896\n|switch|p2a: Corviknight|Corviknight, M, shiny|100\/100\n|move|p1a: Lopunny|Close Combat|p2a: Corviknight\n|-damage|p2a: Corviknight|61\/100\n|-unboost|p1a: Lopunny|def|1\n|-unboost|p1a: Lopunny|spd|1\n|-damage|p1a: Lopunny|84\/100|[from] item: Rocky Helmet|[of] p2a: Corviknight\n|\n|upkeep\n|turn|15\n|\n|t:|1699929907\n|move|p1a: Lopunny|U-turn|p2a: Corviknight\n|-resisted|p2a: Corviknight\n|-damage|p2a: Corviknight|58\/100\n|-damage|p1a: Lopunny|67\/100|[from] item: Rocky Helmet|[of] p2a: Corviknight\n|\n|t:|1699929909\n|switch|p1a: Grafaiai|Grafaiai, M|100\/100|[from] U-turn\n|-sideend|p1: v587|move: Toxic Spikes|[of] p1a: Grafaiai\n|move|p2a: Corviknight|Roost|p2a: Corviknight\n|-heal|p2a: Corviknight|100\/100\n|-singleturn|p2a: Corviknight|move: Roost\n|\n|upkeep\n|turn|16\n|\n|t:|1699929920\n|move|p1a: Grafaiai|Super Fang|p2a: Corviknight\n|-damage|p2a: Corviknight|50\/100\n|-damage|p1a: Grafaiai|84\/100|[from] item: Rocky Helmet|[of] p2a: Corviknight\n|move|p2a: Corviknight|U-turn|p1a: Grafaiai\n|-resisted|p1a: Grafaiai\n|-damage|p1a: Grafaiai|73\/100\n|\n|t:|1699929928\n|switch|p2a: Altaria|Altaria-Mega, M, shiny|1\/100|[from] U-turn\n|\n|-heal|p1a: Grafaiai|79\/100|[from] item: Black Sludge\n|upkeep\n|turn|17\n|\n|t:|1699929938\n|move|p1a: Grafaiai|Parting Shot|p2a: Altaria\n|-unboost|p2a: Altaria|atk|1\n|-unboost|p2a: Altaria|spa|1\n|\n|t:|1699929941\n|switch|p1a: Komala|Komala, F|100\/100|[from] Parting Shot\n|move|p2a: Altaria|Earthquake|p1a: Komala\n|-damage|p1a: Komala|51\/100\n|replace|p1a: Zoroark|Zoroark-Hisui, F\n|-end|p1a: Zoroark|Illusion\n|\n|upkeep\n|turn|18\n|\n|t:|1699929963\n|move|p1a: Zoroark|Shadow Ball|p2a: Altaria\n|-damage|p2a: Altaria|0 fnt\n|faint|p2a: Altaria\n|\n|upkeep\n|\n|t:|1699929971\n|switch|p2a: Toxapex|Toxapex, F, shiny|100\/100\n|turn|19\n|\n|t:|1699929975\n|switch|p1a: Grafaiai|Grafaiai, M|79\/100\n|move|p2a: Toxapex|Toxic|p1a: Grafaiai\n|-immune|p1a: Grafaiai\n|\n|-heal|p1a: Grafaiai|85\/100|[from] item: Black Sludge\n|upkeep\n|turn|20\n|\n|t:|1699929985\n|move|p1a: Grafaiai|Super Fang|p2a: Toxapex\n|-damage|p2a: Toxapex|50\/100\n|move|p2a: Toxapex|Scald|p1a: Grafaiai\n|-damage|p1a: Grafaiai|69\/100\n|\n|-heal|p1a: Grafaiai|75\/100|[from] item: Black Sludge\n|-heal|p2a: Toxapex|57\/100|[from] item: Black Sludge\n|upkeep\n|turn|21\n|\n|t:|1699929996\n|move|p1a: Grafaiai|Parting Shot|p2a: Toxapex\n|-unboost|p2a: Toxapex|atk|1\n|-unboost|p2a: Toxapex|spa|1\n|\n|t:|1699929999\n|switch|p1a: Komala|Komala, F|88\/100|[from] Parting Shot\n|-ability|p1a: Komala|Comatose\n|move|p2a: Toxapex|Scald|p1a: Komala\n|-damage|p1a: Komala|82\/100\n|\n|-heal|p2a: Toxapex|63\/100|[from] item: Black Sludge\n|upkeep\n|turn|22\n|\n|t:|1699930011\n|switch|p2a: Garganacl|Garganacl, M, shiny|100\/100\n|move|p1a: Komala|Knock Off|p2a: Garganacl\n|-damage|p2a: Garganacl|82\/100\n|-enditem|p2a: Garganacl|Leftovers|[from] move: Knock Off|[of] p1a: Komala\n|\n|upkeep\n|turn|23\n|\n|t:|1699930024\n|move|p1a: Komala|U-turn|p2a: Garganacl\n|-damage|p2a: Garganacl|68\/100\n|\n|t:|1699930026\n|switch|p1a: Grafaiai|Grafaiai, M|75\/100|[from] U-turn\n|move|p2a: Garganacl|Salt Cure|p1a: Grafaiai\n|-damage|p1a: Grafaiai|56\/100\n|-start|p1a: Grafaiai|Salt Cure\n|\n|-heal|p1a: Grafaiai|62\/100|[from] item: Black Sludge\n|-damage|p1a: Grafaiai|50\/100|[from] Salt Cure\n|upkeep\n|turn|24\n|\n|t:|1699930037\n|move|p1a: Grafaiai|Switcheroo|p2a: Garganacl\n|-activate|p1a: Grafaiai|move: Trick|[of] p2a: Garganacl\n|-item|p2a: Garganacl|Black Sludge|[from] move: Switcheroo\n|-enditem|p1a: Grafaiai|Black Sludge|[silent]|[from] move: Switcheroo\n|move|p2a: Garganacl|Iron Defense|p2a: Garganacl\n|-boost|p2a: Garganacl|def|2\n|\n|-damage|p2a: Garganacl|56\/100|[from] item: Black Sludge\n|-damage|p1a: Grafaiai|37\/100|[from] Salt Cure\n|upkeep\n|turn|25\n|\n|t:|1699930051\n|-terastallize|p2a: Garganacl|Ghost\n|move|p1a: Grafaiai|Encore|p2a: Garganacl\n|-start|p2a: Garganacl|Encore\n|move|p2a: Garganacl|Iron Defense|p2a: Garganacl\n|-boost|p2a: Garganacl|def|2\n|\n|-damage|p2a: Garganacl|43\/100|[from] item: Black Sludge\n|-damage|p1a: Grafaiai|25\/100|[from] Salt Cure\n|upkeep\n|turn|26\n|\n|t:|1699930069\n|move|p1a: Grafaiai|Parting Shot|p2a: Garganacl\n|-unboost|p2a: Garganacl|atk|1\n|-unboost|p2a: Garganacl|spa|1\n|\n|t:|1699930079\n|switch|p1a: Swellow|Swellow, F, tera:Normal|100\/100|[from] Parting Shot\n|move|p2a: Garganacl|Iron Defense|p2a: Garganacl\n|-boost|p2a: Garganacl|def|2\n|\n|-damage|p2a: Garganacl|31\/100|[from] item: Black Sludge\n|upkeep\n|turn|27\n|\n|t:|1699930090\n|switch|p2a: Toxapex|Toxapex, F, shiny|96\/100\n|move|p1a: Swellow|Boomburst|p2a: Toxapex\n|-damage|p2a: Toxapex|32\/100\n|\n|-heal|p2a: Toxapex|39\/100|[from] item: Black Sludge\n|upkeep\n|turn|28\n|\n|t:|1699930103\n|switch|p2a: Ninetales|Ninetales-Alola, F, shiny|78\/100\n|-weather|Snow|[from] ability: Snow Warning|[of] p2a: Ninetales\n|move|p1a: Swellow|Boomburst|p2a: Ninetales\n|-damage|p2a: Ninetales|0 fnt\n|faint|p2a: Ninetales\n|\n|-weather|Snow|[upkeep]\n|upkeep\n|-message|bobobopig forfeited.\n|\n|win|v587\n|raw|v587's rating: 1340 &rarr; <strong>1363<\/strong><br \/>(+23 for winning)\n|raw|bobobopig's rating: 1393 &rarr; <strong>1370<\/strong><br \/>(-23 for losing)\n|l|\u2606bobobopig\n|l|\u2606v587\n|j|\u2606v587\n|player|p1|v587|dawn\n","uploadtime":1699930118,"views":4,"p1id":"v587","p2id":"bobobopig","formatid":"gen9nationaldex","rating":1363,"private":0,"password":""}