{"id":"gen9nationaldex-1995842918","p1":"Emma Straflys","p2":"Xawyss","format":"[Gen 9] National Dex","log":"|html|<div class=\"broadcast-blue\"><strong>[Gen 9] National Dex is currently suspecting Sneasler! For information on how to participate check out the <a href=\"https:\/\/www.smogon.com\/forums\/threads\/sv-national-dex-suspect-8-just-dance.3731534\/\">suspect thread<\/a>.<\/strong><\/div>\n|j|\u2606Emma Straflys\n|j|\u2606Xawyss\n|t:|1700608717\n|gametype|singles\n|player|p1|Emma Straflys|lady|1384\n|player|p2|Xawyss|caitlin-masters|1466\n|teamsize|p1|6\n|teamsize|p2|6\n|gen|9\n|tier|[Gen 9] National Dex\n|rated|\n|rule|HP Percentage Mod: HP is shown in percentages\n|rule|Endless Battle Clause: Forcing endless battles is banned\n|rule|OHKO Clause: OHKO moves are banned\n|rule|Evasion Clause: Evasion abilities, items, and moves are banned\n|rule|Evasion Abilities Clause: Evasion abilities are banned\n|rule|Evasion Items Clause: Evasion items are banned\n|rule|Evasion Moves Clause: Evasion moves are banned\n|rule|Species Clause: Limit one of each Pok\u00e9mon\n|rule|Sleep Clause Mod: Limit one foe put to sleep\n|clearpoke\n|poke|p1|Slowking-Galar, M|\n|poke|p1|Hoopa-Unbound|\n|poke|p1|Lopunny, M|\n|poke|p1|Clefable, F|\n|poke|p1|Toxapex, M|\n|poke|p1|Iron Treads|\n|poke|p2|Kartana|\n|poke|p2|Latias, F|\n|poke|p2|Zapdos|\n|poke|p2|Zamazenta-*|\n|poke|p2|Empoleon, M|\n|poke|p2|Garganacl, F|\n|teampreview\n|c|\u2606Emma Straflys|hi\n|inactive|Battle timer is ON: inactive players will automatically lose when time's up. (requested by Emma Straflys)\n|c|\u2606Xawyss|hi\n|\n|t:|1700608726\n|start\n|switch|p1a: Slowking|Slowking-Galar, M|100\/100\n|switch|p2a: Kinder Pingui|Empoleon, M|100\/100\n|turn|1\n|c|\u2606Xawyss|gl hf\n|\n|t:|1700608734\n|move|p2a: Kinder Pingui|Stealth Rock|p1a: Slowking\n|-sidestart|p1: Emma Straflys|move: Stealth Rock\n|move|p1a: Slowking|Future Sight|p2a: Kinder Pingui\n|-start|p1a: Slowking|move: Future Sight\n|\n|upkeep\n|turn|2\n|\n|t:|1700608739\n|move|p2a: Kinder Pingui|Scald|p1a: Slowking\n|-damage|p1a: Slowking|84\/100\n|move|p1a: Slowking|Chilly Reception|p1a: Slowking\n|-weather|Snow\n|\n|t:|1700608760\n|switch|p1a: Lopunny|Lopunny, M|100\/100|[from] Chilly Reception\n|-damage|p1a: Lopunny|88\/100|[from] Stealth Rock\n|\n|-weather|Snow|[upkeep]\n|upkeep\n|turn|3\n|\n|t:|1700608768\n|switch|p2a: Electrik Bird|Zapdos|100\/100\n|move|p1a: Lopunny|Close Combat|p2a: Electrik Bird\n|-resisted|p2a: Electrik Bird\n|-damage|p2a: Electrik Bird|85\/100\n|-unboost|p1a: Lopunny|def|1\n|-unboost|p1a: Lopunny|spd|1\n|\n|-weather|Snow|[upkeep]\n|-end|p2a: Electrik Bird|move: Future Sight\n|-damage|p2a: Electrik Bird|49\/100\n|upkeep\n|turn|4\n|\n|t:|1700608789\n|move|p1a: Lopunny|U-turn|p2a: Electrik Bird\n|-resisted|p2a: Electrik Bird\n|-damage|p2a: Electrik Bird|41\/100\n|\n|t:|1700608798\n|switch|p1a: Slowking|Slowking-Galar, M|100\/100|[from] U-turn\n|move|p2a: Electrik Bird|Roost|p2a: Electrik Bird\n|-heal|p2a: Electrik Bird|91\/100\n|-singleturn|p2a: Electrik Bird|move: Roost\n|\n|-weather|Snow|[upkeep]\n|upkeep\n|turn|5\n|\n|t:|1700608803\n|move|p2a: Electrik Bird|U-turn|p1a: Slowking\n|-damage|p1a: Slowking|87\/100\n|\n|t:|1700608814\n|switch|p2a: Cancer is back|Garganacl, F|100\/100|[from] U-turn\n|move|p1a: Slowking|Future Sight|p2a: Cancer is back\n|-start|p1a: Slowking|move: Future Sight\n|\n|-weather|Snow|[upkeep]\n|upkeep\n|turn|6\n|\n|t:|1700608820\n|move|p2a: Cancer is back|Salt Cure|p1a: Slowking\n|-damage|p1a: Slowking|72\/100\n|-start|p1a: Slowking|Salt Cure\n|move|p1a: Slowking|Scald|p2a: Cancer is back\n|-supereffective|p2a: Cancer is back\n|-damage|p2a: Cancer is back|75\/100\n|\n|-weather|none\n|-heal|p2a: Cancer is back|81\/100|[from] item: Leftovers\n|-damage|p1a: Slowking|59\/100|[from] Salt Cure\n|upkeep\n|turn|7\n|\n|t:|1700608832\n|switch|p1a: Toxapex|Toxapex, M|100\/100\n|-damage|p1a: Toxapex|88\/100|[from] Stealth Rock\n|move|p2a: Cancer is back|Curse|p2a: Cancer is back\n|-unboost|p2a: Cancer is back|spe|1\n|-boost|p2a: Cancer is back|atk|1\n|-boost|p2a: Cancer is back|def|1\n|\n|-end|p2a: Cancer is back|move: Future Sight\n|-damage|p2a: Cancer is back|50\/100\n|-heal|p2a: Cancer is back|56\/100|[from] item: Leftovers\n|upkeep\n|turn|8\n|\n|t:|1700608840\n|move|p1a: Toxapex|Knock Off|p2a: Cancer is back\n|-damage|p2a: Cancer is back|50\/100\n|-enditem|p2a: Cancer is back|Leftovers|[from] move: Knock Off|[of] p1a: Toxapex\n|move|p2a: Cancer is back|Curse|p2a: Cancer is back\n|-unboost|p2a: Cancer is back|spe|1\n|-boost|p2a: Cancer is back|atk|1\n|-boost|p2a: Cancer is back|def|1\n|\n|upkeep\n|turn|9\n|\n|t:|1700608847\n|move|p1a: Toxapex|Haze|p1a: Toxapex\n|-clearallboost\n|move|p2a: Cancer is back|Recover|p2a: Cancer is back\n|-heal|p2a: Cancer is back|99\/100\n|\n|upkeep\n|turn|10\n|\n|t:|1700608852\n|move|p1a: Toxapex|Toxic Spikes|p2a: Cancer is back\n|-sidestart|p2: Xawyss|move: Toxic Spikes\n|move|p2a: Cancer is back|Salt Cure|p1a: Toxapex\n|-damage|p1a: Toxapex|80\/100\n|-start|p1a: Toxapex|Salt Cure\n|\n|-damage|p1a: Toxapex|55\/100|[from] Salt Cure\n|upkeep\n|turn|11\n|\n|t:|1700608866\n|move|p2a: Cancer is back|Curse|p2a: Cancer is back\n|-unboost|p2a: Cancer is back|spe|1\n|-boost|p2a: Cancer is back|atk|1\n|-boost|p2a: Cancer is back|def|1\n|move|p1a: Toxapex|Scald|p2a: Cancer is back\n|-supereffective|p2a: Cancer is back\n|-damage|p2a: Cancer is back|79\/100\n|\n|-damage|p1a: Toxapex|30\/100|[from] Salt Cure\n|upkeep\n|turn|12\n|\n|t:|1700608878\n|switch|p1a: Slowking|Slowking-Galar, M|93\/100\n|move|p2a: Cancer is back|Body Press|p1a: Slowking\n|-resisted|p1a: Slowking\n|-damage|p1a: Slowking|83\/100\n|\n|upkeep\n|turn|13\n|\n|t:|1700608889\n|move|p1a: Slowking|Future Sight|p2a: Cancer is back\n|-start|p1a: Slowking|move: Future Sight\n|move|p2a: Cancer is back|Salt Cure|p1a: Slowking\n|-damage|p1a: Slowking|63\/100\n|-start|p1a: Slowking|Salt Cure\n|\n|-damage|p1a: Slowking|51\/100|[from] Salt Cure\n|upkeep\n|turn|14\n|\n|t:|1700608893\n|move|p1a: Slowking|Chilly Reception|p1a: Slowking\n|-weather|Snow\n|\n|t:|1700608900\n|switch|p1a: Toxapex|Toxapex, M|63\/100|[from] Chilly Reception\n|-damage|p1a: Toxapex|50\/100|[from] Stealth Rock\n|move|p2a: Cancer is back|Recover|p2a: Cancer is back\n|-heal|p2a: Cancer is back|100\/100\n|\n|-weather|Snow|[upkeep]\n|upkeep\n|turn|15\n|\n|t:|1700608906\n|switch|p1a: Slowking|Slowking-Galar, M|84\/100\n|move|p2a: Cancer is back|Salt Cure|p1a: Slowking\n|-damage|p1a: Slowking|63\/100\n|-start|p1a: Slowking|Salt Cure\n|\n|-weather|Snow|[upkeep]\n|-end|p2a: Cancer is back|move: Future Sight\n|-damage|p2a: Cancer is back|70\/100\n|-damage|p1a: Slowking|51\/100|[from] Salt Cure\n|upkeep\n|turn|16\n|\n|t:|1700608911\n|move|p1a: Slowking|Chilly Reception|p1a: Slowking\n|\n|t:|1700608914\n|switch|p1a: Toxapex|Toxapex, M|84\/100|[from] Chilly Reception\n|-damage|p1a: Toxapex|71\/100|[from] Stealth Rock\n|move|p2a: Cancer is back|Curse|p2a: Cancer is back\n|-unboost|p2a: Cancer is back|spe|1\n|-boost|p2a: Cancer is back|atk|1\n|-boost|p2a: Cancer is back|def|1\n|\n|-weather|Snow|[upkeep]\n|upkeep\n|turn|17\n|\n|t:|1700608919\n|move|p1a: Toxapex|Haze|p1a: Toxapex\n|-clearallboost\n|move|p2a: Cancer is back|Salt Cure|p1a: Toxapex\n|-damage|p1a: Toxapex|62\/100\n|-start|p1a: Toxapex|Salt Cure\n|\n|-weather|Snow|[upkeep]\n|-damage|p1a: Toxapex|37\/100|[from] Salt Cure\n|upkeep\n|turn|18\n|\n|t:|1700608934\n|switch|p1a: Slowking|Slowking-Galar, M|84\/100\n|move|p2a: Cancer is back|Salt Cure|p1a: Slowking\n|-damage|p1a: Slowking|69\/100\n|-start|p1a: Slowking|Salt Cure\n|\n|-weather|none\n|-damage|p1a: Slowking|57\/100|[from] Salt Cure\n|upkeep\n|turn|19\n|\n|t:|1700608943\n|switch|p1a: Toxapex|Toxapex, M|70\/100\n|-damage|p1a: Toxapex|58\/100|[from] Stealth Rock\n|move|p2a: Cancer is back|Salt Cure|p1a: Toxapex\n|-damage|p1a: Toxapex|50\/100\n|-start|p1a: Toxapex|Salt Cure\n|\n|-damage|p1a: Toxapex|25\/100|[from] Salt Cure\n|upkeep\n|turn|20\n|\n|t:|1700608949\n|switch|p1a: Slowking|Slowking-Galar, M|90\/100\n|move|p2a: Cancer is back|Salt Cure|p1a: Slowking\n|-damage|p1a: Slowking|75\/100\n|-start|p1a: Slowking|Salt Cure\n|\n|-damage|p1a: Slowking|62\/100|[from] Salt Cure\n|upkeep\n|turn|21\n|\n|t:|1700608958\n|move|p2a: Cancer is back|Curse|p2a: Cancer is back\n|-unboost|p2a: Cancer is back|spe|1\n|-boost|p2a: Cancer is back|atk|1\n|-boost|p2a: Cancer is back|def|1\n|move|p1a: Slowking|Future Sight|p2a: Cancer is back\n|-start|p1a: Slowking|move: Future Sight\n|\n|-damage|p1a: Slowking|50\/100|[from] Salt Cure\n|upkeep\n|turn|22\n|\n|t:|1700608964\n|switch|p1a: Toxapex|Toxapex, M|58\/100\n|-damage|p1a: Toxapex|46\/100|[from] Stealth Rock\n|move|p2a: Cancer is back|Salt Cure|p1a: Toxapex\n|-damage|p1a: Toxapex|34\/100\n|-start|p1a: Toxapex|Salt Cure\n|\n|-damage|p1a: Toxapex|9\/100|[from] Salt Cure\n|upkeep\n|turn|23\n|\n|t:|1700608973\n|switch|p1a: Slowking|Slowking-Galar, M|83\/100\n|move|p2a: Cancer is back|Salt Cure|p1a: Slowking\n|-damage|p1a: Slowking|61\/100\n|-start|p1a: Slowking|Salt Cure\n|\n|-end|p2a: Cancer is back|move: Future Sight\n|-damage|p2a: Cancer is back|43\/100\n|-damage|p1a: Slowking|49\/100|[from] Salt Cure\n|upkeep\n|turn|24\n|\n|t:|1700608982\n|move|p1a: Slowking|Chilly Reception|p1a: Slowking\n|-weather|Snow\n|\n|t:|1700608987\n|switch|p1a: Hoopa|Hoopa-Unbound|100\/100|[from] Chilly Reception\n|-damage|p1a: Hoopa|88\/100|[from] Stealth Rock\n|move|p2a: Cancer is back|Recover|p2a: Cancer is back\n|-heal|p2a: Cancer is back|93\/100\n|\n|-weather|Snow|[upkeep]\n|upkeep\n|turn|25\n|\n|t:|1700609000\n|move|p1a: Hoopa|Hyperspace Fury|p2a: Cancer is back\n|-damage|p2a: Cancer is back|55\/100\n|-unboost|p1a: Hoopa|def|1\n|move|p2a: Cancer is back|Salt Cure|p1a: Hoopa\n|-damage|p1a: Hoopa|35\/100\n|-start|p1a: Hoopa|Salt Cure\n|\n|-weather|Snow|[upkeep]\n|-damage|p1a: Hoopa|23\/100|[from] Salt Cure\n|upkeep\n|turn|26\n|\n|t:|1700609009\n|switch|p1a: Iron Treads|Iron Treads|100\/100\n|move|p2a: Cancer is back|Recover|p2a: Cancer is back\n|-heal|p2a: Cancer is back|100\/100\n|\n|-weather|Snow|[upkeep]\n|upkeep\n|turn|27\n|\n|t:|1700609015\n|-terastallize|p2a: Cancer is back|Fairy\n|move|p1a: Iron Treads|Rapid Spin|p2a: Cancer is back\n|-damage|p2a: Cancer is back|94\/100\n|-boost|p1a: Iron Treads|spe|1\n|-sideend|p1: Emma Straflys|Stealth Rock|[from] move: Rapid Spin|[of] p1a: Iron Treads\n|move|p2a: Cancer is back|Body Press|p1a: Iron Treads\n|-supereffective|p1a: Iron Treads\n|-damage|p1a: Iron Treads|50\/100\n|\n|-weather|Snow|[upkeep]\n|upkeep\n|turn|28\n|\n|t:|1700609033\n|-end|p1a: Iron Treads|Quark Drive|[silent]\n|switch|p1a: Slowking|Slowking-Galar, M|82\/100\n|move|p2a: Cancer is back|Body Press|p1a: Slowking\n|-resisted|p1a: Slowking\n|-damage|p1a: Slowking|74\/100\n|\n|-weather|none\n|upkeep\n|turn|29\n|\n|t:|1700609044\n|switch|p2a: Feuille A4|Kartana|100\/100\n|move|p1a: Slowking|Future Sight|p2a: Feuille A4\n|-start|p1a: Slowking|move: Future Sight\n|\n|upkeep\n|turn|30\n|\n|t:|1700609052\n|switch|p1a: Toxapex|Toxapex, M|42\/100\n|move|p2a: Feuille A4|Knock Off|p1a: Toxapex\n|-damage|p1a: Toxapex|17\/100\n|-damage|p2a: Feuille A4|84\/100|[from] item: Rocky Helmet|[of] p1a: Toxapex\n|-enditem|p1a: Toxapex|Rocky Helmet|[from] move: Knock Off|[of] p2a: Feuille A4\n|\n|upkeep\n|turn|31\n|\n|t:|1700609063\n|switch|p2a: Kinder Pingui|Empoleon, M|100\/100\n|switch|p1a: Clefable|Clefable, F|100\/100\n|\n|-end|p2a: Kinder Pingui|move: Future Sight\n|-resisted|p2a: Kinder Pingui\n|-damage|p2a: Kinder Pingui|81\/100\n|-heal|p2a: Kinder Pingui|87\/100|[from] item: Leftovers\n|upkeep\n|turn|32\n|\n|t:|1700609080\n|switch|p1a: Iron Treads|Iron Treads|50\/100\n|move|p2a: Kinder Pingui|Stealth Rock|p1a: Iron Treads\n|-sidestart|p1: Emma Straflys|move: Stealth Rock\n|\n|-heal|p2a: Kinder Pingui|94\/100|[from] item: Leftovers\n|upkeep\n|turn|33\n|\n|t:|1700609084\n|move|p1a: Iron Treads|Rapid Spin|p2a: Kinder Pingui\n|-resisted|p2a: Kinder Pingui\n|-damage|p2a: Kinder Pingui|89\/100\n|-boost|p1a: Iron Treads|spe|1\n|-sideend|p1: Emma Straflys|Stealth Rock|[from] move: Rapid Spin|[of] p1a: Iron Treads\n|move|p2a: Kinder Pingui|Scald|p1a: Iron Treads\n|-supereffective|p1a: Iron Treads\n|-damage|p1a: Iron Treads|0 fnt\n|faint|p1a: Iron Treads\n|-end|p1a: Iron Treads|Quark Drive|[silent]\n|\n|-heal|p2a: Kinder Pingui|95\/100|[from] item: Leftovers\n|upkeep\n|\n|t:|1700609094\n|switch|p1a: Lopunny|Lopunny, M|88\/100\n|turn|34\n|\n|t:|1700609098\n|switch|p2a: Electrik Bird|Zapdos|91\/100\n|move|p1a: Lopunny|Close Combat|p2a: Electrik Bird\n|-resisted|p2a: Electrik Bird\n|-damage|p2a: Electrik Bird|78\/100\n|-unboost|p1a: Lopunny|def|1\n|-unboost|p1a: Lopunny|spd|1\n|\n|upkeep\n|turn|35\n|\n|t:|1700609105\n|move|p1a: Lopunny|U-turn|p2a: Electrik Bird\n|-resisted|p2a: Electrik Bird\n|-damage|p2a: Electrik Bird|68\/100\n|\n|t:|1700609111\n|switch|p1a: Slowking|Slowking-Galar, M|100\/100|[from] U-turn\n|move|p2a: Electrik Bird|U-turn|p1a: Slowking\n|-damage|p1a: Slowking|88\/100\n|\n|t:|1700609130\n|switch|p2a: Feuille A4|Kartana|84\/100|[from] U-turn\n|\n|upkeep\n|turn|36\n|inactive|Emma Straflys has 120 seconds left.\n|\n|t:|1700609174\n|-terastallize|p1a: Slowking|Poison\n|move|p2a: Feuille A4|Leaf Blade|p1a: Slowking\n|-resisted|p1a: Slowking\n|-damage|p1a: Slowking|57\/100\n|move|p1a: Slowking|Flamethrower|p2a: Feuille A4\n|-supereffective|p2a: Feuille A4\n|-damage|p2a: Feuille A4|0 fnt\n|faint|p2a: Feuille A4\n|\n|upkeep\n|\n|t:|1700609186\n|switch|p2a: No problem|Latias, F|100\/100\n|turn|37\n|inactive|Emma Straflys has 120 seconds left.\n|\n|t:|1700609193\n|detailschange|p2a: No problem|Latias-Mega, F\n|-mega|p2a: No problem|Latias|Latiasite\n|move|p2a: No problem|Calm Mind|p2a: No problem\n|-boost|p2a: No problem|spa|1\n|-boost|p2a: No problem|spd|1\n|move|p1a: Slowking|Chilly Reception|p1a: Slowking\n|-weather|Snow\n|inactive|Emma Straflys has 120 seconds left.\n|\n|t:|1700609199\n|switch|p1a: Clefable|Clefable, F|100\/100|[from] Chilly Reception\n|\n|-weather|Snow|[upkeep]\n|upkeep\n|turn|38\n|\n|t:|1700609201\n|move|p2a: No problem|Psyshock|p1a: Clefable\n|-damage|p1a: Clefable|70\/100\n|move|p1a: Clefable|Cosmic Power|p1a: Clefable\n|-boost|p1a: Clefable|def|1\n|-boost|p1a: Clefable|spd|1\n|\n|-weather|Snow|[upkeep]\n|-heal|p1a: Clefable|76\/100|[from] item: Leftovers\n|upkeep\n|turn|39\n|\n|t:|1700609209\n|switch|p2a: Cancer is back|Garganacl, F, tera:Fairy|94\/100\n|move|p1a: Clefable|Cosmic Power|p1a: Clefable\n|-boost|p1a: Clefable|def|1\n|-boost|p1a: Clefable|spd|1\n|\n|-weather|Snow|[upkeep]\n|-heal|p1a: Clefable|82\/100|[from] item: Leftovers\n|upkeep\n|turn|40\n|inactive|Emma Straflys has 120 seconds left.\n|\n|t:|1700609240\n|switch|p1a: Slowking|Slowking-Galar, M, tera:Poison|91\/100\n|move|p2a: Cancer is back|Salt Cure|p1a: Slowking\n|-damage|p1a: Slowking|75\/100\n|-start|p1a: Slowking|Salt Cure\n|\n|-weather|Snow|[upkeep]\n|-damage|p1a: Slowking|63\/100|[from] Salt Cure\n|upkeep\n|turn|41\n|inactive|Emma Straflys has 120 seconds left.\n|\n|t:|1700609252\n|switch|p1a: Toxapex|Toxapex, M|50\/100\n|move|p2a: Cancer is back|Curse|p2a: Cancer is back\n|-unboost|p2a: Cancer is back|spe|1\n|-boost|p2a: Cancer is back|atk|1\n|-boost|p2a: Cancer is back|def|1\n|\n|-weather|none\n|upkeep\n|turn|42\n|\n|t:|1700609257\n|switch|p1a: Slowking|Slowking-Galar, M, tera:Poison|96\/100\n|move|p2a: Cancer is back|Salt Cure|p1a: Slowking\n|-damage|p1a: Slowking|75\/100\n|-start|p1a: Slowking|Salt Cure\n|\n|-damage|p1a: Slowking|62\/100|[from] Salt Cure\n|upkeep\n|turn|43\n|\n|t:|1700609263\n|move|p1a: Slowking|Chilly Reception|p1a: Slowking\n|-weather|Snow\n|\n|t:|1700609271\n|switch|p1a: Toxapex|Toxapex, M|84\/100|[from] Chilly Reception\n|move|p2a: Cancer is back|Salt Cure|p1a: Toxapex\n|-damage|p1a: Toxapex|71\/100\n|-start|p1a: Toxapex|Salt Cure\n|\n|-weather|Snow|[upkeep]\n|-damage|p1a: Toxapex|46\/100|[from] Salt Cure\n|upkeep\n|turn|44\n|\n|t:|1700609275\n|switch|p1a: Slowking|Slowking-Galar, M, tera:Poison|95\/100\n|move|p2a: Cancer is back|Body Press|p1a: Slowking\n|-resisted|p1a: Slowking\n|-damage|p1a: Slowking|79\/100\n|\n|-weather|Snow|[upkeep]\n|upkeep\n|turn|45\n|\n|t:|1700609282\n|move|p1a: Slowking|Future Sight|p2a: Cancer is back\n|-start|p1a: Slowking|move: Future Sight\n|move|p2a: Cancer is back|Salt Cure|p1a: Slowking\n|-damage|p1a: Slowking|56\/100\n|-start|p1a: Slowking|Salt Cure\n|\n|-weather|Snow|[upkeep]\n|-damage|p1a: Slowking|44\/100|[from] Salt Cure\n|upkeep\n|turn|46\n|\n|t:|1700609296\n|switch|p1a: Toxapex|Toxapex, M|79\/100\n|move|p2a: Cancer is back|Salt Cure|p1a: Toxapex\n|-damage|p1a: Toxapex|67\/100\n|-start|p1a: Toxapex|Salt Cure\n|\n|-weather|Snow|[upkeep]\n|-damage|p1a: Toxapex|42\/100|[from] Salt Cure\n|upkeep\n|turn|47\n|\n|t:|1700609305\n|switch|p1a: Slowking|Slowking-Galar, M, tera:Poison|77\/100\n|move|p2a: Cancer is back|Salt Cure|p1a: Slowking\n|-damage|p1a: Slowking|56\/100\n|-start|p1a: Slowking|Salt Cure\n|\n|-weather|none\n|-end|p2a: Cancer is back|move: Future Sight\n|-damage|p2a: Cancer is back|62\/100\n|-damage|p1a: Slowking|44\/100|[from] Salt Cure\n|upkeep\n|turn|48\n|\n|t:|1700609318\n|switch|p1a: Toxapex|Toxapex, M|75\/100\n|move|p2a: Cancer is back|Salt Cure|p1a: Toxapex\n|-damage|p1a: Toxapex|64\/100\n|-start|p1a: Toxapex|Salt Cure\n|\n|-damage|p1a: Toxapex|39\/100|[from] Salt Cure\n|upkeep\n|turn|49\n|\n|t:|1700609322\n|switch|p1a: Slowking|Slowking-Galar, M, tera:Poison|77\/100\n|move|p2a: Cancer is back|Curse|p2a: Cancer is back\n|-unboost|p2a: Cancer is back|spe|1\n|-boost|p2a: Cancer is back|atk|1\n|-boost|p2a: Cancer is back|def|1\n|\n|upkeep\n|turn|50\n|\n|t:|1700609328\n|move|p1a: Slowking|Future Sight|p2a: Cancer is back\n|-start|p1a: Slowking|move: Future Sight\n|move|p2a: Cancer is back|Salt Cure|p1a: Slowking\n|-damage|p1a: Slowking|48\/100\n|-start|p1a: Slowking|Salt Cure\n|\n|-damage|p1a: Slowking|36\/100|[from] Salt Cure\n|upkeep\n|turn|51\n|\n|t:|1700609332\n|move|p1a: Slowking|Chilly Reception|p1a: Slowking\n|-weather|Snow\n|\n|t:|1700609334\n|switch|p1a: Toxapex|Toxapex, M|72\/100|[from] Chilly Reception\n|move|p2a: Cancer is back|Salt Cure|p1a: Toxapex\n|-damage|p1a: Toxapex|55\/100\n|-start|p1a: Toxapex|Salt Cure\n|\n|-weather|Snow|[upkeep]\n|-damage|p1a: Toxapex|30\/100|[from] Salt Cure\n|upkeep\n|turn|52\n|\n|t:|1700609340\n|switch|p1a: Slowking|Slowking-Galar, M, tera:Poison|69\/100\n|switch|p2a: Electrik Bird|Zapdos|68\/100\n|\n|-weather|Snow|[upkeep]\n|-end|p2a: Electrik Bird|move: Future Sight\n|-damage|p2a: Electrik Bird|35\/100\n|upkeep\n|turn|53\n|\n|t:|1700609348\n|move|p2a: Electrik Bird|Roost|p2a: Electrik Bird\n|-heal|p2a: Electrik Bird|85\/100\n|-singleturn|p2a: Electrik Bird|move: Roost\n|move|p1a: Slowking|Future Sight|p2a: Electrik Bird\n|-start|p1a: Slowking|move: Future Sight\n|\n|-weather|Snow|[upkeep]\n|upkeep\n|turn|54\n|\n|t:|1700609354\n|move|p2a: Electrik Bird|Discharge|p1a: Slowking\n|-damage|p1a: Slowking|46\/100\n|move|p1a: Slowking|Chilly Reception|p1a: Slowking\n|\n|t:|1700609359\n|switch|p1a: Toxapex|Toxapex, M|63\/100|[from] Chilly Reception\n|\n|-weather|Snow|[upkeep]\n|upkeep\n|turn|55\n|\n|t:|1700609362\n|switch|p1a: Slowking|Slowking-Galar, M, tera:Poison|79\/100\n|move|p2a: Electrik Bird|Discharge|p1a: Slowking\n|-crit|p1a: Slowking\n|-damage|p1a: Slowking|49\/100\n|\n|-weather|none\n|-end|p2a: Electrik Bird|move: Future Sight\n|-damage|p2a: Electrik Bird|51\/100\n|upkeep\n|turn|56\n|\n|t:|1700609372\n|move|p2a: Electrik Bird|Discharge|p1a: Slowking\n|-damage|p1a: Slowking|28\/100\n|move|p1a: Slowking|Future Sight|p2a: Electrik Bird\n|-start|p1a: Slowking|move: Future Sight\n|\n|upkeep\n|turn|57\n|\n|t:|1700609379\n|switch|p1a: Clefable|Clefable, F|82\/100\n|move|p2a: Electrik Bird|Discharge|p1a: Clefable\n|-damage|p1a: Clefable|45\/100\n|\n|-heal|p1a: Clefable|51\/100|[from] item: Leftovers\n|upkeep\n|turn|58\n|\n|t:|1700609387\n|switch|p1a: Slowking|Slowking-Galar, M, tera:Poison|61\/100\n|move|p2a: Electrik Bird|Roost|p2a: Electrik Bird\n|-heal|p2a: Electrik Bird|100\/100\n|-singleturn|p2a: Electrik Bird|move: Roost\n|\n|-end|p2a: Electrik Bird|move: Future Sight\n|-damage|p2a: Electrik Bird|64\/100\n|upkeep\n|turn|59\n|\n|t:|1700609396\n|move|p2a: Electrik Bird|Discharge|p1a: Slowking\n|-damage|p1a: Slowking|40\/100\n|-status|p1a: Slowking|par\n|move|p1a: Slowking|Future Sight|p2a: Electrik Bird\n|-start|p1a: Slowking|move: Future Sight\n|\n|upkeep\n|turn|60\n|\n|t:|1700609416\n|move|p2a: Electrik Bird|Discharge|p1a: Slowking\n|-damage|p1a: Slowking|17\/100 par\n|move|p1a: Slowking|Scald|p2a: Electrik Bird\n|-damage|p2a: Electrik Bird|49\/100\n|\n|upkeep\n|turn|61\n|\n|t:|1700609424\n|switch|p1a: Toxapex|Toxapex, M|97\/100\n|move|p2a: Electrik Bird|Discharge|p1a: Toxapex\n|-supereffective|p1a: Toxapex\n|-damage|p1a: Toxapex|35\/100\n|\n|-end|p2a: Electrik Bird|move: Future Sight\n|-damage|p2a: Electrik Bird|17\/100\n|upkeep\n|turn|62\n|\n|t:|1700609441\n|switch|p1a: Slowking|Slowking-Galar, M, tera:Poison|50\/100 par\n|move|p2a: Electrik Bird|Discharge|p1a: Slowking\n|-damage|p1a: Slowking|30\/100 par\n|\n|upkeep\n|turn|63\n|\n|t:|1700609447\n|move|p2a: Electrik Bird|Roost|p2a: Electrik Bird\n|-heal|p2a: Electrik Bird|67\/100\n|-singleturn|p2a: Electrik Bird|move: Roost\n|cant|p1a: Slowking|par\n|\n|upkeep\n|turn|64\n|\n|t:|1700609460\n|switch|p1a: Hoopa|Hoopa-Unbound|23\/100\n|move|p2a: Electrik Bird|Discharge|p1a: Hoopa\n|-damage|p1a: Hoopa|0 fnt\n|faint|p1a: Hoopa\n|\n|upkeep\n|\n|t:|1700609469\n|switch|p1a: Lopunny|Lopunny, M|88\/100\n|turn|65\n|\n|t:|1700609472\n|move|p1a: Lopunny|Fake Out|p2a: Electrik Bird\n|-damage|p2a: Electrik Bird|52\/100\n|cant|p2a: Electrik Bird|flinch\n|\n|upkeep\n|turn|66\n|\n|t:|1700609479\n|move|p1a: Lopunny|Return|p2a: Electrik Bird\n|-damage|p2a: Electrik Bird|17\/100\n|move|p2a: Electrik Bird|Roost|p2a: Electrik Bird\n|-heal|p2a: Electrik Bird|67\/100\n|-singleturn|p2a: Electrik Bird|move: Roost\n|\n|upkeep\n|turn|67\n|\n|t:|1700609487\n|move|p1a: Lopunny|U-turn|p2a: Electrik Bird\n|-resisted|p2a: Electrik Bird\n|-damage|p2a: Electrik Bird|58\/100\n|\n|t:|1700609491\n|switch|p1a: Slowking|Slowking-Galar, M, tera:Poison|64\/100 par|[from] U-turn\n|move|p2a: Electrik Bird|Roost|p2a: Electrik Bird\n|-heal|p2a: Electrik Bird|100\/100\n|-singleturn|p2a: Electrik Bird|move: Roost\n|\n|upkeep\n|turn|68\n|\n|t:|1700609497\n|move|p2a: Electrik Bird|Discharge|p1a: Slowking\n|-damage|p1a: Slowking|43\/100 par\n|move|p1a: Slowking|Future Sight|p2a: Electrik Bird\n|-start|p1a: Slowking|move: Future Sight\n|\n|upkeep\n|turn|69\n|\n|t:|1700609507\n|move|p2a: Electrik Bird|Discharge|p1a: Slowking\n|-damage|p1a: Slowking|22\/100 par\n|move|p1a: Slowking|Flamethrower|p2a: Electrik Bird\n|-damage|p2a: Electrik Bird|83\/100\n|\n|upkeep\n|turn|70\n|\n|t:|1700609514\n|switch|p1a: Clefable|Clefable, F|51\/100\n|move|p2a: Electrik Bird|Discharge|p1a: Clefable\n|-damage|p1a: Clefable|15\/100\n|\n|-end|p2a: Electrik Bird|move: Future Sight\n|-damage|p2a: Electrik Bird|48\/100\n|-heal|p1a: Clefable|21\/100|[from] item: Leftovers\n|upkeep\n|turn|71\n|\n|t:|1700609534\n|move|p2a: Electrik Bird|Discharge|p1a: Clefable\n|-damage|p1a: Clefable|0 fnt\n|faint|p1a: Clefable\n|\n|upkeep\n|-message|Emma Straflys forfeited.\n|\n|win|Xawyss\n|raw|Emma Straflys's rating: 1384 &rarr; <strong>1369<\/strong><br \/>(-15 for losing)\n|raw|Xawyss's rating: 1466 &rarr; <strong>1481<\/strong><br \/>(+15 for winning)\n|l|\u2606Emma Straflys\n|c|\u2606Xawyss|Arrete le stall sa met des ambiance 39-45\n","uploadtime":1700609585,"views":13,"p1id":"emmastraflys","p2id":"xawyss","formatid":"gen9nationaldex","rating":1369,"private":0,"password":""}