{"id":"gen9nationaldex-1990303671","p1":"Amber-acid","p2":"Nonno Sandslash","format":"[Gen 9] National Dex","log":"|j|\u2606Amber-acid\n|j|\u2606Nonno Sandslash\n|t:|1699953711\n|gametype|singles\n|player|p1|Amber-acid|170|1298\n|player|p2|Nonno Sandslash|wattson|1266\n|teamsize|p1|6\n|teamsize|p2|6\n|gen|9\n|tier|[Gen 9] National Dex\n|rated|\n|rule|HP Percentage Mod: HP is shown in percentages\n|rule|Endless Battle Clause: Forcing endless battles is banned\n|rule|OHKO Clause: OHKO moves are banned\n|rule|Evasion Clause: Evasion abilities, items, and moves are banned\n|rule|Evasion Abilities Clause: Evasion abilities are banned\n|rule|Evasion Items Clause: Evasion items are banned\n|rule|Evasion Moves Clause: Evasion moves are banned\n|rule|Species Clause: Limit one of each Pok\u00e9mon\n|rule|Sleep Clause Mod: Limit one foe put to sleep\n|clearpoke\n|poke|p1|Pelipper, M|\n|poke|p1|Barraskewda, M|\n|poke|p1|Swampert, F|\n|poke|p1|Moltres|\n|poke|p1|Ferrothorn, M|\n|poke|p1|Kingdra, M|\n|poke|p2|Charizard, M|\n|poke|p2|Xatu, F|\n|poke|p2|Galvantula, F|\n|poke|p2|Shaymin|\n|poke|p2|Tentacruel, M|\n|poke|p2|Mamoswine, M|\n|teampreview\n|inactive|Battle timer is ON: inactive players will automatically lose when time's up. (requested by Amber-acid)\n|inactive|Nonno Sandslash has 120 seconds left.\n|\n|t:|1699953767\n|start\n|switch|p1a: Barraskewda|Barraskewda, M, shiny|100\/100\n|switch|p2a: Shaymin|Shaymin|100\/100\n|turn|1\n|inactive|Nonno Sandslash has 120 seconds left.\n|\n|t:|1699953821\n|move|p1a: Barraskewda|Flip Turn|p2a: Shaymin\n|-resisted|p2a: Shaymin\n|-damage|p2a: Shaymin|74\/100\n|\n|t:|1699953825\n|switch|p1a: Moltres|Moltres|100\/100|[from] Flip Turn\n|move|p2a: Shaymin|Seed Flare|p1a: Moltres\n|-resisted|p1a: Moltres\n|-damage|p1a: Moltres|88\/100\n|\n|-heal|p2a: Shaymin|80\/100|[from] item: Leftovers\n|upkeep\n|turn|2\n|inactive|Nonno Sandslash has 90 seconds left.\n|\n|t:|1699953854\n|switch|p2a: Tentacruel|Tentacruel, M|100\/100\n|-item|p2a: Tentacruel|Air Balloon\n|move|p1a: Moltres|Toxic|p2a: Tentacruel\n|-immune|p2a: Tentacruel\n|\n|upkeep\n|turn|3\n|inactive|Nonno Sandslash has 90 seconds left.\n|\n|t:|1699953867\n|switch|p1a: Pelipper|Pelipper, M|100\/100\n|-weather|RainDance|[from] ability: Drizzle|[of] p1a: Pelipper\n|move|p2a: Tentacruel|Scald|p1a: Pelipper\n|-resisted|p1a: Pelipper\n|-damage|p1a: Pelipper|79\/100\n|\n|-weather|RainDance|[upkeep]\n|upkeep\n|turn|4\n|inactive|Nonno Sandslash has 90 seconds left.\n|\n|t:|1699953879\n|move|p2a: Tentacruel|Toxic|p1a: Pelipper\n|-status|p1a: Pelipper|tox\n|move|p1a: Pelipper|U-turn|p2a: Tentacruel\n|-resisted|p2a: Tentacruel\n|-damage|p2a: Tentacruel|96\/100\n|-enditem|p2a: Tentacruel|Air Balloon\n|\n|t:|1699953886\n|switch|p1a: Swampert|Swampert, F|100\/100|[from] U-turn\n|\n|-weather|RainDance|[upkeep]\n|upkeep\n|turn|5\n|\n|t:|1699953915\n|detailschange|p1a: Swampert|Swampert-Mega, F\n|-mega|p1a: Swampert|Swampert|Swampertite\n|-terastallize|p2a: Tentacruel|Water\n|move|p1a: Swampert|Earthquake|p2a: Tentacruel\n|-crit|p2a: Tentacruel\n|-damage|p2a: Tentacruel|11\/100\n|move|p2a: Tentacruel|Rapid Spin|p1a: Swampert\n|-damage|p1a: Swampert|92\/100\n|-boost|p2a: Tentacruel|spe|1\n|\n|-weather|RainDance|[upkeep]\n|upkeep\n|turn|6\n|\n|t:|1699953925\n|move|p1a: Swampert|Liquidation|p2a: Tentacruel\n|-resisted|p2a: Tentacruel\n|-damage|p2a: Tentacruel|0 fnt\n|faint|p2a: Tentacruel\n|\n|-weather|RainDance|[upkeep]\n|upkeep\n|\n|t:|1699953939\n|switch|p2a: Charizard|Charizard, M|100\/100\n|turn|7\n|\n|t:|1699953946\n|detailschange|p2a: Charizard|Charizard-Mega-Y, M\n|-mega|p2a: Charizard|Charizard|Charizardite Y\n|-weather|SunnyDay|[from] ability: Drought|[of] p2a: Charizard\n|move|p2a: Charizard|Solar Beam||[still]\n|-prepare|p2a: Charizard|Solar Beam\n|-anim|p2a: Charizard|Solar Beam|p1a: Swampert\n|-supereffective|p1a: Swampert\n|-damage|p1a: Swampert|0 fnt\n|faint|p1a: Swampert\n|\n|-weather|SunnyDay|[upkeep]\n|upkeep\n|\n|t:|1699953955\n|switch|p1a: Pelipper|Pelipper, M|79\/100 tox\n|-weather|RainDance|[from] ability: Drizzle|[of] p1a: Pelipper\n|turn|8\n|\n|t:|1699953971\n|switch|p2a: Galvantula|Galvantula, F, shiny|100\/100\n|move|p1a: Pelipper|U-turn|p2a: Galvantula\n|-damage|p2a: Galvantula|85\/100\n|\n|t:|1699953979\n|switch|p1a: Barraskewda|Barraskewda, M, shiny|100\/100|[from] U-turn\n|\n|-weather|RainDance|[upkeep]\n|upkeep\n|turn|9\n|\n|t:|1699953985\n|-terastallize|p1a: Barraskewda|Water\n|move|p1a: Barraskewda|Liquidation|p2a: Galvantula\n|-damage|p2a: Galvantula|0 fnt\n|faint|p2a: Galvantula\n|\n|-weather|RainDance|[upkeep]\n|upkeep\n|\n|t:|1699953988\n|switch|p2a: Mamoswine|Mamoswine, M|100\/100\n|turn|10\n|\n|t:|1699953993\n|move|p1a: Barraskewda|Liquidation|p2a: Mamoswine\n|-supereffective|p2a: Mamoswine\n|-enditem|p2a: Mamoswine|Focus Sash\n|-damage|p2a: Mamoswine|1\/100\n|move|p2a: Mamoswine|Endeavor|p1a: Barraskewda\n|-damage|p1a: Barraskewda|1\/100\n|\n|-weather|RainDance|[upkeep]\n|upkeep\n|turn|11\n|\n|t:|1699954003\n|switch|p1a: Ferrothorn|Ferrothorn, M|100\/100\n|move|p2a: Mamoswine|Ice Shard|p1a: Ferrothorn\n|-damage|p1a: Ferrothorn|87\/100\n|\n|-weather|RainDance|[upkeep]\n|upkeep\n|turn|12\n|\n|t:|1699954010\n|switch|p2a: Xatu|Xatu, F|100\/100\n|move|p1a: Ferrothorn|Stealth Rock|p2a: Xatu\n|move|p2a: Xatu|Stealth Rock|p1a: Ferrothorn|[from]ability: Magic Bounce\n|-sidestart|p1: Amber-acid|move: Stealth Rock\n|\n|-weather|RainDance|[upkeep]\n|upkeep\n|turn|13\n|\n|t:|1699954020\n|switch|p1a: Moltres|Moltres|88\/100\n|move|p2a: Xatu|Night Shade|p1a: Moltres\n|-damage|p1a: Moltres|62\/100\n|\n|-weather|RainDance|[upkeep]\n|upkeep\n|turn|14\n|\n|t:|1699954028\n|move|p2a: Xatu|Night Shade|p1a: Moltres\n|-damage|p1a: Moltres|36\/100\n|move|p1a: Moltres|Hurricane|p2a: Xatu\n|-damage|p2a: Xatu|54\/100\n|\n|-weather|RainDance|[upkeep]\n|upkeep\n|turn|15\n|\n|t:|1699954035\n|move|p2a: Xatu|Night Shade|p1a: Moltres\n|-damage|p1a: Moltres|10\/100\n|move|p1a: Moltres|Roost|p1a: Moltres\n|-heal|p1a: Moltres|60\/100\n|-singleturn|p1a: Moltres|move: Roost\n|\n|-weather|none\n|upkeep\n|turn|16\n|\n|t:|1699954043\n|move|p2a: Xatu|Night Shade|p1a: Moltres\n|-damage|p1a: Moltres|34\/100\n|move|p1a: Moltres|Roost|p1a: Moltres\n|-heal|p1a: Moltres|84\/100\n|-singleturn|p1a: Moltres|move: Roost\n|\n|upkeep\n|turn|17\n|\n|t:|1699954057\n|move|p2a: Xatu|Night Shade|p1a: Moltres\n|-damage|p1a: Moltres|58\/100\n|move|p1a: Moltres|Hurricane|p2a: Xatu|[miss]\n|-miss|p1a: Moltres|p2a: Xatu\n|\n|upkeep\n|turn|18\n|\n|t:|1699954069\n|move|p2a: Xatu|Night Shade|p1a: Moltres\n|-damage|p1a: Moltres|32\/100\n|move|p1a: Moltres|Hurricane|p2a: Xatu\n|-damage|p2a: Xatu|7\/100\n|\n|upkeep\n|turn|19\n|\n|t:|1699954075\n|move|p2a: Xatu|Night Shade|p1a: Moltres\n|-damage|p1a: Moltres|6\/100\n|move|p1a: Moltres|Roost|p1a: Moltres\n|-heal|p1a: Moltres|56\/100\n|-singleturn|p1a: Moltres|move: Roost\n|\n|upkeep\n|turn|20\n|\n|t:|1699954083\n|move|p2a: Xatu|Night Shade|p1a: Moltres\n|-damage|p1a: Moltres|30\/100\n|move|p1a: Moltres|Roost|p1a: Moltres\n|-heal|p1a: Moltres|80\/100\n|-singleturn|p1a: Moltres|move: Roost\n|\n|upkeep\n|turn|21\n|\n|t:|1699954090\n|move|p2a: Xatu|Night Shade|p1a: Moltres\n|-damage|p1a: Moltres|54\/100\n|move|p1a: Moltres|Hurricane|p2a: Xatu\n|-damage|p2a: Xatu|0 fnt\n|faint|p2a: Xatu\n|\n|upkeep\n|\n|t:|1699954098\n|switch|p2a: Shaymin|Shaymin|80\/100\n|turn|22\n|\n|t:|1699954103\n|move|p2a: Shaymin|Substitute|p2a: Shaymin\n|-start|p2a: Shaymin|Substitute\n|-damage|p2a: Shaymin|55\/100\n|move|p1a: Moltres|Roost|p1a: Moltres\n|-heal|p1a: Moltres|100\/100\n|-singleturn|p1a: Moltres|move: Roost\n|\n|-heal|p2a: Shaymin|61\/100|[from] item: Leftovers\n|upkeep\n|turn|23\n|\n|t:|1699954111\n|move|p2a: Shaymin|Leech Seed|p1a: Moltres\n|-start|p1a: Moltres|move: Leech Seed\n|move|p1a: Moltres|Hurricane|p2a: Shaymin\n|-supereffective|p2a: Shaymin\n|-end|p2a: Shaymin|Substitute\n|\n|-heal|p2a: Shaymin|68\/100|[from] item: Leftovers\n|-damage|p1a: Moltres|88\/100|[from] Leech Seed|[of] p2a: Shaymin\n|-heal|p2a: Shaymin|81\/100|[silent]\n|upkeep\n|turn|24\n|\n|t:|1699954122\n|switch|p1a: Pelipper|Pelipper, M|79\/100 tox\n|-damage|p1a: Pelipper|55\/100 tox|[from] Stealth Rock\n|-weather|RainDance|[from] ability: Drizzle|[of] p1a: Pelipper\n|move|p2a: Shaymin|Substitute|p2a: Shaymin\n|-start|p2a: Shaymin|Substitute\n|-damage|p2a: Shaymin|57\/100\n|\n|-weather|RainDance|[upkeep]\n|-heal|p2a: Shaymin|63\/100|[from] item: Leftovers\n|-damage|p1a: Pelipper|48\/100 tox|[from] psn\n|upkeep\n|turn|25\n|\n|t:|1699954133\n|move|p2a: Shaymin|Seed Flare|p1a: Pelipper\n|-damage|p1a: Pelipper|0 fnt\n|faint|p1a: Pelipper\n|\n|-weather|RainDance|[upkeep]\n|-heal|p2a: Shaymin|69\/100|[from] item: Leftovers\n|upkeep\n|\n|t:|1699954140\n|switch|p1a: Moltres|Moltres|88\/100\n|turn|26\n|\n|t:|1699954147\n|move|p2a: Shaymin|Leech Seed|p1a: Moltres\n|-start|p1a: Moltres|move: Leech Seed\n|move|p1a: Moltres|Hurricane|p2a: Shaymin\n|-supereffective|p2a: Shaymin\n|-end|p2a: Shaymin|Substitute\n|\n|-weather|RainDance|[upkeep]\n|-heal|p2a: Shaymin|75\/100|[from] item: Leftovers\n|-damage|p1a: Moltres|76\/100|[from] Leech Seed|[of] p2a: Shaymin\n|-heal|p2a: Shaymin|89\/100|[silent]\n|upkeep\n|turn|27\n|\n|t:|1699954156\n|move|p2a: Shaymin|Substitute|p2a: Shaymin\n|-start|p2a: Shaymin|Substitute\n|-damage|p2a: Shaymin|64\/100\n|move|p1a: Moltres|Hurricane|p2a: Shaymin\n|-supereffective|p2a: Shaymin\n|-end|p2a: Shaymin|Substitute\n|\n|-weather|RainDance|[upkeep]\n|-heal|p2a: Shaymin|70\/100|[from] item: Leftovers\n|-damage|p1a: Moltres|64\/100|[from] Leech Seed|[of] p2a: Shaymin\n|-heal|p2a: Shaymin|84\/100|[silent]\n|upkeep\n|turn|28\n|\n|t:|1699954166\n|move|p2a: Shaymin|Substitute|p2a: Shaymin\n|-start|p2a: Shaymin|Substitute\n|-damage|p2a: Shaymin|59\/100\n|move|p1a: Moltres|Hurricane|p2a: Shaymin\n|-supereffective|p2a: Shaymin\n|-end|p2a: Shaymin|Substitute\n|\n|-weather|RainDance|[upkeep]\n|-heal|p2a: Shaymin|65\/100|[from] item: Leftovers\n|-damage|p1a: Moltres|51\/100|[from] Leech Seed|[of] p2a: Shaymin\n|-heal|p2a: Shaymin|79\/100|[silent]\n|upkeep\n|turn|29\n|\n|t:|1699954175\n|move|p2a: Shaymin|Substitute|p2a: Shaymin\n|-start|p2a: Shaymin|Substitute\n|-damage|p2a: Shaymin|54\/100\n|move|p1a: Moltres|Defog|p2a: Shaymin\n|-sideend|p1: Amber-acid|Stealth Rock|[from] move: Defog|[of] p1a: Moltres\n|\n|-weather|RainDance|[upkeep]\n|-heal|p2a: Shaymin|60\/100|[from] item: Leftovers\n|-damage|p1a: Moltres|39\/100|[from] Leech Seed|[of] p2a: Shaymin\n|-heal|p2a: Shaymin|74\/100|[silent]\n|upkeep\n|turn|30\n|\n|t:|1699954185\n|switch|p1a: Ferrothorn|Ferrothorn, M|87\/100\n|move|p2a: Shaymin|Air Slash|p1a: Ferrothorn\n|-damage|p1a: Ferrothorn|69\/100\n|\n|-weather|RainDance|[upkeep]\n|-heal|p2a: Shaymin|80\/100|[from] item: Leftovers\n|upkeep\n|turn|31\n|\n|t:|1699954192\n|move|p2a: Shaymin|Seed Flare|p1a: Ferrothorn|[miss]\n|-miss|p2a: Shaymin|p1a: Ferrothorn\n|move|p1a: Ferrothorn|Stealth Rock|p2a: Shaymin\n|-sidestart|p2: Nonno Sandslash|move: Stealth Rock\n|\n|-weather|none\n|-heal|p2a: Shaymin|86\/100|[from] item: Leftovers\n|upkeep\n|turn|32\n|\n|t:|1699954202\n|move|p2a: Shaymin|Seed Flare|p1a: Ferrothorn|[miss]\n|-miss|p2a: Shaymin|p1a: Ferrothorn\n|move|p1a: Ferrothorn|Iron Defense|p1a: Ferrothorn\n|-boost|p1a: Ferrothorn|def|2\n|\n|-heal|p2a: Shaymin|92\/100|[from] item: Leftovers\n|upkeep\n|turn|33\n|\n|t:|1699954209\n|move|p2a: Shaymin|Seed Flare|p1a: Ferrothorn\n|-resisted|p1a: Ferrothorn\n|-damage|p1a: Ferrothorn|60\/100\n|-unboost|p1a: Ferrothorn|spd|2\n|move|p1a: Ferrothorn|Body Press|p2a: Shaymin\n|-end|p2a: Shaymin|Substitute\n|\n|-heal|p2a: Shaymin|98\/100|[from] item: Leftovers\n|upkeep\n|turn|34\n|\n|t:|1699954218\n|switch|p1a: Moltres|Moltres|39\/100\n|move|p2a: Shaymin|Air Slash|p1a: Moltres\n|-damage|p1a: Moltres|19\/100\n|\n|-heal|p2a: Shaymin|100\/100|[from] item: Leftovers\n|upkeep\n|turn|35\n|\n|t:|1699954229\n|move|p2a: Shaymin|Air Slash|p1a: Moltres\n|-damage|p1a: Moltres|0 fnt\n|faint|p1a: Moltres\n|\n|upkeep\n|\n|t:|1699954235\n|switch|p1a: Barraskewda|Barraskewda, M, shiny, tera:Water|1\/100\n|turn|36\n|\n|t:|1699954246\n|move|p1a: Barraskewda|Close Combat|p2a: Shaymin\n|-crit|p2a: Shaymin\n|-damage|p2a: Shaymin|0 fnt\n|-unboost|p1a: Barraskewda|def|1\n|-unboost|p1a: Barraskewda|spd|1\n|faint|p2a: Shaymin\n|\n|upkeep\n|\n|t:|1699954252\n|switch|p2a: Charizard|Charizard-Mega-Y, M|100\/100\n|-damage|p2a: Charizard|51\/100|[from] Stealth Rock\n|-weather|SunnyDay|[from] ability: Drought|[of] p2a: Charizard\n|turn|37\n|\n|t:|1699954256\n|switch|p1a: Kingdra|Kingdra, M|100\/100\n|move|p2a: Charizard|Weather Ball|p1a: Kingdra\n|-resisted|p1a: Kingdra\n|-damage|p1a: Kingdra|74\/100\n|\n|-weather|SunnyDay|[upkeep]\n|upkeep\n|turn|38\n|\n|t:|1699954264\n|move|p2a: Charizard|Tailwind|p2a: Charizard\n|-sidestart|p2: Nonno Sandslash|move: Tailwind\n|move|p1a: Kingdra|Surf|p2a: Charizard\n|-supereffective|p2a: Charizard\n|-damage|p2a: Charizard|0 fnt\n|faint|p2a: Charizard\n|-damage|p1a: Kingdra|65\/100|[from] item: Life Orb\n|\n|-weather|SunnyDay|[upkeep]\n|upkeep\n|-message|Nonno Sandslash forfeited.\n|\n|win|Amber-acid\n|raw|Amber-acid's rating: 1298 &rarr; <strong>1321<\/strong><br \/>(+23 for winning)\n|raw|Nonno Sandslash's rating: 1266 &rarr; <strong>1243<\/strong><br \/>(-23 for losing)\n|l|\u2606Nonno Sandslash\n","uploadtime":1699954276,"views":10,"p1id":"amberacid","p2id":"nonnosandslash","formatid":"gen9nationaldex","rating":1243,"private":0,"password":""}