{"id":"gen9nationaldex-1994480944","p1":"Leviatan4","p2":"Sai4rr","format":"[Gen 9] National Dex","log":"|j|\u2606Leviatan4\n|j|\u2606Sai4rr\n|t:|1700448898\n|gametype|singles\n|player|p1|Leviatan4|scientist-gen4dp|\n|player|p2|Sai4rr|elesa|\n|teamsize|p1|6\n|teamsize|p2|6\n|gen|9\n|tier|[Gen 9] National Dex\n|rule|HP Percentage Mod: HP is shown in percentages\n|rule|Endless Battle Clause: Forcing endless battles is banned\n|rule|OHKO Clause: OHKO moves are banned\n|rule|Evasion Clause: Evasion abilities, items, and moves are banned\n|rule|Evasion Abilities Clause: Evasion abilities are banned\n|rule|Evasion Items Clause: Evasion items are banned\n|rule|Evasion Moves Clause: Evasion moves are banned\n|rule|Species Clause: Limit one of each Pok\u00e9mon\n|rule|Sleep Clause Mod: Limit one foe put to sleep\n|clearpoke\n|poke|p1|Pelipper, M|\n|poke|p1|Cloyster, M|\n|poke|p1|Swampert, F|\n|poke|p1|Kingdra, M|\n|poke|p1|Gyarados, M|\n|poke|p1|Rotom-Wash|\n|poke|p2|Sneasler, F|\n|poke|p2|Medicham, M|\n|poke|p2|Greninja-*, M|\n|poke|p2|Rillaboom, M|\n|poke|p2|Polteageist|\n|poke|p2|Maushold-Four|\n|teampreview\n|c|\u2606Leviatan4|a\n|c|\u2606Leviatan4|Les go\n|\n|t:|1700448941\n|start\n|switch|p1a: Pelipper|Pelipper, M|100\/100\n|switch|p2a: Macaco|Rillaboom, M|100\/100\n|-fieldstart|move: Grassy Terrain|[from] ability: Grassy Surge|[of] p2a: Macaco\n|-weather|RainDance|[from] ability: Drizzle|[of] p1a: Pelipper\n|turn|1\n|\n|t:|1700448950\n|move|p2a: Macaco|Grassy Glide|p1a: Pelipper\n|-damage|p1a: Pelipper|61\/100\n|move|p1a: Pelipper|U-turn|p2a: Macaco\n|-supereffective|p2a: Macaco\n|-damage|p2a: Macaco|82\/100\n|\n|t:|1700448960\n|switch|p1a: Kingdra|Kingdra, M|100\/100|[from] U-turn\n|\n|-weather|RainDance|[upkeep]\n|-heal|p2a: Macaco|88\/100|[from] Grassy Terrain\n|upkeep\n|turn|2\n|\n|t:|1700448968\n|move|p2a: Macaco|Grassy Glide|p1a: Kingdra\n|-damage|p1a: Kingdra|33\/100\n|move|p1a: Kingdra|Hidden Power|p2a: Macaco\n|-supereffective|p2a: Macaco\n|-damage|p2a: Macaco|64\/100\n|\n|-weather|RainDance|[upkeep]\n|-heal|p2a: Macaco|71\/100|[from] Grassy Terrain\n|-heal|p1a: Kingdra|39\/100|[from] Grassy Terrain\n|upkeep\n|turn|3\n|\n|t:|1700448982\n|move|p2a: Macaco|Grassy Glide|p1a: Kingdra\n|-damage|p1a: Kingdra|0 fnt\n|faint|p1a: Kingdra\n|\n|-weather|RainDance|[upkeep]\n|-heal|p2a: Macaco|77\/100|[from] Grassy Terrain\n|upkeep\n|\n|t:|1700448998\n|switch|p1a: Shell Hell|Cloyster, M|100\/100\n|turn|4\n|\n|t:|1700449008\n|switch|p2a: Mediputas|Medicham, M, shiny|100\/100\n|move|p1a: Shell Hell|Shell Smash|p1a: Shell Hell\n|-unboost|p1a: Shell Hell|def|1\n|-unboost|p1a: Shell Hell|spd|1\n|-boost|p1a: Shell Hell|atk|2\n|-boost|p1a: Shell Hell|spa|2\n|-boost|p1a: Shell Hell|spe|2\n|\n|-weather|RainDance|[upkeep]\n|upkeep\n|turn|5\n|\n|t:|1700449022\n|detailschange|p2a: Mediputas|Medicham-Mega, M, shiny\n|-mega|p2a: Mediputas|Medicham|Medichamite\n|move|p2a: Mediputas|Fake Out|p1a: Shell Hell\n|-damage|p1a: Shell Hell|70\/100\n|cant|p1a: Shell Hell|flinch\n|\n|-weather|none\n|-heal|p1a: Shell Hell|76\/100|[from] Grassy Terrain\n|-fieldend|move: Grassy Terrain\n|upkeep\n|turn|6\n|\n|t:|1700449034\n|move|p1a: Shell Hell|Icicle Spear|p2a: Mediputas\n|-damage|p2a: Mediputas|66\/100\n|-damage|p2a: Mediputas|33\/100\n|-damage|p2a: Mediputas|0 fnt\n|faint|p2a: Mediputas\n|-hitcount|p2: Mediputas|3\n|\n|upkeep\n|j| Dios Typhlosion\n|\n|t:|1700449053\n|switch|p2a: Org\u00eda|Maushold-Four|100\/100\n|turn|7\n|\n|t:|1700449069\n|move|p1a: Shell Hell|Icicle Spear|p2a: Org\u00eda\n|-damage|p2a: Org\u00eda|61\/100\n|-damage|p2a: Org\u00eda|21\/100\n|-damage|p2a: Org\u00eda|0 fnt\n|faint|p2a: Org\u00eda\n|-hitcount|p2: Org\u00eda|3\n|\n|upkeep\n|\n|t:|1700449087\n|switch|p2a: Greninja|Greninja, M|100\/100\n|turn|8\n|\n|t:|1700449098\n|move|p1a: Shell Hell|Icicle Spear|p2a: Greninja\n|-resisted|p2a: Greninja\n|-damage|p2a: Greninja|82\/100\n|-resisted|p2a: Greninja\n|-damage|p2a: Greninja|64\/100\n|-resisted|p2a: Greninja\n|-damage|p2a: Greninja|45\/100\n|-resisted|p2a: Greninja\n|-damage|p2a: Greninja|25\/100\n|-resisted|p2a: Greninja\n|-damage|p2a: Greninja|5\/100\n|-hitcount|p2a: Greninja|5\n|move|p2a: Greninja|Dark Pulse|p1a: Shell Hell\n|-damage|p1a: Shell Hell|0 fnt\n|faint|p1a: Shell Hell\n|-ability|p2a: Greninja|Battle Bond|boost\n|-boost|p2a: Greninja|atk|1\n|-boost|p2a: Greninja|spa|1\n|-boost|p2a: Greninja|spe|1\n|-activate|p2a: Greninja|ability: Battle Bond\n|\n|upkeep\n|\n|t:|1700449117\n|switch|p1a: Pelipper|Pelipper, M|61\/100\n|-weather|RainDance|[from] ability: Drizzle|[of] p1a: Pelipper\n|turn|9\n|\n|t:|1700449121\n|move|p2a: Greninja|Dark Pulse|p1a: Pelipper\n|-damage|p1a: Pelipper|0 fnt\n|faint|p1a: Pelipper\n|\n|-weather|RainDance|[upkeep]\n|upkeep\n|\n|t:|1700449133\n|switch|p1a: Leviathan|Gyarados, M, shiny|100\/100\n|turn|10\n|\n|t:|1700449140\n|move|p2a: Greninja|Dark Pulse|p1a: Leviathan\n|-damage|p1a: Leviathan|15\/100\n|move|p1a: Leviathan|Ice Fang|p2a: Greninja\n|-resisted|p2a: Greninja\n|-damage|p2a: Greninja|0 fnt\n|faint|p2a: Greninja\n|-ability|p1a: Leviathan|Moxie|boost\n|-boost|p1a: Leviathan|atk|1\n|\n|-weather|RainDance|[upkeep]\n|upkeep\n|\n|t:|1700449154\n|switch|p2a: Macaco|Rillaboom, M|77\/100\n|-fieldstart|move: Grassy Terrain|[from] ability: Grassy Surge|[of] p2a: Macaco\n|turn|11\n|\n|t:|1700449160\n|move|p2a: Macaco|Grassy Glide|p1a: Leviathan\n|-damage|p1a: Leviathan|0 fnt\n|faint|p1a: Leviathan\n|\n|-weather|RainDance|[upkeep]\n|-heal|p2a: Macaco|83\/100|[from] Grassy Terrain\n|upkeep\n|\n|t:|1700449171\n|switch|p1a: Washing Machine|Rotom-Wash|100\/100\n|turn|12\n|\n|t:|1700449177\n|-terastallize|p1a: Washing Machine|Electric\n|move|p2a: Macaco|Grassy Glide|p1a: Washing Machine\n|-damage|p1a: Washing Machine|39\/100\n|move|p1a: Washing Machine|Toxic|p2a: Macaco\n|-status|p2a: Macaco|tox\n|\n|-weather|RainDance|[upkeep]\n|-heal|p2a: Macaco|89\/100 tox|[from] Grassy Terrain\n|-heal|p1a: Washing Machine|46\/100|[from] item: Leftovers\n|-damage|p2a: Macaco|83\/100 tox|[from] psn\n|upkeep\n|turn|13\n|\n|t:|1700449191\n|move|p2a: Macaco|Grassy Glide|p1a: Washing Machine\n|-damage|p1a: Washing Machine|0 fnt\n|faint|p1a: Washing Machine\n|\n|-weather|none\n|-heal|p2a: Macaco|89\/100 tox|[from] Grassy Terrain\n|-damage|p2a: Macaco|77\/100 tox|[from] psn\n|upkeep\n|c|\u2606Sai4rr|Gg\n|\n|t:|1700449199\n|switch|p1a: Swampert|Swampert, F|100\/100\n|turn|14\n|\n|t:|1700449214\n|detailschange|p1a: Swampert|Swampert-Mega, F\n|-mega|p1a: Swampert|Swampert|Swampertite\n|move|p2a: Macaco|Grassy Glide|p1a: Swampert\n|-supereffective|p1a: Swampert\n|-damage|p1a: Swampert|0 fnt\n|faint|p1a: Swampert\n|\n|win|Sai4rr\n|c|\u2606Leviatan4|gg\n|c|\u2606Leviatan4|XD\n","uploadtime":1700449230,"views":5,"p1id":"leviatan4","p2id":"sai4rr","formatid":"gen9nationaldex","rating":0,"private":0,"password":""}