{"id":"gen9nationaldex-1992668175","p1":"ouxiaonengshou","p2":"Nam1995","format":"[Gen 9] National Dex","log":"|j|\u2606ouxiaonengshou\n|j|\u2606Nam1995\n|t:|1700222873\n|gametype|singles\n|player|p1|ouxiaonengshou|iris-gen5bw2|1055\n|player|p2|Nam1995|benga|1137\n|teamsize|p1|6\n|teamsize|p2|6\n|gen|9\n|tier|[Gen 9] National Dex\n|rated|\n|rule|HP Percentage Mod: HP is shown in percentages\n|rule|Endless Battle Clause: Forcing endless battles is banned\n|rule|OHKO Clause: OHKO moves are banned\n|rule|Evasion Clause: Evasion abilities, items, and moves are banned\n|rule|Evasion Abilities Clause: Evasion abilities are banned\n|rule|Evasion Items Clause: Evasion items are banned\n|rule|Evasion Moves Clause: Evasion moves are banned\n|rule|Species Clause: Limit one of each Pok\u00e9mon\n|rule|Sleep Clause Mod: Limit one foe put to sleep\n|clearpoke\n|poke|p1|Sudowoodo, M|\n|poke|p1|Shiftry, F|\n|poke|p1|Corviknight, M|\n|poke|p1|Swampert, F|\n|poke|p1|Pelipper, M|\n|poke|p1|Ogerpon, F|\n|poke|p2|Scizor, F|\n|poke|p2|Ferrothorn, M|\n|poke|p2|Gliscor, F|\n|poke|p2|Iron Valiant|\n|poke|p2|Diancie|\n|poke|p2|Urshifu-*, F|\n|teampreview\n|inactive|Battle timer is ON: inactive players will automatically lose when time's up. (requested by ouxiaonengshou)\n|\n|t:|1700222884\n|start\n|switch|p1a: Sudowoodo|Sudowoodo, M, shiny|100\/100\n|switch|p2a: Ferrothorn|Ferrothorn, M|100\/100\n|turn|1\n|\n|t:|1700222893\n|move|p1a: Sudowoodo|Stealth Rock|p2a: Ferrothorn\n|-sidestart|p2: Nam1995|move: Stealth Rock\n|move|p2a: Ferrothorn|Stealth Rock|p1a: Sudowoodo\n|-sidestart|p1: ouxiaonengshou|move: Stealth Rock\n|\n|upkeep\n|turn|2\n|\n|t:|1700222897\n|move|p2a: Ferrothorn|Leech Seed|p1a: Sudowoodo\n|-start|p1a: Sudowoodo|move: Leech Seed\n|move|p1a: Sudowoodo|Counter||[still]\n|-fail|p1a: Sudowoodo\n|\n|-damage|p1a: Sudowoodo|88\/100|[from] Leech Seed|[of] p2a: Ferrothorn\n|upkeep\n|turn|3\n|\n|t:|1700222903\n|move|p1a: Sudowoodo|Taunt|p2a: Ferrothorn\n|-start|p2a: Ferrothorn|move: Taunt\n|cant|p2a: Ferrothorn|move: Taunt|Spikes\n|\n|-damage|p1a: Sudowoodo|76\/100|[from] Leech Seed|[of] p2a: Ferrothorn\n|upkeep\n|turn|4\n|\n|t:|1700222920\n|switch|p1a: Pelipper|Pelipper, M|100\/100\n|-weather|RainDance|[from] ability: Drizzle|[of] p1a: Pelipper\n|move|p2a: Ferrothorn|Giga Drain|p1a: Pelipper\n|-damage|p1a: Pelipper|73\/100\n|\n|-weather|RainDance|[upkeep]\n|upkeep\n|turn|5\n|\n|t:|1700222929\n|move|p1a: Pelipper|Defog|p2a: Ferrothorn\n|-unboost|p2a: Ferrothorn|evasion|1\n|-sideend|p2: Nam1995|Stealth Rock|[from] move: Defog|[of] p1a: Pelipper\n|-sideend|p1: ouxiaonengshou|Stealth Rock|[from] move: Defog|[of] p1a: Pelipper\n|move|p2a: Ferrothorn|Giga Drain|p1a: Pelipper\n|-damage|p1a: Pelipper|48\/100\n|\n|-weather|RainDance|[upkeep]\n|-end|p2a: Ferrothorn|move: Taunt\n|upkeep\n|turn|6\n|\n|t:|1700222943\n|switch|p1a: Ogerpon|Ogerpon, F|100\/100\n|move|p2a: Ferrothorn|Stealth Rock|p1a: Ogerpon\n|-sidestart|p1: ouxiaonengshou|move: Stealth Rock\n|\n|-weather|RainDance|[upkeep]\n|upkeep\n|turn|7\n|\n|t:|1700222949\n|move|p1a: Ogerpon|Swords Dance|p1a: Ogerpon\n|-boost|p1a: Ogerpon|atk|2\n|move|p2a: Ferrothorn|Spikes|p1a: Ogerpon\n|-sidestart|p1: ouxiaonengshou|Spikes\n|\n|-weather|RainDance|[upkeep]\n|upkeep\n|turn|8\n|\n|t:|1700222954\n|move|p1a: Ogerpon|Swords Dance|p1a: Ogerpon\n|-boost|p1a: Ogerpon|atk|2\n|move|p2a: Ferrothorn|Giga Drain|p1a: Ogerpon\n|-resisted|p1a: Ogerpon\n|-damage|p1a: Ogerpon|90\/100\n|\n|-weather|none\n|upkeep\n|turn|9\n|\n|t:|1700222963\n|switch|p2a: Scizor|Scizor, F|100\/100\n|move|p1a: Ogerpon|Superpower|p2a: Scizor\n|-damage|p2a: Scizor|0 fnt\n|-unboost|p1a: Ogerpon|atk|1\n|-unboost|p1a: Ogerpon|def|1\n|faint|p2a: Scizor\n|\n|upkeep\n|\n|t:|1700222971\n|switch|p2a: Gliscor|Gliscor, F|100\/100\n|turn|10\n|\n|t:|1700222979\n|-terastallize|p2a: Gliscor|Steel\n|-zpower|p1a: Ogerpon\n|move|p1a: Ogerpon|Bloom Doom|p2a: Gliscor|[zeffect]\n|-resisted|p2a: Gliscor\n|-damage|p2a: Gliscor|0 fnt\n|faint|p2a: Gliscor\n|\n|upkeep\n|\n|t:|1700222988\n|switch|p2a: Diancie|Diancie|100\/100\n|turn|11\n|-message|Nam1995 forfeited.\n|\n|win|ouxiaonengshou\n|raw|ouxiaonengshou's rating: 1055 &rarr; <strong>1094<\/strong><br \/>(+39 for winning)\n|raw|Nam1995's rating: 1137 &rarr; <strong>1106<\/strong><br \/>(-31 for losing)\n|l|\u2606Nam1995\n","uploadtime":1700222999,"views":5,"p1id":"ouxiaonengshou","p2id":"nam1995","formatid":"gen9nationaldex","rating":1094,"private":0,"password":""}