{"id":"gen9nationaldex-1989463620","p1":"slim36936","p2":"WetOranges","format":"[Gen 9] National Dex","log":"|j|\u2606slim36936\n|j|\u2606WetOranges\n|t:|1699854474\n|gametype|singles\n|player|p1|slim36936|colress|1072\n|player|p2|WetOranges|guzma|1005\n|teamsize|p1|6\n|teamsize|p2|6\n|gen|9\n|tier|[Gen 9] National Dex\n|rated|\n|rule|HP Percentage Mod: HP is shown in percentages\n|rule|Endless Battle Clause: Forcing endless battles is banned\n|rule|OHKO Clause: OHKO moves are banned\n|rule|Evasion Clause: Evasion abilities, items, and moves are banned\n|rule|Evasion Abilities Clause: Evasion abilities are banned\n|rule|Evasion Items Clause: Evasion items are banned\n|rule|Evasion Moves Clause: Evasion moves are banned\n|rule|Species Clause: Limit one of each Pok\u00e9mon\n|rule|Sleep Clause Mod: Limit one foe put to sleep\n|clearpoke\n|poke|p1|Ursaluna, M|\n|poke|p1|Ninetales-Alola, M|\n|poke|p1|Garchomp, M|\n|poke|p1|Slowbro, F|\n|poke|p1|Scizor, M|\n|poke|p1|Moltres|\n|poke|p2|Umbreon, M|\n|poke|p2|Rillaboom, M|\n|poke|p2|Swoobat, F|\n|poke|p2|Blaziken, M|\n|poke|p2|Tentacruel, M|\n|poke|p2|Ribombee, F|\n|teampreview\n|\n|t:|1699854484\n|start\n|switch|p1a: Garchomp|Garchomp, M, shiny|100\/100\n|switch|p2a: Ribombee|Ribombee, F|100\/100\n|turn|1\n|\n|t:|1699854493\n|move|p2a: Ribombee|Sticky Web|p1a: Garchomp\n|-sidestart|p1: slim36936|move: Sticky Web\n|move|p1a: Garchomp|Stealth Rock|p2a: Ribombee\n|-sidestart|p2: WetOranges|move: Stealth Rock\n|\n|upkeep\n|turn|2\n|\n|t:|1699854508\n|switch|p1a: Moltres|Moltres|100\/100\n|move|p2a: Ribombee|Moonblast|p1a: Moltres\n|-resisted|p1a: Moltres\n|-damage|p1a: Moltres|79\/100\n|\n|upkeep\n|turn|3\n|\n|t:|1699854521\n|move|p2a: Ribombee|Stun Spore|p1a: Moltres\n|-status|p1a: Moltres|par\n|move|p1a: Moltres|Flamethrower|p2a: Ribombee\n|-supereffective|p2a: Ribombee\n|-enditem|p2a: Ribombee|Focus Sash\n|-damage|p2a: Ribombee|1\/100\n|\n|upkeep\n|turn|4\n|\n|t:|1699854538\n|move|p2a: Ribombee|Moonblast|p1a: Moltres\n|-resisted|p1a: Moltres\n|-damage|p1a: Moltres|59\/100 par\n|move|p1a: Moltres|Flamethrower|p2a: Ribombee\n|-supereffective|p2a: Ribombee\n|-damage|p2a: Ribombee|0 fnt\n|faint|p2a: Ribombee\n|\n|upkeep\n|\n|t:|1699854545\n|switch|p2a: Tentacruel|Tentacruel, M|100\/100\n|-damage|p2a: Tentacruel|88\/100|[from] Stealth Rock\n|turn|5\n|\n|t:|1699854551\n|-terastallize|p1a: Moltres|Grass\n|move|p2a: Tentacruel|Scald|p1a: Moltres\n|-resisted|p1a: Moltres\n|-damage|p1a: Moltres|44\/100 par\n|cant|p1a: Moltres|par\n|\n|-heal|p2a: Tentacruel|94\/100|[from] item: Black Sludge\n|upkeep\n|turn|6\n|\n|t:|1699854565\n|move|p2a: Tentacruel|Sludge Wave|p1a: Moltres\n|-supereffective|p1a: Moltres\n|-damage|p1a: Moltres|0 fnt\n|faint|p1a: Moltres\n|\n|-heal|p2a: Tentacruel|99\/100|[from] item: Black Sludge\n|upkeep\n|\n|t:|1699854594\n|switch|p1a: Slowbro|Slowbro, F|100\/100\n|-activate|p1a: Slowbro|move: Sticky Web\n|-unboost|p1a: Slowbro|spe|1\n|turn|7\n|\n|t:|1699854629\n|switch|p2a: Umbreon|Umbreon, M, shiny|100\/100\n|-damage|p2a: Umbreon|88\/100|[from] Stealth Rock\n|move|p1a: Slowbro|Trick Room|p1a: Slowbro\n|-fieldstart|move: Trick Room|[of] p1a: Slowbro\n|\n|-heal|p2a: Umbreon|94\/100|[from] item: Leftovers\n|upkeep\n|turn|8\n|\n|t:|1699854648\n|move|p2a: Umbreon|Toxic|p1a: Slowbro|[miss]\n|-miss|p2a: Umbreon|p1a: Slowbro\n|move|p1a: Slowbro|Teleport|p1a: Slowbro\n|\n|t:|1699854679\n|switch|p1a: Ursaluna|Ursaluna, M|100\/100|[from] Teleport\n|-activate|p1a: Ursaluna|move: Sticky Web\n|-unboost|p1a: Ursaluna|spe|1\n|\n|-heal|p2a: Umbreon|99\/100|[from] item: Leftovers\n|-status|p1a: Ursaluna|brn|[from] item: Flame Orb\n|upkeep\n|turn|9\n|\n|t:|1699854696\n|move|p1a: Ursaluna|Facade|p2a: Umbreon\n|-damage|p2a: Umbreon|0 fnt\n|faint|p2a: Umbreon\n|\n|-damage|p1a: Ursaluna|94\/100 brn|[from] brn\n|upkeep\n|\n|t:|1699854701\n|switch|p2a: Rillaboom|Rillaboom, M|100\/100\n|-damage|p2a: Rillaboom|88\/100|[from] Stealth Rock\n|-fieldstart|move: Grassy Terrain|[from] ability: Grassy Surge|[of] p2a: Rillaboom\n|turn|10\n|\n|t:|1699854711\n|move|p2a: Rillaboom|Grassy Glide|p1a: Ursaluna\n|-supereffective|p1a: Ursaluna\n|-damage|p1a: Ursaluna|44\/100 brn\n|move|p1a: Ursaluna|Fire Punch|p2a: Rillaboom\n|-supereffective|p2a: Rillaboom\n|-damage|p2a: Rillaboom|0 fnt\n|faint|p2a: Rillaboom\n|\n|-heal|p1a: Ursaluna|50\/100 brn|[from] Grassy Terrain\n|-damage|p1a: Ursaluna|44\/100 brn|[from] brn\n|upkeep\n|\n|t:|1699854717\n|switch|p2a: Tentacruel|Tentacruel, M|99\/100\n|-damage|p2a: Tentacruel|88\/100|[from] Stealth Rock\n|turn|11\n|\n|t:|1699854729\n|move|p1a: Ursaluna|Facade|p2a: Tentacruel\n|-damage|p2a: Tentacruel|0 fnt\n|faint|p2a: Tentacruel\n|\n|-heal|p1a: Ursaluna|50\/100 brn|[from] Grassy Terrain\n|-damage|p1a: Ursaluna|44\/100 brn|[from] brn\n|-fieldend|move: Trick Room\n|upkeep\n|\n|t:|1699854746\n|switch|p2a: Blaziken|Blaziken, M|100\/100\n|-damage|p2a: Blaziken|88\/100|[from] Stealth Rock\n|turn|12\n|\n|t:|1699854752\n|move|p2a: Blaziken|Close Combat|p1a: Ursaluna\n|-supereffective|p1a: Ursaluna\n|-damage|p1a: Ursaluna|0 fnt\n|-unboost|p2a: Blaziken|def|1\n|-unboost|p2a: Blaziken|spd|1\n|faint|p1a: Ursaluna\n|\n|-heal|p2a: Blaziken|94\/100|[from] Grassy Terrain\n|-ability|p2a: Blaziken|Speed Boost|boost\n|-boost|p2a: Blaziken|spe|1\n|upkeep\n|\n|t:|1699854766\n|switch|p1a: Slowbro|Slowbro, F|100\/100\n|-activate|p1a: Slowbro|move: Sticky Web\n|-unboost|p1a: Slowbro|spe|1\n|turn|13\n|\n|t:|1699854771\n|switch|p2a: Swoobat|Swoobat, F|100\/100\n|-damage|p2a: Swoobat|76\/100|[from] Stealth Rock\n|-enditem|p2a: Swoobat|Grassy Seed\n|-boost|p2a: Swoobat|def|2|[from] item: Grassy Seed\n|move|p1a: Slowbro|Trick Room|p1a: Slowbro\n|-fieldstart|move: Trick Room|[of] p1a: Slowbro\n|\n|upkeep\n|turn|14\n|\n|t:|1699854782\n|move|p1a: Slowbro|Scald|p2a: Swoobat\n|-damage|p2a: Swoobat|27\/100\n|-status|p2a: Swoobat|brn\n|move|p2a: Swoobat|Substitute|p2a: Swoobat\n|-start|p2a: Swoobat|Substitute\n|-damage|p2a: Swoobat|2\/100 brn\n|\n|-damage|p2a: Swoobat|0 fnt|[from] brn\n|faint|p2a: Swoobat\n|upkeep\n|\n|t:|1699854788\n|switch|p2a: Blaziken|Blaziken, M|94\/100\n|-damage|p2a: Blaziken|82\/100|[from] Stealth Rock\n|turn|15\n|-message|WetOranges forfeited.\n|\n|win|slim36936\n|raw|slim36936's rating: 1072 &rarr; <strong>1096<\/strong><br \/>(+24 for winning)\n|raw|WetOranges's rating: 1005 &rarr; <strong>1000<\/strong><br \/>(-5 for losing)\n|l|\u2606WetOranges\n","uploadtime":1699854800,"views":4,"p1id":"slim36936","p2id":"wetoranges","formatid":"gen9nationaldex","rating":1000,"private":0,"password":""}