{"id":"gen9nationaldex-1990393005","p1":"KarmaNightraide","p2":"aswewdrqw","format":"[Gen 9] National Dex","log":"|j|\u2606KarmaNightraide\n|j|\u2606aswewdrqw\n|t:|1699966182\n|gametype|singles\n|player|p1|KarmaNightraide|unknown|1120\n|player|p2|aswewdrqw|lucas|1080\n|teamsize|p1|6\n|teamsize|p2|6\n|gen|9\n|tier|[Gen 9] National Dex\n|rated|\n|rule|HP Percentage Mod: HP is shown in percentages\n|rule|Endless Battle Clause: Forcing endless battles is banned\n|rule|OHKO Clause: OHKO moves are banned\n|rule|Evasion Clause: Evasion abilities, items, and moves are banned\n|rule|Evasion Abilities Clause: Evasion abilities are banned\n|rule|Evasion Items Clause: Evasion items are banned\n|rule|Evasion Moves Clause: Evasion moves are banned\n|rule|Species Clause: Limit one of each Pok\u00e9mon\n|rule|Sleep Clause Mod: Limit one foe put to sleep\n|clearpoke\n|poke|p1|Ceruledge, F|\n|poke|p1|Basculegion-F, F|\n|poke|p1|Mimikyu, M|\n|poke|p1|Gourgeist-*, F|\n|poke|p1|Banette, F|\n|poke|p1|Mismagius, F|\n|poke|p2|Zeraora|\n|poke|p2|Tapu Koko|\n|poke|p2|Garchomp, F|\n|poke|p2|Landorus-Therian, M|\n|poke|p2|Zarude-Dada|\n|poke|p2|Kartana|\n|teampreview\n|\n|t:|1699966192\n|start\n|switch|p1a: Go to sleep...|Banette, F|100\/100\n|switch|p2a: Kartana|Kartana, shiny|100\/100\n|turn|1\n|\n|t:|1699966243\n|switch|p1a: Widowmaker|Ceruledge, F|100\/100\n|-terastallize|p2a: Kartana|Grass\n|move|p2a: Kartana|Smart Strike|p1a: Widowmaker\n|-resisted|p1a: Widowmaker\n|-damage|p1a: Widowmaker|70\/100\n|-ability|p1a: Widowmaker|Weak Armor|boost\n|-unboost|p1a: Widowmaker|def|1\n|-boost|p1a: Widowmaker|spe|2\n|\n|upkeep\n|turn|2\n|\n|t:|1699966261\n|move|p1a: Widowmaker|Bitter Blade|p2a: Kartana\n|-supereffective|p2a: Kartana\n|-damage|p2a: Kartana|9\/100\n|-heal|p1a: Widowmaker|100\/100|[from] drain|[of] p2a: Kartana\n|move|p2a: Kartana|Smart Strike|p1a: Widowmaker\n|-resisted|p1a: Widowmaker\n|-damage|p1a: Widowmaker|50\/100\n|-ability|p1a: Widowmaker|Weak Armor|boost\n|-unboost|p1a: Widowmaker|def|1\n|-boost|p1a: Widowmaker|spe|2\n|\n|upkeep\n|turn|3\n|\n|t:|1699966275\n|move|p1a: Widowmaker|Bitter Blade|p2a: Kartana\n|-supereffective|p2a: Kartana\n|-damage|p2a: Kartana|0 fnt\n|-heal|p1a: Widowmaker|54\/100|[from] drain|[of] p2a: Kartana\n|faint|p2a: Kartana\n|\n|upkeep\n|\n|t:|1699966282\n|switch|p2a: Garchomp|Garchomp, F|100\/100\n|turn|4\n|\n|t:|1699966319\n|detailschange|p2a: Garchomp|Garchomp-Mega, F\n|-mega|p2a: Garchomp|Garchomp|Garchompite\n|move|p1a: Widowmaker|Close Combat|p2a: Garchomp\n|-damage|p2a: Garchomp|64\/100\n|-unboost|p1a: Widowmaker|def|1\n|-unboost|p1a: Widowmaker|spd|1\n|move|p2a: Garchomp|Earthquake|p1a: Widowmaker\n|-supereffective|p1a: Widowmaker\n|-damage|p1a: Widowmaker|0 fnt\n|faint|p1a: Widowmaker\n|\n|upkeep\n|inactive|Battle timer is ON: inactive players will automatically lose when time's up. (requested by aswewdrqw)\n|\n|t:|1699966342\n|switch|p1a: Lil guy my man|Mimikyu, M|100\/100\n|turn|5\n|\n|t:|1699966352\n|move|p1a: Lil guy my man|Swords Dance|p1a: Lil guy my man\n|-boost|p1a: Lil guy my man|atk|2\n|move|p2a: Garchomp|Earthquake|p1a: Lil guy my man\n|-activate|p1a: Lil guy my man|ability: Disguise\n|-damage|p1a: Lil guy my man|100\/100\n|detailschange|p1a: Lil guy my man|Mimikyu-Busted, M\n|-damage|p1a: Lil guy my man|88\/100|[from] pokemon: Mimikyu-Busted\n|\n|upkeep\n|turn|6\n|\n|t:|1699966362\n|move|p1a: Lil guy my man|Play Rough|p2a: Garchomp\n|-supereffective|p2a: Garchomp\n|-damage|p2a: Garchomp|0 fnt\n|faint|p2a: Garchomp\n|-damage|p1a: Lil guy my man|78\/100|[from] item: Life Orb\n|\n|upkeep\n|\n|t:|1699966370\n|switch|p2a: Zeraora|Zeraora, shiny|100\/100\n|turn|7\n|\n|t:|1699966389\n|move|p1a: Lil guy my man|Shadow Sneak|p2a: Zeraora\n|-damage|p2a: Zeraora|48\/100\n|-damage|p1a: Lil guy my man|68\/100|[from] item: Life Orb\n|move|p2a: Zeraora|Iron Tail|p1a: Lil guy my man|[miss]\n|-miss|p2a: Zeraora|p1a: Lil guy my man\n|\n|upkeep\n|turn|8\n|\n|t:|1699966400\n|move|p1a: Lil guy my man|Shadow Sneak|p2a: Zeraora\n|-damage|p2a: Zeraora|0 fnt\n|faint|p2a: Zeraora\n|-damage|p1a: Lil guy my man|58\/100|[from] item: Life Orb\n|\n|upkeep\n|-message|aswewdrqw forfeited.\n|\n|win|KarmaNightraide\n|raw|KarmaNightraide's rating: 1120 &rarr; <strong>1142<\/strong><br \/>(+22 for winning)\n|raw|aswewdrqw's rating: 1080 &rarr; <strong>1061<\/strong><br \/>(-19 for losing)\n|l|\u2606aswewdrqw\n","uploadtime":1699966425,"views":5,"p1id":"karmanightraide","p2id":"aswewdrqw","formatid":"gen9nationaldex","rating":1061,"private":0,"password":""}