{"id":"gen9nationaldex-1999025438","p1":"tbor2002","p2":"lunchbox5536","format":"[Gen 9] National Dex","log":"|html|<div class=\"broadcast-blue\"><strong>[Gen 9] National Dex is currently suspecting Sneasler! For information on how to participate check out the <a href=\"https:\/\/www.smogon.com\/forums\/threads\/sv-national-dex-suspect-8-just-dance.3731534\/\">suspect thread<\/a>.<\/strong><\/div>\n|j|\u2606tbor2002\n|j|\u2606lunchbox5536\n|t:|1701025167\n|gametype|singles\n|player|p1|tbor2002|wattson|\n|player|p2|lunchbox5536|ghetsis|\n|teamsize|p1|6\n|teamsize|p2|6\n|gen|9\n|tier|[Gen 9] National Dex\n|rule|HP Percentage Mod: HP is shown in percentages\n|rule|Endless Battle Clause: Forcing endless battles is banned\n|rule|OHKO Clause: OHKO moves are banned\n|rule|Evasion Clause: Evasion abilities, items, and moves are banned\n|rule|Evasion Abilities Clause: Evasion abilities are banned\n|rule|Evasion Items Clause: Evasion items are banned\n|rule|Evasion Moves Clause: Evasion moves are banned\n|rule|Species Clause: Limit one of each Pok\u00e9mon\n|rule|Sleep Clause Mod: Limit one foe put to sleep\n|clearpoke\n|poke|p1|Zamazenta-*|\n|poke|p1|Goodra-Hisui, M|\n|poke|p1|Jolteon, M|\n|poke|p1|Eelektross, F|\n|poke|p1|Crabominable, F|\n|poke|p1|Mareanie, F|\n|poke|p2|Lilligant-Hisui, F|\n|poke|p2|Kleavor, M|\n|poke|p2|Grimmsnarl, M|\n|poke|p2|Sableye, M|\n|poke|p2|Klawf, M|\n|poke|p2|Crocalor, M|\n|teampreview\n|\n|t:|1701025181\n|start\n|switch|p1a: Eelektross|Eelektross, F|100\/100\n|switch|p2a: Lilligant|Lilligant-Hisui, F, shiny|100\/100\n|turn|1\n|\n|t:|1701025196\n|move|p2a: Lilligant|Close Combat|p1a: Eelektross|[miss]\n|-miss|p2a: Lilligant|p1a: Eelektross\n|move|p1a: Eelektross|U-turn|p2a: Lilligant\n|-damage|p2a: Lilligant|73\/100\n|\n|t:|1701025216\n|switch|p1a: Mareanie|Mareanie, F|100\/100|[from] U-turn\n|\n|upkeep\n|turn|2\n|\n|t:|1701025229\n|switch|p2a: Sableye|Sableye, M|100\/100\n|move|p1a: Mareanie|Sludge Bomb|p2a: Sableye\n|-resisted|p2a: Sableye\n|-damage|p2a: Sableye|90\/100\n|-status|p2a: Sableye|psn\n|\n|-heal|p2a: Sableye|96\/100 psn|[from] item: Leftovers\n|-damage|p2a: Sableye|84\/100 psn|[from] psn\n|upkeep\n|turn|3\n|\n|t:|1701025243\n|switch|p1a: Eelektross|Eelektross, F|100\/100\n|move|p2a: Sableye|Taunt|p1a: Eelektross\n|-start|p1a: Eelektross|move: Taunt\n|\n|-heal|p2a: Sableye|90\/100 psn|[from] item: Leftovers\n|-damage|p2a: Sableye|77\/100 psn|[from] psn\n|upkeep\n|turn|4\n|\n|t:|1701025257\n|move|p2a: Sableye|Knock Off|p1a: Eelektross\n|-damage|p1a: Eelektross|72\/100\n|-enditem|p1a: Eelektross|Assault Vest|[from] move: Knock Off|[of] p2a: Sableye\n|move|p1a: Eelektross|Discharge|p2a: Sableye\n|-damage|p2a: Sableye|48\/100 psn\n|\n|-heal|p2a: Sableye|54\/100 psn|[from] item: Leftovers\n|-damage|p2a: Sableye|42\/100 psn|[from] psn\n|upkeep\n|turn|5\n|\n|t:|1701025273\n|move|p2a: Sableye|Knock Off|p1a: Eelektross\n|-damage|p1a: Eelektross|54\/100\n|move|p1a: Eelektross|Giga Drain|p2a: Sableye\n|-damage|p2a: Sableye|21\/100 psn\n|-heal|p1a: Eelektross|62\/100|[from] drain|[of] p2a: Sableye\n|\n|-heal|p2a: Sableye|27\/100 psn|[from] item: Leftovers\n|-damage|p2a: Sableye|15\/100 psn|[from] psn\n|-end|p1a: Eelektross|move: Taunt\n|upkeep\n|turn|6\n|\n|t:|1701025285\n|move|p2a: Sableye|Pain Split|p1a: Eelektross\n|-sethp|p1a: Eelektross|37\/100|[from] move: Pain Split|[silent]\n|-sethp|p2a: Sableye|46\/100 psn|[from] move: Pain Split\n|move|p1a: Eelektross|Giga Drain|p2a: Sableye\n|-damage|p2a: Sableye|26\/100 psn\n|-heal|p1a: Eelektross|45\/100|[from] drain|[of] p2a: Sableye\n|\n|-heal|p2a: Sableye|33\/100 psn|[from] item: Leftovers\n|-damage|p2a: Sableye|20\/100 psn|[from] psn\n|upkeep\n|turn|7\n|\n|t:|1701025303\n|switch|p2a: Crocalor|Crocalor, M|100\/100\n|move|p1a: Eelektross|U-turn|p2a: Crocalor\n|-resisted|p2a: Crocalor\n|-damage|p2a: Crocalor|93\/100\n|\n|t:|1701025309\n|switch|p1a: Crabominable|Crabominable, F|100\/100|[from] U-turn\n|\n|upkeep\n|turn|8\n|\n|t:|1701025326\n|move|p2a: Crocalor|Flamethrower|p1a: Crabominable\n|-supereffective|p1a: Crabominable\n|-damage|p1a: Crabominable|58\/100\n|move|p1a: Crabominable|Ice Hammer|p2a: Crocalor\n|-resisted|p2a: Crocalor\n|-damage|p2a: Crocalor|68\/100\n|-unboost|p1a: Crabominable|spe|1\n|\n|upkeep\n|turn|9\n|\n|t:|1701025339\n|move|p2a: Crocalor|Will-O-Wisp|p1a: Crabominable|[miss]\n|-miss|p2a: Crocalor|p1a: Crabominable\n|move|p1a: Crabominable|Earthquake|p2a: Crocalor\n|-supereffective|p2a: Crocalor\n|-damage|p2a: Crocalor|5\/100\n|\n|upkeep\n|turn|10\n|\n|t:|1701025351\n|move|p2a: Crocalor|Will-O-Wisp|p1a: Crabominable\n|-status|p1a: Crabominable|brn\n|move|p1a: Crabominable|Drain Punch|p2a: Crocalor\n|-damage|p2a: Crocalor|0 fnt\n|-heal|p1a: Crabominable|60\/100 brn|[from] drain|[of] p2a: Crocalor\n|faint|p2a: Crocalor\n|\n|-damage|p1a: Crabominable|54\/100 brn|[from] brn\n|upkeep\n|\n|t:|1701025364\n|switch|p2a: Kleavor|Kleavor, M|100\/100\n|turn|11\n|\n|t:|1701025369\n|switch|p1a: Eelektross|Eelektross, F|45\/100\n|move|p2a: Kleavor|Stone Axe|p1a: Eelektross\n|-damage|p1a: Eelektross|0 fnt\n|-sidestart|p1: tbor2002|move: Stealth Rock\n|faint|p1a: Eelektross\n|\n|upkeep\n|\n|t:|1701025375\n|switch|p1a: Mareanie|Mareanie, F|100\/100\n|-damage|p1a: Mareanie|88\/100|[from] Stealth Rock\n|turn|12\n|\n|t:|1701025392\n|switch|p2a: Sableye|Sableye, M|20\/100 psn\n|move|p1a: Mareanie|Surf|p2a: Sableye\n|-damage|p2a: Sableye|0 fnt\n|faint|p2a: Sableye\n|\n|upkeep\n|\n|t:|1701025398\n|switch|p2a: Lilligant|Lilligant-Hisui, F, shiny|73\/100\n|turn|13\n|\n|t:|1701025401\n|move|p2a: Lilligant|Leaf Blade|p1a: Mareanie\n|-damage|p1a: Mareanie|2\/100\n|move|p1a: Mareanie|Sludge Bomb|p2a: Lilligant\n|-supereffective|p2a: Lilligant\n|-damage|p2a: Lilligant|9\/100\n|\n|upkeep\n|turn|14\n|\n|t:|1701025411\n|move|p2a: Lilligant|Leaf Blade|p1a: Mareanie|[miss]\n|-miss|p2a: Lilligant|p1a: Mareanie\n|move|p1a: Mareanie|Recover|p1a: Mareanie\n|-heal|p1a: Mareanie|52\/100\n|\n|upkeep\n|turn|15\n|\n|t:|1701025418\n|move|p2a: Lilligant|Leaf Blade|p1a: Mareanie|[miss]\n|-miss|p2a: Lilligant|p1a: Mareanie\n|move|p1a: Mareanie|Sludge Bomb|p2a: Lilligant\n|-supereffective|p2a: Lilligant\n|-damage|p2a: Lilligant|0 fnt\n|faint|p2a: Lilligant\n|\n|upkeep\n|\n|t:|1701025434\n|switch|p2a: AAAAAAAAAAAA|Klawf, M|100\/100\n|turn|16\n|\n|t:|1701025443\n|move|p2a: AAAAAAAAAAAA|High Horsepower|p1a: Mareanie\n|-supereffective|p1a: Mareanie\n|-damage|p1a: Mareanie|0 fnt\n|faint|p1a: Mareanie\n|\n|upkeep\n|\n|t:|1701025453\n|switch|p1a: Zamazenta|Zamazenta, shiny|100\/100\n|-damage|p1a: Zamazenta|94\/100|[from] Stealth Rock\n|-ability|p1a: Zamazenta|Dauntless Shield|boost\n|-boost|p1a: Zamazenta|def|1\n|turn|17\n|\n|t:|1701025478\n|move|p1a: Zamazenta|Iron Defense|p1a: Zamazenta\n|-boost|p1a: Zamazenta|def|2\n|move|p2a: AAAAAAAAAAAA|High Horsepower|p1a: Zamazenta\n|-damage|p1a: Zamazenta|86\/100\n|\n|-heal|p1a: Zamazenta|92\/100|[from] item: Leftovers\n|upkeep\n|turn|18\n|\n|t:|1701025491\n|move|p1a: Zamazenta|Substitute|p1a: Zamazenta\n|-start|p1a: Zamazenta|Substitute\n|-damage|p1a: Zamazenta|67\/100\n|move|p2a: AAAAAAAAAAAA|Knock Off|p1a: Zamazenta\n|-resisted|p1a: Zamazenta\n|-activate|p1a: Zamazenta|move: Substitute|[damage]\n|\n|-heal|p1a: Zamazenta|73\/100|[from] item: Leftovers\n|upkeep\n|turn|19\n|\n|t:|1701025499\n|move|p1a: Zamazenta|Iron Defense|p1a: Zamazenta\n|-boost|p1a: Zamazenta|def|2\n|move|p2a: AAAAAAAAAAAA|Knock Off|p1a: Zamazenta\n|-resisted|p1a: Zamazenta\n|-activate|p1a: Zamazenta|move: Substitute|[damage]\n|\n|-heal|p1a: Zamazenta|80\/100|[from] item: Leftovers\n|upkeep\n|turn|20\n|\n|t:|1701025510\n|move|p1a: Zamazenta|Body Press|p2a: AAAAAAAAAAAA\n|-supereffective|p2a: AAAAAAAAAAAA\n|-damage|p2a: AAAAAAAAAAAA|0 fnt\n|faint|p2a: AAAAAAAAAAAA\n|\n|-heal|p1a: Zamazenta|86\/100|[from] item: Leftovers\n|upkeep\n|\n|t:|1701025517\n|switch|p2a: Krampus|Grimmsnarl, M|100\/100\n|turn|21\n|\n|t:|1701025531\n|-terastallize|p2a: Krampus|Steel\n|move|p1a: Zamazenta|Body Press|p2a: Krampus\n|-supereffective|p2a: Krampus\n|-damage|p2a: Krampus|0 fnt\n|faint|p2a: Krampus\n|\n|-heal|p1a: Zamazenta|92\/100|[from] item: Leftovers\n|upkeep\n|\n|t:|1701025539\n|switch|p2a: Kleavor|Kleavor, M|100\/100\n|turn|22\n|\n|t:|1701025583\n|move|p2a: Kleavor|X-Scissor|p1a: Zamazenta\n|-resisted|p1a: Zamazenta\n|-activate|p1a: Zamazenta|move: Substitute|[damage]\n|move|p1a: Zamazenta|Body Press|p2a: Kleavor\n|-damage|p2a: Kleavor|0 fnt\n|faint|p2a: Kleavor\n|\n|win|tbor2002\n","uploadtime":1701025602,"views":1,"p1id":"tbor2002","p2id":"lunchbox5536","formatid":"gen9nationaldex","rating":0,"private":0,"password":""}