{"id":"gen9nationaldex-1996380610","p1":"DracoShivam","p2":"feed store","format":"[Gen 9] National Dex","log":"|html|<div class=\"broadcast-blue\"><strong>[Gen 9] National Dex is currently suspecting Sneasler! For information on how to participate check out the <a href=\"https:\/\/www.smogon.com\/forums\/threads\/sv-national-dex-suspect-8-just-dance.3731534\/\">suspect thread<\/a>.<\/strong><\/div>\n|j|\u2606DracoShivam\n|j|\u2606feed store\n|t:|1700676554\n|gametype|singles\n|player|p1|DracoShivam|blue|1194\n|player|p2|feed store|clay|1161\n|teamsize|p1|6\n|teamsize|p2|6\n|gen|9\n|tier|[Gen 9] National Dex\n|rated|\n|rule|HP Percentage Mod: HP is shown in percentages\n|rule|Endless Battle Clause: Forcing endless battles is banned\n|rule|OHKO Clause: OHKO moves are banned\n|rule|Evasion Clause: Evasion abilities, items, and moves are banned\n|rule|Evasion Abilities Clause: Evasion abilities are banned\n|rule|Evasion Items Clause: Evasion items are banned\n|rule|Evasion Moves Clause: Evasion moves are banned\n|rule|Species Clause: Limit one of each Pok\u00e9mon\n|rule|Sleep Clause Mod: Limit one foe put to sleep\n|clearpoke\n|poke|p1|Rillaboom, F|\n|poke|p1|Garganacl, F|\n|poke|p1|Great Tusk|\n|poke|p1|Heatran, F|\n|poke|p1|Zapdos|\n|poke|p1|Samurott-Hisui, F|\n|poke|p2|Zoroark-Hisui, F|\n|poke|p2|Nidoking, M|\n|poke|p2|Sinistcha|\n|poke|p2|Cobalion|\n|poke|p2|Rapidash-Galar, M|\n|poke|p2|Krookodile, F|\n|teampreview\n|inactive|Battle timer is ON: inactive players will automatically lose when time's up. (requested by DracoShivam)\n|j| kung fu pokechu\n|j| Lonsol\n|\n|t:|1700676571\n|start\n|switch|p1a: Samurott|Samurott-Hisui, F|100\/100\n|switch|p2a: Cobson|Cobalion|100\/100\n|turn|1\n|\n|t:|1700676582\n|move|p2a: Cobson|Grass Knot|p1a: Samurott\n|-supereffective|p1a: Samurott\n|-damage|p1a: Samurott|46\/100\n|move|p1a: Samurott|Sacred Sword|p2a: Cobson\n|-immune|p2a: Cobson\n|\n|upkeep\n|turn|2\n|\n|t:|1700676593\n|switch|p1a: Rillaboom|Rillaboom, F|100\/100\n|-fieldstart|move: Grassy Terrain|[from] ability: Grassy Surge|[of] p1a: Rillaboom\n|move|p2a: Cobson|Grass Knot|p1a: Rillaboom\n|-resisted|p1a: Rillaboom\n|-crit|p1a: Rillaboom\n|-damage|p1a: Rillaboom|63\/100\n|\n|-heal|p1a: Rillaboom|69\/100|[from] Grassy Terrain\n|upkeep\n|turn|3\n|\n|t:|1700676608\n|move|p2a: Cobson|Flamethrower|p1a: Rillaboom\n|-supereffective|p1a: Rillaboom\n|-damage|p1a: Rillaboom|0 fnt\n|faint|p1a: Rillaboom\n|\n|upkeep\n|\n|t:|1700676613\n|switch|p1a: Garganacl|Garganacl, F|100\/100\n|turn|4\n|\n|t:|1700676618\n|move|p2a: Cobson|Grass Knot|p1a: Garganacl\n|-supereffective|p1a: Garganacl\n|-damage|p1a: Garganacl|36\/100\n|move|p1a: Garganacl|Salt Cure|p2a: Cobson\n|-damage|p2a: Cobson|70\/100\n|-start|p2a: Cobson|Salt Cure\n|replace|p2a: 7\ud83d\udd34Up|Zoroark-Hisui, F\n|-end|p2a: 7\ud83d\udd34Up|Illusion\n|\n|-heal|p2a: 7\ud83d\udd34Up|76\/100|[from] Grassy Terrain\n|-heal|p1a: Garganacl|43\/100|[from] Grassy Terrain\n|-heal|p1a: Garganacl|49\/100|[from] item: Leftovers\n|-damage|p2a: 7\ud83d\udd34Up|64\/100|[from] Salt Cure\n|upkeep\n|turn|5\n|\n|t:|1700676625\n|switch|p1a: Zapdos|Zapdos|100\/100\n|move|p2a: 7\ud83d\udd34Up|Nasty Plot|p2a: 7\ud83d\udd34Up\n|-boost|p2a: 7\ud83d\udd34Up|spa|2\n|\n|-heal|p2a: 7\ud83d\udd34Up|70\/100|[from] Grassy Terrain\n|-damage|p2a: 7\ud83d\udd34Up|57\/100|[from] Salt Cure\n|upkeep\n|turn|6\n|\n|t:|1700676630\n|move|p2a: 7\ud83d\udd34Up|Shadow Ball|p1a: Zapdos\n|-damage|p1a: Zapdos|19\/100\n|move|p1a: Zapdos|Volt Switch|p2a: 7\ud83d\udd34Up\n|-damage|p2a: 7\ud83d\udd34Up|0 fnt\n|faint|p2a: 7\ud83d\udd34Up\n|\n|t:|1700676638\n|switch|p1a: Samurott|Samurott-Hisui, F|46\/100|[from] Volt Switch\n|\n|-heal|p1a: Samurott|52\/100|[from] Grassy Terrain\n|-fieldend|move: Grassy Terrain\n|upkeep\n|\n|t:|1700676649\n|switch|p2a: Rapid Ash|Rapidash-Galar, M|100\/100\n|turn|7\n|\n|t:|1700676655\n|move|p2a: Rapid Ash|Dazzling Gleam|p1a: Samurott\n|-supereffective|p1a: Samurott\n|-damage|p1a: Samurott|6\/100\n|move|p1a: Samurott|Ceaseless Edge|p2a: Rapid Ash\n|-damage|p2a: Rapid Ash|32\/100\n|-sidestart|p2: feed store|Spikes\n|-enditem|p2a: Rapid Ash|Kee Berry|[eat]\n|-boost|p2a: Rapid Ash|def|1|[from] item: Kee Berry\n|\n|upkeep\n|turn|8\n|\n|t:|1700676667\n|switch|p1a: Heatran|Heatran, F|100\/100\n|move|p2a: Rapid Ash|Dazzling Gleam|p1a: Heatran\n|-resisted|p1a: Heatran\n|-damage|p1a: Heatran|96\/100\n|\n|-heal|p1a: Heatran|100\/100|[from] item: Leftovers\n|upkeep\n|turn|9\n|\n|t:|1700676684\n|move|p2a: Rapid Ash|Calm Mind|p2a: Rapid Ash\n|-boost|p2a: Rapid Ash|spa|1\n|-boost|p2a: Rapid Ash|spd|1\n|move|p1a: Heatran|Stealth Rock|p2a: Rapid Ash\n|-sidestart|p2: feed store|move: Stealth Rock\n|\n|upkeep\n|turn|10\n|\n|t:|1700676698\n|move|p2a: Rapid Ash|Calm Mind|p2a: Rapid Ash\n|-boost|p2a: Rapid Ash|spa|1\n|-boost|p2a: Rapid Ash|spd|1\n|move|p1a: Heatran|Magma Storm|p2a: Rapid Ash\n|-damage|p2a: Rapid Ash|4\/100\n|-activate|p2a: Rapid Ash|move: Magma Storm|[of] p1a: Heatran\n|\n|-damage|p2a: Rapid Ash|0 fnt|[from] move: Magma Storm|[partiallytrapped]\n|faint|p2a: Rapid Ash\n|upkeep\n|\n|t:|1700676710\n|switch|p2a: Need a King?|Nidoking, M|100\/100\n|-damage|p2a: Need a King?|88\/100|[from] Spikes\n|-damage|p2a: Need a King?|82\/100|[from] Stealth Rock\n|turn|11\n|\n|t:|1700676726\n|-terastallize|p1a: Heatran|Ghost\n|move|p2a: Need a King?|Stealth Rock|p1a: Heatran\n|-sidestart|p1: DracoShivam|move: Stealth Rock\n|move|p1a: Heatran|Earth Power|p2a: Need a King?\n|-supereffective|p2a: Need a King?\n|-damage|p2a: Need a King?|15\/100\n|\n|upkeep\n|turn|12\n|\n|t:|1700676734\n|move|p2a: Need a King?|Earth Power|p1a: Heatran\n|-damage|p1a: Heatran|62\/100\n|move|p1a: Heatran|Earth Power|p2a: Need a King?\n|-supereffective|p2a: Need a King?\n|-damage|p2a: Need a King?|0 fnt\n|faint|p2a: Need a King?\n|\n|-heal|p1a: Heatran|68\/100|[from] item: Leftovers\n|upkeep\n|\n|t:|1700676739\n|switch|p2a: Krokodil|Krookodile, F|100\/100\n|-damage|p2a: Krokodil|88\/100|[from] Spikes\n|-damage|p2a: Krokodil|82\/100|[from] Stealth Rock\n|turn|13\n|j| less might be more\n|\n|t:|1700676757\n|move|p2a: Krokodil|Knock Off|p1a: Heatran\n|-supereffective|p1a: Heatran\n|-damage|p1a: Heatran|0 fnt\n|-enditem|p1a: Heatran|Leftovers|[from] move: Knock Off|[of] p2a: Krokodil\n|faint|p1a: Heatran\n|-ability|p2a: Krokodil|Moxie|boost\n|-boost|p2a: Krokodil|atk|1\n|\n|upkeep\n|\n|t:|1700676768\n|switch|p1a: Great Tusk|Great Tusk|100\/100\n|-damage|p1a: Great Tusk|97\/100|[from] Stealth Rock\n|turn|14\n|\n|t:|1700676778\n|-terastallize|p2a: Krokodil|Dragon\n|move|p2a: Krokodil|Scale Shot|p1a: Great Tusk|[miss]\n|-miss|p2a: Krokodil|p1a: Great Tusk\n|move|p1a: Great Tusk|Rapid Spin|p2a: Krokodil\n|-damage|p2a: Krokodil|64\/100\n|-boost|p1a: Great Tusk|spe|1\n|-sideend|p1: DracoShivam|Stealth Rock|[from] move: Rapid Spin|[of] p1a: Great Tusk\n|\n|-heal|p1a: Great Tusk|100\/100|[from] item: Leftovers\n|upkeep\n|turn|15\n|\n|t:|1700676793\n|move|p1a: Great Tusk|Bulk Up|p1a: Great Tusk\n|-boost|p1a: Great Tusk|atk|1\n|-boost|p1a: Great Tusk|def|1\n|move|p2a: Krokodil|Scale Shot|p1a: Great Tusk\n|-damage|p1a: Great Tusk|92\/100\n|-damage|p1a: Great Tusk|84\/100\n|-damage|p1a: Great Tusk|76\/100\n|-damage|p1a: Great Tusk|69\/100\n|-damage|p1a: Great Tusk|60\/100\n|-hitcount|p1a: Great Tusk|5\n|-unboost|p2a: Krokodil|def|1\n|-boost|p2a: Krokodil|spe|1\n|\n|-heal|p1a: Great Tusk|66\/100|[from] item: Leftovers\n|upkeep\n|turn|16\n|\n|t:|1700676807\n|move|p2a: Krokodil|Knock Off|p1a: Great Tusk\n|-resisted|p1a: Great Tusk\n|-damage|p1a: Great Tusk|52\/100\n|-enditem|p1a: Great Tusk|Leftovers|[from] move: Knock Off|[of] p2a: Krokodil\n|move|p1a: Great Tusk|Ice Spinner|p2a: Krokodil\n|-supereffective|p2a: Krokodil\n|-damage|p2a: Krokodil|0 fnt\n|faint|p2a: Krokodil\n|\n|upkeep\n|\n|t:|1700676816\n|switch|p2a: shellphone|Sinistcha, shiny|100\/100\n|-damage|p2a: shellphone|88\/100|[from] Spikes\n|-damage|p2a: shellphone|76\/100|[from] Stealth Rock\n|turn|17\n|\n|t:|1700676837\n|move|p1a: Great Tusk|Ice Spinner|p2a: shellphone\n|-supereffective|p2a: shellphone\n|-damage|p2a: shellphone|26\/100\n|move|p2a: shellphone|Matcha Gotcha|p1a: Great Tusk\n|-supereffective|p1a: Great Tusk\n|-damage|p1a: Great Tusk|0 fnt\n|-heal|p2a: shellphone|58\/100|[from] drain|[of] p1a: Great Tusk\n|faint|p1a: Great Tusk\n|-end|p1a: Great Tusk|Protosynthesis|[silent]\n|\n|-heal|p2a: shellphone|64\/100|[from] item: Leftovers\n|upkeep\n|j| 5cat\n|\n|t:|1700676845\n|switch|p1a: Samurott|Samurott-Hisui, F|6\/100\n|turn|18\n|\n|t:|1700676856\n|move|p1a: Samurott|Ceaseless Edge|p2a: shellphone\n|-supereffective|p2a: shellphone\n|-damage|p2a: shellphone|0 fnt\n|-sidestart|p2: feed store|Spikes\n|faint|p2a: shellphone\n|\n|upkeep\n|\n|t:|1700676858\n|switch|p2a: Cobson|Cobalion|100\/100\n|-damage|p2a: Cobson|84\/100|[from] Spikes\n|-damage|p2a: Cobson|81\/100|[from] Stealth Rock\n|turn|19\n|\n|t:|1700676868\n|move|p2a: Cobson|Flash Cannon|p1a: Samurott\n|-resisted|p1a: Samurott\n|-damage|p1a: Samurott|0 fnt\n|faint|p1a: Samurott\n|\n|upkeep\n|\n|t:|1700676879\n|switch|p1a: Zapdos|Zapdos|19\/100\n|turn|20\n|\n|t:|1700676881\n|move|p2a: Cobson|Hidden Power|p1a: Zapdos\n|-supereffective|p1a: Zapdos\n|-damage|p1a: Zapdos|0 fnt\n|faint|p1a: Zapdos\n|\n|upkeep\n|\n|t:|1700676884\n|switch|p1a: Garganacl|Garganacl, F|49\/100\n|turn|21\n|\n|t:|1700676891\n|-zpower|p2a: Cobson\n|move|p2a: Cobson|All-Out Pummeling|p1a: Garganacl|[zeffect]\n|-supereffective|p1a: Garganacl\n|-damage|p1a: Garganacl|0 fnt\n|faint|p1a: Garganacl\n|\n|win|feed store\n|raw|DracoShivam's rating: 1194 &rarr; <strong>1167<\/strong><br \/>(-27 for losing)\n|raw|feed store's rating: 1161 &rarr; <strong>1188<\/strong><br \/>(+27 for winning)\n|l|\u2606DracoShivam\n","uploadtime":1700676899,"views":1,"p1id":"dracoshivam","p2id":"feedstore","formatid":"gen9nationaldex","rating":1167,"private":0,"password":""}