{"id":"gen9nationaldex-1999049756","p1":"Proxis666","p2":"PWA Wright","format":"[Gen 9] National Dex","log":"|html|<div class=\"broadcast-blue\"><strong>[Gen 9] National Dex is currently suspecting Sneasler! For information on how to participate check out the <a href=\"https:\/\/www.smogon.com\/forums\/threads\/sv-national-dex-suspect-8-just-dance.3731534\/\">suspect thread<\/a>.<\/strong><\/div>\n|j|\u2606Proxis666\n|j|\u2606PWA Wright\n|t:|1701027751\n|gametype|singles\n|player|p1|Proxis666|psychic|1726\n|player|p2|PWA Wright|cynthia|1742\n|teamsize|p1|6\n|teamsize|p2|6\n|gen|9\n|tier|[Gen 9] National Dex\n|rated|\n|rule|HP Percentage Mod: HP is shown in percentages\n|rule|Endless Battle Clause: Forcing endless battles is banned\n|rule|OHKO Clause: OHKO moves are banned\n|rule|Evasion Clause: Evasion abilities, items, and moves are banned\n|rule|Evasion Abilities Clause: Evasion abilities are banned\n|rule|Evasion Items Clause: Evasion items are banned\n|rule|Evasion Moves Clause: Evasion moves are banned\n|rule|Species Clause: Limit one of each Pok\u00e9mon\n|rule|Sleep Clause Mod: Limit one foe put to sleep\n|clearpoke\n|poke|p1|Ceruledge, F|\n|poke|p1|Lilligant-Hisui, F|\n|poke|p1|Togekiss, F|\n|poke|p1|Garganacl, M|\n|poke|p1|Kyurem|\n|poke|p1|Swampert, F|\n|poke|p2|Garchomp, M|\n|poke|p2|Dondozo, M|\n|poke|p2|Tyranitar, F|\n|poke|p2|Charizard, F|\n|poke|p2|Clodsire, F|\n|poke|p2|Corviknight, M|\n|teampreview\n|\n|t:|1701027759\n|start\n|switch|p1a: Swampert|Swampert, F|100\/100\n|switch|p2a: Charizard|Charizard, F|100\/100\n|turn|1\n|\n|t:|1701027767\n|detailschange|p2a: Charizard|Charizard-Mega-Y, F\n|-mega|p2a: Charizard|Charizard|Charizardite Y\n|-weather|SunnyDay|[from] ability: Drought|[of] p2a: Charizard\n|move|p2a: Charizard|Solar Beam||[still]\n|-prepare|p2a: Charizard|Solar Beam\n|-anim|p2a: Charizard|Solar Beam|p1a: Swampert\n|-supereffective|p1a: Swampert\n|-damage|p1a: Swampert|0 fnt\n|faint|p1a: Swampert\n|\n|-weather|SunnyDay|[upkeep]\n|upkeep\n|\n|t:|1701027778\n|switch|p1a: Lilligant|Lilligant-Hisui, F|100\/100\n|turn|2\n|\n|t:|1701027791\n|move|p1a: Lilligant|Sleep Powder|p2a: Charizard\n|-status|p2a: Charizard|slp|[from] move: Sleep Powder\n|cant|p2a: Charizard|slp\n|\n|-weather|SunnyDay|[upkeep]\n|upkeep\n|turn|3\n|\n|t:|1701027794\n|switch|p2a: Tyranitar|Tyranitar, F|100\/100\n|-weather|Sandstorm|[from] ability: Sand Stream|[of] p2a: Tyranitar\n|move|p1a: Lilligant|Victory Dance|p1a: Lilligant\n|-boost|p1a: Lilligant|atk|1\n|-boost|p1a: Lilligant|def|1\n|-boost|p1a: Lilligant|spe|1\n|\n|-weather|Sandstorm|[upkeep]\n|-damage|p1a: Lilligant|94\/100|[from] Sandstorm\n|upkeep\n|turn|4\n|\n|t:|1701027796\n|switch|p2a: Corviknight|Corviknight, M|100\/100\n|-ability|p2a: Corviknight|Pressure\n|move|p1a: Lilligant|Close Combat|p2a: Corviknight|[miss]\n|-miss|p1a: Lilligant|p2a: Corviknight\n|\n|-weather|Sandstorm|[upkeep]\n|-damage|p1a: Lilligant|88\/100|[from] Sandstorm\n|upkeep\n|turn|5\n|\n|t:|1701027802\n|move|p1a: Lilligant|Close Combat|p2a: Corviknight|[miss]\n|-miss|p1a: Lilligant|p2a: Corviknight\n|move|p2a: Corviknight|U-turn|p1a: Lilligant\n|-damage|p1a: Lilligant|73\/100\n|\n|t:|1701027812\n|switch|p2a: Clodsire|Clodsire, F|100\/100|[from] U-turn\n|\n|-weather|Sandstorm|[upkeep]\n|-damage|p1a: Lilligant|67\/100|[from] Sandstorm\n|upkeep\n|turn|6\n|inactive|Battle timer is ON: inactive players will automatically lose when time's up. (requested by Proxis666)\n|\n|t:|1701027814\n|move|p1a: Lilligant|Ice Spinner|p2a: Clodsire|[miss]\n|-miss|p1a: Lilligant|p2a: Clodsire\n|move|p2a: Clodsire|Toxic|p1a: Lilligant\n|-status|p1a: Lilligant|tox\n|\n|-weather|Sandstorm|[upkeep]\n|-damage|p1a: Lilligant|61\/100 tox|[from] Sandstorm\n|-damage|p1a: Lilligant|55\/100 tox|[from] psn\n|upkeep\n|turn|7\n|c|\u2606PWA Wright|Oof\n|\n|t:|1701027826\n|switch|p2a: Corviknight|Corviknight, M|100\/100\n|-ability|p2a: Corviknight|Pressure\n|move|p1a: Lilligant|Close Combat|p2a: Corviknight\n|-damage|p2a: Corviknight|27\/100\n|-unboost|p1a: Lilligant|def|1\n|-unboost|p1a: Lilligant|spd|1\n|-damage|p1a: Lilligant|38\/100 tox|[from] item: Rocky Helmet|[of] p2a: Corviknight\n|\n|-weather|none\n|-damage|p1a: Lilligant|26\/100 tox|[from] psn\n|upkeep\n|turn|8\n|\n|t:|1701027834\n|move|p1a: Lilligant|Close Combat|p2a: Corviknight|[miss]\n|-miss|p1a: Lilligant|p2a: Corviknight\n|move|p2a: Corviknight|Roost|p2a: Corviknight\n|-heal|p2a: Corviknight|77\/100\n|-singleturn|p2a: Corviknight|move: Roost\n|\n|-damage|p1a: Lilligant|8\/100 tox|[from] psn\n|upkeep\n|turn|9\n|\n|t:|1701027839\n|move|p1a: Lilligant|Ice Spinner|p2a: Corviknight\n|-damage|p2a: Corviknight|44\/100\n|-damage|p1a: Lilligant|0 fnt|[from] item: Rocky Helmet|[of] p2a: Corviknight\n|faint|p1a: Lilligant\n|move|p2a: Corviknight|Roost|p2a: Corviknight\n|-heal|p2a: Corviknight|94\/100\n|-singleturn|p2a: Corviknight|move: Roost\n|\n|upkeep\n|\n|t:|1701027841\n|switch|p1a: Ceruledge|Ceruledge, F|100\/100\n|turn|10\n|c|\u2606PWA Wright|Is that Hustle?\n|\n|t:|1701027854\n|switch|p2a: Tyranitar|Tyranitar, F|100\/100\n|-weather|Sandstorm|[from] ability: Sand Stream|[of] p2a: Tyranitar\n|move|p1a: Ceruledge|Swords Dance|p1a: Ceruledge\n|-boost|p1a: Ceruledge|atk|2\n|\n|-weather|Sandstorm|[upkeep]\n|-damage|p1a: Ceruledge|94\/100|[from] Sandstorm\n|upkeep\n|turn|11\n|\n|t:|1701027863\n|switch|p2a: Dondozo|Dondozo, M|100\/100\n|move|p1a: Ceruledge|Poltergeist|p2a: Dondozo\n|-activate|p2a: Dondozo|move: Poltergeist|Rocky Helmet\n|-damage|p2a: Dondozo|71\/100\n|\n|-weather|Sandstorm|[upkeep]\n|-damage|p1a: Ceruledge|88\/100|[from] Sandstorm\n|-damage|p2a: Dondozo|65\/100|[from] Sandstorm\n|upkeep\n|turn|12\n|\n|t:|1701027869\n|move|p1a: Ceruledge|Poltergeist|p2a: Dondozo\n|-activate|p2a: Dondozo|move: Poltergeist|Rocky Helmet\n|-damage|p2a: Dondozo|38\/100\n|move|p2a: Dondozo|Curse|p2a: Dondozo\n|-unboost|p2a: Dondozo|spe|1\n|-boost|p2a: Dondozo|atk|1\n|-boost|p2a: Dondozo|def|1\n|\n|-weather|Sandstorm|[upkeep]\n|-damage|p1a: Ceruledge|82\/100|[from] Sandstorm\n|-damage|p2a: Dondozo|32\/100|[from] Sandstorm\n|upkeep\n|turn|13\n|\n|t:|1701027874\n|move|p1a: Ceruledge|Poltergeist|p2a: Dondozo\n|-activate|p2a: Dondozo|move: Poltergeist|Rocky Helmet\n|-damage|p2a: Dondozo|15\/100\n|move|p2a: Dondozo|Rest|p2a: Dondozo\n|-status|p2a: Dondozo|slp|[from] move: Rest\n|-heal|p2a: Dondozo|100\/100 slp|[silent]\n|\n|-weather|Sandstorm|[upkeep]\n|-damage|p1a: Ceruledge|76\/100|[from] Sandstorm\n|-damage|p2a: Dondozo|94\/100 slp|[from] Sandstorm\n|upkeep\n|turn|14\n|\n|t:|1701027879\n|switch|p1a: Not-Baxcalibur|Kyurem|100\/100\n|-ability|p1a: Not-Baxcalibur|Pressure\n|cant|p2a: Dondozo|slp\n|\n|-weather|none\n|upkeep\n|turn|15\n|\n|t:|1701027883\n|switch|p2a: Tyranitar|Tyranitar, F|100\/100\n|-weather|Sandstorm|[from] ability: Sand Stream|[of] p2a: Tyranitar\n|move|p1a: Not-Baxcalibur|Dragon Dance|p1a: Not-Baxcalibur\n|-boost|p1a: Not-Baxcalibur|atk|1\n|-boost|p1a: Not-Baxcalibur|spe|1\n|\n|-weather|Sandstorm|[upkeep]\n|-damage|p1a: Not-Baxcalibur|94\/100|[from] Sandstorm\n|upkeep\n|turn|16\n|\n|t:|1701027886\n|move|p1a: Not-Baxcalibur|Scale Shot|p2a: Tyranitar\n|-damage|p2a: Tyranitar|83\/100\n|-damage|p2a: Tyranitar|67\/100\n|-damage|p2a: Tyranitar|50\/100\n|-damage|p2a: Tyranitar|32\/100\n|-hitcount|p2a: Tyranitar|4\n|-unboost|p1a: Not-Baxcalibur|def|1\n|-boost|p1a: Not-Baxcalibur|spe|1\n|move|p2a: Tyranitar|Stone Edge|p1a: Not-Baxcalibur\n|-supereffective|p1a: Not-Baxcalibur\n|-damage|p1a: Not-Baxcalibur|0 fnt\n|faint|p1a: Not-Baxcalibur\n|\n|-weather|Sandstorm|[upkeep]\n|upkeep\n|\n|t:|1701027891\n|switch|p1a: Garganacl|Garganacl, M|100\/100\n|turn|17\n|\n|t:|1701027893\n|move|p2a: Tyranitar|Earthquake|p1a: Garganacl\n|-supereffective|p1a: Garganacl\n|-damage|p1a: Garganacl|57\/100\n|move|p1a: Garganacl|Iron Defense|p1a: Garganacl\n|-boost|p1a: Garganacl|def|2\n|\n|-weather|Sandstorm|[upkeep]\n|-heal|p1a: Garganacl|64\/100|[from] item: Leftovers\n|upkeep\n|turn|18\n|\n|t:|1701027897\n|move|p2a: Tyranitar|Earthquake|p1a: Garganacl\n|-supereffective|p1a: Garganacl\n|-damage|p1a: Garganacl|43\/100\n|move|p1a: Garganacl|Recover|p1a: Garganacl\n|-heal|p1a: Garganacl|93\/100\n|\n|-weather|Sandstorm|[upkeep]\n|-heal|p1a: Garganacl|99\/100|[from] item: Leftovers\n|upkeep\n|turn|19\n|\n|t:|1701027900\n|move|p2a: Tyranitar|Earthquake|p1a: Garganacl\n|-supereffective|p1a: Garganacl\n|-damage|p1a: Garganacl|79\/100\n|move|p1a: Garganacl|Iron Defense|p1a: Garganacl\n|-boost|p1a: Garganacl|def|2\n|\n|-weather|none\n|-heal|p1a: Garganacl|85\/100|[from] item: Leftovers\n|upkeep\n|turn|20\n|\n|t:|1701027909\n|move|p2a: Tyranitar|Earthquake|p1a: Garganacl\n|-supereffective|p1a: Garganacl\n|-damage|p1a: Garganacl|72\/100\n|move|p1a: Garganacl|Salt Cure|p2a: Tyranitar\n|-damage|p2a: Tyranitar|20\/100\n|-start|p2a: Tyranitar|Salt Cure\n|\n|-heal|p1a: Garganacl|78\/100|[from] item: Leftovers\n|-damage|p2a: Tyranitar|8\/100|[from] Salt Cure\n|upkeep\n|turn|21\n|\n|t:|1701027914\n|move|p2a: Tyranitar|Earthquake|p1a: Garganacl\n|-supereffective|p1a: Garganacl\n|-damage|p1a: Garganacl|64\/100\n|move|p1a: Garganacl|Recover|p1a: Garganacl\n|-heal|p1a: Garganacl|100\/100\n|\n|-damage|p2a: Tyranitar|0 fnt|[from] Salt Cure\n|faint|p2a: Tyranitar\n|upkeep\n|\n|t:|1701027920\n|switch|p2a: Charizard|Charizard-Mega-Y, F|100\/100 slp\n|-weather|SunnyDay|[from] ability: Drought|[of] p2a: Charizard\n|turn|22\n|\n|t:|1701027922\n|cant|p2a: Charizard|slp\n|move|p1a: Garganacl|Salt Cure|p2a: Charizard\n|-supereffective|p2a: Charizard\n|-damage|p2a: Charizard|28\/100 slp\n|-start|p2a: Charizard|Salt Cure\n|\n|-weather|SunnyDay|[upkeep]\n|-damage|p2a: Charizard|15\/100 slp|[from] Salt Cure\n|upkeep\n|turn|23\n|\n|t:|1701027929\n|cant|p2a: Charizard|slp\n|move|p1a: Garganacl|Recover||[still]\n|-fail|p1a: Garganacl|heal\n|\n|-weather|SunnyDay|[upkeep]\n|-damage|p2a: Charizard|3\/100 slp|[from] Salt Cure\n|upkeep\n|turn|24\n|\n|t:|1701027931\n|-curestatus|p2a: Charizard|slp|[msg]\n|move|p2a: Charizard|Solar Beam||[still]\n|-prepare|p2a: Charizard|Solar Beam\n|-anim|p2a: Charizard|Solar Beam|p1a: Garganacl\n|-supereffective|p1a: Garganacl\n|-damage|p1a: Garganacl|39\/100\n|move|p1a: Garganacl|Recover|p1a: Garganacl\n|-heal|p1a: Garganacl|89\/100\n|\n|-weather|SunnyDay|[upkeep]\n|-heal|p1a: Garganacl|95\/100|[from] item: Leftovers\n|-damage|p2a: Charizard|0 fnt|[from] Salt Cure\n|faint|p2a: Charizard\n|upkeep\n|\n|t:|1701027934\n|switch|p2a: Dondozo|Dondozo, M|94\/100 slp\n|turn|25\n|\n|t:|1701027937\n|-terastallize|p2a: Dondozo|Ghost\n|move|p1a: Garganacl|Salt Cure|p2a: Dondozo\n|-damage|p2a: Dondozo|88\/100 slp\n|-start|p2a: Dondozo|Salt Cure\n|cant|p2a: Dondozo|slp\n|\n|-weather|SunnyDay|[upkeep]\n|-heal|p1a: Garganacl|100\/100|[from] item: Leftovers\n|-damage|p2a: Dondozo|76\/100 slp|[from] Salt Cure\n|upkeep\n|turn|26\n|\n|t:|1701027941\n|move|p1a: Garganacl|Iron Defense|p1a: Garganacl\n|-boost|p1a: Garganacl|def|2\n|-curestatus|p2a: Dondozo|slp|[msg]\n|move|p2a: Dondozo|Curse|p1a: Garganacl\n|-start|p1a: Garganacl|Curse|[of] p2a: Dondozo\n|-damage|p2a: Dondozo|26\/100\n|\n|-weather|none\n|-damage|p1a: Garganacl|75\/100|[from] Curse\n|-damage|p2a: Dondozo|14\/100|[from] Salt Cure\n|upkeep\n|turn|27\n|\n|t:|1701027943\n|move|p1a: Garganacl|Salt Cure|p2a: Dondozo\n|-damage|p2a: Dondozo|7\/100\n|move|p2a: Dondozo|Rest|p2a: Dondozo\n|-status|p2a: Dondozo|slp|[from] move: Rest\n|-heal|p2a: Dondozo|100\/100 slp|[silent]\n|\n|-heal|p1a: Garganacl|82\/100|[from] item: Leftovers\n|-damage|p1a: Garganacl|57\/100|[from] Curse\n|-damage|p2a: Dondozo|88\/100 slp|[from] Salt Cure\n|upkeep\n|turn|28\n|\n|t:|1701027951\n|switch|p2a: Garchomp|Garchomp, M|100\/100\n|move|p1a: Garganacl|Recover|p1a: Garganacl\n|-heal|p1a: Garganacl|100\/100\n|\n|-damage|p1a: Garganacl|75\/100|[from] Curse\n|upkeep\n|turn|29\n|\n|t:|1701027963\n|switch|p2a: Corviknight|Corviknight, M|94\/100\n|-ability|p2a: Corviknight|Pressure\n|move|p1a: Garganacl|Body Press|p2a: Corviknight\n|-damage|p2a: Corviknight|44\/100\n|-damage|p1a: Garganacl|59\/100|[from] item: Rocky Helmet|[of] p2a: Corviknight\n|\n|-heal|p1a: Garganacl|65\/100|[from] item: Leftovers\n|-damage|p1a: Garganacl|40\/100|[from] Curse\n|upkeep\n|turn|30\n|j| Nomer16\n|\n|t:|1701027972\n|move|p2a: Corviknight|Roost|p2a: Corviknight\n|-heal|p2a: Corviknight|94\/100\n|-singleturn|p2a: Corviknight|move: Roost\n|move|p1a: Garganacl|Recover|p1a: Garganacl\n|-heal|p1a: Garganacl|90\/100\n|\n|-heal|p1a: Garganacl|96\/100|[from] item: Leftovers\n|-damage|p1a: Garganacl|71\/100|[from] Curse\n|upkeep\n|turn|31\n|\n|t:|1701027977\n|move|p2a: Corviknight|U-turn|p1a: Garganacl\n|-damage|p1a: Garganacl|69\/100\n|\n|t:|1701027978\n|switch|p2a: Clodsire|Clodsire, F|100\/100|[from] U-turn\n|move|p1a: Garganacl|Salt Cure|p2a: Clodsire\n|-resisted|p2a: Clodsire\n|-damage|p2a: Clodsire|93\/100\n|-start|p2a: Clodsire|Salt Cure\n|\n|-heal|p1a: Garganacl|75\/100|[from] item: Leftovers\n|-heal|p2a: Clodsire|99\/100|[from] item: Leftovers\n|-damage|p1a: Garganacl|50\/100|[from] Curse\n|-damage|p2a: Clodsire|86\/100|[from] Salt Cure\n|upkeep\n|turn|32\n|\n|t:|1701027981\n|move|p1a: Garganacl|Recover|p1a: Garganacl\n|-heal|p1a: Garganacl|99\/100\n|move|p2a: Clodsire|Stealth Rock|p1a: Garganacl\n|-sidestart|p1: Proxis666|move: Stealth Rock\n|\n|-heal|p1a: Garganacl|100\/100|[from] item: Leftovers\n|-heal|p2a: Clodsire|93\/100|[from] item: Leftovers\n|-damage|p1a: Garganacl|75\/100|[from] Curse\n|-damage|p2a: Clodsire|80\/100|[from] Salt Cure\n|upkeep\n|turn|33\n|\n|t:|1701027987\n|switch|p2a: Corviknight|Corviknight, M|94\/100\n|-ability|p2a: Corviknight|Pressure\n|move|p1a: Garganacl|Body Press|p2a: Corviknight\n|-damage|p2a: Corviknight|35\/100\n|-damage|p1a: Garganacl|59\/100|[from] item: Rocky Helmet|[of] p2a: Corviknight\n|\n|-heal|p1a: Garganacl|65\/100|[from] item: Leftovers\n|-damage|p1a: Garganacl|40\/100|[from] Curse\n|upkeep\n|turn|34\n|\n|t:|1701027989\n|move|p2a: Corviknight|Roost|p2a: Corviknight\n|-heal|p2a: Corviknight|85\/100\n|-singleturn|p2a: Corviknight|move: Roost\n|move|p1a: Garganacl|Body Press|p2a: Corviknight\n|-supereffective|p2a: Corviknight\n|-damage|p2a: Corviknight|0 fnt\n|-damage|p1a: Garganacl|24\/100|[from] item: Rocky Helmet|[of] p2a: Corviknight\n|faint|p2a: Corviknight\n|\n|-heal|p1a: Garganacl|30\/100|[from] item: Leftovers\n|-damage|p1a: Garganacl|5\/100|[from] Curse\n|upkeep\n|\n|t:|1701027993\n|switch|p2a: Garchomp|Garchomp, M|100\/100\n|turn|35\n|\n|t:|1701027997\n|move|p2a: Garchomp|Earthquake|p1a: Garganacl\n|-supereffective|p1a: Garganacl\n|-damage|p1a: Garganacl|0 fnt\n|faint|p1a: Garganacl\n|\n|upkeep\n|\n|t:|1701027999\n|switch|p1a: Togekiss|Togekiss, F|100\/100\n|-damage|p1a: Togekiss|76\/100|[from] Stealth Rock\n|turn|36\n|\n|t:|1701028002\n|switch|p2a: Clodsire|Clodsire, F|80\/100\n|move|p1a: Togekiss|Air Slash|p2a: Clodsire\n|-damage|p2a: Clodsire|59\/100\n|\n|-heal|p2a: Clodsire|66\/100|[from] item: Leftovers\n|upkeep\n|turn|37\n|\n|t:|1701028006\n|move|p1a: Togekiss|Air Slash|p2a: Clodsire|[miss]\n|-miss|p1a: Togekiss|p2a: Clodsire\n|move|p2a: Clodsire|Recover|p2a: Clodsire\n|-heal|p2a: Clodsire|100\/100\n|\n|upkeep\n|turn|38\n|\n|t:|1701028010\n|move|p1a: Togekiss|Air Slash|p2a: Clodsire\n|-damage|p2a: Clodsire|80\/100\n|cant|p2a: Clodsire|flinch\n|\n|-heal|p2a: Clodsire|86\/100|[from] item: Leftovers\n|upkeep\n|turn|39\n|\n|t:|1701028012\n|switch|p1a: Ceruledge|Ceruledge, F|76\/100\n|-damage|p1a: Ceruledge|51\/100|[from] Stealth Rock\n|move|p2a: Clodsire|Toxic|p1a: Ceruledge\n|-status|p1a: Ceruledge|tox\n|\n|-heal|p2a: Clodsire|92\/100|[from] item: Leftovers\n|-damage|p1a: Ceruledge|45\/100 tox|[from] psn\n|upkeep\n|turn|40\n|\n|t:|1701028017\n|switch|p2a: Garchomp|Garchomp, M|100\/100\n|move|p1a: Ceruledge|Swords Dance|p1a: Ceruledge\n|-boost|p1a: Ceruledge|atk|2\n|\n|-damage|p1a: Ceruledge|32\/100 tox|[from] psn\n|upkeep\n|turn|41\n|\n|t:|1701028020\n|move|p1a: Ceruledge|Shadow Sneak|p2a: Garchomp\n|-damage|p2a: Garchomp|60\/100\n|-damage|p1a: Ceruledge|20\/100 tox|[from] ability: Rough Skin|[of] p2a: Garchomp\n|move|p2a: Garchomp|Earthquake|p1a: Ceruledge\n|-supereffective|p1a: Ceruledge\n|-damage|p1a: Ceruledge|0 fnt\n|faint|p1a: Ceruledge\n|\n|upkeep\n|\n|t:|1701028022\n|switch|p1a: Togekiss|Togekiss, F|76\/100\n|-damage|p1a: Togekiss|51\/100|[from] Stealth Rock\n|turn|42\n|\n|t:|1701028028\n|switch|p2a: Clodsire|Clodsire, F|92\/100\n|move|p1a: Togekiss|Air Slash|p2a: Clodsire\n|-crit|p2a: Clodsire\n|-damage|p2a: Clodsire|61\/100\n|\n|-heal|p2a: Clodsire|67\/100|[from] item: Leftovers\n|upkeep\n|turn|43\n|\n|t:|1701028033\n|move|p1a: Togekiss|Air Slash|p2a: Clodsire\n|-damage|p2a: Clodsire|47\/100\n|move|p2a: Clodsire|Recover|p2a: Clodsire\n|-heal|p2a: Clodsire|97\/100\n|\n|-heal|p2a: Clodsire|100\/100|[from] item: Leftovers\n|upkeep\n|turn|44\n|\n|t:|1701028035\n|move|p1a: Togekiss|Air Slash|p2a: Clodsire\n|-damage|p2a: Clodsire|80\/100\n|cant|p2a: Clodsire|flinch\n|\n|-heal|p2a: Clodsire|86\/100|[from] item: Leftovers\n|upkeep\n|turn|45\n|\n|t:|1701028037\n|move|p1a: Togekiss|Air Slash|p2a: Clodsire\n|-damage|p2a: Clodsire|66\/100\n|cant|p2a: Clodsire|flinch\n|\n|-heal|p2a: Clodsire|72\/100|[from] item: Leftovers\n|upkeep\n|turn|46\n|\n|t:|1701028039\n|move|p1a: Togekiss|Air Slash|p2a: Clodsire\n|-damage|p2a: Clodsire|50\/100\n|cant|p2a: Clodsire|flinch\n|\n|-heal|p2a: Clodsire|56\/100|[from] item: Leftovers\n|upkeep\n|turn|47\n|\n|t:|1701028041\n|move|p1a: Togekiss|Air Slash|p2a: Clodsire\n|-damage|p2a: Clodsire|37\/100\n|cant|p2a: Clodsire|flinch\n|\n|-heal|p2a: Clodsire|43\/100|[from] item: Leftovers\n|upkeep\n|turn|48\n|\n|t:|1701028043\n|move|p1a: Togekiss|Air Slash|p2a: Clodsire\n|-damage|p2a: Clodsire|23\/100\n|cant|p2a: Clodsire|flinch\n|\n|-heal|p2a: Clodsire|29\/100|[from] item: Leftovers\n|upkeep\n|turn|49\n|\n|t:|1701028045\n|move|p1a: Togekiss|Air Slash|p2a: Clodsire\n|-damage|p2a: Clodsire|8\/100\n|cant|p2a: Clodsire|flinch\n|\n|-heal|p2a: Clodsire|14\/100|[from] item: Leftovers\n|upkeep\n|turn|50\n|\n|t:|1701028048\n|move|p1a: Togekiss|Air Slash|p2a: Clodsire\n|-damage|p2a: Clodsire|0 fnt\n|faint|p2a: Clodsire\n|\n|upkeep\n|\n|t:|1701028051\n|switch|p2a: Garchomp|Garchomp, M|60\/100\n|turn|51\n|\n|t:|1701028054\n|move|p1a: Togekiss|Air Slash|p2a: Garchomp\n|-damage|p2a: Garchomp|16\/100\n|cant|p2a: Garchomp|flinch\n|\n|upkeep\n|turn|52\n|\n|t:|1701028058\n|move|p1a: Togekiss|Air Slash|p2a: Garchomp\n|-damage|p2a: Garchomp|0 fnt\n|faint|p2a: Garchomp\n|\n|upkeep\n|\n|t:|1701028060\n|switch|p2a: Dondozo|Dondozo, M, tera:Ghost|88\/100 slp\n|turn|53\n|\n|t:|1701028067\n|move|p1a: Togekiss|Air Slash|p2a: Dondozo\n|-damage|p2a: Dondozo|51\/100 slp\n|cant|p2a: Dondozo|slp\n|\n|upkeep\n|turn|54\n|\n|t:|1701028070\n|move|p1a: Togekiss|Air Slash|p2a: Dondozo\n|-damage|p2a: Dondozo|16\/100 slp\n|cant|p2a: Dondozo|slp\n|\n|upkeep\n|turn|55\n|\n|t:|1701028073\n|move|p1a: Togekiss|Air Slash|p2a: Dondozo\n|-damage|p2a: Dondozo|0 fnt\n|faint|p2a: Dondozo\n|\n|win|Proxis666\n|raw|Proxis666's rating: 1726 &rarr; <strong>1747<\/strong><br \/>(+21 for winning)\n|raw|PWA Wright's rating: 1742 &rarr; <strong>1721<\/strong><br \/>(-21 for losing)\n|l|\u2606Proxis666\n|l| Nomer16\n|c|\u2606PWA Wright|Jfc Togekiss is cancer\n","uploadtime":1701028112,"views":8,"p1id":"proxis666","p2id":"pwawright","formatid":"gen9nationaldex","rating":1721,"private":0,"password":""}