{"id":"gen9nationaldex-1997802170","p1":"PaleSwordsman_666","p2":"anti gayreio","format":"[Gen 9] National Dex","log":"|html|<div class=\"broadcast-blue\"><strong>[Gen 9] National Dex is currently suspecting Sneasler! For information on how to participate check out the <a href=\"https:\/\/www.smogon.com\/forums\/threads\/sv-national-dex-suspect-8-just-dance.3731534\/\">suspect thread<\/a>.<\/strong><\/div>\n|j|\u2606PaleSwordsman_666\n|j|\u2606anti gayreio\n|t:|1700854260\n|gametype|singles\n|player|p1|PaleSwordsman_666|cynthia-gen4|\n|player|p2|anti gayreio|veteran|\n|teamsize|p1|6\n|teamsize|p2|6\n|gen|9\n|tier|[Gen 9] National Dex\n|rule|HP Percentage Mod: HP is shown in percentages\n|rule|Endless Battle Clause: Forcing endless battles is banned\n|rule|OHKO Clause: OHKO moves are banned\n|rule|Evasion Clause: Evasion abilities, items, and moves are banned\n|rule|Evasion Abilities Clause: Evasion abilities are banned\n|rule|Evasion Items Clause: Evasion items are banned\n|rule|Evasion Moves Clause: Evasion moves are banned\n|rule|Species Clause: Limit one of each Pok\u00e9mon\n|rule|Sleep Clause Mod: Limit one foe put to sleep\n|clearpoke\n|poke|p1|Sharpedo, F|\n|poke|p1|Ditto|\n|poke|p1|Mandibuzz, F|\n|poke|p1|Mienshao, M|\n|poke|p1|Mamoswine, M|\n|poke|p1|Suicune|\n|poke|p2|Sceptile, M|\n|poke|p2|Alakazam, M|\n|poke|p2|Jolteon, M|\n|poke|p2|Tentacruel, M|\n|poke|p2|Mamoswine, M|\n|poke|p2|Clefable, F|\n|teampreview\n|inactive|Battle timer is ON: inactive players will automatically lose when time's up. (requested by PaleSwordsman_666)\n|\n|t:|1700854281\n|start\n|switch|p1a: Mienshao|Mienshao, M|100\/100\n|switch|p2a: Tentacruel|Tentacruel, M|100\/100\n|turn|1\n|\n|t:|1700854304\n|move|p1a: Mienshao|Fake Out|p2a: Tentacruel\n|-damage|p2a: Tentacruel|85\/100\n|-damage|p1a: Mienshao|91\/100|[from] item: Life Orb\n|cant|p2a: Tentacruel|flinch\n|\n|-heal|p2a: Tentacruel|91\/100|[from] item: Black Sludge\n|upkeep\n|turn|2\n|\n|t:|1700854310\n|move|p1a: Mienshao|U-turn|p2a: Tentacruel\n|-resisted|p2a: Tentacruel\n|-damage|p2a: Tentacruel|78\/100\n|-damage|p1a: Mienshao|81\/100|[from] item: Life Orb\n|\n|t:|1700854317\n|switch|p1a: Sharpedo|Sharpedo, F|100\/100|[from] U-turn\n|move|p2a: Tentacruel|Knock Off|p1a: Sharpedo\n|-resisted|p1a: Sharpedo\n|-damage|p1a: Sharpedo|87\/100\n|\n|-heal|p2a: Tentacruel|84\/100|[from] item: Black Sludge\n|upkeep\n|turn|3\n|\n|t:|1700854330\n|switch|p2a: Clefable|Clefable, F|100\/100\n|move|p1a: Sharpedo|Psychic Fangs|p2a: Clefable\n|-damage|p2a: Clefable|78\/100\n|\n|-heal|p2a: Clefable|84\/100|[from] item: Leftovers\n|-ability|p1a: Sharpedo|Speed Boost|boost\n|-boost|p1a: Sharpedo|spe|1\n|upkeep\n|turn|4\n|\n|t:|1700854348\n|switch|p1a: Mandibuzz|Mandibuzz, F, shiny|100\/100\n|move|p2a: Clefable|Moonblast|p1a: Mandibuzz\n|-supereffective|p1a: Mandibuzz\n|-damage|p1a: Mandibuzz|62\/100\n|\n|-heal|p1a: Mandibuzz|68\/100|[from] item: Leftovers\n|-heal|p2a: Clefable|90\/100|[from] item: Leftovers\n|upkeep\n|turn|5\n|\n|t:|1700854359\n|move|p1a: Mandibuzz|Taunt|p2a: Clefable\n|-start|p2a: Clefable|move: Taunt\n|move|p2a: Clefable|Moonblast|p1a: Mandibuzz\n|-supereffective|p1a: Mandibuzz\n|-damage|p1a: Mandibuzz|31\/100\n|-unboost|p1a: Mandibuzz|spa|1\n|\n|-heal|p1a: Mandibuzz|37\/100|[from] item: Leftovers\n|-heal|p2a: Clefable|96\/100|[from] item: Leftovers\n|upkeep\n|turn|6\n|\n|t:|1700854378\n|move|p1a: Mandibuzz|Roost|p1a: Mandibuzz\n|-heal|p1a: Mandibuzz|87\/100\n|-singleturn|p1a: Mandibuzz|move: Roost\n|move|p2a: Clefable|Moonblast|p1a: Mandibuzz\n|-supereffective|p1a: Mandibuzz\n|-damage|p1a: Mandibuzz|47\/100\n|-unboost|p1a: Mandibuzz|spa|1\n|\n|-heal|p1a: Mandibuzz|53\/100|[from] item: Leftovers\n|-heal|p2a: Clefable|100\/100|[from] item: Leftovers\n|upkeep\n|turn|7\n|\n|t:|1700854387\n|switch|p2a: Jolteon|Jolteon, M|100\/100\n|move|p1a: Mandibuzz|Roost|p1a: Mandibuzz\n|-heal|p1a: Mandibuzz|100\/100\n|-singleturn|p1a: Mandibuzz|move: Roost\n|\n|-status|p2a: Jolteon|brn|[from] item: Flame Orb\n|upkeep\n|turn|8\n|inactive|anti gayreio has 270 seconds left.\n|\n|t:|1700854419\n|switch|p2a: Clefable|Clefable, F|100\/100\n|move|p1a: Mandibuzz|Foul Play|p2a: Clefable\n|-resisted|p2a: Clefable\n|-damage|p2a: Clefable|93\/100\n|\n|-heal|p2a: Clefable|99\/100|[from] item: Leftovers\n|upkeep\n|turn|9\n|\n|t:|1700854436\n|switch|p1a: Suicune|Suicune|100\/100\n|-ability|p1a: Suicune|Pressure\n|move|p2a: Clefable|Moonblast|p1a: Suicune\n|-damage|p1a: Suicune|75\/100\n|\n|-heal|p1a: Suicune|81\/100|[from] item: Leftovers\n|-heal|p2a: Clefable|100\/100|[from] item: Leftovers\n|upkeep\n|turn|10\n|inactive|anti gayreio has 270 seconds left.\n|\n|t:|1700854454\n|switch|p2a: Jolteon|Jolteon, M|100\/100 brn\n|move|p1a: Suicune|Substitute|p1a: Suicune\n|-start|p1a: Suicune|Substitute\n|-damage|p1a: Suicune|56\/100\n|\n|-heal|p1a: Suicune|62\/100|[from] item: Leftovers\n|-damage|p2a: Jolteon|95\/100 brn|[from] brn\n|upkeep\n|turn|11\n|\n|t:|1700854462\n|move|p1a: Suicune|Protect|p1a: Suicune\n|-singleturn|p1a: Suicune|Protect\n|move|p2a: Jolteon|Thunderbolt|p1a: Suicune\n|-activate|p1a: Suicune|move: Protect\n|\n|-heal|p1a: Suicune|69\/100|[from] item: Leftovers\n|-damage|p2a: Jolteon|89\/100 brn|[from] brn\n|upkeep\n|turn|12\n|\n|t:|1700854470\n|move|p2a: Jolteon|Thunderbolt|p1a: Suicune\n|-supereffective|p1a: Suicune\n|-end|p1a: Suicune|Substitute\n|move|p1a: Suicune|Calm Mind|p1a: Suicune\n|-boost|p1a: Suicune|spa|1\n|-boost|p1a: Suicune|spd|1\n|\n|-heal|p1a: Suicune|75\/100|[from] item: Leftovers\n|-damage|p2a: Jolteon|83\/100 brn|[from] brn\n|upkeep\n|turn|13\n|\n|t:|1700854479\n|move|p1a: Suicune|Protect|p1a: Suicune\n|-singleturn|p1a: Suicune|Protect\n|move|p2a: Jolteon|Thunderbolt|p1a: Suicune\n|-activate|p1a: Suicune|move: Protect\n|\n|-heal|p1a: Suicune|81\/100|[from] item: Leftovers\n|-damage|p2a: Jolteon|77\/100 brn|[from] brn\n|upkeep\n|turn|14\n|\n|t:|1700854487\n|move|p2a: Jolteon|Thunderbolt|p1a: Suicune\n|-supereffective|p1a: Suicune\n|-damage|p1a: Suicune|37\/100\n|move|p1a: Suicune|Substitute|p1a: Suicune\n|-start|p1a: Suicune|Substitute\n|-damage|p1a: Suicune|12\/100\n|\n|-heal|p1a: Suicune|19\/100|[from] item: Leftovers\n|-damage|p2a: Jolteon|71\/100 brn|[from] brn\n|upkeep\n|turn|15\n|\n|t:|1700854499\n|move|p1a: Suicune|Protect|p1a: Suicune\n|-singleturn|p1a: Suicune|Protect\n|move|p2a: Jolteon|Volt Switch|p1a: Suicune\n|-activate|p1a: Suicune|move: Protect\n|\n|-heal|p1a: Suicune|25\/100|[from] item: Leftovers\n|-damage|p2a: Jolteon|65\/100 brn|[from] brn\n|upkeep\n|turn|16\n|\n|t:|1700854508\n|move|p2a: Jolteon|Thunderbolt|p1a: Suicune\n|-supereffective|p1a: Suicune\n|-end|p1a: Suicune|Substitute\n|move|p1a: Suicune|Calm Mind|p1a: Suicune\n|-boost|p1a: Suicune|spa|1\n|-boost|p1a: Suicune|spd|1\n|\n|-heal|p1a: Suicune|31\/100|[from] item: Leftovers\n|-damage|p2a: Jolteon|59\/100 brn|[from] brn\n|upkeep\n|turn|17\n|\n|t:|1700854518\n|move|p1a: Suicune|Protect|p1a: Suicune\n|-singleturn|p1a: Suicune|Protect\n|move|p2a: Jolteon|Thunderbolt|p1a: Suicune\n|-activate|p1a: Suicune|move: Protect\n|\n|-heal|p1a: Suicune|37\/100|[from] item: Leftovers\n|-damage|p2a: Jolteon|53\/100 brn|[from] brn\n|upkeep\n|turn|18\n|\n|t:|1700854529\n|move|p2a: Jolteon|Volt Switch|p1a: Suicune\n|-supereffective|p1a: Suicune\n|-damage|p1a: Suicune|10\/100\n|\n|t:|1700854533\n|switch|p2a: Clefable|Clefable, F|100\/100|[from] Volt Switch\n|move|p1a: Suicune|Calm Mind|p1a: Suicune\n|-boost|p1a: Suicune|spa|1\n|-boost|p1a: Suicune|spd|1\n|\n|-heal|p1a: Suicune|17\/100|[from] item: Leftovers\n|upkeep\n|turn|19\n|\n|t:|1700854546\n|move|p1a: Suicune|Scald|p2a: Clefable\n|-damage|p2a: Clefable|77\/100\n|move|p2a: Clefable|Calm Mind|p2a: Clefable\n|-boost|p2a: Clefable|spa|1\n|-boost|p2a: Clefable|spd|1\n|\n|-heal|p1a: Suicune|23\/100|[from] item: Leftovers\n|-heal|p2a: Clefable|83\/100|[from] item: Leftovers\n|upkeep\n|turn|20\n|\n|t:|1700854554\n|move|p1a: Suicune|Scald|p2a: Clefable\n|-damage|p2a: Clefable|68\/100\n|-status|p2a: Clefable|brn\n|move|p2a: Clefable|Calm Mind|p2a: Clefable\n|-boost|p2a: Clefable|spa|1\n|-boost|p2a: Clefable|spd|1\n|\n|-heal|p1a: Suicune|29\/100|[from] item: Leftovers\n|-heal|p2a: Clefable|74\/100 brn|[from] item: Leftovers\n|-damage|p2a: Clefable|68\/100 brn|[from] brn\n|upkeep\n|turn|21\n|\n|t:|1700854564\n|move|p1a: Suicune|Substitute|p1a: Suicune\n|-start|p1a: Suicune|Substitute\n|-damage|p1a: Suicune|4\/100\n|move|p2a: Clefable|Calm Mind|p2a: Clefable\n|-boost|p2a: Clefable|spa|1\n|-boost|p2a: Clefable|spd|1\n|\n|-heal|p1a: Suicune|10\/100|[from] item: Leftovers\n|-heal|p2a: Clefable|74\/100 brn|[from] item: Leftovers\n|-damage|p2a: Clefable|68\/100 brn|[from] brn\n|upkeep\n|turn|22\n|\n|t:|1700854569\n|move|p1a: Suicune|Calm Mind|p1a: Suicune\n|-boost|p1a: Suicune|spa|1\n|-boost|p1a: Suicune|spd|1\n|move|p2a: Clefable|Calm Mind|p2a: Clefable\n|-boost|p2a: Clefable|spa|1\n|-boost|p2a: Clefable|spd|1\n|\n|-heal|p1a: Suicune|16\/100|[from] item: Leftovers\n|-heal|p2a: Clefable|74\/100 brn|[from] item: Leftovers\n|-damage|p2a: Clefable|68\/100 brn|[from] brn\n|upkeep\n|turn|23\n|\n|t:|1700854574\n|move|p1a: Suicune|Calm Mind|p1a: Suicune\n|-boost|p1a: Suicune|spa|1\n|-boost|p1a: Suicune|spd|1\n|move|p2a: Clefable|Soft-Boiled|p2a: Clefable\n|-heal|p2a: Clefable|100\/100 brn\n|\n|-heal|p1a: Suicune|23\/100|[from] item: Leftovers\n|-damage|p2a: Clefable|94\/100 brn|[from] brn\n|upkeep\n|turn|24\n|\n|t:|1700854577\n|move|p1a: Suicune|Calm Mind|p1a: Suicune\n|-boost|p1a: Suicune|spa|1\n|-boost|p1a: Suicune|spd|1\n|move|p2a: Clefable|Moonblast|p1a: Suicune\n|-end|p1a: Suicune|Substitute\n|\n|-heal|p1a: Suicune|29\/100|[from] item: Leftovers\n|-heal|p2a: Clefable|100\/100 brn|[from] item: Leftovers\n|-damage|p2a: Clefable|94\/100 brn|[from] brn\n|upkeep\n|turn|25\n|\n|t:|1700854582\n|move|p1a: Suicune|Scald|p2a: Clefable\n|-damage|p2a: Clefable|87\/100 brn\n|move|p2a: Clefable|Moonblast|p1a: Suicune\n|-damage|p1a: Suicune|0 fnt\n|faint|p1a: Suicune\n|\n|-heal|p2a: Clefable|93\/100 brn|[from] item: Leftovers\n|-damage|p2a: Clefable|87\/100 brn|[from] brn\n|upkeep\n|\n|t:|1700854598\n|switch|p1a: Mamoswine|Mamoswine, M|100\/100\n|turn|26\n|\n|t:|1700854605\n|move|p1a: Mamoswine|Earthquake|p2a: Clefable\n|-damage|p2a: Clefable|53\/100 brn\n|move|p2a: Clefable|Moonblast|p1a: Mamoswine\n|-damage|p1a: Mamoswine|0 fnt\n|faint|p1a: Mamoswine\n|\n|-heal|p2a: Clefable|59\/100 brn|[from] item: Leftovers\n|-damage|p2a: Clefable|53\/100 brn|[from] brn\n|upkeep\n|\n|t:|1700854618\n|switch|p1a: Mienshao|Mienshao, M|100\/100\n|turn|27\n|\n|t:|1700854634\n|move|p1a: Mienshao|Fake Out|p2a: Clefable\n|-damage|p2a: Clefable|38\/100 brn\n|-damage|p1a: Mienshao|91\/100|[from] item: Life Orb\n|cant|p2a: Clefable|flinch\n|\n|-heal|p2a: Clefable|44\/100 brn|[from] item: Leftovers\n|-damage|p2a: Clefable|38\/100 brn|[from] brn\n|upkeep\n|turn|28\n|\n|t:|1700854645\n|-terastallize|p1a: Mienshao|Fighting\n|move|p1a: Mienshao|High Jump Kick|p2a: Clefable\n|-resisted|p2a: Clefable\n|-damage|p2a: Clefable|0 fnt\n|faint|p2a: Clefable\n|-damage|p1a: Mienshao|81\/100|[from] item: Life Orb\n|\n|upkeep\n|inactive|anti gayreio has 270 seconds left.\n|\n|t:|1700854680\n|switch|p2a: Alakazam|Alakazam, M|100\/100\n|turn|29\n|inactive|anti gayreio has 270 seconds left.\n|\n|t:|1700854696\n|switch|p1a: Ditto|Ditto|100\/100\n|-transform|p1a: Ditto|p2a: Alakazam|[from] ability: Imposter\n|-terastallize|p2a: Alakazam|Fairy\n|move|p2a: Alakazam|Dazzling Gleam|p1a: Ditto\n|-damage|p1a: Ditto|30\/100\n|\n|upkeep\n|turn|30\n|\n|t:|1700854707\n|move|p1a: Ditto|Psychic|p2a: Alakazam\n|-damage|p2a: Alakazam|30\/100\n|move|p2a: Alakazam|Dazzling Gleam|p1a: Ditto\n|-crit|p1a: Ditto\n|-damage|p1a: Ditto|0 fnt\n|faint|p1a: Ditto\n|\n|upkeep\n|\n|t:|1700854711\n|switch|p1a: Sharpedo|Sharpedo, F|87\/100\n|turn|31\n|inactive|anti gayreio has 270 seconds left.\n|\n|t:|1700854744\n|move|p1a: Sharpedo|Protect|p1a: Sharpedo\n|-singleturn|p1a: Sharpedo|Protect\n|move|p2a: Alakazam|Dazzling Gleam|p1a: Sharpedo\n|-activate|p1a: Sharpedo|move: Protect\n|\n|-ability|p1a: Sharpedo|Speed Boost|boost\n|-boost|p1a: Sharpedo|spe|1\n|upkeep\n|turn|32\n|\n|t:|1700854752\n|move|p1a: Sharpedo|Waterfall|p2a: Alakazam\n|-damage|p2a: Alakazam|0 fnt\n|faint|p2a: Alakazam\n|\n|-ability|p1a: Sharpedo|Speed Boost|boost\n|-boost|p1a: Sharpedo|spe|1\n|upkeep\n|\n|t:|1700854772\n|switch|p2a: Tentacruel|Tentacruel, M|84\/100\n|turn|33\n|\n|t:|1700854780\n|detailschange|p1a: Sharpedo|Sharpedo-Mega, F\n|-mega|p1a: Sharpedo|Sharpedo|Sharpedonite\n|move|p1a: Sharpedo|Psychic Fangs|p2a: Tentacruel\n|-supereffective|p2a: Tentacruel\n|-damage|p2a: Tentacruel|0 fnt\n|faint|p2a: Tentacruel\n|\n|upkeep\n|\n|t:|1700854791\n|switch|p2a: Sceptile|Sceptile, M, shiny|100\/100\n|turn|34\n|\n|t:|1700854794\n|detailschange|p2a: Sceptile|Sceptile-Mega, M, shiny\n|-mega|p2a: Sceptile|Sceptile|Sceptilite\n|move|p1a: Sharpedo|Crunch|p2a: Sceptile\n|-damage|p2a: Sceptile|0 fnt\n|faint|p2a: Sceptile\n|\n|upkeep\n|\n|t:|1700854798\n|switch|p2a: Mamoswine|Mamoswine, M|100\/100\n|turn|35\n|\n|t:|1700854804\n|move|p1a: Sharpedo|Waterfall|p2a: Mamoswine\n|-supereffective|p2a: Mamoswine\n|-damage|p2a: Mamoswine|0 fnt\n|faint|p2a: Mamoswine\n|\n|upkeep\n|\n|t:|1700854806\n|switch|p2a: Jolteon|Jolteon, M|53\/100 brn\n|turn|36\n|\n|t:|1700854810\n|move|p1a: Sharpedo|Crunch|p2a: Jolteon\n|-damage|p2a: Jolteon|0 fnt\n|faint|p2a: Jolteon\n|\n|win|PaleSwordsman_666\n|l|\u2606anti gayreio\n","uploadtime":1700854817,"views":6,"p1id":"paleswordsman666","p2id":"antigayreio","formatid":"gen9nationaldex","rating":0,"private":0,"password":""}