{"id":"gen9nationaldex-2000067673","p1":"Aoki Larry","p2":"runningrun","format":"[Gen 9] National Dex","log":"|html|<div class=\"broadcast-blue\"><strong>[Gen 9] National Dex is currently suspecting Sneasler! For information on how to participate check out the <a href=\"https:\/\/www.smogon.com\/forums\/threads\/sv-national-dex-suspect-8-just-dance.3731534\/\">suspect thread<\/a>.<\/strong><\/div>\n|j|\u2606Aoki Larry\n|j|\u2606runningrun\n|t:|1701148914\n|gametype|singles\n|player|p1|Aoki Larry|clerk|1172\n|player|p2|runningrun|marnie|1062\n|teamsize|p1|6\n|teamsize|p2|6\n|gen|9\n|tier|[Gen 9] National Dex\n|rated|\n|rule|HP Percentage Mod: HP is shown in percentages\n|rule|Endless Battle Clause: Forcing endless battles is banned\n|rule|OHKO Clause: OHKO moves are banned\n|rule|Evasion Clause: Evasion abilities, items, and moves are banned\n|rule|Evasion Abilities Clause: Evasion abilities are banned\n|rule|Evasion Items Clause: Evasion items are banned\n|rule|Evasion Moves Clause: Evasion moves are banned\n|rule|Species Clause: Limit one of each Pok\u00e9mon\n|rule|Sleep Clause Mod: Limit one foe put to sleep\n|clearpoke\n|poke|p1|Obstagoon, F|\n|poke|p1|Dudunsparce-*, M|\n|poke|p1|Pidgeot, M|\n|poke|p1|Grafaiai, F|\n|poke|p1|Farigiraf, M|\n|poke|p1|Drampa, M|\n|poke|p2|Gastrodon, M|\n|poke|p2|Scizor, F|\n|poke|p2|Heatran, F|\n|poke|p2|Clefable, F|\n|poke|p2|Latias, F|\n|poke|p2|Zapdos|\n|teampreview\n|inactive|Battle timer is ON: inactive players will automatically lose when time's up. (requested by Aoki Larry)\n|\n|t:|1701148944\n|start\n|switch|p1a: Dudunsparce|Dudunsparce, M|100\/100\n|switch|p2a: Gastrodon|Gastrodon, M|100\/100\n|turn|1\n|\n|t:|1701148950\n|move|p1a: Dudunsparce|Glare|p2a: Gastrodon\n|-status|p2a: Gastrodon|par\n|cant|p2a: Gastrodon|par\n|\n|upkeep\n|turn|2\n|\n|t:|1701148955\n|move|p1a: Dudunsparce|Coil|p1a: Dudunsparce\n|-boost|p1a: Dudunsparce|atk|1\n|-boost|p1a: Dudunsparce|def|1\n|-boost|p1a: Dudunsparce|accuracy|1\n|move|p2a: Gastrodon|Scald|p1a: Dudunsparce\n|-damage|p1a: Dudunsparce|73\/100\n|-status|p1a: Dudunsparce|brn\n|\n|-heal|p1a: Dudunsparce|80\/100 brn|[from] item: Leftovers\n|-damage|p1a: Dudunsparce|73\/100 brn|[from] brn\n|upkeep\n|turn|3\n|\n|t:|1701148967\n|move|p1a: Dudunsparce|Headbutt|p2a: Gastrodon\n|-damage|p2a: Gastrodon|72\/100 par\n|cant|p2a: Gastrodon|flinch\n|\n|-heal|p1a: Dudunsparce|80\/100 brn|[from] item: Leftovers\n|-heal|p2a: Gastrodon|78\/100 par|[from] item: Leftovers\n|-damage|p1a: Dudunsparce|73\/100 brn|[from] brn\n|upkeep\n|turn|4\n|\n|t:|1701148975\n|move|p1a: Dudunsparce|Headbutt|p2a: Gastrodon\n|-damage|p2a: Gastrodon|50\/100 par\n|move|p2a: Gastrodon|Spikes|p1a: Dudunsparce\n|-sidestart|p1: Aoki Larry|Spikes\n|\n|-heal|p1a: Dudunsparce|80\/100 brn|[from] item: Leftovers\n|-heal|p2a: Gastrodon|56\/100 par|[from] item: Leftovers\n|-damage|p1a: Dudunsparce|73\/100 brn|[from] brn\n|upkeep\n|turn|5\n|\n|t:|1701148983\n|move|p1a: Dudunsparce|Headbutt|p2a: Gastrodon\n|-damage|p2a: Gastrodon|31\/100 par\n|cant|p2a: Gastrodon|flinch\n|\n|-heal|p1a: Dudunsparce|80\/100 brn|[from] item: Leftovers\n|-heal|p2a: Gastrodon|37\/100 par|[from] item: Leftovers\n|-damage|p1a: Dudunsparce|73\/100 brn|[from] brn\n|upkeep\n|turn|6\n|\n|t:|1701148993\n|switch|p2a: Heatran|Heatran, F|100\/100\n|move|p1a: Dudunsparce|Headbutt|p2a: Heatran\n|-resisted|p2a: Heatran\n|-damage|p2a: Heatran|87\/100\n|\n|-heal|p2a: Heatran|94\/100|[from] item: Leftovers\n|-heal|p1a: Dudunsparce|80\/100 brn|[from] item: Leftovers\n|-damage|p1a: Dudunsparce|73\/100 brn|[from] brn\n|upkeep\n|turn|7\n|\n|t:|1701149004\n|move|p2a: Heatran|Stealth Rock|p1a: Dudunsparce\n|-sidestart|p1: Aoki Larry|move: Stealth Rock\n|move|p1a: Dudunsparce|Glare|p2a: Heatran\n|-status|p2a: Heatran|par\n|\n|-heal|p1a: Dudunsparce|80\/100 brn|[from] item: Leftovers\n|-heal|p2a: Heatran|99\/100 par|[from] item: Leftovers\n|-damage|p1a: Dudunsparce|73\/100 brn|[from] brn\n|upkeep\n|turn|8\n|\n|t:|1701149012\n|move|p1a: Dudunsparce|Rock Slide|p2a: Heatran\n|-damage|p2a: Heatran|83\/100 par\n|cant|p2a: Heatran|flinch\n|\n|-heal|p1a: Dudunsparce|80\/100 brn|[from] item: Leftovers\n|-heal|p2a: Heatran|89\/100 par|[from] item: Leftovers\n|-damage|p1a: Dudunsparce|73\/100 brn|[from] brn\n|upkeep\n|turn|9\n|\n|t:|1701149020\n|move|p1a: Dudunsparce|Rock Slide|p2a: Heatran\n|-damage|p2a: Heatran|70\/100 par\n|cant|p2a: Heatran|flinch\n|\n|-heal|p1a: Dudunsparce|80\/100 brn|[from] item: Leftovers\n|-heal|p2a: Heatran|76\/100 par|[from] item: Leftovers\n|-damage|p1a: Dudunsparce|73\/100 brn|[from] brn\n|upkeep\n|turn|10\n|\n|t:|1701149029\n|move|p1a: Dudunsparce|Rock Slide|p2a: Heatran\n|-damage|p2a: Heatran|58\/100 par\n|cant|p2a: Heatran|flinch\n|\n|-heal|p1a: Dudunsparce|80\/100 brn|[from] item: Leftovers\n|-heal|p2a: Heatran|65\/100 par|[from] item: Leftovers\n|-damage|p1a: Dudunsparce|73\/100 brn|[from] brn\n|upkeep\n|turn|11\n|\n|t:|1701149037\n|move|p1a: Dudunsparce|Rock Slide|p2a: Heatran\n|-damage|p2a: Heatran|45\/100 par\n|move|p2a: Heatran|Magma Storm|p1a: Dudunsparce|[miss]\n|-miss|p2a: Heatran|p1a: Dudunsparce\n|\n|-heal|p1a: Dudunsparce|80\/100 brn|[from] item: Leftovers\n|-heal|p2a: Heatran|52\/100 par|[from] item: Leftovers\n|-damage|p1a: Dudunsparce|73\/100 brn|[from] brn\n|upkeep\n|turn|12\n|\n|t:|1701149051\n|switch|p2a: Scizor|Scizor, F|100\/100\n|move|p1a: Dudunsparce|Rock Slide|p2a: Scizor\n|-damage|p2a: Scizor|84\/100\n|\n|-heal|p1a: Dudunsparce|80\/100 brn|[from] item: Leftovers\n|-damage|p1a: Dudunsparce|73\/100 brn|[from] brn\n|upkeep\n|turn|13\n|\n|t:|1701149059\n|move|p2a: Scizor|Close Combat|p1a: Dudunsparce\n|-supereffective|p1a: Dudunsparce\n|-damage|p1a: Dudunsparce|4\/100 brn\n|-unboost|p2a: Scizor|def|1\n|-unboost|p2a: Scizor|spd|1\n|move|p1a: Dudunsparce|Glare|p2a: Scizor\n|-status|p2a: Scizor|par\n|\n|-heal|p1a: Dudunsparce|10\/100 brn|[from] item: Leftovers\n|-damage|p1a: Dudunsparce|4\/100 brn|[from] brn\n|upkeep\n|turn|14\n|\n|t:|1701149070\n|move|p1a: Dudunsparce|Rock Slide|p2a: Scizor\n|-damage|p2a: Scizor|59\/100 par\n|cant|p2a: Scizor|flinch\n|\n|-heal|p1a: Dudunsparce|10\/100 brn|[from] item: Leftovers\n|-damage|p1a: Dudunsparce|4\/100 brn|[from] brn\n|upkeep\n|turn|15\n|\n|t:|1701149082\n|switch|p2a: Zapdos|Zapdos|100\/100\n|move|p1a: Dudunsparce|Rock Slide|p2a: Zapdos\n|-supereffective|p2a: Zapdos\n|-damage|p2a: Zapdos|73\/100\n|\n|-heal|p2a: Zapdos|79\/100|[from] item: Leftovers\n|-heal|p1a: Dudunsparce|10\/100 brn|[from] item: Leftovers\n|-damage|p1a: Dudunsparce|4\/100 brn|[from] brn\n|upkeep\n|turn|16\n|\n|t:|1701149092\n|switch|p1a: Drampa|Drampa, M|100\/100\n|-damage|p1a: Drampa|88\/100|[from] Spikes\n|-damage|p1a: Drampa|76\/100|[from] Stealth Rock\n|-ability|p1a: Drampa|Cloud Nine\n|move|p2a: Zapdos|Volt Switch|p1a: Drampa\n|-resisted|p1a: Drampa\n|-damage|p1a: Drampa|66\/100\n|\n|t:|1701149101\n|switch|p2a: Latias|Latias, F|100\/100|[from] Volt Switch\n|\n|upkeep\n|turn|17\n|\n|t:|1701149109\n|move|p2a: Latias|Calm Mind|p2a: Latias\n|-boost|p2a: Latias|spa|1\n|-boost|p2a: Latias|spd|1\n|move|p1a: Drampa|Defog|p2a: Latias\n|-unboost|p2a: Latias|evasion|1\n|-sideend|p1: Aoki Larry|Spikes|[from] move: Defog|[of] p1a: Drampa\n|-sideend|p1: Aoki Larry|Stealth Rock|[from] move: Defog|[of] p1a: Drampa\n|\n|upkeep\n|turn|18\n|\n|t:|1701149115\n|move|p2a: Latias|Aura Sphere|p1a: Drampa\n|-supereffective|p1a: Drampa\n|-damage|p1a: Drampa|20\/100\n|move|p1a: Drampa|Roar|p2a: Latias\n|drag|p2a: Scizor|Scizor, F|59\/100 par\n|\n|upkeep\n|turn|19\n|\n|t:|1701149122\n|move|p2a: Scizor|Bullet Punch|p1a: Drampa\n|-damage|p1a: Drampa|0 fnt\n|faint|p1a: Drampa\n|\n|upkeep\n|\n|t:|1701149131\n|switch|p1a: Dudunsparce|Dudunsparce, M|4\/100 brn\n|turn|20\n|\n|t:|1701149134\n|cant|p2a: Scizor|par\n|move|p1a: Dudunsparce|Rock Slide|p2a: Scizor\n|-damage|p2a: Scizor|48\/100 par\n|\n|-heal|p1a: Dudunsparce|10\/100 brn|[from] item: Leftovers\n|-damage|p1a: Dudunsparce|4\/100 brn|[from] brn\n|upkeep\n|turn|21\n|\n|t:|1701149142\n|switch|p1a: Farigiraf|Farigiraf, M|100\/100\n|move|p2a: Scizor|Bullet Punch|p1a: Farigiraf\n|-damage|p1a: Farigiraf|52\/100\n|-damage|p2a: Scizor|31\/100 par|[from] item: Rocky Helmet|[of] p1a: Farigiraf\n|\n|upkeep\n|turn|22\n|\n|t:|1701149149\n|move|p2a: Scizor|Bullet Punch|p1a: Farigiraf\n|-damage|p1a: Farigiraf|7\/100\n|-damage|p2a: Scizor|15\/100 par|[from] item: Rocky Helmet|[of] p1a: Farigiraf\n|move|p1a: Farigiraf|Wish|p1a: Farigiraf\n|\n|upkeep\n|turn|23\n|\n|t:|1701149158\n|switch|p1a: Obstagoon|Obstagoon, F|100\/100\n|move|p2a: Scizor|Bullet Punch|p1a: Obstagoon\n|-damage|p1a: Obstagoon|44\/100\n|\n|-heal|p1a: Obstagoon|100\/100|[from] move: Wish|[wisher] Farigiraf\n|-status|p1a: Obstagoon|brn|[from] item: Flame Orb\n|upkeep\n|turn|24\n|\n|t:|1701149166\n|cant|p2a: Scizor|par\n|move|p1a: Obstagoon|Knock Off|p2a: Scizor\n|-damage|p2a: Scizor|0 fnt\n|-enditem|p2a: Scizor|Choice Band|[from] move: Knock Off|[of] p1a: Obstagoon\n|faint|p2a: Scizor\n|\n|-damage|p1a: Obstagoon|94\/100 brn|[from] brn\n|upkeep\n|\n|t:|1701149174\n|switch|p2a: Clefable|Clefable, F|100\/100\n|turn|25\n|\n|t:|1701149179\n|-terastallize|p1a: Obstagoon|Ghost\n|move|p1a: Obstagoon|Knock Off|p2a: Clefable\n|-resisted|p2a: Clefable\n|-damage|p2a: Clefable|77\/100\n|-enditem|p2a: Clefable|Leftovers|[from] move: Knock Off|[of] p1a: Obstagoon\n|move|p2a: Clefable|Moonblast|p1a: Obstagoon\n|-damage|p1a: Obstagoon|57\/100 brn\n|-unboost|p1a: Obstagoon|spa|1\n|\n|-damage|p1a: Obstagoon|51\/100 brn|[from] brn\n|upkeep\n|turn|26\n|\n|t:|1701149191\n|switch|p1a: Dudunsparce|Dudunsparce, M|4\/100 brn\n|move|p2a: Clefable|Moonblast|p1a: Dudunsparce\n|-damage|p1a: Dudunsparce|0 fnt\n|faint|p1a: Dudunsparce\n|\n|upkeep\n|\n|t:|1701149198\n|switch|p1a: Farigiraf|Farigiraf, M|7\/100\n|turn|27\n|\n|t:|1701149201\n|move|p1a: Farigiraf|Thunder Wave|p2a: Clefable\n|-status|p2a: Clefable|par\n|move|p2a: Clefable|Moonblast|p1a: Farigiraf\n|-damage|p1a: Farigiraf|0 fnt\n|faint|p1a: Farigiraf\n|\n|upkeep\n|\n|t:|1701149209\n|switch|p1a: Grafaiai|Grafaiai, F|100\/100\n|turn|28\n|\n|t:|1701149214\n|switch|p2a: Heatran|Heatran, F|52\/100 par\n|move|p1a: Grafaiai|Parting Shot|p2a: Heatran\n|-unboost|p2a: Heatran|atk|1\n|-unboost|p2a: Heatran|spa|1\n|\n|t:|1701149219\n|switch|p1a: Pidgeot|Pidgeot, M|100\/100|[from] Parting Shot\n|\n|-heal|p2a: Heatran|58\/100 par|[from] item: Leftovers\n|upkeep\n|turn|29\n|\n|t:|1701149226\n|detailschange|p1a: Pidgeot|Pidgeot-Mega, M\n|-mega|p1a: Pidgeot|Pidgeot|Pidgeotite\n|move|p1a: Pidgeot|Hurricane|p2a: Heatran\n|-resisted|p2a: Heatran\n|-damage|p2a: Heatran|26\/100 par\n|-start|p2a: Heatran|confusion\n|-activate|p2a: Heatran|confusion\n|move|p2a: Heatran|Magma Storm|p1a: Pidgeot\n|-damage|p1a: Pidgeot|57\/100\n|-activate|p1a: Pidgeot|move: Magma Storm|[of] p2a: Heatran\n|\n|-heal|p2a: Heatran|32\/100 par|[from] item: Leftovers\n|-damage|p1a: Pidgeot|45\/100|[from] move: Magma Storm|[partiallytrapped]\n|upkeep\n|turn|30\n|\n|t:|1701149240\n|move|p1a: Pidgeot|Hurricane|p2a: Heatran\n|-resisted|p2a: Heatran\n|-damage|p2a: Heatran|1\/100 par\n|-activate|p2a: Heatran|confusion\n|-damage|p2a: Heatran|0 fnt|[from] confusion\n|faint|p2a: Heatran\n|\n|-end|p1a: Pidgeot|Magma Storm|[partiallytrapped]|[silent]\n|upkeep\n|\n|t:|1701149246\n|switch|p2a: Zapdos|Zapdos|79\/100\n|turn|31\n|\n|t:|1701149250\n|switch|p1a: Grafaiai|Grafaiai, F|100\/100\n|move|p2a: Zapdos|Volt Switch|p1a: Grafaiai\n|-damage|p1a: Grafaiai|65\/100\n|\n|t:|1701149255\n|switch|p2a: Latias|Latias, F|100\/100|[from] Volt Switch\n|\n|-heal|p1a: Grafaiai|71\/100|[from] item: Black Sludge\n|upkeep\n|turn|32\n|\n|t:|1701149261\n|move|p1a: Grafaiai|Taunt|p2a: Latias\n|-start|p2a: Latias|move: Taunt\n|move|p2a: Latias|Psyshock|p1a: Grafaiai\n|-supereffective|p1a: Grafaiai\n|-damage|p1a: Grafaiai|0 fnt\n|faint|p1a: Grafaiai\n|\n|upkeep\n|\n|t:|1701149268\n|switch|p1a: Obstagoon|Obstagoon, F, tera:Ghost|51\/100 brn\n|turn|33\n|\n|t:|1701149272\n|move|p2a: Latias|Psyshock|p1a: Obstagoon\n|-damage|p1a: Obstagoon|17\/100 brn\n|move|p1a: Obstagoon|Knock Off|p2a: Latias\n|-supereffective|p2a: Latias\n|-damage|p2a: Latias|0 fnt\n|-enditem|p2a: Latias|Soul Dew|[from] move: Knock Off|[of] p1a: Obstagoon\n|faint|p2a: Latias\n|\n|-damage|p1a: Obstagoon|11\/100 brn|[from] brn\n|upkeep\n|\n|t:|1701149283\n|switch|p2a: Zapdos|Zapdos|79\/100\n|turn|34\n|\n|t:|1701149288\n|move|p1a: Obstagoon|Facade|p2a: Zapdos\n|-damage|p2a: Zapdos|9\/100\n|move|p2a: Zapdos|Volt Switch|p1a: Obstagoon\n|-damage|p1a: Obstagoon|0 fnt\n|faint|p1a: Obstagoon\n|\n|t:|1701149295\n|switch|p2a: Clefable|Clefable, F|77\/100 par|[from] Volt Switch\n|\n|upkeep\n|\n|t:|1701149298\n|switch|p1a: Pidgeot|Pidgeot-Mega, M|45\/100\n|turn|35\n|\n|t:|1701149302\n|move|p1a: Pidgeot|Roost|p1a: Pidgeot\n|-heal|p1a: Pidgeot|95\/100\n|-singleturn|p1a: Pidgeot|move: Roost\n|cant|p2a: Clefable|par\n|\n|upkeep\n|turn|36\n|\n|t:|1701149311\n|move|p1a: Pidgeot|Hurricane|p2a: Clefable\n|-crit|p2a: Clefable\n|-damage|p2a: Clefable|0 fnt\n|faint|p2a: Clefable\n|\n|upkeep\n|\n|t:|1701149316\n|switch|p2a: Gastrodon|Gastrodon, M|37\/100 par\n|turn|37\n|\n|t:|1701149319\n|move|p1a: Pidgeot|Hurricane|p2a: Gastrodon\n|-damage|p2a: Gastrodon|1\/100 par\n|-start|p2a: Gastrodon|confusion\n|-activate|p2a: Gastrodon|confusion\n|cant|p2a: Gastrodon|par\n|\n|-heal|p2a: Gastrodon|7\/100 par|[from] item: Leftovers\n|upkeep\n|turn|38\n|\n|t:|1701149326\n|move|p1a: Pidgeot|Heat Wave|p2a: Gastrodon\n|-resisted|p2a: Gastrodon\n|-damage|p2a: Gastrodon|0 fnt\n|faint|p2a: Gastrodon\n|\n|upkeep\n|\n|t:|1701149334\n|switch|p2a: Zapdos|Zapdos|9\/100\n|turn|39\n|\n|t:|1701149337\n|move|p1a: Pidgeot|Heat Wave|p2a: Zapdos\n|-damage|p2a: Zapdos|0 fnt\n|faint|p2a: Zapdos\n|\n|win|Aoki Larry\n|raw|Aoki Larry's rating: 1172 &rarr; <strong>1189<\/strong><br \/>(+17 for winning)\n|raw|runningrun's rating: 1062 &rarr; <strong>1049<\/strong><br \/>(-13 for losing)\n|c|\u2606runningrun|gg\n|c|\u2606Aoki Larry|thanks\n|l|\u2606Aoki Larry\n","uploadtime":1701149343,"views":22,"p1id":"aokilarry","p2id":"runningrun","formatid":"gen9nationaldex","rating":1049,"private":0,"password":""}