{"id":"gen9nationaldex-1995616080","p1":"Bluezirio","p2":"wolfizin","format":"[Gen 9] National Dex","log":"|html|<div class=\"broadcast-blue\"><strong>[Gen 9] National Dex is currently suspecting Sneasler! For information on how to participate check out the <a href=\"https:\/\/www.smogon.com\/forums\/threads\/sv-national-dex-suspect-8-just-dance.3731534\/\">suspect thread<\/a>.<\/strong><\/div>\n|j|\u2606Bluezirio\n|j|\u2606wolfizin\n|t:|1700587781\n|gametype|singles\n|player|p1|Bluezirio|265|1298\n|player|p2|wolfizin|n|1181\n|teamsize|p1|6\n|teamsize|p2|6\n|gen|9\n|tier|[Gen 9] National Dex\n|rated|\n|rule|HP Percentage Mod: HP is shown in percentages\n|rule|Endless Battle Clause: Forcing endless battles is banned\n|rule|OHKO Clause: OHKO moves are banned\n|rule|Evasion Clause: Evasion abilities, items, and moves are banned\n|rule|Evasion Abilities Clause: Evasion abilities are banned\n|rule|Evasion Items Clause: Evasion items are banned\n|rule|Evasion Moves Clause: Evasion moves are banned\n|rule|Species Clause: Limit one of each Pok\u00e9mon\n|rule|Sleep Clause Mod: Limit one foe put to sleep\n|clearpoke\n|poke|p1|Lopunny, F|\n|poke|p1|Aegislash, M|\n|poke|p1|Rotom-Wash|\n|poke|p1|Alomomola, M|\n|poke|p1|Rillaboom, M|\n|poke|p1|Heatran, M|\n|poke|p2|Grimmsnarl, M|\n|poke|p2|Hatterene, F|\n|poke|p2|Ferrothorn, M|\n|poke|p2|Lopunny, F|\n|poke|p2|Ambipom, F|\n|poke|p2|Garchomp, M|\n|teampreview\n|\n|t:|1700587807\n|start\n|switch|p1a: Lopunny|Lopunny, F|100\/100\n|switch|p2a: Grimmsnarl|Grimmsnarl, M, shiny|100\/100\n|turn|1\n|\n|t:|1700587814\n|detailschange|p1a: Lopunny|Lopunny-Mega, F\n|-mega|p1a: Lopunny|Lopunny|Lopunnite\n|move|p1a: Lopunny|Fake Out|p2a: Grimmsnarl\n|-damage|p2a: Grimmsnarl|76\/100\n|cant|p2a: Grimmsnarl|flinch\n|\n|upkeep\n|turn|2\n|\n|t:|1700587822\n|switch|p1a: Rotom|Rotom-Wash, shiny|100\/100\n|move|p2a: Grimmsnarl|Parting Shot|p1a: Rotom\n|-unboost|p1a: Rotom|atk|1\n|-unboost|p1a: Rotom|spa|1\n|\n|t:|1700587829\n|switch|p2a: Lopunny|Lopunny, F, shiny|100\/100|[from] Parting Shot\n|\n|upkeep\n|turn|3\n|\n|t:|1700587834\n|detailschange|p2a: Lopunny|Lopunny-Mega, F, shiny\n|-mega|p2a: Lopunny|Lopunny|Lopunnite\n|move|p2a: Lopunny|Fake Out|p1a: Rotom\n|-damage|p1a: Rotom|83\/100\n|cant|p1a: Rotom|flinch\n|\n|-heal|p1a: Rotom|89\/100|[from] item: Leftovers\n|upkeep\n|turn|4\n|\n|t:|1700587840\n|move|p2a: Lopunny|Frustration|p1a: Rotom\n|-damage|p1a: Rotom|43\/100\n|move|p1a: Rotom|Will-O-Wisp|p2a: Lopunny\n|-status|p2a: Lopunny|brn\n|\n|-heal|p1a: Rotom|49\/100|[from] item: Leftovers\n|-damage|p2a: Lopunny|95\/100 brn|[from] brn\n|upkeep\n|turn|5\n|\n|t:|1700587853\n|switch|p1a: Alomomola|Alomomola, M, shiny|100\/100\n|move|p2a: Lopunny|Frustration|p1a: Alomomola\n|-damage|p1a: Alomomola|84\/100\n|-damage|p2a: Lopunny|78\/100 brn|[from] item: Rocky Helmet|[of] p1a: Alomomola\n|\n|-damage|p2a: Lopunny|72\/100 brn|[from] brn\n|upkeep\n|turn|6\n|\n|t:|1700587863\n|move|p2a: Lopunny|U-turn|p1a: Alomomola\n|-damage|p1a: Alomomola|76\/100\n|-damage|p2a: Lopunny|55\/100 brn|[from] item: Rocky Helmet|[of] p1a: Alomomola\n|\n|t:|1700587868\n|switch|p2a: Ferrothorn|Ferrothorn, M, shiny|100\/100|[from] U-turn\n|move|p1a: Alomomola|Wish|p1a: Alomomola\n|\n|upkeep\n|turn|7\n|\n|t:|1700587873\n|move|p1a: Alomomola|Flip Turn|p2a: Ferrothorn\n|-resisted|p2a: Ferrothorn\n|-damage|p2a: Ferrothorn|95\/100\n|-damage|p1a: Alomomola|64\/100|[from] ability: Iron Barbs|[of] p2a: Ferrothorn\n|-damage|p1a: Alomomola|47\/100|[from] item: Rocky Helmet|[of] p2a: Ferrothorn\n|\n|t:|1700587879\n|switch|p1a: Rotom|Rotom-Wash, shiny|49\/100|[from] Flip Turn\n|move|p2a: Ferrothorn|Leech Seed|p1a: Rotom\n|-start|p1a: Rotom|move: Leech Seed\n|\n|-heal|p1a: Rotom|100\/100|[from] move: Wish|[wisher] Alomomola\n|-damage|p1a: Rotom|88\/100|[from] Leech Seed|[of] p2a: Ferrothorn\n|-heal|p2a: Ferrothorn|100\/100|[silent]\n|upkeep\n|turn|8\n|\n|t:|1700587889\n|switch|p1a: Heatran|Heatran, M|100\/100\n|move|p2a: Ferrothorn|Iron Head|p1a: Heatran\n|-resisted|p1a: Heatran\n|-damage|p1a: Heatran|95\/100\n|\n|-heal|p1a: Heatran|100\/100|[from] item: Leftovers\n|upkeep\n|turn|9\n|\n|t:|1700587895\n|switch|p2a: Garchomp|Garchomp, M|100\/100\n|move|p1a: Heatran|Stealth Rock|p2a: Garchomp\n|-sidestart|p2: wolfizin|move: Stealth Rock\n|\n|upkeep\n|turn|10\n|\n|t:|1700587913\n|switch|p1a: Rotom|Rotom-Wash, shiny|88\/100\n|move|p2a: Garchomp|Earthquake|p1a: Rotom\n|-immune|p1a: Rotom|[from] ability: Levitate\n|\n|-heal|p1a: Rotom|94\/100|[from] item: Leftovers\n|upkeep\n|turn|11\n|\n|t:|1700587921\n|move|p2a: Garchomp|Swords Dance|p2a: Garchomp\n|-boost|p2a: Garchomp|atk|2\n|move|p1a: Rotom|Will-O-Wisp|p2a: Garchomp\n|-status|p2a: Garchomp|brn\n|\n|-heal|p1a: Rotom|100\/100|[from] item: Leftovers\n|-damage|p2a: Garchomp|94\/100 brn|[from] brn\n|upkeep\n|turn|12\n|\n|t:|1700587933\n|move|p2a: Garchomp|Swords Dance|p2a: Garchomp\n|-boost|p2a: Garchomp|atk|2\n|move|p1a: Rotom|Hydro Pump|p2a: Garchomp\n|-damage|p2a: Garchomp|52\/100 brn\n|\n|-damage|p2a: Garchomp|46\/100 brn|[from] brn\n|upkeep\n|turn|13\n|\n|t:|1700587938\n|move|p2a: Garchomp|Scale Shot|p1a: Rotom\n|-damage|p1a: Rotom|84\/100\n|-damage|p1a: Rotom|70\/100\n|-crit|p1a: Rotom\n|-damage|p1a: Rotom|48\/100\n|-damage|p1a: Rotom|31\/100\n|-damage|p1a: Rotom|16\/100\n|-hitcount|p1a: Rotom|5\n|-unboost|p2a: Garchomp|def|1\n|-boost|p2a: Garchomp|spe|1\n|move|p1a: Rotom|Hydro Pump|p2a: Garchomp\n|-damage|p2a: Garchomp|6\/100 brn\n|\n|-heal|p1a: Rotom|22\/100|[from] item: Leftovers\n|-damage|p2a: Garchomp|0 fnt|[from] brn\n|faint|p2a: Garchomp\n|upkeep\n|inactive|Battle timer is ON: inactive players will automatically lose when time's up. (requested by Bluezirio)\n|\n|t:|1700587955\n|switch|p2a: Ambipom|Ambipom, F|100\/100\n|-damage|p2a: Ambipom|88\/100|[from] Stealth Rock\n|turn|14\n|\n|t:|1700587961\n|move|p2a: Ambipom|Fake Out|p1a: Rotom\n|-damage|p1a: Rotom|0 fnt\n|faint|p1a: Rotom\n|\n|upkeep\n|\n|t:|1700587964\n|switch|p1a: Lopunny|Lopunny-Mega, F|100\/100\n|turn|15\n|\n|t:|1700587968\n|move|p1a: Lopunny|Fake Out|p2a: Ambipom\n|-damage|p2a: Ambipom|52\/100\n|cant|p2a: Ambipom|flinch\n|\n|upkeep\n|turn|16\n|\n|t:|1700587972\n|move|p1a: Lopunny|Return|p2a: Ambipom\n|-crit|p2a: Ambipom\n|-damage|p2a: Ambipom|0 fnt\n|faint|p2a: Ambipom\n|\n|upkeep\n|\n|t:|1700587977\n|switch|p2a: Hatterene|Hatterene, F, shiny|100\/100\n|-damage|p2a: Hatterene|88\/100|[from] Stealth Rock\n|turn|17\n|\n|t:|1700587995\n|switch|p1a: Aegislash|Aegislash, M, shiny|100\/100\n|move|p2a: Hatterene|Calm Mind|p2a: Hatterene\n|-boost|p2a: Hatterene|spa|1\n|-boost|p2a: Hatterene|spd|1\n|\n|-heal|p2a: Hatterene|94\/100|[from] item: Leftovers\n|upkeep\n|turn|18\n|\n|t:|1700588007\n|switch|p1a: Heatran|Heatran, M|100\/100\n|move|p2a: Hatterene|Calm Mind|p2a: Hatterene\n|-boost|p2a: Hatterene|spa|1\n|-boost|p2a: Hatterene|spd|1\n|\n|-heal|p2a: Hatterene|99\/100|[from] item: Leftovers\n|upkeep\n|turn|19\n|\n|t:|1700588015\n|move|p1a: Heatran|Taunt|p2a: Hatterene\n|move|p2a: Hatterene|Taunt|p1a: Heatran|[from]ability: Magic Bounce\n|-start|p1a: Heatran|move: Taunt\n|move|p2a: Hatterene|Calm Mind|p2a: Hatterene\n|-boost|p2a: Hatterene|spa|1\n|-boost|p2a: Hatterene|spd|1\n|\n|-heal|p2a: Hatterene|100\/100|[from] item: Leftovers\n|upkeep\n|turn|20\n|\n|t:|1700588021\n|move|p1a: Heatran|Magma Storm|p2a: Hatterene|[miss]\n|-miss|p1a: Heatran|p2a: Hatterene\n|move|p2a: Hatterene|Calm Mind|p2a: Hatterene\n|-boost|p2a: Hatterene|spa|1\n|-boost|p2a: Hatterene|spd|1\n|\n|upkeep\n|turn|21\n|\n|t:|1700588027\n|move|p1a: Heatran|Magma Storm|p2a: Hatterene|[miss]\n|-miss|p1a: Heatran|p2a: Hatterene\n|move|p2a: Hatterene|Calm Mind|p2a: Hatterene\n|-boost|p2a: Hatterene|spa|1\n|-boost|p2a: Hatterene|spd|1\n|\n|upkeep\n|turn|22\n|\n|t:|1700588035\n|move|p1a: Heatran|Magma Storm|p2a: Hatterene\n|-damage|p2a: Hatterene|87\/100\n|-activate|p2a: Hatterene|move: Magma Storm|[of] p1a: Heatran\n|move|p2a: Hatterene|Calm Mind|p2a: Hatterene\n|-boost|p2a: Hatterene|spa|1\n|-boost|p2a: Hatterene|spd|1\n|\n|-heal|p2a: Hatterene|93\/100|[from] item: Leftovers\n|-damage|p2a: Hatterene|81\/100|[from] move: Magma Storm|[partiallytrapped]\n|-end|p1a: Heatran|move: Taunt\n|upkeep\n|turn|23\n|\n|t:|1700588041\n|move|p1a: Heatran|Earth Power|p2a: Hatterene\n|-damage|p2a: Hatterene|74\/100\n|move|p2a: Hatterene|Stored Power|p1a: Heatran\n|-resisted|p1a: Heatran\n|-damage|p1a: Heatran|0 fnt\n|faint|p1a: Heatran\n|\n|-heal|p2a: Hatterene|80\/100|[from] item: Leftovers\n|-end|p2a: Hatterene|Magma Storm|[partiallytrapped]|[silent]\n|upkeep\n|\n|t:|1700588048\n|switch|p1a: Lopunny|Lopunny-Mega, F|100\/100\n|turn|24\n|\n|t:|1700588052\n|move|p1a: Lopunny|Fake Out|p2a: Hatterene\n|-crit|p2a: Hatterene\n|-damage|p2a: Hatterene|51\/100\n|cant|p2a: Hatterene|flinch\n|\n|-heal|p2a: Hatterene|57\/100|[from] item: Leftovers\n|upkeep\n|turn|25\n|\n|t:|1700588056\n|move|p1a: Lopunny|Return|p2a: Hatterene\n|-damage|p2a: Hatterene|10\/100\n|move|p2a: Hatterene|Draining Kiss|p1a: Lopunny\n|-supereffective|p1a: Lopunny\n|-damage|p1a: Lopunny|0 fnt\n|-heal|p2a: Hatterene|74\/100|[from] drain|[of] p1a: Lopunny\n|faint|p1a: Lopunny\n|\n|-heal|p2a: Hatterene|80\/100|[from] item: Leftovers\n|upkeep\n|\n|t:|1700588064\n|switch|p1a: Rillaboom|Rillaboom, M|100\/100\n|-fieldstart|move: Grassy Terrain|[from] ability: Grassy Surge|[of] p1a: Rillaboom\n|turn|26\n|\n|t:|1700588070\n|move|p1a: Rillaboom|Grassy Glide|p2a: Hatterene\n|-damage|p2a: Hatterene|38\/100\n|-damage|p1a: Rillaboom|91\/100|[from] item: Life Orb\n|move|p2a: Hatterene|Mystical Fire|p1a: Rillaboom\n|-supereffective|p1a: Rillaboom\n|-damage|p1a: Rillaboom|0 fnt\n|faint|p1a: Rillaboom\n|\n|-heal|p2a: Hatterene|44\/100|[from] Grassy Terrain\n|-heal|p2a: Hatterene|50\/100|[from] item: Leftovers\n|upkeep\n|\n|t:|1700588076\n|switch|p1a: Aegislash|Aegislash, M, shiny|100\/100\n|turn|27\n|\n|t:|1700588084\n|-terastallize|p2a: Hatterene|Water\n|-formechange|p1a: Aegislash|Aegislash-Blade||[from] ability: Stance Change\n|move|p1a: Aegislash|Shadow Ball|p2a: Hatterene\n|-damage|p2a: Hatterene|39\/100\n|move|p2a: Hatterene|Mystical Fire|p1a: Aegislash\n|-supereffective|p1a: Aegislash\n|-damage|p1a: Aegislash|0 fnt\n|faint|p1a: Aegislash\n|\n|-heal|p2a: Hatterene|45\/100|[from] Grassy Terrain\n|-heal|p2a: Hatterene|51\/100|[from] item: Leftovers\n|upkeep\n|-message|Bluezirio forfeited.\n|\n|win|wolfizin\n|raw|Bluezirio's rating: 1298 &rarr; <strong>1265<\/strong><br \/>(-33 for losing)\n|raw|wolfizin's rating: 1181 &rarr; <strong>1214<\/strong><br \/>(+33 for winning)\n|l|\u2606Bluezirio\n","uploadtime":1700588109,"views":6,"p1id":"bluezirio","p2id":"wolfizin","formatid":"gen9nationaldex","rating":1214,"private":0,"password":""}