{"id":"gen9nationaldex-1993875443","p1":"qwqwqqw","p2":"baigu2","format":"[Gen 9] National Dex","log":"|j|\u2606qwqwqqw\n|j|\u2606baigu2\n|t:|1700368592\n|gametype|singles\n|player|p1|qwqwqqw|266|1737\n|player|p2|baigu2|dawn|1754\n|teamsize|p1|6\n|teamsize|p2|6\n|gen|9\n|tier|[Gen 9] National Dex\n|rated|\n|rule|HP Percentage Mod: HP is shown in percentages\n|rule|Endless Battle Clause: Forcing endless battles is banned\n|rule|OHKO Clause: OHKO moves are banned\n|rule|Evasion Clause: Evasion abilities, items, and moves are banned\n|rule|Evasion Abilities Clause: Evasion abilities are banned\n|rule|Evasion Items Clause: Evasion items are banned\n|rule|Evasion Moves Clause: Evasion moves are banned\n|rule|Species Clause: Limit one of each Pok\u00e9mon\n|rule|Sleep Clause Mod: Limit one foe put to sleep\n|clearpoke\n|poke|p1|Ribombee, M|\n|poke|p1|Ogerpon-Wellspring, F|\n|poke|p1|Tapu Lele|\n|poke|p1|Garchomp, M|\n|poke|p1|Heatran, F|\n|poke|p1|Enamorus, F|\n|poke|p2|Ursaluna, M|\n|poke|p2|Dragonite, F|\n|poke|p2|Slowking, F|\n|poke|p2|Tapu Koko|\n|poke|p2|Hoopa-Unbound|\n|poke|p2|Great Tusk|\n|teampreview\n|\n|t:|1700368602\n|start\n|switch|p1a: stickywebQAQ|Ribombee, M|100\/100\n|switch|p2a: Tapu Koko|Tapu Koko|100\/100\n|-fieldstart|move: Electric Terrain|[from] ability: Electric Surge|[of] p2a: Tapu Koko\n|turn|1\n|j| Ultramanball1\n|\n|t:|1700368606\n|switch|p1a: Garchomp|Garchomp, M|100\/100\n|move|p2a: Tapu Koko|Volt Switch|p1a: Garchomp\n|-immune|p1a: Garchomp\n|\n|upkeep\n|turn|2\n|\n|t:|1700368614\n|switch|p2a: Great Tusk|Great Tusk|100\/100\n|move|p1a: Garchomp|Earthquake|p2a: Great Tusk\n|-damage|p2a: Great Tusk|68\/100\n|\n|upkeep\n|turn|3\n|\n|t:|1700368618\n|-zpower|p1a: Garchomp\n|move|p1a: Garchomp|Devastating Drake|p2a: Great Tusk|[zeffect]\n|-damage|p2a: Great Tusk|8\/100\n|move|p2a: Great Tusk|Ice Spinner|p1a: Garchomp\n|-supereffective|p1a: Garchomp\n|-damage|p1a: Garchomp|0 fnt\n|-damage|p2a: Great Tusk|0 fnt|[from] ability: Rough Skin|[of] p1a: Garchomp\n|faint|p1a: Garchomp\n|faint|p2a: Great Tusk\n|-end|p2a: Great Tusk|Protosynthesis|[silent]\n|\n|upkeep\n|l| Ultramanball1\n|\n|t:|1700368632\n|switch|p1a: stickywebQAQ|Ribombee, M|100\/100\n|switch|p2a: Tapu Koko|Tapu Koko|100\/100\n|turn|4\n|\n|t:|1700368635\n|move|p2a: Tapu Koko|Thunderbolt|p1a: stickywebQAQ\n|-enditem|p1a: stickywebQAQ|Focus Sash\n|-damage|p1a: stickywebQAQ|1\/100\n|move|p1a: stickywebQAQ|Sticky Web|p2a: Tapu Koko\n|-sidestart|p2: baigu2|move: Sticky Web\n|\n|upkeep\n|turn|5\n|\n|t:|1700368638\n|move|p2a: Tapu Koko|Thunderbolt|p1a: stickywebQAQ\n|-damage|p1a: stickywebQAQ|0 fnt\n|faint|p1a: stickywebQAQ\n|\n|-fieldend|move: Electric Terrain\n|upkeep\n|\n|t:|1700368644\n|switch|p1a: Heatran|Heatran, F|100\/100\n|turn|6\n|\n|t:|1700368647\n|move|p2a: Tapu Koko|Thunderbolt|p1a: Heatran\n|-damage|p1a: Heatran|53\/100\n|move|p1a: Heatran|Magma Storm|p2a: Tapu Koko\n|-damage|p2a: Tapu Koko|33\/100\n|-activate|p2a: Tapu Koko|move: Magma Storm|[of] p1a: Heatran\n|\n|-heal|p1a: Heatran|59\/100|[from] item: Leftovers\n|-damage|p2a: Tapu Koko|21\/100|[from] move: Magma Storm|[partiallytrapped]\n|upkeep\n|turn|7\n|\n|t:|1700368654\n|-terastallize|p2a: Tapu Koko|Electric\n|move|p1a: Heatran|Protect|p1a: Heatran\n|-singleturn|p1a: Heatran|Protect\n|move|p2a: Tapu Koko|Thunderbolt|p1a: Heatran\n|-activate|p1a: Heatran|move: Protect\n|\n|-heal|p1a: Heatran|66\/100|[from] item: Leftovers\n|-damage|p2a: Tapu Koko|9\/100|[from] move: Magma Storm|[partiallytrapped]\n|upkeep\n|turn|8\n|\n|t:|1700368657\n|move|p2a: Tapu Koko|Thunderbolt|p1a: Heatran\n|-damage|p1a: Heatran|5\/100\n|move|p1a: Heatran|Earth Power|p2a: Tapu Koko\n|-supereffective|p2a: Tapu Koko\n|-damage|p2a: Tapu Koko|0 fnt\n|faint|p2a: Tapu Koko\n|\n|-heal|p1a: Heatran|11\/100|[from] item: Leftovers\n|upkeep\n|\n|t:|1700368663\n|switch|p2a: Slowking|Slowking, F|100\/100\n|turn|9\n|\n|t:|1700368668\n|move|p1a: Heatran|Taunt|p2a: Slowking\n|-start|p2a: Slowking|move: Taunt\n|cant|p2a: Slowking|move: Taunt|Teleport\n|\n|-heal|p1a: Heatran|17\/100|[from] item: Leftovers\n|upkeep\n|turn|10\n|\n|t:|1700368671\n|switch|p2a: Dragonite|Dragonite, F|100\/100\n|move|p1a: Heatran|Magma Storm|p2a: Dragonite\n|-resisted|p2a: Dragonite\n|-damage|p2a: Dragonite|91\/100\n|-activate|p2a: Dragonite|move: Magma Storm|[of] p1a: Heatran\n|\n|-heal|p1a: Heatran|24\/100|[from] item: Leftovers\n|-damage|p2a: Dragonite|79\/100|[from] move: Magma Storm|[partiallytrapped]\n|upkeep\n|turn|11\n|\n|t:|1700368677\n|move|p1a: Heatran|Taunt|p2a: Dragonite\n|-start|p2a: Dragonite|move: Taunt\n|move|p2a: Dragonite|Dual Wingbeat|p1a: Heatran\n|-resisted|p1a: Heatran\n|-damage|p1a: Heatran|8\/100\n|-resisted|p1a: Heatran\n|-damage|p1a: Heatran|0 fnt\n|faint|p1a: Heatran\n|-hitcount|p1: Heatran|2\n|\n|-end|p2a: Dragonite|Magma Storm|[partiallytrapped]|[silent]\n|upkeep\n|\n|t:|1700368685\n|switch|p1a: Tapu Lele|Tapu Lele|100\/100\n|-fieldstart|move: Psychic Terrain|[from] ability: Psychic Surge|[of] p1a: Tapu Lele\n|turn|12\n|\n|t:|1700368688\n|switch|p2a: Slowking|Slowking, F|100\/100\n|move|p1a: Tapu Lele|Moonblast|p2a: Slowking\n|-damage|p2a: Slowking|53\/100\n|\n|upkeep\n|turn|13\n|\n|t:|1700368696\n|move|p1a: Tapu Lele|Moonblast|p2a: Slowking\n|-damage|p2a: Slowking|10\/100\n|move|p2a: Slowking|Trick Room|p2a: Slowking\n|-fieldstart|move: Trick Room|[of] p2a: Slowking\n|\n|upkeep\n|turn|14\n|\n|t:|1700368704\n|switch|p2a: Ursaluna|Ursaluna, M|100\/100\n|-activate|p2a: Ursaluna|move: Sticky Web\n|-unboost|p2a: Ursaluna|spe|1\n|move|p1a: Tapu Lele|Moonblast|p2a: Ursaluna\n|-damage|p2a: Ursaluna|38\/100\n|-unboost|p2a: Ursaluna|spa|1\n|\n|-status|p2a: Ursaluna|brn|[from] item: Flame Orb\n|upkeep\n|turn|15\n|inactive|Battle timer is ON: inactive players will automatically lose when time's up. (requested by baigu2)\n|\n|t:|1700368712\n|move|p2a: Ursaluna|Facade|p1a: Tapu Lele\n|-damage|p1a: Tapu Lele|0 fnt\n|faint|p1a: Tapu Lele\n|\n|-damage|p2a: Ursaluna|32\/100 brn|[from] brn\n|upkeep\n|\n|t:|1700368715\n|switch|p1a: Ogerpon|Ogerpon-Wellspring, F|100\/100\n|turn|16\n|\n|t:|1700368718\n|move|p2a: Ursaluna|Facade|p1a: Ogerpon\n|-damage|p1a: Ogerpon|0 fnt\n|faint|p1a: Ogerpon\n|\n|-damage|p2a: Ursaluna|25\/100 brn|[from] brn\n|-fieldend|move: Psychic Terrain\n|upkeep\n|\n|t:|1700368720\n|switch|p1a: Enamorus|Enamorus, F|100\/100\n|turn|17\n|\n|t:|1700368722\n|-terastallize|p1a: Enamorus|Fighting\n|move|p2a: Ursaluna|Facade|p1a: Enamorus\n|-damage|p1a: Enamorus|0 fnt\n|faint|p1a: Enamorus\n|\n|win|baigu2\n|raw|qwqwqqw's rating: 1719 &rarr; <strong>1701<\/strong><br \/>(-18 for losing)\n|raw|baigu2's rating: 1754 &rarr; <strong>1772<\/strong><br \/>(+18 for winning)\n","uploadtime":1700368727,"views":7,"p1id":"qwqwqqw","p2id":"baigu2","formatid":"gen9nationaldex","rating":1701,"private":0,"password":""}