{"id":"gen9nationaldex-1988049373","p1":"Oxijinn","p2":"doodlebug112","format":"[Gen 9] National Dex","log":"|j|\u2606Oxijinn\n|j|\u2606doodlebug112\n|t:|1699663335\n|gametype|singles\n|player|p1|Oxijinn|n|1070\n|player|p2|doodlebug112|1|1000\n|teamsize|p1|6\n|teamsize|p2|6\n|gen|9\n|tier|[Gen 9] National Dex\n|rated|\n|rule|HP Percentage Mod: HP is shown in percentages\n|rule|Endless Battle Clause: Forcing endless battles is banned\n|rule|OHKO Clause: OHKO moves are banned\n|rule|Evasion Clause: Evasion abilities, items, and moves are banned\n|rule|Evasion Abilities Clause: Evasion abilities are banned\n|rule|Evasion Items Clause: Evasion items are banned\n|rule|Evasion Moves Clause: Evasion moves are banned\n|rule|Species Clause: Limit one of each Pok\u00e9mon\n|rule|Sleep Clause Mod: Limit one foe put to sleep\n|clearpoke\n|poke|p1|Espeon, F|\n|poke|p1|Sharpedo, M|\n|poke|p1|Porygon|\n|poke|p1|Mimikyu, M|\n|poke|p1|Umbreon, F|\n|poke|p1|Metagross|\n|poke|p2|Dusclops, M|\n|poke|p2|Ribombee, M|\n|poke|p2|Crobat, F|\n|poke|p2|Bibarel, M|\n|poke|p2|Delcatty, M|\n|poke|p2|Cyclizar, M|\n|teampreview\n|inactive|Battle timer is ON: inactive players will automatically lose when time's up. (requested by Oxijinn)\n|\n|t:|1699663348\n|start\n|switch|p1a: Porygon|Porygon|100\/100\n|switch|p2a: Bibarel|Bibarel, M|100\/100\n|turn|1\n|\n|t:|1699663355\n|move|p2a: Bibarel|Curse|p2a: Bibarel\n|-unboost|p2a: Bibarel|spe|2\n|-boost|p2a: Bibarel|atk|2\n|-boost|p2a: Bibarel|def|2\n|move|p1a: Porygon|Reflect|p1a: Porygon\n|-sidestart|p1: Oxijinn|Reflect\n|\n|upkeep\n|turn|2\n|\n|t:|1699663364\n|move|p1a: Porygon|Toxic|p2a: Bibarel\n|-status|p2a: Bibarel|tox\n|move|p2a: Bibarel|Liquidation|p1a: Porygon\n|-damage|p1a: Porygon|64\/100\n|\n|-damage|p2a: Bibarel|94\/100 tox|[from] psn\n|upkeep\n|turn|3\n|\n|t:|1699663372\n|move|p1a: Porygon|Tri Attack|p2a: Bibarel\n|-damage|p2a: Bibarel|53\/100 tox\n|move|p2a: Bibarel|Stealth Rock|p1a: Porygon\n|-sidestart|p1: Oxijinn|move: Stealth Rock\n|\n|-heal|p2a: Bibarel|59\/100 tox|[from] item: Leftovers\n|-damage|p2a: Bibarel|47\/100 tox|[from] psn\n|upkeep\n|turn|4\n|\n|t:|1699663380\n|move|p1a: Porygon|Protect|p1a: Porygon\n|-singleturn|p1a: Porygon|Protect\n|move|p2a: Bibarel|Iron Tail|p1a: Porygon\n|-activate|p1a: Porygon|move: Protect\n|\n|-heal|p2a: Bibarel|53\/100 tox|[from] item: Leftovers\n|-damage|p2a: Bibarel|34\/100 tox|[from] psn\n|upkeep\n|turn|5\n|\n|t:|1699663388\n|move|p1a: Porygon|Tri Attack|p2a: Bibarel\n|-damage|p2a: Bibarel|0 fnt\n|faint|p2a: Bibarel\n|\n|upkeep\n|\n|t:|1699663401\n|switch|p2a: Delcatty|Delcatty, M|100\/100\n|turn|6\n|\n|t:|1699663405\n|move|p2a: Delcatty|Fake Out|p1a: Porygon\n|-damage|p1a: Porygon|56\/100\n|cant|p1a: Porygon|flinch\n|\n|upkeep\n|turn|7\n|\n|t:|1699663412\n|move|p2a: Delcatty|Play Rough|p1a: Porygon\n|-damage|p1a: Porygon|43\/100\n|move|p1a: Porygon|Tri Attack|p2a: Delcatty\n|-damage|p2a: Delcatty|39\/100\n|\n|-heal|p2a: Delcatty|45\/100|[from] item: Leftovers\n|upkeep\n|turn|8\n|\n|t:|1699663420\n|move|p2a: Delcatty|Return|p1a: Porygon\n|-damage|p1a: Porygon|22\/100\n|move|p1a: Porygon|Tri Attack|p2a: Delcatty\n|-damage|p2a: Delcatty|0 fnt\n|faint|p2a: Delcatty\n|\n|-sideend|p1: Oxijinn|Reflect\n|upkeep\n|\n|t:|1699663430\n|switch|p2a: Crobat|Crobat, F|100\/100\n|turn|9\n|\n|t:|1699663433\n|move|p1a: Porygon|Protect|p1a: Porygon\n|-singleturn|p1a: Porygon|Protect\n|move|p2a: Crobat|Acrobatics|p1a: Porygon\n|-activate|p1a: Porygon|move: Protect\n|\n|upkeep\n|turn|10\n|\n|t:|1699663439\n|move|p2a: Crobat|Acrobatics|p1a: Porygon\n|-damage|p1a: Porygon|0 fnt\n|faint|p1a: Porygon\n|\n|upkeep\n|\n|t:|1699663452\n|switch|p1a: Metagross|Metagross|100\/100\n|-damage|p1a: Metagross|94\/100|[from] Stealth Rock\n|turn|11\n|\n|t:|1699663466\n|switch|p2a: Cyclizar|Cyclizar, M|100\/100\n|move|p1a: Metagross|Cosmic Power|p1a: Metagross\n|-boost|p1a: Metagross|def|1\n|-boost|p1a: Metagross|spd|1\n|\n|-heal|p1a: Metagross|100\/100|[from] item: Leftovers\n|upkeep\n|turn|12\n|\n|t:|1699663474\n|move|p1a: Metagross|Body Press|p2a: Cyclizar\n|-supereffective|p2a: Cyclizar\n|-damage|p2a: Cyclizar|0 fnt\n|faint|p2a: Cyclizar\n|\n|upkeep\n|\n|t:|1699663479\n|switch|p2a: Dusclops|Dusclops, M|100\/100\n|-ability|p2a: Dusclops|Pressure\n|turn|13\n|\n|t:|1699663484\n|move|p1a: Metagross|Meteor Mash|p2a: Dusclops\n|-damage|p2a: Dusclops|70\/100\n|move|p2a: Dusclops|Will-O-Wisp|p1a: Metagross\n|-status|p1a: Metagross|brn\n|\n|-damage|p1a: Metagross|94\/100 brn|[from] brn\n|upkeep\n|turn|14\n|\n|t:|1699663492\n|move|p1a: Metagross|Cosmic Power|p1a: Metagross\n|-boost|p1a: Metagross|def|1\n|-boost|p1a: Metagross|spd|1\n|move|p2a: Dusclops|Hex|p1a: Metagross\n|-supereffective|p1a: Metagross\n|-damage|p1a: Metagross|66\/100 brn\n|\n|-heal|p1a: Metagross|72\/100 brn|[from] item: Leftovers\n|-damage|p1a: Metagross|66\/100 brn|[from] brn\n|upkeep\n|turn|15\n|\n|t:|1699663501\n|move|p1a: Metagross|Meteor Mash|p2a: Dusclops|[miss]\n|-miss|p1a: Metagross|p2a: Dusclops\n|move|p2a: Dusclops|Hex|p1a: Metagross\n|-supereffective|p1a: Metagross\n|-crit|p1a: Metagross\n|-damage|p1a: Metagross|0 fnt\n|faint|p1a: Metagross\n|\n|upkeep\n|\n|t:|1699663507\n|switch|p1a: Umbreon|Umbreon, F|100\/100\n|-damage|p1a: Umbreon|88\/100|[from] Stealth Rock\n|turn|16\n|\n|t:|1699663513\n|move|p1a: Umbreon|Foul Play|p2a: Dusclops\n|-supereffective|p2a: Dusclops\n|-damage|p2a: Dusclops|43\/100\n|move|p2a: Dusclops|Will-O-Wisp|p1a: Umbreon\n|-status|p1a: Umbreon|brn\n|\n|-heal|p1a: Umbreon|94\/100 brn|[from] item: Leftovers\n|-damage|p1a: Umbreon|88\/100 brn|[from] brn\n|upkeep\n|turn|17\n|\n|t:|1699663523\n|switch|p1a: Sharpedo|Sharpedo, M|100\/100\n|-damage|p1a: Sharpedo|88\/100|[from] Stealth Rock\n|move|p2a: Dusclops|Rest|p2a: Dusclops\n|-status|p2a: Dusclops|slp|[from] move: Rest\n|-heal|p2a: Dusclops|100\/100 slp|[silent]\n|\n|upkeep\n|turn|18\n|\n|t:|1699663531\n|move|p1a: Sharpedo|Crunch|p2a: Dusclops\n|-supereffective|p2a: Dusclops\n|-damage|p2a: Dusclops|44\/100 slp\n|-unboost|p2a: Dusclops|def|1\n|cant|p2a: Dusclops|slp\n|move|p2a: Dusclops|Sleep Talk|p2a: Dusclops\n|move|p2a: Dusclops|Will-O-Wisp|p1a: Sharpedo|[from]move: Sleep Talk\n|-status|p1a: Sharpedo|brn\n|\n|-damage|p1a: Sharpedo|82\/100 brn|[from] brn\n|-ability|p1a: Sharpedo|Speed Boost|boost\n|-boost|p1a: Sharpedo|spe|1\n|upkeep\n|turn|19\n|\n|t:|1699663543\n|detailschange|p1a: Sharpedo|Sharpedo-Mega, M\n|-mega|p1a: Sharpedo|Sharpedo|Sharpedonite\n|move|p1a: Sharpedo|Crunch|p2a: Dusclops\n|-supereffective|p2a: Dusclops\n|-damage|p2a: Dusclops|0 fnt\n|faint|p2a: Dusclops\n|\n|-damage|p1a: Sharpedo|76\/100 brn|[from] brn\n|upkeep\n|\n|t:|1699663551\n|switch|p2a: Ribombee|Ribombee, M|100\/100\n|turn|20\n|\n|t:|1699663557\n|move|p1a: Sharpedo|Ice Fang|p2a: Ribombee\n|-damage|p2a: Ribombee|63\/100\n|move|p2a: Ribombee|Moonblast|p1a: Sharpedo\n|-supereffective|p1a: Sharpedo\n|-damage|p1a: Sharpedo|0 fnt\n|faint|p1a: Sharpedo\n|\n|upkeep\n|\n|t:|1699663562\n|switch|p1a: Umbreon|Umbreon, F|88\/100 brn\n|-damage|p1a: Umbreon|76\/100 brn|[from] Stealth Rock\n|turn|21\n|\n|t:|1699663568\n|move|p2a: Ribombee|Moonblast|p1a: Umbreon\n|-supereffective|p1a: Umbreon\n|-damage|p1a: Umbreon|33\/100 brn\n|move|p1a: Umbreon|Toxic|p2a: Ribombee\n|-status|p2a: Ribombee|tox\n|\n|-heal|p1a: Umbreon|39\/100 brn|[from] item: Leftovers\n|-damage|p2a: Ribombee|57\/100 tox|[from] psn\n|-damage|p1a: Umbreon|33\/100 brn|[from] brn\n|upkeep\n|turn|22\n|\n|t:|1699663579\n|move|p1a: Umbreon|Protect|p1a: Umbreon\n|-singleturn|p1a: Umbreon|Protect\n|move|p2a: Ribombee|Bug Buzz|p1a: Umbreon\n|-activate|p1a: Umbreon|move: Protect\n|\n|-heal|p1a: Umbreon|39\/100 brn|[from] item: Leftovers\n|-damage|p2a: Ribombee|45\/100 tox|[from] psn\n|-damage|p1a: Umbreon|33\/100 brn|[from] brn\n|upkeep\n|turn|23\n|\n|t:|1699663588\n|move|p2a: Ribombee|Bug Buzz|p1a: Umbreon\n|-supereffective|p1a: Umbreon\n|-damage|p1a: Umbreon|0 fnt\n|faint|p1a: Umbreon\n|\n|-damage|p2a: Ribombee|27\/100 tox|[from] psn\n|upkeep\n|\n|t:|1699663592\n|switch|p1a: Mimikyu|Mimikyu, M|100\/100\n|-damage|p1a: Mimikyu|88\/100|[from] Stealth Rock\n|turn|24\n|\n|t:|1699663600\n|move|p1a: Mimikyu|Shadow Sneak|p2a: Ribombee\n|-damage|p2a: Ribombee|0 fnt\n|faint|p2a: Ribombee\n|-damage|p1a: Mimikyu|78\/100|[from] item: Life Orb\n|\n|upkeep\n|\n|t:|1699663604\n|switch|p2a: Crobat|Crobat, F|100\/100\n|turn|25\n|\n|t:|1699663608\n|move|p2a: Crobat|Crunch|p1a: Mimikyu\n|-activate|p1a: Mimikyu|ability: Disguise\n|-damage|p1a: Mimikyu|78\/100\n|-unboost|p1a: Mimikyu|def|1\n|detailschange|p1a: Mimikyu|Mimikyu-Busted, M\n|-damage|p1a: Mimikyu|66\/100|[from] pokemon: Mimikyu-Busted\n|move|p1a: Mimikyu|Shadow Claw|p2a: Crobat\n|-damage|p2a: Crobat|51\/100\n|-damage|p1a: Mimikyu|56\/100|[from] item: Life Orb\n|\n|upkeep\n|turn|26\n|\n|t:|1699663620\n|move|p1a: Mimikyu|Shadow Sneak|p2a: Crobat\n|-damage|p2a: Crobat|21\/100\n|-damage|p1a: Mimikyu|46\/100|[from] item: Life Orb\n|move|p2a: Crobat|Crunch|p1a: Mimikyu\n|-damage|p1a: Mimikyu|0 fnt\n|faint|p1a: Mimikyu\n|\n|upkeep\n|\n|t:|1699663622\n|switch|p1a: Espeon|Espeon, F|100\/100\n|-damage|p1a: Espeon|88\/100|[from] Stealth Rock\n|turn|27\n|\n|t:|1699663630\n|-terastallize|p1a: Espeon|Fairy\n|move|p2a: Crobat|Leech Life|p1a: Espeon\n|-resisted|p1a: Espeon\n|-damage|p1a: Espeon|66\/100\n|-heal|p2a: Crobat|31\/100|[from] drain|[of] p1a: Espeon\n|move|p1a: Espeon|Psyshock|p2a: Crobat\n|-supereffective|p2a: Crobat\n|-damage|p2a: Crobat|0 fnt\n|faint|p2a: Crobat\n|\n|win|Oxijinn\n|raw|Oxijinn's rating: 1070 &rarr; <strong>1094<\/strong><br \/>(+24 for winning)\n|raw|doodlebug112's rating: 1000 &rarr; <strong>1000<\/strong><br \/>(+0 for losing)\n|c|\u2606doodlebug112|gg\n|l|\u2606doodlebug112\n|l|\u2606Oxijinn\n|j|\u2606Oxijinn\n|player|p1|Oxijinn|n\n","uploadtime":1699663760,"views":18,"p1id":"oxijinn","p2id":"doodlebug112","formatid":"gen9nationaldex","rating":1000,"private":0,"password":""}