{"id":"gen9nationaldex-1989316208","p1":"yanami-go","p2":"Mariopdiego","format":"[Gen 9] National Dex","log":"|j|\u2606yanami-go\n|j|\u2606Mariopdiego\n|t:|1699835511\n|gametype|singles\n|player|p1|yanami-go|dawn-masters3|1560\n|player|p2|Mariopdiego|266|1520\n|teamsize|p1|6\n|teamsize|p2|6\n|gen|9\n|tier|[Gen 9] National Dex\n|rated|\n|rule|HP Percentage Mod: HP is shown in percentages\n|rule|Endless Battle Clause: Forcing endless battles is banned\n|rule|OHKO Clause: OHKO moves are banned\n|rule|Evasion Clause: Evasion abilities, items, and moves are banned\n|rule|Evasion Abilities Clause: Evasion abilities are banned\n|rule|Evasion Items Clause: Evasion items are banned\n|rule|Evasion Moves Clause: Evasion moves are banned\n|rule|Species Clause: Limit one of each Pok\u00e9mon\n|rule|Sleep Clause Mod: Limit one foe put to sleep\n|clearpoke\n|poke|p1|Ogerpon-Wellspring, F|\n|poke|p1|Ditto|\n|poke|p1|Tapu Koko|\n|poke|p1|Landorus-Therian, M|\n|poke|p1|Heatran, M|\n|poke|p1|Dragonite, F|\n|poke|p2|Pelipper, M|\n|poke|p2|Kyurem|\n|poke|p2|Zapdos|\n|poke|p2|Ferrothorn, F|\n|poke|p2|Swampert, F|\n|poke|p2|Crawdaunt, F|\n|teampreview\n|inactive|Battle timer is ON: inactive players will automatically lose when time's up. (requested by Mariopdiego)\n|\n|t:|1699835521\n|start\n|switch|p1a: Tapu Koko|Tapu Koko|100\/100\n|switch|p2a: Kyurem|Kyurem, shiny|100\/100\n|-fieldstart|move: Electric Terrain|[from] ability: Electric Surge|[of] p1a: Tapu Koko\n|-ability|p2a: Kyurem|Pressure\n|turn|1\n|\n|t:|1699835524\n|move|p1a: Tapu Koko|Dazzling Gleam|p2a: Kyurem\n|-supereffective|p2a: Kyurem\n|-crit|p2a: Kyurem\n|-damage|p2a: Kyurem|44\/100\n|move|p2a: Kyurem|Earth Power|p1a: Tapu Koko\n|-supereffective|p1a: Tapu Koko\n|-damage|p1a: Tapu Koko|0 fnt\n|faint|p1a: Tapu Koko\n|\n|upkeep\n|\n|t:|1699835537\n|switch|p1a: Ogerpon|Ogerpon-Wellspring, F|100\/100\n|turn|2\n|\n|t:|1699835542\n|move|p1a: Ogerpon|Ivy Cudgel|p2a: Kyurem\n|-resisted|p2a: Kyurem\n|-damage|p2a: Kyurem|21\/100\n|move|p2a: Kyurem|Ice Beam|p1a: Ogerpon\n|-damage|p1a: Ogerpon|42\/100\n|\n|upkeep\n|turn|3\n|\n|t:|1699835550\n|switch|p2a: Ferrothorn|Ferrothorn, F|100\/100\n|move|p1a: Ogerpon|Ivy Cudgel|p2a: Ferrothorn\n|-resisted|p2a: Ferrothorn\n|-damage|p2a: Ferrothorn|82\/100\n|\n|-heal|p2a: Ferrothorn|88\/100|[from] item: Leftovers\n|upkeep\n|turn|4\n|\n|t:|1699835554\n|move|p1a: Ogerpon|Swords Dance|p1a: Ogerpon\n|-boost|p1a: Ogerpon|atk|2\n|move|p2a: Ferrothorn|Stealth Rock|p1a: Ogerpon\n|-sidestart|p1: yanami-go|move: Stealth Rock\n|\n|-heal|p2a: Ferrothorn|94\/100|[from] item: Leftovers\n|upkeep\n|turn|5\n|\n|t:|1699835557\n|move|p1a: Ogerpon|Encore|p2a: Ferrothorn\n|-start|p2a: Ferrothorn|Encore\n|move|p2a: Ferrothorn|Stealth Rock||[still]\n|-fail|p2a: Ferrothorn\n|\n|-heal|p2a: Ferrothorn|99\/100|[from] item: Leftovers\n|-fieldend|move: Electric Terrain\n|upkeep\n|turn|6\n|\n|t:|1699835564\n|switch|p2a: Let's in the rain|Pelipper, M|100\/100\n|-weather|RainDance|[from] ability: Drizzle|[of] p2a: Let's in the rain\n|move|p1a: Ogerpon|Ivy Cudgel|p2a: Let's in the rain\n|-resisted|p2a: Let's in the rain\n|-damage|p2a: Let's in the rain|4\/100\n|\n|-weather|RainDance|[upkeep]\n|upkeep\n|turn|7\n|\n|t:|1699835567\n|switch|p2a: Ferrothorn|Ferrothorn, F|99\/100\n|move|p1a: Ogerpon|Ivy Cudgel|p2a: Ferrothorn\n|-resisted|p2a: Ferrothorn\n|-damage|p2a: Ferrothorn|46\/100\n|\n|-weather|RainDance|[upkeep]\n|-heal|p2a: Ferrothorn|51\/100|[from] item: Leftovers\n|upkeep\n|turn|8\n|\n|t:|1699835573\n|move|p1a: Ogerpon|Swords Dance|p1a: Ogerpon\n|-boost|p1a: Ogerpon|atk|2\n|move|p2a: Ferrothorn|Knock Off|p1a: Ogerpon\n|-damage|p1a: Ogerpon|24\/100\n|\n|-weather|RainDance|[upkeep]\n|-heal|p2a: Ferrothorn|57\/100|[from] item: Leftovers\n|upkeep\n|turn|9\n|\n|t:|1699835577\n|move|p1a: Ogerpon|Ivy Cudgel|p2a: Ferrothorn\n|-resisted|p2a: Ferrothorn\n|-damage|p2a: Ferrothorn|0 fnt\n|faint|p2a: Ferrothorn\n|\n|-weather|RainDance|[upkeep]\n|upkeep\n|\n|t:|1699835581\n|switch|p2a: Swampert|Swampert, F|100\/100\n|turn|10\n|\n|t:|1699835593\n|switch|p1a: Dragonite|Dragonite, F|100\/100\n|detailschange|p2a: Swampert|Swampert-Mega, F\n|-mega|p2a: Swampert|Swampert|Swampertite\n|move|p2a: Swampert|Ice Punch|p1a: Dragonite\n|-supereffective|p1a: Dragonite\n|-damage|p1a: Dragonite|44\/100\n|\n|-weather|RainDance|[upkeep]\n|upkeep\n|turn|11\n|\n|t:|1699835597\n|move|p1a: Dragonite|Extreme Speed|p2a: Swampert\n|-damage|p2a: Swampert|72\/100\n|move|p2a: Swampert|Ice Punch|p1a: Dragonite\n|-supereffective|p1a: Dragonite\n|-damage|p1a: Dragonite|0 fnt\n|faint|p1a: Dragonite\n|\n|-weather|RainDance|[upkeep]\n|upkeep\n|\n|t:|1699835601\n|switch|p1a: Ditto|Ditto|100\/100\n|-damage|p1a: Ditto|88\/100|[from] Stealth Rock\n|-transform|p1a: Ditto|p2a: Swampert|[from] ability: Imposter\n|turn|12\n|\n|t:|1699835605\n|switch|p2a: Kyurem|Kyurem, shiny|21\/100\n|-ability|p2a: Kyurem|Pressure\n|move|p1a: Ditto|Liquidation|p2a: Kyurem\n|-resisted|p2a: Kyurem\n|-damage|p2a: Kyurem|0 fnt\n|faint|p2a: Kyurem\n|\n|-weather|RainDance|[upkeep]\n|upkeep\n|\n|t:|1699835608\n|switch|p2a: Zapdos|Zapdos, shiny|100\/100\n|turn|13\n|\n|t:|1699835611\n|move|p1a: Ditto|Liquidation|p2a: Zapdos\n|-damage|p2a: Zapdos|14\/100\n|move|p2a: Zapdos|Hurricane|p1a: Ditto\n|-damage|p1a: Ditto|26\/100\n|\n|-weather|none\n|upkeep\n|turn|14\n|\n|t:|1699835617\n|switch|p1a: Landorus|Landorus-Therian, M|100\/100\n|-damage|p1a: Landorus|88\/100|[from] Stealth Rock\n|-ability|p1a: Landorus|Intimidate|boost\n|-unboost|p2a: Zapdos|atk|1\n|move|p2a: Zapdos|Roost|p2a: Zapdos\n|-heal|p2a: Zapdos|64\/100\n|-singleturn|p2a: Zapdos|move: Roost\n|\n|upkeep\n|turn|15\n|\n|t:|1699835622\n|move|p2a: Zapdos|Roost|p2a: Zapdos\n|-heal|p2a: Zapdos|100\/100\n|-singleturn|p2a: Zapdos|move: Roost\n|move|p1a: Landorus|Defog|p2a: Zapdos\n|-unboost|p2a: Zapdos|evasion|1\n|-sideend|p1: yanami-go|Stealth Rock|[from] move: Defog|[of] p1a: Landorus\n|\n|upkeep\n|turn|16\n|\n|t:|1699835627\n|switch|p2a: Let's in the rain|Pelipper, M|4\/100\n|-weather|RainDance|[from] ability: Drizzle|[of] p2a: Let's in the rain\n|move|p1a: Landorus|Stealth Rock|p2a: Let's in the rain\n|-sidestart|p2: Mariopdiego|move: Stealth Rock\n|\n|-weather|RainDance|[upkeep]\n|upkeep\n|turn|17\n|\n|t:|1699835631\n|move|p1a: Landorus|U-turn|p2a: Let's in the rain\n|-resisted|p2a: Let's in the rain\n|-damage|p2a: Let's in the rain|0 fnt\n|faint|p2a: Let's in the rain\n|\n|t:|1699835634\n|switch|p1a: Ditto|Ditto|26\/100|[from] U-turn\n|\n|-weather|RainDance|[upkeep]\n|upkeep\n|\n|t:|1699835639\n|switch|p2a: Swampert|Swampert-Mega, F|72\/100\n|-damage|p2a: Swampert|66\/100|[from] Stealth Rock\n|turn|18\n|\n|t:|1699835643\n|switch|p1a: Ogerpon|Ogerpon-Wellspring, F|24\/100\n|move|p2a: Swampert|Liquidation|p1a: Ogerpon\n|-heal|p1a: Ogerpon|49\/100|[from] ability: Water Absorb|[of] p2a: Swampert\n|\n|-weather|RainDance|[upkeep]\n|upkeep\n|turn|19\n|\n|t:|1699835650\n|switch|p2a: Zapdos|Zapdos, shiny|100\/100\n|move|p1a: Ogerpon|Ivy Cudgel|p2a: Zapdos\n|-damage|p2a: Zapdos|0 fnt\n|faint|p2a: Zapdos\n|\n|-weather|RainDance|[upkeep]\n|upkeep\n|\n|t:|1699835653\n|switch|p2a: Crawdaunt|Crawdaunt, F, shiny|100\/100\n|-damage|p2a: Crawdaunt|88\/100|[from] Stealth Rock\n|turn|20\n|\n|t:|1699835665\n|-terastallize|p1a: Ogerpon|Water\n|detailschange|p1a: Ogerpon|Ogerpon-Wellspring-Tera, F, tera:Water\n|-ability|p1a: Ogerpon|Embody Aspect (Wellspring)|boost\n|-boost|p1a: Ogerpon|spd|1\n|move|p1a: Ogerpon|Ivy Cudgel|p2a: Crawdaunt\n|-resisted|p2a: Crawdaunt\n|-damage|p2a: Crawdaunt|0 fnt\n|faint|p2a: Crawdaunt\n|\n|-weather|RainDance|[upkeep]\n|upkeep\n|\n|t:|1699835672\n|switch|p2a: Swampert|Swampert-Mega, F|66\/100\n|-damage|p2a: Swampert|60\/100|[from] Stealth Rock\n|turn|21\n|\n|t:|1699835674\n|move|p2a: Swampert|Earthquake|p1a: Ogerpon\n|-damage|p1a: Ogerpon|0 fnt\n|faint|p1a: Ogerpon\n|\n|-weather|RainDance|[upkeep]\n|upkeep\n|\n|t:|1699835676\n|switch|p1a: Ditto|Ditto|26\/100\n|-transform|p1a: Ditto|p2a: Swampert|[from] ability: Imposter\n|turn|22\n|\n|t:|1699835679\n|move|p1a: Ditto|Liquidation|p2a: Swampert\n|-damage|p2a: Swampert|0 fnt\n|faint|p2a: Swampert\n|\n|win|yanami-go\n|raw|yanami-go's rating: 1560 &rarr; <strong>1578<\/strong><br \/>(+18 for winning)\n|raw|Mariopdiego's rating: 1520 &rarr; <strong>1502<\/strong><br \/>(-18 for losing)\n|l|\u2606Mariopdiego\n","uploadtime":1699835717,"views":4,"p1id":"yanamigo","p2id":"mariopdiego","formatid":"gen9nationaldex","rating":1502,"private":0,"password":""}