{"id":"gen9nationaldex-1989798561","p1":"Khyleuytrf","p2":"Velocitar32","format":"[Gen 9] National Dex","log":"|j|\u2606Khyleuytrf\n|j|\u2606Velocitar32\n|t:|1699896662\n|gametype|singles\n|player|p1|Khyleuytrf|102|1077\n|player|p2|Velocitar32|silver-masters|1054\n|teamsize|p1|6\n|teamsize|p2|6\n|gen|9\n|tier|[Gen 9] National Dex\n|rated|\n|rule|HP Percentage Mod: HP is shown in percentages\n|rule|Endless Battle Clause: Forcing endless battles is banned\n|rule|OHKO Clause: OHKO moves are banned\n|rule|Evasion Clause: Evasion abilities, items, and moves are banned\n|rule|Evasion Abilities Clause: Evasion abilities are banned\n|rule|Evasion Items Clause: Evasion items are banned\n|rule|Evasion Moves Clause: Evasion moves are banned\n|rule|Species Clause: Limit one of each Pok\u00e9mon\n|rule|Sleep Clause Mod: Limit one foe put to sleep\n|clearpoke\n|poke|p1|Torterra, M|\n|poke|p1|Arcanine-Hisui, M|\n|poke|p1|Mr. Rime, M|\n|poke|p1|Vikavolt, F|\n|poke|p1|Goodra-Hisui, M|\n|poke|p1|Zoroark, M|\n|poke|p2|Charizard, M|\n|poke|p2|Zoroark-Hisui, F|\n|poke|p2|Excadrill, F|\n|poke|p2|Meowscarada, F|\n|poke|p2|Sandslash-Alola, M|\n|poke|p2|Gengar, M|\n|teampreview\n|\n|t:|1699896685\n|start\n|switch|p1a: Vikavolt|Vikavolt, F|100\/100\n|switch|p2a: Excadrill|Excadrill, F, shiny|100\/100\n|-ability|p2a: Excadrill|Mold Breaker\n|turn|1\n|\n|t:|1699896693\n|move|p1a: Vikavolt|Flamethrower|p2a: Excadrill\n|-supereffective|p2a: Excadrill\n|-damage|p2a: Excadrill|9\/100\n|move|p2a: Excadrill|Stealth Rock|p1a: Vikavolt\n|-sidestart|p1: Khyleuytrf|move: Stealth Rock\n|\n|-heal|p2a: Excadrill|15\/100|[from] item: Leftovers\n|upkeep\n|turn|2\n|\n|t:|1699896700\n|move|p1a: Vikavolt|Flamethrower|p2a: Excadrill\n|-supereffective|p2a: Excadrill\n|-damage|p2a: Excadrill|0 fnt\n|faint|p2a: Excadrill\n|\n|upkeep\n|\n|t:|1699896712\n|switch|p2a: Sandslash|Sandslash-Alola, M, shiny|100\/100\n|turn|3\n|\n|t:|1699896717\n|move|p1a: Vikavolt|Flamethrower|p2a: Sandslash\n|-supereffective|p2a: Sandslash\n|-damage|p2a: Sandslash|0 fnt\n|faint|p2a: Sandslash\n|\n|upkeep\n|\n|t:|1699896730\n|switch|p2a: Meowscarada|Meowscarada, F|100\/100\n|turn|4\n|\n|t:|1699896733\n|move|p2a: Meowscarada|Hyper Voice|p1a: Vikavolt\n|-damage|p1a: Vikavolt|2\/100\n|replace|p1a: Zoroark|Zoroark, M, shiny\n|-end|p1a: Zoroark|Illusion\n|move|p1a: Zoroark|Flamethrower|p2a: Meowscarada\n|-damage|p2a: Meowscarada|14\/100\n|replace|p2a: Zoroark|Zoroark-Hisui, F, shiny\n|-end|p2a: Zoroark|Illusion\n|\n|upkeep\n|turn|5\n|\n|t:|1699896744\n|switch|p1a: Arcanine|Arcanine-Hisui, M|100\/100\n|-damage|p1a: Arcanine|76\/100|[from] Stealth Rock\n|move|p2a: Zoroark|Hyper Voice|p1a: Arcanine\n|-resisted|p1a: Arcanine\n|-damage|p1a: Arcanine|46\/100\n|\n|-heal|p1a: Arcanine|52\/100|[from] item: Leftovers\n|upkeep\n|turn|6\n|\n|t:|1699896760\n|move|p2a: Zoroark|Focus Blast|p1a: Arcanine\n|-supereffective|p1a: Arcanine\n|-damage|p1a: Arcanine|0 fnt\n|faint|p1a: Arcanine\n|\n|upkeep\n|\n|t:|1699896767\n|switch|p1a: Torterra|Torterra, M|100\/100\n|-damage|p1a: Torterra|94\/100|[from] Stealth Rock\n|turn|7\n|\n|t:|1699896772\n|move|p2a: Zoroark|Hyper Voice|p1a: Torterra\n|-damage|p1a: Torterra|41\/100\n|move|p1a: Torterra|Rock Blast|p2a: Zoroark\n|-damage|p2a: Zoroark|0 fnt\n|faint|p2a: Zoroark\n|-hitcount|p2: Zoroark|1\n|\n|upkeep\n|\n|t:|1699896780\n|switch|p2a: Charizard|Charizard, M, shiny|100\/100\n|turn|8\n|\n|t:|1699896785\n|detailschange|p2a: Charizard|Charizard-Mega-X, M, shiny\n|-mega|p2a: Charizard|Charizard|Charizardite X\n|move|p2a: Charizard|Dragon Dance|p2a: Charizard\n|-boost|p2a: Charizard|atk|1\n|-boost|p2a: Charizard|spe|1\n|move|p1a: Torterra|Rock Blast|p2a: Charizard\n|-supereffective|p2a: Charizard\n|-damage|p2a: Charizard|85\/100\n|-supereffective|p2a: Charizard\n|-damage|p2a: Charizard|69\/100\n|-supereffective|p2a: Charizard\n|-damage|p2a: Charizard|51\/100\n|-supereffective|p2a: Charizard\n|-damage|p2a: Charizard|34\/100\n|-hitcount|p2a: Charizard|4\n|\n|upkeep\n|turn|9\n|\n|t:|1699896798\n|switch|p1a: Goodra|Goodra-Hisui, M|100\/100\n|-damage|p1a: Goodra|94\/100|[from] Stealth Rock\n|move|p2a: Charizard|Dragon Claw|p1a: Goodra\n|-damage|p1a: Goodra|37\/100\n|\n|-heal|p1a: Goodra|43\/100|[from] item: Leftovers\n|upkeep\n|turn|10\n|\n|t:|1699896808\n|move|p2a: Charizard|Earthquake|p1a: Goodra\n|-supereffective|p1a: Goodra\n|-damage|p1a: Goodra|0 fnt\n|faint|p1a: Goodra\n|\n|upkeep\n|\n|t:|1699896819\n|switch|p1a: Vikavolt|Vikavolt, F|100\/100\n|turn|11\n|\n|t:|1699896824\n|move|p2a: Charizard|Dragon Claw|p1a: Vikavolt\n|-damage|p1a: Vikavolt|10\/100\n|move|p1a: Vikavolt|Thunderbolt|p2a: Charizard\n|-resisted|p2a: Charizard\n|-damage|p2a: Charizard|0 fnt\n|faint|p2a: Charizard\n|\n|upkeep\n|\n|t:|1699896836\n|switch|p2a: Gengar|Gengar, M|100\/100\n|turn|12\n|\n|t:|1699896841\n|move|p2a: Gengar|Sludge Bomb|p1a: Vikavolt\n|-damage|p1a: Vikavolt|0 fnt\n|faint|p1a: Vikavolt\n|\n|upkeep\n|\n|t:|1699896845\n|switch|p1a: Mr. Rime|Mr. Rime, M|100\/100\n|turn|13\n|\n|t:|1699896850\n|move|p2a: Gengar|Shadow Ball|p1a: Mr. Rime\n|-supereffective|p1a: Mr. Rime\n|-damage|p1a: Mr. Rime|19\/100\n|move|p1a: Mr. Rime|Rapid Spin|p2a: Gengar\n|-immune|p2a: Gengar\n|\n|upkeep\n|turn|14\n|l|\u2606Khyleuytrf\n|player|p1|\n|inactive|Battle timer is ON: inactive players will automatically lose when time's up. (requested by Velocitar32)\n|inactive|Khyleuytrf has 30 seconds to reconnect!\n|inactive|Khyleuytrf has 20 seconds to reconnect!\n|inactive|Khyleuytrf has 15 seconds to reconnect!\n|inactive|Khyleuytrf has 10 seconds to reconnect!\n|inactive|Khyleuytrf has 5 seconds to reconnect!\n|-message|Khyleuytrf lost due to inactivity.\n|\n|win|Velocitar32\n|raw|Khyleuytrf's rating: 1077 &rarr; <strong>1054<\/strong><br \/>(-23 for losing)\n|raw|Velocitar32's rating: 1054 &rarr; <strong>1088<\/strong><br \/>(+34 for winning)\n","uploadtime":1699896977,"views":9,"p1id":"khyleuytrf","p2id":"velocitar32","formatid":"gen9nationaldex","rating":1054,"private":0,"password":""}