{"id":"gen9nationaldex-2000321091","p1":"drkoda","p2":"INVINCIBLE_3412","format":"[Gen 9] National Dex","log":"|html|<div class=\"broadcast-blue\"><strong>[Gen 9] National Dex is currently suspecting Sneasler! For information on how to participate check out the <a href=\"https:\/\/www.smogon.com\/forums\/threads\/sv-national-dex-suspect-8-just-dance.3731534\/\">suspect thread<\/a>.<\/strong><\/div>\n|j|\u2606drkoda\n|j|\u2606INVINCIBLE_3412\n|t:|1701184738\n|gametype|singles\n|player|p1|drkoda|2|1089\n|player|p2|INVINCIBLE_3412|101|1090\n|teamsize|p1|6\n|teamsize|p2|6\n|gen|9\n|tier|[Gen 9] National Dex\n|rated|\n|rule|HP Percentage Mod: HP is shown in percentages\n|rule|Endless Battle Clause: Forcing endless battles is banned\n|rule|OHKO Clause: OHKO moves are banned\n|rule|Evasion Clause: Evasion abilities, items, and moves are banned\n|rule|Evasion Abilities Clause: Evasion abilities are banned\n|rule|Evasion Items Clause: Evasion items are banned\n|rule|Evasion Moves Clause: Evasion moves are banned\n|rule|Species Clause: Limit one of each Pok\u00e9mon\n|rule|Sleep Clause Mod: Limit one foe put to sleep\n|clearpoke\n|poke|p1|Galvantula, F|\n|poke|p1|Zoroark-Hisui, F|\n|poke|p1|Muk-Alola, F|\n|poke|p1|Torkoal, M|\n|poke|p1|Venusaur, M|\n|poke|p1|Empoleon, F|\n|poke|p2|Ferrothorn, M|\n|poke|p2|Sableye, F|\n|poke|p2|Charizard, F|\n|poke|p2|Garchomp, M|\n|poke|p2|Greninja-*, F|\n|poke|p2|Heatran, M|\n|teampreview\n|\n|t:|1701184747\n|start\n|switch|p1a: Galvantula|Galvantula, F|100\/100\n|switch|p2a: Ferrothorn|Ferrothorn, M|100\/100\n|turn|1\n|inactive|Battle timer is ON: inactive players will automatically lose when time's up. (requested by INVINCIBLE_3412)\n|\n|t:|1701184754\n|move|p1a: Galvantula|Sticky Web|p2a: Ferrothorn\n|-sidestart|p2: INVINCIBLE_3412|move: Sticky Web\n|move|p2a: Ferrothorn|Curse|p2a: Ferrothorn\n|-unboost|p2a: Ferrothorn|spe|1\n|-boost|p2a: Ferrothorn|atk|1\n|-boost|p2a: Ferrothorn|def|1\n|\n|upkeep\n|turn|2\n|\n|t:|1701184762\n|move|p1a: Galvantula|Thunder Wave|p2a: Ferrothorn|[miss]\n|-miss|p1a: Galvantula|p2a: Ferrothorn\n|move|p2a: Ferrothorn|Curse|p2a: Ferrothorn\n|-unboost|p2a: Ferrothorn|spe|1\n|-boost|p2a: Ferrothorn|atk|1\n|-boost|p2a: Ferrothorn|def|1\n|\n|upkeep\n|turn|3\n|\n|t:|1701184769\n|move|p1a: Galvantula|Thunder Wave|p2a: Ferrothorn\n|-status|p2a: Ferrothorn|par\n|move|p2a: Ferrothorn|Gyro Ball|p1a: Galvantula\n|-resisted|p1a: Galvantula\n|-damage|p1a: Galvantula|6\/100\n|\n|upkeep\n|turn|4\n|\n|t:|1701184777\n|move|p1a: Galvantula|Bug Buzz|p2a: Ferrothorn\n|-damage|p2a: Ferrothorn|55\/100 par\n|move|p2a: Ferrothorn|Leech Seed|p1a: Galvantula\n|-start|p1a: Galvantula|move: Leech Seed\n|\n|-heal|p2a: Ferrothorn|61\/100 par|[from] item: Leftovers\n|-damage|p1a: Galvantula|0 fnt|[from] Leech Seed|[of] p2a: Ferrothorn\n|-heal|p2a: Ferrothorn|67\/100 par|[silent]\n|faint|p1a: Galvantula\n|upkeep\n|\n|t:|1701184783\n|switch|p1a: Muk|Muk-Alola, F|100\/100\n|turn|5\n|\n|t:|1701184789\n|replace|p1a: Zoroark|Zoroark-Hisui, F\n|-end|p1a: Zoroark|Illusion\n|-zpower|p1a: Zoroark\n|move|p1a: Zoroark|Inferno Overdrive|p2a: Ferrothorn|[zeffect]\n|-supereffective|p2a: Ferrothorn\n|-damage|p2a: Ferrothorn|0 fnt\n|faint|p2a: Ferrothorn\n|\n|upkeep\n|\n|t:|1701184798\n|switch|p2a: Sableye|Sableye, F|100\/100\n|-activate|p2a: Sableye|move: Sticky Web\n|-unboost|p2a: Sableye|spe|1\n|turn|6\n|\n|t:|1701184804\n|move|p2a: Sableye|Toxic|p1a: Zoroark\n|-status|p1a: Zoroark|tox\n|move|p1a: Zoroark|Nasty Plot|p1a: Zoroark\n|-boost|p1a: Zoroark|spa|2\n|\n|-damage|p1a: Zoroark|95\/100 tox|[from] psn\n|upkeep\n|turn|7\n|\n|t:|1701184811\n|move|p2a: Sableye|Reflect|p2a: Sableye\n|-sidestart|p2: INVINCIBLE_3412|Reflect\n|move|p1a: Zoroark|Shadow Ball|p2a: Sableye\n|-damage|p2a: Sableye|0 fnt\n|faint|p2a: Sableye\n|\n|-damage|p1a: Zoroark|83\/100 tox|[from] psn\n|upkeep\n|\n|t:|1701184825\n|switch|p2a: Greninja|Greninja, F|100\/100\n|-activate|p2a: Greninja|move: Sticky Web\n|-unboost|p2a: Greninja|spe|1\n|turn|8\n|\n|t:|1701184831\n|move|p2a: Greninja|Water Shuriken|p1a: Zoroark\n|-start|p2a: Greninja|typechange|Water|[from] ability: Protean\n|-damage|p1a: Zoroark|73\/100 tox\n|-damage|p1a: Zoroark|61\/100 tox\n|-damage|p1a: Zoroark|50\/100 tox\n|-damage|p1a: Zoroark|39\/100 tox\n|-hitcount|p1a: Zoroark|4\n|move|p1a: Zoroark|Grass Knot|p2a: Greninja\n|-supereffective|p2a: Greninja\n|-damage|p2a: Greninja|0 fnt\n|faint|p2a: Greninja\n|\n|-damage|p1a: Zoroark|21\/100 tox|[from] psn\n|upkeep\n|\n|t:|1701184852\n|switch|p2a: Garchomp|Garchomp, M|100\/100\n|-activate|p2a: Garchomp|move: Sticky Web\n|-unboost|p2a: Garchomp|spe|1\n|turn|9\n|\n|t:|1701184858\n|move|p1a: Zoroark|Grass Knot|p2a: Garchomp\n|-damage|p2a: Garchomp|42\/100\n|-damage|p1a: Zoroark|8\/100 tox|[from] ability: Rough Skin|[of] p2a: Garchomp\n|move|p2a: Garchomp|Earthquake|p1a: Zoroark\n|-damage|p1a: Zoroark|0 fnt\n|faint|p1a: Zoroark\n|\n|-heal|p2a: Garchomp|49\/100|[from] item: Leftovers\n|upkeep\n|\n|t:|1701184863\n|switch|p1a: Empoleon|Empoleon, F|100\/100\n|turn|10\n|\n|t:|1701184875\n|move|p2a: Garchomp|Earthquake|p1a: Empoleon\n|-supereffective|p1a: Empoleon\n|-damage|p1a: Empoleon|17\/100\n|move|p1a: Empoleon|Surf|p2a: Garchomp\n|-damage|p2a: Garchomp|8\/100\n|\n|-heal|p2a: Garchomp|14\/100|[from] item: Leftovers\n|-heal|p1a: Empoleon|23\/100|[from] item: Leftovers\n|upkeep\n|turn|11\n|\n|t:|1701184886\n|switch|p1a: Venusaur|Venusaur, M|100\/100\n|move|p2a: Garchomp|Earthquake|p1a: Venusaur\n|-damage|p1a: Venusaur|28\/100\n|\n|-heal|p1a: Venusaur|34\/100|[from] item: Black Sludge\n|-heal|p2a: Garchomp|21\/100|[from] item: Leftovers\n|-sideend|p2: INVINCIBLE_3412|Reflect\n|upkeep\n|turn|12\n|\n|t:|1701184899\n|move|p1a: Venusaur|Giga Drain|p2a: Garchomp\n|-damage|p2a: Garchomp|0 fnt\n|-heal|p1a: Venusaur|46\/100|[from] drain|[of] p2a: Garchomp\n|faint|p2a: Garchomp\n|\n|-heal|p1a: Venusaur|52\/100|[from] item: Black Sludge\n|upkeep\n|\n|t:|1701184906\n|switch|p2a: Heatran|Heatran, M|100\/100\n|-activate|p2a: Heatran|move: Sticky Web\n|-unboost|p2a: Heatran|spe|1\n|turn|13\n|\n|t:|1701184921\n|switch|p1a: Muk|Muk-Alola, F|100\/100\n|move|p2a: Heatran|Earthquake|p1a: Muk\n|-supereffective|p1a: Muk\n|-damage|p1a: Muk|50\/100\n|\n|upkeep\n|turn|14\n|\n|t:|1701184929\n|-terastallize|p1a: Muk|Dark\n|move|p1a: Muk|Drain Punch|p2a: Heatran\n|-supereffective|p2a: Heatran\n|-damage|p2a: Heatran|71\/100\n|-heal|p1a: Muk|62\/100|[from] drain|[of] p2a: Heatran\n|-status|p1a: Muk|brn|[from] ability: Flame Body|[of] p2a: Heatran\n|move|p2a: Heatran|Earthquake|p1a: Muk\n|-damage|p1a: Muk|35\/100 brn\n|\n|-heal|p2a: Heatran|78\/100|[from] item: Leftovers\n|-damage|p1a: Muk|29\/100 brn|[from] brn\n|upkeep\n|turn|15\n|\n|t:|1701184943\n|move|p1a: Muk|Rock Tomb|p2a: Heatran\n|-damage|p2a: Heatran|72\/100\n|-unboost|p2a: Heatran|spe|1\n|move|p2a: Heatran|Heavy Slam|p1a: Muk\n|-damage|p1a: Muk|0 fnt\n|faint|p1a: Muk\n|\n|-heal|p2a: Heatran|79\/100|[from] item: Leftovers\n|upkeep\n|\n|t:|1701184950\n|switch|p1a: Torkoal|Torkoal, M|100\/100\n|-weather|SunnyDay|[from] ability: Drought|[of] p1a: Torkoal\n|turn|16\n|\n|t:|1701184956\n|move|p2a: Heatran|Earthquake|p1a: Torkoal\n|-supereffective|p1a: Torkoal\n|-damage|p1a: Torkoal|56\/100\n|move|p1a: Torkoal|Yawn|p2a: Heatran\n|-start|p2a: Heatran|move: Yawn|[of] p1a: Torkoal\n|\n|-weather|SunnyDay|[upkeep]\n|-heal|p2a: Heatran|85\/100|[from] item: Leftovers\n|upkeep\n|turn|17\n|\n|t:|1701184965\n|switch|p1a: Venusaur|Venusaur, M|52\/100\n|move|p2a: Heatran|Earthquake|p1a: Venusaur\n|-damage|p1a: Venusaur|18\/100\n|\n|-weather|SunnyDay|[upkeep]\n|-heal|p1a: Venusaur|24\/100|[from] item: Black Sludge\n|-heal|p2a: Heatran|91\/100|[from] item: Leftovers\n|-end|p2a: Heatran|move: Yawn|[silent]\n|-status|p2a: Heatran|slp\n|upkeep\n|turn|18\n|\n|t:|1701184976\n|move|p1a: Venusaur|Giga Drain|p2a: Heatran\n|-resisted|p2a: Heatran\n|-damage|p2a: Heatran|82\/100 slp\n|-heal|p1a: Venusaur|29\/100|[from] drain|[of] p2a: Heatran\n|cant|p2a: Heatran|slp\n|\n|-weather|SunnyDay|[upkeep]\n|-heal|p1a: Venusaur|35\/100|[from] item: Black Sludge\n|-heal|p2a: Heatran|88\/100 slp|[from] item: Leftovers\n|upkeep\n|turn|19\n|\n|t:|1701184985\n|move|p1a: Venusaur|Giga Drain|p2a: Heatran\n|-resisted|p2a: Heatran\n|-damage|p2a: Heatran|80\/100 slp\n|-heal|p1a: Venusaur|40\/100|[from] drain|[of] p2a: Heatran\n|cant|p2a: Heatran|slp\n|\n|-weather|SunnyDay|[upkeep]\n|-heal|p1a: Venusaur|46\/100|[from] item: Black Sludge\n|-heal|p2a: Heatran|86\/100 slp|[from] item: Leftovers\n|upkeep\n|turn|20\n|\n|t:|1701184994\n|move|p1a: Venusaur|Giga Drain|p2a: Heatran\n|-resisted|p2a: Heatran\n|-damage|p2a: Heatran|77\/100 slp\n|-heal|p1a: Venusaur|51\/100|[from] drain|[of] p2a: Heatran\n|-curestatus|p2a: Heatran|slp|[msg]\n|move|p2a: Heatran|Heavy Slam|p1a: Venusaur\n|-damage|p1a: Venusaur|0 fnt\n|faint|p1a: Venusaur\n|\n|-weather|SunnyDay|[upkeep]\n|-heal|p2a: Heatran|83\/100|[from] item: Leftovers\n|upkeep\n|\n|t:|1701185005\n|switch|p1a: Torkoal|Torkoal, M|56\/100\n|turn|21\n|\n|t:|1701185010\n|move|p2a: Heatran|Earthquake|p1a: Torkoal\n|-supereffective|p1a: Torkoal\n|-damage|p1a: Torkoal|15\/100\n|move|p1a: Torkoal|Yawn|p2a: Heatran\n|-start|p2a: Heatran|move: Yawn|[of] p1a: Torkoal\n|\n|-weather|SunnyDay|[upkeep]\n|-heal|p2a: Heatran|89\/100|[from] item: Leftovers\n|upkeep\n|turn|22\n|\n|t:|1701185019\n|move|p2a: Heatran|Earthquake|p1a: Torkoal\n|-supereffective|p1a: Torkoal\n|-damage|p1a: Torkoal|0 fnt\n|faint|p1a: Torkoal\n|\n|-weather|SunnyDay|[upkeep]\n|-heal|p2a: Heatran|96\/100|[from] item: Leftovers\n|-end|p2a: Heatran|move: Yawn|[silent]\n|-status|p2a: Heatran|slp\n|upkeep\n|\n|t:|1701185026\n|switch|p1a: Empoleon|Empoleon, F|23\/100\n|turn|23\n|\n|t:|1701185033\n|move|p1a: Empoleon|Roost|p1a: Empoleon\n|-heal|p1a: Empoleon|73\/100\n|-singleturn|p1a: Empoleon|move: Roost\n|cant|p2a: Heatran|slp\n|\n|-weather|none\n|-heal|p1a: Empoleon|79\/100|[from] item: Leftovers\n|-heal|p2a: Heatran|100\/100 slp|[from] item: Leftovers\n|upkeep\n|turn|24\n|\n|t:|1701185041\n|move|p1a: Empoleon|Surf|p2a: Heatran\n|-supereffective|p2a: Heatran\n|-damage|p2a: Heatran|34\/100 slp\n|-curestatus|p2a: Heatran|slp|[msg]\n|move|p2a: Heatran|Earthquake|p1a: Empoleon\n|-supereffective|p1a: Empoleon\n|-damage|p1a: Empoleon|31\/100\n|\n|-heal|p1a: Empoleon|37\/100|[from] item: Leftovers\n|-heal|p2a: Heatran|40\/100|[from] item: Leftovers\n|upkeep\n|turn|25\n|\n|t:|1701185054\n|move|p1a: Empoleon|Surf|p2a: Heatran\n|-supereffective|p2a: Heatran\n|-damage|p2a: Heatran|0 fnt\n|faint|p2a: Heatran\n|\n|-heal|p1a: Empoleon|44\/100|[from] item: Leftovers\n|upkeep\n|\n|t:|1701185060\n|switch|p2a: Charizard|Charizard, F|100\/100\n|turn|26\n|\n|t:|1701185065\n|move|p2a: Charizard|Sunny Day|p2a: Charizard\n|-weather|SunnyDay\n|move|p1a: Empoleon|Surf|p2a: Charizard\n|-supereffective|p2a: Charizard\n|-damage|p2a: Charizard|52\/100\n|\n|-weather|SunnyDay|[upkeep]\n|-heal|p1a: Empoleon|50\/100|[from] item: Leftovers\n|upkeep\n|turn|27\n|\n|t:|1701185072\n|move|p2a: Charizard|Solar Beam||[still]\n|-prepare|p2a: Charizard|Solar Beam\n|-anim|p2a: Charizard|Solar Beam|p1a: Empoleon\n|-damage|p1a: Empoleon|25\/100\n|move|p1a: Empoleon|Roost|p1a: Empoleon\n|-heal|p1a: Empoleon|75\/100\n|-singleturn|p1a: Empoleon|move: Roost\n|\n|-weather|SunnyDay|[upkeep]\n|-heal|p1a: Empoleon|82\/100|[from] item: Leftovers\n|upkeep\n|turn|28\n|\n|t:|1701185092\n|move|p2a: Charizard|Ancient Power|p1a: Empoleon\n|-resisted|p1a: Empoleon\n|-damage|p1a: Empoleon|76\/100\n|move|p1a: Empoleon|Surf|p2a: Charizard\n|-supereffective|p2a: Charizard\n|-damage|p2a: Charizard|6\/100\n|\n|-weather|SunnyDay|[upkeep]\n|-heal|p1a: Empoleon|82\/100|[from] item: Leftovers\n|upkeep\n|turn|29\n|\n|t:|1701185100\n|move|p2a: Charizard|Solar Beam||[still]\n|-prepare|p2a: Charizard|Solar Beam\n|-anim|p2a: Charizard|Solar Beam|p1a: Empoleon\n|-damage|p1a: Empoleon|60\/100\n|move|p1a: Empoleon|Surf|p2a: Charizard\n|-supereffective|p2a: Charizard\n|-damage|p2a: Charizard|0 fnt\n|faint|p2a: Charizard\n|\n|win|drkoda\n|raw|drkoda's rating: 1089 &rarr; <strong>1116<\/strong><br \/>(+27 for winning)\n|raw|INVINCIBLE_3412's rating: 1090 &rarr; <strong>1066<\/strong><br \/>(-24 for losing)\n","uploadtime":1701185113,"views":6,"p1id":"drkoda","p2id":"invincible3412","formatid":"gen9nationaldex","rating":1066,"private":0,"password":""}