{"id":"gen9nationaldex-1991801379","p1":"kapukokokikokiko","p2":"concainit123","format":"[Gen 9] National Dex","log":"|j|\u2606kapukokokikokiko\n|j|\u2606concainit123\n|t:|1700119934\n|gametype|singles\n|player|p1|kapukokokikokiko|roxie|1125\n|player|p2|concainit123|1|1053\n|teamsize|p1|6\n|teamsize|p2|6\n|gen|9\n|tier|[Gen 9] National Dex\n|rated|\n|rule|HP Percentage Mod: HP is shown in percentages\n|rule|Endless Battle Clause: Forcing endless battles is banned\n|rule|OHKO Clause: OHKO moves are banned\n|rule|Evasion Clause: Evasion abilities, items, and moves are banned\n|rule|Evasion Abilities Clause: Evasion abilities are banned\n|rule|Evasion Items Clause: Evasion items are banned\n|rule|Evasion Moves Clause: Evasion moves are banned\n|rule|Species Clause: Limit one of each Pok\u00e9mon\n|rule|Sleep Clause Mod: Limit one foe put to sleep\n|clearpoke\n|poke|p1|Ampharos, F|\n|poke|p1|Gogoat, M|\n|poke|p1|Dubwool, M|\n|poke|p1|Whimsicott, M|\n|poke|p1|Cobalion|\n|poke|p1|Houndstone, M|\n|poke|p2|Ditto|\n|poke|p2|Blissey, F|\n|poke|p2|Cloyster, F|\n|poke|p2|Pyukumuku, F|\n|poke|p2|Toxapex, M|\n|poke|p2|Celesteela|\n|teampreview\n|\n|t:|1700119940\n|start\n|switch|p1a: \u767d\u7f8a\u5bab|Whimsicott, M, shiny|100\/100\n|switch|p2a: Celesteela|Celesteela, shiny|100\/100\n|turn|1\n|inactive|Battle timer is ON: inactive players will automatically lose when time's up. (requested by kapukokokikokiko)\n|\n|t:|1700119951\n|move|p1a: \u767d\u7f8a\u5bab|Light Screen|p1a: \u767d\u7f8a\u5bab\n|-sidestart|p1: kapukokokikokiko|move: Light Screen\n|move|p2a: Celesteela|Leech Seed|p1a: \u767d\u7f8a\u5bab\n|-immune|p1a: \u767d\u7f8a\u5bab\n|\n|upkeep\n|turn|2\n|\n|t:|1700119957\n|-terastallize|p2a: Celesteela|Steel\n|move|p1a: \u767d\u7f8a\u5bab|Encore|p2a: Celesteela\n|-start|p2a: Celesteela|Encore\n|move|p2a: Celesteela|Leech Seed|p1a: \u767d\u7f8a\u5bab\n|-immune|p1a: \u767d\u7f8a\u5bab\n|\n|upkeep\n|turn|3\n|\n|t:|1700119973\n|switch|p1a: \u8349\u7f8a|Gogoat, M, shiny|100\/100\n|switch|p2a: Pyukumuku|Pyukumuku, F, shiny|100\/100\n|\n|upkeep\n|turn|4\n|\n|t:|1700119983\n|move|p1a: \u8349\u7f8a|Bulk Up|p1a: \u8349\u7f8a\n|-boost|p1a: \u8349\u7f8a|atk|1\n|-boost|p1a: \u8349\u7f8a|def|1\n|move|p2a: Pyukumuku|Toxic|p1a: \u8349\u7f8a\n|-status|p1a: \u8349\u7f8a|tox\n|\n|-damage|p1a: \u8349\u7f8a|94\/100 tox|[from] psn\n|upkeep\n|turn|5\n|\n|t:|1700120001\n|move|p1a: \u8349\u7f8a|Horn Leech|p2a: Pyukumuku\n|-supereffective|p2a: Pyukumuku\n|-damage|p2a: Pyukumuku|58\/100\n|-heal|p1a: \u8349\u7f8a|100\/100 tox|[from] drain|[of] p2a: Pyukumuku\n|move|p2a: Pyukumuku|Water Sport|p2a: Pyukumuku\n|-fieldstart|move: Water Sport|[of] p2a: Pyukumuku\n|\n|-heal|p2a: Pyukumuku|65\/100|[from] item: Leftovers\n|-damage|p1a: \u8349\u7f8a|88\/100 tox|[from] psn\n|-sideend|p1: kapukokokikokiko|move: Light Screen\n|upkeep\n|turn|6\n|\n|t:|1700120018\n|move|p1a: \u8349\u7f8a|Horn Leech|p2a: Pyukumuku\n|-supereffective|p2a: Pyukumuku\n|-damage|p2a: Pyukumuku|20\/100\n|-heal|p1a: \u8349\u7f8a|100\/100 tox|[from] drain|[of] p2a: Pyukumuku\n|move|p2a: Pyukumuku|Recover|p2a: Pyukumuku\n|-heal|p2a: Pyukumuku|70\/100\n|\n|-heal|p2a: Pyukumuku|76\/100|[from] item: Leftovers\n|-damage|p1a: \u8349\u7f8a|82\/100 tox|[from] psn\n|upkeep\n|turn|7\n|inactive|kapukokokikokiko has 120 seconds left.\n|\n|t:|1700120039\n|switch|p1a: \u94a2\u7f8a|Cobalion, shiny|100\/100\n|move|p2a: Pyukumuku|Recover|p2a: Pyukumuku\n|-heal|p2a: Pyukumuku|100\/100\n|\n|upkeep\n|turn|8\n|\n|t:|1700120050\n|move|p1a: \u94a2\u7f8a|Stealth Rock|p2a: Pyukumuku\n|-sidestart|p2: concainit123|move: Stealth Rock\n|move|p2a: Pyukumuku|Soak|p1a: \u94a2\u7f8a\n|-start|p1a: \u94a2\u7f8a|typechange|Water\n|\n|upkeep\n|turn|9\n|\n|t:|1700120060\n|move|p1a: \u94a2\u7f8a|Iron Head|p2a: Pyukumuku\n|-resisted|p2a: Pyukumuku\n|-damage|p2a: Pyukumuku|89\/100\n|-damage|p1a: \u94a2\u7f8a|91\/100|[from] item: Life Orb\n|cant|p2a: Pyukumuku|flinch\n|\n|-heal|p2a: Pyukumuku|95\/100|[from] item: Leftovers\n|-fieldend|move: Water Sport\n|upkeep\n|turn|10\n|inactive|kapukokokikokiko has 120 seconds left.\n|\n|t:|1700120080\n|switch|p1a: \u767d\u7f8a\u5bab|Whimsicott, M, shiny|100\/100\n|move|p2a: Pyukumuku|Toxic|p1a: \u767d\u7f8a\u5bab\n|-status|p1a: \u767d\u7f8a\u5bab|tox\n|\n|-heal|p2a: Pyukumuku|100\/100|[from] item: Leftovers\n|-damage|p1a: \u767d\u7f8a\u5bab|94\/100 tox|[from] psn\n|upkeep\n|turn|11\n|\n|t:|1700120090\n|move|p1a: \u767d\u7f8a\u5bab|Toxic|p2a: Pyukumuku|[miss]\n|-miss|p1a: \u767d\u7f8a\u5bab|p2a: Pyukumuku\n|move|p2a: Pyukumuku|Water Sport|p2a: Pyukumuku\n|-fieldstart|move: Water Sport|[of] p2a: Pyukumuku\n|\n|-damage|p1a: \u767d\u7f8a\u5bab|82\/100 tox|[from] psn\n|upkeep\n|turn|12\n|\n|t:|1700120106\n|switch|p2a: Celesteela|Celesteela, shiny, tera:Steel|100\/100\n|-damage|p2a: Celesteela|94\/100|[from] Stealth Rock\n|move|p1a: \u767d\u7f8a\u5bab|Toxic|p2a: Celesteela\n|-immune|p2a: Celesteela\n|\n|-heal|p2a: Celesteela|100\/100|[from] item: Leftovers\n|-damage|p1a: \u767d\u7f8a\u5bab|64\/100 tox|[from] psn\n|upkeep\n|turn|13\n|\n|t:|1700120120\n|move|p1a: \u767d\u7f8a\u5bab|Light Screen|p1a: \u767d\u7f8a\u5bab\n|-sidestart|p1: kapukokokikokiko|move: Light Screen\n|move|p2a: Celesteela|Flamethrower|p1a: \u767d\u7f8a\u5bab\n|-supereffective|p1a: \u767d\u7f8a\u5bab\n|-crit|p1a: \u767d\u7f8a\u5bab\n|-damage|p1a: \u767d\u7f8a\u5bab|12\/100 tox\n|\n|-damage|p1a: \u767d\u7f8a\u5bab|0 fnt|[from] psn\n|faint|p1a: \u767d\u7f8a\u5bab\n|upkeep\n|\n|t:|1700120137\n|switch|p1a: \u7535\u7f8a|Ampharos, F|100\/100\n|turn|14\n|\n|t:|1700120143\n|switch|p2a: Blissey|Blissey, F, shiny|100\/100\n|-damage|p2a: Blissey|88\/100|[from] Stealth Rock\n|detailschange|p1a: \u7535\u7f8a|Ampharos-Mega, F\n|-mega|p1a: \u7535\u7f8a|Ampharos|Ampharosite\n|-ability|p1a: \u7535\u7f8a|Mold Breaker\n|move|p1a: \u7535\u7f8a|Cotton Guard|p1a: \u7535\u7f8a\n|-boost|p1a: \u7535\u7f8a|def|3\n|\n|upkeep\n|turn|15\n|inactive|concainit123 has 120 seconds left.\n|\n|t:|1700120184\n|move|p2a: Blissey|Wish|p2a: Blissey\n|move|p1a: \u7535\u7f8a|Focus Blast|p2a: Blissey\n|-supereffective|p2a: Blissey\n|-damage|p2a: Blissey|59\/100\n|\n|-fieldend|move: Water Sport\n|upkeep\n|turn|16\n|\n|t:|1700120203\n|switch|p1a: \u8089\u7f8a|Dubwool, M|100\/100\n|move|p2a: Blissey|Seismic Toss|p1a: \u8089\u7f8a\n|-damage|p1a: \u8089\u7f8a|72\/100\n|\n|-heal|p2a: Blissey|100\/100|[from] move: Wish|[wisher] Blissey\n|upkeep\n|turn|17\n|inactive|concainit123 has 120 seconds left.\n|inactive|kapukokokikokiko has 120 seconds left.\n|\n|t:|1700120220\n|switch|p2a: Ditto|Ditto, shiny|100\/100\n|-damage|p2a: Ditto|88\/100|[from] Stealth Rock\n|-transform|p2a: Ditto|p1a: \u8089\u7f8a|[from] ability: Imposter\n|-terastallize|p1a: \u8089\u7f8a|Ghost\n|move|p1a: \u8089\u7f8a|Thunder Wave|p2a: Ditto\n|-status|p2a: Ditto|par\n|\n|-sideend|p1: kapukokokikokiko|move: Light Screen\n|upkeep\n|turn|18\n|inactive|concainit123 has 120 seconds left.\n|inactive|kapukokokikokiko has 120 seconds left.\n|\n|t:|1700120238\n|move|p1a: \u8089\u7f8a|Substitute|p1a: \u8089\u7f8a\n|-start|p1a: \u8089\u7f8a|Substitute\n|-damage|p1a: \u8089\u7f8a|47\/100\n|cant|p2a: Ditto|par\n|\n|upkeep\n|turn|19\n|inactive|kapukokokikokiko has 120 seconds left.\n|inactive|concainit123 has 120 seconds left.\n|\n|t:|1700120258\n|move|p1a: \u8089\u7f8a|Cotton Guard|p1a: \u8089\u7f8a\n|-boost|p1a: \u8089\u7f8a|def|3\n|move|p2a: Ditto|Body Press|p1a: \u8089\u7f8a\n|-immune|p1a: \u8089\u7f8a\n|\n|upkeep\n|turn|20\n|\n|t:|1700120265\n|move|p1a: \u8089\u7f8a|Cotton Guard|p1a: \u8089\u7f8a\n|-boost|p1a: \u8089\u7f8a|def|3\n|cant|p2a: Ditto|par\n|\n|upkeep\n|turn|21\n|inactive|concainit123 has 120 seconds left.\n|\n|t:|1700120271\n|move|p1a: \u8089\u7f8a|Body Press|p2a: Ditto\n|-supereffective|p2a: Ditto\n|-damage|p2a: Ditto|0 fnt\n|faint|p2a: Ditto\n|\n|upkeep\n|inactive|concainit123 has 120 seconds left.\n|\n|t:|1700120279\n|switch|p2a: Celesteela|Celesteela, shiny, tera:Steel|100\/100\n|-damage|p2a: Celesteela|94\/100|[from] Stealth Rock\n|turn|22\n|\n|t:|1700120287\n|move|p1a: \u8089\u7f8a|Body Press|p2a: Celesteela\n|-supereffective|p2a: Celesteela\n|-damage|p2a: Celesteela|0 fnt\n|faint|p2a: Celesteela\n|\n|upkeep\n|inactive|concainit123 has 120 seconds left.\n|\n|t:|1700120297\n|switch|p2a: Cloyster|Cloyster, F, shiny|100\/100\n|-damage|p2a: Cloyster|76\/100|[from] Stealth Rock\n|turn|23\n|\n|t:|1700120303\n|move|p2a: Cloyster|Icicle Spear|p1a: \u8089\u7f8a\n|-activate|p1a: \u8089\u7f8a|move: Substitute|[damage]\n|-activate|p1a: \u8089\u7f8a|move: Substitute|[damage]\n|-activate|p1a: \u8089\u7f8a|move: Substitute|[damage]\n|-activate|p1a: \u8089\u7f8a|move: Substitute|[damage]\n|-activate|p1a: \u8089\u7f8a|move: Substitute|[damage]\n|-hitcount|p1a: \u8089\u7f8a|5\n|move|p1a: \u8089\u7f8a|Body Press|p2a: Cloyster\n|-supereffective|p2a: Cloyster\n|-damage|p2a: Cloyster|0 fnt\n|faint|p2a: Cloyster\n|\n|upkeep\n|inactive|concainit123 has 120 seconds left.\n|\n|t:|1700120316\n|switch|p2a: Blissey|Blissey, F, shiny|100\/100\n|-damage|p2a: Blissey|88\/100|[from] Stealth Rock\n|turn|24\n|\n|t:|1700120321\n|move|p1a: \u8089\u7f8a|Body Press|p2a: Blissey\n|-supereffective|p2a: Blissey\n|-damage|p2a: Blissey|0 fnt\n|faint|p2a: Blissey\n|\n|upkeep\n|\n|t:|1700120327\n|switch|p2a: Pyukumuku|Pyukumuku, F, shiny|100\/100\n|-damage|p2a: Pyukumuku|88\/100|[from] Stealth Rock\n|turn|25\n|\n|t:|1700120333\n|move|p1a: \u8089\u7f8a|Thunder Wave|p2a: Pyukumuku|[miss]\n|-miss|p1a: \u8089\u7f8a|p2a: Pyukumuku\n|move|p2a: Pyukumuku|Water Sport|p2a: Pyukumuku\n|-fieldstart|move: Water Sport|[of] p2a: Pyukumuku\n|\n|-heal|p2a: Pyukumuku|94\/100|[from] item: Leftovers\n|upkeep\n|turn|26\n|inactive|concainit123 has 120 seconds left.\n|inactive|concainit123 has 90 seconds left.\n|inactive|concainit123 has 60 seconds left.\n|inactive|concainit123 has 30 seconds left.\n|inactive|concainit123 has 20 seconds left.\n|inactive|concainit123 has 15 seconds left.\n|inactive|concainit123 has 10 seconds left.\n|inactive|concainit123 has 5 seconds left.\n|\n|t:|1700120473\n|move|p1a: \u8089\u7f8a|Thunder Wave|p2a: Pyukumuku\n|-status|p2a: Pyukumuku|par\n|move|p2a: Pyukumuku|Recover|p2a: Pyukumuku\n|-heal|p2a: Pyukumuku|100\/100 par\n|\n|upkeep\n|turn|27\n|inactive|concainit123 has 15 seconds left this turn.\n|inactive|concainit123 has 10 seconds left.\n|inactive|concainit123 has 5 seconds left.\n|-message|concainit123 lost due to inactivity.\n|\n|win|kapukokokikokiko\n|raw|kapukokokikokiko's rating: 1125 &rarr; <strong>1145<\/strong><br \/>(+20 for winning)\n|raw|concainit123's rating: 1053 &rarr; <strong>1039<\/strong><br \/>(-14 for losing)\n","uploadtime":1700120521,"views":4,"p1id":"kapukokokikokiko","p2id":"concainit123","formatid":"gen9nationaldex","rating":1039,"private":0,"password":""}