{"id":"gen9nationaldex-1992953875","p1":"mannmilk","p2":"Umbersoma","format":"[Gen 9] National Dex","log":"|j|\u2606mannmilk\n|j|\u2606Umbersoma\n|t:|1700249897\n|gametype|singles\n|player|p1|mannmilk|clown|1167\n|player|p2|Umbersoma|169|1077\n|teamsize|p1|6\n|teamsize|p2|6\n|gen|9\n|tier|[Gen 9] National Dex\n|rated|\n|rule|HP Percentage Mod: HP is shown in percentages\n|rule|Endless Battle Clause: Forcing endless battles is banned\n|rule|OHKO Clause: OHKO moves are banned\n|rule|Evasion Clause: Evasion abilities, items, and moves are banned\n|rule|Evasion Abilities Clause: Evasion abilities are banned\n|rule|Evasion Items Clause: Evasion items are banned\n|rule|Evasion Moves Clause: Evasion moves are banned\n|rule|Species Clause: Limit one of each Pok\u00e9mon\n|rule|Sleep Clause Mod: Limit one foe put to sleep\n|clearpoke\n|poke|p1|Togekiss, F|\n|poke|p1|Dusknoir, M|\n|poke|p1|Hoopa-Unbound|\n|poke|p1|Banette, M|\n|poke|p1|Lickilicky, M|\n|poke|p1|Rabsca, M|\n|poke|p2|Meowstic, M|\n|poke|p2|Hatterene, F|\n|poke|p2|Infernape, F|\n|poke|p2|Moltres-Galar|\n|poke|p2|Sharpedo, M|\n|poke|p2|Serperior, M|\n|teampreview\n|\n|t:|1700249930\n|start\n|switch|p1a: DOOMSDAY|Lickilicky, M, shiny|100\/100\n|switch|p2a: Infernape|Infernape, F, shiny|100\/100\n|-ability|p1a: DOOMSDAY|Cloud Nine\n|turn|1\n|\n|t:|1700249936\n|switch|p1a: pooplover69|Banette, M|100\/100\n|-item|p2a: Infernape|Punching Glove|[from] ability: Frisk|[of] p1a: pooplover69|[identify]\n|move|p2a: Infernape|Drain Punch|p1a: pooplover69\n|-immune|p1a: pooplover69\n|\n|upkeep\n|turn|2\n|\n|t:|1700249941\n|detailschange|p1a: pooplover69|Banette-Mega, M\n|-mega|p1a: pooplover69|Banette|Banettite\n|move|p1a: pooplover69|Encore|p2a: Infernape\n|-start|p2a: Infernape|Encore\n|move|p2a: Infernape|Drain Punch|p1a: pooplover69\n|-immune|p1a: pooplover69\n|\n|upkeep\n|turn|3\n|\n|t:|1700249948\n|switch|p2a: Moltres|Moltres-Galar|100\/100\n|move|p1a: pooplover69|Shadow Claw|p2a: Moltres\n|-resisted|p2a: Moltres\n|-damage|p2a: Moltres|76\/100\n|\n|upkeep\n|turn|4\n|\n|t:|1700249962\n|switch|p1a: Magic Mike|Hoopa-Unbound|100\/100\n|move|p2a: Moltres|Ancient Power|p1a: Magic Mike\n|-damage|p1a: Magic Mike|86\/100\n|-enditem|p1a: Magic Mike|Red Card|[of] p2a: Moltres\n|drag|p2a: Meowstic|Meowstic, M, shiny|100\/100\n|\n|upkeep\n|turn|5\n|\n|t:|1700249982\n|-terastallize|p2a: Meowstic|Electric\n|move|p2a: Meowstic|Trick Room|p2a: Meowstic\n|-fieldstart|move: Trick Room|[of] p2a: Meowstic\n|move|p1a: Magic Mike|Trick Room|p1a: Magic Mike\n|-fieldend|move: Trick Room\n|\n|upkeep\n|turn|6\n|c|\u2606mannmilk|lol\n|\n|t:|1700249991\n|move|p1a: Magic Mike|Dark Pulse|p2a: Meowstic\n|-damage|p2a: Meowstic|46\/100\n|-item|p1a: Magic Mike|Iron Ball|[from] ability: Magician|[of] p2a: Meowstic\n|move|p2a: Meowstic|Trick Room|p2a: Meowstic\n|-fieldstart|move: Trick Room|[of] p2a: Meowstic\n|\n|upkeep\n|turn|7\n|\n|t:|1700250001\n|move|p1a: Magic Mike|Dark Pulse|p2a: Meowstic\n|-crit|p2a: Meowstic\n|-damage|p2a: Meowstic|0 fnt\n|faint|p2a: Meowstic\n|\n|upkeep\n|c|\u2606mannmilk|ty for the iron ball\n|n|!Umbersoma|umbersoma\n|\n|t:|1700250024\n|switch|p2a: Hatterene|Hatterene, F, shiny|100\/100\n|turn|8\n|\n|t:|1700250031\n|-terastallize|p1a: Magic Mike|Steel\n|move|p1a: Magic Mike|Dark Pulse|p2a: Hatterene\n|-damage|p2a: Hatterene|52\/100\n|move|p2a: Hatterene|Dazzling Gleam|p1a: Magic Mike\n|-resisted|p1a: Magic Mike\n|-damage|p1a: Magic Mike|68\/100\n|\n|upkeep\n|turn|9\n|\n|t:|1700250036\n|move|p1a: Magic Mike|Dark Pulse|p2a: Hatterene\n|-damage|p2a: Hatterene|3\/100\n|move|p2a: Hatterene|Mystical Fire|p1a: Magic Mike\n|-supereffective|p1a: Magic Mike\n|-damage|p1a: Magic Mike|21\/100\n|-unboost|p1a: Magic Mike|spa|1\n|\n|upkeep\n|turn|10\n|\n|t:|1700250042\n|move|p1a: Magic Mike|Psychic|p2a: Hatterene\n|-resisted|p2a: Hatterene\n|-damage|p2a: Hatterene|0 fnt\n|faint|p2a: Hatterene\n|\n|-fieldend|move: Trick Room\n|upkeep\n|\n|t:|1700250047\n|switch|p2a: Moltres|Moltres-Galar|76\/100\n|turn|11\n|\n|t:|1700250051\n|move|p2a: Moltres|Fiery Wrath|p1a: Magic Mike\n|-damage|p1a: Magic Mike|0 fnt\n|faint|p1a: Magic Mike\n|\n|upkeep\n|\n|t:|1700250060\n|switch|p1a: Togepiss|Togekiss, F, shiny|100\/100\n|turn|12\n|\n|t:|1700250064\n|move|p2a: Moltres|Ancient Power|p1a: Togepiss\n|-supereffective|p1a: Togepiss\n|-damage|p1a: Togepiss|67\/100\n|move|p1a: Togepiss|Thunder Wave|p2a: Moltres\n|-status|p2a: Moltres|par\n|\n|-heal|p1a: Togepiss|73\/100|[from] item: Leftovers\n|upkeep\n|turn|13\n|\n|t:|1700250069\n|move|p1a: Togepiss|Air Slash|p2a: Moltres\n|-damage|p2a: Moltres|56\/100 par\n|cant|p2a: Moltres|flinch\n|\n|-heal|p1a: Togepiss|79\/100|[from] item: Leftovers\n|upkeep\n|turn|14\n|\n|t:|1700250074\n|move|p1a: Togepiss|Air Slash|p2a: Moltres\n|-damage|p2a: Moltres|35\/100 par\n|-ability|p2a: Moltres|Berserk|boost\n|-boost|p2a: Moltres|spa|1\n|cant|p2a: Moltres|flinch\n|\n|-heal|p1a: Togepiss|86\/100|[from] item: Leftovers\n|upkeep\n|turn|15\n|\n|t:|1700250080\n|move|p1a: Togepiss|Air Slash|p2a: Moltres\n|-damage|p2a: Moltres|16\/100 par\n|cant|p2a: Moltres|flinch\n|\n|-heal|p1a: Togepiss|92\/100|[from] item: Leftovers\n|upkeep\n|turn|16\n|c|\u2606mannmilk|why dont the bird move\n|-message|Umbersoma forfeited.\n|\n|win|mannmilk\n|raw|mannmilk's rating: 1167 &rarr; <strong>1186<\/strong><br \/>(+19 for winning)\n|raw|Umbersoma's rating: 1077 &rarr; <strong>1061<\/strong><br \/>(-16 for losing)\n|l|!Umbersoma\n","uploadtime":1700250010,"views":6,"p1id":"mannmilk","p2id":"umbersoma","formatid":"gen9nationaldex","rating":1061,"private":0,"password":""}