{"id":"gen9nationaldex-1994100494","p1":"allrightalife","p2":"Sleeping Demons","format":"[Gen 9] National Dex","log":"|j|\u2606allrightalife\n|j|\u2606Sleeping Demons\n|t:|1700406864\n|gametype|singles\n|player|p1|allrightalife|caitlin|1489\n|player|p2|Sleeping Demons|102|1485\n|teamsize|p1|6\n|teamsize|p2|6\n|gen|9\n|tier|[Gen 9] National Dex\n|rated|\n|rule|HP Percentage Mod: HP is shown in percentages\n|rule|Endless Battle Clause: Forcing endless battles is banned\n|rule|OHKO Clause: OHKO moves are banned\n|rule|Evasion Clause: Evasion abilities, items, and moves are banned\n|rule|Evasion Abilities Clause: Evasion abilities are banned\n|rule|Evasion Items Clause: Evasion items are banned\n|rule|Evasion Moves Clause: Evasion moves are banned\n|rule|Species Clause: Limit one of each Pok\u00e9mon\n|rule|Sleep Clause Mod: Limit one foe put to sleep\n|clearpoke\n|poke|p1|Charizard, M|\n|poke|p1|Great Tusk|\n|poke|p1|Rillaboom, M|\n|poke|p1|Rotom-Wash|\n|poke|p1|Tapu Lele|\n|poke|p1|Weavile, F|\n|poke|p2|Weavile, F|\n|poke|p2|Landorus-Therian, M|\n|poke|p2|Zapdos|\n|poke|p2|Volcanion|\n|poke|p2|Ursaluna, F|\n|poke|p2|Kartana|\n|teampreview\n|inactive|Battle timer is ON: inactive players will automatically lose when time's up. (requested by Sleeping Demons)\n|\n|t:|1700406887\n|start\n|switch|p1a: Rillaboom|Rillaboom, M, shiny|100\/100\n|switch|p2a: Landorus|Landorus-Therian, M|100\/100\n|-ability|p2a: Landorus|Intimidate|boost\n|-unboost|p1a: Rillaboom|atk|1\n|-fieldstart|move: Grassy Terrain|[from] ability: Grassy Surge|[of] p1a: Rillaboom\n|turn|1\n|\n|t:|1700406902\n|move|p2a: Landorus|Stealth Rock|p1a: Rillaboom\n|-sidestart|p1: allrightalife|move: Stealth Rock\n|move|p1a: Rillaboom|Knock Off|p2a: Landorus\n|-damage|p2a: Landorus|63\/100\n|-enditem|p2a: Landorus|Leftovers|[from] move: Knock Off|[of] p1a: Rillaboom\n|\n|upkeep\n|turn|2\n|\n|t:|1700406910\n|move|p2a: Landorus|U-turn|p1a: Rillaboom\n|-supereffective|p1a: Rillaboom\n|-damage|p1a: Rillaboom|56\/100\n|\n|t:|1700406914\n|switch|p2a: Zapdos|Zapdos|100\/100|[from] U-turn\n|move|p1a: Rillaboom|Knock Off|p2a: Zapdos\n|-damage|p2a: Zapdos|73\/100\n|-enditem|p2a: Zapdos|Heavy-Duty Boots|[from] move: Knock Off|[of] p1a: Rillaboom\n|\n|-heal|p1a: Rillaboom|63\/100|[from] Grassy Terrain\n|upkeep\n|turn|3\n|\n|t:|1700406927\n|switch|p1a: Great Tusk|Great Tusk|100\/100\n|-damage|p1a: Great Tusk|98\/100|[from] Stealth Rock\n|move|p2a: Zapdos|U-turn|p1a: Great Tusk\n|-resisted|p1a: Great Tusk\n|-damage|p1a: Great Tusk|93\/100\n|\n|t:|1700406939\n|switch|p2a: Kartana|Kartana|100\/100|[from] U-turn\n|\n|-heal|p1a: Great Tusk|99\/100|[from] Grassy Terrain\n|upkeep\n|turn|4\n|\n|t:|1700406951\n|-end|p1a: Great Tusk|Protosynthesis|[silent]\n|switch|p1a: Rillaboom|Rillaboom, M, shiny|63\/100\n|-damage|p1a: Rillaboom|50\/100|[from] Stealth Rock\n|-terastallize|p2a: Kartana|Grass\n|move|p2a: Kartana|Leaf Blade|p1a: Rillaboom\n|-resisted|p1a: Rillaboom\n|-damage|p1a: Rillaboom|5\/100\n|\n|-heal|p1a: Rillaboom|11\/100|[from] Grassy Terrain\n|upkeep\n|turn|5\n|\n|t:|1700406968\n|move|p1a: Rillaboom|Grassy Glide|p2a: Kartana\n|-resisted|p2a: Kartana\n|-damage|p2a: Kartana|71\/100\n|move|p2a: Kartana|Leaf Blade|p1a: Rillaboom\n|-resisted|p1a: Rillaboom\n|-damage|p1a: Rillaboom|0 fnt\n|faint|p1a: Rillaboom\n|-ability|p2a: Kartana|Beast Boost|boost\n|-boost|p2a: Kartana|atk|1\n|\n|-heal|p2a: Kartana|77\/100|[from] Grassy Terrain\n|-fieldend|move: Grassy Terrain\n|upkeep\n|inactive|allrightalife has 120 seconds left.\n|\n|t:|1700406990\n|switch|p1a: Weavile|Weavile, F|100\/100\n|-damage|p1a: Weavile|76\/100|[from] Stealth Rock\n|turn|6\n|\n|t:|1700406994\n|move|p1a: Weavile|Ice Shard|p2a: Kartana\n|-supereffective|p2a: Kartana\n|-damage|p2a: Kartana|33\/100\n|move|p2a: Kartana|Leaf Blade|p1a: Weavile\n|-damage|p1a: Weavile|0 fnt\n|faint|p1a: Weavile\n|-ability|p2a: Kartana|Beast Boost|boost\n|-boost|p2a: Kartana|atk|1\n|\n|upkeep\n|j| lucky actor\n|-message|allrightalife forfeited.\n|\n|win|Sleeping Demons\n|raw|allrightalife's rating: 1489 &rarr; <strong>1469<\/strong><br \/>(-20 for losing)\n|raw|Sleeping Demons's rating: 1485 &rarr; <strong>1505<\/strong><br \/>(+20 for winning)\n|l|\u2606allrightalife\n","uploadtime":1700407010,"views":5,"p1id":"allrightalife","p2id":"sleepingdemons","formatid":"gen9nationaldex","rating":1469,"private":0,"password":""}