{"id":"gen9nationaldex-1988755565","p1":"MV ice","p2":"chengbei111","format":"[Gen 9] National Dex","log":"|j|\u2606MV ice\n|j|\u2606chengbei111\n|t:|1699759010\n|gametype|singles\n|player|p1|MV ice|alain|1315\n|player|p2|chengbei111|dawn|1379\n|teamsize|p1|6\n|teamsize|p2|6\n|gen|9\n|tier|[Gen 9] National Dex\n|rated|\n|rule|HP Percentage Mod: HP is shown in percentages\n|rule|Endless Battle Clause: Forcing endless battles is banned\n|rule|OHKO Clause: OHKO moves are banned\n|rule|Evasion Clause: Evasion abilities, items, and moves are banned\n|rule|Evasion Abilities Clause: Evasion abilities are banned\n|rule|Evasion Items Clause: Evasion items are banned\n|rule|Evasion Moves Clause: Evasion moves are banned\n|rule|Species Clause: Limit one of each Pok\u00e9mon\n|rule|Sleep Clause Mod: Limit one foe put to sleep\n|clearpoke\n|poke|p1|Drampa, F|\n|poke|p1|Cofagrigus, F|\n|poke|p1|Amoonguss, M|\n|poke|p1|Iron Thorns|\n|poke|p1|Nidoking, M|\n|poke|p1|Jellicent, M|\n|poke|p2|Camerupt, M|\n|poke|p2|Slowbro, F|\n|poke|p2|Celesteela|\n|poke|p2|Tapu Koko|\n|poke|p2|Iron Hands|\n|poke|p2|Greninja-*, M|\n|teampreview\n|inactive|Battle timer is ON: inactive players will automatically lose when time's up. (requested by MV ice)\n|\n|t:|1699759020\n|start\n|switch|p1a: Cofagrigus|Cofagrigus, F, shiny|100\/100\n|switch|p2a: Tapu Koko|Tapu Koko|100\/100\n|-fieldstart|move: Electric Terrain|[from] ability: Electric Surge|[of] p2a: Tapu Koko\n|turn|1\n|\n|t:|1699759027\n|switch|p1a: Nidoking|Nidoking, M|100\/100\n|move|p2a: Tapu Koko|U-turn|p1a: Nidoking\n|-resisted|p1a: Nidoking\n|-damage|p1a: Nidoking|90\/100\n|\n|t:|1699759029\n|switch|p2a: Greninja|Greninja, M|100\/100|[from] U-turn\n|\n|upkeep\n|turn|2\n|\n|t:|1699759041\n|-terastallize|p1a: Nidoking|Grass\n|move|p2a: Greninja|Spikes|p1a: Nidoking\n|-start|p2a: Greninja|typechange|Ground|[from] ability: Protean\n|-sidestart|p1: MV ice|Spikes\n|move|p1a: Nidoking|Sludge Wave|p2a: Greninja\n|-resisted|p2a: Greninja\n|-damage|p2a: Greninja|48\/100\n|\n|upkeep\n|turn|3\n|\n|t:|1699759057\n|move|p2a: Greninja|Toxic Spikes|p1a: Nidoking\n|-sidestart|p1: MV ice|move: Toxic Spikes\n|move|p1a: Nidoking|Sludge Wave|p2a: Greninja\n|-resisted|p2a: Greninja\n|-damage|p2a: Greninja|0 fnt\n|faint|p2a: Greninja\n|\n|upkeep\n|inactive|chengbei111 has 120 seconds left.\n|\n|t:|1699759086\n|switch|p2a: Tapu Koko|Tapu Koko|100\/100\n|turn|4\n|\n|t:|1699759098\n|switch|p1a: Cofagrigus|Cofagrigus, F, shiny|100\/100\n|-damage|p1a: Cofagrigus|88\/100|[from] Spikes\n|-status|p1a: Cofagrigus|psn\n|move|p2a: Tapu Koko|Volt Switch|p1a: Cofagrigus\n|-damage|p1a: Cofagrigus|48\/100 psn\n|\n|t:|1699759109\n|switch|p2a: Camerupt|Camerupt, M|100\/100|[from] Volt Switch\n|\n|-damage|p1a: Cofagrigus|35\/100 psn|[from] psn\n|upkeep\n|turn|5\n|\n|t:|1699759121\n|detailschange|p2a: Camerupt|Camerupt-Mega, M\n|-mega|p2a: Camerupt|Camerupt|Cameruptite\n|-zpower|p1a: Cofagrigus\n|move|p1a: Cofagrigus|Z-Memento|p2a: Camerupt|[anim]Memento\n|-activate|p1a: Cofagrigus|healreplacement\n|-unboost|p2a: Camerupt|atk|2\n|-unboost|p2a: Camerupt|spa|2\n|faint|p1a: Cofagrigus\n|move|p2a: Camerupt|Stealth Rock|p1: Cofagrigus\n|-sidestart|p1: MV ice|move: Stealth Rock\n|\n|-fieldend|move: Electric Terrain\n|upkeep\n|\n|t:|1699759134\n|switch|p1a: Nidoking|Nidoking, M, tera:Grass|90\/100\n|-heal|p1a: Nidoking|100\/100|[from] move: Memento|[zeffect]\n|-damage|p1a: Nidoking|88\/100|[from] Spikes\n|-status|p1a: Nidoking|psn\n|-damage|p1a: Nidoking|76\/100 psn|[from] Stealth Rock\n|turn|6\n|\n|t:|1699759141\n|switch|p2a: Celesteela|Celesteela|100\/100\n|move|p1a: Nidoking|Flamethrower|p2a: Celesteela\n|-supereffective|p2a: Celesteela\n|-damage|p2a: Celesteela|35\/100\n|\n|-heal|p2a: Celesteela|41\/100|[from] item: Leftovers\n|-damage|p1a: Nidoking|64\/100 psn|[from] psn\n|upkeep\n|turn|7\n|\n|t:|1699759147\n|move|p2a: Celesteela|Protect|p2a: Celesteela\n|-singleturn|p2a: Celesteela|Protect\n|move|p1a: Nidoking|Flamethrower|p2a: Celesteela\n|-activate|p2a: Celesteela|move: Protect\n|\n|-heal|p2a: Celesteela|47\/100|[from] item: Leftovers\n|-damage|p1a: Nidoking|52\/100 psn|[from] psn\n|upkeep\n|turn|8\n|\n|t:|1699759153\n|switch|p2a: Slowbro|Slowbro, F|100\/100\n|move|p1a: Nidoking|Earth Power|p2a: Slowbro\n|-damage|p2a: Slowbro|40\/100\n|\n|-damage|p1a: Nidoking|39\/100 psn|[from] psn\n|upkeep\n|turn|9\n|\n|t:|1699759163\n|switch|p2a: Celesteela|Celesteela|47\/100\n|move|p1a: Nidoking|Flamethrower|p2a: Celesteela\n|-supereffective|p2a: Celesteela\n|-damage|p2a: Celesteela|0 fnt\n|faint|p2a: Celesteela\n|\n|-damage|p1a: Nidoking|27\/100 psn|[from] psn\n|upkeep\n|\n|t:|1699759172\n|switch|p2a: Tapu Koko|Tapu Koko|100\/100\n|-fieldstart|move: Electric Terrain|[from] ability: Electric Surge|[of] p2a: Tapu Koko\n|turn|10\n|\n|t:|1699759176\n|move|p2a: Tapu Koko|Volt Switch|p1a: Nidoking\n|-resisted|p1a: Nidoking\n|-crit|p1a: Nidoking\n|-damage|p1a: Nidoking|0 fnt\n|faint|p1a: Nidoking\n|\n|t:|1699759191\n|switch|p2a: Slowbro|Slowbro, F|73\/100|[from] Volt Switch\n|\n|upkeep\n|\n|t:|1699759199\n|switch|p1a: Amoonguss|Amoonguss, M|100\/100\n|-damage|p1a: Amoonguss|88\/100|[from] Spikes\n|-sideend|p1: MV ice|move: Toxic Spikes|[of] p1a: Amoonguss\n|-damage|p1a: Amoonguss|76\/100|[from] Stealth Rock\n|turn|11\n|\n|t:|1699759213\n|switch|p1a: Jellicent|Jellicent, M|100\/100\n|-damage|p1a: Jellicent|88\/100|[from] Spikes\n|-damage|p1a: Jellicent|76\/100|[from] Stealth Rock\n|move|p2a: Slowbro|Trick Room|p2a: Slowbro\n|-fieldstart|move: Trick Room|[of] p2a: Slowbro\n|\n|upkeep\n|turn|12\n|\n|t:|1699759223\n|switch|p2a: Iron Hands|Iron Hands|100\/100\n|-activate|p2a: Iron Hands|ability: Quark Drive\n|-start|p2a: Iron Hands|quarkdriveatk\n|move|p1a: Jellicent|Water Spout|p2a: Iron Hands\n|-damage|p2a: Iron Hands|57\/100\n|\n|upkeep\n|turn|13\n|\n|t:|1699759239\n|switch|p1a: Amoonguss|Amoonguss, M|100\/100\n|-damage|p1a: Amoonguss|88\/100|[from] Spikes\n|-damage|p1a: Amoonguss|76\/100|[from] Stealth Rock\n|move|p2a: Iron Hands|Wild Charge|p1a: Amoonguss\n|-resisted|p1a: Amoonguss\n|-damage|p1a: Amoonguss|43\/100\n|-damage|p2a: Iron Hands|40\/100|[from] item: Rocky Helmet|[of] p1a: Amoonguss\n|-damage|p2a: Iron Hands|33\/100|[from] Recoil\n|\n|upkeep\n|turn|14\n|inactive|MV ice has 120 seconds left.\n|\n|t:|1699759274\n|switch|p1a: Drampa|Drampa, F, shiny|100\/100\n|-damage|p1a: Drampa|88\/100|[from] Spikes\n|-damage|p1a: Drampa|76\/100|[from] Stealth Rock\n|move|p2a: Iron Hands|Heavy Slam|p1a: Drampa\n|-damage|p1a: Drampa|40\/100\n|-ability|p1a: Drampa|Berserk|boost\n|-boost|p1a: Drampa|spa|1\n|\n|-fieldend|move: Electric Terrain\n|-end|p2a: Iron Hands|Quark Drive\n|upkeep\n|turn|15\n|inactive|MV ice has 120 seconds left.\n|\n|t:|1699759287\n|move|p1a: Drampa|Draco Meteor|p2a: Iron Hands\n|-damage|p2a: Iron Hands|0 fnt\n|-unboost|p1a: Drampa|spa|2\n|faint|p2a: Iron Hands\n|-end|p2a: Iron Hands|Quark Drive|[silent]\n|-damage|p1a: Drampa|30\/100|[from] item: Life Orb\n|\n|-fieldend|move: Trick Room\n|upkeep\n|\n|t:|1699759292\n|switch|p2a: Tapu Koko|Tapu Koko|100\/100\n|-fieldstart|move: Electric Terrain|[from] ability: Electric Surge|[of] p2a: Tapu Koko\n|turn|16\n|\n|t:|1699759297\n|move|p2a: Tapu Koko|Volt Switch|p1a: Drampa\n|-resisted|p1a: Drampa\n|-damage|p1a: Drampa|10\/100\n|\n|t:|1699759301\n|switch|p2a: Slowbro|Slowbro, F|100\/100|[from] Volt Switch\n|move|p1a: Drampa|Hyper Voice|p2a: Slowbro\n|-damage|p2a: Slowbro|54\/100\n|-damage|p1a: Drampa|0 fnt|[from] item: Life Orb\n|faint|p1a: Drampa\n|\n|upkeep\n|inactive|MV ice has 120 seconds left.\n|\n|t:|1699759316\n|switch|p1a: Iron Thorns|Iron Thorns|100\/100\n|-damage|p1a: Iron Thorns|88\/100|[from] Spikes\n|-damage|p1a: Iron Thorns|76\/100|[from] Stealth Rock\n|-activate|p1a: Iron Thorns|ability: Quark Drive\n|-start|p1a: Iron Thorns|quarkdriveatk\n|turn|17\n|\n|t:|1699759324\n|-terastallize|p2a: Slowbro|Fairy\n|move|p1a: Iron Thorns|Pin Missile|p2a: Slowbro\n|-resisted|p2a: Slowbro\n|-damage|p2a: Slowbro|50\/100\n|-resisted|p2a: Slowbro\n|-damage|p2a: Slowbro|47\/100\n|-resisted|p2a: Slowbro\n|-damage|p2a: Slowbro|43\/100\n|-resisted|p2a: Slowbro\n|-damage|p2a: Slowbro|40\/100\n|-hitcount|p2a: Slowbro|4\n|move|p2a: Slowbro|Trick Room|p2a: Slowbro\n|-fieldstart|move: Trick Room|[of] p2a: Slowbro\n|\n|upkeep\n|turn|18\n|\n|t:|1699759333\n|-end|p1a: Iron Thorns|Quark Drive|[silent]\n|switch|p1a: Jellicent|Jellicent, M|76\/100\n|-damage|p1a: Jellicent|63\/100|[from] Spikes\n|-damage|p1a: Jellicent|51\/100|[from] Stealth Rock\n|move|p2a: Slowbro|Slack Off|p2a: Slowbro\n|-heal|p2a: Slowbro|90\/100\n|\n|upkeep\n|turn|19\n|\n|t:|1699759346\n|move|p2a: Slowbro|Flamethrower|p1a: Jellicent\n|-resisted|p1a: Jellicent\n|-damage|p1a: Jellicent|42\/100\n|move|p1a: Jellicent|Water Spout|p2a: Slowbro\n|-damage|p2a: Slowbro|47\/100\n|\n|upkeep\n|turn|20\n|\n|t:|1699759354\n|move|p2a: Slowbro|Slack Off|p2a: Slowbro\n|-heal|p2a: Slowbro|97\/100\n|move|p1a: Jellicent|Water Spout|p2a: Slowbro\n|-damage|p2a: Slowbro|58\/100\n|\n|-fieldend|move: Electric Terrain\n|upkeep\n|turn|21\n|\n|t:|1699759369\n|move|p2a: Slowbro|Flamethrower|p1a: Jellicent\n|-resisted|p1a: Jellicent\n|-damage|p1a: Jellicent|33\/100\n|move|p1a: Jellicent|Water Spout|p2a: Slowbro\n|-damage|p2a: Slowbro|26\/100\n|\n|-fieldend|move: Trick Room\n|upkeep\n|turn|22\n|\n|t:|1699759379\n|switch|p2a: Tapu Koko|Tapu Koko|100\/100\n|-fieldstart|move: Electric Terrain|[from] ability: Electric Surge|[of] p2a: Tapu Koko\n|move|p1a: Jellicent|Water Spout|p2a: Tapu Koko\n|-damage|p2a: Tapu Koko|52\/100\n|\n|upkeep\n|turn|23\n|\n|t:|1699759390\n|switch|p1a: Amoonguss|Amoonguss, M|76\/100\n|-damage|p1a: Amoonguss|64\/100|[from] Spikes\n|-damage|p1a: Amoonguss|52\/100|[from] Stealth Rock\n|move|p2a: Tapu Koko|Volt Switch|p1a: Amoonguss\n|-resisted|p1a: Amoonguss\n|-damage|p1a: Amoonguss|35\/100\n|\n|t:|1699759397\n|switch|p2a: Camerupt|Camerupt-Mega, M|100\/100|[from] Volt Switch\n|\n|upkeep\n|turn|24\n|\n|t:|1699759408\n|move|p1a: Amoonguss|Sludge Bomb|p2a: Camerupt\n|-resisted|p2a: Camerupt\n|-damage|p2a: Camerupt|88\/100\n|-status|p2a: Camerupt|psn\n|move|p2a: Camerupt|Fire Blast|p1a: Amoonguss\n|-supereffective|p1a: Amoonguss\n|-damage|p1a: Amoonguss|0 fnt\n|faint|p1a: Amoonguss\n|\n|-damage|p2a: Camerupt|76\/100 psn|[from] psn\n|upkeep\n|\n|t:|1699759414\n|switch|p1a: Iron Thorns|Iron Thorns|76\/100\n|-damage|p1a: Iron Thorns|64\/100|[from] Spikes\n|-damage|p1a: Iron Thorns|51\/100|[from] Stealth Rock\n|-activate|p1a: Iron Thorns|ability: Quark Drive\n|-start|p1a: Iron Thorns|quarkdriveatk\n|turn|25\n|\n|t:|1699759421\n|switch|p2a: Tapu Koko|Tapu Koko|52\/100\n|move|p1a: Iron Thorns|Earthquake|p2a: Tapu Koko\n|-supereffective|p2a: Tapu Koko\n|-damage|p2a: Tapu Koko|0 fnt\n|faint|p2a: Tapu Koko\n|\n|upkeep\n|\n|t:|1699759423\n|switch|p2a: Slowbro|Slowbro, F, tera:Fairy|59\/100\n|turn|26\n|\n|t:|1699759431\n|move|p1a: Iron Thorns|Rock Blast|p2a: Slowbro\n|-damage|p2a: Slowbro|49\/100\n|-damage|p2a: Slowbro|39\/100\n|-damage|p2a: Slowbro|30\/100\n|-damage|p2a: Slowbro|20\/100\n|-damage|p2a: Slowbro|9\/100\n|-hitcount|p2a: Slowbro|5\n|move|p2a: Slowbro|Trick Room|p2a: Slowbro\n|-fieldstart|move: Trick Room|[of] p2a: Slowbro\n|\n|-fieldend|move: Electric Terrain\n|-end|p1a: Iron Thorns|Quark Drive\n|upkeep\n|turn|27\n|inactive|MV ice has 120 seconds left.\n|-message|MV ice forfeited by changing their name.\n|\n|win|chengbei111\n|raw|MV ice's rating: 1298 &rarr; <strong>1279<\/strong><br \/>(-19 for losing)\n|raw|chengbei111's rating: 1379 &rarr; <strong>1394<\/strong><br \/>(+15 for winning)\n|l|\u2606chengbei111\n|j|\u2606MV ice\n","uploadtime":1699759516,"views":6,"p1id":"mvice","p2id":"chengbei111","formatid":"gen9nationaldex","rating":1279,"private":0,"password":""}