{"id":"gen9nationaldex-1999614180","p1":"Treeckoguy1","p2":"Ayax1991","format":"[Gen 9] National Dex","log":"|html|<div class=\"broadcast-blue\"><strong>[Gen 9] National Dex is currently suspecting Sneasler! For information on how to participate check out the <a href=\"https:\/\/www.smogon.com\/forums\/threads\/sv-national-dex-suspect-8-just-dance.3731534\/\">suspect thread<\/a>.<\/strong><\/div>\n|j|\u2606Treeckoguy1\n|j|\u2606Ayax1991\n|t:|1701101317\n|gametype|singles\n|player|p1|Treeckoguy1|266|1436\n|player|p2|Ayax1991|cyrus|1527\n|teamsize|p1|6\n|teamsize|p2|6\n|gen|9\n|tier|[Gen 9] National Dex\n|rated|\n|rule|HP Percentage Mod: HP is shown in percentages\n|rule|Endless Battle Clause: Forcing endless battles is banned\n|rule|OHKO Clause: OHKO moves are banned\n|rule|Evasion Clause: Evasion abilities, items, and moves are banned\n|rule|Evasion Abilities Clause: Evasion abilities are banned\n|rule|Evasion Items Clause: Evasion items are banned\n|rule|Evasion Moves Clause: Evasion moves are banned\n|rule|Species Clause: Limit one of each Pok\u00e9mon\n|rule|Sleep Clause Mod: Limit one foe put to sleep\n|clearpoke\n|poke|p1|Sceptile, F|\n|poke|p1|Zeraora|\n|poke|p1|Regidrago|\n|poke|p1|Bewear, F|\n|poke|p1|Weezing-Galar, M|\n|poke|p1|Houndoom, M|\n|poke|p2|Beedrill, M|\n|poke|p2|Ferrothorn, M|\n|poke|p2|Jolteon, F|\n|poke|p2|Tyranitar, F|\n|poke|p2|Tapu Lele|\n|poke|p2|Landorus-Therian, M|\n|teampreview\n|inactive|Battle timer is ON: inactive players will automatically lose when time's up. (requested by Ayax1991)\n|\n|t:|1701101340\n|start\n|switch|p1a: Weezing|Weezing-Galar, M|100\/100\n|switch|p2a: Beedrill|Beedrill, M|100\/100\n|turn|1\n|\n|t:|1701101346\n|detailschange|p2a: Beedrill|Beedrill-Mega, M\n|-mega|p2a: Beedrill|Beedrill|Beedrillite\n|move|p2a: Beedrill|Knock Off|p1a: Weezing\n|-resisted|p1a: Weezing\n|-damage|p1a: Weezing|88\/100\n|-enditem|p1a: Weezing|Black Sludge|[from] move: Knock Off|[of] p2a: Beedrill\n|move|p1a: Weezing|Will-O-Wisp|p2a: Beedrill\n|-status|p2a: Beedrill|brn\n|\n|-damage|p2a: Beedrill|95\/100 brn|[from] brn\n|upkeep\n|turn|2\n|\n|t:|1701101353\n|move|p2a: Beedrill|Poison Jab|p1a: Weezing\n|-damage|p1a: Weezing|65\/100\n|move|p1a: Weezing|Pain Split|p2a: Beedrill\n|-sethp|p2a: Beedrill|88\/100 brn|[from] move: Pain Split|[silent]\n|-sethp|p1a: Weezing|71\/100|[from] move: Pain Split\n|\n|-damage|p2a: Beedrill|82\/100 brn|[from] brn\n|upkeep\n|turn|3\n|\n|t:|1701101358\n|move|p2a: Beedrill|U-turn|p1a: Weezing\n|-resisted|p1a: Weezing\n|-damage|p1a: Weezing|67\/100\n|\n|t:|1701101363\n|switch|p2a: Tapu Lele|Tapu Lele|100\/100|[from] U-turn\n|-fieldstart|move: Psychic Terrain|[from] ability: Psychic Surge|[of] p2a: Tapu Lele\n|move|p1a: Weezing|Sludge Bomb|p2a: Tapu Lele\n|-supereffective|p2a: Tapu Lele\n|-damage|p2a: Tapu Lele|46\/100\n|-status|p2a: Tapu Lele|psn\n|\n|-damage|p2a: Tapu Lele|34\/100 psn|[from] psn\n|upkeep\n|turn|4\n|\n|t:|1701101366\n|switch|p1a: Houndoom|Houndoom, M|100\/100\n|move|p2a: Tapu Lele|Psyshock|p1a: Houndoom\n|-immune|p1a: Houndoom\n|\n|-damage|p2a: Tapu Lele|21\/100 psn|[from] psn\n|upkeep\n|turn|5\n|\n|t:|1701101371\n|switch|p2a: Tyranitar|Tyranitar, F|100\/100\n|-weather|Sandstorm|[from] ability: Sand Stream|[of] p2a: Tyranitar\n|move|p1a: Houndoom|Sludge Bomb|p2a: Tyranitar\n|-resisted|p2a: Tyranitar\n|-damage|p2a: Tyranitar|97\/100\n|\n|-weather|Sandstorm|[upkeep]\n|-damage|p1a: Houndoom|94\/100|[from] Sandstorm\n|upkeep\n|turn|6\n|\n|t:|1701101379\n|switch|p1a: Bewear|Bewear, F|100\/100\n|move|p2a: Tyranitar|Stone Edge|p1a: Bewear\n|-resisted|p1a: Bewear\n|-damage|p1a: Bewear|85\/100\n|\n|-weather|Sandstorm|[upkeep]\n|-damage|p1a: Bewear|79\/100|[from] Sandstorm\n|upkeep\n|turn|7\n|\n|t:|1701101386\n|switch|p2a: Beedrill|Beedrill-Mega, M|82\/100 brn\n|move|p1a: Bewear|Bind|p2a: Beedrill\n|-damage|p2a: Beedrill|66\/100 brn\n|-activate|p2a: Beedrill|move: Bind|[of] p1a: Bewear\n|\n|-weather|Sandstorm|[upkeep]\n|-damage|p2a: Beedrill|60\/100 brn|[from] Sandstorm\n|-damage|p1a: Bewear|73\/100|[from] Sandstorm\n|-damage|p2a: Beedrill|54\/100 brn|[from] brn\n|-damage|p2a: Beedrill|37\/100 brn|[from] move: Bind|[partiallytrapped]\n|-fieldend|move: Psychic Terrain\n|upkeep\n|turn|8\n|\n|t:|1701101391\n|move|p1a: Bewear|Protect|p1a: Bewear\n|-singleturn|p1a: Bewear|Protect\n|move|p2a: Beedrill|U-turn|p1a: Bewear\n|-activate|p1a: Bewear|move: Protect\n|\n|-weather|Sandstorm|[upkeep]\n|-damage|p2a: Beedrill|31\/100 brn|[from] Sandstorm\n|-damage|p1a: Bewear|67\/100|[from] Sandstorm\n|-damage|p2a: Beedrill|26\/100 brn|[from] brn\n|-damage|p2a: Beedrill|9\/100 brn|[from] move: Bind|[partiallytrapped]\n|upkeep\n|turn|9\n|\n|t:|1701101399\n|move|p2a: Beedrill|U-turn|p1a: Bewear\n|-resisted|p1a: Bewear\n|-damage|p1a: Bewear|62\/100\n|\n|t:|1701101404\n|switch|p2a: Ferrothorn|Ferrothorn, M|100\/100|[from] U-turn\n|move|p1a: Bewear|Bind|p2a: Ferrothorn|[miss]\n|-miss|p1a: Bewear|p2a: Ferrothorn\n|\n|-weather|none\n|upkeep\n|turn|10\n|\n|t:|1701101410\n|move|p1a: Bewear|Drain Punch|p2a: Ferrothorn\n|-supereffective|p2a: Ferrothorn\n|-damage|p2a: Ferrothorn|61\/100\n|-heal|p1a: Bewear|79\/100|[from] drain|[of] p2a: Ferrothorn\n|-damage|p1a: Bewear|66\/100|[from] ability: Iron Barbs|[of] p2a: Ferrothorn\n|-damage|p1a: Bewear|50\/100|[from] item: Rocky Helmet|[of] p2a: Ferrothorn\n|move|p2a: Ferrothorn|Stealth Rock|p1a: Bewear\n|-sidestart|p1: Treeckoguy1|move: Stealth Rock\n|\n|upkeep\n|turn|11\n|\n|t:|1701101424\n|move|p1a: Bewear|Bind|p2a: Ferrothorn\n|-resisted|p2a: Ferrothorn\n|-damage|p2a: Ferrothorn|59\/100\n|-activate|p2a: Ferrothorn|move: Bind|[of] p1a: Bewear\n|-damage|p1a: Bewear|37\/100|[from] ability: Iron Barbs|[of] p2a: Ferrothorn\n|-damage|p1a: Bewear|21\/100|[from] item: Rocky Helmet|[of] p2a: Ferrothorn\n|move|p2a: Ferrothorn|Body Press|p1a: Bewear\n|-supereffective|p1a: Bewear\n|-damage|p1a: Bewear|0 fnt\n|faint|p1a: Bewear\n|\n|-end|p2a: Ferrothorn|Bind|[partiallytrapped]|[silent]\n|upkeep\n|\n|t:|1701101430\n|switch|p1a: Weezing|Weezing-Galar, M|67\/100\n|-damage|p1a: Weezing|54\/100|[from] Stealth Rock\n|turn|12\n|\n|t:|1701101438\n|move|p1a: Weezing|Defog|p2a: Ferrothorn\n|-unboost|p2a: Ferrothorn|evasion|1\n|-sideend|p1: Treeckoguy1|Stealth Rock|[from] move: Defog|[of] p1a: Weezing\n|move|p2a: Ferrothorn|Leech Seed|p1a: Weezing\n|-start|p1a: Weezing|move: Leech Seed\n|\n|-damage|p1a: Weezing|42\/100|[from] Leech Seed|[of] p2a: Ferrothorn\n|-heal|p2a: Ferrothorn|70\/100|[silent]\n|upkeep\n|turn|13\n|\n|t:|1701101446\n|switch|p2a: Tapu Lele|Tapu Lele|21\/100 psn\n|-fieldstart|move: Psychic Terrain|[from] ability: Psychic Surge|[of] p2a: Tapu Lele\n|move|p1a: Weezing|Will-O-Wisp||[still]\n|-fail|p1a: Weezing\n|\n|-damage|p1a: Weezing|30\/100|[from] Leech Seed|[of] p2a: Tapu Lele\n|-heal|p2a: Tapu Lele|36\/100 psn|[silent]\n|-damage|p2a: Tapu Lele|24\/100 psn|[from] psn\n|upkeep\n|turn|14\n|\n|t:|1701101457\n|switch|p1a: Houndoom|Houndoom, M|94\/100\n|move|p2a: Tapu Lele|Moonblast|p1a: Houndoom\n|-damage|p1a: Houndoom|63\/100\n|\n|-damage|p2a: Tapu Lele|11\/100 psn|[from] psn\n|upkeep\n|turn|15\n|\n|t:|1701101466\n|switch|p2a: Tyranitar|Tyranitar, F|97\/100\n|-weather|Sandstorm|[from] ability: Sand Stream|[of] p2a: Tyranitar\n|switch|p1a: Regidrago|Regidrago|100\/100\n|\n|-weather|Sandstorm|[upkeep]\n|-damage|p1a: Regidrago|94\/100|[from] Sandstorm\n|upkeep\n|turn|16\n|\n|t:|1701101473\n|move|p1a: Regidrago|Focus Energy|p1a: Regidrago\n|-start|p1a: Regidrago|move: Focus Energy\n|move|p2a: Tyranitar|Stone Edge|p1a: Regidrago\n|-damage|p1a: Regidrago|59\/100\n|\n|-weather|Sandstorm|[upkeep]\n|-damage|p1a: Regidrago|53\/100|[from] Sandstorm\n|upkeep\n|turn|17\n|\n|t:|1701101489\n|move|p1a: Regidrago|Earthquake|p2a: Tyranitar\n|-supereffective|p2a: Tyranitar\n|-crit|p2a: Tyranitar\n|-damage|p2a: Tyranitar|24\/100\n|move|p2a: Tyranitar|Stone Edge|p1a: Regidrago\n|-damage|p1a: Regidrago|14\/100\n|\n|-weather|Sandstorm|[upkeep]\n|-damage|p1a: Regidrago|8\/100|[from] Sandstorm\n|-fieldend|move: Psychic Terrain\n|upkeep\n|turn|18\n|\n|t:|1701101500\n|switch|p2a: Landorus|Landorus-Therian, M|100\/100\n|-ability|p2a: Landorus|Intimidate|boost\n|-unboost|p1a: Regidrago|atk|1\n|move|p1a: Regidrago|Scale Shot|p2a: Landorus\n|-crit|p2a: Landorus\n|-damage|p2a: Landorus|78\/100\n|-crit|p2a: Landorus\n|-damage|p2a: Landorus|53\/100\n|-crit|p2a: Landorus\n|-damage|p2a: Landorus|32\/100\n|-crit|p2a: Landorus\n|-damage|p2a: Landorus|9\/100\n|-hitcount|p2a: Landorus|4\n|-unboost|p1a: Regidrago|def|1\n|-boost|p1a: Regidrago|spe|1\n|\n|-weather|Sandstorm|[upkeep]\n|-damage|p1a: Regidrago|1\/100|[from] Sandstorm\n|upkeep\n|turn|19\n|\n|t:|1701101511\n|switch|p2a: Ferrothorn|Ferrothorn, M|70\/100\n|move|p1a: Regidrago|Tera Blast|p2a: Ferrothorn\n|-resisted|p2a: Ferrothorn\n|-crit|p2a: Ferrothorn\n|-damage|p2a: Ferrothorn|59\/100\n|\n|-weather|none\n|upkeep\n|turn|20\n|\n|t:|1701101517\n|move|p1a: Regidrago|Earthquake|p2a: Ferrothorn\n|-crit|p2a: Ferrothorn\n|-damage|p2a: Ferrothorn|35\/100\n|move|p2a: Ferrothorn|Stealth Rock|p1a: Regidrago\n|-sidestart|p1: Treeckoguy1|move: Stealth Rock\n|\n|upkeep\n|turn|21\n|\n|t:|1701101523\n|move|p1a: Regidrago|Earthquake|p2a: Ferrothorn\n|-crit|p2a: Ferrothorn\n|-damage|p2a: Ferrothorn|12\/100\n|move|p2a: Ferrothorn|Knock Off|p1a: Regidrago\n|-damage|p1a: Regidrago|0 fnt\n|-enditem|p1a: Regidrago|Razor Claw|[from] move: Knock Off|[of] p2a: Ferrothorn\n|faint|p1a: Regidrago\n|\n|upkeep\n|\n|t:|1701101535\n|switch|p1a: Weezing|Weezing-Galar, M|30\/100\n|-damage|p1a: Weezing|18\/100|[from] Stealth Rock\n|turn|22\n|\n|t:|1701101544\n|move|p1a: Weezing|Defog|p2a: Ferrothorn\n|-unboost|p2a: Ferrothorn|evasion|1\n|-sideend|p1: Treeckoguy1|Stealth Rock|[from] move: Defog|[of] p1a: Weezing\n|move|p2a: Ferrothorn|Leech Seed|p1a: Weezing\n|-start|p1a: Weezing|move: Leech Seed\n|\n|-damage|p1a: Weezing|5\/100|[from] Leech Seed|[of] p2a: Ferrothorn\n|-heal|p2a: Ferrothorn|24\/100|[silent]\n|upkeep\n|turn|23\n|\n|t:|1701101551\n|switch|p1a: Houndoom|Houndoom, M|63\/100\n|move|p2a: Ferrothorn|Stealth Rock|p1a: Houndoom\n|-sidestart|p1: Treeckoguy1|move: Stealth Rock\n|\n|upkeep\n|turn|24\n|\n|t:|1701101561\n|move|p1a: Houndoom|Fire Blast|p2a: Ferrothorn\n|-supereffective|p2a: Ferrothorn\n|-damage|p2a: Ferrothorn|0 fnt\n|faint|p2a: Ferrothorn\n|\n|upkeep\n|\n|t:|1701101568\n|switch|p2a: Tyranitar|Tyranitar, F|24\/100\n|-weather|Sandstorm|[from] ability: Sand Stream|[of] p2a: Tyranitar\n|turn|25\n|\n|t:|1701101573\n|switch|p1a: Weezing|Weezing-Galar, M|5\/100\n|-damage|p1a: Weezing|0 fnt|[from] Stealth Rock\n|faint|p1a: Weezing\n|move|p2a: Tyranitar|Stone Edge|p1: Weezing|[notarget]\n|-fail|p2a: Tyranitar\n|\n|-weather|Sandstorm|[upkeep]\n|upkeep\n|\n|t:|1701101585\n|switch|p1a: Sceptile|Sceptile, F|100\/100\n|-damage|p1a: Sceptile|88\/100|[from] Stealth Rock\n|turn|26\n|\n|t:|1701101594\n|switch|p2a: Landorus|Landorus-Therian, M|9\/100\n|-ability|p2a: Landorus|Intimidate|boost\n|-unboost|p1a: Sceptile|atk|1\n|-enditem|p1a: Sceptile|White Herb\n|-clearnegativeboost|p1a: Sceptile|[silent]\n|move|p1a: Sceptile|Leaf Storm|p2a: Landorus\n|-damage|p2a: Landorus|0 fnt\n|-unboost|p1a: Sceptile|spa|2\n|faint|p2a: Landorus\n|\n|-weather|Sandstorm|[upkeep]\n|-damage|p1a: Sceptile|82\/100|[from] Sandstorm\n|upkeep\n|\n|t:|1701101607\n|switch|p2a: Beedrill|Beedrill-Mega, M|9\/100 brn\n|turn|27\n|\n|t:|1701101611\n|move|p1a: Sceptile|Acrobatics|p2a: Beedrill\n|-supereffective|p2a: Beedrill\n|-damage|p2a: Beedrill|0 fnt\n|faint|p2a: Beedrill\n|\n|-weather|Sandstorm|[upkeep]\n|-damage|p1a: Sceptile|76\/100|[from] Sandstorm\n|upkeep\n|\n|t:|1701101626\n|switch|p2a: Jolteon|Jolteon, F|100\/100\n|turn|28\n|\n|t:|1701101635\n|move|p1a: Sceptile|Energy Ball|p2a: Jolteon\n|-damage|p2a: Jolteon|75\/100\n|move|p2a: Jolteon|Weather Ball|p1a: Sceptile\n|-damage|p1a: Sceptile|31\/100\n|\n|-weather|Sandstorm|[upkeep]\n|-damage|p1a: Sceptile|25\/100|[from] Sandstorm\n|-damage|p2a: Jolteon|69\/100|[from] Sandstorm\n|-status|p2a: Jolteon|brn|[from] item: Flame Orb\n|upkeep\n|turn|29\n|\n|t:|1701101646\n|move|p1a: Sceptile|Leaf Storm|p2a: Jolteon\n|-damage|p2a: Jolteon|31\/100 brn\n|-unboost|p1a: Sceptile|spa|2\n|move|p2a: Jolteon|Weather Ball|p1a: Sceptile\n|-damage|p1a: Sceptile|0 fnt\n|faint|p1a: Sceptile\n|\n|-weather|none\n|-damage|p2a: Jolteon|25\/100 brn|[from] brn\n|upkeep\n|\n|t:|1701101662\n|switch|p1a: Zeraora|Zeraora|100\/100\n|-damage|p1a: Zeraora|88\/100|[from] Stealth Rock\n|turn|30\n|\n|t:|1701101669\n|switch|p2a: Tapu Lele|Tapu Lele|11\/100 psn\n|-fieldstart|move: Psychic Terrain|[from] ability: Psychic Surge|[of] p2a: Tapu Lele\n|move|p1a: Zeraora|Plasma Fists|p2a: Tapu Lele\n|-damage|p2a: Tapu Lele|0 fnt\n|-fieldactivate|move: Ion Deluge\n|-hint|Normal-type moves become Electric-type after using Plasma Fists.\n|faint|p2a: Tapu Lele\n|-damage|p1a: Zeraora|78\/100|[from] item: Life Orb\n|\n|upkeep\n|\n|t:|1701101690\n|switch|p2a: Tyranitar|Tyranitar, F|24\/100\n|-weather|Sandstorm|[from] ability: Sand Stream|[of] p2a: Tyranitar\n|turn|31\n|\n|t:|1701101696\n|move|p1a: Zeraora|Plasma Fists|p2a: Tyranitar\n|-damage|p2a: Tyranitar|0 fnt\n|-fieldactivate|move: Ion Deluge\n|-hint|Normal-type moves become Electric-type after using Plasma Fists.\n|faint|p2a: Tyranitar\n|-damage|p1a: Zeraora|69\/100|[from] item: Life Orb\n|\n|-weather|Sandstorm|[upkeep]\n|-damage|p1a: Zeraora|63\/100|[from] Sandstorm\n|upkeep\n|\n|t:|1701101705\n|switch|p2a: Jolteon|Jolteon, F|25\/100 brn\n|turn|32\n|\n|t:|1701101714\n|-terastallize|p2a: Jolteon|Ice\n|move|p2a: Jolteon|Tera Blast|p1a: Zeraora|[anim] Tera Blast Ice\n|-damage|p1a: Zeraora|15\/100\n|move|p1a: Zeraora|Plasma Fists|p2a: Jolteon\n|-damage|p2a: Jolteon|0 fnt\n|-fieldactivate|move: Ion Deluge\n|-hint|Normal-type moves become Electric-type after using Plasma Fists.\n|faint|p2a: Jolteon\n|-damage|p1a: Zeraora|5\/100|[from] item: Life Orb\n|\n|win|Treeckoguy1\n|raw|Treeckoguy1's rating: 1436 &rarr; <strong>1461<\/strong><br \/>(+25 for winning)\n|raw|Ayax1991's rating: 1527 &rarr; <strong>1502<\/strong><br \/>(-25 for losing)\n|l|\u2606Ayax1991\n","uploadtime":1701101731,"views":1,"p1id":"treeckoguy1","p2id":"ayax1991","formatid":"gen9nationaldex","rating":1461,"private":0,"password":""}