{"id":"gen9nationaldex-1997950366","p1":"Jack the Ripper21","p2":"bugmonobestmono","format":"[Gen 9] National Dex","log":"|html|<div class=\"broadcast-blue\"><strong>[Gen 9] National Dex is currently suspecting Sneasler! For information on how to participate check out the <a href=\"https:\/\/www.smogon.com\/forums\/threads\/sv-national-dex-suspect-8-just-dance.3731534\/\">suspect thread<\/a>.<\/strong><\/div>\n|j|\u2606Jack the Ripper21\n|j|\u2606bugmonobestmono\n|t:|1700871197\n|gametype|singles\n|player|p1|Jack the Ripper21|gentleman-gen4dp|\n|player|p2|bugmonobestmono|bugcatcher-gen4dp|\n|teamsize|p1|6\n|teamsize|p2|6\n|gen|9\n|tier|[Gen 9] National Dex\n|rule|HP Percentage Mod: HP is shown in percentages\n|rule|Endless Battle Clause: Forcing endless battles is banned\n|rule|OHKO Clause: OHKO moves are banned\n|rule|Evasion Clause: Evasion abilities, items, and moves are banned\n|rule|Evasion Abilities Clause: Evasion abilities are banned\n|rule|Evasion Items Clause: Evasion items are banned\n|rule|Evasion Moves Clause: Evasion moves are banned\n|rule|Species Clause: Limit one of each Pok\u00e9mon\n|rule|Sleep Clause Mod: Limit one foe put to sleep\n|clearpoke\n|poke|p1|Sneasler, F|\n|poke|p1|Glimmora, M|\n|poke|p1|Clodsire, M|\n|poke|p1|Iron Moth|\n|poke|p1|Venusaur, F|\n|poke|p1|Nihilego|\n|poke|p2|Ogerpon-Wellspring, F|\n|poke|p2|Absol, F|\n|poke|p2|Gliscor, M|\n|poke|p2|Sinistcha|\n|poke|p2|Magnezone|\n|poke|p2|Celesteela|\n|teampreview\n|inactive|Battle timer is ON: inactive players will automatically lose when time's up. (requested by bugmonobestmono)\n|\n|t:|1700871222\n|start\n|switch|p1a: Its a Moth|Iron Moth|100\/100\n|switch|p2a: Ogerpon|Ogerpon-Wellspring, F|100\/100\n|-enditem|p1a: Its a Moth|Booster Energy\n|-activate|p1a: Its a Moth|ability: Quark Drive|[fromitem]\n|-start|p1a: Its a Moth|quarkdrivespa\n|turn|1\n|\n|t:|1700871232\n|move|p1a: Its a Moth|Sludge Wave|p2a: Ogerpon\n|-supereffective|p2a: Ogerpon\n|-damage|p2a: Ogerpon|0 fnt\n|faint|p2a: Ogerpon\n|\n|upkeep\n|c|\u2606bugmonobestmono|NOOOOO\n|c|\u2606Jack the Ripper21|i won the speed tie nice\n|\n|t:|1700871243\n|switch|p2a: Gliscor|Gliscor, M|100\/100\n|turn|2\n|\n|t:|1700871250\n|move|p1a: Its a Moth|Fiery Dance|p2a: Gliscor\n|-damage|p2a: Gliscor|24\/100\n|-boost|p1a: Its a Moth|spa|1\n|move|p2a: Gliscor|Earthquake|p1a: Its a Moth\n|-supereffective|p1a: Its a Moth\n|-damage|p1a: Its a Moth|0 fnt\n|faint|p1a: Its a Moth\n|-end|p1a: Its a Moth|Quark Drive|[silent]\n|\n|-status|p2a: Gliscor|tox|[from] item: Toxic Orb\n|upkeep\n|\n|t:|1700871264\n|switch|p1a: Mutated ball sack|Glimmora, M|100\/100\n|-item|p1a: Mutated ball sack|Air Balloon\n|turn|3\n|\n|t:|1700871268\n|move|p1a: Mutated ball sack|Stealth Rock|p2a: Gliscor\n|-sidestart|p2: bugmonobestmono|move: Stealth Rock\n|move|p2a: Gliscor|Roost|p2a: Gliscor\n|-heal|p2a: Gliscor|74\/100 tox\n|-singleturn|p2a: Gliscor|move: Roost\n|\n|-heal|p2a: Gliscor|87\/100 tox|[from] ability: Poison Heal\n|upkeep\n|turn|4\n|c|\u2606Jack the Ripper21|ogerpon down\n|c|\u2606Jack the Ripper21|now i can do this\n|\n|t:|1700871281\n|move|p1a: Mutated ball sack|Spikes|p2a: Gliscor\n|-sidestart|p2: bugmonobestmono|Spikes\n|move|p2a: Gliscor|Spikes|p1a: Mutated ball sack\n|-sidestart|p1: Jack the Ripper21|Spikes\n|\n|-heal|p2a: Gliscor|99\/100 tox|[from] ability: Poison Heal\n|upkeep\n|turn|5\n|\n|t:|1700871293\n|move|p1a: Mutated ball sack|Spikes|p2a: Gliscor\n|-sidestart|p2: bugmonobestmono|Spikes\n|move|p2a: Gliscor|Spikes|p1a: Mutated ball sack\n|-sidestart|p1: Jack the Ripper21|Spikes\n|\n|-heal|p2a: Gliscor|100\/100 tox|[from] ability: Poison Heal\n|upkeep\n|turn|6\n|\n|t:|1700871298\n|move|p1a: Mutated ball sack|Spikes|p2a: Gliscor\n|-sidestart|p2: bugmonobestmono|Spikes\n|move|p2a: Gliscor|Spikes|p1a: Mutated ball sack\n|-sidestart|p1: Jack the Ripper21|Spikes\n|\n|upkeep\n|turn|7\n|c|\u2606Jack the Ripper21|tsk tsk\n|\n|t:|1700871305\n|switch|p2a: Celesteela|Celesteela|100\/100\n|-damage|p2a: Celesteela|88\/100|[from] Stealth Rock\n|move|p1a: Mutated ball sack|Mortal Spin|p2a: Celesteela\n|-immune|p2a: Celesteela\n|\n|-heal|p2a: Celesteela|94\/100|[from] item: Leftovers\n|upkeep\n|turn|8\n|c|\u2606Jack the Ripper21|damn\n|c|\u2606Jack the Ripper21|nvm\n|\n|t:|1700871318\n|switch|p1a: Frogs|Venusaur, F|100\/100\n|-damage|p1a: Frogs|76\/100|[from] Spikes\n|move|p2a: Celesteela|Air Slash|p1a: Frogs|[miss]\n|-miss|p2a: Celesteela|p1a: Frogs\n|\n|-heal|p2a: Celesteela|99\/100|[from] item: Leftovers\n|upkeep\n|turn|9\n|\n|t:|1700871327\n|switch|p2a: Sinistcha|Sinistcha|100\/100\n|-damage|p2a: Sinistcha|88\/100|[from] Stealth Rock\n|-damage|p2a: Sinistcha|63\/100|[from] Spikes\n|detailschange|p1a: Frogs|Venusaur-Mega, F\n|-mega|p1a: Frogs|Venusaur|Venusaurite\n|move|p1a: Frogs|Leech Seed|p2a: Sinistcha\n|-immune|p2a: Sinistcha\n|\n|-heal|p2a: Sinistcha|69\/100|[from] item: Leftovers\n|upkeep\n|turn|10\n|\n|t:|1700871342\n|switch|p2a: Magnezone|Magnezone|100\/100\n|-damage|p2a: Magnezone|94\/100|[from] Stealth Rock\n|-damage|p2a: Magnezone|69\/100|[from] Spikes\n|move|p1a: Frogs|Sludge Bomb|p2a: Magnezone\n|-immune|p2a: Magnezone\n|\n|-heal|p2a: Magnezone|75\/100|[from] item: Leftovers\n|upkeep\n|turn|11\n|\n|t:|1700871351\n|move|p1a: Frogs|Leech Seed|p2a: Magnezone\n|-start|p2a: Magnezone|move: Leech Seed\n|move|p2a: Magnezone|Thunder Wave|p1a: Frogs\n|-status|p1a: Frogs|par\n|\n|-heal|p2a: Magnezone|82\/100|[from] item: Leftovers\n|-damage|p2a: Magnezone|69\/100|[from] Leech Seed|[of] p1a: Frogs\n|-heal|p1a: Frogs|88\/100 par|[silent]\n|upkeep\n|turn|12\n|\n|t:|1700871363\n|switch|p2a: Celesteela|Celesteela|99\/100\n|-damage|p2a: Celesteela|88\/100|[from] Stealth Rock\n|move|p1a: Frogs|Giga Drain|p2a: Celesteela\n|-resisted|p2a: Celesteela\n|-damage|p2a: Celesteela|81\/100\n|-heal|p1a: Frogs|91\/100 par|[from] drain|[of] p2a: Celesteela\n|\n|-heal|p2a: Celesteela|87\/100|[from] item: Leftovers\n|upkeep\n|turn|13\n|\n|t:|1700871372\n|move|p2a: Celesteela|Substitute|p2a: Celesteela\n|-start|p2a: Celesteela|Substitute\n|-damage|p2a: Celesteela|63\/100\n|cant|p1a: Frogs|par\n|\n|-heal|p2a: Celesteela|69\/100|[from] item: Leftovers\n|upkeep\n|turn|14\n|\n|t:|1700871382\n|move|p2a: Celesteela|Air Slash|p1a: Frogs\n|-supereffective|p1a: Frogs\n|-damage|p1a: Frogs|45\/100 par\n|move|p1a: Frogs|Giga Drain|p2a: Celesteela\n|-resisted|p2a: Celesteela\n|-activate|p2a: Celesteela|move: Substitute|[damage]\n|-heal|p1a: Frogs|48\/100 par|[from] drain|[of] p2a: Celesteela\n|\n|-heal|p2a: Celesteela|75\/100|[from] item: Leftovers\n|upkeep\n|turn|15\n|\n|t:|1700871393\n|move|p2a: Celesteela|Air Slash|p1a: Frogs|[miss]\n|-miss|p2a: Celesteela|p1a: Frogs\n|move|p1a: Frogs|Giga Drain|p2a: Celesteela\n|-resisted|p2a: Celesteela\n|-activate|p2a: Celesteela|move: Substitute|[damage]\n|-heal|p1a: Frogs|51\/100 par|[from] drain|[of] p2a: Celesteela\n|\n|-heal|p2a: Celesteela|81\/100|[from] item: Leftovers\n|upkeep\n|turn|16\n|\n|t:|1700871402\n|move|p2a: Celesteela|Air Slash|p1a: Frogs\n|-supereffective|p1a: Frogs\n|-damage|p1a: Frogs|8\/100 par\n|cant|p1a: Frogs|par\n|\n|-heal|p2a: Celesteela|87\/100|[from] item: Leftovers\n|upkeep\n|turn|17\n|\n|t:|1700871409\n|move|p2a: Celesteela|Air Slash|p1a: Frogs\n|-supereffective|p1a: Frogs\n|-damage|p1a: Frogs|0 fnt\n|faint|p1a: Frogs\n|-ability|p2a: Celesteela|Beast Boost|boost\n|-boost|p2a: Celesteela|def|1\n|\n|-heal|p2a: Celesteela|93\/100|[from] item: Leftovers\n|upkeep\n|c|\u2606Jack the Ripper21|damn\n|\n|t:|1700871418\n|switch|p1a: Ripper|Sneasler, F|100\/100\n|-damage|p1a: Ripper|76\/100|[from] Spikes\n|turn|18\n|\n|t:|1700871422\n|move|p1a: Ripper|Fake Out|p2a: Celesteela\n|-enditem|p1a: Ripper|Normal Gem|[from] gem\n|-resisted|p2a: Celesteela\n|-activate|p2a: Celesteela|move: Substitute|[damage]\n|move|p2a: Celesteela|Substitute|p2a: Celesteela\n|-fail|p2a: Celesteela|move: Substitute\n|\n|-heal|p2a: Celesteela|99\/100|[from] item: Leftovers\n|upkeep\n|turn|19\n|\n|t:|1700871433\n|-terastallize|p1a: Ripper|Flying\n|move|p1a: Ripper|Acrobatics|p2a: Celesteela\n|-resisted|p2a: Celesteela\n|-end|p2a: Celesteela|Substitute\n|move|p2a: Celesteela|Substitute|p2a: Celesteela\n|-start|p2a: Celesteela|Substitute\n|-damage|p2a: Celesteela|74\/100\n|\n|-heal|p2a: Celesteela|80\/100|[from] item: Leftovers\n|upkeep\n|turn|20\n|\n|t:|1700871443\n|move|p1a: Ripper|Acrobatics|p2a: Celesteela\n|-resisted|p2a: Celesteela\n|-activate|p2a: Celesteela|move: Substitute|[damage]\n|move|p2a: Celesteela|Heavy Slam|p1a: Ripper\n|-damage|p1a: Ripper|9\/100\n|\n|-heal|p2a: Celesteela|86\/100|[from] item: Leftovers\n|upkeep\n|turn|21\n|l|\u2606Jack the Ripper21\n|inactive|Jack the Ripper21 disconnected and has 300 seconds to reconnect!\n|player|p1|\n|inactive|Jack the Ripper21 has 270 seconds to reconnect!\n|j|\u2606Jack the Ripper21\n|inactive|Jack the Ripper21 reconnected and has 280 seconds left.\n|player|p1|Jack the Ripper21|gentleman-gen4dp\n|c|\u2606Jack the Ripper21|sorry i crashed\n|inactive|Jack the Ripper21 has 270 seconds left.\n|\n|t:|1700871519\n|move|p1a: Ripper|Acrobatics|p2a: Celesteela\n|-resisted|p2a: Celesteela\n|-activate|p2a: Celesteela|move: Substitute|[damage]\n|move|p2a: Celesteela|Substitute|p2a: Celesteela\n|-fail|p2a: Celesteela|move: Substitute\n|\n|-heal|p2a: Celesteela|92\/100|[from] item: Leftovers\n|upkeep\n|turn|22\n|c|\u2606bugmonobestmono|ur fine\n|\n|t:|1700871528\n|move|p1a: Ripper|Acrobatics|p2a: Celesteela\n|-resisted|p2a: Celesteela\n|-end|p2a: Celesteela|Substitute\n|move|p2a: Celesteela|Substitute|p2a: Celesteela\n|-start|p2a: Celesteela|Substitute\n|-damage|p2a: Celesteela|67\/100\n|\n|-heal|p2a: Celesteela|73\/100|[from] item: Leftovers\n|upkeep\n|turn|23\n|c|\u2606Jack the Ripper21|i probably could of played this better\n|inactive|Jack the Ripper21 has 270 seconds left.\n|\n|t:|1700871545\n|move|p1a: Ripper|Close Combat|p2a: Celesteela\n|-end|p2a: Celesteela|Substitute\n|-unboost|p1a: Ripper|def|1\n|-unboost|p1a: Ripper|spd|1\n|move|p2a: Celesteela|Heavy Slam|p1a: Ripper\n|-damage|p1a: Ripper|0 fnt\n|faint|p1a: Ripper\n|-ability|p2a: Celesteela|Beast Boost|boost\n|-boost|p2a: Celesteela|def|1\n|\n|-heal|p2a: Celesteela|79\/100|[from] item: Leftovers\n|upkeep\n|inactive|Jack the Ripper21 has 270 seconds left.\n|c|\u2606bugmonobestmono|idk about that\n|\n|t:|1700871557\n|switch|p1a: YOHOHOHOHO|Nihilego|100\/100\n|-damage|p1a: YOHOHOHOHO|76\/100|[from] Spikes\n|turn|24\n|\n|t:|1700871562\n|move|p1a: YOHOHOHOHO|Meteor Beam||[still]\n|-prepare|p1a: YOHOHOHOHO|Meteor Beam\n|-boost|p1a: YOHOHOHOHO|spa|1\n|-enditem|p1a: YOHOHOHOHO|Power Herb\n|-anim|p1a: YOHOHOHOHO|Meteor Beam|p2a: Celesteela\n|-damage|p2a: Celesteela|0 fnt\n|faint|p2a: Celesteela\n|-ability|p1a: YOHOHOHOHO|Beast Boost|boost\n|-boost|p1a: YOHOHOHOHO|spe|1\n|\n|upkeep\n|\n|t:|1700871569\n|switch|p2a: Magnezone|Magnezone|69\/100\n|-damage|p2a: Magnezone|63\/100|[from] Stealth Rock\n|-damage|p2a: Magnezone|38\/100|[from] Spikes\n|turn|25\n|\n|t:|1700871577\n|move|p1a: YOHOHOHOHO|Grass Knot|p2a: Magnezone\n|-resisted|p2a: Magnezone\n|-damage|p2a: Magnezone|11\/100\n|move|p2a: Magnezone|Flash Cannon|p1a: YOHOHOHOHO\n|-supereffective|p1a: YOHOHOHOHO\n|-damage|p1a: YOHOHOHOHO|22\/100\n|\n|-heal|p2a: Magnezone|17\/100|[from] item: Leftovers\n|upkeep\n|turn|26\n|\n|t:|1700871585\n|move|p1a: YOHOHOHOHO|Grass Knot|p2a: Magnezone\n|-resisted|p2a: Magnezone\n|-damage|p2a: Magnezone|0 fnt\n|faint|p2a: Magnezone\n|-ability|p1a: YOHOHOHOHO|Beast Boost|boost\n|-boost|p1a: YOHOHOHOHO|spe|1\n|\n|upkeep\n|\n|t:|1700871587\n|switch|p2a: Absol|Absol, F|100\/100\n|-damage|p2a: Absol|88\/100|[from] Stealth Rock\n|-damage|p2a: Absol|64\/100|[from] Spikes\n|turn|27\n|\n|t:|1700871597\n|switch|p1a: Clodsire|Clodsire, M|100\/100\n|-damage|p1a: Clodsire|75\/100|[from] Spikes\n|detailschange|p2a: Absol|Absol-Mega, F\n|-mega|p2a: Absol|Absol|Absolite\n|move|p2a: Absol|Sucker Punch||[still]\n|-fail|p2a: Absol\n|\n|-heal|p1a: Clodsire|82\/100|[from] item: Leftovers\n|upkeep\n|turn|28\n|\n|t:|1700871609\n|move|p2a: Absol|Sucker Punch||[still]\n|-fail|p2a: Absol\n|move|p1a: Clodsire|Curse|p1a: Clodsire\n|-unboost|p1a: Clodsire|spe|1\n|-boost|p1a: Clodsire|atk|1\n|-boost|p1a: Clodsire|def|1\n|\n|-heal|p1a: Clodsire|88\/100|[from] item: Leftovers\n|upkeep\n|turn|29\n|c|\u2606Jack the Ripper21|clodsire\n|\n|t:|1700871617\n|switch|p2a: Gliscor|Gliscor, M|100\/100 tox\n|-damage|p2a: Gliscor|88\/100 tox|[from] Stealth Rock\n|move|p1a: Clodsire|Toxic|p2a: Gliscor\n|-fail|p2a: Gliscor|tox\n|\n|-heal|p1a: Clodsire|94\/100|[from] item: Leftovers\n|-heal|p2a: Gliscor|100\/100 tox|[from] ability: Poison Heal\n|upkeep\n|turn|30\n|\n|t:|1700871628\n|move|p2a: Gliscor|Earthquake|p1a: Clodsire\n|-supereffective|p1a: Clodsire\n|-damage|p1a: Clodsire|43\/100\n|move|p1a: Clodsire|Curse|p1a: Clodsire\n|-unboost|p1a: Clodsire|spe|1\n|-boost|p1a: Clodsire|atk|1\n|-boost|p1a: Clodsire|def|1\n|\n|-heal|p1a: Clodsire|49\/100|[from] item: Leftovers\n|upkeep\n|turn|31\n|\n|t:|1700871638\n|move|p2a: Gliscor|Earthquake|p1a: Clodsire\n|-supereffective|p1a: Clodsire\n|-damage|p1a: Clodsire|15\/100\n|move|p1a: Clodsire|Recover|p1a: Clodsire\n|-heal|p1a: Clodsire|65\/100\n|\n|-heal|p1a: Clodsire|71\/100|[from] item: Leftovers\n|upkeep\n|turn|32\n|\n|t:|1700871645\n|move|p2a: Gliscor|Earthquake|p1a: Clodsire\n|-supereffective|p1a: Clodsire\n|-damage|p1a: Clodsire|32\/100\n|move|p1a: Clodsire|Curse|p1a: Clodsire\n|-unboost|p1a: Clodsire|spe|1\n|-boost|p1a: Clodsire|atk|1\n|-boost|p1a: Clodsire|def|1\n|\n|-heal|p1a: Clodsire|38\/100|[from] item: Leftovers\n|upkeep\n|turn|33\n|c|\u2606Jack the Ripper21|i don't got much for gliscor tbh\n|\n|t:|1700871661\n|move|p2a: Gliscor|Earthquake|p1a: Clodsire\n|-supereffective|p1a: Clodsire\n|-damage|p1a: Clodsire|7\/100\n|move|p1a: Clodsire|Recover|p1a: Clodsire\n|-heal|p1a: Clodsire|57\/100\n|\n|-heal|p1a: Clodsire|63\/100|[from] item: Leftovers\n|upkeep\n|turn|34\n|c|\u2606Jack the Ripper21|i wonder does clodsire learn a rock move\n|\n|t:|1700871680\n|switch|p2a: Sinistcha|Sinistcha|69\/100\n|-damage|p2a: Sinistcha|57\/100|[from] Stealth Rock\n|-damage|p2a: Sinistcha|32\/100|[from] Spikes\n|move|p1a: Clodsire|Curse|p1a: Clodsire\n|-unboost|p1a: Clodsire|spe|1\n|-boost|p1a: Clodsire|atk|1\n|-boost|p1a: Clodsire|def|1\n|\n|-heal|p2a: Sinistcha|38\/100|[from] item: Leftovers\n|-heal|p1a: Clodsire|69\/100|[from] item: Leftovers\n|upkeep\n|turn|35\n|\n|t:|1700871692\n|move|p2a: Sinistcha|Matcha Gotcha|p1a: Clodsire\n|-damage|p1a: Clodsire|49\/100\n|-heal|p2a: Sinistcha|52\/100|[from] drain|[of] p1a: Clodsire\n|move|p1a: Clodsire|Toxic|p2a: Sinistcha\n|-status|p2a: Sinistcha|tox\n|\n|-heal|p2a: Sinistcha|58\/100 tox|[from] item: Leftovers\n|-heal|p1a: Clodsire|56\/100|[from] item: Leftovers\n|-damage|p2a: Sinistcha|52\/100 tox|[from] psn\n|upkeep\n|turn|36\n|\n|t:|1700871706\n|move|p2a: Sinistcha|Matcha Gotcha|p1a: Clodsire\n|-damage|p1a: Clodsire|35\/100\n|-heal|p2a: Sinistcha|65\/100 tox|[from] drain|[of] p1a: Clodsire\n|move|p1a: Clodsire|Earthquake|p2a: Sinistcha\n|-resisted|p2a: Sinistcha\n|-damage|p2a: Sinistcha|24\/100 tox\n|\n|-heal|p2a: Sinistcha|30\/100 tox|[from] item: Leftovers\n|-heal|p1a: Clodsire|42\/100|[from] item: Leftovers\n|-damage|p2a: Sinistcha|18\/100 tox|[from] psn\n|upkeep\n|turn|37\n|\n|t:|1700871717\n|move|p2a: Sinistcha|Matcha Gotcha|p1a: Clodsire\n|-damage|p1a: Clodsire|20\/100\n|-heal|p2a: Sinistcha|32\/100 tox|[from] drain|[of] p1a: Clodsire\n|move|p1a: Clodsire|Recover|p1a: Clodsire\n|-heal|p1a: Clodsire|70\/100\n|\n|-heal|p2a: Sinistcha|38\/100 tox|[from] item: Leftovers\n|-heal|p1a: Clodsire|76\/100|[from] item: Leftovers\n|-damage|p2a: Sinistcha|20\/100 tox|[from] psn\n|upkeep\n|turn|38\n|\n|t:|1700871730\n|move|p2a: Sinistcha|Matcha Gotcha|p1a: Clodsire\n|-damage|p1a: Clodsire|54\/100\n|-heal|p2a: Sinistcha|35\/100 tox|[from] drain|[of] p1a: Clodsire\n|move|p1a: Clodsire|Curse|p1a: Clodsire\n|-unboost|p1a: Clodsire|spe|1\n|-boost|p1a: Clodsire|atk|1\n|-boost|p1a: Clodsire|def|1\n|\n|-heal|p2a: Sinistcha|42\/100 tox|[from] item: Leftovers\n|-heal|p1a: Clodsire|60\/100|[from] item: Leftovers\n|-damage|p2a: Sinistcha|17\/100 tox|[from] psn\n|upkeep\n|turn|39\n|c|\u2606Jack the Ripper21|clodsire\n|\n|t:|1700871748\n|move|p2a: Sinistcha|Matcha Gotcha|p1a: Clodsire\n|-crit|p1a: Clodsire\n|-damage|p1a: Clodsire|28\/100\n|-heal|p2a: Sinistcha|39\/100 tox|[from] drain|[of] p1a: Clodsire\n|move|p1a: Clodsire|Curse|p1a: Clodsire\n|-unboost|p1a: Clodsire|spe|1\n|-boost|p1a: Clodsire|atk|1\n|-boost|p1a: Clodsire|def|1\n|\n|-heal|p2a: Sinistcha|45\/100 tox|[from] item: Leftovers\n|-heal|p1a: Clodsire|35\/100|[from] item: Leftovers\n|-damage|p2a: Sinistcha|14\/100 tox|[from] psn\n|upkeep\n|turn|40\n|\n|t:|1700871762\n|move|p2a: Sinistcha|Matcha Gotcha|p1a: Clodsire\n|-damage|p1a: Clodsire|14\/100\n|-heal|p2a: Sinistcha|28\/100 tox|[from] drain|[of] p1a: Clodsire\n|-status|p1a: Clodsire|brn\n|move|p1a: Clodsire|Recover|p1a: Clodsire\n|-heal|p1a: Clodsire|64\/100 brn\n|\n|-heal|p2a: Sinistcha|34\/100 tox|[from] item: Leftovers\n|-heal|p1a: Clodsire|71\/100 brn|[from] item: Leftovers\n|-damage|p2a: Sinistcha|0 fnt|[from] psn\n|faint|p2a: Sinistcha\n|-damage|p1a: Clodsire|64\/100 brn|[from] brn\n|upkeep\n|c|\u2606Jack the Ripper21|you finally got that burn\n|c|\u2606bugmonobestmono|yup\n|\n|t:|1700871780\n|switch|p2a: Gliscor|Gliscor, M|100\/100 tox\n|-damage|p2a: Gliscor|88\/100 tox|[from] Stealth Rock\n|turn|41\n|\n|t:|1700871788\n|move|p2a: Gliscor|Toxic|p1a: Clodsire|[miss]\n|-miss|p2a: Gliscor|p1a: Clodsire\n|move|p1a: Clodsire|Toxic|p2a: Gliscor\n|-fail|p2a: Gliscor|tox\n|\n|-heal|p1a: Clodsire|71\/100 brn|[from] item: Leftovers\n|-heal|p2a: Gliscor|100\/100 tox|[from] ability: Poison Heal\n|-damage|p1a: Clodsire|64\/100 brn|[from] brn\n|upkeep\n|turn|42\n|c|\u2606Jack the Ripper21|now its a stall fest\n|c|\u2606bugmonobestmono|:)\n|\n|t:|1700871797\n|move|p2a: Gliscor|Toxic||[still]\n|-fail|p2a: Gliscor\n|move|p1a: Clodsire|Toxic|p2a: Gliscor\n|-fail|p2a: Gliscor|tox\n|\n|-heal|p1a: Clodsire|71\/100 brn|[from] item: Leftovers\n|-damage|p1a: Clodsire|64\/100 brn|[from] brn\n|upkeep\n|turn|43\n|\n|t:|1700871805\n|move|p2a: Gliscor|Spikes||[still]\n|-fail|p2a: Gliscor\n|move|p1a: Clodsire|Toxic|p2a: Gliscor\n|-fail|p2a: Gliscor|tox\n|\n|-heal|p1a: Clodsire|71\/100 brn|[from] item: Leftovers\n|-damage|p1a: Clodsire|64\/100 brn|[from] brn\n|upkeep\n|turn|44\n|c|\u2606bugmonobestmono|and with spikes, I win the war\n|\n|t:|1700871813\n|move|p2a: Gliscor|Spikes||[still]\n|-fail|p2a: Gliscor\n|move|p1a: Clodsire|Toxic|p2a: Gliscor\n|-fail|p2a: Gliscor|tox\n|\n|-heal|p1a: Clodsire|71\/100 brn|[from] item: Leftovers\n|-damage|p1a: Clodsire|64\/100 brn|[from] brn\n|upkeep\n|turn|45\n|\n|t:|1700871827\n|switch|p1a: Mutated ball sack|Glimmora, M|100\/100\n|-item|p1a: Mutated ball sack|Air Balloon\n|move|p2a: Gliscor|Spikes||[still]\n|-fail|p2a: Gliscor\n|\n|upkeep\n|turn|46\n|\n|t:|1700871834\n|move|p1a: Mutated ball sack|Mortal Spin|p2a: Gliscor\n|-resisted|p2a: Gliscor\n|-damage|p2a: Gliscor|99\/100 tox\n|-sideend|p1: Jack the Ripper21|Spikes|[from] move: Mortal Spin|[of] p1a: Mutated ball sack\n|move|p2a: Gliscor|Spikes|p1a: Mutated ball sack\n|-sidestart|p1: Jack the Ripper21|Spikes\n|\n|-heal|p2a: Gliscor|100\/100 tox|[from] ability: Poison Heal\n|upkeep\n|turn|47\n|c|\u2606Jack the Ripper21|here you go\n|\n|t:|1700871845\n|move|p1a: Mutated ball sack|Mortal Spin|p2a: Gliscor\n|-resisted|p2a: Gliscor\n|-damage|p2a: Gliscor|98\/100 tox\n|-sideend|p1: Jack the Ripper21|Spikes|[from] move: Mortal Spin|[of] p1a: Mutated ball sack\n|move|p2a: Gliscor|Spikes|p1a: Mutated ball sack\n|-sidestart|p1: Jack the Ripper21|Spikes\n|\n|-heal|p2a: Gliscor|100\/100 tox|[from] ability: Poison Heal\n|upkeep\n|turn|48\n|\n|t:|1700871852\n|move|p1a: Mutated ball sack|Stealth Rock||[still]\n|-fail|p1a: Mutated ball sack\n|move|p2a: Gliscor|Toxic|p1a: Mutated ball sack\n|-immune|p1a: Mutated ball sack\n|\n|upkeep\n|turn|49\n|\n|t:|1700871859\n|move|p1a: Mutated ball sack|Stealth Rock||[still]\n|-fail|p1a: Mutated ball sack\n|move|p2a: Gliscor|Toxic|p1a: Mutated ball sack\n|-immune|p1a: Mutated ball sack\n|\n|upkeep\n|turn|50\n|c|\u2606Jack the Ripper21|with rocks and spikes i win the war\n|\n|t:|1700871871\n|move|p1a: Mutated ball sack|Stealth Rock||[still]\n|-fail|p1a: Mutated ball sack\n|move|p2a: Gliscor|Toxic|p1a: Mutated ball sack\n|-immune|p1a: Mutated ball sack\n|\n|upkeep\n|turn|51\n|\n|t:|1700871876\n|switch|p2a: Absol|Absol-Mega, F|64\/100\n|-damage|p2a: Absol|51\/100|[from] Stealth Rock\n|-damage|p2a: Absol|27\/100|[from] Spikes\n|move|p1a: Mutated ball sack|Stealth Rock|p2a: Absol\n|move|p2a: Absol|Stealth Rock|p1a: Mutated ball sack|[from]ability: Magic Bounce\n|-sidestart|p1: Jack the Ripper21|move: Stealth Rock\n|\n|upkeep\n|turn|52\n|\n|t:|1700871887\n|move|p2a: Absol|Close Combat|p1a: Mutated ball sack\n|-damage|p1a: Mutated ball sack|48\/100\n|-unboost|p2a: Absol|def|1\n|-unboost|p2a: Absol|spd|1\n|-activate|p1a: Mutated ball sack|ability: Toxic Debris\n|-sidestart|p2: bugmonobestmono|move: Toxic Spikes\n|-enditem|p1a: Mutated ball sack|Air Balloon\n|move|p1a: Mutated ball sack|Mortal Spin|p2a: Absol\n|-damage|p2a: Absol|11\/100\n|-status|p2a: Absol|psn\n|-sideend|p1: Jack the Ripper21|Spikes|[from] move: Mortal Spin|[of] p1a: Mutated ball sack\n|-sideend|p1: Jack the Ripper21|Stealth Rock|[from] move: Mortal Spin|[of] p1a: Mutated ball sack\n|\n|-damage|p2a: Absol|0 fnt|[from] psn\n|faint|p2a: Absol\n|upkeep\n|\n|t:|1700871890\n|switch|p2a: Gliscor|Gliscor, M|100\/100 tox\n|-damage|p2a: Gliscor|88\/100 tox|[from] Stealth Rock\n|turn|53\n|c|\u2606Jack the Ripper21|i wish that would work\n|c|\u2606Jack the Ripper21|but now you broke my\n|c|\u2606Jack the Ripper21|only way of stall\n|c|\u2606bugmonobestmono|yup\n|\n|t:|1700871912\n|move|p1a: Mutated ball sack|Mortal Spin|p2a: Gliscor\n|-resisted|p2a: Gliscor\n|-damage|p2a: Gliscor|86\/100 tox\n|move|p2a: Gliscor|Earthquake|p1a: Mutated ball sack\n|-supereffective|p1a: Mutated ball sack\n|-damage|p1a: Mutated ball sack|0 fnt\n|-activate|p1a: Mutated ball sack|ability: Toxic Debris\n|-sidestart|p2: bugmonobestmono|move: Toxic Spikes\n|faint|p1a: Mutated ball sack\n|\n|-heal|p2a: Gliscor|99\/100 tox|[from] ability: Poison Heal\n|upkeep\n|inactive|Jack the Ripper21 has 270 seconds left.\n|\n|t:|1700871928\n|switch|p1a: YOHOHOHOHO|Nihilego|22\/100\n|turn|54\n|c|\u2606Jack the Ripper21|gg\n|\n|t:|1700871932\n|move|p1a: YOHOHOHOHO|Grass Knot|p2a: Gliscor\n|-damage|p2a: Gliscor|76\/100 tox\n|move|p2a: Gliscor|Earthquake|p1a: YOHOHOHOHO\n|-supereffective|p1a: YOHOHOHOHO\n|-crit|p1a: YOHOHOHOHO\n|-damage|p1a: YOHOHOHOHO|0 fnt\n|faint|p1a: YOHOHOHOHO\n|\n|-heal|p2a: Gliscor|88\/100 tox|[from] ability: Poison Heal\n|upkeep\n|c|\u2606bugmonobestmono|gg\n|c|\u2606Jack the Ripper21|the best i can do is that\n|\n|t:|1700871941\n|switch|p1a: Clodsire|Clodsire, M|64\/100 brn\n|turn|55\n|c|\u2606Jack the Ripper21|like i said nothing for gliscor\n|\n|t:|1700871949\n|move|p2a: Gliscor|Earthquake|p1a: Clodsire\n|-supereffective|p1a: Clodsire\n|-damage|p1a: Clodsire|0 fnt\n|faint|p1a: Clodsire\n|\n|win|bugmonobestmono\n|c|\u2606bugmonobestmono|ye\n|c|\u2606bugmonobestmono|gg\n|c|\u2606Jack the Ripper21|gg\n|c|\u2606bugmonobestmono|yugioh?\n|c|\u2606Jack the Ripper21|ima run more attacks on venusaur\n|c|\u2606bugmonobestmono|no, your venasaur is fine\n|c|\u2606Jack the Ripper21|and maybe a attack that can hit flying types with glimmora\n|c|\u2606bugmonobestmono|i'd say just run hp ice on nihilego\n|c|\u2606Jack the Ripper21|i mean tera ice could do something\n|c|\u2606Jack the Ripper21|i didn't want to rematch because i wanted to stop for today ;-; but i did it for fun\n|c|\u2606bugmonobestmono|oh\n|c|\u2606bugmonobestmono|sry\n|c|\u2606Jack the Ripper21|its fine\n|c|\u2606bugmonobestmono|you up for some yugioh?\n|c|\u2606Jack the Ripper21|i got to do some stuff though rq\n|c|\u2606bugmonobestmono|aight\n|c|\u2606Jack the Ripper21|but yeah i had like  2 other fights today that took a lot out of me\n|c|\u2606Jack the Ripper21|since one was annoying stall\n|c|\u2606Jack the Ripper21|and the other was a close match\n","uploadtime":1700872313,"views":3,"p1id":"jacktheripper21","p2id":"bugmonobestmono","formatid":"gen9nationaldex","rating":0,"private":0,"password":""}