{"id":"gen9nationaldex-1987184342","p1":"Apple Pie enjoyer","p2":"Amasaki \u2606","format":"[Gen 9] National Dex","log":"|j|\u2606Apple Pie enjoyer\n|j|\u2606Amasaki \u2606\n|t:|1699563214\n|gametype|singles\n|player|p1|Apple Pie enjoyer|pokemonbreederf-gen4|\n|player|p2|Amasaki \u2606|#perishsong|\n|teamsize|p1|6\n|teamsize|p2|6\n|gen|9\n|tier|[Gen 9] National Dex\n|rule|HP Percentage Mod: HP is shown in percentages\n|rule|Endless Battle Clause: Forcing endless battles is banned\n|rule|OHKO Clause: OHKO moves are banned\n|rule|Evasion Clause: Evasion abilities, items, and moves are banned\n|rule|Evasion Abilities Clause: Evasion abilities are banned\n|rule|Evasion Items Clause: Evasion items are banned\n|rule|Evasion Moves Clause: Evasion moves are banned\n|rule|Species Clause: Limit one of each Pok\u00e9mon\n|rule|Sleep Clause Mod: Limit one foe put to sleep\n|clearpoke\n|poke|p1|Iron Valiant|\n|poke|p1|Krookodile, F|\n|poke|p1|Volcarona, F|\n|poke|p1|Absol, F|\n|poke|p1|Kartana|\n|poke|p1|Armarouge, M|\n|poke|p2|Greninja-*, M|\n|poke|p2|Great Tusk|\n|poke|p2|Ferrothorn, M|\n|poke|p2|Slowbro, F|\n|poke|p2|Zamazenta-*|\n|poke|p2|Sandy Shocks|\n|teampreview\n|inactive|Battle timer is ON: inactive players will automatically lose when time's up. (requested by Apple Pie enjoyer)\n|c|\u2606Amasaki \u2606|hd\n|c|\u2606Amasaki \u2606|hf**\n|c|\u2606Apple Pie enjoyer|u2\n|inactiveoff|Battle timer is now OFF.\n|\n|t:|1699563240\n|start\n|switch|p1a: Krookodile|Krookodile, F|100\/100\n|switch|p2a: Slowbro|Slowbro, F|100\/100\n|-ability|p1a: Krookodile|Intimidate|boost\n|-unboost|p2a: Slowbro|atk|1\n|turn|1\n|\n|t:|1699563245\n|move|p1a: Krookodile|Knock Off|p2a: Slowbro\n|-supereffective|p2a: Slowbro\n|-crit|p2a: Slowbro\n|-enditem|p2a: Slowbro|Colbur Berry|[eat]\n|-enditem|p2a: Slowbro|Colbur Berry|[weaken]\n|-damage|p2a: Slowbro|56\/100\n|move|p2a: Slowbro|Scald|p1a: Krookodile\n|-supereffective|p1a: Krookodile\n|-damage|p1a: Krookodile|19\/100\n|-status|p1a: Krookodile|brn\n|\n|-damage|p1a: Krookodile|13\/100 brn|[from] brn\n|upkeep\n|turn|2\n|\n|t:|1699563251\n|move|p1a: Krookodile|Knock Off|p2a: Slowbro\n|-supereffective|p2a: Slowbro\n|-damage|p2a: Slowbro|37\/100\n|move|p2a: Slowbro|Slack Off|p2a: Slowbro\n|-heal|p2a: Slowbro|87\/100\n|\n|-damage|p1a: Krookodile|7\/100 brn|[from] brn\n|upkeep\n|turn|3\n|\n|t:|1699563255\n|move|p1a: Krookodile|Knock Off|p2a: Slowbro\n|-supereffective|p2a: Slowbro\n|-damage|p2a: Slowbro|70\/100\n|move|p2a: Slowbro|Teleport|p2a: Slowbro\n|\n|t:|1699563258\n|switch|p2a: Ferrothorn|Ferrothorn, M|100\/100|[from] Teleport\n|\n|-damage|p1a: Krookodile|1\/100 brn|[from] brn\n|upkeep\n|turn|4\n|\n|t:|1699563262\n|move|p1a: Krookodile|Knock Off|p2a: Ferrothorn\n|-damage|p2a: Ferrothorn|81\/100\n|-damage|p1a: Krookodile|0 fnt|[from] ability: Iron Barbs|[of] p2a: Ferrothorn\n|faint|p1a: Krookodile\n|move|p2a: Ferrothorn|Spikes|p1: Krookodile\n|-sidestart|p1: Apple Pie enjoyer|Spikes\n|\n|-heal|p2a: Ferrothorn|88\/100|[from] item: Leftovers\n|upkeep\n|\n|t:|1699563284\n|switch|p1a: Volcarona|Volcarona, F|100\/100\n|turn|5\n|\n|t:|1699563287\n|move|p1a: Volcarona|Quiver Dance|p1a: Volcarona\n|-boost|p1a: Volcarona|spa|1\n|-boost|p1a: Volcarona|spd|1\n|-boost|p1a: Volcarona|spe|1\n|move|p2a: Ferrothorn|Thunder Wave|p1a: Volcarona\n|-status|p1a: Volcarona|par\n|\n|-heal|p2a: Ferrothorn|94\/100|[from] item: Leftovers\n|upkeep\n|turn|6\n|\n|t:|1699563301\n|switch|p2a: Zamazenta|Zamazenta|100\/100\n|-ability|p2a: Zamazenta|Dauntless Shield|boost\n|-boost|p2a: Zamazenta|def|1\n|move|p1a: Volcarona|Quiver Dance|p1a: Volcarona\n|-boost|p1a: Volcarona|spa|1\n|-boost|p1a: Volcarona|spd|1\n|-boost|p1a: Volcarona|spe|1\n|\n|upkeep\n|turn|7\n|\n|t:|1699563309\n|-terastallize|p2a: Zamazenta|Water\n|-terastallize|p1a: Volcarona|Grass\n|move|p2a: Zamazenta|Iron Defense|p2a: Zamazenta\n|-boost|p2a: Zamazenta|def|2\n|move|p1a: Volcarona|Quiver Dance|p1a: Volcarona\n|-boost|p1a: Volcarona|spa|1\n|-boost|p1a: Volcarona|spd|1\n|-boost|p1a: Volcarona|spe|1\n|\n|upkeep\n|turn|8\n|\n|t:|1699563313\n|move|p2a: Zamazenta|Body Press|p1a: Volcarona\n|-damage|p1a: Volcarona|0 fnt\n|faint|p1a: Volcarona\n|\n|upkeep\n|c|\u2606Apple Pie enjoyer|dogru\n|c|\u2606Apple Pie enjoyer|bulky setti\n|c|\u2606Amasaki \u2606|._.\n|\n|t:|1699563331\n|switch|p1a: Iron Valiant|Iron Valiant|100\/100\n|-damage|p1a: Iron Valiant|88\/100|[from] Spikes\n|-enditem|p1a: Iron Valiant|Booster Energy\n|-activate|p1a: Iron Valiant|ability: Quark Drive|[fromitem]\n|-start|p1a: Iron Valiant|quarkdrivespe\n|turn|9\n|\n|t:|1699563335\n|move|p1a: Iron Valiant|Moonblast|p2a: Zamazenta\n|-damage|p2a: Zamazenta|66\/100\n|-unboost|p2a: Zamazenta|spa|1\n|move|p2a: Zamazenta|Body Press|p1a: Iron Valiant\n|-resisted|p1a: Iron Valiant\n|-damage|p1a: Iron Valiant|38\/100\n|\n|-heal|p2a: Zamazenta|72\/100|[from] item: Leftovers\n|upkeep\n|turn|10\n|\n|t:|1699563341\n|move|p1a: Iron Valiant|Moonblast|p2a: Zamazenta\n|-damage|p2a: Zamazenta|35\/100\n|-unboost|p2a: Zamazenta|spa|1\n|move|p2a: Zamazenta|Body Press|p1a: Iron Valiant\n|-resisted|p1a: Iron Valiant\n|-damage|p1a: Iron Valiant|0 fnt\n|faint|p1a: Iron Valiant\n|-end|p1a: Iron Valiant|Quark Drive|[silent]\n|\n|-heal|p2a: Zamazenta|41\/100|[from] item: Leftovers\n|upkeep\n|\n|t:|1699563343\n|switch|p1a: Armarouge|Armarouge, M|100\/100\n|-damage|p1a: Armarouge|88\/100|[from] Spikes\n|turn|11\n|\n|t:|1699563348\n|move|p2a: Zamazenta|Crunch|p1a: Armarouge\n|-supereffective|p1a: Armarouge\n|-damage|p1a: Armarouge|45\/100\n|move|p1a: Armarouge|Psychic|p2a: Zamazenta\n|-crit|p2a: Zamazenta\n|-damage|p2a: Zamazenta|0 fnt\n|faint|p2a: Zamazenta\n|\n|upkeep\n|\n|t:|1699563352\n|switch|p2a: Greninja|Greninja, M|100\/100\n|turn|12\n|\n|t:|1699563358\n|move|p1a: Armarouge|Psychic|p2a: Greninja\n|-immune|p2a: Greninja\n|move|p2a: Greninja|Surf|p1a: Armarouge\n|-supereffective|p1a: Armarouge\n|-damage|p1a: Armarouge|0 fnt\n|faint|p1a: Armarouge\n|-ability|p2a: Greninja|Battle Bond|boost\n|-boost|p2a: Greninja|atk|1\n|-boost|p2a: Greninja|spa|1\n|-boost|p2a: Greninja|spe|1\n|-activate|p2a: Greninja|ability: Battle Bond\n|-damage|p2a: Greninja|91\/100|[from] item: Life Orb\n|\n|upkeep\n|\n|t:|1699563362\n|switch|p1a: Kartana|Kartana|100\/100\n|-damage|p1a: Kartana|88\/100|[from] Spikes\n|turn|13\n|\n|t:|1699563365\n|move|p2a: Greninja|Dark Pulse|p1a: Kartana\n|-crit|p1a: Kartana\n|-damage|p1a: Kartana|0 fnt\n|faint|p1a: Kartana\n|-damage|p2a: Greninja|81\/100|[from] item: Life Orb\n|\n|upkeep\n|\n|t:|1699563369\n|switch|p1a: Absol|Absol, F|100\/100\n|-damage|p1a: Absol|88\/100|[from] Spikes\n|-ability|p1a: Absol|Pressure\n|turn|14\n|c|\u2606Amasaki \u2606|\u00f6zelden bi\u015fey yazcam k\u0131sa\n|\n|t:|1699563390\n|detailschange|p1a: Absol|Absol-Mega, F\n|-mega|p1a: Absol|Absol|Absolite\n|move|p2a: Greninja|Surf|p1a: Absol\n|-damage|p1a: Absol|0 fnt\n|faint|p1a: Absol\n|-damage|p2a: Greninja|71\/100|[from] item: Life Orb\n|\n|win|Amasaki \u2606\n|c|\u2606Apple Pie enjoyer|gg\n|c|\u2606Amasaki \u2606|gg\n","uploadtime":1699563429,"views":10,"p1id":"applepieenjoyer","p2id":"amasaki","formatid":"gen9nationaldex","rating":0,"private":0,"password":""}