{"id":"gen9nationaldex-1994330342","p1":"Prtbl_Trash","p2":"Eggnthemaster","format":"[Gen 9] National Dex","log":"|j|\u2606Prtbl_Trash\n|j|\u2606Eggnthemaster\n|t:|1700431822\n|gametype|singles\n|player|p1|Prtbl_Trash|rosa|1371\n|player|p2|Eggnthemaster|hilbert|1394\n|teamsize|p1|6\n|teamsize|p2|6\n|gen|9\n|tier|[Gen 9] National Dex\n|rated|\n|rule|HP Percentage Mod: HP is shown in percentages\n|rule|Endless Battle Clause: Forcing endless battles is banned\n|rule|OHKO Clause: OHKO moves are banned\n|rule|Evasion Clause: Evasion abilities, items, and moves are banned\n|rule|Evasion Abilities Clause: Evasion abilities are banned\n|rule|Evasion Items Clause: Evasion items are banned\n|rule|Evasion Moves Clause: Evasion moves are banned\n|rule|Species Clause: Limit one of each Pok\u00e9mon\n|rule|Sleep Clause Mod: Limit one foe put to sleep\n|clearpoke\n|poke|p1|Gallade, M|\n|poke|p1|Corviknight, M|\n|poke|p1|Hydreigon, F|\n|poke|p1|Sandy Shocks|\n|poke|p1|Azumarill, M|\n|poke|p1|Skeledirge, M|\n|poke|p2|Lopunny, F|\n|poke|p2|Excadrill, M|\n|poke|p2|Kommo-o, M|\n|poke|p2|Kartana|\n|poke|p2|Volcarona, M|\n|poke|p2|Tapu Lele|\n|teampreview\n|inactive|Battle timer is ON: inactive players will automatically lose when time's up. (requested by Prtbl_Trash)\n|\n|t:|1700431834\n|start\n|switch|p1a: Gallade|Gallade, M|100\/100\n|switch|p2a: Excadrill|Excadrill, M|100\/100\n|-ability|p2a: Excadrill|Mold Breaker\n|turn|1\n|\n|t:|1700431840\n|detailschange|p1a: Gallade|Gallade-Mega, M\n|-mega|p1a: Gallade|Gallade|Galladite\n|move|p1a: Gallade|Triple Axel|p2a: Excadrill\n|-damage|p2a: Excadrill|89\/100\n|-damage|p2a: Excadrill|66\/100\n|-damage|p2a: Excadrill|31\/100\n|-hitcount|p2a: Excadrill|3\n|move|p2a: Excadrill|Rapid Spin|p1a: Gallade\n|-damage|p1a: Gallade|79\/100\n|-boost|p2a: Excadrill|spe|1\n|\n|upkeep\n|turn|2\n|\n|t:|1700431851\n|switch|p1a: Corviknight|Corviknight, M|100\/100\n|-ability|p1a: Corviknight|Pressure\n|move|p2a: Excadrill|Iron Head|p1a: Corviknight\n|-resisted|p1a: Corviknight\n|-damage|p1a: Corviknight|87\/100\n|-damage|p2a: Excadrill|14\/100|[from] item: Rocky Helmet|[of] p1a: Corviknight\n|\n|upkeep\n|turn|3\n|\n|t:|1700431855\n|move|p2a: Excadrill|Stealth Rock|p1a: Corviknight\n|-sidestart|p1: Prtbl_Trash|move: Stealth Rock\n|move|p1a: Corviknight|Defog|p2a: Excadrill\n|-unboost|p2a: Excadrill|evasion|1\n|-sideend|p1: Prtbl_Trash|Stealth Rock|[from] move: Defog|[of] p1a: Corviknight\n|\n|upkeep\n|turn|4\n|\n|t:|1700431860\n|move|p2a: Excadrill|Stealth Rock|p1a: Corviknight\n|-sidestart|p1: Prtbl_Trash|move: Stealth Rock\n|move|p1a: Corviknight|Defog|p2a: Excadrill\n|-unboost|p2a: Excadrill|evasion|1\n|-sideend|p1: Prtbl_Trash|Stealth Rock|[from] move: Defog|[of] p1a: Corviknight\n|\n|upkeep\n|turn|5\n|\n|t:|1700431867\n|move|p2a: Excadrill|Stealth Rock|p1a: Corviknight\n|-sidestart|p1: Prtbl_Trash|move: Stealth Rock\n|move|p1a: Corviknight|Defog|p2a: Excadrill\n|-unboost|p2a: Excadrill|evasion|1\n|-sideend|p1: Prtbl_Trash|Stealth Rock|[from] move: Defog|[of] p1a: Corviknight\n|\n|upkeep\n|turn|6\n|\n|t:|1700431871\n|move|p2a: Excadrill|Stealth Rock|p1a: Corviknight\n|-sidestart|p1: Prtbl_Trash|move: Stealth Rock\n|move|p1a: Corviknight|Defog|p2a: Excadrill\n|-unboost|p2a: Excadrill|evasion|1\n|-sideend|p1: Prtbl_Trash|Stealth Rock|[from] move: Defog|[of] p1a: Corviknight\n|\n|upkeep\n|turn|7\n|\n|t:|1700431873\n|move|p2a: Excadrill|Stealth Rock|p1a: Corviknight\n|-sidestart|p1: Prtbl_Trash|move: Stealth Rock\n|move|p1a: Corviknight|Defog|p2a: Excadrill\n|-unboost|p2a: Excadrill|evasion|1\n|-sideend|p1: Prtbl_Trash|Stealth Rock|[from] move: Defog|[of] p1a: Corviknight\n|\n|upkeep\n|turn|8\n|\n|t:|1700431876\n|move|p2a: Excadrill|Stealth Rock|p1a: Corviknight\n|-sidestart|p1: Prtbl_Trash|move: Stealth Rock\n|move|p1a: Corviknight|Defog|p2a: Excadrill\n|-unboost|p2a: Excadrill|evasion|1\n|-sideend|p1: Prtbl_Trash|Stealth Rock|[from] move: Defog|[of] p1a: Corviknight\n|\n|upkeep\n|turn|9\n|\n|t:|1700431879\n|move|p2a: Excadrill|Stealth Rock|p1a: Corviknight\n|-sidestart|p1: Prtbl_Trash|move: Stealth Rock\n|move|p1a: Corviknight|Defog|p2a: Excadrill\n|-unboost|p2a: Excadrill|evasion|0\n|-sideend|p1: Prtbl_Trash|Stealth Rock|[from] move: Defog|[of] p1a: Corviknight\n|\n|upkeep\n|turn|10\n|\n|t:|1700431884\n|move|p2a: Excadrill|Stealth Rock|p1a: Corviknight\n|-sidestart|p1: Prtbl_Trash|move: Stealth Rock\n|move|p1a: Corviknight|U-turn|p2a: Excadrill\n|-resisted|p2a: Excadrill\n|-damage|p2a: Excadrill|4\/100\n|\n|t:|1700431889\n|switch|p1a: Hydreigon|Hydreigon, F|100\/100|[from] U-turn\n|-damage|p1a: Hydreigon|88\/100|[from] Stealth Rock\n|\n|upkeep\n|turn|11\n|\n|t:|1700431893\n|move|p1a: Hydreigon|Fire Blast|p2a: Excadrill\n|-supereffective|p2a: Excadrill\n|-damage|p2a: Excadrill|0 fnt\n|faint|p2a: Excadrill\n|\n|upkeep\n|\n|t:|1700431896\n|switch|p2a: Volcarona|Volcarona, M|100\/100\n|turn|12\n|\n|t:|1700431899\n|switch|p1a: Azumarill|Azumarill, M|100\/100\n|-damage|p1a: Azumarill|88\/100|[from] Stealth Rock\n|move|p2a: Volcarona|Quiver Dance|p2a: Volcarona\n|-boost|p2a: Volcarona|spa|1\n|-boost|p2a: Volcarona|spd|1\n|-boost|p2a: Volcarona|spe|1\n|\n|upkeep\n|turn|13\n|\n|t:|1700431905\n|-terastallize|p1a: Azumarill|Water\n|move|p1a: Azumarill|Aqua Jet|p2a: Volcarona\n|-supereffective|p2a: Volcarona\n|-enditem|p2a: Volcarona|Focus Sash\n|-damage|p2a: Volcarona|1\/100\n|move|p2a: Volcarona|Quiver Dance|p2a: Volcarona\n|-boost|p2a: Volcarona|spa|1\n|-boost|p2a: Volcarona|spd|1\n|-boost|p2a: Volcarona|spe|1\n|\n|upkeep\n|turn|14\n|\n|t:|1700431910\n|move|p1a: Azumarill|Aqua Jet|p2a: Volcarona\n|-supereffective|p2a: Volcarona\n|-damage|p2a: Volcarona|0 fnt\n|faint|p2a: Volcarona\n|\n|upkeep\n|\n|t:|1700431921\n|switch|p2a: Kartana|Kartana|100\/100\n|turn|15\n|\n|t:|1700431924\n|switch|p1a: Skeledirge|Skeledirge, M|100\/100\n|move|p2a: Kartana|Leaf Blade|p1a: Skeledirge\n|-resisted|p1a: Skeledirge\n|-damage|p1a: Skeledirge|83\/100\n|\n|upkeep\n|turn|16\n|\n|t:|1700431935\n|switch|p2a: Kommo-o|Kommo-o, M|100\/100\n|move|p1a: Skeledirge|Torch Song|p2a: Kommo-o\n|-immune|p2a: Kommo-o|[from] ability: Soundproof\n|\n|upkeep\n|turn|17\n|\n|t:|1700431944\n|switch|p1a: Gallade|Gallade-Mega, M|79\/100\n|-damage|p1a: Gallade|73\/100|[from] Stealth Rock\n|-zpower|p2a: Kommo-o\n|move|p2a: Kommo-o|Clangorous Soulblaze|p1a: Gallade|[zeffect]\n|-damage|p1a: Gallade|0 fnt\n|faint|p1a: Gallade\n|-boost|p2a: Kommo-o|atk|1\n|-boost|p2a: Kommo-o|def|1\n|-boost|p2a: Kommo-o|spa|1\n|-boost|p2a: Kommo-o|spd|1\n|-boost|p2a: Kommo-o|spe|1\n|\n|upkeep\n|\n|t:|1700431952\n|switch|p1a: Azumarill|Azumarill, M, tera:Water|88\/100\n|-damage|p1a: Azumarill|76\/100|[from] Stealth Rock\n|turn|18\n|\n|t:|1700431956\n|move|p2a: Kommo-o|Clanging Scales|p1a: Azumarill\n|-damage|p1a: Azumarill|29\/100\n|-unboost|p2a: Kommo-o|def|1\n|move|p1a: Azumarill|Play Rough|p2a: Kommo-o\n|-supereffective|p2a: Kommo-o\n|-damage|p2a: Kommo-o|0 fnt\n|faint|p2a: Kommo-o\n|\n|upkeep\n|\n|t:|1700431960\n|switch|p2a: Tapu Lele|Tapu Lele|100\/100\n|-fieldstart|move: Psychic Terrain|[from] ability: Psychic Surge|[of] p2a: Tapu Lele\n|turn|19\n|\n|t:|1700431969\n|move|p2a: Tapu Lele|Moonblast|p1a: Azumarill\n|-damage|p1a: Azumarill|0 fnt\n|faint|p1a: Azumarill\n|\n|upkeep\n|\n|t:|1700431972\n|switch|p1a: Corviknight|Corviknight, M|87\/100\n|-damage|p1a: Corviknight|74\/100|[from] Stealth Rock\n|-ability|p1a: Corviknight|Pressure\n|turn|20\n|\n|t:|1700431984\n|switch|p2a: Kartana|Kartana|100\/100\n|move|p1a: Corviknight|U-turn|p2a: Kartana\n|-damage|p2a: Kartana|86\/100\n|\n|t:|1700431988\n|switch|p1a: Hydreigon|Hydreigon, F|88\/100|[from] U-turn\n|-damage|p1a: Hydreigon|76\/100|[from] Stealth Rock\n|\n|upkeep\n|turn|21\n|\n|t:|1700431994\n|move|p2a: Kartana|Leaf Blade|p1a: Hydreigon\n|-resisted|p1a: Hydreigon\n|-damage|p1a: Hydreigon|42\/100\n|move|p1a: Hydreigon|Fire Blast|p2a: Kartana\n|-supereffective|p2a: Kartana\n|-damage|p2a: Kartana|0 fnt\n|faint|p2a: Kartana\n|\n|upkeep\n|\n|t:|1700432003\n|switch|p2a: Lopunny|Lopunny, F|100\/100\n|turn|22\n|\n|t:|1700432007\n|switch|p1a: Corviknight|Corviknight, M|74\/100\n|-damage|p1a: Corviknight|62\/100|[from] Stealth Rock\n|-ability|p1a: Corviknight|Pressure\n|detailschange|p2a: Lopunny|Lopunny-Mega, F\n|-mega|p2a: Lopunny|Lopunny|Lopunnite\n|move|p2a: Lopunny|Fake Out|p1a: Corviknight\n|-hint|Psychic Terrain doesn't affect Pok\u00e9mon immune to Ground.\n|-resisted|p1a: Corviknight\n|-damage|p1a: Corviknight|55\/100\n|-damage|p2a: Lopunny|84\/100|[from] item: Rocky Helmet|[of] p1a: Corviknight\n|\n|upkeep\n|turn|23\n|\n|t:|1700432013\n|move|p2a: Lopunny|Close Combat|p1a: Corviknight\n|-damage|p1a: Corviknight|17\/100\n|-unboost|p2a: Lopunny|def|1\n|-unboost|p2a: Lopunny|spd|1\n|-damage|p2a: Lopunny|67\/100|[from] item: Rocky Helmet|[of] p1a: Corviknight\n|move|p1a: Corviknight|Roost|p1a: Corviknight\n|-heal|p1a: Corviknight|67\/100\n|-singleturn|p1a: Corviknight|move: Roost\n|\n|-fieldend|move: Psychic Terrain\n|upkeep\n|turn|24\n|\n|t:|1700432021\n|move|p2a: Lopunny|Close Combat|p1a: Corviknight\n|-damage|p1a: Corviknight|22\/100\n|-unboost|p2a: Lopunny|def|1\n|-unboost|p2a: Lopunny|spd|1\n|-damage|p2a: Lopunny|51\/100|[from] item: Rocky Helmet|[of] p1a: Corviknight\n|move|p1a: Corviknight|Defog|p2a: Lopunny\n|-unboost|p2a: Lopunny|evasion|1\n|-sideend|p1: Prtbl_Trash|Stealth Rock|[from] move: Defog|[of] p1a: Corviknight\n|\n|upkeep\n|turn|25\n|\n|t:|1700432026\n|move|p2a: Lopunny|Close Combat|p1a: Corviknight\n|-damage|p1a: Corviknight|0 fnt\n|-unboost|p2a: Lopunny|def|1\n|-unboost|p2a: Lopunny|spd|1\n|-damage|p2a: Lopunny|34\/100|[from] item: Rocky Helmet|[of] p1a: Corviknight\n|faint|p1a: Corviknight\n|\n|upkeep\n|\n|t:|1700432028\n|switch|p1a: Hydreigon|Hydreigon, F|42\/100\n|turn|26\n|\n|t:|1700432030\n|switch|p2a: Tapu Lele|Tapu Lele|100\/100\n|-fieldstart|move: Psychic Terrain|[from] ability: Psychic Surge|[of] p2a: Tapu Lele\n|move|p1a: Hydreigon|Flash Cannon|p2a: Tapu Lele\n|-supereffective|p2a: Tapu Lele\n|-damage|p2a: Tapu Lele|44\/100\n|\n|upkeep\n|turn|27\n|\n|t:|1700432037\n|switch|p2a: Lopunny|Lopunny-Mega, F|34\/100\n|move|p1a: Hydreigon|Flash Cannon|p2a: Lopunny\n|-damage|p2a: Lopunny|0 fnt\n|faint|p2a: Lopunny\n|\n|upkeep\n|\n|t:|1700432039\n|switch|p2a: Tapu Lele|Tapu Lele|44\/100\n|turn|28\n|\n|t:|1700432044\n|move|p1a: Hydreigon|Flash Cannon|p2a: Tapu Lele\n|-supereffective|p2a: Tapu Lele\n|-damage|p2a: Tapu Lele|0 fnt\n|faint|p2a: Tapu Lele\n|\n|win|Prtbl_Trash\n|raw|Prtbl_Trash's rating: 1371 &rarr; <strong>1392<\/strong><br \/>(+21 for winning)\n|raw|Eggnthemaster's rating: 1394 &rarr; <strong>1373<\/strong><br \/>(-21 for losing)\n|c|\u2606Eggnthemaster|Ggwp\n|l|\u2606Eggnthemaster\n|c|\u2606Prtbl_Trash|Ggwp\n","uploadtime":1700432301,"views":18,"p1id":"prtbltrash","p2id":"eggnthemaster","formatid":"gen9nationaldex","rating":1373,"private":0,"password":""}