{"id":"gen9nationaldex-1995709367","p1":"PolyBlank404","p2":"Orujo2","format":"[Gen 9] National Dex","log":"|html|<div class=\"broadcast-blue\"><strong>[Gen 9] National Dex is currently suspecting Sneasler! For information on how to participate check out the <a href=\"https:\/\/www.smogon.com\/forums\/threads\/sv-national-dex-suspect-8-just-dance.3731534\/\">suspect thread<\/a>.<\/strong><\/div>\n|j|\u2606PolyBlank404\n|j|\u2606Orujo2\n|t:|1700595914\n|gametype|singles\n|player|p1|PolyBlank404|ethan|\n|player|p2|Orujo2|hiker-gen4|\n|teamsize|p1|6\n|teamsize|p2|6\n|gen|9\n|tier|[Gen 9] National Dex\n|rule|HP Percentage Mod: HP is shown in percentages\n|rule|Endless Battle Clause: Forcing endless battles is banned\n|rule|OHKO Clause: OHKO moves are banned\n|rule|Evasion Clause: Evasion abilities, items, and moves are banned\n|rule|Evasion Abilities Clause: Evasion abilities are banned\n|rule|Evasion Items Clause: Evasion items are banned\n|rule|Evasion Moves Clause: Evasion moves are banned\n|rule|Species Clause: Limit one of each Pok\u00e9mon\n|rule|Sleep Clause Mod: Limit one foe put to sleep\n|clearpoke\n|poke|p1|Iron Moth|\n|poke|p1|Ninetales-Alola, F|\n|poke|p1|Okidogi, M|\n|poke|p1|Iron Jugulis|\n|poke|p1|Sceptile, F|\n|poke|p1|Aegislash, F|\n|poke|p2|Swampert, F|\n|poke|p2|Tapu Koko|\n|poke|p2|Garchomp, M|\n|poke|p2|Kartana|\n|poke|p2|Volcarona, M|\n|poke|p2|Meowscarada, M|\n|teampreview\n|\n|t:|1700595956\n|start\n|switch|p1a: Iron Jugulis|Iron Jugulis|100\/100\n|switch|p2a: Swagmpert|Swampert, F, shiny|100\/100\n|turn|1\n|j| Guillarco28\n|\n|t:|1700595986\n|-end|p1a: Iron Jugulis|Quark Drive|[silent]\n|switch|p1a: Sceptile|Sceptile, F|100\/100\n|move|p2a: Swagmpert|Stealth Rock|p1a: Sceptile\n|-sidestart|p1: PolyBlank404|move: Stealth Rock\n|\n|upkeep\n|turn|2\n|\n|t:|1700596014\n|detailschange|p1a: Sceptile|Sceptile-Mega, F\n|-mega|p1a: Sceptile|Sceptile|Sceptilite\n|-terastallize|p2a: Swagmpert|Electric\n|move|p1a: Sceptile|Earthquake|p2a: Swagmpert\n|-supereffective|p2a: Swagmpert\n|-damage|p2a: Swagmpert|40\/100\n|-enditem|p2a: Swagmpert|Sitrus Berry|[eat]\n|-heal|p2a: Swagmpert|65\/100|[from] item: Sitrus Berry\n|move|p2a: Swagmpert|Ice Punch|p1a: Sceptile\n|-supereffective|p1a: Sceptile\n|-damage|p1a: Sceptile|0 fnt\n|faint|p1a: Sceptile\n|\n|upkeep\n|\n|t:|1700596049\n|switch|p1a: Okidogi|Okidogi, M|100\/100\n|-damage|p1a: Okidogi|95\/100|[from] Stealth Rock\n|turn|3\n|\n|t:|1700596072\n|-terastallize|p1a: Okidogi|Fighting\n|move|p1a: Okidogi|Close Combat|p2a: Swagmpert\n|-damage|p2a: Swagmpert|0 fnt\n|-unboost|p1a: Okidogi|def|1\n|-unboost|p1a: Okidogi|spd|1\n|faint|p2a: Swagmpert\n|\n|upkeep\n|\n|t:|1700596084\n|switch|p2a: TAPU G.O.A.T.|Tapu Koko, shiny|100\/100\n|-fieldstart|move: Electric Terrain|[from] ability: Electric Surge|[of] p2a: TAPU G.O.A.T.\n|turn|4\n|\n|t:|1700596116\n|move|p2a: TAPU G.O.A.T.|Dazzling Gleam|p1a: Okidogi\n|-supereffective|p1a: Okidogi\n|-damage|p1a: Okidogi|0 fnt\n|faint|p1a: Okidogi\n|\n|upkeep\n|\n|t:|1700596125\n|switch|p1a: Aegislash|Aegislash, F|100\/100\n|-damage|p1a: Aegislash|94\/100|[from] Stealth Rock\n|turn|5\n|\n|t:|1700596146\n|-formechange|p1a: Aegislash|Aegislash-Blade||[from] ability: Stance Change\n|move|p1a: Aegislash|Shadow Sneak|p2a: TAPU G.O.A.T.\n|-damage|p2a: TAPU G.O.A.T.|65\/100\n|move|p2a: TAPU G.O.A.T.|Volt Switch|p1a: Aegislash\n|-damage|p1a: Aegislash|27\/100\n|\n|t:|1700596181\n|switch|p2a: El Polillo|Volcarona, M|100\/100|[from] Volt Switch\n|\n|upkeep\n|turn|6\n|\n|t:|1700596207\n|move|p2a: El Polillo|Fiery Dance|p1a: Aegislash\n|-supereffective|p1a: Aegislash\n|-damage|p1a: Aegislash|0 fnt\n|-boost|p2a: El Polillo|spa|1\n|faint|p1a: Aegislash\n|\n|upkeep\n|\n|t:|1700596211\n|switch|p1a: Iron Jugulis|Iron Jugulis|100\/100\n|-damage|p1a: Iron Jugulis|76\/100|[from] Stealth Rock\n|-activate|p1a: Iron Jugulis|ability: Quark Drive\n|-start|p1a: Iron Jugulis|quarkdrivespe\n|turn|7\n|\n|t:|1700596229\n|move|p1a: Iron Jugulis|Air Slash|p2a: El Polillo\n|-supereffective|p2a: El Polillo\n|-damage|p2a: El Polillo|17\/100\n|move|p2a: El Polillo|Bug Buzz|p1a: Iron Jugulis\n|-damage|p1a: Iron Jugulis|0 fnt\n|faint|p1a: Iron Jugulis\n|-end|p1a: Iron Jugulis|Quark Drive|[silent]\n|\n|upkeep\n|\n|t:|1700596234\n|switch|p1a: Iron Moth|Iron Moth|100\/100\n|-damage|p1a: Iron Moth|76\/100|[from] Stealth Rock\n|-activate|p1a: Iron Moth|ability: Quark Drive\n|-start|p1a: Iron Moth|quarkdrivespa\n|turn|8\n|\n|t:|1700596256\n|switch|p2a: Garch\u00f3n|Garchomp, M, shiny|100\/100\n|move|p1a: Iron Moth|Discharge|p2a: Garch\u00f3n\n|-immune|p2a: Garch\u00f3n\n|\n|-fieldend|move: Electric Terrain\n|-end|p1a: Iron Moth|Quark Drive\n|upkeep\n|-enditem|p1a: Iron Moth|Booster Energy\n|-activate|p1a: Iron Moth|ability: Quark Drive|[fromitem]\n|-start|p1a: Iron Moth|quarkdrivespa\n|turn|9\n|\n|t:|1700596268\n|detailschange|p2a: Garch\u00f3n|Garchomp-Mega, M, shiny\n|-mega|p2a: Garch\u00f3n|Garchomp|Garchompite\n|move|p1a: Iron Moth|Bug Buzz|p2a: Garch\u00f3n\n|-damage|p2a: Garch\u00f3n|57\/100\n|move|p2a: Garch\u00f3n|Earthquake|p1a: Iron Moth\n|-supereffective|p1a: Iron Moth\n|-crit|p1a: Iron Moth\n|-damage|p1a: Iron Moth|0 fnt\n|faint|p1a: Iron Moth\n|-end|p1a: Iron Moth|Quark Drive|[silent]\n|\n|upkeep\n|\n|t:|1700596272\n|switch|p1a: Ninetales|Ninetales-Alola, F|100\/100\n|-weather|Snow|[from] ability: Snow Warning|[of] p1a: Ninetales\n|turn|10\n|\n|t:|1700596280\n|move|p1a: Ninetales|Blizzard|p2a: Garch\u00f3n\n|-supereffective|p2a: Garch\u00f3n\n|-damage|p2a: Garch\u00f3n|0 fnt\n|faint|p2a: Garch\u00f3n\n|\n|-weather|Snow|[upkeep]\n|upkeep\n|\n|t:|1700596298\n|switch|p2a: Pasa la papela|Kartana|100\/100\n|turn|11\n|\n|t:|1700596318\n|move|p1a: Ninetales|Blizzard|p2a: Pasa la papela\n|-damage|p2a: Pasa la papela|11\/100\n|move|p2a: Pasa la papela|Smart Strike|p1a: Ninetales\n|-supereffective|p1a: Ninetales\n|-damage|p1a: Ninetales|0 fnt\n|faint|p1a: Ninetales\n|\n|win|Orujo2\n|l|\u2606PolyBlank404\n","uploadtime":1700596330,"views":10,"p1id":"polyblank404","p2id":"orujo2","formatid":"gen9nationaldex","rating":0,"private":0,"password":""}