{"id":"gen9nationaldex-1997793863","p1":"polgo","p2":"NDSNEZ pikakip379","format":"[Gen 9] National Dex","log":"|html|<div class=\"broadcast-blue\"><strong>[Gen 9] National Dex is currently suspecting Sneasler! For information on how to participate check out the <a href=\"https:\/\/www.smogon.com\/forums\/threads\/sv-national-dex-suspect-8-just-dance.3731534\/\">suspect thread<\/a>.<\/strong><\/div>\n|j|\u2606polgo\n|j|\u2606NDSNEZ pikakip379\n|t:|1700853362\n|gametype|singles\n|player|p1|polgo|saturn|1055\n|player|p2|NDSNEZ pikakip379|ninjaboy-gen3|1152\n|teamsize|p1|4\n|teamsize|p2|6\n|gen|9\n|tier|[Gen 9] National Dex\n|rated|\n|rule|HP Percentage Mod: HP is shown in percentages\n|rule|Endless Battle Clause: Forcing endless battles is banned\n|rule|OHKO Clause: OHKO moves are banned\n|rule|Evasion Clause: Evasion abilities, items, and moves are banned\n|rule|Evasion Abilities Clause: Evasion abilities are banned\n|rule|Evasion Items Clause: Evasion items are banned\n|rule|Evasion Moves Clause: Evasion moves are banned\n|rule|Species Clause: Limit one of each Pok\u00e9mon\n|rule|Sleep Clause Mod: Limit one foe put to sleep\n|clearpoke\n|poke|p1|Ampharos, F|\n|poke|p1|Chimecho, F|\n|poke|p1|Mantine, M|\n|poke|p1|Gothitelle, F|\n|poke|p2|Excadrill, F|\n|poke|p2|Medicham, M|\n|poke|p2|Rotom-Wash|\n|poke|p2|Volcarona, M|\n|poke|p2|Kommo-o, M|\n|poke|p2|Landorus-Therian, M|\n|teampreview\n|inactive|Battle timer is ON: inactive players will automatically lose when time's up. (requested by polgo)\n|c|\u2606NDSNEZ pikakip379|nah bro tf am I looking at\n|\n|t:|1700853373\n|start\n|switch|p1a: Gothitelle|Gothitelle, F|100\/100\n|switch|p2a: Medichud|Medicham, M|100\/100\n|turn|1\n|\n|t:|1700853380\n|detailschange|p2a: Medichud|Medicham-Mega, M\n|-mega|p2a: Medichud|Medicham|Medichamite\n|move|p2a: Medichud|Fake Out|p1a: Gothitelle\n|-damage|p1a: Gothitelle|83\/100\n|cant|p1a: Gothitelle|flinch\n|\n|-heal|p1a: Gothitelle|89\/100|[from] item: Leftovers\n|upkeep\n|turn|2\n|\n|t:|1700853390\n|switch|p2a: DA MOLL!!|Excadrill, F, shiny|100\/100\n|-ability|p2a: DA MOLL!!|Mold Breaker\n|move|p1a: Gothitelle|Nasty Plot|p1a: Gothitelle\n|-boost|p1a: Gothitelle|spa|2\n|\n|-heal|p1a: Gothitelle|95\/100|[from] item: Leftovers\n|upkeep\n|turn|3\n|\n|t:|1700853397\n|move|p2a: DA MOLL!!|Toxic|p1a: Gothitelle\n|-status|p1a: Gothitelle|tox\n|move|p1a: Gothitelle|Trick Room|p1a: Gothitelle\n|-fieldstart|move: Trick Room|[of] p1a: Gothitelle\n|\n|-heal|p1a: Gothitelle|100\/100 tox|[from] item: Leftovers\n|-damage|p1a: Gothitelle|94\/100 tox|[from] psn\n|upkeep\n|turn|4\n|\n|t:|1700853402\n|move|p1a: Gothitelle|Nasty Plot|p1a: Gothitelle\n|-boost|p1a: Gothitelle|spa|2\n|move|p2a: DA MOLL!!|Stealth Rock|p1a: Gothitelle\n|-sidestart|p1: polgo|move: Stealth Rock\n|\n|-heal|p1a: Gothitelle|100\/100 tox|[from] item: Leftovers\n|-damage|p1a: Gothitelle|88\/100 tox|[from] psn\n|upkeep\n|turn|5\n|\n|t:|1700853405\n|move|p1a: Gothitelle|Dark Pulse|p2a: DA MOLL!!\n|-damage|p2a: DA MOLL!!|58\/100\n|move|p2a: DA MOLL!!|Earthquake|p1a: Gothitelle\n|-damage|p1a: Gothitelle|56\/100 tox\n|\n|-heal|p1a: Gothitelle|62\/100 tox|[from] item: Leftovers\n|-heal|p2a: DA MOLL!!|64\/100|[from] item: Leftovers\n|-damage|p1a: Gothitelle|44\/100 tox|[from] psn\n|upkeep\n|turn|6\n|\n|t:|1700853410\n|move|p1a: Gothitelle|Future Sight|p2a: DA MOLL!!\n|-start|p1a: Gothitelle|move: Future Sight\n|move|p2a: DA MOLL!!|Earthquake|p1a: Gothitelle\n|-damage|p1a: Gothitelle|9\/100 tox\n|\n|-heal|p1a: Gothitelle|15\/100 tox|[from] item: Leftovers\n|-heal|p2a: DA MOLL!!|70\/100|[from] item: Leftovers\n|-damage|p1a: Gothitelle|0 fnt|[from] psn\n|faint|p1a: Gothitelle\n|upkeep\n|\n|t:|1700853416\n|switch|p1a: Chimecho|Chimecho, F|100\/100\n|-damage|p1a: Chimecho|88\/100|[from] Stealth Rock\n|turn|7\n|\n|t:|1700853422\n|move|p1a: Chimecho|Calm Mind|p1a: Chimecho\n|-boost|p1a: Chimecho|spa|1\n|-boost|p1a: Chimecho|spd|1\n|move|p2a: DA MOLL!!|Toxic|p1a: Chimecho\n|-status|p1a: Chimecho|tox\n|\n|-heal|p2a: DA MOLL!!|76\/100|[from] item: Leftovers\n|-damage|p1a: Chimecho|82\/100 tox|[from] psn\n|-fieldend|move: Trick Room\n|upkeep\n|turn|8\n|\n|t:|1700853430\n|move|p2a: DA MOLL!!|Earthquake|p1a: Chimecho\n|-damage|p1a: Chimecho|43\/100 tox\n|move|p1a: Chimecho|Calm Mind|p1a: Chimecho\n|-boost|p1a: Chimecho|spa|1\n|-boost|p1a: Chimecho|spd|1\n|\n|-end|p2a: DA MOLL!!|move: Future Sight\n|-resisted|p2a: DA MOLL!!\n|-damage|p2a: DA MOLL!!|60\/100\n|-heal|p2a: DA MOLL!!|67\/100|[from] item: Leftovers\n|-damage|p1a: Chimecho|30\/100 tox|[from] psn\n|upkeep\n|turn|9\n|\n|t:|1700853441\n|move|p2a: DA MOLL!!|Earthquake|p1a: Chimecho\n|-damage|p1a: Chimecho|0 fnt\n|faint|p1a: Chimecho\n|\n|-heal|p2a: DA MOLL!!|73\/100|[from] item: Leftovers\n|upkeep\n|-message|polgo forfeited.\n|\n|win|NDSNEZ pikakip379\n|raw|polgo's rating: 1055 &rarr; <strong>1042<\/strong><br \/>(-13 for losing)\n|raw|NDSNEZ pikakip379's rating: 1152 &rarr; <strong>1170<\/strong><br \/>(+18 for winning)\n|l|\u2606polgo\n|c|\u2606NDSNEZ pikakip379|ggs\n","uploadtime":1700853451,"views":42,"p1id":"polgo","p2id":"ndsnezpikakip379","formatid":"gen9nationaldex","rating":1042,"private":0,"password":""}