{"id":"gen9nationaldex-1999331915","p1":"Alroce","p2":"GABRIEL_HU","format":"[Gen 9] National Dex","log":"|html|<div class=\"broadcast-blue\"><strong>[Gen 9] National Dex is currently suspecting Sneasler! For information on how to participate check out the <a href=\"https:\/\/www.smogon.com\/forums\/threads\/sv-national-dex-suspect-8-just-dance.3731534\/\">suspect thread<\/a>.<\/strong><\/div>\n|j|\u2606Alroce\n|j|\u2606GABRIEL_HU\n|t:|1701061653\n|gametype|singles\n|player|p1|Alroce|hilbert|1258\n|player|p2|GABRIEL_HU|guitarist|1307\n|teamsize|p1|6\n|teamsize|p2|6\n|gen|9\n|tier|[Gen 9] National Dex\n|rated|\n|rule|HP Percentage Mod: HP is shown in percentages\n|rule|Endless Battle Clause: Forcing endless battles is banned\n|rule|OHKO Clause: OHKO moves are banned\n|rule|Evasion Clause: Evasion abilities, items, and moves are banned\n|rule|Evasion Abilities Clause: Evasion abilities are banned\n|rule|Evasion Items Clause: Evasion items are banned\n|rule|Evasion Moves Clause: Evasion moves are banned\n|rule|Species Clause: Limit one of each Pok\u00e9mon\n|rule|Sleep Clause Mod: Limit one foe put to sleep\n|clearpoke\n|poke|p1|Heatran, M|\n|poke|p1|Toxapex, M|\n|poke|p1|Weavile, F|\n|poke|p1|Vikavolt, F|\n|poke|p1|Ferrothorn, M|\n|poke|p1|Garchomp, F|\n|poke|p2|Garganacl, F|\n|poke|p2|Greninja-*, M|\n|poke|p2|Zapdos|\n|poke|p2|Great Tusk|\n|poke|p2|Heatran, F|\n|poke|p2|Scizor, F|\n|teampreview\n|inactive|Battle timer is ON: inactive players will automatically lose when time's up. (requested by GABRIEL_HU)\n|\n|t:|1701061668\n|start\n|switch|p1a: Vikavolt|Vikavolt, F|100\/100\n|switch|p2a: Great Tusk|Great Tusk|100\/100\n|turn|1\n|\n|t:|1701061684\n|move|p2a: Great Tusk|Rapid Spin|p1a: Vikavolt\n|-damage|p1a: Vikavolt|88\/100\n|-boost|p2a: Great Tusk|spe|1\n|move|p1a: Vikavolt|Sticky Web|p2a: Great Tusk\n|-sidestart|p2: GABRIEL_HU|move: Sticky Web\n|\n|upkeep\n|turn|2\n|\n|t:|1701061690\n|move|p2a: Great Tusk|Rapid Spin|p1a: Vikavolt\n|-damage|p1a: Vikavolt|74\/100\n|-boost|p2a: Great Tusk|spe|1\n|-sideend|p2: GABRIEL_HU|Sticky Web|[from] move: Rapid Spin|[of] p2a: Great Tusk\n|move|p1a: Vikavolt|Toxic|p2a: Great Tusk|[miss]\n|-miss|p1a: Vikavolt|p2a: Great Tusk\n|\n|upkeep\n|turn|3\n|\n|t:|1701061696\n|-end|p2a: Great Tusk|Protosynthesis|[silent]\n|switch|p2a: Heatran|Heatran, F|100\/100\n|move|p1a: Vikavolt|Toxic|p2a: Heatran\n|-immune|p2a: Heatran\n|\n|upkeep\n|turn|4\n|\n|t:|1701061701\n|move|p2a: Heatran|Magma Storm|p1a: Vikavolt\n|-supereffective|p1a: Vikavolt\n|-damage|p1a: Vikavolt|0 fnt\n|faint|p1a: Vikavolt\n|\n|upkeep\n|\n|t:|1701061705\n|switch|p1a: Heatran|Heatran, M|100\/100\n|turn|5\n|\n|t:|1701061708\n|move|p1a: Heatran|Earth Power|p2a: Heatran\n|-supereffective|p2a: Heatran\n|-damage|p2a: Heatran|0 fnt\n|faint|p2a: Heatran\n|\n|upkeep\n|\n|t:|1701061712\n|switch|p2a: Great Tusk|Great Tusk|100\/100\n|turn|6\n|\n|t:|1701061718\n|switch|p1a: Ferrothorn|Ferrothorn, M|100\/100\n|move|p2a: Great Tusk|Rapid Spin|p1a: Ferrothorn\n|-resisted|p1a: Ferrothorn\n|-damage|p1a: Ferrothorn|96\/100\n|-boost|p2a: Great Tusk|spe|1\n|-damage|p2a: Great Tusk|88\/100|[from] ability: Iron Barbs|[of] p1a: Ferrothorn\n|-damage|p2a: Great Tusk|72\/100|[from] item: Rocky Helmet|[of] p1a: Ferrothorn\n|\n|upkeep\n|turn|7\n|\n|t:|1701061724\n|-end|p2a: Great Tusk|Protosynthesis|[silent]\n|switch|p2a: Zapdos|Zapdos|100\/100\n|move|p1a: Ferrothorn|Body Press|p2a: Zapdos\n|-resisted|p2a: Zapdos\n|-damage|p2a: Zapdos|90\/100\n|-status|p1a: Ferrothorn|par|[from] ability: Static|[of] p2a: Zapdos\n|\n|upkeep\n|turn|8\n|\n|t:|1701061731\n|switch|p2a: Great Tusk|Great Tusk|72\/100\n|switch|p1a: Heatran|Heatran, M|100\/100\n|\n|upkeep\n|turn|9\n|\n|t:|1701061739\n|switch|p1a: Ferrothorn|Ferrothorn, M|96\/100 par\n|move|p2a: Great Tusk|Rapid Spin|p1a: Ferrothorn\n|-resisted|p1a: Ferrothorn\n|-damage|p1a: Ferrothorn|91\/100 par\n|-boost|p2a: Great Tusk|spe|1\n|-damage|p2a: Great Tusk|59\/100|[from] ability: Iron Barbs|[of] p1a: Ferrothorn\n|-damage|p2a: Great Tusk|43\/100|[from] item: Rocky Helmet|[of] p1a: Ferrothorn\n|\n|upkeep\n|turn|10\n|\n|t:|1701061743\n|move|p2a: Great Tusk|Close Combat|p1a: Ferrothorn\n|-supereffective|p1a: Ferrothorn\n|-damage|p1a: Ferrothorn|15\/100 par\n|-unboost|p2a: Great Tusk|def|1\n|-unboost|p2a: Great Tusk|spd|1\n|-damage|p2a: Great Tusk|30\/100|[from] ability: Iron Barbs|[of] p1a: Ferrothorn\n|-damage|p2a: Great Tusk|14\/100|[from] item: Rocky Helmet|[of] p1a: Ferrothorn\n|move|p1a: Ferrothorn|Stealth Rock|p2a: Great Tusk\n|-sidestart|p2: GABRIEL_HU|move: Stealth Rock\n|\n|upkeep\n|turn|11\n|\n|t:|1701061754\n|-zpower|p2a: Great Tusk\n|move|p2a: Great Tusk|Subzero Slammer|p1a: Ferrothorn|[zeffect]\n|-damage|p1a: Ferrothorn|0 fnt\n|faint|p1a: Ferrothorn\n|\n|upkeep\n|\n|t:|1701061760\n|switch|p1a: Weavile|Weavile, F|100\/100\n|-ability|p1a: Weavile|Pressure\n|turn|12\n|\n|t:|1701061764\n|move|p1a: Weavile|Ice Shard|p2a: Great Tusk\n|-supereffective|p2a: Great Tusk\n|-damage|p2a: Great Tusk|0 fnt\n|faint|p2a: Great Tusk\n|-end|p2a: Great Tusk|Protosynthesis|[silent]\n|-damage|p1a: Weavile|91\/100|[from] item: Life Orb\n|\n|upkeep\n|\n|t:|1701061769\n|switch|p2a: Greninja|Greninja, M|100\/100\n|-damage|p2a: Greninja|88\/100|[from] Stealth Rock\n|turn|13\n|\n|t:|1701061785\n|switch|p1a: Toxapex|Toxapex, M|100\/100\n|move|p2a: Greninja|Water Shuriken|p1a: Toxapex\n|-resisted|p1a: Toxapex\n|-damage|p1a: Toxapex|98\/100\n|-resisted|p1a: Toxapex\n|-damage|p1a: Toxapex|95\/100\n|-hitcount|p1a: Toxapex|2\n|-damage|p2a: Greninja|78\/100|[from] item: Life Orb\n|\n|upkeep\n|turn|14\n|\n|t:|1701061794\n|switch|p2a: Zapdos|Zapdos|90\/100\n|move|p1a: Toxapex|Toxic|p2a: Zapdos\n|-status|p2a: Zapdos|tox\n|\n|-damage|p2a: Zapdos|84\/100 tox|[from] psn\n|upkeep\n|turn|15\n|\n|t:|1701061797\n|move|p2a: Zapdos|Defog|p1a: Toxapex\n|-unboost|p1a: Toxapex|evasion|1\n|-sideend|p2: GABRIEL_HU|Stealth Rock|[from] move: Defog|[of] p2a: Zapdos\n|move|p1a: Toxapex|Recover|p1a: Toxapex\n|-heal|p1a: Toxapex|100\/100\n|\n|-damage|p2a: Zapdos|71\/100 tox|[from] psn\n|upkeep\n|turn|16\n|\n|t:|1701061801\n|move|p2a: Zapdos|Discharge|p1a: Toxapex\n|-supereffective|p1a: Toxapex\n|-damage|p1a: Toxapex|60\/100\n|-status|p1a: Toxapex|par\n|move|p1a: Toxapex|Scald|p2a: Zapdos\n|-damage|p2a: Zapdos|56\/100 tox\n|\n|-damage|p2a: Zapdos|37\/100 tox|[from] psn\n|upkeep\n|turn|17\n|\n|t:|1701061805\n|move|p2a: Zapdos|Discharge|p1a: Toxapex\n|-supereffective|p1a: Toxapex\n|-damage|p1a: Toxapex|20\/100 par\n|cant|p1a: Toxapex|par\n|\n|-damage|p2a: Zapdos|12\/100 tox|[from] psn\n|upkeep\n|turn|18\n|\n|t:|1701061811\n|switch|p1a: Garchomp|Garchomp, F|100\/100\n|move|p2a: Zapdos|U-turn|p1a: Garchomp\n|-damage|p1a: Garchomp|88\/100\n|-damage|p2a: Zapdos|0 fnt|[from] ability: Rough Skin|[of] p1a: Garchomp\n|faint|p2a: Zapdos\n|\n|upkeep\n|\n|t:|1701061815\n|switch|p2a: Greninja|Greninja, M|78\/100\n|turn|19\n|\n|t:|1701061818\n|switch|p1a: Toxapex|Toxapex, M|53\/100 par\n|move|p2a: Greninja|Ice Beam|p1a: Toxapex\n|-resisted|p1a: Toxapex\n|-damage|p1a: Toxapex|43\/100 par\n|-damage|p2a: Greninja|69\/100|[from] item: Life Orb\n|\n|upkeep\n|turn|20\n|\n|t:|1701061824\n|switch|p2a: Garganacl|Garganacl, F, shiny|100\/100\n|move|p1a: Toxapex|Recover|p1a: Toxapex\n|-heal|p1a: Toxapex|93\/100 par\n|\n|upkeep\n|turn|21\n|\n|t:|1701061828\n|move|p2a: Garganacl|Salt Cure|p1a: Toxapex\n|-damage|p1a: Toxapex|82\/100 par\n|-start|p1a: Toxapex|Salt Cure\n|move|p1a: Toxapex|Scald|p2a: Garganacl\n|-supereffective|p2a: Garganacl\n|-damage|p2a: Garganacl|81\/100\n|\n|-heal|p2a: Garganacl|87\/100|[from] item: Leftovers\n|-damage|p1a: Toxapex|57\/100 par|[from] Salt Cure\n|upkeep\n|turn|22\n|\n|t:|1701061853\n|-terastallize|p2a: Garganacl|Water\n|move|p2a: Garganacl|Iron Defense|p2a: Garganacl\n|-boost|p2a: Garganacl|def|2\n|move|p1a: Toxapex|Toxic|p2a: Garganacl\n|-immune|p2a: Garganacl|[from] ability: Purifying Salt\n|\n|-heal|p2a: Garganacl|93\/100|[from] item: Leftovers\n|-damage|p1a: Toxapex|32\/100 par|[from] Salt Cure\n|upkeep\n|turn|23\n|\n|t:|1701061863\n|switch|p1a: Weavile|Weavile, F|91\/100\n|-ability|p1a: Weavile|Pressure\n|move|p2a: Garganacl|Iron Defense|p2a: Garganacl\n|-boost|p2a: Garganacl|def|2\n|\n|-heal|p2a: Garganacl|99\/100|[from] item: Leftovers\n|upkeep\n|turn|24\n|\n|t:|1701061865\n|move|p1a: Weavile|Knock Off|p2a: Garganacl\n|-damage|p2a: Garganacl|83\/100\n|-enditem|p2a: Garganacl|Leftovers|[from] move: Knock Off|[of] p1a: Weavile\n|-damage|p1a: Weavile|81\/100|[from] item: Life Orb\n|move|p2a: Garganacl|Body Press|p1a: Weavile\n|-supereffective|p1a: Weavile\n|-damage|p1a: Weavile|0 fnt\n|faint|p1a: Weavile\n|\n|upkeep\n|\n|t:|1701061868\n|switch|p1a: Heatran|Heatran, M|100\/100\n|turn|25\n|\n|t:|1701061873\n|-terastallize|p1a: Heatran|Fire\n|move|p1a: Heatran|Eruption|p2a: Garganacl\n|-resisted|p2a: Garganacl\n|-damage|p2a: Garganacl|33\/100\n|move|p2a: Garganacl|Body Press|p1a: Heatran\n|-damage|p1a: Heatran|35\/100\n|\n|upkeep\n|turn|26\n|\n|t:|1701061880\n|switch|p1a: Toxapex|Toxapex, M|65\/100 par\n|move|p2a: Garganacl|Recover|p2a: Garganacl\n|-heal|p2a: Garganacl|83\/100\n|\n|upkeep\n|turn|27\n|\n|t:|1701061892\n|move|p2a: Garganacl|Iron Defense|p2a: Garganacl\n|-boost|p2a: Garganacl|def|2\n|move|p1a: Toxapex|Recover|p1a: Toxapex\n|-heal|p1a: Toxapex|100\/100 par\n|\n|upkeep\n|turn|28\n|\n|t:|1701061895\n|switch|p1a: Garchomp|Garchomp, F|88\/100\n|move|p2a: Garganacl|Salt Cure|p1a: Garchomp\n|-resisted|p1a: Garchomp\n|-damage|p1a: Garchomp|80\/100\n|-start|p1a: Garchomp|Salt Cure\n|\n|-damage|p1a: Garchomp|68\/100|[from] Salt Cure\n|upkeep\n|turn|29\n|\n|t:|1701061898\n|switch|p1a: Heatran|Heatran, M, tera:Fire|35\/100\n|move|p2a: Garganacl|Body Press|p1a: Heatran\n|-damage|p1a: Heatran|0 fnt\n|faint|p1a: Heatran\n|\n|upkeep\n|\n|t:|1701061900\n|switch|p1a: Garchomp|Garchomp, F|68\/100\n|turn|30\n|\n|t:|1701061902\n|move|p1a: Garchomp|Swords Dance|p1a: Garchomp\n|-boost|p1a: Garchomp|atk|2\n|move|p2a: Garganacl|Salt Cure|p1a: Garchomp\n|-resisted|p1a: Garchomp\n|-damage|p1a: Garchomp|60\/100\n|-start|p1a: Garchomp|Salt Cure\n|\n|-damage|p1a: Garchomp|48\/100|[from] Salt Cure\n|upkeep\n|turn|31\n|\n|t:|1701061906\n|move|p1a: Garchomp|Swords Dance|p1a: Garchomp\n|-boost|p1a: Garchomp|atk|2\n|move|p2a: Garganacl|Body Press|p1a: Garchomp\n|-damage|p1a: Garchomp|0 fnt\n|-damage|p2a: Garganacl|70\/100|[from] ability: Rough Skin|[of] p1a: Garchomp\n|faint|p1a: Garchomp\n|\n|upkeep\n|-message|Alroce forfeited.\n|\n|win|GABRIEL_HU\n|raw|Alroce's rating: 1258 &rarr; <strong>1237<\/strong><br \/>(-21 for losing)\n|raw|GABRIEL_HU's rating: 1307 &rarr; <strong>1324<\/strong><br \/>(+17 for winning)\n|l|\u2606Alroce\n","uploadtime":1701061912,"views":2,"p1id":"alroce","p2id":"gabrielhu","formatid":"gen9nationaldex","rating":1237,"private":0,"password":""}