{"id":"gen9nationaldex-1988459580","p1":"SninemaSnins","p2":"mxtbog","format":"[Gen 9] National Dex","log":"|j|\u2606SninemaSnins\n|j|\u2606mxtbog\n|t:|1699725234\n|gametype|singles\n|player|p1|SninemaSnins|workerice|1180\n|player|p2|mxtbog|preschooler|1247\n|teamsize|p1|6\n|teamsize|p2|6\n|gen|9\n|tier|[Gen 9] National Dex\n|rated|\n|rule|HP Percentage Mod: HP is shown in percentages\n|rule|Endless Battle Clause: Forcing endless battles is banned\n|rule|OHKO Clause: OHKO moves are banned\n|rule|Evasion Clause: Evasion abilities, items, and moves are banned\n|rule|Evasion Abilities Clause: Evasion abilities are banned\n|rule|Evasion Items Clause: Evasion items are banned\n|rule|Evasion Moves Clause: Evasion moves are banned\n|rule|Species Clause: Limit one of each Pok\u00e9mon\n|rule|Sleep Clause Mod: Limit one foe put to sleep\n|clearpoke\n|poke|p1|Ninetales-Alola, F|\n|poke|p1|Cetitan, M|\n|poke|p1|Frosmoth, F|\n|poke|p1|Sandslash-Alola, M|\n|poke|p1|Piloswine, M|\n|poke|p1|Cloyster, F|\n|poke|p2|Toucannon, F|\n|poke|p2|Dragonite, M|\n|poke|p2|Toxapex, M|\n|poke|p2|Greninja-*, M|\n|poke|p2|Great Tusk|\n|poke|p2|Mawile, F|\n|teampreview\n|inactive|Battle timer is ON: inactive players will automatically lose when time's up. (requested by mxtbog)\n|\n|t:|1699725261\n|start\n|switch|p1a: Have an ice day|Ninetales-Alola, F|100\/100\n|switch|p2a: Mawile|Mawile, F|100\/100\n|-weather|Snow|[from] ability: Snow Warning|[of] p1a: Have an ice day\n|-ability|p2a: Mawile|Intimidate|boost\n|-unboost|p1a: Have an ice day|atk|1\n|turn|1\n|\n|t:|1699725275\n|switch|p1a: Stay cool man|Cloyster, F|100\/100\n|detailschange|p2a: Mawile|Mawile-Mega, F\n|-mega|p2a: Mawile|Mawile|Mawilite\n|move|p2a: Mawile|Fire Fang|p1a: Stay cool man\n|-damage|p1a: Stay cool man|76\/100\n|\n|-weather|Snow|[upkeep]\n|upkeep\n|turn|2\n|\n|t:|1699725283\n|move|p1a: Stay cool man|Shell Smash|p1a: Stay cool man\n|-unboost|p1a: Stay cool man|def|1\n|-unboost|p1a: Stay cool man|spd|1\n|-boost|p1a: Stay cool man|atk|2\n|-boost|p1a: Stay cool man|spa|2\n|-boost|p1a: Stay cool man|spe|2\n|-enditem|p1a: Stay cool man|White Herb\n|-clearnegativeboost|p1a: Stay cool man|[silent]\n|move|p2a: Mawile|Thunder Punch|p1a: Stay cool man\n|-supereffective|p1a: Stay cool man\n|-damage|p1a: Stay cool man|23\/100\n|-status|p1a: Stay cool man|par\n|\n|-weather|Snow|[upkeep]\n|upkeep\n|turn|3\n|\n|t:|1699725297\n|move|p1a: Stay cool man|Hidden Power|p2a: Mawile\n|-supereffective|p2a: Mawile\n|-damage|p2a: Mawile|12\/100\n|move|p2a: Mawile|Play Rough|p1a: Stay cool man\n|-damage|p1a: Stay cool man|0 fnt\n|faint|p1a: Stay cool man\n|\n|-weather|Snow|[upkeep]\n|upkeep\n|\n|t:|1699725306\n|switch|p1a: Chill out bro|Sandslash-Alola, M|100\/100\n|turn|4\n|\n|t:|1699725324\n|switch|p2a: Glandur|Toucannon, F|100\/100\n|move|p1a: Chill out bro|Earthquake|p2a: Glandur\n|-immune|p2a: Glandur\n|\n|-weather|Snow|[upkeep]\n|upkeep\n|turn|5\n|\n|t:|1699725343\n|move|p1a: Chill out bro|Knock Off|p2a: Glandur\n|-damage|p2a: Glandur|57\/100\n|-enditem|p2a: Glandur|Choice Scarf|[from] move: Knock Off|[of] p1a: Chill out bro\n|move|p2a: Glandur|U-turn|p1a: Chill out bro\n|-resisted|p1a: Chill out bro\n|-damage|p1a: Chill out bro|92\/100\n|\n|t:|1699725351\n|switch|p2a: Toxapex|Toxapex, M|100\/100|[from] U-turn\n|\n|-weather|Snow|[upkeep]\n|upkeep\n|turn|6\n|\n|t:|1699725359\n|switch|p2a: Glandur|Toucannon, F|57\/100\n|move|p1a: Chill out bro|Knock Off|p2a: Glandur\n|-damage|p2a: Glandur|31\/100\n|\n|-weather|Snow|[upkeep]\n|upkeep\n|turn|7\n|\n|t:|1699725370\n|switch|p2a: Toxapex|Toxapex, M|100\/100\n|move|p1a: Chill out bro|Iron Head|p2a: Toxapex\n|-resisted|p2a: Toxapex\n|-crit|p2a: Toxapex\n|-damage|p2a: Toxapex|85\/100\n|\n|-weather|Snow|[upkeep]\n|upkeep\n|turn|8\n|\n|t:|1699725382\n|switch|p2a: Great Tusk|Great Tusk|100\/100\n|move|p1a: Chill out bro|Earthquake|p2a: Great Tusk\n|-damage|p2a: Great Tusk|78\/100\n|\n|-weather|none\n|-heal|p2a: Great Tusk|84\/100|[from] item: Leftovers\n|upkeep\n|turn|9\n|\n|t:|1699725404\n|switch|p1a: Have an ice day|Ninetales-Alola, F|100\/100\n|-weather|Snow|[from] ability: Snow Warning|[of] p1a: Have an ice day\n|move|p2a: Great Tusk|Rapid Spin|p1a: Have an ice day\n|-damage|p1a: Have an ice day|86\/100\n|-boost|p2a: Great Tusk|spe|1\n|\n|-weather|Snow|[upkeep]\n|-heal|p2a: Great Tusk|91\/100|[from] item: Leftovers\n|upkeep\n|turn|10\n|\n|t:|1699725414\n|move|p2a: Great Tusk|Close Combat|p1a: Have an ice day\n|-damage|p1a: Have an ice day|31\/100\n|-unboost|p2a: Great Tusk|def|1\n|-unboost|p2a: Great Tusk|spd|1\n|move|p1a: Have an ice day|Moonblast|p2a: Great Tusk\n|-supereffective|p2a: Great Tusk\n|-damage|p2a: Great Tusk|0 fnt\n|faint|p2a: Great Tusk\n|-end|p2a: Great Tusk|Protosynthesis|[silent]\n|\n|-weather|Snow|[upkeep]\n|upkeep\n|\n|t:|1699725420\n|switch|p2a: Greninja|Greninja, M|100\/100\n|turn|11\n|inactive|mxtbog has 120 seconds left.\n|\n|t:|1699725442\n|switch|p1a: Chill out bro|Sandslash-Alola, M|92\/100\n|-terastallize|p2a: Greninja|Water\n|move|p2a: Greninja|Water Shuriken|p1a: Chill out bro\n|-damage|p1a: Chill out bro|73\/100\n|-damage|p1a: Chill out bro|52\/100\n|-damage|p1a: Chill out bro|30\/100\n|-damage|p1a: Chill out bro|9\/100\n|-hitcount|p1a: Chill out bro|4\n|-damage|p2a: Greninja|91\/100|[from] item: Life Orb\n|\n|-weather|Snow|[upkeep]\n|upkeep\n|turn|12\n|inactive|mxtbog has 120 seconds left.\n|\n|t:|1699725455\n|move|p2a: Greninja|Water Shuriken|p1a: Chill out bro\n|-damage|p1a: Chill out bro|0 fnt\n|faint|p1a: Chill out bro\n|-ability|p2a: Greninja|Battle Bond|boost\n|-boost|p2a: Greninja|atk|1\n|-boost|p2a: Greninja|spa|1\n|-boost|p2a: Greninja|spe|1\n|-activate|p2a: Greninja|ability: Battle Bond\n|-hitcount|p1: Chill out bro|1\n|-damage|p2a: Greninja|81\/100|[from] item: Life Orb\n|\n|-weather|Snow|[upkeep]\n|upkeep\n|\n|t:|1699725467\n|switch|p1a: Don't be so cold|Cetitan, M|100\/100\n|turn|13\n|\n|t:|1699725481\n|move|p2a: Greninja|Surf|p1a: Don't be so cold\n|-damage|p1a: Don't be so cold|0 fnt\n|faint|p1a: Don't be so cold\n|-damage|p2a: Greninja|71\/100|[from] item: Life Orb\n|\n|-weather|Snow|[upkeep]\n|upkeep\n|\n|t:|1699725493\n|switch|p1a: Why so frostrated?|Frosmoth, F|100\/100\n|turn|14\n|\n|t:|1699725499\n|move|p2a: Greninja|Water Shuriken|p1a: Why so frostrated?\n|-damage|p1a: Why so frostrated?|89\/100\n|-damage|p1a: Why so frostrated?|78\/100\n|-damage|p1a: Why so frostrated?|67\/100\n|-damage|p1a: Why so frostrated?|56\/100\n|-damage|p1a: Why so frostrated?|43\/100\n|-hitcount|p1a: Why so frostrated?|5\n|-damage|p2a: Greninja|61\/100|[from] item: Life Orb\n|move|p1a: Why so frostrated?|Giga Drain|p2a: Greninja\n|-supereffective|p2a: Greninja\n|-damage|p2a: Greninja|0 fnt\n|-heal|p1a: Why so frostrated?|74\/100|[from] drain|[of] p2a: Greninja\n|faint|p2a: Greninja\n|\n|-weather|Snow|[upkeep]\n|upkeep\n|inactive|mxtbog has 120 seconds left.\n|\n|t:|1699725522\n|switch|p2a: Glandur|Toucannon, F|31\/100\n|turn|15\n|\n|t:|1699725527\n|-terastallize|p1a: Why so frostrated?|Ghost\n|move|p2a: Glandur|Rock Blast|p1a: Why so frostrated?\n|-damage|p1a: Why so frostrated?|60\/100\n|-damage|p1a: Why so frostrated?|44\/100\n|-crit|p1a: Why so frostrated?\n|-damage|p1a: Why so frostrated?|22\/100\n|-damage|p1a: Why so frostrated?|8\/100\n|-damage|p1a: Why so frostrated?|0 fnt\n|faint|p1a: Why so frostrated?\n|-hitcount|p1: Why so frostrated?|5\n|\n|-weather|Snow|[upkeep]\n|upkeep\n|\n|t:|1699725537\n|switch|p1a: Snow big deal|Piloswine, M|100\/100\n|turn|16\n|\n|t:|1699725555\n|move|p2a: Glandur|Bullet Seed|p1a: Snow big deal\n|-supereffective|p1a: Snow big deal\n|-damage|p1a: Snow big deal|92\/100\n|-supereffective|p1a: Snow big deal\n|-damage|p1a: Snow big deal|84\/100\n|-supereffective|p1a: Snow big deal\n|-damage|p1a: Snow big deal|76\/100\n|-supereffective|p1a: Snow big deal\n|-damage|p1a: Snow big deal|67\/100\n|-supereffective|p1a: Snow big deal\n|-damage|p1a: Snow big deal|60\/100\n|-hitcount|p1a: Snow big deal|5\n|move|p1a: Snow big deal|Stealth Rock|p2a: Glandur\n|-sidestart|p2: mxtbog|move: Stealth Rock\n|\n|-weather|none\n|upkeep\n|turn|17\n|\n|t:|1699725570\n|move|p2a: Glandur|Bullet Seed|p1a: Snow big deal\n|-supereffective|p1a: Snow big deal\n|-damage|p1a: Snow big deal|47\/100\n|-supereffective|p1a: Snow big deal\n|-damage|p1a: Snow big deal|34\/100\n|-supereffective|p1a: Snow big deal\n|-damage|p1a: Snow big deal|21\/100\n|-supereffective|p1a: Snow big deal\n|-damage|p1a: Snow big deal|9\/100\n|-supereffective|p1a: Snow big deal\n|-damage|p1a: Snow big deal|0 fnt\n|faint|p1a: Snow big deal\n|-hitcount|p1: Snow big deal|5\n|\n|upkeep\n|\n|t:|1699725581\n|switch|p1a: Have an ice day|Ninetales-Alola, F|31\/100\n|-weather|Snow|[from] ability: Snow Warning|[of] p1a: Have an ice day\n|turn|18\n|\n|t:|1699725585\n|move|p1a: Have an ice day|Freeze-Dry|p2a: Glandur\n|-supereffective|p2a: Glandur\n|-damage|p2a: Glandur|0 fnt\n|faint|p2a: Glandur\n|\n|-weather|Snow|[upkeep]\n|upkeep\n|\n|t:|1699725591\n|switch|p2a: Toxapex|Toxapex, M|100\/100\n|turn|19\n|\n|t:|1699725598\n|move|p1a: Have an ice day|Freeze-Dry|p2a: Toxapex\n|-supereffective|p2a: Toxapex\n|-damage|p2a: Toxapex|66\/100\n|move|p2a: Toxapex|Toxic|p1a: Have an ice day\n|-status|p1a: Have an ice day|tox\n|\n|-weather|Snow|[upkeep]\n|-damage|p1a: Have an ice day|25\/100 tox|[from] psn\n|upkeep\n|turn|20\n|-message|SninemaSnins forfeited.\n|\n|win|mxtbog\n|raw|SninemaSnins's rating: 1180 &rarr; <strong>1160<\/strong><br \/>(-20 for losing)\n|raw|mxtbog's rating: 1247 &rarr; <strong>1267<\/strong><br \/>(+20 for winning)\n|l|\u2606SninemaSnins\n","uploadtime":1699725611,"views":4,"p1id":"sninemasnins","p2id":"mxtbog","formatid":"gen9nationaldex","rating":1160,"private":0,"password":""}