{"id":"gen9nationaldex-1988108773","p1":"woshikoudaimi","p2":"alcatel999","format":"[Gen 9] National Dex","log":"|j|\u2606woshikoudaimi\n|j|\u2606alcatel999\n|t:|1699670591\n|gametype|singles\n|player|p1|woshikoudaimi|hilda-masters3|1309\n|player|p2|alcatel999|rocketgrunt|1355\n|teamsize|p1|6\n|teamsize|p2|6\n|gen|9\n|tier|[Gen 9] National Dex\n|rated|\n|rule|HP Percentage Mod: HP is shown in percentages\n|rule|Endless Battle Clause: Forcing endless battles is banned\n|rule|OHKO Clause: OHKO moves are banned\n|rule|Evasion Clause: Evasion abilities, items, and moves are banned\n|rule|Evasion Abilities Clause: Evasion abilities are banned\n|rule|Evasion Items Clause: Evasion items are banned\n|rule|Evasion Moves Clause: Evasion moves are banned\n|rule|Species Clause: Limit one of each Pok\u00e9mon\n|rule|Sleep Clause Mod: Limit one foe put to sleep\n|clearpoke\n|poke|p1|Aegislash, F|\n|poke|p1|Great Tusk|\n|poke|p1|Iron Valiant|\n|poke|p1|Banette, F|\n|poke|p1|Volcanion|\n|poke|p1|Serperior, F|\n|poke|p2|Dragonite, M|\n|poke|p2|Blaziken, M|\n|poke|p2|Tangrowth, F|\n|poke|p2|Snorlax, F|\n|poke|p2|Zoroark-Hisui, M|\n|poke|p2|Starmie|\n|teampreview\n|inactive|Battle timer is ON: inactive players will automatically lose when time's up. (requested by woshikoudaimi)\n|\n|t:|1699670613\n|start\n|switch|p1a: Volcanion|Volcanion|100\/100\n|switch|p2a: PatricioEstrella|Starmie|100\/100\n|turn|1\n|\n|t:|1699670620\n|move|p2a: PatricioEstrella|Thunderbolt|p1a: Volcanion\n|-supereffective|p1a: Volcanion\n|-damage|p1a: Volcanion|39\/100\n|move|p1a: Volcanion|Steam Eruption|p2a: PatricioEstrella\n|-resisted|p2a: PatricioEstrella\n|-damage|p2a: PatricioEstrella|50\/100\n|\n|upkeep\n|turn|2\n|\n|t:|1699670627\n|switch|p1a: Serperior|Serperior, F, shiny|100\/100\n|move|p2a: PatricioEstrella|Ice Beam|p1a: Serperior\n|-supereffective|p1a: Serperior\n|-damage|p1a: Serperior|21\/100\n|\n|-heal|p1a: Serperior|28\/100|[from] item: Leftovers\n|upkeep\n|turn|3\n|\n|t:|1699670634\n|move|p2a: PatricioEstrella|Ice Beam|p1a: Serperior\n|-supereffective|p1a: Serperior\n|-damage|p1a: Serperior|0 fnt\n|faint|p1a: Serperior\n|\n|upkeep\n|\n|t:|1699670641\n|switch|p1a: Altria Pendragon|Aegislash, F, shiny|100\/100\n|turn|4\n|\n|t:|1699670651\n|switch|p2a: HuevoPeludo|Tangrowth, F|100\/100\n|move|p1a: Altria Pendragon|Swords Dance|p1a: Altria Pendragon\n|-boost|p1a: Altria Pendragon|atk|2\n|\n|upkeep\n|turn|5\n|\n|t:|1699670656\n|-formechange|p1a: Altria Pendragon|Aegislash-Blade||[from] ability: Stance Change\n|move|p1a: Altria Pendragon|Iron Head|p2a: HuevoPeludo\n|-damage|p2a: HuevoPeludo|51\/100\n|-damage|p1a: Altria Pendragon|84\/100|[from] item: Rocky Helmet|[of] p2a: HuevoPeludo\n|move|p2a: HuevoPeludo|Leech Seed|p1a: Altria Pendragon\n|-start|p1a: Altria Pendragon|move: Leech Seed\n|\n|-damage|p1a: Altria Pendragon|71\/100|[from] Leech Seed|[of] p2a: HuevoPeludo\n|-heal|p2a: HuevoPeludo|61\/100|[silent]\n|upkeep\n|turn|6\n|\n|t:|1699670664\n|move|p1a: Altria Pendragon|Swords Dance|p1a: Altria Pendragon\n|-boost|p1a: Altria Pendragon|atk|2\n|move|p2a: HuevoPeludo|Knock Off|p1a: Altria Pendragon\n|-supereffective|p1a: Altria Pendragon\n|-damage|p1a: Altria Pendragon|0 fnt\n|-enditem|p1a: Altria Pendragon|Spell Tag|[from] move: Knock Off|[of] p2a: HuevoPeludo\n|faint|p1a: Altria Pendragon\n|\n|upkeep\n|-message|woshikoudaimi forfeited.\n|\n|win|alcatel999\n|raw|woshikoudaimi's rating: 1309 &rarr; <strong>1292<\/strong><br \/>(-17 for losing)\n|raw|alcatel999's rating: 1355 &rarr; <strong>1372<\/strong><br \/>(+17 for winning)\n|l|\u2606woshikoudaimi\n","uploadtime":1699671131,"views":12,"p1id":"woshikoudaimi","p2id":"alcatel999","formatid":"gen9nationaldex","rating":1292,"private":0,"password":""}