{"id":"gen9nationaldex-1990843544","p1":"hambroni","p2":"Manuel_hdz15","format":"[Gen 9] National Dex","log":"|j|\u2606hambroni\n|j|\u2606Manuel_hdz15\n|t:|1700006689\n|gametype|singles\n|player|p1|hambroni|lucas|1458\n|player|p2|Manuel_hdz15|266|1557\n|teamsize|p1|6\n|teamsize|p2|6\n|gen|9\n|tier|[Gen 9] National Dex\n|rated|\n|rule|HP Percentage Mod: HP is shown in percentages\n|rule|Endless Battle Clause: Forcing endless battles is banned\n|rule|OHKO Clause: OHKO moves are banned\n|rule|Evasion Clause: Evasion abilities, items, and moves are banned\n|rule|Evasion Abilities Clause: Evasion abilities are banned\n|rule|Evasion Items Clause: Evasion items are banned\n|rule|Evasion Moves Clause: Evasion moves are banned\n|rule|Species Clause: Limit one of each Pok\u00e9mon\n|rule|Sleep Clause Mod: Limit one foe put to sleep\n|clearpoke\n|poke|p1|Azelf|\n|poke|p1|Nidoking, M|\n|poke|p1|Zapdos|\n|poke|p1|Lucario, M|\n|poke|p1|Clefable, F|\n|poke|p1|Garchomp, M|\n|poke|p2|Urshifu-*, M|\n|poke|p2|Charizard, M|\n|poke|p2|Ribombee, F|\n|poke|p2|Zoroark-Hisui, M|\n|poke|p2|Grimmsnarl, M|\n|poke|p2|Ogerpon-Wellspring, F|\n|teampreview\n|\n|t:|1700006719\n|start\n|switch|p1a: Lucario|Lucario, M|100\/100\n|switch|p2a: Ribombee|Ribombee, F|100\/100\n|turn|1\n|inactive|Battle timer is ON: inactive players will automatically lose when time's up. (requested by hambroni)\n|\n|t:|1700006725\n|move|p2a: Ribombee|Sticky Web|p1a: Lucario\n|-sidestart|p1: hambroni|move: Sticky Web\n|move|p1a: Lucario|Meteor Mash|p2a: Ribombee\n|-supereffective|p2a: Ribombee\n|-enditem|p2a: Ribombee|Focus Sash\n|-damage|p2a: Ribombee|1\/100\n|-boost|p1a: Lucario|atk|1\n|-damage|p1a: Lucario|91\/100|[from] item: Life Orb\n|\n|upkeep\n|turn|2\n|j| Mintymagic\n|\n|t:|1700006732\n|switch|p2a: Charizard|Charizard, M|100\/100\n|move|p1a: Lucario|Extreme Speed|p2a: Charizard\n|-damage|p2a: Charizard|31\/100\n|-damage|p1a: Lucario|81\/100|[from] item: Life Orb\n|\n|upkeep\n|turn|3\n|\n|t:|1700006737\n|switch|p2a: Urshifu|Urshifu-Rapid-Strike, M|100\/100\n|move|p1a: Lucario|Extreme Speed|p2a: Urshifu\n|-immune|p2a: Urshifu\n|\n|upkeep\n|turn|4\n|\n|t:|1700006746\n|switch|p1a: Doritoes|Zapdos, shiny|100\/100\n|move|p2a: Urshifu|Flamethrower|p1a: Doritoes\n|-damage|p1a: Doritoes|79\/100\n|\n|upkeep\n|turn|5\n|\n|t:|1700006752\n|switch|p2a: Grimmsnarl|Grimmsnarl, M|100\/100\n|move|p1a: Doritoes|Defog|p2a: Grimmsnarl\n|-unboost|p2a: Grimmsnarl|evasion|1\n|-sideend|p1: hambroni|Sticky Web|[from] move: Defog|[of] p1a: Doritoes\n|\n|upkeep\n|turn|6\n|\n|t:|1700006757\n|move|p2a: Grimmsnarl|Light Screen|p2a: Grimmsnarl\n|-sidestart|p2: Manuel_hdz15|move: Light Screen\n|move|p1a: Doritoes|Discharge|p2a: Grimmsnarl\n|-damage|p2a: Grimmsnarl|84\/100\n|-status|p2a: Grimmsnarl|par\n|\n|upkeep\n|turn|7\n|l| Mintymagic\n|\n|t:|1700006761\n|move|p2a: Grimmsnarl|Parting Shot|p1a: Doritoes\n|-unboost|p1a: Doritoes|atk|1\n|-unboost|p1a: Doritoes|spa|1\n|\n|t:|1700006779\n|switch|p2a: Urshifu|Urshifu-Rapid-Strike, M|100\/100|[from] Parting Shot\n|move|p1a: Doritoes|Defog|p2a: Urshifu\n|-unboost|p2a: Urshifu|evasion|1\n|-sideend|p2: Manuel_hdz15|move: Light Screen\n|\n|upkeep\n|turn|8\n|\n|t:|1700006787\n|move|p2a: Urshifu|Hyper Voice|p1a: Doritoes\n|-damage|p1a: Doritoes|41\/100\n|move|p1a: Doritoes|Discharge|p2a: Urshifu\n|-damage|p2a: Urshifu|55\/100\n|replace|p2a: Zoroark|Zoroark-Hisui, M\n|-end|p2a: Zoroark|Illusion\n|\n|upkeep\n|turn|9\n|\n|t:|1700006792\n|move|p2a: Zoroark|Hyper Voice|p1a: Doritoes\n|-damage|p1a: Doritoes|8\/100\n|move|p1a: Doritoes|Roost|p1a: Doritoes\n|-heal|p1a: Doritoes|58\/100\n|-singleturn|p1a: Doritoes|move: Roost\n|\n|upkeep\n|turn|10\n|\n|t:|1700006798\n|move|p2a: Zoroark|Hyper Voice|p1a: Doritoes\n|-damage|p1a: Doritoes|22\/100\n|move|p1a: Doritoes|Roost|p1a: Doritoes\n|-heal|p1a: Doritoes|72\/100\n|-singleturn|p1a: Doritoes|move: Roost\n|\n|upkeep\n|turn|11\n|\n|t:|1700006803\n|switch|p2a: Grimmsnarl|Grimmsnarl, M|84\/100 par\n|move|p1a: Doritoes|Roost|p1a: Doritoes\n|-heal|p1a: Doritoes|100\/100\n|-singleturn|p1a: Doritoes|move: Roost\n|\n|upkeep\n|turn|12\n|\n|t:|1700006813\n|move|p2a: Grimmsnarl|Light Screen|p2a: Grimmsnarl\n|-sidestart|p2: Manuel_hdz15|move: Light Screen\n|move|p1a: Doritoes|Defog|p2a: Grimmsnarl\n|-unboost|p2a: Grimmsnarl|evasion|1\n|-sideend|p2: Manuel_hdz15|move: Light Screen\n|\n|upkeep\n|turn|13\n|\n|t:|1700006820\n|move|p2a: Grimmsnarl|Light Screen|p2a: Grimmsnarl\n|-sidestart|p2: Manuel_hdz15|move: Light Screen\n|move|p1a: Doritoes|U-turn|p2a: Grimmsnarl\n|-damage|p2a: Grimmsnarl|76\/100 par\n|\n|t:|1700006829\n|switch|p1a: Lucario|Lucario, M|81\/100|[from] U-turn\n|\n|upkeep\n|turn|14\n|\n|t:|1700006833\n|switch|p1a: Doritoes|Zapdos, shiny|100\/100\n|cant|p2a: Grimmsnarl|par\n|\n|upkeep\n|turn|15\n|\n|t:|1700006836\n|move|p2a: Grimmsnarl|Parting Shot|p1a: Doritoes\n|-unboost|p1a: Doritoes|atk|1\n|-unboost|p1a: Doritoes|spa|1\n|\n|t:|1700006841\n|switch|p2a: Urshifu|Urshifu-Rapid-Strike, M|55\/100|[from] Parting Shot\n|move|p1a: Doritoes|Defog|p2a: Urshifu\n|-unboost|p2a: Urshifu|evasion|1\n|-sideend|p2: Manuel_hdz15|move: Light Screen\n|\n|upkeep\n|turn|16\n|\n|t:|1700006844\n|move|p2a: Urshifu|Trick|p1a: Doritoes\n|-activate|p2a: Urshifu|move: Trick|[of] p1a: Doritoes\n|-item|p1a: Doritoes|Choice Scarf|[from] move: Trick\n|-item|p2a: Urshifu|Heavy-Duty Boots|[from] move: Trick\n|move|p1a: Doritoes|Discharge|p2a: Urshifu\n|-damage|p2a: Urshifu|8\/100\n|replace|p2a: Zoroark|Zoroark-Hisui, M\n|-end|p2a: Zoroark|Illusion\n|\n|upkeep\n|turn|17\n|\n|t:|1700006852\n|move|p1a: Doritoes|Discharge|p2a: Zoroark\n|-damage|p2a: Zoroark|0 fnt\n|faint|p2a: Zoroark\n|\n|upkeep\n|\n|t:|1700006857\n|switch|p2a: Ogerpon|Ogerpon-Wellspring, F|100\/100\n|turn|18\n|\n|t:|1700006859\n|move|p1a: Doritoes|Discharge|p2a: Ogerpon\n|-damage|p2a: Ogerpon|75\/100\n|move|p2a: Ogerpon|Swords Dance|p2a: Ogerpon\n|-boost|p2a: Ogerpon|atk|2\n|\n|upkeep\n|turn|19\n|\n|t:|1700006867\n|move|p1a: Doritoes|Discharge|p2a: Ogerpon\n|-damage|p2a: Ogerpon|46\/100\n|-status|p2a: Ogerpon|par\n|move|p2a: Ogerpon|Horn Leech|p1a: Doritoes\n|-resisted|p1a: Doritoes\n|-damage|p1a: Doritoes|52\/100\n|-heal|p2a: Ogerpon|77\/100 par|[from] drain|[of] p1a: Doritoes\n|\n|upkeep\n|turn|20\n|\n|t:|1700006889\n|switch|p1a: Henry|Nidoking, M, shiny|100\/100\n|move|p2a: Ogerpon|Ivy Cudgel|p1a: Henry|[anim] Ivy Cudgel Water\n|-supereffective|p1a: Henry\n|-damage|p1a: Henry|0 fnt\n|faint|p1a: Henry\n|\n|upkeep\n|inactive|hambroni has 120 seconds left.\n|\n|t:|1700006930\n|switch|p1a: FreshBlood|Garchomp, M|100\/100\n|turn|21\n|\n|t:|1700006938\n|move|p1a: FreshBlood|Poison Jab|p2a: Ogerpon\n|-supereffective|p2a: Ogerpon\n|-damage|p2a: Ogerpon|0 fnt\n|faint|p2a: Ogerpon\n|\n|upkeep\n|\n|t:|1700006943\n|switch|p2a: Ribombee|Ribombee, F|1\/100\n|turn|22\n|\n|t:|1700006945\n|move|p1a: FreshBlood|Poison Jab|p2a: Ribombee\n|-supereffective|p2a: Ribombee\n|-damage|p2a: Ribombee|0 fnt\n|faint|p2a: Ribombee\n|\n|upkeep\n|\n|t:|1700006951\n|switch|p2a: Grimmsnarl|Grimmsnarl, M|76\/100 par\n|turn|23\n|\n|t:|1700006965\n|cant|p2a: Grimmsnarl|par\n|move|p1a: FreshBlood|Poison Jab|p2a: Grimmsnarl\n|-supereffective|p2a: Grimmsnarl\n|-damage|p2a: Grimmsnarl|17\/100 par\n|\n|upkeep\n|turn|24\n|\n|t:|1700006970\n|move|p2a: Grimmsnarl|Reflect|p2a: Grimmsnarl\n|-sidestart|p2: Manuel_hdz15|Reflect\n|move|p1a: FreshBlood|Poison Jab|p2a: Grimmsnarl\n|-supereffective|p2a: Grimmsnarl\n|-damage|p2a: Grimmsnarl|0 fnt\n|faint|p2a: Grimmsnarl\n|\n|upkeep\n|\n|t:|1700006977\n|switch|p2a: Charizard|Charizard, M|31\/100\n|turn|25\n|\n|t:|1700006999\n|detailschange|p2a: Charizard|Charizard-Mega-X, M\n|-mega|p2a: Charizard|Charizard|Charizardite X\n|move|p1a: FreshBlood|Poison Jab|p2a: Charizard\n|-damage|p2a: Charizard|15\/100\n|move|p2a: Charizard|Roost|p2a: Charizard\n|-heal|p2a: Charizard|65\/100\n|-singleturn|p2a: Charizard|move: Roost\n|\n|upkeep\n|turn|26\n|\n|t:|1700007006\n|switch|p1a: UglyAF|Clefable, F|100\/100\n|move|p2a: Charizard|Dragon Dance|p2a: Charizard\n|-boost|p2a: Charizard|atk|1\n|-boost|p2a: Charizard|spe|1\n|\n|upkeep\n|turn|27\n|\n|t:|1700007009\n|move|p2a: Charizard|Flare Blitz|p1a: UglyAF\n|-damage|p1a: UglyAF|0 fnt\n|faint|p1a: UglyAF\n|-damage|p2a: Charizard|22\/100|[from] Recoil\n|\n|upkeep\n|\n|t:|1700007019\n|switch|p1a: Lucario|Lucario, M|81\/100\n|turn|28\n|\n|t:|1700007023\n|-terastallize|p1a: Lucario|Normal\n|move|p1a: Lucario|Extreme Speed|p2a: Charizard\n|-damage|p2a: Charizard|0 fnt\n|faint|p2a: Charizard\n|-damage|p1a: Lucario|71\/100|[from] item: Life Orb\n|\n|upkeep\n|\n|t:|1700007027\n|switch|p2a: Urshifu|Urshifu-Rapid-Strike, M|100\/100\n|turn|29\n|\n|t:|1700007039\n|move|p1a: Lucario|Extreme Speed|p2a: Urshifu\n|-damage|p2a: Urshifu|77\/100\n|-damage|p1a: Lucario|61\/100|[from] item: Life Orb\n|move|p2a: Urshifu|Drain Punch|p1a: Lucario\n|-supereffective|p1a: Lucario\n|-damage|p1a: Lucario|0 fnt\n|-heal|p2a: Urshifu|100\/100|[from] drain|[of] p1a: Lucario\n|faint|p1a: Lucario\n|\n|upkeep\n|\n|t:|1700007058\n|switch|p1a: Doritoes|Zapdos, shiny|52\/100\n|turn|30\n|\n|t:|1700007066\n|-terastallize|p2a: Urshifu|Water\n|move|p1a: Doritoes|Discharge|p2a: Urshifu\n|-supereffective|p2a: Urshifu\n|-damage|p2a: Urshifu|7\/100\n|-status|p2a: Urshifu|par\n|move|p2a: Urshifu|Surging Strikes|p1a: Doritoes\n|-crit|p1a: Doritoes\n|-damage|p1a: Doritoes|27\/100\n|-crit|p1a: Doritoes\n|-damage|p1a: Doritoes|0 fnt\n|faint|p1a: Doritoes\n|-hitcount|p1: Doritoes|2\n|\n|upkeep\n|\n|t:|1700007075\n|switch|p1a: Clouded|Azelf|100\/100\n|turn|31\n|\n|t:|1700007078\n|move|p1a: Clouded|Psychic|p2a: Urshifu\n|-crit|p2a: Urshifu\n|-damage|p2a: Urshifu|0 fnt\n|faint|p2a: Urshifu\n|\n|win|hambroni\n|raw|hambroni's rating: 1436 &rarr; <strong>1463<\/strong><br \/>(+27 for winning)\n|raw|Manuel_hdz15's rating: 1557 &rarr; <strong>1530<\/strong><br \/>(-27 for losing)\n|l|\u2606Manuel_hdz15\n","uploadtime":1700007097,"views":4,"p1id":"hambroni","p2id":"manuelhdz15","formatid":"gen9nationaldex","rating":1463,"private":0,"password":""}