{"id":"gen9nationaldex-2000202191","p1":"Kiviruweinau","p2":"psng","format":"[Gen 9] National Dex","log":"|html|<div class=\"broadcast-blue\"><strong>[Gen 9] National Dex is currently suspecting Sneasler! For information on how to participate check out the <a href=\"https:\/\/www.smogon.com\/forums\/threads\/sv-national-dex-suspect-8-just-dance.3731534\/\">suspect thread<\/a>.<\/strong><\/div>\n|j|\u2606Kiviruweinau\n|j|\u2606psng\n|t:|1701171432\n|gametype|singles\n|player|p1|Kiviruweinau|roughneck|1581\n|player|p2|psng|wallace|1463\n|teamsize|p1|6\n|teamsize|p2|6\n|gen|9\n|tier|[Gen 9] National Dex\n|rated|\n|rule|HP Percentage Mod: HP is shown in percentages\n|rule|Endless Battle Clause: Forcing endless battles is banned\n|rule|OHKO Clause: OHKO moves are banned\n|rule|Evasion Clause: Evasion abilities, items, and moves are banned\n|rule|Evasion Abilities Clause: Evasion abilities are banned\n|rule|Evasion Items Clause: Evasion items are banned\n|rule|Evasion Moves Clause: Evasion moves are banned\n|rule|Species Clause: Limit one of each Pok\u00e9mon\n|rule|Sleep Clause Mod: Limit one foe put to sleep\n|clearpoke\n|poke|p1|Lopunny, F|\n|poke|p1|Rotom-Wash|\n|poke|p1|Porygon2|\n|poke|p1|Garchomp, F|\n|poke|p1|Heracross, F|\n|poke|p1|Nihilego|\n|poke|p2|Pelipper, M|\n|poke|p2|Tapu Lele|\n|poke|p2|Swampert, F|\n|poke|p2|Greninja-*, M|\n|poke|p2|Zapdos|\n|poke|p2|Ferrothorn, M|\n|teampreview\n|inactive|Battle timer is ON: inactive players will automatically lose when time's up. (requested by psng)\n|\n|t:|1701171442\n|start\n|switch|p1a: Rotom|Rotom-Wash|100\/100\n|switch|p2a: Pelipper|Pelipper, M, shiny|100\/100\n|-weather|RainDance|[from] ability: Drizzle|[of] p2a: Pelipper\n|turn|1\n|\n|t:|1701171461\n|switch|p2a: Ferrothorn|Ferrothorn, M, shiny|100\/100\n|move|p1a: Rotom|Hydro Pump|p2a: Ferrothorn\n|-resisted|p2a: Ferrothorn\n|-damage|p2a: Ferrothorn|72\/100\n|\n|-weather|RainDance|[upkeep]\n|-heal|p2a: Ferrothorn|78\/100|[from] item: Leftovers\n|upkeep\n|turn|2\n|\n|t:|1701171469\n|switch|p1a: Heracross|Heracross, F|100\/100\n|move|p2a: Ferrothorn|Stealth Rock|p1a: Heracross\n|-sidestart|p1: Kiviruweinau|move: Stealth Rock\n|\n|-weather|RainDance|[upkeep]\n|-heal|p2a: Ferrothorn|84\/100|[from] item: Leftovers\n|upkeep\n|turn|3\n|\n|t:|1701171476\n|switch|p2a: Zapdos|Zapdos, shiny|100\/100\n|-terastallize|p1a: Heracross|Bug\n|move|p1a: Heracross|Megahorn|p2a: Zapdos\n|-resisted|p2a: Zapdos\n|-damage|p2a: Zapdos|72\/100\n|\n|-weather|RainDance|[upkeep]\n|upkeep\n|turn|4\n|\n|t:|1701171485\n|switch|p1a: Rotom|Rotom-Wash|100\/100\n|-damage|p1a: Rotom|88\/100|[from] Stealth Rock\n|move|p2a: Zapdos|Hurricane|p1a: Rotom\n|-resisted|p1a: Rotom\n|-damage|p1a: Rotom|61\/100\n|-start|p1a: Rotom|confusion\n|\n|-weather|RainDance|[upkeep]\n|upkeep\n|turn|5\n|\n|t:|1701171493\n|-activate|p1a: Rotom|confusion\n|move|p1a: Rotom|Trick||[still]\n|-fail|p1a: Rotom\n|-zpower|p2a: Zapdos\n|move|p2a: Zapdos|Supersonic Skystrike|p1a: Rotom|[zeffect]\n|-resisted|p1a: Rotom\n|-damage|p1a: Rotom|13\/100\n|\n|-weather|RainDance|[upkeep]\n|upkeep\n|turn|6\n|\n|t:|1701171502\n|-end|p1a: Rotom|confusion\n|move|p1a: Rotom|Trick||[still]\n|-fail|p1a: Rotom\n|move|p2a: Zapdos|U-turn|p1a: Rotom\n|-damage|p1a: Rotom|0 fnt\n|faint|p1a: Rotom\n|\n|t:|1701171518\n|switch|p2a: Swampert|Swampert, F, shiny|100\/100|[from] U-turn\n|\n|-weather|RainDance|[upkeep]\n|upkeep\n|\n|t:|1701171531\n|switch|p1a: Porygon2|Porygon2|100\/100\n|-damage|p1a: Porygon2|88\/100|[from] Stealth Rock\n|turn|7\n|\n|t:|1701171541\n|detailschange|p2a: Swampert|Swampert-Mega, F, shiny\n|-mega|p2a: Swampert|Swampert|Swampertite\n|move|p2a: Swampert|Flip Turn|p1a: Porygon2\n|-damage|p1a: Porygon2|50\/100\n|\n|t:|1701171545\n|switch|p2a: Ferrothorn|Ferrothorn, M, shiny|84\/100|[from] Flip Turn\n|move|p1a: Porygon2|Ice Beam|p2a: Ferrothorn\n|-damage|p2a: Ferrothorn|60\/100\n|\n|-weather|RainDance|[upkeep]\n|-heal|p2a: Ferrothorn|66\/100|[from] item: Leftovers\n|upkeep\n|turn|8\n|inactive|Kiviruweinau has 120 seconds left.\n|inactive|Kiviruweinau has 90 seconds left.\n|\n|t:|1701171610\n|move|p1a: Porygon2|Recover|p1a: Porygon2\n|-heal|p1a: Porygon2|100\/100\n|move|p2a: Ferrothorn|Leech Seed|p1a: Porygon2\n|-start|p1a: Porygon2|move: Leech Seed\n|\n|-weather|none\n|-heal|p2a: Ferrothorn|72\/100|[from] item: Leftovers\n|-damage|p1a: Porygon2|88\/100|[from] Leech Seed|[of] p2a: Ferrothorn\n|-heal|p2a: Ferrothorn|83\/100|[silent]\n|upkeep\n|turn|9\n|inactive|Kiviruweinau has 90 seconds left.\n|\n|t:|1701171629\n|switch|p1a: Heracross|Heracross, F, tera:Bug|100\/100\n|-damage|p1a: Heracross|76\/100|[from] Stealth Rock\n|switch|p2a: Pelipper|Pelipper, M, shiny|100\/100\n|-weather|RainDance|[from] ability: Drizzle|[of] p2a: Pelipper\n|\n|-weather|RainDance|[upkeep]\n|upkeep\n|turn|10\n|inactive|Kiviruweinau has 90 seconds left.\n|\n|t:|1701171644\n|move|p1a: Heracross|Stone Edge|p2a: Pelipper\n|-supereffective|p2a: Pelipper\n|-damage|p2a: Pelipper|48\/100\n|move|p2a: Pelipper|U-turn|p1a: Heracross\n|-damage|p1a: Heracross|63\/100\n|\n|t:|1701171654\n|switch|p2a: Swampert|Swampert-Mega, F, shiny|100\/100|[from] U-turn\n|\n|-weather|RainDance|[upkeep]\n|upkeep\n|turn|11\n|\n|t:|1701171662\n|switch|p1a: Garchomp|Garchomp, F|100\/100\n|-damage|p1a: Garchomp|94\/100|[from] Stealth Rock\n|move|p2a: Swampert|Liquidation|p1a: Garchomp\n|-damage|p1a: Garchomp|46\/100\n|-unboost|p1a: Garchomp|def|1\n|-damage|p2a: Swampert|88\/100|[from] ability: Rough Skin|[of] p1a: Garchomp\n|-damage|p2a: Swampert|72\/100|[from] item: Rocky Helmet|[of] p1a: Garchomp\n|\n|-weather|RainDance|[upkeep]\n|upkeep\n|turn|12\n|\n|t:|1701171679\n|move|p2a: Swampert|Liquidation|p1a: Garchomp\n|-damage|p1a: Garchomp|0 fnt\n|-damage|p2a: Swampert|59\/100|[from] ability: Rough Skin|[of] p1a: Garchomp\n|-damage|p2a: Swampert|43\/100|[from] item: Rocky Helmet|[of] p1a: Garchomp\n|faint|p1a: Garchomp\n|\n|-weather|RainDance|[upkeep]\n|upkeep\n|\n|t:|1701171687\n|switch|p1a: Lopunny|Lopunny, F|100\/100\n|-damage|p1a: Lopunny|88\/100|[from] Stealth Rock\n|turn|13\n|\n|t:|1701171693\n|switch|p2a: Tapu Lele|Tapu Lele, shiny|100\/100\n|-fieldstart|move: Psychic Terrain|[from] ability: Psychic Surge|[of] p2a: Tapu Lele\n|detailschange|p1a: Lopunny|Lopunny-Mega, F\n|-mega|p1a: Lopunny|Lopunny|Lopunnite\n|move|p1a: Lopunny|Frustration|p2a: Tapu Lele\n|-damage|p2a: Tapu Lele|13\/100\n|\n|-weather|RainDance|[upkeep]\n|upkeep\n|turn|14\n|\n|t:|1701171708\n|move|p2a: Tapu Lele|Psychic|p1a: Lopunny\n|-supereffective|p1a: Lopunny\n|-damage|p1a: Lopunny|0 fnt\n|faint|p1a: Lopunny\n|\n|-weather|RainDance|[upkeep]\n|upkeep\n|\n|t:|1701171715\n|switch|p1a: Heracross|Heracross, F, tera:Bug|63\/100\n|-damage|p1a: Heracross|38\/100|[from] Stealth Rock\n|turn|15\n|\n|t:|1701171726\n|move|p2a: Tapu Lele|Psychic|p1a: Heracross\n|-damage|p1a: Heracross|0 fnt\n|faint|p1a: Heracross\n|\n|-weather|RainDance|[upkeep]\n|upkeep\n|-message|Kiviruweinau forfeited.\n|\n|win|psng\n|raw|Kiviruweinau's rating: 1581 &rarr; <strong>1554<\/strong><br \/>(-27 for losing)\n|raw|psng's rating: 1463 &rarr; <strong>1490<\/strong><br \/>(+27 for winning)\n|l|\u2606Kiviruweinau\n","uploadtime":1701171736,"views":1,"p1id":"kiviruweinau","p2id":"psng","formatid":"gen9nationaldex","rating":1490,"private":0,"password":""}