{"id":"gen9nationaldex-1989163665","p1":"bananasinpajamas7","p2":"ImsuchanL","format":"[Gen 9] National Dex","log":"|j|\u2606bananasinpajamas7\n|j|\u2606ImsuchanL\n|t:|1699818957\n|gametype|singles\n|player|p1|bananasinpajamas7|brendan-gen3|1180\n|player|p2|ImsuchanL|guzma|1204\n|teamsize|p1|6\n|teamsize|p2|6\n|gen|9\n|tier|[Gen 9] National Dex\n|rated|\n|rule|HP Percentage Mod: HP is shown in percentages\n|rule|Endless Battle Clause: Forcing endless battles is banned\n|rule|OHKO Clause: OHKO moves are banned\n|rule|Evasion Clause: Evasion abilities, items, and moves are banned\n|rule|Evasion Abilities Clause: Evasion abilities are banned\n|rule|Evasion Items Clause: Evasion items are banned\n|rule|Evasion Moves Clause: Evasion moves are banned\n|rule|Species Clause: Limit one of each Pok\u00e9mon\n|rule|Sleep Clause Mod: Limit one foe put to sleep\n|clearpoke\n|poke|p1|Sableye, M|\n|poke|p1|Corviknight, M|\n|poke|p1|Clefable, F|\n|poke|p1|Toxapex, F|\n|poke|p1|Volcarona, M|\n|poke|p1|Ursaluna, M|\n|poke|p2|Weavile, F|\n|poke|p2|Corviknight, F|\n|poke|p2|Tapu Koko|\n|poke|p2|Iron Valiant|\n|poke|p2|Sneasler, M|\n|poke|p2|Gastrodon, M|\n|teampreview\n|\n|t:|1699818995\n|start\n|switch|p1a: Sableye|Sableye, M|100\/100\n|switch|p2a: Weavile|Weavile, F|100\/100\n|-ability|p2a: Weavile|Pressure\n|turn|1\n|\n|t:|1699819004\n|move|p1a: Sableye|Will-O-Wisp|p2a: Weavile\n|-hint|Since gen 7, Dark is immune to Prankster moves.\n|-immune|p2a: Weavile\n|move|p2a: Weavile|Triple Axel|p1a: Sableye|[miss]\n|-miss|p2a: Weavile|p1a: Sableye\n|\n|upkeep\n|turn|2\n|\n|t:|1699819010\n|detailschange|p1a: Sableye|Sableye-Mega, M\n|-mega|p1a: Sableye|Sableye|Sablenite\n|move|p2a: Weavile|Triple Axel|p1a: Sableye|[miss]\n|-miss|p2a: Weavile|p1a: Sableye\n|move|p1a: Sableye|Will-O-Wisp|p2a: Weavile\n|-status|p2a: Weavile|brn\n|\n|-damage|p2a: Weavile|94\/100 brn|[from] brn\n|upkeep\n|turn|3\n|\n|t:|1699819014\n|move|p2a: Weavile|Triple Axel|p1a: Sableye\n|-damage|p1a: Sableye|95\/100\n|-damage|p1a: Sableye|82\/100\n|-damage|p1a: Sableye|65\/100\n|-hitcount|p1a: Sableye|3\n|move|p1a: Sableye|Knock Off|p2a: Weavile\n|-resisted|p2a: Weavile\n|-damage|p2a: Weavile|70\/100 brn\n|-enditem|p2a: Weavile|Choice Band|[from] move: Knock Off|[of] p1a: Sableye\n|\n|-damage|p2a: Weavile|63\/100 brn|[from] brn\n|upkeep\n|turn|4\n|\n|t:|1699819025\n|switch|p1a: Toxapex|Toxapex, F|100\/100\n|move|p2a: Weavile|Triple Axel|p1a: Toxapex\n|-resisted|p1a: Toxapex\n|-crit|p1a: Toxapex\n|-damage|p1a: Toxapex|98\/100\n|-resisted|p1a: Toxapex\n|-damage|p1a: Toxapex|94\/100\n|-resisted|p1a: Toxapex\n|-damage|p1a: Toxapex|89\/100\n|-hitcount|p1a: Toxapex|3\n|\n|-heal|p1a: Toxapex|95\/100|[from] item: Leftovers\n|-damage|p2a: Weavile|57\/100 brn|[from] brn\n|upkeep\n|turn|5\n|\n|t:|1699819030\n|move|p2a: Weavile|Knock Off|p1a: Toxapex\n|-damage|p1a: Toxapex|77\/100\n|-enditem|p1a: Toxapex|Leftovers|[from] move: Knock Off|[of] p2a: Weavile\n|move|p1a: Toxapex|Scald|p2a: Weavile\n|-damage|p2a: Weavile|33\/100 brn\n|\n|-damage|p2a: Weavile|26\/100 brn|[from] brn\n|upkeep\n|turn|6\n|\n|t:|1699819038\n|switch|p2a: Gastrodon|Gastrodon, M|100\/100\n|move|p1a: Toxapex|Scald|p2a: Gastrodon\n|-ability|p2a: Gastrodon|Storm Drain|boost\n|-boost|p2a: Gastrodon|spa|1\n|\n|upkeep\n|turn|7\n|\n|t:|1699819042\n|move|p2a: Gastrodon|Stealth Rock|p1a: Toxapex\n|-sidestart|p1: bananasinpajamas7|move: Stealth Rock\n|move|p1a: Toxapex|Haze|p1a: Toxapex\n|-clearallboost\n|\n|upkeep\n|turn|8\n|\n|t:|1699819049\n|move|p1a: Toxapex|Baneful Bunker|p1a: Toxapex\n|-singleturn|p1a: Toxapex|move: Protect\n|move|p2a: Gastrodon|Scald|p1a: Toxapex\n|-activate|p1a: Toxapex|move: Protect\n|\n|upkeep\n|turn|9\n|\n|t:|1699819054\n|switch|p1a: Clefable|Clefable, F|100\/100\n|move|p2a: Gastrodon|Scald|p1a: Clefable\n|-damage|p1a: Clefable|81\/100\n|\n|-heal|p1a: Clefable|87\/100|[from] item: Leftovers\n|upkeep\n|turn|10\n|\n|t:|1699819059\n|move|p1a: Clefable|Moonblast|p2a: Gastrodon\n|-damage|p2a: Gastrodon|78\/100\n|move|p2a: Gastrodon|Toxic|p1a: Clefable\n|-status|p1a: Clefable|tox\n|\n|-heal|p1a: Clefable|93\/100 tox|[from] item: Leftovers\n|-heal|p2a: Gastrodon|84\/100|[from] item: Leftovers\n|upkeep\n|turn|11\n|\n|t:|1699819063\n|move|p1a: Clefable|Stealth Rock|p2a: Gastrodon\n|-sidestart|p2: ImsuchanL|move: Stealth Rock\n|move|p2a: Gastrodon|Recover|p2a: Gastrodon\n|-heal|p2a: Gastrodon|100\/100\n|\n|-heal|p1a: Clefable|99\/100 tox|[from] item: Leftovers\n|upkeep\n|turn|12\n|\n|t:|1699819072\n|switch|p2a: Corviknight|Corviknight, F|100\/100\n|-damage|p2a: Corviknight|88\/100|[from] Stealth Rock\n|-ability|p2a: Corviknight|Pressure\n|move|p1a: Clefable|Moonblast|p2a: Corviknight\n|-resisted|p2a: Corviknight\n|-damage|p2a: Corviknight|73\/100\n|-unboost|p2a: Corviknight|spa|1\n|\n|-heal|p1a: Clefable|100\/100 tox|[from] item: Leftovers\n|upkeep\n|turn|13\n|\n|t:|1699819078\n|switch|p1a: Volcarona|Volcarona, M|100\/100\n|move|p2a: Corviknight|Defog|p1a: Volcarona\n|-unboost|p1a: Volcarona|evasion|1\n|-sideend|p1: bananasinpajamas7|Stealth Rock|[from] move: Defog|[of] p2a: Corviknight\n|-sideend|p2: ImsuchanL|Stealth Rock|[from] move: Defog|[of] p2a: Corviknight\n|\n|upkeep\n|turn|14\n|\n|t:|1699819085\n|move|p1a: Volcarona|Quiver Dance|p1a: Volcarona\n|-boost|p1a: Volcarona|spa|1\n|-boost|p1a: Volcarona|spd|1\n|-boost|p1a: Volcarona|spe|1\n|move|p2a: Corviknight|Brave Bird|p1a: Volcarona\n|-supereffective|p1a: Volcarona\n|-damage|p1a: Volcarona|0 fnt\n|faint|p1a: Volcarona\n|-damage|p2a: Corviknight|47\/100|[from] Recoil\n|\n|upkeep\n|\n|t:|1699819096\n|switch|p1a: Ursaluna|Ursaluna, M|100\/100\n|turn|15\n|\n|t:|1699819103\n|move|p1a: Ursaluna|Bulk Up|p1a: Ursaluna\n|-boost|p1a: Ursaluna|atk|1\n|-boost|p1a: Ursaluna|def|1\n|move|p2a: Corviknight|Roost|p2a: Corviknight\n|-heal|p2a: Corviknight|97\/100\n|-singleturn|p2a: Corviknight|move: Roost\n|\n|-status|p1a: Ursaluna|brn|[from] item: Flame Orb\n|upkeep\n|turn|16\n|\n|t:|1699819110\n|move|p1a: Ursaluna|Fire Punch|p2a: Corviknight\n|-supereffective|p2a: Corviknight\n|-damage|p2a: Corviknight|14\/100\n|-damage|p1a: Ursaluna|84\/100 brn|[from] item: Rocky Helmet|[of] p2a: Corviknight\n|move|p2a: Corviknight|U-turn|p1a: Ursaluna\n|-damage|p1a: Ursaluna|77\/100 brn\n|\n|t:|1699819117\n|switch|p2a: Tapu Koko|Tapu Koko|100\/100|[from] U-turn\n|-fieldstart|move: Electric Terrain|[from] ability: Electric Surge|[of] p2a: Tapu Koko\n|\n|-damage|p1a: Ursaluna|71\/100 brn|[from] brn\n|upkeep\n|turn|17\n|\n|t:|1699819123\n|switch|p1a: Clefable|Clefable, F|100\/100 tox\n|move|p2a: Tapu Koko|Hidden Power|p1a: Clefable\n|-damage|p1a: Clefable|88\/100 tox\n|\n|-heal|p1a: Clefable|94\/100 tox|[from] item: Leftovers\n|upkeep\n|turn|18\n|\n|t:|1699819129\n|move|p2a: Tapu Koko|U-turn|p1a: Clefable\n|-resisted|p1a: Clefable\n|-damage|p1a: Clefable|87\/100 tox\n|\n|t:|1699819132\n|switch|p2a: Weavile|Weavile, F|26\/100 brn|[from] U-turn\n|-ability|p2a: Weavile|Pressure\n|move|p1a: Clefable|Stealth Rock|p2a: Weavile\n|-sidestart|p2: ImsuchanL|move: Stealth Rock\n|\n|-heal|p1a: Clefable|93\/100 tox|[from] item: Leftovers\n|-damage|p2a: Weavile|20\/100 brn|[from] brn\n|upkeep\n|turn|19\n|\n|t:|1699819136\n|move|p1a: Clefable|Protect|p1a: Clefable\n|-singleturn|p1a: Clefable|Protect\n|move|p2a: Weavile|Knock Off|p1a: Clefable\n|-activate|p1a: Clefable|move: Protect\n|\n|-heal|p1a: Clefable|99\/100 tox|[from] item: Leftovers\n|-damage|p2a: Weavile|14\/100 brn|[from] brn\n|upkeep\n|turn|20\n|\n|t:|1699819141\n|switch|p1a: Sableye|Sableye-Mega, M|65\/100\n|move|p2a: Weavile|Knock Off|p1a: Sableye\n|-damage|p1a: Sableye|52\/100\n|\n|-damage|p2a: Weavile|8\/100 brn|[from] brn\n|-fieldend|move: Electric Terrain\n|upkeep\n|turn|21\n|\n|t:|1699819148\n|move|p2a: Weavile|Pursuit|p1a: Sableye\n|-damage|p1a: Sableye|43\/100\n|move|p1a: Sableye|Recover|p1a: Sableye\n|-heal|p1a: Sableye|93\/100\n|\n|-damage|p2a: Weavile|2\/100 brn|[from] brn\n|upkeep\n|turn|22\n|\n|t:|1699819152\n|move|p2a: Weavile|Triple Axel|p1a: Sableye|[miss]\n|-miss|p2a: Weavile|p1a: Sableye\n|move|p1a: Sableye|Taunt|p2a: Weavile\n|-start|p2a: Weavile|move: Taunt\n|\n|-damage|p2a: Weavile|0 fnt|[from] brn\n|faint|p2a: Weavile\n|upkeep\n|\n|t:|1699819164\n|switch|p2a: Corviknight|Corviknight, F|14\/100\n|-damage|p2a: Corviknight|2\/100|[from] Stealth Rock\n|-ability|p2a: Corviknight|Pressure\n|turn|23\n|\n|t:|1699819169\n|move|p2a: Corviknight|Roost|p2a: Corviknight\n|-heal|p2a: Corviknight|52\/100\n|-singleturn|p2a: Corviknight|move: Roost\n|move|p1a: Sableye|Knock Off|p2a: Corviknight\n|-damage|p2a: Corviknight|32\/100\n|-damage|p1a: Sableye|77\/100|[from] item: Rocky Helmet|[of] p2a: Corviknight\n|-enditem|p2a: Corviknight|Rocky Helmet|[from] move: Knock Off|[of] p1a: Sableye\n|\n|upkeep\n|turn|24\n|\n|t:|1699819177\n|move|p2a: Corviknight|Roost|p2a: Corviknight\n|-heal|p2a: Corviknight|82\/100\n|-singleturn|p2a: Corviknight|move: Roost\n|move|p1a: Sableye|Will-O-Wisp|p2a: Corviknight\n|-status|p2a: Corviknight|brn\n|\n|-damage|p2a: Corviknight|76\/100 brn|[from] brn\n|upkeep\n|turn|25\n|\n|t:|1699819179\n|move|p2a: Corviknight|U-turn|p1a: Sableye\n|-damage|p1a: Sableye|70\/100\n|\n|t:|1699819184\n|switch|p2a: Tapu Koko|Tapu Koko|100\/100|[from] U-turn\n|-fieldstart|move: Electric Terrain|[from] ability: Electric Surge|[of] p2a: Tapu Koko\n|move|p1a: Sableye|Taunt|p2a: Tapu Koko\n|-start|p2a: Tapu Koko|move: Taunt\n|\n|upkeep\n|turn|26\n|\n|t:|1699819191\n|switch|p1a: Clefable|Clefable, F|99\/100 tox\n|move|p2a: Tapu Koko|Thunderbolt|p1a: Clefable\n|-damage|p1a: Clefable|58\/100 tox\n|\n|-heal|p1a: Clefable|64\/100 tox|[from] item: Leftovers\n|upkeep\n|turn|27\n|\n|t:|1699819202\n|move|p2a: Tapu Koko|Thunderbolt|p1a: Clefable\n|-damage|p1a: Clefable|25\/100 tox\n|move|p1a: Clefable|Wish|p1a: Clefable\n|\n|-heal|p1a: Clefable|31\/100 tox|[from] item: Leftovers\n|-end|p2a: Tapu Koko|move: Taunt\n|upkeep\n|turn|28\n|\n|t:|1699819206\n|move|p1a: Clefable|Protect|p1a: Clefable\n|-singleturn|p1a: Clefable|Protect\n|move|p2a: Tapu Koko|Thunderbolt|p1a: Clefable\n|-activate|p1a: Clefable|move: Protect\n|\n|-heal|p1a: Clefable|81\/100 tox|[from] move: Wish|[wisher] Clefable\n|-heal|p1a: Clefable|88\/100 tox|[from] item: Leftovers\n|upkeep\n|turn|29\n|\n|t:|1699819210\n|move|p2a: Tapu Koko|U-turn|p1a: Clefable\n|-resisted|p1a: Clefable\n|-damage|p1a: Clefable|80\/100 tox\n|\n|t:|1699819212\n|switch|p2a: Corviknight|Corviknight, F|76\/100 brn|[from] U-turn\n|-damage|p2a: Corviknight|63\/100 brn|[from] Stealth Rock\n|-ability|p2a: Corviknight|Pressure\n|move|p1a: Clefable|Moonblast|p2a: Corviknight\n|-resisted|p2a: Corviknight\n|-damage|p2a: Corviknight|50\/100 brn\n|\n|-heal|p1a: Clefable|87\/100 tox|[from] item: Leftovers\n|-damage|p2a: Corviknight|43\/100 brn|[from] brn\n|-fieldend|move: Electric Terrain\n|upkeep\n|turn|30\n|\n|t:|1699819217\n|switch|p1a: Toxapex|Toxapex, F|100\/100\n|move|p2a: Corviknight|Defog|p1a: Toxapex\n|-unboost|p1a: Toxapex|evasion|1\n|-sideend|p2: ImsuchanL|Stealth Rock|[from] move: Defog|[of] p2a: Corviknight\n|\n|-damage|p2a: Corviknight|37\/100 brn|[from] brn\n|upkeep\n|turn|31\n|\n|t:|1699819226\n|switch|p1a: Sableye|Sableye-Mega, M|70\/100\n|move|p2a: Corviknight|U-turn|p1a: Sableye\n|-damage|p1a: Sableye|64\/100\n|\n|t:|1699819232\n|switch|p2a: Tapu Koko|Tapu Koko|100\/100|[from] U-turn\n|-fieldstart|move: Electric Terrain|[from] ability: Electric Surge|[of] p2a: Tapu Koko\n|\n|upkeep\n|turn|32\n|\n|t:|1699819246\n|move|p2a: Tapu Koko|Thunderbolt|p1a: Sableye\n|-damage|p1a: Sableye|27\/100\n|move|p1a: Sableye|Knock Off|p2a: Tapu Koko\n|-resisted|p2a: Tapu Koko\n|-damage|p2a: Tapu Koko|81\/100\n|-enditem|p2a: Tapu Koko|Heavy-Duty Boots|[from] move: Knock Off|[of] p1a: Sableye\n|\n|upkeep\n|turn|33\n|\n|t:|1699819252\n|switch|p1a: Clefable|Clefable, F|87\/100 tox\n|move|p2a: Tapu Koko|Thunderbolt|p1a: Clefable\n|-damage|p1a: Clefable|48\/100 tox\n|\n|-heal|p1a: Clefable|55\/100 tox|[from] item: Leftovers\n|upkeep\n|turn|34\n|\n|t:|1699819259\n|move|p1a: Clefable|Protect|p1a: Clefable\n|-singleturn|p1a: Clefable|Protect\n|move|p2a: Tapu Koko|U-turn|p1a: Clefable\n|-activate|p1a: Clefable|move: Protect\n|\n|-heal|p1a: Clefable|61\/100 tox|[from] item: Leftovers\n|upkeep\n|turn|35\n|\n|t:|1699819263\n|move|p2a: Tapu Koko|U-turn|p1a: Clefable\n|-resisted|p1a: Clefable\n|-damage|p1a: Clefable|53\/100 tox\n|\n|t:|1699819268\n|switch|p2a: Iron Valiant|Iron Valiant|100\/100|[from] U-turn\n|-activate|p2a: Iron Valiant|ability: Quark Drive\n|-start|p2a: Iron Valiant|quarkdrivespe\n|move|p1a: Clefable|Moonblast|p2a: Iron Valiant\n|-supereffective|p2a: Iron Valiant\n|-crit|p2a: Iron Valiant\n|-damage|p2a: Iron Valiant|0 fnt\n|faint|p2a: Iron Valiant\n|-end|p2a: Iron Valiant|Quark Drive|[silent]\n|\n|-heal|p1a: Clefable|59\/100 tox|[from] item: Leftovers\n|-fieldend|move: Electric Terrain\n|upkeep\n|\n|t:|1699819271\n|switch|p2a: Tapu Koko|Tapu Koko|81\/100\n|-fieldstart|move: Electric Terrain|[from] ability: Electric Surge|[of] p2a: Tapu Koko\n|turn|36\n|\n|t:|1699819279\n|move|p2a: Tapu Koko|Thunderbolt|p1a: Clefable\n|-damage|p1a: Clefable|16\/100 tox\n|move|p1a: Clefable|Wish|p1a: Clefable\n|\n|-heal|p1a: Clefable|22\/100 tox|[from] item: Leftovers\n|upkeep\n|turn|37\n|\n|t:|1699819298\n|move|p2a: Tapu Koko|Thunderbolt|p1a: Clefable\n|-damage|p1a: Clefable|0 fnt\n|faint|p1a: Clefable\n|\n|upkeep\n|\n|t:|1699819301\n|switch|p1a: Ursaluna|Ursaluna, M|71\/100 brn\n|turn|38\n|\n|t:|1699819305\n|move|p2a: Tapu Koko|Hidden Power|p1a: Ursaluna\n|-supereffective|p1a: Ursaluna\n|-damage|p1a: Ursaluna|38\/100 brn\n|move|p1a: Ursaluna|Earthquake|p2a: Tapu Koko\n|-supereffective|p2a: Tapu Koko\n|-damage|p2a: Tapu Koko|0 fnt\n|faint|p2a: Tapu Koko\n|\n|-damage|p1a: Ursaluna|32\/100 brn|[from] brn\n|upkeep\n|\n|t:|1699819309\n|switch|p2a: Sneasler|Sneasler, M|100\/100\n|-enditem|p2a: Sneasler|Electric Seed\n|-boost|p2a: Sneasler|def|1|[from] item: Electric Seed\n|turn|39\n|\n|t:|1699819315\n|-terastallize|p1a: Ursaluna|Ghost\n|move|p2a: Sneasler|Acrobatics|p1a: Ursaluna\n|-damage|p1a: Ursaluna|1\/100 brn\n|move|p1a: Ursaluna|Facade|p2a: Sneasler\n|-damage|p2a: Sneasler|0 fnt\n|faint|p2a: Sneasler\n|\n|-damage|p1a: Ursaluna|0 fnt|[from] brn\n|faint|p1a: Ursaluna\n|upkeep\n|c|\u2606ImsuchanL|bro\n|c|\u2606ImsuchanL|what\n|\n|t:|1699819326\n|switch|p2a: Gastrodon|Gastrodon, M|100\/100\n|switch|p1a: Corviknight|Corviknight, M|100\/100\n|-ability|p1a: Corviknight|Pressure\n|turn|40\n|\n|t:|1699819332\n|move|p1a: Corviknight|U-turn|p2a: Gastrodon\n|-damage|p2a: Gastrodon|84\/100\n|\n|t:|1699819335\n|switch|p1a: Sableye|Sableye-Mega, M|27\/100|[from] U-turn\n|move|p2a: Gastrodon|Stealth Rock|p1a: Sableye\n|move|p1a: Sableye|Stealth Rock|p2a: Gastrodon|[from]ability: Magic Bounce\n|-sidestart|p2: ImsuchanL|move: Stealth Rock\n|\n|-heal|p2a: Gastrodon|90\/100|[from] item: Leftovers\n|-fieldend|move: Electric Terrain\n|upkeep\n|turn|41\n|\n|t:|1699819339\n|move|p2a: Gastrodon|Scald|p1a: Sableye\n|-damage|p1a: Sableye|5\/100\n|-status|p1a: Sableye|brn\n|move|p1a: Sableye|Recover|p1a: Sableye\n|-heal|p1a: Sableye|56\/100 brn\n|\n|-heal|p2a: Gastrodon|96\/100|[from] item: Leftovers\n|-damage|p1a: Sableye|50\/100 brn|[from] brn\n|upkeep\n|turn|42\n|\n|t:|1699819347\n|switch|p2a: Corviknight|Corviknight, F|37\/100 brn\n|-damage|p2a: Corviknight|25\/100 brn|[from] Stealth Rock\n|-ability|p2a: Corviknight|Pressure\n|move|p1a: Sableye|Taunt|p2a: Corviknight\n|-start|p2a: Corviknight|move: Taunt\n|\n|-damage|p2a: Corviknight|18\/100 brn|[from] brn\n|-damage|p1a: Sableye|44\/100 brn|[from] brn\n|upkeep\n|turn|43\n|\n|t:|1699819359\n|move|p2a: Corviknight|U-turn|p1a: Sableye\n|-damage|p1a: Sableye|38\/100 brn\n|\n|t:|1699819361\n|switch|p2a: Gastrodon|Gastrodon, M|96\/100|[from] U-turn\n|-damage|p2a: Gastrodon|90\/100|[from] Stealth Rock\n|move|p1a: Sableye|Recover|p1a: Sableye\n|-heal|p1a: Sableye|88\/100 brn\n|\n|-heal|p2a: Gastrodon|96\/100|[from] item: Leftovers\n|-damage|p1a: Sableye|82\/100 brn|[from] brn\n|upkeep\n|turn|44\n|\n|t:|1699819368\n|move|p2a: Gastrodon|Scald|p1a: Sableye\n|-damage|p1a: Sableye|59\/100 brn\n|move|p1a: Sableye|Will-O-Wisp|p2a: Gastrodon\n|-status|p2a: Gastrodon|brn\n|\n|-heal|p2a: Gastrodon|100\/100 brn|[from] item: Leftovers\n|-damage|p2a: Gastrodon|94\/100 brn|[from] brn\n|-damage|p1a: Sableye|53\/100 brn|[from] brn\n|upkeep\n|turn|45\n|\n|t:|1699819381\n|move|p2a: Gastrodon|Scald|p1a: Sableye\n|-crit|p1a: Sableye\n|-damage|p1a: Sableye|22\/100 brn\n|move|p1a: Sableye|Recover|p1a: Sableye\n|-heal|p1a: Sableye|72\/100 brn\n|\n|-heal|p2a: Gastrodon|100\/100 brn|[from] item: Leftovers\n|-damage|p2a: Gastrodon|94\/100 brn|[from] brn\n|-damage|p1a: Sableye|67\/100 brn|[from] brn\n|upkeep\n|turn|46\n|\n|t:|1699819386\n|move|p2a: Gastrodon|Scald|p1a: Sableye\n|-damage|p1a: Sableye|46\/100 brn\n|move|p1a: Sableye|Knock Off|p2a: Gastrodon\n|-damage|p2a: Gastrodon|79\/100 brn\n|-enditem|p2a: Gastrodon|Leftovers|[from] move: Knock Off|[of] p1a: Sableye\n|\n|-damage|p2a: Gastrodon|73\/100 brn|[from] brn\n|-damage|p1a: Sableye|40\/100 brn|[from] brn\n|upkeep\n|turn|47\n|\n|t:|1699819393\n|switch|p1a: Toxapex|Toxapex, F|100\/100\n|move|p2a: Gastrodon|Scald|p1a: Toxapex\n|-resisted|p1a: Toxapex\n|-damage|p1a: Toxapex|92\/100\n|\n|-damage|p2a: Gastrodon|67\/100 brn|[from] brn\n|upkeep\n|turn|48\n|\n|t:|1699819406\n|move|p1a: Toxapex|Baneful Bunker|p1a: Toxapex\n|-singleturn|p1a: Toxapex|move: Protect\n|move|p2a: Gastrodon|Recover|p2a: Gastrodon\n|-heal|p2a: Gastrodon|100\/100 brn\n|\n|-damage|p2a: Gastrodon|94\/100 brn|[from] brn\n|upkeep\n|turn|49\n|\n|t:|1699819417\n|switch|p2a: Corviknight|Corviknight, F|18\/100 brn\n|-damage|p2a: Corviknight|6\/100 brn|[from] Stealth Rock\n|-ability|p2a: Corviknight|Pressure\n|switch|p1a: Sableye|Sableye-Mega, M|40\/100 brn\n|\n|-damage|p2a: Corviknight|0 fnt|[from] brn\n|faint|p2a: Corviknight\n|-damage|p1a: Sableye|34\/100 brn|[from] brn\n|upkeep\n|\n|t:|1699819422\n|switch|p2a: Gastrodon|Gastrodon, M|94\/100 brn\n|-damage|p2a: Gastrodon|88\/100 brn|[from] Stealth Rock\n|turn|50\n|\n|t:|1699819425\n|move|p2a: Gastrodon|Scald|p1a: Sableye\n|-damage|p1a: Sableye|14\/100 brn\n|move|p1a: Sableye|Recover|p1a: Sableye\n|-heal|p1a: Sableye|64\/100 brn\n|\n|-damage|p2a: Gastrodon|82\/100 brn|[from] brn\n|-damage|p1a: Sableye|58\/100 brn|[from] brn\n|upkeep\n|turn|51\n|\n|t:|1699819435\n|move|p2a: Gastrodon|Scald|p1a: Sableye\n|-damage|p1a: Sableye|39\/100 brn\n|move|p1a: Sableye|Taunt|p2a: Gastrodon\n|-start|p2a: Gastrodon|move: Taunt\n|\n|-damage|p2a: Gastrodon|76\/100 brn|[from] brn\n|-damage|p1a: Sableye|33\/100 brn|[from] brn\n|upkeep\n|turn|52\n|\n|t:|1699819445\n|move|p2a: Gastrodon|Scald|p1a: Sableye\n|-damage|p1a: Sableye|13\/100 brn\n|move|p1a: Sableye|Recover|p1a: Sableye\n|-heal|p1a: Sableye|63\/100 brn\n|\n|-damage|p2a: Gastrodon|70\/100 brn|[from] brn\n|-damage|p1a: Sableye|57\/100 brn|[from] brn\n|upkeep\n|turn|53\n|\n|t:|1699819462\n|switch|p1a: Corviknight|Corviknight, M|100\/100\n|-ability|p1a: Corviknight|Pressure\n|move|p2a: Gastrodon|Scald|p1a: Corviknight\n|-damage|p1a: Corviknight|77\/100\n|-status|p1a: Corviknight|brn\n|\n|-damage|p1a: Corviknight|71\/100 brn|[from] brn\n|-damage|p2a: Gastrodon|64\/100 brn|[from] brn\n|upkeep\n|turn|54\n|\n|t:|1699819470\n|move|p1a: Corviknight|Brave Bird|p2a: Gastrodon\n|-damage|p2a: Gastrodon|43\/100 brn\n|-damage|p1a: Corviknight|63\/100 brn|[from] Recoil\n|move|p2a: Gastrodon|Scald|p1a: Corviknight\n|-damage|p1a: Corviknight|39\/100 brn\n|\n|-damage|p1a: Corviknight|33\/100 brn|[from] brn\n|-damage|p2a: Gastrodon|37\/100 brn|[from] brn\n|-end|p2a: Gastrodon|move: Taunt\n|upkeep\n|turn|55\n|\n|t:|1699819483\n|move|p1a: Corviknight|U-turn|p2a: Gastrodon\n|-damage|p2a: Gastrodon|30\/100 brn\n|\n|t:|1699819486\n|switch|p1a: Sableye|Sableye-Mega, M|57\/100 brn|[from] U-turn\n|move|p2a: Gastrodon|Recover|p2a: Gastrodon\n|-heal|p2a: Gastrodon|80\/100 brn\n|\n|-damage|p2a: Gastrodon|74\/100 brn|[from] brn\n|-damage|p1a: Sableye|51\/100 brn|[from] brn\n|upkeep\n|turn|56\n|\n|t:|1699819493\n|move|p2a: Gastrodon|Scald|p1a: Sableye\n|-damage|p1a: Sableye|31\/100 brn\n|move|p1a: Sableye|Recover|p1a: Sableye\n|-heal|p1a: Sableye|81\/100 brn\n|\n|-damage|p2a: Gastrodon|68\/100 brn|[from] brn\n|-damage|p1a: Sableye|75\/100 brn|[from] brn\n|upkeep\n|turn|57\n|\n|t:|1699819500\n|switch|p1a: Toxapex|Toxapex, F|100\/100\n|move|p2a: Gastrodon|Scald|p1a: Toxapex\n|-resisted|p1a: Toxapex\n|-damage|p1a: Toxapex|93\/100\n|\n|-damage|p2a: Gastrodon|62\/100 brn|[from] brn\n|upkeep\n|turn|58\n|\n|t:|1699819509\n|move|p1a: Toxapex|Baneful Bunker|p1a: Toxapex\n|-singleturn|p1a: Toxapex|move: Protect\n|move|p2a: Gastrodon|Scald|p1a: Toxapex\n|-activate|p1a: Toxapex|move: Protect\n|\n|-damage|p2a: Gastrodon|56\/100 brn|[from] brn\n|upkeep\n|turn|59\n|\n|t:|1699819517\n|move|p2a: Gastrodon|Stealth Rock|p1a: Toxapex\n|-sidestart|p1: bananasinpajamas7|move: Stealth Rock\n|move|p1a: Toxapex|Haze|p1a: Toxapex\n|-clearallboost\n|\n|-damage|p2a: Gastrodon|50\/100 brn|[from] brn\n|upkeep\n|turn|60\n|\n|t:|1699819539\n|switch|p1a: Corviknight|Corviknight, M|33\/100 brn\n|-damage|p1a: Corviknight|20\/100 brn|[from] Stealth Rock\n|-ability|p1a: Corviknight|Pressure\n|move|p2a: Gastrodon|Recover|p2a: Gastrodon\n|-heal|p2a: Gastrodon|99\/100 brn\n|\n|-damage|p1a: Corviknight|14\/100 brn|[from] brn\n|-damage|p2a: Gastrodon|93\/100 brn|[from] brn\n|upkeep\n|turn|61\n|\n|t:|1699819544\n|move|p1a: Corviknight|Roost|p1a: Corviknight\n|-heal|p1a: Corviknight|64\/100 brn\n|-singleturn|p1a: Corviknight|move: Roost\n|move|p2a: Gastrodon|Scald|p1a: Corviknight\n|-damage|p1a: Corviknight|39\/100 brn\n|\n|-damage|p1a: Corviknight|32\/100 brn|[from] brn\n|-damage|p2a: Gastrodon|87\/100 brn|[from] brn\n|upkeep\n|turn|62\n|\n|t:|1699819548\n|move|p1a: Corviknight|Roost|p1a: Corviknight\n|-heal|p1a: Corviknight|82\/100 brn\n|-singleturn|p1a: Corviknight|move: Roost\n|move|p2a: Gastrodon|Scald|p1a: Corviknight\n|-damage|p1a: Corviknight|58\/100 brn\n|\n|-damage|p1a: Corviknight|52\/100 brn|[from] brn\n|-damage|p2a: Gastrodon|81\/100 brn|[from] brn\n|upkeep\n|turn|63\n|\n|t:|1699819556\n|move|p1a: Corviknight|Roost|p1a: Corviknight\n|-heal|p1a: Corviknight|100\/100 brn\n|-singleturn|p1a: Corviknight|move: Roost\n|move|p2a: Gastrodon|Stealth Rock||[still]\n|-fail|p2a: Gastrodon\n|\n|-damage|p1a: Corviknight|94\/100 brn|[from] brn\n|-damage|p2a: Gastrodon|75\/100 brn|[from] brn\n|upkeep\n|turn|64\n|\n|t:|1699819562\n|move|p1a: Corviknight|Brave Bird|p2a: Gastrodon\n|-damage|p2a: Gastrodon|56\/100 brn\n|-damage|p1a: Corviknight|87\/100 brn|[from] Recoil\n|move|p2a: Gastrodon|Stealth Rock||[still]\n|-fail|p2a: Gastrodon\n|\n|-damage|p1a: Corviknight|81\/100 brn|[from] brn\n|-damage|p2a: Gastrodon|50\/100 brn|[from] brn\n|upkeep\n|turn|65\n|\n|t:|1699819575\n|move|p1a: Corviknight|Brave Bird|p2a: Gastrodon\n|-damage|p2a: Gastrodon|31\/100 brn\n|-damage|p1a: Corviknight|75\/100 brn|[from] Recoil\n|move|p2a: Gastrodon|Recover|p2a: Gastrodon\n|-heal|p2a: Gastrodon|81\/100 brn\n|\n|-damage|p1a: Corviknight|68\/100 brn|[from] brn\n|-damage|p2a: Gastrodon|75\/100 brn|[from] brn\n|upkeep\n|turn|66\n|j| EclipseWave\n|j| WatIzDatFing\n|\n|t:|1699819599\n|move|p1a: Corviknight|Brave Bird|p2a: Gastrodon\n|-crit|p2a: Gastrodon\n|-damage|p2a: Gastrodon|43\/100 brn\n|-damage|p1a: Corviknight|57\/100 brn|[from] Recoil\n|move|p2a: Gastrodon|Stealth Rock||[still]\n|-fail|p2a: Gastrodon\n|\n|-damage|p1a: Corviknight|51\/100 brn|[from] brn\n|-damage|p2a: Gastrodon|37\/100 brn|[from] brn\n|upkeep\n|turn|67\n|j| Isaacgc9\n|\n|t:|1699819604\n|move|p1a: Corviknight|Roost|p1a: Corviknight\n|-heal|p1a: Corviknight|100\/100 brn\n|-singleturn|p1a: Corviknight|move: Roost\n|move|p2a: Gastrodon|Scald|p1a: Corviknight\n|-crit|p1a: Corviknight\n|-damage|p1a: Corviknight|66\/100 brn\n|\n|-damage|p1a: Corviknight|60\/100 brn|[from] brn\n|-damage|p2a: Gastrodon|31\/100 brn|[from] brn\n|upkeep\n|turn|68\n|j| Mihai2011\n|\n|t:|1699819611\n|move|p1a: Corviknight|Roost|p1a: Corviknight\n|-heal|p1a: Corviknight|100\/100 brn\n|-singleturn|p1a: Corviknight|move: Roost\n|move|p2a: Gastrodon|Recover|p2a: Gastrodon\n|-heal|p2a: Gastrodon|81\/100 brn\n|\n|-damage|p1a: Corviknight|94\/100 brn|[from] brn\n|-damage|p2a: Gastrodon|75\/100 brn|[from] brn\n|upkeep\n|turn|69\n|l| Mihai2011\n|c|\u2606ImsuchanL|bro\n|c| Isaacgc9|lol\n|c|\u2606ImsuchanL|we've been doing this for so long\n|c| EclipseWave|stall is fun\n|c|\u2606ImsuchanL|lwk true\n|c|\u2606bananasinpajamas7|agreed\n|c|\u2606ImsuchanL|anyways ik imma lose\n|c| EclipseWave|(when im not losing to it)\n|c|\u2606ImsuchanL|this is just fun to me\n|c| Isaacgc9|who hasnt seen the gotittelle vid from viz\n|\n|t:|1699819651\n|move|p1a: Corviknight|Brave Bird|p2a: Gastrodon\n|-crit|p2a: Gastrodon\n|-damage|p2a: Gastrodon|47\/100 brn\n|-damage|p1a: Corviknight|84\/100 brn|[from] Recoil\n|move|p2a: Gastrodon|Stealth Rock||[still]\n|-fail|p2a: Gastrodon\n|\n|-damage|p1a: Corviknight|78\/100 brn|[from] brn\n|-damage|p2a: Gastrodon|41\/100 brn|[from] brn\n|upkeep\n|turn|70\n|\n|t:|1699819658\n|move|p1a: Corviknight|Brave Bird|p2a: Gastrodon\n|-damage|p2a: Gastrodon|22\/100 brn\n|-damage|p1a: Corviknight|71\/100 brn|[from] Recoil\n|move|p2a: Gastrodon|Recover|p2a: Gastrodon\n|-heal|p2a: Gastrodon|72\/100 brn\n|\n|-damage|p1a: Corviknight|65\/100 brn|[from] brn\n|-damage|p2a: Gastrodon|66\/100 brn|[from] brn\n|upkeep\n|turn|71\n|c| Isaacgc9|stall is way too fun\n|l| EclipseWave\n|\n|t:|1699819669\n|move|p1a: Corviknight|Brave Bird|p2a: Gastrodon\n|-damage|p2a: Gastrodon|46\/100 brn\n|-damage|p1a: Corviknight|58\/100 brn|[from] Recoil\n|move|p2a: Gastrodon|Scald|p1a: Corviknight\n|-damage|p1a: Corviknight|33\/100 brn\n|\n|-damage|p1a: Corviknight|26\/100 brn|[from] brn\n|-damage|p2a: Gastrodon|40\/100 brn|[from] brn\n|upkeep\n|turn|72\n|\n|t:|1699819688\n|move|p1a: Corviknight|Roost|p1a: Corviknight\n|-heal|p1a: Corviknight|76\/100 brn\n|-singleturn|p1a: Corviknight|move: Roost\n|move|p2a: Gastrodon|Recover|p2a: Gastrodon\n|-heal|p2a: Gastrodon|90\/100 brn\n|\n|-damage|p1a: Corviknight|70\/100 brn|[from] brn\n|-damage|p2a: Gastrodon|84\/100 brn|[from] brn\n|upkeep\n|turn|73\n|c|\u2606ImsuchanL|my last Recover\n|c|\u2606ImsuchanL|no more damaging moves\n|\n|t:|1699819703\n|move|p1a: Corviknight|Brave Bird|p2a: Gastrodon\n|-damage|p2a: Gastrodon|62\/100 brn\n|-damage|p1a: Corviknight|62\/100 brn|[from] Recoil\n|move|p2a: Gastrodon|Stealth Rock||[still]\n|-fail|p2a: Gastrodon\n|\n|-damage|p1a: Corviknight|56\/100 brn|[from] brn\n|-damage|p2a: Gastrodon|56\/100 brn|[from] brn\n|upkeep\n|turn|74\n|c| Isaacgc9|change to toxapex\n|c| Isaacgc9|just for the fun\n|\n|t:|1699819723\n|switch|p1a: Toxapex|Toxapex, F|100\/100\n|-damage|p1a: Toxapex|88\/100|[from] Stealth Rock\n|-terastallize|p2a: Gastrodon|Poison\n|move|p2a: Gastrodon|Toxic|p1a: Toxapex\n|-immune|p1a: Toxapex\n|\n|-damage|p2a: Gastrodon|50\/100 brn|[from] brn\n|upkeep\n|turn|75\n|c|\u2606ImsuchanL|funnt tera\n|c| Isaacgc9|LMAO\n|\n|t:|1699819733\n|move|p1a: Toxapex|Baneful Bunker|p1a: Toxapex\n|-singleturn|p1a: Toxapex|move: Protect\n|move|p2a: Gastrodon|Stealth Rock||[still]\n|-fail|p2a: Gastrodon\n|\n|-damage|p2a: Gastrodon|44\/100 brn|[from] brn\n|upkeep\n|turn|76\n|c|\u2606ImsuchanL|welp this is gg's\n|c| Isaacgc9|dont forfeit tho\n|\n|t:|1699819752\n|move|p2a: Gastrodon|Toxic|p1a: Toxapex\n|-immune|p1a: Toxapex\n|move|p1a: Toxapex|Haze|p1a: Toxapex\n|-clearallboost\n|\n|-damage|p2a: Gastrodon|38\/100 brn|[from] brn\n|upkeep\n|turn|77\n|c|\u2606ImsuchanL|i wont\n|\n|t:|1699819759\n|move|p1a: Toxapex|Baneful Bunker|p1a: Toxapex\n|-singleturn|p1a: Toxapex|move: Protect\n|move|p2a: Gastrodon|Toxic|p1a: Toxapex\n|-activate|p1a: Toxapex|move: Protect\n|\n|-damage|p2a: Gastrodon|32\/100 brn|[from] brn\n|upkeep\n|turn|78\n|\n|t:|1699819764\n|move|p2a: Gastrodon|Toxic|p1a: Toxapex\n|-immune|p1a: Toxapex\n|move|p1a: Toxapex|Scald|p2a: Gastrodon\n|-ability|p2a: Gastrodon|Storm Drain|boost\n|-boost|p2a: Gastrodon|spa|1\n|\n|-damage|p2a: Gastrodon|26\/100 brn|[from] brn\n|upkeep\n|turn|79\n|\n|t:|1699819767\n|move|p2a: Gastrodon|Toxic|p1a: Toxapex\n|-immune|p1a: Toxapex\n|move|p1a: Toxapex|Scald|p2a: Gastrodon\n|-ability|p2a: Gastrodon|Storm Drain|boost\n|-boost|p2a: Gastrodon|spa|1\n|\n|-damage|p2a: Gastrodon|20\/100 brn|[from] brn\n|upkeep\n|turn|80\n|\n|t:|1699819776\n|move|p2a: Gastrodon|Toxic|p1a: Toxapex\n|-immune|p1a: Toxapex\n|move|p1a: Toxapex|Scald|p2a: Gastrodon\n|-ability|p2a: Gastrodon|Storm Drain|boost\n|-boost|p2a: Gastrodon|spa|1\n|\n|-damage|p2a: Gastrodon|13\/100 brn|[from] brn\n|upkeep\n|turn|81\n|\n|t:|1699819792\n|move|p2a: Gastrodon|Toxic|p1a: Toxapex\n|-immune|p1a: Toxapex\n|move|p1a: Toxapex|Scald|p2a: Gastrodon\n|-ability|p2a: Gastrodon|Storm Drain|boost\n|-boost|p2a: Gastrodon|spa|1\n|\n|-damage|p2a: Gastrodon|7\/100 brn|[from] brn\n|upkeep\n|turn|82\n|c|\u2606ImsuchanL|gg man\n|\n|t:|1699819806\n|move|p2a: Gastrodon|Toxic|p1a: Toxapex\n|-immune|p1a: Toxapex\n|move|p1a: Toxapex|Scald|p2a: Gastrodon\n|-ability|p2a: Gastrodon|Storm Drain|boost\n|-boost|p2a: Gastrodon|spa|1\n|\n|-damage|p2a: Gastrodon|1\/100 brn|[from] brn\n|upkeep\n|turn|83\n|c|\u2606bananasinpajamas7|gg lol\n|c|\u2606ImsuchanL|this was fun ngl\n|\n|t:|1699819818\n|move|p2a: Gastrodon|Stealth Rock||[still]\n|-fail|p2a: Gastrodon\n|move|p1a: Toxapex|Scald|p2a: Gastrodon\n|-ability|p2a: Gastrodon|Storm Drain|boost\n|-boost|p2a: Gastrodon|spa|1\n|\n|-damage|p2a: Gastrodon|0 fnt|[from] brn\n|faint|p2a: Gastrodon\n|\n|win|bananasinpajamas7\n|upkeep\n|raw|bananasinpajamas7's rating: 1180 &rarr; <strong>1207<\/strong><br \/>(+27 for winning)\n|raw|ImsuchanL's rating: 1204 &rarr; <strong>1177<\/strong><br \/>(-27 for losing)\n|c|\u2606bananasinpajamas7|yes\n","uploadtime":1699819827,"views":10,"p1id":"bananasinpajamas7","p2id":"imsuchanl","formatid":"gen9nationaldex","rating":1177,"private":0,"password":""}