{"id":"gen9nationaldex-2000260436","p1":"Tokyo_fish","p2":"Pachimi","format":"[Gen 9] National Dex","log":"|html|<div class=\"broadcast-blue\"><strong>[Gen 9] National Dex is currently suspecting Sneasler! For information on how to participate check out the <a href=\"https:\/\/www.smogon.com\/forums\/threads\/sv-national-dex-suspect-8-just-dance.3731534\/\">suspect thread<\/a>.<\/strong><\/div>\n|j|\u2606Tokyo_fish\n|j|\u2606Pachimi\n|t:|1701178714\n|gametype|singles\n|player|p1|Tokyo_fish|juan|1302\n|player|p2|Pachimi|diantha|1190\n|teamsize|p1|6\n|teamsize|p2|6\n|gen|9\n|tier|[Gen 9] National Dex\n|rated|\n|rule|HP Percentage Mod: HP is shown in percentages\n|rule|Endless Battle Clause: Forcing endless battles is banned\n|rule|OHKO Clause: OHKO moves are banned\n|rule|Evasion Clause: Evasion abilities, items, and moves are banned\n|rule|Evasion Abilities Clause: Evasion abilities are banned\n|rule|Evasion Items Clause: Evasion items are banned\n|rule|Evasion Moves Clause: Evasion moves are banned\n|rule|Species Clause: Limit one of each Pok\u00e9mon\n|rule|Sleep Clause Mod: Limit one foe put to sleep\n|clearpoke\n|poke|p1|Charizard, M|\n|poke|p1|Alomomola, F|\n|poke|p1|Gliscor, M|\n|poke|p1|Heatran, M|\n|poke|p1|Ogerpon-Wellspring, F|\n|poke|p1|Tornadus-Therian, M|\n|poke|p2|Rillaboom, M|\n|poke|p2|Ceruledge, F|\n|poke|p2|Hawlucha, M|\n|poke|p2|Bisharp, M|\n|poke|p2|Gardevoir, F|\n|poke|p2|Tyrantrum, M|\n|teampreview\n|inactive|Battle timer is ON: inactive players will automatically lose when time's up. (requested by Pachimi)\n|\n|t:|1701178731\n|start\n|switch|p1a: Tornadus|Tornadus-Therian, M|100\/100\n|switch|p2a: Rillaboom|Rillaboom, M|100\/100\n|-fieldstart|move: Grassy Terrain|[from] ability: Grassy Surge|[of] p2a: Rillaboom\n|turn|1\n|\n|t:|1701178740\n|switch|p2a: Tyrantrum|Tyrantrum, M|100\/100\n|move|p1a: Tornadus|Tailwind|p1a: Tornadus\n|-sidestart|p1: Tokyo_fish|move: Tailwind\n|\n|upkeep\n|turn|2\n|\n|t:|1701178743\n|move|p1a: Tornadus|Taunt|p2a: Tyrantrum\n|-start|p2a: Tyrantrum|move: Taunt\n|cant|p2a: Tyrantrum|move: Taunt|Dragon Dance\n|\n|upkeep\n|turn|3\n|\n|t:|1701178751\n|move|p1a: Tornadus|U-turn|p2a: Tyrantrum\n|-damage|p2a: Tyrantrum|86\/100\n|\n|t:|1701178759\n|switch|p1a: Alomomola|Alomomola, F|100\/100|[from] U-turn\n|move|p2a: Tyrantrum|Head Smash|p1a: Alomomola\n|-damage|p1a: Alomomola|55\/100\n|-damage|p2a: Tyrantrum|70\/100|[from] item: Rocky Helmet|[of] p1a: Alomomola\n|\n|-heal|p1a: Alomomola|61\/100|[from] Grassy Terrain\n|-heal|p2a: Tyrantrum|76\/100|[from] Grassy Terrain\n|-heal|p2a: Tyrantrum|82\/100|[from] item: Leftovers\n|upkeep\n|turn|4\n|\n|t:|1701178765\n|move|p1a: Alomomola|Wish|p1a: Alomomola\n|move|p2a: Tyrantrum|Outrage|p1a: Alomomola\n|-damage|p1a: Alomomola|25\/100\n|-damage|p2a: Tyrantrum|66\/100|[from] item: Rocky Helmet|[of] p1a: Alomomola\n|\n|-heal|p1a: Alomomola|31\/100|[from] Grassy Terrain\n|-heal|p2a: Tyrantrum|72\/100|[from] Grassy Terrain\n|-heal|p2a: Tyrantrum|78\/100|[from] item: Leftovers\n|-end|p2a: Tyrantrum|move: Taunt\n|-sideend|p1: Tokyo_fish|move: Tailwind\n|upkeep\n|turn|5\n|\n|t:|1701178771\n|move|p1a: Alomomola|Protect|p1a: Alomomola\n|-singleturn|p1a: Alomomola|Protect\n|move|p2a: Tyrantrum|Outrage|p1a: Alomomola|[from]lockedmove\n|-activate|p1a: Alomomola|move: Protect\n|\n|-heal|p1a: Alomomola|81\/100|[from] move: Wish|[wisher] Alomomola\n|-heal|p2a: Tyrantrum|84\/100|[from] Grassy Terrain\n|-heal|p2a: Tyrantrum|91\/100|[from] item: Leftovers\n|-heal|p1a: Alomomola|88\/100|[from] Grassy Terrain\n|-fieldend|move: Grassy Terrain\n|upkeep\n|turn|6\n|\n|t:|1701178780\n|move|p2a: Tyrantrum|Dragon Dance|p2a: Tyrantrum\n|-boost|p2a: Tyrantrum|atk|1\n|-boost|p2a: Tyrantrum|spe|1\n|move|p1a: Alomomola|Toxic|p2a: Tyrantrum\n|-status|p2a: Tyrantrum|tox\n|\n|-heal|p2a: Tyrantrum|97\/100 tox|[from] item: Leftovers\n|-damage|p2a: Tyrantrum|91\/100 tox|[from] psn\n|upkeep\n|turn|7\n|\n|t:|1701178786\n|move|p2a: Tyrantrum|Dragon Dance|p2a: Tyrantrum\n|-boost|p2a: Tyrantrum|atk|1\n|-boost|p2a: Tyrantrum|spe|1\n|move|p1a: Alomomola|Wish|p1a: Alomomola\n|\n|-heal|p2a: Tyrantrum|97\/100 tox|[from] item: Leftovers\n|-damage|p2a: Tyrantrum|84\/100 tox|[from] psn\n|upkeep\n|turn|8\n|\n|t:|1701178794\n|move|p1a: Alomomola|Protect|p1a: Alomomola\n|-singleturn|p1a: Alomomola|Protect\n|move|p2a: Tyrantrum|Dragon Dance|p2a: Tyrantrum\n|-boost|p2a: Tyrantrum|atk|1\n|-boost|p2a: Tyrantrum|spe|1\n|\n|-heal|p1a: Alomomola|100\/100|[from] move: Wish|[wisher] Alomomola\n|-heal|p2a: Tyrantrum|91\/100 tox|[from] item: Leftovers\n|-damage|p2a: Tyrantrum|72\/100 tox|[from] psn\n|upkeep\n|turn|9\n|\n|t:|1701178801\n|move|p2a: Tyrantrum|Outrage|p1a: Alomomola\n|-damage|p1a: Alomomola|9\/100\n|-damage|p2a: Tyrantrum|56\/100 tox|[from] item: Rocky Helmet|[of] p1a: Alomomola\n|move|p1a: Alomomola|Wish|p1a: Alomomola\n|\n|-heal|p2a: Tyrantrum|62\/100 tox|[from] item: Leftovers\n|-damage|p2a: Tyrantrum|37\/100 tox|[from] psn\n|upkeep\n|turn|10\n|\n|t:|1701178809\n|move|p1a: Alomomola|Protect|p1a: Alomomola\n|-singleturn|p1a: Alomomola|Protect\n|move|p2a: Tyrantrum|Outrage|p1a: Alomomola|[from]lockedmove\n|-activate|p1a: Alomomola|move: Protect\n|\n|-heal|p1a: Alomomola|59\/100|[from] move: Wish|[wisher] Alomomola\n|-heal|p2a: Tyrantrum|43\/100 tox|[from] item: Leftovers\n|-damage|p2a: Tyrantrum|12\/100 tox|[from] psn\n|upkeep\n|turn|11\n|\n|t:|1701178819\n|move|p1a: Alomomola|Protect|p1a: Alomomola\n|-singleturn|p1a: Alomomola|Protect\n|move|p2a: Tyrantrum|Outrage|p1a: Alomomola\n|-activate|p1a: Alomomola|move: Protect\n|\n|-heal|p2a: Tyrantrum|18\/100 tox|[from] item: Leftovers\n|-damage|p2a: Tyrantrum|0 fnt|[from] psn\n|faint|p2a: Tyrantrum\n|upkeep\n|\n|t:|1701178823\n|switch|p2a: Rillaboom|Rillaboom, M|100\/100\n|-fieldstart|move: Grassy Terrain|[from] ability: Grassy Surge|[of] p2a: Rillaboom\n|turn|12\n|\n|t:|1701178826\n|switch|p1a: Tornadus|Tornadus-Therian, M|100\/100\n|move|p2a: Rillaboom|Grassy Glide|p1a: Tornadus\n|-resisted|p1a: Tornadus\n|-damage|p1a: Tornadus|71\/100\n|-enditem|p1a: Tornadus|Eject Button\n|\n|t:|1701178833\n|switch|p1a: Charizard|Charizard, M, shiny|100\/100\n|\n|upkeep\n|turn|13\n|\n|t:|1701178836\n|switch|p2a: Ceruledge|Ceruledge, F|100\/100\n|detailschange|p1a: Charizard|Charizard-Mega-Y, M, shiny\n|-mega|p1a: Charizard|Charizard|Charizardite Y\n|-weather|SunnyDay|[from] ability: Drought|[of] p1a: Charizard\n|move|p1a: Charizard|Fire Blast|p2a: Ceruledge\n|-resisted|p2a: Ceruledge\n|-damage|p2a: Ceruledge|47\/100\n|\n|-weather|SunnyDay|[upkeep]\n|-heal|p2a: Ceruledge|53\/100|[from] Grassy Terrain\n|upkeep\n|turn|14\n|\n|t:|1701178850\n|move|p1a: Charizard|Scorching Sands|p2a: Ceruledge\n|-supereffective|p2a: Ceruledge\n|-damage|p2a: Ceruledge|0 fnt\n|faint|p2a: Ceruledge\n|\n|-weather|SunnyDay|[upkeep]\n|upkeep\n|\n|t:|1701178852\n|switch|p2a: Hawlucha|Hawlucha, M|100\/100\n|turn|15\n|\n|t:|1701178858\n|move|p2a: Hawlucha|Swords Dance|p2a: Hawlucha\n|-boost|p2a: Hawlucha|atk|2\n|move|p1a: Charizard|Air Slash|p2a: Hawlucha\n|-supereffective|p2a: Hawlucha\n|-enditem|p2a: Hawlucha|Focus Sash\n|-damage|p2a: Hawlucha|1\/100\n|\n|-weather|SunnyDay|[upkeep]\n|upkeep\n|turn|16\n|\n|t:|1701178874\n|switch|p1a: Alomomola|Alomomola, F|92\/100\n|move|p2a: Hawlucha|Thunder Punch|p1a: Alomomola\n|-supereffective|p1a: Alomomola\n|-damage|p1a: Alomomola|43\/100\n|-damage|p2a: Hawlucha|0 fnt|[from] item: Rocky Helmet|[of] p1a: Alomomola\n|faint|p2a: Hawlucha\n|\n|-weather|SunnyDay|[upkeep]\n|-heal|p1a: Alomomola|49\/100|[from] Grassy Terrain\n|-fieldend|move: Grassy Terrain\n|upkeep\n|\n|t:|1701178882\n|switch|p2a: Bisharp|Bisharp, M|100\/100\n|turn|17\n|\n|t:|1701178886\n|move|p2a: Bisharp|Swords Dance|p2a: Bisharp\n|-boost|p2a: Bisharp|atk|2\n|move|p1a: Alomomola|Wish|p1a: Alomomola\n|\n|-weather|none\n|upkeep\n|turn|18\n|\n|t:|1701178891\n|move|p1a: Alomomola|Protect|p1a: Alomomola\n|-singleturn|p1a: Alomomola|Protect\n|move|p2a: Bisharp|Iron Head|p1a: Alomomola\n|-activate|p1a: Alomomola|move: Protect\n|\n|-heal|p1a: Alomomola|99\/100|[from] move: Wish|[wisher] Alomomola\n|upkeep\n|turn|19\n|\n|t:|1701178893\n|move|p2a: Bisharp|Iron Head|p1a: Alomomola\n|-resisted|p1a: Alomomola\n|-damage|p1a: Alomomola|76\/100\n|-damage|p2a: Bisharp|84\/100|[from] item: Rocky Helmet|[of] p1a: Alomomola\n|move|p1a: Alomomola|Flip Turn|p2a: Bisharp\n|-damage|p2a: Bisharp|70\/100\n|\n|t:|1701178897\n|switch|p1a: Tornadus|Tornadus-Therian, M|100\/100|[from] Flip Turn\n|\n|upkeep\n|turn|20\n|\n|t:|1701178903\n|move|p1a: Tornadus|Tailwind|p1a: Tornadus\n|-sidestart|p1: Tokyo_fish|move: Tailwind\n|move|p2a: Bisharp|Iron Head|p1a: Tornadus\n|-damage|p1a: Tornadus|5\/100\n|\n|upkeep\n|turn|21\n|\n|t:|1701178913\n|switch|p1a: Alomomola|Alomomola, F|100\/100\n|move|p2a: Bisharp|Iron Head|p1a: Alomomola\n|-resisted|p1a: Alomomola\n|-damage|p1a: Alomomola|78\/100\n|-damage|p2a: Bisharp|54\/100|[from] item: Rocky Helmet|[of] p1a: Alomomola\n|\n|upkeep\n|turn|22\n|\n|t:|1701178916\n|move|p1a: Alomomola|Flip Turn|p2a: Bisharp\n|-damage|p2a: Bisharp|39\/100\n|\n|t:|1701178919\n|switch|p1a: Heatran|Heatran, M|100\/100|[from] Flip Turn\n|move|p2a: Bisharp|Swords Dance|p2a: Bisharp\n|-boost|p2a: Bisharp|atk|2\n|\n|upkeep\n|turn|23\n|\n|t:|1701178922\n|-terastallize|p1a: Heatran|Fire\n|move|p2a: Bisharp|Sucker Punch|p1a: Heatran\n|-damage|p1a: Heatran|0 fnt\n|faint|p1a: Heatran\n|\n|-sideend|p1: Tokyo_fish|move: Tailwind\n|upkeep\n|\n|t:|1701178929\n|switch|p1a: Tornadus|Tornadus-Therian, M|38\/100\n|turn|24\n|\n|t:|1701178933\n|move|p1a: Tornadus|Tailwind|p1a: Tornadus\n|-sidestart|p1: Tokyo_fish|move: Tailwind\n|move|p2a: Bisharp|Iron Head|p1a: Tornadus\n|-damage|p1a: Tornadus|0 fnt\n|faint|p1a: Tornadus\n|\n|upkeep\n|\n|t:|1701178938\n|switch|p1a: Charizard|Charizard-Mega-Y, M, shiny|100\/100\n|-weather|SunnyDay|[from] ability: Drought|[of] p1a: Charizard\n|turn|25\n|\n|t:|1701178942\n|move|p2a: Bisharp|Sucker Punch|p1a: Charizard\n|-damage|p1a: Charizard|0 fnt\n|faint|p1a: Charizard\n|\n|-weather|SunnyDay|[upkeep]\n|upkeep\n|\n|t:|1701178950\n|switch|p1a: Gliscor|Gliscor, M, shiny|100\/100\n|turn|26\n|\n|t:|1701178954\n|move|p2a: Bisharp|Sucker Punch|p1a: Gliscor\n|-damage|p1a: Gliscor|11\/100\n|move|p1a: Gliscor|Earthquake|p2a: Bisharp\n|-supereffective|p2a: Bisharp\n|-damage|p2a: Bisharp|0 fnt\n|faint|p2a: Bisharp\n|\n|-weather|SunnyDay|[upkeep]\n|-status|p1a: Gliscor|tox|[from] item: Toxic Orb\n|upkeep\n|\n|t:|1701178960\n|switch|p2a: Gardevoir|Gardevoir, F|100\/100\n|turn|27\n|\n|t:|1701178965\n|switch|p1a: Alomomola|Alomomola, F|100\/100\n|detailschange|p2a: Gardevoir|Gardevoir-Mega, F\n|-mega|p2a: Gardevoir|Gardevoir|Gardevoirite\n|move|p2a: Gardevoir|Hyper Voice|p1a: Alomomola\n|-damage|p1a: Alomomola|24\/100\n|\n|-weather|SunnyDay|[upkeep]\n|-sideend|p1: Tokyo_fish|move: Tailwind\n|upkeep\n|turn|28\n|\n|t:|1701178975\n|move|p1a: Alomomola|Protect|p1a: Alomomola\n|-singleturn|p1a: Alomomola|Protect\n|move|p2a: Gardevoir|Hyper Voice|p1a: Alomomola\n|-activate|p1a: Alomomola|move: Protect\n|\n|-weather|SunnyDay|[upkeep]\n|upkeep\n|turn|29\n|\n|t:|1701178980\n|move|p2a: Gardevoir|Hyper Voice|p1a: Alomomola\n|-damage|p1a: Alomomola|0 fnt\n|faint|p1a: Alomomola\n|\n|-weather|none\n|upkeep\n|\n|t:|1701178984\n|switch|p1a: Ogerpon|Ogerpon-Wellspring, F|100\/100\n|turn|30\n|c|\u2606Pachimi|Go ahead and stall bro\n|\n|t:|1701179001\n|move|p1a: Ogerpon|Ivy Cudgel|p2a: Gardevoir|[anim] Ivy Cudgel Water\n|-crit|p2a: Gardevoir\n|-damage|p2a: Gardevoir|0 fnt\n|faint|p2a: Gardevoir\n|\n|upkeep\n|\n|t:|1701179003\n|switch|p2a: Rillaboom|Rillaboom, M|100\/100\n|-fieldstart|move: Grassy Terrain|[from] ability: Grassy Surge|[of] p2a: Rillaboom\n|turn|31\n|\n|t:|1701179007\n|switch|p1a: Gliscor|Gliscor, M, shiny|11\/100 tox\n|-terastallize|p2a: Rillaboom|Grass\n|move|p2a: Rillaboom|Grassy Glide|p1a: Gliscor\n|-damage|p1a: Gliscor|0 fnt\n|faint|p1a: Gliscor\n|\n|upkeep\n|\n|t:|1701179014\n|switch|p1a: Ogerpon|Ogerpon-Wellspring, F|100\/100\n|turn|32\n|\n|t:|1701179022\n|move|p2a: Rillaboom|Grassy Glide|p1a: Ogerpon\n|-damage|p1a: Ogerpon|0 fnt\n|faint|p1a: Ogerpon\n|\n|win|Pachimi\n|raw|Tokyo_fish's rating: 1302 &rarr; <strong>1276<\/strong><br \/>(-26 for losing)\n|raw|Pachimi's rating: 1190 &rarr; <strong>1223<\/strong><br \/>(+33 for winning)\n|l|\u2606Tokyo_fish\n|c|\u2606Pachimi|Bad\n","uploadtime":1701179044,"views":4,"p1id":"tokyofish","p2id":"pachimi","formatid":"gen9nationaldex","rating":1223,"private":0,"password":""}