{"id":"gen9nationaldex-1992156308","p1":"LukeJW05","p2":"SilencedYT","format":"[Gen 9] National Dex","log":"|j|\u2606LukeJW05\n|j|\u2606SilencedYT\n|t:|1700159696\n|gametype|singles\n|player|p1|LukeJW05|lucas-gen4pt|1053\n|player|p2|SilencedYT|101|1000\n|teamsize|p1|6\n|teamsize|p2|6\n|gen|9\n|tier|[Gen 9] National Dex\n|rated|\n|rule|HP Percentage Mod: HP is shown in percentages\n|rule|Endless Battle Clause: Forcing endless battles is banned\n|rule|OHKO Clause: OHKO moves are banned\n|rule|Evasion Clause: Evasion abilities, items, and moves are banned\n|rule|Evasion Abilities Clause: Evasion abilities are banned\n|rule|Evasion Items Clause: Evasion items are banned\n|rule|Evasion Moves Clause: Evasion moves are banned\n|rule|Species Clause: Limit one of each Pok\u00e9mon\n|rule|Sleep Clause Mod: Limit one foe put to sleep\n|clearpoke\n|poke|p1|Swampert, M|\n|poke|p1|Krookodile, M|\n|poke|p1|Chandelure, M|\n|poke|p1|Orbeetle, M|\n|poke|p1|Lucario, M|\n|poke|p1|Shiinotic, F|\n|poke|p2|Tangrowth, M|\n|poke|p2|Venusaur, F|\n|poke|p2|Corviknight, M|\n|poke|p2|Ursaluna, M|\n|poke|p2|Mimikyu, M|\n|poke|p2|Skeledirge, M|\n|teampreview\n|\n|t:|1700159708\n|start\n|switch|p1a: Orbeetle|Orbeetle, M|100\/100\n|switch|p2a: Tangrowth|Tangrowth, M|100\/100\n|turn|1\n|inactive|Battle timer is ON: inactive players will automatically lose when time's up. (requested by LukeJW05)\n|\n|t:|1700159747\n|move|p1a: Orbeetle|Sticky Web|p2a: Tangrowth\n|-sidestart|p2: SilencedYT|move: Sticky Web\n|move|p2a: Tangrowth|Sludge Bomb|p1a: Orbeetle\n|-damage|p1a: Orbeetle|77\/100\n|\n|upkeep\n|turn|2\n|\n|t:|1700159763\n|move|p1a: Orbeetle|Bug Buzz|p2a: Tangrowth\n|-supereffective|p2a: Tangrowth\n|-damage|p2a: Tangrowth|60\/100\n|move|p2a: Tangrowth|Sludge Bomb|p1a: Orbeetle\n|-damage|p1a: Orbeetle|50\/100\n|\n|upkeep\n|turn|3\n|\n|t:|1700159779\n|switch|p1a: Chandelure|Chandelure, M|100\/100\n|switch|p2a: Skeledirge|Skeledirge, M|100\/100\n|-activate|p2a: Skeledirge|move: Sticky Web\n|-unboost|p2a: Skeledirge|spe|1\n|\n|upkeep\n|turn|4\n|\n|t:|1700159795\n|switch|p2a: Ursaluna|Ursaluna, M|100\/100\n|-activate|p2a: Ursaluna|move: Sticky Web\n|-unboost|p2a: Ursaluna|spe|1\n|move|p1a: Chandelure|Shadow Ball|p2a: Ursaluna\n|-immune|p2a: Ursaluna\n|\n|upkeep\n|turn|5\n|\n|t:|1700159809\n|-terastallize|p1a: Chandelure|Ghost\n|move|p1a: Chandelure|Energy Ball|p2a: Ursaluna\n|-supereffective|p2a: Ursaluna\n|-damage|p2a: Ursaluna|46\/100\n|-unboost|p2a: Ursaluna|spd|1\n|move|p2a: Ursaluna|Earthquake|p1a: Chandelure\n|-damage|p1a: Chandelure|39\/100\n|\n|-heal|p2a: Ursaluna|52\/100|[from] item: Leftovers\n|upkeep\n|turn|6\n|inactive|SilencedYT has 120 seconds left.\n|\n|t:|1700159834\n|switch|p2a: Corviknight|Corviknight, M|100\/100\n|move|p1a: Chandelure|Energy Ball|p2a: Corviknight\n|-resisted|p2a: Corviknight\n|-damage|p2a: Corviknight|93\/100\n|\n|upkeep\n|turn|7\n|\n|t:|1700159847\n|switch|p1a: Lucario|Lucario, M|100\/100\n|move|p2a: Corviknight|U-turn|p1a: Lucario\n|-resisted|p1a: Lucario\n|-damage|p1a: Lucario|94\/100\n|\n|t:|1700159857\n|switch|p2a: Mimikyu|Mimikyu, M|100\/100|[from] U-turn\n|\n|upkeep\n|turn|8\n|\n|t:|1700159864\n|move|p1a: Lucario|Bullet Punch|p2a: Mimikyu\n|-activate|p2a: Mimikyu|ability: Disguise\n|-damage|p2a: Mimikyu|100\/100\n|detailschange|p2a: Mimikyu|Mimikyu-Busted, M\n|-damage|p2a: Mimikyu|88\/100|[from] pokemon: Mimikyu-Busted\n|move|p2a: Mimikyu|Trick Room|p2a: Mimikyu\n|-fieldstart|move: Trick Room|[of] p2a: Mimikyu\n|\n|upkeep\n|turn|9\n|inactive|SilencedYT has 120 seconds left.\n|\n|t:|1700159874\n|move|p1a: Lucario|Bullet Punch|p2a: Mimikyu\n|-supereffective|p2a: Mimikyu\n|-damage|p2a: Mimikyu|38\/100\n|move|p2a: Mimikyu|Destiny Bond|p2a: Mimikyu\n|-singlemove|p2a: Mimikyu|Destiny Bond\n|\n|upkeep\n|turn|10\n|\n|t:|1700159883\n|switch|p1a: Shiinotic|Shiinotic, F|100\/100\n|move|p2a: Mimikyu|Dazzling Gleam|p1a: Shiinotic\n|-damage|p1a: Shiinotic|78\/100\n|\n|-heal|p1a: Shiinotic|84\/100|[from] item: Leftovers\n|upkeep\n|turn|11\n|\n|t:|1700159893\n|move|p1a: Shiinotic|Leech Seed|p2a: Mimikyu\n|-start|p2a: Mimikyu|move: Leech Seed\n|move|p2a: Mimikyu|Destiny Bond|p2a: Mimikyu\n|-singlemove|p2a: Mimikyu|Destiny Bond\n|\n|-heal|p1a: Shiinotic|91\/100|[from] item: Leftovers\n|-damage|p2a: Mimikyu|26\/100|[from] Leech Seed|[of] p1a: Shiinotic\n|-heal|p1a: Shiinotic|100\/100|[silent]\n|upkeep\n|turn|12\n|\n|t:|1700159902\n|move|p1a: Shiinotic|Rain Dance|p1a: Shiinotic\n|-weather|RainDance\n|move|p2a: Mimikyu|Toxic|p1a: Shiinotic\n|-status|p1a: Shiinotic|tox\n|\n|-weather|RainDance|[upkeep]\n|-damage|p2a: Mimikyu|14\/100|[from] Leech Seed|[of] p1a: Shiinotic\n|-damage|p1a: Shiinotic|94\/100 tox|[from] psn\n|-fieldend|move: Trick Room\n|upkeep\n|turn|13\n|\n|t:|1700159912\n|switch|p1a: Swampert|Swampert, M|100\/100\n|move|p2a: Mimikyu|Trick Room|p2a: Mimikyu\n|-fieldstart|move: Trick Room|[of] p2a: Mimikyu\n|\n|-weather|RainDance|[upkeep]\n|-damage|p2a: Mimikyu|1\/100|[from] Leech Seed|[of] p1a: Swampert\n|upkeep\n|turn|14\n|\n|t:|1700159924\n|detailschange|p1a: Swampert|Swampert-Mega, M\n|-mega|p1a: Swampert|Swampert|Swampertite\n|move|p2a: Mimikyu|Destiny Bond|p2a: Mimikyu\n|-singlemove|p2a: Mimikyu|Destiny Bond\n|move|p1a: Swampert|Rain Dance||[still]\n|-fail|p1a: Swampert\n|\n|-weather|RainDance|[upkeep]\n|-damage|p2a: Mimikyu|0 fnt|[from] Leech Seed|[of] p1a: Swampert\n|faint|p2a: Mimikyu\n|upkeep\n|\n|t:|1700159944\n|switch|p2a: Venusaur|Venusaur, F|100\/100\n|-activate|p2a: Venusaur|move: Sticky Web\n|-unboost|p2a: Venusaur|spe|1\n|turn|15\n|\n|t:|1700159956\n|switch|p1a: Chandelure|Chandelure, M, tera:Ghost|39\/100\n|move|p2a: Venusaur|Growth|p2a: Venusaur\n|-boost|p2a: Venusaur|atk|1\n|-boost|p2a: Venusaur|spa|1\n|\n|-weather|RainDance|[upkeep]\n|upkeep\n|turn|16\n|inactive|SilencedYT has 120 seconds left.\n|\n|t:|1700159981\n|move|p2a: Venusaur|Sludge Bomb|p1a: Chandelure\n|-resisted|p1a: Chandelure\n|-damage|p1a: Chandelure|16\/100\n|move|p1a: Chandelure|Clear Smog|p2a: Venusaur\n|-damage|p2a: Venusaur|80\/100\n|-clearboost|p2a: Venusaur\n|\n|-weather|none\n|-heal|p2a: Venusaur|86\/100|[from] item: Black Sludge\n|upkeep\n|turn|17\n|inactive|SilencedYT has 120 seconds left.\n|\n|t:|1700159992\n|move|p1a: Chandelure|Flamethrower|p2a: Venusaur\n|-supereffective|p2a: Venusaur\n|-damage|p2a: Venusaur|0 fnt\n|faint|p2a: Venusaur\n|\n|-fieldend|move: Trick Room\n|upkeep\n|c|\u2606LukeJW05|:0\n|\n|t:|1700160001\n|switch|p2a: Tangrowth|Tangrowth, M|60\/100\n|-activate|p2a: Tangrowth|move: Sticky Web\n|-unboost|p2a: Tangrowth|spe|1\n|turn|18\n|\n|t:|1700160006\n|move|p1a: Chandelure|Flamethrower|p2a: Tangrowth\n|-supereffective|p2a: Tangrowth\n|-damage|p2a: Tangrowth|0 fnt\n|faint|p2a: Tangrowth\n|\n|upkeep\n|-message|SilencedYT forfeited.\n|\n|win|LukeJW05\n|raw|LukeJW05's rating: 1053 &rarr; <strong>1080<\/strong><br \/>(+27 for winning)\n|raw|SilencedYT's rating: 1000 &rarr; <strong>1000<\/strong><br \/>(+0 for losing)\n|l|\u2606SilencedYT\n|c|\u2606LukeJW05|:)\n","uploadtime":1700160020,"views":4,"p1id":"lukejw05","p2id":"silencedyt","formatid":"gen9nationaldex","rating":1000,"private":0,"password":""}