{"id":"gen9nationaldex-1997677960","p1":"Shgfx","p2":"xixing","format":"[Gen 9] National Dex","log":"|html|<div class=\"broadcast-blue\"><strong>[Gen 9] National Dex is currently suspecting Sneasler! For information on how to participate check out the <a href=\"https:\/\/www.smogon.com\/forums\/threads\/sv-national-dex-suspect-8-just-dance.3731534\/\">suspect thread<\/a>.<\/strong><\/div>\n|j|\u2606Shgfx\n|j|\u2606xixing\n|t:|1700840789\n|gametype|singles\n|player|p1|Shgfx|102|1413\n|player|p2|xixing|giovanni|1299\n|teamsize|p1|6\n|teamsize|p2|6\n|gen|9\n|tier|[Gen 9] National Dex\n|rated|\n|rule|HP Percentage Mod: HP is shown in percentages\n|rule|Endless Battle Clause: Forcing endless battles is banned\n|rule|OHKO Clause: OHKO moves are banned\n|rule|Evasion Clause: Evasion abilities, items, and moves are banned\n|rule|Evasion Abilities Clause: Evasion abilities are banned\n|rule|Evasion Items Clause: Evasion items are banned\n|rule|Evasion Moves Clause: Evasion moves are banned\n|rule|Species Clause: Limit one of each Pok\u00e9mon\n|rule|Sleep Clause Mod: Limit one foe put to sleep\n|clearpoke\n|poke|p1|Galvantula, M|\n|poke|p1|Volcanion|\n|poke|p1|Scizor, M|\n|poke|p1|Tapu Lele|\n|poke|p1|Hydreigon, F|\n|poke|p1|Breloom, M|\n|poke|p2|Tyranitar, F|\n|poke|p2|Aggron, F|\n|poke|p2|Tapu Koko|\n|poke|p2|Volcanion|\n|poke|p2|Gliscor, F|\n|poke|p2|Rillaboom, F|\n|teampreview\n|inactive|Battle timer is ON: inactive players will automatically lose when time's up. (requested by xixing)\n|\n|t:|1700840801\n|start\n|switch|p1a: Scizor|Scizor, M|100\/100\n|switch|p2a: Tyranitar|Tyranitar, F, shiny|100\/100\n|-weather|Sandstorm|[from] ability: Sand Stream|[of] p2a: Tyranitar\n|turn|1\n|\n|t:|1700840822\n|switch|p2a: Aggron|Aggron, F|100\/100\n|move|p1a: Scizor|Close Combat|p2a: Aggron\n|-supereffective|p2a: Aggron\n|-damage|p2a: Aggron|14\/100\n|-unboost|p1a: Scizor|def|1\n|-unboost|p1a: Scizor|spd|1\n|\n|-weather|Sandstorm|[upkeep]\n|upkeep\n|turn|2\n|\n|t:|1700840838\n|detailschange|p1a: Scizor|Scizor-Mega, M\n|-mega|p1a: Scizor|Scizor|Scizorite\n|detailschange|p2a: Aggron|Aggron-Mega, F\n|-mega|p2a: Aggron|Aggron|Aggronite\n|move|p1a: Scizor|Close Combat|p2a: Aggron\n|-supereffective|p2a: Aggron\n|-damage|p2a: Aggron|0 fnt\n|-unboost|p1a: Scizor|def|1\n|-unboost|p1a: Scizor|spd|1\n|faint|p2a: Aggron\n|\n|-weather|Sandstorm|[upkeep]\n|upkeep\n|inactive|xixing has 120 seconds left.\n|\n|t:|1700840849\n|switch|p2a: Volcanion|Volcanion|100\/100\n|turn|3\n|inactive|xixing has 120 seconds left.\n|\n|t:|1700840861\n|switch|p1a: Hydreigon|Hydreigon, F|100\/100\n|move|p2a: Volcanion|Earth Power|p1a: Hydreigon\n|-immune|p1a: Hydreigon|[from] ability: Levitate\n|\n|-weather|Sandstorm|[upkeep]\n|-damage|p1a: Hydreigon|94\/100|[from] Sandstorm\n|-damage|p2a: Volcanion|95\/100|[from] Sandstorm\n|upkeep\n|turn|4\n|\n|t:|1700840881\n|switch|p2a: Tapu Koko|Tapu Koko, shiny|100\/100\n|-fieldstart|move: Electric Terrain|[from] ability: Electric Surge|[of] p2a: Tapu Koko\n|move|p1a: Hydreigon|Earth Power|p2a: Tapu Koko\n|-supereffective|p2a: Tapu Koko\n|-damage|p2a: Tapu Koko|0 fnt\n|faint|p2a: Tapu Koko\n|-damage|p1a: Hydreigon|84\/100|[from] item: Life Orb\n|\n|-weather|Sandstorm|[upkeep]\n|-damage|p1a: Hydreigon|78\/100|[from] Sandstorm\n|upkeep\n|\n|t:|1700840886\n|switch|p2a: Tyranitar|Tyranitar, F, shiny|100\/100\n|turn|5\n|\n|t:|1700840898\n|move|p1a: Hydreigon|Flash Cannon|p2a: Tyranitar\n|-supereffective|p2a: Tyranitar\n|-damage|p2a: Tyranitar|70\/100\n|-damage|p1a: Hydreigon|68\/100|[from] item: Life Orb\n|move|p2a: Tyranitar|Stealth Rock|p1a: Hydreigon\n|-sidestart|p1: Shgfx|move: Stealth Rock\n|\n|-weather|none\n|-heal|p2a: Tyranitar|76\/100|[from] item: Leftovers\n|upkeep\n|turn|6\n|\n|t:|1700840907\n|move|p1a: Hydreigon|Earth Power|p2a: Tyranitar\n|-supereffective|p2a: Tyranitar\n|-damage|p2a: Tyranitar|27\/100\n|-damage|p1a: Hydreigon|59\/100|[from] item: Life Orb\n|move|p2a: Tyranitar|Toxic|p1a: Hydreigon\n|-status|p1a: Hydreigon|tox\n|\n|-heal|p2a: Tyranitar|33\/100|[from] item: Leftovers\n|-damage|p1a: Hydreigon|52\/100 tox|[from] psn\n|upkeep\n|turn|7\n|\n|t:|1700840918\n|switch|p2a: Gliscor|Gliscor, F, shiny|100\/100\n|move|p1a: Hydreigon|Earth Power|p2a: Gliscor\n|-immune|p2a: Gliscor\n|\n|-damage|p1a: Hydreigon|40\/100 tox|[from] psn\n|-status|p2a: Gliscor|tox|[from] item: Toxic Orb\n|upkeep\n|turn|8\n|\n|t:|1700840930\n|move|p2a: Gliscor|Protect|p2a: Gliscor\n|-singleturn|p2a: Gliscor|Protect\n|move|p1a: Hydreigon|Draco Meteor|p2a: Gliscor\n|-activate|p2a: Gliscor|move: Protect\n|\n|-damage|p1a: Hydreigon|22\/100 tox|[from] psn\n|-fieldend|move: Electric Terrain\n|upkeep\n|turn|9\n|\n|t:|1700840938\n|switch|p2a: Tyranitar|Tyranitar, F, shiny|33\/100\n|-weather|Sandstorm|[from] ability: Sand Stream|[of] p2a: Tyranitar\n|move|p1a: Hydreigon|Draco Meteor|p2a: Tyranitar\n|-damage|p2a: Tyranitar|0 fnt\n|-unboost|p1a: Hydreigon|spa|2\n|faint|p2a: Tyranitar\n|-damage|p1a: Hydreigon|12\/100 tox|[from] item: Life Orb\n|\n|-weather|Sandstorm|[upkeep]\n|-damage|p1a: Hydreigon|6\/100 tox|[from] Sandstorm\n|-damage|p1a: Hydreigon|0 fnt|[from] psn\n|faint|p1a: Hydreigon\n|upkeep\n|\n|t:|1700840963\n|switch|p1a: Tapu Lele|Tapu Lele|100\/100\n|switch|p2a: Gliscor|Gliscor, F, shiny|100\/100 tox\n|-damage|p1a: Tapu Lele|88\/100|[from] Stealth Rock\n|-fieldstart|move: Psychic Terrain|[from] ability: Psychic Surge|[of] p1a: Tapu Lele\n|turn|10\n|\n|t:|1700840976\n|move|p1a: Tapu Lele|Taunt|p2a: Gliscor\n|-start|p2a: Gliscor|move: Taunt\n|move|p2a: Gliscor|Earthquake|p1a: Tapu Lele\n|-damage|p1a: Tapu Lele|28\/100\n|\n|-weather|Sandstorm|[upkeep]\n|-damage|p1a: Tapu Lele|22\/100|[from] Sandstorm\n|upkeep\n|turn|11\n|\n|t:|1700840990\n|switch|p1a: Scizor|Scizor-Mega, M|100\/100\n|-damage|p1a: Scizor|88\/100|[from] Stealth Rock\n|move|p2a: Gliscor|U-turn|p1a: Scizor\n|-resisted|p1a: Scizor\n|-crit|p1a: Scizor\n|-damage|p1a: Scizor|78\/100\n|\n|t:|1700840993\n|switch|p2a: Volcanion|Volcanion|95\/100|[from] U-turn\n|\n|-weather|Sandstorm|[upkeep]\n|-damage|p2a: Volcanion|89\/100|[from] Sandstorm\n|upkeep\n|turn|12\n|\n|t:|1700841015\n|switch|p1a: Volcanion|Volcanion|100\/100\n|move|p2a: Volcanion|Flamethrower|p1a: Volcanion\n|-resisted|p1a: Volcanion\n|-damage|p1a: Volcanion|82\/100\n|\n|-weather|Sandstorm|[upkeep]\n|-damage|p2a: Volcanion|83\/100|[from] Sandstorm\n|-damage|p1a: Volcanion|76\/100|[from] Sandstorm\n|upkeep\n|turn|13\n|\n|t:|1700841033\n|switch|p2a: Rillaboom|Rillaboom, F|100\/100\n|-fieldstart|move: Grassy Terrain|[from] ability: Grassy Surge|[of] p2a: Rillaboom\n|-terastallize|p1a: Volcanion|Ground\n|move|p1a: Volcanion|Earth Power|p2a: Rillaboom\n|-resisted|p2a: Rillaboom\n|-damage|p2a: Rillaboom|73\/100\n|\n|-weather|none\n|-heal|p2a: Rillaboom|79\/100|[from] Grassy Terrain\n|-heal|p1a: Volcanion|82\/100|[from] Grassy Terrain\n|upkeep\n|turn|14\n|\n|t:|1700841048\n|switch|p1a: Scizor|Scizor-Mega, M|78\/100\n|-damage|p1a: Scizor|66\/100|[from] Stealth Rock\n|-terastallize|p2a: Rillaboom|Grass\n|move|p2a: Rillaboom|Grassy Glide|p1a: Scizor\n|-resisted|p1a: Scizor\n|-crit|p1a: Scizor\n|-damage|p1a: Scizor|44\/100\n|\n|-heal|p2a: Rillaboom|85\/100|[from] Grassy Terrain\n|-heal|p1a: Scizor|50\/100|[from] Grassy Terrain\n|upkeep\n|turn|15\n|inactive|Shgfx has 120 seconds left.\n|\n|t:|1700841064\n|switch|p2a: Gliscor|Gliscor, F, shiny|100\/100 tox\n|move|p1a: Scizor|Dual Wingbeat|p2a: Gliscor\n|-damage|p2a: Gliscor|83\/100 tox\n|-crit|p2a: Gliscor\n|-damage|p2a: Gliscor|55\/100 tox\n|-hitcount|p2a: Gliscor|2\n|\n|-heal|p1a: Scizor|56\/100|[from] Grassy Terrain\n|-heal|p2a: Gliscor|67\/100 tox|[from] ability: Poison Heal\n|upkeep\n|turn|16\n|inactive|Shgfx has 120 seconds left.\n|\n|t:|1700841076\n|move|p2a: Gliscor|U-turn|p1a: Scizor\n|-resisted|p1a: Scizor\n|-damage|p1a: Scizor|50\/100\n|\n|t:|1700841081\n|switch|p2a: Volcanion|Volcanion|83\/100|[from] U-turn\n|move|p1a: Scizor|Swords Dance|p1a: Scizor\n|-boost|p1a: Scizor|atk|2\n|\n|-heal|p2a: Volcanion|89\/100|[from] Grassy Terrain\n|-heal|p1a: Scizor|56\/100|[from] Grassy Terrain\n|upkeep\n|turn|17\n|inactive|xixing has 120 seconds left.\n|\n|t:|1700841130\n|move|p2a: Volcanion|Flamethrower|p1a: Scizor\n|-supereffective|p1a: Scizor\n|-damage|p1a: Scizor|0 fnt\n|faint|p1a: Scizor\n|\n|-heal|p2a: Volcanion|95\/100|[from] Grassy Terrain\n|-fieldend|move: Grassy Terrain\n|upkeep\n|inactive|Shgfx has 120 seconds left.\n|\n|t:|1700841146\n|switch|p1a: Galvantula|Galvantula, M|100\/100\n|-damage|p1a: Galvantula|76\/100|[from] Stealth Rock\n|turn|18\n|inactive|Shgfx has 120 seconds left.\n|\n|t:|1700841166\n|switch|p2a: Gliscor|Gliscor, F, shiny|67\/100 tox\n|move|p1a: Galvantula|Thunderbolt|p2a: Gliscor\n|-immune|p2a: Gliscor\n|\n|-heal|p2a: Gliscor|80\/100 tox|[from] ability: Poison Heal\n|upkeep\n|turn|19\n|inactive|xixing has 90 seconds left.\n|\n|t:|1700841211\n|move|p1a: Galvantula|Bug Buzz|p2a: Gliscor\n|-resisted|p2a: Gliscor\n|-damage|p2a: Gliscor|58\/100 tox\n|move|p2a: Gliscor|Earthquake|p1a: Galvantula\n|-damage|p1a: Galvantula|13\/100\n|\n|-heal|p2a: Gliscor|70\/100 tox|[from] ability: Poison Heal\n|upkeep\n|turn|20\n|\n|t:|1700841221\n|move|p1a: Galvantula|Bug Buzz|p2a: Gliscor\n|-resisted|p2a: Gliscor\n|-damage|p2a: Gliscor|49\/100 tox\n|move|p2a: Gliscor|U-turn|p1a: Galvantula\n|-damage|p1a: Galvantula|0 fnt\n|faint|p1a: Galvantula\n|\n|t:|1700841237\n|switch|p2a: Volcanion|Volcanion|95\/100|[from] U-turn\n|\n|upkeep\n|\n|t:|1700841247\n|switch|p1a: Volcanion|Volcanion, tera:Ground|82\/100\n|turn|21\n|\n|t:|1700841259\n|switch|p2a: Gliscor|Gliscor, F, shiny|49\/100 tox\n|move|p1a: Volcanion|Flamethrower|p2a: Gliscor\n|-damage|p2a: Gliscor|0 fnt\n|faint|p2a: Gliscor\n|\n|upkeep\n|\n|t:|1700841262\n|switch|p2a: Rillaboom|Rillaboom, F, tera:Grass|85\/100\n|-fieldstart|move: Grassy Terrain|[from] ability: Grassy Surge|[of] p2a: Rillaboom\n|turn|22\n|\n|t:|1700841270\n|switch|p1a: Breloom|Breloom, M|100\/100\n|-damage|p1a: Breloom|94\/100|[from] Stealth Rock\n|move|p2a: Rillaboom|Grassy Glide|p1a: Breloom\n|-resisted|p1a: Breloom\n|-damage|p1a: Breloom|46\/100\n|\n|-heal|p2a: Rillaboom|91\/100|[from] Grassy Terrain\n|-heal|p1a: Breloom|52\/100|[from] Grassy Terrain\n|upkeep\n|turn|23\n|\n|t:|1700841284\n|move|p2a: Rillaboom|Grassy Glide|p1a: Breloom\n|-resisted|p1a: Breloom\n|-damage|p1a: Breloom|0 fnt\n|faint|p1a: Breloom\n|\n|-heal|p2a: Rillaboom|97\/100|[from] Grassy Terrain\n|upkeep\n|\n|t:|1700841292\n|switch|p1a: Tapu Lele|Tapu Lele|22\/100\n|-damage|p1a: Tapu Lele|10\/100|[from] Stealth Rock\n|-fieldstart|move: Psychic Terrain|[from] ability: Psychic Surge|[of] p1a: Tapu Lele\n|turn|24\n|\n|t:|1700841301\n|switch|p2a: Volcanion|Volcanion|95\/100\n|move|p1a: Tapu Lele|Psychic|p2a: Volcanion\n|-damage|p2a: Volcanion|21\/100\n|\n|upkeep\n|turn|25\n|\n|t:|1700841315\n|switch|p1a: Volcanion|Volcanion, tera:Ground|82\/100\n|move|p2a: Volcanion|Flamethrower|p1a: Volcanion\n|-damage|p1a: Volcanion|7\/100\n|\n|upkeep\n|turn|26\n|\n|t:|1700841330\n|move|p2a: Volcanion|Flamethrower|p1a: Volcanion\n|-damage|p1a: Volcanion|0 fnt\n|faint|p1a: Volcanion\n|\n|upkeep\n|\n|t:|1700841335\n|switch|p1a: Tapu Lele|Tapu Lele|10\/100\n|-damage|p1a: Tapu Lele|0 fnt|[from] Stealth Rock\n|faint|p1a: Tapu Lele\n|\n|win|xixing\n|raw|Shgfx's rating: 1413 &rarr; <strong>1387<\/strong><br \/>(-26 for losing)\n|raw|xixing's rating: 1299 &rarr; <strong>1332<\/strong><br \/>(+33 for winning)\n","uploadtime":1700841360,"views":0,"p1id":"shgfx","p2id":"xixing","formatid":"gen9nationaldex","rating":1332,"private":0,"password":""}