{"id":"gen9nationaldex-1993106487","p1":"djalove62","p2":"Fallout 3 Enjoyer","format":"[Gen 9] National Dex","log":"|j|\u2606djalove62\n|j|\u2606Fallout 3 Enjoyer\n|t:|1700265495\n|gametype|singles\n|player|p1|djalove62|pokekid|1200\n|player|p2|Fallout 3 Enjoyer|acetrainerf|1298\n|teamsize|p1|6\n|teamsize|p2|6\n|gen|9\n|tier|[Gen 9] National Dex\n|rated|\n|rule|HP Percentage Mod: HP is shown in percentages\n|rule|Endless Battle Clause: Forcing endless battles is banned\n|rule|OHKO Clause: OHKO moves are banned\n|rule|Evasion Clause: Evasion abilities, items, and moves are banned\n|rule|Evasion Abilities Clause: Evasion abilities are banned\n|rule|Evasion Items Clause: Evasion items are banned\n|rule|Evasion Moves Clause: Evasion moves are banned\n|rule|Species Clause: Limit one of each Pok\u00e9mon\n|rule|Sleep Clause Mod: Limit one foe put to sleep\n|clearpoke\n|poke|p1|Sableye, F|\n|poke|p1|Chansey, F|\n|poke|p1|Heatran, F|\n|poke|p1|Alomomola, M|\n|poke|p1|Garchomp, M|\n|poke|p1|Arboliva, M|\n|poke|p2|Slurpuff, F|\n|poke|p2|Entei|\n|poke|p2|Incineroar, M|\n|poke|p2|Samurott-Hisui, F|\n|poke|p2|Thundurus-Therian, M|\n|poke|p2|Mawile, F|\n|teampreview\n|inactive|Battle timer is ON: inactive players will automatically lose when time's up. (requested by Fallout 3 Enjoyer)\n|\n|t:|1700265509\n|start\n|switch|p1a: Garchomp|Garchomp, M|100\/100\n|switch|p2a: Cherry|Slurpuff, F|100\/100\n|turn|1\n|\n|t:|1700265514\n|switch|p1a: Arboliva|Arboliva, M|100\/100\n|move|p2a: Cherry|Sticky Web|p1a: Arboliva\n|-sidestart|p1: djalove62|move: Sticky Web\n|\n|upkeep\n|turn|2\n|\n|t:|1700265521\n|move|p2a: Cherry|Calm Mind|p2a: Cherry\n|-boost|p2a: Cherry|spa|1\n|-boost|p2a: Cherry|spd|1\n|move|p1a: Arboliva|Giga Drain|p2a: Cherry\n|-damage|p2a: Cherry|69\/100\n|\n|upkeep\n|turn|3\n|\n|t:|1700265527\n|move|p2a: Cherry|Calm Mind|p2a: Cherry\n|-boost|p2a: Cherry|spa|1\n|-boost|p2a: Cherry|spd|1\n|move|p1a: Arboliva|Giga Drain|p2a: Cherry\n|-damage|p2a: Cherry|43\/100\n|-enditem|p2a: Cherry|Sitrus Berry|[eat]\n|-heal|p2a: Cherry|68\/100|[from] item: Sitrus Berry\n|\n|upkeep\n|turn|4\n|\n|t:|1700265535\n|move|p2a: Cherry|Flamethrower|p1a: Arboliva\n|-supereffective|p1a: Arboliva\n|-damage|p1a: Arboliva|38\/100\n|-fieldstart|move: Grassy Terrain|[from] ability: Seed Sower|[of] p1a: Arboliva\n|move|p1a: Arboliva|Giga Drain|p2a: Cherry\n|-damage|p2a: Cherry|36\/100\n|-heal|p1a: Arboliva|55\/100|[from] drain|[of] p2a: Cherry\n|\n|-heal|p2a: Cherry|42\/100|[from] Grassy Terrain\n|-heal|p1a: Arboliva|61\/100|[from] Grassy Terrain\n|-heal|p1a: Arboliva|67\/100|[from] item: Leftovers\n|upkeep\n|turn|5\n|\n|t:|1700265547\n|move|p2a: Cherry|Flamethrower|p1a: Arboliva\n|-supereffective|p1a: Arboliva\n|-damage|p1a: Arboliva|1\/100\n|move|p1a: Arboliva|Giga Drain|p2a: Cherry\n|-damage|p2a: Cherry|7\/100\n|-heal|p1a: Arboliva|19\/100|[from] drain|[of] p2a: Cherry\n|\n|-heal|p2a: Cherry|13\/100|[from] Grassy Terrain\n|-heal|p1a: Arboliva|25\/100|[from] Grassy Terrain\n|-heal|p1a: Arboliva|31\/100|[from] item: Leftovers\n|upkeep\n|turn|6\n|\n|t:|1700265562\n|switch|p1a: Chansey|Chansey, F|100\/100\n|-activate|p1a: Chansey|move: Sticky Web\n|-unboost|p1a: Chansey|spe|1\n|-terastallize|p2a: Cherry|Fairy\n|move|p2a: Cherry|Draining Kiss|p1a: Chansey\n|-damage|p1a: Chansey|87\/100\n|-heal|p2a: Cherry|33\/100|[from] drain|[of] p1a: Chansey\n|\n|-heal|p2a: Cherry|39\/100|[from] Grassy Terrain\n|-heal|p1a: Chansey|93\/100|[from] Grassy Terrain\n|upkeep\n|turn|7\n|\n|t:|1700265579\n|move|p2a: Cherry|Draining Kiss|p1a: Chansey\n|-damage|p1a: Chansey|77\/100\n|-heal|p2a: Cherry|62\/100|[from] drain|[of] p1a: Chansey\n|move|p1a: Chansey|Seismic Toss|p2a: Cherry\n|-damage|p2a: Cherry|35\/100\n|\n|-heal|p2a: Cherry|41\/100|[from] Grassy Terrain\n|-heal|p1a: Chansey|83\/100|[from] Grassy Terrain\n|upkeep\n|turn|8\n|\n|t:|1700265591\n|switch|p1a: Heatran|Heatran, F|100\/100\n|-item|p1a: Heatran|Air Balloon\n|move|p2a: Cherry|Draining Kiss|p1a: Heatran\n|-resisted|p1a: Heatran\n|-damage|p1a: Heatran|91\/100\n|-heal|p2a: Cherry|49\/100|[from] drain|[of] p1a: Heatran\n|-enditem|p1a: Heatran|Air Balloon\n|\n|-heal|p2a: Cherry|55\/100|[from] Grassy Terrain\n|-heal|p1a: Heatran|97\/100|[from] Grassy Terrain\n|-fieldend|move: Grassy Terrain\n|upkeep\n|turn|9\n|\n|t:|1700265605\n|switch|p2a: Cream|Samurott-Hisui, F, shiny|100\/100\n|move|p1a: Heatran|Taunt|p2a: Cream\n|-start|p2a: Cream|move: Taunt\n|\n|upkeep\n|turn|10\n|\n|t:|1700265616\n|switch|p1a: Sableye|Sableye, F|100\/100\n|-activate|p1a: Sableye|move: Sticky Web\n|-unboost|p1a: Sableye|spe|1\n|move|p2a: Cream|Aqua Cutter|p1a: Sableye\n|-damage|p1a: Sableye|24\/100\n|\n|upkeep\n|turn|11\n|\n|t:|1700265624\n|switch|p2a: Cherry|Slurpuff, F, tera:Fairy|55\/100\n|move|p1a: Sableye|Will-O-Wisp|p2a: Cherry\n|-status|p2a: Cherry|brn\n|\n|-damage|p2a: Cherry|49\/100 brn|[from] brn\n|upkeep\n|turn|12\n|\n|t:|1700265633\n|move|p1a: Sableye|Recover|p1a: Sableye\n|-heal|p1a: Sableye|74\/100\n|move|p2a: Cherry|Draining Kiss|p1a: Sableye\n|-supereffective|p1a: Sableye\n|-damage|p1a: Sableye|26\/100\n|-heal|p2a: Cherry|79\/100 brn|[from] drain|[of] p1a: Sableye\n|\n|-damage|p2a: Cherry|73\/100 brn|[from] brn\n|upkeep\n|turn|13\n|\n|t:|1700265640\n|move|p1a: Sableye|Recover|p1a: Sableye\n|-heal|p1a: Sableye|76\/100\n|move|p2a: Cherry|Calm Mind|p2a: Cherry\n|-boost|p2a: Cherry|spa|1\n|-boost|p2a: Cherry|spd|1\n|\n|-damage|p2a: Cherry|67\/100 brn|[from] brn\n|upkeep\n|turn|14\n|\n|t:|1700265648\n|switch|p1a: Heatran|Heatran, F|97\/100\n|-activate|p1a: Heatran|move: Sticky Web\n|-unboost|p1a: Heatran|spe|1\n|move|p2a: Cherry|Draining Kiss|p1a: Heatran\n|-resisted|p1a: Heatran\n|-damage|p1a: Heatran|89\/100\n|-heal|p2a: Cherry|73\/100 brn|[from] drain|[of] p1a: Heatran\n|\n|-damage|p2a: Cherry|67\/100 brn|[from] brn\n|upkeep\n|turn|15\n|\n|t:|1700265662\n|move|p2a: Cherry|Draining Kiss|p1a: Heatran\n|-resisted|p1a: Heatran\n|-crit|p1a: Heatran\n|-damage|p1a: Heatran|77\/100\n|-heal|p2a: Cherry|76\/100 brn|[from] drain|[of] p1a: Heatran\n|move|p1a: Heatran|Taunt|p2a: Cherry\n|-start|p2a: Cherry|move: Taunt\n|\n|-damage|p2a: Cherry|70\/100 brn|[from] brn\n|upkeep\n|turn|16\n|\n|t:|1700265671\n|switch|p2a: Cream|Samurott-Hisui, F, shiny|100\/100\n|move|p1a: Heatran|Magma Storm|p2a: Cream\n|-resisted|p2a: Cream\n|-damage|p2a: Cream|55\/100\n|-activate|p2a: Cream|move: Magma Storm|[of] p1a: Heatran\n|\n|-damage|p2a: Cream|43\/100|[from] move: Magma Storm|[partiallytrapped]\n|upkeep\n|turn|17\n|\n|t:|1700265681\n|switch|p1a: Alomomola|Alomomola, M|100\/100\n|-activate|p1a: Alomomola|move: Sticky Web\n|-unboost|p1a: Alomomola|spe|1\n|move|p2a: Cream|Ceaseless Edge|p1a: Alomomola\n|-damage|p1a: Alomomola|76\/100\n|-sidestart|p1: djalove62|Spikes\n|\n|-heal|p1a: Alomomola|82\/100|[from] item: Leftovers\n|-end|p2a: Cream|Magma Storm|[partiallytrapped]|[silent]\n|upkeep\n|turn|18\n|\n|t:|1700265691\n|move|p1a: Alomomola|Protect|p1a: Alomomola\n|-singleturn|p1a: Alomomola|Protect\n|move|p2a: Cream|Ceaseless Edge|p1a: Alomomola\n|-activate|p1a: Alomomola|move: Protect\n|\n|-heal|p1a: Alomomola|89\/100|[from] item: Leftovers\n|upkeep\n|turn|19\n|\n|t:|1700265698\n|move|p2a: Cream|Ceaseless Edge|p1a: Alomomola\n|-damage|p1a: Alomomola|63\/100\n|-sidestart|p1: djalove62|Spikes\n|move|p1a: Alomomola|Wish|p1a: Alomomola\n|\n|-heal|p1a: Alomomola|69\/100|[from] item: Leftovers\n|upkeep\n|turn|20\n|\n|t:|1700265707\n|move|p2a: Cream|Ceaseless Edge|p1a: Alomomola\n|-damage|p1a: Alomomola|41\/100\n|-sidestart|p1: djalove62|Spikes\n|move|p1a: Alomomola|Toxic|p2a: Cream\n|-status|p2a: Cream|tox\n|\n|-heal|p1a: Alomomola|91\/100|[from] move: Wish|[wisher] Alomomola\n|-heal|p1a: Alomomola|97\/100|[from] item: Leftovers\n|-damage|p2a: Cream|37\/100 tox|[from] psn\n|upkeep\n|turn|21\n|\n|t:|1700265720\n|switch|p2a: Lemon-Lime|Thundurus-Therian, M|100\/100\n|move|p1a: Alomomola|Knock Off|p2a: Lemon-Lime\n|-damage|p2a: Lemon-Lime|82\/100\n|\n|-heal|p1a: Alomomola|100\/100|[from] item: Leftovers\n|upkeep\n|turn|22\n|\n|t:|1700265727\n|switch|p1a: Garchomp|Garchomp, M|100\/100\n|-activate|p1a: Garchomp|move: Sticky Web\n|-unboost|p1a: Garchomp|spe|1\n|-damage|p1a: Garchomp|76\/100|[from] Spikes\n|move|p2a: Lemon-Lime|Nasty Plot|p2a: Lemon-Lime\n|-boost|p2a: Lemon-Lime|spa|2\n|\n|upkeep\n|turn|23\n|\n|t:|1700265739\n|-zpower|p2a: Lemon-Lime\n|move|p2a: Lemon-Lime|Bloom Doom|p1a: Garchomp|[zeffect]\n|-damage|p1a: Garchomp|0 fnt\n|faint|p1a: Garchomp\n|\n|upkeep\n|\n|t:|1700265748\n|switch|p1a: Chansey|Chansey, F|83\/100\n|-activate|p1a: Chansey|move: Sticky Web\n|-unboost|p1a: Chansey|spe|1\n|-damage|p1a: Chansey|58\/100|[from] Spikes\n|turn|24\n|\n|t:|1700265754\n|move|p2a: Lemon-Lime|Nasty Plot|p2a: Lemon-Lime\n|-boost|p2a: Lemon-Lime|spa|2\n|move|p1a: Chansey|Soft-Boiled|p1a: Chansey\n|-heal|p1a: Chansey|100\/100\n|\n|upkeep\n|turn|25\n|\n|t:|1700265762\n|move|p2a: Lemon-Lime|Nasty Plot|p2a: Lemon-Lime\n|-boost|p2a: Lemon-Lime|spa|2\n|move|p1a: Chansey|Stealth Rock|p2a: Lemon-Lime\n|-sidestart|p2: Fallout 3 Enjoyer|move: Stealth Rock\n|\n|upkeep\n|turn|26\n|\n|t:|1700265767\n|move|p2a: Lemon-Lime|Thunderbolt|p1a: Chansey\n|-damage|p1a: Chansey|40\/100\n|move|p1a: Chansey|Seismic Toss|p2a: Lemon-Lime\n|-damage|p2a: Lemon-Lime|49\/100\n|\n|upkeep\n|turn|27\n|\n|t:|1700265774\n|move|p2a: Lemon-Lime|Thunderbolt|p1a: Chansey\n|-damage|p1a: Chansey|0 fnt\n|faint|p1a: Chansey\n|\n|upkeep\n|-message|djalove62 forfeited.\n|\n|win|Fallout 3 Enjoyer\n|raw|djalove62's rating: 1200 &rarr; <strong>1182<\/strong><br \/>(-18 for losing)\n|raw|Fallout 3 Enjoyer's rating: 1298 &rarr; <strong>1316<\/strong><br \/>(+18 for winning)\n|l|\u2606djalove62\n","uploadtime":1700265787,"views":6,"p1id":"djalove62","p2id":"fallout3enjoyer","formatid":"gen9nationaldex","rating":1182,"private":0,"password":""}