{"id":"gen9nationaldex-1999163716","p1":"monsterapper","p2":"Dynomite101","format":"[Gen 9] National Dex","log":"|html|<div class=\"broadcast-blue\"><strong>[Gen 9] National Dex is currently suspecting Sneasler! For information on how to participate check out the <a href=\"https:\/\/www.smogon.com\/forums\/threads\/sv-national-dex-suspect-8-just-dance.3731534\/\">suspect thread<\/a>.<\/strong><\/div>\n|j|\u2606monsterapper\n|j|\u2606Dynomite101\n|t:|1701040197\n|gametype|singles\n|player|p1|monsterapper|veteran|1405\n|player|p2|Dynomite101|nate|1459\n|teamsize|p1|6\n|teamsize|p2|6\n|gen|9\n|tier|[Gen 9] National Dex\n|rated|\n|rule|HP Percentage Mod: HP is shown in percentages\n|rule|Endless Battle Clause: Forcing endless battles is banned\n|rule|OHKO Clause: OHKO moves are banned\n|rule|Evasion Clause: Evasion abilities, items, and moves are banned\n|rule|Evasion Abilities Clause: Evasion abilities are banned\n|rule|Evasion Items Clause: Evasion items are banned\n|rule|Evasion Moves Clause: Evasion moves are banned\n|rule|Species Clause: Limit one of each Pok\u00e9mon\n|rule|Sleep Clause Mod: Limit one foe put to sleep\n|clearpoke\n|poke|p1|Lopunny, F|\n|poke|p1|Zoroark-Hisui, F|\n|poke|p1|Blissey, F|\n|poke|p1|Ditto|\n|poke|p1|Staraptor, F|\n|poke|p1|Ursaluna, M|\n|poke|p2|Charizard, M|\n|poke|p2|Garchomp, M|\n|poke|p2|Scizor, M|\n|poke|p2|Greninja-*, M|\n|poke|p2|Aegislash, M|\n|poke|p2|Grimmsnarl, M|\n|teampreview\n|inactive|Battle timer is ON: inactive players will automatically lose when time's up. (requested by Dynomite101)\n|\n|t:|1701040222\n|start\n|switch|p1a: Shang Tsung|Ditto|100\/100\n|switch|p2a: Grimmsnarl|Grimmsnarl, M|100\/100\n|-transform|p1a: Shang Tsung|p2a: Grimmsnarl|[from] ability: Imposter\n|turn|1\n|\n|t:|1701040245\n|move|p1a: Shang Tsung|Reflect|p1a: Shang Tsung\n|-sidestart|p1: monsterapper|Reflect\n|move|p2a: Grimmsnarl|Spirit Break|p1a: Shang Tsung\n|-supereffective|p1a: Shang Tsung\n|-damage|p1a: Shang Tsung|51\/100\n|-unboost|p1a: Shang Tsung|spa|1\n|\n|upkeep\n|turn|2\n|\n|t:|1701040263\n|switch|p1a: Oliver|Ursaluna, M|100\/100\n|move|p2a: Grimmsnarl|Spirit Break|p1a: Oliver\n|-damage|p1a: Oliver|89\/100\n|-unboost|p1a: Oliver|spa|1\n|\n|-status|p1a: Oliver|brn|[from] item: Flame Orb\n|upkeep\n|turn|3\n|\n|t:|1701040274\n|move|p2a: Grimmsnarl|Reflect|p2a: Grimmsnarl\n|-sidestart|p2: Dynomite101|Reflect\n|move|p1a: Oliver|Facade|p2a: Grimmsnarl\n|-damage|p2a: Grimmsnarl|19\/100\n|\n|-damage|p1a: Oliver|83\/100 brn|[from] brn\n|upkeep\n|turn|4\n|\n|t:|1701040282\n|switch|p2a: Aegislash|Aegislash, M|100\/100\n|move|p1a: Oliver|Swords Dance|p1a: Oliver\n|-boost|p1a: Oliver|atk|2\n|\n|-damage|p1a: Oliver|77\/100 brn|[from] brn\n|upkeep\n|turn|5\n|\n|t:|1701040289\n|move|p2a: Aegislash|King's Shield|p2a: Aegislash\n|-singleturn|p2a: Aegislash|Protect\n|move|p1a: Oliver|Earthquake|p2a: Aegislash\n|-activate|p2a: Aegislash|move: Protect\n|\n|-damage|p1a: Oliver|70\/100 brn|[from] brn\n|-sideend|p1: monsterapper|Reflect\n|upkeep\n|turn|6\n|\n|t:|1701040299\n|switch|p2a: Charizard|Charizard, M, shiny|100\/100\n|move|p1a: Oliver|Facade|p2a: Charizard\n|-damage|p2a: Charizard|0 fnt\n|faint|p2a: Charizard\n|\n|-damage|p1a: Oliver|64\/100 brn|[from] brn\n|upkeep\n|\n|t:|1701040302\n|switch|p2a: Aegislash|Aegislash, M|100\/100\n|turn|7\n|\n|t:|1701040309\n|move|p1a: Oliver|Earthquake|p2a: Aegislash\n|-supereffective|p2a: Aegislash\n|-damage|p2a: Aegislash|0 fnt\n|faint|p2a: Aegislash\n|\n|-damage|p1a: Oliver|58\/100 brn|[from] brn\n|upkeep\n|\n|t:|1701040313\n|switch|p2a: Greninja|Greninja, M|100\/100\n|turn|8\n|\n|t:|1701040322\n|switch|p1a: Tamago|Blissey, F|100\/100\n|-terastallize|p2a: Greninja|Water\n|move|p2a: Greninja|Surf|p1a: Tamago\n|-damage|p1a: Tamago|69\/100\n|\n|upkeep\n|turn|9\n|\n|t:|1701040332\n|switch|p2a: Scizor|Scizor, M|100\/100\n|move|p1a: Tamago|Teleport|p1a: Tamago\n|\n|t:|1701040336\n|switch|p1a: Miruko|Lopunny, F|100\/100|[from] Teleport\n|\n|upkeep\n|turn|10\n|\n|t:|1701040340\n|move|p2a: Scizor|Bullet Punch|p1a: Miruko\n|-damage|p1a: Miruko|33\/100\n|replace|p1a: E621|Zoroark-Hisui, F\n|-end|p1a: E621|Illusion\n|move|p1a: E621|Flamethrower|p2a: Scizor\n|-supereffective|p2a: Scizor\n|-damage|p2a: Scizor|0 fnt\n|faint|p2a: Scizor\n|\n|-sideend|p2: Dynomite101|Reflect\n|upkeep\n|\n|t:|1701040347\n|switch|p2a: Grimmsnarl|Grimmsnarl, M|19\/100\n|turn|11\n|\n|t:|1701040352\n|move|p2a: Grimmsnarl|Thunder Wave|p1a: E621\n|-status|p1a: E621|par\n|move|p1a: E621|Hyper Voice|p2a: Grimmsnarl\n|-damage|p2a: Grimmsnarl|0 fnt\n|faint|p2a: Grimmsnarl\n|\n|upkeep\n|\n|t:|1701040354\n|switch|p2a: Garchomp|Garchomp, M|100\/100\n|turn|12\n|\n|t:|1701040368\n|switch|p1a: Shang Tsung|Ditto|51\/100\n|-transform|p1a: Shang Tsung|p2a: Garchomp|[from] ability: Imposter\n|move|p2a: Garchomp|Scale Shot|p1a: Shang Tsung\n|-supereffective|p1a: Shang Tsung\n|-damage|p1a: Shang Tsung|19\/100\n|-supereffective|p1a: Shang Tsung\n|-damage|p1a: Shang Tsung|0 fnt\n|faint|p1a: Shang Tsung\n|-hitcount|p1: Shang Tsung|2\n|-unboost|p2a: Garchomp|def|1\n|-boost|p2a: Garchomp|spe|1\n|\n|upkeep\n|\n|t:|1701040380\n|switch|p1a: Oliver|Ursaluna, M|58\/100 brn\n|turn|13\n|\n|t:|1701040383\n|move|p2a: Garchomp|Earthquake|p1a: Oliver\n|-damage|p1a: Oliver|23\/100 brn\n|move|p1a: Oliver|Facade|p2a: Garchomp\n|-damage|p2a: Garchomp|0 fnt\n|-damage|p1a: Oliver|11\/100 brn|[from] ability: Rough Skin|[of] p2a: Garchomp\n|faint|p2a: Garchomp\n|\n|-damage|p1a: Oliver|5\/100 brn|[from] brn\n|upkeep\n|\n|t:|1701040386\n|switch|p2a: Greninja|Greninja, M, tera:Water|100\/100\n|turn|14\n|\n|t:|1701040400\n|move|p2a: Greninja|Surf|p1a: Oliver\n|-supereffective|p1a: Oliver\n|-damage|p1a: Oliver|0 fnt\n|faint|p1a: Oliver\n|-ability|p2a: Greninja|Battle Bond|boost\n|-boost|p2a: Greninja|atk|1\n|-boost|p2a: Greninja|spa|1\n|-boost|p2a: Greninja|spe|1\n|-activate|p2a: Greninja|ability: Battle Bond\n|\n|upkeep\n|\n|t:|1701040410\n|switch|p1a: Miruko|Lopunny, F|100\/100\n|turn|15\n|\n|t:|1701040415\n|detailschange|p1a: Miruko|Lopunny-Mega, F\n|-mega|p1a: Miruko|Lopunny|Lopunnite\n|move|p1a: Miruko|Fake Out|p2a: Greninja\n|-damage|p2a: Greninja|66\/100\n|cant|p2a: Greninja|flinch\n|\n|upkeep\n|turn|16\n|\n|t:|1701040422\n|switch|p1a: Miruko|Lopunny-Mega, F|33\/100 par\n|move|p2a: Greninja|Surf|p1a: Miruko\n|-damage|p1a: Miruko|0 fnt\n|replace|p1a: E621|Zoroark-Hisui, F\n|-end|p1a: E621|Illusion\n|faint|p1a: E621\n|\n|upkeep\n|\n|t:|1701040429\n|switch|p1a: Tamago|Blissey, F|69\/100\n|turn|17\n|\n|t:|1701040432\n|move|p2a: Greninja|Surf|p1a: Tamago\n|-damage|p1a: Tamago|24\/100\n|move|p1a: Tamago|Thunder Wave|p2a: Greninja\n|-status|p2a: Greninja|par\n|\n|upkeep\n|turn|18\n|\n|t:|1701040438\n|move|p2a: Greninja|Surf|p1a: Tamago\n|-damage|p1a: Tamago|0 fnt\n|faint|p1a: Tamago\n|\n|upkeep\n|\n|t:|1701040444\n|switch|p1a: Miruko|Lopunny-Mega, F|100\/100\n|turn|19\n|\n|t:|1701040447\n|move|p1a: Miruko|Fake Out|p2a: Greninja\n|-damage|p2a: Greninja|26\/100 par\n|cant|p2a: Greninja|flinch\n|\n|upkeep\n|turn|20\n|\n|t:|1701040452\n|switch|p1a: DemonDice|Staraptor, F|100\/100\n|-ability|p1a: DemonDice|Intimidate|boost\n|-unboost|p2a: Greninja|atk|1\n|move|p2a: Greninja|Surf|p1a: DemonDice\n|-damage|p1a: DemonDice|0 fnt\n|faint|p1a: DemonDice\n|\n|upkeep\n|c|\u2606Dynomite101|gg\\\n|\n|t:|1701040460\n|switch|p1a: Miruko|Lopunny-Mega, F|100\/100\n|turn|21\n|c|\u2606monsterapper|gg\n|\n|t:|1701040464\n|move|p1a: Miruko|Fake Out|p2a: Greninja\n|-damage|p2a: Greninja|0 fnt\n|faint|p2a: Greninja\n|\n|win|monsterapper\n|raw|monsterapper's rating: 1405 &rarr; <strong>1428<\/strong><br \/>(+23 for winning)\n|raw|Dynomite101's rating: 1459 &rarr; <strong>1436<\/strong><br \/>(-23 for losing)\n|l|\u2606Dynomite101\n","uploadtime":1701040472,"views":10,"p1id":"monsterapper","p2id":"dynomite101","formatid":"gen9nationaldex","rating":1428,"private":0,"password":""}