{"id":"gen9nationaldex-1987358248","p1":"Kin+ak (\u2727\u2207\u2727)","p2":"DaneJerzone","format":"[Gen 9] National Dex","log":"|j|\u2606Kin+ak (\u2727\u2207\u2727)\n|j|\u2606DaneJerzone\n|t:|1699581437\n|gametype|singles\n|player|p1|Kin+ak (\u2727\u2207\u2727)|wally|1341\n|player|p2|DaneJerzone|sailor|1346\n|teamsize|p1|6\n|teamsize|p2|6\n|gen|9\n|tier|[Gen 9] National Dex\n|rated|\n|rule|HP Percentage Mod: HP is shown in percentages\n|rule|Endless Battle Clause: Forcing endless battles is banned\n|rule|OHKO Clause: OHKO moves are banned\n|rule|Evasion Clause: Evasion abilities, items, and moves are banned\n|rule|Evasion Abilities Clause: Evasion abilities are banned\n|rule|Evasion Items Clause: Evasion items are banned\n|rule|Evasion Moves Clause: Evasion moves are banned\n|rule|Species Clause: Limit one of each Pok\u00e9mon\n|rule|Sleep Clause Mod: Limit one foe put to sleep\n|clearpoke\n|poke|p1|Alomomola, F|\n|poke|p1|Celesteela|\n|poke|p1|Tangrowth, M|\n|poke|p1|Heatran, F|\n|poke|p1|Scizor, M|\n|poke|p1|Buzzwole|\n|poke|p2|Grimmsnarl, M|\n|poke|p2|Great Tusk|\n|poke|p2|Kommo-o, F|\n|poke|p2|Rotom-Wash|\n|poke|p2|Glimmora, M|\n|poke|p2|Lopunny, F|\n|teampreview\n|inactive|Battle timer is ON: inactive players will automatically lose when time's up. (requested by DaneJerzone)\n|\n|t:|1699581450\n|start\n|switch|p1a: Celesteela|Celesteela|100\/100\n|switch|p2a: Rotom|Rotom-Wash|100\/100\n|turn|1\n|\n|t:|1699581463\n|switch|p1a: Scizor|Scizor, M|100\/100\n|move|p2a: Rotom|Thunder Wave|p1a: Scizor|[miss]\n|-miss|p2a: Rotom|p1a: Scizor\n|\n|upkeep\n|turn|2\n|\n|t:|1699581474\n|switch|p1a: Tangrowth|Tangrowth, M|100\/100\n|move|p2a: Rotom|Will-O-Wisp|p1a: Tangrowth\n|-status|p1a: Tangrowth|brn\n|\n|-damage|p1a: Tangrowth|94\/100 brn|[from] brn\n|upkeep\n|turn|3\n|inactive|Kin+ak (\u2727\u2207\u2727) has 120 seconds left.\n|inactive|Kin+ak (\u2727\u2207\u2727) has 90 seconds left.\n|\n|t:|1699581561\n|move|p2a: Rotom|Volt Switch|p1a: Tangrowth\n|-resisted|p1a: Tangrowth\n|-damage|p1a: Tangrowth|67\/100 brn\n|\n|t:|1699581580\n|switch|p2a: Grimmsnarl|Grimmsnarl, M|100\/100|[from] Volt Switch\n|move|p1a: Tangrowth|Knock Off|p2a: Grimmsnarl\n|-resisted|p2a: Grimmsnarl\n|-damage|p2a: Grimmsnarl|97\/100\n|-enditem|p2a: Grimmsnarl|Choice Band|[from] move: Knock Off|[of] p1a: Tangrowth\n|\n|-damage|p1a: Tangrowth|61\/100 brn|[from] brn\n|upkeep\n|turn|4\n|\n|t:|1699581597\n|move|p2a: Grimmsnarl|Parting Shot|p1a: Tangrowth\n|-unboost|p1a: Tangrowth|atk|1\n|-unboost|p1a: Tangrowth|spa|1\n|\n|t:|1699581600\n|switch|p2a: Lopunny|Lopunny, F|100\/100|[from] Parting Shot\n|move|p1a: Tangrowth|Giga Drain|p2a: Lopunny\n|-damage|p2a: Lopunny|76\/100\n|-heal|p1a: Tangrowth|69\/100 brn|[from] drain|[of] p2a: Lopunny\n|\n|-damage|p1a: Tangrowth|63\/100 brn|[from] brn\n|upkeep\n|turn|5\n|l|\u2606Kin+ak (\u2727\u2207\u2727)\n|inactive|Kin+ak (\u2727\u2207\u2727) disconnected and has a minute to reconnect!\n|player|p1|\n|j|\u2606Kin+ak (\u2727\u2207\u2727)\n|inactive|Kin+ak (\u2727\u2207\u2727) reconnected and has 55 seconds left.\n|player|p1|Kin+ak (\u2727\u2207\u2727)|wally\n|\n|t:|1699581639\n|detailschange|p2a: Lopunny|Lopunny-Mega, F\n|-mega|p2a: Lopunny|Lopunny|Lopunnite\n|move|p2a: Lopunny|Power-Up Punch|p1a: Tangrowth\n|-damage|p1a: Tangrowth|52\/100 brn\n|-boost|p2a: Lopunny|atk|1\n|-damage|p2a: Lopunny|60\/100|[from] item: Rocky Helmet|[of] p1a: Tangrowth\n|move|p1a: Tangrowth|Sleep Powder|p2a: Lopunny\n|-status|p2a: Lopunny|slp|[from] move: Sleep Powder\n|\n|-damage|p1a: Tangrowth|46\/100 brn|[from] brn\n|upkeep\n|turn|6\n|\n|t:|1699581650\n|switch|p2a: Kommo-o|Kommo-o, F|100\/100\n|switch|p1a: Scizor|Scizor, M|100\/100\n|\n|upkeep\n|turn|7\n|\n|t:|1699581657\n|switch|p1a: Heatran|Heatran, F|100\/100\n|move|p2a: Kommo-o|Clangorous Soul|p2a: Kommo-o\n|-boost|p2a: Kommo-o|atk|1\n|-boost|p2a: Kommo-o|def|1\n|-boost|p2a: Kommo-o|spa|1\n|-boost|p2a: Kommo-o|spd|1\n|-boost|p2a: Kommo-o|spe|1\n|-damage|p2a: Kommo-o|68\/100\n|-enditem|p2a: Kommo-o|Throat Spray\n|-boost|p2a: Kommo-o|spa|1|[from] item: Throat Spray\n|\n|upkeep\n|turn|8\n|inactive|Kin+ak (\u2727\u2207\u2727) has 60 seconds left.\n|\n|t:|1699581664\n|move|p2a: Kommo-o|Aura Sphere|p1a: Heatran\n|-supereffective|p1a: Heatran\n|-damage|p1a: Heatran|22\/100\n|move|p1a: Heatran|Toxic|p2a: Kommo-o\n|-status|p2a: Kommo-o|tox\n|\n|-heal|p1a: Heatran|28\/100|[from] item: Leftovers\n|-damage|p2a: Kommo-o|61\/100 tox|[from] psn\n|upkeep\n|turn|9\n|\n|t:|1699581674\n|switch|p1a: Celesteela|Celesteela|100\/100\n|move|p2a: Kommo-o|Aura Sphere|p1a: Celesteela\n|-damage|p1a: Celesteela|57\/100\n|\n|-heal|p1a: Celesteela|64\/100|[from] item: Leftovers\n|-damage|p2a: Kommo-o|49\/100 tox|[from] psn\n|upkeep\n|turn|10\n|\n|t:|1699581679\n|move|p1a: Celesteela|Protect|p1a: Celesteela\n|-singleturn|p1a: Celesteela|Protect\n|move|p2a: Kommo-o|Flamethrower|p1a: Celesteela\n|-activate|p1a: Celesteela|move: Protect\n|\n|-heal|p1a: Celesteela|70\/100|[from] item: Leftovers\n|-damage|p2a: Kommo-o|30\/100 tox|[from] psn\n|upkeep\n|turn|11\n|\n|t:|1699581691\n|move|p2a: Kommo-o|Boomburst|p1a: Celesteela\n|-resisted|p1a: Celesteela\n|-damage|p1a: Celesteela|43\/100\n|move|p1a: Celesteela|Flamethrower|p2a: Kommo-o\n|-resisted|p2a: Kommo-o\n|-damage|p2a: Kommo-o|22\/100 tox\n|\n|-heal|p1a: Celesteela|49\/100|[from] item: Leftovers\n|-damage|p2a: Kommo-o|0 fnt|[from] psn\n|faint|p2a: Kommo-o\n|upkeep\n|\n|t:|1699581695\n|switch|p2a: Rotom|Rotom-Wash|100\/100\n|turn|12\n|\n|t:|1699581701\n|move|p2a: Rotom|Thunder Wave|p1a: Celesteela\n|-status|p1a: Celesteela|par\n|move|p1a: Celesteela|Leech Seed|p2a: Rotom\n|-start|p2a: Rotom|move: Leech Seed\n|\n|-heal|p1a: Celesteela|56\/100 par|[from] item: Leftovers\n|-damage|p2a: Rotom|88\/100|[from] Leech Seed|[of] p1a: Celesteela\n|-heal|p1a: Celesteela|65\/100 par|[silent]\n|upkeep\n|turn|13\n|\n|t:|1699581709\n|switch|p2a: Glimmora|Glimmora, M|100\/100\n|move|p1a: Celesteela|Protect||[still]\n|-fail|p1a: Celesteela\n|\n|-heal|p1a: Celesteela|72\/100 par|[from] item: Leftovers\n|upkeep\n|turn|14\n|\n|t:|1699581713\n|move|p2a: Glimmora|Stealth Rock|p1a: Celesteela\n|-sidestart|p1: Kin+ak (\u2727\u2207\u2727)|move: Stealth Rock\n|move|p1a: Celesteela|Leech Seed|p2a: Glimmora\n|-start|p2a: Glimmora|move: Leech Seed\n|\n|-heal|p1a: Celesteela|78\/100 par|[from] item: Leftovers\n|-damage|p2a: Glimmora|88\/100|[from] Leech Seed|[of] p1a: Celesteela\n|-heal|p1a: Celesteela|88\/100 par|[silent]\n|upkeep\n|turn|15\n|\n|t:|1699581721\n|switch|p2a: Lopunny|Lopunny-Mega, F|60\/100 slp\n|move|p1a: Celesteela|Flamethrower|p2a: Lopunny\n|-damage|p2a: Lopunny|29\/100 slp\n|\n|-heal|p1a: Celesteela|94\/100 par|[from] item: Leftovers\n|upkeep\n|turn|16\n|\n|t:|1699581728\n|switch|p2a: Grimmsnarl|Grimmsnarl, M|97\/100\n|move|p1a: Celesteela|Flamethrower|p2a: Grimmsnarl\n|-damage|p2a: Grimmsnarl|71\/100\n|\n|-heal|p1a: Celesteela|99\/100 par|[from] item: Leftovers\n|upkeep\n|turn|17\n|\n|t:|1699581732\n|move|p2a: Grimmsnarl|Parting Shot|p1a: Celesteela\n|-unboost|p1a: Celesteela|atk|1\n|-unboost|p1a: Celesteela|spa|1\n|\n|t:|1699581737\n|switch|p2a: Great Tusk|Great Tusk|100\/100|[from] Parting Shot\n|-enditem|p2a: Great Tusk|Booster Energy\n|-activate|p2a: Great Tusk|ability: Protosynthesis|[fromitem]\n|-start|p2a: Great Tusk|protosynthesisatk\n|move|p1a: Celesteela|Leech Seed|p2a: Great Tusk\n|-start|p2a: Great Tusk|move: Leech Seed\n|\n|-heal|p1a: Celesteela|100\/100 par|[from] item: Leftovers\n|-damage|p2a: Great Tusk|88\/100|[from] Leech Seed|[of] p1a: Celesteela\n|upkeep\n|turn|18\n|\n|t:|1699581745\n|move|p2a: Great Tusk|Rapid Spin|p1a: Celesteela\n|-resisted|p1a: Celesteela\n|-damage|p1a: Celesteela|91\/100 par\n|-boost|p2a: Great Tusk|spe|1\n|-end|p2a: Great Tusk|Leech Seed|[from] move: Rapid Spin|[of] p2a: Great Tusk\n|move|p1a: Celesteela|Toxic|p2a: Great Tusk\n|-status|p2a: Great Tusk|tox\n|\n|-heal|p1a: Celesteela|98\/100 par|[from] item: Leftovers\n|-damage|p2a: Great Tusk|82\/100 tox|[from] psn\n|upkeep\n|turn|19\n|\n|t:|1699581755\n|move|p2a: Great Tusk|Ice Spinner|p1a: Celesteela\n|-damage|p1a: Celesteela|69\/100 par\n|cant|p1a: Celesteela|par\n|\n|-heal|p1a: Celesteela|75\/100 par|[from] item: Leftovers\n|-damage|p2a: Great Tusk|70\/100 tox|[from] psn\n|upkeep\n|turn|20\n|\n|t:|1699581762\n|-end|p2a: Great Tusk|Protosynthesis|[silent]\n|switch|p2a: Lopunny|Lopunny-Mega, F|29\/100 slp\n|move|p1a: Celesteela|Leech Seed|p2a: Lopunny\n|-start|p2a: Lopunny|move: Leech Seed\n|\n|-heal|p1a: Celesteela|82\/100 par|[from] item: Leftovers\n|-damage|p2a: Lopunny|17\/100 slp|[from] Leech Seed|[of] p1a: Celesteela\n|-heal|p1a: Celesteela|90\/100 par|[silent]\n|upkeep\n|turn|21\n|\n|t:|1699581770\n|switch|p2a: Rotom|Rotom-Wash|88\/100\n|move|p1a: Celesteela|Flamethrower|p2a: Rotom\n|-resisted|p2a: Rotom\n|-damage|p2a: Rotom|81\/100\n|\n|-heal|p2a: Rotom|87\/100|[from] item: Leftovers\n|-heal|p1a: Celesteela|96\/100 par|[from] item: Leftovers\n|upkeep\n|turn|22\n|\n|t:|1699581776\n|move|p2a: Rotom|Hydro Pump|p1a: Celesteela\n|-damage|p1a: Celesteela|65\/100 par\n|cant|p1a: Celesteela|par\n|\n|-heal|p2a: Rotom|94\/100|[from] item: Leftovers\n|-heal|p1a: Celesteela|71\/100 par|[from] item: Leftovers\n|upkeep\n|turn|23\n|\n|t:|1699581783\n|switch|p1a: Tangrowth|Tangrowth, M|79\/100 brn\n|-damage|p1a: Tangrowth|67\/100 brn|[from] Stealth Rock\n|move|p2a: Rotom|Volt Switch|p1a: Tangrowth\n|-resisted|p1a: Tangrowth\n|-damage|p1a: Tangrowth|42\/100 brn\n|\n|t:|1699581790\n|switch|p2a: Great Tusk|Great Tusk|70\/100 tox|[from] Volt Switch\n|\n|-damage|p2a: Great Tusk|63\/100 tox|[from] psn\n|-damage|p1a: Tangrowth|36\/100 brn|[from] brn\n|upkeep\n|turn|24\n|\n|t:|1699581794\n|move|p2a: Great Tusk|Ice Spinner|p1a: Tangrowth\n|-supereffective|p1a: Tangrowth\n|-damage|p1a: Tangrowth|4\/100 brn\n|-damage|p2a: Great Tusk|47\/100 tox|[from] item: Rocky Helmet|[of] p1a: Tangrowth\n|move|p1a: Tangrowth|Giga Drain|p2a: Great Tusk\n|-supereffective|p2a: Great Tusk\n|-damage|p2a: Great Tusk|0 fnt\n|-heal|p1a: Tangrowth|26\/100 brn|[from] drain|[of] p2a: Great Tusk\n|faint|p2a: Great Tusk\n|-end|p2a: Great Tusk|Protosynthesis|[silent]\n|\n|-damage|p1a: Tangrowth|20\/100 brn|[from] brn\n|upkeep\n|\n|t:|1699581800\n|switch|p2a: Lopunny|Lopunny-Mega, F|17\/100 slp\n|turn|25\n|\n|t:|1699581803\n|cant|p2a: Lopunny|slp\n|move|p1a: Tangrowth|Giga Drain|p2a: Lopunny\n|-damage|p2a: Lopunny|0 fnt\n|-heal|p1a: Tangrowth|25\/100 brn|[from] drain|[of] p2a: Lopunny\n|faint|p2a: Lopunny\n|\n|-damage|p1a: Tangrowth|19\/100 brn|[from] brn\n|upkeep\n|\n|t:|1699581807\n|switch|p2a: Glimmora|Glimmora, M|88\/100\n|turn|26\n|\n|t:|1699581812\n|switch|p1a: Heatran|Heatran, F|28\/100\n|-damage|p1a: Heatran|16\/100|[from] Stealth Rock\n|move|p2a: Glimmora|Sludge Wave|p1a: Heatran\n|-immune|p1a: Heatran\n|\n|-heal|p1a: Heatran|22\/100|[from] item: Leftovers\n|upkeep\n|turn|27\n|-message|DaneJerzone forfeited.\n|\n|win|Kin+ak (\u2727\u2207\u2727)\n|raw|Kin+ak (\u2727\u2207\u2727)'s rating: 1341 &rarr; <strong>1361<\/strong><br \/>(+20 for winning)\n|raw|DaneJerzone's rating: 1346 &rarr; <strong>1326<\/strong><br \/>(-20 for losing)\n|l|\u2606DaneJerzone\n","uploadtime":1699581827,"views":4,"p1id":"kinak","p2id":"danejerzone","formatid":"gen9nationaldex","rating":1326,"private":0,"password":""}