{"id":"gen9nationaldex-1994786319","p1":"Showdown-Shelgon","p2":"avarageSchoolkid","format":"[Gen 9] National Dex","log":"|html|<div class=\"broadcast-blue\"><strong>[Gen 9] National Dex is currently suspecting Sneasler! For information on how to participate check out the <a href=\"https:\/\/www.smogon.com\/forums\/threads\/sv-national-dex-suspect-8-just-dance.3731534\/\">suspect thread<\/a>.<\/strong><\/div>\n|j|\u2606Showdown-Shelgon\n|j|\u2606avarageSchoolkid\n|t:|1700492642\n|gametype|singles\n|player|p1|Showdown-Shelgon|unknown|1000\n|player|p2|avarageSchoolkid|striker|1000\n|teamsize|p1|6\n|teamsize|p2|6\n|gen|9\n|tier|[Gen 9] National Dex\n|rated|\n|rule|HP Percentage Mod: HP is shown in percentages\n|rule|Endless Battle Clause: Forcing endless battles is banned\n|rule|OHKO Clause: OHKO moves are banned\n|rule|Evasion Clause: Evasion abilities, items, and moves are banned\n|rule|Evasion Abilities Clause: Evasion abilities are banned\n|rule|Evasion Items Clause: Evasion items are banned\n|rule|Evasion Moves Clause: Evasion moves are banned\n|rule|Species Clause: Limit one of each Pok\u00e9mon\n|rule|Sleep Clause Mod: Limit one foe put to sleep\n|clearpoke\n|poke|p1|Jolteon, M|\n|poke|p1|Umbreon, F|\n|poke|p1|Vaporeon, F|\n|poke|p1|Sylveon, F|\n|poke|p1|Espeon, F|\n|poke|p1|Leafeon, F|\n|poke|p2|Charizard, M|\n|poke|p2|Rillaboom, F|\n|poke|p2|Decidueye-Hisui, F|\n|poke|p2|Greninja-*, M|\n|poke|p2|Skeledirge, M|\n|poke|p2|Feraligatr, M|\n|teampreview\n|\n|t:|1700492686\n|start\n|switch|p1a: Blitzeinschlag|Jolteon, M|100\/100\n|switch|p2a: Skeledirge|Skeledirge, M|100\/100\n|turn|1\n|\n|t:|1700492699\n|move|p1a: Blitzeinschlag|Shadow Ball|p2a: Skeledirge\n|-supereffective|p2a: Skeledirge\n|-damage|p2a: Skeledirge|29\/100\n|move|p2a: Skeledirge|Torch Song|p1a: Blitzeinschlag\n|-damage|p1a: Blitzeinschlag|50\/100\n|-boost|p2a: Skeledirge|spa|1\n|\n|upkeep\n|turn|2\n|inactive|Battle timer is ON: inactive players will automatically lose when time's up. (requested by Showdown-Shelgon)\n|\n|t:|1700492712\n|switch|p2a: Greninja|Greninja, M|100\/100\n|move|p1a: Blitzeinschlag|Shadow Ball|p2a: Greninja\n|-resisted|p2a: Greninja\n|-damage|p2a: Greninja|73\/100\n|\n|upkeep\n|turn|3\n|\n|t:|1700492721\n|switch|p1a: Tiefsee|Vaporeon, F|100\/100\n|move|p2a: Greninja|Dark Pulse|p1a: Tiefsee\n|-start|p2a: Greninja|typechange|Dark|[from] ability: Protean\n|-damage|p1a: Tiefsee|82\/100\n|-damage|p2a: Greninja|64\/100|[from] item: Life Orb\n|\n|upkeep\n|turn|4\n|\n|t:|1700492729\n|move|p2a: Greninja|Toxic|p1a: Tiefsee\n|-status|p1a: Tiefsee|tox\n|move|p1a: Tiefsee|Tera Blast|p2a: Greninja\n|-damage|p2a: Greninja|28\/100\n|\n|-damage|p1a: Tiefsee|76\/100 tox|[from] psn\n|upkeep\n|turn|5\n|\n|t:|1700492736\n|move|p2a: Greninja|Dark Pulse|p1a: Tiefsee\n|-damage|p1a: Tiefsee|59\/100 tox\n|-damage|p2a: Greninja|18\/100|[from] item: Life Orb\n|move|p1a: Tiefsee|Scald|p2a: Greninja\n|-damage|p2a: Greninja|0 fnt\n|faint|p2a: Greninja\n|\n|-damage|p1a: Tiefsee|46\/100 tox|[from] psn\n|upkeep\n|c|\u2606Showdown-Shelgon|Hey \ud83d\ude01 a good friend of mine has a small YT channel where there are Pok\u00e9mon videos. I would be happy if you take a look \u263a\ufe0f\n|c|\u2606Showdown-Shelgon|https:\/\/youtu.be\/g0JrcNRKkYY?si=HKCdwIw1a-GVcdzj\n|\n|t:|1700492754\n|switch|p2a: Decidueye|Decidueye-Hisui, F|100\/100\n|turn|6\n|\n|t:|1700492773\n|switch|p1a: Brennnessel|Leafeon, F|100\/100\n|move|p2a: Decidueye|Swords Dance|p2a: Decidueye\n|-boost|p2a: Decidueye|atk|2\n|\n|upkeep\n|turn|7\n|\n|t:|1700492783\n|move|p1a: Brennnessel|Aerial Ace|p2a: Decidueye\n|-supereffective|p2a: Decidueye\n|-damage|p2a: Decidueye|0 fnt\n|-damage|p1a: Brennnessel|84\/100|[from] item: Rocky Helmet|[of] p2a: Decidueye\n|faint|p2a: Decidueye\n|-damage|p1a: Brennnessel|74\/100|[from] item: Life Orb\n|\n|upkeep\n|\n|t:|1700492786\n|switch|p2a: Charizard|Charizard, M|100\/100\n|turn|8\n|\n|t:|1700492795\n|switch|p1a: Tiefsee|Vaporeon, F|46\/100 tox\n|detailschange|p2a: Charizard|Charizard-Mega-Y, M\n|-mega|p2a: Charizard|Charizard|Charizardite Y\n|-weather|SunnyDay|[from] ability: Drought|[of] p2a: Charizard\n|move|p2a: Charizard|Air Slash|p1a: Tiefsee\n|-damage|p1a: Tiefsee|27\/100 tox\n|\n|-weather|SunnyDay|[upkeep]\n|-damage|p1a: Tiefsee|21\/100 tox|[from] psn\n|upkeep\n|turn|9\n|\n|t:|1700492804\n|move|p2a: Charizard|Hidden Power|p1a: Tiefsee\n|-supereffective|p1a: Tiefsee\n|-damage|p1a: Tiefsee|1\/100 tox\n|move|p1a: Tiefsee|Scald|p2a: Charizard\n|-supereffective|p2a: Charizard\n|-damage|p2a: Charizard|74\/100\n|\n|-weather|SunnyDay|[upkeep]\n|-damage|p1a: Tiefsee|0 fnt|[from] psn\n|faint|p1a: Tiefsee\n|upkeep\n|\n|t:|1700492807\n|switch|p1a: Blitzeinschlag|Jolteon, M|50\/100\n|turn|10\n|\n|t:|1700492815\n|switch|p2a: Rillaboom|Rillaboom, F|100\/100\n|-fieldstart|move: Grassy Terrain|[from] ability: Grassy Surge|[of] p2a: Rillaboom\n|-enditem|p2a: Rillaboom|Grassy Seed\n|-boost|p2a: Rillaboom|def|1|[from] item: Grassy Seed\n|move|p1a: Blitzeinschlag|Thunderbolt|p2a: Rillaboom\n|-resisted|p2a: Rillaboom\n|-damage|p2a: Rillaboom|57\/100\n|\n|-weather|SunnyDay|[upkeep]\n|-heal|p1a: Blitzeinschlag|56\/100|[from] Grassy Terrain\n|-heal|p2a: Rillaboom|63\/100|[from] Grassy Terrain\n|upkeep\n|turn|11\n|\n|t:|1700492828\n|switch|p1a: Brennnessel|Leafeon, F|74\/100\n|move|p2a: Rillaboom|Earthquake|p1a: Brennnessel\n|-resisted|p1a: Brennnessel\n|-damage|p1a: Brennnessel|65\/100\n|\n|-weather|SunnyDay|[upkeep]\n|-heal|p1a: Brennnessel|71\/100|[from] Grassy Terrain\n|-heal|p2a: Rillaboom|69\/100|[from] Grassy Terrain\n|upkeep\n|turn|12\n|\n|t:|1700492837\n|move|p1a: Brennnessel|Aerial Ace|p2a: Rillaboom\n|-supereffective|p2a: Rillaboom\n|-damage|p2a: Rillaboom|29\/100\n|-damage|p1a: Brennnessel|61\/100|[from] item: Life Orb\n|move|p2a: Rillaboom|Darkest Lariat|p1a: Brennnessel\n|-damage|p1a: Brennnessel|30\/100\n|\n|-weather|none\n|-heal|p1a: Brennnessel|36\/100|[from] Grassy Terrain\n|-heal|p2a: Rillaboom|35\/100|[from] Grassy Terrain\n|upkeep\n|turn|13\n|\n|t:|1700492845\n|switch|p2a: Feraligatr|Feraligatr, M|100\/100\n|move|p1a: Brennnessel|Aerial Ace|p2a: Feraligatr\n|-damage|p2a: Feraligatr|73\/100\n|-damage|p1a: Brennnessel|26\/100|[from] item: Life Orb\n|\n|-heal|p1a: Brennnessel|32\/100|[from] Grassy Terrain\n|-heal|p2a: Feraligatr|80\/100|[from] Grassy Terrain\n|upkeep\n|turn|14\n|\n|t:|1700492850\n|move|p1a: Brennnessel|Trailblaze|p2a: Feraligatr\n|-supereffective|p2a: Feraligatr\n|-damage|p2a: Feraligatr|0 fnt\n|-boost|p1a: Brennnessel|spe|1\n|faint|p2a: Feraligatr\n|-damage|p1a: Brennnessel|22\/100|[from] item: Life Orb\n|\n|-heal|p1a: Brennnessel|28\/100|[from] Grassy Terrain\n|-fieldend|move: Grassy Terrain\n|upkeep\n|\n|t:|1700492854\n|switch|p2a: Charizard|Charizard-Mega-Y, M|74\/100\n|-weather|SunnyDay|[from] ability: Drought|[of] p2a: Charizard\n|turn|15\n|\n|t:|1700492865\n|move|p1a: Brennnessel|Aerial Ace|p2a: Charizard\n|-damage|p2a: Charizard|41\/100\n|-damage|p1a: Brennnessel|18\/100|[from] item: Life Orb\n|move|p2a: Charizard|Flamethrower|p1a: Brennnessel\n|-supereffective|p1a: Brennnessel\n|-damage|p1a: Brennnessel|0 fnt\n|faint|p1a: Brennnessel\n|\n|-weather|SunnyDay|[upkeep]\n|upkeep\n|\n|t:|1700492868\n|switch|p1a: Blitzeinschlag|Jolteon, M|56\/100\n|turn|16\n|\n|t:|1700492874\n|switch|p2a: Rillaboom|Rillaboom, F|35\/100\n|-fieldstart|move: Grassy Terrain|[from] ability: Grassy Surge|[of] p2a: Rillaboom\n|move|p1a: Blitzeinschlag|Thunderbolt|p2a: Rillaboom\n|-resisted|p2a: Rillaboom\n|-damage|p2a: Rillaboom|0 fnt\n|faint|p2a: Rillaboom\n|\n|-weather|SunnyDay|[upkeep]\n|-heal|p1a: Blitzeinschlag|62\/100|[from] Grassy Terrain\n|upkeep\n|\n|t:|1700492876\n|switch|p2a: Skeledirge|Skeledirge, M|29\/100\n|turn|17\n|\n|t:|1700492880\n|move|p1a: Blitzeinschlag|Thunderbolt|p2a: Skeledirge\n|-damage|p2a: Skeledirge|0 fnt\n|faint|p2a: Skeledirge\n|\n|-weather|SunnyDay|[upkeep]\n|-heal|p1a: Blitzeinschlag|68\/100|[from] Grassy Terrain\n|upkeep\n|\n|t:|1700492883\n|switch|p2a: Charizard|Charizard-Mega-Y, M|41\/100\n|turn|18\n|\n|t:|1700492885\n|move|p1a: Blitzeinschlag|Thunderbolt|p2a: Charizard\n|-supereffective|p2a: Charizard\n|-damage|p2a: Charizard|0 fnt\n|faint|p2a: Charizard\n|\n|win|Showdown-Shelgon\n|raw|Showdown-Shelgon's rating: 1000 &rarr; <strong>1040<\/strong><br \/>(+40 for winning)\n|raw|avarageSchoolkid's rating: 1000 &rarr; <strong>1000<\/strong><br \/>(+0 for losing)\n|l|\u2606avarageSchoolkid\n","uploadtime":1700492895,"views":1,"p1id":"showdownshelgon","p2id":"avarageschoolkid","formatid":"gen9nationaldex","rating":1000,"private":0,"password":""}