{"id":"gen9nationaldex-1989011099","p1":"papisantanaa","p2":"srfrkool","format":"[Gen 9] National Dex","log":"|j|\u2606papisantanaa\n|j|\u2606srfrkool\n|t:|1699801909\n|gametype|singles\n|player|p1|papisantanaa|crasherwake|1039\n|player|p2|srfrkool|170|1136\n|teamsize|p1|6\n|teamsize|p2|6\n|gen|9\n|tier|[Gen 9] National Dex\n|rated|\n|rule|HP Percentage Mod: HP is shown in percentages\n|rule|Endless Battle Clause: Forcing endless battles is banned\n|rule|OHKO Clause: OHKO moves are banned\n|rule|Evasion Clause: Evasion abilities, items, and moves are banned\n|rule|Evasion Abilities Clause: Evasion abilities are banned\n|rule|Evasion Items Clause: Evasion items are banned\n|rule|Evasion Moves Clause: Evasion moves are banned\n|rule|Species Clause: Limit one of each Pok\u00e9mon\n|rule|Sleep Clause Mod: Limit one foe put to sleep\n|clearpoke\n|poke|p1|Aegislash, F|\n|poke|p1|Breloom, F|\n|poke|p1|Oricorio-Pom-Pom, M|\n|poke|p1|Glimmora, F|\n|poke|p1|Scizor, M|\n|poke|p1|Alomomola, M|\n|poke|p2|Floatzel, F|\n|poke|p2|Pelipper, M|\n|poke|p2|Barraskewda, M|\n|poke|p2|Basculegion, M|\n|poke|p2|Thundurus-Therian, M|\n|poke|p2|Heatran, M|\n|teampreview\n|\n|t:|1699801924\n|start\n|switch|p1a: Breloom|Breloom, F|100\/100\n|switch|p2a: Pelipper|Pelipper, M, shiny|100\/100\n|-weather|RainDance|[from] ability: Drizzle|[of] p2a: Pelipper\n|turn|1\n|\n|t:|1699801933\n|move|p1a: Breloom|Bullet Seed|p2a: Pelipper\n|-damage|p2a: Pelipper|82\/100\n|-damage|p2a: Pelipper|65\/100\n|-damage|p2a: Pelipper|47\/100\n|-damage|p2a: Pelipper|30\/100\n|-hitcount|p2a: Pelipper|4\n|move|p2a: Pelipper|Blizzard|p1a: Breloom\n|-supereffective|p1a: Breloom\n|-damage|p1a: Breloom|0 fnt\n|faint|p1a: Breloom\n|\n|-weather|RainDance|[upkeep]\n|upkeep\n|\n|t:|1699801952\n|switch|p1a: Scizor|Scizor, M|100\/100\n|turn|2\n|\n|t:|1699801956\n|switch|p2a: Heatran|Heatran, M, shiny|100\/100\n|move|p1a: Scizor|Bullet Punch|p2a: Heatran\n|-resisted|p2a: Heatran\n|-damage|p2a: Heatran|93\/100\n|\n|-weather|RainDance|[upkeep]\n|upkeep\n|turn|3\n|\n|t:|1699801964\n|switch|p1a: Glimmora|Glimmora, F|100\/100\n|-item|p1a: Glimmora|Air Balloon\n|move|p2a: Heatran|Flamethrower|p1a: Glimmora\n|-resisted|p1a: Glimmora\n|-damage|p1a: Glimmora|84\/100\n|-enditem|p1a: Glimmora|Air Balloon\n|\n|-weather|RainDance|[upkeep]\n|upkeep\n|turn|4\n|\n|t:|1699801980\n|switch|p2a: Barraskewda|Barraskewda, M, shiny|100\/100\n|move|p1a: Glimmora|Stealth Rock|p2a: Barraskewda\n|-sidestart|p2: srfrkool|move: Stealth Rock\n|\n|-weather|RainDance|[upkeep]\n|upkeep\n|turn|5\n|\n|t:|1699801990\n|move|p1a: Glimmora|Protect|p1a: Glimmora\n|-singleturn|p1a: Glimmora|Protect\n|move|p2a: Barraskewda|Liquidation|p1a: Glimmora\n|-activate|p1a: Glimmora|move: Protect\n|\n|-weather|none\n|upkeep\n|turn|6\n|\n|t:|1699801998\n|switch|p1a: Alomomola|Alomomola, M, shiny|100\/100\n|move|p2a: Barraskewda|Liquidation|p1a: Alomomola\n|-resisted|p1a: Alomomola\n|-damage|p1a: Alomomola|67\/100\n|-unboost|p1a: Alomomola|def|1\n|\n|-heal|p1a: Alomomola|74\/100|[from] item: Leftovers\n|upkeep\n|turn|7\n|\n|t:|1699802009\n|move|p2a: Barraskewda|Liquidation|p1a: Alomomola\n|-resisted|p1a: Alomomola\n|-damage|p1a: Alomomola|29\/100\n|move|p1a: Alomomola|Toxic|p2a: Barraskewda|[miss]\n|-miss|p1a: Alomomola|p2a: Barraskewda\n|\n|-heal|p1a: Alomomola|35\/100|[from] item: Leftovers\n|upkeep\n|turn|8\n|\n|t:|1699802018\n|move|p1a: Alomomola|Protect|p1a: Alomomola\n|-singleturn|p1a: Alomomola|Protect\n|move|p2a: Barraskewda|Liquidation|p1a: Alomomola\n|-activate|p1a: Alomomola|move: Protect\n|\n|-heal|p1a: Alomomola|41\/100|[from] item: Leftovers\n|upkeep\n|turn|9\n|\n|t:|1699802027\n|switch|p1a: Oricorio|Oricorio-Pom-Pom, M, shiny|100\/100\n|move|p2a: Barraskewda|Liquidation|p1a: Oricorio\n|-damage|p1a: Oricorio|38\/100\n|\n|upkeep\n|turn|10\n|\n|t:|1699802036\n|move|p2a: Barraskewda|Liquidation|p1a: Oricorio\n|-crit|p1a: Oricorio\n|-damage|p1a: Oricorio|0 fnt\n|faint|p1a: Oricorio\n|\n|upkeep\n|\n|t:|1699802042\n|switch|p1a: Alomomola|Alomomola, M, shiny|75\/100\n|turn|11\n|\n|t:|1699802045\n|move|p2a: Barraskewda|Liquidation|p1a: Alomomola\n|-resisted|p1a: Alomomola\n|-damage|p1a: Alomomola|42\/100\n|move|p1a: Alomomola|Toxic|p2a: Barraskewda\n|-status|p2a: Barraskewda|tox\n|\n|-heal|p1a: Alomomola|48\/100|[from] item: Leftovers\n|-damage|p2a: Barraskewda|94\/100 tox|[from] psn\n|upkeep\n|turn|12\n|\n|t:|1699802056\n|move|p1a: Alomomola|Protect|p1a: Alomomola\n|-singleturn|p1a: Alomomola|Protect\n|move|p2a: Barraskewda|Liquidation|p1a: Alomomola\n|-activate|p1a: Alomomola|move: Protect\n|\n|-heal|p1a: Alomomola|55\/100|[from] item: Leftovers\n|-damage|p2a: Barraskewda|82\/100 tox|[from] psn\n|upkeep\n|turn|13\n|\n|t:|1699802065\n|move|p2a: Barraskewda|Liquidation|p1a: Alomomola\n|-resisted|p1a: Alomomola\n|-damage|p1a: Alomomola|22\/100\n|move|p1a: Alomomola|Knock Off|p2a: Barraskewda\n|-crit|p2a: Barraskewda\n|-damage|p2a: Barraskewda|7\/100 tox\n|-enditem|p2a: Barraskewda|Choice Band|[from] move: Knock Off|[of] p1a: Alomomola\n|\n|-heal|p1a: Alomomola|28\/100|[from] item: Leftovers\n|-damage|p2a: Barraskewda|0 fnt|[from] psn\n|faint|p2a: Barraskewda\n|upkeep\n|\n|t:|1699802077\n|switch|p2a: Floatzel|Floatzel, F, shiny|100\/100\n|-damage|p2a: Floatzel|88\/100|[from] Stealth Rock\n|turn|14\n|\n|t:|1699802084\n|move|p1a: Alomomola|Protect|p1a: Alomomola\n|-singleturn|p1a: Alomomola|Protect\n|move|p2a: Floatzel|Wave Crash|p1a: Alomomola\n|-activate|p1a: Alomomola|move: Protect\n|\n|-heal|p1a: Alomomola|34\/100|[from] item: Leftovers\n|upkeep\n|turn|15\n|c|\u2606papisantanaa|how fun\n|\n|t:|1699802107\n|switch|p1a: Aegislash|Aegislash, F, shiny|100\/100\n|move|p2a: Floatzel|Wave Crash|p1a: Aegislash\n|-damage|p1a: Aegislash|34\/100\n|-damage|p2a: Floatzel|65\/100|[from] Recoil\n|\n|-heal|p1a: Aegislash|40\/100|[from] item: Leftovers\n|upkeep\n|turn|16\n|\n|t:|1699802117\n|move|p1a: Aegislash|King's Shield|p1a: Aegislash\n|-singleturn|p1a: Aegislash|Protect\n|move|p2a: Floatzel|Wave Crash|p1a: Aegislash\n|-activate|p1a: Aegislash|move: Protect\n|-unboost|p2a: Floatzel|atk|1\n|\n|-heal|p1a: Aegislash|46\/100|[from] item: Leftovers\n|upkeep\n|turn|17\n|\n|t:|1699802132\n|move|p2a: Floatzel|Wave Crash|p1a: Aegislash\n|-damage|p1a: Aegislash|0 fnt\n|faint|p1a: Aegislash\n|-damage|p2a: Floatzel|49\/100|[from] Recoil\n|\n|upkeep\n|\n|t:|1699802138\n|switch|p1a: Alomomola|Alomomola, M, shiny|68\/100\n|turn|18\n|\n|t:|1699802144\n|switch|p2a: Thundurus|Thundurus-Therian, M, shiny|100\/100\n|-damage|p2a: Thundurus|75\/100|[from] Stealth Rock\n|move|p1a: Alomomola|Protect||[still]\n|-fail|p1a: Alomomola\n|\n|-heal|p1a: Alomomola|74\/100|[from] item: Leftovers\n|upkeep\n|turn|19\n|\n|t:|1699802163\n|move|p2a: Thundurus|Thunderbolt|p1a: Alomomola\n|-supereffective|p1a: Alomomola\n|-damage|p1a: Alomomola|0 fnt\n|faint|p1a: Alomomola\n|\n|upkeep\n|\n|t:|1699802169\n|switch|p1a: Glimmora|Glimmora, F|84\/100\n|turn|20\n|\n|t:|1699802176\n|move|p2a: Thundurus|Thunderbolt|p1a: Glimmora\n|-damage|p1a: Glimmora|0 fnt\n|faint|p1a: Glimmora\n|\n|upkeep\n|\n|t:|1699802181\n|switch|p1a: Scizor|Scizor, M|100\/100\n|turn|21\n|\n|t:|1699802187\n|detailschange|p1a: Scizor|Scizor-Mega, M\n|-mega|p1a: Scizor|Scizor|Scizorite\n|move|p1a: Scizor|Bullet Punch|p2a: Thundurus\n|-resisted|p2a: Thundurus\n|-damage|p2a: Thundurus|44\/100\n|move|p2a: Thundurus|Thunderbolt|p1a: Scizor\n|-damage|p1a: Scizor|19\/100\n|\n|upkeep\n|turn|22\n|\n|t:|1699802196\n|move|p1a: Scizor|Bullet Punch|p2a: Thundurus\n|-resisted|p2a: Thundurus\n|-damage|p2a: Thundurus|15\/100\n|move|p2a: Thundurus|Thunderbolt|p1a: Scizor\n|-damage|p1a: Scizor|0 fnt\n|faint|p1a: Scizor\n|\n|win|srfrkool\n|raw|papisantanaa's rating: 1039 &rarr; <strong>1027<\/strong><br \/>(-12 for losing)\n|raw|srfrkool's rating: 1136 &rarr; <strong>1154<\/strong><br \/>(+18 for winning)\n|l|\u2606papisantanaa\n","uploadtime":1699802206,"views":4,"p1id":"papisantanaa","p2id":"srfrkool","formatid":"gen9nationaldex","rating":1027,"private":0,"password":""}