{"id":"gen9nationaldex-1999236059","p1":"Shade Tatsu","p2":"vheneko","format":"[Gen 9] National Dex","log":"|html|<div class=\"broadcast-blue\"><strong>[Gen 9] National Dex is currently suspecting Sneasler! For information on how to participate check out the <a href=\"https:\/\/www.smogon.com\/forums\/threads\/sv-national-dex-suspect-8-just-dance.3731534\/\">suspect thread<\/a>.<\/strong><\/div>\n|j|\u2606Shade Tatsu\n|j|\u2606vheneko\n|t:|1701049019\n|gametype|singles\n|player|p1|Shade Tatsu|169|1120\n|player|p2|vheneko|depotagent|1189\n|teamsize|p1|6\n|teamsize|p2|6\n|gen|9\n|tier|[Gen 9] National Dex\n|rated|\n|rule|HP Percentage Mod: HP is shown in percentages\n|rule|Endless Battle Clause: Forcing endless battles is banned\n|rule|OHKO Clause: OHKO moves are banned\n|rule|Evasion Clause: Evasion abilities, items, and moves are banned\n|rule|Evasion Abilities Clause: Evasion abilities are banned\n|rule|Evasion Items Clause: Evasion items are banned\n|rule|Evasion Moves Clause: Evasion moves are banned\n|rule|Species Clause: Limit one of each Pok\u00e9mon\n|rule|Sleep Clause Mod: Limit one foe put to sleep\n|clearpoke\n|poke|p1|Torkoal, M|\n|poke|p1|Moltres|\n|poke|p1|Leafeon, F|\n|poke|p1|Heliolisk, M|\n|poke|p1|Charizard, M|\n|poke|p1|Incineroar, F|\n|poke|p2|Pawmot, M|\n|poke|p2|Indeedee, M|\n|poke|p2|Lokix, F|\n|poke|p2|Slurpuff, M|\n|poke|p2|Lopunny, M|\n|poke|p2|Breloom, M|\n|teampreview\n|j| SamFuraxy\n|\n|t:|1701049027\n|start\n|switch|p1a: Torkoal|Torkoal, M|100\/100\n|switch|p2a: CHOCOLATE|Slurpuff, M, shiny|100\/100\n|-weather|SunnyDay|[from] ability: Drought|[of] p1a: Torkoal\n|turn|1\n|\n|t:|1701049033\n|move|p2a: CHOCOLATE|Belly Drum|p2a: CHOCOLATE\n|-damage|p2a: CHOCOLATE|50\/100\n|-setboost|p2a: CHOCOLATE|atk|6|[from] move: Belly Drum\n|-enditem|p2a: CHOCOLATE|Sitrus Berry|[eat]\n|-heal|p2a: CHOCOLATE|75\/100|[from] item: Sitrus Berry\n|move|p1a: Torkoal|Yawn|p2a: CHOCOLATE\n|-start|p2a: CHOCOLATE|move: Yawn|[of] p1a: Torkoal\n|\n|-weather|SunnyDay|[upkeep]\n|upkeep\n|turn|2\n|\n|t:|1701049043\n|move|p2a: CHOCOLATE|Thief|p1a: Torkoal\n|-damage|p1a: Torkoal|54\/100\n|-enditem|p1a: Torkoal|Heat Rock|[silent]|[from] move: Thief|[of] p2a: CHOCOLATE\n|-item|p2a: CHOCOLATE|Heat Rock|[from] move: Thief|[of] p1a: Torkoal\n|move|p1a: Torkoal|Stealth Rock|p2a: CHOCOLATE\n|-sidestart|p2: vheneko|move: Stealth Rock\n|\n|-weather|SunnyDay|[upkeep]\n|-end|p2a: CHOCOLATE|move: Yawn|[silent]\n|-status|p2a: CHOCOLATE|slp\n|upkeep\n|turn|3\n|\n|t:|1701049051\n|switch|p1a: Moltres|Moltres|100\/100\n|-ability|p1a: Moltres|Pressure\n|cant|p2a: CHOCOLATE|slp\n|\n|-weather|SunnyDay|[upkeep]\n|upkeep\n|turn|4\n|\n|t:|1701049057\n|-terastallize|p1a: Moltres|Fire\n|move|p1a: Moltres|Burn Up|p2a: CHOCOLATE\n|-damage|p2a: CHOCOLATE|0 fnt\n|-start|p1a: Moltres|typechange|Fire|[from] move: Burn Up\n|faint|p2a: CHOCOLATE\n|\n|-weather|SunnyDay|[upkeep]\n|upkeep\n|\n|t:|1701049064\n|switch|p2a: Indeedee|Indeedee, M|100\/100\n|-damage|p2a: Indeedee|88\/100|[from] Stealth Rock\n|-fieldstart|move: Psychic Terrain|[from] ability: Psychic Surge|[of] p2a: Indeedee\n|turn|5\n|\n|t:|1701049070\n|-terastallize|p2a: Indeedee|Psychic\n|move|p2a: Indeedee|Expanding Force|p1a: Moltres\n|-damage|p1a: Moltres|0 fnt\n|faint|p1a: Moltres\n|\n|-weather|SunnyDay|[upkeep]\n|upkeep\n|\n|t:|1701049075\n|switch|p1a: Incineroar|Incineroar, F|100\/100\n|-ability|p1a: Incineroar|Intimidate|boost\n|-unboost|p2a: Indeedee|atk|1\n|turn|6\n|\n|t:|1701049082\n|switch|p2a: Lopunny|Lopunny, M|100\/100\n|-damage|p2a: Lopunny|88\/100|[from] Stealth Rock\n|move|p1a: Incineroar|Drain Punch|p2a: Lopunny\n|-supereffective|p2a: Lopunny\n|-damage|p2a: Lopunny|15\/100\n|\n|-weather|SunnyDay|[upkeep]\n|upkeep\n|turn|7\n|\n|t:|1701049098\n|switch|p1a: Heliolisk|Heliolisk, M|100\/100\n|detailschange|p2a: Lopunny|Lopunny-Mega, M\n|-mega|p2a: Lopunny|Lopunny|Lopunnite\n|move|p2a: Lopunny|Return|p1a: Heliolisk\n|-crit|p1a: Heliolisk\n|-damage|p1a: Heliolisk|0 fnt\n|faint|p1a: Heliolisk\n|\n|-weather|SunnyDay|[upkeep]\n|upkeep\n|\n|t:|1701049101\n|switch|p1a: Incineroar|Incineroar, F|100\/100\n|-ability|p1a: Incineroar|Intimidate|boost\n|-fail|p2a: Lopunny|unboost|Attack|[from] ability: Scrappy|[of] p2a: Lopunny\n|turn|8\n|\n|t:|1701049109\n|move|p2a: Lopunny|Close Combat|p1a: Incineroar\n|-supereffective|p1a: Incineroar\n|-damage|p1a: Incineroar|0 fnt\n|-unboost|p2a: Lopunny|def|1\n|-unboost|p2a: Lopunny|spd|1\n|faint|p1a: Incineroar\n|\n|-weather|none\n|upkeep\n|\n|t:|1701049113\n|switch|p1a: Torkoal|Torkoal, M|54\/100\n|-weather|SunnyDay|[from] ability: Drought|[of] p1a: Torkoal\n|turn|9\n|\n|t:|1701049121\n|move|p2a: Lopunny|Close Combat|p1a: Torkoal\n|-damage|p1a: Torkoal|8\/100\n|-unboost|p2a: Lopunny|def|1\n|-unboost|p2a: Lopunny|spd|1\n|move|p1a: Torkoal|Will-O-Wisp|p2a: Lopunny\n|-status|p2a: Lopunny|brn\n|\n|-weather|SunnyDay|[upkeep]\n|-damage|p2a: Lopunny|9\/100 brn|[from] brn\n|-fieldend|move: Psychic Terrain\n|upkeep\n|turn|10\n|\n|t:|1701049130\n|switch|p1a: Charizard|Charizard, M|100\/100\n|move|p2a: Lopunny|Return|p1a: Charizard\n|-damage|p1a: Charizard|60\/100\n|\n|-weather|SunnyDay|[upkeep]\n|-damage|p1a: Charizard|48\/100|[from] ability: Solar Power|[of] p1a: Charizard\n|-damage|p2a: Lopunny|3\/100 brn|[from] brn\n|upkeep\n|turn|11\n|\n|t:|1701049139\n|move|p2a: Lopunny|Return|p1a: Charizard\n|-damage|p1a: Charizard|10\/100\n|move|p1a: Charizard|Ancient Power|p2a: Lopunny\n|-resisted|p2a: Lopunny\n|-damage|p2a: Lopunny|0 fnt\n|faint|p2a: Lopunny\n|\n|-weather|SunnyDay|[upkeep]\n|-damage|p1a: Charizard|0 fnt|[from] ability: Solar Power|[of] p1a: Charizard\n|faint|p1a: Charizard\n|upkeep\n|\n|t:|1701049150\n|switch|p2a: Pawmot|Pawmot, M|100\/100\n|switch|p1a: Leafeon|Leafeon, F|100\/100\n|-damage|p2a: Pawmot|94\/100|[from] Stealth Rock\n|turn|12\n|\n|t:|1701049157\n|move|p1a: Leafeon|Solar Blade||[still]\n|-prepare|p1a: Leafeon|Solar Blade\n|-anim|p1a: Leafeon|Solar Blade|p2a: Pawmot\n|-damage|p2a: Pawmot|0 fnt\n|faint|p2a: Pawmot\n|\n|-weather|SunnyDay|[upkeep]\n|upkeep\n|\n|t:|1701049163\n|switch|p2a: Lokix|Lokix, F|100\/100\n|turn|13\n|\n|t:|1701049170\n|move|p2a: Lokix|First Impression|p1a: Leafeon\n|-supereffective|p1a: Leafeon\n|-damage|p1a: Leafeon|20\/100\n|move|p1a: Leafeon|Solar Blade||[still]\n|-prepare|p1a: Leafeon|Solar Blade\n|-anim|p1a: Leafeon|Solar Blade|p2a: Lokix\n|-resisted|p2a: Lokix\n|-damage|p2a: Lokix|33\/100\n|\n|-weather|none\n|upkeep\n|turn|14\n|\n|t:|1701049181\n|switch|p1a: Torkoal|Torkoal, M|8\/100\n|-weather|SunnyDay|[from] ability: Drought|[of] p1a: Torkoal\n|move|p2a: Lokix|Knock Off|p1a: Torkoal\n|-damage|p1a: Torkoal|0 fnt\n|faint|p1a: Torkoal\n|\n|-weather|SunnyDay|[upkeep]\n|upkeep\n|\n|t:|1701049184\n|switch|p1a: Leafeon|Leafeon, F|20\/100\n|turn|15\n|\n|t:|1701049191\n|switch|p2a: Breloom|Breloom, M|100\/100\n|-damage|p2a: Breloom|94\/100|[from] Stealth Rock\n|move|p1a: Leafeon|X-Scissor|p2a: Breloom\n|-damage|p2a: Breloom|27\/100\n|\n|-weather|SunnyDay|[upkeep]\n|upkeep\n|turn|16\n|\n|t:|1701049198\n|move|p2a: Breloom|Mach Punch|p1a: Leafeon\n|-damage|p1a: Leafeon|0 fnt\n|faint|p1a: Leafeon\n|-damage|p2a: Breloom|17\/100|[from] item: Life Orb\n|\n|win|vheneko\n|raw|Shade Tatsu's rating: 1120 &rarr; <strong>1100<\/strong><br \/>(-20 for losing)\n|raw|vheneko's rating: 1189 &rarr; <strong>1209<\/strong><br \/>(+20 for winning)\n","uploadtime":1701049211,"views":2,"p1id":"shadetatsu","p2id":"vheneko","formatid":"gen9nationaldex","rating":1100,"private":0,"password":""}