{"id":"gen9nationaldex-1994152623","p1":"TexanFarmersMarket","p2":"Plush Candy","format":"[Gen 9] National Dex","log":"|j|\u2606TexanFarmersMarket\n|j|\u2606Plush Candy\n|t:|1700412987\n|gametype|singles\n|player|p1|TexanFarmersMarket|gambler|\n|player|p2|Plush Candy|blue-gen1two|\n|teamsize|p1|6\n|teamsize|p2|6\n|gen|9\n|tier|[Gen 9] National Dex\n|rule|HP Percentage Mod: HP is shown in percentages\n|rule|Endless Battle Clause: Forcing endless battles is banned\n|rule|OHKO Clause: OHKO moves are banned\n|rule|Evasion Clause: Evasion abilities, items, and moves are banned\n|rule|Evasion Abilities Clause: Evasion abilities are banned\n|rule|Evasion Items Clause: Evasion items are banned\n|rule|Evasion Moves Clause: Evasion moves are banned\n|rule|Species Clause: Limit one of each Pok\u00e9mon\n|rule|Sleep Clause Mod: Limit one foe put to sleep\n|clearpoke\n|poke|p1|Ursaluna, F|\n|poke|p1|Noivern, M|\n|poke|p1|Hitmontop, M|\n|poke|p1|Mimikyu, F|\n|poke|p1|Aggron, M|\n|poke|p1|Lopunny, M|\n|poke|p2|Lapras, M|\n|poke|p2|Arctozolt|\n|poke|p2|Ninetales-Alola, M|\n|poke|p2|Slowking-Galar, M|\n|poke|p2|Glalie, M|\n|poke|p2|Kyurem|\n|teampreview\n|c|\u2606TexanFarmersMarket|glhf\n|c|\u2606Plush Candy|Glhf\n|\n|t:|1700412999\n|start\n|switch|p1a: Breakdancer|Hitmontop, M|100\/100\n|switch|p2a: Pluno|Ninetales-Alola, M|100\/100\n|-weather|Snow|[from] ability: Snow Warning|[of] p2a: Pluno\n|turn|1\n|\n|t:|1700413019\n|switch|p2a: Glalie|Glalie, M, shiny|100\/100\n|move|p1a: Breakdancer|Fake Out|p2a: Glalie\n|-damage|p2a: Glalie|82\/100\n|\n|-weather|Snow|[upkeep]\n|-heal|p2a: Glalie|88\/100|[from] ability: Ice Body\n|upkeep\n|turn|2\n|\n|t:|1700413034\n|detailschange|p2a: Glalie|Glalie-Mega, M, shiny\n|-mega|p2a: Glalie|Glalie|Glalitite\n|move|p1a: Breakdancer|Mach Punch|p2a: Glalie\n|-supereffective|p2a: Glalie\n|-damage|p2a: Glalie|30\/100\n|move|p2a: Glalie|Spikes|p1a: Breakdancer\n|-sidestart|p1: TexanFarmersMarket|Spikes\n|\n|-weather|Snow|[upkeep]\n|upkeep\n|turn|3\n|c|\u2606TexanFarmersMarket|im in a good mood cause the music started without me having to manually turn it on\n|\n|t:|1700413045\n|move|p1a: Breakdancer|Mach Punch|p2a: Glalie\n|-supereffective|p2a: Glalie\n|-damage|p2a: Glalie|0 fnt\n|faint|p2a: Glalie\n|\n|-weather|Snow|[upkeep]\n|upkeep\n|\n|t:|1700413053\n|switch|p2a: Black Ice|Arctozolt, shiny|100\/100\n|turn|4\n|\n|t:|1700413060\n|move|p1a: Breakdancer|Mach Punch|p2a: Black Ice\n|-supereffective|p2a: Black Ice\n|-damage|p2a: Black Ice|48\/100\n|move|p2a: Black Ice|Substitute|p2a: Black Ice\n|-start|p2a: Black Ice|Substitute\n|-damage|p2a: Black Ice|23\/100\n|\n|-weather|Snow|[upkeep]\n|upkeep\n|turn|5\n|\n|t:|1700413064\n|move|p1a: Breakdancer|Mach Punch|p2a: Black Ice\n|-supereffective|p2a: Black Ice\n|-end|p2a: Black Ice|Substitute\n|move|p2a: Black Ice|Bolt Beak|p1a: Breakdancer\n|-damage|p1a: Breakdancer|55\/100\n|\n|-weather|none\n|upkeep\n|turn|6\n|\n|t:|1700413073\n|switch|p2a: Slowking|Slowking-Galar, M, shiny|100\/100\n|move|p1a: Breakdancer|Mach Punch|p2a: Slowking\n|-resisted|p2a: Slowking\n|-damage|p2a: Slowking|95\/100\n|-damage|p1a: Breakdancer|38\/100|[from] item: Rocky Helmet|[of] p2a: Slowking\n|\n|upkeep\n|turn|7\n|\n|t:|1700413089\n|switch|p1a: Not Ursaring|Ursaluna, F|100\/100\n|-damage|p1a: Not Ursaring|88\/100|[from] Spikes\n|move|p2a: Slowking|Toxic Spikes|p1a: Not Ursaring\n|-sidestart|p1: TexanFarmersMarket|move: Toxic Spikes\n|\n|-status|p1a: Not Ursaring|brn|[from] item: Flame Orb\n|upkeep\n|turn|8\n|\n|t:|1700413100\n|switch|p2a: Pluno|Ninetales-Alola, M|100\/100\n|-weather|Snow|[from] ability: Snow Warning|[of] p2a: Pluno\n|move|p1a: Not Ursaring|Headlong Rush|p2a: Pluno\n|-damage|p2a: Pluno|0 fnt\n|-unboost|p1a: Not Ursaring|def|1\n|-unboost|p1a: Not Ursaring|spd|1\n|faint|p2a: Pluno\n|\n|-weather|Snow|[upkeep]\n|-damage|p1a: Not Ursaring|82\/100 brn|[from] brn\n|upkeep\n|\n|t:|1700413116\n|switch|p2a: Lapras|Lapras, M|100\/100\n|turn|9\n|\n|t:|1700413124\n|move|p1a: Not Ursaring|Protect|p1a: Not Ursaring\n|-singleturn|p1a: Not Ursaring|Protect\n|move|p2a: Lapras|Blizzard|p1a: Not Ursaring\n|-activate|p1a: Not Ursaring|move: Protect\n|\n|-weather|Snow|[upkeep]\n|-damage|p1a: Not Ursaring|76\/100 brn|[from] brn\n|upkeep\n|turn|10\n|\n|t:|1700413129\n|move|p2a: Lapras|Blizzard|p1a: Not Ursaring\n|-supereffective|p1a: Not Ursaring\n|-damage|p1a: Not Ursaring|0 fnt\n|faint|p1a: Not Ursaring\n|\n|-weather|Snow|[upkeep]\n|upkeep\n|\n|t:|1700413134\n|switch|p1a: Not Pikachu|Mimikyu, F|100\/100\n|-damage|p1a: Not Pikachu|88\/100|[from] Spikes\n|-status|p1a: Not Pikachu|psn\n|turn|11\n|\n|t:|1700413150\n|move|p1a: Not Pikachu|Swords Dance|p1a: Not Pikachu\n|-boost|p1a: Not Pikachu|atk|2\n|move|p2a: Lapras|Sparkling Aria|p1a: Not Pikachu\n|-activate|p1a: Not Pikachu|ability: Disguise\n|-damage|p1a: Not Pikachu|88\/100 psn\n|detailschange|p1a: Not Pikachu|Mimikyu-Busted, F\n|-damage|p1a: Not Pikachu|76\/100 psn|[from] pokemon: Mimikyu-Busted\n|\n|-weather|Snow|[upkeep]\n|-damage|p1a: Not Pikachu|63\/100 psn|[from] psn\n|upkeep\n|turn|12\n|\n|t:|1700413163\n|-zpower|p1a: Not Pikachu\n|move|p1a: Not Pikachu|Let's Snuggle Forever|p2a: Lapras|[zeffect]\n|-damage|p2a: Lapras|41\/100\n|move|p2a: Lapras|Blizzard|p1a: Not Pikachu\n|-damage|p1a: Not Pikachu|22\/100 psn\n|\n|-weather|none\n|-damage|p1a: Not Pikachu|10\/100 psn|[from] psn\n|upkeep\n|turn|13\n|\n|t:|1700413177\n|move|p1a: Not Pikachu|Shadow Claw|p2a: Lapras\n|-damage|p2a: Lapras|10\/100\n|move|p2a: Lapras|Freeze-Dry|p1a: Not Pikachu\n|-damage|p1a: Not Pikachu|0 fnt\n|faint|p1a: Not Pikachu\n|\n|upkeep\n|\n|t:|1700413183\n|switch|p1a: Breakdancer|Hitmontop, M|38\/100\n|-damage|p1a: Breakdancer|26\/100|[from] Spikes\n|-status|p1a: Breakdancer|psn\n|turn|14\n|\n|t:|1700413191\n|switch|p2a: Slowking|Slowking-Galar, M, shiny|100\/100\n|move|p1a: Breakdancer|Fake Out|p2a: Slowking\n|-damage|p2a: Slowking|87\/100\n|-damage|p1a: Breakdancer|10\/100 psn|[from] item: Rocky Helmet|[of] p2a: Slowking\n|\n|-damage|p1a: Breakdancer|0 fnt|[from] psn\n|faint|p1a: Breakdancer\n|upkeep\n|\n|t:|1700413195\n|switch|p1a: Contact Only|Aggron, M|100\/100\n|-damage|p1a: Contact Only|88\/100|[from] Spikes\n|turn|15\n|\n|t:|1700413208\n|switch|p2a: Lapras|Lapras, M|10\/100\n|move|p1a: Contact Only|Earthquake|p2a: Lapras\n|-damage|p2a: Lapras|0 fnt\n|faint|p2a: Lapras\n|\n|upkeep\n|\n|t:|1700413216\n|switch|p2a: Kyl|Kyurem, shiny|100\/100\n|-ability|p2a: Kyl|Pressure\n|turn|16\n|c|\u2606Plush Candy|Ah shut\n|c|\u2606Plush Candy|Shit*\n|c|\u2606Plush Candy|I legit have no steel counter\n|c|\u2606Plush Candy|Everytime I'm stuck with no Ice counter\n|\n|t:|1700413274\n|move|p2a: Kyl|Dragon Dance|p2a: Kyl\n|-boost|p2a: Kyl|atk|1\n|-boost|p2a: Kyl|spe|1\n|move|p1a: Contact Only|Counter||[still]\n|-fail|p1a: Contact Only\n|\n|upkeep\n|turn|17\n|\n|t:|1700413283\n|move|p2a: Kyl|Iron Head|p1a: Contact Only\n|-damage|p1a: Contact Only|63\/100\n|move|p1a: Contact Only|Counter|p2a: Kyl\n|-damage|p2a: Kyl|57\/100\n|\n|upkeep\n|turn|18\n|\n|t:|1700413290\n|move|p2a: Kyl|Iron Head|p1a: Contact Only\n|-damage|p1a: Contact Only|33\/100\n|move|p1a: Contact Only|Counter|p2a: Kyl\n|-damage|p2a: Kyl|6\/100\n|\n|upkeep\n|turn|19\n|\n|t:|1700413297\n|move|p2a: Kyl|Iron Head|p1a: Contact Only\n|-damage|p1a: Contact Only|6\/100\n|move|p1a: Contact Only|Counter|p2a: Kyl\n|-damage|p2a: Kyl|0 fnt\n|faint|p2a: Kyl\n|\n|upkeep\n|\n|t:|1700413301\n|switch|p2a: Black Ice|Arctozolt, shiny|23\/100\n|turn|20\n|\n|t:|1700413305\n|-terastallize|p2a: Black Ice|Electric\n|move|p2a: Black Ice|Bolt Beak|p1a: Contact Only\n|-damage|p1a: Contact Only|0 fnt\n|faint|p1a: Contact Only\n|\n|upkeep\n|\n|t:|1700413308\n|switch|p1a: AHHHH!!!!!|Noivern, M|100\/100\n|-item|p2a: Black Ice|Heavy-Duty Boots|[from] ability: Frisk|[of] p1a: AHHHH!!!!!|[identify]\n|turn|21\n|\n|t:|1700413313\n|switch|p2a: Slowking|Slowking-Galar, M, shiny|100\/100\n|-terastallize|p1a: AHHHH!!!!!|Normal\n|move|p1a: AHHHH!!!!!|Boomburst|p2a: Slowking\n|-damage|p2a: Slowking|30\/100\n|\n|upkeep\n|turn|22\n|c|\u2606Plush Candy|Gg ig\n|\n|t:|1700413331\n|move|p1a: AHHHH!!!!!|Boomburst|p2a: Slowking\n|-damage|p2a: Slowking|0 fnt\n|faint|p2a: Slowking\n|\n|upkeep\n|\n|t:|1700413334\n|switch|p2a: Black Ice|Arctozolt, shiny, tera:Electric|23\/100\n|turn|23\n|\n|t:|1700413338\n|move|p1a: AHHHH!!!!!|Boomburst|p2a: Black Ice\n|-damage|p2a: Black Ice|0 fnt\n|faint|p2a: Black Ice\n|\n|win|TexanFarmersMarket\n|c|\u2606TexanFarmersMarket|ggwp\n|c|\u2606Plush Candy|I really can't find a steel counter\n|c|\u2606TexanFarmersMarket|i was genuinely scared of kyruem\n|c|\u2606Plush Candy|I really was hoping for a flinch\n|l|\u2606TexanFarmersMarket\n|j|\u2606TexanFarmersMarket\n|player|p1|TexanFarmersMarket|gambler\n|c|\u2606Plush Candy|I should of kept DD'ing\n|c|\u2606TexanFarmersMarket|i was hoping i didnt flinch\n|c|\u2606TexanFarmersMarket|i would have been screwed\n|l|\u2606TexanFarmersMarket\n|player|p1|\n|c|\u2606Plush Candy|Still, I need a Steel counter, I'm very limited to this\n|j|\u2606TexanFarmersMarket\n|player|p1|TexanFarmersMarket|gambler\n|l|\u2606Plush Candy\n|c|\u2606TexanFarmersMarket|yeah ice is very limited\n|l|\u2606TexanFarmersMarket\n|player|p1|\n|j|\u2606TexanFarmersMarket\n|player|p1|TexanFarmersMarket|gambler\n","uploadtime":1700413434,"views":30,"p1id":"texanfarmersmarket","p2id":"plushcandy","formatid":"gen9nationaldex","rating":0,"private":0,"password":""}