{"id":"gen9nationaldex-1990980071","p1":"chrisyute696999","p2":"AkemiTa0","format":"[Gen 9] National Dex","log":"|j|\u203dchrisyute696999\n|j|\u2606AkemiTa0\n|t:|1700022728\n|gametype|singles\n|player|p1|chrisyute696999|norman|1128\n|player|p2|AkemiTa0|bianca|1177\n|teamsize|p1|6\n|teamsize|p2|6\n|gen|9\n|tier|[Gen 9] National Dex\n|rated|\n|rule|HP Percentage Mod: HP is shown in percentages\n|rule|Endless Battle Clause: Forcing endless battles is banned\n|rule|OHKO Clause: OHKO moves are banned\n|rule|Evasion Clause: Evasion abilities, items, and moves are banned\n|rule|Evasion Abilities Clause: Evasion abilities are banned\n|rule|Evasion Items Clause: Evasion items are banned\n|rule|Evasion Moves Clause: Evasion moves are banned\n|rule|Species Clause: Limit one of each Pok\u00e9mon\n|rule|Sleep Clause Mod: Limit one foe put to sleep\n|clearpoke\n|poke|p1|Morpeko, F|\n|poke|p1|Gallade, M|\n|poke|p1|Arbok, M|\n|poke|p1|Feraligatr, M|\n|poke|p1|Absol, M|\n|poke|p1|Nihilego|\n|poke|p2|Leavanny, F|\n|poke|p2|Cradily, M|\n|poke|p2|Ogerpon-Cornerstone, F|\n|poke|p2|Gourgeist-*, M|\n|poke|p2|Meowscarada, M|\n|poke|p2|Sinistcha|\n|teampreview\n|\n|t:|1700022742\n|start\n|switch|p1a: Arbok|Arbok, M|100\/100\n|switch|p2a: Meowscarada|Meowscarada, M, shiny|100\/100\n|-ability|p1a: Arbok|Intimidate|boost\n|-unboost|p2a: Meowscarada|atk|1\n|turn|1\n|\n|t:|1700022750\n|move|p2a: Meowscarada|U-turn|p1a: Arbok\n|-start|p2a: Meowscarada|typechange|Bug|[from] ability: Protean\n|-resisted|p1a: Arbok\n|-damage|p1a: Arbok|82\/100\n|\n|t:|1700022757\n|switch|p2a: Leavanny|Leavanny, F|100\/100|[from] U-turn\n|move|p1a: Arbok|Coil|p1a: Arbok\n|-boost|p1a: Arbok|atk|1\n|-boost|p1a: Arbok|def|1\n|-boost|p1a: Arbok|accuracy|1\n|\n|-heal|p1a: Arbok|88\/100|[from] item: Leftovers\n|upkeep\n|turn|2\n|\n|t:|1700022767\n|move|p2a: Leavanny|Sticky Web|p1a: Arbok\n|-sidestart|p1: chrisyute696999|move: Sticky Web\n|move|p1a: Arbok|Coil|p1a: Arbok\n|-boost|p1a: Arbok|atk|1\n|-boost|p1a: Arbok|def|1\n|-boost|p1a: Arbok|accuracy|1\n|\n|-heal|p1a: Arbok|94\/100|[from] item: Leftovers\n|upkeep\n|turn|3\n|\n|t:|1700022774\n|move|p2a: Leavanny|Lunge|p1a: Arbok\n|-resisted|p1a: Arbok\n|-damage|p1a: Arbok|77\/100\n|-unboost|p1a: Arbok|atk|1\n|move|p1a: Arbok|Scale Shot|p2a: Leavanny\n|-damage|p2a: Leavanny|86\/100\n|-damage|p2a: Leavanny|72\/100\n|-damage|p2a: Leavanny|57\/100\n|-damage|p2a: Leavanny|42\/100\n|-hitcount|p2a: Leavanny|4\n|-unboost|p1a: Arbok|def|1\n|-boost|p1a: Arbok|spe|1\n|\n|-heal|p1a: Arbok|83\/100|[from] item: Leftovers\n|upkeep\n|turn|4\n|\n|t:|1700022786\n|move|p1a: Arbok|Gunk Shot|p2a: Leavanny\n|-supereffective|p2a: Leavanny\n|-damage|p2a: Leavanny|0 fnt\n|faint|p2a: Leavanny\n|\n|-heal|p1a: Arbok|89\/100|[from] item: Leftovers\n|upkeep\n|\n|t:|1700022790\n|switch|p2a: Gourgeist|Gourgeist-Super, M|100\/100\n|-item|p1a: Arbok|Leftovers|[from] ability: Frisk|[of] p2a: Gourgeist|[identify]\n|turn|5\n|\n|t:|1700022797\n|move|p1a: Arbok|Coil|p1a: Arbok\n|-boost|p1a: Arbok|atk|1\n|-boost|p1a: Arbok|def|1\n|-boost|p1a: Arbok|accuracy|1\n|move|p2a: Gourgeist|Will-O-Wisp|p1a: Arbok\n|-status|p1a: Arbok|brn\n|\n|-heal|p1a: Arbok|95\/100 brn|[from] item: Leftovers\n|-damage|p1a: Arbok|89\/100 brn|[from] brn\n|upkeep\n|turn|6\n|\n|t:|1700022812\n|move|p1a: Arbok|Gunk Shot|p2a: Gourgeist\n|-damage|p2a: Gourgeist|74\/100\n|-status|p2a: Gourgeist|psn\n|move|p2a: Gourgeist|Foul Play|p1a: Arbok\n|-damage|p1a: Arbok|43\/100 brn\n|\n|-heal|p1a: Arbok|49\/100 brn|[from] item: Leftovers\n|-heal|p2a: Gourgeist|80\/100 psn|[from] item: Leftovers\n|-damage|p2a: Gourgeist|68\/100 psn|[from] psn\n|-damage|p1a: Arbok|43\/100 brn|[from] brn\n|upkeep\n|turn|7\n|\n|t:|1700022823\n|move|p1a: Arbok|Coil|p1a: Arbok\n|-boost|p1a: Arbok|atk|1\n|-boost|p1a: Arbok|def|1\n|-boost|p1a: Arbok|accuracy|1\n|move|p2a: Gourgeist|Synthesis|p2a: Gourgeist\n|-heal|p2a: Gourgeist|100\/100 psn\n|\n|-heal|p1a: Arbok|49\/100 brn|[from] item: Leftovers\n|-damage|p2a: Gourgeist|88\/100 psn|[from] psn\n|-damage|p1a: Arbok|43\/100 brn|[from] brn\n|upkeep\n|turn|8\n|\n|t:|1700022837\n|move|p1a: Arbok|Gunk Shot|p2a: Gourgeist\n|-damage|p2a: Gourgeist|55\/100 psn\n|move|p2a: Gourgeist|Synthesis|p2a: Gourgeist\n|-heal|p2a: Gourgeist|100\/100 psn\n|\n|-heal|p1a: Arbok|49\/100 brn|[from] item: Leftovers\n|-damage|p2a: Gourgeist|88\/100 psn|[from] psn\n|-damage|p1a: Arbok|43\/100 brn|[from] brn\n|upkeep\n|turn|9\n|\n|t:|1700022844\n|switch|p2a: Sinistcha|Sinistcha|100\/100\n|move|p1a: Arbok|Gunk Shot|p2a: Sinistcha\n|-damage|p2a: Sinistcha|43\/100\n|-status|p2a: Sinistcha|psn\n|\n|-heal|p1a: Arbok|49\/100 brn|[from] item: Leftovers\n|-damage|p2a: Sinistcha|31\/100 psn|[from] psn\n|-damage|p1a: Arbok|43\/100 brn|[from] brn\n|upkeep\n|turn|10\n|\n|t:|1700022851\n|move|p1a: Arbok|Gunk Shot|p2a: Sinistcha\n|-damage|p2a: Sinistcha|0 fnt\n|faint|p2a: Sinistcha\n|\n|-heal|p1a: Arbok|49\/100 brn|[from] item: Leftovers\n|-damage|p1a: Arbok|43\/100 brn|[from] brn\n|upkeep\n|\n|t:|1700022873\n|switch|p2a: Cradily|Cradily, M|100\/100\n|turn|11\n|\n|t:|1700022877\n|move|p1a: Arbok|Gunk Shot|p2a: Cradily\n|-damage|p2a: Cradily|37\/100\n|move|p2a: Cradily|Stealth Rock|p1a: Arbok\n|-sidestart|p1: chrisyute696999|move: Stealth Rock\n|\n|-heal|p1a: Arbok|49\/100 brn|[from] item: Leftovers\n|-heal|p2a: Cradily|43\/100|[from] item: Leftovers\n|-damage|p1a: Arbok|43\/100 brn|[from] brn\n|upkeep\n|turn|12\n|\n|t:|1700022887\n|move|p1a: Arbok|Gunk Shot|p2a: Cradily\n|-damage|p2a: Cradily|0 fnt\n|faint|p2a: Cradily\n|\n|-heal|p1a: Arbok|49\/100 brn|[from] item: Leftovers\n|-damage|p1a: Arbok|43\/100 brn|[from] brn\n|upkeep\n|\n|t:|1700022893\n|switch|p2a: Gourgeist|Gourgeist-Super, M|88\/100 psn\n|-item|p1a: Arbok|Leftovers|[from] ability: Frisk|[of] p2a: Gourgeist|[identify]\n|turn|13\n|\n|t:|1700022897\n|move|p1a: Arbok|Gunk Shot|p2a: Gourgeist\n|-damage|p2a: Gourgeist|52\/100 psn\n|move|p2a: Gourgeist|Foul Play|p1a: Arbok\n|-damage|p1a: Arbok|0 fnt\n|faint|p1a: Arbok\n|\n|-heal|p2a: Gourgeist|58\/100 psn|[from] item: Leftovers\n|-damage|p2a: Gourgeist|46\/100 psn|[from] psn\n|upkeep\n|\n|t:|1700022907\n|switch|p1a: Gallade|Gallade, M|100\/100\n|-activate|p1a: Gallade|move: Sticky Web\n|-unboost|p1a: Gallade|spe|1\n|-damage|p1a: Gallade|94\/100|[from] Stealth Rock\n|turn|14\n|\n|t:|1700022925\n|switch|p2a: Ogerpon|Ogerpon-Cornerstone, F|100\/100\n|move|p1a: Gallade|Agility|p1a: Gallade\n|-boost|p1a: Gallade|spe|2\n|\n|upkeep\n|turn|15\n|\n|t:|1700022934\n|move|p1a: Gallade|Sacred Sword|p2a: Ogerpon\n|-supereffective|p2a: Ogerpon\n|-ability|p2a: Ogerpon|Sturdy\n|-damage|p2a: Ogerpon|1\/100\n|-damage|p1a: Gallade|85\/100|[from] item: Life Orb\n|move|p2a: Ogerpon|Play Rough|p1a: Gallade\n|-supereffective|p1a: Gallade\n|-damage|p1a: Gallade|0 fnt\n|faint|p1a: Gallade\n|\n|upkeep\n|\n|t:|1700022946\n|switch|p1a: Morpeko|Morpeko, F|100\/100\n|-activate|p1a: Morpeko|move: Sticky Web\n|-unboost|p1a: Morpeko|spe|1\n|-damage|p1a: Morpeko|88\/100|[from] Stealth Rock\n|turn|16\n|\n|t:|1700022954\n|switch|p2a: Gourgeist|Gourgeist-Super, M|46\/100 psn\n|-item|p1a: Morpeko|Choice Band|[from] ability: Frisk|[of] p2a: Gourgeist|[identify]\n|move|p1a: Morpeko|Aura Wheel|p2a: Gourgeist\n|-resisted|p2a: Gourgeist\n|-damage|p2a: Gourgeist|25\/100 psn\n|-boost|p1a: Morpeko|spe|1\n|\n|-heal|p2a: Gourgeist|31\/100 psn|[from] item: Leftovers\n|-damage|p2a: Gourgeist|19\/100 psn|[from] psn\n|-formechange|p1a: Morpeko|Morpeko-Hangry||[from] ability: Hunger Switch\n|upkeep\n|turn|17\n|\n|t:|1700022962\n|move|p1a: Morpeko|Aura Wheel|p2a: Gourgeist\n|-supereffective|p2a: Gourgeist\n|-damage|p2a: Gourgeist|0 fnt\n|-boost|p1a: Morpeko|spe|1\n|faint|p2a: Gourgeist\n|\n|-formechange|p1a: Morpeko|Morpeko||[from] ability: Hunger Switch\n|upkeep\n|\n|t:|1700022966\n|switch|p2a: Meowscarada|Meowscarada, M, shiny|100\/100\n|turn|18\n|\n|t:|1700022975\n|move|p2a: Meowscarada|U-turn|p1a: Morpeko\n|-start|p2a: Meowscarada|typechange|Bug|[from] ability: Protean\n|-supereffective|p1a: Morpeko\n|-damage|p1a: Morpeko|0 fnt\n|faint|p1a: Morpeko\n|\n|t:|1700022979\n|switch|p2a: Ogerpon|Ogerpon-Cornerstone, F|1\/100|[from] U-turn\n|\n|upkeep\n|\n|t:|1700022993\n|switch|p1a: Feraligatr|Feraligatr, M|100\/100\n|-activate|p1a: Feraligatr|move: Sticky Web\n|-unboost|p1a: Feraligatr|spe|1\n|-damage|p1a: Feraligatr|88\/100|[from] Stealth Rock\n|turn|19\n|\n|t:|1700023001\n|move|p2a: Ogerpon|Horn Leech|p1a: Feraligatr\n|-supereffective|p1a: Feraligatr\n|-damage|p1a: Feraligatr|0 fnt\n|-heal|p2a: Ogerpon|46\/100|[from] drain|[of] p1a: Feraligatr\n|faint|p1a: Feraligatr\n|\n|upkeep\n|\n|t:|1700023007\n|switch|p1a: Nihilego|Nihilego|100\/100\n|-activate|p1a: Nihilego|move: Sticky Web\n|-unboost|p1a: Nihilego|spe|1\n|-damage|p1a: Nihilego|88\/100|[from] Stealth Rock\n|turn|20\n|\n|t:|1700023012\n|move|p2a: Ogerpon|Ivy Cudgel|p1a: Nihilego|[anim] Ivy Cudgel Rock\n|-damage|p1a: Nihilego|0 fnt\n|faint|p1a: Nihilego\n|\n|upkeep\n|\n|t:|1700023017\n|switch|p1a: Absol|Absol, M|100\/100\n|-activate|p1a: Absol|move: Sticky Web\n|-unboost|p1a: Absol|spe|1\n|-damage|p1a: Absol|88\/100|[from] Stealth Rock\n|turn|21\n|\n|t:|1700023025\n|detailschange|p1a: Absol|Absol-Mega, M\n|-mega|p1a: Absol|Absol|Absolite\n|move|p2a: Ogerpon|Ivy Cudgel|p1a: Absol|[anim] Ivy Cudgel Rock\n|-damage|p1a: Absol|0 fnt\n|faint|p1a: Absol\n|\n|win|AkemiTa0\n|raw|chrisyute696999's rating: 1128 &rarr; <strong>1107<\/strong><br \/>(-21 for losing)\n|raw|AkemiTa0's rating: 1177 &rarr; <strong>1198<\/strong><br \/>(+21 for winning)\n|l|\u203dchrisyute696999\n","uploadtime":1700023032,"views":10,"p1id":"chrisyute696999","p2id":"akemita0","formatid":"gen9nationaldex","rating":1107,"private":0,"password":""}