{"id":"gen9nationaldex-1990875705","p1":"TwiztedMelmetal","p2":"Kuzwa","format":"[Gen 9] National Dex","log":"|j|\u2606TwiztedMelmetal\n|j|\u2606Kuzwa\n|t:|1700010244\n|gametype|singles\n|player|p1|TwiztedMelmetal|policeman|1118\n|player|p2|Kuzwa|parasollady|1266\n|teamsize|p1|6\n|teamsize|p2|6\n|gen|9\n|tier|[Gen 9] National Dex\n|rated|\n|rule|HP Percentage Mod: HP is shown in percentages\n|rule|Endless Battle Clause: Forcing endless battles is banned\n|rule|OHKO Clause: OHKO moves are banned\n|rule|Evasion Clause: Evasion abilities, items, and moves are banned\n|rule|Evasion Abilities Clause: Evasion abilities are banned\n|rule|Evasion Items Clause: Evasion items are banned\n|rule|Evasion Moves Clause: Evasion moves are banned\n|rule|Species Clause: Limit one of each Pok\u00e9mon\n|rule|Sleep Clause Mod: Limit one foe put to sleep\n|clearpoke\n|poke|p1|Shuckle, F|\n|poke|p1|Cresselia, F|\n|poke|p1|Dusclops, M|\n|poke|p1|Stakataka|\n|poke|p1|Slowbro-Galar, M|\n|poke|p1|Camerupt, M|\n|poke|p2|Gallade, M|\n|poke|p2|Kartana|\n|poke|p2|Weavile, M|\n|poke|p2|Ogerpon-Wellspring, F|\n|poke|p2|Zeraora|\n|poke|p2|Glimmora, M|\n|teampreview\n|\n|t:|1700010254\n|start\n|switch|p1a: Dusclops|Dusclops, M|100\/100\n|switch|p2a: thing|Glimmora, M|100\/100\n|-item|p2a: thing|Air Balloon\n|-item|p2a: thing|Air Balloon|[from] ability: Frisk|[of] p1a: Dusclops|[identify]\n|turn|1\n|\n|t:|1700010258\n|move|p2a: thing|Sludge Wave|p1a: Dusclops\n|-resisted|p1a: Dusclops\n|-damage|p1a: Dusclops|88\/100\n|move|p1a: Dusclops|Trick Room|p1a: Dusclops\n|-fieldstart|move: Trick Room|[of] p1a: Dusclops\n|\n|upkeep\n|turn|2\n|\n|t:|1700010266\n|switch|p2a: Aigis|Ogerpon-Wellspring, F|100\/100\n|move|p1a: Dusclops|Taunt|p2a: Aigis\n|-start|p2a: Aigis|move: Taunt\n|\n|upkeep\n|turn|3\n|\n|t:|1700010269\n|move|p1a: Dusclops|Will-O-Wisp|p2a: Aigis\n|-status|p2a: Aigis|brn\n|move|p2a: Aigis|Ivy Cudgel|p1a: Dusclops|[anim] Ivy Cudgel Water\n|-crit|p1a: Dusclops\n|-damage|p1a: Dusclops|58\/100\n|\n|-damage|p2a: Aigis|95\/100 brn|[from] brn\n|upkeep\n|turn|4\n|\n|t:|1700010285\n|switch|p2a: thing|Glimmora, M|100\/100\n|-item|p2a: thing|Air Balloon\n|move|p1a: Dusclops|Pain Split|p2a: thing\n|-sethp|p2a: thing|77\/100|[from] move: Pain Split|[silent]\n|-sethp|p1a: Dusclops|83\/100|[from] move: Pain Split\n|\n|upkeep\n|turn|5\n|\n|t:|1700010289\n|move|p1a: Dusclops|Taunt|p2a: thing\n|-start|p2a: thing|move: Taunt\n|move|p2a: thing|Power Gem|p1a: Dusclops\n|-damage|p1a: Dusclops|63\/100\n|\n|-fieldend|move: Trick Room\n|upkeep\n|turn|6\n|\n|t:|1700010291\n|move|p2a: thing|Power Gem|p1a: Dusclops\n|-damage|p1a: Dusclops|42\/100\n|move|p1a: Dusclops|Trick Room|p1a: Dusclops\n|-fieldstart|move: Trick Room|[of] p1a: Dusclops\n|\n|upkeep\n|turn|7\n|\n|t:|1700010294\n|move|p1a: Dusclops|Pain Split|p2a: thing\n|-sethp|p2a: thing|58\/100|[from] move: Pain Split|[silent]\n|-sethp|p1a: Dusclops|62\/100|[from] move: Pain Split\n|move|p2a: thing|Power Gem|p1a: Dusclops\n|-damage|p1a: Dusclops|43\/100\n|\n|-end|p2a: thing|move: Taunt\n|upkeep\n|turn|8\n|inactive|Battle timer is ON: inactive players will automatically lose when time's up. (requested by Kuzwa)\n|inactive|TwiztedMelmetal has 120 seconds left.\n|inactive|TwiztedMelmetal has 90 seconds left.\n|\n|t:|1700010408\n|move|p1a: Dusclops|Pain Split|p2a: thing\n|-sethp|p2a: thing|49\/100|[from] move: Pain Split|[silent]\n|-sethp|p1a: Dusclops|53\/100|[from] move: Pain Split\n|move|p2a: thing|Power Gem|p1a: Dusclops\n|-damage|p1a: Dusclops|33\/100\n|\n|upkeep\n|turn|9\n|\n|t:|1700010415\n|move|p1a: Dusclops|Will-O-Wisp|p2a: thing|[miss]\n|-miss|p1a: Dusclops|p2a: thing\n|move|p2a: thing|Power Gem|p1a: Dusclops\n|-damage|p1a: Dusclops|14\/100\n|\n|upkeep\n|turn|10\n|inactive|TwiztedMelmetal has 120 seconds left.\n|\n|t:|1700010455\n|move|p1a: Dusclops|Pain Split|p2a: thing\n|-sethp|p2a: thing|31\/100|[from] move: Pain Split|[silent]\n|-sethp|p1a: Dusclops|33\/100|[from] move: Pain Split\n|move|p2a: thing|Power Gem|p1a: Dusclops\n|-damage|p1a: Dusclops|12\/100\n|\n|-fieldend|move: Trick Room\n|upkeep\n|turn|11\n|inactive|TwiztedMelmetal has 120 seconds left.\n|inactive|TwiztedMelmetal has 90 seconds left.\n|\n|t:|1700010503\n|move|p2a: thing|Earth Power|p1a: Dusclops\n|-damage|p1a: Dusclops|0 fnt\n|faint|p1a: Dusclops\n|\n|upkeep\n|inactive|TwiztedMelmetal has 60 seconds left.\n|inactive|TwiztedMelmetal has 30 seconds left.\n|inactive|TwiztedMelmetal has 20 seconds left.\n|inactive|TwiztedMelmetal has 15 seconds left.\n|inactive|TwiztedMelmetal has 10 seconds left.\n|inactive|TwiztedMelmetal has 5 seconds left.\n|-message|TwiztedMelmetal lost due to inactivity.\n|\n|win|Kuzwa\n|raw|TwiztedMelmetal's rating: 1118 &rarr; <strong>1103<\/strong><br \/>(-15 for losing)\n|raw|Kuzwa's rating: 1266 &rarr; <strong>1281<\/strong><br \/>(+15 for winning)\n","uploadtime":1700010591,"views":5,"p1id":"twiztedmelmetal","p2id":"kuzwa","formatid":"gen9nationaldex","rating":1103,"private":0,"password":""}