{"id":"gen9nationaldex-1999879578","p1":"Toutac","p2":"Techwiz_101","format":"[Gen 9] National Dex","log":"|html|<div class=\"broadcast-blue\"><strong>[Gen 9] National Dex is currently suspecting Sneasler! For information on how to participate check out the <a href=\"https:\/\/www.smogon.com\/forums\/threads\/sv-national-dex-suspect-8-just-dance.3731534\/\">suspect thread<\/a>.<\/strong><\/div>\n|j|\u2606Toutac\n|j|\u2606Techwiz_101\n|t:|1701125659\n|gametype|singles\n|player|p1|Toutac|169|1253\n|player|p2|Techwiz_101|gentleman-gen4|1227\n|teamsize|p1|6\n|teamsize|p2|6\n|gen|9\n|tier|[Gen 9] National Dex\n|rated|\n|rule|HP Percentage Mod: HP is shown in percentages\n|rule|Endless Battle Clause: Forcing endless battles is banned\n|rule|OHKO Clause: OHKO moves are banned\n|rule|Evasion Clause: Evasion abilities, items, and moves are banned\n|rule|Evasion Abilities Clause: Evasion abilities are banned\n|rule|Evasion Items Clause: Evasion items are banned\n|rule|Evasion Moves Clause: Evasion moves are banned\n|rule|Species Clause: Limit one of each Pok\u00e9mon\n|rule|Sleep Clause Mod: Limit one foe put to sleep\n|clearpoke\n|poke|p1|Porygon-Z|\n|poke|p1|Ribombee, F|\n|poke|p1|Altaria, F|\n|poke|p1|Starmie|\n|poke|p1|Aegislash, M|\n|poke|p1|Garganacl, M|\n|poke|p2|Tinkaton, F|\n|poke|p2|Quagsire, M|\n|poke|p2|Haxorus, M|\n|poke|p2|Murkrow, M|\n|poke|p2|Aurorus, F|\n|poke|p2|Toxtricity, F|\n|teampreview\n|\n|t:|1701125671\n|start\n|switch|p1a: Ribombee|Ribombee, F|100\/100\n|switch|p2a: Haxorus|Haxorus, M|100\/100\n|-ability|p2a: Haxorus|Mold Breaker\n|turn|1\n|inactive|Battle timer is ON: inactive players will automatically lose when time's up. (requested by Toutac)\n|\n|t:|1701125678\n|move|p1a: Ribombee|Sticky Web|p2a: Haxorus\n|-sidestart|p2: Techwiz_101|move: Sticky Web\n|move|p2a: Haxorus|Dragon Dance|p2a: Haxorus\n|-boost|p2a: Haxorus|atk|1\n|-boost|p2a: Haxorus|spe|1\n|\n|upkeep\n|turn|2\n|\n|t:|1701125683\n|move|p2a: Haxorus|Iron Tail|p1a: Ribombee|[miss]\n|-miss|p2a: Haxorus|p1a: Ribombee\n|move|p1a: Ribombee|Moonblast|p2a: Haxorus\n|-supereffective|p2a: Haxorus\n|-damage|p2a: Haxorus|0 fnt\n|faint|p2a: Haxorus\n|\n|upkeep\n|\n|t:|1701125699\n|switch|p2a: Aurorus|Aurorus, F|100\/100\n|-activate|p2a: Aurorus|move: Sticky Web\n|-unboost|p2a: Aurorus|spe|1\n|turn|3\n|\n|t:|1701125719\n|move|p1a: Ribombee|Moonblast|p2a: Aurorus\n|-damage|p2a: Aurorus|66\/100\n|move|p2a: Aurorus|Ancient Power|p1a: Ribombee\n|-supereffective|p1a: Ribombee\n|-enditem|p1a: Ribombee|Focus Sash\n|-damage|p1a: Ribombee|1\/100\n|\n|upkeep\n|turn|4\n|\n|t:|1701125726\n|move|p1a: Ribombee|Moonblast|p2a: Aurorus\n|-damage|p2a: Aurorus|32\/100\n|-unboost|p2a: Aurorus|spa|1\n|move|p2a: Aurorus|Ancient Power|p1a: Ribombee\n|-supereffective|p1a: Ribombee\n|-damage|p1a: Ribombee|0 fnt\n|-boost|p2a: Aurorus|atk|1\n|-boost|p2a: Aurorus|def|1\n|-boost|p2a: Aurorus|spa|1\n|-boost|p2a: Aurorus|spd|1\n|-boost|p2a: Aurorus|spe|1\n|faint|p1a: Ribombee\n|\n|upkeep\n|\n|t:|1701125742\n|switch|p1a: Aegislash|Aegislash, M|100\/100\n|turn|5\n|\n|t:|1701125748\n|-formechange|p1a: Aegislash|Aegislash-Blade||[from] ability: Stance Change\n|move|p1a: Aegislash|Close Combat|p2a: Aurorus\n|-supereffective|p2a: Aurorus\n|-damage|p2a: Aurorus|0 fnt\n|-unboost|p1a: Aegislash|def|1\n|-unboost|p1a: Aegislash|spd|1\n|faint|p2a: Aurorus\n|\n|upkeep\n|\n|t:|1701125757\n|switch|p2a: Murkrow|Murkrow, M|100\/100\n|turn|6\n|\n|t:|1701125767\n|switch|p1a: Garganacl|Garganacl, M|100\/100\n|move|p2a: Murkrow|Foul Play|p1a: Garganacl\n|-damage|p1a: Garganacl|84\/100\n|\n|-heal|p1a: Garganacl|90\/100|[from] item: Leftovers\n|upkeep\n|turn|7\n|\n|t:|1701125773\n|-terastallize|p2a: Murkrow|Ghost\n|move|p2a: Murkrow|Curse|p1a: Garganacl\n|-start|p1a: Garganacl|Curse|[of] p2a: Murkrow\n|-damage|p2a: Murkrow|50\/100\n|-enditem|p2a: Murkrow|Sitrus Berry|[eat]\n|-heal|p2a: Murkrow|75\/100|[from] item: Sitrus Berry\n|move|p1a: Garganacl|Stealth Rock|p2a: Murkrow\n|-sidestart|p2: Techwiz_101|move: Stealth Rock\n|\n|-heal|p1a: Garganacl|96\/100|[from] item: Leftovers\n|-damage|p1a: Garganacl|71\/100|[from] Curse\n|upkeep\n|turn|8\n|\n|t:|1701125782\n|move|p2a: Murkrow|Defog|p1a: Garganacl\n|-unboost|p1a: Garganacl|evasion|1\n|-sideend|p2: Techwiz_101|Stealth Rock|[from] move: Defog|[of] p2a: Murkrow\n|-sideend|p2: Techwiz_101|Sticky Web|[from] move: Defog|[of] p2a: Murkrow\n|move|p1a: Garganacl|Salt Cure|p2a: Murkrow\n|-damage|p2a: Murkrow|46\/100\n|-start|p2a: Murkrow|Salt Cure\n|\n|-heal|p1a: Garganacl|77\/100|[from] item: Leftovers\n|-damage|p1a: Garganacl|52\/100|[from] Curse\n|-damage|p2a: Murkrow|34\/100|[from] Salt Cure\n|upkeep\n|turn|9\n|\n|t:|1701125792\n|move|p2a: Murkrow|Roost|p2a: Murkrow\n|-heal|p2a: Murkrow|84\/100\n|move|p1a: Garganacl|Recover|p1a: Garganacl\n|-heal|p1a: Garganacl|100\/100\n|\n|-damage|p1a: Garganacl|75\/100|[from] Curse\n|-damage|p2a: Murkrow|72\/100|[from] Salt Cure\n|upkeep\n|turn|10\n|\n|t:|1701125806\n|switch|p2a: Tinkaton|Tinkaton, F|100\/100\n|-ability|p2a: Tinkaton|Mold Breaker\n|switch|p1a: Porygon-Z|Porygon-Z|100\/100\n|\n|upkeep\n|turn|11\n|\n|t:|1701125814\n|switch|p1a: Aegislash|Aegislash, M|100\/100\n|move|p2a: Tinkaton|Fake Out|p1a: Aegislash\n|-immune|p1a: Aegislash\n|\n|upkeep\n|turn|12\n|\n|t:|1701125821\n|move|p1a: Aegislash|King's Shield|p1a: Aegislash\n|-singleturn|p1a: Aegislash|Protect\n|move|p2a: Tinkaton|Thunder Wave|p1a: Aegislash\n|-status|p1a: Aegislash|par\n|\n|upkeep\n|turn|13\n|\n|t:|1701125833\n|move|p2a: Tinkaton|Gigaton Hammer|p1a: Aegislash\n|-resisted|p1a: Aegislash\n|-damage|p1a: Aegislash|71\/100 par\n|cant|p1a: Aegislash|par\n|\n|upkeep\n|turn|14\n|\n|t:|1701125839\n|move|p2a: Tinkaton|Play Rough|p1a: Aegislash\n|-resisted|p1a: Aegislash\n|-damage|p1a: Aegislash|53\/100 par\n|cant|p1a: Aegislash|par\n|\n|upkeep\n|turn|15\n|\n|t:|1701125844\n|move|p1a: Aegislash|King's Shield|p1a: Aegislash\n|-singleturn|p1a: Aegislash|Protect\n|move|p2a: Tinkaton|Gigaton Hammer|p1a: Aegislash\n|-activate|p1a: Aegislash|move: Protect\n|\n|upkeep\n|turn|16\n|\n|t:|1701125851\n|switch|p2a: Quagsire|Quagsire, M|100\/100\n|-formechange|p1a: Aegislash|Aegislash-Blade||[from] ability: Stance Change\n|move|p1a: Aegislash|Shadow Ball|p2a: Quagsire\n|-damage|p2a: Quagsire|31\/100\n|-unboost|p2a: Quagsire|spd|1\n|-enditem|p2a: Quagsire|Sitrus Berry|[eat]\n|-heal|p2a: Quagsire|56\/100|[from] item: Sitrus Berry\n|\n|upkeep\n|turn|17\n|\n|t:|1701125861\n|move|p1a: Aegislash|Shadow Ball|p2a: Quagsire\n|-damage|p2a: Quagsire|0 fnt\n|faint|p2a: Quagsire\n|\n|upkeep\n|\n|t:|1701125874\n|switch|p2a: Toxtricity|Toxtricity, F|100\/100\n|turn|18\n|\n|t:|1701125881\n|move|p2a: Toxtricity|Shift Gear|p2a: Toxtricity\n|-boost|p2a: Toxtricity|spe|2\n|-boost|p2a: Toxtricity|atk|1\n|move|p1a: Aegislash|Shadow Ball|p2a: Toxtricity\n|-damage|p2a: Toxtricity|22\/100\n|\n|upkeep\n|turn|19\n|\n|t:|1701125887\n|move|p1a: Aegislash|Shadow Sneak|p2a: Toxtricity\n|-damage|p2a: Toxtricity|0 fnt\n|faint|p2a: Toxtricity\n|\n|upkeep\n|\n|t:|1701125890\n|switch|p2a: Tinkaton|Tinkaton, F|100\/100\n|-ability|p2a: Tinkaton|Mold Breaker\n|turn|20\n|\n|t:|1701125893\n|cant|p1a: Aegislash|par\n|move|p2a: Tinkaton|Thunder Wave|p1a: Aegislash\n|-fail|p1a: Aegislash|par\n|\n|upkeep\n|turn|21\n|\n|t:|1701125898\n|move|p1a: Aegislash|Shadow Sneak|p2a: Tinkaton\n|-damage|p2a: Tinkaton|68\/100\n|move|p2a: Tinkaton|Gigaton Hammer|p1a: Aegislash\n|-resisted|p1a: Aegislash\n|-damage|p1a: Aegislash|0 fnt\n|faint|p1a: Aegislash\n|\n|-heal|p2a: Tinkaton|74\/100|[from] item: Leftovers\n|upkeep\n|\n|t:|1701125912\n|switch|p1a: Starmie|Starmie|100\/100\n|turn|22\n|\n|t:|1701125917\n|-terastallize|p1a: Starmie|Water\n|move|p1a: Starmie|Scald|p2a: Tinkaton\n|-damage|p2a: Tinkaton|38\/100\n|move|p2a: Tinkaton|Play Rough|p1a: Starmie\n|-damage|p1a: Starmie|62\/100\n|\n|-heal|p2a: Tinkaton|45\/100|[from] item: Leftovers\n|upkeep\n|turn|23\n|\n|t:|1701125925\n|move|p1a: Starmie|Scald|p2a: Tinkaton\n|-damage|p2a: Tinkaton|7\/100\n|-status|p2a: Tinkaton|brn\n|move|p2a: Tinkaton|Gigaton Hammer|p1a: Starmie\n|-resisted|p1a: Starmie\n|-damage|p1a: Starmie|45\/100\n|\n|-heal|p2a: Tinkaton|13\/100 brn|[from] item: Leftovers\n|-damage|p2a: Tinkaton|7\/100 brn|[from] brn\n|upkeep\n|turn|24\n|\n|t:|1701125932\n|move|p1a: Starmie|Recover|p1a: Starmie\n|-heal|p1a: Starmie|95\/100\n|move|p2a: Tinkaton|Thunder Wave|p1a: Starmie\n|-status|p1a: Starmie|par\n|\n|-heal|p2a: Tinkaton|13\/100 brn|[from] item: Leftovers\n|-damage|p2a: Tinkaton|7\/100 brn|[from] brn\n|upkeep\n|turn|25\n|\n|t:|1701125940\n|move|p2a: Tinkaton|Gigaton Hammer|p1a: Starmie\n|-resisted|p1a: Starmie\n|-damage|p1a: Starmie|78\/100 par\n|move|p1a: Starmie|Rapid Spin|p2a: Tinkaton\n|-resisted|p2a: Tinkaton\n|-damage|p2a: Tinkaton|1\/100 brn\n|-boost|p1a: Starmie|spe|1\n|\n|-heal|p2a: Tinkaton|7\/100 brn|[from] item: Leftovers\n|-damage|p2a: Tinkaton|1\/100 brn|[from] brn\n|upkeep\n|turn|26\n|\n|t:|1701125944\n|move|p2a: Tinkaton|Play Rough|p1a: Starmie|[miss]\n|-miss|p2a: Tinkaton|p1a: Starmie\n|move|p1a: Starmie|Scald|p2a: Tinkaton\n|-damage|p2a: Tinkaton|0 fnt\n|faint|p2a: Tinkaton\n|\n|upkeep\n|\n|t:|1701125947\n|switch|p2a: Murkrow|Murkrow, M, tera:Ghost|72\/100\n|turn|27\n|\n|t:|1701125952\n|move|p2a: Murkrow|Curse|p1a: Starmie\n|-start|p1a: Starmie|Curse|[of] p2a: Murkrow\n|-damage|p2a: Murkrow|22\/100\n|move|p1a: Starmie|Toxic|p2a: Murkrow\n|-status|p2a: Murkrow|tox\n|\n|-damage|p2a: Murkrow|16\/100 tox|[from] psn\n|-damage|p1a: Starmie|53\/100 par|[from] Curse\n|upkeep\n|turn|28\n|\n|t:|1701125955\n|move|p2a: Murkrow|Roost|p2a: Murkrow\n|-heal|p2a: Murkrow|66\/100 tox\n|cant|p1a: Starmie|par\n|\n|-damage|p2a: Murkrow|53\/100 tox|[from] psn\n|-damage|p1a: Starmie|28\/100 par|[from] Curse\n|upkeep\n|turn|29\n|\n|t:|1701125960\n|move|p1a: Starmie|Recover|p1a: Starmie\n|-heal|p1a: Starmie|78\/100 par\n|move|p2a: Murkrow|Foul Play|p1a: Starmie\n|-crit|p1a: Starmie\n|-damage|p1a: Starmie|34\/100 par\n|\n|-damage|p2a: Murkrow|35\/100 tox|[from] psn\n|-damage|p1a: Starmie|9\/100 par|[from] Curse\n|upkeep\n|turn|30\n|\n|t:|1701125969\n|move|p2a: Murkrow|Roost|p2a: Murkrow\n|-heal|p2a: Murkrow|85\/100 tox\n|cant|p1a: Starmie|par\n|\n|-damage|p2a: Murkrow|60\/100 tox|[from] psn\n|-damage|p1a: Starmie|0 fnt|[from] Curse\n|faint|p1a: Starmie\n|upkeep\n|\n|t:|1701125973\n|switch|p1a: Porygon-Z|Porygon-Z|100\/100\n|turn|31\n|\n|t:|1701125978\n|move|p2a: Murkrow|Curse|p1a: Porygon-Z\n|-start|p1a: Porygon-Z|Curse|[of] p2a: Murkrow\n|-damage|p2a: Murkrow|10\/100 tox\n|move|p1a: Porygon-Z|Nasty Plot|p1a: Porygon-Z\n|-boost|p1a: Porygon-Z|spa|2\n|\n|-damage|p2a: Murkrow|0 fnt|[from] psn\n|faint|p2a: Murkrow\n|\n|win|Toutac\n|upkeep\n|raw|Toutac's rating: 1253 &rarr; <strong>1276<\/strong><br \/>(+23 for winning)\n|raw|Techwiz_101's rating: 1227 &rarr; <strong>1204<\/strong><br \/>(-23 for losing)\n|l|\u2606Toutac\n|c|\u2606Techwiz_101|gg\n","uploadtime":1701125992,"views":8,"p1id":"toutac","p2id":"techwiz101","formatid":"gen9nationaldex","rating":1204,"private":0,"password":""}