{"id":"gen9nationaldex-1990593593","p1":"NormalU?","p2":"Normale User","format":"[Gen 9] National Dex","log":"|j|\u2606NormalU?\n|j|\u2606Normale User\n|t:|1699984174\n|gametype|singles\n|player|p1|NormalU?|courtney|\n|player|p2|Normale User|266|\n|teamsize|p1|6\n|teamsize|p2|6\n|gen|9\n|tier|[Gen 9] National Dex\n|rule|HP Percentage Mod: HP is shown in percentages\n|rule|Endless Battle Clause: Forcing endless battles is banned\n|rule|OHKO Clause: OHKO moves are banned\n|rule|Evasion Clause: Evasion abilities, items, and moves are banned\n|rule|Evasion Abilities Clause: Evasion abilities are banned\n|rule|Evasion Items Clause: Evasion items are banned\n|rule|Evasion Moves Clause: Evasion moves are banned\n|rule|Species Clause: Limit one of each Pok\u00e9mon\n|rule|Sleep Clause Mod: Limit one foe put to sleep\n|clearpoke\n|poke|p1|Kyurem|\n|poke|p1|Tentacruel, M|\n|poke|p1|Absol, F|\n|poke|p1|Slowking, M|\n|poke|p1|Zeraora|\n|poke|p1|Urshifu-*, M|\n|poke|p2|Ferrothorn, M|\n|poke|p2|Garganacl, M|\n|poke|p2|Alomomola, M|\n|poke|p2|Great Tusk|\n|poke|p2|Toxapex, M|\n|poke|p2|Gliscor, M|\n|teampreview\n|inactive|Battle timer is ON: inactive players will automatically lose when time's up. (requested by NormalU?)\n|l|\u2606Normale User\n|inactive|Normale User disconnected and has 300 seconds to reconnect!\n|player|p2|\n|inactive|NormalU? has 270 seconds left.\n|j|\u2606Normale User\n|inactive|Normale User reconnected and has 275 seconds left.\n|player|p2|Normale User|266\n|inactive|Normale User has 270 seconds left.\n|\n|t:|1699984220\n|start\n|switch|p1a: Evil|Tentacruel, M|100\/100\n|switch|p2a: Alomomola|Alomomola, M|100\/100\n|turn|1\n|\n|t:|1699984230\n|move|p1a: Evil|Swords Dance|p1a: Evil\n|-boost|p1a: Evil|atk|2\n|move|p2a: Alomomola|Wish|p2a: Alomomola\n|\n|upkeep\n|turn|2\n|\n|t:|1699984240\n|move|p1a: Evil|Swords Dance|p1a: Evil\n|-boost|p1a: Evil|atk|2\n|move|p2a: Alomomola|Flip Turn|p1a: Evil\n|-resisted|p1a: Evil\n|-damage|p1a: Evil|87\/100\n|\n|t:|1699984248\n|switch|p2a: Great Tusk|Great Tusk|100\/100|[from] Flip Turn\n|\n|-heal|p1a: Evil|93\/100|[from] item: Leftovers\n|upkeep\n|turn|3\n|\n|t:|1699984257\n|move|p1a: Evil|Swords Dance|p1a: Evil\n|-boost|p1a: Evil|atk|2\n|move|p2a: Great Tusk|Stealth Rock|p1a: Evil\n|-sidestart|p1: NormalU?|move: Stealth Rock\n|\n|-heal|p1a: Evil|99\/100|[from] item: Leftovers\n|upkeep\n|turn|4\n|\n|t:|1699984276\n|-terastallize|p1a: Evil|Dark\n|move|p1a: Evil|Rapid Spin|p2a: Great Tusk\n|-damage|p2a: Great Tusk|75\/100\n|-boost|p1a: Evil|spe|1\n|-sideend|p1: NormalU?|Stealth Rock|[from] move: Rapid Spin|[of] p1a: Evil\n|move|p2a: Great Tusk|Headlong Rush|p1a: Evil\n|-damage|p1a: Evil|19\/100\n|-unboost|p2a: Great Tusk|def|1\n|-unboost|p2a: Great Tusk|spd|1\n|\n|-heal|p1a: Evil|25\/100|[from] item: Leftovers\n|upkeep\n|turn|5\n|inactive|Normale User has 270 seconds left.\n|inactiveoff|Battle timer is now OFF.\n|inactive|Battle timer is ON: inactive players will automatically lose when time's up. (requested by NormalU?)\n|inactive|Normale User has 270 seconds left.\n|\n|t:|1699984359\n|move|p1a: Evil|Waterfall|p2a: Great Tusk\n|-supereffective|p2a: Great Tusk\n|-damage|p2a: Great Tusk|0 fnt\n|faint|p2a: Great Tusk\n|-end|p2a: Great Tusk|Protosynthesis|[silent]\n|\n|-heal|p1a: Evil|31\/100|[from] item: Leftovers\n|upkeep\n|inactive|Normale User has 270 seconds left.\n|inactive|Normale User has 240 seconds left.\n|\n|t:|1699984397\n|switch|p2a: Toxapex|Toxapex, M|100\/100\n|turn|6\n|inactive|Normale User has 240 seconds left.\n|\n|t:|1699984416\n|move|p1a: Evil|Knock Off|p2a: Toxapex\n|-damage|p2a: Toxapex|7\/100\n|-enditem|p2a: Toxapex|Leftovers|[from] move: Knock Off|[of] p1a: Evil\n|move|p2a: Toxapex|Scald|p1a: Evil\n|-damage|p1a: Evil|16\/100\n|\n|-heal|p1a: Evil|22\/100|[from] item: Leftovers\n|upkeep\n|turn|7\n|inactive|Normale User has 240 seconds left.\n|\n|t:|1699984426\n|move|p1a: Evil|Rapid Spin|p2a: Toxapex\n|-damage|p2a: Toxapex|0 fnt\n|-boost|p1a: Evil|spe|1\n|faint|p2a: Toxapex\n|\n|-heal|p1a: Evil|28\/100|[from] item: Leftovers\n|upkeep\n|\n|t:|1699984430\n|switch|p2a: Gliscor|Gliscor, M|100\/100\n|turn|8\n|\n|t:|1699984445\n|move|p1a: Evil|Waterfall|p2a: Gliscor\n|-supereffective|p2a: Gliscor\n|-damage|p2a: Gliscor|0 fnt\n|faint|p2a: Gliscor\n|\n|-heal|p1a: Evil|34\/100|[from] item: Leftovers\n|upkeep\n|\n|t:|1699984453\n|switch|p2a: Alomomola|Alomomola, M|100\/100\n|turn|9\n|\n|t:|1699984466\n|-terastallize|p2a: Alomomola|Steel\n|move|p1a: Evil|Knock Off|p2a: Alomomola\n|-damage|p2a: Alomomola|28\/100\n|-enditem|p2a: Alomomola|Leftovers|[from] move: Knock Off|[of] p1a: Evil\n|move|p2a: Alomomola|Wish|p2a: Alomomola\n|\n|-heal|p1a: Evil|40\/100|[from] item: Leftovers\n|upkeep\n|turn|10\n|\n|t:|1699984482\n|move|p2a: Alomomola|Aqua Jet|p1a: Evil\n|-damage|p1a: Evil|23\/100\n|move|p1a: Evil|Waterfall|p2a: Alomomola\n|-damage|p2a: Alomomola|0 fnt\n|faint|p2a: Alomomola\n|\n|-heal|p1a: Evil|29\/100|[from] item: Leftovers\n|upkeep\n|\n|t:|1699984491\n|switch|p2a: Ferrothorn|Ferrothorn, M|100\/100\n|turn|11\n|\n|t:|1699984498\n|move|p1a: Evil|Knock Off|p2a: Ferrothorn\n|-crit|p2a: Ferrothorn\n|-damage|p2a: Ferrothorn|0 fnt\n|-damage|p1a: Evil|16\/100|[from] ability: Iron Barbs|[of] p2a: Ferrothorn\n|-enditem|p2a: Ferrothorn|Leftovers|[from] move: Knock Off|[of] p1a: Evil\n|faint|p2a: Ferrothorn\n|\n|-heal|p1a: Evil|22\/100|[from] item: Leftovers\n|upkeep\n|\n|t:|1699984507\n|switch|p2a: Garganacl|Garganacl, M|100\/100\n|turn|12\n|inactive|Normale User has 270 seconds left.\n|\n|t:|1699984519\n|move|p1a: Evil|Waterfall|p2a: Garganacl\n|-supereffective|p2a: Garganacl\n|-damage|p2a: Garganacl|0 fnt\n|faint|p2a: Garganacl\n|\n|win|NormalU?\n","uploadtime":1699985506,"views":6,"p1id":"normalu","p2id":"normaleuser","formatid":"gen9nationaldex","rating":0,"private":0,"password":""}