{"id":"gen9nationaldex-1991733129","p1":"larsonshark","p2":"just watch jojo","format":"[Gen 9] National Dex","log":"|j|\u2606larsonshark\n|j|\u2606just watch jojo\n|t:|1700108405\n|gametype|singles\n|player|p1|larsonshark|caitlin|1507\n|player|p2|just watch jojo|170|1751\n|teamsize|p1|6\n|teamsize|p2|6\n|gen|9\n|tier|[Gen 9] National Dex\n|rated|\n|rule|HP Percentage Mod: HP is shown in percentages\n|rule|Endless Battle Clause: Forcing endless battles is banned\n|rule|OHKO Clause: OHKO moves are banned\n|rule|Evasion Clause: Evasion abilities, items, and moves are banned\n|rule|Evasion Abilities Clause: Evasion abilities are banned\n|rule|Evasion Items Clause: Evasion items are banned\n|rule|Evasion Moves Clause: Evasion moves are banned\n|rule|Species Clause: Limit one of each Pok\u00e9mon\n|rule|Sleep Clause Mod: Limit one foe put to sleep\n|clearpoke\n|poke|p1|Venusaur, M|\n|poke|p1|Heliolisk, F|\n|poke|p1|Torkoal, M|\n|poke|p1|Moltres|\n|poke|p1|Gliscor, F|\n|poke|p1|Charizard, F|\n|poke|p2|Urshifu-*, M|\n|poke|p2|Mawile, M|\n|poke|p2|Zapdos|\n|poke|p2|Slowking-Galar, F|\n|poke|p2|Ting-Lu|\n|poke|p2|Tapu Lele|\n|teampreview\n|inactive|Battle timer is ON: inactive players will automatically lose when time's up. (requested by larsonshark)\n|c|\u2606larsonshark|praise the sun\n|\n|t:|1700108418\n|start\n|switch|p1a: Moltres|Moltres|100\/100\n|switch|p2a: Tapu Lele|Tapu Lele|100\/100\n|-fieldstart|move: Psychic Terrain|[from] ability: Psychic Surge|[of] p2a: Tapu Lele\n|turn|1\n|\n|t:|1700108427\n|-zpower|p2a: Tapu Lele\n|move|p2a: Tapu Lele|Shattered Psyche|p1a: Moltres|[zeffect]\n|-damage|p1a: Moltres|0 fnt\n|faint|p1a: Moltres\n|\n|upkeep\n|\n|t:|1700108431\n|switch|p1a: Torkoal|Torkoal, M|100\/100\n|-weather|SunnyDay|[from] ability: Drought|[of] p1a: Torkoal\n|turn|2\n|\n|t:|1700108451\n|switch|p1a: Venusaur|Venusaur, M|100\/100\n|move|p2a: Tapu Lele|Psychic|p1a: Venusaur\n|-supereffective|p1a: Venusaur\n|-damage|p1a: Venusaur|0 fnt\n|faint|p1a: Venusaur\n|\n|-weather|SunnyDay|[upkeep]\n|upkeep\n|\n|t:|1700108455\n|switch|p1a: Charizard|Charizard, F|100\/100\n|turn|3\n|\n|t:|1700108469\n|switch|p2a: Slowking|Slowking-Galar, F|100\/100\n|detailschange|p1a: Charizard|Charizard-Mega-X, F\n|-mega|p1a: Charizard|Charizard|Charizardite X\n|move|p1a: Charizard|Dragon Dance|p1a: Charizard\n|-boost|p1a: Charizard|atk|1\n|-boost|p1a: Charizard|spe|1\n|\n|-weather|SunnyDay|[upkeep]\n|upkeep\n|turn|4\n|\n|t:|1700108476\n|move|p1a: Charizard|Dragon Dance|p1a: Charizard\n|-boost|p1a: Charizard|atk|1\n|-boost|p1a: Charizard|spe|1\n|move|p2a: Slowking|Thunder Wave|p1a: Charizard|[miss]\n|-miss|p2a: Slowking|p1a: Charizard\n|\n|-weather|SunnyDay|[upkeep]\n|upkeep\n|turn|5\n|\n|t:|1700108483\n|move|p1a: Charizard|Earthquake|p2a: Slowking\n|-supereffective|p2a: Slowking\n|-damage|p2a: Slowking|0 fnt\n|faint|p2a: Slowking\n|\n|-weather|SunnyDay|[upkeep]\n|-fieldend|move: Psychic Terrain\n|upkeep\n|\n|t:|1700108494\n|switch|p2a: Ting-Lu|Ting-Lu|100\/100\n|-ability|p2a: Ting-Lu|Vessel of Ruin\n|turn|6\n|\n|t:|1700108506\n|-terastallize|p2a: Ting-Lu|Water\n|move|p1a: Charizard|Blaze Kick|p2a: Ting-Lu\n|-resisted|p2a: Ting-Lu\n|-damage|p2a: Ting-Lu|55\/100\n|move|p2a: Ting-Lu|Whirlwind|p1a: Charizard\n|drag|p1a: Torkoal|Torkoal, M|100\/100\n|\n|-weather|SunnyDay|[upkeep]\n|-heal|p2a: Ting-Lu|61\/100|[from] item: Leftovers\n|upkeep\n|turn|7\n|\n|t:|1700108516\n|switch|p1a: literally on fire|Heliolisk, F|100\/100\n|move|p2a: Ting-Lu|Stealth Rock|p1a: literally on fire\n|-sidestart|p1: larsonshark|move: Stealth Rock\n|\n|-weather|SunnyDay|[upkeep]\n|-damage|p1a: literally on fire|88\/100|[from] ability: Solar Power|[of] p1a: literally on fire\n|-heal|p2a: Ting-Lu|67\/100|[from] item: Leftovers\n|upkeep\n|turn|8\n|\n|t:|1700108521\n|switch|p2a: Zapdos|Zapdos|100\/100\n|move|p1a: literally on fire|Discharge|p2a: Zapdos\n|-damage|p2a: Zapdos|25\/100\n|-damage|p1a: literally on fire|78\/100|[from] item: Life Orb\n|\n|-weather|SunnyDay|[upkeep]\n|-damage|p1a: literally on fire|66\/100|[from] ability: Solar Power|[of] p1a: literally on fire\n|upkeep\n|turn|9\n|\n|t:|1700108528\n|move|p1a: literally on fire|Discharge|p2a: Zapdos\n|-damage|p2a: Zapdos|0 fnt\n|faint|p2a: Zapdos\n|-damage|p1a: literally on fire|56\/100|[from] item: Life Orb\n|\n|-weather|none\n|upkeep\n|\n|t:|1700108538\n|switch|p2a: Urshifu|Urshifu-Rapid-Strike, M|100\/100\n|turn|10\n|\n|t:|1700108542\n|switch|p1a: Torkoal|Torkoal, M|100\/100\n|-damage|p1a: Torkoal|76\/100|[from] Stealth Rock\n|-weather|SunnyDay|[from] ability: Drought|[of] p1a: Torkoal\n|move|p2a: Urshifu|Close Combat|p1a: Torkoal\n|-damage|p1a: Torkoal|39\/100\n|-unboost|p2a: Urshifu|def|1\n|-unboost|p2a: Urshifu|spd|1\n|\n|-weather|SunnyDay|[upkeep]\n|upkeep\n|turn|11\n|\n|t:|1700108546\n|move|p2a: Urshifu|Close Combat|p1a: Torkoal\n|-damage|p1a: Torkoal|2\/100\n|-unboost|p2a: Urshifu|def|1\n|-unboost|p2a: Urshifu|spd|1\n|move|p1a: Torkoal|Lava Plume|p2a: Urshifu\n|-resisted|p2a: Urshifu\n|-damage|p2a: Urshifu|38\/100\n|\n|-weather|SunnyDay|[upkeep]\n|upkeep\n|turn|12\n|\n|t:|1700108550\n|move|p2a: Urshifu|Close Combat|p1a: Torkoal\n|-damage|p1a: Torkoal|0 fnt\n|-unboost|p2a: Urshifu|def|1\n|-unboost|p2a: Urshifu|spd|1\n|faint|p1a: Torkoal\n|\n|-weather|SunnyDay|[upkeep]\n|upkeep\n|\n|t:|1700108552\n|switch|p1a: Gliscor|Gliscor, F|100\/100\n|-damage|p1a: Gliscor|88\/100|[from] Stealth Rock\n|turn|13\n|\n|t:|1700108558\n|switch|p2a: Ting-Lu|Ting-Lu, tera:Water|67\/100\n|-ability|p2a: Ting-Lu|Vessel of Ruin\n|move|p1a: Gliscor|Toxic|p2a: Ting-Lu\n|-status|p2a: Ting-Lu|tox\n|\n|-weather|SunnyDay|[upkeep]\n|-heal|p2a: Ting-Lu|73\/100 tox|[from] item: Leftovers\n|-damage|p2a: Ting-Lu|67\/100 tox|[from] psn\n|-status|p1a: Gliscor|tox|[from] item: Toxic Orb\n|upkeep\n|turn|14\n|\n|t:|1700108564\n|switch|p2a: Tapu Lele|Tapu Lele|100\/100\n|-fieldstart|move: Psychic Terrain|[from] ability: Psychic Surge|[of] p2a: Tapu Lele\n|move|p1a: Gliscor|Substitute|p1a: Gliscor\n|-start|p1a: Gliscor|Substitute\n|-damage|p1a: Gliscor|63\/100 tox\n|\n|-weather|SunnyDay|[upkeep]\n|-heal|p1a: Gliscor|76\/100 tox|[from] ability: Poison Heal\n|upkeep\n|turn|15\n|\n|t:|1700108567\n|move|p2a: Tapu Lele|Psychic|p1a: Gliscor\n|-end|p1a: Gliscor|Substitute\n|move|p1a: Gliscor|Toxic|p2a: Tapu Lele\n|-status|p2a: Tapu Lele|tox\n|\n|-weather|SunnyDay|[upkeep]\n|-damage|p2a: Tapu Lele|94\/100 tox|[from] psn\n|-heal|p1a: Gliscor|88\/100 tox|[from] ability: Poison Heal\n|upkeep\n|turn|16\n|\n|t:|1700108571\n|move|p1a: Gliscor|Protect|p1a: Gliscor\n|-singleturn|p1a: Gliscor|Protect\n|move|p2a: Tapu Lele|Psychic|p1a: Gliscor\n|-activate|p1a: Gliscor|move: Protect\n|\n|-weather|SunnyDay|[upkeep]\n|-damage|p2a: Tapu Lele|82\/100 tox|[from] psn\n|-heal|p1a: Gliscor|100\/100 tox|[from] ability: Poison Heal\n|upkeep\n|turn|17\n|\n|t:|1700108578\n|move|p2a: Tapu Lele|Psychic|p1a: Gliscor\n|-damage|p1a: Gliscor|47\/100 tox\n|-unboost|p1a: Gliscor|spd|1\n|move|p1a: Gliscor|Substitute|p1a: Gliscor\n|-start|p1a: Gliscor|Substitute\n|-damage|p1a: Gliscor|22\/100 tox\n|\n|-weather|none\n|-damage|p2a: Tapu Lele|64\/100 tox|[from] psn\n|-heal|p1a: Gliscor|34\/100 tox|[from] ability: Poison Heal\n|upkeep\n|turn|18\n|\n|t:|1700108584\n|move|p2a: Tapu Lele|Psychic|p1a: Gliscor\n|-crit|p1a: Gliscor\n|-end|p1a: Gliscor|Substitute\n|move|p1a: Gliscor|Toxic|p2a: Tapu Lele\n|-fail|p2a: Tapu Lele|tox\n|\n|-damage|p2a: Tapu Lele|40\/100 tox|[from] psn\n|-heal|p1a: Gliscor|47\/100 tox|[from] ability: Poison Heal\n|-fieldend|move: Psychic Terrain\n|upkeep\n|turn|19\n|\n|t:|1700108587\n|move|p1a: Gliscor|Protect|p1a: Gliscor\n|-singleturn|p1a: Gliscor|Protect\n|move|p2a: Tapu Lele|Psychic|p1a: Gliscor\n|-activate|p1a: Gliscor|move: Protect\n|\n|-damage|p2a: Tapu Lele|10\/100 tox|[from] psn\n|-heal|p1a: Gliscor|59\/100 tox|[from] ability: Poison Heal\n|upkeep\n|turn|20\n|\n|t:|1700108592\n|switch|p1a: literally on fire|Heliolisk, F|56\/100\n|-damage|p1a: literally on fire|44\/100|[from] Stealth Rock\n|move|p2a: Tapu Lele|Psychic|p1a: literally on fire\n|-damage|p1a: literally on fire|0 fnt\n|faint|p1a: literally on fire\n|\n|-damage|p2a: Tapu Lele|0 fnt|[from] psn\n|faint|p2a: Tapu Lele\n|upkeep\n|\n|t:|1700108599\n|switch|p1a: Gliscor|Gliscor, F|59\/100 tox\n|switch|p2a: Urshifu|Urshifu-Rapid-Strike, M|38\/100\n|-damage|p1a: Gliscor|47\/100 tox|[from] Stealth Rock\n|turn|21\n|\n|t:|1700108604\n|-terastallize|p1a: Gliscor|Water\n|move|p2a: Urshifu|Surging Strikes|p1a: Gliscor\n|-resisted|p1a: Gliscor\n|-crit|p1a: Gliscor\n|-damage|p1a: Gliscor|40\/100 tox\n|-resisted|p1a: Gliscor\n|-crit|p1a: Gliscor\n|-damage|p1a: Gliscor|34\/100 tox\n|-resisted|p1a: Gliscor\n|-crit|p1a: Gliscor\n|-damage|p1a: Gliscor|27\/100 tox\n|-hitcount|p1a: Gliscor|3\n|move|p1a: Gliscor|Toxic|p2a: Urshifu\n|-status|p2a: Urshifu|tox\n|\n|-damage|p2a: Urshifu|32\/100 tox|[from] psn\n|-heal|p1a: Gliscor|39\/100 tox|[from] ability: Poison Heal\n|upkeep\n|turn|22\n|\n|t:|1700108609\n|switch|p2a: Mawile|Mawile, M|100\/100\n|-ability|p2a: Mawile|Intimidate|boost\n|-unboost|p1a: Gliscor|atk|1\n|move|p1a: Gliscor|Substitute|p1a: Gliscor\n|-start|p1a: Gliscor|Substitute\n|-damage|p1a: Gliscor|14\/100 tox\n|\n|-heal|p1a: Gliscor|27\/100 tox|[from] ability: Poison Heal\n|upkeep\n|turn|23\n|\n|t:|1700108614\n|detailschange|p2a: Mawile|Mawile-Mega, M\n|-mega|p2a: Mawile|Mawile|Mawilite\n|move|p1a: Gliscor|Earthquake|p2a: Mawile\n|-supereffective|p2a: Mawile\n|-damage|p2a: Mawile|50\/100\n|move|p2a: Mawile|Thunder Punch|p1a: Gliscor\n|-supereffective|p1a: Gliscor\n|-end|p1a: Gliscor|Substitute\n|\n|-heal|p1a: Gliscor|39\/100 tox|[from] ability: Poison Heal\n|upkeep\n|turn|24\n|\n|t:|1700108621\n|move|p1a: Gliscor|Protect|p1a: Gliscor\n|-singleturn|p1a: Gliscor|Protect\n|move|p2a: Mawile|Thunder Punch|p1a: Gliscor\n|-activate|p1a: Gliscor|move: Protect\n|\n|-heal|p1a: Gliscor|52\/100 tox|[from] ability: Poison Heal\n|upkeep\n|turn|25\n|\n|t:|1700108629\n|move|p1a: Gliscor|Earthquake|p2a: Mawile\n|-supereffective|p2a: Mawile\n|-damage|p2a: Mawile|0 fnt\n|faint|p2a: Mawile\n|\n|-heal|p1a: Gliscor|64\/100 tox|[from] ability: Poison Heal\n|upkeep\n|\n|t:|1700108634\n|switch|p2a: Urshifu|Urshifu-Rapid-Strike, M|32\/100 tox\n|turn|26\n|\n|t:|1700108642\n|switch|p1a: Charizard|Charizard-Mega-X, F|100\/100\n|-damage|p1a: Charizard|76\/100|[from] Stealth Rock\n|move|p2a: Urshifu|Close Combat|p1a: Charizard\n|-damage|p1a: Charizard|6\/100\n|-unboost|p2a: Urshifu|def|1\n|-unboost|p2a: Urshifu|spd|1\n|\n|-damage|p2a: Urshifu|25\/100 tox|[from] psn\n|upkeep\n|turn|27\n|\n|t:|1700108646\n|move|p2a: Urshifu|Close Combat|p1a: Charizard\n|-damage|p1a: Charizard|0 fnt\n|-unboost|p2a: Urshifu|def|1\n|-unboost|p2a: Urshifu|spd|1\n|faint|p1a: Charizard\n|\n|-damage|p2a: Urshifu|13\/100 tox|[from] psn\n|upkeep\n|\n|t:|1700108649\n|switch|p1a: Gliscor|Gliscor, F, tera:Water|64\/100 tox\n|-damage|p1a: Gliscor|52\/100 tox|[from] Stealth Rock\n|turn|28\n|\n|t:|1700108657\n|move|p2a: Urshifu|Close Combat|p1a: Gliscor\n|-damage|p1a: Gliscor|8\/100 tox\n|-unboost|p2a: Urshifu|def|1\n|-unboost|p2a: Urshifu|spd|1\n|move|p1a: Gliscor|Earthquake|p2a: Urshifu\n|-damage|p2a: Urshifu|0 fnt\n|faint|p2a: Urshifu\n|\n|-heal|p1a: Gliscor|20\/100 tox|[from] ability: Poison Heal\n|upkeep\n|\n|t:|1700108659\n|switch|p2a: Ting-Lu|Ting-Lu, tera:Water|67\/100 tox\n|-ability|p2a: Ting-Lu|Vessel of Ruin\n|turn|29\n|\n|t:|1700108662\n|move|p1a: Gliscor|Protect|p1a: Gliscor\n|-singleturn|p1a: Gliscor|Protect\n|move|p2a: Ting-Lu|Earthquake|p1a: Gliscor\n|-activate|p1a: Gliscor|move: Protect\n|\n|-heal|p2a: Ting-Lu|73\/100 tox|[from] item: Leftovers\n|-heal|p1a: Gliscor|32\/100 tox|[from] ability: Poison Heal\n|-damage|p2a: Ting-Lu|67\/100 tox|[from] psn\n|upkeep\n|turn|30\n|\n|t:|1700108666\n|move|p1a: Gliscor|Substitute|p1a: Gliscor\n|-start|p1a: Gliscor|Substitute\n|-damage|p1a: Gliscor|8\/100 tox\n|move|p2a: Ting-Lu|Earthquake|p1a: Gliscor\n|-end|p1a: Gliscor|Substitute\n|\n|-heal|p2a: Ting-Lu|73\/100 tox|[from] item: Leftovers\n|-heal|p1a: Gliscor|20\/100 tox|[from] ability: Poison Heal\n|-damage|p2a: Ting-Lu|61\/100 tox|[from] psn\n|upkeep\n|turn|31\n|\n|t:|1700108671\n|move|p1a: Gliscor|Protect|p1a: Gliscor\n|-singleturn|p1a: Gliscor|Protect\n|move|p2a: Ting-Lu|Earthquake|p1a: Gliscor\n|-activate|p1a: Gliscor|move: Protect\n|\n|-heal|p2a: Ting-Lu|67\/100 tox|[from] item: Leftovers\n|-heal|p1a: Gliscor|32\/100 tox|[from] ability: Poison Heal\n|-damage|p2a: Ting-Lu|48\/100 tox|[from] psn\n|upkeep\n|turn|32\n|\n|t:|1700108679\n|move|p1a: Gliscor|Substitute|p1a: Gliscor\n|-start|p1a: Gliscor|Substitute\n|-damage|p1a: Gliscor|8\/100 tox\n|move|p2a: Ting-Lu|Earthquake|p1a: Gliscor\n|-end|p1a: Gliscor|Substitute\n|\n|-heal|p2a: Ting-Lu|55\/100 tox|[from] item: Leftovers\n|-heal|p1a: Gliscor|20\/100 tox|[from] ability: Poison Heal\n|-damage|p2a: Ting-Lu|30\/100 tox|[from] psn\n|upkeep\n|turn|33\n|\n|t:|1700108697\n|move|p1a: Gliscor|Protect|p1a: Gliscor\n|-singleturn|p1a: Gliscor|Protect\n|move|p2a: Ting-Lu|Earthquake|p1a: Gliscor\n|-activate|p1a: Gliscor|move: Protect\n|\n|-heal|p2a: Ting-Lu|36\/100 tox|[from] item: Leftovers\n|-heal|p1a: Gliscor|32\/100 tox|[from] ability: Poison Heal\n|-damage|p2a: Ting-Lu|5\/100 tox|[from] psn\n|upkeep\n|turn|34\n|-message|just watch jojo forfeited.\n|\n|win|larsonshark\n|raw|larsonshark's rating: 1507 &rarr; <strong>1539<\/strong><br \/>(+32 for winning)\n|raw|just watch jojo's rating: 1751 &rarr; <strong>1719<\/strong><br \/>(-32 for losing)\n|l|\u2606just watch jojo\n","uploadtime":1700108836,"views":9,"p1id":"larsonshark","p2id":"justwatchjojo","formatid":"gen9nationaldex","rating":1539,"private":0,"password":""}