{"id":"gen9nationaldex-1997481827","p1":"SupaSeimen","p2":"NDSNEZgoinginsane","format":"[Gen 9] National Dex","log":"|html|<div class=\"broadcast-blue\"><strong>[Gen 9] National Dex is currently suspecting Sneasler! For information on how to participate check out the <a href=\"https:\/\/www.smogon.com\/forums\/threads\/sv-national-dex-suspect-8-just-dance.3731534\/\">suspect thread<\/a>.<\/strong><\/div>\n|j|\u2606SupaSeimen\n|j|\u2606NDSNEZgoinginsane\n|t:|1700813016\n|gametype|singles\n|player|p1|SupaSeimen|palmer|1474\n|player|p2|NDSNEZgoinginsane|steven-masters|1599\n|teamsize|p1|6\n|teamsize|p2|6\n|gen|9\n|tier|[Gen 9] National Dex\n|rated|\n|rule|HP Percentage Mod: HP is shown in percentages\n|rule|Endless Battle Clause: Forcing endless battles is banned\n|rule|OHKO Clause: OHKO moves are banned\n|rule|Evasion Clause: Evasion abilities, items, and moves are banned\n|rule|Evasion Abilities Clause: Evasion abilities are banned\n|rule|Evasion Items Clause: Evasion items are banned\n|rule|Evasion Moves Clause: Evasion moves are banned\n|rule|Species Clause: Limit one of each Pok\u00e9mon\n|rule|Sleep Clause Mod: Limit one foe put to sleep\n|clearpoke\n|poke|p1|Meowscarada, M|\n|poke|p1|Toxapex, F|\n|poke|p1|Ferrothorn, M|\n|poke|p1|Gliscor, M|\n|poke|p1|Thundurus-Therian, M|\n|poke|p1|Volcarona, F|\n|poke|p2|Garganacl, F|\n|poke|p2|Ogerpon-Wellspring, F|\n|poke|p2|Iron Valiant|\n|poke|p2|Scizor, F|\n|poke|p2|Garchomp, M|\n|poke|p2|Zapdos|\n|teampreview\n|inactive|Battle timer is ON: inactive players will automatically lose when time's up. (requested by SupaSeimen)\n|inactive|NDSNEZgoinginsane has 120 seconds left.\n|\n|t:|1700813066\n|start\n|switch|p1a: Toxapex|Toxapex, F|100\/100\n|switch|p2a: Garchomp|Garchomp, M, shiny|100\/100\n|turn|1\n|\n|t:|1700813073\n|move|p2a: Garchomp|Stealth Rock|p1a: Toxapex\n|-sidestart|p1: SupaSeimen|move: Stealth Rock\n|move|p1a: Toxapex|Toxic|p2a: Garchomp\n|-status|p2a: Garchomp|tox\n|\n|-damage|p2a: Garchomp|94\/100 tox|[from] psn\n|upkeep\n|turn|2\n|\n|t:|1700813081\n|move|p1a: Toxapex|Baneful Bunker|p1a: Toxapex\n|-singleturn|p1a: Toxapex|move: Protect\n|move|p2a: Garchomp|Draco Meteor|p1a: Toxapex\n|-activate|p1a: Toxapex|move: Protect\n|\n|-damage|p2a: Garchomp|82\/100 tox|[from] psn\n|upkeep\n|turn|3\n|\n|t:|1700813091\n|move|p2a: Garchomp|Earthquake|p1a: Toxapex\n|-supereffective|p1a: Toxapex\n|-damage|p1a: Toxapex|12\/100\n|-damage|p2a: Garchomp|72\/100 tox|[from] item: Life Orb\n|move|p1a: Toxapex|Recover|p1a: Toxapex\n|-heal|p1a: Toxapex|62\/100\n|\n|-heal|p1a: Toxapex|69\/100|[from] item: Leftovers\n|-damage|p2a: Garchomp|54\/100 tox|[from] psn\n|upkeep\n|turn|4\n|\n|t:|1700813102\n|switch|p2a: Zapdos|Zapdos, shiny|100\/100\n|move|p1a: Toxapex|Baneful Bunker||[still]\n|-fail|p1a: Toxapex\n|\n|-heal|p1a: Toxapex|75\/100|[from] item: Leftovers\n|upkeep\n|turn|5\n|\n|t:|1700813116\n|move|p2a: Zapdos|Hurricane|p1a: Toxapex\n|-damage|p1a: Toxapex|45\/100\n|move|p1a: Toxapex|Toxic|p2a: Zapdos\n|-status|p2a: Zapdos|tox\n|\n|-heal|p1a: Toxapex|51\/100|[from] item: Leftovers\n|-damage|p2a: Zapdos|94\/100 tox|[from] psn\n|upkeep\n|turn|6\n|\n|t:|1700813125\n|switch|p2a: Garganacl|Garganacl, F|100\/100\n|move|p1a: Toxapex|Baneful Bunker||[still]\n|-fail|p1a: Toxapex\n|\n|-heal|p1a: Toxapex|57\/100|[from] item: Leftovers\n|upkeep\n|turn|7\n|\n|t:|1700813133\n|switch|p1a: Meowscarada|Meowscarada, M|100\/100\n|-damage|p1a: Meowscarada|88\/100|[from] Stealth Rock\n|move|p2a: Garganacl|Salt Cure|p1a: Meowscarada\n|-damage|p1a: Meowscarada|68\/100\n|\n|upkeep\n|turn|8\n|\n|t:|1700813151\n|switch|p2a: Iron Valiant|Iron Valiant|100\/100\n|-enditem|p2a: Iron Valiant|Booster Energy\n|-activate|p2a: Iron Valiant|ability: Quark Drive|[fromitem]\n|-start|p2a: Iron Valiant|quarkdrivespe\n|move|p1a: Meowscarada|Flower Trick|p2a: Iron Valiant\n|-crit|p2a: Iron Valiant\n|-damage|p2a: Iron Valiant|30\/100\n|\n|upkeep\n|turn|9\n|\n|t:|1700813161\n|switch|p1a: Toxapex|Toxapex, F|91\/100\n|-damage|p1a: Toxapex|78\/100|[from] Stealth Rock\n|move|p2a: Iron Valiant|Moonblast|p1a: Toxapex\n|-resisted|p1a: Toxapex\n|-damage|p1a: Toxapex|63\/100\n|\n|-heal|p1a: Toxapex|69\/100|[from] item: Leftovers\n|upkeep\n|turn|10\n|\n|t:|1700813172\n|move|p2a: Iron Valiant|Thunderbolt|p1a: Toxapex\n|-supereffective|p1a: Toxapex\n|-damage|p1a: Toxapex|28\/100\n|move|p1a: Toxapex|Scald|p2a: Iron Valiant\n|-damage|p2a: Iron Valiant|0 fnt\n|faint|p2a: Iron Valiant\n|-end|p2a: Iron Valiant|Quark Drive|[silent]\n|\n|-heal|p1a: Toxapex|35\/100|[from] item: Leftovers\n|upkeep\n|\n|t:|1700813178\n|switch|p2a: Ogerpon|Ogerpon-Wellspring, F|100\/100\n|turn|11\n|\n|t:|1700813184\n|switch|p1a: Ferrothorn|Ferrothorn, M|100\/100\n|-damage|p1a: Ferrothorn|94\/100|[from] Stealth Rock\n|move|p2a: Ogerpon|Taunt|p1a: Ferrothorn\n|-start|p1a: Ferrothorn|move: Taunt\n|\n|-heal|p1a: Ferrothorn|100\/100|[from] item: Leftovers\n|upkeep\n|turn|12\n|\n|t:|1700813197\n|move|p2a: Ogerpon|Ivy Cudgel|p1a: Ferrothorn|[anim] Ivy Cudgel Water\n|-resisted|p1a: Ferrothorn\n|-damage|p1a: Ferrothorn|82\/100\n|move|p1a: Ferrothorn|Gyro Ball|p2a: Ogerpon\n|-resisted|p2a: Ogerpon\n|-damage|p2a: Ogerpon|68\/100\n|\n|-heal|p1a: Ferrothorn|88\/100|[from] item: Leftovers\n|upkeep\n|turn|13\n|\n|t:|1700813206\n|switch|p2a: Zapdos|Zapdos, shiny|94\/100 tox\n|move|p1a: Ferrothorn|Gyro Ball|p2a: Zapdos\n|-resisted|p2a: Zapdos\n|-damage|p2a: Zapdos|72\/100 tox\n|\n|-heal|p1a: Ferrothorn|95\/100|[from] item: Leftovers\n|-damage|p2a: Zapdos|66\/100 tox|[from] psn\n|-end|p1a: Ferrothorn|move: Taunt\n|upkeep\n|turn|14\n|\n|t:|1700813217\n|switch|p1a: Thundurus|Thundurus-Therian, M|100\/100\n|move|p2a: Zapdos|Hurricane|p1a: Thundurus\n|-resisted|p1a: Thundurus\n|-damage|p1a: Thundurus|72\/100\n|\n|-damage|p2a: Zapdos|54\/100 tox|[from] psn\n|upkeep\n|turn|15\n|\n|t:|1700813227\n|switch|p2a: Garchomp|Garchomp, M, shiny|54\/100 tox\n|move|p1a: Thundurus|Defog|p2a: Garchomp\n|-unboost|p2a: Garchomp|evasion|1\n|-sideend|p1: SupaSeimen|Stealth Rock|[from] move: Defog|[of] p1a: Thundurus\n|\n|-damage|p2a: Garchomp|48\/100 tox|[from] psn\n|upkeep\n|turn|16\n|\n|t:|1700813249\n|move|p2a: Garchomp|Draco Meteor|p1a: Thundurus\n|-damage|p1a: Thundurus|0 fnt\n|-unboost|p2a: Garchomp|spa|2\n|faint|p1a: Thundurus\n|-damage|p2a: Garchomp|38\/100 tox|[from] item: Life Orb\n|\n|-damage|p2a: Garchomp|25\/100 tox|[from] psn\n|upkeep\n|\n|t:|1700813259\n|switch|p1a: Meowscarada|Meowscarada, M|68\/100\n|turn|17\n|\n|t:|1700813263\n|switch|p2a: Zapdos|Zapdos, shiny|54\/100 tox\n|move|p1a: Meowscarada|Flower Trick|p2a: Zapdos\n|-resisted|p2a: Zapdos\n|-crit|p2a: Zapdos\n|-damage|p2a: Zapdos|31\/100 tox\n|\n|-damage|p2a: Zapdos|25\/100 tox|[from] psn\n|upkeep\n|turn|18\n|\n|t:|1700813292\n|switch|p1a: Gliscor|Gliscor, M|100\/100\n|move|p2a: Zapdos|Hurricane|p1a: Gliscor\n|-damage|p1a: Gliscor|45\/100\n|-start|p1a: Gliscor|confusion\n|\n|-damage|p2a: Zapdos|13\/100 tox|[from] psn\n|-status|p1a: Gliscor|tox|[from] item: Toxic Orb\n|upkeep\n|turn|19\n|\n|t:|1700813306\n|switch|p1a: Toxapex|Toxapex, F|68\/100\n|move|p2a: Zapdos|Hurricane|p1a: Toxapex|[miss]\n|-miss|p2a: Zapdos|p1a: Toxapex\n|\n|-heal|p1a: Toxapex|74\/100|[from] item: Leftovers\n|-damage|p2a: Zapdos|0 fnt|[from] psn\n|faint|p2a: Zapdos\n|upkeep\n|\n|t:|1700813315\n|switch|p2a: Ogerpon|Ogerpon-Wellspring, F|68\/100\n|turn|20\n|\n|t:|1700813324\n|switch|p2a: Garchomp|Garchomp, M, shiny|25\/100 tox\n|move|p1a: Toxapex|Toxic|p2a: Garchomp\n|-fail|p2a: Garchomp|tox\n|\n|-heal|p1a: Toxapex|80\/100|[from] item: Leftovers\n|-damage|p2a: Garchomp|19\/100 tox|[from] psn\n|upkeep\n|turn|21\n|\n|t:|1700813338\n|switch|p1a: Meowscarada|Meowscarada, M|68\/100\n|move|p2a: Garchomp|Earthquake|p1a: Meowscarada\n|-resisted|p1a: Meowscarada\n|-damage|p1a: Meowscarada|28\/100\n|-damage|p2a: Garchomp|9\/100 tox|[from] item: Life Orb\n|\n|-damage|p2a: Garchomp|0 fnt|[from] psn\n|faint|p2a: Garchomp\n|upkeep\n|\n|t:|1700813342\n|switch|p2a: Scizor|Scizor, F|100\/100\n|turn|22\n|\n|t:|1700813351\n|switch|p1a: Ferrothorn|Ferrothorn, M|95\/100\n|detailschange|p2a: Scizor|Scizor-Mega, F\n|-mega|p2a: Scizor|Scizor|Scizorite\n|move|p2a: Scizor|Knock Off|p1a: Ferrothorn\n|-damage|p1a: Ferrothorn|70\/100\n|-damage|p2a: Scizor|88\/100|[from] ability: Iron Barbs|[of] p1a: Ferrothorn\n|-enditem|p1a: Ferrothorn|Leftovers|[from] move: Knock Off|[of] p2a: Scizor\n|\n|upkeep\n|turn|23\n|\n|t:|1700813363\n|switch|p2a: Ogerpon|Ogerpon-Wellspring, F|68\/100\n|move|p1a: Ferrothorn|Spikes|p2a: Ogerpon\n|-sidestart|p2: NDSNEZgoinginsane|Spikes\n|\n|upkeep\n|turn|24\n|\n|t:|1700813369\n|move|p2a: Ogerpon|Taunt|p1a: Ferrothorn\n|-start|p1a: Ferrothorn|move: Taunt\n|move|p1a: Ferrothorn|Gyro Ball|p2a: Ogerpon\n|-resisted|p2a: Ogerpon\n|-damage|p2a: Ogerpon|37\/100\n|\n|upkeep\n|turn|25\n|\n|t:|1700813377\n|switch|p2a: Garganacl|Garganacl, F|100\/100\n|-damage|p2a: Garganacl|88\/100|[from] Spikes\n|move|p1a: Ferrothorn|Gyro Ball|p2a: Garganacl\n|-supereffective|p2a: Garganacl\n|-damage|p2a: Garganacl|63\/100\n|\n|-heal|p2a: Garganacl|69\/100|[from] item: Leftovers\n|upkeep\n|turn|26\n|\n|t:|1700813389\n|switch|p1a: Meowscarada|Meowscarada, M|28\/100\n|move|p2a: Garganacl|Salt Cure|p1a: Meowscarada\n|-damage|p1a: Meowscarada|7\/100\n|\n|-heal|p2a: Garganacl|75\/100|[from] item: Leftovers\n|upkeep\n|turn|27\n|\n|t:|1700813403\n|switch|p2a: Scizor|Scizor-Mega, F|88\/100\n|-damage|p2a: Scizor|76\/100|[from] Spikes\n|move|p1a: Meowscarada|U-turn|p2a: Scizor\n|-resisted|p2a: Scizor\n|-damage|p2a: Scizor|66\/100\n|\n|t:|1700813410\n|switch|p1a: Ferrothorn|Ferrothorn, M|70\/100|[from] U-turn\n|\n|upkeep\n|turn|28\n|\n|t:|1700813415\n|move|p2a: Scizor|Swords Dance|p2a: Scizor\n|-boost|p2a: Scizor|atk|2\n|move|p1a: Ferrothorn|Spikes|p2a: Scizor\n|-sidestart|p2: NDSNEZgoinginsane|Spikes\n|\n|upkeep\n|turn|29\n|\n|t:|1700813423\n|move|p2a: Scizor|Swords Dance|p2a: Scizor\n|-boost|p2a: Scizor|atk|2\n|move|p1a: Ferrothorn|Body Press|p2a: Scizor\n|-damage|p2a: Scizor|40\/100\n|\n|upkeep\n|turn|30\n|\n|t:|1700813430\n|move|p2a: Scizor|Knock Off|p1a: Ferrothorn\n|-damage|p1a: Ferrothorn|28\/100\n|-damage|p2a: Scizor|28\/100|[from] ability: Iron Barbs|[of] p1a: Ferrothorn\n|move|p1a: Ferrothorn|Leech Seed|p2a: Scizor\n|-start|p2a: Scizor|move: Leech Seed\n|\n|-damage|p2a: Scizor|16\/100|[from] Leech Seed|[of] p1a: Ferrothorn\n|-heal|p1a: Ferrothorn|40\/100|[silent]\n|upkeep\n|turn|31\n|\n|t:|1700813440\n|switch|p1a: Toxapex|Toxapex, F|100\/100\n|move|p2a: Scizor|Roost|p2a: Scizor\n|-heal|p2a: Scizor|66\/100\n|-singleturn|p2a: Scizor|move: Roost\n|\n|-damage|p2a: Scizor|54\/100|[from] Leech Seed|[of] p1a: Toxapex\n|upkeep\n|turn|32\n|\n|t:|1700813453\n|move|p1a: Toxapex|Baneful Bunker|p1a: Toxapex\n|-singleturn|p1a: Toxapex|move: Protect\n|move|p2a: Scizor|Swords Dance|p2a: Scizor\n|-boost|p2a: Scizor|atk|2\n|\n|-damage|p2a: Scizor|42\/100|[from] Leech Seed|[of] p1a: Toxapex\n|upkeep\n|turn|33\n|\n|t:|1700813461\n|move|p2a: Scizor|Knock Off|p1a: Toxapex\n|-damage|p1a: Toxapex|0 fnt\n|-enditem|p1a: Toxapex|Leftovers|[from] move: Knock Off|[of] p2a: Scizor\n|faint|p1a: Toxapex\n|\n|upkeep\n|\n|t:|1700813476\n|switch|p1a: Ferrothorn|Ferrothorn, M|40\/100\n|turn|34\n|\n|t:|1700813485\n|move|p2a: Scizor|Knock Off|p1a: Ferrothorn\n|-damage|p1a: Ferrothorn|0 fnt\n|-damage|p2a: Scizor|29\/100|[from] ability: Iron Barbs|[of] p1a: Ferrothorn\n|faint|p1a: Ferrothorn\n|\n|upkeep\n|\n|t:|1700813491\n|switch|p1a: Volcarona|Volcarona, F|100\/100\n|turn|35\n|\n|t:|1700813496\n|-terastallize|p1a: Volcarona|Steel\n|move|p2a: Scizor|Bullet Punch|p1a: Volcarona\n|-resisted|p1a: Volcarona\n|-damage|p1a: Volcarona|0 fnt\n|-status|p2a: Scizor|brn|[from] ability: Flame Body|[of] p1a: Volcarona\n|faint|p1a: Volcarona\n|\n|-damage|p2a: Scizor|23\/100 brn|[from] brn\n|upkeep\n|\n|t:|1700813506\n|switch|p1a: Gliscor|Gliscor, M|45\/100 tox\n|turn|36\n|c|\u2606NDSNEZgoinginsane|in what way did that help you lol\n|\n|t:|1700813512\n|move|p2a: Scizor|Bullet Punch|p1a: Gliscor\n|-damage|p1a: Gliscor|3\/100 tox\n|move|p1a: Gliscor|Roost|p1a: Gliscor\n|-heal|p1a: Gliscor|53\/100 tox\n|-singleturn|p1a: Gliscor|move: Roost\n|\n|-damage|p2a: Scizor|11\/100 brn|[from] Leech Seed|[of] p1a: Gliscor\n|-heal|p1a: Gliscor|65\/100 tox|[silent]\n|-heal|p1a: Gliscor|77\/100 tox|[from] ability: Poison Heal\n|-damage|p2a: Scizor|5\/100 brn|[from] brn\n|upkeep\n|turn|37\n|\n|t:|1700813524\n|move|p2a: Scizor|Bullet Punch|p1a: Gliscor\n|-damage|p1a: Gliscor|30\/100 tox\n|move|p1a: Gliscor|Roost|p1a: Gliscor\n|-heal|p1a: Gliscor|80\/100 tox\n|-singleturn|p1a: Gliscor|move: Roost\n|\n|-damage|p2a: Scizor|0 fnt|[from] Leech Seed|[of] p1a: Gliscor\n|-heal|p1a: Gliscor|85\/100 tox|[silent]\n|faint|p2a: Scizor\n|-heal|p1a: Gliscor|97\/100 tox|[from] ability: Poison Heal\n|upkeep\n|\n|t:|1700813527\n|switch|p2a: Ogerpon|Ogerpon-Wellspring, F|37\/100\n|-damage|p2a: Ogerpon|21\/100|[from] Spikes\n|turn|38\n|\n|t:|1700813541\n|move|p2a: Ogerpon|Ivy Cudgel|p1a: Gliscor|[anim] Ivy Cudgel Water\n|-supereffective|p1a: Gliscor\n|-damage|p1a: Gliscor|23\/100 tox\n|move|p1a: Gliscor|Dual Wingbeat|p2a: Ogerpon\n|-supereffective|p2a: Ogerpon\n|-damage|p2a: Ogerpon|0 fnt\n|faint|p2a: Ogerpon\n|-hitcount|p2: Ogerpon|1\n|\n|-heal|p1a: Gliscor|35\/100 tox|[from] ability: Poison Heal\n|upkeep\n|\n|t:|1700813544\n|switch|p2a: Garganacl|Garganacl, F|75\/100\n|-damage|p2a: Garganacl|59\/100|[from] Spikes\n|turn|39\n|\n|t:|1700813555\n|-terastallize|p2a: Garganacl|Ghost\n|move|p1a: Gliscor|Roost|p1a: Gliscor\n|-heal|p1a: Gliscor|85\/100 tox\n|-singleturn|p1a: Gliscor|move: Roost\n|move|p2a: Garganacl|Iron Defense|p2a: Garganacl\n|-boost|p2a: Garganacl|def|2\n|\n|-heal|p2a: Garganacl|65\/100|[from] item: Leftovers\n|-heal|p1a: Gliscor|98\/100 tox|[from] ability: Poison Heal\n|upkeep\n|turn|40\n|\n|t:|1700813571\n|move|p1a: Gliscor|Curse|p1a: Gliscor\n|-unboost|p1a: Gliscor|spe|1\n|-boost|p1a: Gliscor|atk|1\n|-boost|p1a: Gliscor|def|1\n|move|p2a: Garganacl|Recover|p2a: Garganacl\n|-heal|p2a: Garganacl|100\/100\n|\n|-heal|p1a: Gliscor|100\/100 tox|[from] ability: Poison Heal\n|upkeep\n|turn|41\n|\n|t:|1700813581\n|move|p1a: Gliscor|Curse|p1a: Gliscor\n|-unboost|p1a: Gliscor|spe|1\n|-boost|p1a: Gliscor|atk|1\n|-boost|p1a: Gliscor|def|1\n|move|p2a: Garganacl|Salt Cure|p1a: Gliscor\n|-damage|p1a: Gliscor|95\/100 tox\n|-start|p1a: Gliscor|Salt Cure\n|\n|-heal|p1a: Gliscor|100\/100 tox|[from] ability: Poison Heal\n|-damage|p1a: Gliscor|88\/100 tox|[from] Salt Cure\n|upkeep\n|turn|42\n|\n|t:|1700813594\n|move|p1a: Gliscor|Curse|p1a: Gliscor\n|-unboost|p1a: Gliscor|spe|1\n|-boost|p1a: Gliscor|atk|1\n|-boost|p1a: Gliscor|def|1\n|move|p2a: Garganacl|Iron Defense|p2a: Garganacl\n|-boost|p2a: Garganacl|def|2\n|\n|-heal|p1a: Gliscor|100\/100 tox|[from] ability: Poison Heal\n|-damage|p1a: Gliscor|88\/100 tox|[from] Salt Cure\n|upkeep\n|turn|43\n|\n|t:|1700813604\n|move|p2a: Garganacl|Iron Defense|p2a: Garganacl\n|-boost|p2a: Garganacl|def|2\n|move|p1a: Gliscor|Curse|p1a: Gliscor\n|-unboost|p1a: Gliscor|spe|1\n|-boost|p1a: Gliscor|atk|1\n|-boost|p1a: Gliscor|def|1\n|\n|-heal|p1a: Gliscor|100\/100 tox|[from] ability: Poison Heal\n|-damage|p1a: Gliscor|88\/100 tox|[from] Salt Cure\n|upkeep\n|turn|44\n|c|\u2606NDSNEZgoinginsane|no way i pulled the only curse gliscor the world has ever seen\n|c|\u2606NDSNEZgoinginsane|lmfaooooo\n|c|\u2606NDSNEZgoinginsane|this reqs run is actually unreal\n|\n|t:|1700813622\n|move|p2a: Garganacl|Body Press|p1a: Gliscor\n|-resisted|p1a: Gliscor\n|-damage|p1a: Gliscor|80\/100 tox\n|move|p1a: Gliscor|Curse|p1a: Gliscor\n|-unboost|p1a: Gliscor|spe|1\n|-boost|p1a: Gliscor|atk|1\n|-boost|p1a: Gliscor|def|1\n|\n|-heal|p1a: Gliscor|92\/100 tox|[from] ability: Poison Heal\n|-damage|p1a: Gliscor|80\/100 tox|[from] Salt Cure\n|upkeep\n|turn|45\n|\n|t:|1700813634\n|move|p2a: Garganacl|Body Press|p1a: Gliscor\n|-resisted|p1a: Gliscor\n|-damage|p1a: Gliscor|71\/100 tox\n|move|p1a: Gliscor|Curse|p1a: Gliscor\n|-unboost|p1a: Gliscor|spe|1\n|-boost|p1a: Gliscor|atk|1\n|-boost|p1a: Gliscor|def|1\n|\n|-heal|p1a: Gliscor|84\/100 tox|[from] ability: Poison Heal\n|-damage|p1a: Gliscor|71\/100 tox|[from] Salt Cure\n|upkeep\n|turn|46\n|\n|t:|1700813646\n|move|p2a: Garganacl|Body Press|p1a: Gliscor\n|-resisted|p1a: Gliscor\n|-damage|p1a: Gliscor|65\/100 tox\n|move|p1a: Gliscor|Dual Wingbeat|p2a: Garganacl\n|-damage|p2a: Garganacl|92\/100\n|-damage|p2a: Garganacl|82\/100\n|-hitcount|p2a: Garganacl|2\n|\n|-heal|p2a: Garganacl|89\/100|[from] item: Leftovers\n|-heal|p1a: Gliscor|77\/100 tox|[from] ability: Poison Heal\n|-damage|p1a: Gliscor|65\/100 tox|[from] Salt Cure\n|upkeep\n|turn|47\n|\n|t:|1700813659\n|move|p2a: Garganacl|Iron Defense|p2a: Garganacl\n|-boost|p2a: Garganacl|def|0\n|move|p1a: Gliscor|Dual Wingbeat|p2a: Garganacl\n|-damage|p2a: Garganacl|79\/100\n|-damage|p2a: Garganacl|70\/100\n|-hitcount|p2a: Garganacl|2\n|\n|-heal|p2a: Garganacl|76\/100|[from] item: Leftovers\n|-heal|p1a: Gliscor|77\/100 tox|[from] ability: Poison Heal\n|-damage|p1a: Gliscor|65\/100 tox|[from] Salt Cure\n|upkeep\n|turn|48\n|\n|t:|1700813671\n|move|p2a: Garganacl|Body Press|p1a: Gliscor\n|-resisted|p1a: Gliscor\n|-damage|p1a: Gliscor|57\/100 tox\n|move|p1a: Gliscor|Dual Wingbeat|p2a: Garganacl\n|-damage|p2a: Garganacl|66\/100\n|-damage|p2a: Garganacl|57\/100\n|-hitcount|p2a: Garganacl|2\n|\n|-heal|p2a: Garganacl|63\/100|[from] item: Leftovers\n|-heal|p1a: Gliscor|70\/100 tox|[from] ability: Poison Heal\n|-damage|p1a: Gliscor|57\/100 tox|[from] Salt Cure\n|upkeep\n|turn|49\n|\n|t:|1700813684\n|move|p2a: Garganacl|Body Press|p1a: Gliscor\n|-resisted|p1a: Gliscor\n|-damage|p1a: Gliscor|50\/100 tox\n|move|p1a: Gliscor|Dual Wingbeat|p2a: Garganacl\n|-damage|p2a: Garganacl|54\/100\n|-damage|p2a: Garganacl|45\/100\n|-hitcount|p2a: Garganacl|2\n|\n|-heal|p2a: Garganacl|51\/100|[from] item: Leftovers\n|-heal|p1a: Gliscor|63\/100 tox|[from] ability: Poison Heal\n|-damage|p1a: Gliscor|50\/100 tox|[from] Salt Cure\n|upkeep\n|turn|50\n|\n|t:|1700813697\n|move|p2a: Garganacl|Recover|p2a: Garganacl\n|-heal|p2a: Garganacl|100\/100\n|move|p1a: Gliscor|Roost|p1a: Gliscor\n|-heal|p1a: Gliscor|99\/100 tox\n|-singleturn|p1a: Gliscor|move: Roost\n|\n|-heal|p1a: Gliscor|100\/100 tox|[from] ability: Poison Heal\n|-damage|p1a: Gliscor|88\/100 tox|[from] Salt Cure\n|upkeep\n|turn|51\n|\n|t:|1700813708\n|move|p2a: Garganacl|Salt Cure|p1a: Gliscor\n|-damage|p1a: Gliscor|86\/100 tox\n|move|p1a: Gliscor|Dual Wingbeat|p2a: Garganacl|[miss]\n|-miss|p1a: Gliscor|p2a: Garganacl\n|\n|-heal|p1a: Gliscor|98\/100 tox|[from] ability: Poison Heal\n|-damage|p1a: Gliscor|86\/100 tox|[from] Salt Cure\n|upkeep\n|turn|52\n|\n|t:|1700813718\n|move|p2a: Garganacl|Salt Cure|p1a: Gliscor\n|-damage|p1a: Gliscor|83\/100 tox\n|move|p1a: Gliscor|Dual Wingbeat|p2a: Garganacl\n|-damage|p2a: Garganacl|91\/100\n|-damage|p2a: Garganacl|81\/100\n|-hitcount|p2a: Garganacl|2\n|\n|-heal|p2a: Garganacl|88\/100|[from] item: Leftovers\n|-heal|p1a: Gliscor|95\/100 tox|[from] ability: Poison Heal\n|-damage|p1a: Gliscor|83\/100 tox|[from] Salt Cure\n|upkeep\n|turn|53\n|\n|t:|1700813742\n|move|p2a: Garganacl|Salt Cure|p1a: Gliscor\n|-damage|p1a: Gliscor|80\/100 tox\n|move|p1a: Gliscor|Dual Wingbeat|p2a: Garganacl\n|-damage|p2a: Garganacl|78\/100\n|-damage|p2a: Garganacl|70\/100\n|-hitcount|p2a: Garganacl|2\n|\n|-heal|p2a: Garganacl|76\/100|[from] item: Leftovers\n|-heal|p1a: Gliscor|93\/100 tox|[from] ability: Poison Heal\n|-damage|p1a: Gliscor|80\/100 tox|[from] Salt Cure\n|upkeep\n|turn|54\n|\n|t:|1700813754\n|move|p2a: Garganacl|Salt Cure|p1a: Gliscor\n|-damage|p1a: Gliscor|78\/100 tox\n|move|p1a: Gliscor|Dual Wingbeat|p2a: Garganacl\n|-damage|p2a: Garganacl|68\/100\n|-damage|p2a: Garganacl|60\/100\n|-hitcount|p2a: Garganacl|2\n|\n|-heal|p2a: Garganacl|66\/100|[from] item: Leftovers\n|-heal|p1a: Gliscor|90\/100 tox|[from] ability: Poison Heal\n|-damage|p1a: Gliscor|78\/100 tox|[from] Salt Cure\n|upkeep\n|turn|55\n|\n|t:|1700813767\n|move|p2a: Garganacl|Body Press|p1a: Gliscor\n|-resisted|p1a: Gliscor\n|-damage|p1a: Gliscor|71\/100 tox\n|move|p1a: Gliscor|Dual Wingbeat|p2a: Garganacl\n|-damage|p2a: Garganacl|56\/100\n|-damage|p2a: Garganacl|47\/100\n|-hitcount|p2a: Garganacl|2\n|\n|-heal|p2a: Garganacl|53\/100|[from] item: Leftovers\n|-heal|p1a: Gliscor|84\/100 tox|[from] ability: Poison Heal\n|-damage|p1a: Gliscor|71\/100 tox|[from] Salt Cure\n|upkeep\n|turn|56\n|\n|t:|1700813780\n|move|p2a: Garganacl|Recover|p2a: Garganacl\n|-heal|p2a: Garganacl|100\/100\n|move|p1a: Gliscor|Dual Wingbeat|p2a: Garganacl\n|-damage|p2a: Garganacl|91\/100\n|-damage|p2a: Garganacl|82\/100\n|-hitcount|p2a: Garganacl|2\n|\n|-heal|p2a: Garganacl|89\/100|[from] item: Leftovers\n|-heal|p1a: Gliscor|84\/100 tox|[from] ability: Poison Heal\n|-damage|p1a: Gliscor|71\/100 tox|[from] Salt Cure\n|upkeep\n|turn|57\n|\n|t:|1700813793\n|move|p2a: Garganacl|Body Press|p1a: Gliscor\n|-resisted|p1a: Gliscor\n|-damage|p1a: Gliscor|65\/100 tox\n|move|p1a: Gliscor|Dual Wingbeat|p2a: Garganacl\n|-damage|p2a: Garganacl|79\/100\n|-damage|p2a: Garganacl|70\/100\n|-hitcount|p2a: Garganacl|2\n|\n|-heal|p2a: Garganacl|76\/100|[from] item: Leftovers\n|-heal|p1a: Gliscor|77\/100 tox|[from] ability: Poison Heal\n|-damage|p1a: Gliscor|65\/100 tox|[from] Salt Cure\n|upkeep\n|turn|58\n|\n|t:|1700813806\n|move|p2a: Garganacl|Body Press|p1a: Gliscor\n|-resisted|p1a: Gliscor\n|-damage|p1a: Gliscor|58\/100 tox\n|move|p1a: Gliscor|Dual Wingbeat|p2a: Garganacl\n|-damage|p2a: Garganacl|67\/100\n|-damage|p2a: Garganacl|58\/100\n|-hitcount|p2a: Garganacl|2\n|\n|-heal|p2a: Garganacl|64\/100|[from] item: Leftovers\n|-heal|p1a: Gliscor|71\/100 tox|[from] ability: Poison Heal\n|-damage|p1a: Gliscor|58\/100 tox|[from] Salt Cure\n|upkeep\n|turn|59\n|\n|t:|1700813823\n|move|p2a: Garganacl|Body Press|p1a: Gliscor\n|-resisted|p1a: Gliscor\n|-damage|p1a: Gliscor|51\/100 tox\n|move|p1a: Gliscor|Roost|p1a: Gliscor\n|-heal|p1a: Gliscor|100\/100 tox\n|-singleturn|p1a: Gliscor|move: Roost\n|\n|-heal|p2a: Garganacl|70\/100|[from] item: Leftovers\n|-damage|p1a: Gliscor|88\/100 tox|[from] Salt Cure\n|upkeep\n|turn|60\n|\n|t:|1700813835\n|move|p2a: Garganacl|Body Press|p1a: Gliscor\n|-resisted|p1a: Gliscor\n|-damage|p1a: Gliscor|81\/100 tox\n|move|p1a: Gliscor|Dual Wingbeat|p2a: Garganacl\n|-damage|p2a: Garganacl|60\/100\n|-damage|p2a: Garganacl|50\/100\n|-hitcount|p2a: Garganacl|2\n|\n|-heal|p2a: Garganacl|57\/100|[from] item: Leftovers\n|-heal|p1a: Gliscor|94\/100 tox|[from] ability: Poison Heal\n|-damage|p1a: Gliscor|81\/100 tox|[from] Salt Cure\n|upkeep\n|turn|61\n|\n|t:|1700813848\n|move|p2a: Garganacl|Body Press|p1a: Gliscor\n|-resisted|p1a: Gliscor\n|-damage|p1a: Gliscor|74\/100 tox\n|move|p1a: Gliscor|Dual Wingbeat|p2a: Garganacl\n|-damage|p2a: Garganacl|47\/100\n|-damage|p2a: Garganacl|38\/100\n|-hitcount|p2a: Garganacl|2\n|\n|-heal|p2a: Garganacl|45\/100|[from] item: Leftovers\n|-heal|p1a: Gliscor|86\/100 tox|[from] ability: Poison Heal\n|-damage|p1a: Gliscor|74\/100 tox|[from] Salt Cure\n|upkeep\n|turn|62\n|\n|t:|1700813861\n|move|p2a: Garganacl|Recover|p2a: Garganacl\n|-heal|p2a: Garganacl|95\/100\n|move|p1a: Gliscor|Dual Wingbeat|p2a: Garganacl\n|-damage|p2a: Garganacl|85\/100\n|-crit|p2a: Garganacl\n|-damage|p2a: Garganacl|29\/100\n|-hitcount|p2a: Garganacl|2\n|\n|-heal|p2a: Garganacl|36\/100|[from] item: Leftovers\n|-heal|p1a: Gliscor|86\/100 tox|[from] ability: Poison Heal\n|-damage|p1a: Gliscor|74\/100 tox|[from] Salt Cure\n|upkeep\n|turn|63\n|\n|t:|1700813874\n|move|p2a: Garganacl|Recover|p2a: Garganacl\n|-heal|p2a: Garganacl|86\/100\n|move|p1a: Gliscor|Earthquake|p2a: Garganacl\n|-damage|p2a: Garganacl|62\/100\n|\n|-heal|p2a: Garganacl|69\/100|[from] item: Leftovers\n|-heal|p1a: Gliscor|86\/100 tox|[from] ability: Poison Heal\n|-damage|p1a: Gliscor|74\/100 tox|[from] Salt Cure\n|upkeep\n|turn|64\n|\n|t:|1700813889\n|move|p2a: Garganacl|Body Press|p1a: Gliscor\n|-resisted|p1a: Gliscor\n|-damage|p1a: Gliscor|66\/100 tox\n|move|p1a: Gliscor|Curse|p1a: Gliscor\n|\n|-heal|p2a: Garganacl|75\/100|[from] item: Leftovers\n|-heal|p1a: Gliscor|79\/100 tox|[from] ability: Poison Heal\n|-damage|p1a: Gliscor|66\/100 tox|[from] Salt Cure\n|upkeep\n|turn|65\n|\n|t:|1700813898\n|move|p2a: Garganacl|Body Press|p1a: Gliscor\n|-resisted|p1a: Gliscor\n|-damage|p1a: Gliscor|59\/100 tox\n|move|p1a: Gliscor|Curse|p1a: Gliscor\n|\n|-heal|p2a: Garganacl|81\/100|[from] item: Leftovers\n|-heal|p1a: Gliscor|72\/100 tox|[from] ability: Poison Heal\n|-damage|p1a: Gliscor|59\/100 tox|[from] Salt Cure\n|upkeep\n|turn|66\n|\n|t:|1700813910\n|move|p2a: Garganacl|Salt Cure|p1a: Gliscor\n|-damage|p1a: Gliscor|57\/100 tox\n|move|p1a: Gliscor|Curse|p1a: Gliscor\n|\n|-heal|p2a: Garganacl|87\/100|[from] item: Leftovers\n|-heal|p1a: Gliscor|69\/100 tox|[from] ability: Poison Heal\n|-damage|p1a: Gliscor|57\/100 tox|[from] Salt Cure\n|upkeep\n|turn|67\n|\n|t:|1700813920\n|move|p2a: Garganacl|Salt Cure|p1a: Gliscor\n|-damage|p1a: Gliscor|54\/100 tox\n|move|p1a: Gliscor|Curse|p1a: Gliscor\n|\n|-heal|p2a: Garganacl|93\/100|[from] item: Leftovers\n|-heal|p1a: Gliscor|67\/100 tox|[from] ability: Poison Heal\n|-damage|p1a: Gliscor|54\/100 tox|[from] Salt Cure\n|upkeep\n|turn|68\n|\n|t:|1700813930\n|move|p2a: Garganacl|Iron Defense|p2a: Garganacl\n|-boost|p2a: Garganacl|def|0\n|move|p1a: Gliscor|Curse|p1a: Gliscor\n|\n|-heal|p2a: Garganacl|99\/100|[from] item: Leftovers\n|-heal|p1a: Gliscor|67\/100 tox|[from] ability: Poison Heal\n|-damage|p1a: Gliscor|54\/100 tox|[from] Salt Cure\n|upkeep\n|turn|69\n|\n|t:|1700813943\n|move|p2a: Garganacl|Iron Defense|p2a: Garganacl\n|-boost|p2a: Garganacl|def|0\n|move|p1a: Gliscor|Earthquake|p2a: Garganacl\n|-damage|p2a: Garganacl|76\/100\n|\n|-heal|p2a: Garganacl|82\/100|[from] item: Leftovers\n|-heal|p1a: Gliscor|67\/100 tox|[from] ability: Poison Heal\n|-damage|p1a: Gliscor|54\/100 tox|[from] Salt Cure\n|upkeep\n|turn|70\n|\n|t:|1700813954\n|move|p2a: Garganacl|Iron Defense|p2a: Garganacl\n|-boost|p2a: Garganacl|def|0\n|move|p1a: Gliscor|Earthquake|p2a: Garganacl\n|-damage|p2a: Garganacl|60\/100\n|\n|-heal|p2a: Garganacl|66\/100|[from] item: Leftovers\n|-heal|p1a: Gliscor|67\/100 tox|[from] ability: Poison Heal\n|-damage|p1a: Gliscor|54\/100 tox|[from] Salt Cure\n|upkeep\n|turn|71\n|\n|t:|1700813964\n|move|p2a: Garganacl|Iron Defense|p2a: Garganacl\n|-boost|p2a: Garganacl|def|0\n|move|p1a: Gliscor|Earthquake|p2a: Garganacl\n|-damage|p2a: Garganacl|46\/100\n|\n|-heal|p2a: Garganacl|52\/100|[from] item: Leftovers\n|-heal|p1a: Gliscor|67\/100 tox|[from] ability: Poison Heal\n|-damage|p1a: Gliscor|54\/100 tox|[from] Salt Cure\n|upkeep\n|turn|72\n|\n|t:|1700813979\n|move|p2a: Garganacl|Body Press|p1a: Gliscor\n|-resisted|p1a: Gliscor\n|-damage|p1a: Gliscor|47\/100 tox\n|move|p1a: Gliscor|Earthquake|p2a: Garganacl\n|-damage|p2a: Garganacl|31\/100\n|\n|-heal|p2a: Garganacl|37\/100|[from] item: Leftovers\n|-heal|p1a: Gliscor|60\/100 tox|[from] ability: Poison Heal\n|-damage|p1a: Gliscor|47\/100 tox|[from] Salt Cure\n|upkeep\n|turn|73\n|\n|t:|1700813991\n|move|p2a: Garganacl|Recover|p2a: Garganacl\n|-heal|p2a: Garganacl|87\/100\n|move|p1a: Gliscor|Earthquake|p2a: Garganacl\n|-damage|p2a: Garganacl|64\/100\n|\n|-heal|p2a: Garganacl|70\/100|[from] item: Leftovers\n|-heal|p1a: Gliscor|60\/100 tox|[from] ability: Poison Heal\n|-damage|p1a: Gliscor|47\/100 tox|[from] Salt Cure\n|upkeep\n|turn|74\n|\n|t:|1700814002\n|move|p2a: Garganacl|Salt Cure|p1a: Gliscor\n|-damage|p1a: Gliscor|45\/100 tox\n|move|p1a: Gliscor|Earthquake|p2a: Garganacl\n|-damage|p2a: Garganacl|50\/100\n|\n|-heal|p2a: Garganacl|56\/100|[from] item: Leftovers\n|-heal|p1a: Gliscor|57\/100 tox|[from] ability: Poison Heal\n|-damage|p1a: Gliscor|45\/100 tox|[from] Salt Cure\n|upkeep\n|turn|75\n|\n|t:|1700814013\n|move|p2a: Garganacl|Body Press|p1a: Gliscor\n|-resisted|p1a: Gliscor\n|-damage|p1a: Gliscor|38\/100 tox\n|move|p1a: Gliscor|Earthquake|p2a: Garganacl\n|-damage|p2a: Garganacl|32\/100\n|\n|-heal|p2a: Garganacl|38\/100|[from] item: Leftovers\n|-heal|p1a: Gliscor|50\/100 tox|[from] ability: Poison Heal\n|-damage|p1a: Gliscor|38\/100 tox|[from] Salt Cure\n|upkeep\n|turn|76\n|\n|t:|1700814024\n|move|p2a: Garganacl|Iron Defense|p2a: Garganacl\n|-boost|p2a: Garganacl|def|0\n|move|p1a: Gliscor|Roost|p1a: Gliscor\n|-heal|p1a: Gliscor|88\/100 tox\n|-singleturn|p1a: Gliscor|move: Roost\n|\n|-heal|p2a: Garganacl|44\/100|[from] item: Leftovers\n|-heal|p1a: Gliscor|99\/100 tox|[from] ability: Poison Heal\n|-damage|p1a: Gliscor|88\/100 tox|[from] Salt Cure\n|upkeep\n|turn|77\n|\n|t:|1700814036\n|move|p2a: Garganacl|Salt Cure|p1a: Gliscor\n|-damage|p1a: Gliscor|85\/100 tox\n|move|p1a: Gliscor|Curse|p1a: Gliscor\n|\n|-heal|p2a: Garganacl|50\/100|[from] item: Leftovers\n|-heal|p1a: Gliscor|98\/100 tox|[from] ability: Poison Heal\n|-damage|p1a: Gliscor|85\/100 tox|[from] Salt Cure\n|upkeep\n|turn|78\n|\n|t:|1700814046\n|move|p2a: Garganacl|Salt Cure|p1a: Gliscor\n|-damage|p1a: Gliscor|82\/100 tox\n|move|p1a: Gliscor|Earthquake|p2a: Garganacl\n|-damage|p2a: Garganacl|30\/100\n|\n|-heal|p2a: Garganacl|36\/100|[from] item: Leftovers\n|-heal|p1a: Gliscor|95\/100 tox|[from] ability: Poison Heal\n|-damage|p1a: Gliscor|82\/100 tox|[from] Salt Cure\n|upkeep\n|turn|79\n|\n|t:|1700814057\n|move|p2a: Garganacl|Salt Cure|p1a: Gliscor\n|-damage|p1a: Gliscor|80\/100 tox\n|move|p1a: Gliscor|Earthquake|p2a: Garganacl\n|-damage|p2a: Garganacl|15\/100\n|\n|-heal|p2a: Garganacl|21\/100|[from] item: Leftovers\n|-heal|p1a: Gliscor|92\/100 tox|[from] ability: Poison Heal\n|-damage|p1a: Gliscor|80\/100 tox|[from] Salt Cure\n|upkeep\n|turn|80\n|\n|t:|1700814069\n|move|p2a: Garganacl|Recover|p2a: Garganacl\n|-heal|p2a: Garganacl|71\/100\n|move|p1a: Gliscor|Curse|p1a: Gliscor\n|\n|-heal|p2a: Garganacl|77\/100|[from] item: Leftovers\n|-heal|p1a: Gliscor|92\/100 tox|[from] ability: Poison Heal\n|-damage|p1a: Gliscor|80\/100 tox|[from] Salt Cure\n|upkeep\n|turn|81\n|\n|t:|1700814078\n|move|p2a: Garganacl|Iron Defense|p2a: Garganacl\n|-boost|p2a: Garganacl|def|0\n|move|p1a: Gliscor|Curse|p1a: Gliscor\n|\n|-heal|p2a: Garganacl|83\/100|[from] item: Leftovers\n|-heal|p1a: Gliscor|92\/100 tox|[from] ability: Poison Heal\n|-damage|p1a: Gliscor|80\/100 tox|[from] Salt Cure\n|upkeep\n|turn|82\n|\n|t:|1700814088\n|move|p2a: Garganacl|Iron Defense|p2a: Garganacl\n|-boost|p2a: Garganacl|def|0\n|move|p1a: Gliscor|Curse|p1a: Gliscor\n|\n|-heal|p2a: Garganacl|90\/100|[from] item: Leftovers\n|-heal|p1a: Gliscor|92\/100 tox|[from] ability: Poison Heal\n|-damage|p1a: Gliscor|80\/100 tox|[from] Salt Cure\n|upkeep\n|turn|83\n|\n|t:|1700814097\n|move|p2a: Garganacl|Iron Defense|p2a: Garganacl\n|-boost|p2a: Garganacl|def|0\n|move|p1a: Gliscor|Curse|p1a: Gliscor\n|\n|-heal|p2a: Garganacl|96\/100|[from] item: Leftovers\n|-heal|p1a: Gliscor|92\/100 tox|[from] ability: Poison Heal\n|-damage|p1a: Gliscor|80\/100 tox|[from] Salt Cure\n|upkeep\n|turn|84\n|\n|t:|1700814106\n|move|p2a: Garganacl|Iron Defense|p2a: Garganacl\n|-boost|p2a: Garganacl|def|0\n|move|p1a: Gliscor|Earthquake|p2a: Garganacl\n|-damage|p2a: Garganacl|74\/100\n|\n|-heal|p2a: Garganacl|80\/100|[from] item: Leftovers\n|-heal|p1a: Gliscor|92\/100 tox|[from] ability: Poison Heal\n|-damage|p1a: Gliscor|80\/100 tox|[from] Salt Cure\n|upkeep\n|turn|85\n|\n|t:|1700814123\n|move|p2a: Garganacl|Salt Cure|p1a: Gliscor\n|-damage|p1a: Gliscor|77\/100 tox\n|move|p1a: Gliscor|Earthquake|p2a: Garganacl\n|-damage|p2a: Garganacl|56\/100\n|\n|-heal|p2a: Garganacl|63\/100|[from] item: Leftovers\n|-heal|p1a: Gliscor|90\/100 tox|[from] ability: Poison Heal\n|-damage|p1a: Gliscor|77\/100 tox|[from] Salt Cure\n|upkeep\n|turn|86\n|\n|t:|1700814135\n|move|p2a: Garganacl|Salt Cure|p1a: Gliscor\n|-damage|p1a: Gliscor|75\/100 tox\n|move|p1a: Gliscor|Earthquake|p2a: Garganacl\n|-damage|p2a: Garganacl|40\/100\n|\n|-heal|p2a: Garganacl|46\/100|[from] item: Leftovers\n|-heal|p1a: Gliscor|87\/100 tox|[from] ability: Poison Heal\n|-damage|p1a: Gliscor|75\/100 tox|[from] Salt Cure\n|upkeep\n|turn|87\n|\n|t:|1700814149\n|move|p2a: Garganacl|Iron Defense|p2a: Garganacl\n|-boost|p2a: Garganacl|def|0\n|move|p1a: Gliscor|Roost|p1a: Gliscor\n|-heal|p1a: Gliscor|100\/100 tox\n|-singleturn|p1a: Gliscor|move: Roost\n|\n|-heal|p2a: Garganacl|52\/100|[from] item: Leftovers\n|-damage|p1a: Gliscor|88\/100 tox|[from] Salt Cure\n|upkeep\n|turn|88\n|\n|t:|1700814162\n|switch|p1a: Meowscarada|Meowscarada, M|7\/100\n|move|p2a: Garganacl|Iron Defense|p2a: Garganacl\n|-boost|p2a: Garganacl|def|0\n|\n|-heal|p2a: Garganacl|59\/100|[from] item: Leftovers\n|upkeep\n|turn|89\n|\n|t:|1700814171\n|move|p1a: Meowscarada|Flower Trick|p2a: Garganacl\n|-crit|p2a: Garganacl\n|-damage|p2a: Garganacl|7\/100\n|move|p2a: Garganacl|Body Press|p1a: Meowscarada\n|-supereffective|p1a: Meowscarada\n|-damage|p1a: Meowscarada|0 fnt\n|faint|p1a: Meowscarada\n|\n|-heal|p2a: Garganacl|14\/100|[from] item: Leftovers\n|upkeep\n|\n|t:|1700814184\n|switch|p1a: Gliscor|Gliscor, M|88\/100 tox\n|turn|90\n|\n|t:|1700814188\n|move|p1a: Gliscor|Earthquake|p2a: Garganacl\n|-damage|p2a: Garganacl|8\/100\n|move|p2a: Garganacl|Recover|p2a: Garganacl\n|-heal|p2a: Garganacl|58\/100\n|\n|-heal|p2a: Garganacl|64\/100|[from] item: Leftovers\n|-heal|p1a: Gliscor|100\/100 tox|[from] ability: Poison Heal\n|upkeep\n|turn|91\n|c|\u2606NDSNEZgoinginsane|gg\n|-message|SupaSeimen forfeited.\n|\n|win|NDSNEZgoinginsane\n|raw|SupaSeimen's rating: 1474 &rarr; <strong>1461<\/strong><br \/>(-13 for losing)\n|raw|NDSNEZgoinginsane's rating: 1599 &rarr; <strong>1612<\/strong><br \/>(+13 for winning)\n|l|\u2606SupaSeimen\n","uploadtime":1700814202,"views":5,"p1id":"supaseimen","p2id":"ndsnezgoinginsane","formatid":"gen9nationaldex","rating":1461,"private":0,"password":""}