{"id":"gen9nationaldex-1998820013","p1":"Bosco BBB","p2":"jujibalaoshi001","format":"[Gen 9] National Dex","log":"|html|<div class=\"broadcast-blue\"><strong>[Gen 9] National Dex is currently suspecting Sneasler! For information on how to participate check out the <a href=\"https:\/\/www.smogon.com\/forums\/threads\/sv-national-dex-suspect-8-just-dance.3731534\/\">suspect thread<\/a>.<\/strong><\/div>\n|j|\u2606Bosco BBB\n|j|\u2606jujibalaoshi001\n|t:|1700997436\n|gametype|singles\n|player|p1|Bosco BBB|falkner|1386\n|player|p2|jujibalaoshi001|hexmaniac-gen6|1380\n|teamsize|p1|6\n|teamsize|p2|6\n|gen|9\n|tier|[Gen 9] National Dex\n|rated|\n|rule|HP Percentage Mod: HP is shown in percentages\n|rule|Endless Battle Clause: Forcing endless battles is banned\n|rule|OHKO Clause: OHKO moves are banned\n|rule|Evasion Clause: Evasion abilities, items, and moves are banned\n|rule|Evasion Abilities Clause: Evasion abilities are banned\n|rule|Evasion Items Clause: Evasion items are banned\n|rule|Evasion Moves Clause: Evasion moves are banned\n|rule|Species Clause: Limit one of each Pok\u00e9mon\n|rule|Sleep Clause Mod: Limit one foe put to sleep\n|clearpoke\n|poke|p1|Dragonite, F|\n|poke|p1|Metagross|\n|poke|p1|Kommo-o, F|\n|poke|p1|Tyranitar, M|\n|poke|p1|Hydreigon, M|\n|poke|p1|Garchomp, M|\n|poke|p2|Silvally-*|\n|poke|p2|Galvantula, F|\n|poke|p2|Landorus-Therian, M|\n|poke|p2|Celesteela|\n|poke|p2|Azelf|\n|poke|p2|Heatran, M|\n|teampreview\n|\n|t:|1700997452\n|start\n|switch|p1a: Tyranitar|Tyranitar, M|100\/100\n|switch|p2a: Azelf|Azelf|100\/100\n|-weather|Sandstorm|[from] ability: Sand Stream|[of] p1a: Tyranitar\n|turn|1\n|\n|t:|1700997460\n|move|p2a: Azelf|Taunt|p1a: Tyranitar\n|-start|p1a: Tyranitar|move: Taunt\n|move|p1a: Tyranitar|Crunch|p2a: Azelf\n|-supereffective|p2a: Azelf\n|-enditem|p2a: Azelf|Focus Sash\n|-damage|p2a: Azelf|1\/100\n|\n|-weather|Sandstorm|[upkeep]\n|-damage|p2a: Azelf|0 fnt|[from] Sandstorm\n|faint|p2a: Azelf\n|upkeep\n|\n|t:|1700997474\n|switch|p2a: Galvantula|Galvantula, F|100\/100\n|turn|2\n|\n|t:|1700997482\n|move|p2a: Galvantula|Sticky Web|p1a: Tyranitar\n|-sidestart|p1: Bosco BBB|move: Sticky Web\n|move|p1a: Tyranitar|Crunch|p2a: Galvantula\n|-enditem|p2a: Galvantula|Focus Sash\n|-damage|p2a: Galvantula|1\/100\n|\n|-weather|Sandstorm|[upkeep]\n|-damage|p2a: Galvantula|0 fnt|[from] Sandstorm\n|faint|p2a: Galvantula\n|upkeep\n|\n|t:|1700997488\n|switch|p2a: Landorus|Landorus-Therian, M|100\/100\n|-ability|p2a: Landorus|Intimidate|boost\n|-unboost|p1a: Tyranitar|atk|1\n|turn|3\n|\n|t:|1700997494\n|move|p2a: Landorus|Swords Dance|p2a: Landorus\n|-boost|p2a: Landorus|atk|2\n|move|p1a: Tyranitar|Crunch|p2a: Landorus\n|-damage|p2a: Landorus|44\/100\n|-damage|p1a: Tyranitar|84\/100|[from] item: Rocky Helmet|[of] p2a: Landorus\n|\n|-weather|Sandstorm|[upkeep]\n|-end|p1a: Tyranitar|move: Taunt\n|upkeep\n|turn|4\n|\n|t:|1700997504\n|move|p2a: Landorus|Earthquake|p1a: Tyranitar\n|-supereffective|p1a: Tyranitar\n|-damage|p1a: Tyranitar|0 fnt\n|faint|p1a: Tyranitar\n|\n|-weather|Sandstorm|[upkeep]\n|upkeep\n|\n|t:|1700997509\n|switch|p1a: Dragonite|Dragonite, F|100\/100\n|turn|5\n|\n|t:|1700997516\n|move|p2a: Landorus|Explosion|p1a: Dragonite\n|-damage|p1a: Dragonite|20\/100\n|faint|p2a: Landorus\n|move|p1a: Dragonite|Dragon Claw|p2: Landorus|[notarget]\n|-fail|p1a: Dragonite\n|\n|-weather|none\n|-heal|p1a: Dragonite|26\/100|[from] item: Leftovers\n|upkeep\n|\n|t:|1700997524\n|switch|p2a: Silvally|Silvally|100\/100\n|turn|6\n|\n|t:|1700997534\n|move|p1a: Dragonite|Extreme Speed|p2a: Silvally\n|-damage|p2a: Silvally|67\/100\n|move|p2a: Silvally|Multi-Attack|p1a: Dragonite\n|-damage|p1a: Dragonite|0 fnt\n|faint|p1a: Dragonite\n|-damage|p2a: Silvally|57\/100|[from] item: Life Orb\n|\n|upkeep\n|\n|t:|1700997541\n|switch|p1a: Kommo-o|Kommo-o, F|100\/100\n|-activate|p1a: Kommo-o|move: Sticky Web\n|-unboost|p1a: Kommo-o|spe|1\n|turn|7\n|\n|t:|1700997549\n|move|p2a: Silvally|Explosion|p1a: Kommo-o\n|-damage|p1a: Kommo-o|0 fnt\n|faint|p2a: Silvally\n|faint|p1a: Kommo-o\n|\n|upkeep\n|\n|t:|1700997557\n|switch|p2a: Celesteela|Celesteela|100\/100\n|switch|p1a: Garchomp|Garchomp, M|100\/100\n|-activate|p1a: Garchomp|move: Sticky Web\n|-unboost|p1a: Garchomp|spe|1\n|turn|8\n|\n|t:|1700997567\n|detailschange|p1a: Garchomp|Garchomp-Mega, M\n|-mega|p1a: Garchomp|Garchomp|Garchompite\n|move|p2a: Celesteela|Autotomize|p2a: Celesteela\n|-boost|p2a: Celesteela|spe|2\n|-start|p2a: Celesteela|Autotomize\n|move|p1a: Garchomp|Dragon Claw|p2a: Celesteela\n|-resisted|p2a: Celesteela\n|-damage|p2a: Celesteela|73\/100\n|\n|upkeep\n|turn|9\n|\n|t:|1700997578\n|move|p2a: Celesteela|Meteor Beam||[still]\n|-prepare|p2a: Celesteela|Meteor Beam\n|-boost|p2a: Celesteela|spa|1\n|-enditem|p2a: Celesteela|Power Herb\n|-anim|p2a: Celesteela|Meteor Beam|p1a: Garchomp\n|-resisted|p1a: Garchomp\n|-damage|p1a: Garchomp|72\/100\n|move|p1a: Garchomp|Dragon Claw|p2a: Celesteela\n|-resisted|p2a: Celesteela\n|-damage|p2a: Celesteela|50\/100\n|\n|upkeep\n|turn|10\n|\n|t:|1700997588\n|move|p2a: Celesteela|Air Slash|p1a: Garchomp\n|-damage|p1a: Garchomp|20\/100\n|cant|p1a: Garchomp|flinch\n|\n|upkeep\n|turn|11\n|\n|t:|1700997594\n|move|p2a: Celesteela|Air Slash|p1a: Garchomp\n|-damage|p1a: Garchomp|0 fnt\n|faint|p1a: Garchomp\n|-ability|p2a: Celesteela|Beast Boost|boost\n|-boost|p2a: Celesteela|spa|1\n|\n|upkeep\n|\n|t:|1700997597\n|switch|p1a: Hydreigon|Hydreigon, M|100\/100\n|turn|12\n|\n|t:|1700997601\n|move|p2a: Celesteela|Air Slash|p1a: Hydreigon\n|-damage|p1a: Hydreigon|10\/100\n|move|p1a: Hydreigon|Dark Pulse|p2a: Celesteela\n|-damage|p2a: Celesteela|0 fnt\n|faint|p2a: Celesteela\n|\n|upkeep\n|\n|t:|1700997608\n|switch|p2a: Heatran|Heatran, M|100\/100\n|turn|13\n|\n|t:|1700997613\n|switch|p1a: Metagross|Metagross|100\/100\n|-activate|p1a: Metagross|move: Sticky Web\n|-fail|p1a: Metagross|unboost|[from] ability: Clear Body|[of] p1a: Metagross\n|move|p2a: Heatran|Eruption|p1a: Metagross\n|-supereffective|p1a: Metagross\n|-damage|p1a: Metagross|0 fnt\n|faint|p1a: Metagross\n|\n|upkeep\n|\n|t:|1700997616\n|switch|p1a: Hydreigon|Hydreigon, M|10\/100\n|turn|14\n|\n|t:|1700997625\n|-terastallize|p2a: Heatran|Grass\n|move|p2a: Heatran|Eruption|p1a: Hydreigon\n|-resisted|p1a: Hydreigon\n|-damage|p1a: Hydreigon|0 fnt\n|faint|p1a: Hydreigon\n|\n|win|jujibalaoshi001\n|raw|Bosco BBB's rating: 1386 &rarr; <strong>1366<\/strong><br \/>(-20 for losing)\n|raw|jujibalaoshi001's rating: 1380 &rarr; <strong>1400<\/strong><br \/>(+20 for winning)\n|c|\u2606Bosco BBB|Gg\n|l|\u2606Bosco BBB\n|c|\u2606jujibalaoshi001|gg\n","uploadtime":1700997643,"views":1,"p1id":"boscobbb","p2id":"jujibalaoshi001","formatid":"gen9nationaldex","rating":1366,"private":0,"password":""}