{"id":"gen9nationaldex-1993870218","p1":"Chidi Odume","p2":"CheeseMaster3000","format":"[Gen 9] National Dex","log":"|j|\u2606Chidi Odume\n|j|\u2606CheeseMaster3000\n|t:|1700367838\n|gametype|singles\n|player|p1|Chidi Odume|265|1348\n|player|p2|CheeseMaster3000|ingo|1382\n|teamsize|p1|6\n|teamsize|p2|6\n|gen|9\n|tier|[Gen 9] National Dex\n|rated|\n|rule|HP Percentage Mod: HP is shown in percentages\n|rule|Endless Battle Clause: Forcing endless battles is banned\n|rule|OHKO Clause: OHKO moves are banned\n|rule|Evasion Clause: Evasion abilities, items, and moves are banned\n|rule|Evasion Abilities Clause: Evasion abilities are banned\n|rule|Evasion Items Clause: Evasion items are banned\n|rule|Evasion Moves Clause: Evasion moves are banned\n|rule|Species Clause: Limit one of each Pok\u00e9mon\n|rule|Sleep Clause Mod: Limit one foe put to sleep\n|clearpoke\n|poke|p1|Tapu Lele|\n|poke|p1|Hoopa-Unbound|\n|poke|p1|Charizard, M|\n|poke|p1|Toxapex, M|\n|poke|p1|Veluza, M|\n|poke|p1|Iron Treads|\n|poke|p2|Dragonite, F|\n|poke|p2|Medicham, F|\n|poke|p2|Tapu Lele|\n|poke|p2|Great Tusk|\n|poke|p2|Heatran, F|\n|poke|p2|Rotom-Wash|\n|teampreview\n|\n|t:|1700367874\n|start\n|switch|p1a: Father|Tapu Lele, shiny|100\/100\n|switch|p2a: Medicham|Medicham, F|100\/100\n|-fieldstart|move: Psychic Terrain|[from] ability: Psychic Surge|[of] p1a: Father\n|turn|1\n|l|\u2606Chidi Odume\n|player|p1|\n|j|\u2606Chidi Odume\n|player|p1|Chidi Odume|265\n|\n|t:|1700367881\n|switch|p2a: Heatran|Heatran, F|100\/100\n|move|p1a: Father|Psyshock|p2a: Heatran\n|-resisted|p2a: Heatran\n|-damage|p2a: Heatran|75\/100\n|\n|-heal|p2a: Heatran|81\/100|[from] item: Leftovers\n|upkeep\n|turn|2\n|\n|t:|1700367892\n|switch|p1a: Jafar|Hoopa-Unbound|100\/100\n|move|p2a: Heatran|Toxic|p1a: Jafar\n|-status|p1a: Jafar|tox\n|\n|-heal|p2a: Heatran|87\/100|[from] item: Leftovers\n|-damage|p1a: Jafar|95\/100 tox|[from] psn\n|upkeep\n|turn|3\n|\n|t:|1700367903\n|switch|p1a: Da Boss|Veluza, M|100\/100\n|-ability|p1a: Da Boss|Mold Breaker\n|move|p2a: Heatran|Magma Storm|p1a: Da Boss\n|-resisted|p1a: Da Boss\n|-damage|p1a: Da Boss|70\/100\n|-activate|p1a: Da Boss|move: Magma Storm|[of] p2a: Heatran\n|\n|-heal|p2a: Heatran|94\/100|[from] item: Leftovers\n|-damage|p1a: Da Boss|58\/100|[from] move: Magma Storm|[partiallytrapped]\n|upkeep\n|turn|4\n|\n|t:|1700367915\n|move|p1a: Da Boss|Fillet Away|p1a: Da Boss\n|-boost|p1a: Da Boss|atk|2\n|-boost|p1a: Da Boss|spa|2\n|-boost|p1a: Da Boss|spe|2\n|-damage|p1a: Da Boss|8\/100\n|-enditem|p1a: Da Boss|Sitrus Berry|[eat]\n|-heal|p1a: Da Boss|33\/100|[from] item: Sitrus Berry\n|move|p2a: Heatran|Earth Power|p1a: Da Boss\n|-damage|p1a: Da Boss|0 fnt\n|faint|p1a: Da Boss\n|\n|-heal|p2a: Heatran|99\/100|[from] item: Leftovers\n|upkeep\n|\n|t:|1700367917\n|switch|p1a: Bi|Iron Treads|100\/100\n|turn|5\n|\n|t:|1700367929\n|-end|p1a: Bi|Quark Drive|[silent]\n|switch|p1a: Father|Tapu Lele, shiny|100\/100\n|switch|p2a: Dragonite|Dragonite, F|100\/100\n|\n|-fieldend|move: Psychic Terrain\n|upkeep\n|turn|6\n|\n|t:|1700367939\n|move|p1a: Father|Future Sight|p2a: Dragonite\n|-start|p1a: Father|move: Future Sight\n|move|p2a: Dragonite|Dragon Dance|p2a: Dragonite\n|-boost|p2a: Dragonite|atk|1\n|-boost|p2a: Dragonite|spe|1\n|\n|upkeep\n|turn|7\n|\n|t:|1700367949\n|-terastallize|p1a: Father|Fairy\n|move|p2a: Dragonite|Dragon Dance|p2a: Dragonite\n|-boost|p2a: Dragonite|atk|1\n|-boost|p2a: Dragonite|spe|1\n|move|p1a: Father|Moonblast|p2a: Dragonite\n|-supereffective|p2a: Dragonite\n|-damage|p2a: Dragonite|23\/100\n|\n|upkeep\n|turn|8\n|\n|t:|1700367957\n|switch|p1a: Charizard|Charizard, M|100\/100\n|move|p2a: Dragonite|Extreme Speed|p1a: Charizard\n|-damage|p1a: Charizard|17\/100\n|\n|-end|p2a: Dragonite|move: Future Sight\n|-damage|p2a: Dragonite|0 fnt\n|faint|p2a: Dragonite\n|upkeep\n|\n|t:|1700367965\n|switch|p2a: Medicham|Medicham, F|100\/100\n|turn|9\n|\n|t:|1700367969\n|detailschange|p1a: Charizard|Charizard-Mega-Y, M\n|-mega|p1a: Charizard|Charizard|Charizardite Y\n|-weather|SunnyDay|[from] ability: Drought|[of] p1a: Charizard\n|detailschange|p2a: Medicham|Medicham-Mega, F\n|-mega|p2a: Medicham|Medicham|Medichamite\n|move|p2a: Medicham|Fake Out|p1a: Charizard\n|-damage|p1a: Charizard|0 fnt\n|faint|p1a: Charizard\n|\n|-weather|SunnyDay|[upkeep]\n|upkeep\n|\n|t:|1700367973\n|switch|p1a: Bi|Iron Treads|100\/100\n|turn|10\n|\n|t:|1700367984\n|move|p1a: Bi|Volt Switch|p2a: Medicham\n|-damage|p2a: Medicham|85\/100\n|\n|t:|1700367986\n|-end|p1a: Bi|Quark Drive|[silent]\n|switch|p1a: Why u hate me|Toxapex, M|100\/100|[from] Volt Switch\n|move|p2a: Medicham|Close Combat|p1a: Why u hate me\n|-resisted|p1a: Why u hate me\n|-damage|p1a: Why u hate me|68\/100\n|-unboost|p2a: Medicham|def|1\n|-unboost|p2a: Medicham|spd|1\n|\n|-weather|SunnyDay|[upkeep]\n|upkeep\n|turn|11\n|\n|t:|1700367994\n|switch|p1a: Bi|Iron Treads|100\/100\n|move|p2a: Medicham|Close Combat|p1a: Bi\n|-supereffective|p1a: Bi\n|-damage|p1a: Bi|0 fnt\n|-unboost|p2a: Medicham|def|1\n|-unboost|p2a: Medicham|spd|1\n|faint|p1a: Bi\n|-end|p1a: Bi|Quark Drive|[silent]\n|\n|-weather|SunnyDay|[upkeep]\n|upkeep\n|\n|t:|1700367997\n|switch|p1a: Jafar|Hoopa-Unbound|95\/100 tox\n|turn|12\n|\n|t:|1700368023\n|switch|p2a: Great Tusk|Great Tusk|100\/100\n|-activate|p2a: Great Tusk|ability: Protosynthesis\n|-start|p2a: Great Tusk|protosynthesisdef\n|move|p1a: Jafar|Hyperspace Fury|p2a: Great Tusk\n|-resisted|p2a: Great Tusk\n|-damage|p2a: Great Tusk|90\/100\n|-unboost|p1a: Jafar|def|1\n|\n|-weather|SunnyDay|[upkeep]\n|-heal|p1a: Jafar|100\/100 tox|[from] item: Leftovers\n|-heal|p2a: Great Tusk|96\/100|[from] item: Leftovers\n|-damage|p1a: Jafar|95\/100 tox|[from] psn\n|upkeep\n|turn|13\n|\n|t:|1700368036\n|move|p1a: Jafar|Psychic|p2a: Great Tusk\n|-supereffective|p2a: Great Tusk\n|-damage|p2a: Great Tusk|0 fnt\n|faint|p2a: Great Tusk\n|-end|p2a: Great Tusk|Protosynthesis|[silent]\n|\n|-weather|none\n|-heal|p1a: Jafar|100\/100 tox|[from] item: Leftovers\n|-damage|p1a: Jafar|89\/100 tox|[from] psn\n|upkeep\n|\n|t:|1700368045\n|switch|p2a: Tapu Lele|Tapu Lele|100\/100\n|-fieldstart|move: Psychic Terrain|[from] ability: Psychic Surge|[of] p2a: Tapu Lele\n|turn|14\n|\n|t:|1700368052\n|move|p2a: Tapu Lele|Moonblast|p1a: Jafar\n|-supereffective|p1a: Jafar\n|-damage|p1a: Jafar|5\/100 tox\n|move|p1a: Jafar|Hyperspace Fury|p2a: Tapu Lele\n|-damage|p2a: Tapu Lele|9\/100\n|-unboost|p1a: Jafar|def|1\n|\n|-heal|p1a: Jafar|11\/100 tox|[from] item: Leftovers\n|-damage|p1a: Jafar|0 fnt|[from] psn\n|faint|p1a: Jafar\n|upkeep\n|\n|t:|1700368054\n|switch|p1a: Why u hate me|Toxapex, M|100\/100\n|turn|15\n|-message|Chidi Odume forfeited.\n|\n|win|CheeseMaster3000\n|raw|Chidi Odume's rating: 1348 &rarr; <strong>1330<\/strong><br \/>(-18 for losing)\n|raw|CheeseMaster3000's rating: 1382 &rarr; <strong>1400<\/strong><br \/>(+18 for winning)\n|l|\u2606Chidi Odume\n","uploadtime":1700368469,"views":9,"p1id":"chidiodume","p2id":"cheesemaster3000","formatid":"gen9nationaldex","rating":1330,"private":0,"password":""}