{"id":"gen9nationaldex-1993287287","p1":"Equinox Flower11","p2":"mtyqjltz6","format":"[Gen 9] National Dex","log":"|j|\u2606Equinox Flower11\n|j|\u2606mtyqjltz6\n|t:|1700290765\n|gametype|singles\n|player|p1|Equinox Flower11|nurse|1169\n|player|p2|mtyqjltz6|elesa|1196\n|teamsize|p1|6\n|teamsize|p2|6\n|gen|9\n|tier|[Gen 9] National Dex\n|rated|\n|rule|HP Percentage Mod: HP is shown in percentages\n|rule|Endless Battle Clause: Forcing endless battles is banned\n|rule|OHKO Clause: OHKO moves are banned\n|rule|Evasion Clause: Evasion abilities, items, and moves are banned\n|rule|Evasion Abilities Clause: Evasion abilities are banned\n|rule|Evasion Items Clause: Evasion items are banned\n|rule|Evasion Moves Clause: Evasion moves are banned\n|rule|Species Clause: Limit one of each Pok\u00e9mon\n|rule|Sleep Clause Mod: Limit one foe put to sleep\n|clearpoke\n|poke|p1|Dragonite, M|\n|poke|p1|Ursaluna, F|\n|poke|p1|Tapu Koko|\n|poke|p1|Garchomp, M|\n|poke|p1|Hoopa-Unbound|\n|poke|p1|Moltres|\n|poke|p2|Raticate, M|\n|poke|p2|Slowking-Galar, M|\n|poke|p2|Diancie|\n|poke|p2|Rillaboom, F|\n|poke|p2|Zapdos|\n|poke|p2|Blacephalon|\n|teampreview\n|inactive|Battle timer is ON: inactive players will automatically lose when time's up. (requested by mtyqjltz6)\n|inactive|Equinox Flower11 also wants the timer to be on.\n|\n|t:|1700290789\n|start\n|switch|p1a: Dragonite|Dragonite, M|100\/100\n|switch|p2a: Slowking|Slowking-Galar, M, shiny|100\/100\n|turn|1\n|inactive|Equinox Flower11 has 120 seconds left.\n|\n|t:|1700290822\n|switch|p1a: Tapu Koko|Tapu Koko|100\/100\n|-fieldstart|move: Electric Terrain|[from] ability: Electric Surge|[of] p1a: Tapu Koko\n|switch|p2a: Zapdos|Zapdos|100\/100\n|\n|upkeep\n|turn|2\n|inactive|Equinox Flower11 has 120 seconds left.\n|\n|t:|1700290837\n|switch|p2a: Rillaboom|Rillaboom, F|100\/100\n|-fieldstart|move: Grassy Terrain|[from] ability: Grassy Surge|[of] p2a: Rillaboom\n|-terastallize|p1a: Tapu Koko|Electric\n|move|p1a: Tapu Koko|Thunderbolt|p2a: Rillaboom\n|-resisted|p2a: Rillaboom\n|-damage|p2a: Rillaboom|49\/100\n|\n|-heal|p2a: Rillaboom|56\/100|[from] Grassy Terrain\n|upkeep\n|turn|3\n|inactive|Equinox Flower11 has 120 seconds left.\n|\n|t:|1700290855\n|switch|p1a: Moltres|Moltres|100\/100\n|switch|p2a: Diancie|Diancie, shiny|100\/100\n|\n|upkeep\n|turn|4\n|inactive|Equinox Flower11 has 120 seconds left.\n|\n|t:|1700290868\n|switch|p1a: Ursaluna|Ursaluna, F|100\/100\n|detailschange|p2a: Diancie|Diancie-Mega, shiny\n|-mega|p2a: Diancie|Diancie|Diancite\n|move|p2a: Diancie|Stealth Rock|p1a: Ursaluna\n|-sidestart|p1: Equinox Flower11|move: Stealth Rock\n|\n|upkeep\n|turn|5\n|inactive|Equinox Flower11 has 120 seconds left.\n|\n|t:|1700290889\n|switch|p2a: Zapdos|Zapdos|100\/100\n|move|p1a: Ursaluna|Headlong Rush|p2a: Zapdos\n|-immune|p2a: Zapdos\n|\n|upkeep\n|turn|6\n|\n|t:|1700290898\n|move|p2a: Zapdos|Hurricane|p1a: Ursaluna\n|-crit|p1a: Ursaluna\n|-damage|p1a: Ursaluna|58\/100\n|move|p1a: Ursaluna|Stone Edge|p2a: Zapdos\n|-supereffective|p2a: Zapdos\n|-damage|p2a: Zapdos|40\/100\n|\n|-heal|p1a: Ursaluna|64\/100|[from] Grassy Terrain\n|-fieldend|move: Grassy Terrain\n|upkeep\n|turn|7\n|\n|t:|1700290917\n|move|p2a: Zapdos|Roost|p2a: Zapdos\n|-heal|p2a: Zapdos|90\/100\n|-singleturn|p2a: Zapdos|move: Roost\n|move|p1a: Ursaluna|Body Slam|p2a: Zapdos\n|-damage|p2a: Zapdos|53\/100\n|-status|p1a: Ursaluna|par|[from] ability: Static|[of] p2a: Zapdos\n|\n|upkeep\n|turn|8\n|\n|t:|1700290937\n|switch|p2a: Rillaboom|Rillaboom, F|56\/100\n|-fieldstart|move: Grassy Terrain|[from] ability: Grassy Surge|[of] p2a: Rillaboom\n|cant|p1a: Ursaluna|par\n|\n|-heal|p2a: Rillaboom|62\/100|[from] Grassy Terrain\n|-heal|p1a: Ursaluna|70\/100 par|[from] Grassy Terrain\n|upkeep\n|turn|9\n|\n|t:|1700290955\n|move|p2a: Rillaboom|Knock Off|p1a: Ursaluna\n|-damage|p1a: Ursaluna|32\/100 par\n|-enditem|p1a: Ursaluna|Assault Vest|[from] move: Knock Off|[of] p2a: Rillaboom\n|move|p1a: Ursaluna|Fire Punch|p2a: Rillaboom\n|-supereffective|p2a: Rillaboom\n|-damage|p2a: Rillaboom|0 fnt\n|faint|p2a: Rillaboom\n|\n|-heal|p1a: Ursaluna|38\/100 par|[from] Grassy Terrain\n|upkeep\n|inactive|mtyqjltz6 has 120 seconds left.\n|\n|t:|1700290981\n|switch|p2a: Diancie|Diancie-Mega, shiny|100\/100\n|turn|10\n|\n|t:|1700290987\n|move|p2a: Diancie|Moonblast|p1a: Ursaluna\n|-damage|p1a: Ursaluna|0 fnt\n|faint|p1a: Ursaluna\n|\n|upkeep\n|inactive|Equinox Flower11 has 120 seconds left.\n|\n|t:|1700291034\n|switch|p1a: Garchomp|Garchomp, M|100\/100\n|-damage|p1a: Garchomp|94\/100|[from] Stealth Rock\n|turn|11\n|inactive|mtyqjltz6 has 120 seconds left.\n|\n|t:|1700291057\n|move|p1a: Garchomp|Iron Head|p2a: Diancie\n|-supereffective|p2a: Diancie\n|-damage|p2a: Diancie|0 fnt\n|faint|p2a: Diancie\n|\n|-heal|p1a: Garchomp|100\/100|[from] Grassy Terrain\n|upkeep\n|\n|t:|1700291075\n|switch|p2a: Zapdos|Zapdos|53\/100\n|turn|12\n|\n|t:|1700291083\n|move|p1a: Garchomp|Iron Head|p2a: Zapdos\n|-resisted|p2a: Zapdos\n|-crit|p2a: Zapdos\n|-damage|p2a: Zapdos|38\/100\n|cant|p2a: Zapdos|flinch\n|\n|-fieldend|move: Grassy Terrain\n|upkeep\n|turn|13\n|\n|t:|1700291096\n|switch|p1a: Tapu Koko|Tapu Koko, tera:Electric|100\/100\n|-damage|p1a: Tapu Koko|88\/100|[from] Stealth Rock\n|-fieldstart|move: Electric Terrain|[from] ability: Electric Surge|[of] p1a: Tapu Koko\n|move|p2a: Zapdos|Roost|p2a: Zapdos\n|-heal|p2a: Zapdos|88\/100\n|-singleturn|p2a: Zapdos|move: Roost\n|\n|upkeep\n|turn|14\n|\n|t:|1700291109\n|switch|p2a: Slowking|Slowking-Galar, M, shiny|100\/100\n|move|p1a: Tapu Koko|Thunderbolt|p2a: Slowking\n|-damage|p2a: Slowking|39\/100\n|\n|upkeep\n|turn|15\n|\n|t:|1700291129\n|move|p1a: Tapu Koko|Thunderbolt|p2a: Slowking\n|-crit|p2a: Slowking\n|-damage|p2a: Slowking|0 fnt\n|faint|p2a: Slowking\n|\n|upkeep\n|inactive|mtyqjltz6 has 120 seconds left.\n|\n|t:|1700291157\n|switch|p2a: Blacephalon|Blacephalon|100\/100\n|turn|16\n|inactive|Equinox Flower11 has 120 seconds left.\n|\n|t:|1700291172\n|move|p2a: Blacephalon|Shadow Ball|p1a: Tapu Koko\n|-damage|p1a: Tapu Koko|16\/100\n|move|p1a: Tapu Koko|Thunderbolt|p2a: Blacephalon\n|-damage|p2a: Blacephalon|0 fnt\n|faint|p2a: Blacephalon\n|\n|upkeep\n|inactive|mtyqjltz6 has 120 seconds left.\n|\n|t:|1700291178\n|switch|p2a: Raticate|Raticate, M|100\/100\n|turn|17\n|inactive|Equinox Flower11 has 120 seconds left.\n|\n|t:|1700291187\n|move|p2a: Raticate|Sucker Punch|p1a: Tapu Koko\n|-damage|p1a: Tapu Koko|0 fnt\n|faint|p1a: Tapu Koko\n|\n|-fieldend|move: Electric Terrain\n|-status|p2a: Raticate|brn|[from] item: Flame Orb\n|upkeep\n|inactive|Equinox Flower11 has 120 seconds left.\n|c|\u2606mtyqjltz6|fast please\n|\n|t:|1700291215\n|switch|p1a: Dragonite|Dragonite, M|100\/100\n|-damage|p1a: Dragonite|76\/100|[from] Stealth Rock\n|turn|18\n|\n|t:|1700291226\n|-terastallize|p2a: Raticate|Normal\n|move|p2a: Raticate|Facade|p1a: Dragonite\n|-damage|p1a: Dragonite|0 fnt\n|faint|p1a: Dragonite\n|\n|-damage|p2a: Raticate|95\/100 brn|[from] brn\n|upkeep\n|\n|t:|1700291242\n|switch|p1a: Garchomp|Garchomp, M|100\/100\n|-damage|p1a: Garchomp|94\/100|[from] Stealth Rock\n|turn|19\n|\n|t:|1700291246\n|switch|p2a: Zapdos|Zapdos|88\/100\n|move|p1a: Garchomp|Outrage|p2a: Zapdos\n|-damage|p2a: Zapdos|46\/100\n|\n|upkeep\n|turn|20\n|\n|t:|1700291253\n|move|p1a: Garchomp|Outrage|p2a: Zapdos|[from]lockedmove\n|-damage|p2a: Zapdos|1\/100\n|-status|p1a: Garchomp|par|[from] ability: Static|[of] p2a: Zapdos\n|move|p2a: Zapdos|Roost|p2a: Zapdos\n|-heal|p2a: Zapdos|51\/100\n|-singleturn|p2a: Zapdos|move: Roost\n|\n|upkeep\n|turn|21\n|\n|t:|1700291270\n|move|p1a: Garchomp|Outrage|p2a: Zapdos|[from]lockedmove\n|-damage|p2a: Zapdos|6\/100\n|-start|p1a: Garchomp|confusion|[fatigue]\n|move|p2a: Zapdos|Roost|p2a: Zapdos\n|-heal|p2a: Zapdos|56\/100\n|-singleturn|p2a: Zapdos|move: Roost\n|\n|upkeep\n|turn|22\n|\n|t:|1700291278\n|switch|p1a: Hoopa|Hoopa-Unbound|100\/100\n|-damage|p1a: Hoopa|88\/100|[from] Stealth Rock\n|move|p2a: Zapdos|Roost|p2a: Zapdos\n|-heal|p2a: Zapdos|100\/100\n|-singleturn|p2a: Zapdos|move: Roost\n|\n|upkeep\n|turn|23\n|\n|t:|1700291289\n|-zpower|p1a: Hoopa\n|move|p1a: Hoopa|All-Out Pummeling|p2a: Zapdos|[zeffect]\n|-resisted|p2a: Zapdos\n|-damage|p2a: Zapdos|58\/100\n|move|p2a: Zapdos|Volt Switch|p1a: Hoopa\n|-damage|p1a: Hoopa|63\/100\n|\n|t:|1700291296\n|switch|p2a: Raticate|Raticate, M, tera:Normal|95\/100 brn|[from] Volt Switch\n|\n|-damage|p2a: Raticate|89\/100 brn|[from] brn\n|upkeep\n|turn|24\n|\n|t:|1700291304\n|move|p2a: Raticate|Facade|p1a: Hoopa\n|-damage|p1a: Hoopa|0 fnt\n|faint|p1a: Hoopa\n|\n|-damage|p2a: Raticate|83\/100 brn|[from] brn\n|upkeep\n|\n|t:|1700291312\n|switch|p1a: Moltres|Moltres|100\/100\n|turn|25\n|\n|t:|1700291317\n|move|p2a: Raticate|Facade|p1a: Moltres\n|-damage|p1a: Moltres|27\/100\n|move|p1a: Moltres|Flamethrower|p2a: Raticate\n|-damage|p2a: Raticate|14\/100 brn\n|\n|-damage|p2a: Raticate|8\/100 brn|[from] brn\n|upkeep\n|turn|26\n|\n|t:|1700291326\n|move|p2a: Raticate|Facade|p1a: Moltres\n|-damage|p1a: Moltres|0 fnt\n|faint|p1a: Moltres\n|\n|-damage|p2a: Raticate|2\/100 brn|[from] brn\n|upkeep\n|\n|t:|1700291330\n|switch|p1a: Garchomp|Garchomp, M|94\/100 par\n|-damage|p1a: Garchomp|88\/100 par|[from] Stealth Rock\n|turn|27\n|\n|t:|1700291337\n|move|p2a: Raticate|Facade|p1a: Garchomp\n|-damage|p1a: Garchomp|0 fnt\n|-damage|p2a: Raticate|0 fnt|[from] ability: Rough Skin|[of] p1a: Garchomp\n|faint|p1a: Garchomp\n|faint|p2a: Raticate\n|\n|win|mtyqjltz6\n|raw|Equinox Flower11's rating: 1169 &rarr; <strong>1146<\/strong><br \/>(-23 for losing)\n|raw|mtyqjltz6's rating: 1196 &rarr; <strong>1219<\/strong><br \/>(+23 for winning)\n|l|\u2606Equinox Flower11\n","uploadtime":1700291349,"views":6,"p1id":"equinoxflower11","p2id":"mtyqjltz6","formatid":"gen9nationaldex","rating":1146,"private":0,"password":""}