{"id":"gen9nationaldex-1989384014","p1":"birdnie","p2":"sskool","format":"[Gen 9] National Dex","log":"|j|\u2606birdnie\n|j|\u2606sskool\n|t:|1699843416\n|gametype|singles\n|player|p1|birdnie|marnie-masters3|1177\n|player|p2|sskool|265|1050\n|teamsize|p1|6\n|teamsize|p2|6\n|gen|9\n|tier|[Gen 9] National Dex\n|rated|\n|rule|HP Percentage Mod: HP is shown in percentages\n|rule|Endless Battle Clause: Forcing endless battles is banned\n|rule|OHKO Clause: OHKO moves are banned\n|rule|Evasion Clause: Evasion abilities, items, and moves are banned\n|rule|Evasion Abilities Clause: Evasion abilities are banned\n|rule|Evasion Items Clause: Evasion items are banned\n|rule|Evasion Moves Clause: Evasion moves are banned\n|rule|Species Clause: Limit one of each Pok\u00e9mon\n|rule|Sleep Clause Mod: Limit one foe put to sleep\n|clearpoke\n|poke|p1|Ninetales, F|\n|poke|p1|Sylveon, F|\n|poke|p1|Ogerpon, F|\n|poke|p1|Mantine, M|\n|poke|p1|Lilligant-Hisui, F|\n|poke|p1|Sandy Shocks|\n|poke|p2|Ursaring, F|\n|poke|p2|Dragonite, M|\n|poke|p2|Conkeldurr, F|\n|poke|p2|Politoed, M|\n|poke|p2|Basculegion, M|\n|poke|p2|Hoopa-Unbound|\n|teampreview\n|\n|t:|1699843424\n|start\n|switch|p1a: Icarus|Mantine, M|100\/100\n|switch|p2a: Politoed|Politoed, M|100\/100\n|-weather|RainDance|[from] ability: Drizzle|[of] p2a: Politoed\n|turn|1\n|\n|t:|1699843440\n|move|p2a: Politoed|Psychic|p1a: Icarus\n|-damage|p1a: Icarus|82\/100\n|move|p1a: Icarus|Toxic|p2a: Politoed\n|-status|p2a: Politoed|tox\n|\n|-weather|RainDance|[upkeep]\n|-damage|p2a: Politoed|94\/100 tox|[from] psn\n|upkeep\n|turn|2\n|inactive|Battle timer is ON: inactive players will automatically lose when time's up. (requested by birdnie)\n|\n|t:|1699843451\n|move|p2a: Politoed|Psychic|p1a: Icarus\n|-crit|p1a: Icarus\n|-damage|p1a: Icarus|55\/100\n|move|p1a: Icarus|Toxic|p2a: Politoed\n|-fail|p2a: Politoed|tox\n|\n|-weather|RainDance|[upkeep]\n|-damage|p2a: Politoed|82\/100 tox|[from] psn\n|upkeep\n|turn|3\n|\n|t:|1699843462\n|move|p2a: Politoed|Psychic|p1a: Icarus\n|-damage|p1a: Icarus|37\/100\n|move|p1a: Icarus|Roost|p1a: Icarus\n|-heal|p1a: Icarus|87\/100\n|-singleturn|p1a: Icarus|move: Roost\n|\n|-weather|RainDance|[upkeep]\n|-damage|p2a: Politoed|63\/100 tox|[from] psn\n|upkeep\n|turn|4\n|\n|t:|1699843476\n|switch|p2a: Basculegion|Basculegion, M|100\/100\n|move|p1a: Icarus|Toxic|p2a: Basculegion\n|-status|p2a: Basculegion|tox\n|\n|-weather|RainDance|[upkeep]\n|-damage|p2a: Basculegion|94\/100 tox|[from] psn\n|upkeep\n|turn|5\n|\n|t:|1699843487\n|-terastallize|p2a: Basculegion|Water\n|move|p2a: Basculegion|Wave Crash|p1a: Icarus\n|-heal|p1a: Icarus|100\/100|[from] ability: Water Absorb|[of] p2a: Basculegion\n|move|p1a: Icarus|Roost||[still]\n|-fail|p1a: Icarus|heal\n|\n|-weather|none\n|-damage|p2a: Basculegion|82\/100 tox|[from] psn\n|upkeep\n|turn|6\n|\n|t:|1699843501\n|switch|p2a: Ursaring|Ursaring, F|100\/100\n|move|p1a: Icarus|Toxic|p2a: Ursaring|[miss]\n|-miss|p1a: Icarus|p2a: Ursaring\n|\n|-status|p2a: Ursaring|tox|[from] item: Toxic Orb\n|upkeep\n|turn|7\n|\n|t:|1699843516\n|move|p1a: Icarus|Scald|p2a: Ursaring\n|-damage|p2a: Ursaring|75\/100 tox\n|move|p2a: Ursaring|Facade|p1a: Icarus\n|-damage|p1a: Icarus|6\/100\n|\n|-damage|p2a: Ursaring|69\/100 tox|[from] psn\n|upkeep\n|turn|8\n|\n|t:|1699843528\n|move|p1a: Icarus|Scald|p2a: Ursaring\n|-damage|p2a: Ursaring|43\/100 tox\n|move|p2a: Ursaring|Facade|p1a: Icarus\n|-damage|p1a: Icarus|0 fnt\n|faint|p1a: Icarus\n|\n|-damage|p2a: Ursaring|31\/100 tox|[from] psn\n|upkeep\n|\n|t:|1699843536\n|switch|p1a: Zinnia|Lilligant-Hisui, F|100\/100\n|turn|9\n|\n|t:|1699843542\n|-singleturn|p2a: Ursaring|move: Focus Punch\n|move|p1a: Zinnia|Close Combat|p2a: Ursaring\n|-supereffective|p2a: Ursaring\n|-damage|p2a: Ursaring|0 fnt\n|-unboost|p1a: Zinnia|def|1\n|-unboost|p1a: Zinnia|spd|1\n|faint|p2a: Ursaring\n|\n|upkeep\n|\n|t:|1699843552\n|switch|p2a: Dragonite|Dragonite, M|100\/100\n|turn|10\n|\n|t:|1699843555\n|switch|p1a: Abigail|Sylveon, F|100\/100\n|move|p2a: Dragonite|Extreme Speed|p1a: Abigail\n|-damage|p1a: Abigail|43\/100\n|\n|upkeep\n|turn|11\n|\n|t:|1699843564\n|switch|p1a: Kiriko|Ninetales, F|100\/100\n|-weather|SunnyDay|[from] ability: Drought|[of] p1a: Kiriko\n|move|p2a: Dragonite|Extreme Speed|p1a: Kiriko\n|-damage|p1a: Kiriko|47\/100\n|\n|-weather|SunnyDay|[upkeep]\n|upkeep\n|turn|12\n|\n|t:|1699843575\n|move|p2a: Dragonite|Extreme Speed|p1a: Kiriko\n|-damage|p1a: Kiriko|0 fnt\n|faint|p1a: Kiriko\n|\n|-weather|SunnyDay|[upkeep]\n|upkeep\n|\n|t:|1699843579\n|switch|p1a: Thales|Sandy Shocks|100\/100\n|-activate|p1a: Thales|ability: Protosynthesis\n|-start|p1a: Thales|protosynthesisspe\n|turn|13\n|\n|t:|1699843585\n|move|p2a: Dragonite|Extreme Speed|p1a: Thales\n|-damage|p1a: Thales|44\/100\n|move|p1a: Thales|Discharge|p2a: Dragonite\n|-damage|p2a: Dragonite|84\/100\n|\n|-weather|SunnyDay|[upkeep]\n|upkeep\n|turn|14\n|\n|t:|1699843594\n|move|p2a: Dragonite|Extreme Speed|p1a: Thales\n|-damage|p1a: Thales|0 fnt\n|faint|p1a: Thales\n|-end|p1a: Thales|Protosynthesis|[silent]\n|\n|-weather|SunnyDay|[upkeep]\n|upkeep\n|\n|t:|1699843599\n|switch|p1a: Zinnia|Lilligant-Hisui, F|100\/100\n|turn|15\n|\n|t:|1699843602\n|move|p2a: Dragonite|Extreme Speed|p1a: Zinnia\n|-damage|p1a: Zinnia|32\/100\n|move|p1a: Zinnia|Ice Spinner|p2a: Dragonite\n|-supereffective|p2a: Dragonite\n|-damage|p2a: Dragonite|0 fnt\n|faint|p2a: Dragonite\n|\n|-weather|SunnyDay|[upkeep]\n|-heal|p1a: Zinnia|38\/100|[from] item: Leftovers\n|upkeep\n|\n|t:|1699843619\n|switch|p2a: Conkeldurr|Conkeldurr, F|100\/100\n|turn|16\n|\n|t:|1699843626\n|move|p1a: Zinnia|Leaf Blade|p2a: Conkeldurr\n|-crit|p2a: Conkeldurr\n|-damage|p2a: Conkeldurr|47\/100\n|move|p2a: Conkeldurr|Drain Punch|p1a: Zinnia\n|-damage|p1a: Zinnia|0 fnt\n|-heal|p2a: Conkeldurr|60\/100|[from] drain|[of] p1a: Zinnia\n|faint|p1a: Zinnia\n|\n|-weather|SunnyDay|[upkeep]\n|upkeep\n|\n|t:|1699843634\n|switch|p1a: Abigail|Sylveon, F|43\/100\n|turn|17\n|\n|t:|1699843639\n|move|p1a: Abigail|Wish|p1a: Abigail\n|move|p2a: Conkeldurr|Earthquake|p1a: Abigail\n|-damage|p1a: Abigail|0 fnt\n|faint|p1a: Abigail\n|\n|-weather|SunnyDay|[upkeep]\n|upkeep\n|\n|t:|1699843645\n|switch|p1a: Calypso|Ogerpon, F|100\/100\n|turn|18\n|\n|t:|1699843651\n|move|p1a: Calypso|Trailblaze|p2a: Conkeldurr\n|-damage|p2a: Conkeldurr|37\/100\n|-boost|p1a: Calypso|spe|1\n|move|p2a: Conkeldurr|Drain Punch|p1a: Calypso\n|-damage|p1a: Calypso|40\/100\n|-heal|p2a: Conkeldurr|59\/100|[from] drain|[of] p1a: Calypso\n|\n|-weather|none\n|-heal|p1a: Calypso|100\/100|[from] move: Wish|[wisher] Abigail\n|upkeep\n|turn|19\n|\n|t:|1699843664\n|move|p1a: Calypso|Spiky Shield|p1a: Calypso\n|-singleturn|p1a: Calypso|move: Protect\n|move|p2a: Conkeldurr|Drain Punch|p1a: Calypso\n|-activate|p1a: Calypso|move: Protect\n|-damage|p2a: Conkeldurr|47\/100|[from] Spiky Shield|[of] p1a: Calypso\n|\n|upkeep\n|turn|20\n|\n|t:|1699843672\n|move|p1a: Calypso|Horn Leech|p2a: Conkeldurr\n|-damage|p2a: Conkeldurr|15\/100\n|move|p2a: Conkeldurr|Drain Punch|p1a: Calypso\n|-damage|p1a: Calypso|44\/100\n|-heal|p2a: Conkeldurr|36\/100|[from] drain|[of] p1a: Calypso\n|\n|-heal|p1a: Calypso|50\/100|[from] item: Leftovers\n|upkeep\n|turn|21\n|\n|t:|1699843683\n|move|p1a: Calypso|Spiky Shield|p1a: Calypso\n|-singleturn|p1a: Calypso|move: Protect\n|move|p2a: Conkeldurr|Drain Punch|p1a: Calypso\n|-activate|p1a: Calypso|move: Protect\n|-damage|p2a: Conkeldurr|24\/100|[from] Spiky Shield|[of] p1a: Calypso\n|\n|-heal|p1a: Calypso|56\/100|[from] item: Leftovers\n|upkeep\n|turn|22\n|\n|t:|1699843693\n|move|p2a: Conkeldurr|Mach Punch|p1a: Calypso\n|-damage|p1a: Calypso|26\/100\n|move|p1a: Calypso|Horn Leech|p2a: Conkeldurr\n|-crit|p2a: Conkeldurr\n|-damage|p2a: Conkeldurr|0 fnt\n|-heal|p1a: Calypso|42\/100|[from] drain|[of] p2a: Conkeldurr\n|faint|p2a: Conkeldurr\n|\n|-heal|p1a: Calypso|48\/100|[from] item: Leftovers\n|upkeep\n|\n|t:|1699843706\n|switch|p2a: Hoopa|Hoopa-Unbound|100\/100\n|turn|23\n|\n|t:|1699843712\n|move|p1a: Calypso|Spiky Shield|p1a: Calypso\n|-singleturn|p1a: Calypso|move: Protect\n|move|p2a: Hoopa|Psychic|p1a: Calypso\n|-activate|p1a: Calypso|move: Protect\n|\n|-heal|p1a: Calypso|54\/100|[from] item: Leftovers\n|upkeep\n|turn|24\n|\n|t:|1699843721\n|move|p1a: Calypso|Horn Leech|p2a: Hoopa\n|-damage|p2a: Hoopa|56\/100\n|-heal|p1a: Calypso|76\/100|[from] drain|[of] p2a: Hoopa\n|move|p2a: Hoopa|Psychic|p1a: Calypso\n|-damage|p1a: Calypso|7\/100\n|\n|-heal|p1a: Calypso|13\/100|[from] item: Leftovers\n|-heal|p2a: Hoopa|62\/100|[from] item: Leftovers\n|upkeep\n|turn|25\n|\n|t:|1699843733\n|switch|p2a: Politoed|Politoed, M|63\/100 tox\n|-weather|RainDance|[from] ability: Drizzle|[of] p2a: Politoed\n|move|p1a: Calypso|Horn Leech|p2a: Politoed\n|-supereffective|p2a: Politoed\n|-damage|p2a: Politoed|0 fnt\n|-heal|p1a: Calypso|47\/100|[from] drain|[of] p2a: Politoed\n|faint|p2a: Politoed\n|\n|-weather|RainDance|[upkeep]\n|-heal|p1a: Calypso|53\/100|[from] item: Leftovers\n|upkeep\n|\n|t:|1699843746\n|switch|p2a: Hoopa|Hoopa-Unbound|62\/100\n|turn|26\n|\n|t:|1699843750\n|move|p1a: Calypso|Spiky Shield|p1a: Calypso\n|-singleturn|p1a: Calypso|move: Protect\n|move|p2a: Hoopa|Psychic|p1a: Calypso\n|-activate|p1a: Calypso|move: Protect\n|\n|-weather|RainDance|[upkeep]\n|-heal|p1a: Calypso|59\/100|[from] item: Leftovers\n|-heal|p2a: Hoopa|68\/100|[from] item: Leftovers\n|upkeep\n|turn|27\n|\n|t:|1699843761\n|move|p1a: Calypso|Horn Leech|p2a: Hoopa\n|-damage|p2a: Hoopa|26\/100\n|-heal|p1a: Calypso|80\/100|[from] drain|[of] p2a: Hoopa\n|move|p2a: Hoopa|Psychic|p1a: Calypso\n|-damage|p1a: Calypso|10\/100\n|-unboost|p1a: Calypso|spd|1\n|-ability|p1a: Calypso|Defiant|boost\n|-boost|p1a: Calypso|atk|2\n|\n|-weather|RainDance|[upkeep]\n|-heal|p1a: Calypso|16\/100|[from] item: Leftovers\n|-heal|p2a: Hoopa|32\/100|[from] item: Leftovers\n|upkeep\n|turn|28\n|\n|t:|1699843777\n|move|p1a: Calypso|Horn Leech|p2a: Hoopa\n|-damage|p2a: Hoopa|0 fnt\n|-heal|p1a: Calypso|31\/100|[from] drain|[of] p2a: Hoopa\n|faint|p2a: Hoopa\n|\n|-weather|RainDance|[upkeep]\n|-heal|p1a: Calypso|37\/100|[from] item: Leftovers\n|upkeep\n|\n|t:|1699843786\n|switch|p2a: Basculegion|Basculegion, M, tera:Water|82\/100 tox\n|turn|29\n|\n|t:|1699843791\n|move|p1a: Calypso|Spiky Shield|p1a: Calypso\n|-singleturn|p1a: Calypso|move: Protect\n|move|p2a: Basculegion|Ice Fang|p1a: Calypso\n|-activate|p1a: Calypso|move: Protect\n|-damage|p2a: Basculegion|70\/100 tox|[from] Spiky Shield|[of] p1a: Calypso\n|\n|-weather|none\n|-heal|p1a: Calypso|43\/100|[from] item: Leftovers\n|-damage|p2a: Basculegion|64\/100 tox|[from] psn\n|upkeep\n|turn|30\n|\n|t:|1699843803\n|move|p1a: Calypso|Horn Leech|p2a: Basculegion\n|-supereffective|p2a: Basculegion\n|-damage|p2a: Basculegion|0 fnt\n|-heal|p1a: Calypso|84\/100|[from] drain|[of] p2a: Basculegion\n|faint|p2a: Basculegion\n|\n|win|birdnie\n|raw|birdnie's rating: 1177 &rarr; <strong>1193<\/strong><br \/>(+16 for winning)\n|raw|sskool's rating: 1050 &rarr; <strong>1039<\/strong><br \/>(-11 for losing)\n|l|\u2606sskool\n","uploadtime":1699843829,"views":18,"p1id":"birdnie","p2id":"sskool","formatid":"gen9nationaldex","rating":1039,"private":0,"password":""}