{"id":"gen9nationaldex-1989621113","p1":"put the raw in men","p2":"xiezhouqun","format":"[Gen 9] National Dex","log":"|j|\u2606put the raw in men\n|j|\u2606xiezhouqun\n|t:|1699879864\n|gametype|singles\n|player|p1|put the raw in men|blackbelt-gen4dp|1571\n|player|p2|xiezhouqun|fisherman-gen4|1640\n|teamsize|p1|6\n|teamsize|p2|6\n|gen|9\n|tier|[Gen 9] National Dex\n|rated|\n|rule|HP Percentage Mod: HP is shown in percentages\n|rule|Endless Battle Clause: Forcing endless battles is banned\n|rule|OHKO Clause: OHKO moves are banned\n|rule|Evasion Clause: Evasion abilities, items, and moves are banned\n|rule|Evasion Abilities Clause: Evasion abilities are banned\n|rule|Evasion Items Clause: Evasion items are banned\n|rule|Evasion Moves Clause: Evasion moves are banned\n|rule|Species Clause: Limit one of each Pok\u00e9mon\n|rule|Sleep Clause Mod: Limit one foe put to sleep\n|clearpoke\n|poke|p1|Kyurem|\n|poke|p1|Urshifu-*, M|\n|poke|p1|Scizor, M|\n|poke|p1|Corviknight, M|\n|poke|p1|Blissey, F|\n|poke|p1|Alomomola, F|\n|poke|p2|Serperior, F|\n|poke|p2|Rillaboom, F|\n|poke|p2|Charizard, F|\n|poke|p2|Garchomp, M|\n|poke|p2|Landorus-Therian, M|\n|poke|p2|Aegislash, M|\n|teampreview\n|inactive|Battle timer is ON: inactive players will automatically lose when time's up. (requested by put the raw in men)\n|\n|t:|1699879874\n|start\n|switch|p1a: Urshifu|Urshifu-Rapid-Strike, M|100\/100\n|switch|p2a: Serperior|Serperior, F|100\/100\n|turn|1\n|\n|t:|1699879881\n|move|p1a: Urshifu|U-turn|p2a: Serperior\n|-supereffective|p2a: Serperior\n|-damage|p2a: Serperior|44\/100\n|\n|t:|1699879883\n|switch|p1a: Scizor|Scizor, M|100\/100|[from] U-turn\n|move|p2a: Serperior|Glare|p1a: Scizor\n|-status|p1a: Scizor|par\n|\n|-heal|p2a: Serperior|50\/100|[from] item: Leftovers\n|upkeep\n|turn|2\n|\n|t:|1699879895\n|switch|p2a: Charizard|Charizard, F|100\/100\n|detailschange|p1a: Scizor|Scizor-Mega, M\n|-mega|p1a: Scizor|Scizor|Scizorite\n|move|p1a: Scizor|Knock Off|p2a: Charizard\n|-damage|p2a: Charizard|72\/100\n|\n|upkeep\n|turn|3\n|inactive|xiezhouqun has 120 seconds left.\n|\n|t:|1699879931\n|switch|p2a: Landorus|Landorus-Therian, M|100\/100\n|-ability|p2a: Landorus|Intimidate|boost\n|-unboost|p1a: Scizor|atk|1\n|switch|p1a: Blissey|Blissey, F|100\/100\n|\n|upkeep\n|turn|4\n|inactive|xiezhouqun has 120 seconds left.\n|\n|t:|1699879941\n|switch|p1a: Corviknight|Corviknight, M|100\/100\n|-ability|p1a: Corviknight|Pressure\n|move|p2a: Landorus|Substitute|p2a: Landorus\n|-start|p2a: Landorus|Substitute\n|-damage|p2a: Landorus|76\/100\n|\n|-heal|p2a: Landorus|82\/100|[from] item: Leftovers\n|upkeep\n|turn|5\n|\n|t:|1699879951\n|move|p2a: Landorus|Bulk Up|p2a: Landorus\n|-boost|p2a: Landorus|atk|1\n|-boost|p2a: Landorus|def|1\n|move|p1a: Corviknight|Brave Bird|p2a: Landorus\n|-activate|p2a: Landorus|move: Substitute|[damage]\n|-damage|p1a: Corviknight|94\/100|[from] Recoil|[of] p2a: Landorus\n|\n|-heal|p2a: Landorus|88\/100|[from] item: Leftovers\n|upkeep\n|turn|6\n|\n|t:|1699879961\n|move|p2a: Landorus|Bulk Up|p2a: Landorus\n|-boost|p2a: Landorus|atk|1\n|-boost|p2a: Landorus|def|1\n|move|p1a: Corviknight|U-turn|p2a: Landorus\n|-resisted|p2a: Landorus\n|-end|p2a: Landorus|Substitute\n|\n|t:|1699879963\n|switch|p1a: Kyurem|Kyurem|100\/100|[from] U-turn\n|-ability|p1a: Kyurem|Pressure\n|\n|-heal|p2a: Landorus|94\/100|[from] item: Leftovers\n|upkeep\n|turn|7\n|\n|t:|1699879979\n|-terastallize|p2a: Landorus|Water\n|move|p1a: Kyurem|Freeze-Dry|p2a: Landorus\n|-supereffective|p2a: Landorus\n|-damage|p2a: Landorus|0 fnt\n|faint|p2a: Landorus\n|\n|upkeep\n|inactive|xiezhouqun has 120 seconds left.\n|\n|t:|1699880000\n|switch|p2a: Aegislash|Aegislash, M|100\/100\n|turn|8\n|\n|t:|1699880028\n|switch|p1a: Alomomola|Alomomola, F|100\/100\n|move|p2a: Aegislash|Swords Dance|p2a: Aegislash\n|-boost|p2a: Aegislash|atk|2\n|\n|upkeep\n|turn|9\n|\n|t:|1699880035\n|move|p2a: Aegislash|Swords Dance|p2a: Aegislash\n|-boost|p2a: Aegislash|atk|2\n|move|p1a: Alomomola|Scald|p2a: Aegislash\n|-damage|p2a: Aegislash|88\/100\n|\n|upkeep\n|turn|10\n|\n|t:|1699880042\n|move|p2a: Aegislash|Swords Dance|p2a: Aegislash\n|-boost|p2a: Aegislash|atk|2\n|move|p1a: Alomomola|Scald|p2a: Aegislash\n|-damage|p2a: Aegislash|77\/100\n|\n|upkeep\n|turn|11\n|\n|t:|1699880052\n|-formechange|p2a: Aegislash|Aegislash-Blade||[from] ability: Stance Change\n|move|p2a: Aegislash|Close Combat|p1a: Alomomola\n|-damage|p1a: Alomomola|0 fnt\n|-unboost|p2a: Aegislash|def|1\n|-unboost|p2a: Aegislash|spd|1\n|faint|p1a: Alomomola\n|\n|upkeep\n|\n|t:|1699880058\n|switch|p1a: Kyurem|Kyurem|100\/100\n|-ability|p1a: Kyurem|Pressure\n|turn|12\n|\n|t:|1699880065\n|move|p2a: Aegislash|Shadow Sneak|p1a: Kyurem\n|-damage|p1a: Kyurem|16\/100\n|move|p1a: Kyurem|Earth Power|p2a: Aegislash\n|-supereffective|p2a: Aegislash\n|-damage|p2a: Aegislash|0 fnt\n|faint|p2a: Aegislash\n|\n|upkeep\n|j| SunQdl\n|\n|t:|1699880088\n|switch|p2a: Rillaboom|Rillaboom, F|100\/100\n|-fieldstart|move: Grassy Terrain|[from] ability: Grassy Surge|[of] p2a: Rillaboom\n|turn|13\n|\n|t:|1699880094\n|switch|p1a: Corviknight|Corviknight, M|94\/100\n|-ability|p1a: Corviknight|Pressure\n|move|p2a: Rillaboom|Grassy Glide|p1a: Corviknight\n|-resisted|p1a: Corviknight\n|-damage|p1a: Corviknight|87\/100\n|-damage|p2a: Rillaboom|84\/100|[from] item: Rocky Helmet|[of] p1a: Corviknight\n|\n|-heal|p2a: Rillaboom|90\/100|[from] Grassy Terrain\n|-heal|p2a: Rillaboom|96\/100|[from] item: Leftovers\n|upkeep\n|turn|14\n|\n|t:|1699880107\n|switch|p2a: Garchomp|Garchomp, M|100\/100\n|move|p1a: Corviknight|U-turn|p2a: Garchomp\n|-damage|p2a: Garchomp|85\/100\n|-damage|p1a: Corviknight|75\/100|[from] ability: Rough Skin|[of] p2a: Garchomp\n|\n|t:|1699880117\n|switch|p1a: Urshifu|Urshifu-Rapid-Strike, M|100\/100|[from] U-turn\n|\n|-heal|p2a: Garchomp|91\/100|[from] Grassy Terrain\n|upkeep\n|turn|15\n|\n|t:|1699880127\n|move|p1a: Urshifu|U-turn|p2a: Garchomp\n|-damage|p2a: Garchomp|68\/100\n|-damage|p1a: Urshifu|88\/100|[from] ability: Rough Skin|[of] p2a: Garchomp\n|\n|t:|1699880131\n|switch|p1a: Corviknight|Corviknight, M|75\/100|[from] U-turn\n|-ability|p1a: Corviknight|Pressure\n|move|p2a: Garchomp|Earthquake|p1a: Corviknight\n|-immune|p1a: Corviknight\n|\n|-heal|p2a: Garchomp|74\/100|[from] Grassy Terrain\n|upkeep\n|turn|16\n|\n|t:|1699880142\n|move|p2a: Garchomp|Swords Dance|p2a: Garchomp\n|-boost|p2a: Garchomp|atk|2\n|move|p1a: Corviknight|Brave Bird|p2a: Garchomp\n|-crit|p2a: Garchomp\n|-damage|p2a: Garchomp|15\/100\n|-damage|p1a: Corviknight|62\/100|[from] ability: Rough Skin|[of] p2a: Garchomp\n|-damage|p1a: Corviknight|45\/100|[from] Recoil\n|\n|-heal|p2a: Garchomp|21\/100|[from] Grassy Terrain\n|upkeep\n|turn|17\n|\n|t:|1699880158\n|switch|p1a: Kyurem|Kyurem|16\/100\n|-ability|p1a: Kyurem|Pressure\n|move|p2a: Garchomp|Fire Fang|p1a: Kyurem\n|-damage|p1a: Kyurem|0 fnt\n|faint|p1a: Kyurem\n|\n|-heal|p2a: Garchomp|27\/100|[from] Grassy Terrain\n|-fieldend|move: Grassy Terrain\n|upkeep\n|\n|t:|1699880160\n|switch|p1a: Urshifu|Urshifu-Rapid-Strike, M|88\/100\n|turn|18\n|\n|t:|1699880181\n|move|p1a: Urshifu|Close Combat|p2a: Garchomp\n|-damage|p2a: Garchomp|0 fnt\n|-unboost|p1a: Urshifu|def|1\n|-unboost|p1a: Urshifu|spd|1\n|-damage|p1a: Urshifu|76\/100|[from] ability: Rough Skin|[of] p2a: Garchomp\n|faint|p2a: Garchomp\n|\n|upkeep\n|\n|t:|1699880195\n|switch|p2a: Rillaboom|Rillaboom, F|96\/100\n|-fieldstart|move: Grassy Terrain|[from] ability: Grassy Surge|[of] p2a: Rillaboom\n|turn|19\n|\n|t:|1699880202\n|switch|p1a: Corviknight|Corviknight, M|45\/100\n|-ability|p1a: Corviknight|Pressure\n|switch|p2a: Charizard|Charizard, F|72\/100\n|\n|upkeep\n|turn|20\n|\n|t:|1699880211\n|switch|p2a: Serperior|Serperior, F|50\/100\n|switch|p1a: Blissey|Blissey, F|100\/100\n|\n|-heal|p2a: Serperior|56\/100|[from] Grassy Terrain\n|-heal|p2a: Serperior|62\/100|[from] item: Leftovers\n|upkeep\n|turn|21\n|\n|t:|1699880224\n|move|p2a: Serperior|Leech Seed|p1a: Blissey\n|-start|p1a: Blissey|move: Leech Seed\n|move|p1a: Blissey|Toxic|p2a: Serperior\n|-status|p2a: Serperior|tox\n|\n|-heal|p2a: Serperior|68\/100 tox|[from] Grassy Terrain\n|-heal|p2a: Serperior|75\/100 tox|[from] item: Leftovers\n|-damage|p1a: Blissey|88\/100|[from] Leech Seed|[of] p2a: Serperior\n|-heal|p2a: Serperior|99\/100 tox|[silent]\n|-damage|p2a: Serperior|93\/100 tox|[from] psn\n|upkeep\n|turn|22\n|\n|t:|1699880238\n|move|p2a: Serperior|Glare|p1a: Blissey\n|-status|p1a: Blissey|par\n|move|p1a: Blissey|Teleport|p1a: Blissey\n|\n|t:|1699880241\n|-curestatus|p1a: Blissey|par|[from] ability: Natural Cure\n|switch|p1a: Scizor|Scizor-Mega, M|100\/100 par|[from] Teleport\n|\n|-heal|p2a: Serperior|99\/100 tox|[from] Grassy Terrain\n|-heal|p2a: Serperior|100\/100 tox|[from] item: Leftovers\n|-damage|p2a: Serperior|88\/100 tox|[from] psn\n|upkeep\n|turn|23\n|\n|t:|1699880251\n|move|p2a: Serperior|Leech Seed|p1a: Scizor\n|-start|p1a: Scizor|move: Leech Seed\n|move|p1a: Scizor|Knock Off|p2a: Serperior\n|-damage|p2a: Serperior|52\/100 tox\n|-enditem|p2a: Serperior|Leftovers|[from] move: Knock Off|[of] p1a: Scizor\n|\n|-heal|p2a: Serperior|58\/100 tox|[from] Grassy Terrain\n|-damage|p1a: Scizor|88\/100 par|[from] Leech Seed|[of] p2a: Serperior\n|-heal|p2a: Serperior|71\/100 tox|[silent]\n|-damage|p2a: Serperior|52\/100 tox|[from] psn\n|-fieldend|move: Grassy Terrain\n|upkeep\n|turn|24\n|\n|t:|1699880266\n|switch|p2a: Charizard|Charizard, F|72\/100\n|move|p1a: Scizor|Swords Dance|p1a: Scizor\n|-boost|p1a: Scizor|atk|2\n|\n|-damage|p1a: Scizor|76\/100 par|[from] Leech Seed|[of] p2a: Charizard\n|-heal|p2a: Charizard|86\/100|[silent]\n|upkeep\n|turn|25\n|\n|t:|1699880278\n|switch|p1a: Blissey|Blissey, F|88\/100\n|detailschange|p2a: Charizard|Charizard-Mega-Y, F\n|-mega|p2a: Charizard|Charizard|Charizardite Y\n|-weather|SunnyDay|[from] ability: Drought|[of] p2a: Charizard\n|move|p2a: Charizard|Flamethrower|p1a: Blissey\n|-damage|p1a: Blissey|61\/100\n|\n|-weather|SunnyDay|[upkeep]\n|upkeep\n|turn|26\n|\n|t:|1699880289\n|move|p2a: Charizard|Air Slash|p1a: Blissey\n|-damage|p1a: Blissey|45\/100\n|move|p1a: Blissey|Soft-Boiled|p1a: Blissey\n|-heal|p1a: Blissey|95\/100\n|\n|-weather|SunnyDay|[upkeep]\n|upkeep\n|turn|27\n|\n|t:|1699880297\n|switch|p2a: Serperior|Serperior, F|52\/100 tox\n|move|p1a: Blissey|Toxic|p2a: Serperior|[miss]\n|-miss|p1a: Blissey|p2a: Serperior\n|\n|-weather|SunnyDay|[upkeep]\n|-damage|p2a: Serperior|46\/100 tox|[from] psn\n|upkeep\n|turn|28\n|\n|t:|1699880313\n|move|p2a: Serperior|Leech Seed|p1a: Blissey\n|-start|p1a: Blissey|move: Leech Seed\n|move|p1a: Blissey|Teleport|p1a: Blissey\n|inactive|put the raw in men has 120 seconds left.\n|\n|t:|1699880344\n|switch|p1a: Urshifu|Urshifu-Rapid-Strike, M|76\/100|[from] Teleport\n|\n|-weather|SunnyDay|[upkeep]\n|-damage|p2a: Serperior|34\/100 tox|[from] psn\n|upkeep\n|turn|29\n|\n|t:|1699880351\n|move|p1a: Urshifu|U-turn|p2a: Serperior\n|-supereffective|p2a: Serperior\n|-crit|p2a: Serperior\n|-damage|p2a: Serperior|0 fnt\n|faint|p2a: Serperior\n|inactive|put the raw in men has 120 seconds left.\n|\n|t:|1699880364\n|switch|p1a: Blissey|Blissey, F|95\/100|[from] U-turn\n|\n|-weather|none\n|upkeep\n|\n|t:|1699880371\n|switch|p2a: Rillaboom|Rillaboom, F|96\/100\n|-fieldstart|move: Grassy Terrain|[from] ability: Grassy Surge|[of] p2a: Rillaboom\n|turn|30\n|\n|t:|1699880376\n|switch|p1a: Corviknight|Corviknight, M|45\/100\n|-ability|p1a: Corviknight|Pressure\n|move|p2a: Rillaboom|Swords Dance|p2a: Rillaboom\n|-boost|p2a: Rillaboom|atk|2\n|\n|-heal|p2a: Rillaboom|100\/100|[from] Grassy Terrain\n|upkeep\n|turn|31\n|\n|t:|1699880390\n|move|p2a: Rillaboom|Drain Punch|p1a: Corviknight\n|-damage|p1a: Corviknight|13\/100\n|-damage|p2a: Rillaboom|84\/100|[from] item: Rocky Helmet|[of] p1a: Corviknight\n|move|p1a: Corviknight|Roost|p1a: Corviknight\n|-heal|p1a: Corviknight|63\/100\n|-singleturn|p1a: Corviknight|move: Roost\n|\n|-heal|p2a: Rillaboom|90\/100|[from] Grassy Terrain\n|-heal|p2a: Rillaboom|96\/100|[from] item: Leftovers\n|-heal|p1a: Corviknight|69\/100|[from] Grassy Terrain\n|upkeep\n|turn|32\n|\n|t:|1699880404\n|move|p2a: Rillaboom|Swords Dance|p2a: Rillaboom\n|-boost|p2a: Rillaboom|atk|2\n|move|p1a: Corviknight|Brave Bird|p2a: Rillaboom\n|-supereffective|p2a: Rillaboom\n|-damage|p2a: Rillaboom|29\/100\n|-damage|p1a: Corviknight|47\/100|[from] Recoil\n|\n|-heal|p2a: Rillaboom|35\/100|[from] Grassy Terrain\n|-heal|p2a: Rillaboom|42\/100|[from] item: Leftovers\n|upkeep\n|turn|33\n|\n|t:|1699880416\n|move|p2a: Rillaboom|Drain Punch|p1a: Corviknight\n|-damage|p1a: Corviknight|0 fnt\n|-heal|p2a: Rillaboom|65\/100|[from] drain|[of] p1a: Corviknight\n|-damage|p2a: Rillaboom|49\/100|[from] item: Rocky Helmet|[of] p1a: Corviknight\n|faint|p1a: Corviknight\n|\n|-heal|p2a: Rillaboom|55\/100|[from] Grassy Terrain\n|-heal|p2a: Rillaboom|61\/100|[from] item: Leftovers\n|upkeep\n|\n|t:|1699880420\n|switch|p1a: Scizor|Scizor-Mega, M|76\/100 par\n|turn|34\n|\n|t:|1699880428\n|move|p1a: Scizor|Bullet Punch|p2a: Rillaboom\n|-damage|p2a: Rillaboom|31\/100\n|move|p2a: Rillaboom|Drain Punch|p1a: Scizor\n|-damage|p1a: Scizor|24\/100 par\n|-heal|p2a: Rillaboom|54\/100|[from] drain|[of] p1a: Scizor\n|\n|-heal|p2a: Rillaboom|60\/100|[from] Grassy Terrain\n|-heal|p2a: Rillaboom|66\/100|[from] item: Leftovers\n|-heal|p1a: Scizor|30\/100 par|[from] Grassy Terrain\n|-fieldend|move: Grassy Terrain\n|upkeep\n|turn|35\n|\n|t:|1699880441\n|move|p1a: Scizor|Bullet Punch|p2a: Rillaboom\n|-damage|p2a: Rillaboom|40\/100\n|move|p2a: Rillaboom|Drain Punch|p1a: Scizor\n|-damage|p1a: Scizor|0 fnt\n|-heal|p2a: Rillaboom|53\/100|[from] drain|[of] p1a: Scizor\n|faint|p1a: Scizor\n|\n|-heal|p2a: Rillaboom|59\/100|[from] item: Leftovers\n|upkeep\n|\n|t:|1699880444\n|switch|p1a: Urshifu|Urshifu-Rapid-Strike, M|76\/100\n|turn|36\n|\n|t:|1699880456\n|switch|p2a: Charizard|Charizard-Mega-Y, F|86\/100\n|-weather|SunnyDay|[from] ability: Drought|[of] p2a: Charizard\n|move|p1a: Urshifu|U-turn|p2a: Charizard\n|-resisted|p2a: Charizard\n|-damage|p2a: Charizard|77\/100\n|\n|t:|1699880457\n|switch|p1a: Blissey|Blissey, F|95\/100|[from] U-turn\n|\n|-weather|SunnyDay|[upkeep]\n|upkeep\n|turn|37\n|\n|t:|1699880473\n|move|p2a: Charizard|Flamethrower|p1a: Blissey\n|-damage|p1a: Blissey|66\/100\n|move|p1a: Blissey|Toxic|p2a: Charizard\n|-status|p2a: Charizard|tox\n|\n|-weather|SunnyDay|[upkeep]\n|-damage|p2a: Charizard|71\/100 tox|[from] psn\n|upkeep\n|turn|38\n|\n|t:|1699880483\n|switch|p2a: Rillaboom|Rillaboom, F|59\/100\n|-fieldstart|move: Grassy Terrain|[from] ability: Grassy Surge|[of] p2a: Rillaboom\n|move|p1a: Blissey|Toxic|p2a: Rillaboom\n|-status|p2a: Rillaboom|tox\n|\n|-weather|SunnyDay|[upkeep]\n|-heal|p2a: Rillaboom|65\/100 tox|[from] Grassy Terrain\n|-heal|p2a: Rillaboom|71\/100 tox|[from] item: Leftovers\n|-heal|p1a: Blissey|72\/100|[from] Grassy Terrain\n|-damage|p2a: Rillaboom|65\/100 tox|[from] psn\n|upkeep\n|turn|39\n|\n|t:|1699880496\n|-terastallize|p1a: Blissey|Fairy\n|move|p2a: Rillaboom|Drain Punch|p1a: Blissey\n|-resisted|p1a: Blissey\n|-damage|p1a: Blissey|59\/100\n|-heal|p2a: Rillaboom|76\/100 tox|[from] drain|[of] p1a: Blissey\n|move|p1a: Blissey|Soft-Boiled|p1a: Blissey\n|-heal|p1a: Blissey|100\/100\n|\n|-weather|SunnyDay|[upkeep]\n|-heal|p2a: Rillaboom|82\/100 tox|[from] Grassy Terrain\n|-heal|p2a: Rillaboom|88\/100 tox|[from] item: Leftovers\n|-damage|p2a: Rillaboom|76\/100 tox|[from] psn\n|upkeep\n|turn|40\n|\n|t:|1699880511\n|move|p2a: Rillaboom|Swords Dance|p2a: Rillaboom\n|-boost|p2a: Rillaboom|atk|2\n|move|p1a: Blissey|Seismic Toss|p2a: Rillaboom\n|-damage|p2a: Rillaboom|50\/100 tox\n|\n|-weather|none\n|-heal|p2a: Rillaboom|56\/100 tox|[from] Grassy Terrain\n|-heal|p2a: Rillaboom|63\/100 tox|[from] item: Leftovers\n|-damage|p2a: Rillaboom|44\/100 tox|[from] psn\n|upkeep\n|turn|41\n|\n|t:|1699880527\n|move|p2a: Rillaboom|Grassy Glide|p1a: Blissey\n|-damage|p1a: Blissey|26\/100\n|move|p1a: Blissey|Teleport|p1a: Blissey\n|\n|t:|1699880531\n|switch|p1a: Urshifu|Urshifu-Rapid-Strike, M|76\/100|[from] Teleport\n|\n|-heal|p1a: Urshifu|82\/100|[from] Grassy Terrain\n|-heal|p2a: Rillaboom|50\/100 tox|[from] Grassy Terrain\n|-heal|p2a: Rillaboom|56\/100 tox|[from] item: Leftovers\n|-damage|p2a: Rillaboom|32\/100 tox|[from] psn\n|upkeep\n|turn|42\n|\n|t:|1699880542\n|switch|p1a: Blissey|Blissey, F, tera:Fairy|26\/100\n|move|p2a: Rillaboom|Grassy Glide|p1a: Blissey\n|-damage|p1a: Blissey|0 fnt\n|faint|p1a: Blissey\n|\n|-heal|p2a: Rillaboom|38\/100 tox|[from] Grassy Terrain\n|-heal|p2a: Rillaboom|44\/100 tox|[from] item: Leftovers\n|-damage|p2a: Rillaboom|14\/100 tox|[from] psn\n|-fieldend|move: Grassy Terrain\n|upkeep\n|\n|t:|1699880547\n|switch|p1a: Urshifu|Urshifu-Rapid-Strike, M|82\/100\n|turn|43\n|\n|t:|1699880558\n|switch|p2a: Charizard|Charizard-Mega-Y, F|71\/100 tox\n|-weather|SunnyDay|[from] ability: Drought|[of] p2a: Charizard\n|move|p1a: Urshifu|Aqua Jet|p2a: Charizard\n|-supereffective|p2a: Charizard\n|-damage|p2a: Charizard|43\/100 tox\n|\n|-weather|SunnyDay|[upkeep]\n|-damage|p2a: Charizard|37\/100 tox|[from] psn\n|upkeep\n|turn|44\n|\n|t:|1699880569\n|move|p1a: Urshifu|Aqua Jet|p2a: Charizard\n|-supereffective|p2a: Charizard\n|-damage|p2a: Charizard|6\/100 tox\n|move|p2a: Charizard|Air Slash|p1a: Urshifu\n|-supereffective|p1a: Urshifu\n|-damage|p1a: Urshifu|0 fnt\n|faint|p1a: Urshifu\n|\n|win|xiezhouqun\n|raw|put the raw in men's rating: 1571 &rarr; <strong>1555<\/strong><br \/>(-16 for losing)\n|raw|xiezhouqun's rating: 1640 &rarr; <strong>1656<\/strong><br \/>(+16 for winning)\n|l|\u2606put the raw in men\n|c|\u2606xiezhouqun|\u54c8\u54c8\u54c8\n","uploadtime":1699880598,"views":4,"p1id":"puttherawinmen","p2id":"xiezhouqun","formatid":"gen9nationaldex","rating":1555,"private":0,"password":""}