{"id":"gen9nationaldex-1990992615","p1":"MjHufana","p2":"Kuzwa","format":"[Gen 9] National Dex","log":"|j|\u2606MjHufana\n|j|\u2606Kuzwa\n|t:|1700024589\n|gametype|singles\n|player|p1|MjHufana|102|1165\n|player|p2|Kuzwa|parasollady|1270\n|teamsize|p1|6\n|teamsize|p2|6\n|gen|9\n|tier|[Gen 9] National Dex\n|rated|\n|rule|HP Percentage Mod: HP is shown in percentages\n|rule|Endless Battle Clause: Forcing endless battles is banned\n|rule|OHKO Clause: OHKO moves are banned\n|rule|Evasion Clause: Evasion abilities, items, and moves are banned\n|rule|Evasion Abilities Clause: Evasion abilities are banned\n|rule|Evasion Items Clause: Evasion items are banned\n|rule|Evasion Moves Clause: Evasion moves are banned\n|rule|Species Clause: Limit one of each Pok\u00e9mon\n|rule|Sleep Clause Mod: Limit one foe put to sleep\n|clearpoke\n|poke|p1|Politoed, F|\n|poke|p1|Shuckle, F|\n|poke|p1|Lopunny, M|\n|poke|p1|Weavile, F|\n|poke|p1|Jirachi|\n|poke|p1|Bruxish, M|\n|poke|p2|Kartana|\n|poke|p2|Weavile, M|\n|poke|p2|Ogerpon-Wellspring, F|\n|poke|p2|Zeraora|\n|poke|p2|Glimmora, M|\n|poke|p2|Urshifu-*, M|\n|teampreview\n|inactive|Battle timer is ON: inactive players will automatically lose when time's up. (requested by MjHufana)\n|\n|t:|1700024596\n|start\n|switch|p1a: Shuckle|Shuckle, F|100\/100\n|switch|p2a: thing|Glimmora, M|100\/100\n|-item|p2a: thing|Air Balloon\n|turn|1\n|\n|t:|1700024601\n|move|p2a: thing|Sludge Wave|p1a: Shuckle\n|-resisted|p1a: Shuckle\n|-damage|p1a: Shuckle|82\/100\n|move|p1a: Shuckle|Sticky Web|p2a: thing\n|-sidestart|p2: Kuzwa|move: Sticky Web\n|\n|-heal|p1a: Shuckle|88\/100|[from] item: Leftovers\n|upkeep\n|turn|2\n|\n|t:|1700024606\n|move|p2a: thing|Sludge Wave|p1a: Shuckle\n|-resisted|p1a: Shuckle\n|-damage|p1a: Shuckle|72\/100\n|move|p1a: Shuckle|Stealth Rock|p2a: thing\n|-sidestart|p2: Kuzwa|move: Stealth Rock\n|\n|-heal|p1a: Shuckle|78\/100|[from] item: Leftovers\n|upkeep\n|turn|3\n|\n|t:|1700024612\n|switch|p1a: Politoed|Politoed, F|100\/100\n|-weather|RainDance|[from] ability: Drizzle|[of] p1a: Politoed\n|move|p2a: thing|Sludge Wave|p1a: Politoed\n|-damage|p1a: Politoed|71\/100\n|\n|-weather|RainDance|[upkeep]\n|upkeep\n|turn|4\n|\n|t:|1700024616\n|move|p2a: thing|Sludge Wave|p1a: Politoed\n|-crit|p1a: Politoed\n|-damage|p1a: Politoed|23\/100\n|move|p1a: Politoed|Whirlpool|p2a: thing\n|-supereffective|p2a: thing\n|-damage|p2a: thing|55\/100\n|-activate|p2a: thing|move: Whirlpool|[of] p1a: Politoed\n|-enditem|p2a: thing|Air Balloon\n|\n|-weather|RainDance|[upkeep]\n|-damage|p2a: thing|43\/100|[from] move: Whirlpool|[partiallytrapped]\n|upkeep\n|turn|5\n|\n|t:|1700024624\n|move|p2a: thing|Sludge Wave|p1a: Politoed\n|-damage|p1a: Politoed|0 fnt\n|faint|p1a: Politoed\n|\n|-weather|RainDance|[upkeep]\n|-end|p2a: thing|Whirlpool|[partiallytrapped]|[silent]\n|upkeep\n|\n|t:|1700024642\n|switch|p1a: Bruxish|Bruxish, M|100\/100\n|turn|6\n|\n|t:|1700024645\n|move|p2a: thing|Sludge Wave|p1a: Bruxish\n|-damage|p1a: Bruxish|21\/100\n|move|p1a: Bruxish|Agility|p1a: Bruxish\n|-boost|p1a: Bruxish|spe|2\n|\n|-weather|RainDance|[upkeep]\n|upkeep\n|turn|7\n|\n|t:|1700024650\n|-terastallize|p1a: Bruxish|Water\n|move|p1a: Bruxish|Aqua Tail|p2a: thing\n|-supereffective|p2a: thing\n|-damage|p2a: thing|0 fnt\n|-activate|p2a: thing|ability: Toxic Debris\n|-sidestart|p1: MjHufana|move: Toxic Spikes\n|faint|p2a: thing\n|\n|-weather|RainDance|[upkeep]\n|upkeep\n|\n|t:|1700024657\n|switch|p2a: Ken Amada|Zeraora|100\/100\n|-activate|p2a: Ken Amada|move: Sticky Web\n|-unboost|p2a: Ken Amada|spe|1\n|-damage|p2a: Ken Amada|88\/100|[from] Stealth Rock\n|turn|8\n|\n|t:|1700024662\n|move|p2a: Ken Amada|Fake Out||[still]\n|cant|p1a: Bruxish|ability: Dazzling|Fake Out|[of] p2a: Ken Amada\n|move|p1a: Bruxish|Aqua Tail|p2a: Ken Amada|[miss]\n|-miss|p1a: Bruxish|p2a: Ken Amada\n|\n|-weather|RainDance|[upkeep]\n|upkeep\n|turn|9\n|\n|t:|1700024668\n|switch|p2a: Aigis|Ogerpon-Wellspring, F|100\/100\n|-activate|p2a: Aigis|move: Sticky Web\n|-unboost|p2a: Aigis|spe|1\n|-damage|p2a: Aigis|88\/100|[from] Stealth Rock\n|move|p1a: Bruxish|Aqua Tail|p2a: Aigis\n|-heal|p2a: Aigis|100\/100|[from] ability: Water Absorb|[of] p1a: Bruxish\n|\n|-weather|RainDance|[upkeep]\n|upkeep\n|turn|10\n|\n|t:|1700024679\n|move|p1a: Bruxish|Ice Fang|p2a: Aigis\n|-damage|p2a: Aigis|72\/100\n|move|p2a: Aigis|Ivy Cudgel|p1a: Bruxish|[anim] Ivy Cudgel Water\n|-resisted|p1a: Bruxish\n|-damage|p1a: Bruxish|0 fnt\n|faint|p1a: Bruxish\n|\n|-weather|none\n|upkeep\n|\n|t:|1700024693\n|switch|p1a: Jirachi|Jirachi|100\/100\n|turn|11\n|\n|t:|1700024696\n|move|p1a: Jirachi|Iron Head|p2a: Aigis\n|-resisted|p2a: Aigis\n|-damage|p2a: Aigis|49\/100\n|cant|p2a: Aigis|flinch\n|\n|upkeep\n|turn|12\n|\n|t:|1700024700\n|move|p1a: Jirachi|Iron Head|p2a: Aigis\n|-resisted|p2a: Aigis\n|-damage|p2a: Aigis|28\/100\n|cant|p2a: Aigis|flinch\n|\n|upkeep\n|turn|13\n|\n|t:|1700024702\n|move|p1a: Jirachi|Iron Head|p2a: Aigis\n|-resisted|p2a: Aigis\n|-damage|p2a: Aigis|3\/100\n|move|p2a: Aigis|Ivy Cudgel|p1a: Jirachi|[anim] Ivy Cudgel Water\n|-crit|p1a: Jirachi\n|-damage|p1a: Jirachi|6\/100\n|\n|upkeep\n|turn|14\n|\n|t:|1700024706\n|move|p1a: Jirachi|Iron Head|p2a: Aigis\n|-resisted|p2a: Aigis\n|-damage|p2a: Aigis|0 fnt\n|faint|p2a: Aigis\n|\n|upkeep\n|\n|t:|1700024710\n|switch|p2a: Ken Amada|Zeraora|88\/100\n|-activate|p2a: Ken Amada|move: Sticky Web\n|-unboost|p2a: Ken Amada|spe|1\n|-damage|p2a: Ken Amada|76\/100|[from] Stealth Rock\n|turn|15\n|\n|t:|1700024713\n|-terastallize|p2a: Ken Amada|Flying\n|move|p2a: Ken Amada|Fake Out|p1a: Jirachi\n|-resisted|p1a: Jirachi\n|-damage|p1a: Jirachi|0 fnt\n|faint|p1a: Jirachi\n|\n|upkeep\n|\n|t:|1700024717\n|switch|p1a: Lopunny|Lopunny, M|100\/100\n|-status|p1a: Lopunny|psn\n|turn|16\n|\n|t:|1700024723\n|switch|p2a: Junpei Iori|Weavile, M, shiny|100\/100\n|-activate|p2a: Junpei Iori|move: Sticky Web\n|-unboost|p2a: Junpei Iori|spe|1\n|-damage|p2a: Junpei Iori|76\/100|[from] Stealth Rock\n|detailschange|p1a: Lopunny|Lopunny-Mega, M\n|-mega|p1a: Lopunny|Lopunny|Lopunnite\n|move|p1a: Lopunny|Fake Out|p2a: Junpei Iori\n|-damage|p2a: Junpei Iori|40\/100\n|\n|-damage|p1a: Lopunny|88\/100 psn|[from] psn\n|upkeep\n|turn|17\n|\n|t:|1700024729\n|move|p1a: Lopunny|Drain Punch|p2a: Junpei Iori\n|-supereffective|p2a: Junpei Iori\n|-damage|p2a: Junpei Iori|0 fnt\n|-heal|p1a: Lopunny|100\/100 psn|[from] drain|[of] p2a: Junpei Iori\n|faint|p2a: Junpei Iori\n|\n|-damage|p1a: Lopunny|88\/100 psn|[from] psn\n|upkeep\n|\n|t:|1700024733\n|switch|p2a: Ken Amada|Zeraora, tera:Flying|76\/100\n|-damage|p2a: Ken Amada|51\/100|[from] Stealth Rock\n|turn|18\n|\n|t:|1700024737\n|move|p2a: Ken Amada|Fake Out|p1a: Lopunny\n|-damage|p1a: Lopunny|72\/100 psn\n|cant|p1a: Lopunny|flinch\n|\n|-damage|p1a: Lopunny|60\/100 psn|[from] psn\n|upkeep\n|turn|19\n|\n|t:|1700024740\n|move|p2a: Ken Amada|Drain Punch|p1a: Lopunny\n|-supereffective|p1a: Lopunny\n|-damage|p1a: Lopunny|2\/100 psn\n|-heal|p2a: Ken Amada|76\/100|[from] drain|[of] p1a: Lopunny\n|move|p1a: Lopunny|Drain Punch|p2a: Ken Amada\n|-resisted|p2a: Ken Amada\n|-damage|p2a: Ken Amada|47\/100\n|-heal|p1a: Lopunny|19\/100 psn|[from] drain|[of] p2a: Ken Amada\n|\n|-damage|p1a: Lopunny|7\/100 psn|[from] psn\n|upkeep\n|turn|20\n|\n|t:|1700024746\n|move|p2a: Ken Amada|Drain Punch|p1a: Lopunny\n|-supereffective|p1a: Lopunny\n|-damage|p1a: Lopunny|0 fnt\n|-heal|p2a: Ken Amada|49\/100|[from] drain|[of] p1a: Lopunny\n|faint|p1a: Lopunny\n|\n|upkeep\n|\n|t:|1700024748\n|switch|p1a: Weavile|Weavile, F|100\/100\n|-status|p1a: Weavile|psn\n|-ability|p1a: Weavile|Pressure\n|turn|21\n|\n|t:|1700024752\n|move|p1a: Weavile|Ice Shard|p2a: Ken Amada\n|-supereffective|p2a: Ken Amada\n|-damage|p2a: Ken Amada|0 fnt\n|faint|p2a: Ken Amada\n|\n|-damage|p1a: Weavile|88\/100 psn|[from] psn\n|upkeep\n|\n|t:|1700024757\n|switch|p2a: Makoto Yuki|Kartana, shiny|100\/100\n|-activate|p2a: Makoto Yuki|move: Sticky Web\n|-unboost|p2a: Makoto Yuki|spe|1\n|-damage|p2a: Makoto Yuki|94\/100|[from] Stealth Rock\n|turn|22\n|\n|t:|1700024765\n|move|p1a: Weavile|Triple Axel|p2a: Makoto Yuki|[miss]\n|-miss|p1a: Weavile|p2a: Makoto Yuki\n|move|p2a: Makoto Yuki|Sacred Sword|p1a: Weavile\n|-supereffective|p1a: Weavile\n|-damage|p1a: Weavile|0 fnt\n|faint|p1a: Weavile\n|-ability|p2a: Makoto Yuki|Beast Boost|boost\n|-boost|p2a: Makoto Yuki|atk|1\n|\n|upkeep\n|\n|t:|1700024767\n|switch|p1a: Shuckle|Shuckle, F|78\/100\n|-status|p1a: Shuckle|psn\n|turn|23\n|\n|t:|1700024770\n|move|p2a: Makoto Yuki|Smart Strike|p1a: Shuckle\n|-supereffective|p1a: Shuckle\n|-damage|p1a: Shuckle|0 fnt\n|faint|p1a: Shuckle\n|\n|win|Kuzwa\n|raw|MjHufana's rating: 1165 &rarr; <strong>1147<\/strong><br \/>(-18 for losing)\n|raw|Kuzwa's rating: 1270 &rarr; <strong>1288<\/strong><br \/>(+18 for winning)\n|l|\u2606MjHufana\n","uploadtime":1700024775,"views":5,"p1id":"mjhufana","p2id":"kuzwa","formatid":"gen9nationaldex","rating":1147,"private":0,"password":""}