{"id":"gen9nationaldex-1998156205","p1":"baigu2","p2":"qisama","format":"[Gen 9] National Dex","log":"|html|<div class=\"broadcast-blue\"><strong>[Gen 9] National Dex is currently suspecting Sneasler! For information on how to participate check out the <a href=\"https:\/\/www.smogon.com\/forums\/threads\/sv-national-dex-suspect-8-just-dance.3731534\/\">suspect thread<\/a>.<\/strong><\/div>\n|j|\u2606baigu2\n|j|\u2606qisama\n|t:|1700902409\n|gametype|singles\n|player|p1|baigu2|265|1840\n|player|p2|qisama|winona|1693\n|teamsize|p1|6\n|teamsize|p2|6\n|gen|9\n|tier|[Gen 9] National Dex\n|rated|\n|rule|HP Percentage Mod: HP is shown in percentages\n|rule|Endless Battle Clause: Forcing endless battles is banned\n|rule|OHKO Clause: OHKO moves are banned\n|rule|Evasion Clause: Evasion abilities, items, and moves are banned\n|rule|Evasion Abilities Clause: Evasion abilities are banned\n|rule|Evasion Items Clause: Evasion items are banned\n|rule|Evasion Moves Clause: Evasion moves are banned\n|rule|Species Clause: Limit one of each Pok\u00e9mon\n|rule|Sleep Clause Mod: Limit one foe put to sleep\n|clearpoke\n|poke|p1|Ursaluna, F|\n|poke|p1|Slowking, M|\n|poke|p1|Corviknight, F|\n|poke|p1|Hoopa-Unbound|\n|poke|p1|Dragonite, F|\n|poke|p1|Tapu Koko|\n|poke|p2|Gliscor, F|\n|poke|p2|Alomomola, M|\n|poke|p2|Garganacl, F|\n|poke|p2|Aegislash, F|\n|poke|p2|Scizor, F|\n|poke|p2|Skeledirge, M|\n|teampreview\n|inactive|Battle timer is ON: inactive players will automatically lose when time's up. (requested by qisama)\n|\n|t:|1700902418\n|start\n|switch|p1a: Tapu Koko|Tapu Koko|100\/100\n|switch|p2a: Garganacl|Garganacl, F|100\/100\n|-fieldstart|move: Electric Terrain|[from] ability: Electric Surge|[of] p1a: Tapu Koko\n|turn|1\n|\n|t:|1700902422\n|move|p1a: Tapu Koko|U-turn|p2a: Garganacl\n|-damage|p2a: Garganacl|90\/100\n|\n|t:|1700902424\n|switch|p1a: Hoopa|Hoopa-Unbound|100\/100|[from] U-turn\n|move|p2a: Garganacl|Salt Cure|p1a: Hoopa\n|-damage|p1a: Hoopa|73\/100\n|-start|p1a: Hoopa|Salt Cure\n|\n|-heal|p2a: Garganacl|96\/100|[from] item: Leftovers\n|-damage|p1a: Hoopa|61\/100|[from] Salt Cure\n|upkeep\n|turn|2\n|\n|t:|1700902434\n|switch|p2a: Aegislash|Aegislash, F|100\/100\n|-zpower|p1a: Hoopa\n|move|p1a: Hoopa|All-Out Pummeling|p2a: Aegislash|[zeffect]\n|-immune|p2a: Aegislash\n|\n|-damage|p1a: Hoopa|49\/100|[from] Salt Cure\n|upkeep\n|turn|3\n|\n|t:|1700902445\n|switch|p1a: Corviknight|Corviknight, F|100\/100\n|-ability|p1a: Corviknight|Pressure\n|move|p2a: Aegislash|King's Shield||[still]\n|-fail|p2a: Aegislash\n|\n|upkeep\n|turn|4\n|\n|t:|1700902451\n|move|p2a: Aegislash|Substitute|p2a: Aegislash\n|-start|p2a: Aegislash|Substitute\n|-damage|p2a: Aegislash|75\/100\n|move|p1a: Corviknight|U-turn|p2a: Aegislash\n|-resisted|p2a: Aegislash\n|-activate|p2a: Aegislash|move: Substitute|[damage]\n|\n|t:|1700902456\n|switch|p1a: Tapu Koko|Tapu Koko|100\/100|[from] U-turn\n|\n|-heal|p2a: Aegislash|82\/100|[from] item: Leftovers\n|upkeep\n|turn|5\n|\n|t:|1700902458\n|move|p1a: Tapu Koko|Volt Switch|p2a: Aegislash\n|-end|p2a: Aegislash|Substitute\n|\n|t:|1700902469\n|switch|p1a: Dragonite|Dragonite, F|100\/100|[from] Volt Switch\n|-formechange|p2a: Aegislash|Aegislash-Blade||[from] ability: Stance Change\n|move|p2a: Aegislash|Shadow Ball|p1a: Dragonite\n|-damage|p1a: Dragonite|80\/100\n|\n|-heal|p2a: Aegislash|88\/100|[from] item: Leftovers\n|-fieldend|move: Electric Terrain\n|upkeep\n|turn|6\n|\n|t:|1700902475\n|-formechange|p2a: Aegislash|Aegislash||[from] ability: Stance Change\n|move|p2a: Aegislash|King's Shield|p2a: Aegislash\n|-singleturn|p2a: Aegislash|Protect\n|move|p1a: Dragonite|Fire Punch|p2a: Aegislash\n|-activate|p2a: Aegislash|move: Protect\n|-unboost|p1a: Dragonite|atk|1\n|\n|-heal|p2a: Aegislash|94\/100|[from] item: Leftovers\n|upkeep\n|turn|7\n|\n|t:|1700902480\n|switch|p2a: Skeledirge|Skeledirge, M|100\/100\n|move|p1a: Dragonite|Fire Punch|p2a: Skeledirge\n|-resisted|p2a: Skeledirge\n|-damage|p2a: Skeledirge|82\/100\n|\n|upkeep\n|turn|8\n|\n|t:|1700902484\n|switch|p1a: \u718a\u5927|Ursaluna, F|100\/100\n|move|p2a: Skeledirge|Will-O-Wisp|p1a: \u718a\u5927\n|-status|p1a: \u718a\u5927|brn\n|\n|-damage|p1a: \u718a\u5927|94\/100 brn|[from] brn\n|upkeep\n|turn|9\n|inactive|qisama has 120 seconds left.\n|\n|t:|1700902518\n|switch|p2a: Gliscor|Gliscor, F|100\/100\n|move|p1a: \u718a\u5927|Headlong Rush|p2a: Gliscor\n|-immune|p2a: Gliscor\n|\n|-damage|p1a: \u718a\u5927|88\/100 brn|[from] brn\n|-status|p2a: Gliscor|tox|[from] item: Toxic Orb\n|upkeep\n|turn|10\n|j| hainiumm\n|\n|t:|1700902528\n|-terastallize|p1a: \u718a\u5927|Normal\n|move|p2a: Gliscor|U-turn|p1a: \u718a\u5927\n|-damage|p1a: \u718a\u5927|77\/100 brn\n|\n|t:|1700902533\n|switch|p2a: Aegislash|Aegislash, F|94\/100|[from] U-turn\n|move|p1a: \u718a\u5927|Facade|p2a: Aegislash\n|-immune|p2a: Aegislash\n|\n|-heal|p2a: Aegislash|99\/100|[from] item: Leftovers\n|-damage|p1a: \u718a\u5927|70\/100 brn|[from] brn\n|upkeep\n|turn|11\n|\n|t:|1700902539\n|switch|p1a: Tapu Koko|Tapu Koko|100\/100\n|-fieldstart|move: Electric Terrain|[from] ability: Electric Surge|[of] p1a: Tapu Koko\n|move|p2a: Aegislash|King's Shield||[still]\n|-fail|p2a: Aegislash\n|\n|-heal|p2a: Aegislash|100\/100|[from] item: Leftovers\n|upkeep\n|turn|12\n|\n|t:|1700902554\n|move|p2a: Aegislash|King's Shield|p2a: Aegislash\n|-singleturn|p2a: Aegislash|Protect\n|move|p1a: Tapu Koko|Volt Switch|p2a: Aegislash\n|-activate|p2a: Aegislash|move: Protect\n|\n|upkeep\n|turn|13\n|\n|t:|1700902558\n|move|p1a: Tapu Koko|Volt Switch|p2a: Aegislash\n|-damage|p2a: Aegislash|53\/100\n|\n|t:|1700902562\n|switch|p1a: Dragonite|Dragonite, F|80\/100|[from] Volt Switch\n|move|p2a: Aegislash|Substitute|p2a: Aegislash\n|-start|p2a: Aegislash|Substitute\n|-damage|p2a: Aegislash|28\/100\n|\n|-heal|p2a: Aegislash|34\/100|[from] item: Leftovers\n|upkeep\n|turn|14\n|\n|t:|1700902566\n|move|p2a: Aegislash|King's Shield|p2a: Aegislash\n|-singleturn|p2a: Aegislash|Protect\n|move|p1a: Dragonite|Fire Punch|p2a: Aegislash\n|-activate|p2a: Aegislash|move: Protect\n|-unboost|p1a: Dragonite|atk|1\n|\n|-heal|p2a: Aegislash|41\/100|[from] item: Leftovers\n|upkeep\n|turn|15\n|\n|t:|1700902574\n|move|p1a: Dragonite|Fire Punch|p2a: Aegislash\n|-supereffective|p2a: Aegislash\n|-end|p2a: Aegislash|Substitute\n|-formechange|p2a: Aegislash|Aegislash-Blade||[from] ability: Stance Change\n|move|p2a: Aegislash|Shadow Ball|p1a: Dragonite\n|-damage|p1a: Dragonite|40\/100\n|\n|-heal|p2a: Aegislash|47\/100|[from] item: Leftovers\n|-fieldend|move: Electric Terrain\n|upkeep\n|turn|16\n|\n|t:|1700902584\n|switch|p1a: Hoopa|Hoopa-Unbound|49\/100\n|-formechange|p2a: Aegislash|Aegislash||[from] ability: Stance Change\n|move|p2a: Aegislash|King's Shield||[still]\n|-fail|p2a: Aegislash\n|\n|-heal|p2a: Aegislash|53\/100|[from] item: Leftovers\n|upkeep\n|turn|17\n|\n|t:|1700902589\n|move|p2a: Aegislash|King's Shield|p2a: Aegislash\n|-singleturn|p2a: Aegislash|Protect\n|move|p1a: Hoopa|Dark Pulse|p2a: Aegislash\n|-activate|p2a: Aegislash|move: Protect\n|\n|-heal|p2a: Aegislash|59\/100|[from] item: Leftovers\n|upkeep\n|turn|18\n|\n|t:|1700902594\n|switch|p2a: Gliscor|Gliscor, F|100\/100 tox\n|move|p1a: Hoopa|Dark Pulse|p2a: Gliscor\n|-damage|p2a: Gliscor|59\/100 tox\n|\n|-heal|p2a: Gliscor|72\/100 tox|[from] ability: Poison Heal\n|upkeep\n|turn|19\n|\n|t:|1700902602\n|switch|p1a: Slowking|Slowking, M|100\/100\n|move|p2a: Gliscor|U-turn|p1a: Slowking\n|-supereffective|p1a: Slowking\n|-damage|p1a: Slowking|68\/100\n|\n|t:|1700902614\n|switch|p2a: Aegislash|Aegislash, F|59\/100|[from] U-turn\n|\n|-heal|p2a: Aegislash|65\/100|[from] item: Leftovers\n|upkeep\n|turn|20\n|\n|t:|1700902620\n|switch|p1a: \u718a\u5927|Ursaluna, F, tera:Normal|70\/100 brn\n|move|p2a: Aegislash|Substitute|p2a: Aegislash\n|-start|p2a: Aegislash|Substitute\n|-damage|p2a: Aegislash|40\/100\n|\n|-heal|p2a: Aegislash|46\/100|[from] item: Leftovers\n|-damage|p1a: \u718a\u5927|64\/100 brn|[from] brn\n|upkeep\n|turn|21\n|\n|t:|1700902628\n|move|p2a: Aegislash|King's Shield|p2a: Aegislash\n|-singleturn|p2a: Aegislash|Protect\n|move|p1a: \u718a\u5927|Throat Chop|p2a: Aegislash\n|-activate|p2a: Aegislash|move: Protect\n|-unboost|p1a: \u718a\u5927|atk|1\n|\n|-heal|p2a: Aegislash|53\/100|[from] item: Leftovers\n|-damage|p1a: \u718a\u5927|58\/100 brn|[from] brn\n|upkeep\n|turn|22\n|\n|t:|1700902633\n|-formechange|p2a: Aegislash|Aegislash-Blade||[from] ability: Stance Change\n|move|p2a: Aegislash|Flash Cannon|p1a: \u718a\u5927\n|-damage|p1a: \u718a\u5927|21\/100 brn\n|-unboost|p1a: \u718a\u5927|spd|1\n|move|p1a: \u718a\u5927|Throat Chop|p2a: Aegislash\n|-supereffective|p2a: Aegislash\n|-end|p2a: Aegislash|Substitute\n|\n|-heal|p2a: Aegislash|59\/100|[from] item: Leftovers\n|-damage|p1a: \u718a\u5927|15\/100 brn|[from] brn\n|upkeep\n|turn|23\n|\n|t:|1700902641\n|switch|p1a: Tapu Koko|Tapu Koko|100\/100\n|-fieldstart|move: Electric Terrain|[from] ability: Electric Surge|[of] p1a: Tapu Koko\n|-formechange|p2a: Aegislash|Aegislash||[from] ability: Stance Change\n|move|p2a: Aegislash|King's Shield||[still]\n|-fail|p2a: Aegislash\n|\n|-heal|p2a: Aegislash|65\/100|[from] item: Leftovers\n|upkeep\n|turn|24\n|\n|t:|1700902646\n|move|p2a: Aegislash|King's Shield|p2a: Aegislash\n|-singleturn|p2a: Aegislash|Protect\n|move|p1a: Tapu Koko|Volt Switch|p2a: Aegislash\n|-activate|p2a: Aegislash|move: Protect\n|\n|-heal|p2a: Aegislash|71\/100|[from] item: Leftovers\n|upkeep\n|turn|25\n|\n|t:|1700902650\n|switch|p2a: Gliscor|Gliscor, F|72\/100 tox\n|move|p1a: Tapu Koko|Volt Switch|p2a: Gliscor\n|-immune|p2a: Gliscor\n|\n|-heal|p2a: Gliscor|84\/100 tox|[from] ability: Poison Heal\n|upkeep\n|turn|26\n|\n|t:|1700902658\n|switch|p1a: Corviknight|Corviknight, F|100\/100\n|-ability|p1a: Corviknight|Pressure\n|move|p2a: Gliscor|Spikes|p1a: Corviknight\n|-sidestart|p1: baigu2|Spikes\n|\n|-heal|p2a: Gliscor|97\/100 tox|[from] ability: Poison Heal\n|upkeep\n|turn|27\n|\n|t:|1700902668\n|switch|p2a: Aegislash|Aegislash, F|71\/100\n|move|p1a: Corviknight|U-turn|p2a: Aegislash\n|-resisted|p2a: Aegislash\n|-damage|p2a: Aegislash|68\/100\n|\n|t:|1700902673\n|switch|p1a: Dragonite|Dragonite, F|40\/100|[from] U-turn\n|\n|-heal|p2a: Aegislash|75\/100|[from] item: Leftovers\n|-fieldend|move: Electric Terrain\n|upkeep\n|turn|28\n|\n|t:|1700902677\n|switch|p1a: Tapu Koko|Tapu Koko|100\/100\n|-damage|p1a: Tapu Koko|88\/100|[from] Spikes\n|-fieldstart|move: Electric Terrain|[from] ability: Electric Surge|[of] p1a: Tapu Koko\n|move|p2a: Aegislash|King's Shield||[still]\n|-fail|p2a: Aegislash\n|\n|-heal|p2a: Aegislash|81\/100|[from] item: Leftovers\n|upkeep\n|turn|29\n|-message|baigu2 forfeited.\n|\n|win|qisama\n|raw|baigu2's rating: 1840 &rarr; <strong>1812<\/strong><br \/>(-28 for losing)\n|raw|qisama's rating: 1693 &rarr; <strong>1721<\/strong><br \/>(+28 for winning)\n|l|\u2606baigu2\n","uploadtime":1700902687,"views":3,"p1id":"baigu2","p2id":"qisama","formatid":"gen9nationaldex","rating":1721,"private":0,"password":""}