{"id":"gen9nationaldex-1997574473","p1":"princess zmx","p2":"Crunchy5","format":"[Gen 9] National Dex","log":"|html|<div class=\"broadcast-blue\"><strong>[Gen 9] National Dex is currently suspecting Sneasler! For information on how to participate check out the <a href=\"https:\/\/www.smogon.com\/forums\/threads\/sv-national-dex-suspect-8-just-dance.3731534\/\">suspect thread<\/a>.<\/strong><\/div>\n|j|\u2606princess zmx\n|j|\u2606Crunchy5\n|t:|1700827696\n|gametype|singles\n|player|p1|princess zmx|169|1437\n|player|p2|Crunchy5|janitor|1422\n|teamsize|p1|6\n|teamsize|p2|6\n|gen|9\n|tier|[Gen 9] National Dex\n|rated|\n|rule|HP Percentage Mod: HP is shown in percentages\n|rule|Endless Battle Clause: Forcing endless battles is banned\n|rule|OHKO Clause: OHKO moves are banned\n|rule|Evasion Clause: Evasion abilities, items, and moves are banned\n|rule|Evasion Abilities Clause: Evasion abilities are banned\n|rule|Evasion Items Clause: Evasion items are banned\n|rule|Evasion Moves Clause: Evasion moves are banned\n|rule|Species Clause: Limit one of each Pok\u00e9mon\n|rule|Sleep Clause Mod: Limit one foe put to sleep\n|clearpoke\n|poke|p1|Iron Valiant|\n|poke|p1|Tapu Koko|\n|poke|p1|Urshifu-*, F|\n|poke|p1|Iron Moth|\n|poke|p1|Heatran, M|\n|poke|p1|Charizard, M|\n|poke|p2|Sliggoo, F|\n|poke|p2|Pelipper, F|\n|poke|p2|Swampert, F|\n|poke|p2|Zapdos|\n|poke|p2|Basculegion, M|\n|poke|p2|Ferrothorn, F|\n|teampreview\n|\n|t:|1700827710\n|start\n|switch|p1a: Tapu Koko|Tapu Koko, shiny|100\/100\n|switch|p2a: Pelipper|Pelipper, F|100\/100\n|-fieldstart|move: Electric Terrain|[from] ability: Electric Surge|[of] p1a: Tapu Koko\n|-weather|RainDance|[from] ability: Drizzle|[of] p2a: Pelipper\n|turn|1\n|\n|t:|1700827725\n|switch|p2a: Ferrothorn|Ferrothorn, F|100\/100\n|move|p1a: Tapu Koko|U-turn|p2a: Ferrothorn\n|-damage|p2a: Ferrothorn|88\/100\n|-damage|p1a: Tapu Koko|88\/100|[from] ability: Iron Barbs|[of] p2a: Ferrothorn\n|-damage|p1a: Tapu Koko|72\/100|[from] item: Rocky Helmet|[of] p2a: Ferrothorn\n|\n|t:|1700827732\n|switch|p1a: Iron Moth|Iron Moth|100\/100|[from] U-turn\n|-activate|p1a: Iron Moth|ability: Quark Drive\n|-start|p1a: Iron Moth|quarkdrivespe\n|\n|-weather|RainDance|[upkeep]\n|upkeep\n|turn|2\n|\n|t:|1700827747\n|switch|p2a: Sliggoo|Sliggoo, F|100\/100\n|move|p1a: Iron Moth|Energy Ball|p2a: Sliggoo\n|-resisted|p2a: Sliggoo\n|-damage|p2a: Sliggoo|91\/100\n|\n|-weather|RainDance|[upkeep]\n|upkeep\n|turn|3\n|\n|t:|1700827762\n|-end|p1a: Iron Moth|Quark Drive|[silent]\n|switch|p1a: Iron Valiant|Iron Valiant|100\/100\n|-activate|p1a: Iron Valiant|ability: Quark Drive\n|-start|p1a: Iron Valiant|quarkdrivespe\n|move|p2a: Sliggoo|Thunder|p1a: Iron Valiant\n|-damage|p1a: Iron Valiant|49\/100\n|\n|-weather|RainDance|[upkeep]\n|upkeep\n|turn|4\n|\n|t:|1700827777\n|-end|p1a: Iron Valiant|Quark Drive|[silent]\n|switch|p1a: Urshifu|Urshifu-Rapid-Strike, F|100\/100\n|move|p2a: Sliggoo|Thunder|p1a: Urshifu\n|-supereffective|p1a: Urshifu\n|-damage|p1a: Urshifu|21\/100\n|\n|-weather|RainDance|[upkeep]\n|upkeep\n|turn|5\n|\n|t:|1700827805\n|switch|p1a: Heatran|Heatran, M|100\/100\n|-item|p1a: Heatran|Air Balloon\n|switch|p2a: Pelipper|Pelipper, F|100\/100\n|\n|-weather|RainDance|[upkeep]\n|-fieldend|move: Electric Terrain\n|upkeep\n|turn|6\n|\n|t:|1700827812\n|move|p1a: Heatran|Toxic|p2a: Pelipper\n|-status|p2a: Pelipper|tox\n|move|p2a: Pelipper|Scald|p1a: Heatran\n|-supereffective|p1a: Heatran\n|-damage|p1a: Heatran|34\/100\n|-enditem|p1a: Heatran|Air Balloon\n|\n|-weather|RainDance|[upkeep]\n|-damage|p2a: Pelipper|94\/100 tox|[from] psn\n|upkeep\n|turn|7\n|\n|t:|1700827820\n|switch|p1a: Tapu Koko|Tapu Koko, shiny|72\/100\n|-fieldstart|move: Electric Terrain|[from] ability: Electric Surge|[of] p1a: Tapu Koko\n|move|p2a: Pelipper|Scald|p1a: Tapu Koko\n|-damage|p1a: Tapu Koko|10\/100\n|\n|-weather|RainDance|[upkeep]\n|-damage|p2a: Pelipper|82\/100 tox|[from] psn\n|upkeep\n|turn|8\n|\n|t:|1700827826\n|switch|p2a: Ferrothorn|Ferrothorn, F|88\/100\n|-zpower|p1a: Tapu Koko\n|move|p1a: Tapu Koko|Gigavolt Havoc|p2a: Ferrothorn|[zeffect]\n|-resisted|p2a: Ferrothorn\n|-damage|p2a: Ferrothorn|56\/100\n|\n|-weather|none\n|upkeep\n|turn|9\n|\n|t:|1700827835\n|switch|p1a: Iron Moth|Iron Moth|100\/100\n|-activate|p1a: Iron Moth|ability: Quark Drive\n|-start|p1a: Iron Moth|quarkdrivespe\n|move|p2a: Ferrothorn|Stealth Rock|p1a: Iron Moth\n|-sidestart|p1: princess zmx|move: Stealth Rock\n|\n|upkeep\n|turn|10\n|inactive|Battle timer is ON: inactive players will automatically lose when time's up. (requested by Crunchy5)\n|\n|t:|1700827843\n|switch|p2a: Pelipper|Pelipper, F|82\/100 tox\n|-weather|RainDance|[from] ability: Drizzle|[of] p2a: Pelipper\n|move|p1a: Iron Moth|Fire Blast|p2a: Pelipper\n|-resisted|p2a: Pelipper\n|-damage|p2a: Pelipper|55\/100 tox\n|\n|-weather|RainDance|[upkeep]\n|-damage|p2a: Pelipper|48\/100 tox|[from] psn\n|upkeep\n|turn|11\n|\n|t:|1700827859\n|-end|p1a: Iron Moth|Quark Drive|[silent]\n|switch|p1a: Heatran|Heatran, M|34\/100\n|-damage|p1a: Heatran|21\/100|[from] Stealth Rock\n|move|p2a: Pelipper|U-turn|p1a: Heatran\n|-resisted|p1a: Heatran\n|-damage|p1a: Heatran|20\/100\n|\n|t:|1700827862\n|switch|p2a: Basculegion|Basculegion, M|100\/100|[from] U-turn\n|\n|-weather|RainDance|[upkeep]\n|-fieldend|move: Electric Terrain\n|upkeep\n|turn|12\n|\n|t:|1700827866\n|move|p2a: Basculegion|Wave Crash|p1a: Heatran\n|-supereffective|p1a: Heatran\n|-damage|p1a: Heatran|0 fnt\n|faint|p1a: Heatran\n|-damage|p2a: Basculegion|94\/100|[from] Recoil\n|\n|-weather|RainDance|[upkeep]\n|upkeep\n|\n|t:|1700827874\n|switch|p1a: Tapu Koko|Tapu Koko, shiny|10\/100\n|-damage|p1a: Tapu Koko|0 fnt|[from] Stealth Rock\n|faint|p1a: Tapu Koko\n|\n|t:|1700827896\n|switch|p1a: Iron Valiant|Iron Valiant|49\/100\n|-damage|p1a: Iron Valiant|43\/100|[from] Stealth Rock\n|turn|13\n|\n|t:|1700827900\n|move|p2a: Basculegion|Wave Crash|p1a: Iron Valiant\n|-damage|p1a: Iron Valiant|0 fnt\n|faint|p1a: Iron Valiant\n|-end|p1a: Iron Valiant|Quark Drive|[silent]\n|-damage|p2a: Basculegion|83\/100|[from] Recoil\n|\n|-weather|RainDance|[upkeep]\n|upkeep\n|\n|t:|1700827908\n|switch|p1a: Charizard|Charizard, M|100\/100\n|-damage|p1a: Charizard|51\/100|[from] Stealth Rock\n|turn|14\n|\n|t:|1700827918\n|detailschange|p1a: Charizard|Charizard-Mega-Y, M\n|-mega|p1a: Charizard|Charizard|Charizardite Y\n|-weather|SunnyDay|[from] ability: Drought|[of] p1a: Charizard\n|move|p2a: Basculegion|Wave Crash|p1a: Charizard\n|-supereffective|p1a: Charizard\n|-damage|p1a: Charizard|0 fnt\n|faint|p1a: Charizard\n|-damage|p2a: Basculegion|68\/100|[from] Recoil\n|\n|-weather|SunnyDay|[upkeep]\n|upkeep\n|\n|t:|1700827926\n|switch|p1a: Urshifu|Urshifu-Rapid-Strike, F|21\/100\n|-damage|p1a: Urshifu|15\/100|[from] Stealth Rock\n|turn|15\n|\n|t:|1700827929\n|switch|p2a: Pelipper|Pelipper, F|48\/100 tox\n|-weather|RainDance|[from] ability: Drizzle|[of] p2a: Pelipper\n|move|p1a: Urshifu|Trailblaze|p2a: Pelipper\n|-damage|p2a: Pelipper|36\/100 tox\n|-boost|p1a: Urshifu|spe|1\n|\n|-weather|RainDance|[upkeep]\n|-damage|p2a: Pelipper|30\/100 tox|[from] psn\n|upkeep\n|turn|16\n|\n|t:|1700827954\n|-terastallize|p1a: Urshifu|Water\n|move|p1a: Urshifu|Surging Strikes|p2a: Pelipper\n|-resisted|p2a: Pelipper\n|-crit|p2a: Pelipper\n|-damage|p2a: Pelipper|14\/100 tox\n|-resisted|p2a: Pelipper\n|-crit|p2a: Pelipper\n|-damage|p2a: Pelipper|0 fnt\n|faint|p2a: Pelipper\n|-hitcount|p2: Pelipper|2\n|\n|-weather|RainDance|[upkeep]\n|upkeep\n|\n|t:|1700827966\n|switch|p2a: Basculegion|Basculegion, M|68\/100\n|turn|17\n|\n|t:|1700827976\n|-terastallize|p2a: Basculegion|Water\n|move|p2a: Basculegion|Aqua Jet|p1a: Urshifu\n|-resisted|p1a: Urshifu\n|-damage|p1a: Urshifu|0 fnt\n|faint|p1a: Urshifu\n|\n|-weather|RainDance|[upkeep]\n|upkeep\n|\n|t:|1700827981\n|switch|p1a: Iron Moth|Iron Moth|100\/100\n|-damage|p1a: Iron Moth|76\/100|[from] Stealth Rock\n|turn|18\n|\n|t:|1700827983\n|move|p2a: Basculegion|Aqua Jet|p1a: Iron Moth\n|-supereffective|p1a: Iron Moth\n|-damage|p1a: Iron Moth|0 fnt\n|faint|p1a: Iron Moth\n|-end|p1a: Iron Moth|Quark Drive|[silent]\n|\n|win|Crunchy5\n|raw|princess zmx's rating: 1437 &rarr; <strong>1416<\/strong><br \/>(-21 for losing)\n|raw|Crunchy5's rating: 1422 &rarr; <strong>1443<\/strong><br \/>(+21 for winning)\n","uploadtime":1700827993,"views":5,"p1id":"princesszmx","p2id":"crunchy5","formatid":"gen9nationaldex","rating":1416,"private":0,"password":""}