{"id":"gen9nationaldex-1988274584","p1":"BaiyiS","p2":"CiaossAn","format":"[Gen 9] National Dex","log":"|j|\u2606BaiyiS\n|j|\u2606CiaossAn\n|t:|1699699591\n|gametype|singles\n|player|p1|BaiyiS|cynthia|1442\n|player|p2|CiaossAn|fisherman|1381\n|teamsize|p1|6\n|teamsize|p2|6\n|gen|9\n|tier|[Gen 9] National Dex\n|rated|\n|rule|HP Percentage Mod: HP is shown in percentages\n|rule|Endless Battle Clause: Forcing endless battles is banned\n|rule|OHKO Clause: OHKO moves are banned\n|rule|Evasion Clause: Evasion abilities, items, and moves are banned\n|rule|Evasion Abilities Clause: Evasion abilities are banned\n|rule|Evasion Items Clause: Evasion items are banned\n|rule|Evasion Moves Clause: Evasion moves are banned\n|rule|Species Clause: Limit one of each Pok\u00e9mon\n|rule|Sleep Clause Mod: Limit one foe put to sleep\n|clearpoke\n|poke|p1|Hoopa-Unbound|\n|poke|p1|Tapu Koko|\n|poke|p1|Urshifu-*, F|\n|poke|p1|Iron Valiant|\n|poke|p1|Moltres|\n|poke|p1|Medicham, F|\n|poke|p2|Pelipper, M|\n|poke|p2|Swampert, M|\n|poke|p2|Zapdos|\n|poke|p2|Ferrothorn, M|\n|poke|p2|Basculegion, M|\n|poke|p2|Goodra-Hisui, F|\n|teampreview\n|inactive|Battle timer is ON: inactive players will automatically lose when time's up. (requested by CiaossAn)\n|inactive|BaiyiS also wants the timer to be on.\n|\n|t:|1699699615\n|start\n|switch|p1a: Iron Valiant|Iron Valiant|100\/100\n|switch|p2a: Goodra|Goodra-Hisui, F|100\/100\n|-enditem|p1a: Iron Valiant|Booster Energy\n|-activate|p1a: Iron Valiant|ability: Quark Drive|[fromitem]\n|-start|p1a: Iron Valiant|quarkdrivespe\n|turn|1\n|\n|t:|1699699633\n|-terastallize|p2a: Goodra|Water\n|move|p1a: Iron Valiant|Swords Dance|p1a: Iron Valiant\n|-boost|p1a: Iron Valiant|atk|2\n|move|p2a: Goodra|Ice Beam|p1a: Iron Valiant\n|-damage|p1a: Iron Valiant|54\/100\n|\n|upkeep\n|turn|2\n|\n|t:|1699699643\n|move|p1a: Iron Valiant|Moonblast|p2a: Goodra\n|-damage|p2a: Goodra|65\/100\n|-unboost|p2a: Goodra|spa|1\n|move|p2a: Goodra|Ice Beam|p1a: Iron Valiant\n|-damage|p1a: Iron Valiant|20\/100\n|\n|-heal|p2a: Goodra|71\/100|[from] item: Leftovers\n|upkeep\n|turn|3\n|\n|t:|1699699657\n|-terastallize|p1a: Iron Valiant|Steel\n|move|p1a: Iron Valiant|Thunderbolt|p2a: Goodra\n|-supereffective|p2a: Goodra\n|-damage|p2a: Goodra|23\/100\n|move|p2a: Goodra|Ice Beam|p1a: Iron Valiant\n|-resisted|p1a: Iron Valiant\n|-damage|p1a: Iron Valiant|4\/100\n|\n|-heal|p2a: Goodra|29\/100|[from] item: Leftovers\n|upkeep\n|turn|4\n|\n|t:|1699699668\n|move|p1a: Iron Valiant|Moonblast|p2a: Goodra\n|-damage|p2a: Goodra|0 fnt\n|faint|p2a: Goodra\n|\n|upkeep\n|\n|t:|1699699671\n|switch|p2a: Basculegion|Basculegion, M|100\/100\n|turn|5\n|\n|t:|1699699680\n|move|p2a: Basculegion|Aqua Jet|p1a: Iron Valiant\n|-damage|p1a: Iron Valiant|0 fnt\n|faint|p1a: Iron Valiant\n|-end|p1a: Iron Valiant|Quark Drive|[silent]\n|\n|upkeep\n|\n|t:|1699699685\n|switch|p1a: Urshifu|Urshifu-Rapid-Strike, F|100\/100\n|turn|6\n|\n|t:|1699699688\n|switch|p2a: Ferrothorn|Ferrothorn, M|100\/100\n|move|p1a: Urshifu|Swords Dance|p1a: Urshifu\n|-boost|p1a: Urshifu|atk|2\n|\n|upkeep\n|turn|7\n|\n|t:|1699699694\n|move|p1a: Urshifu|Trailblaze|p2a: Ferrothorn\n|-resisted|p2a: Ferrothorn\n|-damage|p2a: Ferrothorn|96\/100\n|-boost|p1a: Urshifu|spe|1\n|-activate|p2a: Ferrothorn|ability: Iron Barbs\n|-activate|p1a: Urshifu|item: Protective Pads\n|move|p2a: Ferrothorn|Knock Off|p1a: Urshifu\n|-resisted|p1a: Urshifu\n|-damage|p1a: Urshifu|91\/100\n|-enditem|p1a: Urshifu|Protective Pads|[from] move: Knock Off|[of] p2a: Ferrothorn\n|\n|upkeep\n|turn|8\n|\n|t:|1699699715\n|switch|p1a: Hoopa|Hoopa-Unbound|100\/100\n|move|p2a: Ferrothorn|Leech Seed|p1a: Hoopa\n|-start|p1a: Hoopa|move: Leech Seed\n|\n|-damage|p1a: Hoopa|88\/100|[from] Leech Seed|[of] p2a: Ferrothorn\n|-heal|p2a: Ferrothorn|100\/100|[silent]\n|upkeep\n|turn|9\n|\n|t:|1699699721\n|switch|p2a: Pelipper|Pelipper, M|100\/100\n|-weather|RainDance|[from] ability: Drizzle|[of] p2a: Pelipper\n|move|p1a: Hoopa|Trick|p2a: Pelipper\n|-activate|p1a: Hoopa|move: Trick|[of] p2a: Pelipper\n|-item|p2a: Pelipper|Choice Band|[from] move: Trick\n|-item|p1a: Hoopa|Damp Rock|[from] move: Trick\n|\n|-weather|RainDance|[upkeep]\n|-damage|p1a: Hoopa|76\/100|[from] Leech Seed|[of] p2a: Pelipper\n|upkeep\n|turn|10\n|\n|t:|1699699728\n|switch|p1a: Tapu Koko|Tapu Koko|100\/100\n|-fieldstart|move: Electric Terrain|[from] ability: Electric Surge|[of] p1a: Tapu Koko\n|move|p2a: Pelipper|Toxic|p1a: Tapu Koko\n|-status|p1a: Tapu Koko|tox\n|\n|-weather|RainDance|[upkeep]\n|-damage|p1a: Tapu Koko|94\/100 tox|[from] psn\n|upkeep\n|turn|11\n|\n|t:|1699699735\n|switch|p2a: Swampert|Swampert, M|100\/100\n|move|p1a: Tapu Koko|U-turn|p2a: Swampert\n|-damage|p2a: Swampert|74\/100\n|\n|t:|1699699738\n|switch|p1a: Medicham|Medicham, F|100\/100|[from] U-turn\n|\n|-weather|RainDance|[upkeep]\n|upkeep\n|turn|12\n|\n|t:|1699699750\n|detailschange|p1a: Medicham|Medicham-Mega, F\n|-mega|p1a: Medicham|Medicham|Medichamite\n|detailschange|p2a: Swampert|Swampert-Mega, M\n|-mega|p2a: Swampert|Swampert|Swampertite\n|move|p1a: Medicham|Fake Out|p2a: Swampert\n|-damage|p2a: Swampert|55\/100\n|cant|p2a: Swampert|flinch\n|\n|-weather|RainDance|[upkeep]\n|upkeep\n|turn|13\n|\n|t:|1699699777\n|switch|p1a: Tapu Koko|Tapu Koko|94\/100 tox\n|move|p2a: Swampert|Liquidation|p1a: Tapu Koko\n|-damage|p1a: Tapu Koko|0 fnt\n|faint|p1a: Tapu Koko\n|\n|-weather|RainDance|[upkeep]\n|upkeep\n|\n|t:|1699699779\n|switch|p1a: Urshifu|Urshifu-Rapid-Strike, F|91\/100\n|turn|14\n|\n|t:|1699699784\n|move|p2a: Swampert|Liquidation|p1a: Urshifu\n|-resisted|p1a: Urshifu\n|-damage|p1a: Urshifu|54\/100\n|-unboost|p1a: Urshifu|def|1\n|move|p1a: Urshifu|Close Combat|p2a: Swampert\n|-damage|p2a: Swampert|1\/100\n|-unboost|p1a: Urshifu|def|1\n|-unboost|p1a: Urshifu|spd|1\n|\n|-weather|RainDance|[upkeep]\n|-fieldend|move: Electric Terrain\n|upkeep\n|turn|15\n|\n|t:|1699699793\n|switch|p1a: Moltres|Moltres|100\/100\n|move|p2a: Swampert|Liquidation|p1a: Moltres\n|-supereffective|p1a: Moltres\n|-damage|p1a: Moltres|0 fnt\n|faint|p1a: Moltres\n|\n|-weather|RainDance|[upkeep]\n|upkeep\n|\n|t:|1699699796\n|switch|p1a: Medicham|Medicham-Mega, F|100\/100\n|turn|16\n|\n|t:|1699699802\n|switch|p2a: Basculegion|Basculegion, M|100\/100\n|move|p1a: Medicham|Close Combat|p2a: Basculegion\n|-immune|p2a: Basculegion\n|\n|-weather|none\n|upkeep\n|turn|17\n|\n|t:|1699699807\n|switch|p2a: Ferrothorn|Ferrothorn, M|100\/100\n|move|p1a: Medicham|Psycho Cut|p2a: Ferrothorn\n|-resisted|p2a: Ferrothorn\n|-damage|p2a: Ferrothorn|84\/100\n|\n|upkeep\n|turn|18\n|\n|t:|1699699812\n|move|p1a: Medicham|Psycho Cut|p2a: Ferrothorn\n|-resisted|p2a: Ferrothorn\n|-damage|p2a: Ferrothorn|68\/100\n|move|p2a: Ferrothorn|Stealth Rock|p1a: Medicham\n|-sidestart|p1: BaiyiS|move: Stealth Rock\n|\n|upkeep\n|turn|19\n|\n|t:|1699699818\n|switch|p2a: Pelipper|Pelipper, M|100\/100\n|-weather|RainDance|[from] ability: Drizzle|[of] p2a: Pelipper\n|move|p1a: Medicham|Psycho Cut|p2a: Pelipper\n|-damage|p2a: Pelipper|57\/100\n|\n|-weather|RainDance|[upkeep]\n|upkeep\n|turn|20\n|\n|t:|1699699828\n|switch|p1a: Hoopa|Hoopa-Unbound|76\/100\n|-damage|p1a: Hoopa|64\/100|[from] Stealth Rock\n|move|p2a: Pelipper|Hurricane|p1a: Hoopa\n|-damage|p1a: Hoopa|28\/100\n|\n|-weather|RainDance|[upkeep]\n|upkeep\n|turn|21\n|\n|t:|1699699836\n|move|p1a: Hoopa|Hyperspace Fury|p2a: Pelipper\n|-crit|p2a: Pelipper\n|-damage|p2a: Pelipper|0 fnt\n|-unboost|p1a: Hoopa|def|1\n|faint|p2a: Pelipper\n|\n|-weather|RainDance|[upkeep]\n|upkeep\n|\n|t:|1699699843\n|switch|p2a: Basculegion|Basculegion, M|100\/100\n|turn|22\n|\n|t:|1699699846\n|move|p2a: Basculegion|Wave Crash|p1a: Hoopa\n|-damage|p1a: Hoopa|0 fnt\n|faint|p1a: Hoopa\n|-damage|p2a: Basculegion|93\/100|[from] Recoil\n|\n|-weather|RainDance|[upkeep]\n|upkeep\n|\n|t:|1699699850\n|switch|p1a: Urshifu|Urshifu-Rapid-Strike, F|54\/100\n|-damage|p1a: Urshifu|47\/100|[from] Stealth Rock\n|turn|23\n|\n|t:|1699699861\n|move|p2a: Basculegion|Wave Crash|p1a: Urshifu\n|-resisted|p1a: Urshifu\n|-damage|p1a: Urshifu|0 fnt\n|faint|p1a: Urshifu\n|-damage|p2a: Basculegion|80\/100|[from] Recoil\n|\n|-weather|none\n|upkeep\n|\n|t:|1699699862\n|switch|p1a: Medicham|Medicham-Mega, F|100\/100\n|-damage|p1a: Medicham|94\/100|[from] Stealth Rock\n|turn|24\n|\n|t:|1699699867\n|switch|p2a: Zapdos|Zapdos|100\/100\n|move|p1a: Medicham|Psycho Cut|p2a: Zapdos\n|-damage|p2a: Zapdos|28\/100\n|\n|-heal|p2a: Zapdos|34\/100|[from] item: Leftovers\n|upkeep\n|turn|25\n|\n|t:|1699699870\n|switch|p2a: Swampert|Swampert-Mega, M|1\/100\n|move|p1a: Medicham|Psycho Cut|p2a: Swampert\n|-damage|p2a: Swampert|0 fnt\n|faint|p2a: Swampert\n|\n|upkeep\n|\n|t:|1699699873\n|switch|p2a: Ferrothorn|Ferrothorn, M|68\/100\n|turn|26\n|\n|t:|1699699877\n|move|p1a: Medicham|Close Combat|p2a: Ferrothorn\n|-supereffective|p2a: Ferrothorn\n|-damage|p2a: Ferrothorn|0 fnt\n|-unboost|p1a: Medicham|def|1\n|-unboost|p1a: Medicham|spd|1\n|-damage|p1a: Medicham|82\/100|[from] ability: Iron Barbs|[of] p2a: Ferrothorn\n|-damage|p1a: Medicham|66\/100|[from] item: Rocky Helmet|[of] p2a: Ferrothorn\n|faint|p2a: Ferrothorn\n|\n|upkeep\n|\n|t:|1699699883\n|switch|p2a: Zapdos|Zapdos|34\/100\n|turn|27\n|\n|t:|1699699886\n|move|p1a: Medicham|Psycho Cut|p2a: Zapdos\n|-damage|p2a: Zapdos|0 fnt\n|faint|p2a: Zapdos\n|\n|upkeep\n|\n|t:|1699699889\n|switch|p2a: Basculegion|Basculegion, M|80\/100\n|turn|28\n|\n|t:|1699699892\n|move|p2a: Basculegion|Aqua Jet|p1a: Medicham\n|-damage|p1a: Medicham|3\/100\n|move|p1a: Medicham|Psycho Cut|p2a: Basculegion\n|-damage|p2a: Basculegion|5\/100\n|\n|upkeep\n|turn|29\n|\n|t:|1699699897\n|move|p1a: Medicham|Bullet Punch|p2a: Basculegion\n|-resisted|p2a: Basculegion\n|-damage|p2a: Basculegion|0 fnt\n|faint|p2a: Basculegion\n|\n|win|BaiyiS\n|raw|BaiyiS's rating: 1442 &rarr; <strong>1459<\/strong><br \/>(+17 for winning)\n|raw|CiaossAn's rating: 1381 &rarr; <strong>1364<\/strong><br \/>(-17 for losing)\n","uploadtime":1699699901,"views":11,"p1id":"baiyis","p2id":"ciaossan","formatid":"gen9nationaldex","rating":1364,"private":0,"password":""}