{"id":"gen9nationaldex-1998136568","p1":"Freedom Demon","p2":"kitmash","format":"[Gen 9] National Dex","log":"|html|<div class=\"broadcast-blue\"><strong>[Gen 9] National Dex is currently suspecting Sneasler! For information on how to participate check out the <a href=\"https:\/\/www.smogon.com\/forums\/threads\/sv-national-dex-suspect-8-just-dance.3731534\/\">suspect thread<\/a>.<\/strong><\/div>\n|j|\u2606Freedom Demon\n|j|\u2606kitmash\n|t:|1700898221\n|gametype|singles\n|player|p1|Freedom Demon|winona|1565\n|player|p2|kitmash|265|1731\n|teamsize|p1|6\n|teamsize|p2|6\n|gen|9\n|tier|[Gen 9] National Dex\n|rated|\n|rule|HP Percentage Mod: HP is shown in percentages\n|rule|Endless Battle Clause: Forcing endless battles is banned\n|rule|OHKO Clause: OHKO moves are banned\n|rule|Evasion Clause: Evasion abilities, items, and moves are banned\n|rule|Evasion Abilities Clause: Evasion abilities are banned\n|rule|Evasion Items Clause: Evasion items are banned\n|rule|Evasion Moves Clause: Evasion moves are banned\n|rule|Species Clause: Limit one of each Pok\u00e9mon\n|rule|Sleep Clause Mod: Limit one foe put to sleep\n|clearpoke\n|poke|p1|Sneasler, M|\n|poke|p1|Rillaboom, M|\n|poke|p1|Banette, M|\n|poke|p1|Hoopa-Unbound|\n|poke|p1|Corviknight, F|\n|poke|p1|Tyranitar, F|\n|poke|p2|Wo-Chien|\n|poke|p2|Weezing-Galar, F|\n|poke|p2|Alomomola, M|\n|poke|p2|Reuniclus, M|\n|poke|p2|Kleavor, F|\n|poke|p2|Tapu Koko|\n|teampreview\n|\n|t:|1700898245\n|start\n|switch|p1a: \u5143\u83b2\u4ed9\u5c0a|Rillaboom, M|100\/100\n|switch|p2a: Tapu Koko|Tapu Koko|100\/100\n|-fieldstart|move: Electric Terrain|[from] ability: Electric Surge|[of] p2a: Tapu Koko\n|-fieldstart|move: Grassy Terrain|[from] ability: Grassy Surge|[of] p1a: \u5143\u83b2\u4ed9\u5c0a\n|turn|1\n|\n|t:|1700898253\n|switch|p2a: Weezing|Weezing-Galar, F|100\/100\n|move|p1a: \u5143\u83b2\u4ed9\u5c0a|U-turn|p2a: Weezing\n|-resisted|p2a: Weezing\n|-damage|p2a: Weezing|97\/100\n|\n|t:|1700898263\n|switch|p1a: \u72c2\u86ee\u9b54\u5c0a|Hoopa-Unbound|100\/100|[from] U-turn\n|\n|-heal|p2a: Weezing|100\/100|[from] item: Leftovers\n|upkeep\n|turn|2\n|\n|t:|1700898274\n|switch|p2a: Wo-Chien|Wo-Chien|100\/100\n|-ability|p2a: Wo-Chien|Tablets of Ruin\n|move|p1a: \u72c2\u86ee\u9b54\u5c0a|Psyshock|p2a: Wo-Chien\n|-immune|p2a: Wo-Chien\n|\n|upkeep\n|turn|3\n|\n|t:|1700898283\n|switch|p1a: Tyranitar|Tyranitar, F|100\/100\n|-weather|Sandstorm|[from] ability: Sand Stream|[of] p1a: Tyranitar\n|move|p2a: Wo-Chien|Ruination|p1a: Tyranitar\n|-damage|p1a: Tyranitar|50\/100\n|\n|-weather|Sandstorm|[upkeep]\n|-damage|p2a: Wo-Chien|94\/100|[from] Sandstorm\n|-heal|p2a: Wo-Chien|100\/100|[from] Grassy Terrain\n|-heal|p1a: Tyranitar|57\/100|[from] Grassy Terrain\n|-heal|p1a: Tyranitar|63\/100|[from] item: Leftovers\n|upkeep\n|turn|4\n|\n|t:|1700898296\n|move|p2a: Wo-Chien|Leech Seed|p1a: Tyranitar\n|-start|p1a: Tyranitar|move: Leech Seed\n|move|p1a: Tyranitar|Fire Blast|p2a: Wo-Chien\n|-supereffective|p2a: Wo-Chien\n|-damage|p2a: Wo-Chien|68\/100\n|\n|-weather|Sandstorm|[upkeep]\n|-damage|p2a: Wo-Chien|62\/100|[from] Sandstorm\n|-heal|p2a: Wo-Chien|68\/100|[from] Grassy Terrain\n|-heal|p2a: Wo-Chien|74\/100|[from] item: Leftovers\n|-heal|p1a: Tyranitar|69\/100|[from] Grassy Terrain\n|-heal|p1a: Tyranitar|75\/100|[from] item: Leftovers\n|-damage|p1a: Tyranitar|63\/100|[from] Leech Seed|[of] p2a: Wo-Chien\n|-heal|p2a: Wo-Chien|87\/100|[silent]\n|upkeep\n|turn|5\n|\n|t:|1700898309\n|move|p2a: Wo-Chien|Ruination|p1a: Tyranitar\n|-damage|p1a: Tyranitar|32\/100\n|move|p1a: Tyranitar|Toxic|p2a: Wo-Chien\n|-status|p2a: Wo-Chien|tox\n|\n|-weather|Sandstorm|[upkeep]\n|-damage|p2a: Wo-Chien|81\/100 tox|[from] Sandstorm\n|-heal|p2a: Wo-Chien|87\/100 tox|[from] Grassy Terrain\n|-heal|p2a: Wo-Chien|94\/100 tox|[from] item: Leftovers\n|-heal|p1a: Tyranitar|38\/100|[from] Grassy Terrain\n|-heal|p1a: Tyranitar|44\/100|[from] item: Leftovers\n|-damage|p1a: Tyranitar|32\/100|[from] Leech Seed|[of] p2a: Wo-Chien\n|-heal|p2a: Wo-Chien|100\/100 tox|[silent]\n|-damage|p2a: Wo-Chien|94\/100 tox|[from] psn\n|-fieldend|move: Grassy Terrain\n|upkeep\n|turn|6\n|\n|t:|1700898324\n|switch|p1a: Corviknight|Corviknight, F|100\/100\n|-ability|p1a: Corviknight|Pressure\n|move|p2a: Wo-Chien|Foul Play|p1a: Corviknight\n|-damage|p1a: Corviknight|83\/100\n|-damage|p2a: Wo-Chien|78\/100 tox|[from] item: Rocky Helmet|[of] p1a: Corviknight\n|\n|-weather|Sandstorm|[upkeep]\n|-damage|p2a: Wo-Chien|72\/100 tox|[from] Sandstorm\n|-heal|p2a: Wo-Chien|78\/100 tox|[from] item: Leftovers\n|-damage|p2a: Wo-Chien|65\/100 tox|[from] psn\n|upkeep\n|turn|7\n|\n|t:|1700898339\n|switch|p2a: Tapu Koko|Tapu Koko|100\/100\n|-fieldstart|move: Electric Terrain|[from] ability: Electric Surge|[of] p2a: Tapu Koko\n|move|p1a: Corviknight|U-turn|p2a: Tapu Koko\n|-resisted|p2a: Tapu Koko\n|-damage|p2a: Tapu Koko|91\/100\n|\n|t:|1700898344\n|switch|p1a: \u5143\u83b2\u4ed9\u5c0a|Rillaboom, M|100\/100|[from] U-turn\n|-fieldstart|move: Grassy Terrain|[from] ability: Grassy Surge|[of] p1a: \u5143\u83b2\u4ed9\u5c0a\n|\n|-weather|none\n|-heal|p2a: Tapu Koko|97\/100|[from] Grassy Terrain\n|upkeep\n|turn|8\n|\n|t:|1700898353\n|switch|p2a: Weezing|Weezing-Galar, F|100\/100\n|move|p1a: \u5143\u83b2\u4ed9\u5c0a|U-turn|p2a: Weezing\n|-resisted|p2a: Weezing\n|-damage|p2a: Weezing|96\/100\n|\n|t:|1700898363\n|switch|p1a: \u72c2\u86ee\u9b54\u5c0a|Hoopa-Unbound|100\/100|[from] U-turn\n|\n|-heal|p2a: Weezing|100\/100|[from] item: Leftovers\n|upkeep\n|turn|9\n|\n|t:|1700898371\n|switch|p2a: Reuniclus|Reuniclus, M|100\/100\n|move|p1a: \u72c2\u86ee\u9b54\u5c0a|Psyshock|p2a: Reuniclus\n|-resisted|p2a: Reuniclus\n|-damage|p2a: Reuniclus|58\/100\n|\n|-heal|p2a: Reuniclus|64\/100|[from] Grassy Terrain\n|upkeep\n|turn|10\n|\n|t:|1700898385\n|switch|p1a: Corviknight|Corviknight, F|83\/100\n|-ability|p1a: Corviknight|Pressure\n|switch|p2a: Wo-Chien|Wo-Chien|65\/100 tox\n|-ability|p2a: Wo-Chien|Tablets of Ruin\n|\n|-heal|p2a: Wo-Chien|72\/100 tox|[from] Grassy Terrain\n|-heal|p2a: Wo-Chien|78\/100 tox|[from] item: Leftovers\n|-damage|p2a: Wo-Chien|72\/100 tox|[from] psn\n|upkeep\n|turn|11\n|\n|t:|1700898400\n|switch|p2a: Alomomola|Alomomola, M|100\/100\n|move|p1a: Corviknight|U-turn|p2a: Alomomola\n|-damage|p2a: Alomomola|92\/100\n|\n|t:|1700898406\n|switch|p1a: \u72c2\u86ee\u9b54\u5c0a|Hoopa-Unbound|100\/100|[from] U-turn\n|\n|-heal|p2a: Alomomola|99\/100|[from] Grassy Terrain\n|-fieldend|move: Grassy Terrain\n|upkeep\n|turn|12\n|\n|t:|1700898415\n|move|p2a: Alomomola|Protect|p2a: Alomomola\n|-singleturn|p2a: Alomomola|Protect\n|move|p1a: \u72c2\u86ee\u9b54\u5c0a|Thunderbolt|p2a: Alomomola\n|-activate|p2a: Alomomola|move: Protect\n|\n|upkeep\n|turn|13\n|\n|t:|1700898442\n|switch|p2a: Tapu Koko|Tapu Koko|97\/100\n|-fieldstart|move: Electric Terrain|[from] ability: Electric Surge|[of] p2a: Tapu Koko\n|move|p1a: \u72c2\u86ee\u9b54\u5c0a|Thunderbolt|p2a: Tapu Koko\n|-resisted|p2a: Tapu Koko\n|-damage|p2a: Tapu Koko|34\/100\n|\n|upkeep\n|turn|14\n|\n|t:|1700898455\n|switch|p1a: \u5143\u83b2\u4ed9\u5c0a|Rillaboom, M|100\/100\n|-fieldstart|move: Grassy Terrain|[from] ability: Grassy Surge|[of] p1a: \u5143\u83b2\u4ed9\u5c0a\n|move|p2a: Tapu Koko|U-turn|p1a: \u5143\u83b2\u4ed9\u5c0a\n|-supereffective|p1a: \u5143\u83b2\u4ed9\u5c0a\n|-damage|p1a: \u5143\u83b2\u4ed9\u5c0a|69\/100\n|\n|t:|1700898466\n|switch|p2a: Weezing|Weezing-Galar, F|100\/100|[from] U-turn\n|\n|-heal|p1a: \u5143\u83b2\u4ed9\u5c0a|75\/100|[from] Grassy Terrain\n|upkeep\n|turn|15\n|\n|t:|1700898482\n|move|p1a: \u5143\u83b2\u4ed9\u5c0a|Wood Hammer|p2a: Weezing\n|-resisted|p2a: Weezing\n|-damage|p2a: Weezing|68\/100\n|-damage|p1a: \u5143\u83b2\u4ed9\u5c0a|66\/100|[from] Recoil\n|move|p2a: Weezing|Will-O-Wisp|p1a: \u5143\u83b2\u4ed9\u5c0a\n|-status|p1a: \u5143\u83b2\u4ed9\u5c0a|brn\n|\n|-heal|p1a: \u5143\u83b2\u4ed9\u5c0a|72\/100 brn|[from] Grassy Terrain\n|-heal|p2a: Weezing|74\/100|[from] item: Leftovers\n|-damage|p1a: \u5143\u83b2\u4ed9\u5c0a|66\/100 brn|[from] brn\n|upkeep\n|turn|16\n|\n|t:|1700898496\n|move|p1a: \u5143\u83b2\u4ed9\u5c0a|U-turn|p2a: Weezing\n|-resisted|p2a: Weezing\n|-damage|p2a: Weezing|72\/100\n|\n|t:|1700898505\n|switch|p1a: \u72c2\u86ee\u9b54\u5c0a|Hoopa-Unbound|100\/100|[from] U-turn\n|move|p2a: Weezing|Will-O-Wisp|p1a: \u72c2\u86ee\u9b54\u5c0a|[miss]\n|-miss|p2a: Weezing|p1a: \u72c2\u86ee\u9b54\u5c0a\n|\n|-heal|p2a: Weezing|78\/100|[from] item: Leftovers\n|upkeep\n|turn|17\n|\n|t:|1700898515\n|switch|p2a: Wo-Chien|Wo-Chien|72\/100 tox\n|-ability|p2a: Wo-Chien|Tablets of Ruin\n|move|p1a: \u72c2\u86ee\u9b54\u5c0a|Dark Pulse|p2a: Wo-Chien\n|-resisted|p2a: Wo-Chien\n|-damage|p2a: Wo-Chien|43\/100 tox\n|\n|-heal|p2a: Wo-Chien|49\/100 tox|[from] Grassy Terrain\n|-heal|p2a: Wo-Chien|55\/100 tox|[from] item: Leftovers\n|-damage|p2a: Wo-Chien|49\/100 tox|[from] psn\n|upkeep\n|turn|18\n|\n|t:|1700898526\n|switch|p1a: Corviknight|Corviknight, F|83\/100\n|-ability|p1a: Corviknight|Pressure\n|move|p2a: Wo-Chien|Rest|p2a: Wo-Chien\n|-status|p2a: Wo-Chien|slp|[from] move: Rest\n|-heal|p2a: Wo-Chien|100\/100 slp|[silent]\n|\n|-fieldend|move: Grassy Terrain\n|upkeep\n|turn|19\n|\n|t:|1700898537\n|switch|p2a: Alomomola|Alomomola, M|100\/100\n|move|p1a: Corviknight|U-turn|p2a: Alomomola\n|-damage|p2a: Alomomola|92\/100\n|\n|t:|1700898545\n|switch|p1a: \u72c2\u86ee\u9b54\u5c0a|Hoopa-Unbound|100\/100|[from] U-turn\n|\n|upkeep\n|turn|20\n|\n|t:|1700898552\n|move|p2a: Alomomola|Protect|p2a: Alomomola\n|-singleturn|p2a: Alomomola|Protect\n|move|p1a: \u72c2\u86ee\u9b54\u5c0a|Thunderbolt|p2a: Alomomola\n|-activate|p2a: Alomomola|move: Protect\n|\n|upkeep\n|turn|21\n|\n|t:|1700898559\n|switch|p2a: Wo-Chien|Wo-Chien|100\/100 slp\n|-ability|p2a: Wo-Chien|Tablets of Ruin\n|move|p1a: \u72c2\u86ee\u9b54\u5c0a|Thunderbolt|p2a: Wo-Chien\n|-resisted|p2a: Wo-Chien\n|-damage|p2a: Wo-Chien|77\/100 slp\n|\n|-heal|p2a: Wo-Chien|83\/100 slp|[from] item: Leftovers\n|upkeep\n|turn|22\n|\n|t:|1700898571\n|move|p1a: \u72c2\u86ee\u9b54\u5c0a|Thunderbolt|p2a: Wo-Chien\n|-resisted|p2a: Wo-Chien\n|-damage|p2a: Wo-Chien|60\/100 slp\n|cant|p2a: Wo-Chien|slp\n|\n|-heal|p2a: Wo-Chien|66\/100 slp|[from] item: Leftovers\n|upkeep\n|turn|23\n|\n|t:|1700898582\n|switch|p1a: Corviknight|Corviknight, F|83\/100\n|-ability|p1a: Corviknight|Pressure\n|cant|p2a: Wo-Chien|slp\n|\n|-heal|p2a: Wo-Chien|72\/100 slp|[from] item: Leftovers\n|upkeep\n|turn|24\n|\n|t:|1700898590\n|switch|p2a: Alomomola|Alomomola, M|100\/100\n|move|p1a: Corviknight|U-turn|p2a: Alomomola\n|-damage|p2a: Alomomola|92\/100\n|\n|t:|1700898609\n|switch|p1a: \u70bc\u5929\u9b54\u5c0a|Banette, M|100\/100|[from] U-turn\n|-item|p2a: Alomomola|Heavy-Duty Boots|[from] ability: Frisk|[of] p1a: \u70bc\u5929\u9b54\u5c0a|[identify]\n|\n|upkeep\n|turn|25\n|\n|t:|1700898615\n|detailschange|p1a: \u70bc\u5929\u9b54\u5c0a|Banette-Mega, M\n|-mega|p1a: \u70bc\u5929\u9b54\u5c0a|Banette|Banettite\n|move|p2a: Alomomola|Flip Turn|p1a: \u70bc\u5929\u9b54\u5c0a\n|-damage|p1a: \u70bc\u5929\u9b54\u5c0a|79\/100\n|\n|t:|1700898624\n|switch|p2a: Wo-Chien|Wo-Chien|72\/100 slp|[from] Flip Turn\n|-ability|p2a: Wo-Chien|Tablets of Ruin\n|move|p1a: \u70bc\u5929\u9b54\u5c0a|Poltergeist|p2a: Wo-Chien\n|-activate|p2a: Wo-Chien|move: Poltergeist|Leftovers\n|-resisted|p2a: Wo-Chien\n|-damage|p2a: Wo-Chien|53\/100 slp\n|\n|-heal|p2a: Wo-Chien|60\/100 slp|[from] item: Leftovers\n|upkeep\n|turn|26\n|\n|t:|1700898634\n|switch|p1a: Corviknight|Corviknight, F|83\/100\n|-ability|p1a: Corviknight|Pressure\n|-curestatus|p2a: Wo-Chien|slp|[msg]\n|move|p2a: Wo-Chien|Leech Seed|p1a: Corviknight\n|-start|p1a: Corviknight|move: Leech Seed\n|\n|-heal|p2a: Wo-Chien|66\/100|[from] item: Leftovers\n|-damage|p1a: Corviknight|71\/100|[from] Leech Seed|[of] p2a: Wo-Chien\n|-heal|p2a: Wo-Chien|79\/100|[silent]\n|upkeep\n|turn|27\n|\n|t:|1700898649\n|switch|p2a: Alomomola|Alomomola, M|100\/100\n|move|p1a: Corviknight|U-turn|p2a: Alomomola\n|-damage|p2a: Alomomola|93\/100\n|\n|t:|1700898660\n|switch|p1a: \u5143\u83b2\u4ed9\u5c0a|Rillaboom, M|66\/100 brn|[from] U-turn\n|-fieldstart|move: Grassy Terrain|[from] ability: Grassy Surge|[of] p1a: \u5143\u83b2\u4ed9\u5c0a\n|\n|-heal|p1a: \u5143\u83b2\u4ed9\u5c0a|72\/100 brn|[from] Grassy Terrain\n|-heal|p2a: Alomomola|99\/100|[from] Grassy Terrain\n|-damage|p1a: \u5143\u83b2\u4ed9\u5c0a|66\/100 brn|[from] brn\n|upkeep\n|turn|28\n|\n|t:|1700898668\n|move|p1a: \u5143\u83b2\u4ed9\u5c0a|U-turn|p2a: Alomomola\n|-damage|p2a: Alomomola|92\/100\n|\n|t:|1700898677\n|switch|p1a: Corviknight|Corviknight, F|71\/100|[from] U-turn\n|-ability|p1a: Corviknight|Pressure\n|move|p2a: Alomomola|Flip Turn|p1a: Corviknight\n|-damage|p1a: Corviknight|60\/100\n|-damage|p2a: Alomomola|76\/100|[from] item: Rocky Helmet|[of] p1a: Corviknight\n|\n|t:|1700898686\n|switch|p2a: Tapu Koko|Tapu Koko|34\/100|[from] Flip Turn\n|-fieldstart|move: Electric Terrain|[from] ability: Electric Surge|[of] p2a: Tapu Koko\n|\n|upkeep\n|turn|29\n|\n|t:|1700898693\n|switch|p1a: \u5143\u83b2\u4ed9\u5c0a|Rillaboom, M|66\/100 brn\n|-fieldstart|move: Grassy Terrain|[from] ability: Grassy Surge|[of] p1a: \u5143\u83b2\u4ed9\u5c0a\n|move|p2a: Tapu Koko|Thunderbolt|p1a: \u5143\u83b2\u4ed9\u5c0a\n|-resisted|p1a: \u5143\u83b2\u4ed9\u5c0a\n|-damage|p1a: \u5143\u83b2\u4ed9\u5c0a|34\/100 brn\n|\n|-heal|p2a: Tapu Koko|40\/100|[from] Grassy Terrain\n|-heal|p1a: \u5143\u83b2\u4ed9\u5c0a|40\/100 brn|[from] Grassy Terrain\n|-damage|p1a: \u5143\u83b2\u4ed9\u5c0a|34\/100 brn|[from] brn\n|upkeep\n|turn|30\n|\n|t:|1700898705\n|switch|p2a: Weezing|Weezing-Galar, F|78\/100\n|move|p1a: \u5143\u83b2\u4ed9\u5c0a|U-turn|p2a: Weezing\n|-resisted|p2a: Weezing\n|-damage|p2a: Weezing|76\/100\n|\n|t:|1700898713\n|switch|p1a: \u72c2\u86ee\u9b54\u5c0a|Hoopa-Unbound|100\/100|[from] U-turn\n|\n|-heal|p2a: Weezing|82\/100|[from] item: Leftovers\n|upkeep\n|turn|31\n|\n|t:|1700898720\n|switch|p2a: Wo-Chien|Wo-Chien|79\/100\n|-ability|p2a: Wo-Chien|Tablets of Ruin\n|-terastallize|p1a: \u72c2\u86ee\u9b54\u5c0a|Fairy\n|move|p1a: \u72c2\u86ee\u9b54\u5c0a|Tera Blast|p2a: Wo-Chien|[anim] Tera Blast Fairy\n|-supereffective|p2a: Wo-Chien\n|-damage|p2a: Wo-Chien|0 fnt\n|faint|p2a: Wo-Chien\n|\n|upkeep\n|\n|t:|1700898732\n|switch|p2a: Kleavor|Kleavor, F|100\/100\n|turn|32\n|\n|t:|1700898742\n|switch|p1a: Tyranitar|Tyranitar, F|32\/100\n|-weather|Sandstorm|[from] ability: Sand Stream|[of] p1a: Tyranitar\n|move|p2a: Kleavor|Stone Axe|p1a: Tyranitar\n|-damage|p1a: Tyranitar|0 fnt\n|-sidestart|p1: Freedom Demon|move: Stealth Rock\n|faint|p1a: Tyranitar\n|\n|-weather|Sandstorm|[upkeep]\n|upkeep\n|\n|t:|1700898748\n|switch|p1a: Corviknight|Corviknight, F|60\/100\n|-damage|p1a: Corviknight|47\/100|[from] Stealth Rock\n|-ability|p1a: Corviknight|Pressure\n|turn|33\n|\n|t:|1700898759\n|switch|p2a: Alomomola|Alomomola, M|100\/100\n|move|p1a: Corviknight|Roost|p1a: Corviknight\n|-heal|p1a: Corviknight|97\/100\n|-singleturn|p1a: Corviknight|move: Roost\n|\n|-weather|Sandstorm|[upkeep]\n|-damage|p2a: Alomomola|94\/100|[from] Sandstorm\n|-heal|p2a: Alomomola|100\/100|[from] Grassy Terrain\n|-heal|p1a: Corviknight|100\/100|[from] Grassy Terrain\n|-fieldend|move: Grassy Terrain\n|upkeep\n|turn|34\n|\n|t:|1700898770\n|move|p2a: Alomomola|Flip Turn|p1a: Corviknight\n|-damage|p1a: Corviknight|91\/100\n|-damage|p2a: Alomomola|84\/100|[from] item: Rocky Helmet|[of] p1a: Corviknight\n|\n|t:|1700898784\n|switch|p2a: Weezing|Weezing-Galar, F|82\/100|[from] Flip Turn\n|move|p1a: Corviknight|Defog|p2a: Weezing\n|-unboost|p2a: Weezing|evasion|1\n|-sideend|p1: Freedom Demon|Stealth Rock|[from] move: Defog|[of] p1a: Corviknight\n|\n|-weather|Sandstorm|[upkeep]\n|-damage|p2a: Weezing|76\/100|[from] Sandstorm\n|-heal|p2a: Weezing|82\/100|[from] item: Leftovers\n|upkeep\n|turn|35\n|\n|t:|1700898795\n|move|p2a: Weezing|Toxic Spikes|p1a: Corviknight\n|-sidestart|p1: Freedom Demon|move: Toxic Spikes\n|move|p1a: Corviknight|Brave Bird|p2a: Weezing\n|-crit|p2a: Weezing\n|-damage|p2a: Weezing|43\/100\n|-damage|p1a: Corviknight|80\/100|[from] Recoil\n|\n|-weather|Sandstorm|[upkeep]\n|-damage|p2a: Weezing|37\/100|[from] Sandstorm\n|-heal|p2a: Weezing|43\/100|[from] item: Leftovers\n|upkeep\n|turn|36\n|\n|t:|1700898805\n|move|p2a: Weezing|Will-O-Wisp|p1a: Corviknight\n|-status|p1a: Corviknight|brn\n|move|p1a: Corviknight|Defog|p2a: Weezing\n|-unboost|p2a: Weezing|evasion|1\n|-sideend|p1: Freedom Demon|Toxic Spikes|[from] move: Defog|[of] p1a: Corviknight\n|\n|-weather|none\n|-heal|p2a: Weezing|49\/100|[from] item: Leftovers\n|-damage|p1a: Corviknight|74\/100 brn|[from] brn\n|upkeep\n|turn|37\n|\n|t:|1700898815\n|move|p2a: Weezing|Toxic Spikes|p1a: Corviknight\n|-sidestart|p1: Freedom Demon|move: Toxic Spikes\n|move|p1a: Corviknight|Brave Bird|p2a: Weezing\n|-damage|p2a: Weezing|36\/100\n|-damage|p1a: Corviknight|70\/100 brn|[from] Recoil\n|\n|-heal|p2a: Weezing|42\/100|[from] item: Leftovers\n|-damage|p1a: Corviknight|64\/100 brn|[from] brn\n|upkeep\n|turn|38\n|\n|t:|1700898824\n|switch|p2a: Alomomola|Alomomola, M|100\/100\n|move|p1a: Corviknight|U-turn|p2a: Alomomola\n|-damage|p2a: Alomomola|97\/100\n|\n|t:|1700898842\n|switch|p1a: \u5e7d\u9b42\u9b54\u5c0a|Sneasler, M|100\/100|[from] U-turn\n|-sideend|p1: Freedom Demon|move: Toxic Spikes|[of] p1a: \u5e7d\u9b42\u9b54\u5c0a\n|\n|upkeep\n|turn|39\n|\n|t:|1700898846\n|move|p1a: \u5e7d\u9b42\u9b54\u5c0a|Dire Claw|p2a: Alomomola\n|-damage|p2a: Alomomola|75\/100\n|-status|p2a: Alomomola|slp\n|cant|p2a: Alomomola|slp\n|\n|upkeep\n|turn|40\n|\n|t:|1700898880\n|switch|p2a: Weezing|Weezing-Galar, F|42\/100\n|move|p1a: \u5e7d\u9b42\u9b54\u5c0a|Close Combat|p2a: Weezing\n|-resisted|p2a: Weezing\n|-damage|p2a: Weezing|32\/100\n|-unboost|p1a: \u5e7d\u9b42\u9b54\u5c0a|def|1\n|-unboost|p1a: \u5e7d\u9b42\u9b54\u5c0a|spd|1\n|\n|-heal|p2a: Weezing|38\/100|[from] item: Leftovers\n|upkeep\n|turn|41\n|\n|t:|1700898918\n|switch|p1a: \u72c2\u86ee\u9b54\u5c0a|Hoopa-Unbound, tera:Fairy|100\/100\n|move|p2a: Weezing|Will-O-Wisp|p1a: \u72c2\u86ee\u9b54\u5c0a\n|-status|p1a: \u72c2\u86ee\u9b54\u5c0a|brn\n|\n|-heal|p2a: Weezing|44\/100|[from] item: Leftovers\n|-damage|p1a: \u72c2\u86ee\u9b54\u5c0a|94\/100 brn|[from] brn\n|upkeep\n|turn|42\n|\n|t:|1700898935\n|switch|p2a: Reuniclus|Reuniclus, M|97\/100\n|move|p1a: \u72c2\u86ee\u9b54\u5c0a|Thunderbolt|p2a: Reuniclus\n|-damage|p2a: Reuniclus|71\/100\n|\n|-damage|p1a: \u72c2\u86ee\u9b54\u5c0a|88\/100 brn|[from] brn\n|upkeep\n|turn|43\n|\n|t:|1700898945\n|switch|p1a: \u70bc\u5929\u9b54\u5c0a|Banette-Mega, M|79\/100\n|move|p2a: Reuniclus|Night Shade|p1a: \u70bc\u5929\u9b54\u5c0a\n|-damage|p1a: \u70bc\u5929\u9b54\u5c0a|49\/100\n|\n|upkeep\n|turn|44\n|\n|t:|1700898955\n|switch|p2a: Alomomola|Alomomola, M|100\/100 slp\n|move|p1a: \u70bc\u5929\u9b54\u5c0a|Poltergeist|p2a: Alomomola\n|-activate|p2a: Alomomola|move: Poltergeist|Heavy-Duty Boots\n|-damage|p2a: Alomomola|58\/100 slp\n|\n|upkeep\n|turn|45\n|\n|t:|1700898963\n|cant|p2a: Alomomola|slp\n|move|p1a: \u70bc\u5929\u9b54\u5c0a|Poltergeist|p2a: Alomomola\n|-activate|p2a: Alomomola|move: Poltergeist|Heavy-Duty Boots\n|-damage|p2a: Alomomola|20\/100 slp\n|\n|upkeep\n|turn|46\n|\n|t:|1700898976\n|cant|p2a: Alomomola|slp\n|move|p1a: \u70bc\u5929\u9b54\u5c0a|Poltergeist|p2a: Alomomola\n|-activate|p2a: Alomomola|move: Poltergeist|Heavy-Duty Boots\n|-damage|p2a: Alomomola|0 fnt\n|faint|p2a: Alomomola\n|\n|upkeep\n|\n|t:|1700898987\n|switch|p2a: Kleavor|Kleavor, F|100\/100\n|turn|47\n|\n|t:|1700898996\n|move|p1a: \u70bc\u5929\u9b54\u5c0a|Destiny Bond|p1a: \u70bc\u5929\u9b54\u5c0a\n|-singlemove|p1a: \u70bc\u5929\u9b54\u5c0a|Destiny Bond\n|move|p2a: Kleavor|Stone Axe|p1a: \u70bc\u5929\u9b54\u5c0a\n|-damage|p1a: \u70bc\u5929\u9b54\u5c0a|0 fnt\n|-sidestart|p1: Freedom Demon|move: Stealth Rock\n|faint|p1a: \u70bc\u5929\u9b54\u5c0a\n|-activate|p1a: \u70bc\u5929\u9b54\u5c0a|move: Destiny Bond\n|faint|p2a: Kleavor\n|\n|upkeep\n|\n|t:|1700899010\n|switch|p2a: Tapu Koko|Tapu Koko|40\/100\n|switch|p1a: \u72c2\u86ee\u9b54\u5c0a|Hoopa-Unbound, tera:Fairy|88\/100 brn\n|-fieldstart|move: Electric Terrain|[from] ability: Electric Surge|[of] p2a: Tapu Koko\n|-damage|p1a: \u72c2\u86ee\u9b54\u5c0a|76\/100 brn|[from] Stealth Rock\n|turn|48\n|\n|t:|1700899034\n|switch|p1a: \u5143\u83b2\u4ed9\u5c0a|Rillaboom, M|34\/100 brn\n|-damage|p1a: \u5143\u83b2\u4ed9\u5c0a|21\/100 brn|[from] Stealth Rock\n|-fieldstart|move: Grassy Terrain|[from] ability: Grassy Surge|[of] p1a: \u5143\u83b2\u4ed9\u5c0a\n|move|p2a: Tapu Koko|U-turn|p1a: \u5143\u83b2\u4ed9\u5c0a\n|-supereffective|p1a: \u5143\u83b2\u4ed9\u5c0a\n|-damage|p1a: \u5143\u83b2\u4ed9\u5c0a|0 fnt\n|faint|p1a: \u5143\u83b2\u4ed9\u5c0a\n|\n|t:|1700899045\n|switch|p2a: Weezing|Weezing-Galar, F|44\/100|[from] U-turn\n|\n|-heal|p2a: Weezing|50\/100|[from] item: Leftovers\n|upkeep\n|\n|t:|1700899069\n|switch|p1a: \u72c2\u86ee\u9b54\u5c0a|Hoopa-Unbound, tera:Fairy|76\/100 brn\n|-damage|p1a: \u72c2\u86ee\u9b54\u5c0a|64\/100 brn|[from] Stealth Rock\n|turn|49\n|\n|t:|1700899112\n|move|p1a: \u72c2\u86ee\u9b54\u5c0a|Dark Pulse|p2a: Weezing\n|-resisted|p2a: Weezing\n|-damage|p2a: Weezing|0 fnt\n|faint|p2a: Weezing\n|\n|-heal|p1a: \u72c2\u86ee\u9b54\u5c0a|70\/100 brn|[from] Grassy Terrain\n|-damage|p1a: \u72c2\u86ee\u9b54\u5c0a|64\/100 brn|[from] brn\n|upkeep\n|\n|t:|1700899119\n|switch|p2a: Tapu Koko|Tapu Koko|40\/100\n|-fieldstart|move: Electric Terrain|[from] ability: Electric Surge|[of] p2a: Tapu Koko\n|turn|50\n|\n|t:|1700899140\n|move|p2a: Tapu Koko|U-turn|p1a: \u72c2\u86ee\u9b54\u5c0a\n|-resisted|p1a: \u72c2\u86ee\u9b54\u5c0a\n|-damage|p1a: \u72c2\u86ee\u9b54\u5c0a|53\/100 brn\n|\n|t:|1700899143\n|switch|p2a: Reuniclus|Reuniclus, M|100\/100|[from] U-turn\n|move|p1a: \u72c2\u86ee\u9b54\u5c0a|Dark Pulse|p2a: Reuniclus\n|-supereffective|p2a: Reuniclus\n|-damage|p2a: Reuniclus|33\/100\n|\n|-damage|p1a: \u72c2\u86ee\u9b54\u5c0a|47\/100 brn|[from] brn\n|upkeep\n|turn|51\n|\n|t:|1700899152\n|move|p1a: \u72c2\u86ee\u9b54\u5c0a|Dark Pulse|p2a: Reuniclus\n|-supereffective|p2a: Reuniclus\n|-damage|p2a: Reuniclus|0 fnt\n|faint|p2a: Reuniclus\n|\n|-damage|p1a: \u72c2\u86ee\u9b54\u5c0a|40\/100 brn|[from] brn\n|upkeep\n|\n|t:|1700899158\n|switch|p2a: Tapu Koko|Tapu Koko|40\/100\n|turn|52\n|\n|t:|1700899161\n|move|p2a: Tapu Koko|Thunderbolt|p1a: \u72c2\u86ee\u9b54\u5c0a\n|-damage|p1a: \u72c2\u86ee\u9b54\u5c0a|0 fnt\n|faint|p1a: \u72c2\u86ee\u9b54\u5c0a\n|\n|upkeep\n|\n|t:|1700899165\n|switch|p1a: Corviknight|Corviknight, F|64\/100 brn\n|-damage|p1a: Corviknight|51\/100 brn|[from] Stealth Rock\n|-ability|p1a: Corviknight|Pressure\n|turn|53\n|\n|t:|1700899170\n|move|p2a: Tapu Koko|Thunderbolt|p1a: Corviknight\n|-supereffective|p1a: Corviknight\n|-damage|p1a: Corviknight|0 fnt\n|faint|p1a: Corviknight\n|\n|upkeep\n|\n|t:|1700899173\n|switch|p1a: \u5e7d\u9b42\u9b54\u5c0a|Sneasler, M|100\/100\n|-damage|p1a: \u5e7d\u9b42\u9b54\u5c0a|95\/100|[from] Stealth Rock\n|turn|54\n|\n|t:|1700899177\n|move|p2a: Tapu Koko|Thunderbolt|p1a: \u5e7d\u9b42\u9b54\u5c0a\n|-damage|p1a: \u5e7d\u9b42\u9b54\u5c0a|0 fnt\n|faint|p1a: \u5e7d\u9b42\u9b54\u5c0a\n|\n|win|kitmash\n|raw|Freedom Demon's rating: 1565 &rarr; <strong>1554<\/strong><br \/>(-11 for losing)\n|raw|kitmash's rating: 1731 &rarr; <strong>1742<\/strong><br \/>(+11 for winning)\n|l|\u2606Freedom Demon\n","uploadtime":1700899188,"views":2,"p1id":"freedomdemon","p2id":"kitmash","formatid":"gen9nationaldex","rating":1554,"private":0,"password":""}