{"id":"gen9nationaldex-1993299973","p1":"Jam20Jam","p2":"lunchbox5536","format":"[Gen 9] National Dex","log":"|j|\u2606Jam20Jam\n|j|\u2606lunchbox5536\n|t:|1700293343\n|gametype|singles\n|player|p1|Jam20Jam|carmine|\n|player|p2|lunchbox5536|ghetsis|\n|teamsize|p1|6\n|teamsize|p2|6\n|gen|9\n|tier|[Gen 9] National Dex\n|rule|HP Percentage Mod: HP is shown in percentages\n|rule|Endless Battle Clause: Forcing endless battles is banned\n|rule|OHKO Clause: OHKO moves are banned\n|rule|Evasion Clause: Evasion abilities, items, and moves are banned\n|rule|Evasion Abilities Clause: Evasion abilities are banned\n|rule|Evasion Items Clause: Evasion items are banned\n|rule|Evasion Moves Clause: Evasion moves are banned\n|rule|Species Clause: Limit one of each Pok\u00e9mon\n|rule|Sleep Clause Mod: Limit one foe put to sleep\n|clearpoke\n|poke|p1|Skeledirge, F|\n|poke|p1|Grimer-Alola, F|\n|poke|p1|Coalossal, F|\n|poke|p1|Veluza, F|\n|poke|p1|Cetitan, M|\n|poke|p1|Great Tusk|\n|poke|p2|Lilligant-Hisui, F|\n|poke|p2|Zoroark-Hisui, F|\n|poke|p2|Grimmsnarl, M|\n|poke|p2|Sableye, M|\n|poke|p2|Klawf, F|\n|poke|p2|Shelgon, F|\n|teampreview\n|\n|t:|1700293356\n|start\n|switch|p1a: Great Tusk|Great Tusk|100\/100\n|switch|p2a: Sableye|Sableye, M|100\/100\n|-enditem|p1a: Great Tusk|Booster Energy\n|-activate|p1a: Great Tusk|ability: Protosynthesis|[fromitem]\n|-start|p1a: Great Tusk|protosynthesisatk\n|turn|1\n|\n|t:|1700293372\n|move|p2a: Sableye|Will-O-Wisp|p1a: Great Tusk|[miss]\n|-miss|p2a: Sableye|p1a: Great Tusk\n|move|p1a: Great Tusk|Megahorn|p2a: Sableye\n|-damage|p2a: Sableye|24\/100\n|\n|-heal|p2a: Sableye|30\/100|[from] item: Leftovers\n|upkeep\n|turn|2\n|\n|t:|1700293382\n|-end|p1a: Great Tusk|Protosynthesis|[silent]\n|switch|p1a: Skeledirge|Skeledirge, F|100\/100\n|move|p2a: Sableye|Pain Split|p1a: Skeledirge\n|-sethp|p1a: Skeledirge|61\/100|[from] move: Pain Split|[silent]\n|-sethp|p2a: Sableye|83\/100|[from] move: Pain Split\n|\n|-heal|p1a: Skeledirge|67\/100|[from] item: Leftovers\n|-heal|p2a: Sableye|89\/100|[from] item: Leftovers\n|upkeep\n|turn|3\n|\n|t:|1700293396\n|move|p2a: Sableye|Taunt|p1a: Skeledirge\n|-start|p1a: Skeledirge|move: Taunt\n|move|p1a: Skeledirge|Torch Song|p2a: Sableye\n|-damage|p2a: Sableye|62\/100\n|-boost|p1a: Skeledirge|spa|1\n|\n|-heal|p1a: Skeledirge|74\/100|[from] item: Leftovers\n|-heal|p2a: Sableye|68\/100|[from] item: Leftovers\n|upkeep\n|turn|4\n|\n|t:|1700293406\n|move|p1a: Skeledirge|Torch Song|p2a: Sableye\n|-damage|p2a: Sableye|29\/100\n|-boost|p1a: Skeledirge|spa|1\n|move|p2a: Sableye|Knock Off|p1a: Skeledirge\n|-supereffective|p1a: Skeledirge\n|-damage|p1a: Skeledirge|29\/100\n|-enditem|p1a: Skeledirge|Leftovers|[from] move: Knock Off|[of] p2a: Sableye\n|\n|-heal|p2a: Sableye|35\/100|[from] item: Leftovers\n|upkeep\n|turn|5\n|\n|t:|1700293419\n|switch|p2a: AAAAAAAAAAAA|Klawf, F|100\/100\n|move|p1a: Skeledirge|Torch Song|p2a: AAAAAAAAAAAA\n|-resisted|p2a: AAAAAAAAAAAA\n|-damage|p2a: AAAAAAAAAAAA|59\/100\n|-boost|p1a: Skeledirge|spa|1\n|\n|-end|p1a: Skeledirge|move: Taunt\n|upkeep\n|turn|6\n|\n|t:|1700293430\n|move|p2a: AAAAAAAAAAAA|Rock Slide|p1a: Skeledirge\n|-supereffective|p1a: Skeledirge\n|-damage|p1a: Skeledirge|0 fnt\n|faint|p1a: Skeledirge\n|\n|upkeep\n|\n|t:|1700293435\n|switch|p1a: Great Tusk|Great Tusk|100\/100\n|turn|7\n|\n|t:|1700293441\n|move|p1a: Great Tusk|Close Combat|p2a: AAAAAAAAAAAA\n|-supereffective|p2a: AAAAAAAAAAAA\n|-damage|p2a: AAAAAAAAAAAA|0 fnt\n|-unboost|p1a: Great Tusk|def|1\n|-unboost|p1a: Great Tusk|spd|1\n|faint|p2a: AAAAAAAAAAAA\n|\n|upkeep\n|\n|t:|1700293449\n|switch|p2a: Sableye|Sableye, M|35\/100\n|turn|8\n|\n|t:|1700293453\n|-end|p1a: Great Tusk|Protosynthesis|[silent]\n|switch|p1a: SpanishInquisition|Coalossal, F|100\/100\n|move|p2a: Sableye|Pain Split|p1a: SpanishInquisition\n|-sethp|p1a: SpanishInquisition|63\/100|[from] move: Pain Split|[silent]\n|-sethp|p2a: Sableye|87\/100|[from] move: Pain Split\n|\n|-heal|p2a: Sableye|94\/100|[from] item: Leftovers\n|upkeep\n|turn|9\n|\n|t:|1700293468\n|switch|p2a: Hello and Goodbye|Shelgon, F|100\/100\n|move|p1a: SpanishInquisition|Heat Crash|p2a: Hello and Goodbye\n|-resisted|p2a: Hello and Goodbye\n|-damage|p2a: Hello and Goodbye|95\/100\n|\n|upkeep\n|turn|10\n|\n|t:|1700293488\n|switch|p1a: Grimer|Grimer-Alola, F|100\/100\n|move|p2a: Hello and Goodbye|Toxic|p1a: Grimer|[miss]\n|-miss|p2a: Hello and Goodbye|p1a: Grimer\n|\n|upkeep\n|turn|11\n|\n|t:|1700293500\n|move|p2a: Hello and Goodbye|Protect|p2a: Hello and Goodbye\n|-singleturn|p2a: Hello and Goodbye|Protect\n|move|p1a: Grimer|Toxic|p2a: Hello and Goodbye\n|-activate|p2a: Hello and Goodbye|move: Protect\n|\n|upkeep\n|turn|12\n|\n|t:|1700293537\n|switch|p2a: Krampus|Grimmsnarl, M|100\/100\n|move|p1a: Grimer|Toxic|p2a: Krampus\n|-status|p2a: Krampus|tox\n|\n|-damage|p2a: Krampus|94\/100 tox|[from] psn\n|upkeep\n|turn|13\n|\n|t:|1700293558\n|-terastallize|p1a: Grimer|Ghost\n|move|p2a: Krampus|Play Rough|p1a: Grimer\n|-damage|p1a: Grimer|49\/100\n|move|p1a: Grimer|Knock Off|p2a: Krampus\n|-resisted|p2a: Krampus\n|-damage|p2a: Krampus|86\/100 tox\n|-enditem|p2a: Krampus|Custap Berry|[from] move: Knock Off|[of] p1a: Grimer\n|\n|-damage|p2a: Krampus|74\/100 tox|[from] psn\n|upkeep\n|turn|14\n|\n|t:|1700293582\n|move|p2a: Krampus|Play Rough|p1a: Grimer\n|-damage|p1a: Grimer|0 fnt\n|faint|p1a: Grimer\n|\n|-damage|p2a: Krampus|55\/100 tox|[from] psn\n|upkeep\n|\n|t:|1700293607\n|switch|p1a: Great Tusk|Great Tusk|100\/100\n|turn|15\n|\n|t:|1700293620\n|switch|p2a: Sableye|Sableye, M|94\/100\n|move|p1a: Great Tusk|Megahorn|p2a: Sableye\n|-damage|p2a: Sableye|30\/100\n|\n|-heal|p2a: Sableye|36\/100|[from] item: Leftovers\n|upkeep\n|turn|16\n|\n|t:|1700293630\n|-end|p1a: Great Tusk|Protosynthesis|[silent]\n|switch|p1a: SpanishInquisition|Coalossal, F|63\/100\n|move|p2a: Sableye|Pain Split|p1a: SpanishInquisition\n|-sethp|p1a: SpanishInquisition|44\/100|[from] move: Pain Split|[silent]\n|-sethp|p2a: Sableye|62\/100|[from] move: Pain Split\n|\n|-heal|p2a: Sableye|68\/100|[from] item: Leftovers\n|upkeep\n|turn|17\n|\n|t:|1700293648\n|move|p2a: Sableye|Knock Off|p1a: SpanishInquisition\n|-damage|p1a: SpanishInquisition|27\/100\n|-enditem|p1a: SpanishInquisition|Assault Vest|[from] move: Knock Off|[of] p2a: Sableye\n|move|p1a: SpanishInquisition|Heat Crash|p2a: Sableye\n|-damage|p2a: Sableye|0 fnt\n|faint|p2a: Sableye\n|\n|upkeep\n|\n|t:|1700293658\n|switch|p2a: Lilligant|Lilligant-Hisui, F, shiny|100\/100\n|turn|18\n|\n|t:|1700293667\n|move|p2a: Lilligant|Shadow Ball|p1a: SpanishInquisition\n|-damage|p1a: SpanishInquisition|0 fnt\n|faint|p1a: SpanishInquisition\n|\n|upkeep\n|\n|t:|1700293688\n|switch|p1a: Veluza|Veluza, F|100\/100\n|-ability|p1a: Veluza|Mold Breaker\n|turn|19\n|\n|t:|1700293695\n|move|p2a: Lilligant|Shadow Ball|p1a: Veluza\n|-supereffective|p1a: Veluza\n|-damage|p1a: Veluza|0 fnt\n|faint|p1a: Veluza\n|\n|upkeep\n|\n|t:|1700293702\n|switch|p1a: I BELIVE|Cetitan, M|100\/100\n|turn|20\n|\n|t:|1700293712\n|switch|p2a: Krampus|Grimmsnarl, M|55\/100 tox\n|move|p1a: I BELIVE|Belly Drum|p1a: I BELIVE\n|-damage|p1a: I BELIVE|51\/100\n|-setboost|p1a: I BELIVE|atk|6|[from] move: Belly Drum\n|\n|-damage|p2a: Krampus|49\/100 tox|[from] psn\n|upkeep\n|turn|21\n|\n|t:|1700293723\n|move|p1a: I BELIVE|Ice Shard|p2a: Krampus\n|-damage|p2a: Krampus|0 fnt\n|faint|p2a: Krampus\n|\n|upkeep\n|\n|t:|1700293735\n|switch|p2a: Lilligant|Lilligant-Hisui, F, shiny|100\/100\n|turn|22\n|\n|t:|1700293745\n|-terastallize|p2a: Lilligant|Fire\n|move|p1a: I BELIVE|Ice Shard|p2a: Lilligant\n|-resisted|p2a: Lilligant\n|-damage|p2a: Lilligant|39\/100\n|move|p2a: Lilligant|Close Combat|p1a: I BELIVE\n|-supereffective|p1a: I BELIVE\n|-damage|p1a: I BELIVE|0 fnt\n|-unboost|p2a: Lilligant|def|1\n|-unboost|p2a: Lilligant|spd|1\n|faint|p1a: I BELIVE\n|\n|upkeep\n|\n|t:|1700293755\n|switch|p1a: Great Tusk|Great Tusk|100\/100\n|turn|23\n|\n|t:|1700293768\n|move|p2a: Lilligant|Close Combat|p1a: Great Tusk\n|-damage|p1a: Great Tusk|19\/100\n|-unboost|p2a: Lilligant|def|1\n|-unboost|p2a: Lilligant|spd|1\n|move|p1a: Great Tusk|Ice Spinner|p2a: Lilligant\n|-resisted|p2a: Lilligant\n|-damage|p2a: Lilligant|0 fnt\n|faint|p2a: Lilligant\n|\n|upkeep\n|\n|t:|1700293777\n|switch|p2a: Hello and Goodbye|Shelgon, F|100\/100\n|turn|24\n|\n|t:|1700293782\n|move|p2a: Hello and Goodbye|Shadow Ball|p1a: Great Tusk\n|-damage|p1a: Great Tusk|0 fnt\n|faint|p1a: Great Tusk\n|-end|p1a: Great Tusk|Protosynthesis|[silent]\n|\n|win|lunchbox5536\n","uploadtime":1700293787,"views":6,"p1id":"jam20jam","p2id":"lunchbox5536","formatid":"gen9nationaldex","rating":0,"private":0,"password":""}