{"id":"gen9nationaldex-1996190779","p1":"shfeha","p2":"elom13","format":"[Gen 9] National Dex","log":"|html|<div class=\"broadcast-blue\"><strong>[Gen 9] National Dex is currently suspecting Sneasler! For information on how to participate check out the <a href=\"https:\/\/www.smogon.com\/forums\/threads\/sv-national-dex-suspect-8-just-dance.3731534\/\">suspect thread<\/a>.<\/strong><\/div>\n|j|\u2606shfeha\n|j|\u2606elom13\n|t:|1700657174\n|gametype|singles\n|player|p1|shfeha|cyclist|1078\n|player|p2|elom13|101|1016\n|teamsize|p1|6\n|teamsize|p2|6\n|gen|9\n|tier|[Gen 9] National Dex\n|rated|\n|rule|HP Percentage Mod: HP is shown in percentages\n|rule|Endless Battle Clause: Forcing endless battles is banned\n|rule|OHKO Clause: OHKO moves are banned\n|rule|Evasion Clause: Evasion abilities, items, and moves are banned\n|rule|Evasion Abilities Clause: Evasion abilities are banned\n|rule|Evasion Items Clause: Evasion items are banned\n|rule|Evasion Moves Clause: Evasion moves are banned\n|rule|Species Clause: Limit one of each Pok\u00e9mon\n|rule|Sleep Clause Mod: Limit one foe put to sleep\n|clearpoke\n|poke|p1|Rillaboom, F|\n|poke|p1|Urshifu-*, F|\n|poke|p1|Diancie|\n|poke|p1|Lokix, F|\n|poke|p1|Zapdos|\n|poke|p1|Aegislash, F|\n|poke|p2|Cloyster, F|\n|poke|p2|Wooper, M|\n|poke|p2|Infernape, F|\n|poke|p2|Haxorus, M|\n|poke|p2|Weezing-Galar, M|\n|poke|p2|Magnezone|\n|teampreview\n|inactive|Battle timer is ON: inactive players will automatically lose when time's up. (requested by shfeha)\n|\n|t:|1700657184\n|start\n|switch|p1a: Urshifu|Urshifu-Rapid-Strike, F|100\/100\n|switch|p2a: Weezing|Weezing-Galar, M|100\/100\n|-ability|p2a: Weezing|Neutralizing Gas\n|turn|1\n|\n|t:|1700657191\n|switch|p1a: Aegislash|Aegislash, F|100\/100\n|move|p2a: Weezing|Stockpile|p2a: Weezing\n|-start|p2a: Weezing|stockpile1\n|-boost|p2a: Weezing|def|1\n|-boost|p2a: Weezing|spd|1\n|\n|upkeep\n|turn|2\n|\n|t:|1700657199\n|move|p2a: Weezing|Toxic Spikes|p1a: Aegislash\n|-sidestart|p1: shfeha|move: Toxic Spikes\n|move|p1a: Aegislash|Swords Dance|p1a: Aegislash\n|-boost|p1a: Aegislash|atk|2\n|\n|upkeep\n|turn|3\n|\n|t:|1700657208\n|move|p2a: Weezing|Stockpile|p2a: Weezing\n|-start|p2a: Weezing|stockpile2\n|-boost|p2a: Weezing|def|1\n|-boost|p2a: Weezing|spd|1\n|move|p1a: Aegislash|Swords Dance|p1a: Aegislash\n|-boost|p1a: Aegislash|atk|2\n|\n|upkeep\n|turn|4\n|\n|t:|1700657222\n|move|p2a: Weezing|Toxic Spikes|p1a: Aegislash\n|-sidestart|p1: shfeha|move: Toxic Spikes\n|move|p1a: Aegislash|Swords Dance|p1a: Aegislash\n|-boost|p1a: Aegislash|atk|2\n|\n|upkeep\n|turn|5\n|\n|t:|1700657251\n|-formechange|p1a: Aegislash|Aegislash-Blade||[from] ability: Stance Change\n|move|p1a: Aegislash|Shadow Sneak|p2a: Weezing\n|-damage|p2a: Weezing|68\/100\n|move|p2a: Weezing|Misty Explosion|p1a: Aegislash\n|-resisted|p1a: Aegislash\n|-damage|p1a: Aegislash|76\/100\n|faint|p2a: Weezing\n|-end|p2a: Weezing|ability: Neutralizing Gas\n|\n|-heal|p1a: Aegislash|83\/100|[from] item: Leftovers\n|upkeep\n|inactive|elom13 has 120 seconds left.\n|\n|t:|1700657266\n|switch|p2a: Wooper|Wooper, M|100\/100\n|turn|6\n|inactive|elom13 has 120 seconds left.\n|\n|t:|1700657280\n|move|p1a: Aegislash|Sacred Sword|p2a: Wooper\n|-damage|p2a: Wooper|69\/100\n|move|p2a: Wooper|Haze|p2a: Wooper\n|-clearallboost\n|\n|-heal|p1a: Aegislash|89\/100|[from] item: Leftovers\n|upkeep\n|turn|7\n|inactive|elom13 has 120 seconds left.\n|\n|t:|1700657295\n|switch|p1a: Zapdos|Zapdos, shiny|100\/100\n|move|p2a: Wooper|Counter||[still]\n|-fail|p2a: Wooper\n|\n|upkeep\n|turn|8\n|\n|t:|1700657301\n|move|p1a: Zapdos|Defog|p2a: Wooper\n|-unboost|p2a: Wooper|evasion|1\n|-sideend|p1: shfeha|Toxic Spikes|[from] move: Defog|[of] p1a: Zapdos\n|move|p2a: Wooper|Recover|p2a: Wooper\n|-heal|p2a: Wooper|100\/100\n|\n|upkeep\n|turn|9\n|\n|t:|1700657307\n|move|p1a: Zapdos|Hurricane|p2a: Wooper\n|-damage|p2a: Wooper|3\/100\n|move|p2a: Wooper|Curse|p2a: Wooper\n|-unboost|p2a: Wooper|spe|1\n|-boost|p2a: Wooper|atk|1\n|-boost|p2a: Wooper|def|1\n|\n|upkeep\n|turn|10\n|\n|t:|1700657314\n|move|p1a: Zapdos|Hurricane|p2a: Wooper\n|-damage|p2a: Wooper|0 fnt\n|faint|p2a: Wooper\n|\n|upkeep\n|\n|t:|1700657321\n|switch|p2a: Magnezone|Magnezone|100\/100\n|-item|p2a: Magnezone|Air Balloon\n|turn|11\n|\n|t:|1700657345\n|move|p2a: Magnezone|Magic Coat|p2a: Magnezone\n|-singleturn|p2a: Magnezone|move: Magic Coat\n|move|p1a: Zapdos|Volt Switch|p2a: Magnezone\n|-resisted|p2a: Magnezone\n|-damage|p2a: Magnezone|80\/100\n|-enditem|p2a: Magnezone|Air Balloon\n|\n|t:|1700657350\n|switch|p1a: Rillaboom|Rillaboom, F, shiny|100\/100|[from] Volt Switch\n|-fieldstart|move: Grassy Terrain|[from] ability: Grassy Surge|[of] p1a: Rillaboom\n|\n|-heal|p2a: Magnezone|86\/100|[from] Grassy Terrain\n|upkeep\n|turn|12\n|\n|t:|1700657358\n|move|p1a: Rillaboom|High Horsepower|p2a: Magnezone\n|-supereffective|p2a: Magnezone\n|-damage|p2a: Magnezone|0 fnt\n|faint|p2a: Magnezone\n|\n|upkeep\n|\n|t:|1700657362\n|switch|p2a: Infernape|Infernape, F|100\/100\n|turn|13\n|\n|t:|1700657369\n|switch|p1a: Diancie|Diancie|100\/100\n|move|p2a: Infernape|Raging Fury|p1a: Diancie\n|-resisted|p1a: Diancie\n|-damage|p1a: Diancie|70\/100\n|\n|-heal|p1a: Diancie|76\/100|[from] Grassy Terrain\n|upkeep\n|turn|14\n|\n|t:|1700657377\n|detailschange|p1a: Diancie|Diancie-Mega\n|-mega|p1a: Diancie|Diancie|Diancite\n|move|p1a: Diancie|Diamond Storm|p2a: Infernape\n|-damage|p2a: Infernape|21\/100\n|move|p2a: Infernape|Raging Fury|p1a: Diancie|[from]lockedmove\n|-resisted|p1a: Diancie\n|-damage|p1a: Diancie|16\/100\n|-start|p2a: Infernape|confusion|[fatigue]\n|\n|-heal|p1a: Diancie|22\/100|[from] Grassy Terrain\n|-heal|p2a: Infernape|27\/100|[from] Grassy Terrain\n|-heal|p2a: Infernape|33\/100|[from] item: Leftovers\n|upkeep\n|turn|15\n|\n|t:|1700657392\n|move|p1a: Diancie|Diamond Storm|p2a: Infernape\n|-damage|p2a: Infernape|0 fnt\n|-boost|p1a: Diancie|def|2\n|faint|p2a: Infernape\n|\n|-heal|p1a: Diancie|29\/100|[from] Grassy Terrain\n|-fieldend|move: Grassy Terrain\n|upkeep\n|\n|t:|1700657404\n|switch|p2a: Cloyster|Cloyster, F|100\/100\n|turn|16\n|\n|t:|1700657410\n|move|p1a: Diancie|Diamond Storm|p2a: Cloyster\n|-supereffective|p2a: Cloyster\n|-damage|p2a: Cloyster|13\/100\n|move|p2a: Cloyster|Shell Smash|p2a: Cloyster\n|-unboost|p2a: Cloyster|def|1\n|-unboost|p2a: Cloyster|spd|1\n|-boost|p2a: Cloyster|atk|2\n|-boost|p2a: Cloyster|spa|2\n|-boost|p2a: Cloyster|spe|2\n|-enditem|p2a: Cloyster|White Herb\n|-clearnegativeboost|p2a: Cloyster|[silent]\n|\n|upkeep\n|turn|17\n|\n|t:|1700657419\n|move|p2a: Cloyster|Icicle Spear|p1a: Diancie\n|-damage|p1a: Diancie|13\/100\n|-damage|p1a: Diancie|0 fnt\n|faint|p1a: Diancie\n|-hitcount|p1: Diancie|2\n|\n|upkeep\n|\n|t:|1700657424\n|switch|p1a: Lokix|Lokix, F, shiny|100\/100\n|turn|18\n|\n|t:|1700657428\n|-terastallize|p1a: Lokix|Bug\n|move|p1a: Lokix|First Impression|p2a: Cloyster\n|-damage|p2a: Cloyster|0 fnt\n|faint|p2a: Cloyster\n|\n|upkeep\n|\n|t:|1700657434\n|switch|p2a: Haxorus|Haxorus, M|100\/100\n|-ability|p2a: Haxorus|Mold Breaker\n|turn|19\n|\n|t:|1700657444\n|move|p2a: Haxorus|Scale Shot|p1a: Lokix\n|-damage|p1a: Lokix|71\/100\n|-damage|p1a: Lokix|44\/100\n|-hitcount|p1a: Lokix|2\n|-unboost|p2a: Haxorus|def|1\n|-boost|p2a: Haxorus|spe|1\n|-damage|p2a: Haxorus|91\/100|[from] item: Life Orb\n|move|p1a: Lokix|U-turn|p2a: Haxorus\n|-damage|p2a: Haxorus|7\/100\n|\n|t:|1700657450\n|switch|p1a: Aegislash|Aegislash, F|89\/100|[from] U-turn\n|\n|-heal|p1a: Aegislash|95\/100|[from] item: Leftovers\n|upkeep\n|turn|20\n|\n|t:|1700657466\n|-formechange|p1a: Aegislash|Aegislash-Blade||[from] ability: Stance Change\n|move|p1a: Aegislash|Shadow Sneak|p2a: Haxorus\n|-damage|p2a: Haxorus|0 fnt\n|faint|p2a: Haxorus\n|\n|win|shfeha\n|raw|shfeha's rating: 1078 &rarr; <strong>1101<\/strong><br \/>(+23 for winning)\n|raw|elom13's rating: 1016 &rarr; <strong>1006<\/strong><br \/>(-10 for losing)\n|l|\u2606elom13\n","uploadtime":1700657475,"views":0,"p1id":"shfeha","p2id":"elom13","formatid":"gen9nationaldex","rating":1006,"private":0,"password":""}