{"id":"gen9nationaldex-1987609555","p1":"Dark Umbreon 08","p2":"epicreyzer","format":"[Gen 9] National Dex","log":"|j|\u2606Dark Umbreon 08\n|j|\u2606epicreyzer\n|t:|1699619146\n|gametype|singles\n|player|p1|Dark Umbreon 08|lass-gen4dp|1271\n|player|p2|epicreyzer|roxie|1205\n|teamsize|p1|6\n|teamsize|p2|6\n|gen|9\n|tier|[Gen 9] National Dex\n|rated|\n|rule|HP Percentage Mod: HP is shown in percentages\n|rule|Endless Battle Clause: Forcing endless battles is banned\n|rule|OHKO Clause: OHKO moves are banned\n|rule|Evasion Clause: Evasion abilities, items, and moves are banned\n|rule|Evasion Abilities Clause: Evasion abilities are banned\n|rule|Evasion Items Clause: Evasion items are banned\n|rule|Evasion Moves Clause: Evasion moves are banned\n|rule|Species Clause: Limit one of each Pok\u00e9mon\n|rule|Sleep Clause Mod: Limit one foe put to sleep\n|clearpoke\n|poke|p1|Charizard, F|\n|poke|p1|Heatran, M|\n|poke|p1|Moltres|\n|poke|p1|Volcarona, M|\n|poke|p1|Blaziken, F|\n|poke|p1|Ceruledge, M|\n|poke|p2|Cobalion|\n|poke|p2|Tinkaton, F|\n|poke|p2|Bisharp, M|\n|poke|p2|Aggron, F|\n|poke|p2|Sandslash-Alola, M|\n|poke|p2|Corviknight, F|\n|teampreview\n|inactive|Battle timer is ON: inactive players will automatically lose when time's up. (requested by Dark Umbreon 08)\n|inactive|epicreyzer also wants the timer to be on.\n|\n|t:|1699619157\n|start\n|switch|p1a: Heatran|Heatran, M|100\/100\n|switch|p2a: Emi|Tinkaton, F|100\/100\n|-ability|p2a: Emi|Mold Breaker\n|turn|1\n|\n|t:|1699619162\n|move|p1a: Heatran|Fire Blast|p2a: Emi\n|-supereffective|p2a: Emi\n|-damage|p2a: Emi|0 fnt\n|faint|p2a: Emi\n|\n|upkeep\n|\n|t:|1699619171\n|switch|p2a: Alphonse|Aggron, F|100\/100\n|turn|2\n|\n|t:|1699619176\n|detailschange|p2a: Alphonse|Aggron-Mega, F\n|-mega|p2a: Alphonse|Aggron|Aggronite\n|move|p1a: Heatran|Fire Blast|p2a: Alphonse|[miss]\n|-miss|p1a: Heatran|p2a: Alphonse\n|move|p2a: Alphonse|Earthquake|p1a: Heatran\n|-supereffective|p1a: Heatran\n|-damage|p1a: Heatran|0 fnt\n|faint|p1a: Heatran\n|\n|upkeep\n|\n|t:|1699619182\n|switch|p1a: Blaziken|Blaziken, F|100\/100\n|turn|3\n|\n|t:|1699619189\n|-terastallize|p1a: Blaziken|Flying\n|move|p1a: Blaziken|Swagger|p2a: Alphonse|[miss]\n|-miss|p1a: Blaziken|p2a: Alphonse\n|move|p2a: Alphonse|Earthquake|p1a: Blaziken\n|-immune|p1a: Blaziken\n|\n|-ability|p1a: Blaziken|Speed Boost|boost\n|-boost|p1a: Blaziken|spe|1\n|upkeep\n|turn|4\n|\n|t:|1699619194\n|move|p1a: Blaziken|Swagger|p2a: Alphonse\n|-boost|p2a: Alphonse|atk|2\n|-enditem|p1a: Blaziken|Mirror Herb\n|-boost|p1a: Blaziken|atk|2|[from] item: Mirror Herb\n|-start|p2a: Alphonse|confusion\n|-activate|p2a: Alphonse|confusion\n|-damage|p2a: Alphonse|85\/100|[from] confusion\n|\n|-ability|p1a: Blaziken|Speed Boost|boost\n|-boost|p1a: Blaziken|spe|1\n|upkeep\n|turn|5\n|\n|t:|1699619201\n|move|p1a: Blaziken|Fire Punch|p2a: Alphonse\n|-supereffective|p2a: Alphonse\n|-damage|p2a: Alphonse|31\/100\n|-activate|p2a: Alphonse|confusion\n|move|p2a: Alphonse|Rock Blast|p1a: Blaziken\n|-supereffective|p1a: Blaziken\n|-damage|p1a: Blaziken|40\/100\n|-supereffective|p1a: Blaziken\n|-damage|p1a: Blaziken|0 fnt\n|faint|p1a: Blaziken\n|-hitcount|p1: Blaziken|2\n|\n|upkeep\n|\n|t:|1699619208\n|switch|p1a: Volcarona|Volcarona, M|100\/100\n|turn|6\n|\n|t:|1699619213\n|move|p1a: Volcarona|Fiery Dance|p2a: Alphonse\n|-supereffective|p2a: Alphonse\n|-damage|p2a: Alphonse|0 fnt\n|-boost|p1a: Volcarona|spa|1\n|faint|p2a: Alphonse\n|\n|upkeep\n|\n|t:|1699619219\n|switch|p2a: VEM ME DA CABE\u00c7ADA|Cobalion|100\/100\n|turn|7\n|\n|t:|1699619223\n|move|p2a: VEM ME DA CABE\u00c7ADA|Stone Edge|p1a: Volcarona\n|-supereffective|p1a: Volcarona\n|-damage|p1a: Volcarona|0 fnt\n|faint|p1a: Volcarona\n|\n|upkeep\n|\n|t:|1699619226\n|switch|p1a: Ceruledge|Ceruledge, M|100\/100\n|turn|8\n|\n|t:|1699619237\n|move|p2a: VEM ME DA CABE\u00c7ADA|Stone Edge|p1a: Ceruledge\n|-supereffective|p1a: Ceruledge\n|-damage|p1a: Ceruledge|24\/100\n|-ability|p1a: Ceruledge|Weak Armor|boost\n|-unboost|p1a: Ceruledge|def|1\n|-boost|p1a: Ceruledge|spe|2\n|move|p1a: Ceruledge|Swords Dance|p1a: Ceruledge\n|-boost|p1a: Ceruledge|atk|2\n|\n|upkeep\n|turn|9\n|\n|t:|1699619254\n|move|p1a: Ceruledge|Poltergeist|p2a: VEM ME DA CABE\u00c7ADA\n|-activate|p2a: VEM ME DA CABE\u00c7ADA|move: Poltergeist|Assault Vest\n|-damage|p2a: VEM ME DA CABE\u00c7ADA|1\/100\n|move|p2a: VEM ME DA CABE\u00c7ADA|Iron Head|p1a: Ceruledge\n|-resisted|p1a: Ceruledge\n|-damage|p1a: Ceruledge|0 fnt\n|faint|p1a: Ceruledge\n|\n|upkeep\n|\n|t:|1699619259\n|switch|p1a: Charizard|Charizard, F|100\/100\n|turn|10\n|\n|t:|1699619264\n|detailschange|p1a: Charizard|Charizard-Mega-Y, F\n|-mega|p1a: Charizard|Charizard|Charizardite Y\n|-weather|SunnyDay|[from] ability: Drought|[of] p1a: Charizard\n|move|p2a: VEM ME DA CABE\u00c7ADA|Stone Edge|p1a: Charizard\n|-supereffective|p1a: Charizard\n|-crit|p1a: Charizard\n|-damage|p1a: Charizard|0 fnt\n|faint|p1a: Charizard\n|\n|-weather|SunnyDay|[upkeep]\n|upkeep\n|\n|t:|1699619265\n|switch|p1a: Moltres|Moltres|100\/100\n|turn|11\n|\n|t:|1699619270\n|move|p2a: VEM ME DA CABE\u00c7ADA|Stone Edge|p1a: Moltres\n|-supereffective|p1a: Moltres\n|-crit|p1a: Moltres\n|-damage|p1a: Moltres|0 fnt\n|faint|p1a: Moltres\n|\n|win|epicreyzer\n|raw|Dark Umbreon 08's rating: 1271 &rarr; <strong>1241<\/strong><br \/>(-30 for losing)\n|raw|epicreyzer's rating: 1205 &rarr; <strong>1235<\/strong><br \/>(+30 for winning)\n|l|\u2606Dark Umbreon 08\n","uploadtime":1699619279,"views":14,"p1id":"darkumbreon08","p2id":"epicreyzer","formatid":"gen9nationaldex","rating":1235,"private":0,"password":""}