{"id":"gen9nationaldex-1987576970","p1":"xiaoheizi114514","p2":"taoke","format":"[Gen 9] National Dex","log":"|j|\u2606xiaoheizi114514\n|j|\u2606taoke\n|t:|1699614627\n|gametype|singles\n|player|p1|xiaoheizi114514|cyclist|\n|player|p2|taoke|cyclist|\n|teamsize|p1|6\n|teamsize|p2|6\n|gen|9\n|tier|[Gen 9] National Dex\n|rule|HP Percentage Mod: HP is shown in percentages\n|rule|Endless Battle Clause: Forcing endless battles is banned\n|rule|OHKO Clause: OHKO moves are banned\n|rule|Evasion Clause: Evasion abilities, items, and moves are banned\n|rule|Evasion Abilities Clause: Evasion abilities are banned\n|rule|Evasion Items Clause: Evasion items are banned\n|rule|Evasion Moves Clause: Evasion moves are banned\n|rule|Species Clause: Limit one of each Pok\u00e9mon\n|rule|Sleep Clause Mod: Limit one foe put to sleep\n|clearpoke\n|poke|p1|Alomomola, F|\n|poke|p1|Slowking-Galar, F|\n|poke|p1|Ting-Lu|\n|poke|p1|Ursaluna, F|\n|poke|p1|Tapu Koko|\n|poke|p1|Scizor, F|\n|poke|p2|Espeon, M|\n|poke|p2|Zamazenta-*|\n|poke|p2|Umbreon, F|\n|poke|p2|Sylveon, F|\n|poke|p2|Jolteon, M|\n|poke|p2|Vaporeon, F|\n|teampreview\n|c|\u2606xiaoheizi114514|\u9003\u8bfe\u8001\u5e08\u597d\n|\n|t:|1699614644\n|start\n|switch|p1a: Tapu Koko|Tapu Koko|100\/100\n|switch|p2a: Vaporeon|Vaporeon, F|100\/100\n|-fieldstart|move: Electric Terrain|[from] ability: Electric Surge|[of] p1a: Tapu Koko\n|turn|1\n|c|\u2606taoke|\u665a\u4e0a\u597d\n|\n|t:|1699614650\n|move|p2a: Vaporeon|Protect|p2a: Vaporeon\n|-singleturn|p2a: Vaporeon|Protect\n|move|p1a: Tapu Koko|Volt Switch|p2a: Vaporeon\n|-activate|p2a: Vaporeon|move: Protect\n|\n|upkeep\n|turn|2\n|\n|t:|1699614655\n|switch|p2a: Jolteon|Jolteon, M|100\/100\n|move|p1a: Tapu Koko|U-turn|p2a: Jolteon\n|-damage|p2a: Jolteon|61\/100\n|-damage|p1a: Tapu Koko|91\/100|[from] item: Life Orb\n|\n|t:|1699614661\n|switch|p1a: Ursaluna|Ursaluna, F|100\/100|[from] U-turn\n|\n|-status|p1a: Ursaluna|brn|[from] item: Flame Orb\n|upkeep\n|turn|3\n|inactive|Battle timer is ON: inactive players will automatically lose when time's up. (requested by xiaoheizi114514)\n|\n|t:|1699614668\n|switch|p2a: Zamazeon|Zamazenta|100\/100\n|-ability|p2a: Zamazeon|Dauntless Shield|boost\n|-boost|p2a: Zamazeon|def|1\n|move|p1a: Ursaluna|Facade|p2a: Zamazeon\n|-damage|p2a: Zamazeon|44\/100\n|\n|-heal|p2a: Zamazeon|50\/100|[from] item: Leftovers\n|-damage|p1a: Ursaluna|94\/100 brn|[from] brn\n|upkeep\n|turn|4\n|\n|t:|1699614675\n|switch|p1a: Tapu Koko|Tapu Koko|91\/100\n|move|p2a: Zamazeon|Body Press|p1a: Tapu Koko\n|-resisted|p1a: Tapu Koko\n|-damage|p1a: Tapu Koko|54\/100\n|\n|-heal|p2a: Zamazeon|56\/100|[from] item: Leftovers\n|upkeep\n|turn|5\n|\n|t:|1699614684\n|switch|p2a: Sylveon|Sylveon, F|100\/100\n|move|p1a: Tapu Koko|Dazzling Gleam|p2a: Sylveon\n|-damage|p2a: Sylveon|71\/100\n|-damage|p1a: Tapu Koko|44\/100|[from] item: Life Orb\n|\n|-heal|p2a: Sylveon|77\/100|[from] item: Leftovers\n|-fieldend|move: Electric Terrain\n|upkeep\n|turn|6\n|\n|t:|1699614690\n|switch|p1a: Slowking|Slowking-Galar, F|100\/100\n|move|p2a: Sylveon|Hyper Voice|p1a: Slowking\n|-resisted|p1a: Slowking\n|-damage|p1a: Slowking|89\/100\n|\n|-heal|p2a: Sylveon|83\/100|[from] item: Leftovers\n|upkeep\n|turn|7\n|\n|t:|1699614697\n|switch|p2a: Espeon|Espeon, M|100\/100\n|move|p1a: Slowking|Sludge Bomb|p2a: Espeon\n|-damage|p2a: Espeon|65\/100\n|-status|p2a: Espeon|psn\n|\n|-heal|p2a: Espeon|71\/100 psn|[from] item: Leftovers\n|-damage|p2a: Espeon|58\/100 psn|[from] psn\n|upkeep\n|turn|8\n|\n|t:|1699614707\n|switch|p2a: Vaporeon|Vaporeon, F|100\/100\n|move|p1a: Slowking|Chilly Reception|p1a: Slowking\n|-weather|Snow\n|\n|t:|1699614713\n|switch|p1a: Ursaluna|Ursaluna, F|94\/100 brn|[from] Chilly Reception\n|\n|-weather|Snow|[upkeep]\n|-damage|p1a: Ursaluna|88\/100 brn|[from] brn\n|upkeep\n|turn|9\n|\n|t:|1699614716\n|move|p1a: Ursaluna|Facade|p2a: Vaporeon\n|-damage|p2a: Vaporeon|22\/100\n|move|p2a: Vaporeon|Scald|p1a: Ursaluna\n|-supereffective|p1a: Ursaluna\n|-damage|p1a: Ursaluna|25\/100 brn\n|\n|-weather|Snow|[upkeep]\n|-heal|p2a: Vaporeon|28\/100|[from] item: Leftovers\n|-damage|p1a: Ursaluna|19\/100 brn|[from] brn\n|upkeep\n|turn|10\n|\n|t:|1699614729\n|move|p2a: Vaporeon|Protect|p2a: Vaporeon\n|-singleturn|p2a: Vaporeon|Protect\n|move|p1a: Ursaluna|Facade|p2a: Vaporeon\n|-activate|p2a: Vaporeon|move: Protect\n|\n|-weather|Snow|[upkeep]\n|-heal|p2a: Vaporeon|35\/100|[from] item: Leftovers\n|-damage|p1a: Ursaluna|12\/100 brn|[from] brn\n|upkeep\n|turn|11\n|\n|t:|1699614734\n|move|p1a: Ursaluna|Facade|p2a: Vaporeon\n|-damage|p2a: Vaporeon|0 fnt\n|faint|p2a: Vaporeon\n|\n|-weather|Snow|[upkeep]\n|-damage|p1a: Ursaluna|6\/100 brn|[from] brn\n|upkeep\n|\n|t:|1699614738\n|switch|p2a: Jolteon|Jolteon, M|61\/100\n|turn|12\n|\n|t:|1699614742\n|move|p2a: Jolteon|Hidden Power|p1a: Ursaluna\n|-supereffective|p1a: Ursaluna\n|-damage|p1a: Ursaluna|0 fnt\n|faint|p1a: Ursaluna\n|-damage|p2a: Jolteon|51\/100|[from] item: Life Orb\n|\n|-weather|none\n|upkeep\n|\n|t:|1699614746\n|switch|p1a: Slowking|Slowking-Galar, F|100\/100\n|turn|13\n|\n|t:|1699614751\n|switch|p2a: Umbreon|Umbreon, F|100\/100\n|move|p1a: Slowking|Chilly Reception|p1a: Slowking\n|-weather|Snow\n|\n|t:|1699614757\n|switch|p1a: Alomomola|Alomomola, F|100\/100|[from] Chilly Reception\n|\n|-weather|Snow|[upkeep]\n|upkeep\n|turn|14\n|j| hbgzd\n|\n|t:|1699614761\n|move|p2a: Umbreon|Toxic|p1a: Alomomola\n|-status|p1a: Alomomola|tox\n|move|p1a: Alomomola|Toxic|p2a: Umbreon\n|-status|p2a: Umbreon|tox\n|-activate|p2a: Umbreon|ability: Synchronize\n|-fail|p1a: Alomomola|tox\n|\n|-weather|Snow|[upkeep]\n|-damage|p2a: Umbreon|94\/100 tox|[from] psn\n|-damage|p1a: Alomomola|94\/100 tox|[from] psn\n|upkeep\n|turn|15\n|\n|t:|1699614766\n|move|p1a: Alomomola|Flip Turn|p2a: Umbreon\n|-damage|p2a: Umbreon|85\/100 tox\n|\n|t:|1699614769\n|switch|p1a: Scizor|Scizor, F|100\/100|[from] Flip Turn\n|move|p2a: Umbreon|Heal Bell|p2a: Umbreon\n|-activate|p2a: Umbreon|move: Heal Bell\n|-curestatus|p2a: Umbreon|tox|[msg]\n|-curestatus|p2: Espeon|psn|[msg]\n|\n|-weather|Snow|[upkeep]\n|-heal|p2a: Umbreon|91\/100|[from] item: Leftovers\n|upkeep\n|turn|16\n|\n|t:|1699614781\n|detailschange|p1a: Scizor|Scizor-Mega, F\n|-mega|p1a: Scizor|Scizor|Scizorite\n|move|p1a: Scizor|U-turn|p2a: Umbreon\n|-supereffective|p2a: Umbreon\n|-damage|p2a: Umbreon|48\/100\n|\n|t:|1699614786\n|switch|p1a: Ting-Lu|Ting-Lu|100\/100|[from] U-turn\n|-ability|p1a: Ting-Lu|Vessel of Ruin\n|move|p2a: Umbreon|Foul Play|p1a: Ting-Lu\n|-resisted|p1a: Ting-Lu\n|-damage|p1a: Ting-Lu|90\/100\n|\n|-weather|Snow|[upkeep]\n|-heal|p2a: Umbreon|55\/100|[from] item: Leftovers\n|-heal|p1a: Ting-Lu|97\/100|[from] item: Leftovers\n|upkeep\n|turn|17\n|\n|t:|1699614796\n|-terastallize|p1a: Ting-Lu|Poison\n|move|p2a: Umbreon|Toxic|p1a: Ting-Lu\n|-immune|p1a: Ting-Lu\n|move|p1a: Ting-Lu|Stealth Rock|p2a: Umbreon\n|-sidestart|p2: taoke|move: Stealth Rock\n|\n|-weather|none\n|-heal|p2a: Umbreon|61\/100|[from] item: Leftovers\n|-heal|p1a: Ting-Lu|100\/100|[from] item: Leftovers\n|upkeep\n|turn|18\n|\n|t:|1699614807\n|move|p2a: Umbreon|Foul Play|p1a: Ting-Lu\n|-damage|p1a: Ting-Lu|81\/100\n|move|p1a: Ting-Lu|Earthquake|p2a: Umbreon\n|-damage|p2a: Umbreon|39\/100\n|\n|-heal|p2a: Umbreon|45\/100|[from] item: Leftovers\n|-heal|p1a: Ting-Lu|87\/100|[from] item: Leftovers\n|upkeep\n|turn|19\n|\n|t:|1699614813\n|move|p2a: Umbreon|Moonlight|p2a: Umbreon\n|-heal|p2a: Umbreon|95\/100\n|move|p1a: Ting-Lu|Spikes|p2a: Umbreon\n|-sidestart|p2: taoke|Spikes\n|\n|-heal|p2a: Umbreon|100\/100|[from] item: Leftovers\n|-heal|p1a: Ting-Lu|93\/100|[from] item: Leftovers\n|upkeep\n|turn|20\n|\n|t:|1699614823\n|switch|p2a: Espeon|Espeon, M|58\/100\n|-damage|p2a: Espeon|46\/100|[from] Stealth Rock\n|-damage|p2a: Espeon|33\/100|[from] Spikes\n|switch|p1a: Alomomola|Alomomola, F|100\/100 tox\n|\n|-heal|p2a: Espeon|40\/100|[from] item: Leftovers\n|-damage|p1a: Alomomola|94\/100 tox|[from] psn\n|upkeep\n|turn|21\n|\n|t:|1699614827\n|move|p2a: Espeon|Morning Sun|p2a: Espeon\n|-heal|p2a: Espeon|90\/100\n|move|p1a: Alomomola|Flip Turn|p2a: Espeon\n|-damage|p2a: Espeon|70\/100\n|\n|t:|1699614830\n|switch|p1a: Tapu Koko|Tapu Koko|44\/100|[from] Flip Turn\n|-fieldstart|move: Electric Terrain|[from] ability: Electric Surge|[of] p1a: Tapu Koko\n|\n|-heal|p2a: Espeon|77\/100|[from] item: Leftovers\n|upkeep\n|turn|22\n|\n|t:|1699614837\n|move|p1a: Tapu Koko|U-turn|p2a: Espeon\n|-supereffective|p2a: Espeon\n|-damage|p2a: Espeon|17\/100\n|-damage|p1a: Tapu Koko|34\/100|[from] item: Life Orb\n|\n|t:|1699614841\n|switch|p1a: Scizor|Scizor-Mega, F|100\/100|[from] U-turn\n|move|p2a: Espeon|Morning Sun|p2a: Espeon\n|-heal|p2a: Espeon|67\/100\n|\n|-heal|p2a: Espeon|74\/100|[from] item: Leftovers\n|upkeep\n|turn|23\n|\n|t:|1699614848\n|-terastallize|p2a: Espeon|Steel\n|move|p2a: Espeon|Morning Sun|p2a: Espeon\n|-heal|p2a: Espeon|100\/100\n|move|p1a: Scizor|U-turn|p2a: Espeon\n|-resisted|p2a: Espeon\n|-damage|p2a: Espeon|78\/100\n|\n|t:|1699614851\n|switch|p1a: Ting-Lu|Ting-Lu, tera:Poison|93\/100|[from] U-turn\n|-ability|p1a: Ting-Lu|Vessel of Ruin\n|\n|-heal|p2a: Espeon|84\/100|[from] item: Leftovers\n|-heal|p1a: Ting-Lu|99\/100|[from] item: Leftovers\n|upkeep\n|turn|24\n|\n|t:|1699614866\n|switch|p2a: Zamazeon|Zamazenta|56\/100\n|-damage|p2a: Zamazeon|50\/100|[from] Stealth Rock\n|-damage|p2a: Zamazeon|38\/100|[from] Spikes\n|move|p1a: Ting-Lu|Earthquake|p2a: Zamazeon\n|-crit|p2a: Zamazeon\n|-damage|p2a: Zamazeon|0 fnt\n|faint|p2a: Zamazeon\n|\n|-heal|p1a: Ting-Lu|100\/100|[from] item: Leftovers\n|upkeep\n|\n|t:|1699614879\n|switch|p2a: Jolteon|Jolteon, M|51\/100\n|-damage|p2a: Jolteon|39\/100|[from] Stealth Rock\n|-damage|p2a: Jolteon|27\/100|[from] Spikes\n|turn|25\n|\n|t:|1699614883\n|switch|p1a: Slowking|Slowking-Galar, F|100\/100\n|move|p2a: Jolteon|Thunder Wave|p1a: Slowking\n|-status|p1a: Slowking|par\n|\n|-fieldend|move: Electric Terrain\n|upkeep\n|turn|26\n|\n|t:|1699614889\n|move|p2a: Jolteon|Thunderbolt|p1a: Slowking\n|-damage|p1a: Slowking|66\/100 par\n|-damage|p2a: Jolteon|17\/100|[from] item: Life Orb\n|move|p1a: Slowking|Sludge Bomb|p2a: Jolteon\n|-damage|p2a: Jolteon|0 fnt\n|faint|p2a: Jolteon\n|\n|upkeep\n|\n|t:|1699614897\n|switch|p2a: Espeon|Espeon, M, tera:Steel|84\/100\n|-damage|p2a: Espeon|78\/100|[from] Stealth Rock\n|-damage|p2a: Espeon|65\/100|[from] Spikes\n|turn|27\n|\n|t:|1699614900\n|switch|p1a: Ting-Lu|Ting-Lu, tera:Poison|100\/100\n|-ability|p1a: Ting-Lu|Vessel of Ruin\n|move|p2a: Espeon|Calm Mind|p2a: Espeon\n|-boost|p2a: Espeon|spa|1\n|-boost|p2a: Espeon|spd|1\n|\n|-heal|p2a: Espeon|72\/100|[from] item: Leftovers\n|upkeep\n|turn|28\n|\n|t:|1699614905\n|move|p2a: Espeon|Stored Power|p1a: Ting-Lu\n|-supereffective|p1a: Ting-Lu\n|-damage|p1a: Ting-Lu|69\/100\n|move|p1a: Ting-Lu|Earthquake|p2a: Espeon\n|-supereffective|p2a: Espeon\n|-damage|p2a: Espeon|0 fnt\n|faint|p2a: Espeon\n|\n|-heal|p1a: Ting-Lu|75\/100|[from] item: Leftovers\n|upkeep\n|\n|t:|1699614910\n|switch|p2a: Umbreon|Umbreon, F|100\/100\n|-damage|p2a: Umbreon|88\/100|[from] Stealth Rock\n|-damage|p2a: Umbreon|76\/100|[from] Spikes\n|turn|29\n|\n|t:|1699614913\n|switch|p1a: Alomomola|Alomomola, F|100\/100 tox\n|move|p2a: Umbreon|Foul Play|p1a: Alomomola\n|-damage|p1a: Alomomola|88\/100 tox\n|\n|-heal|p2a: Umbreon|82\/100|[from] item: Leftovers\n|-damage|p1a: Alomomola|82\/100 tox|[from] psn\n|upkeep\n|turn|30\n|\n|t:|1699614923\n|move|p1a: Alomomola|Toxic|p2a: Umbreon\n|-status|p2a: Umbreon|tox\n|-activate|p2a: Umbreon|ability: Synchronize\n|-fail|p1a: Alomomola|tox\n|move|p2a: Umbreon|Foul Play|p1a: Alomomola\n|-damage|p1a: Alomomola|69\/100 tox\n|\n|-heal|p2a: Umbreon|88\/100 tox|[from] item: Leftovers\n|-damage|p2a: Umbreon|82\/100 tox|[from] psn\n|-damage|p1a: Alomomola|56\/100 tox|[from] psn\n|upkeep\n|turn|31\n|\n|t:|1699614927\n|move|p1a: Alomomola|Flip Turn|p2a: Umbreon\n|-damage|p2a: Umbreon|72\/100 tox\n|\n|t:|1699614930\n|switch|p1a: Ting-Lu|Ting-Lu, tera:Poison|75\/100|[from] Flip Turn\n|-ability|p1a: Ting-Lu|Vessel of Ruin\n|move|p2a: Umbreon|Heal Bell|p2a: Umbreon\n|-activate|p2a: Umbreon|move: Heal Bell\n|-curestatus|p2a: Umbreon|tox|[msg]\n|\n|-heal|p2a: Umbreon|78\/100|[from] item: Leftovers\n|-heal|p1a: Ting-Lu|81\/100|[from] item: Leftovers\n|upkeep\n|turn|32\n|\n|t:|1699614934\n|switch|p1a: Alomomola|Alomomola, F|90\/100 tox\n|move|p2a: Umbreon|Foul Play|p1a: Alomomola\n|-damage|p1a: Alomomola|79\/100 tox\n|\n|-heal|p2a: Umbreon|85\/100|[from] item: Leftovers\n|-damage|p1a: Alomomola|72\/100 tox|[from] psn\n|upkeep\n|turn|33\n|\n|t:|1699614942\n|move|p2a: Umbreon|Foul Play|p1a: Alomomola\n|-damage|p1a: Alomomola|60\/100 tox\n|move|p1a: Alomomola|Toxic|p2a: Umbreon\n|-status|p2a: Umbreon|tox\n|-activate|p2a: Umbreon|ability: Synchronize\n|-fail|p1a: Alomomola|tox\n|\n|-heal|p2a: Umbreon|91\/100 tox|[from] item: Leftovers\n|-damage|p2a: Umbreon|85\/100 tox|[from] psn\n|-damage|p1a: Alomomola|48\/100 tox|[from] psn\n|upkeep\n|turn|34\n|\n|t:|1699614951\n|move|p2a: Umbreon|Heal Bell|p2a: Umbreon\n|-activate|p2a: Umbreon|move: Heal Bell\n|-curestatus|p2a: Umbreon|tox|[msg]\n|move|p1a: Alomomola|Flip Turn|p2a: Umbreon\n|-damage|p2a: Umbreon|76\/100\n|\n|t:|1699614953\n|switch|p1a: Scizor|Scizor-Mega, F|100\/100|[from] Flip Turn\n|\n|-heal|p2a: Umbreon|82\/100|[from] item: Leftovers\n|upkeep\n|turn|35\n|\n|t:|1699614957\n|move|p1a: Scizor|U-turn|p2a: Umbreon\n|-supereffective|p2a: Umbreon\n|-damage|p2a: Umbreon|39\/100\n|\n|t:|1699614962\n|switch|p1a: Alomomola|Alomomola, F|81\/100 tox|[from] U-turn\n|move|p2a: Umbreon|Foul Play|p1a: Alomomola\n|-damage|p1a: Alomomola|69\/100 tox\n|\n|-heal|p2a: Umbreon|45\/100|[from] item: Leftovers\n|-damage|p1a: Alomomola|63\/100 tox|[from] psn\n|upkeep\n|turn|36\n|\n|t:|1699614966\n|move|p1a: Alomomola|Toxic|p2a: Umbreon\n|-status|p2a: Umbreon|tox\n|-activate|p2a: Umbreon|ability: Synchronize\n|-fail|p1a: Alomomola|tox\n|move|p2a: Umbreon|Moonlight|p2a: Umbreon\n|-heal|p2a: Umbreon|95\/100 tox\n|\n|-heal|p2a: Umbreon|100\/100 tox|[from] item: Leftovers\n|-damage|p2a: Umbreon|94\/100 tox|[from] psn\n|-damage|p1a: Alomomola|50\/100 tox|[from] psn\n|upkeep\n|turn|37\n|\n|t:|1699614971\n|switch|p1a: Scizor|Scizor-Mega, F|100\/100\n|move|p2a: Umbreon|Heal Bell|p2a: Umbreon\n|-activate|p2a: Umbreon|move: Heal Bell\n|-curestatus|p2a: Umbreon|tox|[msg]\n|\n|-heal|p2a: Umbreon|100\/100|[from] item: Leftovers\n|upkeep\n|turn|38\n|\n|t:|1699614977\n|move|p1a: Scizor|U-turn|p2a: Umbreon\n|-supereffective|p2a: Umbreon\n|-damage|p2a: Umbreon|62\/100\n|\n|t:|1699614983\n|switch|p1a: Ting-Lu|Ting-Lu, tera:Poison|81\/100|[from] U-turn\n|-ability|p1a: Ting-Lu|Vessel of Ruin\n|move|p2a: Umbreon|Foul Play|p1a: Ting-Lu\n|-damage|p1a: Ting-Lu|60\/100\n|\n|-heal|p2a: Umbreon|68\/100|[from] item: Leftovers\n|-heal|p1a: Ting-Lu|66\/100|[from] item: Leftovers\n|upkeep\n|turn|39\n|\n|t:|1699614990\n|switch|p2a: Sylveon|Sylveon, F|83\/100\n|-damage|p2a: Sylveon|70\/100|[from] Stealth Rock\n|-damage|p2a: Sylveon|58\/100|[from] Spikes\n|move|p1a: Ting-Lu|Spikes|p2a: Sylveon\n|-sidestart|p2: taoke|Spikes\n|\n|-heal|p2a: Sylveon|64\/100|[from] item: Leftovers\n|-heal|p1a: Ting-Lu|73\/100|[from] item: Leftovers\n|upkeep\n|turn|40\n|\n|t:|1699614997\n|move|p2a: Sylveon|Wish|p2a: Sylveon\n|move|p1a: Ting-Lu|Earthquake|p2a: Sylveon\n|-damage|p2a: Sylveon|36\/100\n|\n|-heal|p2a: Sylveon|42\/100|[from] item: Leftovers\n|-heal|p1a: Ting-Lu|79\/100|[from] item: Leftovers\n|upkeep\n|turn|41\n|\n|t:|1699615002\n|move|p2a: Sylveon|Hyper Voice|p1a: Ting-Lu\n|-resisted|p1a: Ting-Lu\n|-damage|p1a: Ting-Lu|70\/100\n|move|p1a: Ting-Lu|Whirlwind|p2a: Sylveon\n|drag|p2a: Umbreon|Umbreon, F|68\/100\n|-damage|p2a: Umbreon|56\/100|[from] Stealth Rock\n|-damage|p2a: Umbreon|39\/100|[from] Spikes\n|\n|-heal|p2a: Umbreon|89\/100|[from] move: Wish|[wisher] Sylveon\n|-heal|p2a: Umbreon|95\/100|[from] item: Leftovers\n|-heal|p1a: Ting-Lu|77\/100|[from] item: Leftovers\n|upkeep\n|turn|42\n|\n|t:|1699615008\n|move|p2a: Umbreon|Foul Play|p1a: Ting-Lu\n|-damage|p1a: Ting-Lu|56\/100\n|move|p1a: Ting-Lu|Spikes|p2a: Umbreon\n|-sidestart|p2: taoke|Spikes\n|\n|-heal|p2a: Umbreon|100\/100|[from] item: Leftovers\n|-heal|p1a: Ting-Lu|62\/100|[from] item: Leftovers\n|upkeep\n|turn|43\n|c|\u2606taoke|gg\n|-message|taoke forfeited.\n|\n|win|xiaoheizi114514\n|c|\u2606xiaoheizi114514|gg\n|l|\u2606taoke\n","uploadtime":1699615021,"views":7,"p1id":"xiaoheizi114514","p2id":"taoke","formatid":"gen9nationaldex","rating":0,"private":0,"password":""}