{"id":"gen9nationaldex-1991922925","p1":"jujibalaoshi001","p2":"OHIOSONFIRE","format":"[Gen 9] National Dex","log":"|j|\u2606jujibalaoshi001\n|j|\u2606OHIOSONFIRE\n|t:|1700138611\n|gametype|singles\n|player|p1|jujibalaoshi001|hexmaniac-gen6|1435\n|player|p2|OHIOSONFIRE|acetrainersnow|1326\n|teamsize|p1|6\n|teamsize|p2|6\n|gen|9\n|tier|[Gen 9] National Dex\n|rated|\n|rule|HP Percentage Mod: HP is shown in percentages\n|rule|Endless Battle Clause: Forcing endless battles is banned\n|rule|OHKO Clause: OHKO moves are banned\n|rule|Evasion Clause: Evasion abilities, items, and moves are banned\n|rule|Evasion Abilities Clause: Evasion abilities are banned\n|rule|Evasion Items Clause: Evasion items are banned\n|rule|Evasion Moves Clause: Evasion moves are banned\n|rule|Species Clause: Limit one of each Pok\u00e9mon\n|rule|Sleep Clause Mod: Limit one foe put to sleep\n|clearpoke\n|poke|p1|Scizor, F|\n|poke|p1|Cloyster, M|\n|poke|p1|Garchomp, F|\n|poke|p1|Zapdos|\n|poke|p1|Heatran, M|\n|poke|p1|Chansey, F|\n|poke|p2|Pincurchin, F|\n|poke|p2|Hawlucha, M|\n|poke|p2|Mawile, F|\n|poke|p2|Iron Valiant|\n|poke|p2|Rotom-Wash|\n|poke|p2|Kyurem|\n|teampreview\n|\n|t:|1700138627\n|start\n|switch|p1a: Garchomp|Garchomp, F|100\/100\n|switch|p2a: Pincurchin|Pincurchin, F|100\/100\n|-fieldstart|move: Electric Terrain|[from] ability: Electric Surge|[of] p2a: Pincurchin\n|turn|1\n|\n|t:|1700138638\n|switch|p2a: Rotom|Rotom-Wash|100\/100\n|move|p1a: Garchomp|Stealth Rock|p2a: Rotom\n|-sidestart|p2: OHIOSONFIRE|move: Stealth Rock\n|\n|upkeep\n|turn|2\n|\n|t:|1700138649\n|switch|p1a: Chansey|Chansey, F|100\/100\n|move|p2a: Rotom|Trick|p1a: Chansey\n|-activate|p2a: Rotom|move: Trick|[of] p1a: Chansey\n|-item|p1a: Chansey|Choice Scarf|[from] move: Trick\n|-item|p2a: Rotom|Eviolite|[from] move: Trick\n|\n|upkeep\n|turn|3\n|\n|t:|1700138666\n|move|p2a: Rotom|Volt Switch|p1a: Chansey\n|-damage|p1a: Chansey|87\/100\n|\n|t:|1700138672\n|switch|p2a: Mawile|Mawile, F|100\/100|[from] Volt Switch\n|-damage|p2a: Mawile|95\/100|[from] Stealth Rock\n|-ability|p2a: Mawile|Intimidate|boost\n|-unboost|p1a: Chansey|atk|1\n|move|p1a: Chansey|Toxic|p2a: Mawile\n|-immune|p2a: Mawile\n|\n|upkeep\n|turn|4\n|l|\u2606jujibalaoshi001\n|player|p1|\n|inactive|Battle timer is ON: inactive players will automatically lose when time's up. (requested by OHIOSONFIRE)\n|c|\u2606OHIOSONFIRE|Sucker\n|j|\u2606jujibalaoshi001\n|inactive|jujibalaoshi001 reconnected and has 140 seconds left.\n|player|p1|jujibalaoshi001|hexmaniac-gen6\n|\n|t:|1700138734\n|switch|p1a: Garchomp|Garchomp, F|100\/100\n|detailschange|p2a: Mawile|Mawile-Mega, F\n|-mega|p2a: Mawile|Mawile|Mawilite\n|move|p2a: Mawile|Play Rough|p1a: Garchomp|[miss]\n|-miss|p2a: Mawile|p1a: Garchomp\n|\n|upkeep\n|turn|5\n|inactive|OHIOSONFIRE has 120 seconds left.\n|\n|t:|1700138775\n|move|p1a: Garchomp|Earthquake|p2a: Mawile\n|-supereffective|p2a: Mawile\n|-damage|p2a: Mawile|0 fnt\n|faint|p2a: Mawile\n|\n|-fieldend|move: Electric Terrain\n|upkeep\n|\n|t:|1700138785\n|switch|p2a: Pincurchin|Pincurchin, F|100\/100\n|-damage|p2a: Pincurchin|88\/100|[from] Stealth Rock\n|-fieldstart|move: Electric Terrain|[from] ability: Electric Surge|[of] p2a: Pincurchin\n|turn|6\n|\n|t:|1700138791\n|switch|p2a: Rotom|Rotom-Wash|100\/100\n|-damage|p2a: Rotom|88\/100|[from] Stealth Rock\n|move|p1a: Garchomp|Earthquake|p2a: Rotom\n|-immune|p2a: Rotom|[from] ability: Levitate\n|\n|upkeep\n|turn|7\n|inactive|OHIOSONFIRE has 120 seconds left.\n|\n|t:|1700138808\n|move|p1a: Garchomp|Swords Dance|p1a: Garchomp\n|-boost|p1a: Garchomp|atk|2\n|move|p2a: Rotom|Trick||[still]\n|-fail|p2a: Rotom\n|\n|upkeep\n|turn|8\n|inactive|OHIOSONFIRE has 120 seconds left.\n|\n|t:|1700138820\n|move|p1a: Garchomp|Swords Dance|p1a: Garchomp\n|-boost|p1a: Garchomp|atk|2\n|move|p2a: Rotom|Hydro Pump|p1a: Garchomp\n|-damage|p1a: Garchomp|46\/100\n|\n|upkeep\n|turn|9\n|c|\u2606OHIOSONFIRE|Ples\n|c|\u2606OHIOSONFIRE|no\n|c|\u2606OHIOSONFIRE|no z move no mega pls lmfao\n|inactive|OHIOSONFIRE has 120 seconds left.\n|\n|t:|1700138832\n|-zpower|p1a: Garchomp\n|move|p1a: Garchomp|Devastating Drake|p2a: Rotom|[zeffect]\n|-damage|p2a: Rotom|0 fnt\n|faint|p2a: Rotom\n|\n|upkeep\n|c|\u2606OHIOSONFIRE|NoOo\n|inactive|OHIOSONFIRE has 120 seconds left.\n|\n|t:|1700138840\n|switch|p2a: Hawlucha|Hawlucha, M|100\/100\n|-damage|p2a: Hawlucha|88\/100|[from] Stealth Rock\n|-enditem|p2a: Hawlucha|Electric Seed\n|-boost|p2a: Hawlucha|def|1|[from] item: Electric Seed\n|turn|10\n|\n|t:|1700138850\n|move|p2a: Hawlucha|Acrobatics|p1a: Garchomp\n|-damage|p1a: Garchomp|0 fnt\n|-damage|p2a: Hawlucha|76\/100|[from] ability: Rough Skin|[of] p1a: Garchomp\n|faint|p1a: Garchomp\n|\n|-fieldend|move: Electric Terrain\n|upkeep\n|\n|t:|1700138858\n|switch|p1a: Chansey|Chansey, F|87\/100\n|turn|11\n|\n|t:|1700138867\n|move|p2a: Hawlucha|Drain Punch|p1a: Chansey\n|-supereffective|p1a: Chansey\n|-damage|p1a: Chansey|16\/100\n|-heal|p2a: Hawlucha|100\/100|[from] drain|[of] p1a: Chansey\n|move|p1a: Chansey|Toxic|p2a: Hawlucha\n|-status|p2a: Hawlucha|tox\n|\n|-damage|p2a: Hawlucha|94\/100 tox|[from] psn\n|upkeep\n|turn|12\n|\n|t:|1700138876\n|move|p2a: Hawlucha|Swords Dance|p2a: Hawlucha\n|-boost|p2a: Hawlucha|atk|2\n|move|p1a: Chansey|Toxic|p2a: Hawlucha\n|-fail|p2a: Hawlucha|tox\n|\n|-damage|p2a: Hawlucha|82\/100 tox|[from] psn\n|upkeep\n|turn|13\n|\n|t:|1700138885\n|move|p2a: Hawlucha|Drain Punch|p1a: Chansey\n|-supereffective|p1a: Chansey\n|-damage|p1a: Chansey|0 fnt\n|-heal|p2a: Hawlucha|100\/100 tox|[from] drain|[of] p1a: Chansey\n|faint|p1a: Chansey\n|\n|-damage|p2a: Hawlucha|82\/100 tox|[from] psn\n|upkeep\n|\n|t:|1700138890\n|switch|p1a: Cloyster|Cloyster, M|100\/100\n|turn|14\n|\n|t:|1700138907\n|move|p2a: Hawlucha|Drain Punch|p1a: Cloyster\n|-supereffective|p1a: Cloyster\n|-enditem|p1a: Cloyster|Focus Sash\n|-damage|p1a: Cloyster|1\/100\n|-heal|p2a: Hawlucha|100\/100 tox|[from] drain|[of] p1a: Cloyster\n|move|p1a: Cloyster|Icicle Spear|p2a: Hawlucha\n|-supereffective|p2a: Hawlucha\n|-damage|p2a: Hawlucha|78\/100 tox\n|-supereffective|p2a: Hawlucha\n|-damage|p2a: Hawlucha|55\/100 tox\n|-supereffective|p2a: Hawlucha\n|-damage|p2a: Hawlucha|32\/100 tox\n|-supereffective|p2a: Hawlucha\n|-damage|p2a: Hawlucha|10\/100 tox\n|-supereffective|p2a: Hawlucha\n|-damage|p2a: Hawlucha|0 fnt\n|faint|p2a: Hawlucha\n|-hitcount|p2: Hawlucha|5\n|\n|upkeep\n|\n|t:|1700138914\n|switch|p2a: Pincurchin|Pincurchin, F|88\/100\n|-damage|p2a: Pincurchin|76\/100|[from] Stealth Rock\n|-fieldstart|move: Electric Terrain|[from] ability: Electric Surge|[of] p2a: Pincurchin\n|turn|15\n|\n|t:|1700138928\n|move|p1a: Cloyster|Icicle Spear|p2a: Pincurchin\n|-damage|p2a: Pincurchin|61\/100\n|-damage|p2a: Pincurchin|48\/100\n|-damage|p2a: Pincurchin|33\/100\n|-damage|p2a: Pincurchin|19\/100\n|-damage|p2a: Pincurchin|6\/100\n|-hitcount|p2a: Pincurchin|5\n|-enditem|p2a: Pincurchin|Eject Button\n|\n|t:|1700138937\n|switch|p2a: Iron Valiant|Iron Valiant|100\/100\n|-damage|p2a: Iron Valiant|94\/100|[from] Stealth Rock\n|-activate|p2a: Iron Valiant|ability: Quark Drive\n|-start|p2a: Iron Valiant|quarkdriveatk\n|\n|upkeep\n|turn|16\n|\n|t:|1700138952\n|-terastallize|p2a: Iron Valiant|Fairy\n|move|p2a: Iron Valiant|Spirit Break|p1a: Cloyster\n|-damage|p1a: Cloyster|0 fnt\n|faint|p1a: Cloyster\n|\n|upkeep\n|\n|t:|1700138959\n|switch|p1a: Scizor|Scizor, F|100\/100\n|turn|17\n|\n|t:|1700138963\n|detailschange|p1a: Scizor|Scizor-Mega, F\n|-mega|p1a: Scizor|Scizor|Scizorite\n|move|p1a: Scizor|Bullet Punch|p2a: Iron Valiant\n|-supereffective|p2a: Iron Valiant\n|-damage|p2a: Iron Valiant|24\/100\n|move|p2a: Iron Valiant|Spirit Break|p1a: Scizor\n|-resisted|p1a: Scizor\n|-damage|p1a: Scizor|75\/100\n|-unboost|p1a: Scizor|spa|1\n|\n|upkeep\n|turn|18\n|\n|t:|1700138976\n|-end|p2a: Iron Valiant|Quark Drive|[silent]\n|switch|p2a: Pincurchin|Pincurchin, F|6\/100\n|-damage|p2a: Pincurchin|0 fnt|[from] Stealth Rock\n|faint|p2a: Pincurchin\n|move|p1a: Scizor|Bullet Punch|p2: Pincurchin|[notarget]\n|-fail|p1a: Scizor\n|\n|upkeep\n|\n|t:|1700138978\n|switch|p2a: Kyurem|Kyurem|100\/100\n|-damage|p2a: Kyurem|76\/100|[from] Stealth Rock\n|-ability|p2a: Kyurem|Pressure\n|turn|19\n|\n|t:|1700138984\n|move|p1a: Scizor|Bullet Punch|p2a: Kyurem\n|-supereffective|p2a: Kyurem\n|-damage|p2a: Kyurem|18\/100\n|move|p2a: Kyurem|Icicle Spear|p1a: Scizor\n|-resisted|p1a: Scizor\n|-damage|p1a: Scizor|71\/100\n|-resisted|p1a: Scizor\n|-damage|p1a: Scizor|66\/100\n|-resisted|p1a: Scizor\n|-damage|p1a: Scizor|61\/100\n|-resisted|p1a: Scizor\n|-damage|p1a: Scizor|56\/100\n|-hitcount|p1a: Scizor|4\n|\n|-fieldend|move: Electric Terrain\n|upkeep\n|turn|20\n|-message|OHIOSONFIRE forfeited.\n|\n|win|jujibalaoshi001\n|raw|jujibalaoshi001's rating: 1435 &rarr; <strong>1450<\/strong><br \/>(+15 for winning)\n|raw|OHIOSONFIRE's rating: 1346 &rarr; <strong>1331<\/strong><br \/>(-15 for losing)\n|l|\u2606OHIOSONFIRE\n","uploadtime":1700138997,"views":4,"p1id":"jujibalaoshi001","p2id":"ohiosonfire","formatid":"gen9nationaldex","rating":1331,"private":0,"password":""}