{"id":"gen9nationaldex-1991860213","p1":"santabarata","p2":"mtyqjltz5","format":"[Gen 9] National Dex","log":"|j|\u2606santabarata\n|j|\u2606mtyqjltz5\n|t:|1700129797\n|gametype|singles\n|player|p1|santabarata|leon|1295\n|player|p2|mtyqjltz5|elesa|1383\n|teamsize|p1|6\n|teamsize|p2|6\n|gen|9\n|tier|[Gen 9] National Dex\n|rated|\n|rule|HP Percentage Mod: HP is shown in percentages\n|rule|Endless Battle Clause: Forcing endless battles is banned\n|rule|OHKO Clause: OHKO moves are banned\n|rule|Evasion Clause: Evasion abilities, items, and moves are banned\n|rule|Evasion Abilities Clause: Evasion abilities are banned\n|rule|Evasion Items Clause: Evasion items are banned\n|rule|Evasion Moves Clause: Evasion moves are banned\n|rule|Species Clause: Limit one of each Pok\u00e9mon\n|rule|Sleep Clause Mod: Limit one foe put to sleep\n|clearpoke\n|poke|p1|Volcanion|\n|poke|p1|Tapu Koko|\n|poke|p1|Thundurus, M|\n|poke|p1|Garchomp, M|\n|poke|p1|Scizor, M|\n|poke|p1|Iron Valiant|\n|poke|p2|Pidgeot, M|\n|poke|p2|Sandy Shocks|\n|poke|p2|Rillaboom, M|\n|poke|p2|Weezing-Galar, M|\n|poke|p2|Heatran, M|\n|poke|p2|Greninja-*, M|\n|teampreview\n|inactive|Battle timer is ON: inactive players will automatically lose when time's up. (requested by santabarata)\n|\n|t:|1700129813\n|start\n|switch|p1a: Tapu Koko|Tapu Koko, shiny|100\/100\n|switch|p2a: Sandy Shocks|Sandy Shocks|100\/100\n|-fieldstart|move: Electric Terrain|[from] ability: Electric Surge|[of] p1a: Tapu Koko\n|turn|1\n|\n|t:|1700129829\n|move|p1a: Tapu Koko|Dazzling Gleam|p2a: Sandy Shocks\n|-damage|p2a: Sandy Shocks|57\/100\n|move|p2a: Sandy Shocks|Earth Power|p1a: Tapu Koko\n|-supereffective|p1a: Tapu Koko\n|-damage|p1a: Tapu Koko|0 fnt\n|faint|p1a: Tapu Koko\n|\n|upkeep\n|\n|t:|1700129834\n|switch|p1a: Iron Valiant|Iron Valiant, shiny|100\/100\n|-activate|p1a: Iron Valiant|ability: Quark Drive\n|-start|p1a: Iron Valiant|quarkdrivespe\n|turn|2\n|\n|t:|1700129846\n|-end|p2a: Sandy Shocks|Protosynthesis|[silent]\n|switch|p2a: Rillaboom|Rillaboom, M|100\/100\n|-fieldstart|move: Grassy Terrain|[from] ability: Grassy Surge|[of] p2a: Rillaboom\n|-end|p1a: Iron Valiant|Quark Drive\n|move|p1a: Iron Valiant|Moonblast|p2a: Rillaboom\n|-damage|p2a: Rillaboom|22\/100\n|-damage|p1a: Iron Valiant|91\/100|[from] item: Life Orb\n|\n|-heal|p1a: Iron Valiant|97\/100|[from] Grassy Terrain\n|-heal|p2a: Rillaboom|29\/100|[from] Grassy Terrain\n|upkeep\n|turn|3\n|inactive|santabarata has 120 seconds left.\n|\n|t:|1700129879\n|move|p2a: Rillaboom|Grassy Glide|p1a: Iron Valiant\n|-damage|p1a: Iron Valiant|19\/100\n|move|p1a: Iron Valiant|Moonblast|p2a: Rillaboom\n|-damage|p2a: Rillaboom|0 fnt\n|faint|p2a: Rillaboom\n|-damage|p1a: Iron Valiant|9\/100|[from] item: Life Orb\n|\n|-heal|p1a: Iron Valiant|16\/100|[from] Grassy Terrain\n|upkeep\n|\n|t:|1700129902\n|switch|p2a: Pidgeot|Pidgeot, M, shiny|100\/100\n|turn|4\n|\n|t:|1700129906\n|detailschange|p2a: Pidgeot|Pidgeot-Mega, M, shiny\n|-mega|p2a: Pidgeot|Pidgeot|Pidgeotite\n|move|p2a: Pidgeot|Hurricane|p1a: Iron Valiant\n|-supereffective|p1a: Iron Valiant\n|-damage|p1a: Iron Valiant|0 fnt\n|faint|p1a: Iron Valiant\n|-end|p1a: Iron Valiant|Quark Drive|[silent]\n|\n|upkeep\n|\n|t:|1700129911\n|switch|p1a: Thundurus|Thundurus, M|100\/100\n|turn|5\n|\n|t:|1700129919\n|switch|p2a: Sandy Shocks|Sandy Shocks|57\/100\n|move|p1a: Thundurus|Thunder Wave|p2a: Sandy Shocks\n|-immune|p2a: Sandy Shocks\n|\n|-heal|p2a: Sandy Shocks|63\/100|[from] Grassy Terrain\n|upkeep\n|turn|6\n|\n|t:|1700129936\n|move|p2a: Sandy Shocks|Thunderbolt|p1a: Thundurus\n|-damage|p1a: Thundurus|68\/100\n|-enditem|p1a: Thundurus|Eject Button\n|\n|t:|1700129944\n|switch|p1a: Garchomp|Garchomp, M, shiny|100\/100\n|\n|-heal|p2a: Sandy Shocks|69\/100|[from] Grassy Terrain\n|-fieldend|move: Grassy Terrain\n|upkeep\n|turn|7\n|\n|t:|1700129949\n|-end|p2a: Sandy Shocks|Protosynthesis|[silent]\n|switch|p2a: Weezing|Weezing-Galar, M|100\/100\n|move|p1a: Garchomp|Stealth Rock|p2a: Weezing\n|-sidestart|p2: mtyqjltz5|move: Stealth Rock\n|\n|upkeep\n|turn|8\n|\n|t:|1700129954\n|move|p1a: Garchomp|Earthquake|p2a: Weezing\n|-immune|p2a: Weezing|[from] ability: Levitate\n|move|p2a: Weezing|Will-O-Wisp|p1a: Garchomp\n|-status|p1a: Garchomp|brn\n|\n|-damage|p1a: Garchomp|94\/100 brn|[from] brn\n|upkeep\n|turn|9\n|-message|santabarata forfeited.\n|\n|win|mtyqjltz5\n|raw|santabarata's rating: 1295 &rarr; <strong>1276<\/strong><br \/>(-19 for losing)\n|raw|mtyqjltz5's rating: 1383 &rarr; <strong>1398<\/strong><br \/>(+15 for winning)\n|l|\u2606santabarata\n","uploadtime":1700129970,"views":4,"p1id":"santabarata","p2id":"mtyqjltz5","formatid":"gen9nationaldex","rating":1276,"private":0,"password":""}