{"id":"gen9nationaldex-1987604898","p1":"vachiuni","p2":"biezouhaoma","format":"[Gen 9] National Dex","log":"|j|\u2606vachiuni\n|j|\u2606biezouhaoma\n|t:|1699618532\n|gametype|singles\n|player|p1|vachiuni|winona|1738\n|player|p2|biezouhaoma|bugcatcher-gen4dp|1752\n|teamsize|p1|6\n|teamsize|p2|6\n|gen|9\n|tier|[Gen 9] National Dex\n|rated|\n|rule|HP Percentage Mod: HP is shown in percentages\n|rule|Endless Battle Clause: Forcing endless battles is banned\n|rule|OHKO Clause: OHKO moves are banned\n|rule|Evasion Clause: Evasion abilities, items, and moves are banned\n|rule|Evasion Abilities Clause: Evasion abilities are banned\n|rule|Evasion Items Clause: Evasion items are banned\n|rule|Evasion Moves Clause: Evasion moves are banned\n|rule|Species Clause: Limit one of each Pok\u00e9mon\n|rule|Sleep Clause Mod: Limit one foe put to sleep\n|clearpoke\n|poke|p1|Thundurus-Therian, M|\n|poke|p1|Ferrothorn, F|\n|poke|p1|Salamence, M|\n|poke|p1|Tyranitar, F|\n|poke|p1|Celesteela|\n|poke|p1|Tapu Fini|\n|poke|p2|Pelipper, M|\n|poke|p2|Barraskewda, F|\n|poke|p2|Garganacl, F|\n|poke|p2|Scizor, M|\n|poke|p2|Volcanion|\n|poke|p2|Iron Treads|\n|teampreview\n|inactive|Battle timer is ON: inactive players will automatically lose when time's up. (requested by biezouhaoma)\n|\n|t:|1699618546\n|start\n|switch|p1a: Thundurus|Thundurus-Therian, M, shiny|100\/100\n|switch|p2a: Iron Treads|Iron Treads|100\/100\n|turn|1\n|\n|t:|1699618550\n|move|p2a: Iron Treads|Stealth Rock|p1a: Thundurus\n|-sidestart|p1: vachiuni|move: Stealth Rock\n|move|p1a: Thundurus|Focus Blast|p2a: Iron Treads\n|-supereffective|p2a: Iron Treads\n|-damage|p2a: Iron Treads|0 fnt\n|faint|p2a: Iron Treads\n|-end|p2a: Iron Treads|Quark Drive|[silent]\n|\n|upkeep\n|\n|t:|1699618558\n|switch|p2a: Barraskewda|Barraskewda, F|100\/100\n|turn|2\n|\n|t:|1699618563\n|move|p2a: Barraskewda|Flip Turn|p1a: Thundurus\n|-damage|p1a: Thundurus|27\/100\n|\n|t:|1699618566\n|switch|p2a: Pelipper|Pelipper, M|100\/100|[from] Flip Turn\n|-weather|RainDance|[from] ability: Drizzle|[of] p2a: Pelipper\n|move|p1a: Thundurus|Grass Knot|p2a: Pelipper\n|-crit|p2a: Pelipper\n|-damage|p2a: Pelipper|48\/100\n|\n|-weather|RainDance|[upkeep]\n|upkeep\n|turn|3\n|\n|t:|1699618572\n|switch|p2a: Scizor|Scizor, M|100\/100\n|move|p1a: Thundurus|Thunder|p2a: Scizor\n|-damage|p2a: Scizor|42\/100\n|-status|p2a: Scizor|par\n|\n|-weather|RainDance|[upkeep]\n|upkeep\n|turn|4\n|\n|t:|1699618577\n|detailschange|p2a: Scizor|Scizor-Mega, M\n|-mega|p2a: Scizor|Scizor|Scizorite\n|cant|p2a: Scizor|par\n|move|p1a: Thundurus|Thunder|p2a: Scizor\n|-damage|p2a: Scizor|0 fnt\n|faint|p2a: Scizor\n|\n|-weather|RainDance|[upkeep]\n|upkeep\n|\n|t:|1699618582\n|switch|p2a: Barraskewda|Barraskewda, F|100\/100\n|turn|5\n|\n|t:|1699618587\n|switch|p1a: Ferrothorn|Ferrothorn, F|100\/100\n|-damage|p1a: Ferrothorn|94\/100|[from] Stealth Rock\n|move|p2a: Barraskewda|Flip Turn|p1a: Ferrothorn\n|-resisted|p1a: Ferrothorn\n|-damage|p1a: Ferrothorn|64\/100\n|-damage|p2a: Barraskewda|88\/100|[from] ability: Iron Barbs|[of] p1a: Ferrothorn\n|-damage|p2a: Barraskewda|72\/100|[from] item: Rocky Helmet|[of] p1a: Ferrothorn\n|\n|t:|1699618589\n|switch|p2a: Volcanion|Volcanion|100\/100|[from] Flip Turn\n|\n|-weather|RainDance|[upkeep]\n|upkeep\n|turn|6\n|\n|t:|1699618596\n|switch|p1a: Thundurus|Thundurus-Therian, M, shiny|27\/100\n|-damage|p1a: Thundurus|2\/100|[from] Stealth Rock\n|move|p2a: Volcanion|Steam Eruption|p1a: Thundurus\n|-damage|p1a: Thundurus|0 fnt\n|faint|p1a: Thundurus\n|\n|-weather|RainDance|[upkeep]\n|upkeep\n|\n|t:|1699618615\n|switch|p1a: Salamence|Salamence, M|100\/100\n|-damage|p1a: Salamence|76\/100|[from] Stealth Rock\n|-ability|p1a: Salamence|Intimidate|boost\n|-unboost|p2a: Volcanion|atk|1\n|turn|7\n|\n|t:|1699618621\n|switch|p2a: Garganacl|Garganacl, F|100\/100\n|move|p1a: Salamence|Hurricane|p2a: Garganacl\n|-resisted|p2a: Garganacl\n|-damage|p2a: Garganacl|71\/100\n|-start|p2a: Garganacl|confusion\n|\n|-weather|RainDance|[upkeep]\n|-heal|p2a: Garganacl|77\/100|[from] item: Leftovers\n|upkeep\n|turn|8\n|\n|t:|1699618628\n|switch|p1a: Celesteela|Celesteela, shiny|100\/100\n|-damage|p1a: Celesteela|88\/100|[from] Stealth Rock\n|-activate|p2a: Garganacl|confusion\n|-damage|p2a: Garganacl|71\/100|[from] confusion\n|\n|-weather|RainDance|[upkeep]\n|-heal|p2a: Garganacl|77\/100|[from] item: Leftovers\n|upkeep\n|turn|9\n|\n|t:|1699618636\n|-end|p2a: Garganacl|confusion\n|move|p2a: Garganacl|Protect|p2a: Garganacl\n|-singleturn|p2a: Garganacl|Protect\n|move|p1a: Celesteela|Flash Cannon|p2a: Garganacl\n|-activate|p2a: Garganacl|move: Protect\n|\n|-weather|none\n|-heal|p2a: Garganacl|83\/100|[from] item: Leftovers\n|upkeep\n|turn|10\n|\n|t:|1699618644\n|switch|p2a: Pelipper|Pelipper, M|48\/100\n|-weather|RainDance|[from] ability: Drizzle|[of] p2a: Pelipper\n|move|p1a: Celesteela|Flash Cannon|p2a: Pelipper\n|-resisted|p2a: Pelipper\n|-damage|p2a: Pelipper|7\/100\n|-unboost|p2a: Pelipper|spd|1\n|\n|-weather|RainDance|[upkeep]\n|upkeep\n|turn|11\n|\n|t:|1699618654\n|switch|p2a: Volcanion|Volcanion|100\/100\n|move|p1a: Celesteela|Flash Cannon|p2a: Volcanion\n|-resisted|p2a: Volcanion\n|-damage|p2a: Volcanion|83\/100\n|-unboost|p2a: Volcanion|spd|1\n|\n|-weather|RainDance|[upkeep]\n|upkeep\n|turn|12\n|\n|t:|1699618661\n|switch|p1a: Tapu Fini|Tapu Fini, shiny|100\/100\n|-damage|p1a: Tapu Fini|88\/100|[from] Stealth Rock\n|-fieldstart|move: Misty Terrain|[from] ability: Misty Surge|[of] p1a: Tapu Fini\n|move|p2a: Volcanion|Steam Eruption|p1a: Tapu Fini|[miss]\n|-miss|p2a: Volcanion|p1a: Tapu Fini\n|\n|-weather|RainDance|[upkeep]\n|upkeep\n|turn|13\n|\n|t:|1699618669\n|-terastallize|p2a: Volcanion|Water\n|move|p2a: Volcanion|Steam Eruption|p1a: Tapu Fini\n|-resisted|p1a: Tapu Fini\n|-damage|p1a: Tapu Fini|19\/100\n|move|p1a: Tapu Fini|Shadow Ball|p2a: Volcanion\n|-damage|p2a: Volcanion|11\/100\n|\n|-weather|RainDance|[upkeep]\n|upkeep\n|turn|14\n|\n|t:|1699618677\n|move|p2a: Volcanion|Steam Eruption|p1a: Tapu Fini\n|-resisted|p1a: Tapu Fini\n|-damage|p1a: Tapu Fini|0 fnt\n|faint|p1a: Tapu Fini\n|\n|-weather|RainDance|[upkeep]\n|upkeep\n|\n|t:|1699618680\n|switch|p1a: Salamence|Salamence, M|76\/100\n|-damage|p1a: Salamence|51\/100|[from] Stealth Rock\n|-ability|p1a: Salamence|Intimidate|boost\n|-unboost|p2a: Volcanion|atk|1\n|turn|15\n|\n|t:|1699618687\n|switch|p2a: Garganacl|Garganacl, F|83\/100\n|move|p1a: Salamence|Hurricane|p2a: Garganacl\n|-resisted|p2a: Garganacl\n|-damage|p2a: Garganacl|57\/100\n|\n|-weather|RainDance|[upkeep]\n|-heal|p2a: Garganacl|64\/100|[from] item: Leftovers\n|upkeep\n|turn|16\n|\n|t:|1699618695\n|switch|p1a: Celesteela|Celesteela, shiny|88\/100\n|-damage|p1a: Celesteela|76\/100|[from] Stealth Rock\n|move|p2a: Garganacl|Iron Defense|p2a: Garganacl\n|-boost|p2a: Garganacl|def|2\n|\n|-weather|RainDance|[upkeep]\n|-heal|p2a: Garganacl|70\/100|[from] item: Leftovers\n|-fieldend|Misty Terrain\n|upkeep\n|turn|17\n|\n|t:|1699618702\n|move|p2a: Garganacl|Protect|p2a: Garganacl\n|-singleturn|p2a: Garganacl|Protect\n|move|p1a: Celesteela|Flash Cannon|p2a: Garganacl\n|-activate|p2a: Garganacl|move: Protect\n|\n|-weather|none\n|-heal|p2a: Garganacl|76\/100|[from] item: Leftovers\n|upkeep\n|turn|18\n|\n|t:|1699618707\n|switch|p2a: Barraskewda|Barraskewda, F|72\/100\n|move|p1a: Celesteela|Flash Cannon|p2a: Barraskewda\n|-resisted|p2a: Barraskewda\n|-damage|p2a: Barraskewda|10\/100\n|\n|upkeep\n|turn|19\n|\n|t:|1699618711\n|switch|p1a: Ferrothorn|Ferrothorn, F|64\/100\n|-damage|p1a: Ferrothorn|58\/100|[from] Stealth Rock\n|move|p2a: Barraskewda|Flip Turn|p1a: Ferrothorn\n|-resisted|p1a: Ferrothorn\n|-damage|p1a: Ferrothorn|38\/100\n|-damage|p2a: Barraskewda|0 fnt|[from] ability: Iron Barbs|[of] p1a: Ferrothorn\n|faint|p2a: Barraskewda\n|\n|upkeep\n|\n|t:|1699618714\n|switch|p2a: Volcanion|Volcanion, tera:Water|11\/100\n|turn|20\n|\n|t:|1699618725\n|move|p2a: Volcanion|Steam Eruption|p1a: Ferrothorn\n|-resisted|p1a: Ferrothorn\n|-damage|p1a: Ferrothorn|0 fnt\n|faint|p1a: Ferrothorn\n|\n|upkeep\n|\n|t:|1699618728\n|switch|p1a: Salamence|Salamence, M|51\/100\n|-damage|p1a: Salamence|26\/100|[from] Stealth Rock\n|-ability|p1a: Salamence|Intimidate|boost\n|-unboost|p2a: Volcanion|atk|1\n|turn|21\n|\n|t:|1699618733\n|switch|p2a: Garganacl|Garganacl, F|76\/100\n|move|p1a: Salamence|Draco Meteor|p2a: Garganacl\n|-damage|p2a: Garganacl|7\/100\n|-unboost|p1a: Salamence|spa|2\n|\n|-heal|p2a: Garganacl|13\/100|[from] item: Leftovers\n|upkeep\n|turn|22\n|\n|t:|1699618737\n|move|p1a: Salamence|Draco Meteor|p2a: Garganacl\n|-damage|p2a: Garganacl|0 fnt\n|-unboost|p1a: Salamence|spa|2\n|faint|p2a: Garganacl\n|\n|upkeep\n|\n|t:|1699618741\n|switch|p2a: Pelipper|Pelipper, M|7\/100\n|-weather|RainDance|[from] ability: Drizzle|[of] p2a: Pelipper\n|turn|23\n|\n|t:|1699618746\n|move|p1a: Salamence|Draco Meteor|p2a: Pelipper|[miss]\n|-miss|p1a: Salamence|p2a: Pelipper\n|move|p2a: Pelipper|Roost|p2a: Pelipper\n|-heal|p2a: Pelipper|57\/100\n|-singleturn|p2a: Pelipper|move: Roost\n|\n|-weather|RainDance|[upkeep]\n|upkeep\n|turn|24\n|\n|t:|1699618752\n|move|p1a: Salamence|Draco Meteor|p2a: Pelipper\n|-damage|p2a: Pelipper|14\/100\n|-unboost|p1a: Salamence|spa|2\n|move|p2a: Pelipper|Roost|p2a: Pelipper\n|-heal|p2a: Pelipper|64\/100\n|-singleturn|p2a: Pelipper|move: Roost\n|\n|-weather|RainDance|[upkeep]\n|upkeep\n|turn|25\n|j| Dabman1069\n|j| Tguutt\n|\n|t:|1699618767\n|switch|p1a: Tyranitar|Tyranitar, F, shiny|100\/100\n|-damage|p1a: Tyranitar|88\/100|[from] Stealth Rock\n|-weather|Sandstorm|[from] ability: Sand Stream|[of] p1a: Tyranitar\n|move|p2a: Pelipper|Hurricane|p1a: Tyranitar\n|-resisted|p1a: Tyranitar\n|-damage|p1a: Tyranitar|77\/100\n|\n|-weather|Sandstorm|[upkeep]\n|-damage|p2a: Pelipper|58\/100|[from] Sandstorm\n|upkeep\n|turn|26\n|\n|t:|1699618776\n|detailschange|p1a: Tyranitar|Tyranitar-Mega, F, shiny\n|-mega|p1a: Tyranitar|Tyranitar|Tyranitarite\n|move|p1a: Tyranitar|Stone Edge|p2a: Pelipper|[miss]\n|-miss|p1a: Tyranitar|p2a: Pelipper\n|move|p2a: Pelipper|Roost|p2a: Pelipper\n|-heal|p2a: Pelipper|100\/100\n|-singleturn|p2a: Pelipper|move: Roost\n|\n|-weather|Sandstorm|[upkeep]\n|-damage|p2a: Pelipper|94\/100|[from] Sandstorm\n|upkeep\n|turn|27\n|\n|t:|1699618782\n|move|p1a: Tyranitar|Stone Edge|p2a: Pelipper\n|-supereffective|p2a: Pelipper\n|-damage|p2a: Pelipper|0 fnt\n|faint|p2a: Pelipper\n|\n|-weather|Sandstorm|[upkeep]\n|upkeep\n|\n|t:|1699618787\n|switch|p2a: Volcanion|Volcanion, tera:Water|11\/100\n|turn|28\n|\n|t:|1699618790\n|move|p2a: Volcanion|Steam Eruption|p1a: Tyranitar\n|-supereffective|p1a: Tyranitar\n|-damage|p1a: Tyranitar|0 fnt\n|faint|p1a: Tyranitar\n|\n|-weather|Sandstorm|[upkeep]\n|-damage|p2a: Volcanion|5\/100|[from] Sandstorm\n|upkeep\n|\n|t:|1699618795\n|switch|p1a: Salamence|Salamence, M|26\/100\n|-damage|p1a: Salamence|1\/100|[from] Stealth Rock\n|-ability|p1a: Salamence|Intimidate|boost\n|-unboost|p2a: Volcanion|atk|1\n|turn|29\n|\n|t:|1699618798\n|move|p2a: Volcanion|Steam Eruption|p1a: Salamence\n|-resisted|p1a: Salamence\n|-damage|p1a: Salamence|0 fnt\n|faint|p1a: Salamence\n|\n|-weather|none\n|upkeep\n|\n|t:|1699618801\n|switch|p1a: Celesteela|Celesteela, shiny|76\/100\n|-damage|p1a: Celesteela|64\/100|[from] Stealth Rock\n|turn|30\n|\n|t:|1699618805\n|move|p2a: Volcanion|Steam Eruption|p1a: Celesteela\n|-damage|p1a: Celesteela|0 fnt\n|faint|p1a: Celesteela\n|\n|win|biezouhaoma\n|raw|vachiuni's rating: 1738 &rarr; <strong>1719<\/strong><br \/>(-19 for losing)\n|raw|biezouhaoma's rating: 1752 &rarr; <strong>1771<\/strong><br \/>(+19 for winning)\n|l|\u2606vachiuni\n","uploadtime":1699618829,"views":9,"p1id":"vachiuni","p2id":"biezouhaoma","formatid":"gen9nationaldex","rating":1719,"private":0,"password":""}