{"id":"gen9nationaldex-1996627638","p1":"Shovel Florentine","p2":"Brick_Enjoyer_144","format":"[Gen 9] National Dex","log":"|html|<div class=\"broadcast-blue\"><strong>[Gen 9] National Dex is currently suspecting Sneasler! For information on how to participate check out the <a href=\"https:\/\/www.smogon.com\/forums\/threads\/sv-national-dex-suspect-8-just-dance.3731534\/\">suspect thread<\/a>.<\/strong><\/div>\n|j|\u2606Shovel Florentine\n|j|\u2606Brick_Enjoyer_144\n|t:|1700702401\n|gametype|singles\n|player|p1|Shovel Florentine|acetrainerf|1095\n|player|p2|Brick_Enjoyer_144|shauntal|1142\n|teamsize|p1|6\n|teamsize|p2|6\n|gen|9\n|tier|[Gen 9] National Dex\n|rated|\n|rule|HP Percentage Mod: HP is shown in percentages\n|rule|Endless Battle Clause: Forcing endless battles is banned\n|rule|OHKO Clause: OHKO moves are banned\n|rule|Evasion Clause: Evasion abilities, items, and moves are banned\n|rule|Evasion Abilities Clause: Evasion abilities are banned\n|rule|Evasion Items Clause: Evasion items are banned\n|rule|Evasion Moves Clause: Evasion moves are banned\n|rule|Species Clause: Limit one of each Pok\u00e9mon\n|rule|Sleep Clause Mod: Limit one foe put to sleep\n|clearpoke\n|poke|p1|Poliwrath, M|\n|poke|p1|Bastiodon, F|\n|poke|p1|Ninetales-Alola, F|\n|poke|p1|Tyranitar, F|\n|poke|p1|Politoed, M|\n|poke|p1|Articuno|\n|poke|p2|Banette, F|\n|poke|p2|Ogerpon-Wellspring, F|\n|poke|p2|Lucario, F|\n|poke|p2|Greninja-*, F|\n|poke|p2|Volcarona, F|\n|poke|p2|Hydreigon, F|\n|teampreview\n|inactive|Battle timer is ON: inactive players will automatically lose when time's up. (requested by Brick_Enjoyer_144)\n|\n|t:|1700702410\n|start\n|switch|p1a: Frogwot|Politoed, M, shiny|100\/100\n|switch|p2a: Lucario|Lucario, F, shiny|100\/100\n|-weather|RainDance|[from] ability: Drizzle|[of] p1a: Frogwot\n|turn|1\n|\n|t:|1700702418\n|move|p2a: Lucario|Swords Dance|p2a: Lucario\n|-boost|p2a: Lucario|atk|2\n|move|p1a: Frogwot|Scald|p2a: Lucario\n|-damage|p2a: Lucario|19\/100\n|\n|-weather|RainDance|[upkeep]\n|upkeep\n|turn|2\n|\n|t:|1700702427\n|move|p2a: Lucario|Close Combat|p1a: Frogwot\n|-damage|p1a: Frogwot|0 fnt\n|-unboost|p2a: Lucario|def|1\n|-unboost|p2a: Lucario|spd|1\n|faint|p1a: Frogwot\n|-damage|p2a: Lucario|9\/100|[from] item: Life Orb\n|\n|-weather|RainDance|[upkeep]\n|upkeep\n|\n|t:|1700702431\n|switch|p1a: Gorthwar|Poliwrath, M|100\/100\n|turn|3\n|\n|t:|1700702439\n|move|p1a: Gorthwar|Power-Up Punch|p2a: Lucario\n|-supereffective|p2a: Lucario\n|-crit|p2a: Lucario\n|-damage|p2a: Lucario|0 fnt\n|-boost|p1a: Gorthwar|atk|1\n|faint|p2a: Lucario\n|\n|-weather|RainDance|[upkeep]\n|upkeep\n|\n|t:|1700702451\n|switch|p2a: Banette|Banette, F, shiny|100\/100\n|-item|p1a: Gorthwar|Assault Vest|[from] ability: Frisk|[of] p2a: Banette|[identify]\n|turn|4\n|\n|t:|1700702458\n|detailschange|p2a: Banette|Banette-Mega, F, shiny\n|-mega|p2a: Banette|Banette|Banettite\n|-terastallize|p1a: Gorthwar|Dark\n|move|p2a: Banette|Swords Dance|p2a: Banette\n|-boost|p2a: Banette|atk|2\n|move|p1a: Gorthwar|Darkest Lariat|p2a: Banette\n|-supereffective|p2a: Banette\n|-damage|p2a: Banette|0 fnt\n|faint|p2a: Banette\n|\n|-weather|RainDance|[upkeep]\n|upkeep\n|\n|t:|1700702468\n|switch|p2a: Greninja|Greninja, F, shiny|100\/100\n|turn|5\n|\n|t:|1700702475\n|move|p1a: Gorthwar|Power-Up Punch|p2a: Greninja\n|-supereffective|p2a: Greninja\n|-damage|p2a: Greninja|7\/100\n|-boost|p1a: Gorthwar|atk|1\n|move|p2a: Greninja|Hydro Pump|p1a: Gorthwar|[miss]\n|-start|p2a: Greninja|typechange|Water|[from] ability: Protean\n|-miss|p2a: Greninja|p1a: Gorthwar\n|\n|-weather|RainDance|[upkeep]\n|upkeep\n|turn|6\n|\n|t:|1700702486\n|move|p1a: Gorthwar|Power-Up Punch|p2a: Greninja\n|-damage|p2a: Greninja|0 fnt\n|-boost|p1a: Gorthwar|atk|1\n|faint|p2a: Greninja\n|\n|-weather|RainDance|[upkeep]\n|upkeep\n|\n|t:|1700702494\n|switch|p2a: Volcarona|Volcarona, F, shiny|100\/100\n|turn|7\n|\n|t:|1700702499\n|move|p1a: Gorthwar|Waterfall|p2a: Volcarona\n|-supereffective|p2a: Volcarona\n|-damage|p2a: Volcarona|0 fnt\n|faint|p2a: Volcarona\n|\n|-weather|RainDance|[upkeep]\n|upkeep\n|\n|t:|1700702506\n|switch|p2a: Hydreigon|Hydreigon, F, shiny|100\/100\n|turn|8\n|\n|t:|1700702515\n|move|p1a: Gorthwar|Drain Punch|p2a: Hydreigon\n|-supereffective|p2a: Hydreigon\n|-damage|p2a: Hydreigon|0 fnt\n|faint|p2a: Hydreigon\n|\n|-weather|none\n|upkeep\n|\n|t:|1700702522\n|switch|p2a: Ogerpon|Ogerpon-Wellspring, F|100\/100\n|turn|9\n|\n|t:|1700702527\n|move|p2a: Ogerpon|Play Rough|p1a: Gorthwar\n|-supereffective|p1a: Gorthwar\n|-damage|p1a: Gorthwar|31\/100\n|move|p1a: Gorthwar|Darkest Lariat|p2a: Ogerpon\n|-damage|p2a: Ogerpon|0 fnt\n|faint|p2a: Ogerpon\n|\n|win|Shovel Florentine\n|raw|Shovel Florentine's rating: 1095 &rarr; <strong>1124<\/strong><br \/>(+29 for winning)\n|raw|Brick_Enjoyer_144's rating: 1142 &rarr; <strong>1114<\/strong><br \/>(-28 for losing)\n","uploadtime":1700702541,"views":2,"p1id":"shovelflorentine","p2id":"brickenjoyer144","formatid":"gen9nationaldex","rating":1114,"private":0,"password":""}