{"id":"gen9nationaldex-1988855477","p1":"OuoouoouO","p2":"cocakk","format":"[Gen 9] National Dex","log":"|j|\u2606OuoouoouO\n|j|\u2606cocakk\n|t:|1699774660\n|gametype|singles\n|player|p1|OuoouoouO|elesa|\n|player|p2|cocakk|2|\n|teamsize|p1|6\n|teamsize|p2|6\n|gen|9\n|tier|[Gen 9] National Dex\n|rule|HP Percentage Mod: HP is shown in percentages\n|rule|Endless Battle Clause: Forcing endless battles is banned\n|rule|OHKO Clause: OHKO moves are banned\n|rule|Evasion Clause: Evasion abilities, items, and moves are banned\n|rule|Evasion Abilities Clause: Evasion abilities are banned\n|rule|Evasion Items Clause: Evasion items are banned\n|rule|Evasion Moves Clause: Evasion moves are banned\n|rule|Species Clause: Limit one of each Pok\u00e9mon\n|rule|Sleep Clause Mod: Limit one foe put to sleep\n|clearpoke\n|poke|p1|Ampharos, M|\n|poke|p1|Victini|\n|poke|p1|Iron Valiant|\n|poke|p1|Alakazam, F|\n|poke|p1|Heatran, F|\n|poke|p1|Salamence, F|\n|poke|p2|Urshifu-*, F|\n|poke|p2|Slowbro, F|\n|poke|p2|Diancie|\n|poke|p2|Tapu Lele|\n|poke|p2|Ting-Lu|\n|poke|p2|Moltres|\n|teampreview\n|inactive|Battle timer is ON: inactive players will automatically lose when time's up. (requested by OuoouoouO)\n|inactive|cocakk also wants the timer to be on.\n|\n|t:|1699774690\n|start\n|switch|p1a: Iron Valiant|Iron Valiant|100\/100\n|switch|p2a: Tapu Lele|Tapu Lele|100\/100\n|-fieldstart|move: Psychic Terrain|[from] ability: Psychic Surge|[of] p2a: Tapu Lele\n|-enditem|p1a: Iron Valiant|Booster Energy\n|-activate|p1a: Iron Valiant|ability: Quark Drive|[fromitem]\n|-start|p1a: Iron Valiant|quarkdrivespe\n|turn|1\n|j| qiananan\n|l| qiananan\n|\n|t:|1699774699\n|move|p1a: Iron Valiant|Hypnosis|p2a: Tapu Lele\n|-status|p2a: Tapu Lele|slp|[from] move: Hypnosis\n|cant|p2a: Tapu Lele|slp\n|\n|upkeep\n|turn|2\n|\n|t:|1699774706\n|switch|p2a: Moltres|Moltres|100\/100\n|move|p1a: Iron Valiant|Swords Dance|p1a: Iron Valiant\n|-boost|p1a: Iron Valiant|atk|2\n|\n|upkeep\n|turn|3\n|j| dddzdddq\n|\n|t:|1699774710\n|-terastallize|p1a: Iron Valiant|Psychic\n|move|p1a: Iron Valiant|Psycho Cut|p2a: Moltres\n|-damage|p2a: Moltres|33\/100\n|move|p2a: Moltres|Flamethrower|p1a: Iron Valiant\n|-damage|p1a: Iron Valiant|37\/100\n|\n|upkeep\n|turn|4\n|\n|t:|1699774719\n|switch|p2a: Ting-Lu|Ting-Lu|100\/100\n|-ability|p2a: Ting-Lu|Vessel of Ruin\n|move|p1a: Iron Valiant|Close Combat|p2a: Ting-Lu\n|-supereffective|p2a: Ting-Lu\n|-damage|p2a: Ting-Lu|0 fnt\n|-unboost|p1a: Iron Valiant|def|1\n|-unboost|p1a: Iron Valiant|spd|1\n|faint|p2a: Ting-Lu\n|\n|upkeep\n|j| handplay1\n|\n|t:|1699774724\n|switch|p2a: Urshifu|Urshifu-Rapid-Strike, F|100\/100\n|turn|5\n|\n|t:|1699774728\n|switch|p2a: Moltres|Moltres|33\/100\n|move|p1a: Iron Valiant|Psycho Cut|p2a: Moltres\n|-damage|p2a: Moltres|0 fnt\n|faint|p2a: Moltres\n|\n|-fieldend|move: Psychic Terrain\n|upkeep\n|\n|t:|1699774734\n|switch|p2a: Urshifu|Urshifu-Rapid-Strike, F|100\/100\n|turn|6\n|\n|t:|1699774737\n|-end|p1a: Iron Valiant|Quark Drive|[silent]\n|switch|p1a: Ampharos|Ampharos, M|100\/100\n|move|p2a: Urshifu|Aqua Jet|p1a: Ampharos\n|-damage|p1a: Ampharos|69\/100\n|-status|p2a: Urshifu|par|[from] ability: Static|[of] p1a: Ampharos\n|\n|upkeep\n|turn|7\n|\n|t:|1699774745\n|switch|p2a: Diancie|Diancie|100\/100\n|detailschange|p1a: Ampharos|Ampharos-Mega, M\n|-mega|p1a: Ampharos|Ampharos|Ampharosite\n|-ability|p1a: Ampharos|Mold Breaker\n|move|p1a: Ampharos|Volt Switch|p2a: Diancie\n|-damage|p2a: Diancie|50\/100\n|\n|t:|1699774752\n|switch|p1a: Iron Valiant|Iron Valiant, tera:Psychic|37\/100|[from] Volt Switch\n|\n|upkeep\n|turn|8\n|j| hbgzd\n|\n|t:|1699774758\n|switch|p2a: Slowbro|Slowbro, F|100\/100\n|move|p1a: Iron Valiant|Close Combat|p2a: Slowbro\n|-resisted|p2a: Slowbro\n|-damage|p2a: Slowbro|81\/100\n|-unboost|p1a: Iron Valiant|def|1\n|-unboost|p1a: Iron Valiant|spd|1\n|\n|upkeep\n|turn|9\n|\n|t:|1699774761\n|move|p1a: Iron Valiant|Hypnosis|p2a: Slowbro\n|-message|Sleep Clause Mod activated.\n|-hint|Sleep Clause Mod prevents players from putting more than one of their opponent's Pok\u00e9mon to sleep at a time\n|move|p2a: Slowbro|Scald|p1a: Iron Valiant\n|-damage|p1a: Iron Valiant|0 fnt\n|faint|p1a: Iron Valiant\n|-end|p1a: Iron Valiant|Quark Drive|[silent]\n|\n|upkeep\n|c|\u2606OuoouoouO|\u7b11\u91cc\u4e86\n|\n|t:|1699774776\n|switch|p1a: Salamence|Salamence, F|100\/100\n|-ability|p1a: Salamence|Intimidate|boost\n|-unboost|p2a: Slowbro|atk|1\n|turn|10\n|\n|t:|1699774781\n|switch|p2a: Tapu Lele|Tapu Lele|100\/100 slp\n|-fieldstart|move: Psychic Terrain|[from] ability: Psychic Surge|[of] p2a: Tapu Lele\n|move|p1a: Salamence|Hurricane|p2a: Tapu Lele\n|-damage|p2a: Tapu Lele|23\/100 slp\n|\n|upkeep\n|turn|11\n|\n|t:|1699774787\n|-curestatus|p2a: Tapu Lele|slp|[msg]\n|move|p2a: Tapu Lele|Moonblast|p1a: Salamence\n|-supereffective|p1a: Salamence\n|-damage|p1a: Salamence|0 fnt\n|faint|p1a: Salamence\n|\n|upkeep\n|\n|t:|1699774791\n|switch|p1a: Victini|Victini|100\/100\n|turn|12\n|c|\u2606cocakk|\u7b11\u529b\u4e86\n|j| yinglun\n|\n|t:|1699774797\n|move|p2a: Tapu Lele|Moonblast|p1a: Victini\n|-resisted|p1a: Victini\n|-damage|p1a: Victini|78\/100\n|-zpower|p1a: Victini\n|move|p1a: Victini|Z-Celebrate|p1a: Victini|[anim]Celebrate\n|-boost|p1a: Victini|atk|1|[zeffect]\n|-boost|p1a: Victini|def|1|[zeffect]\n|-boost|p1a: Victini|spa|1|[zeffect]\n|-boost|p1a: Victini|spd|1|[zeffect]\n|-boost|p1a: Victini|spe|1|[zeffect]\n|-activate|p1a: Victini|move: Celebrate\n|\n|upkeep\n|turn|13\n|\n|t:|1699774800\n|move|p1a: Victini|Energy Ball|p2a: Tapu Lele\n|-damage|p2a: Tapu Lele|0 fnt\n|faint|p2a: Tapu Lele\n|\n|upkeep\n|\n|t:|1699774803\n|switch|p2a: Slowbro|Slowbro, F|100\/100\n|turn|14\n|j| czcyf\n|\n|t:|1699774806\n|-terastallize|p2a: Slowbro|Grass\n|move|p1a: Victini|Thunder|p2a: Slowbro\n|-resisted|p2a: Slowbro\n|-damage|p2a: Slowbro|77\/100\n|move|p2a: Slowbro|Scald|p1a: Victini\n|-supereffective|p1a: Victini\n|-damage|p1a: Victini|42\/100\n|\n|-fieldend|move: Psychic Terrain\n|upkeep\n|turn|15\n|\n|t:|1699774815\n|move|p1a: Victini|Inferno|p2a: Slowbro|[miss]\n|-miss|p1a: Victini|p2a: Slowbro\n|move|p2a: Slowbro|Scald|p1a: Victini\n|-supereffective|p1a: Victini\n|-damage|p1a: Victini|3\/100\n|\n|upkeep\n|turn|16\n|\n|t:|1699774820\n|move|p1a: Victini|Inferno|p2a: Slowbro|[miss]\n|-miss|p1a: Victini|p2a: Slowbro\n|move|p2a: Slowbro|Scald|p1a: Victini\n|-supereffective|p1a: Victini\n|-damage|p1a: Victini|0 fnt\n|faint|p1a: Victini\n|\n|upkeep\n|c|\u2606OuoouoouO|\u6c14\u529b\u4e86\n|c|\u2606cocakk|\u7b11\u8389\u4e86\n|\n|t:|1699774831\n|switch|p1a: Heatran|Heatran, F|100\/100\n|turn|17\n|\n|t:|1699774835\n|move|p1a: Heatran|Magma Storm|p2a: Slowbro|[miss]\n|-miss|p1a: Heatran|p2a: Slowbro\n|move|p2a: Slowbro|Teleport|p2a: Slowbro\n|c|\u2606cocakk|\u7b11\u529b\u4e86\n|c|\u2606OuoouoouO|?\n|\n|t:|1699774842\n|switch|p2a: Urshifu|Urshifu-Rapid-Strike, F|100\/100 par|[from] Teleport\n|\n|upkeep\n|turn|18\n|\n|t:|1699774848\n|switch|p1a: Ampharos|Ampharos-Mega, M|69\/100\n|-ability|p1a: Ampharos|Mold Breaker\n|move|p2a: Urshifu|Surging Strikes|p1a: Ampharos\n|-resisted|p1a: Ampharos\n|-crit|p1a: Ampharos\n|-damage|p1a: Ampharos|57\/100\n|-resisted|p1a: Ampharos\n|-crit|p1a: Ampharos\n|-damage|p1a: Ampharos|46\/100\n|-resisted|p1a: Ampharos\n|-crit|p1a: Ampharos\n|-damage|p1a: Ampharos|34\/100\n|-hitcount|p1a: Ampharos|3\n|\n|upkeep\n|turn|19\n|\n|t:|1699774853\n|move|p2a: Urshifu|Surging Strikes|p1a: Ampharos\n|-resisted|p1a: Ampharos\n|-crit|p1a: Ampharos\n|-damage|p1a: Ampharos|21\/100\n|-resisted|p1a: Ampharos\n|-crit|p1a: Ampharos\n|-damage|p1a: Ampharos|8\/100\n|-resisted|p1a: Ampharos\n|-crit|p1a: Ampharos\n|-damage|p1a: Ampharos|0 fnt\n|faint|p1a: Ampharos\n|-hitcount|p1: Ampharos|3\n|\n|upkeep\n|\n|t:|1699774857\n|switch|p1a: Alakazam|Alakazam, F|100\/100\n|turn|20\n|\n|t:|1699774860\n|move|p1a: Alakazam|Psychic|p2a: Urshifu\n|-supereffective|p2a: Urshifu\n|-damage|p2a: Urshifu|0 fnt\n|faint|p2a: Urshifu\n|\n|upkeep\n|\n|t:|1699774864\n|switch|p2a: Slowbro|Slowbro, F, tera:Grass|100\/100\n|turn|21\n|\n|t:|1699774866\n|move|p1a: Alakazam|Psychic|p2a: Slowbro\n|-damage|p2a: Slowbro|38\/100\n|move|p2a: Slowbro|Scald|p1a: Alakazam\n|-damage|p1a: Alakazam|59\/100\n|\n|upkeep\n|turn|22\n|\n|t:|1699774870\n|move|p1a: Alakazam|Psychic|p2a: Slowbro\n|-damage|p2a: Slowbro|0 fnt\n|faint|p2a: Slowbro\n|\n|upkeep\n|\n|t:|1699774872\n|switch|p2a: Diancie|Diancie|50\/100\n|turn|23\n|c|\u2606OuoouoouO|,lol\n|\n|t:|1699774876\n|move|p1a: Alakazam|Psychic|p2a: Diancie\n|-damage|p2a: Diancie|0 fnt\n|faint|p2a: Diancie\n|\n|win|OuoouoouO\n|l|\u2606cocakk\n|j| woshikoudaimi\n|j| chensheng25800\n|l| woshikoudaimi\n|j| pkoujjja\n|l| yinglun\n|j| supig\n|l| handplay1\n|l| supig\n|l| czcyf\n","uploadtime":1699775009,"views":6,"p1id":"ouoouoouo","p2id":"cocakk","formatid":"gen9nationaldex","rating":0,"private":0,"password":""}