{"id":"gen9nationaldex-1999044331","p1":"The Np sweep","p2":"Amstan","format":"[Gen 9] National Dex","log":"|html|<div class=\"broadcast-blue\"><strong>[Gen 9] National Dex is currently suspecting Sneasler! For information on how to participate check out the <a href=\"https:\/\/www.smogon.com\/forums\/threads\/sv-national-dex-suspect-8-just-dance.3731534\/\">suspect thread<\/a>.<\/strong><\/div>\n|j|\u203dThe Np sweep\n|j|\u2606Amstan\n|inactive|Battle timer is ON: inactive players will automatically lose when time's up.\n|t:|1701027187\n|gametype|singles\n|player|p1|The Np sweep|hilbert|\n|player|p2|Amstan|nate|\n|teamsize|p1|6\n|teamsize|p2|6\n|gen|9\n|tier|[Gen 9] National Dex\n|rated|Tournament battle\n|rule|HP Percentage Mod: HP is shown in percentages\n|rule|Endless Battle Clause: Forcing endless battles is banned\n|rule|OHKO Clause: OHKO moves are banned\n|rule|Evasion Clause: Evasion abilities, items, and moves are banned\n|rule|Evasion Abilities Clause: Evasion abilities are banned\n|rule|Evasion Items Clause: Evasion items are banned\n|rule|Evasion Moves Clause: Evasion moves are banned\n|rule|Species Clause: Limit one of each Pok\u00e9mon\n|rule|Sleep Clause Mod: Limit one foe put to sleep\n|clearpoke\n|poke|p1|Ferrothorn, M|\n|poke|p1|Tapu Lele|\n|poke|p1|Iron Valiant|\n|poke|p1|Aegislash, M|\n|poke|p1|Kyurem|\n|poke|p1|Great Tusk|\n|poke|p2|Ogerpon-Wellspring, F|\n|poke|p2|Tapu Lele|\n|poke|p2|Serperior, F|\n|poke|p2|Cinderace, F|\n|poke|p2|Sneasler, F|\n|poke|p2|Iron Valiant|\n|teampreview\n|j| Zachary Zorua 7\n|j| spookycooke\n|c|\u2606Amstan|hf\n|\n|t:|1701027206\n|start\n|switch|p1a: Kyurem|Kyurem, shiny|100\/100\n|switch|p2a: Ogerpon|Ogerpon-Wellspring, F|100\/100\n|-ability|p1a: Kyurem|Pressure\n|turn|1\n|\n|t:|1701027228\n|switch|p2a: Tapu Lele|Tapu Lele, shiny|100\/100\n|-fieldstart|move: Psychic Terrain|[from] ability: Psychic Surge|[of] p2a: Tapu Lele\n|move|p1a: Kyurem|Freeze-Dry|p2a: Tapu Lele\n|-damage|p2a: Tapu Lele|46\/100\n|-status|p2a: Tapu Lele|frz\n|\n|upkeep\n|turn|2\n|\n|t:|1701027232\n|switch|p1a: Aegislash|Aegislash, M, shiny|100\/100\n|cant|p2a: Tapu Lele|frz\n|\n|upkeep\n|turn|3\n|\n|t:|1701027234\n|switch|p2a: Cinderace|Cinderace, F, shiny|100\/100\n|-formechange|p1a: Aegislash|Aegislash-Blade||[from] ability: Stance Change\n|move|p1a: Aegislash|Shadow Ball|p2a: Cinderace\n|-damage|p2a: Cinderace|43\/100\n|\n|upkeep\n|turn|4\n|\n|t:|1701027240\n|switch|p1a: Great Tusk|Great Tusk|100\/100\n|move|p2a: Cinderace|Pyro Ball|p1a: Great Tusk\n|-damage|p1a: Great Tusk|77\/100\n|\n|-heal|p1a: Great Tusk|83\/100|[from] item: Leftovers\n|upkeep\n|turn|5\n|\n|t:|1701027243\n|move|p2a: Cinderace|U-turn|p1a: Great Tusk\n|-resisted|p1a: Great Tusk\n|-damage|p1a: Great Tusk|78\/100\n|\n|t:|1701027245\n|switch|p2a: Serperior|Serperior, F, shiny|100\/100|[from] U-turn\n|move|p1a: Great Tusk|Stealth Rock|p2a: Serperior\n|-sidestart|p2: Amstan|move: Stealth Rock\n|\n|-heal|p1a: Great Tusk|84\/100|[from] item: Leftovers\n|-fieldend|move: Psychic Terrain\n|upkeep\n|turn|6\n|\n|t:|1701027248\n|-end|p1a: Great Tusk|Protosynthesis|[silent]\n|switch|p1a: Kyurem|Kyurem, shiny|100\/100\n|-ability|p1a: Kyurem|Pressure\n|move|p2a: Serperior|Leaf Storm|p1a: Kyurem\n|-resisted|p1a: Kyurem\n|-damage|p1a: Kyurem|77\/100\n|-boost|p2a: Serperior|spa|2\n|\n|upkeep\n|turn|7\n|c| Zachary Zorua 7|What is np's freeze luck?\n|\n|t:|1701027255\n|-terastallize|p2a: Serperior|Fire\n|move|p2a: Serperior|Substitute|p2a: Serperior\n|-start|p2a: Serperior|Substitute\n|-damage|p2a: Serperior|76\/100\n|move|p1a: Kyurem|Ice Beam|p2a: Serperior\n|-resisted|p2a: Serperior\n|-end|p2a: Serperior|Substitute\n|\n|-heal|p2a: Serperior|82\/100|[from] item: Leftovers\n|upkeep\n|turn|8\n|\n|t:|1701027261\n|move|p2a: Serperior|Leaf Storm|p1a: Kyurem\n|-resisted|p1a: Kyurem\n|-damage|p1a: Kyurem|35\/100\n|-boost|p2a: Serperior|spa|2\n|move|p1a: Kyurem|Ice Beam|p2a: Serperior\n|-resisted|p2a: Serperior\n|-damage|p2a: Serperior|36\/100\n|\n|-heal|p2a: Serperior|42\/100|[from] item: Leftovers\n|upkeep\n|turn|9\n|\n|t:|1701027264\n|move|p2a: Serperior|Hidden Power|p1a: Kyurem\n|-damage|p1a: Kyurem|0 fnt\n|faint|p1a: Kyurem\n|\n|-heal|p2a: Serperior|48\/100|[from] item: Leftovers\n|upkeep\n|\n|t:|1701027269\n|switch|p1a: Iron Valiant|Iron Valiant|100\/100\n|turn|10\n|\n|t:|1701027272\n|move|p1a: Iron Valiant|Close Combat|p2a: Serperior\n|-damage|p2a: Serperior|0 fnt\n|-unboost|p1a: Iron Valiant|def|1\n|-unboost|p1a: Iron Valiant|spd|1\n|faint|p2a: Serperior\n|-damage|p1a: Iron Valiant|91\/100|[from] item: Life Orb\n|\n|upkeep\n|\n|t:|1701027279\n|switch|p2a: Cinderace|Cinderace, F, shiny|43\/100\n|turn|11\n|\n|t:|1701027289\n|-end|p1a: Iron Valiant|Quark Drive|[silent]\n|switch|p1a: Great Tusk|Great Tusk|84\/100\n|move|p2a: Cinderace|Pyro Ball|p1a: Great Tusk\n|-damage|p1a: Great Tusk|60\/100\n|\n|-heal|p1a: Great Tusk|66\/100|[from] item: Leftovers\n|upkeep\n|turn|12\n|\n|t:|1701027293\n|move|p2a: Cinderace|Court Change|p2a: Cinderace\n|-swapsideconditions\n|-activate|p2a: Cinderace|move: Court Change\n|move|p1a: Great Tusk|Rapid Spin|p2a: Cinderace\n|-damage|p2a: Cinderace|25\/100\n|-boost|p1a: Great Tusk|spe|1\n|-sideend|p1: The Np sweep|Stealth Rock|[from] move: Rapid Spin|[of] p1a: Great Tusk\n|\n|-heal|p1a: Great Tusk|73\/100|[from] item: Leftovers\n|upkeep\n|turn|13\n|\n|t:|1701027297\n|switch|p2a: Ogerpon|Ogerpon-Wellspring, F|100\/100\n|move|p1a: Great Tusk|Stealth Rock|p2a: Ogerpon\n|-sidestart|p2: Amstan|move: Stealth Rock\n|\n|-heal|p1a: Great Tusk|79\/100|[from] item: Leftovers\n|upkeep\n|turn|14\n|\n|t:|1701027301\n|-end|p1a: Great Tusk|Protosynthesis|[silent]\n|switch|p1a: Ferrothorn|Ferrothorn, M|100\/100\n|move|p2a: Ogerpon|Swords Dance|p2a: Ogerpon\n|-boost|p2a: Ogerpon|atk|2\n|\n|upkeep\n|turn|15\n|\n|t:|1701027306\n|move|p2a: Ogerpon|Taunt|p1a: Ferrothorn\n|-start|p1a: Ferrothorn|move: Taunt\n|move|p1a: Ferrothorn|Gyro Ball|p2a: Ogerpon\n|-resisted|p2a: Ogerpon\n|-damage|p2a: Ogerpon|69\/100\n|\n|upkeep\n|turn|16\n|\n|t:|1701027313\n|switch|p1a: Great Tusk|Great Tusk|79\/100\n|move|p2a: Ogerpon|Ivy Cudgel|p1a: Great Tusk|[anim] Ivy Cudgel Water\n|-supereffective|p1a: Great Tusk\n|-damage|p1a: Great Tusk|0 fnt\n|faint|p1a: Great Tusk\n|-end|p1a: Great Tusk|Protosynthesis|[silent]\n|\n|upkeep\n|\n|t:|1701027315\n|switch|p1a: Iron Valiant|Iron Valiant|91\/100\n|turn|17\n|\n|t:|1701027326\n|switch|p2a: Tapu Lele|Tapu Lele, shiny|46\/100 frz\n|-damage|p2a: Tapu Lele|33\/100 frz|[from] Stealth Rock\n|-fieldstart|move: Psychic Terrain|[from] ability: Psychic Surge|[of] p2a: Tapu Lele\n|move|p1a: Iron Valiant|Close Combat|p2a: Tapu Lele\n|-resisted|p2a: Tapu Lele\n|-damage|p2a: Tapu Lele|3\/100 frz\n|-unboost|p1a: Iron Valiant|def|1\n|-unboost|p1a: Iron Valiant|spd|1\n|-damage|p1a: Iron Valiant|81\/100|[from] item: Life Orb\n|\n|upkeep\n|turn|18\n|\n|t:|1701027333\n|cant|p2a: Tapu Lele|frz\n|move|p1a: Iron Valiant|Moonblast|p2a: Tapu Lele\n|-damage|p2a: Tapu Lele|0 fnt\n|faint|p2a: Tapu Lele\n|-damage|p1a: Iron Valiant|71\/100|[from] item: Life Orb\n|\n|upkeep\n|\n|t:|1701027335\n|switch|p2a: Iron Valiant|Iron Valiant, shiny|100\/100\n|-damage|p2a: Iron Valiant|94\/100|[from] Stealth Rock\n|-enditem|p2a: Iron Valiant|Booster Energy\n|-activate|p2a: Iron Valiant|ability: Quark Drive|[fromitem]\n|-start|p2a: Iron Valiant|quarkdrivespe\n|turn|19\n|\n|t:|1701027338\n|-end|p1a: Iron Valiant|Quark Drive|[silent]\n|switch|p1a: Aegislash|Aegislash, M, shiny|100\/100\n|move|p2a: Iron Valiant|Zen Headbutt|p1a: Aegislash\n|-resisted|p1a: Aegislash\n|-damage|p1a: Aegislash|82\/100\n|\n|upkeep\n|turn|20\n|c| spookycooke|damnnn\n|c| spookycooke|that freeze\n|\n|t:|1701027350\n|move|p2a: Iron Valiant|Liquidation|p1a: Aegislash\n|-damage|p1a: Aegislash|52\/100\n|-formechange|p1a: Aegislash|Aegislash-Blade||[from] ability: Stance Change\n|move|p1a: Aegislash|Shadow Ball|p2a: Iron Valiant\n|-damage|p2a: Iron Valiant|15\/100\n|-unboost|p2a: Iron Valiant|spd|1\n|\n|upkeep\n|turn|21\n|\n|t:|1701027353\n|-formechange|p1a: Aegislash|Aegislash||[from] ability: Stance Change\n|move|p1a: Aegislash|King's Shield|p1a: Aegislash\n|-singleturn|p1a: Aegislash|Protect\n|move|p2a: Iron Valiant|Liquidation|p1a: Aegislash\n|-activate|p1a: Aegislash|move: Protect\n|-unboost|p2a: Iron Valiant|atk|1\n|\n|-fieldend|move: Psychic Terrain\n|upkeep\n|turn|22\n|\n|t:|1701027355\n|-formechange|p1a: Aegislash|Aegislash-Blade||[from] ability: Stance Change\n|move|p1a: Aegislash|Shadow Sneak|p2a: Iron Valiant\n|-damage|p2a: Iron Valiant|0 fnt\n|faint|p2a: Iron Valiant\n|-end|p2a: Iron Valiant|Quark Drive|[silent]\n|\n|upkeep\n|\n|t:|1701027363\n|switch|p2a: Ogerpon|Ogerpon-Wellspring, F|69\/100\n|-damage|p2a: Ogerpon|57\/100|[from] Stealth Rock\n|turn|23\n|\n|t:|1701027375\n|switch|p1a: Ferrothorn|Ferrothorn, M|100\/100\n|move|p2a: Ogerpon|Ivy Cudgel|p1a: Ferrothorn|[anim] Ivy Cudgel Water\n|-resisted|p1a: Ferrothorn\n|-damage|p1a: Ferrothorn|79\/100\n|\n|-heal|p1a: Ferrothorn|85\/100|[from] item: Leftovers\n|upkeep\n|turn|24\n|\n|t:|1701027380\n|switch|p2a: Cinderace|Cinderace, F, shiny|25\/100\n|move|p1a: Ferrothorn|Gyro Ball|p2a: Cinderace\n|-resisted|p2a: Cinderace\n|-damage|p2a: Cinderace|0 fnt\n|faint|p2a: Cinderace\n|\n|-heal|p1a: Ferrothorn|92\/100|[from] item: Leftovers\n|upkeep\n|\n|t:|1701027383\n|switch|p2a: Sneasler|Sneasler, F, shiny|100\/100\n|-damage|p2a: Sneasler|95\/100|[from] Stealth Rock\n|turn|25\n|c|\u2606Amstan|gg\n|-message|Amstan forfeited.\n|\n|win|The Np sweep\n|n|\u203dThe Np sweep|thenpsweep\n|n|\u2606Amstan|amstan\n|n| Zachary Zorua 7|zacharyzorua7\n|n| spookycooke|spookycooke\n","uploadtime":1701027388,"views":6,"p1id":"thenpsweep","p2id":"amstan","formatid":"gen9nationaldex","rating":0,"private":0,"password":""}