{"id":"gen9nationaldex-1996713883","p1":"terrysalt","p2":"TyrAlexander","format":"[Gen 9] National Dex","log":"|html|<div class=\"broadcast-blue\"><strong>[Gen 9] National Dex is currently suspecting Sneasler! For information on how to participate check out the <a href=\"https:\/\/www.smogon.com\/forums\/threads\/sv-national-dex-suspect-8-just-dance.3731534\/\">suspect thread<\/a>.<\/strong><\/div>\n|j|\u2606terrysalt\n|j|\u2606TyrAlexander\n|t:|1700713339\n|gametype|singles\n|player|p1|terrysalt|169|\n|player|p2|TyrAlexander|170|\n|teamsize|p1|6\n|teamsize|p2|6\n|gen|9\n|tier|[Gen 9] National Dex\n|rule|HP Percentage Mod: HP is shown in percentages\n|rule|Endless Battle Clause: Forcing endless battles is banned\n|rule|OHKO Clause: OHKO moves are banned\n|rule|Evasion Clause: Evasion abilities, items, and moves are banned\n|rule|Evasion Abilities Clause: Evasion abilities are banned\n|rule|Evasion Items Clause: Evasion items are banned\n|rule|Evasion Moves Clause: Evasion moves are banned\n|rule|Species Clause: Limit one of each Pok\u00e9mon\n|rule|Sleep Clause Mod: Limit one foe put to sleep\n|clearpoke\n|poke|p1|Kangaskhan, F|\n|poke|p1|Coalossal, F|\n|poke|p1|Persian-Alola, M|\n|poke|p1|Rotom|\n|poke|p1|Shiftry, F|\n|poke|p1|Jynx, F|\n|poke|p2|Slowking-Galar, F|\n|poke|p2|Tapu Bulu|\n|poke|p2|Seismitoad, M|\n|poke|p2|Zapdos-Galar|\n|poke|p2|Aggron, M|\n|poke|p2|Volcarona, M|\n|teampreview\n|\n|t:|1700713354\n|start\n|switch|p1a: Kangaskhan|Kangaskhan, F|100\/100\n|switch|p2a: Slowking|Slowking-Galar, F|100\/100\n|turn|1\n|\n|t:|1700713370\n|move|p1a: Kangaskhan|Fake Out|p2a: Slowking\n|-damage|p2a: Slowking|84\/100\n|cant|p2a: Slowking|flinch\n|\n|-heal|p2a: Slowking|90\/100|[from] item: Black Sludge\n|upkeep\n|turn|2\n|\n|t:|1700713390\n|switch|p2a: Aggron|Aggron, M|100\/100\n|move|p1a: Kangaskhan|Earthquake|p2a: Aggron\n|-supereffective|p2a: Aggron\n|-damage|p2a: Aggron|46\/100\n|\n|upkeep\n|turn|3\n|\n|t:|1700713403\n|detailschange|p2a: Aggron|Aggron-Mega, M\n|-mega|p2a: Aggron|Aggron|Aggronite\n|move|p1a: Kangaskhan|Earthquake|p2a: Aggron\n|-supereffective|p2a: Aggron\n|-crit|p2a: Aggron\n|-damage|p2a: Aggron|19\/100\n|move|p2a: Aggron|Body Press|p1a: Kangaskhan\n|-supereffective|p1a: Kangaskhan\n|-damage|p1a: Kangaskhan|6\/100\n|\n|upkeep\n|turn|4\n|\n|t:|1700713417\n|move|p1a: Kangaskhan|Earthquake|p2a: Aggron\n|-supereffective|p2a: Aggron\n|-damage|p2a: Aggron|2\/100\n|move|p2a: Aggron|Body Press|p1a: Kangaskhan\n|-supereffective|p1a: Kangaskhan\n|-damage|p1a: Kangaskhan|0 fnt\n|faint|p1a: Kangaskhan\n|\n|upkeep\n|\n|t:|1700713427\n|switch|p1a: Coalossal|Coalossal, F|100\/100\n|turn|5\n|\n|t:|1700713437\n|move|p2a: Aggron|Body Press|p1a: Coalossal\n|-supereffective|p1a: Coalossal\n|-damage|p1a: Coalossal|41\/100\n|-status|p2a: Aggron|brn|[from] ability: Flame Body|[of] p1a: Coalossal\n|move|p1a: Coalossal|Flamethrower|p2a: Aggron\n|-supereffective|p2a: Aggron\n|-damage|p2a: Aggron|0 fnt\n|faint|p2a: Aggron\n|\n|upkeep\n|\n|t:|1700713452\n|switch|p2a: Slowking|Slowking-Galar, F|100\/100\n|turn|6\n|\n|t:|1700713468\n|move|p2a: Slowking|Scald|p1a: Coalossal\n|-supereffective|p1a: Coalossal\n|-damage|p1a: Coalossal|0 fnt\n|faint|p1a: Coalossal\n|\n|upkeep\n|\n|t:|1700713484\n|switch|p1a: Rotom|Rotom|100\/100\n|turn|7\n|c|\u2606terrysalt|I totally underestimated just how slow Coalossal is!\n|\n|t:|1700713544\n|-terastallize|p2a: Slowking|Poison\n|move|p1a: Rotom|Shadow Ball|p2a: Slowking\n|-damage|p2a: Slowking|73\/100\n|-unboost|p2a: Slowking|spd|1\n|move|p2a: Slowking|Scald|p1a: Rotom\n|-damage|p1a: Rotom|68\/100\n|\n|-heal|p2a: Slowking|79\/100|[from] item: Black Sludge\n|upkeep\n|turn|8\n|\n|t:|1700713560\n|move|p1a: Rotom|Shadow Ball|p2a: Slowking\n|-damage|p2a: Slowking|35\/100\n|move|p2a: Slowking|Scald|p1a: Rotom\n|-damage|p1a: Rotom|31\/100\n|-status|p1a: Rotom|brn\n|\n|-heal|p2a: Slowking|41\/100|[from] item: Black Sludge\n|-damage|p1a: Rotom|25\/100 brn|[from] brn\n|upkeep\n|turn|9\n|\n|t:|1700713570\n|move|p1a: Rotom|Shadow Ball|p2a: Slowking\n|-damage|p2a: Slowking|3\/100\n|-unboost|p2a: Slowking|spd|1\n|move|p2a: Slowking|Scald|p1a: Rotom\n|-damage|p1a: Rotom|0 fnt\n|faint|p1a: Rotom\n|\n|-heal|p2a: Slowking|9\/100|[from] item: Black Sludge\n|upkeep\n|\n|t:|1700713583\n|switch|p1a: Persian|Persian-Alola, M|100\/100\n|turn|10\n|\n|t:|1700713599\n|switch|p2a: Seismitoad|Seismitoad, M|100\/100\n|move|p1a: Persian|Knock Off|p2a: Seismitoad\n|-damage|p2a: Seismitoad|77\/100\n|-enditem|p2a: Seismitoad|Leftovers|[from] move: Knock Off|[of] p1a: Persian\n|\n|upkeep\n|turn|11\n|\n|t:|1700713614\n|move|p1a: Persian|Parting Shot|p2a: Seismitoad\n|-unboost|p2a: Seismitoad|atk|1\n|-unboost|p2a: Seismitoad|spa|1\n|\n|t:|1700713618\n|switch|p1a: Shiftry|Shiftry, F|100\/100|[from] Parting Shot\n|move|p2a: Seismitoad|Toxic|p1a: Shiftry\n|-status|p1a: Shiftry|tox\n|\n|-damage|p1a: Shiftry|94\/100 tox|[from] psn\n|upkeep\n|turn|12\n|\n|t:|1700713628\n|switch|p2a: Volcarona|Volcarona, M|100\/100\n|move|p1a: Shiftry|Leaf Storm|p2a: Volcarona\n|-resisted|p2a: Volcarona\n|-damage|p2a: Volcarona|90\/100\n|-unboost|p1a: Shiftry|spa|2\n|-damage|p1a: Shiftry|84\/100 tox|[from] item: Life Orb\n|\n|-damage|p1a: Shiftry|72\/100 tox|[from] psn\n|upkeep\n|turn|13\n|\n|t:|1700713641\n|switch|p1a: Persian|Persian-Alola, M|100\/100\n|move|p2a: Volcarona|Mystical Fire|p1a: Persian\n|-damage|p1a: Persian|55\/100\n|-unboost|p1a: Persian|spa|1\n|\n|upkeep\n|turn|14\n|c|\u2606terrysalt|I think Volc wins from here.\n|\n|t:|1700713654\n|move|p1a: Persian|Toxic|p2a: Volcarona\n|-status|p2a: Volcarona|tox\n|move|p2a: Volcarona|Mystical Fire|p1a: Persian\n|-damage|p1a: Persian|10\/100\n|-unboost|p1a: Persian|spa|1\n|\n|-damage|p2a: Volcarona|84\/100 tox|[from] psn\n|upkeep\n|turn|15\n|\n|t:|1700713674\n|move|p1a: Persian|Parting Shot|p2a: Volcarona\n|-unboost|p2a: Volcarona|atk|1\n|-unboost|p2a: Volcarona|spa|1\n|\n|t:|1700713679\n|switch|p1a: Shiftry|Shiftry, F|72\/100 tox|[from] Parting Shot\n|move|p2a: Volcarona|Mystical Fire|p1a: Shiftry\n|-supereffective|p1a: Shiftry\n|-damage|p1a: Shiftry|4\/100 tox\n|-unboost|p1a: Shiftry|spa|1\n|\n|-damage|p2a: Volcarona|71\/100 tox|[from] psn\n|-damage|p1a: Shiftry|0 fnt|[from] psn\n|faint|p1a: Shiftry\n|upkeep\n|\n|t:|1700713689\n|switch|p1a: Jynx|Jynx, F|100\/100\n|turn|16\n|\n|t:|1700713697\n|move|p1a: Jynx|Psychic|p2a: Volcarona\n|-damage|p2a: Volcarona|17\/100 tox\n|move|p2a: Volcarona|U-turn|p1a: Jynx\n|-supereffective|p1a: Jynx\n|-damage|p1a: Jynx|43\/100\n|\n|t:|1700713703\n|switch|p2a: Zapdos|Zapdos-Galar|100\/100|[from] U-turn\n|\n|upkeep\n|turn|17\n|\n|t:|1700713710\n|move|p2a: Zapdos|Brave Bird|p1a: Jynx\n|-damage|p1a: Jynx|0 fnt\n|faint|p1a: Jynx\n|-damage|p2a: Zapdos|89\/100|[from] Recoil\n|\n|upkeep\n|\n|t:|1700713715\n|switch|p1a: Persian|Persian-Alola, M|10\/100\n|turn|18\n|\n|t:|1700713719\n|move|p1a: Persian|Foul Play|p2a: Zapdos\n|-resisted|p2a: Zapdos\n|-damage|p2a: Zapdos|61\/100\n|move|p2a: Zapdos|Brave Bird|p1a: Persian\n|-damage|p1a: Persian|0 fnt\n|faint|p1a: Persian\n|-damage|p2a: Zapdos|58\/100|[from] Recoil\n|\n|win|TyrAlexander\n|c|\u2606terrysalt|gg\n|c|\u2606TyrAlexander|gg\n","uploadtime":1700713728,"views":1,"p1id":"terrysalt","p2id":"tyralexander","formatid":"gen9nationaldex","rating":0,"private":0,"password":""}