{"id":"gen9nationaldex-1987921598","p1":"Nemasilla","p2":"vctlpz","format":"[Gen 9] National Dex","log":"|j|\u2606Nemasilla\n|j|\u2606vctlpz\n|t:|1699649376\n|gametype|singles\n|player|p1|Nemasilla|irida|1068\n|player|p2|vctlpz|170|1055\n|teamsize|p1|6\n|teamsize|p2|6\n|gen|9\n|tier|[Gen 9] National Dex\n|rated|\n|rule|HP Percentage Mod: HP is shown in percentages\n|rule|Endless Battle Clause: Forcing endless battles is banned\n|rule|OHKO Clause: OHKO moves are banned\n|rule|Evasion Clause: Evasion abilities, items, and moves are banned\n|rule|Evasion Abilities Clause: Evasion abilities are banned\n|rule|Evasion Items Clause: Evasion items are banned\n|rule|Evasion Moves Clause: Evasion moves are banned\n|rule|Species Clause: Limit one of each Pok\u00e9mon\n|rule|Sleep Clause Mod: Limit one foe put to sleep\n|clearpoke\n|poke|p1|Miltank, F|\n|poke|p1|Dubwool, M|\n|poke|p1|Appletun, F|\n|poke|p1|Brute Bonnet|\n|poke|p1|Rotom-Mow|\n|poke|p1|Beedrill, M|\n|poke|p2|Excadrill, M|\n|poke|p2|Tyranitar, M|\n|poke|p2|Gallade, M|\n|poke|p2|Infernape, M|\n|poke|p2|Alakazam, M|\n|poke|p2|Flygon, F|\n|teampreview\n|inactive|Battle timer is ON: inactive players will automatically lose when time's up. (requested by Nemasilla)\n|\n|t:|1699649402\n|start\n|switch|p1a: Brute Bonnet|Brute Bonnet|100\/100\n|switch|p2a: Infernape|Infernape, M|100\/100\n|turn|1\n|\n|t:|1699649414\n|-terastallize|p2a: Infernape|Fire\n|-terastallize|p1a: Brute Bonnet|Fire\n|move|p2a: Infernape|Blaze Kick|p1a: Brute Bonnet\n|-resisted|p1a: Brute Bonnet\n|-damage|p1a: Brute Bonnet|75\/100\n|move|p1a: Brute Bonnet|Spore|p2a: Infernape\n|-status|p2a: Infernape|slp|[from] move: Spore\n|\n|upkeep\n|turn|2\n|\n|t:|1699649422\n|cant|p2a: Infernape|slp\n|move|p1a: Brute Bonnet|Bullet Seed|p2a: Infernape\n|-resisted|p2a: Infernape\n|-damage|p2a: Infernape|90\/100 slp\n|-resisted|p2a: Infernape\n|-damage|p2a: Infernape|79\/100 slp\n|-resisted|p2a: Infernape\n|-damage|p2a: Infernape|68\/100 slp\n|-resisted|p2a: Infernape\n|-damage|p2a: Infernape|58\/100 slp\n|-hitcount|p2a: Infernape|4\n|\n|upkeep\n|turn|3\n|\n|t:|1699649427\n|cant|p2a: Infernape|slp\n|move|p1a: Brute Bonnet|Bullet Seed|p2a: Infernape\n|-resisted|p2a: Infernape\n|-damage|p2a: Infernape|47\/100 slp\n|-resisted|p2a: Infernape\n|-damage|p2a: Infernape|37\/100 slp\n|-resisted|p2a: Infernape\n|-damage|p2a: Infernape|26\/100 slp\n|-resisted|p2a: Infernape\n|-damage|p2a: Infernape|14\/100 slp\n|-hitcount|p2a: Infernape|4\n|\n|upkeep\n|turn|4\n|\n|t:|1699649433\n|move|p1a: Brute Bonnet|Sucker Punch|p2a: Infernape\n|-damage|p2a: Infernape|0 fnt\n|faint|p2a: Infernape\n|\n|upkeep\n|\n|t:|1699649444\n|switch|p2a: Tyranitar|Tyranitar, M|100\/100\n|-weather|Sandstorm|[from] ability: Sand Stream|[of] p2a: Tyranitar\n|turn|5\n|\n|t:|1699649448\n|move|p1a: Brute Bonnet|Bullet Seed|p2a: Tyranitar\n|-supereffective|p2a: Tyranitar\n|-damage|p2a: Tyranitar|79\/100\n|-supereffective|p2a: Tyranitar\n|-damage|p2a: Tyranitar|58\/100\n|-supereffective|p2a: Tyranitar\n|-damage|p2a: Tyranitar|35\/100\n|-supereffective|p2a: Tyranitar\n|-damage|p2a: Tyranitar|12\/100\n|-supereffective|p2a: Tyranitar\n|-damage|p2a: Tyranitar|0 fnt\n|faint|p2a: Tyranitar\n|-hitcount|p2: Tyranitar|5\n|\n|-weather|Sandstorm|[upkeep]\n|-damage|p1a: Brute Bonnet|69\/100|[from] Sandstorm\n|upkeep\n|\n|t:|1699649454\n|switch|p2a: Gallade|Gallade, M|100\/100\n|turn|6\n|\n|t:|1699649462\n|move|p1a: Brute Bonnet|Bullet Seed|p2a: Gallade\n|-damage|p2a: Gallade|74\/100\n|-damage|p2a: Gallade|51\/100\n|-damage|p2a: Gallade|25\/100\n|-damage|p2a: Gallade|0 fnt\n|faint|p2a: Gallade\n|-hitcount|p2: Gallade|4\n|\n|-weather|Sandstorm|[upkeep]\n|-damage|p1a: Brute Bonnet|63\/100|[from] Sandstorm\n|upkeep\n|\n|t:|1699649466\n|switch|p2a: Excadrill|Excadrill, M|100\/100\n|turn|7\n|\n|t:|1699649479\n|-end|p1a: Brute Bonnet|Protosynthesis|[silent]\n|switch|p1a: Dubwool|Dubwool, M|100\/100\n|move|p2a: Excadrill|X-Scissor|p1a: Dubwool\n|-damage|p1a: Dubwool|86\/100\n|-damage|p2a: Excadrill|84\/100|[from] item: Rocky Helmet|[of] p1a: Dubwool\n|\n|-weather|Sandstorm|[upkeep]\n|-damage|p1a: Dubwool|80\/100|[from] Sandstorm\n|upkeep\n|turn|8\n|\n|t:|1699649492\n|switch|p2a: Alakazam|Alakazam, M|100\/100\n|move|p1a: Dubwool|Body Press|p2a: Alakazam\n|-resisted|p2a: Alakazam\n|-damage|p2a: Alakazam|77\/100\n|\n|-weather|Sandstorm|[upkeep]\n|-damage|p1a: Dubwool|74\/100|[from] Sandstorm\n|upkeep\n|turn|9\n|\n|t:|1699649502\n|switch|p1a: Appletun|Appletun, F|100\/100\n|move|p2a: Alakazam|Signal Beam|p1a: Appletun\n|-supereffective|p1a: Appletun\n|-damage|p1a: Appletun|66\/100\n|\n|-weather|none\n|upkeep\n|turn|10\n|\n|t:|1699649508\n|move|p2a: Alakazam|Dazzling Gleam|p1a: Appletun\n|-supereffective|p1a: Appletun\n|-damage|p1a: Appletun|27\/100\n|move|p1a: Appletun|Leech Seed|p2a: Alakazam\n|-start|p2a: Alakazam|move: Leech Seed\n|\n|upkeep\n|turn|11\n|\n|t:|1699649515\n|move|p2a: Alakazam|Dazzling Gleam|p1a: Appletun\n|-supereffective|p1a: Appletun\n|-damage|p1a: Appletun|0 fnt\n|faint|p1a: Appletun\n|\n|upkeep\n|\n|t:|1699649518\n|switch|p1a: Beedrill|Beedrill, M|100\/100\n|turn|12\n|\n|t:|1699649531\n|switch|p2a: Flygon|Flygon, F|100\/100\n|detailschange|p1a: Beedrill|Beedrill-Mega, M\n|-mega|p1a: Beedrill|Beedrill|Beedrillite\n|move|p1a: Beedrill|U-turn|p2a: Flygon\n|-damage|p2a: Flygon|32\/100\n|\n|t:|1699649548\n|switch|p1a: Brute Bonnet|Brute Bonnet, tera:Fire|63\/100|[from] U-turn\n|\n|upkeep\n|turn|13\n|\n|t:|1699649555\n|move|p2a: Flygon|Fire Punch|p1a: Brute Bonnet\n|-resisted|p1a: Brute Bonnet\n|-damage|p1a: Brute Bonnet|51\/100\n|move|p1a: Brute Bonnet|Bullet Seed|p2a: Flygon\n|-damage|p2a: Flygon|13\/100\n|-damage|p2a: Flygon|0 fnt\n|faint|p2a: Flygon\n|-hitcount|p2: Flygon|2\n|\n|upkeep\n|\n|t:|1699649559\n|switch|p2a: Alakazam|Alakazam, M|77\/100\n|turn|14\n|\n|t:|1699649562\n|move|p1a: Brute Bonnet|Sucker Punch|p2a: Alakazam\n|-supereffective|p2a: Alakazam\n|-damage|p2a: Alakazam|0 fnt\n|faint|p2a: Alakazam\n|\n|upkeep\n|\n|t:|1699649567\n|switch|p2a: Excadrill|Excadrill, M|84\/100\n|turn|15\n|\n|t:|1699649572\n|move|p2a: Excadrill|Poison Jab|p1a: Brute Bonnet\n|-damage|p1a: Brute Bonnet|24\/100\n|move|p1a: Brute Bonnet|Bullet Seed|p2a: Excadrill\n|-damage|p2a: Excadrill|67\/100\n|-damage|p2a: Excadrill|52\/100\n|-damage|p2a: Excadrill|36\/100\n|-damage|p2a: Excadrill|18\/100\n|-hitcount|p2a: Excadrill|4\n|\n|upkeep\n|turn|16\n|\n|t:|1699649578\n|move|p1a: Brute Bonnet|Sucker Punch|p2a: Excadrill\n|-damage|p2a: Excadrill|0 fnt\n|faint|p2a: Excadrill\n|\n|win|Nemasilla\n|raw|Nemasilla's rating: 1068 &rarr; <strong>1097<\/strong><br \/>(+29 for winning)\n|raw|vctlpz's rating: 1055 &rarr; <strong>1037<\/strong><br \/>(-18 for losing)\n|l|\u2606vctlpz\n","uploadtime":1699649587,"views":5,"p1id":"nemasilla","p2id":"vctlpz","formatid":"gen9nationaldex","rating":1037,"private":0,"password":""}