{"id":"gen9nationaldex-1989718269","p1":"EvelynIsBased","p2":"Salsicha_agiota","format":"[Gen 9] National Dex","log":"|j|\u2606EvelynIsBased\n|j|\u2606Salsicha_agiota\n|t:|1699889744\n|gametype|singles\n|player|p1|EvelynIsBased|guitarist|1204\n|player|p2|Salsicha_agiota|alder|1167\n|teamsize|p1|6\n|teamsize|p2|6\n|gen|9\n|tier|[Gen 9] National Dex\n|rated|\n|rule|HP Percentage Mod: HP is shown in percentages\n|rule|Endless Battle Clause: Forcing endless battles is banned\n|rule|OHKO Clause: OHKO moves are banned\n|rule|Evasion Clause: Evasion abilities, items, and moves are banned\n|rule|Evasion Abilities Clause: Evasion abilities are banned\n|rule|Evasion Items Clause: Evasion items are banned\n|rule|Evasion Moves Clause: Evasion moves are banned\n|rule|Species Clause: Limit one of each Pok\u00e9mon\n|rule|Sleep Clause Mod: Limit one foe put to sleep\n|clearpoke\n|poke|p1|Cloyster, M|\n|poke|p1|Ambipom, F|\n|poke|p1|Basculegion, M|\n|poke|p1|Magnezone|\n|poke|p1|Heracross, F|\n|poke|p1|Haxorus, F|\n|poke|p2|Galvantula, M|\n|poke|p2|Great Tusk|\n|poke|p2|Charizard, M|\n|poke|p2|Dragonite, M|\n|poke|p2|Xurkitree|\n|poke|p2|Lilligant-Hisui, F|\n|teampreview\n|\n|t:|1699889748\n|start\n|switch|p1a: Cloyster|Cloyster, M|100\/100\n|switch|p2a: Galvantula|Galvantula, M|100\/100\n|turn|1\n|\n|t:|1699889751\n|-terastallize|p1a: Cloyster|Ghost\n|move|p2a: Galvantula|Thunder|p1a: Cloyster\n|-damage|p1a: Cloyster|0 fnt\n|faint|p1a: Cloyster\n|\n|upkeep\n|\n|t:|1699889766\n|switch|p1a: Ambipom|Ambipom, F|100\/100\n|turn|2\n|\n|t:|1699889773\n|switch|p2a: Great Tusk|Great Tusk|100\/100\n|move|p1a: Ambipom|Fake Out|p2a: Great Tusk\n|-damage|p2a: Great Tusk|80\/100\n|\n|upkeep\n|turn|3\n|\n|t:|1699889787\n|-end|p2a: Great Tusk|Protosynthesis|[silent]\n|switch|p2a: Galvantula|Galvantula, M|100\/100\n|move|p1a: Ambipom|Tail Slap|p2a: Galvantula\n|-damage|p2a: Galvantula|70\/100\n|-damage|p2a: Galvantula|39\/100\n|-damage|p2a: Galvantula|7\/100\n|-damage|p2a: Galvantula|0 fnt\n|faint|p2a: Galvantula\n|-hitcount|p2: Galvantula|4\n|\n|upkeep\n|\n|t:|1699889798\n|switch|p2a: Dragonite|Dragonite, M|100\/100\n|turn|4\n|\n|t:|1699889801\n|move|p1a: Ambipom|U-turn|p2a: Dragonite\n|-resisted|p2a: Dragonite\n|-damage|p2a: Dragonite|95\/100\n|\n|t:|1699889810\n|switch|p1a: Magnezone|Magnezone, shiny|100\/100|[from] U-turn\n|move|p2a: Dragonite|Dragon Dance|p2a: Dragonite\n|-boost|p2a: Dragonite|atk|1\n|-boost|p2a: Dragonite|spe|1\n|\n|upkeep\n|turn|5\n|\n|t:|1699889816\n|switch|p2a: Great Tusk|Great Tusk|80\/100\n|move|p1a: Magnezone|Thunderbolt|p2a: Great Tusk\n|-immune|p2a: Great Tusk\n|\n|upkeep\n|turn|6\n|\n|t:|1699889830\n|switch|p1a: Basculegion|Basculegion, M|100\/100\n|move|p2a: Great Tusk|Rapid Spin|p1a: Basculegion\n|-immune|p1a: Basculegion\n|\n|upkeep\n|turn|7\n|\n|t:|1699889843\n|-terastallize|p2a: Great Tusk|Water\n|move|p2a: Great Tusk|Earthquake|p1a: Basculegion\n|-damage|p1a: Basculegion|29\/100\n|move|p1a: Basculegion|Scale Shot|p2a: Great Tusk\n|-damage|p2a: Great Tusk|74\/100\n|-damage|p2a: Great Tusk|68\/100\n|-damage|p2a: Great Tusk|61\/100\n|-hitcount|p2a: Great Tusk|3\n|-unboost|p1a: Basculegion|def|1\n|-boost|p1a: Basculegion|spe|1\n|\n|upkeep\n|turn|8\n|\n|t:|1699889855\n|move|p1a: Basculegion|Phantom Force||[still]\n|-prepare|p1a: Basculegion|Phantom Force\n|move|p2a: Great Tusk|Earthquake|p1a: Basculegion|[miss]\n|-miss|p2a: Great Tusk|p1a: Basculegion\n|\n|upkeep\n|turn|9\n|\n|t:|1699889860\n|move|p1a: Basculegion|Phantom Force|p2a: Great Tusk|[from]lockedmove\n|-damage|p2a: Great Tusk|17\/100\n|move|p2a: Great Tusk|Earthquake|p1a: Basculegion\n|-damage|p1a: Basculegion|0 fnt\n|faint|p1a: Basculegion\n|\n|upkeep\n|\n|t:|1699889881\n|switch|p1a: Haxorus|Haxorus, F|100\/100\n|-ability|p1a: Haxorus|Mold Breaker\n|turn|10\n|\n|t:|1699889885\n|move|p1a: Haxorus|Dragon Dance|p1a: Haxorus\n|-boost|p1a: Haxorus|atk|1\n|-boost|p1a: Haxorus|spe|1\n|move|p2a: Great Tusk|Ice Spinner|p1a: Haxorus\n|-supereffective|p1a: Haxorus\n|-crit|p1a: Haxorus\n|-damage|p1a: Haxorus|0 fnt\n|faint|p1a: Haxorus\n|\n|upkeep\n|\n|t:|1699889890\n|switch|p1a: Ambipom|Ambipom, F|100\/100\n|turn|11\n|\n|t:|1699889900\n|-end|p2a: Great Tusk|Protosynthesis|[silent]\n|switch|p2a: Dragonite|Dragonite, M|95\/100\n|move|p1a: Ambipom|Tail Slap|p2a: Dragonite\n|-damage|p2a: Dragonite|76\/100\n|-crit|p2a: Dragonite\n|-damage|p2a: Dragonite|47\/100\n|-damage|p2a: Dragonite|28\/100\n|-damage|p2a: Dragonite|10\/100\n|-hitcount|p2a: Dragonite|4\n|\n|upkeep\n|turn|12\n|\n|t:|1699889913\n|move|p2a: Dragonite|Extreme Speed|p1a: Ambipom\n|-damage|p1a: Ambipom|52\/100\n|move|p1a: Ambipom|Tail Slap|p2a: Dragonite\n|-damage|p2a: Dragonite|0 fnt\n|faint|p2a: Dragonite\n|-hitcount|p2: Dragonite|1\n|\n|upkeep\n|\n|t:|1699889919\n|switch|p2a: Charizard|Charizard, M, shiny|100\/100\n|turn|13\n|\n|t:|1699889922\n|detailschange|p2a: Charizard|Charizard-Mega-Y, M, shiny\n|-mega|p2a: Charizard|Charizard|Charizardite Y\n|-weather|SunnyDay|[from] ability: Drought|[of] p2a: Charizard\n|move|p1a: Ambipom|Tail Slap|p2a: Charizard\n|-damage|p2a: Charizard|78\/100\n|-damage|p2a: Charizard|54\/100\n|-damage|p2a: Charizard|31\/100\n|-damage|p2a: Charizard|7\/100\n|-damage|p2a: Charizard|0 fnt\n|faint|p2a: Charizard\n|-hitcount|p2: Charizard|5\n|\n|-weather|SunnyDay|[upkeep]\n|upkeep\n|\n|t:|1699889928\n|switch|p2a: Lilligant|Lilligant-Hisui, F|100\/100\n|turn|14\n|\n|t:|1699889936\n|switch|p1a: Magnezone|Magnezone, shiny|100\/100\n|move|p2a: Lilligant|Axe Kick|p1a: Magnezone\n|-supereffective|p1a: Magnezone\n|-damage|p1a: Magnezone|6\/100\n|\n|-weather|SunnyDay|[upkeep]\n|-heal|p1a: Magnezone|12\/100|[from] item: Leftovers\n|upkeep\n|turn|15\n|\n|t:|1699889945\n|move|p2a: Lilligant|Petal Blizzard|p1a: Magnezone\n|-resisted|p1a: Magnezone\n|-damage|p1a: Magnezone|0 fnt\n|faint|p1a: Magnezone\n|\n|-weather|SunnyDay|[upkeep]\n|upkeep\n|\n|t:|1699889947\n|switch|p1a: Heracross|Heracross, F|100\/100\n|turn|16\n|\n|t:|1699889960\n|detailschange|p1a: Heracross|Heracross-Mega, F\n|-mega|p1a: Heracross|Heracross|Heracronite\n|move|p2a: Lilligant|Victory Dance|p2a: Lilligant\n|-boost|p2a: Lilligant|atk|1\n|-boost|p2a: Lilligant|def|1\n|-boost|p2a: Lilligant|spe|1\n|move|p1a: Heracross|Arm Thrust|p2a: Lilligant\n|-damage|p2a: Lilligant|89\/100\n|-damage|p2a: Lilligant|78\/100\n|-damage|p2a: Lilligant|66\/100\n|-damage|p2a: Lilligant|55\/100\n|-damage|p2a: Lilligant|44\/100\n|-hitcount|p2a: Lilligant|5\n|\n|-weather|SunnyDay|[upkeep]\n|upkeep\n|turn|17\n|\n|t:|1699889972\n|move|p2a: Lilligant|Axe Kick|p1a: Heracross\n|-resisted|p1a: Heracross\n|-damage|p1a: Heracross|63\/100\n|move|p1a: Heracross|Arm Thrust|p2a: Lilligant\n|-damage|p2a: Lilligant|32\/100\n|-damage|p2a: Lilligant|21\/100\n|-damage|p2a: Lilligant|9\/100\n|-damage|p2a: Lilligant|0 fnt\n|faint|p2a: Lilligant\n|-hitcount|p2: Lilligant|4\n|\n|-weather|none\n|upkeep\n|\n|t:|1699889976\n|switch|p2a: Xurkitree|Xurkitree|100\/100\n|turn|18\n|\n|t:|1699889982\n|-zpower|p2a: Xurkitree\n|move|p2a: Xurkitree|Z-Hypnosis|p1a: Heracross|[anim]Hypnosis|[miss]\n|-boost|p2a: Xurkitree|spe|1|[zeffect]\n|-miss|p2a: Xurkitree|p1a: Heracross\n|move|p1a: Heracross|Rock Blast|p2a: Xurkitree\n|-damage|p2a: Xurkitree|82\/100\n|-damage|p2a: Xurkitree|66\/100\n|-damage|p2a: Xurkitree|48\/100\n|-damage|p2a: Xurkitree|31\/100\n|-damage|p2a: Xurkitree|15\/100\n|-hitcount|p2a: Xurkitree|5\n|\n|upkeep\n|turn|19\n|\n|t:|1699889997\n|move|p2a: Xurkitree|Thunderbolt|p1a: Heracross\n|-damage|p1a: Heracross|10\/100\n|move|p1a: Heracross|Rock Blast|p2a: Xurkitree\n|-damage|p2a: Xurkitree|0 fnt\n|faint|p2a: Xurkitree\n|-hitcount|p2: Xurkitree|1\n|\n|upkeep\n|\n|t:|1699890000\n|switch|p2a: Great Tusk|Great Tusk, tera:Water|17\/100\n|turn|20\n|\n|t:|1699890003\n|move|p2a: Great Tusk|Rapid Spin|p1a: Heracross\n|-damage|p1a: Heracross|0 fnt\n|-boost|p2a: Great Tusk|spe|1\n|faint|p1a: Heracross\n|\n|upkeep\n|\n|t:|1699890005\n|switch|p1a: Ambipom|Ambipom, F|52\/100\n|turn|21\n|\n|t:|1699890007\n|move|p1a: Ambipom|Fake Out|p2a: Great Tusk\n|-damage|p2a: Great Tusk|0 fnt\n|faint|p2a: Great Tusk\n|-end|p2a: Great Tusk|Protosynthesis|[silent]\n|\n|win|EvelynIsBased\n|raw|EvelynIsBased's rating: 1204 &rarr; <strong>1226<\/strong><br \/>(+22 for winning)\n|raw|Salsicha_agiota's rating: 1167 &rarr; <strong>1145<\/strong><br \/>(-22 for losing)\n","uploadtime":1699890013,"views":4,"p1id":"evelynisbased","p2id":"salsichaagiota","formatid":"gen9nationaldex","rating":1145,"private":0,"password":""}