{"id":"gen9nationaldex-2000191026","p1":"1den1","p2":"Ay Cheu","format":"[Gen 9] National Dex","log":"|html|<div class=\"broadcast-blue\"><strong>[Gen 9] National Dex is currently suspecting Sneasler! For information on how to participate check out the <a href=\"https:\/\/www.smogon.com\/forums\/threads\/sv-national-dex-suspect-8-just-dance.3731534\/\">suspect thread<\/a>.<\/strong><\/div>\n|j|\u26061den1\n|j|\u2606Ay Cheu\n|t:|1701169845\n|gametype|singles\n|player|p1|1den1|rosa|1475\n|player|p2|Ay Cheu|officeworker|1684\n|teamsize|p1|6\n|teamsize|p2|6\n|gen|9\n|tier|[Gen 9] National Dex\n|rated|\n|rule|HP Percentage Mod: HP is shown in percentages\n|rule|Endless Battle Clause: Forcing endless battles is banned\n|rule|OHKO Clause: OHKO moves are banned\n|rule|Evasion Clause: Evasion abilities, items, and moves are banned\n|rule|Evasion Abilities Clause: Evasion abilities are banned\n|rule|Evasion Items Clause: Evasion items are banned\n|rule|Evasion Moves Clause: Evasion moves are banned\n|rule|Species Clause: Limit one of each Pok\u00e9mon\n|rule|Sleep Clause Mod: Limit one foe put to sleep\n|clearpoke\n|poke|p1|Banette, M|\n|poke|p1|Alomomola, M|\n|poke|p1|Dragonite, M|\n|poke|p1|Heatran, F|\n|poke|p1|Tapu Fini|\n|poke|p1|Hoopa-Unbound|\n|poke|p2|Arcanine-Hisui, M|\n|poke|p2|Snorlax, M|\n|poke|p2|Corviknight, M|\n|poke|p2|Greninja-*, M|\n|poke|p2|Sylveon, F|\n|poke|p2|Torterra, M|\n|teampreview\n|inactive|Battle timer is ON: inactive players will automatically lose when time's up. (requested by 1den1)\n|\n|t:|1701169861\n|start\n|switch|p1a: Banette|Banette, M|100\/100\n|switch|p2a: \u4e0d\u52a8\u5982\u5c71|Torterra, M|100\/100\n|turn|1\n|\n|t:|1701169866\n|detailschange|p1a: Banette|Banette-Mega, M\n|-mega|p1a: Banette|Banette|Banettite\n|move|p1a: Banette|Poltergeist|p2a: \u4e0d\u52a8\u5982\u5c71\n|-activate|p2a: \u4e0d\u52a8\u5982\u5c71|move: Poltergeist|Rocky Helmet\n|-damage|p2a: \u4e0d\u52a8\u5982\u5c71|55\/100\n|move|p2a: \u4e0d\u52a8\u5982\u5c71|Seed Bomb|p1a: Banette\n|-damage|p1a: Banette|48\/100\n|\n|upkeep\n|turn|2\n|\n|t:|1701169878\n|switch|p1a: Heatran|Heatran, F|100\/100\n|move|p2a: \u4e0d\u52a8\u5982\u5c71|Synthesis|p2a: \u4e0d\u52a8\u5982\u5c71\n|-heal|p2a: \u4e0d\u52a8\u5982\u5c71|100\/100\n|\n|upkeep\n|turn|3\n|\n|t:|1701169894\n|switch|p2a: \u963f\u80a5|Snorlax, M|100\/100\n|-terastallize|p1a: Heatran|Grass\n|move|p1a: Heatran|Magma Storm|p2a: \u963f\u80a5\n|-damage|p2a: \u963f\u80a5|81\/100\n|-activate|p2a: \u963f\u80a5|move: Magma Storm|[of] p1a: Heatran\n|\n|-damage|p2a: \u963f\u80a5|69\/100|[from] move: Magma Storm|[partiallytrapped]\n|upkeep\n|turn|4\n|\n|t:|1701169903\n|move|p1a: Heatran|Taunt|p2a: \u963f\u80a5\n|-start|p2a: \u963f\u80a5|move: Taunt\n|move|p2a: \u963f\u80a5|Body Slam|p1a: Heatran\n|-damage|p1a: Heatran|67\/100\n|\n|-heal|p1a: Heatran|73\/100|[from] item: Leftovers\n|-damage|p2a: \u963f\u80a5|57\/100|[from] move: Magma Storm|[partiallytrapped]\n|upkeep\n|turn|5\n|\n|t:|1701169917\n|switch|p1a: Alomomola|Alomomola, M|100\/100\n|move|p2a: \u963f\u80a5|Ice Punch|p1a: Alomomola\n|-resisted|p1a: Alomomola\n|-damage|p1a: Alomomola|94\/100\n|\n|-end|p2a: \u963f\u80a5|Magma Storm|[partiallytrapped]|[silent]\n|upkeep\n|turn|6\n|\n|t:|1701169926\n|switch|p2a: \u4e0d\u52a8\u5982\u5c71|Torterra, M|100\/100\n|move|p1a: Alomomola|Scald|p2a: \u4e0d\u52a8\u5982\u5c71\n|-damage|p2a: \u4e0d\u52a8\u5982\u5c71|87\/100\n|-status|p2a: \u4e0d\u52a8\u5982\u5c71|brn\n|\n|-damage|p2a: \u4e0d\u52a8\u5982\u5c71|81\/100 brn|[from] brn\n|upkeep\n|turn|7\n|\n|t:|1701169934\n|move|p2a: \u4e0d\u52a8\u5982\u5c71|Stealth Rock|p1a: Alomomola\n|-sidestart|p1: 1den1|move: Stealth Rock\n|move|p1a: Alomomola|Flip Turn|p2a: \u4e0d\u52a8\u5982\u5c71\n|-damage|p2a: \u4e0d\u52a8\u5982\u5c71|70\/100 brn\n|-damage|p1a: Alomomola|77\/100|[from] item: Rocky Helmet|[of] p2a: \u4e0d\u52a8\u5982\u5c71\n|\n|t:|1701169947\n|switch|p1a: Heatran|Heatran, F, tera:Grass|73\/100|[from] Flip Turn\n|-damage|p1a: Heatran|61\/100|[from] Stealth Rock\n|\n|-heal|p1a: Heatran|67\/100|[from] item: Leftovers\n|-damage|p2a: \u4e0d\u52a8\u5982\u5c71|64\/100 brn|[from] brn\n|upkeep\n|turn|8\n|\n|t:|1701169959\n|switch|p2a: \u963f\u80a5|Snorlax, M|57\/100\n|move|p1a: Heatran|Stealth Rock|p2a: \u963f\u80a5\n|-sidestart|p2: Ay Cheu|move: Stealth Rock\n|\n|-heal|p1a: Heatran|73\/100|[from] item: Leftovers\n|upkeep\n|turn|9\n|\n|t:|1701169973\n|switch|p1a: Alomomola|Alomomola, M|100\/100\n|move|p2a: \u963f\u80a5|Body Slam|p1a: Alomomola\n|-crit|p1a: Alomomola\n|-damage|p1a: Alomomola|67\/100\n|\n|upkeep\n|turn|10\n|\n|t:|1701169980\n|move|p1a: Alomomola|Scald|p2a: \u963f\u80a5\n|-damage|p2a: \u963f\u80a5|50\/100\n|move|p2a: \u963f\u80a5|Body Slam|p1a: Alomomola\n|-damage|p1a: Alomomola|43\/100\n|-status|p1a: Alomomola|par\n|\n|upkeep\n|turn|11\n|\n|t:|1701169996\n|switch|p1a: Tapu Fini|Tapu Fini|100\/100\n|-damage|p1a: Tapu Fini|88\/100|[from] Stealth Rock\n|-fieldstart|move: Misty Terrain|[from] ability: Misty Surge|[of] p1a: Tapu Fini\n|move|p2a: \u963f\u80a5|Body Slam|p1a: Tapu Fini\n|-damage|p1a: Tapu Fini|51\/100\n|\n|upkeep\n|turn|12\n|\n|t:|1701170008\n|move|p1a: Tapu Fini|Moonblast|p2a: \u963f\u80a5\n|-damage|p2a: \u963f\u80a5|34\/100\n|move|p2a: \u963f\u80a5|Body Slam|p1a: Tapu Fini\n|-damage|p1a: Tapu Fini|11\/100\n|\n|upkeep\n|turn|13\n|\n|t:|1701170016\n|move|p1a: Tapu Fini|Moonblast|p2a: \u963f\u80a5\n|-damage|p2a: \u963f\u80a5|20\/100\n|-unboost|p2a: \u963f\u80a5|spa|1\n|move|p2a: \u963f\u80a5|Earthquake|p1a: Tapu Fini\n|-damage|p1a: Tapu Fini|0 fnt\n|faint|p1a: Tapu Fini\n|\n|upkeep\n|\n|t:|1701170023\n|switch|p1a: Hoopa|Hoopa-Unbound|100\/100\n|turn|14\n|\n|t:|1701170027\n|switch|p2a: \u56e1\u56e1|Sylveon, F|100\/100\n|-damage|p2a: \u56e1\u56e1|88\/100|[from] Stealth Rock\n|move|p1a: Hoopa|Drain Punch|p2a: \u56e1\u56e1\n|-resisted|p2a: \u56e1\u56e1\n|-damage|p2a: \u56e1\u56e1|76\/100\n|\n|upkeep\n|turn|15\n|\n|t:|1701170038\n|switch|p1a: Alomomola|Alomomola, M|76\/100 par\n|move|p2a: \u56e1\u56e1|Wish|p2a: \u56e1\u56e1\n|\n|-fieldend|Misty Terrain\n|upkeep\n|turn|16\n|\n|t:|1701170045\n|switch|p2a: \u963f\u80a5|Snorlax, M|20\/100\n|-damage|p2a: \u963f\u80a5|7\/100|[from] Stealth Rock\n|move|p1a: Alomomola|Wish|p1a: Alomomola\n|\n|-heal|p2a: \u963f\u80a5|49\/100|[from] move: Wish|[wisher] \u56e1\u56e1\n|upkeep\n|turn|17\n|\n|t:|1701170052\n|move|p2a: \u963f\u80a5|Body Slam|p1a: Alomomola\n|-damage|p1a: Alomomola|54\/100 par\n|move|p1a: Alomomola|Flip Turn|p2a: \u963f\u80a5\n|-damage|p2a: \u963f\u80a5|36\/100\n|\n|t:|1701170058\n|switch|p1a: Hoopa|Hoopa-Unbound|100\/100|[from] Flip Turn\n|\n|upkeep\n|turn|18\n|\n|t:|1701170068\n|-terastallize|p2a: \u963f\u80a5|Ghost\n|move|p1a: Hoopa|Knock Off|p2a: \u963f\u80a5\n|-supereffective|p2a: \u963f\u80a5\n|-damage|p2a: \u963f\u80a5|0 fnt\n|-enditem|p2a: \u963f\u80a5|Assault Vest|[from] move: Knock Off|[of] p1a: Hoopa\n|faint|p2a: \u963f\u80a5\n|\n|upkeep\n|\n|t:|1701170072\n|switch|p2a: \u56e1\u56e1|Sylveon, F|76\/100\n|-damage|p2a: \u56e1\u56e1|64\/100|[from] Stealth Rock\n|turn|19\n|\n|t:|1701170080\n|switch|p1a: Alomomola|Alomomola, M|87\/100 par\n|move|p2a: \u56e1\u56e1|Hyper Voice|p1a: Alomomola\n|-damage|p1a: Alomomola|40\/100 par\n|\n|upkeep\n|turn|20\n|\n|t:|1701170089\n|switch|p1a: Heatran|Heatran, F, tera:Grass|73\/100\n|-damage|p1a: Heatran|61\/100|[from] Stealth Rock\n|move|p2a: \u56e1\u56e1|Hyper Voice|p1a: Heatran\n|-damage|p1a: Heatran|36\/100\n|\n|-heal|p1a: Heatran|42\/100|[from] item: Leftovers\n|upkeep\n|turn|21\n|\n|t:|1701170098\n|move|p1a: Heatran|Earth Power|p2a: \u56e1\u56e1\n|-damage|p2a: \u56e1\u56e1|46\/100\n|-enditem|p2a: \u56e1\u56e1|Sitrus Berry|[eat]\n|-heal|p2a: \u56e1\u56e1|71\/100|[from] item: Sitrus Berry\n|move|p2a: \u56e1\u56e1|Hyper Voice|p1a: Heatran\n|-damage|p1a: Heatran|14\/100\n|\n|-heal|p1a: Heatran|21\/100|[from] item: Leftovers\n|upkeep\n|turn|22\n|\n|t:|1701170109\n|move|p1a: Heatran|Magma Storm|p2a: \u56e1\u56e1|[miss]\n|-miss|p1a: Heatran|p2a: \u56e1\u56e1\n|move|p2a: \u56e1\u56e1|Wish|p2a: \u56e1\u56e1\n|\n|-heal|p1a: Heatran|27\/100|[from] item: Leftovers\n|upkeep\n|turn|23\n|\n|t:|1701170115\n|switch|p1a: Alomomola|Alomomola, M|73\/100 par\n|move|p2a: \u56e1\u56e1|Hyper Voice|p1a: Alomomola\n|-damage|p1a: Alomomola|28\/100 par\n|\n|-heal|p2a: \u56e1\u56e1|100\/100|[from] move: Wish|[wisher] \u56e1\u56e1\n|upkeep\n|turn|24\n|\n|t:|1701170132\n|move|p2a: \u56e1\u56e1|Hyper Voice|p1a: Alomomola\n|-crit|p1a: Alomomola\n|-damage|p1a: Alomomola|0 fnt\n|faint|p1a: Alomomola\n|\n|upkeep\n|\n|t:|1701170141\n|switch|p1a: Banette|Banette-Mega, M|48\/100\n|-damage|p1a: Banette|36\/100|[from] Stealth Rock\n|turn|25\n|\n|t:|1701170147\n|move|p1a: Banette|Destiny Bond|p1a: Banette\n|-singlemove|p1a: Banette|Destiny Bond\n|move|p2a: \u56e1\u56e1|Roar|p1a: Banette\n|drag|p1a: Heatran|Heatran, F, tera:Grass|27\/100\n|-damage|p1a: Heatran|14\/100|[from] Stealth Rock\n|\n|-heal|p1a: Heatran|21\/100|[from] item: Leftovers\n|upkeep\n|turn|26\n|\n|t:|1701170156\n|move|p1a: Heatran|Magma Storm|p2a: \u56e1\u56e1\n|-damage|p2a: \u56e1\u56e1|70\/100\n|-activate|p2a: \u56e1\u56e1|move: Magma Storm|[of] p1a: Heatran\n|move|p2a: \u56e1\u56e1|Hyper Voice|p1a: Heatran\n|-damage|p1a: Heatran|0 fnt\n|faint|p1a: Heatran\n|\n|-end|p2a: \u56e1\u56e1|Magma Storm|[partiallytrapped]|[silent]\n|upkeep\n|\n|t:|1701170165\n|switch|p1a: Banette|Banette-Mega, M|36\/100\n|-damage|p1a: Banette|24\/100|[from] Stealth Rock\n|turn|27\n|\n|t:|1701170173\n|move|p1a: Banette|Poltergeist||[still]\n|-fail|p1a: Banette\n|move|p2a: \u56e1\u56e1|Wish|p2a: \u56e1\u56e1\n|\n|upkeep\n|turn|28\n|\n|t:|1701170181\n|move|p1a: Banette|Encore|p2a: \u56e1\u56e1\n|-start|p2a: \u56e1\u56e1|Encore\n|move|p2a: \u56e1\u56e1|Wish||[still]\n|-fail|p2a: \u56e1\u56e1\n|\n|-heal|p2a: \u56e1\u56e1|100\/100|[from] move: Wish|[wisher] \u56e1\u56e1\n|upkeep\n|turn|29\n|\n|t:|1701170188\n|switch|p1a: Hoopa|Hoopa-Unbound|100\/100\n|move|p2a: \u56e1\u56e1|Wish|p2a: \u56e1\u56e1\n|\n|upkeep\n|turn|30\n|\n|t:|1701170196\n|switch|p2a: \u4e0d\u52a8\u5982\u5c71|Torterra, M|64\/100 brn\n|-damage|p2a: \u4e0d\u52a8\u5982\u5c71|58\/100 brn|[from] Stealth Rock\n|move|p1a: Hoopa|Psychic|p2a: \u4e0d\u52a8\u5982\u5c71\n|-damage|p2a: \u4e0d\u52a8\u5982\u5c71|9\/100 brn\n|\n|-heal|p2a: \u4e0d\u52a8\u5982\u5c71|59\/100 brn|[from] move: Wish|[wisher] \u56e1\u56e1\n|-damage|p2a: \u4e0d\u52a8\u5982\u5c71|53\/100 brn|[from] brn\n|upkeep\n|turn|31\n|\n|t:|1701170208\n|move|p1a: Hoopa|Knock Off|p2a: \u4e0d\u52a8\u5982\u5c71\n|-damage|p2a: \u4e0d\u52a8\u5982\u5c71|18\/100 brn\n|-damage|p1a: Hoopa|84\/100|[from] item: Rocky Helmet|[of] p2a: \u4e0d\u52a8\u5982\u5c71\n|-enditem|p2a: \u4e0d\u52a8\u5982\u5c71|Rocky Helmet|[from] move: Knock Off|[of] p1a: Hoopa\n|move|p2a: \u4e0d\u52a8\u5982\u5c71|Seed Bomb|p1a: Hoopa\n|-damage|p1a: Hoopa|53\/100\n|\n|-damage|p2a: \u4e0d\u52a8\u5982\u5c71|12\/100 brn|[from] brn\n|upkeep\n|turn|32\n|\n|t:|1701170216\n|move|p1a: Hoopa|Drain Punch|p2a: \u4e0d\u52a8\u5982\u5c71\n|-damage|p2a: \u4e0d\u52a8\u5982\u5c71|0 fnt\n|-heal|p1a: Hoopa|61\/100|[from] drain|[of] p2a: \u4e0d\u52a8\u5982\u5c71\n|faint|p2a: \u4e0d\u52a8\u5982\u5c71\n|\n|upkeep\n|\n|t:|1701170225\n|switch|p2a: \u7070\u7070|Arcanine-Hisui, M|100\/100\n|-damage|p2a: \u7070\u7070|76\/100|[from] Stealth Rock\n|turn|33\n|\n|t:|1701170231\n|move|p2a: \u7070\u7070|Flare Blitz|p1a: Hoopa\n|-damage|p1a: Hoopa|0 fnt\n|faint|p1a: Hoopa\n|-damage|p2a: \u7070\u7070|66\/100|[from] item: Life Orb\n|\n|upkeep\n|\n|t:|1701170239\n|switch|p1a: Banette|Banette-Mega, M|24\/100\n|-damage|p1a: Banette|11\/100|[from] Stealth Rock\n|turn|34\n|\n|t:|1701170243\n|move|p1a: Banette|Destiny Bond|p1a: Banette\n|-singlemove|p1a: Banette|Destiny Bond\n|move|p2a: \u7070\u7070|Flame Charge|p1a: Banette\n|-damage|p1a: Banette|0 fnt\n|-boost|p2a: \u7070\u7070|spe|1\n|faint|p1a: Banette\n|-activate|p1a: Banette|move: Destiny Bond\n|faint|p2a: \u7070\u7070\n|\n|upkeep\n|\n|t:|1701170251\n|switch|p2a: \u9ed1\u6b66\u58eb|Greninja, M, shiny|100\/100\n|switch|p1a: Dragonite|Dragonite, M|100\/100\n|-damage|p2a: \u9ed1\u6b66\u58eb|88\/100|[from] Stealth Rock\n|-damage|p1a: Dragonite|76\/100|[from] Stealth Rock\n|turn|35\n|\n|t:|1701170260\n|move|p1a: Dragonite|Extreme Speed|p2a: \u9ed1\u6b66\u58eb\n|-damage|p2a: \u9ed1\u6b66\u58eb|12\/100\n|move|p2a: \u9ed1\u6b66\u58eb|Ice Beam|p1a: Dragonite\n|-start|p2a: \u9ed1\u6b66\u58eb|typechange|Ice|[from] ability: Protean\n|-supereffective|p1a: Dragonite\n|-damage|p1a: Dragonite|0 fnt\n|faint|p1a: Dragonite\n|\n|win|Ay Cheu\n|raw|1den1's rating: 1475 &rarr; <strong>1466<\/strong><br \/>(-9 for losing)\n|raw|Ay Cheu's rating: 1684 &rarr; <strong>1693<\/strong><br \/>(+9 for winning)\n|l|\u26061den1\n","uploadtime":1701170273,"views":6,"p1id":"1den1","p2id":"aycheu","formatid":"gen9nationaldex","rating":1466,"private":0,"password":""}