{"id":"gen9nationaldex-1997916928","p1":"DaSizWiz","p2":"Ash Ketchum344","format":"[Gen 9] National Dex","log":"|html|<div class=\"broadcast-blue\"><strong>[Gen 9] National Dex is currently suspecting Sneasler! For information on how to participate check out the <a href=\"https:\/\/www.smogon.com\/forums\/threads\/sv-national-dex-suspect-8-just-dance.3731534\/\">suspect thread<\/a>.<\/strong><\/div>\n|j|\u2606DaSizWiz\n|j|\u2606Ash Ketchum344\n|t:|1700867180\n|gametype|singles\n|player|p1|DaSizWiz|blackbelt-gen4dp|1108\n|player|p2|Ash Ketchum344|lucas-gen4pt|1120\n|teamsize|p1|6\n|teamsize|p2|6\n|gen|9\n|tier|[Gen 9] National Dex\n|rated|\n|rule|HP Percentage Mod: HP is shown in percentages\n|rule|Endless Battle Clause: Forcing endless battles is banned\n|rule|OHKO Clause: OHKO moves are banned\n|rule|Evasion Clause: Evasion abilities, items, and moves are banned\n|rule|Evasion Abilities Clause: Evasion abilities are banned\n|rule|Evasion Items Clause: Evasion items are banned\n|rule|Evasion Moves Clause: Evasion moves are banned\n|rule|Species Clause: Limit one of each Pok\u00e9mon\n|rule|Sleep Clause Mod: Limit one foe put to sleep\n|clearpoke\n|poke|p1|Xurkitree|\n|poke|p1|Charizard, F|\n|poke|p1|Sneasler, F|\n|poke|p1|Tropius, M|\n|poke|p1|Kommo-o, M|\n|poke|p1|Mew|\n|poke|p2|Pikachu, F|\n|poke|p2|Dracozolt|\n|poke|p2|Lucario, M|\n|poke|p2|Sirfetch\u2019d, M|\n|poke|p2|Dragonite, M|\n|poke|p2|Gengar, M|\n|teampreview\n|inactive|Battle timer is ON: inactive players will automatically lose when time's up. (requested by DaSizWiz)\n|\n|t:|1700867187\n|start\n|switch|p1a: Professor Prostate|Mew|100\/100\n|switch|p2a: Dracozolt|Dracozolt|100\/100\n|turn|1\n|\n|t:|1700867195\n|move|p2a: Dracozolt|Bolt Beak|p1a: Professor Prostate\n|-damage|p1a: Professor Prostate|43\/100\n|move|p1a: Professor Prostate|Taunt|p2a: Dracozolt\n|-start|p2a: Dracozolt|move: Taunt\n|\n|-heal|p1a: Professor Prostate|50\/100|[from] item: Leftovers\n|upkeep\n|turn|2\n|\n|t:|1700867211\n|move|p2a: Dracozolt|Bolt Beak|p1a: Professor Prostate\n|-damage|p1a: Professor Prostate|0 fnt\n|faint|p1a: Professor Prostate\n|\n|upkeep\n|\n|t:|1700867215\n|switch|p1a: The businessman|Kommo-o, M|100\/100\n|turn|3\n|\n|t:|1700867218\n|move|p2a: Dracozolt|Bolt Beak|p1a: The businessman\n|-resisted|p1a: The businessman\n|-damage|p1a: The businessman|66\/100\n|move|p1a: The businessman|Clanging Scales|p2a: Dracozolt\n|-supereffective|p2a: Dracozolt\n|-damage|p2a: Dracozolt|0 fnt\n|faint|p2a: Dracozolt\n|-unboost|p1a: The businessman|def|1\n|-enditem|p1a: The businessman|Throat Spray\n|-boost|p1a: The businessman|spa|1|[from] item: Throat Spray\n|\n|upkeep\n|\n|t:|1700867223\n|switch|p2a: Pikachu|Pikachu, F|100\/100\n|turn|4\n|\n|t:|1700867238\n|move|p2a: Pikachu|Fake Out|p1a: The businessman\n|-damage|p1a: The businessman|41\/100\n|cant|p1a: The businessman|flinch\n|\n|upkeep\n|turn|5\n|\n|t:|1700867244\n|switch|p1a: Sarajevo Citizen|Xurkitree|100\/100\n|move|p2a: Pikachu|Extreme Speed|p1a: Sarajevo Citizen\n|-damage|p1a: Sarajevo Citizen|51\/100\n|\n|upkeep\n|turn|6\n|\n|t:|1700867251\n|move|p2a: Pikachu|Extreme Speed|p1a: Sarajevo Citizen\n|-damage|p1a: Sarajevo Citizen|7\/100\n|move|p1a: Sarajevo Citizen|Dazzling Gleam|p2a: Pikachu\n|-damage|p2a: Pikachu|8\/100\n|\n|upkeep\n|turn|7\n|\n|t:|1700867258\n|move|p2a: Pikachu|Extreme Speed|p1a: Sarajevo Citizen\n|-damage|p1a: Sarajevo Citizen|0 fnt\n|faint|p1a: Sarajevo Citizen\n|\n|upkeep\n|\n|t:|1700867262\n|switch|p1a: The Big Stall|Tropius, M|100\/100\n|turn|8\n|\n|t:|1700867268\n|move|p2a: Pikachu|Volt Switch|p1a: The Big Stall\n|-damage|p1a: The Big Stall|84\/100\n|c|\u2606DaSizWiz|i am\n|\n|t:|1700867277\n|switch|p2a: Sirfetch\u2019d|Sirfetch\u2019d, M|100\/100|[from] Volt Switch\n|move|p1a: The Big Stall|Leech Seed|p2a: Sirfetch\u2019d\n|-start|p2a: Sirfetch\u2019d|move: Leech Seed\n|\n|-damage|p2a: Sirfetch\u2019d|88\/100|[from] Leech Seed|[of] p1a: The Big Stall\n|-heal|p1a: The Big Stall|94\/100|[silent]\n|upkeep\n|turn|9\n|c|\u2606DaSizWiz|the big stall\n|\n|t:|1700867287\n|move|p1a: The Big Stall|Protect|p1a: The Big Stall\n|-singleturn|p1a: The Big Stall|Protect\n|move|p2a: Sirfetch\u2019d|Close Combat|p1a: The Big Stall\n|-activate|p1a: The Big Stall|move: Protect\n|\n|-damage|p2a: Sirfetch\u2019d|76\/100|[from] Leech Seed|[of] p1a: The Big Stall\n|-heal|p1a: The Big Stall|100\/100|[silent]\n|upkeep\n|turn|10\n|\n|t:|1700867294\n|move|p2a: Sirfetch\u2019d|Close Combat|p1a: The Big Stall\n|-resisted|p1a: The Big Stall\n|-damage|p1a: The Big Stall|52\/100\n|-unboost|p2a: Sirfetch\u2019d|def|1\n|-unboost|p2a: Sirfetch\u2019d|spd|1\n|move|p1a: The Big Stall|Substitute|p1a: The Big Stall\n|-start|p1a: The Big Stall|Substitute\n|-damage|p1a: The Big Stall|27\/100\n|-enditem|p1a: The Big Stall|Sitrus Berry|[eat]\n|-heal|p1a: The Big Stall|52\/100|[from] item: Sitrus Berry\n|\n|-damage|p2a: Sirfetch\u2019d|64\/100|[from] Leech Seed|[of] p1a: The Big Stall\n|-heal|p1a: The Big Stall|62\/100|[silent]\n|upkeep\n|turn|11\n|\n|t:|1700867305\n|move|p1a: The Big Stall|Protect|p1a: The Big Stall\n|-singleturn|p1a: The Big Stall|Protect\n|move|p2a: Sirfetch\u2019d|Close Combat|p1a: The Big Stall\n|-activate|p1a: The Big Stall|move: Protect\n|\n|-damage|p2a: Sirfetch\u2019d|52\/100|[from] Leech Seed|[of] p1a: The Big Stall\n|-heal|p1a: The Big Stall|72\/100|[silent]\n|upkeep\n|turn|12\n|\n|t:|1700867314\n|move|p2a: Sirfetch\u2019d|Close Combat|p1a: The Big Stall\n|-resisted|p1a: The Big Stall\n|-end|p1a: The Big Stall|Substitute\n|-unboost|p2a: Sirfetch\u2019d|def|1\n|-unboost|p2a: Sirfetch\u2019d|spd|1\n|move|p1a: The Big Stall|Substitute|p1a: The Big Stall\n|-start|p1a: The Big Stall|Substitute\n|-damage|p1a: The Big Stall|47\/100\n|\n|-damage|p2a: Sirfetch\u2019d|39\/100|[from] Leech Seed|[of] p1a: The Big Stall\n|-heal|p1a: The Big Stall|57\/100|[silent]\n|-item|p1a: The Big Stall|Sitrus Berry|[from] ability: Harvest\n|upkeep\n|turn|13\n|\n|t:|1700867325\n|move|p2a: Sirfetch\u2019d|Close Combat|p1a: The Big Stall\n|-resisted|p1a: The Big Stall\n|-end|p1a: The Big Stall|Substitute\n|-unboost|p2a: Sirfetch\u2019d|def|1\n|-unboost|p2a: Sirfetch\u2019d|spd|1\n|move|p1a: The Big Stall|Leech Seed||[still]\n|-fail|p1a: The Big Stall\n|\n|-damage|p2a: Sirfetch\u2019d|27\/100|[from] Leech Seed|[of] p1a: The Big Stall\n|-heal|p1a: The Big Stall|67\/100|[silent]\n|upkeep\n|turn|14\n|\n|t:|1700867334\n|move|p1a: The Big Stall|Protect|p1a: The Big Stall\n|-singleturn|p1a: The Big Stall|Protect\n|move|p2a: Sirfetch\u2019d|Close Combat|p1a: The Big Stall\n|-activate|p1a: The Big Stall|move: Protect\n|\n|-damage|p2a: Sirfetch\u2019d|15\/100|[from] Leech Seed|[of] p1a: The Big Stall\n|-heal|p1a: The Big Stall|77\/100|[silent]\n|upkeep\n|turn|15\n|\n|t:|1700867343\n|move|p2a: Sirfetch\u2019d|Close Combat|p1a: The Big Stall\n|-resisted|p1a: The Big Stall\n|-damage|p1a: The Big Stall|29\/100\n|-unboost|p2a: Sirfetch\u2019d|def|1\n|-unboost|p2a: Sirfetch\u2019d|spd|1\n|-enditem|p1a: The Big Stall|Sitrus Berry|[eat]\n|-heal|p1a: The Big Stall|53\/100|[from] item: Sitrus Berry\n|move|p1a: The Big Stall|Substitute|p1a: The Big Stall\n|-start|p1a: The Big Stall|Substitute\n|-damage|p1a: The Big Stall|29\/100\n|\n|-damage|p2a: Sirfetch\u2019d|3\/100|[from] Leech Seed|[of] p1a: The Big Stall\n|-heal|p1a: The Big Stall|38\/100|[silent]\n|upkeep\n|turn|16\n|\n|t:|1700867353\n|move|p1a: The Big Stall|Protect|p1a: The Big Stall\n|-singleturn|p1a: The Big Stall|Protect\n|move|p2a: Sirfetch\u2019d|Close Combat|p1a: The Big Stall\n|-activate|p1a: The Big Stall|move: Protect\n|\n|-damage|p2a: Sirfetch\u2019d|0 fnt|[from] Leech Seed|[of] p1a: The Big Stall\n|-heal|p1a: The Big Stall|40\/100|[silent]\n|faint|p2a: Sirfetch\u2019d\n|-item|p1a: The Big Stall|Sitrus Berry|[from] ability: Harvest\n|upkeep\n|-enditem|p1a: The Big Stall|Sitrus Berry|[eat]\n|-heal|p1a: The Big Stall|65\/100|[from] item: Sitrus Berry\n|c|\u2606DaSizWiz|i am\n|c|\u2606DaSizWiz|the big stall\n|\n|t:|1700867372\n|switch|p2a: Lucario|Lucario, M|100\/100\n|turn|17\n|\n|t:|1700867376\n|move|p2a: Lucario|Swords Dance|p2a: Lucario\n|-boost|p2a: Lucario|atk|2\n|move|p1a: The Big Stall|Leech Seed|p2a: Lucario\n|-start|p2a: Lucario|move: Leech Seed\n|\n|-damage|p2a: Lucario|88\/100|[from] Leech Seed|[of] p1a: The Big Stall\n|-heal|p1a: The Big Stall|74\/100|[silent]\n|upkeep\n|turn|18\n|\n|t:|1700867384\n|switch|p1a: Kill Destroy|Charizard, F|100\/100\n|move|p2a: Lucario|Swords Dance|p2a: Lucario\n|-boost|p2a: Lucario|atk|2\n|\n|-damage|p2a: Lucario|76\/100|[from] Leech Seed|[of] p1a: Kill Destroy\n|upkeep\n|turn|19\n|\n|t:|1700867395\n|detailschange|p1a: Kill Destroy|Charizard-Mega-Y, F\n|-mega|p1a: Kill Destroy|Charizard|Charizardite Y\n|-weather|SunnyDay|[from] ability: Drought|[of] p1a: Kill Destroy\n|move|p2a: Lucario|Extreme Speed|p1a: Kill Destroy\n|-damage|p1a: Kill Destroy|0 fnt\n|faint|p1a: Kill Destroy\n|-damage|p2a: Lucario|66\/100|[from] item: Life Orb\n|\n|-weather|SunnyDay|[upkeep]\n|upkeep\n|\n|t:|1700867407\n|switch|p1a: The Big Stall|Tropius, M|74\/100\n|turn|20\n|\n|t:|1700867412\n|move|p1a: The Big Stall|Protect|p1a: The Big Stall\n|-singleturn|p1a: The Big Stall|Protect\n|move|p2a: Lucario|Swords Dance|p2a: Lucario\n|-boost|p2a: Lucario|atk|2\n|\n|-weather|SunnyDay|[upkeep]\n|-damage|p2a: Lucario|53\/100|[from] Leech Seed|[of] p1a: The Big Stall\n|-heal|p1a: The Big Stall|83\/100|[silent]\n|-item|p1a: The Big Stall|Sitrus Berry|[from] ability: Harvest\n|upkeep\n|turn|21\n|c|\u2606DaSizWiz|the big stall wins\n|\n|t:|1700867421\n|move|p2a: Lucario|Bullet Punch|p1a: The Big Stall\n|-damage|p1a: The Big Stall|0 fnt\n|faint|p1a: The Big Stall\n|-damage|p2a: Lucario|43\/100|[from] item: Life Orb\n|\n|-weather|SunnyDay|[upkeep]\n|upkeep\n|c|\u2606DaSizWiz|nevermind\n|\n|t:|1700867428\n|switch|p1a: Agency goob|Sneasler, F|100\/100\n|turn|22\n|\n|t:|1700867432\n|-terastallize|p1a: Agency goob|Flying\n|move|p2a: Lucario|Extreme Speed|p1a: Agency goob\n|-damage|p1a: Agency goob|0 fnt\n|faint|p1a: Agency goob\n|-damage|p2a: Lucario|33\/100|[from] item: Life Orb\n|\n|-weather|SunnyDay|[upkeep]\n|upkeep\n|\n|t:|1700867439\n|switch|p1a: The businessman|Kommo-o, M|41\/100\n|turn|23\n|\n|t:|1700867444\n|move|p2a: Lucario|Bullet Punch|p1a: The businessman\n|-damage|p1a: The businessman|0 fnt\n|faint|p1a: The businessman\n|-damage|p2a: Lucario|23\/100|[from] item: Life Orb\n|\n|win|Ash Ketchum344\n|raw|DaSizWiz's rating: 1108 &rarr; <strong>1084<\/strong><br \/>(-24 for losing)\n|raw|Ash Ketchum344's rating: 1120 &rarr; <strong>1144<\/strong><br \/>(+24 for winning)\n|l|\u2606DaSizWiz\n","uploadtime":1700867451,"views":2,"p1id":"dasizwiz","p2id":"ashketchum344","formatid":"gen9nationaldex","rating":1084,"private":0,"password":""}