{"id":"gen9nationaldex-1993859540","p1":"steannm","p2":"daybreak wave2","format":"[Gen 9] National Dex","log":"|j|\u2606steannm\n|j|\u2606daybreak wave2\n|t:|1700366360\n|gametype|singles\n|player|p1|steannm|bugcatcher-gen4dp|1224\n|player|p2|daybreak wave2|lillie-masters2|1333\n|teamsize|p1|6\n|teamsize|p2|6\n|gen|9\n|tier|[Gen 9] National Dex\n|rated|\n|rule|HP Percentage Mod: HP is shown in percentages\n|rule|Endless Battle Clause: Forcing endless battles is banned\n|rule|OHKO Clause: OHKO moves are banned\n|rule|Evasion Clause: Evasion abilities, items, and moves are banned\n|rule|Evasion Abilities Clause: Evasion abilities are banned\n|rule|Evasion Items Clause: Evasion items are banned\n|rule|Evasion Moves Clause: Evasion moves are banned\n|rule|Species Clause: Limit one of each Pok\u00e9mon\n|rule|Sleep Clause Mod: Limit one foe put to sleep\n|clearpoke\n|poke|p1|Tapu Lele|\n|poke|p1|Blacephalon|\n|poke|p1|Garchomp, F|\n|poke|p1|Sneasler, F|\n|poke|p1|Heatran, M|\n|poke|p1|Venusaur, F|\n|poke|p2|Pinsir, F|\n|poke|p2|Aegislash, M|\n|poke|p2|Ogerpon-Wellspring, F|\n|poke|p2|Moltres|\n|poke|p2|Electrode-Hisui|\n|poke|p2|Clodsire, M|\n|teampreview\n|\n|t:|1700366373\n|start\n|switch|p1a: Garchomp|Garchomp, F|100\/100\n|switch|p2a: \u6d1b\u6258\u59c6-\u5207\u5272|Electrode-Hisui|100\/100\n|turn|1\n|\n|t:|1700366396\n|-terastallize|p2a: \u6d1b\u6258\u59c6-\u5207\u5272|Ice\n|move|p2a: \u6d1b\u6258\u59c6-\u5207\u5272|Tera Blast|p1a: Garchomp|[anim] Tera Blast Ice\n|-supereffective|p1a: Garchomp\n|-damage|p1a: Garchomp|0 fnt\n|faint|p1a: Garchomp\n|\n|upkeep\n|\n|t:|1700366408\n|switch|p1a: Heatran|Heatran, M|100\/100\n|turn|2\n|\n|t:|1700366423\n|switch|p2a: \u571f~\u2191\u738b|Clodsire, M|100\/100\n|move|p1a: Heatran|Magma Storm|p2a: \u571f~\u2191\u738b\n|-damage|p2a: \u571f~\u2191\u738b|73\/100\n|-activate|p2a: \u571f~\u2191\u738b|move: Magma Storm|[of] p1a: Heatran\n|\n|-damage|p2a: \u571f~\u2191\u738b|60\/100|[from] move: Magma Storm|[partiallytrapped]\n|upkeep\n|turn|3\n|\n|t:|1700366436\n|-terastallize|p1a: Heatran|Flying\n|move|p1a: Heatran|Earth Power|p2a: \u571f~\u2191\u738b\n|-supereffective|p2a: \u571f~\u2191\u738b\n|-damage|p2a: \u571f~\u2191\u738b|29\/100\n|move|p2a: \u571f~\u2191\u738b|Stealth Rock|p1a: Heatran\n|-sidestart|p1: steannm|move: Stealth Rock\n|\n|-damage|p2a: \u571f~\u2191\u738b|16\/100|[from] move: Magma Storm|[partiallytrapped]\n|upkeep\n|turn|4\n|\n|t:|1700366471\n|move|p1a: Heatran|Earth Power|p2a: \u571f~\u2191\u738b\n|-supereffective|p2a: \u571f~\u2191\u738b\n|-damage|p2a: \u571f~\u2191\u738b|0 fnt\n|faint|p2a: \u571f~\u2191\u738b\n|\n|upkeep\n|\n|t:|1700366482\n|switch|p2a: \u6d1b\u6258\u59c6-\u5207\u5272|Electrode-Hisui, tera:Ice|100\/100\n|turn|5\n|\n|t:|1700366488\n|move|p2a: \u6d1b\u6258\u59c6-\u5207\u5272|Volt Switch|p1a: Heatran\n|-supereffective|p1a: Heatran\n|-damage|p1a: Heatran|67\/100\n|\n|t:|1700366502\n|switch|p2a: \u6c34\u72f1\u5352|Ogerpon-Wellspring, F|100\/100|[from] Volt Switch\n|move|p1a: Heatran|Magma Storm|p2a: \u6c34\u72f1\u5352|[miss]\n|-miss|p1a: Heatran|p2a: \u6c34\u72f1\u5352\n|\n|upkeep\n|turn|6\n|\n|t:|1700366511\n|switch|p1a: Venusaur|Venusaur, F|100\/100\n|-damage|p1a: Venusaur|88\/100|[from] Stealth Rock\n|move|p2a: \u6c34\u72f1\u5352|Ivy Cudgel|p1a: Venusaur|[anim] Ivy Cudgel Water\n|-resisted|p1a: Venusaur\n|-damage|p1a: Venusaur|59\/100\n|\n|upkeep\n|turn|7\n|\n|t:|1700366526\n|switch|p2a: \u70c8\u7bad\u9e70|Moltres|100\/100\n|detailschange|p1a: Venusaur|Venusaur-Mega, F\n|-mega|p1a: Venusaur|Venusaur|Venusaurite\n|move|p1a: Venusaur|Synthesis|p1a: Venusaur\n|-heal|p1a: Venusaur|100\/100\n|\n|upkeep\n|turn|8\n|\n|t:|1700366562\n|switch|p1a: Tapu Lele|Tapu Lele|100\/100\n|-damage|p1a: Tapu Lele|88\/100|[from] Stealth Rock\n|-fieldstart|move: Psychic Terrain|[from] ability: Psychic Surge|[of] p1a: Tapu Lele\n|move|p2a: \u70c8\u7bad\u9e70|Flamethrower|p1a: Tapu Lele\n|-damage|p1a: Tapu Lele|47\/100\n|\n|upkeep\n|turn|9\n|\n|t:|1700366573\n|switch|p2a: \u585e\u8c6a\u5bcc|Aegislash, M, shiny|100\/100\n|move|p1a: Tapu Lele|Thunderbolt|p2a: \u585e\u8c6a\u5bcc\n|-damage|p2a: \u585e\u8c6a\u5bcc|74\/100\n|\n|upkeep\n|turn|10\n|\n|t:|1700366586\n|switch|p1a: Venusaur|Venusaur-Mega, F|100\/100\n|-damage|p1a: Venusaur|88\/100|[from] Stealth Rock\n|-formechange|p2a: \u585e\u8c6a\u5bcc|Aegislash-Blade||[from] ability: Stance Change\n|move|p2a: \u585e\u8c6a\u5bcc|Shadow Ball|p1a: Venusaur\n|-damage|p1a: Venusaur|43\/100\n|\n|upkeep\n|turn|11\n|\n|t:|1700366599\n|move|p1a: Venusaur|Earth Power|p2a: \u585e\u8c6a\u5bcc\n|-supereffective|p2a: \u585e\u8c6a\u5bcc\n|-damage|p2a: \u585e\u8c6a\u5bcc|0 fnt\n|faint|p2a: \u585e\u8c6a\u5bcc\n|\n|upkeep\n|\n|t:|1700366607\n|switch|p2a: \u7532\u54e5|Pinsir, F, shiny|100\/100\n|turn|12\n|\n|t:|1700366625\n|detailschange|p2a: \u7532\u54e5|Pinsir-Mega, F, shiny\n|-mega|p2a: \u7532\u54e5|Pinsir|Pinsirite\n|move|p2a: \u7532\u54e5|Return|p1a: Venusaur\n|-supereffective|p1a: Venusaur\n|-damage|p1a: Venusaur|0 fnt\n|faint|p1a: Venusaur\n|\n|upkeep\n|\n|t:|1700366631\n|switch|p1a: Sneasler|Sneasler, F|100\/100\n|-damage|p1a: Sneasler|95\/100|[from] Stealth Rock\n|-enditem|p1a: Sneasler|Psychic Seed\n|-boost|p1a: Sneasler|spd|1|[from] item: Psychic Seed\n|turn|13\n|\n|t:|1700366647\n|move|p1a: Sneasler|Dire Claw|p2a: \u7532\u54e5\n|-damage|p2a: \u7532\u54e5|63\/100\n|move|p2a: \u7532\u54e5|Return|p1a: Sneasler\n|-supereffective|p1a: Sneasler\n|-damage|p1a: Sneasler|0 fnt\n|faint|p1a: Sneasler\n|\n|upkeep\n|\n|t:|1700366678\n|switch|p1a: Blacephalon|Blacephalon|100\/100\n|-damage|p1a: Blacephalon|75\/100|[from] Stealth Rock\n|turn|14\n|\n|t:|1700366698\n|switch|p2a: \u70c8\u7bad\u9e70|Moltres|100\/100\n|move|p1a: Blacephalon|Expanding Force|p2a: \u70c8\u7bad\u9e70\n|-damage|p2a: \u70c8\u7bad\u9e70|40\/100\n|\n|upkeep\n|turn|15\n|\n|t:|1700366706\n|move|p1a: Blacephalon|Expanding Force|p2a: \u70c8\u7bad\u9e70\n|-damage|p2a: \u70c8\u7bad\u9e70|0 fnt\n|faint|p2a: \u70c8\u7bad\u9e70\n|-ability|p1a: Blacephalon|Beast Boost|boost\n|-boost|p1a: Blacephalon|spa|1\n|\n|-fieldend|move: Psychic Terrain\n|upkeep\n|\n|t:|1700366730\n|switch|p2a: \u6c34\u72f1\u5352|Ogerpon-Wellspring, F|100\/100\n|turn|16\n|\n|t:|1700366737\n|move|p1a: Blacephalon|Expanding Force|p2a: \u6c34\u72f1\u5352\n|-damage|p2a: \u6c34\u72f1\u5352|44\/100\n|move|p2a: \u6c34\u72f1\u5352|Ivy Cudgel|p1a: Blacephalon|[anim] Ivy Cudgel Water\n|-supereffective|p1a: Blacephalon\n|-damage|p1a: Blacephalon|0 fnt\n|faint|p1a: Blacephalon\n|\n|upkeep\n|\n|t:|1700366743\n|switch|p1a: Heatran|Heatran, M, tera:Flying|67\/100\n|-damage|p1a: Heatran|42\/100|[from] Stealth Rock\n|turn|17\n|\n|t:|1700366747\n|move|p2a: \u6c34\u72f1\u5352|Ivy Cudgel|p1a: Heatran|[anim] Ivy Cudgel Water\n|-damage|p1a: Heatran|0 fnt\n|faint|p1a: Heatran\n|\n|upkeep\n|-message|steannm forfeited.\n|\n|win|daybreak wave2\n|raw|steannm's rating: 1224 &rarr; <strong>1207<\/strong><br \/>(-17 for losing)\n|raw|daybreak wave2's rating: 1333 &rarr; <strong>1347<\/strong><br \/>(+14 for winning)\n|l|\u2606steannm\n","uploadtime":1700366758,"views":7,"p1id":"steannm","p2id":"daybreakwave2","formatid":"gen9nationaldex","rating":1207,"private":0,"password":""}