{"id":"gen9nationaldex-1996002065","p1":"Bokofori","p2":"Shelmett","format":"[Gen 9] National Dex","log":"|html|<div class=\"broadcast-blue\"><strong>[Gen 9] National Dex is currently suspecting Sneasler! For information on how to participate check out the <a href=\"https:\/\/www.smogon.com\/forums\/threads\/sv-national-dex-suspect-8-just-dance.3731534\/\">suspect thread<\/a>.<\/strong><\/div>\n|j|\u2606Bokofori\n|j|\u2606Shelmett\n|t:|1700627740\n|gametype|singles\n|player|p1|Bokofori|hoopster|1073\n|player|p2|Shelmett|roxie|1000\n|teamsize|p1|6\n|teamsize|p2|1\n|gen|9\n|tier|[Gen 9] National Dex\n|rated|\n|rule|HP Percentage Mod: HP is shown in percentages\n|rule|Endless Battle Clause: Forcing endless battles is banned\n|rule|OHKO Clause: OHKO moves are banned\n|rule|Evasion Clause: Evasion abilities, items, and moves are banned\n|rule|Evasion Abilities Clause: Evasion abilities are banned\n|rule|Evasion Items Clause: Evasion items are banned\n|rule|Evasion Moves Clause: Evasion moves are banned\n|rule|Species Clause: Limit one of each Pok\u00e9mon\n|rule|Sleep Clause Mod: Limit one foe put to sleep\n|clearpoke\n|poke|p1|Gengar, F|\n|poke|p1|Blaziken, M|\n|poke|p1|Greninja-*, M|\n|poke|p1|Serperior, M|\n|poke|p1|Hawlucha, F|\n|poke|p1|Quaquaval, F|\n|poke|p2|Garganacl, F|\n|teampreview\n|\n|t:|1700627745\n|start\n|switch|p1a: Hawlucha|Hawlucha, F, shiny|100\/100\n|switch|p2a: Garganacl|Garganacl, F|100\/100\n|turn|1\n|\n|t:|1700627753\n|-terastallize|p2a: Garganacl|Bug\n|move|p1a: Hawlucha|Swords Dance|p1a: Hawlucha\n|-boost|p1a: Hawlucha|atk|2\n|move|p2a: Garganacl|Curse|p2a: Garganacl\n|-unboost|p2a: Garganacl|spe|1\n|-boost|p2a: Garganacl|atk|1\n|-boost|p2a: Garganacl|def|1\n|\n|upkeep\n|turn|2\n|\n|t:|1700627767\n|move|p1a: Hawlucha|Fire Punch|p2a: Garganacl\n|-supereffective|p2a: Garganacl\n|-damage|p2a: Garganacl|57\/100\n|move|p2a: Garganacl|Curse|p2a: Garganacl\n|-unboost|p2a: Garganacl|spe|1\n|-boost|p2a: Garganacl|atk|1\n|-boost|p2a: Garganacl|def|1\n|\n|-heal|p2a: Garganacl|63\/100|[from] item: Leftovers\n|upkeep\n|turn|3\n|\n|t:|1700627776\n|move|p1a: Hawlucha|Swords Dance|p1a: Hawlucha\n|-boost|p1a: Hawlucha|atk|2\n|move|p2a: Garganacl|Recover|p2a: Garganacl\n|-heal|p2a: Garganacl|100\/100\n|\n|upkeep\n|turn|4\n|\n|t:|1700627783\n|move|p1a: Hawlucha|Swords Dance|p1a: Hawlucha\n|-boost|p1a: Hawlucha|atk|2\n|move|p2a: Garganacl|Salt Cure|p1a: Hawlucha\n|-damage|p1a: Hawlucha|48\/100\n|-start|p1a: Hawlucha|Salt Cure\n|\n|-damage|p1a: Hawlucha|35\/100|[from] Salt Cure\n|upkeep\n|turn|5\n|\n|t:|1700627791\n|move|p1a: Hawlucha|Fire Punch|p2a: Garganacl\n|-supereffective|p2a: Garganacl\n|-damage|p2a: Garganacl|35\/100\n|move|p2a: Garganacl|Recover|p2a: Garganacl\n|-heal|p2a: Garganacl|85\/100\n|\n|-heal|p2a: Garganacl|91\/100|[from] item: Leftovers\n|-damage|p1a: Hawlucha|23\/100|[from] Salt Cure\n|upkeep\n|turn|6\n|\n|t:|1700627800\n|move|p1a: Hawlucha|Drain Punch|p2a: Garganacl\n|-resisted|p2a: Garganacl\n|-crit|p2a: Garganacl\n|-damage|p2a: Garganacl|28\/100\n|-heal|p1a: Hawlucha|65\/100|[from] drain|[of] p2a: Garganacl\n|move|p2a: Garganacl|Recover|p2a: Garganacl\n|-heal|p2a: Garganacl|78\/100\n|\n|-heal|p2a: Garganacl|85\/100|[from] item: Leftovers\n|-damage|p1a: Hawlucha|53\/100|[from] Salt Cure\n|upkeep\n|turn|7\n|\n|t:|1700627812\n|move|p1a: Hawlucha|Swords Dance|p1a: Hawlucha\n|-boost|p1a: Hawlucha|atk|0\n|move|p2a: Garganacl|Curse|p2a: Garganacl\n|-unboost|p2a: Garganacl|spe|1\n|-boost|p2a: Garganacl|atk|1\n|-boost|p2a: Garganacl|def|1\n|\n|-heal|p2a: Garganacl|91\/100|[from] item: Leftovers\n|-damage|p1a: Hawlucha|41\/100|[from] Salt Cure\n|upkeep\n|turn|8\n|\n|t:|1700627821\n|move|p1a: Hawlucha|Drain Punch|p2a: Garganacl\n|-resisted|p2a: Garganacl\n|-damage|p2a: Garganacl|74\/100\n|-heal|p1a: Hawlucha|52\/100|[from] drain|[of] p2a: Garganacl\n|move|p2a: Garganacl|Curse|p2a: Garganacl\n|-unboost|p2a: Garganacl|spe|1\n|-boost|p2a: Garganacl|atk|1\n|-boost|p2a: Garganacl|def|1\n|\n|-heal|p2a: Garganacl|80\/100|[from] item: Leftovers\n|-damage|p1a: Hawlucha|40\/100|[from] Salt Cure\n|upkeep\n|turn|9\n|\n|t:|1700627834\n|move|p1a: Hawlucha|Fire Punch|p2a: Garganacl\n|-supereffective|p2a: Garganacl\n|-damage|p2a: Garganacl|37\/100\n|move|p2a: Garganacl|Curse|p2a: Garganacl\n|-unboost|p2a: Garganacl|spe|1\n|-boost|p2a: Garganacl|atk|1\n|-boost|p2a: Garganacl|def|1\n|\n|-heal|p2a: Garganacl|44\/100|[from] item: Leftovers\n|-damage|p1a: Hawlucha|27\/100|[from] Salt Cure\n|upkeep\n|turn|10\n|\n|t:|1700627845\n|move|p1a: Hawlucha|Fire Punch|p2a: Garganacl\n|-supereffective|p2a: Garganacl\n|-damage|p2a: Garganacl|7\/100\n|move|p2a: Garganacl|Recover|p2a: Garganacl\n|-heal|p2a: Garganacl|57\/100\n|\n|-heal|p2a: Garganacl|63\/100|[from] item: Leftovers\n|-damage|p1a: Hawlucha|15\/100|[from] Salt Cure\n|upkeep\n|turn|11\n|\n|t:|1700627853\n|move|p1a: Hawlucha|Fire Punch|p2a: Garganacl\n|-supereffective|p2a: Garganacl\n|-damage|p2a: Garganacl|28\/100\n|move|p2a: Garganacl|Recover|p2a: Garganacl\n|-heal|p2a: Garganacl|78\/100\n|\n|-heal|p2a: Garganacl|85\/100|[from] item: Leftovers\n|-damage|p1a: Hawlucha|3\/100|[from] Salt Cure\n|upkeep\n|turn|12\n|\n|t:|1700627862\n|move|p1a: Hawlucha|Fire Punch|p2a: Garganacl\n|-supereffective|p2a: Garganacl\n|-damage|p2a: Garganacl|47\/100\n|move|p2a: Garganacl|Recover|p2a: Garganacl\n|-heal|p2a: Garganacl|97\/100\n|\n|-heal|p2a: Garganacl|100\/100|[from] item: Leftovers\n|-damage|p1a: Hawlucha|0 fnt|[from] Salt Cure\n|faint|p1a: Hawlucha\n|upkeep\n|\n|t:|1700627871\n|switch|p1a: Blaziken|Blaziken, M, shiny|100\/100\n|turn|13\n|\n|t:|1700627878\n|move|p1a: Blaziken|Bulk Up|p1a: Blaziken\n|-boost|p1a: Blaziken|atk|1\n|-boost|p1a: Blaziken|def|1\n|move|p2a: Garganacl|Salt Cure|p1a: Blaziken\n|-damage|p1a: Blaziken|35\/100\n|-start|p1a: Blaziken|Salt Cure\n|\n|-damage|p1a: Blaziken|22\/100|[from] Salt Cure\n|-ability|p1a: Blaziken|Speed Boost|boost\n|-boost|p1a: Blaziken|spe|1\n|upkeep\n|turn|14\n|\n|t:|1700627889\n|move|p1a: Blaziken|Fire Punch|p2a: Garganacl\n|-supereffective|p2a: Garganacl\n|-damage|p2a: Garganacl|78\/100\n|move|p2a: Garganacl|Tera Blast|p1a: Blaziken|[anim] Tera Blast Bug\n|-resisted|p1a: Blaziken\n|-damage|p1a: Blaziken|0 fnt\n|faint|p1a: Blaziken\n|\n|-heal|p2a: Garganacl|84\/100|[from] item: Leftovers\n|upkeep\n|\n|t:|1700627915\n|switch|p1a: Quaquaval|Quaquaval, F|100\/100\n|turn|15\n|\n|t:|1700627922\n|move|p1a: Quaquaval|Swords Dance|p1a: Quaquaval\n|-boost|p1a: Quaquaval|atk|2\n|move|p2a: Garganacl|Salt Cure|p1a: Quaquaval\n|-resisted|p1a: Quaquaval\n|-damage|p1a: Quaquaval|58\/100\n|-start|p1a: Quaquaval|Salt Cure\n|\n|-heal|p2a: Garganacl|91\/100|[from] item: Leftovers\n|-damage|p1a: Quaquaval|33\/100|[from] Salt Cure\n|upkeep\n|turn|16\n|\n|t:|1700627933\n|move|p1a: Quaquaval|Aqua Step|p2a: Garganacl\n|-damage|p2a: Garganacl|67\/100\n|-boost|p1a: Quaquaval|spe|1\n|move|p2a: Garganacl|Recover|p2a: Garganacl\n|-heal|p2a: Garganacl|100\/100\n|\n|-damage|p1a: Quaquaval|9\/100|[from] Salt Cure\n|upkeep\n|turn|17\n|\n|t:|1700627947\n|move|p1a: Quaquaval|Aqua Step|p2a: Garganacl\n|-damage|p2a: Garganacl|75\/100\n|-boost|p1a: Quaquaval|spe|1\n|move|p2a: Garganacl|Curse|p2a: Garganacl\n|-unboost|p2a: Garganacl|spe|1\n|-boost|p2a: Garganacl|atk|1\n|-boost|p2a: Garganacl|def|1\n|\n|-heal|p2a: Garganacl|81\/100|[from] item: Leftovers\n|-damage|p1a: Quaquaval|0 fnt|[from] Salt Cure\n|faint|p1a: Quaquaval\n|upkeep\n|\n|t:|1700627968\n|switch|p1a: Serperior|Serperior, M|100\/100\n|turn|18\n|\n|t:|1700627974\n|move|p1a: Serperior|Protect|p1a: Serperior\n|-singleturn|p1a: Serperior|Protect\n|move|p2a: Garganacl|Tera Blast|p1a: Serperior|[anim] Tera Blast Bug\n|-activate|p1a: Serperior|move: Protect\n|\n|-heal|p2a: Garganacl|88\/100|[from] item: Leftovers\n|upkeep\n|turn|19\n|\n|t:|1700627983\n|move|p1a: Serperior|Leaf Storm|p2a: Garganacl\n|-resisted|p2a: Garganacl\n|-damage|p2a: Garganacl|65\/100\n|-boost|p1a: Serperior|spa|2\n|move|p2a: Garganacl|Tera Blast|p1a: Serperior|[anim] Tera Blast Bug\n|-supereffective|p1a: Serperior\n|-damage|p1a: Serperior|0 fnt\n|faint|p1a: Serperior\n|\n|-heal|p2a: Garganacl|71\/100|[from] item: Leftovers\n|upkeep\n|\n|t:|1700627993\n|switch|p1a: Greninja|Greninja, M, shiny|100\/100\n|turn|20\n|\n|t:|1700628000\n|move|p1a: Greninja|Ice Beam|p2a: Garganacl\n|-start|p1a: Greninja|typechange|Ice|[from] ability: Protean\n|-damage|p2a: Garganacl|32\/100\n|move|p2a: Garganacl|Tera Blast|p1a: Greninja|[anim] Tera Blast Bug\n|-damage|p1a: Greninja|0 fnt\n|faint|p1a: Greninja\n|\n|-heal|p2a: Garganacl|38\/100|[from] item: Leftovers\n|upkeep\n|c|\u2606Bokofori|wow\n|\n|t:|1700628014\n|switch|p1a: Gengar|Gengar, F, shiny|100\/100\n|turn|21\n|\n|t:|1700628027\n|move|p1a: Gengar|Nasty Plot|p1a: Gengar\n|-boost|p1a: Gengar|spa|2\n|move|p2a: Garganacl|Recover|p2a: Garganacl\n|-heal|p2a: Garganacl|88\/100\n|\n|-heal|p2a: Garganacl|94\/100|[from] item: Leftovers\n|upkeep\n|turn|22\n|\n|t:|1700628041\n|move|p1a: Gengar|Shadow Ball|p2a: Garganacl\n|-damage|p2a: Garganacl|56\/100\n|move|p2a: Garganacl|Salt Cure|p1a: Gengar\n|-enditem|p1a: Gengar|Focus Sash\n|-damage|p1a: Gengar|1\/100\n|-start|p1a: Gengar|Salt Cure\n|-start|p2a: Garganacl|Disable|Salt Cure|[from] ability: Cursed Body|[of] p1a: Gengar\n|\n|-heal|p2a: Garganacl|63\/100|[from] item: Leftovers\n|-damage|p1a: Gengar|0 fnt|[from] Salt Cure\n|faint|p1a: Gengar\n|\n|win|Shelmett\n|upkeep\n|raw|Bokofori's rating: 1073 &rarr; <strong>1048<\/strong><br \/>(-25 for losing)\n|raw|Shelmett's rating: 1000 &rarr; <strong>1048<\/strong><br \/>(+48 for winning)\n|c|\u2606Shelmett|gg\n|l|\u2606Bokofori\n","uploadtime":1700628056,"views":0,"p1id":"bokofori","p2id":"shelmett","formatid":"gen9nationaldex","rating":1048,"private":0,"password":""}