{"id":"gen9nationaldex-1990041779","p1":"umbrella_senpai","p2":"test111111111","format":"[Gen 9] National Dex","log":"|j|\u2606umbrella_senpai\n|j|\u2606test111111111\n|t:|1699918284\n|gametype|singles\n|player|p1|umbrella_senpai|waitress|1365\n|player|p2|test111111111|hilbert|1327\n|teamsize|p1|6\n|teamsize|p2|6\n|gen|9\n|tier|[Gen 9] National Dex\n|rated|\n|rule|HP Percentage Mod: HP is shown in percentages\n|rule|Endless Battle Clause: Forcing endless battles is banned\n|rule|OHKO Clause: OHKO moves are banned\n|rule|Evasion Clause: Evasion abilities, items, and moves are banned\n|rule|Evasion Abilities Clause: Evasion abilities are banned\n|rule|Evasion Items Clause: Evasion items are banned\n|rule|Evasion Moves Clause: Evasion moves are banned\n|rule|Species Clause: Limit one of each Pok\u00e9mon\n|rule|Sleep Clause Mod: Limit one foe put to sleep\n|clearpoke\n|poke|p1|Samurott-Hisui, M|\n|poke|p1|Landorus-Therian, M|\n|poke|p1|Diancie|\n|poke|p1|Iron Valiant|\n|poke|p1|Tapu Koko|\n|poke|p1|Ferrothorn, F|\n|poke|p2|Scizor, M|\n|poke|p2|Heatran, M|\n|poke|p2|Zapdos|\n|poke|p2|Samurott-Hisui, M|\n|poke|p2|Tapu Lele|\n|poke|p2|Urshifu-*, F|\n|teampreview\n|inactive|Battle timer is ON: inactive players will automatically lose when time's up. (requested by umbrella_senpai)\n|\n|t:|1699918301\n|start\n|switch|p1a: Tapu Koko|Tapu Koko|100\/100\n|switch|p2a: Urshifu|Urshifu-Rapid-Strike, F|100\/100\n|-fieldstart|move: Electric Terrain|[from] ability: Electric Surge|[of] p1a: Tapu Koko\n|turn|1\n|\n|t:|1699918318\n|move|p2a: Urshifu|Surging Strikes|p1a: Tapu Koko\n|-crit|p1a: Tapu Koko\n|-damage|p1a: Tapu Koko|74\/100\n|-crit|p1a: Tapu Koko\n|-damage|p1a: Tapu Koko|44\/100\n|-crit|p1a: Tapu Koko\n|-damage|p1a: Tapu Koko|17\/100\n|-hitcount|p1a: Tapu Koko|3\n|move|p1a: Tapu Koko|Volt Switch|p2a: Urshifu\n|-supereffective|p2a: Urshifu\n|-crit|p2a: Urshifu\n|-damage|p2a: Urshifu|0 fnt\n|faint|p2a: Urshifu\n|inactive|umbrella_senpai has 120 seconds left.\n|\n|t:|1699918340\n|switch|p1a: Landorus|Landorus-Therian, M|100\/100|[from] Volt Switch\n|\n|upkeep\n|\n|t:|1699918348\n|switch|p2a: Tapu Lele|Tapu Lele|100\/100\n|-fieldstart|move: Psychic Terrain|[from] ability: Psychic Surge|[of] p2a: Tapu Lele\n|turn|2\n|\n|t:|1699918356\n|move|p2a: Tapu Lele|Hidden Power|p1a: Landorus\n|-supereffective|p1a: Landorus\n|-damage|p1a: Landorus|0 fnt\n|faint|p1a: Landorus\n|\n|upkeep\n|\n|t:|1699918362\n|switch|p1a: Tapu Koko|Tapu Koko|17\/100\n|-fieldstart|move: Electric Terrain|[from] ability: Electric Surge|[of] p1a: Tapu Koko\n|turn|3\n|\n|t:|1699918366\n|move|p2a: Tapu Lele|Hidden Power|p1a: Tapu Koko\n|-damage|p1a: Tapu Koko|0 fnt\n|faint|p1a: Tapu Koko\n|\n|upkeep\n|inactive|umbrella_senpai has 120 seconds left.\n|\n|t:|1699918403\n|switch|p1a: Samurott|Samurott-Hisui, M|100\/100\n|turn|4\n|\n|t:|1699918409\n|switch|p2a: Zapdos|Zapdos|100\/100\n|move|p1a: Samurott|Ceaseless Edge|p2a: Zapdos\n|-damage|p2a: Zapdos|63\/100\n|-sidestart|p2: test111111111|Spikes\n|\n|upkeep\n|turn|5\n|\n|t:|1699918420\n|switch|p1a: Diancie|Diancie|100\/100\n|move|p2a: Zapdos|Volt Switch|p1a: Diancie\n|-crit|p1a: Diancie\n|-damage|p1a: Diancie|54\/100\n|\n|t:|1699918422\n|switch|p2a: Scizor|Scizor, M|100\/100|[from] Volt Switch\n|-damage|p2a: Scizor|88\/100|[from] Spikes\n|\n|upkeep\n|turn|6\n|\n|t:|1699918425\n|switch|p1a: Ferrothorn|Ferrothorn, F|100\/100\n|detailschange|p2a: Scizor|Scizor-Mega, M\n|-mega|p2a: Scizor|Scizor|Scizorite\n|move|p2a: Scizor|Swords Dance|p2a: Scizor\n|-boost|p2a: Scizor|atk|2\n|\n|upkeep\n|turn|7\n|\n|t:|1699918431\n|move|p2a: Scizor|Swords Dance|p2a: Scizor\n|-boost|p2a: Scizor|atk|2\n|move|p1a: Ferrothorn|Body Press|p2a: Scizor\n|-damage|p2a: Scizor|72\/100\n|\n|-fieldend|move: Electric Terrain\n|upkeep\n|turn|8\n|\n|t:|1699918436\n|move|p2a: Scizor|Bug Bite|p1a: Ferrothorn\n|-damage|p1a: Ferrothorn|1\/100\n|-damage|p2a: Scizor|59\/100|[from] ability: Iron Barbs|[of] p1a: Ferrothorn\n|-damage|p2a: Scizor|43\/100|[from] item: Rocky Helmet|[of] p1a: Ferrothorn\n|move|p1a: Ferrothorn|Body Press|p2a: Scizor\n|-damage|p2a: Scizor|27\/100\n|\n|upkeep\n|turn|9\n|\n|t:|1699918444\n|move|p2a: Scizor|Roost|p2a: Scizor\n|-heal|p2a: Scizor|77\/100\n|-singleturn|p2a: Scizor|move: Roost\n|move|p1a: Ferrothorn|Body Press|p2a: Scizor\n|-damage|p2a: Scizor|61\/100\n|\n|upkeep\n|turn|10\n|\n|t:|1699918450\n|move|p2a: Scizor|Roost|p2a: Scizor\n|-heal|p2a: Scizor|100\/100\n|-singleturn|p2a: Scizor|move: Roost\n|move|p1a: Ferrothorn|Gyro Ball|p2a: Scizor\n|-resisted|p2a: Scizor\n|-damage|p2a: Scizor|86\/100\n|\n|upkeep\n|turn|11\n|-message|umbrella_senpai forfeited.\n|\n|win|test111111111\n|raw|umbrella_senpai's rating: 1365 &rarr; <strong>1343<\/strong><br \/>(-22 for losing)\n|raw|test111111111's rating: 1327 &rarr; <strong>1349<\/strong><br \/>(+22 for winning)\n|l|\u2606umbrella_senpai\n","uploadtime":1699918463,"views":9,"p1id":"umbrellasenpai","p2id":"test111111111","formatid":"gen9nationaldex","rating":1343,"private":0,"password":""}