{"id":"gen9nationaldex-1990069683","p1":"Nemasilla","p2":"TreinadorDeMemes","format":"[Gen 9] National Dex","log":"|j|\u2606Nemasilla\n|j|\u2606TreinadorDeMemes\n|t:|1699921265\n|gametype|singles\n|player|p1|Nemasilla|irida|1102\n|player|p2|TreinadorDeMemes|pokemaniac|1082\n|teamsize|p1|6\n|teamsize|p2|6\n|gen|9\n|tier|[Gen 9] National Dex\n|rated|\n|rule|HP Percentage Mod: HP is shown in percentages\n|rule|Endless Battle Clause: Forcing endless battles is banned\n|rule|OHKO Clause: OHKO moves are banned\n|rule|Evasion Clause: Evasion abilities, items, and moves are banned\n|rule|Evasion Abilities Clause: Evasion abilities are banned\n|rule|Evasion Items Clause: Evasion items are banned\n|rule|Evasion Moves Clause: Evasion moves are banned\n|rule|Species Clause: Limit one of each Pok\u00e9mon\n|rule|Sleep Clause Mod: Limit one foe put to sleep\n|clearpoke\n|poke|p1|Miltank, F|\n|poke|p1|Dubwool, M|\n|poke|p1|Appletun, F|\n|poke|p1|Brute Bonnet|\n|poke|p1|Rotom-Mow|\n|poke|p1|Beedrill, M|\n|poke|p2|Scrafty, M|\n|poke|p2|Kleavor, F|\n|poke|p2|Zoroark-Hisui, M|\n|poke|p2|Houndoom, M|\n|poke|p2|Toxapex, F|\n|poke|p2|Ferrothorn, F|\n|teampreview\n|inactive|Battle timer is ON: inactive players will automatically lose when time's up. (requested by Nemasilla)\n|\n|t:|1699921280\n|start\n|switch|p1a: Brute Bonnet|Brute Bonnet|100\/100\n|switch|p2a: Kleavor|Kleavor, F|100\/100\n|turn|1\n|\n|t:|1699921294\n|move|p2a: Kleavor|Agility|p2a: Kleavor\n|-boost|p2a: Kleavor|spe|2\n|move|p1a: Brute Bonnet|Spore|p2a: Kleavor\n|-status|p2a: Kleavor|slp|[from] move: Spore\n|\n|upkeep\n|turn|2\n|\n|t:|1699921298\n|cant|p2a: Kleavor|slp\n|move|p1a: Brute Bonnet|Bullet Seed|p2a: Kleavor\n|-damage|p2a: Kleavor|82\/100 slp\n|-damage|p2a: Kleavor|64\/100 slp\n|-damage|p2a: Kleavor|46\/100 slp\n|-damage|p2a: Kleavor|28\/100 slp\n|-hitcount|p2a: Kleavor|4\n|\n|-heal|p2a: Kleavor|34\/100 slp|[from] item: Leftovers\n|upkeep\n|turn|3\n|\n|t:|1699921307\n|cant|p2a: Kleavor|slp\n|move|p1a: Brute Bonnet|Bullet Seed|p2a: Kleavor\n|-damage|p2a: Kleavor|15\/100 slp\n|-damage|p2a: Kleavor|0 fnt\n|faint|p2a: Kleavor\n|-hitcount|p2: Kleavor|2\n|\n|upkeep\n|\n|t:|1699921312\n|switch|p2a: Houndoom|Houndoom, M|100\/100\n|turn|4\n|\n|t:|1699921317\n|-terastallize|p1a: Brute Bonnet|Fire\n|move|p2a: Houndoom|Flamethrower|p1a: Brute Bonnet\n|-resisted|p1a: Brute Bonnet\n|-damage|p1a: Brute Bonnet|80\/100\n|move|p1a: Brute Bonnet|Spore|p2a: Houndoom\n|-status|p2a: Houndoom|slp|[from] move: Spore\n|\n|upkeep\n|turn|5\n|\n|t:|1699921332\n|switch|p2a: Toxapex|Toxapex, F|100\/100\n|move|p1a: Brute Bonnet|Bullet Seed|p2a: Toxapex\n|-damage|p2a: Toxapex|88\/100\n|-damage|p2a: Toxapex|76\/100\n|-crit|p2a: Toxapex\n|-damage|p2a: Toxapex|58\/100\n|-damage|p2a: Toxapex|45\/100\n|-damage|p2a: Toxapex|33\/100\n|-hitcount|p2a: Toxapex|5\n|\n|-heal|p2a: Toxapex|39\/100|[from] item: Black Sludge\n|upkeep\n|turn|6\n|\n|t:|1699921343\n|switch|p2a: Ferrothorn|Ferrothorn, F|100\/100\n|move|p1a: Brute Bonnet|Bullet Seed|p2a: Ferrothorn\n|-resisted|p2a: Ferrothorn\n|-damage|p2a: Ferrothorn|98\/100\n|-resisted|p2a: Ferrothorn\n|-damage|p2a: Ferrothorn|95\/100\n|-resisted|p2a: Ferrothorn\n|-damage|p2a: Ferrothorn|92\/100\n|-resisted|p2a: Ferrothorn\n|-damage|p2a: Ferrothorn|89\/100\n|-resisted|p2a: Ferrothorn\n|-damage|p2a: Ferrothorn|87\/100\n|-hitcount|p2a: Ferrothorn|5\n|\n|-heal|p2a: Ferrothorn|93\/100|[from] item: Leftovers\n|upkeep\n|turn|7\n|\n|t:|1699921353\n|move|p1a: Brute Bonnet|Tera Blast|p2a: Ferrothorn|[anim] Tera Blast Fire\n|-supereffective|p2a: Ferrothorn\n|-damage|p2a: Ferrothorn|0 fnt\n|faint|p2a: Ferrothorn\n|\n|upkeep\n|\n|t:|1699921377\n|switch|p2a: Houndoom|Houndoom, M|100\/100\n|turn|8\n|\n|t:|1699921388\n|move|p2a: Houndoom|Bitter Malice|p1a: Brute Bonnet\n|-damage|p1a: Brute Bonnet|42\/100\n|-unboost|p1a: Brute Bonnet|atk|1\n|move|p1a: Brute Bonnet|Bullet Seed|p2a: Houndoom\n|-damage|p2a: Houndoom|80\/100\n|replace|p2a: Zoroark|Zoroark-Hisui, M\n|-end|p2a: Zoroark|Illusion\n|-damage|p2a: Zoroark|61\/100\n|-damage|p2a: Zoroark|42\/100\n|-damage|p2a: Zoroark|24\/100\n|-damage|p2a: Zoroark|6\/100\n|-hitcount|p2a: Zoroark|5\n|\n|-heal|p2a: Zoroark|12\/100|[from] item: Leftovers\n|upkeep\n|turn|9\n|\n|t:|1699921402\n|move|p1a: Brute Bonnet|Sucker Punch|p2a: Zoroark\n|-supereffective|p2a: Zoroark\n|-damage|p2a: Zoroark|0 fnt\n|faint|p2a: Zoroark\n|\n|upkeep\n|\n|t:|1699921408\n|switch|p2a: Toxapex|Toxapex, F|72\/100\n|turn|10\n|\n|t:|1699921416\n|move|p2a: Toxapex|Baneful Bunker|p2a: Toxapex\n|-singleturn|p2a: Toxapex|move: Protect\n|move|p1a: Brute Bonnet|Bullet Seed|p2a: Toxapex\n|-activate|p2a: Toxapex|move: Protect\n|\n|-heal|p2a: Toxapex|79\/100|[from] item: Black Sludge\n|upkeep\n|turn|11\n|\n|t:|1699921436\n|-end|p1a: Brute Bonnet|Protosynthesis|[silent]\n|switch|p1a: Rotom|Rotom-Mow|100\/100\n|switch|p2a: Houndoom|Houndoom, M|100\/100 slp\n|\n|upkeep\n|turn|12\n|\n|t:|1699921442\n|cant|p2a: Houndoom|slp\n|move|p1a: Rotom|Volt Switch|p2a: Houndoom\n|-damage|p2a: Houndoom|65\/100 slp\n|\n|t:|1699921447\n|switch|p1a: Beedrill|Beedrill, M|100\/100|[from] Volt Switch\n|\n|-heal|p2a: Houndoom|72\/100 slp|[from] item: Leftovers\n|upkeep\n|turn|13\n|\n|t:|1699921457\n|detailschange|p1a: Beedrill|Beedrill-Mega, M\n|-mega|p1a: Beedrill|Beedrill|Beedrillite\n|move|p1a: Beedrill|Drill Run|p2a: Houndoom\n|-supereffective|p2a: Houndoom\n|-damage|p2a: Houndoom|0 fnt\n|faint|p2a: Houndoom\n|\n|upkeep\n|\n|t:|1699921459\n|switch|p2a: Toxapex|Toxapex, F|100\/100\n|turn|14\n|\n|t:|1699921472\n|switch|p1a: Rotom|Rotom-Mow|100\/100\n|move|p2a: Toxapex|Spite||[still]\n|-fail|p2a: Toxapex\n|\n|upkeep\n|turn|15\n|inactive|TreinadorDeMemes has 120 seconds left.\n|\n|t:|1699921504\n|move|p1a: Rotom|Nasty Plot|p1a: Rotom\n|-boost|p1a: Rotom|spa|2\n|move|p2a: Toxapex|Haze|p2a: Toxapex\n|-clearallboost\n|\n|upkeep\n|turn|16\n|\n|t:|1699921509\n|move|p1a: Rotom|Volt Switch|p2a: Toxapex\n|-supereffective|p2a: Toxapex\n|-damage|p2a: Toxapex|52\/100\n|\n|t:|1699921513\n|switch|p1a: Miltank|Miltank, F|100\/100|[from] Volt Switch\n|move|p2a: Toxapex|Spite||[still]\n|-fail|p2a: Toxapex\n|\n|-heal|p2a: Toxapex|59\/100|[from] item: Black Sludge\n|upkeep\n|turn|17\n|\n|t:|1699921526\n|move|p2a: Toxapex|Baneful Bunker|p2a: Toxapex\n|-singleturn|p2a: Toxapex|move: Protect\n|move|p1a: Miltank|Seismic Toss|p2a: Toxapex\n|-activate|p2a: Toxapex|move: Protect\n|-status|p1a: Miltank|psn\n|\n|-heal|p2a: Toxapex|65\/100|[from] item: Black Sludge\n|-damage|p1a: Miltank|88\/100 psn|[from] psn\n|upkeep\n|turn|18\n|\n|t:|1699921529\n|move|p1a: Miltank|Seismic Toss|p2a: Toxapex\n|-damage|p2a: Toxapex|23\/100\n|move|p2a: Toxapex|Spite|p1a: Miltank\n|-activate|p1a: Miltank|move: Spite|Seismic Toss|4\n|\n|-heal|p1a: Miltank|94\/100 psn|[from] item: Leftovers\n|-heal|p2a: Toxapex|30\/100|[from] item: Black Sludge\n|-damage|p1a: Miltank|82\/100 psn|[from] psn\n|upkeep\n|turn|19\n|\n|t:|1699921535\n|move|p1a: Miltank|Seismic Toss|p2a: Toxapex\n|-damage|p2a: Toxapex|0 fnt\n|faint|p2a: Toxapex\n|\n|-heal|p1a: Miltank|88\/100 psn|[from] item: Leftovers\n|-damage|p1a: Miltank|75\/100 psn|[from] psn\n|upkeep\n|\n|t:|1699921543\n|switch|p2a: Buffy guy|Scrafty, M, shiny|100\/100\n|turn|20\n|\n|t:|1699921549\n|move|p1a: Miltank|Toxic|p2a: Buffy guy|[miss]\n|-miss|p1a: Miltank|p2a: Buffy guy\n|move|p2a: Buffy guy|Bulk Up|p2a: Buffy guy\n|-boost|p2a: Buffy guy|atk|1\n|-boost|p2a: Buffy guy|def|1\n|\n|-heal|p1a: Miltank|81\/100 psn|[from] item: Leftovers\n|-damage|p1a: Miltank|69\/100 psn|[from] psn\n|upkeep\n|turn|21\n|\n|t:|1699921566\n|move|p1a: Miltank|Toxic|p2a: Buffy guy\n|-status|p2a: Buffy guy|tox\n|move|p2a: Buffy guy|Amnesia|p2a: Buffy guy\n|-boost|p2a: Buffy guy|spd|2\n|\n|-heal|p1a: Miltank|75\/100 psn|[from] item: Leftovers\n|-damage|p1a: Miltank|63\/100 psn|[from] psn\n|-damage|p2a: Buffy guy|95\/100 tox|[from] psn\n|upkeep\n|turn|22\n|-message|TreinadorDeMemes forfeited.\n|\n|win|Nemasilla\n|raw|Nemasilla's rating: 1102 &rarr; <strong>1128<\/strong><br \/>(+26 for winning)\n|raw|TreinadorDeMemes's rating: 1112 &rarr; <strong>1086<\/strong><br \/>(-26 for losing)\n|l|\u2606TreinadorDeMemes\n","uploadtime":1699921581,"views":5,"p1id":"nemasilla","p2id":"treinadordememes","formatid":"gen9nationaldex","rating":1086,"private":0,"password":""}