{"id":"gen9nationaldex-1993597247","p1":"PaperTigerLily","p2":"Shiny_Hero64","format":"[Gen 9] National Dex","log":"|j|\u2606PaperTigerLily\n|j|\u2606Shiny_Hero64\n|t:|1700335810\n|gametype|singles\n|player|p1|PaperTigerLily|jasmine-masters|\n|player|p2|Shiny_Hero64|n-masters3|\n|teamsize|p1|6\n|teamsize|p2|6\n|gen|9\n|tier|[Gen 9] National Dex\n|rule|HP Percentage Mod: HP is shown in percentages\n|rule|Endless Battle Clause: Forcing endless battles is banned\n|rule|OHKO Clause: OHKO moves are banned\n|rule|Evasion Clause: Evasion abilities, items, and moves are banned\n|rule|Evasion Abilities Clause: Evasion abilities are banned\n|rule|Evasion Items Clause: Evasion items are banned\n|rule|Evasion Moves Clause: Evasion moves are banned\n|rule|Species Clause: Limit one of each Pok\u00e9mon\n|rule|Sleep Clause Mod: Limit one foe put to sleep\n|clearpoke\n|poke|p1|Blaziken, M|\n|poke|p1|Infernape, M|\n|poke|p1|Emboar, M|\n|poke|p1|Chesnaught, F|\n|poke|p1|Incineroar, F|\n|poke|p1|Quaquaval, M|\n|poke|p2|Incineroar, F|\n|poke|p2|Meowscarada, M|\n|poke|p2|Quaquaval, M|\n|poke|p2|Typhlosion-Hisui, F|\n|poke|p2|Skeledirge, F|\n|poke|p2|Venusaur, F|\n|teampreview\n|c|\u2606PaperTigerLily|ITS TIME TO FIGHT\n|\n|t:|1700335865\n|start\n|switch|p1a: Uh... Fighting...?|Incineroar, F|100\/100\n|switch|p2a: Meowscarada|Meowscarada, M|100\/100\n|-ability|p1a: Uh... Fighting...?|Intimidate|boost\n|-unboost|p2a: Meowscarada|atk|1\n|turn|1\n|\n|t:|1700335891\n|move|p2a: Meowscarada|Toxic Spikes|p1a: Uh... Fighting...?\n|-start|p2a: Meowscarada|typechange|Poison|[from] ability: Protean\n|-sidestart|p1: PaperTigerLily|move: Toxic Spikes\n|move|p1a: Uh... Fighting...?|Snarl|p2a: Meowscarada\n|-damage|p2a: Meowscarada|76\/100\n|-unboost|p2a: Meowscarada|spa|1\n|\n|upkeep\n|turn|2\n|\n|t:|1700335900\n|move|p2a: Meowscarada|Toxic Spikes|p1a: Uh... Fighting...?\n|-sidestart|p1: PaperTigerLily|move: Toxic Spikes\n|move|p1a: Uh... Fighting...?|Swagger|p2a: Meowscarada\n|-boost|p2a: Meowscarada|atk|2\n|-start|p2a: Meowscarada|confusion\n|\n|upkeep\n|turn|3\n|c|\u2606Shiny_Hero64|The tech!?\n|c|\u2606PaperTigerLily|hmm\n|c|\u2606PaperTigerLily|im now noticing something\n|c|\u2606PaperTigerLily|i had to rebuild this team at one point\n|c|\u2606PaperTigerLily|and i left out something very important\n|\n|t:|1700335946\n|-activate|p2a: Meowscarada|confusion\n|move|p2a: Meowscarada|Knock Off|p1a: Uh... Fighting...?\n|-resisted|p1a: Uh... Fighting...?\n|-damage|p1a: Uh... Fighting...?|82\/100\n|-enditem|p1a: Uh... Fighting...?|Heavy-Duty Boots|[from] move: Knock Off|[of] p2a: Meowscarada\n|move|p1a: Uh... Fighting...?|Parting Shot|p2a: Meowscarada\n|-unboost|p2a: Meowscarada|atk|1\n|-unboost|p2a: Meowscarada|spa|1\n|\n|t:|1700335961\n|switch|p1a: Fighting OG|Blaziken, M|100\/100|[from] Parting Shot\n|-status|p1a: Fighting OG|tox\n|\n|-damage|p1a: Fighting OG|95\/100 tox|[from] psn\n|upkeep\n|turn|4\n|\n|t:|1700335966\n|-activate|p2a: Meowscarada|confusion\n|move|p2a: Meowscarada|U-turn|p1a: Fighting OG\n|-resisted|p1a: Fighting OG\n|-damage|p1a: Fighting OG|86\/100 tox\n|\n|t:|1700335971\n|switch|p2a: Skeledirge|Skeledirge, F|100\/100|[from] U-turn\n|move|p1a: Fighting OG|Hone Claws|p1a: Fighting OG\n|-boost|p1a: Fighting OG|atk|1\n|-boost|p1a: Fighting OG|accuracy|1\n|\n|-damage|p1a: Fighting OG|74\/100 tox|[from] psn\n|-ability|p1a: Fighting OG|Speed Boost|boost\n|-boost|p1a: Fighting OG|spe|1\n|upkeep\n|turn|5\n|\n|t:|1700335979\n|move|p1a: Fighting OG|Stone Edge|p2a: Skeledirge\n|-supereffective|p2a: Skeledirge\n|-damage|p2a: Skeledirge|39\/100\n|-damage|p1a: Fighting OG|64\/100 tox|[from] item: Life Orb\n|move|p2a: Skeledirge|Hex|p1a: Fighting OG\n|-damage|p1a: Fighting OG|0 fnt\n|faint|p1a: Fighting OG\n|\n|upkeep\n|\n|t:|1700335986\n|switch|p1a: ZESTY Fighting|Quaquaval, M|100\/100\n|-status|p1a: ZESTY Fighting|tox\n|turn|6\n|\n|t:|1700335999\n|switch|p2a: Venusaur|Venusaur, F|100\/100\n|move|p1a: ZESTY Fighting|Aqua Step|p2a: Venusaur\n|-resisted|p2a: Venusaur\n|-damage|p2a: Venusaur|80\/100\n|-boost|p1a: ZESTY Fighting|spe|1\n|\n|-damage|p1a: ZESTY Fighting|94\/100 tox|[from] psn\n|upkeep\n|turn|7\n|\n|t:|1700336019\n|switch|p1a: Sellout Sequel 3|Emboar, M|100\/100\n|-status|p1a: Sellout Sequel 3|tox\n|move|p2a: Venusaur|Knock Off|p1a: Sellout Sequel 3\n|-resisted|p1a: Sellout Sequel 3\n|-damage|p1a: Sellout Sequel 3|90\/100 tox\n|-enditem|p1a: Sellout Sequel 3|Leftovers|[from] move: Knock Off|[of] p2a: Venusaur\n|\n|-damage|p1a: Sellout Sequel 3|84\/100 tox|[from] psn\n|upkeep\n|turn|8\n|\n|t:|1700336027\n|switch|p2a: Skeledirge|Skeledirge, F|39\/100\n|move|p1a: Sellout Sequel 3|Curse|p1a: Sellout Sequel 3\n|-unboost|p1a: Sellout Sequel 3|spe|1\n|-boost|p1a: Sellout Sequel 3|atk|1\n|-boost|p1a: Sellout Sequel 3|def|1\n|\n|-damage|p1a: Sellout Sequel 3|72\/100 tox|[from] psn\n|upkeep\n|turn|9\n|\n|t:|1700336032\n|move|p2a: Skeledirge|Slack Off|p2a: Skeledirge\n|-heal|p2a: Skeledirge|89\/100\n|move|p1a: Sellout Sequel 3|Wild Charge|p2a: Skeledirge\n|-damage|p2a: Skeledirge|63\/100\n|-damage|p1a: Sellout Sequel 3|65\/100 tox|[from] Recoil\n|\n|-damage|p1a: Sellout Sequel 3|47\/100 tox|[from] psn\n|upkeep\n|turn|10\n|\n|t:|1700336052\n|switch|p1a: Uh... Fighting...?|Incineroar, F|82\/100\n|-status|p1a: Uh... Fighting...?|tox\n|-ability|p1a: Uh... Fighting...?|Intimidate|boost\n|-unboost|p2a: Skeledirge|atk|1\n|move|p2a: Skeledirge|Hex|p1a: Uh... Fighting...?\n|-resisted|p1a: Uh... Fighting...?\n|-damage|p1a: Uh... Fighting...?|63\/100 tox\n|\n|-damage|p1a: Uh... Fighting...?|57\/100 tox|[from] psn\n|upkeep\n|turn|11\n|\n|t:|1700336062\n|switch|p2a: Meowscarada|Meowscarada, M|76\/100\n|move|p1a: Uh... Fighting...?|Snarl|p2a: Meowscarada\n|-resisted|p2a: Meowscarada\n|-damage|p2a: Meowscarada|64\/100\n|-unboost|p2a: Meowscarada|spa|1\n|\n|-damage|p1a: Uh... Fighting...?|45\/100 tox|[from] psn\n|upkeep\n|turn|12\n|\n|t:|1700336073\n|move|p2a: Meowscarada|U-turn|p1a: Uh... Fighting...?\n|-start|p2a: Meowscarada|typechange|Bug|[from] ability: Protean\n|-damage|p1a: Uh... Fighting...?|16\/100 tox\n|\n|t:|1700336077\n|switch|p2a: Incineroar|Incineroar, F|100\/100|[from] U-turn\n|-ability|p2a: Incineroar|Intimidate|boost\n|-unboost|p1a: Uh... Fighting...?|atk|1\n|move|p1a: Uh... Fighting...?|Parting Shot|p2a: Incineroar\n|-unboost|p2a: Incineroar|atk|1\n|-unboost|p2a: Incineroar|spa|1\n|\n|t:|1700336102\n|switch|p1a: Fighting 2|Infernape, M|100\/100|[from] Parting Shot\n|-status|p1a: Fighting 2|tox\n|\n|-damage|p1a: Fighting 2|94\/100 tox|[from] psn\n|upkeep\n|turn|13\n|\n|t:|1700336110\n|move|p1a: Fighting 2|Nasty Plot|p1a: Fighting 2\n|-boost|p1a: Fighting 2|spa|2\n|move|p2a: Incineroar|Parting Shot|p1a: Fighting 2\n|-unboost|p1a: Fighting 2|atk|1\n|-unboost|p1a: Fighting 2|spa|1\n|\n|t:|1700336125\n|switch|p2a: Quaquaval|Quaquaval, M|100\/100|[from] Parting Shot\n|\n|-damage|p1a: Fighting 2|82\/100 tox|[from] psn\n|upkeep\n|turn|14\n|\n|t:|1700336131\n|move|p1a: Fighting 2|Grass Knot|p2a: Quaquaval\n|-supereffective|p2a: Quaquaval\n|-damage|p2a: Quaquaval|10\/100\n|move|p2a: Quaquaval|Aqua Step|p1a: Fighting 2\n|-supereffective|p1a: Fighting 2\n|-damage|p1a: Fighting 2|0 fnt\n|-boost|p2a: Quaquaval|spe|1\n|faint|p1a: Fighting 2\n|-ability|p2a: Quaquaval|Moxie|boost\n|-boost|p2a: Quaquaval|atk|1\n|\n|upkeep\n|\n|t:|1700336142\n|switch|p1a: ZESTY Fighting|Quaquaval, M|94\/100 tox\n|turn|15\n|\n|t:|1700336148\n|move|p2a: Quaquaval|Close Combat|p1a: ZESTY Fighting\n|-damage|p1a: ZESTY Fighting|0 fnt\n|-unboost|p2a: Quaquaval|def|1\n|-unboost|p2a: Quaquaval|spd|1\n|faint|p1a: ZESTY Fighting\n|-ability|p2a: Quaquaval|Moxie|boost\n|-boost|p2a: Quaquaval|atk|1\n|\n|upkeep\n|\n|t:|1700336154\n|switch|p1a: Plant Fighting|Chesnaught, F|100\/100\n|-status|p1a: Plant Fighting|tox\n|turn|16\n|c|\u2606Shiny_Hero64|Well\n|\n|t:|1700336158\n|move|p2a: Quaquaval|Close Combat|p1a: Plant Fighting\n|-damage|p1a: Plant Fighting|32\/100 tox\n|-unboost|p2a: Quaquaval|def|1\n|-unboost|p2a: Quaquaval|spd|1\n|-damage|p2a: Quaquaval|0 fnt|[from] item: Rocky Helmet|[of] p1a: Plant Fighting\n|faint|p2a: Quaquaval\n|move|p1a: Plant Fighting|Synthesis|p1a: Plant Fighting\n|-heal|p1a: Plant Fighting|82\/100 tox\n|\n|-damage|p1a: Plant Fighting|76\/100 tox|[from] psn\n|upkeep\n|\n|t:|1700336173\n|switch|p2a: Typhlosion|Typhlosion-Hisui, F|100\/100\n|-item|p1a: Plant Fighting|Rocky Helmet|[from] ability: Frisk|[of] p2a: Typhlosion|[identify]\n|turn|17\n|c|\u2606PaperTigerLily|yeah if quaval had kept its rapid spin this game would be. much more achievable\n|\n|t:|1700336179\n|move|p2a: Typhlosion|Eruption|p1a: Plant Fighting\n|-supereffective|p1a: Plant Fighting\n|-damage|p1a: Plant Fighting|0 fnt\n|faint|p1a: Plant Fighting\n|\n|upkeep\n|\n|t:|1700336184\n|switch|p1a: Sellout Sequel 3|Emboar, M|47\/100 tox\n|turn|18\n|\n|t:|1700336188\n|move|p2a: Typhlosion|Eruption|p1a: Sellout Sequel 3\n|-resisted|p1a: Sellout Sequel 3\n|-damage|p1a: Sellout Sequel 3|6\/100 tox\n|move|p1a: Sellout Sequel 3|Wild Charge|p2a: Typhlosion\n|-damage|p2a: Typhlosion|40\/100\n|-damage|p1a: Sellout Sequel 3|0 fnt|[from] Recoil\n|faint|p1a: Sellout Sequel 3\n|\n|upkeep\n|c|\u2606PaperTigerLily|then again i dont exactly know if i had expected the all fighting team to be effective\n|c|\u2606Shiny_Hero64|Yea\n|\n|t:|1700336202\n|switch|p1a: Uh... Fighting...?|Incineroar, F|16\/100 tox\n|-ability|p1a: Uh... Fighting...?|Intimidate|boost\n|-unboost|p2a: Typhlosion|atk|1\n|turn|19\n|\n|t:|1700336210\n|move|p2a: Typhlosion|Eruption|p1a: Uh... Fighting...?\n|-resisted|p1a: Uh... Fighting...?\n|-damage|p1a: Uh... Fighting...?|6\/100 tox\n|move|p1a: Uh... Fighting...?|Snarl|p2a: Typhlosion\n|-supereffective|p2a: Typhlosion\n|-damage|p2a: Typhlosion|0 fnt\n|faint|p2a: Typhlosion\n|\n|-damage|p1a: Uh... Fighting...?|0 fnt|[from] psn\n|faint|p1a: Uh... Fighting...?\n|\n|win|Shiny_Hero64\n|upkeep\n|c|\u2606PaperTigerLily|i made it 0-4 at least\n|c|\u2606Shiny_Hero64|True\n","uploadtime":1700336225,"views":17,"p1id":"papertigerlily","p2id":"shinyhero64","formatid":"gen9nationaldex","rating":0,"private":0,"password":""}