{"id":"gen9nationaldex-1988240401","p1":"pokeashbattle","p2":"Kartik thats it","format":"[Gen 9] National Dex","log":"|j|\u2606pokeashbattle\n|j|\u2606Kartik thats it\n|t:|1699692281\n|gametype|singles\n|player|p1|pokeashbattle|pokemonranger-gen4|\n|player|p2|Kartik thats it|volkner|\n|teamsize|p1|6\n|teamsize|p2|6\n|gen|9\n|tier|[Gen 9] National Dex\n|rule|HP Percentage Mod: HP is shown in percentages\n|rule|Endless Battle Clause: Forcing endless battles is banned\n|rule|OHKO Clause: OHKO moves are banned\n|rule|Evasion Clause: Evasion abilities, items, and moves are banned\n|rule|Evasion Abilities Clause: Evasion abilities are banned\n|rule|Evasion Items Clause: Evasion items are banned\n|rule|Evasion Moves Clause: Evasion moves are banned\n|rule|Species Clause: Limit one of each Pok\u00e9mon\n|rule|Sleep Clause Mod: Limit one foe put to sleep\n|clearpoke\n|poke|p1|Shuckle, M|\n|poke|p1|Armarouge, F|\n|poke|p1|Indeedee-F, F|\n|poke|p1|Dragonite, F|\n|poke|p1|Pyukumuku, F|\n|poke|p1|Gyarados, M|\n|poke|p2|Moltres-Galar|\n|poke|p2|Sneasler, F|\n|poke|p2|Latias, F|\n|poke|p2|Ogerpon-Wellspring, F|\n|poke|p2|Tapu Lele|\n|poke|p2|Skeledirge, M|\n|teampreview\n|inactive|Battle timer is ON: inactive players will automatically lose when time's up. (requested by pokeashbattle)\n|\n|t:|1699692288\n|start\n|switch|p1a: I love you|Shuckle, M, shiny|100\/100\n|switch|p2a: Louis|Latias, F, shiny|100\/100\n|turn|1\n|\n|t:|1699692313\n|detailschange|p2a: Louis|Latias-Mega, F, shiny\n|-mega|p2a: Louis|Latias|Latiasite\n|move|p2a: Louis|Thunderbolt|p1a: I love you\n|-damage|p1a: I love you|82\/100\n|-status|p1a: I love you|par\n|move|p1a: I love you|Sticky Web|p2a: Louis\n|-sidestart|p2: Kartik thats it|move: Sticky Web\n|\n|upkeep\n|turn|2\n|\n|t:|1699692324\n|move|p2a: Louis|Shadow Ball|p1a: I love you\n|-damage|p1a: I love you|65\/100 par\n|cant|p1a: I love you|par\n|\n|upkeep\n|turn|3\n|\n|t:|1699692335\n|move|p2a: Louis|Shadow Ball|p1a: I love you\n|-damage|p1a: I love you|50\/100 par\n|cant|p1a: I love you|par\n|\n|upkeep\n|turn|4\n|\n|t:|1699692343\n|move|p2a: Louis|Shadow Ball|p1a: I love you\n|-crit|p1a: I love you\n|-damage|p1a: I love you|25\/100 par\n|move|p1a: I love you|Stealth Rock|p2a: Louis\n|-sidestart|p2: Kartik thats it|move: Stealth Rock\n|\n|upkeep\n|turn|5\n|c|\u2606pokeashbattle|Bruh\n|\n|t:|1699692354\n|move|p2a: Louis|Shadow Ball|p1a: I love you\n|-damage|p1a: I love you|9\/100 par\n|move|p1a: I love you|Final Gambit|p2a: Louis\n|-damage|p2a: Louis|94\/100\n|faint|p1a: I love you\n|\n|upkeep\n|\n|t:|1699692369\n|switch|p1a: Got pranked?|Dragonite, F, shiny|100\/100\n|turn|6\n|\n|t:|1699692381\n|move|p2a: Louis|Defog|p1a: Got pranked?\n|-unboost|p1a: Got pranked?|evasion|1\n|-sideend|p2: Kartik thats it|Stealth Rock|[from] move: Defog|[of] p2a: Louis\n|-sideend|p2: Kartik thats it|Sticky Web|[from] move: Defog|[of] p2a: Louis\n|move|p1a: Got pranked?|Dragon Dance|p1a: Got pranked?\n|-boost|p1a: Got pranked?|atk|1\n|-boost|p1a: Got pranked?|spe|1\n|\n|upkeep\n|turn|7\n|\n|t:|1699692394\n|move|p1a: Got pranked?|Dragon Dance|p1a: Got pranked?\n|-boost|p1a: Got pranked?|atk|1\n|-boost|p1a: Got pranked?|spe|1\n|move|p2a: Louis|Psychic|p1a: Got pranked?\n|-damage|p1a: Got pranked?|75\/100\n|-unboost|p1a: Got pranked?|spd|1\n|\n|upkeep\n|turn|8\n|\n|t:|1699692402\n|move|p1a: Got pranked?|Dual Wingbeat|p2a: Louis\n|-damage|p2a: Louis|48\/100\n|-damage|p2a: Louis|2\/100\n|-hitcount|p2a: Louis|2\n|move|p2a: Louis|Psychic|p1a: Got pranked?\n|-damage|p1a: Got pranked?|0 fnt\n|faint|p1a: Got pranked?\n|\n|upkeep\n|\n|t:|1699692416\n|switch|p1a: Hello friends|Indeedee-F, F, shiny|100\/100\n|-fieldstart|move: Psychic Terrain|[from] ability: Psychic Surge|[of] p1a: Hello friends\n|turn|9\n|\n|t:|1699692426\n|move|p2a: Louis|Psychic|p1a: Hello friends\n|-resisted|p1a: Hello friends\n|-damage|p1a: Hello friends|73\/100\n|-unboost|p1a: Hello friends|spd|1\n|move|p1a: Hello friends|Expanding Force|p2a: Louis\n|-resisted|p2a: Louis\n|-damage|p2a: Louis|0 fnt\n|faint|p2a: Louis\n|\n|upkeep\n|c|\u2606pokeashbattle|Bruh moment\n|inactive|Kartik thats it has 270 seconds left.\n|\n|t:|1699692471\n|switch|p2a: Devil ka baap|Moltres-Galar, shiny|100\/100\n|turn|10\n|\n|t:|1699692485\n|move|p1a: Hello friends|Mystical Fire|p2a: Devil ka baap\n|-damage|p2a: Devil ka baap|83\/100\n|-unboost|p2a: Devil ka baap|spa|1\n|-zpower|p2a: Devil ka baap\n|move|p2a: Devil ka baap|Black Hole Eclipse|p1a: Hello friends|[zeffect]\n|-supereffective|p1a: Hello friends\n|-damage|p1a: Hello friends|0 fnt\n|faint|p1a: Hello friends\n|\n|upkeep\n|\n|t:|1699692506\n|switch|p1a: Lala singh|Gyarados, M, shiny|100\/100\n|turn|11\n|inactive|Kartik thats it has 270 seconds left.\n|\n|t:|1699692531\n|move|p2a: Devil ka baap|Foul Play|p1a: Lala singh\n|-damage|p1a: Lala singh|37\/100\n|move|p1a: Lala singh|Dragon Dance|p1a: Lala singh\n|-boost|p1a: Lala singh|atk|1\n|-boost|p1a: Lala singh|spe|1\n|\n|upkeep\n|turn|12\n|inactive|pokeashbattle has 270 seconds left.\n|\n|t:|1699692553\n|detailschange|p1a: Lala singh|Gyarados-Mega, M, shiny\n|-mega|p1a: Lala singh|Gyarados|Gyaradosite\n|-ability|p1a: Lala singh|Mold Breaker\n|move|p1a: Lala singh|Waterfall|p2a: Devil ka baap\n|-damage|p2a: Devil ka baap|0 fnt\n|faint|p2a: Devil ka baap\n|\n|upkeep\n|\n|t:|1699692577\n|switch|p2a: Zayn|Sneasler, F, shiny|100\/100\n|-enditem|p2a: Zayn|Psychic Seed\n|-boost|p2a: Zayn|spd|1|[from] item: Psychic Seed\n|turn|13\n|\n|t:|1699692592\n|-terastallize|p2a: Zayn|Flying\n|move|p2a: Zayn|Dire Claw|p1a: Lala singh\n|-damage|p1a: Lala singh|0 fnt\n|faint|p1a: Lala singh\n|\n|upkeep\n|inactive|pokeashbattle has 270 seconds left.\n|\n|t:|1699692603\n|switch|p1a: Power Ranger|Armarouge, F, shiny|100\/100\n|turn|14\n|\n|t:|1699692610\n|-terastallize|p1a: Power Ranger|Steel\n|move|p2a: Zayn|Shadow Claw|p1a: Power Ranger\n|-damage|p1a: Power Ranger|73\/100\n|-ability|p1a: Power Ranger|Weak Armor|boost\n|-unboost|p1a: Power Ranger|def|1\n|-boost|p1a: Power Ranger|spe|2\n|move|p1a: Power Ranger|Expanding Force|p2a: Zayn\n|-damage|p2a: Zayn|16\/100\n|\n|upkeep\n|turn|15\n|\n|t:|1699692623\n|move|p1a: Power Ranger|Endure|p1a: Power Ranger\n|-singleturn|p1a: Power Ranger|move: Endure\n|move|p2a: Zayn|Close Combat|p1a: Power Ranger\n|-supereffective|p1a: Power Ranger\n|-activate|p1a: Power Ranger|move: Endure\n|-damage|p1a: Power Ranger|1\/100\n|-unboost|p2a: Zayn|def|1\n|-unboost|p2a: Zayn|spd|1\n|-ability|p1a: Power Ranger|Weak Armor|boost\n|-unboost|p1a: Power Ranger|def|1\n|-boost|p1a: Power Ranger|spe|2\n|\n|upkeep\n|turn|16\n|\n|t:|1699692638\n|move|p1a: Power Ranger|Expanding Force|p2a: Zayn\n|-damage|p2a: Zayn|0 fnt\n|faint|p2a: Zayn\n|\n|-fieldend|move: Psychic Terrain\n|upkeep\n|\n|t:|1699692653\n|switch|p2a: Liam|Tapu Lele, shiny|100\/100\n|-fieldstart|move: Psychic Terrain|[from] ability: Psychic Surge|[of] p2a: Liam\n|turn|17\n|\n|t:|1699692665\n|move|p1a: Power Ranger|Shadow Ball|p2a: Liam\n|-supereffective|p2a: Liam\n|-damage|p2a: Liam|39\/100\n|move|p2a: Liam|Thunderbolt|p1a: Power Ranger\n|-damage|p1a: Power Ranger|0 fnt\n|faint|p1a: Power Ranger\n|\n|upkeep\n|\n|t:|1699692671\n|switch|p1a: Make me happy|Pyukumuku, F, shiny|100\/100\n|turn|18\n|\n|t:|1699692680\n|move|p2a: Liam|Thunderbolt|p1a: Make me happy\n|-supereffective|p1a: Make me happy\n|-damage|p1a: Make me happy|35\/100\n|move|p1a: Make me happy|Mirror Coat|p2a: Liam\n|-damage|p2a: Liam|0 fnt\n|faint|p2a: Liam\n|\n|upkeep\n|\n|t:|1699692693\n|switch|p2a: Niall|Ogerpon-Wellspring, F|100\/100\n|turn|19\n|\n|t:|1699692698\n|move|p2a: Niall|Horn Leech|p1a: Make me happy\n|-supereffective|p1a: Make me happy\n|-damage|p1a: Make me happy|0 fnt\n|-damage|p2a: Niall|65\/100|[from] ability: Innards Out|[of] p1a: Make me happy\n|faint|p1a: Make me happy\n|\n|win|Kartik thats it\n","uploadtime":1699692709,"views":5,"p1id":"pokeashbattle","p2id":"kartikthatsit","formatid":"gen9nationaldex","rating":0,"private":0,"password":""}