{"id":"gen9nationaldex-1996900829","p1":"mantidfly","p2":"Asadlion","format":"[Gen 9] National Dex","log":"|html|<div class=\"broadcast-blue\"><strong>[Gen 9] National Dex is currently suspecting Sneasler! For information on how to participate check out the <a href=\"https:\/\/www.smogon.com\/forums\/threads\/sv-national-dex-suspect-8-just-dance.3731534\/\">suspect thread<\/a>.<\/strong><\/div>\n|j|\u2606mantidfly\n|j|\u2606Asadlion\n|t:|1700742400\n|gametype|singles\n|player|p1|mantidfly|rocketgrunt|\n|player|p2|Asadlion|1|\n|teamsize|p1|6\n|teamsize|p2|6\n|gen|9\n|tier|[Gen 9] National Dex\n|rule|HP Percentage Mod: HP is shown in percentages\n|rule|Endless Battle Clause: Forcing endless battles is banned\n|rule|OHKO Clause: OHKO moves are banned\n|rule|Evasion Clause: Evasion abilities, items, and moves are banned\n|rule|Evasion Abilities Clause: Evasion abilities are banned\n|rule|Evasion Items Clause: Evasion items are banned\n|rule|Evasion Moves Clause: Evasion moves are banned\n|rule|Species Clause: Limit one of each Pok\u00e9mon\n|rule|Sleep Clause Mod: Limit one foe put to sleep\n|clearpoke\n|poke|p1|Quaquaval, M|\n|poke|p1|Zapdos|\n|poke|p1|Thundurus-Therian, M|\n|poke|p1|Sceptile, F|\n|poke|p1|Gliscor, F|\n|poke|p1|Shuckle, F|\n|poke|p2|Tapu Lele|\n|poke|p2|Great Tusk|\n|poke|p2|Victini|\n|poke|p2|Lopunny, M|\n|poke|p2|Ferrothorn, F|\n|poke|p2|Dragonite, F|\n|teampreview\n|inactive|Battle timer is ON: inactive players will automatically lose when time's up. (requested by mantidfly)\n|c|\u2606mantidfly|glhf \\\n|c|\u2606mantidfly|loser\n|\n|t:|1700742413\n|start\n|switch|p1a: Shuckle|Shuckle, F|100\/100\n|switch|p2a: Lopunny|Lopunny, M|100\/100\n|turn|1\n|\n|t:|1700742423\n|switch|p1a: Zapdos|Zapdos|100\/100\n|detailschange|p2a: Lopunny|Lopunny-Mega, M\n|-mega|p2a: Lopunny|Lopunny|Lopunnite\n|move|p2a: Lopunny|Fake Out|p1a: Zapdos\n|-damage|p1a: Zapdos|72\/100\n|-status|p2a: Lopunny|par|[from] ability: Static|[of] p1a: Zapdos\n|\n|upkeep\n|turn|2\n|\n|t:|1700742444\n|switch|p1a: Shuckle|Shuckle, F|100\/100\n|switch|p2a: Ferrothorn|Ferrothorn, F|100\/100\n|\n|upkeep\n|turn|3\n|\n|t:|1700742452\n|move|p1a: Shuckle|Sticky Web|p2a: Ferrothorn\n|-sidestart|p2: Asadlion|move: Sticky Web\n|move|p2a: Ferrothorn|Leech Seed|p1a: Shuckle\n|-start|p1a: Shuckle|move: Leech Seed\n|\n|-damage|p1a: Shuckle|88\/100|[from] Leech Seed|[of] p2a: Ferrothorn\n|upkeep\n|turn|4\n|\n|t:|1700742461\n|move|p1a: Shuckle|Encore|p2a: Ferrothorn\n|-start|p2a: Ferrothorn|Encore\n|move|p2a: Ferrothorn|Leech Seed||[still]\n|-fail|p2a: Ferrothorn\n|\n|-heal|p1a: Shuckle|94\/100|[from] item: Leftovers\n|-damage|p1a: Shuckle|82\/100|[from] Leech Seed|[of] p2a: Ferrothorn\n|upkeep\n|turn|5\n|\n|t:|1700742467\n|switch|p2a: Great Tusk|Great Tusk|100\/100\n|-activate|p2a: Great Tusk|move: Sticky Web\n|-unboost|p2a: Great Tusk|spe|1\n|-enditem|p2a: Great Tusk|Booster Energy\n|-activate|p2a: Great Tusk|ability: Protosynthesis|[fromitem]\n|-start|p2a: Great Tusk|protosynthesisatk\n|move|p1a: Shuckle|Stealth Rock|p2a: Great Tusk\n|-sidestart|p2: Asadlion|move: Stealth Rock\n|\n|-heal|p1a: Shuckle|88\/100|[from] item: Leftovers\n|-damage|p1a: Shuckle|76\/100|[from] Leech Seed|[of] p2a: Great Tusk\n|upkeep\n|turn|6\n|\n|t:|1700742474\n|move|p2a: Great Tusk|Rapid Spin|p1a: Shuckle\n|-resisted|p1a: Shuckle\n|-damage|p1a: Shuckle|67\/100\n|-boost|p2a: Great Tusk|spe|1\n|-sideend|p2: Asadlion|Stealth Rock|[from] move: Rapid Spin|[of] p2a: Great Tusk\n|-sideend|p2: Asadlion|Sticky Web|[from] move: Rapid Spin|[of] p2a: Great Tusk\n|move|p1a: Shuckle|Encore|p2a: Great Tusk\n|-start|p2a: Great Tusk|Encore\n|\n|-heal|p1a: Shuckle|73\/100|[from] item: Leftovers\n|-damage|p1a: Shuckle|61\/100|[from] Leech Seed|[of] p2a: Great Tusk\n|upkeep\n|turn|7\n|\n|t:|1700742489\n|switch|p1a: Gliscor|Gliscor, F|100\/100\n|move|p2a: Great Tusk|Rapid Spin|p1a: Gliscor\n|-damage|p1a: Gliscor|74\/100\n|-boost|p2a: Great Tusk|spe|1\n|\n|-status|p1a: Gliscor|tox|[from] item: Toxic Orb\n|upkeep\n|turn|8\n|\n|t:|1700742500\n|-terastallize|p1a: Gliscor|Water\n|move|p1a: Gliscor|Crabhammer|p2a: Great Tusk\n|-supereffective|p2a: Great Tusk\n|-damage|p2a: Great Tusk|45\/100\n|move|p2a: Great Tusk|Rapid Spin|p1a: Gliscor\n|-damage|p1a: Gliscor|48\/100 tox\n|-boost|p2a: Great Tusk|spe|1\n|\n|-heal|p1a: Gliscor|60\/100 tox|[from] ability: Poison Heal\n|upkeep\n|turn|9\n|\n|t:|1700742514\n|-terastallize|p2a: Great Tusk|Ice\n|move|p2a: Great Tusk|Rapid Spin|p1a: Gliscor\n|-damage|p1a: Gliscor|34\/100 tox\n|-boost|p2a: Great Tusk|spe|1\n|move|p1a: Gliscor|Crabhammer|p2a: Great Tusk\n|-crit|p2a: Great Tusk\n|-damage|p2a: Great Tusk|9\/100\n|\n|-heal|p1a: Gliscor|47\/100 tox|[from] ability: Poison Heal\n|-end|p2a: Great Tusk|Encore\n|upkeep\n|turn|10\n|inactive|Asadlion has 270 seconds left.\n|\n|t:|1700742548\n|move|p2a: Great Tusk|Ice Spinner|p1a: Gliscor\n|-resisted|p1a: Gliscor\n|-damage|p1a: Gliscor|19\/100 tox\n|move|p1a: Gliscor|Earthquake|p2a: Great Tusk\n|-damage|p2a: Great Tusk|0 fnt\n|faint|p2a: Great Tusk\n|-end|p2a: Great Tusk|Protosynthesis|[silent]\n|\n|-heal|p1a: Gliscor|31\/100 tox|[from] ability: Poison Heal\n|upkeep\n|inactive|Asadlion has 270 seconds left.\n|\n|t:|1700742557\n|switch|p2a: Lopunny|Lopunny-Mega, M|100\/100 par\n|turn|11\n|\n|t:|1700742565\n|switch|p1a: Shuckle|Shuckle, F|61\/100\n|move|p2a: Lopunny|Fake Out|p1a: Shuckle\n|-resisted|p1a: Shuckle\n|-damage|p1a: Shuckle|53\/100\n|\n|-heal|p1a: Shuckle|59\/100|[from] item: Leftovers\n|upkeep\n|turn|12\n|\n|t:|1700742574\n|move|p2a: Lopunny|Close Combat|p1a: Shuckle\n|-damage|p1a: Shuckle|12\/100\n|-unboost|p2a: Lopunny|def|1\n|-unboost|p2a: Lopunny|spd|1\n|move|p1a: Shuckle|Encore|p2a: Lopunny\n|-start|p2a: Lopunny|Encore\n|\n|-heal|p1a: Shuckle|18\/100|[from] item: Leftovers\n|upkeep\n|turn|13\n|inactive|mantidfly has 270 seconds left.\n|\n|t:|1700742613\n|switch|p1a: Thundurus|Thundurus-Therian, M|100\/100\n|move|p2a: Lopunny|Close Combat|p1a: Thundurus\n|-resisted|p1a: Thundurus\n|-damage|p1a: Thundurus|53\/100\n|-unboost|p2a: Lopunny|def|1\n|-unboost|p2a: Lopunny|spd|1\n|\n|upkeep\n|turn|14\n|inactive|mantidfly has 270 seconds left.\n|\n|t:|1700742622\n|switch|p2a: Ferrothorn|Ferrothorn, F|100\/100\n|move|p1a: Thundurus|Thunderbolt|p2a: Ferrothorn\n|-resisted|p2a: Ferrothorn\n|-damage|p2a: Ferrothorn|72\/100\n|-damage|p1a: Thundurus|44\/100|[from] item: Life Orb\n|\n|-heal|p2a: Ferrothorn|79\/100|[from] item: Leftovers\n|upkeep\n|turn|15\n|\n|t:|1700742630\n|move|p1a: Thundurus|Focus Blast|p2a: Ferrothorn\n|-supereffective|p2a: Ferrothorn\n|-damage|p2a: Ferrothorn|0 fnt\n|faint|p2a: Ferrothorn\n|-damage|p1a: Thundurus|34\/100|[from] item: Life Orb\n|\n|upkeep\n|\n|t:|1700742641\n|switch|p2a: Dragonite|Dragonite, F|100\/100\n|turn|16\n|\n|t:|1700742651\n|move|p1a: Thundurus|Hidden Power|p2a: Dragonite\n|-supereffective|p2a: Dragonite\n|-damage|p2a: Dragonite|0 fnt\n|faint|p2a: Dragonite\n|-damage|p1a: Thundurus|24\/100|[from] item: Life Orb\n|\n|upkeep\n|\n|t:|1700742666\n|switch|p2a: Tapu Lele|Tapu Lele|100\/100\n|-fieldstart|move: Psychic Terrain|[from] ability: Psychic Surge|[of] p2a: Tapu Lele\n|turn|17\n|\n|t:|1700742674\n|move|p2a: Tapu Lele|Energy Ball|p1a: Thundurus\n|-resisted|p1a: Thundurus\n|-damage|p1a: Thundurus|5\/100\n|move|p1a: Thundurus|Flash Cannon|p2a: Tapu Lele\n|-supereffective|p2a: Tapu Lele\n|-damage|p2a: Tapu Lele|20\/100\n|-damage|p1a: Thundurus|0 fnt|[from] item: Life Orb\n|faint|p1a: Thundurus\n|\n|upkeep\n|\n|t:|1700742687\n|switch|p1a: Bal Chagi|Quaquaval, M|100\/100\n|turn|18\n|\n|t:|1700742702\n|switch|p1a: Gliscor|Gliscor, F, tera:Water|31\/100 tox\n|move|p2a: Tapu Lele|Energy Ball|p1a: Gliscor\n|-supereffective|p1a: Gliscor\n|-damage|p1a: Gliscor|0 fnt\n|faint|p1a: Gliscor\n|\n|upkeep\n|inactive|mantidfly has 270 seconds left.\n|\n|t:|1700742718\n|switch|p1a: Zapdos|Zapdos|72\/100\n|turn|19\n|\n|t:|1700742725\n|switch|p2a: Lopunny|Lopunny-Mega, M|100\/100 par\n|move|p1a: Zapdos|Thunder|p2a: Lopunny\n|-damage|p2a: Lopunny|31\/100 par\n|\n|upkeep\n|turn|20\n|\n|t:|1700742732\n|move|p1a: Zapdos|Hurricane|p2a: Lopunny|[miss]\n|-miss|p1a: Zapdos|p2a: Lopunny\n|move|p2a: Lopunny|Return|p1a: Zapdos\n|-damage|p1a: Zapdos|10\/100\n|\n|upkeep\n|turn|21\n|\n|t:|1700742745\n|switch|p2a: Victini|Victini|100\/100\n|move|p1a: Zapdos|Hurricane|p2a: Victini\n|-damage|p2a: Victini|46\/100\n|-start|p2a: Victini|confusion\n|\n|-fieldend|move: Psychic Terrain\n|upkeep\n|turn|22\n|\n|t:|1700742759\n|switch|p1a: Shuckle|Shuckle, F|18\/100\n|-activate|p2a: Victini|confusion\n|move|p2a: Victini|U-turn|p1a: Shuckle\n|-damage|p1a: Shuckle|5\/100\n|\n|t:|1700742767\n|switch|p2a: Lopunny|Lopunny-Mega, M|31\/100 par|[from] U-turn\n|\n|-heal|p1a: Shuckle|11\/100|[from] item: Leftovers\n|upkeep\n|turn|23\n|\n|t:|1700742773\n|cant|p2a: Lopunny|par\n|move|p1a: Shuckle|Sticky Web|p2a: Lopunny\n|-sidestart|p2: Asadlion|move: Sticky Web\n|\n|-heal|p1a: Shuckle|17\/100|[from] item: Leftovers\n|upkeep\n|turn|24\n|\n|t:|1700742785\n|move|p2a: Lopunny|Return|p1a: Shuckle\n|-resisted|p1a: Shuckle\n|-damage|p1a: Shuckle|0 fnt\n|faint|p1a: Shuckle\n|\n|upkeep\n|\n|t:|1700742791\n|switch|p1a: Bal Chagi|Quaquaval, M|100\/100\n|turn|25\n|\n|t:|1700742796\n|move|p1a: Bal Chagi|Aqua Step|p2a: Lopunny\n|-damage|p2a: Lopunny|0 fnt\n|-boost|p1a: Bal Chagi|spe|1\n|faint|p2a: Lopunny\n|-ability|p1a: Bal Chagi|Moxie|boost\n|-boost|p1a: Bal Chagi|atk|1\n|\n|upkeep\n|\n|t:|1700742800\n|switch|p2a: Tapu Lele|Tapu Lele|20\/100\n|-activate|p2a: Tapu Lele|move: Sticky Web\n|-unboost|p2a: Tapu Lele|spe|1\n|-fieldstart|move: Psychic Terrain|[from] ability: Psychic Surge|[of] p2a: Tapu Lele\n|turn|26\n|\n|t:|1700742807\n|move|p1a: Bal Chagi|Aqua Step|p2a: Tapu Lele\n|-damage|p2a: Tapu Lele|0 fnt\n|-boost|p1a: Bal Chagi|spe|1\n|faint|p2a: Tapu Lele\n|-ability|p1a: Bal Chagi|Moxie|boost\n|-boost|p1a: Bal Chagi|atk|1\n|\n|upkeep\n|\n|t:|1700742810\n|switch|p2a: Victini|Victini|46\/100\n|-activate|p2a: Victini|move: Sticky Web\n|-unboost|p2a: Victini|spe|1\n|turn|27\n|\n|t:|1700742814\n|move|p2a: Victini|Quick Attack|p1a: Bal Chagi\n|-activate|p1a: Bal Chagi|move: Psychic Terrain\n|move|p1a: Bal Chagi|Aqua Step|p2a: Victini\n|-supereffective|p2a: Victini\n|-damage|p2a: Victini|0 fnt\n|-boost|p1a: Bal Chagi|spe|1\n|faint|p2a: Victini\n|\n|win|mantidfly\n","uploadtime":1700742822,"views":2,"p1id":"mantidfly","p2id":"asadlion","formatid":"gen9nationaldex","rating":0,"private":0,"password":""}