{"id":"gen9nationaldex-1989205305","p1":"mastro uccello","p2":"Hammy_TF","format":"[Gen 9] National Dex","log":"|j|\u2606mastro uccello\n|j|\u2606Hammy_TF\n|t:|1699823240\n|gametype|singles\n|player|p1|mastro uccello|guitarist-gen4|1334\n|player|p2|Hammy_TF|cilan|1352\n|teamsize|p1|6\n|teamsize|p2|6\n|gen|9\n|tier|[Gen 9] National Dex\n|rated|\n|rule|HP Percentage Mod: HP is shown in percentages\n|rule|Endless Battle Clause: Forcing endless battles is banned\n|rule|OHKO Clause: OHKO moves are banned\n|rule|Evasion Clause: Evasion abilities, items, and moves are banned\n|rule|Evasion Abilities Clause: Evasion abilities are banned\n|rule|Evasion Items Clause: Evasion items are banned\n|rule|Evasion Moves Clause: Evasion moves are banned\n|rule|Species Clause: Limit one of each Pok\u00e9mon\n|rule|Sleep Clause Mod: Limit one foe put to sleep\n|clearpoke\n|poke|p1|Ursaluna, M|\n|poke|p1|Azumarill, M|\n|poke|p1|Psyduck, F|\n|poke|p1|Thievul, M|\n|poke|p1|Gengar, M|\n|poke|p1|Dusknoir, M|\n|poke|p2|Greninja-*, M|\n|poke|p2|Cinderace, M|\n|poke|p2|Gliscor, M|\n|poke|p2|Iron Valiant|\n|poke|p2|Ferrothorn, F|\n|poke|p2|Alomomola, F|\n|teampreview\n|inactive|Battle timer is ON: inactive players will automatically lose when time's up. (requested by mastro uccello)\n|c|\u2606Hammy_TF|yooo I fw your team\n|\n|t:|1699823267\n|start\n|switch|p1a: Bonnie|Azumarill, M|100\/100\n|switch|p2a: Ferrothorn|Ferrothorn, F|100\/100\n|turn|1\n|\n|t:|1699823271\n|move|p1a: Bonnie|Power-Up Punch|p2a: Ferrothorn\n|-supereffective|p2a: Ferrothorn\n|-damage|p2a: Ferrothorn|77\/100\n|-boost|p1a: Bonnie|atk|1\n|-damage|p1a: Bonnie|88\/100|[from] ability: Iron Barbs|[of] p2a: Ferrothorn\n|move|p2a: Ferrothorn|Thunder Wave|p1a: Bonnie\n|-status|p1a: Bonnie|par\n|\n|-heal|p2a: Ferrothorn|83\/100|[from] item: Leftovers\n|upkeep\n|turn|2\n|\n|t:|1699823278\n|move|p2a: Ferrothorn|Leech Seed|p1a: Bonnie\n|-start|p1a: Bonnie|move: Leech Seed\n|move|p1a: Bonnie|Power-Up Punch|p2a: Ferrothorn\n|-supereffective|p2a: Ferrothorn\n|-damage|p2a: Ferrothorn|52\/100\n|-boost|p1a: Bonnie|atk|1\n|-damage|p1a: Bonnie|76\/100 par|[from] ability: Iron Barbs|[of] p2a: Ferrothorn\n|\n|-heal|p2a: Ferrothorn|58\/100|[from] item: Leftovers\n|-damage|p1a: Bonnie|63\/100 par|[from] Leech Seed|[of] p2a: Ferrothorn\n|-heal|p2a: Ferrothorn|72\/100|[silent]\n|upkeep\n|turn|3\n|\n|t:|1699823286\n|move|p2a: Ferrothorn|Protect|p2a: Ferrothorn\n|-singleturn|p2a: Ferrothorn|Protect\n|cant|p1a: Bonnie|par\n|\n|-heal|p2a: Ferrothorn|78\/100|[from] item: Leftovers\n|-damage|p1a: Bonnie|51\/100 par|[from] Leech Seed|[of] p2a: Ferrothorn\n|-heal|p2a: Ferrothorn|93\/100|[silent]\n|upkeep\n|turn|4\n|\n|t:|1699823292\n|move|p2a: Ferrothorn|Power Whip|p1a: Bonnie\n|-supereffective|p1a: Bonnie\n|-damage|p1a: Bonnie|0 fnt\n|faint|p1a: Bonnie\n|\n|-heal|p2a: Ferrothorn|99\/100|[from] item: Leftovers\n|upkeep\n|\n|t:|1699823302\n|switch|p1a: Freddy|Ursaluna, M|100\/100\n|turn|5\n|\n|t:|1699823306\n|move|p1a: Freddy|Bulk Up|p1a: Freddy\n|-boost|p1a: Freddy|atk|1\n|-boost|p1a: Freddy|def|1\n|move|p2a: Ferrothorn|Leech Seed|p1a: Freddy\n|-start|p1a: Freddy|move: Leech Seed\n|\n|-heal|p2a: Ferrothorn|100\/100|[from] item: Leftovers\n|-damage|p1a: Freddy|88\/100|[from] Leech Seed|[of] p2a: Ferrothorn\n|-status|p1a: Freddy|brn|[from] item: Flame Orb\n|upkeep\n|turn|6\n|\n|t:|1699823312\n|move|p2a: Ferrothorn|Protect|p2a: Ferrothorn\n|-singleturn|p2a: Ferrothorn|Protect\n|move|p1a: Freddy|Bulk Up|p1a: Freddy\n|-boost|p1a: Freddy|atk|1\n|-boost|p1a: Freddy|def|1\n|\n|-damage|p1a: Freddy|76\/100 brn|[from] Leech Seed|[of] p2a: Ferrothorn\n|-damage|p1a: Freddy|70\/100 brn|[from] brn\n|upkeep\n|turn|7\n|\n|t:|1699823319\n|-terastallize|p2a: Ferrothorn|Ghost\n|move|p1a: Freddy|Drain Punch|p2a: Ferrothorn\n|-immune|p2a: Ferrothorn\n|move|p2a: Ferrothorn|Power Whip|p1a: Freddy\n|-supereffective|p1a: Freddy\n|-damage|p1a: Freddy|43\/100 brn\n|\n|-damage|p1a: Freddy|31\/100 brn|[from] Leech Seed|[of] p2a: Ferrothorn\n|-damage|p1a: Freddy|25\/100 brn|[from] brn\n|upkeep\n|turn|8\n|\n|t:|1699823327\n|move|p1a: Freddy|Earthquake|p2a: Ferrothorn\n|-damage|p2a: Ferrothorn|0 fnt\n|faint|p2a: Ferrothorn\n|\n|-damage|p1a: Freddy|19\/100 brn|[from] brn\n|upkeep\n|\n|t:|1699823329\n|switch|p2a: Greninja|Greninja, M|100\/100\n|turn|9\n|\n|t:|1699823335\n|switch|p1a: Chica|Psyduck, F|100\/100\n|-ability|p1a: Chica|Cloud Nine\n|move|p2a: Greninja|Water Shuriken|p1a: Chica\n|-resisted|p1a: Chica\n|-damage|p1a: Chica|95\/100\n|-resisted|p1a: Chica\n|-damage|p1a: Chica|88\/100\n|-resisted|p1a: Chica\n|-damage|p1a: Chica|81\/100\n|-hitcount|p1a: Chica|3\n|\n|upkeep\n|turn|10\n|\n|t:|1699823344\n|switch|p2a: Alomomola|Alomomola, F|100\/100\n|move|p1a: Chica|Flip Turn|p2a: Alomomola\n|-resisted|p2a: Alomomola\n|-damage|p2a: Alomomola|97\/100\n|\n|t:|1699823347\n|switch|p1a: Freddy|Ursaluna, M|19\/100 brn|[from] Flip Turn\n|\n|-damage|p1a: Freddy|13\/100 brn|[from] brn\n|upkeep\n|turn|11\n|\n|t:|1699823354\n|move|p2a: Alomomola|Flip Turn|p1a: Freddy\n|-supereffective|p1a: Freddy\n|-damage|p1a: Freddy|0 fnt\n|faint|p1a: Freddy\n|\n|t:|1699823357\n|switch|p2a: Gliscor|Gliscor, M|100\/100|[from] Flip Turn\n|\n|-status|p2a: Gliscor|tox|[from] item: Toxic Orb\n|upkeep\n|\n|t:|1699823363\n|switch|p1a: Foxy|Thievul, M|100\/100\n|turn|12\n|\n|t:|1699823368\n|move|p1a: Foxy|Nasty Plot|p1a: Foxy\n|-boost|p1a: Foxy|spa|2\n|move|p2a: Gliscor|Toxic|p1a: Foxy\n|-status|p1a: Foxy|tox\n|\n|-damage|p1a: Foxy|94\/100 tox|[from] psn\n|upkeep\n|turn|13\n|\n|t:|1699823372\n|move|p1a: Foxy|Dark Pulse|p2a: Gliscor\n|-damage|p2a: Gliscor|33\/100 tox\n|-damage|p1a: Foxy|84\/100 tox|[from] item: Life Orb\n|cant|p2a: Gliscor|flinch\n|\n|-damage|p1a: Foxy|72\/100 tox|[from] psn\n|-heal|p2a: Gliscor|45\/100 tox|[from] ability: Poison Heal\n|upkeep\n|turn|14\n|\n|t:|1699823381\n|switch|p2a: Alomomola|Alomomola, F|100\/100\n|move|p1a: Foxy|Dark Pulse|p2a: Alomomola\n|-damage|p2a: Alomomola|0 fnt\n|faint|p2a: Alomomola\n|-damage|p1a: Foxy|62\/100 tox|[from] item: Life Orb\n|\n|-damage|p1a: Foxy|44\/100 tox|[from] psn\n|upkeep\n|\n|t:|1699823387\n|switch|p2a: Greninja|Greninja, M|100\/100\n|turn|15\n|\n|t:|1699823400\n|switch|p1a: Chica|Psyduck, F|81\/100\n|-ability|p1a: Chica|Cloud Nine\n|move|p2a: Greninja|Water Shuriken|p1a: Chica\n|-resisted|p1a: Chica\n|-damage|p1a: Chica|74\/100\n|-resisted|p1a: Chica\n|-damage|p1a: Chica|68\/100\n|-resisted|p1a: Chica\n|-damage|p1a: Chica|62\/100\n|-hitcount|p1a: Chica|3\n|\n|upkeep\n|turn|16\n|\n|t:|1699823413\n|switch|p2a: Iron Valiant|Iron Valiant|100\/100\n|move|p1a: Chica|Flip Turn|p2a: Iron Valiant\n|-damage|p2a: Iron Valiant|87\/100\n|\n|t:|1699823421\n|switch|p1a: Afton|Gengar, M|100\/100|[from] Flip Turn\n|\n|upkeep\n|turn|17\n|\n|t:|1699823427\n|move|p2a: Iron Valiant|Shadow Ball|p1a: Afton\n|-supereffective|p1a: Afton\n|-damage|p1a: Afton|10\/100\n|-unboost|p1a: Afton|spd|1\n|move|p1a: Afton|Sludge Wave|p2a: Iron Valiant\n|-supereffective|p2a: Iron Valiant\n|-damage|p2a: Iron Valiant|0 fnt\n|faint|p2a: Iron Valiant\n|-end|p2a: Iron Valiant|Quark Drive|[silent]\n|\n|upkeep\n|\n|t:|1699823430\n|switch|p2a: Greninja|Greninja, M|100\/100\n|turn|18\n|\n|t:|1699823433\n|switch|p1a: Chica|Psyduck, F|62\/100\n|-ability|p1a: Chica|Cloud Nine\n|move|p2a: Greninja|Grass Knot|p1a: Chica\n|-supereffective|p1a: Chica\n|-damage|p1a: Chica|15\/100\n|\n|upkeep\n|turn|19\n|\n|t:|1699823446\n|move|p2a: Greninja|Grass Knot|p1a: Chica\n|-supereffective|p1a: Chica\n|-damage|p1a: Chica|0 fnt\n|faint|p1a: Chica\n|-ability|p2a: Greninja|Battle Bond|boost\n|-boost|p2a: Greninja|atk|1\n|-boost|p2a: Greninja|spa|1\n|-boost|p2a: Greninja|spe|1\n|-activate|p2a: Greninja|ability: Battle Bond\n|\n|upkeep\n|\n|t:|1699823454\n|switch|p1a: Foxy|Thievul, M|44\/100 tox\n|turn|20\n|\n|t:|1699823458\n|switch|p2a: Gliscor|Gliscor, M|45\/100 tox\n|move|p1a: Foxy|Parting Shot|p2a: Gliscor\n|-unboost|p2a: Gliscor|atk|1\n|-unboost|p2a: Gliscor|spa|1\n|\n|t:|1699823460\n|switch|p1a: Afton|Gengar, M|10\/100|[from] Parting Shot\n|\n|-heal|p2a: Gliscor|58\/100 tox|[from] ability: Poison Heal\n|upkeep\n|turn|21\n|\n|t:|1699823466\n|move|p1a: Afton|Shadow Ball|p2a: Gliscor\n|-damage|p2a: Gliscor|23\/100 tox\n|move|p2a: Gliscor|Earthquake|p1a: Afton\n|-supereffective|p1a: Afton\n|-damage|p1a: Afton|0 fnt\n|faint|p1a: Afton\n|\n|-heal|p2a: Gliscor|36\/100 tox|[from] ability: Poison Heal\n|upkeep\n|\n|t:|1699823471\n|switch|p1a: Foxy|Thievul, M|44\/100 tox\n|turn|22\n|\n|t:|1699823476\n|move|p1a: Foxy|Dark Pulse|p2a: Gliscor\n|-damage|p2a: Gliscor|0 fnt\n|faint|p2a: Gliscor\n|-damage|p1a: Foxy|34\/100 tox|[from] item: Life Orb\n|\n|-damage|p1a: Foxy|28\/100 tox|[from] psn\n|upkeep\n|\n|t:|1699823478\n|switch|p2a: Cinderace|Cinderace, M|100\/100\n|turn|23\n|\n|t:|1699823482\n|move|p2a: Cinderace|Pyro Ball|p1a: Foxy\n|-damage|p1a: Foxy|0 fnt\n|faint|p1a: Foxy\n|\n|upkeep\n|\n|t:|1699823484\n|switch|p1a: Nightmare|Dusknoir, M|100\/100\n|-ability|p1a: Nightmare|Pressure\n|turn|24\n|\n|t:|1699823486\n|move|p2a: Cinderace|Pyro Ball|p1a: Nightmare\n|-damage|p1a: Nightmare|49\/100\n|move|p1a: Nightmare|Pain Split|p2a: Cinderace\n|-sethp|p2a: Cinderace|69\/100|[from] move: Pain Split|[silent]\n|-sethp|p1a: Nightmare|90\/100|[from] move: Pain Split\n|\n|-heal|p1a: Nightmare|96\/100|[from] item: Leftovers\n|upkeep\n|turn|25\n|\n|t:|1699823495\n|move|p2a: Cinderace|Pyro Ball|p1a: Nightmare\n|-damage|p1a: Nightmare|41\/100\n|move|p1a: Nightmare|Pain Split|p2a: Cinderace\n|-sethp|p2a: Cinderace|50\/100|[from] move: Pain Split|[silent]\n|-sethp|p1a: Nightmare|65\/100|[from] move: Pain Split\n|\n|-heal|p1a: Nightmare|71\/100|[from] item: Leftovers\n|upkeep\n|turn|26\n|\n|t:|1699823504\n|move|p2a: Cinderace|Pyro Ball|p1a: Nightmare\n|-damage|p1a: Nightmare|13\/100\n|move|p1a: Nightmare|Night Shade|p2a: Cinderace\n|-damage|p2a: Cinderace|17\/100\n|\n|-heal|p1a: Nightmare|19\/100|[from] item: Leftovers\n|upkeep\n|turn|27\n|\n|t:|1699823510\n|move|p1a: Nightmare|Shadow Sneak|p2a: Cinderace\n|-damage|p2a: Cinderace|0 fnt\n|faint|p2a: Cinderace\n|\n|-heal|p1a: Nightmare|25\/100|[from] item: Leftovers\n|upkeep\n|\n|t:|1699823512\n|switch|p2a: Greninja|Greninja, M|100\/100\n|turn|28\n|\n|t:|1699823519\n|-terastallize|p1a: Nightmare|Fairy\n|move|p2a: Greninja|Water Shuriken|p1a: Nightmare\n|-damage|p1a: Nightmare|16\/100\n|-damage|p1a: Nightmare|7\/100\n|-hitcount|p1a: Nightmare|2\n|move|p1a: Nightmare|Pain Split|p2a: Greninja\n|-sethp|p2a: Greninja|53\/100|[from] move: Pain Split|[silent]\n|-sethp|p1a: Nightmare|65\/100|[from] move: Pain Split\n|\n|-heal|p1a: Nightmare|71\/100|[from] item: Leftovers\n|upkeep\n|turn|29\n|\n|t:|1699823531\n|move|p2a: Greninja|Water Shuriken|p1a: Nightmare\n|-damage|p1a: Nightmare|62\/100\n|-damage|p1a: Nightmare|52\/100\n|-hitcount|p1a: Nightmare|2\n|move|p1a: Nightmare|Night Shade|p2a: Greninja\n|-damage|p2a: Greninja|18\/100\n|\n|-heal|p1a: Nightmare|59\/100|[from] item: Leftovers\n|upkeep\n|turn|30\n|-message|Hammy_TF forfeited.\n|\n|win|mastro uccello\n|raw|mastro uccello's rating: 1334 &rarr; <strong>1355<\/strong><br \/>(+21 for winning)\n|raw|Hammy_TF's rating: 1352 &rarr; <strong>1331<\/strong><br \/>(-21 for losing)\n|l|\u2606Hammy_TF\n","uploadtime":1699823551,"views":18,"p1id":"mastrouccello","p2id":"hammytf","formatid":"gen9nationaldex","rating":1331,"private":0,"password":""}