{"id":"gen9nationaldex-1992548369","p1":"JuzOzuj","p2":"OnlyPyper","format":"[Gen 9] National Dex","log":"|j|\u2606JuzOzuj\n|j|\u2606OnlyPyper\n|t:|1700203671\n|gametype|singles\n|player|p1|JuzOzuj|169|\n|player|p2|OnlyPyper|shauntal|\n|teamsize|p1|6\n|teamsize|p2|6\n|gen|9\n|tier|[Gen 9] National Dex\n|rule|HP Percentage Mod: HP is shown in percentages\n|rule|Endless Battle Clause: Forcing endless battles is banned\n|rule|OHKO Clause: OHKO moves are banned\n|rule|Evasion Clause: Evasion abilities, items, and moves are banned\n|rule|Evasion Abilities Clause: Evasion abilities are banned\n|rule|Evasion Items Clause: Evasion items are banned\n|rule|Evasion Moves Clause: Evasion moves are banned\n|rule|Species Clause: Limit one of each Pok\u00e9mon\n|rule|Sleep Clause Mod: Limit one foe put to sleep\n|clearpoke\n|poke|p1|Pelipper, F|\n|poke|p1|Floatzel, F|\n|poke|p1|Swampert, F|\n|poke|p1|Ferrothorn, M|\n|poke|p1|Thundurus-Therian, M|\n|poke|p1|Dragalge, F|\n|poke|p2|Torkoal, F|\n|poke|p2|Exeggutor, M|\n|poke|p2|Tapu Lele|\n|poke|p2|Great Tusk|\n|poke|p2|Victini|\n|poke|p2|Houndoom, F|\n|teampreview\n|c|\u2606JuzOzuj|Uy\n|c|\u2606OnlyPyper|UwU\n|c|\u2606JuzOzuj|eso si va a ser ekisde\n|c|\u2606JuzOzuj|XD\n|c|\u2606JuzOzuj|suerte\n|c|\u2606OnlyPyper|Suerte\n|\n|t:|1700203690\n|start\n|switch|p1a: Yul|Floatzel, F|100\/100\n|switch|p2a: Victini|Victini|100\/100\n|turn|1\n|\n|t:|1700203701\n|switch|p2a: Torkoal|Torkoal, F|100\/100\n|-weather|SunnyDay|[from] ability: Drought|[of] p2a: Torkoal\n|-terastallize|p1a: Yul|Water\n|move|p1a: Yul|Wave Crash|p2a: Torkoal\n|-supereffective|p2a: Torkoal\n|-damage|p2a: Torkoal|24\/100\n|-damage|p1a: Yul|73\/100|[from] Recoil\n|\n|-weather|SunnyDay|[upkeep]\n|upkeep\n|turn|2\n|\n|t:|1700203705\n|switch|p2a: Great Tusk|Great Tusk|100\/100\n|-activate|p2a: Great Tusk|ability: Protosynthesis\n|-start|p2a: Great Tusk|protosynthesisdef\n|move|p1a: Yul|Wave Crash|p2a: Great Tusk\n|-supereffective|p2a: Great Tusk\n|-damage|p2a: Great Tusk|60\/100\n|-damage|p1a: Yul|55\/100|[from] Recoil\n|\n|-weather|SunnyDay|[upkeep]\n|-heal|p2a: Great Tusk|67\/100|[from] item: Leftovers\n|upkeep\n|turn|3\n|\n|t:|1700203714\n|switch|p1a: Pelipepe|Pelipper, F|100\/100\n|-weather|RainDance|[from] ability: Drizzle|[of] p1a: Pelipepe\n|-end|p2a: Great Tusk|Protosynthesis\n|move|p2a: Great Tusk|Knock Off|p1a: Pelipepe\n|-damage|p1a: Pelipepe|78\/100\n|-enditem|p1a: Pelipepe|Damp Rock|[from] move: Knock Off|[of] p2a: Great Tusk\n|\n|-weather|RainDance|[upkeep]\n|-heal|p2a: Great Tusk|73\/100|[from] item: Leftovers\n|upkeep\n|turn|4\n|\n|t:|1700203734\n|-end|p2a: Great Tusk|Protosynthesis|[silent]\n|switch|p2a: Tapu Lele|Tapu Lele, shiny|100\/100\n|-fieldstart|move: Psychic Terrain|[from] ability: Psychic Surge|[of] p2a: Tapu Lele\n|move|p1a: Pelipepe|Scald|p2a: Tapu Lele\n|-damage|p2a: Tapu Lele|58\/100\n|\n|-weather|RainDance|[upkeep]\n|upkeep\n|turn|5\n|\n|t:|1700203746\n|switch|p2a: Torkoal|Torkoal, F|24\/100\n|-weather|SunnyDay|[from] ability: Drought|[of] p2a: Torkoal\n|switch|p1a: Ferros|Ferrothorn, M|100\/100\n|\n|-weather|SunnyDay|[upkeep]\n|upkeep\n|turn|6\n|c|\u2606JuzOzuj|que perreeee\n|c|\u2606JuzOzuj|me la hizo\n|c|\u2606OnlyPyper|UwU\n|\n|t:|1700203770\n|switch|p2a: Victini|Victini|100\/100\n|switch|p1a: Pelipepe|Pelipper, F|78\/100\n|-weather|RainDance|[from] ability: Drizzle|[of] p1a: Pelipepe\n|\n|-weather|RainDance|[upkeep]\n|upkeep\n|turn|7\n|\n|t:|1700203784\n|switch|p1a: Kusuri On Drugs|Dragalge, F, shiny|100\/100\n|move|p2a: Victini|Zen Headbutt|p1a: Kusuri On Drugs\n|-supereffective|p1a: Kusuri On Drugs\n|-damage|p1a: Kusuri On Drugs|0 fnt\n|faint|p1a: Kusuri On Drugs\n|\n|-weather|RainDance|[upkeep]\n|upkeep\n|\n|t:|1700203791\n|switch|p1a: Yul|Floatzel, F, tera:Water|55\/100\n|turn|8\n|\n|t:|1700203814\n|switch|p2a: Houndoom|Houndoom, F|100\/100\n|move|p1a: Yul|Wave Crash|p2a: Houndoom\n|-supereffective|p2a: Houndoom\n|-damage|p2a: Houndoom|0 fnt\n|faint|p2a: Houndoom\n|-damage|p1a: Yul|24\/100|[from] Recoil\n|\n|-weather|RainDance|[upkeep]\n|-fieldend|move: Psychic Terrain\n|upkeep\n|\n|t:|1700203818\n|switch|p2a: Torkoal|Torkoal, F|24\/100\n|-weather|SunnyDay|[from] ability: Drought|[of] p2a: Torkoal\n|turn|9\n|\n|t:|1700203828\n|switch|p1a: Pelipepe|Pelipper, F|78\/100\n|-weather|RainDance|[from] ability: Drizzle|[of] p1a: Pelipepe\n|switch|p2a: Great Tusk|Great Tusk|73\/100\n|\n|-weather|RainDance|[upkeep]\n|-heal|p2a: Great Tusk|79\/100|[from] item: Leftovers\n|upkeep\n|turn|10\n|\n|t:|1700203839\n|-end|p2a: Great Tusk|Protosynthesis|[silent]\n|switch|p2a: Tapu Lele|Tapu Lele, shiny|58\/100\n|-fieldstart|move: Psychic Terrain|[from] ability: Psychic Surge|[of] p2a: Tapu Lele\n|move|p1a: Pelipepe|Scald|p2a: Tapu Lele\n|-damage|p2a: Tapu Lele|19\/100\n|\n|-weather|RainDance|[upkeep]\n|upkeep\n|turn|11\n|\n|t:|1700203847\n|move|p2a: Tapu Lele|Moonblast|p1a: Pelipepe\n|-damage|p1a: Pelipepe|14\/100\n|-unboost|p1a: Pelipepe|spa|1\n|move|p1a: Pelipepe|Scald|p2a: Tapu Lele\n|-damage|p2a: Tapu Lele|0 fnt\n|faint|p2a: Tapu Lele\n|\n|-weather|RainDance|[upkeep]\n|upkeep\n|c|\u2606JuzOzuj|toy loca\n|c|\u2606JuzOzuj|ashdgjasd\n|c|\u2606OnlyPyper|Lo s\u00e9\n|c|\u2606OnlyPyper|No tengo tbolt igual\n|\n|t:|1700203873\n|switch|p2a: Exeggutor|Exeggutor, M|100\/100\n|turn|12\n|\n|t:|1700203887\n|switch|p1a: Ferros|Ferrothorn, M|100\/100\n|move|p2a: Exeggutor|Expanding Force|p1a: Ferros\n|-resisted|p1a: Ferros\n|-damage|p1a: Ferros|50\/100\n|\n|-weather|RainDance|[upkeep]\n|upkeep\n|turn|13\n|\n|t:|1700203894\n|move|p2a: Exeggutor|Expanding Force|p1a: Ferros\n|-resisted|p1a: Ferros\n|-damage|p1a: Ferros|4\/100\n|move|p1a: Ferros|Knock Off|p2a: Exeggutor\n|-supereffective|p2a: Exeggutor\n|-damage|p2a: Exeggutor|47\/100\n|-enditem|p2a: Exeggutor|Choice Specs|[from] move: Knock Off|[of] p1a: Ferros\n|\n|-weather|none\n|upkeep\n|turn|14\n|\n|t:|1700203903\n|move|p2a: Exeggutor|Expanding Force|p1a: Ferros\n|-resisted|p1a: Ferros\n|-damage|p1a: Ferros|0 fnt\n|faint|p1a: Ferros\n|\n|-fieldend|move: Psychic Terrain\n|upkeep\n|\n|t:|1700203915\n|switch|p1a: Pelipepe|Pelipper, F|14\/100\n|-weather|RainDance|[from] ability: Drizzle|[of] p1a: Pelipepe\n|turn|15\n|\n|t:|1700203922\n|switch|p1a: Rudus|Thundurus-Therian, M|100\/100\n|move|p2a: Exeggutor|Leaf Storm|p1a: Rudus\n|-resisted|p1a: Rudus\n|-damage|p1a: Rudus|53\/100\n|-unboost|p2a: Exeggutor|spa|2\n|\n|-weather|RainDance|[upkeep]\n|upkeep\n|turn|16\n|\n|t:|1700203934\n|switch|p2a: Torkoal|Torkoal, F|24\/100\n|-weather|SunnyDay|[from] ability: Drought|[of] p2a: Torkoal\n|move|p1a: Rudus|Weather Ball|p2a: Torkoal\n|-resisted|p2a: Torkoal\n|-damage|p2a: Torkoal|0 fnt\n|faint|p2a: Torkoal\n|\n|-weather|SunnyDay|[upkeep]\n|upkeep\n|\n|t:|1700203943\n|switch|p2a: Victini|Victini|100\/100\n|turn|17\n|\n|t:|1700203947\n|move|p1a: Rudus|Weather Ball|p2a: Victini\n|-resisted|p2a: Victini\n|-damage|p2a: Victini|60\/100\n|move|p2a: Victini|V-create|p1a: Rudus\n|-damage|p1a: Rudus|0 fnt\n|-unboost|p2a: Victini|spe|1\n|-unboost|p2a: Victini|def|1\n|-unboost|p2a: Victini|spd|1\n|faint|p1a: Rudus\n|\n|-weather|SunnyDay|[upkeep]\n|upkeep\n|\n|t:|1700203954\n|switch|p1a: Pelipepe|Pelipper, F|14\/100\n|-weather|RainDance|[from] ability: Drizzle|[of] p1a: Pelipepe\n|turn|18\n|\n|t:|1700203960\n|move|p2a: Victini|V-create|p1a: Pelipepe\n|-resisted|p1a: Pelipepe\n|-damage|p1a: Pelipepe|0 fnt\n|-unboost|p2a: Victini|spe|1\n|-unboost|p2a: Victini|def|1\n|-unboost|p2a: Victini|spd|1\n|faint|p1a: Pelipepe\n|\n|-weather|RainDance|[upkeep]\n|upkeep\n|\n|t:|1700203968\n|switch|p1a: Yul|Floatzel, F, tera:Water|24\/100\n|turn|19\n|\n|t:|1700203976\n|switch|p2a: Exeggutor|Exeggutor, M|47\/100\n|move|p1a: Yul|Wave Crash|p2a: Exeggutor\n|-resisted|p2a: Exeggutor\n|-damage|p2a: Exeggutor|0 fnt\n|faint|p2a: Exeggutor\n|-damage|p1a: Yul|7\/100|[from] Recoil\n|\n|-weather|RainDance|[upkeep]\n|upkeep\n|\n|t:|1700203982\n|switch|p2a: Great Tusk|Great Tusk|79\/100\n|turn|20\n|\n|t:|1700203987\n|-terastallize|p2a: Great Tusk|Water\n|move|p1a: Yul|Wave Crash|p2a: Great Tusk\n|-resisted|p2a: Great Tusk\n|-damage|p2a: Great Tusk|39\/100\n|-damage|p1a: Yul|0 fnt|[from] Recoil\n|faint|p1a: Yul\n|move|p2a: Great Tusk|Rapid Spin|p1: Yul|[notarget]\n|-fail|p2a: Great Tusk\n|\n|-weather|RainDance|[upkeep]\n|-heal|p2a: Great Tusk|45\/100|[from] item: Leftovers\n|upkeep\n|\n|t:|1700203997\n|switch|p1a: Awekening Petter|Swampert, F|100\/100\n|turn|21\n|\n|t:|1700204011\n|detailschange|p1a: Awekening Petter|Swampert-Mega, F\n|-mega|p1a: Awekening Petter|Swampert|Swampertite\n|move|p1a: Awekening Petter|Liquidation|p2a: Great Tusk\n|-resisted|p2a: Great Tusk\n|-damage|p2a: Great Tusk|27\/100\n|move|p2a: Great Tusk|Body Press|p1a: Awekening Petter\n|-damage|p1a: Awekening Petter|54\/100\n|\n|-weather|RainDance|[upkeep]\n|-heal|p2a: Great Tusk|33\/100|[from] item: Leftovers\n|upkeep\n|turn|22\n|\n|t:|1700204023\n|move|p1a: Awekening Petter|Earthquake|p2a: Great Tusk\n|-damage|p2a: Great Tusk|7\/100\n|move|p2a: Great Tusk|Body Press|p1a: Awekening Petter\n|-damage|p1a: Awekening Petter|11\/100\n|\n|-weather|none\n|-heal|p2a: Great Tusk|13\/100|[from] item: Leftovers\n|upkeep\n|turn|23\n|c|\u2606JuzOzuj|gg\n|c|\u2606OnlyPyper|Gg\n|\n|t:|1700204034\n|move|p1a: Awekening Petter|Earthquake|p2a: Great Tusk\n|-damage|p2a: Great Tusk|0 fnt\n|faint|p2a: Great Tusk\n|-end|p2a: Great Tusk|Protosynthesis|[silent]\n|\n|upkeep\n|c|\u2606JuzOzuj|estubo cerca\n|\n|t:|1700204039\n|switch|p2a: Victini|Victini|60\/100\n|turn|24\n|c|\u2606JuzOzuj|la regue\n|c|\u2606OnlyPyper|Fue muy importante ese Knock off al final jsjsjs uwu\n|c|\u2606JuzOzuj|no usando earthquake\n|c|\u2606JuzOzuj|Si fue\n|c|\u2606OnlyPyper|No importaba\n|c|\u2606OnlyPyper|Perdiste el clima igual\n|c|\u2606JuzOzuj|sep no importaba\n|c|\u2606JuzOzuj|yep\n|\n|t:|1700204083\n|move|p2a: Victini|V-create|p1a: Awekening Petter\n|-resisted|p1a: Awekening Petter\n|-damage|p1a: Awekening Petter|0 fnt\n|-unboost|p2a: Victini|spe|1\n|-unboost|p2a: Victini|def|1\n|-unboost|p2a: Victini|spd|1\n|faint|p1a: Awekening Petter\n|\n|win|OnlyPyper\n|c|\u2606OnlyPyper|Gg\n|c|\u2606JuzOzuj|gg\n","uploadtime":1700204093,"views":13,"p1id":"juzozuj","p2id":"onlypyper","formatid":"gen9nationaldex","rating":0,"private":0,"password":""}