{"id":"gen9nationaldex-1992396176","p1":"SanjaDreams","p2":"Hayarashii","format":"[Gen 9] National Dex","log":"|j|\u2606SanjaDreams\n|j|\u2606Hayarashii\n|t:|1700182698\n|gametype|singles\n|player|p1|SanjaDreams|allister|1107\n|player|p2|Hayarashii|ethan|1005\n|teamsize|p1|6\n|teamsize|p2|6\n|gen|9\n|tier|[Gen 9] National Dex\n|rated|\n|rule|HP Percentage Mod: HP is shown in percentages\n|rule|Endless Battle Clause: Forcing endless battles is banned\n|rule|OHKO Clause: OHKO moves are banned\n|rule|Evasion Clause: Evasion abilities, items, and moves are banned\n|rule|Evasion Abilities Clause: Evasion abilities are banned\n|rule|Evasion Items Clause: Evasion items are banned\n|rule|Evasion Moves Clause: Evasion moves are banned\n|rule|Species Clause: Limit one of each Pok\u00e9mon\n|rule|Sleep Clause Mod: Limit one foe put to sleep\n|clearpoke\n|poke|p1|Ninetales-Alola, F|\n|poke|p1|Glaceon, F|\n|poke|p1|Arctozolt|\n|poke|p1|Castform, M|\n|poke|p1|Eiscue, F|\n|poke|p1|Lopunny, M|\n|poke|p2|Vaporeon, M|\n|poke|p2|Togekiss, F|\n|poke|p2|Lucario, M|\n|poke|p2|Garchomp, M|\n|poke|p2|Volcarona, F|\n|poke|p2|Mismagius, M|\n|teampreview\n|\n|t:|1700182708\n|start\n|switch|p1a: Ninetales|Ninetales-Alola, F|100\/100\n|switch|p2a: Togekiss|Togekiss, F|100\/100\n|-weather|Snow|[from] ability: Snow Warning|[of] p1a: Ninetales\n|turn|1\n|\n|t:|1700182719\n|move|p1a: Ninetales|Blizzard|p2a: Togekiss\n|-supereffective|p2a: Togekiss\n|-crit|p2a: Togekiss\n|-damage|p2a: Togekiss|0 fnt\n|faint|p2a: Togekiss\n|\n|-weather|Snow|[upkeep]\n|upkeep\n|\n|t:|1700182727\n|switch|p2a: Volcarona|Volcarona, F|100\/100\n|turn|2\n|\n|t:|1700182731\n|move|p1a: Ninetales|Aurora Veil|p1a: Ninetales\n|-sidestart|p1: SanjaDreams|move: Aurora Veil\n|move|p2a: Volcarona|Overheat|p1a: Ninetales\n|-supereffective|p1a: Ninetales\n|-damage|p1a: Ninetales|22\/100\n|-unboost|p2a: Volcarona|spa|2\n|\n|-weather|Snow|[upkeep]\n|upkeep\n|turn|3\n|\n|t:|1700182744\n|move|p1a: Ninetales|Encore|p2a: Volcarona\n|-start|p2a: Volcarona|Encore\n|move|p2a: Volcarona|Overheat|p1a: Ninetales\n|-supereffective|p1a: Ninetales\n|-damage|p1a: Ninetales|0 fnt\n|-unboost|p2a: Volcarona|spa|2\n|faint|p1a: Ninetales\n|\n|-weather|Snow|[upkeep]\n|upkeep\n|\n|t:|1700182758\n|switch|p1a: just no.|Lopunny, M|100\/100\n|turn|4\n|\n|t:|1700182762\n|detailschange|p1a: just no.|Lopunny-Mega, M\n|-mega|p1a: just no.|Lopunny|Lopunnite\n|move|p1a: just no.|Fake Out|p2a: Volcarona\n|-damage|p2a: Volcarona|64\/100\n|cant|p2a: Volcarona|flinch\n|\n|-weather|Snow|[upkeep]\n|upkeep\n|turn|5\n|\n|t:|1700182772\n|switch|p2a: Mismagius|Mismagius, M|100\/100\n|move|p1a: just no.|Return|p2a: Mismagius\n|-damage|p2a: Mismagius|11\/100\n|\n|-weather|Snow|[upkeep]\n|-heal|p2a: Mismagius|18\/100|[from] item: Leftovers\n|upkeep\n|turn|6\n|\n|t:|1700182783\n|move|p1a: just no.|Return|p2a: Mismagius\n|-damage|p2a: Mismagius|0 fnt\n|faint|p2a: Mismagius\n|\n|-weather|Snow|[upkeep]\n|-sideend|p1: SanjaDreams|move: Aurora Veil\n|upkeep\n|\n|t:|1700182790\n|switch|p2a: Lucario|Lucario, M|100\/100\n|turn|7\n|\n|t:|1700182803\n|move|p2a: Lucario|Extreme Speed|p1a: just no.\n|-damage|p1a: just no.|66\/100\n|move|p1a: just no.|High Jump Kick|p2a: Lucario\n|-supereffective|p2a: Lucario\n|-damage|p2a: Lucario|0 fnt\n|faint|p2a: Lucario\n|\n|-weather|Snow|[upkeep]\n|upkeep\n|\n|t:|1700182815\n|switch|p2a: Garchomp|Garchomp, M, shiny|100\/100\n|turn|8\n|\n|t:|1700182820\n|move|p1a: just no.|Ice Punch|p2a: Garchomp\n|-supereffective|p2a: Garchomp\n|-damage|p2a: Garchomp|0 fnt\n|-damage|p1a: just no.|54\/100|[from] ability: Rough Skin|[of] p2a: Garchomp\n|faint|p2a: Garchomp\n|\n|-weather|none\n|upkeep\n|\n|t:|1700182828\n|switch|p2a: Vaporeon|Vaporeon, M|100\/100\n|turn|9\n|\n|t:|1700182835\n|switch|p1a: Arctozolt|Arctozolt|100\/100\n|move|p2a: Vaporeon|Blizzard|p1a: Arctozolt\n|-resisted|p1a: Arctozolt\n|-damage|p1a: Arctozolt|82\/100\n|\n|upkeep\n|turn|10\n|\n|t:|1700182843\n|move|p1a: Arctozolt|Bolt Beak|p2a: Vaporeon\n|-supereffective|p2a: Vaporeon\n|-damage|p2a: Vaporeon|0 fnt\n|faint|p2a: Vaporeon\n|\n|upkeep\n|\n|t:|1700182849\n|switch|p2a: Volcarona|Volcarona, F|64\/100\n|turn|11\n|\n|t:|1700182855\n|move|p2a: Volcarona|Overheat|p1a: Arctozolt\n|-supereffective|p1a: Arctozolt\n|-damage|p1a: Arctozolt|0 fnt\n|-unboost|p2a: Volcarona|spa|2\n|faint|p1a: Arctozolt\n|\n|upkeep\n|\n|t:|1700182858\n|switch|p1a: just no.|Lopunny-Mega, M|54\/100\n|turn|12\n|\n|t:|1700182864\n|move|p1a: just no.|Fake Out|p2a: Volcarona\n|-damage|p2a: Volcarona|29\/100\n|cant|p2a: Volcarona|flinch\n|\n|upkeep\n|turn|13\n|\n|t:|1700182871\n|move|p1a: just no.|High Jump Kick|p2a: Volcarona\n|-resisted|p2a: Volcarona\n|-damage|p2a: Volcarona|0 fnt\n|-status|p1a: just no.|brn|[from] ability: Flame Body|[of] p2a: Volcarona\n|faint|p2a: Volcarona\n|\n|win|SanjaDreams\n|raw|SanjaDreams's rating: 1107 &rarr; <strong>1125<\/strong><br \/>(+18 for winning)\n|raw|Hayarashii's rating: 1005 &rarr; <strong>1000<\/strong><br \/>(-5 for losing)\n","uploadtime":1700182875,"views":17,"p1id":"sanjadreams","p2id":"hayarashii","formatid":"gen9nationaldex","rating":1000,"private":0,"password":""}