{"id":"gen9nationaldex-1992445422","p1":"Nemasilla","p2":"Antiiks","format":"[Gen 9] National Dex","log":"|j|\u2606Nemasilla\n|j|\u2606Antiiks\n|t:|1700188472\n|gametype|singles\n|player|p1|Nemasilla|bugcatcher-gen4dp|1157\n|player|p2|Antiiks|depotagent|1061\n|teamsize|p1|6\n|teamsize|p2|6\n|gen|9\n|tier|[Gen 9] National Dex\n|rated|\n|rule|HP Percentage Mod: HP is shown in percentages\n|rule|Endless Battle Clause: Forcing endless battles is banned\n|rule|OHKO Clause: OHKO moves are banned\n|rule|Evasion Clause: Evasion abilities, items, and moves are banned\n|rule|Evasion Abilities Clause: Evasion abilities are banned\n|rule|Evasion Items Clause: Evasion items are banned\n|rule|Evasion Moves Clause: Evasion moves are banned\n|rule|Species Clause: Limit one of each Pok\u00e9mon\n|rule|Sleep Clause Mod: Limit one foe put to sleep\n|clearpoke\n|poke|p1|Ribombee, M|\n|poke|p1|Scizor, F|\n|poke|p1|Volcarona, M|\n|poke|p1|Beedrill, M|\n|poke|p1|Buzzwole|\n|poke|p1|Vikavolt, M|\n|poke|p2|Sableye, F|\n|poke|p2|Salazzle, F|\n|poke|p2|Tornadus-Therian, M|\n|poke|p2|Hatterene, F|\n|poke|p2|Politoed, F|\n|poke|p2|Kleavor, M|\n|teampreview\n|inactive|Battle timer is ON: inactive players will automatically lose when time's up. (requested by Nemasilla)\n|\n|t:|1700188491\n|start\n|switch|p1a: Scizor|Scizor, F|100\/100\n|switch|p2a: Sableye|Sableye, F|100\/100\n|turn|1\n|\n|t:|1700188499\n|-terastallize|p1a: Scizor|Fire\n|move|p2a: Sableye|Reflect|p2a: Sableye\n|-sidestart|p2: Antiiks|Reflect\n|move|p1a: Scizor|Swords Dance|p1a: Scizor\n|-boost|p1a: Scizor|atk|2\n|\n|upkeep\n|turn|2\n|\n|t:|1700188508\n|switch|p2a: Politoed|Politoed, F|100\/100\n|-weather|RainDance|[from] ability: Drizzle|[of] p2a: Politoed\n|move|p1a: Scizor|Bullet Punch|p2a: Politoed\n|-resisted|p2a: Politoed\n|-damage|p2a: Politoed|83\/100\n|\n|-weather|RainDance|[upkeep]\n|upkeep\n|turn|3\n|\n|t:|1700188516\n|switch|p1a: Vikavolt|Vikavolt, M, shiny|100\/100\n|move|p2a: Politoed|Scald|p1a: Vikavolt\n|-damage|p1a: Vikavolt|66\/100\n|\n|-weather|RainDance|[upkeep]\n|upkeep\n|turn|4\n|\n|t:|1700188529\n|switch|p2a: Sableye|Sableye, F|100\/100\n|move|p1a: Vikavolt|Thunderbolt|p2a: Sableye\n|-damage|p2a: Sableye|26\/100\n|\n|-weather|RainDance|[upkeep]\n|upkeep\n|turn|5\n|\n|t:|1700188537\n|move|p2a: Sableye|Light Screen|p2a: Sableye\n|-sidestart|p2: Antiiks|move: Light Screen\n|move|p1a: Vikavolt|Thunderbolt|p2a: Sableye\n|-damage|p2a: Sableye|0 fnt\n|faint|p2a: Sableye\n|\n|-weather|RainDance|[upkeep]\n|upkeep\n|\n|t:|1700188544\n|switch|p2a: Tornadus|Tornadus-Therian, M|100\/100\n|turn|6\n|\n|t:|1700188554\n|move|p2a: Tornadus|Bleakwind Storm|p1a: Vikavolt\n|-damage|p1a: Vikavolt|38\/100\n|move|p1a: Vikavolt|Volt Switch|p2a: Tornadus\n|-supereffective|p2a: Tornadus\n|-damage|p2a: Tornadus|50\/100\n|-enditem|p2a: Tornadus|Sitrus Berry|[eat]\n|-heal|p2a: Tornadus|75\/100|[from] item: Sitrus Berry\n|inactive|Nemasilla has 120 seconds left.\n|\n|t:|1700188584\n|switch|p1a: Buzzwole|Buzzwole, shiny|100\/100|[from] Volt Switch\n|\n|-weather|RainDance|[upkeep]\n|upkeep\n|turn|7\n|\n|t:|1700188593\n|move|p1a: Buzzwole|Ice Punch|p2a: Tornadus\n|-supereffective|p2a: Tornadus\n|-damage|p2a: Tornadus|34\/100\n|move|p2a: Tornadus|Nasty Plot|p2a: Tornadus\n|-boost|p2a: Tornadus|spa|2\n|\n|-weather|RainDance|[upkeep]\n|upkeep\n|turn|8\n|\n|t:|1700188602\n|move|p1a: Buzzwole|Ice Punch|p2a: Tornadus\n|-supereffective|p2a: Tornadus\n|-damage|p2a: Tornadus|0 fnt\n|faint|p2a: Tornadus\n|-ability|p1a: Buzzwole|Beast Boost|boost\n|-boost|p1a: Buzzwole|atk|1\n|\n|-weather|RainDance|[upkeep]\n|-sideend|p2: Antiiks|Reflect\n|upkeep\n|\n|t:|1700188614\n|switch|p2a: Kleavor|Kleavor, M|100\/100\n|turn|9\n|\n|t:|1700188621\n|switch|p1a: Scizor|Scizor, F, tera:Fire|100\/100\n|move|p2a: Kleavor|Stone Axe|p1a: Scizor\n|-supereffective|p1a: Scizor\n|-crit|p1a: Scizor\n|-damage|p1a: Scizor|0 fnt\n|-damage|p2a: Kleavor|84\/100|[from] item: Rocky Helmet|[of] p1a: Scizor\n|-sidestart|p1: Nemasilla|move: Stealth Rock\n|faint|p1a: Scizor\n|\n|-weather|none\n|upkeep\n|\n|t:|1700188632\n|switch|p1a: Buzzwole|Buzzwole, shiny|100\/100\n|-damage|p1a: Buzzwole|88\/100|[from] Stealth Rock\n|turn|10\n|\n|t:|1700188650\n|move|p1a: Buzzwole|Earthquake|p2a: Kleavor\n|-damage|p2a: Kleavor|31\/100\n|move|p2a: Kleavor|U-turn|p1a: Buzzwole\n|-resisted|p1a: Buzzwole\n|-damage|p1a: Buzzwole|73\/100\n|\n|t:|1700188655\n|switch|p2a: Hatterene|Hatterene, F|100\/100|[from] U-turn\n|\n|upkeep\n|turn|11\n|\n|t:|1700188660\n|move|p1a: Buzzwole|Earthquake|p2a: Hatterene\n|-damage|p2a: Hatterene|57\/100\n|move|p2a: Hatterene|Draining Kiss|p1a: Buzzwole\n|-supereffective|p1a: Buzzwole\n|-damage|p1a: Buzzwole|0 fnt\n|-heal|p2a: Hatterene|100\/100|[from] drain|[of] p1a: Buzzwole\n|faint|p1a: Buzzwole\n|\n|upkeep\n|\n|t:|1700188664\n|switch|p1a: Beedrill|Beedrill, M|100\/100\n|-damage|p1a: Beedrill|76\/100|[from] Stealth Rock\n|turn|12\n|\n|t:|1700188674\n|switch|p2a: Salazzle|Salazzle, F, shiny|100\/100\n|detailschange|p1a: Beedrill|Beedrill-Mega, M\n|-mega|p1a: Beedrill|Beedrill|Beedrillite\n|move|p1a: Beedrill|Poison Jab|p2a: Salazzle\n|-resisted|p2a: Salazzle\n|-damage|p2a: Salazzle|42\/100\n|\n|-sideend|p2: Antiiks|move: Light Screen\n|upkeep\n|turn|13\n|\n|t:|1700188682\n|move|p1a: Beedrill|Drill Run|p2a: Salazzle\n|-supereffective|p2a: Salazzle\n|-damage|p2a: Salazzle|0 fnt\n|faint|p2a: Salazzle\n|\n|upkeep\n|\n|t:|1700188700\n|switch|p2a: Politoed|Politoed, F|83\/100\n|-weather|RainDance|[from] ability: Drizzle|[of] p2a: Politoed\n|turn|14\n|\n|t:|1700188704\n|move|p1a: Beedrill|Poison Jab|p2a: Politoed\n|-damage|p2a: Politoed|19\/100\n|move|p2a: Politoed|Ice Beam|p1a: Beedrill\n|-damage|p1a: Beedrill|39\/100\n|\n|-weather|RainDance|[upkeep]\n|upkeep\n|turn|15\n|\n|t:|1700188715\n|move|p1a: Beedrill|Fell Stinger|p2a: Politoed\n|-crit|p2a: Politoed\n|-damage|p2a: Politoed|0 fnt\n|faint|p2a: Politoed\n|-boost|p1a: Beedrill|atk|3\n|\n|-weather|RainDance|[upkeep]\n|upkeep\n|\n|t:|1700188727\n|switch|p2a: Hatterene|Hatterene, F|100\/100\n|turn|16\n|\n|t:|1700188730\n|move|p1a: Beedrill|Poison Jab|p2a: Hatterene\n|-supereffective|p2a: Hatterene\n|-damage|p2a: Hatterene|0 fnt\n|faint|p2a: Hatterene\n|\n|-weather|RainDance|[upkeep]\n|upkeep\n|\n|t:|1700188733\n|switch|p2a: Kleavor|Kleavor, M|31\/100\n|turn|17\n|\n|t:|1700188742\n|-terastallize|p2a: Kleavor|Bug\n|move|p1a: Beedrill|Poison Jab|p2a: Kleavor\n|-damage|p2a: Kleavor|0 fnt\n|faint|p2a: Kleavor\n|\n|win|Nemasilla\n|raw|Nemasilla's rating: 1157 &rarr; <strong>1175<\/strong><br \/>(+18 for winning)\n|raw|Antiiks's rating: 1061 &rarr; <strong>1047<\/strong><br \/>(-14 for losing)\n|c|\u2606Antiiks|ggs\n","uploadtime":1700188751,"views":4,"p1id":"nemasilla","p2id":"antiiks","formatid":"gen9nationaldex","rating":1047,"private":0,"password":""}