{"id":"gen9nationaldex-1991960430","p1":"sithred8","p2":"chansey and lulu","format":"[Gen 9] National Dex","log":"|j|\u2606sithred8\n|j|\u2606chansey and lulu\n|t:|1700142767\n|gametype|singles\n|player|p1|sithred8|169|\n|player|p2|chansey and lulu|102|\n|teamsize|p1|6\n|teamsize|p2|6\n|gen|9\n|tier|[Gen 9] National Dex\n|rated|Tournament battle\n|rule|HP Percentage Mod: HP is shown in percentages\n|rule|Endless Battle Clause: Forcing endless battles is banned\n|rule|OHKO Clause: OHKO moves are banned\n|rule|Evasion Clause: Evasion abilities, items, and moves are banned\n|rule|Evasion Abilities Clause: Evasion abilities are banned\n|rule|Evasion Items Clause: Evasion items are banned\n|rule|Evasion Moves Clause: Evasion moves are banned\n|rule|Species Clause: Limit one of each Pok\u00e9mon\n|rule|Sleep Clause Mod: Limit one foe put to sleep\n|clearpoke\n|poke|p1|Garchomp, F|\n|poke|p1|Scizor, M|\n|poke|p1|Dragonite, F|\n|poke|p1|Thundurus-Therian, M|\n|poke|p1|Ogerpon, F|\n|poke|p1|Cloyster, F|\n|poke|p2|Tapu Koko|\n|poke|p2|Corviknight, F|\n|poke|p2|Iron Valiant|\n|poke|p2|Ursaluna, M|\n|poke|p2|Toxapex, F|\n|poke|p2|Cinderace, F|\n|teampreview\n|c|\u2606sithred8|2023-11-16 21:52:52\n|c|\u2606sithred8|glhf\n|\n|t:|1700142786\n|start\n|switch|p1a: Thundurus|Thundurus-Therian, M|100\/100\n|switch|p2a: Tapu Koko|Tapu Koko|100\/100\n|-fieldstart|move: Electric Terrain|[from] ability: Electric Surge|[of] p2a: Tapu Koko\n|turn|1\n|\n|t:|1700142792\n|move|p2a: Tapu Koko|Dazzling Gleam|p1a: Thundurus\n|-damage|p1a: Thundurus|31\/100\n|move|p1a: Thundurus|Nasty Plot|p1a: Thundurus\n|-boost|p1a: Thundurus|spa|2\n|\n|upkeep\n|turn|2\n|\n|t:|1700142798\n|switch|p1a: Scizor|Scizor, M|100\/100\n|move|p2a: Tapu Koko|Dazzling Gleam|p1a: Scizor\n|-resisted|p1a: Scizor\n|-damage|p1a: Scizor|72\/100\n|\n|upkeep\n|turn|3\n|\n|t:|1700142807\n|switch|p2a: Cinderace|Cinderace, F|100\/100\n|detailschange|p1a: Scizor|Scizor-Mega, M\n|-mega|p1a: Scizor|Scizor|Scizorite\n|move|p1a: Scizor|Swords Dance|p1a: Scizor\n|-boost|p1a: Scizor|atk|2\n|\n|upkeep\n|turn|4\n|\n|t:|1700142821\n|move|p2a: Cinderace|Pyro Ball|p1a: Scizor\n|-supereffective|p1a: Scizor\n|-damage|p1a: Scizor|0 fnt\n|faint|p1a: Scizor\n|\n|upkeep\n|\n|t:|1700142830\n|switch|p1a: Cloyster|Cloyster, F|100\/100\n|turn|5\n|\n|t:|1700142840\n|move|p2a: Cinderace|High Jump Kick|p1a: Cloyster\n|-start|p2a: Cinderace|typechange|Fighting|[from] ability: Libero\n|-supereffective|p1a: Cloyster\n|-damage|p1a: Cloyster|21\/100\n|move|p1a: Cloyster|Shell Smash|p1a: Cloyster\n|-unboost|p1a: Cloyster|def|1\n|-unboost|p1a: Cloyster|spd|1\n|-boost|p1a: Cloyster|atk|2\n|-boost|p1a: Cloyster|spa|2\n|-boost|p1a: Cloyster|spe|2\n|\n|-fieldend|move: Electric Terrain\n|upkeep\n|turn|6\n|\n|t:|1700142856\n|switch|p2a: Toxapex|Toxapex, F|100\/100\n|move|p1a: Cloyster|Icicle Spear|p2a: Toxapex\n|-resisted|p2a: Toxapex\n|-damage|p2a: Toxapex|93\/100\n|-resisted|p2a: Toxapex\n|-damage|p2a: Toxapex|86\/100\n|-resisted|p2a: Toxapex\n|-damage|p2a: Toxapex|79\/100\n|-resisted|p2a: Toxapex\n|-damage|p2a: Toxapex|72\/100\n|-resisted|p2a: Toxapex\n|-damage|p2a: Toxapex|65\/100\n|-hitcount|p2a: Toxapex|5\n|\n|-heal|p2a: Toxapex|71\/100|[from] item: Leftovers\n|upkeep\n|turn|7\n|\n|t:|1700142869\n|switch|p1a: Garchomp|Garchomp, F, shiny|100\/100\n|move|p2a: Toxapex|Haze|p2a: Toxapex\n|-clearallboost\n|\n|-heal|p2a: Toxapex|77\/100|[from] item: Leftovers\n|upkeep\n|turn|8\n|\n|t:|1700142876\n|switch|p2a: Iron Valiant|Iron Valiant|100\/100\n|move|p1a: Garchomp|Earthquake|p2a: Iron Valiant\n|-damage|p2a: Iron Valiant|32\/100\n|\n|upkeep\n|turn|9\n|\n|t:|1700142889\n|move|p2a: Iron Valiant|Moonblast|p1a: Garchomp\n|-supereffective|p1a: Garchomp\n|-damage|p1a: Garchomp|0 fnt\n|faint|p1a: Garchomp\n|-damage|p2a: Iron Valiant|22\/100|[from] item: Life Orb\n|\n|upkeep\n|\n|t:|1700142894\n|switch|p1a: Cloyster|Cloyster, F|21\/100\n|turn|10\n|\n|t:|1700142898\n|-end|p2a: Iron Valiant|Quark Drive|[silent]\n|switch|p2a: Cinderace|Cinderace, F|100\/100\n|move|p1a: Cloyster|Ice Shard|p2a: Cinderace\n|-resisted|p2a: Cinderace\n|-damage|p2a: Cinderace|89\/100\n|\n|upkeep\n|turn|11\n|\n|t:|1700142905\n|switch|p1a: Dragonite|Dragonite, F|100\/100\n|move|p2a: Cinderace|U-turn|p1a: Dragonite\n|-start|p2a: Cinderace|typechange|Bug|[from] ability: Libero\n|-resisted|p1a: Dragonite\n|-damage|p1a: Dragonite|96\/100\n|\n|t:|1700142912\n|switch|p2a: Ursaluna|Ursaluna, M|100\/100|[from] U-turn\n|\n|-status|p2a: Ursaluna|brn|[from] item: Flame Orb\n|upkeep\n|turn|12\n|\n|t:|1700142919\n|-terastallize|p1a: Dragonite|Normal\n|move|p1a: Dragonite|Curse|p1a: Dragonite\n|-unboost|p1a: Dragonite|spe|1\n|-boost|p1a: Dragonite|atk|1\n|-boost|p1a: Dragonite|def|1\n|move|p2a: Ursaluna|Facade|p1a: Dragonite\n|-damage|p1a: Dragonite|25\/100\n|\n|-damage|p2a: Ursaluna|94\/100 brn|[from] brn\n|upkeep\n|turn|13\n|\n|t:|1700142930\n|move|p1a: Dragonite|Extreme Speed|p2a: Ursaluna\n|-damage|p2a: Ursaluna|47\/100 brn\n|move|p2a: Ursaluna|Facade|p1a: Dragonite\n|-damage|p1a: Dragonite|0 fnt\n|faint|p1a: Dragonite\n|\n|-damage|p2a: Ursaluna|41\/100 brn|[from] brn\n|upkeep\n|\n|t:|1700142936\n|switch|p1a: Ogerpon|Ogerpon, F|100\/100\n|turn|14\n|\n|t:|1700142942\n|move|p1a: Ogerpon|Ivy Cudgel|p2a: Ursaluna\n|-supereffective|p2a: Ursaluna\n|-damage|p2a: Ursaluna|0 fnt\n|faint|p2a: Ursaluna\n|\n|upkeep\n|\n|t:|1700142948\n|switch|p2a: Cinderace|Cinderace, F|89\/100\n|turn|15\n|\n|t:|1700142960\n|move|p2a: Cinderace|Pyro Ball|p1a: Ogerpon|[miss]\n|-miss|p2a: Cinderace|p1a: Ogerpon\n|move|p1a: Ogerpon|Knock Off|p2a: Cinderace\n|-damage|p2a: Cinderace|51\/100\n|-enditem|p2a: Cinderace|Heavy-Duty Boots|[from] move: Knock Off|[of] p1a: Ogerpon\n|\n|upkeep\n|turn|16\n|\n|t:|1700142983\n|move|p2a: Cinderace|Pyro Ball|p1a: Ogerpon\n|-supereffective|p1a: Ogerpon\n|-damage|p1a: Ogerpon|0 fnt\n|faint|p1a: Ogerpon\n|\n|upkeep\n|\n|t:|1700142990\n|switch|p1a: Thundurus|Thundurus-Therian, M|31\/100\n|turn|17\n|\n|t:|1700142993\n|move|p2a: Cinderace|Pyro Ball|p1a: Thundurus|[miss]\n|-miss|p2a: Cinderace|p1a: Thundurus\n|move|p1a: Thundurus|Tera Blast|p2a: Cinderace\n|-crit|p2a: Cinderace\n|-damage|p2a: Cinderace|0 fnt\n|faint|p2a: Cinderace\n|\n|upkeep\n|\n|t:|1700143000\n|switch|p2a: Tapu Koko|Tapu Koko|100\/100\n|-fieldstart|move: Electric Terrain|[from] ability: Electric Surge|[of] p2a: Tapu Koko\n|turn|18\n|\n|t:|1700143010\n|move|p2a: Tapu Koko|Dazzling Gleam|p1a: Thundurus\n|-damage|p1a: Thundurus|0 fnt\n|faint|p1a: Thundurus\n|\n|upkeep\n|\n|t:|1700143012\n|switch|p1a: Cloyster|Cloyster, F|21\/100\n|turn|19\n|c|\u2606chansey and lulu|\u5e9f\u7269\u554a\u738b\u724c\n|\n|t:|1700143017\n|move|p1a: Cloyster|Ice Shard|p2a: Tapu Koko\n|-damage|p2a: Tapu Koko|76\/100\n|move|p2a: Tapu Koko|Dazzling Gleam|p1a: Cloyster\n|-damage|p1a: Cloyster|0 fnt\n|faint|p1a: Cloyster\n|\n|win|chansey and lulu\n|n|\u2606sithred8|sithred8\n|n|\u2606chansey and lulu|chanseyandlulu\n|c|\u2606sithred8|gg\n|l|\u2606chansey and lulu\n|c|\u2606sithred8|2023-11-16 21:57:09\n","uploadtime":1700143035,"views":28,"p1id":"sithred8","p2id":"chanseyandlulu","formatid":"gen9nationaldex","rating":0,"private":0,"password":""}