{"id":"gen9nationaldex-1999962559","p1":"auruum_aglet","p2":"mr Deuzp","format":"[Gen 9] National Dex","log":"|html|<div class=\"broadcast-blue\"><strong>[Gen 9] National Dex is currently suspecting Sneasler! For information on how to participate check out the <a href=\"https:\/\/www.smogon.com\/forums\/threads\/sv-national-dex-suspect-8-just-dance.3731534\/\">suspect thread<\/a>.<\/strong><\/div>\n|j|\u2606auruum_aglet\n|j|\u2606mr Deuzp\n|t:|1701135091\n|gametype|singles\n|player|p1|auruum_aglet|gambler|1078\n|player|p2|mr Deuzp|shadowtriad|1176\n|teamsize|p1|6\n|teamsize|p2|6\n|gen|9\n|tier|[Gen 9] National Dex\n|rated|\n|rule|HP Percentage Mod: HP is shown in percentages\n|rule|Endless Battle Clause: Forcing endless battles is banned\n|rule|OHKO Clause: OHKO moves are banned\n|rule|Evasion Clause: Evasion abilities, items, and moves are banned\n|rule|Evasion Abilities Clause: Evasion abilities are banned\n|rule|Evasion Items Clause: Evasion items are banned\n|rule|Evasion Moves Clause: Evasion moves are banned\n|rule|Species Clause: Limit one of each Pok\u00e9mon\n|rule|Sleep Clause Mod: Limit one foe put to sleep\n|clearpoke\n|poke|p1|Garchomp, F|\n|poke|p1|Doublade, F|\n|poke|p1|Blaziken, M|\n|poke|p1|Gardevoir, M|\n|poke|p1|Eelektross, F|\n|poke|p1|Greninja-*, F|\n|poke|p2|Ursaluna, M|\n|poke|p2|Celesteela|\n|poke|p2|Thundurus-Therian, M|\n|poke|p2|Porygon2|\n|poke|p2|Sneasler, M|\n|poke|p2|Ninetales-Alola, F|\n|teampreview\n|\n|t:|1701135094\n|start\n|switch|p1a: Greninja|Greninja, F|100\/100\n|switch|p2a: Ninetales|Ninetales-Alola, F, shiny|100\/100\n|-weather|Snow|[from] ability: Snow Warning|[of] p2a: Ninetales\n|turn|1\n|\n|t:|1701135101\n|move|p2a: Ninetales|Aurora Veil|p2a: Ninetales\n|-sidestart|p2: mr Deuzp|move: Aurora Veil\n|move|p1a: Greninja|Spikes|p2a: Ninetales\n|-sidestart|p2: mr Deuzp|Spikes\n|\n|-weather|Snow|[upkeep]\n|upkeep\n|turn|2\n|\n|t:|1701135105\n|move|p2a: Ninetales|Moonblast|p1a: Greninja\n|-supereffective|p1a: Greninja\n|-damage|p1a: Greninja|0 fnt\n|faint|p1a: Greninja\n|\n|-weather|Snow|[upkeep]\n|upkeep\n|\n|t:|1701135111\n|switch|p1a: Blaziken|Blaziken, M|100\/100\n|turn|3\n|\n|t:|1701135116\n|move|p2a: Ninetales|Moonblast|p1a: Blaziken\n|-damage|p1a: Blaziken|53\/100\n|move|p1a: Blaziken|Blaze Kick|p2a: Ninetales\n|-supereffective|p2a: Ninetales\n|-damage|p2a: Ninetales|59\/100\n|-status|p2a: Ninetales|brn\n|\n|-weather|Snow|[upkeep]\n|-damage|p2a: Ninetales|53\/100 brn|[from] brn\n|upkeep\n|turn|4\n|\n|t:|1701135126\n|move|p2a: Ninetales|Moonblast|p1a: Blaziken\n|-damage|p1a: Blaziken|5\/100\n|move|p1a: Blaziken|Bulk Up|p1a: Blaziken\n|-boost|p1a: Blaziken|atk|1\n|-boost|p1a: Blaziken|def|1\n|\n|-weather|Snow|[upkeep]\n|-damage|p2a: Ninetales|47\/100 brn|[from] brn\n|upkeep\n|turn|5\n|\n|t:|1701135134\n|move|p2a: Ninetales|Blizzard|p1a: Blaziken\n|-resisted|p1a: Blaziken\n|-damage|p1a: Blaziken|0 fnt\n|faint|p1a: Blaziken\n|\n|-weather|none\n|-damage|p2a: Ninetales|41\/100 brn|[from] brn\n|upkeep\n|\n|t:|1701135151\n|switch|p1a: Garchomp|Garchomp, F|100\/100\n|turn|6\n|\n|t:|1701135163\n|switch|p2a: Celesteela|Celesteela, shiny|100\/100\n|detailschange|p1a: Garchomp|Garchomp-Mega, F\n|-mega|p1a: Garchomp|Garchomp|Garchompite\n|move|p1a: Garchomp|Iron Head|p2a: Celesteela\n|-resisted|p2a: Celesteela\n|-damage|p2a: Celesteela|96\/100\n|\n|-heal|p2a: Celesteela|100\/100|[from] item: Leftovers\n|upkeep\n|turn|7\n|\n|t:|1701135172\n|move|p1a: Garchomp|Fire Fang|p2a: Celesteela\n|-supereffective|p2a: Celesteela\n|-damage|p2a: Celesteela|85\/100\n|move|p2a: Celesteela|Leech Seed|p1a: Garchomp\n|-start|p1a: Garchomp|move: Leech Seed\n|\n|-heal|p2a: Celesteela|91\/100|[from] item: Leftovers\n|-damage|p1a: Garchomp|88\/100|[from] Leech Seed|[of] p2a: Celesteela\n|-heal|p2a: Celesteela|100\/100|[silent]\n|upkeep\n|turn|8\n|\n|t:|1701135185\n|move|p1a: Garchomp|Swords Dance|p1a: Garchomp\n|-boost|p1a: Garchomp|atk|2\n|move|p2a: Celesteela|Air Slash|p1a: Garchomp\n|-damage|p1a: Garchomp|58\/100\n|\n|-damage|p1a: Garchomp|46\/100|[from] Leech Seed|[of] p2a: Celesteela\n|-sideend|p2: mr Deuzp|move: Aurora Veil\n|upkeep\n|turn|9\n|\n|t:|1701135193\n|move|p1a: Garchomp|Fire Fang|p2a: Celesteela\n|-supereffective|p2a: Celesteela\n|-damage|p2a: Celesteela|35\/100\n|move|p2a: Celesteela|Air Slash|p1a: Garchomp\n|-damage|p1a: Garchomp|15\/100\n|\n|-heal|p2a: Celesteela|41\/100|[from] item: Leftovers\n|-damage|p1a: Garchomp|3\/100|[from] Leech Seed|[of] p2a: Celesteela\n|-heal|p2a: Celesteela|53\/100|[silent]\n|upkeep\n|turn|10\n|\n|t:|1701135205\n|move|p2a: Celesteela|Protect|p2a: Celesteela\n|-singleturn|p2a: Celesteela|Protect\n|move|p1a: Garchomp|Fire Fang|p2a: Celesteela\n|-activate|p2a: Celesteela|move: Protect\n|\n|-heal|p2a: Celesteela|59\/100|[from] item: Leftovers\n|-damage|p1a: Garchomp|0 fnt|[from] Leech Seed|[of] p2a: Celesteela\n|-heal|p2a: Celesteela|61\/100|[silent]\n|faint|p1a: Garchomp\n|upkeep\n|\n|t:|1701135218\n|switch|p1a: Gardevoir|Gardevoir, M|100\/100\n|turn|11\n|\n|t:|1701135226\n|-terastallize|p1a: Gardevoir|Dark\n|move|p1a: Gardevoir|Thunderbolt|p2a: Celesteela\n|-supereffective|p2a: Celesteela\n|-damage|p2a: Celesteela|11\/100\n|move|p2a: Celesteela|Leech Seed|p1a: Gardevoir\n|-start|p1a: Gardevoir|move: Leech Seed\n|\n|-heal|p2a: Celesteela|17\/100|[from] item: Leftovers\n|-damage|p1a: Gardevoir|88\/100|[from] Leech Seed|[of] p2a: Celesteela\n|-heal|p2a: Celesteela|28\/100|[silent]\n|upkeep\n|turn|12\n|\n|t:|1701135235\n|move|p2a: Celesteela|Protect|p2a: Celesteela\n|-singleturn|p2a: Celesteela|Protect\n|move|p1a: Gardevoir|Thunderbolt|p2a: Celesteela\n|-activate|p2a: Celesteela|move: Protect\n|\n|-heal|p2a: Celesteela|34\/100|[from] item: Leftovers\n|-damage|p1a: Gardevoir|76\/100|[from] Leech Seed|[of] p2a: Celesteela\n|-heal|p2a: Celesteela|44\/100|[silent]\n|upkeep\n|turn|13\n|\n|t:|1701135246\n|switch|p2a: Ninetales|Ninetales-Alola, F, shiny|41\/100 brn\n|-damage|p2a: Ninetales|29\/100 brn|[from] Spikes\n|-weather|Snow|[from] ability: Snow Warning|[of] p2a: Ninetales\n|move|p1a: Gardevoir|Thunderbolt|p2a: Ninetales\n|-damage|p2a: Ninetales|0 fnt\n|faint|p2a: Ninetales\n|\n|-weather|Snow|[upkeep]\n|upkeep\n|\n|t:|1701135258\n|switch|p2a: Thundurus|Thundurus-Therian, M, shiny|100\/100\n|turn|14\n|\n|t:|1701135265\n|move|p2a: Thundurus|Nasty Plot|p2a: Thundurus\n|-boost|p2a: Thundurus|spa|2\n|move|p1a: Gardevoir|Calm Mind|p1a: Gardevoir\n|-boost|p1a: Gardevoir|spa|1\n|-boost|p1a: Gardevoir|spd|1\n|\n|-weather|Snow|[upkeep]\n|-damage|p1a: Gardevoir|63\/100|[from] Leech Seed|[of] p2a: Thundurus\n|upkeep\n|turn|15\n|inactive|Battle timer is ON: inactive players will automatically lose when time's up. (requested by mr Deuzp)\n|\n|t:|1701135278\n|move|p2a: Thundurus|Focus Blast|p1a: Gardevoir\n|-supereffective|p1a: Gardevoir\n|-damage|p1a: Gardevoir|0 fnt\n|faint|p1a: Gardevoir\n|\n|-weather|Snow|[upkeep]\n|upkeep\n|\n|t:|1701135286\n|switch|p1a: Doublade|Doublade, F|100\/100\n|turn|16\n|\n|t:|1701135291\n|move|p2a: Thundurus|Nasty Plot|p2a: Thundurus\n|-boost|p2a: Thundurus|spa|2\n|move|p1a: Doublade|Swords Dance|p1a: Doublade\n|-boost|p1a: Doublade|atk|2\n|\n|-weather|Snow|[upkeep]\n|upkeep\n|turn|17\n|\n|t:|1701135299\n|move|p2a: Thundurus|Nasty Plot|p2a: Thundurus\n|-boost|p2a: Thundurus|spa|2\n|move|p1a: Doublade|Sacred Sword|p2a: Thundurus\n|-resisted|p2a: Thundurus\n|-damage|p2a: Thundurus|59\/100\n|\n|-weather|none\n|upkeep\n|turn|18\n|\n|t:|1701135327\n|move|p2a: Thundurus|Wildbolt Storm|p1a: Doublade\n|-damage|p1a: Doublade|0 fnt\n|faint|p1a: Doublade\n|\n|upkeep\n|\n|t:|1701135332\n|switch|p1a: Eelektross|Eelektross, F|100\/100\n|turn|19\n|\n|t:|1701135336\n|-zpower|p2a: Thundurus\n|move|p2a: Thundurus|All-Out Pummeling|p1a: Eelektross|[zeffect]\n|-damage|p1a: Eelektross|0 fnt\n|faint|p1a: Eelektross\n|\n|win|mr Deuzp\n|raw|auruum_aglet's rating: 1078 &rarr; <strong>1062<\/strong><br \/>(-16 for losing)\n|raw|mr Deuzp's rating: 1176 &rarr; <strong>1194<\/strong><br \/>(+18 for winning)\n|l|\u2606auruum_aglet\n","uploadtime":1701135349,"views":7,"p1id":"auruumaglet","p2id":"mrdeuzp","formatid":"gen9nationaldex","rating":1062,"private":0,"password":""}