{"id":"gen9nationaldex-1992449815","p1":"GiratinaEnjoyer2","p2":"HEYISSJJ","format":"[Gen 9] National Dex","log":"|j|\u2606GiratinaEnjoyer2\n|j|\u2606HEYISSJJ\n|t:|1700189002\n|gametype|singles\n|player|p1|GiratinaEnjoyer2|gladion|1000\n|player|p2|HEYISSJJ|1|1036\n|teamsize|p1|4\n|teamsize|p2|6\n|gen|9\n|tier|[Gen 9] National Dex\n|rated|\n|rule|HP Percentage Mod: HP is shown in percentages\n|rule|Endless Battle Clause: Forcing endless battles is banned\n|rule|OHKO Clause: OHKO moves are banned\n|rule|Evasion Clause: Evasion abilities, items, and moves are banned\n|rule|Evasion Abilities Clause: Evasion abilities are banned\n|rule|Evasion Items Clause: Evasion items are banned\n|rule|Evasion Moves Clause: Evasion moves are banned\n|rule|Species Clause: Limit one of each Pok\u00e9mon\n|rule|Sleep Clause Mod: Limit one foe put to sleep\n|clearpoke\n|poke|p1|Slurpuff, M|\n|poke|p1|Dugtrio, M|\n|poke|p1|Aron, L1, F|\n|poke|p1|Cottonee, L1, F|\n|poke|p2|Urshifu-*, F|\n|poke|p2|Conkeldurr, F|\n|poke|p2|Infernape, F|\n|poke|p2|Iron Hands|\n|poke|p2|Sneasler, M|\n|poke|p2|Chesnaught, M|\n|teampreview\n|inactive|Battle timer is ON: inactive players will automatically lose when time's up. (requested by GiratinaEnjoyer2)\n|\n|t:|1700189011\n|start\n|switch|p1a: Dugtrio|Dugtrio, M, shiny|100\/100\n|switch|p2a: Iron Hands|Iron Hands|100\/100\n|turn|1\n|\n|t:|1700189021\n|move|p1a: Dugtrio|Earthquake|p2a: Iron Hands\n|-supereffective|p2a: Iron Hands\n|-damage|p2a: Iron Hands|44\/100\n|move|p2a: Iron Hands|Iron Defense|p2a: Iron Hands\n|-boost|p2a: Iron Hands|def|2\n|\n|upkeep\n|turn|2\n|\n|t:|1700189029\n|move|p1a: Dugtrio|Earthquake|p2a: Iron Hands\n|-supereffective|p2a: Iron Hands\n|-damage|p2a: Iron Hands|17\/100\n|move|p2a: Iron Hands|Wild Charge|p1a: Dugtrio\n|-immune|p1a: Dugtrio\n|\n|upkeep\n|turn|3\n|\n|t:|1700189036\n|move|p1a: Dugtrio|Earthquake|p2a: Iron Hands\n|-supereffective|p2a: Iron Hands\n|-damage|p2a: Iron Hands|0 fnt\n|faint|p2a: Iron Hands\n|-end|p2a: Iron Hands|Quark Drive|[silent]\n|\n|upkeep\n|\n|t:|1700189045\n|switch|p2a: Sneasler|Sneasler, M|100\/100\n|turn|4\n|\n|t:|1700189049\n|move|p2a: Sneasler|Toxic|p1a: Dugtrio\n|-status|p1a: Dugtrio|tox\n|move|p1a: Dugtrio|Stealth Rock|p2a: Sneasler\n|-sidestart|p2: HEYISSJJ|move: Stealth Rock\n|\n|-damage|p1a: Dugtrio|94\/100 tox|[from] psn\n|upkeep\n|turn|5\n|\n|t:|1700189055\n|-singleturn|p2a: Sneasler|move: Focus Punch\n|move|p1a: Dugtrio|Earthquake|p2a: Sneasler\n|-supereffective|p2a: Sneasler\n|-damage|p2a: Sneasler|0 fnt\n|faint|p2a: Sneasler\n|\n|-damage|p1a: Dugtrio|82\/100 tox|[from] psn\n|upkeep\n|\n|t:|1700189063\n|switch|p2a: Urshifu|Urshifu-Rapid-Strike, F|100\/100\n|-damage|p2a: Urshifu|94\/100|[from] Stealth Rock\n|turn|6\n|\n|t:|1700189077\n|move|p1a: Dugtrio|Memento|p2a: Urshifu\n|-unboost|p2a: Urshifu|atk|2\n|-unboost|p2a: Urshifu|spa|2\n|faint|p1a: Dugtrio\n|move|p2a: Urshifu|Iron Defense|p2a: Urshifu\n|-boost|p2a: Urshifu|def|2\n|\n|upkeep\n|\n|t:|1700189083\n|switch|p1a: Slurpuff|Slurpuff, M, shiny|100\/100\n|turn|7\n|\n|t:|1700189091\n|move|p2a: Urshifu|Close Combat|p1a: Slurpuff\n|-resisted|p1a: Slurpuff\n|-damage|p1a: Slurpuff|78\/100\n|-unboost|p2a: Urshifu|def|1\n|-unboost|p2a: Urshifu|spd|1\n|move|p1a: Slurpuff|Belly Drum|p1a: Slurpuff\n|-damage|p1a: Slurpuff|28\/100\n|-setboost|p1a: Slurpuff|atk|6|[from] move: Belly Drum\n|-enditem|p1a: Slurpuff|Sitrus Berry|[eat]\n|-heal|p1a: Slurpuff|53\/100|[from] item: Sitrus Berry\n|\n|upkeep\n|turn|8\n|\n|t:|1700189117\n|move|p1a: Slurpuff|Play Rough|p2a: Urshifu\n|-supereffective|p2a: Urshifu\n|-damage|p2a: Urshifu|0 fnt\n|faint|p2a: Urshifu\n|\n|upkeep\n|\n|t:|1700189121\n|switch|p2a: Conkeldurr|Conkeldurr, F|100\/100\n|-damage|p2a: Conkeldurr|94\/100|[from] Stealth Rock\n|turn|9\n|\n|t:|1700189128\n|-terastallize|p1a: Slurpuff|Fighting\n|move|p1a: Slurpuff|Drain Punch|p2a: Conkeldurr\n|-damage|p2a: Conkeldurr|0 fnt\n|-heal|p1a: Slurpuff|100\/100|[from] drain|[of] p2a: Conkeldurr\n|faint|p2a: Conkeldurr\n|\n|upkeep\n|\n|t:|1700189138\n|switch|p2a: Infernape|Infernape, F|100\/100\n|-damage|p2a: Infernape|88\/100|[from] Stealth Rock\n|turn|10\n|\n|t:|1700189145\n|-terastallize|p2a: Infernape|Fire\n|move|p1a: Slurpuff|Drain Punch|p2a: Infernape\n|-damage|p2a: Infernape|0 fnt\n|faint|p2a: Infernape\n|\n|upkeep\n|c|\u2606GiratinaEnjoyer2|im sorry for your loss\n|\n|t:|1700189160\n|switch|p2a: Chesnaught|Chesnaught, M|100\/100\n|-damage|p2a: Chesnaught|94\/100|[from] Stealth Rock\n|turn|11\n|\n|t:|1700189167\n|move|p1a: Slurpuff|Play Rough|p2a: Chesnaught\n|-supereffective|p2a: Chesnaught\n|-damage|p2a: Chesnaught|0 fnt\n|faint|p2a: Chesnaught\n|\n|win|GiratinaEnjoyer2\n|raw|GiratinaEnjoyer2's rating: 1000 &rarr; <strong>1044<\/strong><br \/>(+44 for winning)\n|raw|HEYISSJJ's rating: 1036 &rarr; <strong>1019<\/strong><br \/>(-17 for losing)\n|l|\u2606HEYISSJJ\n","uploadtime":1700189175,"views":6,"p1id":"giratinaenjoyer2","p2id":"heyissjj","formatid":"gen9nationaldex","rating":1019,"private":0,"password":""}