{"id":"gen9nationaldex-1993785352","p1":"NotAmazingYT","p2":"XiaoLiu233","format":"[Gen 9] National Dex","log":"|j|\u2606NotAmazingYT\n|j|\u2606XiaoLiu233\n|t:|1700356984\n|gametype|singles\n|player|p1|NotAmazingYT|cynthia-gen4|1180\n|player|p2|XiaoLiu233|giovanni|1097\n|teamsize|p1|6\n|teamsize|p2|6\n|gen|9\n|tier|[Gen 9] National Dex\n|rated|\n|rule|HP Percentage Mod: HP is shown in percentages\n|rule|Endless Battle Clause: Forcing endless battles is banned\n|rule|OHKO Clause: OHKO moves are banned\n|rule|Evasion Clause: Evasion abilities, items, and moves are banned\n|rule|Evasion Abilities Clause: Evasion abilities are banned\n|rule|Evasion Items Clause: Evasion items are banned\n|rule|Evasion Moves Clause: Evasion moves are banned\n|rule|Species Clause: Limit one of each Pok\u00e9mon\n|rule|Sleep Clause Mod: Limit one foe put to sleep\n|clearpoke\n|poke|p1|Garchomp, F|\n|poke|p1|Gliscor, M|\n|poke|p1|Zoroark-Hisui, M|\n|poke|p1|Weavile, M|\n|poke|p1|Heatran, M|\n|poke|p1|Manaphy|\n|poke|p2|Kommo-o, M|\n|poke|p2|Ting-Lu|\n|poke|p2|Corviknight, M|\n|poke|p2|Volcarona, M|\n|poke|p2|Rillaboom, F|\n|poke|p2|Charizard, M|\n|teampreview\n|inactive|Battle timer is ON: inactive players will automatically lose when time's up. (requested by XiaoLiu233)\n|\n|t:|1700356998\n|start\n|switch|p1a: Heatran|Heatran, M|100\/100\n|switch|p2a: Ting-Lu|Ting-Lu|100\/100\n|-ability|p2a: Ting-Lu|Vessel of Ruin\n|turn|1\n|\n|t:|1700357014\n|-terastallize|p1a: Heatran|Flying\n|move|p1a: Heatran|Magma Storm|p2a: Ting-Lu|[miss]\n|-miss|p1a: Heatran|p2a: Ting-Lu\n|move|p2a: Ting-Lu|Stealth Rock|p1a: Heatran\n|-sidestart|p1: NotAmazingYT|move: Stealth Rock\n|\n|upkeep\n|turn|2\n|\n|t:|1700357022\n|move|p1a: Heatran|Stealth Rock|p2a: Ting-Lu\n|-sidestart|p2: XiaoLiu233|move: Stealth Rock\n|move|p2a: Ting-Lu|Whirlwind|p1a: Heatran\n|drag|p1a: Weavile|Weavile, M|100\/100\n|-damage|p1a: Weavile|88\/100|[from] Stealth Rock\n|\n|upkeep\n|turn|3\n|\n|t:|1700357035\n|move|p1a: Weavile|Trick|p2a: Ting-Lu\n|-activate|p1a: Weavile|move: Trick|[of] p2a: Ting-Lu\n|-item|p2a: Ting-Lu|Choice Scarf|[from] move: Trick\n|-item|p1a: Weavile|Leftovers|[from] move: Trick\n|move|p2a: Ting-Lu|Spikes|p1a: Weavile\n|-sidestart|p1: NotAmazingYT|Spikes\n|\n|-heal|p1a: Weavile|94\/100|[from] item: Leftovers\n|upkeep\n|turn|4\n|\n|t:|1700357044\n|switch|p1a: Gliscor|Gliscor, M|100\/100\n|-damage|p1a: Gliscor|88\/100|[from] Stealth Rock\n|move|p2a: Ting-Lu|Spikes|p1a: Gliscor\n|-sidestart|p1: NotAmazingYT|Spikes\n|\n|-status|p1a: Gliscor|tox|[from] item: Toxic Orb\n|upkeep\n|turn|5\n|\n|t:|1700357052\n|move|p1a: Gliscor|Defog|p2a: Ting-Lu\n|-unboost|p2a: Ting-Lu|evasion|1\n|-sideend|p2: XiaoLiu233|Stealth Rock|[from] move: Defog|[of] p1a: Gliscor\n|-sideend|p1: NotAmazingYT|Spikes|[from] move: Defog|[of] p1a: Gliscor\n|-sideend|p1: NotAmazingYT|Stealth Rock|[from] move: Defog|[of] p1a: Gliscor\n|move|p2a: Ting-Lu|Spikes|p1a: Gliscor\n|-sidestart|p1: NotAmazingYT|Spikes\n|\n|-heal|p1a: Gliscor|100\/100 tox|[from] ability: Poison Heal\n|upkeep\n|turn|6\n|\n|t:|1700357060\n|move|p1a: Gliscor|Toxic|p2a: Ting-Lu\n|-status|p2a: Ting-Lu|tox\n|move|p2a: Ting-Lu|Spikes|p1a: Gliscor\n|-sidestart|p1: NotAmazingYT|Spikes\n|\n|-damage|p2a: Ting-Lu|94\/100 tox|[from] psn\n|upkeep\n|turn|7\n|\n|t:|1700357067\n|move|p1a: Gliscor|Defog|p2a: Ting-Lu\n|-unboost|p2a: Ting-Lu|evasion|1\n|-sideend|p1: NotAmazingYT|Spikes|[from] move: Defog|[of] p1a: Gliscor\n|move|p2a: Ting-Lu|Spikes|p1a: Gliscor\n|-sidestart|p1: NotAmazingYT|Spikes\n|\n|-damage|p2a: Ting-Lu|82\/100 tox|[from] psn\n|upkeep\n|turn|8\n|\n|t:|1700357074\n|move|p1a: Gliscor|Defog|p2a: Ting-Lu\n|-unboost|p2a: Ting-Lu|evasion|1\n|-sideend|p1: NotAmazingYT|Spikes|[from] move: Defog|[of] p1a: Gliscor\n|move|p2a: Ting-Lu|Spikes|p1a: Gliscor\n|-sidestart|p1: NotAmazingYT|Spikes\n|\n|-damage|p2a: Ting-Lu|63\/100 tox|[from] psn\n|upkeep\n|turn|9\n|\n|t:|1700357089\n|switch|p2a: Kommo-o|Kommo-o, M|100\/100\n|move|p1a: Gliscor|Defog|p2a: Kommo-o\n|-unboost|p2a: Kommo-o|evasion|1\n|-sideend|p1: NotAmazingYT|Spikes|[from] move: Defog|[of] p1a: Gliscor\n|\n|upkeep\n|turn|10\n|\n|t:|1700357097\n|-zpower|p2a: Kommo-o\n|move|p2a: Kommo-o|Clangorous Soulblaze|p1a: Gliscor|[zeffect]\n|-damage|p1a: Gliscor|0 fnt\n|faint|p1a: Gliscor\n|-boost|p2a: Kommo-o|atk|1\n|-boost|p2a: Kommo-o|def|1\n|-boost|p2a: Kommo-o|spa|1\n|-boost|p2a: Kommo-o|spd|1\n|-boost|p2a: Kommo-o|spe|1\n|\n|upkeep\n|inactive|NotAmazingYT has 120 seconds left.\n|\n|t:|1700357142\n|switch|p1a: Weavile|Weavile, M|94\/100\n|turn|11\n|\n|t:|1700357151\n|move|p2a: Kommo-o|Flamethrower|p1a: Weavile\n|-damage|p1a: Weavile|12\/100\n|replace|p1a: Zoroark|Zoroark-Hisui, M\n|-end|p1a: Zoroark|Illusion\n|move|p1a: Zoroark|Shadow Ball|p2a: Kommo-o\n|-damage|p2a: Kommo-o|69\/100\n|\n|-heal|p1a: Zoroark|18\/100|[from] item: Leftovers\n|upkeep\n|turn|12\n|inactive|NotAmazingYT has 120 seconds left.\n|\n|t:|1700357173\n|switch|p1a: Heatran|Heatran, M, tera:Flying|100\/100\n|move|p2a: Kommo-o|Clanging Scales|p1a: Heatran\n|-damage|p1a: Heatran|54\/100\n|-unboost|p2a: Kommo-o|def|1\n|\n|-heal|p1a: Heatran|60\/100|[from] item: Leftovers\n|upkeep\n|turn|13\n|\n|t:|1700357186\n|move|p2a: Kommo-o|Boomburst|p1a: Heatran\n|-damage|p1a: Heatran|16\/100\n|move|p1a: Heatran|Magma Storm|p2a: Kommo-o\n|-resisted|p2a: Kommo-o\n|-damage|p2a: Kommo-o|54\/100\n|-activate|p2a: Kommo-o|move: Magma Storm|[of] p1a: Heatran\n|\n|-heal|p1a: Heatran|23\/100|[from] item: Leftovers\n|-damage|p2a: Kommo-o|42\/100|[from] move: Magma Storm|[partiallytrapped]\n|upkeep\n|turn|14\n|\n|t:|1700357205\n|switch|p1a: Weavile|Weavile, M|18\/100\n|move|p2a: Kommo-o|Boomburst|p1a: Weavile\n|-immune|p1a: Weavile\n|\n|-heal|p1a: Weavile|24\/100|[from] item: Leftovers\n|-end|p2a: Kommo-o|Magma Storm|[partiallytrapped]|[silent]\n|upkeep\n|turn|15\n|\n|t:|1700357216\n|move|p2a: Kommo-o|Clangorous Soul|p2a: Kommo-o\n|-boost|p2a: Kommo-o|atk|1\n|-boost|p2a: Kommo-o|def|1\n|-boost|p2a: Kommo-o|spa|1\n|-boost|p2a: Kommo-o|spd|1\n|-boost|p2a: Kommo-o|spe|1\n|-damage|p2a: Kommo-o|9\/100\n|move|p1a: Weavile|Shadow Ball|p2a: Kommo-o\n|-damage|p2a: Kommo-o|0 fnt\n|faint|p2a: Kommo-o\n|\n|-heal|p1a: Weavile|30\/100|[from] item: Leftovers\n|upkeep\n|\n|t:|1700357227\n|switch|p2a: Charizard|Charizard, M|100\/100\n|turn|16\n|\n|t:|1700357237\n|switch|p1a: Heatran|Heatran, M, tera:Flying|23\/100\n|detailschange|p2a: Charizard|Charizard-Mega-Y, M\n|-mega|p2a: Charizard|Charizard|Charizardite Y\n|-weather|SunnyDay|[from] ability: Drought|[of] p2a: Charizard\n|move|p2a: Charizard|Focus Blast|p1a: Heatran\n|-resisted|p1a: Heatran\n|-damage|p1a: Heatran|6\/100\n|\n|-weather|SunnyDay|[upkeep]\n|-heal|p1a: Heatran|12\/100|[from] item: Leftovers\n|upkeep\n|turn|17\n|inactive|NotAmazingYT has 120 seconds left.\n|\n|t:|1700357252\n|move|p2a: Charizard|Focus Blast|p1a: Heatran|[miss]\n|-miss|p2a: Charizard|p1a: Heatran\n|move|p1a: Heatran|Stealth Rock|p2a: Charizard\n|-sidestart|p2: XiaoLiu233|move: Stealth Rock\n|\n|-weather|SunnyDay|[upkeep]\n|-heal|p1a: Heatran|19\/100|[from] item: Leftovers\n|upkeep\n|turn|18\n|inactive|NotAmazingYT has 120 seconds left.\n|\n|t:|1700357262\n|move|p2a: Charizard|Focus Blast|p1a: Heatran\n|-resisted|p1a: Heatran\n|-damage|p1a: Heatran|1\/100\n|move|p1a: Heatran|Magma Storm|p2a: Charizard\n|-resisted|p2a: Charizard\n|-damage|p2a: Charizard|69\/100\n|-activate|p2a: Charizard|move: Magma Storm|[of] p1a: Heatran\n|\n|-weather|SunnyDay|[upkeep]\n|-heal|p1a: Heatran|8\/100|[from] item: Leftovers\n|-damage|p2a: Charizard|57\/100|[from] move: Magma Storm|[partiallytrapped]\n|upkeep\n|turn|19\n|inactive|NotAmazingYT has 120 seconds left.\n|\n|t:|1700357274\n|switch|p1a: Weavile|Weavile, M|30\/100\n|move|p2a: Charizard|Focus Blast|p1a: Weavile\n|-immune|p1a: Weavile\n|\n|-weather|SunnyDay|[upkeep]\n|-heal|p1a: Weavile|36\/100|[from] item: Leftovers\n|-end|p2a: Charizard|Magma Storm|[partiallytrapped]|[silent]\n|upkeep\n|turn|20\n|inactive|NotAmazingYT has 120 seconds left.\n|\n|t:|1700357289\n|move|p1a: Weavile|Hyper Voice|p2a: Charizard\n|-damage|p2a: Charizard|12\/100\n|move|p2a: Charizard|Scorching Sands|p1a: Weavile\n|-damage|p1a: Weavile|0 fnt\n|replace|p1a: Zoroark|Zoroark-Hisui, M\n|-end|p1a: Zoroark|Illusion\n|faint|p1a: Zoroark\n|\n|-weather|none\n|upkeep\n|\n|t:|1700357303\n|switch|p1a: Weavile|Weavile, M|100\/100\n|-ability|p1a: Weavile|Pressure\n|turn|21\n|\n|t:|1700357327\n|move|p1a: Weavile|Pursuit|p2a: Charizard\n|-damage|p2a: Charizard|0 fnt\n|faint|p2a: Charizard\n|\n|upkeep\n|\n|t:|1700357333\n|switch|p2a: Volcarona|Volcarona, M|100\/100\n|turn|22\n|\n|t:|1700357340\n|switch|p1a: Heatran|Heatran, M, tera:Flying|8\/100\n|move|p2a: Volcarona|Fiery Dance|p1a: Heatran\n|-start|p1a: Heatran|ability: Flash Fire\n|\n|-heal|p1a: Heatran|14\/100|[from] item: Leftovers\n|upkeep\n|turn|23\n|\n|t:|1700357354\n|move|p2a: Volcarona|Giga Drain|p1a: Heatran\n|-resisted|p1a: Heatran\n|-damage|p1a: Heatran|4\/100\n|move|p1a: Heatran|Magma Storm|p2a: Volcarona|[miss]\n|-miss|p1a: Heatran|p2a: Volcarona\n|\n|-heal|p1a: Heatran|10\/100|[from] item: Leftovers\n|upkeep\n|turn|24\n|\n|t:|1700357364\n|move|p2a: Volcarona|Giga Drain|p1a: Heatran\n|-resisted|p1a: Heatran\n|-damage|p1a: Heatran|0 fnt\n|faint|p1a: Heatran\n|\n|upkeep\n|\n|t:|1700357368\n|switch|p1a: Manaphy|Manaphy|100\/100\n|turn|25\n|\n|t:|1700357375\n|move|p1a: Manaphy|Tail Glow|p1a: Manaphy\n|-boost|p1a: Manaphy|spa|3\n|move|p2a: Volcarona|Giga Drain|p1a: Manaphy\n|-supereffective|p1a: Manaphy\n|-damage|p1a: Manaphy|48\/100\n|\n|upkeep\n|turn|26\n|\n|t:|1700357382\n|move|p1a: Manaphy|Scald|p2a: Volcarona\n|-supereffective|p2a: Volcarona\n|-damage|p2a: Volcarona|0 fnt\n|faint|p2a: Volcarona\n|\n|upkeep\n|\n|t:|1700357388\n|switch|p2a: Ting-Lu|Ting-Lu|63\/100 tox\n|-damage|p2a: Ting-Lu|57\/100 tox|[from] Stealth Rock\n|-ability|p2a: Ting-Lu|Vessel of Ruin\n|turn|27\n|\n|t:|1700357403\n|move|p1a: Manaphy|Scald|p2a: Ting-Lu\n|-supereffective|p2a: Ting-Lu\n|-damage|p2a: Ting-Lu|0 fnt\n|faint|p2a: Ting-Lu\n|\n|upkeep\n|\n|t:|1700357406\n|switch|p2a: Rillaboom|Rillaboom, F|100\/100\n|-damage|p2a: Rillaboom|88\/100|[from] Stealth Rock\n|-fieldstart|move: Grassy Terrain|[from] ability: Grassy Surge|[of] p2a: Rillaboom\n|turn|28\n|inactive|NotAmazingYT has 120 seconds left.\n|\n|t:|1700357440\n|-terastallize|p2a: Rillaboom|Grass\n|move|p2a: Rillaboom|Grassy Glide|p1a: Manaphy\n|-supereffective|p1a: Manaphy\n|-damage|p1a: Manaphy|0 fnt\n|faint|p1a: Manaphy\n|\n|-heal|p2a: Rillaboom|94\/100|[from] Grassy Terrain\n|-heal|p2a: Rillaboom|100\/100|[from] item: Leftovers\n|upkeep\n|inactive|NotAmazingYT has 120 seconds left.\n|\n|t:|1700357458\n|switch|p1a: Weavile|Weavile, M|100\/100\n|-ability|p1a: Weavile|Pressure\n|turn|29\n|\n|t:|1700357473\n|switch|p2a: Corviknight|Corviknight, M|100\/100\n|-damage|p2a: Corviknight|88\/100|[from] Stealth Rock\n|move|p1a: Weavile|Ice Shard|p2a: Corviknight\n|-damage|p2a: Corviknight|69\/100\n|\n|upkeep\n|turn|30\n|\n|t:|1700357480\n|switch|p1a: Garchomp|Garchomp, F|100\/100\n|move|p2a: Corviknight|Body Press|p1a: Garchomp\n|-crit|p1a: Garchomp\n|-damage|p1a: Garchomp|58\/100\n|-damage|p2a: Corviknight|57\/100|[from] ability: Rough Skin|[of] p1a: Garchomp\n|\n|-heal|p1a: Garchomp|64\/100|[from] Grassy Terrain\n|upkeep\n|turn|31\n|inactive|NotAmazingYT has 120 seconds left.\n|\n|t:|1700357494\n|detailschange|p1a: Garchomp|Garchomp-Mega, F\n|-mega|p1a: Garchomp|Garchomp|Garchompite\n|move|p1a: Garchomp|Swords Dance|p1a: Garchomp\n|-boost|p1a: Garchomp|atk|2\n|move|p2a: Corviknight|Body Press|p1a: Garchomp\n|-damage|p1a: Garchomp|43\/100\n|\n|-heal|p1a: Garchomp|49\/100|[from] Grassy Terrain\n|upkeep\n|turn|32\n|inactive|NotAmazingYT has 120 seconds left.\n|inactive|NotAmazingYT has 90 seconds left.\n|\n|t:|1700357537\n|move|p1a: Garchomp|Scale Shot|p2a: Corviknight\n|-resisted|p2a: Corviknight\n|-damage|p2a: Corviknight|47\/100\n|-resisted|p2a: Corviknight\n|-damage|p2a: Corviknight|35\/100\n|-hitcount|p2a: Corviknight|2\n|-unboost|p1a: Garchomp|def|1\n|-boost|p1a: Garchomp|spe|1\n|move|p2a: Corviknight|Body Press|p1a: Garchomp\n|-damage|p1a: Garchomp|13\/100\n|\n|-heal|p1a: Garchomp|20\/100|[from] Grassy Terrain\n|-fieldend|move: Grassy Terrain\n|upkeep\n|turn|33\n|inactive|NotAmazingYT has 90 seconds left.\n|inactive|NotAmazingYT has 60 seconds left.\n|\n|t:|1700357590\n|move|p1a: Garchomp|Iron Head|p2a: Corviknight\n|-resisted|p2a: Corviknight\n|-damage|p2a: Corviknight|13\/100\n|-damage|p1a: Garchomp|3\/100|[from] item: Rocky Helmet|[of] p2a: Corviknight\n|cant|p2a: Corviknight|flinch\n|\n|upkeep\n|turn|34\n|\n|t:|1700357603\n|move|p1a: Garchomp|Scale Shot|p2a: Corviknight\n|-resisted|p2a: Corviknight\n|-damage|p2a: Corviknight|3\/100\n|-resisted|p2a: Corviknight\n|-damage|p2a: Corviknight|0 fnt\n|faint|p2a: Corviknight\n|-hitcount|p2: Corviknight|2\n|-unboost|p1a: Garchomp|def|1\n|-boost|p1a: Garchomp|spe|1\n|\n|upkeep\n|\n|t:|1700357612\n|switch|p2a: Rillaboom|Rillaboom, F, tera:Grass|100\/100\n|-damage|p2a: Rillaboom|88\/100|[from] Stealth Rock\n|-fieldstart|move: Grassy Terrain|[from] ability: Grassy Surge|[of] p2a: Rillaboom\n|turn|35\n|inactive|NotAmazingYT has 60 seconds left.\n|\n|t:|1700357624\n|move|p2a: Rillaboom|Grassy Glide|p1a: Garchomp\n|-damage|p1a: Garchomp|0 fnt\n|faint|p1a: Garchomp\n|\n|-heal|p2a: Rillaboom|94\/100|[from] Grassy Terrain\n|-heal|p2a: Rillaboom|100\/100|[from] item: Leftovers\n|upkeep\n|\n|t:|1700357640\n|switch|p1a: Weavile|Weavile, M|100\/100\n|-ability|p1a: Weavile|Pressure\n|turn|36\n|\n|t:|1700357655\n|move|p1a: Weavile|Triple Axel|p2a: Rillaboom\n|-supereffective|p2a: Rillaboom\n|-damage|p2a: Rillaboom|65\/100\n|-supereffective|p2a: Rillaboom\n|-damage|p2a: Rillaboom|0 fnt\n|faint|p2a: Rillaboom\n|-hitcount|p2: Rillaboom|2\n|\n|win|NotAmazingYT\n|raw|NotAmazingYT's rating: 1180 &rarr; <strong>1199<\/strong><br \/>(+19 for winning)\n|raw|XiaoLiu233's rating: 1097 &rarr; <strong>1078<\/strong><br \/>(-19 for losing)\n|l|\u2606XiaoLiu233\n","uploadtime":1700357687,"views":7,"p1id":"notamazingyt","p2id":"xiaoliu233","formatid":"gen9nationaldex","rating":1078,"private":0,"password":""}