{"id":"gen9nationaldex-1988403897","p1":"DarkYuichiro","p2":"Ricardo2221","format":"[Gen 9] National Dex","log":"|j|\u2606DarkYuichiro\n|j|\u2606Ricardo2221\n|t:|1699719152\n|gametype|singles\n|player|p1|DarkYuichiro|roxie|\n|player|p2|Ricardo2221|benga|\n|teamsize|p1|6\n|teamsize|p2|6\n|gen|9\n|tier|[Gen 9] National Dex\n|rule|HP Percentage Mod: HP is shown in percentages\n|rule|Endless Battle Clause: Forcing endless battles is banned\n|rule|OHKO Clause: OHKO moves are banned\n|rule|Evasion Clause: Evasion abilities, items, and moves are banned\n|rule|Evasion Abilities Clause: Evasion abilities are banned\n|rule|Evasion Items Clause: Evasion items are banned\n|rule|Evasion Moves Clause: Evasion moves are banned\n|rule|Species Clause: Limit one of each Pok\u00e9mon\n|rule|Sleep Clause Mod: Limit one foe put to sleep\n|clearpoke\n|poke|p1|Galvantula, M|\n|poke|p1|Amoonguss, M|\n|poke|p1|Beedrill, M|\n|poke|p1|Iron Moth|\n|poke|p1|Skeledirge, M|\n|poke|p1|Dondozo, M|\n|poke|p2|Sneasler, F|\n|poke|p2|Iron Valiant|\n|poke|p2|Zapdos|\n|poke|p2|Pinsir, F|\n|poke|p2|Landorus-Therian, M|\n|poke|p2|Garganacl, F|\n|teampreview\n|inactive|Battle timer is ON: inactive players will automatically lose when time's up. (requested by Ricardo2221)\n|j| EmiKohi\n|\n|t:|1699719171\n|start\n|switch|p1a: Copernico|Galvantula, M, shiny|100\/100\n|switch|p2a: Landorus|Landorus-Therian, M|100\/100\n|-ability|p2a: Landorus|Intimidate|boost\n|-unboost|p1a: Copernico|atk|1\n|turn|1\n|c| EmiKohi|la batalla final\n|\n|t:|1699719174\n|move|p1a: Copernico|Sticky Web|p2a: Landorus\n|-sidestart|p2: Ricardo2221|move: Sticky Web\n|move|p2a: Landorus|Earthquake|p1a: Copernico\n|-damage|p1a: Copernico|2\/100\n|\n|upkeep\n|turn|2\n|c| EmiKohi|buicsecso\n|\n|t:|1699719177\n|move|p1a: Copernico|Bug Buzz|p2a: Landorus\n|-resisted|p2a: Landorus\n|-damage|p2a: Landorus|76\/100\n|move|p2a: Landorus|Earthquake|p1a: Copernico\n|-damage|p1a: Copernico|0 fnt\n|faint|p1a: Copernico\n|\n|upkeep\n|\n|t:|1699719181\n|switch|p1a: Mondongo|Dondozo, M|100\/100\n|turn|3\n|\n|t:|1699719185\n|move|p2a: Landorus|Stealth Rock|p1a: Mondongo\n|-sidestart|p1: DarkYuichiro|move: Stealth Rock\n|move|p1a: Mondongo|Curse|p1a: Mondongo\n|-unboost|p1a: Mondongo|spe|1\n|-boost|p1a: Mondongo|atk|1\n|-boost|p1a: Mondongo|def|1\n|\n|upkeep\n|turn|4\n|c| EmiKohi|vamos buichisepso\n|\n|t:|1699719191\n|switch|p2a: Zapdos|Zapdos|100\/100\n|move|p1a: Mondongo|Wave Crash|p2a: Zapdos\n|-damage|p2a: Zapdos|36\/100\n|-status|p1a: Mondongo|par|[from] ability: Static|[of] p2a: Zapdos\n|-damage|p1a: Mondongo|84\/100 par|[from] Recoil\n|\n|-heal|p1a: Mondongo|91\/100 par|[from] item: Leftovers\n|upkeep\n|turn|5\n|c| EmiKohi|BIEN CO\u00d1O CARAJO\n|c| EmiKohi|Rip\n|\n|t:|1699719207\n|switch|p1a: Bob|Amoonguss, M, shiny|100\/100\n|-damage|p1a: Bob|88\/100|[from] Stealth Rock\n|move|p2a: Zapdos|Roost|p2a: Zapdos\n|-heal|p2a: Zapdos|86\/100\n|-singleturn|p2a: Zapdos|move: Roost\n|\n|upkeep\n|turn|6\n|\n|t:|1699719210\n|move|p2a: Zapdos|Hurricane|p1a: Bob\n|-supereffective|p1a: Bob\n|-damage|p1a: Bob|11\/100\n|move|p1a: Bob|Sludge Bomb|p2a: Zapdos\n|-damage|p2a: Zapdos|62\/100\n|\n|upkeep\n|turn|7\n|c| EmiKohi|co\u00f1ochiro\n|\n|t:|1699719217\n|switch|p1a: Guayando|Skeledirge, M, shiny|100\/100\n|move|p2a: Zapdos|Thunderbolt|p1a: Guayando\n|-damage|p1a: Guayando|62\/100\n|\n|upkeep\n|turn|8\n|\n|t:|1699719220\n|move|p2a: Zapdos|Defog|p1a: Guayando\n|-unboost|p1a: Guayando|evasion|1\n|-sideend|p1: DarkYuichiro|Stealth Rock|[from] move: Defog|[of] p2a: Zapdos\n|-sideend|p2: Ricardo2221|Sticky Web|[from] move: Defog|[of] p2a: Zapdos\n|move|p1a: Guayando|Slack Off|p1a: Guayando\n|-heal|p1a: Guayando|100\/100\n|\n|upkeep\n|turn|9\n|\n|t:|1699719224\n|move|p2a: Zapdos|Thunderbolt|p1a: Guayando\n|-damage|p1a: Guayando|64\/100\n|move|p1a: Guayando|Torch Song|p2a: Zapdos\n|-damage|p2a: Zapdos|32\/100\n|-boost|p1a: Guayando|spa|1\n|\n|upkeep\n|turn|10\n|\n|t:|1699719229\n|move|p2a: Zapdos|Thunderbolt|p1a: Guayando\n|-damage|p1a: Guayando|25\/100\n|move|p1a: Guayando|Slack Off|p1a: Guayando\n|-heal|p1a: Guayando|75\/100\n|\n|upkeep\n|turn|11\n|\n|t:|1699719234\n|switch|p2a: Garganacl|Garganacl, F|100\/100\n|move|p1a: Guayando|Torch Song|p2a: Garganacl\n|-resisted|p2a: Garganacl\n|-damage|p2a: Garganacl|87\/100\n|-boost|p1a: Guayando|spa|1\n|\n|-heal|p2a: Garganacl|93\/100|[from] item: Leftovers\n|upkeep\n|turn|12\n|\n|t:|1699719244\n|switch|p1a: Bob|Amoonguss, M, shiny|44\/100\n|move|p2a: Garganacl|Salt Cure|p1a: Bob\n|-damage|p1a: Bob|34\/100\n|-start|p1a: Bob|Salt Cure\n|\n|-heal|p2a: Garganacl|99\/100|[from] item: Leftovers\n|-damage|p1a: Bob|21\/100|[from] Salt Cure\n|upkeep\n|turn|13\n|\n|t:|1699719249\n|switch|p1a: Mondongo|Dondozo, M|91\/100 par\n|move|p2a: Garganacl|Recover|p2a: Garganacl\n|-heal|p2a: Garganacl|100\/100\n|\n|-heal|p1a: Mondongo|97\/100 par|[from] item: Leftovers\n|upkeep\n|turn|14\n|\n|t:|1699719259\n|-terastallize|p1a: Mondongo|Dragon\n|move|p2a: Garganacl|Salt Cure|p1a: Mondongo\n|-damage|p1a: Mondongo|90\/100 par\n|-start|p1a: Mondongo|Salt Cure\n|move|p1a: Mondongo|Curse|p1a: Mondongo\n|-unboost|p1a: Mondongo|spe|1\n|-boost|p1a: Mondongo|atk|1\n|-boost|p1a: Mondongo|def|1\n|\n|-heal|p1a: Mondongo|96\/100 par|[from] item: Leftovers\n|-damage|p1a: Mondongo|84\/100 par|[from] Salt Cure\n|upkeep\n|turn|15\n|\n|t:|1699719272\n|move|p2a: Garganacl|Salt Cure|p1a: Mondongo\n|-damage|p1a: Mondongo|79\/100 par\n|move|p1a: Mondongo|Wave Crash|p2a: Garganacl\n|-supereffective|p2a: Garganacl\n|-damage|p2a: Garganacl|17\/100\n|-damage|p1a: Mondongo|57\/100 par|[from] Recoil\n|\n|-heal|p2a: Garganacl|24\/100|[from] item: Leftovers\n|-heal|p1a: Mondongo|63\/100 par|[from] item: Leftovers\n|-damage|p1a: Mondongo|50\/100 par|[from] Salt Cure\n|upkeep\n|turn|16\n|\n|t:|1699719276\n|move|p2a: Garganacl|Recover|p2a: Garganacl\n|-heal|p2a: Garganacl|74\/100\n|move|p1a: Mondongo|Rest|p1a: Mondongo\n|-status|p1a: Mondongo|slp|[from] move: Rest\n|-heal|p1a: Mondongo|100\/100 slp|[silent]\n|\n|-heal|p2a: Garganacl|80\/100|[from] item: Leftovers\n|-damage|p1a: Mondongo|88\/100 slp|[from] Salt Cure\n|upkeep\n|turn|17\n|c| EmiKohi|BIEN CARAJO\n|\n|t:|1699719283\n|switch|p2a: Iron Valiant|Iron Valiant|100\/100\n|-enditem|p2a: Iron Valiant|Booster Energy\n|-activate|p2a: Iron Valiant|ability: Quark Drive|[fromitem]\n|-start|p2a: Iron Valiant|quarkdrivespe\n|cant|p1a: Mondongo|slp\n|\n|-heal|p1a: Mondongo|94\/100 slp|[from] item: Leftovers\n|-damage|p1a: Mondongo|82\/100 slp|[from] Salt Cure\n|upkeep\n|turn|18\n|\n|t:|1699719287\n|switch|p1a: Bob|Amoonguss, M, shiny|55\/100\n|move|p2a: Iron Valiant|Close Combat|p1a: Bob\n|-resisted|p1a: Bob\n|-damage|p1a: Bob|33\/100\n|-unboost|p2a: Iron Valiant|def|1\n|-unboost|p2a: Iron Valiant|spd|1\n|\n|upkeep\n|turn|19\n|\n|t:|1699719294\n|-end|p2a: Iron Valiant|Quark Drive|[silent]\n|switch|p2a: Landorus|Landorus-Therian, M|76\/100\n|-ability|p2a: Landorus|Intimidate|boost\n|-unboost|p1a: Bob|atk|1\n|move|p1a: Bob|Sludge Bomb|p2a: Landorus\n|-resisted|p2a: Landorus\n|-damage|p2a: Landorus|58\/100\n|\n|upkeep\n|turn|20\n|\n|t:|1699719298\n|switch|p1a: Mondongo|Dondozo, M, tera:Dragon|82\/100 slp\n|move|p2a: Landorus|Earthquake|p1a: Mondongo\n|-damage|p1a: Mondongo|54\/100 slp\n|\n|-heal|p1a: Mondongo|60\/100 slp|[from] item: Leftovers\n|upkeep\n|turn|21\n|\n|t:|1699719302\n|switch|p2a: Iron Valiant|Iron Valiant|100\/100\n|cant|p1a: Mondongo|slp\n|\n|-heal|p1a: Mondongo|67\/100 slp|[from] item: Leftovers\n|upkeep\n|turn|22\n|\n|t:|1699719313\n|-end|p2a: Iron Valiant|Quark Drive|[silent]\n|switch|p2a: Pinsir|Pinsir, F|100\/100\n|switch|p1a: Bob|Amoonguss, M, shiny|66\/100\n|\n|upkeep\n|turn|23\n|\n|t:|1699719319\n|switch|p1a: Mondongo|Dondozo, M, tera:Dragon|67\/100 slp\n|detailschange|p2a: Pinsir|Pinsir-Mega, F\n|-mega|p2a: Pinsir|Pinsir|Pinsirite\n|move|p2a: Pinsir|Return|p1a: Mondongo\n|-damage|p1a: Mondongo|28\/100 slp\n|\n|-heal|p1a: Mondongo|34\/100 slp|[from] item: Leftovers\n|upkeep\n|turn|24\n|\n|t:|1699719325\n|move|p2a: Pinsir|Return|p1a: Mondongo\n|-damage|p1a: Mondongo|0 fnt\n|faint|p1a: Mondongo\n|\n|upkeep\n|\n|t:|1699719327\n|switch|p1a: Guayando|Skeledirge, M, shiny|75\/100\n|turn|25\n|\n|t:|1699719331\n|move|p2a: Pinsir|Earthquake|p1a: Guayando\n|-supereffective|p1a: Guayando\n|-damage|p1a: Guayando|11\/100\n|move|p1a: Guayando|Will-O-Wisp|p2a: Pinsir\n|-status|p2a: Pinsir|brn\n|\n|-damage|p2a: Pinsir|95\/100 brn|[from] brn\n|upkeep\n|turn|26\n|\n|t:|1699719336\n|move|p2a: Pinsir|Earthquake|p1a: Guayando\n|-supereffective|p1a: Guayando\n|-damage|p1a: Guayando|0 fnt\n|faint|p1a: Guayando\n|\n|-damage|p2a: Pinsir|89\/100 brn|[from] brn\n|upkeep\n|\n|t:|1699719340\n|switch|p1a: Mothra|Iron Moth|100\/100\n|-enditem|p1a: Mothra|Booster Energy\n|-activate|p1a: Mothra|ability: Quark Drive|[fromitem]\n|-start|p1a: Mothra|quarkdrivespa\n|turn|27\n|c| EmiKohi|Rip\n|\n|t:|1699719342\n|move|p2a: Pinsir|Quick Attack|p1a: Mothra\n|-damage|p1a: Mothra|78\/100\n|move|p1a: Mothra|Fiery Dance|p2a: Pinsir\n|-supereffective|p2a: Pinsir\n|-damage|p2a: Pinsir|0 fnt\n|faint|p2a: Pinsir\n|\n|upkeep\n|\n|t:|1699719346\n|switch|p2a: Garganacl|Garganacl, F|80\/100\n|turn|28\n|\n|t:|1699719350\n|-terastallize|p2a: Garganacl|Ghost\n|move|p1a: Mothra|Energy Ball|p2a: Garganacl\n|-damage|p2a: Garganacl|50\/100\n|move|p2a: Garganacl|Salt Cure|p1a: Mothra\n|-supereffective|p1a: Mothra\n|-damage|p1a: Mothra|31\/100\n|-start|p1a: Mothra|Salt Cure\n|\n|-heal|p2a: Garganacl|56\/100|[from] item: Leftovers\n|-damage|p1a: Mothra|19\/100|[from] Salt Cure\n|upkeep\n|turn|29\n|\n|t:|1699719354\n|move|p1a: Mothra|Fiery Dance|p2a: Garganacl\n|-damage|p2a: Garganacl|17\/100\n|move|p2a: Garganacl|Recover|p2a: Garganacl\n|-heal|p2a: Garganacl|67\/100\n|\n|-heal|p2a: Garganacl|73\/100|[from] item: Leftovers\n|-damage|p1a: Mothra|6\/100|[from] Salt Cure\n|upkeep\n|turn|30\n|c| EmiKohi|no yuishi desperdiciaste a dondozo\n|\n|t:|1699719358\n|move|p1a: Mothra|Fiery Dance|p2a: Garganacl\n|-damage|p2a: Garganacl|37\/100\n|move|p2a: Garganacl|Iron Defense|p2a: Garganacl\n|-boost|p2a: Garganacl|def|2\n|\n|-heal|p2a: Garganacl|44\/100|[from] item: Leftovers\n|-damage|p1a: Mothra|0 fnt|[from] Salt Cure\n|faint|p1a: Mothra\n|-end|p1a: Mothra|Quark Drive|[silent]\n|upkeep\n|\n|t:|1699719361\n|switch|p1a: Fezanditi|Beedrill, M, shiny|100\/100\n|turn|31\n|\n|t:|1699719364\n|detailschange|p1a: Fezanditi|Beedrill-Mega, M, shiny\n|-mega|p1a: Fezanditi|Beedrill|Beedrillite\n|move|p1a: Fezanditi|Knock Off|p2a: Garganacl\n|-supereffective|p2a: Garganacl\n|-damage|p2a: Garganacl|19\/100\n|-enditem|p2a: Garganacl|Leftovers|[from] move: Knock Off|[of] p1a: Fezanditi\n|move|p2a: Garganacl|Recover|p2a: Garganacl\n|-heal|p2a: Garganacl|69\/100\n|\n|upkeep\n|turn|32\n|\n|t:|1699719372\n|move|p1a: Fezanditi|Knock Off|p2a: Garganacl\n|-supereffective|p2a: Garganacl\n|-damage|p2a: Garganacl|51\/100\n|move|p2a: Garganacl|Recover|p2a: Garganacl\n|-heal|p2a: Garganacl|100\/100\n|\n|upkeep\n|turn|33\n|\n|t:|1699719376\n|switch|p1a: Bob|Amoonguss, M, shiny|99\/100\n|move|p2a: Garganacl|Salt Cure|p1a: Bob\n|-damage|p1a: Bob|89\/100\n|-start|p1a: Bob|Salt Cure\n|\n|-damage|p1a: Bob|77\/100|[from] Salt Cure\n|upkeep\n|turn|34\n|\n|t:|1699719379\n|move|p2a: Garganacl|Iron Defense|p2a: Garganacl\n|-boost|p2a: Garganacl|def|2\n|move|p1a: Bob|Clear Smog|p2a: Garganacl\n|-resisted|p2a: Garganacl\n|-damage|p2a: Garganacl|95\/100\n|-clearboost|p2a: Garganacl\n|\n|-damage|p1a: Bob|64\/100|[from] Salt Cure\n|upkeep\n|turn|35\n|\n|t:|1699719384\n|switch|p1a: Fezanditi|Beedrill-Mega, M, shiny|100\/100\n|move|p2a: Garganacl|Iron Defense|p2a: Garganacl\n|-boost|p2a: Garganacl|def|2\n|\n|upkeep\n|turn|36\n|\n|t:|1699719387\n|move|p1a: Fezanditi|Knock Off|p2a: Garganacl\n|-supereffective|p2a: Garganacl\n|-damage|p2a: Garganacl|77\/100\n|move|p2a: Garganacl|Salt Cure|p1a: Fezanditi\n|-supereffective|p1a: Fezanditi\n|-damage|p1a: Fezanditi|30\/100\n|-start|p1a: Fezanditi|Salt Cure\n|\n|-damage|p1a: Fezanditi|17\/100|[from] Salt Cure\n|upkeep\n|turn|37\n|\n|t:|1699719391\n|switch|p1a: Bob|Amoonguss, M, shiny|97\/100\n|move|p2a: Garganacl|Body Press|p1a: Bob\n|-resisted|p1a: Bob\n|-damage|p1a: Bob|81\/100\n|\n|upkeep\n|turn|38\n|\n|t:|1699719394\n|move|p2a: Garganacl|Recover|p2a: Garganacl\n|-heal|p2a: Garganacl|100\/100\n|move|p1a: Bob|Giga Drain|p2a: Garganacl\n|-damage|p2a: Garganacl|86\/100\n|-heal|p1a: Bob|88\/100|[from] drain|[of] p2a: Garganacl\n|\n|upkeep\n|turn|39\n|\n|t:|1699719399\n|move|p2a: Garganacl|Salt Cure|p1a: Bob\n|-damage|p1a: Bob|77\/100\n|-start|p1a: Bob|Salt Cure\n|move|p1a: Bob|Giga Drain|p2a: Garganacl\n|-damage|p2a: Garganacl|71\/100\n|-heal|p1a: Bob|85\/100|[from] drain|[of] p2a: Garganacl\n|\n|-damage|p1a: Bob|72\/100|[from] Salt Cure\n|upkeep\n|turn|40\n|\n|t:|1699719403\n|switch|p1a: Fezanditi|Beedrill-Mega, M, shiny|17\/100\n|move|p2a: Garganacl|Salt Cure|p1a: Fezanditi\n|-supereffective|p1a: Fezanditi\n|-damage|p1a: Fezanditi|0 fnt\n|faint|p1a: Fezanditi\n|\n|upkeep\n|\n|t:|1699719405\n|switch|p1a: Bob|Amoonguss, M, shiny|100\/100\n|turn|41\n|c|\u2606DarkYuichiro|Gg\n|c|\u2606Ricardo2221|Gg\n|\n|t:|1699719413\n|move|p2a: Garganacl|Salt Cure|p1a: Bob\n|-damage|p1a: Bob|89\/100\n|-start|p1a: Bob|Salt Cure\n|move|p1a: Bob|Sludge Bomb|p2a: Garganacl\n|-resisted|p2a: Garganacl\n|-damage|p2a: Garganacl|62\/100\n|\n|-damage|p1a: Bob|77\/100|[from] Salt Cure\n|upkeep\n|turn|42\n|\n|t:|1699719417\n|move|p2a: Garganacl|Iron Defense|p2a: Garganacl\n|-boost|p2a: Garganacl|def|2\n|move|p1a: Bob|Sludge Bomb|p2a: Garganacl\n|-resisted|p2a: Garganacl\n|-damage|p2a: Garganacl|53\/100\n|\n|-damage|p1a: Bob|64\/100|[from] Salt Cure\n|upkeep\n|turn|43\n|\n|t:|1699719419\n|move|p2a: Garganacl|Iron Defense|p2a: Garganacl\n|-boost|p2a: Garganacl|def|2\n|move|p1a: Bob|Giga Drain|p2a: Garganacl\n|-damage|p2a: Garganacl|37\/100\n|-heal|p1a: Bob|72\/100|[from] drain|[of] p2a: Garganacl\n|\n|-damage|p1a: Bob|59\/100|[from] Salt Cure\n|upkeep\n|turn|44\n|\n|t:|1699719426\n|move|p2a: Garganacl|Body Press|p1a: Bob\n|-resisted|p1a: Bob\n|-damage|p1a: Bob|26\/100\n|move|p1a: Bob|Giga Drain|p2a: Garganacl\n|-damage|p2a: Garganacl|22\/100\n|-heal|p1a: Bob|33\/100|[from] drain|[of] p2a: Garganacl\n|\n|-damage|p1a: Bob|21\/100|[from] Salt Cure\n|upkeep\n|turn|45\n|\n|t:|1699719428\n|move|p2a: Garganacl|Recover|p2a: Garganacl\n|-heal|p2a: Garganacl|72\/100\n|move|p1a: Bob|Giga Drain|p2a: Garganacl\n|-damage|p2a: Garganacl|56\/100\n|-heal|p1a: Bob|28\/100|[from] drain|[of] p2a: Garganacl\n|\n|-damage|p1a: Bob|16\/100|[from] Salt Cure\n|upkeep\n|turn|46\n|\n|t:|1699719431\n|move|p2a: Garganacl|Body Press|p1a: Bob\n|-resisted|p1a: Bob\n|-damage|p1a: Bob|0 fnt\n|faint|p1a: Bob\n|\n|win|Ricardo2221\n","uploadtime":1699719434,"views":6,"p1id":"darkyuichiro","p2id":"ricardo2221","formatid":"gen9nationaldex","rating":0,"private":0,"password":""}