{"id":"gen9nationaldex-1993491630","p1":"KangWS","p2":"DrippinSauce","format":"[Gen 9] National Dex","log":"|j|\u2606KangWS\n|j|\u2606DrippinSauce\n|t:|1700324278\n|gametype|singles\n|player|p1|KangWS|clerkf|1594\n|player|p2|DrippinSauce|cynthia-masters|1660\n|teamsize|p1|6\n|teamsize|p2|6\n|gen|9\n|tier|[Gen 9] National Dex\n|rated|\n|rule|HP Percentage Mod: HP is shown in percentages\n|rule|Endless Battle Clause: Forcing endless battles is banned\n|rule|OHKO Clause: OHKO moves are banned\n|rule|Evasion Clause: Evasion abilities, items, and moves are banned\n|rule|Evasion Abilities Clause: Evasion abilities are banned\n|rule|Evasion Items Clause: Evasion items are banned\n|rule|Evasion Moves Clause: Evasion moves are banned\n|rule|Species Clause: Limit one of each Pok\u00e9mon\n|rule|Sleep Clause Mod: Limit one foe put to sleep\n|clearpoke\n|poke|p1|Banette, M|\n|poke|p1|Hoopa-Unbound|\n|poke|p1|Iron Valiant|\n|poke|p1|Alomomola, F|\n|poke|p1|Slowking-Galar, M|\n|poke|p1|Moltres|\n|poke|p2|Heatran, M|\n|poke|p2|Ninetales-Alola, F|\n|poke|p2|Great Tusk|\n|poke|p2|Ursaluna, F|\n|poke|p2|Latias, F|\n|poke|p2|Kommo-o, F|\n|teampreview\n|inactive|Battle timer is ON: inactive players will automatically lose when time's up. (requested by DrippinSauce)\n|\n|t:|1700324295\n|start\n|switch|p1a: Moltres|Moltres|100\/100\n|switch|p2a: Molten|Heatran, M, shiny|100\/100\n|turn|1\n|j| jkljlkh\n|inactive|DrippinSauce has 120 seconds left.\n|l| jkljlkh\n|inactive|DrippinSauce has 90 seconds left.\n|\n|t:|1700324365\n|switch|p1a: Slowking|Slowking-Galar, M, shiny|100\/100\n|move|p2a: Molten|Toxic|p1a: Slowking\n|-immune|p1a: Slowking\n|\n|upkeep\n|turn|2\n|\n|t:|1700324374\n|move|p2a: Molten|Taunt|p1a: Slowking\n|-start|p1a: Slowking|move: Taunt\n|cant|p1a: Slowking|move: Taunt|Chilly Reception\n|\n|upkeep\n|turn|3\n|\n|t:|1700324387\n|switch|p1a: Moltres|Moltres|100\/100\n|move|p2a: Molten|Magma Storm|p1a: Moltres|[miss]\n|-miss|p2a: Molten|p1a: Moltres\n|\n|upkeep\n|turn|4\n|\n|t:|1700324396\n|switch|p1a: Slowking|Slowking-Galar, M, shiny|100\/100\n|move|p2a: Molten|Toxic|p1a: Slowking\n|-immune|p1a: Slowking\n|\n|upkeep\n|turn|5\n|\n|t:|1700324404\n|move|p2a: Molten|Magma Storm|p1a: Slowking\n|-damage|p1a: Slowking|65\/100\n|-activate|p1a: Slowking|move: Magma Storm|[of] p2a: Molten\n|move|p1a: Slowking|Ice Beam|p2a: Molten\n|-resisted|p2a: Molten\n|-damage|p2a: Molten|97\/100\n|\n|-heal|p2a: Molten|100\/100|[from] item: Leftovers\n|-heal|p1a: Slowking|71\/100|[from] item: Leftovers\n|-damage|p1a: Slowking|58\/100|[from] move: Magma Storm|[partiallytrapped]\n|upkeep\n|turn|6\n|inactive|DrippinSauce has 120 seconds left.\n|\n|t:|1700324420\n|move|p2a: Molten|Taunt|p1a: Slowking\n|-start|p1a: Slowking|move: Taunt\n|cant|p1a: Slowking|move: Taunt|Chilly Reception\n|\n|-heal|p1a: Slowking|64\/100|[from] item: Leftovers\n|-damage|p1a: Slowking|52\/100|[from] move: Magma Storm|[partiallytrapped]\n|upkeep\n|turn|7\n|inactive|DrippinSauce has 120 seconds left.\n|j| jkljlkh\n|l| jkljlkh\n|inactive|DrippinSauce has 90 seconds left.\n|inactive|DrippinSauce has 60 seconds left.\n|\n|t:|1700324511\n|move|p2a: Molten|Earth Power|p1a: Slowking\n|-supereffective|p1a: Slowking\n|-damage|p1a: Slowking|7\/100\n|move|p1a: Slowking|Ice Beam|p2a: Molten\n|-resisted|p2a: Molten\n|-crit|p2a: Molten\n|-damage|p2a: Molten|96\/100\n|\n|-heal|p2a: Molten|100\/100|[from] item: Leftovers\n|-heal|p1a: Slowking|13\/100|[from] item: Leftovers\n|-damage|p1a: Slowking|1\/100|[from] move: Magma Storm|[partiallytrapped]\n|upkeep\n|turn|8\n|\n|t:|1700324522\n|move|p2a: Molten|Earth Power|p1a: Slowking\n|-supereffective|p1a: Slowking\n|-damage|p1a: Slowking|0 fnt\n|faint|p1a: Slowking\n|\n|upkeep\n|\n|t:|1700324541\n|switch|p1a: Hoopa|Hoopa-Unbound|100\/100\n|turn|9\n|\n|t:|1700324549\n|move|p1a: Hoopa|Drain Punch|p2a: Molten\n|-supereffective|p2a: Molten\n|-damage|p2a: Molten|19\/100\n|move|p2a: Molten|Toxic|p1a: Hoopa\n|-status|p1a: Hoopa|tox\n|\n|-heal|p2a: Molten|25\/100|[from] item: Leftovers\n|-damage|p1a: Hoopa|95\/100 tox|[from] psn\n|upkeep\n|turn|10\n|\n|t:|1700324558\n|switch|p2a: Tuskin|Great Tusk|100\/100\n|move|p1a: Hoopa|Drain Punch|p2a: Tuskin\n|-damage|p2a: Tuskin|76\/100\n|-heal|p1a: Hoopa|100\/100 tox|[from] drain|[of] p2a: Tuskin\n|\n|-heal|p2a: Tuskin|83\/100|[from] item: Leftovers\n|-damage|p1a: Hoopa|89\/100 tox|[from] psn\n|upkeep\n|turn|11\n|inactive|DrippinSauce has 60 seconds left.\n|inactive|DrippinSauce has 30 seconds left.\n|inactive|DrippinSauce has 20 seconds left.\n|inactive|DrippinSauce has 15 seconds left.\n|inactive|DrippinSauce has 10 seconds left.\n|inactive|DrippinSauce has 5 seconds left.\n|-message|DrippinSauce lost due to inactivity.\n|\n|win|KangWS\n|raw|KangWS's rating: 1594 &rarr; <strong>1618<\/strong><br \/>(+24 for winning)\n|raw|DrippinSauce's rating: 1660 &rarr; <strong>1636<\/strong><br \/>(-24 for losing)\n","uploadtime":1700324629,"views":6,"p1id":"kangws","p2id":"drippinsauce","formatid":"gen9nationaldex","rating":1618,"private":0,"password":""}