{"id":"gen9nationaldex-1992601759","p1":"KarmaNightraide","p2":"jojomix","format":"[Gen 9] National Dex","log":"|j|\u2606KarmaNightraide\n|j|\u2606jojomix\n|t:|1700212928\n|gametype|singles\n|player|p1|KarmaNightraide|unknown|1139\n|player|p2|jojomix|dragontamer|1046\n|teamsize|p1|6\n|teamsize|p2|6\n|gen|9\n|tier|[Gen 9] National Dex\n|rated|\n|rule|HP Percentage Mod: HP is shown in percentages\n|rule|Endless Battle Clause: Forcing endless battles is banned\n|rule|OHKO Clause: OHKO moves are banned\n|rule|Evasion Clause: Evasion abilities, items, and moves are banned\n|rule|Evasion Abilities Clause: Evasion abilities are banned\n|rule|Evasion Items Clause: Evasion items are banned\n|rule|Evasion Moves Clause: Evasion moves are banned\n|rule|Species Clause: Limit one of each Pok\u00e9mon\n|rule|Sleep Clause Mod: Limit one foe put to sleep\n|clearpoke\n|poke|p1|Basculegion-F, F|\n|poke|p1|Mimikyu, M|\n|poke|p1|Banette, F|\n|poke|p1|Polteageist-Antique|\n|poke|p1|Dhelmise|\n|poke|p1|Skeledirge, M|\n|poke|p2|Gardevoir, F|\n|poke|p2|Heatran, M|\n|poke|p2|Primarina, F|\n|poke|p2|Hatterene, F|\n|poke|p2|Kommo-o, F|\n|poke|p2|Zapdos|\n|teampreview\n|\n|t:|1700212937\n|start\n|switch|p1a: Go to sleep...|Banette, F|100\/100\n|switch|p2a: Zops|Zapdos, shiny|100\/100\n|turn|1\n|\n|t:|1700212944\n|detailschange|p1a: Go to sleep...|Banette-Mega, F\n|-mega|p1a: Go to sleep...|Banette|Banettite\n|move|p1a: Go to sleep...|Taunt|p2a: Zops\n|-start|p2a: Zops|move: Taunt\n|cant|p2a: Zops|move: Taunt|Rain Dance\n|\n|upkeep\n|turn|2\n|\n|t:|1700212963\n|switch|p2a: Kommo-o|Kommo-o, F|100\/100\n|move|p1a: Go to sleep...|Poltergeist|p2a: Kommo-o\n|-activate|p2a: Kommo-o|move: Poltergeist|Aguav Berry\n|-damage|p2a: Kommo-o|21\/100\n|-enditem|p2a: Kommo-o|Aguav Berry|[eat]\n|-heal|p2a: Kommo-o|54\/100|[from] item: Aguav Berry\n|\n|upkeep\n|turn|3\n|\n|t:|1700212975\n|switch|p2a: Siren|Primarina, F, shiny|100\/100\n|move|p1a: Go to sleep...|Destiny Bond|p1a: Go to sleep...\n|-singlemove|p1a: Go to sleep...|Destiny Bond\n|\n|upkeep\n|turn|4\n|\n|t:|1700212986\n|move|p1a: Go to sleep...|Gunk Shot|p2a: Siren|[miss]\n|-miss|p1a: Go to sleep...|p2a: Siren\n|move|p2a: Siren|Calm Mind|p2a: Siren\n|-boost|p2a: Siren|spa|1\n|-boost|p2a: Siren|spd|1\n|\n|upkeep\n|turn|5\n|\n|t:|1700212994\n|move|p1a: Go to sleep...|Gunk Shot|p2a: Siren\n|-supereffective|p2a: Siren\n|-damage|p2a: Siren|0 fnt\n|faint|p2a: Siren\n|\n|upkeep\n|\n|t:|1700212999\n|switch|p2a: Zops|Zapdos, shiny|100\/100\n|turn|6\n|\n|t:|1700213003\n|move|p2a: Zops|Rain Dance|p2a: Zops\n|-weather|RainDance\n|move|p1a: Go to sleep...|Poltergeist|p2a: Zops\n|-activate|p2a: Zops|move: Poltergeist|Damp Rock\n|-damage|p2a: Zops|16\/100\n|\n|-weather|RainDance|[upkeep]\n|upkeep\n|turn|7\n|\n|t:|1700213011\n|move|p2a: Zops|Tailwind|p2a: Zops\n|-sidestart|p2: jojomix|move: Tailwind\n|move|p1a: Go to sleep...|Gunk Shot|p2a: Zops|[miss]\n|-miss|p1a: Go to sleep...|p2a: Zops\n|\n|-weather|RainDance|[upkeep]\n|upkeep\n|turn|8\n|\n|t:|1700213021\n|move|p2a: Zops|Hurricane|p1a: Go to sleep...\n|-damage|p1a: Go to sleep...|13\/100\n|move|p1a: Go to sleep...|Gunk Shot|p2a: Zops\n|-damage|p2a: Zops|0 fnt\n|faint|p2a: Zops\n|\n|-weather|RainDance|[upkeep]\n|upkeep\n|\n|t:|1700213031\n|switch|p2a: Grease|Gardevoir, F|100\/100\n|turn|9\n|\n|t:|1700213035\n|detailschange|p2a: Grease|Gardevoir-Mega, F\n|-mega|p2a: Grease|Gardevoir|Gardevoirite\n|move|p1a: Go to sleep...|Destiny Bond|p1a: Go to sleep...\n|-singlemove|p1a: Go to sleep...|Destiny Bond\n|move|p2a: Grease|Substitute|p2a: Grease\n|-start|p2a: Grease|Substitute\n|-damage|p2a: Grease|76\/100\n|\n|-weather|RainDance|[upkeep]\n|upkeep\n|turn|10\n|\n|t:|1700213053\n|move|p2a: Grease|Draining Kiss|p1a: Go to sleep...\n|-damage|p1a: Go to sleep...|0 fnt\n|-heal|p2a: Grease|85\/100|[from] drain|[of] p1a: Go to sleep...\n|faint|p1a: Go to sleep...\n|-activate|p1a: Go to sleep...|move: Destiny Bond\n|faint|p2a: Grease\n|\n|-weather|RainDance|[upkeep]\n|-sideend|p2: jojomix|move: Tailwind\n|upkeep\n|\n|t:|1700213063\n|switch|p2a: Heatran|Heatran, M|100\/100\n|switch|p1a: Lady Fish|Basculegion-F, F|100\/100\n|turn|11\n|\n|t:|1700213076\n|move|p1a: Lady Fish|Hydro Pump|p2a: Heatran\n|-supereffective|p2a: Heatran\n|-damage|p2a: Heatran|0 fnt\n|faint|p2a: Heatran\n|\n|-weather|RainDance|[upkeep]\n|upkeep\n|-message|jojomix forfeited.\n|\n|win|KarmaNightraide\n|raw|KarmaNightraide's rating: 1139 &rarr; <strong>1157<\/strong><br \/>(+18 for winning)\n|raw|jojomix's rating: 1046 &rarr; <strong>1034<\/strong><br \/>(-12 for losing)\n|l|\u2606jojomix\n|c|\u2606KarmaNightraide|Swift swim lel\n","uploadtime":1700213093,"views":5,"p1id":"karmanightraide","p2id":"jojomix","formatid":"gen9nationaldex","rating":1034,"private":0,"password":""}