{"id":"gen9nationaldex-1992276632","p1":"Bradicalguy","p2":"EeveeTeen22","format":"[Gen 9] National Dex","log":"|j|\u2606Bradicalguy\n|j|\u2606EeveeTeen22\n|t:|1700170105\n|gametype|singles\n|player|p1|Bradicalguy|170|\n|player|p2|EeveeTeen22|iris-gen5bw2|\n|teamsize|p1|6\n|teamsize|p2|6\n|gen|9\n|tier|[Gen 9] National Dex\n|rule|HP Percentage Mod: HP is shown in percentages\n|rule|Endless Battle Clause: Forcing endless battles is banned\n|rule|OHKO Clause: OHKO moves are banned\n|rule|Evasion Clause: Evasion abilities, items, and moves are banned\n|rule|Evasion Abilities Clause: Evasion abilities are banned\n|rule|Evasion Items Clause: Evasion items are banned\n|rule|Evasion Moves Clause: Evasion moves are banned\n|rule|Species Clause: Limit one of each Pok\u00e9mon\n|rule|Sleep Clause Mod: Limit one foe put to sleep\n|clearpoke\n|poke|p1|Gliscor, F|\n|poke|p1|Primarina, M|\n|poke|p1|Hatterene, F|\n|poke|p1|Tornadus-Therian, M|\n|poke|p1|Scizor, M|\n|poke|p1|Ceruledge, F|\n|poke|p2|Pelipper, F|\n|poke|p2|Basculegion-F, F|\n|poke|p2|Goodra-Hisui, F|\n|poke|p2|Sylveon, F|\n|poke|p2|Armarouge, M|\n|poke|p2|Ogerpon, F|\n|teampreview\n|c|\u2606Bradicalguy|round 2\n|c|\u2606Bradicalguy|glhf\n|\n|t:|1700170126\n|start\n|switch|p1a: Gliscor|Gliscor, F|100\/100\n|switch|p2a: Gumdrop|Goodra-Hisui, F|100\/100\n|turn|1\n|c|\u2606EeveeTeen22|glhf\n|\n|t:|1700170132\n|switch|p2a: ShadyP|Pelipper, F|100\/100\n|-weather|RainDance|[from] ability: Drizzle|[of] p2a: ShadyP\n|move|p1a: Gliscor|Knock Off|p2a: ShadyP\n|-damage|p2a: ShadyP|75\/100\n|-enditem|p2a: ShadyP|Damp Rock|[from] move: Knock Off|[of] p1a: Gliscor\n|\n|-weather|RainDance|[upkeep]\n|-status|p1a: Gliscor|tox|[from] item: Toxic Orb\n|upkeep\n|turn|2\n|\n|t:|1700170141\n|move|p1a: Gliscor|Earthquake|p2a: ShadyP\n|-immune|p2a: ShadyP\n|move|p2a: ShadyP|Ice Beam|p1a: Gliscor\n|-supereffective|p1a: Gliscor\n|-damage|p1a: Gliscor|18\/100 tox\n|\n|-weather|RainDance|[upkeep]\n|-heal|p1a: Gliscor|30\/100 tox|[from] ability: Poison Heal\n|upkeep\n|turn|3\n|c|\u2606Bradicalguy|AGAG\n|c|\u2606Bradicalguy|missclick\n|\n|t:|1700170150\n|move|p1a: Gliscor|Roost|p1a: Gliscor\n|-heal|p1a: Gliscor|80\/100 tox\n|-singleturn|p1a: Gliscor|move: Roost\n|move|p2a: ShadyP|Scald|p1a: Gliscor\n|-supereffective|p1a: Gliscor\n|-damage|p1a: Gliscor|0 fnt\n|faint|p1a: Gliscor\n|\n|-weather|RainDance|[upkeep]\n|upkeep\n|\n|t:|1700170164\n|switch|p1a: Hatterene|Hatterene, F|100\/100\n|turn|4\n|\n|t:|1700170184\n|move|p2a: ShadyP|Hurricane|p1a: Hatterene\n|-damage|p1a: Hatterene|54\/100\n|move|p1a: Hatterene|Psychic|p2a: ShadyP\n|-crit|p2a: ShadyP\n|-damage|p2a: ShadyP|0 fnt\n|faint|p2a: ShadyP\n|-damage|p1a: Hatterene|44\/100|[from] item: Life Orb\n|\n|-weather|RainDance|[upkeep]\n|upkeep\n|\n|t:|1700170195\n|switch|p2a: Gumdrop|Goodra-Hisui, F|100\/100\n|turn|5\n|\n|t:|1700170205\n|switch|p1a: Scizor|Scizor, M|100\/100\n|move|p2a: Gumdrop|Iron Head|p1a: Scizor\n|-resisted|p1a: Scizor\n|-damage|p1a: Scizor|72\/100\n|-damage|p2a: Gumdrop|91\/100|[from] item: Life Orb\n|\n|-weather|RainDance|[upkeep]\n|upkeep\n|turn|6\n|\n|t:|1700170228\n|detailschange|p1a: Scizor|Scizor-Mega, M\n|-mega|p1a: Scizor|Scizor|Scizorite\n|-terastallize|p2a: Gumdrop|Steel\n|move|p1a: Scizor|Close Combat|p2a: Gumdrop\n|-supereffective|p2a: Gumdrop\n|-damage|p2a: Gumdrop|0 fnt\n|-unboost|p1a: Scizor|def|1\n|-unboost|p1a: Scizor|spd|1\n|faint|p2a: Gumdrop\n|\n|-weather|RainDance|[upkeep]\n|upkeep\n|\n|t:|1700170238\n|switch|p2a: Feesh|Basculegion-F, F|100\/100\n|-ability|p2a: Feesh|Mold Breaker\n|turn|7\n|\n|t:|1700170249\n|switch|p1a: Primarina|Primarina, M|100\/100\n|move|p2a: Feesh|Substitute|p2a: Feesh\n|-start|p2a: Feesh|Substitute\n|-damage|p2a: Feesh|75\/100\n|\n|-weather|RainDance|[upkeep]\n|upkeep\n|turn|8\n|\n|t:|1700170261\n|move|p2a: Feesh|Shadow Ball|p1a: Primarina\n|-damage|p1a: Primarina|68\/100\n|move|p1a: Primarina|Moonblast|p2a: Feesh\n|-end|p2a: Feesh|Substitute\n|\n|-weather|none\n|upkeep\n|turn|9\n|\n|t:|1700170268\n|move|p2a: Feesh|Substitute|p2a: Feesh\n|-start|p2a: Feesh|Substitute\n|-damage|p2a: Feesh|50\/100\n|move|p1a: Primarina|Hyper Voice|p2a: Feesh\n|-resisted|p2a: Feesh\n|-damage|p2a: Feesh|25\/100\n|-enditem|p1a: Primarina|Throat Spray\n|-boost|p1a: Primarina|spa|1|[from] item: Throat Spray\n|\n|upkeep\n|turn|10\n|\n|t:|1700170277\n|move|p2a: Feesh|Shadow Ball|p1a: Primarina\n|-damage|p1a: Primarina|39\/100\n|-unboost|p1a: Primarina|spd|1\n|move|p1a: Primarina|Hyper Voice|p2a: Feesh\n|-resisted|p2a: Feesh\n|-damage|p2a: Feesh|0 fnt\n|faint|p2a: Feesh\n|\n|upkeep\n|\n|t:|1700170290\n|switch|p2a: Oni|Ogerpon, F|100\/100\n|turn|11\n|\n|t:|1700170294\n|move|p2a: Oni|Leech Seed|p1a: Primarina|[miss]\n|-miss|p2a: Oni|p1a: Primarina\n|move|p1a: Primarina|Hidden Power|p2a: Oni\n|-supereffective|p2a: Oni\n|-damage|p2a: Oni|27\/100\n|\n|upkeep\n|turn|12\n|\n|t:|1700170304\n|move|p2a: Oni|Ivy Cudgel|p1a: Primarina\n|-supereffective|p1a: Primarina\n|-damage|p1a: Primarina|0 fnt\n|faint|p1a: Primarina\n|\n|upkeep\n|\n|t:|1700170316\n|switch|p1a: Scizor|Scizor-Mega, M|72\/100\n|turn|13\n|\n|t:|1700170322\n|move|p2a: Oni|Spiky Shield|p2a: Oni\n|-singleturn|p2a: Oni|move: Protect\n|move|p1a: Scizor|Bullet Punch|p2a: Oni\n|-activate|p2a: Oni|move: Protect\n|-damage|p1a: Scizor|59\/100|[from] Spiky Shield|[of] p2a: Oni\n|\n|upkeep\n|turn|14\n|\n|t:|1700170329\n|move|p1a: Scizor|Bullet Punch|p2a: Oni\n|-damage|p2a: Oni|0 fnt\n|faint|p2a: Oni\n|\n|upkeep\n|\n|t:|1700170333\n|switch|p2a: Raven|Armarouge, M|100\/100\n|turn|15\n|\n|t:|1700170339\n|switch|p1a: Ceruledge|Ceruledge, F|100\/100\n|move|p2a: Raven|Psychic|p1a: Ceruledge\n|-damage|p1a: Ceruledge|56\/100\n|-unboost|p1a: Ceruledge|spd|1\n|\n|upkeep\n|turn|16\n|\n|t:|1700170368\n|switch|p2a: Artemis|Sylveon, F|100\/100\n|move|p1a: Ceruledge|Poltergeist|p2a: Artemis\n|-activate|p2a: Artemis|move: Poltergeist|Leftovers\n|-damage|p2a: Artemis|22\/100\n|\n|-heal|p2a: Artemis|28\/100|[from] item: Leftovers\n|upkeep\n|turn|17\n|\n|t:|1700170381\n|move|p1a: Ceruledge|Shadow Sneak|p2a: Artemis\n|-damage|p2a: Artemis|0 fnt\n|faint|p2a: Artemis\n|\n|upkeep\n|\n|t:|1700170385\n|switch|p2a: Raven|Armarouge, M|100\/100\n|turn|18\n|\n|t:|1700170388\n|move|p1a: Ceruledge|Shadow Sneak|p2a: Raven\n|-supereffective|p2a: Raven\n|-damage|p2a: Raven|54\/100\n|move|p2a: Raven|Psychic|p1a: Ceruledge\n|-damage|p1a: Ceruledge|0 fnt\n|faint|p1a: Ceruledge\n|\n|upkeep\n|\n|t:|1700170396\n|switch|p1a: Tornadus|Tornadus-Therian, M|100\/100\n|turn|19\n|\n|t:|1700170409\n|move|p1a: Tornadus|Knock Off|p2a: Raven\n|-supereffective|p2a: Raven\n|-damage|p2a: Raven|13\/100\n|-enditem|p2a: Raven|Wide Lens|[from] move: Knock Off|[of] p1a: Tornadus\n|move|p2a: Raven|Fire Blast|p1a: Tornadus\n|-damage|p1a: Tornadus|36\/100\n|\n|upkeep\n|turn|20\n|\n|t:|1700170417\n|move|p1a: Tornadus|Hurricane|p2a: Raven\n|-damage|p2a: Raven|0 fnt\n|faint|p2a: Raven\n|\n|win|Bradicalguy\n|c|\u2606Bradicalguy|ggwp\n|c|\u2606EeveeTeen22|gg\n|c|\u2606EeveeTeen22|are you going to send it? or should I\n|c|\u2606Bradicalguy|I'm already on it\n","uploadtime":1700170453,"views":8,"p1id":"bradicalguy","p2id":"eeveeteen22","formatid":"gen9nationaldex","rating":0,"private":0,"password":""}