{"id":"gen9nationaldex-1993132206","p1":"PixBolado","p2":"JogadorCaro","format":"[Gen 9] National Dex","log":"|j|\u2606PixBolado\n|j|\u2606JogadorCaro\n|t:|1700268564\n|gametype|singles\n|player|p1|PixBolado|acetrainerf-gen4|\n|player|p2|JogadorCaro|tate|\n|teamsize|p1|6\n|teamsize|p2|6\n|gen|9\n|tier|[Gen 9] National Dex\n|rule|HP Percentage Mod: HP is shown in percentages\n|rule|Endless Battle Clause: Forcing endless battles is banned\n|rule|OHKO Clause: OHKO moves are banned\n|rule|Evasion Clause: Evasion abilities, items, and moves are banned\n|rule|Evasion Abilities Clause: Evasion abilities are banned\n|rule|Evasion Items Clause: Evasion items are banned\n|rule|Evasion Moves Clause: Evasion moves are banned\n|rule|Species Clause: Limit one of each Pok\u00e9mon\n|rule|Sleep Clause Mod: Limit one foe put to sleep\n|clearpoke\n|poke|p1|Garganacl, M|\n|poke|p1|Iron Valiant|\n|poke|p1|Charizard, F|\n|poke|p1|Great Tusk|\n|poke|p1|Toxapex, F|\n|poke|p1|Dragonite, F|\n|poke|p2|Garganacl, M|\n|poke|p2|Zamazenta-*|\n|poke|p2|Volcarona, M|\n|poke|p2|Hoopa-Unbound|\n|poke|p2|Dondozo, M|\n|poke|p2|Rotom-Wash|\n|teampreview\n|c|\u2606JogadorCaro|To puto\n|\n|t:|1700268582\n|start\n|switch|p1a: Iron Valiant|Iron Valiant|100\/100\n|switch|p2a: mulher|Rotom-Wash|100\/100\n|turn|1\n|\n|t:|1700268592\n|-terastallize|p1a: Iron Valiant|Electric\n|move|p1a: Iron Valiant|Thunderbolt|p2a: mulher\n|-damage|p2a: mulher|53\/100\n|move|p2a: mulher|Hydro Pump|p1a: Iron Valiant\n|-damage|p1a: Iron Valiant|35\/100\n|\n|-heal|p2a: mulher|59\/100|[from] item: Leftovers\n|upkeep\n|turn|2\n|c|\u2606JogadorCaro|vem\n|c|\u2606PixBolado|Eu ainda n\u00e3o tanko\n|c|\u2606PixBolado|Esse tank\n|c|\u2606PixBolado|Absurdo\n|c|\u2606JogadorCaro|\u00e9 que Rotom tem\n|\n|t:|1700268617\n|move|p1a: Iron Valiant|Thunderbolt|p2a: mulher\n|-damage|p2a: mulher|10\/100\n|move|p2a: mulher|Hydro Pump|p1a: Iron Valiant\n|-damage|p1a: Iron Valiant|0 fnt\n|faint|p1a: Iron Valiant\n|-end|p1a: Iron Valiant|Quark Drive|[silent]\n|\n|-heal|p2a: mulher|17\/100|[from] item: Leftovers\n|upkeep\n|c|\u2606JogadorCaro|344 de\n|c|\u2606JogadorCaro|SPD\n|\n|t:|1700268627\n|switch|p1a: Dragonite|Dragonite, F|100\/100\n|turn|3\n|c|\u2606JogadorCaro|vc tem que bater fisico nele\n|c|\u2606JogadorCaro|n\u00e3o special\n|\n|t:|1700268634\n|move|p1a: Dragonite|Dragon Dance|p1a: Dragonite\n|-boost|p1a: Dragonite|atk|1\n|-boost|p1a: Dragonite|spe|1\n|move|p2a: mulher|Pain Split|p1a: Dragonite\n|-sethp|p1a: Dragonite|58\/100|[from] move: Pain Split|[silent]\n|-sethp|p2a: mulher|62\/100|[from] move: Pain Split\n|\n|-heal|p2a: mulher|68\/100|[from] item: Leftovers\n|upkeep\n|turn|4\n|\n|t:|1700268649\n|switch|p2a: Bale\u00e3o|Dondozo, M|100\/100\n|move|p1a: Dragonite|Extreme Speed|p2a: Bale\u00e3o\n|-damage|p2a: Bale\u00e3o|82\/100\n|\n|-heal|p2a: Bale\u00e3o|88\/100|[from] item: Leftovers\n|upkeep\n|turn|5\n|c|\u2606JogadorCaro|nem doeu\n|\n|t:|1700268661\n|switch|p1a: Toxapex|Toxapex, F|100\/100\n|move|p2a: Bale\u00e3o|Wave Crash|p1a: Toxapex\n|-resisted|p1a: Toxapex\n|-damage|p1a: Toxapex|84\/100\n|-damage|p2a: Bale\u00e3o|85\/100|[from] Recoil\n|\n|-heal|p2a: Bale\u00e3o|91\/100|[from] item: Leftovers\n|-heal|p1a: Toxapex|90\/100|[from] item: Leftovers\n|upkeep\n|turn|6\n|c|\u2606JogadorCaro|Vamos l\u00e1 ent\u00e3o\n|\n|t:|1700268672\n|switch|p2a: Agito|Hoopa-Unbound|100\/100\n|move|p1a: Toxapex|Toxic|p2a: Agito\n|-status|p2a: Agito|tox\n|\n|-heal|p1a: Toxapex|96\/100|[from] item: Leftovers\n|-damage|p2a: Agito|95\/100 tox|[from] psn\n|upkeep\n|turn|7\n|\n|t:|1700268682\n|move|p1a: Toxapex|Baneful Bunker|p1a: Toxapex\n|-singleturn|p1a: Toxapex|move: Protect\n|move|p2a: Agito|Psychic|p1a: Toxapex\n|-activate|p1a: Toxapex|move: Protect\n|\n|-heal|p1a: Toxapex|100\/100|[from] item: Leftovers\n|-damage|p2a: Agito|83\/100 tox|[from] psn\n|upkeep\n|turn|8\n|c|\u2606JogadorCaro|Quem vai ser aben\u00e7oado?\n|c|\u2606PixBolado|Deixeme testar\n|\n|t:|1700268705\n|move|p2a: Agito|Psychic|p1a: Toxapex\n|-supereffective|p1a: Toxapex\n|-damage|p1a: Toxapex|0 fnt\n|faint|p1a: Toxapex\n|\n|-damage|p2a: Agito|65\/100 tox|[from] psn\n|upkeep\n|c|\u2606PixBolado|\u00c9, ele n\u00e3o tanka\n|\n|t:|1700268715\n|switch|p1a: Charizard|Charizard, F|100\/100\n|turn|9\n|c|\u2606JogadorCaro|Claro que n\u00e3o.\n|\n|t:|1700268728\n|switch|p2a: Bale\u00e3o|Dondozo, M|91\/100\n|detailschange|p1a: Charizard|Charizard-Mega-Y, F\n|-mega|p1a: Charizard|Charizard|Charizardite Y\n|-weather|SunnyDay|[from] ability: Drought|[of] p1a: Charizard\n|move|p1a: Charizard|Solar Beam||[still]\n|-prepare|p1a: Charizard|Solar Beam\n|-anim|p1a: Charizard|Solar Beam|p2a: Bale\u00e3o\n|-supereffective|p2a: Bale\u00e3o\n|-damage|p2a: Bale\u00e3o|24\/100\n|\n|-weather|SunnyDay|[upkeep]\n|-heal|p2a: Bale\u00e3o|30\/100|[from] item: Leftovers\n|upkeep\n|turn|10\n|c|\u2606JogadorCaro|pode levar\n|c|\u2606JogadorCaro|esse \u00e9 o meu sacrificio\n|\n|t:|1700268748\n|move|p1a: Charizard|Solar Beam||[still]\n|-prepare|p1a: Charizard|Solar Beam\n|-anim|p1a: Charizard|Solar Beam|p2a: Bale\u00e3o\n|-supereffective|p2a: Bale\u00e3o\n|-damage|p2a: Bale\u00e3o|0 fnt\n|faint|p2a: Bale\u00e3o\n|\n|-weather|SunnyDay|[upkeep]\n|upkeep\n|\n|t:|1700268752\n|switch|p2a: Toji|Zamazenta|100\/100\n|-ability|p2a: Toji|Dauntless Shield|boost\n|-boost|p2a: Toji|def|1\n|turn|11\n|\n|t:|1700268772\n|switch|p1a: Garganacl|Garganacl, M|100\/100\n|move|p2a: Toji|Wild Charge|p1a: Garganacl\n|-damage|p1a: Garganacl|78\/100\n|-damage|p2a: Toji|93\/100|[from] Recoil\n|\n|-weather|SunnyDay|[upkeep]\n|-heal|p1a: Garganacl|84\/100|[from] item: Leftovers\n|upkeep\n|turn|12\n|\n|t:|1700268797\n|switch|p2a: mulher|Rotom-Wash|68\/100\n|move|p1a: Garganacl|Iron Defense|p1a: Garganacl\n|-boost|p1a: Garganacl|def|2\n|\n|-weather|SunnyDay|[upkeep]\n|-heal|p2a: mulher|74\/100|[from] item: Leftovers\n|-heal|p1a: Garganacl|90\/100|[from] item: Leftovers\n|upkeep\n|turn|13\n|\n|t:|1700268808\n|move|p2a: mulher|Hydro Pump|p1a: Garganacl\n|-supereffective|p1a: Garganacl\n|-damage|p1a: Garganacl|57\/100\n|move|p1a: Garganacl|Body Press|p2a: mulher\n|-damage|p2a: mulher|11\/100\n|\n|-weather|none\n|-heal|p2a: mulher|18\/100|[from] item: Leftovers\n|-heal|p1a: Garganacl|63\/100|[from] item: Leftovers\n|upkeep\n|turn|14\n|\n|t:|1700268819\n|move|p2a: mulher|Hydro Pump|p1a: Garganacl\n|-supereffective|p1a: Garganacl\n|-damage|p1a: Garganacl|0 fnt\n|faint|p1a: Garganacl\n|\n|-heal|p2a: mulher|24\/100|[from] item: Leftovers\n|upkeep\n|c|\u2606JogadorCaro|caralho\n|c|\u2606JogadorCaro|Rotom \u00e9 foda\n|c|\u2606PixBolado|Ein?\n|c|\u2606JogadorCaro|isso que \u00e9 uma mulher\n|c|\u2606JogadorCaro|Azul\n|c|\u2606PixBolado|Q prr foi essa\n|c|\u2606JogadorCaro|isso que \u00e9 uma mulher\n|\n|t:|1700268839\n|switch|p1a: Dragonite|Dragonite, F|58\/100\n|turn|15\n|c|\u2606JogadorCaro|acostumada a apanhar de macho\n|\n|t:|1700268842\n|move|p1a: Dragonite|Extreme Speed|p2a: mulher\n|-damage|p2a: mulher|0 fnt\n|faint|p2a: mulher\n|\n|upkeep\n|\n|t:|1700268851\n|switch|p2a: Toji|Zamazenta|93\/100\n|turn|16\n|c|\u2606PixBolado|Isso tem Ice fang?\n|c|\u2606JogadorCaro|Claro que tem\n|c|\u2606PixBolado|Sabia\n|\n|t:|1700268881\n|move|p1a: Dragonite|Extreme Speed|p2a: Toji\n|-damage|p2a: Toji|65\/100\n|move|p2a: Toji|Close Combat|p1a: Dragonite\n|-resisted|p1a: Dragonite\n|-damage|p1a: Dragonite|6\/100\n|-unboost|p2a: Toji|def|1\n|-unboost|p2a: Toji|spd|1\n|\n|upkeep\n|turn|17\n|c|\u2606JogadorCaro|ah\n|c|\u2606JogadorCaro|queria o charizard\n|c|\u2606PixBolado|Neg\u00e3o?\n|c|\u2606JogadorCaro|mas tudo bem\n|\n|t:|1700268897\n|move|p1a: Dragonite|Extreme Speed|p2a: Toji\n|-damage|p2a: Toji|20\/100\n|move|p2a: Toji|Close Combat|p1a: Dragonite\n|-resisted|p1a: Dragonite\n|-damage|p1a: Dragonite|0 fnt\n|-unboost|p2a: Toji|def|1\n|-unboost|p2a: Toji|spd|1\n|faint|p1a: Dragonite\n|\n|upkeep\n|c|\u2606JogadorCaro|serve esse mesmo\n|c|\u2606JogadorCaro|eu acho que\n|\n|t:|1700268910\n|switch|p1a: Great Tusk|Great Tusk|100\/100\n|turn|18\n|c|\u2606JogadorCaro|todos os idosos\n|c|\u2606JogadorCaro|deveriam se matar\n|c|\u2606JogadorCaro|se voc\u00ea nasceu com xota\n|c|\u2606JogadorCaro|ce nao pode opinar\n|\n|t:|1700268919\n|move|p2a: Toji|Close Combat|p1a: Great Tusk\n|-damage|p1a: Great Tusk|48\/100\n|-unboost|p2a: Toji|def|1\n|-unboost|p2a: Toji|spd|1\n|move|p1a: Great Tusk|Headlong Rush|p2a: Toji\n|-damage|p2a: Toji|0 fnt\n|-unboost|p1a: Great Tusk|def|1\n|-unboost|p1a: Great Tusk|spd|1\n|faint|p2a: Toji\n|\n|upkeep\n|\n|t:|1700268925\n|switch|p2a: Agito|Hoopa-Unbound|65\/100 tox\n|turn|19\n|\n|t:|1700268936\n|move|p2a: Agito|Psychic|p1a: Great Tusk\n|-supereffective|p1a: Great Tusk\n|-damage|p1a: Great Tusk|0 fnt\n|faint|p1a: Great Tusk\n|-end|p1a: Great Tusk|Protosynthesis|[silent]\n|\n|-damage|p2a: Agito|59\/100 tox|[from] psn\n|upkeep\n|\n|t:|1700268943\n|switch|p1a: Charizard|Charizard-Mega-Y, F|100\/100\n|-weather|SunnyDay|[from] ability: Drought|[of] p1a: Charizard\n|turn|20\n|\n|t:|1700268950\n|move|p1a: Charizard|Flamethrower|p2a: Agito\n|-damage|p2a: Agito|0 fnt\n|faint|p2a: Agito\n|\n|-weather|SunnyDay|[upkeep]\n|upkeep\n|\n|t:|1700268955\n|switch|p2a: Mahoraga|Garganacl, M|100\/100\n|turn|21\n|\n|t:|1700268961\n|move|p1a: Charizard|Solar Beam||[still]\n|-prepare|p1a: Charizard|Solar Beam\n|-anim|p1a: Charizard|Solar Beam|p2a: Mahoraga\n|-supereffective|p2a: Mahoraga\n|-damage|p2a: Mahoraga|7\/100\n|move|p2a: Mahoraga|Salt Cure|p1a: Charizard\n|-supereffective|p1a: Charizard\n|-damage|p1a: Charizard|22\/100\n|-start|p1a: Charizard|Salt Cure\n|\n|-weather|SunnyDay|[upkeep]\n|-heal|p2a: Mahoraga|14\/100|[from] item: Leftovers\n|-damage|p1a: Charizard|10\/100|[from] Salt Cure\n|upkeep\n|turn|22\n|c|\u2606JogadorCaro|tanka meu filho\n|c|\u2606JogadorCaro|tanka\n|\n|t:|1700268979\n|move|p1a: Charizard|Scorching Sands|p2a: Mahoraga\n|-supereffective|p2a: Mahoraga\n|-damage|p2a: Mahoraga|0 fnt\n|faint|p2a: Mahoraga\n|\n|-weather|SunnyDay|[upkeep]\n|-damage|p1a: Charizard|0 fnt|[from] Salt Cure\n|faint|p1a: Charizard\n|\n|win|JogadorCaro\n|upkeep\n|c|\u2606PixBolado|1 a 1\n|c|\u2606JogadorCaro|quer o desempate?\n","uploadtime":1700269003,"views":8,"p1id":"pixbolado","p2id":"jogadorcaro","formatid":"gen9nationaldex","rating":0,"private":0,"password":""}