{"id":"gen9nationaldex-1993426899","p1":"shfeha","p2":"HollarDream","format":"[Gen 9] National Dex","log":"|j|\u2606shfeha\n|j|\u2606HollarDream\n|t:|1700316448\n|gametype|singles\n|player|p1|shfeha|cyclist|1000\n|player|p2|HollarDream|170|1072\n|teamsize|p1|6\n|teamsize|p2|6\n|gen|9\n|tier|[Gen 9] National Dex\n|rated|\n|rule|HP Percentage Mod: HP is shown in percentages\n|rule|Endless Battle Clause: Forcing endless battles is banned\n|rule|OHKO Clause: OHKO moves are banned\n|rule|Evasion Clause: Evasion abilities, items, and moves are banned\n|rule|Evasion Abilities Clause: Evasion abilities are banned\n|rule|Evasion Items Clause: Evasion items are banned\n|rule|Evasion Moves Clause: Evasion moves are banned\n|rule|Species Clause: Limit one of each Pok\u00e9mon\n|rule|Sleep Clause Mod: Limit one foe put to sleep\n|clearpoke\n|poke|p1|Greninja-*, M|\n|poke|p1|Scizor, F|\n|poke|p1|Skeledirge, F|\n|poke|p1|Ting-Lu|\n|poke|p1|Corviknight, M|\n|poke|p1|Clodsire, M|\n|poke|p2|Charizard, M|\n|poke|p2|Golduck, M|\n|poke|p2|Celebi|\n|poke|p2|Liepard, F|\n|poke|p2|Okidogi, M|\n|poke|p2|Glaceon, F|\n|teampreview\n|inactive|Battle timer is ON: inactive players will automatically lose when time's up. (requested by shfeha)\n|\n|t:|1700316454\n|start\n|switch|p1a: Clodsire|Clodsire, M, shiny|100\/100\n|switch|p2a: Charizard|Charizard, M, shiny|100\/100\n|turn|1\n|\n|t:|1700316463\n|detailschange|p2a: Charizard|Charizard-Mega-X, M, shiny\n|-mega|p2a: Charizard|Charizard|Charizardite X\n|move|p2a: Charizard|Dragon Dance|p2a: Charizard\n|-boost|p2a: Charizard|atk|1\n|-boost|p2a: Charizard|spe|1\n|move|p1a: Clodsire|Stealth Rock|p2a: Charizard\n|-sidestart|p2: HollarDream|move: Stealth Rock\n|\n|upkeep\n|turn|2\n|\n|t:|1700316480\n|move|p2a: Charizard|Earthquake|p1a: Clodsire\n|-supereffective|p1a: Clodsire\n|-damage|p1a: Clodsire|0 fnt\n|faint|p1a: Clodsire\n|\n|upkeep\n|\n|t:|1700316490\n|switch|p1a: Skeledirge|Skeledirge, F, shiny|100\/100\n|turn|3\n|\n|t:|1700316498\n|move|p2a: Charizard|Earthquake|p1a: Skeledirge\n|-supereffective|p1a: Skeledirge\n|-damage|p1a: Skeledirge|59\/100\n|move|p1a: Skeledirge|Yawn|p2a: Charizard\n|-start|p2a: Charizard|move: Yawn|[of] p1a: Skeledirge\n|\n|-heal|p1a: Skeledirge|65\/100|[from] item: Leftovers\n|upkeep\n|turn|4\n|\n|t:|1700316508\n|move|p2a: Charizard|Earthquake|p1a: Skeledirge\n|-supereffective|p1a: Skeledirge\n|-damage|p1a: Skeledirge|26\/100\n|move|p1a: Skeledirge|Slack Off|p1a: Skeledirge\n|-heal|p1a: Skeledirge|76\/100\n|\n|-heal|p1a: Skeledirge|83\/100|[from] item: Leftovers\n|-end|p2a: Charizard|move: Yawn|[silent]\n|-status|p2a: Charizard|slp\n|upkeep\n|turn|5\n|\n|t:|1700316517\n|switch|p1a: Greninja|Greninja, M|100\/100\n|cant|p2a: Charizard|slp\n|\n|upkeep\n|turn|6\n|\n|t:|1700316524\n|-curestatus|p2a: Charizard|slp|[msg]\n|move|p2a: Charizard|Dragon Claw|p1a: Greninja\n|-damage|p1a: Greninja|0 fnt\n|faint|p1a: Greninja\n|\n|upkeep\n|\n|t:|1700316530\n|switch|p1a: Skeledirge|Skeledirge, F, shiny|83\/100\n|turn|7\n|\n|t:|1700316532\n|move|p2a: Charizard|Earthquake|p1a: Skeledirge\n|-supereffective|p1a: Skeledirge\n|-damage|p1a: Skeledirge|40\/100\n|move|p1a: Skeledirge|Yawn|p2a: Charizard\n|-start|p2a: Charizard|move: Yawn|[of] p1a: Skeledirge\n|\n|-heal|p1a: Skeledirge|46\/100|[from] item: Leftovers\n|upkeep\n|turn|8\n|\n|t:|1700316536\n|move|p2a: Charizard|Earthquake|p1a: Skeledirge\n|-supereffective|p1a: Skeledirge\n|-damage|p1a: Skeledirge|3\/100\n|move|p1a: Skeledirge|Slack Off|p1a: Skeledirge\n|-heal|p1a: Skeledirge|53\/100\n|\n|-heal|p1a: Skeledirge|59\/100|[from] item: Leftovers\n|-end|p2a: Charizard|move: Yawn|[silent]\n|-status|p2a: Charizard|slp\n|upkeep\n|turn|9\n|\n|t:|1700316542\n|switch|p1a: Ting-Lu|Ting-Lu|100\/100\n|-ability|p1a: Ting-Lu|Vessel of Ruin\n|cant|p2a: Charizard|slp\n|\n|upkeep\n|turn|10\n|\n|t:|1700316563\n|-curestatus|p2a: Charizard|slp|[msg]\n|move|p2a: Charizard|Dragon Claw|p1a: Ting-Lu\n|-damage|p1a: Ting-Lu|67\/100\n|move|p1a: Ting-Lu|Earthquake|p2a: Charizard\n|-supereffective|p2a: Charizard\n|-damage|p2a: Charizard|20\/100\n|\n|-heal|p1a: Ting-Lu|73\/100|[from] item: Leftovers\n|upkeep\n|turn|11\n|\n|t:|1700316573\n|move|p2a: Charizard|Fire Punch|p1a: Ting-Lu\n|-damage|p1a: Ting-Lu|42\/100\n|move|p1a: Ting-Lu|Body Press|p2a: Charizard\n|-damage|p2a: Charizard|0 fnt\n|faint|p2a: Charizard\n|\n|-heal|p1a: Ting-Lu|49\/100|[from] item: Leftovers\n|upkeep\n|\n|t:|1700316588\n|switch|p2a: Celebi|Celebi|100\/100\n|-damage|p2a: Celebi|88\/100|[from] Stealth Rock\n|turn|12\n|\n|t:|1700316595\n|switch|p1a: Corviknight|Corviknight, M, shiny|100\/100\n|move|p2a: Celebi|Swords Dance|p2a: Celebi\n|-boost|p2a: Celebi|atk|2\n|\n|-heal|p2a: Celebi|94\/100|[from] item: Leftovers\n|upkeep\n|turn|13\n|\n|t:|1700316602\n|switch|p2a: Glaceon|Glaceon, F|100\/100\n|-damage|p2a: Glaceon|76\/100|[from] Stealth Rock\n|move|p1a: Corviknight|Iron Defense|p1a: Corviknight\n|-boost|p1a: Corviknight|def|2\n|\n|upkeep\n|turn|14\n|\n|t:|1700316609\n|switch|p1a: Skeledirge|Skeledirge, F, shiny|59\/100\n|move|p2a: Glaceon|Ice Beam|p1a: Skeledirge\n|-resisted|p1a: Skeledirge\n|-damage|p1a: Skeledirge|31\/100\n|-status|p1a: Skeledirge|frz\n|\n|-heal|p1a: Skeledirge|37\/100 frz|[from] item: Leftovers\n|upkeep\n|turn|15\n|\n|t:|1700316616\n|-terastallize|p2a: Glaceon|Ghost\n|-curestatus|p1a: Skeledirge|frz|[msg]\n|move|p1a: Skeledirge|Torch Song|p2a: Glaceon\n|-damage|p2a: Glaceon|42\/100\n|-boost|p1a: Skeledirge|spa|1\n|move|p2a: Glaceon|Shadow Ball|p1a: Skeledirge\n|-supereffective|p1a: Skeledirge\n|-damage|p1a: Skeledirge|0 fnt\n|faint|p1a: Skeledirge\n|\n|upkeep\n|\n|t:|1700316626\n|switch|p1a: Scizor|Scizor, F|100\/100\n|turn|16\n|\n|t:|1700316632\n|detailschange|p1a: Scizor|Scizor-Mega, F\n|-mega|p1a: Scizor|Scizor|Scizorite\n|move|p1a: Scizor|Swords Dance|p1a: Scizor\n|-boost|p1a: Scizor|atk|2\n|move|p2a: Glaceon|Shadow Ball|p1a: Scizor\n|-damage|p1a: Scizor|58\/100\n|\n|upkeep\n|turn|17\n|\n|t:|1700316640\n|move|p1a: Scizor|Bullet Punch|p2a: Glaceon\n|-damage|p2a: Glaceon|0 fnt\n|faint|p2a: Glaceon\n|\n|upkeep\n|\n|t:|1700316643\n|switch|p2a: Celebi|Celebi|94\/100\n|-damage|p2a: Celebi|82\/100|[from] Stealth Rock\n|turn|18\n|\n|t:|1700316648\n|move|p2a: Celebi|Swords Dance|p2a: Celebi\n|-boost|p2a: Celebi|atk|2\n|move|p1a: Scizor|U-turn|p2a: Celebi\n|-supereffective|p2a: Celebi\n|-crit|p2a: Celebi\n|-damage|p2a: Celebi|0 fnt\n|faint|p2a: Celebi\n|\n|t:|1700316652\n|switch|p1a: Ting-Lu|Ting-Lu|49\/100|[from] U-turn\n|-ability|p1a: Ting-Lu|Vessel of Ruin\n|\n|-heal|p1a: Ting-Lu|55\/100|[from] item: Leftovers\n|upkeep\n|\n|t:|1700316657\n|switch|p2a: Golduck|Golduck, M|100\/100\n|-damage|p2a: Golduck|88\/100|[from] Stealth Rock\n|-ability|p2a: Golduck|Cloud Nine\n|turn|19\n|\n|t:|1700316661\n|move|p2a: Golduck|Scald|p1a: Ting-Lu\n|-supereffective|p1a: Ting-Lu\n|-damage|p1a: Ting-Lu|13\/100\n|move|p1a: Ting-Lu|Whirlwind|p2a: Golduck\n|drag|p2a: Okidogi|Okidogi, M|100\/100\n|-damage|p2a: Okidogi|95\/100|[from] Stealth Rock\n|\n|-heal|p2a: Okidogi|100\/100|[from] item: Leftovers\n|-heal|p1a: Ting-Lu|19\/100|[from] item: Leftovers\n|upkeep\n|turn|20\n|\n|t:|1700316670\n|move|p2a: Okidogi|Bulk Up|p2a: Okidogi\n|-boost|p2a: Okidogi|atk|1\n|-boost|p2a: Okidogi|def|1\n|move|p1a: Ting-Lu|Ruination|p2a: Okidogi\n|-damage|p2a: Okidogi|50\/100\n|\n|-heal|p2a: Okidogi|56\/100|[from] item: Leftovers\n|-heal|p1a: Ting-Lu|25\/100|[from] item: Leftovers\n|upkeep\n|turn|21\n|\n|t:|1700316675\n|move|p2a: Okidogi|Ice Punch|p1a: Ting-Lu\n|-supereffective|p1a: Ting-Lu\n|-damage|p1a: Ting-Lu|0 fnt\n|faint|p1a: Ting-Lu\n|\n|-heal|p2a: Okidogi|62\/100|[from] item: Leftovers\n|upkeep\n|\n|t:|1700316680\n|switch|p1a: Corviknight|Corviknight, M, shiny|100\/100\n|turn|22\n|\n|t:|1700316682\n|move|p2a: Okidogi|Ice Punch|p1a: Corviknight\n|-damage|p1a: Corviknight|69\/100\n|-damage|p2a: Okidogi|46\/100|[from] item: Rocky Helmet|[of] p1a: Corviknight\n|move|p1a: Corviknight|Iron Defense|p1a: Corviknight\n|-boost|p1a: Corviknight|def|2\n|\n|-heal|p2a: Okidogi|52\/100|[from] item: Leftovers\n|upkeep\n|turn|23\n|\n|t:|1700316688\n|move|p2a: Okidogi|Ice Punch|p1a: Corviknight\n|-damage|p1a: Corviknight|54\/100\n|-damage|p2a: Okidogi|35\/100|[from] item: Rocky Helmet|[of] p1a: Corviknight\n|move|p1a: Corviknight|Roost|p1a: Corviknight\n|-heal|p1a: Corviknight|100\/100\n|-singleturn|p1a: Corviknight|move: Roost\n|\n|-heal|p2a: Okidogi|41\/100|[from] item: Leftovers\n|upkeep\n|turn|24\n|\n|t:|1700316692\n|move|p2a: Okidogi|Ice Punch|p1a: Corviknight\n|-damage|p1a: Corviknight|85\/100\n|-damage|p2a: Okidogi|24\/100|[from] item: Rocky Helmet|[of] p1a: Corviknight\n|move|p1a: Corviknight|Brave Bird|p2a: Okidogi\n|-supereffective|p2a: Okidogi\n|-crit|p2a: Okidogi\n|-damage|p2a: Okidogi|0 fnt\n|faint|p2a: Okidogi\n|-damage|p1a: Corviknight|79\/100|[from] Recoil\n|\n|upkeep\n|\n|t:|1700316696\n|switch|p2a: Liepard|Liepard, F|100\/100\n|-damage|p2a: Liepard|88\/100|[from] Stealth Rock\n|turn|25\n|\n|t:|1700316699\n|move|p2a: Liepard|Burning Jealousy|p1a: Corviknight\n|-supereffective|p1a: Corviknight\n|-damage|p1a: Corviknight|51\/100\n|move|p1a: Corviknight|Brave Bird|p2a: Liepard\n|-damage|p2a: Liepard|4\/100\n|-damage|p1a: Corviknight|32\/100|[from] Recoil\n|\n|upkeep\n|turn|26\n|\n|t:|1700316706\n|move|p2a: Liepard|Burning Jealousy|p1a: Corviknight\n|-supereffective|p1a: Corviknight\n|-damage|p1a: Corviknight|5\/100\n|move|p1a: Corviknight|Roost|p1a: Corviknight\n|-heal|p1a: Corviknight|55\/100\n|-singleturn|p1a: Corviknight|move: Roost\n|\n|upkeep\n|turn|27\n|\n|t:|1700316710\n|move|p2a: Liepard|Nasty Plot|p2a: Liepard\n|-boost|p2a: Liepard|spa|2\n|move|p1a: Corviknight|Roost|p1a: Corviknight\n|-heal|p1a: Corviknight|100\/100\n|-singleturn|p1a: Corviknight|move: Roost\n|\n|upkeep\n|turn|28\n|\n|t:|1700316716\n|move|p2a: Liepard|Dark Pulse|p1a: Corviknight\n|-damage|p1a: Corviknight|60\/100\n|move|p1a: Corviknight|Brave Bird|p2a: Liepard\n|-damage|p2a: Liepard|0 fnt\n|faint|p2a: Liepard\n|-damage|p1a: Corviknight|60\/100|[from] Recoil\n|\n|upkeep\n|\n|t:|1700316722\n|switch|p2a: Golduck|Golduck, M|88\/100\n|-damage|p2a: Golduck|76\/100|[from] Stealth Rock\n|-ability|p2a: Golduck|Cloud Nine\n|turn|29\n|\n|t:|1700316725\n|move|p2a: Golduck|Nasty Plot|p2a: Golduck\n|-boost|p2a: Golduck|spa|2\n|move|p1a: Corviknight|Brave Bird|p2a: Golduck\n|-damage|p2a: Golduck|21\/100\n|-damage|p1a: Corviknight|46\/100|[from] Recoil\n|\n|-heal|p2a: Golduck|27\/100|[from] item: Leftovers\n|upkeep\n|turn|30\n|\n|t:|1700316729\n|move|p2a: Golduck|Scald|p1a: Corviknight\n|-damage|p1a: Corviknight|2\/100\n|move|p1a: Corviknight|Brave Bird|p2a: Golduck\n|-damage|p2a: Golduck|0 fnt\n|faint|p2a: Golduck\n|-damage|p1a: Corviknight|0 fnt|[from] Recoil\n|faint|p1a: Corviknight\n|\n|win|shfeha\n|raw|shfeha's rating: 1000 &rarr; <strong>1048<\/strong><br \/>(+48 for winning)\n|raw|HollarDream's rating: 1072 &rarr; <strong>1047<\/strong><br \/>(-25 for losing)\n","uploadtime":1700316733,"views":6,"p1id":"shfeha","p2id":"hollardream","formatid":"gen9nationaldex","rating":1047,"private":0,"password":""}