{"id":"gen9nationaldex-1998683230","p1":"gileko213","p2":"Prtbl_Trash","format":"[Gen 9] National Dex","log":"|html|<div class=\"broadcast-blue\"><strong>[Gen 9] National Dex is currently suspecting Sneasler! For information on how to participate check out the <a href=\"https:\/\/www.smogon.com\/forums\/threads\/sv-national-dex-suspect-8-just-dance.3731534\/\">suspect thread<\/a>.<\/strong><\/div>\n|j|\u2606gileko213\n|j|\u2606Prtbl_Trash\n|t:|1700972013\n|gametype|singles\n|player|p1|gileko213|psychic-gen4|1109\n|player|p2|Prtbl_Trash|rosa|1214\n|teamsize|p1|6\n|teamsize|p2|6\n|gen|9\n|tier|[Gen 9] National Dex\n|rated|\n|rule|HP Percentage Mod: HP is shown in percentages\n|rule|Endless Battle Clause: Forcing endless battles is banned\n|rule|OHKO Clause: OHKO moves are banned\n|rule|Evasion Clause: Evasion abilities, items, and moves are banned\n|rule|Evasion Abilities Clause: Evasion abilities are banned\n|rule|Evasion Items Clause: Evasion items are banned\n|rule|Evasion Moves Clause: Evasion moves are banned\n|rule|Species Clause: Limit one of each Pok\u00e9mon\n|rule|Sleep Clause Mod: Limit one foe put to sleep\n|clearpoke\n|poke|p1|Appletun, M|\n|poke|p1|Lycanroc-Dusk, M|\n|poke|p1|Stakataka|\n|poke|p1|Ferrothorn, F|\n|poke|p1|Inteleon, F|\n|poke|p1|Sirfetch\u2019d, M|\n|poke|p2|Camerupt, F|\n|poke|p2|Alomomola, M|\n|poke|p2|Rillaboom, F|\n|poke|p2|Corviknight, F|\n|poke|p2|Kommo-o, M|\n|poke|p2|Tapu Lele|\n|teampreview\n|inactive|Battle timer is ON: inactive players will automatically lose when time's up. (requested by Prtbl_Trash)\n|inactive|gileko213 also wants the timer to be on.\n|\n|t:|1700972027\n|start\n|switch|p1a: Sirfetch\u2019d|Sirfetch\u2019d, M|100\/100\n|switch|p2a: Camerupt|Camerupt, F|100\/100\n|turn|1\n|\n|t:|1700972035\n|detailschange|p2a: Camerupt|Camerupt-Mega, F\n|-mega|p2a: Camerupt|Camerupt|Cameruptite\n|move|p1a: Sirfetch\u2019d|First Impression|p2a: Camerupt\n|-resisted|p2a: Camerupt\n|-crit|p2a: Camerupt\n|-damage|p2a: Camerupt|74\/100\n|move|p2a: Camerupt|Fire Blast|p1a: Sirfetch\u2019d|[miss]\n|-miss|p2a: Camerupt|p1a: Sirfetch\u2019d\n|\n|upkeep\n|turn|2\n|\n|t:|1700972043\n|move|p1a: Sirfetch\u2019d|Close Combat|p2a: Camerupt\n|-damage|p2a: Camerupt|0 fnt\n|-unboost|p1a: Sirfetch\u2019d|def|1\n|-unboost|p1a: Sirfetch\u2019d|spd|1\n|faint|p2a: Camerupt\n|\n|upkeep\n|\n|t:|1700972049\n|switch|p2a: Tapu Lele|Tapu Lele|100\/100\n|-fieldstart|move: Psychic Terrain|[from] ability: Psychic Surge|[of] p2a: Tapu Lele\n|turn|3\n|\n|t:|1700972057\n|switch|p1a: Ferrothorn|Ferrothorn, F|100\/100\n|move|p2a: Tapu Lele|Focus Blast|p1a: Ferrothorn\n|-supereffective|p1a: Ferrothorn\n|-damage|p1a: Ferrothorn|26\/100\n|\n|upkeep\n|turn|4\n|\n|t:|1700972063\n|move|p2a: Tapu Lele|Focus Blast|p1a: Ferrothorn\n|-supereffective|p1a: Ferrothorn\n|-damage|p1a: Ferrothorn|0 fnt\n|faint|p1a: Ferrothorn\n|\n|upkeep\n|\n|t:|1700972068\n|switch|p1a: Stakataka|Stakataka|100\/100\n|turn|5\n|\n|t:|1700972072\n|-terastallize|p1a: Stakataka|Ghost\n|move|p2a: Tapu Lele|Focus Blast|p1a: Stakataka\n|-immune|p1a: Stakataka\n|move|p1a: Stakataka|Trick Room|p1a: Stakataka\n|-fieldstart|move: Trick Room|[of] p1a: Stakataka\n|\n|upkeep\n|turn|6\n|\n|t:|1700972079\n|switch|p2a: Alomomola|Alomomola, M|100\/100\n|move|p1a: Stakataka|Gyro Ball|p2a: Alomomola\n|-resisted|p2a: Alomomola\n|-damage|p2a: Alomomola|78\/100\n|\n|upkeep\n|turn|7\n|\n|t:|1700972086\n|move|p1a: Stakataka|Body Slam|p2a: Alomomola\n|-damage|p2a: Alomomola|61\/100\n|-status|p2a: Alomomola|par\n|cant|p2a: Alomomola|par\n|\n|-fieldend|move: Psychic Terrain\n|upkeep\n|turn|8\n|\n|t:|1700972095\n|switch|p1a: Appletun|Appletun, M, shiny|100\/100\n|cant|p2a: Alomomola|par\n|\n|upkeep\n|turn|9\n|\n|t:|1700972102\n|move|p2a: Alomomola|Protect|p2a: Alomomola\n|-singleturn|p2a: Alomomola|Protect\n|move|p1a: Appletun|Leech Seed|p2a: Alomomola\n|-activate|p2a: Alomomola|move: Protect\n|\n|-fieldend|move: Trick Room\n|upkeep\n|turn|10\n|\n|t:|1700972107\n|move|p1a: Appletun|Leech Seed|p2a: Alomomola\n|-start|p2a: Alomomola|move: Leech Seed\n|cant|p2a: Alomomola|par\n|\n|-damage|p2a: Alomomola|48\/100 par|[from] Leech Seed|[of] p1a: Appletun\n|upkeep\n|turn|11\n|\n|t:|1700972112\n|move|p1a: Appletun|Apple Acid|p2a: Alomomola\n|-supereffective|p2a: Alomomola\n|-damage|p2a: Alomomola|0 fnt\n|faint|p2a: Alomomola\n|\n|upkeep\n|\n|t:|1700972117\n|switch|p2a: Tapu Lele|Tapu Lele|100\/100\n|-fieldstart|move: Psychic Terrain|[from] ability: Psychic Surge|[of] p2a: Tapu Lele\n|turn|12\n|\n|t:|1700972124\n|-terastallize|p2a: Tapu Lele|Psychic\n|move|p2a: Tapu Lele|Psychic|p1a: Appletun\n|-damage|p1a: Appletun|27\/100\n|move|p1a: Appletun|Leech Seed|p2a: Tapu Lele\n|-start|p2a: Tapu Lele|move: Leech Seed\n|\n|-heal|p1a: Appletun|33\/100|[from] item: Leftovers\n|-damage|p2a: Tapu Lele|88\/100|[from] Leech Seed|[of] p1a: Appletun\n|-heal|p1a: Appletun|41\/100|[silent]\n|upkeep\n|turn|13\n|\n|t:|1700972133\n|move|p2a: Tapu Lele|Psychic|p1a: Appletun\n|-damage|p1a: Appletun|0 fnt\n|faint|p1a: Appletun\n|\n|upkeep\n|\n|t:|1700972152\n|switch|p1a: Inteleon|Inteleon, F|100\/100\n|turn|14\n|\n|t:|1700972155\n|move|p2a: Tapu Lele|Psychic|p1a: Inteleon\n|-enditem|p1a: Inteleon|Focus Sash\n|-damage|p1a: Inteleon|1\/100\n|move|p1a: Inteleon|Focus Energy|p1a: Inteleon\n|-start|p1a: Inteleon|move: Focus Energy\n|\n|-damage|p2a: Tapu Lele|76\/100|[from] Leech Seed|[of] p1a: Inteleon\n|-heal|p1a: Inteleon|13\/100|[silent]\n|upkeep\n|turn|15\n|\n|t:|1700972158\n|move|p2a: Tapu Lele|Psychic|p1a: Inteleon\n|-damage|p1a: Inteleon|0 fnt\n|faint|p1a: Inteleon\n|\n|upkeep\n|\n|t:|1700972166\n|switch|p1a: Lycanroc|Lycanroc-Dusk, M|100\/100\n|turn|16\n|\n|t:|1700972170\n|move|p2a: Tapu Lele|Psychic|p1a: Lycanroc\n|-enditem|p1a: Lycanroc|Focus Sash\n|-damage|p1a: Lycanroc|1\/100\n|-unboost|p1a: Lycanroc|spd|1\n|move|p1a: Lycanroc|Swords Dance|p1a: Lycanroc\n|-boost|p1a: Lycanroc|atk|2\n|\n|-damage|p2a: Tapu Lele|63\/100|[from] Leech Seed|[of] p1a: Lycanroc\n|-heal|p1a: Lycanroc|13\/100|[silent]\n|-fieldend|move: Psychic Terrain\n|upkeep\n|turn|17\n|\n|t:|1700972180\n|switch|p2a: Corviknight|Corviknight, F|100\/100\n|-ability|p2a: Corviknight|Pressure\n|move|p1a: Lycanroc|Accelerock|p2a: Corviknight\n|-damage|p2a: Corviknight|66\/100\n|-damage|p1a: Lycanroc|0 fnt|[from] item: Rocky Helmet|[of] p2a: Corviknight\n|faint|p1a: Lycanroc\n|\n|upkeep\n|\n|t:|1700972185\n|switch|p1a: Sirfetch\u2019d|Sirfetch\u2019d, M|100\/100\n|turn|18\n|\n|t:|1700972191\n|move|p2a: Corviknight|U-turn|p1a: Sirfetch\u2019d\n|-resisted|p1a: Sirfetch\u2019d\n|-crit|p1a: Sirfetch\u2019d\n|-damage|p1a: Sirfetch\u2019d|88\/100\n|\n|t:|1700972195\n|switch|p2a: Kommo-o|Kommo-o, M|100\/100|[from] U-turn\n|move|p1a: Sirfetch\u2019d|Close Combat|p2a: Kommo-o\n|-damage|p2a: Kommo-o|28\/100\n|-unboost|p1a: Sirfetch\u2019d|def|1\n|-unboost|p1a: Sirfetch\u2019d|spd|1\n|\n|upkeep\n|turn|19\n|\n|t:|1700972207\n|move|p1a: Sirfetch\u2019d|Quick Attack|p2a: Kommo-o\n|-damage|p2a: Kommo-o|11\/100\n|move|p2a: Kommo-o|Clanging Scales|p1a: Sirfetch\u2019d\n|-damage|p1a: Sirfetch\u2019d|0 fnt\n|faint|p1a: Sirfetch\u2019d\n|-unboost|p2a: Kommo-o|def|1\n|-enditem|p2a: Kommo-o|Throat Spray\n|-boost|p2a: Kommo-o|spa|1|[from] item: Throat Spray\n|\n|upkeep\n|\n|t:|1700972212\n|switch|p1a: Stakataka|Stakataka, tera:Ghost|100\/100\n|turn|20\n|\n|t:|1700972226\n|move|p2a: Kommo-o|Clanging Scales|p1a: Stakataka\n|-damage|p1a: Stakataka|4\/100\n|-unboost|p2a: Kommo-o|def|1\n|move|p1a: Stakataka|Trick Room|p1a: Stakataka\n|-fieldstart|move: Trick Room|[of] p1a: Stakataka\n|\n|-heal|p1a: Stakataka|10\/100|[from] item: Leftovers\n|upkeep\n|turn|21\n|\n|t:|1700972233\n|move|p1a: Stakataka|Gyro Ball|p2a: Kommo-o\n|-immune|p2a: Kommo-o|[from] ability: Bulletproof\n|move|p2a: Kommo-o|Clanging Scales|p1a: Stakataka\n|-damage|p1a: Stakataka|0 fnt\n|faint|p1a: Stakataka\n|\n|win|Prtbl_Trash\n|raw|gileko213's rating: 1109 &rarr; <strong>1091<\/strong><br \/>(-18 for losing)\n|raw|Prtbl_Trash's rating: 1214 &rarr; <strong>1232<\/strong><br \/>(+18 for winning)\n","uploadtime":1700972243,"views":10,"p1id":"gileko213","p2id":"prtbltrash","formatid":"gen9nationaldex","rating":1091,"private":0,"password":""}