{"id":"gen9nationaldex-1993329472","p1":"mtyqjltz6","p2":"wyyxhsete","format":"[Gen 9] National Dex","log":"|j|\u2606mtyqjltz6\n|j|\u2606wyyxhsete\n|t:|1700299543\n|gametype|singles\n|player|p1|mtyqjltz6|elesa|1251\n|player|p2|wyyxhsete|dawn-gen4pt|1407\n|teamsize|p1|6\n|teamsize|p2|6\n|gen|9\n|tier|[Gen 9] National Dex\n|rated|\n|rule|HP Percentage Mod: HP is shown in percentages\n|rule|Endless Battle Clause: Forcing endless battles is banned\n|rule|OHKO Clause: OHKO moves are banned\n|rule|Evasion Clause: Evasion abilities, items, and moves are banned\n|rule|Evasion Abilities Clause: Evasion abilities are banned\n|rule|Evasion Items Clause: Evasion items are banned\n|rule|Evasion Moves Clause: Evasion moves are banned\n|rule|Species Clause: Limit one of each Pok\u00e9mon\n|rule|Sleep Clause Mod: Limit one foe put to sleep\n|clearpoke\n|poke|p1|Raticate, M|\n|poke|p1|Slowking-Galar, M|\n|poke|p1|Diancie|\n|poke|p1|Rillaboom, M|\n|poke|p1|Zapdos|\n|poke|p1|Blacephalon|\n|poke|p2|Banette, M|\n|poke|p2|Sneasler, F|\n|poke|p2|Tapu Lele|\n|poke|p2|Glimmora, M|\n|poke|p2|Rillaboom, F|\n|poke|p2|Urshifu-*, F|\n|teampreview\n|inactive|Battle timer is ON: inactive players will automatically lose when time's up. (requested by mtyqjltz6)\n|\n|t:|1700299562\n|start\n|switch|p1a: Slowking|Slowking-Galar, M, shiny|100\/100\n|switch|p2a: Glimmora|Glimmora, M|100\/100\n|turn|1\n|\n|t:|1700299569\n|move|p2a: Glimmora|Earth Power|p1a: Slowking\n|-supereffective|p1a: Slowking\n|-damage|p1a: Slowking|59\/100\n|move|p1a: Slowking|Future Sight|p2a: Glimmora\n|-start|p1a: Slowking|move: Future Sight\n|\n|upkeep\n|turn|2\n|\n|t:|1700299575\n|move|p2a: Glimmora|Stealth Rock|p1a: Slowking\n|-sidestart|p1: mtyqjltz6|move: Stealth Rock\n|move|p1a: Slowking|Sludge Bomb|p2a: Glimmora\n|-resisted|p2a: Glimmora\n|-damage|p2a: Glimmora|89\/100\n|\n|upkeep\n|turn|3\n|\n|t:|1700299580\n|move|p2a: Glimmora|Earth Power|p1a: Slowking\n|-supereffective|p1a: Slowking\n|-damage|p1a: Slowking|21\/100\n|-unboost|p1a: Slowking|spd|1\n|move|p1a: Slowking|Thunder Wave|p2a: Glimmora\n|-status|p2a: Glimmora|par\n|\n|-end|p2a: Glimmora|move: Future Sight\n|-supereffective|p2a: Glimmora\n|-damage|p2a: Glimmora|0 fnt\n|faint|p2a: Glimmora\n|upkeep\n|\n|t:|1700299596\n|switch|p2a: Tapu Lele|Tapu Lele, shiny|100\/100\n|-fieldstart|move: Psychic Terrain|[from] ability: Psychic Surge|[of] p2a: Tapu Lele\n|turn|4\n|\n|t:|1700299599\n|switch|p1a: Rillaboom|Rillaboom, M|100\/100\n|-damage|p1a: Rillaboom|88\/100|[from] Stealth Rock\n|-fieldstart|move: Grassy Terrain|[from] ability: Grassy Surge|[of] p1a: Rillaboom\n|move|p2a: Tapu Lele|Psychic|p1a: Rillaboom\n|-damage|p1a: Rillaboom|0 fnt\n|faint|p1a: Rillaboom\n|\n|upkeep\n|\n|t:|1700299620\n|switch|p1a: Blacephalon|Blacephalon|100\/100\n|-damage|p1a: Blacephalon|76\/100|[from] Stealth Rock\n|turn|5\n|\n|t:|1700299642\n|switch|p2a: Rillaboom|Rillaboom, F|100\/100\n|move|p1a: Blacephalon|Shadow Ball|p2a: Rillaboom\n|-damage|p2a: Rillaboom|43\/100\n|\n|-heal|p1a: Blacephalon|82\/100|[from] Grassy Terrain\n|-heal|p2a: Rillaboom|49\/100|[from] Grassy Terrain\n|upkeep\n|turn|6\n|\n|t:|1700299661\n|move|p1a: Blacephalon|Shadow Ball|p2a: Rillaboom\n|-damage|p2a: Rillaboom|0 fnt\n|faint|p2a: Rillaboom\n|-ability|p1a: Blacephalon|Beast Boost|boost\n|-boost|p1a: Blacephalon|spa|1\n|\n|-heal|p1a: Blacephalon|88\/100|[from] Grassy Terrain\n|upkeep\n|\n|t:|1700299667\n|switch|p2a: Urshifu|Urshifu-Rapid-Strike, F|100\/100\n|turn|7\n|\n|t:|1700299679\n|switch|p1a: Zapdos|Zapdos|100\/100\n|move|p2a: Urshifu|U-turn|p1a: Zapdos\n|-resisted|p1a: Zapdos\n|-damage|p1a: Zapdos|91\/100\n|\n|t:|1700299690\n|switch|p2a: Tapu Lele|Tapu Lele, shiny|100\/100|[from] U-turn\n|-fieldstart|move: Psychic Terrain|[from] ability: Psychic Surge|[of] p2a: Tapu Lele\n|\n|upkeep\n|turn|8\n|\n|t:|1700299708\n|switch|p1a: Diancie|Diancie, shiny|100\/100\n|-damage|p1a: Diancie|88\/100|[from] Stealth Rock\n|move|p2a: Tapu Lele|Psychic|p1a: Diancie\n|-damage|p1a: Diancie|0 fnt\n|faint|p1a: Diancie\n|\n|upkeep\n|\n|t:|1700299722\n|switch|p1a: Slowking|Slowking-Galar, M, shiny|54\/100\n|turn|9\n|\n|t:|1700299732\n|-terastallize|p1a: Slowking|Dark\n|move|p2a: Tapu Lele|Psychic|p1a: Slowking\n|-immune|p1a: Slowking\n|move|p1a: Slowking|Future Sight|p2a: Tapu Lele\n|-start|p1a: Slowking|move: Future Sight\n|\n|upkeep\n|turn|10\n|\n|t:|1700299738\n|switch|p2a: Sneasler|Sneasler, F|100\/100\n|-enditem|p2a: Sneasler|Psychic Seed\n|-boost|p2a: Sneasler|spd|1|[from] item: Psychic Seed\n|move|p1a: Slowking|Sludge Bomb|p2a: Sneasler\n|-resisted|p2a: Sneasler\n|-damage|p2a: Sneasler|86\/100\n|\n|upkeep\n|turn|11\n|\n|t:|1700299758\n|switch|p1a: Zapdos|Zapdos|91\/100\n|-terastallize|p2a: Sneasler|Flying\n|move|p2a: Sneasler|Swords Dance|p2a: Sneasler\n|-boost|p2a: Sneasler|atk|2\n|\n|-end|p2a: Sneasler|move: Future Sight\n|-damage|p2a: Sneasler|34\/100\n|-fieldend|move: Psychic Terrain\n|upkeep\n|turn|12\n|\n|t:|1700299770\n|move|p2a: Sneasler|Acrobatics|p1a: Zapdos\n|-resisted|p1a: Zapdos\n|-damage|p1a: Zapdos|50\/100\n|move|p1a: Zapdos|Volt Switch|p2a: Sneasler\n|-supereffective|p2a: Sneasler\n|-crit|p2a: Sneasler\n|-damage|p2a: Sneasler|0 fnt\n|faint|p2a: Sneasler\n|\n|t:|1700299779\n|switch|p1a: Blacephalon|Blacephalon|88\/100|[from] Volt Switch\n|-damage|p1a: Blacephalon|63\/100|[from] Stealth Rock\n|\n|upkeep\n|\n|t:|1700299783\n|switch|p2a: Urshifu|Urshifu-Rapid-Strike, F|100\/100\n|turn|13\n|\n|t:|1700299788\n|switch|p1a: Zapdos|Zapdos|50\/100\n|move|p2a: Urshifu|Surging Strikes|p1a: Zapdos\n|-crit|p1a: Zapdos\n|-damage|p1a: Zapdos|35\/100\n|-crit|p1a: Zapdos\n|-damage|p1a: Zapdos|19\/100\n|-status|p2a: Urshifu|par|[from] ability: Static|[of] p1a: Zapdos\n|-crit|p1a: Zapdos\n|-damage|p1a: Zapdos|2\/100\n|-hitcount|p1a: Zapdos|3\n|\n|upkeep\n|turn|14\n|\n|t:|1700299794\n|move|p1a: Zapdos|Roost|p1a: Zapdos\n|-heal|p1a: Zapdos|52\/100\n|-singleturn|p1a: Zapdos|move: Roost\n|cant|p2a: Urshifu|par\n|\n|upkeep\n|turn|15\n|\n|t:|1700299800\n|move|p1a: Zapdos|Roost|p1a: Zapdos\n|-heal|p1a: Zapdos|100\/100\n|-singleturn|p1a: Zapdos|move: Roost\n|move|p2a: Urshifu|Surging Strikes|p1a: Zapdos\n|-crit|p1a: Zapdos\n|-damage|p1a: Zapdos|83\/100\n|-crit|p1a: Zapdos\n|-damage|p1a: Zapdos|68\/100\n|-crit|p1a: Zapdos\n|-damage|p1a: Zapdos|51\/100\n|-hitcount|p1a: Zapdos|3\n|\n|upkeep\n|turn|16\n|\n|t:|1700299818\n|move|p1a: Zapdos|Volt Switch|p2a: Urshifu\n|-supereffective|p2a: Urshifu\n|-damage|p2a: Urshifu|12\/100 par\n|l|\u2606wyyxhsete\n|inactive|wyyxhsete disconnected and has a minute to reconnect!\n|player|p2|\n|\n|t:|1700299833\n|switch|p1a: Slowking|Slowking-Galar, M, shiny, tera:Dark|88\/100|[from] Volt Switch\n|cant|p2a: Urshifu|par\n|\n|upkeep\n|turn|17\n|inactive|mtyqjltz6 has 120 seconds left.\n|inactive|wyyxhsete has 30 seconds to reconnect!\n|inactive|wyyxhsete has 20 seconds to reconnect!\n|inactive|wyyxhsete has 15 seconds to reconnect!\n|inactive|wyyxhsete has 10 seconds to reconnect!\n|inactive|wyyxhsete has 5 seconds to reconnect!\n|-message|wyyxhsete lost due to inactivity.\n|\n|win|mtyqjltz6\n|raw|mtyqjltz6's rating: 1251 &rarr; <strong>1287<\/strong><br \/>(+36 for winning)\n|raw|wyyxhsete's rating: 1407 &rarr; <strong>1379<\/strong><br \/>(-28 for losing)\n","uploadtime":1700299903,"views":7,"p1id":"mtyqjltz6","p2id":"wyyxhsete","formatid":"gen9nationaldex","rating":1287,"private":0,"password":""}