{"id":"gen9nationaldex-1992216961","p1":"IcedLemonadez","p2":"immabouta","format":"[Gen 9] National Dex","log":"|j|\u2606IcedLemonadez\n|j|\u2606immabouta\n|t:|1700164731\n|gametype|singles\n|player|p1|IcedLemonadez|266|1070\n|player|p2|immabouta|170|1003\n|teamsize|p1|6\n|teamsize|p2|6\n|gen|9\n|tier|[Gen 9] National Dex\n|rated|\n|rule|HP Percentage Mod: HP is shown in percentages\n|rule|Endless Battle Clause: Forcing endless battles is banned\n|rule|OHKO Clause: OHKO moves are banned\n|rule|Evasion Clause: Evasion abilities, items, and moves are banned\n|rule|Evasion Abilities Clause: Evasion abilities are banned\n|rule|Evasion Items Clause: Evasion items are banned\n|rule|Evasion Moves Clause: Evasion moves are banned\n|rule|Species Clause: Limit one of each Pok\u00e9mon\n|rule|Sleep Clause Mod: Limit one foe put to sleep\n|clearpoke\n|poke|p1|Camerupt, M|\n|poke|p1|Dragalge, M|\n|poke|p1|Slowbro, M|\n|poke|p1|Lilligant, F|\n|poke|p1|Arctozolt|\n|poke|p1|Drifblim, F|\n|poke|p2|Garchomp, M|\n|poke|p2|Jirachi|\n|poke|p2|Greninja-*, M|\n|poke|p2|Gengar, F|\n|poke|p2|Blaziken, M|\n|poke|p2|Gliscor, M|\n|teampreview\n|c|\u2606IcedLemonadez|sup\n|\n|t:|1700164742\n|start\n|switch|p1a: Lilligant|Lilligant, F|100\/100\n|switch|p2a: Blaziken|Blaziken, M|100\/100\n|turn|1\n|c|\u2606immabouta|sup\n|c|\u2606IcedLemonadez|my 6 fav pokemon\n|c|\u2606IcedLemonadez|ok\n|c|\u2606IcedLemonadez|awful start\n|c|\u2606IcedLemonadez|rip\n|\n|t:|1700164764\n|switch|p1a: Camerupt|Camerupt, M|100\/100\n|move|p2a: Blaziken|Flame Charge|p1a: Camerupt\n|-resisted|p1a: Camerupt\n|-damage|p1a: Camerupt|84\/100\n|-boost|p2a: Blaziken|spe|1\n|\n|-ability|p2a: Blaziken|Speed Boost|boost\n|-boost|p2a: Blaziken|spe|1\n|upkeep\n|turn|2\n|c|\u2606immabouta|fire chicken\n|c|\u2606immabouta|fast\n|\n|t:|1700164776\n|move|p2a: Blaziken|Low Kick|p1a: Camerupt\n|-crit|p1a: Camerupt\n|-damage|p1a: Camerupt|0 fnt\n|faint|p1a: Camerupt\n|\n|-ability|p2a: Blaziken|Speed Boost|boost\n|-boost|p2a: Blaziken|spe|1\n|upkeep\n|c|\u2606IcedLemonadez|ok crit sob\n|\n|t:|1700164787\n|switch|p1a: Slowbro|Slowbro, M|100\/100\n|turn|3\n|\n|t:|1700164795\n|detailschange|p1a: Slowbro|Slowbro-Mega, M\n|-mega|p1a: Slowbro|Slowbro|Slowbronite\n|move|p2a: Blaziken|Low Kick|p1a: Slowbro\n|-resisted|p1a: Slowbro\n|-damage|p1a: Slowbro|89\/100\n|move|p1a: Slowbro|Scald|p2a: Blaziken\n|-supereffective|p2a: Blaziken\n|-damage|p2a: Blaziken|6\/100\n|\n|-ability|p2a: Blaziken|Speed Boost|boost\n|-boost|p2a: Blaziken|spe|1\n|upkeep\n|turn|4\n|c|\u2606IcedLemonadez|wet chicken\n|\n|t:|1700164808\n|move|p2a: Blaziken|Flamethrower|p1a: Slowbro\n|-resisted|p1a: Slowbro\n|-damage|p1a: Slowbro|72\/100\n|move|p1a: Slowbro|Calm Mind|p1a: Slowbro\n|-boost|p1a: Slowbro|spa|1\n|-boost|p1a: Slowbro|spd|1\n|\n|-ability|p2a: Blaziken|Speed Boost|boost\n|-boost|p2a: Blaziken|spe|1\n|upkeep\n|turn|5\n|\n|t:|1700164818\n|move|p2a: Blaziken|Flame Charge|p1a: Slowbro\n|-resisted|p1a: Slowbro\n|-damage|p1a: Slowbro|66\/100\n|-boost|p2a: Blaziken|spe|1\n|move|p1a: Slowbro|Calm Mind|p1a: Slowbro\n|-boost|p1a: Slowbro|spa|1\n|-boost|p1a: Slowbro|spd|1\n|\n|upkeep\n|turn|6\n|\n|t:|1700164826\n|move|p2a: Blaziken|Curse|p2a: Blaziken\n|-unboost|p2a: Blaziken|spe|1\n|-boost|p2a: Blaziken|atk|1\n|-boost|p2a: Blaziken|def|1\n|move|p1a: Slowbro|Calm Mind|p1a: Slowbro\n|-boost|p1a: Slowbro|spa|1\n|-boost|p1a: Slowbro|spd|1\n|\n|-ability|p2a: Blaziken|Speed Boost|boost\n|-boost|p2a: Blaziken|spe|1\n|upkeep\n|turn|7\n|c|\u2606IcedLemonadez|soo\n|c|\u2606immabouta|ded chicken\n|c|\u2606IcedLemonadez|you gonna just let me\n|\n|t:|1700164847\n|switch|p2a: Gengar|Gengar, F|100\/100\n|move|p1a: Slowbro|Calm Mind|p1a: Slowbro\n|-boost|p1a: Slowbro|spa|1\n|-boost|p1a: Slowbro|spd|1\n|\n|upkeep\n|turn|8\n|c|\u2606IcedLemonadez|get calm mind\n|\n|t:|1700164853\n|move|p2a: Gengar|Dazzling Gleam|p1a: Slowbro\n|-damage|p1a: Slowbro|59\/100\n|move|p1a: Slowbro|Stored Power|p2a: Gengar\n|-supereffective|p2a: Gengar\n|-damage|p2a: Gengar|0 fnt\n|faint|p2a: Gengar\n|\n|upkeep\n|c|\u2606IcedLemonadez|sweep\n|\n|t:|1700164862\n|switch|p2a: Jirachi|Jirachi|100\/100\n|turn|9\n|\n|t:|1700164866\n|move|p2a: Jirachi|Iron Head|p1a: Slowbro\n|-resisted|p1a: Slowbro\n|-damage|p1a: Slowbro|53\/100\n|cant|p1a: Slowbro|flinch\n|\n|upkeep\n|turn|10\n|\n|t:|1700164874\n|move|p2a: Jirachi|Iron Head|p1a: Slowbro\n|-resisted|p1a: Slowbro\n|-damage|p1a: Slowbro|46\/100\n|cant|p1a: Slowbro|flinch\n|\n|upkeep\n|turn|11\n|\n|t:|1700164880\n|move|p2a: Jirachi|Iron Head|p1a: Slowbro\n|-resisted|p1a: Slowbro\n|-damage|p1a: Slowbro|39\/100\n|move|p1a: Slowbro|Slack Off|p1a: Slowbro\n|-heal|p1a: Slowbro|89\/100\n|\n|upkeep\n|turn|12\n|c|\u2606IcedLemonadez|lol\n|\n|t:|1700164890\n|switch|p2a: Gliscor|Gliscor, M|100\/100\n|move|p1a: Slowbro|Scald|p2a: Gliscor\n|-supereffective|p2a: Gliscor\n|-damage|p2a: Gliscor|0 fnt\n|faint|p2a: Gliscor\n|\n|upkeep\n|c|\u2606IcedLemonadez|slowbro sweep\n|\n|t:|1700164896\n|switch|p2a: Garchomp|Garchomp, M|100\/100\n|turn|13\n|c|\u2606IcedLemonadez|wow bad switch rip\n|\n|t:|1700164902\n|move|p2a: Garchomp|Earthquake|p1a: Slowbro\n|-damage|p1a: Slowbro|65\/100\n|move|p1a: Slowbro|Stored Power|p2a: Garchomp\n|-damage|p2a: Garchomp|0 fnt\n|faint|p2a: Garchomp\n|\n|upkeep\n|c|\u2606immabouta|im ded\n|\n|t:|1700164908\n|switch|p2a: Blaziken|Blaziken, M|6\/100\n|turn|14\n|c|\u2606IcedLemonadez|yeah lol\n|\n|t:|1700164912\n|move|p2a: Blaziken|Low Kick|p1a: Slowbro\n|-resisted|p1a: Slowbro\n|-damage|p1a: Slowbro|54\/100\n|move|p1a: Slowbro|Stored Power|p2a: Blaziken\n|-supereffective|p2a: Blaziken\n|-crit|p2a: Blaziken\n|-damage|p2a: Blaziken|0 fnt\n|faint|p2a: Blaziken\n|\n|upkeep\n|\n|t:|1700164915\n|switch|p2a: Greninja|Greninja, M|100\/100\n|turn|15\n|\n|t:|1700164921\n|move|p2a: Greninja|Dark Pulse|p1a: Slowbro\n|-start|p2a: Greninja|typechange|Dark|[from] ability: Protean\n|-supereffective|p1a: Slowbro\n|-damage|p1a: Slowbro|36\/100\n|move|p1a: Slowbro|Slack Off|p1a: Slowbro\n|-heal|p1a: Slowbro|86\/100\n|\n|upkeep\n|turn|16\n|\n|t:|1700164932\n|move|p2a: Greninja|Dark Pulse|p1a: Slowbro\n|-supereffective|p1a: Slowbro\n|-damage|p1a: Slowbro|65\/100\n|move|p1a: Slowbro|Stored Power|p2a: Greninja\n|-immune|p2a: Greninja\n|\n|upkeep\n|turn|17\n|\n|t:|1700164940\n|move|p2a: Greninja|Dark Pulse|p1a: Slowbro\n|-supereffective|p1a: Slowbro\n|-damage|p1a: Slowbro|47\/100\n|move|p1a: Slowbro|Scald|p2a: Greninja\n|-damage|p2a: Greninja|0 fnt\n|faint|p2a: Greninja\n|\n|upkeep\n|c|\u2606IcedLemonadez|massive brain fart\n|c|\u2606IcedLemonadez|ripp\n|c|\u2606immabouta|ruh roh\n|\n|t:|1700164951\n|switch|p2a: Jirachi|Jirachi|100\/100\n|turn|18\n|c|\u2606IcedLemonadez|either way\n|c|\u2606IcedLemonadez|gg\n|\n|t:|1700164954\n|move|p2a: Jirachi|Iron Head|p1a: Slowbro\n|-resisted|p1a: Slowbro\n|-damage|p1a: Slowbro|41\/100\n|cant|p1a: Slowbro|flinch\n|\n|upkeep\n|turn|19\n|c|\u2606IcedLemonadez|if you get like\n|c|\u2606IcedLemonadez|7 flinches\n|\n|t:|1700164967\n|move|p2a: Jirachi|Iron Head|p1a: Slowbro\n|-resisted|p1a: Slowbro\n|-damage|p1a: Slowbro|35\/100\n|cant|p1a: Slowbro|flinch\n|\n|upkeep\n|turn|20\n|c|\u2606immabouta|flinch hax\n|\n|t:|1700164978\n|move|p2a: Jirachi|Iron Head|p1a: Slowbro\n|-resisted|p1a: Slowbro\n|-damage|p1a: Slowbro|28\/100\n|cant|p1a: Slowbro|flinch\n|\n|upkeep\n|turn|21\n|c|\u2606IcedLemonadez|aint no way\n|c|\u2606IcedLemonadez|o\n|c|\u2606IcedLemonadez|m\n|c|\u2606IcedLemonadez|g\n|\n|t:|1700164986\n|move|p2a: Jirachi|Iron Head|p1a: Slowbro\n|-resisted|p1a: Slowbro\n|-damage|p1a: Slowbro|22\/100\n|cant|p1a: Slowbro|flinch\n|\n|upkeep\n|turn|22\n|c|\u2606IcedLemonadez|how\n|c|\u2606immabouta|60% i think\n|\n|t:|1700164999\n|move|p2a: Jirachi|Iron Head|p1a: Slowbro\n|-resisted|p1a: Slowbro\n|-damage|p1a: Slowbro|16\/100\n|move|p1a: Slowbro|Scald|p2a: Jirachi\n|-damage|p2a: Jirachi|13\/100\n|\n|upkeep\n|turn|23\n|c|\u2606IcedLemonadez|bruh\n|c|\u2606IcedLemonadez|perish\n|\n|t:|1700165006\n|move|p2a: Jirachi|Iron Head|p1a: Slowbro\n|-resisted|p1a: Slowbro\n|-damage|p1a: Slowbro|9\/100\n|cant|p1a: Slowbro|flinch\n|\n|upkeep\n|turn|24\n|\n|t:|1700165013\n|move|p2a: Jirachi|Aura Sphere|p1a: Slowbro\n|-resisted|p1a: Slowbro\n|-damage|p1a: Slowbro|6\/100\n|move|p1a: Slowbro|Scald|p2a: Jirachi\n|-damage|p2a: Jirachi|0 fnt\n|faint|p2a: Jirachi\n|\n|win|IcedLemonadez\n|raw|IcedLemonadez's rating: 1070 &rarr; <strong>1094<\/strong><br \/>(+24 for winning)\n|raw|immabouta's rating: 1003 &rarr; <strong>1000<\/strong><br \/>(-3 for losing)\n|c|\u2606immabouta|gg\n|c|\u2606IcedLemonadez|gg\n|l|\u2606immabouta\n|c|\u2606IcedLemonadez|slowbro sweep\n","uploadtime":1700165028,"views":4,"p1id":"icedlemonadez","p2id":"immabouta","formatid":"gen9nationaldex","rating":1000,"private":0,"password":""}