{"id":"gen9nationaldex-1987983853","p1":"Th3K1ng123","p2":"Tomohiro436","format":"[Gen 9] National Dex","log":"|j|\u2606Th3K1ng123\n|j|\u2606Tomohiro436\n|t:|1699655897\n|gametype|singles\n|player|p1|Th3K1ng123|turo|1173\n|player|p2|Tomohiro436|169|1215\n|teamsize|p1|6\n|teamsize|p2|6\n|gen|9\n|tier|[Gen 9] National Dex\n|rated|\n|rule|HP Percentage Mod: HP is shown in percentages\n|rule|Endless Battle Clause: Forcing endless battles is banned\n|rule|OHKO Clause: OHKO moves are banned\n|rule|Evasion Clause: Evasion abilities, items, and moves are banned\n|rule|Evasion Abilities Clause: Evasion abilities are banned\n|rule|Evasion Items Clause: Evasion items are banned\n|rule|Evasion Moves Clause: Evasion moves are banned\n|rule|Species Clause: Limit one of each Pok\u00e9mon\n|rule|Sleep Clause Mod: Limit one foe put to sleep\n|clearpoke\n|poke|p1|Scizor, M|\n|poke|p1|Bisharp, M|\n|poke|p1|Garchomp, M|\n|poke|p1|Volcarona, M|\n|poke|p1|Alakazam, M|\n|poke|p1|Zapdos|\n|poke|p2|Metagross|\n|poke|p2|Swampert, F|\n|poke|p2|Sceptile, M|\n|poke|p2|Galvantula, M|\n|poke|p2|Kyurem|\n|poke|p2|Rotom-Heat|\n|teampreview\n|inactive|Battle timer is ON: inactive players will automatically lose when time's up. (requested by Th3K1ng123)\n|\n|t:|1699655911\n|start\n|switch|p1a: Thunderhawk|Zapdos, shiny|100\/100\n|switch|p2a: Galvantula|Galvantula, M|100\/100\n|turn|1\n|\n|t:|1699655919\n|move|p2a: Galvantula|Sticky Web|p1a: Thunderhawk\n|-sidestart|p1: Th3K1ng123|move: Sticky Web\n|move|p1a: Thunderhawk|Heat Wave|p2a: Galvantula\n|-supereffective|p2a: Galvantula\n|-damage|p2a: Galvantula|11\/100\n|\n|upkeep\n|turn|2\n|\n|t:|1699655927\n|move|p2a: Galvantula|Toxic|p1a: Thunderhawk\n|-status|p1a: Thunderhawk|tox\n|move|p1a: Thunderhawk|Volt Switch|p2a: Galvantula\n|-resisted|p2a: Galvantula\n|-damage|p2a: Galvantula|0 fnt\n|faint|p2a: Galvantula\n|\n|t:|1699655935\n|switch|p1a: Polilla De Fuego|Volcarona, M, shiny|100\/100|[from] Volt Switch\n|\n|upkeep\n|\n|t:|1699655941\n|switch|p2a: Swampert|Swampert, F|100\/100\n|turn|3\n|\n|t:|1699655948\n|-terastallize|p2a: Swampert|Fire\n|move|p1a: Polilla De Fuego|Giga Drain|p2a: Swampert\n|-resisted|p2a: Swampert\n|-damage|p2a: Swampert|91\/100\n|move|p2a: Swampert|Stealth Rock|p1a: Polilla De Fuego\n|-sidestart|p1: Th3K1ng123|move: Stealth Rock\n|\n|-heal|p2a: Swampert|97\/100|[from] item: Leftovers\n|upkeep\n|turn|4\n|\n|t:|1699655959\n|switch|p1a: Thunderhawk|Zapdos, shiny|100\/100 tox\n|move|p2a: Swampert|Flip Turn|p1a: Thunderhawk\n|-damage|p1a: Thunderhawk|83\/100 tox\n|\n|t:|1699655970\n|switch|p2a: Kyurem|Kyurem|100\/100|[from] Flip Turn\n|-ability|p2a: Kyurem|Pressure\n|\n|-damage|p1a: Thunderhawk|77\/100 tox|[from] psn\n|upkeep\n|turn|5\n|\n|t:|1699655977\n|-terastallize|p1a: Thunderhawk|Steel\n|move|p2a: Kyurem|Ice Beam|p1a: Thunderhawk\n|-resisted|p1a: Thunderhawk\n|-damage|p1a: Thunderhawk|57\/100 tox\n|move|p1a: Thunderhawk|Defog|p2a: Kyurem\n|-unboost|p2a: Kyurem|evasion|1\n|-sideend|p1: Th3K1ng123|Stealth Rock|[from] move: Defog|[of] p1a: Thunderhawk\n|-sideend|p1: Th3K1ng123|Sticky Web|[from] move: Defog|[of] p1a: Thunderhawk\n|\n|-damage|p1a: Thunderhawk|44\/100 tox|[from] psn\n|upkeep\n|turn|6\n|\n|t:|1699655986\n|move|p2a: Kyurem|Earth Power|p1a: Thunderhawk\n|-supereffective|p1a: Thunderhawk\n|-damage|p1a: Thunderhawk|0 fnt\n|faint|p1a: Thunderhawk\n|\n|upkeep\n|\n|t:|1699655993\n|switch|p1a: Big Meaty Claws|Scizor, M, shiny|100\/100\n|turn|7\n|\n|t:|1699656001\n|switch|p2a: Swampert|Swampert, F, tera:Fire|97\/100\n|detailschange|p1a: Big Meaty Claws|Scizor-Mega, M, shiny\n|-mega|p1a: Big Meaty Claws|Scizor|Scizorite\n|move|p1a: Big Meaty Claws|U-turn|p2a: Swampert\n|-resisted|p2a: Swampert\n|-damage|p2a: Swampert|79\/100\n|\n|t:|1699656011\n|switch|p1a: Gibby|Garchomp, M, shiny|100\/100|[from] U-turn\n|\n|-heal|p2a: Swampert|85\/100|[from] item: Leftovers\n|upkeep\n|turn|8\n|\n|t:|1699656016\n|move|p1a: Gibby|Swords Dance|p1a: Gibby\n|-boost|p1a: Gibby|atk|2\n|move|p2a: Swampert|Stealth Rock|p1a: Gibby\n|-sidestart|p1: Th3K1ng123|move: Stealth Rock\n|\n|-heal|p2a: Swampert|91\/100|[from] item: Leftovers\n|upkeep\n|turn|9\n|\n|t:|1699656031\n|move|p1a: Gibby|Scale Shot|p2a: Swampert\n|-damage|p2a: Swampert|68\/100\n|-damage|p2a: Swampert|47\/100\n|-damage|p2a: Swampert|25\/100\n|-damage|p2a: Swampert|2\/100\n|-damage|p2a: Swampert|0 fnt\n|faint|p2a: Swampert\n|-hitcount|p2: Swampert|5\n|-unboost|p1a: Gibby|def|1\n|-boost|p1a: Gibby|spe|1\n|\n|upkeep\n|\n|t:|1699656036\n|switch|p2a: Sceptile|Sceptile, M|100\/100\n|turn|10\n|\n|t:|1699656043\n|detailschange|p2a: Sceptile|Sceptile-Mega, M\n|-mega|p2a: Sceptile|Sceptile|Sceptilite\n|move|p1a: Gibby|Scale Shot|p2a: Sceptile\n|-supereffective|p2a: Sceptile\n|-damage|p2a: Sceptile|13\/100\n|-supereffective|p2a: Sceptile\n|-damage|p2a: Sceptile|0 fnt\n|faint|p2a: Sceptile\n|-hitcount|p2: Sceptile|2\n|-unboost|p1a: Gibby|def|1\n|-boost|p1a: Gibby|spe|1\n|\n|upkeep\n|\n|t:|1699656048\n|switch|p2a: Kyurem|Kyurem|100\/100\n|-ability|p2a: Kyurem|Pressure\n|turn|11\n|\n|t:|1699656056\n|move|p1a: Gibby|Scale Shot|p2a: Kyurem\n|-supereffective|p2a: Kyurem\n|-damage|p2a: Kyurem|46\/100\n|-supereffective|p2a: Kyurem\n|-crit|p2a: Kyurem\n|-damage|p2a: Kyurem|0 fnt\n|faint|p2a: Kyurem\n|-hitcount|p2: Kyurem|2\n|-unboost|p1a: Gibby|def|1\n|-boost|p1a: Gibby|spe|1\n|\n|upkeep\n|-message|Tomohiro436 forfeited.\n|\n|win|Th3K1ng123\n|raw|Th3K1ng123's rating: 1173 &rarr; <strong>1201<\/strong><br \/>(+28 for winning)\n|raw|Tomohiro436's rating: 1215 &rarr; <strong>1187<\/strong><br \/>(-28 for losing)\n|l|\u2606Tomohiro436\n","uploadtime":1699656068,"views":4,"p1id":"th3k1ng123","p2id":"tomohiro436","formatid":"gen9nationaldex","rating":1187,"private":0,"password":""}