{"id":"gen9nationaldex-1991274092","p1":"Dark Umbreon 08","p2":"Raptororo","format":"[Gen 9] National Dex","log":"|j|\u2606Dark Umbreon 08\n|j|\u2606Raptororo\n|t:|1700063340\n|gametype|singles\n|player|p1|Dark Umbreon 08|lass-gen4dp|1000\n|player|p2|Raptororo|musician|1026\n|teamsize|p1|1\n|teamsize|p2|6\n|gen|9\n|tier|[Gen 9] National Dex\n|rated|\n|rule|HP Percentage Mod: HP is shown in percentages\n|rule|Endless Battle Clause: Forcing endless battles is banned\n|rule|OHKO Clause: OHKO moves are banned\n|rule|Evasion Clause: Evasion abilities, items, and moves are banned\n|rule|Evasion Abilities Clause: Evasion abilities are banned\n|rule|Evasion Items Clause: Evasion items are banned\n|rule|Evasion Moves Clause: Evasion moves are banned\n|rule|Species Clause: Limit one of each Pok\u00e9mon\n|rule|Sleep Clause Mod: Limit one foe put to sleep\n|clearpoke\n|poke|p1|Jirachi|\n|poke|p2|Zoroark-Hisui, F|\n|poke|p2|Blissey, F|\n|poke|p2|Corviknight, F|\n|poke|p2|Breloom, M|\n|poke|p2|Aerodactyl, M|\n|poke|p2|Tapu Koko|\n|teampreview\n|inactive|Battle timer is ON: inactive players will automatically lose when time's up. (requested by Dark Umbreon 08)\n|\n|t:|1700063345\n|start\n|switch|p1a: Jirachi|Jirachi|100\/100\n|switch|p2a: Aerodactyl|Aerodactyl, M|100\/100\n|-ability|p2a: Aerodactyl|Unnerve\n|turn|1\n|\n|t:|1700063353\n|move|p2a: Aerodactyl|Taunt|p1a: Jirachi\n|-start|p1a: Jirachi|move: Taunt\n|move|p1a: Jirachi|Ancient Power|p2a: Aerodactyl\n|-supereffective|p2a: Aerodactyl\n|-damage|p2a: Aerodactyl|61\/100\n|\n|upkeep\n|turn|2\n|\n|t:|1700063361\n|switch|p2a: Corviknight|Corviknight, F|100\/100\n|move|p1a: Jirachi|Ancient Power|p2a: Corviknight\n|-damage|p2a: Corviknight|88\/100\n|\n|-heal|p2a: Corviknight|94\/100|[from] item: Leftovers\n|upkeep\n|turn|3\n|\n|t:|1700063369\n|move|p1a: Jirachi|Ancient Power|p2a: Corviknight\n|-damage|p2a: Corviknight|81\/100\n|-boost|p1a: Jirachi|atk|1\n|-boost|p1a: Jirachi|def|1\n|-boost|p1a: Jirachi|spa|1\n|-boost|p1a: Jirachi|spd|1\n|-boost|p1a: Jirachi|spe|1\n|move|p2a: Corviknight|Iron Defense|p2a: Corviknight\n|-boost|p2a: Corviknight|def|2\n|\n|-heal|p2a: Corviknight|88\/100|[from] item: Leftovers\n|-end|p1a: Jirachi|move: Taunt\n|upkeep\n|turn|4\n|\n|t:|1700063379\n|move|p1a: Jirachi|Substitute|p1a: Jirachi\n|-start|p1a: Jirachi|Substitute\n|-damage|p1a: Jirachi|76\/100\n|move|p2a: Corviknight|Body Press|p1a: Jirachi\n|-end|p1a: Jirachi|Substitute\n|\n|-heal|p1a: Jirachi|82\/100|[from] item: Leftovers\n|-heal|p2a: Corviknight|94\/100|[from] item: Leftovers\n|upkeep\n|turn|5\n|c|\u2606Raptororo|gg\n|\n|t:|1700063391\n|-terastallize|p1a: Jirachi|Flying\n|move|p1a: Jirachi|Body Slam|p2a: Corviknight\n|-resisted|p2a: Corviknight\n|-damage|p2a: Corviknight|88\/100\n|-status|p2a: Corviknight|par\n|move|p2a: Corviknight|Body Press|p1a: Jirachi\n|-resisted|p1a: Jirachi\n|-damage|p1a: Jirachi|64\/100\n|\n|-heal|p1a: Jirachi|71\/100|[from] item: Leftovers\n|-heal|p2a: Corviknight|95\/100 par|[from] item: Leftovers\n|upkeep\n|turn|6\n|c|\u2606Raptororo|ez\n|\n|t:|1700063406\n|move|p1a: Jirachi|Substitute|p1a: Jirachi\n|-start|p1a: Jirachi|Substitute\n|-damage|p1a: Jirachi|46\/100\n|move|p2a: Corviknight|Iron Defense|p2a: Corviknight\n|-boost|p2a: Corviknight|def|2\n|\n|-heal|p1a: Jirachi|52\/100|[from] item: Leftovers\n|-heal|p2a: Corviknight|100\/100 par|[from] item: Leftovers\n|upkeep\n|turn|7\n|\n|t:|1700063414\n|move|p1a: Jirachi|Ancient Power|p2a: Corviknight\n|-damage|p2a: Corviknight|82\/100 par\n|-boost|p1a: Jirachi|atk|1\n|-boost|p1a: Jirachi|def|1\n|-boost|p1a: Jirachi|spa|1\n|-boost|p1a: Jirachi|spd|1\n|-boost|p1a: Jirachi|spe|1\n|move|p2a: Corviknight|Iron Defense|p2a: Corviknight\n|-boost|p2a: Corviknight|def|2\n|\n|-heal|p1a: Jirachi|58\/100|[from] item: Leftovers\n|-heal|p2a: Corviknight|88\/100 par|[from] item: Leftovers\n|upkeep\n|turn|8\n|\n|t:|1700063425\n|move|p1a: Jirachi|Ancient Power|p2a: Corviknight\n|-damage|p2a: Corviknight|60\/100 par\n|move|p2a: Corviknight|Body Press|p1a: Jirachi\n|-resisted|p1a: Jirachi\n|-end|p1a: Jirachi|Substitute\n|\n|-heal|p1a: Jirachi|64\/100|[from] item: Leftovers\n|-heal|p2a: Corviknight|67\/100 par|[from] item: Leftovers\n|upkeep\n|turn|9\n|\n|t:|1700063433\n|move|p1a: Jirachi|Substitute|p1a: Jirachi\n|-start|p1a: Jirachi|Substitute\n|-damage|p1a: Jirachi|39\/100\n|move|p2a: Corviknight|Body Press|p1a: Jirachi\n|-resisted|p1a: Jirachi\n|-end|p1a: Jirachi|Substitute\n|\n|-heal|p1a: Jirachi|45\/100|[from] item: Leftovers\n|-heal|p2a: Corviknight|73\/100 par|[from] item: Leftovers\n|upkeep\n|turn|10\n|\n|t:|1700063442\n|move|p1a: Jirachi|Substitute|p1a: Jirachi\n|-start|p1a: Jirachi|Substitute\n|-damage|p1a: Jirachi|20\/100\n|move|p2a: Corviknight|Body Press|p1a: Jirachi\n|-resisted|p1a: Jirachi\n|-activate|p1a: Jirachi|move: Substitute|[damage]\n|\n|-heal|p1a: Jirachi|26\/100|[from] item: Leftovers\n|-heal|p2a: Corviknight|79\/100 par|[from] item: Leftovers\n|upkeep\n|turn|11\n|\n|t:|1700063450\n|move|p1a: Jirachi|Ancient Power|p2a: Corviknight\n|-damage|p2a: Corviknight|52\/100 par\n|-boost|p1a: Jirachi|atk|1\n|-boost|p1a: Jirachi|def|1\n|-boost|p1a: Jirachi|spa|1\n|-boost|p1a: Jirachi|spd|1\n|-boost|p1a: Jirachi|spe|1\n|move|p2a: Corviknight|Body Press|p1a: Jirachi\n|-resisted|p1a: Jirachi\n|-end|p1a: Jirachi|Substitute\n|\n|-heal|p1a: Jirachi|32\/100|[from] item: Leftovers\n|-heal|p2a: Corviknight|58\/100 par|[from] item: Leftovers\n|upkeep\n|turn|12\n|\n|t:|1700063464\n|move|p1a: Jirachi|Iron Head|p2a: Corviknight\n|-resisted|p2a: Corviknight\n|-damage|p2a: Corviknight|51\/100 par\n|move|p2a: Corviknight|Body Press|p1a: Jirachi\n|-resisted|p1a: Jirachi\n|-damage|p1a: Jirachi|12\/100\n|\n|-heal|p1a: Jirachi|18\/100|[from] item: Leftovers\n|-heal|p2a: Corviknight|58\/100 par|[from] item: Leftovers\n|upkeep\n|turn|13\n|\n|t:|1700063472\n|move|p1a: Jirachi|Iron Head|p2a: Corviknight\n|-resisted|p2a: Corviknight\n|-damage|p2a: Corviknight|51\/100 par\n|cant|p2a: Corviknight|par\n|\n|-heal|p1a: Jirachi|24\/100|[from] item: Leftovers\n|-heal|p2a: Corviknight|57\/100 par|[from] item: Leftovers\n|upkeep\n|turn|14\n|\n|t:|1700063479\n|move|p1a: Jirachi|Iron Head|p2a: Corviknight\n|-resisted|p2a: Corviknight\n|-damage|p2a: Corviknight|50\/100 par\n|move|p2a: Corviknight|Brave Bird|p1a: Jirachi\n|-damage|p1a: Jirachi|12\/100\n|-damage|p2a: Corviknight|46\/100 par|[from] Recoil\n|\n|-heal|p1a: Jirachi|18\/100|[from] item: Leftovers\n|-heal|p2a: Corviknight|52\/100 par|[from] item: Leftovers\n|upkeep\n|turn|15\n|\n|t:|1700063495\n|move|p1a: Jirachi|Iron Head|p2a: Corviknight\n|-resisted|p2a: Corviknight\n|-damage|p2a: Corviknight|45\/100 par\n|move|p2a: Corviknight|Brave Bird|p1a: Jirachi\n|-damage|p1a: Jirachi|3\/100\n|-damage|p2a: Corviknight|40\/100 par|[from] Recoil\n|\n|-heal|p1a: Jirachi|9\/100|[from] item: Leftovers\n|-heal|p2a: Corviknight|46\/100 par|[from] item: Leftovers\n|upkeep\n|turn|16\n|\n|t:|1700063504\n|move|p1a: Jirachi|Iron Head|p2a: Corviknight\n|-resisted|p2a: Corviknight\n|-damage|p2a: Corviknight|39\/100 par\n|cant|p2a: Corviknight|flinch\n|\n|-heal|p1a: Jirachi|15\/100|[from] item: Leftovers\n|-heal|p2a: Corviknight|45\/100 par|[from] item: Leftovers\n|upkeep\n|turn|17\n|\n|t:|1700063511\n|move|p1a: Jirachi|Iron Head|p2a: Corviknight\n|-resisted|p2a: Corviknight\n|-damage|p2a: Corviknight|38\/100 par\n|cant|p2a: Corviknight|par\n|\n|-heal|p1a: Jirachi|21\/100|[from] item: Leftovers\n|-heal|p2a: Corviknight|45\/100 par|[from] item: Leftovers\n|upkeep\n|turn|18\n|\n|t:|1700063518\n|move|p1a: Jirachi|Iron Head|p2a: Corviknight\n|-resisted|p2a: Corviknight\n|-damage|p2a: Corviknight|37\/100 par\n|move|p2a: Corviknight|Brave Bird|p1a: Jirachi\n|-damage|p1a: Jirachi|8\/100\n|-damage|p2a: Corviknight|33\/100 par|[from] Recoil\n|\n|-heal|p1a: Jirachi|14\/100|[from] item: Leftovers\n|-heal|p2a: Corviknight|39\/100 par|[from] item: Leftovers\n|upkeep\n|turn|19\n|\n|t:|1700063527\n|move|p1a: Jirachi|Iron Head|p2a: Corviknight\n|-resisted|p2a: Corviknight\n|-damage|p2a: Corviknight|31\/100 par\n|cant|p2a: Corviknight|flinch\n|\n|-heal|p1a: Jirachi|20\/100|[from] item: Leftovers\n|-heal|p2a: Corviknight|38\/100 par|[from] item: Leftovers\n|upkeep\n|turn|20\n|\n|t:|1700063534\n|move|p1a: Jirachi|Iron Head|p2a: Corviknight\n|-resisted|p2a: Corviknight\n|-damage|p2a: Corviknight|30\/100 par\n|cant|p2a: Corviknight|par\n|\n|-heal|p1a: Jirachi|26\/100|[from] item: Leftovers\n|-heal|p2a: Corviknight|36\/100 par|[from] item: Leftovers\n|upkeep\n|turn|21\n|\n|t:|1700063541\n|move|p1a: Jirachi|Substitute|p1a: Jirachi\n|-start|p1a: Jirachi|Substitute\n|-damage|p1a: Jirachi|1\/100\n|move|p2a: Corviknight|Brave Bird|p1a: Jirachi\n|-activate|p1a: Jirachi|move: Substitute|[damage]\n|-damage|p2a: Corviknight|31\/100 par|[from] Recoil|[of] p1a: Jirachi\n|\n|-heal|p1a: Jirachi|7\/100|[from] item: Leftovers\n|-heal|p2a: Corviknight|38\/100 par|[from] item: Leftovers\n|upkeep\n|turn|22\n|\n|t:|1700063550\n|move|p1a: Jirachi|Ancient Power|p2a: Corviknight\n|-damage|p2a: Corviknight|2\/100 par\n|move|p2a: Corviknight|Brave Bird|p1a: Jirachi\n|-end|p1a: Jirachi|Substitute\n|-damage|p2a: Corviknight|0 fnt|[from] Recoil|[of] p1a: Jirachi\n|faint|p2a: Corviknight\n|\n|-heal|p1a: Jirachi|13\/100|[from] item: Leftovers\n|upkeep\n|\n|t:|1700063559\n|switch|p2a: Tapu Koko|Tapu Koko|100\/100\n|-fieldstart|move: Electric Terrain|[from] ability: Electric Surge|[of] p2a: Tapu Koko\n|turn|23\n|\n|t:|1700063564\n|move|p1a: Jirachi|Iron Head|p2a: Tapu Koko\n|-damage|p2a: Tapu Koko|0 fnt\n|faint|p2a: Tapu Koko\n|\n|-heal|p1a: Jirachi|19\/100|[from] item: Leftovers\n|upkeep\n|\n|t:|1700063570\n|switch|p2a: Aerodactyl|Aerodactyl, M|61\/100\n|-ability|p2a: Aerodactyl|Unnerve\n|turn|24\n|\n|t:|1700063574\n|move|p1a: Jirachi|Iron Head|p2a: Aerodactyl\n|-supereffective|p2a: Aerodactyl\n|-crit|p2a: Aerodactyl\n|-damage|p2a: Aerodactyl|0 fnt\n|faint|p2a: Aerodactyl\n|\n|-heal|p1a: Jirachi|25\/100|[from] item: Leftovers\n|upkeep\n|c|\u2606Raptororo|trash\n|c|\u2606Raptororo|ez game\n|-message|Raptororo forfeited.\n|\n|win|Dark Umbreon 08\n|raw|Dark Umbreon 08's rating: 1000 &rarr; <strong>1043<\/strong><br \/>(+43 for winning)\n|raw|Raptororo's rating: 1026 &rarr; <strong>1011<\/strong><br \/>(-15 for losing)\n|l|\u2606Raptororo\n","uploadtime":1700063611,"views":4,"p1id":"darkumbreon08","p2id":"raptororo","formatid":"gen9nationaldex","rating":1011,"private":0,"password":""}