{"id":"gen9nationaldex-1992659997","p1":"Maitre_couscous_","p2":"Carbolo","format":"[Gen 9] National Dex","log":"|j|\u2606Maitre_couscous_\n|j|\u2606Carbolo\n|t:|1700221751\n|gametype|singles\n|player|p1|Maitre_couscous_|proton|\n|player|p2|Carbolo|tate|\n|teamsize|p1|6\n|teamsize|p2|6\n|gen|9\n|tier|[Gen 9] National Dex\n|rule|HP Percentage Mod: HP is shown in percentages\n|rule|Endless Battle Clause: Forcing endless battles is banned\n|rule|OHKO Clause: OHKO moves are banned\n|rule|Evasion Clause: Evasion abilities, items, and moves are banned\n|rule|Evasion Abilities Clause: Evasion abilities are banned\n|rule|Evasion Items Clause: Evasion items are banned\n|rule|Evasion Moves Clause: Evasion moves are banned\n|rule|Species Clause: Limit one of each Pok\u00e9mon\n|rule|Sleep Clause Mod: Limit one foe put to sleep\n|clearpoke\n|poke|p1|Magcargo, F|\n|poke|p1|Beedrill, M|\n|poke|p1|Basculegion, M|\n|poke|p1|Kommo-o, F|\n|poke|p1|Tornadus-Therian, M|\n|poke|p1|Ninetales-Alola, M|\n|poke|p2|Glimmora, M|\n|poke|p2|Ogerpon-Wellspring, F|\n|poke|p2|Sneasler, M|\n|poke|p2|Iron Valiant|\n|poke|p2|Garchomp, M|\n|poke|p2|Garganacl, F|\n|teampreview\n|inactive|Battle timer is ON: inactive players will automatically lose when time's up. (requested by Carbolo)\n|\n|t:|1700221772\n|start\n|switch|p1a: Oreiller|Kommo-o, F|100\/100\n|switch|p2a: Glimmora|Glimmora, M|100\/100\n|turn|1\n|\n|t:|1700221784\n|move|p2a: Glimmora|Stealth Rock|p1a: Oreiller\n|-sidestart|p1: Maitre_couscous_|move: Stealth Rock\n|move|p1a: Oreiller|Substitute|p1a: Oreiller\n|-start|p1a: Oreiller|Substitute\n|-damage|p1a: Oreiller|76\/100\n|\n|-heal|p1a: Oreiller|82\/100|[from] item: Leftovers\n|upkeep\n|turn|2\n|\n|t:|1700221792\n|move|p2a: Glimmora|Sludge Wave|p1a: Oreiller\n|-end|p1a: Oreiller|Substitute\n|move|p1a: Oreiller|Clangorous Soul|p1a: Oreiller\n|-boost|p1a: Oreiller|atk|1\n|-boost|p1a: Oreiller|def|1\n|-boost|p1a: Oreiller|spa|1\n|-boost|p1a: Oreiller|spd|1\n|-boost|p1a: Oreiller|spe|1\n|-damage|p1a: Oreiller|49\/100\n|\n|-heal|p1a: Oreiller|55\/100|[from] item: Leftovers\n|upkeep\n|turn|3\n|\n|t:|1700221805\n|move|p1a: Oreiller|Drain Punch|p2a: Glimmora\n|-damage|p2a: Glimmora|33\/100\n|-heal|p1a: Oreiller|85\/100|[from] drain|[of] p2a: Glimmora\n|-activate|p2a: Glimmora|ability: Toxic Debris\n|-sidestart|p1: Maitre_couscous_|move: Toxic Spikes\n|move|p2a: Glimmora|Sludge Wave|p1a: Oreiller\n|-damage|p1a: Oreiller|53\/100\n|-status|p1a: Oreiller|psn\n|\n|-heal|p1a: Oreiller|59\/100 psn|[from] item: Leftovers\n|-damage|p1a: Oreiller|47\/100 psn|[from] psn\n|upkeep\n|turn|4\n|\n|t:|1700221820\n|move|p1a: Oreiller|Drain Punch|p2a: Glimmora\n|-damage|p2a: Glimmora|0 fnt\n|-heal|p1a: Oreiller|61\/100 psn|[from] drain|[of] p2a: Glimmora\n|-activate|p2a: Glimmora|ability: Toxic Debris\n|-sidestart|p1: Maitre_couscous_|move: Toxic Spikes\n|faint|p2a: Glimmora\n|\n|-heal|p1a: Oreiller|67\/100 psn|[from] item: Leftovers\n|-damage|p1a: Oreiller|55\/100 psn|[from] psn\n|upkeep\n|\n|t:|1700221839\n|switch|p2a: Sneasler|Sneasler, M|100\/100\n|-item|p2a: Sneasler|Air Balloon\n|turn|5\n|\n|t:|1700221852\n|move|p2a: Sneasler|Swords Dance|p2a: Sneasler\n|-boost|p2a: Sneasler|atk|2\n|move|p1a: Oreiller|Substitute|p1a: Oreiller\n|-start|p1a: Oreiller|Substitute\n|-damage|p1a: Oreiller|30\/100 psn\n|\n|-heal|p1a: Oreiller|36\/100 psn|[from] item: Leftovers\n|-damage|p1a: Oreiller|24\/100 psn|[from] psn\n|upkeep\n|turn|6\n|\n|t:|1700221864\n|move|p2a: Sneasler|Dire Claw|p1a: Oreiller\n|-end|p1a: Oreiller|Substitute\n|move|p1a: Oreiller|Drain Punch|p2a: Sneasler\n|-resisted|p2a: Sneasler\n|-damage|p2a: Sneasler|59\/100\n|-heal|p1a: Oreiller|41\/100 psn|[from] drain|[of] p2a: Sneasler\n|-enditem|p2a: Sneasler|Air Balloon\n|\n|-heal|p1a: Oreiller|48\/100 psn|[from] item: Leftovers\n|-damage|p1a: Oreiller|35\/100 psn|[from] psn\n|upkeep\n|turn|7\n|\n|t:|1700221876\n|move|p2a: Sneasler|Acrobatics|p1a: Oreiller\n|-supereffective|p1a: Oreiller\n|-damage|p1a: Oreiller|0 fnt\n|faint|p1a: Oreiller\n|\n|upkeep\n|\n|t:|1700221888\n|switch|p1a: Mr.Gruel|Basculegion, M|100\/100\n|-damage|p1a: Mr.Gruel|88\/100|[from] Stealth Rock\n|-status|p1a: Mr.Gruel|tox\n|turn|8\n|\n|t:|1700221894\n|-terastallize|p1a: Mr.Gruel|Water\n|move|p1a: Mr.Gruel|Aqua Jet|p2a: Sneasler\n|-damage|p2a: Sneasler|10\/100\n|move|p2a: Sneasler|Acrobatics|p1a: Mr.Gruel\n|-damage|p1a: Mr.Gruel|0 fnt\n|faint|p1a: Mr.Gruel\n|\n|upkeep\n|\n|t:|1700221899\n|switch|p1a: Volcano|Magcargo, F|100\/100\n|-damage|p1a: Volcano|76\/100|[from] Stealth Rock\n|-status|p1a: Volcano|tox\n|turn|9\n|\n|t:|1700221909\n|move|p2a: Sneasler|Close Combat|p1a: Volcano\n|-supereffective|p1a: Volcano\n|-damage|p1a: Volcano|0 fnt\n|-unboost|p2a: Sneasler|def|1\n|-unboost|p2a: Sneasler|spd|1\n|faint|p1a: Volcano\n|\n|upkeep\n|\n|t:|1700221915\n|switch|p1a: Ventilator|Tornadus-Therian, M|100\/100\n|turn|10\n|-message|Maitre_couscous_ forfeited.\n|\n|win|Carbolo\n|l|\u2606Maitre_couscous_\n","uploadtime":1700221926,"views":34,"p1id":"maitrecouscous","p2id":"carbolo","formatid":"gen9nationaldex","rating":0,"private":0,"password":""}