{"id":"gen9nationaldex-1988779725","p1":"Zera & Lucy","p2":"Zero the newb","format":"[Gen 9] National Dex","log":"|j|\u2606Zera & Lucy\n|j|\u2606Zero the newb\n|t:|1699762113\n|gametype|singles\n|player|p1|Zera & Lucy|cynthia|1120\n|player|p2|Zero the newb|2|1067\n|teamsize|p1|6\n|teamsize|p2|3\n|gen|9\n|tier|[Gen 9] National Dex\n|rated|\n|rule|HP Percentage Mod: HP is shown in percentages\n|rule|Endless Battle Clause: Forcing endless battles is banned\n|rule|OHKO Clause: OHKO moves are banned\n|rule|Evasion Clause: Evasion abilities, items, and moves are banned\n|rule|Evasion Abilities Clause: Evasion abilities are banned\n|rule|Evasion Items Clause: Evasion items are banned\n|rule|Evasion Moves Clause: Evasion moves are banned\n|rule|Species Clause: Limit one of each Pok\u00e9mon\n|rule|Sleep Clause Mod: Limit one foe put to sleep\n|clearpoke\n|poke|p1|Hatterene, F|\n|poke|p1|Indeedee, M|\n|poke|p1|Medicham, F|\n|poke|p1|Orbeetle, M|\n|poke|p1|Tapu Lele|\n|poke|p1|Slowking-Galar, M|\n|poke|p2|Mienshao, M|\n|poke|p2|Mandibuzz, F|\n|poke|p2|Ferrothorn, F|\n|teampreview\n|inactive|Battle timer is ON: inactive players will automatically lose when time's up. (requested by Zera & Lucy)\n|inactive|Zera & Lucy has 120 seconds left.\n|inactive|Zero the newb has 120 seconds left.\n|\n|t:|1699762154\n|start\n|switch|p1a: Orbeetle|Orbeetle, M|100\/100\n|switch|p2a: Mienshao|Mienshao, M|100\/100\n|turn|1\n|\n|t:|1699762164\n|move|p2a: Mienshao|Stone Edge|p1a: Orbeetle|[miss]\n|-miss|p2a: Mienshao|p1a: Orbeetle\n|move|p1a: Orbeetle|Sticky Web|p2a: Mienshao\n|-sidestart|p2: Zero the newb|move: Sticky Web\n|\n|upkeep\n|turn|2\n|\n|t:|1699762172\n|move|p2a: Mienshao|Stone Edge|p1a: Orbeetle\n|-supereffective|p1a: Orbeetle\n|-damage|p1a: Orbeetle|15\/100\n|move|p1a: Orbeetle|Expanding Force|p2a: Mienshao\n|-supereffective|p2a: Mienshao\n|-enditem|p2a: Mienshao|Focus Sash\n|-damage|p2a: Mienshao|1\/100\n|\n|upkeep\n|turn|3\n|\n|t:|1699762178\n|move|p2a: Mienshao|Knock Off|p1a: Orbeetle\n|-supereffective|p1a: Orbeetle\n|-damage|p1a: Orbeetle|0 fnt\n|-enditem|p1a: Orbeetle|Focus Sash|[from] move: Knock Off|[of] p2a: Mienshao\n|faint|p1a: Orbeetle\n|\n|upkeep\n|\n|t:|1699762182\n|switch|p1a: Indeedee|Indeedee, M|100\/100\n|-fieldstart|move: Psychic Terrain|[from] ability: Psychic Surge|[of] p1a: Indeedee\n|turn|4\n|\n|t:|1699762196\n|-terastallize|p1a: Indeedee|Psychic\n|move|p1a: Indeedee|Expanding Force|p2a: Mienshao\n|-supereffective|p2a: Mienshao\n|-damage|p2a: Mienshao|0 fnt\n|faint|p2a: Mienshao\n|\n|upkeep\n|\n|t:|1699762203\n|switch|p2a: Mandibuzz|Mandibuzz, F|100\/100\n|turn|5\n|\n|t:|1699762209\n|switch|p1a: Slowking|Slowking-Galar, M|100\/100\n|move|p2a: Mandibuzz|Toxic|p1a: Slowking\n|-immune|p1a: Slowking\n|\n|upkeep\n|turn|6\n|\n|t:|1699762234\n|move|p2a: Mandibuzz|Taunt|p1a: Slowking\n|-start|p1a: Slowking|move: Taunt\n|cant|p1a: Slowking|move: Taunt|Chilly Reception\n|\n|upkeep\n|turn|7\n|l|\u2606Zero the newb\n|inactive|Zero the newb disconnected and has a minute to reconnect!\n|player|p2|\n|j|\u2606Zero the newb\n|inactive|Zero the newb reconnected and has 110 seconds left.\n|player|p2|Zero the newb|2\n|\n|t:|1699762283\n|move|p2a: Mandibuzz|Foul Play|p1a: Slowking\n|-supereffective|p1a: Slowking\n|-damage|p1a: Slowking|65\/100\n|move|p1a: Slowking|Sludge Wave|p2a: Mandibuzz\n|-damage|p2a: Mandibuzz|69\/100\n|\n|-heal|p2a: Mandibuzz|75\/100|[from] item: Leftovers\n|upkeep\n|turn|8\n|\n|t:|1699762294\n|move|p2a: Mandibuzz|Foul Play|p1a: Slowking\n|-supereffective|p1a: Slowking\n|-damage|p1a: Slowking|26\/100\n|move|p1a: Slowking|Sludge Wave|p2a: Mandibuzz\n|-damage|p2a: Mandibuzz|46\/100\n|\n|-heal|p2a: Mandibuzz|52\/100|[from] item: Leftovers\n|-end|p1a: Slowking|move: Taunt\n|-fieldend|move: Psychic Terrain\n|upkeep\n|turn|9\n|\n|t:|1699762306\n|move|p2a: Mandibuzz|Roost|p2a: Mandibuzz\n|-heal|p2a: Mandibuzz|100\/100\n|-singleturn|p2a: Mandibuzz|move: Roost\n|move|p1a: Slowking|Chilly Reception|p1a: Slowking\n|-weather|Snow\n|\n|t:|1699762314\n|switch|p1a: Tapu Lele|Tapu Lele|100\/100|[from] Chilly Reception\n|-fieldstart|move: Psychic Terrain|[from] ability: Psychic Surge|[of] p1a: Tapu Lele\n|\n|-weather|Snow|[upkeep]\n|upkeep\n|turn|10\n|\n|t:|1699762330\n|move|p1a: Tapu Lele|Moonblast|p2a: Mandibuzz\n|-supereffective|p2a: Mandibuzz\n|-damage|p2a: Mandibuzz|36\/100\n|-unboost|p2a: Mandibuzz|spa|1\n|move|p2a: Mandibuzz|Foul Play|p1a: Tapu Lele\n|-damage|p1a: Tapu Lele|68\/100\n|\n|-weather|Snow|[upkeep]\n|-heal|p2a: Mandibuzz|42\/100|[from] item: Leftovers\n|upkeep\n|turn|11\n|inactive|Zero the newb has 120 seconds left.\n|inactive|Zero the newb has 90 seconds left.\n|\n|t:|1699762397\n|-terastallize|p2a: Mandibuzz|Steel\n|move|p1a: Tapu Lele|Moonblast|p2a: Mandibuzz\n|-resisted|p2a: Mandibuzz\n|-damage|p2a: Mandibuzz|25\/100\n|move|p2a: Mandibuzz|Roost|p2a: Mandibuzz\n|-heal|p2a: Mandibuzz|75\/100\n|\n|-weather|Snow|[upkeep]\n|-heal|p2a: Mandibuzz|81\/100|[from] item: Leftovers\n|upkeep\n|turn|12\n|\n|t:|1699762406\n|move|p1a: Tapu Lele|Future Sight|p2a: Mandibuzz\n|-start|p1a: Tapu Lele|move: Future Sight\n|move|p2a: Mandibuzz|Foul Play|p1a: Tapu Lele\n|-damage|p1a: Tapu Lele|33\/100\n|\n|-weather|Snow|[upkeep]\n|-heal|p2a: Mandibuzz|87\/100|[from] item: Leftovers\n|upkeep\n|turn|13\n|\n|t:|1699762419\n|switch|p1a: Slowking|Slowking-Galar, M|60\/100\n|move|p2a: Mandibuzz|Foul Play|p1a: Slowking\n|-supereffective|p1a: Slowking\n|-damage|p1a: Slowking|27\/100\n|\n|-weather|none\n|-heal|p2a: Mandibuzz|93\/100|[from] item: Leftovers\n|upkeep\n|turn|14\n|\n|t:|1699762439\n|move|p2a: Mandibuzz|Foul Play|p1a: Slowking\n|-supereffective|p1a: Slowking\n|-damage|p1a: Slowking|0 fnt\n|faint|p1a: Slowking\n|\n|-end|p2a: Mandibuzz|move: Future Sight\n|-resisted|p2a: Mandibuzz\n|-damage|p2a: Mandibuzz|66\/100\n|-heal|p2a: Mandibuzz|72\/100|[from] item: Leftovers\n|upkeep\n|\n|t:|1699762443\n|switch|p1a: Medicham|Medicham, F|100\/100\n|turn|15\n|inactive|Zero the newb has 90 seconds left.\n|\n|t:|1699762449\n|detailschange|p1a: Medicham|Medicham-Mega, F\n|-mega|p1a: Medicham|Medicham|Medichamite\n|move|p1a: Medicham|Brick Break|p2a: Mandibuzz\n|-supereffective|p2a: Mandibuzz\n|-damage|p2a: Mandibuzz|0 fnt\n|faint|p2a: Mandibuzz\n|\n|upkeep\n|\n|t:|1699762453\n|switch|p2a: Ferrothorn|Ferrothorn, F|100\/100\n|-activate|p2a: Ferrothorn|move: Sticky Web\n|-unboost|p2a: Ferrothorn|spe|1\n|turn|16\n|\n|t:|1699762467\n|move|p1a: Medicham|Psycho Cut|p2a: Ferrothorn\n|-resisted|p2a: Ferrothorn\n|-damage|p2a: Ferrothorn|77\/100\n|move|p2a: Ferrothorn|Gyro Ball|p1a: Medicham\n|-damage|p1a: Medicham|21\/100\n|\n|-fieldend|move: Psychic Terrain\n|upkeep\n|turn|17\n|\n|t:|1699762482\n|move|p1a: Medicham|Brick Break|p2a: Ferrothorn\n|-supereffective|p2a: Ferrothorn\n|-crit|p2a: Ferrothorn\n|-damage|p2a: Ferrothorn|0 fnt\n|-damage|p1a: Medicham|9\/100|[from] ability: Iron Barbs|[of] p2a: Ferrothorn\n|-damage|p1a: Medicham|0 fnt|[from] item: Rocky Helmet|[of] p2a: Ferrothorn\n|faint|p2a: Ferrothorn\n|faint|p1a: Medicham\n|\n|win|Zera & Lucy\n|raw|Zera &amp; Lucy's rating: 1144 &rarr; <strong>1164<\/strong><br \/>(+20 for winning)\n|raw|Zero the newb's rating: 1067 &rarr; <strong>1051<\/strong><br \/>(-16 for losing)\n|l|\u2606Zero the newb\n","uploadtime":1699762493,"views":5,"p1id":"zeralucy","p2id":"zerothenewb","formatid":"gen9nationaldex","rating":1051,"private":0,"password":""}