{"id":"gen9nationaldex-1997033995","p1":"PikaPlayer1001000","p2":"Alex0kyrotera","format":"[Gen 9] National Dex","log":"|html|<div class=\"broadcast-blue\"><strong>[Gen 9] National Dex is currently suspecting Sneasler! For information on how to participate check out the <a href=\"https:\/\/www.smogon.com\/forums\/threads\/sv-national-dex-suspect-8-just-dance.3731534\/\">suspect thread<\/a>.<\/strong><\/div>\n|j|\u2606PikaPlayer1001000\n|j|\u2606Alex0kyrotera\n|t:|1700757827\n|gametype|singles\n|player|p1|PikaPlayer1001000|102|1197\n|player|p2|Alex0kyrotera|veteran|1230\n|teamsize|p1|6\n|teamsize|p2|6\n|gen|9\n|tier|[Gen 9] National Dex\n|rated|\n|rule|HP Percentage Mod: HP is shown in percentages\n|rule|Endless Battle Clause: Forcing endless battles is banned\n|rule|OHKO Clause: OHKO moves are banned\n|rule|Evasion Clause: Evasion abilities, items, and moves are banned\n|rule|Evasion Abilities Clause: Evasion abilities are banned\n|rule|Evasion Items Clause: Evasion items are banned\n|rule|Evasion Moves Clause: Evasion moves are banned\n|rule|Species Clause: Limit one of each Pok\u00e9mon\n|rule|Sleep Clause Mod: Limit one foe put to sleep\n|clearpoke\n|poke|p1|Kricketune, F|\n|poke|p1|Mawile, M|\n|poke|p1|Ninetales-Alola, F|\n|poke|p1|Ribombee, M|\n|poke|p1|Pawmot, M|\n|poke|p1|Excadrill, M|\n|poke|p2|Ogerpon-Wellspring, F|\n|poke|p2|Torterra, M|\n|poke|p2|Volcarona, M|\n|poke|p2|Garchomp, F|\n|poke|p2|Grimmsnarl, M|\n|poke|p2|Excadrill, M|\n|teampreview\n|inactive|Battle timer is ON: inactive players will automatically lose when time's up. (requested by Alex0kyrotera)\n|inactive|PikaPlayer1001000 has 120 seconds left.\n|inactive|PikaPlayer1001000 has 90 seconds left.\n|inactive|PikaPlayer1001000 has 60 seconds left.\n|\n|t:|1700757951\n|start\n|switch|p1a: Excadrill|Excadrill, M|100\/100\n|switch|p2a: Garchomp|Garchomp, F|100\/100\n|-ability|p1a: Excadrill|Mold Breaker\n|turn|1\n|\n|t:|1700757969\n|move|p1a: Excadrill|Stealth Rock|p2a: Garchomp\n|-sidestart|p2: Alex0kyrotera|move: Stealth Rock\n|move|p2a: Garchomp|Earthquake|p1a: Excadrill\n|-supereffective|p1a: Excadrill\n|-enditem|p1a: Excadrill|Focus Sash\n|-damage|p1a: Excadrill|1\/100\n|\n|upkeep\n|turn|2\n|inactive|PikaPlayer1001000 has 120 seconds left.\n|\n|t:|1700757976\n|move|p1a: Excadrill|Iron Head|p2a: Garchomp\n|-damage|p2a: Garchomp|73\/100\n|-damage|p1a: Excadrill|0 fnt|[from] ability: Rough Skin|[of] p2a: Garchomp\n|faint|p1a: Excadrill\n|move|p2a: Garchomp|Scale Shot|p1: Excadrill|[notarget]\n|-fail|p2a: Garchomp\n|\n|upkeep\n|inactive|PikaPlayer1001000 has 120 seconds left.\n|\n|t:|1700757986\n|switch|p1a: Ribombee|Ribombee, M|100\/100\n|turn|3\n|\n|t:|1700757990\n|move|p1a: Ribombee|Sticky Web|p2a: Garchomp\n|-sidestart|p2: Alex0kyrotera|move: Sticky Web\n|move|p2a: Garchomp|Stealth Rock|p1a: Ribombee\n|-sidestart|p1: PikaPlayer1001000|move: Stealth Rock\n|\n|upkeep\n|turn|4\n|\n|t:|1700757995\n|move|p1a: Ribombee|U-turn|p2a: Garchomp\n|-damage|p2a: Garchomp|65\/100\n|-damage|p1a: Ribombee|88\/100|[from] ability: Rough Skin|[of] p2a: Garchomp\n|-damage|p1a: Ribombee|72\/100|[from] item: Rocky Helmet|[of] p2a: Garchomp\n|\n|t:|1700757997\n|switch|p1a: Ninetales|Ninetales-Alola, F|100\/100|[from] U-turn\n|-damage|p1a: Ninetales|76\/100|[from] Stealth Rock\n|-weather|Snow|[from] ability: Snow Warning|[of] p1a: Ninetales\n|move|p2a: Garchomp|Swords Dance|p2a: Garchomp\n|-boost|p2a: Garchomp|atk|2\n|\n|-weather|Snow|[upkeep]\n|upkeep\n|turn|5\n|\n|t:|1700758009\n|move|p1a: Ninetales|Aurora Veil|p1a: Ninetales\n|-sidestart|p1: PikaPlayer1001000|move: Aurora Veil\n|move|p2a: Garchomp|Earthquake|p1a: Ninetales\n|-damage|p1a: Ninetales|32\/100\n|\n|-weather|Snow|[upkeep]\n|upkeep\n|turn|6\n|\n|t:|1700758015\n|move|p1a: Ninetales|Blizzard|p2a: Garchomp\n|-supereffective|p2a: Garchomp\n|-damage|p2a: Garchomp|0 fnt\n|faint|p2a: Garchomp\n|\n|-weather|Snow|[upkeep]\n|upkeep\n|\n|t:|1700758022\n|switch|p2a: Excadrill|Excadrill, M|100\/100\n|-damage|p2a: Excadrill|97\/100|[from] Stealth Rock\n|-item|p2a: Excadrill|Air Balloon\n|turn|7\n|\n|t:|1700758050\n|move|p1a: Ninetales|Blizzard|p2a: Excadrill\n|-damage|p2a: Excadrill|38\/100\n|-enditem|p2a: Excadrill|Air Balloon\n|move|p2a: Excadrill|Rapid Spin|p1a: Ninetales\n|-damage|p1a: Ninetales|23\/100\n|-boost|p2a: Excadrill|spe|1\n|-sideend|p2: Alex0kyrotera|Stealth Rock|[from] move: Rapid Spin|[of] p2a: Excadrill\n|-sideend|p2: Alex0kyrotera|Sticky Web|[from] move: Rapid Spin|[of] p2a: Excadrill\n|\n|-weather|Snow|[upkeep]\n|upkeep\n|turn|8\n|\n|t:|1700758065\n|move|p2a: Excadrill|Earthquake|p1a: Ninetales\n|-damage|p1a: Ninetales|0 fnt\n|faint|p1a: Ninetales\n|\n|-weather|none\n|upkeep\n|inactive|PikaPlayer1001000 has 120 seconds left.\n|inactive|PikaPlayer1001000 has 90 seconds left.\n|inactive|PikaPlayer1001000 has 60 seconds left.\n|\n|t:|1700758143\n|switch|p1a: Pawmot|Pawmot, M|100\/100\n|-damage|p1a: Pawmot|94\/100|[from] Stealth Rock\n|turn|9\n|\n|t:|1700758150\n|move|p1a: Pawmot|Mach Punch|p2a: Excadrill\n|-supereffective|p2a: Excadrill\n|-damage|p2a: Excadrill|0 fnt\n|faint|p2a: Excadrill\n|\n|upkeep\n|\n|t:|1700758155\n|switch|p2a: Grimmsnarl|Grimmsnarl, M|100\/100\n|turn|10\n|c|\u2606Alex0kyrotera|Down to grim and the sweepers\n|inactive|PikaPlayer1001000 has 60 seconds left.\n|\n|t:|1700758196\n|move|p2a: Grimmsnarl|Reflect|p2a: Grimmsnarl\n|-sidestart|p2: Alex0kyrotera|Reflect\n|move|p1a: Pawmot|Revival Blessing|p1a: Pawmot\n|-enditem|p1a: Pawmot|Leppa Berry|[eat]\n|-activate|p1a: Pawmot|item: Leppa Berry|Revival Blessing|[consumed]\n|\n|t:|1700758198\n|-heal|p1: Ninetales|50\/100|[from] move: Revival Blessing\n|\n|upkeep\n|turn|11\n|\n|t:|1700758207\n|move|p2a: Grimmsnarl|Parting Shot|p1a: Pawmot\n|-unboost|p1a: Pawmot|atk|1\n|-unboost|p1a: Pawmot|spa|1\n|\n|t:|1700758212\n|switch|p2a: Torterra|Torterra, M|100\/100|[from] Parting Shot\n|move|p1a: Pawmot|Close Combat|p2a: Torterra\n|-damage|p2a: Torterra|82\/100\n|-unboost|p1a: Pawmot|def|1\n|-unboost|p1a: Pawmot|spd|1\n|\n|upkeep\n|turn|12\n|\n|t:|1700758222\n|move|p1a: Pawmot|Close Combat|p2a: Torterra\n|-damage|p2a: Torterra|63\/100\n|-unboost|p1a: Pawmot|def|1\n|-unboost|p1a: Pawmot|spd|1\n|move|p2a: Torterra|Shell Smash|p2a: Torterra\n|-unboost|p2a: Torterra|def|1\n|-unboost|p2a: Torterra|spd|1\n|-boost|p2a: Torterra|atk|2\n|-boost|p2a: Torterra|spa|2\n|-boost|p2a: Torterra|spe|2\n|\n|-sideend|p1: PikaPlayer1001000|move: Aurora Veil\n|upkeep\n|turn|13\n|\n|t:|1700758238\n|switch|p1a: Ribombee|Ribombee, M|72\/100\n|-damage|p1a: Ribombee|47\/100|[from] Stealth Rock\n|move|p2a: Torterra|Earthquake|p1a: Ribombee\n|-resisted|p1a: Ribombee\n|-crit|p1a: Ribombee\n|-damage|p1a: Ribombee|0 fnt\n|faint|p1a: Ribombee\n|\n|upkeep\n|inactive|PikaPlayer1001000 has 60 seconds left.\n|c|\u2606Alex0kyrotera|It my boi\n|inactive|PikaPlayer1001000 has 30 seconds left.\n|\n|t:|1700758285\n|switch|p1a: Pawmot|Pawmot, M|94\/100\n|-damage|p1a: Pawmot|88\/100|[from] Stealth Rock\n|turn|14\n|\n|t:|1700758290\n|move|p1a: Pawmot|Mach Punch|p2a: Torterra\n|-damage|p2a: Torterra|49\/100\n|move|p2a: Torterra|Earthquake|p1a: Pawmot\n|-supereffective|p1a: Pawmot\n|-damage|p1a: Pawmot|0 fnt\n|faint|p1a: Pawmot\n|\n|-sideend|p2: Alex0kyrotera|Reflect\n|upkeep\n|\n|t:|1700758293\n|switch|p1a: Mawile|Mawile, M|100\/100\n|-damage|p1a: Mawile|95\/100|[from] Stealth Rock\n|turn|15\n|\n|t:|1700758302\n|detailschange|p1a: Mawile|Mawile-Mega, M\n|-mega|p1a: Mawile|Mawile|Mawilite\n|move|p1a: Mawile|Sucker Punch|p2a: Torterra\n|-damage|p2a: Torterra|0 fnt\n|faint|p2a: Torterra\n|\n|upkeep\n|\n|t:|1700758310\n|switch|p2a: Grimmsnarl|Grimmsnarl, M|100\/100\n|turn|16\n|inactive|PikaPlayer1001000 has 60 seconds left.\n|\n|t:|1700758330\n|switch|p1a: Ninetales|Ninetales-Alola, F|50\/100\n|-damage|p1a: Ninetales|26\/100|[from] Stealth Rock\n|-weather|Snow|[from] ability: Snow Warning|[of] p1a: Ninetales\n|move|p2a: Grimmsnarl|Reflect|p2a: Grimmsnarl\n|-sidestart|p2: Alex0kyrotera|Reflect\n|\n|-weather|Snow|[upkeep]\n|upkeep\n|turn|17\n|\n|t:|1700758344\n|move|p2a: Grimmsnarl|Parting Shot|p1a: Ninetales\n|-unboost|p1a: Ninetales|atk|1\n|-unboost|p1a: Ninetales|spa|1\n|\n|t:|1700758347\n|switch|p2a: Volcarona|Volcarona, M|100\/100|[from] Parting Shot\n|move|p1a: Ninetales|Aurora Veil|p1a: Ninetales\n|-sidestart|p1: PikaPlayer1001000|move: Aurora Veil\n|\n|-weather|Snow|[upkeep]\n|upkeep\n|turn|18\n|inactive|PikaPlayer1001000 has 60 seconds left.\n|\n|t:|1700758388\n|move|p1a: Ninetales|Hypnosis|p2a: Volcarona\n|-status|p2a: Volcarona|slp|[from] move: Hypnosis\n|cant|p2a: Volcarona|slp\n|\n|-weather|Snow|[upkeep]\n|upkeep\n|turn|19\n|\n|t:|1700758395\n|switch|p1a: Mawile|Mawile-Mega, M|95\/100\n|-damage|p1a: Mawile|89\/100|[from] Stealth Rock\n|-curestatus|p2a: Volcarona|slp|[msg]\n|move|p2a: Volcarona|Quiver Dance|p2a: Volcarona\n|-boost|p2a: Volcarona|spa|1\n|-boost|p2a: Volcarona|spd|1\n|-boost|p2a: Volcarona|spe|1\n|\n|-weather|Snow|[upkeep]\n|upkeep\n|turn|20\n|inactive|PikaPlayer1001000 has 30 seconds left.\n|c|\u2606Alex0kyrotera|You got this\n|\n|t:|1700758429\n|move|p2a: Volcarona|Quiver Dance|p2a: Volcarona\n|-boost|p2a: Volcarona|spa|1\n|-boost|p2a: Volcarona|spd|1\n|-boost|p2a: Volcarona|spe|1\n|move|p1a: Mawile|Swords Dance|p1a: Mawile\n|-boost|p1a: Mawile|atk|2\n|\n|-weather|none\n|-sideend|p2: Alex0kyrotera|Reflect\n|upkeep\n|turn|21\n|\n|t:|1700758439\n|move|p1a: Mawile|Sucker Punch|p2a: Volcarona\n|-damage|p2a: Volcarona|0 fnt\n|faint|p2a: Volcarona\n|\n|upkeep\n|\n|t:|1700758444\n|switch|p2a: Ogerpon|Ogerpon-Wellspring, F|100\/100\n|turn|22\n|\n|t:|1700758451\n|-terastallize|p2a: Ogerpon|Water\n|detailschange|p2a: Ogerpon|Ogerpon-Wellspring-Tera, F, tera:Water\n|-ability|p2a: Ogerpon|Embody Aspect (Wellspring)|boost\n|-boost|p2a: Ogerpon|spd|1\n|move|p2a: Ogerpon|Ivy Cudgel|p1a: Mawile|[anim] Ivy Cudgel Water\n|-damage|p1a: Mawile|49\/100\n|move|p1a: Mawile|Iron Head|p2a: Ogerpon\n|-resisted|p2a: Ogerpon\n|-damage|p2a: Ogerpon|0 fnt\n|faint|p2a: Ogerpon\n|\n|upkeep\n|c|\u2606PikaPlayer1001000|gg\n|c|\u2606Alex0kyrotera|Gg\n|-message|Alex0kyrotera forfeited.\n|\n|win|PikaPlayer1001000\n|raw|PikaPlayer1001000's rating: 1219 &rarr; <strong>1245<\/strong><br \/>(+26 for winning)\n|raw|Alex0kyrotera's rating: 1230 &rarr; <strong>1204<\/strong><br \/>(-26 for losing)\n|l|\u2606Alex0kyrotera\n","uploadtime":1700758467,"views":4,"p1id":"pikaplayer1001000","p2id":"alex0kyrotera","formatid":"gen9nationaldex","rating":1204,"private":0,"password":""}