{"id":"gen9nationaldex-1990324018","p1":"Elathan Nrow","p2":"Espeon-Chan XD v","format":"[Gen 9] National Dex","log":"|j|\u2606Elathan Nrow\n|j|\u2606Espeon-Chan XD v\n|t:|1699956830\n|gametype|singles\n|player|p1|Elathan Nrow|2|1146\n|player|p2|Espeon-Chan XD v|n|1082\n|teamsize|p1|6\n|teamsize|p2|6\n|gen|9\n|tier|[Gen 9] National Dex\n|rated|\n|rule|HP Percentage Mod: HP is shown in percentages\n|rule|Endless Battle Clause: Forcing endless battles is banned\n|rule|OHKO Clause: OHKO moves are banned\n|rule|Evasion Clause: Evasion abilities, items, and moves are banned\n|rule|Evasion Abilities Clause: Evasion abilities are banned\n|rule|Evasion Items Clause: Evasion items are banned\n|rule|Evasion Moves Clause: Evasion moves are banned\n|rule|Species Clause: Limit one of each Pok\u00e9mon\n|rule|Sleep Clause Mod: Limit one foe put to sleep\n|clearpoke\n|poke|p1|Decidueye, M|\n|poke|p1|Drapion, M|\n|poke|p1|Chandelure, F|\n|poke|p1|Mimikyu, F|\n|poke|p1|Gyarados, M|\n|poke|p1|Grimmsnarl, M|\n|poke|p2|Pelipper, F|\n|poke|p2|Swampert, M|\n|poke|p2|Ferrothorn, M|\n|poke|p2|Zapdos|\n|poke|p2|Magnezone|\n|poke|p2|Iron Valiant|\n|teampreview\n|inactive|Battle timer is ON: inactive players will automatically lose when time's up. (requested by Espeon-Chan XD v)\n|\n|t:|1699956859\n|start\n|switch|p1a: Grimmsnarl|Grimmsnarl, M, shiny|100\/100\n|switch|p2a: Ferrothorn|Ferrothorn, M, shiny|100\/100\n|turn|1\n|\n|t:|1699956869\n|move|p1a: Grimmsnarl|Taunt|p2a: Ferrothorn\n|-start|p2a: Ferrothorn|move: Taunt\n|cant|p2a: Ferrothorn|move: Taunt|Stealth Rock\n|\n|upkeep\n|turn|2\n|\n|t:|1699956876\n|switch|p2a: Pelipper|Pelipper, F, shiny|100\/100\n|-weather|RainDance|[from] ability: Drizzle|[of] p2a: Pelipper\n|move|p1a: Grimmsnarl|Reflect|p1a: Grimmsnarl\n|-sidestart|p1: Elathan Nrow|Reflect\n|\n|-weather|RainDance|[upkeep]\n|upkeep\n|turn|3\n|\n|t:|1699956885\n|move|p1a: Grimmsnarl|Taunt|p2a: Pelipper\n|-start|p2a: Pelipper|move: Taunt\n|move|p2a: Pelipper|U-turn|p1a: Grimmsnarl\n|-damage|p1a: Grimmsnarl|95\/100\n|\n|t:|1699956889\n|switch|p2a: Swampert|Swampert, M, shiny|100\/100|[from] U-turn\n|\n|-weather|RainDance|[upkeep]\n|upkeep\n|turn|4\n|\n|t:|1699956905\n|switch|p1a: Gyarados|Gyarados, M|100\/100\n|-ability|p1a: Gyarados|Intimidate|boost\n|-unboost|p2a: Swampert|atk|1\n|detailschange|p2a: Swampert|Swampert-Mega, M, shiny\n|-mega|p2a: Swampert|Swampert|Swampertite\n|move|p2a: Swampert|Liquidation|p1a: Gyarados\n|-resisted|p1a: Gyarados\n|-damage|p1a: Gyarados|84\/100\n|\n|-weather|RainDance|[upkeep]\n|upkeep\n|turn|5\n|\n|t:|1699956928\n|switch|p2a: Ferrothorn|Ferrothorn, M, shiny|100\/100\n|move|p1a: Gyarados|Crunch|p2a: Ferrothorn\n|-damage|p2a: Ferrothorn|80\/100\n|-damage|p1a: Gyarados|71\/100|[from] ability: Iron Barbs|[of] p2a: Ferrothorn\n|\n|-weather|RainDance|[upkeep]\n|-heal|p2a: Ferrothorn|86\/100|[from] item: Leftovers\n|upkeep\n|turn|6\n|\n|t:|1699956939\n|move|p1a: Gyarados|Flamethrower|p2a: Ferrothorn\n|-supereffective|p2a: Ferrothorn\n|-damage|p2a: Ferrothorn|70\/100\n|move|p2a: Ferrothorn|Stealth Rock|p1a: Gyarados\n|-sidestart|p1: Elathan Nrow|move: Stealth Rock\n|\n|-weather|RainDance|[upkeep]\n|-heal|p2a: Ferrothorn|76\/100|[from] item: Leftovers\n|-sideend|p1: Elathan Nrow|Reflect\n|upkeep\n|turn|7\n|inactive|Elathan Nrow has 120 seconds left.\n|\n|t:|1699956961\n|switch|p1a: Mimikyu|Mimikyu, F, shiny|100\/100\n|-damage|p1a: Mimikyu|88\/100|[from] Stealth Rock\n|move|p2a: Ferrothorn|Thunder Wave|p1a: Mimikyu\n|-status|p1a: Mimikyu|par\n|\n|-weather|RainDance|[upkeep]\n|-heal|p2a: Ferrothorn|83\/100|[from] item: Leftovers\n|upkeep\n|turn|8\n|inactive|Elathan Nrow has 120 seconds left.\n|\n|t:|1699956973\n|cant|p1a: Mimikyu|par\n|move|p2a: Ferrothorn|Gyro Ball|p1a: Mimikyu\n|-activate|p1a: Mimikyu|ability: Disguise\n|-damage|p1a: Mimikyu|88\/100 par\n|detailschange|p1a: Mimikyu|Mimikyu-Busted, F, shiny\n|-damage|p1a: Mimikyu|76\/100 par|[from] pokemon: Mimikyu-Busted\n|\n|-weather|RainDance|[upkeep]\n|-heal|p2a: Ferrothorn|89\/100|[from] item: Leftovers\n|upkeep\n|turn|9\n|inactive|Elathan Nrow has 120 seconds left.\n|\n|t:|1699956985\n|move|p1a: Mimikyu|Will-O-Wisp|p2a: Ferrothorn|[miss]\n|-miss|p1a: Mimikyu|p2a: Ferrothorn\n|move|p2a: Ferrothorn|Gyro Ball|p1a: Mimikyu\n|-supereffective|p1a: Mimikyu\n|-damage|p1a: Mimikyu|0 fnt\n|faint|p1a: Mimikyu\n|\n|-weather|none\n|-heal|p2a: Ferrothorn|95\/100|[from] item: Leftovers\n|upkeep\n|\n|t:|1699956995\n|switch|p1a: Chandelure|Chandelure, F, shiny|100\/100\n|-damage|p1a: Chandelure|76\/100|[from] Stealth Rock\n|turn|10\n|\n|t:|1699957004\n|switch|p2a: Pelipper|Pelipper, F, shiny|100\/100\n|-weather|RainDance|[from] ability: Drizzle|[of] p2a: Pelipper\n|move|p1a: Chandelure|Energy Ball|p2a: Pelipper\n|-damage|p2a: Pelipper|55\/100\n|\n|-weather|RainDance|[upkeep]\n|upkeep\n|turn|11\n|inactive|Elathan Nrow has 120 seconds left.\n|\n|t:|1699957018\n|switch|p1a: Decidueye|Decidueye, M, shiny|100\/100\n|-damage|p1a: Decidueye|88\/100|[from] Stealth Rock\n|move|p2a: Pelipper|U-turn|p1a: Decidueye\n|-damage|p1a: Decidueye|75\/100\n|\n|t:|1699957021\n|switch|p2a: Swampert|Swampert-Mega, M, shiny|100\/100|[from] U-turn\n|\n|-weather|RainDance|[upkeep]\n|upkeep\n|turn|12\n|\n|t:|1699957031\n|move|p2a: Swampert|Ice Punch|p1a: Decidueye\n|-supereffective|p1a: Decidueye\n|-damage|p1a: Decidueye|0 fnt\n|faint|p1a: Decidueye\n|\n|-weather|RainDance|[upkeep]\n|upkeep\n|inactive|Elathan Nrow has 120 seconds left.\n|l|\u2606Elathan Nrow\n|inactive|Elathan Nrow disconnected and has a minute to reconnect!\n|player|p1|\n|n|!Espeon-Chan XD v|espeonchanxdv\n|inactive|Elathan Nrow has 30 seconds to reconnect!\n|inactive|Elathan Nrow has 20 seconds to reconnect!\n|inactive|Elathan Nrow has 15 seconds to reconnect!\n|inactive|Elathan Nrow has 10 seconds to reconnect!\n|inactive|Elathan Nrow has 5 seconds to reconnect!\n|-message|Elathan Nrow lost due to inactivity.\n|\n|win|Espeon-Chan XD v\n|raw|Elathan Nrow's rating: 1146 &rarr; <strong>1116<\/strong><br \/>(-30 for losing)\n|raw|Espeon-Chan XD v's rating: 1082 &rarr; <strong>1115<\/strong><br \/>(+33 for winning)\n","uploadtime":1699957066,"views":5,"p1id":"elathannrow","p2id":"espeonchanxdv","formatid":"gen9nationaldex","rating":1115,"private":0,"password":""}