{"id":"gen9nationaldex-1993542366","p1":"830r","p2":"Juninhokekw","format":"[Gen 9] National Dex","log":"|j|\u2606830r\n|j|\u2606Juninhokekw\n|t:|1700329857\n|gametype|singles\n|player|p1|830r|veteran|1173\n|player|p2|Juninhokekw|lance|1151\n|teamsize|p1|6\n|teamsize|p2|6\n|gen|9\n|tier|[Gen 9] National Dex\n|rated|\n|rule|HP Percentage Mod: HP is shown in percentages\n|rule|Endless Battle Clause: Forcing endless battles is banned\n|rule|OHKO Clause: OHKO moves are banned\n|rule|Evasion Clause: Evasion abilities, items, and moves are banned\n|rule|Evasion Abilities Clause: Evasion abilities are banned\n|rule|Evasion Items Clause: Evasion items are banned\n|rule|Evasion Moves Clause: Evasion moves are banned\n|rule|Species Clause: Limit one of each Pok\u00e9mon\n|rule|Sleep Clause Mod: Limit one foe put to sleep\n|clearpoke\n|poke|p1|Deoxys-Defense|\n|poke|p1|Celesteela|\n|poke|p1|Cursola, F|\n|poke|p1|Toxapex, M|\n|poke|p1|Banette, M|\n|poke|p1|Clodsire, M|\n|poke|p2|Pinsir, M|\n|poke|p2|Gengar, F|\n|poke|p2|Golem, M|\n|poke|p2|Venusaur, M|\n|poke|p2|Rhydon, M|\n|poke|p2|Starmie|\n|teampreview\n|inactive|Battle timer is ON: inactive players will automatically lose when time's up. (requested by 830r)\n|\n|t:|1700329867\n|start\n|switch|p1a: Deoxys|Deoxys-Defense|100\/100\n|switch|p2a: Pinsir|Pinsir, M|100\/100\n|-ability|p2a: Pinsir|Mold Breaker\n|-ability|p1a: Deoxys|Pressure\n|turn|1\n|\n|t:|1700329884\n|move|p2a: Pinsir|Bulk Up|p2a: Pinsir\n|-boost|p2a: Pinsir|atk|1\n|-boost|p2a: Pinsir|def|1\n|move|p1a: Deoxys|Thunder Wave|p2a: Pinsir\n|-status|p2a: Pinsir|par\n|\n|upkeep\n|turn|2\n|\n|t:|1700329892\n|switch|p1a: Toxapex|Toxapex, M, shiny|100\/100\n|move|p2a: Pinsir|X-Scissor|p1a: Toxapex\n|-resisted|p1a: Toxapex\n|-damage|p1a: Toxapex|80\/100\n|\n|-heal|p1a: Toxapex|86\/100|[from] item: Black Sludge\n|upkeep\n|turn|3\n|\n|t:|1700329898\n|move|p2a: Pinsir|Earthquake|p1a: Toxapex\n|-supereffective|p1a: Toxapex\n|-damage|p1a: Toxapex|10\/100\n|move|p1a: Toxapex|Infestation|p2a: Pinsir\n|-damage|p2a: Pinsir|96\/100 par\n|-activate|p2a: Pinsir|move: Infestation|[of] p1a: Toxapex\n|\n|-heal|p2a: Pinsir|100\/100 par|[from] item: Leftovers\n|-heal|p1a: Toxapex|17\/100|[from] item: Black Sludge\n|-damage|p2a: Pinsir|88\/100 par|[from] move: Infestation|[partiallytrapped]\n|upkeep\n|turn|4\n|\n|t:|1700329903\n|move|p1a: Toxapex|Baneful Bunker|p1a: Toxapex\n|-singleturn|p1a: Toxapex|move: Protect\n|cant|p2a: Pinsir|par\n|\n|-heal|p2a: Pinsir|94\/100 par|[from] item: Leftovers\n|-heal|p1a: Toxapex|23\/100|[from] item: Black Sludge\n|-damage|p2a: Pinsir|82\/100 par|[from] move: Infestation|[partiallytrapped]\n|upkeep\n|turn|5\n|\n|t:|1700329914\n|switch|p1a: Celesteela|Celesteela|100\/100\n|move|p2a: Pinsir|Quick Attack|p1a: Celesteela\n|-resisted|p1a: Celesteela\n|-damage|p1a: Celesteela|93\/100\n|\n|-heal|p2a: Pinsir|88\/100 par|[from] item: Leftovers\n|-heal|p1a: Celesteela|99\/100|[from] item: Leftovers\n|-end|p2a: Pinsir|Infestation|[partiallytrapped]|[silent]\n|upkeep\n|turn|6\n|inactive|Juninhokekw has 120 seconds left.\n|\n|t:|1700329944\n|switch|p2a: Starmie|Starmie|100\/100\n|move|p1a: Celesteela|Substitute|p1a: Celesteela\n|-start|p1a: Celesteela|Substitute\n|-damage|p1a: Celesteela|74\/100\n|\n|-heal|p1a: Celesteela|80\/100|[from] item: Leftovers\n|upkeep\n|turn|7\n|\n|t:|1700329953\n|move|p2a: Starmie|Thunderbolt|p1a: Celesteela\n|-supereffective|p1a: Celesteela\n|-crit|p1a: Celesteela\n|-end|p1a: Celesteela|Substitute\n|move|p1a: Celesteela|Leech Seed|p2a: Starmie\n|-start|p2a: Starmie|move: Leech Seed\n|\n|-heal|p1a: Celesteela|86\/100|[from] item: Leftovers\n|-damage|p2a: Starmie|88\/100|[from] Leech Seed|[of] p1a: Celesteela\n|-heal|p1a: Celesteela|94\/100|[silent]\n|upkeep\n|turn|8\n|\n|t:|1700329957\n|switch|p1a: Clodsire|Clodsire, M|100\/100\n|move|p2a: Starmie|Thunderbolt|p1a: Clodsire\n|-immune|p1a: Clodsire\n|\n|-damage|p2a: Starmie|76\/100|[from] Leech Seed|[of] p1a: Clodsire\n|upkeep\n|turn|9\n|\n|t:|1700329963\n|move|p2a: Starmie|Psychic|p1a: Clodsire\n|-supereffective|p1a: Clodsire\n|-damage|p1a: Clodsire|39\/100\n|move|p1a: Clodsire|Toxic Spikes|p2a: Starmie\n|-sidestart|p2: Juninhokekw|move: Toxic Spikes\n|\n|-heal|p1a: Clodsire|46\/100|[from] item: Black Sludge\n|-damage|p2a: Starmie|64\/100|[from] Leech Seed|[of] p1a: Clodsire\n|-heal|p1a: Clodsire|52\/100|[silent]\n|upkeep\n|turn|10\n|\n|t:|1700329970\n|switch|p1a: Deoxys|Deoxys-Defense|100\/100\n|-ability|p1a: Deoxys|Pressure\n|move|p2a: Starmie|Psychic|p1a: Deoxys\n|-resisted|p1a: Deoxys\n|-damage|p1a: Deoxys|82\/100\n|\n|-heal|p1a: Deoxys|88\/100|[from] item: Leftovers\n|-damage|p2a: Starmie|51\/100|[from] Leech Seed|[of] p1a: Deoxys\n|-heal|p1a: Deoxys|99\/100|[silent]\n|upkeep\n|turn|11\n|\n|t:|1700329981\n|move|p2a: Starmie|Hydro Pump|p1a: Deoxys\n|-damage|p1a: Deoxys|65\/100\n|move|p1a: Deoxys|Cosmic Power|p1a: Deoxys\n|-boost|p1a: Deoxys|def|1\n|-boost|p1a: Deoxys|spd|1\n|\n|-heal|p1a: Deoxys|72\/100|[from] item: Leftovers\n|-damage|p2a: Starmie|39\/100|[from] Leech Seed|[of] p1a: Deoxys\n|-heal|p1a: Deoxys|82\/100|[silent]\n|upkeep\n|turn|12\n|\n|t:|1700329989\n|switch|p2a: Gengar|Gengar, F|100\/100\n|-sideend|p2: Juninhokekw|move: Toxic Spikes|[of] p2a: Gengar\n|move|p1a: Deoxys|Cosmic Power|p1a: Deoxys\n|-boost|p1a: Deoxys|def|1\n|-boost|p1a: Deoxys|spd|1\n|\n|-heal|p1a: Deoxys|88\/100|[from] item: Leftovers\n|upkeep\n|turn|13\n|\n|t:|1700329995\n|move|p2a: Gengar|Shadow Ball|p1a: Deoxys\n|-supereffective|p1a: Deoxys\n|-damage|p1a: Deoxys|65\/100\n|move|p1a: Deoxys|Thunder Wave|p2a: Gengar\n|-status|p2a: Gengar|par\n|\n|-heal|p1a: Deoxys|71\/100|[from] item: Leftovers\n|upkeep\n|turn|14\n|\n|t:|1700330015\n|switch|p1a: Toxapex|Toxapex, M, shiny|56\/100\n|switch|p2a: Venusaur|Venusaur, M|100\/100\n|\n|-heal|p1a: Toxapex|62\/100|[from] item: Black Sludge\n|upkeep\n|turn|15\n|\n|t:|1700330024\n|switch|p1a: Celesteela|Celesteela|94\/100\n|move|p2a: Venusaur|Sleep Powder|p1a: Celesteela\n|-status|p1a: Celesteela|slp|[from] move: Sleep Powder\n|\n|-heal|p1a: Celesteela|99\/100 slp|[from] item: Leftovers\n|upkeep\n|turn|16\n|\n|t:|1700330042\n|switch|p2a: Starmie|Starmie|39\/100\n|switch|p1a: Toxapex|Toxapex, M, shiny|96\/100\n|\n|-heal|p1a: Toxapex|100\/100|[from] item: Black Sludge\n|upkeep\n|turn|17\n|\n|t:|1700330051\n|move|p2a: Starmie|Thunderbolt|p1a: Toxapex\n|-supereffective|p1a: Toxapex\n|-damage|p1a: Toxapex|60\/100\n|move|p1a: Toxapex|Infestation|p2a: Starmie\n|-supereffective|p2a: Starmie\n|-damage|p2a: Starmie|34\/100\n|-activate|p2a: Starmie|move: Infestation|[of] p1a: Toxapex\n|\n|-heal|p1a: Toxapex|66\/100|[from] item: Black Sludge\n|-damage|p2a: Starmie|22\/100|[from] move: Infestation|[partiallytrapped]\n|upkeep\n|turn|18\n|\n|t:|1700330057\n|move|p1a: Toxapex|Baneful Bunker|p1a: Toxapex\n|-singleturn|p1a: Toxapex|move: Protect\n|move|p2a: Starmie|Thunderbolt|p1a: Toxapex\n|-activate|p1a: Toxapex|move: Protect\n|\n|-heal|p1a: Toxapex|72\/100|[from] item: Black Sludge\n|-damage|p2a: Starmie|9\/100|[from] move: Infestation|[partiallytrapped]\n|upkeep\n|turn|19\n|\n|t:|1700330061\n|switch|p1a: Celesteela|Celesteela|99\/100 slp\n|move|p2a: Starmie|Thunderbolt|p1a: Celesteela\n|-supereffective|p1a: Celesteela\n|-damage|p1a: Celesteela|45\/100 slp\n|\n|-heal|p1a: Celesteela|51\/100 slp|[from] item: Leftovers\n|-end|p2a: Starmie|Infestation|[partiallytrapped]|[silent]\n|upkeep\n|turn|20\n|\n|t:|1700330070\n|switch|p1a: Deoxys|Deoxys-Defense|71\/100\n|-ability|p1a: Deoxys|Pressure\n|move|p2a: Starmie|Thunderbolt|p1a: Deoxys\n|-damage|p1a: Deoxys|48\/100\n|\n|-heal|p1a: Deoxys|54\/100|[from] item: Leftovers\n|upkeep\n|turn|21\n|\n|t:|1700330084\n|switch|p2a: Rhydon|Rhydon, M|100\/100\n|move|p1a: Deoxys|Wrap|p2a: Rhydon\n|-resisted|p2a: Rhydon\n|-damage|p2a: Rhydon|99\/100\n|-activate|p2a: Rhydon|move: Wrap|[of] p1a: Deoxys\n|\n|-heal|p1a: Deoxys|61\/100|[from] item: Leftovers\n|-damage|p2a: Rhydon|88\/100|[from] move: Wrap|[partiallytrapped]\n|upkeep\n|turn|22\n|\n|t:|1700330092\n|move|p1a: Deoxys|Recover|p1a: Deoxys\n|-heal|p1a: Deoxys|100\/100\n|move|p2a: Rhydon|Rock Polish|p2a: Rhydon\n|-boost|p2a: Rhydon|spe|2\n|\n|-damage|p2a: Rhydon|75\/100|[from] move: Wrap|[partiallytrapped]\n|upkeep\n|turn|23\n|\n|t:|1700330098\n|switch|p1a: Toxapex|Toxapex, M, shiny|100\/100\n|move|p2a: Rhydon|Earthquake|p1a: Toxapex\n|-supereffective|p1a: Toxapex\n|-damage|p1a: Toxapex|35\/100\n|\n|-heal|p1a: Toxapex|42\/100|[from] item: Black Sludge\n|-end|p2a: Rhydon|Wrap|[partiallytrapped]|[silent]\n|upkeep\n|turn|24\n|\n|t:|1700330103\n|move|p1a: Toxapex|Baneful Bunker|p1a: Toxapex\n|-singleturn|p1a: Toxapex|move: Protect\n|move|p2a: Rhydon|Thunder Punch|p1a: Toxapex\n|-activate|p1a: Toxapex|move: Protect\n|-status|p2a: Rhydon|psn\n|\n|-heal|p1a: Toxapex|48\/100|[from] item: Black Sludge\n|-damage|p2a: Rhydon|63\/100 psn|[from] psn\n|upkeep\n|turn|25\n|\n|t:|1700330109\n|switch|p1a: Celesteela|Celesteela|51\/100 slp\n|move|p2a: Rhydon|Earthquake|p1a: Celesteela\n|-immune|p1a: Celesteela\n|\n|-heal|p1a: Celesteela|57\/100 slp|[from] item: Leftovers\n|-damage|p2a: Rhydon|51\/100 psn|[from] psn\n|upkeep\n|turn|26\n|\n|t:|1700330117\n|switch|p1a: Clodsire|Clodsire, M|52\/100\n|move|p2a: Rhydon|Thunder Punch|p1a: Clodsire\n|-immune|p1a: Clodsire\n|\n|-heal|p1a: Clodsire|59\/100|[from] item: Black Sludge\n|-damage|p2a: Rhydon|39\/100 psn|[from] psn\n|upkeep\n|turn|27\n|\n|t:|1700330127\n|move|p2a: Rhydon|Thunder Punch|p1a: Clodsire\n|-immune|p1a: Clodsire\n|move|p1a: Clodsire|Recover|p1a: Clodsire\n|-heal|p1a: Clodsire|100\/100\n|\n|-damage|p2a: Rhydon|26\/100 psn|[from] psn\n|upkeep\n|turn|28\n|\n|t:|1700330137\n|switch|p1a: Celesteela|Celesteela|57\/100 slp\n|move|p2a: Rhydon|Earthquake|p1a: Celesteela\n|-immune|p1a: Celesteela\n|\n|-heal|p1a: Celesteela|63\/100 slp|[from] item: Leftovers\n|-damage|p2a: Rhydon|14\/100 psn|[from] psn\n|upkeep\n|turn|29\n|\n|t:|1700330152\n|switch|p1a: Deoxys|Deoxys-Defense|100\/100\n|-ability|p1a: Deoxys|Pressure\n|move|p2a: Rhydon|Stone Edge|p1a: Deoxys\n|-damage|p1a: Deoxys|71\/100\n|\n|-heal|p1a: Deoxys|77\/100|[from] item: Leftovers\n|-damage|p2a: Rhydon|2\/100 psn|[from] psn\n|upkeep\n|turn|30\n|\n|t:|1700330163\n|move|p2a: Rhydon|Earthquake|p1a: Deoxys\n|-damage|p1a: Deoxys|46\/100\n|move|p1a: Deoxys|Cosmic Power|p1a: Deoxys\n|-boost|p1a: Deoxys|def|1\n|-boost|p1a: Deoxys|spd|1\n|\n|-heal|p1a: Deoxys|52\/100|[from] item: Leftovers\n|-damage|p2a: Rhydon|0 fnt|[from] psn\n|faint|p2a: Rhydon\n|upkeep\n|\n|t:|1700330174\n|switch|p2a: Golem|Golem, M|100\/100\n|turn|31\n|\n|t:|1700330181\n|move|p1a: Deoxys|Recover|p1a: Deoxys\n|-heal|p1a: Deoxys|100\/100\n|move|p2a: Golem|Rock Polish|p2a: Golem\n|-boost|p2a: Golem|spe|2\n|\n|upkeep\n|turn|32\n|\n|t:|1700330190\n|move|p2a: Golem|Earthquake|p1a: Deoxys\n|-damage|p1a: Deoxys|80\/100\n|move|p1a: Deoxys|Wrap|p2a: Golem|[miss]\n|-miss|p1a: Deoxys|p2a: Golem\n|\n|-heal|p1a: Deoxys|86\/100|[from] item: Leftovers\n|upkeep\n|turn|33\n|\n|t:|1700330199\n|move|p2a: Golem|Stone Edge|p1a: Deoxys\n|-damage|p1a: Deoxys|64\/100\n|move|p1a: Deoxys|Wrap|p2a: Golem\n|-resisted|p2a: Golem\n|-damage|p2a: Golem|99\/100\n|-activate|p2a: Golem|move: Wrap|[of] p1a: Deoxys\n|\n|-heal|p1a: Deoxys|70\/100|[from] item: Leftovers\n|-damage|p2a: Golem|87\/100|[from] move: Wrap|[partiallytrapped]\n|upkeep\n|turn|34\n|\n|t:|1700330203\n|move|p2a: Golem|Stone Edge|p1a: Deoxys\n|-damage|p1a: Deoxys|48\/100\n|move|p1a: Deoxys|Cosmic Power|p1a: Deoxys\n|-boost|p1a: Deoxys|def|1\n|-boost|p1a: Deoxys|spd|1\n|\n|-heal|p1a: Deoxys|54\/100|[from] item: Leftovers\n|-damage|p2a: Golem|75\/100|[from] move: Wrap|[partiallytrapped]\n|upkeep\n|turn|35\n|\n|t:|1700330214\n|move|p2a: Golem|Earthquake|p1a: Deoxys\n|-damage|p1a: Deoxys|37\/100\n|move|p1a: Deoxys|Recover|p1a: Deoxys\n|-heal|p1a: Deoxys|87\/100\n|\n|-heal|p1a: Deoxys|93\/100|[from] item: Leftovers\n|-damage|p2a: Golem|62\/100|[from] move: Wrap|[partiallytrapped]\n|upkeep\n|turn|36\n|\n|t:|1700330228\n|move|p2a: Golem|Earthquake|p1a: Deoxys\n|-damage|p1a: Deoxys|76\/100\n|move|p1a: Deoxys|Cosmic Power|p1a: Deoxys\n|-boost|p1a: Deoxys|def|1\n|-boost|p1a: Deoxys|spd|1\n|\n|-heal|p1a: Deoxys|83\/100|[from] item: Leftovers\n|-damage|p2a: Golem|50\/100|[from] move: Wrap|[partiallytrapped]\n|upkeep\n|turn|37\n|-message|Juninhokekw forfeited.\n|\n|win|830r\n|raw|830r's rating: 1173 &rarr; <strong>1196<\/strong><br \/>(+23 for winning)\n|raw|Juninhokekw's rating: 1151 &rarr; <strong>1128<\/strong><br \/>(-23 for losing)\n|l|\u2606Juninhokekw\n","uploadtime":1700330235,"views":7,"p1id":"830r","p2id":"juninhokekw","formatid":"gen9nationaldex","rating":1128,"private":0,"password":""}