{"id":"gen9nationaldex-1994499293","p1":"Metal Jester","p2":"RivalTeams","format":"[Gen 9] National Dex","log":"|j|\u2606Metal Jester\n|j|\u2606RivalTeams\n|t:|1700451132\n|gametype|singles\n|player|p1|Metal Jester|ingo|1105\n|player|p2|RivalTeams|101|1113\n|teamsize|p1|6\n|teamsize|p2|6\n|gen|9\n|tier|[Gen 9] National Dex\n|rated|\n|rule|HP Percentage Mod: HP is shown in percentages\n|rule|Endless Battle Clause: Forcing endless battles is banned\n|rule|OHKO Clause: OHKO moves are banned\n|rule|Evasion Clause: Evasion abilities, items, and moves are banned\n|rule|Evasion Abilities Clause: Evasion abilities are banned\n|rule|Evasion Items Clause: Evasion items are banned\n|rule|Evasion Moves Clause: Evasion moves are banned\n|rule|Species Clause: Limit one of each Pok\u00e9mon\n|rule|Sleep Clause Mod: Limit one foe put to sleep\n|clearpoke\n|poke|p1|Keldeo-Resolute|\n|poke|p1|Ferrothorn, M|\n|poke|p1|Basculegion, M|\n|poke|p1|Tapu Fini|\n|poke|p1|Barraskewda, M|\n|poke|p1|Pelipper, F|\n|poke|p2|Sableye, F|\n|poke|p2|Samurott-Hisui, F|\n|poke|p2|Ting-Lu|\n|poke|p2|Skeledirge, M|\n|poke|p2|Mightyena, M|\n|poke|p2|Clefable, M|\n|teampreview\n|inactive|Battle timer is ON: inactive players will automatically lose when time's up. (requested by Metal Jester)\n|inactive|RivalTeams has 120 seconds left.\n|inactive|RivalTeams has 90 seconds left.\n|inactive|RivalTeams has 60 seconds left.\n|\n|t:|1700451231\n|start\n|switch|p1a: Pelipper|Pelipper, F|100\/100\n|switch|p2a: Ting-Lu|Ting-Lu|100\/100\n|-weather|RainDance|[from] ability: Drizzle|[of] p1a: Pelipper\n|-ability|p2a: Ting-Lu|Vessel of Ruin\n|turn|1\n|\n|t:|1700451241\n|move|p1a: Pelipper|Scald|p2a: Ting-Lu\n|-supereffective|p2a: Ting-Lu\n|-damage|p2a: Ting-Lu|30\/100\n|-status|p2a: Ting-Lu|brn\n|move|p2a: Ting-Lu|Stealth Rock|p1a: Pelipper\n|-sidestart|p1: Metal Jester|move: Stealth Rock\n|\n|-weather|RainDance|[upkeep]\n|-heal|p2a: Ting-Lu|36\/100 brn|[from] item: Leftovers\n|-damage|p2a: Ting-Lu|30\/100 brn|[from] brn\n|upkeep\n|turn|2\n|inactive|RivalTeams has 120 seconds left.\n|inactive|RivalTeams has 90 seconds left.\n|\n|t:|1700451313\n|switch|p2a: Clefable|Clefable, M|100\/100\n|move|p1a: Pelipper|Scald|p2a: Clefable\n|-damage|p2a: Clefable|65\/100\n|-status|p2a: Clefable|brn\n|\n|-weather|RainDance|[upkeep]\n|-heal|p2a: Clefable|71\/100 brn|[from] item: Leftovers\n|upkeep\n|turn|3\n|\n|t:|1700451327\n|-terastallize|p1a: Pelipper|Water\n|move|p1a: Pelipper|Scald|p2a: Clefable\n|-damage|p2a: Clefable|22\/100 brn\n|move|p2a: Clefable|Knock Off|p1a: Pelipper\n|-damage|p1a: Pelipper|91\/100\n|-enditem|p1a: Pelipper|Damp Rock|[from] move: Knock Off|[of] p2a: Clefable\n|\n|-weather|RainDance|[upkeep]\n|-heal|p2a: Clefable|28\/100 brn|[from] item: Leftovers\n|upkeep\n|turn|4\n|\n|t:|1700451340\n|move|p2a: Clefable|Protect|p2a: Clefable\n|-singleturn|p2a: Clefable|Protect\n|move|p1a: Pelipper|Scald|p2a: Clefable\n|-activate|p2a: Clefable|move: Protect\n|\n|-weather|RainDance|[upkeep]\n|-heal|p2a: Clefable|34\/100 brn|[from] item: Leftovers\n|upkeep\n|turn|5\n|\n|t:|1700451353\n|switch|p2a: Ting-Lu|Ting-Lu|30\/100 brn\n|-ability|p2a: Ting-Lu|Vessel of Ruin\n|move|p1a: Pelipper|Scald|p2a: Ting-Lu\n|-supereffective|p2a: Ting-Lu\n|-damage|p2a: Ting-Lu|0 fnt\n|faint|p2a: Ting-Lu\n|\n|-weather|RainDance|[upkeep]\n|upkeep\n|\n|t:|1700451361\n|switch|p2a: Samurott|Samurott-Hisui, F|100\/100\n|turn|6\n|\n|t:|1700451366\n|move|p2a: Samurott|Ceaseless Edge|p1a: Pelipper\n|-damage|p1a: Pelipper|43\/100\n|-sidestart|p1: Metal Jester|Spikes\n|move|p1a: Pelipper|Scald|p2a: Samurott\n|-resisted|p2a: Samurott\n|-damage|p2a: Samurott|40\/100\n|\n|-weather|RainDance|[upkeep]\n|upkeep\n|turn|7\n|\n|t:|1700451375\n|switch|p1a: Tapu Fini|Tapu Fini, shiny|100\/100\n|-damage|p1a: Tapu Fini|88\/100|[from] Stealth Rock\n|-damage|p1a: Tapu Fini|75\/100|[from] Spikes\n|-fieldstart|move: Misty Terrain|[from] ability: Misty Surge|[of] p1a: Tapu Fini\n|move|p2a: Samurott|Ceaseless Edge|p1a: Tapu Fini\n|-resisted|p1a: Tapu Fini\n|-damage|p1a: Tapu Fini|56\/100\n|-sidestart|p1: Metal Jester|Spikes\n|\n|-weather|RainDance|[upkeep]\n|-heal|p1a: Tapu Fini|62\/100|[from] item: Leftovers\n|upkeep\n|turn|8\n|\n|t:|1700451381\n|move|p2a: Samurott|Ceaseless Edge|p1a: Tapu Fini\n|-resisted|p1a: Tapu Fini\n|-crit|p1a: Tapu Fini\n|-damage|p1a: Tapu Fini|33\/100\n|-sidestart|p1: Metal Jester|Spikes\n|move|p1a: Tapu Fini|Defog|p2a: Samurott\n|-unboost|p2a: Samurott|evasion|1\n|-sideend|p1: Metal Jester|Spikes|[from] move: Defog|[of] p1a: Tapu Fini\n|-sideend|p1: Metal Jester|Stealth Rock|[from] move: Defog|[of] p1a: Tapu Fini\n|-fieldend|Misty Terrain\n|\n|-weather|none\n|-heal|p1a: Tapu Fini|39\/100|[from] item: Leftovers\n|upkeep\n|turn|9\n|inactive|RivalTeams has 90 seconds left.\n|-message|RivalTeams forfeited.\n|\n|win|Metal Jester\n|raw|Metal Jester's rating: 1105 &rarr; <strong>1131<\/strong><br \/>(+26 for winning)\n|raw|RivalTeams's rating: 1113 &rarr; <strong>1087<\/strong><br \/>(-26 for losing)\n|l|\u2606RivalTeams\n","uploadtime":1700451405,"views":5,"p1id":"metaljester","p2id":"rivalteams","formatid":"gen9nationaldex","rating":1087,"private":0,"password":""}