{"id":"gen9nationaldex-1997568502","p1":"ciindery","p2":"ffdlhodhdr","format":"[Gen 9] National Dex","log":"|html|<div class=\"broadcast-blue\"><strong>[Gen 9] National Dex is currently suspecting Sneasler! For information on how to participate check out the <a href=\"https:\/\/www.smogon.com\/forums\/threads\/sv-national-dex-suspect-8-just-dance.3731534\/\">suspect thread<\/a>.<\/strong><\/div>\n|j|\u2606ciindery\n|j|\u2606ffdlhodhdr\n|t:|1700826786\n|gametype|singles\n|player|p1|ciindery|scientistf|1019\n|player|p2|ffdlhodhdr|266|1000\n|teamsize|p1|6\n|teamsize|p2|6\n|gen|9\n|tier|[Gen 9] National Dex\n|rated|\n|rule|HP Percentage Mod: HP is shown in percentages\n|rule|Endless Battle Clause: Forcing endless battles is banned\n|rule|OHKO Clause: OHKO moves are banned\n|rule|Evasion Clause: Evasion abilities, items, and moves are banned\n|rule|Evasion Abilities Clause: Evasion abilities are banned\n|rule|Evasion Items Clause: Evasion items are banned\n|rule|Evasion Moves Clause: Evasion moves are banned\n|rule|Species Clause: Limit one of each Pok\u00e9mon\n|rule|Sleep Clause Mod: Limit one foe put to sleep\n|clearpoke\n|poke|p1|Espeon, F|\n|poke|p1|Duraludon, F|\n|poke|p1|Skarmory, M|\n|poke|p1|Coalossal, M|\n|poke|p1|Meowstic, M|\n|poke|p1|Nidoking, M|\n|poke|p2|Zamazenta-*|\n|poke|p2|Cinderace, M|\n|poke|p2|Scizor, M|\n|poke|p2|Tornadus-Therian, M|\n|poke|p2|Toxapex, F|\n|poke|p2|Rillaboom, F|\n|teampreview\n|inactive|Battle timer is ON: inactive players will automatically lose when time's up. (requested by ffdlhodhdr)\n|\n|t:|1700826795\n|start\n|switch|p1a: mish|Meowstic, M|100\/100\n|switch|p2a: Cinderace|Cinderace, M|100\/100\n|turn|1\n|\n|t:|1700826802\n|move|p1a: mish|Reflect|p1a: mish\n|-sidestart|p1: ciindery|Reflect\n|move|p2a: Cinderace|U-turn|p1a: mish\n|-start|p2a: Cinderace|typechange|Bug|[from] ability: Libero\n|-supereffective|p1a: mish\n|-crit|p1a: mish\n|-enditem|p1a: mish|Focus Sash\n|-damage|p1a: mish|1\/100\n|\n|t:|1700826804\n|switch|p2a: Tornadus|Tornadus-Therian, M|100\/100|[from] U-turn\n|\n|upkeep\n|turn|2\n|\n|t:|1700826814\n|move|p1a: mish|Light Screen|p1a: mish\n|-sidestart|p1: ciindery|move: Light Screen\n|move|p2a: Tornadus|U-turn|p1a: mish\n|-supereffective|p1a: mish\n|-damage|p1a: mish|0 fnt\n|faint|p1a: mish\n|\n|t:|1700826822\n|switch|p2a: Zamazenta|Zamazenta|100\/100|[from] U-turn\n|-ability|p2a: Zamazenta|Dauntless Shield|boost\n|-boost|p2a: Zamazenta|def|1\n|\n|upkeep\n|\n|t:|1700826830\n|switch|p1a: o w o|Espeon, F|100\/100\n|turn|3\n|\n|t:|1700826839\n|move|p2a: Zamazenta|Substitute|p2a: Zamazenta\n|-start|p2a: Zamazenta|Substitute\n|-damage|p2a: Zamazenta|76\/100\n|move|p1a: o w o|Psychic|p2a: Zamazenta\n|-supereffective|p2a: Zamazenta\n|-end|p2a: Zamazenta|Substitute\n|\n|-heal|p2a: Zamazenta|82\/100|[from] item: Leftovers\n|upkeep\n|turn|4\n|\n|t:|1700826852\n|move|p2a: Zamazenta|Substitute|p2a: Zamazenta\n|-start|p2a: Zamazenta|Substitute\n|-damage|p2a: Zamazenta|57\/100\n|move|p1a: o w o|Psychic|p2a: Zamazenta\n|-supereffective|p2a: Zamazenta\n|-end|p2a: Zamazenta|Substitute\n|\n|-heal|p2a: Zamazenta|63\/100|[from] item: Leftovers\n|upkeep\n|turn|5\n|\n|t:|1700826856\n|move|p2a: Zamazenta|Substitute|p2a: Zamazenta\n|-start|p2a: Zamazenta|Substitute\n|-damage|p2a: Zamazenta|38\/100\n|move|p1a: o w o|Psychic|p2a: Zamazenta\n|-supereffective|p2a: Zamazenta\n|-end|p2a: Zamazenta|Substitute\n|\n|-heal|p2a: Zamazenta|45\/100|[from] item: Leftovers\n|-sideend|p1: ciindery|Reflect\n|upkeep\n|turn|6\n|\n|t:|1700826860\n|move|p2a: Zamazenta|Substitute|p2a: Zamazenta\n|-start|p2a: Zamazenta|Substitute\n|-damage|p2a: Zamazenta|20\/100\n|move|p1a: o w o|Psychic|p2a: Zamazenta\n|-supereffective|p2a: Zamazenta\n|-end|p2a: Zamazenta|Substitute\n|\n|-heal|p2a: Zamazenta|26\/100|[from] item: Leftovers\n|-sideend|p1: ciindery|move: Light Screen\n|upkeep\n|turn|7\n|\n|t:|1700826863\n|move|p2a: Zamazenta|Iron Head|p1a: o w o\n|-damage|p1a: o w o|57\/100\n|move|p1a: o w o|Psychic|p2a: Zamazenta\n|-supereffective|p2a: Zamazenta\n|-damage|p2a: Zamazenta|0 fnt\n|faint|p2a: Zamazenta\n|\n|upkeep\n|\n|t:|1700826866\n|switch|p2a: Scizor|Scizor, M|100\/100\n|turn|8\n|\n|t:|1700826875\n|switch|p1a: Inhalador|Duraludon, F|100\/100\n|detailschange|p2a: Scizor|Scizor-Mega, M\n|-mega|p2a: Scizor|Scizor|Scizorite\n|move|p2a: Scizor|Bullet Punch|p1a: Inhalador\n|-resisted|p1a: Inhalador\n|-damage|p1a: Inhalador|78\/100\n|\n|upkeep\n|turn|9\n|\n|t:|1700826885\n|switch|p2a: Tornadus|Tornadus-Therian, M|100\/100\n|move|p1a: Inhalador|Stealth Rock|p2a: Tornadus\n|-sidestart|p2: ffdlhodhdr|move: Stealth Rock\n|\n|upkeep\n|turn|10\n|\n|t:|1700826906\n|-terastallize|p1a: Inhalador|Dragon\n|move|p1a: Inhalador|Flash Cannon|p2a: Tornadus\n|-damage|p2a: Tornadus|74\/100\n|move|p2a: Tornadus|Focus Blast|p1a: Inhalador\n|-damage|p1a: Inhalador|0 fnt\n|faint|p1a: Inhalador\n|\n|upkeep\n|inactive|ciindery has 120 seconds left.\n|\n|t:|1700826923\n|switch|p1a: navaja suiza|Nidoking, M|100\/100\n|turn|11\n|inactive|ciindery has 120 seconds left.\n|\n|t:|1700826934\n|switch|p2a: Toxapex|Toxapex, F|100\/100\n|-damage|p2a: Toxapex|88\/100|[from] Stealth Rock\n|move|p1a: navaja suiza|Thunder Punch|p2a: Toxapex\n|-supereffective|p2a: Toxapex\n|-damage|p2a: Toxapex|56\/100\n|\n|-heal|p2a: Toxapex|62\/100|[from] item: Leftovers\n|upkeep\n|turn|12\n|\n|t:|1700826942\n|switch|p2a: Rillaboom|Rillaboom, F|100\/100\n|-damage|p2a: Rillaboom|88\/100|[from] Stealth Rock\n|-fieldstart|move: Grassy Terrain|[from] ability: Grassy Surge|[of] p2a: Rillaboom\n|move|p1a: navaja suiza|High Horsepower|p2a: Rillaboom\n|-resisted|p2a: Rillaboom\n|-damage|p2a: Rillaboom|67\/100\n|\n|-heal|p2a: Rillaboom|73\/100|[from] Grassy Terrain\n|upkeep\n|turn|13\n|\n|t:|1700826951\n|move|p2a: Rillaboom|Knock Off|p1a: navaja suiza\n|-damage|p1a: navaja suiza|31\/100\n|-enditem|p1a: navaja suiza|Assault Vest|[from] move: Knock Off|[of] p2a: Rillaboom\n|move|p1a: navaja suiza|Poison Jab|p2a: Rillaboom\n|-supereffective|p2a: Rillaboom\n|-damage|p2a: Rillaboom|0 fnt\n|faint|p2a: Rillaboom\n|\n|-heal|p1a: navaja suiza|36\/100|[from] Grassy Terrain\n|upkeep\n|\n|t:|1700826957\n|switch|p2a: Cinderace|Cinderace, M|100\/100\n|turn|14\n|\n|t:|1700826969\n|switch|p1a: vibrador|Skarmory, M|100\/100\n|move|p2a: Cinderace|Pyro Ball|p1a: vibrador\n|-supereffective|p1a: vibrador\n|-damage|p1a: vibrador|20\/100\n|\n|-heal|p1a: vibrador|26\/100|[from] item: Leftovers\n|upkeep\n|turn|15\n|\n|t:|1700826985\n|move|p2a: Cinderace|Pyro Ball|p1a: vibrador\n|-supereffective|p1a: vibrador\n|-damage|p1a: vibrador|0 fnt\n|faint|p1a: vibrador\n|\n|upkeep\n|\n|t:|1700826989\n|switch|p1a: Coalossal|Coalossal, M|100\/100\n|turn|16\n|\n|t:|1700826995\n|move|p2a: Cinderace|Court Change|p2a: Cinderace\n|-start|p2a: Cinderace|typechange|Normal|[from] ability: Libero\n|-swapsideconditions\n|-activate|p2a: Cinderace|move: Court Change\n|move|p1a: Coalossal|Power Gem|p2a: Cinderace\n|-damage|p2a: Cinderace|70\/100\n|\n|-heal|p2a: Cinderace|76\/100|[from] Grassy Terrain\n|-fieldend|move: Grassy Terrain\n|upkeep\n|turn|17\n|\n|t:|1700827004\n|move|p2a: Cinderace|U-turn|p1a: Coalossal\n|-resisted|p1a: Coalossal\n|-damage|p1a: Coalossal|94\/100\n|\n|t:|1700827006\n|switch|p2a: Toxapex|Toxapex, F|95\/100|[from] U-turn\n|move|p1a: Coalossal|Rapid Spin|p2a: Toxapex\n|-damage|p2a: Toxapex|89\/100\n|-boost|p1a: Coalossal|spe|1\n|-sideend|p1: ciindery|Stealth Rock|[from] move: Rapid Spin|[of] p1a: Coalossal\n|\n|-heal|p2a: Toxapex|95\/100|[from] item: Leftovers\n|upkeep\n|turn|18\n|\n|t:|1700827019\n|switch|p1a: navaja suiza|Nidoking, M|36\/100\n|move|p2a: Toxapex|Knock Off|p1a: navaja suiza\n|-damage|p1a: navaja suiza|23\/100\n|\n|-heal|p2a: Toxapex|100\/100|[from] item: Leftovers\n|upkeep\n|turn|19\n|\n|t:|1700827032\n|switch|p2a: Scizor|Scizor-Mega, M|100\/100\n|move|p1a: navaja suiza|Thunder Punch|p2a: Scizor\n|-damage|p2a: Scizor|78\/100\n|\n|upkeep\n|turn|20\n|\n|t:|1700827044\n|move|p2a: Scizor|Bullet Punch|p1a: navaja suiza\n|-damage|p1a: navaja suiza|0 fnt\n|faint|p1a: navaja suiza\n|\n|upkeep\n|\n|t:|1700827051\n|switch|p1a: o w o|Espeon, F|57\/100\n|turn|21\n|\n|t:|1700827068\n|move|p2a: Scizor|Bullet Punch|p1a: o w o\n|-damage|p1a: o w o|0 fnt\n|faint|p1a: o w o\n|\n|upkeep\n|\n|t:|1700827070\n|switch|p1a: Coalossal|Coalossal, M|94\/100\n|turn|22\n|\n|t:|1700827073\n|move|p2a: Scizor|Close Combat|p1a: Coalossal\n|-supereffective|p1a: Coalossal\n|-damage|p1a: Coalossal|40\/100\n|-unboost|p2a: Scizor|def|1\n|-unboost|p2a: Scizor|spd|1\n|move|p1a: Coalossal|Flare Blitz|p2a: Scizor\n|-supereffective|p2a: Scizor\n|-crit|p2a: Scizor\n|-damage|p2a: Scizor|0 fnt\n|faint|p2a: Scizor\n|-damage|p1a: Coalossal|20\/100|[from] Recoil\n|\n|upkeep\n|\n|t:|1700827077\n|switch|p2a: Cinderace|Cinderace, M|76\/100\n|turn|23\n|\n|t:|1700827084\n|move|p2a: Cinderace|Pyro Ball|p1a: Coalossal|[miss]\n|-miss|p2a: Cinderace|p1a: Coalossal\n|move|p1a: Coalossal|Power Gem|p2a: Cinderace\n|-supereffective|p2a: Cinderace\n|-damage|p2a: Cinderace|10\/100\n|\n|upkeep\n|turn|24\n|\n|t:|1700827090\n|-terastallize|p2a: Cinderace|Fire\n|move|p2a: Cinderace|Pyro Ball|p1a: Coalossal\n|-resisted|p1a: Coalossal\n|-damage|p1a: Coalossal|10\/100\n|-ability|p1a: Coalossal|Steam Engine|boost\n|-boost|p1a: Coalossal|spe|6\n|move|p1a: Coalossal|Power Gem|p2a: Cinderace\n|-supereffective|p2a: Cinderace\n|-crit|p2a: Cinderace\n|-damage|p2a: Cinderace|0 fnt\n|faint|p2a: Cinderace\n|\n|upkeep\n|\n|t:|1700827096\n|switch|p2a: Toxapex|Toxapex, F|100\/100\n|turn|25\n|\n|t:|1700827108\n|move|p1a: Coalossal|Power Gem|p2a: Toxapex\n|-crit|p2a: Toxapex\n|-damage|p2a: Toxapex|70\/100\n|move|p2a: Toxapex|Scald|p1a: Coalossal\n|-supereffective|p1a: Coalossal\n|-damage|p1a: Coalossal|0 fnt\n|faint|p1a: Coalossal\n|\n|win|ffdlhodhdr\n|raw|ciindery's rating: 1019 &rarr; <strong>1005<\/strong><br \/>(-14 for losing)\n|raw|ffdlhodhdr's rating: 1000 &rarr; <strong>1042<\/strong><br \/>(+42 for winning)\n","uploadtime":1700827119,"views":3,"p1id":"ciindery","p2id":"ffdlhodhdr","formatid":"gen9nationaldex","rating":1005,"private":0,"password":""}