{"id":"gen9nationaldex-1998132649","p1":"Vvbttij","p2":"ibukisksksk","format":"[Gen 9] National Dex","log":"|html|<div class=\"broadcast-blue\"><strong>[Gen 9] National Dex is currently suspecting Sneasler! For information on how to participate check out the <a href=\"https:\/\/www.smogon.com\/forums\/threads\/sv-national-dex-suspect-8-just-dance.3731534\/\">suspect thread<\/a>.<\/strong><\/div>\n|j|\u2606Vvbttij\n|j|\u2606ibukisksksk\n|t:|1700897413\n|gametype|singles\n|player|p1|Vvbttij|red|1187\n|player|p2|ibukisksksk|169|1076\n|teamsize|p1|6\n|teamsize|p2|6\n|gen|9\n|tier|[Gen 9] National Dex\n|rated|\n|rule|HP Percentage Mod: HP is shown in percentages\n|rule|Endless Battle Clause: Forcing endless battles is banned\n|rule|OHKO Clause: OHKO moves are banned\n|rule|Evasion Clause: Evasion abilities, items, and moves are banned\n|rule|Evasion Abilities Clause: Evasion abilities are banned\n|rule|Evasion Items Clause: Evasion items are banned\n|rule|Evasion Moves Clause: Evasion moves are banned\n|rule|Species Clause: Limit one of each Pok\u00e9mon\n|rule|Sleep Clause Mod: Limit one foe put to sleep\n|clearpoke\n|poke|p1|Charizard, F|\n|poke|p1|Blastoise, F|\n|poke|p1|Venusaur, M|\n|poke|p1|Snorlax, M|\n|poke|p1|Lapras, F|\n|poke|p1|Pikachu, M|\n|poke|p2|Iron Valiant|\n|poke|p2|Ferrothorn, F|\n|poke|p2|Glimmora, F|\n|poke|p2|Scizor, F|\n|poke|p2|Garchomp, F|\n|poke|p2|Tapu Koko|\n|teampreview\n|\n|t:|1700897420\n|start\n|switch|p1a: Blastoise|Blastoise, F|100\/100\n|switch|p2a: Scizor|Scizor, F|100\/100\n|turn|1\n|\n|t:|1700897427\n|detailschange|p2a: Scizor|Scizor-Mega, F\n|-mega|p2a: Scizor|Scizor|Scizorite\n|move|p2a: Scizor|Swords Dance|p2a: Scizor\n|-boost|p2a: Scizor|atk|2\n|move|p1a: Blastoise|Shell Smash|p1a: Blastoise\n|-unboost|p1a: Blastoise|def|1\n|-unboost|p1a: Blastoise|spd|1\n|-boost|p1a: Blastoise|atk|2\n|-boost|p1a: Blastoise|spa|2\n|-boost|p1a: Blastoise|spe|2\n|\n|upkeep\n|turn|2\n|\n|t:|1700897440\n|move|p2a: Scizor|Bullet Punch|p1a: Blastoise\n|-resisted|p1a: Blastoise\n|-damage|p1a: Blastoise|48\/100\n|move|p1a: Blastoise|Focus Blast|p2a: Scizor\n|-damage|p2a: Scizor|22\/100\n|\n|upkeep\n|turn|3\n|\n|t:|1700897447\n|move|p2a: Scizor|Bullet Punch|p1a: Blastoise\n|-resisted|p1a: Blastoise\n|-damage|p1a: Blastoise|0 fnt\n|faint|p1a: Blastoise\n|\n|upkeep\n|\n|t:|1700897449\n|switch|p1a: Charizard|Charizard, F|100\/100\n|turn|4\n|\n|t:|1700897454\n|move|p1a: Charizard|Fire Punch|p2a: Scizor\n|-supereffective|p2a: Scizor\n|-damage|p2a: Scizor|0 fnt\n|faint|p2a: Scizor\n|\n|upkeep\n|\n|t:|1700897459\n|switch|p2a: Garchomp|Garchomp, F|100\/100\n|turn|5\n|\n|t:|1700897469\n|-terastallize|p2a: Garchomp|Dragon\n|move|p2a: Garchomp|Dragon Claw|p1a: Charizard\n|-crit|p1a: Charizard\n|-damage|p1a: Charizard|0 fnt\n|faint|p1a: Charizard\n|\n|upkeep\n|\n|t:|1700897474\n|switch|p1a: Lapras|Lapras, F|100\/100\n|turn|6\n|\n|t:|1700897478\n|move|p1a: Lapras|Ice Shard|p2a: Garchomp\n|-supereffective|p2a: Garchomp\n|-damage|p2a: Garchomp|64\/100\n|move|p2a: Garchomp|Earthquake|p1a: Lapras\n|-damage|p1a: Lapras|49\/100\n|\n|upkeep\n|turn|7\n|\n|t:|1700897485\n|move|p1a: Lapras|Ice Shard|p2a: Garchomp\n|-supereffective|p2a: Garchomp\n|-damage|p2a: Garchomp|28\/100\n|move|p2a: Garchomp|Earthquake|p1a: Lapras\n|-damage|p1a: Lapras|0 fnt\n|faint|p1a: Lapras\n|\n|upkeep\n|\n|t:|1700897490\n|switch|p1a: Venusaur|Venusaur, M|100\/100\n|turn|8\n|\n|t:|1700897494\n|detailschange|p1a: Venusaur|Venusaur-Mega, M\n|-mega|p1a: Venusaur|Venusaur|Venusaurite\n|move|p2a: Garchomp|Fire Fang|p1a: Venusaur\n|-supereffective|p1a: Venusaur\n|-damage|p1a: Venusaur|87\/100\n|cant|p1a: Venusaur|flinch\n|\n|upkeep\n|turn|9\n|\n|t:|1700897513\n|switch|p2a: Ferrothorn|Ferrothorn, F|100\/100\n|move|p1a: Venusaur|Toxic|p2a: Ferrothorn\n|-immune|p2a: Ferrothorn\n|\n|upkeep\n|turn|10\n|\n|t:|1700897526\n|switch|p1a: Snorlax|Snorlax, M, shiny|100\/100\n|move|p2a: Ferrothorn|Iron Defense|p2a: Ferrothorn\n|-boost|p2a: Ferrothorn|def|2\n|\n|upkeep\n|turn|11\n|\n|t:|1700897532\n|move|p1a: Snorlax|Power-Up Punch|p2a: Ferrothorn\n|-supereffective|p2a: Ferrothorn\n|-damage|p2a: Ferrothorn|87\/100\n|-boost|p1a: Snorlax|atk|1\n|-damage|p1a: Snorlax|88\/100|[from] ability: Iron Barbs|[of] p2a: Ferrothorn\n|-damage|p1a: Snorlax|78\/100|[from] item: Life Orb\n|move|p2a: Ferrothorn|Iron Defense|p2a: Ferrothorn\n|-boost|p2a: Ferrothorn|def|2\n|\n|-heal|p2a: Ferrothorn|93\/100|[from] item: Leftovers\n|upkeep\n|turn|12\n|\n|t:|1700897541\n|move|p1a: Snorlax|Power-Up Punch|p2a: Ferrothorn\n|-supereffective|p2a: Ferrothorn\n|-damage|p2a: Ferrothorn|81\/100\n|-boost|p1a: Snorlax|atk|1\n|-damage|p1a: Snorlax|66\/100|[from] ability: Iron Barbs|[of] p2a: Ferrothorn\n|-damage|p1a: Snorlax|56\/100|[from] item: Life Orb\n|move|p2a: Ferrothorn|Iron Defense|p2a: Ferrothorn\n|-boost|p2a: Ferrothorn|def|2\n|\n|-heal|p2a: Ferrothorn|87\/100|[from] item: Leftovers\n|upkeep\n|turn|13\n|\n|t:|1700897552\n|move|p1a: Snorlax|Earthquake|p2a: Ferrothorn\n|-crit|p2a: Ferrothorn\n|-damage|p2a: Ferrothorn|0 fnt\n|faint|p2a: Ferrothorn\n|-damage|p1a: Snorlax|46\/100|[from] item: Life Orb\n|\n|upkeep\n|\n|t:|1700897560\n|switch|p2a: Tapu Koko|Tapu Koko|100\/100\n|-fieldstart|move: Electric Terrain|[from] ability: Electric Surge|[of] p2a: Tapu Koko\n|turn|14\n|\n|t:|1700897567\n|move|p2a: Tapu Koko|Grass Knot|p1a: Snorlax\n|-damage|p1a: Snorlax|32\/100\n|move|p1a: Snorlax|Body Slam|p2a: Tapu Koko\n|-damage|p2a: Tapu Koko|0 fnt\n|faint|p2a: Tapu Koko\n|-damage|p1a: Snorlax|22\/100|[from] item: Life Orb\n|\n|upkeep\n|\n|t:|1700897573\n|switch|p2a: Iron Valiant|Iron Valiant, shiny|100\/100\n|-activate|p2a: Iron Valiant|ability: Quark Drive\n|-start|p2a: Iron Valiant|quarkdrivespe\n|turn|15\n|\n|t:|1700897579\n|-terastallize|p1a: Snorlax|Ghost\n|move|p2a: Iron Valiant|Close Combat|p1a: Snorlax\n|-immune|p1a: Snorlax\n|move|p1a: Snorlax|Body Slam|p2a: Iron Valiant\n|-damage|p2a: Iron Valiant|0 fnt\n|faint|p2a: Iron Valiant\n|-end|p2a: Iron Valiant|Quark Drive|[silent]\n|-damage|p1a: Snorlax|12\/100|[from] item: Life Orb\n|\n|upkeep\n|\n|t:|1700897585\n|switch|p2a: Glimmora|Glimmora, F|100\/100\n|turn|16\n|\n|t:|1700897590\n|move|p2a: Glimmora|Substitute|p2a: Glimmora\n|-start|p2a: Glimmora|Substitute\n|-damage|p2a: Glimmora|76\/100\n|move|p1a: Snorlax|Earthquake|p2a: Glimmora\n|-supereffective|p2a: Glimmora\n|-end|p2a: Glimmora|Substitute\n|-damage|p1a: Snorlax|2\/100|[from] item: Life Orb\n|\n|upkeep\n|turn|17\n|\n|t:|1700897595\n|move|p2a: Glimmora|Substitute|p2a: Glimmora\n|-start|p2a: Glimmora|Substitute\n|-damage|p2a: Glimmora|51\/100\n|move|p1a: Snorlax|Earthquake|p2a: Glimmora\n|-supereffective|p2a: Glimmora\n|-end|p2a: Glimmora|Substitute\n|-damage|p1a: Snorlax|0 fnt|[from] item: Life Orb\n|faint|p1a: Snorlax\n|\n|upkeep\n|\n|t:|1700897597\n|switch|p1a: Pikachu|Pikachu, M|100\/100\n|turn|18\n|\n|t:|1700897606\n|move|p1a: Pikachu|Surf|p2a: Glimmora\n|-supereffective|p2a: Glimmora\n|-damage|p2a: Glimmora|0 fnt\n|faint|p2a: Glimmora\n|\n|-fieldend|move: Electric Terrain\n|upkeep\n|\n|t:|1700897609\n|switch|p2a: Garchomp|Garchomp, F, tera:Dragon|28\/100\n|turn|19\n|\n|t:|1700897614\n|move|p2a: Garchomp|Earthquake|p1a: Pikachu\n|-supereffective|p1a: Pikachu\n|-damage|p1a: Pikachu|0 fnt\n|faint|p1a: Pikachu\n|\n|upkeep\n|\n|t:|1700897616\n|switch|p1a: Venusaur|Venusaur-Mega, M|87\/100\n|turn|20\n|\n|t:|1700897621\n|move|p2a: Garchomp|Fire Fang|p1a: Venusaur\n|-supereffective|p1a: Venusaur\n|-damage|p1a: Venusaur|74\/100\n|move|p1a: Venusaur|Toxic|p2a: Garchomp\n|-status|p2a: Garchomp|tox\n|\n|-damage|p2a: Garchomp|22\/100 tox|[from] psn\n|upkeep\n|turn|21\n|\n|t:|1700897627\n|move|p2a: Garchomp|Fire Fang|p1a: Venusaur\n|-supereffective|p1a: Venusaur\n|-damage|p1a: Venusaur|60\/100\n|move|p1a: Venusaur|Curse|p1a: Venusaur\n|-unboost|p1a: Venusaur|spe|1\n|-boost|p1a: Venusaur|atk|1\n|-boost|p1a: Venusaur|def|1\n|\n|-damage|p2a: Garchomp|10\/100 tox|[from] psn\n|upkeep\n|turn|22\n|\n|t:|1700897631\n|move|p2a: Garchomp|Fire Fang|p1a: Venusaur\n|-supereffective|p1a: Venusaur\n|-damage|p1a: Venusaur|52\/100\n|move|p1a: Venusaur|Synthesis|p1a: Venusaur\n|-heal|p1a: Venusaur|100\/100\n|\n|-damage|p2a: Garchomp|0 fnt|[from] psn\n|faint|p2a: Garchomp\n|\n|win|Vvbttij\n|upkeep\n|raw|Vvbttij's rating: 1187 &rarr; <strong>1204<\/strong><br \/>(+17 for winning)\n|raw|ibukisksksk's rating: 1076 &rarr; <strong>1061<\/strong><br \/>(-15 for losing)\n|c|\u2606Vvbttij|Gg\n|l|\u2606ibukisksksk\n","uploadtime":1700897637,"views":2,"p1id":"vvbttij","p2id":"ibukisksksk","formatid":"gen9nationaldex","rating":1061,"private":0,"password":""}