{"id":"gen9nationaldex-1993437196","p1":"MaxMbs","p2":"shfeha","format":"[Gen 9] National Dex","log":"|j|\u2606MaxMbs\n|j|\u2606shfeha\n|t:|1700317794\n|gametype|singles\n|player|p1|MaxMbs|harlequin|1039\n|player|p2|shfeha|cyclist|1099\n|teamsize|p1|6\n|teamsize|p2|6\n|gen|9\n|tier|[Gen 9] National Dex\n|rated|\n|rule|HP Percentage Mod: HP is shown in percentages\n|rule|Endless Battle Clause: Forcing endless battles is banned\n|rule|OHKO Clause: OHKO moves are banned\n|rule|Evasion Clause: Evasion abilities, items, and moves are banned\n|rule|Evasion Abilities Clause: Evasion abilities are banned\n|rule|Evasion Items Clause: Evasion items are banned\n|rule|Evasion Moves Clause: Evasion moves are banned\n|rule|Species Clause: Limit one of each Pok\u00e9mon\n|rule|Sleep Clause Mod: Limit one foe put to sleep\n|clearpoke\n|poke|p1|Gothitelle, F|\n|poke|p1|Malamar, F|\n|poke|p1|Hydreigon, F|\n|poke|p1|Mismagius, M|\n|poke|p1|Chandelure, M|\n|poke|p1|Grimmsnarl, M|\n|poke|p2|Greninja-*, M|\n|poke|p2|Scizor, F|\n|poke|p2|Skeledirge, F|\n|poke|p2|Ting-Lu|\n|poke|p2|Corviknight, F|\n|poke|p2|Clodsire, M|\n|teampreview\n|inactive|Battle timer is ON: inactive players will automatically lose when time's up. (requested by shfeha)\n|\n|t:|1700317803\n|start\n|switch|p1a: Wednesday Adams|Gothitelle, F|100\/100\n|switch|p2a: Corviknight|Corviknight, F, shiny|100\/100\n|turn|1\n|\n|t:|1700317811\n|switch|p2a: Ting-Lu|Ting-Lu|100\/100\n|-ability|p2a: Ting-Lu|Vessel of Ruin\n|move|p1a: Wednesday Adams|Calm Mind|p1a: Wednesday Adams\n|-boost|p1a: Wednesday Adams|spa|1\n|-boost|p1a: Wednesday Adams|spd|1\n|\n|upkeep\n|turn|2\n|\n|t:|1700317829\n|move|p1a: Wednesday Adams|Hidden Power|p2a: Ting-Lu\n|-damage|p2a: Ting-Lu|85\/100\n|move|p2a: Ting-Lu|Whirlwind|p1a: Wednesday Adams\n|drag|p1a: The grinch|Grimmsnarl, M|100\/100\n|\n|-heal|p2a: Ting-Lu|91\/100|[from] item: Leftovers\n|upkeep\n|turn|3\n|\n|t:|1700317842\n|move|p1a: The grinch|Substitute|p1a: The grinch\n|-start|p1a: The grinch|Substitute\n|-damage|p1a: The grinch|76\/100\n|move|p2a: Ting-Lu|Ruination|p1a: The grinch\n|-end|p1a: The grinch|Substitute\n|\n|-heal|p1a: The grinch|82\/100|[from] item: Leftovers\n|-heal|p2a: Ting-Lu|97\/100|[from] item: Leftovers\n|upkeep\n|turn|4\n|\n|t:|1700317851\n|move|p1a: The grinch|Bulk Up|p1a: The grinch\n|-boost|p1a: The grinch|atk|1\n|-boost|p1a: The grinch|def|1\n|move|p2a: Ting-Lu|Ruination|p1a: The grinch\n|-damage|p1a: The grinch|41\/100\n|\n|-heal|p1a: The grinch|47\/100|[from] item: Leftovers\n|-heal|p2a: Ting-Lu|100\/100|[from] item: Leftovers\n|upkeep\n|turn|5\n|\n|t:|1700317857\n|move|p1a: The grinch|Drain Punch|p2a: Ting-Lu\n|-supereffective|p2a: Ting-Lu\n|-damage|p2a: Ting-Lu|74\/100\n|-heal|p1a: The grinch|68\/100|[from] drain|[of] p2a: Ting-Lu\n|move|p2a: Ting-Lu|Whirlwind|p1a: The grinch\n|drag|p1a: Wednesday Adams|Gothitelle, F|100\/100\n|\n|-heal|p2a: Ting-Lu|80\/100|[from] item: Leftovers\n|upkeep\n|turn|6\n|\n|t:|1700317879\n|switch|p1a: Mismagius|Mismagius, M|100\/100\n|move|p2a: Ting-Lu|Ruination|p1a: Mismagius\n|-damage|p1a: Mismagius|51\/100\n|\n|-heal|p2a: Ting-Lu|86\/100|[from] item: Leftovers\n|upkeep\n|turn|7\n|\n|t:|1700317892\n|switch|p2a: Greninja|Greninja, M|100\/100\n|move|p1a: Mismagius|Protect||[still]\n|-fail|p1a: Mismagius\n|\n|upkeep\n|turn|8\n|\n|t:|1700317899\n|move|p2a: Greninja|Dark Pulse|p1a: Mismagius\n|-supereffective|p1a: Mismagius\n|-damage|p1a: Mismagius|0 fnt\n|faint|p1a: Mismagius\n|-ability|p2a: Greninja|Battle Bond|boost\n|-boost|p2a: Greninja|atk|1\n|-boost|p2a: Greninja|spa|1\n|-boost|p2a: Greninja|spe|1\n|-activate|p2a: Greninja|ability: Battle Bond\n|-damage|p2a: Greninja|91\/100|[from] item: Life Orb\n|\n|upkeep\n|\n|t:|1700317909\n|switch|p1a: Chandelure|Chandelure, M|100\/100\n|turn|9\n|\n|t:|1700317915\n|move|p2a: Greninja|Dark Pulse|p1a: Chandelure\n|-supereffective|p1a: Chandelure\n|-damage|p1a: Chandelure|0 fnt\n|faint|p1a: Chandelure\n|-damage|p2a: Greninja|81\/100|[from] item: Life Orb\n|\n|upkeep\n|-message|MaxMbs forfeited.\n|\n|win|shfeha\n|raw|MaxMbs's rating: 1039 &rarr; <strong>1026<\/strong><br \/>(-13 for losing)\n|raw|shfeha's rating: 1099 &rarr; <strong>1120<\/strong><br \/>(+21 for winning)\n|l|\u2606MaxMbs\n","uploadtime":1700317922,"views":7,"p1id":"maxmbs","p2id":"shfeha","formatid":"gen9nationaldex","rating":1026,"private":0,"password":""}