{"id":"gen9nationaldex-1988513984","p1":"Clustermuk","p2":"0xBlizzard","format":"[Gen 9] National Dex","log":"|j|\u2606Clustermuk\n|j|\u26060xBlizzard\n|t:|1699731046\n|gametype|singles\n|player|p1|Clustermuk|cheren-gen5bw2|\n|player|p2|0xBlizzard|crasherwake|\n|teamsize|p1|6\n|teamsize|p2|6\n|gen|9\n|tier|[Gen 9] National Dex\n|rule|HP Percentage Mod: HP is shown in percentages\n|rule|Endless Battle Clause: Forcing endless battles is banned\n|rule|OHKO Clause: OHKO moves are banned\n|rule|Evasion Clause: Evasion abilities, items, and moves are banned\n|rule|Evasion Abilities Clause: Evasion abilities are banned\n|rule|Evasion Items Clause: Evasion items are banned\n|rule|Evasion Moves Clause: Evasion moves are banned\n|rule|Species Clause: Limit one of each Pok\u00e9mon\n|rule|Sleep Clause Mod: Limit one foe put to sleep\n|clearpoke\n|poke|p1|Togekiss, F|\n|poke|p1|Magnezone|\n|poke|p1|Latias, F|\n|poke|p1|Bruxish, M|\n|poke|p1|Flygon, M|\n|poke|p1|Diancie|\n|poke|p2|Garchomp, F|\n|poke|p2|Swampert, M|\n|poke|p2|Infernape, F|\n|poke|p2|Venusaur, M|\n|poke|p2|Aerodactyl, M|\n|poke|p2|Zangoose, F|\n|teampreview\n|j| Goldenrod Dewgongs\n|c|\u2606Clustermuk|glhf\n|j| Samman7124\n|j| Lord of Honedge\n|\n|t:|1699731101\n|start\n|switch|p1a: KIM KARDAHSHHIAAN|Bruxish, M|100\/100\n|switch|p2a: Garchomp|Garchomp, F|100\/100\n|turn|1\n|\n|t:|1699731112\n|move|p1a: KIM KARDAHSHHIAAN|Ice Fang|p2a: Garchomp\n|-supereffective|p2a: Garchomp\n|-damage|p2a: Garchomp|1\/100\n|-damage|p1a: KIM KARDAHSHHIAAN|88\/100|[from] ability: Rough Skin|[of] p2a: Garchomp\n|-damage|p1a: KIM KARDAHSHHIAAN|72\/100|[from] item: Rocky Helmet|[of] p2a: Garchomp\n|move|p2a: Garchomp|Spikes|p1a: KIM KARDAHSHHIAAN\n|-sidestart|p1: Clustermuk|Spikes\n|\n|upkeep\n|turn|2\n|\n|t:|1699731121\n|switch|p2a: Venusaur|Venusaur, M|100\/100\n|move|p1a: KIM KARDAHSHHIAAN|Ice Fang|p2a: Venusaur\n|-supereffective|p2a: Venusaur\n|-damage|p2a: Venusaur|29\/100\n|\n|upkeep\n|turn|3\n|\n|t:|1699731132\n|move|p1a: KIM KARDAHSHHIAAN|Ice Fang|p2a: Venusaur\n|-supereffective|p2a: Venusaur\n|-damage|p2a: Venusaur|0 fnt\n|faint|p2a: Venusaur\n|\n|upkeep\n|\n|t:|1699731154\n|switch|p2a: Zangoose|Zangoose, F|100\/100\n|turn|4\n|l| Lord of Honedge\n|\n|t:|1699731186\n|switch|p1a: FUUUTUUUREEEE|Magnezone, shiny|100\/100\n|-damage|p1a: FUUUTUUUREEEE|88\/100|[from] Spikes\n|move|p2a: Zangoose|Night Slash|p1a: FUUUTUUUREEEE\n|-damage|p1a: FUUUTUUUREEEE|69\/100\n|\n|upkeep\n|turn|5\n|\n|t:|1699731198\n|switch|p2a: Infernape|Infernape, F|100\/100\n|move|p1a: FUUUTUUUREEEE|Reflect|p1a: FUUUTUUUREEEE\n|-sidestart|p1: Clustermuk|Reflect\n|\n|upkeep\n|turn|6\n|\n|t:|1699731212\n|move|p2a: Infernape|Fire Blast|p1a: FUUUTUUUREEEE\n|-supereffective|p1a: FUUUTUUUREEEE\n|-crit|p1a: FUUUTUUUREEEE\n|-damage|p1a: FUUUTUUUREEEE|0 fnt\n|faint|p1a: FUUUTUUUREEEE\n|-damage|p2a: Infernape|91\/100|[from] item: Life Orb\n|\n|upkeep\n|j| Lord of Honedge\n|\n|t:|1699731239\n|switch|p1a: THE HEALMOBILE|Latias, F|100\/100\n|turn|7\n|\n|t:|1699731257\n|switch|p2a: Aerodactyl|Aerodactyl, M|100\/100\n|move|p1a: THE HEALMOBILE|Calm Mind|p1a: THE HEALMOBILE\n|-boost|p1a: THE HEALMOBILE|spa|1\n|-boost|p1a: THE HEALMOBILE|spd|1\n|\n|upkeep\n|turn|8\n|\n|t:|1699731268\n|move|p2a: Aerodactyl|Ice Fang|p1a: THE HEALMOBILE\n|-supereffective|p1a: THE HEALMOBILE\n|-damage|p1a: THE HEALMOBILE|78\/100\n|move|p1a: THE HEALMOBILE|Psychic|p2a: Aerodactyl\n|-damage|p2a: Aerodactyl|2\/100\n|\n|upkeep\n|turn|9\n|\n|t:|1699731286\n|move|p2a: Aerodactyl|Ice Fang|p1a: THE HEALMOBILE\n|-supereffective|p1a: THE HEALMOBILE\n|-damage|p1a: THE HEALMOBILE|52\/100\n|move|p1a: THE HEALMOBILE|Psychic|p2a: Aerodactyl\n|-damage|p2a: Aerodactyl|0 fnt\n|faint|p2a: Aerodactyl\n|\n|upkeep\n|\n|t:|1699731293\n|switch|p2a: Swampert|Swampert, M|100\/100\n|turn|10\n|\n|t:|1699731300\n|detailschange|p2a: Swampert|Swampert-Mega, M\n|-mega|p2a: Swampert|Swampert|Swampertite\n|move|p1a: THE HEALMOBILE|Grass Knot|p2a: Swampert\n|-supereffective|p2a: Swampert\n|-damage|p2a: Swampert|0 fnt\n|faint|p2a: Swampert\n|\n|upkeep\n|j| blackdog78\n|\n|t:|1699731325\n|switch|p2a: Infernape|Infernape, F|91\/100\n|turn|11\n|\n|t:|1699731330\n|-terastallize|p2a: Infernape|Fire\n|move|p1a: THE HEALMOBILE|Psychic|p2a: Infernape\n|-damage|p2a: Infernape|0 fnt\n|faint|p2a: Infernape\n|\n|upkeep\n|c|\u2606Clustermuk|woah\n|\n|t:|1699731345\n|switch|p2a: Garchomp|Garchomp, F|1\/100\n|turn|12\n|c|\u2606Clustermuk|tera is banned, right?\n|\n|t:|1699731362\n|move|p1a: THE HEALMOBILE|Dragon Pulse|p2a: Garchomp\n|-supereffective|p2a: Garchomp\n|-damage|p2a: Garchomp|0 fnt\n|faint|p2a: Garchomp\n|\n|-sideend|p1: Clustermuk|Reflect\n|upkeep\n|n| TheHydraAllience2|thehydraallience2\n|c| TheHydraAllience2|yea\n|\n|t:|1699731368\n|switch|p2a: Zangoose|Zangoose, F|100\/100\n|turn|13\n|\n|t:|1699731380\n|move|p1a: THE HEALMOBILE|Psychic|p2a: Zangoose\n|-damage|p2a: Zangoose|0 fnt\n|faint|p2a: Zangoose\n|\n|win|Clustermuk\n|c| TheHydraAllience2|think it's auto forfeit, but will have to ask jack\n|l|\u26060xBlizzard\n|c|\u2606Clustermuk|gg\n|l| blackdog78\n","uploadtime":1699731412,"views":30,"p1id":"clustermuk","p2id":"0xblizzard","formatid":"gen9nationaldex","rating":0,"private":0,"password":""}