{"id":"gen9nationaldex-1994200575","p1":"Zera & Lucy","p2":"Baume77","format":"[Gen 9] National Dex","log":"|j|\u2606Zera & Lucy\n|j|\u2606Baume77\n|t:|1700418218\n|gametype|singles\n|player|p1|Zera & Lucy|cynthia|1086\n|player|p2|Baume77|jogger|1189\n|teamsize|p1|6\n|teamsize|p2|6\n|gen|9\n|tier|[Gen 9] National Dex\n|rated|\n|rule|HP Percentage Mod: HP is shown in percentages\n|rule|Endless Battle Clause: Forcing endless battles is banned\n|rule|OHKO Clause: OHKO moves are banned\n|rule|Evasion Clause: Evasion abilities, items, and moves are banned\n|rule|Evasion Abilities Clause: Evasion abilities are banned\n|rule|Evasion Items Clause: Evasion items are banned\n|rule|Evasion Moves Clause: Evasion moves are banned\n|rule|Species Clause: Limit one of each Pok\u00e9mon\n|rule|Sleep Clause Mod: Limit one foe put to sleep\n|clearpoke\n|poke|p1|Ambipom, F|\n|poke|p1|Zoroark-Hisui, M|\n|poke|p1|Cinccino, M|\n|poke|p1|Indeedee, M|\n|poke|p1|Cyclizar, F|\n|poke|p1|Komala, F|\n|poke|p2|Haxorus, M|\n|poke|p2|Aggron, M|\n|poke|p2|Mimikyu, M|\n|poke|p2|Smeargle, M|\n|poke|p2|Forretress, F|\n|poke|p2|Beedrill, F|\n|teampreview\n|inactive|Battle timer is ON: inactive players will automatically lose when time's up. (requested by Zera & Lucy)\n|\n|t:|1700418230\n|start\n|switch|p1a: Komala|Komala, F|100\/100\n|switch|p2a: Smeargle|Smeargle, M|100\/100\n|-ability|p1a: Komala|Comatose\n|turn|1\n|\n|t:|1700418236\n|move|p2a: Smeargle|Stealth Rock|p1a: Komala\n|-sidestart|p1: Zera & Lucy|move: Stealth Rock\n|move|p1a: Komala|Yawn|p2a: Smeargle\n|-start|p2a: Smeargle|move: Yawn|[of] p1a: Komala\n|\n|upkeep\n|turn|2\n|\n|t:|1700418243\n|move|p2a: Smeargle|Memento|p1a: Komala\n|-unboost|p1a: Komala|atk|2\n|-unboost|p1a: Komala|spa|2\n|faint|p2a: Smeargle\n|move|p1a: Komala|Wish|p1a: Komala\n|\n|upkeep\n|\n|t:|1700418251\n|switch|p2a: Haxorus|Haxorus, M|100\/100\n|-ability|p2a: Haxorus|Mold Breaker\n|turn|3\n|\n|t:|1700418257\n|move|p2a: Haxorus|Dual Chop|p1a: Komala\n|-damage|p1a: Komala|63\/100\n|-damage|p1a: Komala|29\/100\n|-hitcount|p1a: Komala|2\n|move|p1a: Komala|Play Rough|p2a: Haxorus|[miss]\n|-miss|p1a: Komala|p2a: Haxorus\n|\n|-heal|p1a: Komala|79\/100|[from] move: Wish|[wisher] Komala\n|upkeep\n|turn|4\n|\n|t:|1700418268\n|switch|p2a: Forretress|Forretress, F|100\/100\n|move|p1a: Komala|Play Rough|p2a: Forretress|[miss]\n|-miss|p1a: Komala|p2a: Forretress\n|\n|upkeep\n|turn|5\n|\n|t:|1700418273\n|move|p1a: Komala|Yawn|p2a: Forretress\n|-start|p2a: Forretress|move: Yawn|[of] p1a: Komala\n|move|p2a: Forretress|Toxic Spikes|p1a: Komala\n|-sidestart|p1: Zera & Lucy|move: Toxic Spikes\n|\n|upkeep\n|turn|6\n|\n|t:|1700418280\n|switch|p1a: Cyclizar|Cyclizar, F|100\/100\n|-damage|p1a: Cyclizar|88\/100|[from] Stealth Rock\n|-status|p1a: Cyclizar|psn\n|move|p2a: Forretress|Body Press|p1a: Cyclizar\n|-supereffective|p1a: Cyclizar\n|-damage|p1a: Cyclizar|4\/100 psn\n|\n|-damage|p1a: Cyclizar|0 fnt|[from] psn\n|faint|p1a: Cyclizar\n|-end|p2a: Forretress|move: Yawn|[silent]\n|-status|p2a: Forretress|slp\n|upkeep\n|\n|t:|1700418292\n|switch|p1a: Komala|Komala, F|79\/100\n|-damage|p1a: Komala|66\/100|[from] Stealth Rock\n|-ability|p1a: Komala|Comatose\n|turn|7\n|\n|t:|1700418298\n|switch|p2a: Aggron|Aggron, M|100\/100\n|move|p1a: Komala|Wish|p1a: Komala\n|\n|upkeep\n|turn|8\n|\n|t:|1700418304\n|switch|p2a: Haxorus|Haxorus, M|100\/100\n|-ability|p2a: Haxorus|Mold Breaker\n|move|p1a: Komala|Yawn|p2a: Haxorus\n|-start|p2a: Haxorus|move: Yawn|[of] p1a: Komala\n|\n|-heal|p1a: Komala|100\/100|[from] move: Wish|[wisher] Komala\n|upkeep\n|turn|9\n|\n|t:|1700418310\n|move|p2a: Haxorus|Dragon Dance|p2a: Haxorus\n|-boost|p2a: Haxorus|atk|1\n|-boost|p2a: Haxorus|spe|1\n|move|p1a: Komala|Wish|p1a: Komala\n|\n|-end|p2a: Haxorus|move: Yawn|[silent]\n|-message|Sleep Clause Mod activated.\n|-hint|Sleep Clause Mod prevents players from putting more than one of their opponent's Pok\u00e9mon to sleep at a time\n|upkeep\n|turn|10\n|\n|t:|1700418316\n|move|p2a: Haxorus|Dual Chop|p1a: Komala|[miss]\n|-miss|p2a: Haxorus|p1a: Komala\n|move|p1a: Komala|Yawn|p2a: Haxorus\n|-start|p2a: Haxorus|move: Yawn|[of] p1a: Komala\n|\n|upkeep\n|turn|11\n|\n|t:|1700418319\n|move|p1a: Komala|Protect|p1a: Komala\n|-singleturn|p1a: Komala|Protect\n|move|p2a: Haxorus|Dual Chop|p1a: Komala\n|-activate|p1a: Komala|move: Protect\n|\n|-end|p2a: Haxorus|move: Yawn|[silent]\n|-message|Sleep Clause Mod activated.\n|-hint|Sleep Clause Mod prevents players from putting more than one of their opponent's Pok\u00e9mon to sleep at a time\n|upkeep\n|turn|12\n|\n|t:|1700418325\n|move|p2a: Haxorus|Dual Chop|p1a: Komala\n|-damage|p1a: Komala|46\/100\n|-crit|p1a: Komala\n|-damage|p1a: Komala|0 fnt\n|faint|p1a: Komala\n|-hitcount|p1: Komala|2\n|\n|upkeep\n|\n|t:|1700418334\n|switch|p1a: Ambipom|Ambipom, F|100\/100\n|-damage|p1a: Ambipom|88\/100|[from] Stealth Rock\n|-status|p1a: Ambipom|psn\n|turn|13\n|\n|t:|1700418340\n|move|p1a: Ambipom|Fake Out|p2a: Haxorus\n|-damage|p2a: Haxorus|58\/100\n|cant|p2a: Haxorus|flinch\n|\n|-damage|p1a: Ambipom|76\/100 psn|[from] psn\n|upkeep\n|turn|14\n|\n|t:|1700418345\n|switch|p1a: Cinccino|Cinccino, M|100\/100\n|-damage|p1a: Cinccino|88\/100|[from] Stealth Rock\n|-status|p1a: Cinccino|psn\n|move|p2a: Haxorus|Dual Chop|p1a: Cinccino\n|-damage|p1a: Cinccino|22\/100 psn\n|-damage|p1a: Cinccino|0 fnt\n|faint|p1a: Cinccino\n|-hitcount|p1: Cinccino|2\n|\n|upkeep\n|\n|t:|1700418353\n|switch|p1a: Ambipom|Ambipom, F|76\/100 psn\n|-damage|p1a: Ambipom|63\/100 psn|[from] Stealth Rock\n|turn|15\n|\n|t:|1700418358\n|switch|p2a: Mimikyu|Mimikyu, M|100\/100\n|move|p1a: Ambipom|Fake Out|p2a: Mimikyu\n|-immune|p2a: Mimikyu\n|\n|-damage|p1a: Ambipom|51\/100 psn|[from] psn\n|upkeep\n|turn|16\n|\n|t:|1700418363\n|move|p1a: Ambipom|Knock Off|p2a: Mimikyu\n|-activate|p2a: Mimikyu|ability: Disguise\n|-damage|p2a: Mimikyu|100\/100\n|-enditem|p2a: Mimikyu|Weakness Policy|[from] move: Knock Off|[of] p1a: Ambipom\n|detailschange|p2a: Mimikyu|Mimikyu-Busted, M\n|-damage|p2a: Mimikyu|88\/100|[from] pokemon: Mimikyu-Busted\n|move|p2a: Mimikyu|Bulk Up|p2a: Mimikyu\n|-boost|p2a: Mimikyu|atk|1\n|-boost|p2a: Mimikyu|def|1\n|\n|-damage|p1a: Ambipom|39\/100 psn|[from] psn\n|upkeep\n|turn|17\n|\n|t:|1700418373\n|move|p1a: Ambipom|Knock Off|p2a: Mimikyu\n|-damage|p2a: Mimikyu|70\/100\n|move|p2a: Mimikyu|Drain Punch|p1a: Ambipom\n|-supereffective|p1a: Ambipom\n|-damage|p1a: Ambipom|0 fnt\n|-heal|p2a: Mimikyu|88\/100|[from] drain|[of] p1a: Ambipom\n|faint|p1a: Ambipom\n|\n|upkeep\n|\n|t:|1700418382\n|switch|p1a: Indeedee|Indeedee, M|100\/100\n|-damage|p1a: Indeedee|88\/100|[from] Stealth Rock\n|-status|p1a: Indeedee|psn\n|-fieldstart|move: Psychic Terrain|[from] ability: Psychic Surge|[of] p1a: Indeedee\n|turn|18\n|\n|t:|1700418389\n|-terastallize|p1a: Indeedee|Psychic\n|move|p1a: Indeedee|Expanding Force|p2a: Mimikyu\n|-crit|p2a: Mimikyu\n|-damage|p2a: Mimikyu|0 fnt\n|faint|p2a: Mimikyu\n|\n|-damage|p1a: Indeedee|76\/100 psn|[from] psn\n|upkeep\n|\n|t:|1700418397\n|switch|p2a: Aggron|Aggron, M|100\/100\n|turn|19\n|\n|t:|1700418401\n|-terastallize|p2a: Aggron|Steel\n|move|p1a: Indeedee|Expanding Force|p2a: Aggron\n|-resisted|p2a: Aggron\n|-damage|p2a: Aggron|26\/100\n|move|p2a: Aggron|Flash Cannon|p1a: Indeedee\n|-damage|p1a: Indeedee|27\/100 psn\n|\n|-damage|p1a: Indeedee|15\/100 psn|[from] psn\n|upkeep\n|turn|20\n|\n|t:|1700418410\n|move|p1a: Indeedee|Expanding Force|p2a: Aggron\n|-resisted|p2a: Aggron\n|-damage|p2a: Aggron|0 fnt\n|faint|p2a: Aggron\n|\n|-damage|p1a: Indeedee|2\/100 psn|[from] psn\n|upkeep\n|\n|t:|1700418415\n|switch|p2a: Beedrill|Beedrill, F|100\/100\n|turn|21\n|\n|t:|1700418418\n|detailschange|p2a: Beedrill|Beedrill-Mega, F\n|-mega|p2a: Beedrill|Beedrill|Beedrillite\n|move|p1a: Indeedee|Expanding Force|p2a: Beedrill\n|-supereffective|p2a: Beedrill\n|-damage|p2a: Beedrill|0 fnt\n|faint|p2a: Beedrill\n|\n|-damage|p1a: Indeedee|0 fnt|[from] psn\n|faint|p1a: Indeedee\n|upkeep\n|\n|t:|1700418425\n|switch|p2a: Forretress|Forretress, F|100\/100 slp\n|switch|p1a: Zoroark|Zoroark-Hisui, M|100\/100\n|-damage|p1a: Zoroark|88\/100|[from] Stealth Rock\n|-status|p1a: Zoroark|psn\n|turn|22\n|\n|t:|1700418435\n|move|p1a: Zoroark|Flamethrower|p2a: Forretress\n|-supereffective|p2a: Forretress\n|-ability|p2a: Forretress|Sturdy\n|-damage|p2a: Forretress|1\/100 slp\n|cant|p2a: Forretress|slp\n|\n|-damage|p1a: Zoroark|76\/100 psn|[from] psn\n|-fieldend|move: Psychic Terrain\n|upkeep\n|turn|23\n|\n|t:|1700418443\n|move|p1a: Zoroark|Flamethrower|p2a: Forretress\n|-supereffective|p2a: Forretress\n|-damage|p2a: Forretress|0 fnt\n|faint|p2a: Forretress\n|\n|-damage|p1a: Zoroark|63\/100 psn|[from] psn\n|upkeep\n|\n|t:|1700418447\n|switch|p2a: Haxorus|Haxorus, M|58\/100\n|-ability|p2a: Haxorus|Mold Breaker\n|turn|24\n|\n|t:|1700418450\n|move|p1a: Zoroark|Flamethrower|p2a: Haxorus\n|-resisted|p2a: Haxorus\n|-damage|p2a: Haxorus|22\/100\n|move|p2a: Haxorus|Dual Chop|p1a: Zoroark\n|-damage|p1a: Zoroark|8\/100 psn\n|-damage|p1a: Zoroark|0 fnt\n|faint|p1a: Zoroark\n|-hitcount|p1: Zoroark|2\n|\n|win|Baume77\n|raw|Zera &amp; Lucy's rating: 1086 &rarr; <strong>1070<\/strong><br \/>(-16 for losing)\n|raw|Baume77's rating: 1189 &rarr; <strong>1207<\/strong><br \/>(+18 for winning)\n","uploadtime":1700418458,"views":5,"p1id":"zeralucy","p2id":"baume77","formatid":"gen9nationaldex","rating":1070,"private":0,"password":""}