{"id":"gen9nationaldex-1988056583","p1":"spoogati","p2":"PlasmaGruntTboltz","format":"[Gen 9] National Dex","log":"|j|\u2606spoogati\n|j|\u2606PlasmaGruntTboltz\n|t:|1699664219\n|gametype|singles\n|player|p1|spoogati|ingo|1612\n|player|p2|PlasmaGruntTboltz|guzma|1696\n|teamsize|p1|6\n|teamsize|p2|6\n|gen|9\n|tier|[Gen 9] National Dex\n|rated|\n|rule|HP Percentage Mod: HP is shown in percentages\n|rule|Endless Battle Clause: Forcing endless battles is banned\n|rule|OHKO Clause: OHKO moves are banned\n|rule|Evasion Clause: Evasion abilities, items, and moves are banned\n|rule|Evasion Abilities Clause: Evasion abilities are banned\n|rule|Evasion Items Clause: Evasion items are banned\n|rule|Evasion Moves Clause: Evasion moves are banned\n|rule|Species Clause: Limit one of each Pok\u00e9mon\n|rule|Sleep Clause Mod: Limit one foe put to sleep\n|clearpoke\n|poke|p1|Weavile, F|\n|poke|p1|Lopunny, M|\n|poke|p1|Iron Treads|\n|poke|p1|Ceruledge, F|\n|poke|p1|Alomomola, M|\n|poke|p1|Xurkitree|\n|poke|p2|Haxorus, M|\n|poke|p2|Hatterene, F|\n|poke|p2|Ogerpon-Cornerstone, F|\n|poke|p2|Aegislash, M|\n|poke|p2|Urshifu-*, M|\n|poke|p2|Charizard, M|\n|teampreview\n|inactive|Battle timer is ON: inactive players will automatically lose when time's up. (requested by PlasmaGruntTboltz)\n|\n|t:|1699664228\n|start\n|switch|p1a: Lopunny|Lopunny, M|100\/100\n|switch|p2a: Urshifu|Urshifu-Rapid-Strike, M|100\/100\n|turn|1\n|\n|t:|1699664230\n|detailschange|p1a: Lopunny|Lopunny-Mega, M\n|-mega|p1a: Lopunny|Lopunny|Lopunnite\n|move|p1a: Lopunny|Fake Out|p2a: Urshifu\n|-crit|p2a: Urshifu\n|-damage|p2a: Urshifu|69\/100\n|cant|p2a: Urshifu|flinch\n|\n|upkeep\n|turn|2\n|\n|t:|1699664234\n|switch|p1a: Alomomola|Alomomola, M|100\/100\n|move|p2a: Urshifu|Close Combat|p1a: Alomomola\n|-damage|p1a: Alomomola|70\/100\n|-unboost|p2a: Urshifu|def|1\n|-unboost|p2a: Urshifu|spd|1\n|\n|-heal|p1a: Alomomola|76\/100|[from] item: Leftovers\n|upkeep\n|turn|3\n|\n|t:|1699664238\n|switch|p2a: Hatterene|Hatterene, F|100\/100\n|move|p1a: Alomomola|Flip Turn|p2a: Hatterene\n|-damage|p2a: Hatterene|87\/100\n|\n|t:|1699664246\n|switch|p1a: Lopunny|Lopunny-Mega, M|100\/100|[from] Flip Turn\n|\n|-heal|p2a: Hatterene|94\/100|[from] item: Leftovers\n|upkeep\n|turn|4\n|\n|t:|1699664248\n|move|p1a: Lopunny|Fake Out|p2a: Hatterene\n|-damage|p2a: Hatterene|74\/100\n|cant|p2a: Hatterene|flinch\n|\n|-heal|p2a: Hatterene|80\/100|[from] item: Leftovers\n|upkeep\n|turn|5\n|\n|t:|1699664250\n|move|p1a: Lopunny|U-turn|p2a: Hatterene\n|-damage|p2a: Hatterene|59\/100\n|\n|t:|1699664255\n|switch|p1a: Alomomola|Alomomola, M|100\/100|[from] U-turn\n|move|p2a: Hatterene|Draining Kiss|p1a: Alomomola\n|-damage|p1a: Alomomola|72\/100\n|-heal|p2a: Hatterene|97\/100|[from] drain|[of] p1a: Alomomola\n|\n|-heal|p1a: Alomomola|78\/100|[from] item: Leftovers\n|-heal|p2a: Hatterene|100\/100|[from] item: Leftovers\n|upkeep\n|turn|6\n|c|\u2606PlasmaGruntTboltz|....\n|c|\u2606PlasmaGruntTboltz|JUST USE IRON THORNS BRUH\n|c|\u2606PlasmaGruntTboltz|Threads*\n|\n|t:|1699664280\n|move|p1a: Alomomola|Flip Turn|p2a: Hatterene\n|-damage|p2a: Hatterene|87\/100\n|c|\u2606spoogati|nuh\n|\n|t:|1699664291\n|switch|p1a: Xurkitree|Xurkitree|100\/100|[from] Flip Turn\n|move|p2a: Hatterene|Calm Mind|p2a: Hatterene\n|-boost|p2a: Hatterene|spa|1\n|-boost|p2a: Hatterene|spd|1\n|\n|-heal|p2a: Hatterene|93\/100|[from] item: Leftovers\n|upkeep\n|turn|7\n|c|\u2606PlasmaGruntTboltz|So\n|c|\u2606PlasmaGruntTboltz|WHY ARE U SPAMMING PIVOT?\n|\n|t:|1699664305\n|move|p1a: Xurkitree|Volt Switch|p2a: Hatterene\n|-damage|p2a: Hatterene|53\/100\n|\n|t:|1699664308\n|switch|p1a: Weavile|Weavile, F|100\/100|[from] Volt Switch\n|move|p2a: Hatterene|Draining Kiss|p1a: Weavile\n|-supereffective|p1a: Weavile\n|-damage|p1a: Weavile|2\/100\n|-heal|p2a: Hatterene|100\/100|[from] drain|[of] p1a: Weavile\n|\n|upkeep\n|turn|8\n|c|\u2606PlasmaGruntTboltz|.....\n|c|\u2606PlasmaGruntTboltz|You lost the brain\n|\n|t:|1699664316\n|move|p1a: Weavile|Knock Off|p2a: Hatterene\n|-damage|p2a: Hatterene|62\/100\n|-enditem|p2a: Hatterene|Leftovers|[from] move: Knock Off|[of] p1a: Weavile\n|move|p2a: Hatterene|Draining Kiss|p1a: Weavile\n|-supereffective|p1a: Weavile\n|-damage|p1a: Weavile|0 fnt\n|-heal|p2a: Hatterene|63\/100|[from] drain|[of] p1a: Weavile\n|faint|p1a: Weavile\n|\n|upkeep\n|c|\u2606spoogati|y u mad\n|\n|t:|1699664320\n|switch|p1a: Lopunny|Lopunny-Mega, M|100\/100\n|turn|9\n|\n|t:|1699664322\n|move|p1a: Lopunny|Fake Out|p2a: Hatterene\n|-damage|p2a: Hatterene|45\/100\n|cant|p2a: Hatterene|flinch\n|\n|upkeep\n|turn|10\n|c|\u2606spoogati|who hurt u\n|\n|t:|1699664329\n|move|p1a: Lopunny|U-turn|p2a: Hatterene\n|-damage|p2a: Hatterene|23\/100\n|c|\u2606PlasmaGruntTboltz|No one\n|\n|t:|1699664333\n|switch|p1a: Iron Treads|Iron Treads|100\/100|[from] U-turn\n|move|p2a: Hatterene|Draining Kiss|p1a: Iron Treads\n|-resisted|p1a: Iron Treads\n|-damage|p1a: Iron Treads|72\/100\n|-heal|p2a: Hatterene|45\/100|[from] drain|[of] p1a: Iron Treads\n|\n|-heal|p1a: Iron Treads|79\/100|[from] item: Leftovers\n|upkeep\n|turn|11\n|c|\u2606PlasmaGruntTboltz|But Im close to hurt your entire team just with Hatt\n|\n|t:|1699664353\n|-terastallize|p2a: Hatterene|Water\n|move|p1a: Iron Treads|Earthquake|p2a: Hatterene\n|-damage|p2a: Hatterene|5\/100\n|move|p2a: Hatterene|Mystical Fire|p1a: Iron Treads\n|-supereffective|p1a: Iron Treads\n|-damage|p1a: Iron Treads|0 fnt\n|faint|p1a: Iron Treads\n|-end|p1a: Iron Treads|Quark Drive|[silent]\n|\n|upkeep\n|\n|t:|1699664362\n|switch|p1a: Xurkitree|Xurkitree|100\/100\n|turn|12\n|c|\u2606PlasmaGruntTboltz|Thought on Iron head\n|\n|t:|1699664369\n|move|p1a: Xurkitree|Thunderbolt|p2a: Hatterene\n|-supereffective|p2a: Hatterene\n|-damage|p2a: Hatterene|0 fnt\n|faint|p2a: Hatterene\n|-ability|p1a: Xurkitree|Beast Boost|boost\n|-boost|p1a: Xurkitree|spa|1\n|\n|upkeep\n|c|\u2606spoogati|lol\n|\n|t:|1699664373\n|switch|p2a: Raiden|Haxorus, M, shiny|100\/100\n|-ability|p2a: Raiden|Mold Breaker\n|turn|13\n|\n|t:|1699664377\n|-terastallize|p1a: Xurkitree|Electric\n|move|p1a: Xurkitree|Thunderbolt|p2a: Raiden\n|-resisted|p2a: Raiden\n|-damage|p2a: Raiden|9\/100\n|move|p2a: Raiden|Dragon Dance|p2a: Raiden\n|-boost|p2a: Raiden|atk|1\n|-boost|p2a: Raiden|spe|1\n|\n|upkeep\n|turn|14\n|\n|t:|1699664380\n|move|p2a: Raiden|Outrage|p1a: Xurkitree\n|-damage|p1a: Xurkitree|0 fnt\n|faint|p1a: Xurkitree\n|\n|upkeep\n|\n|t:|1699664383\n|switch|p1a: Lopunny|Lopunny-Mega, M|100\/100\n|turn|15\n|\n|t:|1699664386\n|move|p1a: Lopunny|Fake Out|p2a: Raiden\n|-damage|p2a: Raiden|0 fnt\n|faint|p2a: Raiden\n|\n|upkeep\n|\n|t:|1699664391\n|switch|p2a: Urshifu|Urshifu-Rapid-Strike, M|69\/100\n|turn|16\n|\n|t:|1699664395\n|switch|p1a: Alomomola|Alomomola, M|100\/100\n|move|p2a: Urshifu|U-turn|p1a: Alomomola\n|-damage|p1a: Alomomola|88\/100\n|\n|t:|1699664397\n|switch|p2a: Charizard|Charizard, M|100\/100|[from] U-turn\n|\n|-heal|p1a: Alomomola|94\/100|[from] item: Leftovers\n|upkeep\n|turn|17\n|\n|t:|1699664399\n|detailschange|p2a: Charizard|Charizard-Mega-Y, M\n|-mega|p2a: Charizard|Charizard|Charizardite Y\n|-weather|SunnyDay|[from] ability: Drought|[of] p2a: Charizard\n|move|p2a: Charizard|Solar Beam||[still]\n|-prepare|p2a: Charizard|Solar Beam\n|-anim|p2a: Charizard|Solar Beam|p1a: Alomomola\n|-supereffective|p1a: Alomomola\n|-damage|p1a: Alomomola|0 fnt\n|faint|p1a: Alomomola\n|\n|-weather|SunnyDay|[upkeep]\n|upkeep\n|c|\u2606PlasmaGruntTboltz|Nuh uh\n|\n|t:|1699664409\n|switch|p1a: Lopunny|Lopunny-Mega, M|100\/100\n|turn|18\n|\n|t:|1699664420\n|move|p1a: Lopunny|Fake Out|p2a: Charizard\n|-damage|p2a: Charizard|69\/100\n|cant|p2a: Charizard|flinch\n|\n|-weather|SunnyDay|[upkeep]\n|upkeep\n|turn|19\n|\n|t:|1699664429\n|move|p1a: Lopunny|Close Combat|p2a: Charizard\n|-resisted|p2a: Charizard\n|-damage|p2a: Charizard|21\/100\n|-unboost|p1a: Lopunny|def|1\n|-unboost|p1a: Lopunny|spd|1\n|move|p2a: Charizard|Air Slash|p1a: Lopunny\n|-supereffective|p1a: Lopunny\n|-damage|p1a: Lopunny|0 fnt\n|faint|p1a: Lopunny\n|\n|-weather|SunnyDay|[upkeep]\n|upkeep\n|\n|t:|1699664431\n|switch|p1a: Ceruledge|Ceruledge, F|100\/100\n|turn|20\n|c|\u2606PlasmaGruntTboltz|**Eu sabo muito**\n|\n|t:|1699664440\n|move|p2a: Charizard|Scorching Sands|p1a: Ceruledge\n|-supereffective|p1a: Ceruledge\n|-damage|p1a: Ceruledge|30\/100\n|move|p1a: Ceruledge|Swords Dance|p1a: Ceruledge\n|-boost|p1a: Ceruledge|atk|2\n|\n|-weather|SunnyDay|[upkeep]\n|upkeep\n|turn|21\n|\n|t:|1699664444\n|move|p2a: Charizard|Scorching Sands|p1a: Ceruledge\n|-supereffective|p1a: Ceruledge\n|-damage|p1a: Ceruledge|0 fnt\n|faint|p1a: Ceruledge\n|\n|win|PlasmaGruntTboltz\n|raw|spoogati's rating: 1612 &rarr; <strong>1597<\/strong><br \/>(-15 for losing)\n|raw|PlasmaGruntTboltz's rating: 1696 &rarr; <strong>1711<\/strong><br \/>(+15 for winning)\n|l|\u2606spoogati\n|l|\u2606PlasmaGruntTboltz\n|j|\u2606PlasmaGruntTboltz\n|player|p2|PlasmaGruntTboltz|guzma\n|l|\u2606PlasmaGruntTboltz\n|player|p2|\n|j|\u2606PlasmaGruntTboltz\n|player|p2|PlasmaGruntTboltz|guzma\n","uploadtime":1699664536,"views":4,"p1id":"spoogati","p2id":"plasmagrunttboltz","formatid":"gen9nationaldex","rating":1597,"private":0,"password":""}