{"id":"gen9nationaldex-1992375352","p1":"SouEuMesmo","p2":"DanielGhosts69","format":"[Gen 9] National Dex","log":"|j|\u2606SouEuMesmo\n|j|\u2606DanielGhosts69\n|t:|1700180314\n|gametype|singles\n|player|p1|SouEuMesmo|gambler|\n|player|p2|DanielGhosts69|gambler|\n|teamsize|p1|6\n|teamsize|p2|6\n|gen|9\n|tier|[Gen 9] National Dex\n|rule|HP Percentage Mod: HP is shown in percentages\n|rule|Endless Battle Clause: Forcing endless battles is banned\n|rule|OHKO Clause: OHKO moves are banned\n|rule|Evasion Clause: Evasion abilities, items, and moves are banned\n|rule|Evasion Abilities Clause: Evasion abilities are banned\n|rule|Evasion Items Clause: Evasion items are banned\n|rule|Evasion Moves Clause: Evasion moves are banned\n|rule|Species Clause: Limit one of each Pok\u00e9mon\n|rule|Sleep Clause Mod: Limit one foe put to sleep\n|clearpoke\n|poke|p1|Volcarona, M|\n|poke|p1|Gliscor, F|\n|poke|p1|Blastoise, M|\n|poke|p1|Weavile, M|\n|poke|p1|Sigilyph, F|\n|poke|p1|Gallade, M|\n|poke|p2|Gliscor, M|\n|poke|p2|Snorlax, F|\n|poke|p2|Electivire, F|\n|poke|p2|Greninja-*, M|\n|poke|p2|Grapploct, M|\n|poke|p2|Magmortar, M|\n|teampreview\n|\n|t:|1700180323\n|start\n|switch|p1a: Volcarona|Volcarona, M|100\/100\n|switch|p2a: Gliscor|Gliscor, M, shiny|100\/100\n|turn|1\n|\n|t:|1700180333\n|move|p1a: Volcarona|Quiver Dance|p1a: Volcarona\n|-boost|p1a: Volcarona|spa|1\n|-boost|p1a: Volcarona|spd|1\n|-boost|p1a: Volcarona|spe|1\n|move|p2a: Gliscor|Swords Dance|p2a: Gliscor\n|-boost|p2a: Gliscor|atk|2\n|\n|-status|p2a: Gliscor|tox|[from] item: Toxic Orb\n|upkeep\n|turn|2\n|\n|t:|1700180351\n|move|p1a: Volcarona|Quiver Dance|p1a: Volcarona\n|-boost|p1a: Volcarona|spa|1\n|-boost|p1a: Volcarona|spd|1\n|-boost|p1a: Volcarona|spe|1\n|move|p2a: Gliscor|Facade|p1a: Volcarona\n|-damage|p1a: Volcarona|6\/100\n|\n|-heal|p1a: Volcarona|12\/100|[from] item: Leftovers\n|upkeep\n|turn|3\n|\n|t:|1700180370\n|move|p1a: Volcarona|Fiery Dance|p2a: Gliscor\n|-damage|p2a: Gliscor|1\/100 tox\n|-boost|p1a: Volcarona|spa|1\n|move|p2a: Gliscor|Facade|p1a: Volcarona\n|-damage|p1a: Volcarona|0 fnt\n|faint|p1a: Volcarona\n|\n|-heal|p2a: Gliscor|13\/100 tox|[from] ability: Poison Heal\n|upkeep\n|\n|t:|1700180378\n|switch|p1a: Blastoise|Blastoise, M|100\/100\n|turn|4\n|\n|t:|1700180385\n|move|p1a: Blastoise|Shell Smash|p1a: Blastoise\n|-unboost|p1a: Blastoise|def|1\n|-unboost|p1a: Blastoise|spd|1\n|-boost|p1a: Blastoise|atk|2\n|-boost|p1a: Blastoise|spa|2\n|-boost|p1a: Blastoise|spe|2\n|-enditem|p1a: Blastoise|White Herb\n|-clearnegativeboost|p1a: Blastoise|[silent]\n|move|p2a: Gliscor|Facade|p1a: Blastoise\n|-damage|p1a: Blastoise|25\/100\n|\n|-heal|p2a: Gliscor|26\/100 tox|[from] ability: Poison Heal\n|upkeep\n|turn|5\n|\n|t:|1700180399\n|move|p1a: Blastoise|Aqua Jet|p2a: Gliscor\n|-supereffective|p2a: Gliscor\n|-damage|p2a: Gliscor|0 fnt\n|faint|p2a: Gliscor\n|\n|upkeep\n|\n|t:|1700180405\n|switch|p2a: Greninja|Greninja, M|100\/100\n|turn|6\n|\n|t:|1700180411\n|move|p2a: Greninja|Water Shuriken|p1a: Blastoise\n|-resisted|p1a: Blastoise\n|-damage|p1a: Blastoise|19\/100\n|-resisted|p1a: Blastoise\n|-damage|p1a: Blastoise|14\/100\n|-resisted|p1a: Blastoise\n|-damage|p1a: Blastoise|8\/100\n|-resisted|p1a: Blastoise\n|-damage|p1a: Blastoise|2\/100\n|-resisted|p1a: Blastoise\n|-crit|p1a: Blastoise\n|-damage|p1a: Blastoise|0 fnt\n|faint|p1a: Blastoise\n|-ability|p2a: Greninja|Battle Bond|boost\n|-boost|p2a: Greninja|atk|1\n|-boost|p2a: Greninja|spa|1\n|-boost|p2a: Greninja|spe|1\n|-activate|p2a: Greninja|ability: Battle Bond\n|-hitcount|p1: Blastoise|5\n|\n|upkeep\n|\n|t:|1700180424\n|switch|p1a: Gallade|Gallade, M|100\/100\n|turn|7\n|\n|t:|1700180431\n|move|p2a: Greninja|Water Shuriken|p1a: Gallade\n|-damage|p1a: Gallade|85\/100\n|-damage|p1a: Gallade|69\/100\n|-damage|p1a: Gallade|53\/100\n|-damage|p1a: Gallade|36\/100\n|-hitcount|p1a: Gallade|4\n|move|p1a: Gallade|Drain Punch|p2a: Greninja\n|-supereffective|p2a: Greninja\n|-damage|p2a: Greninja|0 fnt\n|-heal|p1a: Gallade|87\/100|[from] drain|[of] p2a: Greninja\n|faint|p2a: Greninja\n|\n|-heal|p1a: Gallade|93\/100|[from] item: Leftovers\n|upkeep\n|\n|t:|1700180447\n|switch|p2a: Grapploct|Grapploct, M, shiny|100\/100\n|turn|8\n|\n|t:|1700180454\n|move|p1a: Gallade|Swords Dance|p1a: Gallade\n|-boost|p1a: Gallade|atk|2\n|move|p2a: Grapploct|Octolock|p1a: Gallade\n|-start|p1a: Gallade|move: Octolock|[of] p2a: Grapploct\n|\n|-heal|p1a: Gallade|99\/100|[from] item: Leftovers\n|-unboost|p1a: Gallade|def|1\n|-unboost|p1a: Gallade|spd|1\n|upkeep\n|turn|9\n|\n|t:|1700180469\n|move|p1a: Gallade|Psycho Cut|p2a: Grapploct\n|-supereffective|p2a: Grapploct\n|-damage|p2a: Grapploct|0 fnt\n|faint|p2a: Grapploct\n|\n|-heal|p1a: Gallade|100\/100|[from] item: Leftovers\n|-end|p1a: Gallade|Octolock|[partiallytrapped]|[silent]\n|upkeep\n|\n|t:|1700180481\n|switch|p2a: Magmortar|Magmortar, M, shiny|100\/100\n|turn|10\n|\n|t:|1700180491\n|move|p1a: Gallade|Drain Punch|p2a: Magmortar\n|-damage|p2a: Magmortar|0 fnt\n|faint|p2a: Magmortar\n|\n|upkeep\n|\n|t:|1700180497\n|switch|p2a: Electivire|Electivire, F, shiny|100\/100\n|turn|11\n|\n|t:|1700180507\n|switch|p1a: Gliscor|Gliscor, F|100\/100\n|move|p2a: Electivire|Wild Charge|p1a: Gliscor\n|-immune|p1a: Gliscor\n|\n|-status|p1a: Gliscor|tox|[from] item: Toxic Orb\n|upkeep\n|turn|12\n|\n|t:|1700180517\n|move|p1a: Gliscor|Stealth Rock|p2a: Electivire\n|-sidestart|p2: DanielGhosts69|move: Stealth Rock\n|move|p2a: Electivire|Ice Punch|p1a: Gliscor\n|-supereffective|p1a: Gliscor\n|-damage|p1a: Gliscor|0 fnt\n|faint|p1a: Gliscor\n|\n|upkeep\n|\n|t:|1700180524\n|switch|p1a: Gallade|Gallade, M|100\/100\n|turn|13\n|\n|t:|1700180538\n|move|p2a: Electivire|Wild Charge|p1a: Gallade\n|-damage|p1a: Gallade|23\/100\n|-damage|p2a: Electivire|82\/100|[from] Recoil\n|move|p1a: Gallade|Drain Punch|p2a: Electivire\n|-damage|p2a: Electivire|16\/100\n|-heal|p1a: Gallade|57\/100|[from] drain|[of] p2a: Electivire\n|\n|-heal|p1a: Gallade|63\/100|[from] item: Leftovers\n|upkeep\n|turn|14\n|\n|t:|1700180552\n|move|p2a: Electivire|Ice Punch|p1a: Gallade\n|-damage|p1a: Gallade|23\/100\n|move|p1a: Gallade|Drain Punch|p2a: Electivire\n|-damage|p2a: Electivire|0 fnt\n|-heal|p1a: Gallade|31\/100|[from] drain|[of] p2a: Electivire\n|faint|p2a: Electivire\n|\n|-heal|p1a: Gallade|37\/100|[from] item: Leftovers\n|upkeep\n|\n|t:|1700180564\n|switch|p2a: Snorlax|Snorlax, F, shiny|100\/100\n|-damage|p2a: Snorlax|88\/100|[from] Stealth Rock\n|turn|15\n|\n|t:|1700180576\n|move|p1a: Gallade|Drain Punch|p2a: Snorlax\n|-supereffective|p2a: Snorlax\n|-damage|p2a: Snorlax|10\/100\n|-heal|p1a: Gallade|100\/100|[from] drain|[of] p2a: Snorlax\n|move|p2a: Snorlax|Yawn|p1a: Gallade\n|-start|p1a: Gallade|move: Yawn|[of] p2a: Snorlax\n|\n|upkeep\n|turn|16\n|\n|t:|1700180600\n|move|p1a: Gallade|Drain Punch|p2a: Snorlax\n|-supereffective|p2a: Snorlax\n|-damage|p2a: Snorlax|0 fnt\n|faint|p2a: Snorlax\n|\n|win|SouEuMesmo\n|l|\u2606DanielGhosts69\n","uploadtime":1700180609,"views":6,"p1id":"soueumesmo","p2id":"danielghosts69","formatid":"gen9nationaldex","rating":0,"private":0,"password":""}