{"id":"gen9nationaldex-1989282187","p1":"AdvilPills","p2":"Bugmonobestmono","format":"[Gen 9] National Dex","log":"|j|\u2606AdvilPills\n|j|\u2606Bugmonobestmono\n|t:|1699831545\n|gametype|singles\n|player|p1|AdvilPills|102|\n|player|p2|Bugmonobestmono|bugcatcher-gen4dp|\n|teamsize|p1|6\n|teamsize|p2|6\n|gen|9\n|tier|[Gen 9] National Dex\n|rule|HP Percentage Mod: HP is shown in percentages\n|rule|Endless Battle Clause: Forcing endless battles is banned\n|rule|OHKO Clause: OHKO moves are banned\n|rule|Evasion Clause: Evasion abilities, items, and moves are banned\n|rule|Evasion Abilities Clause: Evasion abilities are banned\n|rule|Evasion Items Clause: Evasion items are banned\n|rule|Evasion Moves Clause: Evasion moves are banned\n|rule|Species Clause: Limit one of each Pok\u00e9mon\n|rule|Sleep Clause Mod: Limit one foe put to sleep\n|clearpoke\n|poke|p1|Murkrow, F|\n|poke|p1|Landorus-Therian, M|\n|poke|p1|Heatran, M|\n|poke|p1|Clefable, M|\n|poke|p1|Rillaboom, M|\n|poke|p1|Goodra-Hisui, M|\n|poke|p2|Volcarona, F|\n|poke|p2|Scizor, M|\n|poke|p2|Araquanid, F|\n|poke|p2|Vikavolt, F|\n|poke|p2|Kleavor, F|\n|poke|p2|Buzzwole|\n|teampreview\n|inactive|Battle timer is ON: inactive players will automatically lose when time's up. (requested by Bugmonobestmono)\n|\n|t:|1699831557\n|start\n|switch|p1a: Heatran|Heatran, M|100\/100\n|switch|p2a: Araquanid|Araquanid, F|100\/100\n|turn|1\n|\n|t:|1699831564\n|switch|p1a: Goodra|Goodra-Hisui, M|100\/100\n|move|p2a: Araquanid|Liquidation|p1a: Goodra\n|-resisted|p1a: Goodra\n|-damage|p1a: Goodra|70\/100\n|\n|-heal|p1a: Goodra|76\/100|[from] item: Leftovers\n|upkeep\n|turn|2\n|\n|t:|1699831576\n|switch|p2a: Kleavor|Kleavor, F|100\/100\n|move|p1a: Goodra|Acid Spray|p2a: Kleavor\n|-resisted|p2a: Kleavor\n|-damage|p2a: Kleavor|90\/100\n|-unboost|p2a: Kleavor|spd|2\n|\n|-heal|p1a: Goodra|82\/100|[from] item: Leftovers\n|upkeep\n|turn|3\n|\n|t:|1699831581\n|switch|p1a: Clefable|Clefable, M|100\/100\n|move|p2a: Kleavor|U-turn|p1a: Clefable\n|-resisted|p1a: Clefable\n|-damage|p1a: Clefable|79\/100\n|\n|t:|1699831587\n|switch|p2a: Vikavolt|Vikavolt, F|100\/100|[from] U-turn\n|\n|-heal|p1a: Clefable|85\/100|[from] item: Leftovers\n|upkeep\n|turn|4\n|\n|t:|1699831602\n|move|p1a: Clefable|Stealth Rock|p2a: Vikavolt\n|-sidestart|p2: Bugmonobestmono|move: Stealth Rock\n|move|p2a: Vikavolt|Thunder|p1a: Clefable\n|-damage|p1a: Clefable|0 fnt\n|faint|p1a: Clefable\n|\n|upkeep\n|\n|t:|1699831619\n|switch|p1a: Landorus|Landorus-Therian, M|100\/100\n|-ability|p1a: Landorus|Intimidate|boost\n|-unboost|p2a: Vikavolt|atk|1\n|turn|5\n|\n|t:|1699831625\n|switch|p2a: Volcarona|Volcarona, F|100\/100\n|move|p1a: Landorus|Toxic|p2a: Volcarona\n|-status|p2a: Volcarona|tox\n|\n|-damage|p2a: Volcarona|94\/100 tox|[from] psn\n|upkeep\n|turn|6\n|\n|t:|1699831635\n|switch|p2a: Scizor|Scizor, M|100\/100\n|-damage|p2a: Scizor|88\/100|[from] Stealth Rock\n|switch|p1a: Heatran|Heatran, M|100\/100\n|\n|upkeep\n|turn|7\n|\n|t:|1699831641\n|switch|p2a: Araquanid|Araquanid, F|100\/100\n|-damage|p2a: Araquanid|76\/100|[from] Stealth Rock\n|move|p1a: Heatran|Lava Plume|p2a: Araquanid\n|-damage|p2a: Araquanid|57\/100\n|\n|upkeep\n|turn|8\n|\n|t:|1699831649\n|move|p1a: Heatran|Will-O-Wisp|p2a: Araquanid\n|-immune|p2a: Araquanid|[from] ability: Water Bubble\n|move|p2a: Araquanid|Liquidation|p1a: Heatran\n|-supereffective|p1a: Heatran\n|-damage|p1a: Heatran|0 fnt\n|faint|p1a: Heatran\n|\n|upkeep\n|\n|t:|1699831657\n|switch|p1a: Landorus|Landorus-Therian, M|100\/100\n|-ability|p1a: Landorus|Intimidate|boost\n|-unboost|p2a: Araquanid|atk|1\n|turn|9\n|\n|t:|1699831663\n|move|p1a: Landorus|U-turn|p2a: Araquanid\n|-damage|p2a: Araquanid|27\/100\n|\n|t:|1699831666\n|switch|p1a: Goodra|Goodra-Hisui, M|82\/100|[from] U-turn\n|-zpower|p2a: Araquanid\n|move|p2a: Araquanid|Hydro Vortex|p1a: Goodra|[zeffect]\n|-resisted|p1a: Goodra\n|-damage|p1a: Goodra|43\/100\n|\n|-heal|p1a: Goodra|49\/100|[from] item: Leftovers\n|upkeep\n|turn|10\n|\n|t:|1699831679\n|move|p1a: Goodra|Draco Meteor|p2a: Araquanid\n|-damage|p2a: Araquanid|0 fnt\n|-unboost|p1a: Goodra|spa|2\n|faint|p2a: Araquanid\n|\n|-heal|p1a: Goodra|55\/100|[from] item: Leftovers\n|upkeep\n|\n|t:|1699831684\n|switch|p2a: Buzzwole|Buzzwole|100\/100\n|-damage|p2a: Buzzwole|88\/100|[from] Stealth Rock\n|turn|11\n|\n|t:|1699831689\n|switch|p1a: Landorus|Landorus-Therian, M|100\/100\n|-ability|p1a: Landorus|Intimidate|boost\n|-unboost|p2a: Buzzwole|atk|1\n|move|p2a: Buzzwole|Bulk Up|p2a: Buzzwole\n|-boost|p2a: Buzzwole|atk|1\n|-boost|p2a: Buzzwole|def|1\n|\n|-heal|p2a: Buzzwole|94\/100|[from] item: Leftovers\n|upkeep\n|turn|12\n|\n|t:|1699831696\n|-terastallize|p1a: Landorus|Flying\n|-terastallize|p2a: Buzzwole|Electric\n|move|p1a: Landorus|U-turn|p2a: Buzzwole\n|-damage|p2a: Buzzwole|84\/100\n|\n|t:|1699831701\n|switch|p1a: Rillaboom|Rillaboom, M|100\/100|[from] U-turn\n|-fieldstart|move: Grassy Terrain|[from] ability: Grassy Surge|[of] p1a: Rillaboom\n|-enditem|p1a: Rillaboom|Grassy Seed\n|-boost|p1a: Rillaboom|def|1|[from] item: Grassy Seed\n|move|p2a: Buzzwole|Ice Punch|p1a: Rillaboom\n|-supereffective|p1a: Rillaboom\n|-damage|p1a: Rillaboom|59\/100\n|\n|-heal|p1a: Rillaboom|65\/100|[from] Grassy Terrain\n|-heal|p2a: Buzzwole|90\/100|[from] Grassy Terrain\n|-heal|p2a: Buzzwole|96\/100|[from] item: Leftovers\n|upkeep\n|turn|13\n|\n|t:|1699831709\n|move|p1a: Rillaboom|Wood Hammer|p2a: Buzzwole\n|-damage|p2a: Buzzwole|65\/100\n|-damage|p1a: Rillaboom|52\/100|[from] Recoil\n|move|p2a: Buzzwole|Bulk Up|p2a: Buzzwole\n|-boost|p2a: Buzzwole|atk|1\n|-boost|p2a: Buzzwole|def|1\n|\n|-heal|p1a: Rillaboom|58\/100|[from] Grassy Terrain\n|-heal|p2a: Buzzwole|71\/100|[from] Grassy Terrain\n|-heal|p2a: Buzzwole|77\/100|[from] item: Leftovers\n|upkeep\n|turn|14\n|\n|t:|1699831715\n|move|p1a: Rillaboom|U-turn|p2a: Buzzwole\n|-damage|p2a: Buzzwole|70\/100\n|\n|t:|1699831717\n|switch|p1a: Landorus|Landorus-Therian, M, tera:Flying|100\/100|[from] U-turn\n|-ability|p1a: Landorus|Intimidate|boost\n|-unboost|p2a: Buzzwole|atk|1\n|move|p2a: Buzzwole|Bulk Up|p2a: Buzzwole\n|-boost|p2a: Buzzwole|atk|1\n|-boost|p2a: Buzzwole|def|1\n|\n|-heal|p2a: Buzzwole|76\/100|[from] Grassy Terrain\n|-heal|p2a: Buzzwole|82\/100|[from] item: Leftovers\n|upkeep\n|turn|15\n|\n|t:|1699831722\n|move|p1a: Landorus|Earthquake|p2a: Buzzwole\n|-supereffective|p2a: Buzzwole\n|-damage|p2a: Buzzwole|68\/100\n|move|p2a: Buzzwole|Thunder Punch|p1a: Landorus\n|-supereffective|p1a: Landorus\n|-damage|p1a: Landorus|0 fnt\n|faint|p1a: Landorus\n|-ability|p2a: Buzzwole|Beast Boost|boost\n|-boost|p2a: Buzzwole|atk|1\n|\n|-heal|p2a: Buzzwole|74\/100|[from] Grassy Terrain\n|-heal|p2a: Buzzwole|80\/100|[from] item: Leftovers\n|upkeep\n|-message|AdvilPills forfeited.\n|\n|win|Bugmonobestmono\n|c|\u2606Bugmonobestmono|gg\n|c|\u2606AdvilPills|gg\n|l|\u2606AdvilPills\n","uploadtime":1699831739,"views":10,"p1id":"advilpills","p2id":"bugmonobestmono","formatid":"gen9nationaldex","rating":0,"private":0,"password":""}