{"id":"gen9nationaldex-1993338497","p1":"weiwoduzun\u696a\u7948","p2":"biedianla","format":"[Gen 9] National Dex","log":"|j|\u2606weiwoduzun\u696a\u7948\n|j|\u2606biedianla\n|t:|1700301409\n|gametype|singles\n|player|p1|weiwoduzun\u696a\u7948|266|1563\n|player|p2|biedianla|pokemaniac|1610\n|teamsize|p1|6\n|teamsize|p2|6\n|gen|9\n|tier|[Gen 9] National Dex\n|rated|\n|rule|HP Percentage Mod: HP is shown in percentages\n|rule|Endless Battle Clause: Forcing endless battles is banned\n|rule|OHKO Clause: OHKO moves are banned\n|rule|Evasion Clause: Evasion abilities, items, and moves are banned\n|rule|Evasion Abilities Clause: Evasion abilities are banned\n|rule|Evasion Items Clause: Evasion items are banned\n|rule|Evasion Moves Clause: Evasion moves are banned\n|rule|Species Clause: Limit one of each Pok\u00e9mon\n|rule|Sleep Clause Mod: Limit one foe put to sleep\n|clearpoke\n|poke|p1|Tapu Lele|\n|poke|p1|Armarouge, F|\n|poke|p1|Ceruledge, M|\n|poke|p1|Zapdos|\n|poke|p1|Hatterene, F|\n|poke|p1|Polteageist-Antique|\n|poke|p2|Rillaboom, M|\n|poke|p2|Heatran, M|\n|poke|p2|Medicham, M|\n|poke|p2|Dragonite, M|\n|poke|p2|Tornadus-Therian, M|\n|poke|p2|Alomomola, M|\n|teampreview\n|inactive|Battle timer is ON: inactive players will automatically lose when time's up. (requested by biedianla)\n|\n|t:|1700301418\n|start\n|switch|p1a: Tapu Lele|Tapu Lele|100\/100\n|switch|p2a: Rillaboom|Rillaboom, M|100\/100\n|-fieldstart|move: Psychic Terrain|[from] ability: Psychic Surge|[of] p1a: Tapu Lele\n|-fieldstart|move: Grassy Terrain|[from] ability: Grassy Surge|[of] p2a: Rillaboom\n|turn|1\n|\n|t:|1700301421\n|switch|p1a: Zapdos|Zapdos|100\/100\n|move|p2a: Rillaboom|U-turn|p1a: Zapdos\n|-resisted|p1a: Zapdos\n|-damage|p1a: Zapdos|87\/100\n|-status|p2a: Rillaboom|par|[from] ability: Static|[of] p1a: Zapdos\n|\n|t:|1700301424\n|switch|p2a: Heatran|Heatran, M|100\/100|[from] U-turn\n|\n|upkeep\n|turn|2\n|\n|t:|1700301427\n|switch|p1a: Hatterene|Hatterene, F|100\/100\n|move|p2a: Heatran|Magma Storm|p1a: Hatterene\n|-damage|p1a: Hatterene|77\/100\n|-activate|p1a: Hatterene|move: Magma Storm|[of] p2a: Heatran\n|\n|-heal|p1a: Hatterene|83\/100|[from] Grassy Terrain\n|-damage|p1a: Hatterene|71\/100|[from] move: Magma Storm|[partiallytrapped]\n|upkeep\n|turn|3\n|\n|t:|1700301433\n|move|p2a: Heatran|Magma Storm|p1a: Hatterene|[miss]\n|-miss|p2a: Heatran|p1a: Hatterene\n|move|p1a: Hatterene|Nuzzle|p2a: Heatran\n|-damage|p2a: Heatran|97\/100\n|-status|p2a: Heatran|par\n|\n|-heal|p2a: Heatran|100\/100 par|[from] Grassy Terrain\n|-heal|p1a: Hatterene|77\/100|[from] Grassy Terrain\n|-damage|p1a: Hatterene|64\/100|[from] move: Magma Storm|[partiallytrapped]\n|upkeep\n|turn|4\n|\n|t:|1700301440\n|cant|p2a: Heatran|par\n|move|p1a: Hatterene|Expanding Force|p2a: Heatran\n|-resisted|p2a: Heatran\n|-damage|p2a: Heatran|89\/100 par\n|\n|-heal|p2a: Heatran|96\/100 par|[from] Grassy Terrain\n|-heal|p2a: Heatran|100\/100 par|[from] item: Leftovers\n|-heal|p1a: Hatterene|70\/100|[from] Grassy Terrain\n|-damage|p1a: Hatterene|58\/100|[from] move: Magma Storm|[partiallytrapped]\n|upkeep\n|turn|5\n|\n|t:|1700301446\n|cant|p2a: Heatran|par\n|move|p1a: Hatterene|Expanding Force|p2a: Heatran\n|-resisted|p2a: Heatran\n|-damage|p2a: Heatran|89\/100 par\n|\n|-heal|p2a: Heatran|95\/100 par|[from] Grassy Terrain\n|-heal|p2a: Heatran|100\/100 par|[from] item: Leftovers\n|-heal|p1a: Hatterene|64\/100|[from] Grassy Terrain\n|-damage|p1a: Hatterene|52\/100|[from] move: Magma Storm|[partiallytrapped]\n|-fieldend|move: Grassy Terrain\n|upkeep\n|turn|6\n|\n|t:|1700301450\n|move|p2a: Heatran|Magma Storm|p1a: Hatterene\n|-damage|p1a: Hatterene|29\/100\n|move|p1a: Hatterene|Expanding Force|p2a: Heatran\n|-resisted|p2a: Heatran\n|-damage|p2a: Heatran|89\/100 par\n|\n|-heal|p2a: Heatran|95\/100 par|[from] item: Leftovers\n|-damage|p1a: Hatterene|17\/100|[from] move: Magma Storm|[partiallytrapped]\n|upkeep\n|turn|7\n|\n|t:|1700301456\n|cant|p2a: Heatran|par\n|move|p1a: Hatterene|Expanding Force|p2a: Heatran\n|-resisted|p2a: Heatran\n|-damage|p2a: Heatran|83\/100 par\n|\n|-heal|p2a: Heatran|89\/100 par|[from] item: Leftovers\n|-end|p1a: Hatterene|Magma Storm|[partiallytrapped]\n|upkeep\n|turn|8\n|\n|t:|1700301460\n|move|p2a: Heatran|Magma Storm|p1a: Hatterene\n|-damage|p1a: Hatterene|0 fnt\n|faint|p1a: Hatterene\n|\n|-heal|p2a: Heatran|96\/100 par|[from] item: Leftovers\n|upkeep\n|\n|t:|1700301463\n|switch|p1a: Tapu Lele|Tapu Lele|100\/100\n|-fieldstart|move: Psychic Terrain|[from] ability: Psychic Surge|[of] p1a: Tapu Lele\n|turn|9\n|\n|t:|1700301468\n|switch|p1a: Armarouge|Armarouge, F|100\/100\n|move|p2a: Heatran|Stealth Rock|p1a: Armarouge\n|-sidestart|p1: weiwoduzun\u696a\u7948|move: Stealth Rock\n|\n|-heal|p2a: Heatran|100\/100 par|[from] item: Leftovers\n|upkeep\n|turn|10\n|\n|t:|1700301470\n|move|p1a: Armarouge|Aura Sphere|p2a: Heatran\n|-supereffective|p2a: Heatran\n|-damage|p2a: Heatran|67\/100 par\n|move|p2a: Heatran|Earth Power|p1a: Armarouge\n|-supereffective|p1a: Armarouge\n|-damage|p1a: Armarouge|33\/100\n|-enditem|p1a: Armarouge|Weakness Policy\n|-boost|p1a: Armarouge|atk|2|[from] item: Weakness Policy\n|-boost|p1a: Armarouge|spa|2|[from] item: Weakness Policy\n|\n|-heal|p2a: Heatran|73\/100 par|[from] item: Leftovers\n|upkeep\n|turn|11\n|\n|t:|1700301474\n|move|p1a: Armarouge|Aura Sphere|p2a: Heatran\n|-supereffective|p2a: Heatran\n|-damage|p2a: Heatran|10\/100 par\n|cant|p2a: Heatran|par\n|\n|-heal|p2a: Heatran|16\/100 par|[from] item: Leftovers\n|upkeep\n|turn|12\n|\n|t:|1700301478\n|move|p1a: Armarouge|Aura Sphere|p2a: Heatran\n|-supereffective|p2a: Heatran\n|-damage|p2a: Heatran|0 fnt\n|faint|p2a: Heatran\n|\n|upkeep\n|\n|t:|1700301480\n|switch|p2a: Rillaboom|Rillaboom, M|100\/100 par\n|-fieldstart|move: Grassy Terrain|[from] ability: Grassy Surge|[of] p2a: Rillaboom\n|turn|13\n|\n|t:|1700301484\n|-terastallize|p2a: Rillaboom|Grass\n|cant|p2a: Rillaboom|par\n|move|p1a: Armarouge|Armor Cannon|p2a: Rillaboom\n|-supereffective|p2a: Rillaboom\n|-damage|p2a: Rillaboom|0 fnt\n|-unboost|p1a: Armarouge|def|1\n|-unboost|p1a: Armarouge|spd|1\n|faint|p2a: Rillaboom\n|\n|-heal|p1a: Armarouge|39\/100|[from] Grassy Terrain\n|upkeep\n|\n|t:|1700301489\n|switch|p2a: Medicham|Medicham, M|100\/100\n|turn|14\n|\n|t:|1700301491\n|detailschange|p2a: Medicham|Medicham-Mega, M\n|-mega|p2a: Medicham|Medicham|Medichamite\n|move|p1a: Armarouge|Endure|p1a: Armarouge\n|-singleturn|p1a: Armarouge|move: Endure\n|move|p2a: Medicham|Fake Out|p1a: Armarouge\n|-damage|p1a: Armarouge|1\/100\n|-ability|p1a: Armarouge|Weak Armor|boost\n|-unboost|p1a: Armarouge|def|1\n|-boost|p1a: Armarouge|spe|2\n|\n|-heal|p1a: Armarouge|8\/100|[from] Grassy Terrain\n|upkeep\n|turn|15\n|\n|t:|1700301498\n|move|p2a: Medicham|Bullet Punch|p1a: Armarouge\n|-resisted|p1a: Armarouge\n|-damage|p1a: Armarouge|0 fnt\n|faint|p1a: Armarouge\n|\n|upkeep\n|\n|t:|1700301501\n|switch|p1a: Zapdos|Zapdos|87\/100\n|turn|16\n|\n|t:|1700301504\n|move|p2a: Medicham|Zen Headbutt|p1a: Zapdos\n|-damage|p1a: Zapdos|39\/100\n|-status|p2a: Medicham|par|[from] ability: Static|[of] p1a: Zapdos\n|move|p1a: Zapdos|Defog|p2a: Medicham\n|-unboost|p2a: Medicham|evasion|1\n|-sideend|p1: weiwoduzun\u696a\u7948|Stealth Rock|[from] move: Defog|[of] p1a: Zapdos\n|-fieldend|move: Grassy Terrain\n|\n|upkeep\n|turn|17\n|\n|t:|1700301511\n|move|p1a: Zapdos|Hurricane|p2a: Medicham\n|-supereffective|p2a: Medicham\n|-damage|p2a: Medicham|0 fnt\n|faint|p2a: Medicham\n|\n|upkeep\n|\n|t:|1700301515\n|switch|p2a: Dragonite|Dragonite, M, shiny|100\/100\n|turn|18\n|\n|t:|1700301519\n|move|p2a: Dragonite|Dragon Dance|p2a: Dragonite\n|-boost|p2a: Dragonite|atk|1\n|-boost|p2a: Dragonite|spe|1\n|move|p1a: Zapdos|Volt Switch|p2a: Dragonite\n|-damage|p2a: Dragonite|86\/100\n|\n|t:|1700301521\n|switch|p1a: Tapu Lele|Tapu Lele|100\/100|[from] Volt Switch\n|-fieldstart|move: Psychic Terrain|[from] ability: Psychic Surge|[of] p1a: Tapu Lele\n|\n|upkeep\n|turn|19\n|\n|t:|1700301526\n|move|p2a: Dragonite|Earthquake|p1a: Tapu Lele\n|-damage|p1a: Tapu Lele|11\/100\n|move|p1a: Tapu Lele|Moonblast|p2a: Dragonite\n|-supereffective|p2a: Dragonite\n|-damage|p2a: Dragonite|0 fnt\n|faint|p2a: Dragonite\n|\n|upkeep\n|\n|t:|1700301530\n|switch|p2a: Tornadus|Tornadus-Therian, M, shiny|100\/100\n|turn|20\n|\n|t:|1700301536\n|move|p2a: Tornadus|Defog|p1a: Tapu Lele\n|-unboost|p1a: Tapu Lele|evasion|1\n|-fieldend|move: Psychic Terrain\n|move|p1a: Tapu Lele|Future Sight|p2a: Tornadus\n|-start|p1a: Tapu Lele|move: Future Sight\n|\n|upkeep\n|turn|21\n|\n|t:|1700301540\n|switch|p1a: Zapdos|Zapdos|39\/100\n|move|p2a: Tornadus|U-turn|p1a: Zapdos\n|-resisted|p1a: Zapdos\n|-damage|p1a: Zapdos|33\/100\n|-message|biedianla forfeited.\n|\n|win|weiwoduzun\u696a\u7948\n|raw|weiwoduzun\u696a\u7948's rating: 1563 &rarr; <strong>1586<\/strong><br \/>(+23 for winning)\n|raw|biedianla's rating: 1610 &rarr; <strong>1587<\/strong><br \/>(-23 for losing)\n|l|\u2606biedianla\n","uploadtime":1700301551,"views":6,"p1id":"weiwoduzun","p2id":"biedianla","formatid":"gen9nationaldex","rating":1586,"private":0,"password":""}