{"id":"gen9nationaldex-1995163501","p1":"Malexrocks","p2":"Id00d00onurmum","format":"[Gen 9] National Dex","log":"|html|<div class=\"broadcast-blue\"><strong>[Gen 9] National Dex is currently suspecting Sneasler! For information on how to participate check out the <a href=\"https:\/\/www.smogon.com\/forums\/threads\/sv-national-dex-suspect-8-just-dance.3731534\/\">suspect thread<\/a>.<\/strong><\/div>\n|j|\u2606Malexrocks\n|j|\u2606Id00d00onurmum\n|t:|1700529680\n|gametype|singles\n|player|p1|Malexrocks|1|1378\n|player|p2|Id00d00onurmum|unknown|1318\n|teamsize|p1|6\n|teamsize|p2|6\n|gen|9\n|tier|[Gen 9] National Dex\n|rated|\n|rule|HP Percentage Mod: HP is shown in percentages\n|rule|Endless Battle Clause: Forcing endless battles is banned\n|rule|OHKO Clause: OHKO moves are banned\n|rule|Evasion Clause: Evasion abilities, items, and moves are banned\n|rule|Evasion Abilities Clause: Evasion abilities are banned\n|rule|Evasion Items Clause: Evasion items are banned\n|rule|Evasion Moves Clause: Evasion moves are banned\n|rule|Species Clause: Limit one of each Pok\u00e9mon\n|rule|Sleep Clause Mod: Limit one foe put to sleep\n|clearpoke\n|poke|p1|Galvantula, M|\n|poke|p1|Yanmega, F|\n|poke|p1|Urshifu-*, M|\n|poke|p1|Landorus-Therian, M|\n|poke|p1|Charizard, F|\n|poke|p1|Brambleghast, F|\n|poke|p2|Torkoal, F|\n|poke|p2|Charizard, F|\n|poke|p2|Venusaur, M|\n|poke|p2|Sandy Shocks|\n|poke|p2|Heatran, M|\n|poke|p2|Great Tusk|\n|teampreview\n|\n|t:|1700529686\n|start\n|switch|p1a: Galvantula|Galvantula, M|100\/100\n|switch|p2a: Torkoal|Torkoal, F|100\/100\n|-weather|SunnyDay|[from] ability: Drought|[of] p2a: Torkoal\n|turn|1\n|\n|t:|1700529690\n|move|p1a: Galvantula|Sticky Web|p2a: Torkoal\n|-sidestart|p2: Id00d00onurmum|move: Sticky Web\n|move|p2a: Torkoal|Flamethrower|p1a: Galvantula\n|-supereffective|p1a: Galvantula\n|-enditem|p1a: Galvantula|Focus Sash\n|-damage|p1a: Galvantula|1\/100\n|\n|-weather|SunnyDay|[upkeep]\n|upkeep\n|turn|2\n|l|\u2606Malexrocks\n|player|p1|\n|j|\u2606Malexrocks\n|player|p1|Malexrocks|1\n|\n|t:|1700529706\n|move|p1a: Galvantula|Volt Switch|p2a: Torkoal\n|-damage|p2a: Torkoal|75\/100\n|\n|t:|1700529710\n|switch|p1a: Landorus|Landorus-Therian, M|100\/100|[from] Volt Switch\n|-ability|p1a: Landorus|Intimidate|boost\n|-unboost|p2a: Torkoal|atk|1\n|move|p2a: Torkoal|Rapid Spin|p1a: Landorus\n|-damage|p1a: Landorus|93\/100\n|-boost|p2a: Torkoal|spe|1\n|-sideend|p2: Id00d00onurmum|Sticky Web|[from] move: Rapid Spin|[of] p2a: Torkoal\n|\n|-weather|SunnyDay|[upkeep]\n|-heal|p1a: Landorus|99\/100|[from] item: Leftovers\n|upkeep\n|turn|3\n|\n|t:|1700529717\n|switch|p2a: Charizard|Charizard, F|100\/100\n|move|p1a: Landorus|Stealth Rock|p2a: Charizard\n|-sidestart|p2: Id00d00onurmum|move: Stealth Rock\n|\n|-weather|SunnyDay|[upkeep]\n|-damage|p2a: Charizard|88\/100|[from] ability: Solar Power|[of] p2a: Charizard\n|-heal|p1a: Landorus|100\/100|[from] item: Leftovers\n|upkeep\n|turn|4\n|inactive|Battle timer is ON: inactive players will automatically lose when time's up. (requested by Malexrocks)\n|\n|t:|1700529749\n|switch|p1a: Charizard|Charizard, F|100\/100\n|move|p2a: Charizard|Weather Ball|p1a: Charizard\n|-resisted|p1a: Charizard\n|-damage|p1a: Charizard|27\/100\n|\n|-weather|SunnyDay|[upkeep]\n|-damage|p2a: Charizard|76\/100|[from] ability: Solar Power|[of] p2a: Charizard\n|upkeep\n|turn|5\n|\n|t:|1700529756\n|detailschange|p1a: Charizard|Charizard-Mega-Y, F\n|-mega|p1a: Charizard|Charizard|Charizardite Y\n|move|p2a: Charizard|Weather Ball|p1a: Charizard\n|-resisted|p1a: Charizard\n|-damage|p1a: Charizard|0 fnt\n|faint|p1a: Charizard\n|\n|-weather|SunnyDay|[upkeep]\n|-damage|p2a: Charizard|63\/100|[from] ability: Solar Power|[of] p2a: Charizard\n|upkeep\n|\n|t:|1700529763\n|switch|p1a: Urshifu|Urshifu-Rapid-Strike, M|100\/100\n|turn|6\n|l|\u2606Malexrocks\n|inactive|Malexrocks disconnected and has a minute to reconnect!\n|player|p1|\n|\n|t:|1700529771\n|-terastallize|p2a: Charizard|Fire\n|move|p2a: Charizard|Weather Ball|p1a: Urshifu\n|-resisted|p1a: Urshifu\n|-damage|p1a: Urshifu|0 fnt\n|faint|p1a: Urshifu\n|\n|-weather|SunnyDay|[upkeep]\n|-damage|p2a: Charizard|51\/100|[from] ability: Solar Power|[of] p2a: Charizard\n|upkeep\n|j|\u2606Malexrocks\n|inactive|Malexrocks reconnected and has 130 seconds left.\n|player|p1|Malexrocks|1\n|inactive|Malexrocks has 120 seconds left.\n|l|\u2606Malexrocks\n|inactive|Malexrocks disconnected and has a minute to reconnect!\n|player|p1|\n|inactive|Malexrocks has 30 seconds to reconnect!\n|j|\u2606Malexrocks\n|inactive|Malexrocks reconnected and has 90 seconds left.\n|player|p1|Malexrocks|1\n|\n|t:|1700529838\n|switch|p1a: Galvantula|Galvantula, M|1\/100\n|turn|7\n|\n|t:|1700529841\n|move|p2a: Charizard|Weather Ball|p1a: Galvantula\n|-supereffective|p1a: Galvantula\n|-damage|p1a: Galvantula|0 fnt\n|faint|p1a: Galvantula\n|\n|-weather|SunnyDay|[upkeep]\n|-damage|p2a: Charizard|38\/100|[from] ability: Solar Power|[of] p2a: Charizard\n|upkeep\n|\n|t:|1700529843\n|switch|p1a: Landorus|Landorus-Therian, M|100\/100\n|-ability|p1a: Landorus|Intimidate|boost\n|-unboost|p2a: Charizard|atk|1\n|turn|8\n|\n|t:|1700529847\n|move|p2a: Charizard|Weather Ball|p1a: Landorus\n|-damage|p1a: Landorus|0 fnt\n|faint|p1a: Landorus\n|\n|-weather|none\n|upkeep\n|\n|t:|1700529853\n|switch|p1a: Yanmega|Yanmega, F|100\/100\n|turn|9\n|\n|t:|1700529857\n|switch|p2a: Heatran|Heatran, M|100\/100\n|-damage|p2a: Heatran|88\/100|[from] Stealth Rock\n|move|p1a: Yanmega|Air Slash|p2a: Heatran\n|-resisted|p2a: Heatran\n|-damage|p2a: Heatran|45\/100\n|\n|upkeep\n|turn|10\n|\n|t:|1700529862\n|move|p1a: Yanmega|Air Slash|p2a: Heatran\n|-resisted|p2a: Heatran\n|-damage|p2a: Heatran|2\/100\n|move|p2a: Heatran|Sunny Day|p2a: Heatran\n|-weather|SunnyDay\n|\n|-weather|SunnyDay|[upkeep]\n|upkeep\n|turn|11\n|\n|t:|1700529867\n|move|p1a: Yanmega|Air Slash|p2a: Heatran\n|-resisted|p2a: Heatran\n|-damage|p2a: Heatran|0 fnt\n|faint|p2a: Heatran\n|\n|-weather|SunnyDay|[upkeep]\n|upkeep\n|\n|t:|1700529876\n|switch|p2a: Sandy Shocks|Sandy Shocks|100\/100\n|-damage|p2a: Sandy Shocks|94\/100|[from] Stealth Rock\n|-activate|p2a: Sandy Shocks|ability: Protosynthesis\n|-start|p2a: Sandy Shocks|protosynthesisspa\n|turn|12\n|\n|t:|1700529879\n|move|p2a: Sandy Shocks|Volt Switch|p1a: Yanmega\n|-supereffective|p1a: Yanmega\n|-damage|p1a: Yanmega|0 fnt\n|faint|p1a: Yanmega\n|\n|t:|1700529882\n|-end|p2a: Sandy Shocks|Protosynthesis|[silent]\n|switch|p2a: Great Tusk|Great Tusk|100\/100|[from] Volt Switch\n|-damage|p2a: Great Tusk|98\/100|[from] Stealth Rock\n|-activate|p2a: Great Tusk|ability: Protosynthesis\n|-start|p2a: Great Tusk|protosynthesisatk\n|\n|-weather|SunnyDay|[upkeep]\n|upkeep\n|\n|t:|1700529887\n|switch|p1a: Brambleghast|Brambleghast, F|100\/100\n|turn|13\n|\n|t:|1700529897\n|move|p2a: Great Tusk|Knock Off|p1a: Brambleghast\n|-supereffective|p1a: Brambleghast\n|-damage|p1a: Brambleghast|0 fnt\n|-enditem|p1a: Brambleghast|Life Orb|[from] move: Knock Off|[of] p2a: Great Tusk\n|faint|p1a: Brambleghast\n|\n|win|Id00d00onurmum\n|raw|Malexrocks's rating: 1378 &rarr; <strong>1355<\/strong><br \/>(-23 for losing)\n|raw|Id00d00onurmum's rating: 1318 &rarr; <strong>1341<\/strong><br \/>(+23 for winning)\n|l|\u2606Id00d00onurmum\n","uploadtime":1700529901,"views":3,"p1id":"malexrocks","p2id":"id00d00onurmum","formatid":"gen9nationaldex","rating":1341,"private":0,"password":""}