{"id":"gen9nationaldex-1997180052","p1":"David2013218abc","p2":"zxire","format":"[Gen 9] National Dex","log":"|html|<div class=\"broadcast-blue\"><strong>[Gen 9] National Dex is currently suspecting Sneasler! For information on how to participate check out the <a href=\"https:\/\/www.smogon.com\/forums\/threads\/sv-national-dex-suspect-8-just-dance.3731534\/\">suspect thread<\/a>.<\/strong><\/div>\n|j|\u2606David2013218abc\n|j|\u2606zxire\n|t:|1700772728\n|gametype|singles\n|player|p1|David2013218abc|cheryl|1299\n|player|p2|zxire|169|1191\n|teamsize|p1|6\n|teamsize|p2|6\n|gen|9\n|tier|[Gen 9] National Dex\n|rated|\n|rule|HP Percentage Mod: HP is shown in percentages\n|rule|Endless Battle Clause: Forcing endless battles is banned\n|rule|OHKO Clause: OHKO moves are banned\n|rule|Evasion Clause: Evasion abilities, items, and moves are banned\n|rule|Evasion Abilities Clause: Evasion abilities are banned\n|rule|Evasion Items Clause: Evasion items are banned\n|rule|Evasion Moves Clause: Evasion moves are banned\n|rule|Species Clause: Limit one of each Pok\u00e9mon\n|rule|Sleep Clause Mod: Limit one foe put to sleep\n|clearpoke\n|poke|p1|Entei|\n|poke|p1|Venusaur, M|\n|poke|p1|Jellicent, M|\n|poke|p1|Espeon, M|\n|poke|p1|Clefable, F|\n|poke|p1|Swellow, F|\n|poke|p2|Weavile, F|\n|poke|p2|Espeon, M|\n|poke|p2|Lopunny, F|\n|poke|p2|Garchomp, M|\n|poke|p2|Gyarados, F|\n|poke|p2|Clefable, F|\n|teampreview\n|inactive|Battle timer is ON: inactive players will automatically lose when time's up. (requested by David2013218abc)\n|\n|t:|1700772742\n|start\n|switch|p1a: \u756a\u85af\u5148\u751f|Jellicent, M|100\/100\n|switch|p2a: Espeon|Espeon, M|100\/100\n|turn|1\n|\n|t:|1700772757\n|-terastallize|p2a: Espeon|Psychic\n|move|p2a: Espeon|Shadow Ball|p1a: \u756a\u85af\u5148\u751f\n|-supereffective|p1a: \u756a\u85af\u5148\u751f\n|-damage|p1a: \u756a\u85af\u5148\u751f|28\/100\n|move|p1a: \u756a\u85af\u5148\u751f|Water Spout|p2a: Espeon\n|-damage|p2a: Espeon|84\/100\n|\n|upkeep\n|turn|2\n|\n|t:|1700772767\n|switch|p1a: Mega\u6bd4\u96d5\u4e0d\u4f1a\u7206\u97f3\u6ce2\uff01|Swellow, F|100\/100\n|move|p2a: Espeon|Shadow Ball|p1a: Mega\u6bd4\u96d5\u4e0d\u4f1a\u7206\u97f3\u6ce2\uff01\n|-immune|p1a: Mega\u6bd4\u96d5\u4e0d\u4f1a\u7206\u97f3\u6ce2\uff01\n|\n|upkeep\n|turn|3\n|\n|t:|1700772774\n|switch|p2a: Garchomp|Garchomp, M|100\/100\n|-terastallize|p1a: Mega\u6bd4\u96d5\u4e0d\u4f1a\u7206\u97f3\u6ce2\uff01|Normal\n|move|p1a: Mega\u6bd4\u96d5\u4e0d\u4f1a\u7206\u97f3\u6ce2\uff01|Boomburst|p2a: Garchomp\n|-damage|p2a: Garchomp|0 fnt\n|faint|p2a: Garchomp\n|\n|upkeep\n|\n|t:|1700772791\n|switch|p2a: Weavile|Weavile, F|100\/100\n|-ability|p2a: Weavile|Pressure\n|turn|4\n|\n|t:|1700772795\n|move|p2a: Weavile|Triple Axel|p1a: Mega\u6bd4\u96d5\u4e0d\u4f1a\u7206\u97f3\u6ce2\uff01\n|-damage|p1a: Mega\u6bd4\u96d5\u4e0d\u4f1a\u7206\u97f3\u6ce2\uff01|80\/100\n|-damage|p1a: Mega\u6bd4\u96d5\u4e0d\u4f1a\u7206\u97f3\u6ce2\uff01|40\/100\n|-damage|p1a: Mega\u6bd4\u96d5\u4e0d\u4f1a\u7206\u97f3\u6ce2\uff01|0 fnt\n|faint|p1a: Mega\u6bd4\u96d5\u4e0d\u4f1a\u7206\u97f3\u6ce2\uff01\n|-hitcount|p1: Mega\u6bd4\u96d5\u4e0d\u4f1a\u7206\u97f3\u6ce2\uff01|3\n|\n|upkeep\n|\n|t:|1700772807\n|switch|p1a: \u8349\u7cfb\u5927\u54e5|Venusaur, M, shiny|100\/100\n|turn|5\n|l|\u2606zxire\n|inactive|zxire disconnected and has a minute to reconnect!\n|player|p2|\n|inactive|zxire has 30 seconds to reconnect!\n|inactive|zxire has 20 seconds to reconnect!\n|inactive|zxire has 15 seconds to reconnect!\n|inactive|zxire has 10 seconds to reconnect!\n|inactive|zxire has 5 seconds to reconnect!\n|j|\u2606zxire\n|inactive|zxire reconnected and has 75 seconds left.\n|player|p2|zxire|169\n|\n|t:|1700772887\n|detailschange|p1a: \u8349\u7cfb\u5927\u54e5|Venusaur-Mega, M, shiny\n|-mega|p1a: \u8349\u7cfb\u5927\u54e5|Venusaur|Venusaurite\n|move|p2a: Weavile|Triple Axel|p1a: \u8349\u7cfb\u5927\u54e5\n|-supereffective|p1a: \u8349\u7cfb\u5927\u54e5\n|-damage|p1a: \u8349\u7cfb\u5927\u54e5|92\/100\n|-supereffective|p1a: \u8349\u7cfb\u5927\u54e5\n|-damage|p1a: \u8349\u7cfb\u5927\u54e5|77\/100\n|-supereffective|p1a: \u8349\u7cfb\u5927\u54e5\n|-damage|p1a: \u8349\u7cfb\u5927\u54e5|54\/100\n|-hitcount|p1a: \u8349\u7cfb\u5927\u54e5|3\n|move|p1a: \u8349\u7cfb\u5927\u54e5|Sludge Bomb|p2a: Weavile\n|-damage|p2a: Weavile|52\/100\n|\n|upkeep\n|turn|6\n|\n|t:|1700772902\n|move|p2a: Weavile|Swords Dance|p2a: Weavile\n|-boost|p2a: Weavile|atk|2\n|move|p1a: \u8349\u7cfb\u5927\u54e5|Giga Drain|p2a: Weavile\n|-damage|p2a: Weavile|7\/100\n|-heal|p1a: \u8349\u7cfb\u5927\u54e5|72\/100|[from] drain|[of] p2a: Weavile\n|\n|upkeep\n|turn|7\n|\n|t:|1700772910\n|move|p2a: Weavile|Knock Off|p1a: \u8349\u7cfb\u5927\u54e5\n|-damage|p1a: \u8349\u7cfb\u5927\u54e5|29\/100\n|move|p1a: \u8349\u7cfb\u5927\u54e5|Sludge Bomb|p2a: Weavile\n|-damage|p2a: Weavile|0 fnt\n|faint|p2a: Weavile\n|\n|upkeep\n|\n|t:|1700772917\n|switch|p2a: Espeon|Espeon, M, tera:Psychic|84\/100\n|turn|8\n|\n|t:|1700772923\n|switch|p1a: \u8349\u8393\u86cb\u7cd5|Clefable, F|100\/100\n|move|p2a: Espeon|Psychic|p1a: \u8349\u8393\u86cb\u7cd5\n|-damage|p1a: \u8349\u8393\u86cb\u7cd5|18\/100\n|\n|upkeep\n|turn|9\n|inactive|zxire has 90 seconds left.\n|\n|t:|1700772933\n|move|p2a: Espeon|Psychic|p1a: \u8349\u8393\u86cb\u7cd5\n|-damage|p1a: \u8349\u8393\u86cb\u7cd5|0 fnt\n|faint|p1a: \u8349\u8393\u86cb\u7cd5\n|\n|upkeep\n|\n|t:|1700772939\n|switch|p1a: \u4e3a\u4ec0\u4e48\u4e0d\u662fou\uff1f|Espeon, M|100\/100\n|turn|10\n|\n|t:|1700772944\n|move|p1a: \u4e3a\u4ec0\u4e48\u4e0d\u662fou\uff1f|Shadow Ball|p2a: Espeon\n|-supereffective|p2a: Espeon\n|-damage|p2a: Espeon|13\/100\n|-unboost|p2a: Espeon|spd|1\n|move|p2a: Espeon|Psychic|p1a: \u4e3a\u4ec0\u4e48\u4e0d\u662fou\uff1f\n|-resisted|p1a: \u4e3a\u4ec0\u4e48\u4e0d\u662fou\uff1f\n|-damage|p1a: \u4e3a\u4ec0\u4e48\u4e0d\u662fou\uff1f|37\/100\n|\n|upkeep\n|turn|11\n|\n|t:|1700772953\n|move|p1a: \u4e3a\u4ec0\u4e48\u4e0d\u662fou\uff1f|Shadow Ball|p2a: Espeon\n|-supereffective|p2a: Espeon\n|-damage|p2a: Espeon|0 fnt\n|faint|p2a: Espeon\n|\n|upkeep\n|\n|t:|1700772957\n|switch|p2a: Lopunny|Lopunny, F|100\/100\n|turn|12\n|\n|t:|1700772961\n|switch|p1a: \u756a\u85af\u5148\u751f|Jellicent, M|28\/100\n|detailschange|p2a: Lopunny|Lopunny-Mega, F\n|-mega|p2a: Lopunny|Lopunny|Lopunnite\n|move|p2a: Lopunny|Fake Out|p1a: \u756a\u85af\u5148\u751f\n|-damage|p1a: \u756a\u85af\u5148\u751f|12\/100\n|-damage|p2a: Lopunny|84\/100|[from] item: Rocky Helmet|[of] p1a: \u756a\u85af\u5148\u751f\n|\n|upkeep\n|turn|13\n|\n|t:|1700772971\n|move|p2a: Lopunny|Return|p1a: \u756a\u85af\u5148\u751f\n|-damage|p1a: \u756a\u85af\u5148\u751f|0 fnt\n|-damage|p2a: Lopunny|67\/100|[from] item: Rocky Helmet|[of] p1a: \u756a\u85af\u5148\u751f\n|faint|p1a: \u756a\u85af\u5148\u751f\n|\n|upkeep\n|\n|t:|1700772978\n|switch|p1a: \u4e3a\u4ec0\u4e48\u4e0d\u662fou\uff1f|Espeon, M|37\/100\n|turn|14\n|\n|t:|1700772984\n|switch|p2a: Clefable|Clefable, F|100\/100\n|move|p1a: \u4e3a\u4ec0\u4e48\u4e0d\u662fou\uff1f|Psychic|p2a: Clefable\n|-damage|p2a: Clefable|56\/100\n|\n|upkeep\n|turn|15\n|\n|t:|1700772991\n|switch|p1a: \u8349\u7cfb\u5927\u54e5|Venusaur-Mega, M, shiny|29\/100\n|move|p2a: Clefable|Moonblast|p1a: \u8349\u7cfb\u5927\u54e5\n|-resisted|p1a: \u8349\u7cfb\u5927\u54e5\n|-damage|p1a: \u8349\u7cfb\u5927\u54e5|16\/100\n|\n|upkeep\n|turn|16\n|\n|t:|1700772998\n|move|p1a: \u8349\u7cfb\u5927\u54e5|Synthesis|p1a: \u8349\u7cfb\u5927\u54e5\n|-heal|p1a: \u8349\u7cfb\u5927\u54e5|66\/100\n|move|p2a: Clefable|Fire Blast|p1a: \u8349\u7cfb\u5927\u54e5\n|-supereffective|p1a: \u8349\u7cfb\u5927\u54e5\n|-damage|p1a: \u8349\u7cfb\u5927\u54e5|44\/100\n|-status|p1a: \u8349\u7cfb\u5927\u54e5|brn\n|\n|-damage|p1a: \u8349\u7cfb\u5927\u54e5|38\/100 brn|[from] brn\n|upkeep\n|turn|17\n|\n|t:|1700773010\n|switch|p2a: Gyarados|Gyarados, F|100\/100\n|move|p1a: \u8349\u7cfb\u5927\u54e5|Synthesis|p1a: \u8349\u7cfb\u5927\u54e5\n|-heal|p1a: \u8349\u7cfb\u5927\u54e5|88\/100 brn\n|\n|-damage|p1a: \u8349\u7cfb\u5927\u54e5|82\/100 brn|[from] brn\n|upkeep\n|turn|18\n|\n|t:|1700773018\n|move|p2a: Gyarados|Bounce||[still]\n|-prepare|p2a: Gyarados|Bounce\n|move|p1a: \u8349\u7cfb\u5927\u54e5|Leech Seed|p2a: Gyarados|[miss]\n|-miss|p1a: \u8349\u7cfb\u5927\u54e5|p2a: Gyarados\n|\n|-damage|p1a: \u8349\u7cfb\u5927\u54e5|76\/100 brn|[from] brn\n|upkeep\n|turn|19\n|\n|t:|1700773025\n|move|p2a: Gyarados|Bounce|p1a: \u8349\u7cfb\u5927\u54e5|[from]lockedmove\n|-supereffective|p1a: \u8349\u7cfb\u5927\u54e5\n|-crit|p1a: \u8349\u7cfb\u5927\u54e5\n|-damage|p1a: \u8349\u7cfb\u5927\u54e5|0 fnt\n|faint|p1a: \u8349\u7cfb\u5927\u54e5\n|-ability|p2a: Gyarados|Moxie|boost\n|-boost|p2a: Gyarados|atk|1\n|\n|upkeep\n|\n|t:|1700773035\n|switch|p1a: \u552f\u4e00\u7687|Entei, shiny|100\/100\n|turn|20\n|\n|t:|1700773040\n|move|p1a: \u552f\u4e00\u7687|Stone Edge|p2a: Gyarados|[miss]\n|-miss|p1a: \u552f\u4e00\u7687|p2a: Gyarados\n|move|p2a: Gyarados|Waterfall|p1a: \u552f\u4e00\u7687\n|-supereffective|p1a: \u552f\u4e00\u7687\n|-damage|p1a: \u552f\u4e00\u7687|0 fnt\n|faint|p1a: \u552f\u4e00\u7687\n|-ability|p2a: Gyarados|Moxie|boost\n|-boost|p2a: Gyarados|atk|1\n|\n|upkeep\n|-message|David2013218abc forfeited.\n|\n|win|zxire\n|raw|David2013218abc's rating: 1299 &rarr; <strong>1266<\/strong><br \/>(-33 for losing)\n|raw|zxire's rating: 1191 &rarr; <strong>1224<\/strong><br \/>(+33 for winning)\n|l|\u2606David2013218abc\n","uploadtime":1700773050,"views":17,"p1id":"david2013218abc","p2id":"zxire","formatid":"gen9nationaldex","rating":1224,"private":0,"password":""}