{"id":"gen9nationaldex-1992889030","p1":"Raseninnegan","p2":"Alabast23t","format":"[Gen 9] National Dex","log":"|j|\u2606Raseninnegan\n|j|\u2606Alabast23t\n|t:|1700244174\n|gametype|singles\n|player|p1|Raseninnegan|265|1187\n|player|p2|Alabast23t|pokemonrangerf|1157\n|teamsize|p1|6\n|teamsize|p2|6\n|gen|9\n|tier|[Gen 9] National Dex\n|rated|\n|rule|HP Percentage Mod: HP is shown in percentages\n|rule|Endless Battle Clause: Forcing endless battles is banned\n|rule|OHKO Clause: OHKO moves are banned\n|rule|Evasion Clause: Evasion abilities, items, and moves are banned\n|rule|Evasion Abilities Clause: Evasion abilities are banned\n|rule|Evasion Items Clause: Evasion items are banned\n|rule|Evasion Moves Clause: Evasion moves are banned\n|rule|Species Clause: Limit one of each Pok\u00e9mon\n|rule|Sleep Clause Mod: Limit one foe put to sleep\n|clearpoke\n|poke|p1|Hawlucha, F|\n|poke|p1|Corviknight, M|\n|poke|p1|Tapu Koko|\n|poke|p1|Electivire, F|\n|poke|p1|Pikachu-Sinnoh, M|\n|poke|p1|Masquerain, F|\n|poke|p2|Gyarados, M|\n|poke|p2|Bewear, M|\n|poke|p2|Omastar, M|\n|poke|p2|Forretress, M|\n|poke|p2|Muk-Alola, F|\n|poke|p2|Froslass, F|\n|teampreview\n|\n|t:|1700244193\n|start\n|switch|p1a: Masquerain|Masquerain, F|100\/100\n|switch|p2a: Forretress|Forretress, M|100\/100\n|-ability|p1a: Masquerain|Intimidate|boost\n|-unboost|p2a: Forretress|atk|1\n|turn|1\n|\n|t:|1700244205\n|move|p1a: Masquerain|Sticky Web|p2a: Forretress\n|-sidestart|p2: Alabast23t|move: Sticky Web\n|move|p2a: Forretress|Stealth Rock|p1a: Masquerain\n|-sidestart|p1: Raseninnegan|move: Stealth Rock\n|\n|upkeep\n|turn|2\n|\n|t:|1700244211\n|switch|p1a: Corviknight|Corviknight, M, shiny|100\/100\n|-damage|p1a: Corviknight|88\/100|[from] Stealth Rock\n|-ability|p1a: Corviknight|Pressure\n|move|p2a: Forretress|Rapid Spin|p1a: Corviknight\n|-resisted|p1a: Corviknight\n|-damage|p1a: Corviknight|86\/100\n|-boost|p2a: Forretress|spe|1\n|-sideend|p2: Alabast23t|Sticky Web|[from] move: Rapid Spin|[of] p2a: Forretress\n|\n|-heal|p1a: Corviknight|92\/100|[from] item: Leftovers\n|upkeep\n|turn|3\n|\n|t:|1700244223\n|switch|p2a: Froslass|Froslass, F|100\/100\n|move|p1a: Corviknight|Iron Defense|p1a: Corviknight\n|-boost|p1a: Corviknight|def|2\n|\n|-heal|p1a: Corviknight|98\/100|[from] item: Leftovers\n|upkeep\n|turn|4\n|\n|t:|1700244231\n|-terastallize|p2a: Froslass|Electric\n|move|p2a: Froslass|Tera Blast|p1a: Corviknight|[anim] Tera Blast Electric\n|-supereffective|p1a: Corviknight\n|-damage|p1a: Corviknight|20\/100\n|move|p1a: Corviknight|Defog|p2a: Froslass\n|-unboost|p2a: Froslass|evasion|1\n|-sideend|p1: Raseninnegan|Stealth Rock|[from] move: Defog|[of] p1a: Corviknight\n|\n|-heal|p1a: Corviknight|26\/100|[from] item: Leftovers\n|upkeep\n|turn|5\n|\n|t:|1700244240\n|switch|p1a: Pikachu|Pikachu-Sinnoh, M|100\/100\n|move|p2a: Froslass|Tera Blast|p1a: Pikachu|[anim] Tera Blast Electric\n|-ability|p1a: Pikachu|Lightning Rod|boost\n|-boost|p1a: Pikachu|spa|1\n|\n|upkeep\n|turn|6\n|\n|t:|1700244251\n|switch|p2a: Muk|Muk-Alola, F|100\/100\n|move|p1a: Pikachu|Volt Tackle|p2a: Muk\n|-damage|p2a: Muk|24\/100\n|-status|p2a: Muk|par\n|-damage|p1a: Pikachu|51\/100|[from] Recoil\n|\n|-heal|p2a: Muk|30\/100 par|[from] item: Black Sludge\n|upkeep\n|turn|7\n|\n|t:|1700244262\n|move|p1a: Pikachu|Volt Switch|p2a: Muk\n|-damage|p2a: Muk|0 fnt\n|faint|p2a: Muk\n|\n|t:|1700244271\n|switch|p1a: Tapu Koko|Tapu Koko, shiny|100\/100|[from] Volt Switch\n|-fieldstart|move: Electric Terrain|[from] ability: Electric Surge|[of] p1a: Tapu Koko\n|\n|upkeep\n|\n|t:|1700244278\n|switch|p2a: Froslass|Froslass, F, tera:Electric|100\/100\n|turn|8\n|\n|t:|1700244296\n|move|p1a: Tapu Koko|Thunderbolt|p2a: Froslass\n|-resisted|p2a: Froslass\n|-damage|p2a: Froslass|37\/100\n|move|p2a: Froslass|Tera Blast|p1a: Tapu Koko|[anim] Tera Blast Electric\n|-resisted|p1a: Tapu Koko\n|-damage|p1a: Tapu Koko|57\/100\n|\n|upkeep\n|turn|9\n|\n|t:|1700244304\n|switch|p2a: Forretress|Forretress, M|100\/100\n|move|p1a: Tapu Koko|Thunderbolt|p2a: Forretress\n|-crit|p2a: Forretress\n|-damage|p2a: Forretress|0 fnt\n|faint|p2a: Forretress\n|\n|upkeep\n|\n|t:|1700244310\n|switch|p2a: Bewear|Bewear, M|100\/100\n|turn|10\n|\n|t:|1700244316\n|move|p1a: Tapu Koko|Thunderbolt|p2a: Bewear\n|-damage|p2a: Bewear|19\/100\n|move|p2a: Bewear|Bulk Up|p2a: Bewear\n|-boost|p2a: Bewear|atk|1\n|-boost|p2a: Bewear|def|1\n|\n|-heal|p2a: Bewear|25\/100|[from] item: Leftovers\n|upkeep\n|turn|11\n|\n|t:|1700244325\n|switch|p1a: Hawlucha|Hawlucha, F|100\/100\n|-enditem|p1a: Hawlucha|Electric Seed\n|-boost|p1a: Hawlucha|def|1|[from] item: Electric Seed\n|move|p2a: Bewear|Earthquake|p1a: Hawlucha\n|-immune|p1a: Hawlucha\n|\n|-heal|p2a: Bewear|32\/100|[from] item: Leftovers\n|-fieldend|move: Electric Terrain\n|upkeep\n|turn|12\n|\n|t:|1700244336\n|move|p1a: Hawlucha|Acrobatics|p2a: Bewear\n|-supereffective|p2a: Bewear\n|-damage|p2a: Bewear|0 fnt\n|faint|p2a: Bewear\n|\n|upkeep\n|\n|t:|1700244344\n|switch|p2a: Omastar|Omastar, M|100\/100\n|turn|13\n|\n|t:|1700244350\n|move|p1a: Hawlucha|Close Combat|p2a: Omastar\n|-supereffective|p2a: Omastar\n|-damage|p2a: Omastar|0 fnt\n|-unboost|p1a: Hawlucha|def|1\n|-unboost|p1a: Hawlucha|spd|1\n|faint|p2a: Omastar\n|\n|upkeep\n|\n|t:|1700244354\n|switch|p2a: Gyarados|Gyarados, M|100\/100\n|-ability|p2a: Gyarados|Intimidate|boost\n|-unboost|p1a: Hawlucha|atk|1\n|turn|14\n|\n|t:|1700244362\n|move|p1a: Hawlucha|Acrobatics|p2a: Gyarados\n|-damage|p2a: Gyarados|56\/100\n|move|p2a: Gyarados|Crunch|p1a: Hawlucha\n|-resisted|p1a: Hawlucha\n|-damage|p1a: Hawlucha|80\/100\n|-unboost|p1a: Hawlucha|def|1\n|\n|upkeep\n|turn|15\n|\n|t:|1700244369\n|move|p1a: Hawlucha|Acrobatics|p2a: Gyarados\n|-damage|p2a: Gyarados|18\/100\n|move|p2a: Gyarados|Dragon Dance|p2a: Gyarados\n|-boost|p2a: Gyarados|atk|1\n|-boost|p2a: Gyarados|spe|1\n|\n|upkeep\n|turn|16\n|\n|t:|1700244377\n|move|p1a: Hawlucha|Acrobatics|p2a: Gyarados\n|-damage|p2a: Gyarados|0 fnt\n|faint|p2a: Gyarados\n|\n|upkeep\n|\n|t:|1700244381\n|switch|p2a: Froslass|Froslass, F, tera:Electric|37\/100\n|turn|17\n|\n|t:|1700244389\n|move|p1a: Hawlucha|Close Combat|p2a: Froslass\n|-damage|p2a: Froslass|0 fnt\n|-unboost|p1a: Hawlucha|def|1\n|-unboost|p1a: Hawlucha|spd|1\n|faint|p2a: Froslass\n|\n|win|Raseninnegan\n|raw|Raseninnegan's rating: 1213 &rarr; <strong>1234<\/strong><br \/>(+21 for winning)\n|raw|Alabast23t's rating: 1157 &rarr; <strong>1136<\/strong><br \/>(-21 for losing)\n|c|\u2606Raseninnegan|gg\n|l|\u2606Alabast23t\n","uploadtime":1700244398,"views":23,"p1id":"raseninnegan","p2id":"alabast23t","formatid":"gen9nationaldex","rating":1136,"private":0,"password":""}