{"id":"gen9nationaldex-1995936786","p1":"Garry97","p2":"xxyyzlu","format":"[Gen 9] National Dex","log":"|html|<div class=\"broadcast-blue\"><strong>[Gen 9] National Dex is currently suspecting Sneasler! For information on how to participate check out the <a href=\"https:\/\/www.smogon.com\/forums\/threads\/sv-national-dex-suspect-8-just-dance.3731534\/\">suspect thread<\/a>.<\/strong><\/div>\n|j|\u2606Garry97\n|j|\u2606xxyyzlu\n|t:|1700619440\n|gametype|singles\n|player|p1|Garry97|eri|1475\n|player|p2|xxyyzlu|101|1470\n|teamsize|p1|6\n|teamsize|p2|6\n|gen|9\n|tier|[Gen 9] National Dex\n|rated|\n|rule|HP Percentage Mod: HP is shown in percentages\n|rule|Endless Battle Clause: Forcing endless battles is banned\n|rule|OHKO Clause: OHKO moves are banned\n|rule|Evasion Clause: Evasion abilities, items, and moves are banned\n|rule|Evasion Abilities Clause: Evasion abilities are banned\n|rule|Evasion Items Clause: Evasion items are banned\n|rule|Evasion Moves Clause: Evasion moves are banned\n|rule|Species Clause: Limit one of each Pok\u00e9mon\n|rule|Sleep Clause Mod: Limit one foe put to sleep\n|clearpoke\n|poke|p1|Rhyperior, M|\n|poke|p1|Venusaur, M|\n|poke|p1|Garchomp, M|\n|poke|p1|Dusknoir, M|\n|poke|p1|Gyarados, M|\n|poke|p1|Houndoom, M|\n|poke|p2|Aegislash, M|\n|poke|p2|Tyranitar, M|\n|poke|p2|Carracosta, F|\n|poke|p2|Sylveon, F|\n|poke|p2|Zapdos|\n|poke|p2|Moltres-Galar|\n|teampreview\n|inactive|Battle timer is ON: inactive players will automatically lose when time's up. (requested by Garry97)\n|\n|t:|1700619452\n|start\n|switch|p1a: Antonio del Rocio|Venusaur, M|100\/100\n|switch|p2a: Sylveon|Sylveon, F|100\/100\n|turn|1\n|\n|t:|1700619464\n|switch|p2a: Moltres|Moltres-Galar|100\/100\n|detailschange|p1a: Antonio del Rocio|Venusaur-Mega, M\n|-mega|p1a: Antonio del Rocio|Venusaur|Venusaurite\n|move|p1a: Antonio del Rocio|Leech Seed|p2a: Moltres\n|-start|p2a: Moltres|move: Leech Seed\n|\n|-damage|p2a: Moltres|88\/100|[from] Leech Seed|[of] p1a: Antonio del Rocio\n|upkeep\n|turn|2\n|\n|t:|1700619474\n|move|p2a: Moltres|Agility|p2a: Moltres\n|-boost|p2a: Moltres|spe|2\n|move|p1a: Antonio del Rocio|Sludge Bomb|p2a: Moltres\n|-damage|p2a: Moltres|59\/100\n|\n|-damage|p2a: Moltres|47\/100|[from] Leech Seed|[of] p1a: Antonio del Rocio\n|upkeep\n|turn|3\n|\n|t:|1700619482\n|move|p2a: Moltres|Hurricane|p1a: Antonio del Rocio\n|-supereffective|p1a: Antonio del Rocio\n|-crit|p1a: Antonio del Rocio\n|-damage|p1a: Antonio del Rocio|31\/100\n|-start|p1a: Antonio del Rocio|confusion\n|-activate|p1a: Antonio del Rocio|confusion\n|-damage|p1a: Antonio del Rocio|25\/100|[from] confusion\n|\n|-damage|p2a: Moltres|34\/100|[from] Leech Seed|[of] p1a: Antonio del Rocio\n|-heal|p1a: Antonio del Rocio|38\/100|[silent]\n|upkeep\n|turn|4\n|\n|t:|1700619500\n|switch|p1a: Horny|Rhyperior, M|100\/100\n|move|p2a: Moltres|Rest|p2a: Moltres\n|-status|p2a: Moltres|slp|[from] move: Rest\n|-heal|p2a: Moltres|100\/100 slp|[silent]\n|-enditem|p2a: Moltres|Chesto Berry|[eat]\n|-curestatus|p2a: Moltres|slp|[msg]\n|\n|-damage|p2a: Moltres|88\/100|[from] Leech Seed|[of] p1a: Horny\n|upkeep\n|turn|5\n|\n|t:|1700619511\n|move|p2a: Moltres|Fiery Wrath|p1a: Horny\n|-damage|p1a: Horny|60\/100\n|move|p1a: Horny|Stealth Rock|p2a: Moltres\n|-sidestart|p2: xxyyzlu|move: Stealth Rock\n|\n|-damage|p2a: Moltres|75\/100|[from] Leech Seed|[of] p1a: Horny\n|-heal|p1a: Horny|71\/100|[silent]\n|upkeep\n|turn|6\n|\n|t:|1700619520\n|move|p2a: Moltres|Fiery Wrath|p1a: Horny\n|-damage|p1a: Horny|29\/100\n|move|p1a: Horny|Stone Edge|p2a: Moltres\n|-supereffective|p2a: Moltres\n|-damage|p2a: Moltres|11\/100\n|-ability|p2a: Moltres|Berserk|boost\n|-boost|p2a: Moltres|spa|1\n|\n|-damage|p2a: Moltres|0 fnt|[from] Leech Seed|[of] p1a: Horny\n|-heal|p1a: Horny|38\/100|[silent]\n|faint|p2a: Moltres\n|upkeep\n|\n|t:|1700619528\n|switch|p2a: Carracosta|Carracosta, F|100\/100\n|-damage|p2a: Carracosta|88\/100|[from] Stealth Rock\n|turn|7\n|\n|t:|1700619542\n|move|p2a: Carracosta|Shell Smash|p2a: Carracosta\n|-unboost|p2a: Carracosta|def|1\n|-unboost|p2a: Carracosta|spd|1\n|-boost|p2a: Carracosta|atk|2\n|-boost|p2a: Carracosta|spa|2\n|-boost|p2a: Carracosta|spe|2\n|-enditem|p2a: Carracosta|White Herb\n|-clearnegativeboost|p2a: Carracosta|[silent]\n|move|p1a: Horny|Earthquake|p2a: Carracosta\n|-supereffective|p2a: Carracosta\n|-damage|p2a: Carracosta|17\/100\n|\n|upkeep\n|turn|8\n|\n|t:|1700619557\n|switch|p1a: Sables|Garchomp, M|100\/100\n|move|p2a: Carracosta|Ice Beam|p1a: Sables\n|-supereffective|p1a: Sables\n|-crit|p1a: Sables\n|-damage|p1a: Sables|0 fnt\n|faint|p1a: Sables\n|\n|upkeep\n|\n|t:|1700619566\n|switch|p1a: El Gusi|Dusknoir, M|100\/100\n|-ability|p1a: El Gusi|Pressure\n|turn|9\n|\n|t:|1700619570\n|move|p1a: El Gusi|Sucker Punch|p2a: Carracosta\n|-damage|p2a: Carracosta|3\/100\n|move|p2a: Carracosta|Hydro Pump|p1a: El Gusi\n|-damage|p1a: El Gusi|26\/100\n|\n|-heal|p1a: El Gusi|32\/100|[from] item: Leftovers\n|upkeep\n|turn|10\n|\n|t:|1700619578\n|move|p1a: El Gusi|Sucker Punch|p2a: Carracosta\n|-damage|p2a: Carracosta|0 fnt\n|faint|p2a: Carracosta\n|\n|-heal|p1a: El Gusi|38\/100|[from] item: Leftovers\n|upkeep\n|\n|t:|1700619581\n|switch|p2a: Sylveon|Sylveon, F|100\/100\n|-damage|p2a: Sylveon|88\/100|[from] Stealth Rock\n|turn|11\n|\n|t:|1700619589\n|switch|p1a: Antonio del Rocio|Venusaur-Mega, M|38\/100\n|move|p2a: Sylveon|Hyper Voice|p1a: Antonio del Rocio\n|-resisted|p1a: Antonio del Rocio\n|-damage|p1a: Antonio del Rocio|19\/100\n|\n|upkeep\n|turn|12\n|inactive|xxyyzlu has 120 seconds left.\n|\n|t:|1700619636\n|-terastallize|p2a: Sylveon|Fairy\n|move|p1a: Antonio del Rocio|Synthesis|p1a: Antonio del Rocio\n|-heal|p1a: Antonio del Rocio|69\/100\n|move|p2a: Sylveon|Calm Mind|p2a: Sylveon\n|-boost|p2a: Sylveon|spa|1\n|-boost|p2a: Sylveon|spd|1\n|\n|upkeep\n|turn|13\n|\n|t:|1700619644\n|move|p1a: Antonio del Rocio|Leech Seed|p2a: Sylveon\n|-start|p2a: Sylveon|move: Leech Seed\n|move|p2a: Sylveon|Mystical Fire|p1a: Antonio del Rocio\n|-supereffective|p1a: Antonio del Rocio\n|-damage|p1a: Antonio del Rocio|43\/100\n|-unboost|p1a: Antonio del Rocio|spa|1\n|\n|-damage|p2a: Sylveon|76\/100|[from] Leech Seed|[of] p1a: Antonio del Rocio\n|-heal|p1a: Antonio del Rocio|56\/100|[silent]\n|upkeep\n|turn|14\n|inactive|xxyyzlu has 120 seconds left.\n|\n|t:|1700619654\n|move|p1a: Antonio del Rocio|Sludge Bomb|p2a: Sylveon\n|-supereffective|p2a: Sylveon\n|-damage|p2a: Sylveon|53\/100\n|move|p2a: Sylveon|Wish|p2a: Sylveon\n|\n|-damage|p2a: Sylveon|40\/100|[from] Leech Seed|[of] p1a: Antonio del Rocio\n|-heal|p1a: Antonio del Rocio|70\/100|[silent]\n|upkeep\n|turn|15\n|\n|t:|1700619662\n|move|p1a: Antonio del Rocio|Sludge Bomb|p2a: Sylveon\n|-supereffective|p2a: Sylveon\n|-damage|p2a: Sylveon|19\/100\n|-status|p2a: Sylveon|psn\n|move|p2a: Sylveon|Calm Mind|p2a: Sylveon\n|-boost|p2a: Sylveon|spa|1\n|-boost|p2a: Sylveon|spd|1\n|\n|-heal|p2a: Sylveon|69\/100 psn|[from] move: Wish|[wisher] Sylveon\n|-damage|p2a: Sylveon|56\/100 psn|[from] Leech Seed|[of] p1a: Antonio del Rocio\n|-heal|p1a: Antonio del Rocio|83\/100|[silent]\n|-damage|p2a: Sylveon|44\/100 psn|[from] psn\n|upkeep\n|turn|16\n|\n|t:|1700619676\n|move|p1a: Antonio del Rocio|Sludge Bomb|p2a: Sylveon\n|-supereffective|p2a: Sylveon\n|-damage|p2a: Sylveon|26\/100 psn\n|move|p2a: Sylveon|Mystical Fire|p1a: Antonio del Rocio\n|-supereffective|p1a: Antonio del Rocio\n|-damage|p1a: Antonio del Rocio|53\/100\n|-unboost|p1a: Antonio del Rocio|spa|1\n|\n|-damage|p2a: Sylveon|14\/100 psn|[from] Leech Seed|[of] p1a: Antonio del Rocio\n|-heal|p1a: Antonio del Rocio|66\/100|[silent]\n|-damage|p2a: Sylveon|2\/100 psn|[from] psn\n|upkeep\n|turn|17\n|\n|t:|1700619688\n|move|p1a: Antonio del Rocio|Giga Drain|p2a: Sylveon\n|-damage|p2a: Sylveon|0 fnt\n|-heal|p1a: Antonio del Rocio|67\/100|[from] drain|[of] p2a: Sylveon\n|faint|p2a: Sylveon\n|\n|upkeep\n|\n|t:|1700619690\n|switch|p2a: Tyranitar|Tyranitar, M|100\/100\n|-damage|p2a: Tyranitar|88\/100|[from] Stealth Rock\n|-weather|Sandstorm|[from] ability: Sand Stream|[of] p2a: Tyranitar\n|turn|18\n|\n|t:|1700619701\n|detailschange|p2a: Tyranitar|Tyranitar-Mega, M\n|-mega|p2a: Tyranitar|Tyranitar|Tyranitarite\n|move|p2a: Tyranitar|Dragon Dance|p2a: Tyranitar\n|-boost|p2a: Tyranitar|atk|1\n|-boost|p2a: Tyranitar|spe|1\n|move|p1a: Antonio del Rocio|Leech Seed|p2a: Tyranitar\n|-start|p2a: Tyranitar|move: Leech Seed\n|\n|-weather|Sandstorm|[upkeep]\n|-damage|p1a: Antonio del Rocio|61\/100|[from] Sandstorm\n|-damage|p2a: Tyranitar|76\/100|[from] Leech Seed|[of] p1a: Antonio del Rocio\n|-heal|p1a: Antonio del Rocio|72\/100|[silent]\n|upkeep\n|turn|19\n|\n|t:|1700619717\n|switch|p1a: Horny|Rhyperior, M|38\/100\n|move|p2a: Tyranitar|Dragon Dance|p2a: Tyranitar\n|-boost|p2a: Tyranitar|atk|1\n|-boost|p2a: Tyranitar|spe|1\n|\n|-weather|Sandstorm|[upkeep]\n|-damage|p2a: Tyranitar|64\/100|[from] Leech Seed|[of] p1a: Horny\n|-heal|p1a: Horny|48\/100|[silent]\n|upkeep\n|turn|20\n|\n|t:|1700619728\n|move|p2a: Tyranitar|Crunch|p1a: Horny\n|-damage|p1a: Horny|1\/100\n|-damage|p2a: Tyranitar|47\/100|[from] item: Rocky Helmet|[of] p1a: Horny\n|move|p1a: Horny|Earthquake|p2a: Tyranitar\n|-supereffective|p2a: Tyranitar\n|-damage|p2a: Tyranitar|0 fnt\n|faint|p2a: Tyranitar\n|\n|-weather|Sandstorm|[upkeep]\n|upkeep\n|-message|xxyyzlu forfeited.\n|\n|win|Garry97\n|raw|Garry97's rating: 1475 &rarr; <strong>1495<\/strong><br \/>(+20 for winning)\n|raw|xxyyzlu's rating: 1470 &rarr; <strong>1450<\/strong><br \/>(-20 for losing)\n|l|\u2606xxyyzlu\n","uploadtime":1700619746,"views":1,"p1id":"garry97","p2id":"xxyyzlu","formatid":"gen9nationaldex","rating":1450,"private":0,"password":""}