{"id":"gen9nationaldex-1988999277","p1":"OilBarrell","p2":"lifegoeson123","format":"[Gen 9] National Dex","log":"|j|\u2606OilBarrell\n|j|\u2606lifegoeson123\n|t:|1699800399\n|gametype|singles\n|player|p1|OilBarrell|clair|1310\n|player|p2|lifegoeson123|richboy|1388\n|teamsize|p1|6\n|teamsize|p2|6\n|gen|9\n|tier|[Gen 9] National Dex\n|rated|\n|rule|HP Percentage Mod: HP is shown in percentages\n|rule|Endless Battle Clause: Forcing endless battles is banned\n|rule|OHKO Clause: OHKO moves are banned\n|rule|Evasion Clause: Evasion abilities, items, and moves are banned\n|rule|Evasion Abilities Clause: Evasion abilities are banned\n|rule|Evasion Items Clause: Evasion items are banned\n|rule|Evasion Moves Clause: Evasion moves are banned\n|rule|Species Clause: Limit one of each Pok\u00e9mon\n|rule|Sleep Clause Mod: Limit one foe put to sleep\n|clearpoke\n|poke|p1|Golisopod, F|\n|poke|p1|Centiskorch, M|\n|poke|p1|Pinsir, M|\n|poke|p1|Vikavolt, F|\n|poke|p1|Buzzwole|\n|poke|p1|Durant, F|\n|poke|p2|Tapu Lele|\n|poke|p2|Sneasler, F|\n|poke|p2|Celesteela|\n|poke|p2|Charizard, M|\n|poke|p2|Great Tusk|\n|poke|p2|Amoonguss, M|\n|teampreview\n|inactive|Battle timer is ON: inactive players will automatically lose when time's up. (requested by OilBarrell)\n|\n|t:|1699800412\n|start\n|switch|p1a: Vikavolt|Vikavolt, F, shiny|100\/100\n|switch|p2a: Charizard|Charizard, M|100\/100\n|turn|1\n|\n|t:|1699800420\n|switch|p1a: Centiskorch|Centiskorch, M, shiny|100\/100\n|detailschange|p2a: Charizard|Charizard-Mega-Y, M\n|-mega|p2a: Charizard|Charizard|Charizardite Y\n|-weather|SunnyDay|[from] ability: Drought|[of] p2a: Charizard\n|move|p2a: Charizard|Weather Ball|p1a: Centiskorch\n|-start|p1a: Centiskorch|ability: Flash Fire\n|\n|-weather|SunnyDay|[upkeep]\n|upkeep\n|turn|2\n|\n|t:|1699800428\n|-terastallize|p1a: Centiskorch|Steel\n|move|p2a: Charizard|Air Slash|p1a: Centiskorch\n|-resisted|p1a: Centiskorch\n|-damage|p1a: Centiskorch|78\/100\n|move|p1a: Centiskorch|Coil|p1a: Centiskorch\n|-boost|p1a: Centiskorch|atk|1\n|-boost|p1a: Centiskorch|def|1\n|-boost|p1a: Centiskorch|accuracy|1\n|\n|-weather|SunnyDay|[upkeep]\n|upkeep\n|turn|3\n|inactive|lifegoeson123 has 120 seconds left.\n|\n|t:|1699800462\n|move|p2a: Charizard|Scorching Sands|p1a: Centiskorch\n|-supereffective|p1a: Centiskorch\n|-damage|p1a: Centiskorch|21\/100\n|-enditem|p1a: Centiskorch|Sitrus Berry|[eat]\n|-heal|p1a: Centiskorch|46\/100|[from] item: Sitrus Berry\n|move|p1a: Centiskorch|Thunder Fang|p2a: Charizard\n|-supereffective|p2a: Charizard\n|-damage|p2a: Charizard|26\/100\n|\n|-weather|SunnyDay|[upkeep]\n|upkeep\n|turn|4\n|inactive|OilBarrell has 120 seconds left.\n|\n|t:|1699800501\n|move|p2a: Charizard|Scorching Sands|p1a: Centiskorch\n|-supereffective|p1a: Centiskorch\n|-damage|p1a: Centiskorch|0 fnt\n|faint|p1a: Centiskorch\n|\n|-weather|SunnyDay|[upkeep]\n|upkeep\n|\n|t:|1699800516\n|switch|p1a: Golisopod|Golisopod, F, shiny|100\/100\n|turn|5\n|\n|t:|1699800528\n|switch|p2a: Amoonguss|Amoonguss, M, shiny|100\/100\n|move|p1a: Golisopod|Aqua Jet|p2a: Amoonguss\n|-resisted|p2a: Amoonguss\n|-damage|p2a: Amoonguss|94\/100\n|-damage|p1a: Golisopod|84\/100|[from] item: Rocky Helmet|[of] p2a: Amoonguss\n|\n|-weather|none\n|upkeep\n|turn|6\n|inactive|OilBarrell has 120 seconds left.\n|inactive|OilBarrell has 90 seconds left.\n|\n|t:|1699800583\n|switch|p1a: Vikavolt|Vikavolt, F, shiny|100\/100\n|move|p2a: Amoonguss|Spore|p1a: Vikavolt\n|-status|p1a: Vikavolt|slp|[from] move: Spore\n|\n|upkeep\n|turn|7\n|\n|t:|1699800594\n|switch|p2a: Tapu Lele|Tapu Lele, shiny|100\/100\n|-fieldstart|move: Psychic Terrain|[from] ability: Psychic Surge|[of] p2a: Tapu Lele\n|cant|p1a: Vikavolt|slp\n|\n|upkeep\n|turn|8\n|inactive|OilBarrell has 90 seconds left.\n|\n|t:|1699800608\n|move|p2a: Tapu Lele|Psychic|p1a: Vikavolt\n|-damage|p1a: Vikavolt|1\/100 slp\n|cant|p1a: Vikavolt|slp\n|\n|upkeep\n|turn|9\n|\n|t:|1699800616\n|move|p2a: Tapu Lele|Psychic|p1a: Vikavolt\n|-damage|p1a: Vikavolt|0 fnt\n|faint|p1a: Vikavolt\n|\n|upkeep\n|\n|t:|1699800621\n|switch|p1a: Buzzwole|Buzzwole, shiny|100\/100\n|turn|10\n|\n|t:|1699800629\n|switch|p2a: Amoonguss|Amoonguss, M, shiny|100\/100\n|move|p1a: Buzzwole|Iron Head|p2a: Amoonguss\n|-crit|p2a: Amoonguss\n|-damage|p2a: Amoonguss|68\/100\n|-damage|p1a: Buzzwole|84\/100|[from] item: Rocky Helmet|[of] p2a: Amoonguss\n|\n|upkeep\n|turn|11\n|\n|t:|1699800639\n|switch|p1a: Golisopod|Golisopod, F, shiny|84\/100\n|move|p2a: Amoonguss|Spore|p1a: Golisopod\n|-status|p1a: Golisopod|slp|[from] move: Spore\n|\n|-fieldend|move: Psychic Terrain\n|upkeep\n|turn|12\n|\n|t:|1699800647\n|switch|p2a: Tapu Lele|Tapu Lele, shiny|100\/100\n|-fieldstart|move: Psychic Terrain|[from] ability: Psychic Surge|[of] p2a: Tapu Lele\n|cant|p1a: Golisopod|slp\n|\n|upkeep\n|turn|13\n|\n|t:|1699800653\n|move|p2a: Tapu Lele|Psychic|p1a: Golisopod\n|-damage|p1a: Golisopod|0 fnt\n|faint|p1a: Golisopod\n|\n|upkeep\n|\n|t:|1699800662\n|switch|p1a: Buzzwole|Buzzwole, shiny|84\/100\n|turn|14\n|\n|t:|1699800669\n|move|p1a: Buzzwole|Iron Head|p2a: Tapu Lele\n|-supereffective|p2a: Tapu Lele\n|-damage|p2a: Tapu Lele|17\/100\n|move|p2a: Tapu Lele|Psychic|p1a: Buzzwole\n|-supereffective|p1a: Buzzwole\n|-damage|p1a: Buzzwole|0 fnt\n|faint|p1a: Buzzwole\n|\n|upkeep\n|\n|t:|1699800681\n|switch|p1a: Durant|Durant, F, shiny|100\/100\n|turn|15\n|\n|t:|1699800687\n|switch|p2a: Amoonguss|Amoonguss, M, shiny|100\/100\n|move|p1a: Durant|Stomping Tantrum|p2a: Amoonguss\n|-damage|p2a: Amoonguss|58\/100\n|-damage|p1a: Durant|84\/100|[from] item: Rocky Helmet|[of] p2a: Amoonguss\n|\n|upkeep\n|turn|16\n|\n|t:|1699800694\n|move|p1a: Durant|Stomping Tantrum|p2a: Amoonguss\n|-damage|p2a: Amoonguss|18\/100\n|-damage|p1a: Durant|68\/100|[from] item: Rocky Helmet|[of] p2a: Amoonguss\n|move|p2a: Amoonguss|Spore|p1a: Durant\n|-status|p1a: Durant|slp|[from] move: Spore\n|\n|-fieldend|move: Psychic Terrain\n|upkeep\n|turn|17\n|\n|t:|1699800703\n|switch|p2a: Charizard|Charizard-Mega-Y, M|26\/100\n|-weather|SunnyDay|[from] ability: Drought|[of] p2a: Charizard\n|cant|p1a: Durant|slp\n|\n|-weather|SunnyDay|[upkeep]\n|upkeep\n|turn|18\n|\n|t:|1699800710\n|move|p2a: Charizard|Weather Ball|p1a: Durant\n|-supereffective|p1a: Durant\n|-damage|p1a: Durant|0 fnt\n|faint|p1a: Durant\n|\n|-weather|SunnyDay|[upkeep]\n|upkeep\n|\n|t:|1699800712\n|switch|p1a: Pinsir|Pinsir, M, shiny|100\/100\n|turn|19\n|\n|t:|1699800730\n|switch|p2a: Celesteela|Celesteela, shiny|100\/100\n|move|p1a: Pinsir|Quick Attack|p2a: Celesteela\n|-resisted|p2a: Celesteela\n|-damage|p2a: Celesteela|94\/100\n|\n|-weather|SunnyDay|[upkeep]\n|upkeep\n|turn|20\n|\n|t:|1699800739\n|-terastallize|p2a: Celesteela|Fire\n|move|p1a: Pinsir|Swords Dance|p1a: Pinsir\n|-boost|p1a: Pinsir|atk|2\n|move|p2a: Celesteela|Flamethrower|p1a: Pinsir\n|-supereffective|p1a: Pinsir\n|-damage|p1a: Pinsir|0 fnt\n|faint|p1a: Pinsir\n|\n|win|lifegoeson123\n|raw|OilBarrell's rating: 1310 &rarr; <strong>1294<\/strong><br \/>(-16 for losing)\n|raw|lifegoeson123's rating: 1388 &rarr; <strong>1404<\/strong><br \/>(+16 for winning)\n","uploadtime":1699800750,"views":6,"p1id":"oilbarrell","p2id":"lifegoeson123","formatid":"gen9nationaldex","rating":1294,"private":0,"password":""}