{"id":"gen9nationaldex-1991952437","p1":"monkey kkkk","p2":"Daimnik","format":"[Gen 9] National Dex","log":"|j|\u2606monkey kkkk\n|j|\u2606Daimnik\n|t:|1700141926\n|gametype|singles\n|player|p1|monkey kkkk|twins-gen4dp|1518\n|player|p2|Daimnik|janitor|1689\n|teamsize|p1|6\n|teamsize|p2|6\n|gen|9\n|tier|[Gen 9] National Dex\n|rated|\n|rule|HP Percentage Mod: HP is shown in percentages\n|rule|Endless Battle Clause: Forcing endless battles is banned\n|rule|OHKO Clause: OHKO moves are banned\n|rule|Evasion Clause: Evasion abilities, items, and moves are banned\n|rule|Evasion Abilities Clause: Evasion abilities are banned\n|rule|Evasion Items Clause: Evasion items are banned\n|rule|Evasion Moves Clause: Evasion moves are banned\n|rule|Species Clause: Limit one of each Pok\u00e9mon\n|rule|Sleep Clause Mod: Limit one foe put to sleep\n|clearpoke\n|poke|p1|Hatterene, F|\n|poke|p1|Cresselia, F|\n|poke|p1|Porygon2|\n|poke|p1|Camerupt, F|\n|poke|p1|Ursaluna, M|\n|poke|p1|Amoonguss, M|\n|poke|p2|Gengar, F|\n|poke|p2|Greninja-*, M|\n|poke|p2|Breloom, F|\n|poke|p2|Iron Treads|\n|poke|p2|Bisharp, M|\n|poke|p2|Pinsir, F|\n|teampreview\n|inactive|Battle timer is ON: inactive players will automatically lose when time's up. (requested by monkey kkkk)\n|\n|t:|1700141953\n|start\n|switch|p1a: Hatterene|Hatterene, F|100\/100\n|switch|p2a: Bisharp|Bisharp, M|100\/100\n|turn|1\n|\n|t:|1700141961\n|move|p2a: Bisharp|Iron Head|p1a: Hatterene\n|-supereffective|p1a: Hatterene\n|-enditem|p1a: Hatterene|Focus Sash\n|-damage|p1a: Hatterene|1\/100\n|move|p1a: Hatterene|Trick Room|p1a: Hatterene\n|-fieldstart|move: Trick Room|[of] p1a: Hatterene\n|\n|upkeep\n|turn|2\n|\n|t:|1700141990\n|move|p2a: Bisharp|Sucker Punch|p1a: Hatterene\n|-damage|p1a: Hatterene|0 fnt\n|faint|p1a: Hatterene\n|\n|upkeep\n|\n|t:|1700141999\n|switch|p1a: Camerupt|Camerupt, F|100\/100\n|turn|3\n|inactive|Daimnik has 120 seconds left.\n|\n|t:|1700142045\n|switch|p2a: Breloom|Breloom, F|100\/100\n|detailschange|p1a: Camerupt|Camerupt-Mega, F\n|-mega|p1a: Camerupt|Camerupt|Cameruptite\n|move|p1a: Camerupt|Earth Power|p2a: Breloom\n|-resisted|p2a: Breloom\n|-damage|p2a: Breloom|33\/100\n|\n|upkeep\n|turn|4\n|\n|t:|1700142059\n|move|p2a: Breloom|Mach Punch|p1a: Camerupt\n|-damage|p1a: Camerupt|69\/100\n|move|p1a: Camerupt|Earth Power|p2a: Breloom\n|-resisted|p2a: Breloom\n|-damage|p2a: Breloom|0 fnt\n|faint|p2a: Breloom\n|\n|upkeep\n|\n|t:|1700142062\n|switch|p2a: Iron Treads|Iron Treads|100\/100\n|turn|5\n|\n|t:|1700142068\n|switch|p1a: Amoonguss|Amoonguss, M|100\/100\n|move|p2a: Iron Treads|Stealth Rock|p1a: Amoonguss\n|-sidestart|p1: monkey kkkk|move: Stealth Rock\n|\n|-fieldend|move: Trick Room\n|upkeep\n|turn|6\n|\n|t:|1700142079\n|move|p2a: Iron Treads|Rapid Spin|p1a: Amoonguss\n|-damage|p1a: Amoonguss|89\/100\n|-boost|p2a: Iron Treads|spe|1\n|-damage|p2a: Iron Treads|84\/100|[from] item: Rocky Helmet|[of] p1a: Amoonguss\n|move|p1a: Amoonguss|Spore|p2a: Iron Treads\n|-status|p2a: Iron Treads|slp|[from] move: Spore\n|\n|upkeep\n|turn|7\n|\n|t:|1700142087\n|-end|p2a: Iron Treads|Quark Drive|[silent]\n|switch|p2a: Bisharp|Bisharp, M|100\/100\n|switch|p1a: Ursaluna|Ursaluna, M|100\/100\n|-damage|p1a: Ursaluna|94\/100|[from] Stealth Rock\n|\n|-status|p1a: Ursaluna|brn|[from] item: Flame Orb\n|upkeep\n|turn|8\n|inactive|Daimnik has 120 seconds left.\n|\n|t:|1700142112\n|switch|p2a: Pinsir|Pinsir, F|100\/100\n|move|p1a: Ursaluna|Headlong Rush|p2a: Pinsir\n|-resisted|p2a: Pinsir\n|-damage|p2a: Pinsir|33\/100\n|-unboost|p1a: Ursaluna|def|1\n|-unboost|p1a: Ursaluna|spd|1\n|\n|-damage|p1a: Ursaluna|88\/100 brn|[from] brn\n|upkeep\n|turn|9\n|\n|t:|1700142123\n|switch|p1a: Porygon2|Porygon2|100\/100\n|-damage|p1a: Porygon2|88\/100|[from] Stealth Rock\n|-ability|p1a: Porygon2|Moxie|[from] ability: Trace|[of] p2a: Pinsir\n|detailschange|p2a: Pinsir|Pinsir-Mega, F\n|-mega|p2a: Pinsir|Pinsir|Pinsirite\n|move|p2a: Pinsir|Return|p1a: Porygon2\n|-damage|p1a: Porygon2|53\/100\n|\n|upkeep\n|turn|10\n|inactive|Daimnik has 120 seconds left.\n|\n|t:|1700142138\n|move|p2a: Pinsir|Return|p1a: Porygon2\n|-damage|p1a: Porygon2|21\/100\n|move|p1a: Porygon2|Trick Room|p1a: Porygon2\n|-fieldstart|move: Trick Room|[of] p1a: Porygon2\n|\n|upkeep\n|turn|11\n|\n|t:|1700142144\n|move|p2a: Pinsir|Quick Attack|p1a: Porygon2\n|-damage|p1a: Porygon2|7\/100\n|move|p1a: Porygon2|Tri Attack|p2a: Pinsir\n|-damage|p2a: Pinsir|0 fnt\n|faint|p2a: Pinsir\n|-ability|p1a: Porygon2|Moxie|boost\n|-boost|p1a: Porygon2|atk|1\n|\n|upkeep\n|\n|t:|1700142152\n|switch|p2a: Iron Treads|Iron Treads|84\/100 slp\n|turn|12\n|\n|t:|1700142156\n|cant|p2a: Iron Treads|slp\n|move|p1a: Porygon2|Teleport|p1a: Porygon2\n|\n|t:|1700142164\n|switch|p1a: Ursaluna|Ursaluna, M|88\/100 brn|[from] Teleport\n|-damage|p1a: Ursaluna|82\/100 brn|[from] Stealth Rock\n|\n|-damage|p1a: Ursaluna|75\/100 brn|[from] brn\n|upkeep\n|turn|13\n|\n|t:|1700142171\n|move|p1a: Ursaluna|Headlong Rush|p2a: Iron Treads\n|-supereffective|p2a: Iron Treads\n|-damage|p2a: Iron Treads|0 fnt\n|-unboost|p1a: Ursaluna|def|1\n|-unboost|p1a: Ursaluna|spd|1\n|faint|p2a: Iron Treads\n|-end|p2a: Iron Treads|Quark Drive|[silent]\n|\n|-damage|p1a: Ursaluna|69\/100 brn|[from] brn\n|upkeep\n|\n|t:|1700142179\n|switch|p2a: Greninja|Greninja, M|100\/100\n|turn|14\n|\n|t:|1700142202\n|-terastallize|p1a: Ursaluna|Normal\n|-terastallize|p2a: Greninja|Water\n|move|p2a: Greninja|Water Shuriken|p1a: Ursaluna\n|-damage|p1a: Ursaluna|54\/100 brn\n|-damage|p1a: Ursaluna|40\/100 brn\n|-damage|p1a: Ursaluna|23\/100 brn\n|-hitcount|p1a: Ursaluna|3\n|-damage|p2a: Greninja|91\/100|[from] item: Life Orb\n|move|p1a: Ursaluna|Facade|p2a: Greninja\n|-damage|p2a: Greninja|0 fnt\n|faint|p2a: Greninja\n|\n|-damage|p1a: Ursaluna|17\/100 brn|[from] brn\n|-fieldend|move: Trick Room\n|upkeep\n|\n|t:|1700142215\n|switch|p2a: Bisharp|Bisharp, M|100\/100\n|turn|15\n|\n|t:|1700142221\n|switch|p1a: Amoonguss|Amoonguss, M|100\/100\n|-damage|p1a: Amoonguss|88\/100|[from] Stealth Rock\n|move|p2a: Bisharp|Knock Off|p1a: Amoonguss\n|-damage|p1a: Amoonguss|53\/100\n|-damage|p2a: Bisharp|84\/100|[from] item: Rocky Helmet|[of] p1a: Amoonguss\n|-enditem|p1a: Amoonguss|Rocky Helmet|[from] move: Knock Off|[of] p2a: Bisharp\n|\n|upkeep\n|turn|16\n|\n|t:|1700142230\n|switch|p2a: Gengar|Gengar, F|100\/100\n|move|p1a: Amoonguss|Spore|p2a: Gengar\n|-status|p2a: Gengar|slp|[from] move: Spore\n|\n|upkeep\n|turn|17\n|\n|t:|1700142234\n|switch|p2a: Bisharp|Bisharp, M|84\/100\n|switch|p1a: Cresselia|Cresselia, F|100\/100\n|-damage|p1a: Cresselia|88\/100|[from] Stealth Rock\n|\n|upkeep\n|turn|18\n|\n|t:|1700142241\n|move|p2a: Bisharp|Swords Dance|p2a: Bisharp\n|-boost|p2a: Bisharp|atk|2\n|move|p1a: Cresselia|Trick Room|p1a: Cresselia\n|-fieldstart|move: Trick Room|[of] p1a: Cresselia\n|\n|upkeep\n|turn|19\n|l|\u2606monkey kkkk\n|inactive|monkey kkkk disconnected and has a minute to reconnect!\n|player|p1|\n|inactive|monkey kkkk has 30 seconds to reconnect!\n|inactive|monkey kkkk has 20 seconds to reconnect!\n|inactive|monkey kkkk has 15 seconds to reconnect!\n|inactive|monkey kkkk has 10 seconds to reconnect!\n|inactive|monkey kkkk has 5 seconds to reconnect!\n|j|\u2606monkey kkkk\n|inactive|monkey kkkk reconnected and has 90 seconds left.\n|player|p1|monkey kkkk|twins-gen4dp\n|\n|t:|1700142313\n|move|p1a: Cresselia|Lunar Dance|p1a: Cresselia\n|faint|p1a: Cresselia\n|move|p2a: Bisharp|Swords Dance|p2a: Bisharp\n|-boost|p2a: Bisharp|atk|2\n|\n|upkeep\n|\n|t:|1700142323\n|switch|p1a: Ursaluna|Ursaluna, M, tera:Normal|17\/100 brn\n|-heal|p1a: Ursaluna|100\/100|[from] move: Lunar Dance\n|-damage|p1a: Ursaluna|88\/100|[from] Stealth Rock\n|turn|20\n|\n|t:|1700142337\n|move|p2a: Bisharp|Sucker Punch|p1a: Ursaluna\n|-damage|p1a: Ursaluna|12\/100\n|move|p1a: Ursaluna|Headlong Rush|p2a: Bisharp\n|-supereffective|p2a: Bisharp\n|-damage|p2a: Bisharp|0 fnt\n|-unboost|p1a: Ursaluna|def|1\n|-unboost|p1a: Ursaluna|spd|1\n|faint|p2a: Bisharp\n|\n|-status|p1a: Ursaluna|brn|[from] item: Flame Orb\n|upkeep\n|\n|t:|1700142342\n|switch|p2a: Gengar|Gengar, F|100\/100 slp\n|turn|21\n|\n|t:|1700142345\n|move|p1a: Ursaluna|Headlong Rush|p2a: Gengar\n|-supereffective|p2a: Gengar\n|-damage|p2a: Gengar|0 fnt\n|-unboost|p1a: Ursaluna|def|1\n|-unboost|p1a: Ursaluna|spd|1\n|-start|p1a: Ursaluna|Disable|Headlong Rush|[from] ability: Cursed Body|[of] p2a: Gengar\n|faint|p2a: Gengar\n|\n|win|monkey kkkk\n|raw|monkey kkkk's rating: 1518 &rarr; <strong>1547<\/strong><br \/>(+29 for winning)\n|raw|Daimnik's rating: 1689 &rarr; <strong>1660<\/strong><br \/>(-29 for losing)\n|l|\u2606Daimnik\n|c|\u2606monkey kkkk|gg\n","uploadtime":1700142358,"views":4,"p1id":"monkeykkkk","p2id":"daimnik","formatid":"gen9nationaldex","rating":1547,"private":0,"password":""}