{"id":"gen9nationaldex-1999324311","p1":"0xyt0c1njunk1e","p2":"Huryuijujilu","format":"[Gen 9] National Dex","log":"|html|<div class=\"broadcast-blue\"><strong>[Gen 9] National Dex is currently suspecting Sneasler! For information on how to participate check out the <a href=\"https:\/\/www.smogon.com\/forums\/threads\/sv-national-dex-suspect-8-just-dance.3731534\/\">suspect thread<\/a>.<\/strong><\/div>\n|j|\u26060xyt0c1njunk1e\n|j|\u2606Huryuijujilu\n|t:|1701060452\n|gametype|singles\n|player|p1|0xyt0c1njunk1e|iris|1374\n|player|p2|Huryuijujilu|clown|1341\n|teamsize|p1|6\n|teamsize|p2|6\n|gen|9\n|tier|[Gen 9] National Dex\n|rated|\n|rule|HP Percentage Mod: HP is shown in percentages\n|rule|Endless Battle Clause: Forcing endless battles is banned\n|rule|OHKO Clause: OHKO moves are banned\n|rule|Evasion Clause: Evasion abilities, items, and moves are banned\n|rule|Evasion Abilities Clause: Evasion abilities are banned\n|rule|Evasion Items Clause: Evasion items are banned\n|rule|Evasion Moves Clause: Evasion moves are banned\n|rule|Species Clause: Limit one of each Pok\u00e9mon\n|rule|Sleep Clause Mod: Limit one foe put to sleep\n|clearpoke\n|poke|p1|Clodsire, M|\n|poke|p1|Dondozo, F|\n|poke|p1|Alomomola, F|\n|poke|p1|Blissey, F|\n|poke|p1|Ferrothorn, F|\n|poke|p1|Moltres|\n|poke|p2|Venusaur, M|\n|poke|p2|Moltres|\n|poke|p2|Alomomola, M|\n|poke|p2|Donphan, M|\n|poke|p2|Magnezone|\n|poke|p2|Crawdaunt, F|\n|teampreview\n|inactive|Battle timer is ON: inactive players will automatically lose when time's up. (requested by 0xyt0c1njunk1e)\n|inactive|Huryuijujilu has 120 seconds left.\n|\n|t:|1701060483\n|start\n|switch|p1a: Alomomola|Alomomola, F|100\/100\n|switch|p2a: Crawdaunt|Crawdaunt, F|100\/100\n|turn|1\n|\n|t:|1701060496\n|move|p1a: Alomomola|Protect|p1a: Alomomola\n|-singleturn|p1a: Alomomola|Protect\n|move|p2a: Crawdaunt|Swords Dance|p2a: Crawdaunt\n|-boost|p2a: Crawdaunt|atk|2\n|\n|upkeep\n|turn|2\n|\n|t:|1701060505\n|switch|p1a: Dondozo|Dondozo, F|100\/100\n|move|p2a: Crawdaunt|Knock Off|p1a: Dondozo\n|-damage|p1a: Dondozo|63\/100\n|-enditem|p1a: Dondozo|Heavy-Duty Boots|[from] move: Knock Off|[of] p2a: Crawdaunt\n|-damage|p2a: Crawdaunt|91\/100|[from] item: Life Orb\n|\n|upkeep\n|turn|3\n|\n|t:|1701060514\n|switch|p2a: Venusaur|Venusaur, M|100\/100\n|move|p1a: Dondozo|Body Press|p2a: Venusaur\n|-resisted|p2a: Venusaur\n|-damage|p2a: Venusaur|84\/100\n|\n|upkeep\n|turn|4\n|\n|t:|1701060523\n|switch|p1a: Moltres|Moltres|100\/100\n|detailschange|p2a: Venusaur|Venusaur-Mega, M\n|-mega|p2a: Venusaur|Venusaur|Venusaurite\n|move|p2a: Venusaur|Earth Power|p1a: Moltres\n|-immune|p1a: Moltres\n|\n|upkeep\n|turn|5\n|\n|t:|1701060534\n|switch|p2a: Alomomola|Alomomola, M|100\/100\n|move|p1a: Moltres|Flamethrower|p2a: Alomomola\n|-resisted|p2a: Alomomola\n|-damage|p2a: Alomomola|85\/100\n|\n|-heal|p2a: Alomomola|91\/100|[from] item: Leftovers\n|upkeep\n|turn|6\n|\n|t:|1701060543\n|move|p2a: Alomomola|Wish|p2a: Alomomola\n|move|p1a: Moltres|Whirlwind|p2a: Alomomola\n|drag|p2a: Venusaur|Venusaur-Mega, M|84\/100\n|\n|upkeep\n|turn|7\n|\n|t:|1701060550\n|move|p1a: Moltres|Flamethrower|p2a: Venusaur\n|-supereffective|p2a: Venusaur\n|-damage|p2a: Venusaur|53\/100\n|move|p2a: Venusaur|Sleep Powder|p1a: Moltres\n|-status|p1a: Moltres|slp|[from] move: Sleep Powder\n|\n|-heal|p2a: Venusaur|100\/100|[from] move: Wish|[wisher] Alomomola\n|upkeep\n|turn|8\n|\n|t:|1701060560\n|cant|p1a: Moltres|slp\n|move|p2a: Venusaur|Sludge Bomb|p1a: Moltres\n|-damage|p1a: Moltres|51\/100 slp\n|\n|upkeep\n|turn|9\n|\n|t:|1701060568\n|switch|p1a: Ferrothorn|Ferrothorn, F|100\/100\n|switch|p2a: Moltres|Moltres|100\/100\n|\n|upkeep\n|turn|10\n|\n|t:|1701060574\n|switch|p1a: Dondozo|Dondozo, F|63\/100\n|move|p2a: Moltres|Flamethrower|p1a: Dondozo\n|-resisted|p1a: Dondozo\n|-damage|p1a: Dondozo|37\/100\n|\n|upkeep\n|turn|11\n|\n|t:|1701060590\n|move|p2a: Moltres|Scorching Sands|p1a: Dondozo\n|-damage|p1a: Dondozo|11\/100\n|move|p1a: Dondozo|Rest|p1a: Dondozo\n|-status|p1a: Dondozo|slp|[from] move: Rest\n|-heal|p1a: Dondozo|100\/100 slp|[silent]\n|\n|upkeep\n|turn|12\n|\n|t:|1701060607\n|switch|p2a: Venusaur|Venusaur-Mega, M|100\/100\n|cant|p1a: Dondozo|slp\n|move|p1a: Dondozo|Sleep Talk|p1a: Dondozo\n|move|p1a: Dondozo|Liquidation|p2a: Venusaur|[from]move: Sleep Talk\n|-resisted|p2a: Venusaur\n|-damage|p2a: Venusaur|88\/100\n|\n|upkeep\n|turn|13\n|\n|t:|1701060619\n|switch|p1a: Blissey|Blissey, F|100\/100\n|move|p2a: Venusaur|Sludge Bomb|p1a: Blissey\n|-crit|p1a: Blissey\n|-damage|p1a: Blissey|79\/100\n|\n|upkeep\n|turn|14\n|\n|t:|1701060633\n|switch|p2a: Crawdaunt|Crawdaunt, F|91\/100\n|move|p1a: Blissey|Stealth Rock|p2a: Crawdaunt\n|-sidestart|p2: Huryuijujilu|move: Stealth Rock\n|\n|upkeep\n|turn|15\n|\n|t:|1701060642\n|switch|p1a: Dondozo|Dondozo, F|100\/100 slp\n|move|p2a: Crawdaunt|Knock Off|p1a: Dondozo\n|-damage|p1a: Dondozo|74\/100 slp\n|-damage|p2a: Crawdaunt|81\/100|[from] item: Life Orb\n|\n|upkeep\n|turn|16\n|\n|t:|1701060655\n|switch|p2a: Magnezone|Magnezone|100\/100\n|-damage|p2a: Magnezone|94\/100|[from] Stealth Rock\n|cant|p1a: Dondozo|slp\n|move|p1a: Dondozo|Sleep Talk|p1a: Dondozo\n|move|p1a: Dondozo|Liquidation|p2a: Magnezone|[from]move: Sleep Talk\n|-damage|p2a: Magnezone|65\/100\n|\n|upkeep\n|turn|17\n|\n|t:|1701060671\n|switch|p1a: Clodsire|Clodsire, M|100\/100\n|move|p2a: Magnezone|Flash Cannon|p1a: Clodsire\n|-damage|p1a: Clodsire|75\/100\n|\n|upkeep\n|turn|18\n|\n|t:|1701060678\n|move|p2a: Magnezone|Magnet Rise|p2a: Magnezone\n|-start|p2a: Magnezone|Magnet Rise\n|move|p1a: Clodsire|Toxic|p2a: Magnezone\n|-immune|p2a: Magnezone\n|\n|upkeep\n|turn|19\n|\n|t:|1701060688\n|move|p2a: Magnezone|Flash Cannon|p1a: Clodsire\n|-damage|p1a: Clodsire|50\/100\n|move|p1a: Clodsire|Recover|p1a: Clodsire\n|-heal|p1a: Clodsire|100\/100\n|\n|upkeep\n|turn|20\n|\n|t:|1701060694\n|switch|p1a: Ferrothorn|Ferrothorn, F|100\/100\n|move|p2a: Magnezone|Flash Cannon|p1a: Ferrothorn\n|-resisted|p1a: Ferrothorn\n|-damage|p1a: Ferrothorn|80\/100\n|\n|upkeep\n|turn|21\n|\n|t:|1701060701\n|move|p2a: Magnezone|Hidden Power|p1a: Ferrothorn\n|-supereffective|p1a: Ferrothorn\n|-damage|p1a: Ferrothorn|7\/100\n|move|p1a: Ferrothorn|Knock Off|p2a: Magnezone\n|-damage|p2a: Magnezone|46\/100\n|-enditem|p2a: Magnezone|Covert Cloak|[from] move: Knock Off|[of] p1a: Ferrothorn\n|\n|upkeep\n|turn|22\n|\n|t:|1701060709\n|move|p1a: Ferrothorn|Protect|p1a: Ferrothorn\n|-singleturn|p1a: Ferrothorn|Protect\n|move|p2a: Magnezone|Flash Cannon|p1a: Ferrothorn\n|-activate|p1a: Ferrothorn|move: Protect\n|\n|-end|p2a: Magnezone|Magnet Rise\n|upkeep\n|turn|23\n|\n|t:|1701060720\n|move|p2a: Magnezone|Flash Cannon|p1a: Ferrothorn\n|-resisted|p1a: Ferrothorn\n|-damage|p1a: Ferrothorn|0 fnt\n|faint|p1a: Ferrothorn\n|\n|upkeep\n|\n|t:|1701060723\n|switch|p1a: Blissey|Blissey, F|79\/100\n|turn|24\n|\n|t:|1701060727\n|switch|p2a: Alomomola|Alomomola, M|100\/100\n|-damage|p2a: Alomomola|88\/100|[from] Stealth Rock\n|move|p1a: Blissey|Seismic Toss|p2a: Alomomola\n|-damage|p2a: Alomomola|67\/100\n|\n|-heal|p2a: Alomomola|73\/100|[from] item: Leftovers\n|upkeep\n|turn|25\n|\n|t:|1701060737\n|move|p2a: Alomomola|Wish|p2a: Alomomola\n|move|p1a: Blissey|Shadow Ball|p2a: Alomomola\n|-damage|p2a: Alomomola|60\/100\n|\n|-heal|p2a: Alomomola|66\/100|[from] item: Leftovers\n|upkeep\n|turn|26\n|\n|t:|1701060746\n|switch|p2a: Magnezone|Magnezone|46\/100\n|-damage|p2a: Magnezone|40\/100|[from] Stealth Rock\n|move|p1a: Blissey|Seismic Toss|p2a: Magnezone\n|-damage|p2a: Magnezone|4\/100\n|\n|-heal|p2a: Magnezone|88\/100|[from] move: Wish|[wisher] Alomomola\n|upkeep\n|turn|27\n|\n|t:|1701060756\n|move|p1a: Blissey|Seismic Toss|p2a: Magnezone\n|-damage|p2a: Magnezone|52\/100\n|move|p2a: Magnezone|Volt Switch|p1a: Blissey\n|-damage|p1a: Blissey|67\/100\n|\n|t:|1701060762\n|switch|p2a: Alomomola|Alomomola, M|99\/100|[from] Volt Switch\n|-damage|p2a: Alomomola|87\/100|[from] Stealth Rock\n|\n|-heal|p2a: Alomomola|93\/100|[from] item: Leftovers\n|upkeep\n|turn|28\n|\n|t:|1701060769\n|switch|p1a: Clodsire|Clodsire, M|100\/100\n|move|p2a: Alomomola|Wish|p2a: Alomomola\n|\n|-heal|p2a: Alomomola|99\/100|[from] item: Leftovers\n|upkeep\n|turn|29\n|\n|t:|1701060778\n|switch|p2a: Venusaur|Venusaur-Mega, M|88\/100\n|-damage|p2a: Venusaur|76\/100|[from] Stealth Rock\n|move|p1a: Clodsire|Toxic|p2a: Venusaur\n|-immune|p2a: Venusaur\n|\n|-heal|p2a: Venusaur|100\/100|[from] move: Wish|[wisher] Alomomola\n|upkeep\n|turn|30\n|\n|t:|1701060788\n|move|p2a: Venusaur|Sludge Bomb|p1a: Clodsire\n|-resisted|p1a: Clodsire\n|-damage|p1a: Clodsire|94\/100\n|move|p1a: Clodsire|Earthquake|p2a: Venusaur\n|-damage|p2a: Venusaur|79\/100\n|\n|upkeep\n|turn|31\n|\n|t:|1701060796\n|switch|p1a: Moltres|Moltres|51\/100 slp\n|move|p2a: Venusaur|Earth Power|p1a: Moltres\n|-immune|p1a: Moltres\n|\n|upkeep\n|turn|32\n|\n|t:|1701060803\n|-curestatus|p1a: Moltres|slp|[msg]\n|move|p1a: Moltres|Roost|p1a: Moltres\n|-heal|p1a: Moltres|100\/100\n|-singleturn|p1a: Moltres|move: Roost\n|move|p2a: Venusaur|Sludge Bomb|p1a: Moltres\n|-damage|p1a: Moltres|49\/100\n|\n|upkeep\n|turn|33\n|\n|t:|1701060814\n|switch|p1a: Blissey|Blissey, F|67\/100\n|move|p2a: Venusaur|Sludge Bomb|p1a: Blissey\n|-damage|p1a: Blissey|53\/100\n|\n|upkeep\n|turn|34\n|\n|t:|1701060826\n|switch|p2a: Crawdaunt|Crawdaunt, F|81\/100\n|-damage|p2a: Crawdaunt|69\/100|[from] Stealth Rock\n|move|p1a: Blissey|Soft-Boiled|p1a: Blissey\n|-heal|p1a: Blissey|100\/100\n|\n|upkeep\n|turn|35\n|\n|t:|1701060833\n|switch|p1a: Dondozo|Dondozo, F|74\/100 slp\n|move|p2a: Crawdaunt|Knock Off|p1a: Dondozo\n|-damage|p1a: Dondozo|46\/100 slp\n|-damage|p2a: Crawdaunt|59\/100|[from] item: Life Orb\n|\n|upkeep\n|turn|36\n|\n|t:|1701060842\n|move|p2a: Crawdaunt|Knock Off|p1a: Dondozo\n|-damage|p1a: Dondozo|20\/100 slp\n|-damage|p2a: Crawdaunt|49\/100|[from] item: Life Orb\n|-curestatus|p1a: Dondozo|slp|[msg]\n|move|p1a: Dondozo|Rest|p1a: Dondozo\n|-status|p1a: Dondozo|slp|[from] move: Rest\n|-heal|p1a: Dondozo|100\/100 slp|[silent]\n|\n|upkeep\n|turn|37\n|\n|t:|1701060852\n|switch|p2a: Alomomola|Alomomola, M|100\/100\n|-damage|p2a: Alomomola|88\/100|[from] Stealth Rock\n|cant|p1a: Dondozo|slp\n|move|p1a: Dondozo|Sleep Talk|p1a: Dondozo\n|move|p1a: Dondozo|Rest||[from]move: Sleep Talk|[still]\n|-fail|p1a: Dondozo\n|\n|-heal|p2a: Alomomola|94\/100|[from] item: Leftovers\n|upkeep\n|turn|38\n|\n|t:|1701060863\n|move|p2a: Alomomola|Wish|p2a: Alomomola\n|cant|p1a: Dondozo|slp\n|move|p1a: Dondozo|Sleep Talk|p1a: Dondozo\n|move|p1a: Dondozo|Rest||[from]move: Sleep Talk|[still]\n|-fail|p1a: Dondozo\n|\n|-heal|p2a: Alomomola|100\/100|[from] item: Leftovers\n|upkeep\n|turn|39\n|\n|t:|1701060873\n|switch|p2a: Crawdaunt|Crawdaunt, F|49\/100\n|-damage|p2a: Crawdaunt|37\/100|[from] Stealth Rock\n|-curestatus|p1a: Dondozo|slp|[msg]\n|move|p1a: Dondozo|Body Press|p2a: Crawdaunt\n|-supereffective|p2a: Crawdaunt\n|-damage|p2a: Crawdaunt|0 fnt\n|faint|p2a: Crawdaunt\n|\n|upkeep\n|\n|t:|1701060883\n|switch|p2a: Venusaur|Venusaur-Mega, M|79\/100\n|-damage|p2a: Venusaur|66\/100|[from] Stealth Rock\n|turn|40\n|\n|t:|1701060888\n|switch|p1a: Blissey|Blissey, F|100\/100\n|move|p2a: Venusaur|Sludge Bomb|p1a: Blissey\n|-damage|p1a: Blissey|86\/100\n|\n|upkeep\n|turn|41\n|\n|t:|1701060895\n|switch|p2a: Donphan|Donphan, M|100\/100\n|move|p1a: Blissey|Seismic Toss|p2a: Donphan\n|-damage|p2a: Donphan|69\/100\n|\n|upkeep\n|turn|42\n|\n|t:|1701060911\n|switch|p1a: Moltres|Moltres|49\/100\n|move|p2a: Donphan|Stone Edge|p1a: Moltres\n|-supereffective|p1a: Moltres\n|-damage|p1a: Moltres|0 fnt\n|faint|p1a: Moltres\n|\n|upkeep\n|\n|t:|1701060916\n|switch|p1a: Dondozo|Dondozo, F|100\/100\n|turn|43\n|\n|t:|1701060921\n|switch|p2a: Venusaur|Venusaur-Mega, M|66\/100\n|-damage|p2a: Venusaur|54\/100|[from] Stealth Rock\n|move|p1a: Dondozo|Liquidation|p2a: Venusaur\n|-resisted|p2a: Venusaur\n|-damage|p2a: Venusaur|42\/100\n|-unboost|p2a: Venusaur|def|1\n|\n|upkeep\n|turn|44\n|\n|t:|1701060930\n|switch|p1a: Blissey|Blissey, F|86\/100\n|move|p2a: Venusaur|Giga Drain|p1a: Blissey\n|-damage|p1a: Blissey|75\/100\n|-heal|p2a: Venusaur|55\/100|[from] drain|[of] p1a: Blissey\n|\n|upkeep\n|turn|45\n|\n|t:|1701060937\n|switch|p2a: Alomomola|Alomomola, M|100\/100\n|-damage|p2a: Alomomola|88\/100|[from] Stealth Rock\n|move|p1a: Blissey|Seismic Toss|p2a: Alomomola\n|-damage|p2a: Alomomola|67\/100\n|\n|-heal|p2a: Alomomola|73\/100|[from] item: Leftovers\n|upkeep\n|turn|46\n|\n|t:|1701060947\n|switch|p1a: Clodsire|Clodsire, M|94\/100\n|move|p2a: Alomomola|Wish|p2a: Alomomola\n|\n|-heal|p2a: Alomomola|79\/100|[from] item: Leftovers\n|upkeep\n|turn|47\n|\n|t:|1701060954\n|switch|p2a: Venusaur|Venusaur-Mega, M|55\/100\n|-damage|p2a: Venusaur|42\/100|[from] Stealth Rock\n|move|p1a: Clodsire|Earthquake|p2a: Venusaur\n|-damage|p2a: Venusaur|17\/100\n|\n|-heal|p2a: Venusaur|95\/100|[from] move: Wish|[wisher] Alomomola\n|upkeep\n|turn|48\n|\n|t:|1701060964\n|move|p2a: Venusaur|Sleep Powder|p1a: Clodsire\n|-status|p1a: Clodsire|slp|[from] move: Sleep Powder\n|cant|p1a: Clodsire|slp\n|\n|upkeep\n|turn|49\n|\n|t:|1701060970\n|move|p2a: Venusaur|Earth Power|p1a: Clodsire\n|-supereffective|p1a: Clodsire\n|-damage|p1a: Clodsire|60\/100 slp\n|cant|p1a: Clodsire|slp\n|\n|upkeep\n|turn|50\n|\n|t:|1701060976\n|switch|p1a: Blissey|Blissey, F|75\/100\n|move|p2a: Venusaur|Earth Power|p1a: Blissey\n|-damage|p1a: Blissey|67\/100\n|\n|upkeep\n|turn|51\n|\n|t:|1701060983\n|switch|p2a: Alomomola|Alomomola, M|100\/100\n|-damage|p2a: Alomomola|88\/100|[from] Stealth Rock\n|move|p1a: Blissey|Seismic Toss|p2a: Alomomola\n|-damage|p2a: Alomomola|67\/100\n|\n|-heal|p2a: Alomomola|73\/100|[from] item: Leftovers\n|upkeep\n|turn|52\n|\n|t:|1701060992\n|switch|p1a: Clodsire|Clodsire, M|60\/100 slp\n|move|p2a: Alomomola|Wish|p2a: Alomomola\n|\n|-heal|p2a: Alomomola|79\/100|[from] item: Leftovers\n|upkeep\n|turn|53\n|inactive|0xyt0c1njunk1e has 120 seconds left.\n|inactive|0xyt0c1njunk1e has 90 seconds left.\n|\n|t:|1701061069\n|switch|p2a: Donphan|Donphan, M|69\/100\n|-curestatus|p1a: Clodsire|slp|[msg]\n|move|p1a: Clodsire|Earthquake|p2a: Donphan\n|-damage|p2a: Donphan|49\/100\n|\n|-heal|p2a: Donphan|100\/100|[from] move: Wish|[wisher] Alomomola\n|upkeep\n|turn|54\n|\n|t:|1701061080\n|switch|p1a: Dondozo|Dondozo, F|100\/100\n|-terastallize|p2a: Donphan|Ground\n|move|p2a: Donphan|Earthquake|p1a: Dondozo\n|-damage|p1a: Dondozo|71\/100\n|\n|upkeep\n|turn|55\n|\n|t:|1701061104\n|switch|p2a: Venusaur|Venusaur-Mega, M|95\/100\n|-damage|p2a: Venusaur|83\/100|[from] Stealth Rock\n|move|p1a: Dondozo|Body Press|p2a: Venusaur\n|-resisted|p2a: Venusaur\n|-damage|p2a: Venusaur|70\/100\n|\n|upkeep\n|turn|56\n|inactive|0xyt0c1njunk1e has 90 seconds left.\n|\n|t:|1701061113\n|switch|p1a: Blissey|Blissey, F|67\/100\n|move|p2a: Venusaur|Earth Power|p1a: Blissey\n|-damage|p1a: Blissey|58\/100\n|\n|upkeep\n|turn|57\n|\n|t:|1701061126\n|switch|p2a: Alomomola|Alomomola, M|100\/100\n|-damage|p2a: Alomomola|88\/100|[from] Stealth Rock\n|move|p1a: Blissey|Soft-Boiled|p1a: Blissey\n|-heal|p1a: Blissey|100\/100\n|\n|-heal|p2a: Alomomola|94\/100|[from] item: Leftovers\n|upkeep\n|turn|58\n|\n|t:|1701061136\n|switch|p1a: Clodsire|Clodsire, M|60\/100\n|move|p2a: Alomomola|Wish|p2a: Alomomola\n|\n|-heal|p2a: Alomomola|100\/100|[from] item: Leftovers\n|upkeep\n|turn|59\n|\n|t:|1701061145\n|switch|p2a: Venusaur|Venusaur-Mega, M|70\/100\n|-damage|p2a: Venusaur|57\/100|[from] Stealth Rock\n|move|p1a: Clodsire|Toxic|p2a: Venusaur\n|-immune|p2a: Venusaur\n|\n|-heal|p2a: Venusaur|100\/100|[from] move: Wish|[wisher] Alomomola\n|upkeep\n|turn|60\n|\n|t:|1701061156\n|switch|p1a: Blissey|Blissey, F|100\/100\n|move|p2a: Venusaur|Sludge Bomb|p1a: Blissey\n|-damage|p1a: Blissey|86\/100\n|\n|upkeep\n|turn|61\n|\n|t:|1701061166\n|switch|p2a: Donphan|Donphan, M, tera:Ground|100\/100\n|switch|p1a: Clodsire|Clodsire, M|60\/100\n|\n|upkeep\n|turn|62\n|\n|t:|1701061173\n|switch|p1a: Alomomola|Alomomola, F|100\/100\n|move|p2a: Donphan|Earthquake|p1a: Alomomola\n|-damage|p1a: Alomomola|65\/100\n|\n|upkeep\n|turn|63\n|\n|t:|1701061179\n|move|p2a: Donphan|Earthquake|p1a: Alomomola\n|-damage|p1a: Alomomola|24\/100\n|move|p1a: Alomomola|Whirlpool|p2a: Donphan\n|-supereffective|p2a: Donphan\n|-damage|p2a: Donphan|82\/100\n|-activate|p2a: Donphan|move: Whirlpool|[of] p1a: Alomomola\n|\n|-damage|p2a: Donphan|69\/100|[from] move: Whirlpool|[partiallytrapped]\n|upkeep\n|turn|64\n|\n|t:|1701061188\n|move|p1a: Alomomola|Protect|p1a: Alomomola\n|-singleturn|p1a: Alomomola|Protect\n|move|p2a: Donphan|Earthquake|p1a: Alomomola\n|-activate|p1a: Alomomola|move: Protect\n|\n|-damage|p2a: Donphan|57\/100|[from] move: Whirlpool|[partiallytrapped]\n|upkeep\n|turn|65\n|\n|t:|1701061196\n|-terastallize|p1a: Alomomola|Flying\n|move|p2a: Donphan|Earthquake|p1a: Alomomola\n|-immune|p1a: Alomomola\n|move|p1a: Alomomola|Wish|p1a: Alomomola\n|\n|-damage|p2a: Donphan|44\/100|[from] move: Whirlpool|[partiallytrapped]\n|upkeep\n|turn|66\n|\n|t:|1701061208\n|move|p1a: Alomomola|Protect|p1a: Alomomola\n|-singleturn|p1a: Alomomola|Protect\n|move|p2a: Donphan|Rapid Spin|p1a: Alomomola\n|-activate|p1a: Alomomola|move: Protect\n|\n|-heal|p1a: Alomomola|74\/100|[from] move: Wish|[wisher] Alomomola\n|-damage|p2a: Donphan|32\/100|[from] move: Whirlpool|[partiallytrapped]\n|upkeep\n|turn|67\n|\n|t:|1701061219\n|move|p2a: Donphan|Stone Edge|p1a: Alomomola|[miss]\n|-miss|p2a: Donphan|p1a: Alomomola\n|move|p1a: Alomomola|Chilling Water|p2a: Donphan\n|-supereffective|p2a: Donphan\n|-damage|p2a: Donphan|1\/100\n|-unboost|p2a: Donphan|atk|1\n|\n|-damage|p2a: Donphan|0 fnt|[from] move: Whirlpool|[partiallytrapped]\n|faint|p2a: Donphan\n|upkeep\n|-message|Huryuijujilu forfeited.\n|\n|win|0xyt0c1njunk1e\n|raw|0xyt0c1njunk1e's rating: 1374 &rarr; <strong>1392<\/strong><br \/>(+18 for winning)\n|raw|Huryuijujilu's rating: 1341 &rarr; <strong>1323<\/strong><br \/>(-18 for losing)\n|l|\u2606Huryuijujilu\n","uploadtime":1701061250,"views":3,"p1id":"0xyt0c1njunk1e","p2id":"huryuijujilu","formatid":"gen9nationaldex","rating":1323,"private":0,"password":""}