{"id":"gen9nationaldex-1998661400","p1":"alpha4k","p2":"tidaltao","format":"[Gen 9] National Dex","log":"|html|<div class=\"broadcast-blue\"><strong>[Gen 9] National Dex is currently suspecting Sneasler! For information on how to participate check out the <a href=\"https:\/\/www.smogon.com\/forums\/threads\/sv-national-dex-suspect-8-just-dance.3731534\/\">suspect thread<\/a>.<\/strong><\/div>\n|j|\u2606alpha4k\n|j|\u2606tidaltao\n|t:|1700969064\n|gametype|singles\n|player|p1|alpha4k|266|\n|player|p2|tidaltao|roxanne|\n|teamsize|p1|6\n|teamsize|p2|6\n|gen|9\n|tier|[Gen 9] National Dex\n|rule|HP Percentage Mod: HP is shown in percentages\n|rule|Endless Battle Clause: Forcing endless battles is banned\n|rule|OHKO Clause: OHKO moves are banned\n|rule|Evasion Clause: Evasion abilities, items, and moves are banned\n|rule|Evasion Abilities Clause: Evasion abilities are banned\n|rule|Evasion Items Clause: Evasion items are banned\n|rule|Evasion Moves Clause: Evasion moves are banned\n|rule|Species Clause: Limit one of each Pok\u00e9mon\n|rule|Sleep Clause Mod: Limit one foe put to sleep\n|clearpoke\n|poke|p1|Duraludon, F|\n|poke|p1|Breloom, F|\n|poke|p1|Slither Wing|\n|poke|p1|Great Tusk|\n|poke|p1|Lilligant-Hisui, F|\n|poke|p1|Blissey, F|\n|poke|p2|Charizard, M|\n|poke|p2|Torkoal, F|\n|poke|p2|Venusaur, F|\n|poke|p2|Skarmory, M|\n|poke|p2|Zapdos-Galar|\n|poke|p2|Goodra-Hisui, F|\n|teampreview\n|j| Megakid20\n|\n|t:|1700969079\n|start\n|switch|p1a: Breloom|Breloom, F|100\/100\n|switch|p2a: Chicken luffy|Zapdos-Galar|100\/100\n|turn|1\n|j| NDSNEZ Strong Fire\n|j| homixide poopoo\n|\n|t:|1700969088\n|move|p2a: Chicken luffy|Brave Bird|p1a: Breloom\n|-supereffective|p1a: Breloom\n|-enditem|p1a: Breloom|Focus Sash\n|-damage|p1a: Breloom|1\/100\n|-damage|p2a: Chicken luffy|74\/100|[from] Recoil\n|move|p1a: Breloom|Spore|p2a: Chicken luffy\n|-status|p2a: Chicken luffy|slp|[from] move: Spore\n|\n|upkeep\n|turn|2\n|\n|t:|1700969095\n|cant|p2a: Chicken luffy|slp\n|move|p1a: Breloom|Rock Tomb|p2a: Chicken luffy\n|-damage|p2a: Chicken luffy|37\/100 slp\n|-unboost|p2a: Chicken luffy|spe|1\n|-ability|p2a: Chicken luffy|Defiant|boost\n|-boost|p2a: Chicken luffy|atk|2\n|\n|upkeep\n|turn|3\n|c| NDSNEZ Strong Fire|oh\n|c| NDSNEZ Strong Fire|yo\n|\n|t:|1700969105\n|switch|p2a: Turtle Luffy|Torkoal, F, shiny|100\/100\n|-weather|SunnyDay|[from] ability: Drought|[of] p2a: Turtle Luffy\n|move|p1a: Breloom|Rock Tomb|p2a: Turtle Luffy\n|-supereffective|p2a: Turtle Luffy\n|-damage|p2a: Turtle Luffy|67\/100\n|-unboost|p2a: Turtle Luffy|spe|1\n|\n|-weather|SunnyDay|[upkeep]\n|upkeep\n|turn|4\n|c| Megakid20|oh\n|j| jonglobobe\n|\n|t:|1700969116\n|move|p1a: Breloom|Rock Tomb|p2a: Turtle Luffy\n|-supereffective|p2a: Turtle Luffy\n|-damage|p2a: Turtle Luffy|31\/100\n|-unboost|p2a: Turtle Luffy|spe|1\n|move|p2a: Turtle Luffy|Stealth Rock|p1a: Breloom\n|-sidestart|p1: alpha4k|move: Stealth Rock\n|\n|-weather|SunnyDay|[upkeep]\n|upkeep\n|turn|5\n|\n|t:|1700969121\n|move|p1a: Breloom|Rock Tomb|p2a: Turtle Luffy\n|-supereffective|p2a: Turtle Luffy\n|-damage|p2a: Turtle Luffy|0 fnt\n|faint|p2a: Turtle Luffy\n|\n|-weather|SunnyDay|[upkeep]\n|upkeep\n|c| Megakid20|this battle is all gas no break bruh\n|\n|t:|1700969131\n|switch|p2a: Green Luffy|Venusaur, F|100\/100\n|turn|6\n|j| Keykard\n|\n|t:|1700969139\n|move|p1a: Breloom|Mach Punch|p2a: Green Luffy\n|-resisted|p2a: Green Luffy\n|-damage|p2a: Green Luffy|81\/100\n|move|p2a: Green Luffy|Weather Ball|p1a: Breloom\n|-supereffective|p1a: Breloom\n|-damage|p1a: Breloom|0 fnt\n|faint|p1a: Breloom\n|-damage|p2a: Green Luffy|71\/100|[from] item: Life Orb\n|\n|-weather|SunnyDay|[upkeep]\n|upkeep\n|\n|t:|1700969155\n|switch|p1a: Duraludon|Duraludon, F|100\/100\n|-damage|p1a: Duraludon|94\/100|[from] Stealth Rock\n|turn|7\n|c| NDSNEZ Strong Fire|bro\n|\n|t:|1700969175\n|-terastallize|p2a: Green Luffy|Fairy\n|move|p2a: Green Luffy|Earth Power|p1a: Duraludon\n|-supereffective|p1a: Duraludon\n|-damage|p1a: Duraludon|0 fnt\n|faint|p1a: Duraludon\n|-damage|p2a: Green Luffy|61\/100|[from] item: Life Orb\n|\n|-weather|SunnyDay|[upkeep]\n|upkeep\n|c| NDSNEZ Strong Fire|its the fucking duraludon\n|j| xaviersobased\n|c| Megakid20|lmao\n|c| NDSNEZ Strong Fire|can we never bring this mon ever again\n|\n|t:|1700969188\n|switch|p1a: Lilligant|Lilligant-Hisui, F, shiny|100\/100\n|-damage|p1a: Lilligant|94\/100|[from] Stealth Rock\n|turn|8\n|c|\u2606alpha4k|y\n|c|\u2606alpha4k|hes awesome\n|\n|t:|1700969201\n|-terastallize|p1a: Lilligant|Water\n|move|p1a: Lilligant|Leaf Blade|p2a: Green Luffy\n|-damage|p2a: Green Luffy|0 fnt\n|faint|p2a: Green Luffy\n|-damage|p1a: Lilligant|84\/100|[from] item: Life Orb\n|\n|-weather|SunnyDay|[upkeep]\n|upkeep\n|c| xaviersobased|is lilligant supposed to be that large\n|c| xaviersobased|or is my game glitched\n|c| NDSNEZ Strong Fire|no lilligant is just big\n|l| Keykard\n|j| Keykard\n|\n|t:|1700969334\n|switch|p2a: Metal Luffy|Skarmory, M|100\/100\n|turn|9\n|\n|t:|1700969353\n|switch|p1a: Blissey|Blissey, F|100\/100\n|-damage|p1a: Blissey|88\/100|[from] Stealth Rock\n|move|p2a: Metal Luffy|Iron Defense|p2a: Metal Luffy\n|-boost|p2a: Metal Luffy|def|2\n|\n|-weather|SunnyDay|[upkeep]\n|-heal|p1a: Blissey|94\/100|[from] item: Leftovers\n|upkeep\n|turn|10\n|\n|t:|1700969357\n|move|p2a: Metal Luffy|Body Press|p1a: Blissey\n|-supereffective|p1a: Blissey\n|-damage|p1a: Blissey|0 fnt\n|faint|p1a: Blissey\n|\n|-weather|none\n|upkeep\n|\n|t:|1700969361\n|switch|p1a: Slither Wing|Slither Wing|100\/100\n|-damage|p1a: Slither Wing|88\/100|[from] Stealth Rock\n|turn|11\n|\n|t:|1700969374\n|switch|p2a: goob luffy|Goodra-Hisui, F|100\/100\n|move|p1a: Slither Wing|Wild Charge|p2a: goob luffy\n|-resisted|p2a: goob luffy\n|-damage|p2a: goob luffy|80\/100\n|-damage|p1a: Slither Wing|82\/100|[from] Recoil\n|-damage|p1a: Slither Wing|72\/100|[from] item: Life Orb\n|\n|upkeep\n|turn|12\n|\n|t:|1700969379\n|move|p1a: Slither Wing|Earthquake|p2a: goob luffy\n|-supereffective|p2a: goob luffy\n|-damage|p2a: goob luffy|0 fnt\n|faint|p2a: goob luffy\n|-damage|p1a: Slither Wing|62\/100|[from] item: Life Orb\n|\n|upkeep\n|\n|t:|1700969389\n|switch|p2a: Dragon Luffy|Charizard, M, shiny|100\/100\n|turn|13\n|\n|t:|1700969396\n|detailschange|p2a: Dragon Luffy|Charizard-Mega-Y, M, shiny\n|-mega|p2a: Dragon Luffy|Charizard|Charizardite Y\n|-weather|SunnyDay|[from] ability: Drought|[of] p2a: Dragon Luffy\n|-activate|p1a: Slither Wing|ability: Protosynthesis\n|-start|p1a: Slither Wing|protosynthesisatk\n|move|p2a: Dragon Luffy|Flamethrower|p1a: Slither Wing\n|-supereffective|p1a: Slither Wing\n|-damage|p1a: Slither Wing|0 fnt\n|faint|p1a: Slither Wing\n|-end|p1a: Slither Wing|Protosynthesis|[silent]\n|\n|-weather|SunnyDay|[upkeep]\n|upkeep\n|\n|t:|1700969399\n|switch|p1a: Great Tusk|Great Tusk|100\/100\n|-activate|p1a: Great Tusk|ability: Protosynthesis\n|-start|p1a: Great Tusk|protosynthesisspe\n|turn|14\n|\n|t:|1700969406\n|switch|p2a: Metal Luffy|Skarmory, M|100\/100\n|move|p1a: Great Tusk|Head Smash|p2a: Metal Luffy\n|-damage|p2a: Metal Luffy|71\/100\n|-damage|p1a: Great Tusk|84\/100|[from] item: Rocky Helmet|[of] p2a: Metal Luffy\n|-damage|p1a: Great Tusk|73\/100|[from] Recoil\n|\n|-weather|SunnyDay|[upkeep]\n|upkeep\n|turn|15\n|\n|t:|1700969416\n|move|p1a: Great Tusk|Knock Off|p2a: Metal Luffy\n|-damage|p2a: Metal Luffy|53\/100\n|-damage|p1a: Great Tusk|56\/100|[from] item: Rocky Helmet|[of] p2a: Metal Luffy\n|-enditem|p2a: Metal Luffy|Rocky Helmet|[from] move: Knock Off|[of] p1a: Great Tusk\n|move|p2a: Metal Luffy|Iron Defense|p2a: Metal Luffy\n|-boost|p2a: Metal Luffy|def|2\n|\n|-weather|SunnyDay|[upkeep]\n|upkeep\n|turn|16\n|\n|t:|1700969420\n|move|p1a: Great Tusk|Head Smash|p2a: Metal Luffy\n|-damage|p2a: Metal Luffy|40\/100\n|-damage|p1a: Great Tusk|51\/100|[from] Recoil\n|move|p2a: Metal Luffy|Roost|p2a: Metal Luffy\n|-heal|p2a: Metal Luffy|90\/100\n|-singleturn|p2a: Metal Luffy|move: Roost\n|\n|-weather|SunnyDay|[upkeep]\n|upkeep\n|turn|17\n|c| NDSNEZ Strong Fire|is it paul\n|\n|t:|1700969427\n|-end|p1a: Great Tusk|Protosynthesis|[silent]\n|switch|p1a: Lilligant|Lilligant-Hisui, F, shiny, tera:Water|84\/100\n|-damage|p1a: Lilligant|72\/100|[from] Stealth Rock\n|move|p2a: Metal Luffy|Iron Defense|p2a: Metal Luffy\n|-boost|p2a: Metal Luffy|def|2\n|\n|-weather|none\n|upkeep\n|turn|18\n|\n|t:|1700969432\n|move|p1a: Lilligant|Close Combat|p2a: Metal Luffy\n|-damage|p2a: Metal Luffy|74\/100\n|-unboost|p1a: Lilligant|def|1\n|-unboost|p1a: Lilligant|spd|1\n|-damage|p1a: Lilligant|62\/100|[from] item: Life Orb\n|move|p2a: Metal Luffy|Body Press|p1a: Lilligant\n|-damage|p1a: Lilligant|0 fnt\n|faint|p1a: Lilligant\n|\n|upkeep\n|c| Keykard|Cammmm\n|\n|t:|1700969434\n|switch|p1a: Great Tusk|Great Tusk|51\/100\n|turn|19\n|\n|t:|1700969436\n|move|p1a: Great Tusk|Head Smash|p2a: Metal Luffy\n|-damage|p2a: Metal Luffy|65\/100\n|-damage|p1a: Great Tusk|47\/100|[from] Recoil\n|move|p2a: Metal Luffy|Body Press|p1a: Great Tusk\n|-damage|p1a: Great Tusk|0 fnt\n|faint|p1a: Great Tusk\n|-end|p1a: Great Tusk|Protosynthesis|[silent]\n|\n|win|tidaltao\n|c|\u2606alpha4k|ggs\n|c|\u2606tidaltao|ggs\n|l|\u2606alpha4k\n|l|\u2606tidaltao\n|l| NDSNEZ Strong Fire\n|j| NDSNEZ Strong Fire\n","uploadtime":1700969459,"views":13,"p1id":"alpha4k","p2id":"tidaltao","formatid":"gen9nationaldex","rating":0,"private":0,"password":""}