{"id":"gen9nationaldex-1992561179","p1":"waxs","p2":"DarmanitanYeti","format":"[Gen 9] National Dex","log":"|j|\u2606waxs\n|j|\u2606DarmanitanYeti\n|t:|1700206035\n|gametype|singles\n|player|p1|waxs|lisia-masters|1374\n|player|p2|DarmanitanYeti|cynthia-gen4|1465\n|teamsize|p1|6\n|teamsize|p2|6\n|gen|9\n|tier|[Gen 9] National Dex\n|rated|\n|rule|HP Percentage Mod: HP is shown in percentages\n|rule|Endless Battle Clause: Forcing endless battles is banned\n|rule|OHKO Clause: OHKO moves are banned\n|rule|Evasion Clause: Evasion abilities, items, and moves are banned\n|rule|Evasion Abilities Clause: Evasion abilities are banned\n|rule|Evasion Items Clause: Evasion items are banned\n|rule|Evasion Moves Clause: Evasion moves are banned\n|rule|Species Clause: Limit one of each Pok\u00e9mon\n|rule|Sleep Clause Mod: Limit one foe put to sleep\n|clearpoke\n|poke|p1|Gardevoir, M|\n|poke|p1|Landorus-Therian, M|\n|poke|p1|Slowking, F|\n|poke|p1|Volcarona, F|\n|poke|p1|Iron Hands|\n|poke|p1|Tapu Koko|\n|poke|p2|Garchomp, M|\n|poke|p2|Charizard, F|\n|poke|p2|Heatran, M|\n|poke|p2|Great Tusk|\n|poke|p2|Rotom-Wash|\n|poke|p2|Tapu Koko|\n|teampreview\n|inactive|Battle timer is ON: inactive players will automatically lose when time's up. (requested by waxs)\n|\n|t:|1700206048\n|start\n|switch|p1a: Gardevoir|Gardevoir, M|100\/100\n|switch|p2a: Kokodile|Tapu Koko, shiny|100\/100\n|-fieldstart|move: Electric Terrain|[from] ability: Electric Surge|[of] p2a: Kokodile\n|turn|1\n|\n|t:|1700206054\n|detailschange|p1a: Gardevoir|Gardevoir-Mega, M\n|-mega|p1a: Gardevoir|Gardevoir|Gardevoirite\n|move|p2a: Kokodile|Volt Switch|p1a: Gardevoir\n|-damage|p1a: Gardevoir|64\/100\n|\n|t:|1700206057\n|switch|p2a: Counter God|Heatran, M|100\/100|[from] Volt Switch\n|move|p1a: Gardevoir|Hyper Voice|p2a: Counter God\n|-resisted|p2a: Counter God\n|-damage|p2a: Counter God|91\/100\n|\n|-heal|p2a: Counter God|97\/100|[from] item: Leftovers\n|upkeep\n|turn|2\n|\n|t:|1700206064\n|switch|p1a: Slowking|Slowking, F|100\/100\n|move|p2a: Counter God|Magma Storm|p1a: Slowking\n|-resisted|p1a: Slowking\n|-damage|p1a: Slowking|92\/100\n|-activate|p1a: Slowking|move: Magma Storm|[of] p2a: Counter God\n|\n|-heal|p2a: Counter God|100\/100|[from] item: Leftovers\n|-damage|p1a: Slowking|80\/100|[from] move: Magma Storm|[partiallytrapped]\n|upkeep\n|turn|3\n|\n|t:|1700206066\n|move|p2a: Counter God|Toxic|p1a: Slowking\n|-status|p1a: Slowking|tox\n|move|p1a: Slowking|Scald|p2a: Counter God\n|-supereffective|p2a: Counter God\n|-damage|p2a: Counter God|63\/100\n|\n|-heal|p2a: Counter God|69\/100|[from] item: Leftovers\n|-damage|p1a: Slowking|74\/100 tox|[from] psn\n|-damage|p1a: Slowking|61\/100 tox|[from] move: Magma Storm|[partiallytrapped]\n|upkeep\n|turn|4\n|\n|t:|1700206070\n|switch|p2a: Kokodile|Tapu Koko, shiny|100\/100\n|move|p1a: Slowking|Scald|p2a: Kokodile\n|-damage|p2a: Kokodile|53\/100\n|\n|-damage|p1a: Slowking|49\/100 tox|[from] psn\n|-end|p1a: Slowking|Magma Storm|[partiallytrapped]|[silent]\n|upkeep\n|turn|5\n|\n|t:|1700206076\n|switch|p1a: Landorus|Landorus-Therian, M|100\/100\n|-ability|p1a: Landorus|Intimidate|boost\n|-unboost|p2a: Kokodile|atk|1\n|move|p2a: Kokodile|Hidden Power|p1a: Landorus\n|-supereffective|p1a: Landorus\n|-damage|p1a: Landorus|27\/100\n|\n|-heal|p1a: Landorus|33\/100|[from] item: Leftovers\n|-fieldend|move: Electric Terrain\n|upkeep\n|turn|6\n|\n|t:|1700206082\n|switch|p1a: Iron Hands|Iron Hands|100\/100\n|move|p2a: Kokodile|Dazzling Gleam|p1a: Iron Hands\n|-supereffective|p1a: Iron Hands\n|-damage|p1a: Iron Hands|57\/100\n|\n|upkeep\n|turn|7\n|\n|t:|1700206088\n|move|p2a: Kokodile|Volt Switch|p1a: Iron Hands\n|-resisted|p1a: Iron Hands\n|-damage|p1a: Iron Hands|48\/100\n|\n|t:|1700206090\n|switch|p2a: Great Lando T-usk|Great Tusk|100\/100|[from] Volt Switch\n|move|p1a: Iron Hands|Volt Switch|p2a: Great Lando T-usk\n|-immune|p2a: Great Lando T-usk\n|\n|upkeep\n|turn|8\n|\n|t:|1700206095\n|-end|p1a: Iron Hands|Quark Drive|[silent]\n|switch|p1a: Landorus|Landorus-Therian, M|33\/100\n|-ability|p1a: Landorus|Intimidate|boost\n|-unboost|p2a: Great Lando T-usk|atk|1\n|move|p2a: Great Lando T-usk|Knock Off|p1a: Landorus\n|-damage|p1a: Landorus|20\/100\n|-enditem|p1a: Landorus|Leftovers|[from] move: Knock Off|[of] p2a: Great Lando T-usk\n|\n|upkeep\n|turn|9\n|\n|t:|1700206100\n|move|p2a: Great Lando T-usk|Rapid Spin|p1a: Landorus\n|-damage|p1a: Landorus|13\/100\n|-boost|p2a: Great Lando T-usk|spe|1\n|move|p1a: Landorus|Stealth Rock|p2a: Great Lando T-usk\n|-sidestart|p2: DarmanitanYeti|move: Stealth Rock\n|\n|upkeep\n|turn|10\n|\n|t:|1700206104\n|move|p2a: Great Lando T-usk|Rapid Spin|p1a: Landorus\n|-damage|p1a: Landorus|5\/100\n|-boost|p2a: Great Lando T-usk|spe|1\n|-sideend|p2: DarmanitanYeti|Stealth Rock|[from] move: Rapid Spin|[of] p2a: Great Lando T-usk\n|move|p1a: Landorus|U-turn|p2a: Great Lando T-usk\n|-resisted|p2a: Great Lando T-usk\n|-damage|p2a: Great Lando T-usk|95\/100\n|\n|t:|1700206111\n|switch|p1a: Volcarona|Volcarona, F|100\/100|[from] U-turn\n|\n|-heal|p2a: Great Lando T-usk|100\/100|[from] item: Leftovers\n|upkeep\n|turn|11\n|\n|t:|1700206126\n|-end|p2a: Great Lando T-usk|Protosynthesis|[silent]\n|switch|p2a: Counter God|Heatran, M|69\/100\n|move|p1a: Volcarona|Giga Drain|p2a: Counter God\n|-resisted|p2a: Counter God\n|-damage|p2a: Counter God|64\/100\n|\n|-heal|p2a: Counter God|70\/100|[from] item: Leftovers\n|upkeep\n|turn|12\n|\n|t:|1700206131\n|move|p1a: Volcarona|Fiery Dance|p2a: Counter God\n|-start|p2a: Counter God|ability: Flash Fire\n|move|p2a: Counter God|Magma Storm|p1a: Volcarona|[miss]\n|-miss|p2a: Counter God|p1a: Volcarona\n|\n|-heal|p2a: Counter God|76\/100|[from] item: Leftovers\n|upkeep\n|turn|13\n|\n|t:|1700206144\n|move|p1a: Volcarona|Quiver Dance|p1a: Volcarona\n|-boost|p1a: Volcarona|spa|1\n|-boost|p1a: Volcarona|spd|1\n|-boost|p1a: Volcarona|spe|1\n|move|p2a: Counter God|Magma Storm|p1a: Volcarona\n|-damage|p1a: Volcarona|57\/100\n|-activate|p1a: Volcarona|move: Magma Storm|[of] p2a: Counter God\n|\n|-heal|p2a: Counter God|83\/100|[from] item: Leftovers\n|-damage|p1a: Volcarona|45\/100|[from] move: Magma Storm|[partiallytrapped]\n|upkeep\n|turn|14\n|\n|t:|1700206150\n|-terastallize|p1a: Volcarona|Ground\n|-terastallize|p2a: Counter God|Flying\n|move|p1a: Volcarona|Tera Blast|p2a: Counter God|[anim] Tera Blast Ground\n|-immune|p2a: Counter God\n|move|p2a: Counter God|Toxic|p1a: Volcarona\n|-status|p1a: Volcarona|tox\n|\n|-heal|p2a: Counter God|89\/100|[from] item: Leftovers\n|-damage|p1a: Volcarona|39\/100 tox|[from] psn\n|-damage|p1a: Volcarona|27\/100 tox|[from] move: Magma Storm|[partiallytrapped]\n|upkeep\n|turn|15\n|c|\u2606DarmanitanYeti|His name is counter God\n|c|\u2606DarmanitanYeti|XD\n|\n|t:|1700206172\n|move|p1a: Volcarona|Giga Drain|p2a: Counter God\n|-resisted|p2a: Counter God\n|-crit|p2a: Counter God\n|-damage|p2a: Counter God|68\/100\n|-heal|p1a: Volcarona|40\/100 tox|[from] drain|[of] p2a: Counter God\n|move|p2a: Counter God|Magma Storm|p1a: Volcarona\n|-damage|p1a: Volcarona|0 fnt\n|faint|p1a: Volcarona\n|\n|-heal|p2a: Counter God|74\/100|[from] item: Leftovers\n|upkeep\n|\n|t:|1700206179\n|switch|p1a: Tapu Koko|Tapu Koko|100\/100\n|-fieldstart|move: Electric Terrain|[from] ability: Electric Surge|[of] p1a: Tapu Koko\n|turn|16\n|\n|t:|1700206187\n|move|p1a: Tapu Koko|Thunderbolt|p2a: Counter God\n|-supereffective|p2a: Counter God\n|-crit|p2a: Counter God\n|-damage|p2a: Counter God|0 fnt\n|faint|p2a: Counter God\n|\n|upkeep\n|\n|t:|1700206193\n|switch|p2a: Doragon cro|Charizard, F|100\/100\n|turn|17\n|\n|t:|1700206196\n|switch|p2a: Great Lando T-usk|Great Tusk|100\/100\n|move|p1a: Tapu Koko|U-turn|p2a: Great Lando T-usk\n|-resisted|p2a: Great Lando T-usk\n|-damage|p2a: Great Lando T-usk|97\/100\n|\n|t:|1700206199\n|switch|p1a: Gardevoir|Gardevoir-Mega, M|64\/100|[from] U-turn\n|\n|-heal|p2a: Great Lando T-usk|100\/100|[from] item: Leftovers\n|upkeep\n|turn|18\n|\n|t:|1700206221\n|-end|p2a: Great Lando T-usk|Protosynthesis|[silent]\n|switch|p2a: Kokodile|Tapu Koko, shiny|53\/100\n|move|p1a: Gardevoir|Hyper Voice|p2a: Kokodile\n|-damage|p2a: Kokodile|0 fnt\n|faint|p2a: Kokodile\n|\n|upkeep\n|\n|t:|1700206223\n|switch|p2a: Doragon cro|Charizard, F|100\/100\n|turn|19\n|\n|t:|1700206227\n|switch|p1a: Slowking|Slowking, F|82\/100 tox\n|detailschange|p2a: Doragon cro|Charizard-Mega-Y, F\n|-mega|p2a: Doragon cro|Charizard|Charizardite Y\n|-weather|SunnyDay|[from] ability: Drought|[of] p2a: Doragon cro\n|move|p2a: Doragon cro|Flame Charge|p1a: Slowking\n|-resisted|p1a: Slowking\n|-damage|p1a: Slowking|69\/100 tox\n|-boost|p2a: Doragon cro|spe|1\n|\n|-weather|SunnyDay|[upkeep]\n|-damage|p1a: Slowking|63\/100 tox|[from] psn\n|upkeep\n|turn|20\n|\n|t:|1700206232\n|move|p2a: Doragon cro|Solar Beam||[still]\n|-prepare|p2a: Doragon cro|Solar Beam\n|-anim|p2a: Doragon cro|Solar Beam|p1a: Slowking\n|-supereffective|p1a: Slowking\n|-damage|p1a: Slowking|23\/100 tox\n|move|p1a: Slowking|Future Sight|p2a: Doragon cro\n|-start|p1a: Slowking|move: Future Sight\n|\n|-weather|SunnyDay|[upkeep]\n|-damage|p1a: Slowking|11\/100 tox|[from] psn\n|-fieldend|move: Electric Terrain\n|upkeep\n|turn|21\n|\n|t:|1700206245\n|move|p2a: Doragon cro|Weather Ball|p1a: Slowking\n|-resisted|p1a: Slowking\n|-damage|p1a: Slowking|0 fnt\n|faint|p1a: Slowking\n|\n|-weather|SunnyDay|[upkeep]\n|upkeep\n|\n|t:|1700206248\n|switch|p1a: Iron Hands|Iron Hands|48\/100\n|turn|22\n|\n|t:|1700206252\n|move|p2a: Doragon cro|Weather Ball|p1a: Iron Hands\n|-damage|p1a: Iron Hands|0 fnt\n|faint|p1a: Iron Hands\n|-end|p1a: Iron Hands|Quark Drive|[silent]\n|\n|-weather|SunnyDay|[upkeep]\n|-end|p2a: Doragon cro|move: Future Sight\n|-damage|p2a: Doragon cro|59\/100\n|upkeep\n|\n|t:|1700206255\n|switch|p1a: Tapu Koko|Tapu Koko|100\/100\n|-fieldstart|move: Electric Terrain|[from] ability: Electric Surge|[of] p1a: Tapu Koko\n|turn|23\n|\n|t:|1700206258\n|move|p2a: Doragon cro|Weather Ball|p1a: Tapu Koko\n|-damage|p1a: Tapu Koko|0 fnt\n|faint|p1a: Tapu Koko\n|\n|-weather|none\n|upkeep\n|-message|waxs forfeited.\n|\n|win|DarmanitanYeti\n|raw|waxs's rating: 1374 &rarr; <strong>1359<\/strong><br \/>(-15 for losing)\n|raw|DarmanitanYeti's rating: 1465 &rarr; <strong>1480<\/strong><br \/>(+15 for winning)\n|l|\u2606waxs\n","uploadtime":1700206528,"views":15,"p1id":"waxs","p2id":"darmanitanyeti","formatid":"gen9nationaldex","rating":1359,"private":0,"password":""}