{"id":"gen9nationaldex-1999219409","p1":"nezephet","p2":"h0t water","format":"[Gen 9] National Dex","log":"|html|<div class=\"broadcast-blue\"><strong>[Gen 9] National Dex is currently suspecting Sneasler! For information on how to participate check out the <a href=\"https:\/\/www.smogon.com\/forums\/threads\/sv-national-dex-suspect-8-just-dance.3731534\/\">suspect thread<\/a>.<\/strong><\/div>\n|j|\u2606nezephet\n|j|\u2606h0t water\n|t:|1701046961\n|gametype|singles\n|player|p1|nezephet|1|1164\n|player|p2|h0t water|170|1279\n|teamsize|p1|6\n|teamsize|p2|6\n|gen|9\n|tier|[Gen 9] National Dex\n|rated|\n|rule|HP Percentage Mod: HP is shown in percentages\n|rule|Endless Battle Clause: Forcing endless battles is banned\n|rule|OHKO Clause: OHKO moves are banned\n|rule|Evasion Clause: Evasion abilities, items, and moves are banned\n|rule|Evasion Abilities Clause: Evasion abilities are banned\n|rule|Evasion Items Clause: Evasion items are banned\n|rule|Evasion Moves Clause: Evasion moves are banned\n|rule|Species Clause: Limit one of each Pok\u00e9mon\n|rule|Sleep Clause Mod: Limit one foe put to sleep\n|clearpoke\n|poke|p1|Ogerpon-Wellspring, F|\n|poke|p1|Ribombee, M|\n|poke|p1|Great Tusk|\n|poke|p1|Iron Moth|\n|poke|p1|Iron Thorns|\n|poke|p1|Clodsire, M|\n|poke|p2|Iron Valiant|\n|poke|p2|Ribombee, F|\n|poke|p2|Grimmsnarl, M|\n|poke|p2|Blaziken, F|\n|poke|p2|Porygon-Z|\n|poke|p2|Haxorus, F|\n|teampreview\n|inactive|Battle timer is ON: inactive players will automatically lose when time's up. (requested by h0t water)\n|\n|t:|1701046968\n|start\n|switch|p1a: Ribombee|Ribombee, M|100\/100\n|switch|p2a: Porygon-Z|Porygon-Z|100\/100\n|turn|1\n|\n|t:|1701046974\n|move|p1a: Ribombee|Stun Spore|p2a: Porygon-Z\n|-status|p2a: Porygon-Z|par\n|move|p2a: Porygon-Z|Trick|p1a: Ribombee\n|-activate|p2a: Porygon-Z|move: Trick|[of] p1a: Ribombee\n|-item|p1a: Ribombee|Choice Specs|[from] move: Trick\n|-item|p2a: Porygon-Z|Focus Sash|[from] move: Trick\n|\n|upkeep\n|turn|2\n|\n|t:|1701046996\n|switch|p2a: Ribombee|Ribombee, F|100\/100\n|move|p1a: Ribombee|Sticky Web|p2a: Ribombee\n|-sidestart|p2: h0t water|move: Sticky Web\n|\n|upkeep\n|turn|3\n|\n|t:|1701047004\n|switch|p1a: Iron Moth|Iron Moth|100\/100\n|-enditem|p1a: Iron Moth|Booster Energy\n|-activate|p1a: Iron Moth|ability: Quark Drive|[fromitem]\n|-start|p1a: Iron Moth|quarkdrivespa\n|move|p2a: Ribombee|Sticky Web|p1a: Iron Moth\n|-sidestart|p1: nezephet|move: Sticky Web\n|\n|upkeep\n|turn|4\n|\n|t:|1701047017\n|move|p2a: Ribombee|Stun Spore|p1a: Iron Moth\n|-status|p1a: Iron Moth|par\n|cant|p1a: Iron Moth|par\n|\n|upkeep\n|turn|5\n|\n|t:|1701047044\n|move|p2a: Ribombee|Moonblast|p1a: Iron Moth\n|-resisted|p1a: Iron Moth\n|-damage|p1a: Iron Moth|90\/100 par\n|-unboost|p1a: Iron Moth|spa|1\n|move|p1a: Iron Moth|Substitute|p1a: Iron Moth\n|-start|p1a: Iron Moth|Substitute\n|-damage|p1a: Iron Moth|65\/100 par\n|\n|upkeep\n|turn|6\n|\n|t:|1701047050\n|switch|p2a: Porygon-Z|Porygon-Z|100\/100 par\n|-activate|p2a: Porygon-Z|move: Sticky Web\n|-unboost|p2a: Porygon-Z|spe|1\n|move|p1a: Iron Moth|Fiery Dance|p2a: Porygon-Z\n|-damage|p2a: Porygon-Z|47\/100 par\n|\n|upkeep\n|turn|7\n|\n|t:|1701047058\n|move|p1a: Iron Moth|Fiery Dance|p2a: Porygon-Z\n|-damage|p2a: Porygon-Z|0 fnt\n|faint|p2a: Porygon-Z\n|\n|upkeep\n|\n|t:|1701047061\n|switch|p2a: Grimmsnarl|Grimmsnarl, M|100\/100\n|-activate|p2a: Grimmsnarl|move: Sticky Web\n|-unboost|p2a: Grimmsnarl|spe|1\n|turn|8\n|\n|t:|1701047066\n|move|p2a: Grimmsnarl|Light Screen|p2a: Grimmsnarl\n|-sidestart|p2: h0t water|move: Light Screen\n|move|p1a: Iron Moth|Fiery Dance|p2a: Grimmsnarl\n|-crit|p2a: Grimmsnarl\n|-damage|p2a: Grimmsnarl|39\/100\n|\n|upkeep\n|turn|9\n|\n|t:|1701047072\n|move|p2a: Grimmsnarl|Parting Shot|p1a: Iron Moth\n|-unboost|p1a: Iron Moth|atk|1\n|-unboost|p1a: Iron Moth|spa|1\n|\n|t:|1701047074\n|switch|p2a: Blaziken|Blaziken, F|100\/100|[from] Parting Shot\n|-activate|p2a: Blaziken|move: Sticky Web\n|-unboost|p2a: Blaziken|spe|1\n|move|p1a: Iron Moth|Fiery Dance|p2a: Blaziken\n|-resisted|p2a: Blaziken\n|-damage|p2a: Blaziken|89\/100\n|-boost|p1a: Iron Moth|spa|1\n|\n|upkeep\n|turn|10\n|\n|t:|1701047086\n|move|p1a: Iron Moth|Fiery Dance|p2a: Blaziken\n|-resisted|p2a: Blaziken\n|-damage|p2a: Blaziken|75\/100\n|-boost|p1a: Iron Moth|spa|1\n|move|p2a: Blaziken|Hone Claws|p2a: Blaziken\n|-boost|p2a: Blaziken|atk|1\n|-boost|p2a: Blaziken|accuracy|1\n|\n|-ability|p2a: Blaziken|Speed Boost|boost\n|-boost|p2a: Blaziken|spe|1\n|upkeep\n|turn|11\n|\n|t:|1701047098\n|move|p2a: Blaziken|Stone Edge|p1a: Iron Moth\n|-supereffective|p1a: Iron Moth\n|-end|p1a: Iron Moth|Substitute\n|-damage|p2a: Blaziken|65\/100|[from] item: Life Orb\n|cant|p1a: Iron Moth|par\n|\n|-ability|p2a: Blaziken|Speed Boost|boost\n|-boost|p2a: Blaziken|spe|1\n|upkeep\n|turn|12\n|\n|t:|1701047111\n|move|p2a: Blaziken|Stone Edge|p1a: Iron Moth\n|-supereffective|p1a: Iron Moth\n|-damage|p1a: Iron Moth|0 fnt\n|faint|p1a: Iron Moth\n|-end|p1a: Iron Moth|Quark Drive|[silent]\n|-damage|p2a: Blaziken|55\/100|[from] item: Life Orb\n|\n|-ability|p2a: Blaziken|Speed Boost|boost\n|-boost|p2a: Blaziken|spe|1\n|upkeep\n|\n|t:|1701047116\n|switch|p1a: Great Tusk|Great Tusk|100\/100\n|-activate|p1a: Great Tusk|move: Sticky Web\n|-unboost|p1a: Great Tusk|spe|1\n|-enditem|p1a: Great Tusk|Booster Energy\n|-activate|p1a: Great Tusk|ability: Protosynthesis|[fromitem]\n|-start|p1a: Great Tusk|protosynthesisatk\n|turn|13\n|\n|t:|1701047123\n|-terastallize|p2a: Blaziken|Fighting\n|move|p2a: Blaziken|High Jump Kick|p1a: Great Tusk\n|-damage|p1a: Great Tusk|0 fnt\n|faint|p1a: Great Tusk\n|-end|p1a: Great Tusk|Protosynthesis|[silent]\n|-damage|p2a: Blaziken|45\/100|[from] item: Life Orb\n|\n|-ability|p2a: Blaziken|Speed Boost|boost\n|-boost|p2a: Blaziken|spe|1\n|upkeep\n|\n|t:|1701047131\n|switch|p1a: Ribombee|Ribombee, M|100\/100\n|-activate|p1a: Ribombee|move: Sticky Web\n|-unboost|p1a: Ribombee|spe|1\n|turn|14\n|\n|t:|1701047141\n|move|p2a: Blaziken|Blaze Kick|p1a: Ribombee\n|-supereffective|p1a: Ribombee\n|-crit|p1a: Ribombee\n|-damage|p1a: Ribombee|0 fnt\n|faint|p1a: Ribombee\n|-damage|p2a: Blaziken|35\/100|[from] item: Life Orb\n|\n|-ability|p2a: Blaziken|Speed Boost|boost\n|-boost|p2a: Blaziken|spe|1\n|upkeep\n|\n|t:|1701047148\n|switch|p1a: Clodsire|Clodsire, M|100\/100\n|-activate|p1a: Clodsire|move: Sticky Web\n|-unboost|p1a: Clodsire|spe|1\n|turn|15\n|\n|t:|1701047153\n|move|p2a: Blaziken|Blaze Kick|p1a: Clodsire|[miss]\n|-miss|p2a: Blaziken|p1a: Clodsire\n|move|p1a: Clodsire|Haze|p1a: Clodsire\n|-clearallboost\n|\n|-sideend|p2: h0t water|move: Light Screen\n|-ability|p2a: Blaziken|Speed Boost|boost\n|-boost|p2a: Blaziken|spe|1\n|upkeep\n|turn|16\n|\n|t:|1701047168\n|move|p2a: Blaziken|Blaze Kick|p1a: Clodsire\n|-damage|p1a: Clodsire|49\/100\n|-status|p1a: Clodsire|brn\n|-damage|p2a: Blaziken|25\/100|[from] item: Life Orb\n|move|p1a: Clodsire|Yawn|p2a: Blaziken\n|-start|p2a: Blaziken|move: Yawn|[of] p1a: Clodsire\n|\n|-heal|p1a: Clodsire|55\/100 brn|[from] item: Leftovers\n|-damage|p1a: Clodsire|49\/100 brn|[from] brn\n|-ability|p2a: Blaziken|Speed Boost|boost\n|-boost|p2a: Blaziken|spe|1\n|upkeep\n|turn|17\n|\n|t:|1701047176\n|move|p2a: Blaziken|Blaze Kick|p1a: Clodsire\n|-crit|p1a: Clodsire\n|-damage|p1a: Clodsire|0 fnt\n|faint|p1a: Clodsire\n|-damage|p2a: Blaziken|15\/100|[from] item: Life Orb\n|\n|-end|p2a: Blaziken|move: Yawn|[silent]\n|-status|p2a: Blaziken|slp\n|-ability|p2a: Blaziken|Speed Boost|boost\n|-boost|p2a: Blaziken|spe|1\n|upkeep\n|\n|t:|1701047179\n|switch|p1a: Iron Thorns|Iron Thorns|100\/100\n|-activate|p1a: Iron Thorns|move: Sticky Web\n|-unboost|p1a: Iron Thorns|spe|1\n|-enditem|p1a: Iron Thorns|Booster Energy\n|-activate|p1a: Iron Thorns|ability: Quark Drive|[fromitem]\n|-start|p1a: Iron Thorns|quarkdriveatk\n|turn|18\n|\n|t:|1701047187\n|switch|p2a: Iron Valiant|Iron Valiant|100\/100\n|-activate|p2a: Iron Valiant|move: Sticky Web\n|-unboost|p2a: Iron Valiant|spe|1\n|-enditem|p2a: Iron Valiant|Booster Energy\n|-activate|p2a: Iron Valiant|ability: Quark Drive|[fromitem]\n|-start|p2a: Iron Valiant|quarkdriveatk\n|move|p1a: Iron Thorns|Dragon Dance|p1a: Iron Thorns\n|-boost|p1a: Iron Thorns|atk|1\n|-boost|p1a: Iron Thorns|spe|1\n|\n|upkeep\n|turn|19\n|\n|t:|1701047196\n|-terastallize|p1a: Iron Thorns|Flying\n|move|p1a: Iron Thorns|Dragon Dance|p1a: Iron Thorns\n|-boost|p1a: Iron Thorns|atk|1\n|-boost|p1a: Iron Thorns|spe|1\n|move|p2a: Iron Valiant|Close Combat|p1a: Iron Thorns\n|-resisted|p1a: Iron Thorns\n|-crit|p1a: Iron Thorns\n|-damage|p1a: Iron Thorns|40\/100\n|-unboost|p2a: Iron Valiant|def|1\n|-unboost|p2a: Iron Valiant|spd|1\n|\n|upkeep\n|turn|20\n|\n|t:|1701047214\n|move|p1a: Iron Thorns|Wild Charge|p2a: Iron Valiant\n|-damage|p2a: Iron Valiant|0 fnt\n|faint|p2a: Iron Valiant\n|-end|p2a: Iron Valiant|Quark Drive|[silent]\n|-damage|p1a: Iron Thorns|19\/100|[from] Recoil\n|\n|upkeep\n|\n|t:|1701047217\n|switch|p2a: Grimmsnarl|Grimmsnarl, M|39\/100\n|-activate|p2a: Grimmsnarl|move: Sticky Web\n|-unboost|p2a: Grimmsnarl|spe|1\n|turn|21\n|\n|t:|1701047225\n|move|p2a: Grimmsnarl|Thunder Wave|p1a: Iron Thorns\n|-status|p1a: Iron Thorns|par\n|move|p1a: Iron Thorns|Dragon Dance|p1a: Iron Thorns\n|-boost|p1a: Iron Thorns|atk|1\n|-boost|p1a: Iron Thorns|spe|1\n|\n|upkeep\n|turn|22\n|\n|t:|1701047233\n|move|p2a: Grimmsnarl|Reflect|p2a: Grimmsnarl\n|-sidestart|p2: h0t water|Reflect\n|move|p1a: Iron Thorns|Dragon Dance|p1a: Iron Thorns\n|-boost|p1a: Iron Thorns|atk|1\n|-boost|p1a: Iron Thorns|spe|1\n|\n|upkeep\n|turn|23\n|\n|t:|1701047242\n|move|p2a: Grimmsnarl|Parting Shot|p1a: Iron Thorns\n|-unboost|p1a: Iron Thorns|atk|1\n|-unboost|p1a: Iron Thorns|spa|1\n|\n|t:|1701047244\n|switch|p2a: Blaziken|Blaziken, F, tera:Fighting|15\/100 slp|[from] Parting Shot\n|-activate|p2a: Blaziken|move: Sticky Web\n|-unboost|p2a: Blaziken|spe|1\n|move|p1a: Iron Thorns|Ice Punch|p2a: Blaziken\n|-damage|p2a: Blaziken|0 fnt\n|faint|p2a: Blaziken\n|\n|upkeep\n|\n|t:|1701047246\n|switch|p2a: Ribombee|Ribombee, F|100\/100\n|-activate|p2a: Ribombee|move: Sticky Web\n|-unboost|p2a: Ribombee|spe|1\n|turn|24\n|\n|t:|1701047256\n|move|p1a: Iron Thorns|Stone Edge|p2a: Ribombee\n|-supereffective|p2a: Ribombee\n|-enditem|p2a: Ribombee|Focus Sash\n|-damage|p2a: Ribombee|1\/100\n|move|p2a: Ribombee|Moonblast|p1a: Iron Thorns\n|-damage|p1a: Iron Thorns|0 fnt\n|faint|p1a: Iron Thorns\n|-end|p1a: Iron Thorns|Quark Drive|[silent]\n|\n|upkeep\n|\n|t:|1701047263\n|switch|p1a: Ogerpon|Ogerpon-Wellspring, F|100\/100\n|-activate|p1a: Ogerpon|move: Sticky Web\n|-unboost|p1a: Ogerpon|spe|1\n|turn|25\n|\n|t:|1701047269\n|move|p2a: Ribombee|Bug Buzz|p1a: Ogerpon\n|-supereffective|p1a: Ogerpon\n|-damage|p1a: Ogerpon|5\/100\n|move|p1a: Ogerpon|Ivy Cudgel|p2a: Ribombee|[anim] Ivy Cudgel Water\n|-damage|p2a: Ribombee|0 fnt\n|faint|p2a: Ribombee\n|\n|upkeep\n|\n|t:|1701047272\n|switch|p2a: Grimmsnarl|Grimmsnarl, M|39\/100\n|-activate|p2a: Grimmsnarl|move: Sticky Web\n|-unboost|p2a: Grimmsnarl|spe|1\n|turn|26\n|\n|t:|1701047275\n|move|p2a: Grimmsnarl|Thunder Wave|p1a: Ogerpon\n|-status|p1a: Ogerpon|par\n|move|p1a: Ogerpon|Horn Leech|p2a: Grimmsnarl\n|-damage|p2a: Grimmsnarl|13\/100\n|-heal|p1a: Ogerpon|22\/100 par|[from] drain|[of] p2a: Grimmsnarl\n|\n|upkeep\n|turn|27\n|\n|t:|1701047282\n|move|p2a: Grimmsnarl|Parting Shot|p1a: Ogerpon\n|-unboost|p1a: Ogerpon|atk|1\n|-unboost|p1a: Ogerpon|spa|1\n|\n|t:|1701047284\n|switch|p2a: Haxorus|Haxorus, F|100\/100|[from] Parting Shot\n|-activate|p2a: Haxorus|move: Sticky Web\n|-unboost|p2a: Haxorus|spe|1\n|-ability|p2a: Haxorus|Mold Breaker\n|move|p1a: Ogerpon|Horn Leech|p2a: Haxorus\n|-resisted|p2a: Haxorus\n|-damage|p2a: Haxorus|91\/100\n|-heal|p1a: Ogerpon|26\/100 par|[from] drain|[of] p2a: Haxorus\n|\n|upkeep\n|turn|28\n|\n|t:|1701047293\n|move|p2a: Haxorus|Scale Shot|p1a: Ogerpon\n|-crit|p1a: Ogerpon\n|-damage|p1a: Ogerpon|0 fnt\n|faint|p1a: Ogerpon\n|-hitcount|p1: Ogerpon|1\n|\n|win|h0t water\n|raw|nezephet's rating: 1164 &rarr; <strong>1147<\/strong><br \/>(-17 for losing)\n|raw|h0t water's rating: 1279 &rarr; <strong>1296<\/strong><br \/>(+17 for winning)\n|l|\u2606nezephet\n","uploadtime":1701047300,"views":15,"p1id":"nezephet","p2id":"h0twater","formatid":"gen9nationaldex","rating":1147,"private":0,"password":""}