{"id":"gen9nationaldex-1998681273","p1":"ShadedNoir","p2":"Raspberry_tears","format":"[Gen 9] National Dex","log":"|html|<div class=\"broadcast-blue\"><strong>[Gen 9] National Dex is currently suspecting Sneasler! For information on how to participate check out the <a href=\"https:\/\/www.smogon.com\/forums\/threads\/sv-national-dex-suspect-8-just-dance.3731534\/\">suspect thread<\/a>.<\/strong><\/div>\n|j|\u2606ShadedNoir\n|j|\u2606Raspberry_tears\n|t:|1700971740\n|gametype|singles\n|player|p1|ShadedNoir|olympia|1156\n|player|p2|Raspberry_tears|alder|1052\n|teamsize|p1|6\n|teamsize|p2|6\n|gen|9\n|tier|[Gen 9] National Dex\n|rated|\n|rule|HP Percentage Mod: HP is shown in percentages\n|rule|Endless Battle Clause: Forcing endless battles is banned\n|rule|OHKO Clause: OHKO moves are banned\n|rule|Evasion Clause: Evasion abilities, items, and moves are banned\n|rule|Evasion Abilities Clause: Evasion abilities are banned\n|rule|Evasion Items Clause: Evasion items are banned\n|rule|Evasion Moves Clause: Evasion moves are banned\n|rule|Species Clause: Limit one of each Pok\u00e9mon\n|rule|Sleep Clause Mod: Limit one foe put to sleep\n|clearpoke\n|poke|p1|Banette, M|\n|poke|p1|Hoopa-Unbound|\n|poke|p1|Spiritomb, M|\n|poke|p1|Mismagius, M|\n|poke|p1|Dusknoir, M|\n|poke|p1|Zoroark-Hisui, F|\n|poke|p2|Hatterene, F|\n|poke|p2|Centiskorch, F|\n|poke|p2|Gastrodon, M|\n|poke|p2|Archeops, F|\n|poke|p2|Zoroark-Hisui, M|\n|poke|p2|Jirachi|\n|teampreview\n|\n|t:|1700971817\n|start\n|switch|p1a: Banette|Banette, M|100\/100\n|switch|p2a: Archeops|Archeops, F|100\/100\n|-item|p2a: Archeops|Leftovers|[from] ability: Frisk|[of] p1a: Banette|[identify]\n|turn|1\n|\n|t:|1700971826\n|detailschange|p1a: Banette|Banette-Mega, M\n|-mega|p1a: Banette|Banette|Banettite\n|move|p1a: Banette|Destiny Bond|p1a: Banette\n|-singlemove|p1a: Banette|Destiny Bond\n|move|p2a: Archeops|Crunch|p1a: Banette\n|-supereffective|p1a: Banette\n|-damage|p1a: Banette|26\/100\n|\n|upkeep\n|turn|2\n|\n|t:|1700971835\n|move|p2a: Archeops|Crunch|p1a: Banette\n|-supereffective|p1a: Banette\n|-damage|p1a: Banette|0 fnt\n|faint|p1a: Banette\n|-activate|p1a: Banette|move: Destiny Bond\n|faint|p2a: Archeops\n|\n|upkeep\n|\n|t:|1700971852\n|switch|p2a: Hatterene|Hatterene, F|100\/100\n|switch|p1a: Spiritomb|Spiritomb, M|100\/100\n|turn|3\n|\n|t:|1700971861\n|move|p1a: Spiritomb|Poltergeist|p2a: Hatterene\n|-activate|p2a: Hatterene|move: Poltergeist|Expert Belt\n|-supereffective|p2a: Hatterene\n|-damage|p2a: Hatterene|0 fnt\n|faint|p2a: Hatterene\n|-damage|p1a: Spiritomb|91\/100|[from] item: Life Orb\n|\n|upkeep\n|\n|t:|1700971873\n|switch|p2a: Jirachi|Jirachi|100\/100\n|turn|4\n|\n|t:|1700971885\n|move|p1a: Spiritomb|Sucker Punch|p2a: Jirachi\n|-supereffective|p2a: Jirachi\n|-damage|p2a: Jirachi|24\/100\n|-damage|p1a: Spiritomb|81\/100|[from] item: Life Orb\n|move|p2a: Jirachi|Psychic|p1a: Spiritomb\n|-immune|p1a: Spiritomb\n|\n|upkeep\n|turn|5\n|\n|t:|1700971898\n|move|p2a: Jirachi|Doom Desire|p1a: Spiritomb\n|-start|p2a: Jirachi|Doom Desire\n|move|p1a: Spiritomb|Poltergeist|p2a: Jirachi|[miss]\n|-miss|p1a: Spiritomb|p2a: Jirachi\n|\n|upkeep\n|turn|6\n|\n|t:|1700971906\n|move|p2a: Jirachi|Doom Desire||[still]\n|-fail|p2a: Jirachi\n|move|p1a: Spiritomb|Poltergeist|p2a: Jirachi|[miss]\n|-miss|p1a: Spiritomb|p2a: Jirachi\n|\n|upkeep\n|turn|7\n|\n|t:|1700971933\n|move|p1a: Spiritomb|Sucker Punch|p2a: Jirachi\n|-supereffective|p2a: Jirachi\n|-damage|p2a: Jirachi|0 fnt\n|faint|p2a: Jirachi\n|-damage|p1a: Spiritomb|71\/100|[from] item: Life Orb\n|\n|-end|p1a: Spiritomb|move: Doom Desire\n|-crit|p1a: Spiritomb\n|-damage|p1a: Spiritomb|0 fnt\n|faint|p1a: Spiritomb\n|upkeep\n|\n|t:|1700971954\n|switch|p2a: Gastrodon|Gastrodon, M|100\/100\n|switch|p1a: Dusknoir|Dusknoir, M|100\/100\n|-item|p2a: Gastrodon|Leftovers|[from] ability: Frisk|[of] p1a: Dusknoir|[identify]\n|turn|8\n|\n|t:|1700971967\n|move|p1a: Dusknoir|Earthquake|p2a: Gastrodon\n|-crit|p2a: Gastrodon\n|-damage|p2a: Gastrodon|48\/100\n|move|p2a: Gastrodon|Liquidation|p1a: Dusknoir\n|-damage|p1a: Dusknoir|79\/100\n|\n|-heal|p2a: Gastrodon|54\/100|[from] item: Leftovers\n|upkeep\n|turn|9\n|\n|t:|1700971976\n|move|p1a: Dusknoir|Ice Punch|p2a: Gastrodon\n|-crit|p2a: Gastrodon\n|-damage|p2a: Gastrodon|17\/100\n|move|p2a: Gastrodon|Earthquake|p1a: Dusknoir\n|-damage|p1a: Dusknoir|52\/100\n|\n|-heal|p2a: Gastrodon|24\/100|[from] item: Leftovers\n|upkeep\n|turn|10\n|\n|t:|1700971988\n|move|p1a: Dusknoir|Earthquake|p2a: Gastrodon\n|-damage|p2a: Gastrodon|0 fnt\n|faint|p2a: Gastrodon\n|\n|upkeep\n|\n|t:|1700971993\n|switch|p2a: Archeops|Archeops, F|100\/100\n|turn|11\n|\n|t:|1700972001\n|move|p2a: Archeops|Fly||[still]\n|-prepare|p2a: Archeops|Fly\n|move|p1a: Dusknoir|Earthquake|p2a: Archeops|[miss]\n|-miss|p1a: Dusknoir|p2a: Archeops\n|\n|upkeep\n|turn|12\n|\n|t:|1700972013\n|move|p2a: Archeops|Fly|p1a: Dusknoir|[from]lockedmove\n|-damage|p1a: Dusknoir|10\/100\n|move|p1a: Dusknoir|Thunder Punch|p2a: Archeops\n|-supereffective|p2a: Archeops\n|-crit|p2a: Archeops\n|-enditem|p2a: Archeops|Focus Sash\n|-damage|p2a: Archeops|1\/100\n|\n|upkeep\n|turn|13\n|\n|t:|1700972023\n|move|p1a: Dusknoir|Shadow Sneak|p2a: Archeops\n|-damage|p2a: Archeops|0 fnt\n|faint|p2a: Archeops\n|\n|upkeep\n|\n|t:|1700972028\n|switch|p2a: Centiskorch|Centiskorch, F|100\/100\n|turn|14\n|\n|t:|1700972040\n|switch|p1a: Dusknoir|Dusknoir, M|100\/100\n|move|p2a: Centiskorch|Fire Blast|p1a: Dusknoir|[miss]\n|-miss|p2a: Centiskorch|p1a: Dusknoir\n|\n|upkeep\n|turn|15\n|\n|t:|1700972054\n|switch|p1a: Dusknoir|Dusknoir, M|10\/100\n|-item|p2a: Centiskorch|Ability Shield|[from] ability: Frisk|[of] p1a: Dusknoir|[identify]\n|move|p2a: Centiskorch|X-Scissor|p1a: Dusknoir\n|-resisted|p1a: Dusknoir\n|-damage|p1a: Dusknoir|0 fnt\n|faint|p1a: Dusknoir\n|\n|upkeep\n|\n|t:|1700972067\n|switch|p1a: Mismagius|Mismagius, M|100\/100\n|turn|16\n|\n|t:|1700972071\n|move|p1a: Mismagius|Power Gem|p2a: Centiskorch\n|-supereffective|p2a: Centiskorch\n|-crit|p2a: Centiskorch\n|-damage|p2a: Centiskorch|0 fnt\n|faint|p2a: Centiskorch\n|\n|win|ShadedNoir\n|raw|ShadedNoir's rating: 1156 &rarr; <strong>1174<\/strong><br \/>(+18 for winning)\n|raw|Raspberry_tears's rating: 1052 &rarr; <strong>1039<\/strong><br \/>(-13 for losing)\n|l|\u2606Raspberry_tears\n|c|\u2606ShadedNoir|oh my god i thought i didnt kill the zoroark\n|c|\u2606ShadedNoir|THAT ZOROARK USED CRUNCH???\n","uploadtime":1700972122,"views":2,"p1id":"shadednoir","p2id":"raspberrytears","formatid":"gen9nationaldex","rating":1039,"private":0,"password":""}