{"id":"gen9nationaldex-1987500727","p1":"Square K","p2":"keyiquan","format":"[Gen 9] National Dex","log":"|j|\u2606Square K\n|j|\u2606keyiquan\n|t:|1699602327\n|gametype|singles\n|player|p1|Square K|chuck|1424\n|player|p2|keyiquan|101|1542\n|teamsize|p1|6\n|teamsize|p2|6\n|gen|9\n|tier|[Gen 9] National Dex\n|rated|\n|rule|HP Percentage Mod: HP is shown in percentages\n|rule|Endless Battle Clause: Forcing endless battles is banned\n|rule|OHKO Clause: OHKO moves are banned\n|rule|Evasion Clause: Evasion abilities, items, and moves are banned\n|rule|Evasion Abilities Clause: Evasion abilities are banned\n|rule|Evasion Items Clause: Evasion items are banned\n|rule|Evasion Moves Clause: Evasion moves are banned\n|rule|Species Clause: Limit one of each Pok\u00e9mon\n|rule|Sleep Clause Mod: Limit one foe put to sleep\n|clearpoke\n|poke|p1|Kommo-o, M|\n|poke|p1|Heatran, F|\n|poke|p1|Clodsire, F|\n|poke|p1|Lopunny, F|\n|poke|p1|Urshifu-*, F|\n|poke|p1|Corviknight, F|\n|poke|p2|Tapu Lele|\n|poke|p2|Alomomola, M|\n|poke|p2|Kommo-o, F|\n|poke|p2|Hitmonlee, M|\n|poke|p2|Ting-Lu|\n|poke|p2|Glimmora, F|\n|teampreview\n|inactive|Battle timer is ON: inactive players will automatically lose when time's up. (requested by Square K)\n|\n|t:|1699602384\n|start\n|switch|p1a: \u95ea\u5149\u7684\u5f17\u83b1\u4ec0|Lopunny, F, shiny|100\/100\n|switch|p2a: Tapu Lele|Tapu Lele|100\/100\n|-fieldstart|move: Psychic Terrain|[from] ability: Psychic Surge|[of] p2a: Tapu Lele\n|turn|1\n|\n|t:|1699602395\n|detailschange|p1a: \u95ea\u5149\u7684\u5f17\u83b1\u4ec0|Lopunny-Mega, F, shiny\n|-mega|p1a: \u95ea\u5149\u7684\u5f17\u83b1\u4ec0|Lopunny|Lopunnite\n|move|p1a: \u95ea\u5149\u7684\u5f17\u83b1\u4ec0|U-turn|p2a: Tapu Lele\n|-damage|p2a: Tapu Lele|60\/100\n|\n|t:|1699602401\n|switch|p1a: \u91d1\u5c5e\u9a91\u58eb|Heatran, F|100\/100|[from] U-turn\n|move|p2a: Tapu Lele|Moonblast|p1a: \u91d1\u5c5e\u9a91\u58eb\n|-resisted|p1a: \u91d1\u5c5e\u9a91\u58eb\n|-damage|p1a: \u91d1\u5c5e\u9a91\u58eb|84\/100\n|-unboost|p1a: \u91d1\u5c5e\u9a91\u58eb|spa|1\n|\n|-heal|p1a: \u91d1\u5c5e\u9a91\u58eb|90\/100|[from] item: Leftovers\n|upkeep\n|turn|2\n|l|\u2606keyiquan\n|inactive|keyiquan disconnected and has a minute to reconnect!\n|player|p2|\n|j|\u2606keyiquan\n|inactive|keyiquan reconnected and has 110 seconds left.\n|player|p2|keyiquan|101\n|\n|t:|1699602450\n|switch|p2a: Kommo-o|Kommo-o, F|100\/100\n|move|p1a: \u91d1\u5c5e\u9a91\u58eb|Earth Power|p2a: Kommo-o\n|-damage|p2a: Kommo-o|80\/100\n|\n|-heal|p2a: Kommo-o|86\/100|[from] item: Leftovers\n|-heal|p1a: \u91d1\u5c5e\u9a91\u58eb|97\/100|[from] item: Leftovers\n|upkeep\n|turn|3\n|\n|t:|1699602468\n|switch|p1a: \u732a\u795e|Clodsire, F|100\/100\n|move|p2a: Kommo-o|Earthquake|p1a: \u732a\u795e\n|-supereffective|p1a: \u732a\u795e\n|-damage|p1a: \u732a\u795e|46\/100\n|\n|-heal|p2a: Kommo-o|92\/100|[from] item: Leftovers\n|-heal|p1a: \u732a\u795e|52\/100|[from] item: Black Sludge\n|upkeep\n|turn|4\n|l|\u2606keyiquan\n|inactive|keyiquan disconnected and has a minute to reconnect!\n|player|p2|\n|j|\u2606keyiquan\n|inactive|keyiquan reconnected and has 85 seconds left.\n|player|p2|keyiquan|101\n|\n|t:|1699602506\n|-terastallize|p2a: Kommo-o|Steel\n|move|p2a: Kommo-o|Clangorous Soul|p2a: Kommo-o\n|-boost|p2a: Kommo-o|atk|1\n|-boost|p2a: Kommo-o|def|1\n|-boost|p2a: Kommo-o|spa|1\n|-boost|p2a: Kommo-o|spd|1\n|-boost|p2a: Kommo-o|spe|1\n|-damage|p2a: Kommo-o|59\/100\n|move|p1a: \u732a\u795e|Yawn|p2a: Kommo-o\n|-start|p2a: Kommo-o|move: Yawn|[of] p1a: \u732a\u795e\n|\n|-heal|p2a: Kommo-o|66\/100|[from] item: Leftovers\n|-heal|p1a: \u732a\u795e|59\/100|[from] item: Black Sludge\n|upkeep\n|turn|5\n|\n|t:|1699602531\n|switch|p1a: \u6b7b\u4ea1\u6539\u9020\u4eba|Corviknight, F|100\/100\n|move|p2a: Kommo-o|Earthquake|p1a: \u6b7b\u4ea1\u6539\u9020\u4eba\n|-immune|p1a: \u6b7b\u4ea1\u6539\u9020\u4eba\n|\n|-heal|p2a: Kommo-o|72\/100|[from] item: Leftovers\n|-end|p2a: Kommo-o|move: Yawn|[silent]\n|-status|p2a: Kommo-o|slp\n|-fieldend|move: Psychic Terrain\n|upkeep\n|turn|6\n|\n|t:|1699602546\n|switch|p2a: Alomomola|Alomomola, M|100\/100\n|move|p1a: \u6b7b\u4ea1\u6539\u9020\u4eba|Iron Defense|p1a: \u6b7b\u4ea1\u6539\u9020\u4eba\n|-boost|p1a: \u6b7b\u4ea1\u6539\u9020\u4eba|def|2\n|\n|upkeep\n|turn|7\n|\n|t:|1699602554\n|move|p1a: \u6b7b\u4ea1\u6539\u9020\u4eba|Iron Defense|p1a: \u6b7b\u4ea1\u6539\u9020\u4eba\n|-boost|p1a: \u6b7b\u4ea1\u6539\u9020\u4eba|def|2\n|move|p2a: Alomomola|Flip Turn|p1a: \u6b7b\u4ea1\u6539\u9020\u4eba\n|-damage|p1a: \u6b7b\u4ea1\u6539\u9020\u4eba|97\/100\n|-damage|p2a: Alomomola|84\/100|[from] item: Rocky Helmet|[of] p1a: \u6b7b\u4ea1\u6539\u9020\u4eba\n|\n|t:|1699602560\n|switch|p2a: Tapu Lele|Tapu Lele|60\/100|[from] Flip Turn\n|-fieldstart|move: Psychic Terrain|[from] ability: Psychic Surge|[of] p2a: Tapu Lele\n|\n|upkeep\n|turn|8\n|\n|t:|1699602571\n|move|p2a: Tapu Lele|Focus Blast|p1a: \u6b7b\u4ea1\u6539\u9020\u4eba|[miss]\n|-miss|p2a: Tapu Lele|p1a: \u6b7b\u4ea1\u6539\u9020\u4eba\n|move|p1a: \u6b7b\u4ea1\u6539\u9020\u4eba|Body Press|p2a: Tapu Lele\n|-resisted|p2a: Tapu Lele\n|-damage|p2a: Tapu Lele|29\/100\n|\n|upkeep\n|turn|9\n|\n|t:|1699602577\n|move|p2a: Tapu Lele|Focus Blast|p1a: \u6b7b\u4ea1\u6539\u9020\u4eba\n|-damage|p1a: \u6b7b\u4ea1\u6539\u9020\u4eba|37\/100\n|move|p1a: \u6b7b\u4ea1\u6539\u9020\u4eba|Body Press|p2a: Tapu Lele\n|-resisted|p2a: Tapu Lele\n|-damage|p2a: Tapu Lele|0 fnt\n|faint|p2a: Tapu Lele\n|\n|upkeep\n|\n|t:|1699602585\n|switch|p2a: Hitmonlee|Hitmonlee, M|100\/100\n|turn|10\n|\n|t:|1699602590\n|move|p2a: Hitmonlee|Knock Off|p1a: \u6b7b\u4ea1\u6539\u9020\u4eba\n|-damage|p1a: \u6b7b\u4ea1\u6539\u9020\u4eba|30\/100\n|-damage|p2a: Hitmonlee|84\/100|[from] item: Rocky Helmet|[of] p1a: \u6b7b\u4ea1\u6539\u9020\u4eba\n|-enditem|p1a: \u6b7b\u4ea1\u6539\u9020\u4eba|Rocky Helmet|[from] move: Knock Off|[of] p2a: Hitmonlee\n|move|p1a: \u6b7b\u4ea1\u6539\u9020\u4eba|Roost|p1a: \u6b7b\u4ea1\u6539\u9020\u4eba\n|-heal|p1a: \u6b7b\u4ea1\u6539\u9020\u4eba|80\/100\n|-singleturn|p1a: \u6b7b\u4ea1\u6539\u9020\u4eba|move: Roost\n|\n|upkeep\n|turn|11\n|inactive|keyiquan has 90 seconds left.\n|-message|keyiquan forfeited.\n|\n|win|Square K\n|raw|Square K's rating: 1424 &rarr; <strong>1451<\/strong><br \/>(+27 for winning)\n|raw|keyiquan's rating: 1542 &rarr; <strong>1515<\/strong><br \/>(-27 for losing)\n|l|\u2606keyiquan\n","uploadtime":1699602602,"views":4,"p1id":"squarek","p2id":"keyiquan","formatid":"gen9nationaldex","rating":1451,"private":0,"password":""}