{"id":"gen9nationaldex-1998913482","p1":"oplkjgf","p2":"AxelAkaHell","format":"[Gen 9] National Dex","log":"|html|<div class=\"broadcast-blue\"><strong>[Gen 9] National Dex is currently suspecting Sneasler! For information on how to participate check out the <a href=\"https:\/\/www.smogon.com\/forums\/threads\/sv-national-dex-suspect-8-just-dance.3731534\/\">suspect thread<\/a>.<\/strong><\/div>\n|j|\u2606oplkjgf\n|j|\u2606AxelAkaHell\n|t:|1701012345\n|gametype|singles\n|player|p1|oplkjgf|265|1151\n|player|p2|AxelAkaHell|unknown|1073\n|teamsize|p1|6\n|teamsize|p2|6\n|gen|9\n|tier|[Gen 9] National Dex\n|rated|\n|rule|HP Percentage Mod: HP is shown in percentages\n|rule|Endless Battle Clause: Forcing endless battles is banned\n|rule|OHKO Clause: OHKO moves are banned\n|rule|Evasion Clause: Evasion abilities, items, and moves are banned\n|rule|Evasion Abilities Clause: Evasion abilities are banned\n|rule|Evasion Items Clause: Evasion items are banned\n|rule|Evasion Moves Clause: Evasion moves are banned\n|rule|Species Clause: Limit one of each Pok\u00e9mon\n|rule|Sleep Clause Mod: Limit one foe put to sleep\n|clearpoke\n|poke|p1|Aggron, M|\n|poke|p1|Rillaboom, F|\n|poke|p1|Ogerpon-Wellspring, F|\n|poke|p1|Alomomola, F|\n|poke|p1|Slowking-Galar, M|\n|poke|p1|Swellow, M|\n|poke|p2|Krookodile, M|\n|poke|p2|Iron Hands|\n|poke|p2|Iron Moth|\n|poke|p2|Ceruledge, M|\n|poke|p2|Lechonk, F|\n|poke|p2|Garchomp, M|\n|teampreview\n|\n|t:|1701012355\n|start\n|switch|p1a: \u53f9\u606f\u4e4b\u5899|Aggron, M|100\/100\n|switch|p2a: Iron Moth|Iron Moth|100\/100\n|turn|1\n|\n|t:|1701012363\n|switch|p1a: \u5427\u4e3b\u4e01\u54e5|Slowking-Galar, M|100\/100\n|move|p2a: Iron Moth|Toxic Spikes|p1a: \u5427\u4e3b\u4e01\u54e5\n|-sidestart|p1: oplkjgf|move: Toxic Spikes\n|\n|upkeep\n|turn|2\n|\n|t:|1701012376\n|-end|p2a: Iron Moth|Quark Drive|[silent]\n|switch|p2a: Iron Hands|Iron Hands|100\/100\n|-zpower|p1a: \u5427\u4e3b\u4e01\u54e5\n|move|p1a: \u5427\u4e3b\u4e01\u54e5|Shattered Psyche|p2a: Iron Hands|[zeffect]\n|-supereffective|p2a: Iron Hands\n|-damage|p2a: Iron Hands|0 fnt\n|faint|p2a: Iron Hands\n|-end|p2a: Iron Hands|Quark Drive|[silent]\n|\n|upkeep\n|\n|t:|1701012405\n|switch|p2a: Jaws|Krookodile, M, shiny|100\/100\n|turn|3\n|\n|t:|1701012419\n|switch|p1a: \u5927\u738b\u71d5\u5b50|Swellow, M|100\/100\n|move|p2a: Jaws|Earthquake|p1a: \u5927\u738b\u71d5\u5b50\n|-immune|p1a: \u5927\u738b\u71d5\u5b50\n|\n|upkeep\n|turn|4\n|\n|t:|1701012430\n|switch|p2a: Garchomp|Garchomp, M, shiny|100\/100\n|-terastallize|p1a: \u5927\u738b\u71d5\u5b50|Normal\n|move|p1a: \u5927\u738b\u71d5\u5b50|Boomburst|p2a: Garchomp\n|-damage|p2a: Garchomp|0 fnt\n|faint|p2a: Garchomp\n|\n|upkeep\n|\n|t:|1701012448\n|switch|p2a: Ceruledge|Ceruledge, M, shiny|100\/100\n|turn|5\n|\n|t:|1701012453\n|move|p1a: \u5927\u738b\u71d5\u5b50|Boomburst|p2a: Ceruledge\n|-damage|p2a: Ceruledge|0 fnt\n|faint|p2a: Ceruledge\n|\n|upkeep\n|\n|t:|1701012474\n|switch|p2a: Iron Moth|Iron Moth|100\/100\n|turn|6\n|\n|t:|1701012478\n|move|p1a: \u5927\u738b\u71d5\u5b50|Boomburst|p2a: Iron Moth\n|-damage|p2a: Iron Moth|0 fnt\n|faint|p2a: Iron Moth\n|-end|p2a: Iron Moth|Quark Drive|[silent]\n|\n|upkeep\n|\n|t:|1701012492\n|switch|p2a: Jaws|Krookodile, M, shiny|100\/100\n|turn|7\n|\n|t:|1701012497\n|move|p1a: \u5927\u738b\u71d5\u5b50|Boomburst|p2a: Jaws\n|-crit|p2a: Jaws\n|-damage|p2a: Jaws|0 fnt\n|faint|p2a: Jaws\n|\n|upkeep\n|\n|t:|1701012506\n|switch|p2a: Lechonk|Lechonk, F|100\/100\n|turn|8\n|\n|t:|1701012511\n|move|p1a: \u5927\u738b\u71d5\u5b50|Boomburst|p2a: Lechonk\n|-enditem|p2a: Lechonk|Focus Sash\n|-damage|p2a: Lechonk|1\/100\n|move|p2a: Lechonk|Endeavor|p1a: \u5927\u738b\u71d5\u5b50\n|-damage|p1a: \u5927\u738b\u71d5\u5b50|1\/100\n|\n|upkeep\n|turn|9\n|\n|t:|1701012521\n|move|p2a: Lechonk|Protect|p2a: Lechonk\n|-singleturn|p2a: Lechonk|Protect\n|move|p1a: \u5927\u738b\u71d5\u5b50|Boomburst|p2a: Lechonk\n|-activate|p2a: Lechonk|move: Protect\n|\n|upkeep\n|turn|10\n|\n|t:|1701012528\n|move|p2a: Lechonk|Protect|p2a: Lechonk\n|-singleturn|p2a: Lechonk|Protect\n|move|p1a: \u5927\u738b\u71d5\u5b50|Boomburst|p2a: Lechonk\n|-activate|p2a: Lechonk|move: Protect\n|\n|upkeep\n|turn|11\n|\n|t:|1701012535\n|move|p2a: Lechonk|Protect||[still]\n|-fail|p2a: Lechonk\n|move|p1a: \u5927\u738b\u71d5\u5b50|Boomburst|p2a: Lechonk\n|-damage|p2a: Lechonk|0 fnt\n|faint|p2a: Lechonk\n|\n|win|oplkjgf\n|raw|oplkjgf's rating: 1151 &rarr; <strong>1170<\/strong><br \/>(+19 for winning)\n|raw|AxelAkaHell's rating: 1073 &rarr; <strong>1057<\/strong><br \/>(-16 for losing)\n|l|\u2606AxelAkaHell\n","uploadtime":1701012605,"views":1,"p1id":"oplkjgf","p2id":"axelakahell","formatid":"gen9nationaldex","rating":1057,"private":0,"password":""}