{"id":"gen9nationaldex-1998834404","p1":"HuntixL","p2":"huntixv","format":"[Gen 9] National Dex","log":"|html|<div class=\"broadcast-blue\"><strong>[Gen 9] National Dex is currently suspecting Sneasler! For information on how to participate check out the <a href=\"https:\/\/www.smogon.com\/forums\/threads\/sv-national-dex-suspect-8-just-dance.3731534\/\">suspect thread<\/a>.<\/strong><\/div>\n|j|\u2606HuntixL\n|j|\u2606huntixv\n|t:|1701000162\n|gametype|singles\n|player|p1|HuntixL|erika|\n|player|p2|huntixv|benga|\n|teamsize|p1|6\n|teamsize|p2|6\n|gen|9\n|tier|[Gen 9] National Dex\n|rule|HP Percentage Mod: HP is shown in percentages\n|rule|Endless Battle Clause: Forcing endless battles is banned\n|rule|OHKO Clause: OHKO moves are banned\n|rule|Evasion Clause: Evasion abilities, items, and moves are banned\n|rule|Evasion Abilities Clause: Evasion abilities are banned\n|rule|Evasion Items Clause: Evasion items are banned\n|rule|Evasion Moves Clause: Evasion moves are banned\n|rule|Species Clause: Limit one of each Pok\u00e9mon\n|rule|Sleep Clause Mod: Limit one foe put to sleep\n|clearpoke\n|poke|p1|Torterra, F|\n|poke|p1|Flygon, M|\n|poke|p1|Marowak, F|\n|poke|p1|Golurk|\n|poke|p1|Gastrodon, M|\n|poke|p1|Stunfisk, M|\n|poke|p2|Toxapex, M|\n|poke|p2|Gyarados, M|\n|poke|p2|Clawitzer, M|\n|poke|p2|Cloyster, M|\n|poke|p2|Swampert, M|\n|poke|p2|Kingdra, M|\n|teampreview\n|\n|t:|1701000174\n|start\n|switch|p1a: \u0423\u0441\u0442\u0440\u0438\u0446\u0430|Flygon, M|100\/100\n|switch|p2a: Swampert|Swampert, M|100\/100\n|turn|1\n|\n|t:|1701000185\n|move|p1a: \u0423\u0441\u0442\u0440\u0438\u0446\u0430|Dragon Pulse|p2a: Swampert\n|-crit|p2a: Swampert\n|-damage|p2a: Swampert|64\/100\n|move|p2a: Swampert|Aqua Tail|p1a: \u0423\u0441\u0442\u0440\u0438\u0446\u0430\n|-crit|p1a: \u0423\u0441\u0442\u0440\u0438\u0446\u0430\n|-damage|p1a: \u0423\u0441\u0442\u0440\u0438\u0446\u0430|39\/100\n|\n|upkeep\n|turn|2\n|\n|t:|1701000193\n|move|p1a: \u0423\u0441\u0442\u0440\u0438\u0446\u0430|Draco Meteor|p2a: Swampert\n|-damage|p2a: Swampert|31\/100\n|-unboost|p1a: \u0423\u0441\u0442\u0440\u0438\u0446\u0430|spa|2\n|move|p2a: Swampert|Aqua Tail|p1a: \u0423\u0441\u0442\u0440\u0438\u0446\u0430\n|-damage|p1a: \u0423\u0441\u0442\u0440\u0438\u0446\u0430|0 fnt\n|faint|p1a: \u0423\u0441\u0442\u0440\u0438\u0446\u0430\n|\n|upkeep\n|\n|t:|1701000204\n|switch|p1a: \u0416\u043e\u043f\u0430\u0436\u0443\u0439|Golurk|100\/100\n|turn|3\n|\n|t:|1701000211\n|switch|p2a: Kingdra|Kingdra, M, shiny|100\/100\n|move|p1a: \u0416\u043e\u043f\u0430\u0436\u0443\u0439|Thunder Punch|p2a: Kingdra\n|-damage|p2a: Kingdra|62\/100\n|-damage|p1a: \u0416\u043e\u043f\u0430\u0436\u0443\u0439|91\/100|[from] item: Life Orb\n|\n|upkeep\n|turn|4\n|\n|t:|1701000223\n|move|p2a: Kingdra|Disable|p1a: \u0416\u043e\u043f\u0430\u0436\u0443\u0439\n|-start|p1a: \u0416\u043e\u043f\u0430\u0436\u0443\u0439|Disable|Thunder Punch\n|move|p1a: \u0416\u043e\u043f\u0430\u0436\u0443\u0439|Shock Wave|p2a: Kingdra\n|-damage|p2a: Kingdra|49\/100\n|-damage|p1a: \u0416\u043e\u043f\u0430\u0436\u0443\u0439|81\/100|[from] item: Life Orb\n|\n|upkeep\n|turn|5\n|\n|t:|1701000232\n|move|p2a: Kingdra|Body Slam|p1a: \u0416\u043e\u043f\u0430\u0436\u0443\u0439\n|-immune|p1a: \u0416\u043e\u043f\u0430\u0436\u0443\u0439\n|move|p1a: \u0416\u043e\u043f\u0430\u0436\u0443\u0439|Rock Slide|p2a: Kingdra\n|-damage|p2a: Kingdra|15\/100\n|-damage|p1a: \u0416\u043e\u043f\u0430\u0436\u0443\u0439|71\/100|[from] item: Life Orb\n|\n|upkeep\n|turn|6\n|\n|t:|1701000242\n|move|p2a: Kingdra|Blizzard|p1a: \u0416\u043e\u043f\u0430\u0436\u0443\u0439\n|-supereffective|p1a: \u0416\u043e\u043f\u0430\u0436\u0443\u0439\n|-damage|p1a: \u0416\u043e\u043f\u0430\u0436\u0443\u0439|0 fnt\n|faint|p1a: \u0416\u043e\u043f\u0430\u0436\u0443\u0439\n|\n|upkeep\n|\n|t:|1701000252\n|switch|p1a: \u0425\u043b\u0435\u0431|Marowak, F|100\/100\n|turn|7\n|\n|t:|1701000256\n|move|p2a: Kingdra|Blizzard|p1a: \u0425\u043b\u0435\u0431\n|-supereffective|p1a: \u0425\u043b\u0435\u0431\n|-damage|p1a: \u0425\u043b\u0435\u0431|31\/100\n|move|p1a: \u0425\u043b\u0435\u0431|Thunder Punch|p2a: Kingdra\n|-damage|p2a: Kingdra|0 fnt\n|faint|p2a: Kingdra\n|\n|upkeep\n|\n|t:|1701000273\n|switch|p2a: Cloyster|Cloyster, M|100\/100\n|turn|8\n|\n|t:|1701000282\n|-terastallize|p1a: \u0425\u043b\u0435\u0431|Ground\n|move|p2a: Cloyster|Poison Jab|p1a: \u0425\u043b\u0435\u0431\n|-resisted|p1a: \u0425\u043b\u0435\u0431\n|-damage|p1a: \u0425\u043b\u0435\u0431|21\/100\n|move|p1a: \u0425\u043b\u0435\u0431|Hidden Power|p2a: Cloyster\n|-supereffective|p2a: Cloyster\n|-damage|p2a: Cloyster|52\/100\n|\n|upkeep\n|turn|9\n|\n|t:|1701000293\n|switch|p2a: Toxapex|Toxapex, M, shiny|100\/100\n|move|p1a: \u0425\u043b\u0435\u0431|Hidden Power|p2a: Toxapex\n|-damage|p2a: Toxapex|92\/100\n|\n|-heal|p2a: Toxapex|98\/100|[from] item: Leftovers\n|upkeep\n|turn|10\n|\n|t:|1701000303\n|move|p1a: \u0425\u043b\u0435\u0431|Earthquake|p2a: Toxapex\n|-supereffective|p2a: Toxapex\n|-damage|p2a: Toxapex|0 fnt\n|faint|p2a: Toxapex\n|\n|upkeep\n|\n|t:|1701000311\n|switch|p2a: Swampert|Swampert, M|31\/100\n|turn|11\n|\n|t:|1701000316\n|move|p2a: Swampert|Aqua Tail|p1a: \u0425\u043b\u0435\u0431\n|-supereffective|p1a: \u0425\u043b\u0435\u0431\n|-damage|p1a: \u0425\u043b\u0435\u0431|0 fnt\n|faint|p1a: \u0425\u043b\u0435\u0431\n|\n|upkeep\n|\n|t:|1701000326\n|switch|p1a: \u0427\u0443\u0433\u0443\u043d\u043e\u0432\u0430 \u0447\u0435\u0440\u043f\u0430\u0445\u0430|Torterra, F|100\/100\n|turn|12\n|\n|t:|1701000334\n|switch|p2a: Cloyster|Cloyster, M|52\/100\n|move|p1a: \u0427\u0443\u0433\u0443\u043d\u043e\u0432\u0430 \u0447\u0435\u0440\u043f\u0430\u0445\u0430|Leaf Storm|p2a: Cloyster\n|-supereffective|p2a: Cloyster\n|-damage|p2a: Cloyster|0 fnt\n|-unboost|p1a: \u0427\u0443\u0433\u0443\u043d\u043e\u0432\u0430 \u0447\u0435\u0440\u043f\u0430\u0445\u0430|spa|2\n|faint|p2a: Cloyster\n|\n|upkeep\n|\n|t:|1701000344\n|switch|p2a: Clawitzer|Clawitzer, M|100\/100\n|turn|13\n|\n|t:|1701000352\n|move|p2a: Clawitzer|Liquidation|p1a: \u0427\u0443\u0433\u0443\u043d\u043e\u0432\u0430 \u0447\u0435\u0440\u043f\u0430\u0445\u0430\n|-damage|p1a: \u0427\u0443\u0433\u0443\u043d\u043e\u0432\u0430 \u0447\u0435\u0440\u043f\u0430\u0445\u0430|80\/100\n|move|p1a: \u0427\u0443\u0433\u0443\u043d\u043e\u0432\u0430 \u0447\u0435\u0440\u043f\u0430\u0445\u0430|Leaf Storm|p2a: Clawitzer\n|-supereffective|p2a: Clawitzer\n|-damage|p2a: Clawitzer|61\/100\n|-unboost|p1a: \u0427\u0443\u0433\u0443\u043d\u043e\u0432\u0430 \u0447\u0435\u0440\u043f\u0430\u0445\u0430|spa|2\n|\n|upkeep\n|turn|14\n|\n|t:|1701000362\n|switch|p2a: Gyarados|Gyarados, M, shiny|100\/100\n|-ability|p2a: Gyarados|Intimidate|boost\n|-unboost|p1a: \u0427\u0443\u0433\u0443\u043d\u043e\u0432\u0430 \u0447\u0435\u0440\u043f\u0430\u0445\u0430|atk|1\n|move|p1a: \u0427\u0443\u0433\u0443\u043d\u043e\u0432\u0430 \u0447\u0435\u0440\u043f\u0430\u0445\u0430|Energy Ball|p2a: Gyarados\n|-damage|p2a: Gyarados|93\/100\n|\n|upkeep\n|turn|15\n|\n|t:|1701000374\n|detailschange|p2a: Gyarados|Gyarados-Mega, M, shiny\n|-mega|p2a: Gyarados|Gyarados|Gyaradosite\n|-ability|p2a: Gyarados|Mold Breaker\n|move|p2a: Gyarados|Ice Beam|p1a: \u0427\u0443\u0433\u0443\u043d\u043e\u0432\u0430 \u0447\u0435\u0440\u043f\u0430\u0445\u0430\n|-supereffective|p1a: \u0427\u0443\u0433\u0443\u043d\u043e\u0432\u0430 \u0447\u0435\u0440\u043f\u0430\u0445\u0430\n|-damage|p1a: \u0427\u0443\u0433\u0443\u043d\u043e\u0432\u0430 \u0447\u0435\u0440\u043f\u0430\u0445\u0430|31\/100\n|move|p1a: \u0427\u0443\u0433\u0443\u043d\u043e\u0432\u0430 \u0447\u0435\u0440\u043f\u0430\u0445\u0430|Seed Bomb|p2a: Gyarados\n|-supereffective|p2a: Gyarados\n|-damage|p2a: Gyarados|34\/100\n|\n|upkeep\n|turn|16\n|\n|t:|1701000386\n|move|p2a: Gyarados|Ice Beam|p1a: \u0427\u0443\u0433\u0443\u043d\u043e\u0432\u0430 \u0447\u0435\u0440\u043f\u0430\u0445\u0430\n|-supereffective|p1a: \u0427\u0443\u0433\u0443\u043d\u043e\u0432\u0430 \u0447\u0435\u0440\u043f\u0430\u0445\u0430\n|-damage|p1a: \u0427\u0443\u0433\u0443\u043d\u043e\u0432\u0430 \u0447\u0435\u0440\u043f\u0430\u0445\u0430|0 fnt\n|faint|p1a: \u0427\u0443\u0433\u0443\u043d\u043e\u0432\u0430 \u0447\u0435\u0440\u043f\u0430\u0445\u0430\n|\n|upkeep\n|\n|t:|1701000391\n|switch|p1a: \u0423\u0441\u0442\u0440\u0438\u0446\u04302|Gastrodon, M|100\/100\n|turn|17\n|\n|t:|1701000396\n|switch|p2a: Swampert|Swampert, M|31\/100\n|move|p1a: \u0423\u0441\u0442\u0440\u0438\u0446\u04302|Facade|p2a: Swampert\n|-damage|p2a: Swampert|18\/100\n|\n|upkeep\n|turn|18\n|\n|t:|1701000405\n|move|p1a: \u0423\u0441\u0442\u0440\u0438\u0446\u04302|Facade|p2a: Swampert\n|-damage|p2a: Swampert|5\/100\n|move|p2a: Swampert|Stone Edge|p1a: \u0423\u0441\u0442\u0440\u0438\u0446\u04302\n|-resisted|p1a: \u0423\u0441\u0442\u0440\u0438\u0446\u04302\n|-damage|p1a: \u0423\u0441\u0442\u0440\u0438\u0446\u04302|88\/100\n|\n|upkeep\n|turn|19\n|\n|t:|1701000413\n|switch|p2a: Clawitzer|Clawitzer, M|61\/100\n|move|p1a: \u0423\u0441\u0442\u0440\u0438\u0446\u04302|Facade|p2a: Clawitzer\n|-damage|p2a: Clawitzer|45\/100\n|\n|upkeep\n|turn|20\n|\n|t:|1701000423\n|move|p1a: \u0423\u0441\u0442\u0440\u0438\u0446\u04302|Facade|p2a: Clawitzer\n|-damage|p2a: Clawitzer|30\/100\n|move|p2a: Clawitzer|Liquidation|p1a: \u0423\u0441\u0442\u0440\u0438\u0446\u04302\n|-ability|p1a: \u0423\u0441\u0442\u0440\u0438\u0446\u04302|Storm Drain|boost\n|-boost|p1a: \u0423\u0441\u0442\u0440\u0438\u0446\u04302|spa|1\n|\n|upkeep\n|turn|21\n|\n|t:|1701000432\n|move|p1a: \u0423\u0441\u0442\u0440\u0438\u0446\u04302|Facade|p2a: Clawitzer\n|-damage|p2a: Clawitzer|15\/100\n|move|p2a: Clawitzer|Ice Beam|p1a: \u0423\u0441\u0442\u0440\u0438\u0446\u04302\n|-damage|p1a: \u0423\u0441\u0442\u0440\u0438\u0446\u04302|58\/100\n|\n|upkeep\n|turn|22\n|\n|t:|1701000443\n|move|p2a: Clawitzer|Aqua Jet|p1a: \u0423\u0441\u0442\u0440\u0438\u0446\u04302\n|-ability|p1a: \u0423\u0441\u0442\u0440\u0438\u0446\u04302|Storm Drain|boost\n|-boost|p1a: \u0423\u0441\u0442\u0440\u0438\u0446\u04302|spa|1\n|move|p1a: \u0423\u0441\u0442\u0440\u0438\u0446\u04302|Facade|p2a: Clawitzer\n|-damage|p2a: Clawitzer|0 fnt\n|faint|p2a: Clawitzer\n|\n|upkeep\n|\n|t:|1701000452\n|switch|p2a: Gyarados|Gyarados-Mega, M, shiny|34\/100\n|-ability|p2a: Gyarados|Mold Breaker\n|turn|23\n|\n|t:|1701000458\n|move|p2a: Gyarados|Ice Beam|p1a: \u0423\u0441\u0442\u0440\u0438\u0446\u04302\n|-damage|p1a: \u0423\u0441\u0442\u0440\u0438\u0446\u04302|39\/100\n|move|p1a: \u0423\u0441\u0442\u0440\u0438\u0446\u04302|Facade|p2a: Gyarados\n|-damage|p2a: Gyarados|23\/100\n|\n|upkeep\n|turn|24\n|\n|t:|1701000466\n|switch|p1a: \u0423\u0439\u043e\u043f\u0430\u043a \u0443\u0437\u043a\u0438|Stunfisk, M|100\/100\n|move|p2a: Gyarados|Dark Pulse|p1a: \u0423\u0439\u043e\u043f\u0430\u043a \u0443\u0437\u043a\u0438\n|-damage|p1a: \u0423\u0439\u043e\u043f\u0430\u043a \u0443\u0437\u043a\u0438|79\/100\n|\n|-heal|p1a: \u0423\u0439\u043e\u043f\u0430\u043a \u0443\u0437\u043a\u0438|85\/100|[from] item: Leftovers\n|upkeep\n|turn|25\n|\n|t:|1701000475\n|move|p2a: Gyarados|Ice Beam|p1a: \u0423\u0439\u043e\u043f\u0430\u043a \u0443\u0437\u043a\u0438\n|-supereffective|p1a: \u0423\u0439\u043e\u043f\u0430\u043a \u0443\u0437\u043a\u0438\n|-damage|p1a: \u0423\u0439\u043e\u043f\u0430\u043a \u0443\u0437\u043a\u0438|54\/100\n|move|p1a: \u0423\u0439\u043e\u043f\u0430\u043a \u0443\u0437\u043a\u0438|Thunder|p2a: Gyarados\n|-supereffective|p2a: Gyarados\n|-damage|p2a: Gyarados|0 fnt\n|faint|p2a: Gyarados\n|\n|-heal|p1a: \u0423\u0439\u043e\u043f\u0430\u043a \u0443\u0437\u043a\u0438|60\/100|[from] item: Leftovers\n|upkeep\n|inactive|Battle timer is ON: inactive players will automatically lose when time's up. (requested by HuntixL)\n|\n|t:|1701000569\n|switch|p2a: Swampert|Swampert, M|5\/100\n|turn|26\n|\n|t:|1701000583\n|move|p2a: Swampert|Aqua Tail|p1a: \u0423\u0439\u043e\u043f\u0430\u043a \u0443\u0437\u043a\u0438\n|-supereffective|p1a: \u0423\u0439\u043e\u043f\u0430\u043a \u0443\u0437\u043a\u0438\n|-damage|p1a: \u0423\u0439\u043e\u043f\u0430\u043a \u0443\u0437\u043a\u0438|0 fnt\n|faint|p1a: \u0423\u0439\u043e\u043f\u0430\u043a \u0443\u0437\u043a\u0438\n|\n|upkeep\n|\n|t:|1701000587\n|switch|p1a: \u0423\u0441\u0442\u0440\u0438\u0446\u04302|Gastrodon, M|39\/100\n|turn|27\n|\n|t:|1701000592\n|move|p1a: \u0423\u0441\u0442\u0440\u0438\u0446\u04302|Facade|p2a: Swampert\n|-damage|p2a: Swampert|0 fnt\n|faint|p2a: Swampert\n|\n|win|HuntixL\n","uploadtime":1701000626,"views":8,"p1id":"huntixl","p2id":"huntixv","formatid":"gen9nationaldex","rating":0,"private":0,"password":""}