{"id":"gen9nationaldex-1987488743","p1":"RobPicoduro","p2":"Onni ter","format":"[Gen 9] National Dex","log":"|j|\u2606RobPicoduro\n|j|\u2606Onni ter\n|t:|1699600174\n|gametype|singles\n|player|p1|RobPicoduro|2|1083\n|player|p2|Onni ter|linebacker|1090\n|teamsize|p1|6\n|teamsize|p2|6\n|gen|9\n|tier|[Gen 9] National Dex\n|rated|\n|rule|HP Percentage Mod: HP is shown in percentages\n|rule|Endless Battle Clause: Forcing endless battles is banned\n|rule|OHKO Clause: OHKO moves are banned\n|rule|Evasion Clause: Evasion abilities, items, and moves are banned\n|rule|Evasion Abilities Clause: Evasion abilities are banned\n|rule|Evasion Items Clause: Evasion items are banned\n|rule|Evasion Moves Clause: Evasion moves are banned\n|rule|Species Clause: Limit one of each Pok\u00e9mon\n|rule|Sleep Clause Mod: Limit one foe put to sleep\n|clearpoke\n|poke|p1|Charizard, M|\n|poke|p1|Tyranitar, F|\n|poke|p1|Kommo-o, F|\n|poke|p1|Amoonguss, M|\n|poke|p1|Zoroark-Hisui, F|\n|poke|p1|Metagross|\n|poke|p2|Banette, F|\n|poke|p2|Pawmot, F|\n|poke|p2|Rabsca, F|\n|poke|p2|Alomomola, F|\n|poke|p2|Moltres|\n|poke|p2|Landorus-Therian, M|\n|teampreview\n|inactive|Battle timer is ON: inactive players will automatically lose when time's up. (requested by Onni ter)\n|\n|t:|1699600182\n|start\n|switch|p1a: Tyranitar|Tyranitar, F|100\/100\n|switch|p2a: JUST BELIEVE|Banette, F|100\/100\n|-item|p1a: Tyranitar|Assault Vest|[from] ability: Frisk|[of] p2a: JUST BELIEVE|[identify]\n|-weather|Sandstorm|[from] ability: Sand Stream|[of] p1a: Tyranitar\n|turn|1\n|\n|t:|1699600192\n|detailschange|p2a: JUST BELIEVE|Banette-Mega, F\n|-mega|p2a: JUST BELIEVE|Banette|Banettite\n|move|p2a: JUST BELIEVE|Destiny Bond|p2a: JUST BELIEVE\n|-singlemove|p2a: JUST BELIEVE|Destiny Bond\n|move|p1a: Tyranitar|Crunch|p2a: JUST BELIEVE\n|-supereffective|p2a: JUST BELIEVE\n|-damage|p2a: JUST BELIEVE|0 fnt\n|faint|p2a: JUST BELIEVE\n|-activate|p2a: JUST BELIEVE|move: Destiny Bond\n|faint|p1a: Tyranitar\n|\n|-weather|Sandstorm|[upkeep]\n|upkeep\n|\n|t:|1699600207\n|switch|p2a: Aishie|Alomomola, F|100\/100\n|switch|p1a: Amoonguss|Amoonguss, M|100\/100\n|turn|2\n|\n|t:|1699600220\n|move|p1a: Amoonguss|Sludge Bomb|p2a: Aishie\n|-damage|p2a: Aishie|73\/100\n|move|p2a: Aishie|Scald|p1a: Amoonguss\n|-damage|p1a: Amoonguss|71\/100\n|-status|p1a: Amoonguss|brn\n|replace|p1a: Zoroark|Zoroark-Hisui, F, shiny\n|-end|p1a: Zoroark|Illusion\n|\n|-weather|Sandstorm|[upkeep]\n|-damage|p1a: Zoroark|65\/100 brn|[from] Sandstorm\n|-damage|p2a: Aishie|67\/100|[from] Sandstorm\n|-damage|p1a: Zoroark|59\/100 brn|[from] brn\n|upkeep\n|turn|3\n|\n|t:|1699600234\n|switch|p1a: Charizard|Charizard, M, shiny|100\/100\n|move|p2a: Aishie|Protect||[still]\n|-fail|p2a: Aishie\n|\n|-weather|Sandstorm|[upkeep]\n|-damage|p1a: Charizard|94\/100|[from] Sandstorm\n|-damage|p2a: Aishie|61\/100|[from] Sandstorm\n|upkeep\n|turn|4\n|\n|t:|1699600257\n|detailschange|p1a: Charizard|Charizard-Mega-Y, M, shiny\n|-mega|p1a: Charizard|Charizard|Charizardite Y\n|-weather|SunnyDay|[from] ability: Drought|[of] p1a: Charizard\n|move|p1a: Charizard|Solar Beam||[still]\n|-prepare|p1a: Charizard|Solar Beam\n|-anim|p1a: Charizard|Solar Beam|p2a: Aishie\n|-supereffective|p2a: Aishie\n|-damage|p2a: Aishie|0 fnt\n|faint|p2a: Aishie\n|\n|-weather|SunnyDay|[upkeep]\n|upkeep\n|\n|t:|1699600270\n|switch|p2a: Storyteller|Landorus-Therian, M|100\/100\n|-ability|p2a: Storyteller|Intimidate|boost\n|-unboost|p1a: Charizard|atk|1\n|turn|5\n|\n|t:|1699600274\n|move|p1a: Charizard|Solar Beam||[still]\n|-prepare|p1a: Charizard|Solar Beam\n|-anim|p1a: Charizard|Solar Beam|p2a: Storyteller\n|-damage|p2a: Storyteller|35\/100\n|move|p2a: Storyteller|Stealth Rock|p1a: Charizard\n|-sidestart|p1: RobPicoduro|move: Stealth Rock\n|\n|-weather|SunnyDay|[upkeep]\n|upkeep\n|turn|6\n|\n|t:|1699600280\n|move|p1a: Charizard|Solar Beam||[still]\n|-prepare|p1a: Charizard|Solar Beam\n|-anim|p1a: Charizard|Solar Beam|p2a: Storyteller\n|-damage|p2a: Storyteller|0 fnt\n|faint|p2a: Storyteller\n|\n|-weather|SunnyDay|[upkeep]\n|upkeep\n|\n|t:|1699600283\n|switch|p2a: Bruh|Rabsca, F|100\/100\n|turn|7\n|\n|t:|1699600289\n|switch|p2a: Cloud9999|Moltres|100\/100\n|-ability|p2a: Cloud9999|Pressure\n|move|p1a: Charizard|Weather Ball|p2a: Cloud9999\n|-resisted|p2a: Cloud9999\n|-damage|p2a: Cloud9999|52\/100\n|\n|-weather|SunnyDay|[upkeep]\n|upkeep\n|turn|8\n|\n|t:|1699600303\n|move|p1a: Charizard|Weather Ball|p2a: Cloud9999\n|-resisted|p2a: Cloud9999\n|-damage|p2a: Cloud9999|5\/100\n|move|p2a: Cloud9999|Roost|p2a: Cloud9999\n|-heal|p2a: Cloud9999|55\/100\n|-singleturn|p2a: Cloud9999|move: Roost\n|\n|-weather|none\n|upkeep\n|turn|9\n|\n|t:|1699600318\n|switch|p1a: Kommo-o|Kommo-o, F|100\/100\n|-damage|p1a: Kommo-o|94\/100|[from] Stealth Rock\n|move|p2a: Cloud9999|Hurricane|p1a: Kommo-o\n|-supereffective|p1a: Kommo-o\n|-damage|p1a: Kommo-o|0 fnt\n|faint|p1a: Kommo-o\n|\n|upkeep\n|\n|t:|1699600326\n|switch|p1a: Amoonguss|Amoonguss, M|100\/100\n|-damage|p1a: Amoonguss|88\/100|[from] Stealth Rock\n|turn|10\n|\n|t:|1699600330\n|move|p2a: Cloud9999|Mystical Fire|p1a: Amoonguss\n|-supereffective|p1a: Amoonguss\n|-damage|p1a: Amoonguss|32\/100\n|-unboost|p1a: Amoonguss|spa|1\n|move|p1a: Amoonguss|Toxic|p2a: Cloud9999\n|-status|p2a: Cloud9999|tox\n|\n|-heal|p1a: Amoonguss|39\/100|[from] item: Black Sludge\n|-damage|p2a: Cloud9999|49\/100 tox|[from] psn\n|upkeep\n|turn|11\n|\n|t:|1699600339\n|move|p1a: Amoonguss|Protect|p1a: Amoonguss\n|-singleturn|p1a: Amoonguss|Protect\n|move|p2a: Cloud9999|Mystical Fire|p1a: Amoonguss\n|-activate|p1a: Amoonguss|move: Protect\n|\n|-heal|p1a: Amoonguss|45\/100|[from] item: Black Sludge\n|-damage|p2a: Cloud9999|37\/100 tox|[from] psn\n|upkeep\n|turn|12\n|\n|t:|1699600348\n|switch|p1a: Charizard|Charizard-Mega-Y, M, shiny|94\/100\n|-damage|p1a: Charizard|45\/100|[from] Stealth Rock\n|-weather|SunnyDay|[from] ability: Drought|[of] p1a: Charizard\n|move|p2a: Cloud9999|Mystical Fire|p1a: Charizard\n|-resisted|p1a: Charizard\n|-damage|p1a: Charizard|11\/100\n|-unboost|p1a: Charizard|spa|1\n|\n|-weather|SunnyDay|[upkeep]\n|-damage|p2a: Cloud9999|19\/100 tox|[from] psn\n|upkeep\n|turn|13\n|\n|t:|1699600363\n|move|p1a: Charizard|Weather Ball|p2a: Cloud9999\n|-resisted|p2a: Cloud9999\n|-damage|p2a: Cloud9999|0 fnt\n|faint|p2a: Cloud9999\n|\n|-weather|SunnyDay|[upkeep]\n|upkeep\n|\n|t:|1699600372\n|switch|p2a: Better without you|Pawmot, F|100\/100\n|turn|14\n|\n|t:|1699600380\n|move|p2a: Better without you|Mach Punch|p1a: Charizard\n|-resisted|p1a: Charizard\n|-damage|p1a: Charizard|0 fnt\n|faint|p1a: Charizard\n|\n|-weather|SunnyDay|[upkeep]\n|upkeep\n|\n|t:|1699600386\n|switch|p1a: Amoonguss|Amoonguss, M|45\/100\n|-damage|p1a: Amoonguss|32\/100|[from] Stealth Rock\n|turn|15\n|\n|t:|1699600390\n|move|p2a: Better without you|Revival Blessing|p2a: Better without you\n|-enditem|p2a: Better without you|Leppa Berry|[eat]\n|-activate|p2a: Better without you|item: Leppa Berry|Revival Blessing|[consumed]\n|\n|t:|1699600394\n|-heal|p2: JUST BELIEVE|50\/100|[from] move: Revival Blessing\n|move|p1a: Amoonguss|Synthesis|p1a: Amoonguss\n|-heal|p1a: Amoonguss|99\/100\n|\n|-weather|SunnyDay|[upkeep]\n|-heal|p1a: Amoonguss|100\/100|[from] item: Black Sludge\n|upkeep\n|turn|16\n|\n|t:|1699600401\n|move|p2a: Better without you|Revival Blessing|p2a: Better without you\n|\n|t:|1699600403\n|-heal|p2: Cloud9999|50\/100|[from] move: Revival Blessing\n|move|p1a: Amoonguss|Toxic|p2a: Better without you\n|-status|p2a: Better without you|tox\n|\n|-weather|none\n|-damage|p2a: Better without you|94\/100 tox|[from] psn\n|upkeep\n|turn|17\n|\n|t:|1699600412\n|switch|p2a: Cloud9999|Moltres|50\/100\n|-ability|p2a: Cloud9999|Pressure\n|move|p1a: Amoonguss|Giga Drain|p2a: Cloud9999\n|-resisted|p2a: Cloud9999\n|-damage|p2a: Cloud9999|45\/100\n|\n|upkeep\n|turn|18\n|c|\u2606RobPicoduro|gg\n|n|!RobPicoduro|robpicoduro\n|-message|RobPicoduro forfeited.\n|\n|win|Onni ter\n|raw|RobPicoduro's rating: 1083 &rarr; <strong>1061<\/strong><br \/>(-22 for losing)\n|raw|Onni ter's rating: 1090 &rarr; <strong>1116<\/strong><br \/>(+26 for winning)\n","uploadtime":1699600427,"views":4,"p1id":"robpicoduro","p2id":"onniter","formatid":"gen9nationaldex","rating":1061,"private":0,"password":""}