{"id":"gen9nationaldex-1998796936","p1":"d-ddkb\u771f\u65b0\u4eba","p2":"Sleepinghhxh","format":"[Gen 9] National Dex","log":"|html|<div class=\"broadcast-blue\"><strong>[Gen 9] National Dex is currently suspecting Sneasler! For information on how to participate check out the <a href=\"https:\/\/www.smogon.com\/forums\/threads\/sv-national-dex-suspect-8-just-dance.3731534\/\">suspect thread<\/a>.<\/strong><\/div>\n|j|\u2606d-ddkb\u771f\u65b0\u4eba\n|j|\u2606Sleepinghhxh\n|t:|1700992847\n|gametype|singles\n|player|p1|d-ddkb\u771f\u65b0\u4eba|furisodegirl-black|\n|player|p2|Sleepinghhxh|penny|\n|teamsize|p1|6\n|teamsize|p2|6\n|gen|9\n|tier|[Gen 9] National Dex\n|rule|HP Percentage Mod: HP is shown in percentages\n|rule|Endless Battle Clause: Forcing endless battles is banned\n|rule|OHKO Clause: OHKO moves are banned\n|rule|Evasion Clause: Evasion abilities, items, and moves are banned\n|rule|Evasion Abilities Clause: Evasion abilities are banned\n|rule|Evasion Items Clause: Evasion items are banned\n|rule|Evasion Moves Clause: Evasion moves are banned\n|rule|Species Clause: Limit one of each Pok\u00e9mon\n|rule|Sleep Clause Mod: Limit one foe put to sleep\n|clearpoke\n|poke|p1|Rillaboom, M|\n|poke|p1|Banette, F|\n|poke|p1|Iron Treads|\n|poke|p1|Tapu Lele|\n|poke|p1|Urshifu-*, M|\n|poke|p1|Samurott-Hisui, F|\n|poke|p2|Zamazenta-*|\n|poke|p2|Zapdos|\n|poke|p2|Ceruledge, F|\n|poke|p2|Bisharp, F|\n|poke|p2|Ogerpon-Wellspring, F|\n|poke|p2|Banette, F|\n|teampreview\n|inactive|Battle timer is ON: inactive players will automatically lose when time's up. (requested by Sleepinghhxh)\n|\n|t:|1700992865\n|start\n|switch|p1a: Samurott|Samurott-Hisui, F|100\/100\n|switch|p2a: Banette|Banette, F|100\/100\n|-item|p1a: Samurott|Assault Vest|[from] ability: Frisk|[of] p2a: Banette|[identify]\n|turn|1\n|\n|t:|1700992872\n|detailschange|p2a: Banette|Banette-Mega, F\n|-mega|p2a: Banette|Banette|Banettite\n|move|p2a: Banette|Destiny Bond|p2a: Banette\n|-singlemove|p2a: Banette|Destiny Bond\n|move|p1a: Samurott|Razor Shell|p2a: Banette\n|-damage|p2a: Banette|23\/100\n|\n|upkeep\n|turn|2\n|\n|t:|1700992882\n|switch|p1a: Tapu Bulu-Mega|Rillaboom, M|100\/100\n|-fieldstart|move: Grassy Terrain|[from] ability: Grassy Surge|[of] p1a: Tapu Bulu-Mega\n|move|p2a: Banette|Poltergeist|p1a: Tapu Bulu-Mega|[miss]\n|-miss|p2a: Banette|p1a: Tapu Bulu-Mega\n|\n|-heal|p2a: Banette|29\/100|[from] Grassy Terrain\n|upkeep\n|turn|3\n|c|\u2606Sleepinghhxh|\u554a\uff1f\n|\n|t:|1700992894\n|move|p1a: Tapu Bulu-Mega|Grassy Glide|p2a: Banette\n|-damage|p2a: Banette|0 fnt\n|faint|p2a: Banette\n|-damage|p1a: Tapu Bulu-Mega|91\/100|[from] item: Life Orb\n|\n|-heal|p1a: Tapu Bulu-Mega|97\/100|[from] Grassy Terrain\n|upkeep\n|\n|t:|1700992901\n|switch|p2a: Ceruledge|Ceruledge, F|100\/100\n|turn|4\n|\n|t:|1700992907\n|-terastallize|p1a: Tapu Bulu-Mega|Fire\n|move|p2a: Ceruledge|Bitter Blade|p1a: Tapu Bulu-Mega\n|-resisted|p1a: Tapu Bulu-Mega\n|-damage|p1a: Tapu Bulu-Mega|77\/100\n|move|p1a: Tapu Bulu-Mega|High Horsepower|p2a: Ceruledge\n|-supereffective|p2a: Ceruledge\n|-enditem|p2a: Ceruledge|Focus Sash\n|-damage|p2a: Ceruledge|1\/100\n|-ability|p2a: Ceruledge|Weak Armor|boost\n|-unboost|p2a: Ceruledge|def|1\n|-boost|p2a: Ceruledge|spe|2\n|-damage|p1a: Tapu Bulu-Mega|67\/100|[from] item: Life Orb\n|\n|-heal|p2a: Ceruledge|7\/100|[from] Grassy Terrain\n|-heal|p1a: Tapu Bulu-Mega|74\/100|[from] Grassy Terrain\n|upkeep\n|turn|5\n|\n|t:|1700992913\n|switch|p2a: Zapdos|Zapdos, shiny|100\/100\n|move|p1a: Tapu Bulu-Mega|Grassy Glide|p2a: Zapdos\n|-resisted|p2a: Zapdos\n|-damage|p2a: Zapdos|83\/100\n|-damage|p1a: Tapu Bulu-Mega|64\/100|[from] item: Life Orb\n|\n|-heal|p1a: Tapu Bulu-Mega|70\/100|[from] Grassy Terrain\n|upkeep\n|turn|6\n|\n|t:|1700992918\n|switch|p1a: Iron Treads|Iron Treads|100\/100\n|move|p2a: Zapdos|Volt Switch|p1a: Iron Treads\n|-immune|p1a: Iron Treads\n|\n|-fieldend|move: Grassy Terrain\n|upkeep\n|turn|7\n|\n|t:|1700992925\n|move|p1a: Iron Treads|Volt Switch|p2a: Zapdos\n|-damage|p2a: Zapdos|72\/100\n|\n|t:|1700992931\n|-end|p1a: Iron Treads|Quark Drive|[silent]\n|switch|p1a: Banette|Banette, F|100\/100|[from] Volt Switch\n|move|p2a: Zapdos|Hurricane|p1a: Banette|[miss]\n|-miss|p2a: Zapdos|p1a: Banette\n|\n|upkeep\n|turn|8\n|\n|t:|1700992938\n|detailschange|p1a: Banette|Banette-Mega, F\n|-mega|p1a: Banette|Banette|Banettite\n|move|p2a: Zapdos|Hurricane|p1a: Banette|[miss]\n|-miss|p2a: Zapdos|p1a: Banette\n|move|p1a: Banette|Poltergeist|p2a: Zapdos\n|-activate|p2a: Zapdos|move: Poltergeist|Heavy-Duty Boots\n|-damage|p2a: Zapdos|19\/100\n|\n|upkeep\n|turn|9\n|c|\u2606d-ddkb\u771f\u65b0\u4eba|\u5b89\u6170\u5b89\u6170\n|\n|t:|1700992953\n|switch|p2a: Bisharp|Bisharp, F, shiny|100\/100\n|move|p1a: Banette|Poltergeist|p2a: Bisharp\n|-activate|p2a: Bisharp|move: Poltergeist|Eviolite\n|-resisted|p2a: Bisharp\n|-damage|p2a: Bisharp|74\/100\n|\n|upkeep\n|turn|10\n|c|\u2606Sleepinghhxh|\u600e\u4e48\u4f1a\u6709\u8fd9\u4e48\u50bb\u903c\u7684\u6e38\u620f\n|\n|t:|1700992963\n|move|p1a: Banette|Thunder Wave|p2a: Bisharp\n|-hint|Since gen 7, Dark is immune to Prankster moves.\n|-immune|p2a: Bisharp\n|move|p2a: Bisharp|Swords Dance|p2a: Bisharp\n|-boost|p2a: Bisharp|atk|2\n|\n|upkeep\n|turn|11\n|\n|t:|1700992972\n|switch|p1a: Iron Treads|Iron Treads|100\/100\n|move|p2a: Bisharp|Swords Dance|p2a: Bisharp\n|-boost|p2a: Bisharp|atk|2\n|\n|upkeep\n|turn|12\n|\n|t:|1700992979\n|move|p1a: Iron Treads|Stealth Rock|p2a: Bisharp\n|-sidestart|p2: Sleepinghhxh|move: Stealth Rock\n|move|p2a: Bisharp|Knock Off|p1a: Iron Treads\n|-damage|p1a: Iron Treads|2\/100\n|-enditem|p1a: Iron Treads|Leftovers|[from] move: Knock Off|[of] p2a: Bisharp\n|\n|upkeep\n|turn|13\n|\n|t:|1700992984\n|move|p2a: Bisharp|Sucker Punch|p1a: Iron Treads\n|-damage|p1a: Iron Treads|0 fnt\n|faint|p1a: Iron Treads\n|-end|p1a: Iron Treads|Quark Drive|[silent]\n|\n|upkeep\n|\n|t:|1700992988\n|switch|p1a: \u5148\u5236\u90fd\u53ef\u4ee5\u5148\u5236|Tapu Lele|100\/100\n|-fieldstart|move: Psychic Terrain|[from] ability: Psychic Surge|[of] p1a: \u5148\u5236\u90fd\u53ef\u4ee5\u5148\u5236\n|turn|14\n|\n|t:|1700992992\n|move|p1a: \u5148\u5236\u90fd\u53ef\u4ee5\u5148\u5236|Moonblast|p2a: Bisharp\n|-damage|p2a: Bisharp|22\/100\n|move|p2a: Bisharp|Knock Off|p1a: \u5148\u5236\u90fd\u53ef\u4ee5\u5148\u5236\n|-damage|p1a: \u5148\u5236\u90fd\u53ef\u4ee5\u5148\u5236|0 fnt\n|faint|p1a: \u5148\u5236\u90fd\u53ef\u4ee5\u5148\u5236\n|\n|upkeep\n|l|\u2606d-ddkb\u771f\u65b0\u4eba\n|inactive|d-ddkb\u771f\u65b0\u4eba disconnected and has 300 seconds to reconnect!\n|player|p1|\n|j|\u2606d-ddkb\u771f\u65b0\u4eba\n|inactive|d-ddkb\u771f\u65b0\u4eba reconnected and has 300 seconds left.\n|player|p1|d-ddkb\u771f\u65b0\u4eba|furisodegirl-black\n|\n|t:|1700993022\n|switch|p1a: Urshifu|Urshifu-Rapid-Strike, M|100\/100\n|turn|15\n|\n|t:|1700993027\n|move|p1a: Urshifu|Surging Strikes|p2a: Bisharp\n|-crit|p2a: Bisharp\n|-damage|p2a: Bisharp|8\/100\n|-crit|p2a: Bisharp\n|-damage|p2a: Bisharp|0 fnt\n|faint|p2a: Bisharp\n|-hitcount|p2: Bisharp|2\n|\n|upkeep\n|\n|t:|1700993029\n|switch|p2a: Ogerpon|Ogerpon-Wellspring, F|100\/100\n|-damage|p2a: Ogerpon|88\/100|[from] Stealth Rock\n|turn|16\n|\n|t:|1700993035\n|switch|p1a: Banette|Banette-Mega, F|100\/100\n|move|p2a: Ogerpon|Swords Dance|p2a: Ogerpon\n|-boost|p2a: Ogerpon|atk|2\n|\n|upkeep\n|turn|17\n|\n|t:|1700993039\n|move|p1a: Banette|Encore|p2a: Ogerpon\n|-activate|p2a: Ogerpon|move: Psychic Terrain\n|move|p2a: Ogerpon|Ivy Cudgel|p1a: Banette|[anim] Ivy Cudgel Water\n|-damage|p1a: Banette|0 fnt\n|faint|p1a: Banette\n|\n|upkeep\n|\n|t:|1700993042\n|switch|p1a: Tapu Bulu-Mega|Rillaboom, M, tera:Fire|70\/100\n|-fieldstart|move: Grassy Terrain|[from] ability: Grassy Surge|[of] p1a: Tapu Bulu-Mega\n|turn|18\n|j| A3322\n|c|\u2606Sleepinghhxh|\u5929\u624d\n|\n|t:|1700993051\n|move|p1a: Tapu Bulu-Mega|Grassy Glide|p2a: Ogerpon\n|-damage|p2a: Ogerpon|25\/100\n|-damage|p1a: Tapu Bulu-Mega|60\/100|[from] item: Life Orb\n|move|p2a: Ogerpon|Ivy Cudgel|p1a: Tapu Bulu-Mega|[anim] Ivy Cudgel Water\n|-supereffective|p1a: Tapu Bulu-Mega\n|-damage|p1a: Tapu Bulu-Mega|0 fnt\n|faint|p1a: Tapu Bulu-Mega\n|\n|-heal|p2a: Ogerpon|31\/100|[from] Grassy Terrain\n|upkeep\n|\n|t:|1700993054\n|switch|p1a: Samurott|Samurott-Hisui, F|100\/100\n|turn|19\n|\n|t:|1700993058\n|move|p1a: Samurott|Sucker Punch|p2a: Ogerpon\n|-damage|p2a: Ogerpon|0 fnt\n|faint|p2a: Ogerpon\n|\n|upkeep\n|\n|t:|1700993061\n|switch|p2a: Zamazenta|Zamazenta|100\/100\n|-damage|p2a: Zamazenta|94\/100|[from] Stealth Rock\n|-ability|p2a: Zamazenta|Dauntless Shield|boost\n|-boost|p2a: Zamazenta|def|1\n|turn|20\n|\n|t:|1700993067\n|move|p2a: Zamazenta|Iron Defense|p2a: Zamazenta\n|-boost|p2a: Zamazenta|def|2\n|move|p1a: Samurott|Razor Shell|p2a: Zamazenta\n|-damage|p2a: Zamazenta|78\/100\n|-unboost|p2a: Zamazenta|def|1\n|\n|-heal|p2a: Zamazenta|84\/100|[from] Grassy Terrain\n|-heal|p2a: Zamazenta|90\/100|[from] item: Leftovers\n|upkeep\n|turn|21\n|\n|t:|1700993071\n|move|p2a: Zamazenta|Iron Defense|p2a: Zamazenta\n|-boost|p2a: Zamazenta|def|2\n|move|p1a: Samurott|Razor Shell|p2a: Zamazenta\n|-damage|p2a: Zamazenta|77\/100\n|\n|-heal|p2a: Zamazenta|83\/100|[from] Grassy Terrain\n|-heal|p2a: Zamazenta|90\/100|[from] item: Leftovers\n|upkeep\n|turn|22\n|\n|t:|1700993077\n|move|p2a: Zamazenta|Iron Defense|p2a: Zamazenta\n|-boost|p2a: Zamazenta|def|2\n|move|p1a: Samurott|Razor Shell|p2a: Zamazenta\n|-damage|p2a: Zamazenta|80\/100\n|-unboost|p2a: Zamazenta|def|1\n|\n|-heal|p2a: Zamazenta|87\/100|[from] Grassy Terrain\n|-heal|p2a: Zamazenta|93\/100|[from] item: Leftovers\n|-fieldend|move: Grassy Terrain\n|upkeep\n|turn|23\n|\n|t:|1700993081\n|move|p2a: Zamazenta|Iron Defense|p2a: Zamazenta\n|-boost|p2a: Zamazenta|def|1\n|move|p1a: Samurott|Razor Shell|p2a: Zamazenta\n|-damage|p2a: Zamazenta|83\/100\n|\n|-heal|p2a: Zamazenta|89\/100|[from] item: Leftovers\n|upkeep\n|turn|24\n|\n|t:|1700993089\n|move|p2a: Zamazenta|Heavy Slam|p1a: Samurott\n|-resisted|p1a: Samurott\n|-damage|p1a: Samurott|87\/100\n|move|p1a: Samurott|Sacred Sword|p2a: Zamazenta\n|-damage|p2a: Zamazenta|61\/100\n|\n|-heal|p2a: Zamazenta|67\/100|[from] item: Leftovers\n|upkeep\n|turn|25\n|\n|t:|1700993094\n|move|p2a: Zamazenta|Body Press|p1a: Samurott\n|-supereffective|p1a: Samurott\n|-damage|p1a: Samurott|0 fnt\n|faint|p1a: Samurott\n|\n|-heal|p2a: Zamazenta|73\/100|[from] item: Leftovers\n|upkeep\n|\n|t:|1700993099\n|switch|p1a: Urshifu|Urshifu-Rapid-Strike, M|100\/100\n|turn|26\n|\n|t:|1700993101\n|move|p1a: Urshifu|Surging Strikes|p2a: Zamazenta\n|-crit|p2a: Zamazenta\n|-damage|p2a: Zamazenta|61\/100\n|-crit|p2a: Zamazenta\n|-damage|p2a: Zamazenta|46\/100\n|-crit|p2a: Zamazenta\n|-damage|p2a: Zamazenta|33\/100\n|-hitcount|p2a: Zamazenta|3\n|move|p2a: Zamazenta|Body Press|p1a: Urshifu\n|-damage|p1a: Urshifu|0 fnt\n|faint|p1a: Urshifu\n|\n|win|Sleepinghhxh\n|l|\u2606d-ddkb\u771f\u65b0\u4eba\n","uploadtime":1700993112,"views":1,"p1id":"dddkb","p2id":"sleepinghhxh","formatid":"gen9nationaldex","rating":0,"private":0,"password":""}