{"id":"gen9nationaldex-1998659099","p1":"iceye","p2":"Autistic_Rabbit","format":"[Gen 9] National Dex","log":"|html|<div class=\"broadcast-blue\"><strong>[Gen 9] National Dex is currently suspecting Sneasler! For information on how to participate check out the <a href=\"https:\/\/www.smogon.com\/forums\/threads\/sv-national-dex-suspect-8-just-dance.3731534\/\">suspect thread<\/a>.<\/strong><\/div>\n|j|\u2606iceye\n|j|\u2606Autistic_Rabbit\n|t:|1700968763\n|gametype|singles\n|player|p1|iceye|alec-anime|1545\n|player|p2|Autistic_Rabbit|dawn|1521\n|teamsize|p1|6\n|teamsize|p2|6\n|gen|9\n|tier|[Gen 9] National Dex\n|rated|\n|rule|HP Percentage Mod: HP is shown in percentages\n|rule|Endless Battle Clause: Forcing endless battles is banned\n|rule|OHKO Clause: OHKO moves are banned\n|rule|Evasion Clause: Evasion abilities, items, and moves are banned\n|rule|Evasion Abilities Clause: Evasion abilities are banned\n|rule|Evasion Items Clause: Evasion items are banned\n|rule|Evasion Moves Clause: Evasion moves are banned\n|rule|Species Clause: Limit one of each Pok\u00e9mon\n|rule|Sleep Clause Mod: Limit one foe put to sleep\n|clearpoke\n|poke|p1|Banette, M|\n|poke|p1|Alomomola, F|\n|poke|p1|Pawmot, M|\n|poke|p1|Ursaluna, M|\n|poke|p1|Goodra-Hisui, F|\n|poke|p1|Weezing-Galar, F|\n|poke|p2|Mawile, M|\n|poke|p2|Marowak-Alola, F|\n|poke|p2|Hatterene, F|\n|poke|p2|Cresselia, F|\n|poke|p2|Porygon2|\n|poke|p2|Ursaluna, M|\n|teampreview\n|inactive|Battle timer is ON: inactive players will automatically lose when time's up. (requested by iceye)\n|\n|t:|1700968784\n|start\n|switch|p1a: Banette|Banette, M|100\/100\n|switch|p2a: Marowak|Marowak-Alola, F|100\/100\n|-item|p2a: Marowak|Thick Club|[from] ability: Frisk|[of] p1a: Banette|[identify]\n|turn|1\n|\n|t:|1700968796\n|switch|p2a: Ursaluna|Ursaluna, M|100\/100\n|detailschange|p1a: Banette|Banette-Mega, M\n|-mega|p1a: Banette|Banette|Banettite\n|move|p1a: Banette|Poltergeist|p2a: Ursaluna\n|-immune|p2a: Ursaluna\n|\n|-status|p2a: Ursaluna|brn|[from] item: Flame Orb\n|upkeep\n|turn|2\n|\n|t:|1700968816\n|switch|p1a: Weezing|Weezing-Galar, F|100\/100\n|switch|p2a: Porygon2|Porygon2|100\/100\n|-ability|p2a: Porygon2|Levitate|[from] ability: Trace|[of] p1a: Weezing\n|\n|upkeep\n|turn|3\n|\n|t:|1700968825\n|move|p1a: Weezing|Will-O-Wisp|p2a: Porygon2\n|-status|p2a: Porygon2|brn\n|move|p2a: Porygon2|Trick Room|p2a: Porygon2\n|-fieldstart|move: Trick Room|[of] p2a: Porygon2\n|\n|-damage|p2a: Porygon2|94\/100 brn|[from] brn\n|upkeep\n|turn|4\n|\n|t:|1700968835\n|switch|p1a: Ursaluna|Ursaluna, M|100\/100\n|move|p2a: Porygon2|Teleport|p2a: Porygon2\n|\n|t:|1700968844\n|switch|p2a: Ursaluna|Ursaluna, M|100\/100 brn|[from] Teleport\n|\n|-damage|p2a: Ursaluna|94\/100 brn|[from] brn\n|-status|p1a: Ursaluna|brn|[from] item: Flame Orb\n|upkeep\n|turn|5\n|\n|t:|1700968857\n|switch|p1a: Banette|Banette-Mega, M|100\/100\n|move|p2a: Ursaluna|Facade|p1a: Banette\n|-immune|p1a: Banette\n|\n|-damage|p2a: Ursaluna|88\/100 brn|[from] brn\n|upkeep\n|turn|6\n|\n|t:|1700968865\n|move|p1a: Banette|Encore|p2a: Ursaluna\n|-start|p2a: Ursaluna|Encore\n|move|p2a: Ursaluna|Facade|p1a: Banette\n|-immune|p1a: Banette\n|\n|-damage|p2a: Ursaluna|82\/100 brn|[from] brn\n|upkeep\n|turn|7\n|\n|t:|1700968872\n|switch|p2a: Porygon2|Porygon2|94\/100 brn\n|-ability|p2a: Porygon2|Prankster|[from] ability: Trace|[of] p1a: Banette\n|move|p1a: Banette|Poltergeist|p2a: Porygon2\n|-immune|p2a: Porygon2\n|\n|-damage|p2a: Porygon2|88\/100 brn|[from] brn\n|-fieldend|move: Trick Room\n|upkeep\n|turn|8\n|\n|t:|1700968886\n|move|p1a: Banette|Taunt|p2a: Porygon2\n|-start|p2a: Porygon2|move: Taunt\n|cant|p2a: Porygon2|move: Taunt|Trick Room\n|\n|-damage|p2a: Porygon2|82\/100 brn|[from] brn\n|upkeep\n|turn|9\n|\n|t:|1700968892\n|switch|p1a: Goodra|Goodra-Hisui, F|100\/100\n|switch|p2a: Ursaluna|Ursaluna, M|82\/100 brn\n|\n|-damage|p2a: Ursaluna|76\/100 brn|[from] brn\n|upkeep\n|turn|10\n|j| cmziqun\n|l| cmziqun\n|\n|t:|1700968906\n|switch|p1a: Weezing|Weezing-Galar, F|100\/100\n|move|p2a: Ursaluna|Headlong Rush|p1a: Weezing\n|-immune|p1a: Weezing|[from] ability: Levitate\n|\n|-damage|p2a: Ursaluna|70\/100 brn|[from] brn\n|upkeep\n|turn|11\n|\n|t:|1700968917\n|switch|p1a: Banette|Banette-Mega, M|100\/100\n|move|p2a: Ursaluna|Facade|p1a: Banette\n|-immune|p1a: Banette\n|\n|-damage|p2a: Ursaluna|64\/100 brn|[from] brn\n|upkeep\n|turn|12\n|\n|t:|1700968928\n|switch|p1a: Alomomola|Alomomola, F|100\/100\n|switch|p2a: Porygon2|Porygon2|82\/100 brn\n|-ability|p2a: Porygon2|Regenerator|[from] ability: Trace|[of] p1a: Alomomola\n|\n|-damage|p2a: Porygon2|76\/100 brn|[from] brn\n|upkeep\n|turn|13\n|\n|t:|1700968938\n|move|p1a: Alomomola|Flip Turn|p2a: Porygon2\n|-damage|p2a: Porygon2|68\/100 brn\n|\n|t:|1700968945\n|switch|p1a: Goodra|Goodra-Hisui, F|100\/100|[from] Flip Turn\n|move|p2a: Porygon2|Thunderbolt|p1a: Goodra\n|-resisted|p1a: Goodra\n|-damage|p1a: Goodra|96\/100\n|-status|p1a: Goodra|par\n|\n|-damage|p2a: Porygon2|61\/100 brn|[from] brn\n|upkeep\n|turn|14\n|\n|t:|1700968956\n|move|p1a: Goodra|Thunder|p2a: Porygon2|[miss]\n|-miss|p1a: Goodra|p2a: Porygon2\n|move|p2a: Porygon2|Teleport|p2a: Porygon2\n|\n|t:|1700968960\n|switch|p2a: Ursaluna|Ursaluna, M|64\/100 brn|[from] Teleport\n|\n|-damage|p2a: Ursaluna|58\/100 brn|[from] brn\n|upkeep\n|turn|15\n|\n|t:|1700968973\n|switch|p1a: Alomomola|Alomomola, F|100\/100\n|move|p2a: Ursaluna|Facade|p1a: Alomomola\n|-damage|p1a: Alomomola|38\/100\n|\n|-heal|p1a: Alomomola|44\/100|[from] item: Leftovers\n|-damage|p2a: Ursaluna|52\/100 brn|[from] brn\n|upkeep\n|turn|16\n|\n|t:|1700968981\n|move|p1a: Alomomola|Protect|p1a: Alomomola\n|-singleturn|p1a: Alomomola|Protect\n|move|p2a: Ursaluna|Headlong Rush|p1a: Alomomola\n|-activate|p1a: Alomomola|move: Protect\n|\n|-heal|p1a: Alomomola|50\/100|[from] item: Leftovers\n|-damage|p2a: Ursaluna|46\/100 brn|[from] brn\n|upkeep\n|turn|17\n|\n|t:|1700968989\n|move|p1a: Alomomola|Flip Turn|p2a: Ursaluna\n|-supereffective|p2a: Ursaluna\n|-damage|p2a: Ursaluna|25\/100 brn\n|\n|t:|1700968996\n|switch|p1a: Banette|Banette-Mega, M|100\/100|[from] Flip Turn\n|move|p2a: Ursaluna|Facade|p1a: Banette\n|-immune|p1a: Banette\n|\n|-damage|p2a: Ursaluna|19\/100 brn|[from] brn\n|upkeep\n|turn|18\n|\n|t:|1700969005\n|move|p1a: Banette|Encore|p2a: Ursaluna\n|-start|p2a: Ursaluna|Encore\n|move|p2a: Ursaluna|Facade|p1a: Banette\n|-immune|p1a: Banette\n|\n|-damage|p2a: Ursaluna|13\/100 brn|[from] brn\n|upkeep\n|turn|19\n|\n|t:|1700969012\n|move|p1a: Banette|Taunt|p2a: Ursaluna\n|-start|p2a: Ursaluna|move: Taunt\n|move|p2a: Ursaluna|Facade|p1a: Banette\n|-immune|p1a: Banette\n|\n|-damage|p2a: Ursaluna|7\/100 brn|[from] brn\n|upkeep\n|turn|20\n|\n|t:|1700969020\n|move|p1a: Banette|Taunt||[still]\n|-fail|p1a: Banette\n|move|p2a: Ursaluna|Facade|p1a: Banette\n|-immune|p1a: Banette\n|\n|-damage|p2a: Ursaluna|1\/100 brn|[from] brn\n|-end|p2a: Ursaluna|Encore\n|upkeep\n|turn|21\n|\n|t:|1700969028\n|switch|p2a: Porygon2|Porygon2|95\/100 brn\n|-ability|p2a: Porygon2|Prankster|[from] ability: Trace|[of] p1a: Banette\n|move|p1a: Banette|Encore||[still]\n|-fail|p1a: Banette\n|\n|-damage|p2a: Porygon2|88\/100 brn|[from] brn\n|upkeep\n|turn|22\n|j| NicksRokaya\n|\n|t:|1700969041\n|switch|p1a: Goodra|Goodra-Hisui, F|96\/100 par\n|switch|p2a: Hatterene|Hatterene, F|100\/100\n|\n|upkeep\n|turn|23\n|\n|t:|1700969047\n|cant|p1a: Goodra|par\n|move|p2a: Hatterene|Trick Room|p2a: Hatterene\n|-fieldstart|move: Trick Room|[of] p2a: Hatterene\n|\n|upkeep\n|turn|24\n|\n|t:|1700969063\n|move|p2a: Hatterene|Healing Wish|p2a: Hatterene\n|faint|p2a: Hatterene\n|cant|p1a: Goodra|par\n|\n|upkeep\n|\n|t:|1700969067\n|switch|p2a: Ursaluna|Ursaluna, M|1\/100 brn\n|-heal|p2a: Ursaluna|100\/100|[from] move: Healing Wish\n|turn|25\n|\n|t:|1700969074\n|cant|p1a: Goodra|par\n|move|p2a: Ursaluna|Headlong Rush|p1a: Goodra\n|-supereffective|p1a: Goodra\n|-damage|p1a: Goodra|0 fnt\n|-unboost|p2a: Ursaluna|def|1\n|-unboost|p2a: Ursaluna|spd|1\n|faint|p1a: Goodra\n|\n|-status|p2a: Ursaluna|brn|[from] item: Flame Orb\n|upkeep\n|c|\u2606iceye|\u2026\u2026\n|c|\u2606Autistic_Rabbit|\uff1a\uff09\n|\n|t:|1700969090\n|switch|p1a: Banette|Banette-Mega, M|100\/100\n|turn|26\n|\n|t:|1700969100\n|move|p1a: Banette|Destiny Bond|p1a: Banette\n|-singlemove|p1a: Banette|Destiny Bond\n|move|p2a: Ursaluna|Facade|p1a: Banette\n|-immune|p1a: Banette\n|\n|-damage|p2a: Ursaluna|94\/100 brn|[from] brn\n|upkeep\n|turn|27\n|\n|t:|1700969108\n|switch|p2a: Porygon2|Porygon2|88\/100 brn\n|-ability|p2a: Porygon2|Prankster|[from] ability: Trace|[of] p1a: Banette\n|move|p1a: Banette|Encore||[still]\n|-fail|p1a: Banette\n|\n|-damage|p2a: Porygon2|82\/100 brn|[from] brn\n|-fieldend|move: Trick Room\n|upkeep\n|turn|28\n|\n|t:|1700969118\n|switch|p1a: Pawmot|Pawmot, M|100\/100\n|move|p2a: Porygon2|Ice Beam|p1a: Pawmot\n|-damage|p1a: Pawmot|62\/100\n|\n|-damage|p2a: Porygon2|76\/100 brn|[from] brn\n|upkeep\n|turn|29\n|\n|t:|1700969131\n|move|p1a: Pawmot|Revival Blessing|p1a: Pawmot\n|\n|t:|1700969134\n|-heal|p1: Goodra|50\/100|[from] move: Revival Blessing\n|move|p2a: Porygon2|Trick Room|p2a: Porygon2\n|-fieldstart|move: Trick Room|[of] p2a: Porygon2\n|\n|-damage|p2a: Porygon2|70\/100 brn|[from] brn\n|upkeep\n|turn|30\n|l| NicksRokaya\n|\n|t:|1700969144\n|switch|p2a: Marowak|Marowak-Alola, F|100\/100\n|switch|p1a: Alomomola|Alomomola, F|84\/100\n|\n|-heal|p1a: Alomomola|90\/100|[from] item: Leftovers\n|upkeep\n|turn|31\n|\n|t:|1700969153\n|-terastallize|p2a: Marowak|Ghost\n|move|p2a: Marowak|Poltergeist|p1a: Alomomola\n|-activate|p1a: Alomomola|move: Poltergeist|Leftovers\n|-damage|p1a: Alomomola|31\/100\n|move|p1a: Alomomola|Flip Turn|p2a: Marowak\n|-damage|p2a: Marowak|85\/100\n|\n|t:|1700969161\n|switch|p1a: Banette|Banette-Mega, M|100\/100|[from] Flip Turn\n|\n|upkeep\n|turn|32\n|\n|t:|1700969172\n|switch|p2a: Mawile|Mawile, M|100\/100\n|-ability|p2a: Mawile|Intimidate|boost\n|-unboost|p1a: Banette|atk|1\n|move|p1a: Banette|Destiny Bond|p1a: Banette\n|-singlemove|p1a: Banette|Destiny Bond\n|\n|upkeep\n|turn|33\n|\n|t:|1700969182\n|switch|p1a: Weezing|Weezing-Galar, F|100\/100\n|detailschange|p2a: Mawile|Mawile-Mega, M\n|-mega|p2a: Mawile|Mawile|Mawilite\n|move|p2a: Mawile|Play Rough|p1a: Weezing\n|-resisted|p1a: Weezing\n|-damage|p1a: Weezing|72\/100\n|\n|-heal|p1a: Weezing|78\/100|[from] item: Black Sludge\n|-fieldend|move: Trick Room\n|upkeep\n|turn|34\n|\n|t:|1700969193\n|switch|p2a: Ursaluna|Ursaluna, M|94\/100 brn\n|move|p1a: Weezing|Will-O-Wisp|p2a: Ursaluna\n|-fail|p2a: Ursaluna|brn\n|\n|-heal|p1a: Weezing|84\/100|[from] item: Black Sludge\n|-damage|p2a: Ursaluna|88\/100 brn|[from] brn\n|upkeep\n|turn|35\n|\n|t:|1700969214\n|move|p1a: Weezing|Sludge Bomb|p2a: Ursaluna\n|-resisted|p2a: Ursaluna\n|-damage|p2a: Ursaluna|77\/100 brn\n|move|p2a: Ursaluna|Headlong Rush|p1a: Weezing\n|-immune|p1a: Weezing|[from] ability: Levitate\n|\n|-heal|p1a: Weezing|90\/100|[from] item: Black Sludge\n|-damage|p2a: Ursaluna|71\/100 brn|[from] brn\n|upkeep\n|turn|36\n|\n|t:|1700969223\n|switch|p1a: Banette|Banette-Mega, M|100\/100\n|move|p2a: Ursaluna|Headlong Rush|p1a: Banette\n|-damage|p1a: Banette|0 fnt\n|-unboost|p2a: Ursaluna|def|1\n|-unboost|p2a: Ursaluna|spd|1\n|faint|p1a: Banette\n|\n|-damage|p2a: Ursaluna|65\/100 brn|[from] brn\n|upkeep\n|\n|t:|1700969232\n|switch|p1a: Ursaluna|Ursaluna, M|100\/100 brn\n|turn|37\n|\n|t:|1700969240\n|switch|p2a: Porygon2|Porygon2|70\/100 brn\n|-ability|p2a: Porygon2|Guts|[from] ability: Trace|[of] p1a: Ursaluna\n|-terastallize|p1a: Ursaluna|Normal\n|move|p1a: Ursaluna|Facade|p2a: Porygon2\n|-damage|p2a: Porygon2|0 fnt\n|faint|p2a: Porygon2\n|\n|-damage|p1a: Ursaluna|94\/100 brn|[from] brn\n|upkeep\n|\n|t:|1700969254\n|switch|p2a: Marowak|Marowak-Alola, F, tera:Ghost|85\/100\n|turn|38\n|\n|t:|1700969261\n|move|p1a: Ursaluna|Earthquake|p2a: Marowak\n|-damage|p2a: Marowak|1\/100\n|move|p2a: Marowak|Flare Blitz|p1a: Ursaluna\n|-damage|p1a: Ursaluna|24\/100 brn\n|\n|-damage|p1a: Ursaluna|18\/100 brn|[from] brn\n|upkeep\n|turn|39\n|\n|t:|1700969271\n|switch|p2a: Cresselia|Cresselia, F|100\/100\n|move|p1a: Ursaluna|Earthquake|p2a: Cresselia\n|-immune|p2a: Cresselia|[from] ability: Levitate\n|\n|-damage|p1a: Ursaluna|12\/100 brn|[from] brn\n|upkeep\n|turn|40\n|\n|t:|1700969283\n|switch|p1a: Alomomola|Alomomola, F|64\/100\n|move|p2a: Cresselia|Psychic|p1a: Alomomola\n|-damage|p1a: Alomomola|37\/100\n|\n|-heal|p1a: Alomomola|43\/100|[from] item: Leftovers\n|upkeep\n|turn|41\n|\n|t:|1700969291\n|switch|p2a: Ursaluna|Ursaluna, M|65\/100 brn\n|move|p1a: Alomomola|Wish|p1a: Alomomola\n|\n|-heal|p1a: Alomomola|49\/100|[from] item: Leftovers\n|-damage|p2a: Ursaluna|59\/100 brn|[from] brn\n|upkeep\n|turn|42\n|\n|t:|1700969299\n|move|p1a: Alomomola|Protect|p1a: Alomomola\n|-singleturn|p1a: Alomomola|Protect\n|move|p2a: Ursaluna|Facade|p1a: Alomomola\n|-activate|p1a: Alomomola|move: Protect\n|\n|-heal|p1a: Alomomola|99\/100|[from] move: Wish|[wisher] Alomomola\n|-heal|p1a: Alomomola|100\/100|[from] item: Leftovers\n|-damage|p2a: Ursaluna|53\/100 brn|[from] brn\n|upkeep\n|turn|43\n|\n|t:|1700969309\n|move|p1a: Alomomola|Wish|p1a: Alomomola\n|move|p2a: Ursaluna|Facade|p1a: Alomomola\n|-damage|p1a: Alomomola|36\/100\n|\n|-heal|p1a: Alomomola|42\/100|[from] item: Leftovers\n|-damage|p2a: Ursaluna|47\/100 brn|[from] brn\n|upkeep\n|turn|44\n|\n|t:|1700969316\n|switch|p1a: Goodra|Goodra-Hisui, F|50\/100\n|move|p2a: Ursaluna|Facade|p1a: Goodra\n|-resisted|p1a: Goodra\n|-damage|p1a: Goodra|0 fnt\n|faint|p1a: Goodra\n|\n|-damage|p2a: Ursaluna|40\/100 brn|[from] brn\n|upkeep\n|\n|t:|1700969327\n|switch|p1a: Pawmot|Pawmot, M|62\/100\n|turn|45\n|\n|t:|1700969332\n|switch|p2a: Cresselia|Cresselia, F|100\/100\n|move|p1a: Pawmot|Close Combat|p2a: Cresselia\n|-resisted|p2a: Cresselia\n|-damage|p2a: Cresselia|83\/100\n|-unboost|p1a: Pawmot|def|1\n|-unboost|p1a: Pawmot|spd|1\n|\n|upkeep\n|turn|46\n|\n|t:|1700969343\n|switch|p1a: Alomomola|Alomomola, F|75\/100\n|move|p2a: Cresselia|Trick Room|p2a: Cresselia\n|-fieldstart|move: Trick Room|[of] p2a: Cresselia\n|\n|-heal|p1a: Alomomola|81\/100|[from] item: Leftovers\n|upkeep\n|turn|47\n|\n|t:|1700969355\n|switch|p2a: Ursaluna|Ursaluna, M|40\/100 brn\n|move|p1a: Alomomola|Wish|p1a: Alomomola\n|\n|-heal|p1a: Alomomola|88\/100|[from] item: Leftovers\n|-damage|p2a: Ursaluna|34\/100 brn|[from] brn\n|upkeep\n|turn|48\n|\n|t:|1700969362\n|move|p2a: Ursaluna|Facade|p1a: Alomomola\n|-damage|p1a: Alomomola|16\/100\n|move|p1a: Alomomola|Flip Turn|p2a: Ursaluna\n|-supereffective|p2a: Ursaluna\n|-damage|p2a: Ursaluna|12\/100 brn\n|\n|t:|1700969367\n|switch|p1a: Ursaluna|Ursaluna, M, tera:Normal|12\/100 brn|[from] Flip Turn\n|\n|-heal|p1a: Ursaluna|69\/100 brn|[from] move: Wish|[wisher] Alomomola\n|-damage|p2a: Ursaluna|6\/100 brn|[from] brn\n|-damage|p1a: Ursaluna|63\/100 brn|[from] brn\n|upkeep\n|turn|49\n|\n|t:|1700969385\n|move|p2a: Ursaluna|Facade|p1a: Ursaluna\n|-damage|p1a: Ursaluna|0 fnt\n|faint|p1a: Ursaluna\n|\n|-damage|p2a: Ursaluna|0 fnt|[from] brn\n|faint|p2a: Ursaluna\n|upkeep\n|\n|t:|1700969399\n|switch|p2a: Marowak|Marowak-Alola, F, tera:Ghost|1\/100\n|switch|p1a: Weezing|Weezing-Galar, F|90\/100\n|turn|50\n|\n|t:|1700969415\n|switch|p2a: Mawile|Mawile-Mega, M|100\/100\n|move|p1a: Weezing|Sludge Bomb|p2a: Mawile\n|-immune|p2a: Mawile\n|\n|-heal|p1a: Weezing|96\/100|[from] item: Black Sludge\n|-fieldend|move: Trick Room\n|upkeep\n|turn|51\n|\n|t:|1700969425\n|switch|p2a: Cresselia|Cresselia, F|83\/100\n|move|p1a: Weezing|Will-O-Wisp|p2a: Cresselia\n|-status|p2a: Cresselia|brn\n|\n|-heal|p1a: Weezing|100\/100|[from] item: Black Sludge\n|-damage|p2a: Cresselia|77\/100 brn|[from] brn\n|upkeep\n|turn|52\n|\n|t:|1700969437\n|move|p1a: Weezing|Sludge Bomb|p2a: Cresselia\n|-damage|p2a: Cresselia|60\/100 brn\n|move|p2a: Cresselia|Trick Room|p2a: Cresselia\n|-fieldstart|move: Trick Room|[of] p2a: Cresselia\n|\n|-damage|p2a: Cresselia|54\/100 brn|[from] brn\n|upkeep\n|turn|53\n|\n|t:|1700969451\n|move|p1a: Weezing|Sludge Bomb|p2a: Cresselia\n|-damage|p2a: Cresselia|35\/100 brn\n|move|p2a: Cresselia|Lunar Dance|p2a: Cresselia\n|faint|p2a: Cresselia\n|\n|upkeep\n|\n|t:|1700969457\n|switch|p2a: Marowak|Marowak-Alola, F, tera:Ghost|1\/100\n|-heal|p2a: Marowak|100\/100|[from] move: Lunar Dance\n|turn|54\n|\n|t:|1700969463\n|move|p2a: Marowak|Poltergeist|p1a: Weezing\n|-activate|p1a: Weezing|move: Poltergeist|Black Sludge\n|-damage|p1a: Weezing|16\/100\n|move|p1a: Weezing|Will-O-Wisp|p2a: Marowak\n|-status|p2a: Marowak|brn\n|\n|-heal|p1a: Weezing|22\/100|[from] item: Black Sludge\n|-damage|p2a: Marowak|94\/100 brn|[from] brn\n|upkeep\n|turn|55\n|\n|t:|1700969473\n|switch|p1a: Alomomola|Alomomola, F|50\/100\n|move|p2a: Marowak|Poltergeist|p1a: Alomomola\n|-activate|p1a: Alomomola|move: Poltergeist|Leftovers\n|-damage|p1a: Alomomola|17\/100\n|\n|-heal|p1a: Alomomola|23\/100|[from] item: Leftovers\n|-damage|p2a: Marowak|88\/100 brn|[from] brn\n|upkeep\n|turn|56\n|\n|t:|1700969482\n|move|p1a: Alomomola|Protect|p1a: Alomomola\n|-singleturn|p1a: Alomomola|Protect\n|move|p2a: Marowak|Swords Dance|p2a: Marowak\n|-boost|p2a: Marowak|atk|2\n|\n|-heal|p1a: Alomomola|29\/100|[from] item: Leftovers\n|-damage|p2a: Marowak|82\/100 brn|[from] brn\n|-fieldend|move: Trick Room\n|upkeep\n|turn|57\n|\n|t:|1700969508\n|move|p1a: Alomomola|Wish|p1a: Alomomola\n|move|p2a: Marowak|Poltergeist|p1a: Alomomola\n|-activate|p1a: Alomomola|move: Poltergeist|Leftovers\n|-damage|p1a: Alomomola|0 fnt\n|faint|p1a: Alomomola\n|\n|-damage|p2a: Marowak|76\/100 brn|[from] brn\n|upkeep\n|\n|t:|1700969518\n|switch|p1a: Pawmot|Pawmot, M|62\/100\n|turn|58\n|\n|t:|1700969524\n|move|p1a: Pawmot|Double Shock|p2a: Marowak\n|-damage|p2a: Marowak|17\/100 brn\n|-start|p1a: Pawmot|typechange|???\/Fighting|[from] move: Double Shock\n|move|p2a: Marowak|Flare Blitz|p1a: Pawmot\n|-damage|p1a: Pawmot|0 fnt\n|faint|p1a: Pawmot\n|\n|-damage|p2a: Marowak|10\/100 brn|[from] brn\n|upkeep\n|-message|iceye forfeited.\n|\n|win|Autistic_Rabbit\n|raw|iceye's rating: 1545 &rarr; <strong>1524<\/strong><br \/>(-21 for losing)\n|raw|Autistic_Rabbit's rating: 1521 &rarr; <strong>1542<\/strong><br \/>(+21 for winning)\n|l|\u2606iceye\n|c|\u2606Autistic_Rabbit|gg\n","uploadtime":1700969545,"views":9,"p1id":"iceye","p2id":"autisticrabbit","formatid":"gen9nationaldex","rating":1524,"private":0,"password":""}