{"id":"gen9nationaldex-1995455451","p1":"shfeha","p2":"Cakelave","format":"[Gen 9] National Dex","log":"|html|<div class=\"broadcast-blue\"><strong>[Gen 9] National Dex is currently suspecting Sneasler! For information on how to participate check out the <a href=\"https:\/\/www.smogon.com\/forums\/threads\/sv-national-dex-suspect-8-just-dance.3731534\/\">suspect thread<\/a>.<\/strong><\/div>\n|j|\u2606shfeha\n|j|\u2606Cakelave\n|t:|1700572797\n|gametype|singles\n|player|p1|shfeha|cyclist|1163\n|player|p2|Cakelave|marshal|1096\n|teamsize|p1|6\n|teamsize|p2|6\n|gen|9\n|tier|[Gen 9] National Dex\n|rated|\n|rule|HP Percentage Mod: HP is shown in percentages\n|rule|Endless Battle Clause: Forcing endless battles is banned\n|rule|OHKO Clause: OHKO moves are banned\n|rule|Evasion Clause: Evasion abilities, items, and moves are banned\n|rule|Evasion Abilities Clause: Evasion abilities are banned\n|rule|Evasion Items Clause: Evasion items are banned\n|rule|Evasion Moves Clause: Evasion moves are banned\n|rule|Species Clause: Limit one of each Pok\u00e9mon\n|rule|Sleep Clause Mod: Limit one foe put to sleep\n|clearpoke\n|poke|p1|Gyarados, F|\n|poke|p1|Venusaur, F|\n|poke|p1|Bisharp, M|\n|poke|p1|Gallade, M|\n|poke|p1|Zapdos|\n|poke|p1|Hatterene, F|\n|poke|p2|Heliolisk, F|\n|poke|p2|Castform, M|\n|poke|p2|Sunflora, F|\n|poke|p2|Tangrowth, M|\n|poke|p2|Houndoom, F|\n|poke|p2|Torkoal, M|\n|teampreview\n|inactive|Battle timer is ON: inactive players will automatically lose when time's up. (requested by Cakelave)\n|inactive|shfeha also wants the timer to be on.\n|\n|t:|1700572804\n|start\n|switch|p1a: Gallade|Gallade, M, shiny|100\/100\n|switch|p2a: Torkoal|Torkoal, M, shiny|100\/100\n|-weather|SunnyDay|[from] ability: Drought|[of] p2a: Torkoal\n|turn|1\n|\n|t:|1700572816\n|move|p1a: Gallade|Knock Off|p2a: Torkoal\n|-damage|p2a: Torkoal|75\/100\n|-enditem|p2a: Torkoal|Heat Rock|[from] move: Knock Off|[of] p1a: Gallade\n|move|p2a: Torkoal|Lava Plume|p1a: Gallade\n|-damage|p1a: Gallade|42\/100\n|\n|-weather|SunnyDay|[upkeep]\n|upkeep\n|turn|2\n|\n|t:|1700572823\n|move|p1a: Gallade|Sacred Sword|p2a: Torkoal\n|-damage|p2a: Torkoal|21\/100\n|move|p2a: Torkoal|Lava Plume|p1a: Gallade\n|-damage|p1a: Gallade|0 fnt\n|faint|p1a: Gallade\n|\n|-weather|SunnyDay|[upkeep]\n|upkeep\n|\n|t:|1700572834\n|switch|p1a: Gyarados|Gyarados, F, shiny|100\/100\n|-ability|p1a: Gyarados|Intimidate|boost\n|-unboost|p2a: Torkoal|atk|1\n|turn|3\n|\n|t:|1700572839\n|switch|p2a: Tangrowth|Tangrowth, M, shiny|100\/100\n|move|p1a: Gyarados|Substitute|p1a: Gyarados\n|-start|p1a: Gyarados|Substitute\n|-damage|p1a: Gyarados|76\/100\n|\n|-weather|SunnyDay|[upkeep]\n|upkeep\n|turn|4\n|\n|t:|1700572852\n|switch|p1a: Venusaur|Venusaur, F, shiny|100\/100\n|move|p2a: Tangrowth|Energy Ball|p1a: Venusaur\n|-resisted|p1a: Venusaur\n|-damage|p1a: Venusaur|93\/100\n|-unboost|p1a: Venusaur|spd|1\n|\n|-weather|SunnyDay|[upkeep]\n|-heal|p1a: Venusaur|99\/100|[from] item: Leftovers\n|upkeep\n|turn|5\n|\n|t:|1700572862\n|move|p2a: Tangrowth|Wring Out|p1a: Venusaur\n|-damage|p1a: Venusaur|59\/100\n|move|p1a: Venusaur|Toxic|p2a: Tangrowth\n|-status|p2a: Tangrowth|tox\n|\n|-weather|SunnyDay|[upkeep]\n|-heal|p1a: Venusaur|65\/100|[from] item: Leftovers\n|-damage|p2a: Tangrowth|94\/100 tox|[from] psn\n|upkeep\n|turn|6\n|\n|t:|1700572877\n|switch|p2a: Castform|Castform, M, shiny|100\/100\n|-formechange|p2a: Castform|Castform-Sunny|[msg]|[from] ability: Forecast\n|move|p1a: Venusaur|Synthesis|p1a: Venusaur\n|-heal|p1a: Venusaur|100\/100\n|\n|-weather|SunnyDay|[upkeep]\n|upkeep\n|turn|7\n|\n|t:|1700572889\n|move|p2a: Castform|Flamethrower|p1a: Venusaur\n|-supereffective|p1a: Venusaur\n|-damage|p1a: Venusaur|13\/100\n|move|p1a: Venusaur|Leech Seed|p2a: Castform\n|-start|p2a: Castform|move: Leech Seed\n|\n|-weather|SunnyDay|[upkeep]\n|-heal|p1a: Venusaur|19\/100|[from] item: Leftovers\n|-damage|p2a: Castform|88\/100|[from] Leech Seed|[of] p1a: Venusaur\n|-heal|p1a: Venusaur|28\/100|[silent]\n|upkeep\n|turn|8\n|\n|t:|1700572898\n|switch|p1a: Gyarados|Gyarados, F, shiny|76\/100\n|-ability|p1a: Gyarados|Intimidate|boost\n|-unboost|p2a: Castform|atk|1\n|move|p2a: Castform|Flamethrower|p1a: Gyarados\n|-resisted|p1a: Gyarados\n|-damage|p1a: Gyarados|52\/100\n|\n|-weather|none\n|-formechange|p2a: Castform|Castform|[msg]|[from] ability: Forecast\n|-damage|p2a: Castform|76\/100|[from] Leech Seed|[of] p1a: Gyarados\n|-heal|p1a: Gyarados|63\/100|[silent]\n|upkeep\n|turn|9\n|\n|t:|1700572911\n|switch|p2a: Torkoal|Torkoal, M, shiny|21\/100\n|-weather|SunnyDay|[from] ability: Drought|[of] p2a: Torkoal\n|move|p1a: Gyarados|Substitute|p1a: Gyarados\n|-start|p1a: Gyarados|Substitute\n|-damage|p1a: Gyarados|38\/100\n|\n|-weather|SunnyDay|[upkeep]\n|upkeep\n|turn|10\n|\n|t:|1700572924\n|move|p1a: Gyarados|Dragon Dance|p1a: Gyarados\n|-boost|p1a: Gyarados|atk|1\n|-boost|p1a: Gyarados|spe|1\n|move|p2a: Torkoal|Lava Plume|p1a: Gyarados\n|-resisted|p1a: Gyarados\n|-end|p1a: Gyarados|Substitute\n|\n|-weather|SunnyDay|[upkeep]\n|upkeep\n|turn|11\n|\n|t:|1700572933\n|detailschange|p1a: Gyarados|Gyarados-Mega, F, shiny\n|-mega|p1a: Gyarados|Gyarados|Gyaradosite\n|-ability|p1a: Gyarados|Mold Breaker\n|move|p1a: Gyarados|Waterfall|p2a: Torkoal\n|-supereffective|p2a: Torkoal\n|-damage|p2a: Torkoal|0 fnt\n|faint|p2a: Torkoal\n|\n|-weather|SunnyDay|[upkeep]\n|upkeep\n|\n|t:|1700572953\n|switch|p2a: Tangrowth|Tangrowth, M, shiny|94\/100 tox\n|turn|12\n|\n|t:|1700572958\n|move|p1a: Gyarados|Substitute|p1a: Gyarados\n|-start|p1a: Gyarados|Substitute\n|-damage|p1a: Gyarados|13\/100\n|move|p2a: Tangrowth|Giga Drain|p1a: Gyarados\n|-supereffective|p1a: Gyarados\n|-end|p1a: Gyarados|Substitute\n|-heal|p2a: Tangrowth|100\/100 tox|[from] drain|[of] p1a: Gyarados\n|\n|-weather|SunnyDay|[upkeep]\n|-damage|p2a: Tangrowth|94\/100 tox|[from] psn\n|upkeep\n|turn|13\n|\n|t:|1700572967\n|switch|p1a: Bisharp|Bisharp, M, shiny|100\/100\n|move|p2a: Tangrowth|Giga Drain|p1a: Bisharp\n|-resisted|p1a: Bisharp\n|-damage|p1a: Bisharp|84\/100\n|-heal|p2a: Tangrowth|100\/100 tox|[from] drain|[of] p1a: Bisharp\n|\n|-weather|none\n|-damage|p2a: Tangrowth|88\/100 tox|[from] psn\n|upkeep\n|turn|14\n|\n|t:|1700572981\n|switch|p2a: Sunflora|Sunflora, F, shiny|100\/100\n|move|p1a: Bisharp|Swords Dance|p1a: Bisharp\n|-boost|p1a: Bisharp|atk|2\n|\n|upkeep\n|turn|15\n|\n|t:|1700572988\n|move|p1a: Bisharp|Knock Off|p2a: Sunflora\n|-damage|p2a: Sunflora|0 fnt\n|-enditem|p2a: Sunflora|Big Root|[from] move: Knock Off|[of] p1a: Bisharp\n|faint|p2a: Sunflora\n|\n|upkeep\n|\n|t:|1700572993\n|switch|p2a: Houndoom|Houndoom, F|100\/100\n|turn|16\n|\n|t:|1700572998\n|detailschange|p2a: Houndoom|Houndoom-Mega, F\n|-mega|p2a: Houndoom|Houndoom|Houndoominite\n|move|p1a: Bisharp|Sucker Punch|p2a: Houndoom\n|-resisted|p2a: Houndoom\n|-damage|p2a: Houndoom|48\/100\n|move|p2a: Houndoom|Flamethrower|p1a: Bisharp\n|-supereffective|p1a: Bisharp\n|-damage|p1a: Bisharp|0 fnt\n|faint|p1a: Bisharp\n|\n|upkeep\n|\n|t:|1700573008\n|switch|p1a: Hatterene|Hatterene, F|100\/100\n|turn|17\n|\n|t:|1700573015\n|move|p2a: Houndoom|Sludge Bomb|p1a: Hatterene\n|-supereffective|p1a: Hatterene\n|-damage|p1a: Hatterene|35\/100\n|move|p1a: Hatterene|Calm Mind|p1a: Hatterene\n|-boost|p1a: Hatterene|spa|1\n|-boost|p1a: Hatterene|spd|1\n|\n|-heal|p1a: Hatterene|41\/100|[from] item: Leftovers\n|upkeep\n|turn|18\n|\n|t:|1700573022\n|move|p2a: Houndoom|Sludge Bomb|p1a: Hatterene\n|-supereffective|p1a: Hatterene\n|-damage|p1a: Hatterene|0 fnt\n|faint|p1a: Hatterene\n|\n|upkeep\n|\n|t:|1700573026\n|switch|p1a: Zapdos|Zapdos, shiny|100\/100\n|turn|19\n|\n|t:|1700573030\n|-terastallize|p1a: Zapdos|Electric\n|move|p2a: Houndoom|Flamethrower|p1a: Zapdos\n|-damage|p1a: Zapdos|46\/100\n|move|p1a: Zapdos|Volt Switch|p2a: Houndoom\n|-damage|p2a: Houndoom|0 fnt\n|faint|p2a: Houndoom\n|\n|t:|1700573038\n|switch|p1a: Venusaur|Venusaur, F, shiny|28\/100|[from] Volt Switch\n|\n|-heal|p1a: Venusaur|34\/100|[from] item: Leftovers\n|upkeep\n|\n|t:|1700573049\n|switch|p2a: Castform|Castform, M, shiny|76\/100\n|turn|20\n|\n|t:|1700573058\n|move|p2a: Castform|Sunny Day|p2a: Castform\n|-weather|SunnyDay\n|-formechange|p2a: Castform|Castform-Sunny|[msg]|[from] ability: Forecast\n|move|p1a: Venusaur|Synthesis|p1a: Venusaur\n|-heal|p1a: Venusaur|100\/100\n|\n|-weather|SunnyDay|[upkeep]\n|upkeep\n|turn|21\n|\n|t:|1700573064\n|move|p2a: Castform|Flamethrower|p1a: Venusaur\n|-supereffective|p1a: Venusaur\n|-damage|p1a: Venusaur|38\/100\n|move|p1a: Venusaur|Toxic|p2a: Castform\n|-status|p2a: Castform|tox\n|\n|-weather|SunnyDay|[upkeep]\n|-heal|p1a: Venusaur|44\/100|[from] item: Leftovers\n|-damage|p2a: Castform|70\/100 tox|[from] psn\n|upkeep\n|turn|22\n|\n|t:|1700573072\n|switch|p1a: Gyarados|Gyarados-Mega, F, shiny|13\/100\n|-ability|p1a: Gyarados|Mold Breaker\n|move|p2a: Castform|Flamethrower|p1a: Gyarados\n|-resisted|p1a: Gyarados\n|-damage|p1a: Gyarados|0 fnt\n|faint|p1a: Gyarados\n|\n|-weather|SunnyDay|[upkeep]\n|-damage|p2a: Castform|57\/100 tox|[from] psn\n|upkeep\n|\n|t:|1700573084\n|switch|p1a: Zapdos|Zapdos, shiny, tera:Electric|46\/100\n|turn|23\n|\n|t:|1700573090\n|move|p1a: Zapdos|Volt Switch|p2a: Castform\n|-damage|p2a: Castform|0 fnt\n|faint|p2a: Castform\n|\n|t:|1700573092\n|switch|p1a: Venusaur|Venusaur, F, shiny|44\/100|[from] Volt Switch\n|\n|-weather|SunnyDay|[upkeep]\n|-heal|p1a: Venusaur|50\/100|[from] item: Leftovers\n|upkeep\n|\n|t:|1700573097\n|switch|p2a: Heliolisk|Heliolisk, F, shiny|100\/100\n|turn|24\n|\n|t:|1700573118\n|move|p2a: Heliolisk|Hyper Voice|p1a: Venusaur\n|-damage|p1a: Venusaur|8\/100\n|move|p1a: Venusaur|Leech Seed|p2a: Heliolisk\n|-start|p2a: Heliolisk|move: Leech Seed\n|\n|-weather|SunnyDay|[upkeep]\n|-damage|p2a: Heliolisk|88\/100|[from] ability: Solar Power|[of] p2a: Heliolisk\n|-heal|p1a: Venusaur|14\/100|[from] item: Leftovers\n|-damage|p2a: Heliolisk|76\/100|[from] Leech Seed|[of] p1a: Venusaur\n|-heal|p1a: Venusaur|23\/100|[silent]\n|upkeep\n|turn|25\n|\n|t:|1700573133\n|switch|p1a: Zapdos|Zapdos, shiny, tera:Electric|46\/100\n|move|p2a: Heliolisk|Hyper Voice|p1a: Zapdos\n|-damage|p1a: Zapdos|0 fnt\n|faint|p1a: Zapdos\n|\n|-weather|SunnyDay|[upkeep]\n|-damage|p2a: Heliolisk|63\/100|[from] ability: Solar Power|[of] p2a: Heliolisk\n|upkeep\n|\n|t:|1700573138\n|switch|p1a: Venusaur|Venusaur, F, shiny|23\/100\n|turn|26\n|\n|t:|1700573143\n|move|p2a: Heliolisk|Hyper Voice|p1a: Venusaur\n|-damage|p1a: Venusaur|0 fnt\n|faint|p1a: Venusaur\n|\n|win|Cakelave\n|raw|shfeha's rating: 1163 &rarr; <strong>1133<\/strong><br \/>(-30 for losing)\n|raw|Cakelave's rating: 1096 &rarr; <strong>1126<\/strong><br \/>(+30 for winning)\n","uploadtime":1700573146,"views":3,"p1id":"shfeha","p2id":"cakelave","formatid":"gen9nationaldex","rating":1126,"private":0,"password":""}