{"id":"gen9nationaldex-1994596757","p1":"runeatest","p2":"ddddirector","format":"[Gen 9] National Dex","log":"|html|<div class=\"broadcast-blue\"><strong>[Gen 9] National Dex is currently suspecting Sneasler! For information on how to participate check out the <a href=\"https:\/\/www.smogon.com\/forums\/threads\/sv-national-dex-suspect-8-just-dance.3731534\/\">suspect thread<\/a>.<\/strong><\/div>\n|j|\u2606runeatest\n|j|\u2606ddddirector\n|t:|1700466599\n|gametype|singles\n|player|p1|runeatest|fisherman-gen4|1155\n|player|p2|ddddirector|darach-caitlin|1239\n|teamsize|p1|6\n|teamsize|p2|6\n|gen|9\n|tier|[Gen 9] National Dex\n|rated|\n|rule|HP Percentage Mod: HP is shown in percentages\n|rule|Endless Battle Clause: Forcing endless battles is banned\n|rule|OHKO Clause: OHKO moves are banned\n|rule|Evasion Clause: Evasion abilities, items, and moves are banned\n|rule|Evasion Abilities Clause: Evasion abilities are banned\n|rule|Evasion Items Clause: Evasion items are banned\n|rule|Evasion Moves Clause: Evasion moves are banned\n|rule|Species Clause: Limit one of each Pok\u00e9mon\n|rule|Sleep Clause Mod: Limit one foe put to sleep\n|clearpoke\n|poke|p1|Sylveon, M|\n|poke|p1|Haxorus, M|\n|poke|p1|Linoone, M|\n|poke|p1|Manectric, M|\n|poke|p1|Krookodile, M|\n|poke|p1|Mantine, M|\n|poke|p2|Hatterene, F|\n|poke|p2|Scizor, M|\n|poke|p2|Ceruledge, M|\n|poke|p2|Victini|\n|poke|p2|Tapu Fini|\n|poke|p2|Greninja-*, M|\n|teampreview\n|inactive|Battle timer is ON: inactive players will automatically lose when time's up. (requested by runeatest)\n|\n|t:|1700466614\n|start\n|switch|p1a: Krookodile|Krookodile, M|100\/100\n|switch|p2a: Tapu Fini|Tapu Fini|100\/100\n|-fieldstart|move: Misty Terrain|[from] ability: Misty Surge|[of] p2a: Tapu Fini\n|-ability|p1a: Krookodile|Intimidate|boost\n|-unboost|p2a: Tapu Fini|atk|1\n|turn|1\n|\n|t:|1700466634\n|switch|p1a: Mantine|Mantine, M|100\/100\n|move|p2a: Tapu Fini|Knock Off|p1a: Mantine\n|-damage|p1a: Mantine|91\/100\n|-enditem|p1a: Mantine|Leftovers|[from] move: Knock Off|[of] p2a: Tapu Fini\n|\n|upkeep\n|turn|2\n|\n|t:|1700466645\n|switch|p2a: Hatterene|Hatterene, F|100\/100\n|move|p1a: Mantine|Defog|p2a: Hatterene\n|move|p2a: Hatterene|Defog|p1a: Mantine|[from]ability: Magic Bounce\n|-unboost|p1a: Mantine|evasion|1\n|-fieldend|Misty Terrain\n|\n|upkeep\n|turn|3\n|\n|t:|1700466657\n|move|p1a: Mantine|Hydro Pump|p2a: Hatterene\n|-damage|p2a: Hatterene|70\/100\n|move|p2a: Hatterene|Calm Mind|p2a: Hatterene\n|-boost|p2a: Hatterene|spa|1\n|-boost|p2a: Hatterene|spd|1\n|\n|upkeep\n|turn|4\n|\n|t:|1700466663\n|switch|p1a: Sylveon|Sylveon, M, shiny|100\/100\n|move|p2a: Hatterene|Calm Mind|p2a: Hatterene\n|-boost|p2a: Hatterene|spa|1\n|-boost|p2a: Hatterene|spd|1\n|\n|upkeep\n|turn|5\n|\n|t:|1700466669\n|move|p1a: Sylveon|Hyper Voice|p2a: Hatterene\n|-damage|p2a: Hatterene|38\/100\n|move|p2a: Hatterene|Nuzzle|p1a: Sylveon\n|-damage|p1a: Sylveon|96\/100\n|-status|p1a: Sylveon|par\n|\n|upkeep\n|turn|6\n|\n|t:|1700466678\n|-terastallize|p2a: Hatterene|Steel\n|move|p2a: Hatterene|Calm Mind|p2a: Hatterene\n|-boost|p2a: Hatterene|spa|1\n|-boost|p2a: Hatterene|spd|1\n|cant|p1a: Sylveon|par\n|\n|upkeep\n|turn|7\n|\n|t:|1700466688\n|move|p2a: Hatterene|Mystical Fire|p1a: Sylveon\n|-damage|p1a: Sylveon|58\/100 par\n|-unboost|p1a: Sylveon|spa|1\n|move|p1a: Sylveon|Heal Bell|p1a: Sylveon\n|-activate|p1a: Sylveon|move: Heal Bell\n|-curestatus|p1a: Sylveon|par|[msg]\n|\n|upkeep\n|turn|8\n|\n|t:|1700466700\n|switch|p1a: Krookodile|Krookodile, M|100\/100\n|-ability|p1a: Krookodile|Intimidate|boost\n|-unboost|p2a: Hatterene|atk|1\n|move|p2a: Hatterene|Mystical Fire|p1a: Krookodile\n|-damage|p1a: Krookodile|37\/100\n|-unboost|p1a: Krookodile|spa|1\n|\n|upkeep\n|turn|9\n|\n|t:|1700466720\n|switch|p2a: Tapu Fini|Tapu Fini|100\/100\n|-fieldstart|move: Misty Terrain|[from] ability: Misty Surge|[of] p2a: Tapu Fini\n|move|p1a: Krookodile|Earthquake|p2a: Tapu Fini\n|-damage|p2a: Tapu Fini|62\/100\n|\n|-heal|p2a: Tapu Fini|69\/100|[from] item: Leftovers\n|upkeep\n|turn|10\n|inactive|runeatest has 120 seconds left.\n|\n|t:|1700466754\n|switch|p1a: Mantine|Mantine, M|91\/100\n|move|p2a: Tapu Fini|Nature's Madness|p1a: Mantine\n|-damage|p1a: Mantine|46\/100\n|\n|-heal|p2a: Tapu Fini|75\/100|[from] item: Leftovers\n|upkeep\n|turn|11\n|inactive|runeatest has 120 seconds left.\n|\n|t:|1700466768\n|move|p2a: Tapu Fini|Brine|p1a: Mantine\n|-heal|p1a: Mantine|71\/100|[from] ability: Water Absorb|[of] p2a: Tapu Fini\n|move|p1a: Mantine|Defog|p2a: Tapu Fini\n|-unboost|p2a: Tapu Fini|evasion|1\n|-fieldend|Misty Terrain\n|\n|-heal|p2a: Tapu Fini|81\/100|[from] item: Leftovers\n|upkeep\n|turn|12\n|inactive|runeatest has 120 seconds left.\n|\n|t:|1700466783\n|move|p2a: Tapu Fini|Nature's Madness|p1a: Mantine\n|-damage|p1a: Mantine|36\/100\n|move|p1a: Mantine|Air Slash|p2a: Tapu Fini\n|-damage|p2a: Tapu Fini|65\/100\n|\n|-heal|p2a: Tapu Fini|71\/100|[from] item: Leftovers\n|upkeep\n|turn|13\n|\n|t:|1700466790\n|switch|p1a: Krookodile|Krookodile, M|37\/100\n|-ability|p1a: Krookodile|Intimidate|boost\n|-unboost|p2a: Tapu Fini|atk|1\n|move|p2a: Tapu Fini|Toxic|p1a: Krookodile\n|-status|p1a: Krookodile|tox\n|\n|-heal|p2a: Tapu Fini|78\/100|[from] item: Leftovers\n|-damage|p1a: Krookodile|31\/100 tox|[from] psn\n|upkeep\n|turn|14\n|\n|t:|1700466805\n|switch|p1a: Mantine|Mantine, M|36\/100\n|move|p2a: Tapu Fini|Brine|p1a: Mantine\n|-heal|p1a: Mantine|60\/100|[from] ability: Water Absorb|[of] p2a: Tapu Fini\n|\n|-heal|p2a: Tapu Fini|84\/100|[from] item: Leftovers\n|upkeep\n|turn|15\n|\n|t:|1700466814\n|switch|p1a: Sylveon|Sylveon, M, shiny|58\/100\n|move|p2a: Tapu Fini|Nature's Madness|p1a: Sylveon\n|-damage|p1a: Sylveon|29\/100\n|\n|-heal|p2a: Tapu Fini|90\/100|[from] item: Leftovers\n|upkeep\n|turn|16\n|\n|t:|1700466821\n|move|p2a: Tapu Fini|Toxic|p1a: Sylveon\n|-status|p1a: Sylveon|tox\n|move|p1a: Sylveon|Heal Bell|p1a: Sylveon\n|-activate|p1a: Sylveon|move: Heal Bell\n|-curestatus|p1a: Sylveon|tox|[msg]\n|-curestatus|p1: Krookodile|tox|[msg]\n|\n|-heal|p2a: Tapu Fini|96\/100|[from] item: Leftovers\n|upkeep\n|turn|17\n|\n|t:|1700466831\n|switch|p1a: Manectric|Manectric, M|100\/100\n|move|p2a: Tapu Fini|Toxic|p1a: Manectric\n|-status|p1a: Manectric|tox\n|\n|-heal|p2a: Tapu Fini|100\/100|[from] item: Leftovers\n|-damage|p1a: Manectric|94\/100 tox|[from] psn\n|upkeep\n|turn|18\n|\n|t:|1700466857\n|switch|p1a: Sylveon|Sylveon, M, shiny|29\/100\n|switch|p2a: Victini|Victini|100\/100\n|\n|upkeep\n|turn|19\n|\n|t:|1700466870\n|switch|p1a: Krookodile|Krookodile, M|31\/100\n|-ability|p1a: Krookodile|Intimidate|boost\n|-unboost|p2a: Victini|atk|1\n|move|p2a: Victini|Dazzling Gleam|p1a: Krookodile\n|-supereffective|p1a: Krookodile\n|-damage|p1a: Krookodile|0 fnt\n|faint|p1a: Krookodile\n|\n|upkeep\n|\n|t:|1700466890\n|switch|p1a: Haxorus|Haxorus, M, shiny|100\/100\n|-ability|p1a: Haxorus|Mold Breaker\n|turn|20\n|\n|t:|1700466897\n|switch|p1a: Mantine|Mantine, M|60\/100\n|move|p2a: Victini|Dazzling Gleam|p1a: Mantine\n|-damage|p1a: Mantine|33\/100\n|\n|upkeep\n|turn|21\n|\n|t:|1700466902\n|switch|p1a: Manectric|Manectric, M|94\/100 tox\n|move|p2a: Victini|Dazzling Gleam|p1a: Manectric\n|-damage|p1a: Manectric|25\/100 tox\n|\n|-damage|p1a: Manectric|19\/100 tox|[from] psn\n|upkeep\n|turn|22\n|\n|t:|1700466909\n|move|p1a: Manectric|Thunder Wave|p2a: Victini\n|-status|p2a: Victini|par\n|move|p2a: Victini|Dazzling Gleam|p1a: Manectric\n|-damage|p1a: Manectric|0 fnt\n|faint|p1a: Manectric\n|\n|upkeep\n|\n|t:|1700466916\n|switch|p1a: Lionel Messi|Linoone, M|100\/100\n|turn|23\n|\n|t:|1700466934\n|switch|p2a: Scizor|Scizor, M|100\/100\n|move|p1a: Lionel Messi|Belly Drum|p1a: Lionel Messi\n|-damage|p1a: Lionel Messi|50\/100\n|-setboost|p1a: Lionel Messi|atk|6|[from] move: Belly Drum\n|-enditem|p1a: Lionel Messi|Mago Berry|[eat]\n|-heal|p1a: Lionel Messi|84\/100|[from] item: Mago Berry\n|\n|upkeep\n|turn|24\n|\n|t:|1700466944\n|detailschange|p2a: Scizor|Scizor-Mega, M\n|-mega|p2a: Scizor|Scizor|Scizorite\n|move|p1a: Lionel Messi|Extreme Speed|p2a: Scizor\n|-resisted|p2a: Scizor\n|-damage|p2a: Scizor|60\/100\n|move|p2a: Scizor|Curse|p2a: Scizor\n|-unboost|p2a: Scizor|spe|1\n|-boost|p2a: Scizor|atk|1\n|-boost|p2a: Scizor|def|1\n|\n|upkeep\n|turn|25\n|\n|t:|1700466953\n|move|p1a: Lionel Messi|Stomping Tantrum|p2a: Scizor\n|-damage|p2a: Scizor|23\/100\n|move|p2a: Scizor|Roost|p2a: Scizor\n|-heal|p2a: Scizor|73\/100\n|-singleturn|p2a: Scizor|move: Roost\n|\n|upkeep\n|turn|26\n|\n|t:|1700466958\n|move|p1a: Lionel Messi|Stomping Tantrum|p2a: Scizor\n|-damage|p2a: Scizor|37\/100\n|move|p2a: Scizor|Curse|p2a: Scizor\n|-unboost|p2a: Scizor|spe|1\n|-boost|p2a: Scizor|atk|1\n|-boost|p2a: Scizor|def|1\n|\n|upkeep\n|turn|27\n|\n|t:|1700466968\n|move|p1a: Lionel Messi|Stomping Tantrum|p2a: Scizor\n|-crit|p2a: Scizor\n|-damage|p2a: Scizor|0 fnt\n|faint|p2a: Scizor\n|\n|upkeep\n|\n|t:|1700466980\n|switch|p2a: Greninja|Greninja, M|100\/100\n|turn|28\n|\n|t:|1700466984\n|move|p1a: Lionel Messi|Extreme Speed|p2a: Greninja\n|-damage|p2a: Greninja|0 fnt\n|faint|p2a: Greninja\n|\n|upkeep\n|\n|t:|1700466990\n|switch|p2a: Hatterene|Hatterene, F, tera:Steel|38\/100\n|turn|29\n|\n|t:|1700466993\n|move|p1a: Lionel Messi|Stomping Tantrum|p2a: Hatterene\n|-supereffective|p2a: Hatterene\n|-damage|p2a: Hatterene|0 fnt\n|-damage|p1a: Lionel Messi|67\/100|[from] item: Rocky Helmet|[of] p2a: Hatterene\n|faint|p2a: Hatterene\n|\n|upkeep\n|\n|t:|1700466997\n|switch|p2a: Victini|Victini|100\/100 par\n|turn|30\n|\n|t:|1700467003\n|move|p1a: Lionel Messi|Stomping Tantrum|p2a: Victini\n|-supereffective|p2a: Victini\n|-damage|p2a: Victini|0 fnt\n|faint|p2a: Victini\n|\n|upkeep\n|\n|t:|1700467007\n|switch|p2a: Ceruledge|Ceruledge, M|100\/100\n|turn|31\n|\n|t:|1700467010\n|move|p1a: Lionel Messi|Stomping Tantrum|p2a: Ceruledge\n|-supereffective|p2a: Ceruledge\n|-enditem|p2a: Ceruledge|Focus Sash\n|-damage|p2a: Ceruledge|1\/100\n|-ability|p2a: Ceruledge|Weak Armor|boost\n|-unboost|p2a: Ceruledge|def|1\n|-boost|p2a: Ceruledge|spe|2\n|move|p2a: Ceruledge|Close Combat|p1a: Lionel Messi\n|-supereffective|p1a: Lionel Messi\n|-damage|p1a: Lionel Messi|0 fnt\n|-unboost|p2a: Ceruledge|def|1\n|-unboost|p2a: Ceruledge|spd|1\n|faint|p1a: Lionel Messi\n|\n|upkeep\n|\n|t:|1700467022\n|switch|p1a: Sylveon|Sylveon, M, shiny|29\/100\n|turn|32\n|\n|t:|1700467032\n|move|p1a: Sylveon|Quick Attack|p2a: Ceruledge\n|-resisted|p2a: Ceruledge\n|-damage|p2a: Ceruledge|0 fnt\n|faint|p2a: Ceruledge\n|\n|upkeep\n|\n|t:|1700467039\n|switch|p2a: Tapu Fini|Tapu Fini|100\/100\n|-fieldstart|move: Misty Terrain|[from] ability: Misty Surge|[of] p2a: Tapu Fini\n|turn|33\n|\n|t:|1700467045\n|move|p2a: Tapu Fini|Brine|p1a: Sylveon\n|-damage|p1a: Sylveon|0 fnt\n|faint|p1a: Sylveon\n|\n|upkeep\n|\n|t:|1700467049\n|switch|p1a: Mantine|Mantine, M|33\/100\n|turn|34\n|\n|t:|1700467054\n|move|p2a: Tapu Fini|Nature's Madness|p1a: Mantine\n|-damage|p1a: Mantine|17\/100\n|move|p1a: Mantine|Defog|p2a: Tapu Fini\n|-unboost|p2a: Tapu Fini|evasion|1\n|-fieldend|Misty Terrain\n|\n|upkeep\n|turn|35\n|\n|t:|1700467065\n|move|p2a: Tapu Fini|Toxic|p1a: Mantine\n|-status|p1a: Mantine|tox\n|move|p1a: Mantine|Air Slash|p2a: Tapu Fini\n|-damage|p2a: Tapu Fini|85\/100\n|\n|-heal|p2a: Tapu Fini|91\/100|[from] item: Leftovers\n|-damage|p1a: Mantine|10\/100 tox|[from] psn\n|upkeep\n|turn|36\n|\n|t:|1700467078\n|move|p2a: Tapu Fini|Nature's Madness|p1a: Mantine\n|-damage|p1a: Mantine|6\/100 tox\n|move|p1a: Mantine|Air Slash|p2a: Tapu Fini\n|-damage|p2a: Tapu Fini|74\/100\n|\n|-heal|p2a: Tapu Fini|80\/100|[from] item: Leftovers\n|-damage|p1a: Mantine|0 fnt|[from] psn\n|faint|p1a: Mantine\n|upkeep\n|\n|t:|1700467086\n|switch|p1a: Haxorus|Haxorus, M, shiny|100\/100\n|-ability|p1a: Haxorus|Mold Breaker\n|turn|37\n|\n|t:|1700467095\n|move|p1a: Haxorus|Dragon Dance|p1a: Haxorus\n|-boost|p1a: Haxorus|atk|1\n|-boost|p1a: Haxorus|spe|1\n|move|p2a: Tapu Fini|Toxic|p1a: Haxorus\n|-status|p1a: Haxorus|tox\n|\n|-heal|p2a: Tapu Fini|86\/100|[from] item: Leftovers\n|-damage|p1a: Haxorus|94\/100 tox|[from] psn\n|upkeep\n|turn|38\n|\n|t:|1700467106\n|move|p1a: Haxorus|Poison Jab|p2a: Tapu Fini\n|-supereffective|p2a: Tapu Fini\n|-damage|p2a: Tapu Fini|0 fnt\n|faint|p2a: Tapu Fini\n|\n|win|runeatest\n|raw|runeatest's rating: 1155 &rarr; <strong>1186<\/strong><br \/>(+31 for winning)\n|raw|ddddirector's rating: 1239 &rarr; <strong>1208<\/strong><br \/>(-31 for losing)\n|l|\u2606ddddirector\n","uploadtime":1700467113,"views":3,"p1id":"runeatest","p2id":"ddddirector","formatid":"gen9nationaldex","rating":1186,"private":0,"password":""}