{"id":"gen9nationaldex-1988637416","p1":"JogadorCaro","p2":"fly groudon","format":"[Gen 9] National Dex","log":"|j|\u2606JogadorCaro\n|j|\u2606fly groudon\n|t:|1699744763\n|gametype|singles\n|player|p1|JogadorCaro|tate|1749\n|player|p2|fly groudon|alec-anime|1696\n|teamsize|p1|6\n|teamsize|p2|6\n|gen|9\n|tier|[Gen 9] National Dex\n|rated|\n|rule|HP Percentage Mod: HP is shown in percentages\n|rule|Endless Battle Clause: Forcing endless battles is banned\n|rule|OHKO Clause: OHKO moves are banned\n|rule|Evasion Clause: Evasion abilities, items, and moves are banned\n|rule|Evasion Abilities Clause: Evasion abilities are banned\n|rule|Evasion Items Clause: Evasion items are banned\n|rule|Evasion Moves Clause: Evasion moves are banned\n|rule|Species Clause: Limit one of each Pok\u00e9mon\n|rule|Sleep Clause Mod: Limit one foe put to sleep\n|clearpoke\n|poke|p1|Garganacl, M|\n|poke|p1|Zamazenta-*|\n|poke|p1|Volcarona, M|\n|poke|p1|Hoopa-Unbound|\n|poke|p1|Dondozo, F|\n|poke|p1|Rotom-Wash|\n|poke|p2|Great Tusk|\n|poke|p2|Volcarona, F|\n|poke|p2|Iron Valiant|\n|poke|p2|Greninja-*, M|\n|poke|p2|Ceruledge, M|\n|poke|p2|Scizor, M|\n|teampreview\n|inactive|Battle timer is ON: inactive players will automatically lose when time's up. (requested by fly groudon)\n|c|\u2606JogadorCaro|two crit in a row\n|c|\u2606JogadorCaro|i take two crit in a row\n|inactive|JogadorCaro has 120 seconds left.\n|\n|t:|1699744794\n|start\n|switch|p1a: mulher|Rotom-Wash|100\/100\n|switch|p2a: Great Tusk|Great Tusk|100\/100\n|turn|1\n|\n|t:|1699744817\n|move|p2a: Great Tusk|Head Smash|p1a: mulher\n|-damage|p1a: mulher|40\/100\n|-damage|p2a: Great Tusk|75\/100|[from] Recoil\n|move|p1a: mulher|Hydro Pump|p2a: Great Tusk\n|-supereffective|p2a: Great Tusk\n|-damage|p2a: Great Tusk|0 fnt\n|faint|p2a: Great Tusk\n|-end|p2a: Great Tusk|Protosynthesis|[silent]\n|\n|-heal|p1a: mulher|46\/100|[from] item: Leftovers\n|upkeep\n|\n|t:|1699744823\n|switch|p2a: Volcarona|Volcarona, F, shiny|100\/100\n|turn|2\n|\n|t:|1699744832\n|move|p2a: Volcarona|Quiver Dance|p2a: Volcarona\n|-boost|p2a: Volcarona|spa|1\n|-boost|p2a: Volcarona|spd|1\n|-boost|p2a: Volcarona|spe|1\n|move|p1a: mulher|Hydro Pump|p2a: Volcarona\n|-supereffective|p2a: Volcarona\n|-damage|p2a: Volcarona|46\/100\n|\n|-heal|p2a: Volcarona|52\/100|[from] item: Leftovers\n|-heal|p1a: mulher|52\/100|[from] item: Leftovers\n|upkeep\n|turn|3\n|\n|t:|1699744840\n|move|p2a: Volcarona|Substitute|p2a: Volcarona\n|-start|p2a: Volcarona|Substitute\n|-damage|p2a: Volcarona|27\/100\n|move|p1a: mulher|Hydro Pump|p2a: Volcarona|[miss]\n|-miss|p1a: mulher|p2a: Volcarona\n|\n|-heal|p2a: Volcarona|33\/100|[from] item: Leftovers\n|-heal|p1a: mulher|58\/100|[from] item: Leftovers\n|upkeep\n|turn|4\n|\n|t:|1699744845\n|move|p2a: Volcarona|Quiver Dance|p2a: Volcarona\n|-boost|p2a: Volcarona|spa|1\n|-boost|p2a: Volcarona|spd|1\n|-boost|p2a: Volcarona|spe|1\n|move|p1a: mulher|Hydro Pump|p2a: Volcarona\n|-supereffective|p2a: Volcarona\n|-end|p2a: Volcarona|Substitute\n|\n|-heal|p2a: Volcarona|39\/100|[from] item: Leftovers\n|-heal|p1a: mulher|65\/100|[from] item: Leftovers\n|upkeep\n|turn|5\n|\n|t:|1699744851\n|move|p2a: Volcarona|Substitute|p2a: Volcarona\n|-start|p2a: Volcarona|Substitute\n|-damage|p2a: Volcarona|15\/100\n|move|p1a: mulher|Hydro Pump|p2a: Volcarona\n|-supereffective|p2a: Volcarona\n|-end|p2a: Volcarona|Substitute\n|\n|-heal|p2a: Volcarona|21\/100|[from] item: Leftovers\n|-heal|p1a: mulher|71\/100|[from] item: Leftovers\n|upkeep\n|turn|6\n|\n|t:|1699744859\n|move|p2a: Volcarona|Bug Buzz|p1a: mulher\n|-crit|p1a: mulher\n|-damage|p1a: mulher|0 fnt\n|faint|p1a: mulher\n|\n|-heal|p2a: Volcarona|27\/100|[from] item: Leftovers\n|upkeep\n|\n|t:|1699744863\n|switch|p1a: Bale\u00e3o|Dondozo, F|100\/100\n|turn|7\n|\n|t:|1699744865\n|move|p2a: Volcarona|Substitute|p2a: Volcarona\n|-start|p2a: Volcarona|Substitute\n|-damage|p2a: Volcarona|2\/100\n|move|p1a: Bale\u00e3o|Wave Crash|p2a: Volcarona\n|-supereffective|p2a: Volcarona\n|-end|p2a: Volcarona|Substitute\n|-damage|p1a: Bale\u00e3o|96\/100|[from] Recoil|[of] p2a: Volcarona\n|\n|-heal|p2a: Volcarona|8\/100|[from] item: Leftovers\n|-heal|p1a: Bale\u00e3o|100\/100|[from] item: Leftovers\n|upkeep\n|turn|8\n|\n|t:|1699744869\n|-terastallize|p2a: Volcarona|Bug\n|move|p2a: Volcarona|Bug Buzz|p1a: Bale\u00e3o\n|-damage|p1a: Bale\u00e3o|27\/100\n|move|p1a: Bale\u00e3o|Wave Crash|p2a: Volcarona\n|-damage|p2a: Volcarona|0 fnt\n|faint|p2a: Volcarona\n|-damage|p1a: Bale\u00e3o|26\/100|[from] Recoil\n|\n|-heal|p1a: Bale\u00e3o|32\/100|[from] item: Leftovers\n|upkeep\n|\n|t:|1699744876\n|switch|p2a: Iron Valiant|Iron Valiant|100\/100\n|-enditem|p2a: Iron Valiant|Booster Energy\n|-activate|p2a: Iron Valiant|ability: Quark Drive|[fromitem]\n|-start|p2a: Iron Valiant|quarkdrivespe\n|turn|9\n|\n|t:|1699744881\n|switch|p1a: Endeavor|Volcarona, M|100\/100\n|move|p2a: Iron Valiant|Moonblast|p1a: Endeavor\n|-resisted|p1a: Endeavor\n|-crit|p1a: Endeavor\n|-damage|p1a: Endeavor|64\/100\n|\n|upkeep\n|turn|10\n|\n|t:|1699744884\n|-end|p2a: Iron Valiant|Quark Drive|[silent]\n|switch|p2a: Greninja|Greninja, M|100\/100\n|move|p1a: Endeavor|Fiery Dance|p2a: Greninja\n|-resisted|p2a: Greninja\n|-damage|p2a: Greninja|64\/100\n|-boost|p1a: Endeavor|spa|1\n|\n|upkeep\n|turn|11\n|\n|t:|1699744895\n|switch|p1a: Toji|Zamazenta|100\/100\n|-ability|p1a: Toji|Dauntless Shield|boost\n|-boost|p1a: Toji|def|1\n|move|p2a: Greninja|Surf|p1a: Toji\n|-damage|p1a: Toji|47\/100\n|-damage|p2a: Greninja|54\/100|[from] item: Life Orb\n|\n|upkeep\n|turn|12\n|\n|t:|1699744903\n|move|p2a: Greninja|Water Shuriken|p1a: Toji\n|-damage|p1a: Toji|39\/100\n|-damage|p1a: Toji|29\/100\n|-crit|p1a: Toji\n|-damage|p1a: Toji|17\/100\n|-damage|p1a: Toji|7\/100\n|-hitcount|p1a: Toji|4\n|-damage|p2a: Greninja|44\/100|[from] item: Life Orb\n|move|p1a: Toji|Wild Charge|p2a: Greninja\n|-supereffective|p2a: Greninja\n|-crit|p2a: Greninja\n|-damage|p2a: Greninja|0 fnt\n|faint|p2a: Greninja\n|-damage|p1a: Toji|0 fnt|[from] Recoil\n|faint|p1a: Toji\n|\n|upkeep\n|\n|t:|1699744913\n|switch|p1a: Endeavor|Volcarona, M|64\/100\n|switch|p2a: Ceruledge|Ceruledge, M|100\/100\n|turn|13\n|\n|t:|1699744927\n|switch|p1a: Mahoraga|Garganacl, M|100\/100\n|move|p2a: Ceruledge|Swords Dance|p2a: Ceruledge\n|-boost|p2a: Ceruledge|atk|2\n|\n|upkeep\n|turn|14\n|\n|t:|1699744930\n|move|p2a: Ceruledge|Swords Dance|p2a: Ceruledge\n|-boost|p2a: Ceruledge|atk|2\n|move|p1a: Mahoraga|Iron Defense|p1a: Mahoraga\n|-boost|p1a: Mahoraga|def|2\n|\n|upkeep\n|turn|15\n|\n|t:|1699744936\n|-terastallize|p1a: Mahoraga|Ghost\n|move|p2a: Ceruledge|Swords Dance|p2a: Ceruledge\n|-boost|p2a: Ceruledge|atk|2\n|move|p1a: Mahoraga|Iron Defense|p1a: Mahoraga\n|-boost|p1a: Mahoraga|def|2\n|\n|upkeep\n|turn|16\n|\n|t:|1699744939\n|-zpower|p2a: Ceruledge\n|move|p2a: Ceruledge|Never-Ending Nightmare|p1a: Mahoraga|[zeffect]\n|-supereffective|p1a: Mahoraga\n|-damage|p1a: Mahoraga|29\/100\n|move|p1a: Mahoraga|Iron Defense|p1a: Mahoraga\n|-boost|p1a: Mahoraga|def|2\n|\n|-heal|p1a: Mahoraga|35\/100|[from] item: Leftovers\n|upkeep\n|turn|17\n|\n|t:|1699744945\n|move|p2a: Ceruledge|Poltergeist|p1a: Mahoraga\n|-activate|p1a: Mahoraga|move: Poltergeist|Leftovers\n|-supereffective|p1a: Mahoraga\n|-damage|p1a: Mahoraga|1\/100\n|move|p1a: Mahoraga|Recover|p1a: Mahoraga\n|-heal|p1a: Mahoraga|51\/100\n|\n|-heal|p1a: Mahoraga|57\/100|[from] item: Leftovers\n|upkeep\n|turn|18\n|\n|t:|1699744966\n|move|p2a: Ceruledge|Poltergeist|p1a: Mahoraga|[miss]\n|-miss|p2a: Ceruledge|p1a: Mahoraga\n|move|p1a: Mahoraga|Recover|p1a: Mahoraga\n|-heal|p1a: Mahoraga|100\/100\n|\n|upkeep\n|turn|19\n|\n|t:|1699744970\n|move|p2a: Ceruledge|Poltergeist|p1a: Mahoraga\n|-activate|p1a: Mahoraga|move: Poltergeist|Leftovers\n|-supereffective|p1a: Mahoraga\n|-damage|p1a: Mahoraga|67\/100\n|move|p1a: Mahoraga|Salt Cure|p2a: Ceruledge\n|-supereffective|p2a: Ceruledge\n|-damage|p2a: Ceruledge|65\/100\n|-start|p2a: Ceruledge|Salt Cure\n|-ability|p2a: Ceruledge|Weak Armor|boost\n|-unboost|p2a: Ceruledge|def|1\n|-boost|p2a: Ceruledge|spe|2\n|\n|-heal|p1a: Mahoraga|74\/100|[from] item: Leftovers\n|-damage|p2a: Ceruledge|52\/100|[from] Salt Cure\n|upkeep\n|turn|20\n|\n|t:|1699744982\n|move|p2a: Ceruledge|Poltergeist|p1a: Mahoraga\n|-activate|p1a: Mahoraga|move: Poltergeist|Leftovers\n|-supereffective|p1a: Mahoraga\n|-damage|p1a: Mahoraga|42\/100\n|move|p1a: Mahoraga|Salt Cure|p2a: Ceruledge\n|-supereffective|p2a: Ceruledge\n|-damage|p2a: Ceruledge|0 fnt\n|faint|p2a: Ceruledge\n|\n|-heal|p1a: Mahoraga|49\/100|[from] item: Leftovers\n|upkeep\n|\n|t:|1699744991\n|switch|p2a: Iron Valiant|Iron Valiant|100\/100\n|turn|21\n|\n|t:|1699744994\n|move|p2a: Iron Valiant|Calm Mind|p2a: Iron Valiant\n|-boost|p2a: Iron Valiant|spa|1\n|-boost|p2a: Iron Valiant|spd|1\n|move|p1a: Mahoraga|Body Press|p2a: Iron Valiant\n|-resisted|p2a: Iron Valiant\n|-damage|p2a: Iron Valiant|26\/100\n|\n|-heal|p1a: Mahoraga|55\/100|[from] item: Leftovers\n|upkeep\n|turn|22\n|\n|t:|1699744999\n|move|p2a: Iron Valiant|Moonblast|p1a: Mahoraga\n|-damage|p1a: Mahoraga|0 fnt\n|faint|p1a: Mahoraga\n|\n|upkeep\n|\n|t:|1699745003\n|switch|p1a: Bale\u00e3o|Dondozo, F|32\/100\n|turn|23\n|\n|t:|1699745006\n|move|p2a: Iron Valiant|Thunderbolt|p1a: Bale\u00e3o\n|-supereffective|p1a: Bale\u00e3o\n|-damage|p1a: Bale\u00e3o|0 fnt\n|faint|p1a: Bale\u00e3o\n|\n|upkeep\n|\n|t:|1699745009\n|switch|p1a: Endeavor|Volcarona, M|64\/100\n|turn|24\n|\n|t:|1699745012\n|move|p2a: Iron Valiant|Thunderbolt|p1a: Endeavor\n|-damage|p1a: Endeavor|20\/100\n|move|p1a: Endeavor|Fiery Dance|p2a: Iron Valiant\n|-damage|p2a: Iron Valiant|0 fnt\n|-boost|p1a: Endeavor|spa|1\n|faint|p2a: Iron Valiant\n|-end|p2a: Iron Valiant|Quark Drive|[silent]\n|\n|upkeep\n|\n|t:|1699745015\n|switch|p2a: Scizor|Scizor, M|100\/100\n|turn|25\n|\n|t:|1699745021\n|detailschange|p2a: Scizor|Scizor-Mega, M\n|-mega|p2a: Scizor|Scizor|Scizorite\n|move|p2a: Scizor|Bullet Punch|p1a: Endeavor\n|-resisted|p1a: Endeavor\n|-crit|p1a: Endeavor\n|-damage|p1a: Endeavor|0 fnt\n|faint|p1a: Endeavor\n|\n|upkeep\n|\n|t:|1699745025\n|switch|p1a: Agito|Hoopa-Unbound|100\/100\n|turn|26\n|\n|t:|1699745027\n|move|p2a: Scizor|Bullet Punch|p1a: Agito\n|-damage|p1a: Agito|36\/100\n|move|p1a: Agito|Focus Blast|p2a: Scizor\n|-damage|p2a: Scizor|4\/100\n|\n|upkeep\n|turn|27\n|\n|t:|1699745033\n|move|p2a: Scizor|Bullet Punch|p1a: Agito\n|-damage|p1a: Agito|0 fnt\n|faint|p1a: Agito\n|\n|win|fly groudon\n|raw|JogadorCaro's rating: 1749 &rarr; <strong>1726<\/strong><br \/>(-23 for losing)\n|raw|fly groudon's rating: 1696 &rarr; <strong>1719<\/strong><br \/>(+23 for winning)\n","uploadtime":1699745156,"views":6,"p1id":"jogadorcaro","p2id":"flygroudon","formatid":"gen9nationaldex","rating":1719,"private":0,"password":""}