{"id":"gen9nationaldex-1999184558","p1":"Kingcheetah009","p2":"MarcusTalks","format":"[Gen 9] National Dex","log":"|html|<div class=\"broadcast-blue\"><strong>[Gen 9] National Dex is currently suspecting Sneasler! For information on how to participate check out the <a href=\"https:\/\/www.smogon.com\/forums\/threads\/sv-national-dex-suspect-8-just-dance.3731534\/\">suspect thread<\/a>.<\/strong><\/div>\n|j|\u2606Kingcheetah009\n|j|\u2606MarcusTalks\n|t:|1701042684\n|gametype|singles\n|player|p1|Kingcheetah009|101|\n|player|p2|MarcusTalks|steven|\n|teamsize|p1|6\n|teamsize|p2|6\n|gen|9\n|tier|[Gen 9] National Dex\n|rule|HP Percentage Mod: HP is shown in percentages\n|rule|Endless Battle Clause: Forcing endless battles is banned\n|rule|OHKO Clause: OHKO moves are banned\n|rule|Evasion Clause: Evasion abilities, items, and moves are banned\n|rule|Evasion Abilities Clause: Evasion abilities are banned\n|rule|Evasion Items Clause: Evasion items are banned\n|rule|Evasion Moves Clause: Evasion moves are banned\n|rule|Species Clause: Limit one of each Pok\u00e9mon\n|rule|Sleep Clause Mod: Limit one foe put to sleep\n|clearpoke\n|poke|p1|Eevee, F|\n|poke|p1|Glaceon, F|\n|poke|p1|Sylveon, F|\n|poke|p1|Jolteon, M|\n|poke|p1|Espeon, F|\n|poke|p1|Umbreon, M|\n|poke|p2|Aegislash, M|\n|poke|p2|Ceruledge, M|\n|poke|p2|Sinistcha-Masterpiece|\n|poke|p2|Cofagrigus, M|\n|poke|p2|Rotom|\n|poke|p2|Lopunny, F|\n|teampreview\n|c|\u2606Kingcheetah009|Gl\n|c|\u2606MarcusTalks|Let\u2019s see how this goes\n|c|\u2606MarcusTalks|youre the one that needs the gl\n|c|\u2606Kingcheetah009|That\u2019s fair lmao\n|c|\u2606MarcusTalks|Hope evo boost pulls its weight\n|\n|t:|1701042720\n|start\n|switch|p1a: Lectra|Jolteon, M, shiny|100\/100\n|switch|p2a: Lopunny|Lopunny, F, shiny|100\/100\n|turn|1\n|\n|t:|1701042727\n|detailschange|p2a: Lopunny|Lopunny-Mega, F, shiny\n|-mega|p2a: Lopunny|Lopunny|Lopunnite\n|move|p1a: Lectra|Detect|p1a: Lectra\n|-singleturn|p1a: Lectra|Protect\n|move|p2a: Lopunny|Fake Out|p1a: Lectra\n|-activate|p1a: Lectra|move: Protect\n|\n|upkeep\n|turn|2\n|\n|t:|1701042739\n|switch|p2a: Sinistcha|Sinistcha-Masterpiece, shiny|100\/100\n|move|p1a: Lectra|Thunderbolt|p2a: Sinistcha\n|-resisted|p2a: Sinistcha\n|-damage|p2a: Sinistcha|68\/100\n|-damage|p1a: Lectra|91\/100|[from] item: Life Orb\n|\n|-heal|p2a: Sinistcha|74\/100|[from] item: Leftovers\n|upkeep\n|turn|3\n|\n|t:|1701042749\n|move|p1a: Lectra|Shadow Ball|p2a: Sinistcha\n|-supereffective|p2a: Sinistcha\n|-damage|p2a: Sinistcha|4\/100\n|-unboost|p2a: Sinistcha|spd|1\n|-damage|p1a: Lectra|81\/100|[from] item: Life Orb\n|move|p2a: Sinistcha|Calm Mind|p2a: Sinistcha\n|-boost|p2a: Sinistcha|spa|1\n|-boost|p2a: Sinistcha|spd|1\n|\n|-heal|p2a: Sinistcha|10\/100|[from] item: Leftovers\n|upkeep\n|turn|4\n|\n|t:|1701042772\n|move|p1a: Lectra|Thunderbolt|p2a: Sinistcha\n|-resisted|p2a: Sinistcha\n|-damage|p2a: Sinistcha|0 fnt\n|faint|p2a: Sinistcha\n|-damage|p1a: Lectra|71\/100|[from] item: Life Orb\n|\n|upkeep\n|\n|t:|1701042775\n|switch|p2a: Lopunny|Lopunny-Mega, F, shiny|100\/100\n|turn|5\n|\n|t:|1701042781\n|move|p1a: Lectra|Detect|p1a: Lectra\n|-singleturn|p1a: Lectra|Protect\n|move|p2a: Lopunny|Fake Out|p1a: Lectra\n|-activate|p1a: Lectra|move: Protect\n|\n|upkeep\n|turn|6\n|\n|t:|1701042788\n|move|p2a: Lopunny|High Jump Kick|p1a: Lectra\n|-damage|p1a: Lectra|0 fnt\n|faint|p1a: Lectra\n|\n|upkeep\n|\n|t:|1701042794\n|switch|p1a: Coeus|Espeon, F, shiny|100\/100\n|turn|7\n|\n|t:|1701042811\n|switch|p2a: Cofagrigus|Cofagrigus, M|100\/100\n|move|p1a: Coeus|Reflect|p1a: Coeus\n|-sidestart|p1: Kingcheetah009|Reflect\n|\n|upkeep\n|turn|8\n|c|\u2606MarcusTalks|I always let Sinistcha go too early\n|\n|t:|1701042824\n|move|p1a: Coeus|Light Screen|p1a: Coeus\n|-sidestart|p1: Kingcheetah009|move: Light Screen\n|move|p2a: Cofagrigus|Substitute|p2a: Cofagrigus\n|-start|p2a: Cofagrigus|Substitute\n|-damage|p2a: Cofagrigus|76\/100\n|\n|-heal|p2a: Cofagrigus|82\/100|[from] item: Leftovers\n|upkeep\n|turn|9\n|c|\u2606Kingcheetah009|Also I just found out that veil and screens don\u2019t stack lol\n|\n|t:|1701042862\n|switch|p1a: Snowcone|Glaceon, F, shiny|100\/100\n|move|p2a: Cofagrigus|Knock Off|p1a: Snowcone\n|-damage|p1a: Snowcone|96\/100\n|-enditem|p1a: Snowcone|Light Clay|[from] move: Knock Off|[of] p2a: Cofagrigus\n|\n|-heal|p2a: Cofagrigus|88\/100|[from] item: Leftovers\n|upkeep\n|turn|10\n|\n|t:|1701042874\n|move|p1a: Snowcone|Snowscape|p1a: Snowcone\n|-weather|Snow\n|move|p2a: Cofagrigus|Toxic Spikes|p1a: Snowcone\n|-sidestart|p1: Kingcheetah009|move: Toxic Spikes\n|\n|-weather|Snow|[upkeep]\n|-heal|p1a: Snowcone|100\/100|[from] ability: Ice Body\n|-heal|p2a: Cofagrigus|94\/100|[from] item: Leftovers\n|upkeep\n|turn|11\n|\n|t:|1701042885\n|move|p1a: Snowcone|Blizzard|p2a: Cofagrigus\n|-end|p2a: Cofagrigus|Substitute\n|move|p2a: Cofagrigus|Knock Off|p1a: Snowcone\n|-damage|p1a: Snowcone|98\/100\n|\n|-weather|Snow|[upkeep]\n|-heal|p1a: Snowcone|100\/100|[from] ability: Ice Body\n|-heal|p2a: Cofagrigus|99\/100|[from] item: Leftovers\n|upkeep\n|turn|12\n|\n|t:|1701042896\n|move|p1a: Snowcone|Blizzard|p2a: Cofagrigus\n|-damage|p2a: Cofagrigus|50\/100\n|move|p2a: Cofagrigus|Substitute|p2a: Cofagrigus\n|-start|p2a: Cofagrigus|Substitute\n|-damage|p2a: Cofagrigus|26\/100\n|\n|-weather|Snow|[upkeep]\n|-heal|p2a: Cofagrigus|32\/100|[from] item: Leftovers\n|upkeep\n|turn|13\n|\n|t:|1701042907\n|move|p1a: Snowcone|Blizzard|p2a: Cofagrigus\n|-end|p2a: Cofagrigus|Substitute\n|move|p2a: Cofagrigus|Toxic Spikes|p1a: Snowcone\n|-sidestart|p1: Kingcheetah009|move: Toxic Spikes\n|\n|-weather|Snow|[upkeep]\n|-heal|p2a: Cofagrigus|37\/100|[from] item: Leftovers\n|upkeep\n|turn|14\n|\n|t:|1701042922\n|move|p1a: Snowcone|Blizzard|p2a: Cofagrigus\n|-damage|p2a: Cofagrigus|0 fnt\n|faint|p2a: Cofagrigus\n|\n|-weather|none\n|-sideend|p1: Kingcheetah009|Reflect\n|upkeep\n|\n|t:|1701042929\n|switch|p2a: Lopunny|Lopunny-Mega, F, shiny|100\/100\n|turn|15\n|\n|t:|1701042934\n|move|p1a: Snowcone|Detect|p1a: Snowcone\n|-singleturn|p1a: Snowcone|Protect\n|move|p2a: Lopunny|Fake Out|p1a: Snowcone\n|-activate|p1a: Snowcone|move: Protect\n|\n|-sideend|p1: Kingcheetah009|move: Light Screen\n|upkeep\n|turn|16\n|\n|t:|1701042950\n|switch|p1a: Coeus|Espeon, F, shiny|100\/100\n|-status|p1a: Coeus|tox\n|move|p2a: Lopunny|Return|p1a: Coeus\n|-damage|p1a: Coeus|11\/100 tox\n|\n|-damage|p1a: Coeus|5\/100 tox|[from] psn\n|upkeep\n|turn|17\n|\n|t:|1701042963\n|switch|p2a: Aegislash|Aegislash, M, shiny|100\/100\n|move|p1a: Coeus|Psychic|p2a: Aegislash\n|-resisted|p2a: Aegislash\n|-damage|p2a: Aegislash|90\/100\n|\n|-heal|p2a: Aegislash|96\/100|[from] item: Leftovers\n|-damage|p1a: Coeus|0 fnt|[from] psn\n|faint|p1a: Coeus\n|upkeep\n|c|\u2606Kingcheetah009|And it starts to fall apart lol\n|c|\u2606MarcusTalks|You took down 2 members\n|c|\u2606MarcusTalks|Already\n|\n|t:|1701043002\n|switch|p1a: Sydney|Sylveon, F, shiny|100\/100\n|-status|p1a: Sydney|tox\n|turn|18\n|\n|t:|1701043012\n|move|p1a: Sydney|Shadow Ball|p2a: Aegislash\n|-supereffective|p2a: Aegislash\n|-damage|p2a: Aegislash|51\/100\n|-formechange|p2a: Aegislash|Aegislash-Blade||[from] ability: Stance Change\n|move|p2a: Aegislash|Flash Cannon|p1a: Sydney\n|-supereffective|p1a: Sydney\n|-damage|p1a: Sydney|47\/100 tox\n|\n|-heal|p2a: Aegislash|57\/100|[from] item: Leftovers\n|-damage|p1a: Sydney|41\/100 tox|[from] psn\n|upkeep\n|turn|19\n|\n|t:|1701043024\n|-formechange|p2a: Aegislash|Aegislash||[from] ability: Stance Change\n|move|p2a: Aegislash|King's Shield|p2a: Aegislash\n|-singleturn|p2a: Aegislash|Protect\n|move|p1a: Sydney|Shadow Ball|p2a: Aegislash\n|-activate|p2a: Aegislash|move: Protect\n|\n|-heal|p2a: Aegislash|63\/100|[from] item: Leftovers\n|-damage|p1a: Sydney|29\/100 tox|[from] psn\n|upkeep\n|turn|20\n|\n|t:|1701043036\n|switch|p2a: Lopunny|Lopunny-Mega, F, shiny|100\/100\n|move|p1a: Sydney|Shadow Ball|p2a: Lopunny\n|-immune|p2a: Lopunny\n|\n|-damage|p1a: Sydney|11\/100 tox|[from] psn\n|upkeep\n|turn|21\n|\n|t:|1701043045\n|move|p2a: Lopunny|Fake Out|p1a: Sydney\n|-damage|p1a: Sydney|0 fnt\n|faint|p1a: Sydney\n|\n|upkeep\n|\n|t:|1701043058\n|switch|p1a: Erebus|Umbreon, M, shiny|100\/100\n|-status|p1a: Erebus|tox\n|turn|22\n|\n|t:|1701043067\n|move|p2a: Lopunny|High Jump Kick|p1a: Erebus\n|-supereffective|p1a: Erebus\n|-damage|p1a: Erebus|0 fnt\n|faint|p1a: Erebus\n|\n|upkeep\n|\n|t:|1701043072\n|switch|p1a: Snowcone|Glaceon, F, shiny|100\/100\n|-status|p1a: Snowcone|tox\n|turn|23\n|c|\u2606MarcusTalks|Hope for a high jump miss\n|\n|t:|1701043080\n|move|p2a: Lopunny|High Jump Kick|p1a: Snowcone\n|-supereffective|p1a: Snowcone\n|-damage|p1a: Snowcone|6\/100 tox\n|move|p1a: Snowcone|Blizzard|p2a: Lopunny\n|-damage|p2a: Lopunny|38\/100\n|\n|-damage|p1a: Snowcone|0 fnt|[from] psn\n|faint|p1a: Snowcone\n|upkeep\n|\n|t:|1701043101\n|switch|p1a: The Cheeto Man|Eevee, F, shiny|100\/100\n|-status|p1a: The Cheeto Man|tox\n|turn|24\n|c|\u2606Kingcheetah009|Welp gg\n|c|\u2606MarcusTalks|Hahaha great nickname\n|\n|t:|1701043114\n|move|p2a: Lopunny|High Jump Kick|p1a: The Cheeto Man\n|-supereffective|p1a: The Cheeto Man\n|-damage|p1a: The Cheeto Man|0 fnt\n|faint|p1a: The Cheeto Man\n|\n|win|MarcusTalks\n|c|\u2606Kingcheetah009|Damn\n|c|\u2606MarcusTalks|Gg\n|c|\u2606Kingcheetah009|Gg\n|c|\u2606MarcusTalks|one day it\u2019ll miss\n|c|\u2606MarcusTalks|And you get your revenge\n|c|\u2606Kingcheetah009|One day the rng will work in my favor lol\n|l|\u2606Kingcheetah009\n|c|\u2606MarcusTalks|Heck I could lie to parz, we play in AG, and you can use baton pass\n","uploadtime":1701043173,"views":9,"p1id":"kingcheetah009","p2id":"marcustalks","formatid":"gen9nationaldex","rating":0,"private":0,"password":""}