{"id":"gen9nationaldex-1998021668","p1":"shangguanxiaobai","p2":"FunTeams","format":"[Gen 9] National Dex","log":"|html|<div class=\"broadcast-blue\"><strong>[Gen 9] National Dex is currently suspecting Sneasler! For information on how to participate check out the <a href=\"https:\/\/www.smogon.com\/forums\/threads\/sv-national-dex-suspect-8-just-dance.3731534\/\">suspect thread<\/a>.<\/strong><\/div>\n|j|\u2606shangguanxiaobai\n|j|\u2606FunTeams\n|t:|1700880029\n|gametype|singles\n|player|p1|shangguanxiaobai|juggler|1382\n|player|p2|FunTeams|unknown|1346\n|teamsize|p1|6\n|teamsize|p2|6\n|gen|9\n|tier|[Gen 9] National Dex\n|rated|\n|rule|HP Percentage Mod: HP is shown in percentages\n|rule|Endless Battle Clause: Forcing endless battles is banned\n|rule|OHKO Clause: OHKO moves are banned\n|rule|Evasion Clause: Evasion abilities, items, and moves are banned\n|rule|Evasion Abilities Clause: Evasion abilities are banned\n|rule|Evasion Items Clause: Evasion items are banned\n|rule|Evasion Moves Clause: Evasion moves are banned\n|rule|Species Clause: Limit one of each Pok\u00e9mon\n|rule|Sleep Clause Mod: Limit one foe put to sleep\n|clearpoke\n|poke|p1|Scizor, M|\n|poke|p1|Rotom-Wash|\n|poke|p1|Noivern, F|\n|poke|p1|Gliscor, F|\n|poke|p1|Beedrill, F|\n|poke|p1|Gallade, M|\n|poke|p2|Venusaur, F|\n|poke|p2|Rillaboom, F|\n|poke|p2|Serperior, F|\n|poke|p2|Meowscarada, F|\n|poke|p2|Decidueye-Hisui, F|\n|poke|p2|Torterra, F|\n|teampreview\n|inactive|Battle timer is ON: inactive players will automatically lose when time's up. (requested by shangguanxiaobai)\n|\n|t:|1700880052\n|start\n|switch|p1a: Beedrill|Beedrill, F|100\/100\n|switch|p2a: Gen9|Meowscarada, F|100\/100\n|turn|1\n|\n|t:|1700880081\n|detailschange|p1a: Beedrill|Beedrill-Mega, F\n|-mega|p1a: Beedrill|Beedrill|Beedrillite\n|move|p2a: Gen9|Thunder Punch|p1a: Beedrill\n|-start|p2a: Gen9|typechange|Electric|[from] ability: Protean\n|-damage|p1a: Beedrill|30\/100\n|-status|p1a: Beedrill|par\n|move|p1a: Beedrill|U-turn|p2a: Gen9\n|-damage|p2a: Gen9|26\/100\n|\n|t:|1700880090\n|switch|p1a: Scizor|Scizor, M|100\/100|[from] U-turn\n|\n|upkeep\n|turn|2\n|\n|t:|1700880098\n|move|p1a: Scizor|Bullet Punch|p2a: Gen9\n|-resisted|p2a: Gen9\n|-damage|p2a: Gen9|0 fnt\n|faint|p2a: Gen9\n|\n|upkeep\n|\n|t:|1700880106\n|switch|p2a: Gen6|Serperior, F|100\/100\n|turn|3\n|\n|t:|1700880110\n|switch|p1a: Beedrill|Beedrill-Mega, F|30\/100 par\n|-terastallize|p2a: Gen6|Fire\n|move|p2a: Gen6|Hidden Power|p1a: Beedrill\n|-supereffective|p1a: Beedrill\n|-damage|p1a: Beedrill|0 fnt\n|faint|p1a: Beedrill\n|\n|upkeep\n|\n|t:|1700880119\n|switch|p1a: Noivern|Noivern, F|100\/100\n|turn|4\n|\n|t:|1700880125\n|switch|p2a: Gen8|Rillaboom, F|100\/100\n|-fieldstart|move: Grassy Terrain|[from] ability: Grassy Surge|[of] p2a: Gen8\n|-terastallize|p1a: Noivern|Normal\n|move|p1a: Noivern|Boomburst|p2a: Gen8\n|-damage|p2a: Gen8|0 fnt\n|faint|p2a: Gen8\n|\n|upkeep\n|\n|t:|1700880148\n|switch|p2a: Gen1|Venusaur, F|100\/100\n|turn|5\n|inactive|FunTeams has 120 seconds left.\n|\n|t:|1700880172\n|switch|p1a: Scizor|Scizor, M|100\/100\n|detailschange|p2a: Gen1|Venusaur-Mega, F\n|-mega|p2a: Gen1|Venusaur|Venusaurite\n|move|p2a: Gen1|Sleep Powder|p1a: Scizor\n|-status|p1a: Scizor|slp|[from] move: Sleep Powder\n|\n|upkeep\n|turn|6\n|inactive|FunTeams has 120 seconds left.\n|\n|t:|1700880182\n|move|p2a: Gen1|Knock Off|p1a: Scizor\n|-damage|p1a: Scizor|79\/100 slp\n|-enditem|p1a: Scizor|Choice Band|[from] move: Knock Off|[of] p2a: Gen1\n|cant|p1a: Scizor|slp\n|\n|-heal|p1a: Scizor|85\/100 slp|[from] Grassy Terrain\n|upkeep\n|turn|7\n|\n|t:|1700880186\n|move|p2a: Gen1|Leech Seed|p1a: Scizor\n|-start|p1a: Scizor|move: Leech Seed\n|cant|p1a: Scizor|slp\n|\n|-heal|p1a: Scizor|91\/100 slp|[from] Grassy Terrain\n|-damage|p1a: Scizor|79\/100 slp|[from] Leech Seed|[of] p2a: Gen1\n|upkeep\n|turn|8\n|inactive|FunTeams has 120 seconds left.\n|\n|t:|1700880214\n|move|p2a: Gen1|Knock Off|p1a: Scizor\n|-damage|p1a: Scizor|65\/100 slp\n|cant|p1a: Scizor|slp\n|\n|-heal|p1a: Scizor|71\/100 slp|[from] Grassy Terrain\n|-damage|p1a: Scizor|59\/100 slp|[from] Leech Seed|[of] p2a: Gen1\n|-fieldend|move: Grassy Terrain\n|upkeep\n|turn|9\n|inactive|FunTeams has 120 seconds left.\n|\n|t:|1700880223\n|move|p2a: Gen1|Knock Off|p1a: Scizor\n|-damage|p1a: Scizor|46\/100 slp\n|-curestatus|p1a: Scizor|slp|[msg]\n|move|p1a: Scizor|U-turn|p2a: Gen1\n|-damage|p2a: Gen1|71\/100\n|\n|t:|1700880233\n|switch|p1a: Gallade|Gallade, M|100\/100|[from] U-turn\n|\n|upkeep\n|turn|10\n|inactive|FunTeams has 120 seconds left.\n|\n|t:|1700880251\n|move|p1a: Gallade|Sacred Sword|p2a: Gen1\n|-resisted|p2a: Gen1\n|-crit|p2a: Gen1\n|-damage|p2a: Gen1|17\/100\n|move|p2a: Gen1|Sleep Powder|p1a: Gallade\n|-status|p1a: Gallade|slp|[from] move: Sleep Powder\n|\n|upkeep\n|turn|11\n|\n|t:|1700880258\n|cant|p1a: Gallade|slp\n|move|p2a: Gen1|Leech Seed|p1a: Gallade\n|-start|p1a: Gallade|move: Leech Seed\n|\n|-damage|p1a: Gallade|88\/100 slp|[from] Leech Seed|[of] p2a: Gen1\n|-heal|p2a: Gen1|27\/100|[silent]\n|upkeep\n|turn|12\n|\n|t:|1700880270\n|-curestatus|p1a: Gallade|slp|[msg]\n|move|p1a: Gallade|Sacred Sword|p2a: Gen1\n|-resisted|p2a: Gen1\n|-damage|p2a: Gen1|0 fnt\n|faint|p2a: Gen1\n|\n|upkeep\n|inactive|FunTeams has 120 seconds left.\n|\n|t:|1700880288\n|switch|p2a: Gen4|Torterra, F|100\/100\n|turn|13\n|inactive|FunTeams has 120 seconds left.\n|\n|t:|1700880295\n|switch|p1a: Scizor|Scizor, M|46\/100\n|move|p2a: Gen4|Stealth Rock|p1a: Scizor\n|-sidestart|p1: shangguanxiaobai|move: Stealth Rock\n|\n|upkeep\n|turn|14\n|\n|t:|1700880308\n|move|p1a: Scizor|U-turn|p2a: Gen4\n|-supereffective|p2a: Gen4\n|-damage|p2a: Gen4|34\/100\n|\n|t:|1700880314\n|switch|p1a: Gallade|Gallade, M|88\/100|[from] U-turn\n|-damage|p1a: Gallade|82\/100|[from] Stealth Rock\n|move|p2a: Gen4|Leech Seed|p1a: Gallade\n|-start|p1a: Gallade|move: Leech Seed\n|\n|-heal|p2a: Gen4|40\/100|[from] item: Leftovers\n|-damage|p1a: Gallade|70\/100|[from] Leech Seed|[of] p2a: Gen4\n|-heal|p2a: Gen4|49\/100|[silent]\n|upkeep\n|turn|15\n|\n|t:|1700880324\n|move|p1a: Gallade|Sacred Sword|p2a: Gen4\n|-damage|p2a: Gen4|0 fnt\n|faint|p2a: Gen4\n|\n|upkeep\n|\n|t:|1700880337\n|switch|p2a: Gen6|Serperior, F, tera:Fire|100\/100\n|turn|16\n|\n|t:|1700880345\n|switch|p1a: Rotom|Rotom-Wash|100\/100\n|-damage|p1a: Rotom|88\/100|[from] Stealth Rock\n|move|p2a: Gen6|Leaf Storm|p1a: Rotom\n|-supereffective|p1a: Rotom\n|-damage|p1a: Rotom|0 fnt\n|-boost|p2a: Gen6|spa|2\n|faint|p1a: Rotom\n|\n|upkeep\n|\n|t:|1700880351\n|switch|p1a: Noivern|Noivern, F, tera:Normal|100\/100\n|-damage|p1a: Noivern|88\/100|[from] Stealth Rock\n|turn|17\n|\n|t:|1700880370\n|move|p2a: Gen6|Leaf Storm|p1a: Noivern\n|-damage|p1a: Noivern|0 fnt\n|-boost|p2a: Gen6|spa|2\n|faint|p1a: Noivern\n|\n|upkeep\n|\n|t:|1700880380\n|switch|p1a: Scizor|Scizor, M|46\/100\n|-damage|p1a: Scizor|33\/100|[from] Stealth Rock\n|turn|18\n|\n|t:|1700880384\n|move|p1a: Scizor|Bullet Punch|p2a: Gen6\n|-resisted|p2a: Gen6\n|-damage|p2a: Gen6|78\/100\n|move|p2a: Gen6|Leaf Storm|p1a: Scizor\n|-resisted|p1a: Scizor\n|-damage|p1a: Scizor|0 fnt\n|-boost|p2a: Gen6|spa|2\n|faint|p1a: Scizor\n|\n|upkeep\n|-message|shangguanxiaobai forfeited.\n|\n|win|FunTeams\n|raw|shangguanxiaobai's rating: 1382 &rarr; <strong>1360<\/strong><br \/>(-22 for losing)\n|raw|FunTeams's rating: 1346 &rarr; <strong>1368<\/strong><br \/>(+22 for winning)\n|l|\u2606shangguanxiaobai\n|c|\u2606FunTeams|Gg\n","uploadtime":1700880418,"views":1,"p1id":"shangguanxiaobai","p2id":"funteams","formatid":"gen9nationaldex","rating":1360,"private":0,"password":""}