{"id":"gen9nationaldex-1998662039","p1":"def_pid","p2":"nicolas482","format":"[Gen 9] National Dex","log":"|html|<div class=\"broadcast-blue\"><strong>[Gen 9] National Dex is currently suspecting Sneasler! For information on how to participate check out the <a href=\"https:\/\/www.smogon.com\/forums\/threads\/sv-national-dex-suspect-8-just-dance.3731534\/\">suspect thread<\/a>.<\/strong><\/div>\n|j|\u2606def_pid\n|j|\u2606nicolas482\n|t:|1700969147\n|gametype|singles\n|player|p1|def_pid|carmine-festival|1342\n|player|p2|nicolas482|n|1280\n|teamsize|p1|6\n|teamsize|p2|6\n|gen|9\n|tier|[Gen 9] National Dex\n|rated|\n|rule|HP Percentage Mod: HP is shown in percentages\n|rule|Endless Battle Clause: Forcing endless battles is banned\n|rule|OHKO Clause: OHKO moves are banned\n|rule|Evasion Clause: Evasion abilities, items, and moves are banned\n|rule|Evasion Abilities Clause: Evasion abilities are banned\n|rule|Evasion Items Clause: Evasion items are banned\n|rule|Evasion Moves Clause: Evasion moves are banned\n|rule|Species Clause: Limit one of each Pok\u00e9mon\n|rule|Sleep Clause Mod: Limit one foe put to sleep\n|clearpoke\n|poke|p1|Dusknoir, M|\n|poke|p1|Cofagrigus, F|\n|poke|p1|Manectric, M|\n|poke|p1|Zeraora|\n|poke|p1|Lucario, M|\n|poke|p1|Runerigus, M|\n|poke|p2|Tapu Koko|\n|poke|p2|Ogerpon-Cornerstone, F|\n|poke|p2|Sneasler, F|\n|poke|p2|Diancie|\n|poke|p2|Iron Valiant|\n|poke|p2|Landorus-Therian, M|\n|teampreview\n|inactive|Battle timer is ON: inactive players will automatically lose when time's up. (requested by def_pid)\n|inactive|nicolas482 also wants the timer to be on.\n|\n|t:|1700969168\n|start\n|switch|p1a: mahamatra|Manectric, M, shiny|100\/100\n|switch|p2a: Diancie|Diancie|100\/100\n|turn|1\n|\n|t:|1700969178\n|switch|p1a: coughin|Cofagrigus, F, shiny|100\/100\n|detailschange|p2a: Diancie|Diancie-Mega\n|-mega|p2a: Diancie|Diancie|Diancite\n|move|p2a: Diancie|Diamond Storm|p1a: coughin\n|-damage|p1a: coughin|50\/100\n|\n|-heal|p1a: coughin|57\/100|[from] item: Leftovers\n|upkeep\n|turn|2\n|\n|t:|1700969186\n|move|p2a: Diancie|Diamond Storm|p1a: coughin|[miss]\n|-miss|p2a: Diancie|p1a: coughin\n|move|p1a: coughin|Destiny Bond|p1a: coughin\n|-singlemove|p1a: coughin|Destiny Bond\n|\n|-heal|p1a: coughin|63\/100|[from] item: Leftovers\n|upkeep\n|turn|3\n|\n|t:|1700969193\n|switch|p2a: Tapu Koko|Tapu Koko, shiny|100\/100\n|-fieldstart|move: Electric Terrain|[from] ability: Electric Surge|[of] p2a: Tapu Koko\n|move|p1a: coughin|Disable||[still]\n|-fail|p1a: coughin\n|\n|-heal|p1a: coughin|69\/100|[from] item: Leftovers\n|upkeep\n|turn|4\n|\n|t:|1700969199\n|move|p2a: Tapu Koko|Dazzling Gleam|p1a: coughin\n|-damage|p1a: coughin|19\/100\n|move|p1a: coughin|Knock Off|p2a: Tapu Koko\n|-resisted|p2a: Tapu Koko\n|-damage|p2a: Tapu Koko|92\/100\n|-enditem|p2a: Tapu Koko|Choice Specs|[from] move: Knock Off|[of] p1a: coughin\n|\n|-heal|p1a: coughin|25\/100|[from] item: Leftovers\n|upkeep\n|turn|5\n|\n|t:|1700969215\n|switch|p1a: mahamatra|Manectric, M, shiny|100\/100\n|move|p2a: Tapu Koko|Thunderbolt|p1a: mahamatra\n|-ability|p1a: mahamatra|Lightning Rod|boost\n|-boost|p1a: mahamatra|spa|1\n|\n|upkeep\n|turn|6\n|\n|t:|1700969231\n|switch|p2a: Landorus|Landorus-Therian, M, shiny|100\/100\n|-ability|p2a: Landorus|Intimidate|boost\n|-unboost|p1a: mahamatra|atk|1\n|detailschange|p1a: mahamatra|Manectric-Mega, M, shiny\n|-mega|p1a: mahamatra|Manectric|Manectite\n|-ability|p1a: mahamatra|Intimidate|boost\n|-unboost|p2a: Landorus|atk|1\n|move|p1a: mahamatra|Electro Ball|p2a: Landorus\n|-immune|p2a: Landorus\n|\n|upkeep\n|turn|7\n|\n|t:|1700969238\n|move|p1a: mahamatra|Hidden Power|p2a: Landorus\n|-supereffective|p2a: Landorus\n|-damage|p2a: Landorus|0 fnt\n|faint|p2a: Landorus\n|\n|-fieldend|move: Electric Terrain\n|upkeep\n|\n|t:|1700969242\n|switch|p2a: Diancie|Diancie-Mega|100\/100\n|turn|8\n|\n|t:|1700969249\n|move|p1a: mahamatra|Volt Switch|p2a: Diancie\n|-damage|p2a: Diancie|27\/100\n|\n|t:|1700969254\n|switch|p1a: coughin|Cofagrigus, F, shiny|25\/100|[from] Volt Switch\n|move|p2a: Diancie|Earth Power|p1a: coughin\n|-damage|p1a: coughin|0 fnt\n|faint|p1a: coughin\n|\n|upkeep\n|\n|t:|1700969256\n|switch|p1a: mahamatra|Manectric-Mega, M, shiny|100\/100\n|-ability|p1a: mahamatra|Intimidate|boost\n|-unboost|p2a: Diancie|atk|1\n|turn|9\n|\n|t:|1700969260\n|move|p1a: mahamatra|Electro Ball|p2a: Diancie\n|-damage|p2a: Diancie|0 fnt\n|faint|p2a: Diancie\n|\n|upkeep\n|\n|t:|1700969266\n|switch|p2a: Tapu Koko|Tapu Koko, shiny|92\/100\n|-fieldstart|move: Electric Terrain|[from] ability: Electric Surge|[of] p2a: Tapu Koko\n|turn|10\n|\n|t:|1700969272\n|move|p1a: mahamatra|Overheat|p2a: Tapu Koko\n|-damage|p2a: Tapu Koko|19\/100\n|-unboost|p1a: mahamatra|spa|2\n|move|p2a: Tapu Koko|Dazzling Gleam|p1a: mahamatra\n|-damage|p1a: mahamatra|51\/100\n|\n|upkeep\n|turn|11\n|\n|t:|1700969294\n|move|p1a: mahamatra|Volt Switch|p2a: Tapu Koko\n|-resisted|p2a: Tapu Koko\n|-crit|p2a: Tapu Koko\n|-damage|p2a: Tapu Koko|0 fnt\n|faint|p2a: Tapu Koko\n|\n|t:|1700969302\n|switch|p1a: electric sock|Zeraora|100\/100|[from] Volt Switch\n|\n|upkeep\n|\n|t:|1700969308\n|switch|p2a: Sneasler|Sneasler, F, shiny|100\/100\n|turn|12\n|\n|t:|1700969312\n|move|p1a: electric sock|Fake Out|p2a: Sneasler\n|-damage|p2a: Sneasler|77\/100\n|cant|p2a: Sneasler|flinch\n|\n|upkeep\n|turn|13\n|\n|t:|1700969317\n|move|p1a: electric sock|Plasma Fists|p2a: Sneasler\n|-damage|p2a: Sneasler|0 fnt\n|-fieldactivate|move: Ion Deluge\n|-hint|Normal-type moves become Electric-type after using Plasma Fists.\n|faint|p2a: Sneasler\n|\n|upkeep\n|\n|t:|1700969324\n|switch|p2a: Iron Valiant|Iron Valiant, shiny|100\/100\n|-activate|p2a: Iron Valiant|ability: Quark Drive\n|-start|p2a: Iron Valiant|quarkdrivespe\n|turn|14\n|\n|t:|1700969328\n|move|p2a: Iron Valiant|Moonblast|p1a: electric sock\n|-damage|p1a: electric sock|51\/100\n|-damage|p2a: Iron Valiant|91\/100|[from] item: Life Orb\n|move|p1a: electric sock|Plasma Fists|p2a: Iron Valiant\n|-damage|p2a: Iron Valiant|8\/100\n|-fieldactivate|move: Ion Deluge\n|-hint|Normal-type moves become Electric-type after using Plasma Fists.\n|\n|-fieldend|move: Electric Terrain\n|-end|p2a: Iron Valiant|Quark Drive\n|upkeep\n|turn|15\n|\n|t:|1700969335\n|move|p1a: electric sock|Plasma Fists|p2a: Iron Valiant\n|-damage|p2a: Iron Valiant|0 fnt\n|-fieldactivate|move: Ion Deluge\n|-hint|Normal-type moves become Electric-type after using Plasma Fists.\n|faint|p2a: Iron Valiant\n|-end|p2a: Iron Valiant|Quark Drive|[silent]\n|\n|upkeep\n|\n|t:|1700969344\n|switch|p2a: Ogerpon|Ogerpon-Cornerstone, F|100\/100\n|turn|16\n|\n|t:|1700969348\n|move|p1a: electric sock|Drain Punch|p2a: Ogerpon\n|-supereffective|p2a: Ogerpon\n|-damage|p2a: Ogerpon|32\/100\n|-heal|p1a: electric sock|84\/100|[from] drain|[of] p2a: Ogerpon\n|move|p2a: Ogerpon|Ivy Cudgel|p1a: electric sock|[anim] Ivy Cudgel Rock\n|-damage|p1a: electric sock|4\/100\n|\n|upkeep\n|turn|17\n|\n|t:|1700969353\n|-terastallize|p2a: Ogerpon|Rock\n|detailschange|p2a: Ogerpon|Ogerpon-Cornerstone-Tera, F, tera:Rock\n|-ability|p2a: Ogerpon|Embody Aspect (Cornerstone)|boost\n|-boost|p2a: Ogerpon|def|1\n|move|p1a: electric sock|Drain Punch|p2a: Ogerpon\n|-supereffective|p2a: Ogerpon\n|-damage|p2a: Ogerpon|0 fnt\n|-heal|p1a: electric sock|19\/100|[from] drain|[of] p2a: Ogerpon\n|faint|p2a: Ogerpon\n|\n|win|def_pid\n|raw|def_pid's rating: 1342 &rarr; <strong>1358<\/strong><br \/>(+16 for winning)\n|raw|nicolas482's rating: 1280 &rarr; <strong>1259<\/strong><br \/>(-21 for losing)\n|c|\u2606def_pid|gg\n|l|\u2606nicolas482\n","uploadtime":1700969366,"views":4,"p1id":"defpid","p2id":"nicolas482","formatid":"gen9nationaldex","rating":1259,"private":0,"password":""}