{"id":"gen9nationaldex-1998763226","p1":"zgiats\u63a0\u593a\u4e0e\u7948\u613f\u4e4b\u795e","p2":"SephieFox","format":"[Gen 9] National Dex","log":"|html|<div class=\"broadcast-blue\"><strong>[Gen 9] National Dex is currently suspecting Sneasler! For information on how to participate check out the <a href=\"https:\/\/www.smogon.com\/forums\/threads\/sv-national-dex-suspect-8-just-dance.3731534\/\">suspect thread<\/a>.<\/strong><\/div>\n|j|\u2606zgiats\u63a0\u593a\u4e0e\u7948\u613f\u4e4b\u795e\n|j|\u2606SephieFox\n|t:|1700985723\n|gametype|singles\n|player|p1|zgiats\u63a0\u593a\u4e0e\u7948\u613f\u4e4b\u795e|cynthia-gen4|1517\n|player|p2|SephieFox|iris-masters|1609\n|teamsize|p1|6\n|teamsize|p2|6\n|gen|9\n|tier|[Gen 9] National Dex\n|rated|\n|rule|HP Percentage Mod: HP is shown in percentages\n|rule|Endless Battle Clause: Forcing endless battles is banned\n|rule|OHKO Clause: OHKO moves are banned\n|rule|Evasion Clause: Evasion abilities, items, and moves are banned\n|rule|Evasion Abilities Clause: Evasion abilities are banned\n|rule|Evasion Items Clause: Evasion items are banned\n|rule|Evasion Moves Clause: Evasion moves are banned\n|rule|Species Clause: Limit one of each Pok\u00e9mon\n|rule|Sleep Clause Mod: Limit one foe put to sleep\n|clearpoke\n|poke|p1|Maushold-Four|\n|poke|p1|Goodra-Hisui, M|\n|poke|p1|Cinderace, F|\n|poke|p1|Dondozo, F|\n|poke|p1|Landorus-Therian, M|\n|poke|p1|Latios, M|\n|poke|p2|Alomomola, F|\n|poke|p2|Tyranitar, M|\n|poke|p2|Garchomp, F|\n|poke|p2|Garganacl, F|\n|poke|p2|Urshifu-*, M|\n|poke|p2|Sinistcha|\n|teampreview\n|inactive|Battle timer is ON: inactive players will automatically lose when time's up. (requested by SephieFox)\n|\n|t:|1700985739\n|start\n|switch|p1a: Latios|Latios, M|100\/100\n|switch|p2a: Alomomola|Alomomola, F|100\/100\n|turn|1\n|\n|t:|1700985745\n|detailschange|p1a: Latios|Latios-Mega, M\n|-mega|p1a: Latios|Latios|Latiosite\n|move|p2a: Alomomola|Protect|p2a: Alomomola\n|-singleturn|p2a: Alomomola|Protect\n|move|p1a: Latios|Thunderbolt|p2a: Alomomola\n|-activate|p2a: Alomomola|move: Protect\n|\n|upkeep\n|turn|2\n|inactive|SephieFox has 120 seconds left.\n|\n|t:|1700985777\n|switch|p2a: Urshifu|Urshifu-Rapid-Strike, M|100\/100\n|move|p1a: Latios|Draco Meteor|p2a: Urshifu\n|-damage|p2a: Urshifu|0 fnt\n|-unboost|p1a: Latios|spa|2\n|faint|p2a: Urshifu\n|\n|upkeep\n|\n|t:|1700985780\n|switch|p2a: Tyranitar|Tyranitar, M|100\/100\n|-weather|Sandstorm|[from] ability: Sand Stream|[of] p2a: Tyranitar\n|turn|3\n|\n|t:|1700985790\n|switch|p1a: Dondozo|Dondozo, F|100\/100\n|move|p2a: Tyranitar|Dragon Dance|p2a: Tyranitar\n|-boost|p2a: Tyranitar|atk|1\n|-boost|p2a: Tyranitar|spe|1\n|\n|-weather|Sandstorm|[upkeep]\n|-damage|p1a: Dondozo|94\/100|[from] Sandstorm\n|-heal|p1a: Dondozo|100\/100|[from] item: Leftovers\n|upkeep\n|turn|4\n|\n|t:|1700985798\n|detailschange|p2a: Tyranitar|Tyranitar-Mega, M\n|-mega|p2a: Tyranitar|Tyranitar|Tyranitarite\n|move|p2a: Tyranitar|Knock Off|p1a: Dondozo\n|-damage|p1a: Dondozo|69\/100\n|-enditem|p1a: Dondozo|Leftovers|[from] move: Knock Off|[of] p2a: Tyranitar\n|move|p1a: Dondozo|Body Press|p2a: Tyranitar\n|-supereffective|p2a: Tyranitar\n|-damage|p2a: Tyranitar|16\/100\n|\n|-weather|Sandstorm|[upkeep]\n|-damage|p1a: Dondozo|63\/100|[from] Sandstorm\n|upkeep\n|turn|5\n|\n|t:|1700985809\n|switch|p2a: Sinistcha|Sinistcha|100\/100\n|move|p1a: Dondozo|Body Press|p2a: Sinistcha\n|-immune|p2a: Sinistcha\n|\n|-weather|Sandstorm|[upkeep]\n|-damage|p2a: Sinistcha|94\/100|[from] Sandstorm\n|-damage|p1a: Dondozo|56\/100|[from] Sandstorm\n|-heal|p2a: Sinistcha|100\/100|[from] item: Leftovers\n|upkeep\n|turn|6\n|\n|t:|1700985818\n|switch|p1a: Goodra|Goodra-Hisui, M|100\/100\n|move|p2a: Sinistcha|Calm Mind|p2a: Sinistcha\n|-boost|p2a: Sinistcha|spa|1\n|-boost|p2a: Sinistcha|spd|1\n|\n|-weather|Sandstorm|[upkeep]\n|-damage|p2a: Sinistcha|94\/100|[from] Sandstorm\n|-heal|p2a: Sinistcha|100\/100|[from] item: Leftovers\n|upkeep\n|turn|7\n|\n|t:|1700985831\n|-terastallize|p2a: Sinistcha|Poison\n|move|p2a: Sinistcha|Calm Mind|p2a: Sinistcha\n|-boost|p2a: Sinistcha|spa|1\n|-boost|p2a: Sinistcha|spd|1\n|move|p1a: Goodra|Fire Blast|p2a: Sinistcha\n|-damage|p2a: Sinistcha|85\/100\n|-status|p2a: Sinistcha|brn\n|\n|-weather|none\n|-heal|p2a: Sinistcha|91\/100 brn|[from] item: Leftovers\n|-damage|p2a: Sinistcha|88\/100 brn|[from] brn\n|upkeep\n|turn|8\n|\n|t:|1700985850\n|switch|p1a: Maushold|Maushold-Four|100\/100\n|move|p2a: Sinistcha|Calm Mind|p2a: Sinistcha\n|-boost|p2a: Sinistcha|spa|1\n|-boost|p2a: Sinistcha|spd|1\n|\n|-heal|p2a: Sinistcha|94\/100 brn|[from] item: Leftovers\n|-damage|p2a: Sinistcha|91\/100 brn|[from] brn\n|upkeep\n|turn|9\n|\n|t:|1700985859\n|-terastallize|p1a: Maushold|Normal\n|move|p1a: Maushold|Population Bomb|p2a: Sinistcha\n|-damage|p2a: Sinistcha|81\/100 brn\n|-damage|p2a: Sinistcha|70\/100 brn\n|-damage|p2a: Sinistcha|58\/100 brn\n|-damage|p2a: Sinistcha|48\/100 brn\n|-damage|p2a: Sinistcha|37\/100 brn\n|-damage|p2a: Sinistcha|25\/100 brn\n|-damage|p2a: Sinistcha|14\/100 brn\n|-damage|p2a: Sinistcha|1\/100 brn\n|-damage|p2a: Sinistcha|0 fnt\n|faint|p2a: Sinistcha\n|-hitcount|p2: Sinistcha|9\n|\n|upkeep\n|\n|t:|1700985868\n|switch|p2a: Garchomp|Garchomp, F|100\/100\n|turn|10\n|\n|t:|1700985878\n|switch|p1a: Landorus|Landorus-Therian, M|100\/100\n|-ability|p1a: Landorus|Intimidate|boost\n|-unboost|p2a: Garchomp|atk|1\n|switch|p2a: Alomomola|Alomomola, F|100\/100\n|\n|upkeep\n|turn|11\n|\n|t:|1700985890\n|switch|p1a: Goodra|Goodra-Hisui, M|100\/100\n|move|p2a: Alomomola|Toxic|p1a: Goodra\n|-immune|p1a: Goodra\n|\n|upkeep\n|turn|12\n|\n|t:|1700985896\n|move|p1a: Goodra|Draco Meteor|p2a: Alomomola\n|-damage|p2a: Alomomola|7\/100\n|-unboost|p1a: Goodra|spa|2\n|move|p2a: Alomomola|Wish|p2a: Alomomola\n|\n|upkeep\n|turn|13\n|\n|t:|1700985931\n|move|p2a: Alomomola|Protect|p2a: Alomomola\n|-singleturn|p2a: Alomomola|Protect\n|move|p1a: Goodra|Draco Meteor|p2a: Alomomola\n|-activate|p2a: Alomomola|move: Protect\n|\n|-heal|p2a: Alomomola|57\/100|[from] move: Wish|[wisher] Alomomola\n|upkeep\n|turn|14\n|\n|t:|1700985939\n|move|p1a: Goodra|Draco Meteor|p2a: Alomomola\n|-damage|p2a: Alomomola|10\/100\n|-unboost|p1a: Goodra|spa|2\n|move|p2a: Alomomola|Wish|p2a: Alomomola\n|\n|upkeep\n|turn|15\n|\n|t:|1700985948\n|switch|p1a: Latios|Latios-Mega, M|100\/100\n|move|p2a: Alomomola|Flip Turn|p1a: Latios\n|-resisted|p1a: Latios\n|-damage|p1a: Latios|91\/100\n|\n|t:|1700985951\n|switch|p2a: Tyranitar|Tyranitar-Mega, M|16\/100|[from] Flip Turn\n|-weather|Sandstorm|[from] ability: Sand Stream|[of] p2a: Tyranitar\n|\n|-weather|Sandstorm|[upkeep]\n|-damage|p1a: Latios|85\/100|[from] Sandstorm\n|-heal|p2a: Tyranitar|85\/100|[from] move: Wish|[wisher] Alomomola\n|upkeep\n|turn|16\n|\n|t:|1700985964\n|move|p1a: Latios|Aura Sphere|p2a: Tyranitar\n|-supereffective|p2a: Tyranitar\n|-damage|p2a: Tyranitar|5\/100\n|move|p2a: Tyranitar|Dragon Dance|p2a: Tyranitar\n|-boost|p2a: Tyranitar|atk|1\n|-boost|p2a: Tyranitar|spe|1\n|\n|-weather|Sandstorm|[upkeep]\n|-damage|p1a: Latios|79\/100|[from] Sandstorm\n|upkeep\n|turn|17\n|\n|t:|1700985987\n|switch|p1a: Dondozo|Dondozo, F|56\/100\n|move|p2a: Tyranitar|Knock Off|p1a: Dondozo\n|-damage|p1a: Dondozo|37\/100\n|\n|-weather|Sandstorm|[upkeep]\n|-damage|p1a: Dondozo|31\/100|[from] Sandstorm\n|upkeep\n|turn|18\n|\n|t:|1700985994\n|move|p2a: Tyranitar|Stone Edge|p1a: Dondozo\n|-damage|p1a: Dondozo|3\/100\n|move|p1a: Dondozo|Rest|p1a: Dondozo\n|-status|p1a: Dondozo|slp|[from] move: Rest\n|-heal|p1a: Dondozo|100\/100 slp|[silent]\n|\n|-weather|Sandstorm|[upkeep]\n|-damage|p1a: Dondozo|94\/100 slp|[from] Sandstorm\n|upkeep\n|turn|19\n|\n|t:|1700986009\n|move|p2a: Tyranitar|Stone Edge|p1a: Dondozo\n|-damage|p1a: Dondozo|63\/100 slp\n|cant|p1a: Dondozo|slp\n|move|p1a: Dondozo|Sleep Talk|p1a: Dondozo\n|move|p1a: Dondozo|Body Press|p2a: Tyranitar|[from]move: Sleep Talk\n|-supereffective|p2a: Tyranitar\n|-damage|p2a: Tyranitar|0 fnt\n|faint|p2a: Tyranitar\n|\n|-weather|none\n|upkeep\n|\n|t:|1700986011\n|switch|p2a: Garganacl|Garganacl, F|100\/100\n|turn|20\n|\n|t:|1700986023\n|switch|p1a: Landorus|Landorus-Therian, M|100\/100\n|-ability|p1a: Landorus|Intimidate|boost\n|-unboost|p2a: Garganacl|atk|1\n|move|p2a: Garganacl|Salt Cure|p1a: Landorus\n|-damage|p1a: Landorus|90\/100\n|-start|p1a: Landorus|Salt Cure\n|\n|-damage|p1a: Landorus|78\/100|[from] Salt Cure\n|upkeep\n|turn|21\n|\n|t:|1700986035\n|switch|p1a: Goodra|Goodra-Hisui, M|100\/100\n|move|p2a: Garganacl|Iron Defense|p2a: Garganacl\n|-boost|p2a: Garganacl|def|2\n|\n|upkeep\n|turn|22\n|\n|t:|1700986042\n|move|p1a: Goodra|Flash Cannon|p2a: Garganacl\n|-supereffective|p2a: Garganacl\n|-damage|p2a: Garganacl|2\/100\n|move|p2a: Garganacl|Recover|p2a: Garganacl\n|-heal|p2a: Garganacl|52\/100\n|\n|-heal|p2a: Garganacl|58\/100|[from] item: Leftovers\n|upkeep\n|turn|23\n|\n|t:|1700986052\n|switch|p1a: Latios|Latios-Mega, M|79\/100\n|switch|p2a: Alomomola|Alomomola, F|44\/100\n|\n|upkeep\n|turn|24\n|c|\u2606SephieFox|fuckin chinese goodra\n|n|\u203dSephieFox|sephiefox\n|c|&|\/log SephieFox was locked from talking by Artemis for a week. (\u2606SephieFox: fuckin chinese [[Pokemon]])\n|c|&|\/raw <small>This action was done automatically. Want to learn more about the AI? <a href=\"https:\/\/www.smogon.com\/forums\/threads\/3570628\/#post-9056769\">Visit the information thread<\/a>.<\/small>\n|-message|SephieFox forfeited.\n|\n|win|zgiats\u63a0\u593a\u4e0e\u7948\u613f\u4e4b\u795e\n|raw|zgiats\u63a0\u593a\u4e0e\u7948\u613f\u4e4b\u795e's rating: 1517 &rarr; <strong>1542<\/strong><br \/>(+25 for winning)\n|raw|SephieFox's rating: 1609 &rarr; <strong>1584<\/strong><br \/>(-25 for losing)\n|l|\u203dSephieFox\n","uploadtime":1700986063,"views":2,"p1id":"zgiats","p2id":"sephiefox","formatid":"gen9nationaldex","rating":1542,"private":0,"password":""}