{"id":"gen9nationaldex-1994458680","p1":"abigolname","p2":"MorganDexter","format":"[Gen 9] National Dex","log":"|j|\u2606abigolname\n|j|\u2606MorganDexter\n|t:|1700446261\n|gametype|singles\n|player|p1|abigolname|ingo|1510\n|player|p2|MorganDexter|burglar|1580\n|teamsize|p1|6\n|teamsize|p2|6\n|gen|9\n|tier|[Gen 9] National Dex\n|rated|\n|rule|HP Percentage Mod: HP is shown in percentages\n|rule|Endless Battle Clause: Forcing endless battles is banned\n|rule|OHKO Clause: OHKO moves are banned\n|rule|Evasion Clause: Evasion abilities, items, and moves are banned\n|rule|Evasion Abilities Clause: Evasion abilities are banned\n|rule|Evasion Items Clause: Evasion items are banned\n|rule|Evasion Moves Clause: Evasion moves are banned\n|rule|Species Clause: Limit one of each Pok\u00e9mon\n|rule|Sleep Clause Mod: Limit one foe put to sleep\n|clearpoke\n|poke|p1|Nidoking, M|\n|poke|p1|Blacephalon|\n|poke|p1|Meowscarada, M|\n|poke|p1|Shuckle, F|\n|poke|p1|Tentacruel, F|\n|poke|p1|Pyukumuku, M|\n|poke|p2|Ferrothorn, F|\n|poke|p2|Garganacl, F|\n|poke|p2|Toxapex, F|\n|poke|p2|Clefable, M|\n|poke|p2|Dragonite, M|\n|poke|p2|Urshifu-*, M|\n|teampreview\n|\n|t:|1700446270\n|start\n|switch|p1a: Shuckle|Shuckle, F|100\/100\n|switch|p2a: Garganacl|Garganacl, F, shiny|100\/100\n|turn|1\n|\n|t:|1700446286\n|move|p2a: Garganacl|Salt Cure|p1a: Shuckle\n|-supereffective|p1a: Shuckle\n|-damage|p1a: Shuckle|81\/100\n|-start|p1a: Shuckle|Salt Cure\n|-enditem|p1a: Shuckle|Red Card|[of] p2a: Garganacl\n|drag|p2a: Clefable|Clefable, M|100\/100\n|move|p1a: Shuckle|Sticky Web|p2a: Clefable\n|-sidestart|p2: MorganDexter|move: Sticky Web\n|\n|-damage|p1a: Shuckle|68\/100|[from] Salt Cure\n|upkeep\n|turn|2\n|\n|t:|1700446298\n|move|p2a: Clefable|Cosmic Power|p2a: Clefable\n|-boost|p2a: Clefable|def|1\n|-boost|p2a: Clefable|spd|1\n|move|p1a: Shuckle|Stealth Rock|p2a: Clefable\n|-sidestart|p2: MorganDexter|move: Stealth Rock\n|\n|-damage|p1a: Shuckle|56\/100|[from] Salt Cure\n|upkeep\n|turn|3\n|\n|t:|1700446306\n|move|p2a: Clefable|Cosmic Power|p2a: Clefable\n|-boost|p2a: Clefable|def|1\n|-boost|p2a: Clefable|spd|1\n|move|p1a: Shuckle|Encore|p2a: Clefable\n|-start|p2a: Clefable|Encore\n|\n|-damage|p1a: Shuckle|44\/100|[from] Salt Cure\n|upkeep\n|turn|4\n|\n|t:|1700446314\n|move|p2a: Clefable|Cosmic Power|p2a: Clefable\n|-boost|p2a: Clefable|def|1\n|-boost|p2a: Clefable|spd|1\n|move|p1a: Shuckle|Final Gambit|p2a: Clefable\n|-damage|p2a: Clefable|74\/100\n|faint|p1a: Shuckle\n|\n|upkeep\n|\n|t:|1700446321\n|switch|p1a: Blacephalon|Blacephalon|100\/100\n|-item|p1a: Blacephalon|Air Balloon\n|turn|5\n|\n|t:|1700446329\n|move|p1a: Blacephalon|Calm Mind|p1a: Blacephalon\n|-boost|p1a: Blacephalon|spa|1\n|-boost|p1a: Blacephalon|spd|1\n|move|p2a: Clefable|Cosmic Power|p2a: Clefable\n|-boost|p2a: Clefable|def|1\n|-boost|p2a: Clefable|spd|1\n|\n|upkeep\n|turn|6\n|\n|t:|1700446337\n|move|p1a: Blacephalon|Calm Mind|p1a: Blacephalon\n|-boost|p1a: Blacephalon|spa|1\n|-boost|p1a: Blacephalon|spd|1\n|move|p2a: Clefable|Cosmic Power|p2a: Clefable\n|-boost|p2a: Clefable|def|1\n|-boost|p2a: Clefable|spd|1\n|\n|-end|p2a: Clefable|Encore\n|upkeep\n|turn|7\n|\n|t:|1700446350\n|move|p1a: Blacephalon|Encore|p2a: Clefable\n|-start|p2a: Clefable|Encore\n|move|p2a: Clefable|Cosmic Power|p2a: Clefable\n|-boost|p2a: Clefable|def|1\n|-boost|p2a: Clefable|spd|1\n|\n|upkeep\n|turn|8\n|\n|t:|1700446368\n|switch|p2a: Toxapex|Toxapex, F|100\/100\n|-activate|p2a: Toxapex|move: Sticky Web\n|-unboost|p2a: Toxapex|spe|1\n|-damage|p2a: Toxapex|88\/100|[from] Stealth Rock\n|move|p1a: Blacephalon|Calm Mind|p1a: Blacephalon\n|-boost|p1a: Blacephalon|spa|1\n|-boost|p1a: Blacephalon|spd|1\n|\n|-heal|p2a: Toxapex|94\/100|[from] item: Leftovers\n|upkeep\n|turn|9\n|\n|t:|1700446379\n|-terastallize|p1a: Blacephalon|Ghost\n|move|p1a: Blacephalon|Shadow Ball|p2a: Toxapex\n|-damage|p2a: Toxapex|0 fnt\n|faint|p2a: Toxapex\n|-ability|p1a: Blacephalon|Beast Boost|boost\n|-boost|p1a: Blacephalon|spa|1\n|\n|upkeep\n|inactive|Battle timer is ON: inactive players will automatically lose when time's up. (requested by abigolname)\n|\n|t:|1700446419\n|switch|p2a: Dragonite|Dragonite, M|100\/100\n|-damage|p2a: Dragonite|75\/100|[from] Stealth Rock\n|turn|10\n|\n|t:|1700446439\n|-terastallize|p2a: Dragonite|Normal\n|move|p1a: Blacephalon|Flamethrower|p2a: Dragonite\n|-damage|p2a: Dragonite|0 fnt\n|faint|p2a: Dragonite\n|-ability|p1a: Blacephalon|Beast Boost|boost\n|-boost|p1a: Blacephalon|spa|1\n|\n|upkeep\n|\n|t:|1700446451\n|switch|p2a: Urshifu|Urshifu-Rapid-Strike, M|100\/100\n|-activate|p2a: Urshifu|move: Sticky Web\n|-unboost|p2a: Urshifu|spe|1\n|-damage|p2a: Urshifu|94\/100|[from] Stealth Rock\n|turn|11\n|\n|t:|1700446458\n|move|p2a: Urshifu|Aqua Jet|p1a: Blacephalon\n|-damage|p1a: Blacephalon|20\/100\n|-enditem|p1a: Blacephalon|Air Balloon\n|move|p1a: Blacephalon|Shadow Ball|p2a: Urshifu\n|-damage|p2a: Urshifu|0 fnt\n|faint|p2a: Urshifu\n|-ability|p1a: Blacephalon|Beast Boost|boost\n|-boost|p1a: Blacephalon|spa|1\n|\n|upkeep\n|\n|t:|1700446469\n|switch|p2a: Garganacl|Garganacl, F, shiny|100\/100\n|-activate|p2a: Garganacl|move: Sticky Web\n|-unboost|p2a: Garganacl|spe|1\n|-damage|p2a: Garganacl|88\/100|[from] Stealth Rock\n|turn|12\n|\n|t:|1700446480\n|move|p1a: Blacephalon|Shadow Ball|p2a: Garganacl\n|-damage|p2a: Garganacl|0 fnt\n|faint|p2a: Garganacl\n|\n|upkeep\n|\n|t:|1700446489\n|switch|p2a: Ferrothorn|Ferrothorn, F|100\/100\n|-activate|p2a: Ferrothorn|move: Sticky Web\n|-unboost|p2a: Ferrothorn|spe|1\n|-damage|p2a: Ferrothorn|94\/100|[from] Stealth Rock\n|turn|13\n|\n|t:|1700446495\n|move|p2a: Ferrothorn|Protect|p2a: Ferrothorn\n|-singleturn|p2a: Ferrothorn|Protect\n|move|p1a: Blacephalon|Flamethrower|p2a: Ferrothorn\n|-activate|p2a: Ferrothorn|move: Protect\n|\n|-heal|p2a: Ferrothorn|100\/100|[from] item: Leftovers\n|upkeep\n|turn|14\n|\n|t:|1700446504\n|move|p1a: Blacephalon|Flamethrower|p2a: Ferrothorn\n|-supereffective|p2a: Ferrothorn\n|-damage|p2a: Ferrothorn|0 fnt\n|faint|p2a: Ferrothorn\n|\n|upkeep\n|\n|t:|1700446509\n|switch|p2a: Clefable|Clefable, M|74\/100\n|-activate|p2a: Clefable|move: Sticky Web\n|-unboost|p2a: Clefable|spe|1\n|turn|15\n|\n|t:|1700446515\n|move|p1a: Blacephalon|Shadow Ball|p2a: Clefable\n|-damage|p2a: Clefable|0 fnt\n|faint|p2a: Clefable\n|\n|win|abigolname\n|raw|abigolname's rating: 1510 &rarr; <strong>1534<\/strong><br \/>(+24 for winning)\n|raw|MorganDexter's rating: 1580 &rarr; <strong>1556<\/strong><br \/>(-24 for losing)\n|l|\u2606MorganDexter\n","uploadtime":1700446526,"views":4,"p1id":"abigolname","p2id":"morgandexter","formatid":"gen9nationaldex","rating":1534,"private":0,"password":""}