{"id":"gen9nationaldex-1988877670","p1":"ArizonaMoron","p2":"steals many wives","format":"[Gen 9] National Dex","log":"|j|\u2606ArizonaMoron\n|j|\u2606steals many wives\n|t:|1699779380\n|gametype|singles\n|player|p1|ArizonaMoron|riley|1048\n|player|p2|steals many wives|waitress|1107\n|teamsize|p1|6\n|teamsize|p2|6\n|gen|9\n|tier|[Gen 9] National Dex\n|rated|\n|rule|HP Percentage Mod: HP is shown in percentages\n|rule|Endless Battle Clause: Forcing endless battles is banned\n|rule|OHKO Clause: OHKO moves are banned\n|rule|Evasion Clause: Evasion abilities, items, and moves are banned\n|rule|Evasion Abilities Clause: Evasion abilities are banned\n|rule|Evasion Items Clause: Evasion items are banned\n|rule|Evasion Moves Clause: Evasion moves are banned\n|rule|Species Clause: Limit one of each Pok\u00e9mon\n|rule|Sleep Clause Mod: Limit one foe put to sleep\n|clearpoke\n|poke|p1|Meowscarada, F|\n|poke|p1|Quaquaval, M|\n|poke|p1|Skeledirge, M|\n|poke|p1|Ogerpon-Cornerstone, F|\n|poke|p1|Dipplin, M|\n|poke|p1|Sinistcha-Masterpiece|\n|poke|p2|Aggron, M|\n|poke|p2|Ferrothorn, M|\n|poke|p2|Goodra-Hisui, F|\n|poke|p2|Celesteela|\n|poke|p2|Heatran, M|\n|poke|p2|Excadrill, M|\n|teampreview\n|\n|t:|1699779394\n|start\n|switch|p1a: Ogerpon|Ogerpon-Cornerstone, F|100\/100\n|switch|p2a: Lego|Ferrothorn, M|100\/100\n|turn|1\n|\n|t:|1699779408\n|switch|p1a: Skeledirge|Skeledirge, M|100\/100\n|move|p2a: Lego|Stealth Rock|p1a: Skeledirge\n|-sidestart|p1: ArizonaMoron|move: Stealth Rock\n|\n|upkeep\n|turn|2\n|\n|t:|1699779415\n|switch|p2a: Slag Heap|Heatran, M|100\/100\n|move|p1a: Skeledirge|Torch Song|p2a: Slag Heap\n|-start|p2a: Slag Heap|ability: Flash Fire\n|\n|upkeep\n|turn|3\n|\n|t:|1699779427\n|move|p2a: Slag Heap|Earth Power|p1a: Skeledirge\n|-supereffective|p1a: Skeledirge\n|-damage|p1a: Skeledirge|30\/100\n|-unboost|p1a: Skeledirge|spd|1\n|move|p1a: Skeledirge|Earthquake|p2a: Slag Heap\n|-supereffective|p2a: Slag Heap\n|-damage|p2a: Slag Heap|23\/100\n|\n|upkeep\n|turn|4\n|\n|t:|1699779447\n|switch|p1a: Quaquaval|Quaquaval, M|100\/100\n|-damage|p1a: Quaquaval|94\/100|[from] Stealth Rock\n|move|p2a: Slag Heap|Earth Power|p1a: Quaquaval\n|-damage|p1a: Quaquaval|58\/100\n|\n|upkeep\n|turn|5\n|\n|t:|1699779462\n|-end|p2a: Slag Heap|ability: Flash Fire|[silent]\n|switch|p2a: Lego|Ferrothorn, M|100\/100\n|move|p1a: Quaquaval|Aqua Step|p2a: Lego\n|-resisted|p2a: Lego\n|-damage|p2a: Lego|84\/100\n|-boost|p1a: Quaquaval|spe|1\n|-damage|p1a: Quaquaval|46\/100|[from] ability: Iron Barbs|[of] p2a: Lego\n|-damage|p1a: Quaquaval|29\/100|[from] item: Rocky Helmet|[of] p2a: Lego\n|\n|upkeep\n|turn|6\n|\n|t:|1699779485\n|switch|p1a: Meowscarada|Meowscarada, F|100\/100\n|-damage|p1a: Meowscarada|88\/100|[from] Stealth Rock\n|move|p2a: Lego|Seed Bomb|p1a: Meowscarada\n|-resisted|p1a: Meowscarada\n|-damage|p1a: Meowscarada|68\/100\n|\n|upkeep\n|turn|7\n|\n|t:|1699779506\n|move|p1a: Meowscarada|Flower Trick|p2a: Lego\n|-start|p1a: Meowscarada|typechange|Grass|[from] ability: Protean\n|-resisted|p2a: Lego\n|-crit|p2a: Lego\n|-damage|p2a: Lego|74\/100\n|move|p2a: Lego|Gyro Ball|p1a: Meowscarada\n|-damage|p1a: Meowscarada|0 fnt\n|faint|p1a: Meowscarada\n|\n|upkeep\n|\n|t:|1699779518\n|switch|p1a: Sinistcha|Sinistcha-Masterpiece|100\/100\n|-damage|p1a: Sinistcha|88\/100|[from] Stealth Rock\n|turn|8\n|\n|t:|1699779524\n|move|p1a: Sinistcha|Phantom Force||[still]\n|-prepare|p1a: Sinistcha|Phantom Force\n|move|p2a: Lego|Gyro Ball|p1a: Sinistcha|[miss]\n|-miss|p2a: Lego|p1a: Sinistcha\n|\n|upkeep\n|turn|9\n|\n|t:|1699779532\n|move|p1a: Sinistcha|Phantom Force|p2a: Lego|[from]lockedmove\n|-damage|p2a: Lego|59\/100\n|-damage|p1a: Sinistcha|76\/100|[from] ability: Iron Barbs|[of] p2a: Lego\n|-damage|p1a: Sinistcha|59\/100|[from] item: Rocky Helmet|[of] p2a: Lego\n|move|p2a: Lego|Gyro Ball|p1a: Sinistcha\n|-damage|p1a: Sinistcha|28\/100\n|\n|upkeep\n|turn|10\n|\n|t:|1699779553\n|move|p1a: Sinistcha|Matcha Gotcha|p2a: Lego\n|-resisted|p2a: Lego\n|-damage|p2a: Lego|50\/100\n|-heal|p1a: Sinistcha|34\/100|[from] drain|[of] p2a: Lego\n|-status|p2a: Lego|brn\n|move|p2a: Lego|Gyro Ball|p1a: Sinistcha\n|-damage|p1a: Sinistcha|19\/100\n|\n|-damage|p2a: Lego|44\/100 brn|[from] brn\n|upkeep\n|turn|11\n|\n|t:|1699779571\n|move|p1a: Sinistcha|Matcha Gotcha|p2a: Lego\n|-resisted|p2a: Lego\n|-damage|p2a: Lego|35\/100 brn\n|-heal|p1a: Sinistcha|24\/100|[from] drain|[of] p2a: Lego\n|move|p2a: Lego|Gyro Ball|p1a: Sinistcha\n|-damage|p1a: Sinistcha|8\/100\n|\n|-damage|p2a: Lego|28\/100 brn|[from] brn\n|upkeep\n|turn|12\n|\n|t:|1699779591\n|switch|p2a: Slag Heap|Heatran, M|23\/100\n|move|p1a: Sinistcha|Matcha Gotcha|p2a: Slag Heap\n|-resisted|p2a: Slag Heap\n|-damage|p2a: Slag Heap|12\/100\n|-heal|p1a: Sinistcha|15\/100|[from] drain|[of] p2a: Slag Heap\n|\n|upkeep\n|turn|13\n|\n|t:|1699779603\n|move|p2a: Slag Heap|Flash Cannon|p1a: Sinistcha\n|-damage|p1a: Sinistcha|0 fnt\n|faint|p1a: Sinistcha\n|\n|upkeep\n|\n|t:|1699779611\n|switch|p1a: Ogerpon|Ogerpon-Cornerstone, F|100\/100\n|-damage|p1a: Ogerpon|88\/100|[from] Stealth Rock\n|turn|14\n|\n|t:|1699779617\n|-terastallize|p1a: Ogerpon|Rock\n|detailschange|p1a: Ogerpon|Ogerpon-Cornerstone-Tera, F, tera:Rock\n|-ability|p1a: Ogerpon|Embody Aspect (Cornerstone)|boost\n|-boost|p1a: Ogerpon|def|1\n|move|p2a: Slag Heap|Flash Cannon|p1a: Ogerpon\n|-supereffective|p1a: Ogerpon\n|-damage|p1a: Ogerpon|0 fnt\n|faint|p1a: Ogerpon\n|\n|upkeep\n|\n|t:|1699779626\n|switch|p1a: Dipplin|Dipplin, M|100\/100\n|-damage|p1a: Dipplin|88\/100|[from] Stealth Rock\n|-ability|p1a: Dipplin|Supersweet Syrup\n|-ability|p1a: Dipplin|Supersweet Syrup|boost\n|-unboost|p2a: Slag Heap|evasion|1\n|turn|15\n|\n|t:|1699779636\n|switch|p2a: Team Rocket|Celesteela|100\/100\n|move|p1a: Dipplin|Dragon Pulse|p2a: Team Rocket\n|-resisted|p2a: Team Rocket\n|-damage|p2a: Team Rocket|85\/100\n|\n|-heal|p2a: Team Rocket|92\/100|[from] item: Leftovers\n|upkeep\n|turn|16\n|\n|t:|1699779651\n|move|p1a: Dipplin|Protect|p1a: Dipplin\n|-singleturn|p1a: Dipplin|Protect\n|move|p2a: Team Rocket|Iron Head|p1a: Dipplin\n|-activate|p1a: Dipplin|move: Protect\n|\n|-heal|p2a: Team Rocket|98\/100|[from] item: Leftovers\n|upkeep\n|turn|17\n|\n|t:|1699779666\n|move|p2a: Team Rocket|Iron Head|p1a: Dipplin\n|-damage|p1a: Dipplin|70\/100\n|cant|p1a: Dipplin|flinch\n|\n|-heal|p2a: Team Rocket|100\/100|[from] item: Leftovers\n|upkeep\n|turn|18\n|\n|t:|1699779678\n|move|p2a: Team Rocket|Iron Head|p1a: Dipplin\n|-damage|p1a: Dipplin|51\/100\n|move|p1a: Dipplin|Syrup Bomb|p2a: Team Rocket\n|-resisted|p2a: Team Rocket\n|-damage|p2a: Team Rocket|97\/100\n|-start|p2a: Team Rocket|Syrup Bomb\n|\n|-heal|p2a: Team Rocket|100\/100|[from] item: Leftovers\n|-unboost|p2a: Team Rocket|spe|1\n|upkeep\n|turn|19\n|\n|t:|1699779691\n|move|p1a: Dipplin|Dragon Pulse|p2a: Team Rocket\n|-resisted|p2a: Team Rocket\n|-damage|p2a: Team Rocket|87\/100\n|move|p2a: Team Rocket|Iron Head|p1a: Dipplin\n|-damage|p1a: Dipplin|31\/100\n|\n|-heal|p2a: Team Rocket|94\/100|[from] item: Leftovers\n|-unboost|p2a: Team Rocket|spe|1\n|upkeep\n|turn|20\n|\n|t:|1699779705\n|switch|p1a: Skeledirge|Skeledirge, M|30\/100\n|-damage|p1a: Skeledirge|5\/100|[from] Stealth Rock\n|move|p2a: Team Rocket|Iron Head|p1a: Skeledirge\n|-resisted|p1a: Skeledirge\n|-damage|p1a: Skeledirge|0 fnt\n|faint|p1a: Skeledirge\n|-ability|p2a: Team Rocket|Beast Boost|boost\n|-boost|p2a: Team Rocket|def|1\n|\n|-heal|p2a: Team Rocket|99\/100|[from] item: Leftovers\n|-unboost|p2a: Team Rocket|spe|1\n|upkeep\n|-message|ArizonaMoron forfeited.\n|\n|win|steals many wives\n|raw|ArizonaMoron's rating: 1048 &rarr; <strong>1034<\/strong><br \/>(-14 for losing)\n|raw|steals many wives's rating: 1107 &rarr; <strong>1128<\/strong><br \/>(+21 for winning)\n|l|\u2606ArizonaMoron\n","uploadtime":1699779718,"views":4,"p1id":"arizonamoron","p2id":"stealsmanywives","formatid":"gen9nationaldex","rating":1034,"private":0,"password":""}