{"id":"gen9nationaldex-1995904419","p1":"KingoftheTitans","p2":"LELELEIOIOIO","format":"[Gen 9] National Dex","log":"|html|<div class=\"broadcast-blue\"><strong>[Gen 9] National Dex is currently suspecting Sneasler! For information on how to participate check out the <a href=\"https:\/\/www.smogon.com\/forums\/threads\/sv-national-dex-suspect-8-just-dance.3731534\/\">suspect thread<\/a>.<\/strong><\/div>\n|j|\u2606KingoftheTitans\n|j|\u2606LELELEIOIOIO\n|t:|1700615727\n|gametype|singles\n|player|p1|KingoftheTitans|169|1285\n|player|p2|LELELEIOIOIO|102|1381\n|teamsize|p1|6\n|teamsize|p2|6\n|gen|9\n|tier|[Gen 9] National Dex\n|rated|\n|rule|HP Percentage Mod: HP is shown in percentages\n|rule|Endless Battle Clause: Forcing endless battles is banned\n|rule|OHKO Clause: OHKO moves are banned\n|rule|Evasion Clause: Evasion abilities, items, and moves are banned\n|rule|Evasion Abilities Clause: Evasion abilities are banned\n|rule|Evasion Items Clause: Evasion items are banned\n|rule|Evasion Moves Clause: Evasion moves are banned\n|rule|Species Clause: Limit one of each Pok\u00e9mon\n|rule|Sleep Clause Mod: Limit one foe put to sleep\n|clearpoke\n|poke|p1|Skeledirge, M|\n|poke|p1|Samurott-Hisui, M|\n|poke|p1|Abomasnow, M|\n|poke|p1|Arctovish|\n|poke|p1|Exploud, M|\n|poke|p1|Excadrill, M|\n|poke|p2|Pelipper, M|\n|poke|p2|Swampert, M|\n|poke|p2|Crawdaunt, M|\n|poke|p2|Ferrothorn, M|\n|poke|p2|Hydreigon, M|\n|poke|p2|Zapdos|\n|teampreview\n|\n|t:|1700615735\n|start\n|switch|p1a: Samurott|Samurott-Hisui, M|100\/100\n|switch|p2a: Ferrothorn|Ferrothorn, M|100\/100\n|turn|1\n|\n|t:|1700615742\n|move|p1a: Samurott|Sacred Sword|p2a: Ferrothorn\n|-supereffective|p2a: Ferrothorn\n|-damage|p2a: Ferrothorn|43\/100\n|-damage|p1a: Samurott|88\/100|[from] ability: Iron Barbs|[of] p2a: Ferrothorn\n|-damage|p1a: Samurott|72\/100|[from] item: Rocky Helmet|[of] p2a: Ferrothorn\n|-damage|p1a: Samurott|62\/100|[from] item: Life Orb\n|move|p2a: Ferrothorn|Leech Seed|p1a: Samurott\n|-start|p1a: Samurott|move: Leech Seed\n|\n|-damage|p1a: Samurott|49\/100|[from] Leech Seed|[of] p2a: Ferrothorn\n|-heal|p2a: Ferrothorn|54\/100|[silent]\n|upkeep\n|turn|2\n|\n|t:|1700615761\n|switch|p1a: Exploud|Exploud, M|100\/100\n|-terastallize|p2a: Ferrothorn|Ghost\n|move|p2a: Ferrothorn|Stealth Rock|p1a: Exploud\n|-sidestart|p1: KingoftheTitans|move: Stealth Rock\n|\n|upkeep\n|turn|3\n|\n|t:|1700615768\n|switch|p2a: Pelipper|Pelipper, M|100\/100\n|-weather|RainDance|[from] ability: Drizzle|[of] p2a: Pelipper\n|move|p1a: Exploud|Boomburst|p2a: Pelipper\n|-damage|p2a: Pelipper|0 fnt\n|faint|p2a: Pelipper\n|\n|-weather|RainDance|[upkeep]\n|upkeep\n|\n|t:|1700615777\n|switch|p2a: Ferrothorn|Ferrothorn, M, tera:Ghost|54\/100\n|turn|4\n|\n|t:|1700615779\n|move|p1a: Exploud|Boomburst|p2a: Ferrothorn\n|-damage|p2a: Ferrothorn|0 fnt\n|faint|p2a: Ferrothorn\n|\n|-weather|RainDance|[upkeep]\n|upkeep\n|\n|t:|1700615788\n|switch|p2a: Swampert|Swampert, M|100\/100\n|turn|5\n|\n|t:|1700615792\n|detailschange|p2a: Swampert|Swampert-Mega, M\n|-mega|p2a: Swampert|Swampert|Swampertite\n|move|p2a: Swampert|Earthquake|p1a: Exploud\n|-damage|p1a: Exploud|32\/100\n|move|p1a: Exploud|Boomburst|p2a: Swampert\n|-damage|p2a: Swampert|18\/100\n|\n|-weather|RainDance|[upkeep]\n|upkeep\n|turn|6\n|\n|t:|1700615803\n|move|p2a: Swampert|Earthquake|p1a: Exploud\n|-damage|p1a: Exploud|0 fnt\n|faint|p1a: Exploud\n|\n|-weather|RainDance|[upkeep]\n|upkeep\n|\n|t:|1700615807\n|switch|p1a: Abomasnow|Abomasnow, M|100\/100\n|-damage|p1a: Abomasnow|76\/100|[from] Stealth Rock\n|-weather|Snow|[from] ability: Snow Warning|[of] p1a: Abomasnow\n|turn|7\n|\n|t:|1700615815\n|detailschange|p1a: Abomasnow|Abomasnow-Mega, M\n|-mega|p1a: Abomasnow|Abomasnow|Abomasite\n|move|p1a: Abomasnow|Ice Shard|p2a: Swampert\n|-damage|p2a: Swampert|1\/100\n|move|p2a: Swampert|Superpower|p1a: Abomasnow\n|-supereffective|p1a: Abomasnow\n|-damage|p1a: Abomasnow|23\/100\n|-unboost|p2a: Swampert|atk|1\n|-unboost|p2a: Swampert|def|1\n|\n|-weather|Snow|[upkeep]\n|upkeep\n|turn|8\n|\n|t:|1700615824\n|move|p1a: Abomasnow|Ice Shard|p2a: Swampert\n|-damage|p2a: Swampert|0 fnt\n|faint|p2a: Swampert\n|\n|-weather|Snow|[upkeep]\n|upkeep\n|\n|t:|1700615826\n|switch|p2a: Hydreigon|Hydreigon, M|100\/100\n|turn|9\n|\n|t:|1700615834\n|move|p2a: Hydreigon|Dark Pulse|p1a: Abomasnow\n|-damage|p1a: Abomasnow|0 fnt\n|faint|p1a: Abomasnow\n|\n|-weather|Snow|[upkeep]\n|upkeep\n|\n|t:|1700615840\n|switch|p1a: Arctovish|Arctovish|100\/100\n|-damage|p1a: Arctovish|76\/100|[from] Stealth Rock\n|turn|10\n|\n|t:|1700615847\n|switch|p2a: Crawdaunt|Crawdaunt, M|100\/100\n|move|p1a: Arctovish|Ice Fang|p2a: Crawdaunt|[miss]\n|-miss|p1a: Arctovish|p2a: Crawdaunt\n|\n|-weather|Snow|[upkeep]\n|upkeep\n|turn|11\n|\n|t:|1700615854\n|switch|p1a: Samurott|Samurott-Hisui, M|49\/100\n|-damage|p1a: Samurott|37\/100|[from] Stealth Rock\n|move|p2a: Crawdaunt|Crabhammer|p1a: Samurott|[miss]\n|-miss|p2a: Crawdaunt|p1a: Samurott\n|\n|-weather|none\n|upkeep\n|turn|12\n|\n|t:|1700615861\n|switch|p2a: Zapdos|Zapdos|100\/100\n|move|p1a: Samurott|Sacred Sword|p2a: Zapdos\n|-resisted|p2a: Zapdos\n|-damage|p2a: Zapdos|80\/100\n|-damage|p1a: Samurott|27\/100|[from] item: Life Orb\n|\n|upkeep\n|turn|13\n|\n|t:|1700615869\n|move|p1a: Samurott|Aqua Cutter|p2a: Zapdos\n|-damage|p2a: Zapdos|33\/100\n|-damage|p1a: Samurott|17\/100|[from] item: Life Orb\n|move|p2a: Zapdos|Volt Switch|p1a: Samurott\n|-supereffective|p1a: Samurott\n|-damage|p1a: Samurott|0 fnt\n|faint|p1a: Samurott\n|\n|t:|1700615875\n|switch|p2a: Hydreigon|Hydreigon, M|100\/100|[from] Volt Switch\n|\n|upkeep\n|\n|t:|1700615879\n|switch|p1a: Excadrill|Excadrill, M|100\/100\n|-damage|p1a: Excadrill|97\/100|[from] Stealth Rock\n|-ability|p1a: Excadrill|Mold Breaker\n|turn|14\n|\n|t:|1700615883\n|move|p2a: Hydreigon|U-turn|p1a: Excadrill\n|-resisted|p1a: Excadrill\n|-damage|p1a: Excadrill|87\/100\n|\n|t:|1700615886\n|switch|p2a: Crawdaunt|Crawdaunt, M|100\/100|[from] U-turn\n|move|p1a: Excadrill|Rapid Spin|p2a: Crawdaunt\n|-damage|p2a: Crawdaunt|77\/100\n|-boost|p1a: Excadrill|spe|1\n|-sideend|p1: KingoftheTitans|Stealth Rock|[from] move: Rapid Spin|[of] p1a: Excadrill\n|\n|upkeep\n|turn|15\n|\n|t:|1700615896\n|-terastallize|p1a: Excadrill|Steel\n|move|p2a: Crawdaunt|Aqua Jet|p1a: Excadrill\n|-damage|p1a: Excadrill|31\/100\n|-damage|p2a: Crawdaunt|67\/100|[from] item: Life Orb\n|move|p1a: Excadrill|Earthquake|p2a: Crawdaunt\n|-damage|p2a: Crawdaunt|0 fnt\n|faint|p2a: Crawdaunt\n|\n|upkeep\n|\n|t:|1700615902\n|switch|p2a: Zapdos|Zapdos|33\/100\n|turn|16\n|\n|t:|1700615906\n|move|p1a: Excadrill|Rock Slide|p2a: Zapdos\n|-supereffective|p2a: Zapdos\n|-damage|p2a: Zapdos|0 fnt\n|faint|p2a: Zapdos\n|\n|upkeep\n|\n|t:|1700615908\n|switch|p2a: Hydreigon|Hydreigon, M|100\/100\n|turn|17\n|\n|t:|1700615912\n|move|p2a: Hydreigon|Dark Pulse|p1a: Excadrill\n|-crit|p1a: Excadrill\n|-damage|p1a: Excadrill|0 fnt\n|faint|p1a: Excadrill\n|\n|upkeep\n|\n|t:|1700615919\n|switch|p1a: Skeledirge|Skeledirge, M|100\/100\n|turn|18\n|\n|t:|1700615922\n|move|p2a: Hydreigon|Dark Pulse|p1a: Skeledirge\n|-supereffective|p1a: Skeledirge\n|-damage|p1a: Skeledirge|0 fnt\n|faint|p1a: Skeledirge\n|\n|upkeep\n|\n|t:|1700615926\n|switch|p1a: Arctovish|Arctovish|76\/100\n|turn|19\n|\n|t:|1700615929\n|move|p2a: Hydreigon|Dark Pulse|p1a: Arctovish\n|-damage|p1a: Arctovish|28\/100\n|cant|p1a: Arctovish|flinch\n|\n|upkeep\n|turn|20\n|\n|t:|1700615933\n|move|p2a: Hydreigon|Dark Pulse|p1a: Arctovish\n|-damage|p1a: Arctovish|0 fnt\n|faint|p1a: Arctovish\n|\n|win|LELELEIOIOIO\n|raw|KingoftheTitans's rating: 1285 &rarr; <strong>1267<\/strong><br \/>(-18 for losing)\n|raw|LELELEIOIOIO's rating: 1381 &rarr; <strong>1396<\/strong><br \/>(+15 for winning)\n|l|\u2606LELELEIOIOIO\n","uploadtime":1700615938,"views":0,"p1id":"kingofthetitans","p2id":"leleleioioio","formatid":"gen9nationaldex","rating":1267,"private":0,"password":""}