{"id":"gen9nationaldex-1988156969","p1":"socoolsoda","p2":"Assault Lady","format":"[Gen 9] National Dex","log":"|j|\u2606socoolsoda\n|j|\u2606Assault Lady\n|t:|1699676936\n|gametype|singles\n|player|p1|socoolsoda|roxie|1084\n|player|p2|Assault Lady|klara|1048\n|teamsize|p1|6\n|teamsize|p2|6\n|gen|9\n|tier|[Gen 9] National Dex\n|rated|\n|rule|HP Percentage Mod: HP is shown in percentages\n|rule|Endless Battle Clause: Forcing endless battles is banned\n|rule|OHKO Clause: OHKO moves are banned\n|rule|Evasion Clause: Evasion abilities, items, and moves are banned\n|rule|Evasion Abilities Clause: Evasion abilities are banned\n|rule|Evasion Items Clause: Evasion items are banned\n|rule|Evasion Moves Clause: Evasion moves are banned\n|rule|Species Clause: Limit one of each Pok\u00e9mon\n|rule|Sleep Clause Mod: Limit one foe put to sleep\n|clearpoke\n|poke|p1|Enamorus, F|\n|poke|p1|Serperior, F|\n|poke|p1|Shuckle, M|\n|poke|p1|Bisharp, F|\n|poke|p1|Great Tusk|\n|poke|p1|Heatran, F|\n|poke|p2|Pikachu, F|\n|poke|p2|Venusaur, F|\n|poke|p2|Charizard, F|\n|poke|p2|Blastoise, F|\n|poke|p2|Espeon, F|\n|poke|p2|Snorlax, F|\n|teampreview\n|inactive|Battle timer is ON: inactive players will automatically lose when time's up. (requested by Assault Lady)\n|inactive|Assault Lady has 120 seconds left.\n|\n|t:|1699676996\n|start\n|switch|p1a: Shuckle|Shuckle, M|100\/100\n|switch|p2a: Pride|Blastoise, F|100\/100\n|turn|1\n|\n|t:|1699677010\n|move|p2a: Pride|Seismic Toss|p1a: Shuckle\n|-damage|p1a: Shuckle|59\/100\n|move|p1a: Shuckle|Stealth Rock|p2a: Pride\n|-sidestart|p2: Assault Lady|move: Stealth Rock\n|\n|upkeep\n|turn|2\n|\n|t:|1699677019\n|move|p2a: Pride|Scald|p1a: Shuckle\n|-supereffective|p1a: Shuckle\n|-damage|p1a: Shuckle|32\/100\n|move|p1a: Shuckle|Toxic|p2a: Pride\n|-status|p2a: Pride|tox\n|\n|-damage|p2a: Pride|94\/100 tox|[from] psn\n|upkeep\n|turn|3\n|\n|t:|1699677031\n|move|p2a: Pride|Rapid Spin|p1a: Shuckle\n|-resisted|p1a: Shuckle\n|-damage|p1a: Shuckle|29\/100\n|-boost|p2a: Pride|spe|1\n|-sideend|p2: Assault Lady|Stealth Rock|[from] move: Rapid Spin|[of] p2a: Pride\n|move|p1a: Shuckle|Sticky Web|p2a: Pride\n|-sidestart|p2: Assault Lady|move: Sticky Web\n|\n|-heal|p2a: Pride|100\/100 tox|[from] item: Leftovers\n|-damage|p2a: Pride|88\/100 tox|[from] psn\n|upkeep\n|turn|4\n|\n|t:|1699677040\n|move|p2a: Pride|Rapid Spin|p1a: Shuckle\n|-resisted|p1a: Shuckle\n|-damage|p1a: Shuckle|26\/100\n|-boost|p2a: Pride|spe|1\n|-sideend|p2: Assault Lady|Sticky Web|[from] move: Rapid Spin|[of] p2a: Pride\n|move|p1a: Shuckle|Stealth Rock|p2a: Pride\n|-sidestart|p2: Assault Lady|move: Stealth Rock\n|\n|-heal|p2a: Pride|94\/100 tox|[from] item: Leftovers\n|-damage|p2a: Pride|76\/100 tox|[from] psn\n|upkeep\n|turn|5\n|inactive|Assault Lady has 120 seconds left.\n|\n|t:|1699677072\n|switch|p2a: Sloth|Snorlax, F|100\/100\n|-damage|p2a: Sloth|88\/100|[from] Stealth Rock\n|move|p1a: Shuckle|Sticky Web|p2a: Sloth\n|-sidestart|p2: Assault Lady|move: Sticky Web\n|\n|-heal|p2a: Sloth|94\/100|[from] item: Leftovers\n|upkeep\n|turn|6\n|\n|t:|1699677095\n|switch|p1a: Bisharp|Bisharp, F, shiny|100\/100\n|move|p2a: Sloth|Curse|p2a: Sloth\n|-unboost|p2a: Sloth|spe|1\n|-boost|p2a: Sloth|atk|1\n|-boost|p2a: Sloth|def|1\n|\n|-heal|p2a: Sloth|100\/100|[from] item: Leftovers\n|upkeep\n|turn|7\n|\n|t:|1699677104\n|move|p1a: Bisharp|Knock Off|p2a: Sloth\n|-damage|p2a: Sloth|75\/100\n|-enditem|p2a: Sloth|Leftovers|[from] move: Knock Off|[of] p1a: Bisharp\n|move|p2a: Sloth|Curse|p2a: Sloth\n|-unboost|p2a: Sloth|spe|1\n|-boost|p2a: Sloth|atk|1\n|-boost|p2a: Sloth|def|1\n|\n|upkeep\n|turn|8\n|\n|t:|1699677120\n|-terastallize|p1a: Bisharp|Flying\n|move|p1a: Bisharp|Swords Dance|p1a: Bisharp\n|-boost|p1a: Bisharp|atk|2\n|move|p2a: Sloth|Earthquake|p1a: Bisharp\n|-immune|p1a: Bisharp\n|\n|upkeep\n|turn|9\n|\n|t:|1699677127\n|move|p1a: Bisharp|Iron Head|p2a: Sloth\n|-damage|p2a: Sloth|39\/100\n|move|p2a: Sloth|Frustration|p1a: Bisharp\n|-damage|p1a: Bisharp|38\/100\n|\n|upkeep\n|turn|10\n|inactive|Assault Lady has 120 seconds left.\n|inactive|Assault Lady has 90 seconds left.\n|inactive|Assault Lady has 60 seconds left.\n|inactive|Assault Lady has 30 seconds left.\n|inactive|Assault Lady has 20 seconds left.\n|inactive|Assault Lady has 15 seconds left.\n|inactive|Assault Lady has 10 seconds left.\n|inactive|Assault Lady has 5 seconds left.\n|-message|Assault Lady lost due to inactivity.\n|\n|win|socoolsoda\n|raw|socoolsoda's rating: 1084 &rarr; <strong>1109<\/strong><br \/>(+25 for winning)\n|raw|Assault Lady's rating: 1048 &rarr; <strong>1033<\/strong><br \/>(-15 for losing)\n|l|\u2606socoolsoda\n","uploadtime":1699677390,"views":6,"p1id":"socoolsoda","p2id":"assaultlady","formatid":"gen9nationaldex","rating":1033,"private":0,"password":""}