{"id":"gen9nationaldex-1987809201","p1":"Raplegend","p2":"soydittowhen","format":"[Gen 9] National Dex","log":"|j|\u2606Raplegend\n|j|\u2606soydittowhen\n|t:|1699638838\n|gametype|singles\n|player|p1|Raplegend|li|1166\n|player|p2|soydittowhen|1|1070\n|teamsize|p1|6\n|teamsize|p2|6\n|gen|9\n|tier|[Gen 9] National Dex\n|rated|\n|rule|HP Percentage Mod: HP is shown in percentages\n|rule|Endless Battle Clause: Forcing endless battles is banned\n|rule|OHKO Clause: OHKO moves are banned\n|rule|Evasion Clause: Evasion abilities, items, and moves are banned\n|rule|Evasion Abilities Clause: Evasion abilities are banned\n|rule|Evasion Items Clause: Evasion items are banned\n|rule|Evasion Moves Clause: Evasion moves are banned\n|rule|Species Clause: Limit one of each Pok\u00e9mon\n|rule|Sleep Clause Mod: Limit one foe put to sleep\n|clearpoke\n|poke|p1|Hatterene, F|\n|poke|p1|Slowking-Galar, M|\n|poke|p1|Enamorus-Therian, F|\n|poke|p1|Scizor, M|\n|poke|p1|Arctovish|\n|poke|p1|Blacephalon|\n|poke|p2|Charizard, F|\n|poke|p2|Great Tusk|\n|poke|p2|Lilligant-Hisui, F|\n|poke|p2|Blaziken, M|\n|poke|p2|Blacephalon|\n|poke|p2|Zoroark-Hisui, F|\n|teampreview\n|inactive|Battle timer is ON: inactive players will automatically lose when time's up. (requested by Raplegend)\n|\n|t:|1699638852\n|start\n|switch|p1a: Hatterene|Hatterene, F, shiny|100\/100\n|switch|p2a: Lilligant|Lilligant-Hisui, F, shiny|100\/100\n|turn|1\n|\n|t:|1699638859\n|move|p2a: Lilligant|Substitute|p2a: Lilligant\n|-start|p2a: Lilligant|Substitute\n|-damage|p2a: Lilligant|76\/100\n|move|p1a: Hatterene|Trick Room|p1a: Hatterene\n|-fieldstart|move: Trick Room|[of] p1a: Hatterene\n|\n|upkeep\n|turn|2\n|\n|t:|1699638868\n|move|p1a: Hatterene|Mystical Fire|p2a: Lilligant\n|-end|p2a: Lilligant|Substitute\n|move|p2a: Lilligant|Bitter Malice|p1a: Hatterene\n|-supereffective|p1a: Hatterene\n|-damage|p1a: Hatterene|1\/100\n|-unboost|p1a: Hatterene|atk|1\n|-enditem|p1a: Hatterene|Aguav Berry|[eat]\n|-heal|p1a: Hatterene|35\/100|[from] item: Aguav Berry\n|-damage|p2a: Lilligant|66\/100|[from] item: Life Orb\n|\n|upkeep\n|turn|3\n|\n|t:|1699638878\n|move|p1a: Hatterene|Mystical Fire|p2a: Lilligant\n|-damage|p2a: Lilligant|14\/100\n|-unboost|p2a: Lilligant|spa|1\n|replace|p2a: Zoroark|Zoroark-Hisui, F, shiny\n|-end|p2a: Zoroark|Illusion\n|move|p2a: Zoroark|Bitter Malice|p1a: Hatterene\n|-supereffective|p1a: Hatterene\n|-crit|p1a: Hatterene\n|-damage|p1a: Hatterene|0 fnt\n|faint|p1a: Hatterene\n|-damage|p2a: Zoroark|4\/100|[from] item: Life Orb\n|\n|upkeep\n|\n|t:|1699638882\n|switch|p1a: Arctovish|Arctovish, shiny|100\/100\n|turn|4\n|\n|t:|1699638891\n|move|p1a: Arctovish|Icicle Spear|p2a: Zoroark\n|-damage|p2a: Zoroark|0 fnt\n|faint|p2a: Zoroark\n|-hitcount|p2: Zoroark|1\n|-damage|p1a: Arctovish|91\/100|[from] item: Life Orb\n|\n|upkeep\n|\n|t:|1699638895\n|switch|p2a: Blaziken|Blaziken, M, shiny|100\/100\n|turn|5\n|\n|t:|1699638900\n|switch|p1a: Slowking|Slowking-Galar, M, shiny|100\/100\n|move|p2a: Blaziken|Substitute|p2a: Blaziken\n|-start|p2a: Blaziken|Substitute\n|-damage|p2a: Blaziken|76\/100\n|\n|-fieldend|move: Trick Room\n|-ability|p2a: Blaziken|Speed Boost|boost\n|-boost|p2a: Blaziken|spe|1\n|upkeep\n|turn|6\n|\n|t:|1699638919\n|move|p2a: Blaziken|Swagger|p1a: Slowking\n|-boost|p1a: Slowking|atk|2\n|-enditem|p2a: Blaziken|Mirror Herb\n|-boost|p2a: Blaziken|atk|2|[from] item: Mirror Herb\n|-start|p1a: Slowking|confusion\n|-activate|p1a: Slowking|confusion\n|-damage|p1a: Slowking|90\/100|[from] confusion\n|\n|-heal|p1a: Slowking|96\/100|[from] item: Leftovers\n|-ability|p2a: Blaziken|Speed Boost|boost\n|-boost|p2a: Blaziken|spe|1\n|upkeep\n|turn|7\n|inactive|soydittowhen has 120 seconds left.\n|-message|Raplegend forfeited.\n|\n|win|soydittowhen\n|raw|Raplegend's rating: 1166 &rarr; <strong>1134<\/strong><br \/>(-32 for losing)\n|raw|soydittowhen's rating: 1070 &rarr; <strong>1107<\/strong><br \/>(+37 for winning)\n|l|\u2606Raplegend\n|l|\u2606soydittowhen\n","uploadtime":1699639184,"views":8,"p1id":"raplegend","p2id":"soydittowhen","formatid":"gen9nationaldex","rating":1107,"private":0,"password":""}