{"id":"gen9nationaldex-1988855408","p1":"kitmash","p2":"wopowopo","format":"[Gen 9] National Dex","log":"|j|\u2606kitmash\n|j|\u2606wopowopo\n|t:|1699774646\n|gametype|singles\n|player|p1|kitmash|266|1456\n|player|p2|wopowopo|170|1407\n|teamsize|p1|6\n|teamsize|p2|6\n|gen|9\n|tier|[Gen 9] National Dex\n|rated|\n|rule|HP Percentage Mod: HP is shown in percentages\n|rule|Endless Battle Clause: Forcing endless battles is banned\n|rule|OHKO Clause: OHKO moves are banned\n|rule|Evasion Clause: Evasion abilities, items, and moves are banned\n|rule|Evasion Abilities Clause: Evasion abilities are banned\n|rule|Evasion Items Clause: Evasion items are banned\n|rule|Evasion Moves Clause: Evasion moves are banned\n|rule|Species Clause: Limit one of each Pok\u00e9mon\n|rule|Sleep Clause Mod: Limit one foe put to sleep\n|clearpoke\n|poke|p1|Zygarde-10%|\n|poke|p1|Munkidori, M|\n|poke|p1|Ursaluna, M|\n|poke|p1|Alomomola, F|\n|poke|p1|Dragonite, M|\n|poke|p1|Wo-Chien|\n|poke|p2|Charizard, M|\n|poke|p2|Zapdos|\n|poke|p2|Victini|\n|poke|p2|Mew|\n|poke|p2|Zamazenta-*|\n|poke|p2|Blissey, F|\n|teampreview\n|inactive|Battle timer is ON: inactive players will automatically lose when time's up. (requested by wopowopo)\n|\n|t:|1699774655\n|start\n|switch|p1a: Dragonite|Dragonite, M|100\/100\n|switch|p2a: Victini|Victini|100\/100\n|turn|1\n|\n|t:|1699774660\n|move|p2a: Victini|Final Gambit|p1a: Dragonite\n|-damage|p1a: Dragonite|0 fnt\n|faint|p2a: Victini\n|faint|p1a: Dragonite\n|\n|upkeep\n|\n|t:|1699774676\n|switch|p2a: Charizard|Charizard, M|100\/100\n|switch|p1a: Zygarde|Zygarde-10%|100\/100\n|-ability|p1a: Zygarde|Aura Break\n|turn|2\n|inactive|kitmash has 120 seconds left.\n|\n|t:|1699774703\n|detailschange|p2a: Charizard|Charizard-Mega-Y, M\n|-mega|p2a: Charizard|Charizard|Charizardite Y\n|-weather|SunnyDay|[from] ability: Drought|[of] p2a: Charizard\n|move|p1a: Zygarde|Thousand Arrows|p2a: Charizard\n|-damage|p2a: Charizard|13\/100\n|-start|p2a: Charizard|Smack Down\n|move|p2a: Charizard|Fire Blast|p1a: Zygarde\n|-resisted|p1a: Zygarde\n|-damage|p1a: Zygarde|25\/100\n|\n|-weather|SunnyDay|[upkeep]\n|upkeep\n|turn|3\n|inactive|kitmash has 120 seconds left.\n|\n|t:|1699774718\n|switch|p2a: Zamazenta|Zamazenta|100\/100\n|-ability|p2a: Zamazenta|Dauntless Shield|boost\n|-boost|p2a: Zamazenta|def|1\n|move|p1a: Zygarde|Thousand Arrows|p2a: Zamazenta\n|-damage|p2a: Zamazenta|68\/100\n|\n|-weather|SunnyDay|[upkeep]\n|-heal|p2a: Zamazenta|74\/100|[from] item: Leftovers\n|upkeep\n|turn|4\n|inactive|kitmash has 120 seconds left.\n|\n|t:|1699774730\n|switch|p1a: Munkidori|Munkidori, M|100\/100\n|move|p2a: Zamazenta|Iron Defense|p2a: Zamazenta\n|-boost|p2a: Zamazenta|def|2\n|\n|-weather|SunnyDay|[upkeep]\n|-heal|p2a: Zamazenta|80\/100|[from] item: Leftovers\n|upkeep\n|turn|5\n|\n|t:|1699774738\n|-terastallize|p1a: Munkidori|Poison\n|move|p2a: Zamazenta|Crunch|p1a: Munkidori\n|-damage|p1a: Munkidori|67\/100\n|move|p1a: Munkidori|Sludge Wave|p2a: Zamazenta\n|-damage|p2a: Zamazenta|0 fnt\n|faint|p2a: Zamazenta\n|\n|-weather|SunnyDay|[upkeep]\n|upkeep\n|\n|t:|1699774748\n|switch|p2a: Blissey|Blissey, F|100\/100\n|turn|6\n|\n|t:|1699774756\n|switch|p1a: Wo-Chien|Wo-Chien|100\/100\n|-ability|p1a: Wo-Chien|Tablets of Ruin\n|move|p2a: Blissey|Seismic Toss|p1a: Wo-Chien\n|-damage|p1a: Wo-Chien|74\/100\n|\n|-weather|none\n|upkeep\n|turn|7\n|\n|t:|1699774773\n|move|p1a: Wo-Chien|Body Press|p2a: Blissey\n|-supereffective|p2a: Blissey\n|-damage|p2a: Blissey|4\/100\n|move|p2a: Blissey|Seismic Toss|p1a: Wo-Chien\n|-damage|p1a: Wo-Chien|47\/100\n|\n|-heal|p2a: Blissey|11\/100|[from] item: Leftovers\n|upkeep\n|turn|8\n|\n|t:|1699774781\n|-terastallize|p2a: Blissey|Ghost\n|move|p1a: Wo-Chien|Leech Seed|p2a: Blissey\n|-start|p2a: Blissey|move: Leech Seed\n|move|p2a: Blissey|Soft-Boiled|p2a: Blissey\n|-heal|p2a: Blissey|61\/100\n|\n|-heal|p2a: Blissey|67\/100|[from] item: Leftovers\n|-damage|p2a: Blissey|54\/100|[from] Leech Seed|[of] p1a: Wo-Chien\n|-heal|p1a: Wo-Chien|71\/100|[silent]\n|upkeep\n|turn|9\n|\n|t:|1699774790\n|move|p1a: Wo-Chien|Leech Seed||[still]\n|-fail|p1a: Wo-Chien\n|move|p2a: Blissey|Teleport|p2a: Blissey\n|\n|t:|1699774793\n|switch|p2a: Charizard|Charizard-Mega-Y, M|13\/100|[from] Teleport\n|-weather|SunnyDay|[from] ability: Drought|[of] p2a: Charizard\n|\n|-weather|SunnyDay|[upkeep]\n|upkeep\n|turn|10\n|\n|t:|1699774802\n|switch|p1a: Ursaluna|Ursaluna, M|100\/100\n|move|p2a: Charizard|Solar Beam||[still]\n|-prepare|p2a: Charizard|Solar Beam\n|-anim|p2a: Charizard|Solar Beam|p1a: Ursaluna\n|-supereffective|p1a: Ursaluna\n|-crit|p1a: Ursaluna\n|-damage|p1a: Ursaluna|41\/100\n|\n|-weather|SunnyDay|[upkeep]\n|upkeep\n|turn|11\n|\n|t:|1699774811\n|move|p2a: Charizard|Solar Beam||[still]\n|-prepare|p2a: Charizard|Solar Beam\n|-anim|p2a: Charizard|Solar Beam|p1a: Ursaluna\n|-supereffective|p1a: Ursaluna\n|-damage|p1a: Ursaluna|3\/100\n|move|p1a: Ursaluna|Double-Edge|p2a: Charizard\n|-damage|p2a: Charizard|0 fnt\n|faint|p2a: Charizard\n|-damage|p1a: Ursaluna|0 fnt|[from] Recoil\n|faint|p1a: Ursaluna\n|\n|-weather|SunnyDay|[upkeep]\n|upkeep\n|\n|t:|1699774825\n|switch|p2a: Mew|Mew|100\/100\n|switch|p1a: Zygarde|Zygarde-10%|25\/100\n|-ability|p1a: Zygarde|Aura Break\n|turn|12\n|\n|t:|1699774839\n|switch|p1a: Alomomola|Alomomola, F|100\/100\n|move|p2a: Mew|Cosmic Power|p2a: Mew\n|-boost|p2a: Mew|def|1\n|-boost|p2a: Mew|spd|1\n|\n|-weather|SunnyDay|[upkeep]\n|upkeep\n|turn|13\n|\n|t:|1699774847\n|move|p2a: Mew|Cosmic Power|p2a: Mew\n|-boost|p2a: Mew|def|1\n|-boost|p2a: Mew|spd|1\n|move|p1a: Alomomola|Flip Turn|p2a: Mew\n|-damage|p2a: Mew|98\/100\n|\n|t:|1699774853\n|switch|p1a: Zygarde|Zygarde-10%|25\/100|[from] Flip Turn\n|-ability|p1a: Zygarde|Aura Break\n|\n|-weather|none\n|-heal|p2a: Mew|100\/100|[from] item: Leftovers\n|upkeep\n|turn|14\n|\n|t:|1699774860\n|move|p1a: Zygarde|Toxic|p2a: Mew\n|-status|p2a: Mew|tox\n|-activate|p2a: Mew|ability: Synchronize\n|-status|p1a: Zygarde|tox\n|move|p2a: Mew|Stored Power|p1a: Zygarde\n|-crit|p1a: Zygarde\n|-damage|p1a: Zygarde|0 fnt\n|faint|p1a: Zygarde\n|\n|-damage|p2a: Mew|94\/100 tox|[from] psn\n|upkeep\n|\n|t:|1699774878\n|switch|p1a: Wo-Chien|Wo-Chien|71\/100\n|-ability|p1a: Wo-Chien|Tablets of Ruin\n|turn|15\n|\n|t:|1699774887\n|move|p2a: Mew|Body Press|p1a: Wo-Chien\n|-supereffective|p1a: Wo-Chien\n|-damage|p1a: Wo-Chien|19\/100\n|move|p1a: Wo-Chien|Ruination|p2a: Mew\n|-damage|p2a: Mew|48\/100 tox\n|\n|-heal|p2a: Mew|54\/100 tox|[from] item: Leftovers\n|-damage|p2a: Mew|42\/100 tox|[from] psn\n|upkeep\n|turn|16\n|\n|t:|1699774903\n|move|p2a: Mew|Body Press|p1a: Wo-Chien\n|-supereffective|p1a: Wo-Chien\n|-damage|p1a: Wo-Chien|0 fnt\n|faint|p1a: Wo-Chien\n|\n|-heal|p2a: Mew|48\/100 tox|[from] item: Leftovers\n|-damage|p2a: Mew|29\/100 tox|[from] psn\n|upkeep\n|\n|t:|1699774911\n|switch|p1a: Munkidori|Munkidori, M, tera:Poison|67\/100\n|turn|17\n|\n|t:|1699774915\n|move|p1a: Munkidori|Venoshock|p2a: Mew\n|-damage|p2a: Mew|0 fnt\n|faint|p2a: Mew\n|\n|upkeep\n|\n|t:|1699774918\n|switch|p2a: Blissey|Blissey, F, tera:Ghost|54\/100\n|turn|18\n|\n|t:|1699774922\n|switch|p1a: Alomomola|Alomomola, F|100\/100\n|move|p2a: Blissey|Soft-Boiled|p2a: Blissey\n|-heal|p2a: Blissey|100\/100\n|\n|upkeep\n|turn|19\n|\n|t:|1699774928\n|move|p1a: Alomomola|Wish|p1a: Alomomola\n|move|p2a: Blissey|Seismic Toss|p1a: Alomomola\n|-damage|p1a: Alomomola|82\/100\n|\n|upkeep\n|turn|20\n|\n|t:|1699774934\n|move|p1a: Alomomola|Flip Turn|p2a: Blissey\n|-damage|p2a: Blissey|73\/100\n|\n|t:|1699774938\n|switch|p1a: Munkidori|Munkidori, M, tera:Poison|67\/100|[from] Flip Turn\n|move|p2a: Blissey|Teleport|p2a: Blissey\n|\n|t:|1699774944\n|switch|p2a: Zapdos|Zapdos|100\/100|[from] Teleport\n|\n|-heal|p1a: Munkidori|100\/100|[from] move: Wish|[wisher] Alomomola\n|upkeep\n|turn|21\n|\n|t:|1699774954\n|switch|p2a: Blissey|Blissey, F, tera:Ghost|73\/100\n|move|p1a: Munkidori|Sludge Wave|p2a: Blissey\n|-resisted|p2a: Blissey\n|-damage|p2a: Blissey|59\/100\n|\n|-heal|p2a: Blissey|65\/100|[from] item: Leftovers\n|upkeep\n|turn|22\n|\n|t:|1699774962\n|switch|p1a: Alomomola|Alomomola, F|100\/100\n|move|p2a: Blissey|Seismic Toss|p1a: Alomomola\n|-damage|p1a: Alomomola|82\/100\n|\n|-heal|p2a: Blissey|72\/100|[from] item: Leftovers\n|upkeep\n|turn|23\n|\n|t:|1699774969\n|move|p1a: Alomomola|Flip Turn|p2a: Blissey\n|-damage|p2a: Blissey|41\/100\n|\n|t:|1699774972\n|switch|p1a: Munkidori|Munkidori, M, tera:Poison|100\/100|[from] Flip Turn\n|move|p2a: Blissey|Seismic Toss|p1a: Munkidori\n|-damage|p1a: Munkidori|69\/100\n|\n|-heal|p2a: Blissey|47\/100|[from] item: Leftovers\n|upkeep\n|turn|24\n|\n|t:|1699774980\n|move|p1a: Munkidori|Psyshock|p2a: Blissey\n|-damage|p2a: Blissey|0 fnt\n|faint|p2a: Blissey\n|\n|upkeep\n|-message|wopowopo forfeited.\n|\n|win|kitmash\n|raw|kitmash's rating: 1456 &rarr; <strong>1473<\/strong><br \/>(+17 for winning)\n|raw|wopowopo's rating: 1407 &rarr; <strong>1390<\/strong><br \/>(-17 for losing)\n|l|\u2606wopowopo\n","uploadtime":1699775008,"views":7,"p1id":"kitmash","p2id":"wopowopo","formatid":"gen9nationaldex","rating":1390,"private":0,"password":""}