{"id":"gen9nationaldex-1990125465","p1":"Kuzwa","p2":"shuijun1\u82cd\u708e\u5203\u9b3c\u4fa0","format":"[Gen 9] National Dex","log":"|j|\u2606Kuzwa\n|j|\u2606shuijun1\u82cd\u708e\u5203\u9b3c\u4fa0\n|t:|1699927277\n|gametype|singles\n|player|p1|Kuzwa|parasollady|1234\n|player|p2|shuijun1\u82cd\u708e\u5203\u9b3c\u4fa0|iono|1294\n|teamsize|p1|6\n|teamsize|p2|6\n|gen|9\n|tier|[Gen 9] National Dex\n|rated|\n|rule|HP Percentage Mod: HP is shown in percentages\n|rule|Endless Battle Clause: Forcing endless battles is banned\n|rule|OHKO Clause: OHKO moves are banned\n|rule|Evasion Clause: Evasion abilities, items, and moves are banned\n|rule|Evasion Abilities Clause: Evasion abilities are banned\n|rule|Evasion Items Clause: Evasion items are banned\n|rule|Evasion Moves Clause: Evasion moves are banned\n|rule|Species Clause: Limit one of each Pok\u00e9mon\n|rule|Sleep Clause Mod: Limit one foe put to sleep\n|clearpoke\n|poke|p1|Gallade, M|\n|poke|p1|Kartana|\n|poke|p1|Weavile, M|\n|poke|p1|Ogerpon-Wellspring, F|\n|poke|p1|Zeraora|\n|poke|p1|Glimmora, M|\n|poke|p2|Alomomola, M|\n|poke|p2|Slowking-Galar, M|\n|poke|p2|Gliscor, M|\n|poke|p2|Dragonite, M|\n|poke|p2|Samurott-Hisui, F|\n|poke|p2|Zygarde-10%|\n|teampreview\n|\n|t:|1699927304\n|start\n|switch|p1a: thing|Glimmora, M|100\/100\n|switch|p2a: Zygarde|Zygarde-10%|100\/100\n|-ability|p2a: Zygarde|Aura Break\n|-item|p1a: thing|Air Balloon\n|turn|1\n|\n|t:|1699927310\n|move|p2a: Zygarde|Thousand Arrows|p1a: thing\n|-supereffective|p1a: thing\n|-damage|p1a: thing|0 fnt\n|-activate|p1a: thing|ability: Toxic Debris\n|-sidestart|p2: shuijun1\u82cd\u708e\u5203\u9b3c\u4fa0|move: Toxic Spikes\n|-enditem|p1a: thing|Air Balloon\n|faint|p1a: thing\n|-damage|p2a: Zygarde|91\/100|[from] item: Life Orb\n|\n|upkeep\n|\n|t:|1699927315\n|switch|p1a: Junpei Iori|Weavile, M, shiny|100\/100\n|turn|2\n|\n|t:|1699927324\n|-terastallize|p2a: Zygarde|Normal\n|move|p1a: Junpei Iori|Ice Spinner|p2a: Zygarde\n|-damage|p2a: Zygarde|25\/100\n|move|p2a: Zygarde|Glare|p1a: Junpei Iori\n|-status|p1a: Junpei Iori|par\n|\n|upkeep\n|turn|3\n|\n|t:|1699927337\n|move|p2a: Zygarde|Extreme Speed|p1a: Junpei Iori\n|-damage|p1a: Junpei Iori|17\/100 par\n|-damage|p2a: Zygarde|16\/100|[from] item: Life Orb\n|move|p1a: Junpei Iori|Throat Chop|p2a: Zygarde\n|-damage|p2a: Zygarde|0 fnt\n|faint|p2a: Zygarde\n|\n|upkeep\n|\n|t:|1699927351\n|switch|p2a: Dragonite|Dragonite, M|100\/100\n|turn|4\n|\n|t:|1699927362\n|move|p2a: Dragonite|Outrage|p1a: Junpei Iori\n|-damage|p1a: Junpei Iori|0 fnt\n|faint|p1a: Junpei Iori\n|\n|upkeep\n|\n|t:|1699927367\n|switch|p1a: Ken Amada|Zeraora|100\/100\n|turn|5\n|\n|t:|1699927379\n|move|p1a: Ken Amada|Fake Out|p2a: Dragonite\n|-damage|p2a: Dragonite|94\/100\n|cant|p2a: Dragonite|flinch\n|\n|upkeep\n|turn|6\n|\n|t:|1699927385\n|switch|p2a: Slowking|Slowking-Galar, M|100\/100\n|-sideend|p2: shuijun1\u82cd\u708e\u5203\u9b3c\u4fa0|move: Toxic Spikes|[of] p2a: Slowking\n|move|p1a: Ken Amada|Bulk Up|p1a: Ken Amada\n|-boost|p1a: Ken Amada|atk|1\n|-boost|p1a: Ken Amada|def|1\n|\n|upkeep\n|turn|7\n|\n|t:|1699927389\n|move|p1a: Ken Amada|Plasma Fists|p2a: Slowking\n|-damage|p2a: Slowking|40\/100\n|-fieldactivate|move: Ion Deluge\n|-hint|Normal-type moves become Electric-type after using Plasma Fists.\n|-zpower|p2a: Slowking\n|move|p2a: Slowking|Shattered Psyche|p1a: Ken Amada|[zeffect]\n|-damage|p1a: Ken Amada|5\/100\n|\n|upkeep\n|turn|8\n|\n|t:|1699927401\n|switch|p2a: Alomomola|Alomomola, M|100\/100\n|move|p1a: Ken Amada|Drain Punch|p2a: Alomomola\n|-damage|p2a: Alomomola|81\/100\n|-heal|p1a: Ken Amada|21\/100|[from] drain|[of] p2a: Alomomola\n|-damage|p1a: Ken Amada|5\/100|[from] item: Rocky Helmet|[of] p2a: Alomomola\n|\n|upkeep\n|turn|9\n|\n|t:|1699927408\n|switch|p2a: Gliscor|Gliscor, M|100\/100\n|move|p1a: Ken Amada|Plasma Fists|p2a: Gliscor\n|-immune|p2a: Gliscor\n|\n|-status|p2a: Gliscor|tox|[from] item: Toxic Orb\n|upkeep\n|turn|10\n|\n|t:|1699927417\n|switch|p1a: Makoto Yuki|Kartana, shiny|100\/100\n|move|p2a: Gliscor|Dual Wingbeat|p1a: Makoto Yuki\n|-damage|p1a: Makoto Yuki|88\/100\n|-damage|p1a: Makoto Yuki|74\/100\n|-hitcount|p1a: Makoto Yuki|2\n|\n|upkeep\n|turn|11\n|\n|t:|1699927424\n|move|p1a: Makoto Yuki|Leaf Blade|p2a: Gliscor\n|-crit|p2a: Gliscor\n|-damage|p2a: Gliscor|33\/100 tox\n|move|p2a: Gliscor|U-turn|p1a: Makoto Yuki\n|-damage|p1a: Makoto Yuki|57\/100\n|\n|t:|1699927431\n|switch|p2a: Slowking|Slowking-Galar, M|74\/100|[from] U-turn\n|\n|upkeep\n|turn|12\n|\n|t:|1699927434\n|move|p1a: Makoto Yuki|Swords Dance|p1a: Makoto Yuki\n|-boost|p1a: Makoto Yuki|atk|2\n|move|p2a: Slowking|Fire Blast|p1a: Makoto Yuki\n|-supereffective|p1a: Makoto Yuki\n|-damage|p1a: Makoto Yuki|0 fnt\n|faint|p1a: Makoto Yuki\n|\n|upkeep\n|\n|t:|1699927440\n|switch|p1a: Aigis|Ogerpon-Wellspring, F|100\/100\n|turn|13\n|\n|t:|1699927453\n|switch|p2a: Gliscor|Gliscor, M|33\/100 tox\n|move|p1a: Aigis|Swords Dance|p1a: Aigis\n|-boost|p1a: Aigis|atk|2\n|\n|-heal|p2a: Gliscor|45\/100 tox|[from] ability: Poison Heal\n|upkeep\n|turn|14\n|\n|t:|1699927458\n|move|p1a: Aigis|Ivy Cudgel|p2a: Gliscor\n|-supereffective|p2a: Gliscor\n|-damage|p2a: Gliscor|0 fnt\n|faint|p2a: Gliscor\n|\n|upkeep\n|\n|t:|1699927471\n|switch|p2a: Samurott|Samurott-Hisui, F|100\/100\n|turn|15\n|\n|t:|1699927473\n|move|p1a: Aigis|Horn Leech|p2a: Samurott\n|-supereffective|p2a: Samurott\n|-damage|p2a: Samurott|0 fnt\n|faint|p2a: Samurott\n|\n|upkeep\n|\n|t:|1699927476\n|switch|p2a: Slowking|Slowking-Galar, M|100\/100\n|turn|16\n|\n|t:|1699927480\n|-terastallize|p1a: Aigis|Water\n|detailschange|p1a: Aigis|Ogerpon-Wellspring-Tera, F, tera:Water\n|-ability|p1a: Aigis|Embody Aspect (Wellspring)|boost\n|-boost|p1a: Aigis|spd|1\n|move|p1a: Aigis|Swords Dance|p1a: Aigis\n|-boost|p1a: Aigis|atk|2\n|move|p2a: Slowking|Sludge Bomb|p1a: Aigis\n|-damage|p1a: Aigis|73\/100\n|\n|upkeep\n|turn|17\n|\n|t:|1699927489\n|move|p1a: Aigis|Ivy Cudgel|p2a: Slowking\n|-damage|p2a: Slowking|0 fnt\n|faint|p2a: Slowking\n|\n|upkeep\n|\n|t:|1699927493\n|switch|p2a: Dragonite|Dragonite, M|94\/100\n|turn|18\n|\n|t:|1699927495\n|move|p2a: Dragonite|Extreme Speed|p1a: Aigis\n|-damage|p1a: Aigis|13\/100\n|move|p1a: Aigis|Ivy Cudgel|p2a: Dragonite\n|-resisted|p2a: Dragonite\n|-damage|p2a: Dragonite|0 fnt\n|faint|p2a: Dragonite\n|\n|upkeep\n|-message|shuijun1\u82cd\u708e\u5203\u9b3c\u4fa0 forfeited.\n|\n|win|Kuzwa\n|raw|Kuzwa's rating: 1234 &rarr; <strong>1263<\/strong><br \/>(+29 for winning)\n|raw|shuijun1\u82cd\u708e\u5203\u9b3c\u4fa0's rating: 1294 &rarr; <strong>1265<\/strong><br \/>(-29 for losing)\n|l|\u2606shuijun1\u82cd\u708e\u5203\u9b3c\u4fa0\n","uploadtime":1699927505,"views":7,"p1id":"kuzwa","p2id":"shuijun1","formatid":"gen9nationaldex","rating":1263,"private":0,"password":""}