{"id":"gen9nationaldex-1989210715","p1":"QueenOfTheFreaks","p2":"Serpinex","format":"[Gen 9] National Dex","log":"|j|\u2606QueenOfTheFreaks\n|j|\u2606Serpinex\n|t:|1699823814\n|gametype|singles\n|player|p1|QueenOfTheFreaks|acerola|1178\n|player|p2|Serpinex|veteran|1170\n|teamsize|p1|6\n|teamsize|p2|6\n|gen|9\n|tier|[Gen 9] National Dex\n|rated|\n|rule|HP Percentage Mod: HP is shown in percentages\n|rule|Endless Battle Clause: Forcing endless battles is banned\n|rule|OHKO Clause: OHKO moves are banned\n|rule|Evasion Clause: Evasion abilities, items, and moves are banned\n|rule|Evasion Abilities Clause: Evasion abilities are banned\n|rule|Evasion Items Clause: Evasion items are banned\n|rule|Evasion Moves Clause: Evasion moves are banned\n|rule|Species Clause: Limit one of each Pok\u00e9mon\n|rule|Sleep Clause Mod: Limit one foe put to sleep\n|clearpoke\n|poke|p1|Gliscor, F|\n|poke|p1|Ferrothorn, F|\n|poke|p1|Iron Valiant|\n|poke|p1|Chandelure, F|\n|poke|p1|Rotom-Wash|\n|poke|p1|Scizor, F|\n|poke|p2|Serperior, F|\n|poke|p2|Dragonite, F|\n|poke|p2|Volcarona, F|\n|poke|p2|Beedrill, F|\n|poke|p2|Gliscor, M|\n|poke|p2|Toxapex, M|\n|teampreview\n|c|\u2606QueenOfTheFreaks|Good luck have fun!~\n|\n|t:|1699823827\n|start\n|switch|p1a: Ferrothorn|Ferrothorn, F|100\/100\n|switch|p2a: Serperior|Serperior, F|100\/100\n|turn|1\n|c|\u2606Serpinex|Same to you!\n|c|\u2606Serpinex|This team is my first team and I've been doing well with it.\n|\n|t:|1699823851\n|switch|p1a: Chandelure|Chandelure, F|100\/100\n|-terastallize|p2a: Serperior|Grass\n|move|p2a: Serperior|Leaf Storm|p1a: Chandelure|[miss]\n|-miss|p2a: Serperior|p1a: Chandelure\n|\n|upkeep\n|turn|2\n|\n|t:|1699823860\n|move|p2a: Serperior|Leaf Storm|p1a: Chandelure\n|-resisted|p1a: Chandelure\n|-damage|p1a: Chandelure|60\/100\n|-boost|p2a: Serperior|spa|2\n|move|p1a: Chandelure|Fire Blast|p2a: Serperior\n|-supereffective|p2a: Serperior\n|-damage|p2a: Serperior|0 fnt\n|faint|p2a: Serperior\n|\n|upkeep\n|\n|t:|1699823869\n|switch|p2a: Dragonite|Dragonite, F|100\/100\n|turn|3\n|\n|t:|1699823877\n|switch|p1a: Ferrothorn|Ferrothorn, F|100\/100\n|move|p2a: Dragonite|Dragon Dance|p2a: Dragonite\n|-boost|p2a: Dragonite|atk|1\n|-boost|p2a: Dragonite|spe|1\n|\n|upkeep\n|turn|4\n|\n|t:|1699823885\n|move|p2a: Dragonite|Fire Punch|p1a: Ferrothorn\n|-supereffective|p1a: Ferrothorn\n|-damage|p1a: Ferrothorn|12\/100\n|-damage|p2a: Dragonite|88\/100|[from] ability: Iron Barbs|[of] p1a: Ferrothorn\n|move|p1a: Ferrothorn|Leech Seed|p2a: Dragonite\n|-start|p2a: Dragonite|move: Leech Seed\n|\n|-heal|p1a: Ferrothorn|18\/100|[from] item: Leftovers\n|-damage|p2a: Dragonite|76\/100|[from] Leech Seed|[of] p1a: Ferrothorn\n|-heal|p1a: Ferrothorn|29\/100|[silent]\n|upkeep\n|turn|5\n|\n|t:|1699823898\n|switch|p1a: Rotom|Rotom-Wash|100\/100\n|move|p2a: Dragonite|Dragon Dance|p2a: Dragonite\n|-boost|p2a: Dragonite|atk|1\n|-boost|p2a: Dragonite|spe|1\n|\n|-damage|p2a: Dragonite|63\/100|[from] Leech Seed|[of] p1a: Rotom\n|upkeep\n|turn|6\n|\n|t:|1699823905\n|move|p2a: Dragonite|Dragon Claw|p1a: Rotom\n|-damage|p1a: Rotom|38\/100\n|move|p1a: Rotom|Will-O-Wisp|p2a: Dragonite\n|-status|p2a: Dragonite|brn\n|\n|-heal|p1a: Rotom|44\/100|[from] item: Leftovers\n|-damage|p2a: Dragonite|51\/100 brn|[from] Leech Seed|[of] p1a: Rotom\n|-heal|p1a: Rotom|57\/100|[silent]\n|-damage|p2a: Dragonite|45\/100 brn|[from] brn\n|upkeep\n|turn|7\n|\n|t:|1699823915\n|move|p2a: Dragonite|Dragon Claw|p1a: Rotom\n|-damage|p1a: Rotom|25\/100\n|move|p1a: Rotom|Volt Switch|p2a: Dragonite\n|-damage|p2a: Dragonite|25\/100 brn\n|\n|t:|1699823923\n|switch|p1a: Gliscor|Gliscor, F|100\/100|[from] Volt Switch\n|\n|-damage|p2a: Dragonite|13\/100 brn|[from] Leech Seed|[of] p1a: Gliscor\n|-damage|p2a: Dragonite|7\/100 brn|[from] brn\n|-status|p1a: Gliscor|tox|[from] item: Toxic Orb\n|upkeep\n|turn|8\n|c|\u2606Serpinex|Wow, quite the cool team you have\n|\n|t:|1699823937\n|move|p2a: Dragonite|Ice Punch|p1a: Gliscor\n|-supereffective|p1a: Gliscor\n|-damage|p1a: Gliscor|5\/100 tox\n|move|p1a: Gliscor|Swords Dance|p1a: Gliscor\n|-boost|p1a: Gliscor|atk|2\n|\n|-damage|p2a: Dragonite|0 fnt|[from] Leech Seed|[of] p1a: Gliscor\n|-heal|p1a: Gliscor|11\/100 tox|[silent]\n|faint|p2a: Dragonite\n|-heal|p1a: Gliscor|23\/100 tox|[from] ability: Poison Heal\n|upkeep\n|c|\u2606QueenOfTheFreaks|Thank you, you too!\n|\n|t:|1699823948\n|switch|p2a: Volcarona|Volcarona, F|100\/100\n|turn|9\n|c|\u2606QueenOfTheFreaks|Your sets are throwing me for a loop ngl LOL\n|c|\u2606Serpinex|Lol\n|\n|t:|1699823983\n|move|p2a: Volcarona|Fiery Dance|p1a: Gliscor\n|-damage|p1a: Gliscor|0 fnt\n|-boost|p2a: Volcarona|spa|1\n|faint|p1a: Gliscor\n|\n|upkeep\n|\n|t:|1699823997\n|switch|p1a: Chandelure|Chandelure, F|60\/100\n|turn|10\n|\n|t:|1699824007\n|-terastallize|p1a: Chandelure|Ghost\n|move|p1a: Chandelure|Shadow Ball|p2a: Volcarona\n|-damage|p2a: Volcarona|56\/100\n|-unboost|p2a: Volcarona|spd|1\n|move|p2a: Volcarona|Psychic|p1a: Chandelure\n|-damage|p1a: Chandelure|0 fnt\n|faint|p1a: Chandelure\n|\n|upkeep\n|\n|t:|1699824032\n|switch|p1a: Iron Valiant|Iron Valiant|100\/100\n|-enditem|p1a: Iron Valiant|Booster Energy\n|-activate|p1a: Iron Valiant|ability: Quark Drive|[fromitem]\n|-start|p1a: Iron Valiant|quarkdrivespe\n|turn|11\n|c|\u2606Serpinex|Wow\n|c|\u2606Serpinex|OP\n|\n|t:|1699824048\n|move|p1a: Iron Valiant|Thunderbolt|p2a: Volcarona\n|-damage|p2a: Volcarona|27\/100\n|move|p2a: Volcarona|Fiery Dance|p1a: Iron Valiant\n|-damage|p1a: Iron Valiant|0 fnt\n|-boost|p2a: Volcarona|spa|1\n|faint|p1a: Iron Valiant\n|-end|p1a: Iron Valiant|Quark Drive|[silent]\n|\n|upkeep\n|c|\u2606Serpinex|Oh\n|\n|t:|1699824062\n|switch|p1a: Rotom|Rotom-Wash|25\/100\n|turn|12\n|\n|t:|1699824071\n|move|p2a: Volcarona|Air Slash|p1a: Rotom\n|-resisted|p1a: Rotom\n|-damage|p1a: Rotom|0 fnt\n|faint|p1a: Rotom\n|\n|upkeep\n|c|\u2606QueenOfTheFreaks|Yeah your volc is a bit scary lol\n|c|\u2606Serpinex|Wow, ok\n|c|\u2606Serpinex|I think I win\n|\n|t:|1699824088\n|switch|p1a: Scizor|Scizor, F|100\/100\n|turn|13\n|c|\u2606Serpinex|Cause both your last mons are 4x weak to fire.\n|\n|t:|1699824103\n|detailschange|p1a: Scizor|Scizor-Mega, F\n|-mega|p1a: Scizor|Scizor|Scizorite\n|move|p1a: Scizor|Bullet Punch|p2a: Volcarona\n|-resisted|p2a: Volcarona\n|-damage|p2a: Volcarona|0 fnt\n|faint|p2a: Volcarona\n|\n|upkeep\n|c|\u2606Serpinex|oh i forgot about technician stab\n|c|\u2606QueenOfTheFreaks|Yeah lol\n|\n|t:|1699824125\n|switch|p2a: Beedrill|Beedrill, F|100\/100\n|turn|14\n|\n|t:|1699824146\n|detailschange|p2a: Beedrill|Beedrill-Mega, F\n|-mega|p2a: Beedrill|Beedrill|Beedrillite\n|move|p2a: Beedrill|Poison Jab|p1a: Scizor\n|-immune|p1a: Scizor\n|move|p1a: Scizor|Dual Wingbeat|p2a: Beedrill\n|-supereffective|p2a: Beedrill\n|-damage|p2a: Beedrill|0 fnt\n|faint|p2a: Beedrill\n|-hitcount|p2: Beedrill|1\n|\n|upkeep\n|c|\u2606Serpinex|Oh i'm so stupid\n|\n|t:|1699824160\n|switch|p2a: Gliscor|Gliscor, M|100\/100\n|turn|15\n|\n|t:|1699824170\n|move|p2a: Gliscor|Earthquake|p1a: Scizor\n|-damage|p1a: Scizor|67\/100\n|move|p1a: Scizor|Swords Dance|p1a: Scizor\n|-boost|p1a: Scizor|atk|2\n|\n|-status|p2a: Gliscor|tox|[from] item: Toxic Orb\n|upkeep\n|turn|16\n|c|\u2606Serpinex|I'm definitely losing npw\n|\n|t:|1699824190\n|move|p2a: Gliscor|Crabhammer|p1a: Scizor\n|-crit|p1a: Scizor\n|-damage|p1a: Scizor|36\/100\n|move|p1a: Scizor|Swords Dance|p1a: Scizor\n|-boost|p1a: Scizor|atk|2\n|\n|upkeep\n|turn|17\n|c|\u2606QueenOfTheFreaks|You never know\n|\n|t:|1699824205\n|move|p1a: Scizor|Bullet Punch|p2a: Gliscor\n|-damage|p2a: Gliscor|11\/100 tox\n|move|p2a: Gliscor|Earthquake|p1a: Scizor\n|-damage|p1a: Scizor|6\/100\n|\n|-heal|p2a: Gliscor|24\/100 tox|[from] ability: Poison Heal\n|upkeep\n|turn|18\n|c|\u2606Serpinex|See\n|c|\u2606QueenOfTheFreaks|I still have a toxapex to deal with though\n|\n|t:|1699824236\n|move|p1a: Scizor|Bullet Punch|p2a: Gliscor\n|-damage|p2a: Gliscor|0 fnt\n|faint|p2a: Gliscor\n|\n|upkeep\n|\n|t:|1699824240\n|switch|p2a: Toxapex|Toxapex, M|100\/100\n|turn|19\n|c|\u2606QueenOfTheFreaks|And it might become a stall fest\n|c|\u2606Serpinex|Oh, its not\n|c|\u2606Serpinex|Its assault vested, and mainly built for bulk\n|\n|t:|1699824266\n|move|p1a: Scizor|Dual Wingbeat|p2a: Toxapex\n|-damage|p2a: Toxapex|39\/100\n|-damage|p2a: Toxapex|0 fnt\n|faint|p2a: Toxapex\n|-hitcount|p2: Toxapex|2\n|\n|win|QueenOfTheFreaks\n|raw|QueenOfTheFreaks's rating: 1178 &rarr; <strong>1202<\/strong><br \/>(+24 for winning)\n|raw|Serpinex's rating: 1170 &rarr; <strong>1146<\/strong><br \/>(-24 for losing)\n|c|\u2606QueenOfTheFreaks|Aaahhh okok\n|c|\u2606Serpinex|See\n|c|\u2606Serpinex|GG\n|c|\u2606QueenOfTheFreaks|Good game though!\n","uploadtime":1699824278,"views":6,"p1id":"queenofthefreaks","p2id":"serpinex","formatid":"gen9nationaldex","rating":1146,"private":0,"password":""}