{"id":"gen9nationaldex-1989131442","p1":"Pepppig90","p2":"kmrandy","format":"[Gen 9] National Dex","log":"|j|\u2606Pepppig90\n|j|\u2606kmrandy\n|t:|1699815590\n|gametype|singles\n|player|p1|Pepppig90|1|1038\n|player|p2|kmrandy|hilbert|1121\n|teamsize|p1|6\n|teamsize|p2|6\n|gen|9\n|tier|[Gen 9] National Dex\n|rated|\n|rule|HP Percentage Mod: HP is shown in percentages\n|rule|Endless Battle Clause: Forcing endless battles is banned\n|rule|OHKO Clause: OHKO moves are banned\n|rule|Evasion Clause: Evasion abilities, items, and moves are banned\n|rule|Evasion Abilities Clause: Evasion abilities are banned\n|rule|Evasion Items Clause: Evasion items are banned\n|rule|Evasion Moves Clause: Evasion moves are banned\n|rule|Species Clause: Limit one of each Pok\u00e9mon\n|rule|Sleep Clause Mod: Limit one foe put to sleep\n|clearpoke\n|poke|p1|Gardevoir, F|\n|poke|p1|Garchomp, M|\n|poke|p1|Sceptile, M|\n|poke|p1|Haxorus, F|\n|poke|p1|Glaceon, F|\n|poke|p1|Lopunny, F|\n|poke|p2|Obstagoon, M|\n|poke|p2|Skeledirge, M|\n|poke|p2|Empoleon, M|\n|poke|p2|Klefki, M|\n|poke|p2|Galvantula, M|\n|poke|p2|Latios, M|\n|teampreview\n|c|\u2606kmrandy|hello\n|c|\u2606kmrandy|glhf\n|\n|t:|1699815595\n|start\n|switch|p1a: Sceptile|Sceptile, M, shiny|100\/100\n|switch|p2a: Greg|Galvantula, M|100\/100\n|turn|1\n|\n|t:|1699815605\n|move|p2a: Greg|Sticky Web|p1a: Sceptile\n|-sidestart|p1: Pepppig90|move: Sticky Web\n|move|p1a: Sceptile|Dragon Claw|p2a: Greg\n|-damage|p2a: Greg|56\/100\n|\n|upkeep\n|turn|2\n|\n|t:|1699815610\n|move|p2a: Greg|Bug Buzz|p1a: Sceptile\n|-supereffective|p1a: Sceptile\n|-damage|p1a: Sceptile|0 fnt\n|faint|p1a: Sceptile\n|\n|upkeep\n|\n|t:|1699815617\n|switch|p1a: Garchomp|Garchomp, M|100\/100\n|-activate|p1a: Garchomp|move: Sticky Web\n|-unboost|p1a: Garchomp|spe|1\n|turn|3\n|\n|t:|1699815622\n|switch|p2a: Blue|Latios, M|100\/100\n|move|p1a: Garchomp|Earthquake|p2a: Blue\n|-immune|p2a: Blue|[from] ability: Levitate\n|\n|upkeep\n|turn|4\n|\n|t:|1699815629\n|detailschange|p2a: Blue|Latios-Mega, M\n|-mega|p2a: Blue|Latios|Latiosite\n|move|p2a: Blue|Ice Beam|p1a: Garchomp\n|-supereffective|p1a: Garchomp\n|-damage|p1a: Garchomp|0 fnt\n|faint|p1a: Garchomp\n|\n|upkeep\n|\n|t:|1699815636\n|switch|p1a: Glaceon|Glaceon, F, shiny|100\/100\n|-activate|p1a: Glaceon|move: Sticky Web\n|-unboost|p1a: Glaceon|spe|1\n|turn|5\n|\n|t:|1699815645\n|switch|p2a: Fuleco|Skeledirge, M|100\/100\n|move|p1a: Glaceon|Ice Fang|p2a: Fuleco\n|-resisted|p2a: Fuleco\n|-damage|p2a: Fuleco|93\/100\n|\n|upkeep\n|turn|6\n|\n|t:|1699815658\n|move|p2a: Fuleco|Torch Song|p1a: Glaceon\n|-supereffective|p1a: Glaceon\n|-damage|p1a: Glaceon|16\/100\n|-boost|p2a: Fuleco|spa|1\n|move|p1a: Glaceon|Freeze-Dry|p2a: Fuleco\n|-resisted|p2a: Fuleco\n|-damage|p2a: Fuleco|75\/100\n|\n|upkeep\n|turn|7\n|\n|t:|1699815668\n|move|p2a: Fuleco|Torch Song|p1a: Glaceon\n|-supereffective|p1a: Glaceon\n|-damage|p1a: Glaceon|0 fnt\n|-boost|p2a: Fuleco|spa|1\n|faint|p1a: Glaceon\n|\n|upkeep\n|\n|t:|1699815674\n|switch|p1a: Haxorus|Haxorus, F, shiny|100\/100\n|-activate|p1a: Haxorus|move: Sticky Web\n|-unboost|p1a: Haxorus|spe|1\n|-ability|p1a: Haxorus|Mold Breaker\n|turn|8\n|\n|t:|1699815686\n|switch|p2a: Greg|Galvantula, M|56\/100\n|move|p1a: Haxorus|Earthquake|p2a: Greg\n|-damage|p2a: Greg|0 fnt\n|faint|p2a: Greg\n|\n|upkeep\n|\n|t:|1699815692\n|switch|p2a: Blue|Latios-Mega, M|100\/100\n|turn|9\n|\n|t:|1699815697\n|move|p1a: Haxorus|First Impression||[still]\n|-hint|First Impression only works on your first turn out.\n|-fail|p1a: Haxorus\n|move|p2a: Blue|Ice Beam|p1a: Haxorus\n|-supereffective|p1a: Haxorus\n|-damage|p1a: Haxorus|0 fnt\n|faint|p1a: Haxorus\n|\n|upkeep\n|\n|t:|1699815706\n|switch|p1a: Gardevoir|Gardevoir, F, shiny|100\/100\n|-activate|p1a: Gardevoir|move: Sticky Web\n|-unboost|p1a: Gardevoir|spe|1\n|turn|10\n|\n|t:|1699815716\n|detailschange|p1a: Gardevoir|Gardevoir-Mega, F, shiny\n|-mega|p1a: Gardevoir|Gardevoir|Gardevoirite\n|move|p2a: Blue|Psychic|p1a: Gardevoir\n|-resisted|p1a: Gardevoir\n|-damage|p1a: Gardevoir|73\/100\n|move|p1a: Gardevoir|Ice Punch|p2a: Blue\n|-supereffective|p2a: Blue\n|-damage|p2a: Blue|64\/100\n|-status|p2a: Blue|frz\n|\n|upkeep\n|turn|11\n|c|\u2606kmrandy|whooooooa\n|\n|t:|1699815728\n|cant|p2a: Blue|frz\n|move|p1a: Gardevoir|Mystical Fire|p2a: Blue\n|-resisted|p2a: Blue\n|-damage|p2a: Blue|48\/100 frz\n|-unboost|p2a: Blue|spa|1\n|-curestatus|p2a: Blue|frz|[msg]\n|\n|upkeep\n|turn|12\n|\n|t:|1699815738\n|switch|p2a: Fuleco|Skeledirge, M|75\/100\n|move|p1a: Gardevoir|Dazzling Gleam|p2a: Fuleco\n|-resisted|p2a: Fuleco\n|-damage|p2a: Fuleco|47\/100\n|\n|upkeep\n|turn|13\n|\n|t:|1699815746\n|-terastallize|p2a: Fuleco|Steel\n|move|p1a: Gardevoir|Psychic|p2a: Fuleco\n|-resisted|p2a: Fuleco\n|-damage|p2a: Fuleco|20\/100\n|-unboost|p2a: Fuleco|spd|1\n|move|p2a: Fuleco|Slack Off|p2a: Fuleco\n|-heal|p2a: Fuleco|70\/100\n|\n|upkeep\n|turn|14\n|\n|t:|1699815756\n|move|p1a: Gardevoir|Mystical Fire|p2a: Fuleco\n|-supereffective|p2a: Fuleco\n|-damage|p2a: Fuleco|0 fnt\n|faint|p2a: Fuleco\n|\n|upkeep\n|\n|t:|1699815762\n|switch|p2a: Zang|Obstagoon, M|100\/100\n|turn|15\n|\n|t:|1699815768\n|move|p2a: Zang|Facade|p1a: Gardevoir\n|-damage|p1a: Gardevoir|19\/100\n|move|p1a: Gardevoir|Dazzling Gleam|p2a: Zang\n|-supereffective|p2a: Zang\n|-damage|p2a: Zang|0 fnt\n|faint|p2a: Zang\n|\n|upkeep\n|\n|t:|1699815775\n|switch|p2a: Meteor|Empoleon, M|100\/100\n|turn|16\n|\n|t:|1699815781\n|move|p1a: Gardevoir|Psychic|p2a: Meteor\n|-resisted|p2a: Meteor\n|-damage|p2a: Meteor|83\/100\n|move|p2a: Meteor|Flip Turn|p1a: Gardevoir\n|-damage|p1a: Gardevoir|0 fnt\n|faint|p1a: Gardevoir\n|\n|t:|1699815788\n|switch|p2a: Blue|Latios-Mega, M|48\/100|[from] Flip Turn\n|\n|upkeep\n|\n|t:|1699815792\n|switch|p1a: Lopunny|Lopunny, F, shiny|100\/100\n|-activate|p1a: Lopunny|move: Sticky Web\n|-unboost|p1a: Lopunny|spe|1\n|turn|17\n|\n|t:|1699815797\n|move|p2a: Blue|Psychic|p1a: Lopunny\n|-damage|p1a: Lopunny|30\/100\n|move|p1a: Lopunny|Ice Beam|p2a: Blue\n|-supereffective|p2a: Blue\n|-damage|p2a: Blue|22\/100\n|-status|p2a: Blue|frz\n|\n|upkeep\n|turn|18\n|c|\u2606kmrandy|again!\n|\n|t:|1699815807\n|-terastallize|p1a: Lopunny|Fighting\n|cant|p2a: Blue|frz\n|move|p1a: Lopunny|Ice Beam|p2a: Blue\n|-supereffective|p2a: Blue\n|-damage|p2a: Blue|0 fnt\n|faint|p2a: Blue\n|\n|upkeep\n|\n|t:|1699815815\n|switch|p2a: Kingdom Key|Klefki, M, shiny|100\/100\n|turn|19\n|\n|t:|1699815820\n|move|p2a: Kingdom Key|Light Screen|p2a: Kingdom Key\n|-sidestart|p2: kmrandy|move: Light Screen\n|move|p1a: Lopunny|Dizzy Punch|p2a: Kingdom Key\n|-resisted|p2a: Kingdom Key\n|-damage|p2a: Kingdom Key|90\/100\n|\n|upkeep\n|turn|20\n|\n|t:|1699815828\n|move|p2a: Kingdom Key|Reflect|p2a: Kingdom Key\n|-sidestart|p2: kmrandy|Reflect\n|move|p1a: Lopunny|High Jump Kick|p2a: Kingdom Key\n|-damage|p2a: Kingdom Key|72\/100\n|\n|upkeep\n|turn|21\n|\n|t:|1699815834\n|move|p1a: Lopunny|Aura Sphere|p2a: Kingdom Key\n|-damage|p2a: Kingdom Key|61\/100\n|move|p2a: Kingdom Key|Foul Play|p1a: Lopunny\n|-resisted|p1a: Lopunny\n|-damage|p1a: Lopunny|11\/100\n|\n|upkeep\n|turn|22\n|\n|t:|1699815841\n|move|p1a: Lopunny|Ice Beam|p2a: Kingdom Key\n|-resisted|p2a: Kingdom Key\n|-damage|p2a: Kingdom Key|57\/100\n|move|p2a: Kingdom Key|Foul Play|p1a: Lopunny\n|-resisted|p1a: Lopunny\n|-damage|p1a: Lopunny|0 fnt\n|faint|p1a: Lopunny\n|\n|win|kmrandy\n|raw|Pepppig90's rating: 1038 &rarr; <strong>1026<\/strong><br \/>(-12 for losing)\n|raw|kmrandy's rating: 1121 &rarr; <strong>1140<\/strong><br \/>(+19 for winning)\n|c|\u2606kmrandy|gg\n|c|\u2606kmrandy|good battle!\n","uploadtime":1699815851,"views":5,"p1id":"pepppig90","p2id":"kmrandy","formatid":"gen9nationaldex","rating":1026,"private":0,"password":""}