{"id":"gen9nationaldex-1998163339","p1":"daodanguiTest","p2":"baigu2","format":"[Gen 9] National Dex","log":"|html|<div class=\"broadcast-blue\"><strong>[Gen 9] National Dex is currently suspecting Sneasler! For information on how to participate check out the <a href=\"https:\/\/www.smogon.com\/forums\/threads\/sv-national-dex-suspect-8-just-dance.3731534\/\">suspect thread<\/a>.<\/strong><\/div>\n|j|\u2606daodanguiTest\n|j|\u2606baigu2\n|t:|1700903951\n|gametype|singles\n|player|p1|daodanguiTest|265|1586\n|player|p2|baigu2|265|1828\n|teamsize|p1|6\n|teamsize|p2|6\n|gen|9\n|tier|[Gen 9] National Dex\n|rated|\n|rule|HP Percentage Mod: HP is shown in percentages\n|rule|Endless Battle Clause: Forcing endless battles is banned\n|rule|OHKO Clause: OHKO moves are banned\n|rule|Evasion Clause: Evasion abilities, items, and moves are banned\n|rule|Evasion Abilities Clause: Evasion abilities are banned\n|rule|Evasion Items Clause: Evasion items are banned\n|rule|Evasion Moves Clause: Evasion moves are banned\n|rule|Species Clause: Limit one of each Pok\u00e9mon\n|rule|Sleep Clause Mod: Limit one foe put to sleep\n|clearpoke\n|poke|p1|Slowking-Galar, F|\n|poke|p1|Urshifu-*, F|\n|poke|p1|Samurott-Hisui, M|\n|poke|p1|Garchomp, M|\n|poke|p1|Corviknight, M|\n|poke|p1|Banette, F|\n|poke|p2|Ursaluna, F|\n|poke|p2|Slowking, F|\n|poke|p2|Corviknight, F|\n|poke|p2|Hoopa-Unbound|\n|poke|p2|Dragonite, F|\n|poke|p2|Tapu Koko|\n|teampreview\n|\n|t:|1700903972\n|start\n|switch|p1a: Urshifu|Urshifu-Rapid-Strike, F|100\/100\n|switch|p2a: Tapu Koko|Tapu Koko|100\/100\n|-fieldstart|move: Electric Terrain|[from] ability: Electric Surge|[of] p2a: Tapu Koko\n|turn|1\n|\n|t:|1700903976\n|switch|p2a: Corviknight|Corviknight, F|100\/100\n|-ability|p2a: Corviknight|Pressure\n|-terastallize|p1a: Urshifu|Water\n|move|p1a: Urshifu|Surging Strikes|p2a: Corviknight\n|-crit|p2a: Corviknight\n|-damage|p2a: Corviknight|84\/100\n|-damage|p1a: Urshifu|84\/100|[from] item: Rocky Helmet|[of] p2a: Corviknight\n|-crit|p2a: Corviknight\n|-damage|p2a: Corviknight|67\/100\n|-damage|p1a: Urshifu|68\/100|[from] item: Rocky Helmet|[of] p2a: Corviknight\n|-crit|p2a: Corviknight\n|-damage|p2a: Corviknight|50\/100\n|-damage|p1a: Urshifu|51\/100|[from] item: Rocky Helmet|[of] p2a: Corviknight\n|-hitcount|p2a: Corviknight|3\n|\n|upkeep\n|turn|2\n|\n|t:|1700903993\n|switch|p1a: Corviknight|Corviknight, M|100\/100\n|move|p2a: Corviknight|Roost|p2a: Corviknight\n|-heal|p2a: Corviknight|99\/100\n|-singleturn|p2a: Corviknight|move: Roost\n|\n|upkeep\n|turn|3\n|\n|t:|1700904002\n|switch|p1a: Banette|Banette, F, shiny|100\/100\n|-item|p2a: Corviknight|Rocky Helmet|[from] ability: Frisk|[of] p1a: Banette|[identify]\n|move|p2a: Corviknight|U-turn|p1a: Banette\n|-resisted|p1a: Banette\n|-damage|p1a: Banette|89\/100\n|\n|t:|1700904007\n|switch|p2a: Hoopa|Hoopa-Unbound|100\/100|[from] U-turn\n|\n|upkeep\n|turn|4\n|\n|t:|1700904011\n|detailschange|p1a: Banette|Banette-Mega, F, shiny\n|-mega|p1a: Banette|Banette|Banettite\n|move|p1a: Banette|Destiny Bond|p1a: Banette\n|-singlemove|p1a: Banette|Destiny Bond\n|move|p2a: Hoopa|Dark Pulse|p1a: Banette\n|-supereffective|p1a: Banette\n|-damage|p1a: Banette|0 fnt\n|faint|p1a: Banette\n|-activate|p1a: Banette|move: Destiny Bond\n|faint|p2a: Hoopa\n|\n|upkeep\n|inactive|Battle timer is ON: inactive players will automatically lose when time's up. (requested by baigu2)\n|\n|t:|1700904028\n|switch|p2a: Tapu Koko|Tapu Koko|100\/100\n|switch|p1a: Slowking|Slowking-Galar, F, shiny|100\/100\n|turn|5\n|\n|t:|1700904036\n|move|p2a: Tapu Koko|U-turn|p1a: Slowking\n|-damage|p1a: Slowking|83\/100\n|\n|t:|1700904038\n|switch|p2a: \u718a\u5927|Ursaluna, F|100\/100|[from] U-turn\n|move|p1a: Slowking|Hydro Pump|p2a: \u718a\u5927\n|-supereffective|p2a: \u718a\u5927\n|-damage|p2a: \u718a\u5927|44\/100\n|\n|-fieldend|move: Electric Terrain\n|-status|p2a: \u718a\u5927|brn|[from] item: Flame Orb\n|upkeep\n|turn|6\n|\n|t:|1700904046\n|switch|p1a: Corviknight|Corviknight, M|100\/100\n|move|p2a: \u718a\u5927|Facade|p1a: Corviknight\n|-resisted|p1a: Corviknight\n|-damage|p1a: Corviknight|61\/100\n|\n|-heal|p1a: Corviknight|68\/100|[from] item: Leftovers\n|-damage|p2a: \u718a\u5927|38\/100 brn|[from] brn\n|upkeep\n|turn|7\n|\n|t:|1700904052\n|switch|p2a: Tapu Koko|Tapu Koko|100\/100\n|-fieldstart|move: Electric Terrain|[from] ability: Electric Surge|[of] p2a: Tapu Koko\n|move|p1a: Corviknight|Roost|p1a: Corviknight\n|-heal|p1a: Corviknight|100\/100\n|-singleturn|p1a: Corviknight|move: Roost\n|\n|upkeep\n|turn|8\n|\n|t:|1700904058\n|switch|p1a: Slowking|Slowking-Galar, F, shiny|100\/100\n|move|p2a: Tapu Koko|U-turn|p1a: Slowking\n|-damage|p1a: Slowking|81\/100\n|\n|t:|1700904060\n|switch|p2a: \u718a\u5927|Ursaluna, F|38\/100 brn|[from] U-turn\n|\n|-damage|p2a: \u718a\u5927|32\/100 brn|[from] brn\n|upkeep\n|turn|9\n|\n|t:|1700904076\n|switch|p1a: Corviknight|Corviknight, M|100\/100\n|move|p2a: \u718a\u5927|Fire Punch|p1a: Corviknight\n|-supereffective|p1a: Corviknight\n|-damage|p1a: Corviknight|45\/100\n|\n|-heal|p1a: Corviknight|52\/100|[from] item: Leftovers\n|-damage|p2a: \u718a\u5927|25\/100 brn|[from] brn\n|upkeep\n|turn|10\n|\n|t:|1700904090\n|move|p1a: Corviknight|Body Press|p2a: \u718a\u5927\n|-supereffective|p2a: \u718a\u5927\n|-damage|p2a: \u718a\u5927|0 fnt\n|faint|p2a: \u718a\u5927\n|\n|-heal|p1a: Corviknight|58\/100|[from] item: Leftovers\n|upkeep\n|\n|t:|1700904094\n|switch|p2a: Tapu Koko|Tapu Koko|100\/100\n|turn|11\n|\n|t:|1700904098\n|switch|p1a: Slowking|Slowking-Galar, F, shiny|100\/100\n|move|p2a: Tapu Koko|Volt Switch|p1a: Slowking\n|-damage|p1a: Slowking|75\/100\n|\n|t:|1700904102\n|switch|p2a: Dragonite|Dragonite, F|100\/100|[from] Volt Switch\n|\n|-fieldend|move: Electric Terrain\n|upkeep\n|turn|12\n|\n|t:|1700904107\n|switch|p1a: Samurott|Samurott-Hisui, M, shiny|100\/100\n|move|p2a: Dragonite|Outrage|p1a: Samurott\n|-damage|p1a: Samurott|6\/100\n|\n|upkeep\n|turn|13\n|\n|t:|1700904117\n|move|p1a: Samurott|Aqua Jet|p2a: Dragonite\n|-resisted|p2a: Dragonite\n|-damage|p2a: Dragonite|95\/100\n|move|p2a: Dragonite|Outrage|p1a: Samurott|[from]lockedmove\n|-damage|p1a: Samurott|0 fnt\n|faint|p1a: Samurott\n|-start|p2a: Dragonite|confusion|[fatigue]\n|\n|upkeep\n|\n|t:|1700904138\n|switch|p1a: Garchomp|Garchomp, M, shiny|100\/100\n|turn|14\n|\n|t:|1700904149\n|switch|p1a: Corviknight|Corviknight, M|58\/100\n|switch|p2a: Corviknight|Corviknight, F|99\/100\n|-ability|p2a: Corviknight|Pressure\n|\n|-heal|p1a: Corviknight|64\/100|[from] item: Leftovers\n|upkeep\n|turn|15\n|\n|t:|1700904156\n|move|p2a: Corviknight|U-turn|p1a: Corviknight\n|-resisted|p1a: Corviknight\n|-crit|p1a: Corviknight\n|-damage|p1a: Corviknight|61\/100\n|\n|t:|1700904163\n|switch|p2a: Tapu Koko|Tapu Koko|100\/100|[from] U-turn\n|-fieldstart|move: Electric Terrain|[from] ability: Electric Surge|[of] p2a: Tapu Koko\n|move|p1a: Corviknight|Roost|p1a: Corviknight\n|-heal|p1a: Corviknight|100\/100\n|-singleturn|p1a: Corviknight|move: Roost\n|\n|upkeep\n|turn|16\n|\n|t:|1700904173\n|switch|p1a: Garchomp|Garchomp, M, shiny|100\/100\n|move|p2a: Tapu Koko|U-turn|p1a: Garchomp\n|-damage|p1a: Garchomp|83\/100\n|-damage|p2a: Tapu Koko|88\/100|[from] ability: Rough Skin|[of] p1a: Garchomp\n|\n|t:|1700904181\n|switch|p2a: Dragonite|Dragonite, F|95\/100|[from] U-turn\n|\n|upkeep\n|turn|17\n|\n|t:|1700904186\n|-terastallize|p2a: Dragonite|Normal\n|move|p2a: Dragonite|Extreme Speed|p1a: Garchomp\n|-damage|p1a: Garchomp|19\/100\n|-damage|p2a: Dragonite|83\/100|[from] ability: Rough Skin|[of] p1a: Garchomp\n|move|p1a: Garchomp|Scale Shot|p2a: Dragonite\n|-damage|p2a: Dragonite|70\/100\n|-damage|p2a: Dragonite|57\/100\n|-hitcount|p2a: Dragonite|2\n|-unboost|p1a: Garchomp|def|1\n|-boost|p1a: Garchomp|spe|1\n|\n|upkeep\n|turn|18\n|\n|t:|1700904197\n|switch|p1a: Corviknight|Corviknight, M|100\/100\n|move|p2a: Dragonite|Extreme Speed|p1a: Corviknight\n|-resisted|p1a: Corviknight\n|-damage|p1a: Corviknight|80\/100\n|\n|-heal|p1a: Corviknight|87\/100|[from] item: Leftovers\n|upkeep\n|turn|19\n|\n|t:|1700904209\n|switch|p2a: Slowking|Slowking, F|100\/100\n|move|p1a: Corviknight|Body Press|p2a: Slowking\n|-resisted|p2a: Slowking\n|-damage|p2a: Slowking|87\/100\n|\n|-heal|p1a: Corviknight|93\/100|[from] item: Leftovers\n|-fieldend|move: Electric Terrain\n|upkeep\n|turn|20\n|\n|t:|1700904221\n|move|p1a: Corviknight|Bulk Up|p1a: Corviknight\n|-boost|p1a: Corviknight|atk|1\n|-boost|p1a: Corviknight|def|1\n|move|p2a: Slowking|Scald|p1a: Corviknight\n|-damage|p1a: Corviknight|69\/100\n|\n|-heal|p1a: Corviknight|75\/100|[from] item: Leftovers\n|upkeep\n|turn|21\n|\n|t:|1700904228\n|move|p1a: Corviknight|Power Trip|p2a: Slowking\n|-supereffective|p2a: Slowking\n|-damage|p2a: Slowking|49\/100\n|move|p2a: Slowking|Scald|p1a: Corviknight\n|-damage|p1a: Corviknight|48\/100\n|\n|-heal|p1a: Corviknight|54\/100|[from] item: Leftovers\n|upkeep\n|turn|22\n|j| ultrazzy\n|\n|t:|1700904238\n|switch|p2a: Tapu Koko|Tapu Koko|88\/100\n|-fieldstart|move: Electric Terrain|[from] ability: Electric Surge|[of] p2a: Tapu Koko\n|move|p1a: Corviknight|Roost|p1a: Corviknight\n|-heal|p1a: Corviknight|100\/100\n|-singleturn|p1a: Corviknight|move: Roost\n|\n|upkeep\n|turn|23\n|\n|t:|1700904246\n|switch|p1a: Garchomp|Garchomp, M, shiny|19\/100\n|move|p2a: Tapu Koko|Thunderbolt|p1a: Garchomp\n|-immune|p1a: Garchomp\n|\n|upkeep\n|turn|24\n|\n|t:|1700904249\n|switch|p2a: Corviknight|Corviknight, F|99\/100\n|-ability|p2a: Corviknight|Pressure\n|move|p1a: Garchomp|Stealth Rock|p2a: Corviknight\n|-sidestart|p2: baigu2|move: Stealth Rock\n|\n|upkeep\n|turn|25\n|\n|t:|1700904258\n|switch|p1a: Slowking|Slowking-Galar, F, shiny|100\/100\n|move|p2a: Corviknight|Defog|p1a: Slowking\n|-unboost|p1a: Slowking|evasion|1\n|-sideend|p2: baigu2|Stealth Rock|[from] move: Defog|[of] p2a: Corviknight\n|-fieldend|move: Electric Terrain\n|\n|upkeep\n|turn|26\n|\n|t:|1700904263\n|switch|p2a: Slowking|Slowking, F|82\/100\n|move|p1a: Slowking|Future Sight|p2a: Slowking\n|-start|p1a: Slowking|move: Future Sight\n|\n|upkeep\n|turn|27\n|\n|t:|1700904268\n|move|p1a: Slowking|Sludge Wave|p2a: Slowking\n|-damage|p2a: Slowking|55\/100\n|move|p2a: Slowking|Scald|p1a: Slowking\n|-damage|p1a: Slowking|87\/100\n|\n|upkeep\n|turn|28\n|\n|t:|1700904282\n|move|p1a: Slowking|Sludge Wave|p2a: Slowking\n|-damage|p2a: Slowking|27\/100\n|move|p2a: Slowking|Slack Off|p2a: Slowking\n|-heal|p2a: Slowking|77\/100\n|\n|-end|p2a: Slowking|move: Future Sight\n|-resisted|p2a: Slowking\n|-damage|p2a: Slowking|61\/100\n|upkeep\n|turn|29\n|\n|t:|1700904295\n|move|p2a: Slowking|Scald|p1a: Slowking\n|-damage|p1a: Slowking|73\/100\n|move|p1a: Slowking|Sludge Wave|p2a: Slowking\n|-damage|p2a: Slowking|35\/100\n|\n|upkeep\n|turn|30\n|\n|t:|1700904300\n|move|p2a: Slowking|Slack Off|p2a: Slowking\n|-heal|p2a: Slowking|85\/100\n|move|p1a: Slowking|Future Sight|p2a: Slowking\n|-start|p1a: Slowking|move: Future Sight\n|\n|upkeep\n|turn|31\n|\n|t:|1700904306\n|switch|p1a: Urshifu|Urshifu-Rapid-Strike, F, tera:Water|51\/100\n|move|p2a: Slowking|Scald|p1a: Urshifu\n|-resisted|p1a: Urshifu\n|-damage|p1a: Urshifu|31\/100\n|\n|upkeep\n|turn|32\n|\n|t:|1700904317\n|move|p1a: Urshifu|U-turn|p2a: Slowking\n|-supereffective|p2a: Slowking\n|-damage|p2a: Slowking|38\/100\n|\n|t:|1700904341\n|switch|p1a: Corviknight|Corviknight, M|100\/100|[from] U-turn\n|move|p2a: Slowking|Teleport|p2a: Slowking\n|\n|t:|1700904352\n|switch|p2a: Corviknight|Corviknight, F|99\/100|[from] Teleport\n|-ability|p2a: Corviknight|Pressure\n|\n|-end|p2a: Corviknight|move: Future Sight\n|-resisted|p2a: Corviknight\n|-damage|p2a: Corviknight|73\/100\n|upkeep\n|turn|33\n|\n|t:|1700904356\n|move|p2a: Corviknight|U-turn|p1a: Corviknight\n|-resisted|p1a: Corviknight\n|-crit|p1a: Corviknight\n|-damage|p1a: Corviknight|97\/100\n|\n|t:|1700904360\n|switch|p2a: Tapu Koko|Tapu Koko|88\/100|[from] U-turn\n|-fieldstart|move: Electric Terrain|[from] ability: Electric Surge|[of] p2a: Tapu Koko\n|move|p1a: Corviknight|Bulk Up|p1a: Corviknight\n|-boost|p1a: Corviknight|atk|1\n|-boost|p1a: Corviknight|def|1\n|\n|-heal|p1a: Corviknight|100\/100|[from] item: Leftovers\n|upkeep\n|turn|34\n|\n|t:|1700904369\n|switch|p1a: Garchomp|Garchomp, M, shiny|19\/100\n|move|p2a: Tapu Koko|U-turn|p1a: Garchomp\n|-damage|p1a: Garchomp|4\/100\n|-damage|p2a: Tapu Koko|76\/100|[from] ability: Rough Skin|[of] p1a: Garchomp\n|\n|t:|1700904373\n|switch|p2a: Corviknight|Corviknight, F|73\/100|[from] U-turn\n|-ability|p2a: Corviknight|Pressure\n|\n|upkeep\n|turn|35\n|\n|t:|1700904378\n|move|p1a: Garchomp|Stealth Rock|p2a: Corviknight\n|-sidestart|p2: baigu2|move: Stealth Rock\n|move|p2a: Corviknight|U-turn|p1a: Garchomp\n|-damage|p1a: Garchomp|0 fnt\n|-damage|p2a: Corviknight|60\/100|[from] ability: Rough Skin|[of] p1a: Garchomp\n|faint|p1a: Garchomp\n|\n|t:|1700904388\n|switch|p2a: Slowking|Slowking, F|71\/100|[from] U-turn\n|\n|upkeep\n|\n|t:|1700904394\n|switch|p1a: Urshifu|Urshifu-Rapid-Strike, F, tera:Water|31\/100\n|turn|36\n|\n|t:|1700904401\n|switch|p2a: Corviknight|Corviknight, F|60\/100\n|-damage|p2a: Corviknight|48\/100|[from] Stealth Rock\n|-ability|p2a: Corviknight|Pressure\n|move|p1a: Urshifu|U-turn|p2a: Corviknight\n|-resisted|p2a: Corviknight\n|-damage|p2a: Corviknight|44\/100\n|-damage|p1a: Urshifu|15\/100|[from] item: Rocky Helmet|[of] p2a: Corviknight\n|\n|t:|1700904404\n|switch|p1a: Slowking|Slowking-Galar, F, shiny|100\/100|[from] U-turn\n|\n|upkeep\n|turn|37\n|\n|t:|1700904411\n|switch|p2a: Slowking|Slowking, F|100\/100\n|move|p1a: Slowking|Flamethrower|p2a: Slowking\n|-resisted|p2a: Slowking\n|-damage|p2a: Slowking|92\/100\n|\n|-fieldend|move: Electric Terrain\n|upkeep\n|turn|38\n|\n|t:|1700904417\n|move|p1a: Slowking|Future Sight|p2a: Slowking\n|-start|p1a: Slowking|move: Future Sight\n|move|p2a: Slowking|Scald|p1a: Slowking\n|-damage|p1a: Slowking|89\/100\n|-status|p1a: Slowking|brn\n|\n|-damage|p1a: Slowking|83\/100 brn|[from] brn\n|upkeep\n|turn|39\n|\n|t:|1700904422\n|move|p1a: Slowking|Sludge Wave|p2a: Slowking\n|-damage|p2a: Slowking|65\/100\n|move|p2a: Slowking|Scald|p1a: Slowking\n|-damage|p1a: Slowking|69\/100 brn\n|\n|-damage|p1a: Slowking|63\/100 brn|[from] brn\n|upkeep\n|turn|40\n|\n|t:|1700904424\n|move|p1a: Slowking|Sludge Wave|p2a: Slowking\n|-damage|p2a: Slowking|40\/100\n|move|p2a: Slowking|Slack Off|p2a: Slowking\n|-heal|p2a: Slowking|90\/100\n|\n|-end|p2a: Slowking|move: Future Sight\n|-resisted|p2a: Slowking\n|-damage|p2a: Slowking|74\/100\n|-damage|p1a: Slowking|57\/100 brn|[from] brn\n|upkeep\n|turn|41\n|\n|t:|1700904430\n|move|p1a: Slowking|Sludge Wave|p2a: Slowking\n|-damage|p2a: Slowking|49\/100\n|move|p2a: Slowking|Teleport|p2a: Slowking\n|\n|t:|1700904433\n|switch|p2a: Tapu Koko|Tapu Koko|76\/100|[from] Teleport\n|-damage|p2a: Tapu Koko|63\/100|[from] Stealth Rock\n|-fieldstart|move: Electric Terrain|[from] ability: Electric Surge|[of] p2a: Tapu Koko\n|\n|-damage|p1a: Slowking|51\/100 brn|[from] brn\n|upkeep\n|turn|42\n|\n|t:|1700904437\n|move|p2a: Tapu Koko|Volt Switch|p1a: Slowking\n|-damage|p1a: Slowking|22\/100 brn\n|\n|t:|1700904440\n|switch|p2a: Slowking|Slowking, F|82\/100|[from] Volt Switch\n|move|p1a: Slowking|Sludge Wave|p2a: Slowking\n|-damage|p2a: Slowking|57\/100\n|\n|-damage|p1a: Slowking|16\/100 brn|[from] brn\n|upkeep\n|turn|43\n|\n|t:|1700904444\n|switch|p1a: Corviknight|Corviknight, M|100\/100\n|move|p2a: Slowking|Scald|p1a: Corviknight\n|-damage|p1a: Corviknight|73\/100\n|-status|p1a: Corviknight|brn\n|\n|-heal|p1a: Corviknight|79\/100 brn|[from] item: Leftovers\n|-damage|p1a: Corviknight|73\/100 brn|[from] brn\n|upkeep\n|turn|44\n|\n|t:|1700904447\n|switch|p1a: Slowking|Slowking-Galar, F, shiny|49\/100 brn\n|move|p2a: Slowking|Teleport|p2a: Slowking\n|\n|t:|1700904449\n|switch|p2a: Tapu Koko|Tapu Koko|63\/100|[from] Teleport\n|-damage|p2a: Tapu Koko|51\/100|[from] Stealth Rock\n|\n|-damage|p1a: Slowking|43\/100 brn|[from] brn\n|upkeep\n|turn|45\n|\n|t:|1700904459\n|move|p2a: Tapu Koko|Volt Switch|p1a: Slowking\n|-damage|p1a: Slowking|17\/100 brn\n|\n|t:|1700904463\n|switch|p2a: Slowking|Slowking, F|91\/100|[from] Volt Switch\n|move|p1a: Slowking|Flamethrower|p2a: Slowking\n|-resisted|p2a: Slowking\n|-damage|p2a: Slowking|82\/100\n|\n|-damage|p1a: Slowking|11\/100 brn|[from] brn\n|-fieldend|move: Electric Terrain\n|upkeep\n|turn|46\n|\n|t:|1700904467\n|switch|p1a: Corviknight|Corviknight, M|73\/100 brn\n|move|p2a: Slowking|Teleport|p2a: Slowking\n|\n|t:|1700904469\n|switch|p2a: Corviknight|Corviknight, F|44\/100|[from] Teleport\n|-damage|p2a: Corviknight|32\/100|[from] Stealth Rock\n|-ability|p2a: Corviknight|Pressure\n|\n|-heal|p1a: Corviknight|79\/100 brn|[from] item: Leftovers\n|-damage|p1a: Corviknight|73\/100 brn|[from] brn\n|upkeep\n|turn|47\n|\n|t:|1700904478\n|switch|p1a: Slowking|Slowking-Galar, F, shiny|45\/100 brn\n|move|p2a: Corviknight|Defog|p1a: Slowking\n|-unboost|p1a: Slowking|evasion|1\n|-sideend|p2: baigu2|Stealth Rock|[from] move: Defog|[of] p2a: Corviknight\n|\n|-damage|p1a: Slowking|39\/100 brn|[from] brn\n|upkeep\n|turn|48\n|\n|t:|1700904482\n|switch|p2a: Slowking|Slowking, F|100\/100\n|switch|p1a: Corviknight|Corviknight, M|73\/100 brn\n|\n|-heal|p1a: Corviknight|79\/100 brn|[from] item: Leftovers\n|-damage|p1a: Corviknight|73\/100 brn|[from] brn\n|upkeep\n|turn|49\n|\n|t:|1700904487\n|switch|p1a: Slowking|Slowking-Galar, F, shiny|72\/100 brn\n|move|p2a: Slowking|Teleport|p2a: Slowking\n|\n|t:|1700904490\n|switch|p2a: Dragonite|Dragonite, F, tera:Normal|57\/100|[from] Teleport\n|\n|-damage|p1a: Slowking|66\/100 brn|[from] brn\n|upkeep\n|turn|50\n|\n|t:|1700904494\n|move|p2a: Dragonite|Outrage|p1a: Slowking\n|-damage|p1a: Slowking|0 fnt\n|faint|p1a: Slowking\n|\n|upkeep\n|\n|t:|1700904499\n|switch|p1a: Urshifu|Urshifu-Rapid-Strike, F, tera:Water|15\/100\n|turn|51\n|\n|t:|1700904502\n|move|p1a: Urshifu|Close Combat|p2a: Dragonite\n|-supereffective|p2a: Dragonite\n|-damage|p2a: Dragonite|0 fnt\n|-unboost|p1a: Urshifu|def|1\n|-unboost|p1a: Urshifu|spd|1\n|faint|p2a: Dragonite\n|\n|upkeep\n|\n|t:|1700904505\n|switch|p2a: Corviknight|Corviknight, F|32\/100\n|-ability|p2a: Corviknight|Pressure\n|turn|52\n|\n|t:|1700904510\n|move|p1a: Urshifu|Close Combat|p2a: Corviknight\n|-crit|p2a: Corviknight\n|-damage|p2a: Corviknight|0 fnt\n|-unboost|p1a: Urshifu|def|1\n|-unboost|p1a: Urshifu|spd|1\n|-damage|p1a: Urshifu|0 fnt|[from] item: Rocky Helmet|[of] p2a: Corviknight\n|faint|p2a: Corviknight\n|faint|p1a: Urshifu\n|\n|upkeep\n|\n|t:|1700904514\n|switch|p1a: Corviknight|Corviknight, M|73\/100 brn\n|switch|p2a: Tapu Koko|Tapu Koko|51\/100\n|-fieldstart|move: Electric Terrain|[from] ability: Electric Surge|[of] p2a: Tapu Koko\n|turn|53\n|j| kun_power_\u9e21\u54e5\n|\n|t:|1700904519\n|move|p2a: Tapu Koko|Thunderbolt|p1a: Corviknight\n|-supereffective|p1a: Corviknight\n|-damage|p1a: Corviknight|0 fnt\n|faint|p1a: Corviknight\n|\n|win|baigu2\n|raw|daodanguiTest's rating: 1586 &rarr; <strong>1578<\/strong><br \/>(-8 for losing)\n|raw|baigu2's rating: 1828 &rarr; <strong>1836<\/strong><br \/>(+8 for winning)\n","uploadtime":1700904522,"views":3,"p1id":"daodanguitest","p2id":"baigu2","formatid":"gen9nationaldex","rating":1578,"private":0,"password":""}