{"id":"gen9nationaldex-1995194537","p1":"Swoad Khan","p2":"zongalezz","format":"[Gen 9] National Dex","log":"|html|<div class=\"broadcast-blue\"><strong>[Gen 9] National Dex is currently suspecting Sneasler! For information on how to participate check out the <a href=\"https:\/\/www.smogon.com\/forums\/threads\/sv-national-dex-suspect-8-just-dance.3731534\/\">suspect thread<\/a>.<\/strong><\/div>\n|j|\u2606Swoad Khan\n|j|\u2606zongalezz\n|t:|1700533199\n|gametype|singles\n|player|p1|Swoad Khan|steven|1150\n|player|p2|zongalezz|265|1181\n|teamsize|p1|6\n|teamsize|p2|6\n|gen|9\n|tier|[Gen 9] National Dex\n|rated|\n|rule|HP Percentage Mod: HP is shown in percentages\n|rule|Endless Battle Clause: Forcing endless battles is banned\n|rule|OHKO Clause: OHKO moves are banned\n|rule|Evasion Clause: Evasion abilities, items, and moves are banned\n|rule|Evasion Abilities Clause: Evasion abilities are banned\n|rule|Evasion Items Clause: Evasion items are banned\n|rule|Evasion Moves Clause: Evasion moves are banned\n|rule|Species Clause: Limit one of each Pok\u00e9mon\n|rule|Sleep Clause Mod: Limit one foe put to sleep\n|clearpoke\n|poke|p1|Lycanroc-Dusk, F|\n|poke|p1|Dragonite, F|\n|poke|p1|Serperior, F|\n|poke|p1|Zeraora|\n|poke|p1|Zapdos|\n|poke|p1|Weavile, F|\n|poke|p2|Registeel|\n|poke|p2|Slowbro, M|\n|poke|p2|Whimsicott, F|\n|poke|p2|Nidoking, M|\n|poke|p2|Archeops, F|\n|poke|p2|Togekiss, M|\n|teampreview\n|inactive|Battle timer is ON: inactive players will automatically lose when time's up. (requested by Swoad Khan)\n|\n|t:|1700533208\n|start\n|switch|p1a: Lycanroc|Lycanroc-Dusk, F|100\/100\n|switch|p2a: Tzuei|Whimsicott, F|100\/100\n|turn|1\n|\n|t:|1700533219\n|move|p2a: Tzuei|Toxic|p1a: Lycanroc\n|-status|p1a: Lycanroc|tox\n|move|p1a: Lycanroc|Fire Fang|p2a: Tzuei\n|-supereffective|p2a: Tzuei\n|-damage|p2a: Tzuei|39\/100\n|\n|-damage|p1a: Lycanroc|94\/100 tox|[from] psn\n|upkeep\n|turn|2\n|\n|t:|1700533226\n|move|p2a: Tzuei|U-turn|p1a: Lycanroc\n|-damage|p1a: Lycanroc|74\/100 tox\n|\n|t:|1700533237\n|switch|p2a: Slowbro|Slowbro, M|100\/100|[from] U-turn\n|move|p1a: Lycanroc|Fire Fang|p2a: Slowbro\n|-resisted|p2a: Slowbro\n|-damage|p2a: Slowbro|92\/100\n|-damage|p1a: Lycanroc|58\/100 tox|[from] item: Rocky Helmet|[of] p2a: Slowbro\n|\n|-damage|p1a: Lycanroc|45\/100 tox|[from] psn\n|upkeep\n|turn|3\n|\n|t:|1700533249\n|move|p1a: Lycanroc|Psychic Fangs|p2a: Slowbro\n|-resisted|p2a: Slowbro\n|-damage|p2a: Slowbro|82\/100\n|-damage|p1a: Lycanroc|29\/100 tox|[from] item: Rocky Helmet|[of] p2a: Slowbro\n|move|p2a: Slowbro|Scald|p1a: Lycanroc\n|-supereffective|p1a: Lycanroc\n|-damage|p1a: Lycanroc|0 fnt\n|faint|p1a: Lycanroc\n|\n|upkeep\n|\n|t:|1700533257\n|switch|p1a: Serperior|Serperior, F|100\/100\n|turn|4\n|\n|t:|1700533271\n|move|p1a: Serperior|Leaf Storm|p2a: Slowbro\n|-supereffective|p2a: Slowbro\n|-damage|p2a: Slowbro|0 fnt\n|-boost|p1a: Serperior|spa|2\n|faint|p2a: Slowbro\n|\n|-status|p1a: Serperior|brn|[from] item: Flame Orb\n|upkeep\n|\n|t:|1700533282\n|switch|p2a: Archeops|Archeops, F|100\/100\n|turn|5\n|\n|t:|1700533292\n|switch|p1a: Zapdos|Zapdos|100\/100\n|move|p2a: Archeops|U-turn|p1a: Zapdos\n|-resisted|p1a: Zapdos\n|-damage|p1a: Zapdos|87\/100\n|c|\u2606Swoad Khan|Glhf\n|\n|t:|1700533298\n|switch|p2a: Nidoking|Nidoking, M|100\/100|[from] U-turn\n|\n|upkeep\n|turn|6\n|\n|t:|1700533305\n|move|p2a: Nidoking|Sludge Bomb|p1a: Zapdos\n|-damage|p1a: Zapdos|46\/100\n|move|p1a: Zapdos|Hurricane|p2a: Nidoking\n|-damage|p2a: Nidoking|33\/100\n|\n|upkeep\n|turn|7\n|\n|t:|1700533316\n|move|p2a: Nidoking|Sludge Bomb|p1a: Zapdos\n|-damage|p1a: Zapdos|5\/100\n|move|p1a: Zapdos|Hurricane|p2a: Nidoking\n|-damage|p2a: Nidoking|0 fnt\n|faint|p2a: Nidoking\n|\n|upkeep\n|\n|t:|1700533320\n|switch|p2a: Registeel|Registeel|100\/100\n|turn|8\n|\n|t:|1700533326\n|move|p1a: Zapdos|Thunder Wave|p2a: Registeel\n|-status|p2a: Registeel|par\n|move|p2a: Registeel|Iron Defense|p2a: Registeel\n|-boost|p2a: Registeel|def|2\n|\n|upkeep\n|turn|9\n|\n|t:|1700533332\n|move|p1a: Zapdos|Hurricane|p2a: Registeel|[miss]\n|-miss|p1a: Zapdos|p2a: Registeel\n|cant|p2a: Registeel|par\n|\n|upkeep\n|turn|10\n|\n|t:|1700533339\n|move|p1a: Zapdos|Hurricane|p2a: Registeel\n|-resisted|p2a: Registeel\n|-damage|p2a: Registeel|86\/100 par\n|cant|p2a: Registeel|par\n|\n|-heal|p2a: Registeel|93\/100 par|[from] item: Leftovers\n|upkeep\n|turn|11\n|\n|t:|1700533346\n|move|p1a: Zapdos|Hurricane|p2a: Registeel\n|-resisted|p2a: Registeel\n|-damage|p2a: Registeel|79\/100 par\n|move|p2a: Registeel|Body Press|p1a: Zapdos\n|-resisted|p1a: Zapdos\n|-damage|p1a: Zapdos|0 fnt\n|faint|p1a: Zapdos\n|\n|-heal|p2a: Registeel|85\/100 par|[from] item: Leftovers\n|upkeep\n|\n|t:|1700533352\n|switch|p1a: Serperior|Serperior, F|100\/100 brn\n|turn|12\n|\n|t:|1700533357\n|move|p1a: Serperior|Leaf Storm|p2a: Registeel\n|-resisted|p2a: Registeel\n|-damage|p2a: Registeel|70\/100 par\n|-boost|p1a: Serperior|spa|2\n|move|p2a: Registeel|Body Press|p1a: Serperior\n|-damage|p1a: Serperior|23\/100 brn\n|\n|-heal|p2a: Registeel|76\/100 par|[from] item: Leftovers\n|-damage|p1a: Serperior|17\/100 brn|[from] brn\n|upkeep\n|turn|13\n|\n|t:|1700533369\n|move|p1a: Serperior|Leaf Storm|p2a: Registeel|[miss]\n|-miss|p1a: Serperior|p2a: Registeel\n|move|p2a: Registeel|Body Press|p1a: Serperior\n|-damage|p1a: Serperior|0 fnt\n|faint|p1a: Serperior\n|\n|-heal|p2a: Registeel|82\/100 par|[from] item: Leftovers\n|upkeep\n|\n|t:|1700533373\n|switch|p1a: Zeraora|Zeraora|100\/100\n|-item|p1a: Zeraora|Air Balloon\n|turn|14\n|\n|t:|1700533384\n|move|p1a: Zeraora|Bulk Up|p1a: Zeraora\n|-boost|p1a: Zeraora|atk|1\n|-boost|p1a: Zeraora|def|1\n|cant|p2a: Registeel|par\n|\n|-heal|p2a: Registeel|88\/100 par|[from] item: Leftovers\n|upkeep\n|turn|15\n|\n|t:|1700533390\n|move|p1a: Zeraora|Plasma Fists|p2a: Registeel\n|-damage|p2a: Registeel|71\/100 par\n|-fieldactivate|move: Ion Deluge\n|-hint|Normal-type moves become Electric-type after using Plasma Fists.\n|cant|p2a: Registeel|par\n|\n|-heal|p2a: Registeel|77\/100 par|[from] item: Leftovers\n|upkeep\n|turn|16\n|\n|t:|1700533398\n|move|p1a: Zeraora|Plasma Fists|p2a: Registeel\n|-damage|p2a: Registeel|58\/100 par\n|-fieldactivate|move: Ion Deluge\n|-hint|Normal-type moves become Electric-type after using Plasma Fists.\n|move|p2a: Registeel|Iron Defense|p2a: Registeel\n|-boost|p2a: Registeel|def|2\n|\n|-heal|p2a: Registeel|64\/100 par|[from] item: Leftovers\n|upkeep\n|turn|17\n|\n|t:|1700533406\n|move|p1a: Zeraora|Plasma Fists|p2a: Registeel\n|-damage|p2a: Registeel|52\/100 par\n|-fieldactivate|move: Ion Deluge\n|-hint|Normal-type moves become Electric-type after using Plasma Fists.\n|move|p2a: Registeel|Body Press|p1a: Zeraora\n|-damage|p1a: Zeraora|4\/100\n|-enditem|p1a: Zeraora|Air Balloon\n|\n|-heal|p2a: Registeel|58\/100 par|[from] item: Leftovers\n|upkeep\n|turn|18\n|\n|t:|1700533419\n|move|p1a: Zeraora|Blaze Kick|p2a: Registeel\n|-supereffective|p2a: Registeel\n|-damage|p2a: Registeel|44\/100 par\n|move|p2a: Registeel|Body Press|p1a: Zeraora\n|-damage|p1a: Zeraora|0 fnt\n|faint|p1a: Zeraora\n|\n|-heal|p2a: Registeel|50\/100 par|[from] item: Leftovers\n|upkeep\n|\n|t:|1700533425\n|switch|p1a: Weavile|Weavile, F|100\/100\n|-ability|p1a: Weavile|Pressure\n|turn|19\n|\n|t:|1700533430\n|move|p1a: Weavile|Knock Off|p2a: Registeel\n|-crit|p2a: Registeel\n|-damage|p2a: Registeel|1\/100 par\n|-enditem|p2a: Registeel|Leftovers|[from] move: Knock Off|[of] p1a: Weavile\n|-damage|p1a: Weavile|91\/100|[from] item: Life Orb\n|move|p2a: Registeel|Body Press|p1a: Weavile\n|-supereffective|p1a: Weavile\n|-damage|p1a: Weavile|0 fnt\n|faint|p1a: Weavile\n|\n|upkeep\n|\n|t:|1700533438\n|switch|p1a: Dragonite|Dragonite, F|100\/100\n|turn|20\n|\n|t:|1700533441\n|move|p1a: Dragonite|Dragon Claw|p2a: Registeel\n|-resisted|p2a: Registeel\n|-crit|p2a: Registeel\n|-damage|p2a: Registeel|0 fnt\n|faint|p2a: Registeel\n|\n|upkeep\n|\n|t:|1700533446\n|switch|p2a: Togekiss|Togekiss, M|100\/100\n|turn|21\n|\n|t:|1700533449\n|move|p1a: Dragonite|Dragon Dance|p1a: Dragonite\n|-boost|p1a: Dragonite|atk|1\n|-boost|p1a: Dragonite|spe|1\n|move|p2a: Togekiss|Draining Kiss|p1a: Dragonite\n|-supereffective|p1a: Dragonite\n|-damage|p1a: Dragonite|72\/100\n|\n|upkeep\n|turn|22\n|\n|t:|1700533460\n|-terastallize|p1a: Dragonite|Steel\n|move|p1a: Dragonite|Dual Wingbeat|p2a: Togekiss\n|-damage|p2a: Togekiss|66\/100\n|-damage|p2a: Togekiss|28\/100\n|-hitcount|p2a: Togekiss|2\n|move|p2a: Togekiss|Draining Kiss|p1a: Dragonite\n|-resisted|p1a: Dragonite\n|-damage|p1a: Dragonite|60\/100\n|-heal|p2a: Togekiss|38\/100|[from] drain|[of] p1a: Dragonite\n|\n|-heal|p2a: Togekiss|44\/100|[from] item: Leftovers\n|upkeep\n|turn|23\n|\n|t:|1700533474\n|move|p1a: Dragonite|Extreme Speed|p2a: Togekiss\n|-damage|p2a: Togekiss|0 fnt\n|faint|p2a: Togekiss\n|\n|upkeep\n|\n|t:|1700533479\n|switch|p2a: Archeops|Archeops, F|100\/100\n|turn|24\n|\n|t:|1700533483\n|move|p2a: Archeops|Knock Off|p1a: Dragonite\n|-damage|p1a: Dragonite|20\/100\n|-enditem|p1a: Dragonite|Lum Berry|[from] move: Knock Off|[of] p2a: Archeops\n|move|p1a: Dragonite|Dragon Claw|p2a: Archeops\n|-damage|p2a: Archeops|0 fnt\n|faint|p2a: Archeops\n|\n|upkeep\n|\n|t:|1700533491\n|switch|p2a: Tzuei|Whimsicott, F|39\/100\n|turn|25\n|\n|t:|1700533501\n|move|p1a: Dragonite|Extreme Speed|p2a: Tzuei\n|-damage|p2a: Tzuei|0 fnt\n|faint|p2a: Tzuei\n|\n|win|Swoad Khan\n|raw|Swoad Khan's rating: 1150 &rarr; <strong>1177<\/strong><br \/>(+27 for winning)\n|raw|zongalezz's rating: 1181 &rarr; <strong>1154<\/strong><br \/>(-27 for losing)\n","uploadtime":1700533512,"views":1,"p1id":"swoadkhan","p2id":"zongalezz","formatid":"gen9nationaldex","rating":1154,"private":0,"password":""}