{"id":"gen9nationaldex-1991581993","p1":"NM Nidokings","p2":"DpL09","format":"[Gen 9] National Dex","log":"|j|\u2606NM Nidokings\n|j|\u2606DpL09\n|t:|1700090761\n|gametype|singles\n|player|p1|NM Nidokings|266|\n|player|p2|DpL09|veteran|\n|teamsize|p1|6\n|teamsize|p2|6\n|gen|9\n|tier|[Gen 9] National Dex\n|rule|HP Percentage Mod: HP is shown in percentages\n|rule|Endless Battle Clause: Forcing endless battles is banned\n|rule|OHKO Clause: OHKO moves are banned\n|rule|Evasion Clause: Evasion abilities, items, and moves are banned\n|rule|Evasion Abilities Clause: Evasion abilities are banned\n|rule|Evasion Items Clause: Evasion items are banned\n|rule|Evasion Moves Clause: Evasion moves are banned\n|rule|Species Clause: Limit one of each Pok\u00e9mon\n|rule|Sleep Clause Mod: Limit one foe put to sleep\n|clearpoke\n|poke|p1|Nidoking, M|\n|poke|p1|Arcanine-Hisui, F|\n|poke|p1|Kilowattrel, F|\n|poke|p1|Flamigo, M|\n|poke|p1|Drifblim, F|\n|poke|p1|Primarina, F|\n|poke|p2|Gliscor, M|\n|poke|p2|Meowscarada, M|\n|poke|p2|Skarmory, M|\n|poke|p2|Dragalge, M|\n|poke|p2|Ribombee, M|\n|poke|p2|Audino, F|\n|teampreview\n|\n|t:|1700090776\n|start\n|switch|p1a: Pride|Drifblim, F|100\/100\n|switch|p2a: Sylvester|Meowscarada, M|100\/100\n|turn|1\n|\n|t:|1700090793\n|switch|p1a: Roy|Arcanine-Hisui, F|100\/100\n|-ability|p1a: Roy|Intimidate|boost\n|-unboost|p2a: Sylvester|atk|1\n|move|p2a: Sylvester|Knock Off|p1a: Roy\n|-start|p2a: Sylvester|typechange|Dark|[from] ability: Protean\n|-damage|p1a: Roy|49\/100\n|-enditem|p1a: Roy|Heavy-Duty Boots|[from] move: Knock Off|[of] p2a: Sylvester\n|\n|upkeep\n|turn|2\n|\n|t:|1700090818\n|switch|p2a: Tasmanian Devil|Gliscor, M, shiny|100\/100\n|switch|p1a: Riza Hawkeye|Kilowattrel, F|100\/100\n|\n|upkeep\n|turn|3\n|\n|t:|1700090838\n|move|p1a: Riza Hawkeye|Hurricane|p2a: Tasmanian Devil|[miss]\n|-miss|p1a: Riza Hawkeye|p2a: Tasmanian Devil\n|move|p2a: Tasmanian Devil|Rock Tomb|p1a: Riza Hawkeye\n|-supereffective|p1a: Riza Hawkeye\n|-damage|p1a: Riza Hawkeye|25\/100\n|-unboost|p1a: Riza Hawkeye|spe|1\n|\n|upkeep\n|turn|4\n|\n|t:|1700090848\n|switch|p1a: Scar|Nidoking, M|100\/100\n|move|p2a: Tasmanian Devil|Rock Tomb|p1a: Scar\n|-resisted|p1a: Scar\n|-damage|p1a: Scar|90\/100\n|-unboost|p1a: Scar|spe|1\n|\n|upkeep\n|turn|5\n|\n|t:|1700090860\n|move|p2a: Tasmanian Devil|Earthquake|p1a: Scar\n|-supereffective|p1a: Scar\n|-damage|p1a: Scar|0 fnt\n|faint|p1a: Scar\n|\n|upkeep\n|\n|t:|1700090865\n|switch|p1a: Lust|Primarina, F|100\/100\n|turn|6\n|\n|t:|1700090871\n|switch|p2a: Granny|Audino, F, shiny|100\/100\n|move|p1a: Lust|Scald|p2a: Granny\n|-damage|p2a: Granny|66\/100\n|\n|-heal|p2a: Granny|72\/100|[from] item: Leftovers\n|upkeep\n|turn|7\n|\n|t:|1700090885\n|move|p1a: Lust|Moonblast|p2a: Granny\n|-damage|p2a: Granny|32\/100\n|-unboost|p2a: Granny|spa|1\n|move|p2a: Granny|Toxic|p1a: Lust\n|-status|p1a: Lust|tox\n|\n|-heal|p2a: Granny|38\/100|[from] item: Leftovers\n|-damage|p1a: Lust|94\/100 tox|[from] psn\n|upkeep\n|turn|8\n|\n|t:|1700090897\n|switch|p2a: Gossamer|Dragalge, M, shiny|100\/100\n|move|p1a: Lust|Scald|p2a: Gossamer\n|-resisted|p2a: Gossamer\n|-damage|p2a: Gossamer|86\/100\n|\n|-heal|p2a: Gossamer|92\/100|[from] item: Black Sludge\n|-damage|p1a: Lust|82\/100 tox|[from] psn\n|upkeep\n|turn|9\n|\n|t:|1700090913\n|switch|p1a: Pride|Drifblim, F|100\/100\n|move|p2a: Gossamer|Sludge Wave|p1a: Pride\n|-resisted|p1a: Pride\n|-damage|p1a: Pride|77\/100\n|\n|-heal|p1a: Pride|83\/100|[from] item: Leftovers\n|-heal|p2a: Gossamer|98\/100|[from] item: Black Sludge\n|upkeep\n|turn|10\n|\n|t:|1700090935\n|move|p1a: Pride|Calm Mind|p1a: Pride\n|-boost|p1a: Pride|spa|1\n|-boost|p1a: Pride|spd|1\n|move|p2a: Gossamer|Toxic|p1a: Pride\n|-status|p1a: Pride|tox\n|\n|-heal|p1a: Pride|89\/100 tox|[from] item: Leftovers\n|-heal|p2a: Gossamer|100\/100|[from] item: Black Sludge\n|-damage|p1a: Pride|83\/100 tox|[from] psn\n|upkeep\n|turn|11\n|\n|t:|1700090965\n|switch|p2a: Sylvester|Meowscarada, M|100\/100\n|move|p1a: Pride|Shadow Ball|p2a: Sylvester\n|-resisted|p2a: Sylvester\n|-damage|p2a: Sylvester|62\/100\n|\n|-heal|p1a: Pride|89\/100 tox|[from] item: Leftovers\n|-damage|p1a: Pride|77\/100 tox|[from] psn\n|upkeep\n|turn|12\n|\n|t:|1700090977\n|move|p2a: Sylvester|Shadow Claw|p1a: Pride\n|-start|p2a: Sylvester|typechange|Ghost|[from] ability: Protean\n|-supereffective|p1a: Pride\n|-damage|p1a: Pride|0 fnt\n|-damage|p2a: Sylvester|38\/100|[from] ability: Aftermath|[of] p1a: Pride\n|faint|p1a: Pride\n|\n|upkeep\n|\n|t:|1700090986\n|switch|p1a: Armstrong|Flamigo, M|100\/100\n|turn|13\n|\n|t:|1700090999\n|move|p2a: Sylvester|Shadow Claw|p1a: Armstrong\n|-damage|p1a: Armstrong|31\/100\n|move|p1a: Armstrong|Swords Dance|p1a: Armstrong\n|-boost|p1a: Armstrong|atk|2\n|\n|upkeep\n|turn|14\n|\n|t:|1700091008\n|switch|p1a: Roy|Arcanine-Hisui, F|49\/100\n|-ability|p1a: Roy|Intimidate|boost\n|-unboost|p2a: Sylvester|atk|1\n|move|p2a: Sylvester|Shadow Claw|p1a: Roy\n|-damage|p1a: Roy|9\/100\n|\n|upkeep\n|turn|15\n|\n|t:|1700091017\n|move|p2a: Sylvester|Shadow Claw|p1a: Roy\n|-damage|p1a: Roy|0 fnt\n|faint|p1a: Roy\n|\n|upkeep\n|\n|t:|1700091022\n|switch|p1a: Lust|Primarina, F|82\/100 tox\n|turn|16\n|\n|t:|1700091028\n|switch|p2a: Gossamer|Dragalge, M, shiny|100\/100\n|move|p1a: Lust|Scald|p2a: Gossamer\n|-resisted|p2a: Gossamer\n|-damage|p2a: Gossamer|85\/100\n|\n|-heal|p2a: Gossamer|91\/100|[from] item: Black Sludge\n|-damage|p1a: Lust|76\/100 tox|[from] psn\n|upkeep\n|turn|17\n|\n|t:|1700091038\n|move|p1a: Lust|Blizzard|p2a: Gossamer\n|-supereffective|p2a: Gossamer\n|-damage|p2a: Gossamer|31\/100\n|move|p2a: Gossamer|Sludge Wave|p1a: Lust\n|-supereffective|p1a: Lust\n|-damage|p1a: Lust|24\/100 tox\n|\n|-heal|p2a: Gossamer|37\/100|[from] item: Black Sludge\n|-damage|p1a: Lust|11\/100 tox|[from] psn\n|upkeep\n|turn|18\n|\n|t:|1700091058\n|move|p1a: Lust|Blizzard|p2a: Gossamer\n|-supereffective|p2a: Gossamer\n|-damage|p2a: Gossamer|0 fnt\n|faint|p2a: Gossamer\n|\n|-damage|p1a: Lust|0 fnt|[from] psn\n|faint|p1a: Lust\n|upkeep\n|\n|t:|1700091068\n|switch|p1a: Riza Hawkeye|Kilowattrel, F|25\/100\n|switch|p2a: Tasmanian Devil|Gliscor, M, shiny|100\/100\n|turn|19\n|\n|t:|1700091074\n|move|p1a: Riza Hawkeye|Hurricane|p2a: Tasmanian Devil\n|-damage|p2a: Tasmanian Devil|24\/100\n|-start|p2a: Tasmanian Devil|confusion\n|-activate|p2a: Tasmanian Devil|confusion\n|move|p2a: Tasmanian Devil|Rock Tomb|p1a: Riza Hawkeye\n|-supereffective|p1a: Riza Hawkeye\n|-damage|p1a: Riza Hawkeye|0 fnt\n|faint|p1a: Riza Hawkeye\n|\n|upkeep\n|\n|t:|1700091083\n|switch|p1a: Armstrong|Flamigo, M|31\/100\n|turn|20\n|\n|t:|1700091095\n|switch|p2a: Foghorn Leg Horn|Skarmory, M, shiny|100\/100\n|move|p1a: Armstrong|Tera Blast|p2a: Foghorn Leg Horn\n|-resisted|p2a: Foghorn Leg Horn\n|-crit|p2a: Foghorn Leg Horn\n|-damage|p2a: Foghorn Leg Horn|87\/100\n|\n|-heal|p2a: Foghorn Leg Horn|93\/100|[from] item: Leftovers\n|upkeep\n|turn|21\n|\n|t:|1700091105\n|-terastallize|p1a: Armstrong|Fire\n|move|p1a: Armstrong|Tera Blast|p2a: Foghorn Leg Horn|[anim] Tera Blast Fire\n|-supereffective|p2a: Foghorn Leg Horn\n|-damage|p2a: Foghorn Leg Horn|47\/100\n|move|p2a: Foghorn Leg Horn|Drill Peck|p1a: Armstrong\n|-damage|p1a: Armstrong|0 fnt\n|faint|p1a: Armstrong\n|\n|win|DpL09\n|c|\u2606DpL09|gg\n|c|\u2606NM Nidokings|gg\n|c|\u2606DpL09|i got the replay\n","uploadtime":1700091121,"views":60,"p1id":"nmnidokings","p2id":"dpl09","formatid":"gen9nationaldex","rating":0,"private":0,"password":""}