{"id":"gen9nationaldex-1990068099","p1":"leon lp","p2":"FLT231Larsonshark","format":"[Gen 9] National Dex","log":"|j|\u203dleon lp\n|j|\u2606FLT231Larsonshark\n|t:|1699921098\n|gametype|singles\n|player|p1|leon lp|101|1436\n|player|p2|FLT231Larsonshark|caitlin|1330\n|teamsize|p1|6\n|teamsize|p2|6\n|gen|9\n|tier|[Gen 9] National Dex\n|rated|\n|rule|HP Percentage Mod: HP is shown in percentages\n|rule|Endless Battle Clause: Forcing endless battles is banned\n|rule|OHKO Clause: OHKO moves are banned\n|rule|Evasion Clause: Evasion abilities, items, and moves are banned\n|rule|Evasion Abilities Clause: Evasion abilities are banned\n|rule|Evasion Items Clause: Evasion items are banned\n|rule|Evasion Moves Clause: Evasion moves are banned\n|rule|Species Clause: Limit one of each Pok\u00e9mon\n|rule|Sleep Clause Mod: Limit one foe put to sleep\n|clearpoke\n|poke|p1|Sneasler, M|\n|poke|p1|Diancie|\n|poke|p1|Flygon, F|\n|poke|p1|Tapu Lele|\n|poke|p1|Urshifu-*, M|\n|poke|p1|Aegislash, F|\n|poke|p2|Blaziken, F|\n|poke|p2|Morpeko, M|\n|poke|p2|Pinsir, M|\n|poke|p2|Slurpuff, M|\n|poke|p2|Iron Moth|\n|poke|p2|Ditto|\n|teampreview\n|inactive|Battle timer is ON: inactive players will automatically lose when time's up. (requested by FLT231Larsonshark)\n|\n|t:|1699921125\n|start\n|switch|p1a: Tapu Lele|Tapu Lele|100\/100\n|switch|p2a: the Slurpuff|Slurpuff, M|100\/100\n|-fieldstart|move: Psychic Terrain|[from] ability: Psychic Surge|[of] p1a: Tapu Lele\n|turn|1\n|\n|t:|1699921135\n|move|p1a: Tapu Lele|Psyshock|p2a: the Slurpuff\n|-damage|p2a: the Slurpuff|3\/100\n|-enditem|p2a: the Slurpuff|Sitrus Berry|[eat]\n|-heal|p2a: the Slurpuff|27\/100|[from] item: Sitrus Berry\n|move|p2a: the Slurpuff|Belly Drum||[still]\n|-fail|p2a: the Slurpuff\n|\n|upkeep\n|turn|2\n|\n|t:|1699921141\n|move|p2a: the Slurpuff|Sticky Web|p1a: Tapu Lele\n|-sidestart|p1: leon lp|move: Sticky Web\n|move|p1a: Tapu Lele|Psyshock|p2a: the Slurpuff\n|-damage|p2a: the Slurpuff|0 fnt\n|faint|p2a: the Slurpuff\n|\n|upkeep\n|\n|t:|1699921146\n|switch|p2a: the Morpeko|Morpeko, M|100\/100\n|turn|3\n|\n|t:|1699921152\n|switch|p1a: Flygon|Flygon, F|100\/100\n|move|p2a: the Morpeko|Swagger|p1a: Flygon|[miss]\n|-miss|p2a: the Morpeko|p1a: Flygon\n|\n|-formechange|p2a: the Morpeko|Morpeko-Hangry||[from] ability: Hunger Switch\n|upkeep\n|turn|4\n|\n|t:|1699921175\n|move|p1a: Flygon|Scale Shot|p2a: the Morpeko\n|-damage|p2a: the Morpeko|77\/100\n|-damage|p2a: the Morpeko|51\/100\n|-damage|p2a: the Morpeko|28\/100\n|-damage|p2a: the Morpeko|3\/100\n|-damage|p2a: the Morpeko|0 fnt\n|faint|p2a: the Morpeko\n|-hitcount|p2: the Morpeko|5\n|-unboost|p1a: Flygon|def|1\n|-boost|p1a: Flygon|spe|1\n|\n|upkeep\n|\n|t:|1699921181\n|switch|p2a: The Imposter|Ditto|100\/100\n|-transform|p2a: The Imposter|p1a: Flygon|[from] ability: Imposter\n|turn|5\n|\n|t:|1699921191\n|-terastallize|p1a: Flygon|Electric\n|move|p2a: The Imposter|Scale Shot|p1a: Flygon\n|-damage|p1a: Flygon|77\/100\n|-damage|p1a: Flygon|54\/100\n|-hitcount|p1a: Flygon|2\n|-unboost|p2a: The Imposter|def|1\n|-boost|p2a: The Imposter|spe|1\n|move|p1a: Flygon|Scale Shot|p2a: The Imposter|[miss]\n|-miss|p1a: Flygon|p2a: The Imposter\n|\n|-fieldend|move: Psychic Terrain\n|upkeep\n|turn|6\n|\n|t:|1699921203\n|move|p2a: The Imposter|Scale Shot|p1a: Flygon|[miss]\n|-miss|p2a: The Imposter|p1a: Flygon\n|move|p1a: Flygon|Scale Shot|p2a: The Imposter\n|-supereffective|p2a: The Imposter\n|-damage|p2a: The Imposter|32\/100\n|-supereffective|p2a: The Imposter\n|-damage|p2a: The Imposter|0 fnt\n|faint|p2a: The Imposter\n|-hitcount|p2: The Imposter|2\n|-unboost|p1a: Flygon|def|1\n|-boost|p1a: Flygon|spe|1\n|\n|upkeep\n|\n|t:|1699921207\n|switch|p2a: The Pinsir|Pinsir, M|100\/100\n|turn|7\n|\n|t:|1699921221\n|detailschange|p2a: The Pinsir|Pinsir-Mega, M\n|-mega|p2a: The Pinsir|Pinsir|Pinsirite\n|move|p1a: Flygon|Thunder Punch|p2a: The Pinsir\n|-supereffective|p2a: The Pinsir\n|-damage|p2a: The Pinsir|30\/100\n|move|p2a: The Pinsir|Knock Off|p1a: Flygon\n|-damage|p1a: Flygon|0 fnt\n|-enditem|p1a: Flygon|Loaded Dice|[from] move: Knock Off|[of] p2a: The Pinsir\n|faint|p1a: Flygon\n|\n|upkeep\n|\n|t:|1699921236\n|switch|p1a: Aegislash|Aegislash, F|100\/100\n|-activate|p1a: Aegislash|move: Sticky Web\n|-unboost|p1a: Aegislash|spe|1\n|turn|8\n|inactive|FLT231Larsonshark has 120 seconds left.\n|\n|t:|1699921270\n|move|p1a: Aegislash|King's Shield|p1a: Aegislash\n|-singleturn|p1a: Aegislash|Protect\n|move|p2a: The Pinsir|Swords Dance|p2a: The Pinsir\n|-boost|p2a: The Pinsir|atk|2\n|\n|upkeep\n|turn|9\n|\n|t:|1699921275\n|-formechange|p1a: Aegislash|Aegislash-Blade||[from] ability: Stance Change\n|move|p1a: Aegislash|Shadow Sneak|p2a: The Pinsir\n|-damage|p2a: The Pinsir|5\/100\n|move|p2a: The Pinsir|Knock Off|p1a: Aegislash\n|-supereffective|p1a: Aegislash\n|-damage|p1a: Aegislash|0 fnt\n|-enditem|p1a: Aegislash|Weakness Policy|[from] move: Knock Off|[of] p2a: The Pinsir\n|faint|p1a: Aegislash\n|\n|upkeep\n|\n|t:|1699921298\n|switch|p1a: Tapu Lele|Tapu Lele|100\/100\n|-activate|p1a: Tapu Lele|move: Sticky Web\n|-unboost|p1a: Tapu Lele|spe|1\n|-fieldstart|move: Psychic Terrain|[from] ability: Psychic Surge|[of] p1a: Tapu Lele\n|turn|10\n|inactive|FLT231Larsonshark has 120 seconds left.\n|\n|t:|1699921335\n|move|p2a: The Pinsir|Swords Dance|p2a: The Pinsir\n|-boost|p2a: The Pinsir|atk|2\n|move|p1a: Tapu Lele|Psyshock|p2a: The Pinsir\n|-damage|p2a: The Pinsir|0 fnt\n|faint|p2a: The Pinsir\n|\n|upkeep\n|\n|t:|1699921342\n|switch|p2a: The Blaziken|Blaziken, F|100\/100\n|turn|11\n|\n|t:|1699921345\n|move|p2a: The Blaziken|Flare Blitz|p1a: Tapu Lele\n|-damage|p1a: Tapu Lele|0 fnt\n|faint|p1a: Tapu Lele\n|-damage|p2a: The Blaziken|70\/100|[from] Recoil\n|-damage|p2a: The Blaziken|60\/100|[from] item: Life Orb\n|\n|-ability|p2a: The Blaziken|Speed Boost|boost\n|-boost|p2a: The Blaziken|spe|1\n|upkeep\n|\n|t:|1699921355\n|switch|p1a: Diancie|Diancie|100\/100\n|-activate|p1a: Diancie|move: Sticky Web\n|-fail|p1a: Diancie|unboost|[from] ability: Clear Body|[of] p1a: Diancie\n|turn|12\n|\n|t:|1699921361\n|detailschange|p1a: Diancie|Diancie-Mega\n|-mega|p1a: Diancie|Diancie|Diancite\n|move|p2a: The Blaziken|Close Combat|p1a: Diancie\n|-damage|p1a: Diancie|0 fnt\n|-unboost|p2a: The Blaziken|def|1\n|-unboost|p2a: The Blaziken|spd|1\n|faint|p1a: Diancie\n|-damage|p2a: The Blaziken|50\/100|[from] item: Life Orb\n|\n|-ability|p2a: The Blaziken|Speed Boost|boost\n|-boost|p2a: The Blaziken|spe|1\n|upkeep\n|\n|t:|1699921372\n|switch|p1a: Urshifu|Urshifu-Rapid-Strike, M|100\/100\n|-activate|p1a: Urshifu|move: Sticky Web\n|-unboost|p1a: Urshifu|spe|1\n|turn|13\n|c|\u2606FLT231Larsonshark|threw\n|\n|t:|1699921380\n|move|p2a: The Blaziken|Brave Bird|p1a: Urshifu\n|-supereffective|p1a: Urshifu\n|-damage|p1a: Urshifu|0 fnt\n|faint|p1a: Urshifu\n|-damage|p2a: The Blaziken|12\/100|[from] Recoil\n|-damage|p2a: The Blaziken|2\/100|[from] item: Life Orb\n|\n|-ability|p2a: The Blaziken|Speed Boost|boost\n|-boost|p2a: The Blaziken|spe|1\n|upkeep\n|c|\u2606FLT231Larsonshark|legit threw\n|\n|t:|1699921390\n|switch|p1a: Sneasler|Sneasler, M|100\/100\n|-activate|p1a: Sneasler|move: Sticky Web\n|-unboost|p1a: Sneasler|spe|1\n|-enditem|p1a: Sneasler|Psychic Seed\n|-boost|p1a: Sneasler|spd|1|[from] item: Psychic Seed\n|turn|14\n|\n|t:|1699921397\n|move|p2a: The Blaziken|Brave Bird|p1a: Sneasler\n|-supereffective|p1a: Sneasler\n|-damage|p1a: Sneasler|0 fnt\n|faint|p1a: Sneasler\n|-damage|p2a: The Blaziken|0 fnt|[from] Recoil\n|faint|p2a: The Blaziken\n|\n|win|FLT231Larsonshark\n|raw|leon lp's rating: 1436 &rarr; <strong>1410<\/strong><br \/>(-26 for losing)\n|raw|FLT231Larsonshark's rating: 1330 &rarr; <strong>1356<\/strong><br \/>(+26 for winning)\n|c|\u2606FLT231Larsonshark|youre bad\n|l|\u203dleon lp\n|c|\u2606FLT231Larsonshark|how did you get 1400\n","uploadtime":1699921408,"views":7,"p1id":"leonlp","p2id":"flt231larsonshark","formatid":"gen9nationaldex","rating":1356,"private":0,"password":""}