{"id":"gen9nationaldex-1993597676","p1":"bodi 69","p2":"Osgar","format":"[Gen 9] National Dex","log":"|j|\u2606bodi 69\n|j|\u2606Osgar\n|inactive|Battle timer is ON: inactive players will automatically lose when time's up.\n|t:|1700335857\n|gametype|singles\n|player|p1|bodi 69|leon|\n|player|p2|Osgar|giovanni|\n|teamsize|p1|6\n|teamsize|p2|6\n|gen|9\n|tier|[Gen 9] National Dex\n|rated|Tournament battle\n|rule|HP Percentage Mod: HP is shown in percentages\n|rule|Endless Battle Clause: Forcing endless battles is banned\n|rule|OHKO Clause: OHKO moves are banned\n|rule|Evasion Clause: Evasion abilities, items, and moves are banned\n|rule|Evasion Abilities Clause: Evasion abilities are banned\n|rule|Evasion Items Clause: Evasion items are banned\n|rule|Evasion Moves Clause: Evasion moves are banned\n|rule|Species Clause: Limit one of each Pok\u00e9mon\n|rule|Sleep Clause Mod: Limit one foe put to sleep\n|clearpoke\n|poke|p1|Ribombee, M|\n|poke|p1|Serperior, M|\n|poke|p1|Togekiss, M|\n|poke|p1|Jirachi|\n|poke|p1|Diancie|\n|poke|p1|Glimmora, F|\n|poke|p2|Torkoal, F|\n|poke|p2|Charizard, F|\n|poke|p2|Sandy Shocks|\n|poke|p2|Ting-Lu|\n|poke|p2|Lilligant-Hisui, F|\n|poke|p2|Scrafty, F|\n|teampreview\n|inactive|bodi 69 also wants the timer to be on.\n|j| Aziz Le Bledart\n|j| Potatofromsinnoh\n|l| Aziz Le Bledart\n|c|\u2606bodi 69|:o\n|c| Potatofromsinnoh|sandy shocks spotted\n|c|\u2606bodi 69|same shit as always\n|c| Potatofromsinnoh|yeah this guy has swag\n|\n|t:|1700335886\n|start\n|switch|p1a: Ribombee|Ribombee, M|100\/100\n|switch|p2a: Sandy Shocks|Sandy Shocks|100\/100\n|turn|1\n|c|\u2606bodi 69|para flinch\n|\n|t:|1700335892\n|move|p1a: Ribombee|Sticky Web|p2a: Sandy Shocks\n|-sidestart|p2: Osgar|move: Sticky Web\n|move|p2a: Sandy Shocks|Thunderbolt|p1a: Ribombee\n|-damage|p1a: Ribombee|38\/100\n|\n|upkeep\n|turn|2\n|\n|t:|1700335896\n|move|p1a: Ribombee|Moonblast|p2a: Sandy Shocks\n|-damage|p2a: Sandy Shocks|63\/100\n|move|p2a: Sandy Shocks|Volt Switch|p1a: Ribombee\n|-damage|p1a: Ribombee|0 fnt\n|faint|p1a: Ribombee\n|\n|t:|1700335906\n|-end|p2a: Sandy Shocks|Protosynthesis|[silent]\n|switch|p2a: Ting-Lu|Ting-Lu|100\/100|[from] Volt Switch\n|-activate|p2a: Ting-Lu|move: Sticky Web\n|-unboost|p2a: Ting-Lu|spe|1\n|-ability|p2a: Ting-Lu|Vessel of Ruin\n|\n|upkeep\n|c|\u2606bodi 69|ting lu come here\n|\n|t:|1700335916\n|switch|p1a: Serperior|Serperior, M|100\/100\n|turn|3\n|\n|t:|1700335925\n|-terastallize|p2a: Ting-Lu|Poison\n|move|p1a: Serperior|Glare|p2a: Ting-Lu\n|-status|p2a: Ting-Lu|par\n|move|p2a: Ting-Lu|Spikes|p1a: Serperior\n|-sidestart|p1: bodi 69|Spikes\n|\n|upkeep\n|turn|4\n|\n|t:|1700335934\n|switch|p1a: Togekiss|Togekiss, M|100\/100\n|cant|p2a: Ting-Lu|par\n|\n|upkeep\n|turn|5\n|\n|t:|1700335942\n|move|p1a: Togekiss|Ancient Power|p2a: Ting-Lu\n|-damage|p2a: Ting-Lu|92\/100 par\n|move|p2a: Ting-Lu|Whirlwind|p1a: Togekiss\n|drag|p1a: Glimmora|Glimmora, F|100\/100\n|-damage|p1a: Glimmora|88\/100|[from] Spikes\n|\n|-heal|p2a: Ting-Lu|98\/100 par|[from] item: Leftovers\n|upkeep\n|turn|6\n|\n|t:|1700335948\n|move|p1a: Glimmora|Stealth Rock|p2a: Ting-Lu\n|-sidestart|p2: Osgar|move: Stealth Rock\n|move|p2a: Ting-Lu|Earthquake|p1a: Glimmora\n|-supereffective|p1a: Glimmora\n|-crit|p1a: Glimmora\n|-damage|p1a: Glimmora|0 fnt\n|-activate|p1a: Glimmora|ability: Toxic Debris\n|-sidestart|p2: Osgar|move: Toxic Spikes\n|faint|p1a: Glimmora\n|\n|-heal|p2a: Ting-Lu|100\/100 par|[from] item: Leftovers\n|upkeep\n|j| TEHD0G\n|c|\u2606bodi 69|a\n|\n|t:|1700335959\n|switch|p1a: Togekiss|Togekiss, M|100\/100\n|turn|7\n|\n|t:|1700335963\n|move|p1a: Togekiss|Ancient Power|p2a: Ting-Lu\n|-damage|p2a: Ting-Lu|92\/100 par\n|move|p2a: Ting-Lu|Whirlwind|p1a: Togekiss\n|drag|p1a: Diancie|Diancie|100\/100\n|-damage|p1a: Diancie|88\/100|[from] Spikes\n|\n|-heal|p2a: Ting-Lu|98\/100 par|[from] item: Leftovers\n|upkeep\n|turn|8\n|\n|t:|1700335968\n|detailschange|p1a: Diancie|Diancie-Mega\n|-mega|p1a: Diancie|Diancie|Diancite\n|move|p1a: Diancie|Earth Power|p2a: Ting-Lu\n|-supereffective|p2a: Ting-Lu\n|-damage|p2a: Ting-Lu|67\/100 par\n|move|p2a: Ting-Lu|Earthquake|p1a: Diancie\n|-supereffective|p1a: Diancie\n|-damage|p1a: Diancie|0 fnt\n|faint|p1a: Diancie\n|\n|-heal|p2a: Ting-Lu|74\/100 par|[from] item: Leftovers\n|upkeep\n|\n|t:|1700335973\n|switch|p1a: Togekiss|Togekiss, M|100\/100\n|turn|9\n|\n|t:|1700335975\n|move|p1a: Togekiss|Ancient Power|p2a: Ting-Lu\n|-damage|p2a: Ting-Lu|66\/100 par\n|cant|p2a: Ting-Lu|par\n|\n|-heal|p2a: Ting-Lu|72\/100 par|[from] item: Leftovers\n|upkeep\n|turn|10\n|\n|t:|1700335980\n|move|p1a: Togekiss|Ancient Power|p2a: Ting-Lu\n|-damage|p2a: Ting-Lu|62\/100 par\n|move|p2a: Ting-Lu|Whirlwind|p1a: Togekiss\n|drag|p1a: Serperior|Serperior, M|100\/100\n|-damage|p1a: Serperior|88\/100|[from] Spikes\n|\n|-heal|p1a: Serperior|94\/100|[from] item: Leftovers\n|-heal|p2a: Ting-Lu|68\/100 par|[from] item: Leftovers\n|upkeep\n|turn|11\n|\n|t:|1700335987\n|switch|p2a: Torkoal|Torkoal, F|100\/100\n|-activate|p2a: Torkoal|move: Sticky Web\n|-unboost|p2a: Torkoal|spe|1\n|-damage|p2a: Torkoal|75\/100|[from] Stealth Rock\n|-status|p2a: Torkoal|psn\n|-weather|SunnyDay|[from] ability: Drought|[of] p2a: Torkoal\n|move|p1a: Serperior|Leaf Storm|p2a: Torkoal\n|-resisted|p2a: Torkoal\n|-damage|p2a: Torkoal|46\/100 psn\n|-boost|p1a: Serperior|spa|2\n|\n|-weather|SunnyDay|[upkeep]\n|-heal|p1a: Serperior|100\/100|[from] item: Leftovers\n|-damage|p2a: Torkoal|33\/100 psn|[from] psn\n|upkeep\n|turn|12\n|c| Potatofromsinnoh|uggghhhh\n|\n|t:|1700335997\n|move|p1a: Serperior|Leaf Storm|p2a: Torkoal\n|-resisted|p2a: Torkoal\n|-damage|p2a: Torkoal|0 fnt\n|-boost|p1a: Serperior|spa|2\n|faint|p2a: Torkoal\n|\n|-weather|SunnyDay|[upkeep]\n|upkeep\n|c|\u2606bodi 69|yeah\n|j| The power of ROCK\n|c|\u2606bodi 69|i wanted that omni boost dawg\n|\n|t:|1700336023\n|switch|p2a: Ting-Lu|Ting-Lu, tera:Poison|68\/100 par\n|-activate|p2a: Ting-Lu|move: Sticky Web\n|-unboost|p2a: Ting-Lu|spe|1\n|-damage|p2a: Ting-Lu|56\/100 par|[from] Stealth Rock\n|-sideend|p2: Osgar|move: Toxic Spikes|[of] p2a: Ting-Lu\n|-ability|p2a: Ting-Lu|Vessel of Ruin\n|turn|13\n|\n|t:|1700336030\n|move|p1a: Serperior|Leaf Storm|p2a: Ting-Lu|[miss]\n|-miss|p1a: Serperior|p2a: Ting-Lu\n|cant|p2a: Ting-Lu|par\n|\n|-weather|SunnyDay|[upkeep]\n|-heal|p2a: Ting-Lu|62\/100 par|[from] item: Leftovers\n|upkeep\n|turn|14\n|\n|t:|1700336034\n|move|p1a: Serperior|Leaf Storm|p2a: Ting-Lu\n|-resisted|p2a: Ting-Lu\n|-damage|p2a: Ting-Lu|35\/100 par\n|-boost|p1a: Serperior|spa|2\n|move|p2a: Ting-Lu|Whirlwind|p1a: Serperior\n|drag|p1a: Togekiss|Togekiss, M|100\/100\n|\n|-weather|SunnyDay|[upkeep]\n|-heal|p2a: Ting-Lu|41\/100 par|[from] item: Leftovers\n|upkeep\n|turn|15\n|c| Potatofromsinnoh|DONT USE STORM\n|\n|t:|1700336045\n|move|p1a: Togekiss|Air Slash|p2a: Ting-Lu\n|-damage|p2a: Ting-Lu|24\/100 par\n|cant|p2a: Ting-Lu|flinch\n|\n|-weather|SunnyDay|[upkeep]\n|-heal|p2a: Ting-Lu|31\/100 par|[from] item: Leftovers\n|upkeep\n|turn|16\n|\n|t:|1700336050\n|move|p1a: Togekiss|Air Slash|p2a: Ting-Lu\n|-damage|p2a: Ting-Lu|12\/100 par\n|cant|p2a: Ting-Lu|flinch\n|\n|-weather|SunnyDay|[upkeep]\n|-heal|p2a: Ting-Lu|18\/100 par|[from] item: Leftovers\n|upkeep\n|turn|17\n|c| Potatofromsinnoh|Bro AAAAAAAA\n|\n|t:|1700336057\n|move|p1a: Togekiss|Air Slash|p2a: Ting-Lu\n|-damage|p2a: Ting-Lu|0 fnt\n|faint|p2a: Ting-Lu\n|\n|-weather|SunnyDay|[upkeep]\n|upkeep\n|\n|t:|1700336058\n|switch|p2a: Sandy Shocks|Sandy Shocks|63\/100\n|-activate|p2a: Sandy Shocks|move: Sticky Web\n|-unboost|p2a: Sandy Shocks|spe|1\n|-damage|p2a: Sandy Shocks|57\/100|[from] Stealth Rock\n|-activate|p2a: Sandy Shocks|ability: Protosynthesis\n|-start|p2a: Sandy Shocks|protosynthesisspa\n|turn|18\n|\n|t:|1700336062\n|move|p1a: Togekiss|Air Slash|p2a: Sandy Shocks\n|-resisted|p2a: Sandy Shocks\n|-damage|p2a: Sandy Shocks|20\/100\n|move|p2a: Sandy Shocks|Volt Switch|p1a: Togekiss\n|-supereffective|p1a: Togekiss\n|-damage|p1a: Togekiss|0 fnt\n|faint|p1a: Togekiss\n|\n|t:|1700336068\n|-end|p2a: Sandy Shocks|Protosynthesis|[silent]\n|switch|p2a: Lilligant|Lilligant-Hisui, F|100\/100|[from] Volt Switch\n|-activate|p2a: Lilligant|move: Sticky Web\n|-unboost|p2a: Lilligant|spe|1\n|-damage|p2a: Lilligant|94\/100|[from] Stealth Rock\n|\n|-weather|none\n|upkeep\n|c|\u2606bodi 69|:o\n|\n|t:|1700336073\n|switch|p1a: Serperior|Serperior, M|100\/100\n|-damage|p1a: Serperior|88\/100|[from] Spikes\n|turn|19\n|c|\u2606bodi 69|no way it's real\n|\n|t:|1700336081\n|switch|p2a: Sandy Shocks|Sandy Shocks|20\/100\n|-activate|p2a: Sandy Shocks|move: Sticky Web\n|-unboost|p2a: Sandy Shocks|spe|1\n|-damage|p2a: Sandy Shocks|14\/100|[from] Stealth Rock\n|move|p1a: Serperior|Glare|p2a: Sandy Shocks\n|-immune|p2a: Sandy Shocks\n|\n|-heal|p1a: Serperior|94\/100|[from] item: Leftovers\n|upkeep\n|turn|20\n|\n|t:|1700336085\n|move|p1a: Serperior|Substitute|p1a: Serperior\n|-start|p1a: Serperior|Substitute\n|-damage|p1a: Serperior|69\/100\n|move|p2a: Sandy Shocks|Volt Switch|p1a: Serperior\n|-resisted|p1a: Serperior\n|-activate|p1a: Serperior|move: Substitute|[damage]\n|\n|t:|1700336092\n|-end|p2a: Sandy Shocks|Protosynthesis|[silent]\n|switch|p2a: Charizard|Charizard, F|100\/100|[from] Volt Switch\n|-damage|p2a: Charizard|51\/100|[from] Stealth Rock\n|\n|-heal|p1a: Serperior|76\/100|[from] item: Leftovers\n|upkeep\n|turn|21\n|\n|t:|1700336095\n|detailschange|p2a: Charizard|Charizard-Mega-Y, F\n|-mega|p2a: Charizard|Charizard|Charizardite Y\n|-weather|SunnyDay|[from] ability: Drought|[of] p2a: Charizard\n|move|p1a: Serperior|Glare|p2a: Charizard\n|-status|p2a: Charizard|par\n|move|p2a: Charizard|Weather Ball|p1a: Serperior\n|-supereffective|p1a: Serperior\n|-end|p1a: Serperior|Substitute\n|\n|-weather|SunnyDay|[upkeep]\n|-heal|p1a: Serperior|82\/100|[from] item: Leftovers\n|upkeep\n|turn|22\n|\n|t:|1700336098\n|move|p1a: Serperior|Substitute|p1a: Serperior\n|-start|p1a: Serperior|Substitute\n|-damage|p1a: Serperior|57\/100\n|move|p2a: Charizard|Weather Ball|p1a: Serperior\n|-supereffective|p1a: Serperior\n|-crit|p1a: Serperior\n|-end|p1a: Serperior|Substitute\n|\n|-weather|SunnyDay|[upkeep]\n|-heal|p1a: Serperior|63\/100|[from] item: Leftovers\n|upkeep\n|turn|23\n|\n|t:|1700336101\n|move|p1a: Serperior|Substitute|p1a: Serperior\n|-start|p1a: Serperior|Substitute\n|-damage|p1a: Serperior|38\/100\n|move|p2a: Charizard|Weather Ball|p1a: Serperior\n|-supereffective|p1a: Serperior\n|-end|p1a: Serperior|Substitute\n|\n|-weather|SunnyDay|[upkeep]\n|-heal|p1a: Serperior|44\/100|[from] item: Leftovers\n|upkeep\n|turn|24\n|c| Potatofromsinnoh|please tell me its hp rock\n|c|\u2606bodi 69|ZZZZ\n|c|\u2606bodi 69|no\n|\n|t:|1700336109\n|move|p1a: Serperior|Substitute|p1a: Serperior\n|-start|p1a: Serperior|Substitute\n|-damage|p1a: Serperior|20\/100\n|move|p2a: Charizard|Weather Ball|p1a: Serperior\n|-supereffective|p1a: Serperior\n|-end|p1a: Serperior|Substitute\n|\n|-weather|SunnyDay|[upkeep]\n|-heal|p1a: Serperior|26\/100|[from] item: Leftovers\n|upkeep\n|turn|25\n|\n|t:|1700336112\n|move|p1a: Serperior|Substitute|p1a: Serperior\n|-start|p1a: Serperior|Substitute\n|-damage|p1a: Serperior|1\/100\n|cant|p2a: Charizard|par\n|\n|-weather|none\n|-heal|p1a: Serperior|7\/100|[from] item: Leftovers\n|upkeep\n|turn|26\n|\n|t:|1700336116\n|move|p1a: Serperior|Leaf Storm|p2a: Charizard\n|-resisted|p2a: Charizard\n|-crit|p2a: Charizard\n|-damage|p2a: Charizard|34\/100 par\n|-boost|p1a: Serperior|spa|2\n|cant|p2a: Charizard|par\n|\n|-heal|p1a: Serperior|13\/100|[from] item: Leftovers\n|upkeep\n|turn|27\n|\n|t:|1700336119\n|move|p1a: Serperior|Leaf Storm|p2a: Charizard\n|-resisted|p2a: Charizard\n|-damage|p2a: Charizard|11\/100 par\n|-boost|p1a: Serperior|spa|2\n|move|p2a: Charizard|Air Slash|p1a: Serperior\n|-supereffective|p1a: Serperior\n|-end|p1a: Serperior|Substitute\n|\n|-heal|p1a: Serperior|20\/100|[from] item: Leftovers\n|upkeep\n|turn|28\n|\n|t:|1700336123\n|switch|p2a: Sandy Shocks|Sandy Shocks|14\/100\n|-activate|p2a: Sandy Shocks|move: Sticky Web\n|-unboost|p2a: Sandy Shocks|spe|1\n|-damage|p2a: Sandy Shocks|8\/100|[from] Stealth Rock\n|move|p1a: Serperior|Leaf Storm|p2a: Sandy Shocks\n|-supereffective|p2a: Sandy Shocks\n|-damage|p2a: Sandy Shocks|0 fnt\n|-boost|p1a: Serperior|spa|2\n|faint|p2a: Sandy Shocks\n|-end|p2a: Sandy Shocks|Protosynthesis|[silent]\n|\n|-heal|p1a: Serperior|26\/100|[from] item: Leftovers\n|upkeep\n|\n|t:|1700336127\n|switch|p2a: Scrafty|Scrafty, F|100\/100\n|-activate|p2a: Scrafty|move: Sticky Web\n|-unboost|p2a: Scrafty|spe|1\n|-damage|p2a: Scrafty|95\/100|[from] Stealth Rock\n|turn|29\n|c| Potatofromsinnoh|dont understand people who dont HP rock serp\n|c| Potatofromsinnoh|HOLY FUCK\n|l|\u2606bodi 69\n|inactive|bodi 69 disconnected and has a minute to reconnect!\n|player|p1|\n|j|\u2606bodi 69\n|inactive|bodi 69 reconnected and has 110 seconds left.\n|player|p1|bodi 69|leon\n|c|\u2606bodi 69|holy shit\n|\n|t:|1700336178\n|switch|p2a: Lilligant|Lilligant-Hisui, F|94\/100\n|-activate|p2a: Lilligant|move: Sticky Web\n|-unboost|p2a: Lilligant|spe|1\n|-damage|p2a: Lilligant|88\/100|[from] Stealth Rock\n|move|p1a: Serperior|Leaf Storm|p2a: Lilligant\n|-resisted|p2a: Lilligant\n|-damage|p2a: Lilligant|0 fnt\n|faint|p2a: Lilligant\n|\n|-heal|p1a: Serperior|32\/100|[from] item: Leftovers\n|upkeep\n|c| Potatofromsinnoh|you better have a second attack'\n|\n|t:|1700336183\n|switch|p2a: Scrafty|Scrafty, F|95\/100\n|-activate|p2a: Scrafty|move: Sticky Web\n|-unboost|p2a: Scrafty|spe|1\n|-damage|p2a: Scrafty|89\/100|[from] Stealth Rock\n|turn|30\n|\n|t:|1700336193\n|-terastallize|p1a: Serperior|Fire\n|move|p1a: Serperior|Hidden Power|p2a: Scrafty\n|-damage|p2a: Scrafty|33\/100\n|move|p2a: Scrafty|Knock Off|p1a: Serperior\n|-damage|p1a: Serperior|0 fnt\n|-enditem|p1a: Serperior|Leftovers|[from] move: Knock Off|[of] p2a: Scrafty\n|faint|p1a: Serperior\n|\n|upkeep\n|\n|t:|1700336197\n|switch|p1a: Jirachi|Jirachi, shiny|100\/100\n|-damage|p1a: Jirachi|88\/100|[from] Spikes\n|turn|31\n|c| Potatofromsinnoh|bro\n|\n|t:|1700336202\n|move|p1a: Jirachi|Iron Head|p2a: Scrafty\n|-damage|p2a: Scrafty|0 fnt\n|faint|p2a: Scrafty\n|\n|upkeep\n|\n|t:|1700336204\n|switch|p2a: Charizard|Charizard-Mega-Y, F|11\/100 par\n|-damage|p2a: Charizard|0 fnt|[from] Stealth Rock\n|faint|p2a: Charizard\n|\n|win|bodi 69\n|n|\u2606Osgar|osgar\n|n| Potatofromsinnoh|potatofromsinnoh\n|n| TEHD0G|tehd0g\n|n| The power of ROCK|thepowerofrock\n|n|\u2606bodi 69|bodi69\n","uploadtime":1700336205,"views":7,"p1id":"bodi69","p2id":"osgar","formatid":"gen9nationaldex","rating":0,"private":0,"password":""}