{"id":"gen9nationaldex-1997557082","p1":"QIxhQI","p2":"hhhhhh111111","format":"[Gen 9] National Dex","log":"|html|<div class=\"broadcast-blue\"><strong>[Gen 9] National Dex is currently suspecting Sneasler! For information on how to participate check out the <a href=\"https:\/\/www.smogon.com\/forums\/threads\/sv-national-dex-suspect-8-just-dance.3731534\/\">suspect thread<\/a>.<\/strong><\/div>\n|j|\u2606QIxhQI\n|j|\u2606hhhhhh111111\n|t:|1700825076\n|gametype|singles\n|player|p1|QIxhQI|170|1640\n|player|p2|hhhhhh111111|steven|1713\n|teamsize|p1|6\n|teamsize|p2|6\n|gen|9\n|tier|[Gen 9] National Dex\n|rated|\n|rule|HP Percentage Mod: HP is shown in percentages\n|rule|Endless Battle Clause: Forcing endless battles is banned\n|rule|OHKO Clause: OHKO moves are banned\n|rule|Evasion Clause: Evasion abilities, items, and moves are banned\n|rule|Evasion Abilities Clause: Evasion abilities are banned\n|rule|Evasion Items Clause: Evasion items are banned\n|rule|Evasion Moves Clause: Evasion moves are banned\n|rule|Species Clause: Limit one of each Pok\u00e9mon\n|rule|Sleep Clause Mod: Limit one foe put to sleep\n|clearpoke\n|poke|p1|Mawile, M|\n|poke|p1|Marowak-Alola, M|\n|poke|p1|Hatterene, F|\n|poke|p1|Cresselia, F|\n|poke|p1|Porygon2|\n|poke|p1|Ursaluna, F|\n|poke|p2|Swampert, M|\n|poke|p2|Pelipper, M|\n|poke|p2|Greninja-*, M|\n|poke|p2|Ferrothorn, M|\n|poke|p2|Dragonite, M|\n|poke|p2|Barraskewda, F|\n|teampreview\n|j| Sunep m07\n|inactive|Battle timer is ON: inactive players will automatically lose when time's up. (requested by QIxhQI)\n|\n|t:|1700825092\n|start\n|switch|p1a: Hatterene|Hatterene, F|100\/100\n|switch|p2a: Ferrothorn|Ferrothorn, M, shiny|100\/100\n|turn|1\n|\n|t:|1700825098\n|move|p1a: Hatterene|Mystical Fire|p2a: Ferrothorn\n|-supereffective|p2a: Ferrothorn\n|-damage|p2a: Ferrothorn|19\/100\n|-unboost|p2a: Ferrothorn|spa|1\n|move|p2a: Ferrothorn|Gyro Ball|p1a: Hatterene\n|-supereffective|p1a: Hatterene\n|-damage|p1a: Hatterene|61\/100\n|\n|-heal|p2a: Ferrothorn|25\/100|[from] item: Leftovers\n|upkeep\n|turn|2\n|\n|t:|1700825119\n|move|p2a: Ferrothorn|Gyro Ball|p1a: Hatterene\n|-supereffective|p1a: Hatterene\n|-damage|p1a: Hatterene|21\/100\n|move|p1a: Hatterene|Trick Room|p1a: Hatterene\n|-fieldstart|move: Trick Room|[of] p1a: Hatterene\n|\n|-heal|p2a: Ferrothorn|31\/100|[from] item: Leftovers\n|upkeep\n|turn|3\n|\n|t:|1700825126\n|move|p2a: Ferrothorn|Gyro Ball|p1a: Hatterene\n|-supereffective|p1a: Hatterene\n|-damage|p1a: Hatterene|0 fnt\n|faint|p1a: Hatterene\n|\n|-heal|p2a: Ferrothorn|37\/100|[from] item: Leftovers\n|upkeep\n|\n|t:|1700825133\n|switch|p1a: Marowak|Marowak-Alola, M|100\/100\n|turn|4\n|\n|t:|1700825140\n|move|p2a: Ferrothorn|Stealth Rock|p1a: Marowak\n|-sidestart|p1: QIxhQI|move: Stealth Rock\n|move|p1a: Marowak|Poltergeist|p2a: Ferrothorn\n|-activate|p2a: Ferrothorn|move: Poltergeist|Leftovers\n|-damage|p2a: Ferrothorn|0 fnt\n|faint|p2a: Ferrothorn\n|\n|upkeep\n|\n|t:|1700825150\n|switch|p2a: Greninja|Greninja, M|100\/100\n|turn|5\n|\n|t:|1700825159\n|-terastallize|p1a: Marowak|Ghost\n|move|p1a: Marowak|Poltergeist|p2a: Greninja\n|-activate|p2a: Greninja|move: Poltergeist|Life Orb\n|-resisted|p2a: Greninja\n|-damage|p2a: Greninja|0 fnt\n|faint|p2a: Greninja\n|\n|upkeep\n|\n|t:|1700825176\n|switch|p2a: Dragonite|Dragonite, M, shiny|100\/100\n|turn|6\n|\n|t:|1700825184\n|switch|p1a: Mawile|Mawile, M|100\/100\n|-damage|p1a: Mawile|95\/100|[from] Stealth Rock\n|-ability|p1a: Mawile|Intimidate|boost\n|-unboost|p2a: Dragonite|atk|1\n|-terastallize|p2a: Dragonite|Normal\n|move|p2a: Dragonite|Dragon Dance|p2a: Dragonite\n|-boost|p2a: Dragonite|atk|1\n|-boost|p2a: Dragonite|spe|1\n|\n|-fieldend|move: Trick Room\n|upkeep\n|turn|7\n|\n|t:|1700825192\n|detailschange|p1a: Mawile|Mawile-Mega, M\n|-mega|p1a: Mawile|Mawile|Mawilite\n|move|p2a: Dragonite|Dragon Dance|p2a: Dragonite\n|-boost|p2a: Dragonite|atk|1\n|-boost|p2a: Dragonite|spe|1\n|move|p1a: Mawile|Play Rough|p2a: Dragonite\n|-damage|p2a: Dragonite|50\/100\n|\n|-heal|p2a: Dragonite|56\/100|[from] item: Leftovers\n|upkeep\n|turn|8\n|\n|t:|1700825202\n|move|p1a: Mawile|Sucker Punch|p2a: Dragonite\n|-damage|p2a: Dragonite|1\/100\n|move|p2a: Dragonite|Earthquake|p1a: Mawile\n|-supereffective|p1a: Mawile\n|-crit|p1a: Mawile\n|-damage|p1a: Mawile|0 fnt\n|faint|p1a: Mawile\n|\n|-heal|p2a: Dragonite|7\/100|[from] item: Leftovers\n|upkeep\n|\n|t:|1700825210\n|switch|p1a: Cresselia|Cresselia, F|100\/100\n|-damage|p1a: Cresselia|88\/100|[from] Stealth Rock\n|turn|9\n|\n|t:|1700825215\n|move|p2a: Dragonite|Extreme Speed|p1a: Cresselia\n|-damage|p1a: Cresselia|50\/100\n|move|p1a: Cresselia|Psychic|p2a: Dragonite\n|-damage|p2a: Dragonite|0 fnt\n|faint|p2a: Dragonite\n|\n|upkeep\n|\n|t:|1700825233\n|switch|p2a: Barraskewda|Barraskewda, F, shiny|100\/100\n|turn|10\n|\n|t:|1700825237\n|move|p2a: Barraskewda|Liquidation|p1a: Cresselia\n|-damage|p1a: Cresselia|11\/100\n|-unboost|p1a: Cresselia|def|1\n|move|p1a: Cresselia|Trick Room|p1a: Cresselia\n|-fieldstart|move: Trick Room|[of] p1a: Cresselia\n|\n|upkeep\n|turn|11\n|\n|t:|1700825244\n|move|p1a: Cresselia|Lunar Dance|p1a: Cresselia\n|faint|p1a: Cresselia\n|move|p2a: Barraskewda|Liquidation|p1: Cresselia|[notarget]\n|-fail|p2a: Barraskewda\n|\n|upkeep\n|\n|t:|1700825251\n|switch|p1a: Marowak|Marowak-Alola, M, tera:Ghost|100\/100\n|-heal|p1a: Marowak|100\/100|[from] move: Lunar Dance\n|-damage|p1a: Marowak|88\/100|[from] Stealth Rock\n|turn|12\n|\n|t:|1700825254\n|move|p1a: Marowak|Poltergeist|p2a: Barraskewda\n|-activate|p2a: Barraskewda|move: Poltergeist|Choice Band\n|-damage|p2a: Barraskewda|0 fnt\n|faint|p2a: Barraskewda\n|\n|upkeep\n|\n|t:|1700825258\n|switch|p2a: Pelipper|Pelipper, M|100\/100\n|-weather|RainDance|[from] ability: Drizzle|[of] p2a: Pelipper\n|turn|13\n|\n|t:|1700825262\n|move|p1a: Marowak|Poltergeist|p2a: Pelipper\n|-activate|p2a: Pelipper|move: Poltergeist|Damp Rock\n|-damage|p2a: Pelipper|14\/100\n|move|p2a: Pelipper|Scald|p1a: Marowak\n|-damage|p1a: Marowak|34\/100\n|-status|p1a: Marowak|brn\n|\n|-weather|RainDance|[upkeep]\n|-damage|p1a: Marowak|27\/100 brn|[from] brn\n|upkeep\n|turn|14\n|\n|t:|1700825274\n|move|p1a: Marowak|Poltergeist|p2a: Pelipper\n|-activate|p2a: Pelipper|move: Poltergeist|Damp Rock\n|-damage|p2a: Pelipper|0 fnt\n|faint|p2a: Pelipper\n|\n|-weather|RainDance|[upkeep]\n|-damage|p1a: Marowak|21\/100 brn|[from] brn\n|-fieldend|move: Trick Room\n|upkeep\n|\n|t:|1700825277\n|switch|p2a: Swampert|Swampert, M, shiny|100\/100\n|turn|15\n|\n|t:|1700825281\n|detailschange|p2a: Swampert|Swampert-Mega, M, shiny\n|-mega|p2a: Swampert|Swampert|Swampertite\n|move|p2a: Swampert|Waterfall|p1a: Marowak\n|-damage|p1a: Marowak|0 fnt\n|faint|p1a: Marowak\n|\n|-weather|RainDance|[upkeep]\n|upkeep\n|\n|t:|1700825287\n|switch|p1a: Porygon2|Porygon2|100\/100\n|-damage|p1a: Porygon2|88\/100|[from] Stealth Rock\n|-ability|p1a: Porygon2|Swift Swim|[from] ability: Trace|[of] p2a: Swampert\n|turn|16\n|\n|t:|1700825292\n|move|p2a: Swampert|Waterfall|p1a: Porygon2\n|-crit|p1a: Porygon2\n|-damage|p1a: Porygon2|32\/100\n|move|p1a: Porygon2|Trick Room|p1a: Porygon2\n|-fieldstart|move: Trick Room|[of] p1a: Porygon2\n|\n|-weather|RainDance|[upkeep]\n|upkeep\n|turn|17\n|l| Sunep m07\n|\n|t:|1700825297\n|move|p1a: Porygon2|Ice Beam|p2a: Swampert\n|-damage|p2a: Swampert|82\/100\n|move|p2a: Swampert|Waterfall|p1a: Porygon2\n|-damage|p1a: Porygon2|0 fnt\n|faint|p1a: Porygon2\n|\n|-weather|RainDance|[upkeep]\n|upkeep\n|\n|t:|1700825302\n|switch|p1a: Ursaluna|Ursaluna, F|100\/100\n|-damage|p1a: Ursaluna|94\/100|[from] Stealth Rock\n|turn|18\n|\n|t:|1700825309\n|move|p1a: Ursaluna|Facade|p2a: Swampert\n|-damage|p2a: Swampert|41\/100\n|move|p2a: Swampert|Waterfall|p1a: Ursaluna\n|-supereffective|p1a: Ursaluna\n|-damage|p1a: Ursaluna|0 fnt\n|faint|p1a: Ursaluna\n|\n|win|hhhhhh111111\n|raw|QIxhQI's rating: 1640 &rarr; <strong>1624<\/strong><br \/>(-16 for losing)\n|raw|hhhhhh111111's rating: 1713 &rarr; <strong>1729<\/strong><br \/>(+16 for winning)\n","uploadtime":1700825315,"views":1,"p1id":"qixhqi","p2id":"hhhhhh111111","formatid":"gen9nationaldex","rating":1624,"private":0,"password":""}