{"id":"gen9nationaldex-1989695303","p1":"vestkid27","p2":"ooMIZUHASUoo","format":"[Gen 9] National Dex","log":"|j|\u2606vestkid27\n|j|\u2606ooMIZUHASUoo\n|t:|1699887658\n|gametype|singles\n|player|p1|vestkid27|janitor|1494\n|player|p2|ooMIZUHASUoo|lana|1764\n|teamsize|p1|6\n|teamsize|p2|6\n|gen|9\n|tier|[Gen 9] National Dex\n|rated|\n|rule|HP Percentage Mod: HP is shown in percentages\n|rule|Endless Battle Clause: Forcing endless battles is banned\n|rule|OHKO Clause: OHKO moves are banned\n|rule|Evasion Clause: Evasion abilities, items, and moves are banned\n|rule|Evasion Abilities Clause: Evasion abilities are banned\n|rule|Evasion Items Clause: Evasion items are banned\n|rule|Evasion Moves Clause: Evasion moves are banned\n|rule|Species Clause: Limit one of each Pok\u00e9mon\n|rule|Sleep Clause Mod: Limit one foe put to sleep\n|clearpoke\n|poke|p1|Steelix, M|\n|poke|p1|Pinsir, F|\n|poke|p1|Victini|\n|poke|p1|Brambleghast, M|\n|poke|p1|Umbreon, M|\n|poke|p1|Araquanid, F|\n|poke|p2|Scizor, M|\n|poke|p2|Urshifu-*, M|\n|poke|p2|Zapdos|\n|poke|p2|Pelipper, F|\n|poke|p2|Ogerpon-Wellspring, F|\n|poke|p2|Haxorus, M|\n|teampreview\n|c|\u2606vestkid27|Glhf\n|inactive|Battle timer is ON: inactive players will automatically lose when time's up. (requested by ooMIZUHASUoo)\n|\n|t:|1699887672\n|start\n|switch|p1a: Victini|Victini|100\/100\n|switch|p2a: Urshifu|Urshifu-Rapid-Strike, M|100\/100\n|turn|1\n|\n|t:|1699887678\n|move|p2a: Urshifu|Surging Strikes|p1a: Victini\n|-supereffective|p1a: Victini\n|-crit|p1a: Victini\n|-damage|p1a: Victini|64\/100\n|-supereffective|p1a: Victini\n|-crit|p1a: Victini\n|-damage|p1a: Victini|27\/100\n|-supereffective|p1a: Victini\n|-crit|p1a: Victini\n|-damage|p1a: Victini|0 fnt\n|faint|p1a: Victini\n|-hitcount|p1: Victini|3\n|\n|upkeep\n|\n|t:|1699887703\n|switch|p1a: Araquanid|Araquanid, F|100\/100\n|turn|2\n|\n|t:|1699887710\n|switch|p2a: Pelipper|Pelipper, F|100\/100\n|-weather|RainDance|[from] ability: Drizzle|[of] p2a: Pelipper\n|move|p1a: Araquanid|Sticky Web|p2a: Pelipper\n|-sidestart|p2: ooMIZUHASUoo|move: Sticky Web\n|\n|-weather|RainDance|[upkeep]\n|upkeep\n|turn|3\n|\n|t:|1699887720\n|switch|p1a: Brambleghast|Brambleghast, M|100\/100\n|move|p2a: Pelipper|Defog|p1a: Brambleghast\n|-unboost|p1a: Brambleghast|evasion|1\n|-sideend|p2: ooMIZUHASUoo|Sticky Web|[from] move: Defog|[of] p2a: Pelipper\n|\n|-weather|RainDance|[upkeep]\n|upkeep\n|turn|4\n|\n|t:|1699887732\n|move|p1a: Brambleghast|Poltergeist|p2a: Pelipper\n|-activate|p2a: Pelipper|move: Poltergeist|Damp Rock\n|-damage|p2a: Pelipper|57\/100\n|move|p2a: Pelipper|U-turn|p1a: Brambleghast\n|-crit|p1a: Brambleghast\n|-damage|p1a: Brambleghast|78\/100\n|\n|t:|1699887758\n|switch|p2a: Zapdos|Zapdos, shiny|100\/100|[from] U-turn\n|\n|-weather|RainDance|[upkeep]\n|upkeep\n|turn|5\n|\n|t:|1699887764\n|move|p1a: Brambleghast|Poltergeist|p2a: Zapdos\n|-activate|p2a: Zapdos|move: Poltergeist|Heavy-Duty Boots\n|-damage|p2a: Zapdos|46\/100\n|move|p2a: Zapdos|Hurricane|p1a: Brambleghast\n|-ability|p1a: Brambleghast|Wind Rider|boost\n|-boost|p1a: Brambleghast|atk|1\n|\n|-weather|RainDance|[upkeep]\n|upkeep\n|turn|6\n|\n|t:|1699887775\n|switch|p2a: Pelipper|Pelipper, F|57\/100\n|move|p1a: Brambleghast|Poltergeist|p2a: Pelipper\n|-activate|p2a: Pelipper|move: Poltergeist|Damp Rock\n|-damage|p2a: Pelipper|0 fnt\n|faint|p2a: Pelipper\n|\n|-weather|RainDance|[upkeep]\n|upkeep\n|inactive|ooMIZUHASUoo has 120 seconds left.\n|\n|t:|1699887800\n|switch|p2a: Scizor|Scizor, M, shiny|100\/100\n|turn|7\n|\n|t:|1699887820\n|switch|p1a: Araquanid|Araquanid, F|100\/100\n|detailschange|p2a: Scizor|Scizor-Mega, M, shiny\n|-mega|p2a: Scizor|Scizor|Scizorite\n|move|p2a: Scizor|Bullet Punch|p1a: Araquanid\n|-resisted|p1a: Araquanid\n|-damage|p1a: Araquanid|85\/100\n|\n|-weather|RainDance|[upkeep]\n|-heal|p1a: Araquanid|91\/100|[from] item: Leftovers\n|upkeep\n|turn|8\n|\n|t:|1699887830\n|move|p2a: Scizor|Swords Dance|p2a: Scizor\n|-boost|p2a: Scizor|atk|2\n|move|p1a: Araquanid|Soak|p2a: Scizor\n|-start|p2a: Scizor|typechange|Water\n|\n|-weather|RainDance|[upkeep]\n|-heal|p1a: Araquanid|97\/100|[from] item: Leftovers\n|upkeep\n|turn|9\n|\n|t:|1699887839\n|move|p2a: Scizor|U-turn|p1a: Araquanid\n|-damage|p1a: Araquanid|51\/100\n|\n|t:|1699887848\n|switch|p2a: Urshifu|Urshifu-Rapid-Strike, M|100\/100|[from] U-turn\n|move|p1a: Araquanid|Toxic|p2a: Urshifu\n|-status|p2a: Urshifu|tox\n|\n|-weather|none\n|-heal|p1a: Araquanid|58\/100|[from] item: Leftovers\n|-damage|p2a: Urshifu|94\/100 tox|[from] psn\n|upkeep\n|turn|10\n|\n|t:|1699887863\n|move|p2a: Urshifu|U-turn|p1a: Araquanid\n|-damage|p1a: Araquanid|40\/100\n|\n|t:|1699887865\n|switch|p2a: Scizor|Scizor-Mega, M, shiny|100\/100|[from] U-turn\n|move|p1a: Araquanid|Liquidation|p2a: Scizor\n|-damage|p2a: Scizor|69\/100\n|\n|-heal|p1a: Araquanid|46\/100|[from] item: Leftovers\n|upkeep\n|turn|11\n|\n|t:|1699887880\n|move|p2a: Scizor|Swords Dance|p2a: Scizor\n|-boost|p2a: Scizor|atk|2\n|move|p1a: Araquanid|Liquidation|p2a: Scizor\n|-damage|p2a: Scizor|34\/100\n|\n|-heal|p1a: Araquanid|52\/100|[from] item: Leftovers\n|upkeep\n|turn|12\n|\n|t:|1699887896\n|move|p2a: Scizor|U-turn|p1a: Araquanid\n|-damage|p1a: Araquanid|0 fnt\n|faint|p1a: Araquanid\n|\n|t:|1699887911\n|switch|p2a: Ogerpon|Ogerpon-Wellspring, F|100\/100|[from] U-turn\n|\n|upkeep\n|\n|t:|1699887918\n|switch|p1a: Steelix|Steelix, M|100\/100\n|turn|13\n|\n|t:|1699887939\n|move|p2a: Ogerpon|Ivy Cudgel|p1a: Steelix\n|-supereffective|p1a: Steelix\n|-damage|p1a: Steelix|32\/100\n|move|p1a: Steelix|Dragon Tail|p2a: Ogerpon\n|-damage|p2a: Ogerpon|80\/100\n|drag|p2a: Haxorus|Haxorus, M|100\/100\n|-ability|p2a: Haxorus|Mold Breaker\n|\n|upkeep\n|turn|14\n|\n|t:|1699887950\n|switch|p1a: Umbreon|Umbreon, M|100\/100\n|move|p2a: Haxorus|Earthquake|p1a: Umbreon\n|-damage|p1a: Umbreon|76\/100\n|\n|-heal|p1a: Umbreon|82\/100|[from] item: Leftovers\n|upkeep\n|turn|15\n|\n|t:|1699887958\n|move|p2a: Haxorus|Taunt|p1a: Umbreon\n|-start|p1a: Umbreon|move: Taunt\n|cant|p1a: Umbreon|move: Taunt|Wish\n|\n|-heal|p1a: Umbreon|88\/100|[from] item: Leftovers\n|upkeep\n|turn|16\n|\n|t:|1699887970\n|switch|p2a: Urshifu|Urshifu-Rapid-Strike, M|94\/100 tox\n|move|p1a: Umbreon|Foul Play|p2a: Urshifu\n|-resisted|p2a: Urshifu\n|-damage|p2a: Urshifu|71\/100 tox\n|\n|-heal|p1a: Umbreon|94\/100|[from] item: Leftovers\n|-damage|p2a: Urshifu|65\/100 tox|[from] psn\n|upkeep\n|turn|17\n|inactive|vestkid27 has 120 seconds left.\n|\n|t:|1699888001\n|-terastallize|p2a: Urshifu|Water\n|-terastallize|p1a: Umbreon|Ghost\n|move|p2a: Urshifu|Surging Strikes|p1a: Umbreon\n|-crit|p1a: Umbreon\n|-damage|p1a: Umbreon|79\/100\n|-crit|p1a: Umbreon\n|-damage|p1a: Umbreon|63\/100\n|-crit|p1a: Umbreon\n|-damage|p1a: Umbreon|48\/100\n|-hitcount|p1a: Umbreon|3\n|move|p1a: Umbreon|Foul Play|p2a: Urshifu\n|-damage|p2a: Urshifu|14\/100 tox\n|\n|-heal|p1a: Umbreon|54\/100|[from] item: Leftovers\n|-damage|p2a: Urshifu|1\/100 tox|[from] psn\n|-end|p1a: Umbreon|move: Taunt\n|upkeep\n|turn|18\n|inactive|vestkid27 has 120 seconds left.\n|\n|t:|1699888026\n|move|p2a: Urshifu|Surging Strikes|p1a: Umbreon\n|-crit|p1a: Umbreon\n|-damage|p1a: Umbreon|37\/100\n|-crit|p1a: Umbreon\n|-damage|p1a: Umbreon|22\/100\n|-crit|p1a: Umbreon\n|-damage|p1a: Umbreon|6\/100\n|-hitcount|p1a: Umbreon|3\n|move|p1a: Umbreon|Wish|p1a: Umbreon\n|\n|-heal|p1a: Umbreon|12\/100|[from] item: Leftovers\n|-damage|p2a: Urshifu|0 fnt|[from] psn\n|faint|p2a: Urshifu\n|upkeep\n|\n|t:|1699888036\n|switch|p2a: Haxorus|Haxorus, M|100\/100\n|-ability|p2a: Haxorus|Mold Breaker\n|turn|19\n|inactive|vestkid27 has 120 seconds left.\n|\n|t:|1699888042\n|move|p1a: Umbreon|Protect|p1a: Umbreon\n|-singleturn|p1a: Umbreon|Protect\n|move|p2a: Haxorus|Dragon Dance|p2a: Haxorus\n|-boost|p2a: Haxorus|atk|1\n|-boost|p2a: Haxorus|spe|1\n|\n|-heal|p1a: Umbreon|62\/100|[from] move: Wish|[wisher] Umbreon\n|-heal|p1a: Umbreon|68\/100|[from] item: Leftovers\n|upkeep\n|turn|20\n|\n|t:|1699888052\n|move|p2a: Haxorus|Outrage|p1a: Umbreon\n|-damage|p1a: Umbreon|4\/100\n|move|p1a: Umbreon|Foul Play|p2a: Haxorus\n|-damage|p2a: Haxorus|0 fnt\n|faint|p2a: Haxorus\n|\n|-heal|p1a: Umbreon|10\/100|[from] item: Leftovers\n|upkeep\n|\n|t:|1699888056\n|switch|p2a: Scizor|Scizor-Mega, M, shiny|34\/100\n|turn|21\n|\n|t:|1699888067\n|move|p2a: Scizor|Bullet Punch|p1a: Umbreon\n|-damage|p1a: Umbreon|0 fnt\n|faint|p1a: Umbreon\n|\n|upkeep\n|\n|t:|1699888075\n|switch|p1a: Pinsir|Pinsir, F|100\/100\n|turn|22\n|\n|t:|1699888082\n|detailschange|p1a: Pinsir|Pinsir-Mega, F\n|-mega|p1a: Pinsir|Pinsir|Pinsirite\n|move|p2a: Scizor|Bullet Punch|p1a: Pinsir\n|-damage|p1a: Pinsir|60\/100\n|move|p1a: Pinsir|Swords Dance|p1a: Pinsir\n|-boost|p1a: Pinsir|atk|2\n|\n|upkeep\n|turn|23\n|\n|t:|1699888092\n|move|p1a: Pinsir|Quick Attack|p2a: Scizor\n|-damage|p2a: Scizor|0 fnt\n|faint|p2a: Scizor\n|\n|upkeep\n|\n|t:|1699888095\n|switch|p2a: Zapdos|Zapdos, shiny|46\/100\n|turn|24\n|\n|t:|1699888101\n|move|p1a: Pinsir|Return|p2a: Zapdos\n|-resisted|p2a: Zapdos\n|-damage|p2a: Zapdos|0 fnt\n|-status|p1a: Pinsir|par|[from] ability: Static|[of] p2a: Zapdos\n|faint|p2a: Zapdos\n|\n|upkeep\n|\n|t:|1699888106\n|switch|p2a: Ogerpon|Ogerpon-Wellspring, F|80\/100\n|turn|25\n|\n|t:|1699888110\n|move|p1a: Pinsir|Quick Attack|p2a: Ogerpon\n|-supereffective|p2a: Ogerpon\n|-damage|p2a: Ogerpon|0 fnt\n|faint|p2a: Ogerpon\n|\n|win|vestkid27\n|raw|vestkid27's rating: 1494 &rarr; <strong>1527<\/strong><br \/>(+33 for winning)\n|raw|ooMIZUHASUoo's rating: 1764 &rarr; <strong>1731<\/strong><br \/>(-33 for losing)\n|c|\u2606vestkid27|GG\n|l|\u2606ooMIZUHASUoo\n","uploadtime":1699888124,"views":4,"p1id":"vestkid27","p2id":"oomizuhasuoo","formatid":"gen9nationaldex","rating":1527,"private":0,"password":""}