{"id":"gen9nationaldex-1993805610","p1":"kuuuze","p2":"Ahardlakarnis","format":"[Gen 9] National Dex","log":"|j|\u2606kuuuze\n|j|\u2606Ahardlakarnis\n|t:|1700359470\n|gametype|singles\n|player|p1|kuuuze|cheren-gen5bw2|1000\n|player|p2|Ahardlakarnis|skyla|1057\n|teamsize|p1|6\n|teamsize|p2|6\n|gen|9\n|tier|[Gen 9] National Dex\n|rated|\n|rule|HP Percentage Mod: HP is shown in percentages\n|rule|Endless Battle Clause: Forcing endless battles is banned\n|rule|OHKO Clause: OHKO moves are banned\n|rule|Evasion Clause: Evasion abilities, items, and moves are banned\n|rule|Evasion Abilities Clause: Evasion abilities are banned\n|rule|Evasion Items Clause: Evasion items are banned\n|rule|Evasion Moves Clause: Evasion moves are banned\n|rule|Species Clause: Limit one of each Pok\u00e9mon\n|rule|Sleep Clause Mod: Limit one foe put to sleep\n|clearpoke\n|poke|p1|Audino, M|\n|poke|p1|Scolipede, F|\n|poke|p1|Delphox, M|\n|poke|p1|Krookodile, F|\n|poke|p1|Aegislash, F|\n|poke|p1|Ditto|\n|poke|p2|Ferrothorn, M|\n|poke|p2|Greninja-*, F|\n|poke|p2|Lopunny, F|\n|poke|p2|Gliscor, F|\n|poke|p2|Milotic, M|\n|poke|p2|Aegislash, M|\n|teampreview\n|inactive|Battle timer is ON: inactive players will automatically lose when time's up. (requested by Ahardlakarnis)\n|\n|t:|1700359490\n|start\n|switch|p1a: Courtesy Call|Audino, M|100\/100\n|switch|p2a: Greninja|Greninja, F|100\/100\n|turn|1\n|\n|t:|1700359506\n|move|p2a: Greninja|Gunk Shot|p1a: Courtesy Call\n|-start|p2a: Greninja|typechange|Poison|[from] ability: Protean\n|-damage|p1a: Courtesy Call|59\/100\n|move|p1a: Courtesy Call|Light Screen|p1a: Courtesy Call\n|-sidestart|p1: kuuuze|move: Light Screen\n|\n|-heal|p1a: Courtesy Call|65\/100|[from] item: Leftovers\n|upkeep\n|turn|2\n|\n|t:|1700359516\n|switch|p2a: Aegislash|Aegislash, M|100\/100\n|move|p1a: Courtesy Call|Reflect|p1a: Courtesy Call\n|-sidestart|p1: kuuuze|Reflect\n|\n|-heal|p1a: Courtesy Call|71\/100|[from] item: Leftovers\n|upkeep\n|turn|3\n|\n|t:|1700359523\n|move|p2a: Aegislash|Substitute|p2a: Aegislash\n|-start|p2a: Aegislash|Substitute\n|-damage|p2a: Aegislash|75\/100\n|move|p1a: Courtesy Call|Calm Mind|p1a: Courtesy Call\n|-boost|p1a: Courtesy Call|spa|1\n|-boost|p1a: Courtesy Call|spd|1\n|\n|-heal|p2a: Aegislash|82\/100|[from] item: Leftovers\n|-heal|p1a: Courtesy Call|77\/100|[from] item: Leftovers\n|upkeep\n|turn|4\n|\n|t:|1700359535\n|-formechange|p2a: Aegislash|Aegislash-Blade||[from] ability: Stance Change\n|move|p2a: Aegislash|Flash Cannon|p1a: Courtesy Call\n|-damage|p1a: Courtesy Call|66\/100\n|move|p1a: Courtesy Call|Draining Kiss|p2a: Aegislash\n|-resisted|p2a: Aegislash\n|-activate|p2a: Aegislash|move: Substitute|[damage]\n|-heal|p1a: Courtesy Call|72\/100|[from] drain|[of] p2a: Aegislash\n|\n|-heal|p2a: Aegislash|88\/100|[from] item: Leftovers\n|-heal|p1a: Courtesy Call|78\/100|[from] item: Leftovers\n|upkeep\n|turn|5\n|\n|t:|1700359546\n|-formechange|p2a: Aegislash|Aegislash||[from] ability: Stance Change\n|move|p2a: Aegislash|King's Shield|p2a: Aegislash\n|-singleturn|p2a: Aegislash|Protect\n|move|p1a: Courtesy Call|Calm Mind|p1a: Courtesy Call\n|-boost|p1a: Courtesy Call|spa|1\n|-boost|p1a: Courtesy Call|spd|1\n|\n|-heal|p2a: Aegislash|94\/100|[from] item: Leftovers\n|-heal|p1a: Courtesy Call|84\/100|[from] item: Leftovers\n|-sideend|p1: kuuuze|move: Light Screen\n|upkeep\n|turn|6\n|\n|t:|1700359557\n|-formechange|p2a: Aegislash|Aegislash-Blade||[from] ability: Stance Change\n|move|p2a: Aegislash|Flash Cannon|p1a: Courtesy Call\n|-damage|p1a: Courtesy Call|68\/100\n|move|p1a: Courtesy Call|Calm Mind|p1a: Courtesy Call\n|-boost|p1a: Courtesy Call|spa|1\n|-boost|p1a: Courtesy Call|spd|1\n|\n|-heal|p2a: Aegislash|99\/100|[from] item: Leftovers\n|-heal|p1a: Courtesy Call|74\/100|[from] item: Leftovers\n|-sideend|p1: kuuuze|Reflect\n|upkeep\n|turn|7\n|\n|t:|1700359567\n|-formechange|p2a: Aegislash|Aegislash||[from] ability: Stance Change\n|move|p2a: Aegislash|King's Shield|p2a: Aegislash\n|-singleturn|p2a: Aegislash|Protect\n|move|p1a: Courtesy Call|Calm Mind|p1a: Courtesy Call\n|-boost|p1a: Courtesy Call|spa|1\n|-boost|p1a: Courtesy Call|spd|1\n|\n|-heal|p2a: Aegislash|100\/100|[from] item: Leftovers\n|-heal|p1a: Courtesy Call|80\/100|[from] item: Leftovers\n|upkeep\n|turn|8\n|\n|t:|1700359578\n|-formechange|p2a: Aegislash|Aegislash-Blade||[from] ability: Stance Change\n|move|p2a: Aegislash|Flash Cannon|p1a: Courtesy Call\n|-damage|p1a: Courtesy Call|68\/100\n|-unboost|p1a: Courtesy Call|spd|1\n|move|p1a: Courtesy Call|Draining Kiss|p2a: Aegislash\n|-resisted|p2a: Aegislash\n|-end|p2a: Aegislash|Substitute\n|-heal|p1a: Courtesy Call|77\/100|[from] drain|[of] p2a: Aegislash\n|\n|-heal|p1a: Courtesy Call|83\/100|[from] item: Leftovers\n|upkeep\n|turn|9\n|\n|t:|1700359591\n|-formechange|p2a: Aegislash|Aegislash||[from] ability: Stance Change\n|move|p2a: Aegislash|King's Shield|p2a: Aegislash\n|-singleturn|p2a: Aegislash|Protect\n|move|p1a: Courtesy Call|Calm Mind|p1a: Courtesy Call\n|-boost|p1a: Courtesy Call|spa|1\n|-boost|p1a: Courtesy Call|spd|1\n|\n|-heal|p1a: Courtesy Call|89\/100|[from] item: Leftovers\n|upkeep\n|turn|10\n|\n|t:|1700359600\n|move|p2a: Aegislash|Substitute|p2a: Aegislash\n|-start|p2a: Aegislash|Substitute\n|-damage|p2a: Aegislash|75\/100\n|move|p1a: Courtesy Call|Draining Kiss|p2a: Aegislash\n|-resisted|p2a: Aegislash\n|-activate|p2a: Aegislash|move: Substitute|[damage]\n|-heal|p1a: Courtesy Call|95\/100|[from] drain|[of] p2a: Aegislash\n|\n|-heal|p2a: Aegislash|82\/100|[from] item: Leftovers\n|-heal|p1a: Courtesy Call|100\/100|[from] item: Leftovers\n|upkeep\n|turn|11\n|\n|t:|1700359610\n|-formechange|p2a: Aegislash|Aegislash-Blade||[from] ability: Stance Change\n|move|p2a: Aegislash|Flash Cannon|p1a: Courtesy Call\n|-damage|p1a: Courtesy Call|89\/100\n|-unboost|p1a: Courtesy Call|spd|1\n|move|p1a: Courtesy Call|Calm Mind|p1a: Courtesy Call\n|-boost|p1a: Courtesy Call|spa|1\n|-boost|p1a: Courtesy Call|spd|1\n|\n|-heal|p2a: Aegislash|88\/100|[from] item: Leftovers\n|-heal|p1a: Courtesy Call|95\/100|[from] item: Leftovers\n|upkeep\n|turn|12\n|\n|t:|1700359622\n|move|p2a: Aegislash|Flash Cannon|p1a: Courtesy Call\n|-damage|p1a: Courtesy Call|83\/100\n|move|p1a: Courtesy Call|Draining Kiss|p2a: Aegislash\n|-resisted|p2a: Aegislash\n|-end|p2a: Aegislash|Substitute\n|-heal|p1a: Courtesy Call|92\/100|[from] drain|[of] p2a: Aegislash\n|\n|-heal|p2a: Aegislash|94\/100|[from] item: Leftovers\n|-heal|p1a: Courtesy Call|99\/100|[from] item: Leftovers\n|upkeep\n|turn|13\n|\n|t:|1700359632\n|move|p2a: Aegislash|Flash Cannon|p1a: Courtesy Call\n|-damage|p1a: Courtesy Call|88\/100\n|move|p1a: Courtesy Call|Light Screen|p1a: Courtesy Call\n|-sidestart|p1: kuuuze|move: Light Screen\n|\n|-heal|p2a: Aegislash|99\/100|[from] item: Leftovers\n|-heal|p1a: Courtesy Call|94\/100|[from] item: Leftovers\n|upkeep\n|turn|14\n|\n|t:|1700359639\n|move|p2a: Aegislash|Substitute|p2a: Aegislash\n|-start|p2a: Aegislash|Substitute\n|-damage|p2a: Aegislash|75\/100\n|move|p1a: Courtesy Call|Draining Kiss|p2a: Aegislash\n|-resisted|p2a: Aegislash\n|-end|p2a: Aegislash|Substitute\n|-heal|p1a: Courtesy Call|100\/100|[from] drain|[of] p2a: Aegislash\n|\n|-heal|p2a: Aegislash|81\/100|[from] item: Leftovers\n|upkeep\n|turn|15\n|\n|t:|1700359647\n|-formechange|p2a: Aegislash|Aegislash||[from] ability: Stance Change\n|move|p2a: Aegislash|King's Shield|p2a: Aegislash\n|-singleturn|p2a: Aegislash|Protect\n|move|p1a: Courtesy Call|Draining Kiss|p2a: Aegislash\n|-activate|p2a: Aegislash|move: Protect\n|-unboost|p1a: Courtesy Call|atk|1\n|\n|-heal|p2a: Aegislash|88\/100|[from] item: Leftovers\n|upkeep\n|turn|16\n|\n|t:|1700359657\n|move|p2a: Aegislash|Substitute|p2a: Aegislash\n|-start|p2a: Aegislash|Substitute\n|-damage|p2a: Aegislash|63\/100\n|move|p1a: Courtesy Call|Draining Kiss|p2a: Aegislash\n|-resisted|p2a: Aegislash\n|-activate|p2a: Aegislash|move: Substitute|[damage]\n|\n|-heal|p2a: Aegislash|69\/100|[from] item: Leftovers\n|upkeep\n|turn|17\n|\n|t:|1700359674\n|move|p2a: Aegislash|King's Shield|p2a: Aegislash\n|-singleturn|p2a: Aegislash|Protect\n|move|p1a: Courtesy Call|Light Screen||[still]\n|-fail|p1a: Courtesy Call\n|\n|-heal|p2a: Aegislash|75\/100|[from] item: Leftovers\n|-sideend|p1: kuuuze|move: Light Screen\n|upkeep\n|turn|18\n|\n|t:|1700359683\n|-formechange|p2a: Aegislash|Aegislash-Blade||[from] ability: Stance Change\n|move|p2a: Aegislash|Flash Cannon|p1a: Courtesy Call\n|-crit|p1a: Courtesy Call\n|-damage|p1a: Courtesy Call|53\/100\n|move|p1a: Courtesy Call|Draining Kiss|p2a: Aegislash\n|-resisted|p2a: Aegislash\n|-end|p2a: Aegislash|Substitute\n|-heal|p1a: Courtesy Call|61\/100|[from] drain|[of] p2a: Aegislash\n|\n|-heal|p2a: Aegislash|81\/100|[from] item: Leftovers\n|-heal|p1a: Courtesy Call|68\/100|[from] item: Leftovers\n|upkeep\n|turn|19\n|\n|t:|1700359699\n|-formechange|p2a: Aegislash|Aegislash||[from] ability: Stance Change\n|move|p2a: Aegislash|King's Shield|p2a: Aegislash\n|-singleturn|p2a: Aegislash|Protect\n|move|p1a: Courtesy Call|Calm Mind|p1a: Courtesy Call\n|-boost|p1a: Courtesy Call|spa|0\n|-boost|p1a: Courtesy Call|spd|1\n|\n|-heal|p2a: Aegislash|87\/100|[from] item: Leftovers\n|-heal|p1a: Courtesy Call|74\/100|[from] item: Leftovers\n|upkeep\n|turn|20\n|\n|t:|1700359709\n|move|p2a: Aegislash|Substitute|p2a: Aegislash\n|-start|p2a: Aegislash|Substitute\n|-damage|p2a: Aegislash|62\/100\n|move|p1a: Courtesy Call|Draining Kiss|p2a: Aegislash\n|-resisted|p2a: Aegislash\n|-activate|p2a: Aegislash|move: Substitute|[damage]\n|-heal|p1a: Courtesy Call|81\/100|[from] drain|[of] p2a: Aegislash\n|\n|-heal|p2a: Aegislash|68\/100|[from] item: Leftovers\n|-heal|p1a: Courtesy Call|87\/100|[from] item: Leftovers\n|upkeep\n|turn|21\n|\n|t:|1700359722\n|move|p2a: Aegislash|King's Shield|p2a: Aegislash\n|-singleturn|p2a: Aegislash|Protect\n|move|p1a: Courtesy Call|Draining Kiss|p2a: Aegislash\n|-activate|p2a: Aegislash|move: Protect\n|-unboost|p1a: Courtesy Call|atk|1\n|\n|-heal|p2a: Aegislash|75\/100|[from] item: Leftovers\n|-heal|p1a: Courtesy Call|93\/100|[from] item: Leftovers\n|upkeep\n|turn|22\n|\n|t:|1700359732\n|-formechange|p2a: Aegislash|Aegislash-Blade||[from] ability: Stance Change\n|move|p2a: Aegislash|Flash Cannon|p1a: Courtesy Call\n|-damage|p1a: Courtesy Call|84\/100\n|move|p1a: Courtesy Call|Light Screen|p1a: Courtesy Call\n|-sidestart|p1: kuuuze|move: Light Screen\n|\n|-heal|p2a: Aegislash|81\/100|[from] item: Leftovers\n|-heal|p1a: Courtesy Call|90\/100|[from] item: Leftovers\n|upkeep\n|turn|23\n|\n|t:|1700359742\n|move|p2a: Aegislash|Flash Cannon|p1a: Courtesy Call\n|-damage|p1a: Courtesy Call|86\/100\n|move|p1a: Courtesy Call|Draining Kiss|p2a: Aegislash\n|-resisted|p2a: Aegislash\n|-end|p2a: Aegislash|Substitute\n|-heal|p1a: Courtesy Call|93\/100|[from] drain|[of] p2a: Aegislash\n|\n|-heal|p2a: Aegislash|87\/100|[from] item: Leftovers\n|-heal|p1a: Courtesy Call|99\/100|[from] item: Leftovers\n|upkeep\n|turn|24\n|-message|Ahardlakarnis forfeited.\n|\n|win|kuuuze\n|raw|kuuuze's rating: 1000 &rarr; <strong>1047<\/strong><br \/>(+47 for winning)\n|raw|Ahardlakarnis's rating: 1057 &rarr; <strong>1035<\/strong><br \/>(-22 for losing)\n|l|\u2606Ahardlakarnis\n","uploadtime":1700359758,"views":7,"p1id":"kuuuze","p2id":"ahardlakarnis","formatid":"gen9nationaldex","rating":1035,"private":0,"password":""}