{"id":"gen9nationaldex-1994012252","p1":"kokomi36","p2":"NeroFireSpeed","format":"[Gen 9] National Dex","log":"|j|\u2606kokomi36\n|j|\u2606NeroFireSpeed\n|t:|1700393352\n|gametype|singles\n|player|p1|kokomi36|wallace|1167\n|player|p2|NeroFireSpeed|unknown|1073\n|teamsize|p1|6\n|teamsize|p2|6\n|gen|9\n|tier|[Gen 9] National Dex\n|rated|\n|rule|HP Percentage Mod: HP is shown in percentages\n|rule|Endless Battle Clause: Forcing endless battles is banned\n|rule|OHKO Clause: OHKO moves are banned\n|rule|Evasion Clause: Evasion abilities, items, and moves are banned\n|rule|Evasion Abilities Clause: Evasion abilities are banned\n|rule|Evasion Items Clause: Evasion items are banned\n|rule|Evasion Moves Clause: Evasion moves are banned\n|rule|Species Clause: Limit one of each Pok\u00e9mon\n|rule|Sleep Clause Mod: Limit one foe put to sleep\n|clearpoke\n|poke|p1|Torterra, M|\n|poke|p1|Magnezone|\n|poke|p1|Quagsire, M|\n|poke|p1|Togekiss, F|\n|poke|p1|Garchomp, F|\n|poke|p1|Scizor, M|\n|poke|p2|Zoroark, M|\n|poke|p2|Haxorus, M|\n|poke|p2|Toxtricity, M|\n|poke|p2|Pyroar, M|\n|poke|p2|Cetitan, M|\n|poke|p2|Floatzel, M|\n|teampreview\n|inactive|Battle timer is ON: inactive players will automatically lose when time's up. (requested by kokomi36)\n|\n|t:|1700393367\n|start\n|switch|p1a: Oops|Quagsire, M|100\/100\n|switch|p2a: Cetitan|Cetitan, M|100\/100\n|turn|1\n|\n|t:|1700393380\n|switch|p1a: Shrimp|Scizor, M|100\/100\n|move|p2a: Cetitan|Icicle Crash|p1a: Shrimp\n|-resisted|p1a: Shrimp\n|-damage|p1a: Shrimp|53\/100\n|\n|upkeep\n|turn|2\n|\n|t:|1700393388\n|detailschange|p1a: Shrimp|Scizor-Mega, M\n|-mega|p1a: Shrimp|Scizor|Scizorite\n|move|p1a: Shrimp|Swords Dance|p1a: Shrimp\n|-boost|p1a: Shrimp|atk|2\n|move|p2a: Cetitan|Earthquake|p1a: Shrimp\n|-damage|p1a: Shrimp|11\/100\n|-damage|p2a: Cetitan|91\/100|[from] item: Life Orb\n|\n|upkeep\n|turn|3\n|\n|t:|1700393396\n|move|p1a: Shrimp|Bullet Punch|p2a: Cetitan\n|-supereffective|p2a: Cetitan\n|-damage|p2a: Cetitan|0 fnt\n|faint|p2a: Cetitan\n|\n|upkeep\n|\n|t:|1700393403\n|switch|p2a: Floatzel|Floatzel, M|100\/100\n|turn|4\n|\n|t:|1700393407\n|move|p1a: Shrimp|Bullet Punch|p2a: Floatzel\n|-resisted|p2a: Floatzel\n|-damage|p2a: Floatzel|42\/100\n|move|p2a: Floatzel|Low Sweep|p1a: Shrimp\n|-damage|p1a: Shrimp|0 fnt\n|faint|p1a: Shrimp\n|\n|upkeep\n|\n|t:|1700393418\n|switch|p1a: See|Magnezone|100\/100\n|turn|5\n|\n|t:|1700393422\n|move|p2a: Floatzel|Low Sweep|p1a: See\n|-supereffective|p1a: See\n|-damage|p1a: See|62\/100\n|-unboost|p1a: See|spe|1\n|-enditem|p1a: See|Weakness Policy\n|-boost|p1a: See|atk|2|[from] item: Weakness Policy\n|-boost|p1a: See|spa|2|[from] item: Weakness Policy\n|-enditem|p2a: Floatzel|Mirror Herb\n|-boost|p2a: Floatzel|atk|2|[from] item: Mirror Herb\n|-boost|p2a: Floatzel|spa|2|[from] item: Mirror Herb\n|move|p1a: See|Volt Switch|p2a: Floatzel\n|-supereffective|p2a: Floatzel\n|-damage|p2a: Floatzel|0 fnt\n|faint|p2a: Floatzel\n|\n|t:|1700393439\n|switch|p1a: Turt|Torterra, M|100\/100|[from] Volt Switch\n|\n|upkeep\n|\n|t:|1700393445\n|switch|p2a: Pyroar|Pyroar, M|100\/100\n|turn|6\n|\n|t:|1700393448\n|switch|p1a: Oops|Quagsire, M|100\/100\n|move|p2a: Pyroar|Fire Blast|p1a: Oops\n|-resisted|p1a: Oops\n|-damage|p1a: Oops|61\/100\n|\n|-heal|p1a: Oops|67\/100|[from] item: Leftovers\n|upkeep\n|turn|7\n|\n|t:|1700393458\n|move|p2a: Pyroar|Hyper Voice|p1a: Oops\n|-damage|p1a: Oops|0 fnt\n|faint|p1a: Oops\n|-ability|p2a: Pyroar|Moxie|boost\n|-boost|p2a: Pyroar|atk|1\n|-enditem|p2a: Pyroar|Throat Spray\n|-boost|p2a: Pyroar|spa|1|[from] item: Throat Spray\n|\n|upkeep\n|\n|t:|1700393467\n|switch|p1a: Flakes|Garchomp, F|100\/100\n|turn|8\n|\n|t:|1700393474\n|move|p2a: Pyroar|Hyper Voice|p1a: Flakes\n|-damage|p1a: Flakes|32\/100\n|move|p1a: Flakes|Earthquake|p2a: Pyroar\n|-supereffective|p2a: Pyroar\n|-damage|p2a: Pyroar|0 fnt\n|faint|p2a: Pyroar\n|\n|upkeep\n|\n|t:|1700393481\n|switch|p2a: Toxtricity|Toxtricity, M|100\/100\n|turn|9\n|\n|t:|1700393486\n|move|p2a: Toxtricity|Night Daze|p1a: Flakes\n|-damage|p1a: Flakes|0 fnt\n|faint|p1a: Flakes\n|\n|upkeep\n|\n|t:|1700393491\n|switch|p1a: Colgate|Togekiss, F|100\/100\n|turn|10\n|\n|t:|1700393496\n|switch|p2a: Toxtricity|Toxtricity, M|100\/100\n|move|p1a: Colgate|Dazzling Gleam|p2a: Toxtricity\n|-resisted|p2a: Toxtricity\n|-damage|p2a: Toxtricity|82\/100\n|\n|upkeep\n|turn|11\n|\n|t:|1700393503\n|switch|p1a: Turt|Torterra, M|100\/100\n|move|p2a: Toxtricity|Charge Beam|p1a: Turt\n|-immune|p1a: Turt\n|\n|upkeep\n|turn|12\n|\n|t:|1700393509\n|switch|p2a: Haxorus|Haxorus, M|100\/100\n|-ability|p2a: Haxorus|Mold Breaker\n|move|p1a: Turt|Shell Smash|p1a: Turt\n|-unboost|p1a: Turt|def|1\n|-unboost|p1a: Turt|spd|1\n|-boost|p1a: Turt|atk|2\n|-boost|p1a: Turt|spa|2\n|-boost|p1a: Turt|spe|2\n|-enditem|p1a: Turt|White Herb\n|-clearnegativeboost|p1a: Turt|[silent]\n|\n|upkeep\n|turn|13\n|\n|t:|1700393521\n|move|p1a: Turt|Earthquake|p2a: Haxorus\n|-damage|p2a: Haxorus|0 fnt\n|faint|p2a: Haxorus\n|\n|upkeep\n|\n|t:|1700393527\n|switch|p2a: Toxtricity|Toxtricity, M|100\/100\n|turn|14\n|\n|t:|1700393535\n|move|p1a: Turt|Earthquake|p2a: Toxtricity\n|-damage|p2a: Toxtricity|0 fnt\n|replace|p2a: Zoroark|Zoroark, M\n|-end|p2a: Zoroark|Illusion\n|faint|p2a: Zoroark\n|\n|upkeep\n|-message|NeroFireSpeed forfeited.\n|\n|win|kokomi36\n|raw|kokomi36's rating: 1167 &rarr; <strong>1185<\/strong><br \/>(+18 for winning)\n|raw|NeroFireSpeed's rating: 1073 &rarr; <strong>1058<\/strong><br \/>(-15 for losing)\n|l|\u2606NeroFireSpeed\n","uploadtime":1700393542,"views":16,"p1id":"kokomi36","p2id":"nerofirespeed","formatid":"gen9nationaldex","rating":1058,"private":0,"password":""}