{"id":"gen9nationaldex-1988337528","p1":"geigeidragon","p2":"wjssz","format":"[Gen 9] National Dex","log":"|j|\u2606geigeidragon\n|j|\u2606wjssz\n|t:|1699710608\n|gametype|singles\n|player|p1|geigeidragon|dawn-gen4pt|1390\n|player|p2|wjssz|hilda-wonderlauncher|1367\n|teamsize|p1|6\n|teamsize|p2|6\n|gen|9\n|tier|[Gen 9] National Dex\n|rated|\n|rule|HP Percentage Mod: HP is shown in percentages\n|rule|Endless Battle Clause: Forcing endless battles is banned\n|rule|OHKO Clause: OHKO moves are banned\n|rule|Evasion Clause: Evasion abilities, items, and moves are banned\n|rule|Evasion Abilities Clause: Evasion abilities are banned\n|rule|Evasion Items Clause: Evasion items are banned\n|rule|Evasion Moves Clause: Evasion moves are banned\n|rule|Species Clause: Limit one of each Pok\u00e9mon\n|rule|Sleep Clause Mod: Limit one foe put to sleep\n|clearpoke\n|poke|p1|Hatterene, F|\n|poke|p1|Banette, M|\n|poke|p1|Hoopa-Unbound|\n|poke|p1|Marowak-Alola, F|\n|poke|p1|Cresselia, F|\n|poke|p1|Ursaluna, F|\n|poke|p2|Garchomp, F|\n|poke|p2|Gliscor, F|\n|poke|p2|Glimmora, F|\n|poke|p2|Hippowdon, M|\n|poke|p2|Excadrill, M|\n|poke|p2|Bisharp, F|\n|teampreview\n|inactive|Battle timer is ON: inactive players will automatically lose when time's up. (requested by wjssz)\n|\n|t:|1699710615\n|start\n|switch|p1a: Hatterene|Hatterene, F|100\/100\n|switch|p2a: Glimmora|Glimmora, F|100\/100\n|turn|1\n|\n|t:|1699710624\n|move|p2a: Glimmora|Mortal Spin|p1a: Hatterene\n|-supereffective|p1a: Hatterene\n|-damage|p1a: Hatterene|87\/100\n|-status|p1a: Hatterene|psn\n|move|p1a: Hatterene|Trick Room|p1a: Hatterene\n|-fieldstart|move: Trick Room|[of] p1a: Hatterene\n|\n|-damage|p1a: Hatterene|75\/100 psn|[from] psn\n|upkeep\n|turn|2\n|\n|t:|1699710633\n|switch|p2a: Bisharp|Bisharp, F|100\/100\n|move|p1a: Hatterene|Future Sight|p2a: Bisharp\n|-start|p1a: Hatterene|move: Future Sight\n|\n|-damage|p1a: Hatterene|63\/100 psn|[from] psn\n|upkeep\n|turn|3\n|\n|t:|1699710640\n|move|p1a: Hatterene|Misty Explosion|p2a: Bisharp\n|-damage|p2a: Bisharp|48\/100\n|faint|p1a: Hatterene\n|move|p2a: Bisharp|Pursuit|p1: Hatterene|[notarget]\n|-fail|p2a: Bisharp\n|\n|upkeep\n|\n|t:|1699710653\n|switch|p1a: Ursaluna|Ursaluna, F|100\/100\n|turn|4\n|\n|t:|1699710661\n|move|p1a: Ursaluna|Close Combat|p2a: Bisharp\n|-supereffective|p2a: Bisharp\n|-damage|p2a: Bisharp|0 fnt\n|-unboost|p1a: Ursaluna|def|1\n|-unboost|p1a: Ursaluna|spd|1\n|faint|p2a: Bisharp\n|\n|-hint|Future Sight did not hit because the target is fainted.\n|-status|p1a: Ursaluna|brn|[from] item: Flame Orb\n|upkeep\n|\n|t:|1699710666\n|switch|p2a: Hippowdon|Hippowdon, M|100\/100\n|-weather|Sandstorm|[from] ability: Sand Stream|[of] p2a: Hippowdon\n|turn|5\n|\n|t:|1699710673\n|-terastallize|p1a: Ursaluna|Normal\n|move|p1a: Ursaluna|Facade|p2a: Hippowdon\n|-damage|p2a: Hippowdon|16\/100\n|move|p2a: Hippowdon|Toxic||[still]\n|-fail|p2a: Hippowdon\n|\n|-weather|Sandstorm|[upkeep]\n|-damage|p1a: Ursaluna|94\/100 brn|[from] Sandstorm\n|-heal|p2a: Hippowdon|22\/100|[from] item: Leftovers\n|-damage|p1a: Ursaluna|88\/100 brn|[from] brn\n|-fieldend|move: Trick Room\n|upkeep\n|turn|6\n|\n|t:|1699710685\n|move|p1a: Ursaluna|Facade|p2a: Hippowdon\n|-damage|p2a: Hippowdon|0 fnt\n|faint|p2a: Hippowdon\n|\n|-weather|Sandstorm|[upkeep]\n|-damage|p1a: Ursaluna|82\/100 brn|[from] Sandstorm\n|-damage|p1a: Ursaluna|76\/100 brn|[from] brn\n|upkeep\n|\n|t:|1699710687\n|switch|p2a: Excadrill|Excadrill, M|100\/100\n|turn|7\n|\n|t:|1699710698\n|switch|p1a: Cresselia|Cresselia, F|100\/100\n|move|p2a: Excadrill|Brick Break|p1a: Cresselia\n|-resisted|p1a: Cresselia\n|-damage|p1a: Cresselia|93\/100\n|-damage|p2a: Excadrill|84\/100|[from] item: Rocky Helmet|[of] p1a: Cresselia\n|\n|-weather|Sandstorm|[upkeep]\n|-damage|p1a: Cresselia|87\/100|[from] Sandstorm\n|upkeep\n|turn|8\n|\n|t:|1699710724\n|move|p2a: Excadrill|Swords Dance|p2a: Excadrill\n|-boost|p2a: Excadrill|atk|2\n|move|p1a: Cresselia|Trick Room|p1a: Cresselia\n|-fieldstart|move: Trick Room|[of] p1a: Cresselia\n|\n|-weather|Sandstorm|[upkeep]\n|-damage|p1a: Cresselia|81\/100|[from] Sandstorm\n|upkeep\n|turn|9\n|inactive|geigeidragon has 120 seconds left.\n|\n|t:|1699710739\n|move|p1a: Cresselia|Lunar Dance|p1a: Cresselia\n|faint|p1a: Cresselia\n|-zpower|p2a: Excadrill\n|move|p2a: Excadrill|Corkscrew Crash|p1: Cresselia|[zeffect]|[notarget]\n|-fail|p2a: Excadrill\n|\n|-weather|none\n|upkeep\n|inactive|geigeidragon has 120 seconds left.\n|\n|t:|1699710758\n|switch|p1a: Marowak|Marowak-Alola, F|100\/100\n|turn|10\n|\n|t:|1699710765\n|move|p1a: Marowak|Swords Dance|p1a: Marowak\n|-boost|p1a: Marowak|atk|2\n|move|p2a: Excadrill|Iron Head|p1a: Marowak\n|-resisted|p1a: Marowak\n|-damage|p1a: Marowak|57\/100\n|\n|upkeep\n|turn|11\n|inactive|geigeidragon has 120 seconds left.\n|\n|t:|1699710772\n|move|p1a: Marowak|Flare Blitz|p2a: Excadrill\n|-supereffective|p2a: Excadrill\n|-damage|p2a: Excadrill|0 fnt\n|faint|p2a: Excadrill\n|\n|upkeep\n|\n|t:|1699710777\n|switch|p2a: Glimmora|Glimmora, F|100\/100\n|turn|12\n|\n|t:|1699710783\n|move|p1a: Marowak|Earthquake|p2a: Glimmora\n|-supereffective|p2a: Glimmora\n|-damage|p2a: Glimmora|0 fnt\n|-activate|p2a: Glimmora|ability: Toxic Debris\n|-sidestart|p1: geigeidragon|move: Toxic Spikes\n|faint|p2a: Glimmora\n|\n|-fieldend|move: Trick Room\n|upkeep\n|\n|t:|1699710787\n|switch|p2a: Gliscor|Gliscor, F|100\/100\n|turn|13\n|\n|t:|1699710800\n|move|p2a: Gliscor|Earthquake|p1a: Marowak\n|-supereffective|p1a: Marowak\n|-damage|p1a: Marowak|0 fnt\n|faint|p1a: Marowak\n|\n|-status|p2a: Gliscor|tox|[from] item: Toxic Orb\n|upkeep\n|\n|t:|1699710809\n|switch|p1a: Hoopa|Hoopa-Unbound|100\/100\n|-status|p1a: Hoopa|psn\n|turn|14\n|\n|t:|1699710820\n|-terastallize|p2a: Gliscor|Normal\n|move|p2a: Gliscor|Swords Dance|p2a: Gliscor\n|-boost|p2a: Gliscor|atk|2\n|move|p1a: Hoopa|Trick Room|p1a: Hoopa\n|-fieldstart|move: Trick Room|[of] p1a: Hoopa\n|\n|-damage|p1a: Hoopa|88\/100 psn|[from] psn\n|upkeep\n|turn|15\n|\n|t:|1699710837\n|switch|p1a: Ursaluna|Ursaluna, F, tera:Normal|76\/100 brn\n|-heal|p1a: Ursaluna|100\/100|[from] move: Lunar Dance\n|-status|p1a: Ursaluna|psn\n|move|p2a: Gliscor|Facade|p1a: Ursaluna\n|-damage|p1a: Ursaluna|21\/100 psn\n|\n|-damage|p1a: Ursaluna|8\/100 psn|[from] psn\n|upkeep\n|turn|16\n|\n|t:|1699710850\n|switch|p2a: Garchomp|Garchomp, F|100\/100\n|move|p1a: Ursaluna|Close Combat|p2a: Garchomp\n|-damage|p2a: Garchomp|29\/100\n|-unboost|p1a: Ursaluna|def|1\n|-unboost|p1a: Ursaluna|spd|1\n|-damage|p1a: Ursaluna|0 fnt|[from] ability: Rough Skin|[of] p2a: Garchomp\n|faint|p1a: Ursaluna\n|\n|upkeep\n|\n|t:|1699710861\n|switch|p1a: Banette|Banette, M|100\/100\n|-status|p1a: Banette|psn\n|-item|p2a: Garchomp|Garchompite|[from] ability: Frisk|[of] p1a: Banette|[identify]\n|turn|17\n|\n|t:|1699710873\n|detailschange|p1a: Banette|Banette-Mega, M\n|-mega|p1a: Banette|Banette|Banettite\n|detailschange|p2a: Garchomp|Garchomp-Mega, F\n|-mega|p2a: Garchomp|Garchomp|Garchompite\n|move|p1a: Banette|Poltergeist|p2a: Garchomp\n|-activate|p2a: Garchomp|move: Poltergeist|Garchompite\n|-damage|p2a: Garchomp|0 fnt\n|faint|p2a: Garchomp\n|\n|-damage|p1a: Banette|88\/100 psn|[from] psn\n|upkeep\n|\n|t:|1699710880\n|switch|p2a: Gliscor|Gliscor, F, tera:Normal|100\/100 tox\n|turn|18\n|\n|t:|1699710889\n|move|p1a: Banette|Swords Dance|p1a: Banette\n|-boost|p1a: Banette|atk|2\n|move|p2a: Gliscor|Swords Dance|p2a: Gliscor\n|-boost|p2a: Gliscor|atk|2\n|\n|-damage|p1a: Banette|76\/100 psn|[from] psn\n|-fieldend|move: Trick Room\n|upkeep\n|turn|19\n|\n|t:|1699710897\n|move|p1a: Banette|Destiny Bond|p1a: Banette\n|-singlemove|p1a: Banette|Destiny Bond\n|move|p2a: Gliscor|Swords Dance|p2a: Gliscor\n|-boost|p2a: Gliscor|atk|2\n|\n|-damage|p1a: Banette|63\/100 psn|[from] psn\n|upkeep\n|turn|20\n|\n|t:|1699710923\n|move|p1a: Banette|Sucker Punch|p2a: Gliscor\n|-crit|p2a: Gliscor\n|-damage|p2a: Gliscor|31\/100 tox\n|move|p2a: Gliscor|Facade|p1a: Banette\n|-immune|p1a: Banette\n|\n|-heal|p2a: Gliscor|44\/100 tox|[from] ability: Poison Heal\n|-damage|p1a: Banette|51\/100 psn|[from] psn\n|upkeep\n|turn|21\n|\n|t:|1699710941\n|switch|p1a: Hoopa|Hoopa-Unbound|88\/100 psn\n|move|p2a: Gliscor|Roost|p2a: Gliscor\n|-heal|p2a: Gliscor|94\/100 tox\n|\n|-heal|p2a: Gliscor|100\/100 tox|[from] ability: Poison Heal\n|-damage|p1a: Hoopa|76\/100 psn|[from] psn\n|upkeep\n|turn|22\n|\n|t:|1699710954\n|move|p2a: Gliscor|Earthquake|p1a: Hoopa\n|-damage|p1a: Hoopa|0 fnt\n|faint|p1a: Hoopa\n|\n|upkeep\n|-message|geigeidragon forfeited.\n|\n|win|wjssz\n|raw|geigeidragon's rating: 1390 &rarr; <strong>1369<\/strong><br \/>(-21 for losing)\n|raw|wjssz's rating: 1367 &rarr; <strong>1388<\/strong><br \/>(+21 for winning)\n|l|\u2606geigeidragon\n","uploadtime":1699710972,"views":5,"p1id":"geigeidragon","p2id":"wjssz","formatid":"gen9nationaldex","rating":1369,"private":0,"password":""}