{"id":"gen9nationaldex-1989823759","p1":"Greedy Monarch","p2":"Beastmaster394","format":"[Gen 9] National Dex","log":"|j|\u2606Greedy Monarch\n|j|\u2606Beastmaster394\n|t:|1699898768\n|gametype|singles\n|player|p1|Greedy Monarch|swimmer-gen4|1107\n|player|p2|Beastmaster394|lance|1014\n|teamsize|p1|6\n|teamsize|p2|6\n|gen|9\n|tier|[Gen 9] National Dex\n|rated|\n|rule|HP Percentage Mod: HP is shown in percentages\n|rule|Endless Battle Clause: Forcing endless battles is banned\n|rule|OHKO Clause: OHKO moves are banned\n|rule|Evasion Clause: Evasion abilities, items, and moves are banned\n|rule|Evasion Abilities Clause: Evasion abilities are banned\n|rule|Evasion Items Clause: Evasion items are banned\n|rule|Evasion Moves Clause: Evasion moves are banned\n|rule|Species Clause: Limit one of each Pok\u00e9mon\n|rule|Sleep Clause Mod: Limit one foe put to sleep\n|clearpoke\n|poke|p1|Scolipede, M|\n|poke|p1|Armaldo, F|\n|poke|p1|Volcarona, F|\n|poke|p1|Glalie, M|\n|poke|p1|Noivern, M|\n|poke|p1|Hydreigon, F|\n|poke|p2|Yanmega, F|\n|poke|p2|Vespiquen, F|\n|poke|p2|Murkrow, F|\n|poke|p2|Oricorio-Pom-Pom, M|\n|poke|p2|Gliscor, F|\n|poke|p2|Charizard, F|\n|teampreview\n|\n|t:|1699898774\n|start\n|switch|p1a: Dubstep|Noivern, M|100\/100\n|switch|p2a: Murkrow|Murkrow, F|100\/100\n|turn|1\n|\n|t:|1699898781\n|-terastallize|p1a: Dubstep|Normal\n|move|p2a: Murkrow|Tailwind|p2a: Murkrow\n|-sidestart|p2: Beastmaster394|move: Tailwind\n|move|p1a: Dubstep|Boomburst|p2a: Murkrow\n|-damage|p2a: Murkrow|0 fnt\n|faint|p2a: Murkrow\n|\n|upkeep\n|\n|t:|1699898795\n|switch|p2a: Charizard|Charizard, F|100\/100\n|turn|2\n|\n|t:|1699898806\n|switch|p1a: Vesta|Volcarona, F|100\/100\n|detailschange|p2a: Charizard|Charizard-Mega-Y, F\n|-mega|p2a: Charizard|Charizard|Charizardite Y\n|-weather|SunnyDay|[from] ability: Drought|[of] p2a: Charizard\n|move|p2a: Charizard|Flamethrower|p1a: Vesta\n|-damage|p1a: Vesta|4\/100\n|\n|-weather|SunnyDay|[upkeep]\n|upkeep\n|turn|3\n|\n|t:|1699898818\n|move|p2a: Charizard|Flamethrower|p1a: Vesta\n|-damage|p1a: Vesta|0 fnt\n|faint|p1a: Vesta\n|\n|-weather|SunnyDay|[upkeep]\n|upkeep\n|\n|t:|1699898822\n|switch|p1a: Scorn|Scolipede, M|100\/100\n|turn|4\n|\n|t:|1699898827\n|move|p1a: Scorn|Protect|p1a: Scorn\n|-singleturn|p1a: Scorn|Protect\n|move|p2a: Charizard|Flamethrower|p1a: Scorn\n|-activate|p1a: Scorn|move: Protect\n|\n|-weather|SunnyDay|[upkeep]\n|-sideend|p2: Beastmaster394|move: Tailwind\n|-ability|p1a: Scorn|Speed Boost|boost\n|-boost|p1a: Scorn|spe|1\n|upkeep\n|turn|5\n|\n|t:|1699898838\n|move|p1a: Scorn|Rock Slide|p2a: Charizard\n|-supereffective|p2a: Charizard\n|-damage|p2a: Charizard|0 fnt\n|faint|p2a: Charizard\n|\n|-weather|SunnyDay|[upkeep]\n|-ability|p1a: Scorn|Speed Boost|boost\n|-boost|p1a: Scorn|spe|1\n|upkeep\n|\n|t:|1699898851\n|switch|p2a: Gliscor|Gliscor, F|100\/100\n|turn|6\n|\n|t:|1699898857\n|move|p1a: Scorn|Swords Dance|p1a: Scorn\n|-boost|p1a: Scorn|atk|2\n|move|p2a: Gliscor|Tailwind|p2a: Gliscor\n|-sidestart|p2: Beastmaster394|move: Tailwind\n|\n|-weather|none\n|-status|p2a: Gliscor|tox|[from] item: Toxic Orb\n|-ability|p1a: Scorn|Speed Boost|boost\n|-boost|p1a: Scorn|spe|1\n|upkeep\n|turn|7\n|\n|t:|1699898869\n|move|p1a: Scorn|Protect|p1a: Scorn\n|-singleturn|p1a: Scorn|Protect\n|move|p2a: Gliscor|Facade|p1a: Scorn\n|-activate|p1a: Scorn|move: Protect\n|\n|-ability|p1a: Scorn|Speed Boost|boost\n|-boost|p1a: Scorn|spe|1\n|upkeep\n|turn|8\n|\n|t:|1699898878\n|move|p1a: Scorn|Rock Slide|p2a: Gliscor\n|-damage|p2a: Gliscor|56\/100 tox\n|move|p2a: Gliscor|Facade|p1a: Scorn\n|-damage|p1a: Scorn|44\/100\n|\n|-heal|p2a: Gliscor|69\/100 tox|[from] ability: Poison Heal\n|-ability|p1a: Scorn|Speed Boost|boost\n|-boost|p1a: Scorn|spe|1\n|upkeep\n|turn|9\n|\n|t:|1699898888\n|move|p1a: Scorn|Rock Slide|p2a: Gliscor\n|-damage|p2a: Gliscor|30\/100 tox\n|move|p2a: Gliscor|Facade|p1a: Scorn\n|-damage|p1a: Scorn|0 fnt\n|faint|p1a: Scorn\n|\n|-heal|p2a: Gliscor|42\/100 tox|[from] ability: Poison Heal\n|-sideend|p2: Beastmaster394|move: Tailwind\n|upkeep\n|\n|t:|1699898892\n|switch|p1a: Dubstep|Noivern, M, tera:Normal|100\/100\n|turn|10\n|\n|t:|1699898902\n|move|p1a: Dubstep|Boomburst|p2a: Gliscor\n|-damage|p2a: Gliscor|0 fnt\n|faint|p2a: Gliscor\n|\n|upkeep\n|\n|t:|1699898909\n|switch|p2a: Oricorio|Oricorio-Pom-Pom, M|100\/100\n|turn|11\n|\n|t:|1699898915\n|move|p1a: Dubstep|Boomburst|p2a: Oricorio\n|-damage|p2a: Oricorio|0 fnt\n|faint|p2a: Oricorio\n|\n|upkeep\n|\n|t:|1699898921\n|switch|p2a: Vespiquen|Vespiquen, F|100\/100\n|-ability|p2a: Vespiquen|Unnerve\n|turn|12\n|\n|t:|1699898926\n|move|p1a: Dubstep|Boomburst|p2a: Vespiquen\n|-crit|p2a: Vespiquen\n|-damage|p2a: Vespiquen|0 fnt\n|faint|p2a: Vespiquen\n|\n|upkeep\n|\n|t:|1699898931\n|switch|p2a: Yanmega|Yanmega, F|100\/100\n|turn|13\n|\n|t:|1699898935\n|move|p2a: Yanmega|Detect|p2a: Yanmega\n|-singleturn|p2a: Yanmega|Protect\n|move|p1a: Dubstep|Boomburst|p2a: Yanmega\n|-activate|p2a: Yanmega|move: Protect\n|\n|-ability|p2a: Yanmega|Speed Boost|boost\n|-boost|p2a: Yanmega|spe|1\n|upkeep\n|turn|14\n|\n|t:|1699898947\n|move|p1a: Dubstep|Boomburst|p2a: Yanmega\n|-enditem|p2a: Yanmega|Focus Sash\n|-damage|p2a: Yanmega|1\/100\n|move|p2a: Yanmega|Air Slash|p1a: Dubstep\n|-damage|p1a: Dubstep|47\/100\n|\n|-ability|p2a: Yanmega|Speed Boost|boost\n|-boost|p2a: Yanmega|spe|1\n|upkeep\n|turn|15\n|\n|t:|1699898958\n|move|p2a: Yanmega|Air Slash|p1a: Dubstep\n|-damage|p1a: Dubstep|0 fnt\n|faint|p1a: Dubstep\n|\n|-ability|p2a: Yanmega|Speed Boost|boost\n|-boost|p2a: Yanmega|spe|1\n|upkeep\n|\n|t:|1699898963\n|switch|p1a: Destroya|Armaldo, F|100\/100\n|turn|16\n|\n|t:|1699898967\n|move|p1a: Destroya|Aqua Jet|p2a: Yanmega\n|-damage|p2a: Yanmega|0 fnt\n|faint|p2a: Yanmega\n|\n|win|Greedy Monarch\n|raw|Greedy Monarch's rating: 1107 &rarr; <strong>1125<\/strong><br \/>(+18 for winning)\n|raw|Beastmaster394's rating: 1014 &rarr; <strong>1005<\/strong><br \/>(-9 for losing)\n|l|\u2606Beastmaster394\n|c|\u2606Greedy Monarch|Gg\n","uploadtime":1699898978,"views":14,"p1id":"greedymonarch","p2id":"beastmaster394","formatid":"gen9nationaldex","rating":1005,"private":0,"password":""}