{"id":"gen9nationaldex-1993039669","p1":"Fallout 3 Enjoyer","p2":"Welcometoearth420","format":"[Gen 9] National Dex","log":"|j|\u2606Fallout 3 Enjoyer\n|j|\u2606Welcometoearth420\n|t:|1700258129\n|gametype|singles\n|player|p1|Fallout 3 Enjoyer|acetrainerf|1301\n|player|p2|Welcometoearth420|169|1262\n|teamsize|p1|6\n|teamsize|p2|6\n|gen|9\n|tier|[Gen 9] National Dex\n|rated|\n|rule|HP Percentage Mod: HP is shown in percentages\n|rule|Endless Battle Clause: Forcing endless battles is banned\n|rule|OHKO Clause: OHKO moves are banned\n|rule|Evasion Clause: Evasion abilities, items, and moves are banned\n|rule|Evasion Abilities Clause: Evasion abilities are banned\n|rule|Evasion Items Clause: Evasion items are banned\n|rule|Evasion Moves Clause: Evasion moves are banned\n|rule|Species Clause: Limit one of each Pok\u00e9mon\n|rule|Sleep Clause Mod: Limit one foe put to sleep\n|clearpoke\n|poke|p1|Sharpedo, M|\n|poke|p1|Samurott-Hisui, F|\n|poke|p1|Incineroar, M|\n|poke|p1|Entei|\n|poke|p1|Rillaboom, M|\n|poke|p1|Ribombee, M|\n|poke|p2|Ninetales-Alola, F|\n|poke|p2|Kyurem|\n|poke|p2|Slowbro-Galar, F|\n|poke|p2|Tapu Lele|\n|poke|p2|Toxapex, M|\n|poke|p2|Volcarona, F|\n|teampreview\n|inactive|Battle timer is ON: inactive players will automatically lose when time's up. (requested by Fallout 3 Enjoyer)\n|\n|t:|1700258139\n|start\n|switch|p1a: RC Cola|Ribombee, M|100\/100\n|switch|p2a: THE ICE AGE|Ninetales-Alola, F, shiny|100\/100\n|-weather|Snow|[from] ability: Snow Warning|[of] p2a: THE ICE AGE\n|turn|1\n|\n|t:|1700258144\n|move|p1a: RC Cola|Sticky Web|p2a: THE ICE AGE\n|-sidestart|p2: Welcometoearth420|move: Sticky Web\n|move|p2a: THE ICE AGE|Aurora Veil|p2a: THE ICE AGE\n|-sidestart|p2: Welcometoearth420|move: Aurora Veil\n|\n|-weather|Snow|[upkeep]\n|upkeep\n|turn|2\n|\n|t:|1700258155\n|switch|p2a: Watch this|Slowbro-Galar, F, shiny|100\/100\n|-activate|p2a: Watch this|move: Sticky Web\n|-unboost|p2a: Watch this|spe|1\n|move|p1a: RC Cola|Stun Spore|p2a: Watch this\n|-status|p2a: Watch this|par\n|\n|-weather|Snow|[upkeep]\n|upkeep\n|turn|3\n|\n|t:|1700258166\n|move|p1a: RC Cola|Skill Swap|p2a: Watch this\n|-activate|p1a: RC Cola|move: Skill Swap|Regenerator|Shield Dust|[of] p2a: Watch this\n|move|p2a: Watch this|Calm Mind|p2a: Watch this\n|-boost|p2a: Watch this|spa|1\n|-boost|p2a: Watch this|spd|1\n|\n|-weather|Snow|[upkeep]\n|upkeep\n|turn|4\n|\n|t:|1700258177\n|switch|p1a: Cream|Samurott-Hisui, F, shiny|100\/100\n|cant|p2a: Watch this|par\n|\n|-weather|Snow|[upkeep]\n|upkeep\n|turn|5\n|\n|t:|1700258183\n|detailschange|p2a: Watch this|Slowbro-Mega, F, shiny\n|-mega|p2a: Watch this|Slowbro|Slowbronite\n|move|p1a: Cream|Ceaseless Edge|p2a: Watch this\n|-supereffective|p2a: Watch this\n|-damage|p2a: Watch this|80\/100 par\n|-sidestart|p2: Welcometoearth420|Spikes\n|move|p2a: Watch this|Scald|p1a: Cream\n|-resisted|p1a: Cream\n|-damage|p1a: Cream|62\/100\n|\n|-weather|none\n|upkeep\n|turn|6\n|\n|t:|1700258196\n|switch|p1a: Starry|Sharpedo, M|100\/100\n|cant|p2a: Watch this|par\n|\n|upkeep\n|turn|7\n|\n|t:|1700258200\n|move|p1a: Starry|Protect|p1a: Starry\n|-singleturn|p1a: Starry|Protect\n|move|p2a: Watch this|Scald|p1a: Starry\n|-activate|p1a: Starry|move: Protect\n|\n|-ability|p1a: Starry|Speed Boost|boost\n|-boost|p1a: Starry|spe|1\n|upkeep\n|turn|8\n|\n|t:|1700258205\n|move|p1a: Starry|Protect|p1a: Starry\n|-singleturn|p1a: Starry|Protect\n|move|p2a: Watch this|Scald|p1a: Starry\n|-activate|p1a: Starry|move: Protect\n|\n|-sideend|p2: Welcometoearth420|move: Aurora Veil\n|-ability|p1a: Starry|Speed Boost|boost\n|-boost|p1a: Starry|spe|1\n|upkeep\n|turn|9\n|\n|t:|1700258209\n|detailschange|p1a: Starry|Sharpedo-Mega, M\n|-mega|p1a: Starry|Sharpedo|Sharpedonite\n|move|p1a: Starry|Crunch|p2a: Watch this\n|-supereffective|p2a: Watch this\n|-damage|p2a: Watch this|25\/100 par\n|cant|p2a: Watch this|par\n|\n|upkeep\n|turn|10\n|\n|t:|1700258214\n|move|p1a: Starry|Crunch|p2a: Watch this\n|-supereffective|p2a: Watch this\n|-damage|p2a: Watch this|0 fnt\n|faint|p2a: Watch this\n|\n|upkeep\n|\n|t:|1700258218\n|switch|p2a: THE ICE AGE|Ninetales-Alola, F, shiny|100\/100\n|-activate|p2a: THE ICE AGE|move: Sticky Web\n|-unboost|p2a: THE ICE AGE|spe|1\n|-damage|p2a: THE ICE AGE|88\/100|[from] Spikes\n|-weather|Snow|[from] ability: Snow Warning|[of] p2a: THE ICE AGE\n|turn|11\n|\n|t:|1700258223\n|move|p1a: Starry|Psychic Fangs|p2a: THE ICE AGE\n|-damage|p2a: THE ICE AGE|48\/100\n|move|p2a: THE ICE AGE|Aurora Veil|p2a: THE ICE AGE\n|-sidestart|p2: Welcometoearth420|move: Aurora Veil\n|\n|-weather|Snow|[upkeep]\n|upkeep\n|turn|12\n|\n|t:|1700258229\n|move|p1a: Starry|Psychic Fangs|p2a: THE ICE AGE\n|-sideend|p2: Welcometoearth420|move: Aurora Veil\n|-damage|p2a: THE ICE AGE|5\/100\n|move|p2a: THE ICE AGE|Moonblast|p1a: Starry\n|-supereffective|p1a: Starry\n|-damage|p1a: Starry|2\/100\n|-unboost|p1a: Starry|spa|1\n|\n|-weather|Snow|[upkeep]\n|upkeep\n|turn|13\n|\n|t:|1700258238\n|move|p1a: Starry|Psychic Fangs|p2a: THE ICE AGE\n|-damage|p2a: THE ICE AGE|0 fnt\n|faint|p2a: THE ICE AGE\n|\n|-weather|Snow|[upkeep]\n|upkeep\n|\n|t:|1700258239\n|switch|p2a: Baxcalibur demo|Kyurem, shiny|100\/100\n|-activate|p2a: Baxcalibur demo|move: Sticky Web\n|-unboost|p2a: Baxcalibur demo|spe|1\n|-damage|p2a: Baxcalibur demo|88\/100|[from] Spikes\n|-ability|p2a: Baxcalibur demo|Pressure\n|turn|14\n|\n|t:|1700258244\n|move|p1a: Starry|Psychic Fangs|p2a: Baxcalibur demo\n|-damage|p2a: Baxcalibur demo|62\/100\n|move|p2a: Baxcalibur demo|Substitute|p2a: Baxcalibur demo\n|-start|p2a: Baxcalibur demo|Substitute\n|-damage|p2a: Baxcalibur demo|38\/100\n|\n|-weather|Snow|[upkeep]\n|-heal|p2a: Baxcalibur demo|44\/100|[from] item: Leftovers\n|upkeep\n|turn|15\n|\n|t:|1700258250\n|move|p1a: Starry|Crunch|p2a: Baxcalibur demo\n|-end|p2a: Baxcalibur demo|Substitute\n|move|p2a: Baxcalibur demo|Roost|p2a: Baxcalibur demo\n|-heal|p2a: Baxcalibur demo|94\/100\n|-singleturn|p2a: Baxcalibur demo|move: Roost\n|\n|-weather|none\n|-heal|p2a: Baxcalibur demo|99\/100|[from] item: Leftovers\n|upkeep\n|turn|16\n|\n|t:|1700258254\n|move|p1a: Starry|Crunch|p2a: Baxcalibur demo\n|-damage|p2a: Baxcalibur demo|45\/100\n|move|p2a: Baxcalibur demo|Earth Power|p1a: Starry\n|-damage|p1a: Starry|0 fnt\n|faint|p1a: Starry\n|\n|-heal|p2a: Baxcalibur demo|51\/100|[from] item: Leftovers\n|upkeep\n|\n|t:|1700258258\n|switch|p1a: McDonald's Sprite|Entei, shiny|100\/100\n|turn|17\n|\n|t:|1700258261\n|move|p1a: McDonald's Sprite|Flame Charge|p2a: Baxcalibur demo\n|-damage|p2a: Baxcalibur demo|29\/100\n|-boost|p1a: McDonald's Sprite|spe|1\n|move|p2a: Baxcalibur demo|Earth Power|p1a: McDonald's Sprite\n|-supereffective|p1a: McDonald's Sprite\n|-damage|p1a: McDonald's Sprite|39\/100\n|\n|-heal|p2a: Baxcalibur demo|36\/100|[from] item: Leftovers\n|upkeep\n|turn|18\n|\n|t:|1700258266\n|move|p1a: McDonald's Sprite|Sacred Fire|p2a: Baxcalibur demo\n|-damage|p2a: Baxcalibur demo|0 fnt\n|faint|p2a: Baxcalibur demo\n|\n|upkeep\n|\n|t:|1700258269\n|switch|p2a: Toxapex|Toxapex, M|100\/100\n|turn|19\n|\n|t:|1700258272\n|-zpower|p1a: McDonald's Sprite\n|move|p1a: McDonald's Sprite|Continental Crush|p2a: Toxapex|[zeffect]\n|-damage|p2a: Toxapex|54\/100\n|move|p2a: Toxapex|Scald|p1a: McDonald's Sprite\n|-supereffective|p1a: McDonald's Sprite\n|-damage|p1a: McDonald's Sprite|0 fnt\n|faint|p1a: McDonald's Sprite\n|\n|upkeep\n|-message|Welcometoearth420 forfeited.\n|\n|win|Fallout 3 Enjoyer\n|raw|Fallout 3 Enjoyer's rating: 1301 &rarr; <strong>1319<\/strong><br \/>(+18 for winning)\n|raw|Welcometoearth420's rating: 1262 &rarr; <strong>1240<\/strong><br \/>(-22 for losing)\n|l|\u2606Welcometoearth420\n","uploadtime":1700258284,"views":6,"p1id":"fallout3enjoyer","p2id":"welcometoearth420","formatid":"gen9nationaldex","rating":1240,"private":0,"password":""}