{"id":"gen9nationaldex-1997420468","p1":"Be happy every","p2":"Woundsave","format":"[Gen 9] National Dex","log":"|html|<div class=\"broadcast-blue\"><strong>[Gen 9] National Dex is currently suspecting Sneasler! For information on how to participate check out the <a href=\"https:\/\/www.smogon.com\/forums\/threads\/sv-national-dex-suspect-8-just-dance.3731534\/\">suspect thread<\/a>.<\/strong><\/div>\n|j|\u2606Be happy every\n|j|\u2606Woundsave\n|t:|1700802337\n|gametype|singles\n|player|p1|Be happy every|irida|1098\n|player|p2|Woundsave|carmine-festival|1181\n|teamsize|p1|6\n|teamsize|p2|6\n|gen|9\n|tier|[Gen 9] National Dex\n|rated|\n|rule|HP Percentage Mod: HP is shown in percentages\n|rule|Endless Battle Clause: Forcing endless battles is banned\n|rule|OHKO Clause: OHKO moves are banned\n|rule|Evasion Clause: Evasion abilities, items, and moves are banned\n|rule|Evasion Abilities Clause: Evasion abilities are banned\n|rule|Evasion Items Clause: Evasion items are banned\n|rule|Evasion Moves Clause: Evasion moves are banned\n|rule|Species Clause: Limit one of each Pok\u00e9mon\n|rule|Sleep Clause Mod: Limit one foe put to sleep\n|clearpoke\n|poke|p1|Zapdos|\n|poke|p1|Alomomola, M|\n|poke|p1|Gliscor, F|\n|poke|p1|Urshifu-*, M|\n|poke|p1|Terrakion|\n|poke|p1|Gyarados, M|\n|poke|p2|Incineroar, M|\n|poke|p2|Sneasler, F|\n|poke|p2|Rillaboom, M|\n|poke|p2|Hydreigon, F|\n|poke|p2|Greninja-*, M|\n|poke|p2|Turtonator, F|\n|teampreview\n|inactive|Battle timer is ON: inactive players will automatically lose when time's up. (requested by Be happy every)\n|\n|t:|1700802349\n|start\n|switch|p1a: Gyarados|Gyarados, M, shiny|100\/100\n|switch|p2a: Incineroar|Incineroar, M|100\/100\n|-ability|p1a: Gyarados|Intimidate|boost\n|-unboost|p2a: Incineroar|atk|1\n|-ability|p2a: Incineroar|Intimidate|boost\n|-unboost|p1a: Gyarados|atk|1\n|turn|1\n|\n|t:|1700802360\n|switch|p1a: Gliscor|Gliscor, F|100\/100\n|move|p2a: Incineroar|Fake Out|p1a: Gliscor\n|-damage|p1a: Gliscor|93\/100\n|\n|-status|p1a: Gliscor|tox|[from] item: Toxic Orb\n|upkeep\n|turn|2\n|\n|t:|1700802369\n|move|p1a: Gliscor|Swords Dance|p1a: Gliscor\n|-boost|p1a: Gliscor|atk|2\n|move|p2a: Incineroar|Parting Shot|p1a: Gliscor\n|-unboost|p1a: Gliscor|atk|1\n|-unboost|p1a: Gliscor|spa|1\n|\n|t:|1700802374\n|switch|p2a: Greninja|Greninja, M|100\/100|[from] Parting Shot\n|\n|-heal|p1a: Gliscor|100\/100 tox|[from] ability: Poison Heal\n|upkeep\n|turn|3\n|\n|t:|1700802378\n|-terastallize|p2a: Greninja|Water\n|move|p2a: Greninja|Water Shuriken|p1a: Gliscor\n|-supereffective|p1a: Gliscor\n|-damage|p1a: Gliscor|77\/100 tox\n|-supereffective|p1a: Gliscor\n|-damage|p1a: Gliscor|54\/100 tox\n|-supereffective|p1a: Gliscor\n|-damage|p1a: Gliscor|28\/100 tox\n|-supereffective|p1a: Gliscor\n|-damage|p1a: Gliscor|2\/100 tox\n|-hitcount|p1a: Gliscor|4\n|move|p1a: Gliscor|U-turn|p2a: Greninja\n|-damage|p2a: Greninja|60\/100\n|\n|t:|1700802393\n|switch|p1a: Alomomola|Alomomola, M|100\/100|[from] U-turn\n|\n|upkeep\n|turn|4\n|\n|t:|1700802401\n|switch|p2a: Rillaboom|Rillaboom, M|100\/100\n|-fieldstart|move: Grassy Terrain|[from] ability: Grassy Surge|[of] p2a: Rillaboom\n|move|p1a: Alomomola|Knock Off|p2a: Rillaboom\n|-damage|p2a: Rillaboom|82\/100\n|-enditem|p2a: Rillaboom|Choice Band|[from] move: Knock Off|[of] p1a: Alomomola\n|\n|-heal|p2a: Rillaboom|88\/100|[from] Grassy Terrain\n|upkeep\n|turn|5\n|\n|t:|1700802416\n|move|p2a: Rillaboom|U-turn|p1a: Alomomola\n|-damage|p1a: Alomomola|90\/100\n|\n|t:|1700802418\n|switch|p2a: Incineroar|Incineroar, M|100\/100|[from] U-turn\n|-ability|p2a: Incineroar|Intimidate|boost\n|-unboost|p1a: Alomomola|atk|1\n|move|p1a: Alomomola|Flip Turn|p2a: Incineroar\n|-supereffective|p2a: Incineroar\n|-damage|p2a: Incineroar|81\/100\n|\n|t:|1700802428\n|switch|p1a: Urshifu|Urshifu-Rapid-Strike, M|100\/100|[from] Flip Turn\n|\n|-heal|p2a: Incineroar|87\/100|[from] Grassy Terrain\n|upkeep\n|turn|6\n|\n|t:|1700802432\n|-terastallize|p1a: Urshifu|Water\n|move|p2a: Incineroar|Fake Out|p1a: Urshifu\n|-damage|p1a: Urshifu|89\/100\n|cant|p1a: Urshifu|flinch\n|\n|-heal|p1a: Urshifu|95\/100|[from] Grassy Terrain\n|-heal|p2a: Incineroar|93\/100|[from] Grassy Terrain\n|upkeep\n|turn|7\n|\n|t:|1700802441\n|switch|p2a: Rillaboom|Rillaboom, M|88\/100\n|move|p1a: Urshifu|Surging Strikes|p2a: Rillaboom\n|-resisted|p2a: Rillaboom\n|-crit|p2a: Rillaboom\n|-damage|p2a: Rillaboom|73\/100\n|-resisted|p2a: Rillaboom\n|-crit|p2a: Rillaboom\n|-damage|p2a: Rillaboom|57\/100\n|-resisted|p2a: Rillaboom\n|-crit|p2a: Rillaboom\n|-damage|p2a: Rillaboom|41\/100\n|-hitcount|p2a: Rillaboom|3\n|\n|-heal|p1a: Urshifu|100\/100|[from] Grassy Terrain\n|-heal|p2a: Rillaboom|47\/100|[from] Grassy Terrain\n|upkeep\n|turn|8\n|\n|t:|1700802457\n|switch|p1a: Zapdos|Zapdos|100\/100\n|switch|p2a: Turtonator|Turtonator, F|100\/100\n|\n|-fieldend|move: Grassy Terrain\n|upkeep\n|turn|9\n|\n|t:|1700802465\n|move|p1a: Zapdos|Volt Switch|p2a: Turtonator\n|-resisted|p2a: Turtonator\n|-damage|p2a: Turtonator|87\/100\n|\n|t:|1700802488\n|switch|p1a: Urshifu|Urshifu-Rapid-Strike, M, tera:Water|100\/100|[from] Volt Switch\n|move|p2a: Turtonator|Flamethrower|p1a: Urshifu\n|-resisted|p1a: Urshifu\n|-damage|p1a: Urshifu|79\/100\n|\n|-heal|p2a: Turtonator|93\/100|[from] item: Leftovers\n|upkeep\n|turn|10\n|\n|t:|1700802499\n|-singleturn|p2a: Turtonator|move: Shell Trap\n|move|p1a: Urshifu|Surging Strikes|p2a: Turtonator\n|-damage|p2a: Turtonator|77\/100\n|-damage|p2a: Turtonator|60\/100\n|-damage|p2a: Turtonator|44\/100\n|-hitcount|p2a: Turtonator|3\n|move|p2a: Turtonator|Shell Trap|p1a: Urshifu\n|-resisted|p1a: Urshifu\n|-damage|p1a: Urshifu|45\/100\n|\n|-heal|p2a: Turtonator|50\/100|[from] item: Leftovers\n|upkeep\n|turn|11\n|\n|t:|1700802519\n|-singleturn|p2a: Turtonator|move: Shell Trap\n|move|p1a: Urshifu|Surging Strikes|p2a: Turtonator\n|-damage|p2a: Turtonator|34\/100\n|-damage|p2a: Turtonator|18\/100\n|-damage|p2a: Turtonator|2\/100\n|-hitcount|p2a: Turtonator|3\n|move|p2a: Turtonator|Shell Trap|p1a: Urshifu\n|-resisted|p1a: Urshifu\n|-damage|p1a: Urshifu|12\/100\n|\n|-heal|p2a: Turtonator|8\/100|[from] item: Leftovers\n|upkeep\n|turn|12\n|\n|t:|1700802530\n|move|p1a: Urshifu|Surging Strikes|p2a: Turtonator\n|-damage|p2a: Turtonator|0 fnt\n|faint|p2a: Turtonator\n|-hitcount|p2: Turtonator|1\n|\n|upkeep\n|\n|t:|1700802534\n|switch|p2a: Incineroar|Incineroar, M|93\/100\n|-ability|p2a: Incineroar|Intimidate|boost\n|-unboost|p1a: Urshifu|atk|1\n|turn|13\n|\n|t:|1700802557\n|switch|p1a: Terrakion|Terrakion|100\/100\n|move|p2a: Incineroar|Fake Out|p1a: Terrakion\n|-resisted|p1a: Terrakion\n|-damage|p1a: Terrakion|93\/100\n|\n|upkeep\n|turn|14\n|\n|t:|1700802571\n|move|p1a: Terrakion|Megahorn|p2a: Incineroar\n|-damage|p2a: Incineroar|53\/100\n|move|p2a: Incineroar|Parting Shot|p1a: Terrakion\n|-unboost|p1a: Terrakion|atk|1\n|-unboost|p1a: Terrakion|spa|1\n|\n|t:|1700802576\n|switch|p2a: Greninja|Greninja, M, tera:Water|60\/100|[from] Parting Shot\n|\n|upkeep\n|turn|15\n|\n|t:|1700802582\n|switch|p1a: Zapdos|Zapdos|100\/100\n|move|p2a: Greninja|Water Shuriken|p1a: Zapdos\n|-damage|p1a: Zapdos|91\/100\n|-damage|p1a: Zapdos|82\/100\n|-damage|p1a: Zapdos|72\/100\n|-damage|p1a: Zapdos|61\/100\n|-hitcount|p1a: Zapdos|4\n|\n|upkeep\n|turn|16\n|\n|t:|1700802598\n|switch|p2a: Rillaboom|Rillaboom, M|47\/100\n|-fieldstart|move: Grassy Terrain|[from] ability: Grassy Surge|[of] p2a: Rillaboom\n|move|p1a: Zapdos|Discharge|p2a: Rillaboom\n|-resisted|p2a: Rillaboom\n|-damage|p2a: Rillaboom|30\/100\n|\n|-heal|p2a: Rillaboom|36\/100|[from] Grassy Terrain\n|upkeep\n|turn|17\n|\n|t:|1700802607\n|move|p1a: Zapdos|Volt Switch|p2a: Rillaboom\n|-resisted|p2a: Rillaboom\n|-damage|p2a: Rillaboom|20\/100\n|\n|t:|1700802623\n|switch|p1a: Terrakion|Terrakion|93\/100|[from] Volt Switch\n|move|p2a: Rillaboom|Knock Off|p1a: Terrakion\n|-resisted|p1a: Terrakion\n|-damage|p1a: Terrakion|75\/100\n|-ability|p1a: Terrakion|Justified|boost\n|-boost|p1a: Terrakion|atk|1\n|-enditem|p1a: Terrakion|Choice Scarf|[from] move: Knock Off|[of] p2a: Rillaboom\n|\n|-heal|p1a: Terrakion|82\/100|[from] Grassy Terrain\n|-heal|p2a: Rillaboom|26\/100|[from] Grassy Terrain\n|upkeep\n|turn|18\n|\n|t:|1700802636\n|switch|p2a: Incineroar|Incineroar, M|53\/100\n|-ability|p2a: Incineroar|Intimidate|boost\n|-unboost|p1a: Terrakion|atk|1\n|move|p1a: Terrakion|Megahorn|p2a: Incineroar\n|-damage|p2a: Incineroar|12\/100\n|-enditem|p2a: Incineroar|Sitrus Berry|[eat]\n|-heal|p2a: Incineroar|37\/100|[from] item: Sitrus Berry\n|\n|-heal|p1a: Terrakion|88\/100|[from] Grassy Terrain\n|-heal|p2a: Incineroar|43\/100|[from] Grassy Terrain\n|upkeep\n|turn|19\n|\n|t:|1700802649\n|move|p1a: Terrakion|Close Combat|p2a: Incineroar\n|-supereffective|p2a: Incineroar\n|-damage|p2a: Incineroar|0 fnt\n|-unboost|p1a: Terrakion|def|1\n|-unboost|p1a: Terrakion|spd|1\n|faint|p2a: Incineroar\n|\n|-heal|p1a: Terrakion|94\/100|[from] Grassy Terrain\n|upkeep\n|\n|t:|1700802652\n|switch|p2a: Sneasler|Sneasler, F|100\/100\n|-enditem|p2a: Sneasler|Grassy Seed\n|-boost|p2a: Sneasler|def|1|[from] item: Grassy Seed\n|turn|20\n|inactive|Be happy every has 120 seconds left.\n|\n|t:|1700802682\n|move|p2a: Sneasler|Swords Dance|p2a: Sneasler\n|-boost|p2a: Sneasler|atk|2\n|move|p1a: Terrakion|Zen Headbutt|p2a: Sneasler|[miss]\n|-miss|p1a: Terrakion|p2a: Sneasler\n|\n|-heal|p1a: Terrakion|99\/100|[from] Grassy Terrain\n|-fieldend|move: Grassy Terrain\n|upkeep\n|turn|21\n|inactive|Be happy every has 120 seconds left.\n|\n|t:|1700802692\n|move|p2a: Sneasler|Acrobatics|p1a: Terrakion\n|-crit|p1a: Terrakion\n|-damage|p1a: Terrakion|0 fnt\n|faint|p1a: Terrakion\n|\n|upkeep\n|inactive|Be happy every has 120 seconds left.\n|\n|t:|1700802711\n|switch|p1a: Urshifu|Urshifu-Rapid-Strike, M, tera:Water|12\/100\n|turn|22\n|\n|t:|1700802715\n|move|p2a: Sneasler|Acrobatics|p1a: Urshifu\n|-damage|p1a: Urshifu|0 fnt\n|faint|p1a: Urshifu\n|\n|upkeep\n|\n|t:|1700802718\n|switch|p1a: Zapdos|Zapdos|61\/100\n|turn|23\n|\n|t:|1700802721\n|move|p2a: Sneasler|Dire Claw|p1a: Zapdos\n|-damage|p1a: Zapdos|0 fnt\n|-damage|p2a: Sneasler|84\/100|[from] item: Rocky Helmet|[of] p1a: Zapdos\n|-status|p2a: Sneasler|par|[from] ability: Static|[of] p1a: Zapdos\n|faint|p1a: Zapdos\n|\n|upkeep\n|\n|t:|1700802735\n|switch|p1a: Gliscor|Gliscor, F|2\/100 tox\n|turn|24\n|\n|t:|1700802740\n|move|p1a: Gliscor|Earthquake|p2a: Sneasler\n|-supereffective|p2a: Sneasler\n|-crit|p2a: Sneasler\n|-damage|p2a: Sneasler|0 fnt\n|faint|p2a: Sneasler\n|\n|-heal|p1a: Gliscor|14\/100 tox|[from] ability: Poison Heal\n|upkeep\n|\n|t:|1700802744\n|switch|p2a: Greninja|Greninja, M, tera:Water|60\/100\n|turn|25\n|\n|t:|1700802750\n|switch|p1a: Alomomola|Alomomola, M|100\/100\n|move|p2a: Greninja|Water Shuriken|p1a: Alomomola\n|-resisted|p1a: Alomomola\n|-damage|p1a: Alomomola|95\/100\n|-resisted|p1a: Alomomola\n|-damage|p1a: Alomomola|90\/100\n|-resisted|p1a: Alomomola\n|-damage|p1a: Alomomola|86\/100\n|-resisted|p1a: Alomomola\n|-damage|p1a: Alomomola|80\/100\n|-resisted|p1a: Alomomola\n|-damage|p1a: Alomomola|76\/100\n|-hitcount|p1a: Alomomola|5\n|\n|-heal|p1a: Alomomola|82\/100|[from] item: Leftovers\n|upkeep\n|turn|26\n|\n|t:|1700802765\n|switch|p2a: Rillaboom|Rillaboom, M|26\/100\n|-fieldstart|move: Grassy Terrain|[from] ability: Grassy Surge|[of] p2a: Rillaboom\n|move|p1a: Alomomola|Knock Off|p2a: Rillaboom\n|-damage|p2a: Rillaboom|13\/100\n|\n|-heal|p2a: Rillaboom|19\/100|[from] Grassy Terrain\n|-heal|p1a: Alomomola|88\/100|[from] Grassy Terrain\n|-heal|p1a: Alomomola|94\/100|[from] item: Leftovers\n|upkeep\n|turn|27\n|\n|t:|1700802788\n|switch|p1a: Gyarados|Gyarados, M, shiny|100\/100\n|-ability|p1a: Gyarados|Intimidate|boost\n|-unboost|p2a: Rillaboom|atk|1\n|move|p2a: Rillaboom|Wood Hammer|p1a: Gyarados\n|-damage|p1a: Gyarados|40\/100\n|-damage|p2a: Rillaboom|0 fnt|[from] Recoil\n|faint|p2a: Rillaboom\n|\n|upkeep\n|\n|t:|1700802790\n|switch|p2a: Hydreigon|Hydreigon, F|100\/100\n|turn|28\n|\n|t:|1700802805\n|switch|p1a: Alomomola|Alomomola, M|100\/100\n|move|p2a: Hydreigon|Dark Pulse|p1a: Alomomola\n|-damage|p1a: Alomomola|51\/100\n|\n|-heal|p1a: Alomomola|57\/100|[from] Grassy Terrain\n|-heal|p1a: Alomomola|63\/100|[from] item: Leftovers\n|upkeep\n|turn|29\n|\n|t:|1700802818\n|move|p2a: Hydreigon|Draco Meteor|p1a: Alomomola\n|-damage|p1a: Alomomola|0 fnt\n|-unboost|p2a: Hydreigon|spa|2\n|-enditem|p2a: Hydreigon|Eject Pack\n|faint|p1a: Alomomola\n|\n|t:|1700802822\n|switch|p2a: Greninja|Greninja, M, tera:Water|60\/100\n|\n|-heal|p2a: Greninja|66\/100|[from] Grassy Terrain\n|upkeep\n|\n|t:|1700802833\n|switch|p1a: Gyarados|Gyarados, M, shiny|40\/100\n|-ability|p1a: Gyarados|Intimidate|boost\n|-unboost|p2a: Greninja|atk|1\n|turn|30\n|\n|t:|1700802860\n|move|p2a: Greninja|Water Shuriken|p1a: Gyarados\n|-resisted|p1a: Gyarados\n|-damage|p1a: Gyarados|36\/100\n|-resisted|p1a: Gyarados\n|-damage|p1a: Gyarados|32\/100\n|-resisted|p1a: Gyarados\n|-damage|p1a: Gyarados|28\/100\n|-resisted|p1a: Gyarados\n|-damage|p1a: Gyarados|23\/100\n|-hitcount|p1a: Gyarados|4\n|move|p1a: Gyarados|Power Whip|p2a: Greninja\n|-supereffective|p2a: Greninja\n|-damage|p2a: Greninja|0 fnt\n|faint|p2a: Greninja\n|\n|-fieldend|move: Grassy Terrain\n|upkeep\n|inactive|Woundsave has 120 seconds left.\n|\n|t:|1700802885\n|switch|p2a: Hydreigon|Hydreigon, F|100\/100\n|turn|31\n|\n|t:|1700802911\n|move|p2a: Hydreigon|Dark Pulse|p1a: Gyarados\n|-damage|p1a: Gyarados|0 fnt\n|faint|p1a: Gyarados\n|\n|upkeep\n|\n|t:|1700802919\n|switch|p1a: Gliscor|Gliscor, F|14\/100 tox\n|turn|32\n|\n|t:|1700802927\n|move|p1a: Gliscor|U-turn|p2a: Hydreigon\n|-supereffective|p2a: Hydreigon\n|-damage|p2a: Hydreigon|56\/100\n|move|p2a: Hydreigon|Dark Pulse|p1a: Gliscor\n|-damage|p1a: Gliscor|0 fnt\n|faint|p1a: Gliscor\n|\n|win|Woundsave\n|raw|Be happy every's rating: 1098 &rarr; <strong>1079<\/strong><br \/>(-19 for losing)\n|raw|Woundsave's rating: 1181 &rarr; <strong>1200<\/strong><br \/>(+19 for winning)\n","uploadtime":1700802950,"views":4,"p1id":"behappyevery","p2id":"woundsave","formatid":"gen9nationaldex","rating":1079,"private":0,"password":""}