{"id":"gen9nationaldex-1987576491","p1":"Anhkiet","p2":"akxhdwy","format":"[Gen 9] National Dex","log":"|j|\u2606Anhkiet\n|j|\u2606akxhdwy\n|t:|1699614560\n|gametype|singles\n|player|p1|Anhkiet|169|1701\n|player|p2|akxhdwy|2|1627\n|teamsize|p1|6\n|teamsize|p2|6\n|gen|9\n|tier|[Gen 9] National Dex\n|rated|\n|rule|HP Percentage Mod: HP is shown in percentages\n|rule|Endless Battle Clause: Forcing endless battles is banned\n|rule|OHKO Clause: OHKO moves are banned\n|rule|Evasion Clause: Evasion abilities, items, and moves are banned\n|rule|Evasion Abilities Clause: Evasion abilities are banned\n|rule|Evasion Items Clause: Evasion items are banned\n|rule|Evasion Moves Clause: Evasion moves are banned\n|rule|Species Clause: Limit one of each Pok\u00e9mon\n|rule|Sleep Clause Mod: Limit one foe put to sleep\n|clearpoke\n|poke|p1|Cresselia, F|\n|poke|p1|Hoopa-Unbound|\n|poke|p1|Iron Hands|\n|poke|p1|Mawile, M|\n|poke|p1|Xurkitree|\n|poke|p1|Volcarona, F|\n|poke|p2|Alomomola, M|\n|poke|p2|Heatran, M|\n|poke|p2|Diancie|\n|poke|p2|Urshifu-*, F|\n|poke|p2|Iron Treads|\n|poke|p2|Hydreigon, M|\n|teampreview\n|inactive|Battle timer is ON: inactive players will automatically lose when time's up. (requested by akxhdwy)\n|\n|t:|1699614610\n|start\n|switch|p1a: Mawile|Mawile, M|100\/100\n|switch|p2a: Hydreigon|Hydreigon, M|100\/100\n|-ability|p1a: Mawile|Intimidate|boost\n|-unboost|p2a: Hydreigon|atk|1\n|turn|1\n|inactive|Anhkiet has 120 seconds left.\n|\n|t:|1699614652\n|switch|p2a: Alomomola|Alomomola, M|100\/100\n|detailschange|p1a: Mawile|Mawile-Mega, M\n|-mega|p1a: Mawile|Mawile|Mawilite\n|move|p1a: Mawile|Swords Dance|p1a: Mawile\n|-boost|p1a: Mawile|atk|2\n|\n|upkeep\n|turn|2\n|\n|t:|1699614671\n|move|p2a: Alomomola|Flip Turn|p1a: Mawile\n|-damage|p1a: Mawile|83\/100\n|\n|t:|1699614688\n|switch|p2a: Diancie|Diancie|100\/100|[from] Flip Turn\n|move|p1a: Mawile|Play Rough|p2a: Diancie|[miss]\n|-miss|p1a: Mawile|p2a: Diancie\n|\n|upkeep\n|turn|3\n|\n|t:|1699614692\n|detailschange|p2a: Diancie|Diancie-Mega\n|-mega|p2a: Diancie|Diancie|Diancite\n|move|p2a: Diancie|Earth Power|p1a: Mawile\n|-supereffective|p1a: Mawile\n|-damage|p1a: Mawile|0 fnt\n|faint|p1a: Mawile\n|\n|upkeep\n|\n|t:|1699614700\n|switch|p1a: Cresselia|Cresselia, F|100\/100\n|turn|4\n|j| Nomer16\n|\n|t:|1699614715\n|move|p2a: Diancie|Stealth Rock|p1a: Cresselia\n|-sidestart|p1: Anhkiet|move: Stealth Rock\n|move|p1a: Cresselia|Trick Room|p1a: Cresselia\n|-fieldstart|move: Trick Room|[of] p1a: Cresselia\n|\n|upkeep\n|turn|5\n|\n|t:|1699614723\n|switch|p1a: Iron Hands|Iron Hands|100\/100\n|-damage|p1a: Iron Hands|94\/100|[from] Stealth Rock\n|move|p2a: Diancie|Diamond Storm|p1a: Iron Hands\n|-resisted|p1a: Iron Hands\n|-damage|p1a: Iron Hands|77\/100\n|-boost|p2a: Diancie|def|2\n|\n|upkeep\n|turn|6\n|inactive|akxhdwy has 120 seconds left.\n|\n|t:|1699614760\n|move|p1a: Iron Hands|Earthquake|p2a: Diancie\n|-supereffective|p2a: Diancie\n|-damage|p2a: Diancie|41\/100\n|move|p2a: Diancie|Earth Power|p1a: Iron Hands\n|-supereffective|p1a: Iron Hands\n|-damage|p1a: Iron Hands|38\/100\n|\n|upkeep\n|turn|7\n|inactive|akxhdwy has 120 seconds left.\n|\n|t:|1699614770\n|switch|p2a: Alomomola|Alomomola, M|100\/100\n|move|p1a: Iron Hands|Wild Charge|p2a: Alomomola\n|-supereffective|p2a: Alomomola\n|-damage|p2a: Alomomola|39\/100\n|-damage|p1a: Iron Hands|22\/100|[from] Recoil\n|\n|upkeep\n|turn|8\n|\n|t:|1699614775\n|move|p2a: Alomomola|Protect|p2a: Alomomola\n|-singleturn|p2a: Alomomola|Protect\n|move|p1a: Iron Hands|Drain Punch|p2a: Alomomola\n|-activate|p2a: Alomomola|move: Protect\n|\n|-fieldend|move: Trick Room\n|upkeep\n|turn|9\n|\n|t:|1699614780\n|move|p2a: Alomomola|Toxic|p1a: Iron Hands\n|-status|p1a: Iron Hands|tox\n|move|p1a: Iron Hands|Drain Punch|p2a: Alomomola\n|-damage|p2a: Alomomola|15\/100\n|-heal|p1a: Iron Hands|34\/100 tox|[from] drain|[of] p2a: Alomomola\n|\n|-damage|p1a: Iron Hands|28\/100 tox|[from] psn\n|upkeep\n|turn|10\n|\n|t:|1699614785\n|-end|p1a: Iron Hands|Quark Drive|[silent]\n|switch|p1a: Xurkitree|Xurkitree|100\/100\n|-damage|p1a: Xurkitree|88\/100|[from] Stealth Rock\n|move|p2a: Alomomola|Flip Turn|p1a: Xurkitree\n|-damage|p1a: Xurkitree|66\/100\n|\n|t:|1699614788\n|switch|p2a: Iron Treads|Iron Treads|100\/100|[from] Flip Turn\n|\n|upkeep\n|turn|11\n|\n|t:|1699614794\n|-zpower|p1a: Xurkitree\n|move|p1a: Xurkitree|Z-Hypnosis|p2a: Iron Treads|[anim]Hypnosis\n|-boost|p1a: Xurkitree|spe|1|[zeffect]\n|-status|p2a: Iron Treads|slp|[from] move: Hypnosis\n|cant|p2a: Iron Treads|slp\n|\n|upkeep\n|turn|12\n|\n|t:|1699614799\n|move|p1a: Xurkitree|Tail Glow|p1a: Xurkitree\n|-boost|p1a: Xurkitree|spa|3\n|cant|p2a: Iron Treads|slp\n|\n|upkeep\n|turn|13\n|\n|t:|1699614802\n|move|p1a: Xurkitree|Energy Ball|p2a: Iron Treads\n|-crit|p2a: Iron Treads\n|-damage|p2a: Iron Treads|19\/100 slp\n|-curestatus|p2a: Iron Treads|slp|[msg]\n|move|p2a: Iron Treads|Earthquake|p1a: Xurkitree\n|-supereffective|p1a: Xurkitree\n|-damage|p1a: Xurkitree|0 fnt\n|faint|p1a: Xurkitree\n|\n|upkeep\n|\n|t:|1699614808\n|switch|p1a: Volcarona|Volcarona, F|100\/100\n|turn|14\n|\n|t:|1699614827\n|move|p1a: Volcarona|Fiery Dance|p2a: Iron Treads\n|-supereffective|p2a: Iron Treads\n|-damage|p2a: Iron Treads|0 fnt\n|faint|p2a: Iron Treads\n|-end|p2a: Iron Treads|Quark Drive|[silent]\n|\n|upkeep\n|\n|t:|1699614834\n|switch|p2a: Urshifu|Urshifu-Rapid-Strike, F|100\/100\n|turn|15\n|\n|t:|1699614842\n|switch|p1a: Cresselia|Cresselia, F|100\/100\n|-damage|p1a: Cresselia|88\/100|[from] Stealth Rock\n|move|p2a: Urshifu|Surging Strikes|p1a: Cresselia\n|-crit|p1a: Cresselia\n|-damage|p1a: Cresselia|69\/100\n|-crit|p1a: Cresselia\n|-damage|p1a: Cresselia|49\/100\n|-crit|p1a: Cresselia\n|-damage|p1a: Cresselia|31\/100\n|-hitcount|p1a: Cresselia|3\n|\n|upkeep\n|turn|16\n|\n|t:|1699614847\n|move|p2a: Urshifu|Surging Strikes|p1a: Cresselia\n|-crit|p1a: Cresselia\n|-damage|p1a: Cresselia|13\/100\n|-crit|p1a: Cresselia\n|-damage|p1a: Cresselia|0 fnt\n|faint|p1a: Cresselia\n|-hitcount|p1: Cresselia|2\n|\n|upkeep\n|\n|t:|1699614850\n|switch|p1a: Volcarona|Volcarona, F|100\/100\n|turn|17\n|\n|t:|1699614854\n|-terastallize|p1a: Volcarona|Grass\n|move|p1a: Volcarona|Quiver Dance|p1a: Volcarona\n|-boost|p1a: Volcarona|spa|1\n|-boost|p1a: Volcarona|spd|1\n|-boost|p1a: Volcarona|spe|1\n|move|p2a: Urshifu|Surging Strikes|p1a: Volcarona\n|-resisted|p1a: Volcarona\n|-crit|p1a: Volcarona\n|-damage|p1a: Volcarona|77\/100\n|-status|p2a: Urshifu|brn|[from] ability: Flame Body|[of] p1a: Volcarona\n|-resisted|p1a: Volcarona\n|-crit|p1a: Volcarona\n|-damage|p1a: Volcarona|64\/100\n|-resisted|p1a: Volcarona\n|-crit|p1a: Volcarona\n|-damage|p1a: Volcarona|52\/100\n|-hitcount|p1a: Volcarona|3\n|\n|-damage|p2a: Urshifu|94\/100 brn|[from] brn\n|upkeep\n|turn|18\n|\n|t:|1699614866\n|switch|p2a: Heatran|Heatran, M|100\/100\n|move|p1a: Volcarona|Quiver Dance|p1a: Volcarona\n|-boost|p1a: Volcarona|spa|1\n|-boost|p1a: Volcarona|spd|1\n|-boost|p1a: Volcarona|spe|1\n|\n|upkeep\n|turn|19\n|\n|t:|1699614888\n|move|p1a: Volcarona|Quiver Dance|p1a: Volcarona\n|-boost|p1a: Volcarona|spa|1\n|-boost|p1a: Volcarona|spd|1\n|-boost|p1a: Volcarona|spe|1\n|move|p2a: Heatran|Magma Storm|p1a: Volcarona\n|-supereffective|p1a: Volcarona\n|-damage|p1a: Volcarona|7\/100\n|-activate|p1a: Volcarona|move: Magma Storm|[of] p2a: Heatran\n|\n|-damage|p1a: Volcarona|0 fnt|[from] move: Magma Storm|[partiallytrapped]\n|faint|p1a: Volcarona\n|upkeep\n|\n|t:|1699614894\n|switch|p1a: Hoopa|Hoopa-Unbound|100\/100\n|-damage|p1a: Hoopa|88\/100|[from] Stealth Rock\n|turn|20\n|-message|Anhkiet forfeited.\n|\n|win|akxhdwy\n|raw|Anhkiet's rating: 1701 &rarr; <strong>1677<\/strong><br \/>(-24 for losing)\n|raw|akxhdwy's rating: 1627 &rarr; <strong>1651<\/strong><br \/>(+24 for winning)\n|l|\u2606Anhkiet\n","uploadtime":1699614902,"views":6,"p1id":"anhkiet","p2id":"akxhdwy","formatid":"gen9nationaldex","rating":1651,"private":0,"password":""}