{"id":"gen9nationaldex-1991670689","p1":"Rinoss","p2":"GABRIEL_HU","format":"[Gen 9] National Dex","log":"|j|\u2606Rinoss\n|j|\u2606GABRIEL_HU\n|t:|1700100782\n|gametype|singles\n|player|p1|Rinoss|veteranf|1395\n|player|p2|GABRIEL_HU|guitarist|1391\n|teamsize|p1|6\n|teamsize|p2|6\n|gen|9\n|tier|[Gen 9] National Dex\n|rated|\n|rule|HP Percentage Mod: HP is shown in percentages\n|rule|Endless Battle Clause: Forcing endless battles is banned\n|rule|OHKO Clause: OHKO moves are banned\n|rule|Evasion Clause: Evasion abilities, items, and moves are banned\n|rule|Evasion Abilities Clause: Evasion abilities are banned\n|rule|Evasion Items Clause: Evasion items are banned\n|rule|Evasion Moves Clause: Evasion moves are banned\n|rule|Species Clause: Limit one of each Pok\u00e9mon\n|rule|Sleep Clause Mod: Limit one foe put to sleep\n|clearpoke\n|poke|p1|Scizor, F|\n|poke|p1|Heatran, F|\n|poke|p1|Rillaboom, F|\n|poke|p1|Iron Valiant|\n|poke|p1|Rotom-Wash|\n|poke|p1|Great Tusk|\n|poke|p2|Garganacl, M|\n|poke|p2|Greninja-*, M|\n|poke|p2|Zapdos|\n|poke|p2|Great Tusk|\n|poke|p2|Heatran, M|\n|poke|p2|Scizor, M|\n|teampreview\n|inactive|Battle timer is ON: inactive players will automatically lose when time's up. (requested by GABRIEL_HU)\n|\n|t:|1700100797\n|start\n|switch|p1a: Rillaboom|Rillaboom, F|100\/100\n|switch|p2a: Great Tusk|Great Tusk|100\/100\n|-fieldstart|move: Grassy Terrain|[from] ability: Grassy Surge|[of] p1a: Rillaboom\n|turn|1\n|\n|t:|1700100808\n|-end|p2a: Great Tusk|Protosynthesis|[silent]\n|switch|p2a: Heatran|Heatran, M|100\/100\n|move|p1a: Rillaboom|Grassy Glide|p2a: Heatran\n|-resisted|p2a: Heatran\n|-damage|p2a: Heatran|88\/100\n|-damage|p1a: Rillaboom|84\/100|[from] item: Rocky Helmet|[of] p2a: Heatran\n|\n|-heal|p1a: Rillaboom|90\/100|[from] Grassy Terrain\n|-heal|p2a: Heatran|94\/100|[from] Grassy Terrain\n|upkeep\n|turn|2\n|\n|t:|1700100818\n|switch|p1a: Rotom|Rotom-Wash|100\/100\n|move|p2a: Heatran|Stealth Rock|p1a: Rotom\n|-sidestart|p1: Rinoss|move: Stealth Rock\n|\n|-heal|p2a: Heatran|99\/100|[from] Grassy Terrain\n|upkeep\n|turn|3\n|\n|t:|1700100824\n|move|p1a: Rotom|Thunder Wave|p2a: Heatran\n|-status|p2a: Heatran|par\n|move|p2a: Heatran|Toxic|p1a: Rotom\n|-status|p1a: Rotom|tox\n|\n|-heal|p2a: Heatran|100\/100 par|[from] Grassy Terrain\n|-damage|p1a: Rotom|94\/100 tox|[from] psn\n|upkeep\n|turn|4\n|\n|t:|1700100827\n|move|p2a: Heatran|Protect|p2a: Heatran\n|-singleturn|p2a: Heatran|Protect\n|move|p1a: Rotom|Thunder Wave|p2a: Heatran\n|-activate|p2a: Heatran|move: Protect\n|\n|-damage|p1a: Rotom|82\/100 tox|[from] psn\n|upkeep\n|turn|5\n|\n|t:|1700100835\n|move|p1a: Rotom|Volt Switch|p2a: Heatran\n|-damage|p2a: Heatran|86\/100 par\n|\n|t:|1700100842\n|switch|p1a: Great Tusk|Great Tusk|100\/100|[from] Volt Switch\n|move|p2a: Heatran|Magma Storm|p1a: Great Tusk|[miss]\n|-miss|p2a: Heatran|p1a: Great Tusk\n|\n|-heal|p2a: Heatran|92\/100 par|[from] Grassy Terrain\n|-fieldend|move: Grassy Terrain\n|upkeep\n|turn|6\n|\n|t:|1700100850\n|move|p2a: Heatran|Protect|p2a: Heatran\n|-singleturn|p2a: Heatran|Protect\n|move|p1a: Great Tusk|Rapid Spin|p2a: Heatran\n|-activate|p2a: Heatran|move: Protect\n|\n|upkeep\n|turn|7\n|\n|t:|1700100860\n|switch|p2a: Zapdos|Zapdos|100\/100\n|move|p1a: Great Tusk|Rapid Spin|p2a: Zapdos\n|-crit|p2a: Zapdos\n|-damage|p2a: Zapdos|81\/100\n|-boost|p1a: Great Tusk|spe|1\n|-sideend|p1: Rinoss|Stealth Rock|[from] move: Rapid Spin|[of] p1a: Great Tusk\n|\n|upkeep\n|turn|8\n|\n|t:|1700100870\n|move|p1a: Great Tusk|Ice Spinner|p2a: Zapdos\n|-supereffective|p2a: Zapdos\n|-damage|p2a: Zapdos|42\/100\n|-status|p1a: Great Tusk|par|[from] ability: Static|[of] p2a: Zapdos\n|move|p2a: Zapdos|U-turn|p1a: Great Tusk\n|-resisted|p1a: Great Tusk\n|-damage|p1a: Great Tusk|96\/100 par\n|\n|t:|1700100873\n|switch|p2a: Great Tusk|Great Tusk|100\/100|[from] U-turn\n|\n|upkeep\n|turn|9\n|\n|t:|1700100883\n|-zpower|p2a: Great Tusk\n|move|p2a: Great Tusk|Subzero Slammer|p1a: Great Tusk|[zeffect]\n|-supereffective|p1a: Great Tusk\n|-damage|p1a: Great Tusk|11\/100 par\n|move|p1a: Great Tusk|Ice Spinner|p2a: Great Tusk\n|-supereffective|p2a: Great Tusk\n|-damage|p2a: Great Tusk|56\/100\n|\n|upkeep\n|turn|10\n|\n|t:|1700100893\n|-end|p1a: Great Tusk|Protosynthesis|[silent]\n|switch|p1a: Rotom|Rotom-Wash|82\/100 tox\n|move|p2a: Great Tusk|Ice Spinner|p1a: Rotom\n|-resisted|p1a: Rotom\n|-damage|p1a: Rotom|71\/100 tox\n|-damage|p2a: Great Tusk|39\/100|[from] item: Rocky Helmet|[of] p1a: Rotom\n|\n|-damage|p1a: Rotom|65\/100 tox|[from] psn\n|upkeep\n|turn|11\n|\n|t:|1700100898\n|-end|p2a: Great Tusk|Protosynthesis|[silent]\n|switch|p2a: Heatran|Heatran, M|92\/100 par\n|move|p1a: Rotom|Hydro Pump|p2a: Heatran\n|-supereffective|p2a: Heatran\n|-damage|p2a: Heatran|42\/100 par\n|\n|-damage|p1a: Rotom|52\/100 tox|[from] psn\n|upkeep\n|turn|12\n|\n|t:|1700100906\n|move|p2a: Heatran|Protect|p2a: Heatran\n|-singleturn|p2a: Heatran|Protect\n|move|p1a: Rotom|Pain Split|p2a: Heatran\n|-activate|p2a: Heatran|move: Protect\n|\n|-damage|p1a: Rotom|34\/100 tox|[from] psn\n|upkeep\n|turn|13\n|\n|t:|1700100916\n|move|p1a: Rotom|Pain Split|p2a: Heatran\n|-sethp|p2a: Heatran|34\/100 par|[from] move: Pain Split|[silent]\n|-sethp|p1a: Rotom|44\/100 tox|[from] move: Pain Split\n|move|p2a: Heatran|Stealth Rock|p1a: Rotom\n|-sidestart|p1: Rinoss|move: Stealth Rock\n|\n|-damage|p1a: Rotom|19\/100 tox|[from] psn\n|upkeep\n|turn|14\n|inactive|Rinoss has 120 seconds left.\n|\n|t:|1700100952\n|move|p2a: Heatran|Protect|p2a: Heatran\n|-singleturn|p2a: Heatran|Protect\n|move|p1a: Rotom|Volt Switch|p2a: Heatran\n|-activate|p2a: Heatran|move: Protect\n|\n|-damage|p1a: Rotom|0 fnt|[from] psn\n|faint|p1a: Rotom\n|upkeep\n|\n|t:|1700100968\n|switch|p1a: Iron Valiant|Iron Valiant|100\/100\n|-damage|p1a: Iron Valiant|94\/100|[from] Stealth Rock\n|turn|15\n|\n|t:|1700100975\n|switch|p2a: Scizor|Scizor, M|100\/100\n|move|p1a: Iron Valiant|Close Combat|p2a: Scizor\n|-damage|p2a: Scizor|59\/100\n|-unboost|p1a: Iron Valiant|def|1\n|-unboost|p1a: Iron Valiant|spd|1\n|\n|upkeep\n|turn|16\n|inactive|Rinoss has 120 seconds left.\n|\n|t:|1700100981\n|-end|p1a: Iron Valiant|Quark Drive|[silent]\n|switch|p1a: Heatran|Heatran, F|100\/100\n|-damage|p1a: Heatran|88\/100|[from] Stealth Rock\n|detailschange|p2a: Scizor|Scizor-Mega, M\n|-mega|p2a: Scizor|Scizor|Scizorite\n|move|p2a: Scizor|Bullet Punch|p1a: Heatran\n|-resisted|p1a: Heatran\n|-damage|p1a: Heatran|82\/100\n|\n|-heal|p1a: Heatran|88\/100|[from] item: Leftovers\n|upkeep\n|turn|17\n|\n|t:|1700100989\n|switch|p2a: Garganacl|Garganacl, M, shiny|100\/100\n|move|p1a: Heatran|Magma Storm|p2a: Garganacl\n|-resisted|p2a: Garganacl\n|-damage|p2a: Garganacl|86\/100\n|-activate|p2a: Garganacl|move: Magma Storm|[of] p1a: Heatran\n|\n|-heal|p1a: Heatran|94\/100|[from] item: Leftovers\n|-heal|p2a: Garganacl|92\/100|[from] item: Leftovers\n|-damage|p2a: Garganacl|79\/100|[from] move: Magma Storm|[partiallytrapped]\n|upkeep\n|turn|18\n|\n|t:|1700101000\n|switch|p1a: Rillaboom|Rillaboom, F|90\/100\n|-damage|p1a: Rillaboom|78\/100|[from] Stealth Rock\n|-fieldstart|move: Grassy Terrain|[from] ability: Grassy Surge|[of] p1a: Rillaboom\n|-terastallize|p2a: Garganacl|Water\n|move|p2a: Garganacl|Salt Cure|p1a: Rillaboom\n|-damage|p1a: Rillaboom|62\/100\n|-start|p1a: Rillaboom|Salt Cure\n|\n|-heal|p1a: Rillaboom|68\/100|[from] Grassy Terrain\n|-heal|p2a: Garganacl|86\/100|[from] Grassy Terrain\n|-heal|p2a: Garganacl|92\/100|[from] item: Leftovers\n|-damage|p1a: Rillaboom|56\/100|[from] Salt Cure\n|-end|p2a: Garganacl|Magma Storm|[partiallytrapped]|[silent]\n|upkeep\n|turn|19\n|\n|t:|1700101007\n|switch|p2a: Zapdos|Zapdos|42\/100\n|move|p1a: Rillaboom|U-turn|p2a: Zapdos\n|-resisted|p2a: Zapdos\n|-damage|p2a: Zapdos|28\/100\n|-status|p1a: Rillaboom|par|[from] ability: Static|[of] p2a: Zapdos\n|\n|t:|1700101015\n|switch|p1a: Iron Valiant|Iron Valiant|94\/100|[from] U-turn\n|-damage|p1a: Iron Valiant|88\/100|[from] Stealth Rock\n|\n|-heal|p1a: Iron Valiant|94\/100|[from] Grassy Terrain\n|upkeep\n|turn|20\n|\n|t:|1700101021\n|switch|p2a: Garganacl|Garganacl, M, shiny, tera:Water|92\/100\n|move|p1a: Iron Valiant|Thunderbolt|p2a: Garganacl\n|-supereffective|p2a: Garganacl\n|-damage|p2a: Garganacl|43\/100\n|\n|-heal|p1a: Iron Valiant|100\/100|[from] Grassy Terrain\n|-heal|p2a: Garganacl|49\/100|[from] Grassy Terrain\n|-heal|p2a: Garganacl|55\/100|[from] item: Leftovers\n|upkeep\n|turn|21\n|\n|t:|1700101034\n|switch|p2a: Great Tusk|Great Tusk|39\/100\n|move|p1a: Iron Valiant|Thunderbolt|p2a: Great Tusk\n|-immune|p2a: Great Tusk\n|\n|-heal|p2a: Great Tusk|46\/100|[from] Grassy Terrain\n|upkeep\n|turn|22\n|\n|t:|1700101037\n|move|p1a: Iron Valiant|Moonblast|p2a: Great Tusk\n|-supereffective|p2a: Great Tusk\n|-damage|p2a: Great Tusk|0 fnt\n|faint|p2a: Great Tusk\n|-end|p2a: Great Tusk|Protosynthesis|[silent]\n|\n|-fieldend|move: Grassy Terrain\n|upkeep\n|\n|t:|1700101043\n|switch|p2a: Scizor|Scizor-Mega, M|59\/100\n|turn|23\n|\n|t:|1700101051\n|-end|p1a: Iron Valiant|Quark Drive|[silent]\n|switch|p1a: Heatran|Heatran, F|94\/100\n|-damage|p1a: Heatran|82\/100|[from] Stealth Rock\n|move|p2a: Scizor|Roost|p2a: Scizor\n|-heal|p2a: Scizor|100\/100\n|-singleturn|p2a: Scizor|move: Roost\n|\n|-heal|p1a: Heatran|88\/100|[from] item: Leftovers\n|upkeep\n|turn|24\n|\n|t:|1700101055\n|switch|p2a: Garganacl|Garganacl, M, shiny, tera:Water|55\/100\n|move|p1a: Heatran|Stealth Rock|p2a: Garganacl\n|-sidestart|p2: GABRIEL_HU|move: Stealth Rock\n|\n|-heal|p1a: Heatran|94\/100|[from] item: Leftovers\n|-heal|p2a: Garganacl|62\/100|[from] item: Leftovers\n|upkeep\n|turn|25\n|\n|t:|1700101061\n|switch|p1a: Scizor|Scizor, F|100\/100\n|-damage|p1a: Scizor|88\/100|[from] Stealth Rock\n|move|p2a: Garganacl|Salt Cure|p1a: Scizor\n|-damage|p1a: Scizor|77\/100\n|-start|p1a: Scizor|Salt Cure\n|\n|-heal|p2a: Garganacl|68\/100|[from] item: Leftovers\n|-damage|p1a: Scizor|52\/100|[from] Salt Cure\n|upkeep\n|turn|26\n|\n|t:|1700101067\n|detailschange|p1a: Scizor|Scizor-Mega, F\n|-mega|p1a: Scizor|Scizor|Scizorite\n|move|p1a: Scizor|U-turn|p2a: Garganacl\n|-damage|p2a: Garganacl|45\/100\n|\n|t:|1700101073\n|switch|p1a: Rillaboom|Rillaboom, F|56\/100 par|[from] U-turn\n|-damage|p1a: Rillaboom|43\/100 par|[from] Stealth Rock\n|-fieldstart|move: Grassy Terrain|[from] ability: Grassy Surge|[of] p1a: Rillaboom\n|move|p2a: Garganacl|Iron Defense|p2a: Garganacl\n|-boost|p2a: Garganacl|def|2\n|\n|-heal|p1a: Rillaboom|49\/100 par|[from] Grassy Terrain\n|-heal|p2a: Garganacl|51\/100|[from] Grassy Terrain\n|-heal|p2a: Garganacl|58\/100|[from] item: Leftovers\n|upkeep\n|turn|27\n|\n|t:|1700101078\n|move|p1a: Rillaboom|Grassy Glide|p2a: Garganacl\n|-supereffective|p2a: Garganacl\n|-damage|p2a: Garganacl|15\/100\n|move|p2a: Garganacl|Recover|p2a: Garganacl\n|-heal|p2a: Garganacl|65\/100\n|\n|-heal|p1a: Rillaboom|56\/100 par|[from] Grassy Terrain\n|-heal|p2a: Garganacl|71\/100|[from] Grassy Terrain\n|-heal|p2a: Garganacl|77\/100|[from] item: Leftovers\n|upkeep\n|turn|28\n|\n|t:|1700101086\n|switch|p1a: Great Tusk|Great Tusk|11\/100 par\n|move|p2a: Garganacl|Recover|p2a: Garganacl\n|-heal|p2a: Garganacl|100\/100\n|\n|-heal|p1a: Great Tusk|17\/100 par|[from] Grassy Terrain\n|upkeep\n|turn|29\n|\n|t:|1700101089\n|move|p1a: Great Tusk|Rapid Spin|p2a: Garganacl\n|-damage|p2a: Garganacl|95\/100\n|-boost|p1a: Great Tusk|spe|1\n|-sideend|p1: Rinoss|Stealth Rock|[from] move: Rapid Spin|[of] p1a: Great Tusk\n|move|p2a: Garganacl|Salt Cure|p1a: Great Tusk\n|-resisted|p1a: Great Tusk\n|-damage|p1a: Great Tusk|15\/100 par\n|-start|p1a: Great Tusk|Salt Cure\n|\n|-heal|p1a: Great Tusk|21\/100 par|[from] Grassy Terrain\n|-heal|p2a: Garganacl|100\/100|[from] Grassy Terrain\n|-damage|p1a: Great Tusk|9\/100 par|[from] Salt Cure\n|upkeep\n|turn|30\n|\n|t:|1700101097\n|cant|p1a: Great Tusk|par\n|move|p2a: Garganacl|Iron Defense|p2a: Garganacl\n|-boost|p2a: Garganacl|def|2\n|\n|-heal|p1a: Great Tusk|15\/100 par|[from] Grassy Terrain\n|-damage|p1a: Great Tusk|3\/100 par|[from] Salt Cure\n|-fieldend|move: Grassy Terrain\n|upkeep\n|turn|31\n|\n|t:|1700101103\n|cant|p1a: Great Tusk|par\n|move|p2a: Garganacl|Body Press|p1a: Great Tusk\n|-damage|p1a: Great Tusk|0 fnt\n|faint|p1a: Great Tusk\n|-end|p1a: Great Tusk|Protosynthesis|[silent]\n|\n|upkeep\n|\n|t:|1700101107\n|switch|p1a: Iron Valiant|Iron Valiant|100\/100\n|turn|32\n|\n|t:|1700101114\n|move|p1a: Iron Valiant|Thunderbolt|p2a: Garganacl\n|-supereffective|p2a: Garganacl\n|-damage|p2a: Garganacl|52\/100\n|move|p2a: Garganacl|Salt Cure|p1a: Iron Valiant\n|-resisted|p1a: Iron Valiant\n|-damage|p1a: Iron Valiant|91\/100\n|-start|p1a: Iron Valiant|Salt Cure\n|\n|-heal|p2a: Garganacl|59\/100|[from] item: Leftovers\n|-damage|p1a: Iron Valiant|79\/100|[from] Salt Cure\n|upkeep\n|turn|33\n|\n|t:|1700101124\n|switch|p2a: Scizor|Scizor-Mega, M|100\/100\n|-damage|p2a: Scizor|88\/100|[from] Stealth Rock\n|move|p1a: Iron Valiant|Thunderbolt|p2a: Scizor\n|-damage|p2a: Scizor|63\/100\n|\n|-damage|p1a: Iron Valiant|66\/100|[from] Salt Cure\n|upkeep\n|turn|34\n|\n|t:|1700101132\n|-end|p1a: Iron Valiant|Quark Drive|[silent]\n|switch|p1a: Heatran|Heatran, F|94\/100\n|switch|p2a: Garganacl|Garganacl, M, shiny, tera:Water|59\/100\n|-damage|p2a: Garganacl|46\/100|[from] Stealth Rock\n|\n|-heal|p1a: Heatran|100\/100|[from] item: Leftovers\n|-heal|p2a: Garganacl|52\/100|[from] item: Leftovers\n|upkeep\n|turn|35\n|\n|t:|1700101137\n|move|p1a: Heatran|Taunt|p2a: Garganacl\n|-start|p2a: Garganacl|move: Taunt\n|move|p2a: Garganacl|Salt Cure|p1a: Heatran\n|-damage|p1a: Heatran|89\/100\n|-start|p1a: Heatran|Salt Cure\n|\n|-heal|p1a: Heatran|95\/100|[from] item: Leftovers\n|-heal|p2a: Garganacl|59\/100|[from] item: Leftovers\n|-damage|p1a: Heatran|70\/100|[from] Salt Cure\n|upkeep\n|turn|36\n|\n|t:|1700101144\n|switch|p1a: Rillaboom|Rillaboom, F|56\/100 par\n|-fieldstart|move: Grassy Terrain|[from] ability: Grassy Surge|[of] p1a: Rillaboom\n|move|p2a: Garganacl|Body Press|p1a: Rillaboom\n|-damage|p1a: Rillaboom|32\/100 par\n|\n|-heal|p1a: Rillaboom|38\/100 par|[from] Grassy Terrain\n|-heal|p2a: Garganacl|65\/100|[from] Grassy Terrain\n|-heal|p2a: Garganacl|71\/100|[from] item: Leftovers\n|upkeep\n|turn|37\n|\n|t:|1700101149\n|cant|p1a: Rillaboom|par\n|move|p2a: Garganacl|Salt Cure|p1a: Rillaboom\n|-damage|p1a: Rillaboom|23\/100 par\n|-start|p1a: Rillaboom|Salt Cure\n|\n|-heal|p1a: Rillaboom|29\/100 par|[from] Grassy Terrain\n|-heal|p2a: Garganacl|77\/100|[from] Grassy Terrain\n|-heal|p2a: Garganacl|83\/100|[from] item: Leftovers\n|-damage|p1a: Rillaboom|17\/100 par|[from] Salt Cure\n|-end|p2a: Garganacl|move: Taunt\n|upkeep\n|turn|38\n|\n|t:|1700101153\n|move|p1a: Rillaboom|Wood Hammer|p2a: Garganacl\n|-supereffective|p2a: Garganacl\n|-damage|p2a: Garganacl|0 fnt\n|faint|p2a: Garganacl\n|-damage|p1a: Rillaboom|0 fnt|[from] Recoil\n|faint|p1a: Rillaboom\n|\n|upkeep\n|\n|t:|1700101167\n|switch|p1a: Scizor|Scizor-Mega, F|52\/100\n|switch|p2a: Zapdos|Zapdos|28\/100\n|turn|39\n|\n|t:|1700101172\n|move|p2a: Zapdos|Defog|p1a: Scizor\n|-unboost|p1a: Scizor|evasion|1\n|-sideend|p2: GABRIEL_HU|Stealth Rock|[from] move: Defog|[of] p2a: Zapdos\n|-fieldend|move: Grassy Terrain\n|move|p1a: Scizor|Roost|p1a: Scizor\n|-heal|p1a: Scizor|100\/100\n|-singleturn|p1a: Scizor|move: Roost\n|\n|upkeep\n|turn|40\n|\n|t:|1700101175\n|move|p2a: Zapdos|Roost|p2a: Zapdos\n|-heal|p2a: Zapdos|78\/100\n|-singleturn|p2a: Zapdos|move: Roost\n|move|p1a: Scizor|Swords Dance|p1a: Scizor\n|-boost|p1a: Scizor|atk|2\n|\n|upkeep\n|turn|41\n|\n|t:|1700101178\n|move|p2a: Zapdos|Discharge|p1a: Scizor\n|-damage|p1a: Scizor|73\/100\n|move|p1a: Scizor|Swords Dance|p1a: Scizor\n|-boost|p1a: Scizor|atk|2\n|\n|upkeep\n|turn|42\n|\n|t:|1700101182\n|move|p2a: Zapdos|Discharge|p1a: Scizor\n|-damage|p1a: Scizor|46\/100\n|move|p1a: Scizor|Swords Dance|p1a: Scizor\n|-boost|p1a: Scizor|atk|2\n|\n|upkeep\n|turn|43\n|\n|t:|1700101186\n|move|p2a: Zapdos|Discharge|p1a: Scizor\n|-damage|p1a: Scizor|15\/100\n|move|p1a: Scizor|Roost|p1a: Scizor\n|-heal|p1a: Scizor|65\/100\n|-singleturn|p1a: Scizor|move: Roost\n|\n|upkeep\n|turn|44\n|\n|t:|1700101190\n|move|p2a: Zapdos|Discharge|p1a: Scizor\n|-damage|p1a: Scizor|35\/100\n|-status|p1a: Scizor|par\n|move|p1a: Scizor|Roost|p1a: Scizor\n|-heal|p1a: Scizor|85\/100 par\n|-singleturn|p1a: Scizor|move: Roost\n|\n|upkeep\n|turn|45\n|\n|t:|1700101194\n|move|p1a: Scizor|Bullet Punch|p2a: Zapdos\n|-resisted|p2a: Zapdos\n|-damage|p2a: Zapdos|38\/100\n|move|p2a: Zapdos|Discharge|p1a: Scizor\n|-damage|p1a: Scizor|57\/100 par\n|\n|upkeep\n|turn|46\n|\n|t:|1700101197\n|move|p2a: Zapdos|Roost|p2a: Zapdos\n|-heal|p2a: Zapdos|88\/100\n|-singleturn|p2a: Zapdos|move: Roost\n|move|p1a: Scizor|U-turn|p2a: Zapdos\n|-damage|p2a: Zapdos|0 fnt\n|faint|p2a: Zapdos\n|\n|t:|1700101201\n|switch|p1a: Iron Valiant|Iron Valiant|66\/100|[from] U-turn\n|\n|upkeep\n|\n|t:|1700101206\n|switch|p2a: Scizor|Scizor-Mega, M|63\/100\n|turn|47\n|\n|t:|1700101210\n|-end|p1a: Iron Valiant|Quark Drive|[silent]\n|switch|p1a: Heatran|Heatran, F|70\/100\n|move|p2a: Scizor|Bullet Punch|p1a: Heatran\n|-resisted|p1a: Heatran\n|-damage|p1a: Heatran|65\/100\n|\n|-heal|p1a: Heatran|71\/100|[from] item: Leftovers\n|upkeep\n|turn|48\n|\n|t:|1700101213\n|switch|p2a: Greninja|Greninja, M|100\/100\n|move|p1a: Heatran|Magma Storm|p2a: Greninja\n|-resisted|p2a: Greninja\n|-damage|p2a: Greninja|68\/100\n|-activate|p2a: Greninja|move: Magma Storm|[of] p1a: Heatran\n|\n|-heal|p1a: Heatran|77\/100|[from] item: Leftovers\n|-damage|p2a: Greninja|56\/100|[from] move: Magma Storm|[partiallytrapped]\n|upkeep\n|turn|49\n|\n|t:|1700101221\n|-terastallize|p1a: Heatran|Grass\n|move|p2a: Greninja|Dark Pulse|p1a: Heatran\n|-damage|p1a: Heatran|47\/100\n|-damage|p2a: Greninja|46\/100|[from] item: Life Orb\n|cant|p1a: Heatran|flinch\n|\n|-heal|p1a: Heatran|53\/100|[from] item: Leftovers\n|-damage|p2a: Greninja|33\/100|[from] move: Magma Storm|[partiallytrapped]\n|upkeep\n|turn|50\n|\n|t:|1700101226\n|move|p2a: Greninja|Ice Beam|p1a: Heatran\n|-supereffective|p1a: Heatran\n|-damage|p1a: Heatran|8\/100\n|-damage|p2a: Greninja|24\/100|[from] item: Life Orb\n|move|p1a: Heatran|Magma Storm|p2a: Greninja\n|-resisted|p2a: Greninja\n|-damage|p2a: Greninja|0 fnt\n|faint|p2a: Greninja\n|\n|-heal|p1a: Heatran|14\/100|[from] item: Leftovers\n|upkeep\n|\n|t:|1700101231\n|switch|p2a: Scizor|Scizor-Mega, M|63\/100\n|turn|51\n|\n|t:|1700101236\n|move|p2a: Scizor|Bullet Punch|p1a: Heatran\n|-damage|p1a: Heatran|0 fnt\n|faint|p1a: Heatran\n|\n|upkeep\n|\n|t:|1700101238\n|switch|p1a: Scizor|Scizor-Mega, F|57\/100 par\n|turn|52\n|\n|t:|1700101249\n|move|p2a: Scizor|Roost|p2a: Scizor\n|-heal|p2a: Scizor|100\/100\n|-singleturn|p2a: Scizor|move: Roost\n|cant|p1a: Scizor|par\n|\n|upkeep\n|turn|53\n|\n|t:|1700101252\n|move|p2a: Scizor|U-turn|p1a: Scizor\n|-resisted|p1a: Scizor\n|-damage|p1a: Scizor|46\/100 par\n|\n|t:|1700101255\n|switch|p2a: Heatran|Heatran, M|34\/100 par|[from] U-turn\n|move|p1a: Scizor|Roost|p1a: Scizor\n|-heal|p1a: Scizor|96\/100 par\n|-singleturn|p1a: Scizor|move: Roost\n|\n|upkeep\n|turn|54\n|\n|t:|1700101258\n|move|p1a: Scizor|U-turn|p2a: Heatran\n|-resisted|p2a: Heatran\n|-damage|p2a: Heatran|28\/100 par\n|-damage|p1a: Scizor|80\/100 par|[from] item: Rocky Helmet|[of] p2a: Heatran\n|\n|t:|1700101260\n|switch|p1a: Iron Valiant|Iron Valiant|66\/100|[from] U-turn\n|cant|p2a: Heatran|par\n|\n|upkeep\n|turn|55\n|\n|t:|1700101265\n|switch|p2a: Scizor|Scizor-Mega, M|100\/100\n|move|p1a: Iron Valiant|Close Combat|p2a: Scizor\n|-damage|p2a: Scizor|71\/100\n|-unboost|p1a: Iron Valiant|def|1\n|-unboost|p1a: Iron Valiant|spd|1\n|\n|upkeep\n|turn|56\n|\n|t:|1700101273\n|-end|p1a: Iron Valiant|Quark Drive|[silent]\n|switch|p1a: Scizor|Scizor-Mega, F|80\/100 par\n|move|p2a: Scizor|Swords Dance|p2a: Scizor\n|-boost|p2a: Scizor|atk|2\n|\n|upkeep\n|turn|57\n|\n|t:|1700101277\n|move|p2a: Scizor|Bullet Punch|p1a: Scizor\n|-resisted|p1a: Scizor\n|-damage|p1a: Scizor|61\/100 par\n|move|p1a: Scizor|U-turn|p2a: Scizor\n|-resisted|p2a: Scizor\n|-damage|p2a: Scizor|61\/100\n|\n|t:|1700101279\n|switch|p1a: Iron Valiant|Iron Valiant|66\/100|[from] U-turn\n|\n|upkeep\n|turn|58\n|\n|t:|1700101287\n|-end|p1a: Iron Valiant|Quark Drive|[silent]\n|switch|p1a: Scizor|Scizor-Mega, F|61\/100 par\n|move|p2a: Scizor|Bullet Punch|p1a: Scizor\n|-resisted|p1a: Scizor\n|-damage|p1a: Scizor|43\/100 par\n|\n|upkeep\n|turn|59\n|\n|t:|1700101292\n|move|p2a: Scizor|Bullet Punch|p1a: Scizor\n|-resisted|p1a: Scizor\n|-damage|p1a: Scizor|26\/100 par\n|cant|p1a: Scizor|par\n|\n|upkeep\n|turn|60\n|\n|t:|1700101307\n|move|p2a: Scizor|Bullet Punch|p1a: Scizor\n|-resisted|p1a: Scizor\n|-damage|p1a: Scizor|8\/100 par\n|move|p1a: Scizor|Roost|p1a: Scizor\n|-heal|p1a: Scizor|58\/100 par\n|-singleturn|p1a: Scizor|move: Roost\n|\n|upkeep\n|turn|61\n|\n|t:|1700101311\n|move|p2a: Scizor|Swords Dance|p2a: Scizor\n|-boost|p2a: Scizor|atk|2\n|move|p1a: Scizor|Roost|p1a: Scizor\n|-heal|p1a: Scizor|100\/100 par\n|-singleturn|p1a: Scizor|move: Roost\n|\n|upkeep\n|turn|62\n|\n|t:|1700101313\n|move|p2a: Scizor|Roost|p2a: Scizor\n|-heal|p2a: Scizor|100\/100\n|-singleturn|p2a: Scizor|move: Roost\n|move|p1a: Scizor|Swords Dance|p1a: Scizor\n|-boost|p1a: Scizor|atk|2\n|\n|upkeep\n|turn|63\n|\n|t:|1700101316\n|move|p2a: Scizor|Bullet Punch|p1a: Scizor\n|-resisted|p1a: Scizor\n|-crit|p1a: Scizor\n|-damage|p1a: Scizor|56\/100 par\n|move|p1a: Scizor|Swords Dance|p1a: Scizor\n|-boost|p1a: Scizor|atk|2\n|\n|upkeep\n|turn|64\n|\n|t:|1700101320\n|move|p2a: Scizor|Bullet Punch|p1a: Scizor\n|-resisted|p1a: Scizor\n|-damage|p1a: Scizor|30\/100 par\n|move|p1a: Scizor|Roost|p1a: Scizor\n|-heal|p1a: Scizor|80\/100 par\n|-singleturn|p1a: Scizor|move: Roost\n|\n|upkeep\n|turn|65\n|\n|t:|1700101326\n|move|p2a: Scizor|Swords Dance|p2a: Scizor\n|-boost|p2a: Scizor|atk|2\n|move|p1a: Scizor|Swords Dance|p1a: Scizor\n|-boost|p1a: Scizor|atk|2\n|\n|upkeep\n|turn|66\n|\n|t:|1700101329\n|move|p2a: Scizor|Bullet Punch|p1a: Scizor\n|-resisted|p1a: Scizor\n|-damage|p1a: Scizor|41\/100 par\n|move|p1a: Scizor|Bullet Punch|p2a: Scizor\n|-resisted|p2a: Scizor\n|-damage|p2a: Scizor|62\/100\n|\n|upkeep\n|turn|67\n|\n|t:|1700101334\n|move|p2a: Scizor|Bullet Punch|p1a: Scizor\n|-resisted|p1a: Scizor\n|-damage|p1a: Scizor|7\/100 par\n|move|p1a: Scizor|Bullet Punch|p2a: Scizor\n|-resisted|p2a: Scizor\n|-damage|p2a: Scizor|24\/100\n|\n|upkeep\n|turn|68\n|\n|t:|1700101338\n|move|p2a: Scizor|Bullet Punch|p1a: Scizor\n|-resisted|p1a: Scizor\n|-damage|p1a: Scizor|0 fnt\n|faint|p1a: Scizor\n|\n|upkeep\n|\n|t:|1700101340\n|switch|p1a: Iron Valiant|Iron Valiant|66\/100\n|turn|69\n|\n|t:|1700101342\n|move|p2a: Scizor|Bullet Punch|p1a: Iron Valiant\n|-supereffective|p1a: Iron Valiant\n|-damage|p1a: Iron Valiant|0 fnt\n|faint|p1a: Iron Valiant\n|-end|p1a: Iron Valiant|Quark Drive|[silent]\n|\n|win|GABRIEL_HU\n|raw|Rinoss's rating: 1395 &rarr; <strong>1375<\/strong><br \/>(-20 for losing)\n|raw|GABRIEL_HU's rating: 1391 &rarr; <strong>1411<\/strong><br \/>(+20 for winning)\n|l|\u2606Rinoss\n","uploadtime":1700101348,"views":4,"p1id":"rinoss","p2id":"gabrielhu","formatid":"gen9nationaldex","rating":1375,"private":0,"password":""}