{"id":"gen9nationaldex-1994858699","p1":"El Frigo","p2":"Jiffylubin","format":"[Gen 9] National Dex","log":"|html|<div class=\"broadcast-blue\"><strong>[Gen 9] National Dex is currently suspecting Sneasler! For information on how to participate check out the <a href=\"https:\/\/www.smogon.com\/forums\/threads\/sv-national-dex-suspect-8-just-dance.3731534\/\">suspect thread<\/a>.<\/strong><\/div>\n|j|\u2606El Frigo\n|j|\u2606Jiffylubin\n|t:|1700499259\n|gametype|singles\n|player|p1|El Frigo|heroine2-conquest|1172\n|player|p2|Jiffylubin|silver-masters|1256\n|teamsize|p1|6\n|teamsize|p2|6\n|gen|9\n|tier|[Gen 9] National Dex\n|rated|\n|rule|HP Percentage Mod: HP is shown in percentages\n|rule|Endless Battle Clause: Forcing endless battles is banned\n|rule|OHKO Clause: OHKO moves are banned\n|rule|Evasion Clause: Evasion abilities, items, and moves are banned\n|rule|Evasion Abilities Clause: Evasion abilities are banned\n|rule|Evasion Items Clause: Evasion items are banned\n|rule|Evasion Moves Clause: Evasion moves are banned\n|rule|Species Clause: Limit one of each Pok\u00e9mon\n|rule|Sleep Clause Mod: Limit one foe put to sleep\n|clearpoke\n|poke|p1|Urshifu-*, F|\n|poke|p1|Beedrill, F|\n|poke|p1|Blissey, F|\n|poke|p1|Great Tusk|\n|poke|p1|Thundurus-Therian, M|\n|poke|p1|Ninetales-Alola, M|\n|poke|p2|Tapu Koko|\n|poke|p2|Pinsir, F|\n|poke|p2|Ferrothorn, M|\n|poke|p2|Ogerpon-Wellspring, F|\n|poke|p2|Moltres|\n|poke|p2|Iron Valiant|\n|teampreview\n|inactive|Battle timer is ON: inactive players will automatically lose when time's up. (requested by Jiffylubin)\n|inactive|El Frigo also wants the timer to be on.\n|\n|t:|1700499265\n|start\n|switch|p1a: Unbearable|Urshifu-Rapid-Strike, F|100\/100\n|switch|p2a: Ferrothorn|Ferrothorn, M, shiny|100\/100\n|turn|1\n|\n|t:|1700499269\n|move|p1a: Unbearable|Swords Dance|p1a: Unbearable\n|-boost|p1a: Unbearable|atk|2\n|move|p2a: Ferrothorn|Knock Off|p1a: Unbearable\n|-resisted|p1a: Unbearable\n|-damage|p1a: Unbearable|90\/100\n|-enditem|p1a: Unbearable|Protective Pads|[from] move: Knock Off|[of] p2a: Ferrothorn\n|\n|upkeep\n|turn|2\n|\n|t:|1700499272\n|move|p1a: Unbearable|Close Combat|p2a: Ferrothorn\n|-supereffective|p2a: Ferrothorn\n|-damage|p2a: Ferrothorn|0 fnt\n|-unboost|p1a: Unbearable|def|1\n|-unboost|p1a: Unbearable|spd|1\n|-damage|p1a: Unbearable|78\/100|[from] ability: Iron Barbs|[of] p2a: Ferrothorn\n|faint|p2a: Ferrothorn\n|\n|upkeep\n|\n|t:|1700499278\n|switch|p2a: Iron Valiant|Iron Valiant|100\/100\n|-enditem|p2a: Iron Valiant|Booster Energy\n|-activate|p2a: Iron Valiant|ability: Quark Drive|[fromitem]\n|-start|p2a: Iron Valiant|quarkdrivespe\n|turn|3\n|\n|t:|1700499283\n|switch|p1a: Ninetales|Ninetales-Alola, M|100\/100\n|-weather|Snow|[from] ability: Snow Warning|[of] p1a: Ninetales\n|move|p2a: Iron Valiant|Spirit Break|p1a: Ninetales\n|-damage|p1a: Ninetales|60\/100\n|-unboost|p1a: Ninetales|spa|1\n|\n|-weather|Snow|[upkeep]\n|upkeep\n|turn|4\n|\n|t:|1700499288\n|move|p2a: Iron Valiant|Swords Dance|p2a: Iron Valiant\n|-boost|p2a: Iron Valiant|atk|2\n|move|p1a: Ninetales|Encore|p2a: Iron Valiant\n|-start|p2a: Iron Valiant|Encore\n|\n|-weather|Snow|[upkeep]\n|upkeep\n|turn|5\n|\n|t:|1700499290\n|switch|p1a: I beed the ped|Beedrill, F|100\/100\n|move|p2a: Iron Valiant|Swords Dance|p2a: Iron Valiant\n|-boost|p2a: Iron Valiant|atk|2\n|\n|-weather|Snow|[upkeep]\n|upkeep\n|turn|6\n|\n|t:|1700499292\n|detailschange|p1a: I beed the ped|Beedrill-Mega, F\n|-mega|p1a: I beed the ped|Beedrill|Beedrillite\n|move|p2a: Iron Valiant|Swords Dance|p2a: Iron Valiant\n|-boost|p2a: Iron Valiant|atk|2\n|move|p1a: I beed the ped|Poison Jab|p2a: Iron Valiant\n|-supereffective|p2a: Iron Valiant\n|-damage|p2a: Iron Valiant|0 fnt\n|faint|p2a: Iron Valiant\n|-end|p2a: Iron Valiant|Quark Drive|[silent]\n|\n|-weather|Snow|[upkeep]\n|upkeep\n|\n|t:|1700499298\n|switch|p2a: Pinsir|Pinsir, F, shiny|100\/100\n|turn|7\n|\n|t:|1700499302\n|switch|p1a: Its thundurin time|Thundurus-Therian, M|100\/100\n|detailschange|p2a: Pinsir|Pinsir-Mega, F, shiny\n|-mega|p2a: Pinsir|Pinsir|Pinsirite\n|move|p2a: Pinsir|Quick Attack|p1a: Its thundurin time\n|-resisted|p1a: Its thundurin time\n|-damage|p1a: Its thundurin time|77\/100\n|\n|-weather|none\n|upkeep\n|turn|8\n|\n|t:|1700499321\n|switch|p2a: Tapu Koko|Tapu Koko, shiny|100\/100\n|-fieldstart|move: Electric Terrain|[from] ability: Electric Surge|[of] p2a: Tapu Koko\n|move|p1a: Its thundurin time|Volt Switch|p2a: Tapu Koko\n|-resisted|p2a: Tapu Koko\n|-damage|p2a: Tapu Koko|70\/100\n|\n|t:|1700499324\n|switch|p1a: I beed the ped|Beedrill-Mega, F|100\/100|[from] Volt Switch\n|\n|upkeep\n|turn|9\n|\n|t:|1700499327\n|move|p1a: I beed the ped|Poison Jab|p2a: Tapu Koko\n|-supereffective|p2a: Tapu Koko\n|-crit|p2a: Tapu Koko\n|-damage|p2a: Tapu Koko|0 fnt\n|faint|p2a: Tapu Koko\n|\n|upkeep\n|-message|Jiffylubin forfeited.\n|\n|win|El Frigo\n|raw|El Frigo's rating: 1172 &rarr; <strong>1203<\/strong><br \/>(+31 for winning)\n|raw|Jiffylubin's rating: 1256 &rarr; <strong>1225<\/strong><br \/>(-31 for losing)\n|l|\u2606Jiffylubin\n","uploadtime":1700499366,"views":11,"p1id":"elfrigo","p2id":"jiffylubin","formatid":"gen9nationaldex","rating":1203,"private":0,"password":""}