{"id":"gen9nationaldex-1993938737","p1":"Carrotfromkanto","p2":"aryan3003","format":"[Gen 9] National Dex","log":"|j|\u2606Carrotfromkanto\n|j|\u2606aryan3003\n|t:|1700378993\n|gametype|singles\n|player|p1|Carrotfromkanto|cynthia|1256\n|player|p2|aryan3003|101|1268\n|teamsize|p1|6\n|teamsize|p2|6\n|gen|9\n|tier|[Gen 9] National Dex\n|rated|\n|rule|HP Percentage Mod: HP is shown in percentages\n|rule|Endless Battle Clause: Forcing endless battles is banned\n|rule|OHKO Clause: OHKO moves are banned\n|rule|Evasion Clause: Evasion abilities, items, and moves are banned\n|rule|Evasion Abilities Clause: Evasion abilities are banned\n|rule|Evasion Items Clause: Evasion items are banned\n|rule|Evasion Moves Clause: Evasion moves are banned\n|rule|Species Clause: Limit one of each Pok\u00e9mon\n|rule|Sleep Clause Mod: Limit one foe put to sleep\n|clearpoke\n|poke|p1|Wailord, M|\n|poke|p1|Kyurem|\n|poke|p1|Quagsire, F|\n|poke|p1|Amoonguss, F|\n|poke|p1|Blissey, F|\n|poke|p1|Togekiss, F|\n|poke|p2|Great Tusk|\n|poke|p2|Charizard, M|\n|poke|p2|Ferrothorn, F|\n|poke|p2|Toxapex, F|\n|poke|p2|Xurkitree|\n|poke|p2|Clefable, F|\n|teampreview\n|\n|t:|1700379001\n|start\n|switch|p1a: Blissey|Blissey, F|100\/100\n|switch|p2a: Great Tusk|Great Tusk|100\/100\n|turn|1\n|\n|t:|1700379018\n|switch|p1a: Amoonguss|Amoonguss, F, shiny|100\/100\n|move|p2a: Great Tusk|Bulk Up|p2a: Great Tusk\n|-boost|p2a: Great Tusk|atk|1\n|-boost|p2a: Great Tusk|def|1\n|\n|upkeep\n|turn|2\n|\n|t:|1700379024\n|move|p2a: Great Tusk|Headlong Rush|p1a: Amoonguss\n|-damage|p1a: Amoonguss|25\/100\n|-unboost|p2a: Great Tusk|def|1\n|-unboost|p2a: Great Tusk|spd|1\n|-damage|p2a: Great Tusk|84\/100|[from] item: Rocky Helmet|[of] p1a: Amoonguss\n|move|p1a: Amoonguss|Spore|p2a: Great Tusk\n|-status|p2a: Great Tusk|slp|[from] move: Spore\n|\n|upkeep\n|turn|3\n|\n|t:|1700379033\n|cant|p2a: Great Tusk|slp\n|move|p1a: Amoonguss|Seed Bomb|p2a: Great Tusk\n|-supereffective|p2a: Great Tusk\n|-damage|p2a: Great Tusk|55\/100 slp\n|\n|upkeep\n|turn|4\n|\n|t:|1700379039\n|switch|p1a: Quagsire|Quagsire, F|100\/100\n|-curestatus|p2a: Great Tusk|slp|[msg]\n|move|p2a: Great Tusk|Bulk Up|p2a: Great Tusk\n|-boost|p2a: Great Tusk|atk|1\n|-boost|p2a: Great Tusk|def|1\n|\n|upkeep\n|turn|5\n|\n|t:|1700379044\n|move|p2a: Great Tusk|Headlong Rush|p1a: Quagsire\n|-damage|p1a: Quagsire|51\/100\n|-unboost|p2a: Great Tusk|def|1\n|-unboost|p2a: Great Tusk|spd|1\n|move|p1a: Quagsire|Scald|p2a: Great Tusk\n|-supereffective|p2a: Great Tusk\n|-damage|p2a: Great Tusk|0 fnt\n|faint|p2a: Great Tusk\n|-end|p2a: Great Tusk|Protosynthesis|[silent]\n|\n|upkeep\n|\n|t:|1700379049\n|switch|p2a: Charizard|Charizard, M|100\/100\n|turn|6\n|\n|t:|1700379060\n|switch|p1a: Blissey|Blissey, F|100\/100\n|detailschange|p2a: Charizard|Charizard-Mega-Y, M\n|-mega|p2a: Charizard|Charizard|Charizardite Y\n|-weather|SunnyDay|[from] ability: Drought|[of] p2a: Charizard\n|move|p2a: Charizard|Solar Beam||[still]\n|-prepare|p2a: Charizard|Solar Beam\n|-anim|p2a: Charizard|Solar Beam|p1a: Blissey\n|-damage|p1a: Blissey|81\/100\n|\n|-weather|SunnyDay|[upkeep]\n|upkeep\n|turn|7\n|\n|t:|1700379074\n|switch|p2a: Ferrothorn|Ferrothorn, F|100\/100\n|move|p1a: Blissey|Stealth Rock|p2a: Ferrothorn\n|-sidestart|p2: aryan3003|move: Stealth Rock\n|\n|-weather|SunnyDay|[upkeep]\n|upkeep\n|turn|8\n|inactive|Battle timer is ON: inactive players will automatically lose when time's up. (requested by Carrotfromkanto)\n|inactive|aryan3003 has 120 seconds left.\n|inactive|aryan3003 has 90 seconds left.\n|\n|t:|1700379177\n|move|p1a: Blissey|Wish|p1a: Blissey\n|move|p2a: Ferrothorn|Stealth Rock|p1a: Blissey\n|-sidestart|p1: Carrotfromkanto|move: Stealth Rock\n|\n|-weather|SunnyDay|[upkeep]\n|upkeep\n|turn|9\n|\n|t:|1700379186\n|move|p1a: Blissey|Seismic Toss|p2a: Ferrothorn\n|-damage|p2a: Ferrothorn|72\/100\n|-damage|p1a: Blissey|69\/100|[from] ability: Iron Barbs|[of] p2a: Ferrothorn\n|-damage|p1a: Blissey|52\/100|[from] item: Rocky Helmet|[of] p2a: Ferrothorn\n|move|p2a: Ferrothorn|Leech Seed|p1a: Blissey\n|-start|p1a: Blissey|move: Leech Seed\n|\n|-weather|SunnyDay|[upkeep]\n|-heal|p1a: Blissey|100\/100|[from] move: Wish|[wisher] Blissey\n|-damage|p1a: Blissey|88\/100|[from] Leech Seed|[of] p2a: Ferrothorn\n|-heal|p2a: Ferrothorn|97\/100|[silent]\n|upkeep\n|turn|10\n|\n|t:|1700379195\n|switch|p1a: Togekiss|Togekiss, F, shiny|100\/100\n|move|p2a: Ferrothorn|Gyro Ball|p1a: Togekiss\n|-supereffective|p1a: Togekiss\n|-damage|p1a: Togekiss|29\/100\n|\n|-weather|none\n|upkeep\n|turn|11\n|\n|t:|1700379204\n|move|p1a: Togekiss|Air Slash|p2a: Ferrothorn\n|-damage|p2a: Ferrothorn|71\/100\n|cant|p2a: Ferrothorn|flinch\n|\n|upkeep\n|turn|12\n|\n|t:|1700379212\n|switch|p2a: Xurkitree|Xurkitree|100\/100\n|-damage|p2a: Xurkitree|88\/100|[from] Stealth Rock\n|move|p1a: Togekiss|Air Slash|p2a: Xurkitree\n|-resisted|p2a: Xurkitree\n|-damage|p2a: Xurkitree|66\/100\n|\n|upkeep\n|turn|13\n|\n|t:|1700379223\n|switch|p1a: Blissey|Blissey, F|88\/100\n|move|p2a: Xurkitree|Hidden Power|p1a: Blissey\n|-damage|p1a: Blissey|79\/100\n|\n|upkeep\n|turn|14\n|\n|t:|1700379239\n|switch|p2a: Ferrothorn|Ferrothorn, F|71\/100\n|-damage|p2a: Ferrothorn|65\/100|[from] Stealth Rock\n|move|p1a: Blissey|Wish|p1a: Blissey\n|\n|upkeep\n|turn|15\n|\n|t:|1700379250\n|switch|p1a: Wailord|Wailord, M|100\/100\n|-damage|p1a: Wailord|88\/100|[from] Stealth Rock\n|-ability|p1a: Wailord|Pressure\n|move|p2a: Ferrothorn|Gyro Ball|p1a: Wailord\n|-resisted|p1a: Wailord\n|-damage|p1a: Wailord|73\/100\n|\n|-heal|p1a: Wailord|100\/100|[from] move: Wish|[wisher] Blissey\n|upkeep\n|turn|16\n|\n|t:|1700379263\n|-terastallize|p1a: Wailord|Ghost\n|move|p1a: Wailord|Block|p2a: Ferrothorn\n|-activate|p2a: Ferrothorn|trapped\n|move|p2a: Ferrothorn|Leech Seed|p1a: Wailord\n|-start|p1a: Wailord|move: Leech Seed\n|\n|-damage|p1a: Wailord|88\/100|[from] Leech Seed|[of] p2a: Ferrothorn\n|-heal|p2a: Ferrothorn|83\/100|[silent]\n|upkeep\n|turn|17\n|\n|t:|1700379269\n|move|p1a: Wailord|Noble Roar|p2a: Ferrothorn\n|-unboost|p2a: Ferrothorn|atk|1\n|-unboost|p2a: Ferrothorn|spa|1\n|move|p2a: Ferrothorn|Gyro Ball|p1a: Wailord\n|-damage|p1a: Wailord|65\/100\n|\n|-heal|p1a: Wailord|71\/100|[from] item: Leftovers\n|-damage|p1a: Wailord|59\/100|[from] Leech Seed|[of] p2a: Ferrothorn\n|-heal|p2a: Ferrothorn|100\/100|[silent]\n|upkeep\n|turn|18\n|\n|t:|1700379281\n|move|p1a: Wailord|Defense Curl|p1a: Wailord\n|-boost|p1a: Wailord|def|1\n|move|p2a: Ferrothorn|Gyro Ball|p1a: Wailord\n|-damage|p1a: Wailord|45\/100\n|\n|-heal|p1a: Wailord|51\/100|[from] item: Leftovers\n|-damage|p1a: Wailord|39\/100|[from] Leech Seed|[of] p2a: Ferrothorn\n|upkeep\n|turn|19\n|\n|t:|1700379288\n|move|p1a: Wailord|Defense Curl|p1a: Wailord\n|-boost|p1a: Wailord|def|1\n|move|p2a: Ferrothorn|Gyro Ball|p1a: Wailord\n|-damage|p1a: Wailord|28\/100\n|\n|-heal|p1a: Wailord|34\/100|[from] item: Leftovers\n|-damage|p1a: Wailord|21\/100|[from] Leech Seed|[of] p2a: Ferrothorn\n|upkeep\n|turn|20\n|\n|t:|1700379297\n|move|p2a: Ferrothorn|Protect|p2a: Ferrothorn\n|-singleturn|p2a: Ferrothorn|Protect\n|move|p1a: Wailord|Rest|p1a: Wailord\n|-status|p1a: Wailord|slp|[from] move: Rest\n|-heal|p1a: Wailord|100\/100 slp|[silent]\n|\n|-damage|p1a: Wailord|88\/100 slp|[from] Leech Seed|[of] p2a: Ferrothorn\n|upkeep\n|turn|21\n|\n|t:|1700379312\n|move|p2a: Ferrothorn|Protect|p2a: Ferrothorn\n|-singleturn|p2a: Ferrothorn|Protect\n|cant|p1a: Wailord|slp\n|\n|-heal|p1a: Wailord|94\/100 slp|[from] item: Leftovers\n|-damage|p1a: Wailord|82\/100 slp|[from] Leech Seed|[of] p2a: Ferrothorn\n|upkeep\n|turn|22\n|\n|t:|1700379318\n|cant|p1a: Wailord|slp\n|move|p2a: Ferrothorn|Leech Seed||[still]\n|-fail|p2a: Ferrothorn\n|\n|-heal|p1a: Wailord|88\/100 slp|[from] item: Leftovers\n|-damage|p1a: Wailord|75\/100 slp|[from] Leech Seed|[of] p2a: Ferrothorn\n|upkeep\n|turn|23\n|\n|t:|1700379326\n|move|p2a: Ferrothorn|Protect|p2a: Ferrothorn\n|-singleturn|p2a: Ferrothorn|Protect\n|-curestatus|p1a: Wailord|slp|[msg]\n|move|p1a: Wailord|Noble Roar|p2a: Ferrothorn\n|-activate|p2a: Ferrothorn|move: Protect\n|\n|-heal|p1a: Wailord|81\/100|[from] item: Leftovers\n|-damage|p1a: Wailord|69\/100|[from] Leech Seed|[of] p2a: Ferrothorn\n|upkeep\n|turn|24\n|\n|t:|1700379332\n|move|p1a: Wailord|Noble Roar|p2a: Ferrothorn\n|-unboost|p2a: Ferrothorn|atk|1\n|-unboost|p2a: Ferrothorn|spa|1\n|move|p2a: Ferrothorn|Leech Seed||[still]\n|-fail|p2a: Ferrothorn\n|\n|-heal|p1a: Wailord|75\/100|[from] item: Leftovers\n|-damage|p1a: Wailord|63\/100|[from] Leech Seed|[of] p2a: Ferrothorn\n|upkeep\n|turn|25\n|\n|t:|1700379351\n|move|p1a: Wailord|Noble Roar|p2a: Ferrothorn\n|-unboost|p2a: Ferrothorn|atk|1\n|-unboost|p2a: Ferrothorn|spa|1\n|move|p2a: Ferrothorn|Leech Seed||[still]\n|-fail|p2a: Ferrothorn\n|\n|-heal|p1a: Wailord|69\/100|[from] item: Leftovers\n|-damage|p1a: Wailord|56\/100|[from] Leech Seed|[of] p2a: Ferrothorn\n|upkeep\n|turn|26\n|\n|t:|1700379364\n|move|p1a: Wailord|Defense Curl|p1a: Wailord\n|-boost|p1a: Wailord|def|1\n|move|p2a: Ferrothorn|Leech Seed||[still]\n|-fail|p2a: Ferrothorn\n|\n|-heal|p1a: Wailord|62\/100|[from] item: Leftovers\n|-damage|p1a: Wailord|50\/100|[from] Leech Seed|[of] p2a: Ferrothorn\n|upkeep\n|turn|27\n|\n|t:|1700379371\n|move|p1a: Wailord|Defense Curl|p1a: Wailord\n|-boost|p1a: Wailord|def|1\n|move|p2a: Ferrothorn|Stealth Rock||[still]\n|-fail|p2a: Ferrothorn\n|\n|-heal|p1a: Wailord|56\/100|[from] item: Leftovers\n|-damage|p1a: Wailord|44\/100|[from] Leech Seed|[of] p2a: Ferrothorn\n|upkeep\n|turn|28\n|j| The power of ROCK\n|c|\u2606aryan3003|even tho you are annoying i respect it\n|\n|t:|1700379390\n|move|p1a: Wailord|Defense Curl|p1a: Wailord\n|-boost|p1a: Wailord|def|1\n|move|p2a: Ferrothorn|Stealth Rock||[still]\n|-fail|p2a: Ferrothorn\n|\n|-heal|p1a: Wailord|50\/100|[from] item: Leftovers\n|-damage|p1a: Wailord|37\/100|[from] Leech Seed|[of] p2a: Ferrothorn\n|upkeep\n|turn|29\n|c|\u2606Carrotfromkanto|lmao\n|\n|t:|1700379402\n|move|p1a: Wailord|Defense Curl|p1a: Wailord\n|-boost|p1a: Wailord|def|1\n|move|p2a: Ferrothorn|Stealth Rock||[still]\n|-fail|p2a: Ferrothorn\n|\n|-heal|p1a: Wailord|43\/100|[from] item: Leftovers\n|-damage|p1a: Wailord|31\/100|[from] Leech Seed|[of] p2a: Ferrothorn\n|upkeep\n|turn|30\n|\n|t:|1700379409\n|move|p1a: Wailord|Noble Roar|p2a: Ferrothorn\n|-unboost|p2a: Ferrothorn|atk|1\n|-unboost|p2a: Ferrothorn|spa|1\n|move|p2a: Ferrothorn|Stealth Rock||[still]\n|-fail|p2a: Ferrothorn\n|\n|-heal|p1a: Wailord|37\/100|[from] item: Leftovers\n|-damage|p1a: Wailord|25\/100|[from] Leech Seed|[of] p2a: Ferrothorn\n|upkeep\n|turn|31\n|c|\u2606aryan3003|taut kills you're strat tho\n|\n|t:|1700379425\n|move|p1a: Wailord|Noble Roar|p2a: Ferrothorn\n|-unboost|p2a: Ferrothorn|atk|1\n|-unboost|p2a: Ferrothorn|spa|1\n|move|p2a: Ferrothorn|Leech Seed||[still]\n|-fail|p2a: Ferrothorn\n|\n|-heal|p1a: Wailord|31\/100|[from] item: Leftovers\n|-damage|p1a: Wailord|18\/100|[from] Leech Seed|[of] p2a: Ferrothorn\n|upkeep\n|turn|32\n|c|\u2606Carrotfromkanto|what is taut\n|\n|t:|1700379441\n|move|p1a: Wailord|Noble Roar|p2a: Ferrothorn\n|-unboost|p2a: Ferrothorn|atk|1\n|-unboost|p2a: Ferrothorn|spa|1\n|move|p2a: Ferrothorn|Leech Seed||[still]\n|-fail|p2a: Ferrothorn\n|\n|-heal|p1a: Wailord|24\/100|[from] item: Leftovers\n|-damage|p1a: Wailord|12\/100|[from] Leech Seed|[of] p2a: Ferrothorn\n|upkeep\n|turn|33\n|\n|t:|1700379444\n|move|p1a: Wailord|Rest|p1a: Wailord\n|-status|p1a: Wailord|slp|[from] move: Rest\n|-heal|p1a: Wailord|100\/100 slp|[silent]\n|move|p2a: Ferrothorn|Leech Seed||[still]\n|-fail|p2a: Ferrothorn\n|\n|-damage|p1a: Wailord|88\/100 slp|[from] Leech Seed|[of] p2a: Ferrothorn\n|upkeep\n|turn|34\n|j| prince5\n|\n|t:|1700379455\n|move|p2a: Ferrothorn|Protect|p2a: Ferrothorn\n|-singleturn|p2a: Ferrothorn|Protect\n|cant|p1a: Wailord|slp\n|\n|-heal|p1a: Wailord|94\/100 slp|[from] item: Leftovers\n|-damage|p1a: Wailord|82\/100 slp|[from] Leech Seed|[of] p2a: Ferrothorn\n|upkeep\n|turn|35\n|\n|t:|1700379459\n|move|p2a: Ferrothorn|Protect||[still]\n|-fail|p2a: Ferrothorn\n|cant|p1a: Wailord|slp\n|\n|-heal|p1a: Wailord|88\/100 slp|[from] item: Leftovers\n|-damage|p1a: Wailord|75\/100 slp|[from] Leech Seed|[of] p2a: Ferrothorn\n|upkeep\n|turn|36\n|\n|t:|1700379486\n|move|p2a: Ferrothorn|Protect|p2a: Ferrothorn\n|-singleturn|p2a: Ferrothorn|Protect\n|-curestatus|p1a: Wailord|slp|[msg]\n|move|p1a: Wailord|Defense Curl|p1a: Wailord\n|-boost|p1a: Wailord|def|0\n|\n|-heal|p1a: Wailord|81\/100|[from] item: Leftovers\n|-damage|p1a: Wailord|69\/100|[from] Leech Seed|[of] p2a: Ferrothorn\n|upkeep\n|turn|37\n|inactive|aryan3003 has 120 seconds left.\n|\n|t:|1700379504\n|move|p2a: Ferrothorn|Protect|p2a: Ferrothorn\n|-singleturn|p2a: Ferrothorn|Protect\n|move|p1a: Wailord|Defense Curl|p1a: Wailord\n|-boost|p1a: Wailord|def|0\n|\n|-heal|p1a: Wailord|75\/100|[from] item: Leftovers\n|-damage|p1a: Wailord|63\/100|[from] Leech Seed|[of] p2a: Ferrothorn\n|upkeep\n|turn|38\n|c|\u2606Carrotfromkanto|im having fun and you\n|\n|t:|1700379512\n|move|p2a: Ferrothorn|Protect||[still]\n|-fail|p2a: Ferrothorn\n|move|p1a: Wailord|Defense Curl|p1a: Wailord\n|-boost|p1a: Wailord|def|0\n|\n|-heal|p1a: Wailord|69\/100|[from] item: Leftovers\n|-damage|p1a: Wailord|56\/100|[from] Leech Seed|[of] p2a: Ferrothorn\n|upkeep\n|turn|39\n|c| prince5|wow\n|\n|t:|1700379525\n|move|p2a: Ferrothorn|Protect|p2a: Ferrothorn\n|-singleturn|p2a: Ferrothorn|Protect\n|move|p1a: Wailord|Defense Curl|p1a: Wailord\n|-boost|p1a: Wailord|def|0\n|\n|-heal|p1a: Wailord|62\/100|[from] item: Leftovers\n|-damage|p1a: Wailord|50\/100|[from] Leech Seed|[of] p2a: Ferrothorn\n|upkeep\n|turn|40\n|c|\u2606aryan3003|same\n|\n|t:|1700379533\n|move|p2a: Ferrothorn|Protect||[still]\n|-fail|p2a: Ferrothorn\n|move|p1a: Wailord|Defense Curl|p1a: Wailord\n|-boost|p1a: Wailord|def|0\n|\n|-heal|p1a: Wailord|56\/100|[from] item: Leftovers\n|-damage|p1a: Wailord|44\/100|[from] Leech Seed|[of] p2a: Ferrothorn\n|upkeep\n|turn|41\n|c| prince5|if you can't beat em, stall em\n|c|\u2606Carrotfromkanto|you owe leech seed and gyro ball PP\n|c|\u2606Carrotfromkanto|-1 lmao\n|\n|t:|1700379557\n|move|p2a: Ferrothorn|Protect|p2a: Ferrothorn\n|-singleturn|p2a: Ferrothorn|Protect\n|move|p1a: Wailord|Defense Curl|p1a: Wailord\n|-boost|p1a: Wailord|def|0\n|\n|-heal|p1a: Wailord|50\/100|[from] item: Leftovers\n|-damage|p1a: Wailord|37\/100|[from] Leech Seed|[of] p2a: Ferrothorn\n|upkeep\n|turn|42\n|c| The power of ROCK|why is ferro not destroyed yet\n|\n|t:|1700379569\n|move|p2a: Ferrothorn|Protect||[still]\n|-fail|p2a: Ferrothorn\n|move|p1a: Wailord|Defense Curl|p1a: Wailord\n|-boost|p1a: Wailord|def|0\n|\n|-heal|p1a: Wailord|43\/100|[from] item: Leftovers\n|-damage|p1a: Wailord|31\/100|[from] Leech Seed|[of] p2a: Ferrothorn\n|upkeep\n|turn|43\n|c|\u2606aryan3003|oh pressure too\n|\n|t:|1700379585\n|move|p2a: Ferrothorn|Protect|p2a: Ferrothorn\n|-singleturn|p2a: Ferrothorn|Protect\n|move|p1a: Wailord|Defense Curl|p1a: Wailord\n|-boost|p1a: Wailord|def|0\n|\n|-heal|p1a: Wailord|37\/100|[from] item: Leftovers\n|-damage|p1a: Wailord|25\/100|[from] Leech Seed|[of] p2a: Ferrothorn\n|upkeep\n|turn|44\n|c|\u2606Carrotfromkanto|yes pressure\n|c|\u2606Carrotfromkanto|so you ran out of PP\n|c|\u2606Carrotfromkanto|now you have a useless pokemon\n|\n|t:|1700379602\n|move|p2a: Ferrothorn|Protect||[still]\n|-fail|p2a: Ferrothorn\n|move|p1a: Wailord|Defense Curl|p1a: Wailord\n|-boost|p1a: Wailord|def|0\n|\n|-heal|p1a: Wailord|31\/100|[from] item: Leftovers\n|-damage|p1a: Wailord|18\/100|[from] Leech Seed|[of] p2a: Ferrothorn\n|upkeep\n|turn|45\n|\n|t:|1700379619\n|move|p2a: Ferrothorn|Protect|p2a: Ferrothorn\n|-singleturn|p2a: Ferrothorn|Protect\n|move|p1a: Wailord|Rest|p1a: Wailord\n|-status|p1a: Wailord|slp|[from] move: Rest\n|-heal|p1a: Wailord|100\/100 slp|[silent]\n|\n|-damage|p1a: Wailord|88\/100 slp|[from] Leech Seed|[of] p2a: Ferrothorn\n|upkeep\n|turn|46\n|c|\u2606aryan3003|i'll stay here\n|\n|t:|1700379635\n|move|p2a: Ferrothorn|Protect|p2a: Ferrothorn\n|-singleturn|p2a: Ferrothorn|Protect\n|cant|p1a: Wailord|slp\n|\n|-heal|p1a: Wailord|94\/100 slp|[from] item: Leftovers\n|-damage|p1a: Wailord|82\/100 slp|[from] Leech Seed|[of] p2a: Ferrothorn\n|upkeep\n|turn|47\n|c|\u2606Carrotfromkanto|This is devious\n|c|\u2606Carrotfromkanto|i love it\n|\n|t:|1700379643\n|cant|p1a: Wailord|slp\n|move|p2a: Ferrothorn|Stealth Rock||[still]\n|-fail|p2a: Ferrothorn\n|\n|-heal|p1a: Wailord|88\/100 slp|[from] item: Leftovers\n|-damage|p1a: Wailord|75\/100 slp|[from] Leech Seed|[of] p2a: Ferrothorn\n|upkeep\n|turn|48\n|c|\u2606aryan3003|lets go till a 100 turns\n|c|\u2606Carrotfromkanto|its ok i have 48 defense curls and 41 noble roars\n|\n|t:|1700379664\n|-curestatus|p1a: Wailord|slp|[msg]\n|move|p1a: Wailord|Defense Curl|p1a: Wailord\n|-boost|p1a: Wailord|def|0\n|move|p2a: Ferrothorn|Stealth Rock||[still]\n|-fail|p2a: Ferrothorn\n|\n|-heal|p1a: Wailord|81\/100|[from] item: Leftovers\n|-damage|p1a: Wailord|69\/100|[from] Leech Seed|[of] p2a: Ferrothorn\n|upkeep\n|turn|49\n|\n|t:|1700379676\n|move|p1a: Wailord|Defense Curl|p1a: Wailord\n|-boost|p1a: Wailord|def|0\n|move|p2a: Ferrothorn|Stealth Rock||[still]\n|-fail|p2a: Ferrothorn\n|\n|-heal|p1a: Wailord|75\/100|[from] item: Leftovers\n|-damage|p1a: Wailord|63\/100|[from] Leech Seed|[of] p2a: Ferrothorn\n|upkeep\n|turn|50\n|\n|t:|1700379682\n|move|p1a: Wailord|Defense Curl|p1a: Wailord\n|-boost|p1a: Wailord|def|0\n|move|p2a: Ferrothorn|Stealth Rock||[still]\n|-fail|p2a: Ferrothorn\n|\n|-heal|p1a: Wailord|69\/100|[from] item: Leftovers\n|-damage|p1a: Wailord|56\/100|[from] Leech Seed|[of] p2a: Ferrothorn\n|upkeep\n|turn|51\n|\n|t:|1700379685\n|move|p1a: Wailord|Defense Curl|p1a: Wailord\n|-boost|p1a: Wailord|def|0\n|move|p2a: Ferrothorn|Stealth Rock||[still]\n|-fail|p2a: Ferrothorn\n|\n|-heal|p1a: Wailord|62\/100|[from] item: Leftovers\n|-damage|p1a: Wailord|50\/100|[from] Leech Seed|[of] p2a: Ferrothorn\n|upkeep\n|turn|52\n|\n|t:|1700379689\n|move|p1a: Wailord|Defense Curl|p1a: Wailord\n|-boost|p1a: Wailord|def|0\n|move|p2a: Ferrothorn|Stealth Rock||[still]\n|-fail|p2a: Ferrothorn\n|\n|-heal|p1a: Wailord|56\/100|[from] item: Leftovers\n|-damage|p1a: Wailord|44\/100|[from] Leech Seed|[of] p2a: Ferrothorn\n|upkeep\n|turn|53\n|\n|t:|1700379691\n|move|p1a: Wailord|Defense Curl|p1a: Wailord\n|-boost|p1a: Wailord|def|0\n|move|p2a: Ferrothorn|Stealth Rock||[still]\n|-fail|p2a: Ferrothorn\n|\n|-heal|p1a: Wailord|50\/100|[from] item: Leftovers\n|-damage|p1a: Wailord|37\/100|[from] Leech Seed|[of] p2a: Ferrothorn\n|upkeep\n|turn|54\n|\n|t:|1700379694\n|move|p1a: Wailord|Defense Curl|p1a: Wailord\n|-boost|p1a: Wailord|def|0\n|move|p2a: Ferrothorn|Stealth Rock||[still]\n|-fail|p2a: Ferrothorn\n|\n|-heal|p1a: Wailord|43\/100|[from] item: Leftovers\n|-damage|p1a: Wailord|31\/100|[from] Leech Seed|[of] p2a: Ferrothorn\n|upkeep\n|turn|55\n|\n|t:|1700379696\n|move|p1a: Wailord|Defense Curl|p1a: Wailord\n|-boost|p1a: Wailord|def|0\n|move|p2a: Ferrothorn|Stealth Rock||[still]\n|-fail|p2a: Ferrothorn\n|\n|-heal|p1a: Wailord|37\/100|[from] item: Leftovers\n|-damage|p1a: Wailord|25\/100|[from] Leech Seed|[of] p2a: Ferrothorn\n|upkeep\n|turn|56\n|\n|t:|1700379722\n|move|p1a: Wailord|Defense Curl|p1a: Wailord\n|-boost|p1a: Wailord|def|0\n|move|p2a: Ferrothorn|Stealth Rock||[still]\n|-fail|p2a: Ferrothorn\n|\n|-heal|p1a: Wailord|31\/100|[from] item: Leftovers\n|-damage|p1a: Wailord|18\/100|[from] Leech Seed|[of] p2a: Ferrothorn\n|upkeep\n|turn|57\n|\n|t:|1700379726\n|move|p1a: Wailord|Defense Curl|p1a: Wailord\n|-boost|p1a: Wailord|def|0\n|move|p2a: Ferrothorn|Stealth Rock||[still]\n|-fail|p2a: Ferrothorn\n|\n|-heal|p1a: Wailord|24\/100|[from] item: Leftovers\n|-damage|p1a: Wailord|12\/100|[from] Leech Seed|[of] p2a: Ferrothorn\n|upkeep\n|turn|58\n|\n|t:|1700379741\n|move|p1a: Wailord|Rest|p1a: Wailord\n|-status|p1a: Wailord|slp|[from] move: Rest\n|-heal|p1a: Wailord|100\/100 slp|[silent]\n|move|p2a: Ferrothorn|Stealth Rock||[still]\n|-fail|p2a: Ferrothorn\n|\n|-damage|p1a: Wailord|88\/100 slp|[from] Leech Seed|[of] p2a: Ferrothorn\n|upkeep\n|turn|59\n|\n|t:|1700379743\n|cant|p1a: Wailord|slp\n|-activate|p2a: Ferrothorn|move: Struggle\n|move|p2a: Ferrothorn|Struggle|p1a: Wailord\n|-damage|p1a: Wailord|87\/100 slp\n|-damage|p2a: Ferrothorn|75\/100|[from] recoil\n|\n|-heal|p1a: Wailord|93\/100 slp|[from] item: Leftovers\n|-damage|p1a: Wailord|81\/100 slp|[from] Leech Seed|[of] p2a: Ferrothorn\n|-heal|p2a: Ferrothorn|93\/100|[silent]\n|upkeep\n|turn|60\n|\n|t:|1700379749\n|cant|p1a: Wailord|slp\n|-activate|p2a: Ferrothorn|move: Struggle\n|move|p2a: Ferrothorn|Struggle|p1a: Wailord\n|-damage|p1a: Wailord|80\/100 slp\n|-damage|p2a: Ferrothorn|68\/100|[from] recoil\n|\n|-heal|p1a: Wailord|86\/100 slp|[from] item: Leftovers\n|-damage|p1a: Wailord|74\/100 slp|[from] Leech Seed|[of] p2a: Ferrothorn\n|-heal|p2a: Ferrothorn|86\/100|[silent]\n|upkeep\n|turn|61\n|c|\u2606Carrotfromkanto|struggle to death now\n|\n|t:|1700379765\n|-curestatus|p1a: Wailord|slp|[msg]\n|move|p1a: Wailord|Defense Curl|p1a: Wailord\n|-boost|p1a: Wailord|def|0\n|-activate|p2a: Ferrothorn|move: Struggle\n|move|p2a: Ferrothorn|Struggle|p1a: Wailord\n|-damage|p1a: Wailord|73\/100\n|-damage|p2a: Ferrothorn|61\/100|[from] recoil\n|\n|-heal|p1a: Wailord|79\/100|[from] item: Leftovers\n|-damage|p1a: Wailord|66\/100|[from] Leech Seed|[of] p2a: Ferrothorn\n|-heal|p2a: Ferrothorn|79\/100|[silent]\n|upkeep\n|turn|62\n|c|\u2606aryan3003|i will\n|\n|t:|1700379779\n|move|p1a: Wailord|Defense Curl|p1a: Wailord\n|-boost|p1a: Wailord|def|0\n|-activate|p2a: Ferrothorn|move: Struggle\n|move|p2a: Ferrothorn|Struggle|p1a: Wailord\n|-damage|p1a: Wailord|66\/100\n|-damage|p2a: Ferrothorn|54\/100|[from] recoil\n|\n|-heal|p1a: Wailord|72\/100|[from] item: Leftovers\n|-damage|p1a: Wailord|59\/100|[from] Leech Seed|[of] p2a: Ferrothorn\n|-heal|p2a: Ferrothorn|72\/100|[silent]\n|upkeep\n|turn|63\n|c| The power of ROCK|crit strugle\n|\n|t:|1700379800\n|switch|p1a: Togekiss|Togekiss, F, shiny|29\/100\n|-activate|p2a: Ferrothorn|move: Struggle\n|move|p2a: Ferrothorn|Struggle|p1a: Togekiss\n|-damage|p1a: Togekiss|26\/100\n|-damage|p2a: Ferrothorn|47\/100|[from] recoil\n|\n|upkeep\n|turn|64\n|c|\u2606aryan3003|why?\n|\n|t:|1700379813\n|move|p1a: Togekiss|Roost|p1a: Togekiss\n|-heal|p1a: Togekiss|77\/100\n|-singleturn|p1a: Togekiss|move: Roost\n|-activate|p2a: Ferrothorn|move: Struggle\n|move|p2a: Ferrothorn|Struggle|p1a: Togekiss\n|-damage|p1a: Togekiss|74\/100\n|-damage|p2a: Ferrothorn|22\/100|[from] recoil\n|\n|upkeep\n|turn|65\n|\n|t:|1700379820\n|move|p1a: Togekiss|Defog|p2a: Ferrothorn\n|-unboost|p2a: Ferrothorn|evasion|1\n|-sideend|p2: aryan3003|Stealth Rock|[from] move: Defog|[of] p1a: Togekiss\n|-sideend|p1: Carrotfromkanto|Stealth Rock|[from] move: Defog|[of] p1a: Togekiss\n|-activate|p2a: Ferrothorn|move: Struggle\n|move|p2a: Ferrothorn|Struggle|p1a: Togekiss\n|-damage|p1a: Togekiss|72\/100\n|-damage|p2a: Ferrothorn|0 fnt|[from] recoil\n|faint|p2a: Ferrothorn\n|\n|upkeep\n|c|\u2606aryan3003|i thought we were gonna stay\n|\n|t:|1700379830\n|switch|p2a: Clefable|Clefable, F|100\/100\n|turn|66\n|\n|t:|1700379837\n|switch|p1a: Amoonguss|Amoonguss, F, shiny|58\/100\n|move|p2a: Clefable|Calm Mind|p2a: Clefable\n|-boost|p2a: Clefable|spa|1\n|-boost|p2a: Clefable|spd|1\n|\n|upkeep\n|turn|67\n|\n|t:|1700379846\n|switch|p2a: Charizard|Charizard-Mega-Y, M|100\/100\n|-weather|SunnyDay|[from] ability: Drought|[of] p2a: Charizard\n|move|p1a: Amoonguss|Clear Smog|p2a: Charizard\n|-damage|p2a: Charizard|85\/100\n|-clearboost|p2a: Charizard\n|\n|-weather|SunnyDay|[upkeep]\n|upkeep\n|turn|68\n|c| The power of ROCK|clefable is calming its mind\n|\n|t:|1700379853\n|switch|p1a: Blissey|Blissey, F|79\/100\n|move|p2a: Charizard|Substitute|p2a: Charizard\n|-start|p2a: Charizard|Substitute\n|-damage|p2a: Charizard|60\/100\n|\n|-weather|SunnyDay|[upkeep]\n|upkeep\n|turn|69\n|\n|t:|1700379863\n|move|p2a: Charizard|Flamethrower|p1a: Blissey\n|-damage|p1a: Blissey|51\/100\n|-status|p1a: Blissey|brn\n|move|p1a: Blissey|Soft-Boiled|p1a: Blissey\n|-heal|p1a: Blissey|100\/100 brn\n|\n|-weather|SunnyDay|[upkeep]\n|-damage|p1a: Blissey|94\/100 brn|[from] brn\n|upkeep\n|turn|70\n|\n|t:|1700379870\n|move|p2a: Charizard|Flamethrower|p1a: Blissey\n|-damage|p1a: Blissey|63\/100 brn\n|move|p1a: Blissey|Wish|p1a: Blissey\n|\n|-weather|SunnyDay|[upkeep]\n|-damage|p1a: Blissey|57\/100 brn|[from] brn\n|upkeep\n|turn|71\n|\n|t:|1700379875\n|move|p2a: Charizard|Flamethrower|p1a: Blissey\n|-damage|p1a: Blissey|27\/100 brn\n|move|p1a: Blissey|Seismic Toss|p2a: Charizard\n|-end|p2a: Charizard|Substitute\n|\n|-weather|none\n|-heal|p1a: Blissey|77\/100 brn|[from] move: Wish|[wisher] Blissey\n|-damage|p1a: Blissey|71\/100 brn|[from] brn\n|upkeep\n|turn|72\n|\n|t:|1700379881\n|move|p2a: Charizard|Flamethrower|p1a: Blissey\n|-damage|p1a: Blissey|50\/100 brn\n|move|p1a: Blissey|Wish|p1a: Blissey\n|\n|-damage|p1a: Blissey|44\/100 brn|[from] brn\n|upkeep\n|turn|73\n|\n|t:|1700379894\n|switch|p2a: Clefable|Clefable, F|100\/100\n|move|p1a: Blissey|Soft-Boiled|p1a: Blissey\n|-heal|p1a: Blissey|94\/100 brn\n|\n|-heal|p1a: Blissey|100\/100 brn|[from] move: Wish|[wisher] Blissey\n|-damage|p1a: Blissey|94\/100 brn|[from] brn\n|upkeep\n|turn|74\n|c|\u2606aryan3003|can you like die?\n|\n|t:|1700379907\n|move|p2a: Clefable|Calm Mind|p2a: Clefable\n|-boost|p2a: Clefable|spa|1\n|-boost|p2a: Clefable|spd|1\n|move|p1a: Blissey|Stealth Rock|p2a: Clefable\n|-sidestart|p2: aryan3003|move: Stealth Rock\n|\n|-damage|p1a: Blissey|88\/100 brn|[from] brn\n|upkeep\n|turn|75\n|c| The power of ROCK|time to calm the mind\n|\n|t:|1700379917\n|-curestatus|p1a: Blissey|brn|[from] ability: Natural Cure\n|switch|p1a: Amoonguss|Amoonguss, F, shiny|91\/100\n|move|p2a: Clefable|Cosmic Power|p2a: Clefable\n|-boost|p2a: Clefable|def|1\n|-boost|p2a: Clefable|spd|1\n|\n|upkeep\n|turn|76\n|c|\u2606Carrotfromkanto|lets clear that smog real quick\n|\n|t:|1700379924\n|move|p2a: Clefable|Stored Power|p1a: Amoonguss\n|-supereffective|p1a: Amoonguss\n|-damage|p1a: Amoonguss|32\/100\n|move|p1a: Amoonguss|Clear Smog|p2a: Clefable\n|-supereffective|p2a: Clefable\n|-damage|p2a: Clefable|85\/100\n|-clearboost|p2a: Clefable\n|\n|-heal|p2a: Clefable|91\/100|[from] item: Leftovers\n|upkeep\n|turn|77\n|\n|t:|1700379934\n|switch|p2a: Xurkitree|Xurkitree|66\/100\n|-damage|p2a: Xurkitree|53\/100|[from] Stealth Rock\n|move|p1a: Amoonguss|Spore|p2a: Xurkitree\n|-status|p2a: Xurkitree|slp|[from] move: Spore\n|\n|upkeep\n|turn|78\n|c| The power of ROCK|zzz\n|\n|t:|1700379943\n|switch|p2a: Charizard|Charizard-Mega-Y, M|60\/100\n|-damage|p2a: Charizard|10\/100|[from] Stealth Rock\n|-weather|SunnyDay|[from] ability: Drought|[of] p2a: Charizard\n|switch|p1a: Wailord|Wailord, M, tera:Ghost|59\/100\n|-ability|p1a: Wailord|Pressure\n|\n|-weather|SunnyDay|[upkeep]\n|-heal|p1a: Wailord|65\/100|[from] item: Leftovers\n|upkeep\n|turn|79\n|c|\u2606aryan3003|aight bro i quit at 100\n|\n|t:|1700379954\n|switch|p1a: Blissey|Blissey, F|88\/100\n|move|p2a: Charizard|Flamethrower|p1a: Blissey\n|-damage|p1a: Blissey|57\/100\n|\n|-weather|SunnyDay|[upkeep]\n|upkeep\n|turn|80\n|\n|t:|1700379958\n|move|p2a: Charizard|Flamethrower|p1a: Blissey\n|-damage|p1a: Blissey|25\/100\n|move|p1a: Blissey|Seismic Toss|p2a: Charizard\n|-damage|p2a: Charizard|0 fnt\n|faint|p2a: Charizard\n|\n|-weather|SunnyDay|[upkeep]\n|upkeep\n|\n|t:|1700379962\n|switch|p2a: Clefable|Clefable, F|91\/100\n|-damage|p2a: Clefable|79\/100|[from] Stealth Rock\n|turn|81\n|\n|t:|1700379970\n|switch|p1a: Quagsire|Quagsire, F|51\/100\n|move|p2a: Clefable|Calm Mind|p2a: Clefable\n|-boost|p2a: Clefable|spa|1\n|-boost|p2a: Clefable|spd|1\n|\n|-weather|SunnyDay|[upkeep]\n|-heal|p2a: Clefable|85\/100|[from] item: Leftovers\n|upkeep\n|turn|82\n|\n|t:|1700379974\n|move|p2a: Clefable|Calm Mind|p2a: Clefable\n|-boost|p2a: Clefable|spa|1\n|-boost|p2a: Clefable|spd|1\n|move|p1a: Quagsire|Toxic|p2a: Clefable\n|-status|p2a: Clefable|tox\n|\n|-weather|none\n|-heal|p2a: Clefable|91\/100 tox|[from] item: Leftovers\n|-damage|p2a: Clefable|85\/100 tox|[from] psn\n|upkeep\n|turn|83\n|c| The power of ROCK|calming the mind\n|c|\u2606aryan3003|yes\n|\n|t:|1700379985\n|move|p2a: Clefable|Calm Mind|p2a: Clefable\n|-boost|p2a: Clefable|spa|1\n|-boost|p2a: Clefable|spd|1\n|move|p1a: Quagsire|Earthquake|p2a: Clefable\n|-damage|p2a: Clefable|64\/100 tox\n|\n|-heal|p2a: Clefable|70\/100 tox|[from] item: Leftovers\n|-damage|p2a: Clefable|58\/100 tox|[from] psn\n|upkeep\n|turn|84\n|c| The power of ROCK|that clefable is feeling really calm right now\n|\n|t:|1700380002\n|move|p2a: Clefable|Soft-Boiled|p2a: Clefable\n|-heal|p2a: Clefable|100\/100 tox\n|move|p1a: Quagsire|Earthquake|p2a: Clefable\n|-damage|p2a: Clefable|76\/100 tox\n|\n|-heal|p2a: Clefable|82\/100 tox|[from] item: Leftovers\n|-damage|p2a: Clefable|64\/100 tox|[from] psn\n|upkeep\n|turn|85\n|\n|t:|1700380012\n|move|p2a: Clefable|Stored Power|p1a: Quagsire\n|-damage|p1a: Quagsire|15\/100\n|move|p1a: Quagsire|Earthquake|p2a: Clefable\n|-damage|p2a: Clefable|41\/100 tox\n|\n|-heal|p2a: Clefable|47\/100 tox|[from] item: Leftovers\n|-damage|p2a: Clefable|23\/100 tox|[from] psn\n|upkeep\n|turn|86\n|c|\u2606Carrotfromkanto|its dying inside\n|\n|t:|1700380018\n|move|p2a: Clefable|Stored Power|p1a: Quagsire\n|-damage|p1a: Quagsire|0 fnt\n|faint|p1a: Quagsire\n|\n|-heal|p2a: Clefable|29\/100 tox|[from] item: Leftovers\n|-damage|p2a: Clefable|0 fnt|[from] psn\n|faint|p2a: Clefable\n|upkeep\n|\n|t:|1700380021\n|switch|p2a: Toxapex|Toxapex, F|100\/100\n|switch|p1a: Blissey|Blissey, F|25\/100\n|-damage|p2a: Toxapex|88\/100|[from] Stealth Rock\n|turn|87\n|\n|t:|1700380026\n|move|p1a: Blissey|Soft-Boiled|p1a: Blissey\n|-heal|p1a: Blissey|75\/100\n|move|p2a: Toxapex|Knock Off|p1a: Blissey\n|-damage|p1a: Blissey|62\/100\n|-enditem|p1a: Blissey|Heavy-Duty Boots|[from] move: Knock Off|[of] p2a: Toxapex\n|\n|-heal|p2a: Toxapex|94\/100|[from] item: Black Sludge\n|upkeep\n|turn|88\n|\n|t:|1700380030\n|move|p1a: Blissey|Soft-Boiled|p1a: Blissey\n|-heal|p1a: Blissey|100\/100\n|move|p2a: Toxapex|Toxic Spikes|p1a: Blissey\n|-sidestart|p1: Carrotfromkanto|move: Toxic Spikes\n|\n|-heal|p2a: Toxapex|100\/100|[from] item: Black Sludge\n|upkeep\n|turn|89\n|\n|t:|1700380035\n|move|p1a: Blissey|Wish|p1a: Blissey\n|move|p2a: Toxapex|Toxic Spikes|p1a: Blissey\n|-sidestart|p1: Carrotfromkanto|move: Toxic Spikes\n|\n|upkeep\n|turn|90\n|\n|t:|1700380041\n|switch|p1a: Wailord|Wailord, M, tera:Ghost|65\/100\n|-status|p1a: Wailord|tox\n|-ability|p1a: Wailord|Pressure\n|move|p2a: Toxapex|Knock Off|p1a: Wailord\n|-supereffective|p1a: Wailord\n|-damage|p1a: Wailord|39\/100 tox\n|-enditem|p1a: Wailord|Leftovers|[from] move: Knock Off|[of] p2a: Toxapex\n|\n|-heal|p1a: Wailord|100\/100 tox|[from] move: Wish|[wisher] Blissey\n|-damage|p1a: Wailord|94\/100 tox|[from] psn\n|upkeep\n|turn|91\n|\n|t:|1700380049\n|move|p1a: Wailord|Block|p2a: Toxapex\n|-activate|p2a: Toxapex|trapped\n|move|p2a: Toxapex|Haze|p2a: Toxapex\n|-clearallboost\n|\n|-damage|p1a: Wailord|82\/100 tox|[from] psn\n|upkeep\n|turn|92\n|\n|t:|1700380056\n|move|p1a: Wailord|Rest|p1a: Wailord\n|-status|p1a: Wailord|slp|[from] move: Rest\n|-heal|p1a: Wailord|100\/100 slp|[silent]\n|move|p2a: Toxapex|Haze|p2a: Toxapex\n|-clearallboost\n|\n|upkeep\n|turn|93\n|\n|t:|1700380061\n|cant|p1a: Wailord|slp\n|move|p2a: Toxapex|Knock Off|p1a: Wailord\n|-supereffective|p1a: Wailord\n|-damage|p1a: Wailord|81\/100 slp\n|\n|upkeep\n|turn|94\n|\n|t:|1700380074\n|cant|p1a: Wailord|slp\n|move|p2a: Toxapex|Knock Off|p1a: Wailord\n|-supereffective|p1a: Wailord\n|-damage|p1a: Wailord|61\/100 slp\n|\n|upkeep\n|turn|95\n|\n|t:|1700380091\n|-curestatus|p1a: Wailord|slp|[msg]\n|move|p1a: Wailord|Noble Roar|p2a: Toxapex\n|-unboost|p2a: Toxapex|atk|1\n|-unboost|p2a: Toxapex|spa|1\n|move|p2a: Toxapex|Knock Off|p1a: Wailord\n|-supereffective|p1a: Wailord\n|-damage|p1a: Wailord|49\/100\n|\n|upkeep\n|turn|96\n|\n|t:|1700380096\n|move|p1a: Wailord|Defense Curl|p1a: Wailord\n|-boost|p1a: Wailord|def|1\n|move|p2a: Toxapex|Haze|p2a: Toxapex\n|-clearallboost\n|\n|upkeep\n|turn|97\n|\n|t:|1700380101\n|move|p1a: Wailord|Defense Curl|p1a: Wailord\n|-boost|p1a: Wailord|def|1\n|move|p2a: Toxapex|Knock Off|p1a: Wailord\n|-supereffective|p1a: Wailord\n|-damage|p1a: Wailord|34\/100\n|\n|upkeep\n|turn|98\n|\n|t:|1700380107\n|move|p1a: Wailord|Defense Curl|p1a: Wailord\n|-boost|p1a: Wailord|def|1\n|move|p2a: Toxapex|Haze|p2a: Toxapex\n|-clearallboost\n|\n|upkeep\n|turn|99\n|\n|t:|1700380111\n|move|p1a: Wailord|Defense Curl|p1a: Wailord\n|-boost|p1a: Wailord|def|1\n|move|p2a: Toxapex|Knock Off|p1a: Wailord\n|-supereffective|p1a: Wailord\n|-damage|p1a: Wailord|21\/100\n|\n|upkeep\n|turn|100\n|\n|t:|1700380115\n|move|p1a: Wailord|Defense Curl|p1a: Wailord\n|-boost|p1a: Wailord|def|1\n|move|p2a: Toxapex|Haze|p2a: Toxapex\n|-clearallboost\n|\n|upkeep\n|turn|101\n|c|\u2606aryan3003|ha we made it\n|\n|t:|1700380138\n|move|p1a: Wailord|Defense Curl|p1a: Wailord\n|-boost|p1a: Wailord|def|1\n|move|p2a: Toxapex|Knock Off|p1a: Wailord\n|-supereffective|p1a: Wailord\n|-damage|p1a: Wailord|9\/100\n|\n|upkeep\n|turn|102\n|c|\u2606Carrotfromkanto|What are you thinking\n|\n|t:|1700380159\n|move|p1a: Wailord|Rest|p1a: Wailord\n|-status|p1a: Wailord|slp|[from] move: Rest\n|-heal|p1a: Wailord|100\/100 slp|[silent]\n|move|p2a: Toxapex|Knock Off|p1a: Wailord\n|-supereffective|p1a: Wailord\n|-damage|p1a: Wailord|87\/100 slp\n|\n|upkeep\n|turn|103\n|c|\u2606Carrotfromkanto|how can you get out of this perilous situation\n|\n|t:|1700380174\n|cant|p1a: Wailord|slp\n|move|p2a: Toxapex|Haze|p2a: Toxapex\n|-clearallboost\n|\n|upkeep\n|turn|104\n|c| prince5|pivot\n|c|\u2606aryan3003|i can't\n|c| prince5|taunt\n|\n|t:|1700380181\n|cant|p1a: Wailord|slp\n|move|p2a: Toxapex|Toxic Spikes||[still]\n|-fail|p2a: Toxapex\n|\n|upkeep\n|turn|105\n|c|\u2606Carrotfromkanto|i surely wouldnt sent wailord to fight a taunt user\n|c|\u2606Carrotfromkanto|or a pivot user\n|c|\u2606Carrotfromkanto|duh\n|c|\u2606Carrotfromkanto|lol\n|c|\u2606aryan3003|no taunt on this\n|inactive|Carrotfromkanto has 120 seconds left.\n|c|\u2606Carrotfromkanto|this wailord destroys toxapex and ferrothorns\n|c|\u2606Carrotfromkanto|lmao\n|\n|t:|1700380214\n|-curestatus|p1a: Wailord|slp|[msg]\n|move|p1a: Wailord|Defense Curl|p1a: Wailord\n|-boost|p1a: Wailord|def|1\n|move|p2a: Toxapex|Toxic Spikes||[still]\n|-fail|p2a: Toxapex\n|\n|upkeep\n|turn|106\n|\n|t:|1700380228\n|move|p1a: Wailord|Noble Roar|p2a: Toxapex\n|-unboost|p2a: Toxapex|atk|1\n|-unboost|p2a: Toxapex|spa|1\n|move|p2a: Toxapex|Haze|p2a: Toxapex\n|-clearallboost\n|\n|upkeep\n|turn|107\n|\n|t:|1700380237\n|move|p1a: Wailord|Defense Curl|p1a: Wailord\n|-boost|p1a: Wailord|def|1\n|move|p2a: Toxapex|Knock Off|p1a: Wailord\n|-supereffective|p1a: Wailord\n|-damage|p1a: Wailord|72\/100\n|\n|upkeep\n|turn|108\n|inactive|aryan3003 has 120 seconds left.\n|c| prince5|is this a ladder battle?\n|c|\u2606Carrotfromkanto|yes\n|\n|t:|1700380262\n|move|p1a: Wailord|Noble Roar|p2a: Toxapex\n|-unboost|p2a: Toxapex|atk|1\n|-unboost|p2a: Toxapex|spa|1\n|move|p2a: Toxapex|Knock Off|p1a: Wailord\n|-supereffective|p1a: Wailord\n|-damage|p1a: Wailord|63\/100\n|\n|upkeep\n|turn|109\n|c|\u2606Carrotfromkanto|:D\n|c|\u2606aryan3003|yes\n|inactive|Carrotfromkanto has 120 seconds left.\n|\n|t:|1700380273\n|move|p1a: Wailord|Defense Curl|p1a: Wailord\n|-boost|p1a: Wailord|def|1\n|move|p2a: Toxapex|Knock Off|p1a: Wailord\n|-supereffective|p1a: Wailord\n|-damage|p1a: Wailord|56\/100\n|\n|upkeep\n|turn|110\n|c|\u2606aryan3003|draw?\n|c|\u2606Carrotfromkanto|why\n|c|\u2606Carrotfromkanto|im winning clearly\n|c|\u2606aryan3003|how to draw after a 100 turns\n|inactive|aryan3003 has 90 seconds left.\n|c|\u2606aryan3003|there is a way\n|c|\u2606Carrotfromkanto|i think the limit is 500\n|c|\u2606aryan3003|thats why is stayed\n|c|\u2606aryan3003|oof\n|c|\u2606Carrotfromkanto|im winning this\n|\n|t:|1700380314\n|move|p1a: Wailord|Defense Curl|p1a: Wailord\n|-boost|p1a: Wailord|def|1\n|move|p2a: Toxapex|Toxic Spikes||[still]\n|-fail|p2a: Toxapex\n|\n|upkeep\n|turn|111\n|\n|t:|1700380319\n|move|p1a: Wailord|Defense Curl|p1a: Wailord\n|-boost|p1a: Wailord|def|1\n|move|p2a: Toxapex|Haze|p2a: Toxapex\n|-clearallboost\n|\n|upkeep\n|turn|112\n|\n|t:|1700380324\n|move|p1a: Wailord|Noble Roar|p2a: Toxapex\n|-unboost|p2a: Toxapex|atk|1\n|-unboost|p2a: Toxapex|spa|1\n|move|p2a: Toxapex|Knock Off|p1a: Wailord\n|-supereffective|p1a: Wailord\n|-damage|p1a: Wailord|43\/100\n|\n|upkeep\n|turn|113\n|\n|t:|1700380340\n|move|p1a: Wailord|Noble Roar|p2a: Toxapex\n|-unboost|p2a: Toxapex|atk|1\n|-unboost|p2a: Toxapex|spa|1\n|move|p2a: Toxapex|Knock Off|p1a: Wailord\n|-supereffective|p1a: Wailord\n|-crit|p1a: Wailord\n|-damage|p1a: Wailord|11\/100\n|\n|upkeep\n|turn|114\n|\n|t:|1700380347\n|move|p1a: Wailord|Rest|p1a: Wailord\n|-status|p1a: Wailord|slp|[from] move: Rest\n|-heal|p1a: Wailord|100\/100 slp|[silent]\n|move|p2a: Toxapex|Haze|p2a: Toxapex\n|-clearallboost\n|\n|upkeep\n|turn|115\n|\n|t:|1700380356\n|cant|p1a: Wailord|slp\n|move|p2a: Toxapex|Knock Off|p1a: Wailord\n|-supereffective|p1a: Wailord\n|-damage|p1a: Wailord|81\/100 slp\n|\n|upkeep\n|turn|116\n|inactive|aryan3003 has 60 seconds left.\n|c|\u2606Carrotfromkanto|just 2 more knock offs\n|\n|t:|1700380384\n|cant|p1a: Wailord|slp\n|move|p2a: Toxapex|Knock Off|p1a: Wailord\n|-supereffective|p1a: Wailord\n|-damage|p1a: Wailord|63\/100 slp\n|\n|upkeep\n|turn|117\n|\n|t:|1700380390\n|-curestatus|p1a: Wailord|slp|[msg]\n|move|p1a: Wailord|Defense Curl|p1a: Wailord\n|-boost|p1a: Wailord|def|1\n|move|p2a: Toxapex|Knock Off|p1a: Wailord\n|-supereffective|p1a: Wailord\n|-damage|p1a: Wailord|50\/100\n|\n|upkeep\n|turn|118\n|c|\u2606aryan3003|why can't  i crit?\n|\n|t:|1700380398\n|move|p1a: Wailord|Rest|p1a: Wailord\n|-status|p1a: Wailord|slp|[from] move: Rest\n|-heal|p1a: Wailord|100\/100 slp|[silent]\n|move|p2a: Toxapex|Toxic Spikes||[still]\n|-fail|p2a: Toxapex\n|\n|upkeep\n|turn|119\n|\n|t:|1700380402\n|cant|p1a: Wailord|slp\n|move|p2a: Toxapex|Toxic Spikes||[still]\n|-fail|p2a: Toxapex\n|\n|upkeep\n|turn|120\n|c|\u2606aryan3003|send me this team\n|\n|t:|1700380414\n|cant|p1a: Wailord|slp\n|move|p2a: Toxapex|Toxic Spikes||[still]\n|-fail|p2a: Toxapex\n|\n|upkeep\n|turn|121\n|c|\u2606Carrotfromkanto|No\n|c| prince5|-1 knock off\n|\n|t:|1700380419\n|-curestatus|p1a: Wailord|slp|[msg]\n|move|p1a: Wailord|Noble Roar|p2a: Toxapex\n|-unboost|p2a: Toxapex|atk|1\n|-unboost|p2a: Toxapex|spa|1\n|move|p2a: Toxapex|Toxic Spikes||[still]\n|-fail|p2a: Toxapex\n|\n|upkeep\n|turn|122\n|c| prince5|...\n|c|\u2606aryan3003|pls\n|c|\u2606Carrotfromkanto|you owe PP to the move\n|c|\u2606Carrotfromkanto|lmao\n|c|\u2606Carrotfromkanto|zelle me 20$ and ill send it to you promise\n|\n|t:|1700380443\n|move|p1a: Wailord|Noble Roar|p2a: Toxapex\n|-unboost|p2a: Toxapex|atk|1\n|-unboost|p2a: Toxapex|spa|1\n|move|p2a: Toxapex|Haze|p2a: Toxapex\n|-clearallboost\n|\n|upkeep\n|turn|123\n|inactive|aryan3003 has 30 seconds left.\n|\n|t:|1700380475\n|move|p1a: Wailord|Noble Roar|p2a: Toxapex\n|-unboost|p2a: Toxapex|atk|1\n|-unboost|p2a: Toxapex|spa|1\n|move|p2a: Toxapex|Toxic Spikes||[still]\n|-fail|p2a: Toxapex\n|\n|upkeep\n|turn|124\n|\n|t:|1700380478\n|move|p1a: Wailord|Noble Roar|p2a: Toxapex\n|-unboost|p2a: Toxapex|atk|1\n|-unboost|p2a: Toxapex|spa|1\n|move|p2a: Toxapex|Toxic Spikes||[still]\n|-fail|p2a: Toxapex\n|\n|upkeep\n|turn|125\n|\n|t:|1700380482\n|move|p1a: Wailord|Noble Roar|p2a: Toxapex\n|-unboost|p2a: Toxapex|atk|1\n|-unboost|p2a: Toxapex|spa|1\n|move|p2a: Toxapex|Toxic Spikes||[still]\n|-fail|p2a: Toxapex\n|\n|upkeep\n|turn|126\n|\n|t:|1700380490\n|move|p1a: Wailord|Noble Roar|p2a: Toxapex\n|-unboost|p2a: Toxapex|atk|1\n|-unboost|p2a: Toxapex|spa|1\n|move|p2a: Toxapex|Haze|p2a: Toxapex\n|-clearallboost\n|\n|upkeep\n|turn|127\n|\n|t:|1700380493\n|move|p1a: Wailord|Noble Roar|p2a: Toxapex\n|-unboost|p2a: Toxapex|atk|1\n|-unboost|p2a: Toxapex|spa|1\n|move|p2a: Toxapex|Toxic Spikes||[still]\n|-fail|p2a: Toxapex\n|\n|upkeep\n|turn|128\n|c|\u2606Carrotfromkanto|This is hilarious\n|c|\u2606aryan3003|yes\n|inactive|Carrotfromkanto has 120 seconds left.\n|c|\u2606Carrotfromkanto|im upgrading this btw, clodsire and dondozo comming here\n|c| prince5|magic guard clef would've been able to sweep this team\n|c| prince5|unfortunately, you had unaware\n|c|\u2606aryan3003|sorry\n|\n|t:|1700380551\n|move|p1a: Wailord|Noble Roar|p2a: Toxapex\n|-unboost|p2a: Toxapex|atk|1\n|-unboost|p2a: Toxapex|spa|1\n|move|p2a: Toxapex|Toxic Spikes||[still]\n|-fail|p2a: Toxapex\n|\n|upkeep\n|turn|129\n|c|\u2606Carrotfromkanto|you seem stressed prince5\n|inactive|aryan3003 has 30 seconds left.\n|c|\u2606Carrotfromkanto|are you mad at this wailord strategy\n|inactive|aryan3003 has 20 seconds left.\n|c| prince5|no\n|inactive|aryan3003 has 15 seconds left.\n|\n|t:|1700380596\n|move|p1a: Wailord|Noble Roar|p2a: Toxapex\n|-unboost|p2a: Toxapex|atk|1\n|-unboost|p2a: Toxapex|spa|1\n|move|p2a: Toxapex|Toxic Spikes||[still]\n|-fail|p2a: Toxapex\n|\n|upkeep\n|turn|130\n|inactive|aryan3003 has 20 seconds left this turn.\n|c|\u2606Carrotfromkanto|are you gonna let the clock give me the win\n|inactive|aryan3003 has 15 seconds left.\n|\n|t:|1700380602\n|move|p1a: Wailord|Noble Roar|p2a: Toxapex\n|-unboost|p2a: Toxapex|atk|1\n|-unboost|p2a: Toxapex|spa|1\n|move|p2a: Toxapex|Toxic Spikes||[still]\n|-fail|p2a: Toxapex\n|\n|upkeep\n|turn|131\n|inactive|aryan3003 has 20 seconds left this turn.\n|\n|t:|1700380606\n|move|p1a: Wailord|Noble Roar|p2a: Toxapex\n|-unboost|p2a: Toxapex|atk|1\n|-unboost|p2a: Toxapex|spa|1\n|move|p2a: Toxapex|Toxic Spikes||[still]\n|-fail|p2a: Toxapex\n|\n|upkeep\n|turn|132\n|inactive|aryan3003 has 25 seconds left this turn.\n|\n|t:|1700380611\n|move|p1a: Wailord|Defense Curl|p1a: Wailord\n|-boost|p1a: Wailord|def|1\n|move|p2a: Toxapex|Haze|p2a: Toxapex\n|-clearallboost\n|\n|upkeep\n|turn|133\n|inactive|aryan3003 has 30 seconds left this turn.\n|\n|t:|1700380615\n|move|p1a: Wailord|Defense Curl|p1a: Wailord\n|-boost|p1a: Wailord|def|1\n|move|p2a: Toxapex|Haze|p2a: Toxapex\n|-clearallboost\n|\n|upkeep\n|turn|134\n|c|\u2606aryan3003|no\n|\n|t:|1700380620\n|move|p1a: Wailord|Noble Roar|p2a: Toxapex\n|-unboost|p2a: Toxapex|atk|1\n|-unboost|p2a: Toxapex|spa|1\n|move|p2a: Toxapex|Haze|p2a: Toxapex\n|-clearallboost\n|\n|upkeep\n|turn|135\n|\n|t:|1700380624\n|move|p1a: Wailord|Noble Roar|p2a: Toxapex\n|-unboost|p2a: Toxapex|atk|1\n|-unboost|p2a: Toxapex|spa|1\n|move|p2a: Toxapex|Haze|p2a: Toxapex\n|-clearallboost\n|\n|upkeep\n|turn|136\n|\n|t:|1700380638\n|move|p1a: Wailord|Defense Curl|p1a: Wailord\n|-boost|p1a: Wailord|def|1\n|move|p2a: Toxapex|Haze|p2a: Toxapex\n|-clearallboost\n|\n|upkeep\n|turn|137\n|\n|t:|1700380642\n|move|p1a: Wailord|Defense Curl|p1a: Wailord\n|-boost|p1a: Wailord|def|1\n|move|p2a: Toxapex|Haze|p2a: Toxapex\n|-clearallboost\n|\n|upkeep\n|turn|138\n|\n|t:|1700380644\n|move|p1a: Wailord|Defense Curl|p1a: Wailord\n|-boost|p1a: Wailord|def|1\n|move|p2a: Toxapex|Haze|p2a: Toxapex\n|-clearallboost\n|\n|upkeep\n|turn|139\n|\n|t:|1700380647\n|move|p1a: Wailord|Defense Curl|p1a: Wailord\n|-boost|p1a: Wailord|def|1\n|move|p2a: Toxapex|Haze|p2a: Toxapex\n|-clearallboost\n|\n|upkeep\n|turn|140\n|\n|t:|1700380650\n|move|p1a: Wailord|Defense Curl|p1a: Wailord\n|-boost|p1a: Wailord|def|1\n|move|p2a: Toxapex|Haze|p2a: Toxapex\n|-clearallboost\n|\n|upkeep\n|turn|141\n|\n|t:|1700380652\n|move|p1a: Wailord|Defense Curl|p1a: Wailord\n|-boost|p1a: Wailord|def|1\n|move|p2a: Toxapex|Haze|p2a: Toxapex\n|-clearallboost\n|\n|upkeep\n|turn|142\n|inactive|aryan3003 has 60 seconds left.\n|\n|t:|1700380658\n|move|p1a: Wailord|Defense Curl|p1a: Wailord\n|-boost|p1a: Wailord|def|1\n|move|p2a: Toxapex|Haze|p2a: Toxapex\n|-clearallboost\n|\n|upkeep\n|turn|143\n|\n|t:|1700380660\n|move|p1a: Wailord|Defense Curl|p1a: Wailord\n|-boost|p1a: Wailord|def|1\n|move|p2a: Toxapex|Haze|p2a: Toxapex\n|-clearallboost\n|\n|upkeep\n|turn|144\n|\n|t:|1700380666\n|move|p1a: Wailord|Defense Curl|p1a: Wailord\n|-boost|p1a: Wailord|def|1\n|move|p2a: Toxapex|Haze|p2a: Toxapex\n|-clearallboost\n|\n|upkeep\n|turn|145\n|\n|t:|1700380672\n|move|p1a: Wailord|Noble Roar|p2a: Toxapex\n|-unboost|p2a: Toxapex|atk|1\n|-unboost|p2a: Toxapex|spa|1\n|move|p2a: Toxapex|Recover||[still]\n|-fail|p2a: Toxapex|heal\n|\n|upkeep\n|turn|146\n|\n|t:|1700380674\n|move|p1a: Wailord|Defense Curl|p1a: Wailord\n|-boost|p1a: Wailord|def|1\n|move|p2a: Toxapex|Recover||[still]\n|-fail|p2a: Toxapex|heal\n|\n|upkeep\n|turn|147\n|\n|t:|1700380679\n|move|p1a: Wailord|Noble Roar|p2a: Toxapex\n|-unboost|p2a: Toxapex|atk|1\n|-unboost|p2a: Toxapex|spa|1\n|move|p2a: Toxapex|Recover||[still]\n|-fail|p2a: Toxapex|heal\n|\n|upkeep\n|turn|148\n|\n|t:|1700380681\n|move|p1a: Wailord|Defense Curl|p1a: Wailord\n|-boost|p1a: Wailord|def|1\n|move|p2a: Toxapex|Recover||[still]\n|-fail|p2a: Toxapex|heal\n|\n|upkeep\n|turn|149\n|\n|t:|1700380684\n|move|p1a: Wailord|Defense Curl|p1a: Wailord\n|-boost|p1a: Wailord|def|1\n|move|p2a: Toxapex|Recover||[still]\n|-fail|p2a: Toxapex|heal\n|\n|upkeep\n|turn|150\n|\n|t:|1700380686\n|move|p1a: Wailord|Noble Roar|p2a: Toxapex\n|-unboost|p2a: Toxapex|atk|1\n|-unboost|p2a: Toxapex|spa|1\n|move|p2a: Toxapex|Recover||[still]\n|-fail|p2a: Toxapex|heal\n|\n|upkeep\n|turn|151\n|\n|t:|1700380688\n|move|p1a: Wailord|Defense Curl|p1a: Wailord\n|-boost|p1a: Wailord|def|1\n|move|p2a: Toxapex|Recover||[still]\n|-fail|p2a: Toxapex|heal\n|\n|upkeep\n|turn|152\n|\n|t:|1700380692\n|move|p1a: Wailord|Noble Roar|p2a: Toxapex\n|-unboost|p2a: Toxapex|atk|1\n|-unboost|p2a: Toxapex|spa|1\n|move|p2a: Toxapex|Recover||[still]\n|-fail|p2a: Toxapex|heal\n|\n|upkeep\n|turn|153\n|\n|t:|1700380696\n|move|p1a: Wailord|Defense Curl|p1a: Wailord\n|-boost|p1a: Wailord|def|1\n|-activate|p2a: Toxapex|move: Struggle\n|move|p2a: Toxapex|Struggle|p1a: Wailord\n|-damage|p1a: Wailord|99\/100\n|-damage|p2a: Toxapex|75\/100|[from] recoil\n|\n|-heal|p2a: Toxapex|82\/100|[from] item: Black Sludge\n|upkeep\n|turn|154\n|\n|t:|1700380702\n|move|p1a: Wailord|Defense Curl|p1a: Wailord\n|-boost|p1a: Wailord|def|1\n|-activate|p2a: Toxapex|move: Struggle\n|move|p2a: Toxapex|Struggle|p1a: Wailord\n|-damage|p1a: Wailord|99\/100\n|-damage|p2a: Toxapex|57\/100|[from] recoil\n|\n|-heal|p2a: Toxapex|63\/100|[from] item: Black Sludge\n|upkeep\n|turn|155\n|\n|t:|1700380704\n|move|p1a: Wailord|Noble Roar|p2a: Toxapex\n|-unboost|p2a: Toxapex|atk|1\n|-unboost|p2a: Toxapex|spa|1\n|-activate|p2a: Toxapex|move: Struggle\n|move|p2a: Toxapex|Struggle|p1a: Wailord\n|-damage|p1a: Wailord|98\/100\n|-damage|p2a: Toxapex|38\/100|[from] recoil\n|\n|-heal|p2a: Toxapex|44\/100|[from] item: Black Sludge\n|upkeep\n|turn|156\n|\n|t:|1700380710\n|move|p1a: Wailord|Noble Roar|p2a: Toxapex\n|-unboost|p2a: Toxapex|atk|1\n|-unboost|p2a: Toxapex|spa|1\n|-activate|p2a: Toxapex|move: Struggle\n|move|p2a: Toxapex|Struggle|p1a: Wailord\n|-crit|p1a: Wailord\n|-damage|p1a: Wailord|88\/100\n|-damage|p2a: Toxapex|19\/100|[from] recoil\n|\n|-heal|p2a: Toxapex|25\/100|[from] item: Black Sludge\n|upkeep\n|turn|157\n|c|\u2606Carrotfromkanto|i love it\n|c| prince5|lolol\n|c|\u2606aryan3003|i don't\n|c|\u2606Carrotfromkanto|wailord destroys toxapex\n|c|\u2606Carrotfromkanto|and ferrothron\n|c|\u2606aryan3003|i want to die\n|c|\u2606Carrotfromkanto|who wouldve known\n|\n|t:|1700380736\n|move|p1a: Wailord|Defense Curl|p1a: Wailord\n|-boost|p1a: Wailord|def|0\n|-activate|p2a: Toxapex|move: Struggle\n|move|p2a: Toxapex|Struggle|p1a: Wailord\n|-damage|p1a: Wailord|87\/100\n|-damage|p2a: Toxapex|0 fnt|[from] recoil\n|faint|p2a: Toxapex\n|\n|upkeep\n|\n|t:|1700380746\n|switch|p2a: Xurkitree|Xurkitree|53\/100 slp\n|-damage|p2a: Xurkitree|41\/100 slp|[from] Stealth Rock\n|turn|158\n|\n|t:|1700380752\n|switch|p1a: Blissey|Blissey, F|100\/100\n|-status|p1a: Blissey|tox\n|-terastallize|p2a: Xurkitree|Electric\n|cant|p2a: Xurkitree|slp\n|\n|-damage|p1a: Blissey|94\/100 tox|[from] psn\n|upkeep\n|turn|159\n|\n|t:|1700380758\n|cant|p2a: Xurkitree|slp\n|move|p1a: Blissey|Seismic Toss|p2a: Xurkitree\n|-damage|p2a: Xurkitree|8\/100 slp\n|\n|-damage|p1a: Blissey|82\/100 tox|[from] psn\n|upkeep\n|turn|160\n|c|\u2606aryan3003|gg\n|c|\u2606Carrotfromkanto|161 turns\n|c|\u2606Carrotfromkanto|amazing game actually thank you for sticking\n|inactive|Carrotfromkanto has 120 seconds left.\n|\n|t:|1700380773\n|cant|p2a: Xurkitree|slp\n|move|p1a: Blissey|Seismic Toss|p2a: Xurkitree\n|-damage|p2a: Xurkitree|0 fnt\n|faint|p2a: Xurkitree\n|\n|win|Carrotfromkanto\n|raw|Carrotfromkanto's rating: 1256 &rarr; <strong>1282<\/strong><br \/>(+26 for winning)\n|raw|aryan3003's rating: 1268 &rarr; <strong>1242<\/strong><br \/>(-26 for losing)\n|c|\u2606aryan3003|you're welcome\n|c|\u2606Carrotfromkanto|:skull:\n|c|\u2606aryan3003|great game\n|l| The power of ROCK\n|c|\u2606Carrotfromkanto|yes\n","uploadtime":1700380796,"views":9,"p1id":"carrotfromkanto","p2id":"aryan3003","formatid":"gen9nationaldex","rating":1242,"private":0,"password":""}