{"id":"gen9nationaldex-1988766854","p1":"the person people","p2":"mannmilk","format":"[Gen 9] National Dex","log":"|j|\u2606the person people\n|j|\u2606mannmilk\n|t:|1699760449\n|gametype|singles\n|player|p1|the person people|2|1005\n|player|p2|mannmilk|clown|1120\n|teamsize|p1|6\n|teamsize|p2|6\n|gen|9\n|tier|[Gen 9] National Dex\n|rated|\n|rule|HP Percentage Mod: HP is shown in percentages\n|rule|Endless Battle Clause: Forcing endless battles is banned\n|rule|OHKO Clause: OHKO moves are banned\n|rule|Evasion Clause: Evasion abilities, items, and moves are banned\n|rule|Evasion Abilities Clause: Evasion abilities are banned\n|rule|Evasion Items Clause: Evasion items are banned\n|rule|Evasion Moves Clause: Evasion moves are banned\n|rule|Species Clause: Limit one of each Pok\u00e9mon\n|rule|Sleep Clause Mod: Limit one foe put to sleep\n|clearpoke\n|poke|p1|Audino, F|\n|poke|p1|Lapras, M|\n|poke|p1|Dragonite, M|\n|poke|p1|Hypno, M|\n|poke|p1|Gourgeist-*, F|\n|poke|p1|Lickilicky, M|\n|poke|p2|Cinderace, M|\n|poke|p2|Spiritomb, F|\n|poke|p2|Rabsca, M|\n|poke|p2|Victini|\n|poke|p2|Froslass, F|\n|poke|p2|Glalie, M|\n|teampreview\n|c|\u2606the person people|The\n|inactive|Battle timer is ON: inactive players will automatically lose when time's up. (requested by the person people)\n|c|\u2606mannmilk|based licky licky\n|\n|t:|1699760496\n|start\n|switch|p1a: Woah|Gourgeist-Small, F|100\/100\n|switch|p2a: husband|Glalie, M|100\/100\n|turn|1\n|\n|t:|1699760504\n|detailschange|p2a: husband|Glalie-Mega, M\n|-mega|p2a: husband|Glalie|Glalitite\n|move|p1a: Woah|Substitute|p1a: Woah\n|-start|p1a: Woah|Substitute\n|-damage|p1a: Woah|76\/100\n|move|p2a: husband|Trailblaze|p1a: Woah\n|-resisted|p1a: Woah\n|-activate|p1a: Woah|move: Substitute|[damage]\n|-boost|p2a: husband|spe|1\n|\n|upkeep\n|turn|2\n|c|\u2606the person people|WHAT IS THAT NAME\n|\n|t:|1699760526\n|move|p2a: husband|Frustration|p1a: Woah\n|-supereffective|p1a: Woah\n|-end|p1a: Woah|Substitute\n|move|p1a: Woah|Curse|p2a: husband\n|-start|p2a: husband|Curse|[of] p1a: Woah\n|-damage|p1a: Woah|26\/100\n|\n|-damage|p2a: husband|76\/100|[from] Curse\n|upkeep\n|turn|3\n|c|\u2606mannmilk|its husband\n|\n|t:|1699760539\n|switch|p1a: Wacko|Audino, F|100\/100\n|move|p2a: husband|Frustration|p1a: Wacko\n|-damage|p1a: Wacko|52\/100\n|-damage|p2a: husband|59\/100|[from] item: Rocky Helmet|[of] p1a: Wacko\n|\n|-damage|p2a: husband|34\/100|[from] Curse\n|upkeep\n|turn|4\n|\n|t:|1699760550\n|move|p2a: husband|Frustration|p1a: Wacko\n|-damage|p1a: Wacko|0 fnt\n|-damage|p2a: husband|17\/100|[from] item: Rocky Helmet|[of] p1a: Wacko\n|faint|p1a: Wacko\n|\n|-damage|p2a: husband|0 fnt|[from] Curse\n|faint|p2a: husband\n|upkeep\n|c|\u2606mannmilk|and wife\n|\n|t:|1699760560\n|switch|p2a: and wife|Froslass, F|100\/100\n|switch|p1a: Woah|Gourgeist-Small, F|26\/100\n|turn|5\n|\n|t:|1699760571\n|move|p2a: and wife|Ice Beam|p1a: Woah\n|-supereffective|p1a: Woah\n|-damage|p1a: Woah|0 fnt\n|faint|p1a: Woah\n|\n|upkeep\n|\n|t:|1699760577\n|switch|p1a: Mr.Sneef Snorf|Hypno, M|100\/100\n|turn|6\n|\n|t:|1699760582\n|move|p2a: and wife|Taunt|p1a: Mr.Sneef Snorf\n|-start|p1a: Mr.Sneef Snorf|move: Taunt\n|cant|p1a: Mr.Sneef Snorf|move: Taunt|Hypnosis\n|\n|upkeep\n|turn|7\n|\n|t:|1699760589\n|move|p2a: and wife|Shadow Ball|p1a: Mr.Sneef Snorf\n|-supereffective|p1a: Mr.Sneef Snorf\n|-damage|p1a: Mr.Sneef Snorf|48\/100\n|-unboost|p1a: Mr.Sneef Snorf|spd|1\n|-activate|p1a: Mr.Sneef Snorf|move: Struggle\n|move|p1a: Mr.Sneef Snorf|Struggle|p2a: and wife\n|-damage|p2a: and wife|89\/100\n|-damage|p1a: Mr.Sneef Snorf|24\/100|[from] recoil\n|\n|upkeep\n|turn|8\n|c|\u2606mannmilk|dont care\n|c|\u2606mannmilk|aw\n|\n|t:|1699760600\n|switch|p1a: Blorbert|Lickilicky, M, shiny|100\/100\n|move|p2a: and wife|Shadow Ball|p1a: Blorbert\n|-immune|p1a: Blorbert\n|\n|upkeep\n|turn|9\n|\n|t:|1699760609\n|move|p2a: and wife|Taunt|p1a: Blorbert\n|-immune|p1a: Blorbert|[from] ability: Oblivious\n|move|p1a: Blorbert|Disable|p2a: and wife\n|-start|p2a: and wife|Disable|Taunt\n|\n|upkeep\n|turn|10\n|\n|t:|1699760618\n|move|p2a: and wife|Ice Beam|p1a: Blorbert\n|-damage|p1a: Blorbert|72\/100\n|-status|p1a: Blorbert|frz\n|cant|p1a: Blorbert|frz\n|\n|upkeep\n|turn|11\n|c|\u2606mannmilk|lol\n|c|\u2606mannmilk|all according to plan\n|\n|t:|1699760634\n|switch|p2a: Spiritomb|Spiritomb, F|100\/100\n|-ability|p2a: Spiritomb|Pressure\n|cant|p1a: Blorbert|frz\n|\n|upkeep\n|turn|12\n|\n|t:|1699760642\n|cant|p1a: Blorbert|frz\n|move|p2a: Spiritomb|Curse|p1a: Blorbert\n|-start|p1a: Blorbert|Curse|[of] p2a: Spiritomb\n|-damage|p2a: Spiritomb|51\/100\n|\n|-damage|p1a: Blorbert|47\/100 frz|[from] Curse\n|upkeep\n|turn|13\n|\n|t:|1699760652\n|switch|p1a: Blipper|Lapras, M|100\/100\n|move|p2a: Spiritomb|Pain Split|p1a: Blipper\n|-sethp|p1a: Blipper|63\/100|[from] move: Pain Split|[silent]\n|-sethp|p2a: Spiritomb|100\/100|[from] move: Pain Split\n|\n|-heal|p1a: Blipper|70\/100|[from] item: Leftovers\n|upkeep\n|turn|14\n|\n|t:|1699760664\n|move|p1a: Blipper|Confuse Ray|p2a: Spiritomb\n|-start|p2a: Spiritomb|confusion\n|-activate|p2a: Spiritomb|confusion\n|move|p2a: Spiritomb|Curse|p1a: Blipper\n|-start|p1a: Blipper|Curse|[of] p2a: Spiritomb\n|-damage|p2a: Spiritomb|51\/100\n|\n|-heal|p1a: Blipper|76\/100|[from] item: Leftovers\n|-damage|p1a: Blipper|51\/100|[from] Curse\n|upkeep\n|turn|15\n|\n|t:|1699760677\n|switch|p1a: Mr.Sneef Snorf|Hypno, M|24\/100\n|-end|p2a: Spiritomb|confusion\n|move|p2a: Spiritomb|Pain Split|p1a: Mr.Sneef Snorf\n|-sethp|p1a: Mr.Sneef Snorf|28\/100|[from] move: Pain Split|[silent]\n|-sethp|p2a: Spiritomb|43\/100|[from] move: Pain Split\n|\n|upkeep\n|turn|16\n|\n|t:|1699760691\n|switch|p2a: and wife|Froslass, F|89\/100\n|move|p1a: Mr.Sneef Snorf|Hypnosis|p2a: and wife\n|-status|p2a: and wife|slp|[from] move: Hypnosis\n|\n|upkeep\n|turn|17\n|c|\u2606mannmilk|uh oh\n|\n|t:|1699760702\n|cant|p2a: and wife|slp\n|move|p1a: Mr.Sneef Snorf|Nightmare|p2a: and wife\n|-start|p2a: and wife|Nightmare\n|\n|-damage|p2a: and wife|64\/100 slp|[from] Nightmare\n|upkeep\n|turn|18\n|c|\u2606mannmilk|hahahah\n|c|\u2606mannmilk|sick set\n|\n|t:|1699760713\n|cant|p2a: and wife|slp\n|move|p1a: Mr.Sneef Snorf|Rest|p1a: Mr.Sneef Snorf\n|-fail|p1a: Mr.Sneef Snorf|[from] ability: Insomnia|[of] p1a: Mr.Sneef Snorf\n|\n|-damage|p2a: and wife|39\/100 slp|[from] Nightmare\n|upkeep\n|turn|19\n|c|\u2606mannmilk|?\n|c|\u2606the person people|I forgor\n|c|\u2606mannmilk|welp\n|\n|t:|1699760732\n|switch|p1a: Bloobert|Dragonite, M|100\/100\n|cant|p2a: and wife|slp\n|\n|-damage|p2a: and wife|14\/100 slp|[from] Nightmare\n|upkeep\n|turn|20\n|c|\u2606mannmilk|WAKE UP\n|\n|t:|1699760741\n|-curestatus|p2a: and wife|slp|[msg]\n|-end|p2a: and wife|Nightmare|[silent]\n|move|p2a: and wife|Destiny Bond|p2a: and wife\n|-singlemove|p2a: and wife|Destiny Bond\n|move|p1a: Bloobert|Dual Wingbeat|p2a: and wife\n|-damage|p2a: and wife|0 fnt\n|faint|p2a: and wife\n|-activate|p2a: and wife|move: Destiny Bond\n|faint|p1a: Bloobert\n|-hitcount|p2: and wife|1\n|\n|upkeep\n|c|\u2606the person people|Lol nice\n|\n|t:|1699760760\n|switch|p2a: Spiritomb|Spiritomb, F|43\/100\n|switch|p1a: Mr.Sneef Snorf|Hypno, M|28\/100\n|-ability|p2a: Spiritomb|Pressure\n|turn|21\n|\n|t:|1699760773\n|move|p1a: Mr.Sneef Snorf|Hypnosis|p2a: Spiritomb\n|-status|p2a: Spiritomb|slp|[from] move: Hypnosis\n|cant|p2a: Spiritomb|slp\n|\n|upkeep\n|turn|22\n|\n|t:|1699760779\n|switch|p2a: Rabsca|Rabsca, M|100\/100\n|move|p1a: Mr.Sneef Snorf|Nightmare||[still]\n|-fail|p1a: Mr.Sneef Snorf\n|\n|upkeep\n|turn|23\n|\n|t:|1699760786\n|move|p1a: Mr.Sneef Snorf|Hypnosis|p2a: Rabsca\n|-message|Sleep Clause Mod activated.\n|-hint|Sleep Clause Mod prevents players from putting more than one of their opponent's Pok\u00e9mon to sleep at a time\n|move|p2a: Rabsca|Bug Buzz|p1a: Mr.Sneef Snorf\n|-supereffective|p1a: Mr.Sneef Snorf\n|-damage|p1a: Mr.Sneef Snorf|0 fnt\n|faint|p1a: Mr.Sneef Snorf\n|\n|upkeep\n|\n|t:|1699760796\n|switch|p1a: Blorbert|Lickilicky, M, shiny|47\/100 frz\n|turn|24\n|\n|t:|1699760802\n|cant|p1a: Blorbert|frz\n|move|p2a: Rabsca|Trick Room|p2a: Rabsca\n|-fieldstart|move: Trick Room|[of] p2a: Rabsca\n|\n|upkeep\n|turn|25\n|c|\u2606the person people|Blobert must die\n|\n|t:|1699760812\n|move|p2a: Rabsca|Psychic|p1a: Blorbert\n|-damage|p1a: Blorbert|5\/100 frz\n|cant|p1a: Blorbert|frz\n|\n|upkeep\n|turn|26\n|c|\u2606mannmilk|rematch after this?\n|c|\u2606mannmilk|i have a team with lickilicky too\n|c|\u2606mannmilk|hes my favorite\n|\n|t:|1699760824\n|move|p2a: Rabsca|Psychic|p1a: Blorbert\n|-damage|p1a: Blorbert|0 fnt\n|faint|p1a: Blorbert\n|\n|upkeep\n|c|\u2606the person people|Sure\n|c|\u2606the person people|Gotta fix hypno tho\n|\n|t:|1699760850\n|switch|p1a: Blipper|Lapras, M|51\/100\n|turn|27\n|c|\u2606mannmilk|ya haha\n|\n|t:|1699760858\n|move|p2a: Rabsca|Revival Blessing|p2a: Rabsca\n|-enditem|p2a: Rabsca|Leppa Berry|[eat]\n|-activate|p2a: Rabsca|item: Leppa Berry|Revival Blessing|[consumed]\n|\n|t:|1699760861\n|-heal|p2: husband|50\/100|[from] move: Revival Blessing\n|move|p1a: Blipper|Dive||[still]\n|-prepare|p1a: Blipper|Dive\n|\n|-heal|p1a: Blipper|57\/100|[from] item: Leftovers\n|upkeep\n|turn|28\n|\n|t:|1699760869\n|move|p2a: Rabsca|Revival Blessing|p2a: Rabsca\n|\n|t:|1699760871\n|-heal|p2: and wife|50\/100|[from] move: Revival Blessing\n|move|p1a: Blipper|Dive|p2a: Rabsca|[from]lockedmove\n|-damage|p2a: Rabsca|74\/100\n|\n|-heal|p1a: Blipper|63\/100|[from] item: Leftovers\n|-fieldend|move: Trick Room\n|upkeep\n|turn|29\n|\n|t:|1699760882\n|move|p1a: Blipper|Dive||[still]\n|-prepare|p1a: Blipper|Dive\n|move|p2a: Rabsca|Trick Room|p2a: Rabsca\n|-fieldstart|move: Trick Room|[of] p2a: Rabsca\n|\n|-heal|p1a: Blipper|70\/100|[from] item: Leftovers\n|upkeep\n|turn|30\n|\n|t:|1699760892\n|switch|p2a: Spiritomb|Spiritomb, F|43\/100 slp\n|-ability|p2a: Spiritomb|Pressure\n|move|p1a: Blipper|Dive|p2a: Spiritomb|[from]lockedmove\n|-damage|p2a: Spiritomb|17\/100 slp\n|\n|-heal|p1a: Blipper|76\/100|[from] item: Leftovers\n|upkeep\n|turn|31\n|-enditem|p2a: Spiritomb|Custap Berry|[eat]\n|-activate|p2a: Spiritomb|item: Custap Berry|[consumed]\n|\n|t:|1699760902\n|cant|p2a: Spiritomb|slp\n|move|p1a: Blipper|Dive||[still]\n|-prepare|p1a: Blipper|Dive\n|\n|-heal|p1a: Blipper|82\/100|[from] item: Leftovers\n|upkeep\n|turn|32\n|\n|t:|1699760911\n|-curestatus|p2a: Spiritomb|slp|[msg]\n|move|p2a: Spiritomb|Destiny Bond|p2a: Spiritomb\n|-singlemove|p2a: Spiritomb|Destiny Bond\n|move|p1a: Blipper|Dive|p2a: Spiritomb|[from]lockedmove\n|-damage|p2a: Spiritomb|0 fnt\n|faint|p2a: Spiritomb\n|-activate|p2a: Spiritomb|move: Destiny Bond\n|faint|p1a: Blipper\n|\n|win|mannmilk\n|raw|the person people's rating: 1005 &rarr; <strong>1000<\/strong><br \/>(-5 for losing)\n|raw|mannmilk's rating: 1120 &rarr; <strong>1137<\/strong><br \/>(+17 for winning)\n","uploadtime":1699760811,"views":4,"p1id":"thepersonpeople","p2id":"mannmilk","formatid":"gen9nationaldex","rating":1000,"private":0,"password":""}