{"id":"gen9nationaldex-1996229262","p1":"Secondworldproblem","p2":"rain and morring","format":"[Gen 9] National Dex","log":"|html|<div class=\"broadcast-blue\"><strong>[Gen 9] National Dex is currently suspecting Sneasler! For information on how to participate check out the <a href=\"https:\/\/www.smogon.com\/forums\/threads\/sv-national-dex-suspect-8-just-dance.3731534\/\">suspect thread<\/a>.<\/strong><\/div>\n|j|\u2606Secondworldproblem\n|j|\u2606rain and morring\n|t:|1700661740\n|gametype|singles\n|player|p1|Secondworldproblem|swimmer-gen4|1357\n|player|p2|rain and morring|265|1306\n|teamsize|p1|6\n|teamsize|p2|6\n|gen|9\n|tier|[Gen 9] National Dex\n|rated|\n|rule|HP Percentage Mod: HP is shown in percentages\n|rule|Endless Battle Clause: Forcing endless battles is banned\n|rule|OHKO Clause: OHKO moves are banned\n|rule|Evasion Clause: Evasion abilities, items, and moves are banned\n|rule|Evasion Abilities Clause: Evasion abilities are banned\n|rule|Evasion Items Clause: Evasion items are banned\n|rule|Evasion Moves Clause: Evasion moves are banned\n|rule|Species Clause: Limit one of each Pok\u00e9mon\n|rule|Sleep Clause Mod: Limit one foe put to sleep\n|clearpoke\n|poke|p1|Centiskorch, M|\n|poke|p1|Volcarona, M|\n|poke|p1|Pinsir, F|\n|poke|p1|Forretress, M|\n|poke|p1|Kleavor, F|\n|poke|p1|Buzzwole|\n|poke|p2|Tapu Koko|\n|poke|p2|Scizor, M|\n|poke|p2|Iron Moth|\n|poke|p2|Ursaluna, M|\n|poke|p2|Toxapex, F|\n|poke|p2|Hydreigon, F|\n|teampreview\n|inactive|Battle timer is ON: inactive players will automatically lose when time's up. (requested by Secondworldproblem)\n|\n|t:|1700661747\n|start\n|switch|p1a: Thunderously|Buzzwole, shiny|100\/100\n|switch|p2a: Tapu Koko|Tapu Koko|100\/100\n|-fieldstart|move: Electric Terrain|[from] ability: Electric Surge|[of] p2a: Tapu Koko\n|turn|1\n|\n|t:|1700661756\n|switch|p1a: Forretress|Forretress, M|100\/100\n|move|p2a: Tapu Koko|Dazzling Gleam|p1a: Forretress\n|-resisted|p1a: Forretress\n|-damage|p1a: Forretress|63\/100\n|\n|upkeep\n|turn|2\n|\n|t:|1700661767\n|switch|p2a: Iron Moth|Iron Moth|100\/100\n|-activate|p2a: Iron Moth|ability: Quark Drive\n|-start|p2a: Iron Moth|quarkdrivespe\n|move|p1a: Forretress|Gyro Ball|p2a: Iron Moth\n|-resisted|p2a: Iron Moth\n|-damage|p2a: Iron Moth|62\/100\n|\n|upkeep\n|turn|3\n|\n|t:|1700661781\n|switch|p1a: Centiskorch|Centiskorch, M|100\/100\n|move|p2a: Iron Moth|Fiery Dance|p1a: Centiskorch\n|-start|p1a: Centiskorch|ability: Flash Fire\n|\n|upkeep\n|turn|4\n|inactive|rain and morring has 120 seconds left.\n|\n|t:|1700661818\n|-terastallize|p1a: Centiskorch|Steel\n|move|p2a: Iron Moth|Discharge|p1a: Centiskorch\n|-damage|p1a: Centiskorch|76\/100\n|move|p1a: Centiskorch|Coil|p1a: Centiskorch\n|-boost|p1a: Centiskorch|atk|1\n|-boost|p1a: Centiskorch|def|1\n|-boost|p1a: Centiskorch|accuracy|1\n|\n|-heal|p1a: Centiskorch|83\/100|[from] item: Leftovers\n|upkeep\n|turn|5\n|inactive|rain and morring has 120 seconds left.\n|\n|t:|1700661829\n|-end|p2a: Iron Moth|Quark Drive|[silent]\n|switch|p2a: Ursaluna|Ursaluna, M|100\/100\n|move|p1a: Centiskorch|Fire Lash|p2a: Ursaluna\n|-damage|p2a: Ursaluna|46\/100\n|-unboost|p2a: Ursaluna|def|1\n|\n|-heal|p1a: Centiskorch|89\/100|[from] item: Leftovers\n|-fieldend|move: Electric Terrain\n|-status|p2a: Ursaluna|brn|[from] item: Flame Orb\n|upkeep\n|turn|6\n|inactive|rain and morring has 120 seconds left.\n|\n|t:|1700661836\n|switch|p2a: Toxapex|Toxapex, F|100\/100\n|move|p1a: Centiskorch|Fire Lash|p2a: Toxapex\n|-resisted|p2a: Toxapex\n|-damage|p2a: Toxapex|80\/100\n|\n|-heal|p1a: Centiskorch|95\/100|[from] item: Leftovers\n|upkeep\n|turn|7\n|inactive|rain and morring has 120 seconds left.\n|\n|t:|1700661850\n|move|p1a: Centiskorch|Fire Lash|p2a: Toxapex\n|-resisted|p2a: Toxapex\n|-damage|p2a: Toxapex|58\/100\n|move|p2a: Toxapex|Haze|p2a: Toxapex\n|-clearallboost\n|\n|-heal|p1a: Centiskorch|100\/100|[from] item: Leftovers\n|upkeep\n|turn|8\n|\n|t:|1700661860\n|move|p1a: Centiskorch|Will-O-Wisp|p2a: Toxapex\n|-status|p2a: Toxapex|brn\n|move|p2a: Toxapex|Scald|p1a: Centiskorch\n|-damage|p1a: Centiskorch|89\/100\n|\n|-heal|p1a: Centiskorch|96\/100|[from] item: Leftovers\n|-damage|p2a: Toxapex|52\/100 brn|[from] brn\n|upkeep\n|turn|9\n|\n|t:|1700661873\n|move|p1a: Centiskorch|Coil|p1a: Centiskorch\n|-boost|p1a: Centiskorch|atk|1\n|-boost|p1a: Centiskorch|def|1\n|-boost|p1a: Centiskorch|accuracy|1\n|move|p2a: Toxapex|Recover|p2a: Toxapex\n|-heal|p2a: Toxapex|100\/100 brn\n|\n|-heal|p1a: Centiskorch|100\/100|[from] item: Leftovers\n|-damage|p2a: Toxapex|95\/100 brn|[from] brn\n|upkeep\n|turn|10\n|\n|t:|1700661880\n|move|p1a: Centiskorch|Fire Lash|p2a: Toxapex\n|-resisted|p2a: Toxapex\n|-damage|p2a: Toxapex|74\/100 brn\n|move|p2a: Toxapex|Scald|p1a: Centiskorch\n|-damage|p1a: Centiskorch|90\/100\n|\n|-heal|p1a: Centiskorch|96\/100|[from] item: Leftovers\n|-damage|p2a: Toxapex|68\/100 brn|[from] brn\n|upkeep\n|turn|11\n|\n|t:|1700661889\n|-end|p1a: Centiskorch|ability: Flash Fire|[silent]\n|switch|p1a: Forretress|Forretress, M|63\/100\n|move|p2a: Toxapex|Haze|p2a: Toxapex\n|-clearallboost\n|\n|-damage|p2a: Toxapex|62\/100 brn|[from] brn\n|upkeep\n|turn|12\n|\n|t:|1700661894\n|switch|p2a: Hydreigon|Hydreigon, F|100\/100\n|move|p1a: Forretress|Spikes|p2a: Hydreigon\n|-sidestart|p2: rain and morring|Spikes\n|\n|upkeep\n|turn|13\n|\n|t:|1700661902\n|move|p2a: Hydreigon|Taunt|p1a: Forretress\n|-start|p1a: Forretress|move: Taunt\n|move|p1a: Forretress|Body Press|p2a: Hydreigon\n|-supereffective|p2a: Hydreigon\n|-damage|p2a: Hydreigon|38\/100\n|\n|-heal|p2a: Hydreigon|45\/100|[from] item: Leftovers\n|upkeep\n|turn|14\n|\n|t:|1700661911\n|move|p2a: Hydreigon|Stealth Rock|p1a: Forretress\n|-sidestart|p1: Secondworldproblem|move: Stealth Rock\n|move|p1a: Forretress|Body Press|p2a: Hydreigon\n|-supereffective|p2a: Hydreigon\n|-damage|p2a: Hydreigon|0 fnt\n|faint|p2a: Hydreigon\n|\n|upkeep\n|\n|t:|1700661914\n|switch|p2a: Tapu Koko|Tapu Koko|100\/100\n|-damage|p2a: Tapu Koko|88\/100|[from] Spikes\n|-fieldstart|move: Electric Terrain|[from] ability: Electric Surge|[of] p2a: Tapu Koko\n|turn|15\n|\n|t:|1700661918\n|move|p2a: Tapu Koko|Volt Switch|p1a: Forretress\n|-damage|p1a: Forretress|0 fnt\n|faint|p1a: Forretress\n|\n|t:|1700661922\n|switch|p2a: Iron Moth|Iron Moth|62\/100|[from] Volt Switch\n|-activate|p2a: Iron Moth|ability: Quark Drive\n|-start|p2a: Iron Moth|quarkdrivespe\n|\n|upkeep\n|\n|t:|1700661934\n|switch|p1a: Volcarona|Volcarona, M|100\/100\n|turn|16\n|\n|t:|1700661940\n|switch|p1a: Centiskorch|Centiskorch, M, tera:Steel|96\/100\n|-damage|p1a: Centiskorch|90\/100|[from] Stealth Rock\n|move|p2a: Iron Moth|Fiery Dance|p1a: Centiskorch\n|-start|p1a: Centiskorch|ability: Flash Fire\n|\n|-heal|p1a: Centiskorch|96\/100|[from] item: Leftovers\n|upkeep\n|turn|17\n|\n|t:|1700661947\n|-end|p2a: Iron Moth|Quark Drive|[silent]\n|switch|p2a: Toxapex|Toxapex, F|96\/100 brn\n|-damage|p2a: Toxapex|83\/100 brn|[from] Spikes\n|move|p1a: Centiskorch|Fire Lash|p2a: Toxapex\n|-resisted|p2a: Toxapex\n|-damage|p2a: Toxapex|68\/100 brn\n|\n|-heal|p1a: Centiskorch|100\/100|[from] item: Leftovers\n|-damage|p2a: Toxapex|63\/100 brn|[from] brn\n|upkeep\n|turn|18\n|\n|t:|1700661955\n|move|p1a: Centiskorch|Fire Lash|p2a: Toxapex\n|-resisted|p2a: Toxapex\n|-damage|p2a: Toxapex|49\/100 brn\n|move|p2a: Toxapex|Scald|p1a: Centiskorch\n|-damage|p1a: Centiskorch|89\/100\n|-status|p1a: Centiskorch|brn\n|\n|-heal|p1a: Centiskorch|96\/100 brn|[from] item: Leftovers\n|-damage|p1a: Centiskorch|89\/100 brn|[from] brn\n|-damage|p2a: Toxapex|43\/100 brn|[from] brn\n|upkeep\n|turn|19\n|\n|t:|1700661970\n|-end|p1a: Centiskorch|ability: Flash Fire|[silent]\n|switch|p1a: Thunderously|Buzzwole, shiny|100\/100\n|-damage|p1a: Thunderously|88\/100|[from] Stealth Rock\n|move|p2a: Toxapex|Recover|p2a: Toxapex\n|-heal|p2a: Toxapex|93\/100 brn\n|\n|-damage|p2a: Toxapex|87\/100 brn|[from] brn\n|-fieldend|move: Electric Terrain\n|upkeep\n|turn|20\n|\n|t:|1700661977\n|move|p1a: Thunderously|Dynamic Punch|p2a: Toxapex\n|-resisted|p2a: Toxapex\n|-damage|p2a: Toxapex|68\/100 brn\n|move|p2a: Toxapex|Toxic|p1a: Thunderously\n|-status|p1a: Thunderously|tox\n|\n|-damage|p1a: Thunderously|82\/100 tox|[from] psn\n|-damage|p2a: Toxapex|63\/100 brn|[from] brn\n|upkeep\n|turn|21\n|\n|t:|1700661984\n|move|p1a: Thunderously|Earthquake|p2a: Toxapex\n|-supereffective|p2a: Toxapex\n|-damage|p2a: Toxapex|12\/100 brn\n|move|p2a: Toxapex|Recover|p2a: Toxapex\n|-heal|p2a: Toxapex|62\/100 brn\n|\n|-damage|p1a: Thunderously|70\/100 tox|[from] psn\n|-damage|p2a: Toxapex|56\/100 brn|[from] brn\n|upkeep\n|turn|22\n|\n|t:|1700661989\n|switch|p2a: Scizor|Scizor, M|100\/100\n|-damage|p2a: Scizor|88\/100|[from] Spikes\n|move|p1a: Thunderously|Earthquake|p2a: Scizor\n|-damage|p2a: Scizor|60\/100\n|\n|-damage|p1a: Thunderously|51\/100 tox|[from] psn\n|upkeep\n|turn|23\n|\n|t:|1700662000\n|detailschange|p2a: Scizor|Scizor-Mega, M\n|-mega|p2a: Scizor|Scizor|Scizorite\n|move|p1a: Thunderously|Dynamic Punch|p2a: Scizor|[miss]\n|-miss|p1a: Thunderously|p2a: Scizor\n|-enditem|p1a: Thunderously|Blunder Policy\n|-boost|p1a: Thunderously|spe|2\n|move|p2a: Scizor|Roost|p2a: Scizor\n|-heal|p2a: Scizor|100\/100\n|-singleturn|p2a: Scizor|move: Roost\n|\n|-damage|p1a: Thunderously|26\/100 tox|[from] psn\n|upkeep\n|turn|24\n|\n|t:|1700662005\n|move|p1a: Thunderously|Dynamic Punch|p2a: Scizor|[miss]\n|-miss|p1a: Thunderously|p2a: Scizor\n|move|p2a: Scizor|U-turn|p1a: Thunderously\n|-resisted|p1a: Thunderously\n|-damage|p1a: Thunderously|15\/100 tox\n|\n|t:|1700662009\n|switch|p2a: Tapu Koko|Tapu Koko|88\/100|[from] U-turn\n|-damage|p2a: Tapu Koko|76\/100|[from] Spikes\n|-fieldstart|move: Electric Terrain|[from] ability: Electric Surge|[of] p2a: Tapu Koko\n|\n|-damage|p1a: Thunderously|0 fnt|[from] psn\n|faint|p1a: Thunderously\n|upkeep\n|\n|t:|1700662020\n|switch|p1a: Volcarona|Volcarona, M|100\/100\n|turn|25\n|\n|t:|1700662025\n|move|p2a: Tapu Koko|Thunderbolt|p1a: Volcarona\n|-damage|p1a: Volcarona|33\/100\n|-status|p1a: Volcarona|par\n|move|p1a: Volcarona|Quiver Dance|p1a: Volcarona\n|-boost|p1a: Volcarona|spa|1\n|-boost|p1a: Volcarona|spd|1\n|-boost|p1a: Volcarona|spe|1\n|\n|upkeep\n|turn|26\n|\n|t:|1700662029\n|move|p2a: Tapu Koko|Thunderbolt|p1a: Volcarona\n|-damage|p1a: Volcarona|0 fnt\n|faint|p1a: Volcarona\n|\n|upkeep\n|\n|t:|1700662034\n|switch|p1a: Kleavor|Kleavor, F|100\/100\n|-damage|p1a: Kleavor|76\/100|[from] Stealth Rock\n|turn|27\n|\n|t:|1700662055\n|move|p1a: Kleavor|Stone Axe|p2a: Tapu Koko\n|-damage|p2a: Tapu Koko|9\/100\n|-sidestart|p2: rain and morring|move: Stealth Rock\n|move|p2a: Tapu Koko|Thunderbolt|p1a: Kleavor\n|-damage|p1a: Kleavor|0 fnt\n|faint|p1a: Kleavor\n|\n|upkeep\n|\n|t:|1700662060\n|switch|p1a: Pinsir|Pinsir, F|100\/100\n|-damage|p1a: Pinsir|76\/100|[from] Stealth Rock\n|turn|28\n|\n|t:|1700662064\n|move|p1a: Pinsir|Quick Attack|p2a: Tapu Koko\n|-damage|p2a: Tapu Koko|0 fnt\n|faint|p2a: Tapu Koko\n|-ability|p1a: Pinsir|Moxie|boost\n|-boost|p1a: Pinsir|atk|1\n|\n|-fieldend|move: Electric Terrain\n|upkeep\n|\n|t:|1700662070\n|switch|p2a: Scizor|Scizor-Mega, M|100\/100\n|-damage|p2a: Scizor|88\/100|[from] Spikes\n|-damage|p2a: Scizor|76\/100|[from] Stealth Rock\n|turn|29\n|\n|t:|1700662075\n|detailschange|p1a: Pinsir|Pinsir-Mega, F\n|-mega|p1a: Pinsir|Pinsir|Pinsirite\n|move|p1a: Pinsir|Frustration|p2a: Scizor\n|-damage|p2a: Scizor|19\/100\n|move|p2a: Scizor|Defog|p1a: Pinsir\n|-unboost|p1a: Pinsir|evasion|1\n|-sideend|p1: Secondworldproblem|Stealth Rock|[from] move: Defog|[of] p2a: Scizor\n|-sideend|p2: rain and morring|Spikes|[from] move: Defog|[of] p2a: Scizor\n|-sideend|p2: rain and morring|Stealth Rock|[from] move: Defog|[of] p2a: Scizor\n|\n|upkeep\n|turn|30\n|\n|t:|1700662084\n|move|p1a: Pinsir|Quick Attack|p2a: Scizor\n|-damage|p2a: Scizor|0 fnt\n|faint|p2a: Scizor\n|\n|upkeep\n|\n|t:|1700662093\n|switch|p2a: Toxapex|Toxapex, F|89\/100 brn\n|turn|31\n|\n|t:|1700662097\n|move|p1a: Pinsir|Earthquake|p2a: Toxapex\n|-supereffective|p2a: Toxapex\n|-damage|p2a: Toxapex|19\/100 brn\n|move|p2a: Toxapex|Toxic|p1a: Pinsir\n|-status|p1a: Pinsir|tox\n|\n|-damage|p1a: Pinsir|70\/100 tox|[from] psn\n|-damage|p2a: Toxapex|13\/100 brn|[from] brn\n|upkeep\n|turn|32\n|\n|t:|1700662103\n|move|p1a: Pinsir|Earthquake|p2a: Toxapex\n|-supereffective|p2a: Toxapex\n|-damage|p2a: Toxapex|0 fnt\n|faint|p2a: Toxapex\n|\n|-damage|p1a: Pinsir|58\/100 tox|[from] psn\n|upkeep\n|\n|t:|1700662104\n|switch|p2a: Iron Moth|Iron Moth|62\/100\n|turn|33\n|\n|t:|1700662111\n|switch|p1a: Centiskorch|Centiskorch, M, tera:Steel|89\/100 brn\n|-terastallize|p2a: Iron Moth|Grass\n|move|p2a: Iron Moth|Discharge|p1a: Centiskorch\n|-damage|p1a: Centiskorch|70\/100 brn\n|\n|-heal|p1a: Centiskorch|76\/100 brn|[from] item: Leftovers\n|-damage|p1a: Centiskorch|70\/100 brn|[from] brn\n|upkeep\n|turn|34\n|\n|t:|1700662119\n|move|p2a: Iron Moth|Discharge|p1a: Centiskorch\n|-damage|p1a: Centiskorch|52\/100 brn\n|move|p1a: Centiskorch|Fire Lash|p2a: Iron Moth\n|-supereffective|p2a: Iron Moth\n|-damage|p2a: Iron Moth|11\/100\n|-unboost|p2a: Iron Moth|def|1\n|\n|-heal|p1a: Centiskorch|58\/100 brn|[from] item: Leftovers\n|-damage|p1a: Centiskorch|52\/100 brn|[from] brn\n|upkeep\n|turn|35\n|\n|t:|1700662128\n|move|p2a: Iron Moth|Discharge|p1a: Centiskorch\n|-damage|p1a: Centiskorch|35\/100 brn\n|move|p1a: Centiskorch|Fire Lash|p2a: Iron Moth\n|-supereffective|p2a: Iron Moth\n|-damage|p2a: Iron Moth|0 fnt\n|faint|p2a: Iron Moth\n|-end|p2a: Iron Moth|Quark Drive|[silent]\n|\n|-heal|p1a: Centiskorch|41\/100 brn|[from] item: Leftovers\n|-damage|p1a: Centiskorch|35\/100 brn|[from] brn\n|upkeep\n|\n|t:|1700662131\n|switch|p2a: Ursaluna|Ursaluna, M|46\/100 brn\n|turn|36\n|\n|t:|1700662138\n|move|p2a: Ursaluna|Facade|p1a: Centiskorch\n|-resisted|p1a: Centiskorch\n|-damage|p1a: Centiskorch|0 fnt\n|faint|p1a: Centiskorch\n|\n|-damage|p2a: Ursaluna|40\/100 brn|[from] brn\n|upkeep\n|\n|t:|1700662143\n|switch|p1a: Pinsir|Pinsir-Mega, F|58\/100 tox\n|turn|37\n|\n|t:|1700662148\n|move|p1a: Pinsir|Close Combat|p2a: Ursaluna\n|-supereffective|p2a: Ursaluna\n|-damage|p2a: Ursaluna|0 fnt\n|-unboost|p1a: Pinsir|def|1\n|-unboost|p1a: Pinsir|spd|1\n|faint|p2a: Ursaluna\n|\n|win|Secondworldproblem\n|raw|Secondworldproblem's rating: 1357 &rarr; <strong>1374<\/strong><br \/>(+17 for winning)\n|raw|rain and morring's rating: 1306 &rarr; <strong>1289<\/strong><br \/>(-17 for losing)\n","uploadtime":1700662165,"views":2,"p1id":"secondworldproblem","p2id":"rainandmorring","formatid":"gen9nationaldex","rating":1289,"private":0,"password":""}