{"id":"gen9nationaldex-1990302933","p1":"1Jacklot","p2":"merfa","format":"[Gen 9] National Dex","log":"|j|\u26061Jacklot\n|j|\u2606merfa\n|t:|1699953591\n|gametype|singles\n|player|p1|1Jacklot|hilda|1073\n|player|p2|merfa|lass-gen4dp|1049\n|teamsize|p1|6\n|teamsize|p2|6\n|gen|9\n|tier|[Gen 9] National Dex\n|rated|\n|rule|HP Percentage Mod: HP is shown in percentages\n|rule|Endless Battle Clause: Forcing endless battles is banned\n|rule|OHKO Clause: OHKO moves are banned\n|rule|Evasion Clause: Evasion abilities, items, and moves are banned\n|rule|Evasion Abilities Clause: Evasion abilities are banned\n|rule|Evasion Items Clause: Evasion items are banned\n|rule|Evasion Moves Clause: Evasion moves are banned\n|rule|Species Clause: Limit one of each Pok\u00e9mon\n|rule|Sleep Clause Mod: Limit one foe put to sleep\n|clearpoke\n|poke|p1|Samurott, F|\n|poke|p1|Leavanny, M|\n|poke|p1|Unfezant, F|\n|poke|p1|Gigalith, M|\n|poke|p1|Galvantula, F|\n|poke|p1|Haxorus, M|\n|poke|p2|Manaphy|\n|poke|p2|Durant, M|\n|poke|p2|Bewear, F|\n|poke|p2|Swellow, M|\n|poke|p2|Appletun, F|\n|poke|p2|Diancie|\n|teampreview\n|\n|t:|1699953599\n|start\n|switch|p1a: Samurott|Samurott, F|100\/100\n|switch|p2a: Appletun|Appletun, F|100\/100\n|turn|1\n|\n|t:|1699953602\n|move|p1a: Samurott|Ice Beam|p2a: Appletun\n|-supereffective|p2a: Appletun\n|-damage|p2a: Appletun|57\/100\n|move|p2a: Appletun|Leech Seed|p1a: Samurott\n|-start|p1a: Samurott|move: Leech Seed\n|\n|-heal|p2a: Appletun|63\/100|[from] item: Leftovers\n|-damage|p1a: Samurott|88\/100|[from] Leech Seed|[of] p2a: Appletun\n|-heal|p2a: Appletun|75\/100|[silent]\n|upkeep\n|turn|2\n|\n|t:|1699953608\n|move|p1a: Samurott|Ice Beam|p2a: Appletun\n|-supereffective|p2a: Appletun\n|-damage|p2a: Appletun|30\/100\n|move|p2a: Appletun|Iron Defense|p2a: Appletun\n|-boost|p2a: Appletun|def|2\n|\n|-heal|p2a: Appletun|37\/100|[from] item: Leftovers\n|-damage|p1a: Samurott|76\/100|[from] Leech Seed|[of] p2a: Appletun\n|-heal|p2a: Appletun|48\/100|[silent]\n|upkeep\n|turn|3\n|\n|t:|1699953614\n|move|p1a: Samurott|Ice Beam|p2a: Appletun\n|-supereffective|p2a: Appletun\n|-damage|p2a: Appletun|1\/100\n|-status|p2a: Appletun|frz\n|cant|p2a: Appletun|frz\n|\n|-heal|p2a: Appletun|7\/100 frz|[from] item: Leftovers\n|-damage|p1a: Samurott|63\/100|[from] Leech Seed|[of] p2a: Appletun\n|-heal|p2a: Appletun|19\/100 frz|[silent]\n|upkeep\n|turn|4\n|\n|t:|1699953629\n|switch|p1a: Leavanny|Leavanny, M|100\/100\n|cant|p2a: Appletun|frz\n|\n|-heal|p2a: Appletun|25\/100 frz|[from] item: Leftovers\n|upkeep\n|turn|5\n|\n|t:|1699953636\n|move|p1a: Leavanny|Fell Stinger|p2a: Appletun\n|-supereffective|p2a: Appletun\n|-damage|p2a: Appletun|3\/100 frz\n|cant|p2a: Appletun|frz\n|\n|-heal|p2a: Appletun|9\/100 frz|[from] item: Leftovers\n|upkeep\n|turn|6\n|\n|t:|1699953643\n|switch|p2a: Swellow|Swellow, M|100\/100\n|move|p1a: Leavanny|Fell Stinger|p2a: Swellow\n|-resisted|p2a: Swellow\n|-damage|p2a: Swellow|79\/100\n|\n|-status|p2a: Swellow|brn|[from] item: Flame Orb\n|upkeep\n|turn|7\n|\n|t:|1699953649\n|move|p2a: Swellow|Facade|p1a: Leavanny\n|-enditem|p1a: Leavanny|Focus Sash\n|-damage|p1a: Leavanny|1\/100\n|move|p1a: Leavanny|Knock Off|p2a: Swellow\n|-damage|p2a: Swellow|23\/100 brn\n|-enditem|p2a: Swellow|Flame Orb|[from] move: Knock Off|[of] p1a: Leavanny\n|\n|-damage|p2a: Swellow|17\/100 brn|[from] brn\n|upkeep\n|turn|8\n|\n|t:|1699953654\n|switch|p1a: Gigalith|Gigalith, M|100\/100\n|-weather|Sandstorm|[from] ability: Sand Stream|[of] p1a: Gigalith\n|move|p2a: Swellow|U-turn|p1a: Gigalith\n|-damage|p1a: Gigalith|81\/100\n|\n|t:|1699953662\n|switch|p2a: Bewear|Bewear, F|100\/100|[from] U-turn\n|\n|-weather|Sandstorm|[upkeep]\n|-damage|p2a: Bewear|94\/100|[from] Sandstorm\n|upkeep\n|turn|9\n|\n|t:|1699953668\n|move|p2a: Bewear|Close Combat|p1a: Gigalith\n|-supereffective|p1a: Gigalith\n|-damage|p1a: Gigalith|6\/100\n|-unboost|p2a: Bewear|def|1\n|-unboost|p2a: Bewear|spd|1\n|-enditem|p1a: Gigalith|Weakness Policy\n|-boost|p1a: Gigalith|atk|2|[from] item: Weakness Policy\n|-boost|p1a: Gigalith|spa|2|[from] item: Weakness Policy\n|move|p1a: Gigalith|Earthquake|p2a: Bewear\n|-damage|p2a: Bewear|13\/100\n|\n|-weather|Sandstorm|[upkeep]\n|-damage|p2a: Bewear|7\/100|[from] Sandstorm\n|upkeep\n|turn|10\n|\n|t:|1699953680\n|move|p1a: Gigalith|Protect|p1a: Gigalith\n|-singleturn|p1a: Gigalith|Protect\n|move|p2a: Bewear|Close Combat|p1a: Gigalith\n|-activate|p1a: Gigalith|move: Protect\n|\n|-weather|Sandstorm|[upkeep]\n|-damage|p2a: Bewear|1\/100|[from] Sandstorm\n|upkeep\n|turn|11\n|\n|t:|1699953694\n|move|p2a: Bewear|Close Combat|p1a: Gigalith\n|-supereffective|p1a: Gigalith\n|-damage|p1a: Gigalith|0 fnt\n|-unboost|p2a: Bewear|def|1\n|-unboost|p2a: Bewear|spd|1\n|faint|p1a: Gigalith\n|\n|-weather|Sandstorm|[upkeep]\n|-damage|p2a: Bewear|0 fnt|[from] Sandstorm\n|faint|p2a: Bewear\n|upkeep\n|\n|t:|1699953698\n|switch|p2a: Appletun|Appletun, F|9\/100 frz\n|switch|p1a: Samurott|Samurott, F|63\/100\n|turn|12\n|\n|t:|1699953704\n|switch|p1a: Leavanny|Leavanny, M|1\/100\n|cant|p2a: Appletun|frz\n|\n|-weather|none\n|-heal|p2a: Appletun|15\/100 frz|[from] item: Leftovers\n|upkeep\n|turn|13\n|\n|t:|1699953714\n|switch|p2a: Durant|Durant, M|100\/100\n|move|p1a: Leavanny|Trailblaze|p2a: Durant\n|-resisted|p2a: Durant\n|-damage|p2a: Durant|94\/100\n|-boost|p1a: Leavanny|spe|1\n|\n|upkeep\n|turn|14\n|\n|t:|1699953723\n|move|p2a: Durant|First Impression|p1a: Leavanny|[miss]\n|-miss|p2a: Durant|p1a: Leavanny\n|move|p1a: Leavanny|Knock Off|p2a: Durant\n|-damage|p2a: Durant|57\/100\n|-enditem|p2a: Durant|Life Orb|[from] move: Knock Off|[of] p1a: Leavanny\n|\n|upkeep\n|turn|15\n|\n|t:|1699953737\n|switch|p1a: Samurott|Samurott, F|63\/100\n|move|p2a: Durant|Feint Attack|p1a: Samurott\n|-damage|p1a: Samurott|36\/100\n|\n|upkeep\n|turn|16\n|\n|t:|1699953742\n|move|p2a: Durant|Iron Head|p1a: Samurott\n|-resisted|p1a: Samurott\n|-damage|p1a: Samurott|9\/100\n|move|p1a: Samurott|Hydro Pump|p2a: Durant\n|-damage|p2a: Durant|0 fnt\n|faint|p2a: Durant\n|\n|upkeep\n|\n|t:|1699953746\n|switch|p2a: Appletun|Appletun, F|15\/100 frz\n|turn|17\n|\n|t:|1699953749\n|switch|p1a: Leavanny|Leavanny, M|1\/100\n|cant|p2a: Appletun|frz\n|\n|-heal|p2a: Appletun|21\/100 frz|[from] item: Leftovers\n|upkeep\n|turn|18\n|\n|t:|1699953754\n|switch|p2a: Diancie|Diancie|100\/100\n|move|p1a: Leavanny|Trailblaze|p2a: Diancie\n|-supereffective|p2a: Diancie\n|-damage|p2a: Diancie|53\/100\n|-boost|p1a: Leavanny|spe|1\n|\n|upkeep\n|turn|19\n|\n|t:|1699953764\n|detailschange|p2a: Diancie|Diancie-Mega\n|-mega|p2a: Diancie|Diancie|Diancite\n|move|p1a: Leavanny|Trailblaze|p2a: Diancie\n|-supereffective|p2a: Diancie\n|-damage|p2a: Diancie|0 fnt\n|-boost|p1a: Leavanny|spe|1\n|faint|p2a: Diancie\n|\n|upkeep\n|-message|merfa forfeited.\n|\n|win|1Jacklot\n|raw|1Jacklot's rating: 1073 &rarr; <strong>1100<\/strong><br \/>(+27 for winning)\n|raw|merfa's rating: 1049 &rarr; <strong>1033<\/strong><br \/>(-16 for losing)\n|l|\u2606merfa\n","uploadtime":1699953787,"views":4,"p1id":"1jacklot","p2id":"merfa","formatid":"gen9nationaldex","rating":1033,"private":0,"password":""}