{"id":"gen9nationaldex-1989107051","p1":"leon lp","p2":"Fukdara","format":"[Gen 9] National Dex","log":"|j|\u2606leon lp\n|j|\u2606Fukdara\n|t:|1699812943\n|gametype|singles\n|player|p1|leon lp|102|1250\n|player|p2|Fukdara|102|1312\n|teamsize|p1|6\n|teamsize|p2|6\n|gen|9\n|tier|[Gen 9] National Dex\n|rated|\n|rule|HP Percentage Mod: HP is shown in percentages\n|rule|Endless Battle Clause: Forcing endless battles is banned\n|rule|OHKO Clause: OHKO moves are banned\n|rule|Evasion Clause: Evasion abilities, items, and moves are banned\n|rule|Evasion Abilities Clause: Evasion abilities are banned\n|rule|Evasion Items Clause: Evasion items are banned\n|rule|Evasion Moves Clause: Evasion moves are banned\n|rule|Species Clause: Limit one of each Pok\u00e9mon\n|rule|Sleep Clause Mod: Limit one foe put to sleep\n|clearpoke\n|poke|p1|Urshifu-*, F|\n|poke|p1|Diancie|\n|poke|p1|Flygon, F|\n|poke|p1|Hoopa-Unbound|\n|poke|p1|Revavroom, M|\n|poke|p1|Chandelure, F|\n|poke|p2|Hippowdon, F|\n|poke|p2|Corviknight, F|\n|poke|p2|Blissey, F|\n|poke|p2|Ferrothorn, M|\n|poke|p2|Toxapex, F|\n|poke|p2|Clefable, F|\n|teampreview\n|\n|t:|1699812957\n|start\n|switch|p1a: Kung-Fu Panda|Urshifu-Rapid-Strike, F|100\/100\n|switch|p2a: Ferrothorn|Ferrothorn, M|100\/100\n|turn|1\n|\n|t:|1699812966\n|-terastallize|p1a: Kung-Fu Panda|Fighting\n|move|p2a: Ferrothorn|Protect|p2a: Ferrothorn\n|-singleturn|p2a: Ferrothorn|Protect\n|move|p1a: Kung-Fu Panda|Close Combat|p2a: Ferrothorn\n|-supereffective|p2a: Ferrothorn\n|-damage|p2a: Ferrothorn|0 fnt\n|-unboost|p1a: Kung-Fu Panda|def|1\n|-unboost|p1a: Kung-Fu Panda|spd|1\n|-damage|p1a: Kung-Fu Panda|88\/100|[from] ability: Iron Barbs|[of] p2a: Ferrothorn\n|faint|p2a: Ferrothorn\n|\n|upkeep\n|\n|t:|1699813002\n|switch|p2a: Corviknight|Corviknight, F|100\/100\n|-ability|p2a: Corviknight|Pressure\n|turn|2\n|\n|t:|1699813011\n|switch|p1a: Chandelure|Chandelure, F, shiny|100\/100\n|move|p2a: Corviknight|Brave Bird|p1a: Chandelure\n|-damage|p1a: Chandelure|47\/100\n|-damage|p2a: Corviknight|89\/100|[from] Recoil\n|\n|-heal|p2a: Corviknight|95\/100|[from] item: Leftovers\n|upkeep\n|turn|3\n|\n|t:|1699813019\n|switch|p2a: Toxapex|Toxapex, F|100\/100\n|move|p1a: Chandelure|Overheat|p2a: Toxapex\n|-resisted|p2a: Toxapex\n|-damage|p2a: Toxapex|72\/100\n|-unboost|p1a: Chandelure|spa|2\n|\n|-heal|p2a: Toxapex|78\/100|[from] item: Black Sludge\n|upkeep\n|turn|4\n|\n|t:|1699813028\n|switch|p1a: Yakult|Hoopa-Unbound|100\/100\n|move|p2a: Toxapex|Knock Off|p1a: Yakult\n|-damage|p1a: Yakult|78\/100\n|-enditem|p1a: Yakult|Choice Band|[from] move: Knock Off|[of] p2a: Toxapex\n|\n|-heal|p2a: Toxapex|85\/100|[from] item: Black Sludge\n|upkeep\n|turn|5\n|\n|t:|1699813042\n|move|p1a: Yakult|Zen Headbutt|p2a: Toxapex\n|-supereffective|p2a: Toxapex\n|-damage|p2a: Toxapex|22\/100\n|-item|p1a: Yakult|Black Sludge|[from] ability: Magician|[of] p2a: Toxapex\n|move|p2a: Toxapex|Toxic|p1a: Yakult\n|-status|p1a: Yakult|tox\n|\n|-damage|p1a: Yakult|65\/100 tox|[from] item: Black Sludge\n|-damage|p1a: Yakult|59\/100 tox|[from] psn\n|upkeep\n|turn|6\n|\n|t:|1699813063\n|switch|p2a: Clefable|Clefable, F, shiny|100\/100\n|move|p1a: Yakult|Zen Headbutt|p2a: Clefable\n|-damage|p2a: Clefable|58\/100\n|\n|-damage|p1a: Yakult|47\/100 tox|[from] item: Black Sludge\n|-heal|p2a: Clefable|64\/100|[from] item: Leftovers\n|-damage|p1a: Yakult|35\/100 tox|[from] psn\n|upkeep\n|turn|7\n|\n|t:|1699813075\n|move|p2a: Clefable|Protect|p2a: Clefable\n|-singleturn|p2a: Clefable|Protect\n|move|p1a: Yakult|Gunk Shot|p2a: Clefable\n|-activate|p2a: Clefable|move: Protect\n|\n|-damage|p1a: Yakult|23\/100 tox|[from] item: Black Sludge\n|-heal|p2a: Clefable|70\/100|[from] item: Leftovers\n|-damage|p1a: Yakult|5\/100 tox|[from] psn\n|upkeep\n|turn|8\n|\n|t:|1699813087\n|switch|p2a: Toxapex|Toxapex, F|55\/100\n|move|p1a: Yakult|Hyperspace Fury|p2a: Toxapex\n|-damage|p2a: Toxapex|15\/100\n|-unboost|p1a: Yakult|def|1\n|\n|-damage|p1a: Yakult|0 fnt|[from] item: Black Sludge\n|faint|p1a: Yakult\n|upkeep\n|\n|t:|1699813114\n|switch|p1a: Chandelure|Chandelure, F, shiny|47\/100\n|turn|9\n|l|\u2606Fukdara\n|player|p2|\n|j|\u2606Fukdara\n|player|p2|Fukdara|102\n|inactive|Battle timer is ON: inactive players will automatically lose when time's up. (requested by leon lp)\n|\n|t:|1699813137\n|switch|p2a: Blissey|Blissey, F|100\/100\n|move|p1a: Chandelure|Shadow Ball|p2a: Blissey\n|-immune|p2a: Blissey\n|\n|upkeep\n|turn|10\n|\n|t:|1699813145\n|switch|p1a: Revavroom|Revavroom, M|100\/100\n|-item|p1a: Revavroom|Air Balloon\n|move|p2a: Blissey|Seismic Toss|p1a: Revavroom\n|-damage|p1a: Revavroom|67\/100\n|-enditem|p1a: Revavroom|Air Balloon\n|\n|upkeep\n|turn|11\n|inactive|Fukdara has 120 seconds left.\n|\n|t:|1699813183\n|switch|p2a: Toxapex|Toxapex, F|48\/100\n|move|p1a: Revavroom|Shift Gear|p1a: Revavroom\n|-boost|p1a: Revavroom|spe|2\n|-boost|p1a: Revavroom|atk|1\n|\n|upkeep\n|turn|12\n|inactive|Fukdara has 120 seconds left.\n|\n|t:|1699813192\n|move|p1a: Revavroom|Zen Headbutt|p2a: Toxapex\n|-supereffective|p2a: Toxapex\n|-damage|p2a: Toxapex|5\/100\n|move|p2a: Toxapex|Recover|p2a: Toxapex\n|-heal|p2a: Toxapex|55\/100\n|\n|upkeep\n|turn|13\n|\n|t:|1699813200\n|move|p1a: Revavroom|Shift Gear|p1a: Revavroom\n|-boost|p1a: Revavroom|spe|2\n|-boost|p1a: Revavroom|atk|1\n|move|p2a: Toxapex|Recover|p2a: Toxapex\n|-heal|p2a: Toxapex|100\/100\n|\n|upkeep\n|turn|14\n|\n|t:|1699813208\n|move|p1a: Revavroom|Shift Gear|p1a: Revavroom\n|-boost|p1a: Revavroom|spe|2\n|-boost|p1a: Revavroom|atk|1\n|move|p2a: Toxapex|Haze|p2a: Toxapex\n|-clearallboost\n|\n|upkeep\n|turn|15\n|\n|t:|1699813215\n|switch|p2a: Hippowdon|Hippowdon, F|100\/100\n|-weather|Sandstorm|[from] ability: Sand Stream|[of] p2a: Hippowdon\n|move|p1a: Revavroom|Zen Headbutt|p2a: Hippowdon\n|-damage|p2a: Hippowdon|84\/100\n|\n|-weather|Sandstorm|[upkeep]\n|-heal|p2a: Hippowdon|90\/100|[from] item: Leftovers\n|upkeep\n|turn|16\n|\n|t:|1699813230\n|move|p1a: Revavroom|Gunk Shot|p2a: Hippowdon\n|-resisted|p2a: Hippowdon\n|-damage|p2a: Hippowdon|71\/100\n|-status|p2a: Hippowdon|psn\n|move|p2a: Hippowdon|Stealth Rock|p1a: Revavroom\n|-sidestart|p1: leon lp|move: Stealth Rock\n|\n|-weather|Sandstorm|[upkeep]\n|-heal|p2a: Hippowdon|78\/100 psn|[from] item: Leftovers\n|-damage|p2a: Hippowdon|65\/100 psn|[from] psn\n|upkeep\n|turn|17\n|\n|t:|1699813240\n|move|p1a: Revavroom|Iron Head|p2a: Hippowdon\n|-damage|p2a: Hippowdon|41\/100 psn\n|move|p2a: Hippowdon|Earthquake|p1a: Revavroom\n|-supereffective|p1a: Revavroom\n|-damage|p1a: Revavroom|0 fnt\n|faint|p1a: Revavroom\n|\n|-weather|Sandstorm|[upkeep]\n|-heal|p2a: Hippowdon|47\/100 psn|[from] item: Leftovers\n|-damage|p2a: Hippowdon|35\/100 psn|[from] psn\n|upkeep\n|\n|t:|1699813250\n|switch|p1a: DIAMANTE PAPAI|Diancie|100\/100\n|-damage|p1a: DIAMANTE PAPAI|88\/100|[from] Stealth Rock\n|turn|18\n|\n|t:|1699813255\n|switch|p2a: Blissey|Blissey, F|100\/100\n|detailschange|p1a: DIAMANTE PAPAI|Diancie-Mega\n|-mega|p1a: DIAMANTE PAPAI|Diancie|Diancite\n|move|p1a: DIAMANTE PAPAI|Moonblast|p2a: Blissey\n|-damage|p2a: Blissey|86\/100\n|\n|-weather|Sandstorm|[upkeep]\n|-damage|p2a: Blissey|79\/100|[from] Sandstorm\n|-heal|p2a: Blissey|86\/100|[from] item: Leftovers\n|upkeep\n|turn|19\n|\n|t:|1699813270\n|move|p1a: DIAMANTE PAPAI|Diamond Storm|p2a: Blissey\n|-damage|p2a: Blissey|0 fnt\n|faint|p2a: Blissey\n|\n|-weather|none\n|upkeep\n|\n|t:|1699813275\n|switch|p2a: Toxapex|Toxapex, F|100\/100\n|turn|20\n|\n|t:|1699813281\n|move|p1a: DIAMANTE PAPAI|Diamond Storm|p2a: Toxapex\n|-damage|p2a: Toxapex|71\/100\n|-boost|p1a: DIAMANTE PAPAI|def|2\n|move|p2a: Toxapex|Toxic|p1a: DIAMANTE PAPAI\n|move|p1a: DIAMANTE PAPAI|Toxic|p2a: Toxapex|[from]ability: Magic Bounce\n|-immune|p2a: Toxapex\n|\n|upkeep\n|turn|21\n|\n|t:|1699813291\n|move|p1a: DIAMANTE PAPAI|Flash Cannon|p2a: Toxapex\n|-resisted|p2a: Toxapex\n|-damage|p2a: Toxapex|57\/100\n|move|p2a: Toxapex|Recover|p2a: Toxapex\n|-heal|p2a: Toxapex|100\/100\n|\n|upkeep\n|turn|22\n|\n|t:|1699813299\n|move|p1a: DIAMANTE PAPAI|Moonblast|p2a: Toxapex\n|-resisted|p2a: Toxapex\n|-damage|p2a: Toxapex|78\/100\n|move|p2a: Toxapex|Knock Off|p1a: DIAMANTE PAPAI\n|-resisted|p1a: DIAMANTE PAPAI\n|-damage|p1a: DIAMANTE PAPAI|84\/100\n|\n|upkeep\n|turn|23\n|c|\u2606leon lp|knock off mega evo\n|c|\u2606leon lp|:skull:\n|\n|t:|1699813315\n|move|p1a: DIAMANTE PAPAI|Diamond Storm|p2a: Toxapex\n|-damage|p2a: Toxapex|48\/100\n|-boost|p1a: DIAMANTE PAPAI|def|2\n|move|p2a: Toxapex|Recover|p2a: Toxapex\n|-heal|p2a: Toxapex|98\/100\n|\n|upkeep\n|turn|24\n|\n|t:|1699813323\n|move|p1a: DIAMANTE PAPAI|Diamond Storm|p2a: Toxapex\n|-damage|p2a: Toxapex|67\/100\n|move|p2a: Toxapex|Haze|p2a: Toxapex\n|-clearallboost\n|\n|upkeep\n|turn|25\n|\n|t:|1699813330\n|move|p1a: DIAMANTE PAPAI|Moonblast|p2a: Toxapex\n|-resisted|p2a: Toxapex\n|-damage|p2a: Toxapex|44\/100\n|move|p2a: Toxapex|Recover|p2a: Toxapex\n|-heal|p2a: Toxapex|94\/100\n|\n|upkeep\n|turn|26\n|\n|t:|1699813337\n|move|p1a: DIAMANTE PAPAI|Diamond Storm|p2a: Toxapex\n|-damage|p2a: Toxapex|61\/100\n|move|p2a: Toxapex|Knock Off|p1a: DIAMANTE PAPAI\n|-resisted|p1a: DIAMANTE PAPAI\n|-damage|p1a: DIAMANTE PAPAI|78\/100\n|\n|upkeep\n|turn|27\n|\n|t:|1699813344\n|move|p1a: DIAMANTE PAPAI|Moonblast|p2a: Toxapex\n|-resisted|p2a: Toxapex\n|-damage|p2a: Toxapex|36\/100\n|move|p2a: Toxapex|Recover|p2a: Toxapex\n|-heal|p2a: Toxapex|86\/100\n|\n|upkeep\n|turn|28\n|\n|t:|1699813352\n|switch|p2a: Corviknight|Corviknight, F|95\/100\n|-ability|p2a: Corviknight|Pressure\n|move|p1a: DIAMANTE PAPAI|Moonblast|p2a: Corviknight\n|-resisted|p2a: Corviknight\n|-damage|p2a: Corviknight|65\/100\n|-unboost|p2a: Corviknight|spa|1\n|\n|-heal|p2a: Corviknight|71\/100|[from] item: Leftovers\n|upkeep\n|turn|29\n|\n|t:|1699813372\n|move|p1a: DIAMANTE PAPAI|Diamond Storm|p2a: Corviknight\n|-damage|p2a: Corviknight|41\/100\n|move|p2a: Corviknight|Brave Bird|p1a: DIAMANTE PAPAI\n|-resisted|p1a: DIAMANTE PAPAI\n|-damage|p1a: DIAMANTE PAPAI|52\/100\n|-damage|p2a: Corviknight|36\/100|[from] Recoil\n|\n|-heal|p2a: Corviknight|42\/100|[from] item: Leftovers\n|upkeep\n|turn|30\n|-message|Fukdara forfeited.\n|\n|win|leon lp\n|raw|leon lp's rating: 1250 &rarr; <strong>1279<\/strong><br \/>(+29 for winning)\n|raw|Fukdara's rating: 1312 &rarr; <strong>1288<\/strong><br \/>(-24 for losing)\n|l|\u2606Fukdara\n","uploadtime":1699813391,"views":11,"p1id":"leonlp","p2id":"fukdara","formatid":"gen9nationaldex","rating":1279,"private":0,"password":""}