{"id":"gen9nationaldex-1992742876","p1":"YG97","p2":"RandoTestAccount","format":"[Gen 9] National Dex","log":"|j|\u2606YG97\n|j|\u2606RandoTestAccount\n|t:|1700231289\n|gametype|singles\n|player|p1|YG97|dawn|1300\n|player|p2|RandoTestAccount|pokemonrangerf|1232\n|teamsize|p1|6\n|teamsize|p2|6\n|gen|9\n|tier|[Gen 9] National Dex\n|rated|\n|rule|HP Percentage Mod: HP is shown in percentages\n|rule|Endless Battle Clause: Forcing endless battles is banned\n|rule|OHKO Clause: OHKO moves are banned\n|rule|Evasion Clause: Evasion abilities, items, and moves are banned\n|rule|Evasion Abilities Clause: Evasion abilities are banned\n|rule|Evasion Items Clause: Evasion items are banned\n|rule|Evasion Moves Clause: Evasion moves are banned\n|rule|Species Clause: Limit one of each Pok\u00e9mon\n|rule|Sleep Clause Mod: Limit one foe put to sleep\n|clearpoke\n|poke|p1|Zapdos|\n|poke|p1|Rillaboom, F|\n|poke|p1|Diancie|\n|poke|p1|Samurott-Hisui, M|\n|poke|p1|Kommo-o, F|\n|poke|p1|Great Tusk|\n|poke|p2|Umbreon, F|\n|poke|p2|Excadrill, F|\n|poke|p2|Corviknight, F|\n|poke|p2|Sableye, F|\n|poke|p2|Tapu Fini|\n|poke|p2|Dragalge, F|\n|teampreview\n|inactive|Battle timer is ON: inactive players will automatically lose when time's up. (requested by RandoTestAccount)\n|\n|t:|1700231297\n|start\n|switch|p1a: Diancie|Diancie|100\/100\n|switch|p2a: Spectre of Emerald|Sableye, F, shiny|100\/100\n|turn|1\n|\n|t:|1700231322\n|switch|p2a: Ephialtes Keeper|Corviknight, F, shiny|100\/100\n|-ability|p2a: Ephialtes Keeper|Pressure\n|detailschange|p1a: Diancie|Diancie-Mega\n|-mega|p1a: Diancie|Diancie|Diancite\n|move|p1a: Diancie|Moonblast|p2a: Ephialtes Keeper\n|-resisted|p2a: Ephialtes Keeper\n|-damage|p2a: Ephialtes Keeper|76\/100\n|\n|upkeep\n|turn|2\n|\n|t:|1700231341\n|switch|p1a: Zapdos|Zapdos|100\/100\n|switch|p2a: The Lonesome One|Excadrill, F, shiny|100\/100\n|-ability|p2a: The Lonesome One|Mold Breaker\n|\n|upkeep\n|turn|3\n|inactive|YG97 has 120 seconds left.\n|\n|t:|1700231371\n|switch|p2a: Agony Steelheart|Dragalge, F, shiny|100\/100\n|move|p1a: Zapdos|Roar|p2a: Agony Steelheart\n|drag|p2a: Ephialtes Keeper|Corviknight, F, shiny|76\/100\n|-ability|p2a: Ephialtes Keeper|Pressure\n|\n|upkeep\n|turn|4\n|inactive|RandoTestAccount has 120 seconds left.\n|\n|t:|1700231406\n|move|p1a: Zapdos|Volt Switch|p2a: Ephialtes Keeper\n|-supereffective|p2a: Ephialtes Keeper\n|-damage|p2a: Ephialtes Keeper|25\/100\n|\n|t:|1700231415\n|switch|p1a: Kommo-o|Kommo-o, F|100\/100|[from] Volt Switch\n|move|p2a: Ephialtes Keeper|U-turn|p1a: Kommo-o\n|-resisted|p1a: Kommo-o\n|-damage|p1a: Kommo-o|94\/100\n|inactive|RandoTestAccount has 120 seconds left.\n|\n|t:|1700231422\n|switch|p2a: The Droplet Tear|Tapu Fini, shiny|100\/100|[from] U-turn\n|-fieldstart|move: Misty Terrain|[from] ability: Misty Surge|[of] p2a: The Droplet Tear\n|\n|upkeep\n|turn|5\n|inactive|RandoTestAccount has 120 seconds left.\n|\n|t:|1700231436\n|switch|p1a: Rillaboom|Rillaboom, F|100\/100\n|-fieldstart|move: Grassy Terrain|[from] ability: Grassy Surge|[of] p1a: Rillaboom\n|move|p2a: The Droplet Tear|Substitute|p2a: The Droplet Tear\n|-start|p2a: The Droplet Tear|Substitute\n|-damage|p2a: The Droplet Tear|76\/100\n|\n|-heal|p2a: The Droplet Tear|82\/100|[from] Grassy Terrain\n|-heal|p2a: The Droplet Tear|88\/100|[from] item: Leftovers\n|upkeep\n|turn|6\n|inactive|RandoTestAccount has 120 seconds left.\n|\n|t:|1700231447\n|move|p1a: Rillaboom|Grassy Glide|p2a: The Droplet Tear\n|-supereffective|p2a: The Droplet Tear\n|-end|p2a: The Droplet Tear|Substitute\n|move|p2a: The Droplet Tear|Scald|p1a: Rillaboom\n|-resisted|p1a: Rillaboom\n|-damage|p1a: Rillaboom|90\/100\n|\n|-heal|p1a: Rillaboom|96\/100|[from] Grassy Terrain\n|-heal|p2a: The Droplet Tear|94\/100|[from] Grassy Terrain\n|-heal|p2a: The Droplet Tear|99\/100|[from] item: Leftovers\n|upkeep\n|turn|7\n|\n|t:|1700231457\n|switch|p2a: Agony Steelheart|Dragalge, F, shiny|100\/100\n|move|p1a: Rillaboom|Grassy Glide|p2a: Agony Steelheart\n|-resisted|p2a: Agony Steelheart\n|-damage|p2a: Agony Steelheart|89\/100\n|\n|-heal|p1a: Rillaboom|100\/100|[from] Grassy Terrain\n|-heal|p2a: Agony Steelheart|95\/100|[from] Grassy Terrain\n|-heal|p2a: Agony Steelheart|100\/100|[from] item: Black Sludge\n|upkeep\n|turn|8\n|inactive|RandoTestAccount has 120 seconds left.\n|\n|t:|1700231476\n|switch|p1a: Zapdos|Zapdos|100\/100\n|move|p2a: Agony Steelheart|Toxic|p1a: Zapdos\n|-status|p1a: Zapdos|tox\n|\n|-damage|p1a: Zapdos|94\/100 tox|[from] psn\n|upkeep\n|turn|9\n|\n|t:|1700231484\n|move|p1a: Zapdos|Volt Switch|p2a: Agony Steelheart\n|-resisted|p2a: Agony Steelheart\n|-damage|p2a: Agony Steelheart|91\/100\n|\n|t:|1700231493\n|switch|p1a: Great Tusk|Great Tusk|100\/100|[from] Volt Switch\n|move|p2a: Agony Steelheart|Acid Spray|p1a: Great Tusk\n|-resisted|p1a: Great Tusk\n|-damage|p1a: Great Tusk|87\/100\n|-unboost|p1a: Great Tusk|spd|2\n|\n|-heal|p1a: Great Tusk|93\/100|[from] Grassy Terrain\n|-heal|p2a: Agony Steelheart|97\/100|[from] Grassy Terrain\n|-heal|p2a: Agony Steelheart|100\/100|[from] item: Black Sludge\n|-fieldend|move: Grassy Terrain\n|upkeep\n|turn|10\n|\n|t:|1700231510\n|switch|p2a: Ephialtes Keeper|Corviknight, F, shiny|25\/100\n|-ability|p2a: Ephialtes Keeper|Pressure\n|move|p1a: Great Tusk|Ice Spinner|p2a: Ephialtes Keeper\n|-damage|p2a: Ephialtes Keeper|6\/100\n|-damage|p1a: Great Tusk|77\/100|[from] item: Rocky Helmet|[of] p2a: Ephialtes Keeper\n|\n|upkeep\n|turn|11\n|\n|t:|1700231520\n|switch|p2a: Spectre of Emerald|Sableye, F, shiny|100\/100\n|move|p1a: Great Tusk|Ice Spinner|p2a: Spectre of Emerald\n|-damage|p2a: Spectre of Emerald|76\/100\n|\n|upkeep\n|turn|12\n|\n|t:|1700231527\n|-end|p1a: Great Tusk|Protosynthesis|[silent]\n|switch|p1a: Diancie|Diancie-Mega|100\/100\n|move|p2a: Spectre of Emerald|Will-O-Wisp|p1a: Diancie\n|move|p1a: Diancie|Will-O-Wisp|p2a: Spectre of Emerald|[from]ability: Magic Bounce\n|-status|p2a: Spectre of Emerald|brn\n|\n|-damage|p2a: Spectre of Emerald|70\/100 brn|[from] brn\n|upkeep\n|turn|13\n|\n|t:|1700231537\n|switch|p2a: Agony Steelheart|Dragalge, F, shiny|100\/100\n|move|p1a: Diancie|Moonblast|p2a: Agony Steelheart\n|-damage|p2a: Agony Steelheart|61\/100\n|-unboost|p2a: Agony Steelheart|spa|1\n|\n|-heal|p2a: Agony Steelheart|67\/100|[from] item: Black Sludge\n|upkeep\n|turn|14\n|\n|t:|1700231549\n|switch|p1a: Zapdos|Zapdos|94\/100 tox\n|move|p2a: Agony Steelheart|Acid Spray|p1a: Zapdos\n|-damage|p1a: Zapdos|83\/100 tox\n|-unboost|p1a: Zapdos|spd|2\n|\n|-heal|p2a: Agony Steelheart|73\/100|[from] item: Black Sludge\n|-damage|p1a: Zapdos|77\/100 tox|[from] psn\n|upkeep\n|turn|15\n|\n|t:|1700231558\n|move|p1a: Zapdos|Volt Switch|p2a: Agony Steelheart\n|-resisted|p2a: Agony Steelheart\n|-damage|p2a: Agony Steelheart|64\/100\n|\n|t:|1700231562\n|switch|p1a: Great Tusk|Great Tusk|77\/100|[from] Volt Switch\n|move|p2a: Agony Steelheart|Acid Spray|p1a: Great Tusk\n|-resisted|p1a: Great Tusk\n|-damage|p1a: Great Tusk|69\/100\n|-unboost|p1a: Great Tusk|spd|2\n|\n|-heal|p2a: Agony Steelheart|70\/100|[from] item: Black Sludge\n|upkeep\n|turn|16\n|\n|t:|1700231573\n|move|p1a: Great Tusk|Ice Spinner|p2a: Agony Steelheart\n|-supereffective|p2a: Agony Steelheart\n|-damage|p2a: Agony Steelheart|18\/100\n|move|p2a: Agony Steelheart|Dragon Pulse|p1a: Great Tusk\n|-damage|p1a: Great Tusk|1\/100\n|-enditem|p1a: Great Tusk|Aguav Berry|[eat]\n|-heal|p1a: Great Tusk|34\/100|[from] item: Aguav Berry\n|\n|-heal|p2a: Agony Steelheart|24\/100|[from] item: Black Sludge\n|upkeep\n|turn|17\n|\n|t:|1700231582\n|switch|p2a: The Droplet Tear|Tapu Fini, shiny|99\/100\n|-fieldstart|move: Misty Terrain|[from] ability: Misty Surge|[of] p2a: The Droplet Tear\n|move|p1a: Great Tusk|Ice Spinner|p2a: The Droplet Tear\n|-resisted|p2a: The Droplet Tear\n|-damage|p2a: The Droplet Tear|91\/100\n|-fieldend|Misty Terrain\n|\n|-heal|p2a: The Droplet Tear|97\/100|[from] item: Leftovers\n|upkeep\n|turn|18\n|\n|t:|1700231592\n|-end|p1a: Great Tusk|Protosynthesis|[silent]\n|switch|p1a: Rillaboom|Rillaboom, F|100\/100\n|-fieldstart|move: Grassy Terrain|[from] ability: Grassy Surge|[of] p1a: Rillaboom\n|move|p2a: The Droplet Tear|Substitute|p2a: The Droplet Tear\n|-start|p2a: The Droplet Tear|Substitute\n|-damage|p2a: The Droplet Tear|72\/100\n|\n|-heal|p2a: The Droplet Tear|78\/100|[from] Grassy Terrain\n|-heal|p2a: The Droplet Tear|84\/100|[from] item: Leftovers\n|upkeep\n|turn|19\n|\n|t:|1700231602\n|move|p1a: Rillaboom|Grassy Glide|p2a: The Droplet Tear\n|-supereffective|p2a: The Droplet Tear\n|-end|p2a: The Droplet Tear|Substitute\n|move|p2a: The Droplet Tear|Scald|p1a: Rillaboom\n|-resisted|p1a: Rillaboom\n|-damage|p1a: Rillaboom|90\/100\n|\n|-heal|p1a: Rillaboom|96\/100|[from] Grassy Terrain\n|-heal|p2a: The Droplet Tear|90\/100|[from] Grassy Terrain\n|-heal|p2a: The Droplet Tear|96\/100|[from] item: Leftovers\n|upkeep\n|turn|20\n|\n|t:|1700231612\n|switch|p2a: Agony Steelheart|Dragalge, F, shiny|24\/100\n|move|p1a: Rillaboom|U-turn|p2a: Agony Steelheart\n|-resisted|p2a: Agony Steelheart\n|-damage|p2a: Agony Steelheart|9\/100\n|\n|t:|1700231618\n|switch|p1a: Diancie|Diancie-Mega|100\/100|[from] U-turn\n|\n|-heal|p2a: Agony Steelheart|15\/100|[from] Grassy Terrain\n|-heal|p2a: Agony Steelheart|21\/100|[from] item: Black Sludge\n|upkeep\n|turn|21\n|\n|t:|1700231647\n|switch|p2a: The Lonesome One|Excadrill, F, shiny|100\/100\n|-ability|p2a: The Lonesome One|Mold Breaker\n|move|p1a: Diancie|Moonblast|p2a: The Lonesome One\n|-resisted|p2a: The Lonesome One\n|-damage|p2a: The Lonesome One|68\/100\n|\n|-heal|p2a: The Lonesome One|74\/100|[from] Grassy Terrain\n|-heal|p2a: The Lonesome One|80\/100|[from] item: Leftovers\n|upkeep\n|turn|22\n|\n|t:|1700231658\n|switch|p1a: Zapdos|Zapdos|77\/100 tox\n|move|p2a: The Lonesome One|Iron Head|p1a: Zapdos\n|-resisted|p1a: Zapdos\n|-crit|p1a: Zapdos\n|-damage|p1a: Zapdos|52\/100 tox\n|-damage|p2a: The Lonesome One|64\/100|[from] item: Rocky Helmet|[of] p1a: Zapdos\n|-status|p2a: The Lonesome One|par|[from] ability: Static|[of] p1a: Zapdos\n|\n|-heal|p2a: The Lonesome One|70\/100 par|[from] Grassy Terrain\n|-heal|p2a: The Lonesome One|76\/100 par|[from] item: Leftovers\n|-damage|p1a: Zapdos|46\/100 tox|[from] psn\n|-fieldend|move: Grassy Terrain\n|upkeep\n|turn|23\n|\n|t:|1700231671\n|switch|p2a: Nika Reanukko|Umbreon, F, shiny|100\/100\n|move|p1a: Zapdos|Roost|p1a: Zapdos\n|-heal|p1a: Zapdos|96\/100 tox\n|-singleturn|p1a: Zapdos|move: Roost\n|\n|-damage|p1a: Zapdos|84\/100 tox|[from] psn\n|upkeep\n|turn|24\n|\n|t:|1700231685\n|switch|p1a: Diancie|Diancie-Mega|100\/100\n|move|p2a: Nika Reanukko|Heal Bell|p2a: Nika Reanukko\n|-activate|p2a: Nika Reanukko|move: Heal Bell\n|-curestatus|p2: The Lonesome One|par|[msg]\n|-curestatus|p2: Spectre of Emerald|brn|[msg]\n|\n|upkeep\n|turn|25\n|\n|t:|1700231696\n|move|p1a: Diancie|Earth Power|p2a: Nika Reanukko\n|-damage|p2a: Nika Reanukko|80\/100\n|move|p2a: Nika Reanukko|Wish|p2a: Nika Reanukko\n|\n|-heal|p2a: Nika Reanukko|86\/100|[from] item: Leftovers\n|upkeep\n|turn|26\n|\n|t:|1700231710\n|switch|p2a: The Lonesome One|Excadrill, F, shiny|76\/100\n|-ability|p2a: The Lonesome One|Mold Breaker\n|move|p1a: Diancie|Moonblast|p2a: The Lonesome One\n|-resisted|p2a: The Lonesome One\n|-damage|p2a: The Lonesome One|39\/100\n|-unboost|p2a: The Lonesome One|spa|1\n|\n|-heal|p2a: The Lonesome One|88\/100|[from] move: Wish|[wisher] Nika Reanukko\n|-heal|p2a: The Lonesome One|94\/100|[from] item: Leftovers\n|upkeep\n|turn|27\n|\n|t:|1700231727\n|switch|p1a: Zapdos|Zapdos|84\/100 tox\n|move|p2a: The Lonesome One|Iron Head|p1a: Zapdos\n|-resisted|p1a: Zapdos\n|-damage|p1a: Zapdos|67\/100 tox\n|-damage|p2a: The Lonesome One|78\/100|[from] item: Rocky Helmet|[of] p1a: Zapdos\n|\n|-heal|p2a: The Lonesome One|84\/100|[from] item: Leftovers\n|-damage|p1a: Zapdos|61\/100 tox|[from] psn\n|upkeep\n|turn|28\n|\n|t:|1700231740\n|switch|p2a: The Droplet Tear|Tapu Fini, shiny|96\/100\n|-fieldstart|move: Misty Terrain|[from] ability: Misty Surge|[of] p2a: The Droplet Tear\n|move|p1a: Zapdos|Roost|p1a: Zapdos\n|-heal|p1a: Zapdos|100\/100 tox\n|-singleturn|p1a: Zapdos|move: Roost\n|\n|-heal|p2a: The Droplet Tear|100\/100|[from] item: Leftovers\n|-damage|p1a: Zapdos|88\/100 tox|[from] psn\n|upkeep\n|turn|29\n|inactive|RandoTestAccount has 120 seconds left.\n|\n|t:|1700231777\n|switch|p2a: The Lonesome One|Excadrill, F, shiny|84\/100\n|-ability|p2a: The Lonesome One|Mold Breaker\n|move|p1a: Zapdos|Volt Switch|p2a: The Lonesome One\n|-immune|p2a: The Lonesome One\n|\n|-heal|p2a: The Lonesome One|90\/100|[from] item: Leftovers\n|-damage|p1a: Zapdos|69\/100 tox|[from] psn\n|upkeep\n|turn|30\n|\n|t:|1700231787\n|switch|p1a: Rillaboom|Rillaboom, F|96\/100\n|-fieldstart|move: Grassy Terrain|[from] ability: Grassy Surge|[of] p1a: Rillaboom\n|move|p2a: The Lonesome One|Swords Dance|p2a: The Lonesome One\n|-boost|p2a: The Lonesome One|atk|2\n|\n|-heal|p2a: The Lonesome One|96\/100|[from] Grassy Terrain\n|-heal|p2a: The Lonesome One|100\/100|[from] item: Leftovers\n|-heal|p1a: Rillaboom|100\/100|[from] Grassy Terrain\n|upkeep\n|turn|31\n|inactive|RandoTestAccount has 120 seconds left.\n|\n|t:|1700231808\n|move|p2a: The Lonesome One|Iron Head|p1a: Rillaboom\n|-damage|p1a: Rillaboom|7\/100\n|move|p1a: Rillaboom|Hammer Arm|p2a: The Lonesome One\n|-supereffective|p2a: The Lonesome One\n|-damage|p2a: The Lonesome One|8\/100\n|-unboost|p1a: Rillaboom|spe|1\n|\n|-heal|p2a: The Lonesome One|14\/100|[from] Grassy Terrain\n|-heal|p2a: The Lonesome One|20\/100|[from] item: Leftovers\n|-heal|p1a: Rillaboom|14\/100|[from] Grassy Terrain\n|upkeep\n|turn|32\n|inactive|RandoTestAccount has 120 seconds left.\n|\n|t:|1700231818\n|switch|p2a: Ephialtes Keeper|Corviknight, F, shiny|6\/100\n|-ability|p2a: Ephialtes Keeper|Pressure\n|move|p1a: Rillaboom|Grassy Glide|p2a: Ephialtes Keeper\n|-resisted|p2a: Ephialtes Keeper\n|-damage|p2a: Ephialtes Keeper|0 fnt\n|-damage|p1a: Rillaboom|0 fnt|[from] item: Rocky Helmet|[of] p2a: Ephialtes Keeper\n|faint|p2a: Ephialtes Keeper\n|faint|p1a: Rillaboom\n|\n|upkeep\n|inactive|RandoTestAccount has 120 seconds left.\n|\n|t:|1700231834\n|switch|p1a: Diancie|Diancie-Mega|100\/100\n|switch|p2a: The Droplet Tear|Tapu Fini, shiny|100\/100\n|-fieldstart|move: Misty Terrain|[from] ability: Misty Surge|[of] p2a: The Droplet Tear\n|turn|33\n|inactive|RandoTestAccount has 120 seconds left.\n|\n|t:|1700231851\n|switch|p1a: Samurott|Samurott-Hisui, M|100\/100\n|move|p2a: The Droplet Tear|Calm Mind|p2a: The Droplet Tear\n|-boost|p2a: The Droplet Tear|spa|1\n|-boost|p2a: The Droplet Tear|spd|1\n|\n|upkeep\n|turn|34\n|-message|YG97 forfeited.\n|\n|win|RandoTestAccount\n|raw|YG97's rating: 1300 &rarr; <strong>1275<\/strong><br \/>(-25 for losing)\n|raw|RandoTestAccount's rating: 1299 &rarr; <strong>1324<\/strong><br \/>(+25 for winning)\n|l|\u2606YG97\n","uploadtime":1700231904,"views":6,"p1id":"yg97","p2id":"randotestaccount","formatid":"gen9nationaldex","rating":1275,"private":0,"password":""}