{"id":"gen9nationaldex-1992876100","p1":"jia jia pig\u5609\u5609","p2":"testing a funni3","format":"[Gen 9] National Dex","log":"|j|\u2606jia jia pig\u5609\u5609\n|j|\u2606testing a funni3\n|t:|1700243065\n|gametype|singles\n|player|p1|jia jia pig\u5609\u5609|piers|1540\n|player|p2|testing a funni3|unknownf|1462\n|teamsize|p1|6\n|teamsize|p2|6\n|gen|9\n|tier|[Gen 9] National Dex\n|rated|\n|rule|HP Percentage Mod: HP is shown in percentages\n|rule|Endless Battle Clause: Forcing endless battles is banned\n|rule|OHKO Clause: OHKO moves are banned\n|rule|Evasion Clause: Evasion abilities, items, and moves are banned\n|rule|Evasion Abilities Clause: Evasion abilities are banned\n|rule|Evasion Items Clause: Evasion items are banned\n|rule|Evasion Moves Clause: Evasion moves are banned\n|rule|Species Clause: Limit one of each Pok\u00e9mon\n|rule|Sleep Clause Mod: Limit one foe put to sleep\n|clearpoke\n|poke|p1|Weavile, M|\n|poke|p1|Landorus-Therian, M|\n|poke|p1|Zapdos|\n|poke|p1|Volcanion|\n|poke|p1|Ursaluna, F|\n|poke|p1|Kartana|\n|poke|p2|Latios, M|\n|poke|p2|Buzzwole|\n|poke|p2|Gliscor, M|\n|poke|p2|Weavile, F|\n|poke|p2|Heatran, F|\n|poke|p2|Ogerpon-Wellspring, F|\n|teampreview\n|inactive|Battle timer is ON: inactive players will automatically lose when time's up. (requested by jia jia pig\u5609\u5609)\n|\n|t:|1700243075\n|start\n|switch|p1a: Weavile|Weavile, M, shiny|100\/100\n|switch|p2a: Buzzwole|Buzzwole|100\/100\n|-ability|p1a: Weavile|Pressure\n|turn|1\n|\n|t:|1700243079\n|move|p1a: Weavile|Triple Axel|p2a: Buzzwole\n|-damage|p2a: Buzzwole|93\/100\n|-damage|p2a: Buzzwole|79\/100\n|-damage|p2a: Buzzwole|58\/100\n|-hitcount|p2a: Buzzwole|3\n|move|p2a: Buzzwole|Drain Punch|p1a: Weavile\n|-supereffective|p1a: Weavile\n|-damage|p1a: Weavile|0 fnt\n|-heal|p2a: Buzzwole|92\/100|[from] drain|[of] p1a: Weavile\n|faint|p1a: Weavile\n|-ability|p2a: Buzzwole|Beast Boost|boost\n|-boost|p2a: Buzzwole|def|1\n|\n|upkeep\n|\n|t:|1700243087\n|switch|p1a: Volcanion|Volcanion|100\/100\n|turn|2\n|\n|t:|1700243094\n|switch|p2a: Heatran|Heatran, F|100\/100\n|move|p1a: Volcanion|Steam Eruption|p2a: Heatran\n|-supereffective|p2a: Heatran\n|-damage|p2a: Heatran|39\/100\n|\n|-heal|p2a: Heatran|45\/100|[from] item: Leftovers\n|upkeep\n|turn|3\n|\n|t:|1700243101\n|move|p2a: Heatran|Earth Power|p1a: Volcanion\n|-supereffective|p1a: Volcanion\n|-damage|p1a: Volcanion|44\/100\n|move|p1a: Volcanion|Body Press|p2a: Heatran\n|-supereffective|p2a: Heatran\n|-damage|p2a: Heatran|0 fnt\n|faint|p2a: Heatran\n|\n|upkeep\n|\n|t:|1700243105\n|switch|p2a: Weavile|Weavile, F|100\/100\n|-ability|p2a: Weavile|Pressure\n|turn|4\n|\n|t:|1700243116\n|move|p2a: Weavile|Knock Off|p1a: Volcanion\n|-crit|p1a: Volcanion\n|-damage|p1a: Volcanion|0 fnt\n|-enditem|p1a: Volcanion|Heavy-Duty Boots|[from] move: Knock Off|[of] p2a: Weavile\n|faint|p1a: Volcanion\n|\n|upkeep\n|\n|t:|1700243118\n|switch|p1a: Kartana|Kartana|100\/100\n|turn|5\n|\n|t:|1700243124\n|switch|p2a: Buzzwole|Buzzwole|92\/100\n|move|p1a: Kartana|Smart Strike|p2a: Buzzwole\n|-damage|p2a: Buzzwole|69\/100\n|\n|upkeep\n|turn|6\n|\n|t:|1700243130\n|switch|p1a: Zapdos|Zapdos|100\/100\n|move|p2a: Buzzwole|Roost|p2a: Buzzwole\n|-heal|p2a: Buzzwole|100\/100\n|-singleturn|p2a: Buzzwole|move: Roost\n|\n|upkeep\n|turn|7\n|\n|t:|1700243133\n|switch|p2a: Gliscor|Gliscor, M|100\/100\n|move|p1a: Zapdos|Hurricane|p2a: Gliscor\n|-damage|p2a: Gliscor|64\/100\n|\n|-status|p2a: Gliscor|tox|[from] item: Toxic Orb\n|upkeep\n|turn|8\n|\n|t:|1700243139\n|move|p1a: Zapdos|U-turn|p2a: Gliscor\n|-resisted|p2a: Gliscor\n|-damage|p2a: Gliscor|59\/100 tox\n|\n|t:|1700243141\n|switch|p1a: Kartana|Kartana|100\/100|[from] U-turn\n|move|p2a: Gliscor|Toxic|p1a: Kartana|[miss]\n|-miss|p2a: Gliscor|p1a: Kartana\n|\n|-heal|p2a: Gliscor|71\/100 tox|[from] ability: Poison Heal\n|upkeep\n|turn|9\n|\n|t:|1700243147\n|move|p1a: Kartana|Leaf Blade|p2a: Gliscor\n|-damage|p2a: Gliscor|21\/100 tox\n|move|p2a: Gliscor|Earthquake|p1a: Kartana\n|-damage|p1a: Kartana|69\/100\n|\n|-heal|p2a: Gliscor|33\/100 tox|[from] ability: Poison Heal\n|upkeep\n|turn|10\n|\n|t:|1700243155\n|switch|p2a: Buzzwole|Buzzwole|100\/100\n|move|p1a: Kartana|Leaf Blade|p2a: Buzzwole\n|-resisted|p2a: Buzzwole\n|-damage|p2a: Buzzwole|86\/100\n|\n|upkeep\n|turn|11\n|\n|t:|1700243162\n|switch|p1a: Landorus|Landorus-Therian, M|100\/100\n|-ability|p1a: Landorus|Intimidate|boost\n|-unboost|p2a: Buzzwole|atk|1\n|move|p2a: Buzzwole|Ice Punch|p1a: Landorus\n|-supereffective|p1a: Landorus\n|-damage|p1a: Landorus|41\/100\n|\n|-heal|p1a: Landorus|47\/100|[from] item: Leftovers\n|upkeep\n|turn|12\n|\n|t:|1700243165\n|move|p1a: Landorus|Stealth Rock|p2a: Buzzwole\n|-sidestart|p2: testing a funni3|move: Stealth Rock\n|move|p2a: Buzzwole|Ice Punch|p1a: Landorus\n|-supereffective|p1a: Landorus\n|-damage|p1a: Landorus|0 fnt\n|faint|p1a: Landorus\n|-ability|p2a: Buzzwole|Beast Boost|boost\n|-boost|p2a: Buzzwole|def|1\n|\n|upkeep\n|\n|t:|1700243167\n|switch|p1a: Zapdos|Zapdos|100\/100\n|turn|13\n|\n|t:|1700243174\n|switch|p2a: Gliscor|Gliscor, M|33\/100 tox\n|-damage|p2a: Gliscor|21\/100 tox|[from] Stealth Rock\n|move|p1a: Zapdos|Hurricane|p2a: Gliscor\n|-damage|p2a: Gliscor|0 fnt\n|faint|p2a: Gliscor\n|\n|upkeep\n|\n|t:|1700243184\n|switch|p2a: Weavile|Weavile, F|100\/100\n|-damage|p2a: Weavile|76\/100|[from] Stealth Rock\n|-ability|p2a: Weavile|Pressure\n|turn|14\n|\n|t:|1700243191\n|switch|p1a: Kartana|Kartana|69\/100\n|move|p2a: Weavile|Triple Axel|p1a: Kartana\n|-damage|p1a: Kartana|52\/100\n|-damage|p1a: Kartana|19\/100\n|-damage|p1a: Kartana|0 fnt\n|faint|p1a: Kartana\n|-hitcount|p1: Kartana|3\n|\n|upkeep\n|\n|t:|1700243196\n|switch|p1a: Zapdos|Zapdos|100\/100\n|turn|15\n|\n|t:|1700243199\n|-terastallize|p1a: Zapdos|Electric\n|move|p2a: Weavile|Triple Axel|p1a: Zapdos\n|-damage|p1a: Zapdos|90\/100\n|-damage|p1a: Zapdos|70\/100\n|-crit|p1a: Zapdos\n|-damage|p1a: Zapdos|23\/100\n|-status|p2a: Weavile|par|[from] ability: Static|[of] p1a: Zapdos\n|-hitcount|p1a: Zapdos|3\n|move|p1a: Zapdos|Discharge|p2a: Weavile\n|-damage|p2a: Weavile|9\/100 par\n|\n|upkeep\n|turn|16\n|\n|t:|1700243208\n|move|p1a: Zapdos|Roost|p1a: Zapdos\n|-heal|p1a: Zapdos|73\/100\n|move|p2a: Weavile|Triple Axel|p1a: Zapdos\n|-damage|p1a: Zapdos|61\/100\n|-damage|p1a: Zapdos|41\/100\n|-damage|p1a: Zapdos|10\/100\n|-hitcount|p1a: Zapdos|3\n|\n|upkeep\n|turn|17\n|\n|t:|1700243216\n|move|p1a: Zapdos|U-turn|p2a: Weavile\n|-supereffective|p2a: Weavile\n|-damage|p2a: Weavile|0 fnt\n|faint|p2a: Weavile\n|\n|t:|1700243218\n|switch|p1a: Ursaluna|Ursaluna, F|100\/100|[from] U-turn\n|\n|-status|p1a: Ursaluna|brn|[from] item: Flame Orb\n|upkeep\n|\n|t:|1700243227\n|switch|p2a: Buzzwole|Buzzwole|86\/100\n|turn|18\n|\n|t:|1700243235\n|move|p1a: Ursaluna|Swords Dance|p1a: Ursaluna\n|-boost|p1a: Ursaluna|atk|2\n|move|p2a: Buzzwole|Drain Punch|p1a: Ursaluna\n|-supereffective|p1a: Ursaluna\n|-damage|p1a: Ursaluna|49\/100 brn\n|-heal|p2a: Buzzwole|100\/100|[from] drain|[of] p1a: Ursaluna\n|\n|-damage|p1a: Ursaluna|43\/100 brn|[from] brn\n|upkeep\n|turn|19\n|\n|t:|1700243246\n|move|p1a: Ursaluna|Facade|p2a: Buzzwole\n|-damage|p2a: Buzzwole|0 fnt\n|faint|p2a: Buzzwole\n|\n|-damage|p1a: Ursaluna|37\/100 brn|[from] brn\n|upkeep\n|\n|t:|1700243250\n|switch|p2a: Ogerpon|Ogerpon-Wellspring, F|100\/100\n|-damage|p2a: Ogerpon|88\/100|[from] Stealth Rock\n|turn|20\n|\n|t:|1700243252\n|move|p2a: Ogerpon|Ivy Cudgel|p1a: Ursaluna|[anim] Ivy Cudgel Water\n|-supereffective|p1a: Ursaluna\n|-damage|p1a: Ursaluna|0 fnt\n|faint|p1a: Ursaluna\n|\n|upkeep\n|\n|t:|1700243254\n|switch|p1a: Zapdos|Zapdos, tera:Electric|10\/100\n|turn|21\n|\n|t:|1700243257\n|move|p2a: Ogerpon|Ivy Cudgel|p1a: Zapdos|[anim] Ivy Cudgel Water\n|-damage|p1a: Zapdos|0 fnt\n|faint|p1a: Zapdos\n|\n|win|testing a funni3\n|raw|jia jia pig\u5609\u5609's rating: 1540 &rarr; <strong>1516<\/strong><br \/>(-24 for losing)\n|raw|testing a funni3's rating: 1462 &rarr; <strong>1486<\/strong><br \/>(+24 for winning)\n","uploadtime":1700243262,"views":10,"p1id":"jiajiapig","p2id":"testingafunni3","formatid":"gen9nationaldex","rating":1486,"private":0,"password":""}