{"id":"gen9nationaldex-1989728174","p1":"Vekotj","p2":"Freezybreezy","format":"[Gen 9] National Dex","log":"|j|\u2606Vekotj\n|j|\u2606Freezybreezy\n|t:|1699890632\n|gametype|singles\n|player|p1|Vekotj|ghetsis-gen5bw|1345\n|player|p2|Freezybreezy|sabrina|1324\n|teamsize|p1|6\n|teamsize|p2|6\n|gen|9\n|tier|[Gen 9] National Dex\n|rated|\n|rule|HP Percentage Mod: HP is shown in percentages\n|rule|Endless Battle Clause: Forcing endless battles is banned\n|rule|OHKO Clause: OHKO moves are banned\n|rule|Evasion Clause: Evasion abilities, items, and moves are banned\n|rule|Evasion Abilities Clause: Evasion abilities are banned\n|rule|Evasion Items Clause: Evasion items are banned\n|rule|Evasion Moves Clause: Evasion moves are banned\n|rule|Species Clause: Limit one of each Pok\u00e9mon\n|rule|Sleep Clause Mod: Limit one foe put to sleep\n|clearpoke\n|poke|p1|Diancie|\n|poke|p1|Polteageist|\n|poke|p1|Tapu Lele|\n|poke|p1|Sneasler, M|\n|poke|p1|Gliscor, F|\n|poke|p1|Maushold|\n|poke|p2|Hoopa-Unbound|\n|poke|p2|Galvantula, M|\n|poke|p2|Charizard, M|\n|poke|p2|Ursaring, F|\n|poke|p2|Runerigus, F|\n|poke|p2|Aerodactyl, F|\n|teampreview\n|inactive|Battle timer is ON: inactive players will automatically lose when time's up. (requested by Vekotj)\n|\n|t:|1699890647\n|start\n|switch|p1a: Diancie|Diancie|100\/100\n|switch|p2a: Runerigus|Runerigus, F|100\/100\n|turn|1\n|\n|t:|1699890659\n|switch|p1a: Gliscor|Gliscor, F, shiny|100\/100\n|move|p2a: Runerigus|Earthquake|p1a: Gliscor\n|-immune|p1a: Gliscor\n|\n|-status|p1a: Gliscor|tox|[from] item: Toxic Orb\n|upkeep\n|turn|2\n|\n|t:|1699890674\n|move|p1a: Gliscor|Poison Jab|p2a: Runerigus\n|-resisted|p2a: Runerigus\n|-damage|p2a: Runerigus|97\/100\n|-activate|p2a: Runerigus|ability: Wandering Spirit|Poison Heal|Wandering Spirit|[of] p1a: Gliscor\n|move|p2a: Runerigus|Stealth Rock|p1a: Gliscor\n|-sidestart|p1: Vekotj|move: Stealth Rock\n|\n|-heal|p2a: Runerigus|100\/100|[from] item: Leftovers\n|-damage|p1a: Gliscor|94\/100 tox|[from] psn\n|upkeep\n|turn|3\n|c|\u2606Freezybreezy|hehehehaw\n|\n|t:|1699890690\n|move|p1a: Gliscor|Defog|p2a: Runerigus\n|-unboost|p2a: Runerigus|evasion|1\n|-sideend|p1: Vekotj|Stealth Rock|[from] move: Defog|[of] p1a: Gliscor\n|move|p2a: Runerigus|Iron Defense|p2a: Runerigus\n|-boost|p2a: Runerigus|def|2\n|\n|-damage|p1a: Gliscor|82\/100 tox|[from] psn\n|upkeep\n|turn|4\n|c|\u2606Vekotj|??!!\n|inactive|Vekotj has 120 seconds left.\n|\n|t:|1699890717\n|move|p1a: Gliscor|Earthquake|p2a: Runerigus\n|-damage|p2a: Runerigus|88\/100\n|move|p2a: Runerigus|Stealth Rock|p1a: Gliscor\n|-sidestart|p1: Vekotj|move: Stealth Rock\n|\n|-heal|p2a: Runerigus|94\/100|[from] item: Leftovers\n|-damage|p1a: Gliscor|63\/100 tox|[from] psn\n|upkeep\n|turn|5\n|\n|t:|1699890721\n|move|p1a: Gliscor|Defog|p2a: Runerigus\n|-unboost|p2a: Runerigus|evasion|1\n|-sideend|p1: Vekotj|Stealth Rock|[from] move: Defog|[of] p1a: Gliscor\n|move|p2a: Runerigus|Body Press|p1a: Gliscor\n|-resisted|p1a: Gliscor\n|-damage|p1a: Gliscor|29\/100 tox\n|-activate|p1a: Gliscor|ability: Wandering Spirit|Poison Heal|Wandering Spirit|[of] p2a: Runerigus\n|\n|-heal|p2a: Runerigus|100\/100|[from] item: Leftovers\n|-heal|p1a: Gliscor|42\/100 tox|[from] ability: Poison Heal\n|upkeep\n|turn|6\n|inactive|Vekotj has 120 seconds left.\n|\n|t:|1699890737\n|move|p1a: Gliscor|Earthquake|p2a: Runerigus\n|-damage|p2a: Runerigus|89\/100\n|move|p2a: Runerigus|Stealth Rock|p1a: Gliscor\n|-sidestart|p1: Vekotj|move: Stealth Rock\n|\n|-heal|p2a: Runerigus|95\/100|[from] item: Leftovers\n|-heal|p1a: Gliscor|54\/100 tox|[from] ability: Poison Heal\n|upkeep\n|turn|7\n|\n|t:|1699890743\n|move|p1a: Gliscor|Defog|p2a: Runerigus\n|-unboost|p2a: Runerigus|evasion|1\n|-sideend|p1: Vekotj|Stealth Rock|[from] move: Defog|[of] p1a: Gliscor\n|move|p2a: Runerigus|Iron Defense|p2a: Runerigus\n|-boost|p2a: Runerigus|def|2\n|\n|-heal|p2a: Runerigus|100\/100|[from] item: Leftovers\n|-heal|p1a: Gliscor|66\/100 tox|[from] ability: Poison Heal\n|upkeep\n|turn|8\n|\n|t:|1699890762\n|move|p1a: Gliscor|Earthquake|p2a: Runerigus\n|-damage|p2a: Runerigus|91\/100\n|move|p2a: Runerigus|Stealth Rock|p1a: Gliscor\n|-sidestart|p1: Vekotj|move: Stealth Rock\n|\n|-heal|p2a: Runerigus|97\/100|[from] item: Leftovers\n|-heal|p1a: Gliscor|79\/100 tox|[from] ability: Poison Heal\n|upkeep\n|turn|9\n|\n|t:|1699890769\n|move|p1a: Gliscor|Defog|p2a: Runerigus\n|-unboost|p2a: Runerigus|evasion|1\n|-sideend|p1: Vekotj|Stealth Rock|[from] move: Defog|[of] p1a: Gliscor\n|move|p2a: Runerigus|Body Press|p1a: Gliscor\n|-resisted|p1a: Gliscor\n|-damage|p1a: Gliscor|28\/100 tox\n|\n|-heal|p2a: Runerigus|100\/100|[from] item: Leftovers\n|-heal|p1a: Gliscor|40\/100 tox|[from] ability: Poison Heal\n|upkeep\n|turn|10\n|\n|t:|1699890780\n|switch|p1a: Tokopiyon|Tapu Lele, shiny|100\/100\n|-fieldstart|move: Psychic Terrain|[from] ability: Psychic Surge|[of] p1a: Tokopiyon\n|move|p2a: Runerigus|Stealth Rock|p1a: Tokopiyon\n|-sidestart|p1: Vekotj|move: Stealth Rock\n|\n|upkeep\n|turn|11\n|\n|t:|1699890789\n|move|p1a: Tokopiyon|Psyshock|p2a: Runerigus\n|-damage|p2a: Runerigus|89\/100\n|move|p2a: Runerigus|Earthquake|p1a: Tokopiyon\n|-damage|p1a: Tokopiyon|47\/100\n|\n|-heal|p2a: Runerigus|95\/100|[from] item: Leftovers\n|upkeep\n|turn|12\n|c|\u2606Freezybreezy|Can you read\n|\n|t:|1699890800\n|move|p1a: Tokopiyon|Moonblast|p2a: Runerigus\n|-damage|p2a: Runerigus|43\/100\n|move|p2a: Runerigus|Earthquake|p1a: Tokopiyon\n|-damage|p1a: Tokopiyon|0 fnt\n|faint|p1a: Tokopiyon\n|\n|-heal|p2a: Runerigus|49\/100|[from] item: Leftovers\n|upkeep\n|\n|t:|1699890805\n|switch|p1a: Sneasler|Sneasler, M, shiny|100\/100\n|-damage|p1a: Sneasler|95\/100|[from] Stealth Rock\n|-enditem|p1a: Sneasler|Psychic Seed\n|-boost|p1a: Sneasler|spd|1|[from] item: Psychic Seed\n|turn|13\n|\n|t:|1699890818\n|-terastallize|p1a: Sneasler|Flying\n|move|p1a: Sneasler|Swords Dance|p1a: Sneasler\n|-boost|p1a: Sneasler|atk|2\n|move|p2a: Runerigus|Earthquake|p1a: Sneasler\n|-immune|p1a: Sneasler\n|\n|-heal|p2a: Runerigus|55\/100|[from] item: Leftovers\n|upkeep\n|turn|14\n|\n|t:|1699890831\n|move|p1a: Sneasler|Acrobatics|p2a: Runerigus\n|-damage|p2a: Runerigus|32\/100\n|-activate|p2a: Runerigus|ability: Wandering Spirit|Unburden|Wandering Spirit|[of] p1a: Sneasler\n|move|p2a: Runerigus|Body Press|p1a: Sneasler\n|-resisted|p1a: Sneasler\n|-damage|p1a: Sneasler|9\/100\n|-activate|p1a: Sneasler|ability: Wandering Spirit|Unburden|Wandering Spirit|[of] p2a: Runerigus\n|\n|-heal|p2a: Runerigus|39\/100|[from] item: Leftovers\n|upkeep\n|turn|15\n|\n|t:|1699890841\n|move|p1a: Sneasler|Acrobatics|p2a: Runerigus\n|-damage|p2a: Runerigus|14\/100\n|-activate|p2a: Runerigus|ability: Wandering Spirit|Unburden|Wandering Spirit|[of] p1a: Sneasler\n|move|p2a: Runerigus|Body Press|p1a: Sneasler\n|-resisted|p1a: Sneasler\n|-damage|p1a: Sneasler|0 fnt\n|-activate|p1a: Sneasler|ability: Wandering Spirit|Unburden|Wandering Spirit|[of] p2a: Runerigus\n|faint|p1a: Sneasler\n|\n|-heal|p2a: Runerigus|20\/100|[from] item: Leftovers\n|upkeep\n|\n|t:|1699890855\n|switch|p1a: Diancie|Diancie|100\/100\n|-damage|p1a: Diancie|88\/100|[from] Stealth Rock\n|turn|16\n|\n|t:|1699890860\n|detailschange|p1a: Diancie|Diancie-Mega\n|-mega|p1a: Diancie|Diancie|Diancite\n|move|p1a: Diancie|Moonblast|p2a: Runerigus\n|-damage|p2a: Runerigus|0 fnt\n|faint|p2a: Runerigus\n|\n|upkeep\n|\n|t:|1699890868\n|switch|p2a: Aerodactyl|Aerodactyl, F|100\/100\n|-ability|p2a: Aerodactyl|Pressure\n|turn|17\n|\n|t:|1699890873\n|move|p2a: Aerodactyl|Earthquake|p1a: Diancie\n|-supereffective|p1a: Diancie\n|-damage|p1a: Diancie|5\/100\n|move|p1a: Diancie|Stealth Rock|p2a: Aerodactyl\n|-sidestart|p2: Freezybreezy|move: Stealth Rock\n|\n|-fieldend|move: Psychic Terrain\n|upkeep\n|turn|18\n|\n|t:|1699890882\n|switch|p1a: Gliscor|Gliscor, F, shiny|40\/100 tox\n|-damage|p1a: Gliscor|28\/100 tox|[from] Stealth Rock\n|move|p2a: Aerodactyl|Hone Claws|p2a: Aerodactyl\n|-boost|p2a: Aerodactyl|atk|1\n|-boost|p2a: Aerodactyl|accuracy|1\n|\n|-heal|p1a: Gliscor|40\/100 tox|[from] ability: Poison Heal\n|upkeep\n|turn|19\n|\n|t:|1699890893\n|move|p2a: Aerodactyl|Stone Edge|p1a: Gliscor\n|-damage|p1a: Gliscor|0 fnt\n|faint|p1a: Gliscor\n|\n|upkeep\n|c|\u2606Freezybreezy|It\u2019s too easy bruh\n|\n|t:|1699890904\n|switch|p1a: Maushold|Maushold, shiny|100\/100\n|-damage|p1a: Maushold|88\/100|[from] Stealth Rock\n|turn|20\n|\n|t:|1699890914\n|move|p2a: Aerodactyl|Stone Edge|p1a: Maushold\n|-damage|p1a: Maushold|0 fnt\n|faint|p1a: Maushold\n|\n|upkeep\n|\n|t:|1699890919\n|switch|p1a: Diancie|Diancie-Mega|5\/100\n|-damage|p1a: Diancie|0 fnt|[from] Stealth Rock\n|faint|p1a: Diancie\n|\n|t:|1699890922\n|switch|p1a: Polteageist|Polteageist, shiny|100\/100\n|-damage|p1a: Polteageist|88\/100|[from] Stealth Rock\n|turn|21\n|\n|t:|1699890929\n|move|p1a: Polteageist|Sucker Punch|p2a: Aerodactyl\n|-crit|p2a: Aerodactyl\n|-damage|p2a: Aerodactyl|70\/100\n|move|p2a: Aerodactyl|Dual Wingbeat|p1a: Polteageist\n|-damage|p1a: Polteageist|35\/100\n|-ability|p1a: Polteageist|Weak Armor|boost\n|-unboost|p1a: Polteageist|def|1\n|-boost|p1a: Polteageist|spe|2\n|-damage|p1a: Polteageist|0 fnt\n|faint|p1a: Polteageist\n|-hitcount|p1: Polteageist|2\n|\n|win|Freezybreezy\n|raw|Vekotj's rating: 1345 &rarr; <strong>1324<\/strong><br \/>(-21 for losing)\n|raw|Freezybreezy's rating: 1324 &rarr; <strong>1345<\/strong><br \/>(+21 for winning)\n|c|\u2606Freezybreezy|gg\n","uploadtime":1699890937,"views":21,"p1id":"vekotj","p2id":"freezybreezy","formatid":"gen9nationaldex","rating":1324,"private":0,"password":""}