{"id":"gen9nationaldex-1992674235","p1":"ouxiaonengshou","p2":"Dr Allen Hu","format":"[Gen 9] National Dex","log":"|j|\u2606ouxiaonengshou\n|j|\u2606Dr Allen Hu\n|t:|1700223679\n|gametype|singles\n|player|p1|ouxiaonengshou|iris-gen5bw2|1080\n|player|p2|Dr Allen Hu|266|1058\n|teamsize|p1|6\n|teamsize|p2|6\n|gen|9\n|tier|[Gen 9] National Dex\n|rated|\n|rule|HP Percentage Mod: HP is shown in percentages\n|rule|Endless Battle Clause: Forcing endless battles is banned\n|rule|OHKO Clause: OHKO moves are banned\n|rule|Evasion Clause: Evasion abilities, items, and moves are banned\n|rule|Evasion Abilities Clause: Evasion abilities are banned\n|rule|Evasion Items Clause: Evasion items are banned\n|rule|Evasion Moves Clause: Evasion moves are banned\n|rule|Species Clause: Limit one of each Pok\u00e9mon\n|rule|Sleep Clause Mod: Limit one foe put to sleep\n|clearpoke\n|poke|p1|Sudowoodo, M|\n|poke|p1|Shiftry, F|\n|poke|p1|Corviknight, M|\n|poke|p1|Swampert, M|\n|poke|p1|Pelipper, F|\n|poke|p1|Ogerpon, F|\n|poke|p2|Alomomola, M|\n|poke|p2|Umbreon, M|\n|poke|p2|Entei|\n|poke|p2|Ferrothorn, F|\n|poke|p2|Venusaur, F|\n|poke|p2|Iron Valiant|\n|teampreview\n|inactive|Battle timer is ON: inactive players will automatically lose when time's up. (requested by Dr Allen Hu)\n|\n|t:|1700223690\n|start\n|switch|p1a: Sudowoodo|Sudowoodo, M, shiny|100\/100\n|switch|p2a: Ferrothorn|Ferrothorn, F|100\/100\n|turn|1\n|\n|t:|1700223695\n|move|p1a: Sudowoodo|Taunt|p2a: Ferrothorn\n|-start|p2a: Ferrothorn|move: Taunt\n|cant|p2a: Ferrothorn|move: Taunt|Toxic\n|\n|upkeep\n|turn|2\n|\n|t:|1700223700\n|switch|p2a: Venusaur|Venusaur, F|100\/100\n|move|p1a: Sudowoodo|Counter||[still]\n|-fail|p1a: Sudowoodo\n|\n|upkeep\n|turn|3\n|\n|t:|1700223706\n|detailschange|p2a: Venusaur|Venusaur-Mega, F\n|-mega|p2a: Venusaur|Venusaur|Venusaurite\n|move|p2a: Venusaur|Toxic|p1a: Sudowoodo\n|-status|p1a: Sudowoodo|tox\n|move|p1a: Sudowoodo|Stealth Rock|p2a: Venusaur\n|-sidestart|p2: Dr Allen Hu|move: Stealth Rock\n|\n|-damage|p1a: Sudowoodo|94\/100 tox|[from] psn\n|upkeep\n|turn|4\n|\n|t:|1700223726\n|switch|p1a: Corviknight|Corviknight, M, shiny|100\/100\n|move|p2a: Venusaur|Leech Seed|p1a: Corviknight\n|-start|p1a: Corviknight|move: Leech Seed\n|\n|-damage|p1a: Corviknight|88\/100|[from] Leech Seed|[of] p2a: Venusaur\n|upkeep\n|turn|5\n|\n|t:|1700223733\n|switch|p2a: Ferrothorn|Ferrothorn, F|100\/100\n|-damage|p2a: Ferrothorn|95\/100|[from] Stealth Rock\n|switch|p1a: Shiftry|Shiftry, F, shiny|100\/100\n|\n|upkeep\n|turn|6\n|\n|t:|1700223740\n|move|p1a: Shiftry|Heat Wave|p2a: Ferrothorn\n|-supereffective|p2a: Ferrothorn\n|-damage|p2a: Ferrothorn|19\/100\n|move|p2a: Ferrothorn|Toxic|p1a: Shiftry\n|-status|p1a: Shiftry|tox\n|\n|-damage|p1a: Shiftry|94\/100 tox|[from] psn\n|upkeep\n|turn|7\n|\n|t:|1700223748\n|switch|p2a: Entei|Entei|100\/100\n|-damage|p2a: Entei|76\/100|[from] Stealth Rock\n|move|p1a: Shiftry|Tailwind|p1a: Shiftry\n|-sidestart|p1: ouxiaonengshou|move: Tailwind\n|-ability|p1a: Shiftry|Wind Rider|boost\n|-boost|p1a: Shiftry|atk|1\n|\n|-damage|p1a: Shiftry|82\/100 tox|[from] psn\n|upkeep\n|turn|8\n|\n|t:|1700223763\n|move|p1a: Shiftry|Explosion|p2a: Entei\n|-damage|p2a: Entei|0 fnt\n|faint|p1a: Shiftry\n|faint|p2a: Entei\n|\n|upkeep\n|\n|t:|1700223772\n|switch|p1a: Ogerpon|Ogerpon, F|100\/100\n|switch|p2a: Alomomola|Alomomola, M|100\/100\n|-damage|p2a: Alomomola|88\/100|[from] Stealth Rock\n|turn|9\n|\n|t:|1700223778\n|move|p1a: Ogerpon|Swords Dance|p1a: Ogerpon\n|-boost|p1a: Ogerpon|atk|2\n|move|p2a: Alomomola|Toxic|p1a: Ogerpon\n|-status|p1a: Ogerpon|tox\n|\n|-heal|p2a: Alomomola|94\/100|[from] item: Leftovers\n|-damage|p1a: Ogerpon|95\/100 tox|[from] psn\n|upkeep\n|turn|10\n|\n|t:|1700223787\n|switch|p2a: Umbreon|Umbreon, M, shiny|100\/100\n|-damage|p2a: Umbreon|88\/100|[from] Stealth Rock\n|-zpower|p1a: Ogerpon\n|move|p1a: Ogerpon|Bloom Doom|p2a: Umbreon|[zeffect]\n|-damage|p2a: Umbreon|0 fnt\n|faint|p2a: Umbreon\n|\n|-damage|p1a: Ogerpon|83\/100 tox|[from] psn\n|-sideend|p1: ouxiaonengshou|move: Tailwind\n|upkeep\n|-message|Dr Allen Hu forfeited.\n|\n|win|ouxiaonengshou\n|raw|ouxiaonengshou's rating: 1080 &rarr; <strong>1106<\/strong><br \/>(+26 for winning)\n|raw|Dr Allen Hu's rating: 1058 &rarr; <strong>1040<\/strong><br \/>(-18 for losing)\n|l|\u2606Dr Allen Hu\n","uploadtime":1700223816,"views":5,"p1id":"ouxiaonengshou","p2id":"drallenhu","formatid":"gen9nationaldex","rating":1040,"private":0,"password":""}