{"id":"gen9nationaldex-1989124498","p1":"mannmilk","p2":"luizhsouza3","format":"[Gen 9] National Dex","log":"|j|\u2606mannmilk\n|j|\u2606luizhsouza3\n|t:|1699814857\n|gametype|singles\n|player|p1|mannmilk|clown|1217\n|player|p2|luizhsouza3|striker|1285\n|teamsize|p1|6\n|teamsize|p2|6\n|gen|9\n|tier|[Gen 9] National Dex\n|rated|\n|rule|HP Percentage Mod: HP is shown in percentages\n|rule|Endless Battle Clause: Forcing endless battles is banned\n|rule|OHKO Clause: OHKO moves are banned\n|rule|Evasion Clause: Evasion abilities, items, and moves are banned\n|rule|Evasion Abilities Clause: Evasion abilities are banned\n|rule|Evasion Items Clause: Evasion items are banned\n|rule|Evasion Moves Clause: Evasion moves are banned\n|rule|Species Clause: Limit one of each Pok\u00e9mon\n|rule|Sleep Clause Mod: Limit one foe put to sleep\n|clearpoke\n|poke|p1|Manaphy|\n|poke|p1|Ninetales-Alola, F|\n|poke|p1|Polteageist|\n|poke|p1|Jirachi|\n|poke|p1|Lopunny, M|\n|poke|p1|Cinderace, F|\n|poke|p2|Skeledirge, F|\n|poke|p2|Meowscarada, M|\n|poke|p2|Quaquaval, F|\n|poke|p2|Tinkaton, F|\n|poke|p2|Garganacl, M|\n|poke|p2|Kilowattrel, M|\n|teampreview\n|inactive|Battle timer is ON: inactive players will automatically lose when time's up. (requested by luizhsouza3)\n|\n|t:|1699814884\n|start\n|switch|p1a: Lopunny|Lopunny, M|100\/100\n|switch|p2a: Tinkaton|Tinkaton, F|100\/100\n|-ability|p2a: Tinkaton|Mold Breaker\n|turn|1\n|\n|t:|1699814896\n|detailschange|p1a: Lopunny|Lopunny-Mega, M\n|-mega|p1a: Lopunny|Lopunny|Lopunnite\n|move|p1a: Lopunny|Fake Out|p2a: Tinkaton\n|-resisted|p2a: Tinkaton\n|-damage|p2a: Tinkaton|86\/100\n|-damage|p1a: Lopunny|84\/100|[from] item: Rocky Helmet|[of] p2a: Tinkaton\n|cant|p2a: Tinkaton|flinch\n|\n|upkeep\n|turn|2\n|\n|t:|1699814903\n|move|p1a: Lopunny|High Jump Kick|p2a: Tinkaton\n|-damage|p2a: Tinkaton|0 fnt\n|-damage|p1a: Lopunny|67\/100|[from] item: Rocky Helmet|[of] p2a: Tinkaton\n|faint|p2a: Tinkaton\n|\n|upkeep\n|\n|t:|1699814912\n|switch|p2a: Kilowattrel|Kilowattrel, M|100\/100\n|turn|3\n|\n|t:|1699814928\n|move|p1a: Lopunny|U-turn|p2a: Kilowattrel\n|-resisted|p2a: Kilowattrel\n|-damage|p2a: Kilowattrel|76\/100\n|\n|t:|1699814933\n|switch|p1a: Ninetales|Ninetales-Alola, F|100\/100|[from] U-turn\n|-weather|Snow|[from] ability: Snow Warning|[of] p1a: Ninetales\n|move|p2a: Kilowattrel|Hurricane|p1a: Ninetales|[miss]\n|-miss|p2a: Kilowattrel|p1a: Ninetales\n|\n|-weather|Snow|[upkeep]\n|upkeep\n|turn|4\n|\n|t:|1699814940\n|move|p2a: Kilowattrel|Volt Switch|p1a: Ninetales\n|-damage|p1a: Ninetales|65\/100\n|\n|t:|1699814944\n|switch|p2a: Skeledirge|Skeledirge, F|100\/100|[from] Volt Switch\n|move|p1a: Ninetales|Aurora Veil|p1a: Ninetales\n|-sidestart|p1: mannmilk|move: Aurora Veil\n|\n|-weather|Snow|[upkeep]\n|upkeep\n|turn|5\n|\n|t:|1699814947\n|switch|p1a: don't care|Manaphy|100\/100\n|move|p2a: Skeledirge|Torch Song|p1a: don't care\n|-resisted|p1a: don't care\n|-damage|p1a: don't care|92\/100\n|-boost|p2a: Skeledirge|spa|1\n|-enditem|p2a: Skeledirge|Throat Spray\n|-boost|p2a: Skeledirge|spa|1|[from] item: Throat Spray\n|\n|-weather|Snow|[upkeep]\n|-heal|p1a: don't care|98\/100|[from] item: Leftovers\n|upkeep\n|turn|6\n|\n|t:|1699814954\n|-terastallize|p2a: Skeledirge|Normal\n|move|p1a: don't care|Skill Swap|p2a: Skeledirge\n|-activate|p1a: don't care|move: Skill Swap|Unaware|Hydration|[of] p2a: Skeledirge\n|move|p2a: Skeledirge|Torch Song|p1a: don't care\n|-resisted|p1a: don't care\n|-damage|p1a: don't care|89\/100\n|-boost|p2a: Skeledirge|spa|1\n|\n|-weather|Snow|[upkeep]\n|-heal|p1a: don't care|95\/100|[from] item: Leftovers\n|upkeep\n|turn|7\n|\n|t:|1699814959\n|move|p1a: don't care|Heart Swap|p2a: Skeledirge\n|-swapboost|p1a: don't care|p2a: Skeledirge|[from] move: Heart Swap\n|move|p2a: Skeledirge|Hyper Voice|p1a: don't care\n|-damage|p1a: don't care|76\/100\n|\n|-weather|none\n|-heal|p1a: don't care|83\/100|[from] item: Leftovers\n|upkeep\n|turn|8\n|c|\u2606mannmilk|ty\n|\n|t:|1699814968\n|switch|p2a: Meowscarada|Meowscarada, M|100\/100\n|move|p1a: don't care|Scald|p2a: Meowscarada\n|-resisted|p2a: Meowscarada\n|-damage|p2a: Meowscarada|49\/100\n|-status|p2a: Meowscarada|brn\n|\n|-heal|p1a: don't care|89\/100|[from] item: Leftovers\n|-damage|p2a: Meowscarada|43\/100 brn|[from] brn\n|upkeep\n|turn|9\n|\n|t:|1699814978\n|-terastallize|p1a: don't care|Ghost\n|move|p2a: Meowscarada|Flower Trick|p1a: don't care\n|-start|p2a: Meowscarada|typechange|Grass|[from] ability: Protean\n|-crit|p1a: don't care\n|-damage|p1a: don't care|62\/100\n|-damage|p2a: Meowscarada|33\/100 brn|[from] item: Life Orb\n|move|p1a: don't care|Scald|p2a: Meowscarada\n|-resisted|p2a: Meowscarada\n|-damage|p2a: Meowscarada|0 fnt\n|faint|p2a: Meowscarada\n|\n|-heal|p1a: don't care|68\/100|[from] item: Leftovers\n|upkeep\n|\n|t:|1699814988\n|switch|p2a: Quaquaval|Quaquaval, F|100\/100\n|turn|10\n|\n|t:|1699814991\n|move|p1a: don't care|Shadow Ball|p2a: Quaquaval\n|-damage|p2a: Quaquaval|5\/100\n|move|p2a: Quaquaval|Aqua Step|p1a: don't care\n|-crit|p1a: don't care\n|-damage|p1a: don't care|18\/100\n|-boost|p2a: Quaquaval|spe|1\n|\n|-heal|p1a: don't care|24\/100|[from] item: Leftovers\n|upkeep\n|turn|11\n|\n|t:|1699814998\n|move|p2a: Quaquaval|Aqua Step|p1a: don't care\n|-damage|p1a: don't care|8\/100\n|-boost|p2a: Quaquaval|spe|1\n|move|p1a: don't care|Shadow Ball|p2a: Quaquaval\n|-damage|p2a: Quaquaval|0 fnt\n|faint|p2a: Quaquaval\n|\n|-heal|p1a: don't care|14\/100|[from] item: Leftovers\n|-sideend|p1: mannmilk|move: Aurora Veil\n|upkeep\n|\n|t:|1699815009\n|switch|p2a: Garganacl|Garganacl, M|100\/100\n|turn|12\n|\n|t:|1699815012\n|move|p1a: don't care|Scald|p2a: Garganacl\n|-supereffective|p2a: Garganacl\n|-damage|p2a: Garganacl|0 fnt\n|faint|p2a: Garganacl\n|\n|-heal|p1a: don't care|20\/100|[from] item: Leftovers\n|upkeep\n|-message|luizhsouza3 forfeited.\n|\n|win|mannmilk\n|raw|mannmilk's rating: 1217 &rarr; <strong>1247<\/strong><br \/>(+30 for winning)\n|raw|luizhsouza3's rating: 1285 &rarr; <strong>1255<\/strong><br \/>(-30 for losing)\n|l|\u2606luizhsouza3\n","uploadtime":1699815018,"views":8,"p1id":"mannmilk","p2id":"luizhsouza3","formatid":"gen9nationaldex","rating":1247,"private":0,"password":""}