{"id":"gen9nationaldex-1987439853","p1":"Monte73","p2":"omni harold","format":"[Gen 9] National Dex","log":"|j|\u2606Monte73\n|j|\u2606omni harold\n|t:|1699591794\n|gametype|singles\n|player|p1|Monte73|veteran|1288\n|player|p2|omni harold|fantina|1260\n|teamsize|p1|6\n|teamsize|p2|6\n|gen|9\n|tier|[Gen 9] National Dex\n|rated|\n|rule|HP Percentage Mod: HP is shown in percentages\n|rule|Endless Battle Clause: Forcing endless battles is banned\n|rule|OHKO Clause: OHKO moves are banned\n|rule|Evasion Clause: Evasion abilities, items, and moves are banned\n|rule|Evasion Abilities Clause: Evasion abilities are banned\n|rule|Evasion Items Clause: Evasion items are banned\n|rule|Evasion Moves Clause: Evasion moves are banned\n|rule|Species Clause: Limit one of each Pok\u00e9mon\n|rule|Sleep Clause Mod: Limit one foe put to sleep\n|clearpoke\n|poke|p1|Charizard, M|\n|poke|p1|Tyranitar, M|\n|poke|p1|Great Tusk|\n|poke|p1|Zapdos|\n|poke|p1|Hatterene, F|\n|poke|p1|Muk-Alola, M|\n|poke|p2|Breloom, M|\n|poke|p2|Ribombee, M|\n|poke|p2|Zamazenta-*|\n|poke|p2|Iron Treads|\n|poke|p2|Dragonite, F|\n|poke|p2|Electrode-Hisui|\n|teampreview\n|\n|t:|1699591813\n|start\n|switch|p1a: Muk|Muk-Alola, M|100\/100\n|switch|p2a: Ribombee|Ribombee, M|100\/100\n|turn|1\n|\n|t:|1699591818\n|switch|p1a: Hatterene|Hatterene, F|100\/100\n|move|p2a: Ribombee|Sticky Web|p1a: Hatterene\n|move|p1a: Hatterene|Sticky Web|p2a: Ribombee|[from]ability: Magic Bounce\n|-sidestart|p2: omni harold|move: Sticky Web\n|\n|upkeep\n|turn|2\n|\n|t:|1699591829\n|move|p2a: Ribombee|Bug Buzz|p1a: Hatterene\n|-crit|p1a: Hatterene\n|-damage|p1a: Hatterene|45\/100\n|-enditem|p1a: Hatterene|Eject Button\n|\n|t:|1699591840\n|switch|p1a: Charizard|Charizard, M|100\/100\n|\n|upkeep\n|turn|3\n|\n|t:|1699591849\n|detailschange|p1a: Charizard|Charizard-Mega-Y, M\n|-mega|p1a: Charizard|Charizard|Charizardite Y\n|-weather|SunnyDay|[from] ability: Drought|[of] p1a: Charizard\n|move|p2a: Ribombee|Sticky Web|p1a: Charizard\n|-sidestart|p1: Monte73|move: Sticky Web\n|move|p1a: Charizard|Flamethrower|p2a: Ribombee\n|-supereffective|p2a: Ribombee\n|-enditem|p2a: Ribombee|Focus Sash\n|-damage|p2a: Ribombee|1\/100\n|\n|-weather|SunnyDay|[upkeep]\n|upkeep\n|turn|4\n|\n|t:|1699591858\n|move|p2a: Ribombee|Moonblast|p1a: Charizard\n|-resisted|p1a: Charizard\n|-damage|p1a: Charizard|81\/100\n|move|p1a: Charizard|Flamethrower|p2a: Ribombee\n|-supereffective|p2a: Ribombee\n|-damage|p2a: Ribombee|0 fnt\n|faint|p2a: Ribombee\n|\n|-weather|SunnyDay|[upkeep]\n|upkeep\n|\n|t:|1699591867\n|switch|p2a: Zamazenta|Zamazenta|100\/100\n|-activate|p2a: Zamazenta|move: Sticky Web\n|-unboost|p2a: Zamazenta|spe|1\n|-ability|p2a: Zamazenta|Dauntless Shield|boost\n|-boost|p2a: Zamazenta|def|1\n|turn|5\n|\n|t:|1699591872\n|switch|p1a: Zapdos|Zapdos|100\/100\n|move|p2a: Zamazenta|Light Screen|p2a: Zamazenta\n|-sidestart|p2: omni harold|move: Light Screen\n|\n|-weather|SunnyDay|[upkeep]\n|upkeep\n|turn|6\n|\n|t:|1699591878\n|move|p1a: Zapdos|Defog|p2a: Zamazenta\n|-unboost|p2a: Zamazenta|evasion|1\n|-sideend|p2: omni harold|move: Light Screen\n|-sideend|p2: omni harold|Sticky Web|[from] move: Defog|[of] p1a: Zapdos\n|-sideend|p1: Monte73|Sticky Web|[from] move: Defog|[of] p1a: Zapdos\n|move|p2a: Zamazenta|Body Press|p1a: Zapdos\n|-resisted|p1a: Zapdos\n|-damage|p1a: Zapdos|79\/100\n|\n|-weather|SunnyDay|[upkeep]\n|upkeep\n|turn|7\n|\n|t:|1699591894\n|move|p1a: Zapdos|Hurricane|p2a: Zamazenta\n|-supereffective|p2a: Zamazenta\n|-damage|p2a: Zamazenta|41\/100\n|move|p2a: Zamazenta|Light Screen|p2a: Zamazenta\n|-sidestart|p2: omni harold|move: Light Screen\n|\n|-weather|none\n|upkeep\n|turn|8\n|\n|t:|1699591905\n|switch|p2a: Iron Treads|Iron Treads|100\/100\n|move|p1a: Zapdos|Defog|p2a: Iron Treads\n|-unboost|p2a: Iron Treads|evasion|1\n|-sideend|p2: omni harold|move: Light Screen\n|\n|upkeep\n|turn|9\n|\n|t:|1699591913\n|switch|p1a: Great Tusk|Great Tusk|100\/100\n|move|p2a: Iron Treads|Rapid Spin|p1a: Great Tusk\n|-damage|p1a: Great Tusk|93\/100\n|-boost|p2a: Iron Treads|spe|1\n|\n|-heal|p1a: Great Tusk|99\/100|[from] item: Leftovers\n|upkeep\n|turn|10\n|\n|t:|1699591931\n|-terastallize|p2a: Iron Treads|Ground\n|move|p2a: Iron Treads|Earthquake|p1a: Great Tusk\n|-crit|p1a: Great Tusk\n|-damage|p1a: Great Tusk|50\/100\n|move|p1a: Great Tusk|Knock Off|p2a: Iron Treads\n|-damage|p2a: Iron Treads|75\/100\n|-enditem|p2a: Iron Treads|Leftovers|[from] move: Knock Off|[of] p1a: Great Tusk\n|\n|-heal|p1a: Great Tusk|56\/100|[from] item: Leftovers\n|upkeep\n|turn|11\n|\n|t:|1699591942\n|move|p2a: Iron Treads|Ice Spinner|p1a: Great Tusk\n|-supereffective|p1a: Great Tusk\n|-damage|p1a: Great Tusk|31\/100\n|move|p1a: Great Tusk|Bulk Up|p1a: Great Tusk\n|-boost|p1a: Great Tusk|atk|1\n|-boost|p1a: Great Tusk|def|1\n|\n|-heal|p1a: Great Tusk|38\/100|[from] item: Leftovers\n|upkeep\n|turn|12\n|\n|t:|1699591951\n|move|p2a: Iron Treads|Earthquake|p1a: Great Tusk\n|-damage|p1a: Great Tusk|16\/100\n|move|p1a: Great Tusk|Earthquake|p2a: Iron Treads\n|-damage|p2a: Iron Treads|17\/100\n|\n|-heal|p1a: Great Tusk|22\/100|[from] item: Leftovers\n|upkeep\n|turn|13\n|\n|t:|1699591959\n|move|p2a: Iron Treads|Earthquake|p1a: Great Tusk\n|-damage|p1a: Great Tusk|1\/100\n|move|p1a: Great Tusk|Knock Off|p2a: Iron Treads\n|-damage|p2a: Iron Treads|0 fnt\n|faint|p2a: Iron Treads\n|-end|p2a: Iron Treads|Quark Drive|[silent]\n|\n|-heal|p1a: Great Tusk|7\/100|[from] item: Leftovers\n|upkeep\n|\n|t:|1699591970\n|switch|p2a: Breloom|Breloom, M|100\/100\n|turn|14\n|\n|t:|1699591977\n|move|p2a: Breloom|Spore|p1a: Great Tusk\n|-status|p1a: Great Tusk|slp|[from] move: Spore\n|cant|p1a: Great Tusk|slp\n|\n|-heal|p1a: Great Tusk|13\/100 slp|[from] item: Leftovers\n|upkeep\n|turn|15\n|\n|t:|1699591983\n|-end|p1a: Great Tusk|Protosynthesis|[silent]\n|switch|p1a: Zapdos|Zapdos|79\/100\n|move|p2a: Breloom|Substitute|p2a: Breloom\n|-start|p2a: Breloom|Substitute\n|-damage|p2a: Breloom|76\/100\n|\n|upkeep\n|turn|16\n|\n|t:|1699591991\n|move|p1a: Zapdos|Hurricane|p2a: Breloom|[miss]\n|-miss|p1a: Zapdos|p2a: Breloom\n|move|p2a: Breloom|Bullet Seed|p1a: Zapdos\n|-resisted|p1a: Zapdos\n|-damage|p1a: Zapdos|71\/100\n|-resisted|p1a: Zapdos\n|-damage|p1a: Zapdos|62\/100\n|-resisted|p1a: Zapdos\n|-damage|p1a: Zapdos|55\/100\n|-resisted|p1a: Zapdos\n|-damage|p1a: Zapdos|47\/100\n|-resisted|p1a: Zapdos\n|-damage|p1a: Zapdos|38\/100\n|-hitcount|p1a: Zapdos|5\n|\n|upkeep\n|turn|17\n|\n|t:|1699592005\n|move|p1a: Zapdos|Hurricane|p2a: Breloom\n|-supereffective|p2a: Breloom\n|-end|p2a: Breloom|Substitute\n|move|p2a: Breloom|Swords Dance|p2a: Breloom\n|-boost|p2a: Breloom|atk|2\n|\n|upkeep\n|turn|18\n|\n|t:|1699592010\n|move|p1a: Zapdos|Hurricane|p2a: Breloom\n|-supereffective|p2a: Breloom\n|-damage|p2a: Breloom|0 fnt\n|faint|p2a: Breloom\n|\n|upkeep\n|\n|t:|1699592014\n|switch|p2a: Electrode|Electrode-Hisui|100\/100\n|turn|19\n|\n|t:|1699592023\n|switch|p1a: Muk|Muk-Alola, M|100\/100\n|move|p2a: Electrode|Chloroblast|p1a: Muk\n|-resisted|p1a: Muk\n|-damage|p1a: Muk|82\/100\n|-damage|p2a: Electrode|50\/100|[from] Recoil\n|\n|upkeep\n|turn|20\n|\n|t:|1699592032\n|move|p2a: Electrode|Chloroblast|p1a: Muk\n|-resisted|p1a: Muk\n|-damage|p1a: Muk|63\/100\n|-damage|p2a: Electrode|0 fnt|[from] Recoil\n|faint|p2a: Electrode\n|move|p1a: Muk|Knock Off|p2: Electrode|[notarget]\n|-fail|p1a: Muk\n|\n|upkeep\n|\n|t:|1699592038\n|switch|p2a: Zamazenta|Zamazenta|41\/100\n|turn|21\n|\n|t:|1699592043\n|switch|p1a: Zapdos|Zapdos|38\/100\n|move|p2a: Zamazenta|Light Screen|p2a: Zamazenta\n|-sidestart|p2: omni harold|move: Light Screen\n|\n|upkeep\n|turn|22\n|\n|t:|1699592047\n|move|p2a: Zamazenta|Body Press|p1a: Zapdos\n|-resisted|p1a: Zapdos\n|-damage|p1a: Zapdos|24\/100\n|move|p1a: Zapdos|Roost|p1a: Zapdos\n|-heal|p1a: Zapdos|74\/100\n|-singleturn|p1a: Zapdos|move: Roost\n|\n|upkeep\n|turn|23\n|\n|t:|1699592054\n|move|p2a: Zamazenta|Body Press|p1a: Zapdos\n|-resisted|p1a: Zapdos\n|-damage|p1a: Zapdos|58\/100\n|-status|p2a: Zamazenta|par|[from] ability: Static|[of] p1a: Zapdos\n|move|p1a: Zapdos|Defog|p2a: Zamazenta\n|-unboost|p2a: Zamazenta|evasion|1\n|-sideend|p2: omni harold|move: Light Screen\n|\n|upkeep\n|turn|24\n|\n|t:|1699592061\n|move|p1a: Zapdos|Roost|p1a: Zapdos\n|-heal|p1a: Zapdos|100\/100\n|-singleturn|p1a: Zapdos|move: Roost\n|move|p2a: Zamazenta|Light Screen|p2a: Zamazenta\n|-sidestart|p2: omni harold|move: Light Screen\n|\n|upkeep\n|turn|25\n|c|\u2606omni harold|gay ass zapdos\n|\n|t:|1699592070\n|move|p1a: Zapdos|Defog|p2a: Zamazenta\n|-unboost|p2a: Zamazenta|evasion|1\n|-sideend|p2: omni harold|move: Light Screen\n|move|p2a: Zamazenta|Body Press|p1a: Zapdos\n|-resisted|p1a: Zapdos\n|-damage|p1a: Zapdos|84\/100\n|\n|upkeep\n|turn|26\n|\n|t:|1699592076\n|move|p1a: Zapdos|Volt Switch|p2a: Zamazenta\n|-damage|p2a: Zamazenta|23\/100 par\n|\n|t:|1699592086\n|switch|p1a: Charizard|Charizard-Mega-Y, M|81\/100|[from] Volt Switch\n|-weather|SunnyDay|[from] ability: Drought|[of] p1a: Charizard\n|move|p2a: Zamazenta|Light Screen|p2a: Zamazenta\n|-sidestart|p2: omni harold|move: Light Screen\n|\n|-weather|SunnyDay|[upkeep]\n|upkeep\n|turn|27\n|\n|t:|1699592097\n|switch|p1a: Tyranitar|Tyranitar, M|100\/100\n|-weather|Sandstorm|[from] ability: Sand Stream|[of] p1a: Tyranitar\n|move|p2a: Zamazenta|Body Press|p1a: Tyranitar\n|-supereffective|p1a: Tyranitar\n|-damage|p1a: Tyranitar|0 fnt\n|faint|p1a: Tyranitar\n|\n|-weather|Sandstorm|[upkeep]\n|-damage|p2a: Zamazenta|16\/100 par|[from] Sandstorm\n|upkeep\n|\n|t:|1699592104\n|switch|p1a: Zapdos|Zapdos|84\/100\n|turn|28\n|\n|t:|1699592123\n|move|p1a: Zapdos|Defog|p2a: Zamazenta\n|-unboost|p2a: Zamazenta|evasion|1\n|-sideend|p2: omni harold|move: Light Screen\n|move|p2a: Zamazenta|Light Screen|p2a: Zamazenta\n|-sidestart|p2: omni harold|move: Light Screen\n|\n|-weather|Sandstorm|[upkeep]\n|-damage|p1a: Zapdos|78\/100|[from] Sandstorm\n|-damage|p2a: Zamazenta|10\/100 par|[from] Sandstorm\n|upkeep\n|turn|29\n|\n|t:|1699592130\n|move|p1a: Zapdos|Defog|p2a: Zamazenta\n|-unboost|p2a: Zamazenta|evasion|1\n|-sideend|p2: omni harold|move: Light Screen\n|move|p2a: Zamazenta|Light Screen|p2a: Zamazenta\n|-sidestart|p2: omni harold|move: Light Screen\n|\n|-weather|Sandstorm|[upkeep]\n|-damage|p1a: Zapdos|72\/100|[from] Sandstorm\n|-damage|p2a: Zamazenta|4\/100 par|[from] Sandstorm\n|upkeep\n|turn|30\n|\n|t:|1699592137\n|move|p1a: Zapdos|Defog|p2a: Zamazenta\n|-unboost|p2a: Zamazenta|evasion|1\n|-sideend|p2: omni harold|move: Light Screen\n|move|p2a: Zamazenta|Light Screen|p2a: Zamazenta\n|-sidestart|p2: omni harold|move: Light Screen\n|\n|-weather|Sandstorm|[upkeep]\n|-damage|p1a: Zapdos|66\/100|[from] Sandstorm\n|-damage|p2a: Zamazenta|0 fnt|[from] Sandstorm\n|faint|p2a: Zamazenta\n|upkeep\n|\n|t:|1699592143\n|switch|p2a: Dragonite|Dragonite, F|100\/100\n|turn|31\n|\n|t:|1699592147\n|move|p1a: Zapdos|Volt Switch|p2a: Dragonite\n|-damage|p2a: Dragonite|93\/100\n|\n|t:|1699592151\n|switch|p1a: Hatterene|Hatterene, F|45\/100|[from] Volt Switch\n|move|p2a: Dragonite|Dragon Dance|p2a: Dragonite\n|-boost|p2a: Dragonite|atk|1\n|-boost|p2a: Dragonite|spe|1\n|\n|-weather|none\n|upkeep\n|turn|32\n|\n|t:|1699592162\n|move|p2a: Dragonite|Aerial Ace|p1a: Hatterene\n|-damage|p1a: Hatterene|0 fnt\n|faint|p1a: Hatterene\n|-damage|p2a: Dragonite|83\/100|[from] item: Life Orb\n|\n|upkeep\n|\n|t:|1699592166\n|switch|p1a: Zapdos|Zapdos|66\/100\n|turn|33\n|\n|t:|1699592173\n|move|p2a: Dragonite|Dragon Dance|p2a: Dragonite\n|-boost|p2a: Dragonite|atk|1\n|-boost|p2a: Dragonite|spe|1\n|move|p1a: Zapdos|Hurricane|p2a: Dragonite|[miss]\n|-miss|p1a: Zapdos|p2a: Dragonite\n|\n|upkeep\n|turn|34\n|\n|t:|1699592184\n|move|p2a: Dragonite|Dragon Claw|p1a: Zapdos\n|-damage|p1a: Zapdos|0 fnt\n|-status|p2a: Dragonite|par|[from] ability: Static|[of] p1a: Zapdos\n|faint|p1a: Zapdos\n|-damage|p2a: Dragonite|73\/100 par|[from] item: Life Orb\n|\n|upkeep\n|\n|t:|1699592188\n|switch|p1a: Muk|Muk-Alola, M|63\/100\n|turn|35\n|c|\u2606omni harold|gay\n|\n|t:|1699592200\n|move|p2a: Dragonite|Dragon Dance|p2a: Dragonite\n|-boost|p2a: Dragonite|atk|1\n|-boost|p2a: Dragonite|spe|1\n|move|p1a: Muk|Knock Off|p2a: Dragonite\n|-damage|p2a: Dragonite|33\/100 par\n|-enditem|p2a: Dragonite|Life Orb|[from] move: Knock Off|[of] p1a: Muk\n|\n|upkeep\n|turn|36\n|\n|t:|1699592214\n|cant|p2a: Dragonite|par\n|move|p1a: Muk|Rock Slide|p2a: Dragonite|[miss]\n|-miss|p1a: Muk|p2a: Dragonite\n|\n|upkeep\n|turn|37\n|\n|t:|1699592225\n|move|p2a: Dragonite|Dragon Claw|p1a: Muk\n|-damage|p1a: Muk|0 fnt\n|faint|p1a: Muk\n|\n|-sideend|p2: omni harold|move: Light Screen\n|upkeep\n|\n|t:|1699592227\n|switch|p1a: Great Tusk|Great Tusk|13\/100 slp\n|turn|38\n|\n|t:|1699592233\n|cant|p2a: Dragonite|par\n|cant|p1a: Great Tusk|slp\n|\n|-heal|p1a: Great Tusk|20\/100 slp|[from] item: Leftovers\n|upkeep\n|turn|39\n|c|\u2606Monte73|Have no room to speak lol\n|\n|t:|1699592248\n|move|p2a: Dragonite|Roost|p2a: Dragonite\n|-heal|p2a: Dragonite|83\/100 par\n|-singleturn|p2a: Dragonite|move: Roost\n|cant|p1a: Great Tusk|slp\n|\n|-heal|p1a: Great Tusk|26\/100 slp|[from] item: Leftovers\n|upkeep\n|turn|40\n|\n|t:|1699592256\n|move|p2a: Dragonite|Aerial Ace|p1a: Great Tusk\n|-supereffective|p1a: Great Tusk\n|-damage|p1a: Great Tusk|0 fnt\n|faint|p1a: Great Tusk\n|-end|p1a: Great Tusk|Protosynthesis|[silent]\n|\n|upkeep\n|\n|t:|1699592258\n|switch|p1a: Charizard|Charizard-Mega-Y, M|81\/100\n|-weather|SunnyDay|[from] ability: Drought|[of] p1a: Charizard\n|turn|41\n|c|\u2606omni harold|hehe\n|\n|t:|1699592265\n|move|p1a: Charizard|Flamethrower|p2a: Dragonite\n|-resisted|p2a: Dragonite\n|-damage|p2a: Dragonite|42\/100 par\n|move|p2a: Dragonite|Dragon Claw|p1a: Charizard\n|-damage|p1a: Charizard|0 fnt\n|faint|p1a: Charizard\n|\n|win|omni harold\n|raw|Monte73's rating: 1288 &rarr; <strong>1261<\/strong><br \/>(-27 for losing)\n|raw|omni harold's rating: 1260 &rarr; <strong>1287<\/strong><br \/>(+27 for winning)\n","uploadtime":1699592069,"views":4,"p1id":"monte73","p2id":"omniharold","formatid":"gen9nationaldex","rating":1261,"private":0,"password":""}