{"id":"gen9nationaldex-1999658003","p1":"NahImtheotherguy","p2":"tuenhi","format":"[Gen 9] National Dex","log":"|html|<div class=\"broadcast-blue\"><strong>[Gen 9] National Dex is currently suspecting Sneasler! For information on how to participate check out the <a href=\"https:\/\/www.smogon.com\/forums\/threads\/sv-national-dex-suspect-8-just-dance.3731534\/\">suspect thread<\/a>.<\/strong><\/div>\n|j|\u203dNahImtheotherguy\n|j|\u2606tuenhi\n|t:|1701105272\n|gametype|singles\n|player|p1|NahImtheotherguy|bea|1271\n|player|p2|tuenhi|bruno|1317\n|teamsize|p1|6\n|teamsize|p2|6\n|gen|9\n|tier|[Gen 9] National Dex\n|rated|\n|rule|HP Percentage Mod: HP is shown in percentages\n|rule|Endless Battle Clause: Forcing endless battles is banned\n|rule|OHKO Clause: OHKO moves are banned\n|rule|Evasion Clause: Evasion abilities, items, and moves are banned\n|rule|Evasion Abilities Clause: Evasion abilities are banned\n|rule|Evasion Items Clause: Evasion items are banned\n|rule|Evasion Moves Clause: Evasion moves are banned\n|rule|Species Clause: Limit one of each Pok\u00e9mon\n|rule|Sleep Clause Mod: Limit one foe put to sleep\n|clearpoke\n|poke|p1|Torkoal, M|\n|poke|p1|Venusaur, F|\n|poke|p1|Slither Wing|\n|poke|p1|Houndoom, M|\n|poke|p1|Volcarona, M|\n|poke|p1|Gliscor, M|\n|poke|p2|Dondozo, F|\n|poke|p2|Clefable, F|\n|poke|p2|Landorus-Therian, M|\n|poke|p2|Blissey, F|\n|poke|p2|Tapu Koko|\n|poke|p2|Skeledirge, F|\n|teampreview\n|inactive|Battle timer is ON: inactive players will automatically lose when time's up. (requested by tuenhi)\n|\n|t:|1701105280\n|start\n|switch|p1a: Torkoal|Torkoal, M|100\/100\n|switch|p2a: Landorus|Landorus-Therian, M|100\/100\n|-ability|p2a: Landorus|Intimidate|boost\n|-unboost|p1a: Torkoal|atk|1\n|-weather|SunnyDay|[from] ability: Drought|[of] p1a: Torkoal\n|turn|1\n|\n|t:|1701105289\n|move|p2a: Landorus|Stealth Rock|p1a: Torkoal\n|-sidestart|p1: NahImtheotherguy|move: Stealth Rock\n|move|p1a: Torkoal|Will-O-Wisp|p2a: Landorus\n|-status|p2a: Landorus|brn\n|\n|-weather|SunnyDay|[upkeep]\n|-damage|p2a: Landorus|94\/100 brn|[from] brn\n|upkeep\n|turn|2\n|\n|t:|1701105301\n|switch|p1a: Gliscor|Gliscor, M|100\/100\n|-damage|p1a: Gliscor|88\/100|[from] Stealth Rock\n|move|p2a: Landorus|Toxic|p1a: Gliscor\n|-status|p1a: Gliscor|tox\n|\n|-weather|SunnyDay|[upkeep]\n|-heal|p1a: Gliscor|100\/100 tox|[from] ability: Poison Heal\n|-damage|p2a: Landorus|88\/100 brn|[from] brn\n|upkeep\n|turn|3\n|\n|t:|1701105311\n|move|p2a: Landorus|U-turn|p1a: Gliscor\n|-resisted|p1a: Gliscor\n|-damage|p1a: Gliscor|96\/100 tox\n|\n|t:|1701105319\n|switch|p2a: Clefable|Clefable, F|100\/100|[from] U-turn\n|move|p1a: Gliscor|Defog|p2a: Clefable\n|-unboost|p2a: Clefable|evasion|1\n|-sideend|p1: NahImtheotherguy|Stealth Rock|[from] move: Defog|[of] p1a: Gliscor\n|\n|-weather|SunnyDay|[upkeep]\n|-heal|p1a: Gliscor|100\/100 tox|[from] ability: Poison Heal\n|upkeep\n|turn|4\n|\n|t:|1701105328\n|move|p1a: Gliscor|Toxic|p2a: Clefable\n|-status|p2a: Clefable|tox\n|move|p2a: Clefable|Cosmic Power|p2a: Clefable\n|-boost|p2a: Clefable|def|1\n|-boost|p2a: Clefable|spd|1\n|\n|-weather|SunnyDay|[upkeep]\n|upkeep\n|turn|5\n|\n|t:|1701105337\n|switch|p1a: Torkoal|Torkoal, M|100\/100\n|move|p2a: Clefable|Cosmic Power|p2a: Clefable\n|-boost|p2a: Clefable|def|1\n|-boost|p2a: Clefable|spd|1\n|\n|-weather|SunnyDay|[upkeep]\n|upkeep\n|turn|6\n|\n|t:|1701105345\n|move|p2a: Clefable|Cosmic Power|p2a: Clefable\n|-boost|p2a: Clefable|def|1\n|-boost|p2a: Clefable|spd|1\n|move|p1a: Torkoal|Clear Smog|p2a: Clefable\n|-supereffective|p2a: Clefable\n|-crit|p2a: Clefable\n|-damage|p2a: Clefable|75\/100 tox\n|-clearboost|p2a: Clefable\n|\n|-weather|SunnyDay|[upkeep]\n|-heal|p2a: Clefable|81\/100 tox|[from] item: Leftovers\n|upkeep\n|turn|7\n|\n|t:|1701105364\n|switch|p2a: Blissey|Blissey, F|100\/100\n|move|p1a: Torkoal|Stealth Rock|p2a: Blissey\n|-sidestart|p2: tuenhi|move: Stealth Rock\n|\n|-weather|SunnyDay|[upkeep]\n|upkeep\n|turn|8\n|\n|t:|1701105383\n|switch|p1a: Slither Wing|Slither Wing|100\/100\n|-activate|p1a: Slither Wing|ability: Protosynthesis\n|-start|p1a: Slither Wing|protosynthesisatk\n|move|p2a: Blissey|Toxic|p1a: Slither Wing\n|-status|p1a: Slither Wing|tox\n|\n|-weather|none\n|-end|p1a: Slither Wing|Protosynthesis\n|-damage|p1a: Slither Wing|94\/100 tox|[from] psn\n|upkeep\n|turn|9\n|\n|t:|1701105395\n|switch|p2a: Landorus|Landorus-Therian, M|88\/100 brn\n|-ability|p2a: Landorus|Intimidate|boost\n|-unboost|p1a: Slither Wing|atk|1\n|move|p1a: Slither Wing|U-turn|p2a: Landorus\n|-resisted|p2a: Landorus\n|-damage|p2a: Landorus|68\/100 brn\n|\n|t:|1701105398\n|-end|p1a: Slither Wing|Protosynthesis|[silent]\n|switch|p1a: Torkoal|Torkoal, M|100\/100|[from] U-turn\n|-weather|SunnyDay|[from] ability: Drought|[of] p1a: Torkoal\n|\n|-weather|SunnyDay|[upkeep]\n|-damage|p2a: Landorus|62\/100 brn|[from] brn\n|upkeep\n|turn|10\n|\n|t:|1701105409\n|switch|p1a: Houndoom|Houndoom, M|100\/100\n|move|p2a: Landorus|Stealth Rock|p1a: Houndoom\n|-sidestart|p1: NahImtheotherguy|move: Stealth Rock\n|\n|-weather|SunnyDay|[upkeep]\n|-damage|p2a: Landorus|56\/100 brn|[from] brn\n|upkeep\n|turn|11\n|\n|t:|1701105421\n|switch|p2a: Blissey|Blissey, F|100\/100\n|detailschange|p1a: Houndoom|Houndoom-Mega, M\n|-mega|p1a: Houndoom|Houndoom|Houndoominite\n|move|p1a: Houndoom|Solar Beam||[still]\n|-prepare|p1a: Houndoom|Solar Beam\n|-anim|p1a: Houndoom|Solar Beam|p2a: Blissey\n|-damage|p2a: Blissey|82\/100\n|\n|-weather|SunnyDay|[upkeep]\n|-damage|p1a: Houndoom|88\/100|[from] ability: Solar Power|[of] p1a: Houndoom\n|upkeep\n|turn|12\n|\n|t:|1701105436\n|switch|p1a: Slither Wing|Slither Wing|94\/100 tox\n|-damage|p1a: Slither Wing|82\/100 tox|[from] Stealth Rock\n|-activate|p1a: Slither Wing|ability: Protosynthesis\n|-start|p1a: Slither Wing|protosynthesisatk\n|move|p2a: Blissey|Seismic Toss|p1a: Slither Wing\n|-damage|p1a: Slither Wing|55\/100 tox\n|\n|-weather|SunnyDay|[upkeep]\n|-damage|p1a: Slither Wing|49\/100 tox|[from] psn\n|upkeep\n|turn|13\n|\n|t:|1701105453\n|switch|p2a: Clefable|Clefable, F|81\/100 tox\n|-terastallize|p1a: Slither Wing|Bug\n|move|p1a: Slither Wing|U-turn|p2a: Clefable\n|-resisted|p2a: Clefable\n|-damage|p2a: Clefable|36\/100 tox\n|\n|t:|1701105466\n|-end|p1a: Slither Wing|Protosynthesis|[silent]\n|switch|p1a: Venusaur|Venusaur, F|100\/100|[from] U-turn\n|\n|-weather|SunnyDay|[upkeep]\n|-heal|p2a: Clefable|42\/100 tox|[from] item: Leftovers\n|upkeep\n|turn|14\n|\n|t:|1701105479\n|move|p1a: Venusaur|Growth|p1a: Venusaur\n|-boost|p1a: Venusaur|atk|2\n|-boost|p1a: Venusaur|spa|2\n|move|p2a: Clefable|Soft-Boiled|p2a: Clefable\n|-heal|p2a: Clefable|92\/100 tox\n|\n|-weather|SunnyDay|[upkeep]\n|-heal|p2a: Clefable|98\/100 tox|[from] item: Leftovers\n|upkeep\n|turn|15\n|\n|t:|1701105488\n|switch|p2a: Skeledirge|Skeledirge, F|100\/100\n|move|p1a: Venusaur|Sludge Bomb|p2a: Skeledirge\n|-resisted|p2a: Skeledirge\n|-damage|p2a: Skeledirge|77\/100\n|-status|p2a: Skeledirge|psn\n|\n|-weather|SunnyDay|[upkeep]\n|-damage|p2a: Skeledirge|65\/100 psn|[from] psn\n|upkeep\n|turn|16\n|\n|t:|1701105501\n|switch|p1a: Torkoal|Torkoal, M|100\/100\n|-damage|p1a: Torkoal|76\/100|[from] Stealth Rock\n|move|p2a: Skeledirge|Torch Song|p1a: Torkoal\n|-resisted|p1a: Torkoal\n|-damage|p1a: Torkoal|54\/100\n|-boost|p2a: Skeledirge|spa|1\n|\n|-weather|none\n|-damage|p2a: Skeledirge|52\/100 psn|[from] psn\n|upkeep\n|turn|17\n|\n|t:|1701105514\n|switch|p2a: Blissey|Blissey, F|82\/100\n|switch|p1a: Gliscor|Gliscor, M|100\/100 tox\n|-damage|p1a: Gliscor|88\/100 tox|[from] Stealth Rock\n|\n|-heal|p1a: Gliscor|100\/100 tox|[from] ability: Poison Heal\n|upkeep\n|turn|18\n|\n|t:|1701105531\n|move|p1a: Gliscor|Defog|p2a: Blissey\n|-unboost|p2a: Blissey|evasion|1\n|-sideend|p2: tuenhi|Stealth Rock|[from] move: Defog|[of] p1a: Gliscor\n|-sideend|p1: NahImtheotherguy|Stealth Rock|[from] move: Defog|[of] p1a: Gliscor\n|move|p2a: Blissey|Heal Bell|p2a: Blissey\n|-activate|p2a: Blissey|move: Heal Bell\n|-curestatus|p2: Landorus|brn|[msg]\n|-curestatus|p2: Skeledirge|psn|[msg]\n|-curestatus|p2: Clefable|tox|[msg]\n|\n|upkeep\n|turn|19\n|\n|t:|1701105548\n|switch|p2a: Clefable|Clefable, F|98\/100\n|move|p1a: Gliscor|Toxic|p2a: Clefable\n|-status|p2a: Clefable|tox\n|\n|-heal|p2a: Clefable|100\/100 tox|[from] item: Leftovers\n|upkeep\n|turn|20\n|\n|t:|1701105556\n|switch|p1a: Torkoal|Torkoal, M|54\/100\n|-weather|SunnyDay|[from] ability: Drought|[of] p1a: Torkoal\n|move|p2a: Clefable|Wish|p2a: Clefable\n|\n|-weather|SunnyDay|[upkeep]\n|upkeep\n|turn|21\n|\n|t:|1701105565\n|switch|p2a: Landorus|Landorus-Therian, M|56\/100\n|-ability|p2a: Landorus|Intimidate|boost\n|-unboost|p1a: Torkoal|atk|1\n|switch|p1a: Slither Wing|Slither Wing, tera:Bug|49\/100 tox\n|-activate|p1a: Slither Wing|ability: Protosynthesis\n|-start|p1a: Slither Wing|protosynthesisatk\n|\n|-weather|SunnyDay|[upkeep]\n|-heal|p2a: Landorus|99\/100|[from] move: Wish|[wisher] Clefable\n|-damage|p1a: Slither Wing|43\/100 tox|[from] psn\n|upkeep\n|turn|22\n|\n|t:|1701105578\n|move|p1a: Slither Wing|First Impression|p2a: Landorus\n|-resisted|p2a: Landorus\n|-damage|p2a: Landorus|27\/100\n|move|p2a: Landorus|Stealth Rock|p1a: Slither Wing\n|-sidestart|p1: NahImtheotherguy|move: Stealth Rock\n|\n|-weather|SunnyDay|[upkeep]\n|-damage|p1a: Slither Wing|31\/100 tox|[from] psn\n|upkeep\n|turn|23\n|\n|t:|1701105587\n|-end|p1a: Slither Wing|Protosynthesis|[silent]\n|switch|p1a: Gliscor|Gliscor, M|100\/100 tox\n|-damage|p1a: Gliscor|88\/100 tox|[from] Stealth Rock\n|move|p2a: Landorus|U-turn|p1a: Gliscor\n|-resisted|p1a: Gliscor\n|-damage|p1a: Gliscor|79\/100 tox\n|\n|t:|1701105598\n|switch|p2a: Skeledirge|Skeledirge, F|52\/100|[from] U-turn\n|\n|-weather|SunnyDay|[upkeep]\n|-heal|p1a: Gliscor|91\/100 tox|[from] ability: Poison Heal\n|upkeep\n|turn|24\n|\n|t:|1701105612\n|-terastallize|p2a: Skeledirge|Fairy\n|move|p1a: Gliscor|Toxic|p2a: Skeledirge\n|-status|p2a: Skeledirge|tox\n|move|p2a: Skeledirge|Hex|p1a: Gliscor\n|-damage|p1a: Gliscor|48\/100 tox\n|\n|-weather|SunnyDay|[upkeep]\n|-heal|p1a: Gliscor|61\/100 tox|[from] ability: Poison Heal\n|-damage|p2a: Skeledirge|46\/100 tox|[from] psn\n|upkeep\n|turn|25\n|\n|t:|1701105624\n|move|p1a: Gliscor|Defog|p2a: Skeledirge\n|-unboost|p2a: Skeledirge|evasion|1\n|-sideend|p1: NahImtheotherguy|Stealth Rock|[from] move: Defog|[of] p1a: Gliscor\n|move|p2a: Skeledirge|Slack Off|p2a: Skeledirge\n|-heal|p2a: Skeledirge|96\/100 tox\n|\n|-weather|SunnyDay|[upkeep]\n|-heal|p1a: Gliscor|73\/100 tox|[from] ability: Poison Heal\n|-damage|p2a: Skeledirge|84\/100 tox|[from] psn\n|upkeep\n|turn|26\n|\n|t:|1701105637\n|switch|p1a: Houndoom|Houndoom-Mega, M|88\/100\n|move|p2a: Skeledirge|Hex|p1a: Houndoom\n|-resisted|p1a: Houndoom\n|-damage|p1a: Houndoom|73\/100\n|\n|-weather|SunnyDay|[upkeep]\n|-damage|p1a: Houndoom|61\/100|[from] ability: Solar Power|[of] p1a: Houndoom\n|-damage|p2a: Skeledirge|66\/100 tox|[from] psn\n|upkeep\n|turn|27\n|\n|t:|1701105648\n|switch|p2a: Blissey|Blissey, F|82\/100\n|move|p1a: Houndoom|Flamethrower|p2a: Blissey\n|-damage|p2a: Blissey|50\/100\n|\n|-weather|none\n|upkeep\n|turn|28\n|\n|t:|1701105660\n|switch|p1a: Torkoal|Torkoal, M|54\/100\n|-weather|SunnyDay|[from] ability: Drought|[of] p1a: Torkoal\n|move|p2a: Blissey|Seismic Toss|p1a: Torkoal\n|-damage|p1a: Torkoal|25\/100\n|\n|-weather|SunnyDay|[upkeep]\n|upkeep\n|turn|29\n|\n|t:|1701105669\n|move|p2a: Blissey|Seismic Toss|p1a: Torkoal\n|-damage|p1a: Torkoal|0 fnt\n|faint|p1a: Torkoal\n|\n|-weather|SunnyDay|[upkeep]\n|upkeep\n|\n|t:|1701105673\n|switch|p1a: Venusaur|Venusaur, F|100\/100\n|turn|30\n|\n|t:|1701105678\n|move|p1a: Venusaur|Growth|p1a: Venusaur\n|-boost|p1a: Venusaur|atk|2\n|-boost|p1a: Venusaur|spa|2\n|move|p2a: Blissey|Soft-Boiled|p2a: Blissey\n|-heal|p2a: Blissey|99\/100\n|\n|-weather|SunnyDay|[upkeep]\n|upkeep\n|turn|31\n|\n|t:|1701105687\n|move|p1a: Venusaur|Growth|p1a: Venusaur\n|-boost|p1a: Venusaur|atk|2\n|-boost|p1a: Venusaur|spa|2\n|move|p2a: Blissey|Heal Bell|p2a: Blissey\n|-activate|p2a: Blissey|move: Heal Bell\n|-curestatus|p2: Clefable|tox|[msg]\n|-curestatus|p2: Skeledirge|tox|[msg]\n|\n|-weather|SunnyDay|[upkeep]\n|upkeep\n|turn|32\n|\n|t:|1701105698\n|switch|p2a: Skeledirge|Skeledirge, F, tera:Fairy|66\/100\n|move|p1a: Venusaur|Growth|p1a: Venusaur\n|-boost|p1a: Venusaur|atk|2\n|-boost|p1a: Venusaur|spa|2\n|\n|-weather|SunnyDay|[upkeep]\n|upkeep\n|turn|33\n|\n|t:|1701105707\n|move|p1a: Venusaur|Sludge Bomb|p2a: Skeledirge\n|-supereffective|p2a: Skeledirge\n|-damage|p2a: Skeledirge|0 fnt\n|faint|p2a: Skeledirge\n|\n|-weather|SunnyDay|[upkeep]\n|upkeep\n|\n|t:|1701105724\n|switch|p2a: Blissey|Blissey, F|99\/100\n|turn|34\n|\n|t:|1701105729\n|move|p1a: Venusaur|Sludge Bomb|p2a: Blissey\n|-damage|p2a: Blissey|51\/100\n|move|p2a: Blissey|Seismic Toss|p1a: Venusaur\n|-damage|p1a: Venusaur|67\/100\n|\n|-weather|SunnyDay|[upkeep]\n|upkeep\n|turn|35\n|\n|t:|1701105739\n|move|p1a: Venusaur|Giga Drain|p2a: Blissey\n|-damage|p2a: Blissey|9\/100\n|-heal|p1a: Venusaur|100\/100|[from] drain|[of] p2a: Blissey\n|move|p2a: Blissey|Soft-Boiled|p2a: Blissey\n|-heal|p2a: Blissey|59\/100\n|\n|-weather|none\n|upkeep\n|turn|36\n|-message|tuenhi forfeited.\n|\n|win|NahImtheotherguy\n|raw|NahImtheotherguy's rating: 1271 &rarr; <strong>1299<\/strong><br \/>(+28 for winning)\n|raw|tuenhi's rating: 1317 &rarr; <strong>1294<\/strong><br \/>(-23 for losing)\n|l|\u2606tuenhi\n","uploadtime":1701106096,"views":2,"p1id":"nahimtheotherguy","p2id":"tuenhi","formatid":"gen9nationaldex","rating":1294,"private":0,"password":""}