{"id":"gen9nationaldex-1994771255","p1":"vestkid27","p2":"liuyu6666","format":"[Gen 9] National Dex","log":"|html|<div class=\"broadcast-blue\"><strong>[Gen 9] National Dex is currently suspecting Sneasler! For information on how to participate check out the <a href=\"https:\/\/www.smogon.com\/forums\/threads\/sv-national-dex-suspect-8-just-dance.3731534\/\">suspect thread<\/a>.<\/strong><\/div>\n|j|\u2606vestkid27\n|j|\u2606liuyu6666\n|t:|1700491159\n|gametype|singles\n|player|p1|vestkid27|janitor|1481\n|player|p2|liuyu6666|iono|1589\n|teamsize|p1|6\n|teamsize|p2|6\n|gen|9\n|tier|[Gen 9] National Dex\n|rated|\n|rule|HP Percentage Mod: HP is shown in percentages\n|rule|Endless Battle Clause: Forcing endless battles is banned\n|rule|OHKO Clause: OHKO moves are banned\n|rule|Evasion Clause: Evasion abilities, items, and moves are banned\n|rule|Evasion Abilities Clause: Evasion abilities are banned\n|rule|Evasion Items Clause: Evasion items are banned\n|rule|Evasion Moves Clause: Evasion moves are banned\n|rule|Species Clause: Limit one of each Pok\u00e9mon\n|rule|Sleep Clause Mod: Limit one foe put to sleep\n|clearpoke\n|poke|p1|Steelix, M|\n|poke|p1|Pinsir, M|\n|poke|p1|Victini|\n|poke|p1|Brambleghast, M|\n|poke|p1|Umbreon, M|\n|poke|p1|Araquanid, M|\n|poke|p2|Banette, M|\n|poke|p2|Victini|\n|poke|p2|Golem-Alola, M|\n|poke|p2|Volcarona, F|\n|poke|p2|Dragonite, F|\n|poke|p2|Urshifu-*, F|\n|teampreview\n|inactive|Battle timer is ON: inactive players will automatically lose when time's up. (requested by liuyu6666)\n|c|\u2606vestkid27|Glhf\n|\n|t:|1700491177\n|start\n|switch|p1a: Umbreon|Umbreon, M|100\/100\n|switch|p2a: Banette|Banette, M|100\/100\n|turn|1\n|\n|t:|1700491184\n|detailschange|p2a: Banette|Banette-Mega, M\n|-mega|p2a: Banette|Banette|Banettite\n|move|p2a: Banette|Destiny Bond|p2a: Banette\n|-singlemove|p2a: Banette|Destiny Bond\n|move|p1a: Umbreon|Taunt|p2a: Banette\n|-start|p2a: Banette|move: Taunt\n|\n|upkeep\n|turn|2\n|\n|t:|1700491193\n|move|p2a: Banette|Poltergeist|p1a: Umbreon\n|-activate|p1a: Umbreon|move: Poltergeist|Leftovers\n|-resisted|p1a: Umbreon\n|-damage|p1a: Umbreon|78\/100\n|move|p1a: Umbreon|Wish|p1a: Umbreon\n|\n|-heal|p1a: Umbreon|84\/100|[from] item: Leftovers\n|upkeep\n|turn|3\n|\n|t:|1700491202\n|switch|p2a: Golem|Golem-Alola, M|100\/100\n|move|p1a: Umbreon|Foul Play|p2a: Golem\n|-damage|p2a: Golem|52\/100\n|\n|-heal|p1a: Umbreon|100\/100|[from] move: Wish|[wisher] Umbreon\n|upkeep\n|turn|4\n|\n|t:|1700491216\n|switch|p1a: Brambleghast|Brambleghast, M|100\/100\n|move|p2a: Golem|Explosion|p1a: Brambleghast\n|-resisted|p1a: Brambleghast\n|-damage|p1a: Brambleghast|0 fnt\n|faint|p2a: Golem\n|faint|p1a: Brambleghast\n|\n|upkeep\n|c|\u2606vestkid27|Oh man. Electric explosion lol\n|c|\u2606vestkid27|I was confused for a moment\n|inactive|vestkid27 has 120 seconds left.\n|\n|t:|1700491250\n|switch|p1a: Araquanid|Araquanid, M|100\/100\n|switch|p2a: Banette|Banette-Mega, M|100\/100\n|turn|5\n|inactive|vestkid27 has 120 seconds left.\n|\n|t:|1700491278\n|switch|p1a: Umbreon|Umbreon, M|100\/100\n|move|p2a: Banette|Taunt|p1a: Umbreon\n|-hint|Since gen 7, Dark is immune to Prankster moves.\n|-immune|p1a: Umbreon\n|\n|upkeep\n|turn|6\n|\n|t:|1700491296\n|switch|p2a: Volcarona|Volcarona, F|100\/100\n|move|p1a: Umbreon|Taunt|p2a: Volcarona\n|-start|p2a: Volcarona|move: Taunt\n|\n|upkeep\n|turn|7\n|\n|t:|1700491305\n|switch|p1a: Araquanid|Araquanid, M|100\/100\n|move|p2a: Volcarona|Bug Buzz|p1a: Araquanid\n|-damage|p1a: Araquanid|60\/100\n|\n|-heal|p1a: Araquanid|67\/100|[from] item: Leftovers\n|upkeep\n|turn|8\n|\n|t:|1700491323\n|switch|p2a: Urshifu|Urshifu-Rapid-Strike, F|100\/100\n|move|p1a: Araquanid|Liquidation|p2a: Urshifu\n|-resisted|p2a: Urshifu\n|-damage|p2a: Urshifu|79\/100\n|\n|-heal|p1a: Araquanid|73\/100|[from] item: Leftovers\n|upkeep\n|turn|9\n|\n|t:|1700491332\n|move|p2a: Urshifu|Substitute|p2a: Urshifu\n|-start|p2a: Urshifu|Substitute\n|-damage|p2a: Urshifu|54\/100\n|move|p1a: Araquanid|Sticky Web|p2a: Urshifu\n|-sidestart|p2: liuyu6666|move: Sticky Web\n|\n|-heal|p1a: Araquanid|79\/100|[from] item: Leftovers\n|upkeep\n|turn|10\n|\n|t:|1700491339\n|move|p2a: Urshifu|Bulk Up|p2a: Urshifu\n|-boost|p2a: Urshifu|atk|1\n|-boost|p2a: Urshifu|def|1\n|move|p1a: Araquanid|Liquidation|p2a: Urshifu\n|-resisted|p2a: Urshifu\n|-activate|p2a: Urshifu|move: Substitute|[damage]\n|\n|-heal|p1a: Araquanid|85\/100|[from] item: Leftovers\n|upkeep\n|turn|11\n|inactive|vestkid27 has 120 seconds left.\n|\n|t:|1700491355\n|move|p2a: Urshifu|Bulk Up|p2a: Urshifu\n|-boost|p2a: Urshifu|atk|1\n|-boost|p2a: Urshifu|def|1\n|move|p1a: Araquanid|Liquidation|p2a: Urshifu\n|-resisted|p2a: Urshifu\n|-activate|p2a: Urshifu|move: Substitute|[damage]\n|\n|-heal|p1a: Araquanid|91\/100|[from] item: Leftovers\n|upkeep\n|turn|12\n|inactive|vestkid27 has 120 seconds left.\n|\n|t:|1700491365\n|move|p2a: Urshifu|Bulk Up|p2a: Urshifu\n|-boost|p2a: Urshifu|atk|1\n|-boost|p2a: Urshifu|def|1\n|move|p1a: Araquanid|Liquidation|p2a: Urshifu\n|-resisted|p2a: Urshifu\n|-end|p2a: Urshifu|Substitute\n|\n|-heal|p1a: Araquanid|98\/100|[from] item: Leftovers\n|upkeep\n|turn|13\n|inactive|vestkid27 has 120 seconds left.\n|\n|t:|1700491384\n|switch|p1a: Victini|Victini|100\/100\n|move|p2a: Urshifu|Substitute|p2a: Urshifu\n|-start|p2a: Urshifu|Substitute\n|-damage|p2a: Urshifu|30\/100\n|\n|upkeep\n|turn|14\n|\n|t:|1700491399\n|-terastallize|p1a: Victini|Psychic\n|move|p1a: Victini|Psychic|p2a: Urshifu\n|-supereffective|p2a: Urshifu\n|-end|p2a: Urshifu|Substitute\n|move|p2a: Urshifu|Surging Strikes|p1a: Victini\n|-crit|p1a: Victini\n|-damage|p1a: Victini|47\/100\n|-crit|p1a: Victini\n|-damage|p1a: Victini|0 fnt\n|faint|p1a: Victini\n|-hitcount|p1: Victini|2\n|\n|upkeep\n|\n|t:|1700491416\n|switch|p1a: Pinsir|Pinsir, M|100\/100\n|turn|15\n|\n|t:|1700491422\n|detailschange|p1a: Pinsir|Pinsir-Mega, M\n|-mega|p1a: Pinsir|Pinsir|Pinsirite\n|-terastallize|p2a: Urshifu|Steel\n|move|p1a: Pinsir|Return|p2a: Urshifu\n|-resisted|p2a: Urshifu\n|-damage|p2a: Urshifu|15\/100\n|move|p2a: Urshifu|Surging Strikes|p1a: Pinsir\n|-crit|p1a: Pinsir\n|-damage|p1a: Pinsir|45\/100\n|-crit|p1a: Pinsir\n|-damage|p1a: Pinsir|0 fnt\n|faint|p1a: Pinsir\n|-hitcount|p1: Pinsir|2\n|\n|upkeep\n|\n|t:|1700491440\n|switch|p1a: Araquanid|Araquanid, M|98\/100\n|turn|16\n|\n|t:|1700491445\n|move|p2a: Urshifu|Drain Punch|p1a: Araquanid\n|-resisted|p1a: Araquanid\n|-damage|p1a: Araquanid|53\/100\n|-heal|p2a: Urshifu|37\/100|[from] drain|[of] p1a: Araquanid\n|move|p1a: Araquanid|Infestation|p2a: Urshifu\n|-resisted|p2a: Urshifu\n|-damage|p2a: Urshifu|34\/100\n|-activate|p2a: Urshifu|move: Infestation|[of] p1a: Araquanid\n|\n|-heal|p1a: Araquanid|60\/100|[from] item: Leftovers\n|-damage|p2a: Urshifu|22\/100|[from] move: Infestation|[partiallytrapped]\n|upkeep\n|turn|17\n|\n|t:|1700491457\n|move|p2a: Urshifu|Drain Punch|p1a: Araquanid\n|-resisted|p1a: Araquanid\n|-damage|p1a: Araquanid|20\/100\n|-heal|p2a: Urshifu|42\/100|[from] drain|[of] p1a: Araquanid\n|move|p1a: Araquanid|Liquidation|p2a: Urshifu\n|-damage|p2a: Urshifu|24\/100\n|\n|-heal|p1a: Araquanid|27\/100|[from] item: Leftovers\n|-damage|p2a: Urshifu|11\/100|[from] move: Infestation|[partiallytrapped]\n|upkeep\n|turn|18\n|\n|t:|1700491468\n|move|p2a: Urshifu|Drain Punch|p1a: Araquanid\n|-resisted|p1a: Araquanid\n|-damage|p1a: Araquanid|0 fnt\n|-heal|p2a: Urshifu|25\/100|[from] drain|[of] p1a: Araquanid\n|faint|p1a: Araquanid\n|\n|-end|p2a: Urshifu|Infestation|[partiallytrapped]|[silent]\n|upkeep\n|inactive|vestkid27 has 90 seconds left.\n|\n|t:|1700491494\n|switch|p1a: Steelix|Steelix, M|100\/100\n|turn|19\n|\n|t:|1700491501\n|move|p2a: Urshifu|Drain Punch|p1a: Steelix\n|-supereffective|p1a: Steelix\n|-damage|p1a: Steelix|0 fnt\n|-heal|p2a: Urshifu|75\/100|[from] drain|[of] p1a: Steelix\n|faint|p1a: Steelix\n|\n|upkeep\n|\n|t:|1700491507\n|switch|p1a: Umbreon|Umbreon, M|100\/100\n|turn|20\n|\n|t:|1700491510\n|move|p2a: Urshifu|Drain Punch|p1a: Umbreon\n|-supereffective|p1a: Umbreon\n|-damage|p1a: Umbreon|0 fnt\n|-heal|p2a: Urshifu|100\/100|[from] drain|[of] p1a: Umbreon\n|faint|p1a: Umbreon\n|\n|win|liuyu6666\n|raw|vestkid27's rating: 1481 &rarr; <strong>1467<\/strong><br \/>(-14 for losing)\n|raw|liuyu6666's rating: 1589 &rarr; <strong>1603<\/strong><br \/>(+14 for winning)\n|c|\u2606vestkid27|GG\n","uploadtime":1700491527,"views":1,"p1id":"vestkid27","p2id":"liuyu6666","formatid":"gen9nationaldex","rating":1467,"private":0,"password":""}