{"id":"gen9nationaldex-1987520302","p1":"h8for3v","p2":"pk2333","format":"[Gen 9] National Dex","log":"|j|\u2606h8for3v\n|j|\u2606pk2333\n|t:|1699605710\n|gametype|singles\n|player|p1|h8for3v|alec-anime|1140\n|player|p2|pk2333|2|1223\n|teamsize|p1|6\n|teamsize|p2|6\n|gen|9\n|tier|[Gen 9] National Dex\n|rated|\n|rule|HP Percentage Mod: HP is shown in percentages\n|rule|Endless Battle Clause: Forcing endless battles is banned\n|rule|OHKO Clause: OHKO moves are banned\n|rule|Evasion Clause: Evasion abilities, items, and moves are banned\n|rule|Evasion Abilities Clause: Evasion abilities are banned\n|rule|Evasion Items Clause: Evasion items are banned\n|rule|Evasion Moves Clause: Evasion moves are banned\n|rule|Species Clause: Limit one of each Pok\u00e9mon\n|rule|Sleep Clause Mod: Limit one foe put to sleep\n|clearpoke\n|poke|p1|Miltank, F|\n|poke|p1|Dragonite, M|\n|poke|p1|Tyrantrum, M|\n|poke|p1|Gengar, M|\n|poke|p1|Runerigus, M|\n|poke|p1|Ampharos, M|\n|poke|p2|Greninja-*, M|\n|poke|p2|Medicham, M|\n|poke|p2|Victini|\n|poke|p2|Corviknight, M|\n|poke|p2|Glimmora, F|\n|poke|p2|Heatran, M|\n|teampreview\n|\n|t:|1699605731\n|start\n|switch|p1a: Big boye|Tyrantrum, M, shiny|100\/100\n|switch|p2a: Glimmora|Glimmora, F|100\/100\n|turn|1\n|\n|t:|1699605742\n|move|p2a: Glimmora|Earth Power|p1a: Big boye\n|-supereffective|p1a: Big boye\n|-damage|p1a: Big boye|10\/100\n|move|p1a: Big boye|Close Combat|p2a: Glimmora\n|-damage|p2a: Glimmora|49\/100\n|-unboost|p1a: Big boye|def|1\n|-unboost|p1a: Big boye|spd|1\n|-activate|p2a: Glimmora|ability: Toxic Debris\n|-sidestart|p1: h8for3v|move: Toxic Spikes\n|\n|upkeep\n|turn|2\n|\n|t:|1699605754\n|move|p2a: Glimmora|Power Gem|p1a: Big boye\n|-damage|p1a: Big boye|0 fnt\n|faint|p1a: Big boye\n|\n|upkeep\n|\n|t:|1699605760\n|switch|p1a: George|Dragonite, M|100\/100\n|turn|3\n|\n|t:|1699605763\n|move|p2a: Glimmora|Power Gem|p1a: George\n|-supereffective|p1a: George\n|-damage|p1a: George|57\/100\n|move|p1a: George|Dragon Dance|p1a: George\n|-boost|p1a: George|atk|1\n|-boost|p1a: George|spe|1\n|\n|upkeep\n|turn|4\n|\n|t:|1699605790\n|move|p1a: George|Earthquake|p2a: Glimmora\n|-supereffective|p2a: Glimmora\n|-damage|p2a: Glimmora|0 fnt\n|-activate|p2a: Glimmora|ability: Toxic Debris\n|-sidestart|p1: h8for3v|move: Toxic Spikes\n|faint|p2a: Glimmora\n|\n|upkeep\n|\n|t:|1699605799\n|switch|p2a: Heatran|Heatran, M|100\/100\n|-item|p2a: Heatran|Air Balloon\n|turn|5\n|\n|t:|1699605812\n|-terastallize|p1a: George|Normal\n|move|p1a: George|Extreme Speed|p2a: Heatran\n|-resisted|p2a: Heatran\n|-damage|p2a: Heatran|71\/100\n|-enditem|p2a: Heatran|Air Balloon\n|move|p2a: Heatran|Toxic|p1a: George\n|-status|p1a: George|tox\n|\n|-damage|p1a: George|51\/100 tox|[from] psn\n|upkeep\n|turn|6\n|\n|t:|1699605822\n|move|p2a: Heatran|Protect|p2a: Heatran\n|-singleturn|p2a: Heatran|Protect\n|move|p1a: George|Earthquake|p2a: Heatran\n|-activate|p2a: Heatran|move: Protect\n|\n|-damage|p1a: George|39\/100 tox|[from] psn\n|upkeep\n|turn|7\n|\n|t:|1699605831\n|switch|p2a: Corviknight|Corviknight, M|100\/100\n|move|p1a: George|Thunder Punch|p2a: Corviknight\n|-supereffective|p2a: Corviknight\n|-damage|p2a: Corviknight|47\/100\n|-damage|p1a: George|22\/100 tox|[from] item: Rocky Helmet|[of] p2a: Corviknight\n|\n|-damage|p1a: George|4\/100 tox|[from] psn\n|upkeep\n|turn|8\n|\n|t:|1699605847\n|move|p1a: George|Thunder Punch|p2a: Corviknight\n|-supereffective|p2a: Corviknight\n|-damage|p2a: Corviknight|0 fnt\n|-damage|p1a: George|0 fnt|[from] item: Rocky Helmet|[of] p2a: Corviknight\n|faint|p2a: Corviknight\n|faint|p1a: George\n|\n|upkeep\n|\n|t:|1699605862\n|switch|p1a: Runerigus|Runerigus, M, shiny|100\/100\n|switch|p2a: Greninja|Greninja, M|100\/100\n|-status|p1a: Runerigus|tox\n|turn|9\n|\n|t:|1699605870\n|move|p2a: Greninja|Hydro Pump|p1a: Runerigus\n|-supereffective|p1a: Runerigus\n|-damage|p1a: Runerigus|0 fnt\n|faint|p1a: Runerigus\n|-ability|p2a: Greninja|Battle Bond|boost\n|-boost|p2a: Greninja|atk|1\n|-boost|p2a: Greninja|spa|1\n|-boost|p2a: Greninja|spe|1\n|-activate|p2a: Greninja|ability: Battle Bond\n|\n|upkeep\n|-message|h8for3v forfeited.\n|\n|win|pk2333\n|raw|h8for3v's rating: 1140 &rarr; <strong>1121<\/strong><br \/>(-19 for losing)\n|raw|pk2333's rating: 1223 &rarr; <strong>1242<\/strong><br \/>(+19 for winning)\n|l|\u2606h8for3v\n|l|\u2606pk2333\n","uploadtime":1699605913,"views":4,"p1id":"h8for3v","p2id":"pk2333","formatid":"gen9nationaldex","rating":1121,"private":0,"password":""}