{"id":"gen9nationaldex-1995735673","p1":"NDSNEZ oats","p2":"GOTEI14","format":"[Gen 9] National Dex","log":"|html|<div class=\"broadcast-blue\"><strong>[Gen 9] National Dex is currently suspecting Sneasler! For information on how to participate check out the <a href=\"https:\/\/www.smogon.com\/forums\/threads\/sv-national-dex-suspect-8-just-dance.3731534\/\">suspect thread<\/a>.<\/strong><\/div>\n|j|\u2606NDSNEZ oats\n|j|\u2606GOTEI14\n|t:|1700598308\n|gametype|singles\n|player|p1|NDSNEZ oats|169|1573\n|player|p2|GOTEI14|cameraman|1608\n|teamsize|p1|6\n|teamsize|p2|6\n|gen|9\n|tier|[Gen 9] National Dex\n|rated|\n|rule|HP Percentage Mod: HP is shown in percentages\n|rule|Endless Battle Clause: Forcing endless battles is banned\n|rule|OHKO Clause: OHKO moves are banned\n|rule|Evasion Clause: Evasion abilities, items, and moves are banned\n|rule|Evasion Abilities Clause: Evasion abilities are banned\n|rule|Evasion Items Clause: Evasion items are banned\n|rule|Evasion Moves Clause: Evasion moves are banned\n|rule|Species Clause: Limit one of each Pok\u00e9mon\n|rule|Sleep Clause Mod: Limit one foe put to sleep\n|clearpoke\n|poke|p1|Landorus-Therian, M|\n|poke|p1|Mawile, M|\n|poke|p1|Kommo-o, M|\n|poke|p1|Volcarona, F|\n|poke|p1|Tapu Koko|\n|poke|p1|Sneasler, F|\n|poke|p2|Garchomp, F|\n|poke|p2|Dondozo, M|\n|poke|p2|Charizard, M|\n|poke|p2|Corviknight, F|\n|poke|p2|Tapu Koko|\n|poke|p2|Clefable, F|\n|teampreview\n|inactive|Battle timer is ON: inactive players will automatically lose when time's up. (requested by NDSNEZ oats)\n|inactive|GOTEI14 has 120 seconds left.\n|j| leona misa\n|inactive|GOTEI14 has 90 seconds left.\n|inactive|GOTEI14 has 60 seconds left.\n|inactive|GOTEI14 has 30 seconds left.\n|inactive|GOTEI14 has 20 seconds left.\n|inactive|GOTEI14 has 15 seconds left.\n|\n|t:|1700598446\n|start\n|switch|p1a: Landorus|Landorus-Therian, M|100\/100\n|switch|p2a: Tapu Koko|Tapu Koko|100\/100\n|-fieldstart|move: Electric Terrain|[from] ability: Electric Surge|[of] p2a: Tapu Koko\n|-ability|p1a: Landorus|Intimidate|boost\n|-unboost|p2a: Tapu Koko|atk|1\n|turn|1\n|\n|t:|1700598456\n|move|p2a: Tapu Koko|U-turn|p1a: Landorus\n|-resisted|p1a: Landorus\n|-damage|p1a: Landorus|95\/100\n|\n|t:|1700598463\n|switch|p2a: Corviknight|Corviknight, F|100\/100|[from] U-turn\n|-ability|p2a: Corviknight|Pressure\n|move|p1a: Landorus|Earthquake|p2a: Corviknight\n|-immune|p2a: Corviknight\n|\n|upkeep\n|turn|2\n|\n|t:|1700598468\n|move|p1a: Landorus|Taunt|p2a: Corviknight\n|-start|p2a: Corviknight|move: Taunt\n|move|p2a: Corviknight|U-turn|p1a: Landorus\n|-resisted|p1a: Landorus\n|-damage|p1a: Landorus|86\/100\n|\n|t:|1700598474\n|switch|p2a: Charizard|Charizard, M|100\/100|[from] U-turn\n|\n|upkeep\n|turn|3\n|\n|t:|1700598478\n|detailschange|p2a: Charizard|Charizard-Mega-Y, M\n|-mega|p2a: Charizard|Charizard|Charizardite Y\n|-weather|SunnyDay|[from] ability: Drought|[of] p2a: Charizard\n|move|p2a: Charizard|Flamethrower|p1a: Landorus\n|-damage|p1a: Landorus|0 fnt\n|faint|p1a: Landorus\n|\n|-weather|SunnyDay|[upkeep]\n|upkeep\n|\n|t:|1700598486\n|switch|p1a: Tapu Koko|Tapu Koko|100\/100\n|turn|4\n|\n|t:|1700598491\n|switch|p2a: Clefable|Clefable, F|100\/100\n|move|p1a: Tapu Koko|Light Screen|p1a: Tapu Koko\n|-sidestart|p1: NDSNEZ oats|move: Light Screen\n|\n|-weather|SunnyDay|[upkeep]\n|upkeep\n|turn|5\n|\n|t:|1700598500\n|move|p1a: Tapu Koko|Taunt|p2a: Clefable\n|-start|p2a: Clefable|move: Taunt\n|move|p2a: Clefable|Knock Off|p1a: Tapu Koko\n|-resisted|p1a: Tapu Koko\n|-damage|p1a: Tapu Koko|91\/100\n|-enditem|p1a: Tapu Koko|Light Clay|[from] move: Knock Off|[of] p2a: Clefable\n|\n|-weather|SunnyDay|[upkeep]\n|-fieldend|move: Electric Terrain\n|upkeep\n|turn|6\n|\n|t:|1700598506\n|move|p1a: Tapu Koko|U-turn|p2a: Clefable\n|-resisted|p2a: Clefable\n|-damage|p2a: Clefable|90\/100\n|\n|t:|1700598518\n|switch|p1a: Mawile|Mawile, M|100\/100|[from] U-turn\n|-ability|p1a: Mawile|Intimidate|boost\n|-unboost|p2a: Clefable|atk|1\n|move|p2a: Clefable|Moonblast|p1a: Mawile\n|-resisted|p1a: Mawile\n|-damage|p1a: Mawile|85\/100\n|-unboost|p1a: Mawile|spa|1\n|\n|-weather|SunnyDay|[upkeep]\n|-heal|p2a: Clefable|96\/100|[from] item: Leftovers\n|upkeep\n|turn|7\n|\n|t:|1700598528\n|switch|p2a: Dondozo|Dondozo, M|100\/100\n|detailschange|p1a: Mawile|Mawile-Mega, M\n|-mega|p1a: Mawile|Mawile|Mawilite\n|move|p1a: Mawile|Swords Dance|p1a: Mawile\n|-boost|p1a: Mawile|atk|2\n|\n|-weather|none\n|upkeep\n|turn|8\n|\n|t:|1700598536\n|move|p1a: Mawile|Knock Off|p2a: Dondozo\n|-damage|p2a: Dondozo|75\/100\n|-enditem|p2a: Dondozo|Leftovers|[from] move: Knock Off|[of] p1a: Mawile\n|move|p2a: Dondozo|Curse|p2a: Dondozo\n|-unboost|p2a: Dondozo|spe|1\n|-boost|p2a: Dondozo|atk|1\n|-boost|p2a: Dondozo|def|1\n|\n|upkeep\n|turn|9\n|\n|t:|1700598552\n|switch|p1a: Kommo-o|Kommo-o, M|100\/100\n|move|p2a: Dondozo|Liquidation|p1a: Kommo-o\n|-resisted|p1a: Kommo-o\n|-damage|p1a: Kommo-o|79\/100\n|\n|upkeep\n|turn|10\n|\n|t:|1700598562\n|switch|p2a: Clefable|Clefable, F|96\/100\n|move|p1a: Kommo-o|Iron Head|p2a: Clefable\n|-supereffective|p2a: Clefable\n|-damage|p2a: Clefable|54\/100\n|\n|-heal|p2a: Clefable|60\/100|[from] item: Leftovers\n|upkeep\n|turn|11\n|\n|t:|1700598571\n|switch|p1a: Mawile|Mawile-Mega, M|85\/100\n|switch|p2a: Corviknight|Corviknight, F|100\/100\n|-ability|p2a: Corviknight|Pressure\n|\n|-sideend|p1: NDSNEZ oats|move: Light Screen\n|upkeep\n|turn|12\n|\n|t:|1700598583\n|switch|p2a: Dondozo|Dondozo, M|75\/100\n|move|p1a: Mawile|Knock Off|p2a: Dondozo\n|-damage|p2a: Dondozo|56\/100\n|\n|upkeep\n|turn|13\n|\n|t:|1700598590\n|switch|p1a: Kommo-o|Kommo-o, M|79\/100\n|move|p2a: Dondozo|Rest|p2a: Dondozo\n|-status|p2a: Dondozo|slp|[from] move: Rest\n|-heal|p2a: Dondozo|100\/100 slp|[silent]\n|\n|upkeep\n|turn|14\n|\n|t:|1700598598\n|switch|p2a: Corviknight|Corviknight, F|100\/100\n|-ability|p2a: Corviknight|Pressure\n|move|p1a: Kommo-o|Iron Head|p2a: Corviknight\n|-resisted|p2a: Corviknight\n|-damage|p2a: Corviknight|94\/100\n|\n|-heal|p2a: Corviknight|100\/100|[from] item: Leftovers\n|upkeep\n|turn|15\n|\n|t:|1700598602\n|-zpower|p1a: Kommo-o\n|move|p1a: Kommo-o|Clangorous Soulblaze|p2a: Corviknight|[zeffect]\n|-resisted|p2a: Corviknight\n|-damage|p2a: Corviknight|62\/100\n|-boost|p1a: Kommo-o|atk|1\n|-boost|p1a: Kommo-o|def|1\n|-boost|p1a: Kommo-o|spa|1\n|-boost|p1a: Kommo-o|spd|1\n|-boost|p1a: Kommo-o|spe|1\n|move|p2a: Corviknight|U-turn|p1a: Kommo-o\n|-resisted|p1a: Kommo-o\n|-damage|p1a: Kommo-o|74\/100\n|\n|t:|1700598607\n|switch|p2a: Tapu Koko|Tapu Koko|100\/100|[from] U-turn\n|-fieldstart|move: Electric Terrain|[from] ability: Electric Surge|[of] p2a: Tapu Koko\n|\n|upkeep\n|turn|16\n|\n|t:|1700598616\n|move|p2a: Tapu Koko|Dazzling Gleam|p1a: Kommo-o\n|-supereffective|p1a: Kommo-o\n|-damage|p1a: Kommo-o|0 fnt\n|faint|p1a: Kommo-o\n|\n|upkeep\n|\n|t:|1700598626\n|switch|p1a: Volcarona|Volcarona, F|100\/100\n|turn|17\n|\n|t:|1700598637\n|switch|p2a: Clefable|Clefable, F|60\/100\n|move|p1a: Volcarona|Quiver Dance|p1a: Volcarona\n|-boost|p1a: Volcarona|spa|1\n|-boost|p1a: Volcarona|spd|1\n|-boost|p1a: Volcarona|spe|1\n|\n|-heal|p2a: Clefable|66\/100|[from] item: Leftovers\n|upkeep\n|turn|18\n|\n|t:|1700598646\n|move|p1a: Volcarona|Quiver Dance|p1a: Volcarona\n|-boost|p1a: Volcarona|spa|1\n|-boost|p1a: Volcarona|spd|1\n|-boost|p1a: Volcarona|spe|1\n|move|p2a: Clefable|Thunder Wave|p1a: Volcarona|[miss]\n|-miss|p2a: Clefable|p1a: Volcarona\n|\n|-heal|p2a: Clefable|73\/100|[from] item: Leftovers\n|upkeep\n|turn|19\n|\n|t:|1700598654\n|move|p1a: Volcarona|Flamethrower|p2a: Clefable\n|-crit|p2a: Clefable\n|-damage|p2a: Clefable|0 fnt\n|faint|p2a: Clefable\n|\n|-fieldend|move: Electric Terrain\n|upkeep\n|\n|t:|1700598660\n|switch|p2a: Garchomp|Garchomp, F|100\/100\n|turn|20\n|\n|t:|1700598665\n|-terastallize|p1a: Volcarona|Grass\n|-terastallize|p2a: Garchomp|Ground\n|move|p1a: Volcarona|Giga Drain|p2a: Garchomp\n|-supereffective|p2a: Garchomp\n|-damage|p2a: Garchomp|0 fnt\n|faint|p2a: Garchomp\n|\n|upkeep\n|\n|t:|1700598673\n|switch|p2a: Charizard|Charizard-Mega-Y, M|100\/100\n|-weather|SunnyDay|[from] ability: Drought|[of] p2a: Charizard\n|turn|21\n|inactive|NDSNEZ oats has 120 seconds left.\n|inactive|NDSNEZ oats has 90 seconds left.\n|\n|t:|1700598747\n|move|p1a: Volcarona|Flamethrower|p2a: Charizard\n|-resisted|p2a: Charizard\n|-damage|p2a: Charizard|15\/100\n|move|p2a: Charizard|Flamethrower|p1a: Volcarona\n|-supereffective|p1a: Volcarona\n|-damage|p1a: Volcarona|15\/100\n|\n|-weather|SunnyDay|[upkeep]\n|upkeep\n|turn|22\n|\n|t:|1700598752\n|move|p1a: Volcarona|Flamethrower|p2a: Charizard\n|-resisted|p2a: Charizard\n|-damage|p2a: Charizard|0 fnt\n|faint|p2a: Charizard\n|\n|-weather|SunnyDay|[upkeep]\n|upkeep\n|\n|t:|1700598776\n|switch|p2a: Tapu Koko|Tapu Koko|100\/100\n|-fieldstart|move: Electric Terrain|[from] ability: Electric Surge|[of] p2a: Tapu Koko\n|turn|23\n|\n|t:|1700598780\n|move|p1a: Volcarona|Flamethrower|p2a: Tapu Koko\n|-damage|p2a: Tapu Koko|0 fnt\n|faint|p2a: Tapu Koko\n|\n|-weather|SunnyDay|[upkeep]\n|upkeep\n|-message|GOTEI14 forfeited.\n|\n|win|NDSNEZ oats\n|raw|NDSNEZ oats's rating: 1573 &rarr; <strong>1595<\/strong><br \/>(+22 for winning)\n|raw|GOTEI14's rating: 1608 &rarr; <strong>1586<\/strong><br \/>(-22 for losing)\n|l|\u2606GOTEI14\n","uploadtime":1700598788,"views":6,"p1id":"ndsnezoats","p2id":"gotei14","formatid":"gen9nationaldex","rating":1586,"private":0,"password":""}