{"id":"gen9nationaldex-1998015330","p1":"NDSNEZ pikakip379","p2":"Jeyley","format":"[Gen 9] National Dex","log":"|html|<div class=\"broadcast-blue\"><strong>[Gen 9] National Dex is currently suspecting Sneasler! For information on how to participate check out the <a href=\"https:\/\/www.smogon.com\/forums\/threads\/sv-national-dex-suspect-8-just-dance.3731534\/\">suspect thread<\/a>.<\/strong><\/div>\n|j|\u2606NDSNEZ pikakip379\n|j|\u2606Jeyley\n|t:|1700879228\n|gametype|singles\n|player|p1|NDSNEZ pikakip379|ninjaboy-gen3|1341\n|player|p2|Jeyley|silver|1368\n|teamsize|p1|6\n|teamsize|p2|6\n|gen|9\n|tier|[Gen 9] National Dex\n|rated|\n|rule|HP Percentage Mod: HP is shown in percentages\n|rule|Endless Battle Clause: Forcing endless battles is banned\n|rule|OHKO Clause: OHKO moves are banned\n|rule|Evasion Clause: Evasion abilities, items, and moves are banned\n|rule|Evasion Abilities Clause: Evasion abilities are banned\n|rule|Evasion Items Clause: Evasion items are banned\n|rule|Evasion Moves Clause: Evasion moves are banned\n|rule|Species Clause: Limit one of each Pok\u00e9mon\n|rule|Sleep Clause Mod: Limit one foe put to sleep\n|clearpoke\n|poke|p1|Excadrill, F|\n|poke|p1|Medicham, M|\n|poke|p1|Rotom-Wash|\n|poke|p1|Volcarona, M|\n|poke|p1|Kommo-o, M|\n|poke|p1|Landorus-Therian, M|\n|poke|p2|Venusaur, M|\n|poke|p2|Gyarados, M|\n|poke|p2|Heracross, M|\n|poke|p2|Flygon, M|\n|poke|p2|Bisharp, M|\n|poke|p2|Talonflame, M|\n|teampreview\n|inactive|Battle timer is ON: inactive players will automatically lose when time's up. (requested by Jeyley)\n|c|\u2606NDSNEZ pikakip379|lol flygon\n|\n|t:|1700879248\n|start\n|switch|p1a: Medichud|Medicham, M|100\/100\n|switch|p2a: Hercules|Heracross, M|100\/100\n|turn|1\n|\n|t:|1700879262\n|switch|p2a: Fenix|Talonflame, M, shiny|100\/100\n|switch|p1a: Smogon Himself|Landorus-Therian, M|100\/100\n|-ability|p1a: Smogon Himself|Intimidate|boost\n|-unboost|p2a: Fenix|atk|1\n|\n|upkeep\n|turn|2\n|\n|t:|1700879270\n|switch|p2a: Hercules|Heracross, M|100\/100\n|move|p1a: Smogon Himself|Stone Edge|p2a: Hercules|[miss]\n|-miss|p1a: Smogon Himself|p2a: Hercules\n|\n|-status|p2a: Hercules|brn|[from] item: Flame Orb\n|upkeep\n|turn|3\n|\n|t:|1700879279\n|move|p1a: Smogon Himself|Stone Edge|p2a: Hercules|[miss]\n|-miss|p1a: Smogon Himself|p2a: Hercules\n|move|p2a: Hercules|Rock Tomb|p1a: Smogon Himself\n|-damage|p1a: Smogon Himself|62\/100\n|-unboost|p1a: Smogon Himself|spe|1\n|\n|-damage|p2a: Hercules|95\/100 brn|[from] brn\n|upkeep\n|turn|4\n|\n|t:|1700879288\n|move|p1a: Smogon Himself|Stone Edge|p2a: Hercules\n|-damage|p2a: Hercules|36\/100 brn\n|move|p2a: Hercules|Lunge|p1a: Smogon Himself\n|-resisted|p1a: Smogon Himself\n|-damage|p1a: Smogon Himself|27\/100\n|-unboost|p1a: Smogon Himself|atk|1\n|\n|-damage|p2a: Hercules|30\/100 brn|[from] brn\n|upkeep\n|turn|5\n|\n|t:|1700879298\n|switch|p1a: Antonblast|Kommo-o, M|100\/100\n|move|p2a: Hercules|Rock Tomb|p1a: Antonblast\n|-resisted|p1a: Antonblast\n|-damage|p1a: Antonblast|86\/100\n|-unboost|p1a: Antonblast|spe|1\n|\n|-damage|p2a: Hercules|24\/100 brn|[from] brn\n|upkeep\n|turn|6\n|\n|t:|1700879310\n|move|p2a: Hercules|Brick Break|p1a: Antonblast\n|-damage|p1a: Antonblast|35\/100\n|move|p1a: Antonblast|Clanging Scales|p2a: Hercules\n|-damage|p2a: Hercules|0 fnt\n|faint|p2a: Hercules\n|-unboost|p1a: Antonblast|def|1\n|\n|upkeep\n|\n|t:|1700879320\n|switch|p2a: Leviatan|Gyarados, M, shiny|100\/100\n|turn|7\n|\n|t:|1700879328\n|switch|p1a: Super Soaker|Rotom-Wash, shiny|100\/100\n|move|p2a: Leviatan|Dragon Dance|p2a: Leviatan\n|-boost|p2a: Leviatan|atk|1\n|-boost|p2a: Leviatan|spe|1\n|\n|upkeep\n|turn|8\n|\n|t:|1700879337\n|switch|p2a: Saur|Venusaur, M|100\/100\n|move|p1a: Super Soaker|Volt Switch|p2a: Saur\n|-resisted|p2a: Saur\n|-damage|p2a: Saur|87\/100\n|\n|t:|1700879342\n|switch|p1a: Medichud|Medicham, M|100\/100|[from] Volt Switch\n|\n|upkeep\n|turn|9\n|\n|t:|1700879348\n|switch|p2a: Fenix|Talonflame, M, shiny|100\/100\n|detailschange|p1a: Medichud|Medicham-Mega, M\n|-mega|p1a: Medichud|Medicham|Medichamite\n|move|p1a: Medichud|Zen Headbutt|p2a: Fenix\n|-damage|p2a: Fenix|0 fnt\n|-status|p1a: Medichud|brn|[from] ability: Flame Body|[of] p2a: Fenix\n|faint|p2a: Fenix\n|\n|-damage|p1a: Medichud|94\/100 brn|[from] brn\n|upkeep\n|\n|t:|1700879361\n|switch|p2a: Leviatan|Gyarados, M, shiny|100\/100\n|turn|10\n|\n|t:|1700879366\n|move|p1a: Medichud|Zen Headbutt|p2a: Leviatan\n|-damage|p2a: Leviatan|55\/100\n|move|p2a: Leviatan|Dragon Dance|p2a: Leviatan\n|-boost|p2a: Leviatan|atk|1\n|-boost|p2a: Leviatan|spe|1\n|\n|-heal|p2a: Leviatan|61\/100|[from] item: Leftovers\n|-damage|p1a: Medichud|88\/100 brn|[from] brn\n|upkeep\n|turn|11\n|\n|t:|1700879376\n|switch|p1a: Super Soaker|Rotom-Wash, shiny|100\/100\n|move|p2a: Leviatan|Waterfall|p1a: Super Soaker\n|-resisted|p1a: Super Soaker\n|-damage|p1a: Super Soaker|76\/100\n|\n|-heal|p2a: Leviatan|67\/100|[from] item: Leftovers\n|-heal|p1a: Super Soaker|82\/100|[from] item: Leftovers\n|upkeep\n|turn|12\n|\n|t:|1700879385\n|move|p2a: Leviatan|Waterfall|p1a: Super Soaker\n|-resisted|p1a: Super Soaker\n|-damage|p1a: Super Soaker|60\/100\n|move|p1a: Super Soaker|Volt Switch|p2a: Leviatan\n|-supereffective|p2a: Leviatan\n|-damage|p2a: Leviatan|0 fnt\n|faint|p2a: Leviatan\n|\n|t:|1700879392\n|switch|p1a: Medichud|Medicham-Mega, M|88\/100 brn|[from] Volt Switch\n|\n|-damage|p1a: Medichud|82\/100 brn|[from] brn\n|upkeep\n|\n|t:|1700879399\n|switch|p2a: Flash|Bisharp, M|100\/100\n|turn|13\n|\n|t:|1700879403\n|move|p1a: Medichud|Close Combat|p2a: Flash\n|-supereffective|p2a: Flash\n|-enditem|p2a: Flash|Focus Sash\n|-damage|p2a: Flash|1\/100\n|-unboost|p1a: Medichud|def|1\n|-unboost|p1a: Medichud|spd|1\n|move|p2a: Flash|Psycho Cut|p1a: Medichud\n|-damage|p1a: Medichud|31\/100 brn\n|\n|-damage|p1a: Medichud|25\/100 brn|[from] brn\n|upkeep\n|turn|14\n|\n|t:|1700879414\n|move|p1a: Medichud|Bullet Punch|p2a: Flash\n|-resisted|p2a: Flash\n|-damage|p2a: Flash|0 fnt\n|faint|p2a: Flash\n|\n|-damage|p1a: Medichud|19\/100 brn|[from] brn\n|upkeep\n|\n|t:|1700879424\n|switch|p2a: Dragonfly|Flygon, M, shiny|100\/100\n|turn|15\n|\n|t:|1700879434\n|switch|p1a: Smogon Himself|Landorus-Therian, M|27\/100\n|-ability|p1a: Smogon Himself|Intimidate|boost\n|-unboost|p2a: Dragonfly|atk|1\n|move|p2a: Dragonfly|Dragon Dance|p2a: Dragonfly\n|-boost|p2a: Dragonfly|atk|1\n|-boost|p2a: Dragonfly|spe|1\n|\n|upkeep\n|turn|16\n|\n|t:|1700879442\n|move|p2a: Dragonfly|Dragon Dance|p2a: Dragonfly\n|-boost|p2a: Dragonfly|atk|1\n|-boost|p2a: Dragonfly|spe|1\n|move|p1a: Smogon Himself|Explosion|p2a: Dragonfly\n|-damage|p2a: Dragonfly|0 fnt\n|faint|p1a: Smogon Himself\n|faint|p2a: Dragonfly\n|\n|upkeep\n|\n|t:|1700879458\n|switch|p2a: Saur|Venusaur, M|87\/100\n|switch|p1a: Medichud|Medicham-Mega, M|19\/100 brn\n|turn|17\n|\n|t:|1700879464\n|detailschange|p2a: Saur|Venusaur-Mega, M\n|-mega|p2a: Saur|Venusaur|Venusaurite\n|move|p1a: Medichud|Zen Headbutt|p2a: Saur\n|-supereffective|p2a: Saur\n|-damage|p2a: Saur|19\/100\n|move|p2a: Saur|Giga Drain|p1a: Medichud\n|-damage|p1a: Medichud|0 fnt\n|-heal|p2a: Saur|27\/100|[from] drain|[of] p1a: Medichud\n|faint|p1a: Medichud\n|\n|upkeep\n|\n|t:|1700879472\n|switch|p1a: Antonblast|Kommo-o, M|35\/100\n|turn|18\n|c|\u2606NDSNEZ pikakip379|ggs\n|\n|t:|1700879478\n|-zpower|p1a: Antonblast\n|move|p1a: Antonblast|Clangorous Soulblaze|p2a: Saur|[zeffect]\n|-damage|p2a: Saur|0 fnt\n|faint|p2a: Saur\n|\n|win|NDSNEZ pikakip379\n|raw|NDSNEZ pikakip379's rating: 1341 &rarr; <strong>1363<\/strong><br \/>(+22 for winning)\n|raw|Jeyley's rating: 1368 &rarr; <strong>1346<\/strong><br \/>(-22 for losing)\n","uploadtime":1700879481,"views":12,"p1id":"ndsnezpikakip379","p2id":"jeyley","formatid":"gen9nationaldex","rating":1346,"private":0,"password":""}