{"id":"gen9nationaldex-1991325095","p1":"xenoswagzilla","p2":"fyehdsj","format":"[Gen 9] National Dex","log":"|j|\u2606xenoswagzilla\n|j|\u2606fyehdsj\n|t:|1700067716\n|gametype|singles\n|player|p1|xenoswagzilla|marlon|1178\n|player|p2|fyehdsj|101|1098\n|teamsize|p1|6\n|teamsize|p2|6\n|gen|9\n|tier|[Gen 9] National Dex\n|rated|\n|rule|HP Percentage Mod: HP is shown in percentages\n|rule|Endless Battle Clause: Forcing endless battles is banned\n|rule|OHKO Clause: OHKO moves are banned\n|rule|Evasion Clause: Evasion abilities, items, and moves are banned\n|rule|Evasion Abilities Clause: Evasion abilities are banned\n|rule|Evasion Items Clause: Evasion items are banned\n|rule|Evasion Moves Clause: Evasion moves are banned\n|rule|Species Clause: Limit one of each Pok\u00e9mon\n|rule|Sleep Clause Mod: Limit one foe put to sleep\n|clearpoke\n|poke|p1|Aggron, M|\n|poke|p1|Victini|\n|poke|p1|Rotom-Wash|\n|poke|p1|Sinistcha|\n|poke|p1|Tyranitar, M|\n|poke|p1|Nidoking, M|\n|poke|p2|Pineco, L1, M|\n|poke|p2|Cottonee, L1, F|\n|poke|p2|Togedemaru, L1, M|\n|poke|p2|Mimikyu, L1, F|\n|poke|p2|Wooper-Paldea, L1, F|\n|poke|p2|Taillow, L1, M|\n|teampreview\n|\n|t:|1700067743\n|start\n|switch|p1a: Rotom|Rotom-Wash|100\/100\n|switch|p2a: Pineco|Pineco, L1, M|100\/100\n|turn|1\n|\n|t:|1700067754\n|move|p1a: Rotom|Hydro Pump|p2a: Pineco\n|-ability|p2a: Pineco|Sturdy\n|-damage|p2a: Pineco|9\/100\n|-enditem|p2a: Pineco|Berry Juice\n|-heal|p2a: Pineco|100\/100|[from] item: Berry Juice\n|move|p2a: Pineco|Toxic Spikes|p1a: Rotom\n|-sidestart|p1: xenoswagzilla|move: Toxic Spikes\n|\n|upkeep\n|turn|2\n|\n|t:|1700067766\n|move|p1a: Rotom|Volt Switch|p2a: Pineco\n|-ability|p2a: Pineco|Sturdy\n|-damage|p2a: Pineco|9\/100\n|\n|t:|1700067770\n|switch|p1a: Nidoking|Nidoking, M|100\/100|[from] Volt Switch\n|-sideend|p1: xenoswagzilla|move: Toxic Spikes|[of] p1a: Nidoking\n|move|p2a: Pineco|Pain Split|p1a: Nidoking\n|-sethp|p1a: Nidoking|51\/100|[from] move: Pain Split|[silent]\n|-sethp|p2a: Pineco|100\/100|[from] move: Pain Split\n|\n|upkeep\n|turn|3\n|\n|t:|1700067791\n|switch|p1a: Tyranitar|Tyranitar, M|100\/100\n|-weather|Sandstorm|[from] ability: Sand Stream|[of] p1a: Tyranitar\n|move|p2a: Pineco|Pain Split|p1a: Tyranitar\n|-sethp|p1a: Tyranitar|52\/100|[from] move: Pain Split|[silent]\n|-sethp|p2a: Pineco|100\/100|[from] move: Pain Split\n|\n|-weather|Sandstorm|[upkeep]\n|-damage|p2a: Pineco|92\/100|[from] Sandstorm\n|upkeep\n|turn|4\n|\n|t:|1700067801\n|move|p1a: Tyranitar|Thunder Punch|p2a: Pineco\n|-crit|p2a: Pineco\n|-damage|p2a: Pineco|0 fnt\n|faint|p2a: Pineco\n|\n|-weather|Sandstorm|[upkeep]\n|upkeep\n|\n|t:|1700067808\n|switch|p2a: Togedemaru|Togedemaru, L1, M|100\/100\n|turn|5\n|\n|t:|1700067819\n|switch|p1a: Rotom|Rotom-Wash|100\/100\n|move|p2a: Togedemaru|Endeavor|p1a: Rotom\n|-damage|p1a: Rotom|5\/100\n|\n|-weather|Sandstorm|[upkeep]\n|-damage|p1a: Rotom|0 fnt|[from] Sandstorm\n|faint|p1a: Rotom\n|upkeep\n|\n|t:|1700067826\n|switch|p1a: Victini|Victini|100\/100\n|turn|6\n|\n|t:|1700067832\n|move|p1a: Victini|U-turn|p2a: Togedemaru\n|-resisted|p2a: Togedemaru\n|-ability|p2a: Togedemaru|Sturdy\n|-damage|p2a: Togedemaru|9\/100\n|\n|t:|1700067838\n|switch|p1a: Sinistcha|Sinistcha|100\/100|[from] U-turn\n|move|p2a: Togedemaru|Endeavor|p1a: Sinistcha\n|-immune|p1a: Sinistcha\n|\n|-weather|Sandstorm|[upkeep]\n|-damage|p1a: Sinistcha|94\/100|[from] Sandstorm\n|-heal|p1a: Sinistcha|100\/100|[from] item: Leftovers\n|upkeep\n|turn|7\n|\n|t:|1700067849\n|move|p2a: Togedemaru|Spiky Shield|p2a: Togedemaru\n|-singleturn|p2a: Togedemaru|move: Protect\n|move|p1a: Sinistcha|Trick Room|p1a: Sinistcha\n|-fieldstart|move: Trick Room|[of] p1a: Sinistcha\n|\n|-weather|none\n|upkeep\n|turn|8\n|\n|t:|1700067857\n|move|p2a: Togedemaru|Nuzzle|p1a: Sinistcha\n|-resisted|p1a: Sinistcha\n|-damage|p1a: Sinistcha|99\/100\n|-status|p1a: Sinistcha|par\n|-heal|p2a: Togedemaru|17\/100|[from] item: Shell Bell|[of] p1a: Sinistcha\n|cant|p1a: Sinistcha|par\n|\n|-heal|p1a: Sinistcha|100\/100 par|[from] item: Leftovers\n|upkeep\n|turn|9\n|\n|t:|1700067868\n|move|p2a: Togedemaru|Spiky Shield|p2a: Togedemaru\n|-singleturn|p2a: Togedemaru|move: Protect\n|move|p1a: Sinistcha|Shadow Ball|p2a: Togedemaru\n|-activate|p2a: Togedemaru|move: Protect\n|\n|upkeep\n|turn|10\n|\n|t:|1700067876\n|switch|p2a: Taillow|Taillow, L1, M, shiny|100\/100\n|move|p1a: Sinistcha|Shadow Ball|p2a: Taillow\n|-immune|p2a: Taillow\n|\n|upkeep\n|turn|11\n|\n|t:|1700067887\n|move|p2a: Taillow|Endeavor|p1a: Sinistcha\n|-damage|p1a: Sinistcha|5\/100 par\n|move|p1a: Sinistcha|Matcha Gotcha|p2a: Taillow|[miss]\n|-miss|p1a: Sinistcha|p2a: Taillow\n|\n|-heal|p1a: Sinistcha|11\/100 par|[from] item: Leftovers\n|-fieldend|move: Trick Room\n|upkeep\n|turn|12\n|\n|t:|1700067905\n|switch|p1a: Tyranitar|Tyranitar, M|52\/100\n|-weather|Sandstorm|[from] ability: Sand Stream|[of] p1a: Tyranitar\n|move|p2a: Taillow|Endeavor|p1a: Tyranitar\n|-damage|p1a: Tyranitar|4\/100\n|\n|-weather|Sandstorm|[upkeep]\n|-damage|p2a: Taillow|92\/100|[from] Sandstorm\n|upkeep\n|turn|13\n|\n|t:|1700067915\n|move|p1a: Tyranitar|Rock Slide|p2a: Taillow\n|-supereffective|p2a: Taillow\n|-damage|p2a: Taillow|0 fnt\n|faint|p2a: Taillow\n|\n|-weather|Sandstorm|[upkeep]\n|upkeep\n|\n|t:|1700067926\n|switch|p2a: Mimikyu|Mimikyu, L1, F, shiny|100\/100\n|-item|p2a: Mimikyu|Air Balloon\n|turn|14\n|\n|t:|1700067949\n|move|p1a: Tyranitar|Rock Slide|p2a: Mimikyu\n|-activate|p2a: Mimikyu|ability: Disguise\n|-damage|p2a: Mimikyu|100\/100\n|-enditem|p2a: Mimikyu|Air Balloon\n|detailschange|p2a: Mimikyu|Mimikyu-Busted, L1, F, shiny\n|-damage|p2a: Mimikyu|93\/100|[from] pokemon: Mimikyu-Busted\n|move|p2a: Mimikyu|Will-O-Wisp|p1a: Tyranitar\n|-status|p1a: Tyranitar|brn\n|\n|-weather|Sandstorm|[upkeep]\n|-damage|p2a: Mimikyu|85\/100|[from] Sandstorm\n|-damage|p1a: Tyranitar|0 fnt|[from] brn\n|faint|p1a: Tyranitar\n|upkeep\n|\n|t:|1700067973\n|switch|p1a: Aggron|Aggron, M|100\/100\n|turn|15\n|\n|t:|1700067977\n|detailschange|p1a: Aggron|Aggron-Mega, M\n|-mega|p1a: Aggron|Aggron|Aggronite\n|move|p1a: Aggron|Heavy Slam|p2a: Mimikyu\n|-supereffective|p2a: Mimikyu\n|-damage|p2a: Mimikyu|0 fnt\n|faint|p2a: Mimikyu\n|\n|-weather|Sandstorm|[upkeep]\n|upkeep\n|\n|t:|1700067990\n|switch|p2a: Cottonee|Cottonee, L1, F|100\/100\n|turn|16\n|\n|t:|1700068003\n|move|p2a: Cottonee|Leech Seed|p1a: Aggron\n|-start|p1a: Aggron|move: Leech Seed\n|move|p1a: Aggron|Heavy Slam|p2a: Cottonee\n|-supereffective|p2a: Cottonee\n|-enditem|p2a: Cottonee|Focus Sash\n|-damage|p2a: Cottonee|10\/100\n|\n|-weather|none\n|-damage|p1a: Aggron|88\/100|[from] Leech Seed|[of] p2a: Cottonee\n|-heal|p2a: Cottonee|100\/100|[silent]\n|upkeep\n|turn|17\n|\n|t:|1700068020\n|move|p2a: Cottonee|Substitute|p2a: Cottonee\n|-start|p2a: Cottonee|Substitute\n|-damage|p2a: Cottonee|82\/100\n|move|p1a: Aggron|Heavy Slam|p2a: Cottonee\n|-supereffective|p2a: Cottonee\n|-end|p2a: Cottonee|Substitute\n|\n|-damage|p1a: Aggron|76\/100|[from] Leech Seed|[of] p2a: Cottonee\n|-heal|p2a: Cottonee|100\/100|[silent]\n|upkeep\n|turn|18\n|\n|t:|1700068030\n|switch|p1a: Victini|Victini|100\/100\n|move|p2a: Cottonee|Substitute|p2a: Cottonee\n|-start|p2a: Cottonee|Substitute\n|-damage|p2a: Cottonee|82\/100\n|\n|upkeep\n|turn|19\n|\n|t:|1700068046\n|move|p2a: Cottonee|Leech Seed|p1a: Victini|[miss]\n|-miss|p2a: Cottonee|p1a: Victini\n|move|p1a: Victini|Fusion Bolt|p2a: Cottonee\n|-resisted|p2a: Cottonee\n|-end|p2a: Cottonee|Substitute\n|\n|upkeep\n|turn|20\n|\n|t:|1700068055\n|move|p2a: Cottonee|Leech Seed|p1a: Victini\n|-start|p1a: Victini|move: Leech Seed\n|move|p1a: Victini|V-create|p2a: Cottonee\n|-supereffective|p2a: Cottonee\n|-damage|p2a: Cottonee|0 fnt\n|-unboost|p1a: Victini|spe|1\n|-unboost|p1a: Victini|def|1\n|-unboost|p1a: Victini|spd|1\n|faint|p2a: Cottonee\n|\n|upkeep\n|\n|t:|1700068064\n|switch|p2a: Togedemaru|Togedemaru, L1, M|17\/100\n|turn|21\n|\n|t:|1700068073\n|move|p2a: Togedemaru|Spiky Shield|p2a: Togedemaru\n|-singleturn|p2a: Togedemaru|move: Protect\n|move|p1a: Victini|Fusion Bolt|p2a: Togedemaru\n|-activate|p2a: Togedemaru|move: Protect\n|\n|-damage|p1a: Victini|88\/100|[from] Leech Seed|[of] p2a: Togedemaru\n|-heal|p2a: Togedemaru|100\/100|[silent]\n|upkeep\n|turn|22\n|\n|t:|1700068082\n|switch|p1a: Sinistcha|Sinistcha|11\/100 par\n|move|p2a: Togedemaru|Endeavor|p1a: Sinistcha\n|-immune|p1a: Sinistcha\n|\n|-heal|p1a: Sinistcha|17\/100 par|[from] item: Leftovers\n|upkeep\n|turn|23\n|\n|t:|1700068093\n|move|p2a: Togedemaru|Spiky Shield|p2a: Togedemaru\n|-singleturn|p2a: Togedemaru|move: Protect\n|move|p1a: Sinistcha|Strength Sap|p2a: Togedemaru\n|-activate|p2a: Togedemaru|move: Protect\n|\n|-heal|p1a: Sinistcha|23\/100 par|[from] item: Leftovers\n|upkeep\n|turn|24\n|\n|t:|1700068108\n|cant|p1a: Sinistcha|par\n|move|p2a: Togedemaru|Nuzzle|p1a: Sinistcha\n|-resisted|p1a: Sinistcha\n|-damage|p1a: Sinistcha|22\/100 par\n|\n|-heal|p1a: Sinistcha|28\/100 par|[from] item: Leftovers\n|upkeep\n|turn|25\n|\n|t:|1700068117\n|move|p2a: Togedemaru|Spiky Shield|p2a: Togedemaru\n|-singleturn|p2a: Togedemaru|move: Protect\n|move|p1a: Sinistcha|Strength Sap|p2a: Togedemaru\n|-activate|p2a: Togedemaru|move: Protect\n|\n|-heal|p1a: Sinistcha|34\/100 par|[from] item: Leftovers\n|upkeep\n|turn|26\n|\n|t:|1700068126\n|cant|p1a: Sinistcha|par\n|move|p2a: Togedemaru|Encore|p1a: Sinistcha\n|-start|p1a: Sinistcha|Encore\n|\n|-heal|p1a: Sinistcha|40\/100 par|[from] item: Leftovers\n|upkeep\n|turn|27\n|\n|t:|1700068135\n|move|p2a: Togedemaru|Spiky Shield|p2a: Togedemaru\n|-singleturn|p2a: Togedemaru|move: Protect\n|cant|p1a: Sinistcha|par\n|\n|-heal|p1a: Sinistcha|46\/100 par|[from] item: Leftovers\n|upkeep\n|turn|28\n|\n|t:|1700068149\n|switch|p2a: Wooper|Wooper-Paldea, L1, F, shiny|100\/100\n|move|p1a: Sinistcha|Strength Sap|p2a: Wooper\n|-unboost|p2a: Wooper|atk|1\n|-heal|p1a: Sinistcha|48\/100 par\n|\n|-heal|p1a: Sinistcha|54\/100 par|[from] item: Leftovers\n|upkeep\n|turn|29\n|\n|t:|1700068167\n|switch|p1a: Nidoking|Nidoking, M|51\/100\n|move|p2a: Wooper|Toxic Spikes|p1a: Nidoking\n|-sidestart|p1: xenoswagzilla|move: Toxic Spikes\n|\n|upkeep\n|turn|30\n|\n|t:|1700068177\n|move|p1a: Nidoking|Earthquake|p2a: Wooper\n|-supereffective|p2a: Wooper\n|-enditem|p2a: Wooper|Focus Sash\n|-damage|p2a: Wooper|9\/100\n|move|p2a: Wooper|Toxic Spikes|p1a: Nidoking\n|-sidestart|p1: xenoswagzilla|move: Toxic Spikes\n|\n|upkeep\n|turn|31\n|\n|t:|1700068187\n|switch|p1a: Aggron|Aggron-Mega, M|76\/100\n|move|p2a: Wooper|Protect||[still]\n|-fail|p2a: Wooper\n|\n|upkeep\n|turn|32\n|\n|t:|1700068197\n|move|p2a: Wooper|Protect|p2a: Wooper\n|-singleturn|p2a: Wooper|Protect\n|move|p1a: Aggron|Heavy Slam|p2a: Wooper\n|-activate|p2a: Wooper|move: Protect\n|\n|upkeep\n|turn|33\n|\n|t:|1700068204\n|move|p1a: Aggron|Heavy Slam|p2a: Wooper\n|-damage|p2a: Wooper|0 fnt\n|faint|p2a: Wooper\n|\n|upkeep\n|\n|t:|1700068209\n|switch|p2a: Togedemaru|Togedemaru, L1, M|100\/100\n|turn|34\n|\n|t:|1700068214\n|switch|p1a: Nidoking|Nidoking, M|51\/100\n|-sideend|p1: xenoswagzilla|move: Toxic Spikes|[of] p1a: Nidoking\n|move|p2a: Togedemaru|Endeavor|p1a: Nidoking\n|-damage|p1a: Nidoking|4\/100\n|-enditem|p1a: Nidoking|Sitrus Berry|[eat]\n|-heal|p1a: Nidoking|29\/100|[from] item: Sitrus Berry\n|\n|upkeep\n|turn|35\n|\n|t:|1700068226\n|move|p2a: Togedemaru|Spiky Shield|p2a: Togedemaru\n|-singleturn|p2a: Togedemaru|move: Protect\n|move|p1a: Nidoking|Body Slam|p2a: Togedemaru\n|-activate|p2a: Togedemaru|move: Protect\n|-damage|p1a: Nidoking|17\/100|[from] Spiky Shield|[of] p2a: Togedemaru\n|\n|upkeep\n|turn|36\n|\n|t:|1700068234\n|move|p1a: Nidoking|Body Slam|p2a: Togedemaru\n|-resisted|p2a: Togedemaru\n|-ability|p2a: Togedemaru|Sturdy\n|-damage|p2a: Togedemaru|9\/100\n|move|p2a: Togedemaru|Endeavor|p1a: Nidoking\n|-damage|p1a: Nidoking|1\/100\n|-heal|p2a: Togedemaru|59\/100|[from] item: Shell Bell|[of] p1a: Nidoking\n|\n|upkeep\n|turn|37\n|\n|t:|1700068245\n|move|p2a: Togedemaru|Spiky Shield|p2a: Togedemaru\n|-singleturn|p2a: Togedemaru|move: Protect\n|move|p1a: Nidoking|Earthquake|p2a: Togedemaru\n|-activate|p2a: Togedemaru|move: Protect\n|\n|upkeep\n|turn|38\n|\n|t:|1700068251\n|move|p1a: Nidoking|Earthquake|p2a: Togedemaru\n|-supereffective|p2a: Togedemaru\n|-damage|p2a: Togedemaru|0 fnt\n|faint|p2a: Togedemaru\n|\n|win|xenoswagzilla\n|raw|xenoswagzilla's rating: 1178 &rarr; <strong>1197<\/strong><br \/>(+19 for winning)\n|raw|fyehdsj's rating: 1098 &rarr; <strong>1079<\/strong><br \/>(-19 for losing)\n|l|\u2606fyehdsj\n|c|\u2606xenoswagzilla|Annoying team\n|c|\u2606xenoswagzilla|ur a loser\n","uploadtime":1700068271,"views":5,"p1id":"xenoswagzilla","p2id":"fyehdsj","formatid":"gen9nationaldex","rating":1079,"private":0,"password":""}