{"id":"gen9nationaldex-1989938991","p1":"Munaru","p2":"Celmestra","format":"[Gen 9] National Dex","log":"|j|\u2606Munaru\n|j|\u2606Celmestra\n|t:|1699908441\n|gametype|singles\n|player|p1|Munaru|lady-gen4|\n|player|p2|Celmestra|clown|\n|teamsize|p1|6\n|teamsize|p2|6\n|gen|9\n|tier|[Gen 9] National Dex\n|rule|HP Percentage Mod: HP is shown in percentages\n|rule|Endless Battle Clause: Forcing endless battles is banned\n|rule|OHKO Clause: OHKO moves are banned\n|rule|Evasion Clause: Evasion abilities, items, and moves are banned\n|rule|Evasion Abilities Clause: Evasion abilities are banned\n|rule|Evasion Items Clause: Evasion items are banned\n|rule|Evasion Moves Clause: Evasion moves are banned\n|rule|Species Clause: Limit one of each Pok\u00e9mon\n|rule|Sleep Clause Mod: Limit one foe put to sleep\n|clearpoke\n|poke|p1|Ursaluna, M|\n|poke|p1|Landorus-Therian, M|\n|poke|p1|Tapu Koko|\n|poke|p1|Gliscor, F|\n|poke|p1|Hatterene, F|\n|poke|p1|Clefable, F|\n|poke|p2|Conkeldurr, F|\n|poke|p2|Scrafty, M|\n|poke|p2|Stakataka|\n|poke|p2|Buzzwole|\n|poke|p2|Zapdos-Galar|\n|poke|p2|Garganacl, F|\n|teampreview\n|c|\u2606Munaru|i smell trickroom\n|c|\u2606Celmestra|!!\n|\n|t:|1699908493\n|start\n|switch|p1a: Landorus|Landorus-Therian, M|100\/100\n|switch|p2a: Garganacl|Garganacl, F|100\/100\n|-ability|p1a: Landorus|Intimidate|boost\n|-unboost|p2a: Garganacl|atk|1\n|turn|1\n|\n|t:|1699908515\n|switch|p2a: Zapdos|Zapdos-Galar|100\/100\n|move|p1a: Landorus|Earthquake|p2a: Zapdos\n|-immune|p2a: Zapdos\n|\n|upkeep\n|turn|2\n|\n|t:|1699908527\n|switch|p1a: Tapu Koko|Tapu Koko, shiny|100\/100\n|-fieldstart|move: Electric Terrain|[from] ability: Electric Surge|[of] p1a: Tapu Koko\n|move|p2a: Zapdos|Brave Bird|p1a: Tapu Koko\n|-resisted|p1a: Tapu Koko\n|-damage|p1a: Tapu Koko|56\/100\n|-damage|p2a: Zapdos|87\/100|[from] Recoil\n|\n|upkeep\n|turn|3\n|\n|t:|1699908548\n|switch|p2a: Stakataka|Stakataka|100\/100\n|move|p1a: Tapu Koko|Thunderbolt|p2a: Stakataka\n|-damage|p2a: Stakataka|47\/100\n|\n|upkeep\n|turn|4\n|\n|t:|1699908565\n|switch|p2a: Garganacl|Garganacl, F|100\/100\n|move|p1a: Tapu Koko|Thunderbolt|p2a: Garganacl\n|-damage|p2a: Garganacl|66\/100\n|\n|-heal|p2a: Garganacl|72\/100|[from] item: Leftovers\n|upkeep\n|turn|5\n|\n|t:|1699908574\n|move|p1a: Tapu Koko|Grass Knot|p2a: Garganacl\n|-supereffective|p2a: Garganacl\n|-damage|p2a: Garganacl|26\/100\n|move|p2a: Garganacl|Salt Cure|p1a: Tapu Koko\n|-damage|p1a: Tapu Koko|35\/100\n|-start|p1a: Tapu Koko|Salt Cure\n|\n|-heal|p2a: Garganacl|32\/100|[from] item: Leftovers\n|-damage|p1a: Tapu Koko|23\/100|[from] Salt Cure\n|upkeep\n|turn|6\n|\n|t:|1699908592\n|switch|p2a: Buzzwole|Buzzwole|100\/100\n|move|p1a: Tapu Koko|Roost|p1a: Tapu Koko\n|-heal|p1a: Tapu Koko|73\/100\n|-singleturn|p1a: Tapu Koko|move: Roost\n|\n|-damage|p1a: Tapu Koko|60\/100|[from] Salt Cure\n|-fieldend|move: Electric Terrain\n|upkeep\n|turn|7\n|\n|t:|1699908611\n|move|p1a: Tapu Koko|U-turn|p2a: Buzzwole\n|-resisted|p2a: Buzzwole\n|-damage|p2a: Buzzwole|95\/100\n|\n|t:|1699908625\n|switch|p1a: Hatterene|Hatterene, F|100\/100|[from] U-turn\n|move|p2a: Buzzwole|Bulk Up|p2a: Buzzwole\n|-boost|p2a: Buzzwole|atk|1\n|-boost|p2a: Buzzwole|def|1\n|\n|upkeep\n|turn|8\n|\n|t:|1699908632\n|switch|p2a: Stakataka|Stakataka|47\/100\n|move|p1a: Hatterene|Mystical Fire|p2a: Stakataka\n|-damage|p2a: Stakataka|22\/100\n|-unboost|p2a: Stakataka|spa|1\n|\n|upkeep\n|turn|9\n|\n|t:|1699908654\n|switch|p2a: Garganacl|Garganacl, F|32\/100\n|move|p1a: Hatterene|Mystical Fire|p2a: Garganacl\n|-resisted|p2a: Garganacl\n|-damage|p2a: Garganacl|24\/100\n|-unboost|p2a: Garganacl|spa|1\n|\n|-heal|p2a: Garganacl|31\/100|[from] item: Leftovers\n|upkeep\n|turn|10\n|\n|t:|1699908663\n|move|p1a: Hatterene|Calm Mind|p1a: Hatterene\n|-boost|p1a: Hatterene|spa|1\n|-boost|p1a: Hatterene|spd|1\n|move|p2a: Garganacl|Recover|p2a: Garganacl\n|-heal|p2a: Garganacl|81\/100\n|\n|-heal|p2a: Garganacl|87\/100|[from] item: Leftovers\n|upkeep\n|turn|11\n|\n|t:|1699908669\n|move|p1a: Hatterene|Calm Mind|p1a: Hatterene\n|-boost|p1a: Hatterene|spa|1\n|-boost|p1a: Hatterene|spd|1\n|move|p2a: Garganacl|Salt Cure|p1a: Hatterene\n|-damage|p1a: Hatterene|88\/100\n|-start|p1a: Hatterene|Salt Cure\n|\n|-heal|p1a: Hatterene|94\/100|[from] item: Leftovers\n|-heal|p2a: Garganacl|93\/100|[from] item: Leftovers\n|-damage|p1a: Hatterene|82\/100|[from] Salt Cure\n|upkeep\n|turn|12\n|\n|t:|1699908684\n|move|p1a: Hatterene|Draining Kiss|p2a: Garganacl\n|-damage|p2a: Garganacl|62\/100\n|-heal|p1a: Hatterene|100\/100|[from] drain|[of] p2a: Garganacl\n|move|p2a: Garganacl|Iron Defense|p2a: Garganacl\n|-boost|p2a: Garganacl|def|2\n|\n|-heal|p2a: Garganacl|68\/100|[from] item: Leftovers\n|-damage|p1a: Hatterene|88\/100|[from] Salt Cure\n|upkeep\n|turn|13\n|\n|t:|1699908695\n|move|p1a: Hatterene|Draining Kiss|p2a: Garganacl\n|-damage|p2a: Garganacl|41\/100\n|-heal|p1a: Hatterene|100\/100|[from] drain|[of] p2a: Garganacl\n|move|p2a: Garganacl|Recover|p2a: Garganacl\n|-heal|p2a: Garganacl|91\/100\n|\n|-heal|p2a: Garganacl|97\/100|[from] item: Leftovers\n|-damage|p1a: Hatterene|88\/100|[from] Salt Cure\n|upkeep\n|turn|14\n|\n|t:|1699908706\n|switch|p1a: Landorus|Landorus-Therian, M|100\/100\n|-ability|p1a: Landorus|Intimidate|boost\n|-unboost|p2a: Garganacl|atk|1\n|move|p2a: Garganacl|Iron Defense|p2a: Garganacl\n|-boost|p2a: Garganacl|def|2\n|\n|-heal|p2a: Garganacl|100\/100|[from] item: Leftovers\n|upkeep\n|turn|15\n|\n|t:|1699908714\n|move|p1a: Landorus|Earthquake|p2a: Garganacl\n|-supereffective|p2a: Garganacl\n|-damage|p2a: Garganacl|74\/100\n|move|p2a: Garganacl|Iron Defense|p2a: Garganacl\n|-boost|p2a: Garganacl|def|2\n|\n|-heal|p2a: Garganacl|80\/100|[from] item: Leftovers\n|upkeep\n|turn|16\n|\n|t:|1699908721\n|move|p1a: Landorus|Earthquake|p2a: Garganacl\n|-supereffective|p2a: Garganacl\n|-damage|p2a: Garganacl|60\/100\n|move|p2a: Garganacl|Salt Cure|p1a: Landorus\n|-damage|p1a: Landorus|90\/100\n|-start|p1a: Landorus|Salt Cure\n|\n|-heal|p2a: Garganacl|66\/100|[from] item: Leftovers\n|-damage|p1a: Landorus|78\/100|[from] Salt Cure\n|upkeep\n|turn|17\n|\n|t:|1699908729\n|move|p1a: Landorus|Earthquake|p2a: Garganacl\n|-supereffective|p2a: Garganacl\n|-damage|p2a: Garganacl|46\/100\n|move|p2a: Garganacl|Recover|p2a: Garganacl\n|-heal|p2a: Garganacl|97\/100\n|\n|-heal|p2a: Garganacl|100\/100|[from] item: Leftovers\n|-damage|p1a: Landorus|66\/100|[from] Salt Cure\n|upkeep\n|turn|18\n|\n|t:|1699908737\n|switch|p1a: Gliscor|Gliscor, F|100\/100\n|move|p2a: Garganacl|Body Press|p1a: Gliscor\n|-resisted|p1a: Gliscor\n|-damage|p1a: Gliscor|75\/100\n|\n|-status|p1a: Gliscor|tox|[from] item: Toxic Orb\n|upkeep\n|turn|19\n|\n|t:|1699908745\n|move|p1a: Gliscor|Toxic|p2a: Garganacl\n|-immune|p2a: Garganacl|[from] ability: Purifying Salt\n|move|p2a: Garganacl|Salt Cure|p1a: Gliscor\n|-damage|p1a: Gliscor|70\/100 tox\n|-start|p1a: Gliscor|Salt Cure\n|\n|-heal|p1a: Gliscor|82\/100 tox|[from] ability: Poison Heal\n|-damage|p1a: Gliscor|70\/100 tox|[from] Salt Cure\n|upkeep\n|turn|20\n|c|\u2606Munaru|salt cure does more than i thought wtf\n|\n|t:|1699908773\n|switch|p1a: Clefable|Clefable, F|100\/100\n|move|p2a: Garganacl|Body Press|p1a: Clefable\n|-resisted|p1a: Clefable\n|-damage|p1a: Clefable|63\/100\n|\n|-heal|p1a: Clefable|69\/100|[from] item: Leftovers\n|upkeep\n|turn|21\n|\n|t:|1699908780\n|move|p1a: Clefable|Wish|p1a: Clefable\n|move|p2a: Garganacl|Salt Cure|p1a: Clefable\n|-damage|p1a: Clefable|62\/100\n|-start|p1a: Clefable|Salt Cure\n|\n|-heal|p1a: Clefable|68\/100|[from] item: Leftovers\n|upkeep\n|turn|22\n|\n|t:|1699908789\n|switch|p1a: Landorus|Landorus-Therian, M|66\/100\n|-ability|p1a: Landorus|Intimidate|boost\n|-unboost|p2a: Garganacl|atk|1\n|move|p2a: Garganacl|Body Press|p1a: Landorus\n|-resisted|p1a: Landorus\n|-damage|p1a: Landorus|12\/100\n|\n|-heal|p1a: Landorus|74\/100|[from] move: Wish|[wisher] Clefable\n|upkeep\n|turn|23\n|\n|t:|1699908798\n|move|p1a: Landorus|Grass Knot|p2a: Garganacl\n|-supereffective|p2a: Garganacl\n|-damage|p2a: Garganacl|63\/100\n|move|p2a: Garganacl|Body Press|p1a: Landorus\n|-resisted|p1a: Landorus\n|-damage|p1a: Landorus|23\/100\n|\n|-heal|p2a: Garganacl|69\/100|[from] item: Leftovers\n|upkeep\n|turn|24\n|\n|t:|1699908817\n|move|p1a: Landorus|Grass Knot|p2a: Garganacl\n|-supereffective|p2a: Garganacl\n|-damage|p2a: Garganacl|33\/100\n|move|p2a: Garganacl|Body Press|p1a: Landorus\n|-resisted|p1a: Landorus\n|-damage|p1a: Landorus|0 fnt\n|faint|p1a: Landorus\n|\n|-heal|p2a: Garganacl|39\/100|[from] item: Leftovers\n|upkeep\n|\n|t:|1699908823\n|switch|p1a: Tapu Koko|Tapu Koko, shiny|60\/100\n|-fieldstart|move: Electric Terrain|[from] ability: Electric Surge|[of] p1a: Tapu Koko\n|turn|25\n|\n|t:|1699908831\n|move|p1a: Tapu Koko|Roost|p1a: Tapu Koko\n|-heal|p1a: Tapu Koko|100\/100\n|-singleturn|p1a: Tapu Koko|move: Roost\n|move|p2a: Garganacl|Recover|p2a: Garganacl\n|-heal|p2a: Garganacl|90\/100\n|\n|-heal|p2a: Garganacl|96\/100|[from] item: Leftovers\n|upkeep\n|turn|26\n|\n|t:|1699908838\n|move|p1a: Tapu Koko|Grass Knot|p2a: Garganacl\n|-supereffective|p2a: Garganacl\n|-damage|p2a: Garganacl|50\/100\n|move|p2a: Garganacl|Salt Cure|p1a: Tapu Koko\n|-damage|p1a: Tapu Koko|91\/100\n|-start|p1a: Tapu Koko|Salt Cure\n|\n|-heal|p2a: Garganacl|56\/100|[from] item: Leftovers\n|-damage|p1a: Tapu Koko|78\/100|[from] Salt Cure\n|upkeep\n|turn|27\n|\n|t:|1699908846\n|move|p1a: Tapu Koko|Grass Knot|p2a: Garganacl\n|-supereffective|p2a: Garganacl\n|-damage|p2a: Garganacl|10\/100\n|move|p2a: Garganacl|Recover|p2a: Garganacl\n|-heal|p2a: Garganacl|60\/100\n|\n|-heal|p2a: Garganacl|67\/100|[from] item: Leftovers\n|-damage|p1a: Tapu Koko|66\/100|[from] Salt Cure\n|upkeep\n|turn|28\n|\n|t:|1699908854\n|move|p1a: Tapu Koko|Grass Knot|p2a: Garganacl\n|-supereffective|p2a: Garganacl\n|-damage|p2a: Garganacl|20\/100\n|move|p2a: Garganacl|Recover|p2a: Garganacl\n|-heal|p2a: Garganacl|70\/100\n|\n|-heal|p2a: Garganacl|77\/100|[from] item: Leftovers\n|-damage|p1a: Tapu Koko|53\/100|[from] Salt Cure\n|upkeep\n|turn|29\n|\n|t:|1699908862\n|move|p1a: Tapu Koko|Roost|p1a: Tapu Koko\n|-heal|p1a: Tapu Koko|100\/100\n|-singleturn|p1a: Tapu Koko|move: Roost\n|move|p2a: Garganacl|Recover|p2a: Garganacl\n|-heal|p2a: Garganacl|100\/100\n|\n|-damage|p1a: Tapu Koko|88\/100|[from] Salt Cure\n|-fieldend|move: Electric Terrain\n|upkeep\n|turn|30\n|\n|t:|1699908869\n|move|p1a: Tapu Koko|Grass Knot|p2a: Garganacl\n|-supereffective|p2a: Garganacl\n|-damage|p2a: Garganacl|59\/100\n|move|p2a: Garganacl|Body Press|p1a: Tapu Koko\n|-resisted|p1a: Tapu Koko\n|-damage|p1a: Tapu Koko|21\/100\n|\n|-heal|p2a: Garganacl|66\/100|[from] item: Leftovers\n|-damage|p1a: Tapu Koko|9\/100|[from] Salt Cure\n|upkeep\n|turn|31\n|\n|t:|1699908879\n|move|p1a: Tapu Koko|Roost|p1a: Tapu Koko\n|-heal|p1a: Tapu Koko|59\/100\n|-singleturn|p1a: Tapu Koko|move: Roost\n|move|p2a: Garganacl|Body Press|p1a: Tapu Koko\n|-resisted|p1a: Tapu Koko\n|-damage|p1a: Tapu Koko|0 fnt\n|faint|p1a: Tapu Koko\n|\n|-heal|p2a: Garganacl|72\/100|[from] item: Leftovers\n|upkeep\n|\n|t:|1699908881\n|switch|p1a: Ursaluna|Ursaluna, M, shiny|100\/100\n|turn|32\n|\n|t:|1699908888\n|move|p1a: Ursaluna|Trailblaze|p2a: Garganacl\n|-supereffective|p2a: Garganacl\n|-damage|p2a: Garganacl|64\/100\n|-boost|p1a: Ursaluna|spe|1\n|move|p2a: Garganacl|Body Press|p1a: Ursaluna\n|-supereffective|p1a: Ursaluna\n|-damage|p1a: Ursaluna|0 fnt\n|faint|p1a: Ursaluna\n|\n|-heal|p2a: Garganacl|70\/100|[from] item: Leftovers\n|upkeep\n|\n|t:|1699908900\n|switch|p1a: Gliscor|Gliscor, F|70\/100 tox\n|turn|33\n|\n|t:|1699908903\n|move|p1a: Gliscor|Toxic|p2a: Garganacl\n|-immune|p2a: Garganacl|[from] ability: Purifying Salt\n|move|p2a: Garganacl|Salt Cure|p1a: Gliscor\n|-damage|p1a: Gliscor|65\/100 tox\n|-start|p1a: Gliscor|Salt Cure\n|\n|-heal|p2a: Garganacl|77\/100|[from] item: Leftovers\n|-heal|p1a: Gliscor|78\/100 tox|[from] ability: Poison Heal\n|-damage|p1a: Gliscor|65\/100 tox|[from] Salt Cure\n|upkeep\n|turn|34\n|\n|t:|1699908912\n|move|p1a: Gliscor|Earthquake|p2a: Garganacl\n|-supereffective|p2a: Garganacl\n|-damage|p2a: Garganacl|64\/100\n|move|p2a: Garganacl|Body Press|p1a: Gliscor\n|-resisted|p1a: Gliscor\n|-damage|p1a: Gliscor|40\/100 tox\n|\n|-heal|p2a: Garganacl|70\/100|[from] item: Leftovers\n|-heal|p1a: Gliscor|52\/100 tox|[from] ability: Poison Heal\n|-damage|p1a: Gliscor|40\/100 tox|[from] Salt Cure\n|upkeep\n|turn|35\n|\n|t:|1699908922\n|move|p1a: Gliscor|Earthquake|p2a: Garganacl\n|-supereffective|p2a: Garganacl\n|-damage|p2a: Garganacl|58\/100\n|move|p2a: Garganacl|Body Press|p1a: Gliscor\n|-resisted|p1a: Gliscor\n|-damage|p1a: Gliscor|13\/100 tox\n|\n|-heal|p2a: Garganacl|64\/100|[from] item: Leftovers\n|-heal|p1a: Gliscor|26\/100 tox|[from] ability: Poison Heal\n|-damage|p1a: Gliscor|13\/100 tox|[from] Salt Cure\n|upkeep\n|turn|36\n|\n|t:|1699908932\n|move|p1a: Gliscor|Protect|p1a: Gliscor\n|-singleturn|p1a: Gliscor|Protect\n|move|p2a: Garganacl|Body Press|p1a: Gliscor\n|-activate|p1a: Gliscor|move: Protect\n|\n|-heal|p2a: Garganacl|70\/100|[from] item: Leftovers\n|-heal|p1a: Gliscor|26\/100 tox|[from] ability: Poison Heal\n|-damage|p1a: Gliscor|13\/100 tox|[from] Salt Cure\n|upkeep\n|turn|37\n|\n|t:|1699908941\n|move|p1a: Gliscor|Earthquake|p2a: Garganacl\n|-supereffective|p2a: Garganacl\n|-crit|p2a: Garganacl\n|-damage|p2a: Garganacl|6\/100\n|move|p2a: Garganacl|Body Press|p1a: Gliscor\n|-resisted|p1a: Gliscor\n|-damage|p1a: Gliscor|0 fnt\n|faint|p1a: Gliscor\n|\n|-heal|p2a: Garganacl|13\/100|[from] item: Leftovers\n|upkeep\n|c|\u2606Celmestra|OW\n|\n|t:|1699908949\n|switch|p1a: Hatterene|Hatterene, F|88\/100\n|turn|38\n|\n|t:|1699908954\n|move|p1a: Hatterene|Psyshock|p2a: Garganacl\n|-damage|p2a: Garganacl|6\/100\n|move|p2a: Garganacl|Recover|p2a: Garganacl\n|-heal|p2a: Garganacl|57\/100\n|\n|-heal|p1a: Hatterene|94\/100|[from] item: Leftovers\n|-heal|p2a: Garganacl|63\/100|[from] item: Leftovers\n|upkeep\n|turn|39\n|\n|t:|1699908965\n|move|p1a: Hatterene|Calm Mind|p1a: Hatterene\n|-boost|p1a: Hatterene|spa|1\n|-boost|p1a: Hatterene|spd|1\n|move|p2a: Garganacl|Salt Cure|p1a: Hatterene\n|-damage|p1a: Hatterene|89\/100\n|-start|p1a: Hatterene|Salt Cure\n|\n|-heal|p1a: Hatterene|95\/100|[from] item: Leftovers\n|-heal|p2a: Garganacl|69\/100|[from] item: Leftovers\n|-damage|p1a: Hatterene|82\/100|[from] Salt Cure\n|upkeep\n|turn|40\n|\n|t:|1699908974\n|move|p1a: Hatterene|Calm Mind|p1a: Hatterene\n|-boost|p1a: Hatterene|spa|1\n|-boost|p1a: Hatterene|spd|1\n|move|p2a: Garganacl|Body Press|p1a: Hatterene\n|-resisted|p1a: Hatterene\n|-damage|p1a: Hatterene|62\/100\n|\n|-heal|p1a: Hatterene|68\/100|[from] item: Leftovers\n|-heal|p2a: Garganacl|75\/100|[from] item: Leftovers\n|-damage|p1a: Hatterene|56\/100|[from] Salt Cure\n|upkeep\n|turn|41\n|\n|t:|1699908983\n|move|p1a: Hatterene|Draining Kiss|p2a: Garganacl\n|-damage|p2a: Garganacl|45\/100\n|-heal|p1a: Hatterene|85\/100|[from] drain|[of] p2a: Garganacl\n|move|p2a: Garganacl|Body Press|p1a: Hatterene\n|-resisted|p1a: Hatterene\n|-damage|p1a: Hatterene|67\/100\n|\n|-heal|p1a: Hatterene|73\/100|[from] item: Leftovers\n|-heal|p2a: Garganacl|51\/100|[from] item: Leftovers\n|-damage|p1a: Hatterene|61\/100|[from] Salt Cure\n|upkeep\n|turn|42\n|\n|t:|1699908993\n|move|p1a: Hatterene|Draining Kiss|p2a: Garganacl\n|-damage|p2a: Garganacl|22\/100\n|-heal|p1a: Hatterene|89\/100|[from] drain|[of] p2a: Garganacl\n|move|p2a: Garganacl|Body Press|p1a: Hatterene\n|-resisted|p1a: Hatterene\n|-crit|p1a: Hatterene\n|-damage|p1a: Hatterene|62\/100\n|\n|-heal|p1a: Hatterene|68\/100|[from] item: Leftovers\n|-heal|p2a: Garganacl|28\/100|[from] item: Leftovers\n|-damage|p1a: Hatterene|56\/100|[from] Salt Cure\n|upkeep\n|turn|43\n|\n|t:|1699909003\n|move|p1a: Hatterene|Calm Mind|p1a: Hatterene\n|-boost|p1a: Hatterene|spa|1\n|-boost|p1a: Hatterene|spd|1\n|move|p2a: Garganacl|Body Press|p1a: Hatterene\n|-resisted|p1a: Hatterene\n|-damage|p1a: Hatterene|37\/100\n|\n|-heal|p1a: Hatterene|43\/100|[from] item: Leftovers\n|-heal|p2a: Garganacl|34\/100|[from] item: Leftovers\n|-damage|p1a: Hatterene|31\/100|[from] Salt Cure\n|upkeep\n|turn|44\n|\n|t:|1699909017\n|move|p1a: Hatterene|Draining Kiss|p2a: Garganacl\n|-damage|p2a: Garganacl|0 fnt\n|-heal|p1a: Hatterene|63\/100|[from] drain|[of] p2a: Garganacl\n|faint|p2a: Garganacl\n|\n|-heal|p1a: Hatterene|69\/100|[from] item: Leftovers\n|-damage|p1a: Hatterene|56\/100|[from] Salt Cure\n|upkeep\n|c|\u2606Munaru|FINALLY\n|\n|t:|1699909028\n|switch|p2a: Zapdos|Zapdos-Galar|87\/100\n|turn|45\n|c|\u2606Munaru|stinky salt dude\n|\n|t:|1699909037\n|move|p2a: Zapdos|U-turn|p1a: Hatterene\n|-damage|p1a: Hatterene|38\/100\n|\n|t:|1699909041\n|switch|p2a: Stakataka|Stakataka|22\/100|[from] U-turn\n|move|p1a: Hatterene|Psyshock|p2a: Stakataka\n|-resisted|p2a: Stakataka\n|-crit|p2a: Stakataka\n|-damage|p2a: Stakataka|0 fnt\n|faint|p2a: Stakataka\n|\n|-heal|p1a: Hatterene|44\/100|[from] item: Leftovers\n|-damage|p1a: Hatterene|31\/100|[from] Salt Cure\n|upkeep\n|\n|t:|1699909050\n|switch|p2a: Zapdos|Zapdos-Galar|87\/100\n|turn|46\n|\n|t:|1699909055\n|move|p2a: Zapdos|Brave Bird|p1a: Hatterene\n|-damage|p1a: Hatterene|0 fnt\n|faint|p1a: Hatterene\n|-damage|p2a: Zapdos|77\/100|[from] Recoil\n|\n|upkeep\n|\n|t:|1699909057\n|switch|p1a: Clefable|Clefable, F|68\/100\n|turn|47\n|\n|t:|1699909061\n|move|p1a: Clefable|Protect|p1a: Clefable\n|-singleturn|p1a: Clefable|Protect\n|move|p2a: Zapdos|Brave Bird|p1a: Clefable\n|-activate|p1a: Clefable|move: Protect\n|\n|-heal|p1a: Clefable|74\/100|[from] item: Leftovers\n|upkeep\n|turn|48\n|\n|t:|1699909068\n|move|p2a: Zapdos|Brave Bird|p1a: Clefable\n|-damage|p1a: Clefable|31\/100\n|-damage|p2a: Zapdos|60\/100|[from] Recoil\n|move|p1a: Clefable|Wish|p1a: Clefable\n|\n|-heal|p1a: Clefable|37\/100|[from] item: Leftovers\n|upkeep\n|turn|49\n|\n|t:|1699909074\n|move|p1a: Clefable|Protect|p1a: Clefable\n|-singleturn|p1a: Clefable|Protect\n|move|p2a: Zapdos|Brave Bird|p1a: Clefable\n|-activate|p1a: Clefable|move: Protect\n|\n|-heal|p1a: Clefable|87\/100|[from] move: Wish|[wisher] Clefable\n|-heal|p1a: Clefable|93\/100|[from] item: Leftovers\n|upkeep\n|turn|50\n|\n|t:|1699909088\n|move|p2a: Zapdos|Brave Bird|p1a: Clefable\n|-damage|p1a: Clefable|46\/100\n|-damage|p2a: Zapdos|41\/100|[from] Recoil\n|move|p1a: Clefable|Moonblast|p2a: Zapdos\n|-supereffective|p2a: Zapdos\n|-damage|p2a: Zapdos|0 fnt\n|faint|p2a: Zapdos\n|\n|-heal|p1a: Clefable|53\/100|[from] item: Leftovers\n|upkeep\n|\n|t:|1699909106\n|switch|p2a: Buzzwole|Buzzwole|95\/100\n|turn|51\n|\n|t:|1699909112\n|move|p2a: Buzzwole|Ice Punch|p1a: Clefable\n|-damage|p1a: Clefable|35\/100\n|move|p1a: Clefable|Wish|p1a: Clefable\n|\n|-heal|p1a: Clefable|41\/100|[from] item: Leftovers\n|upkeep\n|turn|52\n|\n|t:|1699909117\n|move|p1a: Clefable|Protect|p1a: Clefable\n|-singleturn|p1a: Clefable|Protect\n|move|p2a: Buzzwole|Bulk Up|p2a: Buzzwole\n|-boost|p2a: Buzzwole|atk|1\n|-boost|p2a: Buzzwole|def|1\n|\n|-heal|p1a: Clefable|91\/100|[from] move: Wish|[wisher] Clefable\n|-heal|p1a: Clefable|97\/100|[from] item: Leftovers\n|upkeep\n|turn|53\n|\n|t:|1699909126\n|move|p2a: Buzzwole|Ice Punch|p1a: Clefable\n|-crit|p1a: Clefable\n|-damage|p1a: Clefable|56\/100\n|move|p1a: Clefable|Moonblast|p2a: Buzzwole\n|-supereffective|p2a: Buzzwole\n|-damage|p2a: Buzzwole|45\/100\n|-unboost|p2a: Buzzwole|spa|1\n|\n|-heal|p1a: Clefable|62\/100|[from] item: Leftovers\n|upkeep\n|turn|54\n|\n|t:|1699909134\n|move|p2a: Buzzwole|Ice Punch|p1a: Clefable\n|-damage|p1a: Clefable|35\/100\n|move|p1a: Clefable|Moonblast|p2a: Buzzwole\n|-supereffective|p2a: Buzzwole\n|-damage|p2a: Buzzwole|0 fnt\n|faint|p2a: Buzzwole\n|\n|-heal|p1a: Clefable|41\/100|[from] item: Leftovers\n|upkeep\n|\n|t:|1699909143\n|switch|p2a: Scrafty|Scrafty, M|100\/100\n|turn|55\n|\n|t:|1699909148\n|move|p1a: Clefable|Wish|p1a: Clefable\n|move|p2a: Scrafty|Knock Off|p1a: Clefable\n|-resisted|p1a: Clefable\n|-damage|p1a: Clefable|30\/100\n|-enditem|p1a: Clefable|Leftovers|[from] move: Knock Off|[of] p2a: Scrafty\n|\n|upkeep\n|turn|56\n|\n|t:|1699909153\n|move|p1a: Clefable|Protect|p1a: Clefable\n|-singleturn|p1a: Clefable|Protect\n|move|p2a: Scrafty|Bulk Up|p2a: Scrafty\n|-boost|p2a: Scrafty|atk|1\n|-boost|p2a: Scrafty|def|1\n|\n|-heal|p1a: Clefable|80\/100|[from] move: Wish|[wisher] Clefable\n|upkeep\n|turn|57\n|\n|t:|1699909163\n|move|p1a: Clefable|Moonblast|p2a: Scrafty\n|-supereffective|p2a: Scrafty\n|-damage|p2a: Scrafty|10\/100\n|-unboost|p2a: Scrafty|spa|1\n|move|p2a: Scrafty|Drain Punch|p1a: Clefable\n|-resisted|p1a: Clefable\n|-damage|p1a: Clefable|68\/100\n|-heal|p2a: Scrafty|18\/100|[from] drain|[of] p1a: Clefable\n|\n|-heal|p2a: Scrafty|24\/100|[from] item: Leftovers\n|upkeep\n|turn|58\n|\n|t:|1699909174\n|move|p1a: Clefable|Moonblast|p2a: Scrafty\n|-supereffective|p2a: Scrafty\n|-damage|p2a: Scrafty|0 fnt\n|faint|p2a: Scrafty\n|\n|upkeep\n|\n|t:|1699909178\n|switch|p2a: Conkeldurr|Conkeldurr, F|100\/100\n|turn|59\n|\n|t:|1699909185\n|move|p1a: Clefable|Moonblast|p2a: Conkeldurr\n|-supereffective|p2a: Conkeldurr\n|-damage|p2a: Conkeldurr|32\/100\n|move|p2a: Conkeldurr|Facade|p1a: Clefable\n|-damage|p1a: Clefable|47\/100\n|\n|-status|p2a: Conkeldurr|brn|[from] item: Flame Orb\n|upkeep\n|turn|60\n|\n|t:|1699909192\n|move|p1a: Clefable|Moonblast|p2a: Conkeldurr\n|-supereffective|p2a: Conkeldurr\n|-damage|p2a: Conkeldurr|0 fnt\n|faint|p2a: Conkeldurr\n|\n|win|Munaru\n|c|\u2606Munaru|gg\n|c|\u2606Celmestra|gg\n|l|\u2606Munaru\n","uploadtime":1699909202,"views":23,"p1id":"munaru","p2id":"celmestra","formatid":"gen9nationaldex","rating":0,"private":0,"password":""}