{"id":"gen9nationaldex-1999343824","p1":"Saltator","p2":"zhiyinge","format":"[Gen 9] National Dex","log":"|html|<div class=\"broadcast-blue\"><strong>[Gen 9] National Dex is currently suspecting Sneasler! For information on how to participate check out the <a href=\"https:\/\/www.smogon.com\/forums\/threads\/sv-national-dex-suspect-8-just-dance.3731534\/\">suspect thread<\/a>.<\/strong><\/div>\n|j|\u2606Saltator\n|j|\u2606zhiyinge\n|t:|1701063622\n|gametype|singles\n|player|p1|Saltator|ghetsis|1391\n|player|p2|zhiyinge|102|1318\n|teamsize|p1|6\n|teamsize|p2|6\n|gen|9\n|tier|[Gen 9] National Dex\n|rated|\n|rule|HP Percentage Mod: HP is shown in percentages\n|rule|Endless Battle Clause: Forcing endless battles is banned\n|rule|OHKO Clause: OHKO moves are banned\n|rule|Evasion Clause: Evasion abilities, items, and moves are banned\n|rule|Evasion Abilities Clause: Evasion abilities are banned\n|rule|Evasion Items Clause: Evasion items are banned\n|rule|Evasion Moves Clause: Evasion moves are banned\n|rule|Species Clause: Limit one of each Pok\u00e9mon\n|rule|Sleep Clause Mod: Limit one foe put to sleep\n|clearpoke\n|poke|p1|Salazzle, F|\n|poke|p1|Magnemite, L1|\n|poke|p1|Probopass, L2, M|\n|poke|p1|Mandibuzz, F|\n|poke|p1|Nosepass, L1, F|\n|poke|p1|Tentacruel, M|\n|poke|p2|Mawile, M|\n|poke|p2|Marowak-Alola, F|\n|poke|p2|Hatterene, F|\n|poke|p2|Cresselia, F|\n|poke|p2|Porygon2|\n|poke|p2|Ursaluna, M|\n|teampreview\n|\n|t:|1701063637\n|start\n|switch|p1a: Sh\ud83d\udca9tsquid|Tentacruel, M|100\/100\n|switch|p2a: Hatterene|Hatterene, F|100\/100\n|turn|1\n|inactive|Battle timer is ON: inactive players will automatically lose when time's up. (requested by zhiyinge)\n|\n|t:|1701063644\n|move|p1a: Sh\ud83d\udca9tsquid|Knock Off|p2a: Hatterene\n|-damage|p2a: Hatterene|83\/100\n|-enditem|p2a: Hatterene|Focus Sash|[from] move: Knock Off|[of] p1a: Sh\ud83d\udca9tsquid\n|move|p2a: Hatterene|Trick Room|p2a: Hatterene\n|-fieldstart|move: Trick Room|[of] p2a: Hatterene\n|\n|upkeep\n|turn|2\n|\n|t:|1701063652\n|switch|p2a: Mawile|Mawile, M|100\/100\n|-ability|p2a: Mawile|Intimidate|boost\n|-fail|p1a: Sh\ud83d\udca9tsquid|unboost|[from] ability: Clear Body|[of] p1a: Sh\ud83d\udca9tsquid\n|move|p1a: Sh\ud83d\udca9tsquid|Scald|p2a: Mawile\n|-damage|p2a: Mawile|61\/100\n|\n|upkeep\n|turn|3\n|\n|t:|1701063666\n|detailschange|p2a: Mawile|Mawile-Mega, M\n|-mega|p2a: Mawile|Mawile|Mawilite\n|move|p2a: Mawile|Play Rough|p1a: Sh\ud83d\udca9tsquid\n|-resisted|p1a: Sh\ud83d\udca9tsquid\n|-damage|p1a: Sh\ud83d\udca9tsquid|46\/100\n|move|p1a: Sh\ud83d\udca9tsquid|Scald|p2a: Mawile\n|-damage|p2a: Mawile|32\/100\n|\n|-heal|p1a: Sh\ud83d\udca9tsquid|52\/100|[from] item: Leftovers\n|upkeep\n|turn|4\n|\n|t:|1701063677\n|switch|p1a: Literally Level 1|Magnemite, L1|100\/100\n|move|p2a: Mawile|Play Rough|p1a: Literally Level 1\n|-resisted|p1a: Literally Level 1\n|-ability|p1a: Literally Level 1|Sturdy\n|-damage|p1a: Literally Level 1|10\/100\n|-enditem|p1a: Literally Level 1|Berry Juice\n|-heal|p1a: Literally Level 1|100\/100|[from] item: Berry Juice\n|\n|upkeep\n|turn|5\n|\n|t:|1701063688\n|move|p1a: Literally Level 1|Recycle|p1a: Literally Level 1\n|-item|p1a: Literally Level 1|Berry Juice|[from] move: Recycle\n|move|p2a: Mawile|Fire Fang|p1a: Literally Level 1\n|-supereffective|p1a: Literally Level 1\n|-ability|p1a: Literally Level 1|Sturdy\n|-damage|p1a: Literally Level 1|10\/100\n|-enditem|p1a: Literally Level 1|Berry Juice\n|-heal|p1a: Literally Level 1|100\/100|[from] item: Berry Juice\n|\n|-fieldend|move: Trick Room\n|upkeep\n|turn|6\n|\n|t:|1701063707\n|switch|p2a: Hatterene|Hatterene, F|83\/100\n|switch|p1a: Sh\ud83d\udca9tsquid|Tentacruel, M|52\/100\n|\n|-heal|p1a: Sh\ud83d\udca9tsquid|58\/100|[from] item: Leftovers\n|upkeep\n|turn|7\n|\n|t:|1701063728\n|move|p1a: Sh\ud83d\udca9tsquid|Scald|p2a: Hatterene\n|-damage|p2a: Hatterene|60\/100\n|move|p2a: Hatterene|Trick Room|p2a: Hatterene\n|-fieldstart|move: Trick Room|[of] p2a: Hatterene\n|\n|-heal|p1a: Sh\ud83d\udca9tsquid|64\/100|[from] item: Leftovers\n|upkeep\n|turn|8\n|\n|t:|1701063743\n|switch|p2a: Mawile|Mawile-Mega, M|32\/100\n|move|p1a: Sh\ud83d\udca9tsquid|Scald|p2a: Mawile\n|-damage|p2a: Mawile|3\/100\n|\n|-heal|p1a: Sh\ud83d\udca9tsquid|70\/100|[from] item: Leftovers\n|upkeep\n|turn|9\n|\n|t:|1701063752\n|move|p2a: Mawile|Play Rough|p1a: Sh\ud83d\udca9tsquid|[miss]\n|-miss|p2a: Mawile|p1a: Sh\ud83d\udca9tsquid\n|move|p1a: Sh\ud83d\udca9tsquid|Scald|p2a: Mawile\n|-damage|p2a: Mawile|0 fnt\n|faint|p2a: Mawile\n|\n|-heal|p1a: Sh\ud83d\udca9tsquid|76\/100|[from] item: Leftovers\n|upkeep\n|c|\u2606Saltator|good\n|inactive|zhiyinge has 120 seconds left.\n|\n|t:|1701063770\n|switch|p2a: Porygon2|Porygon2|100\/100\n|-ability|p2a: Porygon2|Clear Body|[from] ability: Trace|[of] p1a: Sh\ud83d\udca9tsquid\n|turn|10\n|\n|t:|1701063776\n|move|p2a: Porygon2|Thunderbolt|p1a: Sh\ud83d\udca9tsquid\n|-supereffective|p1a: Sh\ud83d\udca9tsquid\n|-damage|p1a: Sh\ud83d\udca9tsquid|39\/100\n|move|p1a: Sh\ud83d\udca9tsquid|Toxic|p2a: Porygon2\n|-status|p2a: Porygon2|tox\n|\n|-heal|p1a: Sh\ud83d\udca9tsquid|45\/100|[from] item: Leftovers\n|-damage|p2a: Porygon2|94\/100 tox|[from] psn\n|upkeep\n|turn|11\n|\n|t:|1701063785\n|move|p2a: Porygon2|Thunderbolt|p1a: Sh\ud83d\udca9tsquid\n|-supereffective|p1a: Sh\ud83d\udca9tsquid\n|-damage|p1a: Sh\ud83d\udca9tsquid|7\/100\n|move|p1a: Sh\ud83d\udca9tsquid|Knock Off|p2a: Porygon2\n|-crit|p2a: Porygon2\n|-damage|p2a: Porygon2|84\/100 tox\n|-enditem|p2a: Porygon2|Eviolite|[from] move: Knock Off|[of] p1a: Sh\ud83d\udca9tsquid\n|\n|-heal|p1a: Sh\ud83d\udca9tsquid|13\/100|[from] item: Leftovers\n|-damage|p2a: Porygon2|71\/100 tox|[from] psn\n|-fieldend|move: Trick Room\n|upkeep\n|turn|12\n|\n|t:|1701063797\n|switch|p1a: Literally Level 1|Magnemite, L1|100\/100\n|move|p2a: Porygon2|Trick Room|p2a: Porygon2\n|-fieldstart|move: Trick Room|[of] p2a: Porygon2\n|\n|-damage|p2a: Porygon2|53\/100 tox|[from] psn\n|upkeep\n|turn|13\n|\n|t:|1701063805\n|move|p1a: Literally Level 1|Recycle|p1a: Literally Level 1\n|-item|p1a: Literally Level 1|Berry Juice|[from] move: Recycle\n|move|p2a: Porygon2|Teleport|p2a: Porygon2\n|\n|t:|1701063811\n|switch|p2a: Hatterene|Hatterene, F|60\/100|[from] Teleport\n|\n|upkeep\n|turn|14\n|\n|t:|1701063816\n|move|p1a: Literally Level 1|Protect|p1a: Literally Level 1\n|-singleturn|p1a: Literally Level 1|Protect\n|move|p2a: Hatterene|Mystical Fire|p1a: Literally Level 1\n|-activate|p1a: Literally Level 1|move: Protect\n|\n|upkeep\n|turn|15\n|\n|t:|1701063822\n|switch|p1a: Sh\ud83d\udca9tsquid|Tentacruel, M|13\/100\n|move|p2a: Hatterene|Mystical Fire|p1a: Sh\ud83d\udca9tsquid\n|-resisted|p1a: Sh\ud83d\udca9tsquid\n|-damage|p1a: Sh\ud83d\udca9tsquid|3\/100\n|\n|-heal|p1a: Sh\ud83d\udca9tsquid|9\/100|[from] item: Leftovers\n|upkeep\n|turn|16\n|\n|t:|1701063835\n|move|p2a: Hatterene|Mystical Fire|p1a: Sh\ud83d\udca9tsquid\n|-resisted|p1a: Sh\ud83d\udca9tsquid\n|-damage|p1a: Sh\ud83d\udca9tsquid|0 fnt\n|faint|p1a: Sh\ud83d\udca9tsquid\n|\n|-fieldend|move: Trick Room\n|upkeep\n|\n|t:|1701063837\n|switch|p1a: No Fun Allowed|Salazzle, F|100\/100\n|turn|17\n|\n|t:|1701063865\n|switch|p2a: Cresselia|Cresselia, F|100\/100\n|move|p1a: No Fun Allowed|Substitute|p1a: No Fun Allowed\n|-start|p1a: No Fun Allowed|Substitute\n|-damage|p1a: No Fun Allowed|76\/100\n|\n|-heal|p1a: No Fun Allowed|82\/100|[from] item: Leftovers\n|upkeep\n|turn|18\n|\n|t:|1701063875\n|move|p1a: No Fun Allowed|Toxic|p2a: Cresselia\n|-status|p2a: Cresselia|tox\n|move|p2a: Cresselia|Trick Room|p2a: Cresselia\n|-fieldstart|move: Trick Room|[of] p2a: Cresselia\n|\n|-heal|p1a: No Fun Allowed|88\/100|[from] item: Leftovers\n|-damage|p2a: Cresselia|94\/100 tox|[from] psn\n|upkeep\n|turn|19\n|\n|t:|1701063884\n|move|p1a: No Fun Allowed|Protect|p1a: No Fun Allowed\n|-singleturn|p1a: No Fun Allowed|Protect\n|move|p2a: Cresselia|Psychic|p1a: No Fun Allowed\n|-activate|p1a: No Fun Allowed|move: Protect\n|\n|-heal|p1a: No Fun Allowed|94\/100|[from] item: Leftovers\n|-damage|p2a: Cresselia|82\/100 tox|[from] psn\n|upkeep\n|turn|20\n|\n|t:|1701063893\n|move|p2a: Cresselia|Psychic|p1a: No Fun Allowed\n|-supereffective|p1a: No Fun Allowed\n|-end|p1a: No Fun Allowed|Substitute\n|move|p1a: No Fun Allowed|Substitute|p1a: No Fun Allowed\n|-start|p1a: No Fun Allowed|Substitute\n|-damage|p1a: No Fun Allowed|69\/100\n|\n|-heal|p1a: No Fun Allowed|75\/100|[from] item: Leftovers\n|-damage|p2a: Cresselia|64\/100 tox|[from] psn\n|upkeep\n|turn|21\n|\n|t:|1701063905\n|switch|p2a: Hatterene|Hatterene, F|60\/100\n|move|p1a: No Fun Allowed|Protect||[still]\n|-fail|p1a: No Fun Allowed\n|\n|-heal|p1a: No Fun Allowed|81\/100|[from] item: Leftovers\n|upkeep\n|turn|22\n|\n|t:|1701063923\n|switch|p2a: Porygon2|Porygon2|53\/100 tox\n|-ability|p2a: Porygon2|Corrosion|[from] ability: Trace|[of] p1a: No Fun Allowed\n|move|p1a: No Fun Allowed|Flamethrower|p2a: Porygon2\n|-damage|p2a: Porygon2|15\/100 tox\n|\n|-heal|p1a: No Fun Allowed|88\/100|[from] item: Leftovers\n|-damage|p2a: Porygon2|9\/100 tox|[from] psn\n|-fieldend|move: Trick Room\n|upkeep\n|turn|23\n|\n|t:|1701063947\n|move|p1a: No Fun Allowed|Flamethrower|p2a: Porygon2\n|-damage|p2a: Porygon2|0 fnt\n|faint|p2a: Porygon2\n|\n|-heal|p1a: No Fun Allowed|94\/100|[from] item: Leftovers\n|upkeep\n|c|\u2606Saltator|gg\n|\n|t:|1701063960\n|switch|p2a: Cresselia|Cresselia, F|64\/100 tox\n|turn|24\n|\n|t:|1701063969\n|move|p1a: No Fun Allowed|Flamethrower|p2a: Cresselia\n|-damage|p2a: Cresselia|37\/100 tox\n|move|p2a: Cresselia|Psychic|p1a: No Fun Allowed\n|-supereffective|p1a: No Fun Allowed\n|-end|p1a: No Fun Allowed|Substitute\n|\n|-heal|p1a: No Fun Allowed|99\/100|[from] item: Leftovers\n|-damage|p2a: Cresselia|31\/100 tox|[from] psn\n|upkeep\n|turn|25\n|\n|t:|1701063982\n|move|p1a: No Fun Allowed|Substitute|p1a: No Fun Allowed\n|-start|p1a: No Fun Allowed|Substitute\n|-damage|p1a: No Fun Allowed|75\/100\n|move|p2a: Cresselia|Trick Room|p2a: Cresselia\n|-fieldstart|move: Trick Room|[of] p2a: Cresselia\n|\n|-heal|p1a: No Fun Allowed|81\/100|[from] item: Leftovers\n|-damage|p2a: Cresselia|18\/100 tox|[from] psn\n|upkeep\n|turn|26\n|\n|t:|1701063990\n|move|p1a: No Fun Allowed|Protect|p1a: No Fun Allowed\n|-singleturn|p1a: No Fun Allowed|Protect\n|move|p2a: Cresselia|Psychic|p1a: No Fun Allowed\n|-activate|p1a: No Fun Allowed|move: Protect\n|\n|-heal|p1a: No Fun Allowed|87\/100|[from] item: Leftovers\n|-damage|p2a: Cresselia|0 fnt|[from] psn\n|faint|p2a: Cresselia\n|upkeep\n|\n|t:|1701063996\n|switch|p2a: Marowak|Marowak-Alola, F|100\/100\n|turn|27\n|\n|t:|1701064007\n|switch|p1a: Sh\ud83d\udca9tbird|Mandibuzz, F|100\/100\n|move|p2a: Marowak|Poltergeist|p1a: Sh\ud83d\udca9tbird\n|-activate|p1a: Sh\ud83d\udca9tbird|move: Poltergeist|Heavy-Duty Boots\n|-resisted|p1a: Sh\ud83d\udca9tbird\n|-damage|p1a: Sh\ud83d\udca9tbird|75\/100\n|\n|upkeep\n|turn|28\n|\n|t:|1701064015\n|move|p2a: Marowak|Swords Dance|p2a: Marowak\n|-boost|p2a: Marowak|atk|2\n|move|p1a: Sh\ud83d\udca9tbird|Foul Play|p2a: Marowak\n|-supereffective|p2a: Marowak\n|-damage|p2a: Marowak|0 fnt\n|faint|p2a: Marowak\n|\n|upkeep\n|c|\u2606Saltator|???\n|-message|zhiyinge forfeited.\n|\n|win|Saltator\n|raw|Saltator's rating: 1391 &rarr; <strong>1407<\/strong><br \/>(+16 for winning)\n|raw|zhiyinge's rating: 1318 &rarr; <strong>1302<\/strong><br \/>(-16 for losing)\n|l|\u2606zhiyinge\n","uploadtime":1701064028,"views":1,"p1id":"saltator","p2id":"zhiyinge","formatid":"gen9nationaldex","rating":1302,"private":0,"password":""}