{"id":"gen9nationaldex-1988231002","p1":"UrinalHair","p2":"gthjknyt","format":"[Gen 9] National Dex","log":"|j|\u2606UrinalHair\n|j|\u2606gthjknyt\n|t:|1699690185\n|gametype|singles\n|player|p1|UrinalHair|265|1085\n|player|p2|gthjknyt|170|1000\n|teamsize|p1|6\n|teamsize|p2|6\n|gen|9\n|tier|[Gen 9] National Dex\n|rated|\n|rule|HP Percentage Mod: HP is shown in percentages\n|rule|Endless Battle Clause: Forcing endless battles is banned\n|rule|OHKO Clause: OHKO moves are banned\n|rule|Evasion Clause: Evasion abilities, items, and moves are banned\n|rule|Evasion Abilities Clause: Evasion abilities are banned\n|rule|Evasion Items Clause: Evasion items are banned\n|rule|Evasion Moves Clause: Evasion moves are banned\n|rule|Species Clause: Limit one of each Pok\u00e9mon\n|rule|Sleep Clause Mod: Limit one foe put to sleep\n|clearpoke\n|poke|p1|Tyranitar, M|\n|poke|p1|Excadrill, M|\n|poke|p1|Slowbro, F|\n|poke|p1|Gliscor, F|\n|poke|p1|Clefable, M|\n|poke|p1|Haxorus, F|\n|poke|p2|Charizard, F|\n|poke|p2|Tapu Fini|\n|poke|p2|Greninja-*, M|\n|poke|p2|Landorus-Therian, M|\n|poke|p2|Jirachi|\n|poke|p2|Zapdos|\n|teampreview\n|\n|t:|1699690190\n|start\n|switch|p1a: Haxorus|Haxorus, F|100\/100\n|switch|p2a: terre|Landorus-Therian, M|100\/100\n|-ability|p1a: Haxorus|Mold Breaker\n|-ability|p2a: terre|Intimidate|boost\n|-unboost|p1a: Haxorus|atk|1\n|turn|1\n|\n|t:|1699690208\n|switch|p1a: Gliscor|Gliscor, F|100\/100\n|move|p2a: terre|Stone Edge|p1a: Gliscor\n|-damage|p1a: Gliscor|70\/100\n|\n|-status|p1a: Gliscor|tox|[from] item: Toxic Orb\n|upkeep\n|turn|2\n|\n|t:|1699690225\n|move|p1a: Gliscor|U-turn|p2a: terre\n|-resisted|p2a: terre\n|-damage|p2a: terre|93\/100\n|\n|t:|1699690239\n|switch|p1a: Slowbro|Slowbro, F|100\/100|[from] U-turn\n|move|p2a: terre|Stealth Rock|p1a: Slowbro\n|-sidestart|p1: UrinalHair|move: Stealth Rock\n|\n|upkeep\n|turn|3\n|\n|t:|1699690247\n|move|p2a: terre|Earthquake|p1a: Slowbro\n|-damage|p1a: Slowbro|66\/100\n|move|p1a: Slowbro|Teleport|p1a: Slowbro\n|\n|t:|1699690251\n|switch|p1a: Gliscor|Gliscor, F|70\/100 tox|[from] Teleport\n|-damage|p1a: Gliscor|58\/100 tox|[from] Stealth Rock\n|\n|-heal|p1a: Gliscor|70\/100 tox|[from] ability: Poison Heal\n|upkeep\n|turn|4\n|\n|t:|1699690262\n|move|p1a: Gliscor|Roost|p1a: Gliscor\n|-heal|p1a: Gliscor|100\/100 tox\n|-singleturn|p1a: Gliscor|move: Roost\n|move|p2a: terre|Stone Edge|p1a: Gliscor\n|-resisted|p1a: Gliscor\n|-crit|p1a: Gliscor\n|-damage|p1a: Gliscor|78\/100 tox\n|\n|-heal|p1a: Gliscor|91\/100 tox|[from] ability: Poison Heal\n|upkeep\n|turn|5\n|\n|t:|1699690279\n|switch|p2a: foudre|Zapdos|100\/100\n|move|p1a: Gliscor|Defog|p2a: foudre\n|-unboost|p2a: foudre|evasion|1\n|-sideend|p1: UrinalHair|Stealth Rock|[from] move: Defog|[of] p1a: Gliscor\n|\n|-heal|p1a: Gliscor|100\/100 tox|[from] ability: Poison Heal\n|upkeep\n|turn|6\n|\n|t:|1699690289\n|move|p1a: Gliscor|U-turn|p2a: foudre\n|-resisted|p2a: foudre\n|-damage|p2a: foudre|95\/100\n|\n|t:|1699690301\n|switch|p1a: Tyranitar|Tyranitar, M|100\/100|[from] U-turn\n|-weather|Sandstorm|[from] ability: Sand Stream|[of] p1a: Tyranitar\n|move|p2a: foudre|Hidden Power|p1a: Tyranitar\n|-damage|p1a: Tyranitar|90\/100\n|\n|-weather|Sandstorm|[upkeep]\n|-damage|p2a: foudre|89\/100|[from] Sandstorm\n|-heal|p2a: foudre|95\/100|[from] item: Leftovers\n|upkeep\n|turn|7\n|\n|t:|1699690320\n|detailschange|p1a: Tyranitar|Tyranitar-Mega, M\n|-mega|p1a: Tyranitar|Tyranitar|Tyranitarite\n|move|p2a: foudre|Heat Wave|p1a: Tyranitar|[miss]\n|-miss|p2a: foudre|p1a: Tyranitar\n|move|p1a: Tyranitar|Stone Edge|p2a: foudre\n|-supereffective|p2a: foudre\n|-damage|p2a: foudre|0 fnt\n|faint|p2a: foudre\n|\n|-weather|Sandstorm|[upkeep]\n|upkeep\n|\n|t:|1699690329\n|switch|p2a: ninja|Greninja, M|100\/100\n|turn|8\n|\n|t:|1699690354\n|switch|p1a: Haxorus|Haxorus, F|100\/100\n|-ability|p1a: Haxorus|Mold Breaker\n|move|p2a: ninja|Water Shuriken|p1a: Haxorus\n|-resisted|p1a: Haxorus\n|-damage|p1a: Haxorus|93\/100\n|-resisted|p1a: Haxorus\n|-damage|p1a: Haxorus|85\/100\n|-hitcount|p1a: Haxorus|2\n|\n|-weather|Sandstorm|[upkeep]\n|-damage|p1a: Haxorus|79\/100|[from] Sandstorm\n|-damage|p2a: ninja|95\/100|[from] Sandstorm\n|upkeep\n|turn|9\n|\n|t:|1699690370\n|move|p1a: Haxorus|First Impression|p2a: ninja\n|-supereffective|p2a: ninja\n|-damage|p2a: ninja|0 fnt\n|faint|p2a: ninja\n|\n|-weather|Sandstorm|[upkeep]\n|-damage|p1a: Haxorus|73\/100|[from] Sandstorm\n|upkeep\n|\n|t:|1699690387\n|switch|p2a: toko|Tapu Fini|100\/100\n|-fieldstart|move: Misty Terrain|[from] ability: Misty Surge|[of] p2a: toko\n|turn|10\n|\n|t:|1699690406\n|switch|p1a: Slowbro|Slowbro, F|99\/100\n|move|p2a: toko|Moonblast|p1a: Slowbro\n|-damage|p1a: Slowbro|65\/100\n|-unboost|p1a: Slowbro|spa|1\n|\n|-weather|none\n|upkeep\n|turn|11\n|\n|t:|1699690423\n|move|p2a: toko|Nature's Madness|p1a: Slowbro\n|-damage|p1a: Slowbro|33\/100\n|move|p1a: Slowbro|Slack Off|p1a: Slowbro\n|-heal|p1a: Slowbro|83\/100\n|\n|upkeep\n|turn|12\n|\n|t:|1699690430\n|move|p2a: toko|Nature's Madness|p1a: Slowbro\n|-damage|p1a: Slowbro|42\/100\n|move|p1a: Slowbro|Slack Off|p1a: Slowbro\n|-heal|p1a: Slowbro|92\/100\n|\n|upkeep\n|turn|13\n|\n|t:|1699690436\n|move|p2a: toko|Moonblast|p1a: Slowbro\n|-damage|p1a: Slowbro|58\/100\n|move|p1a: Slowbro|Slack Off|p1a: Slowbro\n|-heal|p1a: Slowbro|100\/100\n|\n|upkeep\n|turn|14\n|\n|t:|1699690442\n|move|p2a: toko|Nature's Madness|p1a: Slowbro\n|-damage|p1a: Slowbro|50\/100\n|move|p1a: Slowbro|Future Sight|p2a: toko\n|-start|p1a: Slowbro|move: Future Sight\n|\n|-fieldend|Misty Terrain\n|upkeep\n|turn|15\n|\n|t:|1699690457\n|move|p2a: toko|Nature's Madness|p1a: Slowbro\n|-damage|p1a: Slowbro|26\/100\n|move|p1a: Slowbro|Slack Off|p1a: Slowbro\n|-heal|p1a: Slowbro|76\/100\n|\n|upkeep\n|turn|16\n|\n|t:|1699690463\n|move|p2a: toko|Nature's Madness|p1a: Slowbro\n|-damage|p1a: Slowbro|38\/100\n|move|p1a: Slowbro|Slack Off|p1a: Slowbro\n|-heal|p1a: Slowbro|88\/100\n|\n|-end|p2a: toko|move: Future Sight\n|-damage|p2a: toko|79\/100\n|-heal|p2a: toko|85\/100|[from] item: Leftovers\n|upkeep\n|turn|17\n|\n|t:|1699690475\n|switch|p2a: terre|Landorus-Therian, M|93\/100\n|-ability|p2a: terre|Intimidate|boost\n|-unboost|p1a: Slowbro|atk|1\n|move|p1a: Slowbro|Teleport|p1a: Slowbro\n|\n|t:|1699690515\n|switch|p1a: Haxorus|Haxorus, F|73\/100|[from] Teleport\n|-ability|p1a: Haxorus|Mold Breaker\n|\n|upkeep\n|turn|18\n|\n|t:|1699690525\n|move|p1a: Haxorus|Scale Shot|p2a: terre\n|-damage|p2a: terre|77\/100\n|-damage|p2a: terre|61\/100\n|-damage|p2a: terre|44\/100\n|-hitcount|p2a: terre|3\n|-unboost|p1a: Haxorus|def|1\n|-boost|p1a: Haxorus|spe|1\n|-zpower|p2a: terre\n|move|p2a: terre|Continental Crush|p1a: Haxorus|[zeffect]\n|-damage|p1a: Haxorus|0 fnt\n|faint|p1a: Haxorus\n|\n|upkeep\n|\n|t:|1699690543\n|switch|p1a: Slowbro|Slowbro, F|100\/100\n|turn|19\n|\n|t:|1699690549\n|move|p2a: terre|Stone Edge|p1a: Slowbro|[miss]\n|-miss|p2a: terre|p1a: Slowbro\n|move|p1a: Slowbro|Scald|p2a: terre\n|-supereffective|p2a: terre\n|-damage|p2a: terre|0 fnt\n|faint|p2a: terre\n|\n|upkeep\n|\n|t:|1699690557\n|switch|p2a: toko|Tapu Fini|85\/100\n|-fieldstart|move: Misty Terrain|[from] ability: Misty Surge|[of] p2a: toko\n|turn|20\n|\n|t:|1699690578\n|move|p2a: toko|Taunt|p1a: Slowbro\n|-start|p1a: Slowbro|move: Taunt\n|cant|p1a: Slowbro|move: Taunt|Teleport\n|\n|-heal|p2a: toko|91\/100|[from] item: Leftovers\n|upkeep\n|turn|21\n|\n|t:|1699690638\n|move|p2a: toko|Moonblast|p1a: Slowbro\n|-damage|p1a: Slowbro|66\/100\n|move|p1a: Slowbro|Future Sight|p2a: toko\n|-start|p1a: Slowbro|move: Future Sight\n|\n|-heal|p2a: toko|98\/100|[from] item: Leftovers\n|upkeep\n|turn|22\n|\n|t:|1699690645\n|move|p2a: toko|Nature's Madness|p1a: Slowbro\n|-damage|p1a: Slowbro|33\/100\n|move|p1a: Slowbro|Scald|p2a: toko\n|-resisted|p2a: toko\n|-damage|p2a: toko|87\/100\n|\n|-heal|p2a: toko|93\/100|[from] item: Leftovers\n|-end|p1a: Slowbro|move: Taunt\n|upkeep\n|turn|23\n|\n|t:|1699690654\n|move|p2a: toko|Nature's Madness|p1a: Slowbro\n|-damage|p1a: Slowbro|17\/100\n|move|p1a: Slowbro|Scald|p2a: toko\n|-resisted|p2a: toko\n|-damage|p2a: toko|83\/100\n|\n|-end|p2a: toko|move: Future Sight\n|-damage|p2a: toko|57\/100\n|-heal|p2a: toko|63\/100|[from] item: Leftovers\n|upkeep\n|turn|24\n|\n|t:|1699690664\n|move|p2a: toko|Moonblast|p1a: Slowbro\n|-damage|p1a: Slowbro|0 fnt\n|faint|p1a: Slowbro\n|\n|-heal|p2a: toko|69\/100|[from] item: Leftovers\n|-fieldend|Misty Terrain\n|upkeep\n|\n|t:|1699690682\n|switch|p1a: Tyranitar|Tyranitar-Mega, M|90\/100\n|-weather|Sandstorm|[from] ability: Sand Stream|[of] p1a: Tyranitar\n|turn|25\n|\n|t:|1699690692\n|switch|p1a: Gliscor|Gliscor, F|100\/100 tox\n|move|p2a: toko|Moonblast|p1a: Gliscor\n|-damage|p1a: Gliscor|64\/100 tox\n|\n|-weather|Sandstorm|[upkeep]\n|-damage|p2a: toko|63\/100|[from] Sandstorm\n|-heal|p2a: toko|69\/100|[from] item: Leftovers\n|-heal|p1a: Gliscor|77\/100 tox|[from] ability: Poison Heal\n|upkeep\n|turn|26\n|\n|t:|1699690703\n|move|p1a: Gliscor|Earthquake|p2a: toko\n|-damage|p2a: toko|41\/100\n|move|p2a: toko|Moonblast|p1a: Gliscor\n|-damage|p1a: Gliscor|42\/100 tox\n|\n|-weather|Sandstorm|[upkeep]\n|-damage|p2a: toko|35\/100|[from] Sandstorm\n|-heal|p2a: toko|41\/100|[from] item: Leftovers\n|-heal|p1a: Gliscor|54\/100 tox|[from] ability: Poison Heal\n|upkeep\n|turn|27\n|\n|t:|1699690712\n|move|p1a: Gliscor|Roost|p1a: Gliscor\n|-heal|p1a: Gliscor|100\/100 tox\n|-singleturn|p1a: Gliscor|move: Roost\n|move|p2a: toko|Moonblast|p1a: Gliscor\n|-damage|p1a: Gliscor|64\/100 tox\n|\n|-weather|Sandstorm|[upkeep]\n|-damage|p2a: toko|35\/100|[from] Sandstorm\n|-heal|p2a: toko|41\/100|[from] item: Leftovers\n|-heal|p1a: Gliscor|77\/100 tox|[from] ability: Poison Heal\n|upkeep\n|turn|28\n|\n|t:|1699690722\n|move|p1a: Gliscor|Earthquake|p2a: toko\n|-damage|p2a: toko|12\/100\n|move|p2a: toko|Nature's Madness|p1a: Gliscor\n|-damage|p1a: Gliscor|39\/100 tox\n|\n|-weather|Sandstorm|[upkeep]\n|-damage|p2a: toko|6\/100|[from] Sandstorm\n|-heal|p2a: toko|12\/100|[from] item: Leftovers\n|-heal|p1a: Gliscor|51\/100 tox|[from] ability: Poison Heal\n|upkeep\n|turn|29\n|\n|t:|1699690731\n|move|p1a: Gliscor|Roost|p1a: Gliscor\n|-heal|p1a: Gliscor|100\/100 tox\n|-singleturn|p1a: Gliscor|move: Roost\n|move|p2a: toko|Nature's Madness|p1a: Gliscor\n|-damage|p1a: Gliscor|50\/100 tox\n|\n|-weather|none\n|-heal|p2a: toko|18\/100|[from] item: Leftovers\n|-heal|p1a: Gliscor|63\/100 tox|[from] ability: Poison Heal\n|upkeep\n|turn|30\n|\n|t:|1699690742\n|move|p1a: Gliscor|Earthquake|p2a: toko\n|-damage|p2a: toko|0 fnt\n|faint|p2a: toko\n|\n|-heal|p1a: Gliscor|75\/100 tox|[from] ability: Poison Heal\n|upkeep\n|\n|t:|1699690749\n|switch|p2a: banger|Charizard, F|100\/100\n|turn|31\n|\n|t:|1699690755\n|detailschange|p2a: banger|Charizard-Mega-X, F\n|-mega|p2a: banger|Charizard|Charizardite X\n|move|p2a: banger|Flare Blitz|p1a: Gliscor\n|-damage|p1a: Gliscor|9\/100 tox\n|-damage|p2a: banger|74\/100|[from] Recoil\n|move|p1a: Gliscor|U-turn|p2a: banger\n|-resisted|p2a: banger\n|-damage|p2a: banger|66\/100\n|\n|t:|1699690770\n|switch|p1a: Tyranitar|Tyranitar-Mega, M|90\/100|[from] U-turn\n|-weather|Sandstorm|[from] ability: Sand Stream|[of] p1a: Tyranitar\n|\n|-weather|Sandstorm|[upkeep]\n|-damage|p2a: banger|60\/100|[from] Sandstorm\n|upkeep\n|turn|32\n|\n|t:|1699690778\n|move|p2a: banger|Earthquake|p1a: Tyranitar\n|-supereffective|p1a: Tyranitar\n|-damage|p1a: Tyranitar|43\/100\n|move|p1a: Tyranitar|Stone Edge|p2a: banger\n|-supereffective|p2a: banger\n|-damage|p2a: banger|0 fnt\n|faint|p2a: banger\n|\n|-weather|Sandstorm|[upkeep]\n|upkeep\n|\n|t:|1699690786\n|switch|p2a: r\u00eave|Jirachi|100\/100\n|turn|33\n|\n|t:|1699690793\n|move|p2a: r\u00eave|U-turn|p1a: Tyranitar\n|-supereffective|p1a: Tyranitar\n|-damage|p1a: Tyranitar|12\/100\n|move|p1a: Tyranitar|Earthquake|p2a: r\u00eave\n|-supereffective|p2a: r\u00eave\n|-damage|p2a: r\u00eave|11\/100\n|\n|-weather|Sandstorm|[upkeep]\n|upkeep\n|turn|34\n|\n|t:|1699690807\n|switch|p1a: Gliscor|Gliscor, F|9\/100 tox\n|move|p2a: r\u00eave|U-turn|p1a: Gliscor\n|-resisted|p1a: Gliscor\n|-damage|p1a: Gliscor|1\/100 tox\n|\n|-weather|Sandstorm|[upkeep]\n|-heal|p1a: Gliscor|14\/100 tox|[from] ability: Poison Heal\n|upkeep\n|turn|35\n|\n|t:|1699690820\n|-terastallize|p2a: r\u00eave|Steel\n|move|p2a: r\u00eave|U-turn|p1a: Gliscor\n|-resisted|p1a: Gliscor\n|-damage|p1a: Gliscor|6\/100 tox\n|move|p1a: Gliscor|Roost|p1a: Gliscor\n|-heal|p1a: Gliscor|56\/100 tox\n|-singleturn|p1a: Gliscor|move: Roost\n|\n|-weather|none\n|-heal|p1a: Gliscor|68\/100 tox|[from] ability: Poison Heal\n|upkeep\n|turn|36\n|\n|t:|1699690827\n|move|p2a: r\u00eave|U-turn|p1a: Gliscor\n|-resisted|p1a: Gliscor\n|-damage|p1a: Gliscor|60\/100 tox\n|move|p1a: Gliscor|Earthquake|p2a: r\u00eave\n|-supereffective|p2a: r\u00eave\n|-damage|p2a: r\u00eave|0 fnt\n|faint|p2a: r\u00eave\n|\n|win|UrinalHair\n|raw|UrinalHair's rating: 1085 &rarr; <strong>1106<\/strong><br \/>(+21 for winning)\n|raw|gthjknyt's rating: 1000 &rarr; <strong>1000<\/strong><br \/>(+0 for losing)\n|l|\u2606gthjknyt\n","uploadtime":1699690833,"views":4,"p1id":"urinalhair","p2id":"gthjknyt","formatid":"gen9nationaldex","rating":1000,"private":0,"password":""}