{"id":"gen9nationaldex-1991918482","p1":"DORAYOYO","p2":"jujibalaoshi001","format":"[Gen 9] National Dex","log":"|j|\u2606DORAYOYO\n|j|\u2606jujibalaoshi001\n|t:|1700138069\n|gametype|singles\n|player|p1|DORAYOYO|102|1534\n|player|p2|jujibalaoshi001|hexmaniac-gen6|1466\n|teamsize|p1|6\n|teamsize|p2|6\n|gen|9\n|tier|[Gen 9] National Dex\n|rated|\n|rule|HP Percentage Mod: HP is shown in percentages\n|rule|Endless Battle Clause: Forcing endless battles is banned\n|rule|OHKO Clause: OHKO moves are banned\n|rule|Evasion Clause: Evasion abilities, items, and moves are banned\n|rule|Evasion Abilities Clause: Evasion abilities are banned\n|rule|Evasion Items Clause: Evasion items are banned\n|rule|Evasion Moves Clause: Evasion moves are banned\n|rule|Species Clause: Limit one of each Pok\u00e9mon\n|rule|Sleep Clause Mod: Limit one foe put to sleep\n|clearpoke\n|poke|p1|Ogerpon-Wellspring, F|\n|poke|p1|Kommo-o, M|\n|poke|p1|Clefable, M|\n|poke|p1|Samurott-Hisui, F|\n|poke|p1|Gyarados, M|\n|poke|p1|Rillaboom, F|\n|poke|p2|Scizor, F|\n|poke|p2|Cloyster, F|\n|poke|p2|Garchomp, F|\n|poke|p2|Zapdos|\n|poke|p2|Heatran, M|\n|poke|p2|Chansey, F|\n|teampreview\n|\n|t:|1700138084\n|start\n|switch|p1a: Samurott|Samurott-Hisui, F|100\/100\n|switch|p2a: Garchomp|Garchomp, F|100\/100\n|turn|1\n|\n|t:|1700138100\n|move|p2a: Garchomp|Swords Dance|p2a: Garchomp\n|-boost|p2a: Garchomp|atk|2\n|move|p1a: Samurott|Ceaseless Edge|p2a: Garchomp\n|-damage|p2a: Garchomp|22\/100\n|-damage|p1a: Samurott|88\/100|[from] ability: Rough Skin|[of] p2a: Garchomp\n|-sidestart|p2: jujibalaoshi001|Spikes\n|\n|upkeep\n|turn|2\n|\n|t:|1700138113\n|switch|p1a: Clefable|Clefable, M|100\/100\n|move|p2a: Garchomp|Earthquake|p1a: Clefable\n|-damage|p1a: Clefable|61\/100\n|\n|-heal|p1a: Clefable|68\/100|[from] item: Leftovers\n|upkeep\n|turn|3\n|\n|t:|1700138122\n|move|p2a: Garchomp|Stealth Rock|p1a: Clefable\n|-sidestart|p1: DORAYOYO|move: Stealth Rock\n|move|p1a: Clefable|Wish|p1a: Clefable\n|\n|-heal|p1a: Clefable|74\/100|[from] item: Leftovers\n|upkeep\n|turn|4\n|\n|t:|1700138140\n|switch|p2a: Heatran|Heatran, M|100\/100\n|-damage|p2a: Heatran|88\/100|[from] Spikes\n|move|p1a: Clefable|Moonblast|p2a: Heatran\n|-resisted|p2a: Heatran\n|-damage|p2a: Heatran|84\/100\n|\n|-heal|p1a: Clefable|100\/100|[from] move: Wish|[wisher] Clefable\n|-heal|p2a: Heatran|90\/100|[from] item: Leftovers\n|upkeep\n|turn|5\n|\n|t:|1700138159\n|switch|p1a: Samurott|Samurott-Hisui, F|88\/100\n|-damage|p1a: Samurott|76\/100|[from] Stealth Rock\n|move|p2a: Heatran|Toxic|p1a: Samurott\n|-status|p1a: Samurott|tox\n|\n|-heal|p2a: Heatran|96\/100|[from] item: Leftovers\n|-damage|p1a: Samurott|69\/100 tox|[from] psn\n|upkeep\n|turn|6\n|\n|t:|1700138173\n|switch|p2a: Zapdos|Zapdos|100\/100\n|move|p1a: Samurott|Ceaseless Edge|p2a: Zapdos\n|-damage|p2a: Zapdos|47\/100\n|-sidestart|p2: jujibalaoshi001|Spikes\n|\n|-damage|p1a: Samurott|57\/100 tox|[from] psn\n|upkeep\n|turn|7\n|\n|t:|1700138183\n|move|p1a: Samurott|Ceaseless Edge|p2a: Zapdos\n|-damage|p2a: Zapdos|0 fnt\n|-sidestart|p2: jujibalaoshi001|Spikes\n|faint|p2a: Zapdos\n|\n|-damage|p1a: Samurott|38\/100 tox|[from] psn\n|upkeep\n|\n|t:|1700138191\n|switch|p2a: Scizor|Scizor, F|100\/100\n|-damage|p2a: Scizor|76\/100|[from] Spikes\n|turn|8\n|\n|t:|1700138196\n|detailschange|p2a: Scizor|Scizor-Mega, F\n|-mega|p2a: Scizor|Scizor|Scizorite\n|move|p1a: Samurott|Ceaseless Edge|p2a: Scizor\n|-damage|p2a: Scizor|28\/100\n|move|p2a: Scizor|Swords Dance|p2a: Scizor\n|-boost|p2a: Scizor|atk|2\n|\n|-damage|p1a: Samurott|14\/100 tox|[from] psn\n|upkeep\n|turn|9\n|\n|t:|1700138205\n|move|p2a: Scizor|Bullet Punch|p1a: Samurott\n|-resisted|p1a: Samurott\n|-damage|p1a: Samurott|0 fnt\n|faint|p1a: Samurott\n|\n|upkeep\n|\n|t:|1700138211\n|switch|p1a: Kommo-o|Kommo-o, M|100\/100\n|-damage|p1a: Kommo-o|94\/100|[from] Stealth Rock\n|turn|10\n|\n|t:|1700138217\n|move|p2a: Scizor|Bullet Punch|p1a: Kommo-o\n|-damage|p1a: Kommo-o|38\/100\n|-zpower|p1a: Kommo-o\n|move|p1a: Kommo-o|Clangorous Soulblaze|p2a: Scizor|[zeffect]\n|-resisted|p2a: Scizor\n|-damage|p2a: Scizor|0 fnt\n|faint|p2a: Scizor\n|-boost|p1a: Kommo-o|atk|1\n|-boost|p1a: Kommo-o|def|1\n|-boost|p1a: Kommo-o|spa|1\n|-boost|p1a: Kommo-o|spd|1\n|-boost|p1a: Kommo-o|spe|1\n|\n|upkeep\n|\n|t:|1700138224\n|switch|p2a: Chansey|Chansey, F|100\/100\n|-damage|p2a: Chansey|76\/100|[from] Spikes\n|turn|11\n|\n|t:|1700138233\n|move|p1a: Kommo-o|Focus Blast|p2a: Chansey\n|-supereffective|p2a: Chansey\n|-damage|p2a: Chansey|29\/100\n|move|p2a: Chansey|Toxic|p1a: Kommo-o\n|-status|p1a: Kommo-o|tox\n|\n|-damage|p1a: Kommo-o|31\/100 tox|[from] psn\n|upkeep\n|turn|12\n|\n|t:|1700138242\n|-terastallize|p2a: Chansey|Ghost\n|move|p1a: Kommo-o|Focus Blast|p2a: Chansey\n|-immune|p2a: Chansey\n|move|p2a: Chansey|Soft-Boiled|p2a: Chansey\n|-heal|p2a: Chansey|79\/100\n|\n|-damage|p1a: Kommo-o|19\/100 tox|[from] psn\n|upkeep\n|turn|13\n|\n|t:|1700138251\n|move|p1a: Kommo-o|Clanging Scales|p2a: Chansey\n|-damage|p2a: Chansey|59\/100\n|-unboost|p1a: Kommo-o|def|1\n|move|p2a: Chansey|Soft-Boiled|p2a: Chansey\n|-heal|p2a: Chansey|100\/100\n|\n|-damage|p1a: Kommo-o|0 fnt|[from] psn\n|faint|p1a: Kommo-o\n|upkeep\n|\n|t:|1700138259\n|switch|p1a: Rillaboom|Rillaboom, F|100\/100\n|-damage|p1a: Rillaboom|88\/100|[from] Stealth Rock\n|-fieldstart|move: Grassy Terrain|[from] ability: Grassy Surge|[of] p1a: Rillaboom\n|turn|14\n|\n|t:|1700138268\n|switch|p2a: Garchomp|Garchomp, F|22\/100\n|-damage|p2a: Garchomp|0 fnt|[from] Spikes\n|faint|p2a: Garchomp\n|move|p1a: Rillaboom|Knock Off|p2: Garchomp|[notarget]\n|-fail|p1a: Rillaboom\n|\n|-heal|p1a: Rillaboom|94\/100|[from] Grassy Terrain\n|upkeep\n|\n|t:|1700138276\n|switch|p2a: Cloyster|Cloyster, F|100\/100\n|-damage|p2a: Cloyster|76\/100|[from] Spikes\n|turn|15\n|\n|t:|1700138282\n|move|p2a: Cloyster|Icicle Spear|p1a: Rillaboom\n|-supereffective|p1a: Rillaboom\n|-damage|p1a: Rillaboom|73\/100\n|-supereffective|p1a: Rillaboom\n|-damage|p1a: Rillaboom|51\/100\n|-supereffective|p1a: Rillaboom\n|-crit|p1a: Rillaboom\n|-damage|p1a: Rillaboom|21\/100\n|-supereffective|p1a: Rillaboom\n|-damage|p1a: Rillaboom|0 fnt\n|faint|p1a: Rillaboom\n|-hitcount|p1: Rillaboom|4\n|\n|-heal|p2a: Cloyster|82\/100|[from] Grassy Terrain\n|upkeep\n|\n|t:|1700138293\n|switch|p1a: Ogerpon|Ogerpon-Wellspring, F|100\/100\n|-damage|p1a: Ogerpon|88\/100|[from] Stealth Rock\n|turn|16\n|\n|t:|1700138306\n|-terastallize|p1a: Ogerpon|Water\n|detailschange|p1a: Ogerpon|Ogerpon-Wellspring-Tera, F, tera:Water\n|-ability|p1a: Ogerpon|Embody Aspect (Wellspring)|boost\n|-boost|p1a: Ogerpon|spd|1\n|move|p1a: Ogerpon|Wood Hammer|p2a: Cloyster\n|-supereffective|p2a: Cloyster\n|-damage|p2a: Cloyster|0 fnt\n|faint|p2a: Cloyster\n|-damage|p1a: Ogerpon|70\/100|[from] Recoil\n|\n|-heal|p1a: Ogerpon|76\/100|[from] Grassy Terrain\n|upkeep\n|\n|t:|1700138316\n|switch|p2a: Chansey|Chansey, F, tera:Ghost|100\/100\n|-damage|p2a: Chansey|76\/100|[from] Spikes\n|turn|17\n|\n|t:|1700138337\n|move|p1a: Ogerpon|Swords Dance|p1a: Ogerpon\n|-boost|p1a: Ogerpon|atk|2\n|move|p2a: Chansey|Counter||[still]\n|-fail|p2a: Chansey\n|\n|-heal|p1a: Ogerpon|82\/100|[from] Grassy Terrain\n|-heal|p2a: Chansey|82\/100|[from] Grassy Terrain\n|upkeep\n|turn|18\n|\n|t:|1700138345\n|move|p1a: Ogerpon|Ivy Cudgel|p2a: Chansey|[anim] Ivy Cudgel Water\n|-damage|p2a: Chansey|0 fnt\n|faint|p2a: Chansey\n|\n|-heal|p1a: Ogerpon|88\/100|[from] Grassy Terrain\n|upkeep\n|\n|t:|1700138351\n|switch|p2a: Heatran|Heatran, M|96\/100\n|-damage|p2a: Heatran|71\/100|[from] Spikes\n|turn|19\n|\n|t:|1700138357\n|move|p1a: Ogerpon|Ivy Cudgel|p2a: Heatran|[anim] Ivy Cudgel Water\n|-supereffective|p2a: Heatran\n|-damage|p2a: Heatran|0 fnt\n|faint|p2a: Heatran\n|\n|win|DORAYOYO\n|raw|DORAYOYO's rating: 1559 &rarr; <strong>1574<\/strong><br \/>(+15 for winning)\n|raw|jujibalaoshi001's rating: 1466 &rarr; <strong>1451<\/strong><br \/>(-15 for losing)\n","uploadtime":1700138363,"views":4,"p1id":"dorayoyo","p2id":"jujibalaoshi001","formatid":"gen9nationaldex","rating":1451,"private":0,"password":""}