{"id":"gen9nationaldex-1994793546","p1":"sleepcooling","p2":"MeltllC","format":"[Gen 9] National Dex","log":"|html|<div class=\"broadcast-blue\"><strong>[Gen 9] National Dex is currently suspecting Sneasler! For information on how to participate check out the <a href=\"https:\/\/www.smogon.com\/forums\/threads\/sv-national-dex-suspect-8-just-dance.3731534\/\">suspect thread<\/a>.<\/strong><\/div>\n|j|\u2606sleepcooling\n|j|\u2606MeltllC\n|t:|1700493341\n|gametype|singles\n|player|p1|sleepcooling|bianca|1252\n|player|p2|MeltllC|nessa|1333\n|teamsize|p1|6\n|teamsize|p2|6\n|gen|9\n|tier|[Gen 9] National Dex\n|rated|\n|rule|HP Percentage Mod: HP is shown in percentages\n|rule|Endless Battle Clause: Forcing endless battles is banned\n|rule|OHKO Clause: OHKO moves are banned\n|rule|Evasion Clause: Evasion abilities, items, and moves are banned\n|rule|Evasion Abilities Clause: Evasion abilities are banned\n|rule|Evasion Items Clause: Evasion items are banned\n|rule|Evasion Moves Clause: Evasion moves are banned\n|rule|Species Clause: Limit one of each Pok\u00e9mon\n|rule|Sleep Clause Mod: Limit one foe put to sleep\n|clearpoke\n|poke|p1|Pelipper, F|\n|poke|p1|Swampert, F|\n|poke|p1|Araquanid, F|\n|poke|p1|Volcanion|\n|poke|p1|Gliscor, F|\n|poke|p1|Garchomp, F|\n|poke|p2|Crawdaunt, F|\n|poke|p2|Cresselia, F|\n|poke|p2|Ursaluna, F|\n|poke|p2|Hatterene, F|\n|poke|p2|Heracross, F|\n|poke|p2|Dusknoir, M|\n|teampreview\n|\n|t:|1700493363\n|start\n|switch|p1a: Araquanid|Araquanid, F|100\/100\n|switch|p2a: Hatterene|Hatterene, F|100\/100\n|turn|1\n|\n|t:|1700493373\n|-zpower|p1a: Araquanid\n|move|p1a: Araquanid|Hydro Vortex|p2a: Hatterene|[zeffect]\n|-enditem|p2a: Hatterene|Focus Sash\n|-damage|p2a: Hatterene|1\/100\n|move|p2a: Hatterene|Trick Room|p2a: Hatterene\n|-fieldstart|move: Trick Room|[of] p2a: Hatterene\n|\n|upkeep\n|turn|2\n|\n|t:|1700493385\n|move|p2a: Hatterene|Healing Wish|p2a: Hatterene\n|faint|p2a: Hatterene\n|move|p1a: Araquanid|Liquidation|p2: Hatterene|[notarget]\n|-fail|p1a: Araquanid\n|\n|upkeep\n|\n|t:|1700493396\n|switch|p2a: Ursaluna|Ursaluna, F|100\/100\n|turn|3\n|inactive|Battle timer is ON: inactive players will automatically lose when time's up. (requested by sleepcooling)\n|\n|t:|1700493426\n|move|p2a: Ursaluna|Thunder Punch|p1a: Araquanid\n|-supereffective|p1a: Araquanid\n|-crit|p1a: Araquanid\n|-damage|p1a: Araquanid|7\/100\n|-status|p1a: Araquanid|par\n|cant|p1a: Araquanid|par\n|\n|-status|p2a: Ursaluna|brn|[from] item: Flame Orb\n|upkeep\n|turn|4\n|\n|t:|1700493437\n|cant|p1a: Araquanid|par\n|move|p2a: Ursaluna|Facade|p1a: Araquanid\n|-damage|p1a: Araquanid|0 fnt\n|faint|p1a: Araquanid\n|\n|-damage|p2a: Ursaluna|94\/100 brn|[from] brn\n|upkeep\n|\n|t:|1700493452\n|switch|p1a: Gliscor|Gliscor, F|100\/100\n|turn|5\n|\n|t:|1700493457\n|switch|p2a: Cresselia|Cresselia, F|100\/100\n|move|p1a: Gliscor|Stealth Rock|p2a: Cresselia\n|-sidestart|p2: MeltllC|move: Stealth Rock\n|\n|-fieldend|move: Trick Room\n|-status|p1a: Gliscor|tox|[from] item: Toxic Orb\n|upkeep\n|turn|6\n|\n|t:|1700493470\n|move|p1a: Gliscor|Toxic|p2a: Cresselia\n|-status|p2a: Cresselia|tox\n|move|p2a: Cresselia|Trick Room|p2a: Cresselia\n|-fieldstart|move: Trick Room|[of] p2a: Cresselia\n|\n|-damage|p2a: Cresselia|94\/100 tox|[from] psn\n|upkeep\n|turn|7\n|\n|t:|1700493481\n|switch|p2a: Ursaluna|Ursaluna, F|94\/100 brn\n|-heal|p2a: Ursaluna|100\/100|[from] move: Healing Wish\n|-damage|p2a: Ursaluna|94\/100|[from] Stealth Rock\n|switch|p1a: Pelipper|Pelipper, F|100\/100\n|-weather|RainDance|[from] ability: Drizzle|[of] p1a: Pelipper\n|\n|-weather|RainDance|[upkeep]\n|-status|p2a: Ursaluna|brn|[from] item: Flame Orb\n|upkeep\n|turn|8\n|\n|t:|1700493491\n|move|p2a: Ursaluna|Facade|p1a: Pelipper\n|-damage|p1a: Pelipper|0 fnt\n|faint|p1a: Pelipper\n|\n|-weather|RainDance|[upkeep]\n|-damage|p2a: Ursaluna|88\/100 brn|[from] brn\n|upkeep\n|\n|t:|1700493504\n|switch|p1a: Gliscor|Gliscor, F|100\/100 tox\n|turn|9\n|\n|t:|1700493508\n|move|p2a: Ursaluna|Facade|p1a: Gliscor\n|-crit|p1a: Gliscor\n|-damage|p1a: Gliscor|0 fnt\n|faint|p1a: Gliscor\n|\n|-weather|RainDance|[upkeep]\n|-damage|p2a: Ursaluna|82\/100 brn|[from] brn\n|upkeep\n|\n|t:|1700493518\n|switch|p1a: Volcanion|Volcanion|100\/100\n|turn|10\n|\n|t:|1700493523\n|move|p2a: Ursaluna|Facade|p1a: Volcanion\n|-damage|p1a: Volcanion|5\/100\n|move|p1a: Volcanion|Steam Eruption|p2a: Ursaluna\n|-supereffective|p2a: Ursaluna\n|-damage|p2a: Ursaluna|0 fnt\n|faint|p2a: Ursaluna\n|\n|-weather|RainDance|[upkeep]\n|-heal|p1a: Volcanion|11\/100|[from] item: Leftovers\n|-fieldend|move: Trick Room\n|upkeep\n|\n|t:|1700493535\n|switch|p2a: Dusknoir|Dusknoir, M|100\/100\n|-damage|p2a: Dusknoir|88\/100|[from] Stealth Rock\n|-item|p1a: Volcanion|Leftovers|[from] ability: Frisk|[of] p2a: Dusknoir|[identify]\n|turn|11\n|\n|t:|1700493541\n|move|p1a: Volcanion|Steam Eruption|p2a: Dusknoir\n|-damage|p2a: Dusknoir|29\/100\n|move|p2a: Dusknoir|Trick Room|p2a: Dusknoir\n|-fieldstart|move: Trick Room|[of] p2a: Dusknoir\n|\n|-weather|RainDance|[upkeep]\n|-heal|p1a: Volcanion|17\/100|[from] item: Leftovers\n|upkeep\n|turn|12\n|\n|t:|1700493550\n|switch|p1a: Garchomp|Garchomp, F|100\/100\n|move|p2a: Dusknoir|Memento|p1a: Garchomp\n|-unboost|p1a: Garchomp|atk|2\n|-unboost|p1a: Garchomp|spa|2\n|faint|p2a: Dusknoir\n|\n|-weather|RainDance|[upkeep]\n|upkeep\n|\n|t:|1700493573\n|switch|p2a: Crawdaunt|Crawdaunt, F|100\/100\n|-damage|p2a: Crawdaunt|88\/100|[from] Stealth Rock\n|turn|13\n|\n|t:|1700493577\n|switch|p1a: Volcanion|Volcanion|17\/100\n|-terastallize|p2a: Crawdaunt|Dark\n|move|p2a: Crawdaunt|Knock Off|p1a: Volcanion\n|-damage|p1a: Volcanion|0 fnt\n|-enditem|p1a: Volcanion|Leftovers|[from] move: Knock Off|[of] p2a: Crawdaunt\n|faint|p1a: Volcanion\n|-damage|p2a: Crawdaunt|78\/100|[from] item: Life Orb\n|\n|-weather|RainDance|[upkeep]\n|upkeep\n|\n|t:|1700493587\n|switch|p1a: Swampert|Swampert, F|100\/100\n|turn|14\n|\n|t:|1700493591\n|detailschange|p1a: Swampert|Swampert-Mega, F\n|-mega|p1a: Swampert|Swampert|Swampertite\n|move|p2a: Crawdaunt|Knock Off|p1a: Swampert\n|-damage|p1a: Swampert|36\/100\n|-damage|p2a: Crawdaunt|68\/100|[from] item: Life Orb\n|move|p1a: Swampert|Earthquake|p2a: Crawdaunt\n|-damage|p2a: Crawdaunt|0 fnt\n|faint|p2a: Crawdaunt\n|\n|-weather|none\n|upkeep\n|\n|t:|1700493599\n|switch|p2a: Heracross|Heracross, F|100\/100\n|-damage|p2a: Heracross|88\/100|[from] Stealth Rock\n|turn|15\n|\n|t:|1700493617\n|detailschange|p2a: Heracross|Heracross-Mega, F\n|-mega|p2a: Heracross|Heracross|Heracronite\n|move|p2a: Heracross|Pin Missile|p1a: Swampert\n|-damage|p1a: Swampert|19\/100\n|-damage|p1a: Swampert|3\/100\n|-damage|p1a: Swampert|0 fnt\n|faint|p1a: Swampert\n|-hitcount|p1: Swampert|3\n|\n|-fieldend|move: Trick Room\n|upkeep\n|\n|t:|1700493623\n|switch|p1a: Garchomp|Garchomp, F|100\/100\n|turn|16\n|\n|t:|1700493630\n|switch|p2a: Cresselia|Cresselia, F|94\/100 tox\n|-damage|p2a: Cresselia|82\/100 tox|[from] Stealth Rock\n|move|p1a: Garchomp|Swords Dance|p1a: Garchomp\n|-boost|p1a: Garchomp|atk|2\n|\n|-damage|p2a: Cresselia|76\/100 tox|[from] psn\n|upkeep\n|turn|17\n|\n|t:|1700493635\n|-terastallize|p1a: Garchomp|Dragon\n|move|p1a: Garchomp|Scale Shot|p2a: Cresselia\n|-damage|p2a: Cresselia|58\/100 tox\n|-damage|p2a: Cresselia|38\/100 tox\n|-damage|p2a: Cresselia|20\/100 tox\n|-damage|p2a: Cresselia|3\/100 tox\n|-damage|p2a: Cresselia|0 fnt\n|faint|p2a: Cresselia\n|-hitcount|p2: Cresselia|5\n|-unboost|p1a: Garchomp|def|1\n|-boost|p1a: Garchomp|spe|1\n|\n|upkeep\n|\n|t:|1700493644\n|switch|p2a: Heracross|Heracross-Mega, F|88\/100\n|-damage|p2a: Heracross|76\/100|[from] Stealth Rock\n|turn|18\n|\n|t:|1700493656\n|move|p1a: Garchomp|Scale Shot|p2a: Heracross\n|-damage|p2a: Heracross|48\/100\n|-damage|p2a: Heracross|21\/100\n|-damage|p2a: Heracross|0 fnt\n|faint|p2a: Heracross\n|-hitcount|p2: Heracross|3\n|\n|win|sleepcooling\n|raw|sleepcooling's rating: 1252 &rarr; <strong>1283<\/strong><br \/>(+31 for winning)\n|raw|MeltllC's rating: 1333 &rarr; <strong>1308<\/strong><br \/>(-25 for losing)\n|l|\u2606MeltllC\n|c|\u2606sleepcooling|gg\n","uploadtime":1700493974,"views":1,"p1id":"sleepcooling","p2id":"meltllc","formatid":"gen9nationaldex","rating":1283,"private":0,"password":""}