{"id":"gen9nationaldex-1990220284","p1":"mike not dike","p2":"Sly Killdex 2","format":"[Gen 9] National Dex","log":"|j|\u2606mike not dike\n|j|\u2606Sly Killdex 2\n|t:|1699939399\n|gametype|singles\n|player|p1|mike not dike|lucas|1048\n|player|p2|Sly Killdex 2|volkner|1070\n|teamsize|p1|6\n|teamsize|p2|6\n|gen|9\n|tier|[Gen 9] National Dex\n|rated|\n|rule|HP Percentage Mod: HP is shown in percentages\n|rule|Endless Battle Clause: Forcing endless battles is banned\n|rule|OHKO Clause: OHKO moves are banned\n|rule|Evasion Clause: Evasion abilities, items, and moves are banned\n|rule|Evasion Abilities Clause: Evasion abilities are banned\n|rule|Evasion Items Clause: Evasion items are banned\n|rule|Evasion Moves Clause: Evasion moves are banned\n|rule|Species Clause: Limit one of each Pok\u00e9mon\n|rule|Sleep Clause Mod: Limit one foe put to sleep\n|clearpoke\n|poke|p1|Swampert, M|\n|poke|p1|Serperior, M|\n|poke|p1|Incineroar, M|\n|poke|p1|Metagross|\n|poke|p1|Grimmsnarl, M|\n|poke|p1|Corviknight, M|\n|poke|p2|Silvally-*|\n|poke|p2|Pikipek, F|\n|poke|p2|Torracat, M|\n|poke|p2|Decidueye, M|\n|poke|p2|Volcanion|\n|poke|p2|Hoopa|\n|teampreview\n|inactive|Battle timer is ON: inactive players will automatically lose when time's up. (requested by Sly Killdex 2)\n|\n|t:|1699939412\n|start\n|switch|p1a: Grimmsnarl|Grimmsnarl, M, shiny|100\/100\n|switch|p2a: Pikipek|Pikipek, F|100\/100\n|turn|1\n|\n|t:|1699939424\n|switch|p2a: Torracat|Torracat, M|100\/100\n|-ability|p2a: Torracat|Intimidate|boost\n|-unboost|p1a: Grimmsnarl|atk|1\n|move|p1a: Grimmsnarl|Light Screen|p1a: Grimmsnarl\n|-sidestart|p1: mike not dike|move: Light Screen\n|\n|upkeep\n|turn|2\n|\n|t:|1699939430\n|move|p1a: Grimmsnarl|Reflect|p1a: Grimmsnarl\n|-sidestart|p1: mike not dike|Reflect\n|move|p2a: Torracat|Flare Blitz|p1a: Grimmsnarl\n|-damage|p1a: Grimmsnarl|75\/100\n|-damage|p2a: Torracat|90\/100|[from] Recoil\n|\n|upkeep\n|turn|3\n|\n|t:|1699939437\n|move|p1a: Grimmsnarl|Parting Shot|p2a: Torracat\n|-unboost|p2a: Torracat|atk|1\n|-unboost|p2a: Torracat|spa|1\n|\n|t:|1699939440\n|switch|p1a: Incineroar|Incineroar, M, shiny|100\/100|[from] Parting Shot\n|-ability|p1a: Incineroar|Intimidate|boost\n|-unboost|p2a: Torracat|atk|1\n|move|p2a: Torracat|Parting Shot|p1a: Incineroar\n|-unboost|p1a: Incineroar|atk|1\n|-unboost|p1a: Incineroar|spa|1\n|\n|t:|1699939444\n|switch|p2a: Volcanion|Volcanion|100\/100|[from] Parting Shot\n|\n|upkeep\n|turn|4\n|\n|t:|1699939455\n|move|p1a: Incineroar|Parting Shot|p2a: Volcanion\n|-unboost|p2a: Volcanion|atk|1\n|-unboost|p2a: Volcanion|spa|1\n|\n|t:|1699939464\n|switch|p1a: Serperior|Serperior, M, shiny|100\/100|[from] Parting Shot\n|move|p2a: Volcanion|Defog|p1a: Serperior\n|-boost|p1a: Serperior|evasion|1\n|-sideend|p1: mike not dike|Reflect\n|-sideend|p1: mike not dike|move: Light Screen\n|\n|upkeep\n|turn|5\n|\n|t:|1699939475\n|switch|p2a: Torracat|Torracat, M|90\/100\n|-ability|p2a: Torracat|Intimidate|boost\n|-boost|p1a: Serperior|atk|1\n|-terastallize|p1a: Serperior|Dragon\n|move|p1a: Serperior|Leaf Storm|p2a: Torracat\n|-resisted|p2a: Torracat\n|-damage|p2a: Torracat|67\/100\n|-boost|p1a: Serperior|spa|2\n|\n|upkeep\n|turn|6\n|\n|t:|1699939484\n|move|p1a: Serperior|Dragon Pulse|p2a: Torracat\n|-damage|p2a: Torracat|4\/100\n|move|p2a: Torracat|Will-O-Wisp|p1a: Serperior\n|-status|p1a: Serperior|brn\n|\n|-damage|p1a: Serperior|94\/100 brn|[from] brn\n|upkeep\n|turn|7\n|\n|t:|1699939491\n|move|p1a: Serperior|Leaf Storm|p2a: Torracat\n|-resisted|p2a: Torracat\n|-damage|p2a: Torracat|0 fnt\n|-boost|p1a: Serperior|spa|2\n|faint|p2a: Torracat\n|\n|-damage|p1a: Serperior|88\/100 brn|[from] brn\n|upkeep\n|\n|t:|1699939499\n|switch|p2a: Hoopa|Hoopa|100\/100\n|turn|8\n|\n|t:|1699939514\n|move|p2a: Hoopa|Psyshock|p1a: Serperior\n|-damage|p1a: Serperior|35\/100 brn\n|move|p1a: Serperior|Dragon Pulse|p2a: Hoopa\n|-damage|p2a: Hoopa|24\/100\n|\n|-damage|p1a: Serperior|28\/100 brn|[from] brn\n|upkeep\n|turn|9\n|\n|t:|1699939521\n|move|p2a: Hoopa|Psyshock|p1a: Serperior\n|-damage|p1a: Serperior|0 fnt\n|faint|p1a: Serperior\n|\n|upkeep\n|\n|t:|1699939527\n|switch|p1a: Incineroar|Incineroar, M, shiny|100\/100\n|-ability|p1a: Incineroar|Intimidate|boost\n|-unboost|p2a: Hoopa|atk|1\n|turn|10\n|\n|t:|1699939541\n|switch|p2a: Silvally|Silvally-Rock|100\/100\n|move|p1a: Incineroar|Darkest Lariat|p2a: Silvally\n|-damage|p2a: Silvally|55\/100\n|\n|upkeep\n|turn|11\n|\n|t:|1699939551\n|move|p2a: Silvally|Multi-Attack|p1a: Incineroar\n|-supereffective|p1a: Incineroar\n|-damage|p1a: Incineroar|2\/100\n|-enditem|p1a: Incineroar|Sitrus Berry|[eat]\n|-heal|p1a: Incineroar|27\/100|[from] item: Sitrus Berry\n|move|p1a: Incineroar|Parting Shot|p2a: Silvally\n|-unboost|p2a: Silvally|atk|1\n|-unboost|p2a: Silvally|spa|1\n|\n|t:|1699939567\n|switch|p1a: Grimmsnarl|Grimmsnarl, M, shiny|75\/100|[from] Parting Shot\n|\n|upkeep\n|turn|12\n|\n|t:|1699939574\n|switch|p2a: Volcanion|Volcanion|100\/100\n|move|p1a: Grimmsnarl|Reflect|p1a: Grimmsnarl\n|-sidestart|p1: mike not dike|Reflect\n|\n|upkeep\n|turn|13\n|\n|t:|1699939579\n|move|p1a: Grimmsnarl|Parting Shot|p2a: Volcanion\n|-unboost|p2a: Volcanion|atk|1\n|-unboost|p2a: Volcanion|spa|1\n|\n|t:|1699939583\n|switch|p1a: Corviknight|Corviknight, M|100\/100|[from] Parting Shot\n|move|p2a: Volcanion|Steam Eruption|p1a: Corviknight\n|-damage|p1a: Corviknight|71\/100\n|\n|upkeep\n|turn|14\n|\n|t:|1699939591\n|switch|p1a: Swampert|Swampert, M, shiny|100\/100\n|move|p2a: Volcanion|Fire Blast|p1a: Swampert|[miss]\n|-miss|p2a: Volcanion|p1a: Swampert\n|\n|upkeep\n|turn|15\n|\n|t:|1699939601\n|switch|p2a: Pikipek|Pikipek, F|100\/100\n|move|p1a: Swampert|Liquidation|p2a: Pikipek\n|-enditem|p2a: Pikipek|Focus Sash\n|-damage|p2a: Pikipek|1\/100\n|\n|upkeep\n|turn|16\n|\n|t:|1699939610\n|move|p2a: Pikipek|Bullet Seed|p1a: Swampert\n|-supereffective|p1a: Swampert\n|-damage|p1a: Swampert|88\/100\n|-supereffective|p1a: Swampert\n|-damage|p1a: Swampert|75\/100\n|-supereffective|p1a: Swampert\n|-damage|p1a: Swampert|62\/100\n|-supereffective|p1a: Swampert\n|-damage|p1a: Swampert|49\/100\n|-supereffective|p1a: Swampert\n|-damage|p1a: Swampert|35\/100\n|-hitcount|p1a: Swampert|5\n|move|p1a: Swampert|Flip Turn|p2a: Pikipek\n|-damage|p2a: Pikipek|0 fnt\n|faint|p2a: Pikipek\n|\n|t:|1699939616\n|switch|p1a: Grimmsnarl|Grimmsnarl, M, shiny|75\/100|[from] Flip Turn\n|\n|upkeep\n|\n|t:|1699939625\n|switch|p2a: Volcanion|Volcanion|100\/100\n|turn|17\n|\n|t:|1699939629\n|move|p1a: Grimmsnarl|Light Screen|p1a: Grimmsnarl\n|-sidestart|p1: mike not dike|move: Light Screen\n|move|p2a: Volcanion|Steam Eruption|p1a: Grimmsnarl\n|-damage|p1a: Grimmsnarl|53\/100\n|\n|upkeep\n|turn|18\n|\n|t:|1699939636\n|move|p1a: Grimmsnarl|Parting Shot|p2a: Volcanion\n|-unboost|p2a: Volcanion|atk|1\n|-unboost|p2a: Volcanion|spa|1\n|\n|t:|1699939644\n|switch|p1a: Swampert|Swampert, M, shiny|35\/100|[from] Parting Shot\n|move|p2a: Volcanion|Defog|p1a: Swampert\n|-unboost|p1a: Swampert|evasion|1\n|-sideend|p1: mike not dike|Reflect\n|-sideend|p1: mike not dike|move: Light Screen\n|\n|-heal|p1a: Swampert|42\/100|[from] item: Leftovers\n|upkeep\n|turn|19\n|\n|t:|1699939654\n|move|p2a: Volcanion|Steam Eruption|p1a: Swampert\n|-damage|p1a: Swampert|10\/100\n|move|p1a: Swampert|Earthquake|p2a: Volcanion\n|-supereffective|p2a: Volcanion\n|-damage|p2a: Volcanion|43\/100\n|\n|-heal|p1a: Swampert|16\/100|[from] item: Leftovers\n|upkeep\n|turn|20\n|\n|t:|1699939662\n|move|p2a: Volcanion|Steam Eruption|p1a: Swampert\n|-damage|p1a: Swampert|0 fnt\n|faint|p1a: Swampert\n|\n|upkeep\n|\n|t:|1699939676\n|switch|p1a: Grimmsnarl|Grimmsnarl, M, shiny|53\/100\n|turn|21\n|\n|t:|1699939686\n|move|p1a: Grimmsnarl|Parting Shot|p2a: Volcanion\n|-unboost|p2a: Volcanion|atk|1\n|-unboost|p2a: Volcanion|spa|1\n|\n|t:|1699939692\n|switch|p1a: Incineroar|Incineroar, M, shiny|27\/100|[from] Parting Shot\n|-ability|p1a: Incineroar|Intimidate|boost\n|-unboost|p2a: Volcanion|atk|1\n|move|p2a: Volcanion|Steam Eruption|p1a: Incineroar\n|-supereffective|p1a: Incineroar\n|-damage|p1a: Incineroar|0 fnt\n|faint|p1a: Incineroar\n|\n|upkeep\n|\n|t:|1699939704\n|switch|p1a: Metagross|Metagross, shiny|100\/100\n|turn|22\n|\n|t:|1699939709\n|move|p1a: Metagross|Bullet Punch|p2a: Volcanion\n|-resisted|p2a: Volcanion\n|-damage|p2a: Volcanion|39\/100\n|move|p2a: Volcanion|Fire Blast|p1a: Metagross|[miss]\n|-miss|p2a: Volcanion|p1a: Metagross\n|\n|upkeep\n|turn|23\n|\n|t:|1699939716\n|move|p2a: Volcanion|Fire Blast|p1a: Metagross|[miss]\n|-miss|p2a: Volcanion|p1a: Metagross\n|move|p1a: Metagross|Earthquake|p2a: Volcanion\n|-supereffective|p2a: Volcanion\n|-damage|p2a: Volcanion|0 fnt\n|faint|p2a: Volcanion\n|\n|upkeep\n|\n|t:|1699939719\n|switch|p2a: Decidueye|Decidueye, M|100\/100\n|turn|24\n|\n|t:|1699939733\n|move|p1a: Metagross|Bullet Punch|p2a: Decidueye\n|-damage|p2a: Decidueye|73\/100\n|move|p2a: Decidueye|Spirit Shackle|p1a: Metagross\n|-supereffective|p1a: Metagross\n|-damage|p1a: Metagross|49\/100\n|-activate|p1a: Metagross|trapped\n|\n|-heal|p2a: Decidueye|80\/100|[from] item: Leftovers\n|upkeep\n|turn|25\n|l|\u2606mike not dike\n|inactive|mike not dike disconnected and has a minute to reconnect!\n|player|p1|\n|inactive|mike not dike has 30 seconds to reconnect!\n|inactive|mike not dike has 20 seconds to reconnect!\n|inactiveoff|Battle timer is now OFF.\n|inactive|Battle timer is ON: inactive players will automatically lose when time's up. (requested by Sly Killdex 2)\n|inactive|mike not dike has 15 seconds to reconnect!\n|inactive|mike not dike has 10 seconds to reconnect!\n|inactive|mike not dike has 5 seconds to reconnect!\n|-message|mike not dike lost due to inactivity.\n|\n|win|Sly Killdex 2\n|raw|mike not dike's rating: 1048 &rarr; <strong>1032<\/strong><br \/>(-16 for losing)\n|raw|Sly Killdex 2's rating: 1070 &rarr; <strong>1098<\/strong><br \/>(+28 for winning)\n","uploadtime":1699939871,"views":4,"p1id":"mikenotdike","p2id":"slykilldex2","formatid":"gen9nationaldex","rating":1032,"private":0,"password":""}