{"id":"gen9nationaldex-1997476370","p1":"runeatest","p2":"ELGRANBIEGELAM","format":"[Gen 9] National Dex","log":"|html|<div class=\"broadcast-blue\"><strong>[Gen 9] National Dex is currently suspecting Sneasler! For information on how to participate check out the <a href=\"https:\/\/www.smogon.com\/forums\/threads\/sv-national-dex-suspect-8-just-dance.3731534\/\">suspect thread<\/a>.<\/strong><\/div>\n|j|\u2606runeatest\n|j|\u2606ELGRANBIEGELAM\n|t:|1700812067\n|gametype|singles\n|player|p1|runeatest|fisherman-gen4|1110\n|player|p2|ELGRANBIEGELAM|lucas|1041\n|teamsize|p1|6\n|teamsize|p2|6\n|gen|9\n|tier|[Gen 9] National Dex\n|rated|\n|rule|HP Percentage Mod: HP is shown in percentages\n|rule|Endless Battle Clause: Forcing endless battles is banned\n|rule|OHKO Clause: OHKO moves are banned\n|rule|Evasion Clause: Evasion abilities, items, and moves are banned\n|rule|Evasion Abilities Clause: Evasion abilities are banned\n|rule|Evasion Items Clause: Evasion items are banned\n|rule|Evasion Moves Clause: Evasion moves are banned\n|rule|Species Clause: Limit one of each Pok\u00e9mon\n|rule|Sleep Clause Mod: Limit one foe put to sleep\n|clearpoke\n|poke|p1|Vaporeon, M|\n|poke|p1|Salamence, M|\n|poke|p1|Hitmontop, M|\n|poke|p1|Electivire, M|\n|poke|p1|Togekiss, M|\n|poke|p1|Houndoom, M|\n|poke|p2|Vespiquen, F|\n|poke|p2|Glimmora, F|\n|poke|p2|Samurott-Hisui, M|\n|poke|p2|Hawlucha, F|\n|poke|p2|Gliscor, M|\n|poke|p2|Electrode-Hisui|\n|teampreview\n|inactive|Battle timer is ON: inactive players will automatically lose when time's up. (requested by runeatest)\n|\n|t:|1700812072\n|start\n|switch|p1a: Hitmontop|Hitmontop, M|100\/100\n|switch|p2a: Electrode|Electrode-Hisui|100\/100\n|turn|1\n|\n|t:|1700812078\n|move|p1a: Hitmontop|Fake Out|p2a: Electrode\n|-damage|p2a: Electrode|69\/100\n|cant|p2a: Electrode|flinch\n|\n|upkeep\n|turn|2\n|\n|t:|1700812084\n|switch|p1a: Electivire|Electivire, M, shiny|100\/100\n|-item|p1a: Electivire|Air Balloon\n|move|p2a: Electrode|Thunder Wave|p1a: Electivire\n|-ability|p1a: Electivire|Motor Drive|boost\n|-boost|p1a: Electivire|spe|1\n|\n|upkeep\n|turn|3\n|\n|t:|1700812091\n|move|p1a: Electivire|Earthquake|p2a: Electrode\n|-damage|p2a: Electrode|4\/100\n|move|p2a: Electrode|Chloroblast|p1a: Electivire\n|-damage|p1a: Electivire|20\/100\n|-enditem|p1a: Electivire|Air Balloon\n|-damage|p2a: Electrode|0 fnt|[from] Recoil\n|faint|p2a: Electrode\n|\n|upkeep\n|\n|t:|1700812110\n|switch|p2a: Gliscor|Gliscor, M|100\/100\n|turn|4\n|\n|t:|1700812112\n|move|p1a: Electivire|Ice Punch|p2a: Gliscor\n|-supereffective|p2a: Gliscor\n|-damage|p2a: Gliscor|0 fnt\n|faint|p2a: Gliscor\n|\n|upkeep\n|\n|t:|1700812119\n|switch|p2a: Hawlucha|Hawlucha, F|100\/100\n|turn|5\n|\n|t:|1700812122\n|move|p2a: Hawlucha|Endure|p2a: Hawlucha\n|-singleturn|p2a: Hawlucha|move: Endure\n|move|p1a: Electivire|Thunder Punch|p2a: Hawlucha\n|-supereffective|p2a: Hawlucha\n|-activate|p2a: Hawlucha|move: Endure\n|-damage|p2a: Hawlucha|1\/100\n|-enditem|p2a: Hawlucha|Weakness Policy\n|-boost|p2a: Hawlucha|atk|2|[from] item: Weakness Policy\n|-boost|p2a: Hawlucha|spa|2|[from] item: Weakness Policy\n|\n|upkeep\n|turn|6\n|\n|t:|1700812133\n|move|p2a: Hawlucha|Acrobatics|p1a: Electivire\n|-resisted|p1a: Electivire\n|-damage|p1a: Electivire|0 fnt\n|faint|p1a: Electivire\n|\n|upkeep\n|\n|t:|1700812138\n|switch|p1a: Hitmontop|Hitmontop, M|100\/100\n|turn|7\n|\n|t:|1700812141\n|move|p2a: Hawlucha|Endure|p2a: Hawlucha\n|-singleturn|p2a: Hawlucha|move: Endure\n|move|p1a: Hitmontop|Fake Out|p2a: Hawlucha\n|-activate|p2a: Hawlucha|move: Endure\n|-damage|p2a: Hawlucha|1\/100\n|\n|upkeep\n|turn|8\n|\n|t:|1700812147\n|move|p1a: Hitmontop|Sucker Punch|p2a: Hawlucha\n|-resisted|p2a: Hawlucha\n|-damage|p2a: Hawlucha|0 fnt\n|faint|p2a: Hawlucha\n|\n|upkeep\n|\n|t:|1700812153\n|switch|p2a: Vespiquen|Vespiquen, F|100\/100\n|-ability|p2a: Vespiquen|Pressure\n|turn|9\n|\n|t:|1700812157\n|switch|p1a: Salamence|Salamence, M|100\/100\n|-ability|p1a: Salamence|Intimidate|boost\n|-unboost|p2a: Vespiquen|atk|1\n|move|p2a: Vespiquen|Defend Order|p2a: Vespiquen\n|-boost|p2a: Vespiquen|def|1\n|-boost|p2a: Vespiquen|spd|1\n|\n|upkeep\n|turn|10\n|\n|t:|1700812165\n|-terastallize|p2a: Vespiquen|Poison\n|move|p1a: Salamence|Air Slash|p2a: Vespiquen\n|-damage|p2a: Vespiquen|63\/100\n|cant|p2a: Vespiquen|flinch\n|\n|upkeep\n|turn|11\n|\n|t:|1700812171\n|move|p1a: Salamence|Air Slash|p2a: Vespiquen\n|-damage|p2a: Vespiquen|25\/100\n|-enditem|p2a: Vespiquen|Aguav Berry|[eat]\n|-heal|p2a: Vespiquen|58\/100|[from] item: Aguav Berry\n|move|p2a: Vespiquen|Heal Order|p2a: Vespiquen\n|-heal|p2a: Vespiquen|100\/100\n|\n|upkeep\n|turn|12\n|\n|t:|1700812178\n|move|p1a: Salamence|Air Slash|p2a: Vespiquen\n|-damage|p2a: Vespiquen|61\/100\n|move|p2a: Vespiquen|Defend Order|p2a: Vespiquen\n|-boost|p2a: Vespiquen|def|1\n|-boost|p2a: Vespiquen|spd|1\n|\n|upkeep\n|turn|13\n|\n|t:|1700812187\n|switch|p1a: Hitmontop|Hitmontop, M|100\/100\n|move|p2a: Vespiquen|Heal Order|p2a: Vespiquen\n|-heal|p2a: Vespiquen|100\/100\n|\n|upkeep\n|turn|14\n|\n|t:|1700812193\n|switch|p1a: Salamence|Salamence, M|100\/100\n|-ability|p1a: Salamence|Intimidate|boost\n|-unboost|p2a: Vespiquen|atk|1\n|move|p2a: Vespiquen|Infestation|p1a: Salamence\n|-resisted|p1a: Salamence\n|-damage|p1a: Salamence|97\/100\n|-activate|p1a: Salamence|move: Infestation|[of] p2a: Vespiquen\n|\n|-damage|p1a: Salamence|85\/100|[from] move: Infestation|[partiallytrapped]\n|upkeep\n|turn|15\n|\n|t:|1700812202\n|move|p1a: Salamence|Draco Meteor|p2a: Vespiquen\n|-damage|p2a: Vespiquen|52\/100\n|-unboost|p1a: Salamence|spa|2\n|move|p2a: Vespiquen|Defend Order|p2a: Vespiquen\n|-boost|p2a: Vespiquen|def|1\n|-boost|p2a: Vespiquen|spd|1\n|\n|-damage|p1a: Salamence|72\/100|[from] move: Infestation|[partiallytrapped]\n|upkeep\n|turn|16\n|\n|t:|1700812211\n|move|p1a: Salamence|Draco Meteor|p2a: Vespiquen\n|-damage|p2a: Vespiquen|31\/100\n|-unboost|p1a: Salamence|spa|2\n|move|p2a: Vespiquen|Heal Order|p2a: Vespiquen\n|-heal|p2a: Vespiquen|82\/100\n|\n|-damage|p1a: Salamence|60\/100|[from] move: Infestation|[partiallytrapped]\n|upkeep\n|turn|17\n|\n|t:|1700812219\n|move|p1a: Salamence|Draco Meteor|p2a: Vespiquen\n|-damage|p2a: Vespiquen|68\/100\n|-unboost|p1a: Salamence|spa|2\n|move|p2a: Vespiquen|Toxic|p1a: Salamence\n|-status|p1a: Salamence|tox\n|\n|-damage|p1a: Salamence|54\/100 tox|[from] psn\n|-damage|p1a: Salamence|42\/100 tox|[from] move: Infestation|[partiallytrapped]\n|upkeep\n|turn|18\n|\n|t:|1700812229\n|move|p1a: Salamence|Draco Meteor|p2a: Vespiquen\n|-damage|p2a: Vespiquen|58\/100\n|move|p2a: Vespiquen|Defend Order|p2a: Vespiquen\n|-boost|p2a: Vespiquen|def|1\n|-boost|p2a: Vespiquen|spd|1\n|\n|-damage|p1a: Salamence|30\/100 tox|[from] psn\n|-damage|p1a: Salamence|17\/100 tox|[from] move: Infestation|[partiallytrapped]\n|upkeep\n|turn|19\n|\n|t:|1700812240\n|-activate|p1a: Salamence|move: Struggle\n|move|p1a: Salamence|Struggle|p2a: Vespiquen\n|-damage|p2a: Vespiquen|53\/100\n|-damage|p1a: Salamence|0 fnt|[from] recoil\n|faint|p1a: Salamence\n|move|p2a: Vespiquen|Defend Order|p2a: Vespiquen\n|-boost|p2a: Vespiquen|def|1\n|-boost|p2a: Vespiquen|spd|1\n|\n|upkeep\n|\n|t:|1700812247\n|switch|p1a: Houndoom|Houndoom, M|100\/100\n|turn|20\n|\n|t:|1700812252\n|-terastallize|p1a: Houndoom|Poison\n|move|p1a: Houndoom|Nasty Plot|p1a: Houndoom\n|-boost|p1a: Houndoom|spa|2\n|move|p2a: Vespiquen|Heal Order|p2a: Vespiquen\n|-heal|p2a: Vespiquen|100\/100\n|\n|upkeep\n|turn|21\n|\n|t:|1700812258\n|move|p1a: Houndoom|Nasty Plot|p1a: Houndoom\n|-boost|p1a: Houndoom|spa|2\n|move|p2a: Vespiquen|Infestation|p1a: Houndoom\n|-resisted|p1a: Houndoom\n|-damage|p1a: Houndoom|97\/100\n|-activate|p1a: Houndoom|move: Infestation|[of] p2a: Vespiquen\n|\n|-damage|p1a: Houndoom|85\/100|[from] move: Infestation|[partiallytrapped]\n|upkeep\n|turn|22\n|\n|t:|1700812266\n|move|p1a: Houndoom|Nasty Plot|p1a: Houndoom\n|-boost|p1a: Houndoom|spa|2\n|move|p2a: Vespiquen|Defend Order|p2a: Vespiquen\n|-boost|p2a: Vespiquen|def|1\n|-boost|p2a: Vespiquen|spd|1\n|\n|-damage|p1a: Houndoom|72\/100|[from] move: Infestation|[partiallytrapped]\n|upkeep\n|turn|23\n|\n|t:|1700812275\n|move|p1a: Houndoom|Dark Pulse|p2a: Vespiquen\n|-damage|p2a: Vespiquen|59\/100\n|cant|p2a: Vespiquen|flinch\n|\n|-damage|p1a: Houndoom|60\/100|[from] move: Infestation|[partiallytrapped]\n|upkeep\n|turn|24\n|\n|t:|1700812281\n|move|p1a: Houndoom|Dark Pulse|p2a: Vespiquen\n|-damage|p2a: Vespiquen|19\/100\n|move|p2a: Vespiquen|Heal Order|p2a: Vespiquen\n|-heal|p2a: Vespiquen|69\/100\n|\n|-damage|p1a: Houndoom|48\/100|[from] move: Infestation|[partiallytrapped]\n|upkeep\n|turn|25\n|\n|t:|1700812288\n|move|p1a: Houndoom|Dark Pulse|p2a: Vespiquen\n|-damage|p2a: Vespiquen|29\/100\n|move|p2a: Vespiquen|Heal Order|p2a: Vespiquen\n|-heal|p2a: Vespiquen|80\/100\n|\n|-damage|p1a: Houndoom|35\/100|[from] move: Infestation|[partiallytrapped]\n|upkeep\n|turn|26\n|\n|t:|1700812296\n|move|p1a: Houndoom|Dark Pulse|p2a: Vespiquen\n|-damage|p2a: Vespiquen|39\/100\n|move|p2a: Vespiquen|Heal Order|p2a: Vespiquen\n|-heal|p2a: Vespiquen|89\/100\n|\n|-end|p1a: Houndoom|Infestation|[partiallytrapped]\n|upkeep\n|turn|27\n|\n|t:|1700812303\n|move|p1a: Houndoom|Dark Pulse|p2a: Vespiquen\n|-damage|p2a: Vespiquen|50\/100\n|move|p2a: Vespiquen|Infestation|p1a: Houndoom\n|-resisted|p1a: Houndoom\n|-damage|p1a: Houndoom|32\/100\n|-activate|p1a: Houndoom|move: Infestation|[of] p2a: Vespiquen\n|\n|-damage|p1a: Houndoom|19\/100|[from] move: Infestation|[partiallytrapped]\n|upkeep\n|turn|28\n|\n|t:|1700812311\n|move|p1a: Houndoom|Flamethrower|p2a: Vespiquen\n|-damage|p2a: Vespiquen|3\/100\n|move|p2a: Vespiquen|Heal Order|p2a: Vespiquen\n|-heal|p2a: Vespiquen|54\/100\n|\n|-damage|p1a: Houndoom|7\/100|[from] move: Infestation|[partiallytrapped]\n|upkeep\n|turn|29\n|\n|t:|1700812322\n|move|p1a: Houndoom|Dark Pulse|p2a: Vespiquen\n|-damage|p2a: Vespiquen|9\/100\n|cant|p2a: Vespiquen|flinch\n|\n|-damage|p1a: Houndoom|0 fnt|[from] move: Infestation|[partiallytrapped]\n|faint|p1a: Houndoom\n|upkeep\n|\n|t:|1700812331\n|switch|p1a: Hitmontop|Hitmontop, M|100\/100\n|turn|30\n|\n|t:|1700812337\n|move|p1a: Hitmontop|High Jump Kick|p2a: Vespiquen\n|-resisted|p2a: Vespiquen\n|-crit|p2a: Vespiquen\n|-damage|p2a: Vespiquen|0 fnt\n|faint|p2a: Vespiquen\n|\n|upkeep\n|\n|t:|1700812342\n|switch|p2a: Glimmora|Glimmora, F|100\/100\n|turn|31\n|\n|t:|1700812352\n|move|p1a: Hitmontop|High Jump Kick|p2a: Glimmora\n|-damage|p2a: Glimmora|34\/100\n|-activate|p2a: Glimmora|ability: Toxic Debris\n|-sidestart|p1: runeatest|move: Toxic Spikes\n|move|p2a: Glimmora|Sludge Wave|p1a: Hitmontop\n|-damage|p1a: Hitmontop|46\/100\n|\n|upkeep\n|turn|32\n|\n|t:|1700812369\n|move|p1a: Hitmontop|High Jump Kick|p2a: Glimmora\n|-damage|p2a: Glimmora|0 fnt\n|-activate|p2a: Glimmora|ability: Toxic Debris\n|-sidestart|p1: runeatest|move: Toxic Spikes\n|faint|p2a: Glimmora\n|\n|upkeep\n|\n|t:|1700812375\n|switch|p2a: Samurott|Samurott-Hisui, M|100\/100\n|turn|33\n|\n|t:|1700812380\n|move|p1a: Hitmontop|High Jump Kick|p2a: Samurott\n|-supereffective|p2a: Samurott\n|-enditem|p2a: Samurott|Focus Sash\n|-damage|p2a: Samurott|1\/100\n|move|p2a: Samurott|Swords Dance|p2a: Samurott\n|-boost|p2a: Samurott|atk|2\n|\n|upkeep\n|turn|34\n|\n|t:|1700812388\n|move|p1a: Hitmontop|Sucker Punch|p2a: Samurott\n|-resisted|p2a: Samurott\n|-damage|p2a: Samurott|0 fnt\n|faint|p2a: Samurott\n|\n|win|runeatest\n|raw|runeatest's rating: 1110 &rarr; <strong>1130<\/strong><br \/>(+20 for winning)\n|raw|ELGRANBIEGELAM's rating: 1041 &rarr; <strong>1028<\/strong><br \/>(-13 for losing)\n|l|\u2606ELGRANBIEGELAM\n","uploadtime":1700812394,"views":4,"p1id":"runeatest","p2id":"elgranbiegelam","formatid":"gen9nationaldex","rating":1028,"private":0,"password":""}