{"id":"gen9nationaldex-2000527482","p1":"IdeaNoExist","p2":"Sei~Karma","format":"[Gen 9] National Dex","log":"|html|<div class=\"broadcast-blue\"><strong>[Gen 9] National Dex is currently suspecting Sneasler! For information on how to participate check out the <a href=\"https:\/\/www.smogon.com\/forums\/threads\/sv-national-dex-suspect-8-just-dance.3731534\/\">suspect thread<\/a>.<\/strong><\/div>\n|j|\u2606IdeaNoExist\n|j|\u2606Sei~Karma\n|t:|1701202401\n|gametype|singles\n|player|p1|IdeaNoExist|plasmagrunt-gen5bw|1226\n|player|p2|Sei~Karma|klara|1202\n|teamsize|p1|6\n|teamsize|p2|6\n|gen|9\n|tier|[Gen 9] National Dex\n|rated|\n|rule|HP Percentage Mod: HP is shown in percentages\n|rule|Endless Battle Clause: Forcing endless battles is banned\n|rule|OHKO Clause: OHKO moves are banned\n|rule|Evasion Clause: Evasion abilities, items, and moves are banned\n|rule|Evasion Abilities Clause: Evasion abilities are banned\n|rule|Evasion Items Clause: Evasion items are banned\n|rule|Evasion Moves Clause: Evasion moves are banned\n|rule|Species Clause: Limit one of each Pok\u00e9mon\n|rule|Sleep Clause Mod: Limit one foe put to sleep\n|clearpoke\n|poke|p1|Kommo-o, M|\n|poke|p1|Sneasler, F|\n|poke|p1|Rillaboom, F|\n|poke|p1|Armarouge, F|\n|poke|p1|Landorus-Therian, M|\n|poke|p1|Iron Valiant|\n|poke|p2|Braviary-Hisui, M|\n|poke|p2|Dondozo, M|\n|poke|p2|Reuniclus, F|\n|poke|p2|Tsareena, F|\n|poke|p2|Eiscue, F|\n|poke|p2|Nihilego|\n|teampreview\n|\n|t:|1701202423\n|start\n|switch|p1a: Funny Monkey|Rillaboom, F|100\/100\n|switch|p2a: Nihilego|Nihilego, shiny|100\/100\n|-fieldstart|move: Grassy Terrain|[from] ability: Grassy Surge|[of] p1a: Funny Monkey\n|turn|1\n|\n|t:|1701202446\n|move|p1a: Funny Monkey|Grassy Glide|p2a: Nihilego\n|-damage|p2a: Nihilego|43\/100\n|move|p2a: Nihilego|Sludge Wave|p1a: Funny Monkey\n|-supereffective|p1a: Funny Monkey\n|-damage|p1a: Funny Monkey|0 fnt\n|faint|p1a: Funny Monkey\n|-ability|p2a: Nihilego|Beast Boost|boost\n|-boost|p2a: Nihilego|spe|1\n|\n|-heal|p2a: Nihilego|49\/100|[from] Grassy Terrain\n|upkeep\n|\n|t:|1701202454\n|switch|p1a: Landorus|Landorus-Therian, M|100\/100\n|-ability|p1a: Landorus|Intimidate|boost\n|-unboost|p2a: Nihilego|atk|1\n|turn|2\n|\n|t:|1701202462\n|move|p2a: Nihilego|Meteor Beam||[still]\n|-prepare|p2a: Nihilego|Meteor Beam\n|-boost|p2a: Nihilego|spa|1\n|-enditem|p2a: Nihilego|Power Herb\n|-anim|p2a: Nihilego|Meteor Beam|p1a: Landorus\n|-damage|p1a: Landorus|0 fnt\n|faint|p1a: Landorus\n|-ability|p2a: Nihilego|Beast Boost|boost\n|-boost|p2a: Nihilego|spe|1\n|\n|-heal|p2a: Nihilego|55\/100|[from] Grassy Terrain\n|upkeep\n|\n|t:|1701202466\n|switch|p1a: Dance for me|Kommo-o, M|100\/100\n|turn|3\n|\n|t:|1701202469\n|move|p2a: Nihilego|Psyshock|p1a: Dance for me\n|-supereffective|p1a: Dance for me\n|-damage|p1a: Dance for me|22\/100\n|-zpower|p1a: Dance for me\n|move|p1a: Dance for me|Clangorous Soulblaze|p2a: Nihilego|[zeffect]\n|-damage|p2a: Nihilego|0 fnt\n|faint|p2a: Nihilego\n|-boost|p1a: Dance for me|atk|1\n|-boost|p1a: Dance for me|def|1\n|-boost|p1a: Dance for me|spa|1\n|-boost|p1a: Dance for me|spd|1\n|-boost|p1a: Dance for me|spe|1\n|\n|-heal|p1a: Dance for me|28\/100|[from] Grassy Terrain\n|upkeep\n|\n|t:|1701202473\n|switch|p2a: Dondozo|Dondozo, M|100\/100\n|turn|4\n|inactive|Battle timer is ON: inactive players will automatically lose when time's up. (requested by Sei~Karma)\n|\n|t:|1701202488\n|move|p1a: Dance for me|Clanging Scales|p2a: Dondozo\n|-damage|p2a: Dondozo|72\/100\n|-unboost|p1a: Dance for me|def|1\n|move|p2a: Dondozo|Curse|p2a: Dondozo\n|-unboost|p2a: Dondozo|spe|1\n|-boost|p2a: Dondozo|atk|1\n|-boost|p2a: Dondozo|def|1\n|\n|-heal|p1a: Dance for me|35\/100|[from] Grassy Terrain\n|-heal|p2a: Dondozo|78\/100|[from] Grassy Terrain\n|-heal|p2a: Dondozo|84\/100|[from] item: Leftovers\n|upkeep\n|turn|5\n|\n|t:|1701202501\n|switch|p1a: Megaman|Armarouge, F|100\/100\n|move|p2a: Dondozo|Protect||[still]\n|-fail|p2a: Dondozo\n|\n|-heal|p2a: Dondozo|90\/100|[from] Grassy Terrain\n|-heal|p2a: Dondozo|97\/100|[from] item: Leftovers\n|upkeep\n|turn|6\n|\n|t:|1701202519\n|move|p1a: Megaman|Energy Ball|p2a: Dondozo\n|-supereffective|p2a: Dondozo\n|-damage|p2a: Dondozo|46\/100\n|move|p2a: Dondozo|Curse|p2a: Dondozo\n|-unboost|p2a: Dondozo|spe|1\n|-boost|p2a: Dondozo|atk|1\n|-boost|p2a: Dondozo|def|1\n|\n|-heal|p2a: Dondozo|52\/100|[from] Grassy Terrain\n|-heal|p2a: Dondozo|58\/100|[from] item: Leftovers\n|upkeep\n|turn|7\n|\n|t:|1701202544\n|-terastallize|p2a: Dondozo|Poison\n|move|p1a: Megaman|Energy Ball|p2a: Dondozo\n|-resisted|p2a: Dondozo\n|-damage|p2a: Dondozo|43\/100\n|move|p2a: Dondozo|Avalanche|p1a: Megaman\n|-resisted|p1a: Megaman\n|-damage|p1a: Megaman|70\/100\n|-ability|p1a: Megaman|Weak Armor|boost\n|-unboost|p1a: Megaman|def|1\n|-boost|p1a: Megaman|spe|2\n|\n|-heal|p1a: Megaman|76\/100|[from] Grassy Terrain\n|-heal|p2a: Dondozo|49\/100|[from] Grassy Terrain\n|-heal|p2a: Dondozo|55\/100|[from] item: Leftovers\n|upkeep\n|turn|8\n|\n|t:|1701202554\n|move|p1a: Megaman|Endure|p1a: Megaman\n|-singleturn|p1a: Megaman|move: Endure\n|move|p2a: Dondozo|Protect||[still]\n|-fail|p2a: Dondozo\n|\n|-heal|p1a: Megaman|82\/100|[from] Grassy Terrain\n|-heal|p2a: Dondozo|62\/100|[from] Grassy Terrain\n|-heal|p2a: Dondozo|68\/100|[from] item: Leftovers\n|-fieldend|move: Grassy Terrain\n|upkeep\n|turn|9\n|\n|t:|1701202558\n|move|p1a: Megaman|Stored Power|p2a: Dondozo\n|-supereffective|p2a: Dondozo\n|-damage|p2a: Dondozo|26\/100\n|move|p2a: Dondozo|Avalanche|p1a: Megaman\n|-resisted|p1a: Megaman\n|-damage|p1a: Megaman|50\/100\n|-ability|p1a: Megaman|Weak Armor|boost\n|-unboost|p1a: Megaman|def|1\n|-boost|p1a: Megaman|spe|2\n|\n|-heal|p2a: Dondozo|32\/100|[from] item: Leftovers\n|upkeep\n|turn|10\n|\n|t:|1701202568\n|move|p2a: Dondozo|Protect|p2a: Dondozo\n|-singleturn|p2a: Dondozo|Protect\n|move|p1a: Megaman|Stored Power|p2a: Dondozo\n|-activate|p2a: Dondozo|move: Protect\n|\n|-heal|p2a: Dondozo|38\/100|[from] item: Leftovers\n|upkeep\n|turn|11\n|\n|t:|1701202578\n|switch|p2a: Braviary|Braviary-Hisui, M, shiny|100\/100\n|move|p1a: Megaman|Stored Power|p2a: Braviary\n|-resisted|p2a: Braviary\n|-damage|p2a: Braviary|72\/100\n|\n|upkeep\n|turn|12\n|\n|t:|1701202581\n|move|p1a: Megaman|Endure|p1a: Megaman\n|-singleturn|p1a: Megaman|move: Endure\n|move|p2a: Braviary|Esper Wing|p1a: Megaman\n|-resisted|p1a: Megaman\n|-crit|p1a: Megaman\n|-activate|p1a: Megaman|move: Endure\n|-damage|p1a: Megaman|1\/100\n|-boost|p2a: Braviary|spe|1\n|\n|upkeep\n|turn|13\n|\n|t:|1701202591\n|move|p1a: Megaman|Armor Cannon|p2a: Braviary\n|-damage|p2a: Braviary|0 fnt\n|-unboost|p1a: Megaman|def|1\n|-unboost|p1a: Megaman|spd|1\n|faint|p2a: Braviary\n|\n|upkeep\n|\n|t:|1701202599\n|switch|p2a: Reuniclus|Reuniclus, F|100\/100\n|turn|14\n|\n|t:|1701202604\n|move|p1a: Megaman|Endure|p1a: Megaman\n|-singleturn|p1a: Megaman|move: Endure\n|move|p2a: Reuniclus|Shadow Ball|p1a: Megaman\n|-supereffective|p1a: Megaman\n|-activate|p1a: Megaman|move: Endure\n|-damage|p1a: Megaman|1\/100\n|-enditem|p1a: Megaman|Weakness Policy\n|-boost|p1a: Megaman|atk|2|[from] item: Weakness Policy\n|-boost|p1a: Megaman|spa|2|[from] item: Weakness Policy\n|\n|upkeep\n|turn|15\n|\n|t:|1701202609\n|move|p1a: Megaman|Armor Cannon|p2a: Reuniclus\n|-damage|p2a: Reuniclus|0 fnt\n|-unboost|p1a: Megaman|def|1\n|-unboost|p1a: Megaman|spd|1\n|faint|p2a: Reuniclus\n|\n|upkeep\n|\n|t:|1701202617\n|switch|p2a: Dondozo|Dondozo, M, tera:Poison|38\/100\n|turn|16\n|c|\u2606IdeaNoExist|you fucked up the cobble generator\n|\n|t:|1701202621\n|move|p1a: Megaman|Stored Power|p2a: Dondozo\n|-supereffective|p2a: Dondozo\n|-damage|p2a: Dondozo|0 fnt\n|faint|p2a: Dondozo\n|\n|upkeep\n|c|\u2606Sei~Karma|Yep XD\n|\n|t:|1701202625\n|switch|p2a: Eiscue|Eiscue, F|100\/100\n|turn|17\n|\n|t:|1701202629\n|move|p1a: Megaman|Armor Cannon|p2a: Eiscue\n|-supereffective|p2a: Eiscue\n|-damage|p2a: Eiscue|0 fnt\n|-unboost|p1a: Megaman|def|1\n|-unboost|p1a: Megaman|spd|1\n|faint|p2a: Eiscue\n|\n|upkeep\n|\n|t:|1701202632\n|switch|p2a: Tsareena|Tsareena, F|100\/100\n|turn|18\n|\n|t:|1701202635\n|move|p1a: Megaman|Armor Cannon|p2a: Tsareena\n|-supereffective|p2a: Tsareena\n|-damage|p2a: Tsareena|0 fnt\n|-unboost|p1a: Megaman|def|1\n|-unboost|p1a: Megaman|spd|1\n|faint|p2a: Tsareena\n|\n|win|IdeaNoExist\n|raw|IdeaNoExist's rating: 1226 &rarr; <strong>1249<\/strong><br \/>(+23 for winning)\n|raw|Sei~Karma's rating: 1202 &rarr; <strong>1179<\/strong><br \/>(-23 for losing)\n|l|\u2606Sei~Karma\n|c|\u2606IdeaNoExist|gg\n|c|\u2606IdeaNoExist|interesting team\n","uploadtime":1701202661,"views":1,"p1id":"ideanoexist","p2id":"seikarma","formatid":"gen9nationaldex","rating":1179,"private":0,"password":""}