{"id":"gen9nationaldex-1996208150","p1":"ghostkinggengar","p2":"Dracaufeu shiny","format":"[Gen 9] National Dex","log":"|html|<div class=\"broadcast-blue\"><strong>[Gen 9] National Dex is currently suspecting Sneasler! For information on how to participate check out the <a href=\"https:\/\/www.smogon.com\/forums\/threads\/sv-national-dex-suspect-8-just-dance.3731534\/\">suspect thread<\/a>.<\/strong><\/div>\n|j|\u2606ghostkinggengar\n|j|\u2606Dracaufeu shiny\n|t:|1700659274\n|gametype|singles\n|player|p1|ghostkinggengar|swimmerf|1729\n|player|p2|Dracaufeu shiny|red|1666\n|teamsize|p1|6\n|teamsize|p2|6\n|gen|9\n|tier|[Gen 9] National Dex\n|rated|\n|rule|HP Percentage Mod: HP is shown in percentages\n|rule|Endless Battle Clause: Forcing endless battles is banned\n|rule|OHKO Clause: OHKO moves are banned\n|rule|Evasion Clause: Evasion abilities, items, and moves are banned\n|rule|Evasion Abilities Clause: Evasion abilities are banned\n|rule|Evasion Items Clause: Evasion items are banned\n|rule|Evasion Moves Clause: Evasion moves are banned\n|rule|Species Clause: Limit one of each Pok\u00e9mon\n|rule|Sleep Clause Mod: Limit one foe put to sleep\n|clearpoke\n|poke|p1|Slowbro, F|\n|poke|p1|Ursaluna, F|\n|poke|p1|Blacephalon|\n|poke|p1|Gyarados, M|\n|poke|p1|Empoleon, M|\n|poke|p1|Garchomp, F|\n|poke|p2|Urshifu-*, F|\n|poke|p2|Samurott-Hisui, F|\n|poke|p2|Diancie|\n|poke|p2|Iron Valiant|\n|poke|p2|Landorus-Therian, M|\n|poke|p2|Dragonite, F|\n|teampreview\n|inactive|Battle timer is ON: inactive players will automatically lose when time's up. (requested by Dracaufeu shiny)\n|\n|t:|1700659286\n|start\n|switch|p1a: Garchomp|Garchomp, F|100\/100\n|switch|p2a: Diancie|Diancie|100\/100\n|turn|1\n|\n|t:|1700659290\n|switch|p1a: Empoleon|Empoleon, M|100\/100\n|detailschange|p2a: Diancie|Diancie-Mega\n|-mega|p2a: Diancie|Diancie|Diancite\n|move|p2a: Diancie|Moonblast|p1a: Empoleon\n|-resisted|p1a: Empoleon\n|-damage|p1a: Empoleon|81\/100\n|\n|-heal|p1a: Empoleon|87\/100|[from] item: Leftovers\n|upkeep\n|turn|2\n|\n|t:|1700659294\n|move|p2a: Diancie|Stealth Rock|p1a: Empoleon\n|-sidestart|p1: ghostkinggengar|move: Stealth Rock\n|move|p1a: Empoleon|Scald|p2a: Diancie\n|-supereffective|p2a: Diancie\n|-damage|p2a: Diancie|18\/100\n|\n|-heal|p1a: Empoleon|93\/100|[from] item: Leftovers\n|upkeep\n|turn|3\n|\n|t:|1700659302\n|switch|p2a: Samurott|Samurott-Hisui, F|100\/100\n|move|p1a: Empoleon|Defog|p2a: Samurott\n|-unboost|p2a: Samurott|evasion|1\n|-sideend|p1: ghostkinggengar|Stealth Rock|[from] move: Defog|[of] p1a: Empoleon\n|\n|-heal|p1a: Empoleon|99\/100|[from] item: Leftovers\n|upkeep\n|turn|4\n|\n|t:|1700659318\n|switch|p1a: Garchomp|Garchomp, F|100\/100\n|move|p2a: Samurott|Ceaseless Edge|p1a: Garchomp\n|-crit|p1a: Garchomp\n|-damage|p1a: Garchomp|6\/100\n|-damage|p2a: Samurott|88\/100|[from] ability: Rough Skin|[of] p1a: Garchomp\n|-sidestart|p1: ghostkinggengar|Spikes\n|\n|upkeep\n|turn|5\n|\n|t:|1700659325\n|-zpower|p1a: Garchomp\n|move|p1a: Garchomp|Devastating Drake|p2a: Samurott|[zeffect]\n|-damage|p2a: Samurott|0 fnt\n|faint|p2a: Samurott\n|\n|upkeep\n|\n|t:|1700659328\n|switch|p2a: Diancie|Diancie-Mega|18\/100\n|turn|6\n|\n|t:|1700659335\n|move|p2a: Diancie|Mystical Fire|p1a: Garchomp\n|-resisted|p1a: Garchomp\n|-damage|p1a: Garchomp|0 fnt\n|faint|p1a: Garchomp\n|\n|upkeep\n|\n|t:|1700659344\n|switch|p1a: Blacephalon|Blacephalon|100\/100\n|-damage|p1a: Blacephalon|88\/100|[from] Spikes\n|turn|7\n|\n|t:|1700659346\n|move|p1a: Blacephalon|Shadow Ball|p2a: Diancie\n|-damage|p2a: Diancie|0 fnt\n|faint|p2a: Diancie\n|-ability|p1a: Blacephalon|Beast Boost|boost\n|-boost|p1a: Blacephalon|spa|1\n|\n|upkeep\n|\n|t:|1700659351\n|switch|p2a: Dragonite|Dragonite, F|100\/100\n|turn|8\n|\n|t:|1700659356\n|move|p1a: Blacephalon|Shadow Ball|p2a: Dragonite\n|-crit|p2a: Dragonite\n|-damage|p2a: Dragonite|41\/100\n|move|p2a: Dragonite|Earthquake|p1a: Blacephalon\n|-supereffective|p1a: Blacephalon\n|-damage|p1a: Blacephalon|0 fnt\n|faint|p1a: Blacephalon\n|\n|upkeep\n|\n|t:|1700659366\n|switch|p1a: Slowbro|Slowbro, F|100\/100\n|-damage|p1a: Slowbro|88\/100|[from] Spikes\n|turn|9\n|j| hainiumm\n|\n|t:|1700659376\n|switch|p2a: Landorus|Landorus-Therian, M|100\/100\n|-ability|p2a: Landorus|Intimidate|boost\n|-unboost|p1a: Slowbro|atk|1\n|move|p1a: Slowbro|Trick Room|p1a: Slowbro\n|-fieldstart|move: Trick Room|[of] p1a: Slowbro\n|\n|upkeep\n|turn|10\n|\n|t:|1700659382\n|move|p2a: Landorus|U-turn|p1a: Slowbro\n|-supereffective|p1a: Slowbro\n|-damage|p1a: Slowbro|40\/100\n|-damage|p2a: Landorus|84\/100|[from] item: Rocky Helmet|[of] p1a: Slowbro\n|\n|t:|1700659391\n|switch|p2a: Dragonite|Dragonite, F|41\/100|[from] U-turn\n|move|p1a: Slowbro|Teleport|p1a: Slowbro\n|\n|t:|1700659395\n|switch|p1a: Ursaluna|Ursaluna, F|100\/100|[from] Teleport\n|-damage|p1a: Ursaluna|88\/100|[from] Spikes\n|\n|-status|p1a: Ursaluna|brn|[from] item: Flame Orb\n|upkeep\n|turn|11\n|\n|t:|1700659398\n|-terastallize|p1a: Ursaluna|Normal\n|move|p2a: Dragonite|Extreme Speed|p1a: Ursaluna\n|-damage|p1a: Ursaluna|65\/100 brn\n|move|p1a: Ursaluna|Facade|p2a: Dragonite\n|-damage|p2a: Dragonite|0 fnt\n|faint|p2a: Dragonite\n|\n|-damage|p1a: Ursaluna|58\/100 brn|[from] brn\n|upkeep\n|\n|t:|1700659404\n|switch|p2a: Landorus|Landorus-Therian, M|84\/100\n|-ability|p2a: Landorus|Intimidate|boost\n|-unboost|p1a: Ursaluna|atk|1\n|turn|12\n|\n|t:|1700659409\n|move|p1a: Ursaluna|Facade|p2a: Landorus\n|-damage|p2a: Landorus|0 fnt\n|faint|p2a: Landorus\n|\n|-damage|p1a: Ursaluna|52\/100 brn|[from] brn\n|upkeep\n|\n|t:|1700659413\n|switch|p2a: Iron Valiant|Iron Valiant|100\/100\n|-enditem|p2a: Iron Valiant|Booster Energy\n|-activate|p2a: Iron Valiant|ability: Quark Drive|[fromitem]\n|-start|p2a: Iron Valiant|quarkdrivespe\n|turn|13\n|\n|t:|1700659417\n|-terastallize|p2a: Iron Valiant|Steel\n|move|p1a: Ursaluna|Facade|p2a: Iron Valiant\n|-resisted|p2a: Iron Valiant\n|-damage|p2a: Iron Valiant|26\/100\n|move|p2a: Iron Valiant|Close Combat|p1a: Ursaluna\n|-supereffective|p1a: Ursaluna\n|-damage|p1a: Ursaluna|0 fnt\n|-unboost|p2a: Iron Valiant|def|1\n|-unboost|p2a: Iron Valiant|spd|1\n|faint|p1a: Ursaluna\n|\n|-fieldend|move: Trick Room\n|upkeep\n|\n|t:|1700659429\n|switch|p1a: Gyarados|Gyarados, M|100\/100\n|-ability|p1a: Gyarados|Intimidate|boost\n|-unboost|p2a: Iron Valiant|atk|1\n|turn|14\n|\n|t:|1700659433\n|move|p2a: Iron Valiant|Destiny Bond|p2a: Iron Valiant\n|-singlemove|p2a: Iron Valiant|Destiny Bond\n|move|p1a: Gyarados|Waterfall|p2a: Iron Valiant\n|-damage|p2a: Iron Valiant|0 fnt\n|faint|p2a: Iron Valiant\n|-activate|p2a: Iron Valiant|move: Destiny Bond\n|-end|p2a: Iron Valiant|Quark Drive|[silent]\n|faint|p1a: Gyarados\n|\n|upkeep\n|\n|t:|1700659441\n|switch|p2a: Urshifu|Urshifu-Rapid-Strike, F|100\/100\n|switch|p1a: Slowbro|Slowbro, F|73\/100\n|-damage|p1a: Slowbro|61\/100|[from] Spikes\n|turn|15\n|\n|t:|1700659447\n|switch|p1a: Empoleon|Empoleon, M|99\/100\n|-damage|p1a: Empoleon|87\/100|[from] Spikes\n|move|p2a: Urshifu|Close Combat|p1a: Empoleon\n|-supereffective|p1a: Empoleon\n|-damage|p1a: Empoleon|0 fnt\n|-unboost|p2a: Urshifu|def|1\n|-unboost|p2a: Urshifu|spd|1\n|faint|p1a: Empoleon\n|\n|upkeep\n|\n|t:|1700659454\n|switch|p1a: Slowbro|Slowbro, F|94\/100\n|-damage|p1a: Slowbro|81\/100|[from] Spikes\n|turn|16\n|\n|t:|1700659456\n|move|p2a: Urshifu|Close Combat|p1a: Slowbro\n|-resisted|p1a: Slowbro\n|-damage|p1a: Slowbro|63\/100\n|-unboost|p2a: Urshifu|def|1\n|-unboost|p2a: Urshifu|spd|1\n|-damage|p2a: Urshifu|84\/100|[from] item: Rocky Helmet|[of] p1a: Slowbro\n|move|p1a: Slowbro|Future Sight|p2a: Urshifu\n|-start|p1a: Slowbro|move: Future Sight\n|\n|upkeep\n|turn|17\n|\n|t:|1700659462\n|move|p2a: Urshifu|Close Combat|p1a: Slowbro\n|-resisted|p1a: Slowbro\n|-damage|p1a: Slowbro|45\/100\n|-unboost|p2a: Urshifu|def|1\n|-unboost|p2a: Urshifu|spd|1\n|-damage|p2a: Urshifu|68\/100|[from] item: Rocky Helmet|[of] p1a: Slowbro\n|move|p1a: Slowbro|Trick Room|p1a: Slowbro\n|-fieldstart|move: Trick Room|[of] p1a: Slowbro\n|\n|upkeep\n|turn|18\n|\n|t:|1700659466\n|move|p1a: Slowbro|Scald|p2a: Urshifu\n|-resisted|p2a: Urshifu\n|-damage|p2a: Urshifu|13\/100\n|move|p2a: Urshifu|Close Combat|p1a: Slowbro\n|-resisted|p1a: Slowbro\n|-damage|p1a: Slowbro|26\/100\n|-unboost|p2a: Urshifu|def|1\n|-unboost|p2a: Urshifu|spd|1\n|-damage|p2a: Urshifu|0 fnt|[from] item: Rocky Helmet|[of] p1a: Slowbro\n|faint|p2a: Urshifu\n|\n|win|ghostkinggengar\n|raw|ghostkinggengar's rating: 1729 &rarr; <strong>1745<\/strong><br \/>(+16 for winning)\n|raw|Dracaufeu shiny's rating: 1666 &rarr; <strong>1650<\/strong><br \/>(-16 for losing)\n|j| ZacianHero160\n|l|\u2606Dracaufeu shiny\n|l| hainiumm\n|l| ZacianHero160\n","uploadtime":1700659478,"views":0,"p1id":"ghostkinggengar","p2id":"dracaufeushiny","formatid":"gen9nationaldex","rating":1650,"private":0,"password":""}