{"id":"gen9nationaldex-1987719822","p1":"cliffy91","p2":"Bitana","format":"[Gen 9] National Dex","log":"|j|\u2606cliffy91\n|j|\u2606Bitana\n|t:|1699630720\n|gametype|singles\n|player|p1|cliffy91|lucas|1731\n|player|p2|Bitana|red-gen2|1773\n|teamsize|p1|6\n|teamsize|p2|6\n|gen|9\n|tier|[Gen 9] National Dex\n|rated|\n|rule|HP Percentage Mod: HP is shown in percentages\n|rule|Endless Battle Clause: Forcing endless battles is banned\n|rule|OHKO Clause: OHKO moves are banned\n|rule|Evasion Clause: Evasion abilities, items, and moves are banned\n|rule|Evasion Abilities Clause: Evasion abilities are banned\n|rule|Evasion Items Clause: Evasion items are banned\n|rule|Evasion Moves Clause: Evasion moves are banned\n|rule|Species Clause: Limit one of each Pok\u00e9mon\n|rule|Sleep Clause Mod: Limit one foe put to sleep\n|clearpoke\n|poke|p1|Victini|\n|poke|p1|Skarmory, M|\n|poke|p1|Latios, M|\n|poke|p1|Breloom, M|\n|poke|p1|Thundurus-Therian, M|\n|poke|p1|Milotic, M|\n|poke|p2|Dragonite, M|\n|poke|p2|Tyranitar, M|\n|poke|p2|Metagross|\n|poke|p2|Garchomp, F|\n|poke|p2|Hydreigon, M|\n|poke|p2|Kommo-o, F|\n|teampreview\n|inactive|Battle timer is ON: inactive players will automatically lose when time's up. (requested by cliffy91)\n|c|\u2606Bitana|hf\n|inactive|Bitana has 120 seconds left.\n|\n|t:|1699630764\n|start\n|switch|p1a: Latios|Latios, M|100\/100\n|switch|p2a: From Green n' Blue|Tyranitar, M|100\/100\n|-weather|Sandstorm|[from] ability: Sand Stream|[of] p2a: From Green n' Blue\n|turn|1\n|\n|t:|1699630777\n|switch|p2a: The Blue Cross|Metagross|100\/100\n|detailschange|p1a: Latios|Latios-Mega, M\n|-mega|p1a: Latios|Latios|Latiosite\n|move|p1a: Latios|Aura Sphere|p2a: The Blue Cross\n|-damage|p2a: The Blue Cross|76\/100\n|\n|-weather|Sandstorm|[upkeep]\n|-damage|p1a: Latios|95\/100|[from] Sandstorm\n|upkeep\n|turn|2\n|\n|t:|1699630786\n|switch|p1a: Skarmory|Skarmory, M|100\/100\n|move|p2a: The Blue Cross|Ice Punch|p1a: Skarmory\n|-damage|p1a: Skarmory|84\/100\n|\n|-weather|Sandstorm|[upkeep]\n|-heal|p1a: Skarmory|90\/100|[from] item: Leftovers\n|upkeep\n|turn|3\n|\n|t:|1699630798\n|switch|p2a: Kommo-o|Kommo-o, F|100\/100\n|move|p1a: Skarmory|Stealth Rock|p2a: Kommo-o\n|-sidestart|p2: Bitana|move: Stealth Rock\n|\n|-weather|Sandstorm|[upkeep]\n|-damage|p2a: Kommo-o|94\/100|[from] Sandstorm\n|-heal|p1a: Skarmory|96\/100|[from] item: Leftovers\n|upkeep\n|turn|4\n|\n|t:|1699630807\n|switch|p1a: Milotic|Milotic, M|100\/100\n|move|p2a: Kommo-o|Flamethrower|p1a: Milotic\n|-resisted|p1a: Milotic\n|-damage|p1a: Milotic|93\/100\n|-status|p1a: Milotic|brn\n|\n|-weather|Sandstorm|[upkeep]\n|-damage|p2a: Kommo-o|88\/100|[from] Sandstorm\n|-damage|p1a: Milotic|87\/100 brn|[from] Sandstorm\n|-heal|p1a: Milotic|93\/100 brn|[from] item: Leftovers\n|-damage|p1a: Milotic|87\/100 brn|[from] brn\n|upkeep\n|turn|5\n|j| Tguutt\n|\n|t:|1699630830\n|move|p2a: Kommo-o|Clangorous Soul|p2a: Kommo-o\n|-boost|p2a: Kommo-o|atk|1\n|-boost|p2a: Kommo-o|def|1\n|-boost|p2a: Kommo-o|spa|1\n|-boost|p2a: Kommo-o|spd|1\n|-boost|p2a: Kommo-o|spe|1\n|-damage|p2a: Kommo-o|55\/100\n|-enditem|p2a: Kommo-o|Throat Spray\n|-boost|p2a: Kommo-o|spa|1|[from] item: Throat Spray\n|move|p1a: Milotic|Toxic|p2a: Kommo-o\n|-status|p2a: Kommo-o|tox\n|\n|-weather|none\n|-heal|p1a: Milotic|93\/100 brn|[from] item: Leftovers\n|-damage|p2a: Kommo-o|49\/100 tox|[from] psn\n|-damage|p1a: Milotic|87\/100 brn|[from] brn\n|upkeep\n|turn|6\n|\n|t:|1699630846\n|move|p2a: Kommo-o|Clanging Scales|p1a: Milotic\n|-damage|p1a: Milotic|33\/100 brn\n|-unboost|p2a: Kommo-o|def|1\n|move|p1a: Milotic|Haze|p1a: Milotic\n|-clearallboost\n|\n|-heal|p1a: Milotic|39\/100 brn|[from] item: Leftovers\n|-damage|p2a: Kommo-o|37\/100 tox|[from] psn\n|-damage|p1a: Milotic|33\/100 brn|[from] brn\n|upkeep\n|turn|7\n|\n|t:|1699630857\n|switch|p2a: From Green n' Blue|Tyranitar, M|100\/100\n|-damage|p2a: From Green n' Blue|88\/100|[from] Stealth Rock\n|-weather|Sandstorm|[from] ability: Sand Stream|[of] p2a: From Green n' Blue\n|move|p1a: Milotic|Recover|p1a: Milotic\n|-heal|p1a: Milotic|83\/100 brn\n|\n|-weather|Sandstorm|[upkeep]\n|-damage|p1a: Milotic|77\/100 brn|[from] Sandstorm\n|-heal|p1a: Milotic|83\/100 brn|[from] item: Leftovers\n|-damage|p1a: Milotic|77\/100 brn|[from] brn\n|upkeep\n|turn|8\n|\n|t:|1699630869\n|switch|p1a: Skarmory|Skarmory, M|96\/100\n|move|p2a: From Green n' Blue|Knock Off|p1a: Skarmory\n|-damage|p1a: Skarmory|47\/100\n|-enditem|p1a: Skarmory|Leftovers|[from] move: Knock Off|[of] p2a: From Green n' Blue\n|\n|-weather|Sandstorm|[upkeep]\n|upkeep\n|turn|9\n|\n|t:|1699630876\n|switch|p2a: Game Shark Sweeps|Garchomp, F|100\/100\n|-damage|p2a: Game Shark Sweeps|94\/100|[from] Stealth Rock\n|move|p1a: Skarmory|Roost|p1a: Skarmory\n|-heal|p1a: Skarmory|97\/100\n|-singleturn|p1a: Skarmory|move: Roost\n|\n|-weather|Sandstorm|[upkeep]\n|upkeep\n|turn|10\n|\n|t:|1699630884\n|move|p2a: Game Shark Sweeps|Stealth Rock|p1a: Skarmory\n|-sidestart|p1: cliffy91|move: Stealth Rock\n|move|p1a: Skarmory|Body Press|p2a: Game Shark Sweeps\n|-damage|p2a: Game Shark Sweeps|62\/100\n|-damage|p1a: Skarmory|84\/100|[from] ability: Rough Skin|[of] p2a: Game Shark Sweeps\n|\n|-weather|Sandstorm|[upkeep]\n|upkeep\n|turn|11\n|\n|t:|1699630891\n|move|p2a: Game Shark Sweeps|Swords Dance|p2a: Game Shark Sweeps\n|-boost|p2a: Game Shark Sweeps|atk|2\n|move|p1a: Skarmory|Body Press|p2a: Game Shark Sweeps\n|-damage|p2a: Game Shark Sweeps|33\/100\n|-damage|p1a: Skarmory|72\/100|[from] ability: Rough Skin|[of] p2a: Game Shark Sweeps\n|\n|-weather|none\n|upkeep\n|turn|12\n|inactive|Bitana has 120 seconds left.\n|\n|t:|1699630922\n|move|p2a: Game Shark Sweeps|Swords Dance|p2a: Game Shark Sweeps\n|-boost|p2a: Game Shark Sweeps|atk|2\n|move|p1a: Skarmory|Roost|p1a: Skarmory\n|-heal|p1a: Skarmory|100\/100\n|-singleturn|p1a: Skarmory|move: Roost\n|\n|upkeep\n|turn|13\n|\n|t:|1699630932\n|move|p2a: Game Shark Sweeps|Aqua Tail|p1a: Skarmory\n|-damage|p1a: Skarmory|45\/100\n|move|p1a: Skarmory|Whirlwind|p2a: Game Shark Sweeps\n|drag|p2a: Vaporize 'em|Dragonite, M|100\/100\n|\n|upkeep\n|turn|14\n|\n|t:|1699630938\n|switch|p2a: No Repentance|Hydreigon, M|100\/100\n|-damage|p2a: No Repentance|88\/100|[from] Stealth Rock\n|move|p1a: Skarmory|Roost|p1a: Skarmory\n|-heal|p1a: Skarmory|95\/100\n|-singleturn|p1a: Skarmory|move: Roost\n|\n|upkeep\n|turn|15\n|\n|t:|1699630946\n|switch|p1a: Milotic|Milotic, M|77\/100 brn\n|-damage|p1a: Milotic|65\/100 brn|[from] Stealth Rock\n|move|p2a: No Repentance|Fire Blast|p1a: Milotic\n|-resisted|p1a: Milotic\n|-damage|p1a: Milotic|53\/100 brn\n|\n|-heal|p1a: Milotic|59\/100 brn|[from] item: Leftovers\n|-damage|p1a: Milotic|53\/100 brn|[from] brn\n|upkeep\n|turn|16\n|\n|t:|1699630956\n|switch|p2a: From Green n' Blue|Tyranitar, M|88\/100\n|-damage|p2a: From Green n' Blue|76\/100|[from] Stealth Rock\n|-weather|Sandstorm|[from] ability: Sand Stream|[of] p2a: From Green n' Blue\n|move|p1a: Milotic|Recover|p1a: Milotic\n|-heal|p1a: Milotic|100\/100 brn\n|\n|-weather|Sandstorm|[upkeep]\n|-damage|p1a: Milotic|94\/100 brn|[from] Sandstorm\n|-heal|p1a: Milotic|100\/100 brn|[from] item: Leftovers\n|-damage|p1a: Milotic|94\/100 brn|[from] brn\n|upkeep\n|turn|17\n|\n|t:|1699630967\n|move|p2a: From Green n' Blue|Stone Edge|p1a: Milotic\n|-damage|p1a: Milotic|0 fnt\n|faint|p1a: Milotic\n|\n|-weather|Sandstorm|[upkeep]\n|upkeep\n|\n|t:|1699630977\n|switch|p1a: Breloom|Breloom, M|100\/100\n|-damage|p1a: Breloom|94\/100|[from] Stealth Rock\n|turn|18\n|\n|t:|1699630982\n|switch|p2a: Game Shark Sweeps|Garchomp, F|33\/100\n|-damage|p2a: Game Shark Sweeps|27\/100|[from] Stealth Rock\n|move|p1a: Breloom|Spore|p2a: Game Shark Sweeps\n|-status|p2a: Game Shark Sweeps|slp|[from] move: Spore\n|\n|-weather|Sandstorm|[upkeep]\n|-damage|p1a: Breloom|88\/100|[from] Sandstorm\n|upkeep\n|turn|19\n|\n|t:|1699630990\n|switch|p2a: The Blue Cross|Metagross|76\/100\n|-damage|p2a: The Blue Cross|70\/100|[from] Stealth Rock\n|move|p1a: Breloom|Bullet Seed|p2a: The Blue Cross\n|-resisted|p2a: The Blue Cross\n|-crit|p2a: The Blue Cross\n|-damage|p2a: The Blue Cross|59\/100\n|-resisted|p2a: The Blue Cross\n|-damage|p2a: The Blue Cross|52\/100\n|-resisted|p2a: The Blue Cross\n|-damage|p2a: The Blue Cross|44\/100\n|-resisted|p2a: The Blue Cross\n|-damage|p2a: The Blue Cross|37\/100\n|-resisted|p2a: The Blue Cross\n|-crit|p2a: The Blue Cross\n|-damage|p2a: The Blue Cross|25\/100\n|-hitcount|p2a: The Blue Cross|5\n|\n|-weather|Sandstorm|[upkeep]\n|-damage|p1a: Breloom|82\/100|[from] Sandstorm\n|upkeep\n|turn|20\n|\n|t:|1699631005\n|move|p2a: The Blue Cross|Bullet Punch|p1a: Breloom\n|-damage|p1a: Breloom|46\/100\n|move|p1a: Breloom|Bullet Seed|p2a: The Blue Cross\n|-resisted|p2a: The Blue Cross\n|-damage|p2a: The Blue Cross|18\/100\n|-resisted|p2a: The Blue Cross\n|-damage|p2a: The Blue Cross|11\/100\n|-resisted|p2a: The Blue Cross\n|-damage|p2a: The Blue Cross|4\/100\n|-resisted|p2a: The Blue Cross\n|-damage|p2a: The Blue Cross|0 fnt\n|faint|p2a: The Blue Cross\n|-hitcount|p2: The Blue Cross|4\n|\n|-weather|none\n|upkeep\n|\n|t:|1699631010\n|switch|p2a: Vaporize 'em|Dragonite, M|100\/100\n|turn|21\n|\n|t:|1699631019\n|switch|p1a: Skarmory|Skarmory, M|95\/100\n|-damage|p1a: Skarmory|83\/100|[from] Stealth Rock\n|move|p2a: Vaporize 'em|Ice Spinner|p1a: Skarmory\n|-damage|p1a: Skarmory|65\/100\n|\n|upkeep\n|turn|22\n|\n|t:|1699631029\n|switch|p2a: Kommo-o|Kommo-o, F|37\/100 tox\n|-damage|p2a: Kommo-o|30\/100 tox|[from] Stealth Rock\n|move|p1a: Skarmory|Body Press|p2a: Kommo-o\n|-damage|p2a: Kommo-o|0 fnt\n|faint|p2a: Kommo-o\n|\n|upkeep\n|\n|t:|1699631034\n|switch|p2a: No Repentance|Hydreigon, M|88\/100\n|-damage|p2a: No Repentance|76\/100|[from] Stealth Rock\n|turn|23\n|\n|t:|1699631048\n|switch|p1a: Latios|Latios-Mega, M|95\/100\n|-damage|p1a: Latios|82\/100|[from] Stealth Rock\n|move|p2a: No Repentance|Dark Pulse|p1a: Latios\n|-supereffective|p1a: Latios\n|-damage|p1a: Latios|0 fnt\n|faint|p1a: Latios\n|\n|upkeep\n|\n|t:|1699631056\n|switch|p1a: Thundurus|Thundurus-Therian, M|100\/100\n|turn|24\n|\n|t:|1699631062\n|-terastallize|p2a: No Repentance|Fire\n|move|p2a: No Repentance|Dark Pulse|p1a: Thundurus\n|-damage|p1a: Thundurus|40\/100\n|move|p1a: Thundurus|Focus Blast|p2a: No Repentance\n|-damage|p2a: No Repentance|22\/100\n|\n|upkeep\n|turn|25\n|\n|t:|1699631078\n|move|p2a: No Repentance|Dark Pulse|p1a: Thundurus\n|-damage|p1a: Thundurus|0 fnt\n|faint|p1a: Thundurus\n|\n|upkeep\n|\n|t:|1699631092\n|switch|p1a: Breloom|Breloom, M|46\/100\n|-damage|p1a: Breloom|40\/100|[from] Stealth Rock\n|turn|26\n|\n|t:|1699631099\n|switch|p2a: Game Shark Sweeps|Garchomp, F|27\/100 slp\n|-damage|p2a: Game Shark Sweeps|20\/100 slp|[from] Stealth Rock\n|move|p1a: Breloom|Mach Punch|p2a: Game Shark Sweeps\n|-damage|p2a: Game Shark Sweeps|0 fnt\n|-damage|p1a: Breloom|28\/100|[from] ability: Rough Skin|[of] p2a: Game Shark Sweeps\n|faint|p2a: Game Shark Sweeps\n|\n|upkeep\n|\n|t:|1699631101\n|switch|p2a: Vaporize 'em|Dragonite, M|100\/100\n|turn|27\n|\n|t:|1699631111\n|switch|p2a: From Green n' Blue|Tyranitar, M|76\/100\n|-damage|p2a: From Green n' Blue|64\/100|[from] Stealth Rock\n|-weather|Sandstorm|[from] ability: Sand Stream|[of] p2a: From Green n' Blue\n|switch|p1a: Skarmory|Skarmory, M|65\/100\n|-damage|p1a: Skarmory|53\/100|[from] Stealth Rock\n|\n|-weather|Sandstorm|[upkeep]\n|upkeep\n|turn|28\n|\n|t:|1699631120\n|move|p2a: From Green n' Blue|Stone Edge|p1a: Skarmory|[miss]\n|-miss|p2a: From Green n' Blue|p1a: Skarmory\n|move|p1a: Skarmory|Roost|p1a: Skarmory\n|-heal|p1a: Skarmory|100\/100\n|-singleturn|p1a: Skarmory|move: Roost\n|\n|-weather|Sandstorm|[upkeep]\n|upkeep\n|turn|29\n|c|\u2606Bitana|fuck this fucking game\n|c|\u2606Bitana|I got it right and got punished\n|\n|t:|1699631133\n|move|p2a: From Green n' Blue|Stone Edge|p1a: Skarmory|[miss]\n|-miss|p2a: From Green n' Blue|p1a: Skarmory\n|move|p1a: Skarmory|Whirlwind|p2a: From Green n' Blue\n|drag|p2a: Vaporize 'em|Dragonite, M|100\/100\n|\n|-weather|Sandstorm|[upkeep]\n|-damage|p2a: Vaporize 'em|94\/100|[from] Sandstorm\n|upkeep\n|turn|30\n|c|\u2606Bitana|lol.\n|-message|Bitana forfeited.\n|\n|win|cliffy91\n|raw|cliffy91's rating: 1731 &rarr; <strong>1753<\/strong><br \/>(+22 for winning)\n|raw|Bitana's rating: 1773 &rarr; <strong>1751<\/strong><br \/>(-22 for losing)\n","uploadtime":1699631126,"views":7,"p1id":"cliffy91","p2id":"bitana","formatid":"gen9nationaldex","rating":1751,"private":0,"password":""}