{"id":"gen9nationaldex-1988870792","p1":"jxjsjfdoso","p2":"Riddged","format":"[Gen 9] National Dex","log":"|j|\u2606jxjsjfdoso\n|j|\u2606Riddged\n|t:|1699777890\n|gametype|singles\n|player|p1|jxjsjfdoso|101|1040\n|player|p2|Riddged|iris|1010\n|teamsize|p1|6\n|teamsize|p2|6\n|gen|9\n|tier|[Gen 9] National Dex\n|rated|\n|rule|HP Percentage Mod: HP is shown in percentages\n|rule|Endless Battle Clause: Forcing endless battles is banned\n|rule|OHKO Clause: OHKO moves are banned\n|rule|Evasion Clause: Evasion abilities, items, and moves are banned\n|rule|Evasion Abilities Clause: Evasion abilities are banned\n|rule|Evasion Items Clause: Evasion items are banned\n|rule|Evasion Moves Clause: Evasion moves are banned\n|rule|Species Clause: Limit one of each Pok\u00e9mon\n|rule|Sleep Clause Mod: Limit one foe put to sleep\n|clearpoke\n|poke|p1|Mawile, F|\n|poke|p1|Volcarona, F|\n|poke|p1|Landorus-Therian, M|\n|poke|p1|Umbreon, M|\n|poke|p1|Samurott-Hisui, F|\n|poke|p1|Gengar, M|\n|poke|p2|Charizard, M|\n|poke|p2|Frosmoth, F|\n|poke|p2|Hatterene, F|\n|poke|p2|Tyranitar, M|\n|poke|p2|Conkeldurr, F|\n|poke|p2|Magnezone|\n|teampreview\n|\n|t:|1699777903\n|start\n|switch|p1a: Gengar|Gengar, M|100\/100\n|switch|p2a: Conkeldurr|Conkeldurr, F|100\/100\n|turn|1\n|\n|t:|1699777914\n|move|p1a: Gengar|Shadow Ball|p2a: Conkeldurr\n|-damage|p2a: Conkeldurr|43\/100\n|-damage|p1a: Gengar|91\/100|[from] item: Life Orb\n|move|p2a: Conkeldurr|Taunt|p1a: Gengar\n|-start|p1a: Gengar|move: Taunt\n|\n|upkeep\n|turn|2\n|\n|t:|1699777928\n|switch|p2a: Tyranitar|Tyranitar, M|100\/100\n|-weather|Sandstorm|[from] ability: Sand Stream|[of] p2a: Tyranitar\n|move|p1a: Gengar|Shadow Ball|p2a: Tyranitar\n|-resisted|p2a: Tyranitar\n|-damage|p2a: Tyranitar|86\/100\n|-damage|p1a: Gengar|81\/100|[from] item: Life Orb\n|\n|-weather|Sandstorm|[upkeep]\n|-damage|p1a: Gengar|74\/100|[from] Sandstorm\n|upkeep\n|turn|3\n|\n|t:|1699777937\n|switch|p1a: Landorus|Landorus-Therian, M|100\/100\n|-ability|p1a: Landorus|Intimidate|boost\n|-unboost|p2a: Tyranitar|atk|1\n|move|p2a: Tyranitar|Knock Off|p1a: Landorus\n|-damage|p1a: Landorus|77\/100\n|-damage|p2a: Tyranitar|70\/100|[from] item: Rocky Helmet|[of] p1a: Landorus\n|-enditem|p1a: Landorus|Rocky Helmet|[from] move: Knock Off|[of] p2a: Tyranitar\n|\n|-weather|Sandstorm|[upkeep]\n|upkeep\n|turn|4\n|\n|t:|1699777952\n|move|p1a: Landorus|Earthquake|p2a: Tyranitar\n|-supereffective|p2a: Tyranitar\n|-crit|p2a: Tyranitar\n|-damage|p2a: Tyranitar|0 fnt\n|faint|p2a: Tyranitar\n|\n|-weather|Sandstorm|[upkeep]\n|upkeep\n|\n|t:|1699777963\n|switch|p2a: Hatterene|Hatterene, F|100\/100\n|turn|5\n|\n|t:|1699777971\n|move|p1a: Landorus|U-turn|p2a: Hatterene\n|-damage|p2a: Hatterene|75\/100\n|\n|t:|1699777976\n|switch|p1a: Samurott|Samurott-Hisui, F|100\/100|[from] U-turn\n|move|p2a: Hatterene|Attract|p1a: Samurott\n|-immune|p1a: Samurott\n|\n|-weather|Sandstorm|[upkeep]\n|-damage|p1a: Samurott|94\/100|[from] Sandstorm\n|-damage|p2a: Hatterene|69\/100|[from] Sandstorm\n|-heal|p2a: Hatterene|75\/100|[from] item: Leftovers\n|upkeep\n|turn|6\n|\n|t:|1699777991\n|switch|p2a: Charizard|Charizard, M|100\/100\n|-terastallize|p1a: Samurott|Water\n|move|p1a: Samurott|Aqua Cutter|p2a: Charizard\n|-supereffective|p2a: Charizard\n|-crit|p2a: Charizard\n|-damage|p2a: Charizard|0 fnt\n|faint|p2a: Charizard\n|\n|-weather|none\n|upkeep\n|\n|t:|1699777994\n|switch|p2a: Magnezone|Magnezone|100\/100\n|turn|7\n|\n|t:|1699778001\n|move|p1a: Samurott|Aqua Cutter|p2a: Magnezone\n|-damage|p2a: Magnezone|38\/100\n|move|p2a: Magnezone|Tri Attack|p1a: Samurott\n|-damage|p1a: Samurott|42\/100\n|\n|-heal|p2a: Magnezone|45\/100|[from] item: Leftovers\n|upkeep\n|turn|8\n|\n|t:|1699778007\n|move|p1a: Samurott|Aqua Cutter|p2a: Magnezone\n|-damage|p2a: Magnezone|0 fnt\n|faint|p2a: Magnezone\n|\n|upkeep\n|\n|t:|1699778010\n|switch|p2a: Frosmoth|Frosmoth, F|100\/100\n|turn|9\n|\n|t:|1699778014\n|move|p1a: Samurott|Aqua Cutter|p2a: Frosmoth\n|-damage|p2a: Frosmoth|10\/100\n|move|p2a: Frosmoth|Quiver Dance|p2a: Frosmoth\n|-boost|p2a: Frosmoth|spa|1\n|-boost|p2a: Frosmoth|spd|1\n|-boost|p2a: Frosmoth|spe|1\n|\n|upkeep\n|turn|10\n|\n|t:|1699778019\n|move|p1a: Samurott|Aqua Cutter|p2a: Frosmoth\n|-damage|p2a: Frosmoth|0 fnt\n|faint|p2a: Frosmoth\n|\n|upkeep\n|\n|t:|1699778022\n|switch|p2a: Hatterene|Hatterene, F|75\/100\n|turn|11\n|\n|t:|1699778025\n|move|p1a: Samurott|Aqua Cutter|p2a: Hatterene\n|-damage|p2a: Hatterene|1\/100\n|move|p2a: Hatterene|Shadow Ball|p1a: Samurott\n|-damage|p1a: Samurott|1\/100\n|-unboost|p1a: Samurott|spd|1\n|\n|-heal|p2a: Hatterene|7\/100|[from] item: Leftovers\n|upkeep\n|turn|12\n|\n|t:|1699778030\n|move|p1a: Samurott|Aqua Cutter|p2a: Hatterene\n|-damage|p2a: Hatterene|0 fnt\n|faint|p2a: Hatterene\n|\n|upkeep\n|\n|t:|1699778033\n|switch|p2a: Conkeldurr|Conkeldurr, F|43\/100\n|turn|13\n|\n|t:|1699778035\n|move|p1a: Samurott|Aqua Cutter|p2a: Conkeldurr\n|-damage|p2a: Conkeldurr|0 fnt\n|faint|p2a: Conkeldurr\n|\n|win|jxjsjfdoso\n|raw|jxjsjfdoso's rating: 1040 &rarr; <strong>1071<\/strong><br \/>(+31 for winning)\n|raw|Riddged's rating: 1010 &rarr; <strong>1000<\/strong><br \/>(-10 for losing)\n","uploadtime":1699778038,"views":10,"p1id":"jxjsjfdoso","p2id":"riddged","formatid":"gen9nationaldex","rating":1000,"private":0,"password":""}