{"id":"gen9nationaldex-1992637617","p1":"321niuniu123","p2":"kingski438","format":"[Gen 9] National Dex","log":"|j|\u2606321niuniu123\n|j|\u2606kingski438\n|t:|1700218558\n|gametype|singles\n|player|p1|321niuniu123|acerola-masters|1327\n|player|p2|kingski438|camper|1231\n|teamsize|p1|6\n|teamsize|p2|6\n|gen|9\n|tier|[Gen 9] National Dex\n|rated|\n|rule|HP Percentage Mod: HP is shown in percentages\n|rule|Endless Battle Clause: Forcing endless battles is banned\n|rule|OHKO Clause: OHKO moves are banned\n|rule|Evasion Clause: Evasion abilities, items, and moves are banned\n|rule|Evasion Abilities Clause: Evasion abilities are banned\n|rule|Evasion Items Clause: Evasion items are banned\n|rule|Evasion Moves Clause: Evasion moves are banned\n|rule|Species Clause: Limit one of each Pok\u00e9mon\n|rule|Sleep Clause Mod: Limit one foe put to sleep\n|clearpoke\n|poke|p1|Meowscarada, M|\n|poke|p1|Goodra, M|\n|poke|p1|Cobalion|\n|poke|p1|Ninetales-Alola, F|\n|poke|p1|Kilowattrel, M|\n|poke|p1|Manectric, F|\n|poke|p2|Toxapex, F|\n|poke|p2|Serperior, M|\n|poke|p2|Ferrothorn, F|\n|poke|p2|Charizard, F|\n|poke|p2|Great Tusk|\n|poke|p2|Samurott-Hisui, F|\n|teampreview\n|\n|t:|1700218572\n|start\n|switch|p1a: Manectric|Manectric, F|100\/100\n|switch|p2a: Charizard|Charizard, F|100\/100\n|turn|1\n|\n|t:|1700218579\n|switch|p2a: Great Tusk|Great Tusk|100\/100\n|detailschange|p1a: Manectric|Manectric-Mega, F\n|-mega|p1a: Manectric|Manectric|Manectite\n|-ability|p1a: Manectric|Intimidate|boost\n|-unboost|p2a: Great Tusk|atk|1\n|move|p1a: Manectric|Thunderbolt|p2a: Great Tusk\n|-immune|p2a: Great Tusk\n|\n|upkeep\n|turn|2\n|\n|t:|1700218593\n|switch|p1a: Meowscarada|Meowscarada, M|100\/100\n|move|p2a: Great Tusk|Stealth Rock|p1a: Meowscarada\n|-sidestart|p1: 321niuniu123|move: Stealth Rock\n|\n|upkeep\n|turn|3\n|\n|t:|1700218603\n|-end|p2a: Great Tusk|Protosynthesis|[silent]\n|switch|p2a: Charizard|Charizard, F|100\/100\n|move|p1a: Meowscarada|U-turn|p2a: Charizard\n|-start|p1a: Meowscarada|typechange|Bug|[from] ability: Protean\n|-resisted|p2a: Charizard\n|-damage|p2a: Charizard|83\/100\n|\n|t:|1700218611\n|switch|p1a: Kilowattrel|Kilowattrel, M|100\/100|[from] U-turn\n|\n|upkeep\n|turn|4\n|\n|t:|1700218625\n|switch|p2a: Toxapex|Toxapex, F|100\/100\n|move|p1a: Kilowattrel|Hurricane|p2a: Toxapex|[miss]\n|-miss|p1a: Kilowattrel|p2a: Toxapex\n|\n|upkeep\n|turn|5\n|\n|t:|1700218632\n|switch|p2a: Ferrothorn|Ferrothorn, F|100\/100\n|move|p1a: Kilowattrel|Thunderbolt|p2a: Ferrothorn\n|-resisted|p2a: Ferrothorn\n|-damage|p2a: Ferrothorn|85\/100\n|\n|-heal|p2a: Ferrothorn|91\/100|[from] item: Leftovers\n|upkeep\n|turn|6\n|\n|t:|1700218644\n|move|p1a: Kilowattrel|Volt Switch|p2a: Ferrothorn\n|-resisted|p2a: Ferrothorn\n|-crit|p2a: Ferrothorn\n|-damage|p2a: Ferrothorn|72\/100\n|\n|t:|1700218648\n|switch|p1a: Goodra|Goodra, M, shiny|100\/100|[from] Volt Switch\n|-damage|p1a: Goodra|88\/100|[from] Stealth Rock\n|move|p2a: Ferrothorn|Knock Off|p1a: Goodra\n|-damage|p1a: Goodra|56\/100\n|-enditem|p1a: Goodra|Assault Vest|[from] move: Knock Off|[of] p2a: Ferrothorn\n|\n|-heal|p2a: Ferrothorn|78\/100|[from] item: Leftovers\n|upkeep\n|turn|7\n|\n|t:|1700218661\n|move|p1a: Goodra|Scald|p2a: Ferrothorn\n|-resisted|p2a: Ferrothorn\n|-damage|p2a: Ferrothorn|67\/100\n|-status|p2a: Ferrothorn|brn\n|move|p2a: Ferrothorn|Leech Seed|p1a: Goodra\n|-ability|p1a: Goodra|Sap Sipper|boost\n|-boost|p1a: Goodra|atk|1\n|\n|-heal|p2a: Ferrothorn|73\/100 brn|[from] item: Leftovers\n|-damage|p2a: Ferrothorn|67\/100 brn|[from] brn\n|upkeep\n|turn|8\n|\n|t:|1700218683\n|switch|p2a: Samurott|Samurott-Hisui, F|100\/100\n|move|p1a: Goodra|Knock Off|p2a: Samurott\n|-resisted|p2a: Samurott\n|-damage|p2a: Samurott|81\/100\n|-enditem|p2a: Samurott|Leftovers|[from] move: Knock Off|[of] p1a: Goodra\n|\n|upkeep\n|turn|9\n|\n|t:|1700218699\n|move|p2a: Samurott|Ceaseless Edge|p1a: Goodra\n|-damage|p1a: Goodra|0 fnt\n|-sidestart|p1: 321niuniu123|Spikes\n|faint|p1a: Goodra\n|\n|upkeep\n|\n|t:|1700218719\n|switch|p1a: Cobalion|Cobalion|100\/100\n|-damage|p1a: Cobalion|97\/100|[from] Stealth Rock\n|-damage|p1a: Cobalion|85\/100|[from] Spikes\n|turn|10\n|\n|t:|1700218731\n|move|p1a: Cobalion|Swords Dance|p1a: Cobalion\n|-boost|p1a: Cobalion|atk|2\n|move|p2a: Samurott|Sacred Sword|p1a: Cobalion\n|-supereffective|p1a: Cobalion\n|-damage|p1a: Cobalion|14\/100\n|\n|-heal|p1a: Cobalion|20\/100|[from] item: Leftovers\n|upkeep\n|turn|11\n|\n|t:|1700218741\n|move|p2a: Samurott|Aqua Jet|p1a: Cobalion\n|-damage|p1a: Cobalion|4\/100\n|move|p1a: Cobalion|Close Combat|p2a: Samurott\n|-supereffective|p2a: Samurott\n|-damage|p2a: Samurott|0 fnt\n|-unboost|p1a: Cobalion|def|1\n|-unboost|p1a: Cobalion|spd|1\n|faint|p2a: Samurott\n|\n|-heal|p1a: Cobalion|10\/100|[from] item: Leftovers\n|upkeep\n|\n|t:|1700218751\n|switch|p2a: Charizard|Charizard, F|83\/100\n|turn|12\n|\n|t:|1700218766\n|detailschange|p2a: Charizard|Charizard-Mega-Y, F\n|-mega|p2a: Charizard|Charizard|Charizardite Y\n|-weather|SunnyDay|[from] ability: Drought|[of] p2a: Charizard\n|move|p1a: Cobalion|Close Combat|p2a: Charizard\n|-resisted|p2a: Charizard\n|-damage|p2a: Charizard|20\/100\n|-unboost|p1a: Cobalion|def|1\n|-unboost|p1a: Cobalion|spd|1\n|move|p2a: Charizard|Air Slash|p1a: Cobalion\n|-damage|p1a: Cobalion|0 fnt\n|faint|p1a: Cobalion\n|\n|-weather|SunnyDay|[upkeep]\n|upkeep\n|\n|t:|1700218784\n|switch|p1a: Ninetales|Ninetales-Alola, F, shiny|100\/100\n|-damage|p1a: Ninetales|76\/100|[from] Stealth Rock\n|-damage|p1a: Ninetales|63\/100|[from] Spikes\n|-weather|Snow|[from] ability: Snow Warning|[of] p1a: Ninetales\n|turn|13\n|\n|t:|1700218800\n|switch|p2a: Great Tusk|Great Tusk|100\/100\n|-terastallize|p1a: Ninetales|Fire\n|move|p1a: Ninetales|Tera Blast|p2a: Great Tusk|[anim] Tera Blast Fire\n|-damage|p2a: Great Tusk|53\/100\n|\n|-weather|Snow|[upkeep]\n|upkeep\n|turn|14\n|\n|t:|1700218815\n|move|p1a: Ninetales|Tera Blast|p2a: Great Tusk|[anim] Tera Blast Fire\n|-damage|p2a: Great Tusk|4\/100\n|move|p2a: Great Tusk|Earthquake|p1a: Ninetales\n|-supereffective|p1a: Ninetales\n|-damage|p1a: Ninetales|0 fnt\n|faint|p1a: Ninetales\n|\n|-weather|Snow|[upkeep]\n|upkeep\n|\n|t:|1700218823\n|switch|p1a: Meowscarada|Meowscarada, M|100\/100\n|-damage|p1a: Meowscarada|88\/100|[from] Stealth Rock\n|-damage|p1a: Meowscarada|76\/100|[from] Spikes\n|turn|15\n|\n|t:|1700218838\n|move|p1a: Meowscarada|U-turn|p2a: Great Tusk\n|-start|p1a: Meowscarada|typechange|Bug|[from] ability: Protean\n|-resisted|p2a: Great Tusk\n|-damage|p2a: Great Tusk|0 fnt\n|-damage|p1a: Meowscarada|60\/100|[from] item: Rocky Helmet|[of] p2a: Great Tusk\n|faint|p2a: Great Tusk\n|-end|p2a: Great Tusk|Protosynthesis|[silent]\n|\n|t:|1700218844\n|switch|p1a: Manectric|Manectric-Mega, F|100\/100|[from] U-turn\n|-damage|p1a: Manectric|88\/100|[from] Stealth Rock\n|-damage|p1a: Manectric|76\/100|[from] Spikes\n|\n|-weather|Snow|[upkeep]\n|upkeep\n|\n|t:|1700218853\n|switch|p2a: Charizard|Charizard-Mega-Y, F|20\/100\n|-weather|SunnyDay|[from] ability: Drought|[of] p2a: Charizard\n|turn|16\n|\n|t:|1700218859\n|move|p1a: Manectric|Thunderbolt|p2a: Charizard\n|-supereffective|p2a: Charizard\n|-damage|p2a: Charizard|0 fnt\n|faint|p2a: Charizard\n|\n|-weather|SunnyDay|[upkeep]\n|upkeep\n|\n|t:|1700218863\n|switch|p2a: Ferrothorn|Ferrothorn, F|67\/100 brn\n|turn|17\n|\n|t:|1700218869\n|move|p1a: Manectric|Overheat|p2a: Ferrothorn|[miss]\n|-miss|p1a: Manectric|p2a: Ferrothorn\n|move|p2a: Ferrothorn|Leech Seed|p1a: Manectric\n|-start|p1a: Manectric|move: Leech Seed\n|\n|-weather|SunnyDay|[upkeep]\n|-heal|p2a: Ferrothorn|73\/100 brn|[from] item: Leftovers\n|-damage|p1a: Manectric|63\/100|[from] Leech Seed|[of] p2a: Ferrothorn\n|-heal|p2a: Ferrothorn|83\/100 brn|[silent]\n|-damage|p2a: Ferrothorn|77\/100 brn|[from] brn\n|upkeep\n|turn|18\n|\n|t:|1700218881\n|switch|p2a: Toxapex|Toxapex, F|100\/100\n|move|p1a: Manectric|Volt Switch|p2a: Toxapex\n|-supereffective|p2a: Toxapex\n|-damage|p2a: Toxapex|45\/100\n|inactive|Battle timer is ON: inactive players will automatically lose when time's up. (requested by 321niuniu123)\n|\n|t:|1700218888\n|switch|p1a: Meowscarada|Meowscarada, M|60\/100|[from] Volt Switch\n|-damage|p1a: Meowscarada|47\/100|[from] Stealth Rock\n|-damage|p1a: Meowscarada|35\/100|[from] Spikes\n|\n|-weather|SunnyDay|[upkeep]\n|-heal|p2a: Toxapex|51\/100|[from] item: Black Sludge\n|upkeep\n|turn|19\n|\n|t:|1700218898\n|switch|p2a: Ferrothorn|Ferrothorn, F|77\/100 brn\n|move|p1a: Meowscarada|U-turn|p2a: Ferrothorn\n|-start|p1a: Meowscarada|typechange|Bug|[from] ability: Protean\n|-damage|p2a: Ferrothorn|47\/100 brn\n|-damage|p1a: Meowscarada|23\/100|[from] ability: Iron Barbs|[of] p2a: Ferrothorn\n|\n|t:|1700218906\n|switch|p1a: Manectric|Manectric-Mega, F|63\/100|[from] U-turn\n|-damage|p1a: Manectric|51\/100|[from] Stealth Rock\n|-damage|p1a: Manectric|38\/100|[from] Spikes\n|-ability|p1a: Manectric|Intimidate|boost\n|-unboost|p2a: Ferrothorn|atk|1\n|\n|-weather|SunnyDay|[upkeep]\n|-heal|p2a: Ferrothorn|53\/100 brn|[from] item: Leftovers\n|-damage|p2a: Ferrothorn|47\/100 brn|[from] brn\n|upkeep\n|turn|20\n|\n|t:|1700218923\n|switch|p2a: Toxapex|Toxapex, F|84\/100\n|move|p1a: Manectric|Signal Beam|p2a: Toxapex\n|-resisted|p2a: Toxapex\n|-damage|p2a: Toxapex|74\/100\n|\n|-weather|none\n|-heal|p2a: Toxapex|80\/100|[from] item: Black Sludge\n|upkeep\n|turn|21\n|\n|t:|1700218932\n|move|p1a: Manectric|Thunderbolt|p2a: Toxapex\n|-supereffective|p2a: Toxapex\n|-damage|p2a: Toxapex|8\/100\n|move|p2a: Toxapex|Toxic|p1a: Manectric\n|-status|p1a: Manectric|tox\n|\n|-heal|p2a: Toxapex|14\/100|[from] item: Black Sludge\n|-damage|p1a: Manectric|32\/100 tox|[from] psn\n|upkeep\n|turn|22\n|\n|t:|1700218937\n|switch|p2a: Ferrothorn|Ferrothorn, F|47\/100 brn\n|move|p1a: Manectric|Thunderbolt|p2a: Ferrothorn\n|-resisted|p2a: Ferrothorn\n|-damage|p2a: Ferrothorn|25\/100 brn\n|\n|-heal|p2a: Ferrothorn|31\/100 brn|[from] item: Leftovers\n|-damage|p1a: Manectric|20\/100 tox|[from] psn\n|-damage|p2a: Ferrothorn|25\/100 brn|[from] brn\n|upkeep\n|turn|23\n|\n|t:|1700218954\n|move|p1a: Manectric|Thunderbolt|p2a: Ferrothorn\n|-resisted|p2a: Ferrothorn\n|-damage|p2a: Ferrothorn|2\/100 brn\n|move|p2a: Ferrothorn|Leech Seed|p1a: Manectric\n|-start|p1a: Manectric|move: Leech Seed\n|\n|-heal|p2a: Ferrothorn|9\/100 brn|[from] item: Leftovers\n|-damage|p1a: Manectric|8\/100 tox|[from] Leech Seed|[of] p2a: Ferrothorn\n|-heal|p2a: Ferrothorn|19\/100 brn|[silent]\n|-damage|p1a: Manectric|0 fnt|[from] psn\n|faint|p1a: Manectric\n|-damage|p2a: Ferrothorn|12\/100 brn|[from] brn\n|upkeep\n|\n|t:|1700218958\n|switch|p1a: Kilowattrel|Kilowattrel, M|100\/100\n|turn|24\n|\n|t:|1700218973\n|move|p1a: Kilowattrel|Hurricane|p2a: Ferrothorn\n|-damage|p2a: Ferrothorn|0 fnt\n|faint|p2a: Ferrothorn\n|\n|upkeep\n|\n|t:|1700218980\n|switch|p2a: Serperior|Serperior, M|100\/100\n|turn|25\n|\n|t:|1700218985\n|move|p1a: Kilowattrel|Hurricane|p2a: Serperior|[miss]\n|-miss|p1a: Kilowattrel|p2a: Serperior\n|move|p2a: Serperior|Substitute|p2a: Serperior\n|-start|p2a: Serperior|Substitute\n|-damage|p2a: Serperior|76\/100\n|\n|upkeep\n|turn|26\n|\n|t:|1700218992\n|move|p1a: Kilowattrel|Hurricane|p2a: Serperior|[miss]\n|-miss|p1a: Kilowattrel|p2a: Serperior\n|move|p2a: Serperior|Leaf Storm|p1a: Kilowattrel|[miss]\n|-miss|p2a: Serperior|p1a: Kilowattrel\n|\n|upkeep\n|turn|27\n|\n|t:|1700219001\n|move|p1a: Kilowattrel|Hurricane|p2a: Serperior|[miss]\n|-miss|p1a: Kilowattrel|p2a: Serperior\n|move|p2a: Serperior|Leaf Storm|p1a: Kilowattrel\n|-resisted|p1a: Kilowattrel\n|-damage|p1a: Kilowattrel|54\/100\n|-boost|p2a: Serperior|spa|2\n|\n|upkeep\n|turn|28\n|\n|t:|1700219018\n|move|p1a: Kilowattrel|Hurricane|p2a: Serperior\n|-supereffective|p2a: Serperior\n|-end|p2a: Serperior|Substitute\n|-zpower|p2a: Serperior\n|move|p2a: Serperior|Bloom Doom|p1a: Kilowattrel|[zeffect]\n|-resisted|p1a: Kilowattrel\n|-damage|p1a: Kilowattrel|0 fnt\n|faint|p1a: Kilowattrel\n|\n|upkeep\n|\n|t:|1700219021\n|switch|p1a: Meowscarada|Meowscarada, M|23\/100\n|-damage|p1a: Meowscarada|10\/100|[from] Stealth Rock\n|-damage|p1a: Meowscarada|0 fnt|[from] Spikes\n|faint|p1a: Meowscarada\n|\n|win|kingski438\n|raw|321niuniu123's rating: 1327 &rarr; <strong>1302<\/strong><br \/>(-25 for losing)\n|raw|kingski438's rating: 1231 &rarr; <strong>1263<\/strong><br \/>(+32 for winning)\n","uploadtime":1700219028,"views":4,"p1id":"321niuniu123","p2id":"kingski438","formatid":"gen9nationaldex","rating":1263,"private":0,"password":""}