{"id":"gen9nationaldex-1987594831","p1":"readingwin","p2":"PAMTHEBOSHY","format":"[Gen 9] National Dex","log":"|j|\u2606readingwin\n|j|\u203dPAMTHEBOSHY\n|t:|1699617153\n|gametype|singles\n|player|p1|readingwin|101|1122\n|player|p2|PAMTHEBOSHY|hilbert-wonderlauncher|1104\n|teamsize|p1|6\n|teamsize|p2|6\n|gen|9\n|tier|[Gen 9] National Dex\n|rated|\n|rule|HP Percentage Mod: HP is shown in percentages\n|rule|Endless Battle Clause: Forcing endless battles is banned\n|rule|OHKO Clause: OHKO moves are banned\n|rule|Evasion Clause: Evasion abilities, items, and moves are banned\n|rule|Evasion Abilities Clause: Evasion abilities are banned\n|rule|Evasion Items Clause: Evasion items are banned\n|rule|Evasion Moves Clause: Evasion moves are banned\n|rule|Species Clause: Limit one of each Pok\u00e9mon\n|rule|Sleep Clause Mod: Limit one foe put to sleep\n|clearpoke\n|poke|p1|Pelipper, F|\n|poke|p1|Barraskewda, M|\n|poke|p1|Swampert, F|\n|poke|p1|Moltres|\n|poke|p1|Kingdra, M|\n|poke|p1|Aegislash, F|\n|poke|p2|Cramorant, F|\n|poke|p2|Altaria, F|\n|poke|p2|Zoroark-Hisui, F|\n|poke|p2|Iron Valiant|\n|poke|p2|Tapu Koko|\n|poke|p2|Bisharp, F|\n|teampreview\n|inactive|Battle timer is ON: inactive players will automatically lose when time's up. (requested by readingwin)\n|\n|t:|1699617161\n|start\n|switch|p1a: Barraskewda|Barraskewda, M, shiny|100\/100\n|switch|p2a: Cramorant|Cramorant, F, shiny|100\/100\n|turn|1\n|\n|t:|1699617173\n|move|p1a: Barraskewda|Flip Turn|p2a: Cramorant\n|-resisted|p2a: Cramorant\n|-damage|p2a: Cramorant|49\/100\n|\n|t:|1699617191\n|switch|p1a: Swampert|Swampert, F|100\/100|[from] Flip Turn\n|move|p2a: Cramorant|Surf|p1a: Swampert\n|-formechange|p2a: Cramorant|Cramorant-Gorging|\n|-damage|p1a: Swampert|72\/100\n|\n|-heal|p2a: Cramorant|55\/100|[from] item: Leftovers\n|upkeep\n|turn|2\n|\n|t:|1699617200\n|detailschange|p1a: Swampert|Swampert-Mega, F\n|-mega|p1a: Swampert|Swampert|Swampertite\n|move|p2a: Cramorant|Steel Wing|p1a: Swampert\n|-resisted|p1a: Swampert\n|-damage|p1a: Swampert|63\/100\n|move|p1a: Swampert|Waterfall|p2a: Cramorant\n|-resisted|p2a: Cramorant\n|-damage|p2a: Cramorant|1\/100\n|-damage|p1a: Swampert|38\/100|[from] ability: Gulp Missile|[of] p2a: Cramorant\n|-status|p1a: Swampert|par\n|-formechange|p2a: Cramorant|Cramorant|\n|\n|-heal|p2a: Cramorant|7\/100|[from] item: Leftovers\n|upkeep\n|turn|3\n|\n|t:|1699617213\n|move|p2a: Cramorant|Surf|p1a: Swampert\n|-formechange|p2a: Cramorant|Cramorant-Gorging|\n|-damage|p1a: Swampert|11\/100 par\n|move|p1a: Swampert|Flip Turn|p2a: Cramorant\n|-resisted|p2a: Cramorant\n|-damage|p2a: Cramorant|0 fnt\n|-damage|p1a: Swampert|0 fnt|[from] ability: Gulp Missile|[of] p2a: Cramorant\n|-formechange|p2a: Cramorant|Cramorant|\n|faint|p2a: Cramorant\n|faint|p1a: Swampert\n|\n|upkeep\n|\n|t:|1699617225\n|switch|p2a: Tapu Koko|Tapu Koko, shiny|100\/100\n|switch|p1a: Aegislash|Aegislash, F|100\/100\n|turn|4\n|\n|t:|1699617237\n|move|p1a: Aegislash|King's Shield|p1a: Aegislash\n|-singleturn|p1a: Aegislash|Protect\n|move|p2a: Tapu Koko|U-turn|p1a: Aegislash\n|-activate|p1a: Aegislash|move: Protect\n|-unboost|p2a: Tapu Koko|atk|1\n|\n|upkeep\n|turn|5\n|\n|t:|1699617244\n|move|p2a: Tapu Koko|U-turn|p1a: Aegislash\n|-resisted|p1a: Aegislash\n|-damage|p1a: Aegislash|98\/100\n|\n|t:|1699617250\n|switch|p2a: Iron Valiant|Iron Valiant, shiny|100\/100|[from] U-turn\n|move|p1a: Aegislash|Toxic|p2a: Iron Valiant\n|-status|p2a: Iron Valiant|tox\n|\n|-heal|p1a: Aegislash|100\/100|[from] item: Leftovers\n|-damage|p2a: Iron Valiant|94\/100 tox|[from] psn\n|upkeep\n|turn|6\n|\n|t:|1699617260\n|move|p2a: Iron Valiant|Ice Punch|p1a: Aegislash\n|-resisted|p1a: Aegislash\n|-damage|p1a: Aegislash|91\/100\n|-formechange|p1a: Aegislash|Aegislash-Blade||[from] ability: Stance Change\n|move|p1a: Aegislash|Shadow Ball|p2a: Iron Valiant\n|-damage|p2a: Iron Valiant|6\/100 tox\n|\n|-heal|p1a: Aegislash|97\/100|[from] item: Leftovers\n|-damage|p2a: Iron Valiant|0 fnt|[from] psn\n|faint|p2a: Iron Valiant\n|-end|p2a: Iron Valiant|Quark Drive|[silent]\n|upkeep\n|\n|t:|1699617271\n|switch|p2a: Bisharp|Bisharp, F|100\/100\n|turn|7\n|\n|t:|1699617279\n|move|p2a: Bisharp|Poison Jab|p1a: Aegislash\n|-immune|p1a: Aegislash\n|move|p1a: Aegislash|Substitute|p1a: Aegislash\n|-start|p1a: Aegislash|Substitute\n|-damage|p1a: Aegislash|72\/100\n|\n|-heal|p1a: Aegislash|78\/100|[from] item: Leftovers\n|upkeep\n|turn|8\n|\n|t:|1699617287\n|-formechange|p1a: Aegislash|Aegislash||[from] ability: Stance Change\n|move|p1a: Aegislash|King's Shield|p1a: Aegislash\n|-singleturn|p1a: Aegislash|Protect\n|move|p2a: Bisharp|Psycho Cut|p1a: Aegislash\n|-activate|p1a: Aegislash|move: Protect\n|\n|-heal|p1a: Aegislash|84\/100|[from] item: Leftovers\n|upkeep\n|turn|9\n|\n|t:|1699617298\n|switch|p2a: Tapu Koko|Tapu Koko, shiny|100\/100\n|-formechange|p1a: Aegislash|Aegislash-Blade||[from] ability: Stance Change\n|move|p1a: Aegislash|Shadow Ball|p2a: Tapu Koko\n|-immune|p2a: Tapu Koko\n|\n|-heal|p1a: Aegislash|91\/100|[from] item: Leftovers\n|upkeep\n|turn|10\n|\n|t:|1699617308\n|-formechange|p1a: Aegislash|Aegislash||[from] ability: Stance Change\n|move|p1a: Aegislash|King's Shield|p1a: Aegislash\n|-singleturn|p1a: Aegislash|Protect\n|move|p2a: Tapu Koko|Hone Claws|p2a: Tapu Koko\n|-boost|p2a: Tapu Koko|atk|1\n|-boost|p2a: Tapu Koko|accuracy|1\n|\n|-heal|p1a: Aegislash|97\/100|[from] item: Leftovers\n|upkeep\n|turn|11\n|\n|t:|1699617320\n|move|p2a: Tapu Koko|Hone Claws|p2a: Tapu Koko\n|-boost|p2a: Tapu Koko|atk|1\n|-boost|p2a: Tapu Koko|accuracy|1\n|move|p1a: Aegislash|Toxic|p2a: Tapu Koko|[miss]\n|-miss|p1a: Aegislash|p2a: Tapu Koko\n|\n|-heal|p1a: Aegislash|100\/100|[from] item: Leftovers\n|upkeep\n|turn|12\n|\n|t:|1699617327\n|move|p2a: Tapu Koko|Hone Claws|p2a: Tapu Koko\n|-boost|p2a: Tapu Koko|atk|1\n|-boost|p2a: Tapu Koko|accuracy|1\n|move|p1a: Aegislash|Toxic|p2a: Tapu Koko\n|-status|p2a: Tapu Koko|tox\n|\n|-damage|p2a: Tapu Koko|95\/100 tox|[from] psn\n|upkeep\n|turn|13\n|\n|t:|1699617340\n|move|p2a: Tapu Koko|Foul Play|p1a: Aegislash\n|-supereffective|p1a: Aegislash\n|-activate|p1a: Aegislash|move: Substitute|[damage]\n|-formechange|p1a: Aegislash|Aegislash-Blade||[from] ability: Stance Change\n|move|p1a: Aegislash|Shadow Ball|p2a: Tapu Koko\n|-immune|p2a: Tapu Koko\n|\n|-damage|p2a: Tapu Koko|83\/100 tox|[from] psn\n|upkeep\n|turn|14\n|\n|t:|1699617349\n|-formechange|p1a: Aegislash|Aegislash||[from] ability: Stance Change\n|move|p1a: Aegislash|King's Shield|p1a: Aegislash\n|-singleturn|p1a: Aegislash|Protect\n|move|p2a: Tapu Koko|Foul Play|p1a: Aegislash\n|-activate|p1a: Aegislash|move: Protect\n|-unboost|p2a: Tapu Koko|atk|1\n|\n|-damage|p2a: Tapu Koko|65\/100 tox|[from] psn\n|upkeep\n|turn|15\n|\n|t:|1699617363\n|move|p1a: Aegislash|King's Shield||[still]\n|-fail|p1a: Aegislash\n|move|p2a: Tapu Koko|Foul Play|p1a: Aegislash\n|-supereffective|p1a: Aegislash\n|-end|p1a: Aegislash|Substitute\n|\n|-damage|p2a: Tapu Koko|41\/100 tox|[from] psn\n|upkeep\n|turn|16\n|\n|t:|1699617371\n|move|p2a: Tapu Koko|Foul Play|p1a: Aegislash\n|-supereffective|p1a: Aegislash\n|-damage|p1a: Aegislash|87\/100\n|move|p1a: Aegislash|Substitute|p1a: Aegislash\n|-start|p1a: Aegislash|Substitute\n|-damage|p1a: Aegislash|62\/100\n|\n|-heal|p1a: Aegislash|68\/100|[from] item: Leftovers\n|-damage|p2a: Tapu Koko|11\/100 tox|[from] psn\n|upkeep\n|turn|17\n|\n|t:|1699617381\n|move|p1a: Aegislash|King's Shield|p1a: Aegislash\n|-singleturn|p1a: Aegislash|Protect\n|move|p2a: Tapu Koko|Foul Play|p1a: Aegislash\n|-activate|p1a: Aegislash|move: Protect\n|-unboost|p2a: Tapu Koko|atk|1\n|\n|-heal|p1a: Aegislash|74\/100|[from] item: Leftovers\n|-damage|p2a: Tapu Koko|0 fnt|[from] psn\n|faint|p2a: Tapu Koko\n|upkeep\n|\n|t:|1699617395\n|switch|p2a: Tapu Koko|Tapu Koko, shiny|100\/100\n|-fieldstart|move: Electric Terrain|[from] ability: Electric Surge|[of] p2a: Tapu Koko\n|turn|18\n|\n|t:|1699617400\n|move|p2a: Tapu Koko|Dazzling Gleam|p1a: Aegislash\n|-resisted|p1a: Aegislash\n|-activate|p1a: Aegislash|move: Substitute|[damage]\n|-formechange|p1a: Aegislash|Aegislash-Blade||[from] ability: Stance Change\n|move|p1a: Aegislash|Shadow Ball|p2a: Tapu Koko\n|-damage|p2a: Tapu Koko|29\/100\n|\n|-heal|p1a: Aegislash|80\/100|[from] item: Leftovers\n|upkeep\n|turn|19\n|\n|t:|1699617411\n|-formechange|p1a: Aegislash|Aegislash||[from] ability: Stance Change\n|move|p1a: Aegislash|King's Shield|p1a: Aegislash\n|-singleturn|p1a: Aegislash|Protect\n|move|p2a: Tapu Koko|Volt Switch|p1a: Aegislash\n|-activate|p1a: Aegislash|move: Protect\n|\n|-heal|p1a: Aegislash|87\/100|[from] item: Leftovers\n|upkeep\n|turn|20\n|\n|t:|1699617423\n|move|p2a: Tapu Koko|Volt Switch|p1a: Aegislash\n|-end|p1a: Aegislash|Substitute\n|\n|t:|1699617426\n|switch|p2a: Bisharp|Bisharp, F|100\/100|[from] Volt Switch\n|-formechange|p1a: Aegislash|Aegislash-Blade||[from] ability: Stance Change\n|move|p1a: Aegislash|Shadow Ball|p2a: Bisharp\n|-resisted|p2a: Bisharp\n|-damage|p2a: Bisharp|78\/100\n|-unboost|p2a: Bisharp|spd|1\n|\n|-heal|p1a: Aegislash|93\/100|[from] item: Leftovers\n|upkeep\n|turn|21\n|\n|t:|1699617438\n|-formechange|p1a: Aegislash|Aegislash||[from] ability: Stance Change\n|move|p1a: Aegislash|King's Shield|p1a: Aegislash\n|-singleturn|p1a: Aegislash|Protect\n|move|p2a: Bisharp|Psycho Cut|p1a: Aegislash\n|-activate|p1a: Aegislash|move: Protect\n|\n|-heal|p1a: Aegislash|99\/100|[from] item: Leftovers\n|upkeep\n|turn|22\n|\n|t:|1699617449\n|move|p2a: Bisharp|Psycho Cut|p1a: Aegislash\n|-resisted|p1a: Aegislash\n|-damage|p1a: Aegislash|89\/100\n|move|p1a: Aegislash|Substitute|p1a: Aegislash\n|-start|p1a: Aegislash|Substitute\n|-damage|p1a: Aegislash|64\/100\n|\n|-heal|p1a: Aegislash|70\/100|[from] item: Leftovers\n|-fieldend|move: Electric Terrain\n|upkeep\n|turn|23\n|\n|t:|1699617457\n|move|p1a: Aegislash|King's Shield|p1a: Aegislash\n|-singleturn|p1a: Aegislash|Protect\n|move|p2a: Bisharp|Brick Break|p1a: Aegislash\n|-activate|p1a: Aegislash|move: Protect\n|-unboost|p2a: Bisharp|atk|1\n|\n|-heal|p1a: Aegislash|76\/100|[from] item: Leftovers\n|upkeep\n|turn|24\n|\n|t:|1699617466\n|move|p2a: Bisharp|Iron Head|p1a: Aegislash\n|-resisted|p1a: Aegislash\n|-activate|p1a: Aegislash|move: Substitute|[damage]\n|-formechange|p1a: Aegislash|Aegislash-Blade||[from] ability: Stance Change\n|move|p1a: Aegislash|Shadow Ball|p2a: Bisharp\n|-resisted|p2a: Bisharp\n|-damage|p2a: Bisharp|43\/100\n|-unboost|p2a: Bisharp|spd|1\n|\n|-heal|p1a: Aegislash|83\/100|[from] item: Leftovers\n|upkeep\n|turn|25\n|\n|t:|1699617477\n|-formechange|p1a: Aegislash|Aegislash||[from] ability: Stance Change\n|move|p1a: Aegislash|King's Shield|p1a: Aegislash\n|-singleturn|p1a: Aegislash|Protect\n|move|p2a: Bisharp|Poison Jab|p1a: Aegislash\n|-activate|p1a: Aegislash|move: Protect\n|-unboost|p2a: Bisharp|atk|1\n|\n|-heal|p1a: Aegislash|89\/100|[from] item: Leftovers\n|upkeep\n|turn|26\n|\n|t:|1699617487\n|move|p2a: Bisharp|Poison Jab|p1a: Aegislash\n|-immune|p1a: Aegislash\n|-formechange|p1a: Aegislash|Aegislash-Blade||[from] ability: Stance Change\n|move|p1a: Aegislash|Shadow Ball|p2a: Bisharp\n|-resisted|p2a: Bisharp\n|-damage|p2a: Bisharp|0 fnt\n|faint|p2a: Bisharp\n|\n|-heal|p1a: Aegislash|95\/100|[from] item: Leftovers\n|upkeep\n|\n|t:|1699617502\n|switch|p2a: Tapu Koko|Tapu Koko, shiny|29\/100\n|-fieldstart|move: Electric Terrain|[from] ability: Electric Surge|[of] p2a: Tapu Koko\n|turn|27\n|\n|t:|1699617506\n|move|p2a: Tapu Koko|Discharge|p1a: Aegislash\n|-end|p1a: Aegislash|Substitute\n|move|p1a: Aegislash|Shadow Ball|p2a: Tapu Koko\n|-damage|p2a: Tapu Koko|0 fnt\n|faint|p2a: Tapu Koko\n|\n|-heal|p1a: Aegislash|100\/100|[from] item: Leftovers\n|upkeep\n|\n|t:|1699617514\n|switch|p2a: Altaria|Altaria, F, shiny|100\/100\n|turn|28\n|\n|t:|1699617521\n|detailschange|p2a: Altaria|Altaria-Mega, F, shiny\n|-mega|p2a: Altaria|Altaria|Altarianite\n|move|p2a: Altaria|Hurricane|p1a: Aegislash|[miss]\n|-miss|p2a: Altaria|p1a: Aegislash\n|move|p1a: Aegislash|Toxic|p2a: Altaria\n|-status|p2a: Altaria|tox\n|\n|-damage|p2a: Altaria|94\/100 tox|[from] psn\n|upkeep\n|turn|29\n|\n|t:|1699617532\n|move|p2a: Altaria|Hurricane|p1a: Aegislash|[miss]\n|-miss|p2a: Altaria|p1a: Aegislash\n|move|p1a: Aegislash|Substitute|p1a: Aegislash\n|-start|p1a: Aegislash|Substitute\n|-damage|p1a: Aegislash|75\/100\n|\n|-heal|p1a: Aegislash|82\/100|[from] item: Leftovers\n|-damage|p2a: Altaria|82\/100 tox|[from] psn\n|upkeep\n|turn|30\n|\n|t:|1699617541\n|move|p2a: Altaria|Hurricane|p1a: Aegislash\n|-resisted|p1a: Aegislash\n|-end|p1a: Aegislash|Substitute\n|move|p1a: Aegislash|Shadow Ball|p2a: Altaria\n|-damage|p2a: Altaria|28\/100 tox\n|\n|-heal|p1a: Aegislash|88\/100|[from] item: Leftovers\n|-damage|p2a: Altaria|10\/100 tox|[from] psn\n|upkeep\n|turn|31\n|\n|t:|1699617550\n|-formechange|p1a: Aegislash|Aegislash||[from] ability: Stance Change\n|move|p1a: Aegislash|King's Shield|p1a: Aegislash\n|-singleturn|p1a: Aegislash|Protect\n|move|p2a: Altaria|Hurricane|p1a: Aegislash\n|-activate|p1a: Aegislash|move: Protect\n|\n|-heal|p1a: Aegislash|94\/100|[from] item: Leftovers\n|-damage|p2a: Altaria|0 fnt|[from] psn\n|faint|p2a: Altaria\n|\n|win|readingwin\n|upkeep\n|raw|readingwin's rating: 1122 &rarr; <strong>1146<\/strong><br \/>(+24 for winning)\n|raw|PAMTHEBOSHY's rating: 1104 &rarr; <strong>1080<\/strong><br \/>(-24 for losing)\n|l|\u203dPAMTHEBOSHY\n","uploadtime":1699617562,"views":8,"p1id":"readingwin","p2id":"pamtheboshy","formatid":"gen9nationaldex","rating":1080,"private":0,"password":""}