{"id":"gen9nationaldex-1994942624","p1":"tvfdsfvzxczcvdf","p2":"Linguiniyeet","format":"[Gen 9] National Dex","log":"|html|<div class=\"broadcast-blue\"><strong>[Gen 9] National Dex is currently suspecting Sneasler! For information on how to participate check out the <a href=\"https:\/\/www.smogon.com\/forums\/threads\/sv-national-dex-suspect-8-just-dance.3731534\/\">suspect thread<\/a>.<\/strong><\/div>\n|j|\u2606tvfdsfvzxczcvdf\n|j|\u2606Linguiniyeet\n|t:|1700506733\n|gametype|singles\n|player|p1|tvfdsfvzxczcvdf|2|1106\n|player|p2|Linguiniyeet|palmer|1050\n|teamsize|p1|6\n|teamsize|p2|6\n|gen|9\n|tier|[Gen 9] National Dex\n|rated|\n|rule|HP Percentage Mod: HP is shown in percentages\n|rule|Endless Battle Clause: Forcing endless battles is banned\n|rule|OHKO Clause: OHKO moves are banned\n|rule|Evasion Clause: Evasion abilities, items, and moves are banned\n|rule|Evasion Abilities Clause: Evasion abilities are banned\n|rule|Evasion Items Clause: Evasion items are banned\n|rule|Evasion Moves Clause: Evasion moves are banned\n|rule|Species Clause: Limit one of each Pok\u00e9mon\n|rule|Sleep Clause Mod: Limit one foe put to sleep\n|clearpoke\n|poke|p1|Tapu Koko|\n|poke|p1|Iron Valiant|\n|poke|p1|Hawlucha, F|\n|poke|p1|Iron Moth|\n|poke|p1|Landorus-Therian, M|\n|poke|p1|Scizor, F|\n|poke|p2|Ogerpon, F|\n|poke|p2|Heatran, F|\n|poke|p2|Gliscor, M|\n|poke|p2|Greninja-*, M|\n|poke|p2|Munkidori, M|\n|poke|p2|Zapdos|\n|teampreview\n|inactive|Battle timer is ON: inactive players will automatically lose when time's up. (requested by Linguiniyeet)\n|\n|t:|1700506751\n|start\n|switch|p1a: Tapu Koko|Tapu Koko|100\/100\n|switch|p2a: Ferg|Greninja, M|100\/100\n|-fieldstart|move: Electric Terrain|[from] ability: Electric Surge|[of] p1a: Tapu Koko\n|turn|1\n|\n|t:|1700506761\n|switch|p2a: Batman|Gliscor, M, shiny|100\/100\n|move|p1a: Tapu Koko|Thunderbolt|p2a: Batman\n|-immune|p2a: Batman\n|\n|-status|p2a: Batman|tox|[from] item: Toxic Orb\n|upkeep\n|turn|2\n|\n|t:|1700506776\n|move|p1a: Tapu Koko|U-turn|p2a: Batman\n|-resisted|p2a: Batman\n|-damage|p2a: Batman|94\/100 tox\n|\n|t:|1700506782\n|switch|p1a: Hawlucha|Hawlucha, F|100\/100|[from] U-turn\n|-enditem|p1a: Hawlucha|Electric Seed\n|-boost|p1a: Hawlucha|def|1|[from] item: Electric Seed\n|move|p2a: Batman|Swords Dance|p2a: Batman\n|-boost|p2a: Batman|atk|2\n|\n|-heal|p2a: Batman|100\/100 tox|[from] ability: Poison Heal\n|upkeep\n|turn|3\n|\n|t:|1700506794\n|move|p1a: Hawlucha|Swords Dance|p1a: Hawlucha\n|-boost|p1a: Hawlucha|atk|2\n|move|p2a: Batman|Facade|p1a: Hawlucha\n|-damage|p1a: Hawlucha|48\/100\n|\n|upkeep\n|turn|4\n|\n|t:|1700506804\n|move|p1a: Hawlucha|Acrobatics|p2a: Batman\n|-damage|p2a: Batman|18\/100 tox\n|move|p2a: Batman|Facade|p1a: Hawlucha\n|-damage|p1a: Hawlucha|0 fnt\n|faint|p1a: Hawlucha\n|\n|-heal|p2a: Batman|31\/100 tox|[from] ability: Poison Heal\n|upkeep\n|\n|t:|1700506816\n|switch|p1a: Tapu Koko|Tapu Koko|100\/100\n|turn|5\n|\n|t:|1700506820\n|move|p1a: Tapu Koko|Hidden Power|p2a: Batman\n|-supereffective|p2a: Batman\n|-damage|p2a: Batman|0 fnt\n|faint|p2a: Batman\n|\n|upkeep\n|\n|t:|1700506831\n|switch|p2a: Monke|Munkidori, M|100\/100\n|turn|6\n|\n|t:|1700506845\n|move|p2a: Monke|Fake Out|p1a: Tapu Koko\n|-damage|p1a: Tapu Koko|91\/100\n|cant|p1a: Tapu Koko|flinch\n|\n|upkeep\n|turn|7\n|\n|t:|1700506859\n|move|p1a: Tapu Koko|U-turn|p2a: Monke\n|-damage|p2a: Monke|77\/100\n|\n|t:|1700506865\n|switch|p1a: Scizor|Scizor, F|100\/100|[from] U-turn\n|move|p2a: Monke|Psychic|p1a: Scizor\n|-resisted|p1a: Scizor\n|-damage|p1a: Scizor|68\/100\n|\n|upkeep\n|turn|8\n|\n|t:|1700506878\n|switch|p2a: Dog|Heatran, F|100\/100\n|detailschange|p1a: Scizor|Scizor-Mega, F\n|-mega|p1a: Scizor|Scizor|Scizorite\n|move|p1a: Scizor|Bullet Punch|p2a: Dog\n|-resisted|p2a: Dog\n|-crit|p2a: Dog\n|-damage|p2a: Dog|89\/100\n|\n|-heal|p2a: Dog|96\/100|[from] item: Leftovers\n|-fieldend|move: Electric Terrain\n|upkeep\n|turn|9\n|\n|t:|1700506899\n|switch|p1a: Landorus|Landorus-Therian, M|100\/100\n|-ability|p1a: Landorus|Intimidate|boost\n|-unboost|p2a: Dog|atk|1\n|move|p2a: Dog|Magma Storm|p1a: Landorus\n|-damage|p1a: Landorus|50\/100\n|-activate|p1a: Landorus|move: Magma Storm|[of] p2a: Dog\n|-enditem|p1a: Landorus|Eject Button\n|\n|t:|1700506913\n|switch|p1a: Iron Moth|Iron Moth|100\/100\n|\n|-heal|p2a: Dog|100\/100|[from] item: Leftovers\n|upkeep\n|turn|10\n|\n|t:|1700506930\n|-terastallize|p1a: Iron Moth|Ground\n|move|p1a: Iron Moth|Tera Blast|p2a: Dog|[anim] Tera Blast Ground\n|-supereffective|p2a: Dog\n|-damage|p2a: Dog|0 fnt\n|faint|p2a: Dog\n|\n|upkeep\n|\n|t:|1700506935\n|switch|p2a: Is this too op?|Ogerpon, F|100\/100\n|turn|11\n|\n|t:|1700506948\n|-end|p1a: Iron Moth|Quark Drive|[silent]\n|switch|p1a: Scizor|Scizor-Mega, F|68\/100\n|-terastallize|p2a: Is this too op?|Grass\n|detailschange|p2a: Is this too op?|Ogerpon-Teal-Tera, F, tera:Grass\n|-ability|p2a: Is this too op?|Embody Aspect (Teal)|boost\n|-boost|p2a: Is this too op?|spe|1\n|move|p2a: Is this too op?|Ivy Cudgel|p1a: Scizor\n|-resisted|p1a: Scizor\n|-damage|p1a: Scizor|48\/100\n|\n|upkeep\n|turn|12\n|\n|t:|1700506964\n|switch|p2a: Big Bird|Zapdos|100\/100\n|move|p1a: Scizor|Swords Dance|p1a: Scizor\n|-boost|p1a: Scizor|atk|2\n|\n|upkeep\n|turn|13\n|\n|t:|1700506974\n|move|p1a: Scizor|Bullet Punch|p2a: Big Bird\n|-resisted|p2a: Big Bird\n|-damage|p2a: Big Bird|50\/100\n|move|p2a: Big Bird|Thunderbolt|p1a: Scizor\n|-damage|p1a: Scizor|0 fnt\n|faint|p1a: Scizor\n|\n|upkeep\n|\n|t:|1700506982\n|switch|p1a: Tapu Koko|Tapu Koko|91\/100\n|-fieldstart|move: Electric Terrain|[from] ability: Electric Surge|[of] p1a: Tapu Koko\n|turn|14\n|\n|t:|1700506994\n|move|p1a: Tapu Koko|Thunderbolt|p2a: Big Bird\n|-damage|p2a: Big Bird|0 fnt\n|faint|p2a: Big Bird\n|\n|upkeep\n|inactive|Linguiniyeet has 120 seconds left.\n|\n|t:|1700507021\n|switch|p2a: Is this too op?|Ogerpon-Teal-Tera, F, tera:Grass|100\/100\n|-ability|p2a: Is this too op?|Embody Aspect (Teal)|boost\n|-boost|p2a: Is this too op?|spe|1\n|turn|15\n|\n|t:|1700507043\n|switch|p1a: Landorus|Landorus-Therian, M|50\/100\n|-ability|p1a: Landorus|Intimidate|boost\n|-unboost|p2a: Is this too op?|atk|1\n|move|p2a: Is this too op?|Stomping Tantrum|p1a: Landorus\n|-immune|p1a: Landorus\n|\n|upkeep\n|turn|16\n|\n|t:|1700507054\n|switch|p2a: Monke|Munkidori, M|77\/100\n|move|p1a: Landorus|Hidden Power|p2a: Monke\n|-damage|p2a: Monke|62\/100\n|\n|upkeep\n|turn|17\n|inactive|Linguiniyeet has 120 seconds left.\n|\n|t:|1700507094\n|move|p2a: Monke|Sludge Wave|p1a: Landorus\n|-resisted|p1a: Landorus\n|-damage|p1a: Landorus|24\/100\n|move|p1a: Landorus|Earthquake|p2a: Monke\n|-supereffective|p2a: Monke\n|-damage|p2a: Monke|0 fnt\n|faint|p2a: Monke\n|\n|upkeep\n|\n|t:|1700507099\n|switch|p2a: Ferg|Greninja, M|100\/100\n|turn|18\n|\n|t:|1700507110\n|switch|p1a: Iron Valiant|Iron Valiant|100\/100\n|-activate|p1a: Iron Valiant|ability: Quark Drive\n|-start|p1a: Iron Valiant|quarkdrivespe\n|move|p2a: Ferg|Ice Beam|p1a: Iron Valiant\n|-damage|p1a: Iron Valiant|38\/100\n|-damage|p2a: Ferg|91\/100|[from] item: Life Orb\n|\n|upkeep\n|turn|19\n|\n|t:|1700507128\n|move|p1a: Iron Valiant|Thunderbolt|p2a: Ferg\n|-supereffective|p2a: Ferg\n|-damage|p2a: Ferg|0 fnt\n|faint|p2a: Ferg\n|-damage|p1a: Iron Valiant|28\/100|[from] item: Life Orb\n|\n|upkeep\n|\n|t:|1700507136\n|switch|p2a: Is this too op?|Ogerpon-Teal-Tera, F, tera:Grass|100\/100\n|-ability|p2a: Is this too op?|Embody Aspect (Teal)|boost\n|-boost|p2a: Is this too op?|spe|1\n|turn|20\n|\n|t:|1700507146\n|move|p1a: Iron Valiant|Moonblast|p2a: Is this too op?\n|-damage|p2a: Is this too op?|28\/100\n|-unboost|p2a: Is this too op?|spa|1\n|-damage|p1a: Iron Valiant|18\/100|[from] item: Life Orb\n|move|p2a: Is this too op?|Ivy Cudgel|p1a: Iron Valiant\n|-damage|p1a: Iron Valiant|0 fnt\n|faint|p1a: Iron Valiant\n|-end|p1a: Iron Valiant|Quark Drive|[silent]\n|\n|upkeep\n|\n|t:|1700507159\n|switch|p1a: Iron Moth|Iron Moth, tera:Ground|100\/100\n|-activate|p1a: Iron Moth|ability: Quark Drive\n|-start|p1a: Iron Moth|quarkdrivespe\n|turn|21\n|inactive|Linguiniyeet has 120 seconds left.\n|\n|t:|1700507190\n|move|p2a: Is this too op?|Ivy Cudgel|p1a: Iron Moth\n|-supereffective|p1a: Iron Moth\n|-damage|p1a: Iron Moth|0 fnt\n|faint|p1a: Iron Moth\n|-end|p1a: Iron Moth|Quark Drive|[silent]\n|\n|-fieldend|move: Electric Terrain\n|upkeep\n|\n|t:|1700507203\n|switch|p1a: Landorus|Landorus-Therian, M|24\/100\n|-ability|p1a: Landorus|Intimidate|boost\n|-unboost|p2a: Is this too op?|atk|1\n|turn|22\n|\n|t:|1700507215\n|move|p2a: Is this too op?|Ivy Cudgel|p1a: Landorus\n|-damage|p1a: Landorus|0 fnt\n|faint|p1a: Landorus\n|\n|upkeep\n|\n|t:|1700507221\n|switch|p1a: Tapu Koko|Tapu Koko|91\/100\n|-fieldstart|move: Electric Terrain|[from] ability: Electric Surge|[of] p1a: Tapu Koko\n|turn|23\n|\n|t:|1700507232\n|move|p2a: Is this too op?|Ivy Cudgel|p1a: Tapu Koko\n|-crit|p1a: Tapu Koko\n|-damage|p1a: Tapu Koko|0 fnt\n|faint|p1a: Tapu Koko\n|\n|win|Linguiniyeet\n|raw|tvfdsfvzxczcvdf's rating: 1106 &rarr; <strong>1077<\/strong><br \/>(-29 for losing)\n|raw|Linguiniyeet's rating: 1050 &rarr; <strong>1088<\/strong><br \/>(+38 for winning)\n|l|\u2606tvfdsfvzxczcvdf\n","uploadtime":1700507245,"views":5,"p1id":"tvfdsfvzxczcvdf","p2id":"linguiniyeet","formatid":"gen9nationaldex","rating":1077,"private":0,"password":""}