{"id":"gen9nationaldex-1998022001","p1":"WE SPIN AGAIN","p2":"Xander#8155","format":"[Gen 9] National Dex","log":"|html|<div class=\"broadcast-blue\"><strong>[Gen 9] National Dex is currently suspecting Sneasler! For information on how to participate check out the <a href=\"https:\/\/www.smogon.com\/forums\/threads\/sv-national-dex-suspect-8-just-dance.3731534\/\">suspect thread<\/a>.<\/strong><\/div>\n|j|\u2606WE SPIN AGAIN\n|j|\u2606Xander#8155\n|t:|1700880070\n|gametype|singles\n|player|p1|WE SPIN AGAIN|unknown|1215\n|player|p2|Xander#8155|grimsley|1197\n|teamsize|p1|6\n|teamsize|p2|6\n|gen|9\n|tier|[Gen 9] National Dex\n|rated|\n|rule|HP Percentage Mod: HP is shown in percentages\n|rule|Endless Battle Clause: Forcing endless battles is banned\n|rule|OHKO Clause: OHKO moves are banned\n|rule|Evasion Clause: Evasion abilities, items, and moves are banned\n|rule|Evasion Abilities Clause: Evasion abilities are banned\n|rule|Evasion Items Clause: Evasion items are banned\n|rule|Evasion Moves Clause: Evasion moves are banned\n|rule|Species Clause: Limit one of each Pok\u00e9mon\n|rule|Sleep Clause Mod: Limit one foe put to sleep\n|clearpoke\n|poke|p1|Rotom-Wash|\n|poke|p1|Tapu Koko|\n|poke|p1|Scizor, M|\n|poke|p1|Garchomp, M|\n|poke|p1|Slowbro, M|\n|poke|p1|Zapdos|\n|poke|p2|Flygon, M|\n|poke|p2|Cacturne, F|\n|poke|p2|Hippowdon, M|\n|poke|p2|Miltank, F|\n|poke|p2|Excadrill, M|\n|poke|p2|Mudsdale, F|\n|teampreview\n|\n|t:|1700880100\n|start\n|switch|p1a: Rotom|Rotom-Wash|100\/100\n|switch|p2a: Hippowdon|Hippowdon, M|100\/100\n|-weather|Sandstorm|[from] ability: Sand Stream|[of] p2a: Hippowdon\n|turn|1\n|\n|t:|1700880109\n|switch|p2a: Cacturne|Cacturne, F|100\/100\n|move|p1a: Rotom|Hydro Pump|p2a: Cacturne\n|-immune|p2a: Cacturne|[from] ability: Water Absorb\n|\n|-weather|Sandstorm|[upkeep]\n|-damage|p1a: Rotom|94\/100|[from] Sandstorm\n|-damage|p2a: Cacturne|94\/100|[from] Sandstorm\n|upkeep\n|turn|2\n|\n|t:|1700880125\n|switch|p1a: Scizor|Scizor, M|100\/100\n|move|p2a: Cacturne|Giga Drain|p1a: Scizor\n|-resisted|p1a: Scizor\n|-damage|p1a: Scizor|92\/100\n|-heal|p2a: Cacturne|99\/100|[from] drain|[of] p1a: Scizor\n|\n|-weather|Sandstorm|[upkeep]\n|-damage|p2a: Cacturne|94\/100|[from] Sandstorm\n|upkeep\n|turn|3\n|inactive|Battle timer is ON: inactive players will automatically lose when time's up. (requested by WE SPIN AGAIN)\n|\n|t:|1700880132\n|switch|p2a: Mudsdale|Mudsdale, F|100\/100\n|detailschange|p1a: Scizor|Scizor-Mega, M\n|-mega|p1a: Scizor|Scizor|Scizorite\n|move|p1a: Scizor|U-turn|p2a: Mudsdale\n|-damage|p2a: Mudsdale|79\/100\n|-damage|p1a: Scizor|75\/100|[from] item: Rocky Helmet|[of] p2a: Mudsdale\n|-ability|p2a: Mudsdale|Stamina|boost\n|-boost|p2a: Mudsdale|def|1\n|\n|t:|1700880135\n|switch|p1a: Rotom|Rotom-Wash|94\/100|[from] U-turn\n|\n|-weather|Sandstorm|[upkeep]\n|-damage|p1a: Rotom|88\/100|[from] Sandstorm\n|upkeep\n|turn|4\n|\n|t:|1700880155\n|switch|p2a: Cacturne|Cacturne, F|94\/100\n|move|p1a: Rotom|Hydro Pump|p2a: Cacturne\n|-heal|p2a: Cacturne|100\/100|[from] ability: Water Absorb|[of] p1a: Rotom\n|\n|-weather|Sandstorm|[upkeep]\n|-damage|p1a: Rotom|82\/100|[from] Sandstorm\n|-damage|p2a: Cacturne|94\/100|[from] Sandstorm\n|upkeep\n|turn|5\n|\n|t:|1700880167\n|switch|p1a: Scizor|Scizor-Mega, M|75\/100\n|move|p2a: Cacturne|Spikes|p1a: Scizor\n|-sidestart|p1: WE SPIN AGAIN|Spikes\n|\n|-weather|Sandstorm|[upkeep]\n|-damage|p2a: Cacturne|88\/100|[from] Sandstorm\n|upkeep\n|turn|6\n|\n|t:|1700880177\n|switch|p2a: Mudsdale|Mudsdale, F|79\/100\n|move|p1a: Scizor|Knock Off|p2a: Mudsdale\n|-damage|p2a: Mudsdale|58\/100\n|-damage|p1a: Scizor|59\/100|[from] item: Rocky Helmet|[of] p2a: Mudsdale\n|-ability|p2a: Mudsdale|Stamina|boost\n|-boost|p2a: Mudsdale|def|1\n|-enditem|p2a: Mudsdale|Rocky Helmet|[from] move: Knock Off|[of] p1a: Scizor\n|\n|-weather|Sandstorm|[upkeep]\n|upkeep\n|turn|7\n|\n|t:|1700880191\n|move|p1a: Scizor|U-turn|p2a: Mudsdale\n|-damage|p2a: Mudsdale|44\/100\n|-ability|p2a: Mudsdale|Stamina|boost\n|-boost|p2a: Mudsdale|def|1\n|\n|t:|1700880193\n|switch|p1a: Zapdos|Zapdos|100\/100|[from] U-turn\n|move|p2a: Mudsdale|Body Press|p1a: Zapdos\n|-resisted|p1a: Zapdos\n|-damage|p1a: Zapdos|71\/100\n|\n|-weather|Sandstorm|[upkeep]\n|-damage|p1a: Zapdos|65\/100|[from] Sandstorm\n|upkeep\n|turn|8\n|\n|t:|1700880209\n|move|p1a: Zapdos|Defog|p2a: Mudsdale\n|-unboost|p2a: Mudsdale|evasion|1\n|-sideend|p1: WE SPIN AGAIN|Spikes|[from] move: Defog|[of] p1a: Zapdos\n|move|p2a: Mudsdale|Rest|p2a: Mudsdale\n|-status|p2a: Mudsdale|slp|[from] move: Rest\n|-heal|p2a: Mudsdale|100\/100 slp|[silent]\n|\n|-weather|none\n|upkeep\n|turn|9\n|\n|t:|1700880214\n|move|p1a: Zapdos|Roost|p1a: Zapdos\n|-heal|p1a: Zapdos|100\/100\n|-singleturn|p1a: Zapdos|move: Roost\n|cant|p2a: Mudsdale|slp\n|move|p2a: Mudsdale|Sleep Talk|p2a: Mudsdale\n|move|p2a: Mudsdale|Body Press|p1a: Zapdos|[from]move: Sleep Talk\n|-damage|p1a: Zapdos|42\/100\n|\n|upkeep\n|turn|10\n|\n|t:|1700880230\n|switch|p1a: Slowbro|Slowbro, M|100\/100\n|cant|p2a: Mudsdale|slp\n|move|p2a: Mudsdale|Sleep Talk|p2a: Mudsdale\n|move|p2a: Mudsdale|Rest||[from]move: Sleep Talk|[still]\n|-fail|p2a: Mudsdale\n|\n|upkeep\n|turn|11\n|\n|t:|1700880241\n|switch|p2a: Cacturne|Cacturne, F|88\/100\n|move|p1a: Slowbro|Scald|p2a: Cacturne\n|-heal|p2a: Cacturne|100\/100|[from] ability: Water Absorb|[of] p1a: Slowbro\n|\n|upkeep\n|turn|12\n|\n|t:|1700880254\n|switch|p1a: Scizor|Scizor-Mega, M|59\/100\n|move|p2a: Cacturne|Spikes|p1a: Scizor\n|-sidestart|p1: WE SPIN AGAIN|Spikes\n|\n|upkeep\n|turn|13\n|\n|t:|1700880267\n|-terastallize|p2a: Cacturne|Ghost\n|move|p1a: Scizor|U-turn|p2a: Cacturne\n|-resisted|p2a: Cacturne\n|-damage|p2a: Cacturne|64\/100\n|\n|t:|1700880275\n|switch|p1a: Slowbro|Slowbro, M|100\/100|[from] U-turn\n|-damage|p1a: Slowbro|88\/100|[from] Spikes\n|move|p2a: Cacturne|Counter|p1a: Slowbro\n|-damage|p1a: Slowbro|36\/100\n|\n|upkeep\n|turn|14\n|\n|t:|1700880285\n|move|p2a: Cacturne|Giga Drain|p1a: Slowbro\n|-supereffective|p1a: Slowbro\n|-damage|p1a: Slowbro|0 fnt\n|-heal|p2a: Cacturne|89\/100|[from] drain|[of] p1a: Slowbro\n|faint|p1a: Slowbro\n|\n|upkeep\n|-message|WE SPIN AGAIN forfeited.\n|\n|win|Xander#8155\n|raw|WE SPIN AGAIN's rating: 1215 &rarr; <strong>1189<\/strong><br \/>(-26 for losing)\n|raw|Xander#8155's rating: 1197 &rarr; <strong>1223<\/strong><br \/>(+26 for winning)\n|l|\u2606WE SPIN AGAIN\n","uploadtime":1700880294,"views":14,"p1id":"wespinagain","p2id":"xander8155","formatid":"gen9nationaldex","rating":1189,"private":0,"password":""}