{"id":"gen9nationaldex-1994854189","p1":"krickitune fan","p2":"another\u306eikun6","format":"[Gen 9] National Dex","log":"|html|<div class=\"broadcast-blue\"><strong>[Gen 9] National Dex is currently suspecting Sneasler! For information on how to participate check out the <a href=\"https:\/\/www.smogon.com\/forums\/threads\/sv-national-dex-suspect-8-just-dance.3731534\/\">suspect thread<\/a>.<\/strong><\/div>\n|j|\u203dkrickitune fan\n|j|\u2606another\u306eikun6\n|t:|1700498851\n|gametype|singles\n|player|p1|krickitune fan|gardenia|1382\n|player|p2|another\u306eikun6|brendan|1373\n|teamsize|p1|6\n|teamsize|p2|6\n|gen|9\n|tier|[Gen 9] National Dex\n|rated|\n|rule|HP Percentage Mod: HP is shown in percentages\n|rule|Endless Battle Clause: Forcing endless battles is banned\n|rule|OHKO Clause: OHKO moves are banned\n|rule|Evasion Clause: Evasion abilities, items, and moves are banned\n|rule|Evasion Abilities Clause: Evasion abilities are banned\n|rule|Evasion Items Clause: Evasion items are banned\n|rule|Evasion Moves Clause: Evasion moves are banned\n|rule|Species Clause: Limit one of each Pok\u00e9mon\n|rule|Sleep Clause Mod: Limit one foe put to sleep\n|clearpoke\n|poke|p1|Kommo-o, M|\n|poke|p1|Heatran, M|\n|poke|p1|Rotom-Wash|\n|poke|p1|Weavile, F|\n|poke|p1|Rillaboom, F|\n|poke|p1|Mawile, F|\n|poke|p2|Weavile, M|\n|poke|p2|Ursaluna, F|\n|poke|p2|Landorus-Therian, M|\n|poke|p2|Kartana|\n|poke|p2|Iron Hands|\n|poke|p2|Banette, F|\n|teampreview\n|\n|t:|1700498856\n|start\n|switch|p1a: Heatran|Heatran, M|100\/100\n|switch|p2a: Weavile|Weavile, M|100\/100\n|turn|1\n|\n|t:|1700498861\n|move|p2a: Weavile|Low Kick|p1a: Heatran\n|-supereffective|p1a: Heatran\n|-damage|p1a: Heatran|0 fnt\n|faint|p1a: Heatran\n|\n|upkeep\n|\n|t:|1700498869\n|switch|p1a: Mawile|Mawile, F|100\/100\n|-ability|p1a: Mawile|Intimidate|boost\n|-unboost|p2a: Weavile|atk|1\n|turn|2\n|\n|t:|1700498878\n|switch|p2a: Landorus|Landorus-Therian, M|100\/100\n|-ability|p2a: Landorus|Intimidate|boost\n|-unboost|p1a: Mawile|atk|1\n|detailschange|p1a: Mawile|Mawile-Mega, F\n|-mega|p1a: Mawile|Mawile|Mawilite\n|move|p1a: Mawile|Power-Up Punch|p2a: Landorus\n|-resisted|p2a: Landorus\n|-damage|p2a: Landorus|95\/100\n|-boost|p1a: Mawile|atk|1\n|\n|upkeep\n|turn|3\n|\n|t:|1700498890\n|switch|p1a: Rotom|Rotom-Wash|100\/100\n|move|p2a: Landorus|Earthquake|p1a: Rotom\n|-immune|p1a: Rotom|[from] ability: Levitate\n|\n|upkeep\n|turn|4\n|\n|t:|1700498901\n|move|p1a: Rotom|Hydro Pump|p2a: Landorus|[miss]\n|-miss|p1a: Rotom|p2a: Landorus\n|move|p2a: Landorus|U-turn|p1a: Rotom\n|-damage|p1a: Rotom|73\/100\n|\n|t:|1700498904\n|switch|p2a: Weavile|Weavile, M|100\/100|[from] U-turn\n|\n|-heal|p1a: Rotom|79\/100|[from] item: Leftovers\n|upkeep\n|turn|5\n|\n|t:|1700498908\n|-terastallize|p2a: Weavile|Dark\n|move|p2a: Weavile|Beat Up|p1a: Rotom\n|-damage|p1a: Rotom|52\/100\n|-damage|p1a: Rotom|22\/100\n|-damage|p1a: Rotom|0 fnt\n|faint|p1a: Rotom\n|-hitcount|p1: Rotom|3\n|\n|upkeep\n|\n|t:|1700498921\n|switch|p1a: Mawile|Mawile-Mega, F|100\/100\n|turn|6\n|\n|t:|1700498929\n|switch|p2a: Landorus|Landorus-Therian, M|95\/100\n|-ability|p2a: Landorus|Intimidate|boost\n|-unboost|p1a: Mawile|atk|1\n|move|p1a: Mawile|Play Rough|p2a: Landorus\n|-damage|p2a: Landorus|56\/100\n|\n|upkeep\n|turn|7\n|\n|t:|1700498936\n|switch|p1a: Rillaboom|Rillaboom, F|100\/100\n|-fieldstart|move: Grassy Terrain|[from] ability: Grassy Surge|[of] p1a: Rillaboom\n|move|p2a: Landorus|U-turn|p1a: Rillaboom\n|-supereffective|p1a: Rillaboom\n|-damage|p1a: Rillaboom|53\/100\n|\n|t:|1700498946\n|switch|p2a: Banette|Banette, F|100\/100|[from] U-turn\n|-item|p1a: Rillaboom|Choice Band|[from] ability: Frisk|[of] p2a: Banette|[identify]\n|\n|-heal|p1a: Rillaboom|59\/100|[from] Grassy Terrain\n|upkeep\n|turn|8\n|\n|t:|1700498952\n|detailschange|p2a: Banette|Banette-Mega, F\n|-mega|p2a: Banette|Banette|Banettite\n|move|p2a: Banette|Will-O-Wisp|p1a: Rillaboom\n|-status|p1a: Rillaboom|brn\n|move|p1a: Rillaboom|U-turn|p2a: Banette\n|-resisted|p2a: Banette\n|-damage|p2a: Banette|86\/100\n|\n|t:|1700498960\n|switch|p1a: Kommo-o|Kommo-o, M|100\/100|[from] U-turn\n|\n|-heal|p2a: Banette|92\/100|[from] Grassy Terrain\n|upkeep\n|turn|9\n|\n|t:|1700498969\n|move|p2a: Banette|Destiny Bond|p2a: Banette\n|-singlemove|p2a: Banette|Destiny Bond\n|-zpower|p1a: Kommo-o\n|move|p1a: Kommo-o|Clangorous Soulblaze|p2a: Banette|[zeffect]\n|-damage|p2a: Banette|0 fnt\n|faint|p2a: Banette\n|-activate|p2a: Banette|move: Destiny Bond\n|faint|p1a: Kommo-o\n|\n|upkeep\n|\n|t:|1700498981\n|switch|p1a: Mawile|Mawile-Mega, F|100\/100\n|switch|p2a: Landorus|Landorus-Therian, M|56\/100\n|-ability|p2a: Landorus|Intimidate|boost\n|-unboost|p1a: Mawile|atk|1\n|turn|10\n|\n|t:|1700498990\n|switch|p2a: Kartana|Kartana|100\/100\n|switch|p1a: Weavile|Weavile, F|100\/100\n|-ability|p1a: Weavile|Pressure\n|\n|upkeep\n|turn|11\n|\n|t:|1700498997\n|move|p2a: Kartana|Sacred Sword|p1a: Weavile\n|-supereffective|p1a: Weavile\n|-enditem|p1a: Weavile|Focus Sash\n|-damage|p1a: Weavile|1\/100\n|move|p1a: Weavile|Swords Dance|p1a: Weavile\n|-boost|p1a: Weavile|atk|2\n|\n|-heal|p1a: Weavile|7\/100|[from] Grassy Terrain\n|-fieldend|move: Grassy Terrain\n|upkeep\n|turn|12\n|\n|t:|1700499005\n|move|p1a: Weavile|Ice Shard|p2a: Kartana\n|-damage|p2a: Kartana|62\/100\n|move|p2a: Kartana|Sacred Sword|p1a: Weavile\n|-supereffective|p1a: Weavile\n|-damage|p1a: Weavile|0 fnt\n|faint|p1a: Weavile\n|-ability|p2a: Kartana|Beast Boost|boost\n|-boost|p2a: Kartana|atk|1\n|\n|upkeep\n|\n|t:|1700499011\n|switch|p1a: Mawile|Mawile-Mega, F|100\/100\n|turn|13\n|\n|t:|1700499016\n|move|p1a: Mawile|Sucker Punch|p2a: Kartana\n|-damage|p2a: Kartana|14\/100\n|move|p2a: Kartana|Sacred Sword|p1a: Mawile\n|-damage|p1a: Mawile|41\/100\n|\n|upkeep\n|turn|14\n|\n|t:|1700499022\n|switch|p2a: Landorus|Landorus-Therian, M|56\/100\n|-ability|p2a: Landorus|Intimidate|boost\n|-unboost|p1a: Mawile|atk|1\n|move|p1a: Mawile|Sucker Punch||[still]\n|-fail|p1a: Mawile\n|\n|upkeep\n|turn|15\n|\n|t:|1700499032\n|switch|p1a: Rillaboom|Rillaboom, F|59\/100 brn\n|-fieldstart|move: Grassy Terrain|[from] ability: Grassy Surge|[of] p1a: Rillaboom\n|-zpower|p2a: Landorus\n|move|p2a: Landorus|Supersonic Skystrike|p1a: Rillaboom|[zeffect]\n|-supereffective|p1a: Rillaboom\n|-damage|p1a: Rillaboom|0 fnt\n|faint|p1a: Rillaboom\n|\n|upkeep\n|\n|t:|1700499041\n|switch|p1a: Mawile|Mawile-Mega, F|41\/100\n|turn|16\n|\n|t:|1700499047\n|move|p1a: Mawile|Sucker Punch|p2a: Landorus\n|-damage|p2a: Landorus|22\/100\n|move|p2a: Landorus|Earthquake|p1a: Mawile\n|-supereffective|p1a: Mawile\n|-damage|p1a: Mawile|0 fnt\n|faint|p1a: Mawile\n|\n|win|another\u306eikun6\n|raw|krickitune fan's rating: 1382 &rarr; <strong>1361<\/strong><br \/>(-21 for losing)\n|raw|another\u306eikun6's rating: 1373 &rarr; <strong>1394<\/strong><br \/>(+21 for winning)\n|l|\u2606another\u306eikun6\n","uploadtime":1700499054,"views":10,"p1id":"krickitunefan","p2id":"anotherikun6","formatid":"gen9nationaldex","rating":1361,"private":0,"password":""}