{"id":"gen9nationaldex-1997062097","p1":"Tunderboltz456","p2":"OkcThunder0","format":"[Gen 9] National Dex","log":"|html|<div class=\"broadcast-blue\"><strong>[Gen 9] National Dex is currently suspecting Sneasler! For information on how to participate check out the <a href=\"https:\/\/www.smogon.com\/forums\/threads\/sv-national-dex-suspect-8-just-dance.3731534\/\">suspect thread<\/a>.<\/strong><\/div>\n|j|\u2606Tunderboltz456\n|j|\u2606OkcThunder0\n|t:|1700760680\n|gametype|singles\n|player|p1|Tunderboltz456|guzma|1672\n|player|p2|OkcThunder0|101|1709\n|teamsize|p1|6\n|teamsize|p2|6\n|gen|9\n|tier|[Gen 9] National Dex\n|rated|\n|rule|HP Percentage Mod: HP is shown in percentages\n|rule|Endless Battle Clause: Forcing endless battles is banned\n|rule|OHKO Clause: OHKO moves are banned\n|rule|Evasion Clause: Evasion abilities, items, and moves are banned\n|rule|Evasion Abilities Clause: Evasion abilities are banned\n|rule|Evasion Items Clause: Evasion items are banned\n|rule|Evasion Moves Clause: Evasion moves are banned\n|rule|Species Clause: Limit one of each Pok\u00e9mon\n|rule|Sleep Clause Mod: Limit one foe put to sleep\n|clearpoke\n|poke|p1|Haxorus, M|\n|poke|p1|Hatterene, F|\n|poke|p1|Aegislash, M|\n|poke|p1|Ogerpon-Cornerstone, F|\n|poke|p1|Urshifu-*, M|\n|poke|p1|Charizard, M|\n|poke|p2|Diancie|\n|poke|p2|Clodsire, F|\n|poke|p2|Corviknight, M|\n|poke|p2|Meowscarada, F|\n|poke|p2|Kommo-o, M|\n|poke|p2|Rotom-Wash|\n|teampreview\n|inactive|Battle timer is ON: inactive players will automatically lose when time's up. (requested by Tunderboltz456)\n|c|\u2606Tunderboltz456|Hello\n|\n|t:|1700760694\n|start\n|switch|p1a: Urshifu|Urshifu-Rapid-Strike, M|100\/100\n|switch|p2a: Rotom|Rotom-Wash|100\/100\n|turn|1\n|\n|t:|1700760697\n|move|p1a: Urshifu|U-turn|p2a: Rotom\n|-damage|p2a: Rotom|76\/100\n|\n|t:|1700760700\n|switch|p1a: Ogerpon|Ogerpon-Cornerstone, F|100\/100|[from] U-turn\n|move|p2a: Rotom|Volt Switch|p1a: Ogerpon\n|-resisted|p1a: Ogerpon\n|-damage|p1a: Ogerpon|87\/100\n|\n|t:|1700760704\n|switch|p2a: Meowscarada|Meowscarada, F|100\/100|[from] Volt Switch\n|\n|upkeep\n|turn|2\n|\n|t:|1700760714\n|switch|p1a: Charizard|Charizard, M|100\/100\n|move|p2a: Meowscarada|U-turn|p1a: Charizard\n|-start|p2a: Meowscarada|typechange|Bug|[from] ability: Protean\n|-resisted|p1a: Charizard\n|-damage|p1a: Charizard|83\/100\n|c|\u2606Tunderboltz456|Ah it started\n|c|\u2606Tunderboltz456|The Madmoselle U Turn\n|\n|t:|1700760724\n|switch|p2a: Diancie|Diancie|100\/100|[from] U-turn\n|\n|upkeep\n|turn|3\n|\n|t:|1700760728\n|switch|p1a: Aegislash|Aegislash, M|100\/100\n|detailschange|p2a: Diancie|Diancie-Mega\n|-mega|p2a: Diancie|Diancie|Diancite\n|move|p2a: Diancie|Diamond Storm|p1a: Aegislash\n|-resisted|p1a: Aegislash\n|-damage|p1a: Aegislash|79\/100\n|\n|upkeep\n|turn|4\n|\n|t:|1700760735\n|switch|p2a: Kommo-o|Kommo-o, M|100\/100\n|-formechange|p1a: Aegislash|Aegislash-Blade||[from] ability: Stance Change\n|move|p1a: Aegislash|Shadow Ball|p2a: Kommo-o\n|-immune|p2a: Kommo-o|[from] ability: Bulletproof\n|\n|upkeep\n|turn|5\n|\n|t:|1700760743\n|switch|p2a: Meowscarada|Meowscarada, F|100\/100\n|switch|p1a: Hatterene|Hatterene, F|100\/100\n|\n|upkeep\n|turn|6\n|\n|t:|1700760748\n|move|p2a: Meowscarada|U-turn|p1a: Hatterene\n|-start|p2a: Meowscarada|typechange|Bug|[from] ability: Protean\n|-damage|p1a: Hatterene|64\/100\n|\n|t:|1700760755\n|switch|p2a: Clodsire|Clodsire, F|100\/100|[from] U-turn\n|move|p1a: Hatterene|Draining Kiss|p2a: Clodsire\n|-resisted|p2a: Clodsire\n|-damage|p2a: Clodsire|95\/100\n|-heal|p1a: Hatterene|70\/100|[from] drain|[of] p2a: Clodsire\n|\n|-heal|p1a: Hatterene|76\/100|[from] item: Leftovers\n|upkeep\n|turn|7\n|\n|t:|1700760761\n|move|p1a: Hatterene|Psyshock|p2a: Clodsire\n|-supereffective|p2a: Clodsire\n|-damage|p2a: Clodsire|21\/100\n|move|p2a: Clodsire|Poison Jab|p1a: Hatterene\n|-supereffective|p1a: Hatterene\n|-damage|p1a: Hatterene|38\/100\n|\n|-heal|p1a: Hatterene|44\/100|[from] item: Leftovers\n|upkeep\n|turn|8\n|\n|t:|1700760766\n|switch|p2a: Corviknight|Corviknight, M|100\/100\n|-ability|p2a: Corviknight|Pressure\n|move|p1a: Hatterene|Psyshock|p2a: Corviknight\n|-resisted|p2a: Corviknight\n|-damage|p2a: Corviknight|90\/100\n|\n|-heal|p2a: Corviknight|96\/100|[from] item: Leftovers\n|-heal|p1a: Hatterene|50\/100|[from] item: Leftovers\n|upkeep\n|turn|9\n|\n|t:|1700760780\n|move|p2a: Corviknight|U-turn|p1a: Hatterene\n|-crit|p1a: Hatterene\n|-damage|p1a: Hatterene|33\/100\n|c|\u2606Tunderboltz456|For gods\n|\n|t:|1700760786\n|switch|p2a: Kommo-o|Kommo-o, M|100\/100|[from] U-turn\n|move|p1a: Hatterene|Mystical Fire|p2a: Kommo-o\n|-resisted|p2a: Kommo-o\n|-damage|p2a: Kommo-o|91\/100\n|-unboost|p2a: Kommo-o|spa|1\n|\n|-heal|p1a: Hatterene|39\/100|[from] item: Leftovers\n|upkeep\n|turn|10\n|\n|t:|1700760800\n|switch|p2a: Corviknight|Corviknight, M|96\/100\n|-ability|p2a: Corviknight|Pressure\n|move|p1a: Hatterene|Draining Kiss|p2a: Corviknight\n|-resisted|p2a: Corviknight\n|-damage|p2a: Corviknight|86\/100\n|-heal|p1a: Hatterene|48\/100|[from] drain|[of] p2a: Corviknight\n|\n|-heal|p2a: Corviknight|92\/100|[from] item: Leftovers\n|-heal|p1a: Hatterene|54\/100|[from] item: Leftovers\n|upkeep\n|turn|11\n|\n|t:|1700760803\n|move|p2a: Corviknight|Brave Bird|p1a: Hatterene\n|-damage|p1a: Hatterene|26\/100\n|-damage|p2a: Corviknight|85\/100|[from] Recoil\n|move|p1a: Hatterene|Mystical Fire|p2a: Corviknight\n|-supereffective|p2a: Corviknight\n|-damage|p2a: Corviknight|44\/100\n|-unboost|p2a: Corviknight|spa|1\n|\n|-heal|p2a: Corviknight|50\/100|[from] item: Leftovers\n|-heal|p1a: Hatterene|32\/100|[from] item: Leftovers\n|upkeep\n|turn|12\n|\n|t:|1700760818\n|move|p2a: Corviknight|Roost|p2a: Corviknight\n|-heal|p2a: Corviknight|99\/100\n|-singleturn|p2a: Corviknight|move: Roost\n|move|p1a: Hatterene|Mystical Fire|p2a: Corviknight\n|-supereffective|p2a: Corviknight\n|-damage|p2a: Corviknight|56\/100\n|-unboost|p2a: Corviknight|spa|1\n|\n|-heal|p2a: Corviknight|62\/100|[from] item: Leftovers\n|-heal|p1a: Hatterene|38\/100|[from] item: Leftovers\n|upkeep\n|turn|13\n|\n|t:|1700760822\n|move|p2a: Corviknight|Brave Bird|p1a: Hatterene\n|-damage|p1a: Hatterene|10\/100\n|-damage|p2a: Corviknight|55\/100|[from] Recoil\n|move|p1a: Hatterene|Mystical Fire|p2a: Corviknight\n|-supereffective|p2a: Corviknight\n|-damage|p2a: Corviknight|11\/100\n|-unboost|p2a: Corviknight|spa|1\n|\n|-heal|p2a: Corviknight|17\/100|[from] item: Leftovers\n|-heal|p1a: Hatterene|16\/100|[from] item: Leftovers\n|upkeep\n|turn|14\n|\n|t:|1700760829\n|move|p2a: Corviknight|Roost|p2a: Corviknight\n|-heal|p2a: Corviknight|67\/100\n|-singleturn|p2a: Corviknight|move: Roost\n|move|p1a: Hatterene|Mystical Fire|p2a: Corviknight\n|-supereffective|p2a: Corviknight\n|-damage|p2a: Corviknight|25\/100\n|-unboost|p2a: Corviknight|spa|1\n|\n|-heal|p2a: Corviknight|32\/100|[from] item: Leftovers\n|-heal|p1a: Hatterene|22\/100|[from] item: Leftovers\n|upkeep\n|turn|15\n|\n|t:|1700760831\n|move|p2a: Corviknight|Brave Bird|p1a: Hatterene\n|-crit|p1a: Hatterene\n|-damage|p1a: Hatterene|0 fnt\n|faint|p1a: Hatterene\n|-damage|p2a: Corviknight|26\/100|[from] Recoil\n|\n|-heal|p2a: Corviknight|32\/100|[from] item: Leftovers\n|upkeep\n|\n|t:|1700760840\n|switch|p1a: Aegislash|Aegislash, M|79\/100\n|turn|16\n|\n|t:|1700760844\n|switch|p2a: Kommo-o|Kommo-o, M|91\/100\n|-formechange|p1a: Aegislash|Aegislash-Blade||[from] ability: Stance Change\n|move|p1a: Aegislash|Shadow Ball|p2a: Kommo-o\n|-immune|p2a: Kommo-o|[from] ability: Bulletproof\n|\n|upkeep\n|turn|17\n|c|\u2606Tunderboltz456|Ah nice\n|inactive|OkcThunder0 has 120 seconds left.\n|\n|t:|1700760879\n|-formechange|p1a: Aegislash|Aegislash||[from] ability: Stance Change\n|move|p1a: Aegislash|King's Shield|p1a: Aegislash\n|-singleturn|p1a: Aegislash|Protect\n|move|p2a: Kommo-o|Stealth Rock|p1a: Aegislash\n|-sidestart|p1: Tunderboltz456|move: Stealth Rock\n|\n|upkeep\n|turn|18\n|\n|t:|1700760885\n|move|p1a: Aegislash|King's Shield||[still]\n|-fail|p1a: Aegislash\n|move|p2a: Kommo-o|Flamethrower|p1a: Aegislash\n|-supereffective|p1a: Aegislash\n|-damage|p1a: Aegislash|46\/100\n|-enditem|p1a: Aegislash|Weakness Policy\n|-boost|p1a: Aegislash|atk|2|[from] item: Weakness Policy\n|-boost|p1a: Aegislash|spa|2|[from] item: Weakness Policy\n|\n|upkeep\n|turn|19\n|\n|t:|1700760901\n|move|p2a: Kommo-o|Flamethrower|p1a: Aegislash\n|-supereffective|p1a: Aegislash\n|-damage|p1a: Aegislash|12\/100\n|-formechange|p1a: Aegislash|Aegislash-Blade||[from] ability: Stance Change\n|move|p1a: Aegislash|Sacred Sword|p2a: Kommo-o\n|-damage|p2a: Kommo-o|58\/100\n|-damage|p1a: Aegislash|0 fnt|[from] item: Rocky Helmet|[of] p2a: Kommo-o\n|faint|p1a: Aegislash\n|\n|upkeep\n|\n|t:|1700760912\n|switch|p1a: Charizard|Charizard, M|83\/100\n|-damage|p1a: Charizard|33\/100|[from] Stealth Rock\n|turn|20\n|inactive|OkcThunder0 has 120 seconds left.\n|\n|t:|1700760934\n|switch|p2a: Diancie|Diancie-Mega|100\/100\n|detailschange|p1a: Charizard|Charizard-Mega-Y, M\n|-mega|p1a: Charizard|Charizard|Charizardite Y\n|-weather|SunnyDay|[from] ability: Drought|[of] p1a: Charizard\n|move|p1a: Charizard|Air Slash|p2a: Diancie\n|-resisted|p2a: Diancie\n|-damage|p2a: Diancie|68\/100\n|\n|-weather|SunnyDay|[upkeep]\n|upkeep\n|turn|21\n|\n|t:|1700760939\n|move|p2a: Diancie|Diamond Storm|p1a: Charizard\n|-supereffective|p1a: Charizard\n|-damage|p1a: Charizard|0 fnt\n|-boost|p2a: Diancie|def|2\n|faint|p1a: Charizard\n|\n|-weather|SunnyDay|[upkeep]\n|upkeep\n|\n|t:|1700760942\n|switch|p1a: Urshifu|Urshifu-Rapid-Strike, M|100\/100\n|-damage|p1a: Urshifu|94\/100|[from] Stealth Rock\n|turn|22\n|\n|t:|1700760948\n|-terastallize|p1a: Urshifu|Water\n|move|p1a: Urshifu|Surging Strikes|p2a: Diancie\n|-supereffective|p2a: Diancie\n|-crit|p2a: Diancie\n|-damage|p2a: Diancie|35\/100\n|-supereffective|p2a: Diancie\n|-crit|p2a: Diancie\n|-damage|p2a: Diancie|3\/100\n|-supereffective|p2a: Diancie\n|-crit|p2a: Diancie\n|-damage|p2a: Diancie|0 fnt\n|faint|p2a: Diancie\n|-hitcount|p2: Diancie|3\n|\n|-weather|SunnyDay|[upkeep]\n|upkeep\n|\n|t:|1700760956\n|switch|p2a: Kommo-o|Kommo-o, M|58\/100\n|turn|23\n|c|\u2606Tunderboltz456|Wont lose 6x0 to a Pivot spam\n|\n|t:|1700760960\n|move|p1a: Urshifu|Surging Strikes|p2a: Kommo-o\n|-resisted|p2a: Kommo-o\n|-crit|p2a: Kommo-o\n|-damage|p2a: Kommo-o|54\/100\n|-damage|p1a: Urshifu|78\/100|[from] item: Rocky Helmet|[of] p2a: Kommo-o\n|-resisted|p2a: Kommo-o\n|-crit|p2a: Kommo-o\n|-damage|p2a: Kommo-o|50\/100\n|-damage|p1a: Urshifu|61\/100|[from] item: Rocky Helmet|[of] p2a: Kommo-o\n|-resisted|p2a: Kommo-o\n|-crit|p2a: Kommo-o\n|-damage|p2a: Kommo-o|47\/100\n|-damage|p1a: Urshifu|45\/100|[from] item: Rocky Helmet|[of] p2a: Kommo-o\n|-hitcount|p2a: Kommo-o|3\n|move|p2a: Kommo-o|Body Press|p1a: Urshifu\n|-damage|p1a: Urshifu|4\/100\n|\n|-weather|SunnyDay|[upkeep]\n|upkeep\n|turn|24\n|\n|t:|1700760967\n|move|p1a: Urshifu|Surging Strikes|p2a: Kommo-o\n|-resisted|p2a: Kommo-o\n|-crit|p2a: Kommo-o\n|-damage|p2a: Kommo-o|43\/100\n|-damage|p1a: Urshifu|0 fnt|[from] item: Rocky Helmet|[of] p2a: Kommo-o\n|faint|p1a: Urshifu\n|-hitcount|p2a: Kommo-o|1\n|move|p2a: Kommo-o|Body Press|p1: Urshifu|[notarget]\n|-fail|p2a: Kommo-o\n|\n|-weather|none\n|upkeep\n|\n|t:|1700760981\n|switch|p1a: Haxorus|Haxorus, M, shiny|100\/100\n|-damage|p1a: Haxorus|88\/100|[from] Stealth Rock\n|-ability|p1a: Haxorus|Mold Breaker\n|turn|25\n|\n|t:|1700760994\n|move|p1a: Haxorus|Dragon Dance|p1a: Haxorus\n|-boost|p1a: Haxorus|atk|1\n|-boost|p1a: Haxorus|spe|1\n|move|p2a: Kommo-o|Body Press|p1a: Haxorus\n|-damage|p1a: Haxorus|33\/100\n|\n|upkeep\n|turn|26\n|\n|t:|1700761011\n|switch|p2a: Clodsire|Clodsire, F|21\/100\n|move|p1a: Haxorus|Outrage|p2a: Clodsire\n|-damage|p2a: Clodsire|0 fnt\n|faint|p2a: Clodsire\n|\n|upkeep\n|\n|t:|1700761020\n|switch|p2a: Kommo-o|Kommo-o, M|43\/100\n|turn|27\n|\n|t:|1700761024\n|-terastallize|p2a: Kommo-o|Steel\n|move|p1a: Haxorus|Outrage|p2a: Kommo-o|[from]lockedmove\n|-resisted|p2a: Kommo-o\n|-damage|p2a: Kommo-o|10\/100\n|-damage|p1a: Haxorus|17\/100|[from] item: Rocky Helmet|[of] p2a: Kommo-o\n|-start|p1a: Haxorus|confusion|[fatigue]\n|-enditem|p1a: Haxorus|Lum Berry|[eat]\n|-end|p1a: Haxorus|confusion\n|move|p2a: Kommo-o|Body Press|p1a: Haxorus\n|-damage|p1a: Haxorus|0 fnt\n|faint|p1a: Haxorus\n|\n|upkeep\n|\n|t:|1700761027\n|switch|p1a: Ogerpon|Ogerpon-Cornerstone, F|87\/100\n|-damage|p1a: Ogerpon|74\/100|[from] Stealth Rock\n|turn|28\n|\n|t:|1700761032\n|move|p1a: Ogerpon|Ivy Cudgel|p2a: Kommo-o|[anim] Ivy Cudgel Rock\n|-resisted|p2a: Kommo-o\n|-crit|p2a: Kommo-o\n|-damage|p2a: Kommo-o|0 fnt\n|faint|p2a: Kommo-o\n|\n|upkeep\n|\n|t:|1700761035\n|switch|p2a: Meowscarada|Meowscarada, F|100\/100\n|turn|29\n|\n|t:|1700761056\n|move|p2a: Meowscarada|U-turn|p1a: Ogerpon\n|-start|p2a: Meowscarada|typechange|Bug|[from] ability: Protean\n|-supereffective|p1a: Ogerpon\n|-damage|p1a: Ogerpon|0 fnt\n|faint|p1a: Ogerpon\n|\n|win|OkcThunder0\n|raw|Tunderboltz456's rating: 1672 &rarr; <strong>1654<\/strong><br \/>(-18 for losing)\n|raw|OkcThunder0's rating: 1709 &rarr; <strong>1727<\/strong><br \/>(+18 for winning)\n|c|\u2606Tunderboltz456|Nice\n|c|\u2606OkcThunder0|gg!\n|c|\u2606Tunderboltz456|Good game Uturnoob\n|l|\u2606Tunderboltz456\n|c|\u2606OkcThunder0|Thank you!!\n","uploadtime":1700761165,"views":10,"p1id":"tunderboltz456","p2id":"okcthunder0","formatid":"gen9nationaldex","rating":1654,"private":0,"password":""}