{"id":"gen9nationaldex-1990958415","p1":"mtyqjltz5","p2":"ANOTHERDAYWILLCOME","format":"[Gen 9] National Dex","log":"|j|\u2606mtyqjltz5\n|j|\u2606ANOTHERDAYWILLCOME\n|t:|1700019811\n|gametype|singles\n|player|p1|mtyqjltz5|elesa|1392\n|player|p2|ANOTHERDAYWILLCOME|gambler|1368\n|teamsize|p1|6\n|teamsize|p2|6\n|gen|9\n|tier|[Gen 9] National Dex\n|rated|\n|rule|HP Percentage Mod: HP is shown in percentages\n|rule|Endless Battle Clause: Forcing endless battles is banned\n|rule|OHKO Clause: OHKO moves are banned\n|rule|Evasion Clause: Evasion abilities, items, and moves are banned\n|rule|Evasion Abilities Clause: Evasion abilities are banned\n|rule|Evasion Items Clause: Evasion items are banned\n|rule|Evasion Moves Clause: Evasion moves are banned\n|rule|Species Clause: Limit one of each Pok\u00e9mon\n|rule|Sleep Clause Mod: Limit one foe put to sleep\n|clearpoke\n|poke|p1|Pidgeot, M|\n|poke|p1|Weezing-Galar, M|\n|poke|p1|Heatran, M|\n|poke|p1|Rillaboom, M|\n|poke|p1|Urshifu-*, M|\n|poke|p1|Slowking-Galar, F|\n|poke|p2|Latios, M|\n|poke|p2|Tapu Lele|\n|poke|p2|Alakazam, F|\n|poke|p2|Maushold|\n|poke|p2|Aegislash, F|\n|poke|p2|Blaziken, M|\n|teampreview\n|inactive|Battle timer is ON: inactive players will automatically lose when time's up. (requested by mtyqjltz5)\n|\n|t:|1700019831\n|start\n|switch|p1a: Urshifu|Urshifu-Rapid-Strike, M|100\/100\n|switch|p2a: Tapu Lele|Tapu Lele|100\/100\n|-fieldstart|move: Psychic Terrain|[from] ability: Psychic Surge|[of] p2a: Tapu Lele\n|turn|1\n|\n|t:|1700019843\n|switch|p2a: Maushold|Maushold|100\/100\n|move|p1a: Urshifu|Surging Strikes|p2a: Maushold\n|-crit|p2a: Maushold\n|-damage|p2a: Maushold|71\/100\n|-crit|p2a: Maushold\n|-damage|p2a: Maushold|39\/100\n|-crit|p2a: Maushold\n|-damage|p2a: Maushold|8\/100\n|-hitcount|p2a: Maushold|3\n|\n|upkeep\n|turn|2\n|\n|t:|1700019853\n|move|p1a: Urshifu|Surging Strikes|p2a: Maushold\n|-crit|p2a: Maushold\n|-damage|p2a: Maushold|0 fnt\n|faint|p2a: Maushold\n|-hitcount|p2: Maushold|1\n|\n|upkeep\n|\n|t:|1700019859\n|switch|p2a: Latios|Latios, M|100\/100\n|turn|3\n|\n|t:|1700019862\n|switch|p1a: Heatran|Heatran, M|100\/100\n|detailschange|p2a: Latios|Latios-Mega, M\n|-mega|p2a: Latios|Latios|Latiosite\n|move|p2a: Latios|Calm Mind|p2a: Latios\n|-boost|p2a: Latios|spa|1\n|-boost|p2a: Latios|spd|1\n|\n|upkeep\n|turn|4\n|\n|t:|1700019873\n|move|p2a: Latios|Calm Mind|p2a: Latios\n|-boost|p2a: Latios|spa|1\n|-boost|p2a: Latios|spd|1\n|move|p1a: Heatran|Taunt|p2a: Latios\n|-start|p2a: Latios|move: Taunt\n|\n|upkeep\n|turn|5\n|\n|t:|1700019875\n|move|p2a: Latios|Aura Sphere|p1a: Heatran\n|-supereffective|p1a: Heatran\n|-damage|p1a: Heatran|19\/100\n|move|p1a: Heatran|Magma Storm|p2a: Latios\n|-resisted|p2a: Latios\n|-damage|p2a: Latios|90\/100\n|-activate|p2a: Latios|move: Magma Storm|[of] p1a: Heatran\n|\n|-heal|p1a: Heatran|25\/100|[from] item: Leftovers\n|-damage|p2a: Latios|78\/100|[from] move: Magma Storm|[partiallytrapped]\n|upkeep\n|turn|6\n|\n|t:|1700019889\n|move|p2a: Latios|Aura Sphere|p1a: Heatran\n|-supereffective|p1a: Heatran\n|-damage|p1a: Heatran|0 fnt\n|faint|p1a: Heatran\n|\n|-end|p2a: Latios|Magma Storm|[partiallytrapped]|[silent]\n|upkeep\n|\n|t:|1700019892\n|switch|p1a: Urshifu|Urshifu-Rapid-Strike, M|100\/100\n|turn|7\n|\n|t:|1700019894\n|move|p1a: Urshifu|U-turn|p2a: Latios\n|-supereffective|p2a: Latios\n|-damage|p2a: Latios|22\/100\n|\n|t:|1700019918\n|switch|p1a: Slowking|Slowking-Galar, F|100\/100|[from] U-turn\n|move|p2a: Latios|Psyshock|p1a: Slowking\n|-damage|p1a: Slowking|29\/100\n|\n|-end|p2a: Latios|move: Taunt\n|upkeep\n|turn|8\n|\n|t:|1700019930\n|move|p2a: Latios|Psyshock|p1a: Slowking\n|-damage|p1a: Slowking|0 fnt\n|faint|p1a: Slowking\n|\n|-fieldend|move: Psychic Terrain\n|upkeep\n|\n|t:|1700019933\n|switch|p1a: Urshifu|Urshifu-Rapid-Strike, M|100\/100\n|turn|9\n|\n|t:|1700019935\n|move|p1a: Urshifu|U-turn|p2a: Latios\n|-supereffective|p2a: Latios\n|-damage|p2a: Latios|0 fnt\n|faint|p2a: Latios\n|\n|t:|1700019949\n|switch|p1a: Weezing|Weezing-Galar, M|100\/100|[from] U-turn\n|\n|upkeep\n|\n|t:|1700019958\n|switch|p2a: Tapu Lele|Tapu Lele|100\/100\n|-fieldstart|move: Psychic Terrain|[from] ability: Psychic Surge|[of] p2a: Tapu Lele\n|turn|10\n|\n|t:|1700019965\n|switch|p1a: Rillaboom|Rillaboom, M|100\/100\n|-fieldstart|move: Grassy Terrain|[from] ability: Grassy Surge|[of] p1a: Rillaboom\n|move|p2a: Tapu Lele|Psyshock|p1a: Rillaboom\n|-damage|p1a: Rillaboom|53\/100\n|\n|-heal|p1a: Rillaboom|59\/100|[from] Grassy Terrain\n|upkeep\n|turn|11\n|\n|t:|1700019981\n|switch|p2a: Aegislash|Aegislash, F|100\/100\n|move|p1a: Rillaboom|U-turn|p2a: Aegislash\n|-resisted|p2a: Aegislash\n|-damage|p2a: Aegislash|94\/100\n|\n|t:|1700019998\n|switch|p1a: Pidgeot|Pidgeot, M, shiny|100\/100|[from] U-turn\n|\n|-heal|p2a: Aegislash|99\/100|[from] Grassy Terrain\n|-heal|p2a: Aegislash|100\/100|[from] item: Leftovers\n|upkeep\n|turn|12\n|\n|t:|1700020002\n|switch|p2a: Tapu Lele|Tapu Lele|100\/100\n|-fieldstart|move: Psychic Terrain|[from] ability: Psychic Surge|[of] p2a: Tapu Lele\n|detailschange|p1a: Pidgeot|Pidgeot-Mega, M, shiny\n|-mega|p1a: Pidgeot|Pidgeot|Pidgeotite\n|move|p1a: Pidgeot|Heat Wave|p2a: Tapu Lele\n|-damage|p2a: Tapu Lele|66\/100\n|\n|upkeep\n|turn|13\n|\n|t:|1700020017\n|switch|p1a: Rillaboom|Rillaboom, M|59\/100\n|-fieldstart|move: Grassy Terrain|[from] ability: Grassy Surge|[of] p1a: Rillaboom\n|move|p2a: Tapu Lele|Moonblast|p1a: Rillaboom\n|-damage|p1a: Rillaboom|0 fnt\n|faint|p1a: Rillaboom\n|\n|-heal|p2a: Tapu Lele|72\/100|[from] Grassy Terrain\n|upkeep\n|\n|t:|1700020031\n|switch|p1a: Urshifu|Urshifu-Rapid-Strike, M|100\/100\n|turn|14\n|\n|t:|1700020034\n|switch|p2a: Alakazam|Alakazam, F|100\/100\n|move|p1a: Urshifu|Surging Strikes|p2a: Alakazam\n|-crit|p2a: Alakazam\n|-damage|p2a: Alakazam|52\/100\n|-crit|p2a: Alakazam\n|-damage|p2a: Alakazam|4\/100\n|-crit|p2a: Alakazam\n|-damage|p2a: Alakazam|0 fnt\n|faint|p2a: Alakazam\n|-hitcount|p2: Alakazam|3\n|\n|upkeep\n|\n|t:|1700020040\n|switch|p2a: Tapu Lele|Tapu Lele|72\/100\n|-fieldstart|move: Psychic Terrain|[from] ability: Psychic Surge|[of] p2a: Tapu Lele\n|turn|15\n|\n|t:|1700020042\n|move|p1a: Urshifu|Surging Strikes|p2a: Tapu Lele\n|-crit|p2a: Tapu Lele\n|-damage|p2a: Tapu Lele|41\/100\n|-crit|p2a: Tapu Lele\n|-damage|p2a: Tapu Lele|11\/100\n|-crit|p2a: Tapu Lele\n|-damage|p2a: Tapu Lele|0 fnt\n|faint|p2a: Tapu Lele\n|-hitcount|p2: Tapu Lele|3\n|\n|upkeep\n|\n|t:|1700020045\n|switch|p2a: Aegislash|Aegislash, F|100\/100\n|turn|16\n|\n|t:|1700020054\n|-terastallize|p1a: Urshifu|Water\n|move|p1a: Urshifu|Surging Strikes|p2a: Aegislash\n|-crit|p2a: Aegislash\n|-damage|p2a: Aegislash|80\/100\n|-crit|p2a: Aegislash\n|-damage|p2a: Aegislash|59\/100\n|-crit|p2a: Aegislash\n|-damage|p2a: Aegislash|39\/100\n|-hitcount|p2a: Aegislash|3\n|move|p2a: Aegislash|Swords Dance|p2a: Aegislash\n|-boost|p2a: Aegislash|atk|2\n|\n|-heal|p2a: Aegislash|46\/100|[from] item: Leftovers\n|upkeep\n|turn|17\n|\n|t:|1700020068\n|-formechange|p2a: Aegislash|Aegislash-Blade||[from] ability: Stance Change\n|move|p2a: Aegislash|Shadow Sneak|p1a: Urshifu\n|-activate|p1a: Urshifu|move: Psychic Terrain\n|move|p1a: Urshifu|Surging Strikes|p2a: Aegislash\n|-crit|p2a: Aegislash\n|-damage|p2a: Aegislash|0 fnt\n|faint|p2a: Aegislash\n|-hitcount|p2: Aegislash|1\n|\n|upkeep\n|\n|t:|1700020074\n|switch|p2a: Blaziken|Blaziken, M|100\/100\n|-item|p2a: Blaziken|Air Balloon\n|turn|18\n|\n|t:|1700020077\n|-terastallize|p2a: Blaziken|Flying\n|move|p1a: Urshifu|Surging Strikes|p2a: Blaziken\n|-crit|p2a: Blaziken\n|-damage|p2a: Blaziken|61\/100\n|-enditem|p2a: Blaziken|Air Balloon\n|-crit|p2a: Blaziken\n|-damage|p2a: Blaziken|18\/100\n|-crit|p2a: Blaziken\n|-damage|p2a: Blaziken|0 fnt\n|faint|p2a: Blaziken\n|-hitcount|p2: Blaziken|3\n|\n|win|mtyqjltz5\n|raw|mtyqjltz5's rating: 1392 &rarr; <strong>1411<\/strong><br \/>(+19 for winning)\n|raw|ANOTHERDAYWILLCOME's rating: 1368 &rarr; <strong>1349<\/strong><br \/>(-19 for losing)\n|l|\u2606ANOTHERDAYWILLCOME\n","uploadtime":1700020091,"views":4,"p1id":"mtyqjltz5","p2id":"anotherdaywillcome","formatid":"gen9nationaldex","rating":1349,"private":0,"password":""}