{"id":"gen9nationaldex-1996183612","p1":"sleeeptalking","p2":"Djdq\u840c\u65b0","format":"[Gen 9] National Dex","log":"|html|<div class=\"broadcast-blue\"><strong>[Gen 9] National Dex is currently suspecting Sneasler! For information on how to participate check out the <a href=\"https:\/\/www.smogon.com\/forums\/threads\/sv-national-dex-suspect-8-just-dance.3731534\/\">suspect thread<\/a>.<\/strong><\/div>\n|j|\u2606sleeeptalking\n|j|\u2606Djdq\u840c\u65b0\n|t:|1700656264\n|gametype|singles\n|player|p1|sleeeptalking|cyclist|1579\n|player|p2|Djdq\u840c\u65b0|dawn-gen4pt|1631\n|teamsize|p1|6\n|teamsize|p2|6\n|gen|9\n|tier|[Gen 9] National Dex\n|rated|\n|rule|HP Percentage Mod: HP is shown in percentages\n|rule|Endless Battle Clause: Forcing endless battles is banned\n|rule|OHKO Clause: OHKO moves are banned\n|rule|Evasion Clause: Evasion abilities, items, and moves are banned\n|rule|Evasion Abilities Clause: Evasion abilities are banned\n|rule|Evasion Items Clause: Evasion items are banned\n|rule|Evasion Moves Clause: Evasion moves are banned\n|rule|Species Clause: Limit one of each Pok\u00e9mon\n|rule|Sleep Clause Mod: Limit one foe put to sleep\n|clearpoke\n|poke|p1|Torkoal, F|\n|poke|p1|Tapu Lele|\n|poke|p1|Banette, M|\n|poke|p1|Sneasler, M|\n|poke|p1|Great Tusk|\n|poke|p1|Garganacl, M|\n|poke|p2|Banette, M|\n|poke|p2|Heatran, M|\n|poke|p2|Landorus-Therian, M|\n|poke|p2|Moltres|\n|poke|p2|Conkeldurr, F|\n|poke|p2|Kartana|\n|teampreview\n|inactive|Battle timer is ON: inactive players will automatically lose when time's up. (requested by sleeeptalking)\n|\n|t:|1700656275\n|start\n|switch|p1a: Banette|Banette, M|100\/100\n|switch|p2a: Landorus|Landorus-Therian, M|100\/100\n|-ability|p2a: Landorus|Intimidate|boost\n|-unboost|p1a: Banette|atk|1\n|-item|p2a: Landorus|Leftovers|[from] ability: Frisk|[of] p1a: Banette|[identify]\n|turn|1\n|\n|t:|1700656280\n|detailschange|p1a: Banette|Banette-Mega, M\n|-mega|p1a: Banette|Banette|Banettite\n|move|p2a: Landorus|U-turn|p1a: Banette\n|-resisted|p1a: Banette\n|-damage|p1a: Banette|80\/100\n|\n|t:|1700656286\n|switch|p2a: Moltres|Moltres|100\/100|[from] U-turn\n|move|p1a: Banette|Poltergeist|p2a: Moltres\n|-activate|p2a: Moltres|move: Poltergeist|Heavy-Duty Boots\n|-damage|p2a: Moltres|68\/100\n|\n|upkeep\n|turn|2\n|\n|t:|1700656295\n|switch|p1a: Garganacl|Garganacl, M|100\/100\n|move|p2a: Moltres|U-turn|p1a: Garganacl\n|-damage|p1a: Garganacl|93\/100\n|\n|t:|1700656299\n|switch|p2a: Conkeldurr|Conkeldurr, F|100\/100|[from] U-turn\n|\n|-heal|p1a: Garganacl|99\/100|[from] item: Leftovers\n|upkeep\n|turn|3\n|\n|t:|1700656310\n|switch|p1a: Banette|Banette-Mega, M|80\/100\n|move|p2a: Conkeldurr|Substitute|p2a: Conkeldurr\n|-start|p2a: Conkeldurr|Substitute\n|-damage|p2a: Conkeldurr|76\/100\n|\n|-heal|p2a: Conkeldurr|82\/100|[from] item: Leftovers\n|upkeep\n|turn|4\n|\n|t:|1700656318\n|move|p1a: Banette|Encore|p2a: Conkeldurr\n|-start|p2a: Conkeldurr|Encore\n|move|p2a: Conkeldurr|Substitute|p2a: Conkeldurr\n|-fail|p2a: Conkeldurr|move: Substitute\n|\n|-heal|p2a: Conkeldurr|88\/100|[from] item: Leftovers\n|upkeep\n|turn|5\n|\n|t:|1700656321\n|move|p1a: Banette|Poltergeist|p2a: Conkeldurr\n|-activate|p2a: Conkeldurr|move: Poltergeist|Leftovers\n|-end|p2a: Conkeldurr|Substitute\n|move|p2a: Conkeldurr|Substitute|p2a: Conkeldurr\n|-start|p2a: Conkeldurr|Substitute\n|-damage|p2a: Conkeldurr|63\/100\n|\n|-heal|p2a: Conkeldurr|69\/100|[from] item: Leftovers\n|upkeep\n|turn|6\n|\n|t:|1700656328\n|switch|p2a: Moltres|Moltres|68\/100\n|move|p1a: Banette|Shadow Sneak|p2a: Moltres\n|-damage|p2a: Moltres|50\/100\n|\n|upkeep\n|turn|7\n|\n|t:|1700656334\n|move|p1a: Banette|Poltergeist|p2a: Moltres|[miss]\n|-miss|p1a: Banette|p2a: Moltres\n|move|p2a: Moltres|Roost|p2a: Moltres\n|-heal|p2a: Moltres|100\/100\n|-singleturn|p2a: Moltres|move: Roost\n|\n|upkeep\n|turn|8\n|\n|t:|1700656355\n|move|p1a: Banette|Poltergeist|p2a: Moltres|[miss]\n|-miss|p1a: Banette|p2a: Moltres\n|move|p2a: Moltres|U-turn|p1a: Banette\n|-resisted|p1a: Banette\n|-damage|p1a: Banette|69\/100\n|\n|t:|1700656359\n|switch|p2a: Landorus|Landorus-Therian, M|100\/100|[from] U-turn\n|-ability|p2a: Landorus|Intimidate|boost\n|-unboost|p1a: Banette|atk|1\n|\n|upkeep\n|turn|9\n|c|\u2606sleeeptalking|...\n|\n|t:|1700656372\n|switch|p1a: Torkoal|Torkoal, F|100\/100\n|-weather|SunnyDay|[from] ability: Drought|[of] p1a: Torkoal\n|move|p2a: Landorus|U-turn|p1a: Torkoal\n|-resisted|p1a: Torkoal\n|-damage|p1a: Torkoal|93\/100\n|\n|t:|1700656381\n|switch|p2a: Conkeldurr|Conkeldurr, F|69\/100|[from] U-turn\n|\n|-weather|SunnyDay|[upkeep]\n|-heal|p2a: Conkeldurr|75\/100|[from] item: Leftovers\n|upkeep\n|turn|10\n|\n|t:|1700656399\n|move|p2a: Conkeldurr|Knock Off|p1a: Torkoal\n|-damage|p1a: Torkoal|70\/100\n|-enditem|p1a: Torkoal|Eject Pack|[from] move: Knock Off|[of] p2a: Conkeldurr\n|move|p1a: Torkoal|Overheat|p2a: Conkeldurr\n|-damage|p2a: Conkeldurr|0 fnt\n|-unboost|p1a: Torkoal|spa|2\n|faint|p2a: Conkeldurr\n|\n|-weather|SunnyDay|[upkeep]\n|upkeep\n|\n|t:|1700656410\n|switch|p2a: Landorus|Landorus-Therian, M|100\/100\n|-ability|p2a: Landorus|Intimidate|boost\n|-unboost|p1a: Torkoal|atk|1\n|turn|11\n|\n|t:|1700656417\n|switch|p1a: Great Tusk|Great Tusk|100\/100\n|-activate|p1a: Great Tusk|ability: Protosynthesis\n|-start|p1a: Great Tusk|protosynthesisspe\n|move|p2a: Landorus|Earthquake|p1a: Great Tusk\n|-damage|p1a: Great Tusk|66\/100\n|\n|-weather|SunnyDay|[upkeep]\n|upkeep\n|turn|12\n|\n|t:|1700656427\n|switch|p2a: Moltres|Moltres|100\/100\n|move|p1a: Great Tusk|Bulk Up|p1a: Great Tusk\n|-boost|p1a: Great Tusk|atk|1\n|-boost|p1a: Great Tusk|def|1\n|\n|-weather|SunnyDay|[upkeep]\n|upkeep\n|turn|13\n|\n|t:|1700656437\n|-end|p1a: Great Tusk|Protosynthesis|[silent]\n|switch|p1a: Garganacl|Garganacl, M|99\/100\n|move|p2a: Moltres|U-turn|p1a: Garganacl\n|-damage|p1a: Garganacl|90\/100\n|\n|t:|1700656448\n|switch|p2a: Landorus|Landorus-Therian, M|100\/100|[from] U-turn\n|-ability|p2a: Landorus|Intimidate|boost\n|-unboost|p1a: Garganacl|atk|1\n|\n|-weather|none\n|-heal|p1a: Garganacl|96\/100|[from] item: Leftovers\n|upkeep\n|turn|14\n|\n|t:|1700656456\n|move|p2a: Landorus|Earthquake|p1a: Garganacl\n|-supereffective|p1a: Garganacl\n|-damage|p1a: Garganacl|30\/100\n|move|p1a: Garganacl|Curse|p1a: Garganacl\n|-unboost|p1a: Garganacl|spe|1\n|-boost|p1a: Garganacl|atk|1\n|-boost|p1a: Garganacl|def|1\n|\n|-heal|p1a: Garganacl|37\/100|[from] item: Leftovers\n|upkeep\n|turn|15\n|\n|t:|1700656465\n|move|p1a: Garganacl|Protect|p1a: Garganacl\n|-singleturn|p1a: Garganacl|Protect\n|move|p2a: Landorus|Stealth Rock|p1a: Garganacl\n|-sidestart|p1: sleeeptalking|move: Stealth Rock\n|\n|-heal|p1a: Garganacl|43\/100|[from] item: Leftovers\n|upkeep\n|turn|16\n|\n|t:|1700656474\n|-terastallize|p1a: Garganacl|Ghost\n|move|p2a: Landorus|Earthquake|p1a: Garganacl\n|-damage|p1a: Garganacl|23\/100\n|move|p1a: Garganacl|Recover|p1a: Garganacl\n|-heal|p1a: Garganacl|73\/100\n|\n|-heal|p1a: Garganacl|79\/100|[from] item: Leftovers\n|upkeep\n|turn|17\n|\n|t:|1700656479\n|move|p2a: Landorus|Knock Off|p1a: Garganacl\n|-supereffective|p1a: Garganacl\n|-damage|p1a: Garganacl|54\/100\n|-enditem|p1a: Garganacl|Leftovers|[from] move: Knock Off|[of] p2a: Landorus\n|move|p1a: Garganacl|Salt Cure|p2a: Landorus\n|-damage|p2a: Landorus|85\/100\n|-start|p2a: Landorus|Salt Cure\n|\n|-heal|p2a: Landorus|91\/100|[from] item: Leftovers\n|-damage|p2a: Landorus|79\/100|[from] Salt Cure\n|upkeep\n|turn|18\n|\n|t:|1700656487\n|move|p2a: Landorus|U-turn|p1a: Garganacl\n|-resisted|p1a: Garganacl\n|-damage|p1a: Garganacl|49\/100\n|\n|t:|1700656489\n|switch|p2a: Banette|Banette, M|100\/100|[from] U-turn\n|move|p1a: Garganacl|Recover|p1a: Garganacl\n|-heal|p1a: Garganacl|99\/100\n|\n|upkeep\n|turn|19\n|\n|t:|1700656496\n|detailschange|p2a: Banette|Banette-Mega, M\n|-mega|p2a: Banette|Banette|Banettite\n|move|p2a: Banette|Encore|p1a: Garganacl\n|-start|p1a: Garganacl|Encore\n|move|p1a: Garganacl|Recover|p1a: Garganacl\n|-heal|p1a: Garganacl|100\/100\n|\n|upkeep\n|turn|20\n|\n|t:|1700656508\n|switch|p1a: Torkoal|Torkoal, F|70\/100\n|-damage|p1a: Torkoal|45\/100|[from] Stealth Rock\n|-weather|SunnyDay|[from] ability: Drought|[of] p1a: Torkoal\n|move|p2a: Banette|Shadow Sneak|p1a: Torkoal\n|-damage|p1a: Torkoal|28\/100\n|\n|-weather|SunnyDay|[upkeep]\n|upkeep\n|turn|21\n|\n|t:|1700656518\n|switch|p2a: Heatran|Heatran, M|100\/100\n|move|p1a: Torkoal|Overheat|p2a: Heatran\n|-start|p2a: Heatran|ability: Flash Fire\n|\n|-weather|SunnyDay|[upkeep]\n|upkeep\n|turn|22\n|\n|t:|1700656531\n|-end|p2a: Heatran|ability: Flash Fire|[silent]\n|switch|p2a: Landorus|Landorus-Therian, M|79\/100\n|-ability|p2a: Landorus|Intimidate|boost\n|-unboost|p1a: Torkoal|atk|1\n|move|p1a: Torkoal|Body Press|p2a: Landorus\n|-resisted|p2a: Landorus\n|-damage|p2a: Landorus|60\/100\n|\n|-weather|SunnyDay|[upkeep]\n|-heal|p2a: Landorus|66\/100|[from] item: Leftovers\n|upkeep\n|turn|23\n|\n|t:|1700656541\n|switch|p1a: Tapu Lele|Tapu Lele|100\/100\n|-damage|p1a: Tapu Lele|88\/100|[from] Stealth Rock\n|-fieldstart|move: Psychic Terrain|[from] ability: Psychic Surge|[of] p1a: Tapu Lele\n|move|p2a: Landorus|Earthquake|p1a: Tapu Lele\n|-crit|p1a: Tapu Lele\n|-damage|p1a: Tapu Lele|0 fnt\n|faint|p1a: Tapu Lele\n|\n|-weather|SunnyDay|[upkeep]\n|-heal|p2a: Landorus|72\/100|[from] item: Leftovers\n|upkeep\n|\n|t:|1700656545\n|switch|p1a: Sneasler|Sneasler, M|100\/100\n|-damage|p1a: Sneasler|95\/100|[from] Stealth Rock\n|-enditem|p1a: Sneasler|Psychic Seed\n|-boost|p1a: Sneasler|spd|1|[from] item: Psychic Seed\n|turn|24\n|\n|t:|1700656552\n|move|p1a: Sneasler|Acrobatics|p2a: Landorus\n|-crit|p2a: Landorus\n|-damage|p2a: Landorus|9\/100\n|move|p2a: Landorus|Earthquake|p1a: Sneasler\n|-supereffective|p1a: Sneasler\n|-damage|p1a: Sneasler|0 fnt\n|faint|p1a: Sneasler\n|\n|-weather|none\n|-heal|p2a: Landorus|15\/100|[from] item: Leftovers\n|upkeep\n|-message|sleeeptalking forfeited.\n|\n|win|Djdq\u840c\u65b0\n|raw|sleeeptalking's rating: 1579 &rarr; <strong>1562<\/strong><br \/>(-17 for losing)\n|raw|Djdq\u840c\u65b0's rating: 1631 &rarr; <strong>1648<\/strong><br \/>(+17 for winning)\n|l|\u2606sleeeptalking\n|l|\u2606Djdq\u840c\u65b0\n|j|\u2606Djdq\u840c\u65b0\n|player|p2|Djdq\u840c\u65b0|dawn-gen4pt\n","uploadtime":1700656720,"views":0,"p1id":"sleeeptalking","p2id":"djdq","formatid":"gen9nationaldex","rating":1562,"private":0,"password":""}