{"id":"gen9nationaldex-1992484745","p1":"FTLJustice","p2":"Tsukuyomi1098","format":"[Gen 9] National Dex","log":"|j|\u2606FTLJustice\n|j|\u2606Tsukuyomi1098\n|t:|1700193415\n|gametype|singles\n|player|p1|FTLJustice|blue|1104\n|player|p2|Tsukuyomi1098|veteran-gen4|1137\n|teamsize|p1|6\n|teamsize|p2|6\n|gen|9\n|tier|[Gen 9] National Dex\n|rated|\n|rule|HP Percentage Mod: HP is shown in percentages\n|rule|Endless Battle Clause: Forcing endless battles is banned\n|rule|OHKO Clause: OHKO moves are banned\n|rule|Evasion Clause: Evasion abilities, items, and moves are banned\n|rule|Evasion Abilities Clause: Evasion abilities are banned\n|rule|Evasion Items Clause: Evasion items are banned\n|rule|Evasion Moves Clause: Evasion moves are banned\n|rule|Species Clause: Limit one of each Pok\u00e9mon\n|rule|Sleep Clause Mod: Limit one foe put to sleep\n|clearpoke\n|poke|p1|Swampert, M|\n|poke|p1|Pelipper, F|\n|poke|p1|Amoonguss, M|\n|poke|p1|Armaldo, F|\n|poke|p1|Pawmot, M|\n|poke|p1|Samurott-Hisui, F|\n|poke|p2|Garchomp, M|\n|poke|p2|Ursaluna, M|\n|poke|p2|Manaphy|\n|poke|p2|Volcarona, M|\n|poke|p2|Jolteon, M|\n|poke|p2|Shuckle, F|\n|teampreview\n|\n|t:|1700193429\n|start\n|switch|p1a: Samurott|Samurott-Hisui, F|100\/100\n|switch|p2a: Shuckle|Shuckle, F|100\/100\n|turn|1\n|\n|t:|1700193433\n|move|p1a: Samurott|Liquidation|p2a: Shuckle\n|-supereffective|p2a: Shuckle\n|-damage|p2a: Shuckle|41\/100\n|move|p2a: Shuckle|Stealth Rock|p1a: Samurott\n|-sidestart|p1: FTLJustice|move: Stealth Rock\n|\n|upkeep\n|turn|2\n|\n|t:|1700193438\n|move|p1a: Samurott|Liquidation|p2a: Shuckle\n|-supereffective|p2a: Shuckle\n|-damage|p2a: Shuckle|0 fnt\n|faint|p2a: Shuckle\n|\n|upkeep\n|\n|t:|1700193443\n|switch|p2a: Jolteon|Jolteon, M|100\/100\n|turn|3\n|\n|t:|1700193458\n|switch|p1a: Pawmot|Pawmot, M|100\/100\n|-damage|p1a: Pawmot|94\/100|[from] Stealth Rock\n|move|p2a: Jolteon|Thunderbolt|p1a: Pawmot\n|-heal|p1a: Pawmot|100\/100|[from] ability: Volt Absorb|[of] p2a: Jolteon\n|\n|upkeep\n|turn|4\n|\n|t:|1700193465\n|-terastallize|p2a: Jolteon|Ice\n|move|p1a: Pawmot|Fake Out|p2a: Jolteon\n|-damage|p2a: Jolteon|76\/100\n|cant|p2a: Jolteon|flinch\n|\n|upkeep\n|turn|5\n|\n|t:|1700193475\n|switch|p1a: Pelipper|Pelipper, F|100\/100\n|-damage|p1a: Pelipper|75\/100|[from] Stealth Rock\n|-weather|RainDance|[from] ability: Drizzle|[of] p1a: Pelipper\n|move|p2a: Jolteon|Shadow Ball|p1a: Pelipper\n|-damage|p1a: Pelipper|41\/100\n|\n|-weather|RainDance|[upkeep]\n|upkeep\n|turn|6\n|\n|t:|1700193485\n|switch|p1a: Swampert|Swampert, M|100\/100\n|-damage|p1a: Swampert|94\/100|[from] Stealth Rock\n|move|p2a: Jolteon|Thunderbolt|p1a: Swampert\n|-immune|p1a: Swampert\n|\n|-weather|RainDance|[upkeep]\n|upkeep\n|turn|7\n|\n|t:|1700193503\n|detailschange|p1a: Swampert|Swampert-Mega, M\n|-mega|p1a: Swampert|Swampert|Swampertite\n|move|p2a: Jolteon|Tera Blast|p1a: Swampert|[anim] Tera Blast Ice\n|-damage|p1a: Swampert|63\/100\n|move|p1a: Swampert|Earthquake|p2a: Jolteon\n|-damage|p2a: Jolteon|0 fnt\n|faint|p2a: Jolteon\n|\n|-weather|RainDance|[upkeep]\n|upkeep\n|\n|t:|1700193512\n|switch|p2a: Manaphy|Manaphy|100\/100\n|turn|8\n|inactive|Battle timer is ON: inactive players will automatically lose when time's up. (requested by Tsukuyomi1098)\n|\n|t:|1700193521\n|move|p1a: Swampert|Earthquake|p2a: Manaphy\n|-damage|p2a: Manaphy|39\/100\n|move|p2a: Manaphy|Tail Glow|p2a: Manaphy\n|-boost|p2a: Manaphy|spa|3\n|\n|-weather|RainDance|[upkeep]\n|-heal|p2a: Manaphy|45\/100|[from] item: Leftovers\n|upkeep\n|turn|9\n|\n|t:|1700193525\n|move|p1a: Swampert|Earthquake|p2a: Manaphy\n|-damage|p2a: Manaphy|0 fnt\n|faint|p2a: Manaphy\n|\n|-weather|RainDance|[upkeep]\n|upkeep\n|\n|t:|1700193530\n|switch|p2a: Garchomp|Garchomp, M|100\/100\n|turn|10\n|\n|t:|1700193533\n|detailschange|p2a: Garchomp|Garchomp-Mega, M\n|-mega|p2a: Garchomp|Garchomp|Garchompite\n|move|p1a: Swampert|Liquidation|p2a: Garchomp\n|-damage|p2a: Garchomp|27\/100\n|move|p2a: Garchomp|Scale Shot|p1a: Swampert\n|-damage|p1a: Swampert|51\/100\n|-damage|p1a: Swampert|38\/100\n|-damage|p1a: Swampert|26\/100\n|-hitcount|p1a: Swampert|3\n|-unboost|p2a: Garchomp|def|1\n|-boost|p2a: Garchomp|spe|1\n|\n|-weather|RainDance|[upkeep]\n|upkeep\n|turn|11\n|\n|t:|1700193543\n|move|p2a: Garchomp|Scale Shot|p1a: Swampert\n|-damage|p1a: Swampert|13\/100\n|-damage|p1a: Swampert|0 fnt\n|faint|p1a: Swampert\n|-hitcount|p1: Swampert|2\n|-unboost|p2a: Garchomp|def|1\n|-boost|p2a: Garchomp|spe|1\n|\n|-weather|RainDance|[upkeep]\n|upkeep\n|\n|t:|1700193551\n|switch|p1a: Armaldo|Armaldo, F|100\/100\n|-damage|p1a: Armaldo|76\/100|[from] Stealth Rock\n|turn|12\n|\n|t:|1700193557\n|-terastallize|p1a: Armaldo|Water\n|move|p1a: Armaldo|Aqua Jet|p2a: Garchomp\n|-damage|p2a: Garchomp|0 fnt\n|faint|p2a: Garchomp\n|\n|-weather|none\n|upkeep\n|-message|Tsukuyomi1098 forfeited.\n|\n|win|FTLJustice\n|raw|FTLJustice's rating: 1104 &rarr; <strong>1131<\/strong><br \/>(+27 for winning)\n|raw|Tsukuyomi1098's rating: 1137 &rarr; <strong>1110<\/strong><br \/>(-27 for losing)\n|l|\u2606Tsukuyomi1098\n","uploadtime":1700193572,"views":11,"p1id":"ftljustice","p2id":"tsukuyomi1098","formatid":"gen9nationaldex","rating":1110,"private":0,"password":""}