{"id":"gen9nationaldex-1993278295","p1":"Pejbsns","p2":"JL123456789","format":"[Gen 9] National Dex","log":"|j|\u2606Pejbsns\n|j|\u2606JL123456789\n|t:|1700289027\n|gametype|singles\n|player|p1|Pejbsns|wally|1164\n|player|p2|JL123456789|170|1195\n|teamsize|p1|6\n|teamsize|p2|6\n|gen|9\n|tier|[Gen 9] National Dex\n|rated|\n|rule|HP Percentage Mod: HP is shown in percentages\n|rule|Endless Battle Clause: Forcing endless battles is banned\n|rule|OHKO Clause: OHKO moves are banned\n|rule|Evasion Clause: Evasion abilities, items, and moves are banned\n|rule|Evasion Abilities Clause: Evasion abilities are banned\n|rule|Evasion Items Clause: Evasion items are banned\n|rule|Evasion Moves Clause: Evasion moves are banned\n|rule|Species Clause: Limit one of each Pok\u00e9mon\n|rule|Sleep Clause Mod: Limit one foe put to sleep\n|clearpoke\n|poke|p1|Tapu Koko|\n|poke|p1|Zeraora|\n|poke|p1|Iron Valiant|\n|poke|p1|Sneasler, M|\n|poke|p1|Serperior, F|\n|poke|p1|Dragonite, M|\n|poke|p2|Swampert, M|\n|poke|p2|Pelipper, M|\n|poke|p2|Barraskewda, M|\n|poke|p2|Zapdos|\n|poke|p2|Drednaw, M|\n|poke|p2|Urshifu-*, M|\n|teampreview\n|inactive|Battle timer is ON: inactive players will automatically lose when time's up. (requested by Pejbsns)\n|\n|t:|1700289038\n|start\n|switch|p1a: Tapu Koko|Tapu Koko|100\/100\n|switch|p2a: Pelipper|Pelipper, M|100\/100\n|-fieldstart|move: Electric Terrain|[from] ability: Electric Surge|[of] p1a: Tapu Koko\n|-weather|RainDance|[from] ability: Drizzle|[of] p2a: Pelipper\n|turn|1\n|\n|t:|1700289043\n|move|p1a: Tapu Koko|Grass Knot|p2a: Pelipper\n|-crit|p2a: Pelipper\n|-damage|p2a: Pelipper|63\/100\n|move|p2a: Pelipper|Knock Off|p1a: Tapu Koko\n|-resisted|p1a: Tapu Koko\n|-damage|p1a: Tapu Koko|91\/100\n|-enditem|p1a: Tapu Koko|Terrain Extender|[from] move: Knock Off|[of] p2a: Pelipper\n|\n|-weather|RainDance|[upkeep]\n|upkeep\n|turn|2\n|\n|t:|1700289050\n|move|p1a: Tapu Koko|U-turn|p2a: Pelipper\n|-resisted|p2a: Pelipper\n|-damage|p2a: Pelipper|54\/100\n|\n|t:|1700289055\n|switch|p1a: Zeraora|Zeraora|100\/100|[from] U-turn\n|-enditem|p1a: Zeraora|Electric Seed\n|-boost|p1a: Zeraora|def|1|[from] item: Electric Seed\n|move|p2a: Pelipper|U-turn|p1a: Zeraora\n|-damage|p1a: Zeraora|92\/100\n|\n|t:|1700289066\n|switch|p2a: Swampert|Swampert, M|100\/100|[from] U-turn\n|\n|-weather|RainDance|[upkeep]\n|upkeep\n|turn|3\n|\n|t:|1700289076\n|detailschange|p2a: Swampert|Swampert-Mega, M\n|-mega|p2a: Swampert|Swampert|Swampertite\n|move|p2a: Swampert|Ice Punch|p1a: Zeraora\n|-damage|p1a: Zeraora|64\/100\n|-status|p1a: Zeraora|frz\n|-curestatus|p1a: Zeraora|frz|[msg]\n|move|p1a: Zeraora|Grass Knot|p2a: Swampert\n|-supereffective|p2a: Swampert\n|-damage|p2a: Swampert|0 fnt\n|faint|p2a: Swampert\n|\n|-weather|RainDance|[upkeep]\n|upkeep\n|\n|t:|1700289084\n|switch|p2a: Barraskewda|Barraskewda, M|100\/100\n|turn|4\n|\n|t:|1700289090\n|move|p2a: Barraskewda|Drill Run|p1a: Zeraora\n|-supereffective|p1a: Zeraora\n|-damage|p1a: Zeraora|0 fnt\n|faint|p1a: Zeraora\n|\n|-weather|RainDance|[upkeep]\n|upkeep\n|\n|t:|1700289096\n|switch|p1a: Tapu Koko|Tapu Koko|91\/100\n|turn|5\n|\n|t:|1700289098\n|move|p2a: Barraskewda|Drill Run|p1a: Tapu Koko\n|-supereffective|p1a: Tapu Koko\n|-damage|p1a: Tapu Koko|0 fnt\n|faint|p1a: Tapu Koko\n|\n|-weather|RainDance|[upkeep]\n|upkeep\n|\n|t:|1700289117\n|switch|p1a: Serperior|Serperior, F|100\/100\n|turn|6\n|\n|t:|1700289125\n|switch|p2a: Zapdos|Zapdos|100\/100\n|move|p1a: Serperior|Substitute|p1a: Serperior\n|-start|p1a: Serperior|Substitute\n|-damage|p1a: Serperior|76\/100\n|\n|-weather|RainDance|[upkeep]\n|-heal|p1a: Serperior|82\/100|[from] item: Leftovers\n|upkeep\n|turn|7\n|\n|t:|1700289129\n|move|p1a: Serperior|Leaf Storm|p2a: Zapdos\n|-resisted|p2a: Zapdos\n|-damage|p2a: Zapdos|76\/100\n|-boost|p1a: Serperior|spa|2\n|move|p2a: Zapdos|Hurricane|p1a: Serperior\n|-supereffective|p1a: Serperior\n|-end|p1a: Serperior|Substitute\n|\n|-weather|RainDance|[upkeep]\n|-heal|p1a: Serperior|88\/100|[from] item: Leftovers\n|upkeep\n|turn|8\n|inactive|JL123456789 has 120 seconds left.\n|\n|t:|1700289160\n|move|p1a: Serperior|Leaf Storm|p2a: Zapdos\n|-resisted|p2a: Zapdos\n|-damage|p2a: Zapdos|31\/100\n|-boost|p1a: Serperior|spa|2\n|move|p2a: Zapdos|Hurricane|p1a: Serperior\n|-supereffective|p1a: Serperior\n|-damage|p1a: Serperior|0 fnt\n|faint|p1a: Serperior\n|\n|-weather|none\n|-fieldend|move: Electric Terrain\n|upkeep\n|\n|t:|1700289173\n|switch|p1a: Iron Valiant|Iron Valiant|100\/100\n|turn|9\n|\n|t:|1700289178\n|move|p1a: Iron Valiant|Moonblast|p2a: Zapdos\n|-damage|p2a: Zapdos|0 fnt\n|faint|p2a: Zapdos\n|\n|upkeep\n|\n|t:|1700289180\n|switch|p2a: Pelipper|Pelipper, M|54\/100\n|-weather|RainDance|[from] ability: Drizzle|[of] p2a: Pelipper\n|turn|10\n|\n|t:|1700289202\n|-terastallize|p1a: Iron Valiant|Electric\n|move|p1a: Iron Valiant|Thunderbolt|p2a: Pelipper\n|-supereffective|p2a: Pelipper\n|-damage|p2a: Pelipper|0 fnt\n|faint|p2a: Pelipper\n|\n|-weather|RainDance|[upkeep]\n|upkeep\n|\n|t:|1700289215\n|switch|p2a: Barraskewda|Barraskewda, M|100\/100\n|turn|11\n|\n|t:|1700289219\n|-end|p1a: Iron Valiant|Quark Drive|[silent]\n|switch|p1a: Dragonite|Dragonite, M|100\/100\n|move|p2a: Barraskewda|Drill Run|p1a: Dragonite\n|-immune|p1a: Dragonite\n|\n|-weather|RainDance|[upkeep]\n|upkeep\n|turn|12\n|\n|t:|1700289225\n|switch|p2a: Drednaw|Drednaw, M|100\/100\n|move|p1a: Dragonite|Curse|p1a: Dragonite\n|-unboost|p1a: Dragonite|spe|1\n|-boost|p1a: Dragonite|atk|1\n|-boost|p1a: Dragonite|def|1\n|\n|-weather|RainDance|[upkeep]\n|upkeep\n|turn|13\n|\n|t:|1700289229\n|move|p2a: Drednaw|Shell Smash|p2a: Drednaw\n|-unboost|p2a: Drednaw|def|1\n|-unboost|p2a: Drednaw|spd|1\n|-boost|p2a: Drednaw|atk|2\n|-boost|p2a: Drednaw|spa|2\n|-boost|p2a: Drednaw|spe|2\n|-enditem|p2a: Drednaw|White Herb\n|-clearnegativeboost|p2a: Drednaw|[silent]\n|move|p1a: Dragonite|Earthquake|p2a: Drednaw\n|-supereffective|p2a: Drednaw\n|-crit|p2a: Drednaw\n|-damage|p2a: Drednaw|0 fnt\n|faint|p2a: Drednaw\n|\n|-weather|RainDance|[upkeep]\n|upkeep\n|\n|t:|1700289245\n|switch|p2a: Urshifu|Urshifu-Rapid-Strike, M|100\/100\n|turn|14\n|\n|t:|1700289257\n|move|p2a: Urshifu|Surging Strikes|p1a: Dragonite\n|-resisted|p1a: Dragonite\n|-crit|p1a: Dragonite\n|-damage|p1a: Dragonite|92\/100\n|-resisted|p1a: Dragonite\n|-crit|p1a: Dragonite\n|-damage|p1a: Dragonite|75\/100\n|-resisted|p1a: Dragonite\n|-crit|p1a: Dragonite\n|-damage|p1a: Dragonite|59\/100\n|-hitcount|p1a: Dragonite|3\n|-damage|p2a: Urshifu|91\/100|[from] item: Life Orb\n|move|p1a: Dragonite|Curse|p1a: Dragonite\n|-unboost|p1a: Dragonite|spe|1\n|-boost|p1a: Dragonite|atk|1\n|-boost|p1a: Dragonite|def|1\n|\n|-weather|RainDance|[upkeep]\n|upkeep\n|turn|15\n|\n|t:|1700289279\n|move|p1a: Dragonite|Extreme Speed|p2a: Urshifu\n|-damage|p2a: Urshifu|26\/100\n|move|p2a: Urshifu|Poison Jab|p1a: Dragonite\n|-damage|p1a: Dragonite|41\/100\n|-status|p1a: Dragonite|psn\n|-damage|p2a: Urshifu|16\/100|[from] item: Life Orb\n|\n|-weather|RainDance|[upkeep]\n|-damage|p1a: Dragonite|29\/100 psn|[from] psn\n|upkeep\n|turn|16\n|\n|t:|1700289285\n|move|p1a: Dragonite|Extreme Speed|p2a: Urshifu\n|-damage|p2a: Urshifu|0 fnt\n|faint|p2a: Urshifu\n|\n|-weather|RainDance|[upkeep]\n|-damage|p1a: Dragonite|16\/100 psn|[from] psn\n|upkeep\n|\n|t:|1700289290\n|switch|p2a: Barraskewda|Barraskewda, M|100\/100\n|turn|17\n|\n|t:|1700289293\n|move|p1a: Dragonite|Extreme Speed|p2a: Barraskewda\n|-damage|p2a: Barraskewda|0 fnt\n|faint|p2a: Barraskewda\n|\n|win|Pejbsns\n|raw|Pejbsns's rating: 1164 &rarr; <strong>1191<\/strong><br \/>(+27 for winning)\n|raw|JL123456789's rating: 1195 &rarr; <strong>1168<\/strong><br \/>(-27 for losing)\n|l|\u2606JL123456789\n","uploadtime":1700289298,"views":6,"p1id":"pejbsns","p2id":"jl123456789","formatid":"gen9nationaldex","rating":1168,"private":0,"password":""}