{"id":"gen9nationaldex-1993587648","p1":"The power of ROCK","p2":"babbona","format":"[Gen 9] National Dex","log":"|j|\u2606The power of ROCK\n|j|\u2606babbona\n|inactive|Battle timer is ON: inactive players will automatically lose when time's up.\n|t:|1700334777\n|gametype|singles\n|player|p1|The power of ROCK|roark|\n|player|p2|babbona|ghetsis-gen5bw|\n|teamsize|p1|6\n|teamsize|p2|6\n|gen|9\n|tier|[Gen 9] National Dex\n|rated|Tournament battle\n|rule|HP Percentage Mod: HP is shown in percentages\n|rule|Endless Battle Clause: Forcing endless battles is banned\n|rule|OHKO Clause: OHKO moves are banned\n|rule|Evasion Clause: Evasion abilities, items, and moves are banned\n|rule|Evasion Abilities Clause: Evasion abilities are banned\n|rule|Evasion Items Clause: Evasion items are banned\n|rule|Evasion Moves Clause: Evasion moves are banned\n|rule|Species Clause: Limit one of each Pok\u00e9mon\n|rule|Sleep Clause Mod: Limit one foe put to sleep\n|clearpoke\n|poke|p1|Tyranitar, M|\n|poke|p1|Garganacl, F|\n|poke|p1|Aggron, M|\n|poke|p1|Cradily, F|\n|poke|p1|Glimmora, F|\n|poke|p1|Avalugg-Hisui, F|\n|poke|p2|Sneasler, M|\n|poke|p2|Ribombee, F|\n|poke|p2|Charizard, M|\n|poke|p2|Volcarona, F|\n|poke|p2|Heatran, M|\n|poke|p2|Clefable, M|\n|teampreview\n|j| CuriousStraightGuy\n|c|\u2606babbona|gl\n|c|\u2606The power of ROCK|Welcome to the ROCK gym\n|\n|t:|1700334794\n|start\n|switch|p1a: Tyranitar|Tyranitar, M|100\/100\n|switch|p2a: Polly|Ribombee, F|100\/100\n|-weather|Sandstorm|[from] ability: Sand Stream|[of] p1a: Tyranitar\n|turn|1\n|c| CuriousStraightGuy|I am here to support The Rock type gym leader\n|\n|t:|1700334797\n|move|p2a: Polly|Sticky Web|p1a: Tyranitar\n|-sidestart|p1: The power of ROCK|move: Sticky Web\n|move|p1a: Tyranitar|Rock Blast|p2a: Polly\n|-supereffective|p2a: Polly\n|-damage|p2a: Polly|61\/100\n|-supereffective|p2a: Polly\n|-damage|p2a: Polly|26\/100\n|-supereffective|p2a: Polly\n|-damage|p2a: Polly|0 fnt\n|faint|p2a: Polly\n|-hitcount|p2: Polly|3\n|\n|-weather|Sandstorm|[upkeep]\n|upkeep\n|j| Aziz Le Bledart\n|\n|t:|1700334807\n|switch|p2a: Magmo|Heatran, M|100\/100\n|turn|2\n|\n|t:|1700334809\n|move|p2a: Magmo|Toxic|p1a: Tyranitar\n|-status|p1a: Tyranitar|tox\n|move|p1a: Tyranitar|Knock Off|p2a: Magmo\n|-damage|p2a: Magmo|62\/100\n|-enditem|p2a: Magmo|Leftovers|[from] move: Knock Off|[of] p1a: Tyranitar\n|\n|-weather|Sandstorm|[upkeep]\n|-damage|p1a: Tyranitar|94\/100 tox|[from] psn\n|upkeep\n|turn|3\n|\n|t:|1700334817\n|move|p2a: Magmo|Flash Cannon|p1a: Tyranitar\n|-supereffective|p1a: Tyranitar\n|-damage|p1a: Tyranitar|70\/100 tox\n|move|p1a: Tyranitar|Rock Blast|p2a: Magmo\n|-damage|p2a: Magmo|54\/100\n|-damage|p2a: Magmo|45\/100\n|-damage|p2a: Magmo|34\/100\n|-damage|p2a: Magmo|24\/100\n|-hitcount|p2a: Magmo|4\n|\n|-weather|Sandstorm|[upkeep]\n|-damage|p1a: Tyranitar|58\/100 tox|[from] psn\n|upkeep\n|turn|4\n|\n|t:|1700334827\n|switch|p1a: Garganacl|Garganacl, F|100\/100\n|-activate|p1a: Garganacl|move: Sticky Web\n|-unboost|p1a: Garganacl|spe|1\n|move|p2a: Magmo|Flash Cannon|p1a: Garganacl\n|-supereffective|p1a: Garganacl\n|-damage|p1a: Garganacl|57\/100\n|-enditem|p1a: Garganacl|Maranga Berry|[eat]\n|-boost|p1a: Garganacl|spd|1|[from] item: Maranga Berry\n|\n|-weather|Sandstorm|[upkeep]\n|upkeep\n|turn|5\n|\n|t:|1700334834\n|-terastallize|p1a: Garganacl|Ghost\n|move|p2a: Magmo|Toxic|p1a: Garganacl\n|-immune|p1a: Garganacl|[from] ability: Purifying Salt\n|move|p1a: Garganacl|Recover|p1a: Garganacl\n|-heal|p1a: Garganacl|100\/100\n|\n|-weather|none\n|upkeep\n|turn|6\n|\n|t:|1700334840\n|move|p2a: Magmo|Magma Storm|p1a: Garganacl\n|-damage|p1a: Garganacl|76\/100\n|-activate|p1a: Garganacl|move: Magma Storm|[of] p2a: Magmo\n|move|p1a: Garganacl|Iron Defense|p1a: Garganacl\n|-boost|p1a: Garganacl|def|2\n|\n|-damage|p1a: Garganacl|64\/100|[from] move: Magma Storm|[partiallytrapped]\n|upkeep\n|turn|7\n|\n|t:|1700334859\n|move|p2a: Magmo|Magma Storm|p1a: Garganacl\n|-damage|p1a: Garganacl|41\/100\n|move|p1a: Garganacl|Recover|p1a: Garganacl\n|-heal|p1a: Garganacl|91\/100\n|\n|-damage|p1a: Garganacl|78\/100|[from] move: Magma Storm|[partiallytrapped]\n|upkeep\n|turn|8\n|\n|t:|1700334869\n|move|p2a: Magmo|Magma Storm|p1a: Garganacl|[miss]\n|-miss|p2a: Magmo|p1a: Garganacl\n|move|p1a: Garganacl|Recover|p1a: Garganacl\n|-heal|p1a: Garganacl|100\/100\n|\n|-damage|p1a: Garganacl|88\/100|[from] move: Magma Storm|[partiallytrapped]\n|upkeep\n|turn|9\n|\n|t:|1700334873\n|move|p2a: Magmo|Earth Power|p1a: Garganacl\n|-damage|p1a: Garganacl|72\/100\n|move|p1a: Garganacl|Body Press|p2a: Magmo\n|-supereffective|p2a: Magmo\n|-crit|p2a: Magmo\n|-damage|p2a: Magmo|0 fnt\n|faint|p2a: Magmo\n|\n|-end|p1a: Garganacl|Magma Storm|[partiallytrapped]|[silent]\n|upkeep\n|\n|t:|1700334881\n|switch|p2a: Kirby|Clefable, M|100\/100\n|turn|10\n|\n|t:|1700334893\n|move|p2a: Kirby|Cosmic Power|p2a: Kirby\n|-boost|p2a: Kirby|def|1\n|-boost|p2a: Kirby|spd|1\n|move|p1a: Garganacl|Iron Defense|p1a: Garganacl\n|-boost|p1a: Garganacl|def|2\n|\n|upkeep\n|turn|11\n|\n|t:|1700334897\n|move|p2a: Kirby|Cosmic Power|p2a: Kirby\n|-boost|p2a: Kirby|def|1\n|-boost|p2a: Kirby|spd|1\n|move|p1a: Garganacl|Salt Cure|p2a: Kirby\n|-damage|p2a: Kirby|93\/100\n|-start|p2a: Kirby|Salt Cure\n|\n|-heal|p2a: Kirby|99\/100|[from] item: Leftovers\n|-damage|p2a: Kirby|87\/100|[from] Salt Cure\n|upkeep\n|turn|12\n|c| CuriousStraightGuy|but salt cure chips\n|c| CuriousStraightGuy|See\n|\n|t:|1700334909\n|switch|p1a: Cradily|Cradily, F|100\/100\n|-activate|p1a: Cradily|move: Sticky Web\n|-unboost|p1a: Cradily|spe|1\n|move|p2a: Kirby|Cosmic Power|p2a: Kirby\n|-boost|p2a: Kirby|def|1\n|-boost|p2a: Kirby|spd|1\n|\n|-heal|p2a: Kirby|93\/100|[from] item: Leftovers\n|-damage|p2a: Kirby|81\/100|[from] Salt Cure\n|upkeep\n|turn|13\n|c| CuriousStraightGuy|ban garganacl\n|c| CuriousStraightGuy|oh no\n|c| CuriousStraightGuy|GG\n|\n|t:|1700334920\n|move|p2a: Kirby|Cosmic Power|p2a: Kirby\n|-boost|p2a: Kirby|def|1\n|-boost|p2a: Kirby|spd|1\n|move|p1a: Cradily|Leech Seed|p2a: Kirby\n|-start|p2a: Kirby|move: Leech Seed\n|\n|-heal|p2a: Kirby|87\/100|[from] item: Leftovers\n|-damage|p2a: Kirby|74\/100|[from] Leech Seed|[of] p1a: Cradily\n|-damage|p2a: Kirby|62\/100|[from] Salt Cure\n|upkeep\n|turn|14\n|\n|t:|1700334927\n|switch|p1a: Tyranitar|Tyranitar, M|58\/100 tox\n|-activate|p1a: Tyranitar|move: Sticky Web\n|-unboost|p1a: Tyranitar|spe|1\n|-weather|Sandstorm|[from] ability: Sand Stream|[of] p1a: Tyranitar\n|move|p2a: Kirby|Cosmic Power|p2a: Kirby\n|-boost|p2a: Kirby|def|1\n|-boost|p2a: Kirby|spd|1\n|\n|-weather|Sandstorm|[upkeep]\n|-damage|p2a: Kirby|56\/100|[from] Sandstorm\n|-heal|p2a: Kirby|62\/100|[from] item: Leftovers\n|-damage|p2a: Kirby|49\/100|[from] Leech Seed|[of] p1a: Tyranitar\n|-heal|p1a: Tyranitar|70\/100 tox|[silent]\n|-damage|p1a: Tyranitar|64\/100 tox|[from] psn\n|-damage|p2a: Kirby|37\/100|[from] Salt Cure\n|upkeep\n|turn|15\n|\n|t:|1700334929\n|move|p2a: Kirby|Soft-Boiled|p2a: Kirby\n|-heal|p2a: Kirby|87\/100\n|move|p1a: Tyranitar|Knock Off|p2a: Kirby\n|-resisted|p2a: Kirby\n|-damage|p2a: Kirby|80\/100\n|-enditem|p2a: Kirby|Leftovers|[from] move: Knock Off|[of] p1a: Tyranitar\n|\n|-weather|Sandstorm|[upkeep]\n|-damage|p2a: Kirby|74\/100|[from] Sandstorm\n|-damage|p2a: Kirby|61\/100|[from] Leech Seed|[of] p1a: Tyranitar\n|-heal|p1a: Tyranitar|76\/100 tox|[silent]\n|-damage|p1a: Tyranitar|63\/100 tox|[from] psn\n|-damage|p2a: Kirby|49\/100|[from] Salt Cure\n|upkeep\n|turn|16\n|inactive|The power of ROCK has 120 seconds left.\n|\n|t:|1700334967\n|switch|p1a: Garganacl|Garganacl, F, tera:Ghost|72\/100\n|-activate|p1a: Garganacl|move: Sticky Web\n|-unboost|p1a: Garganacl|spe|1\n|move|p2a: Kirby|Soft-Boiled|p2a: Kirby\n|-heal|p2a: Kirby|99\/100\n|\n|-weather|Sandstorm|[upkeep]\n|-damage|p2a: Kirby|93\/100|[from] Sandstorm\n|-damage|p1a: Garganacl|66\/100|[from] Sandstorm\n|-damage|p2a: Kirby|80\/100|[from] Leech Seed|[of] p1a: Garganacl\n|-heal|p1a: Garganacl|78\/100|[silent]\n|-damage|p2a: Kirby|68\/100|[from] Salt Cure\n|upkeep\n|turn|17\n|inactive|The power of ROCK has 120 seconds left.\n|\n|t:|1700334989\n|move|p2a: Kirby|Stored Power|p1a: Garganacl\n|-damage|p1a: Garganacl|47\/100\n|move|p1a: Garganacl|Recover|p1a: Garganacl\n|-heal|p1a: Garganacl|97\/100\n|\n|-weather|Sandstorm|[upkeep]\n|-damage|p2a: Kirby|62\/100|[from] Sandstorm\n|-damage|p1a: Garganacl|91\/100|[from] Sandstorm\n|-damage|p2a: Kirby|49\/100|[from] Leech Seed|[of] p1a: Garganacl\n|-heal|p1a: Garganacl|100\/100|[silent]\n|-damage|p2a: Kirby|37\/100|[from] Salt Cure\n|upkeep\n|turn|18\n|\n|t:|1700334993\n|move|p2a: Kirby|Soft-Boiled|p2a: Kirby\n|-heal|p2a: Kirby|87\/100\n|move|p1a: Garganacl|Iron Defense|p1a: Garganacl\n|-boost|p1a: Garganacl|def|2\n|\n|-weather|none\n|-damage|p2a: Kirby|74\/100|[from] Leech Seed|[of] p1a: Garganacl\n|-damage|p2a: Kirby|62\/100|[from] Salt Cure\n|upkeep\n|turn|19\n|\n|t:|1700335001\n|move|p2a: Kirby|Cosmic Power|p2a: Kirby\n|-boost|p2a: Kirby|def|1\n|-boost|p2a: Kirby|spd|1\n|move|p1a: Garganacl|Salt Cure|p2a: Kirby\n|-damage|p2a: Kirby|58\/100\n|\n|-damage|p2a: Kirby|46\/100|[from] Leech Seed|[of] p1a: Garganacl\n|-damage|p2a: Kirby|33\/100|[from] Salt Cure\n|upkeep\n|turn|20\n|\n|t:|1700335006\n|move|p2a: Kirby|Soft-Boiled|p2a: Kirby\n|-heal|p2a: Kirby|83\/100\n|move|p1a: Garganacl|Iron Defense|p1a: Garganacl\n|-boost|p1a: Garganacl|def|2\n|\n|-damage|p2a: Kirby|71\/100|[from] Leech Seed|[of] p1a: Garganacl\n|-damage|p2a: Kirby|58\/100|[from] Salt Cure\n|upkeep\n|turn|21\n|\n|t:|1700335016\n|move|p2a: Kirby|Stored Power|p1a: Garganacl\n|-damage|p1a: Garganacl|62\/100\n|move|p1a: Garganacl|Iron Defense|p1a: Garganacl\n|-boost|p1a: Garganacl|def|2\n|\n|-damage|p2a: Kirby|46\/100|[from] Leech Seed|[of] p1a: Garganacl\n|-heal|p1a: Garganacl|74\/100|[silent]\n|-damage|p2a: Kirby|33\/100|[from] Salt Cure\n|upkeep\n|turn|22\n|\n|t:|1700335022\n|move|p2a: Kirby|Soft-Boiled|p2a: Kirby\n|-heal|p2a: Kirby|83\/100\n|move|p1a: Garganacl|Salt Cure|p2a: Kirby\n|-damage|p2a: Kirby|79\/100\n|\n|-damage|p2a: Kirby|67\/100|[from] Leech Seed|[of] p1a: Garganacl\n|-heal|p1a: Garganacl|86\/100|[silent]\n|-damage|p2a: Kirby|55\/100|[from] Salt Cure\n|upkeep\n|turn|23\n|\n|t:|1700335030\n|move|p2a: Kirby|Stored Power|p1a: Garganacl\n|-damage|p1a: Garganacl|50\/100\n|move|p1a: Garganacl|Salt Cure|p2a: Kirby\n|-damage|p2a: Kirby|51\/100\n|\n|-damage|p2a: Kirby|38\/100|[from] Leech Seed|[of] p1a: Garganacl\n|-heal|p1a: Garganacl|62\/100|[silent]\n|-damage|p2a: Kirby|26\/100|[from] Salt Cure\n|upkeep\n|turn|24\n|\n|t:|1700335035\n|move|p2a: Kirby|Soft-Boiled|p2a: Kirby\n|-heal|p2a: Kirby|76\/100\n|move|p1a: Garganacl|Recover|p1a: Garganacl\n|-heal|p1a: Garganacl|100\/100\n|\n|-damage|p2a: Kirby|63\/100|[from] Leech Seed|[of] p1a: Garganacl\n|-damage|p2a: Kirby|51\/100|[from] Salt Cure\n|upkeep\n|turn|25\n|\n|t:|1700335041\n|move|p2a: Kirby|Stored Power|p1a: Garganacl\n|-damage|p1a: Garganacl|64\/100\n|move|p1a: Garganacl|Salt Cure|p2a: Kirby\n|-damage|p2a: Kirby|47\/100\n|\n|-damage|p2a: Kirby|35\/100|[from] Leech Seed|[of] p1a: Garganacl\n|-heal|p1a: Garganacl|76\/100|[silent]\n|-damage|p2a: Kirby|22\/100|[from] Salt Cure\n|upkeep\n|turn|26\n|\n|t:|1700335049\n|move|p2a: Kirby|Stored Power|p1a: Garganacl\n|-damage|p1a: Garganacl|41\/100\n|move|p1a: Garganacl|Salt Cure|p2a: Kirby\n|-damage|p2a: Kirby|18\/100\n|\n|-damage|p2a: Kirby|6\/100|[from] Leech Seed|[of] p1a: Garganacl\n|-heal|p1a: Garganacl|53\/100|[silent]\n|-damage|p2a: Kirby|0 fnt|[from] Salt Cure\n|faint|p2a: Kirby\n|upkeep\n|\n|t:|1700335052\n|switch|p2a: Dino|Charizard, M|100\/100\n|turn|27\n|\n|t:|1700335058\n|switch|p1a: Cradily|Cradily, F|100\/100\n|-activate|p1a: Cradily|move: Sticky Web\n|-unboost|p1a: Cradily|spe|1\n|detailschange|p2a: Dino|Charizard-Mega-X, M\n|-mega|p2a: Dino|Charizard|Charizardite X\n|move|p2a: Dino|Dragon Dance|p2a: Dino\n|-boost|p2a: Dino|atk|1\n|-boost|p2a: Dino|spe|1\n|\n|upkeep\n|turn|28\n|\n|t:|1700335073\n|move|p2a: Dino|Blaze Kick|p1a: Cradily\n|-damage|p1a: Cradily|37\/100\n|move|p1a: Cradily|Leech Seed|p2a: Dino\n|-start|p2a: Dino|move: Leech Seed\n|\n|-damage|p2a: Dino|88\/100|[from] Leech Seed|[of] p1a: Cradily\n|-heal|p1a: Cradily|47\/100|[silent]\n|upkeep\n|turn|29\n|\n|t:|1700335082\n|move|p2a: Dino|Blaze Kick|p1a: Cradily\n|-crit|p1a: Cradily\n|-damage|p1a: Cradily|0 fnt\n|faint|p1a: Cradily\n|\n|upkeep\n|l| Aziz Le Bledart\n|inactive|The power of ROCK has 120 seconds left.\n|c|\u2606babbona|see no 4x weakness!\n|inactive|The power of ROCK has 90 seconds left.\n|\n|t:|1700335158\n|switch|p1a: Aggron|Aggron, M|100\/100\n|-activate|p1a: Aggron|move: Sticky Web\n|-unboost|p1a: Aggron|spe|1\n|turn|30\n|\n|t:|1700335163\n|detailschange|p1a: Aggron|Aggron-Mega, M\n|-mega|p1a: Aggron|Aggron|Aggronite\n|move|p2a: Dino|Blaze Kick|p1a: Aggron\n|-supereffective|p1a: Aggron\n|-damage|p1a: Aggron|46\/100\n|move|p1a: Aggron|Body Press|p2a: Dino\n|-damage|p2a: Dino|36\/100\n|\n|-damage|p2a: Dino|24\/100|[from] Leech Seed|[of] p1a: Aggron\n|-heal|p1a: Aggron|56\/100|[silent]\n|upkeep\n|turn|31\n|inactive|The power of ROCK has 90 seconds left.\n|\n|t:|1700335172\n|move|p2a: Dino|Blaze Kick|p1a: Aggron\n|-supereffective|p1a: Aggron\n|-damage|p1a: Aggron|0 fnt\n|faint|p1a: Aggron\n|\n|upkeep\n|c| CuriousStraightGuy|jesus that thang so thicc\n|inactive|The power of ROCK has 90 seconds left.\n|\n|t:|1700335179\n|switch|p1a: Avalugg|Avalugg-Hisui, F|100\/100\n|turn|32\n|\n|t:|1700335187\n|move|p2a: Dino|Blaze Kick|p1a: Avalugg|[miss]\n|-miss|p2a: Dino|p1a: Avalugg\n|move|p1a: Avalugg|Body Press|p2a: Dino\n|-damage|p2a: Dino|0 fnt\n|faint|p2a: Dino\n|\n|upkeep\n|\n|t:|1700335191\n|switch|p2a: Long Sneasel|Sneasler, M|100\/100\n|-ability|p2a: Long Sneasel|Pressure\n|turn|33\n|\n|t:|1700335196\n|move|p2a: Long Sneasel|Swords Dance|p2a: Long Sneasel\n|-boost|p2a: Long Sneasel|atk|2\n|move|p1a: Avalugg|Avalanche|p2a: Long Sneasel\n|-damage|p2a: Long Sneasel|60\/100\n|\n|upkeep\n|turn|34\n|\n|t:|1700335204\n|move|p2a: Long Sneasel|Close Combat|p1a: Avalugg\n|-supereffective|p1a: Avalugg\n|-ability|p1a: Avalugg|Sturdy\n|-damage|p1a: Avalugg|1\/100\n|-unboost|p2a: Long Sneasel|def|1\n|-unboost|p2a: Long Sneasel|spd|1\n|move|p1a: Avalugg|Avalanche|p2a: Long Sneasel\n|-damage|p2a: Long Sneasel|0 fnt\n|faint|p2a: Long Sneasel\n|\n|upkeep\n|\n|t:|1700335208\n|switch|p2a: Strawberry|Volcarona, F|100\/100\n|turn|35\n|inactive|The power of ROCK has 120 seconds left.\n|\n|t:|1700335225\n|switch|p1a: Glimmora|Glimmora, F|100\/100\n|-activate|p1a: Glimmora|move: Sticky Web\n|-unboost|p1a: Glimmora|spe|1\n|move|p2a: Strawberry|Tera Blast|p1a: Glimmora\n|-resisted|p1a: Glimmora\n|-damage|p1a: Glimmora|85\/100\n|\n|upkeep\n|turn|36\n|\n|t:|1700335232\n|-terastallize|p2a: Strawberry|Flying\n|move|p1a: Glimmora|Mortal Spin|p2a: Strawberry\n|-damage|p2a: Strawberry|95\/100\n|-status|p2a: Strawberry|psn\n|-sideend|p1: The power of ROCK|Sticky Web|[from] move: Mortal Spin|[of] p1a: Glimmora\n|move|p2a: Strawberry|Quiver Dance|p2a: Strawberry\n|-boost|p2a: Strawberry|spa|1\n|-boost|p2a: Strawberry|spd|1\n|-boost|p2a: Strawberry|spe|1\n|\n|-damage|p2a: Strawberry|83\/100 psn|[from] psn\n|upkeep\n|turn|37\n|\n|t:|1700335245\n|switch|p1a: Tyranitar|Tyranitar, M|63\/100 tox\n|-weather|Sandstorm|[from] ability: Sand Stream|[of] p1a: Tyranitar\n|move|p2a: Strawberry|Tera Blast|p1a: Tyranitar|[anim] Tera Blast Flying\n|-resisted|p1a: Tyranitar\n|-damage|p1a: Tyranitar|56\/100 tox\n|\n|-weather|Sandstorm|[upkeep]\n|-damage|p2a: Strawberry|76\/100 psn|[from] Sandstorm\n|-damage|p2a: Strawberry|64\/100 psn|[from] psn\n|-damage|p1a: Tyranitar|50\/100 tox|[from] psn\n|upkeep\n|turn|38\n|\n|t:|1700335252\n|move|p2a: Strawberry|Fiery Dance|p1a: Tyranitar\n|-resisted|p1a: Tyranitar\n|-damage|p1a: Tyranitar|43\/100 tox\n|-boost|p2a: Strawberry|spa|1\n|move|p1a: Tyranitar|Rock Blast|p2a: Strawberry\n|-supereffective|p2a: Strawberry\n|-damage|p2a: Strawberry|43\/100 psn\n|-supereffective|p2a: Strawberry\n|-damage|p2a: Strawberry|22\/100 psn\n|-supereffective|p2a: Strawberry\n|-damage|p2a: Strawberry|2\/100 psn\n|-hitcount|p2a: Strawberry|3\n|\n|-weather|Sandstorm|[upkeep]\n|-damage|p2a: Strawberry|0 fnt|[from] Sandstorm\n|faint|p2a: Strawberry\n|\n|win|The power of ROCK\n|upkeep\n|n|\u2606The power of ROCK|thepowerofrock\n|n|\u2606babbona|babbona\n|n| CuriousStraightGuy|curiousstraightguy\n|c|\u2606babbona|gg\n|c|\u2606The power of ROCK|gg\n|l|\u2606babbona\n|c|\u2606The power of ROCK|:)\n|l| CuriousStraightGuy\n|l|\u2606The power of ROCK\n|j|\u2606The power of ROCK\n|player|p1|The power of ROCK|roark\n","uploadtime":1700335317,"views":8,"p1id":"thepowerofrock","p2id":"babbona","formatid":"gen9nationaldex","rating":0,"private":0,"password":""}