{"id":"gen9nationaldex-1989577890","p1":"AesirEcho","p2":"ttheus","format":"[Gen 9] National Dex","log":"|j|\u2606AesirEcho\n|j|\u2606ttheus\n|n|\u2606AesirEcho|aesirecho\n|n|\u2606ttheus|ttheus\n|html|View the match progress at <a href=\"\/game-bestof3-gen9nationaldex-1989574382\">game-bestof3-gen9nationaldex-1989574382<\/a>\n|t:|1699874021\n|gametype|singles\n|player|p1|AesirEcho|ethan-masters|\n|player|p2|ttheus|170|\n|teamsize|p1|6\n|teamsize|p2|6\n|gen|9\n|tier|[Gen 9] National Dex\n|rule|HP Percentage Mod: HP is shown in percentages\n|rule|Endless Battle Clause: Forcing endless battles is banned\n|rule|OHKO Clause: OHKO moves are banned\n|rule|Evasion Clause: Evasion abilities, items, and moves are banned\n|rule|Evasion Abilities Clause: Evasion abilities are banned\n|rule|Evasion Items Clause: Evasion items are banned\n|rule|Evasion Moves Clause: Evasion moves are banned\n|rule|Species Clause: Limit one of each Pok\u00e9mon\n|rule|Sleep Clause Mod: Limit one foe put to sleep\n|clearpoke\n|poke|p1|Zamazenta-*|\n|poke|p1|Scizor, M|\n|poke|p1|Volcarona, F|\n|poke|p1|Heatran, F|\n|poke|p1|Ting-Lu|\n|poke|p1|Landorus-Therian, M|\n|poke|p2|Charizard, M|\n|poke|p2|Lilligant-Hisui, F|\n|poke|p2|Morpeko, M|\n|poke|p2|Sneasler, F|\n|poke|p2|Toxapex, F|\n|poke|p2|Ninjask, M|\n|teampreview\n|\n|t:|1699874032\n|start\n|switch|p1a: Terra Tigris|Landorus-Therian, M|100\/100\n|switch|p2a: Lilligant|Lilligant-Hisui, F, shiny|100\/100\n|-ability|p1a: Terra Tigris|Intimidate|boost\n|-unboost|p2a: Lilligant|atk|1\n|turn|1\n|\n|t:|1699874040\n|switch|p1a: Forfex|Scizor, M|100\/100\n|-terastallize|p2a: Lilligant|Ghost\n|move|p2a: Lilligant|Victory Dance|p2a: Lilligant\n|-boost|p2a: Lilligant|atk|1\n|-boost|p2a: Lilligant|def|1\n|-boost|p2a: Lilligant|spe|1\n|\n|upkeep\n|turn|2\n|\n|t:|1699874048\n|detailschange|p1a: Forfex|Scizor-Mega, M\n|-mega|p1a: Forfex|Scizor|Scizorite\n|move|p2a: Lilligant|Close Combat|p1a: Forfex\n|-damage|p1a: Forfex|70\/100\n|-unboost|p2a: Lilligant|def|1\n|-unboost|p2a: Lilligant|spd|1\n|move|p1a: Forfex|Swords Dance|p1a: Forfex\n|-boost|p1a: Forfex|atk|2\n|\n|upkeep\n|turn|3\n|\n|t:|1699874054\n|switch|p2a: Charizard|Charizard, M, shiny|100\/100\n|move|p1a: Forfex|Bullet Punch|p2a: Charizard\n|-resisted|p2a: Charizard\n|-damage|p2a: Charizard|57\/100\n|\n|upkeep\n|turn|4\n|\n|t:|1699874061\n|switch|p1a: Alces|Ting-Lu|100\/100\n|-ability|p1a: Alces|Vessel of Ruin\n|detailschange|p2a: Charizard|Charizard-Mega-Y, M, shiny\n|-mega|p2a: Charizard|Charizard|Charizardite Y\n|-weather|SunnyDay|[from] ability: Drought|[of] p2a: Charizard\n|move|p2a: Charizard|Scorching Sands|p1a: Alces\n|-crit|p1a: Alces\n|-damage|p1a: Alces|84\/100\n|\n|-weather|SunnyDay|[upkeep]\n|-heal|p1a: Alces|90\/100|[from] item: Leftovers\n|upkeep\n|turn|5\n|\n|t:|1699874070\n|switch|p2a: Lilligant|Lilligant-Hisui, F, shiny, tera:Ghost|100\/100\n|move|p1a: Alces|Stealth Rock|p2a: Lilligant\n|-sidestart|p2: ttheus|move: Stealth Rock\n|\n|-weather|SunnyDay|[upkeep]\n|-heal|p1a: Alces|96\/100|[from] item: Leftovers\n|upkeep\n|turn|6\n|\n|t:|1699874074\n|move|p2a: Lilligant|Close Combat|p1a: Alces\n|-supereffective|p1a: Alces\n|-damage|p1a: Alces|39\/100\n|-unboost|p2a: Lilligant|def|1\n|-unboost|p2a: Lilligant|spd|1\n|move|p1a: Alces|Whirlwind|p2a: Lilligant\n|drag|p2a: Toxapex|Toxapex, F|100\/100\n|-damage|p2a: Toxapex|88\/100|[from] Stealth Rock\n|\n|-weather|SunnyDay|[upkeep]\n|-heal|p1a: Alces|45\/100|[from] item: Leftovers\n|-heal|p2a: Toxapex|94\/100|[from] item: Leftovers\n|upkeep\n|turn|7\n|\n|t:|1699874081\n|switch|p1a: Molaris Ira|Heatran, F|100\/100\n|move|p2a: Toxapex|Toxic Spikes|p1a: Molaris Ira\n|-sidestart|p1: AesirEcho|move: Toxic Spikes\n|\n|-weather|SunnyDay|[upkeep]\n|-heal|p2a: Toxapex|100\/100|[from] item: Leftovers\n|upkeep\n|turn|8\n|\n|t:|1699874088\n|switch|p2a: Ninjask|Ninjask, M, shiny|100\/100\n|-damage|p2a: Ninjask|51\/100|[from] Stealth Rock\n|move|p1a: Molaris Ira|Magma Storm|p2a: Ninjask\n|-supereffective|p2a: Ninjask\n|-damage|p2a: Ninjask|0 fnt\n|faint|p2a: Ninjask\n|\n|-weather|none\n|upkeep\n|\n|t:|1699874100\n|switch|p2a: Charizard|Charizard-Mega-Y, M, shiny|57\/100\n|-damage|p2a: Charizard|7\/100|[from] Stealth Rock\n|-weather|SunnyDay|[from] ability: Drought|[of] p2a: Charizard\n|turn|9\n|\n|t:|1699874105\n|move|p2a: Charizard|Scorching Sands|p1a: Molaris Ira\n|-supereffective|p1a: Molaris Ira\n|-damage|p1a: Molaris Ira|0 fnt\n|faint|p1a: Molaris Ira\n|\n|-weather|SunnyDay|[upkeep]\n|upkeep\n|\n|t:|1699874123\n|switch|p1a: Forfex|Scizor-Mega, M|70\/100\n|turn|10\n|\n|t:|1699874127\n|move|p1a: Forfex|Bullet Punch|p2a: Charizard\n|-resisted|p2a: Charizard\n|-damage|p2a: Charizard|0 fnt\n|faint|p2a: Charizard\n|\n|-weather|SunnyDay|[upkeep]\n|upkeep\n|\n|t:|1699874167\n|switch|p2a: Morpeko|Morpeko, M|100\/100\n|turn|11\n|\n|t:|1699874175\n|move|p1a: Forfex|Bullet Punch|p2a: Morpeko\n|-resisted|p2a: Morpeko\n|-damage|p2a: Morpeko|69\/100\n|move|p2a: Morpeko|Aura Wheel|p1a: Forfex\n|-crit|p1a: Forfex\n|-damage|p1a: Forfex|29\/100\n|-boost|p2a: Morpeko|spe|1\n|\n|-weather|SunnyDay|[upkeep]\n|-formechange|p2a: Morpeko|Morpeko-Hangry||[from] ability: Hunger Switch\n|upkeep\n|turn|12\n|\n|t:|1699874182\n|switch|p1a: Alces|Ting-Lu|45\/100\n|-status|p1a: Alces|psn\n|-ability|p1a: Alces|Vessel of Ruin\n|move|p2a: Morpeko|Aura Wheel|p1a: Alces\n|-resisted|p1a: Alces\n|-damage|p1a: Alces|32\/100 psn\n|-boost|p2a: Morpeko|spe|1\n|\n|-weather|SunnyDay|[upkeep]\n|-heal|p1a: Alces|38\/100 psn|[from] item: Leftovers\n|-damage|p1a: Alces|26\/100 psn|[from] psn\n|-formechange|p2a: Morpeko|Morpeko||[from] ability: Hunger Switch\n|upkeep\n|turn|13\n|\n|t:|1699874186\n|move|p2a: Morpeko|Seed Bomb|p1a: Alces\n|-supereffective|p1a: Alces\n|-damage|p1a: Alces|3\/100 psn\n|move|p1a: Alces|Whirlwind|p2a: Morpeko\n|drag|p2a: Toxapex|Toxapex, F|100\/100\n|-damage|p2a: Toxapex|88\/100|[from] Stealth Rock\n|\n|-weather|none\n|-heal|p1a: Alces|9\/100 psn|[from] item: Leftovers\n|-heal|p2a: Toxapex|94\/100|[from] item: Leftovers\n|-damage|p1a: Alces|0 fnt|[from] psn\n|faint|p1a: Alces\n|upkeep\n|\n|t:|1699874196\n|switch|p1a: Ignis Coronam|Zamazenta|100\/100\n|-status|p1a: Ignis Coronam|psn\n|-ability|p1a: Ignis Coronam|Dauntless Shield|boost\n|-boost|p1a: Ignis Coronam|def|1\n|turn|14\n|\n|t:|1699874200\n|move|p2a: Toxapex|Baneful Bunker|p2a: Toxapex\n|-singleturn|p2a: Toxapex|move: Protect\n|move|p1a: Ignis Coronam|Crunch|p2a: Toxapex\n|-activate|p2a: Toxapex|move: Protect\n|\n|-heal|p2a: Toxapex|100\/100|[from] item: Leftovers\n|-damage|p1a: Ignis Coronam|88\/100 psn|[from] psn\n|upkeep\n|turn|15\n|\n|t:|1699874205\n|move|p1a: Ignis Coronam|Crunch|p2a: Toxapex\n|-damage|p2a: Toxapex|72\/100\n|move|p2a: Toxapex|Haze|p2a: Toxapex\n|-clearallboost\n|\n|-heal|p2a: Toxapex|78\/100|[from] item: Leftovers\n|-damage|p1a: Ignis Coronam|76\/100 psn|[from] psn\n|upkeep\n|turn|16\n|\n|t:|1699874212\n|switch|p1a: Terra Tigris|Landorus-Therian, M|100\/100\n|-ability|p1a: Terra Tigris|Intimidate|boost\n|-unboost|p2a: Toxapex|atk|1\n|move|p2a: Toxapex|Baneful Bunker||[still]\n|-fail|p2a: Toxapex\n|\n|-heal|p2a: Toxapex|84\/100|[from] item: Leftovers\n|upkeep\n|turn|17\n|\n|t:|1699874219\n|switch|p2a: Lilligant|Lilligant-Hisui, F, shiny, tera:Ghost|100\/100\n|-damage|p2a: Lilligant|88\/100|[from] Stealth Rock\n|move|p1a: Terra Tigris|Defog|p2a: Lilligant\n|-unboost|p2a: Lilligant|evasion|1\n|-sideend|p2: ttheus|Stealth Rock|[from] move: Defog|[of] p1a: Terra Tigris\n|-sideend|p1: AesirEcho|Toxic Spikes|[from] move: Defog|[of] p1a: Terra Tigris\n|\n|-heal|p2a: Lilligant|94\/100|[from] item: Leftovers\n|upkeep\n|turn|18\n|\n|t:|1699874233\n|-terastallize|p1a: Terra Tigris|Water\n|move|p2a: Lilligant|Ice Spinner|p1a: Terra Tigris\n|-resisted|p1a: Terra Tigris\n|-damage|p1a: Terra Tigris|93\/100\n|-damage|p2a: Lilligant|78\/100|[from] item: Rocky Helmet|[of] p1a: Terra Tigris\n|move|p1a: Terra Tigris|Toxic|p2a: Lilligant\n|-status|p2a: Lilligant|tox\n|\n|-heal|p2a: Lilligant|84\/100 tox|[from] item: Leftovers\n|-damage|p2a: Lilligant|78\/100 tox|[from] psn\n|upkeep\n|turn|19\n|\n|t:|1699874240\n|move|p2a: Lilligant|Solar Blade||[still]\n|-prepare|p2a: Lilligant|Solar Blade\n|move|p1a: Terra Tigris|Earthquake|p2a: Lilligant\n|-damage|p2a: Lilligant|6\/100 tox\n|\n|-heal|p2a: Lilligant|12\/100 tox|[from] item: Leftovers\n|-damage|p2a: Lilligant|0 fnt|[from] psn\n|faint|p2a: Lilligant\n|upkeep\n|\n|t:|1699874247\n|switch|p2a: Morpeko|Morpeko, M|69\/100\n|turn|20\n|\n|t:|1699874261\n|switch|p1a: Sol Tinea|Volcarona, F|100\/100\n|move|p2a: Morpeko|Aura Wheel|p1a: Sol Tinea\n|-damage|p1a: Sol Tinea|55\/100\n|-boost|p2a: Morpeko|spe|1\n|\n|-formechange|p2a: Morpeko|Morpeko-Hangry||[from] ability: Hunger Switch\n|upkeep\n|turn|21\n|\n|t:|1699874291\n|move|p2a: Morpeko|Parting Shot|p1a: Sol Tinea\n|-unboost|p1a: Sol Tinea|atk|1\n|-unboost|p1a: Sol Tinea|spa|1\n|\n|t:|1699874324\n|switch|p2a: Sneasler|Sneasler, F|100\/100|[from] Parting Shot\n|move|p1a: Sol Tinea|Bug Buzz|p2a: Sneasler\n|-resisted|p2a: Sneasler\n|-damage|p2a: Sneasler|91\/100\n|\n|upkeep\n|turn|22\n|\n|t:|1699874330\n|switch|p1a: Terra Tigris|Landorus-Therian, M, tera:Water|93\/100\n|-ability|p1a: Terra Tigris|Intimidate|boost\n|-unboost|p2a: Sneasler|atk|1\n|move|p2a: Sneasler|Fake Out|p1a: Terra Tigris\n|-damage|p1a: Terra Tigris|86\/100\n|\n|upkeep\n|turn|23\n|\n|t:|1699874338\n|move|p2a: Sneasler|Dire Claw|p1a: Terra Tigris\n|-damage|p1a: Terra Tigris|65\/100\n|-status|p1a: Terra Tigris|psn|[from] ability: Poison Touch|[of] p2a: Sneasler\n|move|p1a: Terra Tigris|Earthquake|p2a: Sneasler\n|-supereffective|p2a: Sneasler\n|-damage|p2a: Sneasler|0 fnt\n|faint|p2a: Sneasler\n|\n|-damage|p1a: Terra Tigris|53\/100 psn|[from] psn\n|upkeep\n|\n|t:|1699874342\n|switch|p2a: Morpeko|Morpeko, M|69\/100\n|turn|24\n|\n|t:|1699874349\n|switch|p1a: Sol Tinea|Volcarona, F|55\/100\n|move|p2a: Morpeko|Aura Wheel|p1a: Sol Tinea\n|-damage|p1a: Sol Tinea|5\/100\n|-boost|p2a: Morpeko|spe|1\n|\n|-formechange|p2a: Morpeko|Morpeko-Hangry||[from] ability: Hunger Switch\n|upkeep\n|turn|25\n|\n|t:|1699874362\n|move|p2a: Morpeko|Aura Wheel|p1a: Sol Tinea\n|-damage|p1a: Sol Tinea|0 fnt\n|-boost|p2a: Morpeko|spe|1\n|faint|p1a: Sol Tinea\n|\n|-formechange|p2a: Morpeko|Morpeko||[from] ability: Hunger Switch\n|upkeep\n|\n|t:|1699874374\n|switch|p1a: Ignis Coronam|Zamazenta|76\/100 psn\n|turn|26\n|\n|t:|1699874381\n|move|p2a: Morpeko|Aura Wheel|p1a: Ignis Coronam\n|-damage|p1a: Ignis Coronam|35\/100 psn\n|-boost|p2a: Morpeko|spe|1\n|move|p1a: Ignis Coronam|Close Combat|p2a: Morpeko\n|-supereffective|p2a: Morpeko\n|-damage|p2a: Morpeko|0 fnt\n|-unboost|p1a: Ignis Coronam|def|1\n|-unboost|p1a: Ignis Coronam|spd|1\n|faint|p2a: Morpeko\n|\n|-damage|p1a: Ignis Coronam|23\/100 psn|[from] psn\n|upkeep\n|\n|t:|1699874384\n|switch|p2a: Toxapex|Toxapex, F|100\/100\n|turn|27\n|\n|t:|1699874391\n|switch|p1a: Terra Tigris|Landorus-Therian, M, tera:Water|53\/100 psn\n|-ability|p1a: Terra Tigris|Intimidate|boost\n|-unboost|p2a: Toxapex|atk|1\n|move|p2a: Toxapex|Haze|p2a: Toxapex\n|-clearallboost\n|\n|-damage|p1a: Terra Tigris|41\/100 psn|[from] psn\n|upkeep\n|turn|28\n|\n|t:|1699874397\n|move|p2a: Toxapex|Baneful Bunker|p2a: Toxapex\n|-singleturn|p2a: Toxapex|move: Protect\n|move|p1a: Terra Tigris|Earthquake|p2a: Toxapex\n|-activate|p2a: Toxapex|move: Protect\n|\n|-damage|p1a: Terra Tigris|29\/100 psn|[from] psn\n|upkeep\n|turn|29\n|\n|t:|1699874400\n|move|p1a: Terra Tigris|Earthquake|p2a: Toxapex\n|-supereffective|p2a: Toxapex\n|-damage|p2a: Toxapex|29\/100\n|move|p2a: Toxapex|Ice Beam|p1a: Terra Tigris\n|-resisted|p1a: Terra Tigris\n|-damage|p1a: Terra Tigris|18\/100 psn\n|\n|-heal|p2a: Toxapex|36\/100|[from] item: Leftovers\n|-damage|p1a: Terra Tigris|6\/100 psn|[from] psn\n|upkeep\n|turn|30\n|\n|t:|1699874403\n|move|p2a: Toxapex|Baneful Bunker|p2a: Toxapex\n|-singleturn|p2a: Toxapex|move: Protect\n|move|p1a: Terra Tigris|Earthquake|p2a: Toxapex\n|-activate|p2a: Toxapex|move: Protect\n|\n|-heal|p2a: Toxapex|42\/100|[from] item: Leftovers\n|-damage|p1a: Terra Tigris|0 fnt|[from] psn\n|faint|p1a: Terra Tigris\n|upkeep\n|\n|t:|1699874406\n|switch|p1a: Ignis Coronam|Zamazenta|23\/100 psn\n|turn|31\n|\n|t:|1699874410\n|move|p1a: Ignis Coronam|Wild Charge|p2a: Toxapex\n|-supereffective|p2a: Toxapex\n|-damage|p2a: Toxapex|0 fnt\n|faint|p2a: Toxapex\n|-damage|p1a: Ignis Coronam|13\/100 psn|[from] Recoil\n|\n|win|AesirEcho\n|l|\u2606ttheus\n","uploadtime":1699874414,"views":4,"p1id":"aesirecho","p2id":"ttheus","formatid":"gen9nationaldex","rating":0,"private":0,"password":""}