{"id":"gen9nationaldex-1997701266","p1":"baigu2","p2":"Creator Cyrus","format":"[Gen 9] National Dex","log":"|html|<div class=\"broadcast-blue\"><strong>[Gen 9] National Dex is currently suspecting Sneasler! For information on how to participate check out the <a href=\"https:\/\/www.smogon.com\/forums\/threads\/sv-national-dex-suspect-8-just-dance.3731534\/\">suspect thread<\/a>.<\/strong><\/div>\n|j|\u2606baigu2\n|j|\u2606Creator Cyrus\n|t:|1700843376\n|gametype|singles\n|player|p1|baigu2|169|1685\n|player|p2|Creator Cyrus|cyrus|1626\n|teamsize|p1|6\n|teamsize|p2|6\n|gen|9\n|tier|[Gen 9] National Dex\n|rated|\n|rule|HP Percentage Mod: HP is shown in percentages\n|rule|Endless Battle Clause: Forcing endless battles is banned\n|rule|OHKO Clause: OHKO moves are banned\n|rule|Evasion Clause: Evasion abilities, items, and moves are banned\n|rule|Evasion Abilities Clause: Evasion abilities are banned\n|rule|Evasion Items Clause: Evasion items are banned\n|rule|Evasion Moves Clause: Evasion moves are banned\n|rule|Species Clause: Limit one of each Pok\u00e9mon\n|rule|Sleep Clause Mod: Limit one foe put to sleep\n|clearpoke\n|poke|p1|Ursaluna, F|\n|poke|p1|Dragonite, F|\n|poke|p1|Slowking, M|\n|poke|p1|Tapu Koko|\n|poke|p1|Hoopa-Unbound|\n|poke|p1|Great Tusk|\n|poke|p2|Slowking-Galar, M|\n|poke|p2|Urshifu-*, M|\n|poke|p2|Diancie|\n|poke|p2|Kartana|\n|poke|p2|Zapdos|\n|poke|p2|Ting-Lu|\n|teampreview\n|\n|t:|1700843388\n|start\n|switch|p1a: Tapu Koko|Tapu Koko|100\/100\n|switch|p2a: Slowking|Slowking-Galar, M|100\/100\n|-fieldstart|move: Electric Terrain|[from] ability: Electric Surge|[of] p1a: Tapu Koko\n|turn|1\n|\n|t:|1700843394\n|move|p1a: Tapu Koko|U-turn|p2a: Slowking\n|-damage|p2a: Slowking|83\/100\n|\n|t:|1700843396\n|switch|p1a: Ursaluna|Ursaluna, F|100\/100|[from] U-turn\n|move|p2a: Slowking|Chilly Reception|p2a: Slowking\n|-weather|Snow\n|\n|t:|1700843406\n|switch|p2a: Kartana|Kartana|100\/100|[from] Chilly Reception\n|\n|-weather|Snow|[upkeep]\n|-status|p1a: Ursaluna|brn|[from] item: Flame Orb\n|upkeep\n|turn|2\n|\n|t:|1700843417\n|-terastallize|p1a: Ursaluna|Normal\n|move|p2a: Kartana|Sacred Sword|p1a: Ursaluna\n|-supereffective|p1a: Ursaluna\n|-damage|p1a: Ursaluna|29\/100 brn\n|-damage|p2a: Kartana|91\/100|[from] item: Life Orb\n|move|p1a: Ursaluna|Fire Punch|p2a: Kartana\n|-supereffective|p2a: Kartana\n|-damage|p2a: Kartana|0 fnt\n|faint|p2a: Kartana\n|\n|-weather|Snow|[upkeep]\n|-damage|p1a: Ursaluna|23\/100 brn|[from] brn\n|upkeep\n|\n|t:|1700843435\n|switch|p2a: Diancie|Diancie|100\/100\n|turn|3\n|inactive|Battle timer is ON: inactive players will automatically lose when time's up. (requested by baigu2)\n|\n|t:|1700843446\n|switch|p1a: Slowking|Slowking, M|100\/100\n|detailschange|p2a: Diancie|Diancie-Mega\n|-mega|p2a: Diancie|Diancie|Diancite\n|move|p2a: Diancie|Moonblast|p1a: Slowking\n|-damage|p1a: Slowking|71\/100\n|-unboost|p1a: Slowking|spa|1\n|\n|-weather|Snow|[upkeep]\n|upkeep\n|turn|4\n|\n|t:|1700843462\n|move|p2a: Diancie|Diamond Storm|p1a: Slowking\n|-damage|p1a: Slowking|16\/100\n|move|p1a: Slowking|Trick Room|p1a: Slowking\n|-fieldstart|move: Trick Room|[of] p1a: Slowking\n|\n|-weather|Snow|[upkeep]\n|upkeep\n|turn|5\n|inactive|Creator Cyrus has 120 seconds left.\n|\n|t:|1700843494\n|switch|p2a: Urshifu|Urshifu-Rapid-Strike, M|100\/100\n|move|p1a: Slowking|Teleport|p1a: Slowking\n|\n|t:|1700843497\n|switch|p1a: Dragonite|Dragonite, F|100\/100|[from] Teleport\n|\n|-weather|none\n|-fieldend|move: Electric Terrain\n|upkeep\n|turn|6\n|\n|t:|1700843505\n|move|p1a: Dragonite|Dual Wingbeat|p2a: Urshifu\n|-supereffective|p2a: Urshifu\n|-damage|p2a: Urshifu|40\/100\n|-supereffective|p2a: Urshifu\n|-damage|p2a: Urshifu|0 fnt\n|faint|p2a: Urshifu\n|-hitcount|p2: Urshifu|2\n|\n|upkeep\n|\n|t:|1700843512\n|switch|p2a: Diancie|Diancie-Mega|100\/100\n|turn|7\n|\n|t:|1700843523\n|switch|p1a: Hoopa|Hoopa-Unbound|100\/100\n|move|p2a: Diancie|Diamond Storm|p1a: Hoopa\n|-damage|p1a: Hoopa|3\/100\n|\n|upkeep\n|turn|8\n|\n|t:|1700843533\n|switch|p2a: Ting-Lu|Ting-Lu|100\/100\n|-ability|p2a: Ting-Lu|Vessel of Ruin\n|-zpower|p1a: Hoopa\n|move|p1a: Hoopa|All-Out Pummeling|p2a: Ting-Lu|[zeffect]\n|-supereffective|p2a: Ting-Lu\n|-damage|p2a: Ting-Lu|2\/100\n|\n|-heal|p2a: Ting-Lu|8\/100|[from] item: Leftovers\n|-fieldend|move: Trick Room\n|upkeep\n|turn|9\n|\n|t:|1700843551\n|switch|p2a: Diancie|Diancie-Mega|100\/100\n|move|p1a: Hoopa|Dark Pulse|p2a: Diancie\n|-resisted|p2a: Diancie\n|-damage|p2a: Diancie|68\/100\n|\n|upkeep\n|turn|10\n|\n|t:|1700843563\n|move|p2a: Diancie|Diamond Storm|p1a: Hoopa\n|-damage|p1a: Hoopa|0 fnt\n|faint|p1a: Hoopa\n|\n|upkeep\n|\n|t:|1700843565\n|switch|p1a: Tapu Koko|Tapu Koko|100\/100\n|-fieldstart|move: Electric Terrain|[from] ability: Electric Surge|[of] p1a: Tapu Koko\n|turn|11\n|\n|t:|1700843571\n|switch|p2a: Slowking|Slowking-Galar, M|100\/100\n|move|p1a: Tapu Koko|Dazzling Gleam|p2a: Slowking\n|-resisted|p2a: Slowking\n|-damage|p2a: Slowking|87\/100\n|\n|-heal|p2a: Slowking|93\/100|[from] item: Black Sludge\n|upkeep\n|turn|12\n|\n|t:|1700843579\n|switch|p1a: Great Tusk|Great Tusk|100\/100\n|move|p2a: Slowking|Future Sight|p1a: Great Tusk\n|-start|p2a: Slowking|move: Future Sight\n|\n|-heal|p2a: Slowking|99\/100|[from] item: Black Sludge\n|upkeep\n|turn|13\n|\n|t:|1700843592\n|switch|p2a: Diancie|Diancie-Mega|68\/100\n|move|p1a: Great Tusk|Headlong Rush|p2a: Diancie\n|-supereffective|p2a: Diancie\n|-damage|p2a: Diancie|0 fnt\n|-unboost|p1a: Great Tusk|def|1\n|-unboost|p1a: Great Tusk|spd|1\n|faint|p2a: Diancie\n|\n|upkeep\n|\n|t:|1700843606\n|switch|p2a: Ting-Lu|Ting-Lu|8\/100\n|-ability|p2a: Ting-Lu|Vessel of Ruin\n|turn|14\n|\n|t:|1700843611\n|-end|p1a: Great Tusk|Protosynthesis|[silent]\n|switch|p1a: Slowking|Slowking, M|49\/100\n|switch|p2a: Zapdos|Zapdos|100\/100\n|\n|-end|p1a: Slowking|move: Future Sight\n|-resisted|p1a: Slowking\n|-damage|p1a: Slowking|35\/100\n|upkeep\n|turn|15\n|-message|Creator Cyrus forfeited.\n|\n|win|baigu2\n|raw|baigu2's rating: 1685 &rarr; <strong>1702<\/strong><br \/>(+17 for winning)\n|raw|Creator Cyrus's rating: 1626 &rarr; <strong>1609<\/strong><br \/>(-17 for losing)\n|l|\u2606Creator Cyrus\n","uploadtime":1700843621,"views":0,"p1id":"baigu2","p2id":"creatorcyrus","formatid":"gen9nationaldex","rating":1609,"private":0,"password":""}