{"id":"gen9nationaldex-1988682089","p1":"AutumnCookie","p2":"cassinidivision","format":"[Gen 9] National Dex","log":"|j|\u2606AutumnCookie\n|j|\u2606cassinidivision\n|t:|1699750046\n|gametype|singles\n|player|p1|AutumnCookie|kieran|\n|player|p2|cassinidivision|pesselle|\n|teamsize|p1|6\n|teamsize|p2|6\n|gen|9\n|tier|[Gen 9] National Dex\n|rule|HP Percentage Mod: HP is shown in percentages\n|rule|Endless Battle Clause: Forcing endless battles is banned\n|rule|OHKO Clause: OHKO moves are banned\n|rule|Evasion Clause: Evasion abilities, items, and moves are banned\n|rule|Evasion Abilities Clause: Evasion abilities are banned\n|rule|Evasion Items Clause: Evasion items are banned\n|rule|Evasion Moves Clause: Evasion moves are banned\n|rule|Species Clause: Limit one of each Pok\u00e9mon\n|rule|Sleep Clause Mod: Limit one foe put to sleep\n|clearpoke\n|poke|p1|Shiftry, M|\n|poke|p1|Yanmega, M|\n|poke|p1|Dipplin, M|\n|poke|p1|Probopass, M|\n|poke|p1|Poliwrath, M|\n|poke|p1|Gliscor, M|\n|poke|p2|Blissey, F|\n|poke|p2|Chansey, F|\n|poke|p2|Audino, F|\n|poke|p2|Miltank, F|\n|poke|p2|Comfey, F|\n|poke|p2|Grimmsnarl, M|\n|teampreview\n|j| kuramasempai95\n|c|\u2606cassinidivision|silliest team ever\n|c|\u2606AutumnCookie|REAL\n|\n|t:|1699750061\n|start\n|switch|p1a: Shiftry|Shiftry, M|100\/100\n|switch|p2a: Chansey|Chansey, F|100\/100\n|turn|1\n|\n|t:|1699750071\n|move|p1a: Shiftry|Fake Out|p2a: Chansey\n|-damage|p2a: Chansey|93\/100\n|cant|p2a: Chansey|flinch\n|\n|upkeep\n|turn|2\n|\n|t:|1699750077\n|move|p1a: Shiftry|Tailwind|p1a: Shiftry\n|-sidestart|p1: AutumnCookie|move: Tailwind\n|-ability|p1a: Shiftry|Wind Rider|boost\n|-boost|p1a: Shiftry|atk|1\n|move|p2a: Chansey|Stealth Rock|p1a: Shiftry\n|-sidestart|p1: AutumnCookie|move: Stealth Rock\n|\n|upkeep\n|turn|3\n|\n|t:|1699750085\n|move|p1a: Shiftry|Leaf Blade|p2a: Chansey\n|-damage|p2a: Chansey|54\/100\n|move|p2a: Chansey|Reflect|p2a: Chansey\n|-sidestart|p2: cassinidivision|Reflect\n|\n|upkeep\n|turn|4\n|\n|t:|1699750092\n|move|p1a: Shiftry|Leaf Blade|p2a: Chansey\n|-damage|p2a: Chansey|35\/100\n|move|p2a: Chansey|Light Screen|p2a: Chansey\n|-sidestart|p2: cassinidivision|move: Light Screen\n|\n|upkeep\n|turn|5\n|\n|t:|1699750099\n|move|p1a: Shiftry|Leaf Blade|p2a: Chansey\n|-damage|p2a: Chansey|18\/100\n|move|p2a: Chansey|Hyper Voice|p1a: Shiftry\n|-damage|p1a: Shiftry|78\/100\n|\n|-sideend|p1: AutumnCookie|move: Tailwind\n|upkeep\n|turn|6\n|\n|t:|1699750107\n|move|p1a: Shiftry|Tailwind|p1a: Shiftry\n|-sidestart|p1: AutumnCookie|move: Tailwind\n|-ability|p1a: Shiftry|Wind Rider|boost\n|-boost|p1a: Shiftry|atk|1\n|move|p2a: Chansey|Hyper Voice|p1a: Shiftry\n|-damage|p1a: Shiftry|54\/100\n|\n|upkeep\n|turn|7\n|\n|t:|1699750128\n|move|p1a: Shiftry|Leaf Blade|p2a: Chansey\n|-damage|p2a: Chansey|0 fnt\n|faint|p2a: Chansey\n|\n|-sideend|p2: cassinidivision|Reflect\n|upkeep\n|\n|t:|1699750132\n|switch|p2a: Miltank|Miltank, F|100\/100\n|turn|8\n|c|\u2606AutumnCookie|Shiftry is a suicide lead but if he DOES manage to survive for a while he can be kinda scary\n|\n|t:|1699750149\n|move|p1a: Shiftry|Leaf Blade|p2a: Miltank\n|-crit|p2a: Miltank\n|-damage|p2a: Miltank|7\/100\n|move|p2a: Miltank|Curse|p2a: Miltank\n|-unboost|p2a: Miltank|spe|1\n|-boost|p2a: Miltank|atk|1\n|-boost|p2a: Miltank|def|1\n|\n|-sideend|p2: cassinidivision|move: Light Screen\n|upkeep\n|turn|9\n|c|\u2606cassinidivision|my cow.....\n|c|\u2606AutumnCookie|YOUR COW...\n|\n|t:|1699750167\n|move|p1a: Shiftry|Dark Pulse|p2a: Miltank\n|-damage|p2a: Miltank|0 fnt\n|faint|p2a: Miltank\n|\n|-sideend|p1: AutumnCookie|move: Tailwind\n|upkeep\n|c|\u2606AutumnCookie|No awful cow...\n|\n|t:|1699750183\n|switch|p2a: Audino|Audino, F|100\/100\n|turn|10\n|\n|t:|1699750193\n|move|p1a: Shiftry|Tailwind|p1a: Shiftry\n|-sidestart|p1: AutumnCookie|move: Tailwind\n|-ability|p1a: Shiftry|Wind Rider|boost\n|-boost|p1a: Shiftry|atk|1\n|move|p2a: Audino|Power-Up Punch|p1a: Shiftry\n|-supereffective|p1a: Shiftry\n|-damage|p1a: Shiftry|19\/100\n|-boost|p2a: Audino|atk|1\n|\n|upkeep\n|turn|11\n|\n|t:|1699750203\n|move|p1a: Shiftry|Leaf Blade|p2a: Audino\n|-damage|p2a: Audino|6\/100\n|move|p2a: Audino|Power-Up Punch|p1a: Shiftry\n|-supereffective|p1a: Shiftry\n|-damage|p1a: Shiftry|0 fnt\n|-boost|p2a: Audino|atk|1\n|faint|p1a: Shiftry\n|\n|-heal|p2a: Audino|12\/100|[from] item: Leftovers\n|upkeep\n|\n|t:|1699750218\n|switch|p1a: Poliwrath|Poliwrath, M|100\/100\n|-damage|p1a: Poliwrath|94\/100|[from] Stealth Rock\n|turn|12\n|\n|t:|1699750224\n|move|p1a: Poliwrath|Belly Drum|p1a: Poliwrath\n|-damage|p1a: Poliwrath|44\/100\n|-setboost|p1a: Poliwrath|atk|6|[from] move: Belly Drum\n|-enditem|p1a: Poliwrath|Sitrus Berry|[eat]\n|-heal|p1a: Poliwrath|69\/100|[from] item: Sitrus Berry\n|move|p2a: Audino|Drain Punch|p1a: Poliwrath\n|-damage|p1a: Poliwrath|31\/100\n|-heal|p2a: Audino|27\/100|[from] drain|[of] p1a: Poliwrath\n|\n|-heal|p2a: Audino|33\/100|[from] item: Leftovers\n|upkeep\n|turn|13\n|\n|t:|1699750238\n|move|p1a: Poliwrath|Drain Punch|p2a: Audino\n|-supereffective|p2a: Audino\n|-damage|p2a: Audino|0 fnt\n|-heal|p1a: Poliwrath|52\/100|[from] drain|[of] p2a: Audino\n|faint|p2a: Audino\n|\n|-sideend|p1: AutumnCookie|move: Tailwind\n|upkeep\n|\n|t:|1699750248\n|switch|p2a: Grimmsnarl|Grimmsnarl, M|100\/100\n|turn|14\n|\n|t:|1699750256\n|move|p2a: Grimmsnarl|Fake Out|p1a: Poliwrath\n|-damage|p1a: Poliwrath|35\/100\n|cant|p1a: Poliwrath|flinch\n|\n|upkeep\n|turn|15\n|\n|t:|1699750265\n|move|p2a: Grimmsnarl|Bulk Up|p2a: Grimmsnarl\n|-boost|p2a: Grimmsnarl|atk|1\n|-boost|p2a: Grimmsnarl|def|1\n|move|p1a: Poliwrath|Drain Punch|p2a: Grimmsnarl\n|-damage|p2a: Grimmsnarl|0 fnt\n|-heal|p1a: Poliwrath|96\/100|[from] drain|[of] p2a: Grimmsnarl\n|faint|p2a: Grimmsnarl\n|\n|upkeep\n|c|\u2606cassinidivision|DAMN\n|c|\u2606AutumnCookie|DAMN\n|\n|t:|1699750275\n|switch|p2a: Blissey|Blissey, F|100\/100\n|turn|16\n|c|\u2606AutumnCookie|WHAT IS WITH THIS FROG\n|c|\u2606AutumnCookie|DID NOT THINK THAT'D KILL\n|c| kuramasempai95|steroids... xD\n|c|\u2606AutumnCookie|REAL\n|c|\u2606cassinidivision|literally\n|c|\u2606cassinidivision|bro is cracked\n|\n|t:|1699750307\n|move|p1a: Poliwrath|Drain Punch|p2a: Blissey\n|-supereffective|p2a: Blissey\n|-damage|p2a: Blissey|0 fnt\n|-heal|p1a: Poliwrath|100\/100|[from] drain|[of] p2a: Blissey\n|faint|p2a: Blissey\n|\n|upkeep\n|\n|t:|1699750312\n|switch|p2a: Comfey|Comfey, F|100\/100\n|turn|17\n|\n|t:|1699750317\n|move|p2a: Comfey|U-turn|p1a: Poliwrath\n|-resisted|p1a: Poliwrath\n|-damage|p1a: Poliwrath|95\/100\n|move|p1a: Poliwrath|Liquidation|p2a: Comfey\n|-damage|p2a: Comfey|0 fnt\n|faint|p2a: Comfey\n|\n|win|AutumnCookie\n|c|\u2606AutumnCookie|WOW\n|c|\u2606cassinidivision|congrats to comfey u did NOTHIN!\n|c|\u2606AutumnCookie|SHE TRIED HER BEST\n|l| kuramasempai95\n|c|\u2606AutumnCookie|Let me. Try a different team .\n|c|\u2606cassinidivision|arven perhaps.\n","uploadtime":1699750354,"views":4,"p1id":"autumncookie","p2id":"cassinidivision","formatid":"gen9nationaldex","rating":0,"private":0,"password":""}