{"id":"gen9nationaldex-1994905777","p1":"Toxic Ariados","p2":"camfre10","format":"[Gen 9] National Dex","log":"|html|<div class=\"broadcast-blue\"><strong>[Gen 9] National Dex is currently suspecting Sneasler! For information on how to participate check out the <a href=\"https:\/\/www.smogon.com\/forums\/threads\/sv-national-dex-suspect-8-just-dance.3731534\/\">suspect thread<\/a>.<\/strong><\/div>\n|j|\u2606Toxic Ariados\n|j|\u2606camfre10\n|t:|1700503470\n|gametype|singles\n|player|p1|Toxic Ariados|lucas|1669\n|player|p2|camfre10|grimsley|1766\n|teamsize|p1|6\n|teamsize|p2|6\n|gen|9\n|tier|[Gen 9] National Dex\n|rated|\n|rule|HP Percentage Mod: HP is shown in percentages\n|rule|Endless Battle Clause: Forcing endless battles is banned\n|rule|OHKO Clause: OHKO moves are banned\n|rule|Evasion Clause: Evasion abilities, items, and moves are banned\n|rule|Evasion Abilities Clause: Evasion abilities are banned\n|rule|Evasion Items Clause: Evasion items are banned\n|rule|Evasion Moves Clause: Evasion moves are banned\n|rule|Species Clause: Limit one of each Pok\u00e9mon\n|rule|Sleep Clause Mod: Limit one foe put to sleep\n|clearpoke\n|poke|p1|Grimmsnarl, M|\n|poke|p1|Okidogi, M|\n|poke|p1|Volcarona, F|\n|poke|p1|Great Tusk|\n|poke|p1|Ogerpon-Cornerstone, F|\n|poke|p1|Jirachi|\n|poke|p2|Reuniclus, M|\n|poke|p2|Blissey, F|\n|poke|p2|Mandibuzz, F|\n|poke|p2|Ferrothorn, F|\n|poke|p2|Zamazenta-*|\n|poke|p2|Sceptile, F|\n|teampreview\n|inactive|Battle timer is ON: inactive players will automatically lose when time's up. (requested by camfre10)\n|\n|t:|1700503494\n|start\n|switch|p1a: Ogerpon|Ogerpon-Cornerstone, F|100\/100\n|switch|p2a: Mandibuzz|Mandibuzz, F|100\/100\n|turn|1\n|\n|t:|1700503503\n|-terastallize|p2a: Mandibuzz|Fairy\n|move|p1a: Ogerpon|Swords Dance|p1a: Ogerpon\n|-boost|p1a: Ogerpon|atk|2\n|move|p2a: Mandibuzz|Toxic|p1a: Ogerpon\n|-status|p1a: Ogerpon|tox\n|\n|-damage|p1a: Ogerpon|95\/100 tox|[from] psn\n|upkeep\n|turn|2\n|\n|t:|1700503510\n|move|p1a: Ogerpon|Horn Leech|p2a: Mandibuzz\n|-damage|p2a: Mandibuzz|52\/100\n|-heal|p1a: Ogerpon|100\/100 tox|[from] drain|[of] p2a: Mandibuzz\n|-damage|p1a: Ogerpon|84\/100 tox|[from] item: Rocky Helmet|[of] p2a: Mandibuzz\n|move|p2a: Mandibuzz|Foul Play|p1a: Ogerpon\n|-damage|p1a: Ogerpon|0 fnt\n|faint|p1a: Ogerpon\n|\n|upkeep\n|\n|t:|1700503536\n|switch|p1a: Wrath|Okidogi, M|100\/100\n|turn|3\n|\n|t:|1700503541\n|switch|p2a: Reuniclus|Reuniclus, M|100\/100\n|move|p1a: Wrath|Bulk Up|p1a: Wrath\n|-boost|p1a: Wrath|atk|1\n|-boost|p1a: Wrath|def|1\n|\n|upkeep\n|turn|4\n|\n|t:|1700503548\n|switch|p2a: Mandibuzz|Mandibuzz, F, tera:Fairy|52\/100\n|move|p1a: Wrath|Bulk Up|p1a: Wrath\n|-boost|p1a: Wrath|atk|1\n|-boost|p1a: Wrath|def|1\n|\n|upkeep\n|turn|5\n|\n|t:|1700503556\n|switch|p2a: Ferrothorn|Ferrothorn, F|100\/100\n|move|p1a: Wrath|Poison Jab|p2a: Ferrothorn\n|-immune|p2a: Ferrothorn\n|\n|upkeep\n|turn|6\n|\n|t:|1700503564\n|switch|p2a: Mandibuzz|Mandibuzz, F, tera:Fairy|52\/100\n|move|p1a: Wrath|Bulk Up|p1a: Wrath\n|-boost|p1a: Wrath|atk|1\n|-boost|p1a: Wrath|def|1\n|\n|upkeep\n|turn|7\n|\n|t:|1700503579\n|move|p2a: Mandibuzz|Foul Play|p1a: Wrath\n|-resisted|p1a: Wrath\n|-crit|p1a: Wrath\n|-damage|p1a: Wrath|33\/100\n|move|p1a: Wrath|Poison Jab|p2a: Mandibuzz\n|-supereffective|p2a: Mandibuzz\n|-damage|p2a: Mandibuzz|0 fnt\n|-damage|p1a: Wrath|17\/100|[from] item: Rocky Helmet|[of] p2a: Mandibuzz\n|faint|p2a: Mandibuzz\n|\n|upkeep\n|j| YJLF2\n|\n|t:|1700503587\n|switch|p2a: Sceptile|Sceptile, F|100\/100\n|turn|8\n|\n|t:|1700503594\n|detailschange|p2a: Sceptile|Sceptile-Mega, F\n|-mega|p2a: Sceptile|Sceptile|Sceptilite\n|move|p2a: Sceptile|Dragon Pulse|p1a: Wrath\n|-damage|p1a: Wrath|0 fnt\n|faint|p1a: Wrath\n|\n|upkeep\n|\n|t:|1700503597\n|switch|p1a: Diablo|Grimmsnarl, M|100\/100\n|turn|9\n|\n|t:|1700503603\n|switch|p2a: Ferrothorn|Ferrothorn, F|100\/100\n|move|p1a: Diablo|Light Screen|p1a: Diablo\n|-sidestart|p1: Toxic Ariados|move: Light Screen\n|\n|upkeep\n|turn|10\n|\n|t:|1700503608\n|move|p1a: Diablo|Taunt|p2a: Ferrothorn\n|-start|p2a: Ferrothorn|move: Taunt\n|move|p2a: Ferrothorn|Gyro Ball|p1a: Diablo\n|-supereffective|p1a: Diablo\n|-damage|p1a: Diablo|30\/100\n|\n|upkeep\n|turn|11\n|\n|t:|1700503614\n|move|p1a: Diablo|Reflect|p1a: Diablo\n|-sidestart|p1: Toxic Ariados|Reflect\n|move|p2a: Ferrothorn|Gyro Ball|p1a: Diablo\n|-supereffective|p1a: Diablo\n|-damage|p1a: Diablo|0 fnt\n|faint|p1a: Diablo\n|\n|upkeep\n|\n|t:|1700503617\n|switch|p1a: Solstice|Volcarona, F|100\/100\n|turn|12\n|\n|t:|1700503622\n|switch|p2a: Blissey|Blissey, F|100\/100\n|move|p1a: Solstice|Quiver Dance|p1a: Solstice\n|-boost|p1a: Solstice|spa|1\n|-boost|p1a: Solstice|spd|1\n|-boost|p1a: Solstice|spe|1\n|\n|upkeep\n|turn|13\n|\n|t:|1700503628\n|-terastallize|p1a: Solstice|Poison\n|move|p1a: Solstice|Quiver Dance|p1a: Solstice\n|-boost|p1a: Solstice|spa|1\n|-boost|p1a: Solstice|spd|1\n|-boost|p1a: Solstice|spe|1\n|move|p2a: Blissey|Toxic|p1a: Solstice\n|-immune|p1a: Solstice\n|\n|upkeep\n|turn|14\n|\n|t:|1700503635\n|move|p1a: Solstice|Quiver Dance|p1a: Solstice\n|-boost|p1a: Solstice|spa|1\n|-boost|p1a: Solstice|spd|1\n|-boost|p1a: Solstice|spe|1\n|move|p2a: Blissey|Seismic Toss|p1a: Solstice\n|-damage|p1a: Solstice|68\/100\n|-status|p2a: Blissey|brn|[from] ability: Flame Body|[of] p1a: Solstice\n|\n|-damage|p2a: Blissey|94\/100 brn|[from] brn\n|upkeep\n|turn|15\n|j| pandragonHan\n|\n|t:|1700503644\n|move|p1a: Solstice|Fiery Dance|p2a: Blissey\n|-damage|p2a: Blissey|58\/100 brn\n|-boost|p1a: Solstice|spa|1\n|move|p2a: Blissey|Seismic Toss|p1a: Solstice\n|-damage|p1a: Solstice|36\/100\n|\n|-heal|p2a: Blissey|64\/100 brn|[from] item: Leftovers\n|-damage|p2a: Blissey|58\/100 brn|[from] brn\n|upkeep\n|turn|16\n|\n|t:|1700503654\n|move|p1a: Solstice|Giga Drain|p2a: Blissey\n|-damage|p2a: Blissey|31\/100 brn\n|-heal|p1a: Solstice|68\/100|[from] drain|[of] p2a: Blissey\n|move|p2a: Blissey|Wish|p2a: Blissey\n|\n|-heal|p2a: Blissey|37\/100 brn|[from] item: Leftovers\n|-damage|p2a: Blissey|31\/100 brn|[from] brn\n|-sideend|p1: Toxic Ariados|move: Light Screen\n|upkeep\n|turn|17\n|\n|t:|1700503661\n|move|p1a: Solstice|Quiver Dance|p1a: Solstice\n|-boost|p1a: Solstice|spa|1\n|-boost|p1a: Solstice|spd|1\n|-boost|p1a: Solstice|spe|1\n|move|p2a: Blissey|Seismic Toss|p1a: Solstice\n|-damage|p1a: Solstice|36\/100\n|\n|-heal|p2a: Blissey|81\/100 brn|[from] move: Wish|[wisher] Blissey\n|-heal|p2a: Blissey|87\/100 brn|[from] item: Leftovers\n|-damage|p2a: Blissey|81\/100 brn|[from] brn\n|upkeep\n|turn|18\n|\n|t:|1700503673\n|move|p1a: Solstice|Giga Drain|p2a: Blissey\n|-damage|p2a: Blissey|45\/100 brn\n|-heal|p1a: Solstice|77\/100|[from] drain|[of] p2a: Blissey\n|move|p2a: Blissey|Seismic Toss|p1a: Solstice\n|-damage|p1a: Solstice|45\/100\n|\n|-heal|p2a: Blissey|51\/100 brn|[from] item: Leftovers\n|-damage|p2a: Blissey|45\/100 brn|[from] brn\n|-sideend|p1: Toxic Ariados|Reflect\n|upkeep\n|turn|19\n|\n|t:|1700503685\n|move|p1a: Solstice|Giga Drain|p2a: Blissey\n|-damage|p2a: Blissey|13\/100 brn\n|-heal|p1a: Solstice|81\/100|[from] drain|[of] p2a: Blissey\n|move|p2a: Blissey|Seismic Toss|p1a: Solstice\n|-damage|p1a: Solstice|49\/100\n|\n|-heal|p2a: Blissey|20\/100 brn|[from] item: Leftovers\n|-damage|p2a: Blissey|13\/100 brn|[from] brn\n|upkeep\n|turn|20\n|\n|t:|1700503694\n|move|p1a: Solstice|Giga Drain|p2a: Blissey\n|-damage|p2a: Blissey|0 fnt\n|-heal|p1a: Solstice|64\/100|[from] drain|[of] p2a: Blissey\n|faint|p2a: Blissey\n|\n|upkeep\n|\n|t:|1700503699\n|switch|p2a: Zamazenta|Zamazenta|100\/100\n|-ability|p2a: Zamazenta|Dauntless Shield|boost\n|-boost|p2a: Zamazenta|def|1\n|turn|21\n|\n|t:|1700503706\n|move|p1a: Solstice|Fiery Dance|p2a: Zamazenta\n|-damage|p2a: Zamazenta|0 fnt\n|faint|p2a: Zamazenta\n|\n|upkeep\n|-message|camfre10 forfeited.\n|\n|win|Toxic Ariados\n|raw|Toxic Ariados's rating: 1669 &rarr; <strong>1694<\/strong><br \/>(+25 for winning)\n|raw|camfre10's rating: 1766 &rarr; <strong>1741<\/strong><br \/>(-25 for losing)\n|l|\u2606camfre10\n|l| YJLF2\n","uploadtime":1700503722,"views":3,"p1id":"toxicariados","p2id":"camfre10","formatid":"gen9nationaldex","rating":1694,"private":0,"password":""}