{"id":"gen9nationaldex-1989902633","p1":"RedeChomp","p2":"LexianTheWarrior","format":"[Gen 9] National Dex","log":"|j|\u2606RedeChomp\n|j|\u2606LexianTheWarrior\n|t:|1699905298\n|gametype|singles\n|player|p1|RedeChomp|hilbert-wonderlauncher|1294\n|player|p2|LexianTheWarrior|unknownf|1274\n|teamsize|p1|6\n|teamsize|p2|6\n|gen|9\n|tier|[Gen 9] National Dex\n|rated|\n|rule|HP Percentage Mod: HP is shown in percentages\n|rule|Endless Battle Clause: Forcing endless battles is banned\n|rule|OHKO Clause: OHKO moves are banned\n|rule|Evasion Clause: Evasion abilities, items, and moves are banned\n|rule|Evasion Abilities Clause: Evasion abilities are banned\n|rule|Evasion Items Clause: Evasion items are banned\n|rule|Evasion Moves Clause: Evasion moves are banned\n|rule|Species Clause: Limit one of each Pok\u00e9mon\n|rule|Sleep Clause Mod: Limit one foe put to sleep\n|clearpoke\n|poke|p1|Garchomp, F|\n|poke|p1|Gliscor, M|\n|poke|p1|Tapu Lele|\n|poke|p1|Volcarona, M|\n|poke|p1|Lopunny, M|\n|poke|p1|Rotom-Wash|\n|poke|p2|Mimikyu, F|\n|poke|p2|Suicune|\n|poke|p2|Diggersby, M|\n|poke|p2|Grimmsnarl, M|\n|poke|p2|Cinderace, F|\n|poke|p2|Pinsir, F|\n|teampreview\n|c|\u2606LexianTheWarrior|glhf\n|\n|t:|1699905316\n|start\n|switch|p1a: Garchomp|Garchomp, F|100\/100\n|switch|p2a: Mitera|Grimmsnarl, M|100\/100\n|turn|1\n|\n|t:|1699905332\n|move|p2a: Mitera|Reflect|p2a: Mitera\n|-sidestart|p2: LexianTheWarrior|Reflect\n|move|p1a: Garchomp|Toxic|p2a: Mitera\n|-status|p2a: Mitera|tox\n|\n|-damage|p2a: Mitera|94\/100 tox|[from] psn\n|upkeep\n|turn|2\n|\n|t:|1699905342\n|move|p2a: Mitera|Light Screen|p2a: Mitera\n|-sidestart|p2: LexianTheWarrior|move: Light Screen\n|move|p1a: Garchomp|Stealth Rock|p2a: Mitera\n|-sidestart|p2: LexianTheWarrior|move: Stealth Rock\n|\n|-damage|p2a: Mitera|82\/100 tox|[from] psn\n|upkeep\n|turn|3\n|\n|t:|1699905351\n|move|p2a: Mitera|Parting Shot|p1a: Garchomp\n|-unboost|p1a: Garchomp|atk|1\n|-unboost|p1a: Garchomp|spa|1\n|\n|t:|1699905358\n|switch|p2a: Hela|Mimikyu, F, shiny|100\/100|[from] Parting Shot\n|-damage|p2a: Hela|88\/100|[from] Stealth Rock\n|move|p1a: Garchomp|Earthquake|p2a: Hela\n|-activate|p2a: Hela|ability: Disguise\n|-damage|p2a: Hela|88\/100\n|detailschange|p2a: Hela|Mimikyu-Busted, F, shiny\n|-damage|p2a: Hela|76\/100|[from] pokemon: Mimikyu-Busted\n|\n|upkeep\n|turn|4\n|\n|t:|1699905368\n|move|p2a: Hela|Swords Dance|p2a: Hela\n|-boost|p2a: Hela|atk|2\n|move|p1a: Garchomp|Toxic|p2a: Hela\n|-status|p2a: Hela|tox\n|\n|-damage|p2a: Hela|70\/100 tox|[from] psn\n|upkeep\n|turn|5\n|\n|t:|1699905376\n|move|p2a: Hela|Play Rough|p1a: Garchomp\n|-supereffective|p1a: Garchomp\n|-damage|p1a: Garchomp|0 fnt\n|-damage|p2a: Hela|57\/100 tox|[from] ability: Rough Skin|[of] p1a: Garchomp\n|-damage|p2a: Hela|41\/100 tox|[from] item: Rocky Helmet|[of] p1a: Garchomp\n|faint|p1a: Garchomp\n|\n|-damage|p2a: Hela|29\/100 tox|[from] psn\n|upkeep\n|\n|t:|1699905386\n|switch|p1a: Gliscor|Gliscor, M|100\/100\n|turn|6\n|\n|t:|1699905390\n|move|p1a: Gliscor|Poison Jab|p2a: Hela\n|-damage|p2a: Hela|12\/100 tox\n|-zpower|p2a: Hela\n|move|p2a: Hela|Let's Snuggle Forever|p1a: Gliscor|[zeffect]\n|-crit|p1a: Gliscor\n|-damage|p1a: Gliscor|0 fnt\n|faint|p1a: Gliscor\n|\n|-damage|p2a: Hela|0 fnt|[from] psn\n|faint|p2a: Hela\n|upkeep\n|\n|t:|1699905407\n|switch|p1a: Lopunny|Lopunny, M|100\/100\n|switch|p2a: Bug|Pinsir, F, shiny|100\/100\n|-damage|p2a: Bug|76\/100|[from] Stealth Rock\n|turn|7\n|\n|t:|1699905415\n|detailschange|p1a: Lopunny|Lopunny-Mega, M\n|-mega|p1a: Lopunny|Lopunny|Lopunnite\n|detailschange|p2a: Bug|Pinsir-Mega, F, shiny\n|-mega|p2a: Bug|Pinsir|Pinsirite\n|move|p1a: Lopunny|Fake Out|p2a: Bug\n|-damage|p2a: Bug|65\/100\n|cant|p2a: Bug|flinch\n|\n|upkeep\n|turn|8\n|\n|t:|1699905426\n|move|p1a: Lopunny|U-turn|p2a: Bug\n|-resisted|p2a: Bug\n|-damage|p2a: Bug|58\/100\n|\n|t:|1699905429\n|switch|p1a: Rotom|Rotom-Wash|100\/100|[from] U-turn\n|move|p2a: Bug|Body Slam|p1a: Rotom\n|-resisted|p1a: Rotom\n|-damage|p1a: Rotom|70\/100\n|\n|-heal|p1a: Rotom|76\/100|[from] item: Leftovers\n|-sideend|p2: LexianTheWarrior|Reflect\n|upkeep\n|turn|9\n|\n|t:|1699905437\n|move|p2a: Bug|Knock Off|p1a: Rotom\n|-damage|p1a: Rotom|37\/100\n|-enditem|p1a: Rotom|Leftovers|[from] move: Knock Off|[of] p2a: Bug\n|move|p1a: Rotom|Will-O-Wisp|p2a: Bug\n|-status|p2a: Bug|brn\n|\n|-damage|p2a: Bug|52\/100 brn|[from] brn\n|-sideend|p2: LexianTheWarrior|move: Light Screen\n|upkeep\n|turn|10\n|\n|t:|1699905446\n|move|p2a: Bug|Double-Edge|p1a: Rotom\n|-resisted|p1a: Rotom\n|-damage|p1a: Rotom|15\/100\n|-damage|p2a: Bug|44\/100 brn|[from] Recoil\n|move|p1a: Rotom|Pain Split|p2a: Bug\n|-sethp|p2a: Bug|30\/100 brn|[from] move: Pain Split|[silent]\n|-sethp|p1a: Rotom|27\/100|[from] move: Pain Split\n|\n|-damage|p2a: Bug|24\/100 brn|[from] brn\n|upkeep\n|turn|11\n|\n|t:|1699905457\n|move|p2a: Bug|Double-Edge|p1a: Rotom\n|-resisted|p1a: Rotom\n|-damage|p1a: Rotom|6\/100\n|-damage|p2a: Bug|17\/100 brn|[from] Recoil\n|move|p1a: Rotom|Volt Switch|p2a: Bug\n|-supereffective|p2a: Bug\n|-damage|p2a: Bug|0 fnt\n|faint|p2a: Bug\n|\n|t:|1699905462\n|switch|p1a: Lopunny|Lopunny-Mega, M|100\/100|[from] Volt Switch\n|\n|upkeep\n|\n|t:|1699905469\n|switch|p2a: Lola|Cinderace, F, shiny|100\/100\n|turn|12\n|\n|t:|1699905472\n|move|p1a: Lopunny|Fake Out|p2a: Lola\n|-damage|p2a: Lola|68\/100\n|cant|p2a: Lola|flinch\n|\n|upkeep\n|turn|13\n|\n|t:|1699905476\n|move|p1a: Lopunny|Close Combat|p2a: Lola\n|-damage|p2a: Lola|0 fnt\n|-unboost|p1a: Lopunny|def|1\n|-unboost|p1a: Lopunny|spd|1\n|faint|p2a: Lola\n|\n|upkeep\n|\n|t:|1699905483\n|switch|p2a: Mitera|Grimmsnarl, M|82\/100 tox\n|-damage|p2a: Mitera|70\/100 tox|[from] Stealth Rock\n|turn|14\n|\n|t:|1699905487\n|move|p2a: Mitera|Thunder Wave|p1a: Lopunny\n|-status|p1a: Lopunny|par\n|move|p1a: Lopunny|Close Combat|p2a: Mitera\n|-damage|p2a: Mitera|3\/100 tox\n|-unboost|p1a: Lopunny|def|1\n|-unboost|p1a: Lopunny|spd|1\n|\n|-damage|p2a: Mitera|0 fnt|[from] psn\n|faint|p2a: Mitera\n|upkeep\n|\n|t:|1699905497\n|switch|p2a: Thaddeus|Diggersby, M, shiny|100\/100\n|-damage|p2a: Thaddeus|94\/100|[from] Stealth Rock\n|turn|15\n|\n|t:|1699905507\n|switch|p1a: Rotom|Rotom-Wash|6\/100\n|move|p2a: Thaddeus|Swords Dance|p2a: Thaddeus\n|-boost|p2a: Thaddeus|atk|2\n|\n|upkeep\n|turn|16\n|\n|t:|1699905513\n|move|p2a: Thaddeus|Quick Attack|p1a: Rotom\n|-damage|p1a: Rotom|0 fnt\n|faint|p1a: Rotom\n|-damage|p2a: Thaddeus|84\/100|[from] item: Life Orb\n|\n|upkeep\n|\n|t:|1699905516\n|switch|p1a: Tapu Lele|Tapu Lele|100\/100\n|-fieldstart|move: Psychic Terrain|[from] ability: Psychic Surge|[of] p1a: Tapu Lele\n|turn|17\n|\n|t:|1699905529\n|move|p1a: Tapu Lele|Psychic|p2a: Thaddeus\n|-damage|p2a: Thaddeus|8\/100\n|-unboost|p2a: Thaddeus|spd|1\n|move|p2a: Thaddeus|Earthquake|p1a: Tapu Lele\n|-damage|p1a: Tapu Lele|0 fnt\n|faint|p1a: Tapu Lele\n|-damage|p2a: Thaddeus|0 fnt|[from] item: Life Orb\n|faint|p2a: Thaddeus\n|\n|upkeep\n|\n|t:|1699905538\n|switch|p1a: Lopunny|Lopunny-Mega, M|100\/100 par\n|switch|p2a: Olive|Suicune, shiny|100\/100\n|-damage|p2a: Olive|88\/100|[from] Stealth Rock\n|turn|18\n|\n|t:|1699905545\n|-terastallize|p2a: Olive|Dragon\n|move|p1a: Lopunny|Fake Out|p2a: Olive\n|-activate|p2a: Olive|move: Psychic Terrain\n|move|p2a: Olive|Calm Mind|p2a: Olive\n|-boost|p2a: Olive|spa|1\n|-boost|p2a: Olive|spd|1\n|\n|upkeep\n|turn|19\n|\n|t:|1699905552\n|move|p2a: Olive|Calm Mind|p2a: Olive\n|-boost|p2a: Olive|spa|1\n|-boost|p2a: Olive|spd|1\n|move|p1a: Lopunny|Close Combat|p2a: Olive\n|-damage|p2a: Olive|50\/100\n|-unboost|p1a: Lopunny|def|1\n|-unboost|p1a: Lopunny|spd|1\n|\n|upkeep\n|turn|20\n|\n|t:|1699905561\n|move|p2a: Olive|Scald|p1a: Lopunny\n|-damage|p1a: Lopunny|8\/100 par\n|move|p1a: Lopunny|Close Combat|p2a: Olive\n|-damage|p2a: Olive|12\/100\n|-unboost|p1a: Lopunny|def|1\n|-unboost|p1a: Lopunny|spd|1\n|\n|upkeep\n|turn|21\n|\n|t:|1699905568\n|move|p2a: Olive|Rest|p2a: Olive\n|-status|p2a: Olive|slp|[from] move: Rest\n|-heal|p2a: Olive|100\/100 slp|[silent]\n|-enditem|p2a: Olive|Chesto Berry|[eat]\n|-curestatus|p2a: Olive|slp|[msg]\n|move|p1a: Lopunny|Close Combat|p2a: Olive\n|-damage|p2a: Olive|63\/100\n|-unboost|p1a: Lopunny|def|1\n|-unboost|p1a: Lopunny|spd|1\n|\n|-fieldend|move: Psychic Terrain\n|upkeep\n|turn|22\n|\n|t:|1699905580\n|move|p2a: Olive|Scald|p1a: Lopunny\n|-damage|p1a: Lopunny|0 fnt\n|faint|p1a: Lopunny\n|\n|upkeep\n|c|\u2606LexianTheWarrior|ggs\n|\n|t:|1699905585\n|switch|p1a: Volcarona|Volcarona, M, shiny|100\/100\n|turn|23\n|\n|t:|1699905593\n|-terastallize|p1a: Volcarona|Grass\n|move|p1a: Volcarona|Quiver Dance|p1a: Volcarona\n|-boost|p1a: Volcarona|spa|1\n|-boost|p1a: Volcarona|spd|1\n|-boost|p1a: Volcarona|spe|1\n|move|p2a: Olive|Scald|p1a: Volcarona\n|-resisted|p1a: Volcarona\n|-damage|p1a: Volcarona|83\/100\n|\n|upkeep\n|turn|24\n|\n|t:|1699905604\n|move|p1a: Volcarona|Giga Drain|p2a: Olive\n|-resisted|p2a: Olive\n|-damage|p2a: Olive|53\/100\n|-heal|p1a: Volcarona|90\/100|[from] drain|[of] p2a: Olive\n|move|p2a: Olive|Scald|p1a: Volcarona\n|-resisted|p1a: Volcarona\n|-damage|p1a: Volcarona|73\/100\n|\n|upkeep\n|turn|25\n|\n|t:|1699905612\n|move|p1a: Volcarona|Quiver Dance|p1a: Volcarona\n|-boost|p1a: Volcarona|spa|1\n|-boost|p1a: Volcarona|spd|1\n|-boost|p1a: Volcarona|spe|1\n|move|p2a: Olive|Calm Mind|p2a: Olive\n|-boost|p2a: Olive|spa|1\n|-boost|p2a: Olive|spd|1\n|\n|upkeep\n|turn|26\n|\n|t:|1699905620\n|move|p1a: Volcarona|Quiver Dance|p1a: Volcarona\n|-boost|p1a: Volcarona|spa|1\n|-boost|p1a: Volcarona|spd|1\n|-boost|p1a: Volcarona|spe|1\n|move|p2a: Olive|Calm Mind|p2a: Olive\n|-boost|p2a: Olive|spa|1\n|-boost|p2a: Olive|spd|1\n|\n|upkeep\n|turn|27\n|\n|t:|1699905626\n|move|p1a: Volcarona|Quiver Dance|p1a: Volcarona\n|-boost|p1a: Volcarona|spa|1\n|-boost|p1a: Volcarona|spd|1\n|-boost|p1a: Volcarona|spe|1\n|move|p2a: Olive|Scald|p1a: Volcarona\n|-resisted|p1a: Volcarona\n|-damage|p1a: Volcarona|59\/100\n|\n|upkeep\n|turn|28\n|\n|t:|1699905634\n|move|p1a: Volcarona|Quiver Dance|p1a: Volcarona\n|-boost|p1a: Volcarona|spa|1\n|-boost|p1a: Volcarona|spd|1\n|-boost|p1a: Volcarona|spe|1\n|move|p2a: Olive|Scald|p1a: Volcarona\n|-resisted|p1a: Volcarona\n|-damage|p1a: Volcarona|48\/100\n|\n|upkeep\n|turn|29\n|\n|t:|1699905641\n|move|p1a: Volcarona|Giga Drain|p2a: Olive\n|-resisted|p2a: Olive\n|-damage|p2a: Olive|37\/100\n|-heal|p1a: Volcarona|59\/100|[from] drain|[of] p2a: Olive\n|move|p2a: Olive|Rest|p2a: Olive\n|-status|p2a: Olive|slp|[from] move: Rest\n|-heal|p2a: Olive|100\/100 slp|[silent]\n|\n|upkeep\n|turn|30\n|\n|t:|1699905650\n|move|p1a: Volcarona|Quiver Dance|p1a: Volcarona\n|-boost|p1a: Volcarona|spa|1\n|-boost|p1a: Volcarona|spd|1\n|-boost|p1a: Volcarona|spe|1\n|cant|p2a: Olive|slp\n|move|p2a: Olive|Sleep Talk|p2a: Olive\n|move|p2a: Olive|Rest||[from]move: Sleep Talk|[still]\n|-fail|p2a: Olive\n|\n|upkeep\n|turn|31\n|\n|t:|1699905658\n|move|p1a: Volcarona|Giga Drain|p2a: Olive\n|-resisted|p2a: Olive\n|-damage|p2a: Olive|83\/100 slp\n|-heal|p1a: Volcarona|70\/100|[from] drain|[of] p2a: Olive\n|cant|p2a: Olive|slp\n|move|p2a: Olive|Sleep Talk|p2a: Olive\n|move|p2a: Olive|Scald|p1a: Volcarona|[from]move: Sleep Talk\n|-resisted|p1a: Volcarona\n|-damage|p1a: Volcarona|60\/100\n|-status|p1a: Volcarona|brn\n|\n|-damage|p1a: Volcarona|54\/100 brn|[from] brn\n|upkeep\n|turn|32\n|\n|t:|1699905672\n|move|p1a: Volcarona|Giga Drain|p2a: Olive\n|-resisted|p2a: Olive\n|-damage|p2a: Olive|65\/100 slp\n|-heal|p1a: Volcarona|66\/100 brn|[from] drain|[of] p2a: Olive\n|-curestatus|p2a: Olive|slp|[msg]\n|move|p2a: Olive|Calm Mind|p2a: Olive\n|-boost|p2a: Olive|spa|1\n|-boost|p2a: Olive|spd|1\n|\n|-damage|p1a: Volcarona|60\/100 brn|[from] brn\n|upkeep\n|turn|33\n|\n|t:|1699905682\n|move|p1a: Volcarona|Hidden Power|p2a: Olive\n|-damage|p2a: Olive|47\/100\n|move|p2a: Olive|Scald|p1a: Volcarona\n|-resisted|p1a: Volcarona\n|-damage|p1a: Volcarona|48\/100 brn\n|\n|-damage|p1a: Volcarona|42\/100 brn|[from] brn\n|upkeep\n|turn|34\n|\n|t:|1699905694\n|move|p1a: Volcarona|Giga Drain|p2a: Olive\n|-resisted|p2a: Olive\n|-damage|p2a: Olive|29\/100\n|-heal|p1a: Volcarona|54\/100 brn|[from] drain|[of] p2a: Olive\n|move|p2a: Olive|Rest|p2a: Olive\n|-status|p2a: Olive|slp|[from] move: Rest\n|-heal|p2a: Olive|100\/100 slp|[silent]\n|\n|-damage|p1a: Volcarona|47\/100 brn|[from] brn\n|upkeep\n|turn|35\n|\n|t:|1699905703\n|move|p1a: Volcarona|Giga Drain|p2a: Olive\n|-resisted|p2a: Olive\n|-damage|p2a: Olive|86\/100 slp\n|-heal|p1a: Volcarona|57\/100 brn|[from] drain|[of] p2a: Olive\n|cant|p2a: Olive|slp\n|move|p2a: Olive|Sleep Talk|p2a: Olive\n|move|p2a: Olive|Scald|p1a: Volcarona|[from]move: Sleep Talk\n|-resisted|p1a: Volcarona\n|-damage|p1a: Volcarona|45\/100 brn\n|\n|-damage|p1a: Volcarona|38\/100 brn|[from] brn\n|upkeep\n|turn|36\n|\n|t:|1699905715\n|move|p1a: Volcarona|Giga Drain|p2a: Olive\n|-resisted|p2a: Olive\n|-damage|p2a: Olive|70\/100 slp\n|-heal|p1a: Volcarona|49\/100 brn|[from] drain|[of] p2a: Olive\n|cant|p2a: Olive|slp\n|move|p2a: Olive|Sleep Talk|p2a: Olive\n|move|p2a: Olive|Rest||[from]move: Sleep Talk|[still]\n|-fail|p2a: Olive\n|\n|-damage|p1a: Volcarona|43\/100 brn|[from] brn\n|upkeep\n|turn|37\n|\n|t:|1699905725\n|move|p1a: Volcarona|Giga Drain|p2a: Olive\n|-resisted|p2a: Olive\n|-damage|p2a: Olive|55\/100 slp\n|-heal|p1a: Volcarona|52\/100 brn|[from] drain|[of] p2a: Olive\n|-curestatus|p2a: Olive|slp|[msg]\n|move|p2a: Olive|Calm Mind|p2a: Olive\n|-boost|p2a: Olive|spa|1\n|-boost|p2a: Olive|spd|1\n|\n|-damage|p1a: Volcarona|46\/100 brn|[from] brn\n|upkeep\n|turn|38\n|\n|t:|1699905735\n|move|p1a: Volcarona|Giga Drain|p2a: Olive\n|-resisted|p2a: Olive\n|-damage|p2a: Olive|41\/100\n|-heal|p1a: Volcarona|55\/100 brn|[from] drain|[of] p2a: Olive\n|move|p2a: Olive|Scald|p1a: Volcarona\n|-resisted|p1a: Volcarona\n|-damage|p1a: Volcarona|42\/100 brn\n|\n|-damage|p1a: Volcarona|36\/100 brn|[from] brn\n|upkeep\n|turn|39\n|\n|t:|1699905744\n|move|p1a: Volcarona|Flamethrower|p2a: Olive\n|-resisted|p2a: Olive\n|-damage|p2a: Olive|25\/100\n|move|p2a: Olive|Rest|p2a: Olive\n|-status|p2a: Olive|slp|[from] move: Rest\n|-heal|p2a: Olive|100\/100 slp|[silent]\n|\n|-damage|p1a: Volcarona|29\/100 brn|[from] brn\n|upkeep\n|turn|40\n|\n|t:|1699905753\n|move|p1a: Volcarona|Giga Drain|p2a: Olive\n|-resisted|p2a: Olive\n|-damage|p2a: Olive|86\/100 slp\n|-heal|p1a: Volcarona|39\/100 brn|[from] drain|[of] p2a: Olive\n|cant|p2a: Olive|slp\n|move|p2a: Olive|Sleep Talk|p2a: Olive\n|move|p2a: Olive|Calm Mind|p2a: Olive|[from]move: Sleep Talk\n|-boost|p2a: Olive|spa|0\n|-boost|p2a: Olive|spd|0\n|\n|-damage|p1a: Volcarona|33\/100 brn|[from] brn\n|upkeep\n|turn|41\n|\n|t:|1699905764\n|move|p1a: Volcarona|Giga Drain|p2a: Olive\n|-resisted|p2a: Olive\n|-damage|p2a: Olive|73\/100 slp\n|-heal|p1a: Volcarona|42\/100 brn|[from] drain|[of] p2a: Olive\n|cant|p2a: Olive|slp\n|move|p2a: Olive|Sleep Talk|p2a: Olive\n|move|p2a: Olive|Rest||[from]move: Sleep Talk|[still]\n|-fail|p2a: Olive\n|\n|-damage|p1a: Volcarona|36\/100 brn|[from] brn\n|upkeep\n|turn|42\n|\n|t:|1699905797\n|move|p1a: Volcarona|Giga Drain|p2a: Olive\n|-resisted|p2a: Olive\n|-damage|p2a: Olive|57\/100 slp\n|-heal|p1a: Volcarona|46\/100 brn|[from] drain|[of] p2a: Olive\n|-curestatus|p2a: Olive|slp|[msg]\n|move|p2a: Olive|Scald|p1a: Volcarona\n|-resisted|p1a: Volcarona\n|-damage|p1a: Volcarona|32\/100 brn\n|\n|-damage|p1a: Volcarona|26\/100 brn|[from] brn\n|upkeep\n|turn|43\n|\n|t:|1699905807\n|move|p1a: Volcarona|Giga Drain|p2a: Olive\n|-resisted|p2a: Olive\n|-damage|p2a: Olive|44\/100\n|-heal|p1a: Volcarona|35\/100 brn|[from] drain|[of] p2a: Olive\n|move|p2a: Olive|Scald|p1a: Volcarona\n|-resisted|p1a: Volcarona\n|-crit|p1a: Volcarona\n|-damage|p1a: Volcarona|0 fnt\n|faint|p1a: Volcarona\n|\n|win|LexianTheWarrior\n|raw|RedeChomp's rating: 1294 &rarr; <strong>1268<\/strong><br \/>(-26 for losing)\n|raw|LexianTheWarrior's rating: 1274 &rarr; <strong>1300<\/strong><br \/>(+26 for winning)\n|c|\u2606LexianTheWarrior|ggs\n|l|\u2606RedeChomp\n","uploadtime":1699905825,"views":21,"p1id":"redechomp","p2id":"lexianthewarrior","formatid":"gen9nationaldex","rating":1268,"private":0,"password":""}