{"id":"gen9nationaldex-1993983427","p1":"KawaiiKultLeader","p2":"dcrownd","format":"[Gen 9] National Dex","log":"|j|\u2606KawaiiKultLeader\n|j|\u2606dcrownd\n|t:|1700387991\n|gametype|singles\n|player|p1|KawaiiKultLeader|caitlin|1366\n|player|p2|dcrownd|giovanni|1339\n|teamsize|p1|6\n|teamsize|p2|6\n|gen|9\n|tier|[Gen 9] National Dex\n|rated|\n|rule|HP Percentage Mod: HP is shown in percentages\n|rule|Endless Battle Clause: Forcing endless battles is banned\n|rule|OHKO Clause: OHKO moves are banned\n|rule|Evasion Clause: Evasion abilities, items, and moves are banned\n|rule|Evasion Abilities Clause: Evasion abilities are banned\n|rule|Evasion Items Clause: Evasion items are banned\n|rule|Evasion Moves Clause: Evasion moves are banned\n|rule|Species Clause: Limit one of each Pok\u00e9mon\n|rule|Sleep Clause Mod: Limit one foe put to sleep\n|clearpoke\n|poke|p1|Aegislash, F|\n|poke|p1|Sableye, F|\n|poke|p1|Toxapex, F|\n|poke|p1|Ferrothorn, F|\n|poke|p1|Blissey, F|\n|poke|p1|Landorus-Therian, M|\n|poke|p2|Charizard, F|\n|poke|p2|Samurott-Hisui, M|\n|poke|p2|Sneasler, F|\n|poke|p2|Rillaboom, M|\n|poke|p2|Kartana|\n|poke|p2|Great Tusk|\n|teampreview\n|\n|t:|1700388002\n|start\n|switch|p1a: Sableye|Sableye, F|100\/100\n|switch|p2a: Rillaboom|Rillaboom, M|100\/100\n|-fieldstart|move: Grassy Terrain|[from] ability: Grassy Surge|[of] p2a: Rillaboom\n|turn|1\n|\n|t:|1700388012\n|detailschange|p1a: Sableye|Sableye-Mega, F\n|-mega|p1a: Sableye|Sableye|Sablenite\n|move|p2a: Rillaboom|U-turn|p1a: Sableye\n|-damage|p1a: Sableye|71\/100\n|\n|t:|1700388027\n|switch|p2a: Charizard|Charizard, F|100\/100|[from] U-turn\n|move|p1a: Sableye|Knock Off|p2a: Charizard\n|-damage|p2a: Charizard|72\/100\n|\n|-heal|p1a: Sableye|77\/100|[from] Grassy Terrain\n|upkeep\n|turn|2\n|\n|t:|1700388043\n|detailschange|p2a: Charizard|Charizard-Mega-Y, F\n|-mega|p2a: Charizard|Charizard|Charizardite Y\n|-weather|SunnyDay|[from] ability: Drought|[of] p2a: Charizard\n|move|p1a: Sableye|Protect|p1a: Sableye\n|-singleturn|p1a: Sableye|Protect\n|move|p2a: Charizard|Solar Beam||[still]\n|-prepare|p2a: Charizard|Solar Beam\n|-anim|p2a: Charizard|Solar Beam|p1a: Sableye\n|-activate|p1a: Sableye|move: Protect\n|\n|-weather|SunnyDay|[upkeep]\n|-heal|p1a: Sableye|84\/100|[from] Grassy Terrain\n|upkeep\n|turn|3\n|\n|t:|1700388058\n|switch|p1a: Blissey|Blissey, F, shiny|100\/100\n|move|p2a: Charizard|Solar Beam||[still]\n|-prepare|p2a: Charizard|Solar Beam\n|-anim|p2a: Charizard|Solar Beam|p1a: Blissey\n|-damage|p1a: Blissey|87\/100\n|\n|-weather|SunnyDay|[upkeep]\n|-heal|p1a: Blissey|94\/100|[from] Grassy Terrain\n|upkeep\n|turn|4\n|\n|t:|1700388072\n|switch|p2a: Great Tusk|Great Tusk, shiny|100\/100\n|-activate|p2a: Great Tusk|ability: Protosynthesis\n|-start|p2a: Great Tusk|protosynthesisatk\n|move|p1a: Blissey|Seismic Toss|p2a: Great Tusk\n|-damage|p2a: Great Tusk|74\/100\n|\n|-weather|SunnyDay|[upkeep]\n|-heal|p2a: Great Tusk|80\/100|[from] Grassy Terrain\n|-heal|p1a: Blissey|99\/100|[from] Grassy Terrain\n|upkeep\n|turn|5\n|\n|t:|1700388086\n|switch|p1a: Sableye|Sableye-Mega, F|84\/100\n|move|p2a: Great Tusk|Close Combat|p1a: Sableye\n|-immune|p1a: Sableye\n|\n|-weather|SunnyDay|[upkeep]\n|-heal|p2a: Great Tusk|86\/100|[from] Grassy Terrain\n|-heal|p1a: Sableye|90\/100|[from] Grassy Terrain\n|-fieldend|move: Grassy Terrain\n|upkeep\n|turn|6\n|\n|t:|1700388100\n|move|p2a: Great Tusk|Headlong Rush|p1a: Sableye\n|-damage|p1a: Sableye|33\/100\n|-unboost|p2a: Great Tusk|def|1\n|-unboost|p2a: Great Tusk|spd|1\n|move|p1a: Sableye|Knock Off|p2a: Great Tusk\n|-resisted|p2a: Great Tusk\n|-damage|p2a: Great Tusk|75\/100\n|\n|-weather|none\n|-end|p2a: Great Tusk|Protosynthesis\n|upkeep\n|-enditem|p2a: Great Tusk|Booster Energy\n|-activate|p2a: Great Tusk|ability: Protosynthesis|[fromitem]\n|-start|p2a: Great Tusk|protosynthesisatk\n|turn|7\n|\n|t:|1700388123\n|switch|p1a: Landorus|Landorus-Therian, M, shiny|100\/100\n|-ability|p1a: Landorus|Intimidate|boost\n|-unboost|p2a: Great Tusk|atk|1\n|move|p2a: Great Tusk|Ice Spinner|p1a: Landorus\n|-supereffective|p1a: Landorus\n|-damage|p1a: Landorus|2\/100\n|\n|upkeep\n|turn|8\n|\n|t:|1700388140\n|move|p1a: Landorus|Earthquake|p2a: Great Tusk\n|-damage|p2a: Great Tusk|0 fnt\n|faint|p2a: Great Tusk\n|-end|p2a: Great Tusk|Protosynthesis|[silent]\n|\n|upkeep\n|\n|t:|1700388146\n|switch|p2a: Rillaboom|Rillaboom, M|100\/100\n|-fieldstart|move: Grassy Terrain|[from] ability: Grassy Surge|[of] p2a: Rillaboom\n|turn|9\n|\n|t:|1700388152\n|switch|p1a: Ferrothorn|Ferrothorn, F, shiny|100\/100\n|move|p2a: Rillaboom|Grassy Glide|p1a: Ferrothorn\n|-resisted|p1a: Ferrothorn\n|-damage|p1a: Ferrothorn|91\/100\n|-damage|p2a: Rillaboom|88\/100|[from] ability: Iron Barbs|[of] p1a: Ferrothorn\n|-damage|p2a: Rillaboom|72\/100|[from] item: Rocky Helmet|[of] p1a: Ferrothorn\n|\n|-heal|p2a: Rillaboom|78\/100|[from] Grassy Terrain\n|-heal|p1a: Ferrothorn|97\/100|[from] Grassy Terrain\n|upkeep\n|turn|10\n|\n|t:|1700388168\n|switch|p2a: Sneasler|Sneasler, F|100\/100\n|-enditem|p2a: Sneasler|Grassy Seed\n|-boost|p2a: Sneasler|def|1|[from] item: Grassy Seed\n|move|p1a: Ferrothorn|Body Press|p2a: Sneasler\n|-resisted|p2a: Sneasler\n|-damage|p2a: Sneasler|82\/100\n|\n|-heal|p2a: Sneasler|88\/100|[from] Grassy Terrain\n|-heal|p1a: Ferrothorn|100\/100|[from] Grassy Terrain\n|upkeep\n|turn|11\n|\n|t:|1700388183\n|switch|p1a: Aegislash|Aegislash, F, shiny|100\/100\n|-terastallize|p2a: Sneasler|Flying\n|move|p2a: Sneasler|Acrobatics|p1a: Aegislash\n|-resisted|p1a: Aegislash\n|-damage|p1a: Aegislash|74\/100\n|\n|-heal|p1a: Aegislash|80\/100|[from] Grassy Terrain\n|-heal|p1a: Aegislash|86\/100|[from] item: Leftovers\n|upkeep\n|turn|12\n|\n|t:|1700388196\n|move|p2a: Sneasler|Swords Dance|p2a: Sneasler\n|-boost|p2a: Sneasler|atk|2\n|move|p1a: Aegislash|Toxic|p2a: Sneasler\n|-status|p2a: Sneasler|tox\n|\n|-heal|p1a: Aegislash|92\/100|[from] Grassy Terrain\n|-heal|p1a: Aegislash|98\/100|[from] item: Leftovers\n|-damage|p2a: Sneasler|82\/100 tox|[from] psn\n|upkeep\n|turn|13\n|\n|t:|1700388212\n|move|p1a: Aegislash|King's Shield|p1a: Aegislash\n|-singleturn|p1a: Aegislash|Protect\n|move|p2a: Sneasler|Swords Dance|p2a: Sneasler\n|-boost|p2a: Sneasler|atk|2\n|\n|-heal|p1a: Aegislash|100\/100|[from] Grassy Terrain\n|-damage|p2a: Sneasler|70\/100 tox|[from] psn\n|-fieldend|move: Grassy Terrain\n|upkeep\n|turn|14\n|\n|t:|1700388224\n|switch|p1a: Landorus|Landorus-Therian, M, shiny|2\/100\n|-ability|p1a: Landorus|Intimidate|boost\n|-unboost|p2a: Sneasler|atk|1\n|move|p2a: Sneasler|Acrobatics|p1a: Landorus\n|-damage|p1a: Landorus|0 fnt\n|faint|p1a: Landorus\n|\n|-damage|p2a: Sneasler|52\/100 tox|[from] psn\n|upkeep\n|\n|t:|1700388237\n|switch|p1a: Ferrothorn|Ferrothorn, F, shiny|100\/100\n|turn|15\n|\n|t:|1700388252\n|switch|p1a: Aegislash|Aegislash, F, shiny|100\/100\n|move|p2a: Sneasler|Acrobatics|p1a: Aegislash\n|-resisted|p1a: Aegislash\n|-damage|p1a: Aegislash|39\/100\n|\n|-heal|p1a: Aegislash|45\/100|[from] item: Leftovers\n|-damage|p2a: Sneasler|28\/100 tox|[from] psn\n|upkeep\n|turn|16\n|\n|t:|1700388268\n|move|p2a: Sneasler|Acrobatics|p1a: Aegislash\n|-resisted|p1a: Aegislash\n|-damage|p1a: Aegislash|0 fnt\n|faint|p1a: Aegislash\n|\n|-damage|p2a: Sneasler|0 fnt|[from] psn\n|faint|p2a: Sneasler\n|upkeep\n|inactive|Battle timer is ON: inactive players will automatically lose when time's up. (requested by dcrownd)\n|\n|t:|1700388279\n|switch|p2a: Samurott|Samurott-Hisui, M|100\/100\n|switch|p1a: Toxapex|Toxapex, F, shiny|100\/100\n|turn|17\n|\n|t:|1700388289\n|move|p1a: Toxapex|Baneful Bunker|p1a: Toxapex\n|-singleturn|p1a: Toxapex|move: Protect\n|move|p2a: Samurott|Knock Off|p1a: Toxapex\n|-activate|p1a: Toxapex|move: Protect\n|-status|p2a: Samurott|psn\n|\n|-damage|p2a: Samurott|88\/100 psn|[from] psn\n|upkeep\n|turn|18\n|\n|t:|1700388301\n|move|p2a: Samurott|Knock Off|p1a: Toxapex\n|-damage|p1a: Toxapex|77\/100\n|move|p1a: Toxapex|Infestation|p2a: Samurott\n|-supereffective|p2a: Samurott\n|-damage|p2a: Samurott|79\/100 psn\n|-activate|p2a: Samurott|move: Infestation|[of] p1a: Toxapex\n|\n|-damage|p2a: Samurott|67\/100 psn|[from] psn\n|-damage|p2a: Samurott|54\/100 psn|[from] move: Infestation|[partiallytrapped]\n|upkeep\n|turn|19\n|\n|t:|1700388317\n|move|p2a: Samurott|Razor Shell|p1a: Toxapex\n|-resisted|p1a: Toxapex\n|-damage|p1a: Toxapex|64\/100\n|move|p1a: Toxapex|Recover|p1a: Toxapex\n|-heal|p1a: Toxapex|100\/100\n|\n|-damage|p2a: Samurott|42\/100 psn|[from] psn\n|-damage|p2a: Samurott|29\/100 psn|[from] move: Infestation|[partiallytrapped]\n|upkeep\n|turn|20\n|\n|t:|1700388333\n|switch|p1a: Ferrothorn|Ferrothorn, F, shiny|100\/100\n|move|p2a: Samurott|Ceaseless Edge|p1a: Ferrothorn\n|-damage|p1a: Ferrothorn|82\/100\n|-damage|p2a: Samurott|17\/100 psn|[from] ability: Iron Barbs|[of] p1a: Ferrothorn\n|-damage|p2a: Samurott|0 fnt|[from] item: Rocky Helmet|[of] p1a: Ferrothorn\n|faint|p2a: Samurott\n|\n|upkeep\n|\n|t:|1700388344\n|switch|p2a: Charizard|Charizard-Mega-Y, F|72\/100\n|-weather|SunnyDay|[from] ability: Drought|[of] p2a: Charizard\n|turn|21\n|\n|t:|1700388352\n|-terastallize|p1a: Ferrothorn|Water\n|move|p2a: Charizard|Ancient Power|p1a: Ferrothorn\n|-damage|p1a: Ferrothorn|63\/100\n|move|p1a: Ferrothorn|Leech Seed|p2a: Charizard\n|-start|p2a: Charizard|move: Leech Seed\n|\n|-weather|SunnyDay|[upkeep]\n|-damage|p2a: Charizard|60\/100|[from] Leech Seed|[of] p1a: Ferrothorn\n|-heal|p1a: Ferrothorn|74\/100|[silent]\n|upkeep\n|turn|22\n|\n|t:|1700388370\n|switch|p1a: Blissey|Blissey, F, shiny|99\/100\n|move|p2a: Charizard|Ancient Power|p1a: Blissey\n|-damage|p1a: Blissey|93\/100\n|\n|-weather|SunnyDay|[upkeep]\n|-damage|p2a: Charizard|47\/100|[from] Leech Seed|[of] p1a: Blissey\n|-heal|p1a: Blissey|99\/100|[silent]\n|upkeep\n|turn|23\n|\n|t:|1700388381\n|switch|p2a: Rillaboom|Rillaboom, M|78\/100\n|-fieldstart|move: Grassy Terrain|[from] ability: Grassy Surge|[of] p2a: Rillaboom\n|move|p1a: Blissey|Wish|p1a: Blissey\n|\n|-weather|SunnyDay|[upkeep]\n|-heal|p2a: Rillaboom|84\/100|[from] Grassy Terrain\n|-heal|p1a: Blissey|100\/100|[from] Grassy Terrain\n|upkeep\n|turn|24\n|\n|t:|1700388394\n|switch|p1a: Sableye|Sableye-Mega, F|33\/100\n|move|p2a: Rillaboom|Wood Hammer|p1a: Sableye\n|-damage|p1a: Sableye|0 fnt\n|faint|p1a: Sableye\n|-damage|p2a: Rillaboom|74\/100|[from] Recoil\n|\n|-weather|SunnyDay|[upkeep]\n|-heal|p2a: Rillaboom|81\/100|[from] Grassy Terrain\n|upkeep\n|\n|t:|1700388405\n|switch|p1a: Toxapex|Toxapex, F, shiny|100\/100\n|turn|25\n|\n|t:|1700388415\n|switch|p2a: Kartana|Kartana|100\/100\n|move|p1a: Toxapex|Baneful Bunker||[still]\n|-fail|p1a: Toxapex\n|\n|-weather|none\n|upkeep\n|turn|26\n|\n|t:|1700388428\n|move|p2a: Kartana|Swords Dance|p2a: Kartana\n|-boost|p2a: Kartana|atk|2\n|move|p1a: Toxapex|Infestation|p2a: Kartana\n|-damage|p2a: Kartana|92\/100\n|-activate|p2a: Kartana|move: Infestation|[of] p1a: Toxapex\n|\n|-heal|p2a: Kartana|98\/100|[from] Grassy Terrain\n|-damage|p2a: Kartana|86\/100|[from] move: Infestation|[partiallytrapped]\n|upkeep\n|turn|27\n|l|\u2606KawaiiKultLeader\n|inactive|KawaiiKultLeader disconnected and has a minute to reconnect!\n|player|p1|\n|j|\u2606KawaiiKultLeader\n|inactive|KawaiiKultLeader reconnected and has 125 seconds left.\n|player|p1|KawaiiKultLeader|caitlin\n|inactive|KawaiiKultLeader has 120 seconds left.\n|\n|t:|1700388463\n|switch|p1a: Ferrothorn|Ferrothorn, F, shiny, tera:Water|74\/100\n|-zpower|p2a: Kartana\n|move|p2a: Kartana|Bloom Doom|p1a: Ferrothorn|[zeffect]\n|-supereffective|p1a: Ferrothorn\n|-damage|p1a: Ferrothorn|0 fnt\n|faint|p1a: Ferrothorn\n|-ability|p2a: Kartana|Beast Boost|boost\n|-boost|p2a: Kartana|atk|1\n|\n|-heal|p2a: Kartana|92\/100|[from] Grassy Terrain\n|-end|p2a: Kartana|Infestation|[partiallytrapped]|[silent]\n|-fieldend|move: Grassy Terrain\n|upkeep\n|l|\u2606KawaiiKultLeader\n|inactive|KawaiiKultLeader disconnected and has a minute to reconnect!\n|player|p1|\n|inactive|KawaiiKultLeader has 30 seconds to reconnect!\n|inactive|KawaiiKultLeader has 20 seconds to reconnect!\n|inactive|KawaiiKultLeader has 15 seconds to reconnect!\n|inactive|KawaiiKultLeader has 10 seconds to reconnect!\n|inactive|KawaiiKultLeader has 5 seconds to reconnect!\n|-message|KawaiiKultLeader lost due to inactivity.\n|\n|win|dcrownd\n|raw|KawaiiKultLeader's rating: 1366 &rarr; <strong>1344<\/strong><br \/>(-22 for losing)\n|raw|dcrownd's rating: 1339 &rarr; <strong>1361<\/strong><br \/>(+22 for winning)\n","uploadtime":1700388542,"views":15,"p1id":"kawaiikultleader","p2id":"dcrownd","formatid":"gen9nationaldex","rating":1344,"private":0,"password":""}