{"id":"gen9nationaldex-1990777524","p1":"Durr plant100","p2":"Spler","format":"[Gen 9] National Dex","log":"|j|\u2606Durr plant100\n|j|\u2606Spler\n|t:|1699999863\n|gametype|singles\n|player|p1|Durr plant100|ultraforestkartenvoy|1558\n|player|p2|Spler|266|1542\n|teamsize|p1|6\n|teamsize|p2|6\n|gen|9\n|tier|[Gen 9] National Dex\n|rated|\n|rule|HP Percentage Mod: HP is shown in percentages\n|rule|Endless Battle Clause: Forcing endless battles is banned\n|rule|OHKO Clause: OHKO moves are banned\n|rule|Evasion Clause: Evasion abilities, items, and moves are banned\n|rule|Evasion Abilities Clause: Evasion abilities are banned\n|rule|Evasion Items Clause: Evasion items are banned\n|rule|Evasion Moves Clause: Evasion moves are banned\n|rule|Species Clause: Limit one of each Pok\u00e9mon\n|rule|Sleep Clause Mod: Limit one foe put to sleep\n|clearpoke\n|poke|p1|Volcarona, F|\n|poke|p1|Tyranitar, M|\n|poke|p1|Excadrill, M|\n|poke|p1|Hydreigon, M|\n|poke|p1|Ogerpon-Wellspring, F|\n|poke|p1|Vikavolt, M|\n|poke|p2|Conkeldurr, F|\n|poke|p2|Iron Treads|\n|poke|p2|Tapu Koko|\n|poke|p2|Cresselia, F|\n|poke|p2|Volcarona, F|\n|poke|p2|Ogerpon-Wellspring, F|\n|teampreview\n|inactive|Battle timer is ON: inactive players will automatically lose when time's up. (requested by Durr plant100)\n|inactive|Spler has 120 seconds left.\n|\n|t:|1699999917\n|start\n|switch|p1a: Mothra|Volcarona, F, shiny|100\/100\n|switch|p2a: Conkeldurr|Conkeldurr, F|100\/100\n|turn|1\n|\n|t:|1699999926\n|move|p1a: Mothra|Fiery Dance|p2a: Conkeldurr\n|-damage|p2a: Conkeldurr|59\/100\n|move|p2a: Conkeldurr|Knock Off|p1a: Mothra\n|-damage|p1a: Mothra|44\/100\n|-enditem|p1a: Mothra|Heavy-Duty Boots|[from] move: Knock Off|[of] p2a: Conkeldurr\n|\n|-status|p2a: Conkeldurr|brn|[from] item: Flame Orb\n|upkeep\n|turn|2\n|\n|t:|1699999937\n|move|p1a: Mothra|Fiery Dance|p2a: Conkeldurr\n|-damage|p2a: Conkeldurr|14\/100 brn\n|move|p2a: Conkeldurr|Facade|p1a: Mothra\n|-damage|p1a: Mothra|0 fnt\n|faint|p1a: Mothra\n|\n|-damage|p2a: Conkeldurr|8\/100 brn|[from] brn\n|upkeep\n|j| Hi my name is Goku\n|inactive|Durr plant100 has 120 seconds left.\n|\n|t:|1699999964\n|switch|p1a: Anguiris|Excadrill, M|100\/100\n|turn|3\n|\n|t:|1699999967\n|move|p2a: Conkeldurr|Mach Punch|p1a: Anguiris\n|-supereffective|p1a: Anguiris\n|-damage|p1a: Anguiris|0 fnt\n|faint|p1a: Anguiris\n|\n|-damage|p2a: Conkeldurr|2\/100 brn|[from] brn\n|upkeep\n|\n|t:|1699999970\n|switch|p1a: Megalon|Vikavolt, M|100\/100\n|turn|4\n|\n|t:|1699999977\n|move|p2a: Conkeldurr|Facade|p1a: Megalon\n|-damage|p1a: Megalon|14\/100\n|move|p1a: Megalon|Sticky Web|p2a: Conkeldurr\n|-sidestart|p2: Spler|move: Sticky Web\n|\n|-damage|p2a: Conkeldurr|0 fnt|[from] brn\n|faint|p2a: Conkeldurr\n|upkeep\n|\n|t:|1699999985\n|switch|p2a: Iron Treads|Iron Treads|100\/100\n|-activate|p2a: Iron Treads|move: Sticky Web\n|-unboost|p2a: Iron Treads|spe|1\n|-enditem|p2a: Iron Treads|Booster Energy\n|-activate|p2a: Iron Treads|ability: Quark Drive|[fromitem]\n|-start|p2a: Iron Treads|quarkdriveatk\n|turn|5\n|\n|t:|1699999994\n|move|p2a: Iron Treads|Rapid Spin|p1a: Megalon\n|-damage|p1a: Megalon|0 fnt\n|-boost|p2a: Iron Treads|spe|1\n|-sideend|p2: Spler|Sticky Web|[from] move: Rapid Spin|[of] p2a: Iron Treads\n|faint|p1a: Megalon\n|\n|upkeep\n|\n|t:|1700000000\n|switch|p1a: Gabara|Ogerpon-Wellspring, F|100\/100\n|turn|6\n|\n|t:|1700000006\n|-end|p2a: Iron Treads|Quark Drive|[silent]\n|switch|p2a: Ogerpon|Ogerpon-Wellspring, F|100\/100\n|move|p1a: Gabara|Focus Energy|p1a: Gabara\n|-start|p1a: Gabara|move: Focus Energy\n|\n|upkeep\n|turn|7\n|\n|t:|1700000015\n|move|p2a: Ogerpon|Horn Leech|p1a: Gabara\n|-damage|p1a: Gabara|46\/100\n|move|p1a: Gabara|Horn Leech|p2a: Ogerpon\n|-damage|p2a: Ogerpon|38\/100\n|-heal|p1a: Gabara|78\/100|[from] drain|[of] p2a: Ogerpon\n|\n|upkeep\n|turn|8\n|\n|t:|1700000023\n|move|p2a: Ogerpon|Horn Leech|p1a: Gabara\n|-damage|p1a: Gabara|18\/100\n|-heal|p2a: Ogerpon|67\/100|[from] drain|[of] p1a: Gabara\n|move|p1a: Gabara|Horn Leech|p2a: Ogerpon\n|-crit|p2a: Ogerpon\n|-damage|p2a: Ogerpon|0 fnt\n|-heal|p1a: Gabara|52\/100|[from] drain|[of] p2a: Ogerpon\n|faint|p2a: Ogerpon\n|\n|upkeep\n|\n|t:|1700000036\n|switch|p2a: Tapu Koko|Tapu Koko|100\/100\n|-fieldstart|move: Electric Terrain|[from] ability: Electric Surge|[of] p2a: Tapu Koko\n|turn|9\n|\n|t:|1700000043\n|switch|p1a: Godzilla|Tyranitar, M|100\/100\n|-weather|Sandstorm|[from] ability: Sand Stream|[of] p1a: Godzilla\n|move|p2a: Tapu Koko|Thunderbolt|p1a: Godzilla\n|-damage|p1a: Godzilla|78\/100\n|-damage|p2a: Tapu Koko|91\/100|[from] item: Life Orb\n|\n|-weather|Sandstorm|[upkeep]\n|-damage|p2a: Tapu Koko|85\/100|[from] Sandstorm\n|upkeep\n|turn|10\n|\n|t:|1700000054\n|move|p2a: Tapu Koko|Dazzling Gleam|p1a: Godzilla\n|-supereffective|p1a: Godzilla\n|-damage|p1a: Godzilla|43\/100\n|-damage|p2a: Tapu Koko|75\/100|[from] item: Life Orb\n|move|p1a: Godzilla|Fire Blast|p2a: Tapu Koko\n|-damage|p2a: Tapu Koko|37\/100\n|\n|-weather|Sandstorm|[upkeep]\n|-damage|p2a: Tapu Koko|31\/100|[from] Sandstorm\n|upkeep\n|turn|11\n|\n|t:|1700000065\n|move|p2a: Tapu Koko|Dazzling Gleam|p1a: Godzilla\n|-supereffective|p1a: Godzilla\n|-damage|p1a: Godzilla|10\/100\n|-damage|p2a: Tapu Koko|21\/100|[from] item: Life Orb\n|move|p1a: Godzilla|Stone Edge|p2a: Tapu Koko\n|-damage|p2a: Tapu Koko|0 fnt\n|faint|p2a: Tapu Koko\n|\n|-weather|Sandstorm|[upkeep]\n|upkeep\n|\n|t:|1700000086\n|switch|p2a: Cresselia|Cresselia, F|100\/100\n|-enditem|p2a: Cresselia|Electric Seed\n|-boost|p2a: Cresselia|def|1|[from] item: Electric Seed\n|turn|12\n|\n|t:|1700000096\n|-terastallize|p2a: Cresselia|Poison\n|move|p2a: Cresselia|Calm Mind|p2a: Cresselia\n|-boost|p2a: Cresselia|spa|1\n|-boost|p2a: Cresselia|spd|1\n|move|p1a: Godzilla|Stone Edge|p2a: Cresselia\n|-damage|p2a: Cresselia|82\/100\n|\n|-weather|Sandstorm|[upkeep]\n|-damage|p2a: Cresselia|75\/100|[from] Sandstorm\n|upkeep\n|turn|13\n|\n|t:|1700000107\n|move|p2a: Cresselia|Toxic|p1a: Godzilla\n|-status|p1a: Godzilla|tox\n|move|p1a: Godzilla|Stone Edge|p2a: Cresselia|[miss]\n|-miss|p1a: Godzilla|p2a: Cresselia\n|\n|-weather|none\n|-damage|p1a: Godzilla|4\/100 tox|[from] psn\n|-fieldend|move: Electric Terrain\n|upkeep\n|turn|14\n|\n|t:|1700000116\n|move|p2a: Cresselia|Calm Mind|p2a: Cresselia\n|-boost|p2a: Cresselia|spa|1\n|-boost|p2a: Cresselia|spd|1\n|move|p1a: Godzilla|Ice Punch|p2a: Cresselia\n|-damage|p2a: Cresselia|65\/100\n|\n|-damage|p1a: Godzilla|0 fnt|[from] psn\n|faint|p1a: Godzilla\n|upkeep\n|\n|t:|1700000123\n|switch|p1a: Gabara|Ogerpon-Wellspring, F|52\/100\n|turn|15\n|\n|t:|1700000129\n|move|p1a: Gabara|Focus Energy|p1a: Gabara\n|-start|p1a: Gabara|move: Focus Energy\n|move|p2a: Cresselia|Stored Power|p1a: Gabara\n|-damage|p1a: Gabara|0 fnt\n|faint|p1a: Gabara\n|\n|upkeep\n|\n|t:|1700000134\n|switch|p1a: King Ghidorah|Hydreigon, M|100\/100\n|turn|16\n|\n|t:|1700000144\n|-terastallize|p1a: King Ghidorah|Steel\n|move|p1a: King Ghidorah|Dark Pulse|p2a: Cresselia\n|-damage|p2a: Cresselia|44\/100\n|cant|p2a: Cresselia|flinch\n|\n|upkeep\n|turn|17\n|\n|t:|1700000151\n|move|p1a: King Ghidorah|Dark Pulse|p2a: Cresselia\n|-damage|p2a: Cresselia|24\/100\n|move|p2a: Cresselia|Moonlight|p2a: Cresselia\n|-heal|p2a: Cresselia|74\/100\n|\n|upkeep\n|turn|18\n|-message|Durr plant100 forfeited.\n|\n|win|Spler\n|raw|Durr plant100's rating: 1558 &rarr; <strong>1537<\/strong><br \/>(-21 for losing)\n|raw|Spler's rating: 1542 &rarr; <strong>1563<\/strong><br \/>(+21 for winning)\n|l|\u2606Durr plant100\n","uploadtime":1700000164,"views":7,"p1id":"durrplant100","p2id":"spler","formatid":"gen9nationaldex","rating":1537,"private":0,"password":""}