{"id":"gen9nationaldex-1993341522","p1":"Alex the G-leader","p2":"Gregaton","format":"[Gen 9] National Dex","log":"|j|\u2606Alex the G-leader\n|j|\u2606Gregaton\n|t:|1700302039\n|gametype|singles\n|player|p1|Alex the G-leader|ruinmaniac|1104\n|player|p2|Gregaton|acetrainercouple|1163\n|teamsize|p1|6\n|teamsize|p2|6\n|gen|9\n|tier|[Gen 9] National Dex\n|rated|\n|rule|HP Percentage Mod: HP is shown in percentages\n|rule|Endless Battle Clause: Forcing endless battles is banned\n|rule|OHKO Clause: OHKO moves are banned\n|rule|Evasion Clause: Evasion abilities, items, and moves are banned\n|rule|Evasion Abilities Clause: Evasion abilities are banned\n|rule|Evasion Items Clause: Evasion items are banned\n|rule|Evasion Moves Clause: Evasion moves are banned\n|rule|Species Clause: Limit one of each Pok\u00e9mon\n|rule|Sleep Clause Mod: Limit one foe put to sleep\n|clearpoke\n|poke|p1|Golurk|\n|poke|p1|Spiritomb, F|\n|poke|p1|Claydol|\n|poke|p1|Cofagrigus, F|\n|poke|p1|Aegislash, M|\n|poke|p1|Tyrantrum, M|\n|poke|p2|Lopunny, F|\n|poke|p2|Empoleon, M|\n|poke|p2|Espeon, F|\n|poke|p2|Ninetales-Alola, F|\n|poke|p2|Serperior, M|\n|poke|p2|Garchomp, M|\n|teampreview\n|c|\u2606Alex the G-leader|Welcome to my gym\n|c|\u2606Alex the G-leader|I see you came perpared\n|c|\u2606Alex the G-leader|Well, let's begin\n|inactive|Battle timer is ON: inactive players will automatically lose when time's up. (requested by Alex the G-leader)\n|\n|t:|1700302083\n|start\n|switch|p1a: Titan|Golurk|100\/100\n|switch|p2a: Justice|Lopunny, F, shiny|100\/100\n|turn|1\n|c|\u2606Gregaton|what kinda gym leader are you?\n|\n|t:|1700302099\n|detailschange|p2a: Justice|Lopunny-Mega, F, shiny\n|-mega|p2a: Justice|Lopunny|Lopunnite\n|move|p2a: Justice|Fake Out|p1a: Titan\n|-damage|p1a: Titan|77\/100\n|cant|p1a: Titan|flinch\n|\n|upkeep\n|turn|2\n|\n|t:|1700302127\n|move|p2a: Justice|U-turn|p1a: Titan\n|-resisted|p1a: Titan\n|-damage|p1a: Titan|63\/100\n|\n|t:|1700302131\n|switch|p2a: Serenity|Ninetales-Alola, F, shiny|100\/100|[from] U-turn\n|-weather|Snow|[from] ability: Snow Warning|[of] p2a: Serenity\n|move|p1a: Titan|Ice Punch|p2a: Serenity\n|-resisted|p2a: Serenity\n|-damage|p2a: Serenity|85\/100\n|\n|-weather|Snow|[upkeep]\n|upkeep\n|turn|3\n|\n|t:|1700302140\n|move|p2a: Serenity|Aurora Veil|p2a: Serenity\n|-sidestart|p2: Gregaton|move: Aurora Veil\n|move|p1a: Titan|Thunder Punch|p2a: Serenity\n|-damage|p2a: Serenity|67\/100\n|\n|-weather|Snow|[upkeep]\n|upkeep\n|turn|4\n|\n|t:|1700302155\n|move|p2a: Serenity|Blizzard|p1a: Titan\n|-supereffective|p1a: Titan\n|-damage|p1a: Titan|8\/100\n|move|p1a: Titan|Shadow Punch|p2a: Serenity\n|-damage|p2a: Serenity|48\/100\n|\n|-weather|Snow|[upkeep]\n|upkeep\n|turn|5\n|\n|t:|1700302163\n|move|p2a: Serenity|Blizzard|p1a: Titan\n|-supereffective|p1a: Titan\n|-damage|p1a: Titan|0 fnt\n|faint|p1a: Titan\n|\n|-weather|Snow|[upkeep]\n|upkeep\n|\n|t:|1700302179\n|switch|p1a: Excalibur|Aegislash, M|100\/100\n|turn|6\n|\n|t:|1700302195\n|switch|p2a: Unity|Empoleon, M, shiny|100\/100\n|move|p1a: Excalibur|King's Shield||[still]\n|-fail|p1a: Excalibur\n|\n|-weather|none\n|upkeep\n|turn|7\n|\n|t:|1700302202\n|move|p2a: Unity|Stealth Rock|p1a: Excalibur\n|-sidestart|p1: Alex the G-leader|move: Stealth Rock\n|move|p1a: Excalibur|Swords Dance|p1a: Excalibur\n|-boost|p1a: Excalibur|atk|2\n|\n|upkeep\n|turn|8\n|\n|t:|1700302208\n|move|p1a: Excalibur|King's Shield|p1a: Excalibur\n|-singleturn|p1a: Excalibur|Protect\n|move|p2a: Unity|Scald|p1a: Excalibur\n|-activate|p1a: Excalibur|move: Protect\n|\n|upkeep\n|turn|9\n|inactive|Alex the G-leader has 120 seconds left.\n|\n|t:|1700302234\n|move|p2a: Unity|Scald|p1a: Excalibur\n|-damage|p1a: Excalibur|78\/100\n|-formechange|p1a: Excalibur|Aegislash-Blade||[from] ability: Stance Change\n|move|p1a: Excalibur|Sacred Sword|p2a: Unity\n|-supereffective|p2a: Unity\n|-damage|p2a: Unity|39\/100\n|\n|-heal|p2a: Unity|46\/100|[from] item: Leftovers\n|upkeep\n|turn|10\n|inactive|Alex the G-leader has 120 seconds left.\n|\n|t:|1700302249\n|move|p2a: Unity|Roost|p2a: Unity\n|-heal|p2a: Unity|96\/100\n|-singleturn|p2a: Unity|move: Roost\n|move|p1a: Excalibur|Sacred Sword|p2a: Unity\n|-supereffective|p2a: Unity\n|-damage|p2a: Unity|33\/100\n|\n|-heal|p2a: Unity|39\/100|[from] item: Leftovers\n|-sideend|p2: Gregaton|move: Aurora Veil\n|upkeep\n|turn|11\n|inactive|Alex the G-leader has 120 seconds left.\n|\n|t:|1700302261\n|switch|p2a: Hope|Espeon, F, shiny|100\/100\n|move|p1a: Excalibur|Sacred Sword|p2a: Hope\n|-resisted|p2a: Hope\n|-damage|p2a: Hope|26\/100\n|\n|upkeep\n|turn|12\n|\n|t:|1700302268\n|move|p2a: Hope|Shadow Ball|p1a: Excalibur\n|-supereffective|p1a: Excalibur\n|-damage|p1a: Excalibur|0 fnt\n|faint|p1a: Excalibur\n|\n|upkeep\n|\n|t:|1700302272\n|switch|p1a: Kit|Claydol|100\/100\n|turn|13\n|\n|t:|1700302277\n|switch|p2a: Dilligance|Serperior, M, shiny|100\/100\n|move|p1a: Kit|Rapid Spin|p2a: Dilligance\n|-damage|p2a: Dilligance|92\/100\n|-boost|p1a: Kit|spe|1\n|-sideend|p1: Alex the G-leader|Stealth Rock|[from] move: Rapid Spin|[of] p1a: Kit\n|\n|-heal|p2a: Dilligance|99\/100|[from] item: Leftovers\n|upkeep\n|turn|14\n|\n|t:|1700302285\n|move|p2a: Dilligance|Leaf Storm|p1a: Kit\n|-supereffective|p1a: Kit\n|-crit|p1a: Kit\n|-damage|p1a: Kit|5\/100\n|-boost|p2a: Dilligance|spa|2\n|move|p1a: Kit|Ice Beam|p2a: Dilligance\n|-supereffective|p2a: Dilligance\n|-damage|p2a: Dilligance|60\/100\n|\n|-heal|p2a: Dilligance|66\/100|[from] item: Leftovers\n|upkeep\n|turn|15\n|\n|t:|1700302296\n|move|p2a: Dilligance|Dragon Pulse|p1a: Kit\n|-damage|p1a: Kit|0 fnt\n|faint|p1a: Kit\n|\n|-heal|p2a: Dilligance|73\/100|[from] item: Leftovers\n|upkeep\n|\n|t:|1700302306\n|switch|p1a: Tempest|Spiritomb, F|100\/100\n|turn|16\n|\n|t:|1700302317\n|move|p2a: Dilligance|Leech Seed|p1a: Tempest\n|-start|p1a: Tempest|move: Leech Seed\n|move|p1a: Tempest|Will-O-Wisp|p2a: Dilligance\n|-status|p2a: Dilligance|brn\n|\n|-heal|p2a: Dilligance|79\/100 brn|[from] item: Leftovers\n|-damage|p1a: Tempest|88\/100|[from] Leech Seed|[of] p2a: Dilligance\n|-heal|p2a: Dilligance|89\/100 brn|[silent]\n|-damage|p2a: Dilligance|83\/100 brn|[from] brn\n|upkeep\n|turn|17\n|inactive|Alex the G-leader has 120 seconds left.\n|\n|t:|1700302352\n|switch|p2a: Unity|Empoleon, M, shiny|39\/100\n|switch|p1a: Cleo|Cofagrigus, F|100\/100\n|\n|-heal|p2a: Unity|46\/100|[from] item: Leftovers\n|upkeep\n|turn|18\n|inactive|Alex the G-leader has 120 seconds left.\n|\n|t:|1700302378\n|move|p2a: Unity|Roost|p2a: Unity\n|-heal|p2a: Unity|96\/100\n|-singleturn|p2a: Unity|move: Roost\n|move|p1a: Cleo|Revenge|p2a: Unity\n|-supereffective|p2a: Unity\n|-damage|p2a: Unity|77\/100\n|\n|-heal|p2a: Unity|84\/100|[from] item: Leftovers\n|upkeep\n|turn|19\n|\n|t:|1700302384\n|move|p2a: Unity|Stealth Rock|p1a: Cleo\n|-sidestart|p1: Alex the G-leader|move: Stealth Rock\n|move|p1a: Cleo|Knock Off|p2a: Unity\n|-damage|p2a: Unity|68\/100\n|-enditem|p2a: Unity|Leftovers|[from] move: Knock Off|[of] p1a: Cleo\n|\n|upkeep\n|turn|20\n|\n|t:|1700302391\n|switch|p2a: Dilligance|Serperior, M, shiny|83\/100 brn\n|move|p1a: Cleo|Toxic||[still]\n|-fail|p1a: Cleo\n|\n|-heal|p2a: Dilligance|89\/100 brn|[from] item: Leftovers\n|-damage|p2a: Dilligance|83\/100 brn|[from] brn\n|upkeep\n|turn|21\n|\n|t:|1700302399\n|move|p2a: Dilligance|Leech Seed|p1a: Cleo\n|-start|p1a: Cleo|move: Leech Seed\n|move|p1a: Cleo|Knock Off|p2a: Dilligance\n|-damage|p2a: Dilligance|63\/100 brn\n|-enditem|p2a: Dilligance|Leftovers|[from] move: Knock Off|[of] p1a: Cleo\n|\n|-damage|p1a: Cleo|88\/100|[from] Leech Seed|[of] p2a: Dilligance\n|-heal|p2a: Dilligance|74\/100 brn|[silent]\n|-damage|p2a: Dilligance|68\/100 brn|[from] brn\n|upkeep\n|turn|22\n|inactive|Alex the G-leader has 120 seconds left.\n|\n|t:|1700302409\n|switch|p2a: Unity|Empoleon, M, shiny|68\/100\n|switch|p1a: Tempest|Spiritomb, F|88\/100\n|-damage|p1a: Tempest|76\/100|[from] Stealth Rock\n|\n|upkeep\n|turn|23\n|\n|t:|1700302416\n|move|p2a: Unity|Roost|p2a: Unity\n|-heal|p2a: Unity|100\/100\n|-singleturn|p2a: Unity|move: Roost\n|move|p1a: Tempest|Will-O-Wisp|p2a: Unity\n|-status|p2a: Unity|brn\n|\n|-damage|p2a: Unity|94\/100 brn|[from] brn\n|upkeep\n|turn|24\n|\n|t:|1700302430\n|move|p1a: Tempest|Shadow Sneak|p2a: Unity\n|-damage|p2a: Unity|84\/100 brn\n|move|p2a: Unity|Scald|p1a: Tempest\n|-damage|p1a: Tempest|51\/100\n|\n|-damage|p2a: Unity|77\/100 brn|[from] brn\n|upkeep\n|turn|25\n|inactive|Alex the G-leader has 120 seconds left.\n|\n|t:|1700302467\n|switch|p1a: Cleo|Cofagrigus, F|88\/100\n|-damage|p1a: Cleo|76\/100|[from] Stealth Rock\n|move|p2a: Unity|Scald|p1a: Cleo\n|-damage|p1a: Cleo|44\/100\n|\n|-damage|p2a: Unity|71\/100 brn|[from] brn\n|upkeep\n|turn|26\n|inactive|Alex the G-leader has 90 seconds left.\n|\n|t:|1700302492\n|move|p2a: Unity|Roost|p2a: Unity\n|-heal|p2a: Unity|100\/100 brn\n|-singleturn|p2a: Unity|move: Roost\n|move|p1a: Cleo|Revenge|p2a: Unity\n|-supereffective|p2a: Unity\n|-damage|p2a: Unity|81\/100 brn\n|\n|-damage|p2a: Unity|75\/100 brn|[from] brn\n|upkeep\n|turn|27\n|\n|t:|1700302499\n|move|p2a: Unity|Scald|p1a: Cleo\n|-damage|p1a: Cleo|12\/100\n|move|p1a: Cleo|Revenge|p2a: Unity\n|-supereffective|p2a: Unity\n|-damage|p2a: Unity|38\/100 brn\n|\n|-damage|p2a: Unity|32\/100 brn|[from] brn\n|upkeep\n|turn|28\n|inactive|Alex the G-leader has 90 seconds left.\n|\n|t:|1700302536\n|move|p2a: Unity|Scald|p1a: Cleo\n|-damage|p1a: Cleo|0 fnt\n|faint|p1a: Cleo\n|\n|-damage|p2a: Unity|25\/100 brn|[from] brn\n|upkeep\n|\n|t:|1700302542\n|switch|p1a: Tempest|Spiritomb, F|51\/100\n|-damage|p1a: Tempest|39\/100|[from] Stealth Rock\n|turn|29\n|\n|t:|1700302552\n|switch|p2a: Fortitude|Garchomp, M, shiny|100\/100\n|move|p1a: Tempest|Destiny Bond|p1a: Tempest\n|-singlemove|p1a: Tempest|Destiny Bond\n|\n|upkeep\n|turn|30\n|\n|t:|1700302557\n|move|p2a: Fortitude|Swords Dance|p2a: Fortitude\n|-boost|p2a: Fortitude|atk|2\n|move|p1a: Tempest|Will-O-Wisp|p2a: Fortitude\n|-status|p2a: Fortitude|brn\n|\n|-damage|p2a: Fortitude|94\/100 brn|[from] brn\n|upkeep\n|turn|31\n|inactive|Alex the G-leader has 90 seconds left.\n|\n|t:|1700302573\n|move|p1a: Tempest|Sucker Punch|p2a: Fortitude\n|-damage|p2a: Fortitude|69\/100 brn\n|-damage|p1a: Tempest|27\/100|[from] ability: Rough Skin|[of] p2a: Fortitude\n|-damage|p1a: Tempest|10\/100|[from] item: Rocky Helmet|[of] p2a: Fortitude\n|move|p2a: Fortitude|Earthquake|p1a: Tempest\n|-damage|p1a: Tempest|0 fnt\n|faint|p1a: Tempest\n|\n|-damage|p2a: Fortitude|63\/100 brn|[from] brn\n|upkeep\n|\n|t:|1700302583\n|switch|p1a: Rexy|Tyrantrum, M|100\/100\n|-damage|p1a: Rexy|88\/100|[from] Stealth Rock\n|turn|32\n|\n|t:|1700302589\n|switch|p2a: Justice|Lopunny-Mega, F, shiny|100\/100\n|-terastallize|p1a: Rexy|Rock\n|move|p1a: Rexy|Head Smash|p2a: Justice\n|-resisted|p2a: Justice\n|-damage|p2a: Justice|38\/100\n|\n|upkeep\n|turn|33\n|\n|t:|1700302603\n|move|p2a: Justice|Fake Out|p1a: Rexy\n|-resisted|p1a: Rexy\n|-damage|p1a: Rexy|77\/100\n|cant|p1a: Rexy|flinch\n|\n|upkeep\n|turn|34\n|\n|t:|1700302608\n|move|p2a: Justice|Close Combat|p1a: Rexy\n|-supereffective|p1a: Rexy\n|-damage|p1a: Rexy|0 fnt\n|-unboost|p2a: Justice|def|1\n|-unboost|p2a: Justice|spd|1\n|faint|p1a: Rexy\n|\n|win|Gregaton\n|raw|Alex the G-leader's rating: 1104 &rarr; <strong>1083<\/strong><br \/>(-21 for losing)\n|raw|Gregaton's rating: 1163 &rarr; <strong>1184<\/strong><br \/>(+21 for winning)\n|c|\u2606Gregaton|gg\n|c|\u2606Gregaton|do i get a badge?\n","uploadtime":1700302641,"views":8,"p1id":"alexthegleader","p2id":"gregaton","formatid":"gen9nationaldex","rating":1083,"private":0,"password":""}