{"id":"gen9nationaldex-1998843893","p1":"shaggysoloo","p2":"HuntixL","format":"[Gen 9] National Dex","log":"|html|<div class=\"broadcast-blue\"><strong>[Gen 9] National Dex is currently suspecting Sneasler! For information on how to participate check out the <a href=\"https:\/\/www.smogon.com\/forums\/threads\/sv-national-dex-suspect-8-just-dance.3731534\/\">suspect thread<\/a>.<\/strong><\/div>\n|j|\u2606shaggysoloo\n|j|\u2606HuntixL\n|t:|1701001864\n|gametype|singles\n|player|p1|shaggysoloo|2|\n|player|p2|HuntixL|erika|\n|teamsize|p1|5\n|teamsize|p2|6\n|gen|9\n|tier|[Gen 9] National Dex\n|rule|HP Percentage Mod: HP is shown in percentages\n|rule|Endless Battle Clause: Forcing endless battles is banned\n|rule|OHKO Clause: OHKO moves are banned\n|rule|Evasion Clause: Evasion abilities, items, and moves are banned\n|rule|Evasion Abilities Clause: Evasion abilities are banned\n|rule|Evasion Items Clause: Evasion items are banned\n|rule|Evasion Moves Clause: Evasion moves are banned\n|rule|Species Clause: Limit one of each Pok\u00e9mon\n|rule|Sleep Clause Mod: Limit one foe put to sleep\n|clearpoke\n|poke|p1|Charizard, M|\n|poke|p1|Marowak-Alola, F|\n|poke|p1|Blaziken, F|\n|poke|p1|Delphox, F|\n|poke|p1|Rotom-Heat|\n|poke|p2|Golem, M|\n|poke|p2|Quagsire, M|\n|poke|p2|Swampert, F|\n|poke|p2|Whiscash, F|\n|poke|p2|Gastrodon, M|\n|poke|p2|Seismitoad, M|\n|teampreview\n|\n|t:|1701001890\n|start\n|switch|p1a: Delphox|Delphox, F|100\/100\n|switch|p2a: \u0421\u0440\u043e\u043b\u0435\u043c|Golem, M|100\/100\n|turn|1\n|\n|t:|1701001907\n|-terastallize|p1a: Delphox|Fire\n|-terastallize|p2a: \u0421\u0440\u043e\u043b\u0435\u043c|Rock\n|move|p1a: Delphox|Solar Beam||[still]\n|-prepare|p1a: Delphox|Solar Beam\n|move|p2a: \u0421\u0440\u043e\u043b\u0435\u043c|Body Slam|p1a: Delphox\n|-damage|p1a: Delphox|70\/100\n|\n|upkeep\n|turn|2\n|\n|t:|1701001917\n|move|p1a: Delphox|Solar Beam|p2a: \u0421\u0440\u043e\u043b\u0435\u043c|[from]lockedmove\n|-supereffective|p2a: \u0421\u0440\u043e\u043b\u0435\u043c\n|-damage|p2a: \u0421\u0440\u043e\u043b\u0435\u043c|4\/100\n|move|p2a: \u0421\u0440\u043e\u043b\u0435\u043c|Earthquake|p1a: Delphox\n|-supereffective|p1a: Delphox\n|-damage|p1a: Delphox|0 fnt\n|faint|p1a: Delphox\n|\n|-heal|p2a: \u0421\u0440\u043e\u043b\u0435\u043c|10\/100|[from] item: Leftovers\n|upkeep\n|\n|t:|1701001932\n|switch|p1a: Blaziken|Blaziken, F|100\/100\n|turn|3\n|\n|t:|1701001938\n|move|p1a: Blaziken|Body Slam|p2a: \u0421\u0440\u043e\u043b\u0435\u043c\n|-resisted|p2a: \u0421\u0440\u043e\u043b\u0435\u043c\n|-damage|p2a: \u0421\u0440\u043e\u043b\u0435\u043c|0 fnt\n|faint|p2a: \u0421\u0440\u043e\u043b\u0435\u043c\n|\n|upkeep\n|\n|t:|1701001982\n|switch|p2a: Seismitoad|Seismitoad, M|100\/100\n|turn|4\n|\n|t:|1701001989\n|move|p2a: Seismitoad|Surf|p1a: Blaziken\n|-supereffective|p1a: Blaziken\n|-damage|p1a: Blaziken|25\/100\n|move|p1a: Blaziken|Thunder Punch|p2a: Seismitoad\n|-immune|p2a: Seismitoad\n|\n|upkeep\n|turn|5\n|\n|t:|1701001999\n|move|p2a: Seismitoad|Earthquake|p1a: Blaziken\n|-supereffective|p1a: Blaziken\n|-damage|p1a: Blaziken|0 fnt\n|faint|p1a: Blaziken\n|\n|upkeep\n|\n|t:|1701002005\n|switch|p1a: Marowak|Marowak-Alola, F|100\/100\n|turn|6\n|\n|t:|1701002048\n|move|p2a: Seismitoad|Earthquake|p1a: Marowak\n|-supereffective|p1a: Marowak\n|-damage|p1a: Marowak|41\/100\n|move|p1a: Marowak|Thunder|p2a: Seismitoad\n|-immune|p2a: Seismitoad\n|\n|upkeep\n|turn|7\n|\n|t:|1701002057\n|move|p2a: Seismitoad|Earthquake|p1a: Marowak\n|-supereffective|p1a: Marowak\n|-damage|p1a: Marowak|0 fnt\n|-start|p2a: Seismitoad|Disable|Earthquake|[from] ability: Cursed Body|[of] p1a: Marowak\n|faint|p1a: Marowak\n|\n|upkeep\n|\n|t:|1701002069\n|switch|p1a: Charizard|Charizard, M|100\/100\n|turn|8\n|\n|t:|1701002077\n|detailschange|p1a: Charizard|Charizard-Mega-Y, M\n|-mega|p1a: Charizard|Charizard|Charizardite Y\n|-weather|SunnyDay|[from] ability: Drought|[of] p1a: Charizard\n|move|p1a: Charizard|Solar Beam||[still]\n|-prepare|p1a: Charizard|Solar Beam\n|-anim|p1a: Charizard|Solar Beam|p2a: Seismitoad\n|-supereffective|p2a: Seismitoad\n|-damage|p2a: Seismitoad|0 fnt\n|faint|p2a: Seismitoad\n|\n|-weather|SunnyDay|[upkeep]\n|upkeep\n|\n|t:|1701002090\n|switch|p2a: Gastrodon|Gastrodon, M|100\/100\n|turn|9\n|\n|t:|1701002114\n|move|p1a: Charizard|Solar Beam||[still]\n|-prepare|p1a: Charizard|Solar Beam\n|-anim|p1a: Charizard|Solar Beam|p2a: Gastrodon\n|-supereffective|p2a: Gastrodon\n|-damage|p2a: Gastrodon|0 fnt\n|faint|p2a: Gastrodon\n|\n|-weather|SunnyDay|[upkeep]\n|upkeep\n|\n|t:|1701002121\n|switch|p2a: Whiscash|Whiscash, F|100\/100\n|turn|10\n|\n|t:|1701002125\n|move|p1a: Charizard|Solar Beam||[still]\n|-prepare|p1a: Charizard|Solar Beam\n|-anim|p1a: Charizard|Solar Beam|p2a: Whiscash\n|-supereffective|p2a: Whiscash\n|-damage|p2a: Whiscash|0 fnt\n|faint|p2a: Whiscash\n|\n|-weather|SunnyDay|[upkeep]\n|upkeep\n|\n|t:|1701002133\n|switch|p2a: Swampert|Swampert, F|100\/100\n|turn|11\n|\n|t:|1701002139\n|move|p1a: Charizard|Solar Beam||[still]\n|-prepare|p1a: Charizard|Solar Beam\n|-anim|p1a: Charizard|Solar Beam|p2a: Swampert\n|-supereffective|p2a: Swampert\n|-damage|p2a: Swampert|0 fnt\n|faint|p2a: Swampert\n|\n|-weather|SunnyDay|[upkeep]\n|upkeep\n|\n|t:|1701002151\n|switch|p2a: Quagsire|Quagsire, M|100\/100\n|turn|12\n|\n|t:|1701002155\n|move|p1a: Charizard|Solar Beam||[still]\n|-prepare|p1a: Charizard|Solar Beam\n|-anim|p1a: Charizard|Solar Beam|p2a: Quagsire\n|-supereffective|p2a: Quagsire\n|-damage|p2a: Quagsire|0 fnt\n|faint|p2a: Quagsire\n|\n|win|shaggysoloo\n|l|\u2606HuntixL\n","uploadtime":1701002172,"views":6,"p1id":"shaggysoloo","p2id":"huntixl","formatid":"gen9nationaldex","rating":0,"private":0,"password":""}