{"id":"gen9nationaldex-1991915327","p1":"asd4657","p2":"MIMIKYU\u4fa0zannnn","format":"[Gen 9] National Dex","log":"|j|\u2606asd4657\n|j|\u2606MIMIKYU\u4fa0zannnn\n|t:|1700137668\n|gametype|singles\n|player|p1|asd4657|102|1341\n|player|p2|MIMIKYU\u4fa0zannnn|iono|1330\n|teamsize|p1|6\n|teamsize|p2|6\n|gen|9\n|tier|[Gen 9] National Dex\n|rated|\n|rule|HP Percentage Mod: HP is shown in percentages\n|rule|Endless Battle Clause: Forcing endless battles is banned\n|rule|OHKO Clause: OHKO moves are banned\n|rule|Evasion Clause: Evasion abilities, items, and moves are banned\n|rule|Evasion Abilities Clause: Evasion abilities are banned\n|rule|Evasion Items Clause: Evasion items are banned\n|rule|Evasion Moves Clause: Evasion moves are banned\n|rule|Species Clause: Limit one of each Pok\u00e9mon\n|rule|Sleep Clause Mod: Limit one foe put to sleep\n|clearpoke\n|poke|p1|Ceruledge, F|\n|poke|p1|Lopunny, M|\n|poke|p1|Decidueye-Hisui, M|\n|poke|p1|Rotom-Wash|\n|poke|p1|Corviknight, M|\n|poke|p1|Clodsire, F|\n|poke|p2|Ditto|\n|poke|p2|Garganacl, M|\n|poke|p2|Ferrothorn, M|\n|poke|p2|Zapdos|\n|poke|p2|Hatterene, F|\n|poke|p2|Lopunny, F|\n|teampreview\n|inactive|Battle timer is ON: inactive players will automatically lose when time's up. (requested by MIMIKYU\u4fa0zannnn)\n|\n|t:|1700137681\n|start\n|switch|p1a: Lopunny|Lopunny, M|100\/100\n|switch|p2a: Ferrothorn|Ferrothorn, M|100\/100\n|turn|1\n|\n|t:|1700137690\n|detailschange|p1a: Lopunny|Lopunny-Mega, M\n|-mega|p1a: Lopunny|Lopunny|Lopunnite\n|move|p1a: Lopunny|Close Combat|p2a: Ferrothorn\n|-supereffective|p2a: Ferrothorn\n|-damage|p2a: Ferrothorn|3\/100\n|-unboost|p1a: Lopunny|def|1\n|-unboost|p1a: Lopunny|spd|1\n|-damage|p1a: Lopunny|88\/100|[from] ability: Iron Barbs|[of] p2a: Ferrothorn\n|move|p2a: Ferrothorn|Leech Seed|p1a: Lopunny\n|-start|p1a: Lopunny|move: Leech Seed\n|\n|-heal|p2a: Ferrothorn|9\/100|[from] item: Leftovers\n|-damage|p1a: Lopunny|76\/100|[from] Leech Seed|[of] p2a: Ferrothorn\n|-heal|p2a: Ferrothorn|18\/100|[silent]\n|upkeep\n|turn|2\n|\n|t:|1700137702\n|switch|p1a: Corviknight|Corviknight, M|100\/100\n|switch|p2a: Zapdos|Zapdos|100\/100\n|\n|upkeep\n|turn|3\n|\n|t:|1700137707\n|switch|p1a: Clodsire|Clodsire, F|100\/100\n|move|p2a: Zapdos|Volt Switch|p1a: Clodsire\n|-immune|p1a: Clodsire\n|\n|upkeep\n|turn|4\n|\n|t:|1700137718\n|switch|p2a: Garganacl|Garganacl, M|100\/100\n|switch|p1a: Ceruledge|Ceruledge, F|100\/100\n|\n|upkeep\n|turn|5\n|\n|t:|1700137726\n|move|p1a: Ceruledge|Poltergeist|p2a: Garganacl\n|-activate|p2a: Garganacl|move: Poltergeist|Leftovers\n|-damage|p2a: Garganacl|80\/100\n|move|p2a: Garganacl|Iron Defense|p2a: Garganacl\n|-boost|p2a: Garganacl|def|2\n|\n|-heal|p2a: Garganacl|87\/100|[from] item: Leftovers\n|upkeep\n|turn|6\n|\n|t:|1700137733\n|switch|p1a: Rotom|Rotom-Wash|100\/100\n|move|p2a: Garganacl|Salt Cure|p1a: Rotom\n|-damage|p1a: Rotom|82\/100\n|-start|p1a: Rotom|Salt Cure\n|\n|-heal|p2a: Garganacl|93\/100|[from] item: Leftovers\n|-damage|p1a: Rotom|57\/100|[from] Salt Cure\n|upkeep\n|turn|7\n|\n|t:|1700137739\n|move|p2a: Garganacl|Protect|p2a: Garganacl\n|-singleturn|p2a: Garganacl|Protect\n|move|p1a: Rotom|Hydro Pump|p2a: Garganacl\n|-activate|p2a: Garganacl|move: Protect\n|\n|-heal|p2a: Garganacl|99\/100|[from] item: Leftovers\n|-damage|p1a: Rotom|32\/100|[from] Salt Cure\n|upkeep\n|turn|8\n|\n|t:|1700137752\n|move|p1a: Rotom|Nasty Plot|p1a: Rotom\n|-boost|p1a: Rotom|spa|2\n|move|p2a: Garganacl|Recover|p2a: Garganacl\n|-heal|p2a: Garganacl|100\/100\n|\n|-damage|p1a: Rotom|7\/100|[from] Salt Cure\n|upkeep\n|-enditem|p1a: Rotom|Salac Berry|[eat]\n|-boost|p1a: Rotom|spe|1|[from] item: Salac Berry\n|turn|9\n|\n|t:|1700137756\n|move|p2a: Garganacl|Protect|p2a: Garganacl\n|-singleturn|p2a: Garganacl|Protect\n|move|p1a: Rotom|Hydro Pump|p2a: Garganacl\n|-activate|p2a: Garganacl|move: Protect\n|\n|-damage|p1a: Rotom|0 fnt|[from] Salt Cure\n|faint|p1a: Rotom\n|upkeep\n|\n|t:|1700137759\n|switch|p1a: Clodsire|Clodsire, F|100\/100\n|turn|10\n|\n|t:|1700137768\n|move|p2a: Garganacl|Salt Cure|p1a: Clodsire\n|-resisted|p1a: Clodsire\n|-damage|p1a: Clodsire|92\/100\n|-start|p1a: Clodsire|Salt Cure\n|move|p1a: Clodsire|Stealth Rock|p2a: Garganacl\n|-sidestart|p2: MIMIKYU\u4fa0zannnn|move: Stealth Rock\n|\n|-heal|p1a: Clodsire|98\/100|[from] item: Black Sludge\n|-damage|p1a: Clodsire|86\/100|[from] Salt Cure\n|upkeep\n|turn|11\n|\n|t:|1700137775\n|switch|p1a: Corviknight|Corviknight, M|100\/100\n|move|p2a: Garganacl|Iron Defense|p2a: Garganacl\n|-boost|p2a: Garganacl|def|2\n|\n|upkeep\n|turn|12\n|\n|t:|1700137782\n|switch|p1a: Clodsire|Clodsire, F|86\/100\n|move|p2a: Garganacl|Salt Cure|p1a: Clodsire\n|-resisted|p1a: Clodsire\n|-damage|p1a: Clodsire|78\/100\n|-start|p1a: Clodsire|Salt Cure\n|\n|-heal|p1a: Clodsire|84\/100|[from] item: Black Sludge\n|-damage|p1a: Clodsire|72\/100|[from] Salt Cure\n|upkeep\n|turn|13\n|\n|t:|1700137787\n|switch|p1a: Corviknight|Corviknight, M|100\/100\n|move|p2a: Garganacl|Salt Cure|p1a: Corviknight\n|-damage|p1a: Corviknight|91\/100\n|-start|p1a: Corviknight|Salt Cure\n|\n|-heal|p1a: Corviknight|98\/100|[from] item: Leftovers\n|-damage|p1a: Corviknight|73\/100|[from] Salt Cure\n|upkeep\n|turn|14\n|\n|t:|1700137796\n|switch|p1a: Clodsire|Clodsire, F|72\/100\n|move|p2a: Garganacl|Salt Cure|p1a: Clodsire\n|-resisted|p1a: Clodsire\n|-damage|p1a: Clodsire|65\/100\n|-start|p1a: Clodsire|Salt Cure\n|\n|-heal|p1a: Clodsire|71\/100|[from] item: Black Sludge\n|-damage|p1a: Clodsire|58\/100|[from] Salt Cure\n|upkeep\n|turn|15\n|\n|t:|1700137801\n|switch|p1a: Corviknight|Corviknight, M|73\/100\n|move|p2a: Garganacl|Salt Cure|p1a: Corviknight\n|-damage|p1a: Corviknight|64\/100\n|-start|p1a: Corviknight|Salt Cure\n|\n|-heal|p1a: Corviknight|70\/100|[from] item: Leftovers\n|-damage|p1a: Corviknight|45\/100|[from] Salt Cure\n|upkeep\n|turn|16\n|\n|t:|1700137806\n|switch|p1a: Clodsire|Clodsire, F|58\/100\n|move|p2a: Garganacl|Protect||[still]\n|-fail|p2a: Garganacl\n|\n|-heal|p1a: Clodsire|65\/100|[from] item: Black Sludge\n|upkeep\n|turn|17\n|\n|t:|1700137812\n|move|p2a: Garganacl|Salt Cure|p1a: Clodsire\n|-resisted|p1a: Clodsire\n|-damage|p1a: Clodsire|58\/100\n|-start|p1a: Clodsire|Salt Cure\n|move|p1a: Clodsire|Earthquake|p2a: Garganacl\n|-supereffective|p2a: Garganacl\n|-damage|p2a: Garganacl|87\/100\n|\n|-heal|p2a: Garganacl|93\/100|[from] item: Leftovers\n|-heal|p1a: Clodsire|64\/100|[from] item: Black Sludge\n|-damage|p1a: Clodsire|51\/100|[from] Salt Cure\n|upkeep\n|turn|18\n|\n|t:|1700137819\n|switch|p1a: Corviknight|Corviknight, M|45\/100\n|move|p2a: Garganacl|Salt Cure|p1a: Corviknight\n|-damage|p1a: Corviknight|38\/100\n|-start|p1a: Corviknight|Salt Cure\n|\n|-heal|p1a: Corviknight|44\/100|[from] item: Leftovers\n|-heal|p2a: Garganacl|99\/100|[from] item: Leftovers\n|-damage|p1a: Corviknight|19\/100|[from] Salt Cure\n|upkeep\n|turn|19\n|\n|t:|1700137822\n|move|p1a: Corviknight|Roost|p1a: Corviknight\n|-heal|p1a: Corviknight|69\/100\n|-singleturn|p1a: Corviknight|move: Roost\n|move|p2a: Garganacl|Salt Cure|p1a: Corviknight\n|-resisted|p1a: Corviknight\n|-damage|p1a: Corviknight|65\/100\n|\n|-heal|p1a: Corviknight|71\/100|[from] item: Leftovers\n|-heal|p2a: Garganacl|100\/100|[from] item: Leftovers\n|-damage|p1a: Corviknight|46\/100|[from] Salt Cure\n|upkeep\n|turn|20\n|\n|t:|1700137826\n|move|p1a: Corviknight|Roost|p1a: Corviknight\n|-heal|p1a: Corviknight|96\/100\n|-singleturn|p1a: Corviknight|move: Roost\n|move|p2a: Garganacl|Salt Cure|p1a: Corviknight\n|-resisted|p1a: Corviknight\n|-damage|p1a: Corviknight|92\/100\n|\n|-heal|p1a: Corviknight|98\/100|[from] item: Leftovers\n|-damage|p1a: Corviknight|73\/100|[from] Salt Cure\n|upkeep\n|turn|21\n|\n|t:|1700137832\n|switch|p1a: Clodsire|Clodsire, F|51\/100\n|move|p2a: Garganacl|Salt Cure|p1a: Clodsire\n|-resisted|p1a: Clodsire\n|-damage|p1a: Clodsire|44\/100\n|-start|p1a: Clodsire|Salt Cure\n|\n|-heal|p1a: Clodsire|50\/100|[from] item: Black Sludge\n|-damage|p1a: Clodsire|38\/100|[from] Salt Cure\n|upkeep\n|turn|22\n|\n|t:|1700137855\n|move|p2a: Garganacl|Salt Cure|p1a: Clodsire\n|-resisted|p1a: Clodsire\n|-damage|p1a: Clodsire|30\/100\n|move|p1a: Clodsire|Recover|p1a: Clodsire\n|-heal|p1a: Clodsire|80\/100\n|\n|-heal|p1a: Clodsire|86\/100|[from] item: Black Sludge\n|-damage|p1a: Clodsire|74\/100|[from] Salt Cure\n|upkeep\n|turn|23\n|\n|t:|1700137865\n|switch|p1a: Corviknight|Corviknight, M|73\/100\n|move|p2a: Garganacl|Salt Cure|p1a: Corviknight\n|-damage|p1a: Corviknight|65\/100\n|-start|p1a: Corviknight|Salt Cure\n|\n|-heal|p1a: Corviknight|71\/100|[from] item: Leftovers\n|-damage|p1a: Corviknight|46\/100|[from] Salt Cure\n|upkeep\n|turn|24\n|\n|t:|1700137869\n|switch|p2a: Ferrothorn|Ferrothorn, M|18\/100\n|-damage|p2a: Ferrothorn|12\/100|[from] Stealth Rock\n|move|p1a: Corviknight|Roost|p1a: Corviknight\n|-heal|p1a: Corviknight|96\/100\n|-singleturn|p1a: Corviknight|move: Roost\n|\n|-heal|p1a: Corviknight|100\/100|[from] item: Leftovers\n|-heal|p2a: Ferrothorn|18\/100|[from] item: Leftovers\n|-damage|p1a: Corviknight|75\/100|[from] Salt Cure\n|upkeep\n|turn|25\n|\n|t:|1700137872\n|move|p1a: Corviknight|Body Press|p2a: Ferrothorn\n|-supereffective|p2a: Ferrothorn\n|-damage|p2a: Ferrothorn|0 fnt\n|-damage|p1a: Corviknight|63\/100|[from] ability: Iron Barbs|[of] p2a: Ferrothorn\n|faint|p2a: Ferrothorn\n|\n|-heal|p1a: Corviknight|69\/100|[from] item: Leftovers\n|-damage|p1a: Corviknight|44\/100|[from] Salt Cure\n|upkeep\n|\n|t:|1700137881\n|switch|p2a: Hatterene|Hatterene, F|100\/100\n|-damage|p2a: Hatterene|88\/100|[from] Stealth Rock\n|turn|26\n|\n|t:|1700137888\n|switch|p1a: Decidueye|Decidueye-Hisui, M|100\/100\n|move|p2a: Hatterene|Thunder Wave|p1a: Decidueye|[miss]\n|-miss|p2a: Hatterene|p1a: Decidueye\n|\n|-heal|p2a: Hatterene|94\/100|[from] item: Leftovers\n|upkeep\n|turn|27\n|\n|t:|1700137901\n|switch|p2a: Zapdos|Zapdos|100\/100\n|move|p1a: Decidueye|Trailblaze|p2a: Zapdos\n|-resisted|p2a: Zapdos\n|-damage|p2a: Zapdos|91\/100\n|-boost|p1a: Decidueye|spe|1\n|-status|p1a: Decidueye|par|[from] ability: Static|[of] p2a: Zapdos\n|\n|upkeep\n|turn|28\n|\n|t:|1700137911\n|switch|p1a: Clodsire|Clodsire, F|74\/100\n|move|p2a: Zapdos|Defog|p1a: Clodsire\n|-unboost|p1a: Clodsire|evasion|1\n|-sideend|p2: MIMIKYU\u4fa0zannnn|Stealth Rock|[from] move: Defog|[of] p2a: Zapdos\n|\n|-heal|p1a: Clodsire|80\/100|[from] item: Black Sludge\n|upkeep\n|turn|29\n|\n|t:|1700137916\n|switch|p2a: Hatterene|Hatterene, F|94\/100\n|move|p1a: Clodsire|Earthquake|p2a: Hatterene\n|-damage|p2a: Hatterene|72\/100\n|\n|-heal|p2a: Hatterene|78\/100|[from] item: Leftovers\n|-heal|p1a: Clodsire|86\/100|[from] item: Black Sludge\n|upkeep\n|turn|30\n|\n|t:|1700137922\n|switch|p1a: Decidueye|Decidueye-Hisui, M|100\/100 par\n|move|p2a: Hatterene|Calm Mind|p2a: Hatterene\n|-boost|p2a: Hatterene|spa|1\n|-boost|p2a: Hatterene|spd|1\n|\n|-heal|p2a: Hatterene|84\/100|[from] item: Leftovers\n|upkeep\n|turn|31\n|\n|t:|1700137930\n|-terastallize|p2a: Hatterene|Water\n|move|p2a: Hatterene|Calm Mind|p2a: Hatterene\n|-boost|p2a: Hatterene|spa|1\n|-boost|p2a: Hatterene|spd|1\n|move|p1a: Decidueye|Trailblaze|p2a: Hatterene\n|-supereffective|p2a: Hatterene\n|-damage|p2a: Hatterene|41\/100\n|-boost|p1a: Decidueye|spe|1\n|\n|-heal|p2a: Hatterene|47\/100|[from] item: Leftovers\n|upkeep\n|turn|32\n|\n|t:|1700137939\n|move|p1a: Decidueye|Trailblaze|p2a: Hatterene\n|-supereffective|p2a: Hatterene\n|-damage|p2a: Hatterene|3\/100\n|-boost|p1a: Decidueye|spe|1\n|move|p2a: Hatterene|Draining Kiss|p1a: Decidueye\n|-supereffective|p1a: Decidueye\n|-damage|p1a: Decidueye|14\/100 par\n|-heal|p2a: Hatterene|81\/100|[from] drain|[of] p1a: Decidueye\n|\n|-heal|p2a: Hatterene|87\/100|[from] item: Leftovers\n|upkeep\n|turn|33\n|\n|t:|1700137950\n|-zpower|p1a: Decidueye\n|move|p1a: Decidueye|All-Out Pummeling|p2a: Hatterene|[zeffect]\n|-damage|p2a: Hatterene|5\/100\n|move|p2a: Hatterene|Draining Kiss|p1a: Decidueye\n|-supereffective|p1a: Decidueye\n|-damage|p1a: Decidueye|0 fnt\n|-heal|p2a: Hatterene|17\/100|[from] drain|[of] p1a: Decidueye\n|faint|p1a: Decidueye\n|\n|-heal|p2a: Hatterene|23\/100|[from] item: Leftovers\n|upkeep\n|\n|t:|1700137960\n|switch|p1a: Lopunny|Lopunny-Mega, M|76\/100\n|turn|34\n|\n|t:|1700137964\n|switch|p2a: Zapdos|Zapdos|91\/100\n|move|p1a: Lopunny|Return|p2a: Zapdos\n|-damage|p2a: Zapdos|50\/100\n|\n|upkeep\n|turn|35\n|\n|t:|1700137969\n|move|p1a: Lopunny|Triple Axel|p2a: Zapdos\n|-supereffective|p2a: Zapdos\n|-damage|p2a: Zapdos|39\/100\n|-status|p1a: Lopunny|par|[from] ability: Static|[of] p2a: Zapdos\n|-supereffective|p2a: Zapdos\n|-damage|p2a: Zapdos|20\/100\n|-supereffective|p2a: Zapdos\n|-damage|p2a: Zapdos|0 fnt\n|faint|p2a: Zapdos\n|-hitcount|p2: Zapdos|3\n|\n|upkeep\n|\n|t:|1700137991\n|switch|p2a: Ditto|Ditto, shiny|100\/100\n|-transform|p2a: Ditto|p1a: Lopunny|[from] ability: Imposter\n|turn|36\n|inactive|MIMIKYU\u4fa0zannnn has 120 seconds left.\n|\n|t:|1700138013\n|move|p2a: Ditto|U-turn|p1a: Lopunny\n|-resisted|p1a: Lopunny\n|-damage|p1a: Lopunny|60\/100 par\n|inactive|MIMIKYU\u4fa0zannnn has 120 seconds left.\n|\n|t:|1700138022\n|switch|p2a: Garganacl|Garganacl, M|100\/100|[from] U-turn\n|move|p1a: Lopunny|Close Combat|p2a: Garganacl\n|-supereffective|p2a: Garganacl\n|-damage|p2a: Garganacl|8\/100\n|-unboost|p1a: Lopunny|def|1\n|-unboost|p1a: Lopunny|spd|1\n|\n|-heal|p2a: Garganacl|15\/100|[from] item: Leftovers\n|upkeep\n|turn|37\n|inactive|MIMIKYU\u4fa0zannnn has 120 seconds left.\n|\n|t:|1700138033\n|move|p1a: Lopunny|Close Combat|p2a: Garganacl\n|-supereffective|p2a: Garganacl\n|-damage|p2a: Garganacl|0 fnt\n|-unboost|p1a: Lopunny|def|1\n|-unboost|p1a: Lopunny|spd|1\n|faint|p2a: Garganacl\n|\n|upkeep\n|inactive|MIMIKYU\u4fa0zannnn has 120 seconds left.\n|\n|t:|1700138038\n|switch|p2a: Lopunny|Lopunny, F|100\/100\n|turn|38\n|\n|t:|1700138046\n|switch|p1a: Clodsire|Clodsire, F|86\/100\n|detailschange|p2a: Lopunny|Lopunny-Mega, F\n|-mega|p2a: Lopunny|Lopunny|Lopunnite\n|move|p2a: Lopunny|Close Combat|p1a: Clodsire\n|-resisted|p1a: Clodsire\n|-damage|p1a: Clodsire|48\/100\n|-unboost|p2a: Lopunny|def|1\n|-unboost|p2a: Lopunny|spd|1\n|\n|-heal|p1a: Clodsire|54\/100|[from] item: Black Sludge\n|upkeep\n|turn|39\n|inactive|MIMIKYU\u4fa0zannnn has 120 seconds left.\n|\n|t:|1700138069\n|move|p2a: Lopunny|Frustration|p1a: Clodsire\n|-damage|p1a: Clodsire|0 fnt\n|faint|p1a: Clodsire\n|\n|upkeep\n|\n|t:|1700138078\n|switch|p1a: Corviknight|Corviknight, M|44\/100\n|turn|40\n|inactive|MIMIKYU\u4fa0zannnn has 120 seconds left.\n|\n|t:|1700138089\n|switch|p2a: Hatterene|Hatterene, F, tera:Water|23\/100\n|move|p1a: Corviknight|Brave Bird|p2a: Hatterene\n|-damage|p2a: Hatterene|0 fnt\n|faint|p2a: Hatterene\n|-damage|p1a: Corviknight|38\/100|[from] Recoil\n|\n|-heal|p1a: Corviknight|45\/100|[from] item: Leftovers\n|upkeep\n|inactive|MIMIKYU\u4fa0zannnn has 120 seconds left.\n|\n|t:|1700138100\n|switch|p2a: Lopunny|Lopunny-Mega, F|100\/100\n|turn|41\n|\n|t:|1700138103\n|move|p2a: Lopunny|Fake Out|p1a: Corviknight\n|-resisted|p1a: Corviknight\n|-damage|p1a: Corviknight|38\/100\n|cant|p1a: Corviknight|flinch\n|\n|-heal|p1a: Corviknight|44\/100|[from] item: Leftovers\n|upkeep\n|turn|42\n|\n|t:|1700138107\n|move|p2a: Lopunny|Frustration|p1a: Corviknight\n|-resisted|p1a: Corviknight\n|-crit|p1a: Corviknight\n|-damage|p1a: Corviknight|18\/100\n|move|p1a: Corviknight|Brave Bird|p2a: Lopunny\n|-supereffective|p2a: Lopunny\n|-damage|p2a: Lopunny|0 fnt\n|faint|p2a: Lopunny\n|-damage|p1a: Corviknight|0 fnt|[from] Recoil\n|faint|p1a: Corviknight\n|\n|upkeep\n|\n|t:|1700138115\n|switch|p2a: Ditto|Ditto, shiny|100\/100\n|switch|p1a: Lopunny|Lopunny-Mega, M|60\/100 par\n|-transform|p2a: Ditto|p1a: Lopunny|[from] ability: Imposter\n|turn|43\n|\n|t:|1700138136\n|move|p2a: Ditto|Close Combat|p1a: Lopunny\n|-supereffective|p1a: Lopunny\n|-damage|p1a: Lopunny|0 fnt\n|-unboost|p2a: Ditto|def|1\n|-unboost|p2a: Ditto|spd|1\n|faint|p1a: Lopunny\n|\n|upkeep\n|\n|t:|1700138139\n|switch|p1a: Ceruledge|Ceruledge, F|100\/100\n|turn|44\n|\n|t:|1700138142\n|move|p1a: Ceruledge|Endure|p1a: Ceruledge\n|-singleturn|p1a: Ceruledge|move: Endure\n|move|p2a: Ditto|Close Combat|p1a: Ceruledge\n|-damage|p1a: Ceruledge|12\/100\n|-unboost|p2a: Ditto|def|1\n|-unboost|p2a: Ditto|spd|1\n|-ability|p1a: Ceruledge|Weak Armor|boost\n|-unboost|p1a: Ceruledge|def|1\n|-boost|p1a: Ceruledge|spe|2\n|\n|upkeep\n|turn|45\n|\n|t:|1700138151\n|move|p2a: Ditto|Close Combat|p1a: Ceruledge\n|-damage|p1a: Ceruledge|0 fnt\n|-unboost|p2a: Ditto|def|1\n|-unboost|p2a: Ditto|spd|1\n|faint|p1a: Ceruledge\n|\n|win|MIMIKYU\u4fa0zannnn\n|raw|asd4657's rating: 1341 &rarr; <strong>1320<\/strong><br \/>(-21 for losing)\n|raw|MIMIKYU\u4fa0zannnn's rating: 1330 &rarr; <strong>1351<\/strong><br \/>(+21 for winning)\n|c|\u2606MIMIKYU\u4fa0zannnn|\uff1f\n|l|\u2606asd4657\n","uploadtime":1700138185,"views":20,"p1id":"asd4657","p2id":"mimikyuzannnn","formatid":"gen9nationaldex","rating":1320,"private":0,"password":""}