{"id":"gen9nationaldex-1995986712","p1":"yuzhibo","p2":"zhendec","format":"[Gen 9] National Dex","log":"|html|<div class=\"broadcast-blue\"><strong>[Gen 9] National Dex is currently suspecting Sneasler! For information on how to participate check out the <a href=\"https:\/\/www.smogon.com\/forums\/threads\/sv-national-dex-suspect-8-just-dance.3731534\/\">suspect thread<\/a>.<\/strong><\/div>\n|j|\u2606yuzhibo\n|j|\u2606zhendec\n|t:|1700625645\n|gametype|singles\n|player|p1|yuzhibo|hilbert-wonderlauncher|\n|player|p2|zhendec|hilda|\n|teamsize|p1|6\n|teamsize|p2|6\n|gen|9\n|tier|[Gen 9] National Dex\n|rule|HP Percentage Mod: HP is shown in percentages\n|rule|Endless Battle Clause: Forcing endless battles is banned\n|rule|OHKO Clause: OHKO moves are banned\n|rule|Evasion Clause: Evasion abilities, items, and moves are banned\n|rule|Evasion Abilities Clause: Evasion abilities are banned\n|rule|Evasion Items Clause: Evasion items are banned\n|rule|Evasion Moves Clause: Evasion moves are banned\n|rule|Species Clause: Limit one of each Pok\u00e9mon\n|rule|Sleep Clause Mod: Limit one foe put to sleep\n|clearpoke\n|poke|p1|Weezing-Galar, F|\n|poke|p1|Alomomola, M|\n|poke|p1|Heatran, F|\n|poke|p1|Thundurus-Therian, M|\n|poke|p1|Kyurem|\n|poke|p1|Corviknight, M|\n|poke|p2|Azumarill, M|\n|poke|p2|Garganacl, M|\n|poke|p2|Banette, F|\n|poke|p2|Lanturn, F|\n|poke|p2|Hydreigon, F|\n|poke|p2|Clodsire, M|\n|teampreview\n|inactive|Battle timer is ON: inactive players will automatically lose when time's up. (requested by zhendec)\n|\n|t:|1700625673\n|start\n|switch|p1a: Thundurus|Thundurus-Therian, M, shiny|100\/100\n|switch|p2a: Azumarill|Azumarill, M|100\/100\n|turn|1\n|\n|t:|1700625683\n|switch|p2a: Lanturn|Lanturn, F|100\/100\n|move|p1a: Thundurus|Thunderbolt|p2a: Lanturn\n|-immune|p2a: Lanturn|[from] ability: Volt Absorb\n|\n|upkeep\n|turn|2\n|\n|t:|1700625697\n|switch|p1a: Weezing|Weezing-Galar, F|100\/100\n|-ability|p1a: Weezing|Neutralizing Gas\n|move|p2a: Lanturn|Toxic|p1a: Weezing\n|-immune|p1a: Weezing\n|\n|upkeep\n|turn|3\n|\n|t:|1700625707\n|move|p2a: Lanturn|Protect|p2a: Lanturn\n|-singleturn|p2a: Lanturn|Protect\n|move|p1a: Weezing|Toxic Spikes|p2a: Lanturn\n|-sidestart|p2: zhendec|move: Toxic Spikes\n|\n|upkeep\n|turn|4\n|\n|t:|1700625714\n|switch|p2a: Clodsire|Clodsire, M|100\/100\n|-sideend|p2: zhendec|move: Toxic Spikes|[of] p2a: Clodsire\n|move|p1a: Weezing|Toxic Spikes|p2a: Clodsire\n|-sidestart|p2: zhendec|move: Toxic Spikes\n|\n|upkeep\n|turn|5\n|\n|t:|1700625731\n|-end|p1a: Weezing|ability: Neutralizing Gas\n|switch|p1a: Alomomola|Alomomola, M, shiny|100\/100\n|move|p2a: Clodsire|Earthquake|p1a: Alomomola\n|-damage|p1a: Alomomola|85\/100\n|\n|upkeep\n|turn|6\n|\n|t:|1700625743\n|switch|p1a: Corviknight|Corviknight, M, shiny|100\/100\n|-ability|p1a: Corviknight|Pressure\n|switch|p2a: Garganacl|Garganacl, M|100\/100\n|\n|upkeep\n|turn|7\n|\n|t:|1700625753\n|move|p1a: Corviknight|U-turn|p2a: Garganacl\n|-damage|p2a: Garganacl|90\/100\n|\n|t:|1700625760\n|switch|p1a: Alomomola|Alomomola, M, shiny|100\/100|[from] U-turn\n|move|p2a: Garganacl|Salt Cure|p1a: Alomomola\n|-damage|p1a: Alomomola|93\/100\n|-start|p1a: Alomomola|Salt Cure\n|\n|-heal|p2a: Garganacl|96\/100|[from] item: Leftovers\n|-damage|p1a: Alomomola|68\/100|[from] Salt Cure\n|upkeep\n|turn|8\n|\n|t:|1700625776\n|switch|p1a: Heatran|Heatran, F|100\/100\n|switch|p2a: Clodsire|Clodsire, M|100\/100\n|-sideend|p2: zhendec|move: Toxic Spikes|[of] p2a: Clodsire\n|\n|upkeep\n|turn|9\n|\n|t:|1700625792\n|-terastallize|p1a: Heatran|Grass\n|move|p1a: Heatran|Magma Storm|p2a: Clodsire\n|-damage|p2a: Clodsire|76\/100\n|-activate|p2a: Clodsire|move: Magma Storm|[of] p1a: Heatran\n|move|p2a: Clodsire|Stealth Rock|p1a: Heatran\n|-sidestart|p1: yuzhibo|move: Stealth Rock\n|\n|-heal|p2a: Clodsire|82\/100|[from] item: Leftovers\n|-damage|p2a: Clodsire|70\/100|[from] move: Magma Storm|[partiallytrapped]\n|upkeep\n|turn|10\n|\n|t:|1700625807\n|move|p1a: Heatran|Earth Power|p2a: Clodsire\n|-supereffective|p2a: Clodsire\n|-damage|p2a: Clodsire|42\/100\n|move|p2a: Clodsire|Toxic|p1a: Heatran\n|-status|p1a: Heatran|tox\n|\n|-heal|p2a: Clodsire|48\/100|[from] item: Leftovers\n|-damage|p1a: Heatran|94\/100 tox|[from] psn\n|-damage|p2a: Clodsire|35\/100|[from] move: Magma Storm|[partiallytrapped]\n|upkeep\n|turn|11\n|\n|t:|1700625818\n|move|p1a: Heatran|Stealth Rock|p2a: Clodsire\n|-sidestart|p2: zhendec|move: Stealth Rock\n|move|p2a: Clodsire|Recover|p2a: Clodsire\n|-heal|p2a: Clodsire|85\/100\n|\n|-heal|p1a: Heatran|100\/100 tox|[from] item: Leftovers\n|-heal|p2a: Clodsire|92\/100|[from] item: Leftovers\n|-damage|p1a: Heatran|88\/100 tox|[from] psn\n|-damage|p2a: Clodsire|79\/100|[from] move: Magma Storm|[partiallytrapped]\n|upkeep\n|turn|12\n|\n|t:|1700625841\n|move|p1a: Heatran|Taunt|p2a: Clodsire\n|-start|p2a: Clodsire|move: Taunt\n|cant|p2a: Clodsire|move: Taunt|Toxic\n|\n|-heal|p1a: Heatran|94\/100 tox|[from] item: Leftovers\n|-heal|p2a: Clodsire|85\/100|[from] item: Leftovers\n|-damage|p1a: Heatran|75\/100 tox|[from] psn\n|-damage|p2a: Clodsire|73\/100|[from] move: Magma Storm|[partiallytrapped]\n|upkeep\n|turn|13\n|\n|t:|1700625856\n|switch|p1a: Alomomola|Alomomola, M, shiny|100\/100\n|-damage|p1a: Alomomola|88\/100|[from] Stealth Rock\n|move|p2a: Clodsire|Earthquake|p1a: Alomomola\n|-damage|p1a: Alomomola|74\/100\n|\n|-heal|p2a: Clodsire|79\/100|[from] item: Leftovers\n|-end|p2a: Clodsire|Magma Storm|[partiallytrapped]\n|upkeep\n|turn|14\n|\n|t:|1700625873\n|switch|p2a: Garganacl|Garganacl, M|96\/100\n|-damage|p2a: Garganacl|84\/100|[from] Stealth Rock\n|move|p1a: Alomomola|Wish|p1a: Alomomola\n|\n|-heal|p2a: Garganacl|90\/100|[from] item: Leftovers\n|upkeep\n|turn|15\n|\n|t:|1700625886\n|move|p1a: Alomomola|Flip Turn|p2a: Garganacl\n|-supereffective|p2a: Garganacl\n|-damage|p2a: Garganacl|68\/100\n|\n|t:|1700625895\n|switch|p1a: Heatran|Heatran, F, tera:Grass|75\/100 tox|[from] Flip Turn\n|-damage|p1a: Heatran|63\/100 tox|[from] Stealth Rock\n|move|p2a: Garganacl|Salt Cure|p1a: Heatran\n|-damage|p1a: Heatran|50\/100 tox\n|-start|p1a: Heatran|Salt Cure\n|\n|-heal|p1a: Heatran|100\/100 tox|[from] move: Wish|[wisher] Alomomola\n|-heal|p2a: Garganacl|74\/100|[from] item: Leftovers\n|-damage|p1a: Heatran|94\/100 tox|[from] psn\n|-damage|p1a: Heatran|82\/100 tox|[from] Salt Cure\n|upkeep\n|turn|16\n|inactive|zhendec has 270 seconds left.\n|inactive|yuzhibo has 270 seconds left.\n|\n|t:|1700625948\n|switch|p2a: Azumarill|Azumarill, M|100\/100\n|-damage|p2a: Azumarill|88\/100|[from] Stealth Rock\n|move|p1a: Heatran|Taunt|p2a: Azumarill\n|-start|p2a: Azumarill|move: Taunt\n|\n|-heal|p1a: Heatran|88\/100 tox|[from] item: Leftovers\n|-heal|p2a: Azumarill|94\/100|[from] item: Leftovers\n|-damage|p1a: Heatran|75\/100 tox|[from] psn\n|-damage|p1a: Heatran|63\/100 tox|[from] Salt Cure\n|upkeep\n|turn|17\n|inactive|yuzhibo has 270 seconds left.\n|inactive|zhendec has 240 seconds left.\n|\n|t:|1700625972\n|switch|p1a: Alomomola|Alomomola, M, shiny|100\/100\n|-damage|p1a: Alomomola|88\/100|[from] Stealth Rock\n|switch|p2a: Banette|Banette, F|100\/100\n|-damage|p2a: Banette|88\/100|[from] Stealth Rock\n|\n|upkeep\n|turn|18\n|inactive|zhendec has 240 seconds left.\n|inactive|yuzhibo has 270 seconds left.\n|\n|t:|1700625984\n|detailschange|p2a: Banette|Banette-Mega, F\n|-mega|p2a: Banette|Banette|Banettite\n|move|p2a: Banette|Taunt|p1a: Alomomola\n|-start|p1a: Alomomola|move: Taunt\n|cant|p1a: Alomomola|move: Taunt|Toxic\n|\n|upkeep\n|turn|19\n|\n|t:|1700625992\n|move|p2a: Banette|Knock Off|p1a: Alomomola\n|-damage|p1a: Alomomola|64\/100\n|-damage|p2a: Banette|72\/100|[from] item: Rocky Helmet|[of] p1a: Alomomola\n|-enditem|p1a: Alomomola|Rocky Helmet|[from] move: Knock Off|[of] p2a: Banette\n|move|p1a: Alomomola|Flip Turn|p2a: Banette\n|-damage|p2a: Banette|45\/100\n|inactive|yuzhibo has 270 seconds left.\n|\n|t:|1700626002\n|switch|p1a: Corviknight|Corviknight, M, shiny|100\/100|[from] Flip Turn\n|-damage|p1a: Corviknight|88\/100|[from] Stealth Rock\n|-ability|p1a: Corviknight|Pressure\n|\n|upkeep\n|turn|20\n|inactive|zhendec has 240 seconds left.\n|\n|t:|1700626028\n|switch|p2a: Azumarill|Azumarill, M|94\/100\n|-damage|p2a: Azumarill|82\/100|[from] Stealth Rock\n|move|p1a: Corviknight|U-turn|p2a: Azumarill\n|-resisted|p2a: Azumarill\n|-damage|p2a: Azumarill|77\/100\n|\n|t:|1700626035\n|switch|p1a: Kyurem|Kyurem, shiny|100\/100|[from] U-turn\n|-damage|p1a: Kyurem|76\/100|[from] Stealth Rock\n|-ability|p1a: Kyurem|Pressure\n|\n|-heal|p2a: Azumarill|83\/100|[from] item: Leftovers\n|upkeep\n|turn|21\n|inactive|zhendec has 240 seconds left.\n|\n|t:|1700626046\n|move|p1a: Kyurem|Freeze-Dry|p2a: Azumarill\n|-supereffective|p2a: Azumarill\n|-damage|p2a: Azumarill|26\/100\n|move|p2a: Azumarill|Encore|p1a: Kyurem\n|-start|p1a: Kyurem|Encore\n|\n|-heal|p2a: Azumarill|33\/100|[from] item: Leftovers\n|upkeep\n|turn|22\n|\n|t:|1700626055\n|move|p2a: Azumarill|Protect|p2a: Azumarill\n|-singleturn|p2a: Azumarill|Protect\n|move|p1a: Kyurem|Freeze-Dry|p2a: Azumarill\n|-activate|p2a: Azumarill|move: Protect\n|\n|-heal|p2a: Azumarill|39\/100|[from] item: Leftovers\n|upkeep\n|turn|23\n|inactive|zhendec has 240 seconds left.\n|\n|t:|1700626075\n|switch|p2a: Garganacl|Garganacl, M|74\/100\n|-damage|p2a: Garganacl|61\/100|[from] Stealth Rock\n|move|p1a: Kyurem|Freeze-Dry|p2a: Garganacl\n|-damage|p2a: Garganacl|40\/100\n|\n|-heal|p2a: Garganacl|47\/100|[from] item: Leftovers\n|upkeep\n|turn|24\n|inactive|zhendec has 240 seconds left.\n|\n|t:|1700626089\n|switch|p1a: Alomomola|Alomomola, M, shiny|97\/100\n|-damage|p1a: Alomomola|85\/100|[from] Stealth Rock\n|move|p2a: Garganacl|Recover|p2a: Garganacl\n|-heal|p2a: Garganacl|97\/100\n|\n|-heal|p2a: Garganacl|100\/100|[from] item: Leftovers\n|upkeep\n|turn|25\n|inactive|zhendec has 240 seconds left.\n|\n|t:|1700626108\n|move|p1a: Alomomola|Wish|p1a: Alomomola\n|move|p2a: Garganacl|Iron Defense|p2a: Garganacl\n|-boost|p2a: Garganacl|def|2\n|\n|upkeep\n|turn|26\n|inactive|zhendec has 240 seconds left.\n|\n|t:|1700626118\n|switch|p1a: Corviknight|Corviknight, M, shiny|88\/100\n|-damage|p1a: Corviknight|75\/100|[from] Stealth Rock\n|-ability|p1a: Corviknight|Pressure\n|move|p2a: Garganacl|Iron Defense|p2a: Garganacl\n|-boost|p2a: Garganacl|def|2\n|\n|-heal|p1a: Corviknight|100\/100|[from] move: Wish|[wisher] Alomomola\n|upkeep\n|turn|27\n|inactive|zhendec has 240 seconds left.\n|\n|t:|1700626129\n|move|p1a: Corviknight|Iron Defense|p1a: Corviknight\n|-boost|p1a: Corviknight|def|2\n|move|p2a: Garganacl|Salt Cure|p1a: Corviknight\n|-damage|p1a: Corviknight|96\/100\n|-start|p1a: Corviknight|Salt Cure\n|\n|-damage|p1a: Corviknight|71\/100|[from] Salt Cure\n|upkeep\n|turn|28\n|inactive|zhendec has 240 seconds left.\n|\n|t:|1700626141\n|move|p1a: Corviknight|Roost|p1a: Corviknight\n|-heal|p1a: Corviknight|100\/100\n|-singleturn|p1a: Corviknight|move: Roost\n|move|p2a: Garganacl|Iron Defense|p2a: Garganacl\n|-boost|p2a: Garganacl|def|2\n|\n|-damage|p1a: Corviknight|75\/100|[from] Salt Cure\n|upkeep\n|turn|29\n|inactive|zhendec has 240 seconds left.\n|\n|t:|1700626151\n|move|p1a: Corviknight|Iron Defense|p1a: Corviknight\n|-boost|p1a: Corviknight|def|2\n|move|p2a: Garganacl|Body Press|p1a: Corviknight\n|-damage|p1a: Corviknight|56\/100\n|-damage|p2a: Garganacl|84\/100|[from] item: Rocky Helmet|[of] p1a: Corviknight\n|\n|-heal|p2a: Garganacl|90\/100|[from] item: Leftovers\n|-damage|p1a: Corviknight|31\/100|[from] Salt Cure\n|upkeep\n|turn|30\n|inactive|zhendec has 240 seconds left.\n|\n|t:|1700626167\n|-terastallize|p2a: Garganacl|Ghost\n|move|p1a: Corviknight|Body Press|p2a: Garganacl\n|-immune|p2a: Garganacl\n|move|p2a: Garganacl|Salt Cure|p1a: Corviknight\n|-damage|p1a: Corviknight|29\/100\n|\n|-heal|p2a: Garganacl|96\/100|[from] item: Leftovers\n|-damage|p1a: Corviknight|4\/100|[from] Salt Cure\n|upkeep\n|turn|31\n|inactive|zhendec has 240 seconds left.\n|\n|t:|1700626180\n|move|p1a: Corviknight|Roost|p1a: Corviknight\n|-heal|p1a: Corviknight|54\/100\n|-singleturn|p1a: Corviknight|move: Roost\n|move|p2a: Garganacl|Body Press|p1a: Corviknight\n|-supereffective|p1a: Corviknight\n|-crit|p1a: Corviknight\n|-damage|p1a: Corviknight|0 fnt\n|-damage|p2a: Garganacl|80\/100|[from] item: Rocky Helmet|[of] p1a: Corviknight\n|faint|p1a: Corviknight\n|\n|-heal|p2a: Garganacl|86\/100|[from] item: Leftovers\n|upkeep\n|\n|t:|1700626195\n|switch|p1a: Heatran|Heatran, F, tera:Grass|63\/100 tox\n|-damage|p1a: Heatran|50\/100 tox|[from] Stealth Rock\n|turn|32\n|inactive|zhendec has 240 seconds left.\n|\n|t:|1700626211\n|move|p1a: Heatran|Magma Storm|p2a: Garganacl\n|-damage|p2a: Garganacl|52\/100\n|-activate|p2a: Garganacl|move: Magma Storm|[of] p1a: Heatran\n|move|p2a: Garganacl|Body Press|p1a: Heatran\n|-damage|p1a: Heatran|0 fnt\n|faint|p1a: Heatran\n|\n|-heal|p2a: Garganacl|58\/100|[from] item: Leftovers\n|-end|p2a: Garganacl|Magma Storm|[partiallytrapped]|[silent]\n|upkeep\n|\n|t:|1700626221\n|switch|p1a: Thundurus|Thundurus-Therian, M, shiny|100\/100\n|-damage|p1a: Thundurus|75\/100|[from] Stealth Rock\n|turn|33\n|\n|t:|1700626229\n|move|p1a: Thundurus|Thunderbolt|p2a: Garganacl\n|-damage|p2a: Garganacl|25\/100\n|move|p2a: Garganacl|Recover|p2a: Garganacl\n|-heal|p2a: Garganacl|75\/100\n|\n|-heal|p2a: Garganacl|82\/100|[from] item: Leftovers\n|upkeep\n|turn|34\n|-message|yuzhibo forfeited.\n|\n|win|zhendec\n|l|\u2606yuzhibo\n","uploadtime":1700626245,"views":11,"p1id":"yuzhibo","p2id":"zhendec","formatid":"gen9nationaldex","rating":0,"private":0,"password":""}