{"id":"gen9nationaldex-1988286660","p1":"Hi I Am Red Dead 2","p2":"Zabanya-Z","format":"[Gen 9] National Dex","log":"|j|\u2606Hi I Am Red Dead 2\n|j|\u203dZabanya-Z\n|t:|1699701949\n|gametype|singles\n|player|p1|Hi I Am Red Dead 2|red|1383\n|player|p2|Zabanya-Z|proton|1482\n|teamsize|p1|6\n|teamsize|p2|6\n|gen|9\n|tier|[Gen 9] National Dex\n|rated|\n|rule|HP Percentage Mod: HP is shown in percentages\n|rule|Endless Battle Clause: Forcing endless battles is banned\n|rule|OHKO Clause: OHKO moves are banned\n|rule|Evasion Clause: Evasion abilities, items, and moves are banned\n|rule|Evasion Abilities Clause: Evasion abilities are banned\n|rule|Evasion Items Clause: Evasion items are banned\n|rule|Evasion Moves Clause: Evasion moves are banned\n|rule|Species Clause: Limit one of each Pok\u00e9mon\n|rule|Sleep Clause Mod: Limit one foe put to sleep\n|clearpoke\n|poke|p1|Aggron, F|\n|poke|p1|Blissey, F|\n|poke|p1|Clefable, F|\n|poke|p1|Buzzwole|\n|poke|p1|Zapdos|\n|poke|p1|Greninja-*, M|\n|poke|p2|Ursaluna, F|\n|poke|p2|Mimikyu, M|\n|poke|p2|Cresselia, F|\n|poke|p2|Enamorus-Therian, F|\n|poke|p2|Hatterene, F|\n|poke|p2|Hoopa-Unbound|\n|teampreview\n|inactive|Battle timer is ON: inactive players will automatically lose when time's up. (requested by Zabanya-Z)\n|\n|t:|1699701957\n|start\n|switch|p1a: Aggron|Aggron, F|100\/100\n|switch|p2a: Hatterene|Hatterene, F, shiny|100\/100\n|turn|1\n|\n|t:|1699701964\n|detailschange|p1a: Aggron|Aggron-Mega, F\n|-mega|p1a: Aggron|Aggron|Aggronite\n|move|p1a: Aggron|Heavy Slam|p2a: Hatterene\n|-supereffective|p2a: Hatterene\n|-enditem|p2a: Hatterene|Focus Sash\n|-damage|p2a: Hatterene|1\/100\n|move|p2a: Hatterene|Trick Room|p2a: Hatterene\n|-fieldstart|move: Trick Room|[of] p2a: Hatterene\n|\n|upkeep\n|turn|2\n|\n|t:|1699701974\n|move|p2a: Hatterene|Healing Wish|p2a: Hatterene\n|faint|p2a: Hatterene\n|move|p1a: Aggron|Heavy Slam|p2: Hatterene|[notarget]\n|-fail|p1a: Aggron\n|\n|upkeep\n|\n|t:|1699701976\n|switch|p2a: Ursaluna|Ursaluna, F, shiny|100\/100\n|turn|3\n|\n|t:|1699701986\n|switch|p1a: Buzzwole|Buzzwole|100\/100\n|move|p2a: Ursaluna|Swords Dance|p2a: Ursaluna\n|-boost|p2a: Ursaluna|atk|2\n|\n|-status|p2a: Ursaluna|brn|[from] item: Flame Orb\n|upkeep\n|turn|4\n|\n|t:|1699701998\n|move|p2a: Ursaluna|Fire Punch|p1a: Buzzwole\n|-supereffective|p1a: Buzzwole\n|-damage|p1a: Buzzwole|18\/100\n|move|p1a: Buzzwole|Hammer Arm|p2a: Ursaluna\n|-supereffective|p2a: Ursaluna\n|-damage|p2a: Ursaluna|36\/100 brn\n|-unboost|p1a: Buzzwole|spe|1\n|\n|-damage|p2a: Ursaluna|30\/100 brn|[from] brn\n|upkeep\n|turn|5\n|\n|t:|1699702019\n|move|p2a: Ursaluna|Facade|p1a: Buzzwole\n|-damage|p1a: Buzzwole|0 fnt\n|faint|p1a: Buzzwole\n|\n|-damage|p2a: Ursaluna|24\/100 brn|[from] brn\n|-fieldend|move: Trick Room\n|upkeep\n|\n|t:|1699702030\n|switch|p1a: Aggron|Aggron-Mega, F|100\/100\n|turn|6\n|\n|t:|1699702039\n|switch|p2a: Mimikyu|Mimikyu, M, shiny|100\/100\n|move|p1a: Aggron|Heavy Slam|p2a: Mimikyu\n|-activate|p2a: Mimikyu|ability: Disguise\n|-damage|p2a: Mimikyu|100\/100\n|detailschange|p2a: Mimikyu|Mimikyu-Busted, M, shiny\n|-damage|p2a: Mimikyu|88\/100|[from] pokemon: Mimikyu-Busted\n|-enditem|p2a: Mimikyu|Red Card|[of] p1a: Aggron\n|drag|p1a: Greninja|Greninja, M|100\/100\n|\n|upkeep\n|turn|7\n|\n|t:|1699702063\n|switch|p1a: Aggron|Aggron-Mega, F|100\/100\n|switch|p2a: Cresselia|Cresselia, F, shiny|100\/100\n|\n|upkeep\n|turn|8\n|\n|t:|1699702072\n|move|p1a: Aggron|Heavy Slam|p2a: Cresselia\n|-damage|p2a: Cresselia|69\/100\n|move|p2a: Cresselia|Trick Room|p2a: Cresselia\n|-fieldstart|move: Trick Room|[of] p2a: Cresselia\n|\n|upkeep\n|turn|9\n|\n|t:|1699702078\n|switch|p2a: Ursaluna|Ursaluna, F, shiny|24\/100 brn\n|-heal|p2a: Ursaluna|100\/100|[from] move: Healing Wish\n|move|p1a: Aggron|Heavy Slam|p2a: Ursaluna\n|-damage|p2a: Ursaluna|83\/100\n|\n|-status|p2a: Ursaluna|brn|[from] item: Flame Orb\n|upkeep\n|turn|10\n|inactive|Hi I Am Red Dead 2 has 120 seconds left.\n|\n|t:|1699702106\n|move|p2a: Ursaluna|Facade|p1a: Aggron\n|-resisted|p1a: Aggron\n|-crit|p1a: Aggron\n|-damage|p1a: Aggron|56\/100\n|move|p1a: Aggron|Ice Punch|p2a: Ursaluna\n|-supereffective|p2a: Ursaluna\n|-damage|p2a: Ursaluna|40\/100 brn\n|\n|-damage|p2a: Ursaluna|34\/100 brn|[from] brn\n|upkeep\n|turn|11\n|inactive|Hi I Am Red Dead 2 has 120 seconds left.\n|\n|t:|1699702117\n|move|p1a: Aggron|Protect|p1a: Aggron\n|-singleturn|p1a: Aggron|Protect\n|move|p2a: Ursaluna|Headlong Rush|p1a: Aggron\n|-activate|p1a: Aggron|move: Protect\n|\n|-damage|p2a: Ursaluna|28\/100 brn|[from] brn\n|upkeep\n|turn|12\n|\n|t:|1699702126\n|switch|p1a: Zapdos|Zapdos|100\/100\n|move|p2a: Ursaluna|Facade|p1a: Zapdos\n|-damage|p1a: Zapdos|15\/100\n|\n|-damage|p2a: Ursaluna|22\/100 brn|[from] brn\n|-fieldend|move: Trick Room\n|upkeep\n|turn|13\n|\n|t:|1699702135\n|switch|p2a: Hoopa|Hoopa-Unbound|100\/100\n|move|p1a: Zapdos|Roost|p1a: Zapdos\n|-heal|p1a: Zapdos|65\/100\n|-singleturn|p1a: Zapdos|move: Roost\n|\n|upkeep\n|turn|14\n|\n|t:|1699702146\n|switch|p1a: Clefable|Clefable, F|100\/100\n|move|p2a: Hoopa|Trick Room|p2a: Hoopa\n|-fieldstart|move: Trick Room|[of] p2a: Hoopa\n|\n|upkeep\n|turn|15\n|\n|t:|1699702155\n|move|p2a: Hoopa|Hyperspace Fury|p1a: Clefable\n|-resisted|p1a: Clefable\n|-damage|p1a: Clefable|74\/100\n|-unboost|p2a: Hoopa|def|1\n|-enditem|p2a: Hoopa|Eject Pack\n|\n|t:|1699702159\n|switch|p2a: Ursaluna|Ursaluna, F, shiny|22\/100 brn\n|move|p1a: Clefable|Toxic||[still]\n|-fail|p1a: Clefable\n|\n|-heal|p1a: Clefable|80\/100|[from] item: Leftovers\n|-damage|p2a: Ursaluna|16\/100 brn|[from] brn\n|upkeep\n|turn|16\n|\n|t:|1699702170\n|move|p1a: Clefable|Protect|p1a: Clefable\n|-singleturn|p1a: Clefable|Protect\n|move|p2a: Ursaluna|Facade|p1a: Clefable\n|-activate|p1a: Clefable|move: Protect\n|\n|-heal|p1a: Clefable|86\/100|[from] item: Leftovers\n|-damage|p2a: Ursaluna|10\/100 brn|[from] brn\n|upkeep\n|turn|17\n|\n|t:|1699702180\n|move|p2a: Ursaluna|Facade|p1a: Clefable\n|-damage|p1a: Clefable|0 fnt\n|faint|p1a: Clefable\n|\n|-damage|p2a: Ursaluna|4\/100 brn|[from] brn\n|upkeep\n|\n|t:|1699702188\n|switch|p1a: Aggron|Aggron-Mega, F|56\/100\n|turn|18\n|\n|t:|1699702196\n|switch|p2a: Mimikyu|Mimikyu-Busted, M, shiny|88\/100\n|move|p1a: Aggron|Protect||[still]\n|-fail|p1a: Aggron\n|\n|-fieldend|move: Trick Room\n|upkeep\n|turn|19\n|\n|t:|1699702203\n|move|p1a: Aggron|Heavy Slam|p2a: Mimikyu\n|-supereffective|p2a: Mimikyu\n|-crit|p2a: Mimikyu\n|-damage|p2a: Mimikyu|0 fnt\n|faint|p2a: Mimikyu\n|\n|upkeep\n|\n|t:|1699702218\n|switch|p2a: Hoopa|Hoopa-Unbound|100\/100\n|turn|20\n|\n|t:|1699702223\n|move|p1a: Aggron|Protect|p1a: Aggron\n|-singleturn|p1a: Aggron|Protect\n|move|p2a: Hoopa|Trick Room|p2a: Hoopa\n|-fieldstart|move: Trick Room|[of] p2a: Hoopa\n|\n|upkeep\n|turn|21\n|\n|t:|1699702233\n|move|p1a: Aggron|Heavy Slam|p2a: Hoopa\n|-damage|p2a: Hoopa|65\/100\n|move|p2a: Hoopa|Drain Punch|p1a: Aggron\n|-supereffective|p1a: Aggron\n|-damage|p1a: Aggron|34\/100\n|-heal|p2a: Hoopa|75\/100|[from] drain|[of] p1a: Aggron\n|\n|upkeep\n|turn|22\n|\n|t:|1699702242\n|switch|p1a: Zapdos|Zapdos|65\/100\n|move|p2a: Hoopa|Drain Punch|p1a: Zapdos\n|-resisted|p1a: Zapdos\n|-damage|p1a: Zapdos|53\/100\n|-heal|p2a: Hoopa|82\/100|[from] drain|[of] p1a: Zapdos\n|-item|p2a: Hoopa|Heavy-Duty Boots|[from] ability: Magician|[of] p1a: Zapdos\n|\n|upkeep\n|turn|23\n|\n|t:|1699702256\n|move|p2a: Hoopa|Psychic|p1a: Zapdos\n|-damage|p1a: Zapdos|6\/100\n|move|p1a: Zapdos|Roost|p1a: Zapdos\n|-heal|p1a: Zapdos|56\/100\n|-singleturn|p1a: Zapdos|move: Roost\n|\n|upkeep\n|turn|24\n|l|\u203dZabanya-Z\n|inactive|Zabanya-Z disconnected and has a minute to reconnect!\n|player|p2|\n|j|\u203dZabanya-Z\n|inactive|Zabanya-Z reconnected and has 130 seconds left.\n|player|p2|Zabanya-Z|proton\n|l|\u203dZabanya-Z\n|inactive|Zabanya-Z disconnected and has a minute to reconnect!\n|player|p2|\n|j|\u203dZabanya-Z\n|inactive|Zabanya-Z reconnected and has 125 seconds left.\n|player|p2|Zabanya-Z|proton\n|inactive|Zabanya-Z has 120 seconds left.\n|\n|t:|1699702287\n|move|p2a: Hoopa|Psychic|p1a: Zapdos\n|-damage|p1a: Zapdos|11\/100\n|move|p1a: Zapdos|Roost|p1a: Zapdos\n|-heal|p1a: Zapdos|61\/100\n|-singleturn|p1a: Zapdos|move: Roost\n|\n|-fieldend|move: Trick Room\n|upkeep\n|turn|25\n|inactive|Zabanya-Z has 120 seconds left.\n|\n|t:|1699702299\n|switch|p1a: Greninja|Greninja, M|100\/100\n|move|p2a: Hoopa|Psychic|p1a: Greninja\n|-immune|p1a: Greninja\n|\n|upkeep\n|turn|26\n|\n|t:|1699702311\n|move|p1a: Greninja|Gunk Shot|p2a: Hoopa\n|-start|p1a: Greninja|typechange|Poison|[from] ability: Protean\n|-damage|p2a: Hoopa|5\/100\n|-status|p2a: Hoopa|psn\n|move|p2a: Hoopa|Drain Punch|p1a: Greninja\n|-resisted|p1a: Greninja\n|-damage|p1a: Greninja|69\/100\n|-heal|p2a: Hoopa|17\/100 psn|[from] drain|[of] p1a: Greninja\n|\n|-damage|p2a: Hoopa|5\/100 psn|[from] psn\n|upkeep\n|turn|27\n|\n|t:|1699702327\n|move|p1a: Greninja|Ice Beam|p2a: Hoopa\n|-damage|p2a: Hoopa|0 fnt\n|faint|p2a: Hoopa\n|\n|upkeep\n|\n|t:|1699702331\n|switch|p2a: Cresselia|Cresselia, F, shiny|69\/100\n|turn|28\n|\n|t:|1699702335\n|switch|p1a: Blissey|Blissey, F|100\/100\n|move|p2a: Cresselia|Trick Room|p2a: Cresselia\n|-fieldstart|move: Trick Room|[of] p2a: Cresselia\n|\n|upkeep\n|turn|29\n|\n|t:|1699702348\n|move|p1a: Blissey|Wish|p1a: Blissey\n|move|p2a: Cresselia|Lunar Dance|p2a: Cresselia\n|faint|p2a: Cresselia\n|\n|upkeep\n|\n|t:|1699702350\n|switch|p2a: Ursaluna|Ursaluna, F, shiny|4\/100 brn\n|-heal|p2a: Ursaluna|100\/100|[from] move: Lunar Dance\n|turn|30\n|\n|t:|1699702373\n|move|p2a: Ursaluna|Swords Dance|p2a: Ursaluna\n|-boost|p2a: Ursaluna|atk|2\n|move|p1a: Blissey|Stealth Rock|p2a: Ursaluna\n|-sidestart|p2: Zabanya-Z|move: Stealth Rock\n|\n|-status|p2a: Ursaluna|brn|[from] item: Flame Orb\n|upkeep\n|turn|31\n|\n|t:|1699702388\n|move|p2a: Ursaluna|Facade|p1a: Blissey\n|-damage|p1a: Blissey|0 fnt\n|faint|p1a: Blissey\n|\n|-damage|p2a: Ursaluna|94\/100 brn|[from] brn\n|upkeep\n|\n|t:|1699702395\n|switch|p1a: Aggron|Aggron-Mega, F|34\/100\n|turn|32\n|\n|t:|1699702418\n|move|p1a: Aggron|Protect|p1a: Aggron\n|-singleturn|p1a: Aggron|Protect\n|move|p2a: Ursaluna|Facade|p1a: Aggron\n|-activate|p1a: Aggron|move: Protect\n|\n|-damage|p2a: Ursaluna|88\/100 brn|[from] brn\n|-fieldend|move: Trick Room\n|upkeep\n|turn|33\n|\n|t:|1699702428\n|move|p1a: Aggron|Ice Punch|p2a: Ursaluna\n|-supereffective|p2a: Ursaluna\n|-damage|p2a: Ursaluna|45\/100 brn\n|move|p2a: Ursaluna|Facade|p1a: Aggron\n|-resisted|p1a: Aggron\n|-damage|p1a: Aggron|0 fnt\n|faint|p1a: Aggron\n|\n|-damage|p2a: Ursaluna|39\/100 brn|[from] brn\n|upkeep\n|\n|t:|1699702440\n|switch|p1a: Greninja|Greninja, M|69\/100\n|turn|34\n|\n|t:|1699702444\n|-terastallize|p2a: Ursaluna|Normal\n|move|p1a: Greninja|Ice Beam|p2a: Ursaluna\n|-start|p1a: Greninja|typechange|Ice|[from] ability: Protean\n|-damage|p2a: Ursaluna|9\/100 brn\n|move|p2a: Ursaluna|Facade|p1a: Greninja\n|-damage|p1a: Greninja|0 fnt\n|faint|p1a: Greninja\n|\n|-damage|p2a: Ursaluna|3\/100 brn|[from] brn\n|upkeep\n|\n|t:|1699702458\n|switch|p1a: Zapdos|Zapdos|61\/100\n|turn|35\n|inactive|Zabanya-Z has 120 seconds left.\n|\n|t:|1699702490\n|move|p1a: Zapdos|Discharge|p2a: Ursaluna\n|-damage|p2a: Ursaluna|0 fnt\n|faint|p2a: Ursaluna\n|\n|upkeep\n|\n|t:|1699702493\n|switch|p2a: Enamorus|Enamorus-Therian, F, shiny|100\/100\n|-damage|p2a: Enamorus|76\/100|[from] Stealth Rock\n|turn|36\n|\n|t:|1699702499\n|move|p1a: Zapdos|Discharge|p2a: Enamorus\n|-supereffective|p2a: Enamorus\n|-damage|p2a: Enamorus|10\/100\n|move|p2a: Enamorus|Moonblast|p1a: Zapdos\n|-damage|p1a: Zapdos|0 fnt\n|faint|p1a: Zapdos\n|\n|win|Zabanya-Z\n|raw|Hi I Am Red Dead 2's rating: 1383 &rarr; <strong>1369<\/strong><br \/>(-14 for losing)\n|raw|Zabanya-Z's rating: 1482 &rarr; <strong>1496<\/strong><br \/>(+14 for winning)\n|l|\u2606Hi I Am Red Dead 2\n","uploadtime":1699702533,"views":4,"p1id":"hiiamreddead2","p2id":"zabanyaz","formatid":"gen9nationaldex","rating":1369,"private":0,"password":""}