{"id":"gen9nationaldex-1988026208","p1":"Turtle1stthebest","p2":"Blyssy","format":"[Gen 9] National Dex","log":"|j|\u2606Turtle1stthebest\n|j|\u2606Blyssy\n|t:|1699660632\n|gametype|singles\n|player|p1|Turtle1stthebest|guzma|\n|player|p2|Blyssy|kris-gen2|\n|teamsize|p1|6\n|teamsize|p2|6\n|gen|9\n|tier|[Gen 9] National Dex\n|rule|HP Percentage Mod: HP is shown in percentages\n|rule|Endless Battle Clause: Forcing endless battles is banned\n|rule|OHKO Clause: OHKO moves are banned\n|rule|Evasion Clause: Evasion abilities, items, and moves are banned\n|rule|Evasion Abilities Clause: Evasion abilities are banned\n|rule|Evasion Items Clause: Evasion items are banned\n|rule|Evasion Moves Clause: Evasion moves are banned\n|rule|Species Clause: Limit one of each Pok\u00e9mon\n|rule|Sleep Clause Mod: Limit one foe put to sleep\n|clearpoke\n|poke|p1|Volcanion|\n|poke|p1|Tapu Lele|\n|poke|p1|Ting-Lu|\n|poke|p1|Zamazenta-*|\n|poke|p1|Sceptile, F|\n|poke|p1|Celesteela|\n|poke|p2|Cinderace, M|\n|poke|p2|Toxapex, M|\n|poke|p2|Dondozo, M|\n|poke|p2|Hydreigon, F|\n|poke|p2|Great Tusk|\n|poke|p2|Scream Tail|\n|teampreview\n|\n|t:|1699660669\n|start\n|switch|p1a: Tapu Lele|Tapu Lele, shiny|100\/100\n|switch|p2a: Chisy|Scream Tail|100\/100\n|-fieldstart|move: Psychic Terrain|[from] ability: Psychic Surge|[of] p1a: Tapu Lele\n|turn|1\n|c|\u2606Turtle1stthebest|this mon fell off\n|c|\u2606Blyssy|real\n|\n|t:|1699660698\n|switch|p1a: Celesteela|Celesteela, shiny|100\/100\n|move|p2a: Chisy|Wish|p2a: Chisy\n|\n|upkeep\n|turn|2\n|\n|t:|1699660706\n|move|p2a: Chisy|Protect|p2a: Chisy\n|-singleturn|p2a: Chisy|Protect\n|move|p1a: Celesteela|Leech Seed|p2a: Chisy\n|-activate|p2a: Chisy|move: Protect\n|\n|upkeep\n|turn|3\n|\n|t:|1699660711\n|move|p2a: Chisy|Encore|p1a: Celesteela\n|-start|p1a: Celesteela|Encore\n|move|p1a: Celesteela|Leech Seed|p2a: Chisy\n|-start|p2a: Chisy|move: Leech Seed\n|\n|-damage|p2a: Chisy|88\/100|[from] Leech Seed|[of] p1a: Celesteela\n|upkeep\n|turn|4\n|\n|t:|1699660722\n|switch|p1a: Volcanion|Volcanion|100\/100\n|move|p2a: Chisy|Wish|p2a: Chisy\n|\n|-heal|p2a: Chisy|94\/100|[from] item: Leftovers\n|-damage|p2a: Chisy|82\/100|[from] Leech Seed|[of] p1a: Volcanion\n|upkeep\n|turn|5\n|\n|t:|1699660731\n|-end|p2a: Chisy|Protosynthesis|[silent]\n|switch|p2a: Toxapex|Toxapex, M|100\/100\n|move|p1a: Volcanion|Steam Eruption|p2a: Toxapex\n|-resisted|p2a: Toxapex\n|-damage|p2a: Toxapex|83\/100\n|-status|p2a: Toxapex|brn\n|\n|-heal|p2a: Toxapex|100\/100 brn|[from] move: Wish|[wisher] Chisy\n|-damage|p2a: Toxapex|95\/100 brn|[from] brn\n|-fieldend|move: Psychic Terrain\n|upkeep\n|turn|6\n|\n|t:|1699660743\n|move|p1a: Volcanion|Earth Power|p2a: Toxapex\n|-supereffective|p2a: Toxapex\n|-damage|p2a: Toxapex|56\/100 brn\n|move|p2a: Toxapex|Infestation|p1a: Volcanion\n|-resisted|p1a: Volcanion\n|-damage|p1a: Volcanion|98\/100\n|-activate|p1a: Volcanion|move: Infestation|[of] p2a: Toxapex\n|\n|-damage|p2a: Toxapex|50\/100 brn|[from] brn\n|-damage|p1a: Volcanion|86\/100|[from] move: Infestation|[partiallytrapped]\n|upkeep\n|turn|7\n|\n|t:|1699660760\n|switch|p2a: Taky|Hydreigon, F|100\/100\n|move|p1a: Volcanion|Earth Power|p2a: Taky\n|-immune|p2a: Taky|[from] ability: Levitate\n|\n|-end|p1a: Volcanion|Infestation|[partiallytrapped]|[silent]\n|upkeep\n|turn|8\n|\n|t:|1699660777\n|switch|p1a: Tapu Lele|Tapu Lele, shiny|100\/100\n|-fieldstart|move: Psychic Terrain|[from] ability: Psychic Surge|[of] p1a: Tapu Lele\n|move|p2a: Taky|Substitute|p2a: Taky\n|-start|p2a: Taky|Substitute\n|-damage|p2a: Taky|76\/100\n|\n|-heal|p2a: Taky|82\/100|[from] item: Leftovers\n|upkeep\n|turn|9\n|\n|t:|1699660798\n|switch|p2a: Chisy|Scream Tail|82\/100\n|move|p1a: Tapu Lele|Moonblast|p2a: Chisy\n|-damage|p2a: Chisy|53\/100\n|\n|-heal|p2a: Chisy|59\/100|[from] item: Leftovers\n|upkeep\n|turn|10\n|\n|t:|1699660807\n|switch|p1a: Volcanion|Volcanion|86\/100\n|move|p2a: Chisy|Wish|p2a: Chisy\n|\n|-heal|p2a: Chisy|66\/100|[from] item: Leftovers\n|upkeep\n|turn|11\n|\n|t:|1699660820\n|move|p2a: Chisy|Protect|p2a: Chisy\n|-singleturn|p2a: Chisy|Protect\n|move|p1a: Volcanion|Fire Blast|p2a: Chisy\n|-activate|p2a: Chisy|move: Protect\n|\n|-heal|p2a: Chisy|100\/100|[from] move: Wish|[wisher] Chisy\n|upkeep\n|turn|12\n|\n|t:|1699660830\n|-end|p2a: Chisy|Protosynthesis|[silent]\n|switch|p2a: Toxapex|Toxapex, M|84\/100 brn\n|move|p1a: Volcanion|Fire Blast|p2a: Toxapex\n|-resisted|p2a: Toxapex\n|-damage|p2a: Toxapex|66\/100 brn\n|\n|-damage|p2a: Toxapex|60\/100 brn|[from] brn\n|-fieldend|move: Psychic Terrain\n|upkeep\n|turn|13\n|\n|t:|1699660843\n|switch|p2a: Cinderace|Cinderace, M|100\/100\n|move|p1a: Volcanion|Earth Power|p2a: Cinderace\n|-supereffective|p2a: Cinderace\n|-crit|p2a: Cinderace\n|-damage|p2a: Cinderace|0 fnt\n|faint|p2a: Cinderace\n|\n|upkeep\n|c|\u2606Blyssy|ok\n|\n|t:|1699660858\n|switch|p2a: Taky|Hydreigon, F|82\/100\n|turn|14\n|c|\u2606Turtle1stthebest|crit volt switch\n|\n|t:|1699660865\n|switch|p1a: Ting-Lu|Ting-Lu|100\/100\n|-ability|p1a: Ting-Lu|Vessel of Ruin\n|move|p2a: Taky|Earth Power|p1a: Ting-Lu\n|-damage|p1a: Ting-Lu|85\/100\n|\n|-heal|p2a: Taky|88\/100|[from] item: Leftovers\n|-heal|p1a: Ting-Lu|92\/100|[from] item: Leftovers\n|upkeep\n|turn|15\n|\n|t:|1699660877\n|switch|p2a: Great Tusk|Great Tusk|100\/100\n|move|p1a: Ting-Lu|Stealth Rock|p2a: Great Tusk\n|-sidestart|p2: Blyssy|move: Stealth Rock\n|\n|-heal|p1a: Ting-Lu|98\/100|[from] item: Leftovers\n|upkeep\n|turn|16\n|\n|t:|1699660886\n|move|p2a: Great Tusk|Rapid Spin|p1a: Ting-Lu\n|-damage|p1a: Ting-Lu|90\/100\n|-boost|p2a: Great Tusk|spe|1\n|-sideend|p2: Blyssy|Stealth Rock|[from] move: Rapid Spin|[of] p2a: Great Tusk\n|move|p1a: Ting-Lu|Whirlwind|p2a: Great Tusk\n|-end|p2a: Great Tusk|Protosynthesis|[silent]\n|drag|p2a: Chisy|Scream Tail|100\/100\n|\n|-heal|p1a: Ting-Lu|97\/100|[from] item: Leftovers\n|upkeep\n|turn|17\n|\n|t:|1699660897\n|-end|p2a: Chisy|Protosynthesis|[silent]\n|switch|p2a: Taky|Hydreigon, F|88\/100\n|move|p1a: Ting-Lu|Stealth Rock|p2a: Taky\n|-sidestart|p2: Blyssy|move: Stealth Rock\n|\n|-heal|p2a: Taky|94\/100|[from] item: Leftovers\n|-heal|p1a: Ting-Lu|100\/100|[from] item: Leftovers\n|upkeep\n|turn|18\n|\n|t:|1699660904\n|move|p2a: Taky|Substitute|p2a: Taky\n|-start|p2a: Taky|Substitute\n|-damage|p2a: Taky|69\/100\n|move|p1a: Ting-Lu|Ruination|p2a: Taky\n|-end|p2a: Taky|Substitute\n|\n|-heal|p2a: Taky|75\/100|[from] item: Leftovers\n|upkeep\n|turn|19\n|\n|t:|1699660918\n|switch|p2a: Great Tusk|Great Tusk|100\/100\n|-damage|p2a: Great Tusk|98\/100|[from] Stealth Rock\n|move|p1a: Ting-Lu|Ruination|p2a: Great Tusk\n|-damage|p2a: Great Tusk|49\/100\n|\n|upkeep\n|turn|20\n|\n|t:|1699660930\n|move|p2a: Great Tusk|Rapid Spin|p1a: Ting-Lu\n|-damage|p1a: Ting-Lu|92\/100\n|-boost|p2a: Great Tusk|spe|1\n|-sideend|p2: Blyssy|Stealth Rock|[from] move: Rapid Spin|[of] p2a: Great Tusk\n|move|p1a: Ting-Lu|Whirlwind|p2a: Great Tusk\n|-end|p2a: Great Tusk|Protosynthesis|[silent]\n|drag|p2a: Chisy|Scream Tail|100\/100\n|\n|-heal|p1a: Ting-Lu|98\/100|[from] item: Leftovers\n|upkeep\n|turn|21\n|\n|t:|1699660938\n|move|p2a: Chisy|Wish|p2a: Chisy\n|move|p1a: Ting-Lu|Stealth Rock|p2a: Chisy\n|-sidestart|p2: Blyssy|move: Stealth Rock\n|\n|-heal|p1a: Ting-Lu|100\/100|[from] item: Leftovers\n|upkeep\n|turn|22\n|\n|t:|1699660944\n|-end|p2a: Chisy|Protosynthesis|[silent]\n|switch|p2a: Great Tusk|Great Tusk|49\/100\n|-damage|p2a: Great Tusk|46\/100|[from] Stealth Rock\n|move|p1a: Ting-Lu|Whirlwind|p2a: Great Tusk\n|-end|p2a: Great Tusk|Protosynthesis|[silent]\n|drag|p2a: Toxapex|Toxapex, M|93\/100 brn\n|-damage|p2a: Toxapex|81\/100 brn|[from] Stealth Rock\n|\n|-heal|p2a: Toxapex|100\/100 brn|[from] move: Wish|[wisher] Chisy\n|-damage|p2a: Toxapex|95\/100 brn|[from] brn\n|upkeep\n|turn|23\n|\n|t:|1699660954\n|move|p1a: Ting-Lu|Ruination|p2a: Toxapex\n|-damage|p2a: Toxapex|48\/100 brn\n|move|p2a: Toxapex|Infestation|p1a: Ting-Lu\n|-supereffective|p1a: Ting-Lu\n|-damage|p1a: Ting-Lu|97\/100\n|-activate|p1a: Ting-Lu|move: Infestation|[of] p2a: Toxapex\n|\n|-heal|p1a: Ting-Lu|100\/100|[from] item: Leftovers\n|-damage|p2a: Toxapex|42\/100 brn|[from] brn\n|-damage|p1a: Ting-Lu|88\/100|[from] move: Infestation|[partiallytrapped]\n|upkeep\n|turn|24\n|\n|t:|1699660963\n|move|p1a: Ting-Lu|Earthquake|p2a: Toxapex\n|-supereffective|p2a: Toxapex\n|-damage|p2a: Toxapex|0 fnt\n|faint|p2a: Toxapex\n|\n|-heal|p1a: Ting-Lu|94\/100|[from] item: Leftovers\n|-end|p1a: Ting-Lu|Infestation|[partiallytrapped]|[silent]\n|upkeep\n|c|\u2606Blyssy|oops!\n|\n|t:|1699660972\n|switch|p2a: Great Tusk|Great Tusk|46\/100\n|-damage|p2a: Great Tusk|43\/100|[from] Stealth Rock\n|turn|25\n|\n|t:|1699660980\n|move|p2a: Great Tusk|Rapid Spin|p1a: Ting-Lu\n|-damage|p1a: Ting-Lu|86\/100\n|-boost|p2a: Great Tusk|spe|1\n|-sideend|p2: Blyssy|Stealth Rock|[from] move: Rapid Spin|[of] p2a: Great Tusk\n|move|p1a: Ting-Lu|Whirlwind|p2a: Great Tusk\n|-end|p2a: Great Tusk|Protosynthesis|[silent]\n|drag|p2a: Dondozo|Dondozo, M|100\/100\n|\n|-heal|p1a: Ting-Lu|92\/100|[from] item: Leftovers\n|upkeep\n|turn|26\n|\n|t:|1699660991\n|switch|p2a: Chisy|Scream Tail|100\/100\n|move|p1a: Ting-Lu|Ruination|p2a: Chisy\n|-damage|p2a: Chisy|51\/100\n|\n|-heal|p2a: Chisy|57\/100|[from] item: Leftovers\n|-heal|p1a: Ting-Lu|98\/100|[from] item: Leftovers\n|upkeep\n|turn|27\n|\n|t:|1699660999\n|move|p2a: Chisy|Wish|p2a: Chisy\n|move|p1a: Ting-Lu|Stealth Rock|p2a: Chisy\n|-sidestart|p2: Blyssy|move: Stealth Rock\n|\n|-heal|p2a: Chisy|63\/100|[from] item: Leftovers\n|-heal|p1a: Ting-Lu|100\/100|[from] item: Leftovers\n|upkeep\n|turn|28\n|\n|t:|1699661006\n|-end|p2a: Chisy|Protosynthesis|[silent]\n|switch|p2a: Great Tusk|Great Tusk|43\/100\n|-damage|p2a: Great Tusk|40\/100|[from] Stealth Rock\n|move|p1a: Ting-Lu|Whirlwind|p2a: Great Tusk\n|-end|p2a: Great Tusk|Protosynthesis|[silent]\n|drag|p2a: Taky|Hydreigon, F|75\/100\n|-damage|p2a: Taky|63\/100|[from] Stealth Rock\n|\n|-heal|p2a: Taky|100\/100|[from] move: Wish|[wisher] Chisy\n|upkeep\n|turn|29\n|\n|t:|1699661016\n|move|p2a: Taky|Substitute|p2a: Taky\n|-start|p2a: Taky|Substitute\n|-damage|p2a: Taky|76\/100\n|move|p1a: Ting-Lu|Ruination|p2a: Taky\n|-end|p2a: Taky|Substitute\n|\n|-heal|p2a: Taky|82\/100|[from] item: Leftovers\n|upkeep\n|turn|30\n|\n|t:|1699661023\n|move|p2a: Taky|Substitute|p2a: Taky\n|-start|p2a: Taky|Substitute\n|-damage|p2a: Taky|57\/100\n|move|p1a: Ting-Lu|Ruination|p2a: Taky\n|-end|p2a: Taky|Substitute\n|\n|-heal|p2a: Taky|63\/100|[from] item: Leftovers\n|upkeep\n|turn|31\n|c|\u2606Blyssy|can you fuck off\n|c|\u2606Blyssy|please\n|\n|t:|1699661033\n|move|p2a: Taky|Substitute|p2a: Taky\n|-start|p2a: Taky|Substitute\n|-damage|p2a: Taky|38\/100\n|move|p1a: Ting-Lu|Ruination|p2a: Taky\n|-activate|p2a: Taky|move: Substitute|[damage]\n|\n|-heal|p2a: Taky|44\/100|[from] item: Leftovers\n|upkeep\n|turn|32\n|\n|t:|1699661041\n|move|p2a: Taky|Nasty Plot|p2a: Taky\n|-boost|p2a: Taky|spa|2\n|move|p1a: Ting-Lu|Whirlwind|p2a: Taky\n|drag|p2a: Dondozo|Dondozo, M|100\/100\n|-damage|p2a: Dondozo|88\/100|[from] Stealth Rock\n|\n|-heal|p2a: Dondozo|94\/100|[from] item: Leftovers\n|upkeep\n|turn|33\n|c|\u2606Turtle1stthebest|LMAOO\n|c|\u2606Blyssy|that goes through sub???\n|c|\u2606Turtle1stthebest|ye\n|\n|t:|1699661055\n|move|p1a: Ting-Lu|Ruination|p2a: Dondozo\n|-damage|p2a: Dondozo|47\/100\n|move|p2a: Dondozo|Avalanche|p1a: Ting-Lu\n|-supereffective|p1a: Ting-Lu\n|-damage|p1a: Ting-Lu|60\/100\n|\n|-heal|p1a: Ting-Lu|66\/100|[from] item: Leftovers\n|-heal|p2a: Dondozo|54\/100|[from] item: Leftovers\n|upkeep\n|turn|34\n|\n|t:|1699661069\n|switch|p2a: Taky|Hydreigon, F|44\/100\n|-damage|p2a: Taky|32\/100|[from] Stealth Rock\n|move|p1a: Ting-Lu|Whirlwind|p2a: Taky\n|drag|p2a: Dondozo|Dondozo, M|54\/100\n|-damage|p2a: Dondozo|41\/100|[from] Stealth Rock\n|\n|-heal|p1a: Ting-Lu|72\/100|[from] item: Leftovers\n|-heal|p2a: Dondozo|47\/100|[from] item: Leftovers\n|upkeep\n|turn|35\n|\n|t:|1699661079\n|move|p1a: Ting-Lu|Earthquake|p2a: Dondozo\n|-damage|p2a: Dondozo|19\/100\n|move|p2a: Dondozo|Avalanche|p1a: Ting-Lu\n|-supereffective|p1a: Ting-Lu\n|-damage|p1a: Ting-Lu|32\/100\n|\n|-heal|p1a: Ting-Lu|38\/100|[from] item: Leftovers\n|-heal|p2a: Dondozo|25\/100|[from] item: Leftovers\n|upkeep\n|turn|36\n|c|\u2606Turtle1stthebest|Ting Lu sweep is crazy\n|c|\u2606Blyssy|fuck this mon\n|c|\u2606Blyssy|why is it ru\n|\n|t:|1699661097\n|move|p2a: Dondozo|Avalanche|p1a: Ting-Lu\n|-supereffective|p1a: Ting-Lu\n|-damage|p1a: Ting-Lu|19\/100\n|move|p1a: Ting-Lu|Whirlwind|p2a: Dondozo\n|drag|p2a: Taky|Hydreigon, F|32\/100\n|-damage|p2a: Taky|20\/100|[from] Stealth Rock\n|\n|-heal|p2a: Taky|26\/100|[from] item: Leftovers\n|-heal|p1a: Ting-Lu|25\/100|[from] item: Leftovers\n|upkeep\n|turn|37\n|\n|t:|1699661108\n|move|p2a: Taky|Earth Power|p1a: Ting-Lu\n|-crit|p1a: Ting-Lu\n|-damage|p1a: Ting-Lu|6\/100\n|move|p1a: Ting-Lu|Whirlwind|p2a: Taky\n|drag|p2a: Dondozo|Dondozo, M|25\/100\n|-damage|p2a: Dondozo|13\/100|[from] Stealth Rock\n|\n|-heal|p1a: Ting-Lu|12\/100|[from] item: Leftovers\n|-heal|p2a: Dondozo|19\/100|[from] item: Leftovers\n|upkeep\n|turn|38\n|c|\u2606Turtle1stthebest|LMAO\n|\n|t:|1699661118\n|move|p1a: Ting-Lu|Earthquake|p2a: Dondozo\n|-damage|p2a: Dondozo|0 fnt\n|faint|p2a: Dondozo\n|\n|-heal|p1a: Ting-Lu|18\/100|[from] item: Leftovers\n|upkeep\n|c|\u2606Blyssy|bro\n|\n|t:|1699661124\n|switch|p2a: Chisy|Scream Tail|63\/100\n|-damage|p2a: Chisy|51\/100|[from] Stealth Rock\n|turn|39\n|\n|t:|1699661128\n|switch|p1a: Celesteela|Celesteela, shiny|100\/100\n|move|p2a: Chisy|Dazzling Gleam|p1a: Celesteela\n|-resisted|p1a: Celesteela\n|-damage|p1a: Celesteela|94\/100\n|\n|-heal|p2a: Chisy|57\/100|[from] item: Leftovers\n|-heal|p1a: Celesteela|100\/100|[from] item: Leftovers\n|upkeep\n|turn|40\n|\n|t:|1699661136\n|move|p2a: Chisy|Wish|p2a: Chisy\n|move|p1a: Celesteela|Leech Seed|p2a: Chisy\n|-start|p2a: Chisy|move: Leech Seed\n|\n|-heal|p2a: Chisy|63\/100|[from] item: Leftovers\n|-damage|p2a: Chisy|51\/100|[from] Leech Seed|[of] p1a: Celesteela\n|upkeep\n|turn|41\n|c|\u2606Blyssy|nope\n|c|\u2606Blyssy|not doing this\n|-message|Blyssy forfeited.\n|\n|win|Turtle1stthebest\n|l|\u2606Blyssy\n|c|\u2606Turtle1stthebest|6-0\n","uploadtime":1699661167,"views":12,"p1id":"turtle1stthebest","p2id":"blyssy","formatid":"gen9nationaldex","rating":0,"private":0,"password":""}