{"id":"gen9nationaldex-1995529726","p1":"M1n0j","p2":"guess 19","format":"[Gen 9] National Dex","log":"|html|<div class=\"broadcast-blue\"><strong>[Gen 9] National Dex is currently suspecting Sneasler! For information on how to participate check out the <a href=\"https:\/\/www.smogon.com\/forums\/threads\/sv-national-dex-suspect-8-just-dance.3731534\/\">suspect thread<\/a>.<\/strong><\/div>\n|j|\u2606M1n0j\n|j|\u2606guess 19\n|t:|1700580214\n|gametype|singles\n|player|p1|M1n0j|265|1494\n|player|p2|guess 19|brock|1414\n|teamsize|p1|6\n|teamsize|p2|6\n|gen|9\n|tier|[Gen 9] National Dex\n|rated|\n|rule|HP Percentage Mod: HP is shown in percentages\n|rule|Endless Battle Clause: Forcing endless battles is banned\n|rule|OHKO Clause: OHKO moves are banned\n|rule|Evasion Clause: Evasion abilities, items, and moves are banned\n|rule|Evasion Abilities Clause: Evasion abilities are banned\n|rule|Evasion Items Clause: Evasion items are banned\n|rule|Evasion Moves Clause: Evasion moves are banned\n|rule|Species Clause: Limit one of each Pok\u00e9mon\n|rule|Sleep Clause Mod: Limit one foe put to sleep\n|clearpoke\n|poke|p1|Tapu Koko|\n|poke|p1|Sneasler, F|\n|poke|p1|Cloyster, M|\n|poke|p1|Landorus-Therian, M|\n|poke|p1|Jirachi|\n|poke|p1|Dragonite, M|\n|poke|p2|Steelix, F|\n|poke|p2|Spiritomb, M|\n|poke|p2|Porygon2|\n|poke|p2|Araquanid, M|\n|poke|p2|Infernape, M|\n|poke|p2|Thundurus-Therian, M|\n|teampreview\n|\n|t:|1700580230\n|start\n|switch|p1a: Tapu Koko|Tapu Koko, shiny|100\/100\n|switch|p2a: Steelix|Steelix, F|100\/100\n|-fieldstart|move: Electric Terrain|[from] ability: Electric Surge|[of] p1a: Tapu Koko\n|turn|1\n|\n|t:|1700580242\n|switch|p1a: Landorus|Landorus-Therian, M, shiny|100\/100\n|-ability|p1a: Landorus|Intimidate|boost\n|-unboost|p2a: Steelix|atk|1\n|move|p2a: Steelix|Stealth Rock|p1a: Landorus\n|-sidestart|p1: M1n0j|move: Stealth Rock\n|\n|upkeep\n|turn|2\n|\n|t:|1700580252\n|switch|p2a: Porygon2|Porygon2|100\/100\n|-ability|p2a: Porygon2|Intimidate|boost\n|-unboost|p1a: Landorus|atk|1\n|-ability|p2a: Porygon2|Intimidate|[from] ability: Trace|[of] p1a: Landorus\n|move|p1a: Landorus|Stealth Rock|p2a: Porygon2\n|-sidestart|p2: guess 19|move: Stealth Rock\n|\n|upkeep\n|turn|3\n|\n|t:|1700580266\n|move|p1a: Landorus|Explosion|p2a: Porygon2\n|-damage|p2a: Porygon2|57\/100\n|faint|p1a: Landorus\n|move|p2a: Porygon2|Discharge|p1: Landorus|[notarget]\n|-fail|p2a: Porygon2\n|\n|upkeep\n|\n|t:|1700580281\n|switch|p1a: Sneasler|Sneasler, F, shiny|100\/100\n|-damage|p1a: Sneasler|95\/100|[from] Stealth Rock\n|-enditem|p1a: Sneasler|Electric Seed\n|-boost|p1a: Sneasler|def|1|[from] item: Electric Seed\n|turn|4\n|inactive|Battle timer is ON: inactive players will automatically lose when time's up. (requested by M1n0j)\n|\n|t:|1700580296\n|-terastallize|p2a: Porygon2|Poison\n|move|p1a: Sneasler|Swords Dance|p1a: Sneasler\n|-boost|p1a: Sneasler|atk|2\n|move|p2a: Porygon2|Recover|p2a: Porygon2\n|-heal|p2a: Porygon2|100\/100\n|\n|upkeep\n|turn|5\n|\n|t:|1700580306\n|move|p1a: Sneasler|Swords Dance|p1a: Sneasler\n|-boost|p1a: Sneasler|atk|2\n|move|p2a: Porygon2|Discharge|p1a: Sneasler\n|-damage|p1a: Sneasler|62\/100\n|-status|p1a: Sneasler|par\n|\n|-fieldend|move: Electric Terrain\n|upkeep\n|turn|6\n|\n|t:|1700580317\n|move|p1a: Sneasler|Acrobatics|p2a: Porygon2\n|-damage|p2a: Porygon2|18\/100\n|move|p2a: Porygon2|Ice Beam|p1a: Sneasler\n|-damage|p1a: Sneasler|32\/100 par\n|\n|upkeep\n|turn|7\n|\n|t:|1700580328\n|switch|p2a: Steelix|Steelix, F|100\/100\n|-damage|p2a: Steelix|97\/100|[from] Stealth Rock\n|move|p1a: Sneasler|Acrobatics|p2a: Steelix\n|-resisted|p2a: Steelix\n|-damage|p2a: Steelix|64\/100\n|-damage|p1a: Sneasler|16\/100 par|[from] item: Rocky Helmet|[of] p2a: Steelix\n|\n|upkeep\n|turn|8\n|\n|t:|1700580351\n|move|p1a: Sneasler|Close Combat|p2a: Steelix\n|-supereffective|p2a: Steelix\n|-damage|p2a: Steelix|0 fnt\n|-unboost|p1a: Sneasler|def|1\n|-unboost|p1a: Sneasler|spd|1\n|-damage|p1a: Sneasler|0 fnt|[from] item: Rocky Helmet|[of] p2a: Steelix\n|faint|p2a: Steelix\n|faint|p1a: Sneasler\n|\n|upkeep\n|\n|t:|1700580362\n|switch|p1a: Tapu Koko|Tapu Koko, shiny|100\/100\n|switch|p2a: Porygon2|Porygon2, tera:Poison|18\/100\n|-damage|p1a: Tapu Koko|88\/100|[from] Stealth Rock\n|-fieldstart|move: Electric Terrain|[from] ability: Electric Surge|[of] p1a: Tapu Koko\n|-damage|p2a: Porygon2|5\/100|[from] Stealth Rock\n|-ability|p2a: Porygon2|Electric Surge|[from] ability: Trace|[of] p1a: Tapu Koko\n|turn|9\n|\n|t:|1700580367\n|move|p1a: Tapu Koko|Dazzling Gleam|p2a: Porygon2\n|-resisted|p2a: Porygon2\n|-damage|p2a: Porygon2|0 fnt\n|faint|p2a: Porygon2\n|\n|upkeep\n|\n|t:|1700580377\n|switch|p2a: Thundurus|Thundurus-Therian, M|100\/100\n|turn|10\n|\n|t:|1700580385\n|move|p1a: Tapu Koko|Dazzling Gleam|p2a: Thundurus\n|-crit|p2a: Thundurus\n|-damage|p2a: Thundurus|30\/100\n|move|p2a: Thundurus|Thunderbolt|p1a: Tapu Koko\n|-resisted|p1a: Tapu Koko\n|-damage|p1a: Tapu Koko|49\/100\n|\n|upkeep\n|turn|11\n|\n|t:|1700580392\n|move|p1a: Tapu Koko|Dazzling Gleam|p2a: Thundurus\n|-damage|p2a: Thundurus|0 fnt\n|faint|p2a: Thundurus\n|\n|upkeep\n|\n|t:|1700580401\n|switch|p2a: Araquanid|Araquanid, M|100\/100\n|-damage|p2a: Araquanid|75\/100|[from] Stealth Rock\n|turn|12\n|\n|t:|1700580407\n|move|p1a: Tapu Koko|Volt Switch|p2a: Araquanid\n|-supereffective|p2a: Araquanid\n|-damage|p2a: Araquanid|15\/100\n|\n|t:|1700580411\n|switch|p1a: Jirachi|Jirachi, shiny|100\/100|[from] Volt Switch\n|-damage|p1a: Jirachi|94\/100|[from] Stealth Rock\n|move|p2a: Araquanid|Liquidation|p1a: Jirachi\n|-damage|p1a: Jirachi|21\/100\n|\n|upkeep\n|turn|13\n|\n|t:|1700580420\n|move|p1a: Jirachi|Aura Sphere|p2a: Araquanid\n|-resisted|p2a: Araquanid\n|-damage|p2a: Araquanid|6\/100\n|move|p2a: Araquanid|Liquidation|p1a: Jirachi\n|-damage|p1a: Jirachi|0 fnt\n|faint|p1a: Jirachi\n|\n|-fieldend|move: Electric Terrain\n|upkeep\n|\n|t:|1700580429\n|switch|p1a: Cloyster|Cloyster, M, shiny|100\/100\n|-damage|p1a: Cloyster|76\/100|[from] Stealth Rock\n|turn|14\n|\n|t:|1700580435\n|move|p1a: Cloyster|Shell Smash|p1a: Cloyster\n|-unboost|p1a: Cloyster|def|1\n|-unboost|p1a: Cloyster|spd|1\n|-boost|p1a: Cloyster|atk|2\n|-boost|p1a: Cloyster|spa|2\n|-boost|p1a: Cloyster|spe|2\n|move|p2a: Araquanid|Liquidation|p1a: Cloyster\n|-resisted|p1a: Cloyster\n|-damage|p1a: Cloyster|25\/100\n|\n|upkeep\n|turn|15\n|\n|t:|1700580445\n|move|p1a: Cloyster|Rock Blast|p2a: Araquanid\n|-supereffective|p2a: Araquanid\n|-crit|p2a: Araquanid\n|-damage|p2a: Araquanid|0 fnt\n|faint|p2a: Araquanid\n|-hitcount|p2: Araquanid|1\n|\n|upkeep\n|\n|t:|1700580447\n|switch|p2a: Infernape|Infernape, M|100\/100\n|-damage|p2a: Infernape|88\/100|[from] Stealth Rock\n|turn|16\n|\n|t:|1700580453\n|move|p2a: Infernape|Mach Punch|p1a: Cloyster\n|-supereffective|p1a: Cloyster\n|-damage|p1a: Cloyster|0 fnt\n|faint|p1a: Cloyster\n|-damage|p2a: Infernape|78\/100|[from] item: Life Orb\n|\n|upkeep\n|\n|t:|1700580459\n|switch|p1a: Dragonite|Dragonite, M, shiny|100\/100\n|-damage|p1a: Dragonite|76\/100|[from] Stealth Rock\n|turn|17\n|\n|t:|1700580471\n|switch|p2a: Spiritomb|Spiritomb, M|100\/100\n|-damage|p2a: Spiritomb|88\/100|[from] Stealth Rock\n|move|p1a: Dragonite|Extreme Speed|p2a: Spiritomb\n|-immune|p2a: Spiritomb\n|\n|-heal|p2a: Spiritomb|94\/100|[from] item: Leftovers\n|upkeep\n|turn|18\n|\n|t:|1700580479\n|move|p1a: Dragonite|Earthquake|p2a: Spiritomb\n|-damage|p2a: Spiritomb|64\/100\n|move|p2a: Spiritomb|Will-O-Wisp|p1a: Dragonite|[miss]\n|-miss|p2a: Spiritomb|p1a: Dragonite\n|\n|-heal|p2a: Spiritomb|71\/100|[from] item: Leftovers\n|upkeep\n|turn|19\n|\n|t:|1700580487\n|move|p1a: Dragonite|Earthquake|p2a: Spiritomb\n|-damage|p2a: Spiritomb|39\/100\n|move|p2a: Spiritomb|Will-O-Wisp|p1a: Dragonite\n|-status|p1a: Dragonite|brn\n|-enditem|p1a: Dragonite|Lum Berry|[eat]\n|-curestatus|p1a: Dragonite|brn|[msg]\n|\n|-heal|p2a: Spiritomb|46\/100|[from] item: Leftovers\n|upkeep\n|turn|20\n|\n|t:|1700580493\n|move|p1a: Dragonite|Earthquake|p2a: Spiritomb\n|-damage|p2a: Spiritomb|18\/100\n|move|p2a: Spiritomb|Pain Split|p1a: Dragonite\n|-sethp|p1a: Dragonite|46\/100|[from] move: Pain Split|[silent]\n|-sethp|p2a: Spiritomb|49\/100|[from] move: Pain Split\n|\n|-heal|p2a: Spiritomb|55\/100|[from] item: Leftovers\n|upkeep\n|turn|21\n|\n|t:|1700580502\n|move|p1a: Dragonite|Earthquake|p2a: Spiritomb\n|-damage|p2a: Spiritomb|26\/100\n|move|p2a: Spiritomb|Will-O-Wisp|p1a: Dragonite\n|-status|p1a: Dragonite|brn\n|\n|-heal|p2a: Spiritomb|32\/100|[from] item: Leftovers\n|-damage|p1a: Dragonite|40\/100 brn|[from] brn\n|upkeep\n|turn|22\n|\n|t:|1700580516\n|move|p1a: Dragonite|Earthquake|p2a: Spiritomb\n|-damage|p2a: Spiritomb|18\/100\n|move|p2a: Spiritomb|Pain Split|p1a: Dragonite\n|-sethp|p1a: Dragonite|28\/100 brn|[from] move: Pain Split|[silent]\n|-sethp|p2a: Spiritomb|30\/100|[from] move: Pain Split\n|\n|-heal|p2a: Spiritomb|36\/100|[from] item: Leftovers\n|-damage|p1a: Dragonite|22\/100 brn|[from] brn\n|upkeep\n|turn|23\n|\n|t:|1700580524\n|move|p1a: Dragonite|Dragon Dance|p1a: Dragonite\n|-boost|p1a: Dragonite|atk|1\n|-boost|p1a: Dragonite|spe|1\n|move|p2a: Spiritomb|Hex|p1a: Dragonite\n|-damage|p1a: Dragonite|0 fnt\n|faint|p1a: Dragonite\n|\n|-heal|p2a: Spiritomb|43\/100|[from] item: Leftovers\n|upkeep\n|\n|t:|1700580529\n|switch|p1a: Tapu Koko|Tapu Koko, shiny|49\/100\n|-damage|p1a: Tapu Koko|36\/100|[from] Stealth Rock\n|-fieldstart|move: Electric Terrain|[from] ability: Electric Surge|[of] p1a: Tapu Koko\n|turn|24\n|\n|t:|1700580537\n|move|p1a: Tapu Koko|Dazzling Gleam|p2a: Spiritomb\n|-supereffective|p2a: Spiritomb\n|-damage|p2a: Spiritomb|0 fnt\n|faint|p2a: Spiritomb\n|\n|upkeep\n|\n|t:|1700580540\n|switch|p2a: Infernape|Infernape, M|78\/100\n|-damage|p2a: Infernape|66\/100|[from] Stealth Rock\n|turn|25\n|\n|t:|1700580551\n|move|p1a: Tapu Koko|Dazzling Gleam|p2a: Infernape\n|-damage|p2a: Infernape|16\/100\n|move|p2a: Infernape|Flare Blitz|p1a: Tapu Koko\n|-damage|p1a: Tapu Koko|0 fnt\n|faint|p1a: Tapu Koko\n|-damage|p2a: Infernape|5\/100|[from] Recoil\n|-damage|p2a: Infernape|0 fnt|[from] item: Life Orb\n|faint|p2a: Infernape\n|\n|win|guess 19\n|raw|M1n0j's rating: 1494 &rarr; <strong>1469<\/strong><br \/>(-25 for losing)\n|raw|guess 19's rating: 1414 &rarr; <strong>1439<\/strong><br \/>(+25 for winning)\n|l|\u2606M1n0j\n","uploadtime":1700580579,"views":0,"p1id":"m1n0j","p2id":"guess19","formatid":"gen9nationaldex","rating":1439,"private":0,"password":""}