{"id":"gen9nationaldex-1987549373","p1":"Twoinwardsoup","p2":"Magnezone42","format":"[Gen 9] National Dex","log":"|j|\u2606Twoinwardsoup\n|j|\u2606Magnezone42\n|t:|1699610432\n|gametype|singles\n|player|p1|Twoinwardsoup|unknown|1176\n|player|p2|Magnezone42|hiker-gen4|1054\n|teamsize|p1|6\n|teamsize|p2|6\n|gen|9\n|tier|[Gen 9] National Dex\n|rated|\n|rule|HP Percentage Mod: HP is shown in percentages\n|rule|Endless Battle Clause: Forcing endless battles is banned\n|rule|OHKO Clause: OHKO moves are banned\n|rule|Evasion Clause: Evasion abilities, items, and moves are banned\n|rule|Evasion Abilities Clause: Evasion abilities are banned\n|rule|Evasion Items Clause: Evasion items are banned\n|rule|Evasion Moves Clause: Evasion moves are banned\n|rule|Species Clause: Limit one of each Pok\u00e9mon\n|rule|Sleep Clause Mod: Limit one foe put to sleep\n|clearpoke\n|poke|p1|Slowbro, F|\n|poke|p1|Pyukumuku, M|\n|poke|p1|Toxapex, M|\n|poke|p1|Tapu Fini|\n|poke|p1|Urshifu-*, F|\n|poke|p1|Gyarados, F|\n|poke|p2|Tapu Koko|\n|poke|p2|Iron Moth|\n|poke|p2|Iron Valiant|\n|poke|p2|Greninja-*, M|\n|poke|p2|Ferrothorn, F|\n|poke|p2|Scizor, M|\n|teampreview\n|inactive|Battle timer is ON: inactive players will automatically lose when time's up. (requested by Twoinwardsoup)\n|\n|t:|1699610437\n|start\n|switch|p1a: Urshifu|Urshifu-Rapid-Strike, F|100\/100\n|switch|p2a: Tapu Koko|Tapu Koko|100\/100\n|-fieldstart|move: Electric Terrain|[from] ability: Electric Surge|[of] p2a: Tapu Koko\n|turn|1\n|\n|t:|1699610446\n|-terastallize|p1a: Urshifu|Fighting\n|move|p2a: Tapu Koko|Volt Switch|p1a: Urshifu\n|-crit|p1a: Urshifu\n|-damage|p1a: Urshifu|0 fnt\n|faint|p1a: Urshifu\n|-damage|p2a: Tapu Koko|91\/100|[from] item: Life Orb\n|\n|t:|1699610454\n|switch|p2a: Iron Valiant|Iron Valiant|100\/100|[from] Volt Switch\n|-activate|p2a: Iron Valiant|ability: Quark Drive\n|-start|p2a: Iron Valiant|quarkdrivespe\n|\n|upkeep\n|\n|t:|1699610457\n|switch|p1a: Pyukumuku|Pyukumuku, M, shiny|100\/100\n|turn|2\n|\n|t:|1699610468\n|move|p2a: Iron Valiant|Leaf Blade|p1a: Pyukumuku\n|-supereffective|p1a: Pyukumuku\n|-damage|p1a: Pyukumuku|54\/100\n|move|p1a: Pyukumuku|Counter|p2a: Iron Valiant\n|-enditem|p2a: Iron Valiant|Focus Sash\n|-damage|p2a: Iron Valiant|1\/100\n|\n|-heal|p1a: Pyukumuku|60\/100|[from] item: Leftovers\n|upkeep\n|turn|3\n|\n|t:|1699610485\n|move|p2a: Iron Valiant|Leaf Blade|p1a: Pyukumuku\n|-supereffective|p1a: Pyukumuku\n|-damage|p1a: Pyukumuku|10\/100\n|move|p1a: Pyukumuku|Recover|p1a: Pyukumuku\n|-heal|p1a: Pyukumuku|60\/100\n|\n|-heal|p1a: Pyukumuku|66\/100|[from] item: Leftovers\n|upkeep\n|turn|4\n|\n|t:|1699610495\n|move|p2a: Iron Valiant|Drain Punch|p1a: Pyukumuku\n|-damage|p1a: Pyukumuku|37\/100\n|-heal|p2a: Iron Valiant|16\/100|[from] drain|[of] p1a: Pyukumuku\n|move|p1a: Pyukumuku|Mirror Coat||[still]\n|-fail|p1a: Pyukumuku\n|\n|-heal|p1a: Pyukumuku|43\/100|[from] item: Leftovers\n|upkeep\n|turn|5\n|\n|t:|1699610503\n|move|p2a: Iron Valiant|Leaf Blade|p1a: Pyukumuku\n|-supereffective|p1a: Pyukumuku\n|-damage|p1a: Pyukumuku|0 fnt\n|faint|p1a: Pyukumuku\n|\n|-fieldend|move: Electric Terrain\n|-end|p2a: Iron Valiant|Quark Drive\n|upkeep\n|\n|t:|1699610508\n|switch|p1a: Slowbro|Slowbro, F|100\/100\n|turn|6\n|\n|t:|1699610513\n|detailschange|p1a: Slowbro|Slowbro-Mega, F\n|-mega|p1a: Slowbro|Slowbro|Slowbronite\n|move|p2a: Iron Valiant|Knock Off|p1a: Slowbro\n|-supereffective|p1a: Slowbro\n|-damage|p1a: Slowbro|81\/100\n|move|p1a: Slowbro|Counter|p2a: Iron Valiant\n|-damage|p2a: Iron Valiant|0 fnt\n|faint|p2a: Iron Valiant\n|-end|p2a: Iron Valiant|Quark Drive|[silent]\n|\n|upkeep\n|\n|t:|1699610521\n|switch|p2a: Tapu Koko|Tapu Koko|91\/100\n|-fieldstart|move: Electric Terrain|[from] ability: Electric Surge|[of] p2a: Tapu Koko\n|turn|7\n|\n|t:|1699610527\n|move|p2a: Tapu Koko|Thunder Wave|p1a: Slowbro\n|-status|p1a: Slowbro|par\n|move|p1a: Slowbro|Earthquake|p2a: Tapu Koko\n|-supereffective|p2a: Tapu Koko\n|-crit|p2a: Tapu Koko\n|-damage|p2a: Tapu Koko|15\/100\n|\n|upkeep\n|turn|8\n|\n|t:|1699610538\n|move|p2a: Tapu Koko|Volt Switch|p1a: Slowbro\n|-supereffective|p1a: Slowbro\n|-damage|p1a: Slowbro|0 fnt\n|faint|p1a: Slowbro\n|-damage|p2a: Tapu Koko|5\/100|[from] item: Life Orb\n|\n|t:|1699610545\n|switch|p2a: Iron Moth|Iron Moth|100\/100|[from] Volt Switch\n|-activate|p2a: Iron Moth|ability: Quark Drive\n|-start|p2a: Iron Moth|quarkdrivespa\n|\n|upkeep\n|\n|t:|1699610551\n|switch|p1a: Gyarados|Gyarados, F|100\/100\n|-ability|p1a: Gyarados|Intimidate|boost\n|-unboost|p2a: Iron Moth|atk|1\n|turn|9\n|\n|t:|1699610558\n|move|p2a: Iron Moth|Sludge Wave|p1a: Gyarados\n|-crit|p1a: Gyarados\n|-damage|p1a: Gyarados|0 fnt\n|faint|p1a: Gyarados\n|-damage|p2a: Iron Moth|91\/100|[from] item: Life Orb\n|\n|upkeep\n|\n|t:|1699610563\n|switch|p1a: Toxapex|Toxapex, M|100\/100\n|turn|10\n|\n|t:|1699610568\n|move|p2a: Iron Moth|Energy Ball|p1a: Toxapex\n|-crit|p1a: Toxapex\n|-damage|p1a: Toxapex|26\/100\n|-damage|p2a: Iron Moth|81\/100|[from] item: Life Orb\n|move|p1a: Toxapex|Scald|p2a: Iron Moth\n|-supereffective|p2a: Iron Moth\n|-damage|p2a: Iron Moth|45\/100\n|\n|-heal|p1a: Toxapex|32\/100|[from] item: Black Sludge\n|upkeep\n|turn|11\n|c|\u2606Twoinwardsoup|Wtf\n|\n|t:|1699610584\n|move|p2a: Iron Moth|Energy Ball|p1a: Toxapex\n|-crit|p1a: Toxapex\n|-damage|p1a: Toxapex|0 fnt\n|faint|p1a: Toxapex\n|-damage|p2a: Iron Moth|35\/100|[from] item: Life Orb\n|\n|-fieldend|move: Electric Terrain\n|-end|p2a: Iron Moth|Quark Drive\n|upkeep\n|c|\u2606Magnezone42|Skill issue\n|\n|t:|1699610589\n|switch|p1a: Tapu Fini|Tapu Fini|100\/100\n|-fieldstart|move: Misty Terrain|[from] ability: Misty Surge|[of] p1a: Tapu Fini\n|turn|12\n|\n|t:|1699610596\n|move|p1a: Tapu Fini|Blizzard|p2a: Iron Moth\n|-resisted|p2a: Iron Moth\n|-damage|p2a: Iron Moth|19\/100\n|move|p2a: Iron Moth|Flash Cannon|p1a: Tapu Fini\n|-damage|p1a: Tapu Fini|66\/100\n|-damage|p2a: Iron Moth|9\/100|[from] item: Life Orb\n|\n|upkeep\n|turn|13\n|-message|Twoinwardsoup forfeited.\n|\n|win|Magnezone42\n|raw|Twoinwardsoup's rating: 1176 &rarr; <strong>1143<\/strong><br \/>(-33 for losing)\n|raw|Magnezone42's rating: 1054 &rarr; <strong>1097<\/strong><br \/>(+43 for winning)\n|l|\u2606Twoinwardsoup\n","uploadtime":1699610607,"views":4,"p1id":"twoinwardsoup","p2id":"magnezone42","formatid":"gen9nationaldex","rating":1097,"private":0,"password":""}