{"id":"gen9nationaldex-1995177983","p1":"Insipido","p2":"Arlo Ghost","format":"[Gen 9] National Dex","log":"|html|<div class=\"broadcast-blue\"><strong>[Gen 9] National Dex is currently suspecting Sneasler! For information on how to participate check out the <a href=\"https:\/\/www.smogon.com\/forums\/threads\/sv-national-dex-suspect-8-just-dance.3731534\/\">suspect thread<\/a>.<\/strong><\/div>\n|j|\u2606Insipido\n|j|\u2606Arlo Ghost\n|t:|1700531326\n|gametype|singles\n|player|p1|Insipido|morty|\n|player|p2|Arlo Ghost|mars|\n|teamsize|p1|6\n|teamsize|p2|6\n|gen|9\n|tier|[Gen 9] National Dex\n|rule|HP Percentage Mod: HP is shown in percentages\n|rule|Endless Battle Clause: Forcing endless battles is banned\n|rule|OHKO Clause: OHKO moves are banned\n|rule|Evasion Clause: Evasion abilities, items, and moves are banned\n|rule|Evasion Abilities Clause: Evasion abilities are banned\n|rule|Evasion Items Clause: Evasion items are banned\n|rule|Evasion Moves Clause: Evasion moves are banned\n|rule|Species Clause: Limit one of each Pok\u00e9mon\n|rule|Sleep Clause Mod: Limit one foe put to sleep\n|clearpoke\n|poke|p1|Gyarados, F|\n|poke|p1|Volcarona, F|\n|poke|p1|Chansey, F|\n|poke|p1|Corviknight, M|\n|poke|p1|Iron Valiant|\n|poke|p1|Garganacl, F|\n|poke|p2|Mandibuzz, F|\n|poke|p2|Greninja-*, M|\n|poke|p2|Tyranitar, M|\n|poke|p2|Muk-Alola, M|\n|poke|p2|Grimmsnarl, M|\n|poke|p2|Hydreigon, M|\n|teampreview\n|j| Sylveon(404)\n|j| WSoldat\n|\n|t:|1700531372\n|start\n|switch|p1a: Chansey|Chansey, F|100\/100\n|switch|p2a: El Cumbia Ninja|Greninja, M|100\/100\n|turn|1\n|c| WSoldat|Typh vos podes\n|\n|t:|1700531386\n|move|p2a: El Cumbia Ninja|Gunk Shot|p1a: Chansey|[miss]\n|-start|p2a: El Cumbia Ninja|typechange|Poison|[from] ability: Protean\n|-miss|p2a: El Cumbia Ninja|p1a: Chansey\n|move|p1a: Chansey|Toxic|p2a: El Cumbia Ninja\n|-immune|p2a: El Cumbia Ninja\n|\n|upkeep\n|turn|2\n|\n|t:|1700531394\n|switch|p2a: Marijuano|Muk-Alola, M|100\/100\n|switch|p1a: Corviknight|Corviknight, M|100\/100\n|-ability|p1a: Corviknight|Pressure\n|\n|upkeep\n|turn|3\n|\n|t:|1700531399\n|move|p1a: Corviknight|Iron Defense|p1a: Corviknight\n|-boost|p1a: Corviknight|def|2\n|move|p2a: Marijuano|Knock Off|p1a: Corviknight\n|-damage|p1a: Corviknight|86\/100\n|-damage|p2a: Marijuano|84\/100|[from] item: Rocky Helmet|[of] p1a: Corviknight\n|-enditem|p1a: Corviknight|Rocky Helmet|[from] move: Knock Off|[of] p2a: Marijuano\n|\n|upkeep\n|turn|4\n|\n|t:|1700531409\n|switch|p2a: El Cumbia Ninja|Greninja, M|100\/100\n|move|p1a: Corviknight|Body Press|p2a: El Cumbia Ninja\n|-supereffective|p2a: El Cumbia Ninja\n|-damage|p2a: El Cumbia Ninja|0 fnt\n|faint|p2a: El Cumbia Ninja\n|\n|upkeep\n|j| Void280\n|\n|t:|1700531412\n|switch|p2a: Sherkemo|Grimmsnarl, M|100\/100\n|turn|5\n|\n|t:|1700531425\n|move|p2a: Sherkemo|Reflect|p2a: Sherkemo\n|-sidestart|p2: Arlo Ghost|Reflect\n|move|p1a: Corviknight|Body Press|p2a: Sherkemo\n|-damage|p2a: Sherkemo|80\/100\n|\n|upkeep\n|turn|6\n|\n|t:|1700531429\n|switch|p2a: Winona|Mandibuzz, F|100\/100\n|move|p1a: Corviknight|Iron Defense|p1a: Corviknight\n|-boost|p1a: Corviknight|def|2\n|\n|upkeep\n|turn|7\n|\n|t:|1700531432\n|move|p2a: Winona|Foul Play|p1a: Corviknight\n|-damage|p1a: Corviknight|78\/100\n|move|p1a: Corviknight|Body Press|p2a: Winona\n|-damage|p2a: Winona|85\/100\n|-damage|p1a: Corviknight|62\/100|[from] item: Rocky Helmet|[of] p2a: Winona\n|\n|upkeep\n|turn|8\n|\n|t:|1700531435\n|move|p2a: Winona|Foul Play|p1a: Corviknight\n|-damage|p1a: Corviknight|53\/100\n|move|p1a: Corviknight|Iron Defense|p1a: Corviknight\n|-boost|p1a: Corviknight|def|2\n|\n|upkeep\n|turn|9\n|\n|t:|1700531442\n|move|p2a: Winona|Foul Play|p1a: Corviknight\n|-damage|p1a: Corviknight|47\/100\n|move|p1a: Corviknight|Roost|p1a: Corviknight\n|-heal|p1a: Corviknight|97\/100\n|-singleturn|p1a: Corviknight|move: Roost\n|\n|upkeep\n|turn|10\n|\n|t:|1700531447\n|move|p2a: Winona|Foul Play|p1a: Corviknight\n|-damage|p1a: Corviknight|90\/100\n|move|p1a: Corviknight|Body Press|p2a: Winona\n|-damage|p2a: Winona|63\/100\n|-damage|p1a: Corviknight|74\/100|[from] item: Rocky Helmet|[of] p2a: Winona\n|\n|upkeep\n|turn|11\n|\n|t:|1700531453\n|move|p2a: Winona|Foul Play|p1a: Corviknight\n|-damage|p1a: Corviknight|67\/100\n|move|p1a: Corviknight|Body Press|p2a: Winona\n|-damage|p2a: Winona|43\/100\n|-damage|p1a: Corviknight|50\/100|[from] item: Rocky Helmet|[of] p2a: Winona\n|\n|upkeep\n|turn|12\n|\n|t:|1700531459\n|move|p2a: Winona|Roost|p2a: Winona\n|-heal|p2a: Winona|93\/100\n|-singleturn|p2a: Winona|move: Roost\n|move|p1a: Corviknight|Roost|p1a: Corviknight\n|-heal|p1a: Corviknight|100\/100\n|-singleturn|p1a: Corviknight|move: Roost\n|\n|-sideend|p2: Arlo Ghost|Reflect\n|upkeep\n|turn|13\n|\n|t:|1700531465\n|move|p2a: Winona|Defog|p1a: Corviknight\n|-unboost|p1a: Corviknight|evasion|1\n|move|p1a: Corviknight|Body Press|p2a: Winona\n|-damage|p2a: Winona|47\/100\n|-damage|p1a: Corviknight|84\/100|[from] item: Rocky Helmet|[of] p2a: Winona\n|\n|upkeep\n|turn|14\n|\n|t:|1700531474\n|move|p2a: Winona|Roost|p2a: Winona\n|-heal|p2a: Winona|97\/100\n|-singleturn|p2a: Winona|move: Roost\n|move|p1a: Corviknight|Body Press|p2a: Winona\n|-supereffective|p2a: Winona\n|-damage|p2a: Winona|6\/100\n|-damage|p1a: Corviknight|67\/100|[from] item: Rocky Helmet|[of] p2a: Winona\n|\n|upkeep\n|turn|15\n|\n|t:|1700531481\n|move|p2a: Winona|Roost|p2a: Winona\n|-heal|p2a: Winona|57\/100\n|-singleturn|p2a: Winona|move: Roost\n|move|p1a: Corviknight|Body Press|p2a: Winona\n|-supereffective|p2a: Winona\n|-crit|p2a: Winona\n|-damage|p2a: Winona|0 fnt\n|-damage|p1a: Corviknight|51\/100|[from] item: Rocky Helmet|[of] p2a: Winona\n|faint|p2a: Winona\n|\n|upkeep\n|\n|t:|1700531484\n|switch|p2a: Hydrarlo|Hydreigon, M|100\/100\n|turn|16\n|\n|t:|1700531495\n|move|p2a: Hydrarlo|Dark Pulse|p1a: Corviknight\n|-damage|p1a: Corviknight|26\/100\n|cant|p1a: Corviknight|flinch\n|\n|upkeep\n|turn|17\n|\n|t:|1700531500\n|move|p2a: Hydrarlo|Dark Pulse|p1a: Corviknight\n|-damage|p1a: Corviknight|0 fnt\n|faint|p1a: Corviknight\n|\n|upkeep\n|\n|t:|1700531504\n|switch|p1a: Chansey|Chansey, F|100\/100\n|turn|18\n|\n|t:|1700531508\n|switch|p2a: Marijuano|Muk-Alola, M|84\/100\n|move|p1a: Chansey|Seismic Toss|p2a: Marijuano\n|-damage|p2a: Marijuano|60\/100\n|\n|upkeep\n|turn|19\n|\n|t:|1700531512\n|move|p2a: Marijuano|Knock Off|p1a: Chansey\n|-damage|p1a: Chansey|79\/100\n|-enditem|p1a: Chansey|Eviolite|[from] move: Knock Off|[of] p2a: Marijuano\n|move|p1a: Chansey|Seismic Toss|p2a: Marijuano\n|-damage|p2a: Marijuano|36\/100\n|\n|upkeep\n|turn|20\n|\n|t:|1700531516\n|move|p1a: Chansey|Seismic Toss|p2a: Marijuano\n|-damage|p2a: Marijuano|11\/100\n|move|p2a: Marijuano|Poison Jab|p1a: Chansey\n|-damage|p1a: Chansey|50\/100\n|\n|upkeep\n|turn|21\n|\n|t:|1700531522\n|move|p1a: Chansey|Seismic Toss|p2a: Marijuano\n|-damage|p2a: Marijuano|0 fnt\n|faint|p2a: Marijuano\n|\n|upkeep\n|\n|t:|1700531523\n|switch|p2a: Rockzilla|Tyranitar, M, shiny|100\/100\n|-weather|Sandstorm|[from] ability: Sand Stream|[of] p2a: Rockzilla\n|turn|22\n|\n|t:|1700531527\n|switch|p2a: Sherkemo|Grimmsnarl, M|80\/100\n|move|p1a: Chansey|Toxic|p2a: Sherkemo\n|-status|p2a: Sherkemo|tox\n|\n|-weather|Sandstorm|[upkeep]\n|-damage|p2a: Sherkemo|74\/100 tox|[from] Sandstorm\n|-damage|p1a: Chansey|43\/100|[from] Sandstorm\n|-damage|p2a: Sherkemo|68\/100 tox|[from] psn\n|upkeep\n|turn|23\n|\n|t:|1700531531\n|move|p2a: Sherkemo|Reflect|p2a: Sherkemo\n|-sidestart|p2: Arlo Ghost|Reflect\n|move|p1a: Chansey|Wish|p1a: Chansey\n|\n|-weather|Sandstorm|[upkeep]\n|-damage|p2a: Sherkemo|62\/100 tox|[from] Sandstorm\n|-damage|p1a: Chansey|37\/100|[from] Sandstorm\n|-damage|p2a: Sherkemo|49\/100 tox|[from] psn\n|upkeep\n|turn|24\n|\n|t:|1700531534\n|switch|p1a: Garganacl|Garganacl, F, shiny|100\/100\n|move|p2a: Sherkemo|Light Screen|p2a: Sherkemo\n|-sidestart|p2: Arlo Ghost|move: Light Screen\n|\n|-weather|Sandstorm|[upkeep]\n|-damage|p2a: Sherkemo|43\/100 tox|[from] Sandstorm\n|-damage|p2a: Sherkemo|25\/100 tox|[from] psn\n|upkeep\n|turn|25\n|\n|t:|1700531543\n|-terastallize|p1a: Garganacl|Fairy\n|move|p2a: Sherkemo|Spirit Break|p1a: Garganacl\n|-damage|p1a: Garganacl|85\/100\n|-unboost|p1a: Garganacl|spa|1\n|move|p1a: Garganacl|Curse|p1a: Garganacl\n|-unboost|p1a: Garganacl|spe|1\n|-boost|p1a: Garganacl|atk|1\n|-boost|p1a: Garganacl|def|1\n|\n|-weather|Sandstorm|[upkeep]\n|-damage|p2a: Sherkemo|19\/100 tox|[from] Sandstorm\n|-damage|p1a: Garganacl|79\/100|[from] Sandstorm\n|-heal|p1a: Garganacl|85\/100|[from] item: Leftovers\n|-damage|p2a: Sherkemo|0 fnt|[from] psn\n|faint|p2a: Sherkemo\n|upkeep\n|\n|t:|1700531547\n|switch|p2a: Hydrarlo|Hydreigon, M|100\/100\n|turn|26\n|\n|t:|1700531551\n|-terastallize|p2a: Hydrarlo|Steel\n|move|p2a: Hydrarlo|Substitute|p2a: Hydrarlo\n|-start|p2a: Hydrarlo|Substitute\n|-damage|p2a: Hydrarlo|76\/100\n|move|p1a: Garganacl|Salt Cure|p2a: Hydrarlo\n|-resisted|p2a: Hydrarlo\n|-activate|p2a: Hydrarlo|move: Substitute|[damage]\n|\n|-weather|none\n|-heal|p2a: Hydrarlo|82\/100|[from] item: Leftovers\n|-heal|p1a: Garganacl|91\/100|[from] item: Leftovers\n|upkeep\n|turn|27\n|\n|t:|1700531557\n|move|p2a: Hydrarlo|Nasty Plot|p2a: Hydrarlo\n|-boost|p2a: Hydrarlo|spa|2\n|move|p1a: Garganacl|Salt Cure|p2a: Hydrarlo\n|-resisted|p2a: Hydrarlo\n|-activate|p2a: Hydrarlo|move: Substitute|[damage]\n|\n|-heal|p2a: Hydrarlo|88\/100|[from] item: Leftovers\n|-heal|p1a: Garganacl|97\/100|[from] item: Leftovers\n|upkeep\n|turn|28\n|\n|t:|1700531563\n|move|p2a: Hydrarlo|Flash Cannon|p1a: Garganacl\n|-supereffective|p1a: Garganacl\n|-damage|p1a: Garganacl|0 fnt\n|faint|p1a: Garganacl\n|\n|-heal|p2a: Hydrarlo|94\/100|[from] item: Leftovers\n|upkeep\n|\n|t:|1700531569\n|switch|p1a: Iron Valiant|Iron Valiant|100\/100\n|-enditem|p1a: Iron Valiant|Booster Energy\n|-activate|p1a: Iron Valiant|ability: Quark Drive|[fromitem]\n|-start|p1a: Iron Valiant|quarkdrivespe\n|turn|29\n|\n|t:|1700531577\n|move|p1a: Iron Valiant|Close Combat|p2a: Hydrarlo\n|-supereffective|p2a: Hydrarlo\n|-end|p2a: Hydrarlo|Substitute\n|-unboost|p1a: Iron Valiant|def|1\n|-unboost|p1a: Iron Valiant|spd|1\n|move|p2a: Hydrarlo|Flash Cannon|p1a: Iron Valiant\n|-supereffective|p1a: Iron Valiant\n|-damage|p1a: Iron Valiant|0 fnt\n|faint|p1a: Iron Valiant\n|-end|p1a: Iron Valiant|Quark Drive|[silent]\n|\n|-heal|p2a: Hydrarlo|99\/100|[from] item: Leftovers\n|upkeep\n|\n|t:|1700531584\n|switch|p1a: Gyarados|Gyarados, F|100\/100\n|-ability|p1a: Gyarados|Intimidate|boost\n|-unboost|p2a: Hydrarlo|atk|1\n|turn|30\n|\n|t:|1700531590\n|detailschange|p1a: Gyarados|Gyarados-Mega, F\n|-mega|p1a: Gyarados|Gyarados|Gyaradosite\n|-ability|p1a: Gyarados|Mold Breaker\n|move|p2a: Hydrarlo|Dark Pulse|p1a: Gyarados\n|-resisted|p1a: Gyarados\n|-damage|p1a: Gyarados|71\/100\n|move|p1a: Gyarados|Dragon Dance|p1a: Gyarados\n|-boost|p1a: Gyarados|atk|1\n|-boost|p1a: Gyarados|spe|1\n|\n|-heal|p2a: Hydrarlo|100\/100|[from] item: Leftovers\n|-sideend|p2: Arlo Ghost|Reflect\n|upkeep\n|turn|31\n|\n|t:|1700531598\n|move|p1a: Gyarados|Earthquake|p2a: Hydrarlo\n|-supereffective|p2a: Hydrarlo\n|-damage|p2a: Hydrarlo|0 fnt\n|faint|p2a: Hydrarlo\n|\n|-sideend|p2: Arlo Ghost|move: Light Screen\n|upkeep\n|\n|t:|1700531602\n|switch|p2a: Rockzilla|Tyranitar, M, shiny|100\/100\n|-weather|Sandstorm|[from] ability: Sand Stream|[of] p2a: Rockzilla\n|turn|32\n|\n|t:|1700531605\n|detailschange|p2a: Rockzilla|Tyranitar-Mega, M, shiny\n|-mega|p2a: Rockzilla|Tyranitar|Tyranitarite\n|move|p1a: Gyarados|Waterfall|p2a: Rockzilla\n|-supereffective|p2a: Rockzilla\n|-damage|p2a: Rockzilla|8\/100\n|cant|p2a: Rockzilla|flinch\n|\n|-weather|Sandstorm|[upkeep]\n|-damage|p1a: Gyarados|65\/100|[from] Sandstorm\n|upkeep\n|turn|33\n|\n|t:|1700531611\n|move|p1a: Gyarados|Waterfall|p2a: Rockzilla\n|-supereffective|p2a: Rockzilla\n|-damage|p2a: Rockzilla|0 fnt\n|faint|p2a: Rockzilla\n|\n|win|Insipido\n|c|\u2606Insipido|GG\n|l| Void280\n|l| Sylveon(404)\n|c| WSoldat|Sabia que podias Ty\n","uploadtime":1700531682,"views":17,"p1id":"insipido","p2id":"arloghost","formatid":"gen9nationaldex","rating":0,"private":0,"password":""}