{"id":"gen9nationaldex-1992689174","p1":"ouxiaonengshou","p2":"Clayanto","format":"[Gen 9] National Dex","log":"|j|\u2606ouxiaonengshou\n|j|\u2606Clayanto\n|t:|1700225510\n|gametype|singles\n|player|p1|ouxiaonengshou|iris-gen5bw2|1222\n|player|p2|Clayanto|ariana|1221\n|teamsize|p1|6\n|teamsize|p2|6\n|gen|9\n|tier|[Gen 9] National Dex\n|rated|\n|rule|HP Percentage Mod: HP is shown in percentages\n|rule|Endless Battle Clause: Forcing endless battles is banned\n|rule|OHKO Clause: OHKO moves are banned\n|rule|Evasion Clause: Evasion abilities, items, and moves are banned\n|rule|Evasion Abilities Clause: Evasion abilities are banned\n|rule|Evasion Items Clause: Evasion items are banned\n|rule|Evasion Moves Clause: Evasion moves are banned\n|rule|Species Clause: Limit one of each Pok\u00e9mon\n|rule|Sleep Clause Mod: Limit one foe put to sleep\n|clearpoke\n|poke|p1|Sudowoodo, F|\n|poke|p1|Shiftry, F|\n|poke|p1|Corviknight, F|\n|poke|p1|Swampert, F|\n|poke|p1|Pelipper, M|\n|poke|p1|Ogerpon, F|\n|poke|p2|Latios, M|\n|poke|p2|Gardevoir, F|\n|poke|p2|Hoopa-Unbound|\n|poke|p2|Tapu Lele|\n|poke|p2|Sneasler, F|\n|poke|p2|Tyranitar, M|\n|teampreview\n|inactive|Battle timer is ON: inactive players will automatically lose when time's up. (requested by Clayanto)\n|\n|t:|1700225517\n|start\n|switch|p1a: Sudowoodo|Sudowoodo, F, shiny|100\/100\n|switch|p2a: Latios|Latios, M|100\/100\n|turn|1\n|\n|t:|1700225523\n|move|p2a: Latios|Whirlpool|p1a: Sudowoodo\n|-supereffective|p1a: Sudowoodo\n|-damage|p1a: Sudowoodo|64\/100\n|-activate|p1a: Sudowoodo|move: Whirlpool|[of] p2a: Latios\n|move|p1a: Sudowoodo|Stealth Rock|p2a: Latios\n|-sidestart|p2: Clayanto|move: Stealth Rock\n|\n|-damage|p1a: Sudowoodo|51\/100|[from] move: Whirlpool|[partiallytrapped]\n|upkeep\n|turn|2\n|\n|t:|1700225531\n|move|p2a: Latios|Thunder Wave|p1a: Sudowoodo\n|-status|p1a: Sudowoodo|par\n|move|p1a: Sudowoodo|Explosion|p2a: Latios\n|-damage|p2a: Latios|35\/100\n|faint|p1a: Sudowoodo\n|\n|upkeep\n|\n|t:|1700225543\n|switch|p1a: Ogerpon|Ogerpon, F|100\/100\n|turn|3\n|\n|t:|1700225548\n|move|p1a: Ogerpon|U-turn|p2a: Latios\n|-supereffective|p2a: Latios\n|-damage|p2a: Latios|0 fnt\n|faint|p2a: Latios\n|\n|t:|1700225552\n|switch|p1a: Shiftry|Shiftry, F, shiny|100\/100|[from] U-turn\n|\n|upkeep\n|\n|t:|1700225561\n|switch|p2a: Tapu Lele|Tapu Lele|100\/100\n|-damage|p2a: Tapu Lele|88\/100|[from] Stealth Rock\n|-fieldstart|move: Psychic Terrain|[from] ability: Psychic Surge|[of] p2a: Tapu Lele\n|turn|4\n|\n|t:|1700225566\n|move|p2a: Tapu Lele|Future Sight|p1a: Shiftry\n|-start|p2a: Tapu Lele|move: Future Sight\n|move|p1a: Shiftry|Tailwind|p1a: Shiftry\n|-sidestart|p1: ouxiaonengshou|move: Tailwind\n|-ability|p1a: Shiftry|Wind Rider|boost\n|-boost|p1a: Shiftry|atk|1\n|\n|upkeep\n|turn|5\n|\n|t:|1700225576\n|move|p1a: Shiftry|Knock Off|p2a: Tapu Lele\n|-damage|p2a: Tapu Lele|0 fnt\n|-enditem|p2a: Tapu Lele|Mind Plate|[from] move: Knock Off|[of] p1a: Shiftry\n|faint|p2a: Tapu Lele\n|\n|upkeep\n|\n|t:|1700225585\n|switch|p2a: Sneasler|Sneasler, F|100\/100\n|-damage|p2a: Sneasler|94\/100|[from] Stealth Rock\n|-enditem|p2a: Sneasler|Psychic Seed\n|-boost|p2a: Sneasler|spd|1|[from] item: Psychic Seed\n|turn|6\n|\n|t:|1700225596\n|move|p2a: Sneasler|Swords Dance|p2a: Sneasler\n|-boost|p2a: Sneasler|atk|2\n|move|p1a: Shiftry|Explosion|p2a: Sneasler\n|-damage|p2a: Sneasler|0 fnt\n|faint|p1a: Shiftry\n|faint|p2a: Sneasler\n|\n|-hint|Future Sight did not hit because the target is fainted.\n|upkeep\n|\n|t:|1700225607\n|switch|p2a: Gardevoir|Gardevoir, F|100\/100\n|switch|p1a: Ogerpon|Ogerpon, F|100\/100\n|-damage|p2a: Gardevoir|88\/100|[from] Stealth Rock\n|-ability|p2a: Gardevoir|Defiant|[from] ability: Trace|[of] p1a: Ogerpon\n|turn|7\n|\n|t:|1700225616\n|-terastallize|p2a: Gardevoir|Steel\n|-zpower|p1a: Ogerpon\n|move|p1a: Ogerpon|Bloom Doom|p2a: Gardevoir|[zeffect]\n|-resisted|p2a: Gardevoir\n|-damage|p2a: Gardevoir|46\/100\n|-enditem|p2a: Gardevoir|Kee Berry|[eat]\n|-boost|p2a: Gardevoir|def|1|[from] item: Kee Berry\n|move|p2a: Gardevoir|Calm Mind|p2a: Gardevoir\n|-boost|p2a: Gardevoir|spa|1\n|-boost|p2a: Gardevoir|spd|1\n|\n|-sideend|p1: ouxiaonengshou|move: Tailwind\n|upkeep\n|turn|8\n|\n|t:|1700225630\n|move|p1a: Ogerpon|U-turn|p2a: Gardevoir\n|-resisted|p2a: Gardevoir\n|-damage|p2a: Gardevoir|39\/100\n|\n|t:|1700225634\n|switch|p1a: Pelipper|Pelipper, M|100\/100|[from] U-turn\n|-weather|RainDance|[from] ability: Drizzle|[of] p1a: Pelipper\n|move|p2a: Gardevoir|Draining Kiss|p1a: Pelipper\n|-damage|p1a: Pelipper|60\/100\n|-heal|p2a: Gardevoir|68\/100|[from] drain|[of] p1a: Pelipper\n|\n|-weather|RainDance|[upkeep]\n|-fieldend|move: Psychic Terrain\n|upkeep\n|turn|9\n|\n|t:|1700225643\n|move|p2a: Gardevoir|Calm Mind|p2a: Gardevoir\n|-boost|p2a: Gardevoir|spa|1\n|-boost|p2a: Gardevoir|spd|1\n|move|p1a: Pelipper|U-turn|p2a: Gardevoir\n|-resisted|p2a: Gardevoir\n|-damage|p2a: Gardevoir|65\/100\n|\n|t:|1700225648\n|switch|p1a: Swampert|Swampert, F|100\/100|[from] U-turn\n|\n|-weather|RainDance|[upkeep]\n|upkeep\n|turn|10\n|\n|t:|1700225653\n|detailschange|p1a: Swampert|Swampert-Mega, F\n|-mega|p1a: Swampert|Swampert|Swampertite\n|move|p1a: Swampert|Earthquake|p2a: Gardevoir\n|-supereffective|p2a: Gardevoir\n|-damage|p2a: Gardevoir|0 fnt\n|faint|p2a: Gardevoir\n|\n|-weather|RainDance|[upkeep]\n|upkeep\n|\n|t:|1700225658\n|switch|p2a: Tyranitar|Tyranitar, M|100\/100\n|-damage|p2a: Tyranitar|88\/100|[from] Stealth Rock\n|-weather|Sandstorm|[from] ability: Sand Stream|[of] p2a: Tyranitar\n|turn|11\n|\n|t:|1700225666\n|detailschange|p2a: Tyranitar|Tyranitar-Mega, M\n|-mega|p2a: Tyranitar|Tyranitar|Tyranitarite\n|move|p1a: Swampert|Liquidation|p2a: Tyranitar\n|-supereffective|p2a: Tyranitar\n|-damage|p2a: Tyranitar|30\/100\n|-unboost|p2a: Tyranitar|def|1\n|move|p2a: Tyranitar|Pursuit|p1a: Swampert\n|-damage|p1a: Swampert|74\/100\n|\n|-weather|Sandstorm|[upkeep]\n|upkeep\n|turn|12\n|-message|Clayanto forfeited.\n|\n|win|ouxiaonengshou\n|raw|ouxiaonengshou's rating: 1222 &rarr; <strong>1247<\/strong><br \/>(+25 for winning)\n|raw|Clayanto's rating: 1221 &rarr; <strong>1196<\/strong><br \/>(-25 for losing)\n|l|\u2606Clayanto\n","uploadtime":1700225680,"views":6,"p1id":"ouxiaonengshou","p2id":"clayanto","formatid":"gen9nationaldex","rating":1196,"private":0,"password":""}