{"id":"gen9nationaldex-1995833176","p1":"PM4201","p2":"MP1024","format":"[Gen 9] National Dex","log":"|html|<div class=\"broadcast-blue\"><strong>[Gen 9] National Dex is currently suspecting Sneasler! For information on how to participate check out the <a href=\"https:\/\/www.smogon.com\/forums\/threads\/sv-national-dex-suspect-8-just-dance.3731534\/\">suspect thread<\/a>.<\/strong><\/div>\n|j|\u2606PM4201\n|j|\u2606MP1024\n|t:|1700607686\n|gametype|singles\n|player|p1|PM4201|pokemonranger-gen4|\n|player|p2|MP1024|scientist|\n|teamsize|p1|6\n|teamsize|p2|6\n|gen|9\n|tier|[Gen 9] National Dex\n|rule|HP Percentage Mod: HP is shown in percentages\n|rule|Endless Battle Clause: Forcing endless battles is banned\n|rule|OHKO Clause: OHKO moves are banned\n|rule|Evasion Clause: Evasion abilities, items, and moves are banned\n|rule|Evasion Abilities Clause: Evasion abilities are banned\n|rule|Evasion Items Clause: Evasion items are banned\n|rule|Evasion Moves Clause: Evasion moves are banned\n|rule|Species Clause: Limit one of each Pok\u00e9mon\n|rule|Sleep Clause Mod: Limit one foe put to sleep\n|clearpoke\n|poke|p1|Beheeyem, M|\n|poke|p1|Klinklang|\n|poke|p1|Volcarona, F|\n|poke|p1|Scrafty, M|\n|poke|p1|Haxorus, F|\n|poke|p1|Vanilluxe, F|\n|poke|p2|Iron Valiant|\n|poke|p2|Iron Moth|\n|poke|p2|Sandy Shocks|\n|poke|p2|Brute Bonnet|\n|poke|p2|Glimmora, M|\n|poke|p2|Medicham, F|\n|teampreview\n|inactive|Battle timer is ON: inactive players will automatically lose when time's up. (requested by MP1024)\n|\n|t:|1700607717\n|start\n|switch|p1a: Klinklang|Klinklang|100\/100\n|switch|p2a: Glimmora|Glimmora, M|100\/100\n|turn|1\n|\n|t:|1700607728\n|move|p2a: Glimmora|Earth Power|p1a: Klinklang\n|-supereffective|p1a: Klinklang\n|-damage|p1a: Klinklang|5\/100\n|move|p1a: Klinklang|Shift Gear|p1a: Klinklang\n|-boost|p1a: Klinklang|spe|2\n|-boost|p1a: Klinklang|atk|1\n|\n|upkeep\n|turn|2\n|\n|t:|1700607744\n|move|p1a: Klinklang|Gear Grind|p2a: Glimmora\n|-supereffective|p2a: Glimmora\n|-damage|p2a: Glimmora|18\/100\n|-activate|p2a: Glimmora|ability: Toxic Debris\n|-sidestart|p1: PM4201|move: Toxic Spikes\n|-supereffective|p2a: Glimmora\n|-damage|p2a: Glimmora|0 fnt\n|-activate|p2a: Glimmora|ability: Toxic Debris\n|-sidestart|p1: PM4201|move: Toxic Spikes\n|faint|p2a: Glimmora\n|-hitcount|p2: Glimmora|2\n|\n|upkeep\n|\n|t:|1700607762\n|switch|p2a: Medicham|Medicham, F|100\/100\n|turn|3\n|\n|t:|1700607767\n|move|p2a: Medicham|Fake Out|p1a: Klinklang\n|-resisted|p1a: Klinklang\n|-damage|p1a: Klinklang|0 fnt\n|-damage|p2a: Medicham|84\/100|[from] item: Rocky Helmet|[of] p1a: Klinklang\n|faint|p1a: Klinklang\n|\n|upkeep\n|\n|t:|1700607771\n|switch|p1a: Volcarona|Volcarona, F|100\/100\n|turn|4\n|\n|t:|1700607778\n|move|p1a: Volcarona|Quiver Dance|p1a: Volcarona\n|-boost|p1a: Volcarona|spa|1\n|-boost|p1a: Volcarona|spd|1\n|-boost|p1a: Volcarona|spe|1\n|move|p2a: Medicham|Psycho Cut|p1a: Volcarona\n|-damage|p1a: Volcarona|30\/100\n|\n|upkeep\n|turn|5\n|\n|t:|1700607797\n|move|p2a: Medicham|Bullet Punch|p1a: Volcarona\n|-resisted|p1a: Volcarona\n|-damage|p1a: Volcarona|16\/100\n|move|p1a: Volcarona|Bug Buzz|p2a: Medicham\n|-damage|p2a: Medicham|0 fnt\n|faint|p2a: Medicham\n|\n|upkeep\n|\n|t:|1700607807\n|switch|p2a: Brute Bonnet|Brute Bonnet|100\/100\n|turn|6\n|\n|t:|1700607811\n|move|p2a: Brute Bonnet|Sucker Punch|p1a: Volcarona\n|-damage|p1a: Volcarona|0 fnt\n|faint|p1a: Volcarona\n|\n|upkeep\n|\n|t:|1700607820\n|switch|p1a: Scrafty|Scrafty, M|100\/100\n|-status|p1a: Scrafty|tox\n|turn|7\n|\n|t:|1700607829\n|move|p1a: Scrafty|Drain Punch|p2a: Brute Bonnet\n|-supereffective|p2a: Brute Bonnet\n|-damage|p2a: Brute Bonnet|29\/100\n|-damage|p1a: Scrafty|91\/100 tox|[from] item: Life Orb\n|move|p2a: Brute Bonnet|Seed Bomb|p1a: Scrafty\n|-damage|p1a: Scrafty|43\/100 tox\n|\n|-damage|p1a: Scrafty|37\/100 tox|[from] psn\n|upkeep\n|turn|8\n|\n|t:|1700607842\n|move|p2a: Brute Bonnet|Sucker Punch|p1a: Scrafty\n|-resisted|p1a: Scrafty\n|-damage|p1a: Scrafty|26\/100 tox\n|move|p1a: Scrafty|Drain Punch|p2a: Brute Bonnet\n|-supereffective|p2a: Brute Bonnet\n|-damage|p2a: Brute Bonnet|0 fnt\n|-heal|p1a: Scrafty|48\/100 tox|[from] drain|[of] p2a: Brute Bonnet\n|faint|p2a: Brute Bonnet\n|-end|p2a: Brute Bonnet|Protosynthesis|[silent]\n|-ability|p1a: Scrafty|Moxie|boost\n|-boost|p1a: Scrafty|atk|1\n|-damage|p1a: Scrafty|38\/100 tox|[from] item: Life Orb\n|\n|-damage|p1a: Scrafty|26\/100 tox|[from] psn\n|upkeep\n|\n|t:|1700607860\n|switch|p2a: Iron Valiant|Iron Valiant|100\/100\n|-enditem|p2a: Iron Valiant|Booster Energy\n|-activate|p2a: Iron Valiant|ability: Quark Drive|[fromitem]\n|-start|p2a: Iron Valiant|quarkdrivespe\n|turn|9\n|\n|t:|1700607870\n|move|p2a: Iron Valiant|Leaf Blade|p1a: Scrafty\n|-crit|p1a: Scrafty\n|-damage|p1a: Scrafty|0 fnt\n|faint|p1a: Scrafty\n|\n|upkeep\n|\n|t:|1700607877\n|switch|p1a: Vanilluxe|Vanilluxe, F|100\/100\n|-status|p1a: Vanilluxe|tox\n|turn|10\n|\n|t:|1700607884\n|move|p2a: Iron Valiant|Spirit Break|p1a: Vanilluxe\n|-damage|p1a: Vanilluxe|54\/100 tox\n|-unboost|p1a: Vanilluxe|spa|1\n|-ability|p1a: Vanilluxe|Weak Armor|boost\n|-unboost|p1a: Vanilluxe|def|1\n|-boost|p1a: Vanilluxe|spe|2\n|move|p1a: Vanilluxe|Flash Cannon|p2a: Iron Valiant\n|-supereffective|p2a: Iron Valiant\n|-damage|p2a: Iron Valiant|33\/100\n|\n|-damage|p1a: Vanilluxe|48\/100 tox|[from] psn\n|upkeep\n|turn|11\n|inactive|MP1024 has 270 seconds left.\n|\n|t:|1700607919\n|move|p2a: Iron Valiant|Psycho Cut|p1a: Vanilluxe\n|-damage|p1a: Vanilluxe|5\/100 tox\n|-ability|p1a: Vanilluxe|Weak Armor|boost\n|-unboost|p1a: Vanilluxe|def|1\n|-boost|p1a: Vanilluxe|spe|2\n|move|p1a: Vanilluxe|Flash Cannon|p2a: Iron Valiant\n|-supereffective|p2a: Iron Valiant\n|-damage|p2a: Iron Valiant|0 fnt\n|faint|p2a: Iron Valiant\n|-end|p2a: Iron Valiant|Quark Drive|[silent]\n|\n|-damage|p1a: Vanilluxe|0 fnt|[from] psn\n|faint|p1a: Vanilluxe\n|upkeep\n|inactive|MP1024 has 270 seconds left.\n|\n|t:|1700607936\n|switch|p2a: Iron Moth|Iron Moth|100\/100\n|switch|p1a: Haxorus|Haxorus, F|100\/100\n|-item|p2a: Iron Moth|Air Balloon\n|-status|p1a: Haxorus|tox\n|-ability|p1a: Haxorus|Mold Breaker\n|turn|12\n|inactive|MP1024 has 270 seconds left.\n|\n|t:|1700607946\n|move|p1a: Haxorus|First Impression|p2a: Iron Moth\n|-resisted|p2a: Iron Moth\n|-damage|p2a: Iron Moth|87\/100\n|-enditem|p2a: Iron Moth|Air Balloon\n|move|p2a: Iron Moth|Sludge Wave|p1a: Haxorus\n|-damage|p1a: Haxorus|12\/100 tox\n|\n|-damage|p1a: Haxorus|6\/100 tox|[from] psn\n|upkeep\n|turn|13\n|inactive|MP1024 has 270 seconds left.\n|\n|t:|1700607960\n|move|p2a: Iron Moth|Discharge|p1a: Haxorus\n|-resisted|p1a: Haxorus\n|-damage|p1a: Haxorus|0 fnt\n|faint|p1a: Haxorus\n|\n|upkeep\n|\n|t:|1700607964\n|switch|p1a: Beheeyem|Beheeyem, M|100\/100\n|-status|p1a: Beheeyem|tox\n|turn|14\n|\n|t:|1700607978\n|-terastallize|p1a: Beheeyem|Psychic\n|move|p2a: Iron Moth|Fiery Dance|p1a: Beheeyem\n|-damage|p1a: Beheeyem|57\/100 tox\n|move|p1a: Beheeyem|Psychic|p2a: Iron Moth\n|-supereffective|p2a: Iron Moth\n|-damage|p2a: Iron Moth|0 fnt\n|faint|p2a: Iron Moth\n|-end|p2a: Iron Moth|Quark Drive|[silent]\n|\n|-heal|p1a: Beheeyem|63\/100 tox|[from] item: Leftovers\n|-damage|p1a: Beheeyem|57\/100 tox|[from] psn\n|upkeep\n|inactive|MP1024 has 270 seconds left.\n|\n|t:|1700607989\n|switch|p2a: Sandy Shocks|Sandy Shocks|100\/100\n|turn|15\n|inactive|MP1024 has 270 seconds left.\n|\n|t:|1700608002\n|move|p2a: Sandy Shocks|Earth Power|p1a: Beheeyem\n|-damage|p1a: Beheeyem|10\/100 tox\n|move|p1a: Beheeyem|Psychic|p2a: Sandy Shocks\n|-damage|p2a: Sandy Shocks|18\/100\n|\n|-heal|p1a: Beheeyem|17\/100 tox|[from] item: Leftovers\n|-damage|p1a: Beheeyem|4\/100 tox|[from] psn\n|upkeep\n|turn|16\n|inactive|MP1024 has 270 seconds left.\n|\n|t:|1700608018\n|move|p2a: Sandy Shocks|Discharge|p1a: Beheeyem\n|-damage|p1a: Beheeyem|0 fnt\n|faint|p1a: Beheeyem\n|\n|win|MP1024\n|l|\u2606PM4201\n","uploadtime":1700608044,"views":0,"p1id":"pm4201","p2id":"mp1024","formatid":"gen9nationaldex","rating":0,"private":0,"password":""}