{"id":"gen9nationaldex-1990214724","p1":"tavro","p2":"Garchompbestpsuedo","format":"[Gen 9] National Dex","log":"|j|\u2606tavro\n|j|\u2606Garchompbestpsuedo\n|t:|1699938543\n|gametype|singles\n|player|p1|tavro|backpacker|1157\n|player|p2|Garchompbestpsuedo|lyra|1117\n|teamsize|p1|6\n|teamsize|p2|6\n|gen|9\n|tier|[Gen 9] National Dex\n|rated|\n|rule|HP Percentage Mod: HP is shown in percentages\n|rule|Endless Battle Clause: Forcing endless battles is banned\n|rule|OHKO Clause: OHKO moves are banned\n|rule|Evasion Clause: Evasion abilities, items, and moves are banned\n|rule|Evasion Abilities Clause: Evasion abilities are banned\n|rule|Evasion Items Clause: Evasion items are banned\n|rule|Evasion Moves Clause: Evasion moves are banned\n|rule|Species Clause: Limit one of each Pok\u00e9mon\n|rule|Sleep Clause Mod: Limit one foe put to sleep\n|clearpoke\n|poke|p1|Samurott-Hisui, F|\n|poke|p1|Slither Wing|\n|poke|p1|Sceptile, F|\n|poke|p1|Excadrill, M|\n|poke|p1|Arctozolt|\n|poke|p1|Ninetales-Alola, F|\n|poke|p2|Chesnaught, F|\n|poke|p2|Pawmot, M|\n|poke|p2|Lucario, F|\n|poke|p2|Sawk, M|\n|poke|p2|Crabominable, M|\n|poke|p2|Tauros-Paldea-Combat, M|\n|teampreview\n|\n|t:|1699938570\n|start\n|switch|p1a: Slither Wing|Slither Wing|100\/100\n|switch|p2a: Pawmot|Pawmot, M|100\/100\n|turn|1\n|\n|t:|1699938579\n|move|p1a: Slither Wing|Flame Charge|p2a: Pawmot\n|-damage|p2a: Pawmot|75\/100\n|-boost|p1a: Slither Wing|spe|1\n|move|p2a: Pawmot|Double Shock|p1a: Slither Wing\n|-damage|p1a: Slither Wing|27\/100\n|-start|p2a: Pawmot|typechange|???\/Fighting|[from] move: Double Shock\n|\n|-heal|p2a: Pawmot|81\/100|[from] item: Leftovers\n|upkeep\n|turn|2\n|\n|t:|1699938601\n|switch|p2a: Tauros|Tauros-Paldea-Combat, M|100\/100\n|move|p1a: Slither Wing|Brick Break|p2a: Tauros\n|-damage|p2a: Tauros|62\/100\n|\n|-heal|p2a: Tauros|68\/100|[from] item: Leftovers\n|upkeep\n|turn|3\n|\n|t:|1699938612\n|move|p1a: Slither Wing|Brick Break|p2a: Tauros\n|-damage|p2a: Tauros|25\/100\n|move|p2a: Tauros|Close Combat|p1a: Slither Wing\n|-resisted|p1a: Slither Wing\n|-damage|p1a: Slither Wing|0 fnt\n|-unboost|p2a: Tauros|def|1\n|-unboost|p2a: Tauros|spd|1\n|faint|p1a: Slither Wing\n|-end|p1a: Slither Wing|Protosynthesis|[silent]\n|\n|-heal|p2a: Tauros|31\/100|[from] item: Leftovers\n|upkeep\n|\n|t:|1699938621\n|switch|p1a: Samurott|Samurott-Hisui, F|100\/100\n|turn|4\n|\n|t:|1699938627\n|move|p1a: Samurott|Swagger|p2a: Tauros\n|-boost|p2a: Tauros|atk|2\n|-enditem|p1a: Samurott|Mirror Herb\n|-boost|p1a: Samurott|atk|2|[from] item: Mirror Herb\n|-start|p2a: Tauros|confusion\n|-activate|p2a: Tauros|confusion\n|-damage|p2a: Tauros|0 fnt|[from] confusion\n|faint|p2a: Tauros\n|\n|upkeep\n|\n|t:|1699938641\n|switch|p2a: Sawk|Sawk, M|100\/100\n|turn|5\n|\n|t:|1699938647\n|-terastallize|p1a: Samurott|Electric\n|move|p1a: Samurott|Aqua Cutter|p2a: Sawk\n|-ability|p2a: Sawk|Sturdy\n|-damage|p2a: Sawk|1\/100\n|move|p2a: Sawk|Close Combat|p1a: Samurott\n|-damage|p1a: Samurott|20\/100\n|-unboost|p2a: Sawk|def|1\n|-unboost|p2a: Sawk|spd|1\n|\n|-heal|p2a: Sawk|7\/100|[from] item: Leftovers\n|upkeep\n|turn|6\n|\n|t:|1699938661\n|move|p1a: Samurott|Aqua Jet|p2a: Sawk\n|-damage|p2a: Sawk|0 fnt\n|faint|p2a: Sawk\n|\n|upkeep\n|\n|t:|1699938666\n|switch|p2a: Chesnaught|Chesnaught, F|100\/100\n|turn|7\n|\n|t:|1699938675\n|move|p1a: Samurott|Swagger|p2a: Chesnaught\n|-boost|p2a: Chesnaught|atk|2\n|-start|p2a: Chesnaught|confusion\n|-activate|p2a: Chesnaught|confusion\n|move|p2a: Chesnaught|Close Combat|p1a: Samurott\n|-damage|p1a: Samurott|0 fnt\n|-unboost|p2a: Chesnaught|def|1\n|-unboost|p2a: Chesnaught|spd|1\n|faint|p1a: Samurott\n|\n|upkeep\n|\n|t:|1699938685\n|switch|p1a: Ninetales|Ninetales-Alola, F|100\/100\n|-weather|Snow|[from] ability: Snow Warning|[of] p1a: Ninetales\n|turn|8\n|\n|t:|1699938692\n|switch|p2a: Lucario|Lucario, F|100\/100\n|move|p1a: Ninetales|Aurora Veil|p1a: Ninetales\n|-sidestart|p1: tavro|move: Aurora Veil\n|\n|-weather|Snow|[upkeep]\n|upkeep\n|turn|9\n|inactive|Battle timer is ON: inactive players will automatically lose when time's up. (requested by Garchompbestpsuedo)\n|\n|t:|1699938699\n|switch|p1a: Excadrill|Excadrill, M|100\/100\n|-ability|p1a: Excadrill|Mold Breaker\n|move|p2a: Lucario|Bulk Up|p2a: Lucario\n|-boost|p2a: Lucario|atk|1\n|-boost|p2a: Lucario|def|1\n|\n|-weather|Snow|[upkeep]\n|upkeep\n|turn|10\n|\n|t:|1699938709\n|-terastallize|p2a: Lucario|Fighting\n|move|p1a: Excadrill|Earthquake|p2a: Lucario\n|-damage|p2a: Lucario|53\/100\n|move|p2a: Lucario|Close Combat|p1a: Excadrill\n|-supereffective|p1a: Excadrill\n|-enditem|p1a: Excadrill|Focus Sash\n|-damage|p1a: Excadrill|1\/100\n|-unboost|p2a: Lucario|def|1\n|-unboost|p2a: Lucario|spd|1\n|\n|-weather|Snow|[upkeep]\n|-heal|p2a: Lucario|60\/100|[from] item: Leftovers\n|upkeep\n|turn|11\n|\n|t:|1699938723\n|move|p2a: Lucario|Bullet Punch|p1a: Excadrill\n|-resisted|p1a: Excadrill\n|-damage|p1a: Excadrill|0 fnt\n|faint|p1a: Excadrill\n|\n|-weather|Snow|[upkeep]\n|-heal|p2a: Lucario|66\/100|[from] item: Leftovers\n|upkeep\n|\n|t:|1699938733\n|switch|p1a: Sceptile|Sceptile, F|100\/100\n|turn|12\n|\n|t:|1699938742\n|switch|p2a: Chesnaught|Chesnaught, F|100\/100\n|detailschange|p1a: Sceptile|Sceptile-Mega, F\n|-mega|p1a: Sceptile|Sceptile|Sceptilite\n|move|p1a: Sceptile|Dragon Pulse|p2a: Chesnaught\n|-damage|p2a: Chesnaught|49\/100\n|\n|-weather|none\n|-heal|p2a: Chesnaught|55\/100|[from] item: Leftovers\n|-sideend|p1: tavro|move: Aurora Veil\n|upkeep\n|turn|13\n|\n|t:|1699938758\n|switch|p1a: Ninetales|Ninetales-Alola, F|100\/100\n|-weather|Snow|[from] ability: Snow Warning|[of] p1a: Ninetales\n|move|p2a: Chesnaught|Close Combat|p1a: Ninetales\n|-damage|p1a: Ninetales|46\/100\n|-unboost|p2a: Chesnaught|def|1\n|-unboost|p2a: Chesnaught|spd|1\n|\n|-weather|Snow|[upkeep]\n|-heal|p1a: Ninetales|52\/100|[from] item: Leftovers\n|-heal|p2a: Chesnaught|61\/100|[from] item: Leftovers\n|upkeep\n|turn|14\n|\n|t:|1699938775\n|switch|p2a: Crabominable|Crabominable, M|100\/100\n|move|p1a: Ninetales|Blizzard|p2a: Crabominable\n|-resisted|p2a: Crabominable\n|-damage|p2a: Crabominable|78\/100\n|\n|-weather|Snow|[upkeep]\n|-heal|p1a: Ninetales|58\/100|[from] item: Leftovers\n|-heal|p2a: Crabominable|84\/100|[from] item: Leftovers\n|upkeep\n|turn|15\n|\n|t:|1699938786\n|move|p1a: Ninetales|Moonblast|p2a: Crabominable\n|-supereffective|p2a: Crabominable\n|-damage|p2a: Crabominable|1\/100\n|-unboost|p2a: Crabominable|spa|1\n|move|p2a: Crabominable|Ice Hammer|p1a: Ninetales\n|-resisted|p1a: Ninetales\n|-damage|p1a: Ninetales|30\/100\n|-unboost|p2a: Crabominable|spe|1\n|\n|-weather|Snow|[upkeep]\n|-heal|p1a: Ninetales|36\/100|[from] item: Leftovers\n|-heal|p2a: Crabominable|7\/100|[from] item: Leftovers\n|upkeep\n|turn|16\n|\n|t:|1699938800\n|switch|p1a: Arctozolt|Arctozolt|100\/100\n|move|p2a: Crabominable|Ice Hammer|p1a: Arctozolt\n|-resisted|p1a: Arctozolt\n|-damage|p1a: Arctozolt|84\/100\n|-unboost|p2a: Crabominable|spe|1\n|\n|-weather|Snow|[upkeep]\n|-heal|p2a: Crabominable|13\/100|[from] item: Leftovers\n|upkeep\n|turn|17\n|\n|t:|1699938812\n|switch|p2a: Pawmot|Pawmot, M|81\/100\n|move|p1a: Arctozolt|Bolt Beak|p2a: Pawmot\n|-heal|p2a: Pawmot|100\/100|[from] ability: Volt Absorb|[of] p1a: Arctozolt\n|\n|-weather|none\n|upkeep\n|turn|18\n|\n|t:|1699938820\n|switch|p1a: Ninetales|Ninetales-Alola, F|36\/100\n|-weather|Snow|[from] ability: Snow Warning|[of] p1a: Ninetales\n|move|p2a: Pawmot|Close Combat|p1a: Ninetales\n|-damage|p1a: Ninetales|0 fnt\n|-unboost|p2a: Pawmot|def|1\n|-unboost|p2a: Pawmot|spd|1\n|faint|p1a: Ninetales\n|\n|-weather|Snow|[upkeep]\n|upkeep\n|\n|t:|1699938823\n|switch|p1a: Arctozolt|Arctozolt|84\/100\n|turn|19\n|\n|t:|1699938844\n|switch|p2a: Crabominable|Crabominable, M|13\/100\n|move|p1a: Arctozolt|Stomping Tantrum|p2a: Crabominable\n|-damage|p2a: Crabominable|0 fnt\n|faint|p2a: Crabominable\n|-damage|p1a: Arctozolt|74\/100|[from] item: Life Orb\n|\n|-weather|Snow|[upkeep]\n|upkeep\n|inactive|Garchompbestpsuedo has 120 seconds left.\n|\n|t:|1699938862\n|switch|p2a: Lucario|Lucario, F, tera:Fighting|66\/100\n|turn|20\n|\n|t:|1699938885\n|move|p2a: Lucario|Bullet Punch|p1a: Arctozolt\n|-damage|p1a: Arctozolt|62\/100\n|move|p1a: Arctozolt|Bolt Beak|p2a: Lucario\n|-damage|p2a: Lucario|0 fnt\n|faint|p2a: Lucario\n|-damage|p1a: Arctozolt|52\/100|[from] item: Life Orb\n|\n|-weather|Snow|[upkeep]\n|upkeep\n|inactive|Garchompbestpsuedo has 120 seconds left.\n|\n|t:|1699938895\n|switch|p2a: Pawmot|Pawmot, M|100\/100\n|turn|21\n|\n|t:|1699938901\n|move|p1a: Arctozolt|Stomping Tantrum|p2a: Pawmot\n|-supereffective|p2a: Pawmot\n|-damage|p2a: Pawmot|11\/100\n|-damage|p1a: Arctozolt|42\/100|[from] item: Life Orb\n|move|p2a: Pawmot|Close Combat|p1a: Arctozolt\n|-supereffective|p1a: Arctozolt\n|-crit|p1a: Arctozolt\n|-damage|p1a: Arctozolt|0 fnt\n|-unboost|p2a: Pawmot|def|1\n|-unboost|p2a: Pawmot|spd|1\n|faint|p1a: Arctozolt\n|\n|-weather|Snow|[upkeep]\n|-heal|p2a: Pawmot|17\/100|[from] item: Leftovers\n|upkeep\n|\n|t:|1699938905\n|switch|p1a: Sceptile|Sceptile-Mega, F|100\/100\n|turn|22\n|\n|t:|1699938917\n|move|p1a: Sceptile|Dragon Pulse|p2a: Pawmot\n|-damage|p2a: Pawmot|0 fnt\n|faint|p2a: Pawmot\n|\n|-weather|none\n|upkeep\n|\n|t:|1699938923\n|switch|p2a: Chesnaught|Chesnaught, F|61\/100\n|turn|23\n|\n|t:|1699938927\n|move|p1a: Sceptile|Dragon Pulse|p2a: Chesnaught\n|-damage|p2a: Chesnaught|11\/100\n|move|p2a: Chesnaught|Synthesis|p2a: Chesnaught\n|-heal|p2a: Chesnaught|61\/100\n|\n|-heal|p2a: Chesnaught|67\/100|[from] item: Leftovers\n|upkeep\n|turn|24\n|\n|t:|1699938935\n|move|p1a: Sceptile|Dragon Pulse|p2a: Chesnaught\n|-damage|p2a: Chesnaught|16\/100\n|move|p2a: Chesnaught|Synthesis|p2a: Chesnaught\n|-heal|p2a: Chesnaught|66\/100\n|\n|-heal|p2a: Chesnaught|72\/100|[from] item: Leftovers\n|upkeep\n|turn|25\n|\n|t:|1699938945\n|move|p1a: Sceptile|Dragon Pulse|p2a: Chesnaught\n|-damage|p2a: Chesnaught|24\/100\n|move|p2a: Chesnaught|Synthesis|p2a: Chesnaught\n|-heal|p2a: Chesnaught|73\/100\n|\n|-heal|p2a: Chesnaught|79\/100|[from] item: Leftovers\n|upkeep\n|turn|26\n|\n|t:|1699938954\n|move|p1a: Sceptile|Dragon Pulse|p2a: Chesnaught\n|-damage|p2a: Chesnaught|28\/100\n|move|p2a: Chesnaught|Synthesis|p2a: Chesnaught\n|-heal|p2a: Chesnaught|78\/100\n|\n|-heal|p2a: Chesnaught|84\/100|[from] item: Leftovers\n|upkeep\n|turn|27\n|\n|t:|1699938964\n|move|p1a: Sceptile|Dragon Pulse|p2a: Chesnaught\n|-damage|p2a: Chesnaught|33\/100\n|move|p2a: Chesnaught|Synthesis|p2a: Chesnaught\n|-heal|p2a: Chesnaught|83\/100\n|\n|-heal|p2a: Chesnaught|89\/100|[from] item: Leftovers\n|upkeep\n|turn|28\n|\n|t:|1699938973\n|move|p1a: Sceptile|Dragon Pulse|p2a: Chesnaught\n|-damage|p2a: Chesnaught|40\/100\n|move|p2a: Chesnaught|Synthesis|p2a: Chesnaught\n|-heal|p2a: Chesnaught|89\/100\n|\n|-heal|p2a: Chesnaught|95\/100|[from] item: Leftovers\n|upkeep\n|turn|29\n|\n|t:|1699938983\n|move|p1a: Sceptile|Dragon Pulse|p2a: Chesnaught\n|-damage|p2a: Chesnaught|48\/100\n|move|p2a: Chesnaught|Synthesis|p2a: Chesnaught\n|-heal|p2a: Chesnaught|98\/100\n|\n|-heal|p2a: Chesnaught|100\/100|[from] item: Leftovers\n|upkeep\n|turn|30\n|\n|t:|1699938999\n|move|p1a: Sceptile|Dragon Pulse|p2a: Chesnaught\n|-damage|p2a: Chesnaught|50\/100\n|move|p2a: Chesnaught|Bulk Up|p2a: Chesnaught\n|-boost|p2a: Chesnaught|atk|1\n|-boost|p2a: Chesnaught|def|1\n|\n|-heal|p2a: Chesnaught|56\/100|[from] item: Leftovers\n|upkeep\n|turn|31\n|\n|t:|1699939008\n|move|p1a: Sceptile|Dragon Pulse|p2a: Chesnaught\n|-damage|p2a: Chesnaught|8\/100\n|move|p2a: Chesnaught|Synthesis|p2a: Chesnaught\n|-heal|p2a: Chesnaught|58\/100\n|\n|-heal|p2a: Chesnaught|64\/100|[from] item: Leftovers\n|upkeep\n|turn|32\n|\n|t:|1699939017\n|move|p1a: Sceptile|Dragon Pulse|p2a: Chesnaught\n|-damage|p2a: Chesnaught|18\/100\n|move|p2a: Chesnaught|Close Combat|p1a: Sceptile\n|-damage|p1a: Sceptile|0 fnt\n|-unboost|p2a: Chesnaught|def|1\n|-unboost|p2a: Chesnaught|spd|1\n|faint|p1a: Sceptile\n|\n|win|Garchompbestpsuedo\n|raw|tavro's rating: 1157 &rarr; <strong>1129<\/strong><br \/>(-28 for losing)\n|raw|Garchompbestpsuedo's rating: 1117 &rarr; <strong>1145<\/strong><br \/>(+28 for winning)\n|l|\u2606tavro\n","uploadtime":1699939029,"views":15,"p1id":"tavro","p2id":"garchompbestpsuedo","formatid":"gen9nationaldex","rating":1129,"private":0,"password":""}