{"id":"gen9nationaldex-1993913816","p1":"guess 19","p2":"flysix","format":"[Gen 9] National Dex","log":"|j|\u2606guess 19\n|j|\u2606flysix\n|t:|1700374499\n|gametype|singles\n|player|p1|guess 19|brock|1508\n|player|p2|flysix|rosa|1552\n|teamsize|p1|6\n|teamsize|p2|6\n|gen|9\n|tier|[Gen 9] National Dex\n|rated|\n|rule|HP Percentage Mod: HP is shown in percentages\n|rule|Endless Battle Clause: Forcing endless battles is banned\n|rule|OHKO Clause: OHKO moves are banned\n|rule|Evasion Clause: Evasion abilities, items, and moves are banned\n|rule|Evasion Abilities Clause: Evasion abilities are banned\n|rule|Evasion Items Clause: Evasion items are banned\n|rule|Evasion Moves Clause: Evasion moves are banned\n|rule|Species Clause: Limit one of each Pok\u00e9mon\n|rule|Sleep Clause Mod: Limit one foe put to sleep\n|clearpoke\n|poke|p1|Steelix, M|\n|poke|p1|Spiritomb, F|\n|poke|p1|Porygon2|\n|poke|p1|Araquanid, M|\n|poke|p1|Infernape, F|\n|poke|p1|Thundurus-Therian, M|\n|poke|p2|Ceruledge, M|\n|poke|p2|Tapu Koko|\n|poke|p2|Sneasler, F|\n|poke|p2|Iron Treads|\n|poke|p2|Ogerpon-Wellspring, F|\n|poke|p2|Diancie|\n|teampreview\n|\n|t:|1700374509\n|start\n|switch|p1a: Steelix|Steelix, M|100\/100\n|switch|p2a: Tapu Koko|Tapu Koko|100\/100\n|-fieldstart|move: Electric Terrain|[from] ability: Electric Surge|[of] p2a: Tapu Koko\n|turn|1\n|inactive|Battle timer is ON: inactive players will automatically lose when time's up. (requested by flysix)\n|\n|t:|1700374513\n|move|p2a: Tapu Koko|U-turn|p1a: Steelix\n|-resisted|p1a: Steelix\n|-damage|p1a: Steelix|95\/100\n|-damage|p2a: Tapu Koko|84\/100|[from] item: Rocky Helmet|[of] p1a: Steelix\n|\n|t:|1700374519\n|switch|p2a: Ceruledge|Ceruledge, M|100\/100|[from] U-turn\n|move|p1a: Steelix|Stealth Rock|p2a: Ceruledge\n|-sidestart|p2: flysix|move: Stealth Rock\n|\n|upkeep\n|turn|2\n|\n|t:|1700374531\n|switch|p1a: Araquanid|Araquanid, M|100\/100\n|move|p2a: Ceruledge|Bitter Blade|p1a: Araquanid\n|-damage|p1a: Araquanid|75\/100\n|\n|upkeep\n|turn|3\n|\n|t:|1700374540\n|move|p2a: Ceruledge|Poltergeist|p1a: Araquanid\n|-activate|p1a: Araquanid|move: Poltergeist|Mystic Water\n|-crit|p1a: Araquanid\n|-damage|p1a: Araquanid|0 fnt\n|faint|p1a: Araquanid\n|\n|upkeep\n|inactive|guess 19 has 120 seconds left.\n|\n|t:|1700374570\n|switch|p1a: Spiritomb|Spiritomb, F|100\/100\n|turn|4\n|\n|t:|1700374576\n|move|p2a: Ceruledge|Bitter Blade|p1a: Spiritomb\n|-damage|p1a: Spiritomb|67\/100\n|move|p1a: Spiritomb|Hex|p2a: Ceruledge\n|-supereffective|p2a: Ceruledge\n|-damage|p2a: Ceruledge|50\/100\n|\n|-heal|p1a: Spiritomb|73\/100|[from] item: Leftovers\n|upkeep\n|turn|5\n|inactive|guess 19 has 120 seconds left.\n|\n|t:|1700374602\n|move|p2a: Ceruledge|Bitter Blade|p1a: Spiritomb\n|-damage|p1a: Spiritomb|41\/100\n|-heal|p2a: Ceruledge|68\/100|[from] drain|[of] p1a: Spiritomb\n|move|p1a: Spiritomb|Hex|p2a: Ceruledge\n|-supereffective|p2a: Ceruledge\n|-damage|p2a: Ceruledge|18\/100\n|\n|-heal|p1a: Spiritomb|47\/100|[from] item: Leftovers\n|-fieldend|move: Electric Terrain\n|upkeep\n|turn|6\n|inactive|guess 19 has 120 seconds left.\n|\n|t:|1700374610\n|move|p2a: Ceruledge|Poltergeist|p1a: Spiritomb\n|-activate|p1a: Spiritomb|move: Poltergeist|Leftovers\n|-damage|p1a: Spiritomb|3\/100\n|move|p1a: Spiritomb|Hex|p2a: Ceruledge\n|-supereffective|p2a: Ceruledge\n|-damage|p2a: Ceruledge|0 fnt\n|faint|p2a: Ceruledge\n|\n|-heal|p1a: Spiritomb|10\/100|[from] item: Leftovers\n|upkeep\n|\n|t:|1700374617\n|switch|p2a: Iron Treads|Iron Treads|100\/100\n|-damage|p2a: Iron Treads|97\/100|[from] Stealth Rock\n|turn|7\n|\n|t:|1700374622\n|move|p2a: Iron Treads|Earthquake|p1a: Spiritomb\n|-damage|p1a: Spiritomb|0 fnt\n|faint|p1a: Spiritomb\n|\n|upkeep\n|\n|t:|1700374631\n|switch|p1a: Steelix|Steelix, M|95\/100\n|turn|8\n|\n|t:|1700374644\n|move|p2a: Iron Treads|Rapid Spin|p1a: Steelix\n|-resisted|p1a: Steelix\n|-damage|p1a: Steelix|90\/100\n|-boost|p2a: Iron Treads|spe|1\n|-damage|p2a: Iron Treads|81\/100|[from] item: Rocky Helmet|[of] p1a: Steelix\n|-sideend|p2: flysix|Stealth Rock|[from] move: Rapid Spin|[of] p2a: Iron Treads\n|move|p1a: Steelix|Earthquake|p2a: Iron Treads\n|-supereffective|p2a: Iron Treads\n|-damage|p2a: Iron Treads|26\/100\n|\n|upkeep\n|turn|9\n|\n|t:|1700374652\n|move|p2a: Iron Treads|Stealth Rock|p1a: Steelix\n|-sidestart|p1: guess 19|move: Stealth Rock\n|move|p1a: Steelix|Earthquake|p2a: Iron Treads\n|-supereffective|p2a: Iron Treads\n|-damage|p2a: Iron Treads|0 fnt\n|faint|p2a: Iron Treads\n|-end|p2a: Iron Treads|Quark Drive|[silent]\n|\n|upkeep\n|\n|t:|1700374661\n|switch|p2a: Diancie|Diancie|100\/100\n|turn|10\n|\n|t:|1700374677\n|detailschange|p2a: Diancie|Diancie-Mega\n|-mega|p2a: Diancie|Diancie|Diancite\n|-terastallize|p1a: Steelix|Ghost\n|move|p2a: Diancie|Earth Power|p1a: Steelix\n|-damage|p1a: Steelix|59\/100\n|move|p1a: Steelix|Earthquake|p2a: Diancie\n|-supereffective|p2a: Diancie\n|-damage|p2a: Diancie|20\/100\n|\n|upkeep\n|turn|11\n|j| Bagpipie\n|\n|t:|1700374689\n|move|p2a: Diancie|Moonblast|p1a: Steelix\n|-crit|p1a: Steelix\n|-damage|p1a: Steelix|0 fnt\n|faint|p1a: Steelix\n|\n|upkeep\n|\n|t:|1700374702\n|switch|p1a: Porygon2|Porygon2|100\/100\n|-damage|p1a: Porygon2|88\/100|[from] Stealth Rock\n|turn|12\n|l| Bagpipie\n|\n|t:|1700374707\n|move|p2a: Diancie|Moonblast|p1a: Porygon2\n|-damage|p1a: Porygon2|60\/100\n|move|p1a: Porygon2|Thunderbolt|p2a: Diancie\n|-damage|p2a: Diancie|0 fnt\n|faint|p2a: Diancie\n|\n|upkeep\n|\n|t:|1700374710\n|switch|p2a: Ogerpon|Ogerpon-Wellspring, F|100\/100\n|turn|13\n|\n|t:|1700374716\n|-terastallize|p2a: Ogerpon|Water\n|detailschange|p2a: Ogerpon|Ogerpon-Wellspring-Tera, F, tera:Water\n|-ability|p2a: Ogerpon|Embody Aspect (Wellspring)|boost\n|-boost|p2a: Ogerpon|spd|1\n|move|p2a: Ogerpon|Ivy Cudgel|p1a: Porygon2|[anim] Ivy Cudgel Water\n|-damage|p1a: Porygon2|9\/100\n|move|p1a: Porygon2|Recover|p1a: Porygon2\n|-heal|p1a: Porygon2|59\/100\n|\n|upkeep\n|turn|14\n|\n|t:|1700374730\n|move|p2a: Ogerpon|Swords Dance|p2a: Ogerpon\n|-boost|p2a: Ogerpon|atk|2\n|move|p1a: Porygon2|Recover|p1a: Porygon2\n|-heal|p1a: Porygon2|100\/100\n|\n|upkeep\n|turn|15\n|\n|t:|1700374735\n|move|p2a: Ogerpon|Ivy Cudgel|p1a: Porygon2|[anim] Ivy Cudgel Water\n|-damage|p1a: Porygon2|1\/100\n|move|p1a: Porygon2|Thunderbolt|p2a: Ogerpon\n|-supereffective|p2a: Ogerpon\n|-crit|p2a: Ogerpon\n|-damage|p2a: Ogerpon|7\/100\n|-status|p2a: Ogerpon|par\n|\n|upkeep\n|turn|16\n|\n|t:|1700374743\n|cant|p2a: Ogerpon|par\n|move|p1a: Porygon2|Thunderbolt|p2a: Ogerpon\n|-supereffective|p2a: Ogerpon\n|-damage|p2a: Ogerpon|0 fnt\n|faint|p2a: Ogerpon\n|\n|upkeep\n|\n|t:|1700374747\n|switch|p2a: Tapu Koko|Tapu Koko|84\/100\n|-fieldstart|move: Electric Terrain|[from] ability: Electric Surge|[of] p2a: Tapu Koko\n|turn|17\n|\n|t:|1700374754\n|move|p2a: Tapu Koko|U-turn|p1a: Porygon2\n|-damage|p1a: Porygon2|0 fnt\n|faint|p1a: Porygon2\n|\n|t:|1700374758\n|switch|p2a: Sneasler|Sneasler, F|100\/100|[from] U-turn\n|\n|upkeep\n|j| higgsfuckingboson\n|\n|t:|1700374765\n|switch|p1a: Infernape|Infernape, F|100\/100\n|-damage|p1a: Infernape|88\/100|[from] Stealth Rock\n|turn|18\n|j| YJLF2\n|\n|t:|1700374780\n|move|p2a: Sneasler|Swords Dance|p2a: Sneasler\n|-boost|p2a: Sneasler|atk|2\n|move|p1a: Infernape|Thunder Punch|p2a: Sneasler\n|-enditem|p2a: Sneasler|Focus Sash\n|-damage|p2a: Sneasler|1\/100\n|-damage|p1a: Infernape|78\/100|[from] item: Life Orb\n|\n|upkeep\n|turn|19\n|\n|t:|1700374788\n|move|p1a: Infernape|Mach Punch|p2a: Sneasler\n|-resisted|p2a: Sneasler\n|-damage|p2a: Sneasler|0 fnt\n|faint|p2a: Sneasler\n|-damage|p1a: Infernape|69\/100|[from] item: Life Orb\n|\n|upkeep\n|\n|t:|1700374791\n|switch|p2a: Tapu Koko|Tapu Koko|84\/100\n|turn|20\n|c|\u2606flysix|gg\n|\n|t:|1700374802\n|move|p1a: Infernape|Mach Punch|p2a: Tapu Koko\n|-resisted|p2a: Tapu Koko\n|-damage|p2a: Tapu Koko|65\/100\n|-damage|p1a: Infernape|59\/100|[from] item: Life Orb\n|move|p2a: Tapu Koko|Brave Bird|p1a: Infernape\n|-supereffective|p1a: Infernape\n|-damage|p1a: Infernape|0 fnt\n|faint|p1a: Infernape\n|-damage|p2a: Tapu Koko|45\/100|[from] Recoil\n|\n|upkeep\n|\n|t:|1700374809\n|switch|p1a: Thundurus|Thundurus-Therian, M|100\/100\n|turn|21\n|\n|t:|1700374817\n|move|p2a: Tapu Koko|Wild Charge|p1a: Thundurus\n|-immune|p1a: Thundurus|[from] ability: Volt Absorb\n|move|p1a: Thundurus|Thunderbolt|p2a: Tapu Koko\n|-resisted|p2a: Tapu Koko\n|-damage|p2a: Tapu Koko|9\/100\n|\n|-fieldend|move: Electric Terrain\n|upkeep\n|turn|22\n|\n|t:|1700374822\n|-zpower|p2a: Tapu Koko\n|move|p2a: Tapu Koko|Supersonic Skystrike|p1a: Thundurus|[zeffect]\n|-resisted|p1a: Thundurus\n|-damage|p1a: Thundurus|51\/100\n|move|p1a: Thundurus|Thunderbolt|p2a: Tapu Koko\n|-resisted|p2a: Tapu Koko\n|-damage|p2a: Tapu Koko|0 fnt\n|faint|p2a: Tapu Koko\n|\n|win|guess 19\n|raw|guess 19's rating: 1508 &rarr; <strong>1531<\/strong><br \/>(+23 for winning)\n|raw|flysix's rating: 1552 &rarr; <strong>1529<\/strong><br \/>(-23 for losing)\n|l|\u2606flysix\n","uploadtime":1700374842,"views":10,"p1id":"guess19","p2id":"flysix","formatid":"gen9nationaldex","rating":1529,"private":0,"password":""}