{"id":"gen9nationaldex-1993077409","p1":"ghostietheproblem","p2":"Fealieya","format":"[Gen 9] National Dex","log":"|j|\u2606ghostietheproblem\n|j|\u2606Fealieya\n|t:|1700262158\n|gametype|singles\n|player|p1|ghostietheproblem|unknownf|1059\n|player|p2|Fealieya|266|1099\n|teamsize|p1|6\n|teamsize|p2|6\n|gen|9\n|tier|[Gen 9] National Dex\n|rated|\n|rule|HP Percentage Mod: HP is shown in percentages\n|rule|Endless Battle Clause: Forcing endless battles is banned\n|rule|OHKO Clause: OHKO moves are banned\n|rule|Evasion Clause: Evasion abilities, items, and moves are banned\n|rule|Evasion Abilities Clause: Evasion abilities are banned\n|rule|Evasion Items Clause: Evasion items are banned\n|rule|Evasion Moves Clause: Evasion moves are banned\n|rule|Species Clause: Limit one of each Pok\u00e9mon\n|rule|Sleep Clause Mod: Limit one foe put to sleep\n|clearpoke\n|poke|p1|Skarmory, L90, F|\n|poke|p1|Rotom-Heat, L90|\n|poke|p1|Aegislash, L90, M|\n|poke|p1|Raichu, L90, M|\n|poke|p1|Magnezone, L90|\n|poke|p1|Ampharos, L93, M|\n|poke|p2|Alomomola, F|\n|poke|p2|Toxapex, M|\n|poke|p2|Moltres|\n|poke|p2|Pikachu, F|\n|poke|p2|Mawile, M|\n|poke|p2|Corviknight, F|\n|teampreview\n|\n|t:|1700262165\n|start\n|switch|p1a: Ushas|Skarmory, L90, F|100\/100\n|switch|p2a: Moltres|Moltres|100\/100\n|turn|1\n|\n|t:|1700262170\n|move|p2a: Moltres|Flamethrower|p1a: Ushas\n|-supereffective|p1a: Ushas\n|-damage|p1a: Ushas|0 fnt\n|faint|p1a: Ushas\n|\n|upkeep\n|\n|t:|1700262181\n|switch|p1a: verrouiller|Raichu, L90, M|100\/100\n|turn|2\n|\n|t:|1700262189\n|switch|p2a: Pikachu|Pikachu, F|100\/100\n|move|p1a: verrouiller|Thunder Punch|p2a: Pikachu\n|-resisted|p2a: Pikachu\n|-damage|p2a: Pikachu|61\/100\n|\n|upkeep\n|turn|3\n|\n|t:|1700262199\n|-terastallize|p2a: Pikachu|Normal\n|-singleturn|p1a: verrouiller|move: Focus Punch\n|move|p2a: Pikachu|Fake Out|p1a: verrouiller\n|-damage|p1a: verrouiller|41\/100\n|cant|p1a: verrouiller|Focus Punch|Focus Punch\n|\n|upkeep\n|turn|4\n|\n|t:|1700262205\n|move|p2a: Pikachu|Extreme Speed|p1a: verrouiller\n|-damage|p1a: verrouiller|0 fnt\n|faint|p1a: verrouiller\n|\n|upkeep\n|\n|t:|1700262212\n|switch|p1a: Mace|Aegislash, L90, M|100\/100\n|turn|5\n|\n|t:|1700262225\n|switch|p2a: Mawile|Mawile, M|100\/100\n|-ability|p2a: Mawile|Intimidate|boost\n|-unboost|p1a: Mace|atk|1\n|-formechange|p1a: Mace|Aegislash-Blade||[from] ability: Stance Change\n|move|p1a: Mace|Sacred Sword|p2a: Mawile\n|-damage|p2a: Mawile|81\/100\n|\n|upkeep\n|turn|6\n|\n|t:|1700262234\n|detailschange|p2a: Mawile|Mawile-Mega, M\n|-mega|p2a: Mawile|Mawile|Mawilite\n|move|p1a: Mace|Shadow Ball|p2a: Mawile\n|-damage|p2a: Mawile|33\/100\n|move|p2a: Mawile|Swords Dance|p2a: Mawile\n|-boost|p2a: Mawile|atk|2\n|\n|upkeep\n|turn|7\n|\n|t:|1700262241\n|move|p2a: Mawile|Sucker Punch|p1a: Mace\n|-supereffective|p1a: Mace\n|-damage|p1a: Mace|0 fnt\n|-damage|p2a: Mawile|16\/100|[from] item: Rocky Helmet|[of] p1a: Mace\n|faint|p1a: Mace\n|\n|upkeep\n|\n|t:|1700262248\n|switch|p1a: Zapp|Rotom-Heat, L90|100\/100\n|turn|8\n|\n|t:|1700262257\n|move|p2a: Mawile|Sucker Punch|p1a: Zapp\n|-damage|p1a: Zapp|0 fnt\n|faint|p1a: Zapp\n|\n|upkeep\n|\n|t:|1700262261\n|switch|p1a: Energie|Magnezone, L90|100\/100\n|turn|9\n|\n|t:|1700262264\n|-singleturn|p2a: Mawile|move: Focus Punch\n|move|p1a: Energie|Tri Attack|p2a: Mawile\n|-resisted|p2a: Mawile\n|-damage|p2a: Mawile|0 fnt\n|faint|p2a: Mawile\n|\n|upkeep\n|\n|t:|1700262271\n|switch|p2a: Moltres|Moltres|100\/100\n|turn|10\n|inactive|Battle timer is ON: inactive players will automatically lose when time's up. (requested by Fealieya)\n|\n|t:|1700262277\n|move|p2a: Moltres|Flamethrower|p1a: Energie\n|-supereffective|p1a: Energie\n|-damage|p1a: Energie|0 fnt\n|faint|p1a: Energie\n|\n|upkeep\n|\n|t:|1700262282\n|switch|p1a: Cornelius|Ampharos, L93, M|100\/100\n|turn|11\n|\n|t:|1700262287\n|detailschange|p1a: Cornelius|Ampharos-Mega, L93, M\n|-mega|p1a: Cornelius|Ampharos|Ampharosite\n|-ability|p1a: Cornelius|Mold Breaker\n|move|p2a: Moltres|Scorching Sands|p1a: Cornelius\n|-supereffective|p1a: Cornelius\n|-damage|p1a: Cornelius|50\/100\n|-status|p1a: Cornelius|brn\n|move|p1a: Cornelius|Rain Dance|p1a: Cornelius\n|-weather|RainDance\n|\n|-weather|RainDance|[upkeep]\n|-damage|p1a: Cornelius|44\/100 brn|[from] brn\n|upkeep\n|turn|12\n|\n|t:|1700262299\n|move|p2a: Moltres|Scorching Sands|p1a: Cornelius\n|-supereffective|p1a: Cornelius\n|-damage|p1a: Cornelius|0 fnt\n|faint|p1a: Cornelius\n|\n|win|Fealieya\n|raw|ghostietheproblem's rating: 1059 &rarr; <strong>1042<\/strong><br \/>(-17 for losing)\n|raw|Fealieya's rating: 1099 &rarr; <strong>1121<\/strong><br \/>(+22 for winning)\n","uploadtime":1700262304,"views":6,"p1id":"ghostietheproblem","p2id":"fealieya","formatid":"gen9nationaldex","rating":1042,"private":0,"password":""}