{"id":"gen9nationaldex-1993547349","p1":"830r","p2":"JReynn","format":"[Gen 9] National Dex","log":"|j|\u2606830r\n|j|\u2606JReynn\n|t:|1700330404\n|gametype|singles\n|player|p1|830r|veteran|1221\n|player|p2|JReynn|169|1351\n|teamsize|p1|6\n|teamsize|p2|6\n|gen|9\n|tier|[Gen 9] National Dex\n|rated|\n|rule|HP Percentage Mod: HP is shown in percentages\n|rule|Endless Battle Clause: Forcing endless battles is banned\n|rule|OHKO Clause: OHKO moves are banned\n|rule|Evasion Clause: Evasion abilities, items, and moves are banned\n|rule|Evasion Abilities Clause: Evasion abilities are banned\n|rule|Evasion Items Clause: Evasion items are banned\n|rule|Evasion Moves Clause: Evasion moves are banned\n|rule|Species Clause: Limit one of each Pok\u00e9mon\n|rule|Sleep Clause Mod: Limit one foe put to sleep\n|clearpoke\n|poke|p1|Deoxys-Defense|\n|poke|p1|Celesteela|\n|poke|p1|Cursola, F|\n|poke|p1|Toxapex, F|\n|poke|p1|Banette, M|\n|poke|p1|Clodsire, F|\n|poke|p2|Charizard, M|\n|poke|p2|Quagsire, F|\n|poke|p2|Haxorus, M|\n|poke|p2|Delphox, F|\n|poke|p2|Clefable, F|\n|poke|p2|Donphan, M|\n|teampreview\n|inactive|Battle timer is ON: inactive players will automatically lose when time's up. (requested by 830r)\n|c|\u2606830r|PREPARE TO [die]\n|\n|t:|1700330431\n|start\n|switch|p1a: Deoxys|Deoxys-Defense|100\/100\n|switch|p2a: Delphox|Delphox, F, shiny|100\/100\n|-ability|p1a: Deoxys|Pressure\n|turn|1\n|\n|t:|1700330434\n|move|p2a: Delphox|Trick|p1a: Deoxys\n|-activate|p2a: Delphox|move: Trick|[of] p1a: Deoxys\n|-item|p1a: Deoxys|Choice Scarf|[from] move: Trick\n|-item|p2a: Delphox|Leftovers|[from] move: Trick\n|move|p1a: Deoxys|Cosmic Power|p1a: Deoxys\n|-boost|p1a: Deoxys|def|1\n|-boost|p1a: Deoxys|spd|1\n|\n|upkeep\n|turn|2\n|\n|t:|1700330446\n|switch|p1a: Toxapex|Toxapex, F, shiny|100\/100\n|switch|p2a: Haxorus|Haxorus, M, shiny|100\/100\n|-ability|p2a: Haxorus|Mold Breaker\n|\n|upkeep\n|turn|3\n|\n|t:|1700330450\n|move|p2a: Haxorus|Earthquake|p1a: Toxapex\n|-supereffective|p1a: Toxapex\n|-damage|p1a: Toxapex|5\/100\n|move|p1a: Toxapex|Toxic|p2a: Haxorus\n|-status|p2a: Haxorus|tox\n|\n|-heal|p1a: Toxapex|11\/100|[from] item: Black Sludge\n|-damage|p2a: Haxorus|94\/100 tox|[from] psn\n|upkeep\n|turn|4\n|\n|t:|1700330455\n|switch|p2a: Charizard|Charizard, M|100\/100\n|switch|p1a: Celesteela|Celesteela|100\/100\n|\n|upkeep\n|turn|5\n|\n|t:|1700330462\n|switch|p1a: Toxapex|Toxapex, F, shiny|45\/100\n|detailschange|p2a: Charizard|Charizard-Mega-X, M\n|-mega|p2a: Charizard|Charizard|Charizardite X\n|move|p2a: Charizard|Dragon Dance|p2a: Charizard\n|-boost|p2a: Charizard|atk|1\n|-boost|p2a: Charizard|spe|1\n|\n|-heal|p1a: Toxapex|51\/100|[from] item: Black Sludge\n|upkeep\n|turn|6\n|\n|t:|1700330473\n|switch|p1a: Cursola|Cursola, F, shiny|100\/100\n|move|p2a: Charizard|Earthquake|p1a: Cursola\n|-damage|p1a: Cursola|47\/100\n|\n|-heal|p1a: Cursola|53\/100|[from] item: Leftovers\n|upkeep\n|turn|7\n|\n|t:|1700330480\n|-terastallize|p1a: Cursola|Fairy\n|move|p2a: Charizard|Dragon Claw|p1a: Cursola\n|-immune|p1a: Cursola\n|move|p1a: Cursola|Whirlpool|p2a: Charizard\n|-damage|p2a: Charizard|88\/100\n|-activate|p2a: Charizard|move: Whirlpool|[of] p1a: Cursola\n|\n|-heal|p1a: Cursola|59\/100|[from] item: Leftovers\n|-damage|p2a: Charizard|75\/100|[from] move: Whirlpool|[partiallytrapped]\n|upkeep\n|turn|8\n|\n|t:|1700330488\n|move|p2a: Charizard|Flare Blitz|p1a: Cursola\n|-crit|p1a: Cursola\n|-damage|p1a: Cursola|0 fnt\n|-ability|p1a: Cursola|Perish Body\n|faint|p1a: Cursola\n|-damage|p2a: Charizard|56\/100|[from] Recoil\n|\n|-end|p2a: Charizard|Whirlpool|[partiallytrapped]|[silent]\n|-start|p2a: Charizard|perish3\n|upkeep\n|\n|t:|1700330494\n|switch|p1a: Toxapex|Toxapex, F, shiny|84\/100\n|turn|9\n|\n|t:|1700330504\n|switch|p2a: Haxorus|Haxorus, M, shiny|94\/100 tox\n|-ability|p2a: Haxorus|Mold Breaker\n|move|p1a: Toxapex|Infestation|p2a: Haxorus\n|-damage|p2a: Haxorus|90\/100 tox\n|-activate|p2a: Haxorus|move: Infestation|[of] p1a: Toxapex\n|\n|-heal|p1a: Toxapex|90\/100|[from] item: Black Sludge\n|-damage|p2a: Haxorus|84\/100 tox|[from] psn\n|-damage|p2a: Haxorus|72\/100 tox|[from] move: Infestation|[partiallytrapped]\n|upkeep\n|turn|10\n|\n|t:|1700330511\n|move|p1a: Toxapex|Baneful Bunker|p1a: Toxapex\n|-singleturn|p1a: Toxapex|move: Protect\n|move|p2a: Haxorus|Earthquake|p1a: Toxapex\n|-activate|p1a: Toxapex|move: Protect\n|\n|-heal|p1a: Toxapex|97\/100|[from] item: Black Sludge\n|-damage|p2a: Haxorus|59\/100 tox|[from] psn\n|-damage|p2a: Haxorus|47\/100 tox|[from] move: Infestation|[partiallytrapped]\n|upkeep\n|turn|11\n|\n|t:|1700330516\n|switch|p1a: Celesteela|Celesteela|100\/100\n|move|p2a: Haxorus|Earthquake|p1a: Celesteela\n|-immune|p1a: Celesteela\n|\n|-damage|p2a: Haxorus|28\/100 tox|[from] psn\n|-end|p2a: Haxorus|Infestation|[partiallytrapped]|[silent]\n|upkeep\n|turn|12\n|\n|t:|1700330524\n|switch|p2a: Clefable|Clefable, F, shiny|100\/100\n|move|p1a: Celesteela|Substitute|p1a: Celesteela\n|-start|p1a: Celesteela|Substitute\n|-damage|p1a: Celesteela|76\/100\n|\n|-heal|p1a: Celesteela|82\/100|[from] item: Leftovers\n|upkeep\n|turn|13\n|\n|t:|1700330529\n|move|p2a: Clefable|Moonblast|p1a: Celesteela\n|-resisted|p1a: Celesteela\n|-activate|p1a: Celesteela|move: Substitute|[damage]\n|move|p1a: Celesteela|Toxic|p2a: Clefable\n|-status|p2a: Clefable|tox\n|\n|-heal|p1a: Celesteela|88\/100|[from] item: Leftovers\n|-damage|p2a: Clefable|94\/100 tox|[from] psn\n|upkeep\n|turn|14\n|\n|t:|1700330536\n|switch|p2a: Delphox|Delphox, F, shiny|100\/100\n|move|p1a: Celesteela|Leech Seed|p2a: Delphox\n|-start|p2a: Delphox|move: Leech Seed\n|\n|-heal|p1a: Celesteela|94\/100|[from] item: Leftovers\n|-damage|p2a: Delphox|88\/100|[from] Leech Seed|[of] p1a: Celesteela\n|-heal|p1a: Celesteela|100\/100|[silent]\n|upkeep\n|turn|15\n|\n|t:|1700330539\n|move|p2a: Delphox|Flamethrower|p1a: Celesteela\n|-supereffective|p1a: Celesteela\n|-end|p1a: Celesteela|Substitute\n|move|p1a: Celesteela|Toxic|p2a: Delphox\n|-status|p2a: Delphox|tox\n|\n|-heal|p2a: Delphox|94\/100 tox|[from] item: Leftovers\n|-damage|p2a: Delphox|82\/100 tox|[from] Leech Seed|[of] p1a: Celesteela\n|-damage|p2a: Delphox|76\/100 tox|[from] psn\n|upkeep\n|turn|16\n|\n|t:|1700330553\n|switch|p1a: Toxapex|Toxapex, F, shiny|100\/100\n|move|p2a: Delphox|Will-O-Wisp|p1a: Toxapex|[miss]\n|-miss|p2a: Delphox|p1a: Toxapex\n|\n|-heal|p2a: Delphox|82\/100 tox|[from] item: Leftovers\n|-damage|p2a: Delphox|70\/100 tox|[from] Leech Seed|[of] p1a: Toxapex\n|-damage|p2a: Delphox|57\/100 tox|[from] psn\n|upkeep\n|turn|17\n|\n|t:|1700330560\n|switch|p1a: Deoxys|Deoxys-Defense|100\/100\n|-ability|p1a: Deoxys|Pressure\n|move|p2a: Delphox|Psychic|p1a: Deoxys\n|-resisted|p1a: Deoxys\n|-damage|p1a: Deoxys|88\/100\n|\n|-heal|p2a: Delphox|63\/100 tox|[from] item: Leftovers\n|-damage|p2a: Delphox|51\/100 tox|[from] Leech Seed|[of] p1a: Deoxys\n|-heal|p1a: Deoxys|99\/100|[silent]\n|-damage|p2a: Delphox|32\/100 tox|[from] psn\n|upkeep\n|turn|18\n|\n|t:|1700330569\n|switch|p2a: Clefable|Clefable, F, shiny|94\/100 tox\n|move|p1a: Deoxys|Wrap|p2a: Clefable\n|-damage|p2a: Clefable|92\/100 tox\n|-activate|p2a: Clefable|move: Wrap|[of] p1a: Deoxys\n|\n|-damage|p2a: Clefable|86\/100 tox|[from] psn\n|-damage|p2a: Clefable|73\/100 tox|[from] move: Wrap|[partiallytrapped]\n|upkeep\n|turn|19\n|\n|t:|1700330573\n|switch|p1a: Celesteela|Celesteela|100\/100\n|move|p2a: Clefable|Thunder Wave|p1a: Celesteela\n|-status|p1a: Celesteela|par\n|\n|-damage|p2a: Clefable|61\/100 tox|[from] psn\n|-end|p2a: Clefable|Wrap|[partiallytrapped]|[silent]\n|upkeep\n|turn|20\n|\n|t:|1700330580\n|switch|p2a: Charizard|Charizard-Mega-X, M|56\/100\n|move|p1a: Celesteela|Heavy Slam|p2a: Charizard\n|-resisted|p2a: Charizard\n|-damage|p2a: Charizard|34\/100\n|\n|upkeep\n|turn|21\n|\n|t:|1700330587\n|switch|p1a: Deoxys|Deoxys-Defense|99\/100\n|-ability|p1a: Deoxys|Pressure\n|move|p2a: Charizard|Earthquake|p1a: Deoxys\n|-damage|p1a: Deoxys|78\/100\n|\n|upkeep\n|turn|22\n|\n|t:|1700330595\n|switch|p2a: Clefable|Clefable, F, shiny|61\/100 tox\n|move|p1a: Deoxys|Thunder Wave||[still]\n|-fail|p1a: Deoxys\n|\n|-damage|p2a: Clefable|55\/100 tox|[from] psn\n|upkeep\n|turn|23\n|\n|t:|1700330599\n|switch|p1a: Celesteela|Celesteela|100\/100 par\n|move|p2a: Clefable|Aromatherapy|p2a: Clefable\n|-activate|p2a: Clefable|move: Aromatherapy\n|-curestatus|p2a: Clefable|tox|[msg]\n|-curestatus|p2: Delphox|tox|[msg]\n|-curestatus|p2: Haxorus|tox|[msg]\n|\n|upkeep\n|turn|24\n|\n|t:|1700330609\n|move|p2a: Clefable|Moonblast|p1a: Celesteela\n|-resisted|p1a: Celesteela\n|-damage|p1a: Celesteela|90\/100 par\n|cant|p1a: Celesteela|par\n|\n|-heal|p1a: Celesteela|96\/100 par|[from] item: Leftovers\n|upkeep\n|turn|25\n|\n|t:|1700330621\n|move|p2a: Clefable|Moonblast|p1a: Celesteela\n|-resisted|p1a: Celesteela\n|-damage|p1a: Celesteela|85\/100 par\n|cant|p1a: Celesteela|par\n|\n|-heal|p1a: Celesteela|91\/100 par|[from] item: Leftovers\n|upkeep\n|turn|26\n|\n|t:|1700330627\n|switch|p2a: Quagsire|Quagsire, F|100\/100\n|move|p1a: Celesteela|Heavy Slam|p2a: Quagsire\n|-resisted|p2a: Quagsire\n|-damage|p2a: Quagsire|86\/100\n|\n|-heal|p2a: Quagsire|92\/100|[from] item: Leftovers\n|-heal|p1a: Celesteela|97\/100 par|[from] item: Leftovers\n|upkeep\n|turn|27\n|\n|t:|1700330635\n|move|p2a: Quagsire|Stealth Rock|p1a: Celesteela\n|-sidestart|p1: 830r|move: Stealth Rock\n|move|p1a: Celesteela|Toxic|p2a: Quagsire|[miss]\n|-miss|p1a: Celesteela|p2a: Quagsire\n|\n|-heal|p2a: Quagsire|98\/100|[from] item: Leftovers\n|-heal|p1a: Celesteela|100\/100 par|[from] item: Leftovers\n|upkeep\n|turn|28\n|\n|t:|1700330645\n|switch|p2a: Clefable|Clefable, F, shiny|55\/100\n|cant|p1a: Celesteela|par\n|\n|upkeep\n|turn|29\n|\n|t:|1700330650\n|move|p2a: Clefable|Moonblast|p1a: Celesteela\n|-resisted|p1a: Celesteela\n|-damage|p1a: Celesteela|90\/100 par\n|move|p1a: Celesteela|Heavy Slam|p2a: Clefable\n|-supereffective|p2a: Clefable\n|-damage|p2a: Clefable|0 fnt\n|faint|p2a: Clefable\n|-ability|p1a: Celesteela|Beast Boost|boost\n|-boost|p1a: Celesteela|spd|1\n|\n|-heal|p1a: Celesteela|96\/100 par|[from] item: Leftovers\n|upkeep\n|\n|t:|1700330656\n|switch|p2a: Charizard|Charizard-Mega-X, M|34\/100\n|turn|30\n|\n|t:|1700330660\n|switch|p1a: Deoxys|Deoxys-Defense|78\/100\n|-damage|p1a: Deoxys|66\/100|[from] Stealth Rock\n|-ability|p1a: Deoxys|Pressure\n|move|p2a: Charizard|Dragon Dance|p2a: Charizard\n|-boost|p2a: Charizard|atk|1\n|-boost|p2a: Charizard|spe|1\n|\n|upkeep\n|turn|31\n|\n|t:|1700330664\n|move|p2a: Charizard|Flare Blitz|p1a: Deoxys\n|-damage|p1a: Deoxys|0 fnt\n|faint|p1a: Deoxys\n|-damage|p2a: Charizard|13\/100|[from] Recoil\n|\n|upkeep\n|\n|t:|1700330669\n|switch|p1a: Toxapex|Toxapex, F, shiny|100\/100\n|-damage|p1a: Toxapex|88\/100|[from] Stealth Rock\n|turn|32\n|\n|t:|1700330679\n|switch|p2a: Quagsire|Quagsire, F|98\/100\n|move|p1a: Toxapex|Infestation|p2a: Quagsire\n|-damage|p2a: Quagsire|95\/100\n|-activate|p2a: Quagsire|move: Infestation|[of] p1a: Toxapex\n|\n|-heal|p1a: Toxapex|94\/100|[from] item: Black Sludge\n|-heal|p2a: Quagsire|100\/100|[from] item: Leftovers\n|-damage|p2a: Quagsire|88\/100|[from] move: Infestation|[partiallytrapped]\n|upkeep\n|turn|33\n|\n|t:|1700330686\n|-terastallize|p2a: Quagsire|Poison\n|move|p2a: Quagsire|Liquidation|p1a: Toxapex\n|-resisted|p1a: Toxapex\n|-damage|p1a: Toxapex|86\/100\n|move|p1a: Toxapex|Toxic|p2a: Quagsire\n|-immune|p2a: Quagsire\n|\n|-heal|p1a: Toxapex|92\/100|[from] item: Black Sludge\n|-heal|p2a: Quagsire|94\/100|[from] item: Leftovers\n|-damage|p2a: Quagsire|82\/100|[from] move: Infestation|[partiallytrapped]\n|upkeep\n|turn|34\n|\n|t:|1700330693\n|switch|p1a: Celesteela|Celesteela|96\/100 par\n|-damage|p1a: Celesteela|84\/100 par|[from] Stealth Rock\n|move|p2a: Quagsire|Protect||[still]\n|-fail|p2a: Quagsire\n|\n|-heal|p2a: Quagsire|88\/100|[from] item: Leftovers\n|-heal|p1a: Celesteela|90\/100 par|[from] item: Leftovers\n|-end|p2a: Quagsire|Infestation|[partiallytrapped]|[silent]\n|upkeep\n|turn|35\n|\n|t:|1700330701\n|switch|p2a: Donphan|Donphan, M|100\/100\n|switch|p1a: Clodsire|Clodsire, F|100\/100\n|-damage|p1a: Clodsire|94\/100|[from] Stealth Rock\n|\n|-heal|p1a: Clodsire|100\/100|[from] item: Black Sludge\n|upkeep\n|turn|36\n|\n|t:|1700330707\n|move|p2a: Donphan|Knock Off|p1a: Clodsire\n|-damage|p1a: Clodsire|75\/100\n|-enditem|p1a: Clodsire|Black Sludge|[from] move: Knock Off|[of] p2a: Donphan\n|move|p1a: Clodsire|Toxic Spikes|p2a: Donphan\n|-sidestart|p2: JReynn|move: Toxic Spikes\n|\n|upkeep\n|turn|37\n|\n|t:|1700330713\n|move|p2a: Donphan|Rapid Spin|p1a: Clodsire\n|-damage|p1a: Clodsire|62\/100\n|-boost|p2a: Donphan|spe|1\n|-sideend|p2: JReynn|Toxic Spikes|[from] move: Rapid Spin|[of] p2a: Donphan\n|move|p1a: Clodsire|Toxic Spikes|p2a: Donphan\n|-sidestart|p2: JReynn|move: Toxic Spikes\n|\n|upkeep\n|turn|38\n|\n|t:|1700330716\n|move|p2a: Donphan|Earthquake|p1a: Clodsire\n|-supereffective|p1a: Clodsire\n|-damage|p1a: Clodsire|0 fnt\n|faint|p1a: Clodsire\n|\n|upkeep\n|\n|t:|1700330722\n|switch|p1a: Banette|Banette, M, shiny|100\/100\n|-damage|p1a: Banette|88\/100|[from] Stealth Rock\n|turn|39\n|\n|t:|1700330725\n|detailschange|p1a: Banette|Banette-Mega, M, shiny\n|-mega|p1a: Banette|Banette|Banettite\n|move|p1a: Banette|Destiny Bond|p1a: Banette\n|-singlemove|p1a: Banette|Destiny Bond\n|move|p2a: Donphan|Knock Off|p1a: Banette\n|-supereffective|p1a: Banette\n|-crit|p1a: Banette\n|-damage|p1a: Banette|0 fnt\n|faint|p1a: Banette\n|-activate|p1a: Banette|move: Destiny Bond\n|faint|p2a: Donphan\n|\n|upkeep\n|\n|t:|1700330743\n|switch|p1a: Toxapex|Toxapex, F, shiny|100\/100\n|switch|p2a: Haxorus|Haxorus, M, shiny|28\/100\n|-status|p2a: Haxorus|psn\n|-ability|p2a: Haxorus|Mold Breaker\n|-damage|p1a: Toxapex|88\/100|[from] Stealth Rock\n|turn|40\n|\n|t:|1700330746\n|move|p1a: Toxapex|Baneful Bunker|p1a: Toxapex\n|-singleturn|p1a: Toxapex|move: Protect\n|move|p2a: Haxorus|Outrage|p1a: Toxapex\n|-activate|p1a: Toxapex|move: Protect\n|\n|-heal|p1a: Toxapex|94\/100|[from] item: Black Sludge\n|-damage|p2a: Haxorus|16\/100 psn|[from] psn\n|upkeep\n|turn|41\n|\n|t:|1700330759\n|move|p2a: Haxorus|Outrage|p1a: Toxapex\n|-damage|p1a: Toxapex|21\/100\n|move|p1a: Toxapex|Infestation|p2a: Haxorus\n|-damage|p2a: Haxorus|12\/100 psn\n|-activate|p2a: Haxorus|move: Infestation|[of] p1a: Toxapex\n|\n|-heal|p1a: Toxapex|27\/100|[from] item: Black Sludge\n|-damage|p2a: Haxorus|0 fnt|[from] psn\n|faint|p2a: Haxorus\n|upkeep\n|\n|t:|1700330768\n|switch|p2a: Delphox|Delphox, F, shiny|32\/100\n|-status|p2a: Delphox|psn\n|turn|42\n|\n|t:|1700330772\n|move|p1a: Toxapex|Baneful Bunker|p1a: Toxapex\n|-singleturn|p1a: Toxapex|move: Protect\n|move|p2a: Delphox|Psychic|p1a: Toxapex\n|-activate|p1a: Toxapex|move: Protect\n|\n|-heal|p2a: Delphox|39\/100 psn|[from] item: Leftovers\n|-heal|p1a: Toxapex|33\/100|[from] item: Black Sludge\n|-damage|p2a: Delphox|26\/100 psn|[from] psn\n|upkeep\n|turn|43\n|\n|t:|1700330776\n|switch|p1a: Celesteela|Celesteela|90\/100 par\n|-damage|p1a: Celesteela|78\/100 par|[from] Stealth Rock\n|move|p2a: Delphox|Psychic|p1a: Celesteela\n|-resisted|p1a: Celesteela\n|-damage|p1a: Celesteela|63\/100 par\n|\n|-heal|p2a: Delphox|32\/100 psn|[from] item: Leftovers\n|-heal|p1a: Celesteela|69\/100 par|[from] item: Leftovers\n|-damage|p2a: Delphox|20\/100 psn|[from] psn\n|upkeep\n|turn|44\n|\n|t:|1700330790\n|move|p2a: Delphox|Trick|p1a: Celesteela\n|-activate|p2a: Delphox|move: Trick|[of] p1a: Celesteela\n|-item|p1a: Celesteela|Leftovers|[from] move: Trick\n|-item|p2a: Delphox|Leftovers|[from] move: Trick\n|cant|p1a: Celesteela|par\n|\n|-heal|p2a: Delphox|26\/100 psn|[from] item: Leftovers\n|-heal|p1a: Celesteela|75\/100 par|[from] item: Leftovers\n|-damage|p2a: Delphox|14\/100 psn|[from] psn\n|upkeep\n|turn|45\n|\n|t:|1700330797\n|move|p2a: Delphox|Flamethrower|p1a: Celesteela\n|-supereffective|p1a: Celesteela\n|-damage|p1a: Celesteela|21\/100 par\n|move|p1a: Celesteela|Leech Seed|p2a: Delphox\n|-start|p2a: Delphox|move: Leech Seed\n|\n|-heal|p2a: Delphox|20\/100 psn|[from] item: Leftovers\n|-heal|p1a: Celesteela|27\/100 par|[from] item: Leftovers\n|-damage|p2a: Delphox|8\/100 psn|[from] Leech Seed|[of] p1a: Celesteela\n|-heal|p1a: Celesteela|36\/100 par|[silent]\n|-damage|p2a: Delphox|0 fnt|[from] psn\n|faint|p2a: Delphox\n|upkeep\n|\n|t:|1700330820\n|switch|p2a: Quagsire|Quagsire, F, tera:Poison|88\/100\n|-sideend|p2: JReynn|move: Toxic Spikes|[of] p2a: Quagsire\n|turn|46\n|\n|t:|1700330826\n|move|p2a: Quagsire|Liquidation|p1a: Celesteela\n|-damage|p1a: Celesteela|17\/100 par\n|cant|p1a: Celesteela|par\n|\n|-heal|p2a: Quagsire|94\/100|[from] item: Leftovers\n|-heal|p1a: Celesteela|23\/100 par|[from] item: Leftovers\n|upkeep\n|turn|47\n|\n|t:|1700330831\n|move|p2a: Quagsire|Liquidation|p1a: Celesteela\n|-damage|p1a: Celesteela|6\/100 par\n|cant|p1a: Celesteela|par\n|\n|-heal|p2a: Quagsire|99\/100|[from] item: Leftovers\n|-heal|p1a: Celesteela|12\/100 par|[from] item: Leftovers\n|upkeep\n|turn|48\n|\n|t:|1700330837\n|move|p2a: Quagsire|Liquidation|p1a: Celesteela\n|-damage|p1a: Celesteela|0 fnt\n|faint|p1a: Celesteela\n|\n|-heal|p2a: Quagsire|100\/100|[from] item: Leftovers\n|upkeep\n|\n|t:|1700330839\n|switch|p1a: Toxapex|Toxapex, F, shiny|67\/100\n|-damage|p1a: Toxapex|54\/100|[from] Stealth Rock\n|turn|49\n|\n|t:|1700330843\n|move|p2a: Quagsire|Liquidation|p1a: Toxapex\n|-resisted|p1a: Toxapex\n|-damage|p1a: Toxapex|45\/100\n|move|p1a: Toxapex|Recover|p1a: Toxapex\n|-heal|p1a: Toxapex|95\/100\n|\n|-heal|p1a: Toxapex|100\/100|[from] item: Black Sludge\n|upkeep\n|turn|50\n|\n|t:|1700330851\n|move|p2a: Quagsire|Protect|p2a: Quagsire\n|-singleturn|p2a: Quagsire|Protect\n|move|p1a: Toxapex|Infestation|p2a: Quagsire\n|-activate|p2a: Quagsire|move: Protect\n|\n|upkeep\n|turn|51\n|\n|t:|1700330854\n|move|p1a: Toxapex|Infestation|p2a: Quagsire\n|-resisted|p2a: Quagsire\n|-damage|p2a: Quagsire|99\/100\n|-activate|p2a: Quagsire|move: Infestation|[of] p1a: Toxapex\n|move|p2a: Quagsire|Liquidation|p1a: Toxapex\n|-resisted|p1a: Toxapex\n|-damage|p1a: Toxapex|92\/100\n|-unboost|p1a: Toxapex|def|1\n|\n|-heal|p2a: Quagsire|100\/100|[from] item: Leftovers\n|-heal|p1a: Toxapex|98\/100|[from] item: Black Sludge\n|-damage|p2a: Quagsire|88\/100|[from] move: Infestation|[partiallytrapped]\n|upkeep\n|turn|52\n|\n|t:|1700330866\n|move|p1a: Toxapex|Baneful Bunker|p1a: Toxapex\n|-singleturn|p1a: Toxapex|move: Protect\n|move|p2a: Quagsire|Liquidation|p1a: Toxapex\n|-activate|p1a: Toxapex|move: Protect\n|\n|-heal|p1a: Toxapex|100\/100|[from] item: Black Sludge\n|-heal|p2a: Quagsire|94\/100|[from] item: Leftovers\n|-damage|p2a: Quagsire|82\/100|[from] move: Infestation|[partiallytrapped]\n|upkeep\n|turn|53\n|\n|t:|1700330874\n|move|p1a: Toxapex|Infestation|p2a: Quagsire\n|-resisted|p2a: Quagsire\n|-damage|p2a: Quagsire|80\/100\n|move|p2a: Quagsire|Liquidation|p1a: Toxapex\n|-resisted|p1a: Toxapex\n|-damage|p1a: Toxapex|91\/100\n|\n|-heal|p1a: Toxapex|98\/100|[from] item: Black Sludge\n|-heal|p2a: Quagsire|86\/100|[from] item: Leftovers\n|-damage|p2a: Quagsire|74\/100|[from] move: Infestation|[partiallytrapped]\n|upkeep\n|turn|54\n|\n|t:|1700330876\n|move|p1a: Toxapex|Infestation|p2a: Quagsire\n|-resisted|p2a: Quagsire\n|-damage|p2a: Quagsire|72\/100\n|move|p2a: Quagsire|Liquidation|p1a: Toxapex\n|-resisted|p1a: Toxapex\n|-damage|p1a: Toxapex|89\/100\n|\n|-heal|p1a: Toxapex|95\/100|[from] item: Black Sludge\n|-heal|p2a: Quagsire|78\/100|[from] item: Leftovers\n|-damage|p2a: Quagsire|66\/100|[from] move: Infestation|[partiallytrapped]\n|upkeep\n|turn|55\n|\n|t:|1700330878\n|move|p2a: Quagsire|Liquidation|p1a: Toxapex\n|-resisted|p1a: Toxapex\n|-damage|p1a: Toxapex|85\/100\n|move|p1a: Toxapex|Infestation|p2a: Quagsire\n|-resisted|p2a: Quagsire\n|-damage|p2a: Quagsire|64\/100\n|\n|-heal|p2a: Quagsire|70\/100|[from] item: Leftovers\n|-heal|p1a: Toxapex|91\/100|[from] item: Black Sludge\n|-end|p2a: Quagsire|Infestation|[partiallytrapped]\n|upkeep\n|turn|56\n|\n|t:|1700330881\n|move|p1a: Toxapex|Infestation|p2a: Quagsire\n|-resisted|p2a: Quagsire\n|-damage|p2a: Quagsire|69\/100\n|-activate|p2a: Quagsire|move: Infestation|[of] p1a: Toxapex\n|move|p2a: Quagsire|Liquidation|p1a: Toxapex\n|-resisted|p1a: Toxapex\n|-damage|p1a: Toxapex|83\/100\n|\n|-heal|p1a: Toxapex|89\/100|[from] item: Black Sludge\n|-heal|p2a: Quagsire|75\/100|[from] item: Leftovers\n|-damage|p2a: Quagsire|62\/100|[from] move: Infestation|[partiallytrapped]\n|upkeep\n|turn|57\n|\n|t:|1700330884\n|move|p1a: Toxapex|Infestation|p2a: Quagsire\n|-resisted|p2a: Quagsire\n|-damage|p2a: Quagsire|60\/100\n|move|p2a: Quagsire|Liquidation|p1a: Toxapex\n|-resisted|p1a: Toxapex\n|-crit|p1a: Toxapex\n|-damage|p1a: Toxapex|75\/100\n|\n|-heal|p2a: Quagsire|66\/100|[from] item: Leftovers\n|-heal|p1a: Toxapex|82\/100|[from] item: Black Sludge\n|-damage|p2a: Quagsire|54\/100|[from] move: Infestation|[partiallytrapped]\n|upkeep\n|turn|58\n|\n|t:|1700330886\n|move|p2a: Quagsire|Liquidation|p1a: Toxapex\n|-resisted|p1a: Toxapex\n|-damage|p1a: Toxapex|74\/100\n|move|p1a: Toxapex|Infestation|p2a: Quagsire\n|-resisted|p2a: Quagsire\n|-damage|p2a: Quagsire|52\/100\n|\n|-heal|p2a: Quagsire|58\/100|[from] item: Leftovers\n|-heal|p1a: Toxapex|80\/100|[from] item: Black Sludge\n|-damage|p2a: Quagsire|46\/100|[from] move: Infestation|[partiallytrapped]\n|upkeep\n|turn|59\n|\n|t:|1700330888\n|move|p2a: Quagsire|Liquidation|p1a: Toxapex\n|-resisted|p1a: Toxapex\n|-damage|p1a: Toxapex|70\/100\n|move|p1a: Toxapex|Infestation|p2a: Quagsire\n|-resisted|p2a: Quagsire\n|-damage|p2a: Quagsire|44\/100\n|\n|-heal|p2a: Quagsire|50\/100|[from] item: Leftovers\n|-heal|p1a: Toxapex|76\/100|[from] item: Black Sludge\n|-damage|p2a: Quagsire|38\/100|[from] move: Infestation|[partiallytrapped]\n|upkeep\n|turn|60\n|\n|t:|1700330891\n|move|p2a: Quagsire|Liquidation|p1a: Toxapex\n|-resisted|p1a: Toxapex\n|-damage|p1a: Toxapex|67\/100\n|move|p1a: Toxapex|Infestation|p2a: Quagsire\n|-resisted|p2a: Quagsire\n|-damage|p2a: Quagsire|36\/100\n|\n|-heal|p2a: Quagsire|42\/100|[from] item: Leftovers\n|-heal|p1a: Toxapex|74\/100|[from] item: Black Sludge\n|-damage|p2a: Quagsire|30\/100|[from] move: Infestation|[partiallytrapped]\n|upkeep\n|turn|61\n|\n|t:|1700330892\n|move|p1a: Toxapex|Baneful Bunker|p1a: Toxapex\n|-singleturn|p1a: Toxapex|move: Protect\n|move|p2a: Quagsire|Liquidation|p1a: Toxapex\n|-activate|p1a: Toxapex|move: Protect\n|\n|-heal|p1a: Toxapex|80\/100|[from] item: Black Sludge\n|-heal|p2a: Quagsire|36\/100|[from] item: Leftovers\n|-end|p2a: Quagsire|Infestation|[partiallytrapped]\n|upkeep\n|turn|62\n|\n|t:|1700330898\n|move|p2a: Quagsire|Protect|p2a: Quagsire\n|-singleturn|p2a: Quagsire|Protect\n|move|p1a: Toxapex|Infestation|p2a: Quagsire\n|-activate|p2a: Quagsire|move: Protect\n|\n|-heal|p2a: Quagsire|42\/100|[from] item: Leftovers\n|-heal|p1a: Toxapex|86\/100|[from] item: Black Sludge\n|upkeep\n|turn|63\n|\n|t:|1700330901\n|move|p2a: Quagsire|Toxic|p1a: Toxapex\n|-immune|p1a: Toxapex\n|move|p1a: Toxapex|Infestation|p2a: Quagsire\n|-resisted|p2a: Quagsire\n|-damage|p2a: Quagsire|40\/100\n|-activate|p2a: Quagsire|move: Infestation|[of] p1a: Toxapex\n|\n|-heal|p2a: Quagsire|46\/100|[from] item: Leftovers\n|-heal|p1a: Toxapex|92\/100|[from] item: Black Sludge\n|-damage|p2a: Quagsire|33\/100|[from] move: Infestation|[partiallytrapped]\n|upkeep\n|turn|64\n|\n|t:|1700330905\n|move|p2a: Quagsire|Protect|p2a: Quagsire\n|-singleturn|p2a: Quagsire|Protect\n|move|p1a: Toxapex|Infestation|p2a: Quagsire\n|-activate|p2a: Quagsire|move: Protect\n|\n|-heal|p1a: Toxapex|99\/100|[from] item: Black Sludge\n|-heal|p2a: Quagsire|40\/100|[from] item: Leftovers\n|-damage|p2a: Quagsire|27\/100|[from] move: Infestation|[partiallytrapped]\n|upkeep\n|turn|65\n|\n|t:|1700330908\n|move|p2a: Quagsire|Stealth Rock||[still]\n|-fail|p2a: Quagsire\n|move|p1a: Toxapex|Infestation|p2a: Quagsire\n|-resisted|p2a: Quagsire\n|-damage|p2a: Quagsire|25\/100\n|\n|-heal|p1a: Toxapex|100\/100|[from] item: Black Sludge\n|-heal|p2a: Quagsire|31\/100|[from] item: Leftovers\n|-damage|p2a: Quagsire|19\/100|[from] move: Infestation|[partiallytrapped]\n|upkeep\n|turn|66\n|\n|t:|1700330909\n|move|p1a: Toxapex|Infestation|p2a: Quagsire\n|-resisted|p2a: Quagsire\n|-damage|p2a: Quagsire|17\/100\n|move|p2a: Quagsire|Toxic|p1a: Toxapex\n|-immune|p1a: Toxapex\n|\n|-heal|p2a: Quagsire|23\/100|[from] item: Leftovers\n|-damage|p2a: Quagsire|11\/100|[from] move: Infestation|[partiallytrapped]\n|upkeep\n|turn|67\n|\n|t:|1700330911\n|move|p2a: Quagsire|Protect|p2a: Quagsire\n|-singleturn|p2a: Quagsire|Protect\n|move|p1a: Toxapex|Infestation|p2a: Quagsire\n|-activate|p2a: Quagsire|move: Protect\n|\n|-heal|p2a: Quagsire|17\/100|[from] item: Leftovers\n|-damage|p2a: Quagsire|4\/100|[from] move: Infestation|[partiallytrapped]\n|upkeep\n|turn|68\n|\n|t:|1700330915\n|move|p1a: Toxapex|Baneful Bunker|p1a: Toxapex\n|-singleturn|p1a: Toxapex|move: Protect\n|move|p2a: Quagsire|Stealth Rock||[still]\n|-fail|p2a: Quagsire\n|\n|-heal|p2a: Quagsire|10\/100|[from] item: Leftovers\n|-end|p2a: Quagsire|Infestation|[partiallytrapped]\n|upkeep\n|turn|69\n|\n|t:|1700330918\n|move|p2a: Quagsire|Toxic|p1a: Toxapex\n|-immune|p1a: Toxapex\n|move|p1a: Toxapex|Infestation|p2a: Quagsire\n|-resisted|p2a: Quagsire\n|-damage|p2a: Quagsire|9\/100\n|-activate|p2a: Quagsire|move: Infestation|[of] p1a: Toxapex\n|\n|-heal|p2a: Quagsire|15\/100|[from] item: Leftovers\n|-damage|p2a: Quagsire|2\/100|[from] move: Infestation|[partiallytrapped]\n|upkeep\n|turn|70\n|\n|t:|1700330921\n|move|p2a: Quagsire|Toxic|p1a: Toxapex\n|-immune|p1a: Toxapex\n|move|p1a: Toxapex|Infestation|p2a: Quagsire\n|-resisted|p2a: Quagsire\n|-damage|p2a: Quagsire|0 fnt\n|faint|p2a: Quagsire\n|\n|upkeep\n|\n|t:|1700330923\n|switch|p2a: Charizard|Charizard-Mega-X, M|13\/100\n|turn|71\n|\n|t:|1700330925\n|move|p2a: Charizard|Earthquake|p1a: Toxapex\n|-supereffective|p1a: Toxapex\n|-damage|p1a: Toxapex|29\/100\n|move|p1a: Toxapex|Infestation|p2a: Charizard\n|-resisted|p2a: Charizard\n|-damage|p2a: Charizard|12\/100\n|-activate|p2a: Charizard|move: Infestation|[of] p1a: Toxapex\n|\n|-heal|p1a: Toxapex|36\/100|[from] item: Black Sludge\n|-damage|p2a: Charizard|0 fnt|[from] move: Infestation|[partiallytrapped]\n|faint|p2a: Charizard\n|\n|win|830r\n|upkeep\n|raw|830r's rating: 1221 &rarr; <strong>1255<\/strong><br \/>(+34 for winning)\n|raw|JReynn's rating: 1351 &rarr; <strong>1324<\/strong><br \/>(-27 for losing)\n|c|\u2606830r|Gg\n","uploadtime":1700330947,"views":6,"p1id":"830r","p2id":"jreynn","formatid":"gen9nationaldex","rating":1255,"private":0,"password":""}