{"id":"gen9nationaldex-1991855727","p1":"zychinano1","p2":"zhuandayoudou","format":"[Gen 9] National Dex","log":"|j|\u2606zychinano1\n|j|\u2606zhuandayoudou\n|t:|1700129110\n|gametype|singles\n|player|p1|zychinano1|dawn-gen4pt|1494\n|player|p2|zhuandayoudou|1|1501\n|teamsize|p1|6\n|teamsize|p2|6\n|gen|9\n|tier|[Gen 9] National Dex\n|rated|\n|rule|HP Percentage Mod: HP is shown in percentages\n|rule|Endless Battle Clause: Forcing endless battles is banned\n|rule|OHKO Clause: OHKO moves are banned\n|rule|Evasion Clause: Evasion abilities, items, and moves are banned\n|rule|Evasion Abilities Clause: Evasion abilities are banned\n|rule|Evasion Items Clause: Evasion items are banned\n|rule|Evasion Moves Clause: Evasion moves are banned\n|rule|Species Clause: Limit one of each Pok\u00e9mon\n|rule|Sleep Clause Mod: Limit one foe put to sleep\n|clearpoke\n|poke|p1|Slowbro, F|\n|poke|p1|Scizor, M|\n|poke|p1|Moltres|\n|poke|p1|Garchomp, M|\n|poke|p1|Kommo-o, F|\n|poke|p1|Hoopa-Unbound|\n|poke|p2|Banette, M|\n|poke|p2|Alomomola, F|\n|poke|p2|Landorus-Therian, M|\n|poke|p2|Heatran, F|\n|poke|p2|Swellow, M|\n|poke|p2|Urshifu-*, M|\n|teampreview\n|inactive|Battle timer is ON: inactive players will automatically lose when time's up. (requested by zhuandayoudou)\n|\n|t:|1700129123\n|start\n|switch|p1a: Scizor|Scizor, M|100\/100\n|switch|p2a: Urshifu|Urshifu-Rapid-Strike, M|100\/100\n|turn|1\n|\n|t:|1700129127\n|detailschange|p1a: Scizor|Scizor-Mega, M\n|-mega|p1a: Scizor|Scizor|Scizorite\n|move|p2a: Urshifu|U-turn|p1a: Scizor\n|-resisted|p1a: Scizor\n|-damage|p1a: Scizor|91\/100\n|\n|t:|1700129131\n|switch|p2a: Landorus|Landorus-Therian, M|100\/100|[from] U-turn\n|-ability|p2a: Landorus|Intimidate|boost\n|-unboost|p1a: Scizor|atk|1\n|move|p1a: Scizor|Knock Off|p2a: Landorus\n|-damage|p2a: Landorus|84\/100\n|\n|upkeep\n|turn|2\n|\n|t:|1700129142\n|move|p2a: Landorus|Stealth Rock|p1a: Scizor\n|-sidestart|p1: zychinano1|move: Stealth Rock\n|move|p1a: Scizor|U-turn|p2a: Landorus\n|-resisted|p2a: Landorus\n|-damage|p2a: Landorus|71\/100\n|\n|t:|1700129153\n|switch|p1a: Moltres|Moltres|100\/100|[from] U-turn\n|\n|upkeep\n|turn|3\n|\n|t:|1700129158\n|switch|p2a: Swellow|Swellow, M|100\/100\n|move|p1a: Moltres|Flamethrower|p2a: Swellow\n|-damage|p2a: Swellow|14\/100\n|\n|upkeep\n|turn|4\n|\n|t:|1700129163\n|-terastallize|p2a: Swellow|Normal\n|move|p2a: Swellow|Boomburst|p1a: Moltres\n|-damage|p1a: Moltres|0 fnt\n|faint|p1a: Moltres\n|\n|upkeep\n|\n|t:|1700129167\n|switch|p1a: Scizor|Scizor-Mega, M|91\/100\n|-damage|p1a: Scizor|79\/100|[from] Stealth Rock\n|turn|5\n|\n|t:|1700129173\n|switch|p2a: Landorus|Landorus-Therian, M|71\/100\n|-ability|p2a: Landorus|Intimidate|boost\n|-unboost|p1a: Scizor|atk|1\n|move|p1a: Scizor|Bullet Punch|p2a: Landorus\n|-damage|p2a: Landorus|46\/100\n|\n|upkeep\n|turn|6\n|\n|t:|1700129178\n|-zpower|p2a: Landorus\n|move|p2a: Landorus|Supersonic Skystrike|p1a: Scizor|[zeffect]\n|-damage|p1a: Scizor|3\/100\n|move|p1a: Scizor|U-turn|p2a: Landorus\n|-resisted|p2a: Landorus\n|-damage|p2a: Landorus|32\/100\n|\n|t:|1700129201\n|switch|p1a: Slowbro|Slowbro, F|100\/100|[from] U-turn\n|-damage|p1a: Slowbro|88\/100|[from] Stealth Rock\n|\n|upkeep\n|turn|7\n|\n|t:|1700129209\n|switch|p2a: Banette|Banette, M|100\/100\n|-item|p1a: Slowbro|Rocky Helmet|[from] ability: Frisk|[of] p2a: Banette|[identify]\n|move|p1a: Slowbro|Scald|p2a: Banette\n|-damage|p2a: Banette|57\/100\n|\n|upkeep\n|turn|8\n|\n|t:|1700129220\n|detailschange|p2a: Banette|Banette-Mega, M\n|-mega|p2a: Banette|Banette|Banettite\n|move|p2a: Banette|Poltergeist|p1a: Slowbro\n|-activate|p1a: Slowbro|move: Poltergeist|Rocky Helmet\n|-supereffective|p1a: Slowbro\n|-damage|p1a: Slowbro|1\/100\n|move|p1a: Slowbro|Teleport|p1a: Slowbro\n|\n|t:|1700129230\n|switch|p1a: Kommo-o|Kommo-o, F|100\/100|[from] Teleport\n|-damage|p1a: Kommo-o|94\/100|[from] Stealth Rock\n|\n|upkeep\n|turn|9\n|\n|t:|1700129234\n|move|p2a: Banette|Destiny Bond|p2a: Banette\n|-singlemove|p2a: Banette|Destiny Bond\n|move|p1a: Kommo-o|Clanging Scales|p2a: Banette\n|-damage|p2a: Banette|0 fnt\n|faint|p2a: Banette\n|-activate|p2a: Banette|move: Destiny Bond\n|faint|p1a: Kommo-o\n|\n|upkeep\n|\n|t:|1700129246\n|switch|p1a: Slowbro|Slowbro, F|34\/100\n|switch|p2a: Swellow|Swellow, M, tera:Normal|14\/100\n|-damage|p1a: Slowbro|22\/100|[from] Stealth Rock\n|turn|10\n|\n|t:|1700129251\n|switch|p1a: Scizor|Scizor-Mega, M|3\/100\n|-damage|p1a: Scizor|0 fnt|[from] Stealth Rock\n|faint|p1a: Scizor\n|move|p2a: Swellow|Boomburst|p1: Scizor|[notarget]\n|-fail|p2a: Swellow\n|\n|upkeep\n|\n|t:|1700129256\n|switch|p1a: Garchomp|Garchomp, M|100\/100\n|-damage|p1a: Garchomp|94\/100|[from] Stealth Rock\n|turn|11\n|\n|t:|1700129262\n|move|p2a: Swellow|Boomburst|p1a: Garchomp\n|-damage|p1a: Garchomp|0 fnt\n|faint|p1a: Garchomp\n|\n|upkeep\n|-message|zychinano1 forfeited.\n|\n|win|zhuandayoudou\n|raw|zychinano1's rating: 1494 &rarr; <strong>1474<\/strong><br \/>(-20 for losing)\n|raw|zhuandayoudou's rating: 1501 &rarr; <strong>1521<\/strong><br \/>(+20 for winning)\n","uploadtime":1700129271,"views":6,"p1id":"zychinano1","p2id":"zhuandayoudou","formatid":"gen9nationaldex","rating":1474,"private":0,"password":""}