{"id":"gen9nationaldex-1996083056","p1":"Keanmon","p2":"Kaithehybrid","format":"[Gen 9] National Dex","log":"|html|<div class=\"broadcast-blue\"><strong>[Gen 9] National Dex is currently suspecting Sneasler! For information on how to participate check out the <a href=\"https:\/\/www.smogon.com\/forums\/threads\/sv-national-dex-suspect-8-just-dance.3731534\/\">suspect thread<\/a>.<\/strong><\/div>\n|j|\u2606Keanmon\n|j|\u2606Kaithehybrid\n|t:|1700641294\n|gametype|singles\n|player|p1|Keanmon|rood|1076\n|player|p2|Kaithehybrid|hilbert|1048\n|teamsize|p1|6\n|teamsize|p2|6\n|gen|9\n|tier|[Gen 9] National Dex\n|rated|\n|rule|HP Percentage Mod: HP is shown in percentages\n|rule|Endless Battle Clause: Forcing endless battles is banned\n|rule|OHKO Clause: OHKO moves are banned\n|rule|Evasion Clause: Evasion abilities, items, and moves are banned\n|rule|Evasion Abilities Clause: Evasion abilities are banned\n|rule|Evasion Items Clause: Evasion items are banned\n|rule|Evasion Moves Clause: Evasion moves are banned\n|rule|Species Clause: Limit one of each Pok\u00e9mon\n|rule|Sleep Clause Mod: Limit one foe put to sleep\n|clearpoke\n|poke|p1|Cloyster, M|\n|poke|p1|Forretress, M|\n|poke|p1|Solrock|\n|poke|p1|Glalie, M|\n|poke|p1|Ferrothorn, M|\n|poke|p1|Carbink|\n|poke|p2|Delphox, F|\n|poke|p2|Serperior, F|\n|poke|p2|Inteleon, M|\n|poke|p2|Lucario, M|\n|poke|p2|Zoroark, F|\n|poke|p2|Crobat, M|\n|teampreview\n|\n|t:|1700641314\n|start\n|switch|p1a: Geoshine|Solrock|100\/100\n|switch|p2a: Thistle|Serperior, F|100\/100\n|turn|1\n|\n|t:|1700641322\n|switch|p1a: Ironut|Forretress, M|100\/100\n|move|p2a: Thistle|Leaf Storm|p1a: Ironut|[miss]\n|-miss|p2a: Thistle|p1a: Ironut\n|\n|upkeep\n|turn|2\n|\n|t:|1700641329\n|move|p2a: Thistle|Leaf Storm|p1a: Ironut\n|-resisted|p1a: Ironut\n|-damage|p1a: Ironut|84\/100\n|-boost|p2a: Thistle|spa|2\n|move|p1a: Ironut|Zap Cannon|p2a: Thistle|[miss]\n|-miss|p1a: Ironut|p2a: Thistle\n|\n|-heal|p1a: Ironut|91\/100|[from] item: Leftovers\n|upkeep\n|turn|3\n|\n|t:|1700641341\n|move|p2a: Thistle|Leaf Storm|p1a: Ironut\n|-resisted|p1a: Ironut\n|-damage|p1a: Ironut|58\/100\n|-boost|p2a: Thistle|spa|2\n|move|p1a: Ironut|Zap Cannon|p2a: Thistle|[miss]\n|-miss|p1a: Ironut|p2a: Thistle\n|\n|-heal|p1a: Ironut|64\/100|[from] item: Leftovers\n|upkeep\n|turn|4\n|\n|t:|1700641352\n|move|p2a: Thistle|Leaf Storm|p1a: Ironut\n|-resisted|p1a: Ironut\n|-damage|p1a: Ironut|13\/100\n|-boost|p2a: Thistle|spa|2\n|move|p1a: Ironut|Zap Cannon|p2a: Thistle|[miss]\n|-miss|p1a: Ironut|p2a: Thistle\n|\n|-heal|p1a: Ironut|19\/100|[from] item: Leftovers\n|upkeep\n|turn|5\n|\n|t:|1700641363\n|move|p2a: Thistle|Leaf Storm|p1a: Ironut|[miss]\n|-miss|p2a: Thistle|p1a: Ironut\n|move|p1a: Ironut|Stealth Rock|p2a: Thistle\n|-sidestart|p2: Kaithehybrid|move: Stealth Rock\n|\n|-heal|p1a: Ironut|26\/100|[from] item: Leftovers\n|upkeep\n|turn|6\n|\n|t:|1700641371\n|move|p2a: Thistle|Leaf Storm|p1a: Ironut\n|-resisted|p1a: Ironut\n|-damage|p1a: Ironut|0 fnt\n|faint|p1a: Ironut\n|\n|upkeep\n|\n|t:|1700641375\n|switch|p1a: Shellshocker|Cloyster, M|100\/100\n|turn|7\n|\n|t:|1700641379\n|move|p2a: Thistle|Leaf Storm|p1a: Shellshocker\n|-supereffective|p1a: Shellshocker\n|-enditem|p1a: Shellshocker|Focus Sash\n|-damage|p1a: Shellshocker|1\/100\n|move|p1a: Shellshocker|Shell Smash|p1a: Shellshocker\n|-unboost|p1a: Shellshocker|def|1\n|-unboost|p1a: Shellshocker|spd|1\n|-boost|p1a: Shellshocker|atk|2\n|-boost|p1a: Shellshocker|spa|2\n|-boost|p1a: Shellshocker|spe|2\n|\n|upkeep\n|turn|8\n|\n|t:|1700641389\n|move|p1a: Shellshocker|Icicle Spear|p2a: Thistle\n|-supereffective|p2a: Thistle\n|-damage|p2a: Thistle|47\/100\n|-supereffective|p2a: Thistle\n|-damage|p2a: Thistle|0 fnt\n|faint|p2a: Thistle\n|-hitcount|p2: Thistle|2\n|\n|upkeep\n|\n|t:|1700641397\n|switch|p2a: Bond|Inteleon, M|100\/100\n|-damage|p2a: Bond|88\/100|[from] Stealth Rock\n|turn|9\n|\n|t:|1700641407\n|switch|p1a: Whiplash|Ferrothorn, M|100\/100\n|move|p2a: Bond|Icicle Spear|p1a: Whiplash\n|-crit|p1a: Whiplash\n|-damage|p1a: Whiplash|92\/100\n|-damage|p1a: Whiplash|88\/100\n|-damage|p1a: Whiplash|85\/100\n|-damage|p1a: Whiplash|81\/100\n|-crit|p1a: Whiplash\n|-damage|p1a: Whiplash|73\/100\n|-hitcount|p1a: Whiplash|5\n|\n|upkeep\n|turn|10\n|\n|t:|1700641420\n|switch|p2a: Sear|Delphox, F|100\/100\n|-damage|p2a: Sear|75\/100|[from] Stealth Rock\n|move|p1a: Whiplash|Leech Seed|p2a: Sear\n|-start|p2a: Sear|move: Leech Seed\n|\n|-damage|p2a: Sear|63\/100|[from] Leech Seed|[of] p1a: Whiplash\n|-heal|p1a: Whiplash|85\/100|[silent]\n|upkeep\n|turn|11\n|\n|t:|1700641430\n|switch|p1a: Geoshine|Solrock|100\/100\n|move|p2a: Sear|Mystical Fire|p1a: Geoshine\n|-resisted|p1a: Geoshine\n|-damage|p1a: Geoshine|79\/100\n|-unboost|p1a: Geoshine|spa|1\n|\n|-damage|p2a: Sear|51\/100|[from] Leech Seed|[of] p1a: Geoshine\n|-heal|p1a: Geoshine|89\/100|[silent]\n|upkeep\n|turn|12\n|\n|t:|1700641450\n|switch|p2a: Bond|Inteleon, M|88\/100\n|-damage|p2a: Bond|75\/100|[from] Stealth Rock\n|move|p1a: Geoshine|Rock Slide|p2a: Bond\n|-damage|p2a: Bond|34\/100\n|\n|upkeep\n|turn|13\n|\n|t:|1700641458\n|switch|p1a: Whiplash|Ferrothorn, M|85\/100\n|move|p2a: Bond|Snipe Shot|p1a: Whiplash\n|-resisted|p1a: Whiplash\n|-damage|p1a: Whiplash|69\/100\n|\n|upkeep\n|turn|14\n|\n|t:|1700641471\n|-terastallize|p2a: Bond|Ice\n|move|p2a: Bond|Icicle Spear|p1a: Whiplash\n|-damage|p1a: Whiplash|63\/100\n|-damage|p1a: Whiplash|58\/100\n|-hitcount|p1a: Whiplash|2\n|move|p1a: Whiplash|Leech Seed|p2a: Bond\n|-start|p2a: Bond|move: Leech Seed\n|\n|-damage|p2a: Bond|22\/100|[from] Leech Seed|[of] p1a: Whiplash\n|-heal|p1a: Whiplash|72\/100|[silent]\n|upkeep\n|turn|15\n|\n|t:|1700641484\n|move|p2a: Bond|Dark Pulse|p1a: Whiplash\n|-damage|p1a: Whiplash|51\/100\n|cant|p1a: Whiplash|flinch\n|\n|-damage|p2a: Bond|9\/100|[from] Leech Seed|[of] p1a: Whiplash\n|-heal|p1a: Whiplash|65\/100|[silent]\n|upkeep\n|turn|16\n|\n|t:|1700641506\n|move|p1a: Whiplash|Protect|p1a: Whiplash\n|-singleturn|p1a: Whiplash|Protect\n|move|p2a: Bond|Dark Pulse|p1a: Whiplash\n|-activate|p1a: Whiplash|move: Protect\n|\n|-damage|p2a: Bond|0 fnt|[from] Leech Seed|[of] p1a: Whiplash\n|-heal|p1a: Whiplash|74\/100|[silent]\n|faint|p2a: Bond\n|upkeep\n|\n|t:|1700641516\n|switch|p2a: Acrobat|Crobat, M|100\/100\n|-damage|p2a: Acrobat|88\/100|[from] Stealth Rock\n|turn|17\n|\n|t:|1700641522\n|switch|p1a: Geoshine|Solrock|89\/100\n|move|p2a: Acrobat|Toxic|p1a: Geoshine|[miss]\n|-miss|p2a: Acrobat|p1a: Geoshine\n|\n|upkeep\n|turn|18\n|\n|t:|1700641530\n|move|p1a: Geoshine|Rock Slide|p2a: Acrobat\n|-damage|p2a: Acrobat|43\/100\n|replace|p2a: Shadow|Zoroark, F, shiny\n|-end|p2a: Shadow|Illusion\n|cant|p2a: Shadow|flinch\n|\n|upkeep\n|turn|19\n|\n|t:|1700641537\n|move|p1a: Geoshine|Rock Slide|p2a: Shadow\n|-damage|p2a: Shadow|0 fnt\n|faint|p2a: Shadow\n|\n|upkeep\n|\n|t:|1700641546\n|switch|p2a: Leo|Lucario, M, shiny|100\/100\n|-damage|p2a: Leo|98\/100|[from] Stealth Rock\n|turn|20\n|\n|t:|1700641553\n|switch|p1a: Cryosion|Glalie, M|100\/100\n|move|p2a: Leo|Aura Sphere|p1a: Cryosion\n|-supereffective|p1a: Cryosion\n|-damage|p1a: Cryosion|2\/100\n|\n|upkeep\n|turn|21\n|\n|t:|1700641563\n|detailschange|p1a: Cryosion|Glalie-Mega, M\n|-mega|p1a: Cryosion|Glalie|Glalitite\n|move|p1a: Cryosion|Earthquake|p2a: Leo\n|-supereffective|p2a: Leo\n|-crit|p2a: Leo\n|-damage|p2a: Leo|0 fnt\n|faint|p2a: Leo\n|\n|upkeep\n|\n|t:|1700641571\n|switch|p2a: Acrobat|Crobat, M|100\/100\n|-damage|p2a: Acrobat|76\/100|[from] Stealth Rock\n|turn|22\n|\n|t:|1700641581\n|switch|p1a: Whiplash|Ferrothorn, M|74\/100\n|move|p2a: Acrobat|Hidden Power|p1a: Whiplash\n|-damage|p1a: Whiplash|66\/100\n|\n|-heal|p2a: Acrobat|82\/100|[from] item: Black Sludge\n|upkeep\n|turn|23\n|\n|t:|1700641594\n|switch|p2a: Sear|Delphox, F|51\/100\n|-damage|p2a: Sear|26\/100|[from] Stealth Rock\n|move|p1a: Whiplash|Leech Seed|p2a: Sear\n|-start|p2a: Sear|move: Leech Seed\n|\n|-damage|p2a: Sear|14\/100|[from] Leech Seed|[of] p1a: Whiplash\n|-heal|p1a: Whiplash|79\/100|[silent]\n|upkeep\n|turn|24\n|\n|t:|1700641603\n|move|p1a: Whiplash|Protect|p1a: Whiplash\n|-singleturn|p1a: Whiplash|Protect\n|move|p2a: Sear|Mystical Fire|p1a: Whiplash\n|-activate|p1a: Whiplash|move: Protect\n|\n|-damage|p2a: Sear|1\/100|[from] Leech Seed|[of] p1a: Whiplash\n|-heal|p1a: Whiplash|91\/100|[silent]\n|upkeep\n|turn|25\n|\n|t:|1700641612\n|switch|p1a: Geoshine|Solrock|89\/100\n|move|p2a: Sear|Mystical Fire|p1a: Geoshine\n|-resisted|p1a: Geoshine\n|-damage|p1a: Geoshine|56\/100\n|-unboost|p1a: Geoshine|spa|1\n|\n|-damage|p2a: Sear|0 fnt|[from] Leech Seed|[of] p1a: Geoshine\n|-heal|p1a: Geoshine|56\/100|[silent]\n|faint|p2a: Sear\n|upkeep\n|\n|t:|1700641624\n|switch|p2a: Acrobat|Crobat, M|82\/100\n|-damage|p2a: Acrobat|57\/100|[from] Stealth Rock\n|turn|26\n|\n|t:|1700641635\n|move|p2a: Acrobat|Hidden Power|p1a: Geoshine\n|-immune|p1a: Geoshine|[from] ability: Levitate\n|move|p1a: Geoshine|Rock Slide|p2a: Acrobat\n|-supereffective|p2a: Acrobat\n|-damage|p2a: Acrobat|0 fnt\n|faint|p2a: Acrobat\n|\n|win|Keanmon\n|raw|Keanmon's rating: 1076 &rarr; <strong>1102<\/strong><br \/>(+26 for winning)\n|raw|Kaithehybrid's rating: 1048 &rarr; <strong>1032<\/strong><br \/>(-16 for losing)\n","uploadtime":1700641643,"views":0,"p1id":"keanmon","p2id":"kaithehybrid","formatid":"gen9nationaldex","rating":1032,"private":0,"password":""}