{"id":"gen9nationaldex-1993362132","p1":"Liushenwuzhu_Xyt","p2":"Vekotj","format":"[Gen 9] National Dex","log":"|j|\u2606Liushenwuzhu_Xyt\n|j|\u2606Vekotj\n|t:|1700306120\n|gametype|singles\n|player|p1|Liushenwuzhu_Xyt|lillie-masters2|1369\n|player|p2|Vekotj|ghetsis-gen5bw|1437\n|teamsize|p1|6\n|teamsize|p2|6\n|gen|9\n|tier|[Gen 9] National Dex\n|rated|\n|rule|HP Percentage Mod: HP is shown in percentages\n|rule|Endless Battle Clause: Forcing endless battles is banned\n|rule|OHKO Clause: OHKO moves are banned\n|rule|Evasion Clause: Evasion abilities, items, and moves are banned\n|rule|Evasion Abilities Clause: Evasion abilities are banned\n|rule|Evasion Items Clause: Evasion items are banned\n|rule|Evasion Moves Clause: Evasion moves are banned\n|rule|Species Clause: Limit one of each Pok\u00e9mon\n|rule|Sleep Clause Mod: Limit one foe put to sleep\n|clearpoke\n|poke|p1|Tyranitar, F|\n|poke|p1|Iron Valiant|\n|poke|p1|Moltres|\n|poke|p1|Glimmora, F|\n|poke|p1|Volcanion|\n|poke|p1|Dragonite, F|\n|poke|p2|Smeargle, F|\n|poke|p2|Rillaboom, F|\n|poke|p2|Sneasler, F|\n|poke|p2|Landorus-Therian, M|\n|poke|p2|Aerodactyl, F|\n|poke|p2|Ogerpon-Wellspring, F|\n|teampreview\n|inactive|Battle timer is ON: inactive players will automatically lose when time's up. (requested by Vekotj)\n|\n|t:|1700306140\n|start\n|switch|p1a: Psychedelic|Glimmora, F, shiny|100\/100\n|switch|p2a: Rillaboom|Rillaboom, F|100\/100\n|-fieldstart|move: Grassy Terrain|[from] ability: Grassy Surge|[of] p2a: Rillaboom\n|turn|1\n|\n|t:|1700306150\n|switch|p2a: Smeargle|Smeargle, F|100\/100\n|move|p1a: Psychedelic|Stealth Rock|p2a: Smeargle\n|-sidestart|p2: Vekotj|move: Stealth Rock\n|\n|upkeep\n|turn|2\n|\n|t:|1700306159\n|move|p1a: Psychedelic|Power Gem|p2a: Smeargle\n|-damage|p2a: Smeargle|0 fnt\n|faint|p2a: Smeargle\n|\n|upkeep\n|\n|t:|1700306167\n|switch|p2a: Ogerpon|Ogerpon-Wellspring, F|100\/100\n|-damage|p2a: Ogerpon|88\/100|[from] Stealth Rock\n|turn|3\n|\n|t:|1700306187\n|switch|p1a: Volcanion|Volcanion|100\/100\n|move|p2a: Ogerpon|Ivy Cudgel|p1a: Volcanion|[anim] Ivy Cudgel Water\n|-immune|p1a: Volcanion|[from] ability: Water Absorb\n|\n|-heal|p2a: Ogerpon|94\/100|[from] Grassy Terrain\n|upkeep\n|turn|4\n|\n|t:|1700306206\n|move|p2a: Ogerpon|Horn Leech|p1a: Volcanion\n|-damage|p1a: Volcanion|45\/100\n|-heal|p2a: Ogerpon|100\/100|[from] drain|[of] p1a: Volcanion\n|move|p1a: Volcanion|Fire Blast|p2a: Ogerpon|[miss]\n|-miss|p1a: Volcanion|p2a: Ogerpon\n|\n|-heal|p1a: Volcanion|51\/100|[from] Grassy Terrain\n|upkeep\n|turn|5\n|\n|t:|1700306217\n|switch|p1a: Moltres|Moltres|100\/100\n|move|p2a: Ogerpon|Leaf Storm|p1a: Moltres\n|-resisted|p1a: Moltres\n|-damage|p1a: Moltres|89\/100\n|-unboost|p2a: Ogerpon|spa|2\n|\n|upkeep\n|turn|6\n|\n|t:|1700306237\n|switch|p1a: Volcanion|Volcanion|51\/100\n|move|p2a: Ogerpon|U-turn|p1a: Volcanion\n|-resisted|p1a: Volcanion\n|-damage|p1a: Volcanion|38\/100\n|\n|t:|1700306244\n|switch|p2a: Landorus|Landorus-Therian, M|100\/100|[from] U-turn\n|-damage|p2a: Landorus|88\/100|[from] Stealth Rock\n|-ability|p2a: Landorus|Intimidate|boost\n|-unboost|p1a: Volcanion|atk|1\n|\n|-heal|p1a: Volcanion|44\/100|[from] Grassy Terrain\n|upkeep\n|turn|7\n|\n|t:|1700306254\n|move|p2a: Landorus|Stealth Rock|p1a: Volcanion\n|-sidestart|p1: Liushenwuzhu_Xyt|move: Stealth Rock\n|move|p1a: Volcanion|Steam Eruption|p2a: Landorus\n|-supereffective|p2a: Landorus\n|-damage|p2a: Landorus|0 fnt\n|faint|p2a: Landorus\n|\n|-heal|p1a: Volcanion|50\/100|[from] Grassy Terrain\n|upkeep\n|\n|t:|1700306259\n|switch|p2a: Sneasler|Sneasler, F|100\/100\n|-damage|p2a: Sneasler|95\/100|[from] Stealth Rock\n|-enditem|p2a: Sneasler|Grassy Seed\n|-boost|p2a: Sneasler|def|1|[from] item: Grassy Seed\n|turn|8\n|\n|t:|1700306270\n|move|p2a: Sneasler|Dire Claw|p1a: Volcanion\n|-damage|p1a: Volcanion|6\/100\n|move|p1a: Volcanion|Fire Blast|p2a: Sneasler\n|-damage|p2a: Sneasler|8\/100\n|\n|-heal|p2a: Sneasler|14\/100|[from] Grassy Terrain\n|-heal|p1a: Volcanion|12\/100|[from] Grassy Terrain\n|-fieldend|move: Grassy Terrain\n|upkeep\n|turn|9\n|\n|t:|1700306280\n|move|p2a: Sneasler|Acrobatics|p1a: Volcanion\n|-damage|p1a: Volcanion|0 fnt\n|faint|p1a: Volcanion\n|\n|upkeep\n|\n|t:|1700306285\n|switch|p1a: Dragonite|Dragonite, F|100\/100\n|-damage|p1a: Dragonite|76\/100|[from] Stealth Rock\n|turn|10\n|\n|t:|1700306290\n|-terastallize|p1a: Dragonite|Normal\n|move|p1a: Dragonite|Extreme Speed|p2a: Sneasler\n|-damage|p2a: Sneasler|0 fnt\n|faint|p2a: Sneasler\n|\n|upkeep\n|\n|t:|1700306295\n|switch|p2a: Rillaboom|Rillaboom, F|100\/100\n|-damage|p2a: Rillaboom|88\/100|[from] Stealth Rock\n|-fieldstart|move: Grassy Terrain|[from] ability: Grassy Surge|[of] p2a: Rillaboom\n|turn|11\n|\n|t:|1700306302\n|move|p1a: Dragonite|Extreme Speed|p2a: Rillaboom\n|-damage|p2a: Rillaboom|16\/100\n|move|p2a: Rillaboom|Drum Beating|p1a: Dragonite\n|-damage|p1a: Dragonite|18\/100\n|-unboost|p1a: Dragonite|spe|1\n|\n|-heal|p2a: Rillaboom|22\/100|[from] Grassy Terrain\n|-heal|p1a: Dragonite|24\/100|[from] Grassy Terrain\n|upkeep\n|turn|12\n|\n|t:|1700306310\n|move|p1a: Dragonite|Extreme Speed|p2a: Rillaboom\n|-damage|p2a: Rillaboom|0 fnt\n|faint|p2a: Rillaboom\n|\n|-heal|p1a: Dragonite|30\/100|[from] Grassy Terrain\n|upkeep\n|\n|t:|1700306316\n|switch|p2a: Aerodactyl|Aerodactyl, F|100\/100\n|-damage|p2a: Aerodactyl|76\/100|[from] Stealth Rock\n|-ability|p2a: Aerodactyl|Pressure\n|turn|13\n|\n|t:|1700306324\n|detailschange|p2a: Aerodactyl|Aerodactyl-Mega, F\n|-mega|p2a: Aerodactyl|Aerodactyl|Aerodactylite\n|move|p1a: Dragonite|Extreme Speed|p2a: Aerodactyl\n|-resisted|p2a: Aerodactyl\n|-damage|p2a: Aerodactyl|31\/100\n|move|p2a: Aerodactyl|Iron Head|p1a: Dragonite\n|-damage|p1a: Dragonite|0 fnt\n|faint|p1a: Dragonite\n|\n|upkeep\n|\n|t:|1700306348\n|switch|p1a: Tyranitar|Tyranitar, F|100\/100\n|-damage|p1a: Tyranitar|88\/100|[from] Stealth Rock\n|-weather|Sandstorm|[from] ability: Sand Stream|[of] p1a: Tyranitar\n|turn|14\n|\n|t:|1700306357\n|detailschange|p1a: Tyranitar|Tyranitar-Mega, F\n|-mega|p1a: Tyranitar|Tyranitar|Tyranitarite\n|move|p2a: Aerodactyl|Roost|p2a: Aerodactyl\n|-heal|p2a: Aerodactyl|81\/100\n|-singleturn|p2a: Aerodactyl|move: Roost\n|move|p1a: Tyranitar|Ice Punch|p2a: Aerodactyl\n|-damage|p2a: Aerodactyl|35\/100\n|\n|-weather|Sandstorm|[upkeep]\n|-heal|p2a: Aerodactyl|41\/100|[from] Grassy Terrain\n|-heal|p1a: Tyranitar|94\/100|[from] Grassy Terrain\n|upkeep\n|turn|15\n|\n|t:|1700306372\n|move|p2a: Aerodactyl|Earthquake|p1a: Tyranitar\n|-supereffective|p1a: Tyranitar\n|-damage|p1a: Tyranitar|70\/100\n|move|p1a: Tyranitar|Earthquake|p2a: Aerodactyl\n|-immune|p2a: Aerodactyl\n|\n|-weather|Sandstorm|[upkeep]\n|-heal|p1a: Tyranitar|76\/100|[from] Grassy Terrain\n|upkeep\n|turn|16\n|\n|t:|1700306378\n|move|p2a: Aerodactyl|Roost|p2a: Aerodactyl\n|-heal|p2a: Aerodactyl|91\/100\n|-singleturn|p2a: Aerodactyl|move: Roost\n|move|p1a: Tyranitar|Ice Punch|p2a: Aerodactyl\n|-damage|p2a: Aerodactyl|44\/100\n|\n|-weather|Sandstorm|[upkeep]\n|-heal|p2a: Aerodactyl|50\/100|[from] Grassy Terrain\n|-heal|p1a: Tyranitar|82\/100|[from] Grassy Terrain\n|upkeep\n|turn|17\n|\n|t:|1700306388\n|move|p2a: Aerodactyl|Roost|p2a: Aerodactyl\n|-heal|p2a: Aerodactyl|100\/100\n|-singleturn|p2a: Aerodactyl|move: Roost\n|move|p1a: Tyranitar|Ice Punch|p2a: Aerodactyl\n|-damage|p2a: Aerodactyl|55\/100\n|\n|-weather|Sandstorm|[upkeep]\n|-heal|p2a: Aerodactyl|61\/100|[from] Grassy Terrain\n|-heal|p1a: Tyranitar|89\/100|[from] Grassy Terrain\n|upkeep\n|turn|18\n|\n|t:|1700306398\n|move|p2a: Aerodactyl|Iron Head|p1a: Tyranitar\n|-supereffective|p1a: Tyranitar\n|-damage|p1a: Tyranitar|41\/100\n|move|p1a: Tyranitar|Ice Punch|p2a: Aerodactyl\n|-supereffective|p2a: Aerodactyl\n|-damage|p2a: Aerodactyl|0 fnt\n|faint|p2a: Aerodactyl\n|\n|-weather|none\n|-heal|p1a: Tyranitar|47\/100|[from] Grassy Terrain\n|-fieldend|move: Grassy Terrain\n|upkeep\n|\n|t:|1700306403\n|switch|p2a: Ogerpon|Ogerpon-Wellspring, F|100\/100\n|-damage|p2a: Ogerpon|88\/100|[from] Stealth Rock\n|turn|19\n|\n|t:|1700306415\n|switch|p1a: Moltres|Moltres|89\/100\n|-terastallize|p2a: Ogerpon|Water\n|detailschange|p2a: Ogerpon|Ogerpon-Wellspring-Tera, F, tera:Water\n|-ability|p2a: Ogerpon|Embody Aspect (Wellspring)|boost\n|-boost|p2a: Ogerpon|spd|1\n|move|p2a: Ogerpon|Ivy Cudgel|p1a: Moltres|[anim] Ivy Cudgel Water\n|-supereffective|p1a: Moltres\n|-crit|p1a: Moltres\n|-damage|p1a: Moltres|0 fnt\n|faint|p1a: Moltres\n|\n|upkeep\n|\n|t:|1700306432\n|switch|p1a: Iron Valiant|Iron Valiant, shiny|100\/100\n|-damage|p1a: Iron Valiant|94\/100|[from] Stealth Rock\n|turn|20\n|\n|t:|1700306437\n|move|p1a: Iron Valiant|Thunderbolt|p2a: Ogerpon\n|-supereffective|p2a: Ogerpon\n|-damage|p2a: Ogerpon|18\/100\n|move|p2a: Ogerpon|Ivy Cudgel|p1a: Iron Valiant|[anim] Ivy Cudgel Water\n|-damage|p1a: Iron Valiant|0 fnt\n|faint|p1a: Iron Valiant\n|-end|p1a: Iron Valiant|Quark Drive|[silent]\n|\n|upkeep\n|\n|t:|1700306446\n|switch|p1a: Tyranitar|Tyranitar-Mega, F|47\/100\n|-damage|p1a: Tyranitar|35\/100|[from] Stealth Rock\n|-weather|Sandstorm|[from] ability: Sand Stream|[of] p1a: Tyranitar\n|turn|21\n|\n|t:|1700306451\n|move|p2a: Ogerpon|Ivy Cudgel|p1a: Tyranitar|[anim] Ivy Cudgel Water\n|-supereffective|p1a: Tyranitar\n|-damage|p1a: Tyranitar|0 fnt\n|faint|p1a: Tyranitar\n|\n|-weather|Sandstorm|[upkeep]\n|-damage|p2a: Ogerpon|12\/100|[from] Sandstorm\n|upkeep\n|\n|t:|1700306453\n|switch|p1a: Psychedelic|Glimmora, F, shiny|100\/100\n|-damage|p1a: Psychedelic|88\/100|[from] Stealth Rock\n|turn|22\n|\n|t:|1700306459\n|move|p2a: Ogerpon|Ivy Cudgel|p1a: Psychedelic|[anim] Ivy Cudgel Water\n|-supereffective|p1a: Psychedelic\n|-damage|p1a: Psychedelic|0 fnt\n|-activate|p1a: Psychedelic|ability: Toxic Debris\n|-sidestart|p2: Vekotj|move: Toxic Spikes\n|faint|p1a: Psychedelic\n|\n|win|Vekotj\n|raw|Liushenwuzhu_Xyt's rating: 1369 &rarr; <strong>1353<\/strong><br \/>(-16 for losing)\n|raw|Vekotj's rating: 1437 &rarr; <strong>1453<\/strong><br \/>(+16 for winning)\n|l|\u2606Liushenwuzhu_Xyt\n","uploadtime":1700306477,"views":9,"p1id":"liushenwuzhuxyt","p2id":"vekotj","formatid":"gen9nationaldex","rating":1353,"private":0,"password":""}