{"id":"gen9nationaldex-1991124742","p1":"steals many wives","p2":"Margotbollox","format":"[Gen 9] National Dex","log":"|j|\u2606steals many wives\n|j|\u2606Margotbollox\n|t:|1700046714\n|gametype|singles\n|player|p1|steals many wives|waitress|1154\n|player|p2|Margotbollox|emmet|1098\n|teamsize|p1|6\n|teamsize|p2|6\n|gen|9\n|tier|[Gen 9] National Dex\n|rated|\n|rule|HP Percentage Mod: HP is shown in percentages\n|rule|Endless Battle Clause: Forcing endless battles is banned\n|rule|OHKO Clause: OHKO moves are banned\n|rule|Evasion Clause: Evasion abilities, items, and moves are banned\n|rule|Evasion Abilities Clause: Evasion abilities are banned\n|rule|Evasion Items Clause: Evasion items are banned\n|rule|Evasion Moves Clause: Evasion moves are banned\n|rule|Species Clause: Limit one of each Pok\u00e9mon\n|rule|Sleep Clause Mod: Limit one foe put to sleep\n|clearpoke\n|poke|p1|Aggron, M|\n|poke|p1|Ferrothorn, M|\n|poke|p1|Goodra-Hisui, F|\n|poke|p1|Celesteela|\n|poke|p1|Heatran, M|\n|poke|p1|Excadrill, M|\n|poke|p2|Hawlucha, M|\n|poke|p2|Lucario, M|\n|poke|p2|Sawk, M|\n|poke|p2|Throh, M|\n|poke|p2|Mienshao, F|\n|poke|p2|Conkeldurr, M|\n|teampreview\n|c|\u2606steals many wives|oh boy\n|\n|t:|1700046732\n|start\n|switch|p1a: Lego|Ferrothorn, M|100\/100\n|switch|p2a: Hawlucha|Hawlucha, M|100\/100\n|turn|1\n|\n|t:|1700046744\n|switch|p2a: Lucario|Lucario, M|100\/100\n|move|p1a: Lego|Stealth Rock|p2a: Lucario\n|-sidestart|p2: Margotbollox|move: Stealth Rock\n|\n|upkeep\n|turn|2\n|\n|t:|1700046749\n|move|p2a: Lucario|Focus Blast|p1a: Lego|[miss]\n|-miss|p2a: Lucario|p1a: Lego\n|move|p1a: Lego|Leech Seed|p2a: Lucario\n|-start|p2a: Lucario|move: Leech Seed\n|\n|-damage|p2a: Lucario|88\/100|[from] Leech Seed|[of] p1a: Lego\n|upkeep\n|turn|3\n|\n|t:|1700046762\n|move|p2a: Lucario|Focus Blast|p1a: Lego|[miss]\n|-miss|p2a: Lucario|p1a: Lego\n|move|p1a: Lego|Gyro Ball|p2a: Lucario\n|-resisted|p2a: Lucario\n|-damage|p2a: Lucario|47\/100\n|\n|-damage|p2a: Lucario|35\/100|[from] Leech Seed|[of] p1a: Lego\n|upkeep\n|turn|4\n|\n|t:|1700046770\n|switch|p1a: Team Rocket|Celesteela|100\/100\n|move|p2a: Lucario|Focus Blast|p1a: Team Rocket\n|-damage|p1a: Team Rocket|55\/100\n|\n|-heal|p1a: Team Rocket|61\/100|[from] item: Leftovers\n|-damage|p2a: Lucario|23\/100|[from] Leech Seed|[of] p1a: Team Rocket\n|-heal|p1a: Team Rocket|70\/100|[silent]\n|upkeep\n|turn|5\n|\n|t:|1700046779\n|move|p1a: Team Rocket|Protect|p1a: Team Rocket\n|-singleturn|p1a: Team Rocket|Protect\n|move|p2a: Lucario|Focus Blast|p1a: Team Rocket\n|-activate|p1a: Team Rocket|move: Protect\n|\n|-heal|p1a: Team Rocket|77\/100|[from] item: Leftovers\n|-damage|p2a: Lucario|10\/100|[from] Leech Seed|[of] p1a: Team Rocket\n|-heal|p1a: Team Rocket|86\/100|[silent]\n|upkeep\n|turn|6\n|\n|t:|1700046787\n|move|p2a: Lucario|Focus Blast|p1a: Team Rocket|[miss]\n|-miss|p2a: Lucario|p1a: Team Rocket\n|move|p1a: Team Rocket|Fly||[still]\n|-prepare|p1a: Team Rocket|Fly\n|\n|-heal|p1a: Team Rocket|92\/100|[from] item: Leftovers\n|-damage|p2a: Lucario|0 fnt|[from] Leech Seed|[of] p1a: Team Rocket\n|-heal|p1a: Team Rocket|99\/100|[silent]\n|faint|p2a: Lucario\n|upkeep\n|\n|t:|1700046797\n|switch|p2a: Conkeldurr|Conkeldurr, M|100\/100\n|-damage|p2a: Conkeldurr|94\/100|[from] Stealth Rock\n|turn|7\n|\n|t:|1700046801\n|move|p1a: Team Rocket|Fly|p2a: Conkeldurr|[from]lockedmove\n|-supereffective|p2a: Conkeldurr\n|-damage|p2a: Conkeldurr|44\/100\n|move|p2a: Conkeldurr|Bulk Up|p2a: Conkeldurr\n|-boost|p2a: Conkeldurr|atk|1\n|-boost|p2a: Conkeldurr|def|1\n|\n|-heal|p1a: Team Rocket|100\/100|[from] item: Leftovers\n|upkeep\n|turn|8\n|\n|t:|1700046811\n|move|p2a: Conkeldurr|Mach Punch|p1a: Team Rocket\n|-damage|p1a: Team Rocket|72\/100\n|move|p1a: Team Rocket|Fly||[still]\n|-prepare|p1a: Team Rocket|Fly\n|\n|-heal|p1a: Team Rocket|78\/100|[from] item: Leftovers\n|upkeep\n|turn|9\n|\n|t:|1700046817\n|move|p1a: Team Rocket|Fly|p2a: Conkeldurr|[from]lockedmove\n|-supereffective|p2a: Conkeldurr\n|-damage|p2a: Conkeldurr|5\/100\n|move|p2a: Conkeldurr|Bulk Up|p2a: Conkeldurr\n|-boost|p2a: Conkeldurr|atk|1\n|-boost|p2a: Conkeldurr|def|1\n|\n|-heal|p1a: Team Rocket|85\/100|[from] item: Leftovers\n|upkeep\n|turn|10\n|\n|t:|1700046831\n|move|p2a: Conkeldurr|Mach Punch|p1a: Team Rocket\n|-damage|p1a: Team Rocket|48\/100\n|move|p1a: Team Rocket|Fly||[still]\n|-prepare|p1a: Team Rocket|Fly\n|\n|-heal|p1a: Team Rocket|54\/100|[from] item: Leftovers\n|upkeep\n|turn|11\n|\n|t:|1700046847\n|move|p1a: Team Rocket|Fly|p2a: Conkeldurr|[from]lockedmove\n|-supereffective|p2a: Conkeldurr\n|-damage|p2a: Conkeldurr|0 fnt\n|faint|p2a: Conkeldurr\n|-ability|p1a: Team Rocket|Beast Boost|boost\n|-boost|p1a: Team Rocket|def|1\n|\n|-heal|p1a: Team Rocket|60\/100|[from] item: Leftovers\n|upkeep\n|-message|Margotbollox forfeited.\n|\n|win|steals many wives\n|raw|steals many wives's rating: 1154 &rarr; <strong>1175<\/strong><br \/>(+21 for winning)\n|raw|Margotbollox's rating: 1098 &rarr; <strong>1077<\/strong><br \/>(-21 for losing)\n|l|\u2606Margotbollox\n","uploadtime":1700046857,"views":8,"p1id":"stealsmanywives","p2id":"margotbollox","formatid":"gen9nationaldex","rating":1077,"private":0,"password":""}