{"id":"gen9nationaldex-1990544279","p1":"JustForSomeFun","p2":"bluenecdream","format":"[Gen 9] National Dex","log":"|j|\u2606JustForSomeFun\n|j|\u2606bluenecdream\n|t:|1699980182\n|gametype|singles\n|player|p1|JustForSomeFun|acetrainer-gen4dp|1151\n|player|p2|bluenecdream|idol|1232\n|teamsize|p1|6\n|teamsize|p2|6\n|gen|9\n|tier|[Gen 9] National Dex\n|rated|\n|rule|HP Percentage Mod: HP is shown in percentages\n|rule|Endless Battle Clause: Forcing endless battles is banned\n|rule|OHKO Clause: OHKO moves are banned\n|rule|Evasion Clause: Evasion abilities, items, and moves are banned\n|rule|Evasion Abilities Clause: Evasion abilities are banned\n|rule|Evasion Items Clause: Evasion items are banned\n|rule|Evasion Moves Clause: Evasion moves are banned\n|rule|Species Clause: Limit one of each Pok\u00e9mon\n|rule|Sleep Clause Mod: Limit one foe put to sleep\n|clearpoke\n|poke|p1|Accelgor, M|\n|poke|p1|Illumise, F|\n|poke|p1|Scizor, M|\n|poke|p1|Ceruledge, M|\n|poke|p1|Toxapex, M|\n|poke|p1|Tapu Lele|\n|poke|p2|Ninetales-Alola, F|\n|poke|p2|Glalie, F|\n|poke|p2|Ribombee, F|\n|poke|p2|Deoxys-Defense|\n|poke|p2|Kyurem|\n|poke|p2|Rotom-Wash|\n|teampreview\n|inactive|Battle timer is ON: inactive players will automatically lose when time's up. (requested by JustForSomeFun)\n|\n|t:|1699980190\n|start\n|switch|p1a: Accelgor|Accelgor, M|100\/100\n|switch|p2a: Ribombee|Ribombee, F|100\/100\n|turn|1\n|\n|t:|1699980196\n|move|p1a: Accelgor|Toxic Spikes|p2a: Ribombee\n|-sidestart|p2: bluenecdream|move: Toxic Spikes\n|move|p2a: Ribombee|Sticky Web|p1a: Accelgor\n|-sidestart|p1: JustForSomeFun|move: Sticky Web\n|\n|upkeep\n|turn|2\n|\n|t:|1699980202\n|move|p1a: Accelgor|Encore|p2a: Ribombee\n|-start|p2a: Ribombee|Encore\n|move|p2a: Ribombee|Sticky Web||[still]\n|-fail|p2a: Ribombee\n|\n|upkeep\n|turn|3\n|\n|t:|1699980211\n|switch|p2a: Rotom|Rotom-Wash|100\/100\n|move|p1a: Accelgor|Toxic Spikes|p2a: Rotom\n|-sidestart|p2: bluenecdream|move: Toxic Spikes\n|\n|upkeep\n|turn|4\n|\n|t:|1699980219\n|move|p1a: Accelgor|Spikes|p2a: Rotom\n|-sidestart|p2: bluenecdream|Spikes\n|move|p2a: Rotom|Hydro Pump|p1a: Accelgor\n|-damage|p1a: Accelgor|33\/100\n|\n|upkeep\n|turn|5\n|\n|t:|1699980230\n|move|p1a: Accelgor|Spikes|p2a: Rotom\n|-sidestart|p2: bluenecdream|Spikes\n|move|p2a: Rotom|Defog|p1a: Accelgor\n|-unboost|p1a: Accelgor|evasion|1\n|-sideend|p1: JustForSomeFun|Sticky Web|[from] move: Defog|[of] p2a: Rotom\n|-sideend|p2: bluenecdream|Spikes|[from] move: Defog|[of] p2a: Rotom\n|-sideend|p2: bluenecdream|Toxic Spikes|[from] move: Defog|[of] p2a: Rotom\n|\n|upkeep\n|turn|6\n|\n|t:|1699980237\n|move|p1a: Accelgor|Encore|p2a: Rotom\n|-start|p2a: Rotom|Encore\n|move|p2a: Rotom|Defog|p1a: Accelgor\n|-unboost|p1a: Accelgor|evasion|1\n|\n|upkeep\n|turn|7\n|\n|t:|1699980244\n|switch|p1a: Scizor|Scizor, M|100\/100\n|switch|p2a: Ninetales|Ninetales-Alola, F, shiny|100\/100\n|-weather|Snow|[from] ability: Snow Warning|[of] p2a: Ninetales\n|\n|-weather|Snow|[upkeep]\n|upkeep\n|turn|8\n|\n|t:|1699980260\n|detailschange|p1a: Scizor|Scizor-Mega, M\n|-mega|p1a: Scizor|Scizor|Scizorite\n|move|p2a: Ninetales|Aurora Veil|p2a: Ninetales\n|-sidestart|p2: bluenecdream|move: Aurora Veil\n|move|p1a: Scizor|Swords Dance|p1a: Scizor\n|-boost|p1a: Scizor|atk|2\n|\n|-weather|Snow|[upkeep]\n|upkeep\n|turn|9\n|\n|t:|1699980272\n|move|p1a: Scizor|Bullet Punch|p2a: Ninetales\n|-supereffective|p2a: Ninetales\n|-damage|p2a: Ninetales|0 fnt\n|faint|p2a: Ninetales\n|\n|-weather|Snow|[upkeep]\n|upkeep\n|\n|t:|1699980284\n|switch|p2a: Glalie|Glalie, F|100\/100\n|turn|10\n|\n|t:|1699980291\n|detailschange|p2a: Glalie|Glalie-Mega, F\n|-mega|p2a: Glalie|Glalie|Glalitite\n|move|p1a: Scizor|Bullet Punch|p2a: Glalie\n|-supereffective|p2a: Glalie\n|-damage|p2a: Glalie|33\/100\n|move|p2a: Glalie|Earthquake|p1a: Scizor\n|-damage|p1a: Scizor|73\/100\n|\n|-weather|Snow|[upkeep]\n|upkeep\n|turn|11\n|\n|t:|1699980299\n|move|p1a: Scizor|Bullet Punch|p2a: Glalie\n|-supereffective|p2a: Glalie\n|-damage|p2a: Glalie|0 fnt\n|faint|p2a: Glalie\n|\n|-weather|none\n|upkeep\n|\n|t:|1699980307\n|switch|p2a: Kyurem|Kyurem|100\/100\n|-ability|p2a: Kyurem|Pressure\n|turn|12\n|\n|t:|1699980315\n|-terastallize|p2a: Kyurem|Ground\n|move|p1a: Scizor|Bullet Punch|p2a: Kyurem\n|-damage|p2a: Kyurem|63\/100\n|move|p2a: Kyurem|Earth Power|p1a: Scizor\n|-damage|p1a: Scizor|30\/100\n|\n|upkeep\n|turn|13\n|\n|t:|1699980323\n|move|p2a: Kyurem|Earth Power|p1a: Scizor\n|-damage|p1a: Scizor|0 fnt\n|faint|p1a: Scizor\n|\n|upkeep\n|\n|t:|1699980331\n|switch|p1a: Illumise|Illumise, F|100\/100\n|turn|14\n|\n|t:|1699980343\n|move|p1a: Illumise|Defog|p2a: Kyurem\n|-unboost|p2a: Kyurem|evasion|1\n|-sideend|p2: bluenecdream|move: Aurora Veil\n|move|p2a: Kyurem|Draco Meteor|p1a: Illumise\n|-damage|p1a: Illumise|43\/100\n|-unboost|p2a: Kyurem|spa|2\n|-enditem|p1a: Illumise|Eject Button\n|\n|t:|1699980351\n|switch|p1a: Tapu Lele|Tapu Lele|100\/100\n|-fieldstart|move: Psychic Terrain|[from] ability: Psychic Surge|[of] p1a: Tapu Lele\n|\n|upkeep\n|turn|15\n|\n|t:|1699980357\n|switch|p2a: Deoxys|Deoxys-Defense|100\/100\n|-ability|p2a: Deoxys|Pressure\n|move|p1a: Tapu Lele|Calm Mind|p1a: Tapu Lele\n|-boost|p1a: Tapu Lele|spa|1\n|-boost|p1a: Tapu Lele|spd|1\n|\n|upkeep\n|turn|16\n|\n|t:|1699980366\n|move|p1a: Tapu Lele|Shadow Ball|p2a: Deoxys\n|-supereffective|p2a: Deoxys\n|-damage|p2a: Deoxys|35\/100\n|-unboost|p2a: Deoxys|spd|1\n|-damage|p1a: Tapu Lele|91\/100|[from] item: Life Orb\n|move|p2a: Deoxys|Taunt|p1a: Tapu Lele\n|-start|p1a: Tapu Lele|move: Taunt\n|\n|upkeep\n|turn|17\n|\n|t:|1699980376\n|move|p1a: Tapu Lele|Shadow Ball|p2a: Deoxys\n|-supereffective|p2a: Deoxys\n|-damage|p2a: Deoxys|0 fnt\n|faint|p2a: Deoxys\n|-damage|p1a: Tapu Lele|81\/100|[from] item: Life Orb\n|\n|upkeep\n|\n|t:|1699980383\n|switch|p2a: Ribombee|Ribombee, F|100\/100\n|turn|18\n|\n|t:|1699980391\n|move|p2a: Ribombee|Tailwind|p2a: Ribombee\n|-sidestart|p2: bluenecdream|move: Tailwind\n|move|p1a: Tapu Lele|Psychic|p2a: Ribombee\n|-enditem|p2a: Ribombee|Focus Sash\n|-damage|p2a: Ribombee|1\/100\n|-damage|p1a: Tapu Lele|71\/100|[from] item: Life Orb\n|\n|-fieldend|move: Psychic Terrain\n|upkeep\n|turn|19\n|\n|t:|1699980399\n|move|p2a: Ribombee|Sticky Web|p1a: Tapu Lele\n|-sidestart|p1: JustForSomeFun|move: Sticky Web\n|move|p1a: Tapu Lele|Psychic|p2a: Ribombee\n|-damage|p2a: Ribombee|0 fnt\n|faint|p2a: Ribombee\n|-damage|p1a: Tapu Lele|61\/100|[from] item: Life Orb\n|\n|-end|p1a: Tapu Lele|move: Taunt\n|upkeep\n|\n|t:|1699980408\n|switch|p2a: Kyurem|Kyurem, tera:Ground|63\/100\n|-ability|p2a: Kyurem|Pressure\n|turn|20\n|\n|t:|1699980417\n|move|p2a: Kyurem|Blizzard|p1a: Tapu Lele\n|-damage|p1a: Tapu Lele|19\/100\n|-status|p1a: Tapu Lele|frz\n|cant|p1a: Tapu Lele|frz\n|\n|upkeep\n|turn|21\n|\n|t:|1699980426\n|move|p2a: Kyurem|Earth Power|p1a: Tapu Lele\n|-damage|p1a: Tapu Lele|0 fnt\n|faint|p1a: Tapu Lele\n|\n|-sideend|p2: bluenecdream|move: Tailwind\n|upkeep\n|\n|t:|1699980430\n|switch|p1a: Illumise|Illumise, F|43\/100\n|-activate|p1a: Illumise|move: Sticky Web\n|-unboost|p1a: Illumise|spe|1\n|turn|22\n|\n|t:|1699980437\n|move|p1a: Illumise|Roost|p1a: Illumise\n|-heal|p1a: Illumise|93\/100\n|-singleturn|p1a: Illumise|move: Roost\n|move|p2a: Kyurem|Draco Meteor|p1a: Illumise\n|-damage|p1a: Illumise|37\/100\n|-unboost|p2a: Kyurem|spa|2\n|\n|upkeep\n|turn|23\n|\n|t:|1699980445\n|switch|p2a: Rotom|Rotom-Wash|100\/100\n|move|p1a: Illumise|Roost|p1a: Illumise\n|-heal|p1a: Illumise|87\/100\n|-singleturn|p1a: Illumise|move: Roost\n|\n|upkeep\n|turn|24\n|\n|t:|1699980451\n|move|p1a: Illumise|Defog|p2a: Rotom\n|-unboost|p2a: Rotom|evasion|1\n|-sideend|p1: JustForSomeFun|Sticky Web|[from] move: Defog|[of] p1a: Illumise\n|move|p2a: Rotom|Will-O-Wisp|p1a: Illumise\n|-status|p1a: Illumise|brn\n|\n|-damage|p1a: Illumise|81\/100 brn|[from] brn\n|upkeep\n|turn|25\n|\n|t:|1699980461\n|move|p1a: Illumise|Tailwind|p1a: Illumise\n|-sidestart|p1: JustForSomeFun|move: Tailwind\n|move|p2a: Rotom|Hydro Pump|p1a: Illumise\n|-damage|p1a: Illumise|41\/100 brn\n|\n|-damage|p1a: Illumise|35\/100 brn|[from] brn\n|upkeep\n|turn|26\n|\n|t:|1699980472\n|switch|p1a: Toxapex|Toxapex, M|100\/100\n|move|p2a: Rotom|Will-O-Wisp|p1a: Toxapex\n|-status|p1a: Toxapex|brn\n|\n|-damage|p1a: Toxapex|95\/100 brn|[from] brn\n|upkeep\n|turn|27\n|\n|t:|1699980481\n|move|p1a: Toxapex|Toxic|p2a: Rotom\n|-status|p2a: Rotom|tox\n|move|p2a: Rotom|Volt Switch|p1a: Toxapex\n|-supereffective|p1a: Toxapex\n|-damage|p1a: Toxapex|42\/100 brn\n|\n|t:|1699980488\n|switch|p2a: Kyurem|Kyurem, tera:Ground|63\/100|[from] Volt Switch\n|-ability|p2a: Kyurem|Pressure\n|\n|-heal|p1a: Toxapex|48\/100 brn|[from] item: Black Sludge\n|-damage|p1a: Toxapex|42\/100 brn|[from] brn\n|upkeep\n|turn|28\n|\n|t:|1699980499\n|switch|p2a: Rotom|Rotom-Wash|100\/100 tox\n|move|p1a: Toxapex|Scald|p2a: Rotom\n|-resisted|p2a: Rotom\n|-crit|p2a: Rotom\n|-damage|p2a: Rotom|89\/100 tox\n|\n|-heal|p1a: Toxapex|48\/100 brn|[from] item: Black Sludge\n|-heal|p2a: Rotom|96\/100 tox|[from] item: Leftovers\n|-damage|p2a: Rotom|89\/100 tox|[from] psn\n|-damage|p1a: Toxapex|42\/100 brn|[from] brn\n|-sideend|p1: JustForSomeFun|move: Tailwind\n|upkeep\n|turn|29\n|\n|t:|1699980511\n|move|p1a: Toxapex|Baneful Bunker|p1a: Toxapex\n|-singleturn|p1a: Toxapex|move: Protect\n|move|p2a: Rotom|Volt Switch|p1a: Toxapex\n|-activate|p1a: Toxapex|move: Protect\n|\n|-heal|p2a: Rotom|96\/100 tox|[from] item: Leftovers\n|-heal|p1a: Toxapex|48\/100 brn|[from] item: Black Sludge\n|-damage|p2a: Rotom|83\/100 tox|[from] psn\n|-damage|p1a: Toxapex|42\/100 brn|[from] brn\n|upkeep\n|turn|30\n|\n|t:|1699980525\n|switch|p1a: Illumise|Illumise, F|35\/100 brn\n|move|p2a: Rotom|Volt Switch|p1a: Illumise\n|-damage|p1a: Illumise|9\/100 brn\n|\n|t:|1699980531\n|switch|p2a: Kyurem|Kyurem, tera:Ground|63\/100|[from] Volt Switch\n|-ability|p2a: Kyurem|Pressure\n|\n|-damage|p1a: Illumise|3\/100 brn|[from] brn\n|upkeep\n|turn|31\n|\n|t:|1699980542\n|move|p1a: Illumise|Tailwind|p1a: Illumise\n|-sidestart|p1: JustForSomeFun|move: Tailwind\n|move|p2a: Kyurem|Freeze-Dry|p1a: Illumise\n|-damage|p1a: Illumise|0 fnt\n|faint|p1a: Illumise\n|\n|upkeep\n|\n|t:|1699980547\n|switch|p1a: Ceruledge|Ceruledge, M|100\/100\n|turn|32\n|\n|t:|1699980553\n|-terastallize|p1a: Ceruledge|Grass\n|move|p1a: Ceruledge|Tera Blast|p2a: Kyurem|[anim] Tera Blast Grass\n|-supereffective|p2a: Kyurem\n|-damage|p2a: Kyurem|0 fnt\n|faint|p2a: Kyurem\n|\n|upkeep\n|\n|t:|1699980559\n|switch|p2a: Rotom|Rotom-Wash|83\/100 tox\n|turn|33\n|\n|t:|1699980567\n|move|p1a: Ceruledge|Tera Blast|p2a: Rotom|[anim] Tera Blast Grass\n|-supereffective|p2a: Rotom\n|-damage|p2a: Rotom|0 fnt\n|faint|p2a: Rotom\n|\n|win|JustForSomeFun\n|raw|JustForSomeFun's rating: 1151 &rarr; <strong>1182<\/strong><br \/>(+31 for winning)\n|raw|bluenecdream's rating: 1232 &rarr; <strong>1201<\/strong><br \/>(-31 for losing)\n|c|\u2606JustForSomeFun|gg\n|l|\u2606bluenecdream\n","uploadtime":1699980579,"views":5,"p1id":"justforsomefun","p2id":"bluenecdream","formatid":"gen9nationaldex","rating":1182,"private":0,"password":""}