{"id":"gen9nationaldex-1994882511","p1":"Androsia","p2":"Maxer59","format":"[Gen 9] National Dex","log":"|html|<div class=\"broadcast-blue\"><strong>[Gen 9] National Dex is currently suspecting Sneasler! For information on how to participate check out the <a href=\"https:\/\/www.smogon.com\/forums\/threads\/sv-national-dex-suspect-8-just-dance.3731534\/\">suspect thread<\/a>.<\/strong><\/div>\n|j|\u2606Androsia\n|j|\u2606Maxer59\n|t:|1700501392\n|gametype|singles\n|player|p1|Androsia|dancer|1093\n|player|p2|Maxer59|lucas|1206\n|teamsize|p1|6\n|teamsize|p2|6\n|gen|9\n|tier|[Gen 9] National Dex\n|rated|\n|rule|HP Percentage Mod: HP is shown in percentages\n|rule|Endless Battle Clause: Forcing endless battles is banned\n|rule|OHKO Clause: OHKO moves are banned\n|rule|Evasion Clause: Evasion abilities, items, and moves are banned\n|rule|Evasion Abilities Clause: Evasion abilities are banned\n|rule|Evasion Items Clause: Evasion items are banned\n|rule|Evasion Moves Clause: Evasion moves are banned\n|rule|Species Clause: Limit one of each Pok\u00e9mon\n|rule|Sleep Clause Mod: Limit one foe put to sleep\n|clearpoke\n|poke|p1|Meowscarada, F|\n|poke|p1|Quaquaval, F|\n|poke|p1|Charizard, F|\n|poke|p1|Garchomp, F|\n|poke|p1|Beedrill, F|\n|poke|p1|Lucario, F|\n|poke|p2|Pikachu, F|\n|poke|p2|Kleavor, F|\n|poke|p2|Dragonite, F|\n|poke|p2|Gallade, M|\n|poke|p2|Absol, F|\n|poke|p2|Crawdaunt, F|\n|teampreview\n|inactive|Battle timer is ON: inactive players will automatically lose when time's up. (requested by Maxer59)\n|\n|t:|1700501408\n|start\n|switch|p1a: Quaquaval|Quaquaval, F|100\/100\n|switch|p2a: Kleavor|Kleavor, F|100\/100\n|turn|1\n|\n|t:|1700501414\n|move|p2a: Kleavor|Stone Axe|p1a: Quaquaval|[miss]\n|-miss|p2a: Kleavor|p1a: Quaquaval\n|move|p1a: Quaquaval|Swords Dance|p1a: Quaquaval\n|-boost|p1a: Quaquaval|atk|2\n|\n|upkeep\n|turn|2\n|\n|t:|1700501421\n|move|p2a: Kleavor|Stone Axe|p1a: Quaquaval\n|-resisted|p1a: Quaquaval\n|-damage|p1a: Quaquaval|61\/100\n|-sidestart|p1: Androsia|move: Stealth Rock\n|move|p1a: Quaquaval|Aqua Step|p2a: Kleavor\n|-supereffective|p2a: Kleavor\n|-damage|p2a: Kleavor|0 fnt\n|-boost|p1a: Quaquaval|spe|1\n|faint|p2a: Kleavor\n|-ability|p1a: Quaquaval|Moxie|boost\n|-boost|p1a: Quaquaval|atk|1\n|\n|-heal|p1a: Quaquaval|67\/100|[from] item: Leftovers\n|upkeep\n|\n|t:|1700501424\n|switch|p2a: Pikachu|Pikachu, F|100\/100\n|turn|3\n|\n|t:|1700501428\n|-terastallize|p2a: Pikachu|Normal\n|move|p2a: Pikachu|Fake Out|p1a: Quaquaval\n|-damage|p1a: Quaquaval|32\/100\n|cant|p1a: Quaquaval|flinch\n|\n|-heal|p1a: Quaquaval|38\/100|[from] item: Leftovers\n|upkeep\n|turn|4\n|\n|t:|1700501433\n|move|p2a: Pikachu|Extreme Speed|p1a: Quaquaval\n|-damage|p1a: Quaquaval|0 fnt\n|faint|p1a: Quaquaval\n|\n|upkeep\n|\n|t:|1700501440\n|switch|p1a: Beedrill|Beedrill, F|100\/100\n|-damage|p1a: Beedrill|76\/100|[from] Stealth Rock\n|turn|5\n|\n|t:|1700501447\n|switch|p2a: Dragonite|Dragonite, F|100\/100\n|detailschange|p1a: Beedrill|Beedrill-Mega, F\n|-mega|p1a: Beedrill|Beedrill|Beedrillite\n|move|p1a: Beedrill|Poison Jab|p2a: Dragonite\n|-damage|p2a: Dragonite|68\/100\n|\n|upkeep\n|turn|6\n|\n|t:|1700501455\n|move|p1a: Beedrill|Poison Jab|p2a: Dragonite\n|-damage|p2a: Dragonite|0 fnt\n|faint|p2a: Dragonite\n|\n|upkeep\n|\n|t:|1700501459\n|switch|p2a: Pikachu|Pikachu, F, tera:Normal|100\/100\n|turn|7\n|\n|t:|1700501462\n|move|p2a: Pikachu|Fake Out|p1a: Beedrill\n|-damage|p1a: Beedrill|10\/100\n|cant|p1a: Beedrill|flinch\n|\n|upkeep\n|turn|8\n|\n|t:|1700501470\n|switch|p1a: Lucario|Lucario, F|100\/100\n|-damage|p1a: Lucario|98\/100|[from] Stealth Rock\n|move|p2a: Pikachu|Extreme Speed|p1a: Lucario\n|-resisted|p1a: Lucario\n|-damage|p1a: Lucario|55\/100\n|\n|-heal|p1a: Lucario|61\/100|[from] item: Leftovers\n|upkeep\n|turn|9\n|\n|t:|1700501480\n|switch|p2a: Gallade|Gallade, M|100\/100\n|move|p1a: Lucario|Aura Sphere|p2a: Gallade\n|-resisted|p2a: Gallade\n|-damage|p2a: Gallade|77\/100\n|\n|-heal|p1a: Lucario|67\/100|[from] item: Leftovers\n|upkeep\n|turn|10\n|\n|t:|1700501485\n|move|p2a: Gallade|Sacred Sword|p1a: Lucario\n|-supereffective|p1a: Lucario\n|-damage|p1a: Lucario|0 fnt\n|faint|p1a: Lucario\n|\n|upkeep\n|\n|t:|1700501492\n|switch|p1a: Beedrill|Beedrill-Mega, F|10\/100\n|-damage|p1a: Beedrill|0 fnt|[from] Stealth Rock\n|faint|p1a: Beedrill\n|\n|t:|1700501500\n|switch|p1a: Meowscarada|Meowscarada, F|100\/100\n|-damage|p1a: Meowscarada|88\/100|[from] Stealth Rock\n|turn|11\n|\n|t:|1700501510\n|move|p2a: Gallade|Sacred Sword|p1a: Meowscarada\n|-supereffective|p1a: Meowscarada\n|-damage|p1a: Meowscarada|0 fnt\n|faint|p1a: Meowscarada\n|\n|upkeep\n|\n|t:|1700501518\n|switch|p1a: Garchomp|Garchomp, F|100\/100\n|-damage|p1a: Garchomp|94\/100|[from] Stealth Rock\n|turn|12\n|\n|t:|1700501521\n|move|p2a: Gallade|Sacred Sword|p1a: Garchomp\n|-damage|p1a: Garchomp|16\/100\n|-damage|p2a: Gallade|65\/100|[from] ability: Rough Skin|[of] p1a: Garchomp\n|move|p1a: Garchomp|Swords Dance|p1a: Garchomp\n|-boost|p1a: Garchomp|atk|2\n|\n|upkeep\n|turn|13\n|\n|t:|1700501526\n|move|p2a: Gallade|Sacred Sword|p1a: Garchomp\n|-damage|p1a: Garchomp|0 fnt\n|-damage|p2a: Gallade|53\/100|[from] ability: Rough Skin|[of] p1a: Garchomp\n|faint|p1a: Garchomp\n|\n|upkeep\n|\n|t:|1700501528\n|switch|p1a: Charizard|Charizard, F|100\/100\n|-damage|p1a: Charizard|51\/100|[from] Stealth Rock\n|turn|14\n|\n|t:|1700501530\n|move|p2a: Gallade|Sacred Sword|p1a: Charizard\n|-resisted|p1a: Charizard\n|-crit|p1a: Charizard\n|-damage|p1a: Charizard|0 fnt\n|faint|p1a: Charizard\n|\n|win|Maxer59\n|raw|Androsia's rating: 1093 &rarr; <strong>1077<\/strong><br \/>(-16 for losing)\n|raw|Maxer59's rating: 1206 &rarr; <strong>1223<\/strong><br \/>(+17 for winning)\n","uploadtime":1700501534,"views":4,"p1id":"androsia","p2id":"maxer59","formatid":"gen9nationaldex","rating":1077,"private":0,"password":""}