{"id":"gen9nationaldex-1996302288","p1":"AlastorTheOverlord","p2":"Crioa1","format":"[Gen 9] National Dex","log":"|html|<div class=\"broadcast-blue\"><strong>[Gen 9] National Dex is currently suspecting Sneasler! For information on how to participate check out the <a href=\"https:\/\/www.smogon.com\/forums\/threads\/sv-national-dex-suspect-8-just-dance.3731534\/\">suspect thread<\/a>.<\/strong><\/div>\n|j|\u2606AlastorTheOverlord\n|j|\u2606Crioa1\n|t:|1700669149\n|gametype|singles\n|player|p1|AlastorTheOverlord|n|1160\n|player|p2|Crioa1|preschooler|1198\n|teamsize|p1|6\n|teamsize|p2|6\n|gen|9\n|tier|[Gen 9] National Dex\n|rated|\n|rule|HP Percentage Mod: HP is shown in percentages\n|rule|Endless Battle Clause: Forcing endless battles is banned\n|rule|OHKO Clause: OHKO moves are banned\n|rule|Evasion Clause: Evasion abilities, items, and moves are banned\n|rule|Evasion Abilities Clause: Evasion abilities are banned\n|rule|Evasion Items Clause: Evasion items are banned\n|rule|Evasion Moves Clause: Evasion moves are banned\n|rule|Species Clause: Limit one of each Pok\u00e9mon\n|rule|Sleep Clause Mod: Limit one foe put to sleep\n|clearpoke\n|poke|p1|Greninja-*, M|\n|poke|p1|Garchomp, M|\n|poke|p1|Chandelure, M|\n|poke|p1|Azumarill, M|\n|poke|p1|Aegislash, F|\n|poke|p1|Talonflame, M|\n|poke|p2|Meowscarada, F|\n|poke|p2|Quaquaval, M|\n|poke|p2|Kartana|\n|poke|p2|Staraptor, F|\n|poke|p2|Scizor, M|\n|poke|p2|Weavile, M|\n|teampreview\n|inactive|Battle timer is ON: inactive players will automatically lose when time's up. (requested by AlastorTheOverlord)\n|\n|t:|1700669164\n|start\n|switch|p1a: Talonflame|Talonflame, M|100\/100\n|switch|p2a: Quaquaval|Quaquaval, M|100\/100\n|turn|1\n|\n|t:|1700669173\n|move|p1a: Talonflame|Brave Bird|p2a: Quaquaval\n|-supereffective|p2a: Quaquaval\n|-damage|p2a: Quaquaval|0 fnt\n|faint|p2a: Quaquaval\n|-damage|p1a: Talonflame|66\/100|[from] Recoil\n|\n|upkeep\n|\n|t:|1700669177\n|switch|p2a: Scizor|Scizor, M|100\/100\n|turn|2\n|\n|t:|1700669184\n|-terastallize|p2a: Scizor|Steel\n|move|p2a: Scizor|Bullet Punch|p1a: Talonflame\n|-resisted|p1a: Talonflame\n|-damage|p1a: Talonflame|9\/100\n|move|p1a: Talonflame|Flare Blitz|p2a: Scizor\n|-supereffective|p2a: Scizor\n|-damage|p2a: Scizor|2\/100\n|-status|p2a: Scizor|brn\n|-damage|p1a: Talonflame|0 fnt|[from] Recoil\n|faint|p1a: Talonflame\n|\n|-damage|p2a: Scizor|0 fnt|[from] brn\n|faint|p2a: Scizor\n|upkeep\n|\n|t:|1700669196\n|switch|p1a: Aegislash|Aegislash, F|100\/100\n|switch|p2a: Weavile|Weavile, M|100\/100\n|-ability|p2a: Weavile|Pressure\n|turn|3\n|\n|t:|1700669200\n|move|p2a: Weavile|Knock Off|p1a: Aegislash\n|-supereffective|p1a: Aegislash\n|-damage|p1a: Aegislash|0 fnt\n|-enditem|p1a: Aegislash|Leftovers|[from] move: Knock Off|[of] p2a: Weavile\n|faint|p1a: Aegislash\n|\n|upkeep\n|\n|t:|1700669204\n|switch|p1a: Chandelure|Chandelure, M|100\/100\n|turn|4\n|\n|t:|1700669208\n|move|p1a: Chandelure|Flamethrower|p2a: Weavile\n|-supereffective|p2a: Weavile\n|-damage|p2a: Weavile|0 fnt\n|faint|p2a: Weavile\n|\n|upkeep\n|\n|t:|1700669212\n|switch|p2a: Staraptor|Staraptor, F|100\/100\n|turn|5\n|\n|t:|1700669219\n|move|p1a: Chandelure|Flamethrower|p2a: Staraptor\n|-damage|p2a: Staraptor|16\/100\n|move|p2a: Staraptor|Brave Bird|p1a: Chandelure\n|-damage|p1a: Chandelure|0 fnt\n|faint|p1a: Chandelure\n|-damage|p2a: Staraptor|0 fnt|[from] Recoil\n|faint|p2a: Staraptor\n|\n|upkeep\n|\n|t:|1700669228\n|switch|p2a: Meowscarada|Meowscarada, F|100\/100\n|switch|p1a: Garchomp|Garchomp, M|100\/100\n|turn|6\n|\n|t:|1700669232\n|detailschange|p1a: Garchomp|Garchomp-Mega, M\n|-mega|p1a: Garchomp|Garchomp|Garchompite\n|move|p2a: Meowscarada|Flower Trick|p1a: Garchomp\n|-start|p2a: Meowscarada|typechange|Grass|[from] ability: Protean\n|-crit|p1a: Garchomp\n|-damage|p1a: Garchomp|32\/100\n|move|p1a: Garchomp|Scale Shot|p2a: Meowscarada\n|-damage|p2a: Meowscarada|74\/100\n|-damage|p2a: Meowscarada|50\/100\n|-damage|p2a: Meowscarada|25\/100\n|-hitcount|p2a: Meowscarada|3\n|-unboost|p1a: Garchomp|def|1\n|-boost|p1a: Garchomp|spe|1\n|\n|upkeep\n|turn|7\n|\n|t:|1700669249\n|move|p1a: Garchomp|Scale Shot|p2a: Meowscarada\n|-damage|p2a: Meowscarada|0 fnt\n|faint|p2a: Meowscarada\n|-hitcount|p2: Meowscarada|1\n|-unboost|p1a: Garchomp|def|1\n|-boost|p1a: Garchomp|spe|1\n|\n|upkeep\n|\n|t:|1700669252\n|switch|p2a: Kartana|Kartana|100\/100\n|turn|8\n|\n|t:|1700669257\n|move|p1a: Garchomp|Earthquake|p2a: Kartana\n|-damage|p2a: Kartana|32\/100\n|move|p2a: Kartana|Leaf Blade|p1a: Garchomp\n|-damage|p1a: Garchomp|0 fnt\n|faint|p1a: Garchomp\n|-ability|p2a: Kartana|Beast Boost|boost\n|-boost|p2a: Kartana|atk|1\n|\n|upkeep\n|\n|t:|1700669260\n|switch|p1a: Greninja|Greninja, M|100\/100\n|turn|9\n|\n|t:|1700669264\n|move|p1a: Greninja|Dark Pulse|p2a: Kartana\n|-start|p1a: Greninja|typechange|Dark|[from] ability: Protean\n|-damage|p2a: Kartana|0 fnt\n|faint|p2a: Kartana\n|-damage|p1a: Greninja|91\/100|[from] item: Life Orb\n|\n|win|AlastorTheOverlord\n|raw|AlastorTheOverlord's rating: 1160 &rarr; <strong>1188<\/strong><br \/>(+28 for winning)\n|raw|Crioa1's rating: 1198 &rarr; <strong>1170<\/strong><br \/>(-28 for losing)\n|l|\u2606Crioa1\n","uploadtime":1700669270,"views":2,"p1id":"alastortheoverlord","p2id":"crioa1","formatid":"gen9nationaldex","rating":1170,"private":0,"password":""}