{"id":"gen9nationaldex-1999258217","p1":"typh1os1on","p2":"RunningPoet","format":"[Gen 9] National Dex","log":"|html|<div class=\"broadcast-blue\"><strong>[Gen 9] National Dex is currently suspecting Sneasler! For information on how to participate check out the <a href=\"https:\/\/www.smogon.com\/forums\/threads\/sv-national-dex-suspect-8-just-dance.3731534\/\">suspect thread<\/a>.<\/strong><\/div>\n|j|\u2606typh1os1on\n|j|\u2606RunningPoet\n|t:|1701051701\n|gametype|singles\n|player|p1|typh1os1on|hilbert|1039\n|player|p2|RunningPoet|169|1107\n|teamsize|p1|6\n|teamsize|p2|6\n|gen|9\n|tier|[Gen 9] National Dex\n|rated|\n|rule|HP Percentage Mod: HP is shown in percentages\n|rule|Endless Battle Clause: Forcing endless battles is banned\n|rule|OHKO Clause: OHKO moves are banned\n|rule|Evasion Clause: Evasion abilities, items, and moves are banned\n|rule|Evasion Abilities Clause: Evasion abilities are banned\n|rule|Evasion Items Clause: Evasion items are banned\n|rule|Evasion Moves Clause: Evasion moves are banned\n|rule|Species Clause: Limit one of each Pok\u00e9mon\n|rule|Sleep Clause Mod: Limit one foe put to sleep\n|clearpoke\n|poke|p1|Excadrill, F|\n|poke|p1|Xurkitree|\n|poke|p1|Clodsire, F|\n|poke|p1|Kartana|\n|poke|p1|Cottonee, L1, F|\n|poke|p1|Wynaut, F|\n|poke|p2|Ribombee, F|\n|poke|p2|Manectric, F|\n|poke|p2|Aegislash, M|\n|poke|p2|Garchomp, F|\n|poke|p2|Hawlucha, M|\n|poke|p2|Rillaboom, M|\n|teampreview\n|inactive|Battle timer is ON: inactive players will automatically lose when time's up. (requested by RunningPoet)\n|\n|t:|1701051716\n|start\n|switch|p1a: Kartana|Kartana|100\/100\n|switch|p2a: Ribombee|Ribombee, F|100\/100\n|turn|1\n|\n|t:|1701051728\n|switch|p1a: Excadrill|Excadrill, F|100\/100\n|move|p2a: Ribombee|Sticky Web|p1a: Excadrill\n|-sidestart|p1: typh1os1on|move: Sticky Web\n|\n|upkeep\n|turn|2\n|\n|t:|1701051735\n|move|p2a: Ribombee|Bug Buzz|p1a: Excadrill\n|-resisted|p1a: Excadrill\n|-damage|p1a: Excadrill|74\/100\n|move|p1a: Excadrill|Rapid Spin|p2a: Ribombee\n|-damage|p2a: Ribombee|62\/100\n|-boost|p1a: Excadrill|spe|1\n|-sideend|p1: typh1os1on|Sticky Web|[from] move: Rapid Spin|[of] p1a: Excadrill\n|\n|upkeep\n|turn|3\n|\n|t:|1701051748\n|move|p1a: Excadrill|Rapid Spin|p2a: Ribombee\n|-damage|p2a: Ribombee|23\/100\n|-boost|p1a: Excadrill|spe|1\n|move|p2a: Ribombee|Bug Buzz|p1a: Excadrill\n|-resisted|p1a: Excadrill\n|-damage|p1a: Excadrill|47\/100\n|\n|upkeep\n|turn|4\n|\n|t:|1701051753\n|move|p1a: Excadrill|Rapid Spin|p2a: Ribombee\n|-damage|p2a: Ribombee|0 fnt\n|-boost|p1a: Excadrill|spe|1\n|faint|p2a: Ribombee\n|\n|upkeep\n|\n|t:|1701051762\n|switch|p2a: Garchomp|Garchomp, F|100\/100\n|turn|5\n|\n|t:|1701051768\n|move|p1a: Excadrill|Earthquake|p2a: Garchomp\n|-damage|p2a: Garchomp|40\/100\n|move|p2a: Garchomp|Earthquake|p1a: Excadrill\n|-supereffective|p1a: Excadrill\n|-damage|p1a: Excadrill|0 fnt\n|faint|p1a: Excadrill\n|\n|upkeep\n|\n|t:|1701051778\n|switch|p1a: Wynaut|Wynaut, F|100\/100\n|turn|6\n|\n|t:|1701051784\n|move|p2a: Garchomp|Swords Dance|p2a: Garchomp\n|-boost|p2a: Garchomp|atk|2\n|move|p1a: Wynaut|Counter||[still]\n|-fail|p1a: Wynaut\n|\n|upkeep\n|turn|7\n|\n|t:|1701051792\n|move|p2a: Garchomp|Swords Dance|p2a: Garchomp\n|-boost|p2a: Garchomp|atk|2\n|move|p1a: Wynaut|Counter||[still]\n|-fail|p1a: Wynaut\n|\n|upkeep\n|turn|8\n|\n|t:|1701051798\n|move|p2a: Garchomp|Swords Dance|p2a: Garchomp\n|-boost|p2a: Garchomp|atk|2\n|move|p1a: Wynaut|Counter||[still]\n|-fail|p1a: Wynaut\n|\n|upkeep\n|turn|9\n|\n|t:|1701051803\n|move|p2a: Garchomp|Swords Dance|p2a: Garchomp\n|-boost|p2a: Garchomp|atk|0\n|move|p1a: Wynaut|Counter||[still]\n|-fail|p1a: Wynaut\n|\n|upkeep\n|turn|10\n|\n|t:|1701051808\n|move|p2a: Garchomp|Swords Dance|p2a: Garchomp\n|-boost|p2a: Garchomp|atk|0\n|move|p1a: Wynaut|Counter||[still]\n|-fail|p1a: Wynaut\n|\n|upkeep\n|turn|11\n|\n|t:|1701051817\n|switch|p1a: Cottonee|Cottonee, L1, F|100\/100\n|move|p2a: Garchomp|Swords Dance|p2a: Garchomp\n|-boost|p2a: Garchomp|atk|0\n|\n|upkeep\n|turn|12\n|\n|t:|1701051822\n|switch|p2a: Rillaboom|Rillaboom, M|100\/100\n|-fieldstart|move: Grassy Terrain|[from] ability: Grassy Surge|[of] p2a: Rillaboom\n|-enditem|p2a: Rillaboom|Grassy Seed\n|-boost|p2a: Rillaboom|def|1|[from] item: Grassy Seed\n|move|p1a: Cottonee|Leech Seed|p2a: Rillaboom\n|-immune|p2a: Rillaboom\n|\n|upkeep\n|turn|13\n|\n|t:|1701051832\n|switch|p1a: Clodsire|Clodsire, F|100\/100\n|move|p2a: Rillaboom|Knock Off|p1a: Clodsire\n|-damage|p1a: Clodsire|66\/100\n|-enditem|p1a: Clodsire|Leftovers|[from] move: Knock Off|[of] p2a: Rillaboom\n|\n|-heal|p1a: Clodsire|72\/100|[from] Grassy Terrain\n|upkeep\n|turn|14\n|\n|t:|1701051839\n|move|p2a: Rillaboom|Earthquake|p1a: Clodsire\n|-supereffective|p1a: Clodsire\n|-damage|p1a: Clodsire|32\/100\n|move|p1a: Clodsire|Toxic|p2a: Rillaboom\n|-status|p2a: Rillaboom|tox\n|\n|-heal|p1a: Clodsire|39\/100|[from] Grassy Terrain\n|-damage|p2a: Rillaboom|94\/100 tox|[from] psn\n|upkeep\n|turn|15\n|\n|t:|1701051849\n|move|p1a: Clodsire|Protect|p1a: Clodsire\n|-singleturn|p1a: Clodsire|Protect\n|move|p2a: Rillaboom|Earthquake|p1a: Clodsire\n|-activate|p1a: Clodsire|move: Protect\n|\n|-heal|p2a: Rillaboom|100\/100 tox|[from] Grassy Terrain\n|-heal|p1a: Clodsire|45\/100|[from] Grassy Terrain\n|-damage|p2a: Rillaboom|88\/100 tox|[from] psn\n|upkeep\n|turn|16\n|\n|t:|1701051854\n|move|p2a: Rillaboom|Earthquake|p1a: Clodsire\n|-supereffective|p1a: Clodsire\n|-damage|p1a: Clodsire|4\/100\n|move|p1a: Clodsire|Recover|p1a: Clodsire\n|-heal|p1a: Clodsire|54\/100\n|\n|-heal|p2a: Rillaboom|94\/100 tox|[from] Grassy Terrain\n|-heal|p1a: Clodsire|60\/100|[from] Grassy Terrain\n|-damage|p2a: Rillaboom|76\/100 tox|[from] psn\n|-fieldend|move: Grassy Terrain\n|upkeep\n|turn|17\n|\n|t:|1701051865\n|move|p2a: Rillaboom|U-turn|p1a: Clodsire\n|-resisted|p1a: Clodsire\n|-damage|p1a: Clodsire|48\/100\n|\n|t:|1701051869\n|switch|p2a: Aegislash|Aegislash, M|100\/100|[from] U-turn\n|move|p1a: Clodsire|Substitute|p1a: Clodsire\n|-start|p1a: Clodsire|Substitute\n|-damage|p1a: Clodsire|23\/100\n|\n|upkeep\n|turn|18\n|\n|t:|1701051878\n|switch|p1a: Kartana|Kartana|100\/100\n|move|p2a: Aegislash|Swords Dance|p2a: Aegislash\n|-boost|p2a: Aegislash|atk|2\n|\n|upkeep\n|turn|19\n|\n|t:|1701051886\n|move|p2a: Aegislash|King's Shield|p2a: Aegislash\n|-singleturn|p2a: Aegislash|Protect\n|move|p1a: Kartana|Swords Dance|p1a: Kartana\n|-boost|p1a: Kartana|atk|2\n|\n|upkeep\n|turn|20\n|\n|t:|1701051893\n|-formechange|p2a: Aegislash|Aegislash-Blade||[from] ability: Stance Change\n|move|p2a: Aegislash|Shadow Sneak|p1a: Kartana\n|-damage|p1a: Kartana|46\/100\n|move|p1a: Kartana|Psycho Cut|p2a: Aegislash\n|-resisted|p2a: Aegislash\n|-crit|p2a: Aegislash\n|-damage|p2a: Aegislash|9\/100\n|\n|-heal|p2a: Aegislash|15\/100|[from] item: Leftovers\n|upkeep\n|turn|21\n|\n|t:|1701051900\n|move|p2a: Aegislash|Shadow Sneak|p1a: Kartana\n|-damage|p1a: Kartana|0 fnt\n|faint|p1a: Kartana\n|\n|-heal|p2a: Aegislash|21\/100|[from] item: Leftovers\n|upkeep\n|\n|t:|1701051904\n|switch|p1a: Xurkitree|Xurkitree|100\/100\n|turn|22\n|\n|t:|1701051915\n|move|p2a: Aegislash|Shadow Sneak|p1a: Xurkitree\n|-damage|p1a: Xurkitree|33\/100\n|-zpower|p1a: Xurkitree\n|move|p1a: Xurkitree|Z-Hypnosis|p2a: Aegislash|[anim]Hypnosis\n|-boost|p1a: Xurkitree|spe|1|[zeffect]\n|-status|p2a: Aegislash|slp|[from] move: Hypnosis\n|\n|-heal|p2a: Aegislash|27\/100 slp|[from] item: Leftovers\n|upkeep\n|turn|23\n|\n|t:|1701051931\n|cant|p2a: Aegislash|slp\n|move|p1a: Xurkitree|Tail Glow|p1a: Xurkitree\n|-boost|p1a: Xurkitree|spa|3\n|\n|-heal|p2a: Aegislash|34\/100 slp|[from] item: Leftovers\n|upkeep\n|turn|24\n|\n|t:|1701051937\n|cant|p2a: Aegislash|slp\n|move|p1a: Xurkitree|Energy Ball|p2a: Aegislash\n|-resisted|p2a: Aegislash\n|-damage|p2a: Aegislash|0 fnt\n|faint|p2a: Aegislash\n|-ability|p1a: Xurkitree|Beast Boost|boost\n|-boost|p1a: Xurkitree|spa|1\n|\n|upkeep\n|\n|t:|1701051942\n|switch|p2a: Rillaboom|Rillaboom, M|76\/100 tox\n|-fieldstart|move: Grassy Terrain|[from] ability: Grassy Surge|[of] p2a: Rillaboom\n|turn|25\n|\n|t:|1701051948\n|-terastallize|p2a: Rillaboom|Grass\n|move|p2a: Rillaboom|Grassy Glide|p1a: Xurkitree\n|-damage|p1a: Xurkitree|0 fnt\n|faint|p1a: Xurkitree\n|\n|-heal|p2a: Rillaboom|82\/100 tox|[from] Grassy Terrain\n|-damage|p2a: Rillaboom|76\/100 tox|[from] psn\n|upkeep\n|\n|t:|1701051956\n|switch|p1a: Wynaut|Wynaut, F|100\/100\n|turn|26\n|\n|t:|1701051964\n|switch|p2a: Manectric|Manectric, F|100\/100\n|move|p1a: Wynaut|Counter||[still]\n|-fail|p1a: Wynaut\n|\n|upkeep\n|turn|27\n|\n|t:|1701051970\n|detailschange|p2a: Manectric|Manectric-Mega, F\n|-mega|p2a: Manectric|Manectric|Manectite\n|-ability|p2a: Manectric|Intimidate|boost\n|-unboost|p1a: Wynaut|atk|1\n|move|p2a: Manectric|Volt Switch|p1a: Wynaut\n|-damage|p1a: Wynaut|39\/100\n|\n|t:|1701051979\n|switch|p2a: Garchomp|Garchomp, F|40\/100|[from] Volt Switch\n|move|p1a: Wynaut|Counter||[still]\n|-fail|p1a: Wynaut\n|\n|-heal|p2a: Garchomp|46\/100|[from] Grassy Terrain\n|-heal|p1a: Wynaut|45\/100|[from] Grassy Terrain\n|upkeep\n|turn|28\n|-message|typh1os1on forfeited.\n|\n|win|RunningPoet\n|raw|typh1os1on's rating: 1039 &rarr; <strong>1026<\/strong><br \/>(-13 for losing)\n|raw|RunningPoet's rating: 1107 &rarr; <strong>1127<\/strong><br \/>(+20 for winning)\n|l|\u2606typh1os1on\n","uploadtime":1701051989,"views":1,"p1id":"typh1os1on","p2id":"runningpoet","formatid":"gen9nationaldex","rating":1026,"private":0,"password":""}