{"id":"gen9nationaldex-1996673983","p1":"GuiGuidas","p2":"Terrtia","format":"[Gen 9] National Dex","log":"|html|<div class=\"broadcast-blue\"><strong>[Gen 9] National Dex is currently suspecting Sneasler! For information on how to participate check out the <a href=\"https:\/\/www.smogon.com\/forums\/threads\/sv-national-dex-suspect-8-just-dance.3731534\/\">suspect thread<\/a>.<\/strong><\/div>\n|j|\u2606GuiGuidas\n|j|\u2606Terrtia\n|t:|1700708087\n|gametype|singles\n|player|p1|GuiGuidas|hiker-gen4|1149\n|player|p2|Terrtia|265|1233\n|teamsize|p1|6\n|teamsize|p2|6\n|gen|9\n|tier|[Gen 9] National Dex\n|rated|\n|rule|HP Percentage Mod: HP is shown in percentages\n|rule|Endless Battle Clause: Forcing endless battles is banned\n|rule|OHKO Clause: OHKO moves are banned\n|rule|Evasion Clause: Evasion abilities, items, and moves are banned\n|rule|Evasion Abilities Clause: Evasion abilities are banned\n|rule|Evasion Items Clause: Evasion items are banned\n|rule|Evasion Moves Clause: Evasion moves are banned\n|rule|Species Clause: Limit one of each Pok\u00e9mon\n|rule|Sleep Clause Mod: Limit one foe put to sleep\n|clearpoke\n|poke|p1|Steelix, M|\n|poke|p1|Aggron, F|\n|poke|p1|Torterra, M|\n|poke|p1|Golisopod, M|\n|poke|p1|Krookodile, M|\n|poke|p1|Leavanny, F|\n|poke|p2|Mawile, M|\n|poke|p2|Marowak-Alola, M|\n|poke|p2|Hatterene, F|\n|poke|p2|Cresselia, F|\n|poke|p2|Porygon2|\n|poke|p2|Ursaluna, F|\n|teampreview\n|\n|t:|1700708093\n|start\n|switch|p1a: Shogun|Golisopod, M|100\/100\n|switch|p2a: Hatterene|Hatterene, F|100\/100\n|turn|1\n|\n|t:|1700708099\n|move|p1a: Shogun|First Impression|p2a: Hatterene\n|-damage|p2a: Hatterene|49\/100\n|move|p2a: Hatterene|Trick Room|p2a: Hatterene\n|-fieldstart|move: Trick Room|[of] p2a: Hatterene\n|\n|upkeep\n|turn|2\n|\n|t:|1700708107\n|move|p2a: Hatterene|Misty Explosion|p1a: Shogun\n|-damage|p1a: Shogun|32\/100\n|faint|p2a: Hatterene\n|-activate|p1a: Shogun|ability: Emergency Exit\n|\n|t:|1700708114\n|switch|p1a: Garnet|Aggron, F|100\/100\n|\n|upkeep\n|\n|t:|1700708120\n|switch|p2a: Marowak|Marowak-Alola, M|100\/100\n|turn|3\n|\n|t:|1700708125\n|detailschange|p1a: Garnet|Aggron-Mega, F\n|-mega|p1a: Garnet|Aggron|Aggronite\n|move|p2a: Marowak|Flare Blitz|p1a: Garnet\n|-supereffective|p1a: Garnet\n|-damage|p1a: Garnet|27\/100\n|-status|p1a: Garnet|brn\n|move|p1a: Garnet|Stone Edge|p2a: Marowak|[miss]\n|-miss|p1a: Garnet|p2a: Marowak\n|\n|-damage|p1a: Garnet|21\/100 brn|[from] brn\n|upkeep\n|turn|4\n|\n|t:|1700708138\n|move|p2a: Marowak|Flare Blitz|p1a: Garnet\n|-supereffective|p1a: Garnet\n|-damage|p1a: Garnet|0 fnt\n|faint|p1a: Garnet\n|\n|upkeep\n|\n|t:|1700708149\n|switch|p1a: Robson Jerson|Steelix, M|100\/100\n|turn|5\n|\n|t:|1700708165\n|move|p2a: Marowak|Flare Blitz|p1a: Robson Jerson\n|-supereffective|p1a: Robson Jerson\n|-ability|p1a: Robson Jerson|Sturdy\n|-damage|p1a: Robson Jerson|1\/100\n|move|p1a: Robson Jerson|Earthquake|p2a: Marowak\n|-supereffective|p2a: Marowak\n|-damage|p2a: Marowak|41\/100\n|\n|-fieldend|move: Trick Room\n|upkeep\n|turn|6\n|\n|t:|1700708181\n|switch|p2a: Porygon2|Porygon2|100\/100\n|-ability|p2a: Porygon2|Sturdy|[from] ability: Trace|[of] p1a: Robson Jerson\n|move|p1a: Robson Jerson|Earthquake|p2a: Porygon2\n|-damage|p2a: Porygon2|86\/100\n|\n|upkeep\n|turn|7\n|\n|t:|1700708190\n|move|p2a: Porygon2|Ice Beam|p1a: Robson Jerson\n|-damage|p1a: Robson Jerson|0 fnt\n|faint|p1a: Robson Jerson\n|\n|upkeep\n|\n|t:|1700708195\n|switch|p1a: Caiman|Krookodile, M|100\/100\n|turn|8\n|\n|t:|1700708200\n|move|p1a: Caiman|Knock Off|p2a: Porygon2\n|-damage|p2a: Porygon2|64\/100\n|-enditem|p2a: Porygon2|Eviolite|[from] move: Knock Off|[of] p1a: Caiman\n|move|p2a: Porygon2|Trick Room|p2a: Porygon2\n|-fieldstart|move: Trick Room|[of] p2a: Porygon2\n|\n|upkeep\n|turn|9\n|\n|t:|1700708216\n|-terastallize|p1a: Caiman|Flying\n|move|p1a: Caiman|Earthquake|p2a: Porygon2\n|-damage|p2a: Porygon2|29\/100\n|move|p2a: Porygon2|Teleport|p2a: Porygon2\n|\n|t:|1700708221\n|switch|p2a: Mawile|Mawile, M|100\/100|[from] Teleport\n|-ability|p2a: Mawile|Intimidate|boost\n|-unboost|p1a: Caiman|atk|1\n|\n|upkeep\n|turn|10\n|\n|t:|1700708234\n|detailschange|p2a: Mawile|Mawile-Mega, M\n|-mega|p2a: Mawile|Mawile|Mawilite\n|move|p2a: Mawile|Play Rough|p1a: Caiman\n|-damage|p1a: Caiman|0 fnt\n|faint|p1a: Caiman\n|\n|upkeep\n|\n|t:|1700708240\n|switch|p1a: Gal\u00e1pagos|Torterra, M|100\/100\n|turn|11\n|\n|t:|1700708247\n|move|p2a: Mawile|Ice Punch|p1a: Gal\u00e1pagos\n|-supereffective|p1a: Gal\u00e1pagos\n|-damage|p1a: Gal\u00e1pagos|0 fnt\n|faint|p1a: Gal\u00e1pagos\n|\n|upkeep\n|\n|t:|1700708253\n|switch|p1a: Shogun|Golisopod, M|32\/100\n|turn|12\n|\n|t:|1700708257\n|move|p2a: Mawile|Sucker Punch|p1a: Shogun\n|-damage|p1a: Shogun|0 fnt\n|faint|p1a: Shogun\n|\n|-fieldend|move: Trick Room\n|upkeep\n|\n|t:|1700708262\n|switch|p1a: Evelynn|Leavanny, F|100\/100\n|turn|13\n|\n|t:|1700708265\n|move|p1a: Evelynn|Swords Dance|p1a: Evelynn\n|-boost|p1a: Evelynn|atk|2\n|move|p2a: Mawile|Fire Fang|p1a: Evelynn\n|-supereffective|p1a: Evelynn\n|-enditem|p1a: Evelynn|Focus Sash\n|-damage|p1a: Evelynn|1\/100\n|\n|upkeep\n|turn|14\n|\n|t:|1700708272\n|move|p2a: Mawile|Sucker Punch|p1a: Evelynn\n|-damage|p1a: Evelynn|0 fnt\n|faint|p1a: Evelynn\n|\n|win|Terrtia\n|raw|GuiGuidas's rating: 1149 &rarr; <strong>1130<\/strong><br \/>(-19 for losing)\n|raw|Terrtia's rating: 1233 &rarr; <strong>1252<\/strong><br \/>(+19 for winning)\n|l|\u2606GuiGuidas\n","uploadtime":1700708282,"views":2,"p1id":"guiguidas","p2id":"terrtia","formatid":"gen9nationaldex","rating":1130,"private":0,"password":""}