{"id":"gen9nationaldex-1998323748","p1":"shadowkukoy","p2":"TPD JOHTO","format":"[Gen 9] National Dex","log":"|html|<div class=\"broadcast-blue\"><strong>[Gen 9] National Dex is currently suspecting Sneasler! For information on how to participate check out the <a href=\"https:\/\/www.smogon.com\/forums\/threads\/sv-national-dex-suspect-8-just-dance.3731534\/\">suspect thread<\/a>.<\/strong><\/div>\n|j|\u2606shadowkukoy\n|j|\u2606TPD JOHTO\n|t:|1700929467\n|gametype|singles\n|player|p1|shadowkukoy|lady|1566\n|player|p2|TPD JOHTO|drayden|1581\n|teamsize|p1|6\n|teamsize|p2|6\n|gen|9\n|tier|[Gen 9] National Dex\n|rated|\n|rule|HP Percentage Mod: HP is shown in percentages\n|rule|Endless Battle Clause: Forcing endless battles is banned\n|rule|OHKO Clause: OHKO moves are banned\n|rule|Evasion Clause: Evasion abilities, items, and moves are banned\n|rule|Evasion Abilities Clause: Evasion abilities are banned\n|rule|Evasion Items Clause: Evasion items are banned\n|rule|Evasion Moves Clause: Evasion moves are banned\n|rule|Species Clause: Limit one of each Pok\u00e9mon\n|rule|Sleep Clause Mod: Limit one foe put to sleep\n|clearpoke\n|poke|p1|Iron Treads|\n|poke|p1|Skarmory, M|\n|poke|p1|Venusaur, F|\n|poke|p1|Incineroar, M|\n|poke|p1|Garganacl, M|\n|poke|p1|Chansey, F|\n|poke|p2|Raikou|\n|poke|p2|Suicune|\n|poke|p2|Entei|\n|poke|p2|Tyranitar, F|\n|poke|p2|Celebi|\n|poke|p2|Skarmory, M|\n|teampreview\n|c|\u2606TPD JOHTO|Glhf\n|inactive|Battle timer is ON: inactive players will automatically lose when time's up. (requested by shadowkukoy)\n|\n|t:|1700929518\n|start\n|switch|p1a: Incineroar|Incineroar, M|100\/100\n|switch|p2a: Moose|Suicune, shiny|100\/100\n|-ability|p2a: Moose|Pressure\n|-ability|p1a: Incineroar|Intimidate|boost\n|-unboost|p2a: Moose|atk|1\n|turn|1\n|\n|t:|1700929530\n|switch|p2a: Scissors|Skarmory, M, shiny|100\/100\n|move|p1a: Incineroar|Parting Shot|p2a: Scissors\n|-unboost|p2a: Scissors|atk|1\n|-unboost|p2a: Scissors|spa|1\n|\n|t:|1700929536\n|switch|p1a: Garganacl|Garganacl, M|100\/100|[from] Parting Shot\n|\n|upkeep\n|turn|2\n|\n|t:|1700929543\n|move|p2a: Scissors|Spikes|p1a: Garganacl\n|-sidestart|p1: shadowkukoy|Spikes\n|move|p1a: Garganacl|Stealth Rock|p2a: Scissors\n|-sidestart|p2: TPD JOHTO|move: Stealth Rock\n|\n|upkeep\n|turn|3\n|\n|t:|1700929549\n|move|p2a: Scissors|Defog|p1a: Garganacl\n|-unboost|p1a: Garganacl|evasion|1\n|-sideend|p1: shadowkukoy|Spikes|[from] move: Defog|[of] p2a: Scissors\n|-sideend|p2: TPD JOHTO|Stealth Rock|[from] move: Defog|[of] p2a: Scissors\n|move|p1a: Garganacl|Salt Cure|p2a: Scissors\n|-damage|p2a: Scissors|91\/100\n|-start|p2a: Scissors|Salt Cure\n|\n|-damage|p2a: Scissors|66\/100|[from] Salt Cure\n|upkeep\n|turn|4\n|\n|t:|1700929552\n|switch|p2a: Moose|Suicune, shiny|100\/100\n|-ability|p2a: Moose|Pressure\n|move|p1a: Garganacl|Stealth Rock|p2a: Moose\n|-sidestart|p2: TPD JOHTO|move: Stealth Rock\n|\n|upkeep\n|turn|5\n|\n|t:|1700929555\n|switch|p1a: Venusaur|Venusaur, F|100\/100\n|move|p2a: Moose|Substitute|p2a: Moose\n|-start|p2a: Moose|Substitute\n|-damage|p2a: Moose|75\/100\n|\n|-heal|p2a: Moose|82\/100|[from] item: Leftovers\n|upkeep\n|turn|6\n|\n|t:|1700929576\n|detailschange|p1a: Venusaur|Venusaur-Mega, F\n|-mega|p1a: Venusaur|Venusaur|Venusaurite\n|move|p2a: Moose|Calm Mind|p2a: Moose\n|-boost|p2a: Moose|spa|1\n|-boost|p2a: Moose|spd|1\n|move|p1a: Venusaur|Sludge Bomb|p2a: Moose\n|-activate|p2a: Moose|move: Substitute|[damage]\n|\n|-heal|p2a: Moose|88\/100|[from] item: Leftovers\n|upkeep\n|turn|7\n|\n|t:|1700929585\n|move|p2a: Moose|Calm Mind|p2a: Moose\n|-boost|p2a: Moose|spa|1\n|-boost|p2a: Moose|spd|1\n|move|p1a: Venusaur|Sludge Bomb|p2a: Moose\n|-crit|p2a: Moose\n|-end|p2a: Moose|Substitute\n|\n|-heal|p2a: Moose|94\/100|[from] item: Leftovers\n|upkeep\n|turn|8\n|\n|t:|1700929591\n|move|p2a: Moose|Substitute|p2a: Moose\n|-start|p2a: Moose|Substitute\n|-damage|p2a: Moose|69\/100\n|move|p1a: Venusaur|Giga Drain|p2a: Moose\n|-supereffective|p2a: Moose\n|-activate|p2a: Moose|move: Substitute|[damage]\n|\n|-heal|p2a: Moose|75\/100|[from] item: Leftovers\n|upkeep\n|turn|9\n|j| yuzhibo\n|\n|t:|1700929602\n|move|p2a: Moose|Calm Mind|p2a: Moose\n|-boost|p2a: Moose|spa|1\n|-boost|p2a: Moose|spd|1\n|move|p1a: Venusaur|Giga Drain|p2a: Moose\n|-supereffective|p2a: Moose\n|-end|p2a: Moose|Substitute\n|\n|-heal|p2a: Moose|81\/100|[from] item: Leftovers\n|upkeep\n|turn|10\n|\n|t:|1700929609\n|switch|p1a: Skarmory|Skarmory, M|100\/100\n|move|p2a: Moose|Substitute|p2a: Moose\n|-start|p2a: Moose|Substitute\n|-damage|p2a: Moose|56\/100\n|\n|-heal|p2a: Moose|63\/100|[from] item: Leftovers\n|upkeep\n|turn|11\n|\n|t:|1700929611\n|move|p2a: Moose|Scald|p1a: Skarmory\n|-damage|p1a: Skarmory|12\/100\n|move|p1a: Skarmory|Whirlwind|p2a: Moose\n|drag|p2a: Kubo|Raikou, shiny|100\/100\n|-damage|p2a: Kubo|88\/100|[from] Stealth Rock\n|-ability|p2a: Kubo|Pressure\n|\n|-heal|p2a: Kubo|94\/100|[from] item: Leftovers\n|upkeep\n|turn|12\n|\n|t:|1700929619\n|switch|p1a: Iron Treads|Iron Treads|100\/100\n|move|p2a: Kubo|Substitute|p2a: Kubo\n|-start|p2a: Kubo|Substitute\n|-damage|p2a: Kubo|69\/100\n|\n|-heal|p2a: Kubo|76\/100|[from] item: Leftovers\n|upkeep\n|turn|13\n|\n|t:|1700929625\n|move|p2a: Kubo|Protect|p2a: Kubo\n|-singleturn|p2a: Kubo|Protect\n|move|p1a: Iron Treads|Earthquake|p2a: Kubo\n|-activate|p2a: Kubo|move: Protect\n|\n|-heal|p2a: Kubo|82\/100|[from] item: Leftovers\n|upkeep\n|turn|14\n|\n|t:|1700929633\n|-terastallize|p2a: Kubo|Flying\n|move|p2a: Kubo|Calm Mind|p2a: Kubo\n|-boost|p2a: Kubo|spa|1\n|-boost|p2a: Kubo|spd|1\n|move|p1a: Iron Treads|Rapid Spin|p2a: Kubo\n|-activate|p2a: Kubo|move: Substitute|[damage]\n|-boost|p1a: Iron Treads|spe|1\n|\n|-heal|p2a: Kubo|88\/100|[from] item: Leftovers\n|upkeep\n|turn|15\n|\n|t:|1700929645\n|move|p1a: Iron Treads|Ice Spinner|p2a: Kubo\n|-supereffective|p2a: Kubo\n|-end|p2a: Kubo|Substitute\n|move|p2a: Kubo|Scald|p1a: Iron Treads\n|-supereffective|p1a: Iron Treads\n|-damage|p1a: Iron Treads|62\/100\n|-status|p1a: Iron Treads|brn\n|\n|-heal|p2a: Kubo|94\/100|[from] item: Leftovers\n|-damage|p1a: Iron Treads|56\/100 brn|[from] brn\n|upkeep\n|turn|16\n|\n|t:|1700929652\n|move|p2a: Kubo|Protect|p2a: Kubo\n|-singleturn|p2a: Kubo|Protect\n|move|p1a: Iron Treads|Ice Spinner|p2a: Kubo\n|-activate|p2a: Kubo|move: Protect\n|\n|-heal|p2a: Kubo|100\/100|[from] item: Leftovers\n|-damage|p1a: Iron Treads|50\/100 brn|[from] brn\n|upkeep\n|turn|17\n|\n|t:|1700929656\n|move|p1a: Iron Treads|Ice Spinner|p2a: Kubo\n|-supereffective|p2a: Kubo\n|-damage|p2a: Kubo|75\/100\n|move|p2a: Kubo|Scald|p1a: Iron Treads\n|-supereffective|p1a: Iron Treads\n|-damage|p1a: Iron Treads|8\/100 brn\n|\n|-heal|p2a: Kubo|81\/100|[from] item: Leftovers\n|-damage|p1a: Iron Treads|2\/100 brn|[from] brn\n|upkeep\n|turn|18\n|\n|t:|1700929661\n|move|p2a: Kubo|Protect|p2a: Kubo\n|-singleturn|p2a: Kubo|Protect\n|move|p1a: Iron Treads|Knock Off|p2a: Kubo\n|-activate|p2a: Kubo|move: Protect\n|\n|-heal|p2a: Kubo|87\/100|[from] item: Leftovers\n|-damage|p1a: Iron Treads|0 fnt|[from] brn\n|faint|p1a: Iron Treads\n|-end|p1a: Iron Treads|Quark Drive|[silent]\n|upkeep\n|\n|t:|1700929666\n|switch|p1a: Incineroar|Incineroar, M|100\/100\n|-ability|p1a: Incineroar|Intimidate|boost\n|-unboost|p2a: Kubo|atk|1\n|turn|19\n|\n|t:|1700929674\n|move|p2a: Kubo|Scald|p1a: Incineroar\n|-supereffective|p1a: Incineroar\n|-crit|p1a: Incineroar\n|-damage|p1a: Incineroar|6\/100\n|move|p1a: Incineroar|Knock Off|p2a: Kubo\n|-damage|p2a: Kubo|33\/100\n|-enditem|p2a: Kubo|Leftovers|[from] move: Knock Off|[of] p1a: Incineroar\n|\n|upkeep\n|turn|20\n|\n|t:|1700929679\n|switch|p1a: Chansey|Chansey, F|100\/100\n|move|p2a: Kubo|Scald|p1a: Chansey\n|-damage|p1a: Chansey|90\/100\n|\n|upkeep\n|turn|21\n|\n|t:|1700929688\n|switch|p2a: Scissors|Skarmory, M, shiny|66\/100\n|-damage|p2a: Scissors|54\/100|[from] Stealth Rock\n|move|p1a: Chansey|Toxic|p2a: Scissors\n|-immune|p2a: Scissors\n|\n|upkeep\n|turn|22\n|\n|t:|1700929691\n|move|p2a: Scissors|Defog|p1a: Chansey\n|-unboost|p1a: Chansey|evasion|1\n|-sideend|p2: TPD JOHTO|Stealth Rock|[from] move: Defog|[of] p2a: Scissors\n|move|p1a: Chansey|Wish|p1a: Chansey\n|\n|upkeep\n|turn|23\n|\n|t:|1700929695\n|switch|p1a: Skarmory|Skarmory, M|12\/100\n|move|p2a: Scissors|Spikes|p1a: Skarmory\n|-sidestart|p1: shadowkukoy|Spikes\n|\n|-heal|p1a: Skarmory|100\/100|[from] move: Wish|[wisher] Chansey\n|upkeep\n|turn|24\n|\n|t:|1700929703\n|switch|p1a: Venusaur|Venusaur-Mega, F|100\/100\n|-damage|p1a: Venusaur|88\/100|[from] Spikes\n|move|p2a: Scissors|Roost|p2a: Scissors\n|-heal|p2a: Scissors|100\/100\n|-singleturn|p2a: Scissors|move: Roost\n|\n|upkeep\n|turn|25\n|\n|t:|1700929707\n|move|p1a: Venusaur|Leech Seed|p2a: Scissors\n|-start|p2a: Scissors|move: Leech Seed\n|move|p2a: Scissors|Spikes|p1a: Venusaur\n|-sidestart|p1: shadowkukoy|Spikes\n|\n|-damage|p2a: Scissors|88\/100|[from] Leech Seed|[of] p1a: Venusaur\n|-heal|p1a: Venusaur|99\/100|[silent]\n|upkeep\n|turn|26\n|\n|t:|1700929713\n|switch|p1a: Garganacl|Garganacl, M|100\/100\n|-damage|p1a: Garganacl|84\/100|[from] Spikes\n|switch|p2a: Paper|Celebi|100\/100\n|\n|-heal|p1a: Garganacl|90\/100|[from] item: Leftovers\n|upkeep\n|turn|27\n|\n|t:|1700929720\n|switch|p2a: Moose|Suicune, shiny|63\/100\n|-ability|p2a: Moose|Pressure\n|move|p1a: Garganacl|Protect||[still]\n|-fail|p1a: Garganacl\n|\n|-heal|p2a: Moose|69\/100|[from] item: Leftovers\n|-heal|p1a: Garganacl|96\/100|[from] item: Leftovers\n|upkeep\n|turn|28\n|\n|t:|1700929726\n|switch|p1a: Skarmory|Skarmory, M|100\/100\n|move|p2a: Moose|Substitute|p2a: Moose\n|-start|p2a: Moose|Substitute\n|-damage|p2a: Moose|44\/100\n|\n|-heal|p2a: Moose|50\/100|[from] item: Leftovers\n|upkeep\n|turn|29\n|\n|t:|1700929731\n|move|p2a: Moose|Scald|p1a: Skarmory\n|-damage|p1a: Skarmory|67\/100\n|move|p1a: Skarmory|Whirlwind|p2a: Moose\n|drag|p2a: Kubo|Raikou, shiny, tera:Flying|33\/100\n|-ability|p2a: Kubo|Pressure\n|\n|upkeep\n|turn|30\n|\n|t:|1700929738\n|switch|p2a: Moose|Suicune, shiny|50\/100\n|-ability|p2a: Moose|Pressure\n|switch|p1a: Chansey|Chansey, F|90\/100\n|-damage|p1a: Chansey|74\/100|[from] Spikes\n|\n|-heal|p2a: Moose|56\/100|[from] item: Leftovers\n|upkeep\n|turn|31\n|\n|t:|1700929742\n|move|p2a: Moose|Substitute|p2a: Moose\n|-start|p2a: Moose|Substitute\n|-damage|p2a: Moose|31\/100\n|move|p1a: Chansey|Seismic Toss|p2a: Moose\n|-activate|p2a: Moose|move: Substitute|[damage]\n|\n|-heal|p2a: Moose|37\/100|[from] item: Leftovers\n|upkeep\n|turn|32\n|\n|t:|1700929746\n|move|p2a: Moose|Calm Mind|p2a: Moose\n|-boost|p2a: Moose|spa|1\n|-boost|p2a: Moose|spd|1\n|move|p1a: Chansey|Seismic Toss|p2a: Moose\n|-end|p2a: Moose|Substitute\n|\n|-heal|p2a: Moose|44\/100|[from] item: Leftovers\n|upkeep\n|turn|33\n|\n|t:|1700929758\n|move|p2a: Moose|Substitute|p2a: Moose\n|-start|p2a: Moose|Substitute\n|-damage|p2a: Moose|19\/100\n|move|p1a: Chansey|Seismic Toss|p2a: Moose\n|-activate|p2a: Moose|move: Substitute|[damage]\n|\n|-heal|p2a: Moose|25\/100|[from] item: Leftovers\n|upkeep\n|turn|34\n|\n|t:|1700929769\n|switch|p1a: Skarmory|Skarmory, M|67\/100\n|move|p2a: Moose|Calm Mind|p2a: Moose\n|-boost|p2a: Moose|spa|1\n|-boost|p2a: Moose|spd|1\n|\n|-heal|p2a: Moose|31\/100|[from] item: Leftovers\n|upkeep\n|turn|35\n|\n|t:|1700929772\n|move|p2a: Moose|Scald|p1a: Skarmory\n|-damage|p1a: Skarmory|0 fnt\n|faint|p1a: Skarmory\n|\n|-heal|p2a: Moose|37\/100|[from] item: Leftovers\n|upkeep\n|\n|t:|1700929779\n|switch|p1a: Chansey|Chansey, F|74\/100\n|-damage|p1a: Chansey|57\/100|[from] Spikes\n|turn|36\n|\n|t:|1700929782\n|move|p2a: Moose|Calm Mind|p2a: Moose\n|-boost|p2a: Moose|spa|1\n|-boost|p2a: Moose|spd|1\n|move|p1a: Chansey|Seismic Toss|p2a: Moose\n|-end|p2a: Moose|Substitute\n|\n|-heal|p2a: Moose|43\/100|[from] item: Leftovers\n|upkeep\n|turn|37\n|\n|t:|1700929785\n|move|p2a: Moose|Substitute|p2a: Moose\n|-start|p2a: Moose|Substitute\n|-damage|p2a: Moose|18\/100\n|move|p1a: Chansey|Seismic Toss|p2a: Moose\n|-activate|p2a: Moose|move: Substitute|[damage]\n|\n|-heal|p2a: Moose|25\/100|[from] item: Leftovers\n|upkeep\n|turn|38\n|\n|t:|1700929789\n|move|p2a: Moose|Calm Mind|p2a: Moose\n|-boost|p2a: Moose|spa|1\n|-boost|p2a: Moose|spd|1\n|move|p1a: Chansey|Seismic Toss|p2a: Moose\n|-end|p2a: Moose|Substitute\n|\n|-heal|p2a: Moose|31\/100|[from] item: Leftovers\n|upkeep\n|turn|39\n|\n|t:|1700929795\n|move|p2a: Moose|Substitute|p2a: Moose\n|-start|p2a: Moose|Substitute\n|-damage|p2a: Moose|6\/100\n|move|p1a: Chansey|Seismic Toss|p2a: Moose\n|-activate|p2a: Moose|move: Substitute|[damage]\n|\n|-heal|p2a: Moose|12\/100|[from] item: Leftovers\n|upkeep\n|turn|40\n|\n|t:|1700929800\n|move|p2a: Moose|Rest|p2a: Moose\n|-status|p2a: Moose|slp|[from] move: Rest\n|-heal|p2a: Moose|100\/100 slp|[silent]\n|move|p1a: Chansey|Seismic Toss|p2a: Moose\n|-end|p2a: Moose|Substitute\n|\n|upkeep\n|turn|41\n|\n|t:|1700929810\n|switch|p1a: Garganacl|Garganacl, M|96\/100\n|-damage|p1a: Garganacl|80\/100|[from] Spikes\n|cant|p2a: Moose|slp\n|\n|-heal|p1a: Garganacl|86\/100|[from] item: Leftovers\n|upkeep\n|turn|42\n|\n|t:|1700929814\n|switch|p2a: Paper|Celebi|100\/100\n|move|p1a: Garganacl|Salt Cure|p2a: Paper\n|-damage|p2a: Paper|91\/100\n|-start|p2a: Paper|Salt Cure\n|\n|-heal|p2a: Paper|97\/100|[from] item: Leftovers\n|-heal|p1a: Garganacl|92\/100|[from] item: Leftovers\n|-damage|p2a: Paper|85\/100|[from] Salt Cure\n|upkeep\n|turn|43\n|\n|t:|1700929820\n|switch|p1a: Chansey|Chansey, F|57\/100\n|-damage|p1a: Chansey|40\/100|[from] Spikes\n|move|p2a: Paper|Heal Bell|p2a: Paper\n|-activate|p2a: Paper|move: Heal Bell\n|-curestatus|p2: Moose|slp|[msg]\n|\n|-heal|p2a: Paper|91\/100|[from] item: Leftovers\n|-damage|p2a: Paper|78\/100|[from] Salt Cure\n|upkeep\n|turn|44\n|\n|t:|1700929826\n|switch|p2a: Rock|Tyranitar, F, shiny|100\/100\n|-weather|Sandstorm|[from] ability: Sand Stream|[of] p2a: Rock\n|move|p1a: Chansey|Wish|p1a: Chansey\n|\n|-weather|Sandstorm|[upkeep]\n|-damage|p1a: Chansey|34\/100|[from] Sandstorm\n|upkeep\n|turn|45\n|\n|t:|1700929830\n|move|p1a: Chansey|Protect|p1a: Chansey\n|-singleturn|p1a: Chansey|Protect\n|move|p2a: Rock|Pursuit|p1a: Chansey\n|-activate|p1a: Chansey|move: Protect\n|\n|-weather|Sandstorm|[upkeep]\n|-damage|p1a: Chansey|28\/100|[from] Sandstorm\n|-heal|p1a: Chansey|78\/100|[from] move: Wish|[wisher] Chansey\n|upkeep\n|turn|46\n|\n|t:|1700929836\n|move|p2a: Rock|Stealth Rock|p1a: Chansey\n|-sidestart|p1: shadowkukoy|move: Stealth Rock\n|move|p1a: Chansey|Wish|p1a: Chansey\n|\n|-weather|Sandstorm|[upkeep]\n|-damage|p1a: Chansey|72\/100|[from] Sandstorm\n|upkeep\n|turn|47\n|\n|t:|1700929845\n|move|p1a: Chansey|Toxic|p2a: Rock\n|-status|p2a: Rock|tox\n|move|p2a: Rock|Roar|p1a: Chansey\n|drag|p1a: Incineroar|Incineroar, M|6\/100\n|-ability|p1a: Incineroar|Intimidate|boost\n|-unboost|p2a: Rock|atk|1\n|\n|-weather|Sandstorm|[upkeep]\n|-damage|p1a: Incineroar|0 fnt|[from] Sandstorm\n|faint|p1a: Incineroar\n|-damage|p2a: Rock|94\/100 tox|[from] psn\n|upkeep\n|\n|t:|1700929857\n|switch|p1a: Venusaur|Venusaur-Mega, F|99\/100\n|-damage|p1a: Venusaur|83\/100|[from] Spikes\n|-damage|p1a: Venusaur|71\/100|[from] Stealth Rock\n|turn|48\n|\n|t:|1700929880\n|move|p1a: Venusaur|Giga Drain|p2a: Rock\n|-supereffective|p2a: Rock\n|-damage|p2a: Rock|70\/100 tox\n|-heal|p1a: Venusaur|84\/100|[from] drain|[of] p2a: Rock\n|move|p2a: Rock|Roar|p1a: Venusaur\n|drag|p1a: Garganacl|Garganacl, M|92\/100\n|-damage|p1a: Garganacl|75\/100|[from] Spikes\n|-damage|p1a: Garganacl|63\/100|[from] Stealth Rock\n|\n|-weather|none\n|-heal|p2a: Rock|76\/100 tox|[from] item: Leftovers\n|-heal|p1a: Garganacl|69\/100|[from] item: Leftovers\n|-damage|p2a: Rock|64\/100 tox|[from] psn\n|upkeep\n|turn|49\n|\n|t:|1700929887\n|switch|p2a: Paper|Celebi|78\/100\n|move|p1a: Garganacl|Stealth Rock|p2a: Paper\n|-sidestart|p2: TPD JOHTO|move: Stealth Rock\n|\n|-heal|p2a: Paper|85\/100|[from] item: Leftovers\n|-heal|p1a: Garganacl|75\/100|[from] item: Leftovers\n|upkeep\n|turn|50\n|\n|t:|1700929894\n|switch|p1a: Chansey|Chansey, F|72\/100\n|-damage|p1a: Chansey|55\/100|[from] Spikes\n|-damage|p1a: Chansey|43\/100|[from] Stealth Rock\n|move|p2a: Paper|Psychic|p1a: Chansey\n|-damage|p1a: Chansey|34\/100\n|\n|-heal|p2a: Paper|91\/100|[from] item: Leftovers\n|upkeep\n|turn|51\n|\n|t:|1700929898\n|switch|p2a: Moose|Suicune, shiny|100\/100\n|-damage|p2a: Moose|88\/100|[from] Stealth Rock\n|-ability|p2a: Moose|Pressure\n|move|p1a: Chansey|Wish|p1a: Chansey\n|\n|-heal|p2a: Moose|94\/100|[from] item: Leftovers\n|upkeep\n|turn|52\n|\n|t:|1700929904\n|move|p2a: Moose|Substitute|p2a: Moose\n|-start|p2a: Moose|Substitute\n|-damage|p2a: Moose|69\/100\n|move|p1a: Chansey|Seismic Toss|p2a: Moose\n|-activate|p2a: Moose|move: Substitute|[damage]\n|\n|-heal|p1a: Chansey|83\/100|[from] move: Wish|[wisher] Chansey\n|-heal|p2a: Moose|75\/100|[from] item: Leftovers\n|upkeep\n|turn|53\n|\n|t:|1700929911\n|move|p2a: Moose|Calm Mind|p2a: Moose\n|-boost|p2a: Moose|spa|1\n|-boost|p2a: Moose|spd|1\n|move|p1a: Chansey|Seismic Toss|p2a: Moose\n|-end|p2a: Moose|Substitute\n|\n|-heal|p2a: Moose|82\/100|[from] item: Leftovers\n|upkeep\n|turn|54\n|\n|t:|1700929915\n|move|p2a: Moose|Substitute|p2a: Moose\n|-start|p2a: Moose|Substitute\n|-damage|p2a: Moose|57\/100\n|move|p1a: Chansey|Seismic Toss|p2a: Moose\n|-activate|p2a: Moose|move: Substitute|[damage]\n|\n|-heal|p2a: Moose|63\/100|[from] item: Leftovers\n|upkeep\n|turn|55\n|\n|t:|1700929919\n|move|p2a: Moose|Calm Mind|p2a: Moose\n|-boost|p2a: Moose|spa|1\n|-boost|p2a: Moose|spd|1\n|move|p1a: Chansey|Seismic Toss|p2a: Moose\n|-end|p2a: Moose|Substitute\n|\n|-heal|p2a: Moose|69\/100|[from] item: Leftovers\n|upkeep\n|turn|56\n|\n|t:|1700929923\n|move|p2a: Moose|Substitute|p2a: Moose\n|-start|p2a: Moose|Substitute\n|-damage|p2a: Moose|44\/100\n|move|p1a: Chansey|Seismic Toss|p2a: Moose\n|-activate|p2a: Moose|move: Substitute|[damage]\n|\n|-heal|p2a: Moose|50\/100|[from] item: Leftovers\n|upkeep\n|turn|57\n|\n|t:|1700929929\n|move|p2a: Moose|Calm Mind|p2a: Moose\n|-boost|p2a: Moose|spa|1\n|-boost|p2a: Moose|spd|1\n|move|p1a: Chansey|Seismic Toss|p2a: Moose\n|-end|p2a: Moose|Substitute\n|\n|-heal|p2a: Moose|56\/100|[from] item: Leftovers\n|upkeep\n|turn|58\n|\n|t:|1700929932\n|move|p2a: Moose|Substitute|p2a: Moose\n|-start|p2a: Moose|Substitute\n|-damage|p2a: Moose|31\/100\n|move|p1a: Chansey|Seismic Toss|p2a: Moose\n|-activate|p2a: Moose|move: Substitute|[damage]\n|\n|-heal|p2a: Moose|38\/100|[from] item: Leftovers\n|upkeep\n|turn|59\n|\n|t:|1700929936\n|move|p2a: Moose|Calm Mind|p2a: Moose\n|-boost|p2a: Moose|spa|1\n|-boost|p2a: Moose|spd|1\n|move|p1a: Chansey|Seismic Toss|p2a: Moose\n|-end|p2a: Moose|Substitute\n|\n|-heal|p2a: Moose|44\/100|[from] item: Leftovers\n|upkeep\n|turn|60\n|-message|shadowkukoy forfeited.\n|\n|win|TPD JOHTO\n|raw|shadowkukoy's rating: 1566 &rarr; <strong>1547<\/strong><br \/>(-19 for losing)\n|raw|TPD JOHTO's rating: 1581 &rarr; <strong>1600<\/strong><br \/>(+19 for winning)\n|l|\u2606shadowkukoy\n","uploadtime":1700929995,"views":0,"p1id":"shadowkukoy","p2id":"tpdjohto","formatid":"gen9nationaldex","rating":1547,"private":0,"password":""}