{"id":"gen9nationaldex-1990057535","p1":"Ryan&Ditto","p2":"Aceman2798","format":"[Gen 9] National Dex","log":"|j|\u2606Ryan&Ditto\n|j|\u2606Aceman2798\n|t:|1699919954\n|gametype|singles\n|player|p1|Ryan&Ditto|unknown|\n|player|p2|Aceman2798|acetrainer-gen4dp|\n|teamsize|p1|6\n|teamsize|p2|6\n|gen|9\n|tier|[Gen 9] National Dex\n|rule|HP Percentage Mod: HP is shown in percentages\n|rule|Endless Battle Clause: Forcing endless battles is banned\n|rule|OHKO Clause: OHKO moves are banned\n|rule|Evasion Clause: Evasion abilities, items, and moves are banned\n|rule|Evasion Abilities Clause: Evasion abilities are banned\n|rule|Evasion Items Clause: Evasion items are banned\n|rule|Evasion Moves Clause: Evasion moves are banned\n|rule|Species Clause: Limit one of each Pok\u00e9mon\n|rule|Sleep Clause Mod: Limit one foe put to sleep\n|clearpoke\n|poke|p1|Kommo-o, F|\n|poke|p1|Mawile, F|\n|poke|p1|Hydreigon, M|\n|poke|p1|Excadrill, F|\n|poke|p1|Garganacl, F|\n|poke|p1|Garchomp, F|\n|poke|p2|Tyranitar, F|\n|poke|p2|Excadrill, F|\n|poke|p2|Kommo-o, M|\n|poke|p2|Bronzong|\n|poke|p2|Hydreigon, F|\n|poke|p2|Exploud, M|\n|teampreview\n|\n|t:|1699919983\n|start\n|switch|p1a: THE UH|Excadrill, F|100\/100\n|switch|p2a: Bronzong|Bronzong|100\/100\n|-ability|p1a: THE UH|Mold Breaker\n|turn|1\n|\n|t:|1699919990\n|move|p1a: THE UH|Earthquake|p2a: Bronzong\n|-supereffective|p2a: Bronzong\n|-damage|p2a: Bronzong|12\/100\n|move|p2a: Bronzong|Iron Defense|p2a: Bronzong\n|-boost|p2a: Bronzong|def|2\n|\n|-heal|p2a: Bronzong|18\/100|[from] item: Leftovers\n|upkeep\n|turn|2\n|\n|t:|1699920005\n|move|p1a: THE UH|Earthquake|p2a: Bronzong\n|-supereffective|p2a: Bronzong\n|-damage|p2a: Bronzong|0 fnt\n|faint|p2a: Bronzong\n|\n|upkeep\n|\n|t:|1699920026\n|switch|p2a: Kommo-o|Kommo-o, M|100\/100\n|turn|3\n|\n|t:|1699920063\n|move|p1a: THE UH|Earthquake|p2a: Kommo-o\n|-damage|p2a: Kommo-o|46\/100\n|move|p2a: Kommo-o|Drain Punch|p1a: THE UH\n|-supereffective|p1a: THE UH\n|-damage|p1a: THE UH|19\/100\n|-heal|p2a: Kommo-o|97\/100|[from] drain|[of] p1a: THE UH\n|\n|upkeep\n|turn|4\n|\n|t:|1699920092\n|switch|p1a: MAAR MEFA|Mawile, F|100\/100\n|-ability|p1a: MAAR MEFA|Intimidate|boost\n|-unboost|p2a: Kommo-o|atk|1\n|move|p2a: Kommo-o|Drain Punch|p1a: MAAR MEFA\n|-damage|p1a: MAAR MEFA|74\/100\n|-heal|p2a: Kommo-o|100\/100|[from] drain|[of] p1a: MAAR MEFA\n|\n|upkeep\n|turn|5\n|\n|t:|1699920102\n|switch|p2a: Excadrill|Excadrill, F|100\/100\n|detailschange|p1a: MAAR MEFA|Mawile-Mega, F\n|-mega|p1a: MAAR MEFA|Mawile|Mawilite\n|move|p1a: MAAR MEFA|Play Rough|p2a: Excadrill\n|-resisted|p2a: Excadrill\n|-crit|p2a: Excadrill\n|-damage|p2a: Excadrill|10\/100\n|\n|upkeep\n|turn|6\n|\n|t:|1699920114\n|move|p1a: MAAR MEFA|Sucker Punch||[still]\n|-fail|p1a: MAAR MEFA\n|move|p2a: Excadrill|Swords Dance|p2a: Excadrill\n|-boost|p2a: Excadrill|atk|2\n|\n|upkeep\n|turn|7\n|\n|t:|1699920126\n|switch|p2a: Hydreigon|Hydreigon, F|100\/100\n|move|p1a: MAAR MEFA|Sucker Punch||[still]\n|-fail|p1a: MAAR MEFA\n|\n|upkeep\n|turn|8\n|\n|t:|1699920149\n|switch|p1a: V2|Garganacl, F|100\/100\n|-terastallize|p2a: Hydreigon|Poison\n|move|p2a: Hydreigon|Substitute|p2a: Hydreigon\n|-start|p2a: Hydreigon|Substitute\n|-damage|p2a: Hydreigon|76\/100\n|\n|-heal|p2a: Hydreigon|82\/100|[from] item: Leftovers\n|upkeep\n|turn|9\n|\n|t:|1699920225\n|move|p2a: Hydreigon|Nasty Plot|p2a: Hydreigon\n|-boost|p2a: Hydreigon|spa|2\n|move|p1a: V2|Salt Cure|p2a: Hydreigon\n|-activate|p2a: Hydreigon|move: Substitute|[damage]\n|\n|-heal|p2a: Hydreigon|88\/100|[from] item: Leftovers\n|upkeep\n|turn|10\n|\n|t:|1699920235\n|move|p2a: Hydreigon|Flash Cannon|p1a: V2\n|-supereffective|p1a: V2\n|-damage|p1a: V2|4\/100\n|move|p1a: V2|Salt Cure|p2a: Hydreigon\n|-end|p2a: Hydreigon|Substitute\n|\n|-heal|p2a: Hydreigon|94\/100|[from] item: Leftovers\n|-heal|p1a: V2|11\/100|[from] item: Leftovers\n|upkeep\n|turn|11\n|\n|t:|1699920272\n|switch|p1a: CYAN|Hydreigon, M|100\/100\n|move|p2a: Hydreigon|Substitute|p2a: Hydreigon\n|-start|p2a: Hydreigon|Substitute\n|-damage|p2a: Hydreigon|69\/100\n|\n|-heal|p2a: Hydreigon|75\/100|[from] item: Leftovers\n|upkeep\n|turn|12\n|\n|t:|1699920277\n|move|p2a: Hydreigon|Draco Meteor|p1a: CYAN\n|-supereffective|p1a: CYAN\n|-damage|p1a: CYAN|0 fnt\n|-unboost|p2a: Hydreigon|spa|2\n|faint|p1a: CYAN\n|\n|-heal|p2a: Hydreigon|81\/100|[from] item: Leftovers\n|upkeep\n|\n|t:|1699920382\n|switch|p1a: CARGHOMP|Garchomp, F|100\/100\n|turn|13\n|\n|t:|1699920393\n|-terastallize|p1a: CARGHOMP|Fairy\n|move|p1a: CARGHOMP|Scale Shot|p2a: Hydreigon\n|-activate|p2a: Hydreigon|move: Substitute|[damage]\n|-end|p2a: Hydreigon|Substitute\n|-damage|p2a: Hydreigon|65\/100\n|-damage|p2a: Hydreigon|51\/100\n|-damage|p2a: Hydreigon|36\/100\n|-hitcount|p2a: Hydreigon|5\n|-unboost|p1a: CARGHOMP|def|1\n|-boost|p1a: CARGHOMP|spe|1\n|move|p2a: Hydreigon|Draco Meteor|p1a: CARGHOMP\n|-immune|p1a: CARGHOMP\n|\n|-heal|p2a: Hydreigon|42\/100|[from] item: Leftovers\n|upkeep\n|turn|14\n|\n|t:|1699920431\n|switch|p2a: Tyranitar|Tyranitar, F|100\/100\n|-weather|Sandstorm|[from] ability: Sand Stream|[of] p2a: Tyranitar\n|move|p1a: CARGHOMP|Scale Shot|p2a: Tyranitar\n|-damage|p2a: Tyranitar|91\/100\n|-damage|p2a: Tyranitar|83\/100\n|-damage|p2a: Tyranitar|75\/100\n|-damage|p2a: Tyranitar|66\/100\n|-hitcount|p2a: Tyranitar|4\n|-unboost|p1a: CARGHOMP|def|1\n|-boost|p1a: CARGHOMP|spe|1\n|\n|-weather|Sandstorm|[upkeep]\n|-damage|p1a: CARGHOMP|94\/100|[from] Sandstorm\n|upkeep\n|turn|15\n|\n|t:|1699920438\n|detailschange|p2a: Tyranitar|Tyranitar-Mega, F\n|-mega|p2a: Tyranitar|Tyranitar|Tyranitarite\n|move|p1a: CARGHOMP|Earthquake|p2a: Tyranitar\n|-supereffective|p2a: Tyranitar\n|-damage|p2a: Tyranitar|10\/100\n|move|p2a: Tyranitar|Rock Tomb|p1a: CARGHOMP\n|-damage|p1a: CARGHOMP|40\/100\n|-unboost|p1a: CARGHOMP|spe|1\n|\n|-weather|Sandstorm|[upkeep]\n|-damage|p1a: CARGHOMP|34\/100|[from] Sandstorm\n|upkeep\n|turn|16\n|\n|t:|1699920448\n|move|p1a: CARGHOMP|Scale Shot|p2a: Tyranitar\n|-damage|p2a: Tyranitar|4\/100\n|-damage|p2a: Tyranitar|0 fnt\n|faint|p2a: Tyranitar\n|-hitcount|p2: Tyranitar|2\n|-unboost|p1a: CARGHOMP|def|1\n|-boost|p1a: CARGHOMP|spe|1\n|\n|-weather|Sandstorm|[upkeep]\n|-damage|p1a: CARGHOMP|28\/100|[from] Sandstorm\n|upkeep\n|\n|t:|1699920453\n|switch|p2a: Exploud|Exploud, M|100\/100\n|turn|17\n|\n|t:|1699920492\n|switch|p1a: THE UH|Excadrill, F|19\/100\n|-ability|p1a: THE UH|Mold Breaker\n|move|p2a: Exploud|Ice Beam|p1a: THE UH\n|-damage|p1a: THE UH|0 fnt\n|faint|p1a: THE UH\n|\n|-weather|Sandstorm|[upkeep]\n|-damage|p2a: Exploud|94\/100|[from] Sandstorm\n|upkeep\n|\n|t:|1699920504\n|switch|p1a: KOMMOVER|Kommo-o, F|100\/100\n|turn|18\n|\n|t:|1699920509\n|move|p2a: Exploud|Ice Beam|p1a: KOMMOVER\n|-supereffective|p1a: KOMMOVER\n|-damage|p1a: KOMMOVER|50\/100\n|-zpower|p1a: KOMMOVER\n|move|p1a: KOMMOVER|Clangorous Soulblaze|p2a: Exploud|[zeffect]\n|-immune|p2a: Exploud|[from] ability: Soundproof\n|\n|-weather|none\n|upkeep\n|turn|19\n|\n|t:|1699920523\n|switch|p1a: MAAR MEFA|Mawile-Mega, F|74\/100\n|move|p2a: Exploud|Ice Beam|p1a: MAAR MEFA\n|-resisted|p1a: MAAR MEFA\n|-damage|p1a: MAAR MEFA|59\/100\n|\n|upkeep\n|turn|20\n|\n|t:|1699920537\n|switch|p2a: Excadrill|Excadrill, F|10\/100\n|move|p1a: MAAR MEFA|Play Rough|p2a: Excadrill\n|-resisted|p2a: Excadrill\n|-damage|p2a: Excadrill|0 fnt\n|faint|p2a: Excadrill\n|\n|upkeep\n|\n|t:|1699920543\n|switch|p2a: Kommo-o|Kommo-o, M|100\/100\n|turn|21\n|j| nosh_becausem\n|\n|t:|1699920563\n|move|p2a: Kommo-o|Flamethrower|p1a: MAAR MEFA\n|-supereffective|p1a: MAAR MEFA\n|-damage|p1a: MAAR MEFA|0 fnt\n|faint|p1a: MAAR MEFA\n|\n|upkeep\n|\n|t:|1699920589\n|switch|p1a: CARGHOMP|Garchomp, F, tera:Fairy|28\/100\n|turn|22\n|\n|t:|1699920597\n|move|p1a: CARGHOMP|Scale Shot|p2a: Kommo-o|[miss]\n|-miss|p1a: CARGHOMP|p2a: Kommo-o\n|move|p2a: Kommo-o|Boomburst|p1a: CARGHOMP\n|-damage|p1a: CARGHOMP|0 fnt\n|faint|p1a: CARGHOMP\n|-enditem|p2a: Kommo-o|Throat Spray\n|-boost|p2a: Kommo-o|spa|1|[from] item: Throat Spray\n|\n|upkeep\n|\n|t:|1699920602\n|switch|p1a: KOMMOVER|Kommo-o, F|50\/100\n|turn|23\n|\n|t:|1699920607\n|move|p1a: KOMMOVER|Aura Sphere|p2a: Kommo-o\n|-damage|p2a: Kommo-o|56\/100\n|move|p2a: Kommo-o|Clangorous Soul|p2a: Kommo-o\n|-boost|p2a: Kommo-o|atk|1\n|-boost|p2a: Kommo-o|def|1\n|-boost|p2a: Kommo-o|spa|1\n|-boost|p2a: Kommo-o|spd|1\n|-boost|p2a: Kommo-o|spe|1\n|-damage|p2a: Kommo-o|23\/100\n|\n|upkeep\n|turn|24\n|\n|t:|1699920617\n|switch|p1a: V2|Garganacl, F|11\/100\n|move|p2a: Kommo-o|Drain Punch|p1a: V2\n|-supereffective|p1a: V2\n|-damage|p1a: V2|0 fnt\n|-heal|p2a: Kommo-o|30\/100|[from] drain|[of] p1a: V2\n|faint|p1a: V2\n|\n|upkeep\n|\n|t:|1699920619\n|switch|p1a: KOMMOVER|Kommo-o, F|50\/100\n|turn|25\n|c|\u2606Ryan&Ditto|welp\n|c|\u2606Ryan&Ditto|gg\n|\n|t:|1699920624\n|move|p2a: Kommo-o|Drain Punch|p1a: KOMMOVER\n|-damage|p1a: KOMMOVER|6\/100\n|-heal|p2a: Kommo-o|52\/100|[from] drain|[of] p1a: KOMMOVER\n|move|p1a: KOMMOVER|Aura Sphere|p2a: Kommo-o\n|-damage|p2a: Kommo-o|23\/100\n|\n|upkeep\n|turn|26\n|\n|t:|1699920628\n|move|p2a: Kommo-o|Drain Punch|p1a: KOMMOVER\n|-damage|p1a: KOMMOVER|0 fnt\n|-heal|p2a: Kommo-o|26\/100|[from] drain|[of] p1a: KOMMOVER\n|faint|p1a: KOMMOVER\n|\n|win|Aceman2798\n|c|\u2606Aceman2798|gg\n|l|\u2606Aceman2798\n|l|\u2606Ryan&Ditto\n|j|\u2606Ryan&Ditto\n|player|p1|Ryan&Ditto|unknown\n","uploadtime":1699920631,"views":49,"p1id":"ryanditto","p2id":"aceman2798","formatid":"gen9nationaldex","rating":0,"private":0,"password":""}