{"id":"gen9nationaldex-1994691916","p1":"littleht6666","p2":"baigu2","format":"[Gen 9] National Dex","log":"|html|<div class=\"broadcast-blue\"><strong>[Gen 9] National Dex is currently suspecting Sneasler! For information on how to participate check out the <a href=\"https:\/\/www.smogon.com\/forums\/threads\/sv-national-dex-suspect-8-just-dance.3731534\/\">suspect thread<\/a>.<\/strong><\/div>\n|j|\u2606littleht6666\n|j|\u2606baigu2\n|t:|1700481769\n|gametype|singles\n|player|p1|littleht6666|elesa|1696\n|player|p2|baigu2|101|1855\n|teamsize|p1|6\n|teamsize|p2|6\n|gen|9\n|tier|[Gen 9] National Dex\n|rated|\n|rule|HP Percentage Mod: HP is shown in percentages\n|rule|Endless Battle Clause: Forcing endless battles is banned\n|rule|OHKO Clause: OHKO moves are banned\n|rule|Evasion Clause: Evasion abilities, items, and moves are banned\n|rule|Evasion Abilities Clause: Evasion abilities are banned\n|rule|Evasion Items Clause: Evasion items are banned\n|rule|Evasion Moves Clause: Evasion moves are banned\n|rule|Species Clause: Limit one of each Pok\u00e9mon\n|rule|Sleep Clause Mod: Limit one foe put to sleep\n|clearpoke\n|poke|p1|Weavile, M|\n|poke|p1|Landorus-Therian, M|\n|poke|p1|Zapdos|\n|poke|p1|Volcanion|\n|poke|p1|Ursaluna, M|\n|poke|p1|Kartana|\n|poke|p2|Ursaluna, M|\n|poke|p2|Dragonite, F|\n|poke|p2|Slowking, M|\n|poke|p2|Tapu Koko|\n|poke|p2|Hoopa-Unbound|\n|poke|p2|Great Tusk|\n|teampreview\n|inactive|Battle timer is ON: inactive players will automatically lose when time's up. (requested by littleht6666)\n|\n|t:|1700481784\n|start\n|switch|p1a: Landorus|Landorus-Therian, M|100\/100\n|switch|p2a: Great Tusk|Great Tusk|100\/100\n|-ability|p1a: Landorus|Intimidate|boost\n|-unboost|p2a: Great Tusk|atk|1\n|turn|1\n|\n|t:|1700481789\n|move|p1a: Landorus|U-turn|p2a: Great Tusk\n|-resisted|p2a: Great Tusk\n|-damage|p2a: Great Tusk|94\/100\n|\n|t:|1700481795\n|switch|p1a: Zapdos|Zapdos|100\/100|[from] U-turn\n|move|p2a: Great Tusk|Stealth Rock|p1a: Zapdos\n|-sidestart|p1: littleht6666|move: Stealth Rock\n|\n|upkeep\n|turn|2\n|\n|t:|1700481801\n|-end|p2a: Great Tusk|Protosynthesis|[silent]\n|switch|p2a: Slowking|Slowking, M|100\/100\n|move|p1a: Zapdos|Hurricane|p2a: Slowking\n|-damage|p2a: Slowking|75\/100\n|\n|upkeep\n|turn|3\n|\n|t:|1700481805\n|move|p1a: Zapdos|Discharge|p2a: Slowking\n|-supereffective|p2a: Slowking\n|-damage|p2a: Slowking|35\/100\n|-status|p2a: Slowking|par\n|move|p2a: Slowking|Teleport|p2a: Slowking\n|\n|t:|1700481813\n|switch|p2a: Dragonite|Dragonite, F|100\/100|[from] Teleport\n|\n|upkeep\n|turn|4\n|\n|t:|1700481818\n|move|p1a: Zapdos|Discharge|p2a: Dragonite\n|-damage|p2a: Dragonite|87\/100\n|move|p2a: Dragonite|Outrage|p1a: Zapdos\n|-damage|p1a: Zapdos|20\/100\n|-status|p2a: Dragonite|par|[from] ability: Static|[of] p1a: Zapdos\n|\n|upkeep\n|turn|5\n|\n|t:|1700481828\n|switch|p1a: Landorus|Landorus-Therian, M|100\/100\n|-damage|p1a: Landorus|88\/100|[from] Stealth Rock\n|-ability|p1a: Landorus|Intimidate|boost\n|-unboost|p2a: Dragonite|atk|1\n|move|p2a: Dragonite|Outrage|p1a: Landorus|[from]lockedmove\n|-damage|p1a: Landorus|20\/100\n|-start|p2a: Dragonite|confusion|[fatigue]\n|\n|-heal|p1a: Landorus|26\/100|[from] item: Leftovers\n|upkeep\n|turn|6\n|j| aaaapeng\n|\n|t:|1700481844\n|switch|p2a: Great Tusk|Great Tusk|94\/100\n|move|p1a: Landorus|Stealth Rock|p2a: Great Tusk\n|-sidestart|p2: baigu2|move: Stealth Rock\n|\n|-heal|p1a: Landorus|32\/100|[from] item: Leftovers\n|upkeep\n|turn|7\n|\n|t:|1700481850\n|switch|p1a: Zapdos|Zapdos|20\/100\n|move|p2a: Great Tusk|Ice Spinner|p1a: Zapdos\n|-supereffective|p1a: Zapdos\n|-crit|p1a: Zapdos\n|-damage|p1a: Zapdos|0 fnt\n|faint|p1a: Zapdos\n|\n|upkeep\n|\n|t:|1700481859\n|switch|p1a: Volcanion|Volcanion|100\/100\n|turn|8\n|\n|t:|1700481866\n|-end|p2a: Great Tusk|Protosynthesis|[silent]\n|switch|p2a: Slowking|Slowking, M|68\/100 par\n|move|p1a: Volcanion|Steam Eruption|p2a: Slowking\n|-resisted|p2a: Slowking\n|-damage|p2a: Slowking|54\/100 par\n|\n|upkeep\n|turn|9\n|\n|t:|1700481872\n|switch|p1a: Landorus|Landorus-Therian, M|32\/100\n|-damage|p1a: Landorus|20\/100|[from] Stealth Rock\n|-ability|p1a: Landorus|Intimidate|boost\n|-unboost|p2a: Slowking|atk|1\n|move|p2a: Slowking|Teleport|p2a: Slowking\n|\n|t:|1700481883\n|switch|p2a: Tapu Koko|Tapu Koko|100\/100|[from] Teleport\n|-damage|p2a: Tapu Koko|88\/100|[from] Stealth Rock\n|-fieldstart|move: Electric Terrain|[from] ability: Electric Surge|[of] p2a: Tapu Koko\n|\n|-heal|p1a: Landorus|26\/100|[from] item: Leftovers\n|upkeep\n|turn|10\n|\n|t:|1700481887\n|move|p2a: Tapu Koko|Dazzling Gleam|p1a: Landorus\n|-damage|p1a: Landorus|0 fnt\n|faint|p1a: Landorus\n|\n|upkeep\n|\n|t:|1700481896\n|switch|p1a: Ursaluna|Ursaluna, M|100\/100\n|-damage|p1a: Ursaluna|94\/100|[from] Stealth Rock\n|turn|11\n|\n|t:|1700481907\n|switch|p2a: Hoopa|Hoopa-Unbound|100\/100\n|-damage|p2a: Hoopa|88\/100|[from] Stealth Rock\n|move|p1a: Ursaluna|Headlong Rush|p2a: Hoopa\n|-damage|p2a: Hoopa|0 fnt\n|-unboost|p1a: Ursaluna|def|1\n|-unboost|p1a: Ursaluna|spd|1\n|faint|p2a: Hoopa\n|\n|-status|p1a: Ursaluna|brn|[from] item: Flame Orb\n|upkeep\n|\n|t:|1700481913\n|switch|p2a: Great Tusk|Great Tusk|94\/100\n|turn|12\n|\n|t:|1700481918\n|-terastallize|p2a: Great Tusk|Steel\n|move|p2a: Great Tusk|Ice Spinner|p1a: Ursaluna\n|-supereffective|p1a: Ursaluna\n|-damage|p1a: Ursaluna|25\/100 brn\n|-fieldend|move: Electric Terrain\n|move|p1a: Ursaluna|Headlong Rush|p2a: Great Tusk\n|-supereffective|p2a: Great Tusk\n|-damage|p2a: Great Tusk|0 fnt\n|-unboost|p1a: Ursaluna|def|1\n|-unboost|p1a: Ursaluna|spd|1\n|faint|p2a: Great Tusk\n|-end|p2a: Great Tusk|Protosynthesis|[silent]\n|\n|-damage|p1a: Ursaluna|19\/100 brn|[from] brn\n|upkeep\n|\n|t:|1700481928\n|switch|p2a: Tapu Koko|Tapu Koko|88\/100\n|-damage|p2a: Tapu Koko|76\/100|[from] Stealth Rock\n|-fieldstart|move: Electric Terrain|[from] ability: Electric Surge|[of] p2a: Tapu Koko\n|turn|13\n|\n|t:|1700481933\n|move|p2a: Tapu Koko|Dazzling Gleam|p1a: Ursaluna\n|-damage|p1a: Ursaluna|0 fnt\n|faint|p1a: Ursaluna\n|\n|upkeep\n|\n|t:|1700481940\n|switch|p1a: Volcanion|Volcanion|100\/100\n|turn|14\n|\n|t:|1700481945\n|switch|p2a: Slowking|Slowking, M|88\/100 par\n|move|p1a: Volcanion|Steam Eruption|p2a: Slowking\n|-resisted|p2a: Slowking\n|-damage|p2a: Slowking|75\/100 par\n|\n|upkeep\n|turn|15\n|\n|t:|1700481947\n|switch|p1a: Weavile|Weavile, M|100\/100\n|-damage|p1a: Weavile|76\/100|[from] Stealth Rock\n|-ability|p1a: Weavile|Pressure\n|cant|p2a: Slowking|par\n|\n|upkeep\n|turn|16\n|\n|t:|1700481959\n|switch|p2a: Tapu Koko|Tapu Koko|76\/100\n|-damage|p2a: Tapu Koko|63\/100|[from] Stealth Rock\n|move|p1a: Weavile|Knock Off|p2a: Tapu Koko\n|-resisted|p2a: Tapu Koko\n|-damage|p2a: Tapu Koko|16\/100\n|-enditem|p2a: Tapu Koko|Choice Specs|[from] move: Knock Off|[of] p1a: Weavile\n|\n|upkeep\n|turn|17\n|\n|t:|1700481966\n|switch|p1a: Volcanion|Volcanion|100\/100\n|move|p2a: Tapu Koko|Thunderbolt|p1a: Volcanion\n|-supereffective|p1a: Volcanion\n|-damage|p1a: Volcanion|0 fnt\n|faint|p1a: Volcanion\n|\n|-fieldend|move: Electric Terrain\n|upkeep\n|\n|t:|1700481972\n|switch|p1a: Kartana|Kartana|100\/100\n|-damage|p1a: Kartana|94\/100|[from] Stealth Rock\n|turn|18\n|\n|t:|1700481978\n|switch|p2a: Dragonite|Dragonite, F|87\/100 par\n|-damage|p2a: Dragonite|62\/100 par|[from] Stealth Rock\n|move|p1a: Kartana|Leaf Blade|p2a: Dragonite\n|-resisted|p2a: Dragonite\n|-damage|p2a: Dragonite|48\/100 par\n|\n|upkeep\n|turn|19\n|\n|t:|1700481983\n|switch|p1a: Weavile|Weavile, M|76\/100\n|-damage|p1a: Weavile|51\/100|[from] Stealth Rock\n|-ability|p1a: Weavile|Pressure\n|cant|p2a: Dragonite|par\n|\n|upkeep\n|turn|20\n|\n|t:|1700481991\n|move|p2a: Dragonite|Extreme Speed|p1a: Weavile\n|-damage|p1a: Weavile|0 fnt\n|faint|p1a: Weavile\n|\n|upkeep\n|\n|t:|1700481995\n|switch|p1a: Kartana|Kartana|94\/100\n|-damage|p1a: Kartana|88\/100|[from] Stealth Rock\n|turn|21\n|\n|t:|1700481999\n|switch|p2a: Slowking|Slowking, M|100\/100 par\n|move|p1a: Kartana|Leaf Blade|p2a: Slowking\n|-supereffective|p2a: Slowking\n|-crit|p2a: Slowking\n|-damage|p2a: Slowking|0 fnt\n|faint|p2a: Slowking\n|-ability|p1a: Kartana|Beast Boost|boost\n|-boost|p1a: Kartana|atk|1\n|\n|upkeep\n|\n|t:|1700482006\n|switch|p2a: Ursaluna|Ursaluna, M|100\/100\n|-damage|p2a: Ursaluna|94\/100|[from] Stealth Rock\n|turn|22\n|\n|t:|1700482018\n|move|p1a: Kartana|Leaf Blade|p2a: Ursaluna\n|-supereffective|p2a: Ursaluna\n|-damage|p2a: Ursaluna|0 fnt\n|faint|p2a: Ursaluna\n|-ability|p1a: Kartana|Beast Boost|boost\n|-boost|p1a: Kartana|atk|1\n|\n|upkeep\n|\n|t:|1700482024\n|switch|p2a: Tapu Koko|Tapu Koko|16\/100\n|-damage|p2a: Tapu Koko|4\/100|[from] Stealth Rock\n|-fieldstart|move: Electric Terrain|[from] ability: Electric Surge|[of] p2a: Tapu Koko\n|turn|23\n|\n|t:|1700482030\n|move|p1a: Kartana|Leaf Blade|p2a: Tapu Koko\n|-crit|p2a: Tapu Koko\n|-damage|p2a: Tapu Koko|0 fnt\n|faint|p2a: Tapu Koko\n|-ability|p1a: Kartana|Beast Boost|boost\n|-boost|p1a: Kartana|atk|1\n|\n|upkeep\n|\n|t:|1700482034\n|switch|p2a: Dragonite|Dragonite, F|48\/100 par\n|-damage|p2a: Dragonite|23\/100 par|[from] Stealth Rock\n|turn|24\n|\n|t:|1700482036\n|move|p1a: Kartana|Leaf Blade|p2a: Dragonite\n|-resisted|p2a: Dragonite\n|-damage|p2a: Dragonite|0 fnt\n|faint|p2a: Dragonite\n|\n|win|littleht6666\n|raw|littleht6666's rating: 1696 &rarr; <strong>1725<\/strong><br \/>(+29 for winning)\n|raw|baigu2's rating: 1855 &rarr; <strong>1826<\/strong><br \/>(-29 for losing)\n","uploadtime":1700482040,"views":1,"p1id":"littleht6666","p2id":"baigu2","formatid":"gen9nationaldex","rating":1725,"private":0,"password":""}