{"id":"gen9nationaldex-1996589825","p1":"Munkulus","p2":"Onlymanever","format":"[Gen 9] National Dex","log":"|html|<div class=\"broadcast-blue\"><strong>[Gen 9] National Dex is currently suspecting Sneasler! For information on how to participate check out the <a href=\"https:\/\/www.smogon.com\/forums\/threads\/sv-national-dex-suspect-8-just-dance.3731534\/\">suspect thread<\/a>.<\/strong><\/div>\n|j|\u2606Munkulus\n|j|\u203dOnlymanever\n|t:|1700697804\n|gametype|singles\n|player|p1|Munkulus|170|1071\n|player|p2|Onlymanever|lyra|1092\n|teamsize|p1|6\n|teamsize|p2|6\n|gen|9\n|tier|[Gen 9] National Dex\n|rated|\n|rule|HP Percentage Mod: HP is shown in percentages\n|rule|Endless Battle Clause: Forcing endless battles is banned\n|rule|OHKO Clause: OHKO moves are banned\n|rule|Evasion Clause: Evasion abilities, items, and moves are banned\n|rule|Evasion Abilities Clause: Evasion abilities are banned\n|rule|Evasion Items Clause: Evasion items are banned\n|rule|Evasion Moves Clause: Evasion moves are banned\n|rule|Species Clause: Limit one of each Pok\u00e9mon\n|rule|Sleep Clause Mod: Limit one foe put to sleep\n|clearpoke\n|poke|p1|Whimsicott, F|\n|poke|p1|Trevenant, M|\n|poke|p1|Venusaur, M|\n|poke|p1|Ludicolo, F|\n|poke|p1|Kartana|\n|poke|p1|Lurantis, M|\n|poke|p2|Inteleon, F|\n|poke|p2|Gallade, M|\n|poke|p2|Arcanine, M|\n|poke|p2|Staraptor, F|\n|poke|p2|Mr. Mime, M|\n|poke|p2|Electivire, M|\n|teampreview\n|inactive|Battle timer is ON: inactive players will automatically lose when time's up. (requested by Onlymanever)\n|\n|t:|1700697820\n|start\n|switch|p1a: Harold|Whimsicott, F, shiny|100\/100\n|switch|p2a: Inteleon|Inteleon, F|100\/100\n|turn|1\n|\n|t:|1700697831\n|-terastallize|p2a: Inteleon|Ice\n|move|p1a: Harold|Tailwind|p1a: Harold\n|-sidestart|p1: Munkulus|move: Tailwind\n|move|p2a: Inteleon|Ice Beam|p1a: Harold\n|-supereffective|p1a: Harold\n|-damage|p1a: Harold|0 fnt\n|faint|p1a: Harold\n|\n|upkeep\n|\n|t:|1700697842\n|switch|p1a: Greg|Lurantis, M, shiny|100\/100\n|turn|2\n|\n|t:|1700697857\n|switch|p2a: Mr. Mime|Mr. Mime, M|100\/100\n|-terastallize|p1a: Greg|Water\n|move|p1a: Greg|Superpower|p2a: Mr. Mime\n|-resisted|p2a: Mr. Mime\n|-damage|p2a: Mr. Mime|85\/100\n|-boost|p1a: Greg|atk|1\n|-boost|p1a: Greg|def|1\n|\n|-heal|p2a: Mr. Mime|91\/100|[from] item: Leftovers\n|upkeep\n|turn|3\n|\n|t:|1700697886\n|move|p1a: Greg|Superpower|p2a: Mr. Mime\n|-resisted|p2a: Mr. Mime\n|-damage|p2a: Mr. Mime|70\/100\n|-boost|p1a: Greg|atk|1\n|-boost|p1a: Greg|def|1\n|move|p2a: Mr. Mime|Encore|p1a: Greg\n|-start|p1a: Greg|Encore\n|\n|-heal|p2a: Mr. Mime|76\/100|[from] item: Leftovers\n|upkeep\n|turn|4\n|\n|t:|1700697897\n|move|p1a: Greg|Superpower|p2a: Mr. Mime\n|-resisted|p2a: Mr. Mime\n|-damage|p2a: Mr. Mime|45\/100\n|-boost|p1a: Greg|atk|1\n|-boost|p1a: Greg|def|1\n|move|p2a: Mr. Mime|Calm Mind|p2a: Mr. Mime\n|-boost|p2a: Mr. Mime|spa|1\n|-boost|p2a: Mr. Mime|spd|1\n|\n|-heal|p2a: Mr. Mime|51\/100|[from] item: Leftovers\n|-sideend|p1: Munkulus|move: Tailwind\n|upkeep\n|turn|5\n|\n|t:|1700697908\n|move|p2a: Mr. Mime|Psychic|p1a: Greg\n|-crit|p1a: Greg\n|-damage|p1a: Greg|0 fnt\n|faint|p1a: Greg\n|\n|-heal|p2a: Mr. Mime|57\/100|[from] item: Leftovers\n|upkeep\n|\n|t:|1700697916\n|switch|p1a: Jeremy|Trevenant, M|100\/100\n|turn|6\n|\n|t:|1700697932\n|move|p2a: Mr. Mime|Psychic|p1a: Jeremy\n|-damage|p1a: Jeremy|33\/100\n|-enditem|p1a: Jeremy|Sitrus Berry|[eat]\n|-heal|p1a: Jeremy|58\/100|[from] item: Sitrus Berry\n|move|p1a: Jeremy|Shadow Claw|p2a: Mr. Mime\n|-supereffective|p2a: Mr. Mime\n|-damage|p2a: Mr. Mime|0 fnt\n|faint|p2a: Mr. Mime\n|\n|upkeep\n|\n|t:|1700697942\n|switch|p2a: Arcanine|Arcanine, M|100\/100\n|turn|7\n|\n|t:|1700697949\n|switch|p1a: Fred|Ludicolo, F|100\/100\n|move|p2a: Arcanine|Flare Blitz|p1a: Fred\n|-damage|p1a: Fred|40\/100\n|-status|p1a: Fred|brn\n|-damage|p2a: Arcanine|82\/100|[from] Recoil\n|\n|-heal|p2a: Arcanine|88\/100|[from] item: Leftovers\n|-damage|p1a: Fred|34\/100 brn|[from] brn\n|upkeep\n|turn|8\n|\n|t:|1700697961\n|move|p2a: Arcanine|Flare Blitz|p1a: Fred\n|-damage|p1a: Fred|0 fnt\n|faint|p1a: Fred\n|-damage|p2a: Arcanine|78\/100|[from] Recoil\n|\n|-heal|p2a: Arcanine|84\/100|[from] item: Leftovers\n|upkeep\n|\n|t:|1700697968\n|switch|p1a: Timmy|Venusaur, M|100\/100\n|turn|9\n|\n|t:|1700697977\n|detailschange|p1a: Timmy|Venusaur-Mega, M\n|-mega|p1a: Timmy|Venusaur|Venusaurite\n|move|p2a: Arcanine|Flare Blitz|p1a: Timmy\n|-supereffective|p1a: Timmy\n|-damage|p1a: Timmy|53\/100\n|-damage|p2a: Arcanine|69\/100|[from] Recoil\n|move|p1a: Timmy|Sludge Bomb|p2a: Arcanine\n|-damage|p2a: Arcanine|25\/100\n|-status|p2a: Arcanine|psn\n|\n|-heal|p2a: Arcanine|31\/100 psn|[from] item: Leftovers\n|-damage|p2a: Arcanine|19\/100 psn|[from] psn\n|upkeep\n|turn|10\n|\n|t:|1700697996\n|move|p2a: Arcanine|Flare Blitz|p1a: Timmy\n|-supereffective|p1a: Timmy\n|-damage|p1a: Timmy|6\/100\n|-damage|p2a: Arcanine|5\/100 psn|[from] Recoil\n|move|p1a: Timmy|Sludge Bomb|p2a: Arcanine\n|-damage|p2a: Arcanine|0 fnt\n|faint|p2a: Arcanine\n|\n|upkeep\n|inactive|Onlymanever has 120 seconds left.\n|\n|t:|1700698035\n|switch|p2a: Gallade|Gallade, M|100\/100\n|turn|11\n|\n|t:|1700698039\n|move|p2a: Gallade|Shadow Sneak|p1a: Timmy\n|-damage|p1a: Timmy|0 fnt\n|faint|p1a: Timmy\n|\n|upkeep\n|\n|t:|1700698047\n|switch|p1a: Eugene|Kartana|100\/100\n|turn|12\n|\n|t:|1700698051\n|move|p1a: Eugene|Smart Strike|p2a: Gallade\n|-damage|p2a: Gallade|42\/100\n|move|p2a: Gallade|Close Combat|p1a: Eugene\n|-supereffective|p1a: Eugene\n|-damage|p1a: Eugene|0 fnt\n|-unboost|p2a: Gallade|def|1\n|-unboost|p2a: Gallade|spd|1\n|faint|p1a: Eugene\n|\n|-heal|p2a: Gallade|48\/100|[from] item: Leftovers\n|upkeep\n|\n|t:|1700698062\n|switch|p1a: Jeremy|Trevenant, M|58\/100\n|turn|13\n|\n|t:|1700698074\n|move|p2a: Gallade|Shadow Sneak|p1a: Jeremy\n|-supereffective|p1a: Jeremy\n|-damage|p1a: Jeremy|27\/100\n|move|p1a: Jeremy|Horn Leech|p2a: Gallade\n|-damage|p2a: Gallade|0 fnt\n|-heal|p1a: Jeremy|45\/100|[from] drain|[of] p2a: Gallade\n|faint|p2a: Gallade\n|\n|-item|p1a: Jeremy|Sitrus Berry|[from] ability: Harvest\n|upkeep\n|-enditem|p1a: Jeremy|Sitrus Berry|[eat]\n|-heal|p1a: Jeremy|70\/100|[from] item: Sitrus Berry\n|\n|t:|1700698088\n|switch|p2a: Staraptor|Staraptor, F|100\/100\n|turn|14\n|\n|t:|1700698094\n|move|p2a: Staraptor|Brave Bird|p1a: Jeremy\n|-supereffective|p1a: Jeremy\n|-damage|p1a: Jeremy|0 fnt\n|faint|p1a: Jeremy\n|-damage|p2a: Staraptor|73\/100|[from] Recoil\n|\n|win|Onlymanever\n|raw|Munkulus's rating: 1071 &rarr; <strong>1052<\/strong><br \/>(-19 for losing)\n|raw|Onlymanever's rating: 1092 &rarr; <strong>1117<\/strong><br \/>(+25 for winning)\n|l|\u2606Munkulus\n","uploadtime":1700698104,"views":2,"p1id":"munkulus","p2id":"onlymanever","formatid":"gen9nationaldex","rating":1052,"private":0,"password":""}